code,internal_code,name,manufacturer_name,manufacture_country,manufacturer_item_description,unit_qty,quantity,unit_of_measure,weighted,qty_in_package,price,unit_of_measure_price,allow_discount,status,item_id
12,true,עגבניות,,,עגבניות,קילוגרמים,1.00,"ק""ג",true,,7.90,7.9000,true,1,2534
13,true,עגבניות שרי אשכול,,,עגבניות שרי אשכול,קילוגרמים,1.00,"ק""ג",true,,15.90,15.9000,true,1,2679
16,true,עגבניות שרי לובלו,,,עגבניות שרי וורוד,קילוגרמים,1.00,"ק""ג",true,,21.90,21.9000,true,1,26410
17,true,עגבניה מגי,,,עגבניה מגי,קילוגרמים,1.00,"ק""ג",true,,15.90,15.9000,true,1,11941
19,true,עגבניה שרי מנומר,,,עגבניה שרי מנומר,קילוגרמים,1.00,"ק""ג",true,,21.90,21.9000,true,1,9085
20,true,מלפפון,,,מלפפון,קילוגרמים,1.00,"ק""ג",true,,7.90,7.9000,true,1,2536
21,true,עגבניות שרי צהוב,,,עגבניות שרי צהוב,קילוגרמים,1.00,"ק""ג",true,,21.90,21.9000,true,1,15899
31,true,גזר ארוז,,,גזר ארוז,קילוגרמים,1.00,"ק""ג",true,,4.90,4.9000,true,1,2537
40,true,סלק,,,סלק,קילוגרמים,1.00,"ק""ג",true,,5.90,5.9000,true,1,2538
46,true,גזר בתפזורת,,,גזר בתפזורת,קילוגרמים,1.00,"ק""ג",true,,6.90,6.9000,true,1,4163
50,true,כרוב לבן,,,כרוב לבן,קילוגרמים,1.00,"ק""ג",true,,4.90,4.9000,true,1,2539
51,true,כרוב אדום,,,כרוב אדום,קילוגרמים,1.00,"ק""ג",true,,5.90,5.9000,true,1,2540
61,true,פטריות שמפיניון,,,פטריות שמפיניון,קילוגרמים,1.00,"ק""ג",true,,41.90,41.9000,true,1,2290
71,true,צנון,,,צנון,קילוגרמים,1.00,"ק""ג",true,,7.90,7.9000,true,1,2543
93,true,בצל יבש,,,בצל יבש,קילוגרמים,1.00,"ק""ג",true,,5.90,5.9000,true,1,2545
95,true,בצל אדום,,,בצל אדום,קילוגרמים,1.00,"ק""ג",true,,6.90,6.9000,true,1,2546
105,true,זנגויל גינגר טרי,,,זנגויל טרי,קילוגרמים,1.00,"ק""ג",true,,25.00,25.0000,true,1,2548
110,true,בטטה מתוקה,,,בטטה מתוקה,קילוגרמים,1.00,"ק""ג",true,,8.90,8.9000,true,1,2549
131,true,דלורית,,,דלורית,קילוגרמים,1.00,"ק""ג",true,,7.90,7.9000,true,1,2550
141,true,חציל,,,חציל,קילוגרמים,1.00,"ק""ג",true,,5.90,5.9000,true,1,2551
151,true,פלפל ירוק כהה,,,פלפל ירוק כהה,קילוגרמים,1.00,"ק""ג",true,,8.90,8.9000,true,1,2552
152,true,פלפל ירוק חריף,,,פלפל ירוק חריף,קילוגרמים,1.00,"ק""ג",true,,7.90,7.9000,true,1,2553
153,true,פלפל אדום,,,פלפל אדום,קילוגרמים,1.00,"ק""ג",true,,9.90,9.9000,true,1,2554
154,true,פלפל צהוב,,,פלפל צהוב,קילוגרמים,1.00,"ק""ג",true,,9.90,9.9000,true,1,2555
156,true,פלפל כתום,,,פלפל כתום,קילוגרמים,1.00,"ק""ג",true,,9.90,9.9000,true,1,2556
157,true,פלפל שושקה,,,פלפל שושקה,קילוגרמים,1.00,"ק""ג",true,,14.90,14.9000,true,1,2557
160,true,לפת,,,לפת,קילוגרמים,1.00,"ק""ג",true,,6.90,6.9000,true,1,24757
161,true,פלפל בהיר,,,פלפל בהיר,קילוגרמים,1.00,"ק""ג",true,,8.90,8.9000,true,1,2558
169,true,דלעת ערמונים,,,דלעת ערמונים,קילוגרמים,1.00,"ק""ג",true,,15.90,15.9000,true,1,3639
170,true,קולורבי,,,קולורבי,קילוגרמים,1.00,"ק""ג",true,,7.90,7.9000,true,1,2559
180,true,קישואים,,,קישואים,קילוגרמים,1.00,"ק""ג",true,,6.90,6.9000,true,1,2269
185,true,קישוא זוקיני,,,קישוא זוקיני ירוק,קילוגרמים,1.00,"ק""ג",true,,12.90,12.9000,true,1,2560
200,true,תירס ארוז,,,תירס ארוז,קילוגרמים,1.00,"ק""ג",true,,8.90,8.9000,true,1,2563
221,true,ארטישוק,,,ארטישוק,קילוגרמים,1.00,"ק""ג",true,,17.90,17.9000,true,1,2566
265,true,פלפל רומרו,,,פלפל רומרו,קילוגרמים,1.00,"ק""ג",true,,14.90,14.9000,true,1,2570
279,true,שום יבש יחידה,,,שום יבש יחידה,Unknown,0.00,Unknown,false,1,6.90,0.0000,true,1,2454
288,true,תפוא אדום ארוז,,,תפוא אדום ארוז,קילוגרמים,1.00,"ק""ג",true,,6.90,6.9000,true,1,2572
290,true,תפוא לבן ארוז,,,תפוא לבן ארוז,קילוגרמים,1.00,"ק""ג",true,,6.90,6.9000,true,1,2266
291,true,תפוח אדמה קטן לאפיה,,,תפוח אדמה קטן לאפיה,קילוגרמים,1.00,"ק""ג",true,,4.90,4.9000,true,1,2574
292,true,בטטה קסביה,,,בטטה קסביה,קילוגרמים,1.00,"ק""ג",true,,16.90,16.9000,true,1,2573
294,true,תפוא לבן בתפזורת,,,תפוא לבן בתפזורת,קילוגרמים,1.00,"ק""ג",true,,7.90,7.9000,true,1,2755
296,true,תפוא אדום בתפזורת,,,תפוא אדום בתפזורת,קילוגרמים,1.00,"ק""ג",true,,7.90,7.9000,true,1,2756
307,true,שומר,,,שומר,קילוגרמים,1.00,"ק""ג",true,,6.90,6.9000,true,1,23817
310,true,מלון,,,מלון,קילוגרמים,1.00,"ק""ג",true,,6.90,6.9000,true,1,2575
325,true,תות שדה קופסא גדולה,,,תות שדה קופסא גדולה,Unknown,0.00,Unknown,false,1,29.90,0.0000,true,1,39197
340,true,פטרוזיליה,,,פטרוזיליה,Unknown,0.00,Unknown,false,1,4.00,0.0000,true,1,2579
341,true,שמיר,,,שמיר,Unknown,0.00,Unknown,false,1,4.00,0.0000,true,1,2580
342,true,נענע,,,נענע,Unknown,0.00,Unknown,false,1,4.00,0.0000,true,1,2581
343,true,כוסברה,,,כוסברה,Unknown,0.00,Unknown,false,1,4.00,0.0000,true,1,2582
344,true,שורש פטרוזיליה,,,שורש פטרוזיליה,Unknown,0.00,Unknown,false,1,5.90,0.0000,true,1,2583
374,true,פטריות שמפניון ארוז,,,פטריות שמפניון ארוז 250 ג,Unknown,0.00,Unknown,false,1,9.90,0.0000,true,1,3740
427,true,פטריות פורטובלה,,,פטריות פורטובלה,קילוגרמים,1.00,"ק""ג",true,,41.90,41.9000,true,1,2587
500,true,תפוז,,,תפוז,קילוגרמים,1.00,"ק""ג",true,,6.90,6.9000,true,1,2588
504,true,תפוז למיץ ברשת,,,תפוז למיץ ברשת,קילוגרמים,1.00,"ק""ג",true,,5.90,5.9000,true,1,2590
513,true,קלמנטינות,,,קלמנטינות,קילוגרמים,1.00,"ק""ג",true,,7.90,7.9000,true,1,23749
520,true,אשכוליות,,,אשכוליות,קילוגרמים,1.00,"ק""ג",true,,6.90,6.9000,true,1,2592
525,true,פומלית,,,פומלית,קילוגרמים,1.00,"ק""ג",true,,5.90,5.9000,true,1,23858
530,true,לימון,,,לימון,קילוגרמים,1.00,"ק""ג",true,,8.90,8.9000,true,1,2593
540,true,בננות,,,בננות,קילוגרמים,1.00,"ק""ג",true,,6.90,6.9000,true,1,2594
546,true,קוקוס יחידה,,,קוקוס יחידה,Unknown,0.00,Unknown,false,1,5.90,0.0000,true,1,2857
550,true,ערמונים,,,ערמונים,קילוגרמים,1.00,"ק""ג",true,,19.90,19.9000,true,1,2858
561,true,אבוקדו,,,אבוקדו,קילוגרמים,1.00,"ק""ג",true,,14.90,14.9000,true,1,2595
565,true,אבוקדו ברשת,,,אבוקדו ברשת,קילוגרמים,1.00,"ק""ג",true,,8.90,8.9000,true,1,23967
570,true,רימון,,,רימון,קילוגרמים,1.00,"ק""ג",true,,12.90,12.9000,true,1,2596
573,true,פומלה,,,פומלה,קילוגרמים,1.00,"ק""ג",true,,8.90,8.9000,true,1,2475
603,true,אגס,,,אגס,קילוגרמים,1.00,"ק""ג",true,,15.90,15.9000,true,1,2265
683,true,אפרסמון קרמבו,,,אפרסמון קרמבו,קילוגרמים,1.00,"ק""ג",true,,15.90,15.9000,true,1,10955
687,true,פפיה,,,פפיה,קילוגרמים,1.00,"ק""ג",true,,19.90,19.9000,true,1,2608
691,true,תפוח עץ סמיט,,,תפוח עץ סמיט,קילוגרמים,1.00,"ק""ג",true,,10.90,10.9000,true,1,2609
695,true,אננס,,,אננס,קילוגרמים,1.00,"ק""ג",true,,35.00,35.0000,true,1,4364
756,true,תפוח עץ קריספ פינק,,,תפוח עץ קריספ פינק,קילוגרמים,1.00,"ק""ג",true,,14.90,14.9000,true,1,1008
777,true,תפוח עץ מוזהב,,,תפוח עץ מוזהב,קילוגרמים,1.00,"ק""ג",true,,10.90,10.9000,true,1,2620
779,true,תפוח עץ חרמון,,,תפוח עץ חרמון,קילוגרמים,1.00,"ק""ג",true,,10.90,10.9000,true,1,2610
785,true,תפוח עץ גאלה,,,תפוח עץ גאלה,קילוגרמים,1.00,"ק""ג",true,,12.90,12.9000,true,1,2611
851,true,שזיף אדום,,,שזיף אדום,קילוגרמים,1.00,"ק""ג",true,,16.90,16.9000,true,1,2616
862,true,לימון סיני,,,לימון ננסי סיני,קילוגרמים,1.00,"ק""ג",true,,10.90,10.9000,true,1,25034
1020,true,דמי פקדון 1.20 שח רב,,,דמי פקדון 1.20 שח רביעיה,Unknown,0.00,Unknown,false,1,1.20,0.0000,true,1,1885
1104,true,פטריות פורטובלה יח,,,פטריות פורטובלה יח,Unknown,0.00,Unknown,false,1,11.90,0.0000,true,1,425
1648,true,ניילון נצמד מעדנייה,,,ניילון נצמד מעדנייה רוחב 450 ממ 6 קג,Unknown,0.00,Unknown,false,1,110.00,0.0000,true,1,23386
3337,true,זית ממולא כל הסוגים,,,זית ממולא כל הסוגים במשקל,קילוגרמים,1.00,"ק""ג",true,,59.00,59.0000,true,1,6362
4648,true,קשיו מקורמל,,,קשיו מקורמל,קילוגרמים,1.00,"ק""ג",true,,100.00,100.0000,true,1,24758
4976,true,מארז 4 יח סופגניה מי,,,מארז 4 יח סופגניה מיני,Unknown,0.00,Unknown,false,,13.90,0.0000,true,1,24763
5355,true,עוגת שטרודל בטעמים,,,עוגת שטרודל בטעמים,Unknown,0.00,Unknown,false,1,34.90,0.0000,true,1,283
5362,true,תבלינים/תערובות ב85ש,,,כרוכית בצק עלים בטעמים,קילוגרמים,1.00,"ק""ג",true,,85.00,85.0000,true,1,28082
5539,true,תבלינים/תערובות ב50ש,,,חלבה פיסטוק ללא סוכר במשקל,קילוגרמים,1.00,"ק""ג",true,,50.00,50.0000,true,1,28084
5997,true,צנובר בינוני,,,צנובר בינוני,קילוגרמים,1.00,"ק""ג",true,,169.00,169.0000,true,1,18651
6017,true,קוקוס טבעי,,,קוקוס טבעי,קילוגרמים,1.00,"ק""ג",true,,100.00,100.0000,true,1,19990
6062,true,עוגת קראנץ בטעמים יח,בונז'ור,,עוגת קראנץ בטעמים יח,Unknown,0.00,Unknown,false,1,25.90,0.0000,true,1,14829
6079,true,פרג במשקל,בונז'ור,,פרג במשקל,קילוגרמים,1.00,"ק""ג",true,,55.00,55.0000,true,1,14767
6222,true,סופגניה מיני,בונז'ור,,סופגניה מיני,Unknown,0.00,Unknown,false,1,3.00,0.0000,true,1,6365
6246,true,מארז 3 יח פיתה פרנה,בונז'ור,,לחמנית המבורגר מיני10 יח,Unknown,0.00,Unknown,false,1,14.90,0.0000,true,1,27031
6468,true,לחמי מחמצת בונזור,בונז'ור,,לחם מחמצת,Unknown,0.00,Unknown,false,1,17.90,0.0000,true,1,13043
6895,true,סופגניה מיני,בונז'ור,,בייגלה מיוחד,Unknown,0.00,Unknown,false,1,4.00,0.0000,true,1,6019
9933,true,עלי גפן ממולאים,,,פילה סלמון,קילוגרמים,1.00,"ק""ג",true,,55.00,55.0000,true,1,38225
119108,true,מאטיאס הולנדי שמאלץ,,,מאטיאס הולנדי שמאלץ במשקל,קילוגרמים,1.00,"ק""ג",true,,45.00,45.0000,true,1,19280
900032,true,פילה אנטיאס טרי,,,פילה אנטיאס טרי,קילוגרמים,1.00,"ק""ג",true,,250.00,250.0000,true,1,2062
900223,true,ראשים ועצמות,,,ראשים ועצמות,קילוגרמים,1.00,"ק""ג",true,,13.90,13.9000,true,1,2067
900285,true,לוקוס פרוס טרי,,,לוקוס פרוס במשקל,קילוגרמים,1.00,"ק""ג",true,,190.00,190.0000,true,1,2068
900926,true,פילה סלמון פרימיום ט,,,פילה סלמון טרי נורווגי,קילוגרמים,1.00,"ק""ג",true,,125.00,125.0000,true,1,2080
901503,true,אוסובוקו עגל טרי עם,,,אוסובוקו עגל טרי עם עצם,קילוגרמים,1.00,"ק""ג",true,,59.90,59.9000,true,1,2163
901534,true,צך עגל טרי,,,צך עגל טרי,קילוגרמים,1.00,"ק""ג",true,,79.90,79.9000,true,1,2165
901558,true,סינטה עגל טרי,,,סינטה עגל טרי,קילוגרמים,1.00,"ק""ג",true,,110.00,110.0000,true,1,2170
901565,true,אווזית טרי,,,אווזית טרי,קילוגרמים,1.00,"ק""ג",true,,79.90,79.9000,true,1,2167
901640,true,זנב עגל טרי,,,זנב עגל טרי,קילוגרמים,1.00,"ק""ג",true,,45.00,45.0000,true,1,2372
901961,true,שישלק טלה טרי,,,שישלק כבש טרי,קילוגרמים,1.00,"ק""ג",true,,150.00,150.0000,true,1,2373
903545,true,גבינה צהובה 28% נעם,,,גבינה צהובה 28% נעם במשקל***,קילוגרמים,1.00,"ק""ג",true,,44.79,44.7900,true,1,2395
903583,true,גבינת גאודה עיזים במ,הנרי בליך,,גבינת גאודה עיזים במשקל הולנד,קילוגרמים,1.00,"ק""ג",true,,149.00,149.0000,true,1,2907
903774,true,גבינת עיזים קברה יין,,,גבינת עיזים קברה יין במשקל,קילוגרמים,1.00,"ק""ג",true,,189.00,189.0000,true,1,3012
904115,true,גבינת מלוסין עיזים ב,מלוסין,,גבינת מלוסין עיזים במשקל,קילוגרמים,1.00,"ק""ג",true,,145.00,145.0000,true,1,2274
905280,true,דג הרינג כבוש עם בצל,,,דג הרינג כבוש עם בצל במשקל,קילוגרמים,1.00,"ק""ג",true,,64.90,64.9000,true,1,37666
906980,true,חבילת שי מגש עץ אובל,,,חבילת שי מגש עץ אובלי,Unknown,0.00,Unknown,false,1,130.00,0.0000,true,1,29495
910000,true,עוף טרי שלם,,,עוף טרי שלם,קילוגרמים,1.00,"ק""ג",true,,19.90,19.9000,true,1,2806
910017,true,עוף טרי מפורק,,,עוף טרי מפורק,קילוגרמים,1.00,"ק""ג",true,,20.90,20.9000,true,1,2807
910031,true,חזה עוף טרי שלם,,,חזה עוף טרי שלם,קילוגרמים,1.00,"ק""ג",true,,36.90,36.9000,true,1,2808
910062,true,בשר עוף טחון טרי,,,בשר עוף טחון טרי,קילוגרמים,1.00,"ק""ג",true,,36.90,36.9000,true,1,2810
910079,true,שניצל עוף טרי,,,שניצל עוף פרוס טרי,קילוגרמים,1.00,"ק""ג",true,,38.90,38.9000,true,1,2811
910093,true,כרעיים עוף טרי,,,כרעיים עוף טרי,קילוגרמים,1.00,"ק""ג",true,,28.90,28.9000,true,1,2812
910116,true,ירך עוף טרי,,,ירך עוף טרי,קילוגרמים,1.00,"ק""ג",true,,28.90,28.9000,true,1,2813
910130,true,שוקיים עוף טרי,,,שוקיים עוף טרי,קילוגרמים,1.00,"ק""ג",true,,32.90,32.9000,true,1,2815
910154,true,כנפיים עוף טרי.,,,כנפיים עוף טרי,קילוגרמים,1.00,"ק""ג",true,,9.90,9.9000,true,1,2816
910178,true,לבבות עוף טרי,,,לבבות עוף טרי,קילוגרמים,1.00,"ק""ג",true,,29.90,29.9000,true,1,2817
910192,true,כבד עוף טרי,,,כבד עוף טרי,קילוגרמים,1.00,"ק""ג",true,,19.90,19.9000,true,1,2819
910208,true,פרגיות עוף טרי,,,פרגיות עוף טרי,קילוגרמים,1.00,"ק""ג",true,,64.90,64.9000,true,1,2820
910215,true,פרגיות עוף משופד,,,פרגיות עוף משופד,קילוגרמים,1.00,"ק""ג",true,,67.90,67.9000,true,1,2821
910246,true,קורקבן עוף טרי,,,קורקבן עוף טרי,קילוגרמים,1.00,"ק""ג",true,,10.00,10.0000,true,1,2822
910253,true,גרון עוף טרי,,,גרון עוף טרי,קילוגרמים,1.00,"ק""ג",true,,9.90,9.9000,true,1,2823
910260,true,הודו שלם נקבה,,,הודו שלם נקבה,קילוגרמים,1.00,"ק""ג",true,,25.00,25.0000,true,1,2824
910277,true,חזה הודו טרי,,,חזה הודו טרי,קילוגרמים,1.00,"ק""ג",true,,34.90,34.9000,true,1,2825
910321,true,שוקיים הודו טרי,,,שוקיים הודו טרי,קילוגרמים,1.00,"ק""ג",true,,29.90,29.9000,true,1,2829
910338,true,שוק הודו מפורק טרי,,,שוק הודו מפורק טרי,קילוגרמים,1.00,"ק""ג",true,,52.90,52.9000,true,1,2830
910345,true,בשר הודו אדום טחון,,,בשר הודו אדום טחון,קילוגרמים,1.00,"ק""ג",true,,52.90,52.9000,true,1,2831
910369,true,כנפיים הודו טרי,,,כנפיים הודו טרי,קילוגרמים,1.00,"ק""ג",true,,12.90,12.9000,true,1,2833
910390,true,גרון הודו טרי,,,גרון הודו טרי,קילוגרמים,1.00,"ק""ג",true,,29.90,29.9000,true,1,2835
910406,true,בשר בקר טחון טרי,,,בשר בקר טחון טרי,קילוגרמים,1.00,"ק""ג",true,,59.90,59.9000,true,1,2836
910420,true,שווארמה הודו טרי,,,שווארמה הודו טרי,קילוגרמים,1.00,"ק""ג",true,,69.90,69.9000,true,1,2837
910444,true,חזה הודו טחון טרי,,,בשר הודו לבן טחון טרי,קילוגרמים,1.00,"ק""ג",true,,34.90,34.9000,true,1,2838
910468,true,קבב,,,קבב,קילוגרמים,1.00,"ק""ג",true,,75.00,75.0000,true,1,2840
911007,true,רצועות עוף סיני,,,רצועות עוף סיני,קילוגרמים,1.00,"ק""ג",true,,39.90,39.9000,true,1,3383
911014,true,פילה עוף טרי,,,פילה עוף טרי,קילוגרמים,1.00,"ק""ג",true,,38.90,38.9000,true,1,3384
911069,true,צלי כתף עגל טרי,,,צלי כתף עגל טרי,קילוגרמים,1.00,"ק""ג",true,,90.00,90.0000,true,1,3385
911076,true,סטייק הודו עם עצם טר,,,סטייק הודו עם עצם טרי,קילוגרמים,1.00,"ק""ג",true,,34.90,34.9000,true,1,3386
911243,true,שניצל פרימיום דק דק,,,שניצל עוף דק דק טרי,קילוגרמים,1.00,"ק""ג",true,,42.90,42.9000,true,1,3763
911519,true,שניצל עגל טרי,,,שניצל עגל טרי,קילוגרמים,1.00,"ק""ג",true,,95.00,95.0000,true,1,3389
911540,true,בשר עגל טרי,,,בשר עגל טרי,קילוגרמים,1.00,"ק""ג",true,,79.90,79.9000,true,1,3391
911557,true,סטייק אנטריקוט עגל ט,,,סטייק אנטריקוט עגל טרי,קילוגרמים,1.00,"ק""ג",true,,150.00,150.0000,true,1,3392
911595,true,כף עגל טרי,,,כף עגל טרי,קילוגרמים,1.00,"ק""ג",true,,79.90,79.9000,true,1,3395
911694,true,צלעות טלה טרי,,,צלעות כבש טרי,קילוגרמים,1.00,"ק""ג",true,,180.00,180.0000,true,1,3399
911700,true,כתף טלה טרי עם עצם,,,כתף כבש טרי,קילוגרמים,1.00,"ק""ג",true,,99.90,99.9000,true,1,3400
911748,true,גבינת צדר במשקל,שווינגטון,,גבינת צדר במשקל,קילוגרמים,1.00,"ק""ג",true,,99.00,99.0000,true,1,4224
911809,true,שריר עגל טרי,,,שריר עגל טרי,קילוגרמים,1.00,"ק""ג",true,,79.90,79.9000,true,1,3457
911823,true,כתף עגל טרי,,,כתף עגל טרי,קילוגרמים,1.00,"ק""ג",true,,79.90,79.9000,true,1,3491
911847,true,אסאדו עגל טרי,,,אסאדו עגל טרי,קילוגרמים,1.00,"ק""ג",true,,69.90,69.9000,true,1,3492
920047,true,גבינה צהובה נעם 22%,,,גבינה צהובה נעם 22% במשקל***,קילוגרמים,1.00,"ק""ג",true,,42.58,42.5800,true,1,3406
925127,true,גבינת סטילטון במשקל,וואקפום,,גבינת סטילטון במשקל,קילוגרמים,1.00,"ק""ג",true,,189.00,189.0000,true,1,2951
930183,true,צוואר טלה טרי,,,צוואר כבש טרי,קילוגרמים,1.00,"ק""ג",true,,90.00,90.0000,true,1,3416
930220,true,צלעות/ צוואר עגל טרי,,,צלעות/ צוואר עגל טרי,קילוגרמים,1.00,"ק""ג",true,,85.00,85.0000,true,1,3417
930282,true,לשון עגל טרי,,,לשון עגל טרי,קילוגרמים,1.00,"ק""ג",true,,60.00,60.0000,true,1,3864
960425,true,גבינה צהובה נעם 9% ב,,,גבינה צהובה נעם 9% במשקל,קילוגרמים,1.00,"ק""ג",true,,85.00,85.0000,true,1,3516
961118,true,גבינת פרמזאנו ריגאנו,,,גבינת פרמזאנו ריגאנו ריסטרטו,קילוגרמים,1.00,"ק""ג",true,,159.00,159.0000,true,1,3675
961200,true,גבינת ברי איל דפרנס,,,גבינת ברי איל דפרנס במשקל,קילוגרמים,1.00,"ק""ג",true,,159.00,159.0000,true,1,3680
970509,true,קרם ציז במשקל,אלוויר,,קרם ציז במשקל,קילוגרמים,1.00,"ק""ג",true,,75.00,75.0000,true,1,4164
975047,true,גבינת סנט אגור במשקל,בונגראן,,גבינת סנט אגור במשקל,קילוגרמים,1.00,"ק""ג",true,,199.00,199.0000,true,1,4515
978888,true,קיווי מיובש פרוס,,,קיווי מיובש פרוס,קילוגרמים,1.00,"ק""ג",true,,55.00,55.0000,true,1,3328
995410,true,נבטים סיניים,,,נבטים סיניים,Unknown,0.00,Unknown,false,1,7.00,0.0000,true,1,4916
999005,true,כבד עגל טרי,,,כבד עגל טרי,קילוגרמים,1.00,"ק""ג",true,,40.00,40.0000,true,1,2428
999951,true,בולגרית קלאסית 16% ב,,,בולגרית קלאסית 16% במשקל,קילוגרמים,1.00,"ק""ג",true,,55.00,55.0000,true,1,2091
2439530,true,סינטה בקר טרי אזול א,,,סינטה בקר טרי ארגנטיני,קילוגרמים,1.00,"ק""ג",true,,150.00,150.0000,true,1,39126
5678585,true,ענב טלי סקרלוטה אדום,,,ענב סקרלוטה,קילוגרמים,1.00,"ק""ג",true,,26.90,26.9000,true,1,20855
5736353,true,גבינת פרמזאנו ריגאנו,,,גבינת פרמזאנו ריגאנו ריסטרטו,קילוגרמים,1.00,"ק""ג",true,,159.00,159.0000,true,1,30667
8268455,true,קיווי בראשית ארוז בק,,,קיווי ארוז בקופסא,Unknown,0.00,Unknown,false,1,11.90,0.0000,true,1,33616
8403900,true,גבינת גאודה עגבניות,הנרי בליך,NL,גבינת גאודה עגבניות וזיתים במשקל,קילוגרמים,1.00,"ק""ג",true,,149.00,149.0000,false,1,31912
8403917,true,גבינת גאודה פסטו ירו,הנרי בליך,NL,גבינת גאודה פסטו ירוק במשקל,קילוגרמים,1.00,"ק""ג",true,,149.00,149.0000,false,1,31911
8403924,true,גבינת גאודה פסטו אדו,הנרי בליך,NL,גבינת גאודה פסטו אדום במשקל,קילוגרמים,1.00,"ק""ג",true,,149.00,149.0000,false,1,31910
8403931,true,גבינת גאודה כמון במש,הנרי בליך,NL,גבינת גאודה כמון במשקל,קילוגרמים,1.00,"ק""ג",true,,149.00,149.0000,false,1,31913
8940153,true,גבינת פילדלפיה במשקל,,,גבינת פילדלפיה במשקל קרם ציז,קילוגרמים,1.00,"ק""ג",true,,60.00,60.0000,true,1,47346
32147230,false,"מיץ לימון משומר 200מ""ל(לימונית אקסטרא)",ג'נרל מילס סאן אדריא,CH,מיץ לימון משומר 200 מל,מיליליטרים,200.00,"100 מ""ל",false,12,6.90,3.4500,true,1,6160
40099132,false,מסטיק הובה בובה Hubba Bubba בטעם תות,הובה בובה Hubba Bubba,DE,מסטיק הובה בובה צאנק תות 35 גר,Unknown,0.00,Unknown,false,1,3.00,0.0000,true,1,34179
40173351,false,"בירה מייסלס חיטה אורגינל 500 מ""ל",שטיגל,DE,בירה מייזל חיטה אורגינל 500מל בק. פקדון,מיליליטרים,500.00,"100 מ""ל",false,20,11.90,2.3800,true,1,35202
40173726,false,בירה מייסלס חיטה חזק,,DE,בירה מייסלס חיטה חזקה 750מל בק.פקדון,מיליליטרים,750.00,"100 מ""ל",false,6,35.00,4.6667,true,1,37620
40786179,false,בירה לוונבראו פחית 500 מל,Spaten,,בירה לוונבראו פחית 500 מל פקדון,מיליליטרים,500.00,"100 מ""ל",false,1,11.90,2.3800,true,1,9395
41001356,false,"בירה בקס פחית 500 מ""ל",יבואן ומשווק: ש. שסט,DE,בירה לבנה בקס פח 500 מל פקדון,מיליליטרים,500.00,"100 מ""ל",false,1,10.00,2.0000,true,1,2435
42182115,false,אורביט פייב ספירמינט 12 סטיקס 29 גר,ריגלי צרפת,FR,גמסטיק 5 בטעם מנטה עדינה 31 גר,Unknown,0.00,Unknown,false,1,6.90,0.0000,true,1,34174
42188889,false,אורביט פייב אבטיח 12 סטיקס 29 גר,ריגלי צרפת,FR,מסטיק 5 בטעם אבטיח 31 גר,Unknown,0.00,Unknown,false,1,6.90,0.0000,true,1,34176
42246640,false,"ניוואה - דאודורנט רול און לאישה פאודר טאצ' נשים 50 מ""ל",ביירסדורץ,DE,דאודורנט ניוואה רול און פאודר טאצ לאישה,Unknown,0.00,Unknown,false,1,15.90,0.0000,true,1,31066
42270447,false,בירה דולציס 12 ריגל,RIEGELE,,בירה דולציס 12 ריגל 660 מל פקדון,מיליליטרים,660.00,"100 מ""ל",false,1,34.90,5.2879,true,1,14332
42270461,false,"בירה ATOR קראפט 7.5% 660 מ""ל",RIEGELE,,בירה אתור 20 ריגל 660 מל פקדון,מיליליטרים,660.00,"100 מ""ל",false,1,34.90,5.2879,true,1,14330
42270478,false,"בירה NOCTUS קראפט 10% 660 מ""ל",RIEGELE,DE,בירה נוקטוס 100 ריגל 660 מל פקדון,מיליליטרים,660.00,"100 מ""ל",false,1,34.90,5.2879,true,1,14333
42299363,false,"ניוואה - דאודורנט רול און לגבר פרש פאוור 50 מ""ל",ביירסדורץ,DE,דאודורנט ניוואה רול און פרש אושן 50מל,Unknown,0.00,Unknown,false,1,15.90,0.0000,true,1,31521
50147311,false,חרדל קולמנס מקורי100,,GB,חרדל אנגלי קולמנס מקורי 100 גרם,גרמים,100.00,100 גרם,false,8,10.90,10.9000,true,1,39395
50157020,false,חרדל בדבש לחיץ היינץ 240 גרם,יוניליוור,GB,חרדל ודבש היינץ לחיץ 220 גרם,מיליליטרים,220.00,"100 מ""ל",false,12,18.90,8.5909,true,1,47431
50157471,false,רוטב בורגר היינץ 230 גרם,היינץ,GB,רוטב היינץ להמבורגר 230 גרם,גרמים,230.00,100 גרם,false,8,17.90,7.7826,true,1,38913
50184385,false,ממרח שמרים מרמייט125,יוניליוור,GB,ממרח שמרים מרמייט 150 ג,גרמים,125.00,100 גרם,false,24,25.00,20.0000,true,1,1577
50184453,false,מרמייט אנגלי מקורי 250 גרם,,GB,ממרח שמרים מרמייט 250 ג,גרמים,250.00,100 גרם,false,,39.90,15.9600,true,1,1578
50204830,false,אוטן פלוס תרסיס דוחה יתושים וחרקים,אוטן Autan,IL,אוטן אקטיב תרסיס ללא גז נגד יתושים 100 מ,מיליליטרים,10000.00,"100 מ""ל",false,1,19.90,0.1990,true,1,3953
50398904,false,"קרם חמצן6% בקבוק 60 מ""ל",גדעון קוסמטיקס,IL,קרם חמצן 6% אינדולה 60 מל,Unknown,0.00,Unknown,false,1,4.90,0.0000,true,1,13555
50398911,false,"קרם חמצן 9% בקבוק 60 מ""ל",אינדולה Indola,IL,קרם חמצן 9% אינדולה 60 מל,Unknown,0.00,Unknown,false,1,4.90,0.0000,true,1,13556
50409013,false,מלפפון חמוץ מסורתי 6,EMPIRE BESPOKE FOODS,GB,מלפפון חמוץ מסורתי 670 גר מר אלסווד,גרמים,670.00,100 גרם,false,1,23.00,3.4328,true,1,12250
50409020,false,"MRS ELSWOOD -מלפפונים חמוץ מתוק 670ג""ר",EMPIRE BESPOKE FOODS,GB,מלפפון חמוץ מתוק 670 גר מר אלסווד,גרמים,670.00,100 גרם,false,1,23.00,3.4328,true,1,12248
50409112,false,מלפפונים כידורים 670,EMPIRE BESPOKE FOODS,GB,מלפפון כידונים 670 גר מר אלסווד,גרמים,670.00,100 גרם,false,1,23.00,3.4328,true,1,12746
50409709,false,MRS ELSWOOD מלפפונים פרוסות לסנדוויץ,EMPIRE BESPOKE FOODS,NL,מלפפון פרוס לסנדוויץ670 גר מר אלסווד,גרמים,670.00,100 גרם,false,1,23.00,3.4328,true,1,14146
54051140,false,מעדן סויה טעם וניל אלפרו רביעיה * 125 ג',הנסיך- מפעל לייצור ט,BE,מעדן סויה אלפרו וניל 4 יח,מיליליטרים,600.00,"100 מ""ל",false,1,17.90,2.9833,true,1,5429
54051157,false,מעדן סויה טעם שוקו אלפרו רביעיה 125 ג',קריות זול,BE,מעדו סויה אלפרו שוקו 4 יח,מיליליטרים,600.00,"100 מ""ל",false,1,17.90,2.9833,true,1,5428
59013662,false,דאב דאו רולאון קקאו והיביסקוס 50 מל,"יוניליוור אנגליה, דרך קו",GB,דאודורנט דאב רול און קקאו 50מל,Unknown,0.00,Unknown,false,1,16.90,0.0000,true,1,36068
59016441,false,"רקסונה - דאודורנט רול און לאישה פרוט ספין 50 מ""ל","יוניליוור אנגליה, דרך קו",GB,דאודורנט רקסונה רול און פרוט ספין 50מל,Unknown,0.00,Unknown,false,6,19.90,0.0000,true,1,33888
59079774,false,"רקסונה - דאודורנט רול און לאישה אלוורה 50 מ""ל",יוניליוור,GB,דאודורנט רקסונה רול און אלוורה 50מל,Unknown,0.00,Unknown,false,6,19.90,0.0000,true,1,30708
59082637,false,"רקסונה - דאודורנט רולאון לגבר אקסטרא קול 50 מ""ל",יוניליוור פיליפינים,GB,דאודאורנט רקסונה רול און אינבזיבל 50מל,Unknown,0.00,Unknown,false,1,19.90,0.0000,true,1,30918
59085645,false,דאב דאודורנט רול און בניחוח אסאי 50 מל,"יוניליוור אנגליה, דרך קו",GB,דאודורנט דאב רולאון אסאי 50מל,Unknown,0.00,Unknown,false,1,16.90,0.0000,true,1,40338
59092513,false,"רקסונה דאו' רול-און לנשים בניחוח אלוורה, 50 מ""ל",יוניליוור HPC,GB,דאודורנט רקסונה רול און אלוורה 50מל,Unknown,0.00,Unknown,false,6,19.90,0.0000,true,1,50616
72917367,false,טעמי חטיף במילוי קרם נוגט וקרמל,"שטראוס גרופ בע""מ",IL,חטיף טעמי 40 גר,Unknown,0.00,Unknown,false,1,5.00,0.0000,true,1,1607
72940754,false,"מילקי מעדן וניל עם קצפת שטראוס 133 מ""ל","שטראוס גרופ בע""\מ",IL,מעדן מילקי וניל 135 גרם,גרמים,135.00,100 גרם,false,1,2.90,2.1481,true,1,1611
72940761,false,"מילקי מעדן שוקולד עם קצפת שטראוס 133 מ""ל",מיוצר עי קונדיטוריית,IL,מעדן מילקי שוקו 135 גרם,גרמים,135.00,100 גרם,false,1,2.90,2.1481,true,1,1612
72940952,false,מעדן מילקי בטעם שוקולד עם אקסטרה קצפת,"שטראוס גרופ בע""\מ",IL,מילקי פי 2 קצפת 111 גרם,גרמים,111.00,100 גרם,false,1,4.00,3.6036,true,1,2407
72941041,false,מעדן מילקי מיני בטעם שוקולד עם קצפת,"שטראוס גרופ בע""\מ",IL,מילקי מיני שוקולד 71 גר,Unknown,0.00,Unknown,false,1,2.00,0.0000,true,1,1930
72945308,false,קוביית שמרים טריים לאפיה שמרית 50 גרם,"פאקא תעשיות בע""\מ",IL,שמרים קוביות 50 גרם,Unknown,0.00,Unknown,false,1,4.20,0.0000,true,1,1613
72961506,false,יוגורט עם תות 1.5% שומן 125 ג' פרילי,מיוצר עי קונדיטוריית,IL,פרילי תות 125 גר,גרמים,125.00,100 גרם,false,1,3.90,3.1200,true,1,1615
72961520,false,"פרילי יוגורט עם אננס 1.5% תנובה 125 מ""ל",מיוצר עי קונדיטוריית,IL,פרילי אננס125 גר,גרמים,125.00,100 גרם,false,1,3.90,3.1200,true,1,1617
72961544,false,"באדי יוגורט בטעם תות שדה 3% תנובה 125 מ""ל",מחלבת אלון תבור,IL,באדי תות125 גר,גרמים,125.00,100 גרם,false,1,3.50,2.8000,true,1,1618
72963753,false,שמנת אורגינל של פעם 27% שומן 200 ג' תנובה,תנובה מרכז שיתופי לש,IL,שמנת של פעם 27% 200 מל,מיליליטרים,200.00,"100 מ""ל",false,1,4.90,2.4500,true,1,1620
72964132,false,פרילי טבע יוגורט עם גרנולה 200 גרם,מיוצר עי קונדיטוריית,IL,מעדן פרילי טבע 200 גר,גרמים,200.00,100 גרם,false,1,5.50,2.7500,true,1,1622
72964422,false,יוגורט פרחים 4.5% שומן 200 גרם,מחלבת תנובה,IL,יוגורט 4.5% 200 מל,מיליליטרים,200.00,"100 מ""ל",false,1,2.90,1.4500,true,1,1623
72986370,false,"גלידת בן & ג'ריס פיינטים וניל 500מ""ל",מוצרי איכות אמריקאיים,IL,גל.וניל בן אנד גריס 500 מל פיינט,מיליליטרים,473.00,"100 מ""ל",false,1,19.90,4.2072,true,1,2997
72986424,false,"גלידת בן & ג'ריס פיינטים קרם עוגיות 500מ""ל",מוצרי איכות אמריקאיים בע,IL,גל.קרם עוגיות בן אנד גריס 500 מל פיינט,גרמים,0.00,100 גרם,false,1,19.90,0.0000,true,1,2998
72986448,false,"גלידת בן & ג'ריס פיינטים טופי קראנץ 500מ""ל",מוצרי איכות אמריקאיים בע,IL,גל.טופי קראנץ בן אנד גריס 500 מל פיינט,גרמים,0.00,100 גרם,false,1,19.90,0.0000,true,1,2999
72986455,false,"ניו יורק סופר גלידת שוקולד, חתיכות פאדג' ואגוזים",מוצרי איכות אמריקאיים בע,IL,גל.ניו יורק סופר בן אנד גריס 500 מל פיינ,גרמים,0.00,100 גרם,false,1,19.90,0.0000,true,1,3000
72986479,false,"צ'אנקי מנקי גלידת וניל, בננות, חתיכות פאדג' ואגוזים",מוצרי איכות אמריקאיים בע,IL,גל.צאנקי בן אנד גריס 500 מל פיינט,גרמים,0.00,100 גרם,false,1,19.90,0.0000,true,1,3001
72989425,false,"גלידת בן & ג'ריס פיינטים שוקולד בראוניז 500מ""ל",מוצרי איכות אמריקאיים בע,IL,גל.שוקולד בראוניס בן אנד גריס 500 מל פיי,גרמים,0.00,100 גרם,false,1,19.90,0.0000,true,1,3710
72991886,false,"גלידת דולצ'ה בטעם ריבת חלב עם פאדג' בן וג'ירי 500 מ""ל",מוצרי איכות אמריקאיים בע,IL,גל.דולצה דה לצה בן אנד גריס 500 מל פיינט,גרמים,0.00,100 גרם,false,1,19.90,0.0000,true,1,3002
72993637,false,מעדן חלב בטעם שוקולד 125 ג' דני,"שטראוס גרופ בע""\מ",IL,מעדן דני שוקולד 125 גר,גרמים,125.00,100 גרם,false,1,2.70,2.1600,true,1,5959
76106071,false,"סיציליה- מיץ ליים משומר 200מ""ל",Sicilia סיציליה,CH,מיץ ליים סיציליה 200 מל,מיליליטרים,200.00,"100 מ""ל",false,12,7.50,3.7500,true,1,31214
80042563,false,רסק עגבניות MUTTI{צהוב} 700 גרם,"איי, בי, אינבוו",IT,מחית עגבניות מוטטי 700 גר,גרמים,700.00,100 גרם,false,1,12.90,1.8429,true,1,4556
80043638,false,כורכום טחון אורגני 47 גר קנהמלה,קנמלה Cannamela,IT,כורכום טחון אורגני 47 גר,Unknown,0.00,Unknown,false,1,14.90,0.0000,true,1,16197
80043645,false,קארי טחון אורגני 52 גר קנהמלה,קנמלה Cannamela,IT,קארי טחון אורגני 52גר,Unknown,0.00,Unknown,false,1,14.90,0.0000,true,1,17610
80043775,false,צילי טחון אורגני 50 גר קנהמלה,דגש- דוכן גן שמואל,,צילי טחון אורגני 50 גר,Unknown,0.00,Unknown,false,1,14.90,0.0000,true,1,16198
80043874,false,פלפל שחור אורגני במטחנה 28 גר קנהמלה,בונומלי,IT,פלפל טחון אורגני במטחנה 28גר,Unknown,0.00,Unknown,false,1,14.90,0.0000,true,1,17609
80044079,false,קינמון טחון אורגני 42 גר קנהמלה,קנהמלה,IT,קימון טחון אורגני 42גר,Unknown,0.00,Unknown,false,1,14.90,0.0000,true,1,16200
80050025,false,סוכריות טיק טק תפוז 16 גרם,פררו - אלבה,ZA,סוכריות טיק טק תפוז יחידה,Unknown,0.00,Unknown,false,1,3.50,0.0000,true,1,1649
80050278,false,פררו רושר חטיף כדורים שלישיה 40ג',פררו - אלבה,IT,חטיף רושה שלישיה,Unknown,0.00,Unknown,false,1,6.10,0.0000,true,1,1651
80052487,false,חטיף+ציפוי קוקוס רפאלו30,פררו - אלבה,PL,חטיף רפאלו שלישיה,Unknown,0.00,Unknown,false,1,5.00,0.0000,true,1,1653
80052760,false,קינדר בואנו Kinder Bueno עם חלב ואגוזי לוז,פררו - אלבה,PL,חטיף קינדר בואנו יחידה,Unknown,0.00,Unknown,false,1,4.00,0.0000,true,1,1654
80083764,false,גנדולה עוגיות דגנים ש.שועל אורגני 250,תות תעשיות מזון (201,IT,עוגיות דגנים ש.שועל אורגני גנדולה 250גר,גרמים,250.00,100 גרם,false,12,13.90,5.5600,true,1,37140
80094746,false,זוג פנקוטה שוקולד אי,,IT,מארז 2יח פודינג עם שוקולד איטלקי 100גר,גרמים,200.00,100 גרם,false,1,6.90,3.4500,true,1,46817
80094753,false,זוג פודינג וניל איטל,,IT,מארז 2יח פודינג וניל איטלקי 100גר,גרמים,200.00,100 גרם,false,1,6.90,3.4500,true,1,41181
80094883,false,פנקוטה עם קרמל איטלקי 2*100 גרם,,IT,מארז 2יח פנקוטה קרמל איטלקי 90גר,גרמים,180.00,100 גרם,false,1,6.90,3.8333,true,1,41178
80094890,false,זוג פנקוטה שוקולד אי,,IT,מארז 2יח פנקוטה עם שוקולד איטלקי 90גר,גרמים,180.00,100 גרם,false,1,6.90,3.8333,true,1,46816
80136194,false,חטיפי הפי היפו Happy Hippo במילוי קרם חלבי ואגוזי לוז,קינדר Kinder,DE,חטיף הפי היפו קרם אגוזים 5 יח,גרמים,104.00,100 גרם,false,1,12.90,12.4038,true,1,20567
80176800,false,נוטלה ממרח שוקולד 750 גרם,פררו תעשיות איטליה ס,IT,ממרח נוטלה אגוזי לוז עם קקאו 750 גרם,גרמים,750.00,100 גרם,false,1,25.90,3.4533,true,1,1656
80177173,false,ממרח שוקולד נוטלה 350 גרם,פררו - אלבה,IT,ממרח נוטלה אגוזי לוז עם קקאו 350 גר,גרמים,350.00,100 גרם,false,1,14.90,4.2571,true,1,2743
80177180,false,שוקולד קינדר קאונטרי 23.5 גרם,ליימן שליסל,IT,קינדר קאונטרי יחידה,Unknown,0.00,Unknown,false,1,2.70,0.0000,true,1,1657
80177609,false,אצבעות שוקולד קינדר Kinder ארבע יחידות,פררו - אלבה,IT,שוקולד קינדר אצבעות 50 ג,Unknown,0.00,Unknown,false,1,3.90,0.0000,true,1,1658
80177616,false,אצבעות שוקולד קינדר Kinder שמונה יחידות,פררו - אלבה,IT,שוקולד קינדר אצבעות 100 ג,גרמים,100.00,100 גרם,false,1,7.50,7.5000,true,1,1659
80227618,false,צלפים בחומץ פונטי בן,,,צלפים בחומץ יין לבן 95 גר פונטי,גרמים,95.00,100 גרם,false,1,14.00,14.7368,true,1,6538
80227816,false,בצלצלי פנינה פונטי 3,,,בצלצלי פנינה פונטי 380 גר,גרמים,380.00,100 גרם,false,1,17.90,4.7105,true,1,7144
80227823,false,אנטיפסטי בצלים בחומץ,,,אנטיפסטי בצלים בחומץ בלסמי350גר פונטי,גרמים,350.00,100 גרם,false,1,17.90,5.1143,true,1,6536
80273561,false,פלפל שחור במטחנה 45 גר ארומה דה טוסקנה,דרוגיה ואלימנטרי אס.אר.א,IT,תבלין פלפל שחור 45 ג מטחנה טוסקנה,Unknown,0.00,Unknown,false,1,12.90,0.0000,true,1,1660
80273592,false,פלפל ארבע עונות 30 גר ארומה דה טוסקנה,דרוגיה ואלימנטרי אס.אר.א,IT,תבלין פלפל 4 עונות 45 ג במטחנה טוסקנה,Unknown,0.00,Unknown,false,1,12.90,0.0000,true,1,1661
80273639,false,מלח ים במטחנה 90 גר ארומה דה טוסקנה,דרוגיה ואלימנטרי אס.אר.א,IT,תבלין מלח ים 90 ג במטחנה טוסקנה,Unknown,0.00,Unknown,false,1,12.90,0.0000,true,1,1662
80273660,false,שום במטחנה 50 גר ארומה דה טוסקנה,דרוגיה ואלימנטרי אס.אר.א,IT,תבלון שום 30 ג במטחנה טוסקנה,Unknown,0.00,Unknown,false,1,12.90,0.0000,true,1,1663
80273677,false,צילי במטחנה 20 גר ארומה דה טוסקנה,דרוגיה ואלימנטרי אס.אר.א,IT,תסבלין צילי 20 ג במטחנה טוסקנה,Unknown,0.00,Unknown,false,1,12.90,0.0000,true,1,1664
80473206,false,פפריקה מתוקה אורגנית 50 גרם קנהמלה,קנהמלה,IT,פפריקה מתוקה אורגני,Unknown,0.00,Unknown,false,1,14.90,0.0000,true,1,21310
80473336,false,פלפל שחור טחון אורגני 50 גר קנהמלה,קנמלה Cannamela,IT,פלפל שחור טחון אורגני 50גר,Unknown,0.00,Unknown,false,1,14.90,0.0000,true,1,16199
80522713,false,צלפים במי מלח 125 גר,,,צלפים במי מלח 125 גר פונטי,גרמים,125.00,100 גרם,false,1,14.00,11.2000,true,1,6562
80533962,false,פילה טונה בשמן זית 200 גר CALLIPO,גיאצינטו קליפו,IT,פילה טונה קליפו בשמן זית 200 גרם,גרמים,200.00,100 גרם,false,24,39.90,19.9500,true,1,40524
80651000,false,שום צילי במטחנה 30 גרם ארומה דה טוסקנה,דרוגיה ואלימנטרי אס.אר.א,IT,תבלין שום וצילי 30 ג במטחנה טוסקנה,Unknown,0.00,Unknown,false,1,12.90,0.0000,true,1,1673
80651017,false,תערובת עשבי טוסקנה במטחנה 15 ארומה דה טו,דרוגריה ואלימנטרי אס,IT,תערובת עשבי טוסקנה 16 ג במטחנה טוסקנה,Unknown,0.00,Unknown,false,1,12.90,0.0000,true,1,1674
80651765,false,גינגר זנגביל במטחנה 35 גר ארומה דה טוסקנ,דרוגריה ואלימנטרי אס,IT,תבלין גינגר זנגויל במטחנה טוסקנה,Unknown,0.00,Unknown,false,1,12.90,0.0000,true,1,1676
80655404,false,שום גבישי אורגני 70 גר קנהמלה,קנהמלה,IT,שום גבישי אורגני 70גר,Unknown,0.00,Unknown,false,1,14.90,0.0000,true,1,16202
80718499,false,מלפפון פונטי חמוץ מת,,,מלפפונים פונטי חמוץ מתוק 380 גר,גרמים,380.00,100 גרם,false,1,19.90,5.2368,true,1,7143
80718758,false,טונה בשמן זית 160 גר CALIPO,גיאצינטו קליפו,IT,טונה קליפו בשמן זית 160 גר צנצנת,גרמים,160.00,100 גרם,false,24,21.90,13.6875,true,1,6503
80718765,false,טונה במים בצנצנת קלי,גיאצינטו קליפו,IT,טונה במים קליפו 160 גר צנצנת,גרמים,160.00,100 גרם,false,24,21.90,13.6875,true,1,6502
80724353,false,ארטישוק פונטי מתובל,מודנצטי ויה פראדה,IT,ארטישוק מתובל פונטי 280 גר,גרמים,280.00,100 גרם,false,1,19.90,7.1071,true,1,6537
80761761,false,קינדר בואנו לבן בודד 39 גרם,ליימן שליסל,PL,חטיף קינדר בואנו לבן יחידה,Unknown,0.00,Unknown,false,1,4.00,0.0000,true,1,8114
80768838,false,מסטיק מנטוס וויט ביג פירות ומנטה 105 ג',פרפטי ואן מלה,TR,מנטוס וויט ביג פירות 70 יח,יחידה,70.00,יחידה,false,1,18.00,0.2571,true,1,17279
80773429,false,מנטוס בקבוק מעוגל - מסטיק ללא סוכר בטעם תות 60 גרם,"פרפטי ואן מלה ג'\ידה,סאן",TR,מנטוס פיור מעוגל תות 60 גר,Unknown,0.00,Unknown,false,1,10.00,0.0000,true,1,21354
80773443,false,מנטוס בקבוק מעוגל - מסטיק ללא סוכר בטעם מנטה 60 גרם,"פרפטי ואן מלה ג'\ידה,סאן",TR,מנטוס פיור מעוגל פירות מנטה 60 גר,Unknown,0.00,Unknown,false,1,10.00,0.0000,true,1,18903
80776307,false,מסטיק מנטוס ביג בבקבוק מעוגל טעם פירות מנטה 90 ג',פרפטי ואן מלה הולנד,TR,מנטוס פיור ביג מעוגל פירות מנטה,Unknown,0.00,Unknown,false,1,18.00,0.0000,true,1,18906
80780595,false,מסטיק מנטוס ביג בבקבוק מעוגל טעם מנטה-עדינה 90 ג',פרפטי ואן מלה הולנד,TR,מנטוס פיור ביג מעוגל מנטה עדינה,Unknown,0.00,Unknown,false,1,18.00,0.0000,true,1,18905
80790990,false,מסטיק מנטוס בבקבוק מעוגל בטעם פירות -מנטה 60 ג',"פרפטי ואן מלה ג'\ידה,סאן",TR,מנטוס פיור מעוגל מנטה עדינה 60 גר,Unknown,0.00,Unknown,false,1,10.00,0.0000,true,1,18902
80794233,false,מסטיק מנטוס ביג בבקבוק מעוגל טעם מנטה 90 ג',פרפטי ואן מלה הולנד,TR,מנטוס פיור ביג מעוגל מנטה,Unknown,0.00,Unknown,false,1,18.00,0.0000,true,1,18904
80804697,false,מסטיק וויט White בטעם מנטה מתוקה ללא סוכר,פרפטי ואן מלה,TR,מנטוס וויט ביג מנטה מתוקה 70 יח,יחידה,70.00,יחידה,false,1,18.00,0.2571,true,1,17278
80831402,false,סוכריות מנטוס מנטה עדינה 30 יח' ללא סוכר CLEAN BREATH,פרפטי ואן מלה,NL,סוכריות מנטוס מנטה עדינה ל.ס.21 גר,Unknown,0.00,Unknown,false,1,6.90,0.0000,true,1,33252
80832560,false,סוכריות מנטוס פירות יער 21 ג' ללא סוכר CLEAN BREATH,פרפטי ואן מלה,TR,סוכריות מנטוס פירות יער ל.ס. 21 גר,Unknown,0.00,Unknown,false,1,6.90,0.0000,true,1,49402
80843184,false,מנטוס מסטיק פיור פרש בטעם ענבים 60גר,פרפטי ואן מלה הולנד,TR,מנטוס פיור מעוגל ענבים 60 גר,Unknown,0.00,Unknown,false,1,10.00,0.0000,true,1,40273
80854753,false,סוכריות מנטוס מנטה 30 יח' ללא סוכר CLEAN BREATH,פרפטי ואן מלה,NL,סוכריות מנטוס ל.ס 21גר אוויר נקי,Unknown,0.00,Unknown,false,1,6.90,0.0000,true,1,33251
80862260,false,מסטיק מנטוס פיור וויט מנטה מתוקה 150 גר,"פרפטי ואן מלה ג'ידה,סאן",TR,מסטיק מנטוס וויט מנטה מתוקה 150 גרם,Unknown,0.00,Unknown,false,1,18.00,0.0000,true,1,48390
80896081,false,מנטוס בקבוק מעוגל - מסטיק ללא סוכר בטעם אבטיח 60 גרם,"פרפטי ואן מלה ג'\ידה,סאן",TR,מנטוס פיור מעוגל אבטיח 60 גר,Unknown,0.00,Unknown,false,1,10.00,0.0000,true,1,21355
80913467,false,מנטוס בקבוק מעוגל - מסטיק ללא סוכר בטעם מנטה,פרפטי ואן מלה הולנד,TR,מנטוס פיור מעוגל מנטה 60 גר,Unknown,0.00,Unknown,false,1,10.00,0.0000,true,1,18901
80926481,false,מסטיק מנטוס פיור פרש בבקבוק בינוני בטעם אבטיח 90ג',"פרפטי ואן מלה ג'ידה,סאן",TR,מנטוס פיור ביג מעוגל אבטיח,Unknown,0.00,Unknown,false,1,18.00,0.0000,true,1,24875
80929277,false,מסטיק מנטוס פיור וויט מנטה עדינה 150 גר,"פרפטי ואן מלה ג'ידה,סאן",TR,מסטיק מנטוס וויט מנטה עדינה 150 גרם,Unknown,0.00,Unknown,false,1,18.00,0.0000,true,1,48389
80936848,false,סוכריות טיק טק תות שדה 24 יח',ליימן-שליסל,ZA,סוכריות טיק טק תות שדה יחידה,Unknown,0.00,Unknown,false,1,3.50,0.0000,true,1,11563
80957706,false,מסטיק מנטוס פיור וויט מנטה 150 גר,פרפטי ואן מלה ברדה,TR,מסטיק מנטוס וויט מנטה 150 גרם,Unknown,0.00,Unknown,false,1,18.00,0.0000,true,1,48388
80974215,false,מסטיק מנטוס פיור פרש בבקבוק ביג בטעם תות 90ג',"פרפטי ואן מלה ג'ידה,סאן",TR,מנטוס פיור ביג מעוגל תות,Unknown,0.00,Unknown,false,1,18.00,0.0000,true,1,24874
80979128,false,מנטוס מסטיק בקבוק מעוגל בטעם דובדבן,פרפטי ואן מלה הולנד,TR,מנטוס פיור מעוגל דובדבן 60 גר,Unknown,0.00,Unknown,false,1,10.00,0.0000,true,1,40272
80986348,false,סוכריות פיור וויט טעם מנטה 60 ג' מנטוס,"פרפטי ואן מלה ג'ידה,סאן",TR,מסטיק מנטוס וויט פיור מנטה 60 גר,גרמים,60.00,100 גרם,false,1,10.00,16.6667,true,1,45141
80995128,false,מנטוס בקבוק עגול בטעם הדרים בתוספת ויטמינים 60 גרם,פרפטי ואן מלה הולנד,TR,מסטיק מנטוס מעוגל טעם הדרים 60 גר,Unknown,0.00,Unknown,false,1,10.00,0.0000,true,1,51030
87108538,false,סוכריות בטעם תות מנטוס 37.5 גרם,הדקלאים אגודת שיתופי,NL,סוכריות מנטוס תות בגליל,Unknown,0.00,Unknown,false,1,3.50,0.0000,true,1,5943
87108651,false,סוכריות בטעם מנטה מנטוס 4*37.5 גרם,הדקלאים אגודת שיתופי,NL,מארז 4 יח סוכריות מנטוס מנטה,יחידה,4.00,יחידה,false,1,11.50,2.8750,true,1,1703
87108712,false,סוכריות בטעם פירות מנטוס 4*37.5 גרם,פרפטי ואן מלה ברדה,NL,מארז 4 יח סוכריות מנטוס פירות,יחידה,4.00,יחידה,false,1,11.50,2.8750,true,1,1704
87141122,false,רוטב סמבל אולק 200 גרם חריף,,,ממרח צילי חריף סמבל אולק 200 גר,גרמים,200.00,100 גרם,false,1,16.50,8.2500,true,1,8929
90034107,false,"בירה שטיגל גולדברו 500 מ""ל",מבשלת שטיגל,AT,בירה שטיגל גולדברו 500מל פקדון,מיליליטרים,500.00,"100 מ""ל",false,1,11.90,2.3800,true,1,16493
90087011,false,מיץ תפוחים 100% קרטונית ראוך,Rauch fruchtsafte gm,HU,מיץ תפוחים 100% 1 ל בקרטון,ליטרים,1.00,ליטר,false,1,11.90,11.9000,true,1,2873
90087066,false,מיץ תפוזים 100% טבעי 1 ל' RAUCH,ראוך Rauch,HU,מיץ תפוזים 100% 1 ליטר ראוך בקרטון,ליטרים,1.00,ליטר,false,1,11.90,11.9000,true,1,7436
90087271,false,נקטר אוכמניות 1 ליטר קרטונית ראוך,Rauch fruchtsafte gm,,נקטר אוכמניות 100% 1 ל בקרטון,ליטרים,1.00,ליטר,false,1,11.90,11.9000,true,1,2872
90087547,false,מיץ עגבניות 1 ליטר ראוך קרטונית,Rauch fruchtsafte gm,HU,מיץ עגבניות 1 ל ראוך בקרטון,ליטרים,1.00,ליטר,false,1,11.90,11.9000,true,1,31949
90087769,false,מיץ אננס 100% קרטונית ראוך,Rauch fruchtsafte gm,HU,מיץ אננס 100% 1 ל בקרטון,ליטרים,1.00,ליטר,false,1,11.90,11.9000,true,1,2874
90087806,false,מיץ אשכוליות 100% 1 ליטר,ראוך Rauch,AT,מיץ אשכולית ראוך 100% 1 ל בקרטון,ליטרים,1.00,ליטר,false,1,11.90,11.9000,true,1,7435
90087974,false,"חומץ תפוחים 5% 750 מֿֿֿֿ""ל 12X",ראוך פרוכטסאפה,AT,"חומץ תפוחים 5% 750 מ""ל",מיליליטרים,750.00,"100 מ""ל",false,1,12.90,1.7200,true,1,8054
90162602,false,רד בול משקה אנרגיה פקדון 30 אג,רד בול ג'י.אם.בי. אץ,IL,משקה אנרגיה רד בול 250 מל פיקדון,מיליליטרים,250.00,"100 מ""ל",false,24,6.50,2.6000,true,1,28296
90162800,false,רד בול משקה אנרגיה ללא סוכר פקדון 30 אג,רד בול ג'י.אם.בי. אץ,AT,משקה אנרגיה רד בול ללא סוכר 250מל פיקדון,מיליליטרים,250.00,"100 מ""ל",false,1,6.50,2.6000,true,1,28297
90446269,false,"משקה רד בול אבטיח מוגז פחית 250 מ""ל",ראון פרוכטסאפה,AT,משקה אנרגיה רד בול אבטיח 250 מל פיקדון,מיליליטרים,250.00,"100 מ""ל",false,24,6.50,2.6000,true,1,39242
90448867,false,"משקה אנרגיה רד בול ללא פחמימות 250 מ""ל",רד בול,AT,משקה אנרגיה רד בול ל.פחמימות250מל פיקדון,מיליליטרים,250.00,"100 מ""ל",false,1,6.50,2.6000,true,1,48502
96033531,false,"דאו דאב רול און רימונים ולואיזה 50 מ""ל",יוניליוור פארם,GB,דאודורנט דאב רולאון רימונים 50מל,Unknown,0.00,Unknown,false,1,16.90,0.0000,true,1,49465
96122969,false,אוקסו ציר בשר בצל ורוזמרין נוזלי 80 גרם,,GB,אוקסו ציר בשר בצל ורוזמרין 80 גרם,Unknown,0.00,Unknown,false,10,19.90,0.0000,true,1,38895
96122983,false,אוקסו ציר ירקות נוזלי ופטרוזיליה 80 גרם,,GB,אוקסו ציר ירקות ופטרוזיליה 80 גרם,Unknown,0.00,Unknown,false,10,19.90,0.0000,true,1,38897
96123010,false,אוקסו ציר בקר נוזלי,,IT,אוקסו ציר בקר נוזלי דל נתרן 80 גרם,Unknown,0.00,Unknown,false,10,19.90,0.0000,true,1,51606
96130339,false,"דאב - דאודורנט רול און לאישה 0% אלומיניום 50 מ""ל",יוניליוור פיליפינים,GB,דאודורנט דאב רולאון אורגינל 0% 50מל,Unknown,0.00,Unknown,false,1,16.90,0.0000,true,1,40339
96198100,false,פישרמס לימון דבש ללא סוכר,,,סוכריות פישרמנס דבש לימון ללא סוכר 25 גר,Unknown,0.00,Unknown,false,1,6.90,0.0000,true,1,38716
96198117,false,פישרמנס ספירמינטס ללא סוכר,Unknown,GB,סוכריות פישרמנס ספירמינט ללא סוכר 25 גר,Unknown,0.00,Unknown,false,1,6.90,0.0000,true,1,38719
96198124,false,פישרמנס דובדבן ללא סוכר - אדום לבן,,,סוכריות פישרמנס דובדבן ללא סוכר 25 גר,Unknown,0.00,Unknown,false,1,6.90,0.0000,true,1,38717
96198155,false,פישרמנס אקליפטוס ללא סוכר - כחול לבן,Unknown,,סוכריות פישרמנס מנטה ללא סוכר 25 גר,Unknown,0.00,Unknown,false,1,6.90,0.0000,true,1,38715
96198162,false,פישרמנס מנטה ללא סוכר - ירוק לבן,Unknown,GB,סוכריות פישרמנס מנטה ירוק ללא סוכר 25 גר,Unknown,0.00,Unknown,false,1,6.90,0.0000,true,1,38718
8112100298,false,"שמן שומשום טהור מזרח ומערב 185 מ""ל",Flavor full foods in,TW,שמן שומשום 185 מל,מיליליטרים,185.00,"100 מ""ל",false,1,14.90,8.0541,true,1,1692
8421361250,false,בובת TY עיניים גדולות (S) דיוק הכלב לבן חום,,,בובת פרווה עיניים גדולות,יחידה,1.00,יחידה,false,1,24.90,24.9000,true,1,20866
9073102314,false,"גלידה סורבט שרונס קוקוס 473מ""ל",מוצרי איכות אמריקאיים,IL,גל.קוקוס בן אנד גריס 500 מל פיינט,גרמים,352.00,100 גרם,false,1,19.90,5.6534,true,1,5524
9800800056,false,חטיף שוקולד עם מקלות לחם אנד גו,פררו - אלבה,DE,חטיף נוטלה טו גו 52 גר,Unknown,0.00,Unknown,false,1,5.90,0.0000,true,1,16953
10900678148,false,דיאמונד רדיד אלומיניום נון סטיק,דיימונד,CN,רדיד אלומיניום דיאמונד נון סטיק 5מטר,מטרים,5.00,מטר,false,24,15.90,3.1800,true,1,46523
11182170603,false,קינג קול שעועית Butter לימה 439 גרם,הנובר פודס,US,שעועית גדולה חמאה 439 גר,גרמים,439.00,100 גרם,false,1,14.00,3.1891,true,1,5202
11182700916,false,קינג קול שעועית לבנה צפונית 439 גרם,הנובר פודס,US,שעועית לבנה צפונית 439 גר,גרמים,439.00,100 גרם,false,1,9.90,2.2551,true,1,7704
11182700923,false,קינג קול שעועית אדומה בהירה 439 גרם,הנובר פודס,US,שעועית אדומה בהירה 439 גר,גרמים,439.00,100 גרם,false,1,9.90,2.2551,true,1,7705
11182700930,false,קינג קול שעועית אדומה כהה 439 גרם,הנובר פודס,US,שעועית אדומה כהה 439 גר,גרמים,439.00,100 גרם,false,1,9.90,2.2551,true,1,7706
11182700954,false,קינג קול שעועית שחורה 439 גרם,האנאובר פודס קורפורשיין,US,שעועית שחורה 439 גר,גרמים,439.00,100 גרם,false,1,9.90,2.2551,true,1,7703
11182701388,false,קינג קול שעועית פינטו 454 גרם,הנובר פודס,,שעועית קינג פינטו439 גר,גרמים,439.00,100 גרם,false,1,9.90,2.2551,true,1,21393
11210000032,false,"רוטב טבסקו משפחתי 360מ""ל",מקאילהייני Mc.Ilhenn,US,רוטב טבסקו משפחתי 350 מל,מיליליטרים,350.00,"100 מ""ל",false,1,49.90,14.2571,true,1,7945
11210000094,false,"רוטב ""טבסקו"" על בסיס פלפל אדום 60 מ""ל",מקאילהייני אייבורי,US,רוטב טבסקו 60 מל,מיליליטרים,60.00,"100 מ""ל",false,1,10.90,18.1667,true,1,4410
11210000216,false,"בלאדי מרי מיקס טבסקו 946 מ""ל",מקאילהייני Mc.Ilhenn,US,רוטב בלדי מרי טבסקו 946 מל,מיליליטרים,946.00,"100 מ""ל",false,1,32.90,3.4778,true,1,4193
11210002500,false,"רוטב טבסקו באפאלו 150 מ""ל","ניצן מותגי מזון בע""מ",US,רוטב טבסקו באפלו 150 מל,מיליליטרים,150.00,"100 מ""ל",false,1,21.90,14.6000,true,1,10196
11210006508,false,רוטב פלפל הבנרו חריף טבסקו 60 מל,מקאילהייני Mc.Ilhenn,US,רוטב טבסקו הבאנרו 60 מל,Unknown,0.00,Unknown,false,1,15.90,0.0000,true,1,3656
11210007253,false,"רוטב-טבסקו שום ופלפל 60 מ""ל",מקאילהייני אייבורי,US,רוטב טבסקו עם שום 60 מל,מיליליטרים,60.00,"100 מ""ל",false,1,10.90,18.1667,true,1,2448
11210009387,false,"רוטב ""טבסקו"" על בסיס פלפל ירוק חריף 60 מ""ל",מקאילהייני אייבורי,US,רוטב טבסקו ירוק 60 מל,מיליליטרים,60.00,"100 מ""ל",false,1,10.90,18.1667,true,1,2447
11210607040,false,"רוטב ""טבסקו"" על בסיס פלפל צ'יפוטלי [בטעם מעושן] 60 מ""ל",מקאילהייני Mc.Ilhenn,US,רוטב טבסקו ציפוטליי 60 מל,מיליליטרים,60.00,"100 מ""ל",false,1,12.60,21.0000,true,1,7570
11210618503,false,"רוטב טבסקו על בסיס פלפל סקורפיון 60מ""ל",מק. אילהיני קו,US,רוטב טבסקו סקורפיון אקסטרא 60 מל,Unknown,0.00,Unknown,false,1,15.90,0.0000,true,1,33102
11210698055,false,רוטב טבסקו סרירציה 566 גרם,מקאילהייני קו,US,רוטב טבסקו סיראצה חריף 566 מל,מיליליטרים,566.00,"100 מ""ל",false,1,28.90,5.1060,true,1,20257
11359630138,false,אבקה להכנת רוטב צילי מקסיקני 40 גרם,,NL,תערובת להכנת צילי מקסיקני 30 גר,Unknown,0.00,Unknown,false,12,6.90,0.0000,true,1,45771
11359630152,false,אבקה להכנת רוטב לבור,,NL,תערובת להכנת בוריטו 30 גר,Unknown,0.00,Unknown,false,12,6.90,0.0000,true,1,45773
11359640106,false,קונכיות טאקו קנטינה,,NL,קונכיות טאקו קנטינה מקסיקנה 150 גרם,גרמים,150.00,100 גרם,false,12,12.90,8.6000,true,1,45757
11359645071,false,מארז ציפס ודיפ אבוקדו 150 גרם,,NL,חטיף נאצוס עם דיפ אבוקדו 150 גרם,גרמים,150.00,100 גרם,false,12,10.90,7.2667,true,1,45761
11359650105,false,רוטב לטאקו בחריפות עדינה 220 גרם,,NL,רוטב לטאקו חריפות עדינה 220 גרם,גרמים,190.00,100 גרם,false,12,10.90,5.7368,true,1,45765
11359650204,false,רוטב סלסה מקסיקנית 220 גרם,,NL,רוטב סלסלה מקסיקנית 220 גרם,גרמים,190.00,100 גרם,false,12,10.90,5.7368,true,1,45767
13300280645,false,תערובת פנקייק הנגרי,ג'.מ. סמאקר,,תערובת פנקייק הנגרי גאק טעם חמאה 907 גרם,גרמים,907.00,100 גרם,false,1,29.90,3.2966,true,1,51533
13300280676,false,תערובת פנקייק הנגרי,ג'.מ. סמאקר,,תערובת פנקייק הנגרי גאק קלאסי 907 גרם,גרמים,907.00,100 גרם,false,1,29.90,3.2966,true,1,37452
13300601204,false,ציפוי קרמל מלוח פילס,פילסברי (ג'נל מילס),US,קרם ציפוי קרמל מלוח פילסברי453 גרם,גרמים,453.00,100 גרם,false,8,16.90,3.7307,true,1,40757
13300760406,false,פילסברי ציפוי שוקולד חלב 453 גר,פילסברי (ג'נל מילס),US,קרם ציפוי שוקולד חלב פילסברי453 גרם,גרמים,453.00,100 גרם,false,8,16.90,3.7307,true,1,40758
13409128411,false,מרינדה טריאקי ודבש 473 גרם,קנס פודס,US,רוטב טריאקי בייבי ריי גינגר שומשום473 מל,מיליליטרים,473.00,"100 מ""ל",false,12,21.90,4.6300,true,1,50971
13409128442,false,רוטב סוויט בייבי ריי,סוויט בייבי רייז שיק,,רוטב סוויט בייבי ריי בפאלו לכנפיים 473,מיליליטרים,473.00,"100 מ""ל",false,1,25.90,5.4757,true,1,35889
13409341155,false,רוטב ברביקיו דבש 510 גר סוויט בייבי רייס,סוויט בייבי רייז שיק,US,רוטב ברביקיו סוויט בייבי רי גבש510ג,גרמים,510.00,100 גרם,false,1,23.90,4.6863,true,1,13709
13409351000,false,רוטב ברביקיו סוויט ב,סוויט בייבי רייז שיק,US,רוטב ברביקיו סוויט בייבי רי חריף510ג,גרמים,510.00,100 גרם,false,1,23.90,4.6863,true,1,13707
13409515198,false,רוטב ברביקיו ציפוטלה 510 גרם,סוויט בייבי רייז שיק,US,רוטב ברביקיו סוויט בייבי ציפוטלי510ג,גרמים,510.00,100 גרם,false,1,23.90,4.6863,true,1,13712
13409516867,false,רוטב פלפל חריף קאיין,קנס פודס,US,רוטב פלפל חריף קאיין בייבי רייס354מל,מיליליטרים,354.00,"100 מ""ל",false,12,19.90,5.6215,true,1,50972
13409516874,false,רוטב סוויט בייבי ריי,סוויט בייבי רייז שיק,,רוטב סוויט בייבי ריי לכנפיים ברביקיו 473,מיליליטרים,473.00,"100 מ""ל",false,1,25.90,5.4757,true,1,35888
13409918104,false,רוטב ברביקיו אורגינל 510 גר סוויט בייבי,סוויט בייבי רייז שיק,US,רוטב ברביקיו סוויט בייבי אורגינל510ג,גרמים,510.00,100 גרם,false,1,23.90,4.6863,true,1,13708
14100074120,false,פפרידג' פארם עוגיות מילאנו 170 גרם,פפרידג פראם,,עוג. מילנו סנדביץ שוקולד 170 גרם,גרמים,170.00,100 גרם,false,1,19.90,11.7059,true,1,1967
14100077084,false,עוגיות פפרידג פקאן מריר [ירוק],פפרידג פראם,US,עוגיות שוקו ציפס צאנק פקאן 206 גר,גרמים,206.00,100 גרם,false,1,19.90,9.6602,true,1,50270
14100077121,false,פפרידג' פארם עוגיות סוסליטו שוקולד חלב מקדמיה 204 גרם,פפרידג פראם,,עוג.שוקו ציפס קרנץ מקדמיה 206 גר,גרמים,206.00,100 גרם,false,1,19.90,9.6602,true,1,1501
14100082033,false,עוגיות פפרידג בראוניז רכות קפטיבה (אדום),פפרידג פראם,,עוג.שוקו ציפס בראוניס 244 גר,גרמים,244.00,100 גרם,false,1,19.90,8.1557,true,1,7029
16000185517,false,דגני בוקר פייבר וואן עתירי סובין FIBRE1,בטר אנד דיפרנט,US,דגני פייבר וואן 555 גרם,גרמים,555.00,100 גרם,false,1,21.90,3.9459,true,1,47255
16000281684,false,חטיפי גרנולה קראנצ'י עם פקאן נייצ'ר ואלי 5*42 גרם,ליימן מותגים,US,חטיף דגנים קראנצי פקאן 5 יח,גרמים,210.00,100 גרם,false,1,17.90,8.5238,true,1,6002
16000423534,false,חטיפי גרנולה קראנצ'י עם שיבולת שועל ושוקולד מריר נייצ'ר ואלי 5*42 גרם,ג'נרל מילס סאן אדריאן,ES,חטיף דגנים נייטשר וואלי 5יח ש.ש.שוקולד,גרמים,210.00,100 גרם,false,1,17.90,8.5238,true,1,8162
16000487727,false,קרונפלקס ללא גלוטן צ,,US,קרונפלקס ללא גלוטן ציריוס 340 גר,גרמים,340.00,100 גרם,false,14,34.90,10.2647,true,1,47169
16000548404,false,חטיפי גרנולה קראנצ'י עם שיבולת שועל ודבש נייצ'ר ואלי 5*42 גרם,ג'נרל מילס סאן אדריאן,ES,חטיף דגנים קראנצי 5יח שיבולת שועל 210 ג,גרמים,210.00,100 גרם,false,1,17.90,8.5238,true,1,2847
16000548503,false,חטיפי גרנולה קראנצ'י עם מייפל וסוכר חום נייצ'ר ואלי 5*42 גרם,ג'נרל מילס סאן אדריאן,ES,חטיף דגנים קראנצי מייפל ס.חום210גר נ.ואל,גרמים,210.00,100 גרם,false,1,17.90,8.5238,true,1,2848
16000548602,false,חטיפי גרנולה קראנצ'י קינמון נייצ'ר ואלי 5*24 גרם,ג'נרל מילס סאן אדריאן,ES,ח.דגנים קראנצי נ.ואלי קינמון 210 גר,גרמים,210.00,100 גרם,false,1,17.90,8.5238,true,1,2849
16000548909,false,חטיפי גרנולה קראנצ'י במגוון טעמים נייצ'ר ואלי 5*42 גרם,ג'נרל מילס סאן אדריאן,ES,חטיף דגנים קראנצי 5יח בריאות מעורב 210ג,גרמים,210.00,100 גרם,false,1,17.90,8.5238,true,1,2850
16229001711,false,מי קוקוס ארוי די ללא,תאי אגרי פוד,,מי קוקוס ארוי די ללא סוכר 400 מל,מיליליטרים,400.00,"100 מ""ל",false,1,11.90,2.9750,true,1,3638
16229902506,false,קרם קוקוס ארוי די לל,תאי אגרי פוד,,קרם קוקוס ארוי די ללא סוכר 400 מל,מיליליטרים,400.00,"100 מ""ל",false,1,11.90,2.9750,true,1,25424
16229906207,false,מחית קארי אדום 400 ג,תאי אגרי פוד,,מחית קארי אדום 400 גר,גרמים,400.00,100 גרם,false,1,17.00,4.2500,true,1,10898
16229906436,false,מחית קארי צהוב 400 ג,תאי אגרי פוד,,מחית קארי צהוב 400 גר ארוי,גרמים,400.00,100 גרם,false,1,17.00,4.2500,true,1,10900
16229909819,false,קרם קוקוס 1 ליטר AROY-D,תאי וורלד,,קרם קוקוס 100% ארוי די 1 ל בקרטון,ליטרים,1.00,ליטר,false,1,24.90,24.9000,true,1,16068
16229910891,false,נוזל קוקוס ארוי די ל,תאי אגרי פוד,TH,נוזל קוקוס ארוי די ללא סוכר 400 מל,מיליליטרים,400.00,"100 מ""ל",false,12,6.90,1.7250,true,1,50956
16229917593,false,מי קוקוס 100% פוקו 3,ויט וורלד קומפני,VN,מי קוקוס 100% פוקו 330 מל,מיליליטרים,330.00,"100 מ""ל",false,1,9.90,3.0000,true,1,18377
16229917609,false,"מי קוקוס עם רימון 330מ""ל",ויט וורלד קומפני,VN,מי קוקוס 100% עם רימונים 330 מל,מיליליטרים,330.00,"100 מ""ל",false,1,9.90,3.0000,true,1,28149
16229917616,false,"מי קוקוס בתוספת גויאבה 330 מ""ל",ויט וורלד קומפני,VN,מי קוקוס 100% עם גויאבה פוקו 330 מל,מיליליטרים,330.00,"100 מ""ל",false,1,9.90,3.0000,true,1,18380
16229917630,false,"מי קוקוס בתוספת אננס 330 מ""ל",ויט וורלד קומפני,VN,מי קוקוס 100% עם אננס פוקו 330 מל,מיליליטרים,330.00,"100 מ""ל",false,1,9.90,3.0000,true,1,18381
16229917647,false,"מי קוקוס בתוספת מנגו 330 מ""ל",ויט וורלד קומפני,VN,מי קוקוס 100% עם מנגו פוקו 330 מל,מיליליטרים,330.00,"100 מ""ל",false,1,9.90,3.0000,true,1,18379
16229917654,false,"מי קוקוס בתוספת ליצי 330 מ""ל",ויט וורלד קומפני,VN,מי קוקוס 100% עם ליצי פוקו 330 מל,מיליליטרים,330.00,"100 מ""ל",false,1,9.90,3.0000,true,1,18378
16229918354,false,"רוטב קארי אדום 250 מ""ל",תאי אגרי פוד,TH,רוטב קארי אדום 250 מל ארוי די,מיליליטרים,250.00,"100 מ""ל",false,12,10.90,4.3600,true,1,25958
16229918361,false,"רוטב קארי ירוק 250 מ""ל",תאי אגרי פוד,TH,רוטב קארי ירוק 250 מל ארוי די,מיליליטרים,250.00,"100 מ""ל",false,12,10.90,4.3600,true,1,25957
16229924263,false,"ארוי-די קרם קוקוס 250 מ""ל",תאי אגרי פוד פובליק קו'\,TH,קרם קוקוס 100% ארוי די 250 מל,מיליליטרים,250.00,"100 מ""ל",false,1,10.90,4.3600,true,1,21998
16500980322,false,צמר פלדה עם חומר פעיל אס או אס 10 יחידות,אסאואס,,S.O.Sצמר פלדה עם חומר פעיל,Unknown,0.00,Unknown,false,1,13.90,0.0000,true,1,1502
17252500004,false,בוסקו סירופ שוקולד 624 גרם,בוסקו פרודקטס,US,סירופ שוקולד בוסקו 624 גר,גרמים,624.00,100 גרם,false,1,20.90,3.3494,true,1,10263
17252502244,false,"סירופ פנקייק בוסקו 709 מ""ל",בוסקו פרודקטס,US,סירופ מייפל בוסקו 709 מל,מיליליטרים,709.00,"100 מ""ל",false,1,20.90,2.9478,true,1,6761
18000701223,false,"פילסברי, עוגה בטעם שוקולד, תערובת להכנת עוגה בטעם שוקולד. 500 גרם",הדקלאים אגודת שיתופי,IL,תערובת לעוגת שוקולד 517 גרם,גרמים,517.00,100 גרם,false,1,18.90,3.6557,true,1,1503
18000703494,false,"פילסברי, עוגה בטעם וניל, תערובת להכנת עוגה בטעם וניל. 500 גרם.",הדקלאים אגודת שיתופי,IL,תערובת לעוגת וניל 517 גרם,גרמים,517.00,100 גרם,false,1,18.90,3.6557,true,1,1504
18000703517,false,"פילסברי, עוגה בטעם שוקולד וניל, תערובת להכנת עוגה בטעם וניל. 550 גרם.",הדקלאים אגודת שיתופי,IL,תערובת לעוגת שיש 550 גרם,גרמים,550.00,100 גרם,false,1,18.90,3.4364,true,1,1965
18000766413,false,"פילסברי, עוגה בטעם שוקולד, תערובת להכנת עוגה בטעם שוקולד. 550 גרם.",הדקלאים אגודת שיתופי,IL,תערובת לבראוניס 552 גרם,גרמים,552.00,100 גרם,false,1,18.90,3.4239,true,1,1966
18787111116,false,תרסיס אורגני להיגיינת הידיים בניחוח לבנד,דר ברונר,US,תרסיס להיגיינת ידיים 59מל דר ברונר לבנדר,Unknown,0.00,Unknown,false,1,24.90,0.0000,true,1,32465
18787762165,false,ברונרס סבון נוזלי תינוקות ללא ריח 472 מל,וגה מוצרים טבעיים,US,סבון נוזלי דר ברונר אורגני לתינוק 472מל,מיליליטרים,472.00,"100 מ""ל",false,12,45.90,9.7246,true,1,23177
18787764169,false,ברונרס סבון נוזלי לבנדר 472 מל,וגה מוצרים טבעיים,US,סבון נוזלי דר ברונר אורגני לבנדר 472מל,מיליליטרים,472.00,"100 מ""ל",false,12,45.90,9.7246,true,1,23175
18787765166,false,סבון נוזלי מנטה אורגני,דר ברונר,US,סבון נוזלי דר ברונר אורגני מנטה 472מל,מיליליטרים,472.00,"100 מ""ל",false,12,45.90,9.7246,true,1,23180
18787769164,false,ברונרס סבון נוזלי עץ התה 472 מל,וגה מוצרים טבעיים,US,סבון נוזלי דר ברונר אורגני עץ התה 472מל,מיליליטרים,472.00,"100 מ""ל",false,12,45.90,9.7246,true,1,23178
18787779163,false,סב.נוזלי תה ירוק אורגני,דר ברונר,US,סבון נוזלי דר ברונר אורגני תה ירוק472מל,מיליליטרים,472.00,"100 מ""ל",false,12,45.90,9.7246,true,1,23317
18787780169,false,סבון נוזלי יסמין סנדלווד,דר ברונר,GB,סבון נוזלי דר ברונר אורגני יסמין 472מל,מיליליטרים,472.00,"100 מ""ל",false,12,45.90,9.7246,true,1,23316
18787784051,false,סבון מוצק לבנדר של ד,דר ברונר,US,סבון מוצק דר ברונר אורגני לבנדר 140גר,גרמים,140.00,100 גרם,false,12,22.90,16.3571,true,1,23170
18787785058,false,סבון מוצק מנטה מעורר,דר ברונר,,סבון מוצק דר ברונר אורגני מנטה 140גר,גרמים,140.00,100 גרם,false,12,22.90,16.3571,true,1,23174
18787786055,false,סבון מוצק עץ התה אורגני,דר ברונר,US,סבון מוצק דר ברונר אורגני עץ התה 140גר,גרמים,140.00,100 גרם,false,12,22.90,16.3571,true,1,23172
18787789056,false,סבון מוצק דר ברונר,דר ברונר,,סבון מוצק דר ברונר אורגני תה ירוק140גר,גרמים,140.00,100 גרם,false,12,22.90,16.3571,true,1,23314
18787792056,false,סבון מוצק יסמין סנדלווד,דר ברונר,US,סבון מוצק דר ברונר אורגני יסמין140גר,גרמים,140.00,100 גרם,false,12,22.90,16.3571,true,1,23315
21000012534,false,מאק אנד ציז קראפט בכ,קראפט פודס נת'רפילד,US,מארז 4 יח תבשיל מאק אנד ציז 58 גרם,גרמים,232.00,100 גרם,false,6,29.90,12.8879,true,1,51595
21200010538,false,גליל דבק דו צדדי,3m,,גליל דבק דו צדדי,יחידה,1.00,יחידה,false,1,19.90,19.9000,true,1,14743
21200010545,false,ריבועי דבק דו צדדי ס,3m,,ריבועי דבק דו צדדי ספוגי צבע לבן 16יח,יחידה,16.00,יחידה,false,1,19.90,1.2437,true,1,14750
21200013393,false,"דבק דו צדדי רוחב 2.5 ס""מ",3m,,דבק דו צדדי ספוגי לבן,יחידה,1.00,יחידה,false,1,29.90,29.9000,true,1,14751
21200513152,false,"שלישיית ספוגי קרצוף עדינים ""סקוטש ברייט""",3M קנדה,CA,כרית קרצוף 3יח לא שורטים ורודים,יחידה,3.00,יחידה,false,1,14.90,4.9667,true,1,14738
21200572357,false,שלישיית ספוגי קרצוף לניקוי חזק (ירוקים),M3,CA,כרית קרצוף 3יח לניקוי חזק ירוקים,יחידה,3.00,יחידה,false,1,14.90,4.9667,true,1,14736
21723339994,false,"רוטב דגים 300מ""ל (טיפרוס) (כ)",טאנג סאנג ראר קי,TH,רוטב דגים טיפארוס 300 מל,מיליליטרים,300.00,"100 מ""ל",false,1,9.90,3.3000,true,1,50133
21723758887,false,רוטב דגים טיפארוס 700 מל,Tang sang hah co. lt,TH,רוטב דגים טיפארוס 700 מל,מיליליטרים,730.00,"100 מ""ל",false,1,15.90,2.1781,true,1,6532
22200956949,false,דאודורנט ג'ל כתום לגבר ספיד סטיק 85 גרם,קולגייט-פלמוליב,US,דאו.ספיד סטיק גל לגבר כתום 24/7,Unknown,0.00,Unknown,false,1,18.90,0.0000,true,1,3446
22224200837,false,וולבי ליקריץ שחור בסגנון אוסטרלי 114 גרם,קניס קנדי,,ממתק ליקריץ שחור וולבי 110 גר,גרמים,110.00,100 גרם,false,1,12.90,11.7273,true,1,10422
22314015037,false,ממרח ערמונים בצנצנת,,FR,ממרח ערמונים בצנצנת 250 גרם צרפת,גרמים,250.00,100 גרם,false,12,22.90,9.1600,true,1,38181
24000335238,false,"רוטב מולסה בלאקסטראפ 355 מ""ל",בי אנד ג'י,,סירופ מולסה בלאקסטראפ 355 מל בקבוק,מיליליטרים,355.00,"100 מ""ל",false,1,26.90,7.5775,true,1,7077
24100226429,false,סנשיין קרקר ציז איט אורגינל קטן 127 גרם,קיבלר,,קרקר ציז היט אורגינל 127 גר,גרמים,127.00,100 גרם,false,1,10.90,8.5827,true,1,15071
24463061095,false,רוטב פלפל צ'ילי חריף לחיץ 435 ג' סריראצה,הוי פונג פודס,,רוטב חריף סיראצה 435 גר,גרמים,435.00,100 גרם,false,1,32.90,7.5632,true,1,7851
25675120068,false,מקלות חמצוצים בטעם קולה פשקז 100 גרם,פשקז Paskesz,NL,מקלות חמוץ 100 ג קולה,גרמים,100.00,100 גרם,false,1,8.90,8.9000,true,1,3435
25675122185,false,חטיפי פירות פשקס פרו,,US,חטיפי פירות פשקס פרוט פירות טרופיים 142ג,גרמים,142.00,100 גרם,false,12,12.90,9.0845,true,1,30011
25675122208,false,פשקס פרוט סנאק בטעם פירות יער 142 גרם,,US,חטיפי פירות פשקס פרוט פירות יער 142גרם,גרמים,142.00,100 גרם,false,12,12.90,9.0845,true,1,30012
25675122253,false,חטיפי פירות פשקס פרו,,US,חטיפי פירות פשקס פרוט תות שדה 142גרם,גרמים,142.00,100 גרם,false,12,12.90,9.0845,true,1,30013
25675301184,false,חמצוצים מקלות חמוצים קולה 50 גרם,פשקז Paskesz,NL,מקלות חמוצוצים קולה 50 גר,Unknown,0.00,Unknown,false,1,4.90,0.0000,true,1,3163
25675301207,false,מקלות חמוצים חמצוצים תפוח עץ 50 גרם,פשקז Paskesz,NL,מקלות חמוצוצים תפוח עץ 50 גר,Unknown,0.00,Unknown,false,1,4.90,0.0000,true,1,1506
25700005650,false,שקיות הקפאה גדולות- 14 יח' זיפלוק,אס.סי.גונסון ובניו,US,שקיות הקפאה זיפלוק גדולות 14יח,יחידה,14.00,יחידה,false,12,13.90,0.9929,true,1,36936
25700005674,false,זיפלוק שקיות אחסון סליידר גדולות 15 יחידות,אס.סי.ג'\ונסון מידרכט,US,שקיות אחסון זיפלוק סליידר גדולות 15יח,יחידה,15.00,יחידה,false,12,16.90,1.1267,true,1,36937
25700005681,false,זיפלוק שקיות אחסון סליידר בינוניות 20 יחידות,אס.סי גונוסון,US,שקיות איחסון זיפלוק סליידר בינוניות 20יח,יחידה,20.00,יחידה,false,12,16.90,0.8450,true,1,36938
25700005698,false,זיפלוק שקיות אחסון בינוניות 24 יחידות,אס.סי.גונסון ובניו,US,שקיות איחסון זיפלוק בינוניות 24יח,יחידה,24.00,יחידה,false,12,13.90,0.5792,true,1,36934
27000390146,false,האנטס רוטב עגבניות 426 גרם,קונאגרה פודס,US,רוטב עגבניות האנט 425 גר,גרמים,425.00,100 גרם,false,1,11.50,2.7059,true,1,4213
29801025203,false,עוגיות חמאה קריספי - ב. באטרס 200 גר,HAMLET NV,,עוגיות חמאה באטרס קריספי 200 גר,גרמים,200.00,100 גרם,false,1,18.90,9.4500,true,1,6310
30000315989,false,קוואקר פרוטאין חמוציות ושקדים 372 גרם,קוואקר אוטס קומפני,US,קואקר פרוטאין חמוציות ושקדים 366 ג שקית,גרמים,366.00,100 גרם,false,1,22.90,6.2568,true,1,28410
30100472414,false,סנדוויץ קרקר קלאב צדר 311 גרם,קיבלר,,קרקר סנדוויץ קיבלר צאדר שמיניה 311 גר,גרמים,311.00,100 גרם,false,1,26.90,8.6495,true,1,30431
31200001597,false,חמוציות אושן ספריי קליית גת בשקית 170 גרם,אושן ספריי,US,חמוציות אושן ספריי 170 ג,גרמים,170.00,100 גרם,false,1,12.90,7.5882,true,1,3871
31290140107,false,גודייבה אצבעות שוקולד 72% 90 גרם,"אולקר מקבוצת פלאדיס, ציק",TR,שוקולד גודאיבה סטיקס 72% מריר 90 גר,Unknown,0.00,Unknown,false,18,14.90,0.0000,true,1,35144
31290140176,false,שוקולוד מריר בתוספת שקדים שוקולד גודייבה פינגרס,"אולקר מקבוצת פלאדיס, ציק",TR,שוקולד גודאיבה סטיקס מריר שקד 90 גר,Unknown,0.00,Unknown,false,18,14.90,0.0000,true,1,35145
31290140190,false,גודייבה אצבעות שוקולד מריר עם נגיעות מלח ים 90 גרם,"אולקר מקבוצת פלאדיס, ציק",TR,שוקולד גודאיבה סטיקס מלח ים 90 גר,Unknown,0.00,Unknown,false,18,14.90,0.0000,true,1,35146
31290140237,false,שוקולד חלב 90 גר Godiva sticks,"אולקר מקבוצת פלאדיס, ציק",TR,שוקולד גודאיבה סטיקס חלב 90 גר,Unknown,0.00,Unknown,false,18,14.90,0.0000,true,1,35148
33200140702,false,פרש אנד סופט דפים למייבש כביסה 100 יח' ניחוח מרענן,פרש אנד סופט Frash'n soft,US,דפים למייבש פרש ניחוח מרענן 100 יח,יחידה,100.00,יחידה,false,1,28.90,0.2890,true,1,7848
33200143307,false,קלין סנטסיישנס 40 דפי מייבש כביסה ורוד,,US,דפים למייבש כביסה קלין סנטסיישנס 40דף,Unknown,0.00,Unknown,false,1,11.90,0.0000,true,1,48292
33200147701,false,פרש&סופט דפים למייבש בניחוח טרופי 100 יח,פרש אנד סופט Frash'n soft,US,דפים למייבש פרש סופט 100 יח,יחידה,100.00,יחידה,false,1,28.90,0.2890,true,1,4156
33617000026,false,קרקר ואזה 203-275 גרם מקמח מלא 260,כלורוקס אוקלנד,SE,פת פריכה ואזה קלה מקמח מלא260ג,גרמים,260.00,100 גרם,false,1,11.90,4.5769,true,1,10864
33617322616,false,פת פריכה מקמח שיפון ואזה 270 גרם,כלורוקס אוקלנד,SE,פת פריכה ואזה קלה מקמח שיפון 270 גר,גרמים,270.00,100 גרם,false,1,11.90,4.4074,true,1,8629
33617340610,false,קרקר ואזה 203-275 גרם מקמח שיפון 275,כלורוקס אוקלנד,SE,פת פריכה ואזה מקמח שיפון 250 גרם,גרמים,250.00,100 גרם,false,1,11.90,4.7600,true,1,8628
34000148301,false,הרשי נטיפי שוקולד מריר לאפייה 340 גר,ליימן מותגים,US,נטיפי שוקולד מריר הרשי לאפיה 340 גר,גרמים,340.00,100 גרם,false,1,20.00,5.8824,true,1,19349
34000196173,false,הרשי טבלה XL בטעם שוקולד לבן עם שברי עוגיות 113 גרם,ליימן מותגים,US,שוקולד הרשי קוקיס אנד קרים 113 גר,גרמים,113.00,100 גרם,false,1,8.90,7.8761,true,1,14589
34000312177,false,הרשי סירופ בטעם שוקולד 680 גרם,ליימן מותגים,US,סירופ שוקולד הרשי 680 מל,מיליליטרים,680.00,"100 מ""ל",false,1,20.00,2.9412,true,1,4294
34000442652,false,ריזס טבלה בטעם שוקולד ממולאת קרם בוטנים 120 גרם,ליימן מותגים,US,שוקולד הרשי ריסז 120 גר,גרמים,120.00,100 גרם,false,1,8.90,7.4167,true,1,14590
34000446001,false,ריזס מיניאטורס- חטיף שוקולד במילוי חמאת בוטנים 150 גרם,ליימן מותגים,,חטיפי שוקולד הרשי ריזס מינס 100 גר,גרמים,100.00,100 גרם,false,1,10.90,10.9000,true,1,11302
34000470228,false,ריזס מיניס חטיף שוקולד במילוי חמאת בוטנים 70 גרם,הרשי,US,חטיפי שוקולד הרשיז ריזס מיני 70 גר,Unknown,0.00,Unknown,false,1,6.50,0.0000,true,1,11301
34000470563,false,ריסז מיניס באריזה משפחתית 215 גרם,ליימן מותגים,US,הרשי ריסז מיניס 215 גרם,גרמים,215.00,100 גרם,false,8,19.90,9.2558,true,1,29347
34000544028,false,סוכריות ארוכות בטעם תות טוויזלרס Twizzlers,ליימן מותגים,US,סוכריות טוויזלר תות שדה 198 גר,גרמים,198.00,100 גרם,false,12,8.90,4.4949,true,1,2478
34000544431,false,ממתקי הרשיז טוויזלרס טעם דובדבן 172 גרם,ליימן מותגים,US,סוכיות טוויזלר דובדבן 172 גרם,גרמים,172.00,100 גרם,false,12,8.90,5.1744,true,1,44156
34000996643,false,הרשי דרופס באריזה משפחתית 215 גרם,ליימן מותגים,US,סוכריות הרשי דרופס 215 גרם,גרמים,215.00,100 גרם,false,8,19.90,9.2558,true,1,29346
35000689535,false,קולגייט מברשת שיניים מקס וייט סופט זוג,קולגייט-פלמוליב,CN,זוג מב.שיניים קולגייט מקס וייט סופט,Unknown,0.00,Unknown,false,1,27.90,0.0000,true,1,6836
36000183399,false,בגד ים חד פעמי ליטל סווימרס M 7-15 kg,חוגלה קימברלי,CZ,חיתול האגיס ליטל סווימרס סמול,Unknown,0.00,Unknown,false,1,29.90,0.0000,true,1,1516
36000516876,false,ממחטות נייר קלינקס לושן 3 שכבות 75 דף,חוגלה קימברלי,US,מגבוני אף קלינקס לושן 75 יח שלוש שכבות,יחידה,75.00,יחידה,false,1,12.90,0.1720,true,1,31007
36000516890,false,ממחטות אף עם אלוורה + ויטמין E תלת שכבתי,חוגלה קימברלי,US,מגבוני אף קלינקס לושן 120 יח שלוש שכבות,יחידה,120.00,יחידה,false,1,14.90,0.1242,true,1,31008
37600207188,false,חמאת בוטנים קלאסי סקיפי 462 גרם,חברת המזון אלגוד,US,חמאת בוטנים סקיפי קלאסי 462 גר,גרמים,462.00,100 גרם,false,1,19.90,4.3074,true,1,12178
37600207256,false,חמאת בוטנים עם שברי בוטנים סקיפי 462 גרם,חברת המזון אלגוד,US,חמאת בוטנים סקיפי שיברי בוטנים 462 גר,גרמים,462.00,100 גרם,false,1,19.90,4.3074,true,1,12179
37600207287,false,סקיפי חמאת בוטנים בטעם דבש 462 גרם,חברת המזון אלגוד.,US,חמאת בוטנים סקיפי עם דבש 462 גר,גרמים,462.00,100 גרם,false,1,19.90,4.3074,true,1,12180
37600297943,false,מטבל סלסה חריף- צ'י צ'י 439 גר,hormel foods,US,סלסה צי ציז חריפה 439 גרם,גרמים,439.00,100 גרם,false,12,19.90,4.5330,true,1,50855
37600297967,false,מטבל סלסה בחריפות עדינה ציי צי 439 גר,מותגים,US,סלסה צי ציז חריפות עדינה 439 גרם,גרמים,439.00,100 גרם,false,12,19.90,4.5330,true,1,50854
37977005288,false,מאם מוצצים סיליקון 6+ תכלת לבן,מאם Mam,HU,זוג מוצצי מאמ סיליקון קריסטל 6+ תכלת,יחידה,2.00,יחידה,false,1,34.90,17.4500,true,1,22805
37977050059,false,מאם מוצצים סיליקון 0-2 תכלת,General,HU,זוג מוצצי מאמ סיליקון 0-2 בן תכלת,יחידה,2.00,יחידה,false,1,34.90,17.4500,true,1,22799
38000138607,false,חטיף צ'יפס בטעם מלח וחומץ,פרינגלס מנופקצ'ורינג,US,חטיף תפוא פרינגלס מלח וחומץ 158 גר,גרמים,158.00,100 גרם,false,1,9.90,6.2658,true,1,37070
38000138638,false,חטיף צ'יפס פרינגלס פיצה 158 גרם,פרינגלס מנופקצ'ורינג קונ,US,חטיף תפוא פרינגלס פיצה 158 גר,גרמים,158.00,100 גרם,false,1,9.90,6.2658,true,1,17831
38000138720,false,חטיף צ'יפס פרינגלס ראנץ 158 גרם,פרינגלס מנופקצ'ורינג קונ,US,חטיף תפוא פרינגלס ראנץ 158 גר,גרמים,149.00,100 גרם,false,1,9.90,6.6443,true,1,24161
38000169663,false,פרינגלס אורגינל 194 גרם,פרינגלס מניופקצ'\ורינג ק,US,חטיף פרינגלס קלאסי מגה פק 194 גרם,גרמים,194.00,100 גרם,false,1,11.90,6.1340,true,1,36780
38000183690,false,חטיף צ'יפס פרינגלס מידי ברביקיו 71 גרם,פרינגלס מנופקצ'ורינג,US,חטיף פרינגלס מידי ברביקיו 71 גר,Unknown,0.00,Unknown,false,1,5.50,0.0000,true,1,21779
38000183928,false,פרינגלס חרדל ודבש 158 גרם,פרינגלס מניופקצ'ורינ,US,חטיף תפוא פרינגלס חרדל ודבש 158 גר,גרמים,158.00,100 גרם,false,1,9.90,6.2658,true,1,36118
38000197840,false,פרינגלס גלי בטעם חריף מתוק 137 ג',פרינגלס מניופקצ'\ורינג ק,US,חטיף פרינגלס גלי חריף מתוק 130 גרם,גרמים,130.00,100 גרם,false,1,9.90,7.6154,true,1,36781
38000202278,false,חטיף צ'יפס גלי בטעם אורגינל מלוח,פרינגלס מניופקצ'\ורינג ק,US,חטיף תפוא פרינגלס חרדל ודבש 158 גר,גרמים,130.00,100 גרם,false,1,10.90,8.3846,true,1,33848
38000232152,false,פרינגלס חטיפי תפוח אדמה בטעם ברביקיו 158 גרם,פרינגלס מנופקצ'ורינג קומ,US,חטיף תפוא פרינגלס ברביקיו 158 גר,גרמים,158.00,100 גרם,false,1,9.90,6.2658,true,1,32248
38000232169,false,פרינגלס מידי אורגינל 67 גרם.,פרינגלס מנופקצ'ורינג קונ,US,חטיף פרינגלס מידי אורגינל 67 גר,Unknown,0.00,Unknown,false,1,5.50,0.0000,true,1,32249
38000232176,false,פרינגלס ביג שמנת בצל 158 גרם,פרינגלס מנופקצ'ורינג קונ,US,חטיף תפוא פרינגלס בצל שמנת 158 גר,גרמים,158.00,100 גרם,false,1,9.90,6.2658,true,1,32247
38000232183,false,פרינגלס ביג אורגינל 149 גרם,פרינגלס מנופקצ'ורינג קונ,US,חטיף תפוא פרינגלס אורגינל 149 גר,גרמים,149.00,100 גרם,false,1,9.90,6.6443,true,1,32246
38527591053,false,קואקר דגנים מרובעים שיבולת שועל וקינמון,קוואקר אוטס קומפני,US,ד.בוקר קואקר מרובעים קינמון 412 ג,גרמים,412.00,100 גרם,false,1,17.90,4.3447,true,1,9039
38527591060,false,דגני קוואקר מרובעים Quaker Squares עם סוכר חום,קוואקר אוטס קומפני,US,ד.בוקר קואקר מרובעים 412 ג,גרמים,412.00,100 גרם,false,1,17.90,4.3447,true,1,9040
38900779238,false,מיץ אננס דול רביעיות 4*250 מל,דול פיליפינים אינק,PH,מיץ אננס דולי רביעייה 250/4מל,מיליליטרים,250.00,"100 מ""ל",false,1,15.90,6.3600,true,1,9345
39000008006,false,אורטגה טאקו SHELL מקסיקני 164 גרם,בי אנד ג'י,US,קונכיות מתירס לבן למילוי ל.ג 164 גר,גרמים,140.00,100 גרם,false,1,21.90,15.6429,true,1,19713
39000008051,false,אורטגה קיט ארוחת טאקו 283 גרם,בי אנד ג'י,US,אורטגה טאקו דינר 12 יח,יחידה,1.00,יחידה,false,1,33.90,33.9000,true,1,9499
39000008907,false,אורטגו רוטב טאקו מיילד 226 גרם,בי אנד ג'י,US,רוטב לטאקו אוטגה 226 גר,מיליליטרים,226.00,"100 מ""ל",false,1,17.50,7.7434,true,1,7285
39000010351,false,פלפל חלפיניו בצנצנת אורטגה 340 גרם,בי אנד ג'י,,פלפל חלפנו פרוס אורטגה 354 גר צנצנת,מיליליטרים,354.00,"100 מ""ל",false,1,19.90,5.6215,true,1,15204
39047001152,false,ווקרס עוגיות חמאה פינגרס 150 גרם,,GB,עוגיות ווקרס חמאה פינגרס 150 ג,גרמים,150.00,100 גרם,false,12,17.90,11.9333,true,1,2234
40000512943,false,סוכריות אם אנד אמס M&M שוקולד חלב,M&M אם אנד אם,US,שוקולד אם אנד אם 300 גרם,גרמים,300.00,100 גרם,false,,19.90,6.6333,true,1,34163
40000513568,false,סוכריות אם אנד אמס M&M שוקולד חלב,M&M אם אנד אם,US,שוקולד אם אנד אם 155 גרם,גרמים,155.00,100 גרם,false,,11.90,7.6774,true,1,34161
40000513629,false,M&M's חמאת בוטנים אריזה גדולה 152 גרם,מארס,US,שוקולד חמאת בוטנים אם אנד אם 155 גרם,גרמים,155.00,100 גרם,false,,11.90,7.6774,true,1,34160
40000514480,false,M&M אריזה קטנה's שוקולד אריזה קטנה 48 גרם,M&M אם אנד אם,US,רסוכריות אם אנד אמס שוקולד48 גר,Unknown,0.00,Unknown,false,,5.00,0.0000,true,1,34166
40000514510,false,M&M אריזה קטנה's בוטנים אריזה קטנה 49 גרם,M&M אם אנד אם,US,שוקולד בוטנים אם אנד אם 49 גר,Unknown,0.00,Unknown,false,,5.00,0.0000,true,1,34164
41143028681,false,צימוקים בקופסא סאן מייד 400 גר',,US,צימוקים סאן מייד 400 גרם בקופסא,גרמים,400.00,100 גרם,false,12,19.90,4.9750,true,1,35416
41143049419,false,דומדמניות מיובשות סא,,US,דומדומניות מיובשות סאן מייד 227גרם,גרמים,227.00,100 גרם,false,12,26.90,11.8502,true,1,35419
41152232017,false,רובי קיסט רוטב חמוציות ג'לי 397 גרם,גולד פיור פוד,US,רוטב קרנברי גל רובי קיטס 397 מל,מיליליטרים,397.00,"100 מ""ל",false,1,14.50,3.6524,true,1,3094
41152282012,false,רוביקיסט רוטב חמוציות שלם בפחית 397 גרם,קלמנט פאפס,US,רוטב קרנברי פרי רובי קידס 454 מל,מיליליטרים,454.00,"100 מ""ל",false,1,14.50,3.1938,true,1,3093
41190017522,false,רוטב וושסטר שופרייט,,US,רוטב וושסטר שופרייט 296 מל,מיליליטרים,296.00,"100 מ""ל",false,12,16.90,5.7095,true,1,41083
41190022663,false,שופ רייט דייסת מייפל סוכר חום 430 גרם,ווקפרן פוד,,קואקר נמס שופרייט מייפל 350 גר,גרמים,350.00,100 גרם,false,1,22.50,6.4286,true,1,12766
41224468108,false,עגבניות מיובשות שמן זית 340 גרם ROLAND,סיגס גיטה,TR,עגבניות מיובשות בשמן זית 340גר רולאנד,מיליליטרים,340.00,"100 מ""ל",false,12,23.90,7.0294,true,1,40508
41224700062,false,צלפים מיניאטורים במלח 75 גר,סיבס,TR,צלפים מינאטורים במלח 75 גר רולנד,גרמים,75.00,100 גרם,false,24,13.90,18.5333,true,1,6499
41224700260,false,צלפים מיניאטורים בחומץ 90 ג,סיבס,TR,צלפים מינאטורים בחומץ 90 גר רולנד,Unknown,0.00,Unknown,false,24,13.90,0.0000,true,1,6500
41224700925,false,פירות הצלף מוחמצים 466 מ,סיבס,TR,צלפים פירות בחומץ רולנד 466 מל,מיליליטרים,466.00,"100 מ""ל",false,12,24.90,5.3433,true,1,40174
41224703506,false,"גרעיני פלפל ירוק בחומץ 110 מ""ל ROLAND",טארימסל גידה,,גרעיני פלפל ורוד ירוק בחומץ 110מל רולאנד,מיליליטרים,110.00,"100 מ""ל",false,1,13.90,12.6364,true,1,9515
41255431515,false,מלית מילוי פאי טעם ל,פיניקל פודס,US,מלית מילוי פאי טעם לימון 465 גר,גרמים,465.00,100 גרם,false,1,26.00,5.5914,true,1,10425
41321005459,false,ווישבון רוטב בסגנון איטלקי דל שומן,פיניקל פודס גרופ,US,רוטב ווישבון איטלקי דל שומן 444 מל,מיליליטרים,444.00,"100 מ""ל",false,6,22.90,5.1577,true,1,45289
41335000501,false,רוטב ומרינדה איטלקי 473 גר,קנס פודס,,רוטב קנס איטלקי מרינדה 473 גר,גרמים,473.00,100 גרם,false,1,29.90,6.3214,true,1,7111
41335000532,false,רוטב אלף האיים ענק 473 גרם,קנס פודס,,רוטב קנס אלף האיים 473 גר,גרמים,473.00,100 גרם,false,1,29.90,6.3214,true,1,4711
41335000594,false,רוטב סלט קיסר 473 גר קנז,קנס פודס,,רוטב קנס קיסר 473 מל,מיליליטרים,473.00,"100 מ""ל",false,1,29.90,6.3214,true,1,9615
41335001294,false,קנז רוטב ויניגרט בלסמי 473 גר,קנס פודס,,רוטב קנס וינגרט בלסמי 473 מל,מיליליטרים,473.00,"100 מ""ל",false,1,29.90,6.3214,true,1,17742
41390001451,false,רוטב סויה קיקומן 1.2 קילו,קיקומן פודז אינק,US,רוטב סויה קיקומן 1.2 ליטר,ליטרים,1.20,ליטר,false,1,46.90,39.0833,true,1,1547
41390010309,false,"רוטב טריאקי קיקומן 444 מ""ל",קיקומן פודז אינק,US,רוטב טריאקי קיקומן 444 מל,מיליליטרים,444.00,"100 מ""ל",false,1,19.90,4.4820,true,1,13724
41421177452,false,"רייטס רוטב היקורי מעושן מרוכז 103 מ""ל",בי אנד ג'י,US,רוטב היקורי מעושן מרוכז 103 מל,מיליליטרים,103.00,"100 מ""ל",false,1,17.90,17.3786,true,1,12842
41500000299,false,חרדל דבש דיג'ון פרנצס לחיץ 340 גרם,פרנצ'ס,US,חרדל פרנצס דבש דיזון 340 גר,גרמים,340.00,100 גרם,false,12,19.90,5.8529,true,1,30571
41500000428,false,חרדל חריף פרנצ'ס לחיץ 340 גרם,פרנצ'ס,US,חרדל פרנצס חום חריף 340 גר,גרמים,340.00,100 גרם,false,12,19.90,5.8529,true,1,30570
41500007007,false,חרדל צהוב פרנצס קלאסי לחיץ 226 גרם,פרנצ'ס,US,ממרח חרדל פרנצס קלאסי לחיץ 226 גרם,גרמים,226.00,100 גרם,false,12,11.90,5.2655,true,1,1872
41500013107,false,רוטב וורצסטר פרנצס29,רקיט בנקיזר,US,רוטב וורצסטר פרנצס 296 מל,מיליליטרים,296.00,"100 מ""ל",false,1,20.00,6.7568,true,1,32834
41500013183,false,רוטב וורצסטר פרנצס גדול,,US,רוטב וורצסטר פרנשס 443 מל,מיליליטרים,448.00,"100 מ""ל",false,6,26.90,6.0045,true,1,48425
41500745107,false,"אמריקן גורנן רד הוט 354 מ""ל כנפיים",,US,רוטב רד הוט באפלו לכנפיים 354 ג,Unknown,0.00,Unknown,false,1,27.90,0.0000,true,1,50514
41500805016,false,"רוטב רד הוט פלפל 148 מ""ל",רקיט בנקיזר,,רוטב רד הוט חריף 148 מל,מיליליטרים,148.00,"100 מ""ל",false,1,13.90,9.3919,true,1,4158
41500805023,false,"רוטב פלפל רד האט 354 מ""ל",רקיט בנקיזר,,רוטב רד הוט קלאסי 354 מל,מיליליטרים,354.00,"100 מ""ל",false,1,27.90,7.8814,true,1,3719
41500818467,false,"פרנצ רוטב ווסטר מופחת נתרן 443 מ""ל",,US,רוטב וורצסטר פרנשס דל נתרן 443 מל,מיליליטרים,448.00,"100 מ""ל",false,6,26.90,6.0045,true,1,48426
41501008034,false,אורטגה טאקו מקסיקני מתירס מלא 164 גרם,בי אנד ג'י,,קונכיות מתירס אורטגה למילוי ל.ג.140 גר,גרמים,140.00,100 גרם,false,1,21.90,15.6429,true,1,15865
41501519455,false,אורטגה טאקו SHELL מקסיקני 140 גרם,בי אנד ג'י,IL,טאקו אורטגה מתירס צהוב 140 גרם,גרמים,140.00,100 גרם,false,1,24.90,17.7857,true,1,51463
41501520277,false,אורטגה טאקו מתירס כחול 117 גרם,בי אנד ג'י,US,טאקו אורטגה מתירס כחול 117 גרם,גרמים,117.00,100 גרם,false,12,25.90,22.1368,true,1,51462
41501537305,false,מארז 3 יח אורטגה תיב,בי אנד ג'י,,מארז 3 יח אורטגה תיבול לטאקו 84 גרם,Unknown,0.00,Unknown,false,24,26.90,0.0000,true,1,51626
41570113059,false,בלו דיאמנד משקה שקדים אורגינל 1 ליטר,בלו דיאמונד,ZA,משקה חלב שקדים אורגינל 1 ליטר בלו דיאמנד,ליטרים,1.00,ליטר,false,12,19.90,19.9000,true,1,25005
41570113066,false,בלו דיאמנד משקה שקדים אוריגינל ללא תוספת סוכר 1 ליטר,בלו דיאמונד,ZA,משקה חלב שקדים ללא סוכר1 ליטר בלו דיאמנד,ליטרים,1.00,ליטר,false,12,19.90,19.9000,true,1,25006
41570113080,false,בלו דיאמנד משקה שקדים בטעם וניל ללא תוספת סוכר 1 ליטר,בלו דיאמונד,ZA,משקה חלב שקדים בטעם וניל ללא סוכר 1ליטר,ליטרים,1.00,ליטר,false,12,19.90,19.9000,true,1,25008
41570113103,false,בלו דיאמנד משקה שקדים בריסטה להקצפה 1 ל,בלו דיאמונד,ZA,משקה חלב שקדים בריסטה להקצפה 1 ליטר,ליטרים,1.00,ליטר,false,12,22.90,22.9000,true,1,25009
41740000806,false,"גולד בורשט 710 מ""ל Borscht",גולד פיור פוד,US,בורשט גולדס 710 מל,מיליליטרים,710.00,"100 מ""ל",false,1,19.90,2.8028,true,1,6943
42400108153,false,דגני בוקר צבעוניים בטעם פירות טוטי פרוטיס,פוסט ארצות הברית,US,דגני פוסט טוטי פרוטי 354 גר,גרמים,354.00,100 גרם,false,14,22.90,6.4689,true,1,37538
44300125131,false,"רוטב סויה לה צ'וי 295 מ""ל",,US,רוטב סויה לה צוי 295 מל,מיליליטרים,295.00,"100 מ""ל",false,12,19.90,6.7458,true,1,3721
44300125315,false,רוטב טריאקי לה צוי 2,,US,רוטב טריאקי לה צוי 295 מל,מיליליטרים,295.00,"100 מ""ל",false,12,19.90,6.7458,true,1,40955
46214372250,false,"עוגיות שטרודל פריכות תפו""ע וצימוקים",מרבה Merba,NL,עוגיות שוקוציפס מרבה שטרודל תפוחי 225 גר,גרמים,225.00,100 גרם,false,1,9.90,4.4000,true,1,1552
46214382259,false,עוגיות בראוניס שוקולד 225 ג',בנקטבקריי מרבה בי.וי,NL,עוגיות שוקוציפס מרבה בראוניז 225 גר,גרמים,225.00,100 גרם,false,1,9.90,4.4000,true,1,1553
46214731552,false,עוגיות שוקולד צ'יפס 37% גודיס 225 גרם,קריניציה ויטמינה אס,NL,עוגיות שוקוציפס מרבה שוקולד 225 גר,גרמים,225.00,100 גרם,false,1,9.90,4.4000,true,1,1554
47800175477,false,"רייטס רוטב מסקיט מעושן מרוכז 103 מ""ל",בי אנד ג'י,US,רוטב היקורי מעושן מרוכז 103 מל,מיליליטרים,103.00,"100 מ""ל",false,1,17.90,17.3786,true,1,12068
48256214758,false,מסיר כתמים קשים לכביסה לבנה וצבעונית,יעקבי- אסטוניש Astonish,GB,אסטוניש אבקת הפלא לכביסה 1 קג,קילוגרמים,1.00,"ק""ג",false,1,25.90,25.9000,true,1,3750
49319110017,false,דשינומוטו YAMAKI יפני 50 גרם,JFC JAPAN INC.,,ציר דגים דאשינומוטו 50 גר,Unknown,0.00,Unknown,false,1,18.50,0.0000,true,1,3159
50000015474,false,"מזון חתולים פריסקיז מעדני הים 1.43 ק""ג",פריסקיז,US,מזון חתולים פריסקיז מעדני הים 1.43 קג,קילוגרמים,1.43,"ק""ג",false,1,38.90,27.2028,true,1,38654
50000084500,false,מזון יבש לחתול בטעם נתחי ברביקיו פריסקיז Friskies,נסטלה פורינה USA מק,US,מזון חתולים פריסקיז מעדני השף 1.4 קג,קילוגרמים,1.40,"ק""ג",false,1,38.90,27.7857,true,1,4072
50000100347,false,"פריסקיז - מעדני החתול מועשר בחלב 1.40 ק""ג",נסטלה פורינה USA מק,US,מזון חתולים פריסקיז מעדני החתול 1.43 קג,קילוגרמים,1.43,"ק""ג",false,1,38.90,27.2028,true,1,4289
50000168583,false,"מזון חתולים פריסקיז אקסטרא קראנץ 1.43 ק""ג",פריסקיז,US,מזון חתולים פריסקיז אקסטרא קראנץ 1.43 קג,קילוגרמים,1.43,"ק""ג",false,1,38.90,27.2028,true,1,38656
50000170180,false,מזון חתולים פריסקיז עוף ברוטב 156 גרם,נסטלה פורינה USA קר,US,מזון חתולים פריסקיז עוף ברוטב 156 גר,גרמים,156.00,100 גרם,false,1,6.50,4.1667,true,1,7132
50000237951,false,פריסקיז פארטי מיקס מיקס גריל קראנץ10*60גרם,נסטלה פורינה פטקר ארצות,US,פריסקיז פארטי מיקס גריל קראנץ 60 גר,Unknown,0.00,Unknown,false,10,11.90,0.0000,true,1,50235
50000238910,false,פריסקיז פארטי מיקס אוריגי'נל קראנץ10*60גרם,נטסלה פורינה פטקר ארצות,US,פריסקיז פארטי מיקס אורגינל קראנץ 60 גר,Unknown,0.00,Unknown,false,10,11.90,0.0000,true,1,50234
50000292615,false,פנסי פיסט לבבות עוף וכבד ר. עשיר 24*85,נסטלה פורינה USA סט,US,מזון חתולים פנסי פיסט לבבות וכבד85 גרם,גרמים,85.00,100 גרם,false,1,6.50,7.6471,true,1,15618
50000397587,false,אבקה להכנת שוקו חלבי 6 שקיות 121 ג' Nestle,נסטלה,US,אבקה שוקו חם נסטלה שוקולד חלב 121 גר,גרמים,121.00,100 גרם,false,1,22.90,18.9256,true,1,21098
50000429042,false,מזון חתולים כבד מעודן ועוף פנסי פיסט 85 גרם,נסטלה פורינה USA ג',US,מזון חתולים פנסי פיסט כבד מעודן 85 גר,גרמים,85.00,100 גרם,false,1,6.50,7.6471,true,1,4495
50000429448,false,פריסקיז פנסי פיסט פטה מוס סלמון 85 גרם,נסטלה פורינה USA סט,US,מזון חתולים פנסי פיסט מוס סלמון 85 גרם,גרמים,85.00,100 גרם,false,1,6.50,7.6471,true,1,1793
50000429646,false,פריסקיז פנסי פיסט לח דג אוקיאנוס 85 גרם,נסטלה פורינה USA ג',US,מזון חתולים פנסי פיסט דג אוקיינוס 85 גרם,גרמים,85.00,100 גרם,false,1,6.50,7.6471,true,1,1794
50000445691,false,מזול חתולים פריסקיז עוף וסלמון ברוטב 156 גרם,נסטלה פורינה USA קר,US,מזון חתולים פריסקיז סלומון 156 גר,גרמים,156.00,100 גרם,false,1,6.50,4.1667,true,1,9436
50000571987,false,מזון חתולים נתחי עוף ברוטב פריסקיז 156 גרם,נסטלה פורינה USA קר,US,מזון חתולים פריסקיז נחתי עוף 156 גר,גרמים,156.00,100 גרם,false,1,6.50,4.1667,true,1,9437
50000574438,false,פריסקיז פארטי מיקס מעדני ים קראנץ10*60גרם,נסטלה פורינה פטקר ארצות,US,פריסקיז פארטי מיקס מעדני ים קראנץ 60 גר,Unknown,0.00,Unknown,false,10,11.90,0.0000,true,1,50236
50000578238,false,פריסקיז פארטי מיקס קרייזי צ'יז 60 גרם,נסטלה פורינה פטקר ארצות,US,פריסקיז פארטי מיקס קרייזי ציז 60 גר,Unknown,0.00,Unknown,false,10,11.90,0.0000,true,1,50238
51131651425,false,מתלה גדול כולל דבק,3m,,מתלה גדול כולל דבק,יחידה,1.00,יחידה,false,1,16.90,16.9000,true,1,14749
51131809741,false,צמדנים לתמונות בינונ,3m,,צמדנים לתמונות בינוני 3 זוגות,יחידה,3.00,יחידה,false,1,19.90,6.6333,true,1,14761
51131978393,false,זוג שפורפרות סופר גלו גל 4 גר,Unknown,,זוג דבק סופר גלו גל 4 גרם,יחידה,2.00,יחידה,false,1,18.90,9.4500,true,1,14744
51131995963,false,מתלה אמבט ניקל יוקרת,3m,,מתלה אמבט ניקל יוקרתי עם פס הדבקה,יחידה,1.00,יחידה,false,1,49.90,49.9000,true,1,14758
51135208298,false,מספריים לשימוש ביתי,3m,,מספריים גודל 6 אינץ,יחידה,1.00,יחידה,false,1,12.90,12.9000,true,1,14763
51135807514,false,סופר גלו נוזלי 4 שפופרות,Unknown,,דבק סופר גלו 4 שפופרות מיני חד פעמיות,יחידה,4.00,יחידה,false,1,15.90,3.9750,true,1,14753
51141234892,false,גליל ניירות דביקים 60 יחיודות סקוטש ברייט,סקוטצ' ברייט Scotch Brite,,גליל ניירות דביקים 60 דף סקוטש ברייט,יחידה,60.00,יחידה,false,1,25.90,0.4317,true,1,41141
51141239590,false,מטלית לניקוי נירוסטה,3m,CN,מטלית לניגוב נירוסטה אינה מותירה סיבים,יחידה,1.00,יחידה,false,1,12.90,12.9000,true,1,14740
51141348346,false,מתלה שקוף קטן 2יח עם,3m,,מתלה שקוף קטן 2יח עם שני פסי הדבקה לשימו,יחידה,2.00,יחידה,false,1,15.90,7.9500,true,1,14755
51141913131,false,ספוג קרצוף לניקוי אמ,3m,US,ספוג קרצוף לאמבטיה סקוטש ברייט,יחידה,1.00,יחידה,false,6,22.90,22.9000,true,1,23552
51141917733,false,סופר גלו נוזלי 4 גר המשחרר טיפה אחת,3m,,דבק סופר גלו בקבוק פטנט 4 גרם,יחידה,1.00,יחידה,false,1,20.90,20.9000,true,1,14752
51497269876,false,תבלין סרירצה מוד 340,,,תבלין סרירצה מוד 340 גר,גרמים,340.00,100 גרם,false,1,34.90,10.2647,true,1,49485
52100002453,false,תערובת תיבול לסטייק 96 גר,מקורמיק,US,תערובת סטייק מונטריאול מקורמיק,Unknown,0.00,Unknown,false,1,19.90,0.0000,true,1,23054
52100002460,false,תערובת תיבול לעוף ודג 77 גר,מקרומיק,US,תערובת לעוף מונטריאול מקורמיק,Unknown,0.00,Unknown,false,1,19.90,0.0000,true,1,23056
52100002477,false,אבקת תיבול לתבשילים בסגנון הודי 28 גר,מקורמיק,US,תבלין קרי מקורמיק,Unknown,0.00,Unknown,false,1,18.90,0.0000,true,1,23052
52100002613,false,כורכום טחון מקורמיק,מקורמיק,US,כורכום טחון מקורמיק 27.8 גר,Unknown,0.00,Unknown,false,1,18.90,0.0000,true,1,23073
52100002699,false,פלפל לבן טחון מקורמי,מקורמיק,US,פלפל לבן טחון מקורמיק 28 גרם,Unknown,0.00,Unknown,false,12,22.90,0.0000,true,1,30580
52100004266,false,עלי טימין מקורמיק 10,מקורמיק,US,טימין מקורמיק,Unknown,0.00,Unknown,false,1,18.90,0.0000,true,1,23053
52100004389,false,קנמון טחון מקורמיק 6,מקורמיק,US,קנמון טחון מקורמיק 67 גר,Unknown,0.00,Unknown,false,1,19.90,0.0000,true,1,27179
52100004426,false,מקלות קינמון מקורמיק,,US,מקלות קינמון מקורמיק,Unknown,0.00,Unknown,false,1,27.90,0.0000,true,1,23061
52100004488,false,פפריקה מקורמיק 60 גרם,מקרומיק,US,פפריקה מקורמיק,Unknown,0.00,Unknown,false,1,22.90,0.0000,true,1,23059
52100005966,false,גבישי שום מקורמיק 85 גרם,מקרומיק,US,שום שבבים מקורמיק,Unknown,0.00,Unknown,false,1,27.90,0.0000,true,1,23063
52100006260,false,אבקת שום מקורמיק 88 גרם,מקרומיק,US,אבקת שום מקורמיק,Unknown,0.00,Unknown,false,1,27.90,0.0000,true,1,23062
52100006468,false,אבקת בצל מקורמיק 56.,,US,אבקת בצל מקורמיק 56.7 גר,Unknown,0.00,Unknown,false,1,18.90,0.0000,true,1,23076
52100006512,false,כמון טחון מקורמיק 42,מקורמיק,US,כמון טחון מקורמיק 42.5 גר,Unknown,0.00,Unknown,false,1,22.90,0.0000,true,1,23078
52100006765,false,תבלין פלפל אדום 42 גר,מקורמיק,US,פלפל אדום מקורמיק 42.50 גר,Unknown,0.00,Unknown,false,1,18.90,0.0000,true,1,23079
52100006987,false,עלי דפנה מקורמיק 3.4,מקורמיק,US,עלי דפנה מקורמיק 3.4 גר,Unknown,0.00,Unknown,false,1,18.90,0.0000,true,1,23081
52100029924,false,פלפל שחור טחון מקורמ,מקורמיק,US,פלפל שחור טחון מקורמיק 42 גרם,Unknown,0.00,Unknown,false,12,22.90,0.0000,true,1,30561
52100030043,false,פלפל שחור טחון גס 42 גרם,מקורמיק אנ גו,US,פלפל שחור טחון מקורמיק,Unknown,0.00,Unknown,false,1,19.90,0.0000,true,1,23057
52100030234,false,פלפל שחור שלם מקורמי,מקרומיק,US,פלפל שחור שלם מקורמיק 53 גר,Unknown,0.00,Unknown,false,1,27.90,0.0000,true,1,23084
52100034898,false,"תמצית ליים טהורה 29 מ""ל",מקורמיק,US,תמצית ליים טהורה מקורמיק 29 מל,Unknown,0.00,Unknown,false,1,16.90,0.0000,true,1,30574
52100036670,false,מלח הימליה ורוד במטחנה 70 גר,מקורמיק,US,מלח הימליה ורוד מקורמיק מטחנה 70 גר,Unknown,0.00,Unknown,false,1,18.90,0.0000,true,1,27178
52100040806,false,תערובת שום בצל פלפל שחור ומלח ים 120 גר,מקורמיק,US,תערובת מקורמיק שום בצל פלפל מלח ים120,גרמים,120.00,100 גרם,false,1,24.90,20.7500,true,1,27175
52100041155,false,תערובת מלח הימליה ורוד פלפל ושום 184 גר,מקורמיק,US,תערובת מקורמיק מלח הימליה פלפל ושום184ג,גרמים,184.00,100 גרם,false,1,24.90,13.5326,true,1,27174
52100070643,false,"תמצית בטעם שקדים 29 מ""ל",מקורמיק,US,תמצית שקדים מקורמיק 29 מל,Unknown,0.00,Unknown,false,1,10.90,0.0000,true,1,23047
52100070667,false,"תמצית אניס טהורה 29 מ""ל",מקורמיק,US,תמצית אניס טהורה מקורמיק 29 מל,Unknown,0.00,Unknown,false,1,16.90,0.0000,true,1,30572
52100070735,false,תמצית קוקוס מקורמיק,מקורמיק,US,תמצית קוקוס מקורמיק 29 מל,Unknown,0.00,Unknown,false,1,16.90,0.0000,true,1,30575
52100070766,false,תמצית מייפל מקורמיק,מקורמיק,,תמצית מייפל מקורמיק 29 מל,Unknown,0.00,Unknown,false,1,16.90,0.0000,true,1,38246
52100070780,false,"תמצית תפוז טהורה 29 מ""ל",מקורמיק,US,תמצית תפוז טהורה מקורמיק 29 מל,Unknown,0.00,Unknown,false,1,16.90,0.0000,true,1,30573
52100070827,false,"תמצית רום מקורמיק 29 מ""ל",מקרומיק תבלינים,US,תמצית רום 29 מל,Unknown,0.00,Unknown,false,1,11.90,0.0000,true,1,6903
52100070865,false,"תמצית וניל טהור מקורמיק 29 מ""ל",מקורמיק האנט ואלי,US,תמצית וניל טהור 29 מל,Unknown,0.00,Unknown,false,18,29.90,0.0000,true,1,2405
52100070995,false,תמצית בטעם וניל מקורמיק 59 גרם,מקורמיק,US,תמצית וניל מקורמיק 29 מל,Unknown,0.00,Unknown,false,1,10.90,0.0000,true,1,23048
52100071121,false,עלי בזיליקום מיובשים 24 גר,,US,עלי בזיליקום מקורמיק,Unknown,0.00,Unknown,false,12,27.90,0.0000,true,1,23060
52100071138,false,תבלין אורגנו (אורגנו,מקרומיק תבלינים,US,תבלין אורגנו ליוס 38 ג במיכל,Unknown,0.00,Unknown,false,1,19.90,0.0000,true,1,2404
52100136387,false,פלפל ושום במטחנה 34 גרם,מקרומיק תבלינים,FR,תבלין פלפל שום 34 ג במטחנה,Unknown,0.00,Unknown,false,1,19.90,0.0000,true,1,8081
52100142593,false,תערובת תיבול להמבורגר 77 גר,מקרומיק תבלינים,US,תבלין גריל להמבורגר 77 ג במיכל,Unknown,0.00,Unknown,false,1,19.90,0.0000,true,1,3840
52100634586,false,תערובת תיבול שום ומלח ים במטחנה 44 גר,מקרומיק תבלינים,FR,תבלין מלח שום 44 גר במטחנה,Unknown,0.00,Unknown,false,1,19.90,0.0000,true,1,8082
52100746029,false,מלח ים מקורמיק 60 ג,מקרומיק תבלינים,FR,מלח מקורמיק 60 ג במטחנה,Unknown,0.00,Unknown,false,1,18.90,0.0000,true,1,5530
52100746043,false,תערובת פלפלים במטחנה 24 גר,מקורמיק האנט ואלי,FR,תבלין תערובת פלפלים 24 גר במטחנה,Unknown,0.00,Unknown,false,1,18.90,0.0000,true,1,8083
54881000031,false,תה שחור ורד דובדבן 20 שקיות אחמד,תה אחמד Ahmad tea,AE,חליטת ורד ודובדבן אחמד תי 20 שקיקים,יחידה,20.00,יחידה,false,6,10.90,0.5450,true,1,51193
54881000048,false,תה במבחר פרי הדר 20 שקיקים אחמד,אחמד תה אנגליה,AE,חליטת פרי הדר אחמד תי 20 שקיקים,יחידה,20.00,יחידה,false,6,10.90,0.5450,true,1,51196
54881000062,false,תה שחור לימונית וקמומיל 20 שקיות אחמד,אחמד תה אנגליה,AE,חליטת לימונית קמומיל אחמד תי 20 שקיקים,יחידה,20.00,יחידה,false,6,10.90,0.5450,true,1,51191
54881000109,false,תה עם ענבי שועל 20 שקיקים אחמד,תה אחמד Ahmad tea,AE,חליטת ענבי שועל אחמד תי 20 שקיקים,יחידה,20.00,יחידה,false,6,10.90,0.5450,true,1,51195
54881000208,false,תה שחור לימון וגינגיר 20 שקיות אחמד,אחמד תה אנגליה,AE,חליטת לימון וגינגר אחמד תי 20 שקיקים,יחידה,20.00,יחידה,false,6,10.90,0.5450,true,1,51192
54881003971,false,תה ירוק מבחר 20 שקיקים,אחמד תה אנגליה,AE,תה ירוק בטעמים אחמד תי 20 שקיקים,יחידה,20.00,יחידה,false,6,10.90,0.5450,true,1,51187
54881004787,false,תה ירוק אחמד 100 שקיות,Sunshine tea (pvt) l,AE,תה ירוק אחמד תי 100 שקיקים,יחידה,100.00,יחידה,false,12,19.90,0.1990,true,1,51184
54881005654,false,תה ירוק יסמין 20 שקיות AHMAD TEA,אחמד תה אנגליה,AE,תה ירוק יסמין אחמד תי 20 שקיקים,יחידה,20.00,יחידה,false,6,10.90,0.5450,true,1,51186
54881006996,false,תה אפרסק ופסיפלורה 20 שקיקים אחמד,אחמד תה אנגליה,AE,חליטת אפרסק פסיפלורה אחמד תי 20 שקיקים,יחידה,20.00,יחידה,false,6,10.90,0.5450,true,1,51194
54881007511,false,תה ירוק בטעם מנטה 20 שקיקים 40 גר,אחמד תה אנגליה,AE,תה ירוק טעם מנטה אחמד תי 20 שקיקים,יחידה,20.00,יחידה,false,6,10.90,0.5450,true,1,51188
54881007535,false,תה ירוק בטעם לימון 20 שקיקים 40 גרם,אחמד תה אנגליה,AE,תה ירוק טעם לימון אחמד תי 20 שקיקים,יחידה,20.00,יחידה,false,6,10.90,0.5450,true,1,51189
54881008167,false,תה אינגליש ברקפסט 100 שקיות AHMAD TEA,תה אחמד Ahmad tea,AE,תה אינגליש ברקפסט אחמד תי 100 שקיקים,יחידה,100.00,יחידה,false,12,19.90,0.1990,true,1,51183
54881008174,false,תה אחמד ארל גריי 100 שקיקים,תה אחמד Ahmad tea,AE,תה ארל גריי אחמד תי 100 שקיקים,יחידה,100.00,יחידה,false,12,19.90,0.1990,true,1,47589
54881008945,false,תה ירוק 20 שקיות AHMAD TEA,אחמד תה אנגליה,AE,תה ירוק אחמד תי 20 שקיקים,יחידה,20.00,יחידה,false,6,10.90,0.5450,true,1,51185
54881012423,false,תה ירוק בטעם פטל רימונים 20 שקים 40 גרם,אחמד תה אנגליה,AE,תה ירוק טעם פטל רימון אחמד תי 20 שקיקים,יחידה,20.00,יחידה,false,6,10.90,0.5450,true,1,51190
54881016001,false,חליטות פרי 4 טעמים 20 שקיקים אחמד,,AE,חליטת4 סוגי פרי וצמחים אחמד תי 20 שקיקים,יחידה,20.00,יחידה,false,6,10.90,0.5450,true,1,51197
54881025591,false,תה ירוק לואיזה לימונית 20 שקיקים,,AE,תה ירוק לימונית לואיזה אחמד תי 20 שקיקים,יחידה,20.00,יחידה,false,6,10.90,0.5450,true,1,51766
55369901673,false,אפלסנקס רביעיות רסק תפוחי עץ אפרסק ללא תוספת סוכר,ליייהי אורצ'רדס,CA,מארז 4יח רסק תפוע אפרסק ל.ס 452 גר,גרמים,452.00,100 גרם,false,1,14.90,3.2965,true,1,8488
55369901703,false,"רסק אפל סנקס תפו""ע תות שדה לל""ס מארז 113X4ג'",ליייהי אורצ'רדס,CA,מארז 4יח רסק תפוע תות שדה ל.ס452 גר,גרמים,452.00,100 גרם,false,1,14.90,3.2965,true,1,8487
55369902342,false,אפלסנקס צנצנת רסק תפוחי עץ ממותק בסגנון ביתי 680 גרם עברית,לייהי אורצ'רדס,CA,רסק תפוח עץ ביתי 709 גר צנצנת,גרמים,709.00,100 גרם,false,1,16.00,2.2567,true,1,4272
55369902557,false,אפלסנקס רביעיות רסק תפוחי עץ ממותק בסגנון ביתי עברית,ליייהי אורצ'רדס,CA,מארז 4יח רסק תפוע ביתי 452 ג,גרמים,452.00,100 גרם,false,1,14.90,3.2965,true,1,5908
55369902564,false,אפלסנקס רביעיות רסק תפוחי עץ ללא תוספת סוכר עברית,ליייהי אורצ'רדס,CA,מארז 4 יח רסק תפוע ל.ס.452 גר,גרמים,452.00,100 גרם,false,1,14.90,3.2965,true,1,5907
55369903295,false,אפלסנקס צנצנת  רסק תפוחי עץ ללא תוספת סוכר 652 גרם עברית,לייהי אורצ'רדס,CA,רסק תפוע ללא סוכר652 גר צנצנת,גרמים,709.00,100 גרם,false,1,16.00,2.2567,true,1,14768
55500012046,false,כלורוקס קלין אפ מרסס נוזל לניקוי רב תכלי,כלורוקס אוקלנד,US,כלורקס קלין אפ מרסס 946 מל,מיליליטרים,946.00,"100 מ""ל",false,1,19.90,2.1036,true,1,2376
57000009403,false,רוטב לסטייק היינץ 40,היינץ,,רוטב לסטייק היינץ 425 מל,מיליליטרים,425.00,"100 מ""ל",false,1,17.90,4.2118,true,1,6006
58449450009,false,דייסת אינסטנט מיקס אורגנ,נייטשר פאת'\,US,דייסת אינסטנט מיקס 400 גר,גרמים,400.00,100 גרם,false,1,26.90,6.7250,true,1,20068
58449450030,false,דייסת מייפל ואגוזי לוז 400 גרם,נייטשר פאת'\,US,דייסת מייפל ואגוזי לוז 400 גר ללא גלוטן,גרמים,400.00,100 גרם,false,1,26.90,6.7250,true,1,20067
58449620013,false,"פצפוצי אורז מלא ללת""ס אורגני 170 גרם",נייטשר פאת',US,פיצפוצי אורז מלא אורגני ללס 170 גר,גרמים,170.00,100 גרם,false,12,18.90,11.1176,true,1,33974
58449771036,false,סמארט בראן +פסיליום300ג,נייטשר פאת',US,דגני בוקר סמארט בראן 300 גר,גרמים,300.00,100 גרם,false,1,28.90,9.6333,true,1,20064
58449771531,false,סאן רייס קראנצ מייפל 300 גרם,נייטשר פאת',US,דגני סאן רייס קראנצי מייפל 300 גר,גרמים,300.00,100 גרם,false,1,28.90,9.6333,true,1,20066
58449779032,false,דגני טבעות תירס ואורז מלא 325 גר WHOLE,נאטשר פאת פוד,US,ד.בוקר טבעות תירס ואורז אורגני 325 גר,גרמים,325.00,100 גרם,false,1,24.90,7.6615,true,1,9950
58449860013,false,דגני אמאזון 325גר ללא גלוטן,נאטשר פאת פוד,IL,דגני בוקר אמאזון אורגני 400 גר,גרמים,400.00,100 גרם,false,12,24.90,6.2250,true,1,5734
58449860020,false,"דגני גורילה מאנצ'י לל""ג 284 גרם",נאטשר פאת פוד,US,דגני בוקר גורילה מאנצ אורגני 284 גר,גרמים,284.00,100 גרם,false,1,24.90,8.7676,true,1,5726
58449860037,false,פצפוצי אורז מלא בטעם שוקולד קואלה קריספ,מולינו ניקולי s.p.a,US,דגני בוקר קוואלה קריספ ורגני 325 גר,גרמים,325.00,100 גרם,false,1,24.90,7.6615,true,1,5727
58449860075,false,כדורי למור בטעם חמאת בוטנים ושוקולד ללא גלוטן,נאטשר פאת פוד,CA,דגני בוקר לאמור 284 גר,גרמים,284.00,100 גרם,false,1,25.20,8.8732,true,1,20063
58449870241,false,"כדורוני תירס עם קקאו לל""ג אורגני 284 גרם",נאטשר פאת פוד,US,דגני בוקר כדורי תחרס אורגני 400 גר,גרמים,400.00,100 גרם,false,12,24.90,6.2250,true,1,33976
62558003209,false,סירופ מייפל אורגני 100% טהור,ברנרד סיינט,,סירופ מייפל אמיתי בכד 946 מל,מיליליטרים,946.00,"100 מ""ל",false,1,79.90,8.4461,true,1,19118
62558202381,false,"ארגני טהור 236 מ""ל {12 כשר} b סירופ מייפל",דיקסר קוויבק,CA,סירופ מייפל אורגני בי טהור 236 מל,מיליליטרים,236.00,"100 מ""ל",false,1,29.90,12.6695,true,1,15459
63435703274,false,נייר טואלט רויאל אולטרא 3 שכבות 8 גל,מגסטה,CA,נייר טואלט רויאל אולטרא 3שכבות 8גל 165דף,יחידה,8.00,יחידה,false,1,34.90,4.3625,true,1,30088
63435711033,false,רויאל טישו 3 שכבות 88 אולטרא,מגסטה,CA,ממחטות אף רויאל טישו אולטרא 3 שכבות 88יח,יחידה,88.00,יחידה,false,1,9.90,0.1125,true,1,15768
63435711514,false,ממחטות אף רויאל טישו,מגסטה,CA,ממחטות אף רויאל טישו 2 שכבות 126יח,יחידה,126.00,יחידה,false,1,9.90,0.0786,true,1,45232
63435730034,false,רויאל מפיות 3 שכבות 40 דף,ארוינג טישו,CA,מפיות נייר 3 שכבות רויאל 40יח,יחידה,40.00,יחידה,false,1,14.90,0.3725,true,1,14687
64144090013,false,פאם תרסיס על בסיס שמן קנולה בטעם חמאה,קונאגרה פודס,US,תרסיס שמן פאם חמאה 141 ג,גרמים,141.00,100 גרם,false,1,18.90,13.4043,true,1,9330
64144090020,false,"ספריי שמן PAM בטעם שמן זית 141 מ""ל",קונאגרה פודס,US,תרסיס שמן פאם זית 141 ג,גרמים,141.00,100 גרם,false,1,18.90,13.4043,true,1,9329
64144090051,false,"ספריי שמן PAM קנולה אורגינל 148 מ""ל",קונאגרה פודס,US,תרסיס שמן פאם קנולה 170 ג,מיליליטרים,148.00,"100 מ""ל",false,1,18.90,12.7703,true,1,13202
65627019712,false,ביסקוויט ספקולס קרמל,דה רוטר בי.וי,NL,ביסקוויט ספקולס דה רוטר 250 גר,גרמים,250.00,100 גרם,false,16,8.90,3.5600,true,1,32150
69145102000,false,עוגיות קנטוציני שקדי,,,עוגיות קנטוציני שקדים 200 גרם,גרמים,200.00,100 גרם,false,1,14.90,7.4500,true,1,14340
69145102048,false,עוגיות קנטוציני אגוז,,,עוגיות קנטוציני לוז שוקולד 180גרם,גרמים,180.00,100 גרם,false,1,17.90,9.9444,true,1,14341
69145102062,false,עוגיות קנטוציני פירו,,,עוגיות קנטוציני פירות ש.שועל 180גרם,גרמים,180.00,100 גרם,false,1,14.90,8.2778,true,1,14342
70177077563,false,תה ארל גריי 25 שקיות טוינינגס 50 גר,אר. טווינינגס אנד קומפני,PL,תה ארל גריי טווינינגס 25 שקיקים,יחידה,25.00,יחידה,false,1,18.90,0.7560,true,1,13404
70177077693,false,תה אנגליש ברקפסט 25 שקיות טוינינגס 50 גר,אר. טווינינגס אנד קומפני,PL,תה ברקפסט טווינינגס 25 שקיקים,יחידה,25.00,יחידה,false,1,18.90,0.7560,true,1,13405
70177078744,false,תה אינגליש ברקפסט נטול קפאין 25 שקיקי,טווינינגס Twinings,PL,תה אינגלש ברקפסט נטול טווינינגס25 שקיקים,יחידה,25.00,יחידה,false,1,19.90,0.7960,true,1,15501
70177078775,false,תה ליידי גריי טוויני,טווינינגס Twinings,,תה ליידי גריי טווינינגס 25 שקיקים,יחידה,25.00,יחידה,false,1,18.90,0.7560,true,1,13403
70177078904,false,תה אנגליש ברקפסט 50 שקיות טוינינגס,אר. טווינינגס אנד קומפני,PL,תה אינגליש ברקפסט טווינינגס 50 שקיקים,יחידה,50.00,יחידה,false,1,34.90,0.6980,true,1,15312
70177078966,false,תה ארל גריי 50 שקיות טוינינגס,אר. טווינינגס אנד קומפני,PL,תה ארל גריי טווינינגס 50 שקיקים,יחידה,50.00,יחידה,false,1,34.90,0.6980,true,1,15311
70177084738,false,טווינינגס שחור רד פרוט 50 גרם,אר.טווינינג אנד קומפני א,PL,תה טווינינגס שחור פירות אדומים 25 שקיקים,יחידה,25.00,יחידה,false,1,18.90,0.7560,true,1,41246
70177084769,false,טווינינגס שחור ונילה 50 גרם,אר.טווינינג אנד קומפני א,PL,תה טווינינגס שחור ונילה 25 שקיקים,יחידה,25.00,יחידה,false,1,18.90,0.7560,true,1,41244
70177086664,false,תה ירוק טהור 25 שק TWININGS,אר. טווינינגס אנד קומפני,PL,תה ירוק טהור טווינינגס 25 שקיקים,יחידה,25.00,יחידה,false,1,19.90,0.7960,true,1,7064
70177120948,false,טווינינגס שחור אפל & סינמון 50 גרם,אר.טווינינג אנד קומפני א,PL,תה טווינינגס שחור תפוח קינמון 25 שקיקים,יחידה,25.00,יחידה,false,1,18.90,0.7560,true,1,41245
70177173159,false,תה ירוק עם לימון 25 שק TWININGS,אר. טווינינגס אנד קו,PL,תה ירוק לימון טווינינגס 25 שקיקים,יחידה,25.00,יחידה,false,1,19.90,0.7960,true,1,15850
70177173166,false,תה יסמין ירוק 25 שקיקים TWININGS,אר. טווינינגס אנד קומפני,PL,תה ירוק יסמין טווינינגס 25 שקיקים,יחידה,25.00,יחידה,false,1,19.90,0.7960,true,1,15853
70177173203,false,תה ירוק עם מנטה 25 שק. טוינינגס,אר. טווינינגס אנד קומפני,PL,תה ירוק מנטה טווינינגס 25 שקיקים,יחידה,25.00,יחידה,false,1,19.90,0.7960,true,1,15852
70177173746,false,תה ירוק לימון ודבש 25 שק. טוינינגס,טוינינג,PL,תה ירוק לימון ודבש טווינינגס 25 שקיקים,יחידה,25.00,יחידה,false,1,19.90,0.7960,true,1,15849
70177175221,false,תה ירוק עם גינגר 25 שק. טוינינגס,טוינינג,PL,תה ירוק גינגר טווינינגס 25 שקיקים,יחידה,25.00,יחידה,false,1,19.90,0.7960,true,1,23109
70177176914,false,תה טווינינג ארל גריי נטול קפאין 25 שקיקי,טווינינגס Twinings,,תה ארל גריי טווינינגס נטול קפאין 25יח,יחידה,25.00,יחידה,false,1,19.90,0.7960,true,1,25960
70177177669,false,חליטה למון גינגר 30 גרם טווינינג,אר. טווינינגס אנד קומפני,PL,חליטת לימון גינגר טווינינגס 25 שקיקים,יחידה,20.00,יחידה,false,1,17.90,0.8950,true,1,23114
70177177683,false,חליטה קמומיל האני 30 גרם טווינינג,אר. טווינינגס אנד קומפני,PL,חליטת קמומיל דבש טווינינגס 25 שקיקים,יחידה,20.00,יחידה,false,1,17.90,0.8950,true,1,23116
70177177737,false,חליטה פיור קמומיל 20 גרם טווינינג,אר. טווינינגס אנד קומפני,PL,חליטת קמומיל טווינינגס 25 שקיקים,יחידה,20.00,יחידה,false,1,17.90,0.8950,true,1,23119
70177177744,false,חליטה פיור פפרמינט 40 גרם טווינינג,טוינינג,PL,חליטת מנטה טווינינגס 25 שקיקים,יחידה,20.00,יחידה,false,1,17.90,0.8950,true,1,23120
70177273330,false,חליטת ורבנה 37.5 גרם טווינינג,טווינינג,PL,חליטת ורבנה טווינינגס 25 שקיקים,יחידה,25.00,יחידה,false,1,17.90,0.7160,true,1,38301
70450020873,false,שזיפים מגולענים סנסוויט 500 גרם,סנסוויט גרוורס קליפו,US,שזיפים ללא חרצנים סן סוויט 500 גר,גרמים,500.00,100 גרם,false,1,24.90,4.9800,true,1,5284
70577000383,false,כוסמת שלמה מקולפת 36,בירקט מילס,US,כוסמת שלמה מקולפת 369 גרם,גרמים,369.00,100 גרם,false,1,23.50,6.3686,true,1,1605
70672000516,false,פסטל מחית דלעת 425 גרם,סנקה פוד,,מחית דלעת פסטאל 425 ג,גרמים,425.00,100 גרם,false,1,17.90,4.2118,true,1,7190
71537020137,false,משקה רוט ביר 1 ליטר,,US,משקה רוט ביר 1 ליטר בק.פקדון,ליטרים,1.00,ליטר,false,12,16.90,16.9000,true,1,40149
71570001667,false,גלי בלי סוכריות 20 טעמים 70 גרם,ג'לי בלי קינדי,TH,סוכריות גלי בלי מעורב 70 גרם,Unknown,0.00,Unknown,false,1,11.90,0.0000,true,1,25416
71570001841,false,גלי בלי סוכריות בטעמים חמוצים 70 גרם,ג'לי בלי קינדי,TH,סוכריות גלי בלי חמוץ 70 גר,Unknown,0.00,Unknown,false,1,11.90,0.0000,true,1,21394
71570001858,false,גלי בלי סוכריות מיקס פירות 70 גרם,ג'לי בלי קינדי,TH,סוכריות גלי בלי מיקס פירות 70 גרם,Unknown,0.00,Unknown,false,1,11.90,0.0000,true,1,25418
72392636914,false,שלוקים פריז פופ סקיט,,US,שלוקים פריז פופ סקיטלס 283.50 גרם,גרמים,284.00,100 גרם,false,6,19.90,7.0070,true,1,50543
72600005846,false,הר טורטיה דיפר מתירס לבן 383 גרם,הר פודס,US,חטיף טורטייה דיפר תירס לבן 383 גר,גרמים,383.00,100 גרם,false,1,28.90,7.5457,true,1,12666
72600007130,false,הר חטיף תפוח אדמה חלפינו חריף 170 גרם,הר פודס,US,חטיף הר ציפס חלפיניו חריף 170 גר,גרמים,145.00,100 גרם,false,1,22.90,15.7931,true,1,20270
72600009257,false,הר טורטיה צ'יפס מתירס לבן 255 גרם,הר פודס,US,חטיף טורטייה ציפס תירס לבן 255 גר,גרמים,255.00,100 גרם,false,1,24.90,9.7647,true,1,12667
72600062290,false,הר חטיף גבינה חלפניו חריף 198 גרם,הר פודס,US,חטיף הר במבה גבינה חריף 198,גרמים,198.00,100 גרם,false,1,24.90,12.5758,true,1,16894
72600062306,false,הרס חטיף במבה בטעם גבינה 198 גרם,הר פודס,US,חטיף גבינה הר ציפס כתום 198 גר,גרמים,198.00,100 גרם,false,1,24.90,12.5758,true,1,11966
72600062313,false,הר חטיף גבינה בפאלו גבינה כחולה 198 גרם,הר פודס,US,חטיף הר במבה גבינה באפלו כחולה 198,גרמים,198.00,100 גרם,false,1,24.90,12.5758,true,1,16893
72600062320,false,הר חטיף גבינה בטעם פיצה 198 גרם,הר פודסn\,US,חטיף גבינה הר ציפס פיצה 198 גר,גרמים,198.00,100 גרם,false,1,24.90,12.5758,true,1,16573
73970102043,false,"פחית ""דר' בראונס"" בטעם דובדבן 355 מ""ל",פפסי קולה,US,משקה דובדבן שחור דר בראונס 355 מל פקדון,מיליליטרים,355.00,"100 מ""ל",false,1,10.50,2.9577,true,1,3228
73970102067,false,"משקה ד""ר בראון פחית רוט ביר 355 מ""ל",פפסי קולה,US,משקה מוגז רוט ביר 355מל דר בראון,מיליליטרים,355.00,"100 מ""ל",false,1,10.50,2.9577,true,1,3227
73970102074,false,משקה קרים סודה דר בר,פפסי קולה,US,משקה קרים סודה דר בראונס 355 מל פקדון,מיליליטרים,355.00,"100 מ""ל",false,1,10.50,2.9577,true,1,3226
74261021333,false,רוטב סויה מיושן 1 ליטר,מנדרין סוי סוס,,רוטב סויה מיושן תמרי 1 לי,ליטרים,1.00,ליטר,false,1,37.90,37.9000,true,1,8009
74261110334,false,רוטב סויה תמרי 1 ליטר,מנדרין סוי סוס,,רוטב סויה תמרי 1 ל,ליטרים,1.00,ליטר,false,1,35.90,35.9000,true,1,3717
74261130103,false,רוטב טריאקי תמרי כתו,מנדרין סוי סוס,,רוטב טריאקי תמרי כתום 296 גר,גרמים,296.00,100 גרם,false,1,18.90,6.3851,true,1,1626
74261130165,false,רוטב טריאקי תמרי כת,מנדרין סוי סוס,,רוטב טריאקי תמרי כתום 500 מל,מיליליטרים,500.00,"100 מ""ל",false,1,28.90,5.7800,true,1,8011
74261140201,false,"רוטב סויה 500 מ""ל תמרי",מנדרין סוי סוס,,רוטב סויה תמרי 500 מל פלסטי,מיליליטרים,500.00,"100 מ""ל",false,1,23.50,4.7000,true,1,1870
74261150101,false,רוטב סויה תמרי 296 מ,מנדרין סוי סוס,,רוטב סויה תמרי 296 מל זכוכית,מיליליטרים,296.00,"100 מ""ל",false,1,16.90,5.7095,true,1,3718
74261150163,false,רוטב סויה תמרי דל נת,מנדרין סוי סוס,,רוטב סויה תמרי דל נתרן 500 מל,מיליליטרים,500.00,"100 מ""ל",false,1,27.90,5.5800,true,1,41120
74261155106,false,רוטב וורצסטר טבעוני,,,רוטב וורצסטר טבעוני 296 מל,מיליליטרים,296.00,"100 מ""ל",false,1,21.90,7.3986,true,1,36731
74261201339,false,רוטב סויה תמרי דל נת,מנדרין סוי סוס,,רוטב סויה תמרי דל נתרן 1 לי,ליטרים,1.00,ליטר,false,1,37.90,37.9000,true,1,4541
74261202008,false,תמרי רוטב סויה דל נת,מנדרין סוי סוס,,רוטב סויה תמרי דל נתרן 296 מל,מיליליטרים,296.00,"100 מ""ל",false,1,18.90,6.3851,true,1,25425
74305000164,false,"רוטב סויה ע""ב חלבון סויה ואמינו 473 מ""ל",,US,רוטב סויה על בסיס חלבון 473 מל בראג,מיליליטרים,473.00,"100 מ""ל",false,1,34.90,7.3784,true,1,28898
74305001161,false,"חומץ תפוחים אורגני לא מסונן 473 מ""ל",,US,חומץ תפוחים אורגני 473 מל,לא מנהל יחידת מידה,473.00,לא מנהל יחידת מידה,false,1,24.90,0.0526,true,1,28897
74410470050,false,אצות קומבו 57 גרם רונגצאנג,Qingdao Sun-growing,IL,אצות קומבו 57 גרם רונגצאנג,גרמים,57.00,100 גרם,false,1,12.00,21.0526,true,1,9698
74570004003,false,גלידה בטעם וניל 473 ג' האגן דאז,האגן-דאז,FR,גלידה האגן דאז פיינט וניל,גרמים,417.00,100 גרם,false,1,22.90,5.4916,true,1,3876
74570024001,false,גלידה בטעם תות שדה 473 ג' האגן דאז,האגן-דאז,FR,גלידה האגן דאז פיינט תות שדה,גרמים,417.00,100 גרם,false,1,22.90,5.4916,true,1,3877
74570174003,false,גלידה בטעם אגוזי מקדמיה 473 ג' האגן דאז,האגן-דאז,FR,גלידה האגן דאז פיינט אגוזי מקדמיה,מיליליטרים,473.00,"100 מ""ל",false,1,22.90,4.8414,true,1,3879
74570274000,false,גלידה בטעם קרם עוגיות 473 ג' האגן דאז,האגן-דאז,FR,גלידה האגן דאז פיינט קרם עוגיות,מיליליטרים,473.00,"100 מ""ל",false,1,22.90,4.8414,true,1,3880
74680008519,false,וובר מיונז בופאלו לחיץ 311 גרם,ווברס,,מיונז לחיץ ווברס באפלו311 גר,גרמים,311.00,100 גרם,false,1,23.90,7.6849,true,1,10909
74680008571,false,ממרח מיונז לחיץ וובר,ווברס,,מיונז לחיץ ווברס סרירצה 311 גר,גרמים,311.00,100 גרם,false,1,23.90,7.6849,true,1,18586
74680008816,false,חרדל וובר בטעם בירה,ווברס,US,חרדל וובר בטעם בירה 284 גרם,גרמים,284.00,100 גרם,false,6,19.90,7.0070,true,1,46648
74680008847,false,חרדל וובר עם רוטב סר,ווברס,US,חרדל וובר עם רוטב סרירצה 284 גרם,גרמים,284.00,100 גרם,false,6,19.90,7.0070,true,1,46649
74880020403,false,טוגראשי נאנאמי 15 גרם,JFC JAPAN INC.,JP,תבלין טוגראשי 15 גרם,גרמים,15.00,100 גרם,false,1,18.50,123.3333,true,1,2261
75039007979,false,מריה רוטב פסטה עם בזיליקום 680 גרם,"מאכלי עולם ר.ז. בע""מ",US,רוטב פסטה מריה בזיליקום 680 גרם,גרמים,680.00,100 גרם,false,12,17.90,2.6324,true,1,24252
75039008013,false,רוטב פסטה ספגטי איטלקי מריה 680 גר',ג'יאובני פוד,US,רוטב פסטה מריה 680 גרם,גרמים,680.00,100 גרם,false,12,17.90,2.6324,true,1,24251
75810021354,false,רוטב סויה תמרי סאן ג,סאן-ג'י,US,רוטב סויה תמרי סאן גיי ללא גלוטן592מל,מיליליטרים,592.00,"100 מ""ל",false,1,38.90,6.5709,true,1,9943
76840002351,false,גלידה גימי סמור עם מרשמלו קלוי פירורי שוקולד בן וג'ירי 428 ג',מוצרי איכות אמריקאיי,IL,גלידה בן אנד גריס גימי סמור 473מל,מיליליטרים,473.00,"100 מ""ל",false,1,19.90,4.2072,true,1,38951
76840100125,false,"בן אנד גריס גלידת צאבי צאבי 500 מ""ל",מוצרי איכות אמריקאיים בע,IL,גל.וניל עם פאדג בן אנד גריס 500 מל פיינט,מיליליטרים,500.00,"100 מ""ל",false,1,19.90,3.9800,true,1,7912
76840100156,false,"בן אנד גריס גלידת צרי גרסיה 500 מ""ל",מוצרי איכות אמריקאיים בע,IL,גל. בן אנד גריס דובדבנים פאדג 473 מל,מיליליטרים,473.00,"100 מ""ל",false,1,19.90,4.2072,true,1,3029
76840100583,false,"גלידת וניל עם בצק עוגיות בן וג'ירי 473 מ""ל",מוצרי איכות אמריקאיים בע,IL,גל.וניל עוגיות בן אנד גריס 473 מל פיינט,מיליליטרים,473.00,"100 מ""ל",false,1,19.90,4.2072,true,1,7596
76840100811,false,בן&גריס פיינט שמנת בטעם ח.בוטנים עם בוטנ,מוצרי איכות אמריקאיים בע,IL,גל.באטר קאפ בן אנד גריס 473מל פיינט,מיליליטרים,473.00,"100 מ""ל",false,1,19.90,4.2072,true,1,24771
76840400218,false,"גלידה בן&ג'ריס תות שדה ועוגת גבינה 500מ""ל",מוצרי איכות אמריקאיים בע,IL,גל.תות שדה בן אנד גריס 473 מל פיינט,מיליליטרים,473.00,"100 מ""ל",false,1,19.90,4.2072,true,1,11427
76840620036,false,גלידה חצי אפוי בן וג'ירי 433 ג',מוצרי איכות אמריקאיים בע,IL,גל.וניל בן אנד גריס וניל עוגיות חצי אפוי,מיליליטרים,500.00,"100 מ""ל",false,1,19.90,3.9800,true,1,21009
76864120109,false,חרדל אמריקאי מתובל ג,אטדטש,US,חרדל אמריקאי מתובל גרגירים 340 גר,גרמים,340.00,100 גרם,false,1,14.90,4.3824,true,1,25476
77245110610,false,סוכריות מאסט ללא סוכר בטעם מנטה 80 ג'עלית,MIESZKO S.A - MS. JO,PL,סוכ.מאסט מנטה ללא סוכר 80 גר,גרמים,80.00,100 גרם,false,1,8.90,11.1250,true,1,3142
77343000233,false,נרות חימום 50 יחידות,"מנורה שי נר בע""מ",IL,נרות חימום 50 יח בשקית יצוא,Unknown,0.00,Unknown,false,1,10.90,0.0000,true,1,7089
77428105402,false,"TULIPS בונבוניירה 200 גרם - ד""ר",,NL,בונבוניירה טוליפ 175 ג דרוסטה,גרמים,175.00,100 גרם,false,6,24.90,14.2286,true,1,50004
77975022757,false,בייגלה בסגנון אמריקאי 382 גרם סניידרס,סניידרס אוף האנובר,US,בייגלה אמריקאי ענק קופסא 382 גר,גרמים,382.00,100 גרם,false,1,16.90,4.4241,true,1,6437
77975093085,false,"בייגלה מצופה כעכים בציפוי שוקולד חלב, 141 ג סניידרס",סניידרס Snyder's,US,בייגלה סניידרס מצופה שוקולד חלב 141 גרם,גרמים,141.00,100 גרם,false,1,16.90,11.9858,true,1,49645
77975093108,false,"בייגלה מצופה כעכים בציפוי בטעם שוקולד לבן, 141 ג סניידרס",סניידרס Snyder's,US,בייגלה סניידרס מצופה שוקולד לבן 141 גרם,גרמים,141.00,100 גרם,false,1,16.90,11.9858,true,1,49646
77975094624,false,"סניידרס סנדוויץ בייגלה במילוי חמאת בוטנים , 226 ג'",סניידרס Snyder's,US,שברי בייגלה סניידרס במילוי ח.בוטנים280ג,גרמים,280.00,100 גרם,false,1,16.90,6.0357,true,1,36011
77975094631,false,סניידרס סנדוויץ' בייגלה במילוי קרם בטעם צ'דר 226 גרם,סניידרס לאנס,US,בייגלה סניידס סנדוויץ קרם צדר226.8גר,גרמים,227.00,100 גרם,false,1,16.90,7.4449,true,1,36684
77975094761,false,סניידרס חטיפים על בסיס קמח חיטה בטעם גבינת צ'דר,סניידרס אוף האנובר,US,שברי בייגלה סניידרס צדר 340 גרם,גרמים,340.00,100 גרם,false,1,16.90,4.9706,true,1,38811
77975094778,false,שברי בייגלה סניידרס בטעם דבש חרדל 340 גר,סניידרס אוף האנובר,US,שברי בייגלה סיידרס דבש חרדל 340 גר,גרמים,340.00,100 גרם,false,1,16.90,4.9706,true,1,39567
77975095133,false,שברי בייגלה בטעם פיקנטי 318 ג' סניידרס,סניידרס Snyder's,US,שברי בייגלה סניידרס פיקנטי 319גרם,גרמים,319.00,100 גרם,false,12,16.90,5.2978,true,1,50834
77975095157,false,סניידרס שברי בייגלה בטעם חלפיניו 318 גרם,סניידרס Snyder's,US,שברי בייגלה סניידרס חלפיניו 318 גרם,גרמים,318.00,100 גרם,false,1,16.90,5.3145,true,1,48384
77975095164,false,שברי בייגלה בטעם פרמז'ן ושום 318 ג' סניידרס,סניידרס,US,שברי בייגלה סניידרס פרמזן ושום 318 גר,גרמים,318.00,100 גרם,false,12,16.90,5.3145,true,1,50833
78300098362,false,פלייטקס טמפונים רגולר/סופר סימפלי גנטל גלייד,פלייטקס מניפאקטורינג בעמ,US,טמפונים פלייטקס רגולר/סופר סימפלי 18יח,יחידה,18.00,יחידה,false,12,26.90,1.4944,true,1,25300
78300098379,false,פלייטקס טמפונים רגולר סימפלי גנטל גלייד 20י,פלייטקס מניפאקטורינג בעמ,US,טמפונים פלייטקס רגולר גנטל גלייד 20יח,יחידה,20.00,יחידה,false,12,26.90,1.3450,true,1,25299
78300098386,false,פלייטקס סימפלי גנטל גלייד סופר 18 יח,פלייטקס מניפאקטורינג בעמ,US,טמפונים פלייטקס סופר סימפלי גנטל 18יח,יחידה,18.00,יחידה,false,12,26.90,1.4944,true,1,25301
78300098393,false,פלייטקס טמפונים סופר פלוס סימפלי גנטל גלייד,פלייטקס מניפאקטורינג בעמ,US,טמפונים פלייטקס סופר פלוס סימפלי גנטל 18,יחידה,18.00,יחידה,false,12,26.90,1.4944,true,1,25302
78895121896,false,רוטב למוקפץ עם עגבניות ושום 70 ג' LKK,לי קום קי פודס,CN,רוטב למוקפץ עגבניות ושום70 גרם לי קום ק,Unknown,0.00,Unknown,false,12,6.90,0.0000,true,1,47300
78895131178,false,רוטב למוקפץ עם סויה ודבש 70 גרם LKK,לי קום קי פודס,CN,רוטב למוקפץ דבש וסויה 70 גרם לי קום ק,Unknown,0.00,Unknown,false,12,6.90,0.0000,true,1,47296
78895138603,false,רוטב למוקפץ חמוץ מתוק 60 גרם LKK,לי קום קי פודס,CN,רוטב למוקפץ חמוץ מתוק 60 גרם לי קום ק,Unknown,0.00,Unknown,false,12,6.90,0.0000,true,1,47299
78895148077,false,רוטב למוקפץ נודלס 50 גרם LKK,לי קום קי פודס,CN,רוטב למוקפץ נודלס 50 גרם לי קום ק,Unknown,0.00,Unknown,false,12,6.90,0.0000,true,1,47298
78895148299,false,רוטב למוקפץ להכנת עוף קונג פאו 60 ג' LKK,לי קום קי פודס,CN,רוטב למוקפץ עוף קונג פאו 60 גרם לי קום ק,Unknown,0.00,Unknown,false,12,6.90,0.0000,true,1,47297
78895153453,false,רוטב סויה בהיר LEE KUM KEE,לי קום קיי Lee kum kee,CN,רוטב סויה בהיר לי קום קי 250 מל,מיליליטרים,250.00,"100 מ""ל",false,12,11.90,4.7600,true,1,35715
78895153460,false,רוטב סויה כהה לי קום,לי קום קיי Lee kum kee,CN,רוטב סויה כהה לי קום קי 250 מל,מיליליטרים,250.00,"100 מ""ל",false,12,12.90,5.1600,true,1,35716
79200558338,false,נרדס - סוכריות צבעוניות בטעמים 141 גרם,,US,סוכריות נרדס מיני טעם פירות 141 גרם,גרמים,141.00,100 גרם,false,12,9.90,7.0213,true,1,32317
79200616007,false,ונקה נרדס ענבים תות 141 גרם,,US,סוכריות נרדס מיני טעם ענבים 142 גרם,גרמים,142.00,100 גרם,false,12,9.90,6.9718,true,1,32316
80432402931,false,"וויסקי סקוטי, שיבאס ריגאל 12 שנה, 700 מ''ל",מזקקת האחים שיבאס,SE,וויסקי שיבאס ריגאל 700 מל פקדון,מיליליטרים,700.00,"100 מ""ל",false,1,125.00,17.8571,true,1,10977
80432402979,false,וויסקי סינגל מאלט גלן גראנט 10 שנים 700,,,וויסקי סקוטי גלן גראנט 10 שנים 700 מל,מיליליטרים,700.00,"100 מ""ל",false,1,125.00,17.8571,true,1,20720
80432402993,false,"וויסקי סינגל מאלט גלן גראנט 700 מ""ל TMR",,,וויסקי גלן גראנט סינגל מאלט 700 מל,מיליליטרים,700.00,"100 מ""ל",false,1,99.90,14.2714,true,1,4019
80480005269,false,"רום בקרדי שחור קרטה נגרה 750 מ""ל",,,בקרדי קרטה נגרה שחור 750 מל,מיליליטרים,750.00,"100 מ""ל",false,1,129.00,17.2000,true,1,21239
80518532859,false,חבילת בלונים (100 יח'),NORTHERN,IL,שקית בלון רמה 4,Unknown,0.00,Unknown,false,1,19.90,0.0000,true,1,1667
82184088654,false,"וויסקי גק דניאלס סינגל בארל 700 מ""ל",ג'ק דניאלס Jack Daniel's,US,וויסקי גק דניאלס סינגל בארל 700 מל,מיליליטרים,700.00,"100 מ""ל",false,6,229.00,32.7143,true,1,12131
84213017420,false,מסטמכר מיסלי אורגני עם אגוזים וצימוקים 500 גרם,מרום את קונפינו,DE,תערובת מיסלי אורגני אגוזים צימוקים 500ג,גרמים,500.00,100 גרם,false,1,17.90,3.5800,true,1,1698
84213017475,false,מסטמכר מיסלי אורגני עם פירות יבשים 500 גרם,מרום את קונפינו,DE,תערובת מיסלי אורגני עם פירות 500 ג,גרמים,500.00,100 גרם,false,1,17.90,3.5800,true,1,1699
84213017499,false,מסטמכר מיסלי אורגני עם פירות יער 500 גרם,מרום את קונפינו,DE,תערובת מיסלי אורגני פירות יער 500 ג,גרמים,500.00,100 גרם,false,1,17.90,3.5800,true,1,1700
85696607207,false,טופו מורינו במרקם רך {סגול}340 גרם כשר,פסיפיק נוטרישונל פוד,US,טופו רך מוריגאנא ללא גלוטן לייט 349 גר,גרמים,349.00,100 גרם,false,12,12.90,3.6963,true,1,24483
85696608037,false,טופו רך ללא גלוטן 340ג' (כ) Morinaga,Morinaga NUTRITIONAL,US,טופו רך ללא גלוטן 349 גר,גרמים,349.00,100 גרם,false,1,11.90,3.4097,true,1,12741
85696608044,false,טופו ללא גלוטן 349ג' (כ) Morinaga,Morinaga nutritional,US,טופו ללא גלוטן 349 גר,גרמים,349.00,100 גרם,false,1,11.90,3.4097,true,1,12740
86785192314,false,יין קוטה מאס קרמאן ד,צרפת פול מאס,,יין קוטה מאס קרמאן דה לימו 750 מל,מיליליטרים,750.00,"100 מ""ל",false,1,70.00,9.3333,true,1,12680
87000006928,false,"רום קפטן מורגן בלאק 750 מ""ל",אלכוהול (איי.בי.בי),,קפטיין מורגן כהה 750 מל פקדון,מיליליטרים,75000.00,"100 מ""ל",false,1,89.00,0.1187,true,1,40841
87666052819,false,"רוטב סריראצ'ה סופר חריף 455 מ""ל",EXOTIC FOOD PCL,,רוטב סריראצה סופר חריף 455 מל,מיליליטרים,455.00,"100 מ""ל",false,1,24.90,5.4725,true,1,22228
87666052888,false,"רוטב סריראצ'ה עם לימון גראס 455 מ""ל",EXOTIC FOOD PCL,,רוטב סריראצה עם למון גראס 455 מל,מיליליטרים,455.00,"100 מ""ל",false,1,24.90,5.4725,true,1,22230
87752002537,false,יין ברון הרצוג שנין,ברון הרצוג אל אג,US,יין ברון הרצוג שנין בלאן 750 מל,מיליליטרים,750.00,"100 מ""ל",false,12,60.00,8.0000,true,1,31087
87752002544,false,"זינפנדל יין לבן ברון הרצוג 750 מ""ל",ברון הרצוג אל אג,US,יין ברון הרצוג זינפנדל לבן 750 מל,מיליליטרים,750.00,"100 מ""ל",false,12,60.00,8.0000,true,1,31086
87752003312,false,יין הרצוג סלקשן שטנו,ברון הרצוג אל אג,FR,יין הרצוג סלקשן שטנוף לבן 750 מל,מיליליטרים,750.00,"100 מ""ל",false,6,85.00,11.3333,true,1,31104
87752003435,false,יין ברטנורא פינו גרי,ברטנורא,IT,יין ברטנורא פינו גריגיו 750 מל,מיליליטרים,750.00,"100 מ""ל",false,12,65.00,8.6667,true,1,31092
87752010716,false,יין ברון הרצוג גנס ק,צילאג גמבה אינטרנשיו,US,יין ברון הרצוג גנס קברנה סובניון 750 מל,מיליליטרים,750.00,"100 מ""ל",false,12,65.00,8.6667,true,1,31089
87752011218,false,פסגות קברנה סוביניון,פסגות,IL,יין פסגות קברנה סוביניון 750 מל,מיליליטרים,750.00,"100 מ""ל",false,12,100.00,13.3333,true,1,46751
87752011508,false,יין פסגות מרלו 750 מ,פסגות,IL,יין פסגות מרלו 750 מל,מיליליטרים,750.00,"100 מ""ל",false,12,100.00,13.3333,true,1,47091
87752011546,false,יין פסגות שרדונה 750,פסגות,IL,יין פסגות שרדונה 750 מל,מיליליטרים,750.00,"100 מ""ל",false,12,70.00,9.3333,true,1,36894
87752012116,false,יין שילה שרדונה 750מ,שילה,IL,יין שילה 2008 שרדונה 750מל פיקדון,מיליליטרים,750.00,"100 מ""ל",false,12,85.00,11.3333,true,1,31070
87752013229,false,יין הרצוג סלקשן שטנו,ברון הרצוג אל אג,FR,יין הרצוג סלקשן שטנוף אדום 750 מל,מיליליטרים,750.00,"100 מ""ל",false,6,85.00,11.3333,true,1,31103
87752013830,false,יין רוזה דומיין נטופ,יקב נטופה,,יין רוזה דומיין נטופה 750מל פקדון,מיליליטרים,750.00,"100 מ""ל",false,1,65.00,8.6667,true,1,14498
87752013854,false,יין ברטנורא ספרקלינג,ברטנורא,IT,יין ברטנורא ספרקלינג רוזה 750 מל,מיליליטרים,750.00,"100 מ""ל",false,12,85.00,11.3333,true,1,31095
87752014271,false,"יין רוסו טוסקנו אדום ברטנורה 750 מ""ל",מיסזקו אס.איי,IT,יין ברטנורא רוסו 750 מל,מיליליטרים,750.00,"100 מ""ל",false,12,60.00,8.0000,true,1,31093
87752019207,false,יין פסגות סיני אדום,פסגות,IL,יין פסגות סיני אדום 750 מל,מיליליטרים,750.00,"100 מ""ל",false,12,80.00,10.6667,true,1,47092
87752020784,false,יין שילה פריווליג 75,שילה,IL,יין שילה פריווליג 750 מל,מיליליטרים,750.00,"100 מ""ל",false,12,85.00,11.3333,true,1,31075
87752020920,false,יין הרצוג אורנג מוסק,,US,יין הרצוג אורנג מוסקט 750 מל,מיליליטרים,375.00,"100 מ""ל",false,12,60.00,16.0000,true,1,40290
87752021378,false,"יין בורדו אורגני 750 מ""ל",,FR,יין שאטו טריגה אדום יבש 750 מל,מיליליטרים,750.00,"100 מ""ל",false,12,75.00,10.0000,true,1,40283
87752021439,false,יין אלוי וינה אינסינ,אלוי,ES,יין אלוי וינה אינסינה אדום 750 מל,מיליליטרים,750.00,"100 מ""ל",false,12,60.00,8.0000,true,1,31360
87752021453,false,יין אלוי וינה אינסינ,אלוי,ES,יין אלוי וינה אינסינה לבן 750 מל,מיליליטרים,750.00,"100 מ""ל",false,12,60.00,8.0000,true,1,31361
87752022078,false,יין שילה סוביניון בל,שילה,IL,יין שילה סוביניון בלאן 750 מל,מיליליטרים,750.00,"100 מ""ל",false,12,85.00,11.3333,true,1,31074
87752022870,false,יין בורגון לה מורניי,,FR,יין לה מורנייה שבלי 750 מל,מיליליטרים,750.00,"100 מ""ל",false,6,140.00,18.6667,true,1,31105
87752023709,false,יין ברון הרצוג אלף 7,ברון הרצוג אל אג,US,יין ברון הרצוג אלף 750 מל,מיליליטרים,750.00,"100 מ""ל",false,12,60.00,8.0000,true,1,31359
87752024089,false,יין פסגות מלבק 750 מ,פסגות,IL,יין פסגות מלבק 750 מל,מיליליטרים,750.00,"100 מ""ל",false,12,100.00,13.3333,true,1,46988
87752024591,false,יין ברון הרצוג גנס ס,ברון הרצוג אל אג,US,יין ברון הרצוג גנס ספרקלינג 750 מל,מיליליטרים,750.00,"100 מ""ל",false,12,65.00,8.6667,true,1,31090
87752025000,false,יין סנסר דומיין דה פ,,FR,יין סנסר דומיין דה פנקוליין 750 מל,מיליליטרים,750.00,"100 מ""ל",false,6,140.00,18.6667,true,1,31106
87752025253,false,יין ברון הרצוג גוורצ,ברון הרצוג אל אג,US,יין ברון הרצוג גוורצטרמינר 750 מל,מיליליטרים,750.00,"100 מ""ל",false,12,60.00,8.0000,true,1,31088
87752026366,false,שמפניה דרפיה רוזה 75,,FR,שמפניה דרפיה קראט דאור 750 מל,מיליליטרים,750.00,"100 מ""ל",false,6,269.00,35.8667,true,1,33361
87752026939,false,250 מליין ברטנורא מו,,IT,250 מליין ברטנורא מוסקטו 4יח פחיות,מיליליטרים,250.00,"100 מ""ל",false,1,65.00,26.0000,true,1,40416
87752028728,false,250 מליין ברטנורא רו,,IT,250 מליין ברטנורא רוזטו 4יח פחיות,מיליליטרים,250.00,"100 מ""ל",false,1,65.00,26.0000,true,1,40417
87752028933,false,יין שאטו דה רובין אר,,FR,יין שאטו דה רובין אר רוזה 750 מל,מיליליטרים,750.00,"100 מ""ל",false,12,75.00,10.0000,true,1,40285
88004144746,false,ליקר וויסקי שוטר קינ,,CA,ליקר וויסקי שוטר קינמון פיירבול 750מל פק,מיליליטרים,750.00,"100 מ""ל",false,1,109.00,14.5333,true,1,9299
88586000171,false,יין קול סולרה שאטו ס,"ארה""ב סיינט מישל ווי",,יין קול סולרה שאטו סנט מישל 750מל פקדון,מיליליטרים,750.00,"100 מ""ל",false,1,380.00,50.6667,true,1,10116
88586000720,false,יין קברנה טו ווינס 750 מל,"ארה""ב סיינט מישל ווי",,יין קברנה טו ויינז קולומביה 750 מל פיקדו,מיליליטרים,750.00,"100 מ""ל",false,1,45.00,6.0000,true,1,6400
88586000751,false,יין סירה שאטו סנט מי,"ארה""ב סיינט מישל ווי",,יין סירה שאטו סנט מישל 750 מל פקדון,מיליליטרים,750.00,"100 מ""ל",false,1,65.00,8.6667,true,1,9673
88586001338,false,יין סירה טו ויינז קו,"ארה""ב סיינט מישל ווי",,יין שיראז טו ויינז קולומביה 750 מל פיקדו,מיליליטרים,750.00,"100 מ""ל",false,1,45.00,6.0000,true,1,6398
88586004483,false,יין הוט טו טרוט אדום,"ארה""ב סיינט מישל ווי",,יין הוט טו טרוט אדום האנדס 750מל פקדון,מיליליטרים,750.00,"100 מ""ל",false,1,60.00,8.0000,true,1,9592
88586403866,false,יין שרדונה טו ויינז,"ארה""ב סיינט מישל ווי",,יין שרדונה טו ויינז קולומביה750מל פיקדו,מיליליטרים,750.00,"100 מ""ל",false,1,45.00,6.0000,true,1,6402
88586421860,false,יין טו ויינס ריזלינג 750 מל,"ארה""ב סיינט מישל ווי",,יין ריזלינג טו ויינז קולומביה750מל פיקדו,מיליליטרים,750.00,"100 מ""ל",false,1,45.00,6.0000,true,1,6401
88586425868,false,יין טו ויינס גוורצטרמינר 750 מל,"ארה""ב סיינט מישל ווי",,יין גוורצטרמינר טו ויינז 750מל פיקד,מיליליטרים,750.00,"100 מ""ל",false,1,45.00,6.0000,true,1,6404
88586600241,false,יין מבעבע דומיין סנט,"ארה""ב סיינט מישל ווי",,יין אדום ברוט דומיין סנט מישל 750 מל פקד,מיליליטרים,750.00,"100 מ""ל",false,1,60.00,8.0000,true,1,47337
88586601835,false,יין אדום קברנה סובינ,"ארה""ב סיינט מישל ווי",,יין אדום קברנה סוביניון שאטו סנט מישל750,מיליליטרים,750.00,"100 מ""ל",false,1,65.00,8.6667,true,1,8779
88586602832,false,יין אדום מרלו שאטו ס,"ארה""ב סיינט מישל ווי",,יין אדום מרלו שאטו סנט מישל 750 מל פקדון,מיליליטרים,750.00,"100 מ""ל",false,1,65.00,8.6667,true,1,8778
88586621840,false,סאנט מישל יוהניסברג ריזלינג 750 מל,"ארה""ב סיינט מישל ווי",,יין לבן ריזלינג שאטו סנט מישל 750מל פקדו,מיליליטרים,750.00,"100 מ""ל",false,1,60.00,8.0000,true,1,8762
88586625848,false,שאטו סאנט מישל גוורצטראמינר 750 מל,"ארה""ב סיינט מישל ווי",,יין גוורצטרמינר שאטו סנט מישל 750מ פיקדו,מיליליטרים,750.00,"100 מ""ל",false,1,60.00,8.0000,true,1,6397
88586686856,false,יין קולד קריק קברנה,"ארה""ב סיינט מישל ווי",,יין קולד קריק קברנה סוביניון שאטו סנט מי,מיליליטרים,750.00,"100 מ""ל",false,1,140.00,18.6667,true,1,10114
89041081056,false,"שמן מתובל בצ'ילי, 185 מ""ל",Flavor full foods in,TW,שמן סויה בתיבול צילי 185 מל,מיליליטרים,185.00,"100 מ""ל",false,1,11.90,6.4324,true,1,4310
89397344300,false,דיניקולה רוטב פסטה עגבניות ובזיל 737 גרם,ג'יאובני פוד,US,רוטב פסטה דיניקולה עם בזיליקום 737 גר,גרמים,737.00,100 גרם,false,12,16.90,2.2931,true,1,1777
89397344348,false,דיניקולה רוטב פסטה עם שום קלוי 737 גרם,ג'יאובני פוד אינק,US,רוטב פסטה דיניקולה עם שום קלוי 737 מל,מיליליטרים,737.00,"100 מ""ל",false,12,16.90,2.2931,true,1,1779
89397344362,false,רוטב דיניקולה פסטה בטעם מרינדה 737 גרם,ג'יאובני פוד אינק,US,רוטב פסטה דיניקולה מרינדה 737 מל,מיליליטרים,737.00,"100 מ""ל",false,12,16.90,2.2931,true,1,8504
89819006731,false,יין ברינגר פאונדרס א,ברינגר,US,יין סטון סלרס קברנה סוביניון 750 מלפקדון,מיליליטרים,750.00,"100 מ""ל",false,1,60.00,8.0000,true,1,23712
89819013173,false,ברינגר פאונדר איסטייט קברנה סובניון 750,ברינגר,US,יין ברינגר פאונדרס אסטייט ק.סובניון 750,מיליליטרים,750.00,"100 מ""ל",false,12,60.00,8.0000,true,1,23717
93133737325,false,רוטב טריאקי שומשום עברית 566 גרם,אקזוטיק סאוס,US,רוטב טרייאקי מייקי שומשום 566 מל,מיליליטרים,566.00,"100 מ""ל",false,1,44.90,7.9329,true,1,8073
195414154798,false,שיכר נובו ספרקלין 70,,FR,שיכר נובו ספרקלין 700 מל,מיליליטרים,700.00,"100 מ""ל",false,6,99.00,14.1429,true,1,41127
305210416383,false,"ואזלין קרם גוף לגבר נספג במהירות 600 מ""ל","יוניליוור, ג'פרסון סיטי,",US,קרם תחליב גוף וזלין לגבר 618מל,מיליליטרים,618.00,"100 מ""ל",false,1,23.90,3.8673,true,1,20471
305213079004,false,"תחליב גוף להזנה עמוקה צהוב וזלין 600 מ""ל","יוניליוור, ג'פרסון סיטי,",US,קרם תחליב גוף וזלין צהוב 603 מל,מיליליטרים,603.00,"100 מ""ל",false,1,23.90,3.9635,true,1,20469
308910525744,false,אטריות אורז דקות 454 גרם ורמיצ'לי (כ),ליאן תאי רייס,TH,אטריות אורז דקות 454 ג,גרמים,454.00,100 גרם,false,1,10.90,2.4009,true,1,48208
605453620746,false,סורימי בטעם צדפות 340 גרם,אל.אם פודס,US,סורימי בטעם צדפות 350גר,גרמים,300.00,100 גרם,false,12,34.90,11.6333,true,1,25046
608614310463,true,אוכמניות יבוא לאקי ב,,,אוכמניות יבוא לאקי ברי בקופסא,Unknown,0.00,Unknown,false,,14.90,0.0000,true,1,50215
611745285685,false,אבוקדו בשל מארז 2יחידות,"מור בריאות בע""מ",IL,אבוקדו בשל ארוז יח,Unknown,0.00,Unknown,false,1,9.90,0.0000,true,1,18129
613008715267,false,"אריזונה תה ירוק גינסנג פחית 680 מ""ל",אריזונה,US,משקה אריזונה גנסנג דבש 680 מל פח פיקדון,מיליליטרים,680.00,"100 מ""ל",false,1,11.90,1.7500,true,1,8553
613008719524,false,משקה תה ירוק בטעם אפ,אריזונה,,משקה תה ירוק אפרסק אריזונה 680מל פיקדון,מיליליטרים,680.00,"100 מ""ל",false,1,11.90,1.7500,true,1,8815
613008742348,false,בקבוק אריזונה ג'נסינג ודבש 1 ליטר,"נטורלה גטרנק בע""\מn\",DE,משקה תה אריזונה גינסנג דבש 1ל בק.פקדון,ליטרים,1.00,ליטר,false,1,11.90,11.9000,true,1,35192
613008742409,false,בקבוק אריזונה אפרסק 1 ליטר,"נטורלה גטרנק בע""\מn\",DE,משקה תה אריזונה אפרסק 1ליטר בק.פקדון,ליטרים,1.00,ליטר,false,1,11.90,11.9000,true,1,35191
613008753290,false,"בקבוק אריזונה אפרסק 450 מ""ל",נובה טרייד אל טי די,BG,משקה תה אריזונה אפרסק 450מל בק.פקדון,מיליליטרים,450.00,"100 מ""ל",false,1,7.90,1.7556,true,1,28057
613008753320,false,"אריזונה ג'ינסנג ודבש בקבוק 450 מ""ל.",אריזונה Arizona,BG,משקה תה אריזונה גינסנג דבש450מל בק.פקדון,מיליליטרים,450.00,"100 מ""ל",false,1,7.90,1.7556,true,1,28058
613008753351,false,"בקבוק אריזונה רימונים 450 מ""ל",אריזונה Arizona,BG,משקה תה אריזונה רימונים 450מל בק.פקדון,מיליליטרים,450.00,"100 מ""ל",false,1,7.90,1.7556,true,1,28055
613008753382,false,"בקבוק אריזונה אוכמניות 450 מ""ל",אריזונה Arizona,BG,משקה תה אריזונה אוכמניות 450מל בק.פקדון,מיליליטרים,450.00,"100 מ""ל",false,1,7.90,1.7556,true,1,28056
613008755461,false,בקבוק אריזונה אוכמניות 1 ליטר,"נטורלה גטרנק בע""\מn\",BG,משקה תה אריזונה אוכמניות 1ליטר בק.פקדון,ליטרים,1.00,ליטר,false,1,11.90,11.9000,true,1,35190
628154383659,false,דגני בוקר פרוטי פבלס פוסט 311 גרם,פוסט ארצות הברית,US,דגני פוסט פרוטי פבלס 311 גרם,גרמים,311.00,100 גרם,false,14,22.90,7.3633,true,1,48424
633824111838,false,"וודקה וואן גוך בטעם אננס, 750 מ''ל",מזקקת קוימאנס טילבורג,NL,וודקה ואן גוך אננס 750 מל פקדון,מיליליטרים,750.00,"100 מ""ל",false,1,139.00,18.5333,true,1,30132
633824208040,false,"וודקה וואן גוך בטעם קפה דאבל אספרסו, 750 מ''ל",מזקקת קוימאנס טילבורג,NL,וודקה ואן גוך דאבל אספרסו 750 מל פקדון,מיליליטרים,750.00,"100 מ""ל",false,1,139.00,18.5333,true,1,30131
636046316036,false,תה ארל גריי עלי ווינ,,US,תה ארל גריי עלי ווינטר 20שקיות משי,יחידה,20.00,יחידה,false,6,42.90,2.1450,true,1,40549
636046316128,false,תה ירוק וניל קמורה ה,,US,תה ירוק וניל קמורה הארני אנד20שקיות משי,יחידה,20.00,יחידה,false,6,42.90,2.1450,true,1,40557
636046316159,false,תה ירוק וקוקוס הארני,,US,תה ירוק וקוקוס הארני אנד סאנס20שקיות משי,יחידה,20.00,יחידה,false,6,42.90,2.1450,true,1,40548
636046354014,false,תה קינמון ותבלינים ה,,US,תה קינמון ותבלינים הארני אנד 20שקיות משי,יחידה,20.00,יחידה,false,6,42.90,2.1450,true,1,40550
637793000995,false,ריבת פטל מקייס 340 ג,מקיי'ס,,ריבת פטל מקייס 340 גר,גרמים,340.00,100 גרם,false,1,20.00,5.8824,true,1,7934
637793001008,false,ריבת תות שדה מקייס 3,מקיי'ס,GB,ריבת תות שדה מקייס 340 גר,גרמים,340.00,100 גרם,false,1,20.00,5.8824,true,1,7939
637793024540,false,מאקייס ריבת רפטל שחור 340 גרם,מקיי'ס,GB,ריבת פטל שחור מקייס 340 גר,גרמים,340.00,100 גרם,false,1,20.00,5.8824,true,1,15863
639138513238,false,פילה הרינג מעושן צ'צ'יק 190 גרם,רוג'ין פיש,DE,פילה הרינג מעושן 190 גר ניר רוגן,גרמים,190.00,100 גרם,false,1,12.90,6.7895,true,1,5407
639138527617,false,פילה הרינג ברוטב עגבניות 200 גר' (16),רוג'ין פיש,,הרינג עגבניות ניו רוגן 190 גר,גרמים,190.00,100 גרם,false,1,12.90,6.7895,true,1,5409
639138527631,false,פילה הרינג ברוטב חרדל 200 גר (16),רוג'ין פיש,,פילה הרינג ברוטב חרדל 190 גר ניו רוגן,גרמים,190.00,100 גרם,false,1,12.90,6.7895,true,1,5408
644209307494,false,דנקן היינס תערובת עוגה צהובה 432 גרם.,פיניקל פודס גרופ,US,דנקן תערובת עוגת ילו קייק 432 גר,גרמים,432.00,100 גרם,false,1,19.50,4.5139,true,1,18022
644209307579,false,דנקן היינס תערובת עוגת Devil שוקולד 432 גרם,פיניקל פודס גרופ,US,דנקן תערובת עוגת שוקולד 432 גר,גרמים,432.00,100 גרם,false,1,19.50,4.5139,true,1,15848
644209311316,false,דנקן היינס תערובת בראוניס צ'ואי פאדג' 520 גרם,פיניקל פודס גרופ,US,דנקן תערובת עוגת בראוניס 565 גר,גרמים,565.00,100 גרם,false,1,21.90,3.8761,true,1,11196
644209332472,false,דנקן היינס תערובת בראוניס פאדג' כפול 498 גרם,,,דנקן תערובת עוגת בראוניז דאבל פאדג498 גר,גרמים,498.00,100 גרם,false,1,26.90,5.4016,true,1,21101
644209405923,false,דנקן היינס ציפוי מוקצף וניל 397 גרם פרווה,רוזקםבייקינג קומפני,US,קרם וניל דנקן מוקצף 397 גר,גרמים,397.00,100 גרם,false,1,21.90,5.5164,true,1,14436
644209405930,false,דנקן היינס ציפוי מוקצף שוקולד 397 גרם פרווה,רוזקםבייקינג קומפני,US,קרם שוקולד דנקן מוקצף 397 גר,גרמים,397.00,100 גרם,false,1,21.90,5.5164,true,1,14435
644209405947,false,דנקן היינס ציפוי מוקצף לבן 397 גרם פרווה,פיניקל פודס,,ציפוי דנקן לעוגה קרם מוקצף 397 גר,גרמים,397.00,100 גרם,false,1,21.90,5.5164,true,1,18043
644209405985,false,ציפוי דנקן לעוגה קרם,פיניקל פודס,,ציפוי דנקן לעוגה קרם גבינה 397 גר,גרמים,397.00,100 גרם,false,1,21.90,5.5164,true,1,18045
644209420957,false,דנקן היינס תערובת בראוניס שוקולד מריר 515 גרם,פיניקל פודס גרופ,US,דנקן תערובת עוגת בראוניס 561 גר,גרמים,561.00,100 גרם,false,1,22.90,4.0820,true,1,7196
645173911038,false,קורנישון מלפפוןן מיני 720 גרם - תומר,קלמן אינדיה פי וי סי,IN,מלפפון קורנישון מיני 670 ג תומר,גרמים,670.00,100 גרם,false,1,9.90,1.4776,true,1,4431
649660432020,false,היל וויו שזיפים מיובשים מגולענים 567 גרם,היליו פאקינג קוסמי א,US,לפתן שזיפים מגולענים ל.ס.567 גר היל ויו,גרמים,567.00,100 גרם,false,1,29.90,5.2734,true,1,15441
651080161510,false,פלקרס פולסר לשיניים צפופות-מנטה 35 יחידו,מיוצר עי קונדיטוריית,CN,קיסמי שיניים עם חוט גורדון פלקרס 36יח,יחידה,36.00,יחידה,false,1,11.90,0.3306,true,1,19988
666522900053,false,ציברס ריבת דובדבנים שחורות 340 גרם,היסטון סוויטס ספרדס,,ריבת דומדומניות צייברס 340 גרם,גרמים,340.00,100 גרם,false,1,21.90,6.4412,true,1,21840
666522900084,false,ריבת גינגר צייברס340,היסטון סוויטס ספרדס,,ריבת גינגר צייברס340 גרם,גרמים,340.00,100 גרם,false,1,21.90,6.4412,true,1,21838
666522900091,false,צ`יברס מרמלדת תפוזים בסגנון אנגלי 340 גר,היסטון סוויטס ספרדס,,ריבת תפוז אנגלי צייברס 340 גרם,גרמים,340.00,100 גרם,false,1,21.90,6.4412,true,1,21839
666522900138,false,ריבה פודינג לימון 320 גרם,היסטון סוויטס ספרדס,,ריבת קרם לימון צייברס 320 גרם,גרמים,320.00,100 גרם,false,1,21.90,6.8437,true,1,21837
667803000752,false,אבקת חרדל קולמנס אנג,,GB,אבקת חרדל אנגלי קולמנס 113 ג,גרמים,113.00,100 גרם,false,12,21.90,19.3805,true,1,12534
667803002893,false,קרם לחות לשיער טרזמה 70מ,קוסמינט איטליה,IT,קרם לשיער טריזמה מקסימייזר לנפח 70 מל,Unknown,0.00,Unknown,false,1,29.90,0.0000,true,1,17338
686412282984,false,נתחי טונה לבנה בשמן זית 220 גרם ORTIZ,אורטיז ORTIZ,ES,טונה אורטיז לבנה בשמן זית 220 גר צנצנת,גרמים,220.00,100 גרם,false,1,44.90,20.4091,true,1,34638
691535501010,false,חטיף חלבון עם שוקולד,,US,חטיף חלבון נוגו שוקולד,יחידה,1.00,יחידה,false,15,12.90,12.9000,true,1,31435
691535503014,false,חטיף חלבון נוגו בוטנ,,US,חטיף חלבון נוגו בוטנים,יחידה,1.00,יחידה,false,15,12.90,12.9000,true,1,31436
691535505018,false,חטיף חלבון נוגו וניל,,US,חטיף חלבון נוגו וניל,יחידה,1.00,יחידה,false,15,12.90,12.9000,true,1,31433
691535507012,false,חטיף חלבון נוגו בננה,,US,חטיף חלבון נוגו בננה,יחידה,1.00,יחידה,false,15,12.90,12.9000,true,1,31432
691535513013,false,חטיף חלבון נוגו ללא סוכר חמאת בוטנים,,US,חטיף חלבון נוגו ח. בוטנים ללא סוכר,יחידה,1.00,יחידה,false,12,12.90,12.9000,true,1,31441
691535514010,false,חטיף חלבון נוגו שוקו,,US,חטיף חלבון נוגו שוקו פירות ללא סוכר,יחידה,1.00,יחידה,false,12,12.90,12.9000,true,1,48739
691535521018,false,חטיף חלבון נוגו שוקוציפ,,US,חטיף חלבון נוגו שוקוציפ ללא גלוטן,יחידה,1.00,יחידה,false,12,12.90,12.9000,true,1,31438
691535523012,false,חטיף חלבונים בטעם מו,,US,חטיף חלבון נוגו מוקה ללא גלוטן,יחידה,1.00,יחידה,false,12,12.90,12.9000,true,1,31439
691535528017,false,חטיף חלבון נוגו קוקו,,US,חטיף חלבון נוגו קוקוס ללא גלוטן,יחידה,1.00,יחידה,false,12,12.90,12.9000,true,1,31442
691535529014,false,חטיף חלבון שוקולד בי,,US,חטיף חלבון נוגו פרצל ללא גלוטן,יחידה,1.00,יחידה,false,12,12.90,12.9000,true,1,31440
693493016742,false,חלבה אבובה קלאסית לל,,IL,חלבה אבובה קלאסית ללא סוכר 330 גרם,גרמים,330.00,100 גרם,false,1,20.90,6.3333,true,1,48253
693493116671,false,מארז 50יח מסכות פנים,,,מארז 50יח מסכות פנים כירוגיות 3 שכבות,יחידה,50.00,יחידה,false,1,9.90,0.1980,true,1,46011
693493131001,false,חלבה פיסטוק ללא סוכר,,IL,חלבה אבובה פיסטוק ללא סוכר 330 גרם,גרמים,330.00,100 גרם,false,1,20.90,6.3333,true,1,48251
693493131025,false,חלבה עם אגוזים פרימיום 330גרם,,IL,חלבה אבובה אגוזי מלך ללא סוכר 330 גרם,גרמים,330.00,100 גרם,false,1,20.90,6.3333,true,1,48561
693493131032,false,חלבה פקאן ללא סוכר 3,,IL,חלבה אבובה פקאן ללא סוכר 330 גרם,גרמים,330.00,100 גרם,false,1,20.90,6.3333,true,1,48252
693493131100,false,רוטב פרנצסקה נערת הו,,IL,רוטב פרנצסקה נערת הוואי 290 מל,מיליליטרים,290.00,"100 מ""ל",false,12,27.90,9.6207,true,1,40962
693493131117,false,רוטב פרנצסקה שזיף פי,,IL,רוטב פרנצסקה שזיף פיקנטי 290 מל,מיליליטרים,290.00,"100 מ""ל",false,12,27.90,9.6207,true,1,40963
693493150606,false,רוטב פרנצסקה גלייז ס,,ZA,רוטב פרנצסקה גלייז סאקורה 290 מל,מיליליטרים,290.00,"100 מ""ל",false,7,27.90,9.6207,true,1,40959
693493150620,false,רוטב פרנצסקה מיסטר ג,,IL,רוטב פרנצסקה מיסטר גק 290 מל,מיליליטרים,290.00,"100 מ""ל",false,12,27.90,9.6207,true,1,40961
693493197540,false,תערובת לימון ופלפל 2,,TR,תערובת לימון ופלפל 205 גרם ק.ד.אוליבה,גרמים,205.00,100 גרם,false,1,24.90,12.1463,true,1,49603
693493197557,false,מלח ים ויולט סגול340,,TR,מלח ים ויולט סגול340 גרם ק.ד.אולי,גרמים,340.00,100 גרם,false,1,18.90,5.5588,true,1,49604
693493197571,false,תערובת צילי מעושן ומ,,TR,תערובת צילי מעושן ומלח ים 220גר ק.ד.אולי,גרמים,220.00,100 גרם,false,1,18.90,8.5909,true,1,49601
693493197595,false,תערובת שום ומלח ים 2,,TR,תערובת שום ומלח ים 270גר ק.ד.אולי,גרמים,270.00,100 גרם,false,1,18.90,7.0000,true,1,49602
693493198004,false,"שמן זית קאסה די אוליביה 500 מ""ל",,TR,שמן זית קאסב די אוליביה 500 מל,מיליליטרים,500.00,"100 מ""ל",false,12,24.90,4.9800,true,1,49672
707595100114,false,פלפלים אדומים קלויים 480 ג' NESTOS,NESTOS,GR,פלפל אדום קלוי 480גרם נסטוס,גרמים,480.00,100 גרם,false,1,15.90,3.3125,true,1,16898
707595100145,false,סלק פרוס 700 גרם נסט,NESTOS,GR,סלק פרוס 700 גרם נסטוס,גרמים,700.00,100 גרם,false,1,15.90,2.2714,true,1,16896
707595100169,false,מחית חצילים קלויים 480 ג' NESTOS,NESTOS,GR,חציל קלוי על האש 480 גרם נסטוס,גרמים,480.00,100 גרם,false,1,15.90,3.3125,true,1,16897
707596280204,false,יין בלו נאן רוזה 750,bluenun,,יין בלו נאן רוזה 750 מל פיקדון,מיליליטרים,750.00,"100 מ""ל",false,1,40.00,5.3333,true,1,4612
717273504875,false,ממרח מיונז ללא ביצים,ווברס חברת חרדל,US,ממרח מיונז ללא ביצים 473 מל אמריקן גארדן,מיליליטרים,473.00,"100 מ""ל",false,1,22.90,4.8414,true,1,15805
723830770010,false,"לגוניטאס ח""פ 355 מ""ל DAYTIME בירה",מבשלת לגוניטאס,US,בירה לגוניטאס איי פי אי דאיי טיים 355מל,מיליליטרים,355.00,"100 מ""ל",false,24,12.90,3.6338,true,1,37056
728028507904,false,תבלין ממפיס מוד 354,,,תבלין ממפיס מוד 354 גר,גרמים,354.00,100 גרם,false,1,34.90,9.8588,true,1,49482
728229123590,false,טרה אורגינל חטיף על בסיס ירקות שורש בטעם טבעי 110 גרם,הונדורס צ'יפס יצור א,HN,חטיף טרה ירקות אקזוטים 110 ג,גרמים,110.00,100 גרם,false,1,16.90,15.3636,true,1,4649
728229123613,false,טרה חטיף על בסיס תפוח אדמה כחול בטעם טבעי 110 גרם,היין סלסטיאל גרופ,US,חטיף טרה מתפוח אדמה כחול 110 ג,גרמים,110.00,100 גרם,false,1,16.90,15.3636,true,1,4648
728229123811,false,טרה חטיף על בסיס ירקות שורש בתיבול ים תיכוני 110 גרם,הונדורס צ'יפס יצור א,HN,חטיף טרה מירקות אקזוטים מתובל 110 ג,גרמים,110.00,100 גרם,false,1,16.90,15.3636,true,1,4820
728229124764,false,טרה חטיף על בסיס בטטה עם מלח ים 110 גרם,היין פיוצ'ור נטורל פ,IN,חטיף טרה בטטה מלח ים 110 ג,גרמים,110.00,100 גרם,false,1,16.90,15.3636,true,1,24208
728229124771,false,טרה חטיף על בסיס בטטה בטעם ברביקיו 110 גרם,היין פיוצ'ור נטורל פ,IN,חטיף טרה מבטטה טעם ברביקו 110 ג,גרמים,110.00,100 גרם,false,1,16.90,15.3636,true,1,15069
728229130154,false,טרה חטיף על בסיס בטטה וסלק בטעם טבעי 110 גרם,הונדורס צ'יפס יצור א,HN,חטיף טרה בטטה וסלק 110 ג,גרמים,110.00,100 גרם,false,1,16.90,15.3636,true,1,6987
729612380033,false,גלילית בולרו אגוזים(12),,,גלילוני וופל בולרו קרם אגוזים 400 גר,גרמים,400.00,100 גרם,false,1,13.90,3.4750,true,1,1946
729612381030,false,גלילי וופל קרם אגוזי,,,גלילוני וופל בולרו קרם שקדים 400 גר,גרמים,400.00,100 גרם,false,1,13.90,3.4750,true,1,1945
729612383034,false,גלילי וופל קרם לימון,,,גלילוני וופל בולרו קרם לימון 400 גר,גרמים,400.00,100 גרם,false,1,13.90,3.4750,true,1,1949
729612384031,false,גלילוני וופל בולרו ק,,,גלילוני וופל בולרו קרם וניל 400 גר,גרמים,400.00,100 גרם,false,1,13.90,3.4750,true,1,1948
729906510016,false,"פתיתי ש.שועל לל""ג אורגני ללת""ס 510 גרם",נייטשר פאת',US,פתיתי שבולת שועל ללא גלוטן ללס 510גר,גרמים,510.00,100 גרם,false,6,27.90,5.4706,true,1,33977
732494000500,false,קרטורס חטיף פופקורן קרמל 227 גרם,איגל פודס ווקיגאן מפ,US,חטיף קרטורס פופקורן רק קרמל 227 גרם,גרמים,227.00,100 גרם,false,12,25.90,11.4097,true,1,45296
732494000524,false,קרטורס פופקורן שיקגו קרמל 213 גרם,איגל פודס ווקיגאן מפ,US,חטיף קרטורס פופקורן שיקגו קרמל213גרם,גרמים,213.00,100 גרם,false,12,25.90,12.1596,true,1,45297
732494000609,false,קרטורס פופקורן בטעם גבינה 184 גרם,קורפפידלס אינק,US,חטיף קרטורס פופקורן רק גבינה 184 גרם,גרמים,184.00,100 גרם,false,12,25.90,14.0761,true,1,45298
733353400059,false,יין מוסקטו אם יו איק,,US,יין מוסקטו אם יו איקס קוקוס פחית 187 מל,מיליליטרים,187.00,"100 מ""ל",false,24,20.00,10.6952,true,1,40303
733353400110,false,יין מוסקטו אם יו איק,,US,יין מוסקטו אם יו איקס מנגו פחית 187 מל,מיליליטרים,187.00,"100 מ""ל",false,24,20.00,10.6952,true,1,40302
733353400431,false,יין מוסקטו אם יו איק,,US,יין מוסקטו אם יו איקס אפרסק פחית 187 מל,מיליליטרים,187.00,"100 מ""ל",false,24,20.00,10.6952,true,1,40301
733353400448,false,יין מוסקטו אם יו איק,,US,יין מוסקטו אם יו איקס פחית 187 מל,מיליליטרים,187.00,"100 מ""ל",false,24,20.00,10.6952,true,1,40300
736920111310,false,"בירה גוס איילנד 330 מ""ל",,,בירה גוס איילנד איי פי אי 355מל 5.9%בק.פ,מיליליטרים,355.00,"100 מ""ל",false,1,14.90,4.1972,true,1,39318
737214555247,false,"שמיכת קוראל פליז קטיפה איכותית 170*130 ס""מ",,CN,שמיכת קורל פליז קטיפה איכותית 170/130סמ,יחידה,1.00,יחידה,false,18,42.90,42.9000,true,1,51656
737214555254,false,"שמיכת קוראל פליז קטיפה איכותית זוגית 150*200 ס""מ",,CN,שמיכת קורל פליז קטיפה זוגית 150/200סמ,יחידה,1.00,יחידה,false,18,54.90,54.9000,true,1,51657
739958085202,false,יין קופולה פביליון ש,coppola,,יין קופולה פביליון שרדונה 750 מל,מיליליטרים,750.00,"100 מ""ל",false,1,100.00,13.3333,true,1,15481
753182340302,false,אבקת וואסבי 35 גרם (קינגדאוו) (כ),מזרח ומערב,CN,אבקת וואסבי 35 גר קינגדאוו,גרמים,35.00,100 גרם,false,1,15.00,42.8571,true,1,10301
761720051108,false,"קארו סירופ תירס בהיר 470 מ""ל",אי סי איץ,US,סירופ קארו בהיר 453 מל,מיליליטרים,453.00,"100 מ""ל",false,1,28.90,6.3797,true,1,3187
761720988183,false,ארגו אבקת אפיה ללא אלומיניאום 340 גר,איי סי אייץ,US,אבקת אפיה ללא אלומיניום 340 גרם,גרמים,340.00,100 גרם,false,1,22.90,6.7353,true,1,21841
768404001640,false,"גלידה בן&ג'ריס קפה משפחתית 500מ""ל",מוצרי איכות אמריקאיים בע,IL,גל.קפה בן אנד גריס 500 מל פיינט,מיליליטרים,500.00,"100 מ""ל",false,1,19.90,3.9800,true,1,6820
769904000997,false,שקדי מרק ללא גלוטן200גרם,משובח תעשיות מזון,IL,שקדי מרק 200 גר ללא גלוטן,גרמים,200.00,100 גרם,false,1,14.90,7.4500,true,1,7951
770009011924,false,ניירות אפייה 100% טבעי 24 יח,Source Atlantique,IL,נייר אפיה 24יח 100% טבעי אורגניקזון,יחידה,24.00,יחידה,false,1,22.90,0.9542,true,1,10391
770009250262,false,שקיות אוכל מנייר 100% טבעי,SOURCE ATLANTIQUE,IL,שקיות אוכל מנייר 100% טבעי אורגניק זון,יחידה,48.00,יחידה,false,1,21.90,0.4562,true,1,10392
770009260018,false,נייר אלומיניום 100% ממוחזר,Source Atlantique,US,נייר אלומיניום 100% ממוחזר 10 מטר,מטרים,10.00,מטר,false,1,22.90,2.2900,true,1,10941
777034009681,false,- לקריץ אולסורט 250 גר' 1/18,,NL,סוכריות לקריץ אולסורט 250 גרם,גרמים,250.00,100 גרם,false,12,12.90,5.1600,true,1,14264
777915888299,false,"אקיטה רוטב סויה ללא גלוטן 450 מ""ל",אקיטה דלסון,CA,רוטב סויה אקיטה ללא גלוטן 450 מל,מיליליטרים,450.00,"100 מ""ל",false,1,17.90,3.9778,true,1,4212
783007983780,false,18 טמפוני פלייטקס רגולר,אנרג'ייזר,IL,טמפונים פלייטקס רגולר עם מוליך 18 יח,יחידה,18.00,יחידה,false,1,26.90,1.4944,true,1,12772
783495472407,false,חלבה אבובה קרם עוגיו,,IL,חלבה אבובה קרם עוגיות ללא סוכר 330גרם,גרמים,330.00,100 גרם,false,1,20.90,6.3333,true,1,48258
783495472414,false,חלבה אבובה מתוק מלוח,,IL,חלבה אבובה מתוק מלוח ללא סוכר 330גרם,גרמים,330.00,100 גרם,false,1,20.90,6.3333,true,1,48257
783495472438,false,חלבה אבובה עוגיות לו,,IL,חלבה אבובה עוגיות לוטוס ללא סוכר 330 גרם,גרמים,330.00,100 גרם,false,1,20.90,6.3333,true,1,48255
786150000274,false,"בירה לף בראון בקבוק 330 מ""ל","אינבב, ברוורייפליין",BE,בירה לף בראון 330מל בק.פקדון,מיליליטרים,330.00,"100 מ""ל",false,1,10.00,3.0303,true,1,47873
786150000281,false,"שישייה בירה לף בראון בקבוק 330X6 מ""ל","אינבב, ברוורייפליין",BE,מארז 6יח בירה לף בראון 330מל בק.פקדון,מיליליטרים,1980.00,"100 מ""ל",false,1,47.90,2.4192,true,1,47874
804066020091,false,הרו קונפיטורת תפוזים 340 גר,,ES,קונפיטורה הרו תפוזים 340 גר,גרמים,340.00,100 גרם,false,8,13.90,4.0882,true,1,39194
808874937442,false,יין בוגל פטיט סירה 7,בוגל,US,יין בוגל פטיט סירה 750 מל,מיליליטרים,750.00,"100 מ""ל",false,12,75.00,10.0000,true,1,27592
808874938500,false,יין בוגל אסנשיאל 750,בוגל,US,יין בוגל אסנשיאל 750 מל,מיליליטרים,750.00,"100 מ""ל",false,12,75.00,10.0000,true,1,27593
808874939286,false,יין בוגל שרדונה 750,בוגל,US,יין בוגל שרדונה 750 מל,מיליליטרים,750.00,"100 מ""ל",false,12,75.00,10.0000,true,1,27590
808874939668,false,יין בוגל קברנה סובינ,בוגל,US,יין בוגל קברנה סוביניון 750 מל,מיליליטרים,750.00,"100 מ""ל",false,12,75.00,10.0000,true,1,27591
808874964318,false,יין בוגל זינפנדל אדו,בוגל,US,יין בוגל זינפנדל אדום יבש 750 מל,מיליליטרים,750.00,"100 מ""ל",false,12,75.00,10.0000,true,1,27615
810020931754,false,רוטב גק דניאלס ברביק,,,רוטב גק דניאלס ברביקיו מקורי 533 גרם,גרמים,533.00,100 גרם,false,1,36.90,6.9231,true,1,47349
810020931778,false,רוטב גק דניאלס ברביק,,,רוטב גק דניאלס ברביקיו דבש 533 גרם,גרמים,533.00,100 גרם,false,1,36.90,6.9231,true,1,47350
810020932393,false,רוטב גק דניאלס ברביק,,,רוטב גק דניאלס ברביקיו מתוק חריף 533 גרם,גרמים,533.00,100 גרם,false,1,36.90,6.9231,true,1,47351
810044130126,false,ספוג ניקוי סקרופ מאמ,,US,ספוג ניקוי סקרופ מאמי,יחידה,1.00,יחידה,false,24,17.90,17.9000,true,1,50378
810044130133,false,ספוג ניקוי סקרופ דאד,,US,ספוג ניקוי סקרופ דאדי,יחידה,1.00,יחידה,false,24,17.90,17.9000,true,1,50377
810165010246,false,סוכריות על מקל מעורב אורגניות 85 גרם,,IL,סוכריות על מקל אורגניות מעורב 85גר,Unknown,0.00,Unknown,false,1,19.90,0.0000,true,1,50490
810165010260,false,סוכריות אורגניות על מקל חמוצות 85 גרם,,IL,סוכריות על מקל אורגניות חמוצות 85גר,Unknown,0.00,Unknown,false,1,19.90,0.0000,true,1,50489
810165011953,false,סוכריות על מקל אורגנ,,IL,סוכריות על מקל אורגניות ויטמין סי 85גר,Unknown,0.00,Unknown,false,1,19.90,0.0000,true,1,50488
811538015523,false,וודקה טרי אוליבס ברי,,,וודקה ברי טרי אוליבס 700 מל פקדון,מיליליטרים,700.00,"100 מ""ל",false,1,89.90,12.8429,true,1,11568
811538015547,false,וודקה טריפל שוט אספר,,,וודקה טריפל שוט אספרסו אוליבס 700 מל,מיליליטרים,700.00,"100 מ""ל",false,1,89.90,12.8429,true,1,11695
811962010507,false,רוטב רימון ושזיף פיק,,IL,רוטב רימון ושזיף פיקנטי דודה ברטה 350 גר,גרמים,330.00,100 גרם,false,9,16.90,5.1212,true,1,49007
812130020496,false,טרוביה- סטיביה תערובת סוכר חום- 510ג',,US,טרוביה סטיביה תערובת סוכר חום 510גר,יחידה,510.00,יחידה,false,1,24.90,0.0488,true,1,31372
812379020394,false,זוג כוסות גו וינו אד,,,זוג כוסות גו וינו אדום,Unknown,0.00,Unknown,false,1,34.90,0.0000,true,1,48735
812379020400,false,זוג כוסות גו וינו יר,,,זוג כוסות גו וינו ירוק,Unknown,0.00,Unknown,false,1,34.90,0.0000,true,1,48734
812664009356,false,תמיקון תרכיז תמר הינדי 400 גר,TAMICON,,ממרח תמרינדי מרוכז נפטון 400 גרם,גרמים,400.00,100 גרם,false,1,15.90,3.9750,true,1,21119
814109021350,false,קנדי פופ חתיכות סניק,קניס קנדי,US,קנדי פופ חתיכות סניקרס 149 גרם,גרמים,149.00,100 גרם,false,12,25.90,17.3826,true,1,39763
814109021374,false,קנדי מפופ פופקורן עם,קניס קנדי,US,קנדי פופ אם אנד אמס 149 גרם,גרמים,149.00,100 גרם,false,12,25.90,17.3826,true,1,39761
814109021381,false,קנדי פופ חתיכות טווי,קניס קנדי,US,קנדי פופ חתיכות טוויקס 149 גרם,גרמים,149.00,100 גרם,false,12,25.90,17.3826,true,1,40047
818570001606,false,"וטקינס פיור אלמונד 59 מ""ל","ג'יי אר ווסקינס בע""מ",US,תמצית אפיה שקד טהור ויטקנס 59 מל,Unknown,0.00,Unknown,false,1,29.90,0.0000,true,1,19763
818570007066,false,"פיור וניל טהור 29 מ""ל ""ווטקינס""","ג'יי אר ווטקינס בע""מ",US,תמצית אפיה וניל טהור ויטקנס 29 מל,Unknown,0.00,Unknown,false,1,31.90,0.0000,true,1,19760
829964000044,false,פילה אנשובי בשמן זית 240 גרם SCALIA,,IT,פילה אנשובי בשמן זית 240 גרם סקאליה,גרמים,240.00,100 גרם,false,6,69.90,29.1250,true,1,40337
832544000495,false,תה צמחי עם תות וסמבו,קליפר,,תה צמחי עם תות וסמבוק אורגני 40גר,Unknown,0.00,Unknown,false,1,15.90,0.0000,true,1,22890
832544000525,false,חליטת צמחים 44 גרם CHAI FIVE,קליפר,,תה צאי צמחי אורגני 44 גר,Unknown,0.00,Unknown,false,1,15.90,0.0000,true,1,22892
832544000532,false,תה לבן עם פטל אורגני,קליפר,,תה לבן עם פטל אורגני 34 גרם,Unknown,0.00,Unknown,false,1,15.90,0.0000,true,1,22893
832544000549,false,תה שחור ENGLISH BREAKFAST-BIG BEN גרם 44,קליפר,,תה ארוחת בוקר אנגלי 44 גרם,Unknown,0.00,Unknown,false,1,15.90,0.0000,true,1,22894
832544000556,false,תה דאבל מינט וסירפד,קליפר,,תה דאבל מינט וסירפד 38 גרם,Unknown,0.00,Unknown,false,1,15.90,0.0000,true,1,22895
835811000297,false,כוסות שתיה חמה 9 אוז 50 יח',אכיף,IL,כוסות קרטון חד פעמי 9 אונס 50 יח,יחידה,50.00,יחידה,false,1,12.90,0.2580,true,1,39874
835811000396,false,נייר אפיה לתבנית מוארכת - מארז 30 ניירות,יבוא ושיווק: הנמל אריזות,IL,נייר אפיה תבנית מאורכת 30יח,יחידה,30.00,יחידה,false,24,11.90,0.3967,true,1,32123
835811000433,false,סכינים 50 יח` קרם עבה במיוחד,"גרנג יוניברס , הונג",TR,סכינים חד פעמי עבה במיוחד 50יח קרם,יחידה,50.00,יחידה,false,1,21.90,0.4380,true,1,27200
835811000440,false,"צלחות ח""פ קשיחות קרם 1 ק""ג",אריזות מדף - פלזית,IL,צלחות גדולות 1קג קרם,קילוגרמים,1.00,"ק""ג",false,1,42.90,42.9000,true,1,27199
835811000556,false,כוס יין עבה 6 יח' שקוף/נצנץ,,,כוס יין חד פעמי עבה 6יח,יחידה,6.00,יחידה,false,16,12.90,2.1500,true,1,51729
835811000891,false,כוסות יין חד פעמי מע,,,כוסות יין חד פעמי מעוטרות זהב 50יח 90סמק,יחידה,50.00,יחידה,false,40,12.90,0.2580,true,1,33549
835811000907,false,כוסות כסף מעוטרות 50 יח' 90 CC,,TR,כוסות יין חד פעמי מעוטרות כסף 50יח 90סמק,יחידה,50.00,יחידה,false,40,12.90,0.2580,true,1,33550
835811001232,false,"נייר אפיה לתבנית עגולה 26 ס""מ - מארז 10 ניירות",האנג טונג,CN,נייר אפיה עגול 10יח קוטר 26,יחידה,10.00,יחידה,false,24,12.90,1.2900,true,1,35479
835811001638,false,מזלגות מיני חד פעמי,מיקרון מקינה,TR,מזלגות מיני חד פעמי 50 יח,יחידה,50.00,יחידה,false,1,4.90,0.0980,true,1,15347
835811001652,false,כוס לשתייה קרה 330 סמק` 40 יח` )בירה(,ווינפאק סחר בעמ,CN,כוסות חד פעמי לשתיה קרה 330 סמק 40יח,יחידה,40.00,יחידה,false,1,12.90,0.3225,true,1,15349
835811001805,false,כוס קינוח אלגנטית 12 יח' +מכסה 120 CC,מיקרו,CN,כוס קינוח אלגנט חד פעמי+מכסה 12יח 120סמק,יחידה,12.00,יחידה,false,1,16.90,1.4083,true,1,13754
835811001997,false,"תבנית אלומ` עבה לחלה 320X167X80 ס""מ 4 יח`",הנמל,,תבניות אלומיניום עבה 4יח לחלה320/167/80,יחידה,4.00,יחידה,false,1,10.00,2.5000,true,1,12495
835811002079,false,נר נשמה בזכוכית 48 שעות,,,נר נשמה 48 שעות זכוכית,יחידה,1.00,יחידה,false,1,4.90,4.9000,true,1,18150
835811002277,false,"שיפודי במבוק גדול במיוחד ""הנמל""",גרנג יוניברס,CN,שיפודי במבוק עבים 35סמ 50יח,יחידה,50.00,יחידה,false,50,5.90,0.1180,true,1,38702
835811002673,false,"סירופ רוזטה הנמל 250 מ""ל","פוליבה בע""ם",IL,סירופ רוזטה הנמל 250 מל,מיליליטרים,250.00,"100 מ""ל",false,12,11.90,4.7600,true,1,40921
835811002680,false,מי ורדים הנמל 250 מל,"פוליבה בע""ם",IL,מי ורדים הנמל 250 מל,מיליליטרים,250.00,"100 מ""ל",false,12,11.90,4.7600,true,1,40920
835811002734,false,מזרה קונפטי ארוך בצנצנת 90 גרם,,,מזרה קונפטי ארוך 90 גר צנצנת,Unknown,0.00,Unknown,false,24,5.90,0.0000,true,1,40917
835811003014,false,כפפות חד פעמי כחולות,,,כפפות חד פעמי כחולות 100יח סמול טיפיאי,יחידה,100.00,יחידה,false,20,16.90,0.1690,true,1,39968
835811003427,false,"צלחות גדול מקנה סוכר 1 ק""ג כ-67 יח` הנמל",,,צלחות חד פעמי גדולות מקנה סוכר 1קג כ67יח,קילוגרמים,1.00,"ק""ג",false,10,34.90,34.9000,true,1,51725
835811003441,false,תבניות פלסטיק מחולקות 3 תאים + מכסה 5 יח' הנמל,יבוא ושיווק: הנמל אריזות,TR,תבניות מחולקות 3 תאים+מכסה 5יח,יחידה,5.00,יחידה,false,8,9.90,1.9800,true,1,47915
835811003458,false,מזלגות אלגנט שחור / שקוף 50 יח' הנמל,,TR,מזלגות חד פעמי אלגנט שקוף 50יח,יחידה,50.00,יחידה,false,20,8.90,0.1780,true,1,50317
835811003465,false,סכינים אלגנט שחור / שקוף 50 יח' הנמל,,TR,סכינים חד פעמי אלגנט שקוף 50יח,יחידה,50.00,יחידה,false,20,8.90,0.1780,true,1,50318
835811003472,false,כפות אלגנט שחור / שקוף 50 יח' הנמל,,TR,כפות חד פעמי אלגנט שקוף 50יח,יחידה,50.00,יחידה,false,20,8.90,0.1780,true,1,50320
835811003489,false,כפיות אלגנט שחור / שקוף 50 יח' הנמל,,TR,כפיות חד פעמי אלגנט שקוף 50יח,יחידה,50.00,יחידה,false,20,8.90,0.1780,true,1,50319
835811003588,false,צלחות קלאסי גדול לבן 65 יח' הנמל,,,צלחות חד פעמי קלאסי גדול 65יח לבן,יחידה,65.00,יחידה,false,20,29.90,0.4600,true,1,47914
835811003595,false,צלחות קלאסי קטן לבן 65 יח' הנמל,,,צלחות חד פעמי קלאסי קטן 65יח לבן,יחידה,65.00,יחידה,false,36,18.90,0.2908,true,1,47913
835811003625,false,נרות צבעוניים 12 יח הנמל,,PL,נרות צבעוניים 12 יח,יחידה,12.00,יחידה,false,30,9.90,0.8250,true,1,25133
835811003830,false,גביעי איחסון עגול 1 ליטר 6יח',נינגבו יונאן,CN,גביעי אחסון 1ליטר 6יח,יחידה,6.00,יחידה,false,1,14.90,2.4833,true,1,22480
835811003847,false,"הנמל גביע אחסון עגול ומכסה מארז, 8 * 500 מ""ל",נינגבו יונאן,CN,גביעי אחסון 500מל עגול 8יח,יחידה,8.00,יחידה,false,1,14.90,1.8625,true,1,22479
835811004141,false,נרות ריחניים בריח וניל,,PL,נר ריחני בריח וניל,יחידה,1.00,יחידה,false,8,9.90,9.9000,true,1,25135
835811004226,false,מפת ניילון בגליל 45 מטר,,IL,מפת שולחן ניילון עבה בגליל 45מטר,מטרים,45.00,מטר,false,9,31.90,0.7089,true,1,23297
835811004455,false,קישקשים מנייר הנמל 125 יחידות,הנג טונג,CN,קישקשים מנייר 125יח צבעוני פי וי סי,יחידה,125.00,יחידה,false,24,9.90,0.0792,true,1,32122
835811004516,false,"קערה פסים לסלט קטנה עגולה 950 מ""ל 1 יח`",הנג טונג,CN,קערת פסים קטנה לסלט קטן חד פעמי,יחידה,1.00,יחידה,false,24,6.90,6.9000,true,1,25132
835811004707,false,פירורי לחם מוזהבים 440 ג' הנמל,ברמן שוקולד ועוגיות,IL,פירורי לחם מוזהב 440 ג,גרמים,440.00,100 גרם,false,1,6.90,1.5682,true,1,8045
835811004790,false,"מגש הגשה עגול מחולק שקוף בינוני ח""פ הנמל",פולין חד פעמי סין,CN,מגש הגשה עגול בינוני מחולק 1 יח,יחידה,1.00,יחידה,false,1,7.90,7.9000,true,1,8048
835811005018,false,כוס קריסטל יהלום הנמל 50 יחידות,הנמל,TR,כוס קריסטל יהלום 50 יח,יחידה,50.00,יחידה,false,1,14.90,0.2980,true,1,8635
835811005049,false,נייר אפייה משובח וידידותי לסביבה מהדרין 38X42,"איטיליאן פוד, אס.פי.",IL,נייר אפיה מתכלה ירוק 40 יח,יחידה,1.00,יחידה,false,1,13.90,13.9000,true,1,8047
835811005193,false,מגש עגול שקוף 14 אינץ',הנג טונג,CN,מגש עגול 14 אינש פסים 1 יח,יחידה,1.00,יחידה,false,1,13.90,13.9000,true,1,9128
835811005209,false,מגש עגול פסים 12 אינ,הנג טונג,CN,מגש עגול 12 אינש פסים 1 יח,יחידה,1.00,יחידה,false,1,6.50,6.5000,true,1,9127
835811005322,false,"פחם דרום אמריקאי הנמל 2 ק""ג",הנמל,IT,פחם דרום אמריקאי 2 קג,קילוגרמים,2.00,"ק""ג",false,1,18.50,9.2500,true,1,9183
835811005339,false,זוג שקיות אוכל ארוז בקרטון הנמל,,,שקיות אוכל בקרטון מארז 2יח 150יח,יחידה,300.00,יחידה,false,1,8.90,0.0297,true,1,11271
835811005407,false,כוס קפה לדרך ענק + מכסה הנמל 12 יח',"צח ייבוא ושיווק בע""מ",IL,כוסות קפה לדרך+מכסה 12 אונז 12 יח,יחידה,12.00,יחידה,false,1,15.90,1.3250,true,1,8889
835811005421,false,"שיפודים עבים 25 ס""מ 75 יח` הנמל",שוורצקוף& הנקל דיסלד,IN,שיפודים עבים 25 סמ 75 יח,יחידה,75.00,יחידה,false,1,3.90,0.0520,true,1,8305
835811005704,false,נייר עטיפה לכריכים הנמל 100 יחידות,טופ פלסט 2002 בעמ,IL,נייר עטיפה לכריכים 100 יח 35/25 סמ,Unknown,0.00,Unknown,false,1,9.90,0.0000,true,1,8051
835811005728,false,עלים לקרמשניט הנמל 400 גרם,"רונית מאפים בע""מ",IL,עלים לעוגת קרמשניט 400 גר,גרמים,400.00,100 גרם,false,1,15.90,3.9750,true,1,10448
835811005933,false,מגש הכסף תבנית אלומ` ענק 5 יח`,ווינפאק,,תבניות אלומיניום ענק 5יח מגש הכסף,יחידה,5.00,יחידה,false,1,10.90,2.1800,true,1,10337
835811005940,false,מגש הכסף תבנית אלומ` גדולה + מכסה 8 יח`,,IL,תבניות אלומיניום גדול ומכסה 8יח מגש הכסף,יחידה,8.00,יחידה,false,1,10.90,1.3625,true,1,10339
835811005957,false,מגש הכסף תבנית אלומ` 90 + מכסה 8 יח`,יבוא ושיווק: הנמל אר,IL,תבניות אלומיניום קטנה ומכסה 8יח מגש הכסף,יחידה,8.00,יחידה,false,1,10.90,1.3625,true,1,10338
835811006183,false,כוס קינוח קריסטל 24 יח` 120 C,מיקרון מקינה,TR,כוס קינוח קריסטל 120מל 24יח,יחידה,24.00,יחידה,false,1,21.90,0.9125,true,1,10733
835811006206,false,כוסות מקנה סוכר טבעי,שוורצקוף& הנקל דיסלד,IL,כוסות 9 אונס מקנה סוכר מתכלות 25 יח,יחידה,1.00,יחידה,false,1,12.90,12.9000,true,1,9150
835811006435,false,מגש הכסף תבנית מלבן עמוק + מכסה 9 יח`,,IL,תב. אלומיניום מלבן עמוק+מכסה 9יח מ.הכסף,יחידה,9.00,יחידה,false,1,10.90,1.2111,true,1,12481
835811006503,false,"מגש עגול מקרטון זהב/כסף + תחרה 10 יח` קוטר 28 ס""",,IL,צלחות קרטון זהב תחרה 10יח 28סמ,יחידה,10.00,יחידה,false,1,14.90,1.4900,true,1,11270
835811006534,false,"כוסות קרטון לשתיה חמה 475 מ""ל",הנמל,CN,כוסות קרטון 16 אונז 50 יח,יחידה,50.00,יחידה,false,1,23.90,0.4780,true,1,11956
835811006695,false,"קוקטים לאפייה 20 יחידות ""הנמל""",הנמל,,תבניות קוקוטים לאפיה 20 יח 5.5 אונז,יחידה,20.00,יחידה,false,1,8.90,0.4450,true,1,11267
835811006770,false,תבנית אולמניום עגול 5 יח',הנמל,,תבניות אלומיניום עגול 5יח מגש הכסף,יחידה,5.00,יחידה,false,1,10.90,2.1800,true,1,10490
835811006985,false,בורגול מרובע הנמל 50,הנמל,,בורגול 500 גר,גרמים,500.00,100 גרם,false,1,5.90,1.1800,true,1,7016
835811007166,false,כוסות חד פעמיות מקרטון עם מכסה פלסטיק,"צח ייבוא ושיווק בע""מ",IL,כוסות קפה+מכסה לדרך 16 יח,יחידה,16.00,יחידה,false,1,13.90,0.8688,true,1,8311
835811007210,false,חומוס גרעינים 500 גר,יבוא ושיווק: הנמל אר,IL,חומוס גרעינים 500 גרם,גרמים,500.00,100 גרם,false,1,7.90,1.5800,true,1,4700
835811007227,false,"הנמל לקט חיטה בד""ץ 500ג'",הנמל,,חיטה 500 גרם,גרמים,500.00,100 גרם,false,1,5.90,1.1800,true,1,4701
835811007234,false,אפונה יבשה הנמל 500 ג',יבוא ושיווק: הנמל אר,IL,אפונה יבשה 500 גר,גרמים,500.00,100 גרם,false,1,6.90,1.3800,true,1,4698
835811007241,false,לקט שעועית 500 גרם (חמין),הנמל,,לקט שעועית לחמין 500 גרם,גרמים,500.00,100 גרם,false,1,8.90,1.7800,true,1,4702
835811007258,false,שעועית לבנה הנמל 500,נארז על ידי: הנמל אר,IL,שעועית לבנה 500 גרם,גרמים,500.00,100 גרם,false,1,10.00,2.0000,true,1,4707
835811007357,false,סלטינות אובלי 25 יח הנמל,הנמל,TR,צלחות סלטינות אובלי 25 יח חדפ,יחידה,25.00,יחידה,false,1,8.90,0.3560,true,1,8310
835811007425,false,נרות חנוכה מיוחד 45 יח',הנמל,,נרות חנוכה מיוחד 45 יח פי וי סי,יחידה,45.00,יחידה,false,1,6.90,0.1533,true,1,24687
835811007562,false,תבניות קרטון אינגליש קייק 6יח` ארוז 29X9X6,דוקרט תעשיית אריזות,IL,תבניות קרטון אינגליש קייקס 6 יח,Unknown,0.00,Unknown,false,1,9.90,0.0000,true,1,3909
835811007678,false,שקיות אוכל הנמל 200 יח',סאם גלובל תורכיה,CN,שקיות אוכל 200 יח הנמל,יחידה,200.00,יחידה,false,1,4.90,0.0245,true,1,13750
835811008132,false,ספוג מתכת בגליל 6 יח`,שוורצקוף& הנקל דיסלד,CN,מארז 6 יח ספוגי מתכת ארוז בגליל,יחידה,6.00,יחידה,false,1,13.90,2.3167,true,1,6448
835811008347,false,גפרור מיוחד ענק הנמל 1 יחידה,הנמל,IN,גפרור ענק,יחידה,10.00,יחידה,false,1,5.90,0.5900,true,1,8218
835811008606,false,"סיר אלומיניום ומכסה ח""פ הנמל 3 יח'",קינפויל/גאנגזו,CN,סיר אלומיניום 3 יח חד פעמי,Unknown,0.00,Unknown,false,1,16.90,0.0000,true,1,6664
835811008743,false,קינואה 500 גר' מרובע,הנמל,,קינואה 500 גר,גרמים,500.00,100 גרם,false,1,10.90,2.1800,true,1,7041
835811008774,false,"צלחות אמריקאיות 7"" קטן ח""פ 100 יח'",בי רייט,CN,צלחות אמריקאיות 7 סמ קטן 100 יח,יחידה,100.00,יחידה,false,1,42.90,0.4290,true,1,8338
835811008927,false,כוס ויסקי גבוהה 10 יח,בי רייט,CN,כוס ויסקי גבוהה 10 יח,יחידה,10.00,יחידה,false,1,16.90,1.6900,true,1,8334
835811008934,false,מזלגות 50 יח שקוף/קרם עבה במיוחד,"גרנג יוניברס , הונג",TR,מזלג עבה במיוחד 50 יח צבעוני,יחידה,50.00,יחידה,false,1,21.90,0.4380,true,1,8313
835811008941,false,סכינים 50 יח שקוף/קרם עבה במיוחד,"איטיליאן פוד, אס.פי.",TR,סכין עבה במיוחד 50 יח צבעוני,יחידה,50.00,יחידה,false,1,21.90,0.4380,true,1,8312
835811008958,false,כפיות 50 יח שקוף/קרם עבה במיוחד,"גרנג יוניברס , הונג",TR,כפיות עבה במיוחד 50 יח צבעוני,יחידה,50.00,יחידה,false,1,21.90,0.4380,true,1,8314
835811008989,false,כוסות קרטון 50 יח' גודל 12 OZ,הנמל,,כוסות מקרטון 12 אונז 50 יח,יחידה,50.00,יחידה,false,1,19.90,0.3980,true,1,8112
835811008996,false,"כוסות חד פעמי קרטון 295 מ""ל",הנמל,CN,כוסות מקרטון 10 אונז 50 יח,יחידה,50.00,יחידה,false,1,18.90,0.3780,true,1,6290
835811009016,false,כוסות קרטון 50 יח 4 OZ,הנמל,CN,כוסות מקרטון 4 אונז 50 יח,יחידה,50.00,יחידה,false,1,8.90,0.1780,true,1,6289
835811009023,false,"כוסות משקה חם קרטון 235 מ""ל",הנמל,,כוסות מקרטון 8 אונז 50 יח,Unknown,0.00,Unknown,false,1,13.90,0.0000,true,1,8113
835811009184,false,"צלחות אלגנט ענק ח""פ הנמל 18 יח '",בי רייט,CN,צלחת אלגנט ענקית 18 יח,יחידה,18.00,יחידה,false,1,54.90,3.0500,true,1,8325
835811009191,false,"צלחות אלגנט בינוני ח""פ הנמל 18 יח'",בי רייט,CN,צלחת אלגנט 9 סמ בינוני 18 יח,יחידה,18.00,יחידה,false,1,46.90,2.6056,true,1,8324
835811009207,false,מרקיות עגול אלגנט בינוני הנמל 18 יח,הנמל,,מרקיות עגול אלגנט בינוני 18 יח,יחידה,18.00,יחידה,false,1,36.90,2.0500,true,1,8329
835811009221,false,"לפתניות אלגנט ח""פ הנמל 18 יח מהדרין",הנמל,,קערית לפתן אלגנט עגול 18 יח,יחידה,18.00,יחידה,false,1,19.90,1.1056,true,1,8327
835811009238,false,שיפודים ענק שטוח מבמבוק 25 יח`,הנמל,CN,שיפודי ענק שטוח במבוק 25 יח,יחידה,25.00,יחידה,false,1,7.50,0.3000,true,1,8304
835811009313,false,"כוס שמפניה 5OZ ח""פ שקוף 12 יח'",הנמל,,כוס לשמפנייה 12 יח 5 אונס,יחידה,20.00,יחידה,false,1,14.90,0.7450,true,1,8320
835811009351,false,כוס קריסטל 8 אונז` 18 יח`,הנמל,,כוס קריסטל 8 אונז 18 יח,יחידה,18.00,יחידה,false,1,14.90,0.8278,true,1,8326
835811009368,false,מרקיות צבע 25 יח` מעורב,הנמל,CN,מרקיות צבעוני מעורב 25 יח,יחידה,25.00,יחידה,false,1,14.90,0.5960,true,1,6671
835811009405,false,צלחות אובליות צבע 25 יח',הנמל,,צלחת אובלית צבעוני מעורב 25 יח,יחידה,25.00,יחידה,false,1,29.90,1.1960,true,1,8321
835811009412,false,צלחות קטנות 25 יח` 7 צבע מעורב,הנמל,CN,צלחות קטנות צבעוני מעורב 25 יח,יחידה,25.00,יחידה,false,1,12.90,0.5160,true,1,6668
835811009429,false,צלחות גדולות צבע 25 יח` מעורב,הנמל,,צלחות גדולות צבעוני מעורב 25 יח,יחידה,25.00,יחידה,false,1,16.90,0.6760,true,1,6667
835811009436,false,צלחות ענק צבע 25 יח` מעורב,הנמל,,צלחות ענק צבעוני מעורב 25 יח,יחידה,25.00,יחידה,false,1,21.90,0.8760,true,1,6666
835811009696,false,"כוסות יין מרובעות 59 סמ""ק",הנמל,,כוס יין מרובעת 24 יח,יחידה,24.00,יחידה,false,1,12.90,0.5375,true,1,8332
835811009795,false,כוס מרובעת 20יח 10 OZ פס כסף זהב,בי רייט,CN,כוס מרובעת 10 אונס 20 יח,יחידה,20.00,יחידה,false,1,22.90,1.1450,true,1,8331
837038000067,false,פלפל גורמה במטחנה 60,NATURAL HERBS & SPIC,ZA,פלפל גורמה במטחנה 60גר,Unknown,0.00,Unknown,false,1,16.50,0.0000,true,1,9521
837038000371,false,פלפל 4 צבעים במטחנה,NATURAL HERBS & SPIC,,פלפל 4 צבעים במטחנה 185 גר,גרמים,185.00,100 גרם,false,1,45.00,24.3243,true,1,15774
837038000678,false,מלח ים גס במטחנה 415,NATURAL HERBS & SPIC,,מלח ים גס במטחנה 415 גר,גרמים,415.00,100 גרם,false,1,34.90,8.4096,true,1,10800
837038000685,false,מלח הימלאיה מטחנה 41,NATURAL HERBS & SPIC,,מלח הימלאיה מטחנה 415 גר,גרמים,415.00,100 גרם,false,1,34.90,8.4096,true,1,12251
837038000692,false,N- פלפל שחור שלם במט,NATURAL HERBS & SPIC,,פלפל שחורבמטחנה 185 גר,גרמים,185.00,100 גרם,false,1,40.00,21.6216,true,1,10801
837048002525,false,יין אסירטיקו פלאנו א,,,יין אסירטיקו פלאנו ארט אסטייט 750 מל,מיליליטרים,750.00,"100 מ""ל",false,6,75.00,10.0000,true,1,50681
838913000400,false,מחית פירות טרופי דיב,,IT,מחית פירות טרופי דיביס להקפאה400מל אורגנ,מיליליטרים,400.00,"100 מ""ל",false,18,24.90,6.2250,true,1,50976
839762000641,false,משקה איילנד מנגו נקטר 1 ל',"פאראגאלה,דה אג'יפשן קו פ",EG,משקה איילנד מנגו 1 ל פקדון,ליטרים,1.00,ליטר,false,1,13.90,13.9000,true,1,4041
840985118471,false,משקה מאי טאי קולו 70,,US,מאי טאי קולו 700 מל,יחידה,12.00,יחידה,false,6,99.00,8.2500,true,1,40292
840985118501,false,משקה קומבו קולו 700,,US,משקה קומבו קולו 700 מל,יחידה,12.00,יחידה,false,6,99.00,8.2500,true,1,40294
841058006633,false,"אדג' ג'יל גילוח מועשר בשיבולת שועל 198 מ""ל",אנרג'ייזר,US,גל גילוח אדג מועשר בשיבולת שועל 210גר,גרמים,210.00,100 גרם,false,1,15.90,7.5714,true,1,35856
842515006722,false,משמשים מיובשים בשמש אורגני - 250 גרם,קיי.אפ.סי,TR,משמש מיובש אורגני 250 גר,גרמים,250.00,100 גרם,false,1,27.90,11.1600,true,1,25436
842515010125,false,משמשים מיובשים בשמש אורגני - 250 גרם,קיי.אפ.סי,TR,תאנים מיובשות בשמש אורגני 250 גר,גרמים,250.00,100 גרם,false,1,27.90,11.1600,true,1,25437
842515020155,false,צימוקים סולטנה מיובשים בשמש אורגני 250 ג,קיי.אפ.סי,TR,צימוקים סולטנה מיובשים אורגני 250 גר,גרמים,250.00,100 גרם,false,1,27.90,11.1600,true,1,25435
844510012067,false,"יין יצחק רם קברנה פרנק 750 מ""ל",רמת חברון,IL,יין יצחק רם קברנה פרנק 750 מל,מיליליטרים,750.00,"100 מ""ל",false,12,100.00,13.3333,true,1,30169
844510012104,false,יין רמת יהודה קברנה,יין רמת יהודה א.ג.ת,IL,יין רמת יהודה קברנה סוביניון 750 מל,מיליליטרים,750.00,"100 מ""ל",false,6,70.00,9.3333,true,1,32547
844510012128,false,יין רמת יהודה מרלו 7,יין רמת יהודה א.ג.ת,IL,יין רמת יהודה מרלו 750 מל,מיליליטרים,750.00,"100 מ""ל",false,6,70.00,9.3333,true,1,32546
844510012135,false,"יין רמת יהודה פטיט ורדו 750 מ""ל",יין רמת יהודה א.ג.ת,IL,יין רמת יהודה פטיט ורדו 750 מל,מיליליטרים,750.00,"100 מ""ל",false,6,70.00,9.3333,true,1,32548
844510012173,false,יין רמת יהודה קברנה,יין רמת יהודה א.ג.ת,IL,יין רמת יהודה קברנה חצי יבש 750 מל,מיליליטרים,750.00,"100 מ""ל",false,6,70.00,9.3333,true,1,32549
844510012203,false,"יין יצחק רם קברנה סוביניון 750 מ""ל",רמת חברון,IL,יין יצחק רם קברנה סוביניון 750 מל,מיליליטרים,750.00,"100 מ""ל",false,12,100.00,13.3333,true,1,30170
844510012227,false,"יין פרדס 750 מ""ל רמת חברון",רמת חברון,IL,יין פרדס מרלו 750 מל,מיליליטרים,750.00,"100 מ""ל",false,12,100.00,13.3333,true,1,30167
844510012241,false,"יין רמת ירושלים 750 מ""ל רמת חברון",רמת חברון,IL,יין רמת ירושלים קברנה מרלו 750 מל,מיליליטרים,750.00,"100 מ""ל",false,12,100.00,13.3333,true,1,30168
850004207789,false,מיטבולס ביונד מיט 290 גרם,תאי פרזידנט פוד פאבל,US,כדורי מיטבולס ביונד מיט 290גר דיפלומט,גרמים,290.00,100 גרם,false,8,34.90,12.0345,true,1,39952
850006036028,false,מאפה חיטה מקלונים בטעם סלק בצל 400 ג' עבאדי,עבאדי,IL,מקלונים לניגוב עבאדי סלק ובצל 400 גרם,גרמים,400.00,100 גרם,false,1,18.90,4.7250,true,1,48228
850006036035,false,עוגיות קטנטנים של עבאדי טעם חרדל ודבש 350 גרם,עבאדי,IL,עבאדי קטנטנים טעם חרדל ודבש 350 גרם,גרמים,350.00,100 גרם,false,15,17.90,5.1143,true,1,48231
850307005662,false,אטריות ביצים חינקל 500 גר,א.ל.ב. גולד,DE,איטריות ביצים חינקל פאדן 500גר,גרמים,500.00,100 גרם,false,1,11.90,2.3800,true,1,21929
850307005693,false,איטריות ביצים לפשה ד,א.ל.ב. גולד,,איטריות ביצים לפשה דק 500גר,גרמים,500.00,100 גרם,false,1,11.90,2.3800,true,1,33398
850307005716,false,איטר.ביצים 500 גרם בורג spiral,א.ל.ב. גולד,DE,איטריות ביצים ספירלי פאדן 500גר,גרמים,500.00,100 גרם,false,1,11.90,2.3800,true,1,21931
850307005747,false,איטריות ביצים תלתל פ,א.ל.ב. גולד,DE,איטריות ביצים תלתל פאדן 500גר,גרמים,500.00,100 גרם,false,1,11.90,2.3800,true,1,21930
850307005792,false,איטריות ביצים לפשה ע,א.ל.ב. גולד,DE,איטריות ביצים לפשה עבה פאדן 500גר,גרמים,500.00,100 גרם,false,1,11.90,2.3800,true,1,21932
851621000050,false,בירה חיטה בטעם הדרים 1664 בלאנק - שישייה,קרלסברג ספליי קומפאני פו,PL,מארז שישיית בירה 1664 330מל פקדון,ליטרים,1.98,ליטר,false,1,39.90,20.1515,true,1,28846
852629004774,false,רביעיית נקניקיות ביונד מיט 400 גרם,סווג ריבר ביונד מיט ארהב,US,נקניקיות ביונד מיט 4יח 100גר,גרמים,400.00,100 גרם,false,8,29.90,7.4750,true,1,39598
853628001160,false,וודקה חמוציות 700 מל,,US,וודקה חמוציות בר האג 700 מל,מיליליטרים,700.00,"100 מ""ל",false,6,99.00,14.1429,true,1,40298
854571007070,false,חטיף אנדר קאבר קינואה שוקולד אוכמניות 57 גרם,אנדרקובר שוקולד,US,חטיף קינואה מצופה שוקולד מריר אוכמניות57,Unknown,0.00,Unknown,false,12,13.90,0.0000,true,1,46696
856591000055,false,עוגיות מזרחיות קריספי שרוף במיוחד,מאפיית יוסף ושמחה עבאדי,IL,עוגיות עבאדי קריספי 400 ג,גרמים,400.00,100 גרם,false,1,18.90,4.7250,true,1,16133
856591000062,false,עוגיות מזרחיות עם מלח עבאדי 400 גרם,מאפיית יוסף ושמחה עבאדי,IL,עוגיות עבאדי מלוח 400 ג,גרמים,400.00,100 גרם,false,1,18.90,4.7250,true,1,3846
856591000109,false,עוגיות מזרחיות פריך במיוחד עבאדי 400 גרם,מאפיית יוסף ושמחה עבאדי,IL,עוגיות מזרחיות פריך במיוחד 400 ג עבאדי,גרמים,400.00,100 גרם,false,1,18.90,4.7250,true,1,7358
856591000512,false,עוגיות מזרחיות מקלונים עם שומשום עבאדי 400 גרם,מאפיית יוסף ושמחה עבאדי,IL,מקלונים עבאדי לניגוב טעם טבעי 400 גרם,גרמים,400.00,100 גרם,false,1,18.90,4.7250,true,1,7357
856591000918,false,מארז שמיניית חטיף טבעי עבאדי,עבאדי,IL,מארז 8 יח חטיף טבעי עבאדי 40 גרם,גרמים,320.00,100 גרם,false,12,14.90,4.6563,true,1,39666
856591000949,false,"מאפה חיטה מלוח ""קטנטנים"" עבאדי 350 גרם",עבאדי,IL,עבאדי קטנטנים מלוח 350 גרם,גרמים,350.00,100 גרם,false,15,17.90,5.1143,true,1,40643
856591000956,false,עוגיות קטנטנים של עבאדי טעם גריל 350 גרם,עבאדי,IL,עבאדי קטנטנים טעם גריל 350 גרם,גרמים,350.00,100 גרם,false,15,17.90,5.1143,true,1,48230
856591000970,false,מאפה חיטה עבאדי מקלונים בטעם חריף 400 גר,עבאדי,IL,מקלונים לניגוב עבאדי טעם חריף 400 גרם,גרמים,400.00,100 גרם,false,1,18.90,4.7250,true,1,48229
859547004084,false,ספוג ניקוי לימון פרש סקראב דדי,סקראב דאבי,VN,ספוג ניקוי סקרופ דאדי לימון,יחידה,1.00,יחידה,false,24,17.90,17.9000,true,1,47462
859547004329,false,ספוג ניקוי צבעוני סקראב דדי Scrub Daddy,סקארקיסט,VN,ספוג ניקוי סקרופ דאדי,יחידה,1.00,יחידה,false,24,17.90,17.9000,true,1,47459
859547004466,false,קירצוף וספוג ניקוי SCRUB DADDY,סקראב דאבי,VN,ספוג ניקוי סקרופ מאמי,יחידה,1.00,יחידה,false,24,17.90,17.9000,true,1,47460
859547004688,false,ספוג קרצוף סקראב דדי,,US,ספוג ניקוי סקרופ דודי,יחידה,1.00,יחידה,false,12,17.90,17.9000,true,1,47461
866206000202,false,חטיף אנדר קאבר קינואה שוקולד חלב 57 גרם,אנדרקובר שוקולד,US,חטיף קינואה מצופה שוקולד חלב 57 גרם,Unknown,0.00,Unknown,false,12,13.90,0.0000,true,1,46695
866206000226,false,חט.קינואה שוקו+דומדמנ57.,אנדרקובר שוקולד,US,חטיף קינואה מצופה שוקולד חלב דומדומניות5,Unknown,0.00,Unknown,false,12,13.90,0.0000,true,1,46699
866206000240,false,חט.קינואה שוק.מריר+רימון,אנדרקובר שוקולד,US,חטיף קינואה מצופה שוקולד מריר רימונים57,Unknown,0.00,Unknown,false,12,13.90,0.0000,true,1,46698
877300000777,false,ממרח צימיצורי נפטון,"נפטון מוצרי מזון בע""",,ממרח צימיצורי נפטון ירוק פיקנטי 180 גר,גרמים,180.00,100 גרם,false,1,11.90,6.6111,true,1,17055
877300000814,false,רוטב נפטון טיקה 330,"נפטון מוצרי מזון בע""",IL,רוטב נפטון טיקה 330 גר,גרמים,330.00,100 גרם,false,1,14.90,4.5152,true,1,10842
877300002689,false,רוטב קייג'ון (ניו אורלינס),"נפטון מוצרי מזון בע""",IL,רוטב נפטון קייגון330 ג,גרמים,330.00,100 גרם,false,1,14.90,4.5152,true,1,6781
877300003075,false,רוטב נפטון צאטני שזי,"נפטון מוצרי מזון בע""",IL,רוטב נפטון צאטני שזיף פיקנטי 370 גר,גרמים,370.00,100 גרם,false,1,14.90,4.0270,true,1,10837
877300003259,false,רוטב נפטון סצואן 340,"נפטון מוצרי מזון בע""",IL,רוטב נפטון סצואן 340 גר,גרמים,340.00,100 גרם,false,1,14.90,4.3824,true,1,18577
877300003297,false,רוטב צאטני מנגו חריף,"נפטון מוצרי מזון בע""",IL,רוטב נפטון צאטני מנגו חריף 370 גר,גרמים,370.00,100 גרם,false,1,14.90,4.0270,true,1,10838
877300003303,false,רוטב צאטני מנגו מתוק,"נפטון מוצרי מזון בע""",IL,רוטב נפטון צאטני מנגו מתוק 370 ג,גרמים,370.00,100 גרם,false,1,14.90,4.0270,true,1,10829
877300003334,false,רוטב נפטון קארי 330,"נפטון מוצרי מזון בע""",IL,רוטב נפטון קארי 330 גר,גרמים,330.00,100 גרם,false,1,14.90,4.5152,true,1,18578
884912002372,false,דגני בוקר גרייט גריינס פוסט453 גרם,פוסט ארצות הברית,US,ד.בוקר פוסט קרנברי סלקט 368 גר,גרמים,368.00,100 גרם,false,1,24.90,6.7663,true,1,9513
884912004710,false,דגנים גרייפ נאט 464 גרם,פוסט ארצות הברית,US,ד.בוקר פוסט גרייפ נאט 581 גר,גרמים,581.00,100 גרם,false,1,21.90,3.7694,true,1,14086
884912102102,false,דגני בוקר פוסט סלקט אוכמניות 382 גר,הנסיך- מפעל לייצור ט,US,ד.בוקר פוסט סלקט אוכמניות 453 גר,גרמים,453.00,100 גרם,false,1,24.90,5.4967,true,1,17799
884912111715,false,דגני פוסט האני קומב 354 גר,פוסט ארצות הברית,US,דגני פוסט האני קומב 354 גר,גרמים,354.00,100 גרם,false,14,22.90,6.4689,true,1,46581
884912116505,false,דגני בננה נאט קראנץ' Banana Nut Crunch,פוסט ארצות הברית,US,ד.בוקר פוסט בננה נאט קראנץ 439 גר,גרמים,439.00,100 גרם,false,1,24.90,5.6720,true,1,7650
884912117625,false,דגני שלווה מצופים בדבש Golden Crisp,הנסיך- מפעל לייצור ט,US,דגני פוסט גולדן קריספ 311 גר,גרמים,311.00,100 גרם,false,1,22.90,7.3633,true,1,29434
884912126115,false,גרייט גריינס דגני בוקר עם פירות יבשים פוסט 453 גרם,הנסיך- מפעל לייצור ט,US,ד.בוקר פוסט גריט גריינם 453 גר,גרמים,453.00,100 גרם,false,1,24.90,5.4967,true,1,7649
884912180629,false,דגני בוקר מחיטה מלאה גרוסה שרדד וויט,פוסט ארצות הברית,US,ד.בוקר פוסט מרובעים שרדד 464 גר,גרמים,464.00,100 גרם,false,1,21.90,4.7198,true,1,14081
884912342737,false,דגני בוקר קריספי וופל פוסט 326 גרם.,הנסיך- מפעל לייצור ט,US,דגני פוסט וופל קריספ 326 גר,גרמים,326.00,100 גרם,false,1,22.90,7.0245,true,1,31629
884912359155,false,דגני בוקר האני באנצ'ס האני רוסטד פוסט 340 גרם,פוסט ארצות הברית,US,דגני פוסט האני באנצס רוסטד 340 גרם,גרמים,340.00,100 גרם,false,12,22.90,6.7353,true,1,48421
884912359162,false,האני באנצ' דגני בוקר עם שקדים פוסט 411 גרם,פוסט ארצות הברית,US,דגני פוסט האני באנצס שקדים 340 גרם,גרמים,340.00,100 גרם,false,12,22.90,6.7353,true,1,48420
884912359414,false,דגני בוקר האני באנצ'ס קינמון פוסט 340 גרם,פוסט ארצות הברית,US,דגני פוסט האני באנצס קינמון 340 גרם,גרמים,340.00,100 גרם,false,12,22.90,6.7353,true,1,48416
884912359421,false,דגני בוקר האני באנצ'ס מייפל ופקאן פוסט 340 גרם,פוסט ארצות הברית,US,דגני פוסט האני באנצס מייפל פקאן 340 גרם,גרמים,340.00,100 גרם,false,12,22.90,6.7353,true,1,48418
884912359483,false,דגני בוקר האני באנצס תות 312 ג' POST,פוסט ארצות הברית,US,דגני פוסט האני באנצס תות 311 גרם,גרמים,311.00,100 גרם,false,12,22.90,7.3633,true,1,48417
884912365200,false,דגני בוקר אוראו שחור ולבן 311 גרם,פוסט ארצות הברית,US,דגני בוקר פוסט אוראו 311 גרם,גרמים,311.00,100 גרם,false,8,19.90,6.3987,true,1,50548
884912365217,false,דגני בוקר אוראו הדור הבא 311 גרם.,פוסט ארצות הברית,US,דגני בוקר פוסט אוראו 311 גרם,גרמים,311.00,100 גרם,false,8,19.90,6.3987,true,1,38238
884912377142,false,דגני בוקר האני באנצס וניל 340 ג' POST,פוסט ארצות הברית,US,דגני פוסט האני באנצס וניל 340 גרם,גרמים,340.00,100 גרם,false,12,22.90,6.7353,true,1,48419
885320010577,false,אורז+קינואה מאק טבעונ170,קומפניה,CA,תבשיל אורז וקינואה מאק 170 גרם,גרמים,170.00,100 גרם,false,12,21.90,12.8824,true,1,45607
885320010584,false,גו גו אטריות קינואה אורז טבעוני בטעם גבינה- שלס 170 גרם,קומפניה,CA,תבשיל אורז וקינואה טבעונית 170 גרם,גרמים,170.00,100 גרם,false,12,21.90,12.8824,true,1,45606
885320010676,false,תבשיל אטריות גוגו טב,,CA,תבשיל אטריות גוגו טבעוני עדשים בטעם גבינ,גרמים,156.00,100 גרם,false,12,21.90,14.0385,true,1,47857
888849000005,false,חטיף חלבון בטעם עוגיות עם קרם,סיטי תוספי מזון,US,חטיף חלבון קווסט עוגיות,יחידה,1.00,יחידה,false,12,16.90,16.9000,true,1,32520
888849000234,false,חטיף חלבון בטעם שוקולד כפול,קווסט נוטרישן,US,חטיף חלבון קווסט שוקולד כפול,יחידה,1.00,יחידה,false,12,16.90,16.9000,true,1,32521
888849000418,false,חטיף חלבון בטעם שוקולד בראוני,סיטי תוספי מזון,US,חטיף חלבון קווסט שוקולד בראוני,יחידה,1.00,יחידה,false,12,16.90,16.9000,true,1,32514
888849001224,false,קווסט חטיף חלבון סמורס,סיטי תוספי מזון,US,חטיף חלבון קווסט סמורס,יחידה,1.00,יחידה,false,12,16.90,16.9000,true,1,32525
890582000228,false,"יין סנגריה לוליילו רוזה 750 מ""ל",,ES,סנגריה לוליילו רוזה 750 מל,Unknown,0.00,Unknown,false,1,35.00,0.0000,true,1,45212
890582000723,false,"יין סנגריה לוליילו לבנה 750 מ""ל",,ES,סנגריה לבנה לוליילו 750 מל פיקדון,Unknown,0.00,Unknown,false,1,35.00,0.0000,true,1,28844
897581000365,false,VEGO מרשמלו טבעוני 280 גרם,גוד פוד פרודקטס S.p,US,מרשמלו טבעוני 283 גרם,גרמים,283.00,100 גרם,false,1,22.90,8.0919,true,1,27991
897581000372,false,VEGO מיני מרשמלו טבעוני 280 גרם,,US,מרשמלו מיני טבעוני 283 גרם,גרמים,283.00,100 גרם,false,1,22.90,8.0919,true,1,27990
897581000471,false,מיני מרשמלו טבעוני142גרם,,US,מיני מרשמלו טבעוני עם מייפל 142 גר,גרמים,142.00,100 גרם,false,10,14.90,10.4930,true,1,48077
898193001252,false,בונומלי - חליטת קמומיל 28 גרם,הייר ליבינג,IT,בונומלי חליטת קמומיל אורגני 25 גר,יחידה,1.00,יחידה,false,4,15.90,15.9000,true,1,50797
898905002393,false,שאנון אורגינל אייריש,,IE,ליקר שאנון אייריש קרים אורגינל 1 לי,ליטרים,1.00,ליטר,false,12,99.00,99.0000,true,1,31107
898905002430,false,ליקר שאנון אייריש קר,,IE,ליקר שאנון אייריש קרים שוקולד לבן 1 לי,ליטרים,1.00,ליטר,false,12,99.00,99.0000,true,1,31110
1230000068314,false,בשר טחון מהצומח ביונד מיט 300 גרם,זנברגן וורלד פינסט מיט ב,NL,תחליף בשר טחון ביונד מיט 300 גר,גרמים,300.00,100 גרם,false,8,29.90,9.9667,true,1,39962
1230000116022,false,המבורגר ביונד מיט מארז זוגות 226 גרם.,ביונד מיט קליפורניה ארהב,US,המבורגר ביונד מיט מארז זוג 113גר,גרמים,226.00,100 גרם,false,8,34.90,15.4425,true,1,48783
3012991021008,false,משקה רום נגריטה כהה,ברדינה,,משקה רום נגריטה כהה 1 לי,ליטרים,1.00,ליטר,false,1,120.00,120.0000,true,1,26874
3012991502002,false,"רום נגריטה לבן 700 מ""ל",ברדינה,,משקה רום נגריטה לבן 700 מל פקדון,מיליליטרים,700.00,"100 מ""ל",false,1,70.00,10.0000,true,1,3615
3012999150496,false,ליקר ברדינה קרם קסיס,ברדינה,,ליקר ברדינה קרם קסיס דיזו 700 מל פקדון,מיליליטרים,700.00,"100 מ""ל",false,1,55.00,7.8571,true,1,8696
3012999150779,false,"ליקר טריפל סק ברדינה 750 מ""ל",ברדינה,,ליקר ברדינה טריפל סק 750מל פקדון,מיליליטרים,750.00,"100 מ""ל",false,1,85.00,11.3333,true,1,9512
3012999250066,false,"סירופ גרנדין-ברדינה 700 מ""ל",ברדינה,,סירופ גרנדין ברדינה 700 מל,מיליליטרים,700.00,"100 מ""ל",false,1,20.00,2.8571,true,1,8669
3014260023089,false,מברשת שיניים קלאסיק שלישיה 40 מדיום,פרוקטר אנד גמבל,IN,מארז 3 מב.שיניים אורל בי קלאסיק 40מדיום,יחידה,3.00,יחידה,false,1,14.90,4.9667,true,1,14320
3014260048723,false,מברשת שיניים אורל בי,פרוקטר אנד גמבל,IN,מברשת שיניים אורל בי שלישייה,יחידה,3.00,יחידה,false,1,12.90,4.3000,true,1,19365
3014260228842,false,"קצף גילוח ג'ילט לעור רגיל 200 מ""ל",מולינו ניקולי s.p.a,GB,קצף גילוח גילט לעור רגיל 200 מל,מיליליטרים,200.00,"100 מ""ל",false,1,14.90,7.4500,true,1,7069
3014260240226,false,"ג'ילט קצף גילוח רגיש - 200 מ""ל",פרוקטר אנד גמבל,GB,קצף גילוח גילט לעור רגיש 200 מל,מיליליטרים,200.00,"100 מ""ל",false,1,14.90,7.4500,true,1,7070
3014260287030,false,סכיני גילוח חד פעמי חמישיה gullette,פרוקטר אנד גמבל,MD,סכיני גילוח גילט דו להבי 5 יח בשקית,יחידה,5.00,יחידה,false,1,12.90,2.5800,true,1,4965
3014260289287,false,סכין גילוח גילט בלו 2 לנשים-חמישייה,פרוקטר אנד גמבל,RU,ס.גילוח בלו 2 פלוס לנשים 5 יח,Unknown,0.00,Unknown,false,1,15.90,0.0000,true,1,8132
3014260836665,false,אורל בי פרו אקספרט להגנה מקיפה 35 רך זוג,פרוקטר אנד גמבל,IE,מארז זוג מברשת שיניים אורל בי אקספרט מדי,יחידה,2.00,יחידה,false,1,34.90,17.4500,true,1,16657
3018300000245,false,גרנד מרנייה ליקר קור,קמפרי (יורו),,גרנד מרנייה ליקר קורדון 700 מל,מיליליטרים,700.00,"100 מ""ל",false,6,169.00,24.1429,true,1,30110
3023480110707,false,ליקר שרטרז ירוק 700,שרטרז (Chartreuse),,ליקר שרטרז ירוק 700 מל פקדון,מיליליטרים,700.00,"100 מ""ל",false,1,199.00,28.4286,true,1,8642
3023480140704,false,ליקר שרטרז צהוב 700,שרטרז (Chartreuse),,ליקר שרטרז צהוב 700 מל פקדון,מיליליטרים,700.00,"100 מ""ל",false,1,199.00,28.4286,true,1,37494
3024480004522,false,קוניאק רמי מרטן איקס,רמי קואנטרו,,קוניאק רמי מרטן איקס או אקסלנס 700מל פקד,מיליליטרים,700.00,"100 מ""ל",false,1,699.00,99.8571,true,1,10095
3024482270109,false,"קוניאק רמי מרטין 700 מ""ל V.S.O.P",רמי קואנטרו,,קוניאק רמי מרטן 700 מל פקדון,מיליליטרים,700.00,"100 מ""ל",false,1,229.00,32.7143,true,1,3180
3027030012541,false,תערובת להכנת קרם פטי,,FR,תערובת להכנת קרם פטיסייר 125 גר,גרמים,125.00,100 גרם,false,10,13.90,11.1200,true,1,45285
3027030028665,false,תערובת להכנת פלן וני,,FR,תערובת להכנת פלן וניל 180 גר,גרמים,180.00,100 גרם,false,10,15.90,8.8333,true,1,40832
3028130070660,false,"קוניאק קמוס VSOP בורדרי 700 מ""ל",,,קוניאק קמוס בורדרי וי אס או פי 700 מל,מיליליטרים,700.00,"100 מ""ל",false,1,239.00,34.1429,true,1,14233
3028130076457,false,קוניאק קמוס וי.סי.או,,,קוניאק קמוס וי.סי.או פי 700 מל פיקדון,מיליליטרים,700.00,"100 מ""ל",false,1,220.00,31.4286,true,1,48837
3029330062769,false,מארז 6יח לחמניות המב,,FR,מארז 6יח לחמניות המבורגר גאקט,גרמים,330.00,100 גרם,false,10,15.90,4.8182,true,1,30052
3029330072577,false,לחם לבן פאן לסנדוויץ,JACQUET,FR,לחם לבן פאן לסנדוויץ 550 גרם,גרמים,550.00,100 גרם,false,15,15.90,2.8909,true,1,44662
3029330072584,false,לחם מלא פאן לסנדוויצ,JACQUET,FR,לחם מלא פאן לסנדוויץ 550 גרם,גרמים,550.00,100 גרם,false,15,15.90,2.8909,true,1,44663
3035540001740,false,ליקר פסואה פסיפלורה700מל,רמי קואנטרו,FR,ליקר פסואה פסיפלורה 700 מל פקדון,מיליליטרים,700.00,"100 מ""ל",false,1,110.00,15.7143,true,1,8637
3035542004206,false,ליקר תפוזים קואנטרו700מל,רמי קואנטרו,FR,ליקר קואנטרו 750 מל פקדון,מיליליטרים,750.00,"100 מ""ל",false,1,150.00,20.0000,true,1,8623
3045201107001,false,אידיאל מסיר כתמים לפני כביסה -כדור מסאג,אידיאל Ideal,ES,מסיר כתמים אידיאל כדור מסאג 150 מל,מיליליטרים,150.00,"100 מ""ל",false,1,22.90,15.2667,true,1,9210
3045201108008,false,אידיאל מסיר כתמים לפני כביסה -כדור מבריש,אידיאל Ideal,ES,מסיר כתמים אידיאל כדור מבריש 150 מל,מיליליטרים,150.00,"100 מ""ל",false,1,22.90,15.2667,true,1,9212
3045206157131,false,אידאל צבע לבגד -שחור 230גר,מרקה,ES,צבע לבגד שחור אידאל 230 גר,גרמים,230.00,100 גרם,false,6,24.90,10.8261,true,1,23395
3045206312257,false,דזיטול מגבונים לכל משטח מחטא ומשמיד,יעקבי - דזיטול Desytol,ES,מגבוני דזיטול נגד חיידקים 24 יח,יחידה,24.00,יחידה,false,1,12.90,0.5375,true,1,9214
3046920010801,false,שוקולד מריר אקסלנס עם אגוזי לוז,לינדט ושפרונגלי קילשברג,FR,שוקולד לינדט אקסלנס הזלנט 100 גר,גרמים,100.00,100 גרם,false,1,16.00,16.0000,true,1,18973
3046920016377,false,לינדט שוקולד אקסלנס מריר 100% קקאו 50 גר,לינדט ושפרונגלי,DE,שוקולד לינדט אקסלנס 100%ריר 50 גרם,Unknown,0.00,Unknown,false,1,16.00,0.0000,true,1,35210
3046920027281,false,שוקולד מריר אקסלנס במילוי קרמל ומלח ים,לינדט ושפרונגלי קילשברג,FR,שוקולד לינדט אקסלנס קרמלסולט100 גר,גרמים,100.00,100 גרם,false,1,16.00,16.0000,true,1,14041
3046920028004,false,לינדט שוקולד אקסלנס מריר 70% 100 גר,לינדט ושפרונגלי קילשברג,FR,שוקולד לינדט אקסלנס70%מריר100 גרם,גרמים,100.00,100 גרם,false,1,16.00,16.0000,true,1,1511
3046920028363,false,לינדט אקסלנס 85% מוצקי קקאו 100 גרם,לינדט ושפרונגלי קילשברג,FR,שוקולד לינדט אקסלנס85%מריר100 גרם,גרמים,100.00,100 גרם,false,1,16.00,16.0000,true,1,3773
3046920028721,false,שוק.מריר לינדט 99% 50גרם,לינדט ושפרונגלי קילשברג,FR,שוקולד לינדט אקסלנס 99% מריר100גרם,Unknown,0.00,Unknown,false,1,16.00,0.0000,true,1,17774
3046920028752,false,שוקולד לינדט אקסלנס מינט 100 גרם,לינדט ושפרונגלי קילשברג,FR,שוקולד לינדט אקסלנס מנטה 100 גרם,גרמים,100.00,100 גרם,false,1,16.00,16.0000,true,1,5529
3046920029674,false,שוקולד לינדט אקסלנס סולט 100 גרם,לינדט ושפרונגלי קילשברג,DE,שוקולד לינדט אקסלנס מלח 100 גרם,גרמים,100.00,100 גרם,false,1,16.00,16.0000,true,1,6725
3046920029681,false,לינדט שוקולד אקסלנס מילד 85% קקאו 100 גר,לינדט ושפרונגלי,DE,שוקולד לינדט אקסלנס מילד85%מריר100 גרם,גרמים,100.00,100 גרם,false,1,16.00,16.0000,true,1,34902
3046920029759,false,לינדט אקסלנס 90% מוצקי קקאו 100 גרם,לינדט ושפרונגלי קילשברג,DE,שוקולד לינדט אקסלנס90%מריר100גר,גרמים,100.00,100 גרם,false,1,16.00,16.0000,true,1,14040
3046920029780,false,לינדט שוקולד אקסלנס 70% מילד 100 גר,לינדט ושפרונגלי קילשברג,DE,שוקולד לינדט אקסלנס70%מילד100 גרם,גרמים,100.00,100 גרם,false,1,16.00,16.0000,true,1,17522
3047100090309,false,משקה חריף פרנו 1ל פי,פרנו ריקרד יורו,,משקה חריף פרונו 1 ל פיקדון,ליטרים,1.00,ליטר,false,1,155.00,155.0000,true,1,4167
3047100097209,false,משקה פאסטיס 1 ליטר,,,משקה פאסטיס 51 1 ל פיקדון,ליטרים,1.00,ליטר,false,1,169.00,169.0000,true,1,8034
3049197110076,false,"קוניאק קורבזייה 700 מ""ל V.S",גים בים,FR,קוניאק קורווסיה וי אס 3 כוכבים 700מל,מיליליטרים,700.00,"100 מ""ל",false,6,149.00,21.2857,true,1,22971
3049197210776,false,"קוניאק VSOP קורבזייה 700 מ""ל",גים בים,FR,קוניאק קורבזייה וי.אס.או.פי 700מל פקדון,מיליליטרים,750.00,"100 מ""ל",false,6,199.00,26.5333,true,1,22972
3049614083891,false,שמפניה וו קליקו ברוט 750 מל Yellow label,Veuve Clicquot,,יין קליקו ברוט 750 מל באריזת מתנה,מיליליטרים,750.00,"100 מ""ל",false,1,299.00,39.8667,true,1,31700
3049614083983,false,"שמפנייה וו קליקו רוזה 750 מ""ל מארז",Veuve Clicquot,FR,יין רוזה קליקו 750 מל באריזת מתנה,מיליליטרים,750.00,"100 מ""ל",false,1,399.00,53.2000,true,1,23810
3052853075909,false,יין ספישל קווה בולינ,צרפת בולינג'ר,,יין ספישל קווה בולינגר 700מל פקדון,מיליליטרים,700.00,"100 מ""ל",false,1,335.00,47.8571,true,1,10911
3059940007768,false,"מבשם אוויר אירוויק ספריי וניל אורכידאה 240 מ""ל",איירוויק Air Wick,GB,מ.אוויר אירוויק ספריי וניל 240 מל,מיליליטרים,240.00,"100 מ""ל",false,1,9.90,4.1250,true,1,8103
3059943015104,false,"אירוויק מבשם אויר נטול גז בניחוח פריסיה ויסמין 345 מ""ל",איירוויק Air Wick,PL,מטהר אוויר אירוויק נטול גז פריסיה 345 מל,מיליליטרים,345.00,"100 מ""ל",false,1,14.90,4.3188,true,1,7589
3059943015128,false,מבשם אוויר נטול גז אקווה מיסט בניחוח לבנדר פראי ואוויר הרים,הדקלאים אגודת שיתופי,PL,מטהר אוויר אירוויק נטול גז לבנדר 345 מל,מיליליטרים,345.00,"100 מ""ל",false,1,14.90,4.3188,true,1,7590
3059943016507,false,"אירוויק ספריי בניחוח לבנדר וקמומיל 240 מ""ל",איירוויק Air Wick,GB,מ.אוויר אירוויק ספריי לבנדר 240 מל,מיליליטרים,240.00,"100 מ""ל",false,1,9.90,4.1250,true,1,8102
3059943016569,false,"מבשם אוויר אירוויק ספריי פרסיה ויסמין 240 מ""ל",איירוויק Air Wick,GB,מ.אוויר אירוויק ספריי פריסיה יסמין240מ,מיליליטרים,240.00,"100 מ""ל",false,1,9.90,4.1250,true,1,8101
3059944021197,false,"ויט קרם להסרת שיער לעור רגיש (אריזת חיסכון) 400 מ""ל",רקיט בנקיזר צרפת,FR,קרם להסרת שיער ויט עור עדין אריזת חיסכון,Unknown,0.00,Unknown,false,1,49.90,0.0000,true,1,5329
3059944022415,false,רצועות שעווה מוכנות לשימוש מועשרת בתמציות ובניחוח ורדים,רקיט בנקיזר צרפת,FR,ויט ארומטיק רצועות שעווה 10 יח,Unknown,0.00,Unknown,false,1,21.90,0.0000,true,1,7504
3059944025003,false,Veet רצועות שעווה לעור רגיל אריזת חיסכון (20 יח'),רקיט בנקיזר צרפת,FR,רצועות שעווה ויט 20 יח,יחידה,20.00,יחידה,false,1,21.90,1.0950,true,1,15249
3068320017846,false,מים מינרלים אוויאן 1 ליטר,קריניציה ויטמינה אס,FR,מים מינרלים אויאן 1 ליטר פלסטיק,ליטרים,1.00,ליטר,false,1,9.90,9.9000,true,1,11657
3068320055008,false,מים מינרלים אוויאן 500 מל,קריניציה ויטמינה אס,FR,מים מינרלים אויאן 500 מל פלסטיק,מיליליטרים,500.00,"100 מ""ל",false,1,6.90,1.3800,true,1,12107
3068320103389,false,"מים מינרלים אוויאן 750 מ""ל זכוכית",,,מים מינרלים אויאן 750 מל זכוכית,מיליליטרים,750.00,"100 מ""ל",false,1,12.90,1.7200,true,1,8076
3068320127576,false,מים מינרלים אוויאן מבעבע 750 מל זכוכית,,,מים מינרלים אויאן מוגז 750מל בק.זכוכית,מיליליטרים,750.00,"100 מ""ל",false,1,12.90,1.7200,true,1,50327
3073780574242,false,גבינה לואש קירי 16 יח' 240 ג',,,גבינת לואש קירי מותכת 16 יח 240 גר,גרמים,240.00,100 גרם,false,1,22.90,9.5417,true,1,2257
3073780574310,false,גבינה לה וואש קירי 24 400 גר,,,גבינת לואש קירי מותכת 24 יח 360גר,גרמים,360.00,100 גרם,false,1,29.90,8.3056,true,1,2258
3073780591591,false,גבינה לה וואש קירי 12 192 גרם,"מפעלי גבינות ""ביל",,גבינת לואש קירי מותכת 12 יח 192 גר,גרמים,192.00,100 גרם,false,1,17.90,9.3229,true,1,45211
3073780593083,false,גבינה לואש קירי 32 יח' 480 ג',"מפעלי גבינות ""ביל",,גבינת לואש קירי מותכת 32 יח 480גר,גרמים,480.00,100 גרם,false,1,42.90,8.9375,true,1,2259
3073780839631,false,גבינת קירי מותכת 6 י,"מפעלי גבינות ""ביל",PL,גבינת קירי מותכת 6 יח 100 ג,גרמים,100.00,100 גרם,false,1,12.90,12.9000,true,1,11602
3073781003338,false,גבינה לואש קירי לייט 8 יח' * 128 ג',"מפעלי גבינות ""ביל",SK,גבינת לואש קירי לייט מותכת 8 יח 120גר,גרמים,120.00,100 גרם,false,1,13.90,11.5833,true,1,11603
3073781122596,false,ממרח גבינה לה וואש קירי בגביע 270 גרם,"מפעלי גבינות ""ביל",,ממרח גבינת לואש קירי 270 גרם בכוס,גרמים,270.00,100 גרם,false,1,24.90,9.2222,true,1,32722
3073781162790,false,גבינה מותכת בייבי בל 120 גרם,מחלבות בל,FR,גבינת בייבי בל אדום 120 גר,גרמים,120.00,100 גרם,false,1,17.90,14.9167,true,1,48560
3073781177220,false,גבינה בייבי בל אדום 102גר,מחלבות בל,FR,גבינת בייבי בל רול 102גר,גרמים,102.00,100 גרם,false,8,17.90,17.5490,true,1,49978
3080216034508,false,"בירה Grimbergen Blonde בודד 330 מ""ל",גרימברגן Grimbergen,PL,בירה גרינברגן בלונד 330מל בק.פקדון,מיליליטרים,330.00,"100 מ""ל",false,24,10.00,3.0303,true,1,37255
3080216034645,false,"בירה רגינברג אמברה 330 מ""ל",company supply carlsberg,PL,בירה גרינברגן אמבר 330מל בק.פקדון,מיליליטרים,330.00,"100 מ""ל",false,24,10.00,3.0303,true,1,37256
3083681142983,false,שעועית עדינה קפואה בונדואל 600 גרם,בונדואל פרוספקטיב אנד די,PT,שעועית עדינה קפואה 600גרם בונדואל,גרמים,600.00,100 גרם,false,10,19.90,3.3167,true,1,51782
3083681143010,false,אפונת גן קפואה בונדואל 600 גרם,בונדואל פרוספקטיב אנד די,PT,אפונת גן קפואה 600גרם בונדואל,גרמים,600.00,100 גרם,false,10,11.90,1.9833,true,1,51781
3083681143041,false,גרעיני תירס קפואים בונדואל 600 גרם,בונדואל פרוספקטיב אנד די,FR,גרעיני תירס קפואים 600גרם בונדואל,גרמים,600.00,100 גרם,false,10,12.90,2.1500,true,1,51783
3083681143652,false,פרוסות חציל בגריל קפואים בונדואל 600 גרם,בונדואל פרוספקטיב אנד די,FR,פרוסות חציל בגריל קפוא 600גרם בונדואל,גרמים,600.00,100 גרם,false,10,21.90,3.6500,true,1,51784
3083681143720,false,חצאי פלפלים בגריל קפואים בונדואל 600 גרם,בונדואל פרוספקטיב אנד די,FR,חצאי פלפלים בגריל קפוא 600גרם בונדואל,גרמים,600.00,100 גרם,false,10,21.90,3.6500,true,1,51786
3090291119403,false,נורמנטל פרוסות 150 גרם,סבנסיה,FR,גבינת נורמנטל 150גר פרוס איל דה פרנס,גרמים,150.00,100 גרם,false,8,22.90,15.2667,true,1,39488
3092718605216,false,סירופ טסייר דובדבן 6,טסר,,סירופ טייסר דובדבן 600 מל צרפת,מיליליטרים,600.00,"100 מ""ל",false,1,25.90,4.3167,true,1,50227
3092718610227,false,סירופ טעם פטל גרנדין,טסר,,סירופ טעם פטל גרנדין זירו600מ טסייר צרפת,מיליליטרים,600.00,"100 מ""ל",false,1,25.90,4.3167,true,1,48524
3092718610258,false,סירופ טייסר מנטה זיר,טסר,,סירופ טייסר מנטה זירו 600 מל צרפת,מיליליטרים,600.00,"100 מ""ל",false,1,25.90,4.3167,true,1,31342
3092718627850,false,סירופ טעם פטל גרנדין,טסר,,סירופ טעם פטל גרנדין 600מל טסייר צרפת,מיליליטרים,600.00,"100 מ""ל",false,1,25.90,4.3167,true,1,48523
3092718627881,false,סירופ צרפת טסייר מנט,טסר,,סירופ טסייר טעם מנטה 600מל צרפת,מיליליטרים,600.00,"100 מ""ל",false,1,25.90,4.3167,true,1,48517
3092718627911,false,סירופ טסייר לימון 60,טסר,,סירופ טעם לימון 600מל טסייר צרפת,מיליליטרים,600.00,"100 מ""ל",false,1,25.90,4.3167,true,1,48521
3103820404007,false,ברנדי שאטו דה בריול,שאטו דה בריול,,ברנדי שאטו דה בריול פיין קלבדוס 700מל פק,מיליליטרים,700.00,"100 מ""ל",false,1,145.00,20.7143,true,1,10620
3103821704007,false,ברנדי שאטו דה ביול ק,שאטו דה בריול,,ברנדי שאטו דה ביול קלבדוס רזרב 700מל,מיליליטרים,700.00,"100 מ""ל",false,1,245.00,35.0000,true,1,10621
3120581456342,false,יין אדום קלו דה מירן,,FR,יין אדום קלו דה מירן קוט דה רון 750מל פק,מיליליטרים,750.00,"100 מ""ל",false,1,75.00,10.0000,true,1,49715
3120581458759,false,"יין דה ליני בורגון שרדונה לבן יבש (כשר) 750 מ""ל",Unknown,FR,יין שרדונה מ.דה ליני בורגון לבן יבש 750מ,מיליליטרים,750.00,"100 מ""ל",false,1,75.00,10.0000,true,1,49711
3124480000347,false,משקה קנדה דריי 330מל,,FR,משקה קנדה דריי 330מל גינגר אייל פחית,מיליליטרים,330.00,"100 מ""ל",false,24,7.90,2.3939,true,1,28693
3124480184320,false,משקה אורנגינה 330 מל,,,משקה אורנגינה 330 מל פקדון פחית,מיליליטרים,330.00,"100 מ""ל",false,1,7.90,2.3939,true,1,15040
3124480186584,false,משקה אוהזיס טרופיקל,,FR,משקה אוהזיס טרופיקל 330מל פירות יער פחית,מיליליטרים,330.00,"100 מ""ל",false,24,7.90,2.3939,true,1,49348
3124480186676,false,משקה אוהזיס טרופיקל,,FR,משקה אוהזיס טרופיקל 330מל פירות יער פחית,מיליליטרים,330.00,"100 מ""ל",false,24,7.90,2.3939,true,1,28692
3134375003513,false,דבק כללי חזק במיוחד 30 גר,3m,,דבק כללי חזק במיוחד 30 גרם,יחידה,1.00,יחידה,false,1,16.90,16.9000,true,1,14754
3141360054405,false,פיניש מפיץ ריח למדיח בניחוח לימון וליים,הדקלאים אגודת שיתופי,HU,ציטרופרש מפיג ריחות למדיח,Unknown,0.00,Unknown,false,1,16.90,0.0000,true,1,18107
3142701906001,false,יין פינק פלמינגו גרי,דומיין פלמנגו,FR,יין פינק פלמינגו גרי רוזה 750 מל,מיליליטרים,750.00,"100 מ""ל",false,1,60.00,8.0000,true,1,24618
3147690014607,false,יין פורט קאלווארש 750 מל,ברדינה,,יין אדום פורט קאלווארש 750 מל,מיליליטרים,750.00,"100 מ""ל",false,1,60.00,8.0000,true,1,12148
3147690045908,false,ברנדי ארמניאק לה מזי,לה מזייר,,ברנדי ארמניאק לה מזייר 700 מל פקדון,מיליליטרים,700.00,"100 מ""ל",false,1,115.00,16.4286,true,1,8641
3147690083207,false,ברנדי ארמניאק סאן וי,לה מזייר,,ברנדי ארמניאק סאן ויואן 700מל פקדון,מיליליטרים,700.00,"100 מ""ל",false,1,155.00,22.1429,true,1,9182
3155700000212,false,שמן אגוזי 500 מל לא,,,שמן אגוזי 500 מל לאפליס,מיליליטרים,500.00,"100 מ""ל",false,1,44.90,8.9800,true,1,15346
3155700000700,false,שמן אגוזי מלך 1 ל לא,,,שמן אגוזי מלך 1 ל לאפליס,ליטרים,1.00,ליטר,false,1,64.90,64.9000,true,1,13768
3159560595000,false,יין רוזה דאנזו קאלוו,צרפת גראן שה דה פראנ,,יין רוזה דאנזו קאלווה 750מל פקדון,מיליליטרים,750.00,"100 מ""ל",false,1,45.00,6.0000,true,1,10161
3159560603279,false,יין ורייאטלז מרלו קא,צרפת גראן שה דה פראנ,,יין ורייאטלז מרלו קאלווה 750מל פקדון,מיליליטרים,750.00,"100 מ""ל",false,1,40.00,5.3333,true,1,10158
3159560603286,false,יין ורייאטלז קברנה ק,צרפת גראן שה דה פראנ,,יין ורייאטלז קברנה קאלווה 750מל פקדון,מיליליטרים,750.00,"100 מ""ל",false,1,40.00,5.3333,true,1,10157
3159560603880,false,יין ורייאטלז סירה קא,צרפת גראן שה דה פראנ,,יין ורייאטלז שיראז קאלווה 750מל פקדון,מיליליטרים,750.00,"100 מ""ל",false,1,40.00,5.3333,true,1,10160
3161712996153,false,מיני ברי כחולה 125 גרם,סבנסיה,FR,גבינת מיני ברי כחולה 125גרם איל דה פרנס,גרמים,125.00,100 גרם,false,12,24.90,19.9200,true,1,39486
3161911229199,false,חמאה צרפתית רכה למריחה אל & ויר 250 גרם,אלל אה וויר,FR,חמאה רכה אלויר 250 גרם,גרמים,250.00,100 גרם,false,1,22.90,9.1600,true,1,1514
3161911366429,false,חמאה צרפתית מלוחה רכה למריחה אלוויר 250 גר',ארזינא,FR,חמאה רכה מלוחה אלויר 250 גרם,גרמים,250.00,100 גרם,false,1,22.90,9.1600,true,1,1938
3161911393210,false,אלוויר חמאת נורמנדי מלוחה 200 גרם,אלוויר,FR,חמאת נורמנדי מלוחה 200גר אלוויר,גרמים,200.00,100 גרם,false,40,17.90,8.9500,true,1,48135
3172258000013,false,יין פמיל בוגרייה שני,,,יין פמיל בוגרייה שנין בלאן 750 מל,מיליליטרים,750.00,"100 מ""ל",false,1,45.00,6.0000,true,1,51077
3174660097995,false,קוביות סוכר חום 750,,,קוביות סוכר חום 750 גרם טראוס,גרמים,75000.00,100 גרם,false,1,29.90,0.0399,true,1,13345
3174660098022,false,קוביות סוכר לבן 750,,,קוביות סוכר לבן 750 גרם טראוס,גרמים,75000.00,100 גרם,false,1,29.90,0.0399,true,1,13346
3175460000017,false,גבינת בורסאן שום ועשבי תיבול 150 גר,השחר,FR,גבינת בורסן שום ועשבי תיבול 150 גרם,גרמים,150.00,100 גרם,false,1,18.90,12.6000,true,1,5705
3175460000062,false,גבינת בורסאן פלפל שחור 150 גרם,השחר,FR,גבינת בורסן פלפל 150 גרם,גרמים,150.00,100 גרם,false,1,18.90,12.6000,true,1,4436
3175460000864,false,גבינת בורסאן טבעי 150 גר,Unknown,FR,גבינת בורסן טבעי 150 גרם,גרמים,150.00,100 גרם,false,1,18.90,12.6000,true,1,2954
3175460030083,false,גבינת בורסאן בצל ועירית 150 גר,השחר,FR,גבינת בורסן בצל ועירית 150 גרם,גרמים,150.00,100 גרם,false,1,18.90,12.6000,true,1,4509
3176580111935,false,גבינת ברי איל דפרנס,בונגראן,,גבינת ברי איל דפרנס במשקל,קילוגרמים,1.00,"ק""ג",true,,159.00,159.0000,true,1,27284
3176780030616,false,יין לבן לה רוש נואר,,FR,יין לבן לה רוש נואר מוסקדה סברא 750מל פק,מיליליטרים,750.00,"100 מ""ל",false,12,60.00,8.0000,true,1,49739
3176780033891,false,יין קווה סוביניון בל,צרפת גראן שה דה פראנ,,יין קווה סוביניון בלאן קיווי 750מל פקדון,מיליליטרים,750.00,"100 מ""ל",false,1,40.00,5.3333,true,1,10589
3176780036755,false,יין הו פואטו קברנה פ,,FR,יין הו פואטו קברנה פרנק 750 מל,מיליליטרים,750.00,"100 מ""ל",false,6,65.00,8.6667,true,1,37855
3176780100258,false,יין סאנסר לה שאניי ל,,,יין סאנסר לה שאניי לבן 750 מל750 מל,מיליליטרים,750.00,"100 מ""ל",false,6,100.00,13.3333,true,1,39933
3176780100265,false,יין פואיי פומה לה רו,,,יין פואיי פומה לה רושאטה 750 מל,מיליליטרים,750.00,"100 מ""ל",false,6,100.00,13.3333,true,1,39932
3178530402278,false,עוגיות גאלט חמאה קרם 150 גרם,סן מישל St Michel,FR,עוגיות גאלט חמאה קרמל סן מישל 150 גרם,גרמים,150.00,100 גרם,false,1,14.90,9.9333,true,1,16968
3178530402353,false,עוגות מיני מדלן קלאסי סאן מישל 175 גרם,סאן מישל ביסוויט,FR,עוגיות מדלן רכות סן מישל 175 גרם,גרמים,175.00,100 גרם,false,1,11.90,6.8000,true,1,16972
3178530407938,false,עוגיות מיני מדליין עם שוקוצ'יפס סאן מישל 175 גרם,סן מישל St Michel,FR,עוגיות מיני מדליין סן מישל 175גרם,גרמים,175.00,100 גרם,false,1,11.90,6.8000,true,1,16970
3178530411478,false,ביסקוויטים גאלט עם חמאה ומלח ים,סן מישל St Michel,FR,עוגיות גאלט חמאה סנט מישל קלאסי 150 גרם,גרמים,150.00,100 גרם,false,1,14.90,9.9333,true,1,16967
3178530412703,false,דונאט עם שוקולד 180 גרם סן מישל,סן מישל St Michel,FR,עוגיות סן מישל דונאט שוקולד180 גרם,גרמים,180.00,100 גרם,false,12,16.90,9.3889,true,1,31561
3178530417340,false,בראוניז שוקולד סנט מישל 210 גרם,סן מישל,FR,עוגת אישית סנט מישל בראוניז שוקולד210גרם,גרמים,210.00,100 גרם,false,12,17.90,8.5238,true,1,38493
3178530417418,false,דונאט עם שוקולד צ'יפס 180 גרם סן מישל,סן מישל St Michel,FR,עוגיות סן מישל דונאט שוקוציפס180 גרם,גרמים,180.00,100 גרם,false,12,16.90,9.3889,true,1,31565
3179071001821,false,יין קהר דה מדיטרנה א,,FR,יין קהר דה מדיטרנה אדום 750 מל,מיליליטרים,750.00,"100 מ""ל",false,6,45.00,6.0000,true,1,39611
3179730011017,false,פרייה מים מינרלים טבעיים מבעבעים,NESTLE WATERS,FR,מים מינרלים פרייה 750 מל פיקדון,מיליליטרים,750.00,"100 מ""ל",false,1,10.90,1.4533,true,1,2449
3179732348913,false,פרייה מים מינרליים טבעיים מבעבעים 1 ליטר פלסטיק,נסטלה ווטרס ספלאי,FR,מים מינרלים פרייה 1 ל פיקדון פלסטיק ירוק,ליטרים,1.00,ליטר,false,1,10.90,10.9000,true,1,6828
3180421057603,false,יין בורגון פינו מולא,מולארד,FR,יין פינו נואר בורגון מולארד 750 מל,מיליליטרים,750.00,"100 מ""ל",false,6,80.00,10.6667,true,1,27996
3182280050030,false,"גרנד סיידר מתוק 2.5% אלכוהול 750 מ""ל",סידריס דו,FR,משקה סיידר תפוחים אוקסון מתוק 750מל בק.פ,מיליליטרים,750.00,"100 מ""ל",false,6,29.90,3.9867,true,1,38307
3182280052522,false,"גרנד סיידר יבש 5% אלכוהול 750 מ""ל",סידריס דו,FR,משקה סיידר תפוחים יבש 750מל,מיליליטרים,750.00,"100 מ""ל",false,1,29.90,3.9867,true,1,14091
3182280052577,false,סיידר אקוסון רוזה בק,סידריס דו,,משקה סיידר תפוחים רוזה 750מל בק. פקדון,מיליליטרים,750.00,"100 מ""ל",false,1,29.90,3.9867,true,1,10757
3183280028036,false,"מלח ים גס בשקית 1 ק""ג LA BALEINE",LA BALEIN,FR,מלח ים גס אטלנטי 1 קג לה בלינה,קילוגרמים,1.00,"ק""ג",false,1,16.90,16.9000,true,1,30084
3185130000124,false,קרמאן דאלזאס בלאן דה,צרפת פפאפנהיים,,יין קרמאן דאלזאס בלן דה בלאן 750 מל,מיליליטרים,750.00,"100 מ""ל",false,1,70.00,9.3333,true,1,17199
3185130051027,false,יין ריזלינג פפאפנהיי,צרפת פפאפנהיים,,יין ריזלינג פפאפנהיים 750 מל פיקדון,מיליליטרים,750.00,"100 מ""ל",false,1,60.00,8.0000,true,1,6588
3185130061026,false,יין מוסקטו פפאפנהיים,צרפת פפאפנהיים,,יין מוסקטו פפאפנהיים 750 מל פיקדון,מיליליטרים,750.00,"100 מ""ל",false,1,70.00,9.3333,true,1,15994
3185130071025,false,יין פפאפנהיים פינו ג,צרפת פפאפנהיים,,יין לבן פינו גרי פפאפנהיים 750 מל פקדון,מיליליטרים,750.00,"100 מ""ל",false,1,65.00,8.6667,true,1,8717
3185130081024,false,יין פפאפנהיים גוורצט,צרפת פפאפנהיים,,יין גוורצטרמינר פפאפנהיים 750 מל פיקדון,מיליליטרים,750.00,"100 מ""ל",false,1,65.00,8.6667,true,1,6589
3185130741362,false,יין פפאפנהיים זנטי ד,צרפת פפאפנהיים,,יין פפאפנהיים זנטי דה פפאף 750 מל פקדון,מיליליטרים,750.00,"100 מ""ל",false,1,60.00,8.0000,true,1,8967
3185138687365,false,יין גוורצטרמינר גולד,צרפת פפאפנהיים,,יין גוורצטרמינר גולדרט פפאפנהיים 750מל פ,מיליליטרים,750.00,"100 מ""ל",false,1,115.00,15.3333,true,1,9746
3185370001233,false,שמפניה מואט ושנדו באריזת מתנה 750 מל,Moet Chandon,,יין נתזים מואט ושנדו ברוט 750 מל פיקדון,מיליליטרים,750.00,"100 מ""ל",false,1,269.00,35.8667,true,1,17882
3185370061503,false,שמפניה מואט ושנדו רוזה באריזת מתנה 750 מ,Moet Chandon,,יין מואט אריזת מתנה 750 מל,מיליליטרים,750.00,"100 מ""ל",false,1,299.00,39.8667,true,1,17595
3185370457054,false,שמפניה מואט ושנדו אייס אימפריאל 750 מל,Moet Chandon,,שמפניה מואט אייס אימפריאל 750 מל,מיליליטרים,750.00,"100 מ""ל",false,1,299.00,39.8667,true,1,35258
3185370615492,false,שמפניה מואט אייס אימ,,,שמפניה מואט אייס אימפריאל רוזה 750 מל,מיליליטרים,750.00,"100 מ""ל",false,1,350.00,46.6667,true,1,35259
3228022910023,false,חמאת צרפתית פרזידנט 200 גרם,סוסייטה בארייר דה אי,FR,חמאה צרפתית פרזידנט 200 גרם,גרמים,200.00,100 גרם,false,1,12.90,6.4500,true,1,1515
3245990969419,false,"קוניאק הנסי 700 מ""ל V.S.O.P",jas hennessy,,קוניאק הנסי וי אס או פי מארז 700מלפיקדו,מיליליטרים,750.00,"100 מ""ל",false,1,259.00,34.5333,true,1,10020
3245995960015,false,הנסי 700 V.S באריזת מתנה,jas hennessy,,קוניאק הנסי וי אס 700 מל,מיליליטרים,700.00,"100 מ""ל",false,1,150.00,21.4286,true,1,12288
3252920013494,false,חמאה מלוחה 250גר מלח,,GR,חמאה מלוחה 250גר מלח אטלנטי לה גאל,גרמים,250.00,100 גרם,false,,22.90,9.1600,true,1,36804
3252920022502,false,גבינת שמנת טבעי 150ג,,,גבינת שמנת טבעי 150גר לה גל,גרמים,150.00,100 גרם,false,,13.90,9.2667,true,1,36791
3252920022526,false,גבינת שמנת עשבי תיבו,,,גבינת שמנת עשבי תיבול 150גר לה גל,גרמים,150.00,100 גרם,false,,13.90,9.2667,true,1,36793
3254474024537,false,תירס גרעינים גריין ג,,GB,תירס גרעינים גריין גאיינט 160 גרם,גרמים,160.00,100 גרם,false,12,3.90,2.4375,true,1,48712
3254550033217,false,סנט מור גבינת ברי איסיני 220 גרם,אף.סי תבליני בגליל ב,FR,גבינת ברי איסיני 220 גרם,גרמים,220.00,100 גרם,false,1,26.90,12.2273,true,1,14046
3254550033279,false,גבינת קממבר 250 גרם סנט מר,איסיני סנט מור,FR,גבינת קממבר איסיני 250 גרם,גרמים,250.00,100 גרם,false,1,26.90,10.7600,true,1,14047
3257698101107,false,יין גילהם לבן 750 מל,גאטה,,יין גילהם לבן 750 מל,מיליליטרים,750.00,"100 מ""ל",false,1,60.00,8.0000,true,1,19239
3257698201104,false,יין גילהם רוזה 750 מ,גאטה,FR,יין גילהם רוזה 750 מל,מיליליטרים,750.00,"100 מ""ל",false,1,60.00,8.0000,true,1,23273
3257698301101,false,יין גילהם אדום 750 מ,גאטה,,יין גילהם אדום 750 מל,מיליליטרים,750.00,"100 מ""ל",false,1,60.00,8.0000,true,1,19240
3257698301118,false,יין גאסק קברנה 750 מ,,FR,יין גאסק קברנה 750 מל,מיליליטרים,750.00,"100 מ""ל",false,6,60.00,8.0000,true,1,40865
3257698301132,false,יין קלאסיק אדום 750,גאטה,,יין קלאסיק אדום 750 מל,מיליליטרים,750.00,"100 מ""ל",false,1,60.00,8.0000,true,1,19241
3257698302108,false,יין פונט דה גאסאק אד,יקב גאסאק,FR,יין פונט גאסאק אדום 750 מל,מיליליטרים,750.00,"100 מ""ל",false,6,80.00,10.6667,true,1,29075
3262152098756,false,יין לבן סוטרן רזרב מ,צרפת פיליפ דה רוטשיל,,יין לבן סוטרן רזרב מוטון קאדה 750 מל פקד,מיליליטרים,750.00,"100 מ""ל",false,1,165.00,22.0000,true,1,8854
3263286301323,false,"יין JP קברנה סירה 750 מ""ל",,,יין גי פי שנה קברנה סירה 750 מל פקדון,מיליליטרים,750.00,"100 מ""ל",false,1,45.00,6.0000,true,1,30605
3263286321284,false,יין צרפתי גיפי לבן חצי מתוק 750 מל,קב דה לנדירס,,יין גי פי לבן חצי מתוק 750 מל,מיליליטרים,750.00,"100 מ""ל",false,1,45.00,6.0000,true,1,17462
3263286328993,false,יין גיי פי שנה מרלו,,,יין גי פי מרלו 750 מל,מיליליטרים,750.00,"100 מ""ל",false,1,45.00,6.0000,true,1,30179
3263286329396,false,"יין טרה ארגנטה מלבאק 750 מ""ל",ארגנטה,AR,יין טרה ארגנטה מלבק 750 מל,מיליליטרים,750.00,"100 מ""ל",false,6,45.00,6.0000,true,1,28003
3263286529321,false,יין שבלי לבן בואיה 7,,FR,יין שבלי לבן בואיה 750 מל פקדון,מיליליטרים,750.00,"100 מ""ל",false,6,100.00,13.3333,true,1,35689
3263289990203,false,יין גיי פי שנה שרדונ,,,יין גי פי לבן יבש שרדונה 750 מל,מיליליטרים,750.00,"100 מ""ל",false,1,45.00,6.0000,true,1,16470
3267682136176,false,ויסקי היילנד קווין בלנדד 1 ליטר,היילנד קווין קומפני,GB,וויסקי היילנד קווין 1 לי,ליטרים,1.00,ליטר,false,6,99.00,99.0000,true,1,35950
3269210253034,false,יין מיראבו קלאסיק רו,,,יין מיראבו קלאסיק רוזה 750 מל,מיליליטרים,750.00,"100 מ""ל",false,1,65.00,8.6667,true,1,21143
3270620000873,false,ליקר מנגויאן 700 מל,,,ליקר תאנים 700 מל,מיליליטרים,700.00,"100 מ""ל",false,6,89.90,12.8429,true,1,35949
3270620001498,false,קוניאק לואי רוייה אק,,,קוניאק לואי רוייה אקס או 700 מל,מיליליטרים,700.00,"100 מ""ל",false,1,489.00,69.8571,true,1,49994
3270620001702,false,"קוניאק לואי רוייה 700 מ""ל VSOP",,,קוניאק לואי רוייה וי אס או פי 700 מל,מיליליטרים,700.00,"100 מ""ל",false,1,199.00,28.4286,true,1,49995
3270620001757,false,"קוניאק VS לואי רוייה 700 מ""ל",,,קוניאק לואי רוייה וי אס 700 מל,מיליליטרים,700.00,"100 מ""ל",false,1,129.00,18.4286,true,1,22575
3272770003148,false,"שברוקס גבינת עיזים פרמידה, 150 גרם",מיוצר עי קונדיטוריית,FR,גבינת שברו עיזים פרמידה 150 ג,גרמים,150.00,100 גרם,false,1,21.90,14.6000,true,1,3423
3272770092678,false,טרטר שום ועשבי תיבול 150 גר,בונגראן,,גבינת טרטר עשבי תיבול 150גר,גרמים,150.00,100 גרם,false,1,19.90,13.2667,true,1,12344
3278480396334,false,שמפיין פיין אקס או ג,גודה פראר קוניק,FR,שמפיין פיין אקס או גודה 700 מל,מיליליטרים,700.00,"100 מ""ל",false,1,359.00,51.2857,true,1,50001
3278480629128,false,קוניאק XO גודה טרה 700מל,,FR,קוניאק גודה אקס או 700 מל,מיליליטרים,700.00,"100 מ""ל",false,1,469.00,67.0000,true,1,50000
3296180000016,false,יין דומיין פרין קוט,,,יין דומיין פרין קוט דה ונטו 750 מל פקדון,מיליליטרים,750.00,"100 מ""ל",false,1,60.00,8.0000,true,1,6608
3296180000023,false,יין פרין זיגונדאס לה,,,יין דומיין פרין גגונדאס אדום יבש 750מל פ,מיליליטרים,750.00,"100 מ""ל",false,1,129.00,17.2000,true,1,36748
3296180000047,false,יין דומיין פרין קוט,,,יין דומיין פרין קוט דה לובר 750 מל פקדון,מיליליטרים,750.00,"100 מ""ל",false,1,60.00,8.0000,true,1,6609
3296180000160,false,יין פרין קוט דה רון,,,יין פרין קוט דה רון רזרב 750 מל פקדון,מיליליטרים,750.00,"100 מ""ל",false,1,60.00,8.0000,true,1,6635
3296180007794,false,"יין מיראבל סטודיו 750 מ""ל",,FR,יין מירבאל סטודיו 750 מל,מיליליטרים,750.00,"100 מ""ל",false,6,80.00,10.6667,true,1,29953
3296184016242,false,"יין מירבל רוזה יבש, 750 מ""ל",,,יין פרובנס מירבל רוזה יבש 750 מל,מיליליטרים,750.00,"100 מ""ל",false,1,115.00,15.3333,true,1,38302
3296184016549,false,יין דומיין פרין שאטו,,,יין דומיין פרין שאטונף דו פאפ 2018 750מל,מיליליטרים,750.00,"100 מ""ל",false,1,179.00,23.8667,true,1,39127
3299790211018,false,ערק פניקס אניס 1 ליט,טייב,FR,משקה פניקס ארק 45% 1ל פקדון,ליטרים,1.00,ליטר,false,1,115.00,115.0000,true,1,6172
3300370111038,false,יין הוגל גנטיל 750 מ,,,יין הוגל גנטיל 750 מל פקדון,מיליליטרים,750.00,"100 מ""ל",false,1,60.00,8.0000,true,1,6418
3300370180034,false,יין הוגל גוורצטרמינר,,,יין הוגל גוורצטרמינר 750 מל פקדון,מיליליטרים,750.00,"100 מ""ל",false,1,100.00,13.3333,true,1,9179
3300370190033,false,יין הוגל ריזלינג 750,,,יין הוגל ריזלינג 750 מל פקדון,מיליליטרים,750.00,"100 מ""ל",false,1,85.00,11.3333,true,1,9178
3329069990044,false,רום גיי אם וי אס או,,FR,רום גיי אם וי אס או פי 700 מל,מיליליטרים,700.00,"100 מ""ל",false,6,229.00,32.7143,true,1,35090
3330540102191,false,יין בורגון קוט שאלונ,קאב דה בוקסי,FR,יין קוט שאלונייז שרדונה 750 מל,מיליליטרים,750.00,"100 מ""ל",false,1,60.00,8.0000,true,1,30779
3330540502014,false,יין בורגון אליגוטה 7,קאב דה בוקסי,FR,יין בורגון אליגוטה 750 מל,מיליליטרים,750.00,"100 מ""ל",false,1,60.00,8.0000,true,1,30778
3330548002226,false,יין בורגון זיברי לבן,טיסייה רולאן,,יין בורגון גיברי לבן 750 מל,מיליליטרים,750.00,"100 מ""ל",false,1,80.00,10.6667,true,1,33508
3333780204991,false,"יין שאטו סנטר לבן 750 מ""ל",lacheteau,,יין לה שאטו סנסר 750 מל פקדון,מיליליטרים,750.00,"100 מ""ל",false,1,100.00,13.3333,true,1,30950
3335121604934,false,חרדל דיג'ון חלק פלוטקין 370 גרם,קובינור,FR,חרדל צאטל חלק 370 גר,גרמים,370.00,100 גרם,false,1,10.00,2.7027,true,1,4853
3341501000173,false,גבינת סנט אגור במשקל,בונגראן,,גבינת סנט אגור במשקל,קילוגרמים,1.00,"ק""ג",true,,199.00,199.0000,true,1,1940
3351000811118,false,יין מאזי שמברטאן 11,צרפת פייבליי,,יין מאזי שמברטאן 11 דומיין פייבליי 750מל,מיליליטרים,750.00,"100 מ""ל",false,1,970.00,129.3333,true,1,12156
3351650000214,false,"יין גורג דובף בוזולה 2017 750 מ""ל",,FR,יין גורג דובף בוזולה אדום 750 מל,מיליליטרים,750.00,"100 מ""ל",false,1,65.00,8.6667,true,1,8681
3364048001328,false,"קוניאק VSOP טיפון 700 מ""ל",,FR,קוניאק קמוס וי.סי.או פי 700 מל,מיליליטרים,700.00,"100 מ""ל",false,6,150.00,21.4286,true,1,48279
3365910000517,false,יין דומיין בורגואה פ,,,יין דומיין בורגואה פואי פמה750 מל פיקדון,מיליליטרים,750.00,"100 מ""ל",false,1,125.00,16.6667,true,1,7201
3365910009152,false,יין הנרי בורגואה פטי,,,יין הנרי בורגואה פטיט קברנה פרנ 750מל פק,מיליליטרים,750.00,"100 מ""ל",false,1,75.00,10.0000,true,1,27168
3365910051106,false,יין הנרי בורגוואה פו,,,יין הנרי בורגוואה פואי פומה יאנג וין 750,מיליליטרים,750.00,"100 מ""ל",false,1,130.00,17.3333,true,1,12181
3383690020747,false,פרובאנס יין דומיין א,,,פרובאנס יין דומיין אוט רוזה 750 מל,מיליליטרים,750.00,"100 מ""ל",false,6,179.00,23.8667,true,1,34053
3387390320244,false,פיטנס דגני בוקר מחיטה מלאה עם פירות נסטלה 375 גרם,נסטלה צרפת איטנקורט,FR,דגני בוקר פיטנס עם פירות 375 ג,גרמים,375.00,100 גרם,false,1,19.90,5.3067,true,1,4113
3387390525960,false,קראנץ' דגני בוקר עם שוקולד חלב נסטלה 500 גרם,הנסיך- מפעל לייצור ט,FR,דגני בוקר קראנצ טעם שוקולד חלב 500 ג,גרמים,500.00,100 גרם,false,1,22.90,4.5800,true,1,6327
3387390730852,false,פיטנס דגנים מחיטה מלאה ואורז נסטלה 375 גרם,נסטלה צרפת איטנקורט,FR,דגני בוקר פיטנס לגוף חטוב 375 ג,גרמים,375.00,100 גרם,false,1,19.90,5.3067,true,1,4112
3391180002661,false,יין קרז הרמיטאז פטיט,צרפת - מ. שאפוטייה,,יין קרז הרמיטאז פטיט רוש שאפוטייה 750מל,מיליליטרים,750.00,"100 מ""ל",false,1,85.00,11.3333,true,1,22571
3391180010178,false,יין לה מייזונייה קרו,שאפוטייה,,יין לה מייזונייה קרוז הרמיטאז 750 מל,מיליליטרים,750.00,"100 מ""ל",false,1,120.00,16.0000,true,1,35088
3394210003751,false,פסטיס דובל 700 מלר,,,פסטיס דובל 700 מלר,מיליליטרים,700.00,"100 מ""ל",false,8,59.00,8.4286,true,1,41045
3415581187113,false,גלידה בטעם וניל בראוניס 473 ג' האגן דאז,האגן-דאז,FR,גלידה האגן דאז פיינט וניל בראוניס,מיליליטרים,500.00,"100 מ""ל",false,1,22.90,4.5800,true,1,3884
3415582300924,false,גלידה האגן דאז דואו שוקולד בלגי וניל קרא,האגן-דאז,FR,גלידה האגן דאז דואו שוקולד בלגי וניל קרא,גרמים,353.00,100 גרם,false,8,22.90,6.4873,true,1,51798
3417840007514,false,יין סאנסר דומיין דה,,,יין סאנסר דומיין דה רוסיניול לבן 750 מל,מיליליטרים,750.00,"100 מ""ל",false,1,80.00,10.6667,true,1,34417
3428681000961,false,קוניאק דופוי במארז א,באך גבריאלסון,FR,קוניאק דופוי וי אס 750 מל,מיליליטרים,750.00,"100 מ""ל",false,12,129.90,17.3200,true,1,31958
3428681000978,false,קוניאק דופוי וי אס 7,דופוי,FR,קוניאק דופוי וי אס 750 מל,מיליליטרים,750.00,"100 מ""ל",false,12,150.00,20.0000,true,1,29350
3436802170417,false,יין שבלי ברוקרד פרמי,,,יין שאבלי ברוקרד פרמייר 750 מל,מיליליטרים,750.00,"100 מ""ל",false,1,179.00,23.8667,true,1,15517
3436804100412,false,יין שבלי סנט קלייר ב,צרפת בורדו,,יין שאבלי סנט קלייר ברוקרד 750 מל,מיליליטרים,750.00,"100 מ""ל",false,1,100.00,13.3333,true,1,14380
3443091000110,false,יין פואי פומה לאדוסט,צרפת ברון דה לדוסט,,יין פויי פומה לבן 750 מל פקדון,מיליליטרים,750.00,"100 מ""ל",false,1,150.00,20.0000,true,1,9611
3443091000219,false,יין סנסר לבן לאדוסט,צרפת ברון דה לדוסט,,יין סנסר לבן קונט לפון לדוסט 750מל,מיליליטרים,750.00,"100 מ""ל",false,1,130.00,17.3333,true,1,9756
3443092000119,false,יין בורגון לבן שבלי,צרפת רנייר,,יין לבן שבלי רנייאר 750 מל פקדון,מיליליטרים,750.00,"100 מ""ל",false,1,110.00,14.6667,true,1,8882
3443094210004,false,יין ווברה ברדיף 750,צרפת מרק ברדיף,,יין לבן ווברה ברדיף 750 מל פקדון,מיליליטרים,750.00,"100 מ""ל",false,1,80.00,10.6667,true,1,8718
3445850061370,false,מלח אטלנטי דק 250 גר,,FR,מלח אטלנטי דק 250 גרם סל פין צרפתי,גרמים,250.00,100 גרם,false,12,22.90,9.1600,true,1,35885
3445850070778,false,"מלח ים אטלנטי טבעי אורגני 1 ק""ג",סלינס דה גרנד,FR,מלח ים אטלנטי 1 קג 1000 גרם,קילוגרמים,1.00,"ק""ג",false,1,20.00,20.0000,true,1,7870
3451790476945,false,קרם ציז במשקל,אלוויר,,קרם ציז במשקל,קילוגרמים,1.00,"ק""ג",true,,75.00,75.0000,true,1,6853
3455720750433,false,יין שמפנייה רוזה אלכ,צרפת אלכסנדר בונה,,יין פרל רוזה ברוט אלכסנדר בונה 750 מל,מיליליטרים,750.00,"100 מ""ל",false,1,180.00,24.0000,true,1,12702
3455720750457,false,שמפניה בלאן דה נואר,צרפת אלכסנדר בונה,,יין בלאן דה נואר אלכסנדר 750 מל פקדון,מיליליטרים,750.00,"100 מ""ל",false,1,155.00,20.6667,true,1,8780
3455720750495,false,"גרנד רזרב ברוט אלכנסדר בונה 750 מ""ל",צרפת אלכסנדר בונה,,יין גרנד רזרב ברוט אלכסנדר 750מל פקדון,מיליליטרים,750.00,"100 מ""ל",false,1,155.00,20.6667,true,1,8781
3458301221117,false,יין פרובנס באנדול רו,צרפת דומיין דה ל'אול,,יין באנדול רוזה דומיין אוליבט 750מל פקדו,מיליליטרים,750.00,"100 מ""ל",false,1,90.00,12.0000,true,1,11040
3472710055040,false,בונ טראפלס בלגי בטעם,,NL,טראפלס בלגיאן קקאו 150 גרם,גרמים,150.00,100 גרם,false,12,10.90,7.2667,true,1,46685
3480041305000,false,יין פינו גרי פיידרה,פיידרה ניגרה,,יין פינו גרי פיידרה נוגרה 2012 750 מל,מיליליטרים,750.00,"100 מ""ל",false,1,65.00,8.6667,true,1,11396
3480042405006,false,יין קרמנר סירה ק.סוב,ארוקאנו,,יין קרמנר סירה ק.סובניון 2010 750 מל,מיליליטרים,750.00,"100 מ""ל",false,1,120.00,16.0000,true,1,11140
3480042761232,false,יין פומה בלונש רוזה,פרנסואה לורטון,,יין פומה בלונש רוזה 2014 750 מל,מיליליטרים,750.00,"100 מ""ל",false,1,60.00,8.0000,true,1,12323
3480044168794,false,יין סירה גראנש קריני,פרנסואה לורטון,,יין סירה גראנש קריניאן 2013 750מל,מיליליטרים,750.00,"100 מ""ל",false,1,70.00,9.3333,true,1,11398
3480044834880,false,יין פומה בלאן מבעבע,פרנסואה לורטון,,יין פומה בלאן מבעבע 2014 750 מל פקדון,מיליליטרים,750.00,"100 מ""ל",false,1,60.00,8.0000,true,1,11395
3480049835349,false,יין רוזה דומיין דה נ,פרנסואה לורטון,FR,יין רוזה דומיין דה ניצאס 750מל פקדון,מיליליטרים,750.00,"100 מ""ל",false,12,75.00,10.0000,true,1,49762
3480341002692,false,טרטר אפרטיף בסגנון איטלקי 100 גר,בונגראן,,גבינת טרטר אפרטיף בנוסח איטלקי 100 גרם,גרמים,100.00,100 גרם,false,1,19.90,19.9000,true,1,28189
3492240120520,false,יין בורגון שאבלי דומ,,,יין שאבלי דומיין דו שרדונה 750 מל,מיליליטרים,750.00,"100 מ""ל",false,1,110.00,14.6667,true,1,21530
3500610035630,false,יין שאטו פונפוארד בו,VICENTE GANBIA PIA,FR,יין שאטו פונפוארד בורדו 750 מל,מיליליטרים,750.00,"100 מ""ל",false,6,75.00,10.0000,true,1,38843
3500610050183,false,"J.P CHENET יין לבן מתוק מבעבע 750 מ""ל",גיפי שנה,,יין לבן מתוק מבעבע גי פי אי סי אי 750 מל,מיליליטרים,750.00,"100 מ""ל",false,1,45.00,6.0000,true,1,34749
3500610055195,false,יין אדום שאטו טרופיא,,FR,יין אדום שאטו טרופיאן הוט מדוק 750מל פקד,מיליליטרים,750.00,"100 מ""ל",false,12,75.00,10.0000,true,1,49737
3500610058097,false,יין אדום בורדו שאטו,,FR,יין אדום בורדו שאטו לסטאג סימון 750מל פק,מיליליטרים,750.00,"100 מ""ל",false,1,120.00,16.0000,true,1,49720
3500610063046,false,יין בורדו דומיין דה,גראן שר דה פראנס,FR,יין בורדו דומיין דה שבאל בלאן לבן 750 מ,מיליליטרים,750.00,"100 מ""ל",false,6,45.00,6.0000,true,1,23284
3500610079160,false,יין בורדו שאטו מולין,מק-דול אינטרנשיונל,FR,יין בורדו שאטו מולין פונטט אדום 750 מל,מיליליטרים,750.00,"100 מ""ל",false,6,60.00,8.0000,true,1,23285
3500610084676,false,מבעבע בלאן פוסי אייס לבן חצי יבש 750 מ,GCF,,יין מבעבע בלאן פוסי אייס לבן 750 מל,מיליליטרים,750.00,"100 מ""ל",false,1,45.00,6.0000,true,1,20491
3500610085338,false,גיי פי שנה לבן מבעבע 750 מל,LANDIRAS JP CHENET,,יין לבן מבעבע גי פי אי סי אי 750 מל,מיליליטרים,750.00,"100 מ""ל",false,1,45.00,6.0000,true,1,16016
3500610086618,false,יין צרלס רוסו סובוני,,FR,יין צרלס רוסו סובוניון בלאןמל,מיליליטרים,750.00,"100 מ""ל",false,6,45.00,6.0000,true,1,37861
3500610086977,false,יין צרלס רוסו קברנה,,FR,יין צרלס רוסו קברנה סוביניון 750 מל,מיליליטרים,750.00,"100 מ""ל",false,6,45.00,6.0000,true,1,37859
3500610090394,false,יין צרלס רוסו גרנאש,,FR,יין צרלס רוסו גרנאש סינסאולט רוזה 750 מל,מיליליטרים,750.00,"100 מ""ל",false,6,45.00,6.0000,true,1,37862
3500610093708,false,גיי פי שנה רוזה מבעבע 750 מל,LANDIRAS JP CHENET,,יין רוזה מבעבע גי פי אי סי אי 750 מל,מיליליטרים,750.00,"100 מ""ל",false,1,45.00,6.0000,true,1,16017
3500610096174,false,מבעבע בלאן פוסי אייס רוזה חצי יבש 750 מ,GCF,,יין מבעבע בלאן פוסי אייס רוזה 750 מל,מיליליטרים,750.00,"100 מ""ל",false,1,45.00,6.0000,true,1,20492
3500610120114,false,יין פרובנס פלור דה פ,,FR,יין פרובנס פלור דה פריירי רוזה 750 מל,מיליליטרים,750.00,"100 מ""ל",false,1,65.00,8.6667,true,1,33510
3500610135910,false,יין אקסהיב רוזה 750,,FR,יין אקסהיב רוזה 750 מל,מיליליטרים,750.00,"100 מ""ל",false,6,60.00,8.0000,true,1,40868
3500610144400,false,יין דומיין דו זונאקס,,FR,יין דומיין דו זונאקס אדום יבש לנזאק 750מ,מיליליטרים,750.00,"100 מ""ל",false,1,110.00,14.6667,true,1,49709
3500610144806,false,יין ויקטורי רוזה יבש,,FR,יין ויקטורי רוזה יבש 750 מל,מיליליטרים,750.00,"100 מ""ל",false,6,65.00,8.6667,true,1,37857
3500610147135,false,יין אדום שאטו דה פור,,FR,יין אדום שאטו דה פורנאס קורבייה 750מל פק,מיליליטרים,750.00,"100 מ""ל",false,1,75.00,10.0000,true,1,49718
3500610150500,false,"שאטו הו פורה בורדו 750 מ""ל",,FR,יין אדום בורדו שאטו הוט פורה 750מל פקדון,מיליליטרים,750.00,"100 מ""ל",false,1,65.00,8.6667,true,1,49719
3500610150517,false,"יין שאטו טימברליי בורדו סופרייר (כשר) 750 מ""ל",שאטו בלוו,FR,יין שאטו טימברליי בורדו סופרייר 750מל פק,מיליליטרים,750.00,"100 מ""ל",false,1,80.00,10.6667,true,1,49721
3523230025638,false,"גבינת עיזים בושה טבעי, 125 גרם",אוריאל,FR,גבינת בושה עיזים טבעי 125 גר,גרמים,125.00,100 גרם,false,1,21.90,17.5200,true,1,9708
3523230025652,false,"גבינת מיני בושה עם שום ועשי תיבול ועשבי, 125 גרם",סואניון,FR,גבינת בושה עיזים 125 גרם,גרמים,125.00,100 גרם,false,1,21.90,17.5200,true,1,15890
3523230026826,false,"גבינת עיזים למריחה פירמידה, 140 גרם",סואניון,FR,גבינת פירמידה עיזים טבעי 140גרם,גרמים,140.00,100 גרם,false,1,21.90,15.6429,true,1,15889
3523230026888,false,"גבינת עיזים שום ועשבי תיבול למריחה פירמידה, 140 גרם",סואניון SOIGNON,FR,גבינת פירמידה עיזים שום ועשבי תיבול 140ג,גרמים,140.00,100 גרם,false,1,21.90,15.6429,true,1,15888
3523230032278,false,גבינת עיזים למריחה 150 גרם,אוריאל,FR,גבינת עיזים למריחה 150 גרם,גרמים,150.00,100 גרם,false,1,19.90,13.2667,true,1,14371
3523230038959,false,גב.בושה עיזים מפוחם125גר,אוריאל,FR,גבינת בושה מפוחם 125 גרם,גרמים,125.00,100 גרם,false,1,21.90,17.5200,true,1,32839
3523230045827,false,גבינת סנט מור עיזים160גר,סואניון,FR,גבינת סנט מור עיזים 160 גרם,גרמים,160.00,100 גרם,false,1,26.90,16.8125,true,1,21500
3525135301817,false,יין שאבלי טט דאור 75,דומיין ביו סימון,FR,יין שאבלי טט דאור 750 מל,מיליליטרים,750.00,"100 מ""ל",false,6,129.00,17.2000,true,1,36359
3525135321815,false,יין שבלי מונטה דה טו,צרפת דומיין ביו סימו,,יין שבלי מונטה דה טונר ביו סימון 750מל פ,מיליליטרים,750.00,"100 מ""ל",false,1,185.00,24.6667,true,1,36688
3525490010027,false,יין לה גומלייה קברנה,,,יין לה גומלייה קברנה סוביניון 750מל פקדו,מיליליטרים,750.00,"100 מ""ל",false,1,60.00,8.0000,true,1,10091
3525490010034,false,יין לה גומלייה סירה,,,יין לה גומלייה סירה 750 מל,מיליליטרים,750.00,"100 מ""ל",false,1,60.00,8.0000,true,1,28239
3525490010119,false,לה גומלייה סובניון ב,,,יין לה גומלייה סוביניון בלאן 750מל פקדון,מיליליטרים,750.00,"100 מ""ל",false,1,60.00,8.0000,true,1,10088
3525490010126,false,לה גומלייה סינסאו רו,,,יין לה גומלייה סינסאו רוזה 750 מל,מיליליטרים,750.00,"100 מ""ל",false,1,60.00,8.0000,true,1,12621
3525490010256,false,יין לה גומלייה גראנש,,,יין לה גומלייה גראנש 750מל פקדון,מיליליטרים,750.00,"100 מ""ל",false,1,60.00,8.0000,true,1,10089
3525490010317,false,יין לה גומלייה פינו,,,יין לה גומלייה פינו גרי 750 מל,מיליליטרים,750.00,"100 מ""ל",false,1,60.00,8.0000,true,1,18503
3525490011987,false,יין לה גומלייה שרדונ,,,יין לה גומלייה שרדונה 750 מל,מיליליטרים,750.00,"100 מ""ל",false,1,60.00,8.0000,true,1,12841
3525490015497,false,יין לה גומלייה קריני,,,יין לה גומלייה קריניאן 750 מל,מיליליטרים,750.00,"100 מ""ל",false,1,60.00,8.0000,true,1,12623
3525490016302,false,יין לה גומלייה מלבק,,,יין לה גומלייה מלבק 750 מל,מיליליטרים,750.00,"100 מ""ל",false,1,60.00,8.0000,true,1,12622
3525490024970,false,יין לה וילט שרדונה 7,לה וילט,FR,יין לה ויט שרדונה 750 מל,מיליליטרים,750.00,"100 מ""ל",false,1,60.00,8.0000,true,1,24503
3525490024987,false,יין לה וילט פינו נוא,לה וילט,FR,יין לה ויט פינו נואר 750 מל,מיליליטרים,750.00,"100 מ""ל",false,1,60.00,8.0000,true,1,24504
3525490097219,false,יין לה בלה אנגל קברנ,,FR,יין לה בלה אנגל קברנה ס. 750 מל,מיליליטרים,750.00,"100 מ""ל",false,6,45.00,6.0000,true,1,41135
3525490097233,false,יין לה בלה אנגל שרדו,,FR,יין לה בלה אנגל שרדונה 750 מל,מיליליטרים,750.00,"100 מ""ל",false,6,45.00,6.0000,true,1,41134
3525490098476,false,יין לה בלה אנגל רוזה,,FR,יין לה בלה אנגל רוזה 750 מל,מיליליטרים,750.00,"100 מ""ל",false,6,45.00,6.0000,true,1,45693
3525490098636,false,יין לה בלה אנגל קולו,,FR,יין לה בלה אנגל קולומברד 750 מל,מיליליטרים,750.00,"100 מ""ל",false,6,45.00,6.0000,true,1,41133
3525490098667,false,יין לה בלה אנגל גאמי,,FR,יין לה בלה אנגל גאמיי 750 מל,מיליליטרים,750.00,"100 מ""ל",false,6,45.00,6.0000,true,1,41136
3530705000199,false,יין ברוט דארזאן שרדו,צרפת גראן שה דה פראנ,,יין ברוט דארזאן שרדונה 125 מל,מיליליטרים,125.00,"100 מ""ל",false,1,25.00,20.0000,true,1,13755
3535921050003,false,יין לואי זאדו מאקון,,,יין לואי זאדו מאקון 750 מל פיקדון צרפת,מיליליטרים,750.00,"100 מ""ל",false,1,85.00,11.3333,true,1,6922
3535923020004,false,יין בורגון לואי זאדו,,,יין לואי זאדו בורגון פינו נואר 750מל פקד,מיליליטרים,750.00,"100 מ""ל",false,1,110.00,14.6667,true,1,8309
3535926001000,false,יין לואי זאדו שרדונה,,,יין לואי זאדו שרדונה 750 מל 2012,מיליליטרים,750.00,"100 מ""ל",false,1,110.00,14.6667,true,1,12411
3535926010002,false,יין לואי זאדו שאבלי,וויליאם פאבר,FR,יין לואי זאדו שאבלי 750 מל פקדון,מיליליטרים,750.00,"100 מ""ל",false,6,125.00,16.6667,true,1,3494
3535927200006,false,יין בורגון לואי זאדו,,,יין לואי זאדו בורגון אליגוטה 750 מל פקדו,מיליליטרים,750.00,"100 מ""ל",false,1,85.00,11.3333,true,1,8874
3536650501002,false,יין גיגל קוט דה רון,,,יין גיגל קוט דה רון אדום 750 מל פקדון,מיליליטרים,750.00,"100 מ""ל",false,1,85.00,11.3333,true,1,5082
3547102222000,false,"יין רוזה יבש מינוטי 750 מ""ל",מינוטי,FR,יין שאטו מינוטי רוזה 750 מלמל,מיליליטרים,750.00,"100 מ""ל",false,6,85.00,11.3333,true,1,27997
3563490014898,false,ריין דיז'ון חרדל דיז'ון 265 גרם,ריין דיז'ון reine dijon,FR,חרדל ריין דה דיזון לחיץ265 גר,גרמים,265.00,100 גרם,false,1,12.90,4.8679,true,1,5687
3567105000047,false,יין זיגונדאס טראדיסי,צרפת דומיין ברוסה,,יין זיגונדאס טראדיסיון ברוסה 750מל פקדון,מיליליטרים,750.00,"100 מ""ל",false,1,110.00,14.6667,true,1,10105
3567106000046,false,יין זיגונדאס לה הו מ,צרפת דומיין ברוסה,,יין זיגונדאס לה הו מונמיראיי ברוסה 750מל,מיליליטרים,750.00,"100 מ""ל",false,1,170.00,22.6667,true,1,10106
3567107000045,false,יין ונטו ברוסה 750 מ,ונטו,,יין ונטו ברוסה 750 מל,מיליליטרים,750.00,"100 מ""ל",false,1,60.00,8.0000,true,1,20216
3567108000044,false,יין קרינאן גפנים בוג,צרפת דומיין ברוסה,,יין קרינאן גפנים בוגרות ויתקין 750מל פקד,מיליליטרים,750.00,"100 מ""ל",false,1,115.00,15.3333,true,1,10082
3569401014407,false,יין רוזה ליפארי מענב,,,יין רוזה ליפארי מענבי פינו נואר 750 מל,מיליליטרים,750.00,"100 מ""ל",false,6,65.00,8.6667,true,1,49302
3574660058857,false,גונסונס בייבי שמן 500 מל חדש,גונסון אנד גונסון,IT,שמן בייבי גונסונס 500מל חדש,מיליליטרים,500.00,"100 מ""ל",false,1,32.90,6.5800,true,1,27705
3574660089547,false,טמפונים נורמל קלאסי אובה 32 יחידות,ג'\ונסון אנד ג'\ונסון,GR,טמפון אובה קלאסי נורמל 32 יח,יחידה,32.00,יחידה,false,1,29.90,0.9344,true,1,5506
3574660115154,false,או-בה טמפונים קלאסי סופר 32יח',ג'\ונסון אנד ג'\ונסון,GR,טמפון אובה קלאסי סופר 32 יח,יחידה,32.00,יחידה,false,1,29.90,0.9344,true,1,5507
3574660239829,false,קרם ידיים קל סדרה נורבגית נוטרוגינה 50 מ,ניוטרוג'ינה Neutrogena,FR,קרם ידיים ניוטרוגינה קל 75 מל,מיליליטרים,75.00,"100 מ""ל",false,1,25.90,34.5333,true,1,20352
3574660333466,false,טמפונים מיני פרו קומפורט אובה 32 יחידות,הנסיך- מפעל לייצור ט,DE,טמפון אובה מיני 32 פרוקומפורט,יחידה,32.00,יחידה,false,1,29.90,0.9344,true,1,9376
3574660342291,false,נטרוגינה ס.נורבגית קרם ידיים&ציפורניים75,ניוטרוג'ינה Neutrogena,FR,קרם ידיים ניוטרוגינה 75 מל,מיליליטרים,75.00,"100 מ""ל",false,1,25.90,34.5333,true,1,20351
3574660464337,false,מגני תחתון קרפרי נורמל אוורירי מבושם,ג'\ונסון אנד ג'\ונסון,GR,מגן תחתון קרפרי מגה פאק מבושם 76 יח,יחידה,76.00,יחידה,false,1,21.90,0.2882,true,1,6740
3574660464368,false,קרפרי מגן תחתון אוורירי אלוורה 76 יח'',גונסון אנד גונסון,GR,מגן תחתון קרפרי מגה פאק אלוורה 76 יח,יחידה,76.00,יחידה,false,1,21.90,0.2882,true,1,6741
3574660464429,false,מגני תחתון קרפרי נורמל אוורירי עם מעטפת כותנה,ג'\ונסון אנד ג'\ונסון,GR,מגן תחתון קרפרי מגה פאק אוורירי 76 יח,יחידה,76.00,יחידה,false,1,21.90,0.2882,true,1,6739
3574660514643,false,קרם לחות רב שימושי עשיר נוטרוגינה 300 מל,ניוטרוג'ינה Neutrogena,IT,קרם רב שימושי ניוטרוגינה עשיר 300 מל,מיליליטרים,300.00,"100 מ""ל",false,1,25.90,8.6333,true,1,20452
3574660571769,false,ניוטרוגינה שפתון לחות SPF20,שסטוביץ,FR,שפתון לחות נוטרוגינה,יחידה,1.00,יחידה,false,1,17.90,17.9000,true,1,37103
3574661003924,false,שטיפת פה טוטאל קר בטעם מנטה צלול,ג'\ונסון אנד ג'\ונסון,IT,נוזל שטיפת פה ליסטרין טוטל קר 500מל,מיליליטרים,500.00,"100 מ""ל",false,1,22.90,4.5800,true,1,25506
3574661098531,false,ניוטרוגינה תחליב גוף מועשר לעור יבש/רגיש,ניוטרוג'ינה Neutrogena,GR,תחליב גוף ניוטרוגינה מועשר 400 מל,מיליליטרים,400.00,"100 מ""ל",false,1,35.90,8.9750,true,1,24745
3574661098937,false,נטרוגינה תחליב גוף-יבש סדרה נורווגית,ניוטרוג'ינה Neutrogena,FR,תחליב גוף ניוטרוגינה עור יבש משאבה 400מל,מיליליטרים,400.00,"100 מ""ל",false,1,35.90,8.9750,true,1,24744
3574661114637,false,ליסטרין שטיפת פה קול מינט טעם מעודן 500,ג'\ונסון אנד ג'\ונסון,IT,נוזל שטיפת פה ליסטרין זירו 500מל,מיליליטרים,500.00,"100 מ""ל",false,1,19.90,3.9800,true,1,25504
3574661141022,false,וניה תחבושות הגייניות מקסי לילה 12 יח,CILAG GMBH INTERNATI,BE,וניה תחבושות מקסי לילה 12 יח,יחידה,12.00,יחידה,false,1,24.50,2.0417,true,1,14293
3574661199894,false,"נוטרוגינה קרם ידיים ויזבלי ריניו 75 מ""ל",ניוטרוג'ינה Neutrogena,GR,קרם ידיים ניוטרוגינה ויזבלי ריניז 75 מל,Unknown,0.00,Unknown,false,1,25.90,0.0000,true,1,20355
3574661200019,false,נוטרוגינה ת.גוף ויזבלי ריניו משאבה 400 מל,ניוטרוג'ינה Neutrogena,GR,תחליב גוף ניוטרוגינה ויזבלי משאבה 400מל,מיליליטרים,400.00,"100 מ""ל",false,1,35.90,8.9750,true,1,15752
3574661283739,false,גונסונס בייבי קרם לחות שפופרת 100 מל,Johnson Toilet-IT,IT,תחליב בייבי גונסון 100מל חדש שפופרת,מיליליטרים,100.00,"100 מ""ל",false,1,29.90,29.9000,true,1,27701
3574661352275,false,ליסטירין מי פה פירות יער 250 מל,ג'\ונסון אנד ג'\ונסון,IT,מי פה ליסטרין קידס ברי 250מל,מיליליטרים,250.00,"100 מ""ל",false,6,14.90,5.9600,true,1,34627
3574661359885,false,טמפונים סופר קומפורט אובה 32 יחידות,Johnson Toilet-IT,FR,טמפון אובה סופר 32יח פרוקומפורט,יחידה,32.00,יחידה,false,1,29.90,0.9344,true,1,20905
3574661362830,false,תחליב גוף שמן משמש 400מל,,FR,תחליב גוף לה פטיט שמן משמש שושן צח 400מל,מיליליטרים,400.00,"100 מ""ל",false,1,14.90,3.7250,true,1,25191
3574661363998,false,"מי פה ליסטרין תה ירוק 500 מ""ל",ג'\ונסון אנד ג'\ונסון,IT,נוזל שטיפת פה ליסטרין תה ירוק 500מל,מיליליטרים,500.00,"100 מ""ל",false,1,22.90,4.5800,true,1,25507
3574661391373,false,הידרו בוסט תחליב קרם ג'ל גוף לעור רגיל עד יבש,ניוטרוג'ינה Neutrogena,GR,תחליב גוף ניוטרוגינה הידרו בוסט 400מל,מיליליטרים,400.00,"100 מ""ל",false,1,25.90,6.4750,true,1,26047
3574661391434,false,ניוטרוגינה תרסיס גוף הידרו בוסט 200 מל,שסטוביץ,GR,תחליב גוף ניוטרטגינה תרסיס 200מל,מיליליטרים,200.00,"100 מ""ל",false,1,25.90,12.9500,true,1,36044
3574661392486,false,"קרם ידיים ניוטרוגינה הידרו בוסט 75 מ""ל",ניוטרוג'ינה Neutrogena,GR,קרם ידיים ניוטרוגינה הידרו בוסט 75 מל,מיליליטרים,75.00,"100 מ""ל",false,1,25.90,34.5333,true,1,26049
3574661392493,false,ניוטרוגינה קרם גוף הידרו בוסט 200 מייל,שסטוביץ,FR,קרם גוף ניוטרוגינה הידרו בוסט 200מל,מיליליטרים,200.00,"100 מ""ל",false,1,25.90,12.9500,true,1,26048
3574661401140,false,"שטיפת פה ליסטרין נייטלי ריסיט 400 מ""ל",ניאופארם,IT,נוזל שטיפת פה ליסטרין נייטלי ריסיט500מל,מיליליטרים,500.00,"100 מ""ל",false,1,19.90,3.9800,true,1,27802
3574661419435,false,תחבושות הגייניות וניה מקסי 12 יחידות,Johnson Vania - BL,BE,וניה תחבושות מקסי 12 יח,יחידה,12.00,יחידה,false,1,24.50,2.0417,true,1,50379
3574661425139,false,"גונסונס בייבי קרם החתלה 100 מ""ל חדש",Johnson Toilet-IT,IT,קרם החתלה בייבי גונסונס 100 מל,מיליליטרים,100.00,"100 מ""ל",false,1,18.90,18.9000,true,1,27708
3574661425696,false,גונסונס בייבי תחליב לתינוק 500 מל,ג'ונסונס Johnson's,IT,תחליב בייבי גונסון 500 מל חדש,מיליליטרים,500.00,"100 מ""ל",false,1,32.90,6.5800,true,1,27699
3574661432847,false,"ג'ונסונס מרכך שיער הקץ לקשרים 500 מ""ל",ג'ונסונס Johnson's,IT,מרכך גונסונס הקץ לקשרים 500 מל חדש,מיליליטרים,500.00,"100 מ""ל",false,1,19.90,3.9800,true,1,27694
3574661485201,false,טמפונים אובה סופר 32 יח' פרוקומפורט,Johnson Toilet-IT,FR,טמפון אובה סופר 32יח פרוקומפורט,יחידה,32.00,יחידה,false,1,29.90,0.9344,true,1,48900
3574661485218,false,טמפונים נורמל אובה 32 יח' פרוקומפורט,"ש. שסטוביץ בע""\מ",FR,טמפון אובה נורמל 32יח פרוקומפורט,יחידה,32.00,יחידה,false,1,29.90,0.9344,true,1,48899
3574661487328,false,קרפרי מגני תחתון אורגינל פלוס 56 יח',הדקלאים אגודת שיתופי,IT,מגן תחתון קרפרי רגיל 56 יחידות,יחידה,56.00,יחידה,false,1,18.90,0.3375,true,1,29337
3574661487335,false,מגן תחתון קרפרי מקסי לונג ריחני 40 יחידות,קרפרי Carefree,IT,מגן תחתון קרפרי לונג ריחני 40 יח,יחידה,40.00,יחידה,false,1,18.90,0.4725,true,1,29340
3574661487618,false,קרפרי מגן תחתון מקסי לארג'' מבושם 48 יח'',ג'ויה מעבדות לקוסמטי,IT,מגן תחתון קרפרי מקסי מבושם 48 יח,יחידה,48.00,יחידה,false,1,18.90,0.3937,true,1,29339
3574661487625,false,מגני תחתון פלוס לארג' בניחוח עדין L,הדקלאים אגודת שיתופי,IT,מגן תחתון קרפרי מקסי לארג 48 יח,יחידה,48.00,יחידה,false,1,18.90,0.3937,true,1,29338
3574661487632,false,מגני תחתון פלוס לארג' בניחוח עדין L,ג'\ונסון אנד ג'\ונסון,GR,מגן תחתון קרפרי מגה פאק לארג מקסי64יח,יחידה,64.00,יחידה,false,1,21.90,0.3422,true,1,29342
3574661491806,false,מי פה אדבנס וויט מנטה מסירה כתמים קשים,ג'\ונסון אנד ג'\ונסון,IT,נוזל שטיפת פה ליסטרין אדוונס הלבנה 500מל,מיליליטרים,500.00,"100 מ""ל",false,1,22.90,4.5800,true,1,37516
3574661500355,false,קרפרי מגן תחתון מקסי לונג רגיל 40 יח',ג'ויה מעבדות לקוסמטי,IT,מגן תחתון קרפרי לונג רגיל 40 יח,יחידה,40.00,יחידה,false,1,18.90,0.4725,true,1,29341
3574661501901,false,שטיפה אינטימית יומיומית מכיל תה ירוק ואלוורה,קולגייט פלמוליב,IT,קרפרי שטיפה אינטימית אלוורה 200 מל,מיליליטרים,200.00,"100 מ""ל",false,1,19.90,9.9500,true,1,29333
3574661504162,false,מוס לשטיפה אינטימית יומיומית מכיל תה ירוק ואלוורה,קולגייט פלמוליב,IT,קרפרי מוס שטיפה אינטימית 150מל,מיליליטרים,150.00,"100 מ""ל",false,6,19.90,13.2667,true,1,29335
3574661506272,false,קרפרי מגבונים אינטימיים אלוורה 20 יח,ג'\ונסון אנד ג'\ונסון,DE,קרפרי מגבונים אינטימיים אלוורה 20יח,יחידה,20.00,יחידה,false,1,19.90,0.9950,true,1,29334
3574661530697,false,גונסונס בייבי תרחיץ ושמפו לתינוק 500 מל,ג'ונסונס Johnson's,IT,תרחיץ ושמפו גונסון בייבי 500מל חדש,מיליליטרים,500.00,"100 מ""ל",false,1,19.90,3.9800,true,1,27842
3574661552576,false,קרפרי מגן תחתון רגיל טנגה לבן 56 יח חדש,הדקלאים אגודת שיתופי,GR,מגן תחתון קרפרי רגיל טנגה לבן 56 יח,יחידה,56.00,יחידה,false,1,18.90,0.3375,true,1,33277
3574661552804,false,מגן תחתון קרפרי אלוורה 56 יחידות,הדקלאים אגודת שיתופי,IT,מגן תחתון קרפרי אלוורה 56 יח,יחידה,56.00,יחידה,false,1,18.90,0.3375,true,1,33276
3574661552811,false,מגן תחתון קרפרי כותון אוורירי 56 יחידות,הדקלאים אגודת שיתופי,GR,מגן תחתון קרפרי כותון אוורירי 56 יח,יחידה,56.00,יחידה,false,5,18.90,0.3375,true,1,33274
3574661554877,false,מגן תחתון קרפרי כותון מבושם 56 יחידות,הנסיך- מפעל לייצור ט,GR,מגן תחתון קרפרי כותון מבושם 56 יח,יחידה,56.00,יחידה,false,5,18.90,0.3375,true,1,33275
3574661554884,false,קרפרי מגן תחתון רגיל טנגה מבושם 56 יח,הדקלאים אגודת שיתופי,IT,מגן תחתון קרפרי רגיל טנגה ריחני 56 יח,יחידה,56.00,יחידה,false,1,18.90,0.3375,true,1,33278
3574661610344,false,נטרוגינה קרם לחות עשיר ומרוכז לעור יבש ע,גונסון אנד גונסון סנטה ב,IT,קרם רב שימושי ניוטרוגינה אינטנסיב 300 מל,מיליליטרים,300.00,"100 מ""ל",false,1,25.90,8.6333,true,1,46963
3574661643359,false,ליסטרין נטורלס שטיפת פה אנאמל פרוטקט,ג'\ונסון אנד ג'\ונסון,IT,מי פה ליסטרין נטורלס אינמאל 500מל,מיליליטרים,500.00,"100 מ""ל",false,1,22.90,4.5800,true,1,47798
3574661650029,false,ליסטרין שטיפת פה להגנה על החניכיים בטעם מעודן,ג'\ונסון אנד ג'\ונסון,IT,מי פה ליסטרין נטורלס גאם 500מל,מיליליטרים,500.00,"100 מ""ל",false,1,22.90,4.5800,true,1,47799
3574669907729,false,גונסונס בייבי שמפו לתינוק 750 מל,גונסון אנד גונסון,IT,שמפו בייבי גונסונס גולד 750מל חדש,מיליליטרים,750.00,"100 מ""ל",false,1,21.90,2.9200,true,1,49299
3574669907767,false,גונסונס בייבי שמפו קמומיל 750 מל חדש,ג'ונסונס בייבי,IT,שמפו בייבי גונסונס קמומיל 750מל חדש,מיליליטרים,750.00,"100 מ""ל",false,1,21.90,2.9200,true,1,27704
3574669907781,false,גונסונס בייבי שמפו לתינוק 750 מל,גונסון אנד גונסון,IT,שמפו בייבי גונסונס גולד 750מל חדש,מיליליטרים,750.00,"100 מ""ל",false,1,21.90,2.9200,true,1,27702
3574669907972,false,"גונסונס שמפו טיפות של ברק 750 מ""ל חדש",ג'ונסונס Johnson's,IT,שמפו גונסונס טיפות ברק 750 מל חדש,מיליליטרים,750.00,"100 מ""ל",false,1,21.90,2.9200,true,1,27691
3574669908146,false,גונסונס בייבי תחליב לפני שינה 500 מל חדש,ג'ונסונס Johnson's,IT,תחליב בייבי גונסון לפני השינה500 מל חדש,מיליליטרים,500.00,"100 מ""ל",false,1,32.90,6.5800,true,1,27700
3574669908245,false,"גונסון בייבי מרכך טיפות של ברק 750 מ""ל",ג'ונסונס Johnson's,IT,מרכך גונסונס טיפות ברק 500 מל חדש,מיליליטרים,500.00,"100 מ""ל",false,1,19.90,3.9800,true,1,27692
3574669908443,false,ג'ונסון בייבי אל סבון וקצף אמבט 750 חדש,Johnson Toilet-IT,IT,אלסבון וקצף אמבט גונסון בייבי 750 מל חדש,מיליליטרים,750.00,"100 מ""ל",false,1,21.90,2.9200,true,1,27712
3574669908481,false,גונסונס בייבי אל סבון אמבט 750 מל חדש,ג'ונסונס Johnson's,IT,אלסבון בייבי גונסון אמבט 750 מל חדש,מיליליטרים,750.00,"100 מ""ל",false,1,21.90,2.9200,true,1,27711
3574669908665,false,גונסונס בייבי אל סבון לפני השינה 750 מל,גונסון אנד גונסון,IT,אלסבון בייבי גונסון לפני שינה 750 מל חדש,מיליליטרים,750.00,"100 מ""ל",false,1,21.90,2.9200,true,1,27709
3574669908948,false,"גונסונס בייבי אל סבון לרחצה עדינה 750 מ""ל",גונסון אנד גונסון,IT,אלסבון בייבי גונסון לרחצה עדינה750מל חדש,מיליליטרים,750.00,"100 מ""ל",false,1,21.90,2.9200,true,1,27710
3574669909181,false,גונסונס בייבי שמן אלוורה לתינוק 300 מל,ג'ונסונס Johnson's,IT,שמן בייבי גונסונס אלוורה 300מל חדש,מיליליטרים,300.00,"100 מ""ל",false,1,24.90,8.3000,true,1,27707
3574669909204,false,גונסונס בייבי שמן לתינוק 300 מל,ג'ונסונס Johnson's,IT,שמן בייבי גונסונס 300מל חדש,מיליליטרים,300.00,"100 מ""ל",false,1,24.90,8.3000,true,1,27706
3574669909495,false,"ג'ונסונס שמפו הקץ לקשרים 500 מ""ל",Johnson Toilet-IT,IT,שמפו גונסונס הקץ לקשרים 500 מל חדש,מיליליטרים,500.00,"100 מ""ל",false,1,19.90,3.9800,true,1,27693
3574669909822,false,"גונסון טיפות של ברק תרסיס מרכך שיער לילדים, 200 מ""ל",ג'ונסונס Johnson's,IT,ספריי גונסונס קשרים טיפות של ברק200מלחדש,מיליליטרים,200.00,"100 מ""ל",false,1,18.90,9.4500,true,1,27695
3574669909914,false,"ג'ונסונס ספריי הקץ לקשרים 200 מ""ל",Johnson Toilet-IT,IT,ספריי גונסונס קשרים 200מל חדש,מיליליטרים,200.00,"100 מ""ל",false,1,18.90,9.4500,true,1,27696
3600521720219,false,קרם פנים לילה עם פעולה משולשת לכל סוגי העור,"קרלסרו, גרמניה",DE,קרם לחות לוריאל פעולה משולשת לילה 50מל,Unknown,0.00,Unknown,false,1,39.90,0.0000,true,1,47072
3600522344032,false,לוריאל - אלביב מסכה טוטאל ריפר 300,kozmetik canan,DE,מסכת שיער אלביב 300מל טוטל רפייר לוריאל,מיליליטרים,300.00,"100 מ""ל",false,1,24.90,8.3000,true,1,47067
3600522344070,false,לוריאל - אלביב מסכה קולור פרוטקט 300,"לוריאל ישראל בע""מ",DE,מסכת שיער אלביב 300מל קולור פרוטק לוריאל,מיליליטרים,300.00,"100 מ""ל",false,1,24.90,8.3000,true,1,46806
3600522550129,false,קרם אנטי-אייג'ינג יום אייג' ספשיאליסט +45,"קרלסרו, גרמניה",DE,קרם יום לוריאל דרמו 50פלוס 45מל,Unknown,0.00,Unknown,false,1,54.90,0.0000,true,1,46807
3600522550204,false,קרם אנטי-אייג'ינג יום אייג' ספשיאליסט +55,"קרלסרו, גרמניה",DE,קרם יום לוריאל דרמו 50פלוס 55מל,Unknown,0.00,Unknown,false,1,54.90,0.0000,true,1,46808
3600523642489,false,מסכת הזנה אינטנסיבית 6 שמנים לשיער יבש,לוריאל - אלביב Elvive,DE,מסכת שיער אלביב 300מל שמנים לוריאל,מיליליטרים,300.00,"100 מ""ל",false,1,24.90,8.3000,true,1,46805
3600523651870,false,שמפו לחיזוק סיב השערה לכל סוגי השיער,לוריאל - אלביב Elvive,TR,שמפו אלביב 500מל פול רזיסט לוריאל,מיליליטרים,500.00,"100 מ""ל",false,1,14.90,2.9800,true,1,47068
3600523651900,false,מרכך לחיזוק סיב השערה לכל סוגי השיער,לוריאל - אלביב Elvive,TR,מרכך אלביב 550מל פול רזיסט לוריאל,מיליליטרים,550.00,"100 מ""ל",false,1,14.90,2.7091,true,1,47069
3600523652242,false,"לוריאל - אלביב שמפו קולור פרוטקט 550 מ""ל",לוריאל - אלביב Elvive,TR,שמפו אלביב 550מל קולור פרוטקט לוריאל,מיליליטרים,550.00,"100 מ""ל",false,1,14.90,2.7091,true,1,46801
3600523652259,false,"לוריאל - אלביב מרכך קולור פרוטקט 550 מ""ל",קוסמטיקס,TR,מרכך שיער אלביב 550מל קולור לוריאל,מיליליטרים,550.00,"100 מ""ל",false,1,14.90,2.7091,true,1,46799
3600523652280,false,"לוריאל אלביב שמפו מועשר ב 6 שמנים, 550 מ""ל",לוריאל - אלביב Elvive,TR,שמפו אלביב 550מל 6 שמנים לוריאל,מיליליטרים,550.00,"100 מ""ל",false,1,14.90,2.7091,true,1,46803
3600523652297,false,"מרכך לשיער אלביב זהב 6 שמנים , 550 מ""ל",לוריאל - אלביב Elvive,TR,מרכך שיער אלביב 550מל 6 שמנים לוריאל,מיליליטרים,550.00,"100 מ""ל",false,1,14.90,2.7091,true,1,46798
3600523782567,false,"לוריאל - אלביב שמפו דרים לונג 500 מ""ל",קוסמטיקס,FR,שמפו אלביב 500מל דרים לונג לוריאל,מיליליטרים,500.00,"100 מ""ל",false,1,14.90,2.9800,true,1,46802
3600523782574,false,לוריאל - אלביב מסכה דרים לונג 300,לוריאל - אלביב Elvive,DE,מסכת שיער אלביב 300מלדרים לונג לוריאל,מיליליטרים,300.00,"100 מ""ל",false,1,24.90,8.3000,true,1,46804
3600523782581,false,מרכך מתיר קשרים לשיער ארוך ופגום Dream Long,לוריאל - אלביב Elvive,FR,מרכך שיער אלביב 500מל דרים לונג לוריאל,מיליליטרים,500.00,"100 מ""ל",false,1,14.90,2.9800,true,1,46800
3600541253667,false,"גרנייה - דאודורנט ספריי לאישה אינביזיבל BWC (ורוד) 150 מ""ל","לוריאל ישראל בע""מ",FR,דאודורנט גרנייה ספריי אינביזביל ורוד 150,Unknown,0.00,Unknown,false,6,15.90,0.0000,true,1,47079
3600541448476,false,גרנייה דאו רול-און אינבזיבל קונטרול,"לוריאל ישראל בע""מ",FR,דאודורנט גרנייה רול און אינבזיבל 50מל,Unknown,0.00,Unknown,false,6,15.90,0.0000,true,1,47076
3600541928275,false,מי פנים מיסלריים דו-פאזיים מסיר איפור עמיד במים,"קוסמופול, פולין",PL,מסיר איפור גרנייה מיסלר מים דו פרזי 400מ,מיליליטרים,400.00,"100 מ""ל",false,6,27.90,6.9750,true,1,47074
3600542385251,false,"גרנייה - דאודורנט רול און לאישה פרוטקשן 6 כותנה (ורוד) 50 מ""ל",גרנייה Garnier,FR,דאודורנט גרנייה רול און פרוטקשן6 50מל,Unknown,0.00,Unknown,false,6,15.90,0.0000,true,1,47078
3607340717635,false,אדידס גל רחצה לגבר אייס דייב 400 מל,קוטי ס.פ,ES,גל רחצה אדידס אייס דייב 400מל,מיליליטרים,400.00,"100 מ""ל",false,1,10.90,2.7250,true,1,21783
3607343817547,false,"אדידס - דאודורנט ספריי לגבר קליימקול 150 מ""ל",קולפ,PT,דאודורנט אדידס ספריי קליימקול לגבר 150מל,מיליליטרים,150.00,"100 מ""ל",false,1,14.90,9.9333,true,1,35868
3607345264912,false,"אדידס בודי ספריי לגבר אייס דייב, ללא אלומיניום, 150 מל",אגריפק אס איי לגרדה,ES,דאודורנט פיוזן ספריי גוף אייס דייב 150מל,מיליליטרים,150.00,"100 מ""ל",false,1,19.90,13.2667,true,1,18260
3607345265117,false,"אדידס - דאודורנט ספריי לגבר טים פורס 150 מ""ל",מיוצר עי קונדיטוריית,ES,דאודורנט פיוזן ספריי גוף טים פורס 150מל,מיליליטרים,150.00,"100 מ""ל",false,1,19.90,13.2667,true,1,18261
3607347320449,false,"אדידס - ג'ל רחצה ספורט אנרג'י 400 מ""ל",קוטי ס.פ,ES,גל רחצה אדידס ספורט אנרגי 400מל,מיליליטרים,400.00,"100 מ""ל",false,1,10.90,2.7250,true,1,21781
3607347415343,false,אדידס נשים רול און קונטרול,,PT,דאודורנט אדידס רול און קונטרול 55 גרם,Unknown,0.00,Unknown,false,24,14.90,0.0000,true,1,29426
3607347415589,false,"אדידס - דאודורנט רול און לאישה פרש קול אנד קר 50 מ""ל",קוטדור,ES,דאודורנט אדידס רול און פרש 55 גר נשים,Unknown,0.00,Unknown,false,24,14.90,0.0000,true,1,29428
3607347918981,false,"אדידס - דאודורנט רול און לאישה קול אנד קר 6 ב-1 50 מ""ל",דנשר,ES,דאודורנט אדידס רול און 6ב1 55 גר נשים,Unknown,0.00,Unknown,false,24,14.90,0.0000,true,1,29427
3607349687458,false,"דאו' ספריי לגבר קול דריי פרש 150מ""ל",קוטי HFC,PT,דאודורנט אדידס ספריי גבר קול דריי פרש150,מיליליטרים,150.00,"100 מ""ל",false,1,14.90,9.9333,true,1,35871
3608580075646,false,קונפיטורה בטעם שזיפים 370 גר BONNE MAMAN,בון מאמא,FR,קונפיטורה שזיפים בון מאמא 370 גרם,גרמים,370.00,100 גרם,false,6,17.90,4.8378,true,1,40028
3608580077343,false,ממרח בון מאמא קרמל מ,בון מאמא,FR,ממרח בון מאמא קרמל מלוח 220 גרם,גרמים,220.00,100 גרם,false,6,24.90,11.3182,true,1,46576
3608580730231,false,קונפיטורה בון ממאן תות שדה 370 גר',אף.סי תבליני בגליל ב,FR,קונפיטורה תות בון מאמא 370 גרם,גרמים,370.00,100 גרם,false,1,17.90,4.8378,true,1,15660
3608580730248,false,קונפיטורה דובדובן 370 ג' בוני מאמן,בון ממן,FR,קונפיטורה דובדבן בון מאמא 370 גרם,גרמים,370.00,100 גרם,false,1,17.90,4.8378,true,1,15661
3608580730255,false,קונפיטורה בטעם משמש 370 גר BONNE MAMAN,בון ממן,FR,קונפיטורה משמש בון מאמא 370 גרם,גרמים,370.00,100 גרם,false,1,17.90,4.8378,true,1,15663
3608580730279,false,קונפיטורה בון ממאן מרמלדת תפוזים 370 גר',,FR,קונפיטורה מרמלדת תפוז בון מאמא 370 גרם,גרמים,370.00,100 גרם,false,1,17.90,4.8378,true,1,35122
3608580730286,false,קונפיטורה ארבע פירות 370 גר BONNE MAMAN,אנדרוס,FR,קונפיטורה 4 פירות בון מאמא 370 גרם,גרמים,370.00,100 גרם,false,1,17.90,4.8378,true,1,15664
3608580730323,false,קונפיטורה בטעם פטל 370 גר BONNE MAMAN,אנדורס,FR,קונפיטורה פטל בון מאמא 370 גרם,גרמים,370.00,100 גרם,false,1,17.90,4.8378,true,1,15662
3608580873402,false,קונפ.טעם תות שדה370ג20%+,אנדורס,FR,קונפיטורה תות 20% חינם בון מאמא 370 גרם,גרמים,444.00,100 גרם,false,1,17.90,4.0315,true,1,19101
3614221653715,false,"אדידס קליימקול ג'ל רחצה, 400 מ""ל",קוטי ס.פ,ES,גל רחצה אדידס קליימקול 400מל,מיליליטרים,400.00,"100 מ""ל",false,1,10.90,2.7250,true,1,21782
3614223736003,false,"אדידס - דאודורנט ספריי לגבר אדיפיור 150 מ""ל",איגפק אס.איי,PT,דאודורנט אדידס ספריי אדיפיור לגבר 150מל,מיליליטרים,150.00,"100 מ""ל",false,1,14.90,9.9333,true,1,35869
3614223736485,false,אדידס דאודורנט ספריי לגבר אדיפיור- ללא מלחי אלומניום 200 מל,אדידס Adidas,PT,דאודורנט אדידס ספריי אדיפיור 200מל,מיליליטרים,200.00,"100 מ""ל",false,1,19.90,9.9500,true,1,23016
3614223736836,false,"אדידס - דאורודנט ספריי לאישה אדיפיור 150 מ""ל",קוטי,PT,דאודורנט אדידס ספריי אדיפיור 150מל אישה,מיליליטרים,150.00,"100 מ""ל",false,24,19.90,13.2667,true,1,23017
3614224050986,false,"אדידס - דאודורנט ספריי לגבר אדיפאוור 72 שעות 150 מ""ל","ב.א מזון בע""מ",PT,דאודורנט אדידס ספריי אדיפיור 72ש גבר150מ,מיליליטרים,150.00,"100 מ""ל",false,1,14.90,9.9333,true,1,35870
3614224051235,false,אדידס דאודורנט ספריי גברים אדיפוואר 200מל,אדידס Adidas,PT,דאודורנט אדידס ספריי אדיפאוור לגבר200,מיליליטרים,200.00,"100 מ""ל",false,1,19.90,9.9500,true,1,27621
3614224056537,false,"דאו ספריי לנשים אדידס אדיפוואר 150 מ""ל",COLEPCCL,PT,דאודורנט אדידס ספריי אדיפאוור אישה 150מל,מיליליטרים,150.00,"100 מ""ל",false,1,19.90,13.2667,true,1,27619
3661163991146,false,"אדידס - דאודורנט ספריי לאישה קול אנד קר פרש 150 מ""ל",מיוצר עי קונדיטוריית,PT,דאודורנט אדידס ספריי קול אנד קר לאישה150,מיליליטרים,150.00,"100 מ""ל",false,1,19.90,13.2667,true,1,19071
3661163991344,false,"אדידס דאודורנט ספריי מקס פרו-קליר לאישה 150 מ""ל",מיוצר עי קונדיטוריית,PT,דאודורנט אדידס ספריי קליימקול לאישה150,מיליליטרים,150.00,"100 מ""ל",false,1,19.90,13.2667,true,1,19073
3661163991580,false,"אדידס - דאודורנט ספריי לאישה קול אנד קר 6 ב-1 150 מ""ל",מיוצר עי קונדיטוריית,PT,דאודורנט אדידס ספריי קול 6ב1 לאישה150,מיליליטרים,150.00,"100 מ""ל",false,1,19.90,13.2667,true,1,19072
3662444002766,false,חלה בריוש ראובנס 500 גרם,אר.אפ.די,FR,לחם בריוש צרפתי פרוס פיצפוצי שוקולד500,גרמים,500.00,100 גרם,false,1,20.90,4.1800,true,1,25423
3663559000135,false,שזיפים מיובשים אורגניים 250 גרם,היצרן: לה קומפני דה,FR,שיזפים מיובשים אורגניים קומפני 250 גר,גרמים,250.00,100 גרם,false,20,26.90,10.7600,true,1,25444
3665468301723,false,"איירוויק מבשם אוויר ומנטרל ריחות – ערפילי בוקר 237 מ""ל",רקיט בנקיזר,PL,מטהר אוויר אירוויק נ.גז ערפילי בוקר 237מ,מיליליטרים,237.00,"100 מ""ל",false,1,14.90,6.2869,true,1,50351
3700485100048,false,ברנדי נשיונאל אקס או,sas de fussigy,,ברנדי נשיונאל אקס או באריזה 700 מל םפיקד,מיליליטרים,700.00,"100 מ""ל",false,1,105.00,15.0000,true,1,7639
3700846700047,false,יין טרידישין אדום 20,,,יין טרידישין אדום 2017 750 מל,מיליליטרים,750.00,"100 מ""ל",false,1,80.00,10.6667,true,1,34707
3700846700139,false,יין הריטאז אדום 2017,,,יין הריטאז אדום 2017 750 מל,מיליליטרים,750.00,"100 מ""ל",false,1,80.00,10.6667,true,1,34708
3700846782302,false,יין ויונייה מיזון סר,,,יין ויונייה מיזון סרלה 2018 750 מל750 מל,מיליליטרים,750.00,"100 מ""ל",false,1,80.00,10.6667,true,1,34711
3700846782319,false,יין דאבל וי מיזון סר,,,יין דאבל וי מיזון סרלה 2018 72017 750 מל,מיליליטרים,750.00,"100 מ""ל",false,1,80.00,10.6667,true,1,34712
3701086303562,false,יין ולאס פויזן רוזה,,FR,יין ולאס פויזן רוזה 750 מל,מיליליטרים,750.00,"100 מ""ל",false,6,60.00,8.0000,true,1,45418
3701086304309,false,יין לה קוק סירה בלאק,,FR,יין ולאס לקוק סירה בלאק 750 מל,מיליליטרים,750.00,"100 מ""ל",false,6,60.00,8.0000,true,1,50260
3701086304583,false,יין ולאס פויזן רוז ל,,FR,יין ולאס פויזן רוז 750 מל,מיליליטרים,750.00,"100 מ""ל",false,6,60.00,8.0000,true,1,45417
3701086305030,false,יין ולאס פויזן בלאן,,FR,יין ולאס פויזן בלאן 750 מל,מיליליטרים,750.00,"100 מ""ל",false,6,60.00,8.0000,true,1,45419
3701086305528,false,יין לה קוק קברנה סוב,,FR,יין ולאס קוק קברנה סוביניון 750 מל,מיליליטרים,750.00,"100 מ""ל",false,6,60.00,8.0000,true,1,45432
3701086305719,false,יין ואלס לה קוק מלבק,,FR,יין ואלס לה קוק מלבק 750 מל,מיליליטרים,750.00,"100 מ""ל",false,6,60.00,8.0000,true,1,45434
3701086306730,false,יין לה קוק יבש שרדונ,,FR,יין ואלס לה קוק שרדונה 750 מל,מיליליטרים,750.00,"100 מ""ל",false,6,60.00,8.0000,true,1,45433
3760019040165,false,שמפניה כשרה זאן מישל,,,שמפנייה כשרה זאן מישל רוזה 750 מל,מיליליטרים,750.00,"100 מ""ל",false,1,229.00,30.5333,true,1,21676
3760031471664,false,יין דומיין לפאז קוט,דומיין לפאז,FR,יין דומיין לפאז קוט אסט 750 מל,מיליליטרים,750.00,"100 מ""ל",false,6,60.00,8.0000,true,1,31875
3760031471725,false,יין לפאז קוט סוד אדו,דומיין לפאז,FR,יין לפאז קוט סוד אדום 750 מל,מיליליטרים,750.00,"100 מ""ל",false,6,60.00,8.0000,true,1,31873
3760031472081,false,יין דומיין לפאז קוט,דומיין לפאז,FR,יין דומיין לפאז קוט רוזה 750 מל,מיליליטרים,750.00,"100 מ""ל",false,6,60.00,8.0000,true,1,31876
3760031472821,false,יין לפאז קוט פלוראל,דומיין לפאז,FR,יין לפאז קוט פלוראל 750 מל,מיליליטרים,750.00,"100 מ""ל",false,6,60.00,8.0000,true,1,31874
3760031473514,false,יין דומיין לפאז גרנש,דומיין לפאז,FR,יין דומיין לפאז גרנש בשלישית 750 מל,מיליליטרים,750.00,"100 מ""ל",false,6,75.00,10.0000,true,1,31879
3760040420073,false,קברנה מרלו וינייה דה,צרפת פול מאס,,יין קברנה מרלו וינייה דה ניקול פול מאס 7,מיליליטרים,750.00,"100 מ""ל",false,1,60.00,8.0000,true,1,11037
3760040420134,false,שרדונה ויונייה ויניי,צרפת פול מאס,,יין שרדונה ויונייה דה ניקול פול מאס 750מ,מיליליטרים,750.00,"100 מ""ל",false,1,60.00,8.0000,true,1,11038
3760040420394,false,יין שאטו פול מאס קלו,צרפת פול מאס,,יין שאטו פול מאס קלו דה מור 2010 750מל פ,מיליליטרים,750.00,"100 מ""ל",false,1,80.00,10.6667,true,1,8972
3760040420714,false,יין ורמנטינו פול מאס,פול מאס,,יין ורמנטינו פול מאס לבן 750מל פקדון,מיליליטרים,750.00,"100 מ""ל",false,1,45.00,6.0000,true,1,11036
3760040421261,false,פול מאס-יין רוזה סיר,צרפת פול מאס,,יין רוזה סירה פול מאס 750 מל פקדון,מיליליטרים,750.00,"100 מ""ל",false,1,45.00,6.0000,true,1,9408
3760040422794,false,יין פול מאס רזרב מור,צרפת פול מאס,,יין פול מאס אסטייט מורבד 2010 750מל פקדו,מיליליטרים,750.00,"100 מ""ל",false,1,60.00,8.0000,true,1,8971
3760040422954,false,יין פול מאס רזרב מלב,צרפת פול מאס,,יין אסטייט מאלבק פול מאס 750מל פקדון,מיליליטרים,750.00,"100 מ""ל",false,1,60.00,8.0000,true,1,11034
3760040422961,false,יין פול מאס רזרב קרי,צרפת פול מאס,,יין פול מאס אסטייט קריניאן 750מל פקדון,מיליליטרים,750.00,"100 מ""ל",false,1,60.00,8.0000,true,1,9453
3760040422978,false,יין פול מאס רזרב ויו,פול מאס,,יין אסטייט ויונייה פול מאס 750 מל,מיליליטרים,750.00,"100 מ""ל",false,1,60.00,8.0000,true,1,14358
3760040423517,false,יין גראנש פול מאס 75,צרפת פול מאס,,יין גראנש פול מאס 750 מל פקדון,מיליליטרים,750.00,"100 מ""ל",false,1,45.00,6.0000,true,1,11035
3760040427836,false,יין רוזה וינייה דה נ,צרפת פול מאס,,יין רוזה וינייה דה ניקול פול מאס 750 מל,מיליליטרים,750.00,"100 מ""ל",false,1,60.00,8.0000,true,1,12703
3760082819903,false,יין אוסטל קאז רוזה 7,,FR,יין אוסטל קאז רוזה 750 מל,מיליליטרים,750.00,"100 מ""ל",false,12,65.00,8.6667,true,1,23298
3760105300210,false,יין פינו בלאן טרימבא,צרפת - טרימבאך,,יין פינו בלאן טרימבאך 750 מל,מיליליטרים,75000.00,"100 מ""ל",false,1,75.00,0.1000,true,1,11785
3760105300616,false,יין גוורצטרמינר טרימ,צרפת - טרימבאך,,יין גוורצטרמינר טרימבאך 750 מל,מיליליטרים,750.00,"100 מ""ל",false,1,100.00,13.3333,true,1,11783
3760105300715,false,יין ריזלינג טרימבאך,צרפת - טרימבאך,,יין ריזלינג טרימבאך 750 מל,מיליליטרים,75000.00,"100 מ""ל",false,1,85.00,0.1133,true,1,21392
3760113370021,false,יין בורגון פואי פווי,צרפת שאטו פוויסה,,יין פואי פוויסה טט דה קרו 750מל פקדון,מיליליטרים,750.00,"100 מ""ל",false,1,135.00,18.0000,true,1,11357
3760113370076,false,יין בורגון מאקון ויל,צרפת שאטו פוויסה,,יין מאקון וילאז שאטו פוויסה 750מל פקדון,מיליליטרים,750.00,"100 מ""ל",false,1,80.00,10.6667,true,1,11358
3760156433875,false,יין שאבלי פטיט 750,PASSSY LE CLOU,IT,יין פטיט שאבלי 750 מל,מיליליטרים,750.00,"100 מ""ל",false,6,80.00,10.6667,true,1,27399
3760156433882,false,יין שאבלי 750 מל,PASSSY LE CLOU,IT,יין שאבלי 750 מל,מיליליטרים,750.00,"100 מ""ל",false,6,100.00,13.3333,true,1,27398
3760175420009,false,יין סנסר טראדיסיון ל,טיסייה רולאן,,יין סנסר טראדיסיון 750 מל,מיליליטרים,750.00,"100 מ""ל",false,1,110.00,14.6667,true,1,33507
3760175420016,false,יין סנסר אדום טראדיס,טיסייה רולאן,,יין סנסר אדום 750 מל,מיליליטרים,750.00,"100 מ""ל",false,1,120.00,16.0000,true,1,16456
3760182393198,false,יין מייסון ונטנאק לה,,FR,יין מייסון ונטנאק לה פאריה גרנש אורגני,מיליליטרים,750.00,"100 מ""ל",false,6,65.00,8.6667,true,1,41132
3760189781509,false,יין סובניון בלאן וין,,FR,יין סובניון בלאן וין דה פרנס קלו דו רןוק,מיליליטרים,750.00,"100 מ""ל",false,12,60.00,8.0000,true,1,39607
3760249060537,false,יין לאוסטל בלאן לבן,,,יין לאוסטל בלאן לבן 750 מל,מיליליטרים,750.00,"100 מ""ל",false,1,65.00,8.6667,true,1,29017
3760263790021,false,יין שבלי דומיין אלכס,,,יין דומיין אלכסנדר שאבלי לבן 750 מל,מיליליטרים,750.00,"100 מ""ל",false,1,80.00,10.6667,true,1,22663
3760314610230,false,יין שרדונה שאטו דה פ,,FR,יין שרדונה שאטו דה פומאר 2018 750מל פקדו,מיליליטרים,750.00,"100 מ""ל",false,1,250.00,33.3333,true,1,49717
3760314610247,false,יין שאטו דה פומאר פי,,FR,יין שאטו דה פומאר פינו נואר 2018 750מל פ,מיליליטרים,750.00,"100 מ""ל",false,1,250.00,33.3333,true,1,49716
3770001900032,false,יין מוסקארה סבר מיין,צרפת לואי מקס,,יין מוסקארה סבר מיין 750 מל,מיליליטרים,750.00,"100 מ""ל",false,1,45.00,6.0000,true,1,19191
3800016701055,false,"לפתן חצאי אפרסק בסירופ 700 מ""ל",פרוקטו סליבאן GSC,BG,לפתן אפרסק חצאים בסירופ 700 מל,מיליליטרים,700.00,"100 מ""ל",false,1,8.90,1.2714,true,1,21901
3800016701161,false,"לפתן חצאי שזיף בסירופ 700 מ""ל",פרוקטו סליבאן GSC,BG,לפתן שזיף חצאים בסירופ 700 מל,מיליליטרים,700.00,"100 מ""ל",false,1,8.90,1.2714,true,1,21902
3800016701178,false,"לפתן חצאי משמש בסירופ 700 מ""ל",פרוקטו סליבאן GSC,BG,לפתן משמש חצאים בסירופ 700 מל,מיליליטרים,700.00,"100 מ""ל",false,1,8.90,1.2714,true,1,21900
3838824127149,false,צבע לשיער פלטה - 1-1 שחור כחול,שוורצקופף והנקל,SI,צבע לשיער פלטה סמי קיט כחול שחור 1-1,Unknown,0.00,Unknown,false,1,17.90,0.0000,true,1,4876
3838824127163,false,פאלטה סמי קיט 10-1 בלונד כסוף,שוורצקופף והנקל,SI,צבע לשיער פלטה סמי קיט בלונד כסוף 10-1,Unknown,0.00,Unknown,false,1,17.90,0.0000,true,1,4877
3838824127200,false,פלטה סמי קיט 5-68 ערמונים בינוני,שוורצקופף והנקל,SI,צבע לשיער פלטה סמי קיט חום כהה 3-0,Unknown,0.00,Unknown,false,1,17.90,0.0000,true,1,4878
3838824127224,false,פלטה סמי קיט חום בינוני 4-0 צבע שיער,שוורצקופף והנקל,SI,צבע לשיער פלטה סמי קיט חום בינוני 4-0,Unknown,0.00,Unknown,false,1,17.90,0.0000,true,1,4879
3838824127248,false,פלטה סמי קיט חום בהיר 5-0 צבע שיער,שוורצקופף והנקל,SI,צבע לשיער פלטה סמי קיט חום בהיר 5-0,Unknown,0.00,Unknown,false,1,17.90,0.0000,true,1,4880
3838824127262,false,פלטה סמי קיט בלונד כהה 6-0 צבע שיער,שוורצקופף והנקל,SI,צבע לשיער פלטה סמי קיט בלונד כהה 6-0,Unknown,0.00,Unknown,false,1,17.90,0.0000,true,1,4881
3838824127286,false,צבע לשיער פלטה - 7-0 בלונד בינוני,שוורצקופף והנקל,SI,צבע לשיער פלטה סמי קיט בלונד בינוני 7-0,Unknown,0.00,Unknown,false,1,17.90,0.0000,true,1,4882
3838824127309,false,פלטה סמי קיט בלונד בהיר 8-0 צבע שיער,שוורצקופף והנקל,SI,צבע לשיער פלטה סמי קיט בלונד בהיר 8-0,Unknown,0.00,Unknown,false,1,17.90,0.0000,true,1,4883
3838824127361,false,פלטה סמי קיט ערמונים בינוני5-68 צבע שיער,שוורצקופף והנקל,SI,צבע לשיער פלטה סמי קיט ערמונים בינוני5-6,Unknown,0.00,Unknown,false,1,17.90,0.0000,true,1,4884
3838824127507,false,פלטה סמי קיט חום קטיפתי 4-60 צבע שיער,שוורצקופף והנקל,SI,צבע לשיער פלטה סמי קיט חום קטיפתי 4-60,Unknown,0.00,Unknown,false,1,17.90,0.0000,true,1,4886
3838824127583,false,צבע לשיער פלטה - 6-88 אדום בוער,שוורצקופף והנקל,SI,צבע לשיער פלטה סמי קיט אדום בוער6-68,Unknown,0.00,Unknown,false,1,17.90,0.0000,true,1,4887
3838824127644,false,צבע לשיער פלטה - 4-89 חציל זוהר,שוורצקופף והנקל,SI,צבע לשיער פלטה סמי קיט חציל זוהר4-89,Unknown,0.00,Unknown,false,1,17.90,0.0000,true,1,4888
3838824193915,false,צבע לשיער פאלטה סמי קיט שחור 0-1,שוורצקופף והנקל,SI,צבע לשיער פלטה סמי קיט שחור 1/0,Unknown,0.00,Unknown,false,1,17.90,0.0000,true,1,13125
3838824240275,false,פלטה סמי קיט 8-0 בלונד בהיר,שוורצקופף והנקל,SI,צבע לשיער פלטה סמי קיט נוגט 6/65,Unknown,0.00,Unknown,false,1,17.90,0.0000,true,1,13127
3838824276007,false,פלטה סמי קיט 9-0 בלונד בהיר מאוד,שוורצקופף והנקל,SI,צבע לשיער פלטה סמי קיט בלונד בהיר 0/9,Unknown,0.00,Unknown,false,1,17.90,0.0000,true,1,13124
3838824327099,false,צבע שיער פאלטה סמי קיט 10-46 בלונד פודרה,שוורצקופף והנקל,DE,צבע לשיער פלטה סמי קיט בלונד פודרה 10/46,Unknown,0.00,Unknown,false,1,17.90,0.0000,true,1,19902
3838824332130,false,צבע שיער פאלטה סמי קיט 3-68 מהגוני כהה,שוורצקופף והנקל,DE,צבע לשיער פלטה סמי קיט מהגוני כהה 3/68,Unknown,0.00,Unknown,false,1,17.90,0.0000,true,1,19898
3838824332178,false,פאלטה ברוז' חום אדום יין 6-80 סמי קיט,שוורצקופף והנקל,DE,צבע לשיער פלטה סמי קיט חום אדום יין 6/80,Unknown,0.00,Unknown,false,1,17.90,0.0000,true,1,19899
3838824371146,false,גליס פילינג עדין לאיזון והזנת הקרקרפת150,הנקל שוורצקוף,TR,פילינג עדין נוטרי באלאנס 150מל,מיליליטרים,150.00,"100 מ""ל",false,1,24.90,16.6000,true,1,38953
3838824371191,false,גליס מרכך ספריי לאיזון והזנת הקרקרפת 200,הנקל שוורצקוף,TR,מרכך גליס אקספרס נוטרי באלאנס 200מל,מיליליטרים,200.00,"100 מ""ל",false,1,24.90,12.4500,true,1,38952
3838824380827,false,צבעי שיער בלונד כהה אפרפר 6-1 סמי קיט פאלטה,שוורצקופף והנקל,DE,צבע לשיער פלטה סמי קיט בלונד כהה אפרפר,Unknown,0.00,Unknown,false,1,17.90,0.0000,true,1,40788
3838824380902,false,צבעי שיער בלונד סופר בהיר 10-0 סמי קיט פאלטה,שוורצקופף והנקל,DE,צבע לשיער פלטה סמי קיט בלונד סופר בהיר,Unknown,0.00,Unknown,false,1,17.90,0.0000,true,1,40789
3838824380940,false,צבעי שיער בלונד בהיר אפרפר 8-1 סמי קיט פאלט,שוורצקופף והנקל,DE,צבע לשיער פלטה סמי קיט בלונד בהיר אפרפר,Unknown,0.00,Unknown,false,1,17.90,0.0000,true,1,40790
3838824380988,false,צבעי שיער בלונד כסוף אפרפר 12-21 סמי קיט פאלטה,שוורצקופף והנקל,DE,צבע לשיער פלטה סמי קיט בלונד כסוף אפרפר,Unknown,0.00,Unknown,false,1,17.90,0.0000,true,1,40791
3838824381022,false,צבעי שיער חום שוקולד כהה 3-65 סמי קיט פאלטה,שוורצקופף והנקל,DE,צבע לשיער פלטה סמי קיט חום שוקולד כהה,Unknown,0.00,Unknown,false,1,17.90,0.0000,true,1,40792
3838945007870,false,מיץ תפוזים 100% עם ויטמין סי 1 ליטר,FRUCTAL,,מיץ תפוזים עם חתיכות פרי 100% 1 ליטר,ליטרים,1.00,ליטר,false,1,14.90,14.9000,true,1,40905
3838945027854,false,מולטי ויטמין פירות אד. 100% 1 ל FRUCTAL,FRUCTAL,SI,נקטר מולטי ויטמין פירות אדומים 100% 1 לי,ליטרים,1.00,ליטר,false,1,14.90,14.9000,true,1,12046
3838945028592,false,"מיץ תפוז 100% 200 מ""ל FRUCTAL",FRUCTAL,,מיץ תפוז פרוקטל 200 מל 100% פרי,מיליליטרים,200.00,"100 מ""ל",false,1,4.90,2.4500,true,1,25161
3838945508995,false,נקטר משמש 43% פרי 1 ל FRUCTAL,FRUCTAL,SI,נקטר משמש פרוקטל 1ליטר 43% פרי בקרטון,ליטרים,1.00,ליטר,false,1,14.90,14.9000,true,1,13766
3838945509015,false,נקטר אוכמניות שחורות 25% 1 ל FRUCTAL,פרוקטל Fructal,SI,נקטר אוכמניות שחורות פרוקטל 1ל 25% פרי,ליטרים,1.00,ליטר,false,1,14.90,14.9000,true,1,13767
3838945509022,false,נקטר נקטר תות שדה 45% 1 ל FRUCTAL,FRUCTAL,SI,נקטר תות שדה 1 ליטר 45%,ליטרים,1.00,ליטר,false,1,14.90,14.9000,true,1,12047
3838945509060,false,מיץ תפוחים 100% 1 ליטר FRUCTAL,FRUCTAL,SI,מיץ תפוחים סחוט 100% פרי 1 ליטר,ליטרים,1.00,ליטר,false,1,14.90,14.9000,true,1,12790
3838945509077,false,מיץ אננס 100% 1 ליטר FRUCTAL,FRUCTAL,SI,מיץ אננס 100% פרי 1 ליטר,ליטרים,1.00,ליטר,false,1,14.90,14.9000,true,1,12791
4000161100157,false,נידרגר מרציפן קלאסי באריזה 100 גר,Q Chocolate,,מרציפן נדירברג קלאסי 100 גרם,גרמים,100.00,100 גרם,false,1,30.00,30.0000,true,1,19936
4000161100904,false,נידרגר מרציפן מארז מהודר 100 גר,Q Chocolate,,מרציפן נדירברג מהודר 100 גרם,גרמים,100.00,100 גרם,false,1,30.00,30.0000,true,1,19937
4000417019004,false,שוקולד חלב אגוזי לוז שלמים ריטר ספורט 100 גרם,ריטר ספורט Ritter sport,DE,שוקולד ריטר חלב אגוז שלם100 ג,גרמים,100.00,100 גרם,false,1,10.90,10.9000,true,1,4313
4000417022004,false,ריטר ספורט שוקולד חלב מעולה עם צימוקים ואגוזי לוז 100 גרם,ריטר ספורט Ritter sport,DE,שוקולד ריטר צימוק אגוז 100 ג,גרמים,100.00,100 גרם,false,1,8.90,8.9000,true,1,4338
4000417023001,false,ריטר ספורט שוקולד חלב מעולה עם שקדים שלמים,ריטר ספורט Ritter sport,DE,שוקולד ריטר חלב שקד שלם 100 ג,גרמים,100.00,100 גרם,false,1,10.90,10.9000,true,1,4312
4000417025005,false,שוקולד מריר במילוי מרציפן ריטר ספורט 100 גרם,ריטר ספורט Ritter sport,DE,שוקולד ריטר עם מרצפן 100 ג,גרמים,100.00,100 גרם,false,1,8.90,8.9000,true,1,4314
4000417026002,false,שוקולד ריטר ספורט פרלין 100 גרם חלב נוכרי,ריטר ספורט Ritter sport,DE,שוקולד ריטר נוגט פרלין 100 ג,גרמים,100.00,100 גרם,false,1,8.90,8.9000,true,1,4518
4000417101211,false,גלילי וופל עם קרם אגוזי לוז בציפוי שוקולד חלב,אמיצ'לי Amicelli,AT,גלילי ופל אמיצלי קרם אגוזים 150 גרם,גרמים,150.00,100 גרם,false,1,15.90,10.6000,true,1,50205
4000417101310,false,אמיצלי- גלילי וופל עם קרם קקאו בציפי שוק,ליימן שליסל,AT,גלילי ופל אמיצלי קרם קקאו 150 גרם,גרמים,150.00,100 גרם,false,1,15.90,10.6000,true,1,50836
4000417211002,false,שוקולד חלב מעולה ממולא קרם קרמל מוקצף ושברי שקדים מומלחים,ריטר ספורט Ritter sport,DE,שוקולד ריטר מוס קרמל שברי שקדים 100 ג,גרמים,100.00,100 גרם,false,1,8.90,8.9000,true,1,16821
4000417212009,false,ריטר ספורט שוקולד מריר מעולה עם שקדים קצוצים וקליפות תפוז מסוכרות,ריטר ספורט Ritter sport,DE,שוקולד ריטר מריר תפוז שקד 100 ג,גרמים,100.00,100 גרם,false,1,8.90,8.9000,true,1,25680
4000417222008,false,שוקולד ריטר ספורט חלב+שברי אגוזים 100 גרם חלב נוכרי,ריטר ספורט Ritter sport,DE,שוקולד ריטר חלב שברי אגוזים 100 ג,גרמים,100.00,100 גרם,false,1,8.90,8.9000,true,1,16548
4000417224002,false,"ריטר ספורט טבלת שוקולד מריר אגוזים, 100 גרם",ריטר ספורט Ritter sport,DE,שוקולד ריטר מריר אגוז שלם 100 ג,גרמים,100.00,100 גרם,false,1,10.90,10.9000,true,1,5511
4000417294005,false,שוקולד ריטר מוס קקאו 100 גרם חלב נוכרי,ריטר ספורט Ritter sport,DE,שוקולד ריטר מילוי קרם מוקצף 100 ג,גרמים,100.00,100 גרם,false,1,8.90,8.9000,true,1,10603
4000417298003,false,שוקולד ריטר ספורט קוקוס 100 גרם חלב נוכרי,ריטר ספורט Ritter sport,DE,שוקולד ריטר ספורט קוקוס 100 ג,גרמים,100.00,100 גרם,false,1,8.90,8.9000,true,1,10821
4000417450302,false,שוקולד חלב ומריר ריטר ספורט מונדיאל 183ג,ריטר,DE,מארז מיקס שוקולד ריטר ספורט מונדיאל183גר,גרמים,183.00,100 גרם,false,1,19.90,10.8743,true,1,50832
4000417626417,false,שוקולד חלב חמוציות ממותקות ושברי אגוזי לוז,ריטר ספורט,DE,שוקולד ריטר חמוציות ואגוז לוז 100 ג,גרמים,100.00,100 גרם,false,1,8.90,8.9000,true,1,50835
4000417707000,false,שוקולד חלב מעולה עם שברי קשיו קלוי ומומלח,ריטר ספורט Ritter sport,DE,שוקולד ריטר חלב קשיו שלם 100 ג,גרמים,100.00,100 גרם,false,1,10.90,10.9000,true,1,46973
4000417708007,false,"שוקולד ריטר ספורט מריר שקד, 100 גרם",ריטר ספורט Ritter sport,DE,שוקולד ריטר מריר שקד שלם 100 ג,גרמים,100.00,100 גרם,false,1,10.90,10.9000,true,1,46974
4000512010869,false,סוכריות גומי טרולי ה,,,סוכריות גומי טרולי הלווין דרקולה200גרם,גרמים,200.00,100 גרם,false,18,9.90,4.9500,true,1,49138
4000522009747,false,"מקלות בייגלה תפו""א צ'יו 80 גרם",טרופיקל דגיל תעשיות,HU,בייגלה שמיניות ציו תפוא 100 גר שקית,גרמים,100.00,100 גרם,false,1,4.50,4.5000,true,1,14827
4000522061752,false,בייגלה צ'יו מקלות מלוחים 100 גרם,צ'יו Chio,HU,בייגלה מקלות ציו מלוח 100 גר שקית,גרמים,100.00,100 גרם,false,1,4.50,4.5000,true,1,14085
4000539280726,false,שוקולד לינדט אקסלנס מילד 70% 100 גר,לינדט ושפרונגלי,DE,שוקולד לינדט אקסלנס70%מילד100 גרם,גרמים,100.00,100 גרם,false,1,16.00,16.0000,true,1,49704
4000539280740,false,לינדט אקסלנס 78% מוצקי קקאו 100 גרם,לינדט ושפרונגלי קילשברג,DE,שוקולד לינדט אקסלנס78%מריר100 גרם,גרמים,100.00,100 גרם,false,1,16.00,16.0000,true,1,49920
4000576027933,false,צימרונים לאוזניים גאן קרול 200 יח,וו.פלץ,DE,צמרוני אוזניים 200יח גאן קרול,יחידה,200.00,יחידה,false,24,7.90,0.0395,true,1,39656
4000576399405,false,פדים רחבים להסרת איפור,ג'ין קרול Jean Carol,CN,פדים לאיפור גאן קרול,יחידה,1.00,יחידה,false,1,9.90,9.9000,true,1,20401
4000576481889,false,צימרוני אוזניים לתינוק 72 יח',ג'ין קרול Jean Carol,DE,צמרוני אוזניים לתינוקות 72יח,Unknown,0.00,Unknown,false,1,6.90,0.0000,true,1,20402
4000576722654,false,פדים להסרת איפור זוג *70 יח',ג'ין קרול Jean Carol,,זוג פדים להסרת איפור 70יח גאן קרול,יחידה,70.00,יחידה,false,1,14.90,0.2129,true,1,18854
4000799136894,false,קפה נמס אורגני מ.בהקפה 100 גר מאנט האגן,מאונט האגן,DE,קפה נמס אורגני מאונט האגן 100 גר,גרמים,100.00,100 גרם,false,1,27.90,27.9000,true,1,16286
4000869032569,false,"הפי מבשם ומטהר אויר ורוד מוצק יעקבי 150 מ""ל",יעקובי הפי,IT,מטהר אוויר מוצק הפי פרש,Unknown,0.00,Unknown,false,1,6.90,0.0000,true,1,3382
4001499013676,false,"פרוש ספריי לניקוי חלונות 500 מ""ל",ארדל רקס,DE,נוזל לניקוי חלונות 500מל אקולוגי פרוש,מיליליטרים,500.00,"100 מ""ל",false,1,19.90,3.9800,true,1,14102
4001499112942,false,"פרוש נוזל לניקוי כללי ומסיר שומנים בניחוח הדרים 500 מ""ל",ארדל רקס,DE,נוזל לניקוי כללי ומסיר שומנים 500מל אקול,מיליליטרים,500.00,"100 מ""ל",false,1,22.90,4.5800,true,1,14133
4001499116193,false,פרוש מרכך כביסה פרח הכותנה 750 מל,ארדל רקס,DE,מרכך כביסה אקולוגי 750 מל פרח הכותנה,מיליליטרים,750.00,"100 מ""ל",false,1,19.90,2.6533,true,1,14107
4001499142420,false,פרוש ספריי לניקוי אס,ארדל רקס,DE,נוזל לניקוי אסלות לימון 750מל אקולוגי,מיליליטרים,750.00,"100 מ""ל",false,1,18.90,2.5200,true,1,14104
4001499152061,false,פרוש ספריי לניקוי כללי מכיל סודה 500 מל,ארדל רקס,DE,מרסס לניקוי כללי 500מל סודה אקולוגי פרוש,מיליליטרים,500.00,"100 מ""ל",false,1,22.90,4.5800,true,1,14111
4001499162916,false,"נוזל כלים פרוש סודה 500 מ""ל",ארדל רקס,DE,נוזל כלים אקולוגי סודה 500 מל פרוש,מיליליטרים,500.00,"100 מ""ל",false,1,16.90,3.3800,true,1,20693
4001499180057,false,פרוש ספריי לימון לניקוי אמבטיות 500 מל,ארדל רקס,DE,נוזל לניקוי אמבטיה ומקלחון 500מל אקולוגי,מיליליטרים,500.00,"100 מ""ל",false,1,19.90,3.9800,true,1,14103
4001499185267,false,פרוש נוזל ניקוי אסלות על בסיס לבנדר 750,ארדל רקס,DE,נוזל לניקוי אסלות לבנדר 750מל אקולוגי,מיליליטרים,750.00,"100 מ""ל",false,1,18.90,2.5200,true,1,14105
4001499909153,false,מרסס לניקוי כללי 500,ארדל רקס,DE,מרסס לניקוי כללי 500מל לבנדראקולוגי פרוש,מיליליטרים,500.00,"100 מ""ל",false,1,22.90,4.5800,true,1,14114
4001499915215,false,פרוש מרכך כביסה לתינוקות 750 מל,ארדל רקס,AT,מרכך כביסה בייבי אקולוגי 750 מל פרוש,מיליליטרים,750.00,"100 מ""ל",false,1,19.90,2.6533,true,1,14685
4001499917349,false,פרוש נ.ניקוי רב תכליתי אקולוגי תפוזים500,ארדל רקס,DE,נוזל לניקוי רב תכליתי 500מל אקולוגי פרוש,מיליליטרים,500.00,"100 מ""ל",false,1,19.90,3.9800,true,1,14134
4001499923760,false,פרוש נ.מסיר כתמים אקולוגי לפני כביסה 500,ארדל רקס,,נוזל להסרת כתמים לפני כביסה אקולוגי 500מ,מיליליטרים,500.00,"100 מ""ל",false,1,29.90,5.9800,true,1,14684
4001499944505,false,"נוזל כלים פרוש פטל 500 מ""ל",ארדל רקס,,נוזל כלים אקולוגי פטל 500 מל פרוש,מיליליטרים,500.00,"100 מ""ל",false,1,16.90,3.3800,true,1,25513
4001499948817,false,נוזל כביסה אקולוגי צ,ארדל רקס,,נוזל כביסה אקולוגי צבעונית/כהה1.8לי פרוש,מיליליטרים,1800.00,"100 מ""ל",false,1,45.90,2.5500,true,1,49843
4001499954986,false,פרוש נוזל ניקוי אסלות על בסיס לימון 750,ארדל רקס,,נוזל לניקוי אסלות לימון 750מל אקולוגי,מיליליטרים,750.00,"100 מ""ל",false,1,18.90,2.5200,true,1,45452
4001499957598,false,מטהר אסלות פרוש בניחוח פטל,ארדל רקס,DE,סבון אסלה כדוריות פרוש בניחוח פטל,Unknown,0.00,Unknown,false,9,15.90,0.0000,true,1,50223
4001499957628,false,סבון אסלה כדוריות פר,ארדל רקס,DE,סבון אסלה כדוריות פרוש בניחוח לימון,Unknown,0.00,Unknown,false,9,15.90,0.0000,true,1,50224
4001499957659,false,מטהר אסלות פרוש בניחוח תה לבן,ארדל רקס,DE,סבון אסלה כדוריות פרוש תה לבן,Unknown,0.00,Unknown,false,9,15.90,0.0000,true,1,50225
4001499960178,false,פרוש נוזל לניקוי כלל,ארדל רקס,DE,נוזל ניקוי כללי אקולוגי בסיס חומץ טבעי1ל,ליטרים,1.00,ליטר,false,10,16.90,16.9000,true,1,49844
4001499960239,false,פרוש נוזל לכביסה מסי,ארדל רקס,,נוזל כביסה מסיר כתמים אקולוגי 1.8לי פרוש,מיליליטרים,1800.00,"100 מ""ל",false,1,45.90,2.5500,true,1,49842
4001499960246,false,נוזל לכביסה לבנה פרוש 1.8 ל,ארדל רקס,AT,נוזל כביסה לבנה 1.8ליטר אקולוגי פרוש,מיליליטרים,1800.00,"100 מ""ל",false,1,45.90,2.5500,true,1,50273
4001499960253,false,נוזל כביסה אקולוגי צ,ארדל רקס,,נוזל כביסה אקולוגי צבעונית/כהה1.8לי פרוש,מיליליטרים,1800.00,"100 מ""ל",false,1,45.90,2.5500,true,1,51649
4001507161948,false,קווקר פתיתי שיבולת שועל דקה 500 גר,פורטין מולנברקה ג'ב,DE,שבולת שועל דקה 500 גרם הכנה מהירה,גרמים,500.00,100 גרם,false,1,5.90,1.1800,true,1,16500
4001507161955,false,קווקר פתיתי שיבולת שועל עבה 500 גר,פורטין מולנברקה ג'ב,DE,שבולת שועל עבה 500 גרם הכנה מהירה,גרמים,500.00,100 גרם,false,1,5.90,1.1800,true,1,21231
4001518003800,false,מקלות פריכים עם פלפל ומלח 125ג' טורינוס,גריסון,DE,טורינוס מקלות פריכים פלפל שחור ומלח 125,גרמים,125.00,100 גרם,false,8,14.90,11.9200,true,1,38211
4001518106112,false,טורינוס מקלות פריכים עם רוזמרין 125 גרם,גריסון,DE,טורינוס מקלות פריכים רוזמרין 125 גרם,גרמים,125.00,100 גרם,false,8,14.90,11.9200,true,1,38212
4001686101148,false,הריבו - ליקריץ סלילים 200 גרם,Unknown,,סוכריות האריבו ליקריץ תקליט 200 גרם,גרמים,200.00,100 גרם,false,30,9.90,4.9500,true,1,48109
4001686324837,false,הריבו - גומי פירות מצופה סוכר 200 גרם,Unknown,DE,סוכריות הריבו סופר גורקו פירות 200 גרם,גרמים,200.00,100 גרם,false,18,9.90,4.9500,true,1,48106
4001686345337,false,הריבו - גומי בשילוב טעמים 200 גרם,Unknown,,סוכריות הריבו גרוניס פירות 200 גרם,גרמים,200.00,100 גרם,false,18,9.90,4.9500,true,1,48105
4001686359051,false,הריבו - ספגטי תפוח חמוץ 200 גרם,Unknown,GB,סוכריות הריבו ספגטי תפוח 200 גרם,גרמים,200.00,100 גרם,false,15,14.90,7.4500,true,1,48616
4002103250487,false,"בירה ארדינגר בהירה 500 מ""ל בקבוק",מבשלת ארדינגר ארדינג,DE,בירה ארדינגר כהה בק. 500 מל פיקדון,מיליליטרים,500.00,"100 מ""ל",false,1,12.90,2.5800,true,1,8954
4002103289449,false,בירה ארדינגר ללא אלכוהול 330 מל,ארדינגר,DE,בירה ארדינגר ללא אלכוהול 330 מל פיקדון,מיליליטרים,330.00,"100 מ""ל",false,1,7.90,2.3939,true,1,16787
4002448017684,false,"סיליט באנג ספריי ניקוי כללי מסיר אבנית 750 מ""ל",הדקלאים אגודת שיתופי,PL,ספריי להסרת אבנית סיליט באנג 750 מל,מיליליטרים,750.00,"100 מ""ל",false,1,13.90,1.8533,true,1,3697
4002448019480,false,"סיליט באנג מסיר שומנים רב שימושי 750 מ""ל",סיליט באנג Cillit Bang,PL,מסיר שומנים סיליט באנג 750 מל,מיליליטרים,750.00,"100 מ""ל",false,1,13.90,1.8533,true,1,4328
4002547176060,false,יין ריזלינג בסט נייב,,,יין ריזלינג בסט נייבורג 750 מל,מיליליטרים,750.00,"100 מ""ל",false,6,60.00,8.0000,true,1,50668
4002547176084,false,יין סוביניון בלאן בס,,,יין סוביניון בלאן בסט נייבורג 750 מל,מיליליטרים,750.00,"100 מ""ל",false,6,60.00,8.0000,true,1,50667
4002575016253,false,מרציפן מצופה שוקולד זנטיס 100 גרם,הדקלאים אגודת שיתופי,DE,מרציפן מצופה שוקולד 100 גר,גרמים,100.00,100 גרם,false,1,10.20,10.2000,true,1,1518
4002575520651,false,זנטיס מרציפן נוגט אגוזים מצופה שוק. 100ג,,DE,מרציפן זנטיס נוגט אגוזים מצופה 100גרם,גרמים,100.00,100 גרם,false,40,10.90,10.9000,true,1,45853
4002590000039,false,סוכריות בטעם פירות הדר קלפני 150 גרם,ליימן מותגים,,סוכריות קלפני הדרים 150 גרם,גרמים,150.00,100 גרם,false,1,10.00,6.6667,true,1,1520
4002590000046,false,סוכריות בטעם מנטה מרענן קלפני 150 גרם,ליימן מותגים,DE,סוכריות קלפני מרענן 150 גרם,גרמים,150.00,100 גרם,false,1,10.00,6.6667,true,1,1521
4002590000626,false,סוכריות קלפני דובדבן,ליימן מותגים,,סוכריות קלפני דובדבן 150 גרם,גרמים,150.00,100 גרם,false,1,10.00,6.6667,true,1,50239
4002590000633,false,קלפני סוכריות קשות בטעם פירות,ליימן מותגים,DE,סוכריות קלפני פירות 150 גרם,גרמים,150.00,100 גרם,false,1,10.00,6.6667,true,1,1522
4002590703541,false,קלפני סוכריות קשות בטעם תות,ליימן מותגים,DE,סוכריות קלפני תות 150 גרם,גרמים,150.00,100 גרם,false,1,10.00,6.6667,true,1,13602
4002603087767,false,אייסקונפקט סילנדר 800ג',,,בונבוניירה אייסקונפקט 800 גר,גרמים,800.00,100 גרם,false,1,39.90,4.9875,true,1,9458
4002603281585,false,בונבוניירה אייסקונפק,,,בונבוניירה אייסקונפקט 250 גר,גרמים,250.00,100 גרם,false,1,18.90,7.5600,true,1,9052
4002603282285,false,בונבוניירה אייסקונפק,,,בונבוניירה אייסקונפקט 500 גר,גרמים,500.00,100 גרם,false,1,37.90,7.5800,true,1,8217
4002631025069,false,בירה גרמנית קוניגסבכר Konigsbacher,קרלסברג יבוא יצוא,DE,בירה פילזנר קוניגסבכר 500 מל פחית,מיליליטרים,500.00,"100 מ""ל",false,1,7.90,1.5800,true,1,13158
4002720004371,false,קפה אספרסו קלוי וטחון 250 גרם BELLA CREMA,Melitta Kaffee GmbH,DE,קפה מליטה קלוי וטחון בלה קרמה 250 גר,גרמים,250.00,100 גרם,false,1,23.90,9.5600,true,1,7946
4002720005736,false,מליטה קפה לפילטר פרימיום 250 גרם,המאפיה של הרמן,DE,קפה מליטה לפילטר פריומיום 250 גר,גרמים,250.00,100 גרם,false,1,18.90,7.5600,true,1,4947
4002720008300,false,פולי קפה מליטה 1 קג,מליטה אירופה,DE,פולי קפה מליטה 1 קג 1000 גרם,קילוגרמים,1.00,"ק""ג",false,1,100.00,100.0000,true,1,5404
4002911138021,false,להבונים בשקית 100 יח,,,להבונים בשקית 100 יח,יחידה,100.00,יחידה,false,1,22.90,0.2290,true,1,13322
4003301084577,false,יין מייבאך ספאטבורגו,,DE,יין מייבאך ספאטבורגונד אדום 750 מל,מיליליטרים,750.00,"100 מ""ל",false,6,45.00,6.0000,true,1,42072
4003754236141,false,מרציפן מצופה שוקולד מריר 140 גרCARSTENS,אירסמי אנד קארסטנס,DE,מרציפן מצופה שוקולד מריר 140 גרם,גרמים,140.00,100 גרם,false,10,12.90,9.2143,true,1,46701
4004666107819,false,"מלרוד לניקוי וטיהור המזגן יעקבי 500 מ""ל",מלרוד,DE,מרסס לניקוי מזגנים 500מל,מיליליטרים,500.00,"100 מ""ל",false,6,24.90,4.9800,true,1,27851
4004666111656,false,"ג'ל פעיל להשמדת עובש 250 מ""ל מרלוד",מלרוד,DE,מלרוד גל להשמדת עובש 250מל,מיליליטרים,250.00,"100 מ""ל",false,6,29.90,11.9600,true,1,46673
4005500310105,false,"רוטב לתיבול מאגי 202 מ""ל",נסטלה,AT,רוטב מאגי לתיבול 202 מל,גרמים,202.00,100 גרם,false,24,19.90,9.8515,true,1,37780
4005563194025,false,"ליקר פידג' תאנים 700 מ""ל",,DE,ליקר פידג תאנים 700 מל פיקדון,מיליליטרים,700.00,"100 מ""ל",false,1,55.00,7.8571,true,1,4346
4005808128273,false,ג'ל רחצה לגבר אנרג'י עם תמציות מנטה בניחוח ממריץ,טרופיקל דגיל תעשיות,DE,גל רחצה ניוואה לגבר אנרגי שאוור 500מל,מיליליטרים,500.00,"100 מ""ל",false,1,15.90,3.1800,true,1,22789
4005808229390,false,ניוואה מן ג'ל רחצה לגבר קול 500מל,ניוואה Nivea,DE,גל רחצה ניוואה לגבר קול 500מל,מיליליטרים,500.00,"100 מ""ל",false,1,15.90,3.1800,true,1,22790
4005808366392,false,שפתון ליובש כחול קלאסי לבלו 48 גרם,טרופיקל דגיל תעשיות,IL,שפתון לבלו כחול בליסטר,יחידה,1.00,יחידה,false,1,11.90,11.9000,true,1,23852
4005808368280,false,שפתון ליובש דובדבן לבלו 48 גרם,טרופיקל דגיל תעשיות,DE,שפתון לבלו שרי ללא בליסטר,יחידה,1.00,יחידה,false,1,11.90,11.9000,true,1,23270
4005808406029,false,"ניוואה - תחליב רחצה סופט 750 מ""ל",ביירסדורף,DE,תחליב רחצה ניוואה 750מל סופט קרים,מיליליטרים,750.00,"100 מ""ל",false,1,15.90,2.1200,true,1,25381
4005808422999,false,ניוואה תחליב הגנה 200מל SPF30,טרופיקל דגיל תעשיות,DE,קרם הגנה ניוואה סאן פרוטקט 200מל 30,מיליליטרים,200.00,"100 מ""ל",false,12,39.90,19.9500,true,1,28042
4005808429882,false,"תחליב הגנה פרוטקט 200מ""ל SPF50 ניוואה",ביירסדורץ,DE,קרם הגנה ניוואה סאן פרוטקט 200מל 50,מיליליטרים,200.00,"100 מ""ל",false,12,44.90,22.4500,true,1,28043
4005808515554,false,ניוואה סופט קרם רב שימושי מרקם עדין 300מ,HELLAS BEIERSDORF,ES,קרם ניוואה רב שימושי סופט 300מל,גרמים,300.00,100 גרם,false,1,29.90,9.9667,true,1,49992
4005808698103,false,ניוואה תחליב גוף סמוד לעור יבש 500 מל,בטר אנד דיפרנט,DE,קרם גוף ניוואה סמוד 500מל,מיליליטרים,500.00,"100 מ""ל",false,1,21.90,4.3800,true,1,36134
4005808702107,false,ניוואה תחליב גוף לעור יבש מאד 500 מל,בטר אנד דיפרנט,DE,קרם גוף ניוואה לעור יבש 500מל,מיליליטרים,500.00,"100 מ""ל",false,1,21.90,4.3800,true,1,36133
4005808746996,false,"ניוואה - סאן פרוטקט אנד ריפרש 200 מ""ל 30SPF",ביירסדורף,DE,ספריי הגנה ניוואה סאן פרוטקט אנד ריפרש,מיליליטרים,200.00,"100 מ""ל",false,12,37.90,18.9500,true,1,38862
4005808813063,false,תחליב לחות לעור רגיש לאחר גילוח,בטר אנד דיפרנט,DE,תחליב לחות ניוואה לעור רגיש 100מל,מיליליטרים,100.00,"100 מ""ל",false,1,49.90,49.9000,true,1,22792
4005808817405,false,"ג'ל גילוח לעור רגיש ניוואה 200 מ""ל",פרוטרופיק סיה.,PL,גל גילוח ניוואה לעור רגיש 200מל,מיליליטרים,200.00,"100 מ""ל",false,1,16.90,8.4500,true,1,31525
4005808828838,false,"ניוואה - דאודורנט ספריי לגבר קול קיק 150 מ""ל",ניוואה Nivea,DE,דאודורנט ניוואה ספריי קול לגבר 150מל,מיליליטרים,150.00,"100 מ""ל",false,1,15.90,10.6000,true,1,33742
4005808837359,false,"ניוואה - דאודורנט רול און לאישה פרל אנד ביוטי 50 מ""ל",ביירסדורף AG,DE,דאודורנט ניוואה רול און פרל ביוטי לאישה,Unknown,0.00,Unknown,false,1,15.90,0.0000,true,1,33576
4005808850907,false,לבלו הידרו קר בליסטר 5.5מל,ביירסדורף,DE,שפתון לבלו הידרו קר,יחידה,1.00,יחידה,false,1,11.90,11.9000,true,1,35943
4005808856671,false,ניוואה תרסיס הגנה SPF50 לילדים 200מל,ביירסדורף,DE,ספריי הגנה ניוואה לילדים 200מל מקדם 50,מיליליטרים,200.00,"100 מ""ל",false,12,37.90,18.9500,true,1,38860
4005823013431,false,יין ריזלינג גוזפהופר,גרמניה רייכסגראף פון,,יין גוזפסהופר ריזלינג שפטלזה 750 מל,מיליליטרים,750.00,"100 מ""ל",false,1,130.00,17.3333,true,1,12689
4005900036476,false,"ניוואה - דאודורנט רול און לאישה בלק אנד וויט קליר 50 מ""ל",טרופיקל דגיל תעשיות,DE,דאודורנט ניוואה רול און בלק לאישה 50מל,Unknown,0.00,Unknown,false,1,15.90,0.0000,true,1,22783
4005900036483,false,"ניוואה - דאודורנט ספריי לגבר שקוף בלק וווי 150 מ""ל",בטר אנד דיפרנט,DE,דאודורנט ניוואה ספריי בלק אנד וויט 150מל,מיליליטרים,150.00,"100 מ""ל",false,1,15.90,10.6000,true,1,22773
4005900036506,false,"ניוואה - דאודורנט רול און לגבר שקוף בלק 50 מ""ל",טרופיקל דגיל תעשיות,DE,דאודורנט ניוואה רול און בלק אנד וייט50מל,Unknown,0.00,Unknown,false,1,15.90,0.0000,true,1,22776
4005900036568,false,ניוואה דאודורנט רולאון ספריי לאישה בלק אנד וויט 150 מ''ל,ביירסדורף AG,DE,דאודורנט ניוואה ספריי בלק אנד לאישה150מל,מיליליטרים,150.00,"100 מ""ל",false,1,15.90,10.6000,true,1,22780
4005900420220,false,"גל רחצה ניוואה פיור אימפקט לגבר 500 מ""ל",ניואה,DE,גל רחצה ניוואה לגבר פיור אימפקט 500מל,מיליליטרים,500.00,"100 מ""ל",false,1,15.90,3.1800,true,1,41187
4005900431776,false,לבלו שפתון וניל בליסטר,ביירסדורף,DE,שפתון לבלו וניל,יחידה,1.00,יחידה,false,1,11.90,11.9000,true,1,35942
4005900485243,false,"ניוואה - דאודורנט רול און לגבר דריי פרש 50 מ""ל",ביירסדורף,DE,דאודורנט ניוואה רול און דריי פרש 50מל,Unknown,0.00,Unknown,false,1,15.90,0.0000,true,1,31522
4005900494924,false,"ניוואה - דאודורנט ספריי לאישה דריי פרש אישה 150 מ""ל",ביירסדורף,DE,דאודורנט ניוואה פרש דריי לאישה 150מל,מיליליטרים,150.00,"100 מ""ל",false,1,15.90,10.6000,true,1,31519
4005900496461,false,"ניוואה תחליב לחות אפטר שייב דיפ לאחרי, 100 מ""ל",beiersdorf,DE,אפטר שייב ניוואה דיפ 100מל,מיליליטרים,100.00,"100 מ""ל",false,1,49.90,49.9000,true,1,31524
4005900513045,false,"ניוואה - דאודורנט ספריי לגבר דיפ 150 מ""ל",ביירסדורף,DE,דאודורנט ניוואה ספריי לגבר דיפ 150 מל,גרמים,150.00,100 גרם,false,1,15.90,10.6000,true,1,24849
4005900513069,false,"ניוואה - דאודורנט רול און לגבר דיפ 50 מ""ל",ביירסדורף,DE,דאודורנט ניוואה רול און דיפ 50מל,Unknown,0.00,Unknown,false,1,15.90,0.0000,true,1,24850
4005900521262,false,"ג'ל רחצה לגבר פיור אימפקט ניוואה 500 מ""ל",ביירסדורף,DE,גל רחצה ניוואה לגבר דיפ 500מל,מיליליטרים,500.00,"100 מ""ל",false,1,15.90,3.1800,true,1,24847
4005900542557,false,"ניוואה - דאודורנט רול און לאישה בלק אנד וויט 50 מ""ל",ניואה,DE,דאודורנט ניוואה רול און בלק אנד וייט50מל,Unknown,0.00,Unknown,false,1,15.90,0.0000,true,1,39070
4005900547316,false,"ניוואה - דאודורנט ספריי לאישה שקוף בלק וווי 150 מ""ל",בטר אנד דיפרנט,DE,דאודורנט ניוואה ספריי לאישה סילק 150מל,מיליליטרים,150.00,"100 מ""ל",false,1,15.90,10.6000,true,1,35947
4005900555915,false,"ניוואה - תחליב רחצה קוקוס וחוחובה 750 מ""ל",ביירסדורף AG,DE,תחליב רחצה ניוואה 750מל קוקוס,מיליליטרים,750.00,"100 מ""ל",false,1,15.90,2.1200,true,1,37648
4005900648181,false,"ניוואה - תחליב רחצה אלוורה 750 מ""ל",ביירסדורף AG,DE,תחליב רחצה ניוואה 750מל אלוורה,מיליליטרים,750.00,"100 מ""ל",false,1,15.90,2.1200,true,1,40389
4005900683878,false,לבלו סקראב שפתון פילינג אלוורה בליסטר,ביירסדורף,DE,שפתון לבלו אלוורה סקראב,יחידה,1.00,יחידה,false,1,11.90,11.9000,true,1,35940
4005900683908,false,לבלו סקראב שפתון פילינג רוז היפ בליסטר,ביירסדורף,DE,שפתון לבלו ווילד רוז סקראב,יחידה,1.00,יחידה,false,1,11.90,11.9000,true,1,35941
4005900730275,false,"ניוואה דאו ספריי לאשה בלק אנד וויט אימפקט 150 מ""ל",ביירסדורף AG,DE,דאו. ניוואה ספריי בלק אנד וייט אימפקט150,Unknown,0.00,Unknown,false,1,15.90,0.0000,true,1,50316
4005900730299,false,"ניוואה דאו רול און לאשה בלק אנד וויט אימפקט 50 מ""ל",ביירסדורף,DE,דאו. ניוואה רול און בלק אנד וייט אימפקט,Unknown,0.00,Unknown,false,1,15.90,0.0000,true,1,50314
4005900730336,false,"ניוואה דאו רול און לגבר בלק אנד וויט אימפקט 50 מ""ל",ביירסדורף,DE,דאו. ניוואה רול און בלק אנד וייט אימפקט,Unknown,0.00,Unknown,false,1,15.90,0.0000,true,1,50313
4005900816016,false,"ניוואה - דאודורנט ספריי לאישה פרש טבעי לאישה 150 מ""ל",טרופיקל דגיל תעשיות,DE,דאודורנט ניוואה ספריי פרש לאישה150מל,מיליליטרים,150.00,"100 מ""ל",false,1,15.90,10.6000,true,1,22781
4005900816108,false,"דאודורנט רול און לגבר אפקט היובש ניוואה 50 מ""ל",טרופיקל דגיל תעשיות,DE,דאודורנט ניוואה רול און יבש לגבר 50מל,Unknown,0.00,Unknown,false,1,15.90,0.0000,true,1,2177
4005900828088,false,"ניוואה - דאודורנט רול און לגבר פרש 50 מ""ל",טרופיקל דגיל תעשיות,DE,דאודורנט ניוואה רול און פרש לגבר 50מל,Unknown,0.00,Unknown,false,1,15.90,0.0000,true,1,22775
4005900833723,false,"ניוואה - פאוור פרש ג'ל רחצה לגבר 500 מ""ל",HELLAS BEIERSDORF,DE,גל רחצה ניוואה לגבר פאוור ריפרש 500מל,מיליליטרים,500.00,"100 מ""ל",false,1,15.90,3.1800,true,1,41188
4005900841148,false,"ניוואה מן ג'ל גילוח קול קיק פרש 200 מ""ל",ביירסדורף,DE,גל גילוח ניוואה מן קול קיק פרש 200מל,מיליליטרים,200.00,"100 מ""ל",false,1,16.90,8.4500,true,1,40953
4005900845702,false,"ניוואה - דאודורנט רול און לגבר קול קיק פרש 50 מ""ל",ביירסדורף,DE,דאודורנט ניוואה מן רול און קול פרש 50מל,Unknown,0.00,Unknown,false,1,15.90,0.0000,true,1,40705
4005900845733,false,"דאודורנט ספריי קול קיק פרש לגבר ניוואה מן 150 מ""ל",ביירסדורף,DE,דאודורנט ניוואה מן ספריי קול קיק פרש150,מיליליטרים,150.00,"100 מ""ל",false,1,15.90,10.6000,true,1,40704
4005900874931,false,"דאודורנט ספריי דיפ ביט לגבר 150 מ""ל ניוויה",ביירסדורף,DE,דאודורנט ניוואה ספריי דיפ ביט 150 מל,גרמים,150.00,100 גרם,false,1,15.90,10.6000,true,1,49144
4005900874962,false,"ניוואה - דאודורנט רול און לגבר דיפ בלק 50 מ""ל",ביירסדורף AG,DE,דאודורנט ניוואה רול און אקווה קול 50מל,Unknown,0.00,Unknown,false,1,15.90,0.0000,true,1,49145
4005900978950,false,לבלו - דובדבן שפתון לחות מטפח מהדורת נסיכות דיסני,ביירסדורף,DE,שפתון לבלו דיסני דובדבן אריאל,יחידה,1.00,יחידה,false,1,11.90,11.9000,true,1,50825
4005900978967,false,לבלו - וניל שפתון לחות מטפח מהדורת נסיכות דיסני,ביירסדורף,DE,שפתון לבלו דיסני וניל אלזה,יחידה,1.00,יחידה,false,1,11.90,11.9000,true,1,50826
4006298004009,false,"בירה טוכר הלס הפוויצן 500 מ""ל",מבשלת טוכר,DE,בירה טוכר הלס הפוויצן 500מל פקדון,מיליליטרים,500.00,"100 מ""ל",false,1,12.90,2.5800,true,1,10995
4006298014206,false,"בירה טוכר הלס הפוויצן פחית 500 מ""ל",מבשלת טוכר,DE,בירה טוכר חיטה 500מל פקדון,מיליליטרים,500.00,"100 מ""ל",false,24,11.90,2.3800,true,1,24837
4006298207912,false,סבאלדוס הלס הפוויצן,מבשלת טוכר,,בירה סבאלדוס 500מל פקדון,מיליליטרים,500.00,"100 מ""ל",false,1,12.90,2.5800,true,1,41063
4006387051785,false,כד קראף בריטה לסינון,סודה סטרים,DE,כד קראף בריטה לסינון מים,Unknown,0.00,Unknown,false,1,129.90,0.0000,true,1,17683
4006387084554,false,קנקן בריטה Marella לבן (כולל פילטר MAXTRA+),בריטה Brita,DE,קנקן בריטה מרלה לבן כולל פילטר מקסטרה,Unknown,0.00,Unknown,false,1,139.00,0.0000,true,1,22362
4006387084578,false,קנקן בריטה Marella כחול (כולל פילטר MAXTRA+),בריטה Brita,DE,קנקן בריטה מרלה כחול כולל פילטר מקסטרה,Unknown,0.00,Unknown,false,1,139.00,0.0000,true,1,22363
4006387085407,false,שלישיית פילטר מקסטרא סודהסטרים,סודה קלאב,DE,מארז 3יח פילטר מקסטרה פלוס לקנקן בריטה,יחידה,3.00,יחידה,false,1,139.00,46.3333,true,1,22364
4006387097370,false,קנקן סטייל+פילטר מקסטרא סודהסטרים,בריטה,DE,קנקן בריטה סטרטרפק סטייל+פילטר,Unknown,0.00,Unknown,false,1,169.00,0.0000,true,1,30985
4006508122134,false,מליטה נייר פילטר מספר 40 - 4יח,שוורצקוף& הנקל דיסלד,DE,נייר פילטר מס 4 מליטה 40 יח,יחידה,40.00,יחידה,false,1,12.50,0.3125,true,1,16954
4006508123094,false,מליטה נייר פילטר מספר 40 - 2יח,Melitta Kaffee GmbH,DE,נייר פילטר מס 2 מליטה40 יח,יחידה,40.00,יחידה,false,1,11.50,0.2875,true,1,16955
4006814000874,false,סנטה בודד עם כובע וכיס 200 גר WAWI,WAWI GROUP,DE,שוקולד סנטה כובע וכיס200 ג ואוי,גרמים,200.00,100 גרם,false,1,27.90,13.9500,true,1,24417
4007519050713,false,שקיות אשפה עם שרוך חזקות במיוחד 35 ליטר,פאלי Pely,DE,שקיות אשפה פלי 25יח לפח 35 ליטר,יחידה,25.00,יחידה,false,1,11.90,0.4760,true,1,14676
4007519050720,false,שקיות אשפה עם שרוך חזקות במיוחד 60 ליטר,פאלי Pely,DE,שקיות אשפה פלי 20יח לפח 60 ליטר,יחידה,20.00,יחידה,false,1,11.90,0.5950,true,1,14677
4007519050744,false,שקיות אשפה עם שרוך חזקות במיוחד 120 ליטר,פאלי Pely,DE,שקיות אשפה פלי 10יח לפח 120 ליטר,יחידה,10.00,יחידה,false,1,11.90,1.1900,true,1,14678
4007519086224,false,פלי שקיות אשפה ריחניות 20 ליטר 22 יח,וו.פלץ,DE,שקיות אשפה ריחניות פלי 22יח לפח 20 ליטר,יחידה,22.00,יחידה,false,1,12.90,0.5864,true,1,14679
4007519086248,false,פלי 20 שקיות אשפה ריחניות 35 ל,וו.פלץ,DE,שקיות אשפה ריחניות פלי 20יח לפח 35 ליטר,יחידה,20.00,יחידה,false,1,12.90,0.6450,true,1,14680
4007519086262,false,פלי שקיות אשפה ריחניות 22 יח 60 ל,וו.פלץ,DE,שקיות אשפה ריחניות פלי 16יח לפח 60 ליטר,יחידה,16.00,יחידה,false,1,12.90,0.8063,true,1,15115
4007745058804,false,מיונז אורגני נטורפוד340ג,אף.סי תבליני בגליל ב,DE,מיונז אורגני נטורפוד 340 גרם,מיליליטרים,340.00,"100 מ""ל",false,1,21.90,6.4412,true,1,16191
4007745058811,false,חרדל צרפתי חלק אורגני 200 גרם,נטורפוד,DE,חרדל צרפתי חלק אורגני 145 גרם,מיליליטרים,200.00,"100 מ""ל",false,1,13.90,6.9500,true,1,16189
4007745058828,false,חרדל צרפתי גרגרים אורגני 200 גרם,נטורפוד,DE,חרדל צרפתי גרגירים אורגני 145 גרם,מיליליטרים,200.00,"100 מ""ל",false,1,13.90,6.9500,true,1,16190
4007993032533,false,מאגדת גלידה טובלרון 4 יח 400 גר,,,מאגדת שלגון טובלרון על מקל 4יח,יחידה,4.00,יחידה,false,1,38.90,9.7250,true,1,50724
4008102002867,false,גרגירים להכנת תה לימון מילפורד 400 גרם,ליימן מותגים,DE,משקה גרגירים מילפורד לימון 400 גר,גרמים,400.00,100 גרם,false,1,15.90,3.9750,true,1,1526
4008287051032,false,בירה קרומבאכר פילס 0.50 ליטר פחית,מנדלז סי.אר. פרודקשן,DE,בירה קרומבאכר פילס 500מל פח.פקדון,מיליליטרים,500.00,"100 מ""ל",false,1,10.00,2.0000,true,1,39578
4008287058161,false,בירה קרומבאכר פילס 4.8% שישיה 6 * 330 מל,מנדלז סי.אר. פרודקשן,DE,מארז 6יח בירה קרומבאכר פילס 330מל בק.פקד,מיליליטרים,1980.00,"100 מ""ל",false,1,34.90,1.7626,true,1,39574
4008287762020,false,בירה קרומבאכר חיטה 0.50 ליטר בקבוק,קרומבכר בראורי,DE,בירה קרומבאכר חיטה 500מל בק.פקדון,מיליליטרים,500.00,"100 מ""ל",false,1,11.90,2.3800,true,1,8572
4008287905786,false,בירה קרומבאכר חיטה 5.3% פחית 500 מל,מנדלז סי.אר. פרודקשן,DE,בירה קרומבאכר חיטה 500מל פח.פקדון,מיליליטרים,500.00,"100 מ""ל",false,1,10.00,2.0000,true,1,39577
4008400102528,false,פררו-מון שרי פרליני דובדבן ליקר 157 גר,פררו,DE,פררו מון שרי פרלין דובדבן בליקר 157 גרם,גרמים,157.00,100 גרם,false,14,34.90,22.2293,true,1,51423
4008400203829,false,שוקולד קינדר סנטה 15,פררו,IT,שוקולד קינדר סנטה 150 גרם,גרמים,150.00,100 גרם,false,14,19.90,13.2667,true,1,51420
4008400511825,false,שוקולד קינדר בצורת סנטה קלאוס 110 גרם,פררו,IT,שוקולד קינדר סנטה 110 גרם,גרמים,110.00,100 גרם,false,14,22.90,20.8182,true,1,51422
4008500006337,false,"אוטן פמילי קייר סטיק 50מ""ל",אס.סי.ג'ונסון מידרכט,IT,אוטן אקטיב סטיק 50 מל,Unknown,0.00,Unknown,false,1,19.90,0.0000,true,1,3954
4009175182661,false,"פרוש מרכך כביסה אלוורה 750 מ""ל",ארדל רקס,,מרכך כביסה אקולוגי 750 מל אלוורה פרוש,מיליליטרים,750.00,"100 מ""ל",false,1,19.90,2.6533,true,1,50226
4009211007378,false,ראקסים אבקת קקאו פליפ-טופ 20% שומן 125 ג,,DE,קקאו ראקסים פליפ טופ 20% שומן 125 גרם,גרמים,125.00,100 גרם,false,12,8.90,7.1200,true,1,39216
4009211013423,false,מרציפן קרסטנס גולמי,,IT,מרציפן קרסטנס גולמי 400 גרם,גרמים,400.00,100 גרם,false,12,35.90,8.9750,true,1,51615
4009211113017,false,קקאו ראקסים 20% שומן,,DE,קקאו ראקסים 20% שומן 125 גרם,גרמים,125.00,100 גרם,false,12,8.90,7.1200,true,1,39215
4009300522935,false,תה ירוק פומפדור לימונית ולואיזה 20 יחידות,"איטיליאן פוד, אס.פי.",DE,תה פומפדור ירוק לימונית ולואיזה 20 יח,יחידה,20.00,יחידה,false,1,17.90,0.8950,true,1,6319
4009300522966,false,תה ירוק עם נענע פומפדור 20 יחידות,"איטיליאן פוד, אס.פי.",DE,תה פומפדור ירוק נענע 20 יח,יחידה,20.00,יחידה,false,1,17.90,0.8950,true,1,6320
4009300524588,false,חליטת צמחים פומפדור פירות יער 20 יחידות,פומפדור Pompadour,DE,תה פומפדור חליטת פירות יער 20 יח,יחידה,20.00,יחידה,false,1,14.90,0.7450,true,1,6978
4009300524625,false,תה צ'אי מסאלה פומפדור 20 יחידות,פומפדור Pompadour,DE,תה פומפדור צאי מסאלה 20 יח,יחידה,20.00,יחידה,false,1,14.90,0.7450,true,1,6979
4009300525011,false,פומפידור תה ירוק עם תפוז וג'ינגר 25 שקיקים,"איטיליאן פוד, אס.פי.",DE,תה פומפדור ירוק תפוז גינגר 20 יח,יחידה,20.00,יחידה,false,1,17.90,0.8950,true,1,8619
4009300525684,false,חליטת צמחים פומפדור ג'ינג'ר ולימון 20 יחידות,פומפדור Pompadour,DE,תה פומפדור לימון גינגר 20 יח,יחידה,20.00,יחידה,false,1,14.90,0.7450,true,1,9688
4009300526438,false,תה ירוק פומפדור קלאסי 20 יחידות,"איטיליאן פוד, אס.פי.",DE,תה פומפדור ירוק קלאסי 20 יח,יחידה,20.00,יחידה,false,1,17.90,0.8950,true,1,12434
4009300527497,false,פומפדור חליטת צמחים מנטה לימון 30 ג',TEEKANNE- POMPADOU,,תה פומפדור מנטה לימון 20 יח,יחידה,20.00,יחידה,false,1,14.90,0.7450,true,1,16946
4009300527909,false,חליטת צמחים ג'ינג'ר כורכום ללא קפאין,פומפדור Pompadour,DE,תה פומפדור גינגר כורכום 20 יח,יחידה,20.00,יחידה,false,1,14.90,0.7450,true,1,20959
4009300528821,false,תה ירוק פומפדור ג'ינגר וקינמון 20 יחידות,פומפדור Pompadour,DE,תה פומפדור ירוק גינגר קינמון 20 יח,יחידה,20.00,יחידה,false,1,17.90,0.8950,true,1,28123
4009300528845,false,תה ירוק פומפדור לימונית ודבש 20 יחידות,פומפדור Pompadour,DE,תה פומפדור ירוק לימונית דבש 20 יח,יחידה,20.00,יחידה,false,1,17.90,0.8950,true,1,28122
4009300529514,false,תה חליטת פומפדור פירות אוכמניות 20 יח,TEEKANNE- POMPADOU,DE,תה פומפדור חליטת פירות אוכמניות 20 יח,יחידה,20.00,יחידה,false,10,14.90,0.7450,true,1,49247
4009300529538,false,תה חליטת פומפדור פירות לימון 20 יח,TEEKANNE- POMPADOU,DE,תה פומפדור חליטת פירות לימון 20 יח,יחידה,20.00,יחידה,false,10,14.90,0.7450,true,1,49245
4009300529552,false,תה חליטת פומפדור פירות אפרסק 20 יח,TEEKANNE- POMPADOU,DE,תה פומפדור חליטת פירות אפרסק 20 יח,יחידה,20.00,יחידה,false,10,14.90,0.7450,true,1,49246
4009300529576,false,תה חליטת פומפדור פירות רימונים 20 יח,TEEKANNE- POMPADOU,DE,תה פומפדור רימונים 20 יח,יחידה,20.00,יחידה,false,10,14.90,0.7450,true,1,40911
4009300529613,false,"חליטת צמחים אורגנית עם קמומיל, מליסה ויערת דבש","איטיליאן פוד, אס.פי.",DE,תה פומפדור קאלם אנד רילקס 20 שק אורגני,יחידה,20.00,יחידה,false,12,17.90,0.8950,true,1,38833
4009300529699,false,"חליטת צמחים אורגנית עם מאטה, נענע וגרידת לימון","איטיליאן פוד, אס.פי.",DE,תה פומפדור סטארט יור דיי 20 שק אורגני,יחידה,20.00,יחידה,false,12,17.90,0.8950,true,1,38832
4009300530107,false,פומפדור חליטה קרה בטעם תות שדה ותפוז 45 גרם,פומפדור,DE,חליטת פומפדור קרה טעם תות ותפוז 18 יח,יחידה,18.00,יחידה,false,1,14.90,0.8278,true,1,39387
4009300530121,false,חליטה קרה בטעמי אפרסק ופסיפלורה פומפדור 45 ג',טיקנה,DE,חליטת פומפדור קרה אפרסק פסיפלורה 18 יח,יחידה,18.00,יחידה,false,1,14.90,0.8278,true,1,39389
4009300530145,false,חליטה קרה בטעמי מוחיטו ופירות יער פומפדור 45 ג',פומפדור,DE,חליטת פומפדור קרה טעם פירות יער מו 18 יח,יחידה,18.00,יחידה,false,1,14.90,0.8278,true,1,39388
4009300595120,false,חליטת צמחים פומפדור ג'ינג'ר מנגו 20 יחידות,TEEKANNE- POMPADOU,DE,תה פומפדור גינגר מנגו 20 יח,יחידה,20.00,יחידה,false,1,14.90,0.7450,true,1,34562
4009309022399,false,כרוב כבוש אורגני 670 גרם,נטורפוד,DE,כרוב כבוש אורגני נטורפוד 700גרם,מיליליטרים,700.00,"100 מ""ל",false,1,15.90,2.2714,true,1,16195
4009309114346,false,מלפפונים אורגניים בחומץ ללא סוכר – נטורפוד,נטורפוד,DE,מלפפון בחומץ אורגני נטורפוד 670גרם,מיליליטרים,670.00,"100 מ""ל",false,1,20.00,2.9851,true,1,16194
4009309114407,false,נטורפוד מלפפון כבוש אורגני 670 גרם,נטורפוד,DE,מלפפון כבוש אורגני נטורפוד 670גרם,מיליליטרים,670.00,"100 מ""ל",false,1,18.90,2.8209,true,1,16193
4009309456453,false,שימורי סלק אדום אורגני נטורפוד 670 גר,נטורפוד,DE,סלק אדום אורגני נטורפוד 670גרם,מיליליטרים,670.00,"100 מ""ל",false,1,15.00,2.2388,true,1,16192
4009309740422,false,רסק תפוחים אורגני – נטורפוד 700 גרם,נטורפוד,DE,רסק תפוחים 700 גרם,גרמים,700.00,100 גרם,false,6,17.90,2.5571,true,1,28796
4009309742426,false,רסק תפוחים ומנגו אורגני ללא תוספת סוכר,נטורפוד,DE,רסק תפוח מנגו אורגני 700 גר,גרמים,700.00,100 גרם,false,12,17.90,2.5571,true,1,28797
4009900379564,false,מסטיק הובה בובה Hubba Bubba טייפ בטעם פירות,הובה בובה Hubba Bubba,GB,מסטיק הובה בובה טייפ פירות 56 גר,Unknown,0.00,Unknown,false,1,6.90,0.0000,true,1,34147
4009900402965,false,אורביט וויט בטעם פירות בקבוקון 46מלבניות,ריגלי פולין,PL,מסטיק אורביט וויט טעם פירות 64 גר,Unknown,0.00,Unknown,false,1,10.00,0.0000,true,1,34150
4009900403023,false,אורביט וויט בטעם מנטה בקבוקון 46 מלבניות,"ב.א מזון בע""מ",PL,מסטיק אורביט וויט טעם מנטה 64 גר,Unknown,0.00,Unknown,false,1,10.00,0.0000,true,1,34149
4009900406918,false,מסטיק הובה בובה טייפ טריפל מיקס 56ג',הובה בובה Hubba Bubba,GB,מסטיק הובה בובה טייפ טריפל מיקס 56 גר,Unknown,0.00,Unknown,false,1,6.90,0.0000,true,1,34148
4009900420129,false,מסטיק אורביט פרופשנל פפרמינט בקבוקון 64 גר',מרס נדרלנד,PL,מסטיק אורביט פרופשונל ספירמינט,Unknown,0.00,Unknown,false,1,10.00,0.0000,true,1,34156
4009900455299,false,"סוכרית ג'לי אדומה 174 גרם ""סקיטלס""",ריגלי ממתקים,CZ,סוכריות סקיטלס פירות 174 גר,גרמים,174.00,100 גרם,false,1,8.90,5.1149,true,1,34153
4009900465304,false,סוכריות סקיטלס פירות חמוצים 174 גרם,ריגלי ממתקים,CZ,סוכריות סקיטלס חמוצים 174 גר,גרמים,174.00,100 גרם,false,1,8.90,5.1149,true,1,34154
4009900479998,false,אורביט וויט אוכמניות בקבוקון 46 מלבניות,ריגלי פולין,PL,מסטיק אורביט אוכמניות 64 גר,Unknown,0.00,Unknown,false,1,10.00,0.0000,true,1,34184
4009900482417,false,מסטיק אורביט פירות מנטה בקבוקון באבל מינט 45יח,ריגלי פולין,PL,מסטיק אורביט וויט באבל מינט 64 גר,Unknown,0.00,Unknown,false,1,10.00,0.0000,true,1,34180
4009900483803,false,מסטיק איירובס מנטה אקליפטוס בקבוקון 60יח',איירוויבס Airwaves,PL,מסטיק אורביט מנטה אקליפטוס 60 יח,Unknown,0.00,Unknown,false,1,13.90,0.0000,true,1,34196
4009900484060,false,מסטיק אורביט פרופשיונל בטעם מנטה ללא סוכר,ריגלי פולין,PL,אורביט פרופשיונל פפרימנט60יח 84 גר,Unknown,0.00,Unknown,false,1,13.90,0.0000,true,1,34181
4009900484305,false,מסטיק אורביט פרופשיונל סוויטמינט ביגי לבן 60יח',אורביט Orbit,GB,אורביט פרופשיונל סוויטמינט 60יח 84 גר,Unknown,0.00,Unknown,false,1,13.90,0.0000,true,1,34183
4009900491044,false,מסטיק איירובס אוכמניות בקבוקון 60יח',איירוויבס Airwaves,PL,מסטיק אורביט אירוובס אוכמניות 60 יח,Unknown,0.00,Unknown,false,1,13.90,0.0000,true,1,34197
4009900500166,false,סוכריות פירות אדום סקיטלס בקבוקון 125ג',ריגלי ממתקים,CZ,סוכריות סקיטלס 125 גר,גרמים,125.00,100 גרם,false,1,8.90,7.1200,true,1,34200
4009900509770,false,אורביט באריזת בקבוק בטעם תות 60 יח',אורביט Orbit,GB,אורביט תות בקבוק 60 יח,Unknown,0.00,Unknown,false,1,13.90,0.0000,true,1,34195
4009900531122,false,"מסטיק בטעם מנטה ספירמינט, 64 ג' פרופשיונל אורפיט",מרס נדרלנד,PL,מסטיק אורביט פרופשונל ספירמינט,Unknown,0.00,Unknown,false,1,10.00,0.0000,true,1,34189
4009900531573,false,סוכריות סקיטלס סמודיס בטעמי יוגורט ופירות,סקיטלס Skittles,CZ,סוכריות סקיטלס סמודיס 174 גר,גרמים,174.00,100 גרם,false,1,8.90,5.1149,true,1,34205
4009900534581,false,איירוויבס בקבוקון דובדבן ומנטה 46 מלבני,Unknown,IL,מסטיק איירוויבז טעם דובדבן,Unknown,0.00,Unknown,false,1,10.00,0.0000,true,1,34744
4009900534611,false,מסטיק איירוויבז בקבוקון בטעם מלון ומנטה,ריגלי,IL,מסטיק איירוויבז מלון מנטה בקבוק,Unknown,0.00,Unknown,false,1,10.00,0.0000,true,1,34198
4009900534918,false,סקיטלס גאיינט פירות 141 גרם,ריגלי,CZ,סוכריות סקיטלס ענקיות פירות 141 גר,גרמים,141.00,100 גרם,false,1,8.90,6.3121,true,1,39390
4009900535519,false,מסטיק אורביט רפרשרס ספירמינט ללא סוכר 15.6גר',אורביט,PL,מסטיק אורביט רפרשרס ספירמינט אישי,Unknown,0.00,Unknown,false,16,3.90,0.0000,true,1,37840
4009900535540,false,מסטיק אורביט רפרשרס פפרמינט ללא סוכר 15.6גר',אורביט,PL,מסטיק אורביט רפרשרס פפירמינט אישי,Unknown,0.00,Unknown,false,16,3.90,0.0000,true,1,37841
4009900535823,false,מסטיק אורביט רפרשרס באבלמינט ללא סוכר 15.6גר',אורביט,PL,מסטיק אורביט רפרשרס באבלמינט אישי,Unknown,0.00,Unknown,false,16,3.90,0.0000,true,1,37842
4009900536288,false,מסטיק אורביט רפרשרס פפרמינט בקבוקון ללא סוכר 67 גר',מרס ריגלי קונפקשונרי,PL,מסטיק אורביט רפרשרס פפירמנט בקבוקון 67 ג,Unknown,0.00,Unknown,false,6,11.90,0.0000,true,1,37838
4009900536486,false,מסטיק אורביט רפרשרס באבלמינט בקבוקון ללא סוכר 67 גר',מרס ריגלי קונפקשונרי,PL,מסטיק אורביט רפרשרס באבלמינט בקבוקון67 ג,Unknown,0.00,Unknown,false,6,11.90,0.0000,true,1,37839
4009900539340,false,סוכריות סקיטלס ג'יינט סאוור 141 גרם,מרס ריגלי קונפקשונרי,CZ,סוכריות סקיטלס ענקיות חמוצות 141 גר,גרמים,141.00,100 גרם,false,1,8.90,6.3121,true,1,46653
4009900539401,false,מסטיק פייב באונס בטעם מנטה HP,Unknown,PL,מסטיק פייב באונס מנטה 14.4 גרם,Unknown,0.00,Unknown,false,16,3.90,0.0000,true,1,48244
4009900539432,false,מסטיק פייב באונס בטעם אבטיח HP,Unknown,PL,מסטיק פייב באונס אבטיח 14.4 גרם,Unknown,0.00,Unknown,false,16,3.90,0.0000,true,1,48245
4009900539685,false,"מסטיק פייב באונס בטעם מנטה בקבוקון, 61.8 גרם",ריגלי בעמ רוסיה,PL,מסטיק פייב באונס מנטה בקבוקון 61.8 גרם,Unknown,0.00,Unknown,false,6,11.90,0.0000,true,1,48242
4009900539746,false,"מסטיק פייב באונס בטעם אבטיח בקבוקון, 61.8 גרם",ריגלי בעמ רוסיה,PL,מסטיק פייב באונס אבטיח בקבוקון 61.8 גרם,Unknown,0.00,Unknown,false,6,11.90,0.0000,true,1,48243
4009900540551,false,מסטיק אורביט רפרשרס טרופיקל בקבוקון ללא סוכר,מרס פולין,PL,מסטיק אורביט רפרשרס טרופיקל 67 ג,Unknown,0.00,Unknown,false,6,11.90,0.0000,true,1,47278
4011800528416,false,קורני חטיף דגנים עם בוטנים מתוק-מלוח*6,שוורטאוור וורקה,DE,חטיף קורני ביס מתוק מלוח 6 יח 150 גרם,גרמים,150.00,100 גרם,false,1,11.90,7.9333,true,1,31025
4011800567613,false,מאגדת קורני מילק דרק & ואיט 120 גרם,מיוצר עי קונדיטוריית,DE,חטיף קורני שוקוו וניל 4 יח 120 גר,גרמים,120.00,100 גרם,false,1,11.90,9.9167,true,1,12186
4011800568610,false,מארז רביעיית קורני בטעם קלאסי,שוורטאוור וורקה,DE,חטיף קורני סנדוויץ קרם חלב4יח 120ג,גרמים,120.00,100 גרם,false,1,11.90,9.9167,true,1,12185
4011800577810,false,מאגדת קורני פרי נוגט 6*20 גרם,Schwartauer,DE,חטיף קורני פרי נוגט 6 יח 150 גר,גרמים,150.00,100 גרם,false,10,11.90,7.9333,true,1,45682
4011800628512,false,חטיף קורני שוקולד חלב 6 יח 150 גר,מיוצר עי קונדיטוריית,DE,חטיף קורני שוקולד חלב 6 יח 150 גר,גרמים,150.00,100 גרם,false,1,11.90,7.9333,true,1,11722
4011800629519,false,"מארז חטיפי דגנים אגוזים ""קורני""",שוורטאוור וורקה,DE,חטיף קורני עם אגוזים 6 יח 150 גר,גרמים,150.00,100 גרם,false,1,11.90,7.9333,true,1,11726
4011800630515,false,חטיף קורני שוקולד חלב ובננה 6 יח 150 גר,מיוצר עי קונדיטוריית,DE,חטיף קורני שוק.חלב בננה 6 יח 150 גר,גרמים,150.00,100 גרם,false,1,11.90,7.9333,true,1,11723
4011800632519,false,"מארז חטיפי שוקולד חלב וקוקוס ""קורני""",מיוצר עי קונדיטוריית,DE,חטיף קורני קוקוס שוק.חלב 6 יח 150 גר,גרמים,150.00,100 גרם,false,1,11.90,7.9333,true,1,11725
4011800633516,false,קורני שוקולד מריר מעולה 58% קקאו 6*1,שוורטאוור וורקה,DE,חטיף קורני שוקולד מריר 6 יח 138גר,גרמים,138.00,100 גרם,false,1,11.90,8.6232,true,1,11724
4011800635510,false,חטיף קורני Corny Free עם אגוזי לוז ללא תוספת סוכר,קורני Corny,DE,חטיף קורני פרי אגוז שקד6 יח 120ג,גרמים,120.00,100 גרם,false,1,11.90,9.9167,true,1,11729
4011800636517,false,קורני פרי שוקולד חלב מעולה ללא סוכר 6*1,מיוצר עי קונדיטוריית,DE,חטיף קורני פרי שוקולד חלב6 יח 120ג,גרמים,120.00,100 גרם,false,1,11.90,9.9167,true,1,11727
4011800637514,false,חטיף קורני Corny Free עם שוקולד לבן ללא תוספת סוכר,קורני Corny,DE,חטיף קורני פרי שוקולד לבן 6יח 120ג,גרמים,120.00,100 גרם,false,1,11.90,9.9167,true,1,11728
4012273123009,false,נטרוגינה קרם ידיים 50 מל הסדרה הנורבגית,גונסון אנד גונסון,FR,קרם ידיים ניוטרוגינה נורבגית 50מל,Unknown,0.00,Unknown,false,1,25.90,0.0000,true,1,37695
4013092000717,false,"באד אפל - ליקר תפוחים 41% 700 מ""ל",,DE,ליקר תפוחים באד אפפל 700 מל פיקדון,מיליליטרים,700.00,"100 מ""ל",false,1,99.90,14.2714,true,1,7377
4013197766976,false,סוכריות קוונדיש תפוז 200ג' (9),(EITAN (CHOCOTRADE,DE,סוכריות טעם תפוז בפחית 200 גר,גרמים,200.00,100 גרם,false,1,10.90,5.4500,true,1,7416
4013197767010,false,קבנדיש סוכריות בפחית בטעם פירות,(EITAN (CHOCOTRADE,DE,סוכריות טעם פירות בפחית 200 גר,גרמים,200.00,100 גרם,false,1,10.90,5.4500,true,1,7413
4013197767027,false,סוכריות קשות בטעם דובדבן,(EITAN (CHOCOTRADE,DE,סוכריות טעם דובדבן בפחית 200 גר,גרמים,200.00,100 גרם,false,1,10.90,5.4500,true,1,7414
4013197767034,false,סוכריות קשות בטעם לימון,(EITAN (CHOCOTRADE,DE,סוכריות טעם לימון בפחית 200 גר,גרמים,200.00,100 גרם,false,1,10.90,5.4500,true,1,7417
4013197767119,false,סוכריות קוודיש-מנטה200גר,(EITAN (CHOCOTRADE,DE,סוכריות טעם מנטה קליר בפחית 200 גר,גרמים,200.00,100 גרם,false,1,10.90,5.4500,true,1,7415
4013227013391,false,משקה כהלי קרם אוטום כשר,קרם אוטום Autumn cream,NL,ליקר אוטום קרים 700 מל פקדון,מיליליטרים,700.00,"100 מ""ל",false,1,50.00,7.1429,true,1,10410
4013227013414,false,פינה קולדה Surfers pina colada,קוימנס רויאל,NL,ליקר פינה קולדה 70 750 מל פיקדון,מיליליטרים,750.00,"100 מ""ל",false,1,45.00,6.0000,true,1,10409
4013231000165,false,יין אורבנס הוף ריזלי,ניק וויס,,יין אורבנס הוף ריזלינג טרוקן 750 מל,מיליליטרים,750.00,"100 מ""ל",false,1,100.00,13.3333,true,1,17543
4014086024245,false,בירה גרלסבורג חיטה מעוננת לא מסוננת 500,קוניגסבכר,DE,בירה חיטה גרלסבורג 500 מל פחית צהוב,מיליליטרים,500.00,"100 מ""ל",false,1,7.90,1.5800,true,1,13159
4014400900217,false,בונבונריית מרסי מבחר ממתקי שוקולד 400 גרם,קריניציה ויטמינה אס,DE,בונבוניירה מרסי 400 גרם,גרמים,400.00,100 גרם,false,1,42.90,10.7250,true,1,2911
4014400901191,false,בונבונריית מרסי מבחר ממתקי שוקולד 250 גרם,ליימן מותגים,DE,בונבוניירה מרסי 250 גרם,גרמים,250.00,100 גרם,false,1,22.90,9.1600,true,1,2019
4014400901405,false,בונבונריית מרסי מבחר ממתקי שוקולד חלב 250 גרם,קריניציה ויטמינה אס,DE,בונבוניירה מרסי חלב 250 גרם,גרמים,250.00,100 גרם,false,1,22.90,9.1600,true,1,4601
4014400901412,false,בונבוניירה שוקולד מריר מרסי 250 גרם,תות ממתקי איכות,DE,בונבוניירה מרסי מריר 250 גרם,גרמים,250.00,100 גרם,false,1,22.90,9.1600,true,1,4602
4014400901788,false,"סוכריות חמאה ורטר 1 ק""ג",שטורק,DE,סוכריות וורטר 1 קג בשקית,גרמים,135.00,100 גרם,false,6,29.90,22.1481,true,1,51486
4014400903409,false,בונבוניירה שוקולד אגוזים טופיפי 250 גרם,קריניציה ויטמינה אס,DE,בונבוניירה טופיפי 250 גרם,גרמים,250.00,100 גרם,false,1,22.90,9.1600,true,1,1528
4014400904277,false,סוכריות בטעם מנטה אייס פרש סטורק 425 גרם,תות ממתקי איכות,DE,סוכריות אייס פרש 425 ג שקית,גרמים,425.00,100 גרם,false,1,15.90,3.7412,true,1,3156
4014400904307,false,סוכריות בטעם פירות קליפורניה סטורק 425 גרם,קריניציה ויטמינה אס,DE,סוכריות קליפורניה 425 ג שקית,גרמים,425.00,100 גרם,false,1,15.90,3.7412,true,1,2313
4014400904376,false,סוכריות טופי בטעם שוקולד סטורק 325 גרם,קריניציה ויטמינה אס,DE,סוכריות שוקולדן 325 ג שקית,גרמים,325.00,100 גרם,false,1,15.90,4.8923,true,1,1529
4014400904390,false,סוכריות טופי ממולא חלב סטורק 325 גרם,קריניציה ויטמינה אס,DE,סוכריות וולמיש 325 ג שקית,גרמים,325.00,100 גרם,false,1,15.90,4.8923,true,1,1530
4014400907902,false,"וורטרס אורגינל סוכריות חמאה ללא סוכר בקופסה
42 גרם",תות ממתקי איכות,DE,סוכ.וורטר ללא סוכר 42 גר בקופסא,Unknown,0.00,Unknown,false,1,6.90,0.0000,true,1,7664
4014400909692,false,וורטרס אורגינל סוכריות חמאה ללא סוכר בטעם קפוצי'ינו בקופסה 42 גרם,קריניציה ויטמינה אס,DE,סוכ.וורטר קפה ללא סוכר 42 גר בקופסא,Unknown,0.00,Unknown,false,1,6.90,0.0000,true,1,9107
4014400910063,false,סוכריות חמאה וורטרס אורגינל 135 גרם,וורטר'ס אורגינל,DE,סוכריות וורטר 135 גר בשקית,גרמים,135.00,100 גרם,false,1,8.90,6.5926,true,1,7686
4014400913910,false,וורטרס אורגינל סוכריות חמאה ממולאות קרם קרמל בשקית,תות ממתקי איכות,DE,סוכריות וורטר מילוי קרמל 125גר שקית,גרמים,125.00,100 גרם,false,1,8.90,7.1200,true,1,12223
4014400914245,false,טבלת מרסי שוקולד חלב מעולה 100 גרם,שטורק,DE,שוקולד מרסי חלב מעולה 100 גרם,גרמים,100.00,100 גרם,false,15,10.90,10.9000,true,1,15382
4014400914252,false,טבלת שוקולד חלב ממולא אגוזים מרסי 100 ג',שטורק,DE,שוקולד מרסי עם אגוזים 100 גרם,גרמים,100.00,100 גרם,false,15,10.90,10.9000,true,1,15388
4014400914269,false,מרסי שוקולד חלב עם קפה ושוקול לבן 100 גר,שטורק,DE,שוקולד מרסי קרם קפה 100 גרם,גרמים,100.00,100 גרם,false,15,10.90,10.9000,true,1,39770
4014400914276,false,טבלת מרסי שוקולד מריר מעולה 100 גרם,שטורק,DE,שוקולד מרסי 72% מריר 100 גרם,גרמים,100.00,100 גרם,false,15,10.90,10.9000,true,1,15383
4014400914696,false,וורטרס אורגינל סוכריות ללא סוכר 80 גרם,ליימן מותגים,DE,סוכריות וורטר ללא סוכר 80גר בשקית,גרמים,80.00,100 גרם,false,1,9.90,12.3750,true,1,8001
4014400914924,false,"סוכריות בטעם קפה וורטר אורגינל לל""ס 80 גרם",קריניציה ויטמינה אס,DE,סוכריות וורטר קפה ללא סוכר 80גר בשקית,גרמים,80.00,100 גרם,false,1,9.90,12.3750,true,1,7992
4014400916744,false,טבלת מרסי שוקולד מריר מעולה מרציפן 100 ג,שטורק,DE,שוקולד מרסי ממולא מרציפן 100 גרם,גרמים,112.00,100 גרם,false,15,10.90,9.7321,true,1,15387
4014400920857,false,וורטר אורגינל ללא סוכר בטעם שוקולד-שקית 70 גרם,קריניציה ויטמינה אס,DE,סוכריות וורטר שוקולד ל.סוכר70גר,Unknown,0.00,Unknown,false,1,9.90,0.0000,true,1,13603
4014400923711,false,בונבוניירה שוקולד אגוזים טופיפי 125 גרם,ליימן מותגים,DE,בונבוניירה טופיפי 125 גרם,גרמים,125.00,100 גרם,false,1,12.90,10.3200,true,1,17923
4014400925265,false,טבלת שוקולד תפוז ושקד מרסי 100 ג',שטורק,DE,שוקולד מרסי תפוז שקד 100 גרם,גרמים,100.00,100 גרם,false,15,10.90,10.9000,true,1,45537
4014400925319,false,וורטרס אורגינל פופקורן קרמל 140 גרם,וורטרס Werther's,DE,פופקורן וורטר עם קרמל 140 גרם,גרמים,140.00,100 גרם,false,12,15.90,11.3571,true,1,34102
4014400929010,false,וופל מיני קנופרס 200 גר 10 גר*20 יחידות,אוגוסט שטורק,DE,וופל מימי קנופרס אישי 200 גרם 20 יח,גרמים,200.00,100 גרם,false,12,19.90,9.9500,true,1,48391
4014400931327,false,וורטר פופקורן קרמל עם תערובת גרעינים 140 גרם,וורטרס Werther's,DE,פופקורן וורטר עם קרמל וגרעינים 140 גרם,גרמים,140.00,100 גרם,false,12,15.90,11.3571,true,1,47571
4014522120104,false,"בודטה סוכריות פירות מולטיויטמין לל""ס 100 גרם",,DE,סוכריות טעם פירות ללא סוכר בודטה 100גר,גרמים,100.00,100 גרם,false,18,8.90,8.9000,true,1,30945
4014522120203,false,"בודטה סוכריות בטעם דובדבן לל""ס 100 גרם",,DE,סוכריות טעם דובדבן ללא סוכר בודטה 100גר,גרמים,100.00,100 גרם,false,18,8.90,8.9000,true,1,30946
4014522120302,false,בודטה סוכריות בטעם מנטה ללא סוכר 100 גרם,,DE,סוכריות טעם מנטה ללא סוכר בודטה 100גר,גרמים,100.00,100 גרם,false,18,8.90,8.9000,true,1,30947
4014600397633,false,וולמינט -פוקט סוכריות ללא סוכר מנטה 20 ג,רגולדס ג'י.אמ.בי.איי,DE,סוכריות וולמינט מנטה ל.ס 20 גר,Unknown,0.00,Unknown,false,1,7.90,0.0000,true,1,20326
4015000031394,false,"ספטיל - משחה להסרת כתמים 200 מ""ל",קריות זול,HU,ספטיל שפורפרת להסרת כתמים,Unknown,0.00,Unknown,false,1,15.90,0.0000,true,1,1531
4015000280211,false,"פה - דאודורנט רול און לאישה קאריביין לימון 50 מ""ל",שוורצקופף והנקל,DE,דאו פה רול און קאריבן לימון ירוק 50 מל,מיליליטרים,50.00,"100 מ""ל",false,1,8.90,17.8000,true,1,1532
4015000280372,false,"דאודורנט רול און בניחוח לימון פה 50 מ""ל",שוורצקופף והנקל,DE,דאו פה רול און ספורט כחול 50 מל,מיליליטרים,50.00,"100 מ""ל",false,1,11.90,23.8000,true,1,1533
4015000519915,false,"פה - דאודורנט ספריי לאישה פינק פרדייס 200 מ""ל",שוורצקופף והנקל,TR,דאו פה ספריי ספייסי פינק פראדיס 200 מל,מיליליטרים,200.00,"100 מ""ל",false,1,11.90,5.9500,true,1,4875
4015000537049,false,"גליס מרכך ומשקם לשיער אקספרס שוורצקוף 200 מ""ל",שוורצקוף,SI,מרכך גליס אקספרס שיקום עמוק 200 מל,מיליליטרים,200.00,"100 מ""ל",false,1,24.90,12.4500,true,1,6433
4015000615884,false,"פה - דאודורנט ספריי לאישה קריביין לימון 200 מ""ל",שוורצקופף והנקל,DE,דאו פה ספריי קריביאן לימון 200 מל,מיליליטרים,200.00,"100 מ""ל",false,1,11.90,5.9500,true,1,1534
4015000615891,false,"פה - דאודורנט ספריי לאישה אקווה 200 מ""ל",שוורצקופף והנקל,DE,דאו פה ספריי כחול 200 מל,מיליליטרים,200.00,"100 מ""ל",false,1,11.90,5.9500,true,1,1535
4015000615921,false,"פה - דאודורנט ספריי לגבר ספורט 200 מ""ל",שוורצקופף והנקל,TR,דאו פה ספריי שחור לגבר 200 מל,מיליליטרים,200.00,"100 מ""ל",false,1,11.90,5.9500,true,1,1536
4015000940948,false,מרכך גליס Gliss שיקום נזק קיצוני אולטימט ריפייר,שוורצקוף Schwarzkopf,DE,מרכך שיער גליס אולטימטיבי 400 מל,מיליליטרים,400.00,"100 מ""ל",false,1,12.90,3.2250,true,1,8443
4015000976268,false,שמפו גליס Gliss למראה שיער מבריק Million Gloss,"הובי קוסמטיק, חברת ייצור",TR,שמפו גליס מליון גלוס 400 מל,מיליליטרים,400.00,"100 מ""ל",false,1,12.90,3.2250,true,1,14127
4015000976275,false,מרכך גליס Gliss למראה שיער מבריק Million Gloss,שוורצקופף והנקל,DE,מרכך גליס מליון גלוס 400 מל,מיליליטרים,400.00,"100 מ""ל",false,1,12.90,3.2250,true,1,12527
4015000995122,false,"דאודורנט פה ספריי כח המשיכה 200 מ""ל",שוורצקופף והנקל,DE,דאו פה ספריי לגבר 200 מל,מיליליטרים,200.00,"100 מ""ל",false,1,11.90,5.9500,true,1,15402
4015000996204,false,"גליס שמפו אולטימט שמן אלקסייר 400 מ""ל",שוורצקופף והנקל,DE,שמפו גליס אולטימט שמן אליקסר 400 מל,מיליליטרים,400.00,"100 מ""ל",false,1,12.90,3.2250,true,1,10401
4015000996273,false,"גליס מרכך אולטימטיב שמן אלקסייר 400 מ""ל","הובי קוסמטיק, חברת ייצור",TR,מרכך גליס אולטימט שמן אליקסר 400 מל,מיליליטרים,400.00,"100 מ""ל",false,1,12.90,3.2250,true,1,10402
4015000997430,false,פה דאודורנט ספריי אינויזיבל פאוור 200 מל,שוורצקופף והנקל,TR,דאו פה ספריי ספורט ללא סימן 200 מל,מיליליטרים,200.00,"100 מ""ל",false,1,11.90,5.9500,true,1,10399
4015100190762,false,"גליס - מסכה שיקום שמן אלקסיר 300 מ""ל",שוורצקופף והנקל,SK,מסכת שיער גליס 300מל שיקום שמן אלקסיר,מיליליטרים,300.00,"100 מ""ל",false,1,24.90,8.3000,true,1,19892
4015100190786,false,גליס מסכת סרום לשיקום עמוק עם קרטין,שוורצקופף והנקל,SK,מסכת שיער גליס 300מל סרום שיקום עמוק,מיליליטרים,300.00,"100 מ""ל",false,1,24.90,8.3000,true,1,19893
4015100190793,false,גליס מסכה לשיער יבש ופגום במיוחד Ultimate Repair,שוורצקופף והנקל,SK,מסכת שיער גליס 300מל שיקום אולטימטיבי,מיליליטרים,300.00,"100 מ""ל",false,1,24.90,8.3000,true,1,19891
4015100204087,false,סאיוס ספריי לשיער סלון פלאקס 250מל,הנקל סוד,DE,ספריי שיער סאיוס סלון פלקס 400 מל,מיליליטרים,400.00,"100 מ""ל",false,1,24.90,6.2250,true,1,23574
4015100297928,false,גליס ביו-טק קונדישינר משקם אקספרס 200 מל,"הובי קוסמטיק, אנקרה, תור",SK,מרכך גליס אקספרס משקם ביוטק 200 מל,מיליליטרים,200.00,"100 מ""ל",false,1,24.90,12.4500,true,1,31706
4015100298000,false,גליס מסכה ביו-טק 2ב-1 300 מל,שוורצקופף והנקל,TR,מסכת שיער גליס 300מל ביוטק,מיליליטרים,300.00,"100 מ""ל",false,1,24.90,8.3000,true,1,31709
4015400564034,false,מגן תחתון אולוויז מגה פק לונג פלוס 58 יחידות,פרוקטר אנד גמבל,DE,מגן תחתון אולדייז מגה פק לונג פלוס 58 יח,יחידה,58.00,יחידה,false,1,17.90,0.3086,true,1,10224
4015400564454,false,מגני תחתון אולוויז לארג' עם ניחוח מגה פק,פרוקטר אנד גמבל,DE,מגן תחתון אולדייז מגה פק לארג 68 יח,יחידה,68.00,יחידה,false,1,17.90,0.2632,true,1,10223
4015400681670,false,תחבושות אולוויז וליו פק לילה בטוח 18 יחידות,פרוקטר אנד גמבל,UA,תחבושות אולוויז לילה בטוח 18 יח,יחידה,18.00,יחידה,false,1,17.90,0.9944,true,1,14317
4015400690313,false,טמפונים פרל רגולר טמפקס קומפאק 18 יח,פרוקטר אנד גמבל,HU,טמפון טמפקס פרל רגולר 18 יח,יחידה,18.00,יחידה,false,1,25.90,1.4389,true,1,17255
4015400690498,false,טמפונים פרל סופר פלוס טמפקס קומפאק 18 יח,פרוקטר אנד גמבל,HU,טמפון טמפקס פרל סופר פלוס 18 יח,יחידה,18.00,יחידה,false,1,25.90,1.4389,true,1,17257
4015400731719,false,תחבושות היגייניות אולוויז יום ולילה Day & Night,פרוקטר אנד גמבל,UA,תחבושות אולוויז לילה דואו 20 יח,יחידה,20.00,יחידה,false,1,17.90,0.8950,true,1,16332
4015400746812,false,מגני תחתון אולוויז נורמל עם ניחוח מגה פק,פרוקטר אנד גמבל,UA,מגן תחתון אולדייז מגה פק נורמל 80 יח,יחידה,80.00,יחידה,false,1,17.90,0.2237,true,1,16654
4015400755241,false,תחבושות היגייניות אולוויז אולטרה נורמל - 28 יח',פרוקטר אנד גמבל,UA,תחבושות אולוויז נורמל פלוס דואו 28 יח,יחידה,28.00,יחידה,false,1,17.90,0.6393,true,1,16333
4015400755487,false,תחבושות היגייניות אולוויז אולטרה לונג - 24 יח',פרוקטר אנד גמבל,DE,תחבושות אולוויז לונג פלוס דואו 24 יח,יחידה,24.00,יחידה,false,1,17.90,0.7458,true,1,16334
4015400824725,false,טמפונים סופר עם מוליך טמפקס 30 יחידות,פרוקטר אנד גמבל,HU,טמפקס פלאש סופר 30 יח,יחידה,30.00,יחידה,false,1,31.90,1.0633,true,1,1538
4015400824749,false,טמפונים טמפקס פלאש סופר פלוס 30 יחידות,פרוקטר אנד גמבל,HU,טמפקס פלאש סופר פלוס 30 יח,יחידה,30.00,יחידה,false,1,31.90,1.0633,true,1,1539
4015400990482,false,"אבקת כביסה אריאל קולור 3 ק""ג",פרוקטר אנד גמבל,TR,אב.כביסה אריאל קולור 3 קג,קילוגרמים,3.00,"ק""ג",false,1,39.90,13.3000,true,1,15353
4015600762742,false,שמפו יומיומי למניעת קשקשים הנוסחה הקלאסית,פרוקטר אנד גמבל,RO,שמפו הד אנד שולדרס קלאסי 500 מל,מיליליטרים,500.00,"100 מ""ל",false,1,19.90,3.9800,true,1,10771
4015600762780,false,שמפו וקונדישינר יומיומי למניעת קשקשים הנוסחה הקלאסית 2in1,פרוקטר אנד גמבל,RO,שמפו הד אנד שולדרס 2ב1 קלאסי 500 מל,מיליליטרים,500.00,"100 מ""ל",false,1,19.90,3.9800,true,1,10772
4015600762902,false,"שמפו האד אנד שולדרס מנטול 500 מ""ל",פרוקטר אנד גמבל,RO,שמפו הד אנד שולדרס מנטול 500מל,מיליליטרים,500.00,"100 מ""ל",false,1,19.90,3.9800,true,1,11031
4015600762940,false,שמפו יומיומי למניעת קשקשים בניחוח תפוח,פרוקטר אנד גמבל,RO,שמפו הד אנד שולדרס תפוח 500מל,מיליליטרים,500.00,"100 מ""ל",false,1,19.90,3.9800,true,1,11026
4015600763022,false,שמפו יומיומי למניעת קשקשים לשיער יבש/פגום לשיער רך כמשי,פרוקטר אנד גמבל,RO,שמפו הד אנד שולדרס מגע משי 500מל,מיליליטרים,500.00,"100 מ""ל",false,1,19.90,3.9800,true,1,11504
4015600766900,false,"שמפו ומרכ ך נגד קשקשים 500 מ""ל הד אנד שולדרס",פרוקטר אנד גמבל,RO,שמפו הד אנד שולדרס 2ב1 ממנטול 500 מל,מיליליטרים,500.00,"100 מ""ל",false,1,19.90,3.9800,true,1,12896
4015600807436,false,"ג'ילט - דאודורנט ג'ל לגבר כדוריות קול וויב 75 מ""ל",פרוקטר אנד גמבל,GB,דאודורנט גילט פאוור בידס 75מל קול וואייב,Unknown,0.00,Unknown,false,1,27.90,0.0000,true,1,28222
4015600807573,false,"ג'ילט - דאודורנט ג'ל לגבר כדוריות פאוור ראש 75 מ""ל",פרוקטר אנד גמבל,GB,דאודורנט גילט פאוור בידס 75מל פאור ראש,Unknown,0.00,Unknown,false,1,27.90,0.0000,true,1,28223
4016462373107,false,יין וואכנהיים ריזלינ,גרמניה דר' בורקלין-ו,,יין וואכנהיים ריזלינג ברוקלין וולף 750 מ,מיליליטרים,750.00,"100 מ""ל",false,1,85.00,11.3333,true,1,12696
4017100160110,false,בלזן גלילי וופל במילוי קרם בטעם שוקולד 75 גר',בלזן פולסקה,DE,גלילי ופל מיניס קרם שוקולד 75 גר,Unknown,0.00,Unknown,false,1,8.90,0.0000,true,1,31549
4017100160417,false,בלזן גלילי וופל במילוי קרם בטעם וניל 75 גר',בלזן פולסקה,DE,גלילי ופל מיניס קרם וניליה 75 גר,Unknown,0.00,Unknown,false,1,8.90,0.0000,true,1,31550
4017100198151,false,בלזן היט ביסקוויט עם מלית קרם בטעם וניל (41%) 220 גרם,הדקלאים אגודת שיתופי,PL,ביסקויט היט סנדוויץ וניל 220 גר,גרמים,220.00,100 גרם,false,1,7.90,3.5909,true,1,13626
4017100210105,false,וופל מגולגל מצופה שוקולד מריר בלזן 100 גרם,הדקלאים אגודת שיתופי,DE,גלילי וופלטן שוקולד מריר 75 גרם,Unknown,0.00,Unknown,false,1,10.90,0.0000,true,1,1540
4017100216800,false,בלזן וופל מיניס מצופה שוקולד חלב 100 גרם,ליימן שליסל,DE,גלילי ופל מיניס שוקולד חלב 100 גר,גרמים,100.00,100 גרם,false,1,8.90,8.9000,true,1,1541
4017100219900,false,בלזן וופלטן וופל מגולגל מצופה שוקולד חלב 100 גרם,הדקלאים אגודת שיתופי,DE,גלילי וופלטן שוקולד חלב 100 גר,גרמים,100.00,100 גרם,false,1,10.90,10.9000,true,1,1542
4017100290503,false,ביסקוויט מצופה שוקולד בטעם תפוז בלזן 125 גרם,בלזן פולסקה,,ביסקויט בלזן שוקולד חלב תפוז 125 גר,גרמים,125.00,100 גרם,false,1,10.90,8.7200,true,1,48134
4017100291005,false,בלזן לייבניז בסקויט חמאה מצופה שוקולד מריר 125 גרם,הדקלאים אגודת שיתופי,DE,עוגיות ליבניץ שוקולד מריר 125 גר,גרמים,125.00,100 גרם,false,1,10.90,8.7200,true,1,1544
4017100364112,false,בלזן היט בסקוויט סנדביץ עם מלית קרם בטעם שוקולד קקאו (41%) 220 גרם,הדקלאים אגודת שיתופי,PL,ביסקויט היט סנדוויץ קקאו 220 גר,גרמים,220.00,100 גרם,false,1,7.90,3.5909,true,1,13257
4017100366239,false,עוגיות ביסקוויט סנדוויץ ממולא קרם בטעם שוקולד,ליימן שליסל,PL,ביסקויט בלזן קרם שוקו 190 גר,גרמים,190.00,100 גרם,false,1,10.90,5.7368,true,1,29269
4018093361126,false,מנדולינה מקורית וי3,,,מנדולינה מקורית וי3 ברונר+סכין ציפס אדום,יחידה,1.00,יחידה,false,1,119.90,119.9000,true,1,49166
4018344564634,false,פילה הרינג ברוטב פלפל ומנגו לארסן 200 גר,,LV,פילה הרינג לארסן רוטב מנגו פלפל 200 גרם,גרמים,200.00,100 גרם,false,8,9.90,4.9500,true,1,49608
4018344564641,false,פילה הרינג ברוטב חרדל ושמיר לארסן 200 גר,,LV,פילה הרינג לארסן רוטב חרדל שמיר 200 גרם,גרמים,200.00,100 גרם,false,8,9.90,4.9500,true,1,49609
4018722100133,false,אטריות כוסמין וביצים אורגניות 250 גרם,אלב גולד,DE,אלב גולד אטריות כוסמין וביצים אורגני 250,גרמים,250.00,100 גרם,false,12,15.90,6.3600,true,1,28787
4018722100157,false,פסטה פוזילי מקמח כוסמין מלא אורגני,האחים פלם הגפן,DE,אלב גולד פוזילי כוסמין מלא 250 גר,גרמים,250.00,100 גרם,false,12,11.90,4.7600,true,1,28793
4018722100188,false,אלב גולד-אטריות רחבות כוסמין וביצים 250 גרם,אלב גולד,DE,אלב גולד אטריות כוסמין וביצים אורגני 250,גרמים,250.00,100 גרם,false,12,15.90,6.3600,true,1,28788
4018722102632,false,ספגטי כוסמין מלא אורגני 500 גרם,אלב גולד,DE,אלב גולד ספגטי כוסמין מלא אורגני 500 גר,גרמים,500.00,100 גרם,false,10,16.90,3.3800,true,1,28789
4018722102656,false,ספגטי כוסמין אורגני 500 גרם,אלב גולד,DE,אלב גולד ספגטי כוסמין אורגני 500 גר,גרמים,500.00,100 גרם,false,10,16.90,3.3800,true,1,28790
4018722303459,false,אלב גולד - מקרוני כוסמין אורגני,אלב גולד,DE,אלב גולד מקרוני כוסמין אורגני 250 גר,גרמים,250.00,100 גרם,false,12,11.90,4.7600,true,1,28791
4020400890021,false,ויויל סוכריות ללא סוכר מנטה פעיל חריף,ויויל VIVIL,DE,סוכריות ויויל ללס מנטה חריף 60 גר,Unknown,0.00,Unknown,false,12,13.90,0.0000,true,1,48722
4020400890038,false,סוכריות ללא סוכר בטעם מנטה עם תמציות צמחים,ויויל VIVIL,DE,סוכריות ויויל ללס מנטה 60 גר,Unknown,0.00,Unknown,false,12,13.90,0.0000,true,1,48721
4022025000137,false,יין בלו נאן גוורצטרמינר 750 מל,,,יין בלו נאן גוורצטרמינר,מיליליטרים,750.00,"100 מ""ל",false,1,45.00,6.0000,true,1,7750
4022025250006,false,"יין ""בלו נאן"" אותנטיק",bluenun,,יין בלו נאן אותנטיק 750 מל,מיליליטרים,750.00,"100 מ""ל",false,1,40.00,5.3333,true,1,2442
4022025262009,false,יין בלו נאן גוורצטרמ,לנגוט טראבן,,יין בלו נאן לבן כשר 750 מל,מיליליטרים,750.00,"100 מ""ל",false,1,60.00,8.0000,true,1,18061
4022025371039,false,יין מבעבע בלו נאן חצ,בלו נאן,,יין בלו נאן בלו לבן מבעבע 750 מל,מיליליטרים,750.00,"100 מ""ל",false,1,60.00,8.0000,true,1,14843
4022025372036,false,"בלו נאן מבעבע יבש מהדורת הזהב 750 מ""ל",,,יין בלו נאן מבעבע יבש 750 מל פקדון,מיליליטרים,750.00,"100 מ""ל",false,1,60.00,8.0000,true,1,5614
4022025379035,false,"בלו נאן רוזה מבעבע 750 מ""ל",בלו נאן,,יין בלו נאן רוזה מבעבע 750 מל,מיליליטרים,750.00,"100 מ""ל",false,1,60.00,8.0000,true,1,36054
4022025390030,false,יין בלו נאן ריזלינג 750 מל,לנגוט,,יין בלו נאן ריזלינג 750 מל,מיליליטרים,750.00,"100 מ""ל",false,1,45.00,6.0000,true,1,15544
4022025397404,false,"יין בלו נאן ריזלינג אייסווין 750 מ""ל",,,בלו נאן ריזלינג איסווין יין מוגז 750מל,מיליליטרים,750.00,"100 מ""ל",false,1,150.00,20.0000,true,1,7330
4022025773000,false,יין בלו נאן מוסקטו כ,בלו נאן,DE,יין בלו נאן מוסקטו כשר 750 מל,מיליליטרים,750.00,"100 מ""ל",false,1,45.00,6.0000,true,1,50731
4022214161137,false,יין ריזלינג דר לוסן,,,יין ריזלינג דר לוסן די אר אל 750 מל,מיליליטרים,750.00,"100 מ""ל",false,12,60.00,8.0000,true,1,38315
4022391195611,false,יין מרקוס מוליטור הא,,,יין מרקוס מוליטור האוס קלוסטרברג 750 מל,מיליליטרים,750.00,"100 מ""ל",false,1,80.00,10.6667,true,1,41106
4022391198315,false,יין מרקוס מוליטור הא,,,יין מרקוס מוליטור האוס פינו בלאן 750 מל,מיליליטרים,750.00,"100 מ""ל",false,1,80.00,10.6667,true,1,30481
4023800592120,false,מרציפן שלוקוורד מצופ,,DE,מרציפן שלוקוורד מצופה עם אננס 125 גרם,גרמים,125.00,100 גרם,false,20,8.90,7.1200,true,1,50553
4023800792124,false,מרציפן שלוקוורד מצופ,,DE,מרציפן שלוקוורד מצופה עם אגוז 125 גרם,גרמים,125.00,100 גרם,false,20,8.90,7.1200,true,1,50554
4025700001962,false,מילקה טבלת שוקולד לבן 100 גרם,פי אר ג'יי אס סי מונ,UA,שוקולד מילקה לבן 100 גרם,גרמים,100.00,100 גרם,false,1,6.90,6.9000,true,1,32932
4028208000284,false,נייר פילטר מספר 4 - BRIGITTA ובו 80 יחידות,Melitta Kaffee GmbH,DE,נייר פילטר מס 4 ברגיטה 80 יח,יחידה,80.00,יחידה,false,1,14.50,0.1813,true,1,5411
4030300022057,false,וויקס סוכריות עם שמן ואוקליפ ללא סוכר,,,סוכריות וויקס עם שמן אקליפטוס ללס 72 גר,Unknown,0.00,Unknown,false,20,10.90,0.0000,true,1,46561
4030300022088,false,וויקס סוכריות לימון ומנטה ללא סוכר,,,סוכריות וויקס לימון ומנטה ללס 72 גר,Unknown,0.00,Unknown,false,20,10.90,0.0000,true,1,46562
4030300022811,false,סוכריות סאלוס ליקריץ,,,סוכריות סאלוס ליקריץ דובדבן 135 גרם,גרמים,135.00,100 גרם,false,15,9.90,7.3333,true,1,48108
4037400001036,false,קטיאס ליקריץ חתולים 200 גרם,,DE,לקריץ קטיאס חתולים 200 גרם,גרמים,200.00,100 גרם,false,12,9.90,4.9500,true,1,50652
4037400002033,false,קטיאס ליקריץ כפתורים 200 גרם,,DE,לקריץ קטיאס כובעים 200 גרם,גרמים,200.00,100 גרם,false,12,9.90,4.9500,true,1,50651
4037400344348,false,לקריץ קטיאס וונדר לנ,,DE,לקריץ קטיאס וונדר לנד פארטי 200 גרם,גרמים,200.00,100 גרם,false,12,9.90,4.9500,true,1,50653
4037400401553,false,לקריץ קטיאס חזירונים 200 גר',,DE,לקריץ קטיאס חזירונים 200 גרם,גרמים,200.00,100 גרם,false,12,9.90,4.9500,true,1,39816
4037400431512,false,קטיאס גומי ארנבים 200 גרם,,DE,לקריץ קטיאס ארנבונים 200 גרם,גרמים,200.00,100 גרם,false,12,9.90,4.9500,true,1,39815
4037400433042,false,קטיאס גומי וונדרלנד ורוד 200 גרם,,DE,לקריץ קטיאס וונדר לנד ורוד 200 גרם,גרמים,200.00,100 גרם,false,12,9.90,4.9500,true,1,39818
4037458000012,false,"בירה שלנקרלה מארצן מעושנת 500 מ""ל",מבשלת שלנקרלה,,בירה שלנקרלה מארצן מעושנת 500מל פקדון,מיליליטרים,500.00,"100 מ""ל",false,1,16.90,3.3800,true,1,17207
4037719066009,false,סוכריות בצנצנת שי 996 גרם,,,סוכריות פירות 966גר בצנצנת,גרמים,966.00,100 גרם,false,1,36.90,3.8199,true,1,7857
4037719066962,false,קבנדיש סוכריות בפחית בטעם מנגו קיווי,שוקוטרייד,DE,סוכריות טעם מנגו קיווי בפחית 200 גר,גרמים,200.00,100 גרם,false,1,10.90,5.4500,true,1,34830
4037719066986,false,סוכריות קוונדיש פירות טרופיים 200ג' (9),קוון דיש,,סוכריות פירות טרופייםבפחית 200 גר,גרמים,200.00,100 גרם,false,1,10.90,5.4500,true,1,34831
4037719068317,false,סוכריות קוונדיש פירות יער 200ג' (9),קוונדיש והרווי C&H,DE,סוכריות טעם פירות יער בפחית 200 גר,גרמים,200.00,100 גרם,false,1,10.90,5.4500,true,1,9484
4037719657290,false,סוכריות בצנצנת פירות 300ג',קוונדיש,DE,סוכריות פירות 300 גר צנצנת,גרמים,300.00,100 גרם,false,1,19.90,6.6333,true,1,7780
4037719680212,false,קבנדיש סוכריות בפחית בטעם תות,(EITAN (CHOCOTRADE,DE,סוכריות טעם תות שדה בפחית 200 גר,גרמים,200.00,100 גרם,false,1,10.90,5.4500,true,1,9485
4044889000054,false,ויואני-שוקולד אורגני מריר 85% 100 גר,אקופינה,DE,שוקולד ויואני 85% מריר אורגני 100 גרם,גרמים,100.00,100 גרם,false,1,16.90,16.9000,true,1,19707
4044889000610,false,ויואני-שוקולד אורגני מריר 70% 100 גרם,המאפיה של הרמן,DE,שוקולד ויואני 70% אקוודור אורגני 100 גרם,גרמים,100.00,100 גרם,false,1,16.90,16.9000,true,1,19705
4044889000733,false,ויואני שוקולד אורגני מריר עם צילי 100 גר,,,שוקולד ויואני מריר 70% עם צילי 100 גרם,גרמים,100.00,100 גרם,false,1,16.90,16.9000,true,1,23565
4044889001006,false,ויואני שוקולד אורגני מריר 71% 100 גרם,אקופינה,IL,שוקולד ויואני 71% מריר אורגני 100 גרם,גרמים,100.00,100 גרם,false,1,16.90,16.9000,true,1,19709
4044889002119,false,ויואני אורגני מריר 70% עם חמוציות 100 גר,אקופינה,DE,שוקולד ויואני 70% מריר אורגני 100 גרם,גרמים,100.00,100 גרם,false,1,16.90,16.9000,true,1,19704
4044889002225,false,ויואני שוקולד לאפיה,,DE,ויואני שוקולד לאפיה 70% אורגני 200 גר,גרמים,200.00,100 גרם,false,10,19.90,9.9500,true,1,23590
4044889002249,false,ויואני שוקולד אורגני מריר 92% 80 גרם,אקופינה,DE,שוקולד ויואני 92% מריר אורגני 80 גרם,Unknown,0.00,Unknown,false,1,16.90,0.0000,true,1,19708
4044889002904,false,ויואני-שוקולד מריר אורגני 99% 80 גרם,אקופינה,DE,שוקולד ויואני 99% מריר אורגני 80 גרם,Unknown,0.00,Unknown,false,1,16.90,0.0000,true,1,19706
4044889003222,false,ויואני אורגני לבן עם וניל 100 גרם`,,DE,שוקולד ויואני אורגני לבן וניל 80 גר,גרמים,80.00,100 גרם,false,1,16.90,21.1250,true,1,23589
4044889004106,false,ויואני-שוקולד אורגני מריר 100% 100 גר,,,שוקולד ויואני 100% מריר אורגני 100 גרם,גרמים,80.00,100 גרם,false,1,16.90,21.1250,true,1,33738
4044889004335,false,ויואני-שוקולד אורגני מריר 62% 80 גר,,,שוקולד ויואני 62% מריר אורגני קרמל 100גר,גרמים,100.00,100 גרם,false,1,16.90,16.9000,true,1,46272
4044889004342,false,ויואני-שוקולד אורגני מריר 75% 80 גר,,,שוקולד ויואני 75% מריר אורגני מלח 80 גר,גרמים,80.00,100 גרם,false,1,16.90,21.1250,true,1,46274
4046719114306,false,שפורפרת דבק 3M רב שימושי 30 מל,3m,FR,דבק רב שימושי בשפופרת 30 מל,יחידה,1.00,יחידה,false,1,16.90,16.9000,true,1,14745
4049366003115,false,יין גוורצטרמינר קווה,צרפת גראן שה דה פראנ,,יין גוורצטרמינר קווה קיווי 750 מל,מיליליטרים,750.00,"100 מ""ל",false,1,40.00,5.3333,true,1,31779
4052197000017,false,"בירה בנדיקטינר חיטה לא מסוננת 500 מ""ל",בנדיקטינר וויצבראו,DE,בירה בנדיקטינר 500מל פקדון בקבוק,מיליליטרים,500.00,"100 מ""ל",false,1,12.90,2.5800,true,1,16682
4053700288205,false,"ויט קרם להסרת שיער לעור רגיש 100 מ""ל",רקיט בנקיזר צרפת,FR,ויט קרם הסרת שיער לעור עדין,Unknown,0.00,Unknown,false,1,19.90,0.0000,true,1,7837
4053700292455,false,ויט רצועות שעווה מוכנות להסרת שיער לעור רגיל 12 יחידות,רקיט בנקיזר צרפת,FR,ויט רצועות שעווה תמצית צמחים,Unknown,0.00,Unknown,false,1,21.90,0.0000,true,1,6753
4056489460039,false,קפטן רונדו-ביסקויט סנדוויץ קרם שוק 500ג,קונטיננטל בייקריז,NL,ביסקויט סנדוויץ קפטן רונדו קרם שוקו500גר,גרמים,500.00,100 גרם,false,20,9.90,1.9800,true,1,51098
4061445096689,false,קפה דוידוף מגורען 100 גר ESPRESSO 57,"טשיבו, אספי.זד.או.או",PL,קפה נמס דווידוף 57 אספרסו 100 ג,גרמים,100.00,100 גרם,false,6,21.90,21.9000,true,1,33635
4061445096702,false,קפה דוידוף מגורען 100 גר FINE AROMA,"טשיבו, אספי.זד.או.או",PL,קפה נמס דווידוף ארומה מעודנת 100 ג,גרמים,100.00,100 גרם,false,6,21.90,21.9000,true,1,33634
4061445096726,false,קפה דוידוף מגורען 100 גר RICH AROMA,"טשיבו, אספי.זד.או.או",PL,קפה נמס דווידוף ארומה עשירה100גר,גרמים,100.00,100 גרם,false,6,21.90,21.9000,true,1,33633
4062400521000,false,רום אולד פסקס 1 ל פי,,,רום אולד פסקס 1 ל פיקדון,ליטרים,1.00,ליטר,false,1,109.00,109.0000,true,1,7384
4062400543125,false,"טקילה סיירה רפוסאדו 700 מ""ל",מזקקת סיארה אונידס,MX,טקילה סיירה זהב רפוסדו 700 מל,מיליליטרים,700.00,"100 מ""ל",false,1,99.00,14.1429,true,1,22578
4066600601920,false,פאולנר ביתר חיטה מעוננת 500 מל,פאולנר Paulaner,DE,בירה פאולנר 500מל פחית פקדון,מיליליטרים,500.00,"100 מ""ל",false,24,12.90,2.5800,true,1,31652
4066600999614,false,"בירה פאולנר, בירת חיטה מעוננת, בקבוק 500 מ""ל",מבשלת פאולנר,DE,בירה פאולנר 500 מל פקדון זכוכית,מיליליטרים,500.00,"100 מ""ל",false,1,12.90,2.5800,true,1,17965
4067600001123,false,פילה הרינג מעושן בשמן לארסן 190 גר,,LV,פילה הרינג לארסן מעושן 200 גרם,גרמים,200.00,100 גרם,false,8,12.90,6.4500,true,1,49605
4067700014849,false,ליקר ייגרמייסטר כשר,מסט-יגרמייסטר,DE,ליקר ייגרמייסטר כשר 700 מל,מיליליטרים,700.00,"100 מ""ל",false,1,89.90,12.8429,true,1,17002
4072700001089,false,"בירה ספאטן אוקטוברפסט 500 מ""ל",Franziskaner,DE,בירה ספאטן אוקטוברספט 500מל פקדון,מיליליטרים,500.00,"100 מ""ל",false,1,12.90,2.5800,true,1,34914
4072700001171,false,בירה ספאטן מינכן בקבוק 500 מל,Spaten,,בירה ספאטן לאגר גרמנית 500מל בק.פקדון,מיליליטרים,500.00,"100 מ""ל",false,1,12.90,2.5800,true,1,7591
4072700001188,false,"בירה פרנסיסקאנר כהה בקבוק 500 מ""ל",פרנסיסקאנר Franziskaner,DE,בירה פרנסיס קנר מעוננת כהה 500 מל פיקדו,מיליליטרים,500.00,"100 מ""ל",false,1,12.90,2.5800,true,1,6849
4072700001775,false,בירה פרנסיסקאנר בהירה מעוננת בפחית,פרנסיסקאנר Franziskaner,DE,בירה פרנסיס קאנר בהיר פח 500 מל פיקדון,מיליליטרים,330.00,"100 מ""ל",false,1,11.90,3.6061,true,1,7756
4072700003649,false,"פרנזיסקאנר בירה מעוננת 500 מ""ל","איי, בי, אינבוו",DE,בירה פרנסיס קנר מעוננת בהיר 500 מל פיקדו,מיליליטרים,500.00,"100 מ""ל",false,1,12.90,2.5800,true,1,6848
4084500065536,false,פנטן קרם לחות מוגברת לעיצוב שיער 300 מל,פרוקטר אנד גמבל,FR,קרם לחות פנטן לחות מוגברת 300 מל,מיליליטרים,300.00,"100 מ""ל",false,1,23.90,7.9667,true,1,13734
4084500065598,false,"קרם לחות פנטן לתלתלים מושלמים 300 מ""ל",פרוקטר אנד גמבל,FR,קרם לחות פנטן לתלתלים מושלמים 300 מל,מיליליטרים,300.00,"100 מ""ל",false,1,23.90,7.9667,true,1,14021
4084500081314,false,משחת שיניים פרו אקספרט לניקוי עמוק בטעם מנטה,פרוקטר אנד גמבל,DE,משחת שיניים אורל בי לניקוי עמוק 75מל,Unknown,0.00,Unknown,false,1,12.90,0.0000,true,1,29034
4084500088917,false,"נוזל כלים פיירי לימון 650 מ""ל בד""צ",פרוקטר אנד גמבל,US,נוזל כלים פיירי לימון 650 מל,מיליליטרים,650.00,"100 מ""ל",false,1,10.90,1.6769,true,1,13467
4084500149526,false,טייד גל כביסה 2.48 ליטר אלפים רענן,פרוקטר אנד גמבל,FR,גל כביסה טייד 2.48 ליטר,מיליליטרים,2480.00,"100 מ""ל",false,1,29.90,1.2056,true,1,12130
4084500739253,false,"משחת שיניים אורל בי 3D white לובן מהודר 75 מ""ל",פרוקטר אנד גמבל,DE,משחת שיניים אורל בי לובן מהודר 75מל,Unknown,0.00,Unknown,false,1,19.90,0.0000,true,1,40164
4084500853836,false,"נוזל כלים פיירי ורדים ומשי 515 מ""ל בד""צ",פרוקטר אנד גמבל,GB,נוזל כלים פיירי ורדים משי 515 מל,מיליליטרים,515.00,"100 מ""ל",false,1,10.90,2.1165,true,1,14326
4084500853898,false,"נוזל כלים פיירי אלוורה ומלפפונים 515 מ""ל בד""צ",פרוקטר אנד גמבל,GB,נוזל כלים פיירי אלוורה ומלפפונים 515 מל,מיליליטרים,515.00,"100 מ""ל",false,1,10.90,2.1165,true,1,14325
4100130924002,false,בירה בקס ללא אלכוהול,,DE,בירה בקס 6יח 275 מל ללא אלכוהול בק.פקדון,מיליליטרים,1650.00,"100 מ""ל",false,1,24.90,1.5091,true,1,38050
4100130937163,false,בירה בקס שישייה 6*275 מל,"איי, בי, אינבוו",DE,מארז 6 יח בירה בקס 275 מל בקבוק פקדון,מיליליטרים,1650.00,"100 מ""ל",false,1,27.90,1.6909,true,1,14211
4100470106700,false,חומץ תפוחים אורגני 750 מל,נטורפוד,DE,חומץ תפוחים 750מל נטורפוד,מיליליטרים,750.00,"100 מ""ל",false,1,19.90,2.6533,true,1,19339
4102430013615,false,שישיית בירה ביטבורגר 5% 330 מל,ביטבורגר,DE,מארז 6יח בירה ביטבורגר 330מל פקדון בקבוק,מיליליטרים,1980.00,"100 מ""ל",false,1,34.90,1.7626,true,1,16678
4105120623941,false,"בירה ויינשטפן בק' ח""פ 500 מ""ל","ויינשטפן, ת.ד 1155 פרייז",DE,בירה ויינשטפן 500 מל פקדון,מיליליטרים,500.00,"100 מ""ל",false,1,12.90,2.5800,true,1,21681
4105120624412,false,"בירה ויינשטפן ויטוס 500 מ""ל","ויינשטפן, ת.ד 1155 פרייז",DE,בירה ויינשטפן ויטוס 500 מל בק. פקדון,מיליליטרים,500.00,"100 מ""ל",false,1,12.90,2.5800,true,1,28146
4210201176688,false,אורל בי ראש חשמלי סנסיטיב 4 יחידות,פרוקטר אנד גמבל,DE,ראש למב.שינים חשמלית אורל בי סנסטיב 4יח,Unknown,0.00,Unknown,false,1,79.90,0.0000,true,1,48052
4210201181088,false,מברשת נטענת-ילדים מכוניו,בראון,DE,מברשת שיניים אורל בי נטענת קארס די 12,יחידה,1.00,יחידה,false,1,89.90,89.9000,true,1,23557
4210201181477,false,אורל בי ראש חשמלי לילדים פרוזן 4 יחידות,פרוקטר אנד גמבל,DE,ראשי מברשת אורל בי חשמלית פרוזן 4יח,יחידה,4.00,יחידה,false,1,79.90,19.9750,true,1,23558
4210201181538,false,אורל בי ראש חשמלי לילדים קארס 4 יחידות,פרוקטר אנד גמבל,DE,ראשי מברשת אורל בי חשמלית קראס 4יח,יחידה,4.00,יחידה,false,1,79.90,19.9750,true,1,23559
4210201245193,false,אורל בי מברשת שיניים חשמלית נטענת לילדים פרוזן,פרוקטר אנד גמבל,DE,מברשת שיניים חשמלית אורל בי פרוזן די100,יחידה,1.00,יחידה,false,1,89.90,89.9000,true,1,32626
4210201262183,false,מברשת שיניים חשמלית ויטליטי Vitality נטענת,פרוקטר אנד גמבל,DE,מברשת שיניים חשמלית אורל בי די100,יחידה,1.00,יחידה,false,1,89.90,89.9000,true,1,32627
4210201320111,false,אורל בי מברשת חשמלית נטענת לילדים-ספיידר,"מיוצר עבור בראון, גרמניה",DE,מברשת שיניים חשמלית אורל בי ילדים ספיידר,יחידה,1.00,יחידה,false,1,89.90,89.9000,true,1,46921
4210201320210,false,אורל בי ראש חשמלי לילדים ספיידרמן 4 יחיד,פרוקטר אנד גמבל,DE,ראש חשמלי אורל בי לילדים ספיידרמן 4יח,יחידה,4.00,יחידה,false,1,79.90,19.9750,true,1,47179
4210201365334,false,אורל בי ראש חשמלי סיבי פחם ארבע יחידות,פרוקטר אנד גמבל,DE,ראש למב.שינים חשמלית אורל בי פחם 4יח,Unknown,0.00,Unknown,false,1,79.90,0.0000,true,1,46478
4210201388470,false,אורל בי ראש חשמלי לילדים ספיידרמן 4 יחיד,פרוקטר אנד גמבל,DE,ראשי מברשת אורל בי חשמלית ילדים ספיי 4יח,יחידה,4.00,יחידה,false,1,79.90,19.9750,true,1,46894
4210201403319,false,אורל בי מברשת שיניים חשמלית נטענת פחם ויטאליטי,פרוקטר אנד גמבל,DE,מברשת שיניים חשמלית אורל בי ויטליטי פחם,יחידה,1.00,יחידה,false,1,89.90,89.9000,true,1,46479
4260134390194,false,"בירת לאגר קירין איצ'בן 330 מ""ל",,,בירה קירין איציבן 330 מל בקבוק,מיליליטרים,330.00,"100 מ""ל",false,1,10.00,3.0303,true,1,36623
4260147890513,false,אטריות ביצים דקות ורמיצ'לי 500ג',דין שיווק,PL,איטריות ביצים דקות ורמיצלי אותנטי 500גר,גרמים,500.00,100 גרם,false,1,9.90,1.9800,true,1,8739
4260147890537,false,אטריות ביצים רצועות רחבות 500 גר,דין שיווק,PL,איטריות ביצים ברצועות רחבות אותנטי 500גר,גרמים,500.00,100 גרם,false,1,9.90,1.9800,true,1,8738
4260147890551,false,אטריות ביצים רצועות שקדיה 500 גרם,דין שיווק,PL,איטריות ביצים רצועות אותנטי 500גר,גרמים,500.00,100 גרם,false,1,9.90,1.9800,true,1,8737
4260147890711,false,אטריות ביצים מגולגלות שקדיה 500 גרם,דין שיווק,PL,איטריות ביצים מגולגלות אותנטי 500גר,גרמים,500.00,100 גרם,false,1,9.90,1.9800,true,1,8736
4260334140193,false,וגו ממרח אגוזי לוז וקקאו אורגני 200 גרם,וילהלם רויס ושות' בע,DE,ממרח אגוזי לוז וקקאו אורגני 200 גר,גרמים,200.00,100 גרם,false,1,22.90,11.4500,true,1,27394
4260334140605,false,שוקולד ג'נדויה טבעוני עם אגוזי לוז שלמים 150 גרם ללא גלוטן,האי נאם סי או אל.טי.,IT,שוקולד ויגו טבעוני אגוזים 150גר גנדויה,גרמים,150.00,100 גרם,false,8,18.90,12.6000,true,1,35692
4260399984503,false,מדליק פחם מוצק 48 קוביות,Unknown,IL,מדליק פחם מוצק 48 יחידות,יחידה,48.00,יחידה,false,1,6.90,0.1438,true,1,49292
4260423410862,false,"בירה הופייגר פילזנר גרמנית 500 מ""ל",,DE,בירה הופייגר פילזנר גרמנית 500מל בק.פקדו,מיליליטרים,500.00,"100 מ""ל",false,24,6.90,1.3800,true,1,36351
4260651480019,false,אטריות אדממה אורגני 250 גרם,,,אטריות אדממה אורגני פטוציני 250גר,גרמים,250.00,100 גרם,false,1,22.90,9.1600,true,1,35699
4260651480033,false,אטריות חומוס פטוציני אורגני 250 גרם,,CN,אטריות חומוס אורגני פטוציני 250גר,גרמים,250.00,100 גרם,false,1,22.90,9.1600,true,1,35697
4260651480057,false,אטריות שעועית שחורה אורגנית 250 גרם,,,אטריות שעועית שחורה אורגני פטוציני 250גר,גרמים,250.00,100 גרם,false,1,22.90,9.1600,true,1,35698
4560198160055,false,טקואן צנון יפני קינג,Qingdao Sun-growing,,טקואן צנון יפני קינגדאו 500 גר,גרמים,500.00,100 גרם,false,20,25.90,5.1800,true,1,50130
4600659010854,false,"וודקה סטוליצ'ניה 700 מ""ל",איי. אס. לטבייאס בלזם,LV,וודקה סטוליצניה 40% 700 מל פקדון,מיליליטרים,700.00,"100 מ""ל",false,1,59.90,8.5571,true,1,1551
4602486002071,false,"וודקה בלנקאיה גולד 700 מ""ל",מזקקת גאורגייבסקי קר,RU,וודקה בלנקאיה גולד 700 מל,מיליליטרים,700.00,"100 מ""ל",false,6,56.90,8.1286,true,1,30920
4603400000043,false,"וודקה רוסקיי סטנדרט 700 מ""ל",רוסקי סטנדרט וודקה,RU,וודקה רוסקי סטנדרט 700 מל,מיליליטרים,700.00,"100 מ""ל",false,1,65.00,9.2857,true,1,23344
4603928000983,false,וודקה בלוגה נובל 1 ליטר,מרינסקיליקרו וודאצני,,וודקה בלוגה 1 ליטר,ליטרים,1.00,ליטר,false,1,162.00,162.0000,true,1,16242
4607001414445,false,טארטלט מתוק 180 גרם DESERT,רמנסקי,,תחתיות טארטלט למילוי מתוק 180 גר,גרמים,180.00,100 גרם,false,1,10.90,6.0556,true,1,14277
4607001414452,false,טארטלט אורגינל 180 גרם ORIGINAL,רמנסקי,,תחתיות טארטלט למילוי 180 גר,גרמים,180.00,100 גרם,false,1,10.90,6.0556,true,1,14278
4607002990290,false,מלפפונים מוחמצים 680 גר D. Vanya,רוסקויי פולה אלבאשי,RU,מלפפונים מוחמצים 680 גרם,גרמים,680.00,100 גרם,false,8,11.90,1.7500,true,1,31490
4607002990474,false,עגבניות מוחמצות דיאדיה וניה 680 גר,רוסקויי פולה אלבאשי,RU,עגבניות מוחמצות 680 גרם,גרמים,680.00,100 גרם,false,8,11.90,1.7500,true,1,31491
4607012351005,false,גרעיני חמניות מרטין ללא מלח 200 גרם,"נארז ע""י : א.ג. גילר",RU,גרעיני חמניה ללא מלח מרטין 200גרם,גרמים,200.00,100 גרם,false,1,12.90,6.4500,true,1,16507
4607012351999,false,גרעיני חמניות מרטין עם מלח 200 גרם,"נארז ע""י : א.ג. גילר",RU,גרעיני חמניה מלוח מרטין 200 גרם,גרמים,200.00,100 גרם,false,1,12.90,6.4500,true,1,16508
4607012352453,false,גרעיני חמניות מרטין פסים עם מלח 150 גר,אל אל סי מרטין,RU,גרעיני חמניה מרטין פסים 150גרם,גרמים,150.00,100 גרם,false,1,10.00,6.6667,true,1,19963
4607012352538,false,גרעיני חמניות מרטין מיקס 200 גרם,מרטין,,גרעיני חמניה מרטין מיקס 200גרם,גרמים,200.00,100 גרם,false,1,12.90,6.4500,true,1,21856
4607030830490,false,פופקורן למיקרו 99 גרם - חמאה,,LV,פופקורן בטעם חמאה 99 גרם,Unknown,0.00,Unknown,false,17,3.90,0.0000,true,1,51406
4607030830520,false,פופקורן למיקרו 99 גרם - מלח,,LV,פופקורן למיקרו עם מלח 99 גרם,Unknown,0.00,Unknown,false,17,3.90,0.0000,true,1,51408
4607030830780,false,פופקורן בטעם גבינת צ,,BG,פופקורן בטעם גבינת צדר 99 גרם,Unknown,0.00,Unknown,false,17,3.90,0.0000,true,1,51407
4607065411312,true,שימורי פטריות אופיאט,אנשן אנ ן-אם פודס קו,CN,שימורי פטריוץ אופיאטה 680 גרם,גרמים,680.00,100 גרם,false,6,15.90,2.3382,true,1,27961
4607065411329,true,שימורי פטריות מסליאט,אנשן אנ ן-אם פודס קו,CN,שימורי פטריות מסליאטה 680 גרם,גרמים,680.00,100 גרם,false,6,15.90,2.3382,true,1,27963
4607065411343,true,שימורי פטריות אסורטי,אנשן אנ ן-אם פודס קו,CN,שימורי פטריות אסורטי 680 גרם,גרמים,680.00,100 גרם,false,6,15.90,2.3382,true,1,27964
4607065411398,true,שימורי פטריות שיטאקי,אנשן אנ ן-אם פודס קו,CN,שימורי פטריות שיטאקי 680 גרם,גרמים,680.00,100 גרם,false,6,15.90,2.3382,true,1,27962
4607109409619,false,טבליות למדיח הכל ב-1 פיניש מקס 25 יחידות,הדקלאים אגודת שיתופי,PL,טבליות למדיח פיניש הכל באחד מקס 25יח,יחידה,25.00,יחידה,false,1,24.90,0.9960,true,1,15964
4640018993343,false,פיניש קוואנטום קפסולות ג'ל למדיח כלים 30 יח',רקיט בנקיזר,PL,טבליות פיניש קואנטום למדיח 30 טבליות,יחידה,30.00,יחידה,false,7,34.90,1.1633,true,1,32874
4640018993350,false,פיניש קוואנטום קפסולות ג'ל למדיח כלים לימון 30 יח',רקיט בנקיזר,PL,טבליות פיניש קואנטום לימון למדיח 30 יח,יחידה,30.00,יחידה,false,7,34.90,1.1633,true,1,32875
4640018993398,false,פיניש קוואנטום 60 יח' קפסולות ג'ל למדיח כלים,רקיט בנקיזר,PL,טבליות פיניש קואנטום לימון למדיח 60 יח,יחידה,60.00,יחידה,false,6,59.90,0.9983,true,1,32877
4710068001692,false,"מאסטר קפה לאטה פחית 240 מ""ל",תאיט מרקטינג אנד דיסטריב,TW,משקה מאסטר לאטה 240 מל,מיליליטרים,250.00,"100 מ""ל",false,1,7.60,3.0400,true,1,12171
4710068001715,false,"מאסטר קפה טירמיסו פחית 240 מ""ל",יוני פרזינדנט אנטרפר,TW,משקה מאסטר טרמיסו 240 מל פקדון,מיליליטרים,240.00,"100 מ""ל",false,1,7.60,3.1667,true,1,12173
4710068001739,false,"מאסטר קפה קולומביאני 250 מ""ל",יוני פרזינדנט אנטרפר,TW,משקה מאסטר קולימביאני 240 מל,מיליליטרים,250.00,"100 מ""ל",false,1,7.60,3.0400,true,1,12172
4710068002798,false,מאסטר קפה וונילה פחית 240 מל,מאיטה פוד אינדוסטריאל קו,TW,משקה מאסטר וניל 240 מל,מיליליטרים,250.00,"100 מ""ל",false,1,7.60,3.0400,true,1,28470
4710964104916,false,"שמן שומשום טהור 370 מ""ל (כ)",פלייבור פול פודס טיי,TW,שמן שומשום 370 מל,מיליליטרים,370.00,"100 מ""ל",false,1,25.90,7.0000,true,1,12384
4710964170799,false,שומשום שחור קלוי 91 גרם,פלייבור פול פודס טיי,TW,שומשום שחור קלוי 91 גרם,גרמים,90.00,100 גרם,false,1,16.90,18.7778,true,1,8184
4711476002790,false,"קפה קר פיפו לאטה 240 מ""ל זכוכית",,TW,קפה קר פיפו לאטה 240 מל,מיליליטרים,240.00,"100 מ""ל",false,1,7.60,3.1667,true,1,34391
4711476002813,false,"קפה קר פיפו למוקצינו 240 מ""ל זכוכית",,TW,קפה קר פיפו מוקצינו 240 מל,מיליליטרים,240.00,"100 מ""ל",false,,7.60,3.1667,true,1,34392
4740098090137,false,"בירה אינדיה פייל אייל לבנה 500 מ""ל",א.לה קוק A.Le Coq,EE,בירה אייל אינדיה איי.פי.איי 500מל פח.פקד,מיליליטרים,500.00,"100 מ""ל",false,1,8.90,1.7800,true,1,32712
4740098098331,false,"קוקטייל בלו לגון אה לה קוק 330 מ""ל",אה לי קוק,EE,משקה קוקטייל בלו לגון 330 מל פקדון,מיליליטרים,330.00,"100 מ""ל",false,1,10.00,3.0303,true,1,49256
4740098098355,false,"קוקטייל מוחיטו אה לה קוק 330 מ""ל",אה לי קוק,EE,משקה קוקטייל מוחיטו 330 מל פקדון,מיליליטרים,330.00,"100 מ""ל",false,1,10.00,3.0303,true,1,48339
4740098098379,false,"קוקטייל מרגריטה אה לה קוק 330 מ""ל",אה לי קוק,EE,משקה קוקטייל מרגריטה 330 מל פקדון,מיליליטרים,330.00,"100 מ""ל",false,1,10.00,3.0303,true,1,48338
4740098098393,false,"קוקטייל און דה ביץ אה לה קוק 330 מ""ל",אה לי קוק,EE,משקה קוקטייל לה קוק ביץ 330 מל פקדון,מיליליטרים,330.00,"100 מ""ל",false,1,10.00,3.0303,true,1,48340
4744131010489,false,קנקן אקוואפור לסינון,,,קנקן אקוואפור לסינון מים אמתיסט 2.8ליטר,יחידה,1.00,יחידה,false,1,79.90,79.9000,true,1,21514
4744131011684,false,קנקן אקוואפור לסינון,,,קנקן אקוואפור לסינון מים אוניקס 4.2 ליטר,יחידה,1.00,יחידה,false,1,89.90,89.9000,true,1,21515
4744131013381,false,קנקן קומפקט לסינון מ,,,קנקן קומפקט לסינון מים 2.4ליטר לבן,יחידה,1.00,יחידה,false,1,69.90,69.9000,true,1,35587
4744131014159,false,קנקני טיהור מים 2.8 ל' JASPER,,,קנקן גספר לסינון מים 2.8ליטר,יחידה,1.00,יחידה,false,1,84.90,84.9000,true,1,35585
4744131014265,false,מארז שלישיית סננים לקנקן MAXFOR PLUS B25,,,שלישיית מסנני מים לקנקן בריטה,יחידה,3.00,יחידה,false,1,79.90,26.6333,true,1,35590
4744131015736,false,קנקני טיהור מים 4.2 ל' ONYX,,,בקבוק לשתיה עם סנן ורוד,יחידה,1.00,יחידה,false,12,79.90,79.9000,true,1,49561
4744131015743,false,בקבוק לשתיה עם סנן י,,,בקבוק לשתיה עם סנן ירוק,יחידה,1.00,יחידה,false,12,79.90,79.9000,true,1,49564
4744131015750,false,בקבוק לשתיה עם סנן כ,,,בקבוק לשתיה עם סנן כחול,יחידה,1.00,יחידה,false,12,79.90,79.9000,true,1,49563
4744131015767,false,בקבוק לשתיה עם סנן י,,,בקבוק לשתיה עם סנן ירוק,יחידה,1.00,יחידה,false,12,79.90,79.9000,true,1,49562
4744131015958,false,סט סננים לבקבוק לשתי,,,מארז 2יח סננים לבקבוק שתיה,יחידה,2.00,יחידה,false,12,39.00,19.5000,true,1,49565
4744131016313,false,קנקן קומפקט 2.4 ליטר,,,קנקן קומפקט 2.4 ליטר+4מסננים,יחידה,1.00,יחידה,false,1,99.90,99.9000,true,1,38584
4750021000799,false,"וודקה סטוליצניה עילית 700 מ""ל",אס פי איי SPI (סטולי,,וודקה סטוליצניה עילית 700 מל פקדון,מיליליטרים,700.00,"100 מ""ל",false,1,159.00,22.7143,true,1,8856
4750021003905,false,"וודקה סטוליצניה גולד 700 מ""ל",אס פי איי SPI (סטולי,LV,וודקה סטוליצניה גולד 700 מל פקדון,מיליליטרים,700.00,"100 מ""ל",false,1,89.90,12.8429,true,1,20614
4750021005725,false,"וודקה סטולי כשל""פ 700מ""ל",פארייפאבה אגרואינדוס,LV,וודקה סטולי ללא גלוטן כשר לפסח 700מל,מיליליטרים,700.00,"100 מ""ל",false,1,69.90,9.9857,true,1,20616
4750109000338,false,ממרח על בסיס שמנת חמ,,LV,שמנת חמוצה סמטנה 400גר 20%שומן,גרמים,400.00,100 גרם,false,1,12.90,3.2250,true,1,38179
4750142002078,false,"בירה צסו יורמלה 500 מ""ל","""cesu alus""",LV,בירה צסו יורמלה 500מל פח.פקדון,מיליליטרים,500.00,"100 מ""ל",false,1,7.90,1.5800,true,1,49254
4750142002719,false,"בירה בירה לא מסוננת צסו יורמלה 500 מ""ל","""cesu alus""",LV,בירה צסו יורמלה לא מסוננת 500מל פח.פקדון,מיליליטרים,500.00,"100 מ""ל",false,1,7.90,1.5800,true,1,49255
4750142003426,false,"בירה פילסנר פחית 500 מ""ל אקסטרה",צ'סו אלוס,RU,בירה פילזנר אקסטרה 500מל פח. פקדון,מיליליטרים,500.00,"100 מ""ל",false,1,7.90,1.5800,true,1,33582
4750142004980,false,"בירה פרימיום צסו 568 מ""ל","""cesu alus""",,בירה צסו פרמיום 568 מל 5.4%פחית,מיליליטרים,568.00,"100 מ""ל",false,1,10.00,1.7606,true,1,48772
4750142005000,false,"בירה כהה בוהמיין צסו 568 מ""ל","""cesu alus""",,בירה צסו כהה בוהמיין פרמיום 568 מל פחית,מיליליטרים,568.00,"100 מ""ל",false,1,10.00,1.7606,true,1,48771
4750142005062,false,"בירה ברוזה לא מסוננת צסו 568 מ""ל","""cesu alus""",,בירה צסו לא מסוננת 568 מל 5.4%פחית,מיליליטרים,568.00,"100 מ""ל",false,1,10.00,1.7606,true,1,48770
4750142016518,false,בירה צסו לא מסוננת 5.4% 568 מל,צ'סו אלוס,LV,בירה צסו לא מסוננת 568 מל 5.4%פחית,מיליליטרים,568.00,"100 מ""ל",false,1,10.00,1.7606,true,1,12083
4750142021505,false,"בירה PILSENER בהירה 4.7% פחית 500 מ""ל",צ'סו אלוס,LV,בירה פילזנר 500מל 4.7% פקדון,מיליליטרים,500.00,"100 מ""ל",false,1,7.90,1.5800,true,1,11248
4750616000258,true,שפרוטים ריגה גדולים,,,שפרוטים ריגה גדולים בשמן190 גרם,גרמים,190.00,100 גרם,false,1,10.00,5.2632,true,1,17984
4750616000593,true,שפרוטים ריגה בשמן190,,,שפרוטים ריגה בשמן190 גרם,גרמים,190.00,100 גרם,false,1,10.00,5.2632,true,1,17983
4750616001194,true,שפרוטים ריגה בשמן240,,,שפרוטים ריגה בשמן240 גרם,גרמים,240.00,100 גרם,false,1,10.00,4.1667,true,1,17981
4750616001262,true,שפרוטים צארסקיה בשמן,,,שפרוטים צארסקיה בשמן 240 גרם,גרמים,240.00,100 גרם,false,1,13.90,5.7917,true,1,18004
4750616001361,true,סלאקה מעושנת 190 גרם,,,סלאקה מעושנת 190 גרם,גרמים,190.00,100 גרם,false,1,10.00,5.2632,true,1,17985
4750616001651,true,שפרוטים ריגה גדולים,,,שפרוטים ריגה גדולים בשמן 240 גרם,גרמים,240.00,100 גרם,false,1,10.00,4.1667,true,1,17982
4750616001989,true,פטה שפרוטים 250 גרם,,,פטה שפרוטים 250 גרם,גרמים,250.00,100 גרם,false,1,6.90,2.7600,true,1,18003
4750616002276,true,קילקה עם צילי במיץ ע,,,קילקה עם צילי במיץ עגבניות 240 גרם,גרמים,240.00,100 גרם,false,1,7.00,2.9167,true,1,31489
4750616002337,true,קילקה במיץ עגבניות 2,,,קילקה במיץ עגבניות 240 גרם,גרמים,240.00,100 גרם,false,1,7.00,2.9167,true,1,17986
4750616002344,true,קילקה עם ירקות במיץ,Briavais Vilns,LV,קילקה עם ירקות במיץ עגבניות 240 גרם,גרמים,240.00,100 גרם,false,24,7.00,2.9167,true,1,31488
4751017941751,false,רודולפס קטשופ אורגני קלאסי 530 גרם,,LV,קטשופ אורגני רודולפס 530 גר,גרמים,530.00,100 גרם,false,1,18.90,3.5660,true,1,32233
4760156500118,false,אפרסמון מיובש 100 גר,,,אפרסמון מיובש 100 גר,גרמים,100.00,100 גרם,false,26,16.90,16.9000,true,1,49480
4770033223986,false,"ברנדי גלוריה 5 שנים 700 מ""ל",stumbras,,ברנדי גלורי 5 שנים 700 מל,מיליליטרים,700.00,"100 מ""ל",false,1,69.90,9.9857,true,1,14924
4770033225133,false,ברנדי גלוריה בטעם שז,stumbras,,ברנדי גלורי טעם שזיף 500 מל,מיליליטרים,500.00,"100 מ""ל",false,1,54.90,10.9800,true,1,37812
4770033227472,false,ברנדי גלורי אקס או,stumbras,,ברנדי גלורי אקס או 700 מל,מיליליטרים,700.00,"100 מ""ל",false,1,119.90,17.1286,true,1,14926
4770179109991,false,בונ שוק עם וודקה 190 ג PERGALE,PERGALE,LT,בונבוניירה פרגל שוקולד וודקה 190 גר,גרמים,190.00,100 גרם,false,1,18.90,9.9474,true,1,36534
4770299394680,false,חטיפי גבינה מעושן 75ג',,,חטיפי גבינה מעושנת 75 גר,Unknown,0.00,Unknown,false,1,9.90,0.0000,true,1,38178
4770299397964,false,חמאה מזוקקת 500גר,,,חמאה מזוקקת 500גר,גרמים,500.00,100 גרם,false,1,39.90,7.9800,true,1,48763
4770301230821,false,בירה אינדיה פייל אייל וולפאס אנגלמן 568,,,בירה אינדיה פייל אייל 568מל וולפאס פח.פק,מיליליטרים,568.00,"100 מ""ל",false,24,10.00,1.7606,true,1,49765
4770301231811,false,"בירה קריק דובדבן וולפאס אנגלמן 568 מ""ל",,,בירה קריק דובדבן 568מל וולפאס פח.פק,מיליליטרים,568.00,"100 מ""ל",false,24,10.00,1.7606,true,1,49768
4770301232023,false,"אוסטרליה פייל אייל וולפאס אנגלמן 568 מ""ל",,,בירה אוסטרליה פייל אייל 568מל פח.פקדון,מיליליטרים,568.00,"100 מ""ל",false,24,10.00,1.7606,true,1,49764
4770301234973,false,בירה בלנש חיטה בלגית וולפאס אנגלמן 568מ,,,בירה בלנש חיטה בלגית 568מל וולפאס פח.פק,מיליליטרים,568.00,"100 מ""ל",false,24,10.00,1.7606,true,1,49767
4770301235246,false,"בירה חיטה מייסטר 500 מ""ל פחית","""cesu alus""",,בירה מייסטר וולפאס אנגלמן 500מל פח.פקדון,מיליליטרים,500.00,"100 מ""ל",false,1,7.90,1.5800,true,1,50283
4770301235338,false,"בירה ניו אינגלנד וולפאס אנגלמן 568 מ""ל",,,בירה ניו אינגלנד 500מל וולפאס פח.פקדון,מיליליטרים,500.00,"100 מ""ל",false,24,10.00,2.0000,true,1,49769
4779039730276,false,מרק עגבניות מוקרם אורגני 400 גרם,גרביאי,LT,מרק עגבניות מוקרם אורגני 400 ג אאוגה,גרמים,400.00,100 גרם,false,1,16.90,4.2250,true,1,31492
4779039730283,false,מרק פטריות מוקרם אורגני 400 גר,,,מרק פטריות מוקרם אורגני 400 גר,גרמים,400.00,100 גרם,false,1,16.90,4.2250,true,1,21800
4779039730290,false,מרק ירקות מינסטרונה אורגני 400 גר,גרביאי,LT,מרק ירקות מיניסטרונה אורגני 400 גר,גרמים,400.00,100 גרם,false,1,16.90,4.2250,true,1,21799
4779039731143,false,מרק עדשים אורגני 400 גר,גרביאי,LT,מרק עדשים אורגני 400 ג אאוגה,גרמים,400.00,100 גרם,false,1,16.90,4.2250,true,1,31493
4779039731914,false,מרק שעועית צילי טבעוני 400 גר,,LT,מרק שעועית צילי ללג אורגני 400 ג אאוגה,גרמים,400.00,100 גרם,false,1,16.90,4.2250,true,1,51282
4779039732188,false,מרק ירקות מינסטרונה אורגני 400 גר,,LT,מרק ירקו מינסטרונה אורגני 400 גר אאוגה,גרמים,400.00,100 גרם,false,1,16.90,4.2250,true,1,51283
4792032060454,false,"גרין קוקו - מי קוקוס אורגניים 330 מ""ל",גרין קוקו,VN,מי קוקוס אורגני גרין קוקו 330מל,ליטרים,330.00,ליטר,false,1,7.90,0.0239,true,1,16746
4792038437113,false,קמח קוקוס אורגני 500,"רנוקה אגרי פודס בע""מ",,קמח קוקוס אורגני 500 גרם תבואות,גרמים,500.00,100 גרם,false,1,18.90,3.7800,true,1,16807
4792055013734,false,עלי תה ירוק טרסון אנונה 100 גר,,LK,תה טרסון ירוק עם אננוה תפזורת 100 גרם,גרמים,100.00,100 גרם,false,24,18.90,18.9000,true,1,35732
4792055013741,false,עלי תה ירוק טרסון פירות יער 100 גר,,LK,תה טרסון ירוק פירות יער תפזורת 100 גרם,גרמים,100.00,100 גרם,false,24,18.90,18.9000,true,1,35733
4792055013765,false,עלי תה ירוק טרסון אלוורה 100 גר,,LK,תה טרסון שחור תפוח קינמון תפזורת 75 גרם,גרמים,100.00,100 גרם,false,24,18.90,18.9000,true,1,35731
4792055013796,false,תה טרסון שחור פסיפלו,,LK,תה טרסון שחור פסיפלורה תפזורת 100 גרם,גרמים,100.00,100 גרם,false,24,18.90,18.9000,true,1,35735
4792055019798,false,תה טרסון שחור אנונה2,,LK,תה טרסון שחור אנונה2 גר 40 שקיות,יחידה,20.00,יחידה,false,24,11.90,0.5950,true,1,34678
4792055019811,false,תה טרסון שחור לימון,,LK,תה טרסון שחור לימון גינגר2 גר 40 שקיות,יחידה,20.00,יחידה,false,24,11.90,0.5950,true,1,34679
4792055019828,false,תה טרסון שחור שקד שו,,LK,תה טרסון שחור שקד שוקולד 2 גר 40 שקיות,יחידה,20.00,יחידה,false,24,11.90,0.5950,true,1,34681
4792055019842,false,תה טרסון ירוק קיווי,,LK,תה טרסון ירוק קיווי רימונים2 גר 40 שקיות,יחידה,20.00,יחידה,false,24,11.90,0.5950,true,1,34677
4792055019866,false,תה טרסון ירוק גוגי ב,,LK,תה טרסון ירוק גוגי ברי 2 גר 40 שקיות,יחידה,20.00,יחידה,false,24,11.90,0.5950,true,1,34676
4792055019880,false,תה טרסון ארל גריי 2,,GB,תה טרסון ארל גריי 2 גר 100 שקיות,יחידה,100.00,יחידה,false,12,29.90,0.2990,true,1,34672
4792055019897,false,תה ירוק טרסון נטור גרין 100 שקי*2 גר,,GB,תה טרסון ירוק 2 גר 100 שקיות,יחידה,100.00,יחידה,false,12,29.90,0.2990,true,1,34673
4792055019903,false,תה שחור טרסון סיטרוס קראש 75 גר,,LK,תה טרסון שחור עם לימון תפזורת 75 גרם,Unknown,0.00,Unknown,false,24,18.90,0.0000,true,1,35729
4792055019958,false,תה שחור טרסון טרופיקל פיז פירות 75 גר,,LK,תה טרסון שחור פירות טרופי תפזורת72 גרם,Unknown,0.00,Unknown,false,24,18.90,0.0000,true,1,35734
4793000637005,false,נטורפוד-מקלות קינמון ציילון אורגני,אינטרנשיונל קומודטי אקספ,LK,מקלות קינמון ציילון אורגני 50 גר,גרמים,50.00,100 גרם,false,10,14.90,29.8000,true,1,31225
4793000637012,false,קינמון ציילון אורגני טחון 70 גרם,אינטרנשיונל קומודטי אקספ,LK,קינמון ציילון אורגני טחון 70 גר,גרמים,70.00,100 גרם,false,10,14.90,21.2857,true,1,31226
4796011492250,false,"חומץ קוקוס אורגני אמזוניקו 250 מ""ל",,LK,חומץ קוקוס אורגני 250מל אמזוניקו,מיליליטרים,250.00,"100 מ""ל",false,1,18.90,7.5600,true,1,49568
4796011492274,false,סירופ קוקוס אורגני 2,,,סירופ קוקוס אורגני 250מל אמזוניקו,מיליליטרים,250.00,"100 מ""ל",false,1,20.90,8.3600,true,1,49569
4796011492298,false,אמינו קוקוס אורגני 2,,,אמינו קוקוס אורגני 250מל אמזוניקו,מיליליטרים,250.00,"100 מ""ל",false,1,18.90,7.5600,true,1,49567
4796019790013,false,"שמן קוקוס אורגני 300 מ""ל",כפרי בריא,,שמן קוקוס אורגני גרין קוקו 300 מל,מיליליטרים,300.00,"100 מ""ל",false,1,19.90,6.6333,true,1,16211
4796019790020,false,"שמן קוקוס אורגני 500 מ""ל גרין קוקו",גרין קוקו,LK,שמן קוקוס אורגני גרין קוקו 500 מל,מיליליטרים,500.00,"100 מ""ל",false,1,28.90,5.7800,true,1,16212
4796019790037,false,גרין קוקו - שמן קוקוס אורגני 1 ליטר,כפרי בריא,,שמן קוקוס אורגני גרין קוקו 1 ל,ליטרים,1.00,ליטר,false,1,43.90,43.9000,true,1,16213
4800888150080,false,"דאב - דאודורנט רול און לאישה פרש טאצ' מלפפונים 50 מ""ל",יוניליוור פיליפינים,PH,דאב דאו.רולאון מלפפונים 50 מל,Unknown,0.00,Unknown,false,1,16.90,0.0000,true,1,10178
4800888190529,false,דאב - דאודורנט סטיק לאישה טאלק סופט 50 גרם,יוניליוור,PH,דאו.דאב סטיק טלק סופט 50 גרם,Unknown,0.00,Unknown,false,1,16.90,0.0000,true,1,16174
4800888209368,false,רקסונה - דאודורנט סטיק לגבר אקסטרא קול 50 גרם,יוניליוור,PH,דאו.סטיק רקסונה אקסטרא קול 50 גר,Unknown,0.00,Unknown,false,1,15.90,0.0000,true,1,33883
4800888209429,false,רקסונה - דאודורנט סטיק לאישה כותנה נשים 50 גרם,יוניליוור,PH,דאודורנט רקסונה סטיק כותנה 50מל,Unknown,0.00,Unknown,false,1,15.90,0.0000,true,1,33895
4800888214904,false,"דאב דאודורנט סטיק קקאו 50 מ""ל",יוניליוור פארם,PH,דאודורנט דאב סטיק קקאו והיביסקוס 50גר,Unknown,0.00,Unknown,false,1,16.90,0.0000,true,1,36072
4800888219510,false,דאב - דאודורנט סטיק לאישה פרש מלפפונים 50 גרם,יוניליוור פיליפינים,PH,דאודורנט דאב סטיק מלפפונים 50גר,Unknown,0.00,Unknown,false,1,16.90,0.0000,true,1,40343
4800888219527,false,דאב - דאודורנט סטיק לאישה ללא סימן אינביזיבל 50 גרם,יוניליוור,PH,דאודורנט דאב סטיק אינביזיבל 50גר,Unknown,0.00,Unknown,false,1,16.90,0.0000,true,1,40342
4800888219534,false,דאב - דאודורנט סטיק לאישה אנטי פרספירמט 50 גרם,יוניליוור פיליפינים,PH,דאודורנט דאב סטיק אורגינל 50גר,Unknown,0.00,Unknown,false,1,16.90,0.0000,true,1,40341
4801234159856,false,גלייד מיני-ג'ל מפיץ ריח בניחוח מרכך כביסה 70 גרם,ג'ינסו ג'ונסון טונגד,CN,מ.אוויר גלייד מיני גל בניחוח מרכך 70 גר,Unknown,0.00,Unknown,false,1,6.90,0.0000,true,1,10488
4801234159863,false,גלייד מיני-ג'ל מפיץ ריח בניחוח חבצלות ופרחי בר 70 גרם,המאפיה של הרמן,CN,מ.אוויר גלייד מיני גל בניחוח חבצלות 70 ג,Unknown,0.00,Unknown,false,1,6.90,0.0000,true,1,10489
4809013009019,false,איטריות להקפצה מנילה,קיו פול,,איטריות להקפצה מנילה 227 גר,גרמים,227.00,100 גרם,false,1,10.90,4.8018,true,1,11888
4840008000499,false,סושקה צלנוצוק 500 גרם FRANZELUTA,פרנזלוטה,MD,כעכים צלנווצקו פרנזלוטה 500 גר,גרמים,500.00,100 גרם,false,1,10.00,2.0000,true,1,12539
4840008000987,false,סושקה וניל 500 גרם FRANZELUTA,פרנזלוטה,MD,כעכים וניל פרנזלוטה 500 גר,גרמים,500.00,100 גרם,false,1,10.00,2.0000,true,1,12538
4840008001199,false,מיני סושקה וניל 500 גרם FRANZELUTA,FRANZELUTA,,מיני כעכים וניל פרנזלוטה 500 גר,גרמים,500.00,100 גרם,false,1,10.00,2.0000,true,1,12535
4840008001205,false,מיני סושקה עם פרג 500 גרם FRANZELUTA,FRANZELUTA,MD,מיני כעכים פרג פרנזלוטה 500 גר,גרמים,500.00,100 גרם,false,1,10.00,2.0000,true,1,12536
4840008002431,false,דפי וופל פרנזולטה מל,Franzeluta,MD,דפי ופל מלבן 350 גר פרזלוטה,גרמים,350.00,100 גרם,false,1,14.50,4.1429,true,1,13593
4840008008624,false,מיני סושקה לוביטלסקיה 500 גרם FRANZELUTA,FRANZELUTA,MD,מיני כעכים לוביטלסקיה פרנזלוטה 500 גר,גרמים,500.00,100 גרם,false,1,10.00,2.0000,true,1,12537
4840008017749,true,מיני צנימים טעם וניל,,,מיני צנימים טעם וניל פרזלוטה 200 גרם,גרמים,200.00,100 גרם,false,1,7.90,3.9500,true,1,17989
4840008017763,true,מיני צנימים עם צימוק,,,מיני צנימים עם צימוקים פרזלוטה 200 גרם,גרמים,200.00,100 גרם,false,1,7.90,3.9500,true,1,17988
4840008018333,false,דובשניות טעם דבש 400 גרם פרנצלוטה,פרנזלוטה,,דובשניות טעם דבש פרנזלוטה 400 גר,גרמים,400.00,100 גרם,false,1,9.00,2.2500,true,1,14275
4840008018371,false,דובשניות סברנייה 400 גרם פרנצלוטה,פרנזלוטה,MD,דובשניות צפוניות פרנזלוטה 400 גר,גרמים,400.00,100 גרם,false,1,9.00,2.2500,true,1,17223
4840008019521,false,עוגיות בצק עלים לבבות דקל פרנצלוטה 350 ג,FRANZELUTA,,עוגיות בצק עלים לבבות דקל 350 גרם,גרמים,350.00,100 גרם,false,1,10.90,3.1143,true,1,28977
4840008019897,false,דפי וופל עגולים 100 גרם,Franzeluta,MD,דפי ופל עגולים 100 גר פרזלוטה,גרמים,100.00,100 גרם,false,1,10.00,10.0000,true,1,13592
4840008040075,false,350 עוגיות אוזניים עם קינמון גר,FRANZELUTA,MD,עוגיות אוזניים מבצק עלים 350גר,גרמים,350.00,100 גרם,false,1,10.90,3.1143,true,1,41166
4850026140381,false,לפתן הום לנד תות 250,,AM,"לפתן הום לנד תות 250 מ""ל",מיליליטרים,250.00,"100 מ""ל",false,18,6.90,2.7600,true,1,51377
4850026140398,false,לפתן הום לנד פטל 250,,AM,"לפתן הום לנד פטל 250 מ""ל",מיליליטרים,250.00,"100 מ""ל",false,18,6.90,2.7600,true,1,51379
4850026140473,false,לפתן הום לנד שזיפים,,AM,"לפתן הום לנד שזיפים 250 מ""ל",מיליליטרים,250.00,"100 מ""ל",false,18,6.90,2.7600,true,1,51378
4850026140886,false,קונפיטורה הום לנד קי,,AM,קונפיטורה הום לנד קיזיל 540 גרם,גרמים,540.00,100 גרם,false,12,18.90,3.5000,true,1,51374
4850026141418,false,קונפיטורה תות בר הום,,AM,קונפיטורה הום לנד תות בר 540 גרם,גרמים,540.00,100 גרם,false,12,18.90,3.5000,true,1,51375
4865602000010,false,מים נבגלוי בזכוכית 500 מל,נבגלבי,GE,מים מינרליים נבגלבי 500מל זכוכית,מיליליטרים,500.00,"100 מ""ל",false,1,8.90,1.7800,true,1,17792
4865602000027,false,"מים מינרלים מוגזים ""נבגלבי"" 1 ליטר PET",נבגלבי,GE,מים מינרליים נבגלבי מוגז 1 ליטר,ליטרים,1.00,ליטר,false,1,8.90,8.9000,true,1,17791
4891130001199,false,מזרח ומערב יבוא פון,Pun chun sauce & pre,HK,רוטב בטעם צדפות 450 מל,מיליליטרים,450.00,"100 מ""ל",false,1,24.90,5.5333,true,1,4047
4891130005111,false,רוטב הוויסן 360 מל פ,Pun chun sauce & pre,,רוטב הוויסן 360 מל פון צון,גרמים,360.00,100 גרם,false,1,19.90,5.5278,true,1,36764
4891228302023,false,ס.גילוח שיק אקסטרים 3 אולטימייט לגבר 4 י,שיק Schick,,ס.גילוח שיק אקסטרים 3 אולטימייט לגבר 4יח,יחידה,4.00,יחידה,false,1,15.90,3.9750,true,1,15897
4891228304119,false,סכיני גילוח שיק אקזקטה 2 נשים 7+3,אדגוול,CN,סכיני גילוח שיק אקזקטה 2 נשים מודבק 10יח,יחידה,10.00,יחידה,false,12,26.90,2.6900,true,1,38308
4891228304478,false,שיק היידרו 5 סנס רביעיית סכינים,ארץ ייצור סכינים: ארהבn\,CN,ס.גילוח שיק היידרו 5 סנס 4 יחידות,יחידה,4.00,יחידה,false,10,54.90,13.7250,true,1,27259
4891228308032,false,שיק סכינים גילוח אינטואישן ידית + 5,ארץ ייצור סכינים: ארהבn\,US,סכיני גילוח+מכשיר שיק אינטואישן אישה,Unknown,0.00,Unknown,false,8,79.90,0.0000,true,1,33454
4891228308049,false,סכין גילוח שיק היידרו 5 סנס לגבר+7סכינים,ארץ ייצור סכינים: ארהבn\,US,מארז סכיני גילוח+מכשיר שיק היידרו גבר,Unknown,0.00,Unknown,false,8,79.90,0.0000,true,1,33453
4891228309268,false,"טאצ' אפ מעצב גבות מקצועי, 3 יחידות",שסטוביץ,CN,סכיני גילוח שיק טאצ אפ חד עמי,יחידה,3.00,יחידה,false,12,19.90,6.6333,true,1,46761
4891228430030,false,סכיני גילוח שיק אקזקטה 2 לעור רגיש ירוק 5 יח',אנרג'יזר Energizer,CN,ס.גילוח שיק 2 אקסטרא רגיש 5יח,Unknown,0.00,Unknown,false,1,11.90,0.0000,true,1,4347
4891228430047,false,שיק אקזקטה 2 רגיש סכיני גילוח לגבר,אנרג'יזר Energizer,CN,ס.גילוח שיק אקסטרא 2 לגבר רגיש 10 יח,Unknown,0.00,Unknown,false,1,28.90,0.0000,true,1,5370
4891228430054,false,סכיני גילוח לנשים שיק אקזקטה 2 5 יח,שיק,CN,ס.גילוח שיק 2 אקסטרא לנשים 5 יח,Unknown,0.00,Unknown,false,1,13.90,0.0000,true,1,4348
4891228430061,false,סכיני גילוח שיק אקזקטה 2 לנשים ורוד 10 יח',הנסיך- מפעל לייצור ט,CN,ס.גילוח שיק אקסטרא 2 לאישה רגיש 10 יח,Unknown,0.00,Unknown,false,1,28.90,0.0000,true,1,5371
4895060582292,false,סוכריות נטיורל פלורידה מיקס טעמים 136ג',קנדי נובלטי,CN,סוכריות גלי פלורידה פירות 136גר,גרמים,136.00,100 גרם,false,1,16.50,12.1324,true,1,9583
4901524021716,false,משקה סאקה קוניש 720,קונישי ברוינג קומפני,,משקה סאקה קוניש 720 מל,מיליליטרים,720.00,"100 מ""ל",false,1,65.00,9.0278,true,1,18859
4901777020320,false,"ליקר מלון מידורי 700 מ""ל",אדרינגטון פיקס,,ליקר מידורי 700 מל פקדון,מיליליטרים,700.00,"100 מ""ל",false,1,105.00,15.0000,true,1,8482
4902765102233,false,תערובת תיבול פוריקקה,,JP,תערובת תיבול פוריקקה גומה נורי 40 גרם,Unknown,0.00,Unknown,false,1,21.90,0.0000,true,1,47292
4903001904192,false,"רוטב סויה יאמסה פרימיום 500 מ""ל",הדקלאים אגודת שיתופי,JP,רוטב סויה יאמסה 500 מל פרימיום,מיליליטרים,500.00,"100 מ""ל",false,1,18.90,3.7800,true,1,7818
4903001925784,false,"רוטב סויה יאמאסה פרמיום דל מלח 500 מ""ל",הדקלאים אגודת שיתופי,JP,רוטב סויה יאמסה דל מלח 500 מל,מיליליטרים,500.00,"100 מ""ל",false,1,18.90,3.7800,true,1,12254
4903001930993,false,"רוטב טריאקי יאמאסה 500 מ""ל",ליימן מותגים,JP,רוטב טריאקי יאמסה500 מל פרימיום,מיליליטרים,500.00,"100 מ""ל",false,1,18.90,3.7800,true,1,15673
4905846117706,false,"צויה ליקר אומה אורגני 750 מ""ל",צויה,JP,ליקר צויה אומה אורגני 750 מל,מיליליטרים,750.00,"100 מ""ל",false,12,99.90,13.3200,true,1,27157
4934418000818,false,"בירה היטאצינו יפני קלאסי 330 מ""ל",מבשלת קיוצ'י,,בירה היטאצינו יפני קלאסי 330מל פקדון,מיליליטרים,330.00,"100 מ""ל",false,1,16.90,5.1212,true,1,15759
4934418001310,false,"בירה היטאצינו אורז אדום 330 מ""ל",מבשלת קיוצי,,בירה היטאצינו אורז אדום 330מל פקדון,מיליליטרים,330.00,"100 מ""ל",false,1,16.90,5.1212,true,1,15760
4934418001624,false,בירה היטאצינו ואיט אייל חיטה בלגית 330 מ,מבשלת קיוצי,,בירה היטאצינו ואייט אייל חיטה בלגית 330מ,מיליליטרים,330.00,"100 מ""ל",false,1,16.90,5.1212,true,1,15757
4934418001914,false,"בירה היטאצינו גינגר 330 מ""ל",מבשלת קיוצ'י,,בירה היטאצינו גינגר 330מל פקדון,מיליליטרים,330.00,"100 מ""ל",false,1,16.90,5.1212,true,1,15761
4934418891799,false,"בירה היטאצינו דאידאי אייל 330 מ""ל",מבשלת קיוצי,,בירה היטאצינו דאידאי אייל 330מל פקדון,מיליליטרים,330.00,"100 מ""ל",false,1,16.90,5.1212,true,1,17205
4960634795696,false,כף מתכת 6 יחידות,,,כף מתכת 6 יחידות,יחידה,6.00,יחידה,false,1,10.90,1.8167,true,1,38904
4960634795719,false,סט 6 כפית נקודות נירוסטה,,,כפיות מתכת 6 יחידות,יחידה,6.00,יחידה,false,1,9.90,1.6500,true,1,38888
4970860800002,false,וויסקי יפני בלנדד הא,,,וויסקי יפני בלנדד 700 מל,מיליליטרים,700.00,"100 מ""ל",false,6,149.00,21.2857,true,1,46747
4970860880080,false,וויסקי יפני פיור מאל,,,ויסקי יפני פיור צמאלט 700 מל,מיליליטרים,700.00,"100 מ""ל",false,6,220.00,31.4286,true,1,46746
4970916160708,false,משקה סאקה צוינאמה 30,,JP,משקה סאקה צוינאמה 300 מל,מיליליטרים,300.00,"100 מ""ל",false,20,25.90,8.6333,true,1,50134
4970916260118,false,"ניגורי איש השלג 180 מ""ל",,JP,משקה ניגורי איש השלג 180 מל,מיליליטרים,180.00,"100 מ""ל",false,20,31.90,17.7222,true,1,50135
4976879106470,false,משקה סאקה הוקאן סן 7,JFC JAPAN INC.,,משקה סאקה הוקאן סן 720 מל,מיליליטרים,720.00,"100 מ""ל",false,1,50.00,6.9444,true,1,16973
4978094999219,false,מחית סויה לבנה שירו מיסו 500 גרם,מזרח ומערב,CN,מחית סויה לבנה שירו מיסו 500 גר,גרמים,500.00,100 גרם,false,1,18.90,3.7800,true,1,9948
4996445000117,false,קינגדאו אטריות סובה,Qingdao Sun-growing,,אטריות סובה 300 גר,גרמים,300.00,100 גרם,false,1,12.00,4.0000,true,1,9078
5000111001007,false,רוטב לסטייק ה.פ 255,היינץ,GB,רוטב לסטייק ה.פ 255 מל,גרמים,255.00,100 גרם,false,12,20.00,7.8431,true,1,7306
5000146048671,false,סילבו משחה לניקוי כלי כסף 75 גרם,רקיט בנקיזר,PT,סילבו לניקוי והברקה 75גר,Unknown,0.00,Unknown,false,1,15.90,0.0000,true,1,9982
5000146048688,false,מטליות לניקוי כלי נחושת ברסו 75 גרם,רקיט בנקיזר,PT,בראסו לניקוי והברקה 75 גר,יחידה,1.00,יחידה,false,1,15.90,15.9000,true,1,3438
5000146057710,false,ספריי רב שימושי לחלונות ומשטחים ווינדולין Windolene,רקיט בנקיזר,PL,נוזל לניקוי חלונות ווינדולין 750 מל,ליטרים,1.50,ליטר,false,1,8.90,5.9333,true,1,1556
5000146401568,false,וולייט דפים למניעת העברת צבע 10 דפים,רקיט בנקיזר,IT,ווליט דפים למכונת כביסה,Unknown,0.00,Unknown,false,1,14.90,0.0000,true,1,1557
5000146980322,false,קרם להסרת שיער לעור רגיל מועשר בחלב לוטוס ויסמין,רקיט בנקיזר צרפת,FR,ויט קרם הסרת שיער פרחים,Unknown,0.00,Unknown,false,1,19.90,0.0000,true,1,7836
5000157026071,false,שעועית ברוטב עגבניות היינץ 400 גרם,היינץ,GB,שעועית היינץ ברוטב עגבניות 415גרם,גרמים,415.00,100 גרם,false,12,8.90,2.1446,true,1,40674
5000157073020,false,"רוטב דגים ווסטרשייר היינץ 150 מ""ל",היינץ,NL,רוטב היינץ ווסטרשייר לדגים 150 מל,מיליליטרים,150.00,"100 מ""ל",false,12,10.00,6.6667,true,1,50011
5000157079282,false,רוטב היינץ שום 230 ג,היינץ,GB,רוטב היינץ שום 230 גרם,גרמים,230.00,100 גרם,false,8,17.90,7.7826,true,1,38914
5000157143365,false,מתבל בטעם מיונז וקטשופ היינץ 425 גרם,"פודליצקי ספ.ז.או.או,",PL,היינץ מתבל בטעם מיושאפ 425 מל,מיליליטרים,425.00,"100 מ""ל",false,10,14.90,3.5059,true,1,32458
5000157144256,false,ספריי צילי וליים לסל,היינץ,GB,היינץ ספריי צילי וליים לסלט 200 מל,מיליליטרים,200.00,"100 מ""ל",false,12,25.90,12.9500,true,1,40553
5000157145260,false,מיונז איולי לחיץ טבע,,,מיונז איולי לחיץ טבעוני 220 מל היינץ,מיליליטרים,220.00,"100 מ""ל",false,1,19.90,9.0455,true,1,46089
5000157146359,false,רוטב היינץ עגבניות פ,היינץ פודס,GB,רוטב היינץ עגבניות פפריקה מעושנת 250 מל,מיליליטרים,250.00,"100 מ""ל",false,6,14.90,5.9600,true,1,50609
5000157146366,false,רוטב היינץ צילי ומיס,היינץ פודס,GB,רוטב היינץ צילי ומיסו 250 מל,מיליליטרים,250.00,"100 מ""ל",false,6,14.90,5.9600,true,1,50608
5000157146373,false,רוטב היינץ לימון וגז,היינץ פודס,GB,רוטב היינץ לימון וגזר 250 מל,מיליליטרים,250.00,"100 מ""ל",false,6,14.90,5.9600,true,1,50607
5000157146397,false,רוטב היינץ בלסמי ורו,היינץ פודס,GB,רוטב היינץ בלסמי ורוזמרין 250 מל,מיליליטרים,250.00,"100 מ""ל",false,6,14.90,5.9600,true,1,50606
5000159344074,false,גלידת סניקרס שמנת עם בוטנים וקרמל מצופה 288 גרם.,פלדמן,FR,מאגדת שלגון סניקרס 6יח,יחידה,6.00,יחידה,false,12,32.90,5.4833,true,1,25865
5000159397292,false,מארס מאגדת גלידה פלד,פלדמן,FR,מאגדת גלידה מארס 6יח,יחידה,6.00,יחידה,false,12,32.90,5.4833,true,1,25862
5000159409179,false,מארז חטיפי מיני סניקרס Snickers,מרס הולנד בי.וי.,NL,חטיפי מיני סניקרס 408 ג בשקית,גרמים,403.00,100 גרם,false,1,19.90,4.9380,true,1,11705
5000159414197,false,מלטיזרס-כדורים פריכים בציפוי שוולד חלב 135 גרם,מרס שוקולד צ.אמריקה,NL,סוכריות מאלטיזרס 135 גרם,גרמים,135.00,100 גרם,false,,11.90,8.8148,true,1,48533
5000159422345,false,מאגדת שלגוני סניקרס,,,מאגדת שלגוני סניקרס 18יח,יחידה,18.00,יחידה,false,1,59.90,3.3278,true,1,48802
5000159452977,false,מיקס שקית מיניס 400 גרם מרס-באונטי-טוויק,מרס הולנד בי.וי.,NL,חטיפי מיני מיקס 408 ג בשקית,גרמים,400.00,100 גרם,false,1,19.90,4.9750,true,1,34218
5000159483063,false,גלידת באונטי שמנת עם קוקוס מצופה 284 גרם,פלדמן,IL,מאגדת שלגון באונטי 6יח,יחידה,6.00,יחידה,false,12,32.90,5.4833,true,1,25866
5000159484695,false,מאגדת שלגון טוויקס 6,פלדמן,FR,מאגדת שלגון טוויקס 6יח,יחידה,6.00,יחידה,false,12,32.90,5.4833,true,1,25867
5000159500692,false,בקבוק סלבריישן - מבחר חטיפי מיני שוקולד,מארס,NL,בונבוניירה סלבריישן בקבוק 312 גרם,גרמים,312.00,100 גרם,false,12,32.90,10.5449,true,1,40605
5000159515443,false,מאגדת גלידה סניקרס על מקל רביעייה 240 גר,,FR,מאגדת שלגון סניקרס 4יח,יחידה,4.00,יחידה,false,8,41.90,10.4750,true,1,49785
5000159516235,false,אם אנד אם טבלת שוקולד בוטנים 165 גרם,מרס,IE,שוקולד אם אנד אמס בוטנים 165 גרם,גרמים,165.00,100 גרם,false,16,18.90,11.4545,true,1,31771
5000159516259,false,טבלת שוקולד אמ אנד אמס שוקו 165 ג',מרס,IE,שוקולד אם אנד אמס 165 גרם,גרמים,165.00,100 גרם,false,16,18.90,11.4545,true,1,31772
5000159516273,false,אם אנד אם טבלת שוקולד קריספי 150 גרם,מרס,IE,שוקולד אם אנד אמס קריספי 165 גרם,גרמים,150.00,100 גרם,false,16,18.90,12.6000,true,1,31773
5000159516297,false,טבלת שוקולד אמ אנד אמס אגוזים 165 ג',מרס,IE,שוקולד אם אנד אמס אגוז 165 גרם,גרמים,165.00,100 גרם,false,16,18.90,11.4545,true,1,31774
5000159526081,false,"גלידת ""סניקרס"" חלבית עם בוטנים וקרמל מצופה שבבי אגוז 207 גר",,,מאגדת גלידה סניקרס קריספי 6 יח,יחידה,6.00,יחידה,false,1,34.90,5.8167,true,1,45457
5000159536400,false,טוויקס סטיקס 99 קלוריות 10 יחידות,מרס,NL,חטיפי טוויקס סטיקס 10 יח 200 גרם,גרמים,200.00,100 גרם,false,1,15.90,7.9500,true,1,39392
5000159537537,false,אם אנד אם טבלת שוקולד עוגיות 165 גרם,מרס,IE,שוקולד אם אנד אמס קוקיז 165 גרם,גרמים,165.00,100 גרם,false,16,18.90,11.4545,true,1,40697
5000168199245,false,שוקולד חלב מעולה בתוספת קרמל מלוח פיור גודייבה 90 ג',"אולקר מקבוצת פלאדיס, ציק",TR,שוקולד גודאיבה פיור חלב קרמל מלוח 90גר,Unknown,0.00,Unknown,false,18,14.90,0.0000,true,1,25471
5000175411118,false,קוביות תיבול XO עוף מופחת נתרן 71 גרם,,GB,קוביות אוקסו עוף 6 יח 71 גר,Unknown,0.00,Unknown,false,24,25.00,0.0000,true,1,10195
5000175411170,false,אוקסו כבש 6 יח 71 גר,,GB,אוקסו כבש 6 יח 71 גרם,Unknown,0.00,Unknown,false,24,19.90,0.0000,true,1,39759
5000175411187,false,קוביות אוקסו בשר 6 י,,GB,קוביות אוקסו בשר 6 יח 71 גרם,Unknown,0.00,Unknown,false,24,19.90,0.0000,true,1,38882
5000175411217,false,קוביות תיבול 71 גרם XO ירקות,,GB,קוביות אוקסו ירקות 6 יח 71 גר,Unknown,0.00,Unknown,false,24,25.00,0.0000,true,1,5703
5000184221241,false,קנור ארומט-אבקת תיבול במיכל 90 גרם,,,תערובת קנור ארומט 90 גר,Unknown,0.00,Unknown,false,1,16.90,0.0000,true,1,10906
5000204048711,false,קיווי ספריי להגנת נעלי ספורט 200 מל,ג'ונסון אנד ג'ונסון,NL,קיווי להגנת נעלי ספורט 200מל,מיליליטרים,200.00,"100 מ""ל",false,6,16.90,8.4500,true,1,45659
5000204048742,false,"קיווי לבישום נעלי ספורט 100 מ""ל",קיווי,NL,קיווי לבישום נעלי ספורט 100מל,מיליליטרים,100.00,"100 מ""ל",false,6,16.90,16.9000,true,1,45658
5000204048803,false,"קיווי לניקוי נעלי ספורט 75 מ""ל",ג'ונסון אנד ג'ונסון,NL,קיווי לניקוי נעלי ספורט 75מל,מיליליטרים,100.00,"100 מ""ל",false,6,16.90,16.9000,true,1,45660
5000204114867,false,"גלייד ארוסול בניחוח וניל 300 מ""ל",coster aerosol vail,TR,מ.אוויר גלייד ספריי 300מל בניחוח וניל,מיליליטרים,300.00,"100 מ""ל",false,1,8.90,2.9667,true,1,30997
5000204114898,false,גלייד ארוסול מבשם אוויר ניחוח מרכך כביסה,"אס.סי ג'\ונסון,מידרכט, ה",NL,מ.אוויר גלייד ספריי 300מל בניחוח מרכך,מיליליטרים,300.00,"100 מ""ל",false,1,8.90,2.9667,true,1,30999
5000204114928,false,"גלייד ארוסול בניחוח דובדבן 300 מ""ל",coster aerosol vail,TR,מ.אוויר גלייד ספריי 300מל בניחוח דובדבן,מיליליטרים,300.00,"100 מ""ל",false,1,8.90,2.9667,true,1,30996
5000204114959,false,"גלייד ארוסול בניחוח פריחה בלבן 300 מ""ל","אס.סי ג'\ונסון,מידרכט, ה",NL,מ.אוויר גלייד ספריי 300מל בניחוח פריחה,מיליליטרים,300.00,"100 מ""ל",false,1,8.90,2.9667,true,1,31001
5000204114980,false,"ארוסול בניחוח אודיסאה הכחולה 300 מ""ל גלייד",coster aerosol vail,NL,מ.אוויר גלייד ספריי 300מל בניחוח אודיסאה,מיליליטרים,300.00,"100 מ""ל",false,1,8.90,2.9667,true,1,30995
5000204115048,false,גלייד ארוסול מבשם אוויר בניחוח לבנדר,"אס.סי ג'\ונסון,מידרכט, ה",NL,מ.אוויר גלייד ספריי 300מל בניחוח לבנדר,מיליליטרים,300.00,"100 מ""ל",false,1,8.90,2.9667,true,1,30998
5000204138122,false,גלייד ארוסול ספא 300מל,"אס.סי ג'\ונסון,מידרכט, ה",NL,מ.אוויר גלייד ספריי 300מל בניחוח ספא,מיליליטרים,300.00,"100 מ""ל",false,1,8.90,2.9667,true,1,31000
5000204151022,false,"פלדג' אירוסול לניקוי רהיטים לבנדר 250 מ""ל","אס.סי ג'\ונסון, אירופלנט",NL,ספריי לניקוי רהיטים פלדג לבנדר 250 מל,מיליליטרים,250.00,"100 מ""ל",false,1,15.90,6.3600,true,1,33612
5000204151053,false,"פלדג' אירוסול לניקוי רהיטים קלאסי 250 מ""ל","אס.סי ג'\ונסון, אירופלנט",NL,ספריי לניקוי רהיטים פלדג טבעי 250 מל,מיליליטרים,250.00,"100 מ""ל",false,1,15.90,6.3600,true,1,33611
5000204151381,false,"מרסס פלדג לניקוי כללי אמבר וארגן 250 מ""ל","אס.סי ג'ונסון, אירופ",NL,ספריי פלדג לניקוי כללי אמבר וארגן 250מל,מיליליטרים,250.00,"100 מ""ל",false,1,15.90,6.3600,true,1,33613
5000204153729,false,מטהר אוויר גלייד מילוי אוטומטי לבנדר וניל,המאפיה של הרמן,TR,מילוי מ. אויר גלייד אוטומטי לבנדר וניל,מיליליטרים,269.00,"100 מ""ל",false,1,13.90,5.1673,true,1,35116
5000204153842,false,מטהר אוויר גלייד מילוי אוטומטי וניל,המאפיה של הרמן,TR,מילוי מ. אויר גלייד אוטומטי וניל 269 מל,מיליליטרים,269.00,"100 מ""ל",false,1,13.90,5.1673,true,1,35118
5000204153903,false,מטהר אוויר גלייד מילוי אוטומטי מרכך כביסה,"קוסטר אירוסול ואלף סאן,",TR,מילוי מ. אויר גלייד אוטומטי מרכך כביסה,מיליליטרים,269.00,"100 מ""ל",false,1,13.90,5.1673,true,1,35117
5000204155723,false,"גלייד מארז אוטומטי-בניחות מרכך כביסה 269 מ""ל",קוסטר אירוסול ואלף סאן,TR,מ.אויר גלייד אוטומטי מילוי ריח מרכך כביס,גרמים,400.00,100 גרם,false,1,39.90,9.9750,true,1,35114
5000204155815,false,"גלייד מארז אוטומטי מרכך כביסה 269 מ""ל",גלייד,,מ.אויר גלייד אוטומטי מילוי ריח וניל,גרמים,400.00,100 גרם,false,1,39.90,9.9750,true,1,35115
5000204156218,false,"מארז גלייד אוטומטי לבנדר וניל 269 מ""ל",יצרן אירוסול: קוסטור איר,TR,מ.אויר גלייד אוטומטי ומילוי לבנדר וניל,גרמים,400.00,100 גרם,false,1,39.90,9.9750,true,1,35113
5000204167610,false,"גלייד ארוסול בניחוח פסטיבל קינמון 300 מ""ל",coster aerosol vail,,מ.אוויר גלייד ספריי 300מל בניחוח קינמון,מיליליטרים,300.00,"100 מ""ל",false,1,8.90,2.9667,true,1,45661
5000204167856,false,"גלייד מילוי אוטומטי פסטיבל קינמון 269 מ""","קוסטר אירוסול ואלף סאן,",TR,מילוי מ. אויר גלייד אוטומטי 269מל קינמון,מיליליטרים,269.00,"100 מ""ל",false,1,13.90,5.1673,true,1,45665
5000204182026,false,גלייד מוצק בניחוח אודיסאה הכחולה 180גר,במה פולסקה אספי.זד.או.או,PL,מטהר אויר גלייד גל 180גר בניחוח אודיסאה,גרמים,180.00,100 גרם,false,8,14.90,8.2778,true,1,39808
5000204182057,false,מטהר אוויר גלייד מוצק בניחוח לבנדר,במה פולסקה אספי.זד.או.או,PL,מטהר אויר גלייד גל 180גר בניחוח לבנדר,גרמים,180.00,100 גרם,false,8,14.90,8.2778,true,1,39807
5000204196658,false,"נוזל מילוי 45 לילות 36 מ""ל רייד",Zobele Bulgaria,BG,מילוי רייד נוזלי ליתושים 45 יום,Unknown,0.00,Unknown,false,1,19.90,0.0000,true,1,39813
5000204196689,false,רייד מכשיר חשמלי + 2 נוזל מילוי 90 לילות,Zobele Bulgaria,BG,רייד מכשיר חשמלי 90 לילות +זוג נוזל,יחידה,1.00,יחידה,false,1,44.90,44.9000,true,1,39811
5000204196894,false,"נוזל מילוי אקליפטוס 45 לילות 36 מ""ל רייד",גונסון שנגחאי,BG,מילוי רייד נוזלי ליתושים 45 יום אקליפטוס,Unknown,0.00,Unknown,false,1,19.90,0.0000,true,1,39806
5000204196924,false,רייד מילוי נוזל *זוג 90 *לילות,גונסון שנגחאי,BG,זוג מילוי רייד נוזלי ליתושים 90 לילות,יחידה,45.00,יחידה,false,1,34.90,0.7756,true,1,39812
5000204197051,false,"מכשיר חשמלי +נוזל מילוי אקליפטוס 45 לילות רייד 36 מ""ל",גונסון שנגחאי,BG,מכשיר רייד +מילוי נוזל 45 לילות,יחידה,1.00,יחידה,false,1,34.90,34.9000,true,1,39814
5000204225655,false,"מטהר אוויר גלייד מילוי אוטומטי מסיבת פטל 269 מ""ל",coster aerosol vail,TR,מילוי מ. אויר גלייד אוטומטי 269מל פטל,מיליליטרים,269.00,"100 מ""ל",false,1,13.90,5.1673,true,1,45666
5000204226256,false,"גלייד ארוסול בניחוח מסיבת פטל 300 מ""ל",coster aerosol vail,TR,מ.אוויר גלייד ספריי 300מל בניחוח פטל,מיליליטרים,300.00,"100 מ""ל",false,1,8.90,2.9667,true,1,45667
5000204227130,false,"גלייד מבשם ריח מקלות פסגות טיבט 80 מ""ל",CTR פורטוגל,PT,מקלות בישום גלייד בניחוח פסגות טיבט 80מל,Unknown,0.00,Unknown,false,6,21.90,0.0000,true,1,45656
5000204227161,false,"גלייד מבשם ריח מקלות ניחוח הפרדס 80 מ""ל",CTR פורטוגל,PT,מקלות בישום גלייד בניחוח פרדס 80מל,Unknown,0.00,Unknown,false,6,21.90,0.0000,true,1,45655
5000204227192,false,"גלייד מבשם ריח מקלות רגע של נחת 80 מ""ל",גלייד,PT,מקלות בישום גלייד בניחוח רגע של נחת 80מל,Unknown,0.00,Unknown,false,6,21.90,0.0000,true,1,45657
5000204657883,false,קיווי משחת נעליים בקופסא חום 50 מל,ג' אל ראיה בוגור ג'א,ID,מש.נעליים קיווי חום 50 מל בקופסא,Unknown,0.00,Unknown,false,1,6.50,0.0000,true,1,10029
5000204657913,false,קיווי משחת נעליים בקופסא שחור 50 מל,ג' אל ראיה בוגור,ID,מש.נעליים קיווי שחור 50 מל בקופסא,Unknown,0.00,Unknown,false,1,6.50,0.0000,true,1,10028
5000204658064,false,"ספוגית הברקה קיווי אקספרס שחור 6 מ""ל",המאפיה של הרמן,HN,קיווי אקספרס שחור חדש לנעליים,Unknown,0.00,Unknown,false,1,14.90,0.0000,true,1,10022
5000204658125,false,"קיווי קראון נוזלי מבריק חום 75מ""ל",אס' סי' ג'ונסון במה,PL,נ.נעליים קיווי קראון חום 75 מל חדש,Unknown,0.00,Unknown,false,1,14.90,0.0000,true,1,10025
5000204658187,false,"קיווי נוזל נעליים קראון שחור 75 מ""ל",אס' סי' ג'ונסון במה,PL,נ.נעליים קיווי קראון שחור 75 מל חדש,Unknown,0.00,Unknown,false,1,14.90,0.0000,true,1,10026
5000204660159,false,"קיווי אקספרס ספוג הברקה שקוף 6מ""ל",המאפיה של הרמן,ID,קיווי אקספרס שקוף חדש לנעליים,Unknown,0.00,Unknown,false,1,14.90,0.0000,true,1,10024
5000204661392,false,"קיווי אקסטרא לארג' שחור(גדול) 100מ""ל",המאפיה של הרמן,ID,מש.נעליים קיווי אקסטרא שחור 100 מל קופסא,מיליליטרים,100.00,"100 מ""ל",false,1,8.90,8.9000,true,1,10027
5000204886566,false,"תרסיס מנקה, מזין ומגן על העץ עם שמן תפוז טבעי",Jonson ג'ונסון,US,"פלדג שמן לרהיטים תפוז 473 מ""ל",מיליליטרים,473.00,"100 מ""ל",false,1,26.90,5.6871,true,1,2422
5000209145514,false,"שטיפת פה ירוק מנטה עדין נשימה רעננה קולגייט פלאקס 250 מ""ל",קולגייט- פלמוליב,BR,מי פה קולגייט פלקס מנטה עדין 250 מל,מיליליטרים,250.00,"100 מ""ל",false,12,14.90,5.9600,true,1,25485
5000213000359,false,בירה גינס אקסטרא סטאוט,קרלסברג יבוא יצוא,IE,בירה גינס בק 330 מל פקדון,מיליליטרים,330.00,"100 מ""ל",false,1,14.90,4.5152,true,1,13222
5000267014234,false,וויסקי ג'וני ווקר רד לייבל Red label,ג'וני ווקר Johnnie walker,GB,ויסקי גוני ווקר אדום 700 מל פקדון קרטון,מיליליטרים,700.00,"100 מ""ל",false,1,74.90,10.7000,true,1,35244
5000267024202,false,"וויסקי ג'וני ווקר שחור 700 מ""ל",אלכוהול (איי.בי.בי),GB,וויסקי גוני ווקר שחור 700 מל,מיליליטרים,70000.00,"100 מ""ל",false,1,109.90,0.1570,true,1,35583
5000267024233,false,"וויסקי ג'וני בלאק לייבל עם פורר 700מ""ל",ג'וני ווקר Johnnie walker,GB,וויסקי גוני ווקר שחור 700 מל באריזה,מיליליטרים,700.00,"100 מ""ל",false,1,109.90,15.7000,true,1,35247
5000267117560,false,"וויסקי גוני ווקר גולד לייבל רזרב 750 מ""ל",ג'\ון ווקר ובניו,GB,וויסקי גוני ווקר גולד ריזרב 700 מל,מיליליטרים,700.00,"100 מ""ל",false,6,150.00,21.4286,true,1,35256
5000281040899,false,"רום קפטן מורגן וייט 750 מ""ל",קפטן מורגן Captain Morgan,JM,רום קפטן מורגן לבן 700 מל,מיליליטרים,700.00,"100 מ""ל",false,6,105.00,15.0000,true,1,36749
5000289925440,false,גין גורדון בקבוק 700,אלכסנדר גורדון ושות',GB,גין גורדון 700 מל,מיליליטרים,700.00,"100 מ""ל",false,6,84.90,12.1286,true,1,35254
5000291020706,false,משקה גין טנקרי 700 מ,צ'רלס טנקרי ושות',GB,משקה גין טנקרי 700 מל פיקדון,מיליליטרים,700.00,"100 מ""ל",false,1,109.00,15.5714,true,1,40840
5000299211243,false,ויסקי שיבס רויאל סלוט700,שיבס ריגל,GB,וויסקי רויאל סלוט 21 שנה 700 מל,מיליליטרים,700.00,"100 מ""ל",false,1,449.00,64.1429,true,1,24568
5000299223031,false,"רום קפטן מורגן ספייס גולד 750 מ""ל",קפטן מורגן Captain Morgan,JM,רום קפטן מורגן ספייסד 750 מל,מיליליטרים,75000.00,"100 מ""ל",false,1,89.00,0.1187,true,1,40842
5000299605950,false,"גין ביפיטר פינק 700 מ""ל",,GB,גין ביפאיטר פינק 700 מל,מיליליטרים,700.00,"100 מ""ל",false,6,106.00,15.1429,true,1,29023
5000299622049,false,"וויסקי XV שיבאס 15 שנה 700 מ""ל",האחים שיבאסn\,GB,וויסקי שיבס אקס וי 15 שנה 700 מל,מיליליטרים,700.00,"100 מ""ל",false,1,185.00,26.4286,true,1,28561
5000312000700,false,אבקת להכנת משקה קקאו 250 ג,,,אבקת קקאו קדבורי 250גר,גרמים,250.00,100 גרם,false,12,28.90,11.5600,true,1,31445
5000328601380,false,סלסה דוריטוס דיפ חרי,,,סלסה דוריטוס דיפ חריפה 300 גרם,גרמים,300.00,100 גרם,false,6,16.90,5.6333,true,1,39569
5000329002193,false,משקה ג'ין ביפאיטר 70,פרנו ריקרד יורו,GB,גין ביפאיטר 700 מל,מיליליטרים,700.00,"100 מ""ל",false,1,99.00,14.1429,true,1,22354
5000354912306,false,אוקסו ציר יין אדום 80 גרם,,GB,אוקסו ציר יין אדום 80 גרם,Unknown,0.00,Unknown,false,10,19.90,0.0000,true,1,38892
5000354912672,false,אבקת פודינג קסטרד בי,יוניליוור,GB,אבקת פודינג קסטרד בירד 300 גר,גרמים,300.00,100 גרם,false,12,16.90,5.6333,true,1,47162
5000394019089,false,סוללה פלוס פאוור 2 יחידות C דורסל,פרוקטר אנד גמבל,US,סוללת דורסל סי פלוס פאוור,יחידה,1.00,יחידה,false,1,24.90,24.9000,true,1,39133
5000394019171,false,סוללה פלוס פאוור 2 יחידות D דורסל,פרוקטר אנד גמבל,US,סוללת דורסל די פלוס פאוור,יחידה,1.00,יחידה,false,1,24.90,24.9000,true,1,39134
5000394105485,false,סוללה פלוס פאוור V9 דורסל יח 1,פרוקטר אנד גמבל,MY,סוללת דורסל וי 9 פלוס פאוור,יחידה,1.00,יחידה,false,1,24.90,24.9000,true,1,39135
5000394137486,false,רביעיות סוללות אופטימום AA דורסל,פרוקטר אנד גמבל,BE,סוללות דורסל 4יח אופטימום 2021AA,יחידה,4.00,יחידה,false,16,18.90,4.7250,true,1,45151
5000394137516,false,רביעיות סוללות אופטימום AAA דורסל,פרוקטר אנד גמבל,BE,סוללות דורסל 4יח אופטימום 2021AAA,יחידה,4.00,יחידה,false,8,18.90,4.7250,true,1,45152
5000394140851,false,רבעיות סוללות דורסל AA פלוס פאוור,פרוקטר אנד גמבל,BE,סוללות דורסל 4יח פלוס פאוור AA,יחידה,4.00,יחידה,false,24,9.90,2.4750,true,1,45147
5000394141117,false,רבעיות סוללות דורסל AAA פלוס פאוור,פרוקטר אנד גמבל,BE,סוללות דורסל 4יח פלוס פאוור AAA,יחידה,4.00,יחידה,false,24,9.90,2.4750,true,1,45148
5000394141827,false,סוללה דורסל C פלוס 2יח,פרוקטר אנד גמבל,US,סוללת דורסל סי פלוס פאוור,יחידה,1.00,יחידה,false,1,24.90,24.9000,true,1,49430
5000394142190,false,סוללת דורסל V9 פלוס 1 יח,פרוקטר אנד גמבל,MY,סוללת דורסל וי 9 פלוס פאוור,יחידה,1.00,יחידה,false,1,24.90,24.9000,true,1,49432
5000396037531,false,מקוויטיס ביסקוויט מצופה שוקולד חלב 200 גרם,ברנדס סרטרה נשיונל,GB,ביסקויט מקוויטס מצופה חלב 200 גרם,גרמים,200.00,100 גרם,false,1,11.90,5.9500,true,1,19849
5000396037548,false,מקוויטיס ביסקוויט מצופה שוקולד מריר 200 גרם,ברנדס סרטרה נשיונל,GB,ביסקויט מקוויטס מצופה מריר 200 גרם,גרמים,200.00,100 גרם,false,1,11.90,5.9500,true,1,19850
5000396037944,false,מקוויטיס ביסקוויט אורגינל 250 גרם,ברנדס סרטרה נשיונל,GB,ביסקויט מקוויטס קלאסי חיטה מלאה 250 גרם,גרמים,250.00,100 גרם,false,1,10.90,4.3600,true,1,19847
5000409006714,false,מלפפון חמוץ פיקנטי 6,EMPIRE BESPOKE FOODS,GB,מלפפון חמוץ פיקנטי 670 גר מר אלסווד,גרמים,670.00,100 גרם,false,1,23.00,3.4328,true,1,12249
5000409006721,false,MRS ELSWOOD מלפפונים להמבורגר,EMPIRE BESPOKE FOODS,NL,מלפפון להמבורגר 670 גר מר אלסווד,גרמים,670.00,100 גרם,false,1,23.00,3.4328,true,1,14145
5010026515919,false,מוזלי קריספי נאטי מורנפלייק 650 גרם,מורנפלייק Mornflake,GB,מוזלי מורנפליק קריספי אגוזים 650 גרם,גרמים,650.00,100 גרם,false,1,24.90,3.8308,true,1,47766
5010026515933,false,מוזלי קריספי פירות ואגוזים מורנפלייק 750 גרם,מורנינג פוד,GB,מוזלי מורנפליק קריספי פירות יבשים750 גרם,גרמים,750.00,100 גרם,false,1,24.90,3.3200,true,1,47767
5010026515940,false,מוזלי קריספי פרוטי מורנפלייק 650 גרם,מורנפלייק Mornflake,GB,מוזלי מורנפליק קריספי פירות 750 גרם,גרמים,750.00,100 גרם,false,1,24.90,3.3200,true,1,47765
5010029000252,false,וויטביקס תערובת דגנים מחיטה מלאה 430 גרם,וויטביקס,GB,דגנים וויטביקס מקורי 430 גרם,גרמים,430.00,100 גרם,false,14,23.90,5.5581,true,1,19949
5010029201246,false,מוזלי שקדים וצימוקים ללא תוספת סוכר 560 גר',וויטביקס,GB,גרנולה אלפן שקדים וצימוקים ל.ס.560 גרם,גרמים,560.00,100 גרם,false,12,26.90,4.8036,true,1,28530
5010029219241,false,דגני בוקר וויטביקס מיני שוקולציפס 450 גר,וויטביקס Weetabix,,דגני וויטביקס קריספי שוקו ציפס 450 גרם,גרמים,450.00,100 גרם,false,1,23.90,5.3111,true,1,21435
5010029221084,false,דגני וויטביקס פרוטאין קראנץ' בטעם מקורי,טרופיקל דגיל תעשיות,,דגני וויטביקס פרוטאין קראנץ 450 גרם,גרמים,450.00,100 גרם,false,1,22.90,5.0889,true,1,21436
5010029221091,false,דגני וויטביקס פרוטאין קראנצ עם שוקולד 450 ג',וויטביקס Weetabix,GB,דגני וויטביקס פרוטאין קראנץ שוקו 450 גרם,גרמים,450.00,100 גרם,false,8,22.90,5.0889,true,1,21438
5010029223484,false,מוזלי תות חמוציות ואוכמניות 560 גר ALPEN,וויטביקס,GB,גרנולה אלפן חמוציות תות אוכמ ל.ס.560 גרם,גרמים,560.00,100 גרם,false,12,26.90,4.8036,true,1,28540
5010038464670,false,"בלו מון בירה מנגו 330מ""ל",לה סגרה ברו ספרד,ES,בירה בלומון מנגו 330מל בק.פקדון,מיליליטרים,330.00,"100 מ""ל",false,24,12.90,3.9091,true,1,49499
5010067322453,false,טרוביה תחליף אבקת סוכר 280 גרם,טרוביה Truvia,US,טרוביה תחליף אבקת סוכר 280 גר,גרמים,280.00,100 גרם,false,6,27.90,9.9643,true,1,51104
5010103913225,false,יין קולקשן שרדונה סט,סטרלינג,US,יין קולקשן שרדונה סטרלינג וינטנרס 750,מיליליטרים,750.00,"100 מ""ל",false,12,85.00,11.3333,true,1,28001
5010103913249,false,יין קולקשן מרלו סטרל,סטרלינג,US,יין קולקשן מרלו 750 מל,מיליליטרים,750.00,"100 מ""ל",false,6,85.00,11.3333,true,1,27999
5010106110126,false,ויסקי בלנטיינס 17 שנ,,,וויסקי בלנטיינס 17 שנה 700מל פקדון,מיליליטרים,700.00,"100 מ""ל",false,1,234.90,33.5571,true,1,10807
5010106110386,false,וויסקי בלנטיינס 21 ש,,,וויסקי בלנטיינס 21 שנה 700מל פקדון,מיליליטרים,700.00,"100 מ""ל",false,1,419.00,59.8571,true,1,10808
5010115900596,false,סירופ גולדן לחיץ 454,,GB,סירופ גולדן לחיץ 454 גר,גרמים,454.00,100 גרם,false,12,20.90,4.6035,true,1,38906
5010115900633,false,סירופ טופינג תות שדה,,GB,סירופ טופינג תות שדה 325 גרם,גרמים,325.00,100 גרם,false,8,18.90,5.8154,true,1,38941
5010115900701,false,סירופ טופינג שוקולד,,GB,סירופ טופינג שוקולד 325 גרם,גרמים,325.00,100 גרם,false,8,18.90,5.8154,true,1,38940
5010115902941,false,סירופ גולדן פח 454 ג,,GB,סירופ גולדן פח 454 גר,גרמים,454.00,100 גרם,false,12,22.90,5.0441,true,1,5068
5010134916677,false,יין קומאלה שיראז 750,,,יין קומאלה שיראז 750 מל,מיליליטרים,750.00,"100 מ""ל",false,1,45.00,6.0000,true,1,24512
5010134916684,false,יין קומאלה פינוטאג 7,קומאלה,ZA,יין קומאלה פינוטאג 750 מל,מיליליטרים,750.00,"100 מ""ל",false,1,45.00,6.0000,true,1,27049
5010134916714,false,יין קומאלה שנין בלאן,קומאלה,ZA,יין קומאלה שנין בלאן 750 מל פיקדו,מיליליטרים,750.00,"100 מ""ל",false,1,45.00,6.0000,true,1,27048
5010182996799,false,ג'ל אסלה מנטרל ריחות בניחוח פרחי בר ורודים,דאופלור אס.פי.אי איט,IT,גל אסלה דאק בניחוח פרחי בר/ליים 55 מל,Unknown,0.00,Unknown,false,1,9.90,0.0000,true,1,2780
5010182997253,false,רייד תרסיס קוטל ג'וקים/תיקנים 300 מל,אס.סי.ג'ונסון מידרכט,NL,"רייד פי 3 קוטל זוחלים תיקנים 300 מ""ל",מיליליטרים,300.00,"100 מ""ל",false,1,15.90,5.3000,true,1,1787
5010182997338,false,דאק ג'ל לניקוי אסלות בניחוח רענן 55 מל,"איטיליאן פוד, אס.פי.",IT,ט.דאק גל אסלה רענן ירוק 55 מל,Unknown,0.00,Unknown,false,1,9.90,0.0000,true,1,1561
5010182997680,false,"רייד ארוסול קוטל נמלים - 300 מ""ל",אס.סי.ג'ונסון מידרכט,NL,"רייד מקס ארוסול קוטל זוחלים-אדום 300 מ""ל",מיליליטרים,300.00,"100 מ""ל",false,1,15.90,5.3000,true,1,1563
5010182997918,false,דאק ג'ל לניקוי אסלות בניחוח ים 55 מל,"איטיליאן פוד, אס.פי.",IT,טואלט דאק גל אסלה ים כחול 55 מל,Unknown,0.00,Unknown,false,1,9.90,0.0000,true,1,1564
5010182998847,false,דאק נוזל לניקוי אסלות בניחוח ים 750 מל,מיוצר עי קונדיטוריית,NL,טוא.דאק נוזל כחול 750 מל,מיליליטרים,750.00,"100 מ""ל",false,1,9.90,1.3200,true,1,1565
5010182998861,false,דאק נוזל לניקוי אסלות בניחוח רענן 750 מל,מיוצר עי קונדיטוריית,NL,טואלט דאק נוזל ירוק 750 מל,מיליליטרים,750.00,"100 מ""ל",false,1,9.90,1.3200,true,1,1566
5010265002836,false,"פת פריכה אוריגינל שיפון מלא 250 גרם ""ריוטה""",דה ג'ורדנס אנד ריווי,GB,פת ריויטה קמח שיפון ושיפון 250 גר,גרמים,250.00,100 גרם,false,12,10.90,4.3600,true,1,17214
5010327000046,false,וויסקי גרנט'ס סקוטי,"וויליאם גראנט ובניו בע""\",GB,וויסקי גרנטס 700 מל פקדון,מיליליטרים,700.00,"100 מ""ל",false,1,74.90,10.7000,true,1,2119
5010327000176,false,"וויסקי גלנפידיך מולט 12 שנה 700 מ""ל",גרנט'ס (William Gran,GB,וויסקי גלנפידיך מולט 12 שנה 700 מל פיקד,מיליליטרים,750.00,"100 מ""ל",false,1,149.00,19.8667,true,1,6385
5010327105215,false,וויסקי מאנקי שולדר Monkey Shoulder,"וויליאם גראנט ובניו בע""\",GB,וויסקי מונקי שולדר גלנפידיך בלויני 700מל,מיליליטרים,700.00,"100 מ""ל",false,1,139.90,19.9857,true,1,10960
5010327325125,false,וויסקי גלנפידיך 15 שנה סולרה רזרב 750 מל,גרנט'ס (William Gran,,וויסקי גלנפידיך 15 שנה סולרה רזרב 700מל,מיליליטרים,750.00,"100 מ""ל",false,1,239.00,31.8667,true,1,8647
5010327325323,false,וויסקי גלנפידיך 18 שנה אנשנט רזרב 750,גרנט'ס (William Gran,,וויסקי גלנפידיך 18 שנה אנשנט רזרב 700מל,מיליליטרים,700.00,"100 מ""ל",false,1,349.00,49.8571,true,1,38690
5010327325606,false,וויסקי גלנפידיך אי פ,וויליאם גרמט'ס אנד סונסנ,GB,וויסקי גלנפידיך אי פי איי 700 מל,מיליליטרים,700.00,"100 מ""ל",false,6,229.00,32.7143,true,1,27244
5010327325613,false,וויסקי גלנפידיך איקס,גלנפידיך,GB,וויסקי גלנפידיך איקס איקס 700 מל,מיליליטרים,700.00,"100 מ""ל",false,6,250.00,35.7143,true,1,27243
5010327399614,false,"גלנפידיך 12 אמריקן אווק כשר 700 מ""ל",וויליאם גרנטס ובניו,GB,וויסקי גלנפידיך מולט 12 שנה 700 מל,מיליליטרים,750.00,"100 מ""ל",false,1,159.90,21.3200,true,1,50204
5010327405223,false,רום סיילור גרי 700 מ,גרנט'ס (William Gran,,רום סיילור גרי 700 מל,מיליליטרים,700.00,"100 מ""ל",false,1,140.00,20.0000,true,1,12363
5010327505138,false,"וויסקי בלויני 12 שנה 750 מ""ל",גרנט'ס (William Gran,,וויסקי בלויני 12 שנה 700 מל פקדון,מיליליטרים,700.00,"100 מ""ל",false,1,259.00,37.0000,true,1,8644
5010327755014,false,"ג'ין הנדריקס 700 מ""ל",גרנט'ס (William Gran,GB,גין הנדריקס 700מל פקדון,מיליליטרים,700.00,"100 מ""ל",false,1,150.00,21.4286,true,1,10613
5010346000010,false,חלב מאודה נסטלה קרני,,GB,חלב מאודה נסטלה קרניישן 410גר,מיליליטרים,410.00,"100 מ""ל",false,12,19.90,4.8537,true,1,30066
5010391100703,false,ליקר דרמבו קלאסי 40%,גרנט'ס (William Gran,GB,ליקר דרמבוי 750 מל פיקדון,מיליליטרים,750.00,"100 מ""ל",false,1,135.00,18.0000,true,1,13476
5010494560282,false,וויסקי גלנמורנגי אוריגינל 10 שנים 700 מל,גלאנמורנג'\י דיסטילרי סק,GB,וויסקי גלנמורנג אורגינל 10 שנים 700 מל,מיליליטרים,700.00,"100 מ""ל",false,1,150.00,21.4286,true,1,13092
5010494917840,false,"גלנמורנגי לסנטה וויסקי 12 שנים 700 מ""ל",,,וויסקי גלנמורנג לסנטה 12 שנים 700 מל,מיליליטרים,700.00,"100 מ""ל",false,1,260.00,37.1429,true,1,13094
5010496001769,false,וויסקי אוכנטושן 12 ש,אדרינגטון פיקס,,וויסקי אוכנטושן 12 שנה 700 מל פקדון,מיליליטרים,700.00,"100 מ""ל",false,1,235.00,33.5714,true,1,9283
5010496003565,false,סינגל מאלט סקוטי אוכנטושן אמריקו הוק 700,מוריסון בואומור,GB,וויסקי אוכנטושן אמריקן אור 700 מל,מיליליטרים,700.00,"100 מ""ל",false,1,120.00,17.1429,true,1,13704
5010496020821,false,וויסקי באומור 15 שנה,אדרינגטון פיקס,,וויסקי באומור 15 שנה 700 מל פקדון,מיליליטרים,700.00,"100 מ""ל",false,1,415.00,59.2857,true,1,13706
5010622005012,false,חוט דנטלי אסנשייאל ללא שעווה 50 מטר,פרוקטר אנד גמבל,IE,חוט דנטלי אורל בי ללא שעווה 50 מטר,יחידה,1.00,יחידה,false,1,16.90,16.9000,true,1,5678
5010677551281,false,"בקרדי בריזר לימון 275 מ""ל בקבוק",בקרדי בריזר Bacardi Breezer,BE,משקה בקרדי בריזר לימון 275מל פיקדון,מיליליטרים,275.00,"100 מ""ל",false,1,11.90,4.3273,true,1,1975
5010677551397,false,"בקרדי בריזר לימון ליים 275 מ""ל",בקרדי בריזר Bacardi Breezer,BE,משקה בקרדי בריזר לימון ליים 275מל פיקדון,מיליליטרים,275.00,"100 מ""ל",false,1,11.90,4.3273,true,1,1973
5010677552387,false,"בקרדי בריזר אננס 275 מ""ל בקבוק",בקרדי בריזר Bacardi Breezer,BE,משקה בקרדי בריזר אננס 275מל פיקדון,מיליליטרים,275.00,"100 מ""ל",false,1,11.90,4.3273,true,1,1976
5010677554398,false,"בקרדי בריזר אבטיח 275 מ""ל בקבוק",בקרדי בריזר Bacardi Breezer,BE,משקה בקרדי בריזר אבטיח 275מל פיקדון,מיליליטרים,275.00,"100 מ""ל",false,1,11.90,4.3273,true,1,1974
5010677714006,false,"גין בומבאי ספייר 700 מ""ל",ג'ון דיואר ובניו,ES,משקה גין בומביי ספייר 700 מל פיקדון,מיליליטרים,700.00,"100 מ""ל",false,4,120.00,17.1429,true,1,21374
5010677850100,false,וודקה גריי גוס בקבוק,בקרדי מרטיני,FR,וודקה גריי גוס 700 מל,מיליליטרים,700.00,"100 מ""ל",false,6,119.00,17.0000,true,1,27578
5010867101982,false,יין אדום אוטימה טאונ,פורטוגל- סימינגטון,,יין אדום אוטימה טאוני פורט 750 מל פקדון,מיליליטרים,750.00,"100 מ""ל",false,1,100.00,13.3333,true,1,8757
5010867110120,false,יין אדום קינג טאוני,פורטוגל- סימינגטון,,יין אדום קינד טאוני פורט 750 מל פקדון,מיליליטרים,750.00,"100 מ""ל",false,1,70.00,9.3333,true,1,8758
5010867400054,false,יין פורט טאוני לבן 7,גראהם,,יין פורט גראהם לבן 750 מל,מיליליטרים,750.00,"100 מ""ל",false,1,70.00,9.3333,true,1,15110
5010867600027,false,יין דיוק אוף קלארנס ריץ מדיירה 750 מל,פורטוגל דה מדיירה וו,,יין אדום דיוק אוף קלארנס ריץ מדיירה 750מ,מיליליטרים,750.00,"100 מ""ל",false,1,100.00,13.3333,true,1,8759
5011007003227,false,וויסקי גיימיסון 1 ליטר,אייריש דיסטלריז,,וויסקי גיימסון 1 ל פיקדון,ליטרים,1.00,ליטר,false,1,129.00,129.0000,true,1,4576
5011013100132,false,"ויסקי בייליס אייריש קרים 750 מ""ל",r&a baileys,,ליקר אייריש קרים בייליס 750 מל פקדון,מיליליטרים,750.00,"100 מ""ל",false,1,85.00,11.3333,true,1,2786
5011013500680,false,ליקר שרידנס קרם וניל,thomas sheridans,,ליקר שרידנס 700 מל,מיליליטרים,70000.00,"100 מ""ל",false,1,89.00,0.1271,true,1,12228
5011013934546,false,"בייליס קרמל מלוח 700 מ""ל",r&a baileys,IE,ליקר אייריש קרים בייליס קרמל מלוח 700מל,מיליליטרים,700.00,"100 מ""ל",false,1,85.00,12.1429,true,1,46729
5011013935178,false,"בייליס פאי תפוחים 700 מ""ל",r&a baileys,IE,ליקר אייריש קרים בייליס פאי תפוחים 700מל,מיליליטרים,750.00,"100 מ""ל",false,1,85.00,11.3333,true,1,46728
5011013938100,false,"מארז בייליס 700 מ""ל + כוס מאג",r&a baileys,,מארזליקר אייריש קרים בייליס +כוס 700 מל,מיליליטרים,750.00,"100 מ""ל",false,1,85.00,11.3333,true,1,51723
5011026108033,false,"וויסקי אירי טולומור דיו 700 מ""ל",פארייפאבה אגרואינדוס,IE,וויסקי טולמור דיו אירי 700 מל פקדון,מיליליטרים,700.00,"100 מ""ל",false,1,99.90,14.2714,true,1,8650
5011157671222,false,"אורז בסמטי חום מלא טילדה 1 ק""ג",טילדה Tilda,GB,אורז בסמטי טילדה מלא 1 קג,קילוגרמים,1.00,"ק""ג",false,8,24.90,24.9000,true,1,40612
5011166055358,false,"בירה קראביס גינגר 330 מ""ל ללא גלוטן",,,בירה קראביס גינגר 330 מל פקדון,מיליליטרים,330.00,"100 מ""ל",false,1,12.90,3.9091,true,1,18238
5011166057093,false,ג'ין וויטלי ניל תפוז,וויטלי ניל,GB,גין וויטלי ניל תפוז דם 700 מל,מיליליטרים,700.00,"100 מ""ל",false,6,129.00,18.4286,true,1,29907
5011166057109,false,גין וויטלי ניל למונג,וויטלי ניל,GB,גין וויטלי ניל למונגרס וגינגר 700 מל,מיליליטרים,700.00,"100 מ""ל",false,6,129.00,18.4286,true,1,29905
5011308505130,false,רוטב קארי בונדה פאטא,,GB,רוטב קארי בונדה פאטאק 450 גרם,גרמים,450.00,100 גרם,false,6,19.90,4.4222,true,1,40560
5011348008479,false,"בירה קינג גובלין 500 מ""ל",מבשלת וויצ'ווד,GB,בירה קינג גובלין 500 מל פקדון,מיליליטרים,500.00,"100 מ""ל",false,8,16.90,3.3800,true,1,10993
5011348008530,false,"בירה מארסטונס אי.פי.איי 500 מ""ל בקבוק",,,בירה מארסטונס אי.פי.איי 500מל בק.פקדון,מיליליטרים,500.00,"100 מ""ל",false,1,16.90,3.3800,true,1,35199
5011348010335,false,"בירה גינגר בירד 4.2% 500 מ""ל",ויצ'וויד,GB,בירה גינגר בירד 500 מל פקדון,מיליליטרים,500.00,"100 מ""ל",false,1,16.90,3.3800,true,1,11614
5011348012094,false,בירה פדיגרי 500מל בק,,,בירה פדיגרי 500מל בק. פקדון,מיליליטרים,500.00,"100 מ""ל",false,1,16.90,3.3800,true,1,35189
5011348015194,false,"בירה הובגובלין גולד 500 מ""ל",מבשלת וויצ'ווד,GB,בירה הובגובלין גולד 500 מל פקדון,מיליליטרים,500.00,"100 מ""ל",false,1,16.90,3.3800,true,1,19688
5011348016238,false,בירה שיפיארד 500מל פ,ויצ'וויד,GB,בירה שיפיארד 500מל פקדון,מיליליטרים,500.00,"100 מ""ל",false,1,16.90,3.3800,true,1,19689
5011348016474,false,"בירה פייר קאצר 500 מ""ל",ויצ'וויד,,בירה פייר קאצר 500מל פקדון,מיליליטרים,500.00,"100 מ""ל",false,1,16.90,3.3800,true,1,36206
5011348017099,false,"בירה הובגובלין גולד פחית 500 מ""ל",,GB,בירה הובגובלין גולד 500מל פחית פקדון,מיליליטרים,500.00,"100 מ""ל",false,24,14.90,2.9800,true,1,32119
5011348017112,false,"בירה הובגובלין פחית 500 מ""ל",,GB,בירה הובגובלין 500מל פחית פקדון,מיליליטרים,500.00,"100 מ""ל",false,24,14.90,2.9800,true,1,32118
5011348018713,false,"בירה דיפ 61 בקבוק 500 מ""ל",,,בירה דיפ 61 500מל בק.פקדון,מיליליטרים,500.00,"100 מ""ל",false,1,16.90,3.3800,true,1,35200
5011348019772,false,"בירה הובגובלין אי.פי.איי 500 מ""ל",ויצ'וויד,GB,בירה הובגובלין אי פי איי 500 מל פקדון,מיליליטרים,500.00,"100 מ""ל",false,1,16.90,3.3800,true,1,32436
5011417552247,false,"אירוויק מבשם אויר נטול גז בניחוח פשתן ופרחי לילך 345 מ""ל",איירוויק Air Wick,PL,מטהר אוויר אירוויק נטול גז לילך 345 מל,מיליליטרים,345.00,"100 מ""ל",false,1,14.90,4.3188,true,1,7588
5011417554760,false,"אירוויק מבשם אויר נטול גז בניחוח ורדים וארכידאה 345 מ""ל",איירוויק Air Wick,PL,מ.אוויר אירוויק נטול גז ורדים 345 מל,מיליליטרים,345.00,"100 מ""ל",false,1,14.90,4.3188,true,1,8557
5011428000409,false,מלח ים מלדון 570 גר,MALDON CRYSTAL SALT,GB,מלח ים מלדון 570 גר,גרמים,570.00,100 גרם,false,12,44.90,7.8772,true,1,50105
5011428100048,false,מלח ים מלדון 250 גר,MALDON CRYSTAL SALT,GB,מלח ים מלדון 250 גר,גרמים,250.00,100 גרם,false,1,21.90,8.7600,true,1,5676
5011428300028,false,מלח ים מעושן מלדון 1,MALDON CRYSTAL SALT,,מלח ים מעושן מלדון 125 גר,גרמים,125.00,100 גרם,false,1,19.90,15.9200,true,1,25460
5012035950606,false,סוכריות הריבו בקבוקי,,GB,סוכריות הריבו בקבוקי זינג 160 גרם,גרמים,160.00,100 גרם,false,12,8.90,5.5625,true,1,49680
5012035962111,false,סוכריות הריבו פאני מ,,GB,סוכריות הריבו פאני מיקס 160 גרם,גרמים,160.00,100 גרם,false,12,10.90,6.8125,true,1,39869
5012035962159,false,סוכריות הריבו גלי בי,,GB,סוכריות הריבו גלי בינס 160 גרם,גרמים,160.00,100 גרם,false,12,10.90,6.8125,true,1,39868
5012909010863,false,זוג פטמות אוונט איטי,פיליפס אוונט,GB,זוג פטמות אוונט איטי לבקבוק תינוק,יחידה,1.00,יחידה,false,1,34.90,34.9000,true,1,5752
5012909010894,false,פטמה לבקבוק 3+ אוונט 2 יחידות,פיליפס אוונט,GB,זוג פטמות אוונט בינוני לבקבוק תינוק,יחידה,1.00,יחידה,false,1,34.90,34.9000,true,1,5753
5012909010955,false,אוונט פטמה קלאסיק רב שלבית,פיליפס אוונט,ID,זוג פטמות אוונט רב שלבי לבקבוק תינוק,יחידה,1.00,יחידה,false,1,34.90,34.9000,true,1,5755
5013387204737,false,פרואט-עוגיה ללא גלוטן עם קרם בטעם פטל 160ג',,GB,פרואט עוגיות ללא גלוטן קרם טעם פטל 160גר,גרמים,160.00,100 גרם,false,7,18.90,11.8125,true,1,32236
5013387205789,false,פרואט-עוגיה ל.גלוטן ש.שועל וצימוקים150ג',,GB,פרואט עוגיות ללג ש.שועל צימוקים 150גר,גרמים,150.00,100 גרם,false,6,18.90,12.6000,true,1,32237
5013387205826,false,פרואט-חטיף ללא גלוטן שוקולד 100 גרם,,GB,חטיף שוקולד ללא גלוטן פרואט 100 גר,גרמים,100.00,100 גרם,false,1,14.90,14.9000,true,1,32234
5013387206403,false,פרואט ביסקויט דיגסטיב ללא גלוטן 160 גרם,,GB,פרואט ביסקוויט דיגסטיב ללא גלוטן 160 גר,גרמים,160.00,100 גרם,false,7,18.90,11.8125,true,1,32235
5013635101047,false,סמנה גהי חמאה 500 גר,KTC,GB,סמנה גהי חמאה 500 גרם,גרמים,500.00,100 גרם,false,12,89.90,17.9800,true,1,49519
5013931015741,false,דיש מטיק - ידית הפלא לשטיפת כלים,דישמטיק Dish matic,US,ידית הפלא לשטיפת כלים ירוק,יחידה,1.00,יחידה,false,1,24.90,24.9000,true,1,33622
5013931015758,false,דיש מטיק - ספוגי החלפה מארז 3 יחידות,דישמטיק Dish matic,US,מארז 3יח ספוגי החלפה לשטיפת כלים,יחידה,3.00,יחידה,false,1,26.90,8.9667,true,1,33623
5013931015789,false,דישמאטיק ידית הפלא עם כרית פלדה,דישמטיק Dish matic,GB,ידית הפלא לשטיפת כלים עם כרית מתכת,יחידה,1.00,יחידה,false,1,24.90,24.9000,true,1,33624
5013931015819,false,דישמאטיק מארז כריות פלדה 2 יח,דישמטיק Dish matic,US,מארז 2יח כריות מתכת החלפה לידית הפלא,יחידה,3.00,יחידה,false,1,26.90,8.9667,true,1,33625
5013965948428,false,משחת שיניים פרו אקספרט לניקוי יסודי מנטה מעודן,פרוקטר אנד גמבל,DE,משחת שיניים אורל בי מנטה מעודן 75מל,Unknown,0.00,Unknown,false,1,12.90,0.0000,true,1,29033
5014201701623,false,ווסטונס אינגליש וינטג סיידר 750 מל,,,משקה סיידר אינגליש וינטג 750מל פקדון,מיליליטרים,750.00,"100 מ""ל",false,1,24.90,3.3200,true,1,31377
5014201800869,false,"הנרי ווסטונס וינטג Perry (אגסים) 500 מ""",,,משקה סיידר ווסטונס אגס 7.4% 500מל פיקדו,מיליליטרים,500.00,"100 מ""ל",false,1,19.90,3.9800,true,1,15827
5014271001227,false,מעדן פרי סנדלפור משמ,סנדלפור St.dalfour,FR,מעדן משמש סנדלפור 500 גרם,גרמים,500.00,100 גרם,false,1,26.90,5.3800,true,1,18110
5014271001241,false,מעדן פרי סנדלפור תות,סנדלפור St.dalfour,FR,מעדן תות שדה סנדלפור 500 גרם,גרמים,500.00,100 גרם,false,1,26.90,5.3800,true,1,17801
5014271002675,false,מעדן פרי תפוח וקינמון סנדלפור 284 גרם,סאן דלפור - שמבור,FR,מעדן סנדלפור תפוח קינמון 284 גרם,גרמים,284.00,100 גרם,false,1,19.90,7.0070,true,1,26834
5014271300429,false,"מעדן משמש 100% פרי סנטדלפור 284 גרם לל""ס",סאן דלפור - שמבור,FR,מעדן משמש 284 ג סנדלפור,גרמים,284.00,100 גרם,false,1,19.90,7.0070,true,1,1567
5014271310428,false,מעדן דובדבנים שחורים ללא תוספת סוכר 284 גרם,סאן דלפור - שמבור,FR,מעדן דובדבנים שחורים 284 ג סנדלפור,גרמים,284.00,100 גרם,false,1,19.90,7.0070,true,1,1568
5014271330426,false,מעדן אוכמניות כחולות ללא תוספת סוכר 284 גרם,סאן דלפור - שמבור,FR,מעדן אוכמניות כחולות 284 ג סנדלפור,גרמים,284.00,100 גרם,false,1,19.90,7.0070,true,1,1569
5014271350424,false,מעדן ארבעה פירות ללא תוספת סוכר 284 גרם,סאן דלפור - שמבור,FR,מעדן ארבע פירות 284 ג סנדלפור,גרמים,284.00,100 גרם,false,1,19.90,7.0070,true,1,1570
5014271360423,false,"מעדן תפוזים לל""ס סאן דלפור 284 גרם",סאן דלפור - שמבור,FR,מעדן תפוז 284 ג סנדלפור,גרמים,284.00,100 גרם,false,1,19.90,7.0070,true,1,1571
5014271370422,false,מעדן אפרסקים ללא תוספת סוכר 284 גרם,סאן דלפור - שמבור,FR,מעדן אפרסק 284 ג סנדלפור,גרמים,284.00,100 גרם,false,1,19.90,7.0070,true,1,1572
5014271400426,false,"מעדן בטעם תות שדה לל""ס סאן דלפור 284 גרם",סאן דלפור - שמבור,FR,מעדן תות שדה 284 ג סנדלפור,גרמים,284.00,100 גרם,false,1,19.90,7.0070,true,1,1575
5014271560427,false,מעדן תפוז וג'ינג'ר ללא סוכר סאן דלפור 284 גר,סאן דלפור - שמבור,FR,מעדן תפוז גיינגר 284 ג סנדלפור,גרמים,284.00,100 גרם,false,1,19.90,7.0070,true,1,1576
5014271795980,false,מעדן חמוציות ואוכמניות ללא תוספת סוכר 284 גרם,סנדלפור St.dalfour,FR,מעדן חמוציות ואוכמניות 284 ג סנדלפור,גרמים,284.00,100 גרם,false,1,19.90,7.0070,true,1,3739
5015821144029,false,ראגה תערובת שום וכוס,,GB,ראגה תערובת שום וכוסברה 100 גרם שקית,גרמים,100.00,100 גרם,false,1,9.90,9.9000,true,1,46281
5015821144043,false,ראגה תבלין חריף ופיק,,GB,ראגה תבלין חריף ופיקנטי 100 גרם שקית,גרמים,100.00,100 גרם,false,1,9.90,9.9000,true,1,46282
5015821144708,false,ראגה תערובת תיבול לכ,,GB,ראגה תערובת תיבול לכל מטרה 100 גרם שקית,גרמים,100.00,100 גרם,false,1,9.90,9.9000,true,1,46270
5015821144746,false,ראגה תבלין לכבש 100,,GB,ראגה תבלין לכבש 100 גרם שקית,גרמים,100.00,100 גרם,false,1,9.90,9.9000,true,1,46279
5015821144760,false,ראגה הל ירוק שלם 50,,GB,ראגה הל ירוק שלם 50 גרם שקית,Unknown,0.00,Unknown,false,1,29.90,0.0000,true,1,46288
5015821144845,false,ראגה גינגר טהור טחון,,GB,ראגה גינגר טהור טחון 85 גרם שקית,Unknown,0.00,Unknown,false,1,9.90,0.0000,true,1,46268
5015821144968,false,ראגה קארי מדרס חריף,,GB,ראגה קארי מדרס חריף 100 גרם שקית,גרמים,100.00,100 גרם,false,1,9.90,9.9000,true,1,46275
5015821145026,false,ראגה קארי מדרס עדין,,GB,ראגה קארי מדרס עדין 100 גרם שקית,גרמים,100.00,100 גרם,false,1,9.90,9.9000,true,1,46276
5015821145200,false,ראגה צילי אקסטרא חרי,,GB,ראגה צילי אקסטרא חריף 100 גרם שקית,גרמים,100.00,100 גרם,false,1,9.90,9.9000,true,1,46267
5015821145248,false,ראגה תבלין סגנול גרק,,GB,ראגה תבלין סגנול גרק 100 גרם שקית,גרמים,100.00,100 גרם,false,1,11.90,11.9000,true,1,46293
5015821146160,false,ראגה תבלין מרכך בשר,,GB,ראגה תבלין מרכך בשר 100 גרם שקית,גרמים,100.00,100 גרם,false,1,11.90,11.9000,true,1,46284
5015821149673,false,ראגה גרגירי חרדל שחו,,GB,גרגירי חרדל שחור שלמים 100 גרם שקית,גרמים,100.00,100 גרם,false,1,9.90,9.9000,true,1,46264
5015821149703,false,ראגה זרעי חילבה 100,,GB,ראגה זרעי חילבה 100 גרם שקית,גרמים,100.00,100 גרם,false,1,9.90,9.9000,true,1,46273
5015821151287,false,ראגה קארי חריף מעודן,,GB,ראגה קארי חריף מעודן קאריבי 100 גרם שקית,גרמים,100.00,100 גרם,false,1,9.90,9.9000,true,1,46278
5015821151294,false,ראגה קארי חריף קאריב,,GB,ראגה קארי חריף קאריבי 100 גרם שקית,גרמים,100.00,100 גרם,false,1,9.90,9.9000,true,1,46277
5015821157784,false,ראגה זרעי כוסברה שלמ,,GB,ראגה זרעי כוסברה שלמים 50 גרם שקית,Unknown,0.00,Unknown,false,1,11.90,0.0000,true,1,46283
5015821157807,false,ראגה תבלין גארם מסאל,,GB,ראגה תבלין גארם מסאלה 85 גרם שקית,Unknown,0.00,Unknown,false,1,9.90,0.0000,true,1,46280
5015821157821,false,ראגה זרעי כמון שלמים,,GB,ראגה זרעי כמון שלמים 85 גרם שקית,Unknown,0.00,Unknown,false,1,9.90,0.0000,true,1,46271
5015821157838,false,ראגה זרעי שומר שלמים,,GB,ראגה זרעי שומר שלמים 85 גרם שקית,Unknown,0.00,Unknown,false,1,9.90,0.0000,true,1,46265
5018357006731,false,תערובת דגנים 40% פירות ואגוזים 560 גרם,דורסט סיריאלס,GB,תערובת דגנים רילי נטי בקרטון 560 גר,גרמים,560.00,100 גרם,false,1,26.90,4.8036,true,1,5756
5018357006755,false,תערובת דגנים 50% פירות ואגוזים 540 גרם,דורסט סיריאלס,GB,תערובת דגנים היי פיבר 540 גר,גרמים,540.00,100 גרם,false,1,26.90,4.9815,true,1,5625
5018357006779,false,תערובת דגנים 50% פירות ואגוז+חמוציות 540,דורסט סיריאלס Dorset Cereals,GB,תערובת דגנים קרנברי 540 גר,גרמים,540.00,100 גרם,false,1,31.90,5.9074,true,1,5627
5018357006816,false,תערובת דגנים 30% פירות ואגוזים 620 גרם,דורסט סיריאלס,GB,תערובת דגנים דלישס 620 גר,גרמים,620.00,100 גרם,false,1,22.90,3.6935,true,1,5626
5018357011858,false,דורסט סיריאלס-ברי גרנולה 550 גרם,דורסט סיריאליס,IL,תערובת גרנולה ברי550 גר דורסט,גרמים,550.00,100 גרם,false,1,32.90,5.9818,true,1,19028
5018357011896,false,דורסט סיריאלס-גרנולה דבש 550 גרם,דורסט סיריאליס,IL,תערובת גרנולה דבש550 גר דורסט,גרמים,550.00,100 גרם,false,1,27.90,5.0727,true,1,19027
5018357012435,false,תערובת דגנים דורסט סיריאלס כוסמין 570 ג,דורסט סיריאלס,GB,תערובת מוזלי כוסמין קלוי 570 גר,גרמים,570.00,100 גרם,false,1,31.90,5.5965,true,1,33617
5018357012459,false,תערובת דגנים דורסט סיריאלס פירות 600 ג,דורסט סיריאלס,GB,תערובת מוזלי פירות מלא 600 גר,גרמים,600.00,100 גרם,false,1,31.90,5.3167,true,1,33618
5018357012558,false,תערובת דגנים דורסט סיריאלס קלאסי 600 ג,דורסט סיריאלס,GB,תערובת מוזלי קלאסי 600 גר,גרמים,600.00,100 גרם,false,1,31.90,5.3167,true,1,33619
5020628000126,false,"תאצרס הייז מעונן סיידר תפוחים 4.5% 500 מ""ל",ת'אצרס,GB,סיידר תאצרס הייז 500מל פקדון,מיליליטרים,500.00,"100 מ""ל",false,24,11.90,2.3800,true,1,23246
5020628001178,false,"תאצרס גולד סיידר תפוחים 4.8% 500 מ""ל",,,סיידר תאצרס גולד 500מל פקדון,מיליליטרים,500.00,"100 מ""ל",false,24,11.90,2.3800,true,1,23247
5020628001475,false,"תאצרס רוזה סיידר תפוחים 4% 500 מ""ל",בווריה,GB,סיידר תאצרס רוזה 500מל בק. פקדון,מיליליטרים,500.00,"100 מ""ל",false,12,11.90,2.3800,true,1,34047
5021349701019,false,"וויסקי ויסקי טומינטול 10 שנה 700 מ""ל",אנגוס דנדי,GB,וויסקי טומינטול 10 שנה 700 מל,מיליליטרים,700.00,"100 מ""ל",false,1,169.00,24.1429,true,1,49997
5021349702894,false,"וויסקי טומינטול סינגל מאלט טילה 700 מ""ל",אנגוס דנדי,GB,וויסקי טומינטול סינגל מאלט טילה 700 מל,מיליליטרים,700.00,"100 מ""ל",false,6,165.00,23.5714,true,1,33796
5021349746140,false,וויסקי טומינטול 14 ש,,,וויסקי טומינטול 14 שנה 700 מל,מיליליטרים,700.00,"100 מ""ל",false,1,299.00,42.7143,true,1,49998
5021692000241,false,גין היימנס לונדון דר,היימנס ג'ין,,גין היימנס לונדון דריי 700 מל,מיליליטרים,700.00,"100 מ""ל",false,1,90.00,12.8571,true,1,24871
5021692000340,false,גין היימנס אולד טום,היימנס ג'ין,,גין היימנס אולד טום 700 מל,מיליליטרים,700.00,"100 מ""ל",false,1,99.90,14.2714,true,1,24872
5023625004487,false,בירה הובגובלין רובי500מל,וויצ'וד ויטניי,GB,בירה הובגובלין 500 מל פקדון,מיליליטרים,500.00,"100 מ""ל",false,1,16.90,3.3800,true,1,10994
5024546366609,false,"וויסקי 700 מ""ל LAUDERS SCOTCH",מקדוף אינטרנשנל דיסט,GB,וויסקי לאודרס 700 מל,מיליליטרים,700.00,"100 מ""ל",false,1,75.00,10.7143,true,1,18349
5024720900001,false,וויסקי פינלאגן סינגל,,,וויסקי פינלאגן סינגל מאלט מעושן 700 מל,מיליליטרים,700.00,"100 מ""ל",false,1,159.00,22.7143,true,1,14225
5026489483955,false,חטיף חומוס סיסולט איט ריל 45 גרם,לקסמי אנד סונס סי/\אי קו,GB,חטיף חומוס סיסולט 45 גרם,Unknown,0.00,Unknown,false,12,8.90,0.0000,true,1,23000
5026489484006,false,חטיף עדשים עגבניות ובזיליקום 40,לקסמי אנד סונס סי/\אי קו,GB,חטיף עדשים טומטו 40 גרם,Unknown,0.00,Unknown,false,12,8.90,0.0000,true,1,23007
5026489484785,false,חט.קינואה ט.שמנת+עירית30,קופרש סנק פודס,GB,חטיף קינואה שמנת ועירית 30 גרם,Unknown,0.00,Unknown,false,12,8.90,0.0000,true,1,39878
5028349003693,false,ויסקי בוני אנד קלייד,גלן קלייד,,וויסקי בוני וקלייד 1 ליטר,ליטרים,1.00,ליטר,false,1,79.90,79.9000,true,1,14227
5029053002408,false,נייר טואלט קלינקס פרימיום לבן - מארז 9 גלילים,קימברלי קלארק ישראל,IL,נייר טואלט קלינקס לבן 1/9,יחידה,9.00,יחידה,false,1,35.90,3.9889,true,1,1580
5029053002439,false,נייר טואלט קלינקס פרימיום צהוב - מארז 9 גלילים,חוגלה קימברלי,GB,נייר טואלט קלינקס צהוב 1/9,יחידה,9.00,יחידה,false,1,35.90,3.9889,true,1,1581
5029053510811,false,קוטקס - תחבושות אולטרה נורמל + כנפיים 30 יח',קימברלי קלארק,CZ,תחבושות קוטקס נורמל 28 יח,יחידה,28.00,יחידה,false,1,19.90,0.7107,true,1,2913
5029053510828,false,קוטקס - תחבושות אולטרה סופר + כנפיים 22 יח',קימברלי קלארק,CZ,תחבושות קוטקס סופר 24 יח,יחידה,24.00,יחידה,false,1,19.90,0.8292,true,1,2914
5029053523446,false,קוטקס - תחבושות אולטרה נייט + כנפיים 20 יח',קימברלי קלארק,CZ,תחבושות קוטקס לילה 20 יח,יחידה,20.00,יחידה,false,1,19.90,0.9950,true,1,2915
5029053527574,false,האגיס תחתון ספיגה 4-7 בנים דריי נייטס 10 יחידות,חוגלה קימברלי,CZ,חיתולי האגיס דריי נייטס 4-7 בנים,Unknown,0.00,Unknown,false,1,32.90,0.0000,true,1,4340
5029053527581,false,האגיס תחתון ספיגה 4-7 בנות דריי נייטס 10 יחידות,חוגלה קימברלי,CZ,חיתולי האגיס דריי נייטס 4-7 בנות,Unknown,0.00,Unknown,false,1,39.90,0.0000,true,1,4341
5029053527598,false,האגיס תחתון ספיגה 15-8 בנים דריי נייטס 9 יחידות,חוגלה קימברלי,CZ,חיתולי האגיס דריי נייטס 15-8 בנים,Unknown,0.00,Unknown,false,1,39.90,0.0000,true,1,4342
5029053527604,false,האגיס תחתון ספיגה 15-8 בנות דריי נייטס 9 יחידות,חוגלה קימברלי,IL,חיתולי האגיס דריי נייטס 15-8 בנות,Unknown,0.00,Unknown,false,1,39.90,0.0000,true,1,4412
5029053531267,false,14תח.גמילה בנים מידה 5,חוגלה קימברלי,IL,חיתולי פול אפס בנים יום מידה מדיום,Unknown,0.00,Unknown,false,1,29.90,0.0000,true,1,6074
5029053534589,false,קוטקס טמפוני מיני B נורמל 32 יחידות,קימברלי קלארק,CZ,טמפון קוטקס מיני 32 יח,יחידה,32.00,יחידה,false,1,29.90,0.9344,true,1,7363
5029053534596,false,קוטקס טמפוני נורמל ללא מוליך 32 יח,קימברלי קלארק,CZ,טמפון קוטקס נורמל 32 יח,יחידה,32.00,יחידה,false,1,29.90,0.9344,true,1,7364
5029053534602,false,קוטקס טמפוני סופר ללא מוליך 32 יח,קימברלי קלארק,CZ,טמפון קוטקס סופר 32 יח,יחידה,32.00,יחידה,false,1,29.90,0.9344,true,1,7365
5029053535210,false,טמפון קוטקס עם מוליך מיני 16 יח,קימברלי קלארק,CZ,טמפון קוטקס מיני+מוליך 16 יח,יחידה,16.00,יחידה,false,1,25.90,1.6187,true,1,8142
5029053538426,false,בגד ים חד פעמי ליטל סווימרס 12-18kg L,חוגלה קימברלי,CZ,חיתול האגיס ליטל סווימרס לארג,Unknown,0.00,Unknown,false,1,29.90,0.0000,true,1,11982
5029053574103,false,האגיס פול אפס תח.גמילה יום בנות 20 יחידו,KC צ'כיה,IL,חיתולי פול אפס בנות יום גיל 2-4 שנים 20י,יחידה,20.00,יחידה,false,1,39.90,1.9950,true,1,39043
5029053574110,false,האגיס פול אפס תח.גמילה יום בנים 20 יחידו,חוגלה,IL,חיתולי פול אפס בנים יום גיל 2-4שנים 20יח,יחידה,20.00,יחידה,false,,39.90,1.9950,true,1,39042
5029053574141,false,האגיס פול אפס תח.גמילה לילה בנות 18 יחיד,חוגלה,IL,חיתולי פול אפס בנות לילה גיל 2-4 שנה 18י,יחידה,18.00,יחידה,false,1,39.90,2.2167,true,1,39045
5029053574158,false,האגיס פול אפס תח.גמילה לילה בנים 18 יחיד,KC צ'כיה,IL,חיתולי פול אפס בנים לילה גיל 2-4שנה 18יח,יחידה,18.00,יחידה,false,1,39.90,2.2167,true,1,39044
5029053576114,false,קלינקס גל ידיים היגייני 220 מל,חוגלה קימברלי,IT,גל היגייני לניקוי ידיים 220מל קלינקס,מיליליטרים,220.00,"100 מ""ל",false,12,19.90,9.0455,true,1,38105
5029053578309,false,קופסת ממחטות אולטרה סופט 48 דף קלינקס,קימברלי,IL,ממחטות קלינקס אולטרא סופט 48יח קוביה,יחידה,48.00,יחידה,false,1,9.90,0.2063,true,1,45503
5029054220085,false,האגיס - מגבוני האגיס אקסטרה קר לא מבושם 56 יח' * 4,קימברלי קלארק,IL,מארז 4יח מגבוני האגיס רך נולד 56יח,יחידה,224.00,יחידה,false,1,22.90,0.1022,true,1,23854
5029396739030,false,משקה פנטימנס מי טוני,תומאס הארדי קנדל בעמ,GB,משקה פנטימנס מי טוניק 200מל בק.פקדון,מיליליטרים,200.00,"100 מ""ל",false,24,8.30,4.1500,true,1,29432
5029704111480,false,וויסקי בונהאבן 12 שנ,,,וויסקי בונהאבן 12 שנה 700 מל פיקדון,מיליליטרים,700.00,"100 מ""ל",false,1,240.00,34.2857,true,1,7552
5034660521877,false,שוקולד קדבורי דיירי,מונדליז,GB,שוקולד קדבורי דיירי מילק אגוז שלם 120 גרם,גרמים,120.00,100 גרם,false,16,9.90,8.2500,true,1,49693
5034709001353,false,חטיף ציפס ברטס ומלח,,GB,חטיף ציפס ברטס ומלח ים 150 גרם,גרמים,150.00,100 גרם,false,10,17.90,11.9333,true,1,50953
5034709001391,false,חטיף ציפס ברטס צילי,,GB,חטיף ציפס ברטס צילי חריף ומתוק 150 גרם,גרמים,150.00,100 גרם,false,10,17.90,11.9333,true,1,50952
5034709001414,false,BURTS צ'יפס - צ'דר ובצל 150גר,,GB,חטיף ציפס ברטס צדר ובצל 150 גרם,גרמים,150.00,100 גרם,false,10,17.90,11.9333,true,1,50948
5034709001452,false,BURTS צ'יפס מלח וחומץ 150גר,,GB,חטיף ציפס ברטס מלח וחומץ 150 גרם,גרמים,150.00,100 גרם,false,10,17.90,11.9333,true,1,50950
5034709003685,false,חטיף ציפס ברטס גינאס,,GB,חטיף ציפס ברטס גינאס 150 גרם,גרמים,150.00,100 גרם,false,10,17.90,11.9333,true,1,50949
5035766060253,false,"בירה מרפיס, בירת סטאוט, פחית 500 מ""ל",מרפיס Murphys,GB,בירה מרפיס פח 500 מל פיקדון,מיליליטרים,500.00,"100 מ""ל",false,1,12.90,2.5800,true,1,6855
5038342511385,false,"ג'ון קורייר 700 מ""ל",,,גין קורייר 700 מל,מיליליטרים,700.00,"100 מ""ל",false,1,59.90,8.5571,true,1,26992
5050083559761,false,דגני בוקר קלוגס קוקו פופס שוקוס 500 גרם,קלוגס מניופקטורינג אספנה,ES,דגני קלוגס קוקו פופס שוקוס 500 גר,גרמים,500.00,100 גרם,false,1,17.90,3.5800,true,1,8507
5050974505259,false,פת פריכה קמח שיפון מלא עם גרעינים ודגנים קלויים,דה ג'ורדנס אנד ריווי,GB,פת ריויטה קמח שיפון דגנים 250 גר,גרמים,250.00,100 גרם,false,1,11.50,4.6000,true,1,35792
5050974505297,false,רייויטה פת פריכה שיפון מלא שומשום 250 גר,דה ג'ורדנס אנד ריווי,GB,פת ריויטה קמח שיפון שומשום 250 גר,גרמים,250.00,100 גרם,false,1,11.50,4.6000,true,1,35793
5053827191753,false,דגני בוקר קלוגס - ווראייטי מארז 190 גר,קלוגס,GB,דגני קלוגס ווריאטי 8 סוגים 190 גרם,גרמים,190.00,100 גרם,false,6,18.90,9.9474,true,1,49688
5053827193368,false,דגני בוקר קלוגס ברנפלקס 500 גרם,קלוגס קומפני אוף גרייט ב,GB,דגני קלוגס ברן פלקס 500 ג,גרמים,500.00,100 גרם,false,1,22.90,4.5800,true,1,24884
5053827213998,false,דגני בוקר קלוגס ספיישל קיי 375 גר,קריות זול,GB,דגני קלוגס ספשייל קיי 375 גרם,גרמים,375.00,100 גרם,false,1,22.90,6.1067,true,1,50816
5053827215862,false,קלוגס קוקו פופס שוקו 500ג',קלוגס מניופקטורינג אספנה,GB,דגני קלוגס קוקו פופס מופחת סוכר510 גר,גרמים,510.00,100 גרם,false,1,17.90,3.5098,true,1,32403
5054267003460,false,משקה אוכמניות שחורות,,GB,משקה אוכמניות שחורות 1.5 ליטר,מיליליטרים,1500.00,"100 מ""ל",false,12,51.90,3.4600,true,1,40423
5055966801005,false,"וויסקי בושמילס אוריגינל 700 מ""ל",אלב בושמילס,,וויסקי אירי בושמילס אורגינל 700 מל,מיליליטרים,700.00,"100 מ""ל",false,1,89.90,12.8429,true,1,14234
5055966820037,false,"וויסקי בושמילס סינגל 10 שנים750 מ""ל",אלב בושמילס,,וויסקי סינגל מאלט 10 שנים 1 לי,ליטרים,1.00,ליטר,false,1,159.00,159.0000,true,1,18575
5056025413061,false,בירה ברודוג אלויס גו,ברודוג פי אל סי,DK,בירה ברודוג אלויס גוס 330מל פח.פקדון,מיליליטרים,330.00,"100 מ""ל",false,24,16.90,5.1212,true,1,28265
5056025418110,false,מארז 12 בירות ברודוג,ברודוג פי אל סי,DK,מארז 12 בירות ברודוג כריסמס 330מל פח.פקד,מיליליטרים,3960.00,"100 מ""ל",false,1,159.00,4.0152,true,1,51917
5056025426108,false,בירה ברודוג לוסט לאג,ברודוג פי אל סי,DK,בירה ברודוג לוסט לאגר 440מל פח.פקדון,מיליליטרים,440.00,"100 מ""ל",false,24,24.90,5.6591,true,1,50753
5056025434158,false,בירה ברודוג דופוליס,,GB,בירה ברודוג דופוליס 330מל פת.פקדון 4.7%,מיליליטרים,330.00,"100 מ""ל",false,1,16.90,5.1212,true,1,38661
5056025453272,false,בירה ברודוג לוסט לאג,ברודוג פי אל סי,DK,בירה ברודוג לוסט לאגר 440מל פח.פקדון,מיליליטרים,440.00,"100 מ""ל",false,24,16.90,3.8409,true,1,50749
5056025456075,false,בירה ברודוג טוניס הו,ברודוג פי אל סי,DK,בירה ברודוג טוניס הופולוני440מל פח.פקדון,מיליליטרים,440.00,"100 מ""ל",false,24,24.90,5.6591,true,1,50754
5056025462410,false,בירה ברודוג לוסט אין,ברודוג פי אל סי,DK,בירה ברודוג לוסט אין ליצי ליים 440מ פחית,מיליליטרים,440.00,"100 מ""ל",false,24,16.90,3.8409,true,1,50751
5056025462434,false,בירה ברודוג לוסט אין,ברודוג פי אל סי,DK,בירה ברודוג לוסט אין גויאבה 440מל פח.פקד,מיליליטרים,440.00,"100 מ""ל",false,24,16.90,3.8409,true,1,50750
5056025463424,false,בירה ברודוג 90 דייס,ברודוג פי אל סי,DK,בירה ברודוג 90 דייס בוק 330מל פח.פקדון,מיליליטרים,330.00,"100 מ""ל",false,24,16.90,5.1212,true,1,50744
5059001003713,false,איירוויק - מקלות ריחניים בניחוח תאנה ופירות יער,רקיט בנקיזר,HU,מקלות אירוויק ריחניים תאנה ופירות יער,יחידה,1.00,יחידה,false,1,14.90,14.9000,true,1,50895
5060045588128,false,"וויסקי גים בים לבן 700 מ""ל","איי, בי, אינבוו",US,וויסקי גים בים לבן כשר 700 מל,מיליליטרים,700.00,"100 מ""ל",false,1,79.90,11.4143,true,1,22581
5060108450263,false,"פיבר טרי מי טוניק 500 מ""ל",,GB,מי טוניק 500מל פרימיום בק.פקדון,מיליליטרים,500.00,"100 מ""ל",false,1,13.90,2.7800,true,1,40512
5060108450287,false,"פרימיום גינגר אייל 500 מ""ל",פיבר טרי,GB,גינגר אייל 500מל פרימיום בק.פקדון,מיליליטרים,500.00,"100 מ""ל",false,1,13.90,2.7800,true,1,40513
5060123607758,false,תה לונדון תפוח קינמו,טייפו,,תה לונדון תפוח קינמון אורגני 20 יח,יחידה,20.00,יחידה,false,1,15.20,0.7600,true,1,5348
5060123607765,false,תה לונדון לימון ליים,טייפו,,תה לונדון לימון ליים 20 יח אורגני,יחידה,20.00,יחידה,false,1,15.20,0.7600,true,1,5346
5060123607772,false,תה לונדון מנטה אורגנ,טייפו,GB,תה לונדון מנטה אורגני 20 יח,יחידה,20.00,יחידה,false,1,15.20,0.7600,true,1,5787
5060123607789,false,תה לונדון בטעם אפרסק,טייפו,GB,תה לונדון אפרסק 20 יח,יחידה,20.00,יחידה,false,1,15.20,0.7600,true,1,5789
5060123607796,false,תה לונדון תות שדה ונ,טייפו,GB,תה לונדון תות וניל 20 יח,יחידה,20.00,יחידה,false,1,15.20,0.7600,true,1,5701
5060123607802,false,לונדון חליטת גינגר לימון 20 שקיקים,טייפו,GB,תה לונדון גינגר ולימון 20 יח,יחידה,20.00,יחידה,false,1,15.20,0.7600,true,1,5700
5060123607819,false,תה לונדון תפוז 20 יח,טייפו,GB,תה לונדון תפוז 20 יח,יחידה,20.00,יחידה,false,1,15.20,0.7600,true,1,5349
5060123607833,false,תה לונדון קמומיל אור,טייפו,,תה לונדון קמומיל אורגני 20 יח,יחידה,20.00,יחידה,false,1,15.20,0.7600,true,1,5350
5060123607888,false,תה לונדון ענבי שועל,טייפו,GB,תה לונדון ענבי שועל 20 יח,יחידה,20.00,יחידה,false,1,15.20,0.7600,true,1,5699
5060123608014,false,תה לונדון דומדמיות כ,טייפו,,תה לונדון דומדומיות כחולות אורגני 20 יח,יחידה,20.00,יחידה,false,1,15.20,0.7600,true,1,5347
5060123608113,false,תה לונדון פטל 20 יח,טייפו,,תה לונדון פטל 20 יח,יחידה,20.00,יחידה,false,1,15.20,0.7600,true,1,39281
5060154914160,false,"בירה וגבונד פייל אייל 330 מ""ל ללא גלוטן",ברודוג פי אל סי,,בירה ברודוג וגבונד פייל אייל 330מל בק.פק,מיליליטרים,330.00,"100 מ""ל",false,1,16.90,5.1212,true,1,14206
5060169982024,true,קפה נמס ביניס אגוז ש,ביניס דה פלייוור קו,GB,קפה נמס ביניס אגוז שובב 50 גרם,Unknown,0.00,Unknown,false,1,19.90,0.0000,true,1,21037
5060169982031,true,קפה נמס ביניס דאבל ש,ביניס דה פלייוור קו,GB,קפה נמס ביניס דאבל שוקולד 50 גרם,Unknown,0.00,Unknown,false,1,19.90,0.0000,true,1,21034
5060169982062,true,קפה נמס ביניס קרמל מ,ביניס דה פלייוור קו,GB,קפה נמס ביניס קרמל מקורמל 50 גרם,Unknown,0.00,Unknown,false,1,19.90,0.0000,true,1,21033
5060169982123,true,קפה נמס ביניס איירש,ביניס דה פלייוור קו,GB,קפה נמס ביניס איירש קרם 50 גרם,Unknown,0.00,Unknown,false,1,19.90,0.0000,true,1,21035
5060250343741,false,הרשיז ראונדס קוקיס אנד קרים 96ג',הרשיז,PL,מארז 6 יח חטיף הרשיז ראונד קוקיס 96 גר,Unknown,0.00,Unknown,false,12,10.90,0.0000,true,1,47673
5060250343765,false,ריסס עוגיות קקאו במילוי חמאת בוטנים 96 ג,הרשיז,US,מארז 6 יח חטיף ריסז ראונדס בוטנים 96 גר,Unknown,0.00,Unknown,false,12,10.90,0.0000,true,1,47672
5060255492154,false,חול חתולים תורכיז6ל ספיגה מוגברת,אבר קלין Ever clean,NL,אברקךין תורכיז ללא בושם 6 לי,ליטרים,6.00,ליטר,false,1,59.90,9.9833,true,1,49396
5060255492185,false,"אברקלין עוצמה בניחוח מרענן 6 ק""ג",כלורוקס,NL,חול חתולים אברקלין לוונדר 5קג,קילוגרמים,5.00,"ק""ג",false,1,59.90,11.9800,true,1,19685
5060283762205,false,ציפס עדשים סריראצה וצילי 85 גרם,,GB,ציפס עדשים פרופר סריראצה וצילי 85 גרם,Unknown,0.00,Unknown,false,8,15.90,0.0000,true,1,50009
5060283762212,false,ציפס עדשים בטעם ברביקיו 85 גרם,,GB,ציפס עדשים פרופר ברביקיו 85 גרם,Unknown,0.00,Unknown,false,8,15.90,0.0000,true,1,50102
5060319120023,false,תה קינמון אורגני 40 גרם הייר ליבינג,הייר ליבינג,GB,תה קינמון הייר ליבינג אורגני20יח,גרמים,20.00,100 גרם,false,1,16.90,84.5000,true,1,17248
5060319120047,false,תה ירוק אורגני 50 גרם הייר ליבינג,אונלי נטורל פרודקטס,GB,תה ורי ברי הייר ליבינג אורגני20יח,גרמים,20.00,100 גרם,false,1,16.90,84.5000,true,1,17249
5060319120078,false,תה איבנינג אורגני 40 גרם הייר ליבינג,אונלי נטורל פרודקטס,GB,תה סוויט דרימס הייר ליבינג אורגני20יח,גרמים,20.00,100 גרם,false,1,16.90,84.5000,true,1,17250
5060319120115,false,תה ירוק אורגני 50 גרם הייר ליבינג,אונלי נטורל פרודקטס,GB,תה ירוק הייר ליבינג אורגני20יח,גרמים,20.00,100 גרם,false,1,16.90,84.5000,true,1,17139
5060319120122,false,תה צאי ירוק אורגני 40 גרם הייר ליבינג,אונלי נטורל פרודקטס,GB,תה צאי ירוק הייר ליבינג אורגני20יח,גרמים,20.00,100 גרם,false,1,16.90,84.5000,true,1,17608
5060319120153,false,תה קמומיל ונילה אורגני 30 גר הייר ליבינג,אונלי נטורל פרודרטס,GB,תה קמומיל ונילה הייר ליבינג אורגני20יח,גרמים,20.00,100 גרם,false,1,16.90,84.5000,true,1,16181
5060319129286,false,תה לבן אורגני 35 גרם הייר ליבינג,אונלי נטורל פרודקטס,GB,תה לבן הייר ליבינג אורגני20יח,גרמים,20.00,100 גרם,false,1,16.90,84.5000,true,1,16185
5060319129293,false,תה ירוק קוקוס אורגני 40 גרם הייר ליבינג,הייר ליבינג,GB,תה ירוק קוקוס הייר ליבינג אורגני20יח,גרמים,20.00,100 גרם,false,1,16.90,84.5000,true,1,16187
5060319129309,false,תה ירוק לימון אורגני 40 גרם הייר ליבינג,הייר ליבינג,,תה ירוק לימון הייר ליבינג אורגני20יח,גרמים,20.00,100 גרם,false,1,16.90,84.5000,true,1,16186
5060319129422,false,הייר ליבינג- חליטת דיטוקס אורגנית 25 גרם,אונלי נטורל פרודקטס,PT,חליטת דיטוקס אורגני 25 גר הייר ליבינג,יחידה,1.00,יחידה,false,4,15.90,15.9000,true,1,37146
5060319129491,false,חליטת כורכום אורגני 30 גרם הייר ליבינג,אונלי נטורל פרודקטס,GB,תה חליטת כורכום הייר ליבינג אורגני20יח,גרמים,20.00,100 גרם,false,1,16.90,84.5000,true,1,17251
5060323901922,false,שעועית מיקס הילפילד,,IT,שעועית מיקס 400 גרם הילפילד,גרמים,400.00,100 גרם,false,24,8.90,2.2250,true,1,30036
5060323903933,false,הילפילד שעועית צ`ילי 400 גר,,IT,שעועית צילי 400 גרם הילפילד,גרמים,400.00,100 גרם,false,24,8.90,2.2250,true,1,30038
5060336504509,false,כרוב אדום כבוש הייוו,הייוורדס,GB,כרוב אדום כבוש הייוורדס 400 גרם,גרמים,400.00,100 גרם,false,6,25.90,6.4750,true,1,38847
5060412214124,false,חול אברקלין צהוב פיזור מופחת,אבר קלין Ever clean,NL,חול חתולים אברקלי בריז 5 קג,קילוגרמים,5.00,"ק""ג",false,1,59.90,11.9800,true,1,32784
5060517886486,false,"משקה אנרגיה מונסטר אנרג'י בפחית 500 מ""ל",מונסטר אנרג'י Monster Energy,RS,משקה אנרגיה מונסטר אנרגי 500מל פח.פקדון,מיליליטרים,500.00,"100 מ""ל",false,1,7.60,1.5200,true,1,31712
5060517886516,false,"משקה אנרגיה מונסטר אנרג'י זירו בפחית 500 מ""ל",מונסטר אנרג'י Monster Energy,RS,משקה אנרגיה מונסטר זירו 500מל פח.פקדון,מיליליטרים,500.00,"100 מ""ל",false,1,7.60,1.5200,true,1,31713
5060639128051,false,"משקה אנרגיה מונסטר אולטרה בפחית 500 מ""ל",מונסטר אנרג'י Monster Energy,RS,משקה אנרגיה מונסטר אולטרה500מל פח.פקדון,מיליליטרים,500.00,"100 מ""ל",false,1,7.60,1.5200,true,1,34893
5060639129102,false,"משקה אנרגיה מונסטר אנרג'י מנגו בפחית 500 מ""ל",מונסטר אנרג'י Monster Energy,RS,משקה אנרגיה מונסטר מנגו 500מל פח.פקדון,מיליליטרים,500.00,"100 מ""ל",false,1,7.60,1.5200,true,1,37760
5060671000063,false,מיקסרים מיוון בטעם אשכולית ורודה 200 מל,,GB,משקה אשכולית ורודה 200מל בק.פקדון סנטס 3,מיליליטרים,200.00,"100 מ""ל",false,24,8.30,4.1500,true,1,40671
5060671000087,false,המיקסרים החדש מיוון בטעם מי טוניק 200 מ,,GB,משקה טוניק 200מל בק. פקדון סנטס 3,מיליליטרים,200.00,"100 מ""ל",false,24,8.30,4.1500,true,1,40669
5060671000124,false,מיקסרים החדש מיוון בטעם טוניק לימון 200,,GB,משקה למון טוניק 200מל בק.פקדון סנטס 3,מיליליטרים,200.00,"100 מ""ל",false,24,8.30,4.1500,true,1,40672
5060751218173,false,"משקה אנרגיה מונסטר אנרג'י piplin punch בפחית 500 מ""ל",מונסטר אנרג'י לימטד,RS,משקה אנרגיה מונסטר פיפליי 500מל פח.פקדון,מיליליטרים,500.00,"100 מ""ל",false,1,7.60,1.5200,true,1,48475
5060751219033,false,"משקה אנרגיה מונסטר אנרג'י זירו paradise בפחית 500 מ""ל",מונסטר אנרג'י לימטד,RS,משקה אנרגיה מונסטר אולטרה 500מל פח.פקדון,מיליליטרים,500.00,"100 מ""ל",false,1,7.60,1.5200,true,1,48476
5099873006504,false,"וויסקי גק דניאלס קינמון 700 מ""ל",בראון פורמן,BE,וויסקי גק דניאלס פייר 700 מל פקדון,מיליליטרים,700.00,"100 מ""ל",false,6,110.00,15.7143,true,1,17464
5099873015506,false,ליקר סאוטרן קומפורט,,,ליקר סאוטרן קומפורט 700 מל,מיליליטרים,700.00,"100 מ""ל",false,1,89.00,12.7143,true,1,18532
5099873221976,false,"גנטלמן גק 700 מ""ל במארז טוקסידו",בראון פורמן,US,וויסקי גנטלמן גק מארז טוקסידו 700 מל,מיליליטרים,700.00,"100 מ""ל",false,6,159.00,22.7143,true,1,51579
5200100943787,false,עוגיות משיבולת שועל במילוי שוקולד מריר,Violanta Cookies S.A,GR,עוגיות ויולנטה שבולת שועל שוקולד מריר180,גרמים,180.00,100 גרם,false,12,11.90,6.6111,true,1,39010
5200100943824,false,עוגיות סובין קרם טחינה 170 גר VIOLANTA,Violanta Cookies S.A,GR,עוגיות סובין ויולנטה קרם טחינה 170 גר,גרמים,170.00,100 גרם,false,12,11.90,7.0000,true,1,39008
5200101940266,false,יין רצינה קכריבארי ק,,,יין רצינה קכריבארי קכריס 750 מל,מיליליטרים,750.00,"100 מ""ל",false,6,40.00,5.3333,true,1,50679
5200101940280,false,יין רצינה טיר אוף דה,,,יין רצינה טיר אוף דה פיין קכריס 750 מל,מיליליטרים,750.00,"100 מ""ל",false,6,110.00,14.6667,true,1,50680
5200116159554,false,יין פטרי לבן 750 מל,TROUPIS WINERY,,יין פטרי לבן 750 מל כולל פקדון,מיליליטרים,750.00,"100 מ""ל",false,1,65.00,8.6667,true,1,13737
5200116159561,false,יין פטרי אדום 750 מל,TROUPIS WINERY,,יין פטרי אדום 750 מל כולל פקדון,מיליליטרים,750.00,"100 מ""ל",false,1,65.00,8.6667,true,1,13740
5200116159578,false,יין פטרי רוזה 750 מל,TROUPIS WINERY,,יין פטרי רוזה 750 מל כולל פקדון,מיליליטרים,750.00,"100 מ""ל",false,1,65.00,8.6667,true,1,13739
5200133120476,false,גלילות וופלים ממולאים קרם אגוזים וקקאו 400 ג',יוניליוור גרמניה Gm,GR,גלילי וופל קרם אגוזים 400 גר גולדן ברייק,גרמים,400.00,100 גרם,false,1,13.90,3.4750,true,1,22382
5200133120483,false,גליליות וופלים ממולא קרם וניל 400 גר,יוניליוור גרמניה Gm,GR,גלילי וופל קרם וניל 400 גר גולדן ברייק,גרמים,400.00,100 גרם,false,1,13.90,3.4750,true,1,22381
5200133120735,false,גליליות וופלים שוקלד מריר 400 ג',"קוארטט אס.אי,",GR,גלילי וופל גולדן ברייק מריר 400 גרם,גרמים,400.00,100 גרם,false,1,13.90,3.4750,true,1,38172
5200303832925,false,גלילית בולרו קפוצינו,,,גלילוני וופל בולרו קרם קפוצינו 400 גר,גרמים,400.00,100 גרם,false,1,13.90,3.4750,true,1,7033
5200303833328,false,גלילוני וופל בולרו ק,,,גלילוני וופל בולרו קרם תות 400 גר,גרמים,400.00,100 גרם,false,1,13.90,3.4750,true,1,9146
5200323010600,false,יין ארגירוס אטלנטיס,,,יין ארגירוס אטלנטיס לבן 750 מל,מיליליטרים,750.00,"100 מ""ל",false,1,100.00,13.3333,true,1,22664
5201003110702,false,משקה אוזו 12 700 מל,קאלוניאס קוטסיקוס,GR,משקה אוזו 12 750 מל פיקדון,מיליליטרים,700.00,"100 מ""ל",false,1,79.90,11.4143,true,1,23794
5201004020338,false,קפריס וופל רול ממולא קרם אגוזי לוז 400 ג',א.ג פאפאגופולוס,GR,ופל רולס קפריס קלאסי 400 גרם,גרמים,400.00,100 גרם,false,1,19.90,4.9750,true,1,28126
5201004021328,false,קפריס רולס גלילי וופל במילוי קרם אגוזי לוז וקקאו,אי. ג'יי פאפאדופולוס,GR,גלילי ופל כפריס קרם אגוזים 115 גרם,גרמים,115.00,100 גרם,false,1,8.90,7.7391,true,1,16610
5201119008542,false,עלי גפן ממולאים באור,,GR,עלי גפן ממולאים באורז עשבי תיבול 200 גר,גרמים,200.00,100 גרם,false,12,13.90,6.9500,true,1,50646
5201178026686,false,ניוואה תרסיס שמן שיזוף 200 מל SPF6,ביירסדורץ,DE,שמן שיזוף ניוואה סאן 200מל מסנן קרינה 6,מיליליטרים,200.00,"100 מ""ל",false,12,37.90,18.9500,true,1,28039
5201178801054,false,"קרם רב שימושי ניוואה 250 מ""ל",טרופיקל דגיל תעשיות,DE,קרם ניוואה רב שימושי 250מל,מיליליטרים,250.00,"100 מ""ל",false,1,19.90,7.9600,true,1,1584
5201299505411,false,"יין אוריינוס הליוס לבן סמלי 750 מ""ל",,GR,יין אוריינוס הליוס לבן סמלי 750 מל,מיליליטרים,750.00,"100 מ""ל",false,6,60.00,8.0000,true,1,50676
5201299606866,false,"יין מאנטיניה סמלי 750 מ""ל",,GR,יין מאנטיניה לבן סמלי 750 מל,מיליליטרים,750.00,"100 מ""ל",false,6,75.00,10.0000,true,1,50677
5201347160326,false,גל לשמירה על חיי מכונת הכביסה קלגון 750מ,רקיט בנקיזר,IT,מרכך מים קלגון גל 750 מל,מיליליטרים,750.00,"100 מ""ל",false,1,29.90,3.9867,true,1,19952
5201347400545,false,רצועות שעווה מוכנות לשימוש לפנים ולאזורים רגישים,רקיט בנקיזר צרפת,FR,ויט רצועות שעווה לפנים,Unknown,0.00,Unknown,false,1,21.90,0.0000,true,1,8147
5201484021009,false,אוזו סאנס ריבל 700 מ,lsidoros arvanitis s,GR,אוזו סאן ריבל 700 מל,מיליליטרים,700.00,"100 מ""ל",false,1,80.00,11.4286,true,1,15470
5201583042028,false,סוכ' ל.סוכר טופי פיר,PALLAS,GR,טופי פירות ללא סוכר 175 גר פלאס,גרמים,175.00,100 גרם,false,1,11.90,6.8000,true,1,5496
5201583047092,false,סוכריות טופי פירות פ,PALLAS,GR,סוכריות טופי פירות פאלאס 1 קג,קילוגרמים,1.00,"ק""ג",false,1,29.90,29.9000,true,1,8626
5201583115098,false,סוכריות ג'לי פירות 1,PALLAS,,סוכריות גלי פירות 1 קג פאלאס,קילוגרמים,1.00,"ק""ג",false,1,29.90,29.9000,true,1,6821
5201704064038,false,יוגורט יווני קוליאוס,,GR,יוגורט יווני קוליאוס 1 קג 10% שומן,קילוגרמים,1.00,"ק""ג",false,1,31.90,31.9000,true,1,17326
5201704064243,false,יוגורט יווני 500 גרם,,GR,יוגורט יווני 500 גרם קוליאוס 10% שומן,גרמים,500.00,100 גרם,false,1,17.90,3.5800,true,1,18081
5201940010011,false,זיתים שחורים טבעיים בפח ויליפוד 454 גרם,סיוארס אס.איי,GR,זית טבעי שחורבפח 454 גר,גרמים,454.00,100 גרם,false,1,16.90,3.7225,true,1,4863
5201940010110,false,זיתים שחורים קלמטה וילי פוד 250 גרם,סיוארס אס.איי,GR,זית קלמטה שחור בפח 454 גר,גרמים,454.00,100 גרם,false,1,16.90,3.7225,true,1,4864
5202302000022,false,זיתים שחורים טבעיים 275 גרם,לילייה פודס,GR,ליליה זיתים שחורים טבעיים 275 גרם,גרמים,275.00,100 גרם,false,1,14.90,5.4182,true,1,47381
5202390014192,false,גבינה צהובה טבעונית זיתים ויאו לייף 200 ג',פרוטרופיק סיה.,GR,צהובה טבעונית זיתים 200 גרם,גרמים,200.00,100 גרם,false,1,22.90,11.4500,true,1,21694
5202390014239,false,גבינה צהובה טבעונית עשבי תיבול ויאו לייף 200 ג',פרוטרופיק סיה.,GR,צהובה טבעונית עשבי תיבול 200 גרם,גרמים,200.00,100 גרם,false,1,22.90,11.4500,true,1,21695
5202390015618,false,גבינה צהובה טבעונית אורגינל ויאו לייף 200 ג',אריביה אס.אי. 57022,GR,צהובה טבעונית אורגינל 200 גרם,גרמים,200.00,100 גרם,false,1,22.90,11.4500,true,1,12210
5202390015885,false,ויולייפ צד'ר פרוסות 200 גר 200 גר,ביוט איילנד פודס בעמ,GR,צהובה טבעונית בסגנון צדר 200גר ויולייף,גרמים,200.00,100 גרם,false,12,14.90,7.4500,true,1,49103
5202390016141,false,גבינה מוצרלה צהובה לפיצה טבעונית ויאו לייף 400 ג',פרוטרופיק סיה.,GR,צהובה טבעונית מוצרלה 400 גרם ליב,גרמים,400.00,100 גרם,false,1,24.90,6.2250,true,1,13977
5202390016325,false,גבינה צהובה טבעונית בטעם מעושן ויאו לייף 200ג',"אריביה אס.אי., יוון",GR,צהובה טבעונית בטעם מעושן 200 גרם,גרמים,200.00,100 גרם,false,1,22.90,11.4500,true,1,15527
5202390019319,false,מוצרלה טבעונית מגוררת ויולייף 200ג',קראפט,,בסגנון מוצרלה 200גר טבעונית מגורדת לפיצה,גרמים,200.00,100 גרם,false,1,24.90,12.4500,true,1,22491
5202390020407,false,פטה טבעונית גוש ויולייף 200 ג',ביוט איילנד פודס בעמ,GR,תחליף בסגנון פטה טבעוני 200 גר,גרמים,200.00,100 גרם,false,12,23.90,11.9500,true,1,25617
5202390021121,false,קרמי אוריגינל טבעוני ויולייף 150 גר,ביוט איילנד פודס בעמ,GR,תחליף קרמי אורגינל טבעוני 150גר ויולייף,גרמים,150.00,100 גרם,false,9,18.90,12.6000,true,1,25615
5202390022319,false,ויולייפ צד'ר מגורדת 150 גר,ביוט איילנד פודס בעמ,GR,בסגנון צדר מגורדת ויולייף 150גר,גרמים,150.00,100 גרם,false,12,22.90,15.2667,true,1,49104
5202795080709,false,אוזו מטקסה Ouzo Metaxa,פארייפאבה אגרואינדוס,GR,אוזו מטקסה 700 מל פקדון,מיליליטרים,700.00,"100 מ""ל",false,1,69.90,9.9857,true,1,4511
5202795120054,false,"ברנדי מטאקסה 5* באריזת שי 700 מ""ל",רמי קואנטרו,,ברנדי מטאקסה 5 כוכבים 700 מל פקדון,מיליליטרים,700.00,"100 מ""ל",false,1,105.00,15.0000,true,1,8636
5202795130022,false,"ברנדי מטאקסה *7 באריזת שי 700 מ""ל",רמי קואנטרו,,ברנדי מטאקסה 7 באריזת שי 700מל פקדון,מיליליטרים,700.00,"100 מ""ל",false,1,130.00,18.5714,true,1,10280
5202795150297,false,ברנדי מטאקסה 12 בארי,רמי קואנטרו,,ברנדי מטאקסה 12 באריזת שי 700מל פקדון,מיליליטרים,700.00,"100 מ""ל",false,1,145.00,20.7143,true,1,16788
5202904400305,false,גבינת קפלוטירי יווני בקר 300 ג',,GR,גבינת קפלוטירי יווני 300 גרם בקר,גרמים,300.00,100 גרם,false,1,24.90,8.3000,true,1,38174
5202904540308,false,גבינת קפלוטירי יווני צאן 300 ג',,GR,גבינת קפלוטירי יווני 300 גרם צאן,גרמים,300.00,100 גרם,false,1,29.90,9.9667,true,1,38175
5203021110016,false,יין טלאסיסטיס לבן יב,GAIA WINES S.A,,יין טלאסיסטיס לבן יבש מתיישן 750 מל,מיליליטרים,750.00,"100 מ""ל",false,1,120.00,16.0000,true,1,12290
5203021110115,false,יין טלאסיסטיס לבן יב,GAIA WINES S.A,,יין טלאסיסטיס לבן יבש 750 מל,מיליליטרים,750.00,"100 מ""ל",false,1,120.00,16.0000,true,1,12289
5203197122028,false,מנורי יווני צאן 200 גר,,GR,גבינת מנורי יווני צאן 200גר,גרמים,200.00,100 גרם,false,1,19.90,9.9500,true,1,48764
5310115000518,false,בסיס לעוגת בית שוקו,,,בסיס לעוגת בית שוקו 400 גר ויציני,גרמים,400.00,100 גרם,false,1,13.90,3.4750,true,1,7483
5310134008151,false,ממתק לוקום דוניא 400,,MK,ממתק לוקום דוניא 400 גרם,גרמים,400.00,100 גרם,false,10,14.90,3.7250,true,1,36137
5319990225511,false,עוגת רולדה עם אגוזים,,,עוגת רולדה אגוזים 300 גר וינשיני,גרמים,300.00,100 גרם,false,1,7.50,2.5000,true,1,5983
5319990225528,false,עוגת רולדה בטעם קרמל,,,עוגת רולדה קרמל 300 גר וינשיני,גרמים,300.00,100 גרם,false,1,7.50,2.5000,true,1,5982
5319990225535,false,עוגת רולדה בטעם תות,,,עוגת רולדה קקאו 300 גר וינשיני,גרמים,300.00,100 גרם,false,1,7.50,2.5000,true,1,5987
5391500600650,false,"בירה אוהרס - אייריש פייל אייל 330 מ""ל",,IE,בירה אוהרס אייריש פייל אייל330מל בק.פקדו,מיליליטרים,330.00,"100 מ""ל",false,1,11.90,3.6061,true,1,37598
5391500602487,false,"בירה אוהרס ווסט קוסט אי פי אי 440 מ""ל",,IE,בירה אוהרס ווסט קוסט 440מל פח.פקדון,מיליליטרים,440.00,"100 מ""ל",false,24,16.90,3.8409,true,1,46956
5391523057929,false,סימילאק גולד שלב 1 תרכובת מזון על בסיס חלב,אבוט מעבדות רפואיות,IE,תחליף חלב סימילאק גולד שלב 1 700גר,גרמים,700.00,100 גרם,false,1,69.90,9.9857,true,1,22823
5391523057936,false,סימילאק גולד שלב 2 תרכובת מזון על בסיס חלב,אבוט מעבדות רפואיות,IE,תחליף חלב סימילאק גולד שלב 2 700גר,גרמים,700.00,100 גרם,false,1,69.90,9.9857,true,1,22824
5391523057943,false,סימילאק גולד שלב 3 תרכובת מזון על בסיס חלב,אבוט מעבדות רפואיות,IE,תחליף חלב סימילאק גולד שלב 3 700גר,גרמים,700.00,100 גרם,false,1,69.90,9.9857,true,1,22825
5391523058063,false,סימילאק אדבנס פלוס 1 תרכובת מזון על בסיס חלב,טרופיקל דגיל תעשיות,IE,תחליף חלב סימילאק פלוס שלב 1 700גר,גרמים,700.00,100 גרם,false,1,66.90,9.5571,true,1,23567
5391523058070,false,סימילאק אדבנס פלוס 3 תרכובת מזון על בסיס חלב,טרופיקל דגיל תעשיות,IE,תחליף חלב סימילאק פלוס שלב 3 700גר,גרמים,700.00,100 גרם,false,1,66.90,9.5571,true,1,23569
5391523058087,false,סימילאק אדבנס פלוס 2 תרכובת מזון על בסיס חלב,טרופיקל דגיל תעשיות,IE,תחליף חלב סימילאק פלוס שלב 2 700גר,גרמים,700.00,100 גרם,false,1,66.90,9.5571,true,1,23568
5400141055146,false,שימורי בצלי פנינה בוני 650 גר,אהק בי.וקולברד,BE,בצלי פנינה בוני650 גרם,גרמים,650.00,100 גרם,false,12,14.90,2.2923,true,1,28995
5400141124163,false,מיץ לימון אברי דיי 2,קולרט,BE,מיץ לימון אברי דיי 250 מל,גרמים,250.00,100 גרם,false,12,7.50,3.0000,true,1,50098
5400141192322,false,שמן זית יווני בוני 7,קולרט,GR,שמן זית יווני בוני 750 מל,מיליליטרים,750.00,"100 מ""ל",false,12,39.90,5.3200,true,1,30692
5400141260472,false,תה שחור ביו בוני 25,קולרדת בוני בי וי,NL,תה שחור ביו בוני 25 יח 2 גרם,יחידה,25.00,יחידה,false,12,14.90,0.5960,true,1,40411
5400141288407,false,רוטב צילי סמבל בוני,,,רוטב צילי סמבל בק לחיץ 200 גרם,גרמים,200.00,100 גרם,false,1,12.90,6.4500,true,1,33023
5400141290523,false,רוטב טריאקי מתוק לוו,,,רוטב טריאקי מתוק לווק בוני 200 מל,מיליליטרים,200.00,"100 מ""ל",false,1,14.90,7.4500,true,1,33024
5400141353969,false,רוט פסטה מסקרפונה בו,קולרדת בוני בי וי,BE,רוט פסטה מסקרפונה בוני 420 גרם,גרמים,420.00,100 גרם,false,24,19.90,4.7381,true,1,33008
5400141357530,false,שימורי מלפפון חמוץ מתוק בוני 530 גר,,BE,רצועות מלפפון בוני חמוץ מתוק 510 גר,גרמים,510.00,100 גרם,false,1,19.90,3.9020,true,1,39893
5400141380996,false,רוטב פסטה ארביאטה בו,קולרדת בוני בי וי,BE,רוטב פסטה ארביאטה בוני 420 גרם,גרמים,420.00,100 גרם,false,24,19.90,4.7381,true,1,33009
5400141392197,false,צלפים פירות בחומץ בו,,,צלפים פירות בחומץ בוני 340 גרם,גרמים,340.00,100 גרם,false,1,13.90,4.0882,true,1,36964
5400141393033,false,חליטות מנטה בוני 25,קולרדת בוני בי וי,NL,חליטות מנטה בוני 25 יח 1.5 גרם,יחידה,25.00,יחידה,false,12,11.90,0.4760,true,1,40413
5400141393040,false,חליטות קמומיל בוני 2,קולרדת בוני בי וי,NL,חליטות קמומיל בוני 25 יח 1.5 גרם,יחידה,25.00,יחידה,false,12,11.90,0.4760,true,1,40412
5400141427059,false,עוגיות ספיריטס אבריד,קולרט,NL,עוגיות ספיריטס אברידאי 400 גרם,גרמים,400.00,100 גרם,false,20,11.90,2.9750,true,1,50022
5400141564822,false,פסטו ורדי בוני איטלק,אהק בי.וקולברד,BE,פסטו ורדי בוני איטלקי מקורי 190 גרם,גרמים,190.00,100 גרם,false,12,13.90,7.3158,true,1,39894
5400265014845,false,בונבוניירה המלט מסור,HAMLET NV,,בונבוניירה המלט מסורתי 250 גר,גרמים,250.00,100 גרם,false,1,39.90,15.9600,true,1,40707
5400265019055,false,פרלין בלגי בארוזת מתנה זהב 125 גר,HAMLET NV,BE,בונבוניירה המלט זהוב 125 גר,גרמים,125.00,100 גרם,false,1,22.90,18.3200,true,1,4520
5400265022796,false,המלט- שוקוליס דפדפי קריספי 125 גר,HAMLET NV,BE,דפדפי שוקולד קריספי 125 גר המלט,גרמים,125.00,100 גרם,false,1,15.00,12.0000,true,1,5876
5400265022819,false,המלט- שוקוליס דפדפי אגוז קריספי 125 גר,HAMLET NV,BE,דפדפי שוקולד אגוז קריספי 125 גר המלט,גרמים,125.00,100 גרם,false,1,15.00,12.0000,true,1,5877
5400265022826,false,המלט- שוקוליס דפדפי תפוז קריספי 125 גר,NV HAMLET,BE,דפדפי שוקולד תפוז קריספי 125 גר המלט,גרמים,125.00,100 גרם,false,1,15.00,12.0000,true,1,5878
5400265026138,false,המלט - באריזת מתנה 250 גרם מודרני,HAMLET NV,,בונבוניירה המלט מודרני 250 גר,גרמים,250.00,100 גרם,false,1,39.90,15.9600,true,1,8419
5400265026152,false,המלט -באריזת מתנה 250 גרם קלאסיק,HAMLET NV,,בונבוניירה המלט קלאסיק 250 גר,גרמים,250.00,100 גרם,false,1,39.90,15.9600,true,1,8418
5400265027265,false,המלט-אריזת מתנה צסטרפילד אדום 125 גר,HAMLET NV,BE,בונבוניירה המלט צסטרפילד אדום 125 גר,גרמים,125.00,100 גרם,false,1,22.90,18.3200,true,1,15456
5400265027739,false,בונבוניירה המלט זהוב,HAMLET NV,,בונבוניירה המלט זהוב סרט אדום 250 גר,גרמים,250.00,100 גרם,false,1,54.90,21.9600,true,1,40712
5400265030074,false,המלט - מתנה אמאג ליין אדום 125 גרם,HAMLET NV,BE,בונבוניירה המלט אמאג ליין אדום 125 גר,גרמים,125.00,100 גרם,false,1,22.90,18.3200,true,1,15454
5400265032337,false,המלט-אריזת מתנה צסטרפילד קרם 125 גר,HAMLET NV,BE,בונבוניירה המלט צסטרפילד לבן 125 גר,גרמים,125.00,100 גרם,false,1,22.90,18.3200,true,1,15455
5400265032344,false,"המלט-מתנה ליין ""לאב"" 250 גרם",HAMLET NV,,בונבוניירה המלט ליין לאב 250 גר,גרמים,250.00,100 גרם,false,1,39.90,15.9600,true,1,40708
5400265032993,false,המלט- נשיקות מרנג לבן 100 גרם,HAMLET NV,,עוגיות מרנג המלט לבן 100 גר,גרמים,100.00,100 גרם,false,1,13.00,13.0000,true,1,13272
5400265040745,false,המלט-מתנה ליין מנוקד 250 גר,HAMLET NV,,בונבוניירה המלט ליין מנוקד 250 גר,גרמים,250.00,100 גרם,false,1,39.90,15.9600,true,1,40709
5410081206201,false,בונ.קוטדור מיניונט ח,מונדליז,BE,בונ.קוטדור מיניונט חלב 240 גרם,גרמים,240.00,100 גרם,false,12,27.90,11.6250,true,1,40999
5410091648176,false,"פה - דאודורנט רול און לאישה פינק פרדייס 50 מ""ל",שוורצקופף והנקל,DE,דאו פה רול און פינק פראדיס 50 מל,מיליליטרים,50.00,"100 מ""ל",false,1,11.90,23.8000,true,1,4874
5410091678005,false,"סאיוס - ספריי לשיער ליצירת נפח 400 מ""ל",שוורצקוף,DE,ספריי שיער סאיוס ליצירת נפח 400 מל,מיליליטרים,400.00,"100 מ""ל",false,1,24.90,6.2250,true,1,21338
5410091678043,false,"סאיוס - מוס לשיער מתולתל 250 מ""ל",שוורצקוף,DE,מוס סאיוס לשיער מתולתל 250מל,מיליליטרים,250.00,"100 מ""ל",false,1,24.90,9.9600,true,1,21342
5410091708948,false,"סאיוס - מוס לשיער קרטין 250 מ""ל",הנקל סוד,SI,מוס סאיוס קרטין 250מל,מיליליטרים,250.00,"100 מ""ל",false,1,24.90,9.9600,true,1,21344
5410091708955,false,"סאיוס - ספריי לשיער קרטין 400 מ""ל",שוורצקופף והנקל,DE,ספריי שיער סאיוס קרטין 400 מל,מיליליטרים,400.00,"100 מ""ל",false,1,24.90,6.2250,true,1,21341
5410103161518,false,קרם יום עם פעולה משולשת לעור רגיל ומעורב,"לוריאל ישראל בע""מ",DE,קרם לחות לוריאל פעולה משולשת רגיל,Unknown,0.00,Unknown,false,1,39.90,0.0000,true,1,46809
5410103161617,false,קרם יום עם פעולה משולשת Triple active לעור יבש ועדין,"לוריאל ישראל בע""מ",DE,קרם לחות לוריאל פעולה משולשת יבש 50מל,Unknown,0.00,Unknown,false,1,39.90,0.0000,true,1,47073
5410126006360,false,לוטוס עוגיות סנדוויץ' במילוי לוטוס 150 גר',לוטוס ביקרי בלגיה נ.,BE,עוגיות לוטוס במילוי קרם לוטוס 150 גרם,גרמים,150.00,100 גרם,false,8,9.90,6.6000,true,1,40993
5410126106022,false,מארז עוגיות לוטוס 250 גר*2,לוטוס ביקרי נ.וי.,BE,מארז 2יח ביסקויט לוטוס 250 גרם,גרמים,500.00,100 גרם,false,8,14.90,2.9800,true,1,35490
5410126116953,false,ממרח ביסקוויט קרמל לוטוס 400 גרם,לוטוס בייקרי בלגיה נ,BE,ממרח לוטוס קרמל 400 גר,גרמים,400.00,100 גרם,false,1,17.90,4.4750,true,1,9928
5410126137002,false,מאגדת שלגון לוטוס 3י,,,מאגדת שלגון לוטוס 3יח,יחידה,3.00,יחידה,false,1,34.90,11.6333,true,1,39321
5410126487008,false,מאגדת שלגון שוקולד 3,,,מאגדת שלגון שוקולד 3יח,יחידה,3.00,יחידה,false,1,34.90,11.6333,true,1,51021
5410126666038,false,"ביסקוויט קרמל לוטוס 279 גרם בד""צ",לוטוס ביקרי נ.וי,BE,ביסקויט קרמל לוטוס 279 גרם 18 יח,גרמים,279.00,100 גרם,false,1,13.90,4.9821,true,1,24105
5410126716016,false,"עוגיות לוטוס ביסקויט קרמל בד""צ 250 גרם",לוטוס ביקרי בלגיה,BE,ביסקויט לוטוס קרמל 250 ג,גרמים,250.00,100 גרם,false,1,11.90,4.7600,true,1,1596
5410126726947,false,ממרח ביסקוויט קרמל קראנץ' לוטוס 380 גרם,לוטוס בייקרי בלגיה נ,BE,ממרח עוגיות לוטוס קראנץ 380 גר,גרמים,380.00,100 גרם,false,1,17.90,4.7105,true,1,12017
5410173210055,false,רומבוסט קפה טחון וקלוי לפילטר 70 גרם,קופי רומבוטס,BE,קפה פילטר רומבוטס 10 יח 57 גר,יחידה,10.00,יחידה,false,1,19.90,1.9900,true,1,10398
5410228141785,false,"בירה הוגרדן בקבוק330מ""ל",קרלסברג יבוא יצוא,BE,בירה הוגרדן 330 מל פקדון,מיליליטרים,330.00,"100 מ""ל",false,1,10.00,3.0303,true,1,33324
5410228217732,false,"סטלה ארטואה -פחית 440 מ""ל",מנדלז סי.אר. פרודקשן,BE,בירה סטלה ארטואה 440מל פח.פקדון,מיליליטרים,440.00,"100 מ""ל",false,1,12.90,2.9318,true,1,38587
5410228267515,false,"שישיית בירה לאגר באדוויזר 6*330 מ""ל",באדווייזר Budweiser,GB,מארז 6יח בירה באדוויזר 330מל,מיליליטרים,1980.00,"100 מ""ל",false,4,29.90,1.5101,true,1,29927
5410233710129,false,מיץ לימון 100% טבעי,,,מיץ לימון 100% טבעי ריליים 250 מל,מיליליטרים,250.00,"100 מ""ל",false,6,8.90,3.5600,true,1,36998
5410233740003,false,מיץ לימון ליים 100%,,,מיץ לימון ליים 100% טבעי ריליים 250 מל,מיליליטרים,250.00,"100 מ""ל",false,6,8.90,3.5600,true,1,36999
5410316983693,false,"סמירנוף אייס בקבוק 275 מ""ל",סמירנוף אייס Smirnoff ice,IT,משקה סמירנוף אייס 275 מל פיקדון,מיליליטרים,275.00,"100 מ""ל",false,1,11.90,4.3273,true,1,3190
5410481080005,false,קרלייר-נוגט אגוזים ושקדים 100 גרם,,BE,נוגט קרלייר אגוזים שקדים 100 גרם,גרמים,100.00,100 גרם,false,24,13.90,13.9000,true,1,41000
5410481080012,false,קרלייר-נוגט שוקולד 100 גר,,BE,נוגט קרלייר שוקולד 100 גרם,גרמים,100.00,100 גרם,false,24,13.90,13.9000,true,1,41001
5410481080029,false,קרלייר-נוגט פיסטוק 100 גר,,BE,נוגט קרלייר פיסטוק 100 גרם,גרמים,100.00,100 גרם,false,24,13.90,13.9000,true,1,41002
5410481080036,false,קרלייר-נוגט תות שדה 100 גר,,BE,נוגט קרלייר תות שדה 100 גרם,גרמים,100.00,100 גרם,false,24,13.90,13.9000,true,1,41003
5410481080043,false,קרלייר-נוגט פירות יער 100 גר,,BE,נוגט קרלייר פירות יער 100 גרם,גרמים,100.00,100 גרם,false,24,13.90,13.9000,true,1,41004
5410481080050,false,קרלייר-נוגט קפה 100 גר,,BE,נוגט קרלייר קפה 100 גרם,גרמים,100.00,100 גרם,false,24,13.90,13.9000,true,1,41005
5410481080128,false,נוגט קרלייר עם פירות,,BE,נוגט קרלייר עם פירות 100 גרם,גרמים,100.00,100 גרם,false,24,13.90,13.9000,true,1,41006
5410769100081,false,"בירה לה שוף קטן 330 מ""ל בקבוק","איי, בי, אינבוו",BE,בירה לה שוף 330 מל פיקדון,מיליליטרים,330.00,"100 מ""ל",false,1,14.90,4.5152,true,1,7148
5410769100098,false,"בקבוק לה שוף 750 מ""ל בקבוק",דובל מורטגט,BE,בירה לה שוף 750 מל פיקדון,מיליליטרים,750.00,"100 מ""ל",false,1,29.90,3.9867,true,1,7150
5410769100999,false,בירה ביג שוף 1.5ליטר,,,בירה ביג שוף 1.5ליטר בק. פיקדון,ליטרים,1.50,ליטר,false,1,58.70,39.1333,true,1,46544
5410769101095,false,בירה נייס שוף בק 750,brasserie dachouffe,,בירה נייס שוף 750 מל פיקדון,מיליליטרים,750.00,"100 מ""ל",false,1,29.90,3.9867,true,1,17518
5410769200088,false,"בירה מק שוף קטן 330 מ""ל בקבוק",פארייפאבה אגרואינדוס,BE,בירה מק שוף 330 מל פיקדון,מיליליטרים,330.00,"100 מ""ל",false,1,14.90,4.5152,true,1,7149
5410769200095,false,"בקבוק מק שוף 750 מ""ל בקבוק",דובל מורטגט,BE,בירה מק שוף 750 מל פיקדון,מיליליטרים,750.00,"100 מ""ל",false,1,29.90,3.9867,true,1,7151
5410769300085,false,בקבוק שוף הובלון 330,brasserie dachouffe,,בירה הובלון שוף 330 מל פיקדון,מיליליטרים,330.00,"100 מ""ל",false,1,14.90,4.5152,true,1,17466
5410769800097,false,"בירה לה צרי שוף 8% 330 מ""ל בקבוק",פארייפאבה אגרואינדוס,BE,בירה צרי שוף 8% 330 מל פיקדון,מיליליטרים,330.00,"100 מ""ל",false,1,14.90,4.5152,true,1,19731
5410769800554,false,"בקבוק צירי שוף 750 מ""ל בקבוק",דובל מורטגט,BE,בירה לה שוף צרי 750 מל פיקדון,מיליליטרים,750.00,"100 מ""ל",false,1,29.90,3.9867,true,1,28823
5410850413304,false,בונבוניירה צדפות בלג,BARILLA G.E.R.,BE,בונבוניירה צדפות בלגי ברונייה 250 ג,גרמים,250.00,100 גרם,false,12,19.90,7.9600,true,1,50448
5410908000074,false,בירה שימאיי בלו 750,,,בירה שימאיי בלו 750 מל פקדון,מיליליטרים,750.00,"100 מ""ל",false,1,29.90,3.9867,true,1,6184
5410976212010,false,גוליאן מארז מוזהב דצפים עם סרט 195 גר,,BE,בונ.גוליאן צדפות מארז מוזהב 195 גרם,גרמים,195.00,100 גרם,false,6,46.90,24.0513,true,1,51057
5410976823018,false,גיליאן-שוקולד מריר פטל 100 גר,,BE,שוקולד גוליאן מריר פטל 100 גרם,גרמים,100.00,100 גרם,false,12,14.90,14.9000,true,1,51054
5410976826019,false,שוקולד מריר 72% 100 גר גיליאן,,BE,שוקולד גוליאן 70% מריר 100 גרם,גרמים,100.00,100 גרם,false,12,14.90,14.9000,true,1,51053
5410976828013,false,גיליאן-שוקולד חלב מוקרם 100 גר,,BE,שוקולד גוליאן חלב מוקרם 100 גרם,גרמים,100.00,100 גרם,false,12,14.90,14.9000,true,1,51056
5410976840022,false,גיליאן-שוקולד חלב קרמל מלוח 100 גר,,BE,שוקולד גוליאן חלב קרמל מלוח 100 גרם,גרמים,100.00,100 גרם,false,12,14.90,14.9000,true,1,51052
5410976853015,false,גיליאן-שוקולד חלב שקד מקורמל 100 גר,,BE,שוקולד גוליאן חלב שקד מקורמל 100 גרם,גרמים,100.00,100 גרם,false,12,14.90,14.9000,true,1,51055
5411081000523,false,"בירה קסטיל דונקר 330 מ""ל",מבשלת קסטל ואן הונסברוק,BE,בירה קסטיל דונקר 330מל פקדון,מיליליטרים,330.00,"100 מ""ל",false,1,12.90,3.9091,true,1,10999
5411081003654,false,"קסטיל בירה רוז 330 מ""ל",מבשלת קסטל ואן הונסב,BE,בירה קסטיל רוז 330מל בק. פקדון,מיליליטרים,330.00,"100 מ""ל",false,1,12.90,3.9091,true,1,10998
5411081003661,false,"בירה קסטיל רוז 750 מ""ל",מבשלת קסטל ואן הונסב,,בירה קסטיל רוז 750מל פקדון,מיליליטרים,750.00,"100 מ""ל",false,1,29.90,3.9867,true,1,11015
5411081005696,false,"בירה קסטיל שוקולד (בריסטה) 330 מ""ל",מבשלת קסטל ואן הונסב,BE,בירה קסטיל שוקולד בריסטה 330מל פקדון,מיליליטרים,330.00,"100 מ""ל",false,1,12.90,3.9091,true,1,19691
5411081008420,false,"בירה בירה שושנע קסטיל 330 מ""ל פחית",מבשלת קסטל ואן הונסברוק,BE,בירה שושנע 330מל פח.פקדון,מיליליטרים,330.00,"100 מ""ל",false,1,12.90,3.9091,true,1,49317
5411081008567,false,"בירה קסטיל נואר (פורטר) נייטרו 300 מ""ל",,DE,בירה קסטיל נואר נייטרו 300מל פח. פקדון,מיליליטרים,300.00,"100 מ""ל",false,1,12.90,4.3000,true,1,40035
5411081009007,false,"בירה קסטיל אקסטרה 330 מ""ל",מבשלת קסטל ואן הונסב,,בירה קסטיל אקסטרה 330מל פקדון,מיליליטרים,330.00,"100 מ""ל",false,1,12.90,3.9091,true,1,47112
5411188080268,false,"אלפרו סויה אורגני 1 ל מפוקח ע""י סקאל",הנסיך- מפעל לייצור ט,BE,משקה סויה אלפרו אורגני 1 ל,ליטרים,1.00,ליטר,false,1,12.90,12.9000,true,1,11587
5411188081852,false,אלפרו משקה סויה בטעם וניל 1 ל',הנסיך- מפעל לייצור ט,BE,משקה סויה אלפרו וניל 1 ל,ליטרים,1.00,ליטר,false,1,12.90,12.9000,true,1,12012
5411188094159,false,רביעיית מעדן סויה שוקו מריר אלפרו 125 גרם,הנסיך- מפעל לייצור ט,BE,מעדן סויה אלפרו שוקולד בלגי4 יח,מיליליטרים,600.00,"100 מ""ל",false,1,17.90,2.9833,true,1,5430
5411188096108,false,"שמנת לבישול ע""ב סויה 250 מ""ל אלפרו",אלפרו C.V.A,BE,שמנת לבישול סויה אלפרו 250 מל,מיליליטרים,250.00,"100 מ""ל",false,1,8.90,3.5600,true,1,6838
5411188106159,false,אלפרו סויה לייט מופחת שומן 1.2% 1 ליטר,הנסיך- מפעל לייצור ט,BE,משקה סויה אלפרו טבעי לייט 1 ל,ליטרים,1.00,ליטר,false,1,14.00,14.0000,true,1,12010
5411188110835,false,אלפרו חלב סויה שקדים וניל 1ל',הנסיך- מפעל לייצור ט,BE,משקה שקדים אלפרו 1 ל,ליטרים,1.00,ליטר,false,1,12.90,12.9000,true,1,10320
5411188112709,false,"משקה קוקוס אלפרו 1 ליטר משקה שקדים לל""ס",הנסיך- מפעל לייצור ט,BE,משקה שקדים אלפרו ל.ס. 1 ל,ליטרים,1.00,ליטר,false,1,12.90,12.9000,true,1,12671
5411188115366,false,משקה קוקוס אלפרו 1 ליטר משקה שיבולת שועל 1 ליטר,הנסיך- מפעל לייצור ט,BE,משקה שבולת שועל אלפרו 1 ל,ליטרים,1.00,ליטר,false,1,12.90,12.9000,true,1,12007
5411188115434,false,משקה אלפרו בריסטה סויה 1 ליטר,אלפרו C.V.A,BE,משקה סויה אלפרו בריסטה 1 ליטר,ליטרים,1.00,ליטר,false,8,12.90,12.9000,true,1,47805
5411188115472,false,משקה סויה אלפרו 1 ליטר,הנסיך- מפעל לייצור ט,BE,משקה סויה אלפרו טבעי לייט 1 ל,ליטרים,1.00,ליטר,false,12,12.90,12.9000,true,1,35438
5411188118732,false,משקה אלפרו קוקוס ושקדים 1 ליטר,הנסיך- מפעל לייצור ט,BE,משקה שקדים קוקוס אלפרו 1 ל,ליטרים,1.00,ליטר,false,1,12.90,12.9000,true,1,15007
5411188120957,false,"אלפרו תערובת לבישול על בסיס קוקוס 250 מ""ל",אלפרו C.V.A,BE,אלפרו קוקוס לבישול 250מל,מיליליטרים,250.00,"100 מ""ל",false,15,8.90,3.5600,true,1,19471
5411188121923,false,"משקה סויה מועשר סידן אלפרו 3*250 מ""ל",הנסיך- מפעל לייצור ט,BE,שלישית חלב סויה אלפרו מועשר בסידן 750,מיליליטרים,750.00,"100 מ""ל",false,8,12.90,1.7200,true,1,21269
5411188121978,false,"משקה סויה בטעם שוקולד 3 * 250 מ""ל אלפרו",אלפרו סי.וי. איי,BE,שלישית משקה סויה שוקו אלפרו 250מל,מיליליטרים,750.00,"100 מ""ל",false,1,12.90,1.7200,true,1,20484
5411188124689,false,משקה אלפרו שיבולת שועל ללא סוכר 1 ליטר,אלפרו C.V.A,BE,משקה שבולת שועל ללס אלפרו 1 ל,ליטרים,1.00,ליטר,false,8,14.90,14.9000,true,1,36000
5411188126195,false,אלפרו משקה שקדים אורגני 1ל מפוקח סקאל,אלפרו C.V.A,BE,משקה שקדים אורגני אלפרו 1 ל,ליטרים,1.00,ליטר,false,1,12.90,12.9000,true,1,22685
5411188127697,false,אלפרו משקה בריסטה שיבולת שועל 1 ליטר,הנסיך- מפעל לייצור ט,BE,משקה סויה אלפרו בריסטה שבולת שועל 1ליי,ליטרים,1.00,ליטר,false,8,12.90,12.9000,true,1,35436
5411188129899,false,משקה אלפרו בריסטה שקדים 1 ליטר,הנסיך- מפעל לייצור ט,BE,משקה סויה אלפרו בריסטה שקדים 1ליי,ליטרים,1.00,ליטר,false,8,12.90,12.9000,true,1,35437
5411188133476,false,משקה סויה שוקו עם חלבון אלפרו 250 גרם,אלפרו C.V.A,BE,משקה אלפרו סויה שוקו עם חלבון 250גר,גרמים,250.00,100 גרם,false,15,6.90,2.7600,true,1,40802
5411188133490,false,משקה סויה קפה קרמל עם חלבון אלפרו 250 גרם,אלפרו C.V.A,BE,משקה אלפרו סויה קפה קרמל עם חלבון 250גר,גרמים,250.00,100 גרם,false,15,6.90,2.7600,true,1,40803
5411188134985,false,אלפרו 3.5% NOT M*LK שיבולת שועל 1 ליטר בית יוסף,הנסיך- מפעל לייצור ט,BE,משקה אלפרו שבולת שועל 1ליטר נוט 3.5%,ליטרים,1.00,ליטר,false,1,12.90,12.9000,true,1,40801
5411188135005,false,אלפרו 1.8% NOT M*LK שיבולת שועל 1 ליטר בית יוסף,הנסיך- מפעל לייצור ט,BE,משקה אלפרו שבולת שועל 1ליטר נוט 1.8%,ליטרים,1.00,ליטר,false,1,12.90,12.9000,true,1,40800
5411188300328,false,אלפרו סויה שוקו 1 ליטר * 8 יחי,הנסיך- מפעל לייצור ט,BE,משקה סויה אלפרו שוקו 1 ל,ליטרים,1.00,ליטר,false,1,12.90,12.9000,true,1,12011
5411188513483,false,"סויה לבישול 14% שומן אלפרו 250 מ""ל",אלפרו C.V.A,BE,אלפרו סויה לבישול 250מל 14% שומן,מיליליטרים,250.00,"100 מ""ל",false,1,8.90,3.5600,true,1,47482
5411188543398,false,משקה סויה ללא סוכר אלפרו 1 ליטר,הנסיך- מפעל לייצור ט,BE,משקה סויה אלפרו ללא סוכר 1 ל,ליטרים,1.00,ליטר,false,12,12.90,12.9000,true,1,35439
5411223030081,false,"בירה לינדמנס קריק דובדבנים 250 מ""ל",מבשלת לינדמנס,BE,בירה לינדמנס קריק דובדובן 250 מל פקדון,מיליליטרים,250.00,"100 מ""ל",false,1,12.90,5.1600,true,1,6188
5411223100579,false,"בירה לינדמנס אפל תפוח 250 מ""ל",מבשלת לינדמנס,,בירה לינדמנס תפוחים 250 מל פקדון,מיליליטרים,250.00,"100 מ""ל",false,1,12.90,5.1600,true,1,30553
5411223100838,false,"בירה לינדמנס פיץ אפרסק 250 מ""ל",מבשלת לינדמנס,,בירה לינדמנס אפרסק 250 מל פקדון,מיליליטרים,250.00,"100 מ""ל",false,1,12.90,5.1600,true,1,30552
5411223100920,false,בירה לינדמנס קריק דובדבנים 750 מל,,,בירה לינדמנס קריק דובדובן 750 מל פקדון,מיליליטרים,750.00,"100 מ""ל",false,1,29.90,3.9867,true,1,35126
5411642563023,false,ופל גופרה בלגי אישי,,BE,ופל גופרה בלגי אישי 275 גרם,גרמים,275.00,100 גרם,false,16,12.90,4.6909,true,1,49135
5411642563047,false,גופרה בלגית וופל עם סוכר מ.שוקולד 300 גר,,BE,ופל גופרה בלגי אישי מצופה 300 גרם,גרמים,300.00,100 גרם,false,16,14.90,4.9667,true,1,49136
5411663002716,false,"בירה Gulden Draak בהיר 10.5% 330 מ""ל",Van steenberg,BE,בירה גולדן דארק 330 מל 10.5% בלגיה,מיליליטרים,330.00,"100 מ""ל",false,1,14.90,4.5152,true,1,13531
5411663002846,false,"בירה Gulden Draak QUAD 10.5% מ""ל 330",Van steenberg,BE,בירה גולדן דארק קוואדרופל330מל 10.5%בלגי,מיליליטרים,330.00,"100 מ""ל",false,1,14.90,4.5152,true,1,13532
5411676100874,false,"בירת ברבר בלונד 330 מ""ל",מבשלת לפבר,,בירה ברבר בלונד בהיר 330 מל,מיליליטרים,330.00,"100 מ""ל",false,1,14.90,4.5152,true,1,37343
5411676100928,false,"בירת ברבר רוז 330 מ""ל",מבשלת לפבר,BE,בירה ברבר רוז 330 מל,מיליליטרים,330.00,"100 מ""ל",false,12,14.90,4.5152,true,1,37345
5411676175131,false,"בירת ברבר בלונד 750 מ""ל בקבוק",,BE,בירה ברבר בלונד 750 מל,מיליליטרים,750.00,"100 מ""ל",false,12,29.90,3.9867,true,1,31914
5411676175148,false,"בירת ברבר כהה 750 מ""ל בקבוק",מבשלת לפבר,BE,בירה ברבר בוק כהה 750 מל,מיליליטרים,750.00,"100 מ""ל",false,6,29.90,3.9867,true,1,31543
5411676301356,false,"בירת ברבר בוק (כהה) 330 מ""ל",מבשלת לפבר,,בירה ברבר בוק כהה 330 מל,מיליליטרים,330.00,"100 מ""ל",false,1,14.90,4.5152,true,1,37344
5411676800453,false,בירה בלאנש 330מל פקד,מבשלת לפבר,,בירה בלאנש 330מל פקדון,מיליליטרים,330.00,"100 מ""ל",false,1,14.90,4.5152,true,1,33067
5411681014005,false,בירה דובל 330 מל פקד,פארייפאבה אגרואינדוס,BE,בירה דובל 330 מל פקדון,מיליליטרים,330.00,"100 מ""ל",false,1,14.90,4.5152,true,1,6185
5411681038001,false,"מרדסו מעורפלת מאוד330מ""ל","איי, בי, אינבוו",BE,בירה מרדסו 330 מל פקדון,מיליליטרים,330.00,"100 מ""ל",false,1,14.90,4.5152,true,1,6191
5411681038056,false,בירה מרדסו 10 טריפל750מל,דובל מורטגט,BE,בירה מרדסו טריפל 750 מל פיקדון,מיליליטרים,750.00,"100 מ""ל",false,1,29.90,3.9867,true,1,7472
5411681402635,false,"בירה דובל 750 מ""ל בקבוק",,,בירה דובל 750 מל פקדון,מיליליטרים,750.00,"100 מ""ל",false,1,29.90,3.9867,true,1,18335
5411686700118,false,בירה ליפמנס פרוטס בתוספת,לפימנס,BE,בירה ליפמנס פרוטס 250 מל פקדון,מיליליטרים,250.00,"100 מ""ל",false,1,12.90,5.1600,true,1,8230
5411911000310,false,בירה סן ברנדרס אבט 1,,,בירה סן ברנדרס אבט 12 750 מל פיקדון,מיליליטרים,750.00,"100 מ""ל",false,1,29.90,3.9867,true,1,6192
5412186000098,false,"דילריום טרמנס - בקבוק 330 מ""ל",L.HUYGHE,BE,בירה דיליריאום טרמנס בלונד 330מל בק.פק,מיליליטרים,330.00,"100 מ""ל",false,1,14.90,4.5152,true,1,51651
5412186000715,false,"דילריום נוקטורנום - בקבוק 330 מ""ל",L.HUYGHE,BE,בירה דיליריאום נוקטורמום כהה 330מל בק.פק,מיליליטרים,330.00,"100 מ""ל",false,1,14.90,4.5152,true,1,51652
5412186002436,false,בירה דליריאום רד בטעמי פירות 8.0% 330 מל,L.HUYGHE,BE,בירה דיליריאום רד330מל ט.פירות בק.פקדון,מיליליטרים,330.00,"100 מ""ל",false,1,14.90,4.5152,true,1,51661
5412186003594,false,בירה דליריאום אמבר 7% 330 מל Argentum,L.HUYGHE,BE,בירה דיליריאום ארגנטום אמבר 330מל בק.פק,מיליליטרים,330.00,"100 מ""ל",false,1,14.90,4.5152,true,1,51662
5412514350000,false,עלי טורטיליאס 370 גרם,אן. וי סנק פוד,BE,עלי טורטילה גדול 25 סמ 370 גר,גרמים,370.00,100 גרם,false,1,22.50,6.0811,true,1,1950
5412514555559,false,עלי טוריטיה רגיל קטן פלוטקין,אן. וי סנק פוד,BE,עלי טורטילס 340 גר,גרמים,340.00,100 גרם,false,1,18.50,5.4412,true,1,1841
5412514777746,false,תרמילי טאקו קונכיות,אן. וי סנק פוד,,תרמילי טאקו קונכיות כשר 125 גרם,גרמים,125.00,100 גרם,false,1,20.90,16.7200,true,1,1842
5412514931117,false,עלי טורטילס מתירס פוקולוקו 320 גר,אן. וי סנק פוד,BE,עלי טורטילה תירס 320 גר,גרמים,320.00,100 גרם,false,1,22.50,7.0313,true,1,5912
5412514931889,false,עלי קורדיטס 272 ג SOFT TACO,אן. וי סנק פוד,BE,עלי קורדיטה 272 גר,גרמים,272.00,100 גרם,false,1,18.50,6.8015,true,1,9582
5412514999957,false,סלסה גוואקמולה 300 גרם,אן. וי סנק פוד,,רוטב סלסה גוואקמולה 300 ג,גרמים,300.00,100 גרם,false,1,27.50,9.1667,true,1,4211
5412533001617,false,נוזל לניקוי כלים אלוורה ולימון 1 ליטר,אקובר,BE,נוזל לניקוי כלים אלוורה ולימון 1 ליטר,ליטרים,1.00,ליטר,false,1,15.90,15.9000,true,1,10937
5412533002287,false,נוזל לניקוי אסלות בניחוח אורנים ECOVER,,BE,נוזל ניקוי אסלות אורנים אקולוגי 750מל,מיליליטרים,750.00,"100 מ""ל",false,1,19.90,2.6533,true,1,10947
5412533002652,false,מסיר כתמים מבגדים 200 מל,אקובר,BE,מסיר כתמים מבגדים 200 מל אקולוגי,מיליליטרים,200.00,"100 מ""ל",false,1,26.00,13.0000,true,1,10952
5412533002911,false,"מסיר אבנית אקובר 500 מ""ל",אקובר,BE,מסיר אבנית אקולוגי 500מל,מיליליטרים,500.00,"100 מ""ל",false,1,22.90,4.5800,true,1,10946
5412533003857,false,נוזל ניקוי אסלות גלי-ים (פקק כחול) 750 מ,אקובר,BE,נוזל ניקוי אסלות גלי ים אקולוגי 750מל,מיליליטרים,750.00,"100 מ""ל",false,1,19.90,2.6533,true,1,10948
5412533004335,false,תרסיס לניקוי חלונות וזכוכית 500 מל,אקובר,BE,תרסיס לניקוי חלונות וזכוכית 500מל,מיליליטרים,500.00,"100 מ""ל",false,1,24.90,4.9800,true,1,10950
5412533140408,false,מלבין לכביסה ולבית ללא כלור 400 גר,,BE,מלבין לכביסה ולבית ללא כלור 400גר,גרמים,400.00,100 גרם,false,1,19.00,4.7500,true,1,10951
5412533416602,false,טבליות למדיח 25 יח 500 ג,אקובר,BE,טבליות למדיח 25יח אקולוגי הכל באחד אקובר,יחידה,25.00,יחידה,false,1,36.90,1.4760,true,1,22870
5412533416626,false,אקובר הכל באחד למדיח גמבו,אקובר,BE,טבליות למדיח 65 יח אקולוגי אקובר,יחידה,70.00,יחידה,false,1,84.90,1.2129,true,1,25654
5412533418231,false,מרכך כביסה זירו 1 ליטר,,,מרכך כביסה לתינוקות אקוור זירו 1 ליטר,ליטרים,1.00,ליטר,false,6,25.90,25.9000,true,1,28482
5412533419566,false,נוזל לכביסה עדינה בניחוח נופר 750 מל,אקובר,BE,נוזל כביסה עדינה 750מל אקולוגי בריח נופר,מיליליטרים,750.00,"100 מ""ל",false,1,24.90,3.3200,true,1,33209
5412533419665,false,"מרכך כביסה תפוח ושקדים 750 מ""ל",,BE,מרכך כביסה תפוח שקד אקולוגי 750 מל,מיליליטרים,750.00,"100 מ""ל",false,1,16.90,2.2533,true,1,33374
5412533419702,false,"מרכך כביסה ווניל וגרדניה 750 מ""ל",אקובר,BE,מרכך כביסה תפוח שקד אקולוגי 750 מל,מיליליטרים,750.00,"100 מ""ל",false,6,16.90,2.2533,true,1,31930
5412533420364,false,נוזל כביסה פורמולה מרוכזת 1 ליטר,אקובר,BE,נוזל כביסה מרוכז אקולוגי 1ליטר אקובר,ליטרים,1.00,ליטר,false,1,44.90,44.9000,true,1,32904
5412533421118,false,מרכך כביסה זירו 1 ליטר,,BE,מרכך כביסה אקוור זירו 1 ליטר,ליטרים,1.00,ליטר,false,6,25.90,25.9000,true,1,39550
5412533421514,false,נוזל לניקוי רצפות 1 ליטר,,BE,נוזל ניקוי רצפות ומשטחים למון גראס 1ליטר,ליטרים,1.00,ליטר,false,1,19.90,19.9000,true,1,47110
5412533421736,false,נוזל לניקוי אמבטיה 500מל,,BE,נוזל לניקוי אמבטיה אקובר 500מל,מיליליטרים,500.00,"100 מ""ל",false,1,24.90,4.9800,true,1,48798
5412533421828,false,תרסיס לניקוי משטחים500מל,,BE,תרסיס לניקוי משטחים מולטי אקשן 500מל,מיליליטרים,500.00,"100 מ""ל",false,1,24.90,4.9800,true,1,46811
5412533421958,false,תרסיס לניקוי חלונות500מל,אקובר,BE,תרסיס לניקוי חלונות וזכוכית 500מל אקובר,מיליליטרים,500.00,"100 מ""ל",false,6,24.90,4.9800,true,1,46810
5412533421989,false,"מסיר אבנית אקובר 500 מ""ל",,BE,מסיר אבנית אקולוגי 500מל אקובר,מיליליטרים,500.00,"100 מ""ל",false,1,22.90,4.5800,true,1,47045
5412956213710,false,שוקולד מריר קאשט קקא,,,שוקולד מריר קאשט קקאו מקורמל 100 גר,גרמים,100.00,100 גרם,false,12,9.90,9.9000,true,1,36660
5412956214519,false,שוקולד מריר עם תפוז ושקדים 100 גרם,Kim's Chocolates NV,BE,שוקולד מריר קאשט תפוז שקדים 100 גר,גרמים,100.00,100 גרם,false,12,9.90,9.9000,true,1,36657
5412956214526,false,שוקולד מריר עם אגס ושקדים 100 גרם,Kim's Chocolates NV,BE,שוקולד מריר קאשט אגס שקדים 100 גר,גרמים,100.00,100 גרם,false,12,9.90,9.9000,true,1,36658
5412956214533,false,שוקולד מריר עם לימון ופלפל שחור 100 גרם,Kim's Chocolates NV,BE,שוקולד מריר קאשט לימון פלפל שחור 100 גר,גרמים,100.00,100 גרם,false,12,9.90,9.9000,true,1,36659
5412956214540,false,שוקולד מריר עם גינגר ואוכמניות 100 גרם,Kim's Chocolates NV,BE,שוקולד מריר קאשט גינגר אוכמניות 100 גר,גרמים,100.00,100 גרם,false,12,9.90,9.9000,true,1,36656
5412956214632,false,שוקולד 90% מריר קאשט,,,שוקולד 90% מריר קאשט 100 גר,גרמים,100.00,100 גרם,false,12,9.90,9.9000,true,1,36663
5412956214649,false,שוקולד מריר 85% קקאו 100 גרם,Kim's Chocolates NV,BE,שוקולד 85% מריר קאשט 100 גר,גרמים,100.00,100 גרם,false,12,9.90,9.9000,true,1,36661
5412956214670,false,שוקולד מריר 70% קקאו 100 גרם,Kim's Chocolates NV,BE,שוקולד 70% מריר קאשט 100 גר,גרמים,100.00,100 גרם,false,12,9.90,9.9000,true,1,36662
5412956221173,false,שוקולד קאשט מריר 70% קקאו 180 גר,KIMS,BE,שוקולד קאשט באר 70% מריר 180 גרם,גרמים,180.00,100 גרם,false,12,11.90,6.6111,true,1,50191
5412956221180,false,שוקולד קאשט מריר שברי שקדים ומלח ים 180ג,KIMS,BE,שוקולד קאשט באר שברי שקדים מלח י 180 גרם,גרמים,180.00,100 גרם,false,12,11.90,6.6111,true,1,50192
5412956221197,false,שוקולד קאשט חלב שברי בייגלה ובראוניז180ג,KIMS,BE,שוקולד קאשט באר בייגלה בראוניז 180 גרם,גרמים,180.00,100 גרם,false,12,11.90,6.6111,true,1,50194
5412956221203,false,שוקולד חלב קאשט שברי קרמל ומלח ים 180 גר,KIMS,BE,שוקולד קאשט באר קרמל מלח ים 180 גרם,גרמים,180.00,100 גרם,false,12,11.90,6.6111,true,1,50193
5413121350018,false,בונבוניירה BCG לבבות 200 גר,BCG,,בונ.בלגיאן פרליני לבבות בלגי 200 ג,גרמים,200.00,100 גרם,false,1,30.00,15.0000,true,1,4530
5413121351602,false,בונ.בלגיאן לבבות שוק,BCG,,בונ.בלגיאן לבבות שוקולד 65 ג,Unknown,0.00,Unknown,false,1,13.20,0.0000,true,1,4529
5413121355075,false,שוקולד בלגי מריר עם תפוז פרסטיז 100 גרם,BCG,,שוקולד בלגיאן מריר תפוז 100 ג,גרמים,100.00,100 גרם,false,1,11.90,11.9000,true,1,4716
5413121355082,false,שוקולד בלגי מריר משובח 72 פרסטיז 100 גרם,BCG,,שוקולד בלגיאן72% מריר 100 ג,גרמים,100.00,100 גרם,false,1,11.90,11.9000,true,1,4714
5413121355099,false,בלג'יאן-שוקו' מריר %72 פולי קפה 100 גר' 1/25,BCG,,שוקולד בלגיאן72%מריר פולי קפה 100 ג,גרמים,100.00,100 גרם,false,1,11.90,11.9000,true,1,4713
5413121355105,false,שוקולד בלגי חלב משובח פרסטיז 100 גרם,BCG,,שוקולדבלגיאן חלב משובח 100 ג,גרמים,100.00,100 גרם,false,1,11.90,11.9000,true,1,5493
5413121356737,false,"שוקולד מריר ללא תוספת סוכר ""בלג'יאן"" 100 גרם",BCG,,שוקולד בלגי מריר ללא סוכר 100 ג בלגיאן,גרמים,100.00,100 גרם,false,1,14.90,14.9000,true,1,4526
5413121358694,false,בלג'יאן-שוקולד בלגי מריר85% 100 גר'1/25 (600067),BCG,,שוקולדבלגיאן85%מריר 100 ג,גרמים,100.00,100 גרם,false,1,11.90,11.9000,true,1,4715
5413121359769,false,לבבות וצדפי שוקולד 195ג' בלגיאן,בי סי ג'י אולן,BE,בונ.צדפי שוקולד בלגיאן 195 גר,גרמים,195.00,100 גרם,false,1,12.90,6.6154,true,1,6763
5413121363513,false,שוקולד מריר דובדבן בלגיאן 100 גרם,BCG,,שוקולדבלגיאן מריר דובדבן 100 גרם,גרמים,100.00,100 גרם,false,1,11.90,11.9000,true,1,22573
5413121364121,false,"בלגיאן -טראפלס קקאו ""חג שמח"" 150ג'",Q Chocolate,BE,טרופל בלגיאן קקאו 150 גרם כשלפ,גרמים,150.00,100 גרם,false,1,11.90,7.9333,true,1,21278
5413121365616,false,שוקולד בלגי מריר 90% בלגיאן 100 גרם,BCG,,שוקולד בלגיאן90% מריר 100 ג,גרמים,100.00,100 גרם,false,1,11.90,11.9000,true,1,28464
5413121388905,false,בלגיאן-טראפלס אגוז חג שמח 150 גרם,Q Chocolate,BE,טרופל בלגיאן אגוז150 גרם כשלפ,גרמים,150.00,100 גרם,false,1,11.90,7.9333,true,1,32185
5413149922907,false,"אבקת כביסה קולור וסטייל 5 ק""ג אריאל",פרוקטר אנד גמבל,TR,אב.כביסה אריאל קולור 5 קג,קילוגרמים,5.00,"ק""ג",false,1,42.90,8.5800,true,1,7400
5413149922938,false,"אריאל אבקת כביסה שושן צחור, 5 ק""ג",פרוקטר אנד גמבל,TR,אב.כביסה אריאל שושן צחור 5 קג,קילוגרמים,5.00,"ק""ג",false,1,42.90,8.5800,true,1,7399
5413149930025,false,אבקת כביסה טייד אלפיין פרש,פרוקטר & גמבל,TR,אב.כביסה טייד רגיל 5 קג,קילוגרמים,5.00,"ק""ג",false,1,39.90,7.9800,true,1,7401
5413548040479,false,בונבוניירה רפאלו 240 גרם,ליימן-שליסל,PL,בונבונירה רפאלו 240 גר,גרמים,240.00,100 גרם,false,1,24.90,10.3750,true,1,6902
5413548280189,false,קינדר שוקו בון 1 יחידות 125 גרם,פררו - אלבה,BE,קינדר שוקו בון 125 גרם,גרמים,125.00,100 גרם,false,1,12.00,9.6000,true,1,1853
5414145036568,false,"ליקר קרם קלאב אוריגינל עם וויסקי 700 מ""ל",סודיקו,US,ליקר קרם קלאב אוריגונל סקוטי 700 מל,מיליליטרים,700.00,"100 מ""ל",false,6,55.00,7.8571,true,1,27380
5420066330203,false,ביאנקה טרופל קקאו באריזת זהב 175 גרם,Q Chocolate,BE,טרופל ביאנקה זהב קקאו 175 גר,גרמים,175.00,100 גרם,false,1,15.00,8.5714,true,1,14139
5420066330210,false,ביאנקה- טרופל קקאו באריזות כסף 175 ג,Q Chocolate,BE,טרופל ביאנקה כסף 175 גרם,גרמים,175.00,100 גרם,false,1,15.00,8.5714,true,1,15453
5425025122073,false,בירה לופולוס אורגניקוס 8.5% 330 מל,בראסרי לס,BE,בירה לופולוס אורגניקוס 330מל 8.5% פקדון,גרמים,330.00,100 גרם,false,1,14.90,4.5152,true,1,34732
5600291427095,false,יין לבן אנטאו גרנד ר,ריבאפרשיו,,יין פאטו פריאו גרנד אסקולא 750 מל,מיליליטרים,750.00,"100 מ""ל",false,1,60.00,8.0000,true,1,15265
5600291427101,false,יין גאודיו קלסיקו 75,ריבאפרשיו,,יין גאודיו קלסיקו 750 מל,מיליליטרים,750.00,"100 מ""ל",false,1,70.00,9.3333,true,1,15266
5600291427378,false,יין לבן ברנקואה יבש,ריבאפרשיו,,יין לבן ברנקואה 750 מל,מיליליטרים,750.00,"100 מ""ל",false,1,45.00,6.0000,true,1,27929
5600379040277,false,יין לבן ראזה 750 מל,QUINTA da RAZA lda,,יין לבן ראזה 750 מל,מיליליטרים,750.00,"100 מ""ל",false,1,45.00,6.0000,true,1,13827
5600379040376,false,יין ראזה רוזה 750 מל,QUINTA da RAZA lda,,יין ראזה רוזה 750 מל,מיליליטרים,750.00,"100 מ""ל",false,1,45.00,6.0000,true,1,38823
5600391234210,false,יין הרדאר דה סאו מיג,,,יין הרדאר דה סאו מיגל אדום 750 מל,מיליליטרים,750.00,"100 מ""ל",false,1,60.00,8.0000,true,1,51090
5600787049008,false,"משקה אורגני ע""ב קמבוצה ותה ירוק 400 מל",קפטן קמפוצה,PT,משקה קמבוצה תה ירוק אננס אפרסק 400מל,מיליליטרים,400.00,"100 מ""ל",false,1,19.90,4.9750,true,1,22899
5600787049022,false,"משקה אורגני ע""ב קמבוצה ותה ירוק 400 מל",קפטן קמפוצה,PT,משקה קמבוצה תה ירוק אורגני עם ת.פטל 400מ,מיליליטרים,400.00,"100 מ""ל",false,1,19.90,4.9750,true,1,22896
5600787049046,false,"משקה אורגני ע""ב קמבוצה ותה ירוק 400 מ",קפטן קמפוצה,PT,משקה קמבוצה תה ירוק אורגני 400מל,מיליליטרים,400.00,"100 מ""ל",false,1,19.90,4.9750,true,1,22897
5600787049213,false,"קמבוצ'ה ותה ירוק עם תמצית ג'ינג'ר ולימון400 מ""ל",קפטן קמפוצה,PT,משקה קמבוצה תה ירוק גינגר לימון 400מל,מיליליטרים,400.00,"100 מ""ל",false,1,19.90,4.9750,true,1,22898
5600995004110,false,סכין סטייק ידית עץ 1,,,סכין סטייק ידית עץ 10סמ קורל פוד אפיל,יחידה,1.00,יחידה,false,1,19.90,19.9000,true,1,49809
5601008200444,false,עוגיות גודיס טבעות מצופות שוקולד חלב מרבה 150 גרם,הנסיך- מפעל לייצור ט,PT,עוגיות גודיס שוקולד חלב 150 גר,גרמים,150.00,100 גרם,false,1,6.90,4.6000,true,1,8767
5601008200451,false,עוגיות גודיס טבעות מצופות שוקולד מריר מרבה 150 גרם,מרבה Merba,PT,עוגיות גודיס שוקולד מריר 150 גר,גרמים,150.00,100 גרם,false,1,6.90,4.6000,true,1,8768
5601008200468,false,עוגיות גודיס טבעות מצופות שוקולד לבו מרבה 150 גרם,קריניציה ויטמינה אס,PT,עוגיות גודיס שוקולד לבן 150 גר,גרמים,150.00,100 גרם,false,1,6.90,4.6000,true,1,8769
5601010111035,false,סרדין בשמן זית רמירז 125 גרם,רמירז אנד קה פילהאוס,PT,סרדין רמירז בשמן זית 125 גרם,גרמים,125.00,100 גרם,false,1,10.90,8.7200,true,1,22183
5601010211070,false,סרדין במים רמירז 125 גרם,רמירז אנד קה פילהאוס,PT,סרדין רמירז במים 125 גרם,גרמים,125.00,100 גרם,false,50,10.90,8.7200,true,1,22182
5601010211087,false,פילה סרדין בשמן זית כתית 100 גר רמירז,רמירז אנד קה פילהאוס,PT,פילה סרדין רמירז בשמן זית 100 גרם,גרמים,100.00,100 גרם,false,50,13.90,13.9000,true,1,22181
5601045300022,false,משקה גוארנה אנטרטיקה פחית 355 מל,סומול וקומפל אס.איי,PT,משקה גוארנה אנטרטיקה 330 מל פקדון,מיליליטרים,356.00,"100 מ""ל",false,1,6.70,1.8820,true,1,6181
5601055005375,false,פינטרולס - עדשי שוקולד בגליל שלישיה 22 גרם,פינטרולס,PT,מארז 3 גלילים עדשי שוקולד פיטרולס 22 גרם,Unknown,0.00,Unknown,false,48,9.90,0.0000,true,1,37018
5601096200319,false,יין קאסל גרסיה לבן מ,,,יין קאסל גרסיה לבן מתוק 750 מל,מיליליטרים,750.00,"100 מ""ל",false,1,45.00,6.0000,true,1,51760
5601096208308,false,יין קסאל גרסיה וינו,avellada,,יין קסאל גרסיה וינו ורדה,מיליליטרים,750.00,"100 מ""ל",false,1,45.00,6.0000,true,1,18961
5601096328303,false,יין קאסל גרסיה רוזה,,,יין קאסל גרסיה רוזה 750 מל,מיליליטרים,750.00,"100 מ""ל",false,1,45.00,6.0000,true,1,51759
5601096351301,false,יין קסאל גרסיה דוארו,avellada,,יין קסאל גרסיה דוארו 750 מל,מיליליטרים,750.00,"100 מ""ל",false,1,45.00,6.0000,true,1,18962
5601217129420,false,וולייט דפים למניעת העברת צבע 20 יחידות,רקיט בן קיזר,IT,ווליט דפים למניעת העברת צבע 20יח,יחידה,20.00,יחידה,false,1,19.90,0.9950,true,1,19922
5601378223524,false,תורמוס אורגינל 360 גרם,מאסריקו ס.א,PT,בצלצלים מסריקו בחומץ 380 גרם,גרמים,430.00,100 גרם,false,12,9.90,2.3023,true,1,23304
5601378860309,false,פולי תורמוס במי מלח,מאסריקו ס.א,PT,פולי תורמוס במי מלח 870 גר,גרמים,870.00,100 גרם,false,6,17.90,2.0575,true,1,23301
5601448028233,false,"יין ויה לאטינה רוזה מבעבע 750 מ""ל",וורקופה,PT,יין ויה לאטינה וינו וורדה רוזה 750מל,מיליליטרים,750.00,"100 מ""ל",false,1,40.00,5.3333,true,1,16100
5601996023780,false,"יין פורטה 6 רוזה 750 מ""ל",וידיגל,PT,יין פורטה רוזה 750 מל,מיליליטרים,750.00,"100 מ""ל",false,6,45.00,6.0000,true,1,31872
5601996132567,false,יין חוליה פלורסיטה ל,,,יין חוליה פלורסיטה לבן 750 מל,מיליליטרים,750.00,"100 מ""ל",false,1,40.00,5.3333,true,1,46537
5601996355485,false,"יין פורטה 6 לבן 750 מ""ל",וידיגל,PT,יין פורטה לבן 750 מל,מיליליטרים,750.00,"100 מ""ל",false,6,45.00,6.0000,true,1,31871
5601996546340,false,יין חוליה פלורסיטה א,,,יין חוליה פלורסיטה אדום 750 מל,מיליליטרים,750.00,"100 מ""ל",false,1,40.00,5.3333,true,1,46536
5601996547897,false,"יין פורטה 6 אדום 750 מ""ל",וידיגל,PT,יין פורטה אדום 750 מל,מיליליטרים,750.00,"100 מ""ל",false,6,45.00,6.0000,true,1,31870
5601996669872,false,"יין פורטה 6 וינו ורדה 750 מ""ל",וידיגל,PT,יין פורטה וינו ורדה 750 מל,מיליליטרים,750.00,"100 מ""ל",false,6,45.00,6.0000,true,1,46530
5602507010121,false,יין לבן שריגראס 750מ,,PT,יין לבן שריגראס 750מל בק.פקדון,מיליליטרים,750.00,"100 מ""ל",false,12,45.00,6.0000,true,1,51293
5602507020304,false,יין אדום שריגראס 750,,PT,יין אדום שריגראס 750מל בק.פקדון,מיליליטרים,750.00,"100 מ""ל",false,12,45.00,6.0000,true,1,51292
5602507020465,false,יין רוזה ורוד שריגרא,,PT,יין רוזה ורוד שריגראס 750מל בק.פקדון,מיליליטרים,750.00,"100 מ""ל",false,12,45.00,6.0000,true,1,51294
5602507040012,false,משקה גראפה פורטוגלית,,PT,משקה גראפה פורטוגלית מרק ברנדי 700מל פקד,מיליליטרים,700.00,"100 מ""ל",false,12,189.00,27.0000,true,1,51295
5602507040036,false,ברנדי מיושן 12שנים א,,PT,ברנדי מיושן 12שנים אקס או 700מל בק.פקדון,מיליליטרים,700.00,"100 מ""ל",false,12,299.00,42.7143,true,1,51296
5602640000645,false,יין סואלהריו אלוורינ,יקב טוליפ,,יין סואלהריו אלווריניו 750 מל,מיליליטרים,750.00,"100 מ""ל",false,1,100.00,13.3333,true,1,30245
5604123002580,false,יין קינטה דו קראשטו,פורטוגל קינטה דו קרא,,יין קינטה דו קראשטו פורט רוב 750מל פקדון,מיליליטרים,750.00,"100 מ""ל",false,1,60.00,8.0000,true,1,10419
5604123004911,false,יין קינטה דו קראשטו,פורטוגל קינטה דו קרא,,יין קינטה דו קראשטו סופריור 750מל פקדון,מיליליטרים,750.00,"100 מ""ל",false,1,65.00,8.6667,true,1,22769
5604123006649,false,יין קינטה דו קראשטו,פורטוגל קינטה דו קרא,,יין קינטה דו קראשטו רזרבה 750מל,מיליליטרים,750.00,"100 מ""ל",false,1,135.00,18.0000,true,1,48172
5604912415058,false,סרדינים פורטוס בשמן חמניות חריף 125 גרם,פורטוס Porthos,PT,סרדין פורטוס בשמן חריף 125 גרם,גרמים,125.00,100 גרם,false,25,6.90,5.5200,true,1,46609
5604912425057,false,מקרלים בשמן חמניה חריף פורטוס 125 גרם,קונסרבס פורטוגל נורטה לי,PT,מקרל פורטוס בשמן חריף 125 גרם,גרמים,125.00,100 גרם,false,25,6.90,5.5200,true,1,46611
5605891042099,false,יין פורט קוובדו רובי,פורטוגל - וינוקל-וינ,,יין פורט קוובדו רובי כשר 750 מל,מיליליטרים,750.00,"100 מ""ל",false,1,80.00,10.6667,true,1,14338
5608309002876,false,יין פורט אדום לייט,פורטוגל- סימינגטון,,יין פורט אדום לייט באטלד וינטאג 750מל,מיליליטרים,750.00,"100 מ""ל",false,1,100.00,13.3333,true,1,29158
5694230223312,false,כבד דג במיץ טבעי 121 גר BRIVAIS VILNIS,איי סי קורה אי .איץ.,IS,כבד דג שיבוץ במיץ טבעי 121 גרם,גרמים,121.00,100 גרם,false,12,10.90,9.0083,true,1,28974
5694230223336,false,כבד דג מעושן 121 גר BRIVAIS VILNIS,איי סי קורה אי .איץ.,IS,כבד דג שיבוט מעושן 121 גרם,גרמים,121.00,100 גרם,false,12,10.90,9.0083,true,1,28975
5701932026964,false,"הוטפופ גרעיני תירס להכנת פופקורן במיקרוגל בטעם טבעי, בתוספת מלח, 600 גרם",ליימן מותגים,US,פופקורן הוטפופ מלוח 600 ג למיקרוגל,גרמים,600.00,100 גרם,false,1,15.00,2.5000,true,1,1600
5701932026971,false,הוטפופ גרעיני תירס להכנת פופקורן במיקרוגל בטעם חמאה 600 גרם,ליימן מותגים,US,פופקורן הוטפופ חמאה 600 ג למיקרוגל,גרמים,600.00,100 גרם,false,1,15.00,2.5000,true,1,1601
5701932026995,false,"הוטפופ גרעיני תירס להכנת פופקורן במיקרוגל בטעם טבעי מופחת שומן, 510 גרם",קריניציה ויטמינה אס,US,פופקורן הוטפופ לייט טבעי 510 ג למיקרוגל,גרמים,510.00,100 גרם,false,1,15.00,2.9412,true,1,2314
5704255119030,false,בירה מיקלר אבר גרין,ברודוג פי אל סי,DK,בירה מיקלר אבר גרין סשן 330מל פח.פקדון,מיליליטרים,330.00,"100 מ""ל",false,24,16.90,5.1212,true,1,50748
5704255119061,false,בירה מיקלר איש בין ר,ברודוג פי אל סי,DK,בירה מיקלר איש בין רסברי 330מל פח.פקדון,מיליליטרים,330.00,"100 מ""ל",false,24,16.90,5.1212,true,1,50747
5704255122740,false,פחית מיקלר בורסט 330,ברודוג פי אל סי,DK,בירה מיקלר בורסט 330מל פח.פקדון,מיליליטרים,330.00,"100 מ""ל",false,24,16.90,5.1212,true,1,50746
5705550300963,false,ביצי דג שיבוט 200 גרם יורו פוד,אמנדה סיפודס,DK,ביצי דג שיבוט סקגאן 200 גרם,גרמים,121.00,100 גרם,false,1,11.90,9.8347,true,1,18824
5706516031358,false,פופקורן להכנה במיקרוגל בטעם טבעי מופחת שומן 5 שקיות,ליימן מותגים,US,פופקורן הוטפופ למיקרו 100 קלוריות 5 יח,גרמים,510.00,100 גרם,false,1,15.00,2.9412,true,1,7310
5706516110039,false,פופקורן למיקרוגל מופחת מלח הוטפופ 540 גרם,הוט פופ,US,פופקורן הוטפופ טבעי מופחת שומן 6 יח 540,גרמים,540.00,100 גרם,false,1,15.00,2.7778,true,1,36293
5711815015176,false,צעצוע של סיפור- משקה מוגז בטעם תפוח 750מ,,HU,משקה צעצוע של סיפור מוגז טעם תפוח 750מל,Unknown,0.00,Unknown,false,6,18.90,0.0000,true,1,48313
5711953106583,false,גבינת שמנת בטעם טבעי 200 גרם ארלה,ארלה פודס אמבה,DK,גבינת שמנת טבעי 200גרם 24.5% שומן ארלה,גרמים,200.00,100 גרם,false,10,12.90,6.4500,true,1,30219
5711953106590,false,גבינת שמנת ארלה שמנת שום 200 גרם,ארלה פודס אמבה,DK,גבינת שמנת שום 200גר 24.5%שומן ארלה,גרמים,200.00,100 גרם,false,10,12.90,6.4500,true,1,30221
5711953106606,false,גבינת שמנת עם תבלינים ועשבי תיבול 23.5%,ארלה פודס אמבה,DK,גבינת שמנת ע. תיבול 200גר 24.5%שומן ארלה,גרמים,200.00,100 גרם,false,10,12.90,6.4500,true,1,30220
5740017100304,false,בירה מיקלר משחקי הכס,ברודוג פי אל סי,DK,בירה מיקלר משחקי הכס 440מל פח.פקדון,מיליליטרים,440.00,"100 מ""ל",false,24,24.90,5.6591,true,1,50755
5740900403215,false,ממרח מחמאת לורפק עם מלח 250 ג',ארלה פודס אמבה,DK,ממרח חמאת לורפק עם מלח 250גר,גרמים,250.00,100 גרם,false,12,18.90,7.5600,true,1,24373
5740900403222,false,ממרח לורפק חמאה עם מלח מופחת שומן 250 ג,ארלה פודס אמבה,DK,ממרח מחמאת לורפק עם מלח 250גר מופחת שומן,גרמים,250.00,100 גרם,false,12,18.90,7.5600,true,1,24375
5740900403239,false,ממרח לורפק ללא תוספת מלח 250 גר,ארלה פודס אמבה,DK,ממרח מחמאת לורפק ללא מלח 250גר,גרמים,250.00,100 גרם,false,12,18.90,7.5600,true,1,24374
5740900403246,false,ממרח לורפק ללא תוספת מלח 500 גר,ארלה פודס אמבה,DK,ממרח מחמאת לורפק ללא מלח 500גרם,גרמים,500.00,100 גרם,false,12,27.90,5.5800,true,1,24377
5740900403253,false,ממרח מחמאת לורפק עם מלח 500 ג',ארלה פודס אמבה,DK,ממרח מחמאת לורפק עם מלח 500גרם,גרמים,500.00,100 גרם,false,12,27.90,5.5800,true,1,24378
5740900403260,false,ממרח מחמאת לורפק ללא מלח 27% פחות שומן,ארלה פודס אמבה,DK,ממרח מחמאת לורפק ללא מלח 250ג מופחת שומן,גרמים,250.00,100 גרם,false,12,18.90,7.5600,true,1,24376
5774540694306,false,אנטון ברג בקבוקים שחור אורך 250 גרם,Anthon Berg,DK,אנטון ברג בקבוקוני שוקולד ליקר 250 גרם,גרמים,250.00,100 גרם,false,28,49.90,19.9600,true,1,46189
5774540870007,false,אנטון ברג-בקבוקוני שוקולד עם ליקרים 62גר,Anthon Berg,DK,אנטון ברג בקבוקוני ליקר 62 גרם,Unknown,0.00,Unknown,false,28,19.90,0.0000,true,1,45858
5774540984056,false,אנטון ברג-מרציפן תות שדה ושמפניה 220 גר,Anthon Berg,,מרציפן אנטון ברג תות שדה ושמפניה220 גר,גרמים,220.00,100 גרם,false,1,36.90,16.7727,true,1,16850
5774540984155,false,אנטון ברג-מרציפן אוכמניות בוודקה 220 גר,Anthon Berg,,מרציפן אנטון ברג שזיף במדרה220 גר,גרמים,220.00,100 גרם,false,1,36.90,16.7727,true,1,16849
5774540984254,false,אנטון ברג-מרציפן משמש בברנדי 220 גר,Anthon Berg,,מרציפן אנטון ברג משמש בברנדי220 גר,גרמים,220.00,100 גרם,false,1,36.90,16.7727,true,1,16847
5774540984452,false,אנטון ברג-מרציפן דובדבן ברום 220 גר,Anthon Berg,,מרציפן אנטון ברג דובדבן ברום220 גר,גרמים,220.00,100 גרם,false,1,36.90,16.7727,true,1,16846
5774540989853,false,אנטון ברג-מרציפן פטל בליקר תפוז 220 גר,Anthon Berg,,מרציפן אנטון ברג פטל ליקר תפוז220 גר,גרמים,220.00,100 גרם,false,1,36.90,16.7727,true,1,16848
5774540990057,false,אנטון ברג-מרציפן אוכמניות בוודקה 220 גר,Anthon Berg,,מרציפן אנטון ברג אוכמניותבוודקה220 גר,גרמים,220.00,100 גרם,false,1,36.90,16.7727,true,1,16851
5900017062419,false,"ניוואה - תחליב רחצה ורדים ושמן שקדים 750 מ""ל",ביירסדורף,DE,תחליב רחצה ניוואה 750מל ורדים ושמן שקד,מיליליטרים,750.00,"100 מ""ל",false,1,15.90,2.1200,true,1,39468
5900020012814,false,דגנים תפוחים בטעם שוקולד נסקוויק נסטלה 500 גרם,מיוצר עי קונדיטוריית,PL,דגני בוקר נסקוויק שוקולד 500 גרם,גרמים,500.00,100 גרם,false,1,22.90,4.5800,true,1,7163
5900020015174,false,פיטנס חטיפי אנרגיה דגנים בטעם שוקולד נסטלה 6*23.5 גרם,מיוצר עי קונדיטוריית,PL,חטיפי דגנים פיטנס שוקולד 6 יח 141 גר,גרמים,141.00,100 גרם,false,1,15.90,11.2766,true,1,7986
5900020018908,false,פיטנס חטיפי אנרגיה דגנים בטעם קרם עוגיות נסטלה 6*23.5 גרם,מיוצר עי קונדיטוריית,PL,חטיפי דגנים פיטנס קרם עוגיות6 יח 141 גר,גרמים,141.00,100 גרם,false,1,15.90,11.2766,true,1,9655
5900020020710,false,נסטלה - קראנץ' שוקו וניל חטיף דגנים 25 גרם * 6,נסטלה פולין ברים,PL,חטיפי דגנים קראנץ בר שוקו וניל 6יח 150ג,גרמים,150.00,100 גרם,false,1,15.90,10.6000,true,1,10981
5900020020741,false,חטיפי דגנים נסקוויק בר שוקו שוקו 6*25 גר,נסטלה פולין ברים,PL,חטיפי דגנים נסקוויק בר שוקו6יח 150ג,גרמים,150.00,100 גרם,false,1,15.90,10.6000,true,1,10982
5900020022325,false,חטיף סיני מיניס Cini Minis בטעם קינמון - 6 במארז,נסטלה פולין דגני בוק,PL,חטיפי דגנים סיני מיניס 6יח 150ג,גרמים,150.00,100 גרם,false,1,15.90,10.6000,true,1,12354
5900020024770,false,פיטנס - דליס חטיף דגנים שוקולד אגוז 22.50 גרם * 6,נסטלה פולין ברים,PL,חטיפי דגנים פיטנס דליס שוקולד אגוז135,גרמים,135.00,100 גרם,false,1,15.90,11.7778,true,1,13947
5900020025647,false,חטיף דגנים פיטנס שוקולד חלב 135 גרם מארז 6 יחידות,מיוצר עי קונדיטוריית,PL,חטיפי דגנים פיטנס דליס שוקולד חלב135,גרמים,135.00,100 גרם,false,1,15.90,11.7778,true,1,13946
5900020026552,false,דגני בוקר האני נאט צ'יריוס בטעם דבש ושקדים,נסטלה צרפת איטנקורט,FR,דגני בוקר האני נאט צריוס 625 גר,גרמים,615.00,100 גרם,false,1,22.90,3.7236,true,1,16232
5900020029669,false,פיטנס - חטיף דגנים פירות יער 23.50 גרם * 6,נסטלה פולין דגני בוק,PL,חטיפי דגנים פיטנס פירות יער 6 יח 141 גר,גרמים,141.00,100 גרם,false,1,15.90,11.2766,true,1,19822
5900020031877,false,נסטלה האני ציריוס חטיף דגני בוקר שישייה,נסטלה פולין דגני בוק,PL,חטיפי דגנים ציריוס 6יח 132ג,גרמים,132.00,100 גרם,false,1,15.90,12.0455,true,1,22732
5900020033314,false,חטיף דגני בוקר Lion בטעם קרמל ושוקולד על קרם חלב,נסטלה פולין דגני בוק,PL,חטיפי דגנים ליון 6יח 150ג,גרמים,150.00,100 גרם,false,1,15.90,10.6000,true,1,24399
5900020034021,false,חטיף דגנים פיטנס שוקולד בננה 141 גרם,מיוצר עי קונדיטוריית,PL,חטיפי דגנים פיטנס שוקו בננה 6 יח 141 גר,גרמים,141.00,100 גרם,false,1,15.90,11.2766,true,1,26831
5900020036407,false,ליון דגני בוקר שוקולד וקרמל נסטלה 480 גרם,נסטלה פולין דגני בוק,PL,דגני ליון שוקולד קרמל מופחת סוכר 480 גרם,גרמים,480.00,100 גרם,false,1,22.90,4.7708,true,1,33505
5900020037916,false,דגני בוקר שיבולת שועל צ'ריוס 375ג',ג'נרל מילס סאן אדריא,PL,דגני בוקר צריוס שיבולת שועל340גר,גרמים,340.00,100 גרם,false,1,15.90,4.6765,true,1,37280
5900020039590,false,פיטנס חטיף דגנים קלאסי פרווה 8 6*23.5 ג,נסטלה פולין דגני בוק,PL,חטיפי דגנים פיטנס קלאסי פרווה6 יח 141 גר,גרמים,141.00,100 גרם,false,1,15.90,11.2766,true,1,40108
5900020039620,false,פיטנס חטיף דגנים שקדים ודבש פרווה 8 6*23 ג,נסטלה פולין ברים,PL,חטיפי דגנים פיטנס שקדים ודבש6 יח 141 גר,גרמים,141.00,100 גרם,false,1,15.90,11.2766,true,1,40109
5900020041371,false,פיטנס חטיף שוקולד מריר ושקדים 23.50 גרם,נסטלה פולין ברים,PL,חטיפי דגנים פיטנס שוקולד מריר6 יח 141 גר,גרמים,141.00,100 גרם,false,1,15.90,11.2766,true,1,50365
5900130034171,false,"גלידת ""מילקה"" יוגורט תות מצופה שוקולד חלב 284 גר",,,מאגדת שלגון מילקה בטעם תות 4יח,יחידה,4.00,יחידה,false,1,38.90,9.7250,true,1,33640
5900323007432,false,זוג מתלים בינוניים כ,3m,,זוג מתלים בינוניים כולל דבק,יחידה,2.00,יחידה,false,1,15.90,7.9500,true,1,51029
5900617035882,false,חטיף חלבון נוטרישיין בטעם שוקולד,סיטי תוספי מזון,PL,חטיף חלבון שוקולד 33% מעט סוכר,יחידה,1.00,יחידה,false,1,9.90,9.9000,true,1,45710
5900617035905,false,גו און חטיף חלבון עם קרמל ובוטנים ללא סוכר 50 ג',סיטי תוספי מזון,PL,חטיף חלבון קרמל מלוח 33% מעט סוכר,יחידה,1.00,יחידה,false,1,9.90,9.9000,true,1,45709
5900617035929,false,חטיף חלבון נוטרישיין בטעם וניל תות יער,סיטי תוספי מזון,PL,חטיף חלבון וניל תות 33% מעט סוכר,יחידה,1.00,יחידה,false,1,9.90,9.9000,true,1,45711
5900627026429,false,"סיליט באנג גיל לניקוי אסלות בתוספת אקונומיקה 750מ""ל",רקיט בנקיזר,PL,גל סיליט באנג לשירותים אקונומיקה 750מל,מיליליטרים,750.00,"100 מ""ל",false,1,9.90,1.3200,true,1,36643
5900627027020,false,"ויט קרם להסרת שיער בזמן מקלחת לעור רגיל 150 מ""ל",רקיט בנקיזר צרפת,IL,קרם הסרת שיער ויט מקלחת עור רגיל150מל,מיליליטרים,150.00,"100 מ""ל",false,1,39.90,26.6000,true,1,4508
5900627040104,false,"הרפיק נוזל לניקוי אסלות שחור סיטרוס 750 מ""ל",רקיט בנקיזר,PL,גל אסלות הרפיק בניחוח לימוני 750מל,מיליליטרים,750.00,"100 מ""ל",false,1,9.90,1.3200,true,1,11176
5900627063233,false,טבליות למדיח הכל ב-1 פיניש מקס 50 יחידות,רקיט בנקיזר,PL,טבליות למדיח הכל באחד פיניש מקס 50 יח,יחידה,50.00,יחידה,false,1,44.90,0.8980,true,1,15965
5900627066715,false,טבליות למדיח פיניש הכל ב-1 100 יח,רקיט בנקיזר,PL,טבליות למדיח הכל ב 1 פיניש 100 יח,יחידה,100.00,יחידה,false,1,59.90,0.5990,true,1,17782
5900627080674,false,וולייט סרום לכביסה 100מל,רקיט בנקיזר,PT,סרום לכביסה וולייט 100מל,מיליליטרים,100.00,"100 מ""ל",false,12,11.90,11.9000,true,1,30311
5900649052666,false,קפוצינו להכנה מהירה קלאסי 100 גרם LOYD,מוטוקה ס.א,,קפוצינו להכנה קלאסי 10 יח,Unknown,0.00,Unknown,false,1,9.90,0.0000,true,1,21894
5900649052697,false,קפוצינו להכנה קקאו 1,,,קפוצינו להכנה קקאו 10 יח,Unknown,0.00,Unknown,false,1,9.90,0.0000,true,1,21895
5900649052727,false,LOYD קפוצינו להכנה מהירה אגוזי לוז,,,קפוצינו להכנה אגוזי לוז 10 יח,Unknown,0.00,Unknown,false,1,9.90,0.0000,true,1,21893
5900649052819,false,קפוצינו להכנה וניל10,,,קפוצינו להכנה וניל10 יח,Unknown,0.00,Unknown,false,1,9.90,0.0000,true,1,21896
5900649060043,false,LOYD קפוצינו להכנה מהירה קרמל,,,קפוצינו להכנה קרמל 10 יח,Unknown,0.00,Unknown,false,1,9.90,0.0000,true,1,21897
5900942150007,false,תבניות אפיה חד פעמי,,CN,תבניות אפיה חד פעמי 3יח מנייר,יחידה,3.00,יחידה,false,30,12.90,4.3000,true,1,51328
5900942150014,false,נייר אפיה 6 מטר אקול,,CN,נייר אפיה 6 מטר אקולוגי,מטרים,6.00,מטר,false,24,9.90,1.6500,true,1,51329
5900942150021,false,מטליות מיקרופייבר 3י,,CN,מטליות מיקרופייבר 3יח נטורה,יחידה,3.00,יחידה,false,24,9.90,3.3000,true,1,51331
5900942150045,false,מארז ספוג/סקוטש 2יח,,CN,מארז ספוג/סקוטש 2יח נטורה,יחידה,2.00,יחידה,false,30,10.90,5.4500,true,1,51332
5900942150069,false,שקיות נייר אקולוגיות,,CN,שקיות נייר אקולוגיות 10ליטר 10יח,יחידה,10.00,יחידה,false,10,9.90,0.9900,true,1,51333
5900942150083,false,שקיות אשפה 20יח 60לי,,CN,שקיות אשפה 20יח 60ליטר אקולוגי,יחידה,20.00,יחידה,false,20,9.90,0.4950,true,1,51334
5900942150298,false,רדיד אלומיניום 15מטר,,CN,רדיד אלומיניום 15מטר אקולוגי,מטרים,15.00,מטר,false,24,16.90,1.1267,true,1,51330
5901041003003,false,וודקה בלוודר פרמיום,פולמוס ז'\ירארדוב דיסטיל,PL,וודקה בלוודר 700 מל פקדון,מיליליטרים,700.00,"100 מ""ל",false,1,109.00,15.5714,true,1,10050
5901154046157,false,משקה דגנים קלאסי ללא קפאין 100 גר INKA,GRANA ARMANDO,,משקה דגנים אינקה קלאסי ללא קפאין100גר,גרמים,100.00,100 גרם,false,1,15.90,15.9000,true,1,13420
5901154046164,false,משקה דגנים אורגני ללא קפאין 100 גר INKA,GRANA ARMANDO,,משקה דגנים אינקה אורגני ללא קפאין100גר,גרמים,100.00,100 גרם,false,1,17.00,17.0000,true,1,13421
5901414200411,false,בלזן היט מיני ביסקוויט סנדוויץ' עם מילוי קרם בטעם שוקולד 130 גרם,ליימן שליסל,PL,ביסקוויט היט מיני שוקו 130 גר,גרמים,130.00,100 גרם,false,1,6.90,5.3077,true,1,5351
5902198160403,false,XL משקה אנרגיה מוגז ללא סוכר עד 10 קלוריות לפחית 250 מל,"טמפו משקאות בע""\מ",IL,משקה אנרגיה אקס אל תן 250 מל פקדון,מיליליטרים,250.00,"100 מ""ל",false,1,4.90,1.9600,true,1,18465
5902627244315,false,קרקר עם גרעיני דלעת,,PL,קרקר עם גרעיני דלעת ואמנטל גליסיה 180 גר,גרמים,180.00,100 גרם,false,1,19.90,11.0556,true,1,45496
5902627244322,false,קרקר 5 דגנים גליסיה,,PL,קרקר 5 דגנים גליסיה 180 גר,גרמים,180.00,100 גרם,false,1,19.90,11.0556,true,1,45497
5902627244339,false,קרקר 3 סוגי גרעינים,,PL,קרקר 3 סוגי גרעינים גליסיה 180 גר,גרמים,180.00,100 גרם,false,1,19.90,11.0556,true,1,45499
5902627244346,false,קרקר קמח כוסמין מלא,,PL,קרקר קמח כוסמין מלא שומשום גליסיה 180 גר,גרמים,180.00,100 גרם,false,1,19.90,11.0556,true,1,45498
5902768514308,false,משקה קמבוצ'ה אורגני ויגו אסרולה וג'ינג'ר,General,PL,משקה קמבוצה אורגני אסרולה וגינגר 315 מל,מיליליטרים,315.00,"100 מ""ל",false,8,13.90,4.4127,true,1,38083
5902768514322,false,משקה קמבוצ'ה אורגני ויגו מלפפון וכוסברה,General,PL,משקה קמבוצה אורגני מלפפון כוסברה 315 מל,מיליליטרים,315.00,"100 מ""ל",false,8,13.90,4.4127,true,1,38082
5906485301012,false,"משקה אנרגיה XL פחית 250 מ""ל","טמפו משקאות בע""מ",IL,משקה אנרגיה אקס אל 250 מל פקדון,מיליליטרים,250.00,"100 מ""ל",false,1,4.90,1.9600,true,1,4402
5941021000639,false,טבלת שוקולד חלב אגוז היידי גראנדור 100 ג',היידי שוקולד בירונטי,,שוקולד היידי חלב אגוז 100 גרם,גרמים,100.00,100 גרם,false,1,10.90,10.9000,true,1,24307
5941021001247,false,טבלת שוקולד בטעם קפה היידי גראנדור 80 ג',היידי שוקולד בירונטי,,שוקולד היידי קפה 80 גרם,Unknown,0.00,Unknown,false,1,10.90,0.0000,true,1,22285
5941021001261,false,טבלת שוקולד היידי גראנדור 75% 80 ג',היידי שוקולד בירונטי,RO,שוקולד היידי 75% מריר גראנדור 80 גרם,Unknown,0.00,Unknown,false,1,10.90,0.0000,true,1,49052
5941021001674,false,טבלת שוקולד היידי גראנדור 80% 80 ג',היידי שוקולד בירונטי,,שוקולד היידי 85% מריר גראנדור 80 גרם,Unknown,0.00,Unknown,false,1,10.90,0.0000,true,1,49051
5941021002190,false,טבלת שוקולד לבן אגוז היידי גראנדור 100 ג',היידי שוקולד בירונטי,,שוקולד היידי לבן אגוז 100 גרם,גרמים,100.00,100 גרם,false,1,10.90,10.9000,true,1,24309
5941021004309,false,"שוקולד היידי גראנדור פלורנטין, 100 ג'",היידי שוקולד בירונטי,,שוקולד היידי פלורנטין 100 גרם,גרמים,100.00,100 גרם,false,1,10.90,10.9000,true,1,22275
5941021005122,false,טבלת שוקולד חמוציות היידי גראנדור 80 ג',היידי שוקולד בירונטי,,שוקולד היידי חמוציות 80 גרם,Unknown,0.00,Unknown,false,1,10.90,0.0000,true,1,22284
5941021007577,false,טבלת שוקולד פיסטוק היידי גראנדור 80 ג',היידי שוקולד בירונטי,,שוקולד היידי פיסטוק 80 גרם,Unknown,0.00,Unknown,false,1,10.90,0.0000,true,1,22282
5941021008208,false,טבלת שוקולד מלח שחור היידי גראנדור 80 ג',היידי שוקולד בירונטי,RO,שוקולד היידי מלח שחור 80 גרם,Unknown,0.00,Unknown,false,1,10.90,0.0000,true,1,22283
5941021008673,false,טבלת שוקולד לבן שקד פיסטוק היידי גראנדור 100 ג',היידי שוקולד בירונטי,,שוקולד היידי לבן שקד פיסטוק 100 גרם,גרמים,100.00,100 גרם,false,1,10.90,10.9000,true,1,22280
5941021011147,false,טבלת שוקולד פלורנטין מריר היידי גראנדור 100 ג',היידי שוקולד בירונטי,,שוקולד היידי פלורנטין מריר 100 גרם,גרמים,100.00,100 גרם,false,1,10.90,10.9000,true,1,22281
5941021015596,false,טבלת שוקולד בטעם מריר אוכמניות היידי גראנדור 80 ג',היידי שוקולד בירונטי,PL,שוקולד היידי מריר אוכמניות 100 גרם,Unknown,0.00,Unknown,false,1,10.90,0.0000,true,1,29417
5941021016401,false,טבלת שוקולד מריר שקד היידי גראנדור 100 ג',היידי שוקולד בירונטי,PL,שוקולד היידי מריר שקד שלם 100 גרם,גרמים,100.00,100 גרם,false,1,10.90,10.9000,true,1,29416
5941850163024,false,רולדה במילוי קרם בטעם וניל 175 גר,,RO,מאפה רול אקסה ממולא קרם וניל 350 גרם,גרמים,350.00,100 גרם,false,8,14.90,4.2571,true,1,48136
5942219000059,false,מים מינרלים בורסק 1.5 ליטר,,,מים מינרליים בורסאק 1.5 ליטר,ליטרים,1.50,ליטר,false,1,9.20,6.1333,true,1,21270
5948559002753,false,5 מטליות ניקוי בעלות ספיגה מקסימלית,3m,IT,מטליות ניקוי 5יח ספיגה אופטימלית,יחידה,5.00,יחידה,false,15,16.90,3.3800,true,1,28754
5949152110821,false,"איירוויק מבשם אוויר ומנטרל ריחות – לילות לבנים 237 מ""ל",רקיט בנקיזר,PL,מטהר אוויר אירוויק נ.גז לילות לבנים 237מ,מיליליטרים,237.00,"100 מ""ל",false,1,14.90,6.2869,true,1,50352
5949152110838,false,"איירוויק מבשם אוויר ומנטרל ריחות - גשמים סגולים 237 מ""ל",רקיט בנקיזר,PL,מטהר אוויר אירוויק נ.גז גשם סגול 237מל,מיליליטרים,237.00,"100 מ""ל",false,1,14.90,6.2869,true,1,50353
5997321701806,false,אבקה למניעת אבנית במכונת כביסה 2 ב-1,רקיט בנקיזר פולין,PL,מסיר אבנית קלגון 1 קג באבקה,קילוגרמים,1.00,"ק""ג",false,1,29.90,29.9000,true,1,19088
5997321770307,false,ויט רצועות שעווה מוכנות לעור רגיש 12 יחידות,רקיט בנקיזר צרפת,FR,ויט רצועות שעווה לעור רגיש,Unknown,0.00,Unknown,false,1,21.90,0.0000,true,1,20202
5999883580158,false,"נסיכות דיסני-משקה מוגז בטעם תפוח 750 מ""ל",,HU,משקה מוגז נסיכות דיסני טעם תפוח 750מל,Unknown,0.00,Unknown,false,6,18.90,0.0000,true,1,48315
5999883580233,false,משקה פרוזן מוגז טעם,,,משקה פרוזן מוגז טעם תפוח 750מל,Unknown,0.00,Unknown,false,1,18.90,0.0000,true,1,48312
5999883580431,false,מכוניות- משקה מוגז בטעם תות ותפוח 750 מ,,HU,משקה מכוניות מוגז טעם תות שדה תפוח 750מל,Unknown,0.00,Unknown,false,6,18.90,0.0000,true,1,48314
5999883580998,false,משקה מוגז כדורגל טעם,,,משקה מוגז כדורגל טעם תפוח 750מל,Unknown,0.00,Unknown,false,6,18.90,0.0000,true,1,48317
5999887527067,false,"חד קרן-משקה מוגז עדין בטעם תפוח 750 מ""ל",,HU,משקה מוגז חד קרן טעם תפוח 750מל,Unknown,0.00,Unknown,false,6,18.90,0.0000,true,1,48316
6001030003126,false,"וולינטון - רוטב ווסטרשייר 250מ""ל",היינץ פודס,,רוטב וושסטר ויליגטון 250 מל,מיליליטרים,250.00,"100 מ""ל",false,1,15.90,6.3600,true,1,8044
6001030003584,false,"וולינגטון רוטב לסטייק 700 מ""ל",היינץ פודס,,רוטב לסטייק וולינטון 700 מל,מיליליטרים,700.00,"100 מ""ל",false,1,26.90,3.8429,true,1,13406
6001067017332,false,קולגייט מברשת שיניים מדיום 360 אופטיק ווייט,קולגייט-פלמוליב,CN,מברשת שיניים קולגייט אופטיק וייט בודד,יחידה,1.00,יחידה,false,72,19.90,19.9000,true,1,49331
6001067017523,false,מברשת שיניים קולגייט לילדים מגיל חמש 1 יחידה,יבואן ומשווק: ש. שסט,CN,מברשת שיניים קולגייט ילדים דמויות חדשה,Unknown,0.00,Unknown,false,1,11.90,0.0000,true,1,10300
6001067017530,false,מברשת שיניים קולגייט לילדים מגיל שנתיים עד חמש 1 יחידה,יבואן ומשווק: ש. שסט,CN,מברשת שיניים קולגייט ילדים דמויות חדשה,Unknown,0.00,Unknown,false,1,11.90,0.0000,true,1,10299
6001067027324,false,קולגייט בארבי-באטמן מברשת חשמלית,קולגייט - פלמוליב,CN,מברשת שיניים קולגייט ילדים חשמלית,יחידה,1.00,יחידה,false,12,54.90,54.9000,true,1,27572
6001068323005,false,משקה ריקופי גרגירים,נסטלה,ZA,משקה ריקופי גרגירים קפה ועולש 250 גרם,גרמים,250.00,100 גרם,false,6,39.90,15.9600,true,1,40424
6001506003407,false,יין אאודה קאפ קלאסיק,"דרא""פ די.ג'י.בי DGB",,יין אאודה קאפ קלאסיק רוד 750 מל פיקדון,מיליליטרים,750.00,"100 מ""ל",false,1,35.00,4.6667,true,1,6916
6001506003902,false,יין אאודה קאפ שנין ב,"דרא""פ די.ג'י.בי DGB",,יין אאודה קאפ שנין בלאן 750 מל פיקדון,מיליליטרים,750.00,"100 מ""ל",false,1,35.00,4.6667,true,1,6917
6001506004343,false,אאודה קאפ אלגנט וויט,"דרא""פ די.ג'י.בי DGB",,יין לבן אאודה קאפ אלגנט וויט 750מל פקדון,מיליליטרים,750.00,"100 מ""ל",false,1,35.00,4.6667,true,1,8764
6001506904544,false,יין ריב שאק דאגלאס ג,"דרא""פ די.ג'י.בי DGB",,יין ריב שאק דאגלאס גרין 750מל פקדון,מיליליטרים,750.00,"100 מ""ל",false,1,45.00,6.0000,true,1,11353
6001660000403,false,יין לבן שנין בלאן בו,"דרא""פ די.ג'י.בי DGB",,יין לבן שנין בלאן בושנדאל 750 מל פקדון,מיליליטרים,750.00,"100 מ""ל",false,1,50.00,6.6667,true,1,8721
6002291000077,false,יין לבן סוביניון בלא,,ZA,יין לבן סוביניון בלאן פייר ויו דארלינג,מיליליטרים,750.00,"100 מ""ל",false,12,60.00,8.0000,true,1,49741
6002291000145,false,יין אדום פייר ויו פי,,ZA,יין אדום פייר ויו פינוטאג 750מל פקדון,מיליליטרים,750.00,"100 מ""ל",false,12,75.00,10.0000,true,1,49743
6002291000176,false,יין אדום קברנה סובינ,,ZA,יין אדום קברנה סוביניון פייר ויו סטלנבוש,מיליליטרים,750.00,"100 מ""ל",false,12,75.00,10.0000,true,1,2723
6002291000190,false,יין פייר ויו גוטס דו,,,יין פייר ויו גוטס דו רואם לבן 750 מל,מיליליטרים,750.00,"100 מ""ל",false,6,45.00,6.0000,true,1,38085
6002291000435,false,יין פייר ויו גוטס צד,,,יין פיירוויו גואטס דו רואם 2008 750מל פק,מיליליטרים,750.00,"100 מ""ל",false,1,45.00,6.0000,true,1,38067
6002291002194,false,יין לבן שנין בלאן פי,,ZA,יין לבן שנין בלאן פייר ויו 750מל פקדון,מיליליטרים,750.00,"100 מ""ל",false,12,60.00,8.0000,true,1,49742
6002291002248,false,יין אדום פטיט סירא פ,,ZA,יין אדום פטיט סירא פייר ויו 750מל פקדון,מיליליטרים,750.00,"100 מ""ל",false,12,75.00,10.0000,true,1,49744
6003105000658,false,INA PAARMAN אבקת ציר ירקות,INA PAARMANS,ZA,אבקת ציר ירקות 150 גר צנצנת,גרמים,150.00,100 גרם,false,1,29.90,19.9333,true,1,12240
6003105000665,false,אבקת ציר עוף אינה פא,INA PAARMANS,ZA,אבקת ציר עוף 150 גר צנצנת,גרמים,150.00,100 גרם,false,1,29.90,19.9333,true,1,12241
6003105000863,false,אבקת ציר בקר אינה פא,INA PAARMANS,ZA,אבקת ציר בקר 150 גר צנצנת,גרמים,150.00,100 גרם,false,1,29.90,19.9333,true,1,12239
6003105001099,false,רוטב חרדל דבש אינה פ,INA PAARMANS,ZA,רוטב חרדל ודבש 200 מל אינה פרמה,מיליליטרים,200.00,"100 מ""ל",false,1,19.90,9.9500,true,1,25430
6003105001396,false,תבלין לימון ופלפל שח,INA PAARMANS,ZA,תבלון לימון ופלפל שחור 200 מל אינה פארמן,מיליליטרים,200.00,"100 מ""ל",false,1,22.90,11.4500,true,1,12236
6003105001563,false,INA PAARMAN תבלין בריי וגריל,INA PAARMANS,ZA,תבלון בריי וגריל 200 מל אינה פארמן,מיליליטרים,200.00,"100 מ""ל",false,1,22.90,11.4500,true,1,12235
6003105001860,false,תבלון שום ופלפל שחור,INA PAARMANS,ZA,תבלון שום ופלפל שחור 200 מל אינה פארמן,מיליליטרים,200.00,"100 מ""ל",false,12,22.90,11.4500,true,1,41034
6003105002270,false,INA PAARMAN תבלין לתפוח אדמה,INA PAARMANS,ZA,תבלון לתפוח אדמה 200 מל אינה פארמן,מיליליטרים,200.00,"100 מ""ל",false,1,22.90,11.4500,true,1,12237
6003105003178,false,"ציר עוף מרוכז 200 מ""ל אינה פארמנס",INA PAARMANS,ZA,ציר עוף מרוכז אינה פרמן 200 מל,מיליליטרים,200.00,"100 מ""ל",false,12,29.90,14.9500,true,1,11624
6003105003185,false,"ציר בקר מרוכז 200 מ""ל אינה פארמנס",INA PAARMANS,ZA,ציר בקר מרוכז אינה פרמן 200 מל,מיליליטרים,200.00,"100 מ""ל",false,12,29.90,14.9500,true,1,11623
6003105003192,false,ציר דגים מרוכז אינה,INA PAARMANS,ZA,ציר דגים מרוכז אינה פרמן 200 מל,מיליליטרים,200.00,"100 מ""ל",false,12,29.90,14.9500,true,1,13883
6003105003260,false,"ציר ירקות מרוכז 200 מ""ל אינה פארמנס",INA PAARMANS,ZA,ציר ירקות מרוכז אינה פרמן 200 מל,מיליליטרים,200.00,"100 מ""ל",false,12,29.90,14.9500,true,1,12747
6003105003697,false,רוטב לתיבול עוף 200,INA PAARMANS,,רוטב לתיבול עוף 200 מל אינה פרמ,מיליליטרים,200.00,"100 מ""ל",false,1,19.90,9.9500,true,1,25429
6003105003840,false,ר.לתיבול בשר בקר צלו,INA PAARMANS,,רוטב לתיבול בשר בקר צלוי 200 מל אינה פרמ,מיליליטרים,200.00,"100 מ""ל",false,1,19.90,9.9500,true,1,25428
6003105900163,false,רוטב לבישול טיקה קאר,INA PAARMANS,ZA,רוטב לבישול טיקה קארי 200 מל,מיליליטרים,200.00,"100 מ""ל",false,1,19.90,9.9500,true,1,12243
6003105900170,false,רוטב לבישול לימון וע,INA PAARMANS,ZA,רוטב לבישול לימון ועשבים200 מל,מיליליטרים,200.00,"100 מ""ל",false,1,19.90,9.9500,true,1,12244
6003105900262,false,INA PAARMAN תבלין שום ועשבי תיבול,INA PAARMANS,ZA,תבלין שום עשבי תיבול200 מל פרמאן,מיליליטרים,200.00,"100 מ""ל",false,1,22.90,11.4500,true,1,12745
6003770000168,false,רוטב פרי פרי בחריפות,NANDOS,ZA,רוטב ננדוס מדיום 250 גר,גרמים,250.00,100 גרם,false,1,25.90,10.3600,true,1,17063
6003770000649,false,רוטב פרי פרי מדיום ש,NANDOS,ZA,רוטב ננדוס שום 250 גר,גרמים,250.00,100 גרם,false,1,25.90,10.3600,true,1,12648
6003770000663,false,רוטב נאנדוס פרי פרי חריף 250 גרם,General,ZA,רוטב ננדוס חריף 250 גר,גרמים,250.00,100 גרם,false,1,25.90,10.3600,true,1,12647
6003770000670,false,רוטב ננדוס אקסטרא חר,NANDOS,ZA,רוטב ננדוס אקסטרא חריף 250 גר,גרמים,250.00,100 גרם,false,1,25.90,10.3600,true,1,12645
6003770002414,false,רוטב נאנדוס פרי פרי לימון 250 גרם,NANDOS,ZA,רוטב ננדוס לימון עשבי תיבול 250 גר,גרמים,250.00,100 גרם,false,1,25.90,10.3600,true,1,12643
6003770002674,false,רוטב ננדוס אקס אקס ח,NANDOS,ZA,רוטב ננדוס אקס אקס חריף 250 גר,גרמים,250.00,100 גרם,false,1,25.90,10.3600,true,1,12646
6003770002889,false,רוטב ננדוס בושוולד ב,NANDOS,,רוטב ננדוס בושוולד בראיי 250 גר,גרמים,250.00,100 גרם,false,1,25.90,10.3600,true,1,22430
6003770003091,false,רוטב נאנדוס פרי פרי מיילד 250 גרם,NANDOS,ZA,רוטב ננדוס פרי פרי מיילד 250 גר,גרמים,250.00,100 גרם,false,1,25.90,10.3600,true,1,17065
6003770010310,false,רוטב ננדוס מוזנפיק פ,NANDOS,,רוטב ננדוס מוזנפיק פפריקה 250 גר,גרמים,250.00,100 גרם,false,1,25.90,10.3600,true,1,49982
6006507004774,false,"CAPE HERBS מטחנה פלפל שחור 185 ג""ר",cape herb and spices,ZA,פלפל שחור במטחנה כאפ הרבס185 גרם,גרמים,185.00,100 גרם,false,1,24.90,13.4595,true,1,35939
6006507004781,false,מטחנה לברביקיו מעושן,cape herb and spices,ZA,מטחנה לברביקיו מעושן מתוק כאפ הרבס190גר,גרמים,190.00,100 גרם,false,6,21.90,11.5263,true,1,50114
6006507004798,false,"CAPE HERBS מטחנה מלח ים אטלנטי 360ג""ר",cape herb and spices,ZA,מלח ים אטלנטי מטחנה כאפ הרבס360 גרם,גרמים,360.00,100 גרם,false,1,17.90,4.9722,true,1,35936
6006507004873,false,מלח הימלאיה ורוד מטח,cape herb and spices,ZA,מלח הימלאיה ורוד מטחנה כאפ הרבס110 גרם,גרמים,110.00,100 גרם,false,1,15.90,14.4545,true,1,35932
6006507004897,false,פלפל טרופי במטחנה כא,cape herb and spices,ZA,פלפל טרופי במטחנה כאפ הרבס 45 גרם,Unknown,0.00,Unknown,false,1,21.90,0.0000,true,1,35938
6006507004996,false,תערובת תיבול ים תיכו,cape herb and spices,ZA,תערובת ים תיכוני 100 גר,גרמים,100.00,100 גרם,false,1,19.90,19.9000,true,1,18839
6006507005016,false,טקסס סטייקי 100 גרם CAPE HERBS,cape herb and spices,ZA,תערובת טקסס סטייק 100 גר,גרמים,100.00,100 גרם,false,1,19.90,19.9000,true,1,18838
6006507005023,false,קיגון לואיזיאנה 100 גרם CAPE HERBS,cape herb and spices,ZA,תערובת קיגון לואיזיאנה 100 גר,גרמים,100.00,100 גרם,false,1,19.90,19.9000,true,1,18843
6006507005061,false,תערובת תיבול לבריי ו,cape herb and spices,ZA,תערובת תיבול לבריי וגריל 265 גרם,גרמים,265.00,100 גרם,false,6,21.90,8.2642,true,1,50113
6006507005375,false,תערובת תיבול לקארי ע,cape herb and spices,ZA,תערובת תיבול לקארי עוף כאפ הרבס 50 גרם,Unknown,0.00,Unknown,false,6,8.90,0.0000,true,1,50110
6006507005757,false,תערובת קריביאן גרק כ,cape herb and spices,ZA,תערובת קריביאן גרק כאפ הרבס 100 גר,גרמים,100.00,100 גרם,false,6,21.90,21.9000,true,1,41033
6006507005764,false,תערובת אסיאתי כאפ הר,cape herb and spices,ZA,תערובת אסיאתי כאפ הרבס100 גרם,גרמים,100.00,100 גרם,false,6,21.90,21.9000,true,1,41032
6006507005771,false,תערובת קארי מדרס כאפ,cape herb and spices,ZA,תערובת קארי מדרס כאפ הרבס 100 גר,גרמים,100.00,100 גרם,false,6,21.90,21.9000,true,1,18835
6006507005887,false,"CAPE HERBS מטחנה מלח מתובל 240ג""ר",cape herb and spices,ZA,מלח מתובל במטחנה כאפ הרבס240גרם,גרמים,240.00,100 גרם,false,1,21.90,9.1250,true,1,35937
6006507005894,false,תערובת תבלינים לימון,cape herb and spices,ZA,תערובת לימון ופלפל מטחנה כאפ הרבס290 גרם,גרמים,290.00,100 גרם,false,1,21.90,7.5517,true,1,35934
6006507005924,false,"CAPE HERBS מטחנה מלח ופלפל 310ג""ר",cape herb and spices,ZA,מלח ופלפל שחור מטחנה כאפ הרבס290 גרם,גרמים,290.00,100 גרם,false,1,21.90,7.5517,true,1,35935
6006507007454,false,"CAPE HERBS לימון עשבי תיבול 100ג""ר(פח)",cape herb and spices,ZA,תערובת לימון ועשבי תיבול כאפ הרבס100 גרם,גרמים,100.00,100 גרם,false,1,21.90,21.9000,true,1,35930
6006507007805,false,CAPE HERBS תבלינים לברבקיו מעושן100גר,cape herb and spices,ZA,תבלין לברביקון מעושן כאפ הרבס100 גרם,גרמים,100.00,100 גרם,false,1,21.90,21.9000,true,1,35931
6006507007966,false,תערובת פוקה לדג כאפ,cape herb and spices,ZA,תערובת פוקה לדג כאפ הרבס 50 ג,Unknown,0.00,Unknown,false,6,8.90,0.0000,true,1,50112
6006570000079,false,תבלין כאפה הרבס צילי,cape herb and spices,ZA,תערובת צילי חריף 75 גר,יחידה,1.00,יחידה,false,1,19.90,19.9000,true,1,18841
6006570000093,false,תבלין כאפה הרבס ציפו,cape herb and spices,ZA,תערובת ציפוטלה 80 גר,יחידה,1.00,יחידה,false,1,19.90,19.9000,true,1,18842
6009645550080,false,פלפל חלפינו פיינבוס,,ZA,פלפל חלפינו פיינבוס פרוס 420 גרם,מיליליטרים,420.00,"100 מ""ל",false,12,23.90,5.6905,true,1,41042
6009645550738,false,FYNBOS רוטב פלפל צילי ושום חריף 130גר,,ZA,רוטב פיינבוס פלפל צילי שום חריף130 גרם,מיליליטרים,130.00,"100 מ""ל",false,12,17.90,13.7692,true,1,41039
6009645550745,false,FYNBOS רוטב פלפל הבנרו חריף 130גר,,ZA,רוטב פיינבוס פלפל הבנרו חריף 130 גרם,מיליליטרים,130.00,"100 מ""ל",false,12,17.90,13.7692,true,1,41035
6009645550752,false,רוטב פיינבוס פלפל צי,,ZA,רוטב פיינבוס פלפל צילי עין הציפור130 גרם,מיליליטרים,130.00,"100 מ""ל",false,12,17.90,13.7692,true,1,41040
6009645550974,false,פלפל ציפוטלה פיינבוס,,ZA,פלפל ציפוטלה פיינבוס ברוטב אדובד280גרם,מיליליטרים,280.00,"100 מ""ל",false,12,31.90,11.3929,true,1,41043
6009645551216,false,רוטב פיינבוס מעושן ח,,ZA,רוטב פיינבוס מעושן חריף מתוק 130 גרם,מיליליטרים,130.00,"100 מ""ל",false,12,17.90,13.7692,true,1,41036
6009645551407,false,רוטב פיינבוס פלפל צי,,ZA,רוטב פיינבוס פלפל צילי לימון חריף130 גרם,מיליליטרים,130.00,"100 מ""ל",false,12,17.90,13.7692,true,1,41038
6009645551902,false,FYNBOS רוטב פלפל ציפוטלה חריף 130 גר,,ZA,רוטב פיינבוס פלפל ציפוטלה חריף 130 גרם,מיליליטרים,130.00,"100 מ""ל",false,12,17.90,13.7692,true,1,41041
6009645552312,false,רוטב פיינבוס פלפל חל,,ZA,רוטב פיינבוס פלפל חלפינו חריף 130 גרם,מיליליטרים,130.00,"100 מ""ל",false,12,17.90,13.7692,true,1,41037
6009678813985,false,קייפ פודס מטחנת מלח הימלאיה ורוד 390 גרם,,ZA,מטחנת מלח הימלאיה 390 גרם,גרמים,390.00,100 גרם,false,12,18.90,4.8462,true,1,34683
6009813410413,false,רוטב סטייק סאפור 500,General,ZA,רוטב סטייק סאפור 500 מל,גרמים,500.00,100 גרם,false,12,19.90,3.9800,true,1,47347
6086142555800,false,עלי קייל אורגני,,,קייל אורגני,Unknown,0.00,Unknown,false,1,10.90,0.0000,true,1,21377
6086142555978,false,עלי תרד אורגני,,,תרד אורגני,Unknown,0.00,Unknown,false,1,10.90,0.0000,true,1,21378
6086142557408,false,שעועית הילדה אורגנית,,,שעועית הילדה אורגנית,Unknown,0.00,Unknown,false,1,14.90,0.0000,true,1,46919
6102017501939,false,מצת להבה לגז brico {במעמד},,CN,מצית גז להבה ארוך 26סמ,יחידה,1.00,יחידה,false,1,7.90,7.9000,true,1,34505
6111094000242,false,תומר קוסקוס דארי דק 500גר,דארי קוספאט אס. איי. או,MA,קוסקוס דארי דק 500 גר,גרמים,500.00,100 גרם,false,1,8.90,1.7800,true,1,7432
6111094000259,false,קוסקוס דארי בינוני 500ג'18X,דארי קוספאט אס. איי. או,MA,קוסקוס דארי בינוני 500 גר,גרמים,500.00,100 גרם,false,1,8.90,1.7800,true,1,7431
6111094002123,false,דארי אטריות דקות תוספת 10% 550 גרם,דארי,MA,אטריות דארי דקות 550 גרם,גרמים,550.00,100 גרם,false,12,9.90,1.8000,true,1,51345
6118000061090,false,סרדינים מרוקאים בשמן סויה -טנגיר 125,דין שיווק,,סרדין מרוקאי טנגיר שמן סויה 125 גר,גרמים,125.00,100 גרם,false,1,4.90,3.9200,true,1,26448
6118000240501,false,סרדינים מרוקאים בשמן סויה עם פלפל חריף - 125 גרם,דין שיווק,,סרדין מרוקאי אגדיר שמן סויה 125 גר,גרמים,125.00,100 גרם,false,1,4.90,3.9200,true,1,11447
6194029100279,false,שימורי פילה טונה בשמן זית 200 גרם,,TN,פילה טונה אלמנאר בשמן זית 200 גרם צנצנת,גרמים,200.00,100 גרם,false,12,29.90,14.9500,true,1,50551
6194029100323,false,סרדין אלמנאר בשמן זי,,TN,סרדין אלמנאר בשמן זית 125 גרם,גרמים,125.00,100 גרם,false,50,5.90,4.7200,true,1,50552
6194029100415,false,טונה אלמנאר בשמן זית,,TN,טונה אלמנאר בשמן זית 160 גרם,גרמים,160.00,100 גרם,false,12,17.90,11.1875,true,1,50550
6224000485764,false,"שיני שום קפואות 1 ק""ג קהילות",,EG,שיני שום 1קג קפוא,קילוגרמים,1.00,"ק""ג",false,10,24.90,24.9000,true,1,50358
6253341100012,false,טחינה עאייש 950 גרם,,,טחינה עאייש 950 גרם,גרמים,950.00,100 גרם,false,1,36.90,3.8842,true,1,17075
6253341100029,false,טחינה עאייש 100% שומ,עומר עאייש שכם,PS,טחינה עאייש 450 גרם,גרמים,450.00,100 גרם,false,1,19.90,4.4222,true,1,23845
6281001510390,false,מברשת שיניים לילדים אקסטרא סופט לגילאי 0-2,קולגייט-פלמוליב,CN,מברשת שיניים קולגייט תינוקות 0-2,יחידה,1.00,יחידה,false,1,11.90,11.9000,true,1,4248
6297000361154,false,סילאן תמרים אורגני 470 גרם - טעם 88,,,סילאן תמרים אורגני 470גר,גרמים,470.00,100 גרם,false,1,13.90,2.9574,true,1,40368
6901022100409,false,ג'ינגר כתוש טרי לירון 100 גרם,עבדו,CN,ממרח גינגר כתוש טרי לירון 100 גרם,גרמים,100.00,100 גרם,false,12,6.90,6.9000,true,1,50954
6901022100416,false,שום כתוש טרי לירון 100 גרם,עבדו,CN,ממרח שום כתוש טרי לירון 100 גרם,גרמים,100.00,100 גרם,false,12,6.90,6.9000,true,1,50955
6909039012920,false,כף זיתים נירוסטה עיל,,,כף זיתים נירוסטה עילית,יחידה,1.00,יחידה,false,1,24.90,24.9000,true,1,17676
6910191800287,false,אצות נורי בלו 10 דף (ננגטונג),ננטונג היידה אקווטוק,CN,אצות נורי בלו 10 דפים נגטונג,יחידה,1.00,יחידה,false,1,12.90,12.9000,true,1,10270
6912977000140,false,אטריות שעועית 250 גר' ( Yantai)ללא גלוטן(כ),יאנטאי ינסידה לנוגקא,CN,אטריות שעועית דקות 250 גר כשלפ,גרמים,200.00,100 גרם,false,1,8.90,4.4500,true,1,11607
6918819160331,false,מלקחיים נירוסטה גריל,,,מלקחיים נירוסטה גריל/סלט 20סמ,יחידה,1.00,יחידה,false,1,5.90,5.9000,true,1,38873
6920036686235,false,אטריות סומן כתום 400,הנגזהו,,אטריות סומן כתום 400 גר,גרמים,400.00,100 גרם,false,1,6.00,1.5000,true,1,10896
6920354822193,false,משחת שיניים נטורל הדרים אקליפטוס קולגייט 90 ג',קולגייט פלמוליב,PL,משחת שיניים קולגייט נטורל 68מל הדרים אקל,Unknown,0.00,Unknown,false,48,31.90,0.0000,true,1,40017
6920354822223,false,משחת שיניים נטורל גינגר קוקוס קולגייט 90 ג',קולגייט פלמוליב,PL,משחת שיניים קולגייט נטורל 68מל גינגר קוק,Unknown,0.00,Unknown,false,48,31.90,0.0000,true,1,40018
6920354824395,false,קולגייט משחת שיניים נטורל פחם פעיל ומנטה,קולגייט פלמוליב,PL,משחת שיניים קולגייט נטורל ת.פחם 71מל,Unknown,0.00,Unknown,false,48,31.90,0.0000,true,1,40019
6921052701001,false,אצות וואקמה 40 גרם (רונגצ'אנג)(כ),ננטונג הידה אקוטיק פ,CN,אצות וואקמה 50 גרם,גרמים,50.00,100 גרם,false,1,11.90,23.8000,true,1,4674
6922276100083,false,מחית וואסבי -חזרת 43 גרם (דליאן),דליאן ג'ינדה קונדימנ,CN,מחית וואסבי חזרת 43 גר,גרמים,43.00,100 גרם,false,1,9.90,23.0233,true,1,10039
6924299395972,false,סכין קיצוץ 17.5סמ יד,לי מרקט,,סכין קיצוץ 17.5סמ ידית נירוסטה לקיטשן,יחידה,1.00,יחידה,false,1,28.90,28.9000,true,1,33758
6924299395989,false,סכין סנטוקו ידית ניר,,,סכין סנטוקו ידית נירוסטה 17.5סמ לקיטשן,יחידה,1.00,יחידה,false,1,24.90,24.9000,true,1,33744
6924299395996,false,סכין רוסטביף 28סמ יד,לי מרקט,,סכין רוסטביף 28סמ ידית נירוסטה לקיטשן,יחידה,1.00,יחידה,false,1,24.90,24.9000,true,1,33748
6924299396009,false,משחיז סכינים לקיטשן,לי מרקט,,משחיז סכינים לקיטשן 20סמ,יחידה,1.00,יחידה,false,1,13.90,13.9000,true,1,33747
6924299396016,false,סכין שף 20סמ ידית ני,,,סכין שף 20סמ ידית נירוסטה לקיטשן,יחידה,1.00,יחידה,false,1,24.90,24.9000,true,1,33752
6924299396030,false,סכין גילוף 20סמ ידית,לי מרקט,,סכין גילוף 20סמ ידית נירוסטה לקיטשן,יחידה,1.00,יחידה,false,1,24.90,24.9000,true,1,33750
6924299396054,false,סכין קילוף 9סמ ידית,לי מרקט,,סכין קילוף 9סמ ידית נירוסטה לקיטשן,יחידה,1.00,יחידה,false,1,18.90,18.9000,true,1,33746
6926832407074,false,בראל חטיף אורז יפני 100גרם,קסימן די ברייט,CN,חטיף אורז יפאני 100 ג,גרמים,100.00,100 גרם,false,24,7.90,7.9000,true,1,4466
6928029702139,false,סט 3 תבניות פיירקס א,,,סט 3 תבניות פיירקס אובלי,יחידה,3.00,יחידה,false,30,49.90,16.6333,true,1,39521
6933960500089,false,קנפיו רצועות דלעת כבושות 100 גרם (קווינגזאו),מזרח ומערב,CN,רצועות דלעת כבושות קנפיו 100 גר,גרמים,100.00,100 גרם,false,1,13.90,13.9000,true,1,9361
6934731200078,false,אטריות טריות דקות מזרח מערב 200 גרם,יאנטאי ינסידה לנוגקא,CN,אטריות נודלס דקות200 גרם,גרמים,180.00,100 גרם,false,1,6.90,3.8333,true,1,27669
6934731210138,false,אטריות טריות עבות מזרח מערב 200 גרם,יאנטאי ינסידה לנוגקא,CN,אטריות נודלס עבות 200 גרם,גרמים,180.00,100 גרם,false,1,6.90,3.8333,true,1,27668
6934930083410,false,פומאז עשיר בחלבון ריקוטה ואמרנה 110 גרם,,IL,מעדן טבעוני פומאז עשיר בחלבון ריקוטה110ג,גרמים,110.00,100 גרם,false,8,10.90,9.9091,true,1,39455
6934931267246,false,מצית גז להבה ארוך 26,,,מצית גז להבה ארוך 26סמ,יחידה,1.00,יחידה,false,1,7.90,7.9000,true,1,47262
6934931974656,false,לימונים כבושים במי מ,,ES,לימונים כבושים במי מלח 360 גרם,גרמים,360.00,100 גרם,false,12,11.90,3.3056,true,1,49042
6936745600462,false,רוטב מירין לתיבול מז,דאנינג יוה פודס קו,CN,מירין יפני דאניינג 500מל,מיליליטרים,500.00,"100 מ""ל",false,1,21.90,4.3800,true,1,9700
6936745600783,false,"חומץ אורז מזרח מערב 500 מ""ל",דאנינג יוה פודס קו,CN,חומץ אורז דאניינג 500 מל,מיליליטרים,500.00,"100 מ""ל",false,1,14.90,2.9800,true,1,9699
6937266700761,false,שיק אינטואישן סנסיטיב נשים מכשיר+2 סכיני,קולגייט פלמוליב,CN,מכשיר גילוח שיק אינטואישן סנסטיב +2 סכין,גרמים,130.00,100 גרם,false,3,34.90,26.8462,true,1,28180
6937266700785,false,שיק אינטואישן סנסיטיב נשים סכיני גילוח*3,שסטוביץ,CN,סכיני גילוח שיק אינטואישן סנסטיב 3יח,יחידה,3.00,יחידה,false,1,32.90,10.9667,true,1,28181
6937266703472,false,שיק היידרו 5 סילק סכינים רביעייה,ארץ ייצור סכינים: ארהבn\,CN,סכיני גילוח שיק היידרו סילק 4יח,יחידה,4.00,יחידה,false,6,49.90,12.4750,true,1,31005
6941156100166,false,מחית סויה אדומה - אקא מיסו 500 גר '(דליאן),מזרח ומערב,CN,מחית סויה אדומה אקא מיסו 500 גר,גרמים,500.00,100 גרם,false,1,18.90,3.7800,true,1,9947
6948896600451,false,חליטת תה ירוק תפזורת,תבליני טעם של פעם,CN,חליטת תה ירוק תפזורת 100 גר,גרמים,100.00,100 גרם,false,12,16.90,16.9000,true,1,46646
6948896601014,false,חליטת תה לבן תפזורת,תבליני טעם של פעם,CN,חליטת תה לבן תפזורת 100 גר,גרמים,100.00,100 גרם,false,12,25.90,25.9000,true,1,46647
6951800685123,false,פח אשפה מלבני 45ליטר,,,פח אשפה מלבני 45ליטר אפור מט,יחידה,1.00,יחידה,false,1,399.00,399.0000,true,1,49933
6954346572124,false,צופסטיקס 5 יח רב פעמ,Bamboo Forever Co. L,CN,צופסטיקס 5 יח רב פעמי במבוק,Unknown,0.00,Unknown,false,200,19.90,0.0000,true,1,36405
6958462302115,false,סכין מתכת עם ידית פל,,,סכין מתכת עם ידית פלסטיק 6 יחידות,יחידה,6.00,יחידה,false,1,11.90,1.9833,true,1,38880
6974640730167,false,פטריות שיטאקה 100 גר (כ) (Zhejiang),CO FOOD FOREST .ZHEJIANG,CN,פטריות שיטאקה 100 ג,גרמים,100.00,100 גרם,false,1,19.90,19.9000,true,1,49171
7038513909018,false,גורדן קסמי שיניים פלואוריד/מינט,קלרו,NO,קיסמי שיניים דקים מעץ גורדון 100 יח,יחידה,100.00,יחידה,false,1,19.90,0.1990,true,1,13151
7038513909117,false,גורדן קסמי שיניים פלואוריד/מינט אקסטרה ט,ג'ורדן,MY,קיסמי שיניים דקים במיוחד גורדון 140 יח,יחידה,140.00,יחידה,false,1,19.90,0.1421,true,1,13150
7070646288615,false,ח.חלבון טעם בוטנים קרמל,סיטי ספורט,GB,חטיף חלבון מקס 100 בוטנים כרמל,יחידה,1.00,יחידה,false,24,14.90,14.9000,true,1,40684
7209000683227,false,טחינה אל באשא 500 גרם,,IL,טחינת אלבאשא 450 גרם,גרמים,450.00,100 גרם,false,24,12.90,2.8667,true,1,50086
7209000683234,false,טחינת אלבאשא 900 גרם,,IL,טחינת אלבאשא 900 גרם,גרמים,900.00,100 גרם,false,24,23.90,2.6556,true,1,50087
7270137700019,false,שיפודי נירוסטה רחבים,,,שיפודי נירוסטה רחבים מארז 6יח,יחידה,6.00,יחידה,false,1,27.90,4.6500,true,1,39536
7270137700088,false,סט 3 חלקים למנגל ניר,,,סט 3 חלקים למנגל נירוסטה ידית עץ,יחידה,3.00,יחידה,false,1,37.90,12.6333,true,1,39537
7270137700101,false,"רשת צלייה ניקל ל-6 יח' המבורגר 34*21 ס""מ",,,רשת צליה ניקל 21/34סמ,יחידה,1.00,יחידה,false,1,22.90,22.9000,true,1,39449
7270137700149,false,"מלקחיים למנגל נירוסטה 38 ס""מ",,,מלקחיים לגריל נירוסטה 40סמ,יחידה,1.00,יחידה,false,1,12.90,12.9000,true,1,48048
7270137700316,false,מברשת ניקוי לרשת מנג,,,מברשת ניקוי לרשת מנגל 3פעולות,יחידה,1.00,יחידה,false,1,9.90,9.9000,true,1,39534
7271730901261,false,ווקי מאק ארוחת אטריות עם גבינה 156 גרם,ניו וורלד פסטה קומפנ,US,תבשיל פסטה וואקי מאק אדום 156 גר,גרמים,156.00,100 גרם,false,1,11.90,7.6282,true,1,10252
7290000000607,false,תמרים פרימיום 3.5 ק,,,אגס תפוח נאשי,קילוגרמים,1.00,"ק""ג",true,,15.90,15.9000,true,1,3609
7290000000928,false,פקדון 1.20 שח בק חוז,,,פקדון 1.20 שח בק חוזר,Unknown,0.00,Unknown,false,1,1.20,0.0000,true,1,805
7290000001000,false,דמי פקדון 0.30 שח,,,דמי פקדון 0.30 שח,Unknown,0.00,Unknown,false,1,0.30,0.0000,true,1,95
7290000001010,false,נקניק אבא הרמן פרוס,מעדני מניה תעשיות בש,,דמי פקדון 0.60 שח זוג,Unknown,0.00,Unknown,false,1,0.60,0.0000,true,1,1884
7290000001030,false,דמי פקדון 1.80 שח שי,קרלברג ייצור ושיווק,,דמי פקדון 1.80 שח שישיה,Unknown,0.00,Unknown,false,1,1.80,0.0000,true,1,241
7290000001060,false,דמי פקדון 3.60 שח תר,,,דמי פקדון 3.60 שח תריסר,Unknown,0.00,Unknown,false,1,3.60,0.0000,true,1,4943
7290000004105,false,אננס מסוכר,,,אננס מסוכר,קילוגרמים,1.00,"ק""ג",true,,40.00,40.0000,true,1,5117
7290000004198,false,נץ החלב-דוביום כתוב\,,,חמוציות ברכז,קילוגרמים,1.00,"ק""ג",true,,49.00,49.0000,true,1,5125
7290000004204,false,סיגר/פסטל/אגרול מוכן,,,שזיף מיובש מגולען,קילוגרמים,1.00,"ק""ג",true,,50.00,50.0000,true,1,5126
7290000004228,false,בננה ציפס,,,בננה ציפס,קילוגרמים,1.00,"ק""ג",true,,39.00,39.0000,true,1,5127
7290000004235,false,דובדבן מגולען טבעי,,,דובדבן מגולען טבעי,קילוגרמים,1.00,"ק""ג",true,,100.00,100.0000,true,1,5128
7290000004259,false,משמש מיובש גדול,,,משמש מיובש גדול,קילוגרמים,1.00,"ק""ג",true,,49.00,49.0000,true,1,5129
7290000004273,false,כרובית / ברוקולי בצי,,,חמוציות מסוכרות,קילוגרמים,1.00,"ק""ג",true,,35.00,35.0000,true,1,5131
7290000004280,false,גינגר דל סוכר,,,גינגר דל סוכר,קילוגרמים,1.00,"ק""ג",true,,50.00,50.0000,true,1,5132
7290000004297,false,פפאיה מיובשת,,,פפאיה מיובשת,קילוגרמים,1.00,"ק""ג",true,,40.00,40.0000,true,1,5133
7290000004310,false,מנגו דל סוכר,יד המלך,,מנגו דל סוכר,קילוגרמים,1.00,"ק""ג",true,,75.00,75.0000,true,1,5135
7290000004358,false,צימוק אוזבקי,,,צימוק אוזבקי,קילוגרמים,1.00,"ק""ג",true,,65.00,65.0000,true,1,5139
7290000004372,false,תאנים מיובשות,,,תאנים מיובשות,קילוגרמים,1.00,"ק""ג",true,,50.00,50.0000,true,1,5141
7290000004389,false,דג דניס נקי,,,אננס טבעי,קילוגרמים,1.00,"ק""ג",true,,90.00,90.0000,true,1,5142
7290000004457,false,חלבה בטעמים,,,חלבה בטעמים,קילוגרמים,1.00,"ק""ג",true,,75.00,75.0000,true,1,5149
7290000004488,false,גוגי ברי,,,גוגי ברי,קילוגרמים,1.00,"ק""ג",true,,60.00,60.0000,true,1,5152
7290000004495,false,חמוציות טבעי שלמות,,,חמוציות טבעי שלמות,קילוגרמים,1.00,"ק""ג",true,,100.00,100.0000,true,1,5153
7290000004501,false,טבעות זיתים במשקל,,,משמש אוזבקי טבעי,קילוגרמים,1.00,"ק""ג",true,,50.00,50.0000,true,1,5154
7290000004518,false,משמש אורגני,,,משמש אורגני,קילוגרמים,1.00,"ק""ג",true,,50.00,50.0000,true,1,5155
7290000004525,false,תפוח עץ מיובש,,,תפוח עץ מיובש,קילוגרמים,1.00,"ק""ג",true,,50.00,50.0000,true,1,5156
7290000004556,false,ריחן (בזיל) אורגני,,,תמר מגהול מובחר,קילוגרמים,1.00,"ק""ג",true,,69.00,69.0000,true,1,5158
7290000004563,false,תמר מגהול רגיל,,,תמר מגהול רגיל,קילוגרמים,1.00,"ק""ג",true,,35.00,35.0000,true,1,5159
7290000004570,false,סודה לשתיה,,,רימון מיובש טבעי,קילוגרמים,1.00,"ק""ג",true,,15.00,15.0000,true,1,5160
7290000004631,false,צימוק לבן ענק,,,צימוק לבן ענק,קילוגרמים,1.00,"ק""ג",true,,49.00,49.0000,true,1,5166
7290000004655,false,מוצרלה מעושנת גד 22%,,,צימוק חום,קילוגרמים,1.00,"ק""ג",true,,39.00,39.0000,true,1,5167
7290000004662,false,צימוק לבן,,,צימוק לבן,קילוגרמים,1.00,"ק""ג",true,,39.00,39.0000,true,1,5168
7290000004709,false,שקד מולבן/פרוס/גפרור,,,שקד מולבן/פרוס/גפרור,קילוגרמים,1.00,"ק""ג",true,,80.00,80.0000,true,1,5172
7290000004716,false,שקד טבעי ענק,,,שקד טבעי ענק,קילוגרמים,1.00,"ק""ג",true,,85.00,85.0000,true,1,5173
7290000004730,false,פיסטוק טבעי גרוס,,,פיסטוק טבעי גרוס,קילוגרמים,1.00,"ק""ג",true,,110.00,110.0000,true,1,5175
7290000004761,false,פקאן טבעי מקולף,,,פקאן טבעי מקולף,קילוגרמים,1.00,"ק""ג",true,,100.00,100.0000,true,1,5177
7290000004778,false,חמניות קלופות,,,חמניות קלופות,קילוגרמים,1.00,"ק""ג",true,,25.00,25.0000,true,1,5178
7290000004785,false,אגוזי לוז טבעי,,,אגוזי לוז טבעי,קילוגרמים,1.00,"ק""ג",true,,69.00,69.0000,true,1,5179
7290000004792,false,בולגרית מעודנת גד 5%,,,אגוזים קלופים,קילוגרמים,1.00,"ק""ג",true,,69.00,69.0000,true,1,5180
7290000004808,false,בוטנים טבעי,,,בוטנים טבעי,קילוגרמים,1.00,"ק""ג",true,,39.00,39.0000,true,1,5181
7290000004815,false,מוצרלה גד 22% במשקל,,,פיסטוק טבעי קלוף,קילוגרמים,1.00,"ק""ג",true,,150.00,150.0000,true,1,5182
7290000004822,false,קשיו טבעי גדול,,,קשיו טבעי גדול,קילוגרמים,1.00,"ק""ג",true,,85.00,85.0000,true,1,5183
7290000004839,false,אגוז מקדמיה טבעי,,,אגוז מקדמיה טבעי,קילוגרמים,1.00,"ק""ג",true,,169.00,169.0000,true,1,5184
7290000004853,false,גרעיני דלעת קלופים,,,גרעיני דלעת קלופים,קילוגרמים,1.00,"ק""ג",true,,45.00,45.0000,true,1,5186
7290000004860,false,מיקס אגוזים טבעי,,,מיקס אגוזים טבעי,קילוגרמים,1.00,"ק""ג",true,,100.00,100.0000,true,1,5187
7290000004877,false,זרעי ציה,,,זרעי ציה,קילוגרמים,1.00,"ק""ג",true,,40.00,40.0000,true,1,5188
7290000004891,false,בולגרית מסורתית גד 1,,,מלח לימון,קילוגרמים,1.00,"ק""ג",true,,29.00,29.0000,true,1,5190
7290000004921,false,ריקוטה גד 5% במשקל,,,תערובת לסלט,קילוגרמים,1.00,"ק""ג",true,,75.00,75.0000,true,1,5193
7290000004938,false,עגבניות מיובשות,,,עגבניות מיובשות,קילוגרמים,1.00,"ק""ג",true,,55.00,55.0000,true,1,5194
7290000005058,false,סנדוויץ - גבינה צהוב,,,תבלינים ב179.00שח לקג,קילוגרמים,1.00,"ק""ג",true,,179.00,179.0000,true,1,4615
7290000005072,false,אפונה קלויה,,,אפונה קלויה,קילוגרמים,1.00,"ק""ג",true,,40.00,40.0000,true,1,2218
7290000005096,false,פלפל מתוק,,,פלפל מתוק,קילוגרמים,1.00,"ק""ג",true,,59.00,59.0000,true,1,953
7290000005102,false,לואיזה צרפתית,,,לואיזה צרפתית,קילוגרמים,1.00,"ק""ג",true,,238.00,238.0000,true,1,2219
7290000005140,false,שקדים קלויים,,,שקדים קלויים,קילוגרמים,1.00,"ק""ג",true,,90.00,90.0000,true,1,54
7290000005157,false,בגט אותנטיק בטעמים,,,גרעין אבטיח קלוי,קילוגרמים,1.00,"ק""ג",true,,59.00,59.0000,true,1,914
7290000005164,false,גרעיני דלעת קלויים,,,גרעיני דלעת קלויים,קילוגרמים,1.00,"ק""ג",true,,49.00,49.0000,true,1,351
7290000005171,false,גרעיני חמניה קלויים,,,גרעיני חמניה קלויים,קילוגרמים,1.00,"ק""ג",true,,22.00,22.0000,true,1,397
7290000005201,false,פקאן סיני,,,פקאן סיני,קילוגרמים,1.00,"ק""ג",true,,100.00,100.0000,true,1,739
7290000005218,false,פיסטוק קלוי,,,פיסטוק קלוי,קילוגרמים,1.00,"ק""ג",true,,90.00,90.0000,true,1,683
7290000005225,false,פול קלוי,,,פול קלוי,קילוגרמים,1.00,"ק""ג",true,,50.00,50.0000,true,1,2221
7290000005232,false,חטיף יפני,,,חטיף יפני,קילוגרמים,1.00,"ק""ג",true,,70.00,70.0000,true,1,904
7290000005263,false,בוטן אמריקאי,,,בוטן אמריקאי,קילוגרמים,1.00,"ק""ג",true,,35.00,35.0000,true,1,564
7290000005287,false,בוטנים מטוגנים,,,בוטנים מטוגנים,קילוגרמים,1.00,"ק""ג",true,,42.00,42.0000,true,1,2222
7290000005294,false,בונדוק קלוי,,,בונדוק קלוי,קילוגרמים,1.00,"ק""ג",true,,79.00,79.0000,true,1,738
7290000005300,false,פקאן קלוי,,,פקאן קלוי,קילוגרמים,1.00,"ק""ג",true,,110.00,110.0000,true,1,946
7290000005386,false,סוכריות,,,סוכריות,קילוגרמים,1.00,"ק""ג",true,,45.00,45.0000,true,1,1012
7290000005393,false,סוכריות ללא סוכר,,,סוכריות ללא סוכר,קילוגרמים,1.00,"ק""ג",true,,80.00,80.0000,true,1,1015
7290000005409,false,פלפל חריף,,,פלפל חריף,קילוגרמים,1.00,"ק""ג",true,,59.00,59.0000,true,1,57
7290000005416,false,שומשום לבן,,,עלי דפנה,קילוגרמים,1.00,"ק""ג",true,,30.00,30.0000,true,1,545
7290000005423,false,לימון פרסי,,,לימון פרסי,קילוגרמים,1.00,"ק""ג",true,,129.00,129.0000,true,1,2224
7290000005461,false,תירס קלוי,,,תירס קלוי,קילוגרמים,1.00,"ק""ג",true,,45.00,45.0000,true,1,15434
7290000005478,false,רביולי,,,רביולי,קילוגרמים,1.00,"ק""ג",true,,75.00,75.0000,true,1,15435
7290000005485,false,חטיף מיאסי,,,חטיף מיאסי,קילוגרמים,1.00,"ק""ג",true,,65.00,65.0000,true,1,15436
7290000005492,false,שוקולד,,,שוקולד,קילוגרמים,1.00,"ק""ג",true,,85.00,85.0000,true,1,15463
7290000005508,false,קשיו קלוי בקליפה,,,קשיו קלוי בקליפה,קילוגרמים,1.00,"ק""ג",true,,90.00,90.0000,true,1,15464
7290000005515,false,קוקוס טחון,,,קוקוס טחון,קילוגרמים,1.00,"ק""ג",true,,39.00,39.0000,true,1,15465
7290000005522,false,סלט חצילים,,,חומוס קלוי,קילוגרמים,1.00,"ק""ג",true,,45.00,45.0000,true,1,15653
7290000005607,false,אגוזים בקליפה,,,אגוזים בקליפה,קילוגרמים,1.00,"ק""ג",true,,30.00,30.0000,true,1,15654
7290000005621,false,עלי דפנה 50 גר,,,עלי דפנה 50 גר,Unknown,0.00,Unknown,false,1,5.90,0.0000,true,1,15705
7290000005638,false,בוטנים קלויים בקליפה,,,בוטנים קלויים בקליפה,קילוגרמים,1.00,"ק""ג",true,,35.00,35.0000,true,1,15708
7290000005669,false,קוקוס ציפס,,,קוקוס ציפס,קילוגרמים,1.00,"ק""ג",true,,100.00,100.0000,true,1,15832
7290000005676,false,זיתים שחורים במשקל,,,קוקוס רצועות,קילוגרמים,1.00,"ק""ג",true,,70.00,70.0000,true,1,15833
7290000005683,false,זיתים ירוקים במשקל,,,תאנים אורגניות,קילוגרמים,1.00,"ק""ג",true,,75.00,75.0000,true,1,15834
7290000005706,false,זיתים שחורים טבעי במ,,,פשתן אורגני,קילוגרמים,1.00,"ק""ג",true,,22.90,22.9000,true,1,15939
7290000005713,false,זיתים סורים במשקל,,,תמר סופר עסיסי,קילוגרמים,1.00,"ק""ג",true,,69.00,69.0000,true,1,15940
7290000005720,false,קואקר דק/עבה,,,קואקר דק/עבה,קילוגרמים,1.00,"ק""ג",true,,15.00,15.0000,true,1,15941
7290000005777,false,שקית גופיה ידני 10 א,,,שקית גופיה ידני 10 אג,ליטרים,1.00,ליטר,false,1,0.10,0.1000,false,1,17403
7290000008004,false,לחמניה סוגים שונים,קונדיטוריית ברטה- הו,,לחמניה סוגים שונים,Unknown,0.00,Unknown,false,1,3.00,0.0000,true,1,23830
7290000008011,false,קרנץ שוקולד חלבי,קונדיטוריית ברטה- הו,,מארז 4 חצי בגט,Unknown,0.00,Unknown,false,1,13.90,0.0000,true,1,17489
7290000008035,false,פרסבורגר פרג חלבי,פילסברי,,מארז 5 לחמניות יאמיס,Unknown,0.00,Unknown,false,1,20.00,0.0000,true,1,26651
7290000008042,false,רולדה אגוז חלבי,קונדיטוריית ברטה- הו,,מארז 3 שליש בגט כשלפ,Unknown,0.00,Unknown,false,1,15.00,0.0000,true,1,26652
7290000008059,false,"שטרודל תפו""ע/ גבינה",קונדיטוריית ברטה- הו,,מארז 10 פטיט פן,Unknown,0.00,Unknown,false,1,13.90,0.0000,true,1,17490
7290000008158,false,קוקיס בטעמים,פילסברי,,קוקיס בטעמים,קילוגרמים,1.00,"ק""ג",true,,55.00,55.0000,true,1,18483
7290000008202,false,מאפים שונים במשקל,פילסברי,,מאפים שונים במשקל,קילוגרמים,1.00,"ק""ג",true,,49.90,49.9000,true,1,18478
7290000008240,false,מארז 4 שליש בגט כשלפ,פילסברי,IL,מארז 4 שליש בגט כשלפ,Unknown,0.00,Unknown,false,,24.90,0.0000,true,1,18475
7290000008288,false,אוזני פילסברי,פילסברי,,אוזני פילסברי,קילוגרמים,1.00,"ק""ג",true,,39.00,39.0000,true,1,18470
7290000008318,false,סופגניה מצופה,פילסברי,,סופגניה מצופה,Unknown,0.00,Unknown,false,1,6.00,0.0000,true,1,18479
7290000008370,false,מארז 4 יח בייגלה,פילסברי,,מארז 4 לחמניה קוארסול,Unknown,0.00,Unknown,false,1,15.90,0.0000,true,1,20027
7290000008387,false,מארז 5 חליות,פילסברי,,מארז 5 חליות,Unknown,0.00,Unknown,false,1,13.90,0.0000,true,1,20028
7290000008394,false,מארז 7 לחמניות יאמיס,פילסברי,,מארז 7 לחמניות יאמיס,Unknown,0.00,Unknown,false,1,13.90,0.0000,true,1,20029
7290000008400,false,גבטה,פילסברי,,גבטה,Unknown,0.00,Unknown,false,1,5.00,0.0000,true,1,20030
7290000008417,false,מארז 3 גבטה,פילסברי,,מארז 3 גבטה,Unknown,0.00,Unknown,false,1,13.90,0.0000,true,1,20031
7290000008424,false,בייגלה סוגים שונים,פילסברי,,בייגל טוסט/ירושלמי,Unknown,0.00,Unknown,false,1,5.00,0.0000,true,1,20032
7290000008431,false,מארז 3 יח בייגל,פילסברי,,מארז 3 יח בייגל,Unknown,0.00,Unknown,false,1,13.90,0.0000,true,1,20033
7290000008448,false,מארז 10 יח פיתה קלאס,פילסברי,,לחמניה מסעדות,Unknown,0.00,Unknown,false,1,16.90,0.0000,true,1,20034
7290000008455,false,מארז 4 יח לחמניה קלו,פילסברי,,מארז 3 לחמנייה מסעדות,Unknown,0.00,Unknown,false,1,11.90,0.0000,true,1,20035
7290000008462,false,מארז 5 לחמניה קשר,פילסברי,,מארז 5 לחמניה קשר/עגולה,Unknown,0.00,Unknown,false,1,12.90,0.0000,true,1,20036
7290000008516,false,עוגת שמרים בטעמים,פילסברי,,עוגת שמרים בטעמים,Unknown,0.00,Unknown,false,1,25.90,0.0000,true,1,20040
7290000008530,false,ריבועי פיצה,פילסברי,,חלה אלומיניום,קילוגרמים,1.00,"ק""ג",true,,69.00,69.0000,true,1,20043
7290000011000,false,שקית בד רב פעמית לוג,,,שקית בד רב פעמית לוגו סטופמרקט,Unknown,0.00,Unknown,false,1,5.00,0.0000,true,1,2013
7290000012000,false,צידנית סטופמרקט,,CN,צידנית סטופמרקט,Unknown,0.00,Unknown,false,1,10.00,0.0000,true,1,24467
7290000023007,false,"ברנדי שטוק 84 37 % 750 מ""ל","יקבי ברקן בע""ם",IL,ברנדי שטוק 84 750 מל פקדון,מיליליטרים,750.00,"100 מ""ל",false,1,79.00,10.5333,true,1,1232
7290000023083,false,ערק אשקלון בקבוק 700,"יקבי ברקן בע""\מ",IL,ערק אשקלון 700 מל,מיליליטרים,700.00,"100 מ""ל",false,1,55.00,7.8571,true,1,11969
7290000023809,false,"יין קלאסיק קברנה סוביניון ברקן 750 מ""ל",יקבי ברקן שיווק והפצה בע,IL,יין קלאסיק קברנה סובינון 750 מל פקדון,מיליליטרים,750.00,"100 מ""ל",false,1,35.00,4.6667,true,1,1833
7290000023816,false,"יין קלאסיק אמרלד ריזלינג ברקן 750 מ""ל",יקבי ברקן שיווק והפצה בע,IL,יין קלאסיק אמרלדו ריזילג 750 מל פקדון,מיליליטרים,750.00,"100 מ""ל",false,1,35.00,4.6667,true,1,1832
7290000023823,false,"יין קלאסיק סוביניון בלאן ברקן 750 מ""ל",יקבי ברקן שיווק והפצה בע,IL,יין קלאסיק סובניון בלאן 750 מל פקדון,מיליליטרים,750.00,"100 מ""ל",false,1,35.00,4.6667,true,1,2383
7290000023847,false,"יין קלאסיק שרדונה ברקן 750 מ""ל",יקבי ברקן שיווק והפצה בע,IL,יין קלאסיק שרדונה 750 מל פקדון,מיליליטרים,750.00,"100 מ""ל",false,1,35.00,4.6667,true,1,2385
7290000023977,false,"יין קלאסיק מרלו ברקן 750 מ""ל",יקבי ברקן שיווק והפצה בע,IL,יין קלאסיק מרלו/פינוטאז 750מל פקדון ברקן,מיליליטרים,750.00,"100 מ""ל",false,1,35.00,4.6667,true,1,2380
7290000024202,false,"יין רזרב קברנה סוביניון ברקן 750 מ""ל",ברקן שיווק והפצה בעמ,IL,יין רזרב קברנה סוביניון 750 מל פקדון,מיליליטרים,750.00,"100 מ""ל",false,1,45.00,6.0000,true,1,1831
7290000024240,false,יין רזרב שרדונה 750 מל שביעית,ביבקבי ברקן שיווק וה,IL,יין רזרב ברקן שרדונה 750 מל פקדון,מיליליטרים,750.00,"100 מ""ל",false,1,45.00,6.0000,true,1,2378
7290000024264,false,"יין רזרב מרלו ברקן 750 מ""ל","כרמי צבי - אחים סגל בע""\",IL,יין מרלו רזרב ברקן 750 מל פקדון,מיליליטרים,750.00,"100 מ""ל",false,1,45.00,6.0000,true,1,3154
7290000024554,false,"יין אסמבלאז' ריחן 2013 ברקן 750 מ""ל",יקבי ברקן,IL,יין אסמבלאז ריחן 2008 750 מל פקדון,מיליליטרים,750.00,"100 מ""ל",false,1,65.00,8.6667,true,1,8925
7290000036151,false,קונדיטור קורנפלור 50,גלעם,IL,קורנפלור 500 גרם,גרמים,500.00,100 גרם,false,1,7.90,1.5800,true,1,393
7290000040042,false,יופלה יוגורט תות %3 גביע 150 גרם,תנובה חלב,IL,יופלה 3% תות 150 גר,גרמים,150.00,100 גרם,false,1,5.50,3.6667,true,1,972
7290000040066,false,יופלה יוגורט דובדבן %3 גביע 150 גרם,תנובה מרכז שיתופי לש,IL,יופלה 3% דובדבן,גרמים,150.00,100 גרם,false,1,5.50,3.6667,true,1,970
7290000040080,false,יופלה יוגורט אפרסק %3 גביע 150 גרם,תנובה חלב,IL,יופלה 3% אפרסק 150 גר,גרמים,150.00,100 גרם,false,1,5.50,3.6667,true,1,969
7290000040301,false,תנובה עין גדי קממבר מחלב בקר 24% שומן,תנובה מרכז שיתופי לש,IL,גב.קולאז קממבר עין גדי 125 גר,גרמים,125.00,100 גרם,false,1,21.90,17.5200,true,1,347
7290000040318,false,גבינת ברי 24% קולאז עדי תנובה 125 ג',תנובה מרכז שיתופי לש,IL,קולאז ברי 125 גרם,גרמים,125.00,100 גרם,false,1,21.90,17.5200,true,1,345
7290000040462,false,טוסטי גבינה בסגנון אמריקאי אדם 23% תנובה 200 גרם,תנובה מרכז שיתופי לש,IL,גבינת טוסטי אדם 200 גרם,גרמים,200.00,100 גרם,false,1,20.90,10.4500,true,1,1120
7290000040974,false,חלב דל לקטוז 2% תנובה קרטון 1 ליטר,תנובה מרכז שיתופי לש,IL,חלב טרי דל לקטוז 1ליטר 2% שומן,ליטרים,1.00,ליטר,false,1,7.00,7.0000,true,1,8074
7290000041858,false,"שמנת חמוצה 15% מועשרת יטבתה 200 מ""ל",שטראוס גרופ,IL,שמנת חמוצה 15% מעושרת 200 מל,מיליליטרים,201.00,"100 מ""ל",false,1,2.60,1.2935,true,1,228
7290000041865,false,"לבן 4.5% שומן מהדרין ""יטבתה""",שטראוס גרופ,IL,אשל 4.5% גביע 200 מל,מיליליטרים,200.00,"100 מ""ל",false,1,2.10,1.0500,true,1,1370
7290000041872,false,"לבן 3% יטבתה 200מ""ל מהדרין",שטראוס גרופ,IL,לבן 3% גביע 200 מל,מיליליטרים,200.00,"100 מ""ל",false,1,2.10,1.0500,true,1,1022
7290000042404,false,חלב 3% בשקית יטבתה 1 ליטר מהדרין,שטראוס גרופ,IL,חלב מועשר יטבתה 3% בשקית 1 ל,ליטרים,1.00,ליטר,false,1,6.10,6.1000,true,1,1076
7290000042435,false,חלב דל שומן בקרטון+פקק תנובה 1 ליטר,תנובה מרכז שיתופי לש,IL,חלב 1% קרטון 1 ליטר***,ליטרים,1.00,ליטר,false,1,5.86,5.8600,true,1,1066
7290000042640,false,"חלב תנובה עמיד 3% קרטון 250 מ""ל",תנובה מרכז שיתופי לש,IL,חלב עמיד 3% קרטון 250 מל,מיליליטרים,250.00,"100 מ""ל",false,1,3.50,1.4000,true,1,1073
7290000042855,false,"שוקו בשקית 250 מ""ל ""יטבתה""",שטראוס גרופ,IL,שוקו יטבתה שקית 225 מל,מיליליטרים,225.00,"100 מ""ל",false,1,3.00,1.3333,true,1,147
7290000043012,false,"שוקו עמיד 2% בקרטון 250 מ""ל תנובה",תנובה מרכז שיתופי לש,IL,שוקו עמיד 250 מל,מיליליטרים,250.00,"100 מ""ל",false,1,5.50,2.2000,true,1,1756
7290000043111,false,תנובה חמאה 200 גרם - מוצר בפיקוח,"תנובה, מחלבת תל יוסף",IL,חמאה רגילה 200 גרם,גרמים,200.00,100 גרם,false,1,8.40,4.2000,true,1,1081
7290000043814,false,השף הלבן שמנת להקצפה 38% שומן 250 מל - מוצר בפיקוח,תנובה מרכז שיתופי לש,IL,שמנת עמידה 38% לקצפת 250 מל ***,גרמים,250.00,100 גרם,false,1,6.47,2.5880,true,1,232
7290000043890,false,תנובה רויון לבן מחלב מפסוטר 1.5%,תנובה מרכז שיתופי לש,IL,משקה רוויון 1.5 % בקרטון 1 ל,ליטרים,1.00,ליטר,false,1,12.50,12.5000,true,1,1759
7290000043944,false,כד יוגורט תנובה 4% שומן 1.5 ליטר,מיוצר עי קונדיטוריית,IL,יוגורט 4% 1.5 ליטר,ליטרים,1.50,ליטר,false,1,18.50,12.3333,true,1,961
7290000044712,false,יוגורט עם תות 1.5% שומן 500 ג' פרילי,מיוצר עי קונדיטוריית,IL,פרילי תות 500 גרם,גרמים,500.00,100 גרם,false,1,11.90,2.3800,true,1,563
7290000044880,false,באדי יוגורט תות 3% שומן 500 ג' תנובה,מיוצר עי קונדיטוריית,IL,באדי תות500 מל,מיליליטרים,500.00,"100 מ""ל",false,1,9.50,1.9000,true,1,1371
7290000045573,false,גבינת מותכת משולשים 25% שומן 200 ג' נעמה,תנובה חלב,IL,גבינה מותכת נעמה 200 גרם,גרמים,200.00,100 גרם,false,1,16.50,8.2500,true,1,754
7290000045580,false,גבינה מותכת נעמה חורש תנובה 240 גרם,תנובה מרכז שיתופי לש,IL,גבינה מותכת חורש 240 גרם,גרמים,240.00,100 גרם,false,1,19.90,8.2917,true,1,1055
7290000045771,false,יוגורט לבן 4% תנובה 3 ליטר,תנובה מרכז שיתופי לש,IL,יוגורט 3 ליטר 4.5%,ליטרים,3.00,ליטר,false,1,29.90,9.9667,true,1,962
7290000045917,false,תנובה פרומעז גבינה מותכת מחלב עיזים 23% שומן,תנובה חלב,IL,גבינת פרומעז קולאז עיזים גליל 200 גר,גרמים,200.00,100 גרם,false,1,26.90,13.4500,true,1,478
7290000046020,false,גלבוע גבינה שמנה במש,תנובה מרכז שיתופי לש,IL,גלבוע גבינה שמנה במשקל***,קילוגרמים,1.00,"ק""ג",true,,42.58,42.5800,true,1,1291
7290000046204,false,שאריות נקניק,,,שאריות נקניק,קילוגרמים,1.00,"ק""ג",true,,29.00,29.0000,true,1,132
7290000046327,false,גלבוע גבינה צהובה פרוסה 22% תנובה 200 גרם,תנובה מרכז שיתופי לש,IL,גלבוע פרוס 200 גרם,גרמים,200.00,100 גרם,false,18,13.90,6.9500,true,1,1292
7290000046563,false,גב.קולאז' פרמזן 23%במשקל,תנובה מרכז שיתופי לש,IL,קולאז פרמזן חריץ במשקל,קילוגרמים,1.00,"ק""ג",true,,145.00,145.0000,true,1,346
7290000047027,false,גב.קולאז' גלעד 27% במשקל,תנובה מרכז שיתופי לש,IL,קולאז קצקבל גלעד במשקל,קילוגרמים,1.00,"ק""ג",true,,145.00,145.0000,true,1,348
7290000047034,false,גבינת רוקפור 26%כבש משקל,תנובה מרכז שיתופי לש,IL,קולאז רוקפור גליל במשקל,קילוגרמים,1.00,"ק""ג",true,,145.00,145.0000,true,1,349
7290000047485,false,גבינה בולגרית במשקל,תנובה מרכז שיתופי לש,IL,גבינה בולגרית במשקל,קילוגרמים,1.00,"ק""ג",true,,65.00,65.0000,true,1,1261
7290000047546,false,השף הלבן כנען גבינה לבנה דלת נתרן 5% תנובה 500 גרם,תנובה מרכז שיתופי לש,IL,גבינת כנען 5% 500 גרם,גרמים,500.00,100 גרם,false,1,25.90,5.1800,true,1,992
7290000048185,false,גבינה לבנה 5% תנובה 250 גרם מהדרין,מיוצר עי קונדיטוריית,IL,גבינה למריחה 5% 250 גרם***,גרמים,250.00,100 גרם,false,1,4.98,1.9920,true,1,1265
7290000048192,false,גבינה לבנה 9% תנובה 250 גרם מהדרין,מחלבת אלון תבור,IL,גבינה למריחה 9% 250 גרם,גרמים,250.00,100 גרם,false,1,5.50,2.2000,true,1,1264
7290000048307,false,גבינת קוטג' עם זיתים 5% תנובה 250 גרם,מיוצר עי קונדיטוריית,IL,גבינת קוטג 5% עם זיתים ירוקים 250 גרם,גרמים,250.00,100 גרם,false,1,5.90,2.3600,true,1,1279
7290000048413,false,פיראוס חמד גבינה מלוחה 16% שומן,תנובה מרכז שיתופי לש,IL,גב.מלוחה חמד פיראוס 250 גרם,גרמים,250.00,100 גרם,false,1,18.90,7.5600,true,1,1083
7290000048437,false,פיראוס צפתית 5% שומן 200 גרם,פארייפאבה אגרואינדוס,IL,צפתית פיראוס 5% 200 גרם,גרמים,200.00,100 גרם,false,1,15.90,7.9500,true,1,326
7290000049458,false,גבינת פטה עיזים 16% גביע פיראוס 250 ג',תנובה מרכז שיתופי לש,IL,גבינה פטה עיזים 16% פיראוס 250 גרם,גרמים,250.00,100 גרם,false,1,29.90,11.9600,true,1,1380
7290000050447,false,"יוגורט ביו בטעם תות YYY יופלה 500 מ""ל",מיוצר עי קונדיטוריית,IL,יוגורט יופלה תות 500 גר,גרמים,500.00,100 גרם,false,1,13.50,2.7000,true,1,6602
7290000050454,false,יוגורט יופלה אפרסק 3% שומן 500 גרם,מיוצר עי קונדיטוריית,IL,יוגורט יופלה אפרסק 500 גר,גרמים,500.00,100 גרם,false,1,13.50,2.7000,true,1,6603
7290000051307,false,"מארז הפסקת אוכל עם דגני עוגי ומשקה חלב עמיד בטעם וניל 150 מ""ל",תנובה מרכז שיתופי לש,IL,"מארז הפסקת אוכל חלב+דגני עוגי 150 מ""ל",מיליליטרים,150.00,"100 מ""ל",false,1,9.50,6.3333,true,1,6897
7290000051352,false,חלב מלא בטעם של פעם 3.4% תנובה קרטון 1 ל',תנובה מרכז שיתופי לש,IL,חלב של פעם מלא 1 ל,ליטרים,1.00,ליטר,false,1,7.90,7.9000,true,1,6863
7290000051376,false,יוגורט יופלה דיאט אננס 0% שומן 150 גרם,תנובה מרכז שיתופי לש,IL,דיאט יופלה 0% אננס ספורטיבי 150 גר,גרמים,150.00,100 גרם,false,1,5.50,3.6667,true,1,7059
7290000051710,false,פיראוס גבינת לאבנה אסלית על בסיס יוגורט תנובה 263 גרם,"תנובה, מחלבת אלון תב",IL,לאבנה פיראוס עם שמן זית וזעתר 263 גר,גרמים,263.00,100 גרם,false,1,14.50,5.5133,true,1,7058
7290000052311,false,גבינה צהובה עמק לייט 15% שומן 200 גרם,תנובה מרכז שיתופי לש,IL,גב.עמק 15% פרוסה בקופסא 200 גרם,גרמים,200.00,100 גרם,false,1,17.50,8.7500,true,1,7629
7290000052649,false,גבינת לאבנה 5% שומן 500 ג' פיראוס,תנובה מרכז שיתופי לש,IL,לבנה 5% פיראוס 500 גר,גרמים,500.00,100 גרם,false,1,21.90,4.3800,true,1,7323
7290000052717,false,גבינת קוטג' שום שמיר 5% תנובה 250 גרם,מיוצר עי קונדיטוריית,IL,גבינת קוטג 5% 250 גר שום שמיר,גרמים,250.00,100 גרם,false,1,5.90,2.3600,true,1,9949
7290000053219,false,טל העמק חריץ 32% במשקל,תנובה מרכז שיתופי לש,IL,גבינה טל העמק שמנה קשה במשקל,קילוגרמים,1.00,"ק""ג",true,,69.00,69.0000,true,1,17399
7290000055015,false,פיראוס גבינת פטה כבשים 5% תנובה 250 גרם,תנובה מרכז שיתופי לש,IL,גבינת פטה כבשים פיראוס 250 גרם,גרמים,250.00,100 גרם,false,1,29.90,11.9600,true,1,8109
7290000055329,false,"משקה בוקר יוגורט 1.5% בטעם תות מלון יופלה 250 מ""ל",תנובה מרכז שיתופי לש,IL,משקה יוגורט יופלה תות מלון 250 מל,מיליליטרים,250.00,"100 מ""ל",false,1,5.90,2.3600,true,1,8261
7290000055336,false,"משקה יוגורט 1.5% בטעם בננה אפרסק יופלה 250 מ""ל",תנובה מרכז שיתופי לש,IL,משקה יוגורט יופלה בננה אפרסק 250 מל,מיליליטרים,250.00,"100 מ""ל",false,1,5.90,2.3600,true,1,8262
7290000055343,false,משקה יוגורט יופלה פירות טרופיים 250 גרם,תנובה מרכז שיתופי לש,IL,משקה יוגורט יופלה טרופי 250 מל,מיליליטרים,250.00,"100 מ""ל",false,1,5.90,2.3600,true,1,8263
7290000055350,false,גבינה צהובה חריץ עמק 28% במשקל,תנובה מרכז שיתופי לש,IL,עמק גבינה חצי שמנה במשקל***,קילוגרמים,1.00,"ק""ג",true,,44.79,44.7900,true,1,10133
7290000055893,false,חמאה משמנת מפוסטרת 200גרם 82% כ.מהדרין - מוצר בפיקוח,תנובה מרכז שיתופי לש,IL,חמאה רגילה 200 גרם מהדרין,גרמים,200.00,100 גרם,false,1,8.40,4.2000,true,1,25665
7290000056081,false,מארז יוגורט פרילי טבע 6*200 גרם,מיוצר עי קונדיטוריית,IL,מאגדת 6 יח פרילי טבע 6*200 גר 25%הנחה,גרמים,1200.00,100 גרם,false,1,23.90,1.9917,true,1,8265
7290000056272,false,גבינה לבנה 5% עם זיתים ירוקים 250 ג' תנובה,תנובה מרכז שיתופי לש,IL,גבינה לבנה עם זיתים 5% 250גר,גרמים,250.00,100 גרם,false,1,6.50,2.6000,true,1,8282
7290000056753,false,גבינה צהובה עמק בדצ 28% שומן 200 גרם,תנובה חלב,IL,עמק פרוס בקופסא 200 גרם בדץ,גרמים,200.00,100 גרם,false,1,17.50,8.7500,true,1,25707
7290000056784,false,גבינת פטה כבשים במשק,תנובה מרכז שיתופי לש,IL,גבינת פטה כבשים במשקל 5% שומן,קילוגרמים,1.00,"ק""ג",true,,125.00,125.0000,true,1,8932
7290000056845,false,תנובה חלב טרי 3% שומן 1.5 ליטר - מוצר בפיקוח,פארייפאבה אגרואינדוס,IL,חלב 3% קרטון 1.5 ליטר***,ליטרים,1.50,ליטר,false,1,9.34,6.2267,true,1,9098
7290000056883,false,שמיניית יוגורט יופלה 3% טעמים שונים 150 גרם,תנובה מרכז שיתופי לש,IL,מאגדת 8 יופלה פירות 1.2 קג,קילוגרמים,1.20,"ק""ג",false,1,31.90,26.5833,true,1,8683
7290000056890,false,שמיניית דיאט יופלה 0% טעמים שונים 150 גרם,מיוצר עי קונדיטוריית,IL,מאגדת דיאט יופלה שמינייה 150 גר,קילוגרמים,1.20,"ק""ג",false,1,31.90,26.5833,true,1,8770
7290000056906,false,מאגדת לבן טבעי 1.5% שומן 8 יח' * 150 ג' יופלה,מחלבת אלון תבור,IL,"מאגדת יופלה לבן 1.5% שמיניה 1.2 ק""ג",קילוגרמים,1.20,"ק""ג",false,1,18.50,15.4167,true,1,8724
7290000056951,false,"תנובה, השף הלבן, שמנת לבישול 15% שומן 500 מל",תנובה מרכז שיתופי לש,IL,שמנת לבישול 15% 500מל אריזת פקק,מיליליטרים,500.00,"100 מ""ל",false,1,18.90,3.7800,true,1,9161
7290000057088,false,עמק גבינה צהובה פרוסה דק דק 28% תנובה 200 גרם,תנובה מרכז שיתופי לש,IL,גבינת עמק דק 200 גר,גרמים,200.00,100 גרם,false,1,17.50,8.7500,true,1,9097
7290000057118,false,גבינה צהובה עמק 28% שומן ואקום 400 גרם,תנובה מרכז שיתופי לש,IL,עמק פרוסות 400 גרם סמי מעדניה,גרמים,400.00,100 גרם,false,1,23.90,5.9750,true,1,9038
7290000057132,false,יוגורט תנובה טבעי 1.5% גביע 200 גרם,מחלבת אלון תבור,IL,יוגורט 1.5% 200 גר,גרמים,200.00,100 גרם,false,1,3.10,1.5500,true,1,9009
7290000057149,false,יוגורט תנובה טבעי 3% גביע 200 גרם,מיוצר עי קונדיטוריית,IL,יוגורט 3% 200 גר,גרמים,200.00,100 גרם,false,1,3.10,1.5500,true,1,9010
7290000057552,false,יופלה דיאט עוגת גבינה ותות 0% גביע 150ג',תנובה חלב,IL,דיאט יופלה עוגת גבינה ותות 0% 150גר,גרמים,150.00,100 גרם,false,1,5.50,3.6667,true,1,9740
7290000058030,false,"שמיניית יופלה שטוזים משקה יוגורט תות 100 מ""ל",מיוצר עי קונדיטוריית,IL,משקה יוגורט יופלה שטוזים תות 800מל,מיליליטרים,800.00,"100 מ""ל",false,1,20.90,2.6125,true,1,9394
7290000058047,false,שמנת להקצפה 38% 500מל מהדרין עמיד השף הלבן,תנובה מרכז שיתופי לש,IL,שמנת מתוקה 38% להקצפה 500 מל***בדץ,מיליליטרים,500.00,"100 מ""ל",false,1,12.94,2.5880,true,1,30087
7290000060071,false,אוסם - חטיפי פריכונים מאורז מלא קלוי 80גר,"פרח תעשיות מזון בע""מ.",IL,חטיפי פריכונים טעם טבעי 80 ג,גרמים,80.00,100 גרם,false,1,7.90,9.8750,true,1,2015
7290000060088,false,בייגלה מקלות מלוחים אסם 400 גרם,מיוצר עי קונדיטוריית,IL,בייגלה מקלות מלוחים 400 גר,גרמים,400.00,100 גרם,false,1,9.90,2.4750,true,1,1198
7290000060156,false,פסטה אסם אטריות ביצים דקות 200גר,"אסם תעשיות בע""מ",IL,איטריות ביצים דקיקות 200 גרם,גרמים,200.00,100 גרם,false,1,7.90,3.9500,true,1,1324
7290000060163,false,פסטה אסם אטריות דקות 400גר,"אסם תעשיות בע""מ",IL,אטריות אסם דקות 400 גרם,גרמים,400.00,100 גרם,false,1,6.90,1.7250,true,1,924
7290000060200,false,פסטה אסם פתיתים אפויים קוסקוס 500גר,"אסם תעשיות בע""מ",IL,פתיתים אפויים אוסם קוסקוס 500 גרם,גרמים,500.00,100 גרם,false,1,7.50,1.5000,true,1,296
7290000060217,false,פסטה מקרוני מספר 7 אסם 500 גרם,קריות זול,IT,פסטה מקרוני אסם 500 גרם,גרמים,500.00,100 גרם,false,1,5.90,1.1800,true,1,472
7290000060248,false,פסטה אסם פתיתים תלתלים 500 גר',קריות זול,IT,פסטה אסם תלתלים 500 גרם,גרמים,500.00,100 גרם,false,1,5.90,1.1800,true,1,31
7290000060316,false,פרפקטו ספגטי מס' 8 אסם 500 גרם,אסם פרפקטו,IT,ספגטי פרפקטו 500 ג,גרמים,500.00,100 גרם,false,1,6.90,1.3800,true,1,277
7290000060330,false,פרפקטו פרפקטו ספיראלי גירף 500 גר,אסם פרפקטו,IT,פסטה פרפקטו ספירלי 500 גרם,גרמים,500.00,100 גרם,false,1,6.90,1.3800,true,1,279
7290000060408,false,פסטה אסם פתיתים אפויים טבעות 500 גר,"אסם השקעות בע""\מ",IL,פתיתים אפויים אוסם טבעות 500 גרם,גרמים,500.00,100 גרם,false,1,7.50,1.5000,true,1,294
7290000060576,false,פתיתים אפויים כוכבים אסם 500 גרם,"אסם השקעות בע""\מ",IL,פתיתים אפויים אוסם כוכבים 500 גרם,גרמים,500.00,100 גרם,false,1,7.50,1.5000,true,1,295
7290000060781,false,פסטה אסם פתיתים מסולסלים 500גר,קריות זול,IT,פסטה אסם מסולסל 500 גרם,גרמים,500.00,100 גרם,false,1,5.90,1.1800,true,1,474
7290000060828,false,פסטה קרניים בינוניות אסם 500 גרם,קריות זול,IT,פסטה אסם קרניים בנוניות 500 גרם,גרמים,500.00,100 גרם,false,1,5.90,1.1800,true,1,477
7290000060842,false,פסטה אסם פתיתים צדפים גדולים 500גר,קריות זול,IT,פסטה אסם צדפים גדולים 500 גרם,גרמים,500.00,100 גרם,false,1,5.90,1.1800,true,1,475
7290000060880,false,פסטה ספגטי מספר 8 אסם 500 גרם,קריות זול,IT,פסטה אסם ספגטי 500 גרם,גרמים,500.00,100 גרם,false,1,5.90,1.1800,true,1,473
7290000060903,false,פסטה אסם פתיתים אפויים אורז 500גר,"אסם השקעות בע""\מ",IL,פתיתים אפויים אוסם אורז 500 גרם,גרמים,500.00,100 גרם,false,1,7.50,1.5000,true,1,293
7290000060958,false,פסטה אסם אטריות בינוניות 400 גרם,"אסם השקעות בע""\מ",IL,אטריות אסם בינוניות 400 גרם,גרמים,400.00,100 גרם,false,1,6.90,1.7250,true,1,923
7290000060965,false,פסטה אסם אטריות רחבות 400גר,"אסם השקעות בע""\מ",IL,אטריות אסם רחבות 400 גרם,גרמים,400.00,100 גרם,false,1,6.90,1.7250,true,1,926
7290000061061,false,קרקר חיטה עם בצל אסם,"אסם השקעות בע""\מ",IL,קרקר בצל 250 גרם,גרמים,250.00,100 גרם,false,1,9.90,3.9600,true,1,2085
7290000061085,false,"רוטב צילי מתוק 290 מ""ל-בקבוק","אסם השקעות בע""\מ",IL,רוטב צילי מתוק 290 מל,מיליליטרים,290.00,"100 מ""ל",false,1,10.90,3.7586,true,1,1990
7290000061108,false,"רוטב טריאקי 290 מ""ל-בקבוק","אסם השקעות בע""\מ",IL,רוטב טריאקי 290 מל,מיליליטרים,290.00,"100 מ""ל",false,1,10.90,3.7586,true,1,1989
7290000061214,false,פתיתים אפויים קוסקוס עם בצל אסם 500 גרם,"אסם השקעות בע""\מ",IL,פתיתים אפויים אוסם קוסקוס בצל500ג,גרמים,500.00,100 גרם,false,1,7.90,1.5800,true,1,6736
7290000061245,false,עוגיות שוקוצ'יפס במילוי שוקולד אסם 220 גרם,מיוצר עי קונדיטוריית,IL,עוגיות שוקוציפס ממולאות 220 גרם,גרמים,220.00,100 גרם,false,1,10.90,4.9545,true,1,2452
7290000061450,false,פתיתים אפויים קוסקוס 3 צבעים אסם 500 גרם,"אסם השקעות בע""\מ",IL,פתיתים אפויים אוסם שלושה צבעים500ג,גרמים,500.00,100 גרם,false,1,7.50,1.5000,true,1,6737
7290000061764,false,קפה נמס מגורען רד מאג 200 גרם,נסטלה ספרד קפה,ES,נסקפה רד מאג 200 גרם,גרמים,200.00,100 גרם,false,1,22.90,11.4500,true,1,186
7290000062242,false,דובונים חטיף תפוחי אדמה בטעם שמנת בצל אסם 40 גרם,"אסם השקעות בע""\מ",IL,חטיף תפוא דובונים שמנת בצל 40 גר,Unknown,0.00,Unknown,false,1,4.60,0.0000,true,1,270
7290000063102,false,קמח עוגה תופח מאליו אסם 350 גרם,"אסם השקעות בע""\מ",IL,קמח תופח מאליו אסם 350 גר,גרמים,350.00,100 גרם,false,1,4.90,1.4000,true,1,195
7290000063140,false,שקדי מרק רכיבים טבעיים בשקית 400 ג' אסם,"אסם תעשיות בע""מ",IL,שקדי מרק אסם 400 גר,גרמים,400.00,100 גרם,false,1,11.90,2.9750,true,1,83
7290000063157,false,"קמח עוגה תופח מאליו אסם 1 ק""ג","אסם השקעות בע""\מ",IL,קמח תופח אסם 1 קג,קילוגרמים,1.00,"ק""ג",false,1,9.90,9.9000,true,1,194
7290000064758,false,קוסקוס בינוני אמיתי אסם 350 ג',"מיוצר ע""י קוד יצרן K",IL,קוסקוס אסם אמיתי בשקית 350 גרם,גרמים,350.00,100 גרם,false,1,7.90,2.2571,true,1,375
7290000064871,false,"אוסם - מנה חמה פירה תפו""א עם בצל 56 גרם","אסם תעשיות בע""מ",IL,מנה חמה אסם פירה בצל 56 גרם,גרמים,56.00,100 גרם,false,1,6.90,12.3214,true,1,2238
7290000065090,false,מיני קרוטונים מתובלים למרק ולסלט אסם 400 גרם,עינת תעשיות מזון אגו,IL,מיני קרוטונים למרק ולסלט אסם 400 גר,גרמים,400.00,100 גרם,false,1,22.90,5.7250,true,1,795
7290000065335,false,אוסם - מנה חמה פירה עם ירקות 55 גרם,"אסם תעשיות בע""מ",IL,מנה חמה אסם פירה וירקות 55 גר,Unknown,0.00,Unknown,false,1,6.90,0.0000,true,1,852
7290000065540,false,אוסם - מנה חמה פסטה מוקרמת בטעם עוף 55 גרם,"אסם תעשיות בע""מ",IL,מנה חמה אסם אטריות מוקרמת 55 גר,Unknown,0.00,Unknown,false,1,6.90,0.0000,true,1,846
7290000065557,false,אוסם - מנה חמה קוסקוס עם ירקות 84 גרם,"אסם תעשיות מזון בע""מ",IL,מנה חמה קוסקוס ירקות ר.ט.84גר,Unknown,0.00,Unknown,false,1,6.90,0.0000,true,1,854
7290000065977,false,חטיפי פריכונים תירס שומשום אסם 80 גרם,"פרח תעשיות מזון בע""מ.",IL,חטיפי פריכונים תירס ושומשום 80 ג,גרמים,80.00,100 גרם,false,1,7.90,9.8750,true,1,7484
7290000066134,false,ביסלי חטיף בטעם פלאפל אסם 70 גרם,"אסם השקעות בע""\מ",IL,חטיף ביסלי פלאפל 70 גרם,Unknown,0.00,Unknown,false,1,4.50,0.0000,true,1,1208
7290000066141,false,ביסלי חטיף בטעם גריל אסם 70 גרם,"אסם השקעות בע""\מ",IL,חטיף ביסלי גריל 70 גרם,Unknown,0.00,Unknown,false,1,4.50,0.0000,true,1,1204
7290000066172,false,ביסלי חטיף בטעם פיצה אסם 70 גרם,"אסם השקעות בע""\מ",IL,חטיף ביסלי פיצה 70 גרם,Unknown,0.00,Unknown,false,1,4.50,0.0000,true,1,1206
7290000066189,false,ביסלי חטיף בטעם פלאפל אסם 200 גרם,"אסם השקעות בע""\מ",IL,חטיף ביסלי פלאפל 200 גר,גרמים,200.00,100 גרם,false,1,8.50,4.2500,true,1,1207
7290000066196,false,ביסלי חטיף בטעם גריל אסם 200 גרם,מיוצר עי קונדיטוריית,IL,חטיף ביסלי גריל 200 גר,גרמים,200.00,100 גרם,false,1,8.50,4.2500,true,1,1203
7290000066226,false,ביסלי חטיף בטעם פיצה אסם 200 גרם,מיוצר עי קונדיטוריית,IL,חטיף ביסלי פיצה 200 גר,גרמים,200.00,100 גרם,false,1,8.50,4.2500,true,1,1205
7290000066264,false,דובונים חטיף תפוחי אדמה אסם 40 גרם,"אסם השקעות בע""\מ",IL,חטיף תפוא דובונים 40 גר,Unknown,0.00,Unknown,false,1,4.60,0.0000,true,1,1150
7290000066295,false,במבה מתוקה מחומרים טבעיים 30 גרם,מיוצר עי קונדיטוריית,IL,במבה תות 30 גרם,Unknown,0.00,Unknown,false,1,3.00,0.0000,true,1,1218
7290000066318,false,במבה חטיף בוטנים אסם 80 גרם,"אסם השקעות בע""\מ",IL,חטיף במבה 80 גרם,Unknown,0.00,Unknown,false,1,4.60,0.0000,true,1,1215
7290000066332,false,אפרופו חטיף תירס אסם 50 גרם,מיוצר עי קונדיטוריית,IL,חטיף תירס אפרופו 50 גר,Unknown,0.00,Unknown,false,1,5.00,0.0000,true,1,1354
7290000066349,false,אפרופו חטיף תירס אסם 100 גרם,מיוצר עי קונדיטוריית,IL,חטיף תירס אפרופו 100 גרם,גרמים,100.00,100 גרם,false,1,9.00,9.0000,true,1,1352
7290000066431,false,פופקו חטיף פופקורן בטעם חמאה ודבש אסם 80 גרם,מיוצר עי קונדיטוריית,IL,פופקו חטיף תירס בחמאה דבש 80 ג,Unknown,0.00,Unknown,false,1,5.60,0.0000,true,1,413
7290000067407,false,פרורית מתובלת בשקית 200 גרם,עינת תעשיות מזון אגו,IL,פירורית מתובלת 200 גרם,גרמים,200.00,100 גרם,false,1,5.90,2.9500,true,1,441
7290000067599,false,מנה חמה ספגטי ברוטב בולונז אסם 65 גרם,"אסם השקעות בע""\מ",IL,מנה חמה אסם ספגטי בולונז 65 גר,גרמים,65.00,100 גרם,false,1,6.90,10.6154,true,1,850
7290000067735,false,פרפקטו ניוקי בצקיות תפוחי אדמה 500 ג' אסם,גרנדי פסטי,IT,פרפקטו ניוקי בצקיות תפוא 500 גרם,גרמים,500.00,100 גרם,false,1,12.90,2.5800,true,1,745
7290000068138,false,אינסטנט פודינג בטעם וניל אסם 80 גרם,מיוצר עי קונדיטוריית,IL,אינסטנט פודינג וניל אסם 80 גר,גרמים,80.00,100 גרם,false,1,6.00,7.5000,true,1,1327
7290000068190,false,אסם ג'לי תות שדה צבעים טבעיים 90 גרם,מיוצר עי קונדיטוריית,IL,גלי אסם תות שדה 85 גר,גרמים,85.00,100 גרם,false,1,6.50,7.6471,true,1,1248
7290000068206,false,ג'לי משמש אסם צבע טבעי 85 ג',מיוצר עי קונדיטוריית,IL,גלי אסם משמש 85 גר,גרמים,85.00,100 גרם,false,1,6.50,7.6471,true,1,1246
7290000068237,false,אבקה להכנת ג'לי בטעם פטל אסם 85 גרם,מיוצר עי קונדיטוריית,IL,גלי אסם פטל 85 גר,גרמים,85.00,100 גרם,false,1,6.50,7.6471,true,1,1247
7290000068251,false,אבקה להכנת ג'לי בטעם אננס אסם 85 גרם,מיוצר עי קונדיטוריית,IL,גלי אסם אננס 85 גר,גרמים,85.00,100 גרם,false,1,6.50,7.6471,true,1,1245
7290000068343,false,אסם פריכונים פרוסות קלויות מלא,"פרח תעשיות מזון בע""מ.",IL,פריכונים מאורז מלא 140 גר,גרמים,140.00,100 גרם,false,1,7.90,5.6429,true,1,32
7290000068701,false,אסם שקדי מרק רכיבים טבע.מיכל 400 גרם,"אסם תעשיות בע""מ",IL,שקדי מרק אסם במיכל 400 גרם,גרמים,400.00,100 גרם,false,1,14.90,3.7250,true,1,84
7290000068770,false,במבה יום הולדת חטיף בוטנים אסם 80 גרם,"אסם השקעות בע""\מ",IL,חטיף במבה יום הולדת 80 גרם,גרמים,80.00,100 גרם,false,1,4.60,5.7500,true,1,1217
7290000068787,false,במבה יום הולדת חטיף בוטנים אסם 25 גרם,מיוצר עי קונדיטוריית,IL,במבה יום הולדת 25 גרם,גרמים,25.00,100 גרם,false,1,2.80,11.2000,true,1,1216
7290000069258,false,פסטה פרפקטו פנה ריגאטה 500 ג' אסם,קריות זול,IT,פסטה פרפקטו-פנה ריגאטה 500 גרם,גרמים,500.00,100 גרם,false,1,6.90,1.3800,true,1,280
7290000070308,false,אבקת מרק עוף אמיתי בשרי אסם 400 גרם,"אסם השקעות בע""\מ",IL,מרק עוף אמיתי 400 גר,גרמים,400.00,100 גרם,false,1,19.90,4.9750,true,1,1432
7290000070322,false,אבקת מרק פטריות רכיבים טבעיים אסם 400 גרם,"אסם השקעות בע""\מ",IL,אבקת מרק פטריות ר. טבעיים 400 גר אסם,גרמים,400.00,100 גרם,false,1,21.90,5.4750,true,1,1433
7290000070353,false,אבקת מרק בצל רכיבים טבעיים אסם 400 גרם,"אסם השקעות בע""\מ",IL,אבקת מרק בצל ר.טבעיים 400 גר אסם,גרמים,400.00,100 גרם,false,1,21.90,5.4750,true,1,1430
7290000071008,false,אוסם - בייגלה שטוחים מלח 60 גרם,"אסם השקעות בע""\מ",IL,בייגלה שטוחים מלוח 60 גר,גרמים,60.00,100 גרם,false,1,3.50,5.8333,true,1,7973
7290000072067,false,במבה במילוי קרם חלבה 60ג' אסם,מיוצר עי קונדיטוריית,IL,חטיף במבה במילוי חלבה 60 גר,גרמים,60.00,100 גרם,false,1,5.00,8.3333,true,1,7177
7290000072241,false,"רוטב פיצה 290 מ""ל-בקבוק","אסם השקעות בע""\מ",IL,רוטב פיצה 290 מל,מיליליטרים,290.00,"100 מ""ל",false,1,10.90,3.7586,true,1,107
7290000072623,false,קטשופ אסם בקבוק לחיץ 750 גרם,"אסם תעשיות בע""מ",IL,קטשופ אוסם לחיץ 750 גר,גרמים,750.00,100 גרם,false,1,10.90,1.4533,true,1,399
7290000072630,false,קטשופ אסם חריף 750 גרם-בקבוק,"אסם תעשיות בע""מ",IL,קטשופ אוסם לחיץ חריף 750 גר,גרמים,750.00,100 גרם,false,1,11.90,1.5867,true,1,400
7290000072753,false,קפה נמס מגורען טסטרס צ'ויס 200 גרם-,נסטלה קוריאה - קפה,KR,נסקפה טסטר צויס 200 גרם,גרמים,200.00,100 גרם,false,1,29.90,14.9500,true,1,951
7290000072777,false,קפה נמס מגורען נטול קפאין טסטרס צ'ויס 200 גרם,נסטלה קוריאה - קפה,KR,קפה נמס טסטר צויס נטול קופאין 200 ג,גרמים,200.00,100 גרם,false,1,44.90,22.4500,true,1,949
7290000072968,false,דגני בוקר סיני מיניס חיטה מלאה וקינמון נסטלה 500 גרם,נסטלה פולין דגני בוק,PL,דגני בוקר סיני מיניס קינמון 500 גרם,גרמים,500.00,100 גרם,false,1,22.90,4.5800,true,1,641
7290000073125,false,מנה חמה פסטה ברוטב עגבניות אסם 62 גרם,"אסם השקעות בע""\מ",IL,מנה חמה פסטה עם עגבניות ר.ט.62 גר,Unknown,0.00,Unknown,false,1,6.90,0.0000,true,1,847
7290000073415,false,אוסם - מנה חמה פסטה ברוטב פיצה 61 גרם,"אסם השקעות בע""\מ",IL,מנה חמה אסם פסטה ברוטב פיצב 61 גר,גרמים,61.00,100 גרם,false,1,6.90,11.3115,true,1,853
7290000073699,false,סלט חומוס צבר 150 גרם,סלטי צבר,IL,סלט חומוס צבר150 גרם,גרמים,150.00,100 גרם,false,1,5.40,3.6000,true,1,543
7290000073750,false,מנה חמה נודלס אטר+ירקות טעם עוף 70 גרם,PUB FOODS PRESIDENT THAI,TH,מנה חמה נודלס ירקות ט.עוף 70 גר,גרמים,70.00,100 גרם,false,1,6.90,9.8571,true,1,849
7290000073767,false,מנה חמה נודלס אטר.+ירקות טעם בקר 70 גרם,PUB FOODS PRESIDENT THAI,TH,מנה חמה נודלס ירקות ט. בקר 70 גר,גרמים,70.00,100 גרם,false,1,6.90,9.8571,true,1,851
7290000073774,false,מנה חמה נודלס אטר+ירקות טעם צילי 70 גרם,טאי רזידנט,TH,מנה חמה נודלס אטריות צילי 70 גר,גרמים,70.00,100 גרם,false,1,6.90,9.8571,true,1,848
7290000074153,false,ביסקוויט פתי בר שוקולד אסם 500 גרם,מיוצר עי קונדיטוריית,IL,ביסקויט פתי בר שוקו 500 גר,גרמים,500.00,100 גרם,false,1,12.90,2.5800,true,1,289
7290000074184,false,ביסקויט פתיבר קלאסי 500 גרם,"אסם השקעות בע""\מ",IL,ביסקויט פתי בר קלאסי 500 גר,גרמים,500.00,100 גרם,false,1,11.90,2.3800,true,1,286
7290000074245,false,אוסם - קרם קרקר אסם 250 גרם,"אסם השקעות בע""\מ",IL,קרם קרקר 250 גרם,גרמים,250.00,100 גרם,false,1,7.90,3.1600,true,1,253
7290000074252,false,קרקר שומשון אסם 250 גרם,"אסם השקעות בע""\מ",IL,קרקר שומשום 250 גרם,גרמים,250.00,100 גרם,false,1,7.90,3.1600,true,1,264
7290000074276,false,קרקר פיקנטי טבעון 250 ג' אסם,"אסם השקעות בע""\מ",IL,קרקר פיקנטי 250 גרם,גרמים,250.00,100 גרם,false,1,8.90,3.5600,true,1,1097
7290000074375,false,אוסם - קרקר זהב 150 גרם,"אסם השקעות בע""\מ",IL,קרקר זהב 150 גרם,גרמים,150.00,100 גרם,false,1,6.90,4.6000,true,1,262
7290000074481,false,לחמית אגוזים אסם 160 גרם,"אסם השקעות בע""\מ",IL,לחמית אגוזים 160 גר,גרמים,160.00,100 גרם,false,1,10.90,6.8125,true,1,8875
7290000075204,false,אוסם - לחמית חיטה מלאה 250 גרם,"אסם השקעות בע""\מ",IL,לחמית חיטה מלאה 250 גר,גרמים,250.00,100 גרם,false,1,9.50,3.8000,true,1,883
7290000075693,false,עוגת הבית שמרים בריוש שוקולד אסם 360 גרם,מיוצר עי קונדיטוריית,IL,עוגת הבית שמרים בריוש שוקולד 360 ג,גרמים,360.00,100 גרם,false,1,15.90,4.4167,true,1,7080
7290000076126,false,אוסם - בייגלה שמיניות קטנות 80 גרם,"אסם השקעות בע""\מ",IL,בייגלה שמניות 80 גר,גרמים,80.00,100 גרם,false,1,3.50,4.3750,true,1,1192
7290000076133,false,בייגלה שמיניות קטנות עם מלח אסם 400 גרם,"אסם השקעות בע""\מ",IL,בייגלה שמיניות קטנות 400 גר,גרמים,400.00,100 גרם,false,1,9.90,2.4750,true,1,1191
7290000076645,false,טוסטעים פת קלויה חיטה מלאה אסם 100 גרם,ון דר מולן האלום,NL,טוסטעים פת קלויה ח.מלאה 100 גר,גרמים,100.00,100 גרם,false,1,10.50,10.5000,true,1,7335
7290000077017,false,עוגיות קרמוגית במילוי קרם שוקולד אסם 200 גרם,מיוצר עי קונדיטוריית,IL,עוגיות קרמוגית במילוי שוקולד 200 גרם,גרמים,200.00,100 גרם,false,1,10.90,5.4500,true,1,255
7290000077253,false,אוסם - לחמית כפרית עם דגנים מלאים 190 גרם,"אסם השקעות בע""\מ",IL,לחמית כפרית 190 גר,גרמים,190.00,100 גרם,false,1,10.90,5.7368,true,1,7571
7290000078212,false,קרוטונים מתובלים למרק אסם 250 גרם,עינת תעשיות מזון אגו,IL,קרוטונים מתובלים אסם 250 גרם,גרמים,250.00,100 גרם,false,1,13.90,5.5600,true,1,235
7290000078762,false,אוסם - חטיפי פריכונים מאורז מלא בטעם דבש 80גר,סנורייס בלגיום אן. ו,GB,חטיפי פריכונים מאורז מלא דבש 80 ג,גרמים,80.00,100 גרם,false,1,7.90,9.8750,true,1,2016
7290000079233,false,קרם קרקר דיאטטי דל נתרן 250 גרם,"אסם תעשיות בע""מ",IL,קרם קרקר דל נתרן 250 גרם,גרמים,250.00,100 גרם,false,1,10.90,4.3600,true,1,254
7290000080758,false,אוסם - טוסטעים פת קלוי 100 גרם,ון דר מולן האלום,NL,טוסטעים פת קלויה 100 גרם,גרמים,100.00,100 גרם,false,1,10.50,10.5000,true,1,1121
7290000080765,false,טוסטעים פת קלויה עם שומשום אסם 100 גרם,ון דר מולן האלום,NL,טוסטעים פת קלויה&שומשום 100 גרם,גרמים,100.00,100 גרם,false,1,10.50,10.5000,true,1,1122
7290000081663,false,"בייגלה טבעות שומשום אסם 300 גרם בד""ץ",מיוצר עי קונדיטוריית,IL,בייגלה טבעות שומשום 300 גר,גרמים,300.00,100 גרם,false,1,9.90,3.3000,true,1,1197
7290000085159,false,פרורי ביסקוויט בטעם וניל הדר 250 גרם,גטניו אם החיטה,IL,פירורי פתיבר לאפיה 250 גר גטניו,גרמים,250.00,100 גרם,false,1,6.90,2.7600,true,1,39480
7290000085180,false,גטניו פתי בר וניל 470 גרם,"אחים גטניו בע""מ",IL,ביסקויט פתי בר וניל גטניו 470 גרם,גרמים,470.00,100 גרם,false,12,10.90,2.3191,true,1,24888
7290000100029,false,פתיתי כרובית סנפרוסט 800 גרם,"סנפרוסט בע""מ",IL,פתיתי כרובית 800 גרם סנפרוסט,גרמים,800.00,100 גרם,false,8,22.90,2.8625,true,1,22981
7290000100036,false,פתיתי ברוקולי סנפרוסט 800 גרם,"סנפרוסט בע""מ",IL,פתיתי ברוקולי 800 גרם סנפרוסט,גרמים,800.00,100 גרם,false,8,22.90,2.8625,true,1,22980
7290000100128,false,פירות קפואים תות סנפרוסט 300 ג',"סנפרוסט בע""מ",IL,תות קפוא 300 גרם סנפרוסט,גרמים,300.00,100 גרם,false,1,17.90,5.9667,true,1,22978
7290000100135,false,פירות קפואים סנפרוסט דובדבן 300 גר,"סנפרוסט בע""מ",IL,דובדבן קפוא 300 גרם סנפרוסט,גרמים,300.00,100 גרם,false,1,17.90,5.9667,true,1,22979
7290000100296,false,תערובת להכנת Smoothie ורוד תות ובננה,"סנפרוסט בע""\מ",IL,תערובת שייק תות בננה סמוטיז 300גר,גרמים,300.00,100 גרם,false,1,19.90,6.6333,true,1,28524
7290000100302,false,פול ירוק קלוף סנפרוסט 600 גרם,"סנפרוסט בע""\מ",IL,פול ירוק קלוף 600 גרם,גרמים,600.00,100 גרם,false,1,23.90,3.9833,true,1,26841
7290000100593,false,פרוסות אנטיפסטי לתנור סנפרוסט 600 גרם,"סנפרוסט בע""\מ",IL,פרוסות אנטיפסטי לתנור 600גר,גרמים,600.00,100 גרם,false,1,22.90,3.8167,true,1,32350
7290000100609,false,קוביות אנטיפסטי להקפצה סנפרוסט 600 גרם,"סנפרוסט בע""\מ",IL,קוביות אנטיפסטי להקפצה 600גר,גרמים,600.00,100 גרם,false,1,22.90,3.8167,true,1,32351
7290000101132,false,לקט קטניות לחמין סנפרוסט 800 גר,"סנפרוסט בע""\מ",IL,לקט לחמין 800 גרם סנפרוסט,גרמים,800.00,100 גרם,false,1,21.90,2.7375,true,1,1142
7290000101927,false,אוכמניות כחולות מוקפאות סנפרוסט 300 גרם,"איי, בי, אינבוו",IL,אוכמניות כחולות קפואות 300 גרם סנפרוסט,גרמים,300.00,100 גרם,false,1,17.90,5.9667,true,1,18706
7290000101934,false,מיקס פירות יער מוקפאות 300 ג' סנפרוסט,"סנפרוסט בע""\מ",IL,מיקס פירות יער קפוא 300 גרם סנפרוסט,גרמים,300.00,100 גרם,false,1,17.90,5.9667,true,1,1143
7290000101941,false,אננס חתוך מוקפא סנפרוסט 300ג',"סנפרוסט בע""\מ",IL,אננס קפוא 300 גרם סנפרוסט,גרמים,300.00,100 גרם,false,1,17.90,5.9667,true,1,2040
7290000101958,false,מנגו חתוך מוקפא סנפרוסט 300ג',"סנפרוסט בע""\מ",IL,מנגו קפוא 300 גרם סנפרוסט,גרמים,300.00,100 גרם,false,1,17.90,5.9667,true,1,1310
7290000103433,false,"לקט ירקות לתנור 800 גרם ""סנפרוסט""","איי, בי, אינבוו",IL,לקט ירקות לתנור 800 גרם סנפרוסט,גרמים,800.00,100 גרם,false,1,22.90,2.8625,true,1,16346
7290000103457,false,"מיני כרובית 600 גרם ""סנפרוסט""","סנפרוסט בע""\מ",IL,מיני כרובית 600 גרם,גרמים,600.00,100 גרם,false,1,16.90,2.8167,true,1,15698
7290000103471,false,מיני ברוקולי סנפרוסט 600 גרם,"סנפרוסט בע""\מ",IL,מיני ברוקלי 600 גרם,גרמים,600.00,100 גרם,false,1,16.90,2.8167,true,1,15029
7290000103488,false,ארטישוק ירושלמי סנפרוסט 400 גרם,"סנפרוסט בע""\מ",IL,ארטישוק ירושלמי 400 גרם סנפרוסט,גרמים,400.00,100 גרם,false,1,21.90,5.4750,true,1,16348
7290000103730,false,לקט להקפצה עם פסטה פוזילי סנפרוסט 800 גרם,"איי, בי, אינבוו",IL,לקט להקפצה עם פסטה פוזילי 800 ג,גרמים,800.00,100 גרם,false,1,24.50,3.0625,true,1,7299
7290000103815,false,לקט להקפצה בסגנון תאילנדי סנפרוסט 800 גרם,"סנפרוסט בע""\מ",IL,לקט בסגנון תאילנדי להקפצה 800 גר,גרמים,800.00,100 גרם,false,1,24.50,3.0625,true,1,8446
7290000103822,false,ירקות שמלווים עוף סנפרוסט 800ג',"סנפרוסט בע""\מ",IL,לקט לעוף 800 ג,גרמים,800.00,100 גרם,false,1,22.90,2.8625,true,1,8600
7290000103839,false,מרק כתום עשיר בירקות סנפרוסט 570 גרם,"סנפרוסט בע""\מ",IL,מרק כתום 572 גר סנפרוסט,גרמים,572.00,100 גרם,false,1,16.90,2.9545,true,1,8618
7290000103846,false,מרק אפונה עשיר בירקות סנפרוסט 570 גרם,"סנפרוסט בע""\מ",IL,מרק אפונה 572 גר סנפרוסט,גרמים,572.00,100 גרם,false,1,16.90,2.9545,true,1,8617
7290000103860,false,מרק עדשים עשיר בירקות סנפרוסט 570 גרם,"איי, בי, אינבוו",IL,מרק עדשים 572 גר סנפרוסט,גרמים,572.00,100 גרם,false,1,16.90,2.9545,true,1,8616
7290000103877,false,מרק שעועית עשיר בירקות סנפרוסט 640 גרם,"סנפרוסט בע""\מ",IL,מרק שעועית 644 גר סנפרוסט,גרמים,644.00,100 גרם,false,1,16.90,2.6242,true,1,8615
7290000104072,false,עדשים ירוקות מבושלות מוקפאות 800 ג' סנפרוסט,"איי, בי, אינבוו",IL,עדשים ירוקות מבושלות 800 גר,גרמים,800.00,100 גרם,false,1,18.90,2.3625,true,1,7901
7290000104188,false,שעועית אדומה מוקפאת מבושלת מוכנה לאכילה,"סנפרוסט בע""\מ",IL,שעועית אדומה מבושלת 800 גרם,גרמים,800.00,100 גרם,false,1,20.00,2.5000,true,1,7301
7290000104201,false,אפונה עדינה קפואה 600 גרם סנפרוסט,"איי, בי, אינבוו",IL,אפונה עדינה 600 גרם,גרמים,600.00,100 גרם,false,1,18.90,3.1500,true,1,2777
7290000104218,false,סנפרוסט במיה 600 גרם,"איי, בי, אינבוו",IL,במיה 600 גרם,גרמים,600.00,100 גרם,false,1,16.90,2.8167,true,1,2776
7290000104225,false,בצל קצוץ סנפרוסט 600 גרם,"סנפרוסט בע""\מ",IL,בצל קצוץ 600 גרם,גרמים,600.00,100 גרם,false,1,16.90,2.8167,true,1,2775
7290000104676,false,אפונה קפואה סנפרוסט 800 גרם,"איי, בי, אינבוו",IL,אפונה גינה 800 גרם,גרמים,800.00,100 גרם,false,1,18.50,2.3125,true,1,1345
7290000104683,false,שעועית ירוקה שלמה סנפרוסט 800 גרם,"סנפרוסט בע""\מ",IL,שעועית שלמה 800 גרם,גרמים,800.00,100 גרם,false,1,20.90,2.6125,true,1,74
7290000104690,false,תירס גרעינים 800 גרם סנפרוסט,"איי, בי, אינבוו",IL,תירס גרעינים 800 גרם,גרמים,800.00,100 גרם,false,1,17.90,2.2375,true,1,1478
7290000104706,false,גזר גמדי סנפרוסט 800 גרם,"סנפרוסט בע""\מ",IL,גזר גמדי 800 גרם,גרמים,800.00,100 גרם,false,1,17.90,2.2375,true,1,1290
7290000104713,false,פול ירוק סנפרוסט 800 גרם,"איי, בי, אינבוו",IL,פול ירוק 800 גרם,גרמים,800.00,100 גרם,false,1,23.90,2.9875,true,1,406
7290000104720,false,שעועית ירוקה חתוכה סנפרוסט 800 גרם,"סנפרוסט בע""\מ",IL,שעועית ירוקה חתוכה 800 גרם,גרמים,800.00,100 גרם,false,1,18.90,2.3625,true,1,69
7290000104737,false,שעועית צהובה חתוכה סנפרוסט 800 גרם,"סנפרוסט בע""\מ",IL,שעועית צהובה חתוכה 800 גרם,גרמים,800.00,100 גרם,false,1,18.90,2.3625,true,1,73
7290000104744,false,כרובית סנפרוסט 800 גרם,"סנפרוסט בע""\מ",IL,כרובית 800 גרם,גרמים,800.00,100 גרם,false,1,24.50,3.0625,true,1,1010
7290000104751,false,"כרוב ניצנים 800 גרם ""סנפרוסט""","איי, בי, אינבוו",IL,כרוב ניצנים 800 גרם,גרמים,800.00,100 גרם,false,1,24.90,3.1125,true,1,1009
7290000104768,false,תרד עלים סנפרוסט 800 ג ',"איי, בי, אינבוו",IL,תרד עלים 800 גרם,גרמים,800.00,100 גרם,false,1,24.90,3.1125,true,1,42
7290000104799,false,שעועית לבנה מבושלת סנפרוסט 800 גרם,"איי, בי, אינבוו",IL,שעועית לבנה מבושלת 800 גרם,גרמים,800.00,100 גרם,false,1,19.90,2.4875,true,1,2203
7290000104805,false,גרגירי חומוס מבושלים סנפרוסט 800 גרם,"איי, בי, אינבוו",IL,גרגירי חומוס מבושל 800 גרם,גרמים,800.00,100 גרם,false,1,20.00,2.5000,true,1,2202
7290000104829,false,קלחי תירס חתוכים סנפרוסט 1 קילו,"סנפרוסט בע""\מ",IL,קלחוני תירס 1 קג,גרמים,1000.00,100 גרם,false,1,19.90,1.9900,true,1,2676
7290000104836,false,שעועית ירוקה עדינה שלמה סנפרוסט 600 גרם,"סנפרוסט בע""\מ",IL,שעועית עדינה שלמה 600 גרם,גרמים,600.00,100 גרם,false,1,22.50,3.7500,true,1,3715
7290000104874,false,ירקות לקוסקוס של אמא סנפרוסט 800ג',"סנפרוסט בע""\מ",IL,לקט לקוסקוס 800 גרם,גרמים,800.00,100 גרם,false,1,22.90,2.8625,true,1,2215
7290000104881,false,לקט אפונה וגזר סנפרוסט 800 גרם,"איי, בי, אינבוו",IL,אפונה וגזר 800 גרם,גרמים,800.00,100 גרם,false,1,17.90,2.2375,true,1,1347
7290000104904,false,לקט ירקות מעורבים סנפרוסט 800 גרם,"איי, בי, אינבוו",IL,לקט ירקות מעורבים 800 גרם,גרמים,800.00,100 גרם,false,1,22.90,2.8625,true,1,900
7290000104911,false,לקט נורמנדי סנפרוסט 800 גרם,"איי, בי, אינבוו",IL,לקט נורמנדי 800 גרם,גרמים,800.00,100 גרם,false,1,22.90,2.8625,true,1,903
7290000106175,false,"לקט כפרי סנפרוסט 2 ק""ג","סנפרוסט בע""\מ",IL,לקט כפרי 2 קג,גרמים,2000.00,100 גרם,false,1,36.90,1.8450,true,1,902
7290000106526,false,ירקות מעורבים מוקפאים חגיגה ירוקה להקפצה,"איי, בי, אינבוו",IL,לקט חגיגה ירוקה 800גר להקפצה סנפרוסט,גרמים,800.00,100 גרם,false,12,24.50,3.0625,true,1,28892
7290000107165,false,חטיף סויה אדממה סנפרוסט 400 גרם,"איי, בי, אינבוו",IL,חטיף פולי סויה מנצו קפוא 400ג,גרמים,400.00,100 גרם,false,1,15.90,3.9750,true,1,4265
7290000107189,false,תחתיות ארטישוק סנפרוסט 400 גרם,"איי, בי, אינבוו",IL,ארטישוק תחתיות 400 גרם,גרמים,400.00,100 גרם,false,1,21.90,5.4750,true,1,1366
7290000107295,false,תפרחות ברוקולי סנפרוסט 800 גרם,"איי, בי, אינבוו",IL,ברוקלי תפרחת 800 גרם,גרמים,800.00,100 גרם,false,1,24.90,3.1125,true,1,1229
7290000107615,false,ירקות ואננס להקפצה מנה אסייתית צבעונית ועשירה,"איי, בי, אינבוו",IL,מנה אסייטית צבעונית ועשירה 800גר סנפרוסט,גרמים,800.00,100 גרם,false,12,24.50,3.0625,true,1,28893
7290000107622,false,ירקות ופסטה א-לה איטליה סנפרוסט 800 גרם,"איי, בי, אינבוו",IL,לקט פסטה וירקות א-לה איטליה 800גר סנפרוס,גרמים,800.00,100 גרם,false,12,24.50,3.0625,true,1,28894
7290000110844,false,"כיפלי גריל בד""צ תלמה 70 ג'",יוניליור ישראל מזון,IL,"חטיף כיפלי גריל 70 גר בד""צ",Unknown,0.00,Unknown,false,1,6.50,0.0000,true,1,1721
7290000110851,false,חטיף כיפלי בטעם בצל 70גר,אתר שפע - Food,IL,"חטיף כיפלי בצל 70 גרם בד""צ",Unknown,0.00,Unknown,false,1,6.50,0.0000,true,1,1720
7290000111063,false,מיונז תלמה אמיתי250 גרם,יוניליוור ישראל מזון בע\,IL,ממרח מיונז אמיתי 250 גרם,גרמים,250.00,100 גרם,false,1,7.50,3.0000,true,1,768
7290000111117,false,מרכך כביסה לבן בדין 4 ליטר,יוניליור ישראל טיפוח איש,IL,מרכך בדין 4 ליטר לבן,ליטרים,4.00,ליטר,false,1,19.90,4.9750,true,1,2770
7290000111186,false,"מיונז אמיתי תלמה 500 גרם בד""צ",יוניליוור ישראל מזון בע\,IL,ממרח מיונז אמיתי 500 גרם,גרמים,500.00,100 גרם,false,1,10.90,2.1800,true,1,769
7290000111353,false,"מיונז אמיתי תלמה 1 ק""ג",יוניליוור ישראל מזון בע\,IL,ממרח מיונז אמיתי 1 קג,קילוגרמים,1.00,"ק""ג",false,1,19.90,19.9000,true,1,767
7290000111360,false,"חרדל אמיתי תלמה 250 גרם בד""צ",יוניליוור ישראל מזו,IL,חרדל אמיתי 250 גרם,גרמים,250.00,100 גרם,false,1,7.50,3.0000,true,1,1089
7290000111384,false,חרדל אמיתי בצנצנת 550 ג' תלמה,יוניליוור ישראל מזו,IL,חרדל אמיתי 550 גרם,גרמים,550.00,100 גרם,false,1,9.50,1.7273,true,1,12
7290000112220,false,טחינה גולמית שומשום טהור בארכה 500 גרם,"רושדי תעשיות מזון בע""\מ",IL,טחינה בארכה 100%שומשום 500 ג,גרמים,500.00,100 גרם,false,1,13.90,2.7800,true,1,942
7290000112497,false,מרק עשיר עוף אטריות קנור 75 גרם - שקיות,יוניליוור ישראל מזון בע\,IL,מרק קנור עשיר עוף עם אטריות 68 גר,Unknown,0.00,Unknown,false,1,10.00,0.0000,true,1,1416
7290000112503,false,מרק עשיר ירקות קנור 69 גרם - שקיות,יוניליוור ישראל מזון בע\,IL,מרק קנור עשיר ירקות כפרי 61 גרם,Unknown,0.00,Unknown,false,1,10.00,0.0000,true,1,1415
7290000112619,false,מרק עוף לתיבול והעשרה קנור 400 גרם,יוניליוור ישראל מזון בע\,IL,מרק עוף קנור אמיתי 400 גרם,גרמים,400.00,100 גרם,false,1,19.90,4.9750,true,1,1413
7290000114187,false,פנטסטיק תרכיז ניקוי כללי אורנים סיף 4 ליטר,סיף פנטסטיק Cif Fantastic,IL,נוזל לניקוי כללי סיף 4 ל אורנים,ליטרים,4.00,ליטר,false,1,19.90,4.9750,true,1,2901
7290000116204,false,"אבקת מרק דגש בטעם עוף 1ק""ג קנור",יוניליוור ישראל מזון בע\,IL,מרק דגש קנור 1 קג,קילוגרמים,1.00,"ק""ג",false,1,16.90,16.9000,true,1,707
7290000116884,false,"רוטב ברביקיו קנור 300 גרם בד""צ",יוניליוור ישראל מזון בע\,IL,רוטב קנור ברביקיו 340 גר,גרמים,340.00,100 גרם,false,1,12.90,3.7941,true,1,3134
7290000116945,false,"רוטב סויה קלאסי קנור 300 מ""ל",יוניליוור ישראל מזון בע\,IL,רוטב סויה קנור 300 מל,מיליליטרים,300.00,"100 מ""ל",false,1,12.90,4.3000,true,1,3132
7290000117171,false,מרק טעם עוף דל קלוריות 48 גרם-קופסא,יוניליוור ישראל מזון,IL,מרק טעם עוף דל קל 48 גרם,גרמים,48.00,100 גרם,false,1,7.60,15.8333,true,1,709
7290000117720,false,נמס בכוס פטריות קנור 21.5 גרם מארז זוגי,יוניליוור ישראל מזון בע\,IL,זוג מרק נמס בכוס פטריות 43 גרם,Unknown,0.00,Unknown,false,1,6.90,0.0000,true,1,753
7290000118277,false,כופתאות מצה להכנת מהירה 65 ג' קנור,יוניליוור ישראל מזון בע\,IL,תערובת קניידלך 130 גר,גרמים,130.00,100 גרם,false,1,12.90,9.9231,true,1,206
7290000118352,false,לטקס תפוחי אדמה קנור 2*85 גרם,יוניליוור ישראל מזון בעמ,IL,תערובת לטקס 170 ג,גרמים,170.00,100 גרם,false,1,15.90,9.3529,true,1,890
7290000120836,false,"מיונז אמיתי 394 גרם ""הלמנס""",קונפקו אינק' די.בי.א,CA,מיונז הלמנס אמיתי 394 גר,גרמים,394.00,100 גרם,false,1,12.90,3.2741,true,1,1167
7290000120874,false,מיונז הלמנס לייט מופחת קלוריות 424ג,"יונילוור ארה""ב - HPC",US,מיונז הלמנס לייט 424 גרם,גרמים,424.00,100 גרם,false,1,12.90,3.0425,true,1,770
7290000121017,false,שומרון גבינה מותכת 7% 120 גרם,שלושת האופים,IL,גבינת שומרון 120 גרם,גרמים,120.00,100 גרם,false,1,10.00,8.3333,true,1,1280
7290000121031,false,החתול המחייך גבינה מותכת 14% מון בלאן 120 גרם,שלושת האופים,IL,גבינת חתול 120 גרם,גרמים,120.00,100 גרם,false,1,10.00,8.3333,true,1,1274
7290000121079,false,גבינה מותכת למריחה עם שום שמיר 9% מון בלאן 120 גרם,שלושת האופים,IL,גבינה מון בלאן שמיר 120 גרם,גרמים,120.00,100 גרם,false,1,10.00,8.3333,true,1,1270
7290000121093,false,גבינה מותכת לייט בטעם שוויצרי 7% מון בלאן 120 גר',האי נאם סי או אל.טי.,IL,גבינה מון בלאן שוויצרית 120 גרם,גרמים,120.00,100 גרם,false,1,10.00,8.3333,true,1,1269
7290000121109,false,גבינה מותכת לייט עם זיתים 7% מון בלאן 120 גרם,האי נאם סי או אל.טי.,IL,גבינה מון בלאן זיתים 120 גרם,גרמים,120.00,100 גרם,false,1,10.00,8.3333,true,1,1268
7290000121147,false,גבינה מותכת לייט בטעם פיקנטי 7% מון בלאן 120 גרם,"שלושת האופים בע""מ",IL,מון בלאן פיקנטי 120 גרם,גרמים,120.00,100 גרם,false,1,10.00,8.3333,true,1,927
7290000121154,false,גבינה מותכת לייט עם סלמון 7% מון בלאן 120 גרם,האי נאם סי או אל.טי.,IL,גבינת מון בלאן סלומון 120 גרם,גרמים,120.00,100 גרם,false,1,10.00,8.3333,true,1,1275
7290000121239,false,מיוקל 5% שומן ללא כולסטרול תלמה 500ג',יוניליוור ישראל מזון בע\,IL,ממרח מיוקל 5% שומן 500 ג,גרמים,500.00,100 גרם,false,1,12.90,2.5800,true,1,3633
7290000122830,false,"רוטב מקסיקני סצ'ואן קנור 300 מ""ל",יוניליוור ישראל מזון בע\,IL,רוטב קנור סצואן 370 גר,גרמים,370.00,100 גרם,false,1,12.90,3.4865,true,1,3787
7290000123363,false,"צימקאו לציפוי ואפיה אפיכל 500 גרם בד""צ",אתר צפת ממרחים וצימא,IL,שוקולד צמקאו 500 גרם,גרמים,500.00,100 גרם,false,1,14.90,2.9800,true,1,314
7290000124841,false,מאגדת שוקולד חלב ורד הגליל 3* 100 ג,יוניליוור ישראל מזון בע\,IL,שלישיית שוקולד חלב100גר ורד הגליל,גרמים,300.00,100 גרם,false,1,14.90,4.9667,true,1,3490
7290000125251,false,שמפו לכביסה עדינה בדין 2 ליטר,"זוהר דליה, קיבוץ דליה, 1",IL,נוזל לכביסה עדינה 2 ל בדין,ליטרים,2.00,ליטר,false,1,23.90,11.9500,true,1,3832
7290000129457,false,אבקת רוטב פטריות קנור 28 ג' שקית,יוניליוור ישראל מזון בע\,IL,אבקת רוטב פטריות 28 ג קנור,Unknown,0.00,Unknown,false,1,4.90,0.0000,true,1,4217
7290000129785,false,מרכך כביסה ירוק בדין 4 ליטר,יוניליור ישראל טיפוח איש,IL,מרכך בדין 4 ליטר ירוק,ליטרים,4.00,ליטר,false,1,19.90,4.9750,true,1,2628
7290000130255,false,קמח מצה 500 גר בשקית פסח,מצות אביב 2014 מאפה בעמ,IL,קמח מצה 500 ג שקית אביב,גרמים,500.00,100 גרם,false,1,6.50,1.3000,true,1,3893
7290000133645,false,שלישיית משחת שיניים סודה אורביטול 145 גרם,טרופיקל דגיל תעשיות קוסמ,IL,מש.שיניים אורביטול שלישיה סודה,יחידה,3.00,יחידה,false,1,18.90,6.3000,true,1,4060
7290000134147,false,טעם וריח מוסקט טחון מיכל 40גר,"תבליני טעם וריח בע""מ",IL,מוסקט טחון 40 גר מיכל קטן,Unknown,0.00,Unknown,false,1,14.90,0.0000,true,1,782
7290000134307,false,קינמון טחון 50 גרם טעם וריח,"תבליני טעם וריח בע""מ",IL,קינמון טחון 50 גר שקית,Unknown,0.00,Unknown,false,1,6.50,0.0000,true,1,75
7290000134314,false,פיצה תערובת תיבול 120 גרם מיכל גדול,"תבליני טעם וריח בע""מ",IL,תיבול לפיצה 120 ג מיכל גדול,גרמים,120.00,100 גרם,false,1,9.90,8.2500,true,1,1472
7290000134338,false,אבקת שום בקופ' 90 גר' טעם וריח,"תבליני טעם וריח בע""מ",IL,אבקת שום 90 ג מיכל גדול,Unknown,0.00,Unknown,false,1,9.90,0.0000,true,1,1435
7290000134352,false,קינמון טחון בקופ' 90 גר' טעם וריח,"תבליני טעם וריח בע""מ",IL,קינמון טחון 90 גר מיכל גדול,Unknown,0.00,Unknown,false,1,9.90,0.0000,true,1,2303
7290000134376,false,פפריקה בשמן בקופ' 90 גר' טעם וריח,"תבליני טעם וריח בע""מ",IL,פפריקה בשמן 90 ג מיכל גדול,Unknown,0.00,Unknown,false,1,9.90,0.0000,true,1,2304
7290000134550,false,עלי דפנה 20 גר' טעם וריח,"תבליני טעם וריח בע""מ",IL,עלי דפנה 20 גר שקית,גרמים,20.00,100 גרם,false,1,6.50,32.5000,true,1,76
7290000134673,false,זנגויל טחון מיכל 30 גרם,"תבליני טעם וריח בע""מ",IL,זנגביל 30 גר מיכל קטן,Unknown,0.00,Unknown,false,1,6.90,0.0000,true,1,5000
7290000134680,false,קימל שלם 40 גר' טעם וריח,תות ממתקי איכות,IL,קימל שלם 40 גר מיכל קטן,Unknown,0.00,Unknown,false,1,6.90,0.0000,true,1,5002
7290000134758,false,"תיבול לתפו""א בקופ' 100 גר' טעם וריח","תבליני טעם וריח בע""מ",IL,תיבול לתפוא 100 ג מיכל גדול,גרמים,100.00,100 גרם,false,1,9.90,9.9000,true,1,2481
7290000134826,false,זעתר מעורב בקופ' 100 גר' טעם וריח,"תבליני טעם וריח בע""מ",IL,זעתר מעורב 100 ג מיכל גדול,גרמים,100.00,100 גרם,false,1,9.90,9.9000,true,1,774
7290000134833,false,כמון טחון בקופ' 100 גר' טעם וריח,"תבליני טעם וריח בע""מ",IL,כמון טחון 100 ג מיכל גדול,גרמים,100.00,100 גרם,false,1,9.90,9.9000,true,1,777
7290000134840,false,כורכום טחון בקופ' 100 גר' טעם וריח,"תבליני טעם וריח בע""מ",IL,כורכום טחון 100 ג מיכל גדול,גרמים,100.00,100 גרם,false,1,9.90,9.9000,true,1,776
7290000134857,false,פפריקה מתוקה בקופ' 100 גר' טעם וריח,"תבליני טעם וריח בע""מ",IL,פפריקה מתוקה 100 גר מיכל גדול,גרמים,100.00,100 גרם,false,1,9.90,9.9000,true,1,779
7290000134864,false,פפריקה חריפה בקופ' 100 גר' טעם וריח,"תבליני טעם וריח בע""\מ",IL,פפריקה חריפה 100 ג מיכל גדול,גרמים,100.00,100 גרם,false,1,9.90,9.9000,true,1,778
7290000134871,false,פלפל שחור טחון בקופ' 100 גר' טעם וריח,"תבליני טעם וריח בע""מ",IL,פלפל שחור טחון 100 ג מיכל גדול,גרמים,100.00,100 גרם,false,1,13.90,13.9000,true,1,784
7290000134970,false,חוואיג' בקופ' 100 גר' טעם וריח,"תבליני טעם וריח בע""מ",IL,חוואיג 100 גר מיכל גדול,גרמים,100.00,100 גרם,false,1,9.90,9.9000,true,1,775
7290000134987,false,פלפל שחור גרוס בקופ' 90 גר' טעם וריח,"תבליני טעם וריח בע""מ",IL,פלפל שחור גרוס90ג מיכל גדול,Unknown,0.00,Unknown,false,1,13.90,0.0000,true,1,781
7290000134994,false,טימין 20 גר מיכל קטן,"תבליני טעם וריח בע""מ",IL,טימין 20 גר מיכל קטן,Unknown,0.00,Unknown,false,1,6.90,0.0000,true,1,4998
7290000135045,false,"XL TEN משקה אנרגיה פתוח ללא סוכר 250 מ""ל","טמפו משקאות בע""\מ",IL,משקה אנרגיה אקס אל תן תפוח 250מל פקדון,מיליליטרים,250.00,"100 מ""ל",false,24,4.90,1.9600,true,1,27917
7290000135052,false,"XL TEN משקה אנרגיה מנגו ללא סוכר 250 מ""ל","טמפו משקאות בע""\מ",IL,משקה אנרגיה אקס אל תן מנגו 250מל פקדון,מיליליטרים,250.00,"100 מ""ל",false,24,4.90,1.9600,true,1,27918
7290000135113,false,משקה אנרגיה XL TEN ללא סוכר בטעם נענע ליים,"טמפו משקאות בע""\מ",IL,משקה אנרגיה אקס אל טן 250מל פקדון,מיליליטרים,250.00,"100 מ""ל",false,1,4.90,1.9600,true,1,31638
7290000135151,false,"טמפו סודה למון ליים בקבוק 250 מ""ל",טמפו משקאות בעמ,IL,סודה נגיעות לימון ליים 275מל בק.פקדון,מיליליטרים,275.00,"100 מ""ל",false,24,5.00,1.8182,true,1,33352
7290000135168,false,"פפסי מקס ליים פחית צרה מארז שישייה 330 מ""ל","טמפו משקאות בע""מ",AL,מארז שישיית פפסי מקס ליים 330מל פח.פקדון,מיליליטרים,1980.00,"100 מ""ל",false,4,18.90,0.9545,true,1,35687
7290000135182,false,"מארז 7 אפ פרי דל קלוריות בטעם לימון ליים פחית צרה 330 מ""ל*6 יח'","טמפו משקאות בע""מ",IL,מארז 6יח פחית סבנאפ פרי למון ליים 330מל,מיליליטרים,1980.00,"100 מ""ל",false,4,18.90,0.9545,true,1,36010
7290000135311,false,פפסי קולה ליים 1.5 ללא סוכר,"טמפו משקאות בע""\מ",IL,משקה פפסי מקס ליים 1.5 ליטר בק.פקדון,ליטרים,1.50,ליטר,false,1,8.50,5.6667,true,1,33800
7290000135342,false,"מי סודה טמפו בקבוק 500 מ""ל","טמפו משקאות בע""\מ",IL,מי סודה טמפו 500 מל בק. פקדון,מיליליטרים,500.00,"100 מ""ל",false,24,2.50,0.5000,true,1,39324
7290000135465,false,"מי סודה 500 מ""ל - מארז 12 בקבוקים","טמפו משקאות בע""\מ",IL,מי סודה טמפו 12יחידות 500 מל בק. פקדון,מיליליטרים,6000.00,"100 מ""ל",false,4,28.90,0.4817,true,1,39323
7290000136141,false,משקה בטעם קולה 1.5ל' פפסי,"טמפו משקאות בע""\מ",IL,משקה פפסי קולה 1.5ליטר בק.פקדון,ליטרים,1.50,ליטר,false,6,8.90,5.9333,true,1,46437
7290000136158,false,פפסי מקס משקה מוגז דל קלוריות בטעם קולה,"טמפו משקאות בע""\מ",IL,משקה פפסי מקס 1.5 ליטר בק.פקדון,ליטרים,1.50,ליטר,false,1,8.50,5.6667,true,1,46441
7290000136165,false,משקה מירינדה 1.5ליטר,"טמפו משקאות בע""\מ",IL,משקה מירינדה 1.5ליטר בק.פקדון,ליטרים,1.50,ליטר,false,6,8.90,5.9333,true,1,46438
7290000136172,false,סבן אפ בקבוק 1.5 ליט,"טמפו משקאות בע""\מ",IL,משקה סבן אפ 1.5ליטר בק.פקדון,ליטרים,1.50,ליטר,false,6,8.90,5.9333,true,1,46439
7290000136189,false,סבן אף דיאט 1.5 ליטר בודד,"טמפו משקאות בע""\ם.",IL,משקה דיאט סבן אפ 1.5 ליטר בק.פקדון,ליטרים,1.50,ליטר,false,1,8.50,5.6667,true,1,46440
7290000136257,false,פאנק טוניק גזוז בטעם פירות,טמפו 7.5%,IL,פאנק טוניק 1.5 ליטר בק.פקדון טמפו,ליטרים,1.50,ליטר,false,1,10.90,7.2667,true,1,46460
7290000136264,false,מי טוניק גזוז 1.5 ל' טמפו,"טמפו משקאות בע""\מ",IL,מי טוניק 1.5ליטר בק.פקדון טמפו,ליטרים,1.50,ליטר,false,1,10.90,7.2667,true,1,46459
7290000136288,false,"סירופ בטעם תפוחים ג'ויסר סיידר הגליל 330 מ""ל","טמפו משקאות בע""\מ",IL,סיידר סירופ תפוח 330מל גוסר,מיליליטרים,330.00,"100 מ""ל",false,1,15.90,4.8182,true,1,49231
7290000136295,false,"סירופ בטעם פטל ג'ויסר סיידר הגליל 330 מ""ל","טמפו משקאות בע""\מ",IL,סיידר סירופ פטל 330מל גוסר,מיליליטרים,330.00,"100 מ""ל",false,1,15.90,4.8182,true,1,49232
7290000136301,false,"סירופ בטעם ענבים ג'ויסר סיידר הגליל 330 מ""ל","טמפו משקאות בע""\מ",IL,סיידר סירופ ענבים 330מל גוסר,מיליליטרים,330.00,"100 מ""ל",false,1,15.90,4.8182,true,1,49233
7290000136431,false,משקה בטעם אפרסק צלול תריסר 1.5 ל' ג'אמפ,"טמפו משקאות בע""\מ",IL,משקה גאמפ 1.5ליטר אפרסק צלול בק.פקדון,ליטרים,1.50,ליטר,false,1,7.90,5.2667,true,1,46436
7290000136455,false,משקה בטעם אשכוליות תריסר 1.5 ל' ג'אמפ,"טמפו משקאות בע""\ם.",IL,משקה גאמפ 1.5ליטר אשכוליות בק.פקדון,ליטרים,1.50,ליטר,false,1,7.90,5.2667,true,1,46431
7290000136486,false,משקה בטעם אשכוליות דיאט תריסר 1.5 ל' ג'אמפ,"טמפו משקאות בע""\ם.",IL,משקה גאמפ 1.5ליטר דיאט אשכולית בק.פקדון,ליטרים,1.50,ליטר,false,1,7.90,5.2667,true,1,46434
7290000136561,false,משקה בטעם תות בננה תריסר 1.5 ל' ג'אמפ,"טמפו משקאות בע""\מ",IL,משקה גאמפ 1.5ליטר תות בננה בק.פקדון,ליטרים,1.50,ליטר,false,1,7.90,5.2667,true,1,46433
7290000136585,false,משקה בטעם תפוזים תריסר 1.5 ל' ג'אמפ,"טמפו משקאות בע""\ם.",IL,משקה גאמפ 1.5ליטר תפוזים בק.פקדון,ליטרים,1.50,ליטר,false,1,7.90,5.2667,true,1,46426
7290000136608,false,משקה בטעם תפוח צלול תריסר 1.5 ל' ג'אמפ,"טמפו משקאות בע""\ם.",IL,משקה גאמפ 1.5ליטר תפוח צלול בק.פקדון,ליטרים,1.50,ליטר,false,1,7.90,5.2667,true,1,46435
7290000136646,false,בירה נשר מאלט ללא אלכוהול 1.5 ליטר,"טמפו משקאות בע""\מ",IL,בירה נשר מאלט 1.5ליטר בק. פקדון,ליטרים,1.50,ליטר,false,1,9.20,6.1333,true,1,46461
7290000136653,false,דיאט נשר מאלט ללא אלכוהול 1.5 ליטר,"טמפו משקאות בע""\מ",IL,בירה דיאט נשר מאלט 1.5ליטר בק. פקדון,ליטרים,1.50,ליטר,false,1,9.20,6.1333,true,1,46462
7290000136660,false,סודה טמפו ליטר וחצי,טמפו,IL,סודה 1.5ליטר ב.פקדון טמפו,ליטרים,1.50,ליטר,false,1,3.80,2.5333,true,1,46958
7290000136691,false,מארז שישייה סבן אפ 1.5 ל',סבן אפ 7up,IL,מארז 6יח סבן אפ 1.5ליטר בק. פקדון,ליטרים,9.00,ליטר,false,1,39.90,4.4333,true,1,46444
7290000136707,false,טמפו מירינדה 1.5 ליטר,טמפו,IL,משקה מירינדה 1.5ליטר בק.פקדון,ליטרים,1.50,ליטר,false,6,8.90,5.9333,true,1,47810
7290000136752,false,סבן אפ דיאט מארז שישייה 1.5 ל' FREE,"טמפו משקאות בע""\מ",IL,מארז 6יח דיאט סבן אפ 1.5ליטר בק.פקדון,ליטרים,9.00,ליטר,false,1,37.90,4.2111,true,1,46445
7290000136776,false,שישיית פפסי מקס דל קלוריות 1.5 ליטר,פפסי Pepsi,IL,מארז 6יח פפסי מקס 1.5ליטר בק.פקדון,ליטרים,9.00,ליטר,false,1,41.90,4.6556,true,1,46446
7290000136783,false,מארז שישייה מרינדה 1.5 ל',"טמפו משקאות בע""\מ",IL,מארז 6יח מירינדה 1.5ליטר בק. פקדון,ליטרים,9.00,ליטר,false,1,39.90,4.4333,true,1,46443
7290000136790,false,שישיית מי סודה טמפו 1.5 ליטר,"טמפו משקאות בע""\מ",IL,מארז 6יח סודה 1.5ליטר בק.פקדון טמפו,ליטרים,9.00,ליטר,false,1,17.70,1.9667,true,1,46453
7290000136806,false,מארז סודה רביעייה לימון ליים 1.5 ל' טמפו,טמפו משקאות בעמ,IL,מארז 4יח סודה למון ליים 1.5ליטר בק.פקדון,ליטרים,6.00,ליטר,false,1,11.90,1.9833,true,1,46450
7290000136813,false,סודה בטעם אננס מארז רביעייה 1.5 ל' טמפו,טמפו משקאות בע''מn\,IL,מארז 4יח סודה אננס 1.5ליטר בק.פקדון,ליטרים,6.00,ליטר,false,1,11.90,1.9833,true,1,46451
7290000136820,false,סודה בטעם פירות יער מארז ריבעיה * 1.5 ל' טמפו,טמפו משקאות בע''מn\,IL,מארז 4יח סודה פירות יער 1.5ליטר בק.פקדון,ליטרים,6.00,ליטר,false,1,11.90,1.9833,true,1,46452
7290000136837,false,רביעיית מי סודה נגיעות אפרסק טמפו 1.5 ליטר,טמפו משקאות בע''מn\,IL,מארז 4יח סודה אפרסק 1.5ליטר בק.פקדון,ליטרים,6.00,ליטר,false,1,11.90,1.9833,true,1,46449
7290000136844,false,מארז מים מזוככים אקווה נובה שישיית 2 ליטר,"טמפו משקאות בע""\מ",IL,מארז 6 יח מים אקווה נובה 2ליטר בק.פקדון,ליטרים,12.00,ליטר,false,1,13.90,1.1583,true,1,46467
7290000136868,false,סאן בנדטו - מים מינרלים - מארז שישיית 1.5 ליטר,אקווה מינרלה סאן בנדטו ב,IT,מארז 6יח מים סאן בנדטו 1.5ליטר בק.פקדון,ליטרים,9.00,ליטר,false,1,17.90,1.9889,true,1,46447
7290000136875,false,שישיית מים מינרליים מוגזים סן בנדטו 1.5 ליטר,סאן בנדטו San Benedetto,IT,מארז 6יח מים סאן בנדטו מוגז1.5ל בק.פקדון,ליטרים,9.00,ליטר,false,1,18.90,2.1000,true,1,46448
7290000136936,false,סבן אפ דיאט בקבוק 1.,טמפו,IL,משקה דיאט סבן אפ 1.5 ליטר בק.פקדון,ליטרים,1.50,ליטר,false,1,8.50,5.6667,true,1,46889
7290000137513,false,גלידונית גלידה וניל בציפוי שוקולד 60 יח' קרמיסימו,"גלידת שטראוס בע""\מ, רחוב",IL,גלידונית שוקו וניל מצופה 60 יח,גרמים,700.00,100 גרם,false,1,44.90,6.4143,true,1,1293
7290000137643,false,שלגוני טעמקור בטעם שוקו וניל שטראוס 8*50 גרם,"גלידת שטראוס בע""\מ, רחוב",IL,מאגדת טעמקור 8 יח,גרמים,400.00,100 גרם,false,1,34.90,8.7250,true,1,958
7290000139104,false,שלווה חיטה תפוחה מתוקה אשבול 230 גרם,"אשב""ל בע""מ",IL,חטיף שלווה חיטה תפוחה 230 גר,גרמים,230.00,100 גרם,false,1,8.90,3.8696,true,1,44514
7290000139180,false,שלווה חיטה מלאה תפוחה אשבול 140 גרם,אשבל מזון פונקציונלי,IL,חטיף שלווה חיטה תפוחה 140 גר,גרמים,140.00,100 גרם,false,24,8.90,6.3571,true,1,44515
7290000139227,false,דגן לבן משפחתי 150 גר' אשבול,אשבל מזון פונקציונלי,IL,חטיף תירס תפוח ממותק 150 ג,גרמים,150.00,100 גרם,false,24,8.90,5.9333,true,1,44517
7290000139258,false,שלווה דבש וסוכר חום אשבול 200 גרם,אשבל מזון פונקציונלי,IL,שלווה חיטה תפוחה סוכר חום ודבש200 גרם,גרמים,200.00,100 גרם,false,24,8.90,4.4500,true,1,44516
7290000143187,false,"הוואי שמפו 2 ב 1 לגבר 700 מ""ל",שוורצקוף& הנקל דיסלד,IL,שמפו הוואי לגבר 700 מל,מיליליטרים,700.00,"100 מ""ל",false,1,8.90,1.2714,true,1,2205
7290000143194,false,"הוואי שמפו+מרכך 2 ב 1 לשיער רגיל 700 מ""ל",טרופיקל דגיל בעמ,IL,שמפו ומרכך הוואי 2 ב 1 700 מל,מיליליטרים,700.00,"100 מ""ל",false,1,8.90,1.2714,true,1,2207
7290000143293,false,"הוואי - מרכך ילדים מתיר קשרים 700 מ""ל",טרופיקל דגיל,IL,הוואי 700 מל מרכך ילדים,מיליליטרים,700.00,"100 מ""ל",false,1,8.90,1.2714,true,1,2761
7290000144160,false,"שמן זית כתית מעולה ארומתי עץ הזית 750 מ""ל","מרקאולאו, ספרד.אבסה,",IT,שמן זית מודגש עץ הזית750מל,מיליליטרים,750.00,"100 מ""ל",false,1,33.90,4.5200,true,1,7683
7290000144467,false,שמן חמניות מועשר בנוגדי חמצון 1 ל' עץ הזית,"נארז ע""י : א.ג. גילר",GR,שמן חמניות בריאות עץ הזית 1 ליטר,ליטרים,1.00,ליטר,false,1,15.90,15.9000,true,1,182
7290000144474,false,שמן עץ הזית קנולה 1 ליטר בריאות מהטבע,שמן תעשיות בעמ,EE,שמן קנולה בריאות עץ הזית 1 לי,ליטרים,1.00,ליטר,false,1,15.90,15.9000,true,1,223
7290000146645,false,הוואי - סבון מוצק שחור מסתורי 100 גרם רביעייה,טרופיקל דגיל קוסמטיק,IL,סבון הוואי מוצק רביעיה שחור,גרמים,400.00,100 גרם,false,1,11.90,2.9750,true,1,3450
7290000146669,false,הוואי - סבון מוצק שמיים כחולים 100 גרם רביעייה,טרופיקל דגיל קוסמטיק,IL,סבון ההואי מוצק רביעיה כחול,גרמים,400.00,100 גרם,false,1,11.90,2.9750,true,1,3449
7290000146676,false,הוואי - סבון מוצק לגבר 100 גרם רביעייה,טרופיקל דגיל קוסמטיק,PL,סבון ההואי מוצק רביעיה גבר,גרמים,400.00,100 גרם,false,1,11.90,2.9750,true,1,3508
7290000146683,false,הוואי - סבון מוצק אפקט דאודורנט 100 גרם רביעייה,טרופיקל דגיל קוסמטיק,PL,סבון ההואי מוצק רביעיה דאודורנט,Unknown,0.00,Unknown,false,1,11.90,0.0000,true,1,3451
7290000146928,false,"משחת שיניים לילדים בטעם ענבים טום וג'רי 50 מ""ל",טרופיקל דגיל קוסמטיק,IL,משחת שינים ענבים 60 גר טום וגרי,גרמים,60.00,100 גרם,false,1,7.90,13.1667,true,1,3990
7290000146997,false,משחת שיניים לילדים מסטיק טום וג'רי 50 מל,טרופיקל דגיל קוסמטיק,IL,משחת שינים מסטיק 60 גר טום וגרי,גרמים,60.00,100 גרם,false,1,7.90,13.1667,true,1,3153
7290000149615,false,רביעיית סבון מוצק קלאסי לתינוק נקה 7 4*100 גרם,גליל כימיקלים בעממשו,IL,מארז 4 יח סבון נקה 7 מוצק לתינוק,גרמים,400.00,100 גרם,false,1,11.90,2.9750,true,1,5545
7290000149844,false,סבון רב שימושי סינטבון 230 גרם,סינטבון,IL,סינטבון חתול,יחידה,1.00,יחידה,false,1,8.90,8.9000,true,1,638
7290000149851,false,סבון לניקוי והסרת כתמים סינטבון 460 גרם,יבואן ומשווק: ש. שסט,IL,סינטבון חתול כפול,יחידה,2.00,יחידה,false,1,11.90,5.9500,true,1,3700
7290000149905,false,טקסטיל נוזל לכביסה עדינה נקה 1 ליטר,מיוצר עי קונדיטוריית,IL,טקסטיל שמפו 1 ליטר,ליטרים,1.00,ליטר,false,1,16.90,16.9000,true,1,960
7290000150352,false,פסטרמה איטלקית במשקל,עיצובים 2020 (4.9),IL,פסטרמה איטלקית במשקל,קילוגרמים,1.00,"ק""ג",true,,69.00,69.0000,true,1,2017
7290000150369,false,פסטרמה מקסיקנית צ'לי-משק,עיצובים 2020 (4.9),IL,פסטרמה מקסיקנית במשקל,קילוגרמים,1.00,"ק""ג",true,,69.00,69.0000,true,1,3907
7290000150451,false,נקניק סלמי איטלקי עו,קריות זול,IL,נקניק סלמי איטלקי במשקל,קילוגרמים,1.00,"ק""ג",true,,59.00,59.0000,true,1,663
7290000150468,false,פסטרמה רומנית הודו א,עיצובים 2020 (4.9),IL,פסטרמה רומנית במשקל,קילוגרמים,1.00,"ק""ג",true,,69.00,69.0000,true,1,460
7290000150642,false,כתף בקר מעושן עוף טו,עיצובים 2020 (4.9),,כתף בקר מעושן במשקל,קילוגרמים,1.00,"ק""ג",true,,79.00,79.0000,true,1,464
7290000150956,false,מקלוני קבנוס עוף טוב 160 גרם,מוצרי עוף טוב (2001) בע\,IL,מקלוני קבנוס עוף טוב 160 גרם,גרמים,160.00,100 גרם,false,1,10.90,6.8125,true,1,8029
7290000151052,false,פסטרמה בדבש עוף-טוב,עיצובים 2020 (4.9),,חזה הודו בדבש במשקל,קילוגרמים,1.00,"ק""ג",true,,69.00,69.0000,true,1,1056
7290000151106,false,פסטרמה אמריקאית במשקל,עיצובים 2020 (4.9),IL,פסטרמה אמריקאית במשקל,קילוגרמים,1.00,"ק""ג",true,,69.00,69.0000,true,1,459
7290000152288,false,עוף טוב נקניקיות עוף מיס לוסי 400 גרם,מוצרי עוף טוב (2001) בע\,IL,נקניקיות עוף עוף טוב 400 גר,גרמים,400.00,100 גרם,false,1,15.00,3.7500,true,1,583
7290000152608,false,נקניק תה ענק עוף טוב,קריות זול,IL,נקניק סלמי תה ענק במשקל,קילוגרמים,1.00,"ק""ג",true,,49.00,49.0000,true,1,762
7290000152943,false,מארז פסטרמה כפרית וסלמי כפרי עוף טוב 2*350 גרם,מוצרי עוף טוב (2001) בע\,IL,מארז פסטרמה+סלמי 700 גר,גרמים,700.00,100 גרם,false,1,25.90,3.7000,true,1,8471
7290000153469,false,קציצות עוף קלאסיות 100% רכיבים טבעיים,"מוצרי עוף טוב (2001) בע""",IL,קציצות עוף קלאסיות עוף טוב 600 גר,גרמים,600.00,100 גרם,false,1,29.90,4.9833,true,1,8831
7290000153698,false,כתף בקר מפולפל במשקל,עוף טוב,IL,כתף בקר מפולפל במשקל,קילוגרמים,1.00,"ק""ג",true,,79.00,79.0000,true,1,465
7290000155524,false,פסטרמה פולנית עוף טו,עיצובים 2020 (4.9),IL,פסטרמה פולנית במשקל,קילוגרמים,1.00,"ק""ג",true,,69.00,69.0000,true,1,4494
7290000161358,false,תלמה מיונז אמיתי משמן קנולה 500 גרם,יוניליוור ישראל מזון בע\,IL,ממרח מיונז אמיתי משמן קנולה 500 ג,גרמים,500.00,100 גרם,false,1,15.90,3.1800,true,1,4448
7290000166605,false,סיף פנטסטיק ניקיון כללי יסמין 4ליטר,סיף פנטסטיק Cif Fantastic,IL,נוזל לניקוי כללי סיף 4 ל יסמין,ליטרים,4.00,ליטר,false,1,19.90,4.9750,true,1,9653
7290000168173,false,ברנפלקס קרנצים 375 ג' תלמה,יוניליור ישראל מזון,IL,דגני ברנפלקס קרנצים 375 גר,גרמים,375.00,100 גרם,false,1,19.90,5.3067,true,1,10184
7290000169538,false,"נמס בכוס עגבניות וקרוטונים מרק כשרות בד""ץ 62 ג' קנור",יוניליוור ישראל מזון בע\,IL,זוג מרק נמס בכוס עגבניות52גר בדץ,Unknown,0.00,Unknown,false,1,6.90,0.0000,true,1,11098
7290000169798,false,"עוגי מופחת סוכר 20% פצפוצי שוקו' 500ג' בד""צ",יוניליוור ישראל מזון בע\,IL,ד.בוקר עוגי מופחת סוכר 500 גר,גרמים,500.00,100 גרם,false,1,19.90,3.9800,true,1,11234
7290000170053,false,"שוקולד פרה חלב 100 גרם בד""צ לל""ג","שטראוס גרופ בע""\מ.",IL,שוקולד פרה חלב 100 גר,גרמים,100.00,100 גרם,false,1,5.90,5.9000,true,1,152
7290000174723,false,שוקולית אבקה להכנת משקה שוקו 500 גרם,הנסיך- מפעל לייצור ט,IL,אבקת שוקולית 500 גר עגולה,גרמים,500.00,100 גרם,false,1,14.50,2.9000,true,1,168
7290000176062,false,קפה טורקי בשקית 100 ג' עלית,שטראוס קפה בי.ויn\.,IL,קפה טורקי 100 גרם,גרמים,100.00,100 גרם,false,1,8.90,8.9000,true,1,556
7290000176079,false,קפה עלית טורקי עם הל 100 גרם,הנסיך- מפעל לייצור ט,IL,קפה טורקי עם הל 100 גרם,גרמים,100.00,100 גרם,false,1,9.50,9.5000,true,1,559
7290000176147,false,קפה לפילטר קלוי וטחון מוקה מספר 1 עלית 500 גרם,ELITE CAFE SP. ZO.O,PL,קפה מוקה 1 פילטר בריק 500 גרם,גרמים,500.00,100 גרם,false,1,48.90,9.7800,true,1,935
7290000176413,false,קפה נמס אבקתי 50 ג' עלית,הנסיך- מפעל לייצור ט,IL,קפה נמס אבקתי 50 גרם,גרמים,50.00,100 גרם,false,1,8.90,17.8000,true,1,218
7290000176420,false,קפה נמס פחית עלית 200 גרם,שטראוס קפה בי.וי,IL,קפה נמס אבקתי 200 גרם,גרמים,200.00,100 גרם,false,1,22.00,11.0000,true,1,217
7290000176468,false,קפה נמס נטול קפאין 50 ג' קפה האג,"איי, בי, אינבוו",IL,קפה נמס האג אבקתי 50 גרם,גרמים,50.00,100 גרם,false,1,11.00,22.0000,true,1,1163
7290000176475,false,האג קפה נמס נטול קפאין עלית 200 גרם,שטראוס גרופ,VN,קפה נמס האג אבקתי 200 גרם,גרמים,200.00,100 גרם,false,1,35.90,17.9500,true,1,1162
7290000178707,false,תפוצ'יפס בטעם טבעי 50 גרם,"שטראוס פריטו ליי בע""\מ )",IL,חטיף תפוציפס 50 גרם,Unknown,0.00,Unknown,false,1,4.00,0.0000,true,1,1499
7290000178721,false,תפוצ'יפס בטעם טבעי 200 גרם,"שטראוס פריטו ליי בע""\מ )",IL,חטיף תפוציפס טבעי 200 גר,גרמים,200.00,100 גרם,false,1,11.00,5.5000,true,1,1500
7290000180212,false,שוקולוד פרה מריר אגוזים 100ג' עלית,"שטראוס גרופ בע""מ",IL,שוקולד פרה מריר אגוזים 100 גר,גרמים,100.00,100 גרם,false,1,5.90,5.9000,true,1,157
7290000185224,false,סילאן בקבוק לחיץ תמר כנרת 650 גר,תמר כנרת,IL,סילאן לחיץ 650 גר חצר כנרת,גרמים,650.00,100 גרם,false,1,15.90,2.4462,true,1,7035
7290000185293,false,סילאן טבעי תמר כנרת 350 גרם,"חצר כנרת מוצרי תמר אגש""ח",IL,סילאן טבעי חצר כנרת 350 גרם צנצנת,גרמים,350.00,100 גרם,false,1,15.90,4.5429,true,1,5458
7290000185460,false,חרוסת בטעם ביתי תמר,מנדלז סי.אר. פרודקשן,IL,חרוסת חצר כנרת 250 גרם,גרמים,250.00,100 גרם,false,1,13.90,5.5600,true,1,3050
7290000185590,false,סילאן טבעי בבקבוק לחיץ 650 גרם,"טעמי הגליל בע""\מ עבור וי",IL,סילאן טבעי לחיץ 650 גר חצר כנרת,גרמים,635.00,100 גרם,false,1,19.90,3.1339,true,1,40642
7290000186030,false,מארז רביעייה מגבוני בתחליב וויטמין E האגיס,קימברלי קלארק,IL,מארז 4יח מגבוני האגיס עם תחליב,יחידה,288.00,יחידה,false,1,22.90,0.0795,true,1,15352
7290000186207,false,מגבוני שקמה למבוגרים,ווטנאפס,,מגבוני שקמה למבוגרים 50יחידות,יחידה,50.00,יחידה,false,1,19.90,0.3980,true,1,36690
7290000186535,false,נייר טואלט תלת שכבתי לבן לילי 32 יחידות,לילי נייר טואלט חוגלה,IL,נייר טואלט לילי טריו לבן 32 יח,יחידה,32.00,יחידה,false,1,45.90,1.4344,true,1,12573
7290000187860,false,מגבוני טואלט לחים לילי דיספנסר 40יח',עלבד משואות יצחק בעמ,IL,מגבון נייר טואלט לח לילי פיור 56 יח,יחידה,56.00,יחידה,false,18,8.90,0.1589,true,1,2318
7290000187921,false,נייר טואלט דו שכבתי לבן לילי 32 יחידות,לילי נייר טואלט חוגלה,IL,נייר טואלט לילי לבן קלאסיק 32 יח,יחידה,32.00,יחידה,false,1,43.90,1.3719,true,1,6157
7290000187938,false,לילי - נייר טואולט נייר טואלט פסטל 32 יח',לילי נייר טואלט חוגלה,IL,נייר טואלט לילי פסטל/ספא 32 יח,יחידה,32.00,יחידה,false,1,43.90,1.3719,true,1,6158
7290000187952,false,נייר טואלט תלת שכבתי ורוד לילי 32 יחידות,לילי נייר טואלט חוגלה,IL,נייר טואלט לילי טריו ורוד 32 יח,יחידה,32.00,יחידה,false,1,45.90,1.4344,true,1,6159
7290000188270,false,קליניקס ממחטות אף אולטרא סופט 2*80 דף,חוגלה קימברלי,IL,זוג מגבוני קלינקס אולטרא סופט 80 יח,יחידה,80.00,יחידה,false,1,15.90,0.1988,true,1,1309
7290000188553,false,קוטקס מגן תחתון יאנג ביג 60 יחידות,קימברלי קלארק,CN,מגן תחתון קוטקס סילק נורמל 60 יח,יחידה,60.00,יחידה,false,1,21.90,0.3650,true,1,7997
7290000188591,false,קוטקס מגן תחתון יאנג ביג 60 יחידות,קימברלי קלארק,CN,מגן תחתון קוטקס סילק יאנג 60 יח,יחידה,60.00,יחידה,false,1,21.90,0.3650,true,1,7999
7290000189079,false,"ניקול תבניות אינגליש חזקות ועבות מארז, 7 יח'",ניקול,CN,תבניות אלומיניום עבה עגולות 25סמ,יחידה,5.00,יחידה,false,1,12.90,2.5800,true,1,12912
7290000189116,false,תבניות עגולות עבות במיוחד 5 יחידות ניקול,ניקול,CN,תבניות אלומיניום עבה אינגליש 28/12.5/6.5,יחידה,6.00,יחידה,false,1,12.90,2.1500,true,1,12913
7290000189192,false,סופר מטלית מטליות נייר רב פעמיות ניקול 64 יחידות,קימברלי קלארק,IL,מטלית ניקול סופר חזקה רב פעמים 64 יח,Unknown,0.00,Unknown,false,1,15.90,0.0000,true,1,4355
7290000189260,false,תבניות מלבניות עבות וחזקות ניקול 5 יחידות,ניקול,CN,תבניות אלומיניום עבה ריבוע 26/32/7,יחידה,5.00,יחידה,false,1,12.90,2.5800,true,1,12910
7290000189277,false,תבניות מלבניות עבות וחזקות ניקול 3 יחידות,ניקול,CN,תבניות אלומיניום עבה גדולות 41/30/5.4,יחידה,3.00,יחידה,false,1,12.90,4.3000,true,1,12911
7290000189482,false,תבניות אפיה מרובעות מקרטון ניקול 4 יחידות,"דוקארט בעמ, קיבוץ כפ",IL,תבנית אפיה ניקול מקרטון מרובעת,Unknown,0.00,Unknown,false,1,13.90,0.0000,true,1,7319
7290000189499,false,תבניות אפיה עגולות מקרטון ניקול 3 יחידות,"דוקארט בעמ, קיבוץ כפ",IL,תבנית אפיה ניקול מקרטון עגולה,Unknown,0.00,Unknown,false,1,13.90,0.0000,true,1,7320
7290000189505,false,ניקול תבנית אפייה מקרטון אינגליש קייק ניקול 5 יחידות,"דוקארט בעמ, קיבוץ כפ",IL,תבנית אפיה ניקול מקרטון אינגליש,Unknown,0.00,Unknown,false,1,13.90,0.0000,true,1,7321
7290000189536,false,שקיות אשפהעם שרוך 65*52 ניקול 40 יחידות,אשפלסט,TR,שקיות אשפה 65/52 ניקול 40 יח,יחידה,40.00,יחידה,false,1,17.90,0.4475,true,1,4542
7290000189550,false,"שקיות אשפה ענקיות עם שרוך 78 * 90 ס""מ ניקול 2 * 10 יחידות",חוגלה קימברלי,IL,זוג שקיות אשפה ניקול גדול מתכלות,יחידה,20.00,יחידה,false,1,20.90,1.0450,true,1,4160
7290000189598,false,מטליות לחות חד פעמיות לניקוי כללי 50 יח' ניקול,עלבד משואות יצחק בעמ,IL,מטליות לחות חד פעמי ניקול 50יח,יחידה,50.00,יחידה,false,1,13.90,0.2780,true,1,6584
7290000189659,false,מטליות לחות לרצפה ניקול 10 יח'-מרכז,עלבד משואות יצחק בעמ,IL,מטליות לחות ניקול לרצפה,יחידה,10.00,יחידה,false,1,13.90,1.3900,true,1,7110
7290000189734,false,מטליות לחות לניקוי פרקט ניקול 10 יחידות,עלבד משואות יצחק בעמ,IL,מטליות לחות ניקול לפרקט,יחידה,10.00,יחידה,false,1,13.90,1.3900,true,1,8146
7290000189871,false,"שקיות אשפה עם שרוך 52 * 65 ס""מ ניקול 55 שקיות",חוגלה קימברלי,IL,שקיות אשפה ניקול מתכלות 55 יח,יחידה,55.00,יחידה,false,12,20.90,0.3800,true,1,6374
7290000190068,false,מפיות נייר ניקול 100 יחידות,חוגלה קימברלי,IL,מפיות ניקול 100 יח,יחידה,100.00,יחידה,false,1,8.90,0.0890,true,1,3148
7290000190198,false,מטליות לחות לניקוי וחיטוי 99.9% ניקול 50 יחידה,עלבד משואות יצחק בעמ,IL,מטליות לחות לניקוי שירותים ואמבט 50יח,יחידה,50.00,יחידה,false,1,13.90,0.2780,true,1,11475
7290000191225,false,חיתולים ליטל בייביז מידה 2 האגיס 46 יחידות,קימברלי קלארק שיווק,IL,חיתולי האגיס ניו בורן שלב 2 44יח,יחידה,44.00,יחידה,false,1,29.90,0.6795,true,1,14174
7290000191450,false,חלה רגילה ברמן 500 ג,מאפית י.את א. ברמן ב,,חלה רגילה ברמן 500 גרם***,גרמים,500.00,100 גרם,false,1,6.26,1.2520,true,1,11
7290000191539,false,חמישיית ממחטות טישו צבועני לילי 100 יחידות,חוגלה קימברלי,IL,מגבוני אף לילי צבעוני 5 יח בניילון,גרמים,5.00,100 גרם,false,1,16.90,338.0000,true,1,2771
7290000191546,false,ממחטות טישו צבעוני 2 שכבות לילי מארז 100X3יח',חוגלה קימברלי,IL,מגבוני לילי צבעוני שלישיה 90 יח בשקית,יחידה,270.00,יחידה,false,1,13.90,0.0515,true,1,915
7290000191645,false,"חיתולים האגיס ליטל בייביס ניו בורן שלב 1 עד 4 ק""ג",קימברלי קלארק ארהב,US,חיתולי האגיס ניו בורן עד 4 קג,יחידה,36.00,יחידה,false,1,29.90,0.8306,true,1,9999
7290000191652,false,שלישיית ממחטות אולטרה סופט קלינקס 90 יחידות,חוגלה קימברלי,IL,מארז 3 מגבוני אף קלינקס קלאסיק 270 יח,יחידה,270.00,יחידה,false,1,12.90,0.0478,true,1,5647
7290000191966,false,נייר טואלט לילי לח נטורל קר 48 דפים,עלבד משואות יצחק בעמ,IL,מגבון נייר טואלט לח נטורל קר 48 יח,יחידה,48.00,יחידה,false,18,8.90,0.1854,true,1,8506
7290000192581,false,מגבת נייר גליל כפול ניקול 12=6 גליל,קימברלי-קלארק,IL,מארז 6יח מגבות נייר כפול למטבח ניקול,יחידה,6.00,יחידה,false,1,20.90,3.4833,true,1,18698
7290000193014,false,מגן תחתון פדיות אינטרלוד לילי 50 יחידות,חוגלה קימברלי,CZ,מגן תחתון אינטרלוד 50 יח,יחידה,50.00,יחידה,false,1,9.90,0.1980,true,1,582
7290000193076,false,"שלישיית מטליות לריצפה ""ניקול""",עופרטקס,IL,מארז 3 יח מטליות לרצפה ניקול,יחידה,3.00,יחידה,false,1,12.90,4.3000,true,1,12490
7290000193083,false,נובה-לי תחבושות היגייניות לילי 28 יחידות,חוגלה קימברלי,CZ,תחבושות נובה לי בודד,Unknown,0.00,Unknown,false,1,9.90,0.0000,true,1,5648
7290000193205,false,תחבושות עם כנפיים ללילה נטורל לילי 20 יחידות,חוגלה קימברלי,BE,תחבושות לילי נטורל אולטרה לילה 24 יח,יחידה,24.00,יחידה,false,1,13.90,0.5792,true,1,1877
7290000193472,false,מגן תחתון נטורל נורמל לילי 60 יחידות,חוגלה קימברלי,ES,מגן תחתון לילי נטורל נורמל 60 יח,יחידה,60.00,יחידה,false,1,13.90,0.2317,true,1,29
7290000193540,false,מגן תחתון לונג נטורל לילי 52 יחידות,חוגלה קימברלי,ES,מגן תחתון לילי אינטימייט לונג,Unknown,0.00,Unknown,false,1,13.90,0.0000,true,1,895
7290000193618,false,לילי אינטימייט מגן תחתון נורמל 24 יח',חוגלה קימברלי,ES,מגן תחתון לילי נטורל לייט 62 יח,יחידה,62.00,יחידה,false,1,13.90,0.2242,true,1,896
7290000193649,false,תחבושות עם כנפיים נורמל פלוס לילי 24 יחידות,חוגלה קימברלי,ES,תחבושות לילי נטורל אולטרה סופר 24 יח,יחידה,24.00,יחידה,false,1,13.90,0.5792,true,1,1467
7290000193656,false,תחבושות עם כנפיים סופר פלוס לילי 24 יחידות,חוגלה קימברלי,ES,תחבושות לילי נטורל אולטרה סופר+ 24 יח,יחידה,24.00,יחידה,false,1,13.90,0.5792,true,1,892
7290000194288,false,משטח החתלה האגיס 10 יחידות,חוגלה קימברלי,BE,משטח החתלה האגיס לתינוק,יחידה,1.00,יחידה,false,1,21.90,21.9000,true,1,945
7290000194837,false,ניקול - שקיות מזון + ידיות קשירה אקסטרה לארג' 200 יח',ניקול,CN,שקיות מזון גדולות עם ידית קשירה 200יח,יחידה,200.00,יחידה,false,1,12.90,0.0645,true,1,12227
7290000195216,false,נייר אפייה בשקית ניקול 50 יחידות,ניקול,IL,נייר אפיה נשלף 50יח ניקול,יחידה,50.00,יחידה,false,1,11.90,0.2380,true,1,33866
7290000195537,false,האגיס - מגבוני האגיס דיילי קר לא מבושם 64 יח' * 4,חוגלה קימברלי,IL,מגבוני האגיס לא מבושם 64יח מארז רביעייה,יחידה,256.00,יחידה,false,1,22.90,0.0895,true,1,3191
7290000195773,false,האגיס - מגבוני האגיס סנסטיב קר לא מבושם 64 יח' * 4,חוגלה קימברלי,IL,מגבוני האגיס נטורל מילוי רביעיה,יחידה,4.00,יחידה,false,1,22.90,5.7250,true,1,3796
7290000196039,false,"מפות שולחן איריס ח""פ ניקול 2 יח'",חוגלה קימברלי,IL,זוג מפות ניקול 2 יח,Unknown,0.00,Unknown,false,1,13.90,0.0000,true,1,869
7290000196343,false,מפת שולחן מהודרת ניקול 1 יחידה,חוגלה קימברלי,IL,מפת ניקול מהודרת לשולחן,Unknown,0.00,Unknown,false,1,15.90,0.0000,true,1,1986
7290000196763,false,"שקיות אשפה חזקות במיוחד עם שרוך 52 * 65 ס""מ ניקול 40 יחידות",חוגלה קימברלי,IL,שקיות אשפה ניקול חזקות 40 יח,יחידה,40.00,יחידה,false,1,17.90,0.4475,true,1,8387
7290000197012,false,שקיות ריצ'רץ' אחסון למזון ניקול 15 יחידות,חוגלה קימברלי,CN,שקיות ניקול ריץ רץ 19/18 לאיחסון מזון,Unknown,0.00,Unknown,false,1,16.90,0.0000,true,1,603
7290000197029,false,שקיות ריצ'רץ' רב תכליתיות ניקול 12 יחידות,קריות זול,IL,שקיות ניקול ריץ רץ 29/28 לאיחסון מזון,Unknown,0.00,Unknown,false,1,16.90,0.0000,true,1,604
7290000197081,false,ניקול ניילון נצמד 150 מטר+מתקן לחיתוך קל,חוגלה קימברלי,IL,ניילון נצמד 150 מטר חסכוני ניקול,מטרים,150.00,מטר,false,1,27.90,0.1860,true,1,3586
7290000197326,false,רדיד אלומניום ניקול זוגי 30X7.5מ',חוגלה קימברלי,IL,זוג רדיד אלומיניום קצר 30/7.5 ניקול,מטרים,15.00,מטר,false,1,13.90,0.9267,true,1,272
7290000197340,false,רדיד אלומניום ניקול זוגי 45X7.5מ',חוגלה קימברלי,IL,זוג רדיד אלומיניום ארוך 45/7.5 ניקול,מטרים,15.00,מטר,false,1,19.90,1.3267,true,1,1296
7290000197425,false,חיתולים פרידום דריי שלב 3 האגיס 52 יחידות,קימברלי קלארק ישראל,IL,חיתולי האגיס פרידום דריי שלב 3 52יח,יחידה,52.00,יחידה,false,1,42.90,0.8250,true,1,13893
7290000197432,false,שקיות אוכל סנדביצ'ון ניקול מארז 150X2יח',אשלפסט תעשיות בעמ,IL,זוג שקיות אוכל סנדביצון 150 יח ניקול,יחידה,300.00,יחידה,false,1,16.90,0.0563,true,1,689
7290000197456,false,חיתולים פרידום דריי שלב 4 האגיס 44 יחידות,קימברלי קלארק ישראל,IL,חיתולי האגיס פרידום דריי שלב 4 44יח,יחידה,44.00,יחידה,false,1,42.90,0.9750,true,1,1732
7290000197463,false,חיתולים פרידום דריי שלב +4 האגיס 40 יחידות,קימברלי קלארק ישראל,IL,חיתולי האגיס פרידום דריי שלב 4+ 42יח,יחידה,42.00,יחידה,false,1,42.90,1.0214,true,1,13894
7290000197470,false,שקיות רב שימושיות מתכלות ניקול 250 יחידות,אשלפסט תעשיות בעמ,IL,"זוג שקיות רב""ש + 50 יח חינם ניקול",Unknown,0.00,Unknown,false,1,16.90,0.0000,true,1,669
7290000197548,false,חיתולים פרידום דריי שלב 5 האגיס 36 יחידות,קימברלי קלארק ישראל,IL,חיתולי האגיס פרידום דריי שלב 5 38יח,יחידה,38.00,יחידה,false,1,42.90,1.1289,true,1,13895
7290000197654,false,ניקול אשפתון שקיות אשפה ענקיות 45 יח',"אשפלסט תעשיות בע""מ",IL,שקיות אשפה ענקיות ניקול 45יח 78/90,יחידה,45.00,יחידה,false,16,20.90,0.4644,true,1,2317
7290000197678,false,חיתולי האגיס פרידום דריי שלב 6 30 יחידות,קימברלי קלארק ישראל,IL,חיתולי האגיס פרידום דריי שלב 6 34יח,יחידה,34.00,יחידה,false,1,42.90,1.2618,true,1,13896
7290000197753,false,ניילון נצמד אנטי בטקריאלי ניקול 30X2מ',חוגלה קימברלי,CN,ניילון נצמד אנטיבקטריאלי זוג ניקול,Unknown,0.00,Unknown,false,1,13.90,0.0000,true,1,2287
7290000197876,false,תבניות אלומיניום קטנות עם מכסה ניקול 4 יחידות,חוגלה קימברלי,CN,מגשית אלומיניום 26 כסופה 4 יח ניקול,יחידה,4.00,יחידה,false,1,10.90,2.7250,true,1,3036
7290000197883,false,תבנית אלומיניום 100 גדולה ניקול 4 יחידות,חוגלה קימברלי,CN,מגשית אלומיניום 100 כסופה 4 יח ניקול,יחידה,4.00,יחידה,false,1,10.90,2.7250,true,1,3037
7290000197951,false,תבניות אלומיניום ענקיות ניקול 3 יחידות,חוגלה קימברלי,CN,מגשית אלומיניום 200 כסופה 2 יח ניקול,יחידה,2.00,יחידה,false,1,10.90,5.4500,true,1,3035
7290000197982,false,רדיד אלומיניום עבה 45 ניקול 7.5 מ' זוגי,ניקול,IL,זוג רדיד אלומיניום עבה 7.5*45 ניקול,מטרים,15.00,מטר,false,1,24.90,1.6600,true,1,2285
7290000197999,false,רדיד אלומיניום עבה ניקול זוגי 30X7.5מ',קריות זול,IL,זוג רדיד אלומיניום 7.5*30 ניקול,מטרים,15.00,מטר,false,1,16.90,1.1267,true,1,2286
7290000199313,false,קוטקס יאנג תחבושות עם כנפיים נורמל חדש30,חוגלה קימברלי,CZ,תחבושות קוטקס יאנג 28 יח,יחידה,28.00,יחידה,false,1,19.90,0.7107,true,1,5443
7290000201818,false,טיטולים פרימיום שלב 2 64 יחידות,חוגלה קימברלי,IL,טיטולים פרימיום שלב 2 64 יח,יחידה,64.00,יחידה,false,1,29.90,0.4672,true,1,13315
7290000201856,false,טיטולים פרימיום שלב4+ 38 יחידות .,חוגלה קימברלי,IL,טיטולים פרימיום שלב 4+ 40יח,יחידה,40.00,יחידה,false,1,29.90,0.7475,true,1,13318
7290000204086,false,ניקול כרית קרצוף מארז שלישייה,חוגלה קימברלי,US,סקוטש לכלים ארוך 2+1 רגיל ניקול,יחידה,3.00,יחידה,false,1,13.90,4.6333,true,1,515
7290000204147,false,רביעיית כרית יפנית עבה ניקול 4 יחידות,פלסטו פוליש (ברקן),IL,כרית יפנית 2ב1 רביעיה ניקול,יחידה,4.00,יחידה,false,1,13.90,3.4750,true,1,4611
7290000204215,false,שישיית כרית יפנית ניקול 6 יחידות,פלסטו פוליש (ברקן),IL,שישיית כריות יפנית ניקול,יחידה,6.00,יחידה,false,1,13.90,2.3167,true,1,1016
7290000204239,false,ניקול מטליות ריצפה רביעיה,חוגלה קימברלי,IL,מטליות רצפה ניקול רביעיה,Unknown,0.00,Unknown,false,1,13.90,0.0000,true,1,1003
7290000204253,false,מטליות רב שימושיות לניקיון ניקול 9 יחידות,נועם אורים-קיבוץ אור,IL,מטלית רב שימושית ניקול 9 יח,יחידה,9.00,יחידה,false,1,13.90,1.5444,true,1,1002
7290000204512,false,מטליות לחות לניקוי רצפה בריח לימון ניקול 10 יחידות,עלבד משואות יצחק בעמ,IL,מטליות לחות ניקול לרצפה לימון,יחידה,10.00,יחידה,false,1,13.90,1.3900,true,1,17899
7290000204611,false,שישיית ספוגית הקסם ניקול 6 יחידות,חוגלה קימברלי,US,ספוגית הקסם 6 יח ניקול,יחידה,6.00,יחידה,false,1,13.90,2.3167,true,1,3034
7290000205762,false,חיתולי האגיס אקסטרה קר מידה 3 48 יחידות,חוגלה קימברלי,IL,חיתולי האגיס אקסטרה קייר מידה 3 48יח,יחידה,48.00,יחידה,false,1,49.90,1.0396,true,1,14890
7290000205915,false,חיתולי האגיס אקסטרה קייר מידה 4 40 יחידות,חוגלה קימברלי,IL,חיתולי האגיס אקסטרה קייר מידה 4 40יח,יחידה,40.00,יחידה,false,1,49.90,1.2475,true,1,14891
7290000207063,false,רסק עגבניות פריכוז 28% 240 גרם יכין,היינץ צפון אמריקה מק,IL,רסק עגבניות 28% פריכוז 260 גר,גרמים,240.00,100 גרם,false,1,4.90,2.0417,true,1,5958
7290000207162,false,רוטב עגבניות מרכיב טבעי 100 ג' יכין,"זנלכל בע""\מ",IL,רוטב עגבניות 22% יכין 100 ג,גרמים,100.00,100 גרם,false,1,2.50,2.5000,true,1,4192
7290000207438,false,עגבניות 2.5 A קוביות 850 גרם יכין,"זנלכל בע""\מ",IL,עגבניות קוביות במיץ 800 גר יכין,גרמים,800.00,100 גרם,false,1,9.90,1.2375,true,1,5765
7290000208022,false,עגבניות מרוסקות פריכוז 800 ג' יכין,"זנלכל בע""\מ",IL,עגבניות מרוסקות 800 ג יכין,גרמים,800.00,100 גרם,false,1,9.90,1.2375,true,1,534
7290000208077,false,אפונת גינה רגילה 550 גרם יכין,"זנלכל בע""\מ",IL,אפונה יכין 550 גרם,גרמים,550.00,100 גרם,false,1,8.50,1.5455,true,1,1346
7290000208091,false,אפונה קטנה עדינה יכין 550 גרם,"זנלכל בע""\מ",IL,אפונה עדינה א/2 יכין,גרמים,560.00,100 גרם,false,1,9.90,1.7679,true,1,1349
7290000208114,false,"אפונה וגזר יכין A2 פ""ק בית יוסף","זנלכל בע""\מ",IL,אפונה וגזר א/2 יכין,גרמים,550.00,100 גרם,false,1,8.50,1.5455,true,1,1348
7290000208138,false,סירופ דיאט בטעם ענבים יכין 1 ליטר,"זנלכל בע""\מ",IL,סירופ דיאט ענבים יכין 1 לי,ליטרים,1.00,ליטר,false,1,16.90,16.9000,true,1,4756
7290000208145,false,גרעיני תירס מתוק לייט 550 גרם יכין,"זנלכל בע""\מ",IL,תירס גרעינים לייט יכין 550 גרם,גרמים,550.00,100 גרם,false,1,9.90,1.8000,true,1,1483
7290000208176,false,"תפוח אדמה יכין A2 פ""מ בית יוסף","זנלכל בע""מ",IL,תפוח אדמה יכין 550 גר,גרמים,550.00,100 גרם,false,1,9.90,1.8000,true,1,1984
7290000208213,false,שעועית לבנה אפויה A2 ברוטב עגבניות יכין 560ג',היינץ צפון אמריקה מק,IL,שעועית אפויה ברוטב א/2 יכין,גרמים,550.00,100 גרם,false,1,8.90,1.6182,true,1,63
7290000208220,false,"שעועית צ'לי יכין פ""ק A2 בית יוסף",היינץ צפון אמריקה מק,IL,שעועית אפויה ברוטב צילי א/2 יכין,גרמים,550.00,100 גרם,false,1,9.90,1.8000,true,1,298
7290000208251,false,שעועית ירוקה חתוכה יכין 550 גרם,"זנלכל בע""מ",IL,שעועית ירוקה א/2 יכין,גרמים,550.00,100 גרם,false,1,9.90,1.8000,true,1,67
7290000208268,false,שעועית צהובה א-2. יכין 550 ג',קריות זול,IL,שעועית צהובה א/2 יכין,גרמים,550.00,100 גרם,false,1,9.90,1.8000,true,1,72
7290000208312,false,גרעיני תירס מתוק בואקום יכין 400 גר',"זנלכל בע""\מ",IL,תירס גרעינים ואקום 340 גר יכין,גרמים,400.00,100 גרם,false,1,6.90,1.7250,true,1,1479
7290000208329,false,גרעיני תירס מתוק 550 גרם יכין,"זנלכל בע""\מ",IL,תירס גרעינים מתוק יכין 550 גרם,גרמים,550.00,100 גרם,false,1,8.90,1.6182,true,1,1477
7290000208336,false,רסק יכין 240גר 22% יכין בית יוסף,"זנלכל בע""\מ",IL,רוטב עגבניות 22% יכין 260 גרם,גרמים,240.00,100 גרם,false,1,3.90,1.6250,true,1,4242
7290000208343,false,עגבניות מרוסקות שום יכין A2.5 בית יוסף,היינץ צפון אמריקה מק,IL,עגבניות מרוסקות שום 800 ג יכין,גרמים,800.00,100 גרם,false,1,9.90,1.2375,true,1,7535
7290000208350,false,עגבניות מרוסקות בצל 850 גר יכין A 2.5,זנלכל,IL,עגבניות מרוסקות בצל 800 ג יכין,גרמים,800.00,100 גרם,false,1,9.90,1.2375,true,1,4754
7290000208367,false,עגבניות מרוסקות בתוספת בזיליקום 800 ג' יכין,זנלכל,IL,עגבניות מרוסקות בזיליקום 800 ג יכין,גרמים,800.00,100 גרם,false,1,9.90,1.2375,true,1,4755
7290000208404,false,A2 פול מצרי 550 גרם יכין,"זנלכל בע""\מ",IL,פול מצרי א/2 יכין,גרמים,550.00,100 גרם,false,1,8.90,1.6182,true,1,405
7290000208428,false,גרגרי חומוס שלם 550 גרם יכין,"זנלכל בע""\מ",IL,חומוס גרעינים א/2 יכין,גרמים,550.00,100 גרם,false,1,8.90,1.6182,true,1,1048
7290000208459,false,"לקט אפונה, תפוחי אדמה וגזר יכין 550 גרם","זנלכל בע""\מ",IL,לקט ירקות יכין 550 גרם,גרמים,550.00,100 גרם,false,1,9.90,1.8000,true,1,901
7290000208800,false,גרעיני תירס מתוק לילדים 400 גרם יכין,זנלכל,IL,תירס ואקום קיד 340 גר יכין,גרמים,400.00,100 גרם,false,1,6.90,1.7250,true,1,7537
7290000208855,false,רוטב לפסטה קלאסי 240 גרם יכין,"זנלכל בע""\מ",IL,רוטב פסטה יכין 260 גר,גרמים,240.00,100 גרם,false,1,5.50,2.2917,true,1,7544
7290000208893,false,גרעיני תירס מתוק לייט 400 גרם יכין,היינץ צפון אמריקה מק,IL,תירס גרעינים ואקום לייט 340 גר יכין,גרמים,400.00,100 גרם,false,1,6.90,1.7250,true,1,7538
7290000208930,false,עגבניות מרוסקות בתוספת שום 240 גרם יכין,"זנלכל בע""מ",IL,עגבניות מרוסקות עם שום 260 גר,גרמים,240.00,100 גרם,false,1,5.50,2.2917,true,1,7541
7290000208947,false,עגבניות מרוסקות יכין 260 גרם,היינץ צפון אמריקה מק,IL,עגבניות מרוסקות 260 גר,גרמים,240.00,100 גרם,false,1,5.50,2.2917,true,1,7539
7290000209012,false,חומץ 1ליטר יכין הדרים,"זנלכל בע""\מ",IL,חומץ 5% יכין 1 ליטר,ליטרים,1.00,ליטר,false,1,5.90,5.9000,true,1,1052
7290000209043,false,מיץ לימון לתיבול יכין 1 ליטר,היינץ צפון אמריקה מק,IL,רוטב לימון יכין 1 ליטר,ליטרים,1.00,ליטר,false,1,5.90,5.9000,true,1,897
7290000209173,false,חומצה אצטית למזון 5% יכין 1 ליטר,"זנלכל בע""\מ",IL,חומץ אצטית 5% יכין 1 ליטר,ליטרים,1.00,ליטר,false,1,4.90,4.9000,true,1,1054
7290000209371,false,תירס מתוק יכין 200 גרם מארז 3 יח',היינץ צפון אמריקה מק,IL,תירס גרעינים שלישייה 165 גרם,גרמים,495.00,100 גרם,false,1,14.90,3.0101,true,1,13176
7290000209388,false,תירס מתוק לייט יכין 200 גרם מארז 3 יח',"זנלכל בע""\מ",IL,תירס גרעינים לייט שלישייה 165 גרם,גרמים,495.00,100 גרם,false,1,14.90,3.0101,true,1,13177
7290000209517,false,סירופ דיאט בטעם לימון יכין 1 ליטר,היינץ צפון אמריקה מק,IL,סירופ דיאט לימון יכין 1 לי,ליטרים,1.00,ליטר,false,1,16.90,16.9000,true,1,644
7290000209524,false,סירופ דיאט בטעם פטל יכין 1 ליטר,"זנלכל בע""\מ",IL,סירופ דיאט פטל יכין 1 לי,ליטרים,1.00,ליטר,false,1,16.90,16.9000,true,1,646
7290000209531,false,סירופ דיאט בטעם אשכוליות יכין 1 ליטר,"זנלכל בע""\מ",IL,סירופ דיאט אשכליות יכין 1 לי,ליטרים,1.00,ליטר,false,1,16.90,16.9000,true,1,643
7290000209555,false,סירופ דיאט בטעם תפוחים יכין 1 ליטר,"זנלכל בע""\מ",IL,סירופ דיאט תפוחי עץ יכין 1 לי,ליטרים,1.00,ליטר,false,1,16.90,16.9000,true,1,648
7290000209579,false,סירופ דיאט בטעם אננס יכין 1 ליטר,"זנלכל בע""\מ",IL,סירופ דיאט אננס יכין 1 לי,ליטרים,1.00,ליטר,false,1,16.90,16.9000,true,1,642
7290000209708,false,עגבניות מרוסקות עם בזיליקום יכין 240 גרם,היינץ צפון אמריקה מק,IL,עגבניות מרוסקות עם בזיליקום 260 גר,גרמים,240.00,100 גרם,false,1,5.50,2.2917,true,1,7542
7290000209722,false,רסק עגבניות 28% פריכוז 580 גרם יכין,"זנלכל בע""\מ",IL,פריכוז 28%/30% יכין 580 גרם,גרמים,580.00,100 גרם,false,1,10.90,1.8793,true,1,123
7290000209906,false,עגבניות מרוסקות בתוספת בצל 240 גרם יכין,זנלכל,IL,עגבניות מרוסקות עם בצל 260 גר,גרמים,240.00,100 גרם,false,1,5.50,2.2917,true,1,7543
7290000209913,false,עגבניות חתוכות לקוביות 240 גרם יכין,"זנלכל בע""\מ",IL,עגבניות קוביות יכין 260 גר,גרמים,240.00,100 גרם,false,1,5.50,2.2917,true,1,7540
7290000209944,false,רוטב לעגבניות בסיס לשקשוקה 240 ג' יכין,"זנלכל בע""\מ",IL,בסיס לשקשוקה יכין 260 גר,גרמים,240.00,100 גרם,false,1,5.50,2.2917,true,1,7545
7290000209951,false,רוטב עגבניות לפיצה 260 גרם יכין,"זנלכל בע""\מ",IL,רוטב לפיצה כין 260 גר,גרמים,240.00,100 גרם,false,1,5.50,2.2917,true,1,7547
7290000209968,false,רוטב עגבניות ללזניה יכין 240 גרם,"זנלכל בע""\מ",IL,רוטב ללזניה כין 260 גר,גרמים,240.00,100 גרם,false,1,5.50,2.2917,true,1,7546
7290000210469,false,עגבניות שלמות יכין A2.5 בית יוסף,זנלכל,IL,עגבניות מקולפות שלמות 800 ג יכין,גרמים,800.00,100 גרם,false,1,9.90,1.2375,true,1,7536
7290000210896,false,רוטב לפסטה בולונז 240 גרם יכין,"זנלכל בע""מ",IL,רוטב פסטה בולונז יכין 260 גר,גרמים,240.00,100 גרם,false,1,5.50,2.2917,true,1,7584
7290000211169,false,"אורז תאילנדי אחד אחד סוגת 1 ק""ג",האי נאם סי או אל.טי.,IL,אורז תאילנדי סוגת 1 קג,קילוגרמים,1.00,"ק""ג",false,1,6.90,6.9000,true,1,2360
7290000211312,false,סוגת אורז מלא פרסי אחד אחד 1 קג,האי נאם סי או אל.טי.,IL,אורז מלא ארוך 1 קג סוגת,קילוגרמים,1.00,"ק""ג",false,1,9.90,9.9000,true,1,1315
7290000211374,false,"קמח חיטה מלא סוגת 1 ק""ג",טחנת קמח דגן-שטיבל,IL,קמח מלא 1 קג סוגת,קילוגרמים,1.00,"ק""ג",false,1,6.90,6.9000,true,1,190
7290000211381,false,"סוכר חום כהה בשקית סוגת 1 ק""ג","טונגט היולט שוגר בע""",ZA,סוכר חום בקרטון 1 קג סוגת,קילוגרמים,1.00,"ק""ג",false,1,14.90,14.9000,true,1,612
7290000211442,false,"סוגת אורז פרסי קלאסי שקית 1 ק""ג",האי נאם סי או אל.טי.,IL,אורז פרסי סוגת 1 קג,קילוגרמים,1.00,"ק""ג",false,1,10.90,10.9000,true,1,1313
7290000211503,false,סוכר לבן ארוז בשקית,"סוגת תעשיות בע""\מ",IL,סוכר 1 קג סוגת,קילוגרמים,1.00,"ק""ג",false,1,4.90,4.9000,true,1,609
7290000211626,false,"סוגת אורז חיש 1 ק""ג","סוגת תעשיות בע""\מ",IL,אורז חיש סוגת 1 קג,קילוגרמים,1.00,"ק""ג",false,1,10.90,10.9000,true,1,2359
7290000238029,false,"בצק עלים צרפתי מרודד מעדנות 1 ק""ג",מיוצר עי קונדיטוריית,IL,בצק עלים מרודד 1 קג,גרמים,1000.00,100 גרם,false,1,22.90,2.2900,true,1,1223
7290000238036,false,מלאווח בקופסא מעדנות 700 גרם,מיוצר עי קונדיטוריית,IL,מלווח עגול 700 גרם,גרמים,700.00,100 גרם,false,1,17.90,2.5571,true,1,811
7290000238173,false,בורקס גבינה מעדנות 800 גרם,מיוצר עי קונדיטוריית,IL,בורקס גבינה 800 גרם,גרמים,800.00,100 גרם,false,1,22.90,2.8625,true,1,1392
7290000238180,false,בורקס תפוחי אדמה מעדנות 800 גרם,מיוצר עי קונדיטוריית,IL,בורקס תפוח אדמה 800 גרם,גרמים,800.00,100 גרם,false,1,22.90,2.8625,true,1,1397
7290000244051,false,"הוואי שלישיית סבון נוזלי משב טרופי 500 מ""ל",טרופיקל דגיל,IL,סבון נוזלי הוואי שלישיה אדום,ליטרים,1.50,ליטר,false,1,15.90,10.6000,true,1,3818
7290000244082,false,"הוואי שלישיית סבון נוזלי שמיים כחולים 500 מ""ל",טרופיקל דגיל,IL,סבון נוזלי הוואי שלישיה סגול,ליטרים,1.50,ליטר,false,1,15.90,10.6000,true,1,3817
7290000244143,false,"הוואי - קרם לאחר גילוח 120 מ""ל",טרופיקל דגיל קוסמטיק,IL,קרם לאחר גילוח הוואי 120 מל,מיליליטרים,120.00,"100 מ""ל",false,1,15.90,13.2500,true,1,2352
7290000245072,false,סוד מרכך כביסה בייבי סנסטיב 4 ליטר,"הנקל סוד בע""\מ",IL,מרכך כביסה סוד סופט 4 ל בייבי,ליטרים,4.00,ליטר,false,1,18.90,4.7250,true,1,2989
7290000245089,false,סוד סופט מרכך כביסה סגול 4 ליטר,"הנקל סוד בע""מ",IL,מרכך כביסה סוד סופט 4 ל לבן,ליטרים,4.00,ליטר,false,1,18.90,4.7250,true,1,619
7290000245157,false,סוד סופט מרכך כביסה סנסיישן 4 ליטר,"הנקל סוד בע""\מ",IL,מרכך כביסה סוד סופט 4 ל סנסיישין,ליטרים,4.00,ליטר,false,1,18.90,4.7250,true,1,3165
7290000245270,false,"פרסיל אבקה לכביסה רגיל שקית 1.25 ק""ג","הנקל סוד בע""מ",IL,פרסיל סופרה ירוק 1.25 קג,קילוגרמים,1.25,"ק""ג",false,1,15.90,12.7200,true,1,2730
7290000245287,false,"פרסיל אבקת כביסה 1.250 ק""ג קולור ויניגר","הנקל סוד בע""מ",IL,א.כביסה פרסיל קולור 1.25 קג בשקית,קילוגרמים,1.25,"ק""ג",false,1,15.90,12.7200,true,1,2731
7290000245294,false,"פרסיל אבקה לכביסה לבנה רגיל 2.5 ק""ג","הנקל סוד בע""\מ",IL,א.כביסה פרסיל סופרא 2.5 קג שקית,קילוגרמים,2.50,"ק""ג",false,1,19.90,7.9600,true,1,4786
7290000245782,false,סוד סופט מרכך כביסה ורוד 4 ליטר,"הנקל סוד בע""\מ",IL,מרכך כביסה סוד סופט 4 ל ורוד,ליטרים,4.00,ליטר,false,1,18.90,4.7250,true,1,617
7290000245799,false,סוד סופט מרכך כביסה כחול 4 ליטר,"הנקל סוד בע""\מ",IL,מרכך כביסה סוד סופט 4 ל תכלת,ליטרים,4.00,ליטר,false,1,18.90,4.7250,true,1,618
7290000253220,false,שוקולד צ'יפס חום אופנהיימר 260 גר',אופנהיימר,IL,שוקולד ציפס לאפיה 260 גר אופנהיימר,גרמים,260.00,100 גרם,false,1,11.90,4.5769,true,1,166
7290000253251,false,שוקולד צ'יפס לבן אופנהיימר 250 גרם,אופנהיימר,IL,שוקולד ציפס לבן לאפיה 250 גר אופנהיימר,גרמים,250.00,100 גרם,false,1,11.90,4.7600,true,1,2713
7290000253374,false,מיני שוקולד צ'יפס 250 גרם- 66% מוצקי קקאו,אופנהיימר,IL,שוקולד ציפס לאפיה66%מוצקי קקאו 250 גרם,גרמים,250.00,100 גרם,false,20,14.90,5.9600,true,1,39646
7290000253411,false,סוכריות קישוט צבעוני 90 גר,אחים מזרחי,IL,סוכריות לקישות צבעוני 80 גרם,Unknown,0.00,Unknown,false,12,4.90,0.0000,true,1,29469
7290000253459,false,נטיפי צ'יפס בטעם קרמל אופנהיימר 250 גרם,אופנהיימר,IL,נטיפי ציפס טעם קרמל אופנהיימר 250 גרם,גרמים,300.00,100 גרם,false,1,12.90,4.3000,true,1,35168
7290000253572,false,סוכריות קישוט לעוגה,אופנהיימר,IL,סוכריות לקישות חום 80 גרם,Unknown,0.00,Unknown,false,12,4.90,0.0000,true,1,29468
7290000253800,false,סוכריות לקישוט צבעוניות 90 גרם - צבעים טבעיים,אופנהיימר,IL,סוכריות לקישות צבעים טבעיים 90 גרם,Unknown,0.00,Unknown,false,12,8.50,0.0000,true,1,29470
7290000262161,false,נייר טואלט לב אדום 40 גלילים מולט,מולט / שמורת טבע,IL,נייר טואלט מולט לב אדום 40 יח חורף,יחידה,40.00,יחידה,false,1,37.90,0.9475,true,1,4131
7290000262239,false,נייר טואלט מולט 48גלילים,קימברלי-קלארק,IL,נייר טואלט מולט לב אדום 48 יח,יחידה,48.00,יחידה,false,1,42.90,0.8937,true,1,4171
7290000262413,false,חיתולי האגיס אקסטרה קייר מידה 5 34 יחידות,חוגלה קימברלי,IL,חיתולי האגיס אקסטרה קייר מידה 5 34יח,יחידה,34.00,יחידה,false,1,49.90,1.4676,true,1,14892
7290000263359,false,חיתולים ליטל בייביז מידה 1 האגיס 40 יחידות,קימברלי קלארק שיווק,IL,חיתולי האגיס ליטל בייביס מידה 1 עד 6קג,יחידה,40.00,יחידה,false,1,29.90,0.7475,true,1,7636
7290000264752,false,רדיד אלומיניום זוג עם הטבעה ניקול,חוגלה קימברלי,IL,רדיד אלומיניום בעיצוב מיוחד 7.5מטר,מטרים,7.50,מטר,false,1,14.90,1.9867,true,1,14009
7290000267012,false,שקד מולבן שלם השף 100 גרם,"דין שיווק וקלייה בע""",IL,שקד מולבן שלם 100 גרם,גרמים,100.00,100 גרם,false,1,11.90,11.9000,true,1,82
7290000267029,false,שקדים מולבנים חצויים השף 100 גרם,"דין שיווק וקלייה בע""",IL,שקד מולבן חצוי 100 גרם,גרמים,100.00,100 גרם,false,1,11.90,11.9000,true,1,79
7290000267036,false,שקדים מולבנים משובבים השף 100 גרם,"דין שיווק וקלייה בע""",IL,שקד מולבן משובב 100 גרם,גרמים,100.00,100 גרם,false,1,11.90,11.9000,true,1,80
7290000267043,false,שקדים מולבנים פרוסים השף 100 גרם,"דין שיווק וקלייה בע""",IL,שקד מולבן פרוס 100 גרם,גרמים,100.00,100 גרם,false,1,11.90,11.9000,true,1,81
7290000267050,false,שקדים טבעיים טחונים השף 100 גרם,"דין שיווק וקלייה בע""",IL,שקד טבעי טחון 100 גרם,גרמים,100.00,100 גרם,false,1,11.90,11.9000,true,1,77
7290000267104,false,שקד מולבן גרוס/מרוסק 100 גרם,"דין שיווק וקלייה בע""",IL,שקד טבעי גרוס 100 גרם,גרמים,100.00,100 גרם,false,1,11.90,11.9000,true,1,78
7290000267548,false,אגוזי מלך טחונים השף 100 גרם,"דין שיווק וקלייה בע""",IL,אגוז מלך טחון 100 גר,גרמים,100.00,100 גרם,false,1,10.90,10.9000,true,1,5439
7290000267555,false,בוטנים גרוסים 100ג'שקדיה,"דין שיווק וקלייה בע""",IL,בוטן טחון 100 גר,גרמים,100.00,100 גרם,false,1,5.30,5.3000,true,1,5440
7290000267586,false,גרעייני חמניה קלופים 150 גר,"דין שיווק וקלייה בע""",IL,גרעיני חמניה מקולפים 150 גר,גרמים,150.00,100 גרם,false,1,5.90,3.9333,true,1,5442
7290000267678,false,גרעיני דלעת טבעי קלוף שקדיה 150 ג',"דין שיווק וקלייה בע""",IL,גרעיני דלעת מקולפים 150 גר,גרמים,150.00,100 גרם,false,1,8.90,5.9333,true,1,5441
7290000272443,false,סירופ דיאט בטעם תפוזים עסיס 1 ליטר,בית-השיטה עסיס תעשיות מז,IL,סירופ דיאט תפוז 1 ל צבעים טבעיים,ליטרים,1.00,ליטר,false,1,17.90,17.9000,true,1,659
7290000272467,false,עסיס פטל דיאט סירופ 1 ליטר,בית-השיטה עסיס תעשיות מז,IL,סירופ דיאט פטל 1 ל צבעים טבעיים,ליטרים,1.00,ליטר,false,1,17.90,17.9000,true,1,657
7290000272696,false,עסיס מיץ לימון טבעי משומר 1 ל' אסם,בית-השיטה עסיס תעשיות מז,IL,עסיס מיץ לימון משומר 1 ליטר,ליטרים,1.00,ליטר,false,1,10.90,10.9000,true,1,574
7290000272726,false,חומץ רכיבים רכיבים טבעיים 5% עסיס 1 ליטר,בית-השיטה עסיס תעשיות מז,IL,חומץ טבעי 5% עסיס 1 לי,ליטרים,1.00,ליטר,false,1,6.90,6.9000,true,1,573
7290000274058,false,מקלות חמאה,,,מקלות חמאה,קילוגרמים,1.00,"ק""ג",true,,36.90,36.9000,true,1,1865
7290000286228,false,ספוגיות לניקוי כללי סנו סושי 6 יחידות,סנו מפעלי ברונו בעמ,IL,כרית לניקוי סנו סושי 6 יח,יחידה,6.00,יחידה,false,1,12.90,2.1500,true,1,485
7290000286297,false,"אנטי קאלק מסיר אבנית מקומקום סנו 700 מ""ל",סנו מפעלי ברונוס בעמ,IL,מסיר אבן מקומקום סנו אנטיקאלק 700 מל,מיליליטרים,700.00,"100 מ""ל",false,1,9.90,1.4143,true,1,703
7290000286471,false,סנו מדיק ג'ל לניקוי ידיים דמויות סיליקון,nantong health & bey,CN,גל לניקוי ידיים דמויות סיליקון לתלייה30ג,יחידה,1.00,יחידה,false,10,9.90,9.9000,true,1,29996
7290000286549,false,מטליות לניקוי כללי סנו סושי 9 יחידות,נועם אורים תעשיות בע,IL,מטלית לכל סנו סושי 9 יח,Unknown,0.00,Unknown,false,1,12.90,0.0000,true,1,1005
7290000286594,false,אבקה לניקוי במיכל לימון X סנו 600 גרם,סנו מפעלי ברונוס בעמ,IL,סנו איקס לימון במיכל,יחידה,600.00,יחידה,false,1,9.90,0.0165,true,1,2500
7290000286631,false,"סנו אבקה לניקוי ומירוק בריח לימון 600 מ""ל",קריות זול,IL,סנו איקס לימון מילוי,גרמים,600.00,100 גרם,false,1,7.90,1.3167,true,1,2501
7290000286761,false,ניילון נצמד סנו סושי פלסטיק מארז 30X2 מ',מיוצר עי קונדיטוריית,CN,זוג ניילון נצמד סנו סושי 30/7.5 סמ,יחידה,2.00,יחידה,false,1,12.90,6.4500,true,1,451
7290000286877,false,"רב מתכת מנקה מתכות סנו 300 מ""ל",סנו,IL,סנו רב מתכת,מיליליטרים,370.00,"100 מ""ל",false,1,25.90,7.0000,true,1,487
7290000286891,false,"נוזל ריצפה מגן קריסטל 1 ליטר ""סנו""","סנו מפעלי ברונוס בע""",IL,נוזל ריצפה מגן קריסטל 1 ל סנו,ליטרים,1.00,ליטר,false,1,22.90,22.9000,true,1,702
7290000286921,false,"ספריי להסרת כתמים סנו קל 750 מ""ל",סנו מפעלי ברונוס בעמ,IL,סנוקל רסס כבס 750 מל,מיליליטרים,750.00,"100 מ""ל",false,1,14.90,1.9867,true,1,2179
7290000286945,false,"נוזל+אקדח לניקוי רהיט ""סנו""","סנו מפעלי ברונוס בע""\מ",IL,סנו רהיט נוזל+אקדח,מיליליטרים,500.00,"100 מ""ל",false,1,26.90,5.3800,true,1,488
7290000287102,false,"ספריי שמפו לניקוי שטיחים סנו 600 מ""ל",מיוצר עי קונדיטוריית,IL,שמפו לניקוי שטיחים סנו 540 מל,מיליליטרים,540.00,"100 מ""ל",false,1,19.90,3.6852,true,1,490
7290000287195,false,"סנו רהיט ספריי עשיר בווקס להברקה 305 מ""ל",מיוצר עי קונדיטוריית,IL,ספריי לניקוי רהיטים סנו רהיט 230 גר,מיליליטרים,230.00,"100 מ""ל",false,1,14.90,6.4783,true,1,489
7290000287355,false,פוליש נוזל מבריק רצפות סנו 1 ליטר,קריות זול,IL,סנו סופר פוליש 1 ליטר,ליטרים,1.00,ליטר,false,1,21.90,21.9000,true,1,483
7290000287409,false,"שלישיית סנובון תות לאסלה ""סנו""",סנו מפעלי ברונוס בעמ,IL,סבון אסלה סנובון שלישיה תות,יחידה,3.00,יחידה,false,1,11.90,3.9667,true,1,494
7290000287430,false,סנובון צבעוני לאסלה בריח לימון שלישייה,סנו מפעלי ברונו בעמ,IL,סבון אסלה סנובון שלישיה לימון,יחידה,3.00,יחידה,false,1,11.90,3.9667,true,1,4011
7290000287485,false,סנובון סבון אסלה בריח לובר סנו 3 יחידות,סנו מפעלי ברונו בעמ,IL,סבון אסלה סנובון שלישיה לובר,גרמים,165.00,100 גרם,false,1,11.90,7.2121,true,1,4012
7290000287492,false,"סנובון נוזל לניקוי אסלות בריח לימון סנו 750 מ""ל","סנו מפעלי ברונוס בע""מ",IL,סנובון נוזלי לימון 750 מל,מיליליטרים,750.00,"100 מ""ל",false,1,10.90,1.4533,true,1,493
7290000287607,false,"אקוה בלו סבון לניאגרה סנו 150 מ""ל",סנו מפעלי ברונוס בעמ,IL,סבון אסלה סנו בלו גדול 150 מל,מיליליטרים,150.00,"100 מ""ל",false,1,19.90,13.2667,true,1,2497
7290000287621,false,"אנטי קאלק נוזל לניקוי אסלות סנו 750 מ""ל",מיוצר עי קונדיטוריית,IL,נוזל אסלה סנו אנטי קאלק 750 מל,מיליליטרים,750.00,"100 מ""ל",false,1,10.90,1.4533,true,1,2496
7290000288017,false,אקונומיקה בריח לימון סנו ז'אוול 1 ליטר,"סנו מפעלי ברונוס בע""",IL,סנו זאוול לימון 1 ליטר,ליטרים,1.00,ליטר,false,1,8.90,8.9000,true,1,691
7290000288024,false,סנו - ז'אוול אקונומיקה בריח לימון 4 ליטר,"סנו מפעלי ברונוס בע""מ",IL,נוזל סנו זאול לימון 4 ליטר,ליטרים,4.00,ליטר,false,1,16.90,4.2250,true,1,1
7290000288031,false,"אקונומיקה תו תקן 4 ליטר ""סנו""","סנו מפעלי ברונוס בע""\מ",IL,נוזל סנו אקונומיקה 4 ליטר תו תקן,ליטרים,4.00,ליטר,false,1,9.90,2.4750,true,1,698
7290000288048,false,סנו זאוול מרסס מונבלאן 1 ליטר,"סנו מפעלי ברונוס בע""מ",IL,מרסס סנו זאוול 1ליטר בריח לבנדר,ליטרים,1.00,ליטר,false,1,18.90,18.9000,true,1,696
7290000288079,false,סנו - ז'אוול אקונומיקה לימון 2 ליטר,"סנו מפעלי ברונוס בע""מ",IL,סנו זאוול לימון 2 ליטר,ליטרים,2.00,ליטר,false,1,9.90,4.9500,true,1,1190
7290000288086,false,אבקת ניקוי עם אקונומיקה בריח לימון סנו ז'אוול 600 ג',מיוצר עי קונדיטוריית,IL,אבקת ניקוי סנו זאוול מילוי,גרמים,600.00,100 גרם,false,1,10.90,1.8167,true,1,2178
7290000288109,false,"אבקת כביסה מקסימה אפקט ג''אוול 1.25 ק""ג סנו",סנו מפעלי ברונוס בעמ,IL,אב.כביסה מקסימה זאוול 1.25 קג,קילוגרמים,1.25,"ק""ג",false,1,13.90,11.1200,true,1,89
7290000288253,false,"קוטל חרקים מעופפים K-400 סנו 630 מ""ל",מיוצר עי קונדיטוריית,IL,קיי 400 קוטל זבובים ויתושים 630 מל,מיליליטרים,630.00,"100 מ""ל",false,1,21.90,3.4762,true,1,1383
7290000288291,false,סנומט דוחה יתושים לוחיות אידוי 30 יחידות,טרופיקל דגיל תעשיות,IT,טבליות סנומט נגד יתושים 30 יח,יחידה,30.00,יחידה,false,1,12.90,0.4300,true,1,496
7290000288352,false,"קוטל חרקים וזוחלים K-300 סנו 630 מ""ל","סנו מפעלי ברונוס בע""מ",IL,קיי 300 קוטל תיקנים 630 מל,מיליליטרים,630.00,"100 מ""ל",false,1,21.90,3.4762,true,1,1382
7290000288383,false,"קוטל נמלים ותיקנים K-500 סנו 400 מ""ל",מיוצר עי קונדיטוריית,IL,קיי 500 קוטל נמלים 400 מל,מיליליטרים,400.00,"100 מ""ל",false,1,21.90,5.4750,true,1,1384
7290000288390,false,"קוטל זבובים ויתושים K-600 סנו 500 מ""ל","סנו מפעלי ברונוס בע""מ",IL,קיי 600 קוטל יתושים מזיקים 475 מל,מיליליטרים,475.00,"100 מ""ל",false,1,21.90,4.6105,true,1,1385
7290000288413,false,סנו-די דוחה יתושים כדורי סנו 50 גרם,גוד פוד פרודקטס S.p,IL,סנו די נגד יתושים רול און,מיליליטרים,50.00,"100 מ""ל",false,1,17.90,35.8000,true,1,699
7290000288420,false,סנו די תרסיס דוחה יתושים,סנו מפעלי ברונוס בע',IL,סנו די תרסיס,מיליליטרים,125.00,"100 מ""ל",false,1,17.90,14.3200,true,1,701
7290000288444,false,סנו די נוזלי נגד יתו,קוסמופארם,IL,סנו די נוזל+משאבה,מיליליטרים,50.00,"100 מ""ל",false,1,17.90,35.8000,true,1,700
7290000288642,false,מקסימה מרכך כביסה סנסיטיב בייבי סנו 4 ליטר,"סנו מפעלי ברונוס בע""\מ",IL,מרכך כביסה סנומקסימה 4 ל סנסיטיב,ליטרים,4.00,ליטר,false,1,22.90,5.7250,true,1,682
7290000288659,false,"סנו - די רולאון דוחה יתושים ג'ונגל 50 מ""ל",טרופיקל דגיל תעשיות,IL,דוחה יתושים סנו די גונגל 50מל,מיליליטרים,50.00,"100 מ""ל",false,1,17.90,35.8000,true,1,22584
7290000288727,false,סנו מקסימה אבקת כביסה מאסק מילוי 1.25,קריות זול,IL,אב.כביסה מקסימה מאסק 1.25 קג,קילוגרמים,1.25,"ק""ג",false,1,13.90,11.1200,true,1,90
7290000288840,false,סנו - מים מזוקקים 2 ליטר,החברה הדרומית,IL,מים מזוקקים 2 ליטר,ליטרים,2.00,ליטר,false,1,12.90,6.4500,true,1,791
7290000289069,false,סנו - ז'אוול מרסס קצף ניקוי בתוספת אקונומיקה בריח לימון 1 ליטר,"סנו מפעלי ברונוס בע""מ",IL,סנו זאוול מרסס לימון 1 ליטר,ליטרים,1.00,ליטר,false,1,18.90,18.9000,true,1,695
7290000289236,false,K3 נמלים פיתיון ג'ל - קוטל נמלים בבית ובחצר,"סנו מפעלי ברונוס בע""\מ",IL,סנו קיי 3 נמלים,יחידה,1.00,יחידה,false,6,54.90,54.9000,true,1,33333
7290000289380,false,"סנו - ז'אוול לניקוי אסלות לימון 750 מ""ל",סנו מפעלי ברונוס בעמ,IL,סנו זאוול לאסלות גל לימון 750 מל,מיליליטרים,750.00,"100 מ""ל",false,1,11.90,1.5867,true,1,697
7290000289472,false,סנו סושי שקיות אשפה - 50 יחידות,מיוצר עי קונדיטוריית,IL,סנו סושי שקיות 90*76 מרשרש 50 יח,יחידה,50.00,יחידה,false,1,18.90,0.3780,true,1,268
7290000289496,false,"סנו - ז'אוול ג'ל קרם לניקוי כללי לימון 750 מ""ל","סנו מפעלי ברונוס בע""\מ",IL,סנו זאוול גל קרם לימון 750 מל,מיליליטרים,750.00,"100 מ""ל",false,1,11.90,1.5867,true,1,2503
7290000289595,false,"אורביטול משחת שיניים לילדים בטעם תות שדה 145 מ""ל",טרופיקל דגיל תעשיות קוסמ,IL,מש.שיניים אורביטול ילדים תות,גרמים,145.00,100 גרם,false,1,7.90,5.4483,true,1,2528
7290000289601,false,סנו ז'אוול בריח לבנדר 2 ל',"סנו מפעלי ברונוס בע""מ",IL,סנו זאוול לבנדר 2 ליטר,ליטרים,2.00,ליטר,false,1,9.90,4.9500,true,1,693
7290000289748,false,"מסיר שומנים לתנורים פורטה פלוס סנו 750 מ""ל","סנו מפעלי ברונוס בע""\מ",IL,מסיר שומנים סנו פורטה פלוס 750 מל,מיליליטרים,750.00,"100 מ""ל",false,1,14.90,1.9867,true,1,486
7290000289885,false,"מטהר אוויר ענק אושנבריז סנו פרש 375 מ""ל","סנו מפעלי ברונוס בע""\מ",IL,מטהר אוויר סנופרש יבש אושן בריז 375 מל,מיליליטרים,375.00,"100 מ""ל",false,1,11.90,3.1733,true,1,34906
7290000289892,false,"סנו פרש ענק מאונטן טורקיז 375 מ""ל",סנו fresh,IL,מטהר אוויר סנופרש יבש טורקיז 375 מל,מיליליטרים,375.00,"100 מ""ל",false,1,11.90,3.1733,true,1,34907
7290000291857,false,פוליויקס נוזל רצפות בניחוח גולדן סאנרייז סנו 2 ליטר,סנו פוליויקס,IL,נוזל רצפה פוליוקס 2 ליטר גולדן,ליטרים,2.00,ליטר,false,1,19.90,9.9500,true,1,411
7290000291932,false,"סנובון נוזל לניקוי אסלה בניחוח לבנדר סנו 750 מ""ל","סנו מפעלי ברונוס בע""מ",IL,סנובון נוזלי בניחוח לבנדר 750 מל,מיליליטרים,750.00,"100 מ""ל",false,1,10.90,1.4533,true,1,492
7290000291956,false,סנו ז'אוול בריח לבנדר 1 ל',סנו,,סנו זאוול לבנדר 1 ליטר,ליטרים,1.00,ליטר,false,1,8.90,8.9000,true,1,692
7290000291963,false,אקונומיקה סמיכה בריח לימון סנו ז'אוול 1 ליטר,קריות זול,IL,סנו זאוול סמיכה 1 ליטר,ליטרים,1.00,ליטר,false,1,8.90,8.9000,true,1,690
7290000292007,false,K3 פיתיון ג'ל קוטל תיקנים (ג'וקים) בבית ובחצר,מיוצר עי קונדיטוריית,IL,סנו קיי 3 פיתיון גל במזרק קוטל תיקנים,Unknown,0.00,Unknown,false,12,54.90,0.0000,true,1,26022
7290000292137,false,"נוזל לניקוי וטיפול מוצרי עור סנו 500 מ""ל",מיוצר עי קונדיטוריית,IL,סנו מנקה עור נוזלי,מיליליטרים,500.00,"100 מ""ל",false,1,29.90,5.9800,true,1,860
7290000292311,false,פוליויקס נוזל רצפות בניחוח סחלבים סנו 2 ליטר,"סנו מפעלי ברונוס בע""\מ",IL,נוזל רצפה פוליויקס סחלבים 2 ליטר,ליטרים,2.00,ליטר,false,1,19.90,9.9500,true,1,412
7290000292434,false,"נוזל להברקת רהיטים מילוי סנו 500 מ""ל",סנו,IL,סנו רהיט שקית מילוי,מיליליטרים,500.00,"100 מ""ל",false,1,14.90,2.9800,true,1,88
7290000292502,false,"K 800 קוטל נמלים סנו 300 מ""ל","סנו מפעלי ברונוס בע""מ",IL,קוטל נמלים קיי 800 בניחוח לבנדר 300מל,מיליליטרים,300.00,"100 מ""ל",false,12,19.90,6.6333,true,1,1405
7290000292557,false,סנומט מלוי נוזלי דוחה יתושים 45 לילות,טרופיקל דגיל תעשיות,IT,סנומט נוזל מילוי 45 לילות,יחידה,45.00,יחידה,false,1,18.90,0.4200,true,1,497
7290000292564,false,סנו K-2000 תרסיס מיקרו קפסולרי ללא ריח 750 מ”ל,מיוצר עי קונדיטוריית,IL,קיי 2000 מיקרו קפסולרי,מיליליטרים,750.00,"100 מ""ל",false,1,29.90,3.9867,true,1,1409
7290000292595,false,סופר פוליש מבריק רצפות 2לי,סנו,IL,נוזל לרצפה סנו סופר פוליש 2 ל,ליטרים,2.00,ליטר,false,1,45.90,22.9500,true,1,484
7290000292687,false,סנובון מוצק לניקוי אסלה קלאסיק כחול סנו 3 יחידות,מיוצר עי קונדיטוריית,IL,סבון אסלה סנובון כחול שלישיה,יחידה,3.00,יחידה,false,1,14.90,4.9667,true,1,491
7290000292694,false,מגן קריסטל לרצפות סנו 2 ליטר,סנו,IL,סנו מגן קריסטל 2 ל,ליטרים,2.00,ליטר,false,1,39.90,19.9500,true,1,3366
7290000292915,false,"תרסיס לניקוי כללי רסס ונגב סנו 750 מ""ל","סנו מפעלי ברונוס בע""\מ",IL,נוזל לניקוי כללי סנו רסס ונגב 750 מל,מיליליטרים,750.00,"100 מ""ל",false,1,12.90,1.7200,true,1,2483
7290000292939,false,אקווה בלו למיכל אסלה100ג,סנו מפעלי ברונוס בעמ,IL,סנו אקוה בלו לניקוי וחיטוי,מיליליטרים,106.00,"100 מ""ל",false,1,13.90,13.1132,true,1,2498
7290000293073,false,מקסימה מרכך כביסה ביו לבן סנו 4 ליטר,"סנו מפעלי ברונוס בע""\מ",IL,מרכך כביסה סנומקסימה 4 ל ביו,ליטרים,4.00,ליטר,false,1,22.90,5.7250,true,1,681
7290000293516,false,"מתקן סופג לחות ומונע עובש ""סנופרש""","סנו מפעלי ברונוס בע""\מ",IL,סנו סופג לחות קופסא,גרמים,340.00,100 גרם,false,1,27.90,8.2059,true,1,2508
7290000293530,false,סנו פרש סופג לחות שקית מילוי 340 גרם,סנו מפעלי ברונו בעמ,IL,סנו סופג לחות מילוי,גרמים,340.00,100 גרם,false,1,14.90,4.3824,true,1,2509
7290000293820,false,"קרמה מן שמפו וג'ל גל רחצה אקטיב בלוק 700מ""ל",קוסמופארם בעמ,IL,גל רחצה קרמה אקטיב בלוק 700 מל,מיליליטרים,700.00,"100 מ""ל",false,1,16.90,2.4143,true,1,24386
7290000293837,false,"קרמה מן דאודורנט ג'ל אנטיפרספירנט 70 מ""ל",קוסמופארם בעמ,IL,דאודורנט קרמה גל אנטיפרספירנט 70מל,Unknown,0.00,Unknown,false,12,15.90,0.0000,true,1,24387
7290000293943,false,"מרסס לבן מסיר אבנית 1 ליטר אנטי קאלק ""סנו""",מיוצר עי קונדיטוריית,IL,מסיר אבנית וחלודה אנטי קלאק 1 ל,ליטרים,1.00,ליטר,false,1,16.90,16.9000,true,1,1337
7290000294414,false,סנומוד נטול גז מדונה150מ,מיוצר עי קונדיטוריית,IL,מטהר אוויר סנומוד מדונה,מיליליטרים,150.00,"100 מ""ל",false,1,12.90,8.6000,true,1,495
7290000294575,false,סנו סושי רב מגבת 63 דפים בגליל,סנו מפעלי ברונוס בעמ,IL,סנו סושי רב מגבת,יחידה,20.00,יחידה,false,1,11.90,0.5950,true,1,2519
7290000294773,false,אקונומיקה בריח לבנדר סנו ז'אוול 4 ליטר,"סנו מפעלי ברונוס בע""\מ",IL,סנו זאוול מונבלאן 4 ליטר,ליטרים,4.00,ליטר,false,1,16.90,4.2250,true,1,694
7290000294780,false,אקונומיקה סמיכה בריח לימון סנו ז'אוול 4 ליטר,"סנו מפעלי ברונוס בע""מ",IL,נוזל סנו זאוול סמיכה 4 ליטר,ליטרים,4.00,ליטר,false,1,16.90,4.2250,true,1,1408
7290000295121,false,מטליות זיגזג סנו סושי לניקוי רצפות 3יח',קריות זול,IL,מטלית זיגזג שלישיה,יחידה,3.00,יחידה,false,1,12.90,4.3000,true,1,1004
7290000295299,false,סנו סושי כריות הפלא רב תכלתיות רביעייה,סנו מפעלי ברונו בעמ,IL,כרית ניקוי אקטיב סנו סושי 4 יח,יחידה,4.00,יחידה,false,1,12.90,3.2250,true,1,2526
7290000295336,false,סנו מקסימה אבקת כביסה סנסטיב מילוי1.25,סנו מפעלי ברונוס בעמ,IL,אב.כביסה מקסימה סנסיטיב 1.25 קג,קילוגרמים,1.25,"ק""ג",false,1,13.90,11.1200,true,1,91
7290000295343,false,"אבקת כביסה מקסימה ביו 1.25 ק""ג סנו",סנו מקסימה,IL,אב.כביסה מקסימה ביו 1.25 קג,קילוגרמים,1.25,"ק""ג",false,1,13.90,11.1200,true,1,92
7290000295367,false,"מקסימה אבקת כביסה אפקט ז'אוול סנו 2.5 ק""ג",סנו מקסימה,IL,אב.כביסה מקסימה אפקט זאוול 2.5 קג,קילוגרמים,2.50,"ק""ג",false,1,26.90,10.7600,true,1,2512
7290000295404,false,שקיות אשפה עם שרוך 54 * 65 סנו סושי 60 יחידות,מיוצר עי קונדיטוריית,IL,שקית אשפה 60 יח סנו סושי 50/70,יחידה,60.00,יחידה,false,1,21.90,0.3650,true,1,2486
7290000295558,false,"רדיד אלומיניום רוחב 30 ס""מ סנו סושי 2 יח' 7.5 מטר",מולינו ניקולי s.p.a,TR,זוג רדיד אלומיניום קצר 30*7.5 סנו סושי,יחידה,2.00,יחידה,false,1,12.90,6.4500,true,1,2522
7290000295565,false,"רדיד אלומיניום רוחב 45 ס""מ סנו 2 יח' 7.5 מטר",בורסה פאזרי,TR,זוג רדיד אלומיניום סושי ארוך 45*7.5,יחידה,2.00,יחידה,false,1,21.90,10.9500,true,1,313
7290000295572,false,"מארז זוגי מנקה אסלות 00 סנו 750 מ""ל",מיוצר עי קונדיטוריית,IL,זוג נוזל לניקוי אסלות סנו 750 מל,ליטרים,1.50,ליטר,false,1,19.90,13.2667,true,1,312
7290000295589,false,טלק לתינוק בייבי כיף 200 גרם,מייצר :אשבל בע''מ .,IL,בייבי כיף טלק לתינוק 200 גר,גרמים,200.00,100 גרם,false,1,16.90,8.4500,true,1,3370
7290000295749,false,ספוג סאקי מסאז' כיף 1 יחידה,גוד פוד פרודקטס S.p,IL,ספוג סאקי מסאז סנו כיף,Unknown,0.00,Unknown,false,1,10.90,0.0000,true,1,26
7290000295794,false,ספוגיות מתכת אל חלד לניקוי סנו 3 יחידות,סנו,,סנו ספוגית אל חלד,יחידה,3.00,יחידה,false,1,12.90,4.3000,true,1,2527
7290000295824,false,"רדיד אלומיניום 30 ס""מ רוחב סנו סושי 100 מטר",מולינו ניקולי s.p.a,TR,רדיד אלומיניום 100 מ סנו סושי,מטרים,100.00,מטר,false,1,59.90,0.5990,true,1,3372
7290000300900,false,שניצל תירס מרכיבים טבעיים טבעול 750 גרם,עיצובים 2020 (4.8),IL,שניצל תירס טבעול 750 גר,גרמים,750.00,100 גרם,false,1,29.90,3.9867,true,1,56
7290000307800,false,פול ירוק פרי הגליל 800 גרם,"פרי הגליל בע""""מ",IL,פול ירוק קפוא 800 גר פרי גליל,גרמים,800.00,100 גרם,false,1,18.90,2.3625,true,1,5042
7290000311128,false,מן עוגיות בטעם חמאה 300 גרם*נ.ל.פ,תות ממתקי איכות,IL,עוגיות מן טעם חמאה 300 גר,גרמים,300.00,100 גרם,false,1,6.90,2.3000,true,1,10969
7290000311203,false,"וופלים בטעם שוקולד ""מן"" 200 גרם",תות ממתקי איכות,IL,וופל שוקו מן 200 גר,גרמים,200.00,100 גרם,false,1,4.90,2.4500,true,1,4733
7290000311210,false,"וופלים בטעם לימון ""מן"" 200 גרם","רוקחמן בע""מ",IL,וופל לימון מן 200 גר,גרמים,200.00,100 גרם,false,1,4.90,2.4500,true,1,12809
7290000311227,false,"וופלים במילוי קרם קפה ""מן"" 200 גרם","רוקחמן בע""מ",IL,וופל קפה מן 200 גר,גרמים,200.00,100 גרם,false,1,4.90,2.4500,true,1,12807
7290000311708,false,מן עוגיות מחיטה מלאה 300 גרם*נ.ל.פ,תות ממתקי איכות,IL,עוגיות מן חיטה מלאה 300 גר,גרמים,300.00,100 גרם,false,1,6.90,2.3000,true,1,4735
7290000311715,false,מן עוגיות כוכבים בטעם שוקולד 300 גרם*נ.ל.פ,תות ממתקי איכות,IL,עוגיות מן טעם שוקו 300 גר,גרמים,300.00,100 גרם,false,1,6.90,2.3000,true,1,4736
7290000311722,false,מן עוגיות כוכבים וניל 300 גרם,תות ממתקי איכות,IL,עוגיות מן כוכבים 300 גר,גרמים,300.00,100 גרם,false,1,6.90,2.3000,true,1,10971
7290000311869,false,מן-וופלים בטעם שוק ללא תוספת סוכר 180ג,תות ממתקי איכות,IL,וופל מן שוקולד ללא סוכר 180 גרם,גרמים,180.00,100 גרם,false,1,8.90,4.9444,true,1,17298
7290000311876,false,מן-וופלים בטעם וניל ללא תוספת סוכר 180ג,"רוקחמן בע""מ",IL,וופל מן וניל ללא סוכר 180 גרם,גרמים,180.00,100 גרם,false,1,8.90,4.9444,true,1,17299
7290000311890,false,מן וופל לימון ללא סוכר 180 גר-חדש,"רוקחמן בע""מ",IL,וופל מן לימון ללא סוכר 180 גרם,גרמים,180.00,100 גרם,false,1,8.90,4.9444,true,1,50530
7290000313160,false,זהבה ושלושת הדובים עוגיות בטעם שוקולד אסם 350 גרם,"הגביע מוצרי וופלים בע""\מ",IL,עוגיות זהבה ושלושת הדובים שוקולד 250 ג,גרמים,250.00,100 גרם,false,1,8.00,3.2000,true,1,1848
7290000313290,false,אסם נודלס נודלס אטריות מסולסלות 200גר,תאי פרזידנט פוד בנגק,TH,נודלס אסם אטריות מסולסלות 200 ג,גרמים,200.00,100 גרם,false,1,10.90,5.4500,true,1,1724
7290000315126,false,קנור ציר עוף משחתי 300 ג,יוניליוור ישראל מזון בע\,IL,ציר עוף קנור 300 גרם,גרמים,300.00,100 גרם,false,1,25.90,8.6333,true,1,4490
7290000315133,false,קנור ציר בקר משחתי 300ג,יוניליוור ישראל מזון בע\,IL,ציר בקר קנור 300 גרם,גרמים,300.00,100 גרם,false,1,25.90,8.6333,true,1,4491
7290000318103,false,פסטרמה ברביקיו במשקל,מעדני יחיעם,IL,פסטרמה ברביקיו במשקל,קילוגרמים,1.00,"ק""ג",true,,69.00,69.0000,true,1,3222
7290000318127,false,"נקניקיות ביס 380 גרם ""יחיעם""",מעדני יחיעם 1993,IL,נקניקיות ביס 380 גרם,גרמים,380.00,100 גרם,false,1,11.90,3.1316,true,1,3262
7290000318165,false,פסטרמה צלויה על גחלי,מעדני יחיעם,IL,פסטרמה צלויה על גחלים במשקל,קילוגרמים,1.00,"ק""ג",true,,69.00,69.0000,true,1,3231
7290000318288,false,פסטרמה חזה הודו בדבש,מעדני יחיעם,IL,פסטרמה חזה הודו בדבש במשקל,קילוגרמים,1.00,"ק""ג",true,,69.00,69.0000,true,1,4155
7290000318349,false,פסטרמה בסגנון איטלקי,מעדני יחיעם,IL,פסטרמה בסגנון איטלקי במשקל,קילוגרמים,1.00,"ק""ג",true,,69.00,69.0000,true,1,5485
7290000318363,false,פסטרמה הודו לבגט מחיר לפ,מעדני יחיעם,IL,פסטרמה ברביקיו לבגט במשקל,קילוגרמים,1.00,"ק""ג",true,,69.00,69.0000,true,1,18677
7290000318479,false,נקניק פרושוטו בקר יחיעם 100 גרם,תאי פרזידנט פוד פאבל,IL,נקניק פרושוטו עגל 100 ג,גרמים,100.00,100 גרם,false,1,25.90,25.9000,true,1,4050
7290000318493,false,כתףבקר מפולפליחיעם מ,מעדני יחיעם,IL,כתף בקר מפולפל במשקל,קילוגרמים,1.00,"ק""ג",true,,119.00,119.0000,true,1,5412
7290000318530,false,רוסטביף צלי בקר במשק,מעדני יחיעם,IL,רוסטביף צלי בקר במשקל,קילוגרמים,1.00,"ק""ג",true,,119.00,119.0000,true,1,3243
7290000318677,false,נקניק סלמי סרוולט יחיעם 150 גרם,מעדני יחיעם 1993,IL,נקניק סלמי סרוולט 150 גר שינגל,גרמים,150.00,100 גרם,false,1,23.90,15.9333,true,1,5535
7290000318707,false,נקניק סלמי מעושן יחיעם 500 גרם,מעדני יחיעם 1993,IL,נקניק סלמי מעושן יח,גרמים,500.00,100 גרם,false,1,29.90,5.9800,true,1,25584
7290000318806,false,סלמי סרוולד אמיתי במשקל,מעדני יחיעם,IL,סלמי סרוולט במשקל,קילוגרמים,1.00,"ק""ג",true,,169.00,169.0000,true,1,3249
7290000318837,false,קורנדביףבקר מעדנ.יחי,מעדני יחיעם,IL,קורנדביף בקר במשקל,קילוגרמים,1.00,"ק""ג",true,,119.00,119.0000,true,1,3242
7290000318851,false,סלמי קונייאק יחיעם,מעדני יחיעם,IL,סלמי קוניאק במשקל,קילוגרמים,1.00,"ק""ג",true,,89.00,89.0000,true,1,3244
7290000318868,false,סלמי פפרוני במשקל,מעדני יחיעם,IL,סלמי פפרוני במשקל,קילוגרמים,1.00,"ק""ג",true,,79.00,79.0000,true,1,3245
7290000318882,false,סלמי מעושן איטלקי במ,מעדני יחיעם,IL,סלמי מעושן איטלקי במשקל,קילוגרמים,1.00,"ק""ג",true,,69.00,69.0000,true,1,3248
7290000318899,false,נקניק סלמי פיין יחיע,מעדני יחיעם,IL,סלמי פיין במשקל,קילוגרמים,1.00,"ק""ג",true,,45.00,45.0000,true,1,3246
7290000318929,false,סלמי צרפתי מובחר במשקל,מעדני יחיעם,IL,סלמי צרפתי במשקל,קילוגרמים,1.00,"ק""ג",true,,169.00,169.0000,true,1,3250
7290000319063,false,כתף בקר מפולפל יחיעם 150 גרם,מעדני יחיעם,IL,כתף בקר מעושן בציפוי פלפל 150 גרם,גרמים,150.00,100 גרם,false,1,25.90,17.2667,true,1,3261
7290000319124,false,סלמי סרוולט מאפ יחיעם 250 גרם,מעדני יחיעם 1993,IL,סלמי סרוולט 250 ג,גרמים,250.00,100 גרם,false,1,33.90,13.5600,true,1,3258
7290000319131,false,נקניקיות עוף יחיעם 400 גרם,מעדני יחיעם 1993,IL,נקניקיות עוף 400 גרם יחיעם,גרמים,400.00,100 גרם,false,1,11.90,2.9750,true,1,3263
7290000319339,false,סלמי פרח יחיעם,מעדני יחיעם,IL,סלמי פרח במשקל,קילוגרמים,1.00,"ק""ג",true,,89.00,89.0000,true,1,9965
7290000319520,false,נקניק סלמי צרפתי יחיעם 100 גרם,מעדני יחיעם 1993,IL,נקניק סלמי צרפתי 100 ג,גרמים,100.00,100 גרם,false,1,20.90,20.9000,true,1,4051
7290000319704,false,נקניק כתף בקר מעושן,מעדני יחיעם,IL,כתף בקר מעושן במשקל,קילוגרמים,1.00,"ק""ג",true,,109.00,109.0000,true,1,3241
7290000319728,false,סלמי איטלקי מפולפל י,מעדני יחיעם,IL,סלמי איטלקי מפולפל במשקל,קילוגרמים,1.00,"ק""ג",true,,86.00,86.0000,true,1,3247
7290000319759,false,סלמי תה יחיעם מעדניה,מעדני יחיעם,IL,נקניק סלמי תה מעדנייה במשקל,קילוגרמים,1.00,"ק""ג",true,,45.00,45.0000,true,1,12377
7290000319803,false,קבנוס קלאסי יחיעם 125 גרם,תאי פרזידנט פוד פאבל,IL,קבנוס קלאסי 125 גרם,גרמים,125.00,100 גרם,false,1,12.90,10.3200,true,1,13682
7290000319834,false,קבנוס פפרוני קלאסי 125 גרם,תאי פרזידנט פוד פאבל,IL,קבנוס פפרוני 125 גרם,גרמים,125.00,100 גרם,false,1,12.90,10.3200,true,1,13683
7290000319841,false,פסטרמה מהמעשנה יחיעם,יחיעם,,פסטרמה מהמעשנה במשקל,קילוגרמים,1.00,"ק""ג",true,,69.00,69.0000,true,1,49452
7290000319971,false,צלעות בקר על האש יחי,מעדני יחיעם,IL,צלעות בקר על האש במשקל,קילוגרמים,1.00,"ק""ג",true,,129.00,129.0000,true,1,10416
7290000327020,false,"מארז פפסי פחית צרה 330 מ""ל*6 יח'","מודרן גרופ משקאות בע""\מ",IL,מארז שישיית פפסי פחיות 330מל פקדון,מיליליטרים,1980.00,"100 מ""ל",false,4,18.90,0.9545,true,1,47786
7290000327037,false,"מארז מירינדה פחית צרה 330 מ""ל*6 יח'",מודרן גרופ משקאות בע,IL,מארז שישיית מירנדה פחיות 330מל פקדון,מיליליטרים,1980.00,"100 מ""ל",false,4,18.90,0.9545,true,1,47783
7290000327044,false,"מארז סבן אפ פחית צרה 330 מ""ל*6 יח'","מודרן גרופ משקאות בע""\מ",IL,מארז שישיית סבנאפ פחיות 330מל פקדון,מיליליטרים,1980.00,"100 מ""ל",false,4,18.90,0.9545,true,1,47785
7290000334325,false,ציפס למיקרו מארז שלישיה 125 ג' תפוגן,"תעשיות תפוגן בע""\מ",IL,מארז 3 יח ציפס מיקרוגל תפוגן 125 גר,גרמים,375.00,100 גרם,false,1,13.90,3.7067,true,1,2084
7290000334684,false,תפוגן טבעות בצל 700 גרם,"תעשיות תפוגן בע""\מ",IL,טבעות בצל תפוגן 700 גר,גרמים,700.00,100 גרם,false,1,17.90,2.5571,true,1,1098
7290000334745,false,"אמריקאן צ'יפס תפוגן 1.5 ק""ג","תעשיות תפוגן בע""מ",IL,תפוגן אמריקן ציפס 1.5 קג,קילוגרמים,1.50,"ק""ג",false,1,24.90,16.6000,true,1,1334
7290000336282,false,"פריגת סיידר צלול 330 מ""ל בקבוק",טמפו משקאות בעמ,IL,סיידר 330 מל צלול בק פקדון,מיליליטרים,330.00,"100 מ""ל",false,1,7.90,2.3939,true,1,5509
7290000339191,false,אבקת הלבנה רן ללא כל,יוניליוור ניקיון,IL,רן הלבנה 350 גרם,גרמים,350.00,100 גרם,false,1,19.90,5.6857,true,1,120
7290000339566,false,מרכך כביסה ורד בדין 4 ליטר,יוניליור ישראל טיפוח איש,IL,מרכך בדין 4 ליטר ורוד,ליטרים,4.00,ליטר,false,1,19.90,4.9750,true,1,675
7290000339849,false,"משחה להדחת כלים ולניקיון כללי סמדר 3.5 ק""ג",אתר ליוור - HPC,IL,משחת כלים סיף סמדר 3.5 קג,קילוגרמים,3.50,"ק""ג",false,1,33.90,9.6857,true,1,3520
7290000339887,false,"משחת כלים סיף קלין לימון 5 3 ק""ג",סיף פנטסטיק,IL,משחת כלים סיף לימון 3.5 קג,קילוגרמים,3.50,"ק""ג",false,1,33.90,9.6857,true,1,3521
7290000341071,false,בדין - מרכך כביסה בייבי לבן 2 ליטר,יוניליור ישראל טיפוח איש,IL,מרכך בייבי בדין 2 ליטר,ליטרים,2.00,ליטר,false,1,19.90,9.9500,true,1,678
7290000342832,false,מרכך כביסה צהוב בדין 4 ליטר,יוניליוור פארם,IL,מרכך בדין 4 ליטר צהוב,ליטרים,4.00,ליטר,false,1,19.90,4.9750,true,1,677
7290000342856,false,מרכך כביסה כחול בדין 4 ליטר,יוניליור ישראל טיפוח איש,IL,מרכך בדין 4 ליטר כחול,ליטרים,4.00,ליטר,false,1,19.90,4.9750,true,1,676
7290000345048,false,תה ויסוצקי 74 - 125 גרם,תה ויסוצקי,IL,תה 74 - 125 גרם,גרמים,125.00,100 גרם,false,1,12.90,10.3200,true,1,101
7290000345055,false,תה עלים ארל גריי ויסוצקי 100 גרם,מולינו ניקולי s.p.a,IL,תה ארל גריי 100 גרם,גרמים,100.00,100 גרם,false,1,13.90,13.9000,true,1,1460
7290000345116,false,תה ירוק ויסוצקי 125 גרם,תה ויסוצקי,IL,תה ירוק 125 גרם,גרמים,125.00,100 גרם,false,1,13.90,11.1200,true,1,1461
7290000345208,false,תה כחול קלאסיק ויסוצקי 25 יחידות,תה ויסוצקי,IL,תה קלאסיק 25/1,יחידה,25.00,יחידה,false,1,6.90,0.2760,true,1,1425
7290000345215,false,תה כחול קלאסיק ויסוצקי 100 יחידות,מולינו ניקולי s.p.a,IL,תה קלאסיק 1 גר 100 שקיקים,יחידה,100.00,יחידה,false,1,18.90,0.1890,true,1,1458
7290000345260,false,תה קלאסיק מעטפות ויסוצקי 25 יחידות,מולינו ניקולי s.p.a,IL,תה קלאסיק 25/1.5,יחידה,25.00,יחידה,false,1,7.30,0.2920,true,1,1395
7290000345277,false,תה קלאסיק מעטפות ויסוצקי 50 יחידות,מולינו ניקולי s.p.a,IL,תה קלאסיק 1.5 גר 50 שקיקים,יחידה,50.00,יחידה,false,1,12.90,0.2580,true,1,1404
7290000345284,false,תה ויסוצקי קלאסי אריזה ירוקה מרובעת (100 שקיקים),מולינו ניקולי s.p.a,IL,תה קלאסיק 1.5גר 100 שקיקים,יחידה,100.00,יחידה,false,1,19.90,0.1990,true,1,1457
7290000345291,false,תה ארל גריי ויסוצקי 25 יחידות,תה ויסוצקי,IL,בלק לייבל תה ארל גריי 25 שק 1 ג,יחידה,25.00,יחידה,false,1,16.50,0.6600,true,1,1396
7290000345307,false,תה ארל גריי ויסוצקי 50 יחידות,מולינו ניקולי s.p.a,IL,תה ארל גריי 50 שק 1.5 גרם,יחידה,50.00,יחידה,false,1,24.90,0.4980,true,1,1424
7290000345536,false,תה נענע ויסוצקי 25 יחידות,מולינו ניקולי s.p.a,IL,תה פירות נענע 1.5 ג 25 שק,יחידה,25.00,יחידה,false,1,16.90,0.6760,true,1,1448
7290000346021,false,חליטת קמומיל הגן הקסום ויסוצקי 50 יחידות,בית ויסוצקי,IL,תה גן הקסום קמומיל 1.5 ג 50 שק,גרמים,75.00,100 גרם,false,1,32.90,43.8667,true,1,189
7290000346120,false,חליטת קינמון הגן הקסום ויסוצקי 25 יחידות,תה ויסוצקי,IL,תה גן הקסום קסם הקינמון1.5ג 25שק,יחידה,25.00,יחידה,false,1,18.50,0.7400,true,1,1456
7290000346137,false,חליטת הילולי פירות הגן הקסום ויסוצקי 25 יחידות,תה ויסוצקי,IL,תה גן הקסום הילולי פירות 2 ג 25ש,יחידה,25.00,יחידה,false,1,18.50,0.7400,true,1,1450
7290000346144,false,הגן הקסום תה עינוגי התפוח ויסוצקי 25 יחידות,תה ויסוצקי,IL,תה גן הקסום עינוגי התפוח 2ג 25שק,יחידה,25.00,יחידה,false,1,18.50,0.7400,true,1,1453
7290000346168,false,חליטת שומר הגן הקסום ויסוצקי 25 יחידות,תה ויסוצקי,IL,תה גן הקסום שומר 1.5 ג 25 שק,יחידה,25.00,יחידה,false,1,18.50,0.7400,true,1,3849
7290000346199,false,חליטת פירות יער הגן הקסום ויסוצקי 25 יחידות,תה ויסוצקי,IL,תה גן הקסום פירות יער 2ג 25שק,יחידה,25.00,יחידה,false,1,18.50,0.7400,true,1,1454
7290000346205,false,חליטת קמומיל הגן הקסום ויסוצקי 25 יחידות,תה ויסוצקי,IL,תה גן הקסום קמומיל 1 גר 25 שקיקים,יחידה,25.00,יחידה,false,1,18.50,0.7400,true,1,1455
7290000346212,false,חליטת מנטה הגן הקסום ויסוצקי 25 יחידות,תה ויסוצקי,IL,תה גן הקסום מנטה 2 ג 25 שק,יחידה,25.00,יחידה,false,1,18.50,0.7400,true,1,1452
7290000346229,false,הגן הקסום תה ורד הבר והיביסקוס ויסוצקי 25 יחידות,תה ויסוצקי,IL,תה גן הקסום ורד הבר 25 שקיקים,יחידה,25.00,יחידה,false,1,18.50,0.7400,true,1,1451
7290000346236,false,חליטת לואיזה וורבנה הגן הקסום ויסוצקי 25 יחידות,תה ויסוצקי,IL,תה גן הקסום לואיזה 2 ג 25 שק,יחידה,25.00,יחידה,false,12,18.50,0.7400,true,1,1843
7290000346960,false,תה ויסוצקי נענע 1.7 גרם 50יח',בית ויסוצקי,IL,תה פירות נענע 1.5 ג 50 שק,גרמים,75.00,100 גרם,false,1,29.90,39.8667,true,1,1447
7290000347738,false,תה ירוק נענע ויסוצקי 25 יחידות,תה ויסוצקי,IL,תה ירוק נענע 1.5 ג 25 שק,יחידה,25.00,יחידה,false,1,24.90,0.9960,true,1,1444
7290000347752,false,תה ירוק לימונית ולואיזה 25 שקיקים *1.5 ג'' ויסוצקי,תה ויסוצקי,IL,תה ירוק לימונית לואיזה 1.5 ג 25 שק,יחידה,25.00,יחידה,false,1,24.90,0.9960,true,1,1443
7290000363189,false,סרוולד טירת צבי מעדנ,הנסיך- מפעל לייצור ט,IL,נקניק סלמי סרוולד במשקל,קילוגרמים,1.00,"ק""ג",true,,170.00,170.0000,true,1,4635
7290000363462,false,סלמי מעושן איטלקי טי,טירת- צבי,IL,נקניק סלמי איטלקי מעושן במשקל,קילוגרמים,1.00,"ק""ג",true,,75.00,75.0000,true,1,3501
7290000363486,false,נקניק תה טירת צבי מע,טירת- צבי,IL,נקניק סלמי תה במשקל,קילוגרמים,1.00,"ק""ג",true,,52.00,52.0000,true,1,3498
7290000363899,false,נקניקיות פיקנטיות טירת צבי 400 גרם,טירת צבי - מדף,IL,נקניקיות פיקנטיות 400 ג,גרמים,400.00,100 גרם,false,1,11.90,2.9750,true,1,3360
7290000364261,false,"דקניקים, סלסולי פסטרמה כתף בקר מעושנת 120 גרם",הנסיך- מפעל לייצור ט,IL,סלסולי כתף בקר 120 גר,גרמים,120.00,100 גרם,false,1,15.90,13.2500,true,1,7575
7290000364278,false,דקניקים סלסולי סלמי איטלקי משובח טירת צבי 120 גרם,הנסיך- מפעל לייצור ט,IL,סלסולי סלמי איטלקי משובח 120 גר,גרמים,120.00,100 גרם,false,1,15.90,13.2500,true,1,7576
7290000364285,false,דקניקים סלסולי פסטרמה הודו טירת צבי 120 גרם,הנסיך- מפעל לייצור ט,IL,סלסולי פסטרמה הודו 120 גר,גרמים,120.00,100 גרם,false,1,15.90,13.2500,true,1,7577
7290000364292,false,דקניקים סלסולי פסטרמה הודו על גחלים 1% טירת צבי 120 גרם,הנסיך- מפעל לייצור ט,IL,סלסולי פסטרמה גחלים 120 גר,גרמים,120.00,100 גרם,false,1,15.90,13.2500,true,1,7834
7290000364544,false,פסטרמה עוף בגריל במש,טירת צבי,IL,פסטרמה עוף בגריל במשקל,קילוגרמים,1.00,"ק""ג",true,,75.00,75.0000,true,1,4692
7290000364803,false,נקניקיות בקר אמריקאיות טירת צבי 500 גרם,הנסיך- מפעל לייצור ט,IL,נקניקיות קרנץ אמריקאיות 500 ג,גרמים,500.00,100 גרם,false,1,29.90,5.9800,true,1,3357
7290000364810,false,נקניקיות עגל 500 גרםטירת צבי,הנסיך- מפעל לייצור ט,IL,נקניקיות קרנץ עגל 500 ג,גרמים,500.00,100 גרם,false,1,29.90,5.9800,true,1,3358
7290000364858,false,"נקניקיות עוף טרי טירת צבי 1 ק""ג",הנסיך- מפעל לייצור ט,IL,נקניקיות עוף 1 קג,גרמים,1000.00,100 גרם,false,1,28.90,2.8900,true,1,3432
7290000364872,false,נקניקיות עוף טירת צבי 400 גרם,טיב טירת צבי 2000,IL,נקניקיות עוף 400 גרם,גרמים,400.00,100 גרם,false,1,11.90,2.9750,true,1,3355
7290000365046,false,פסטרמה כתף בקר מעושן,טירת- צבי,IL,כתף בקר מעושן במשקל,קילוגרמים,1.00,"ק""ג",true,,115.00,115.0000,true,1,4335
7290000365107,false,כתף בקר מפולפל במשקל,טירת- צבי,IL,כתף בקר מפולפל במשקל,קילוגרמים,1.00,"ק""ג",true,,119.00,119.0000,true,1,6462
7290000365398,false,חזה הודו בדבשטירת צבי,טירת- צבי,IL,פסטרמה חזה הודו בדבש במשקל,קילוגרמים,1.00,"ק""ג",true,,75.00,75.0000,true,1,3496
7290000365756,false,פסטרמה על גחלים ד.ש משקל,טירת צבי,IL,פסטרמה ברביקיו דל שומן במשקל,קילוגרמים,1.00,"ק""ג",true,,75.00,75.0000,true,1,4634
7290000365954,false,פסטרמה על גחלים משקל,טירת- צבי,IL,פסטרמה גחלים במשקל,קילוגרמים,1.00,"ק""ג",true,,75.00,75.0000,true,1,3500
7290000367590,false,פסטרמה כפרית וסלמי פריזר כפרי טירת צבי 2*400 גרם,טיב טירת צבי 2000,IL,מארז צמד נקניק כפרי 800 ג,גרמים,800.00,100 גרם,false,1,29.90,3.7375,true,1,3353
7290000369037,false,סלט קוביות בולגרית גבינות ניצן 200 גרם,גבינות אמיר ניצן בעמ,IL,גבינה בולגרית קוביה 175 גרם,גרמים,175.00,100 גרם,false,1,14.90,8.5143,true,1,2393
7290000369341,false,לבנה אבו גוש ירוק15%משקל,גבינות אמיר ניצן בעמ,IL,לבנה אבו גוש במשקל,קילוגרמים,1.00,"ק""ג",true,,50.00,50.0000,true,1,5869
7290000369365,false,מעדן גבינה בולגרית עם חציל 9% ניצן 200 גרם,גבינות אמיר ניצן בעמ,IL,גב.בולגרית למריחה עם חצילים 200 גרם,גרמים,200.00,100 גרם,false,1,12.90,6.4500,true,1,2305
7290000369617,false,מעדן כדורי פטה בשמן מתובל ניצן 230 גרם,גבינות אמיר ניצן בעמ,IL,כדורי לבנה רחוב 150 גר,גרמים,150.00,100 גרם,false,1,16.90,11.2667,true,1,5641
7290000369709,false,חמאה עירונית בתוספת ריחן ושום טרי גבינות ניצן 100 גרם,גבינות אמיר ניצן בעמ,IL,חמאה בטעמים 100 גרם,גרמים,100.00,100 גרם,false,1,12.90,12.9000,true,1,2131
7290000391229,false,קוקטייל פיצה בונז'ור,בונז'ור,,קוקטייל פיצה,קילוגרמים,1.00,"ק""ג",true,,62.00,62.0000,true,1,11842
7290000408316,false,יוגורט דנונה דל לקטוז 200 גרם,מיוצר עי קונדיטוריית,IL,דנונה יוגורט 3% טבעי 200 גר,גרמים,200.00,100 גרם,false,1,3.80,1.9000,true,1,964
7290000408354,false,יוגורט עם אורז מצופה שוקולד קקאו 175 ג' דנונה,"שטראוס בריאות בע""\מ",IL,יוגורט דנונה בר פיצפוצים קראנצ 173 גרם,גרמים,173.00,100 גרם,false,1,4.70,2.7168,true,1,1228
7290000412139,false,נוזל רצפות בניחוח אורנים ריצפז 3 ליטר,"סנו מפעלי ברונוס בע""\מ",IL,נוזל רצפה ריצפז אורן 3 ל,ליטרים,3.00,ליטר,false,1,15.90,5.3000,true,1,116
7290000412481,false,נוזל לניקוי אסלות 00 סנו 1 ליטר,מיוצר עי קונדיטוריית,IL,נוזל לניקוי אסלות 00 1 ל,ליטרים,1.00,ליטר,false,1,7.90,7.9000,true,1,859
7290000412764,false,"פזטוקס קוטל חרקים סנו 630 מ""ל",קריות זול,,קוטל מעופפים פזטוקס,Unknown,0.00,Unknown,false,1,18.90,0.0000,true,1,417
7290000416021,false,ממרח בטעם שוקולד השחר חלבי 500,השחר העולה,IL,ממרח שוקולד השחר 500 גר,גרמים,500.00,100 גרם,false,1,13.90,2.7800,true,1,831
7290000416045,false,"ממרח בטעם שוקולד השחר 1 ק""ג",השחר העולה תעשייות מ,IL,ממרח השחר 1 קג,קילוגרמים,1.00,"ק""ג",false,1,24.90,24.9000,true,1,2009
7290000416618,false,"ממרח שוקולד פרווה השחר 400 גרם כשל""פ",השחר העולה תעשייות מ,IL,ממרח השחר פרווה 400 גרם,גרמים,400.00,100 גרם,false,1,12.90,3.2250,true,1,1977
7290000416809,false,ממרח חלב קרם חצי מובחרלמריחה 350 ג' השחר,השחר העולה תעשייות מ,IL,ממרח שחר חצי חצי 350 גר,גרמים,350.00,100 גרם,false,1,12.90,3.6857,true,1,21176
7290000416854,false,אבקת קקאו השחר העולה 150ג',השחר העולה תעשייות מ,IL,קקאו השחר 150 גר בשקית,גרמים,150.00,100 גרם,false,1,10.90,7.2667,true,1,5282
7290000416922,false,השחר ממרח חלב 350 גרם,השחר העולה תעשייות מ,IL,ממרח שחר חלב 350 גר,גרמים,350.00,100 גרם,false,1,12.90,3.6857,true,1,21175
7290000419107,false,לנדוור קפה מקורי לבוקר טחון טורקי 100 גרם,קפה לנדוור בע''מ,IL,קפה טורקי מקורי טחון כחול 100 גר לנדור,גרמים,100.00,100 גרם,false,1,6.90,6.9000,true,1,216
7290000419220,false,לנדוור כחול המקורי קפה טחון טורקי 3*100 גרם 16 יח',קפה לנדוור,IL,מארז 3יח קפה לנדוור כחול 100 ג,גרמים,300.00,100 גרם,false,1,19.90,6.6333,true,1,4604
7290000419374,false,שלישיית קפה טחון טורקי לנדוור 100 גרם,קפה לנדוור,IL,מארז 3 יח קפה לנדוור לבוקר 100 גר,גרמים,300.00,100 גרם,false,1,19.90,6.6333,true,1,9123
7290000419893,false,לנדוור קפה שחור חזק טחון טורקי 100 גרם,מולינו ניקולי s.p.a,IL,קפה טורקי טחון לבוקר 100 גר לנדוור,גרמים,100.00,100 גרם,false,1,6.90,6.9000,true,1,6154
7290000420325,false,"פופסטאר פופקורן למקירוגל בטעם טבעי 5 שקיות,500 גרם",פרסטון פארמס,US,פופקורן פופסטאר טבעי 500 גרם,גרמים,500.00,100 גרם,false,1,13.90,2.7800,true,1,415
7290000420332,false,פופסטאר פופקורן למיקרוגל בטעם חמאה 5 יחידות 500 גרם,פרסטון פארמס,US,פופקורן פופסטאר חמאה 500 גר,גרמים,500.00,100 גרם,false,1,13.90,2.7800,true,1,414
7290000420417,false,גלילונית שקיות אשפה 52X65 עם שרוך 60 יחידות,"איטיליאן פוד, אס.פי.",IL,שקיות אשפה 60 יח גלילונית 65/52,יחידה,60.00,יחידה,false,1,17.90,0.2983,true,1,1736
7290000430102,false,קוביות קרח בשקית מיסטר אייס 2 קילו,"אייס (קיובס) בע""מ -",IL,קוביות קרח,קילוגרמים,2.00,"ק""ג",false,1,9.90,4.9500,true,1,340
7290000432120,false,נרות חנוכה פאלאס 44 יחידות,מנורה,IL,נרות חנוכה 44 יחידות,יחידה,44.00,יחידה,false,1,3.90,0.0886,true,1,17001
7290000432182,false,נר נשמה בכוס 24 שעות,פאלאס תעשיות נטו (20,IL,נר נשמה 24 שעות,יחידה,1.00,יחידה,false,1,3.90,3.9000,true,1,14570
7290000432205,false,נר תמיד בכוס פאלאס 4,פאלאס תעשיות נטו (20,CN,נר תמיד 48 שעות,יחידה,1.00,יחידה,false,1,5.90,5.9000,true,1,586
7290000432359,false,נר נשמה בכוס שבועי פ,פאלאס,CN,נר נשמה כוס שבועי,Unknown,0.00,Unknown,false,1,11.90,0.0000,true,1,584
7290000432489,false,נרות חנוכה מיוחדים פאלאס 45 יחידות,מנורה,IL,נרות חנוכה מיוחד 45 יח,יחידה,45.00,יחידה,false,1,6.90,0.1533,true,1,24
7290000442013,false,"פמינה - שטיפה אינטימית לנערות 220 מ""ל",פמינה,IL,שטיפה אינטימית פמינה לנערות 220 מל,מיליליטרים,220.00,"100 מ""ל",false,1,23.90,10.8636,true,1,7844
7290000442044,false,פמינה תחליב רחצה אינטימי חמוציות 220 מל,פמינה,IL,שטיפה אינטימית פמינה חמוציות 220 מל,מיליליטרים,220.00,"100 מ""ל",false,1,26.90,12.2273,true,1,8491
7290000442310,false,טפטפים בייביסקין משחה לטוסיק מבושם 100,"רצט שקיים בע""מ",IL,משחה בייבי סקין 100 מל כצט,יחידה,1.00,יחידה,false,1,11.90,11.9000,true,1,9714
7290000446547,false,חמאת בוטנים טבעית בטר אנד דיפרנט 350 גרם,"בטר אנד דיפרנט בע""מ",IL,חמאת בוטנים טבעית 350גר בטר אנד דיפרנט,גרמים,350.00,100 גרם,false,12,14.90,4.2571,true,1,36343
7290000449128,false,סיף פנטסטיק לימון ניקוי רב תכליתי 4ל',יוניליוור ישראל טיפוח אי,IL,נוזל לניקוי כללי סיף 4 ל לימון,ליטרים,4.00,ליטר,false,1,19.90,4.9750,true,1,456
7290000450209,false,פוסידון טונה בהירה בשמן 77 גרם,"מיוצר עי וליגר בעמ,",IL,טונה פוסידון בשמן 108 גרם,גרמים,108.00,100 גרם,false,1,5.90,5.4630,true,1,1119
7290000450308,false,פוסידון טונה בהירה במי מלח 77 גרם,ויליגר בעמ עבור נטו,IL,טונה פוסידון במים 108 גרם,גרמים,108.00,100 גרם,false,1,5.90,5.4630,true,1,1118
7290000453019,false,שמרים טריים לאפייה שקית שמרית 50 ג',"פאקא תעשיות בע""\מ",IL,שימרית 50 גר,גרמים,50.00,100 גרם,false,1,5.40,10.8000,true,1,46
7290000453125,false,שמרית שמרים טריים לאפייה +משפר אפייה 100ג,"פאקא תעשיות בע""\מ",IL,שמרית+משפר אפיה 50 גרם,Unknown,0.00,Unknown,false,1,8.60,0.0000,true,1,47
7290000453200,false,בלילה להכנת פנקייק עם רכיבים ביתיים,"פאקא תעשיות בע""מ",DE,בלילה להכנת פנקייק 750גר שמרית,גרמים,750.00,100 גרם,false,8,22.90,3.0533,true,1,40784
7290000453224,false,שמרית בלילה לקרפ 750,שטראוס,IL,בלילה להכנת קרפ 750גר שמרית,גרמים,750.00,100 גרם,false,8,22.90,3.0533,true,1,40786
7290000453309,false,בצק פיצה ללא גלוטן תמי 230 גרם,תמי,FR,בצק פיצה תמי ללא גלוטן 230גר,גרמים,230.00,100 גרם,false,8,19.90,8.6522,true,1,41125
7290000453316,false,בצק עלים מצונן ללא גלוטן,תמי,FR,בצק עלים תמי ללא גלוטן 280גר,גרמים,280.00,100 גרם,false,8,19.90,7.1071,true,1,41124
7290000453323,false,קמח תמי עמילן חיטה ללא גלוטן 500 גרם,תמי,IL,קמח תמי עמילן חיטה ללא גלוטן 500 גר,גרמים,300.00,100 גרם,false,12,18.90,6.3000,true,1,48259
7290000453330,false,תמי תערובת עוגת וניל ללא גלוטן 500גר,,IL,תערובת לעוגה וניל ללג 500 גר תמי,גרמים,300.00,100 גרם,false,12,18.90,6.3000,true,1,48812
7290000453408,false,בצק פיצה דק מצונן ומוכן לאפייה שמרית 415 גרם,"פאקא תעשיות בע""מ",FR,בצק פיצה דק שמרית מצונן מוכן לאפייה415ג,גרמים,415.00,100 גרם,false,8,15.90,3.8313,true,1,30284
7290000453415,false,בצק עלים מצונן ומוכן לאפייה שמרית 300 גרם,"פאקא תעשיות בע""מ",FR,בצק עלים שמרית מצונן ומוכן לאפייה 300גר,גרמים,300.00,100 גרם,false,8,15.90,5.3000,true,1,30281
7290000453422,false,בצק פילו מצונן ומוכן לאפייה שמרית 300 גרם,"פאקא תעשיות בע""מ",GR,בצק פילו שמרית מצונן ומוכן לאפייה 300גר,גרמים,300.00,100 גרם,false,8,15.90,5.3000,true,1,30282
7290000453446,false,פיצה קראסט בצק שמרים מצונן להכנת פיצה ופוקצ'ה,"פאקא תעשיות בע""מ",IL,פיצה קראסט 500גר שמרית,גרמים,500.00,100 גרם,false,8,19.90,3.9800,true,1,47209
7290000453484,false,בצק קדאיף לאפייה שמרית 350 גרם,"פאקא תעשיות בע""מ",GR,בצק קדאיף 350 גרם שמרית מצונן,גרמים,350.00,100 גרם,false,8,15.90,4.5429,true,1,49141
7290000453798,false,שמרית שמרים יבשים אקטיביים 500 גר',"גי' בי' רכיבים בע""מ",IL,שמרים יבשים אקטיביים שימרית 500 גר,גרמים,500.00,100 גרם,false,1,14.90,2.9800,true,1,15773
7290000453866,false,נטורינה תחליף מרגרינה לבישול ואפיה קוקוס שמרית 200 גרם,גרונבאנג- גרונדנסק א,DK,תחליף מרגרינה נטורינה קוקוס 200 גר שמרית,גרמים,200.00,100 גרם,false,1,7.90,3.9500,true,1,20984
7290000453880,false,מרגרינה ללא מלח לאפיה ובישול שמרית 200גר,"פאקא תעשיות בע""מ",IL,מרגרינה ללא מלח לבישול ואפיה 200גר שמרית,גרמים,200.00,100 גרם,false,1,5.90,2.9500,true,1,16222
7290000453897,false,"מרגרינה בטעם חמאה 200 גרם ""שמרית""",גרונבאנג- גרונדנסק א,IL,מרגרינה בטעם חמאה 200 גרם שמרית,גרמים,200.00,100 גרם,false,1,5.90,2.9500,true,1,16221
7290000461007,false,גבינה מגורדת במשקל,,,גבינה מגורדת במשקל,קילוגרמים,1.00,"ק""ג",true,,50.00,50.0000,true,1,8
7290000461625,false,בייגלה שמיניות מלח בייגל בייגל 400 ג',בייגל את בייגל מזון 198),IL,בייגלה שמיניות 400 גרם בדצ,גרמים,400.00,100 גרם,false,1,10.90,2.7250,true,1,1196
7290000461656,false,בייגלה מקלות מלוחים בייגל בייגל 400 גרם,בייגל את בייגל מזון 198),IL,בייגלה אחד אחד 400 גרם בדצ,גרמים,400.00,100 גרם,false,1,10.90,2.7250,true,1,1193
7290000461700,false,בייגלה שמיניות גדולות מלוחות 400 גרם,בייגל את בייגל מזון 198),IL,בייגלה גדול גדול 400 גרם,גרמים,400.00,100 גרם,false,1,14.90,3.7250,true,1,1194
7290000461724,false,בייגלה שמיניות גדולות שומשום בייגל בייגל,יוניליוור מזון,IL,בייגלה גדול שומשום 400 גרם,גרמים,400.00,100 גרם,false,1,16.90,4.2250,true,1,1195
7290000461793,false,בייגלה ארוך ארוך סידרה ירוקה בייגל בייגל 150 גרם,בייגל את בייגל מזון 198),IL,בייגלה ארוך ארוך 150 גרם,גרמים,150.00,100 גרם,false,1,6.50,4.3333,true,1,667
7290000462103,false,סחוג תימני אדום חריף עדין זהבי הכרם 150 גרם,קריניסה ויטמין אס אי,IL,סחוג תימני אדום חריף עדין 150 גרם,גרמים,150.00,100 גרם,false,1,9.90,6.6000,true,1,624
7290000462141,false,סחוג אדום תימני מקורי חריף מאוד זהבי 150 גרם,קריניסה ויטמין אס אי,IL,סחוג אדום חריף מאוד 150 גרם,גרמים,150.00,100 גרם,false,1,9.90,6.6000,true,1,6679
7290000462172,false,סחוג תימני ירוק חריף זהבי הכרם 150 גרם,קריניסה ויטמין אס אי,IL,סחוג תימני ירוק חריף 150 גרם,גרמים,150.00,100 גרם,false,1,9.90,6.6000,true,1,625
7290000462981,false,סחוג חריף אש זהבי 150 גרם,"זהבי הכרם בועז בע""מ-",IL,זחוק חריף אש 150גרם זהבי,גרמים,150.00,100 גרם,false,1,9.90,6.6000,true,1,33964
7290000467153,false,מלך החומוס סמיר הגדול 400 גרם צבר,סלטי צבר,IL,סלט חומוס סמיר הגדול צבר 400 גר,גרמים,400.00,100 גרם,false,1,14.90,3.7250,true,1,824
7290000474090,false,"חלב בקרטון 1%- 1 ליטר בד""צ - מוצר בפיקוח",מילקו תעשיות בעמ,IL,חלב 1% בקרטון 1 ליטר***,ליטרים,1.00,ליטר,false,1,5.86,5.8600,true,1,3338
7290000474502,false,גבינה לבנה טרה 5% מרכיבים טבעיים,הפריט בפיקוח,IL,גבינה לבנה 5% 250 גרם***,גרמים,250.00,100 גרם,false,1,4.98,1.9920,true,1,4463
7290000474540,false,טוב טעם גבינה לבנה 3% טרה 250 גרם,קריות זול,IL,גבינה טוב טעם 3% 250 ג,גרמים,250.00,100 גרם,false,1,11.90,4.7600,true,1,3342
7290000480107,false,קוואקר שיבולת שועל פחית 500 גרם,וולקרס סנקס לימיטד,GB,קוואקר שיבולת שועל 500 ג פחית,גרמים,500.00,100 גרם,false,1,13.90,2.7800,true,1,338
7290000480305,false,ממתיק מלאכותי הרמזית,HERMES,CH,הרמזית 400 טבליות,יחידה,400.00,יחידה,false,1,20.00,0.0500,true,1,1172
7290000480343,false,הרמזית טבליות 1400 י,,,הרמזית טבליות 1400 יח,יחידה,1.40,יחידה,false,1,44.00,31.4286,true,1,1174
7290000480442,false,קוואקר שיבולת שועל בשקית 500 גרם,פריטו ליי FRITO-LAY,IL,קואקר שבולת שועל 500 ג שקית,גרמים,500.00,100 גרם,false,1,12.90,2.5800,true,1,339
7290000482019,false,שקיות לצליה קוקי 10 יחידות,"ש. שסטוביץ בע""מ",IL,שקיות צליה קוקי רגיל 10 יח,יחידה,10.00,יחידה,false,1,11.90,1.1900,true,1,387
7290000482033,false,שקיות לצליה בתנור ובמיקרוגל קוקי 5 יחידות,הנסיך- מפעל לייצור ט,IL,שקיות צליה קוקי ענק 5 יח,יחידה,0.05,יחידה,false,1,11.90,238.0000,true,1,389
7290000483139,false,מרציפן גולמי המרשלג 100 גרם,"המרשלג פרלינס בע""מ",IL,מרציפן המרשלג גולמי 100 ג,גרמים,100.00,100 גרם,false,1,9.90,9.9000,true,1,687
7290000483412,false,קישוטי עוגה טיפטופים,המרשלג פרלינס בעמ,IL,טיפטופים המרשלג 60 ג,גרמים,60.00,100 גרם,false,1,14.90,24.8333,true,1,959
7290000483641,false,מרציפן חלה המרשלג 75 גרם,"המרשלג פרלינס בע""מ",IL,מרציפן המרשלג חלה 75 ג,גרמים,75.00,100 גרם,false,1,8.50,11.3333,true,1,688
7290000484549,false,"כהל 96% לשתיה 750 מ""ל",,IL,כהל 95% נקי 750 מל פיקדון,מיליליטרים,750.00,"100 מ""ל",false,1,139.00,18.5333,true,1,11871
7290000484747,false,עראק עלית 700 מל 40% כהל,יקב הגליל יוסף גולד ובניו,IL,ערק עלית 40% 700 מל,מיליליטרים,700.00,"100 מ""ל",false,1,59.90,8.5571,true,1,17400
7290000490311,false,מנבו וניל פלדמן 6 יחידות,פלקו בעמ,IL,קרמבו מנבו וניל 6 יח פלדמן,יחידה,6.00,יחידה,false,1,12.90,2.1500,true,1,24209
7290000490601,false,גלידל וניל פלדמן מארז שמינייה,הגלידות של פלדמן,IL,מאגדת שלגון גלידל וניל 8 יח פלדמן,יחידה,8.00,יחידה,false,1,29.90,3.7375,true,1,3999
7290000490625,false,שלגונים ציפוי שוקו מאגדת שמינייה 560 ג',הגלידות של פלדמן,IL,מאגדת 8יח שלגון שוקו בציפוי שוקולד,יחידה,8.00,יחידה,false,1,26.90,3.3625,true,1,15829
7290000490717,false,מאגדת גלית- שלגון חלבי בטעם וניל עם ציפו,הגלידות של פלדמן,IL,מאגדת שלגון גלית 8 יח פלדמן,יחידה,8.00,יחידה,false,1,21.90,2.7375,true,1,4506
7290000490762,false,גלידל שוקו פלדמן מארז שמינייה,הגלידות של פלדמן,IL,מאגדת שלגון גלידל שוקו 8 יח פלדמן,יחידה,8.00,יחידה,false,1,29.90,3.7375,true,1,4000
7290000493176,false,אסם אבקת רוטב צלי לבשר 22 ג',"אסם השקעות בע""\מ",IL,אבקת רוטב צלי לבשר 22 גר,גרמים,22.00,100 גרם,false,1,4.50,20.4545,true,1,1726
7290000493183,false,אבקת רוטב פטריות לבשר-30 גרם,"אסם השקעות בע""\מ",IL,אבקת רוטב פטריות 30 גר,גרמים,30.00,100 גרם,false,1,4.50,15.0000,true,1,1727
7290000497044,false,"לחם אקטיב 750 גרם ""ברמן""",מאפית י את א ברמן בע,IL,לחם אקטיב ברמן 750גרם,גרמים,750.00,100 גרם,false,1,15.90,2.1200,true,1,12073
7290000497112,false,לחם ברמן אחיד פרוס 750ג',מאפית י את א ברמן בע,IL,לחם אחיד פרוס 750 גר***,גרמים,750.00,100 גרם,false,1,7.91,1.0547,true,1,5629
7290000497228,false,לחמניה רגילה בשקית ברמן 6יח',מאפית י את א ברמן בע,IL,מארז 6 לחמניה שש בש,גרמים,450.00,100 גרם,false,1,10.00,2.2222,true,1,5110
7290000497273,false,לחמניות ברמן אקטיב 6יח 450גר,מאפית י את א ברמן בע,IL,מארז 6יח לחמניות אקטיב 450 גרם,גרמים,450.00,100 גרם,false,1,12.90,2.8667,true,1,16492
7290000497303,false,"שישיית לחמניות מקמח מלא ""ברמן""",מאפית י את א ברמן בע,IL,מארז 6 לחמניות מקמח מלא,גרמים,450.00,100 גרם,false,1,10.00,2.2222,true,1,5111
7290000497426,false,לחם ברמן לענין פלוס 500 גרם,מאפית י את א ברמן בע,IL,לחם ברמן לענין פלוס 500גר,גרמים,500.00,100 גרם,false,1,15.90,3.1800,true,1,4777
7290000497532,false,"לחם מקמח מלא""לעניין"" 750 גר'",מאפית י את א ברמן בע,IL,לחם ברמן לעניין 750 גרם,גרמים,750.00,100 גרם,false,1,13.90,1.8533,true,1,4488
7290000497570,false,לחם דגנים פלוס ברמן 500 גרם,מאפית י את א ברמן בע,IL,לחם דגנים פלוס ברמן 500 גרם,גרמים,500.00,100 גרם,false,1,14.90,2.9800,true,1,4583
7290000498003,false,לחם מקמח חיטה מלא 750 גר,מאפית י את א ברמן בע,IL,לחם אי פריי קמח מלא 750 גרם ברמן,גרמים,750.00,100 גרם,false,1,15.90,2.1200,true,1,22326
7290000498034,false,לחם אי פרי קמח כוסמין מלא 750 גר',מאפית י את א ברמן בע,IL,לחם אי פרי קמח כוסמין מלא 750 גרם ברמן,גרמים,750.00,100 גרם,false,1,15.90,2.1200,true,1,30210
7290000498256,false,עשיריית לחמניות ברמן,מאפית י את א ברמן בע,IL,מארז 10 לחמניות 750גר בשקית ברמן,גרמים,750.00,100 גרם,false,1,12.90,1.7200,true,1,23131
7290000504025,false,ממתיק סוכרזית פטרייה עלית 300 גרם,אף.סי תבליני בגליל ב,IL,ממתיק סוכרזית פטריה 300 יח,Unknown,0.00,Unknown,false,1,9.50,0.0000,true,1,614
7290000504049,false,סוכרזית קלאסי קנקן 1200 טבליות,אף.סי תבליני בגליל ב,IL,ממתיק סוכרזית קנקן 1200 יח,Unknown,0.00,Unknown,false,1,19.90,0.0000,true,1,615
7290000504209,false,"סוכרזית דיאט טיפ נוזלי 220 מ""ל",אף.סי תבליני בגליל ב,IL,ממתיק סוויט דיאטיפ נוזל 220 מל,מיליליטרים,220.00,"100 מ""ל",false,1,18.90,8.5909,true,1,1153
7290000504261,false,סוויט דיאט כמו סוכר ממתיק אבקתי 65ג',סוכרזית Sucrazit,IL,סוכרזית קלאסי כפית לכפית 100גר,גרמים,100.00,100 גרם,false,1,25.90,25.9000,true,1,990
7290000504278,false,ממתיק סוכרזית אריזת פטנט 700 טבליות,אף.סי תבליני בגליל ב,IL,ממתיק סוכרזית פטנט 700 יח,גרמים,57.00,100 גרם,false,1,16.90,29.6491,true,1,613
7290000518121,false,ממתיק מתוק וקל 50 יחידות,קריות זול,IL,מתוק וקל 50 שקיות,יחידה,50.00,יחידה,false,1,5.90,0.1180,true,1,735
7290000518152,false,ממתיק זהב מתוק וקל 50 שקיות,קריות זול,IL,מתוק וקל זהב 25 שקיות,יחידה,25.00,יחידה,false,1,6.90,0.2760,true,1,733
7290000518169,false,ממתיק מתוק וקל 1000 טבליות,קריות זול,IL,מתוק וקל 1000 טבליות,יחידה,1000.00,יחידה,false,1,9.50,0.0095,true,1,736
7290000518176,false,ממתיק מתוק וקל 250 שקיות,מתוק וקל בעמ,IL,מתוק וקל ענק 250 שקיות,יחידה,250.00,יחידה,false,1,21.90,0.0876,true,1,734
7290000518220,false,ממתיק סוכרה דיאט 100 יחידות,פתח תקווה,IL,סוכרה דיאט מתוק וקל 100 יח,יחידה,100.00,יחידה,false,1,25.00,0.2500,true,1,18571
7290000518251,false,ממתיק זהב מתוק וקל 100 יחידות,קריות זול,IL,מתוק וקל זהב 100 שקיות,יחידה,100.00,יחידה,false,1,13.90,0.1390,true,1,732
7290000518336,false,ממתק צמר גפן מתוק מסיבים תזונתיים,מתוק וקל בעמ,IL,צמר גפן מתוק מווש מתוק וקל 10 גרם,Unknown,0.00,Unknown,false,1,4.90,0.0000,true,1,41066
7290000518398,false,"סוכרה דיאט טיפות 150 מ""ל",מתוק וקל בעמ,IL,סוכרה דיאט טיפות מתוק וקל,מיליליטרים,150.00,"100 מ""ל",false,1,25.00,16.6667,true,1,18573
7290000518879,false,סוכרה דיאט 250 שקיות אריזת חסכון,מתוק וקל בעמ,IL,סוכרה דיאט 250 יח,יחידה,250.00,יחידה,false,1,55.00,0.2200,true,1,12096
7290000521008,false,יין אדום יבש של סגל750מל,"כרמי צבי - אחים סגל בע""\",IL,יין סגל אדום 750 מל פקדון,מיליליטרים,750.00,"100 מ""ל",false,1,25.00,3.3333,true,1,2377
7290000521015,false,"יין לבן יבש של סגל750מ""ל","מיוצר ע""י כרמי צבי-",IL,יין סגל לבן 750 מל פקדון,מיליליטרים,750.00,"100 מ""ל",false,1,25.00,3.3333,true,1,2384
7290000521022,false,"של סגל, יין לבן חצי יבש 750 מ""ל","מיוצר ע""י כרמי צבי-",IL,יין סגל לבן חצי יבש 750 מל פקדון,מיליליטרים,750.00,"100 מ""ל",false,1,25.00,3.3333,true,1,34398
7290000521282,false,יין רכסים מרלו דובב,,,יין רכסים מרלו דובב 750 מל פיקדון,מיליליטרים,750.00,"100 מ""ל",false,1,80.00,10.6667,true,1,4628
7290000521336,false,יין רכסים זמרה שרדונ,,,יין רכסים זמרה שרדונה 2013 750 מל,מיליליטרים,750.00,"100 מ""ל",false,1,80.00,10.6667,true,1,15228
7290000522166,false,חלב הרים טהור-עמיד- נטול לקטוז 1 לי 3%,"מחלבות רמת הגולן בע""",IL,חלב הרים טהור נטול לקטוז 3% 1 ליטר,ליטרים,1.00,ליטר,false,1,10.90,10.9000,true,1,10170
7290000522272,false,"שמנת לקפה רמת הגולן 10% 500 מ""ל עמידה",מחלבות רמת הגולן,IL,שמנת לקפה 10% שומן 500 מל עמידה,מיליליטרים,500.00,"100 מ""ל",false,1,10.50,2.1000,true,1,12858
7290000523125,false,מלח הארץ הים האדום 250 ג' עדין,"חברת מלח הארץ אילת בע""\מ",IL,מלח ים יבש הארץ 250 גר במיכל,גרמים,250.00,100 גרם,false,1,5.90,2.3600,true,1,813
7290000523224,false,מלח הארץ הים האדום 500 ג' עדין,"חברת מלח הארץ אילת בע""\מ",IL,מלח ים יבש הארץ 500 גרם במיכל,גרמים,500.00,100 גרם,false,1,8.90,1.7800,true,1,814
7290000523514,false,מלח ים יבש מלח הארץ 250 גרם מופחת נתרן,"חברת מלח הארץ אילת בע""\מ",IL,מלח ים הארץ דל נתרן 250 גרם,גרמים,250.00,100 גרם,false,1,10.90,4.3600,true,1,815
7290000523521,false,מלח ים מלח הארץ 250 גרם מועשר ביוד,חברת מלח הארץ אילת ב,IL,מלח ים הארץ מועשר ביוד 250 גר,גרמים,250.00,100 גרם,false,1,6.50,2.6000,true,1,3333
7290000523804,false,"מלח עדין צנצנת 1 ק""ג מלח הארץ","חברת מלח הארץ אילת בע""\מ",IL,מלח עדין הארץ 1 קג צנצנת,קילוגרמים,1.00,"ק""ג",false,1,7.50,7.5000,true,1,6295
7290000523811,false,"צנצנת מלח גס 1 ק""ג מלח הארץ","חברת מלח הארץ אילת בע""\מ",IL,מלח גס הארץ 1 קג צנצנת,קילוגרמים,1.00,"ק""ג",false,1,7.50,7.5000,true,1,6296
7290000525969,false,מיץ תפוזים סחוט רכיבים טבעיים פרימור 1 ליטר,"גניר (1992) בע""מ",IL,מיץ תפוזים סחוט 1 ליטר,ליטרים,1.00,ליטר,false,1,15.90,15.9000,true,1,1494
7290000529271,false,תה עדנים-חליטת חרוב ופריחת פסיפלורה 45 ג,,IL,חליטת חרוב ופריחת פסי אורגני 20 שק,יחידה,20.00,יחידה,false,8,13.90,0.6950,true,1,20240
7290000529561,false,תה ירוק אכינציאה 2גר,,,תה ירוק אכינציאה 2גר 20שק אורגני,יחידה,20.00,יחידה,false,1,13.90,0.6950,true,1,20241
7290000529974,false,חליטת קורנית ואקליפט,,,חליטת קורנית ואקליפטוס אורגני 20 שק,יחידה,20.00,יחידה,false,1,13.90,0.6950,true,1,20239
7290000529981,false,חליטת שומר וגינגר או,,,חליטת שומר וגינגר אורגני 1.8 גר 20 שק,יחידה,20.00,יחידה,false,1,13.90,0.6950,true,1,20238
7290000530024,false,נקניק תה מעושן רחב במשקל,זוגלובק,IL,נקניק תה מעושן רחב במשקל,קילוגרמים,1.00,"ק""ג",true,,42.00,42.0000,true,1,48879
7290000530031,false,סלמי פיין צר זוגלובק,זוגלובק,IL,נקניק פיין סלמי צר במשקל,קילוגרמים,1.00,"ק""ג",true,,42.00,42.0000,true,1,48883
7290000530048,false,נקניק סלמי פפרוני במ,זוגלובק,IL,נקניק סלמי פפרוני במשקל,קילוגרמים,1.00,"ק""ג",true,,42.00,42.0000,true,1,48882
7290000530086,false,נקניק סלמי מעושן זוגלובק 600 גרם,נקניק נהריה כשר זוגל,IL,נקניק סלמי מעושן 7000,גרמים,600.00,100 גרם,false,1,32.90,5.4833,true,1,50924
7290000530109,false,קבנוס זוגי בואקום זוגלובק 180ג',נקניק נהריה כשר זוגל,IL,מארז זוג קבנוס בואקום במבצע,יחידה,1.00,יחידה,false,1,26.90,26.9000,true,1,50925
7290000530192,false,נקניק סלמי סרוולד במ,זוגלובק,IL,נקניק סלמי סרוולד במשקל,קילוגרמים,1.00,"ק""ג",true,,120.00,120.0000,true,1,48910
7290000530260,false,נקניק מרטדלה רחב במשקל,זוגלובק,IL,נקניק מורטודלה רחב במשקל,קילוגרמים,1.00,"ק""ג",true,,39.00,39.0000,true,1,49494
7290000530369,false,גולן ח.הודו מעוש.שלם משק,זוגלובק,IL,חזה הודו מעושן גולן עם עור במשקל,קילוגרמים,1.00,"ק""ג",true,,69.00,69.0000,true,1,48884
7290000530444,false,כתף בקר מעושן אורלנדו מש,זוגלובק,IL,כתף בקר מעושן במשקל,קילוגרמים,1.00,"ק""ג",true,,109.00,109.0000,true,1,48915
7290000530598,false,נקניקיות עוף וינר זוגלובק 500 גרם,נקניק נהריה כשר זוגל,IL,נקניקיות וינר 500 גרם,גרמים,500.00,100 גרם,false,1,10.90,2.1800,true,1,49313
7290000530703,false,פסטרמה חרמון כפרית ונקניק תה מעושן זוגלובק 2*400 גרם,נקניק נהריה כשר זוגל,IL,מארז נ. תה מעושן 400גר+חזה עוף והודו 400,גרמים,800.00,100 גרם,false,9,29.90,3.7375,true,1,51628
7290000531410,false,פסטרממיה בדבש טהור במשקל,זוגלובק,IL,פסטרממיה בדבש טהור במשקל,קילוגרמים,1.00,"ק""ג",true,,69.00,69.0000,true,1,48887
7290000532400,false,חזה הודו ברביקיו במשקל,זוגלובק,IL,חזה הודו צלוי ברביקיו במשקל,קילוגרמים,1.00,"ק""ג",true,,69.00,69.0000,true,1,48886
7290000532721,false,כתף בקר בפלפל טורו במשקל,זוגלובק,IL,כתף בקר טורו מצופה פלפל במשקל,קילוגרמים,1.00,"ק""ג",true,,109.00,109.0000,true,1,48916
7290000533681,false,פסטרמה הודו מעושנת הבית,זוגלובק,IL,פסטרממיה מעושנת הבית במשקל,קילוגרמים,1.00,"ק""ג",true,,69.00,69.0000,true,1,48889
7290000534718,false,חזה הודו תבור דל שומן מש,זוגלובק,IL,חזה הודו מעושן תבור בלי עור במשקל,קילוגרמים,1.00,"ק""ג",true,,69.00,69.0000,true,1,48885
7290000535791,false,קורנדביף בסגנון ניויורק,זוגלובק,IL,חזה בקר מעושן ניו יורק במשקל,קילוגרמים,1.00,"ק""ג",true,,109.00,109.0000,true,1,48914
7290000536057,false,מורטודלה עם זיתים במ,,IL,מורטודלה עם זיתים במשקל,קילוגרמים,1.00,"ק""ג",true,,39.00,39.0000,true,1,49495
7290000536743,false,שניצלונים קריספי ט. תירס 500 גר' זוגלובק,נקניק נהריה כשר זוגל,IL,קריספי סטיקס תירס 500גר,גרמים,500.00,100 גרם,false,12,15.90,3.1800,true,1,48950
7290000537566,false,נקניקיות עוף טרי 400 ג' זוגלובק,נקניק נהריה כשר זוגל,IL,נקניקיות עוף טרי 400 גרם,גרמים,400.00,100 גרם,false,12,10.90,2.7250,true,1,48908
7290000537610,false,נקניק סלמי עממי במשק,זוגלובק,IL,נקניק סלמי עממי במשקל,קילוגרמים,1.00,"ק""ג",true,,42.00,42.0000,true,1,48880
7290000538372,false,נקניק קוניאק אקסטרה,זוגלובק,IL,נקניק קוניאק אקסטרה פיין במשקל,קילוגרמים,1.00,"ק""ג",true,,42.00,42.0000,true,1,48881
7290000551067,false,צלי כתף מס5' מוכשר קפוא,פריגוצאקו / פרגוואי,XX,בשר בקר מוכשר מס 5 קפוא,קילוגרמים,1.00,"ק""ג",true,,74.00,74.0000,true,1,5096
7290000551074,false,פילה מדומה מס6' מוכשר קפ,פריגוצאקו / פרגוואי,XX,בשר בקר מוכשר מס 6קפוא,קילוגרמים,1.00,"ק""ג",true,,42.90,42.9000,true,1,5095
7290000551159,false,בשר ראש קפוא מוכשר,פניסקור,IL,בשר ראש קפוא מוכשר,קילוגרמים,1.00,"ק""ג",true,,77.00,77.0000,true,1,4157
7290000551197,false,לשון בקר נקי מוכשר א,טיבון ויל - נטו,PY,לשון בקר נקי מוכשר אורגוואי במשקל,קילוגרמים,1.00,"ק""ג",true,,39.90,39.9000,true,1,4139
7290000552118,false,נקניקיות מרגז טיבון ויל 400 גרם,טיבון ויל אחזקות בעמ,IL,נקניקיות מרגז 400 גרם,גרמים,400.00,100 גרם,false,1,17.90,4.4750,true,1,670
7290000552194,false,קישקע טיבון ויל 500 גרם,טיבון ויל אחזקות בעמ,IL,קישקע 500 גרם,גרמים,500.00,100 גרם,false,1,12.90,2.5800,true,1,185
7290000552569,false,סטייקבורגר בקר טיבון ויל 400 גרם,"טיבון ויל אחזקות בע""\מ",IL,סטיק בורגר בקר 400 גרם,גרמים,400.00,100 גרם,false,1,15.90,3.9750,true,1,634
7290000552927,false,עוף טחון טיבון ויל 500 גרם,"טיבון ויל אחזקות בע""\מ",IL,טחון עוף 500 גרם,גרמים,500.00,100 גרם,false,1,10.90,2.1800,true,1,1723
7290000552934,false,בשר הודו טחון טיבון ויל 500 גרם,"טיבון ויל אחזקות בע""\מ",IL,טחון הודו 500 גרם,גרמים,500.00,100 גרם,false,1,10.90,2.1800,true,1,1144
7290000552989,false,בשר טחון טיבון ויל 500 גרם,"טיבון ויל אחזקות בע""\מ",IL,בשר טחון מובחר 500 גר,גרמים,500.00,100 גרם,false,1,21.90,4.3800,true,1,1234
7290000554006,false,גבינה קשקבלו משולשים,מחלבות גד,IL,גבינת קשקבל קשה במשקל משולש,קילוגרמים,1.00,"ק""ג",true,,159.00,159.0000,true,1,332
7290000554402,false,מעדן חלב מלבי 5% גד 170 גרם,"מיוצר ע""\י קוד יצרן EDNK",IL,מלבי&קוקוס ובוטנים 5% 160 גר,גרמים,160.00,100 גרם,false,1,6.30,3.9375,true,1,809
7290000554457,false,גבינה צפתית במליחות עדינה 5% גד 350 גרם,"מחלבות גד בע""\מ",IL,גבינה צפתית מיני 5% 350 גרם,גרמים,350.00,100 גרם,false,1,22.90,6.5429,true,1,325
7290000554471,false,נקניק מוצרלה 22 אחוז 180גרם גד מהדרין,"מחלבות גד בע""\מ",IL,גליל מוצרלה 22% 180 גרם,גרמים,180.00,100 גרם,false,1,21.90,12.1667,true,1,1294
7290000554532,false,גבינה צפתית מעודנת במלח ים 5% 200 ג' גד,הנסיך- מפעל לייצור ט,IL,גב.צפתית מעודנת 5% מלח ים טבעי200 גר,גרמים,200.00,100 גרם,false,1,16.90,8.4500,true,1,6618
7290000554600,false,מוצרלה מגורדת 22 אחוז 300גרם גד מהדרין,מחלבות גד בעמ,IL,מוצרלה מגורדת 22% 300 גרם,גרמים,300.00,100 גרם,false,1,28.50,9.5000,true,1,933
7290000554624,false,מעדן חלב ירח מתוק עם אורז 3% גד 150 גרם,"מיוצר ע""\י קוד יצרן EDNK",IL,ירח מתוק חלב&אורז 3% 150 גרם,גרמים,150.00,100 גרם,false,1,6.30,4.2000,true,1,979
7290000554655,false,מוצרלה מעושנת בנקניק,מחלבות גד,IL,גבינת מוצרלה מעושנת במשקל,קילוגרמים,1.00,"ק""ג",true,,100.00,100.0000,true,1,934
7290000554686,false,גבינת לאבנה בתוספת שמן זית וזעתר 5% גד 250 גרם,מחלבות גד בעמ,IL,לבנה עם שמן זית וזעתר 5% 250 גרם,גרמים,250.00,100 גרם,false,1,16.90,6.7600,true,1,1025
7290000554792,false,גבינה בולגרית 5%במשקל,מחלבות גד,IL,גבינה בולגרית 5% במשקל,קילוגרמים,1.00,"ק""ג",true,,69.00,69.0000,true,1,418
7290000554815,false,מוצרלה נקניק 22% במשקל,מחלבות גד,IL,גליל מוצרלה טבעי במשקל,קילוגרמים,1.00,"ק""ג",true,,95.00,95.0000,true,1,1295
7290000554822,false,גבינת ריקוטה בסגנון איטלקי 5% גד 250 גרם,מחלבות גד בעמ,IL,ריקוטה ג.איטלקית רכה 5% 250 גר,גרמים,250.00,100 גרם,false,1,15.50,6.2000,true,1,119
7290000554839,false,שמנת מתוקה קשה בסגנון איטלקי 40% שומן 250 ג' גד,מחלבות גד בעמ,IL,גבינת מסקרפונה 40% 250 גרם,גרמים,250.00,100 גרם,false,1,23.90,9.5600,true,1,863
7290000554891,false,גב.בולגרית %16 במשקל,מחלבות גד,IL,ג.בולגרית 16% גד במשקל,קילוגרמים,1.00,"ק""ג",true,,69.00,69.0000,true,1,1257
7290000554921,false,גבינת ריקוטה איטלקית,מחלבות גד,IL,גבינת ריקוטה איטלקית רכה במשקל,קילוגרמים,1.00,"ק""ג",true,,69.00,69.0000,true,1,35
7290000554952,false,גבינה צפתית קשה במשק,מחלבות גד,IL,גבינה צפתית קשה במשקל,קילוגרמים,1.00,"ק""ג",true,,99.00,99.0000,true,1,1272
7290000554969,false,גב.שמנת 30%שומן1קג משקל,מחלבות גד,IL,ג.שמנת 30% טבעית במשקל,קילוגרמים,1.00,"ק""ג",true,,55.00,55.0000,true,1,1855
7290000554976,false,גבינת שמנת זיתים גד,מחלבות גד,IL,גבינת שמנת 30% זיתים במשקל,קילוגרמים,1.00,"ק""ג",true,,55.00,55.0000,true,1,1273
7290000560021,false,אדג' ג'ל ורוד נגד חתכים 198ג',המאפיה של הרמן,US,גל גילוח אדג לעור נגד חתכים 210 גר,גרמים,210.00,100 גרם,false,1,15.90,7.5714,true,1,1305
7290000560533,false,אדג' ג'ל גילוח ירוק לעור רגיל 198גרם,אס.סי ג'ונסון ובניו,US,גל גילוח אדג לעור רגיל ירוק 210 גר,גרמים,210.00,100 גרם,false,1,15.90,7.5714,true,1,1306
7290000560540,false,אדג' ג'ל גילוח כתום לעור רגיש 198גרם,המאפיה של הרמן,US,גל גילוח אדג לעור רגיש כתום 210 גר,גרמים,210.00,100 גרם,false,1,15.90,7.5714,true,1,1307
7290000560557,false,אדג' ג'ל סגול כהה לעור יבש 198ג',אס.סי ג'ונסון ובניו,US,גל גילוח אדג לריכוך העור סגול 210 גר,גרמים,210.00,100 גרם,false,1,15.90,7.5714,true,1,1303
7290000571232,false,גבינת גאודה טבעית פרוס 30% המחלווה 150ג',גבינות משק אחים מאיר בית,IL,גבינת גאודה פרוס 150 גרם,גרמים,150.00,100 גרם,false,1,23.90,15.9333,true,1,1255
7290000571300,false,גאודה מעושנת פרוס 200 גרם המחלבה,גבינות משק אחים מאיר,IL,גבינת גאודה מעושנת פרוסה 150 גר,גרמים,150.00,100 גרם,false,1,23.90,15.9333,true,1,9165
7290000571386,false,המחלבה יוגורמה יוגורט מחלב כבשים 5% 850 גרם,גבינות משק אחים מאיר בית,IL,יוגורמה 850 גרם,גרמים,850.00,100 גרם,false,1,26.50,3.1176,true,1,2296
7290000571393,false,המחלבה יוגורמה יוגורט מחלב כבשים 5% 140 גרם,גבינות משק אחים מאיר,IL,יוגורמה 140 גרם,גרמים,140.00,100 גרם,false,1,6.30,4.5000,true,1,2842
7290000571478,false,"גבינת גאודה תום פרוסה עיזים, 200 גרם",גבינות משק אחים מאיר בית,IL,גבינת טום עיזים פרוסה 150 גר בית יצחק,גרמים,150.00,100 גרם,false,1,35.90,23.9333,true,1,7324
7290000571812,false,גבינת פרמז'ן מגורד 200 גרם,גבינות משק אחים מאיר,IL,גבינת פרמזן מגורדת 200 גר,גרמים,200.00,100 גרם,false,1,23.90,11.9500,true,1,11896
7290000571843,false,המחלבה יוגורמה גביע מחלב עזים 140 גרם,גבינות משק אחים מאיר בית,IL,יוגורט עיזים יוגורמה 140 גרם,גרמים,140.00,100 גרם,false,1,6.30,4.5000,true,1,13685
7290000571881,false,"משקה יוגורט מחלב עיזים 3.6% 500 מ""ל",גבינות משק אחים מאיר,IL,משקה יוגורט עיזים 500מל בקבוק בית יצחק,מיליליטרים,500.00,"100 מ""ל",false,1,12.90,2.5800,true,1,40373
7290000572222,false,חלווה בלוק וניל אחוה 500 גרם,שוורצקוף& הנקל דיסלד,IL,חלבה אחוה קסטה 500 גרם,גרמים,500.00,100 גרם,false,1,11.90,2.3800,true,1,4223
7290000572628,false,חטיפי חלווה ללא סוכר בקופסא 250 גרם,שוורצקוף& הנקל דיסלד,IL,חטיף חלבה אחווה לייט ללא סוכר 10 יח,Unknown,0.00,Unknown,false,1,13.90,0.0000,true,1,2751
7290000599601,false,"מארז זוגי מבריק חלונות 750 מ""ל",TARSQM,TR,זוג מבריק חלונות,יחידה,1.00,יחידה,false,6,9.90,9.9000,true,1,23459
7290000599847,false,רב מגבת מויסקו,מ.א,IL,סופר מגבת,Unknown,0.00,Unknown,false,20,8.90,0.0000,true,1,24854
7290000599861,false,"מגב פלסטיק 40 ס""מ + הברגה",TBD,CN,מגב פלסטיק 40סמ,יחידה,1.00,יחידה,false,48,8.90,8.9000,true,1,32026
7290000599946,false,ספוג הפלא שייני 6 יחידות,מ.א ייצור ושיווק מטל,IL,ספוג הפלא 6יח שיין,יחידה,6.00,יחידה,false,24,4.90,0.8167,true,1,31975
7290000679440,false,"קמיל בלו משחה לתינוק ד""ר פישר 100 גרם",פישר מעבדות פרמצבטיות בע,IL,משחה לתינוק קמיל בלו 100 גר,גרמים,100.00,100 גרם,false,1,14.90,14.9000,true,1,5586
7290000679563,false,פדיסול דאודרנט 200 מל בוטן,"ד""ר פישר Dr fischer",IL,דאודורנט פדיסול לרגליים 200 גר בוטן,גרמים,200.00,100 גרם,false,12,29.90,14.9500,true,1,29056
7290000679570,false,פדיסול אבקה אנטיפרספירנט דאודורנט 200 מ,"ד""ר פישר Dr fischer",IL,אבקה פדיסול אנטיפרספירנט 200 מל,גרמים,200.00,100 גרם,false,12,29.90,14.9500,true,1,29057
7290000684345,false,שלישיית פילטר בריטה,שלישיית פילטר בריטה,,שלישיית פילטר בריטה,Unknown,0.00,Unknown,false,1,129.00,0.0000,true,1,175
7290000688084,false,מי עדן פקק ספורטאים500מל,"מופק ממקור בזלתי עדן ,1",IL,מים מינרלים מי עדן ספורט 500 מל פיקדון,מיליליטרים,500.00,"100 מ""ל",false,1,6.00,1.2000,true,1,2330
7290000688176,false,מים מינרליים בייבי מ,מופק ממקור בזלתי עדן,IL,מים מינרלים מי עדן בייבי 250 מל פיקדון,מיליליטרים,250.00,"100 מ""ל",false,1,5.00,2.0000,true,1,2635
7290000688374,false,"מים מינרליים מי עדן בייבי 6*330 מ""ל","מופק ממקור בזלתי עדן ,1",IL,מארז 6יח מים מינרלים מי עדן בייבי 330מל,מיליליטרים,1980.00,"100 מ""ל",false,1,13.90,0.7020,true,1,1827
7290000688381,false,שישיית מי עדן פקק ספורט 0.5 ליטר,"מופק ממקור בזלתי עדן ,1",IL,שישיית מים מינרלים מי עדן 500 מל פיק,ליטרים,3.00,ליטר,false,1,14.90,4.9667,true,1,2329
7290000688466,false,מים מינרלים פקק ספור,מופק ממקור בזלתי עדן,IL,מים מינרלים מי עדן גים ספורט750מל פיקדון,מיליליטרים,750.00,"100 מ""ל",false,1,7.00,0.9333,true,1,2427
7290000688503,false,"מים מינרלים פקק ספורט מי עדן 6*750 מ""ל","מופק ממקור בזלתי עדן ,1",IL,שישיית מים מינרלים מי עדן750מל פיקדון,ליטרים,4.50,ליטר,false,1,16.90,3.7556,true,1,3084
7290000692135,false,ספיד סטיק דאו בסיסי ירוק א.פ פרש פאוור,קולגייט-פלמוליב,TR,דאו.ספיד סטיק רגיל בסיסי ירוק א.פ. פרש,Unknown,0.00,Unknown,false,1,15.90,0.0000,true,1,23971
7290000692227,false,נוזל כלים פלמוליב צילינדר קלאסי 1 ליטר,יבואן ומשווק: ש. שסט,GR,נוזל כלים פלמוליב צילנדר 1 ל קלאסי,ליטרים,1.00,ליטר,false,1,13.50,13.5000,true,1,446
7290000692456,false,אג'קס חלונות זוג 750*2 מל ספריי ורפיל,הנסיך- מפעל לייצור ט,GR,זוג נוזל לניקוי חלונות אגקס כחול,ליטרים,1.50,ליטר,false,1,25.90,17.2667,true,1,1437
7290000803067,false,"משחת שיניים לילדים גילאים 6-2 אלמקס 75 מ""ל",הנסיך- מפעל לייצור ט,PL,מש.שיניים אלמקס ילדים 75 מל,מיליליטרים,75.00,"100 מ""ל",false,1,17.90,23.8667,true,1,1330
7290000804484,false,אלמקס שטיפת פה דנטלית למניעת עששת 400מל,קולגייט פלמוליב,CH,מי פה לשטיפה אלמקס 400 מל,מיליליטרים,400.00,"100 מ""ל",false,1,29.90,7.4750,true,1,4
7290000900117,false,דג סלמון טרי שלם גדו,,,דג סלמון טרי שלם גדול,קילוגרמים,1.00,"ק""ג",true,,89.90,89.9000,true,1,2064
7290000900179,false,פילה מוסר ים טרי,,,פילה מוסר ים טרי,קילוגרמים,1.00,"ק""ג",true,,140.00,140.0000,true,1,2065
7290000900186,false,בר ים טרי מובחר,,,דג קוד טרי,קילוגרמים,1.00,"ק""ג",true,,115.00,115.0000,true,1,2066
7290000900384,false,דג סלמון כבוש טרי,,,דג סלמון כבוש טרי,קילוגרמים,1.00,"ק""ג",true,,180.00,180.0000,true,1,2069
7290000902357,false,קופון נייר מגבת ניקו,,,קופון נייר מגבת ניקול גמבו ב14.90שח,Unknown,0.00,Unknown,false,1,0.01,0.0000,true,1,35096
7290000903699,false,קופון קפסולות קפה לנ,,,קופון קפסולות קפה לנדוור ב11.90שח,Unknown,0.00,Unknown,false,1,0.01,0.0000,true,1,35106
7290000910499,false,ירך הודו טרי עם עצם,,,ירך הודו טרי עם עצם,קילוגרמים,1.00,"ק""ג",true,,64.90,64.9000,true,1,2841
7290000950242,false,נתח קצבים,,,נתח קצבים,קילוגרמים,1.00,"ק""ג",true,,140.00,140.0000,true,1,3469
7290000961095,false,פילה אנטיאס אמאצי טר,,,פילה אנטיאס אמאצי טרי,קילוגרמים,1.00,"ק""ג",true,,250.00,250.0000,true,1,39647
7290000967967,false,גבינת פרובולונה פיקנ,,,גבינת פרובולונה פיקנטה איטלקי במשקל,קילוגרמים,1.00,"ק""ג",true,,119.00,119.0000,true,1,48765
7290000990095,false,סטייק סלמון טרי,,,סטייק סלמון טרי,קילוגרמים,1.00,"ק""ג",true,,99.90,99.9000,true,1,2227
7290001009123,false,לחם כוסמין לחמנו 600 גרם,,,לחם כוסמין 100% 450 גרם,גרמים,450.00,100 גרם,false,1,15.90,3.5333,true,1,19504
7290001009178,false,לחם שיפון לחמנו 900ג,,,לחם 100% שיפון 900 גר,גרמים,900.00,100 גרם,false,1,16.90,1.8778,true,1,7169
7290001012765,false,רייד מכשיר חשמלי+2 ט,אף.סי תבליני בגליל ב,IT,רייד מכשיר חשמלי+2 טבליות 60 לילות,יחידה,60.00,יחידה,false,1,32.50,0.5417,true,1,1788
7290001045169,false,מיץ תפוחי עץ צלול פרימור 1 ליטר,"גניר (1992) בע""מ",IL,מיץ תפוחים צלול 1 ליטר פקדון,ליטרים,1.00,ליטר,false,1,15.90,15.9000,true,1,1498
7290001108239,false,מנגל חד פעמי קומפלט,,,מנגל חד פעמי קומפלט,Unknown,0.00,Unknown,false,1,36.90,0.0000,true,1,11713
7290001121023,false,פסטרמה של פעם יחיעם,מעדני יחיעם,IL,פסטרמה של פעם במשקל,קילוגרמים,1.00,"ק""ג",true,,69.00,69.0000,true,1,3230
7290001121054,false,צמד חמד פסטרמה וסלמי יחיעם 700 גרם,תאי פרזידנט פוד פאבל,IL,מארז נקניק צמד חמד 700 ג,גרמים,700.00,100 גרם,false,1,25.90,3.7000,true,1,3257
7290001121092,false,פסטרמה עוף בגריל במשקל,מעדני יחיעם,IL,פסטרמה עוף בגריל במשקל,קילוגרמים,1.00,"ק""ג",true,,69.00,69.0000,true,1,3239
7290001121146,false,פסטרמה טבעית חזה הוד,מעדני יחיעם,IL,פסטרמה טבעית חזה הודו מעושן במשקל,קילוגרמים,1.00,"ק""ג",true,,69.00,69.0000,true,1,3223
7290001121238,false,נקניק קורנדביף 4% יחיעם 180 גרם,מעדני יחיעם 1993,IL,נקניק קורנד ביף 180 גר,גרמים,180.00,100 גרם,false,1,25.90,14.3889,true,1,7302
7290001121672,false,פסטרמה מעודנת בפפריקה 300 ג' יחיעם,מעדני יחיעם 1993,IL,פסטרמה מעודנת בפפריקה 300 גר,גרמים,300.00,100 גרם,false,1,21.90,7.3000,true,1,9382
7290001121849,false,פסטרמה ברביקיו יחיעם 250 גרם ר.טבעיים,מעדני יחיעם 1993,IL,פסטרמה הודו 100% חומרים טבעיים 250 גר,גרמים,300.00,100 גרם,false,1,25.90,8.6333,true,1,10162
7290001121931,false,קבנוס מקסיקני דק דק יחיעם 125 גרם,מעדני יחיעם 1993,,קבנוס מקסיקני דק דק 125 גר,גרמים,125.00,100 גרם,false,1,12.90,10.3200,true,1,9414
7290001121979,false,נקניק סלמי הרץ מעדני יחיעם 150 גרם,תאי פרזידנט פוד פאבל,IL,נקניק סלמי הרץ 150 גר,גרמים,150.00,100 גרם,false,1,23.90,15.9333,true,1,8666
7290001123058,false,פילה מדומה מס6' חלק קפוא,פניסקור בארת,IL,בשר בקר חלק מס 6 קפוא במשקל,קילוגרמים,1.00,"ק""ג",true,,42.90,42.9000,true,1,4717
7290001123775,false,שווארמה אמיתית פרגיות טיבון ויל 500 גרם,"טיבול ויל אחזקות בע""",IL,שווארמה פרגיות 500 גרם,גרמים,500.00,100 גרם,false,1,24.90,4.9800,true,1,136
7290001123782,false,שווארמה אמיתית הודו טיבון ויל 500 גרם,טיבון ויל - נטו,IL,שווארמה הודו 500 גרם,גרמים,500.00,100 גרם,false,1,24.90,4.9800,true,1,135
7290001124536,false,ארוחת נודלס טעם תירס מג'יק 70 גרם,טאט הוי פוד בעמ,SG,מגיק בכוס תירס 70 גרם,גרמים,70.00,100 גרם,false,1,4.90,7.0000,true,1,917
7290001124611,false,שומן כבש טיבון ויל 200 גרם,טיבון ויל אחזקות בעמ,IL,שומן כבש 200 גרם,גרמים,200.00,100 גרם,false,1,19.90,9.9500,true,1,140
7290001127018,false,דג דניס טרי מדיום,,,דג דניס טרי מדיום,קילוגרמים,1.00,"ק""ג",true,,65.00,65.0000,true,1,5304
7290001129524,false,דג לברק טרי בינוני,נטו,IL,דג לברק טרי בנוני,קילוגרמים,1.00,"ק""ג",true,,75.00,75.0000,true,1,5305
7290001129715,false,דג דניס טרי אקס לארג,,,דג דניס טרי אקס לארג,קילוגרמים,1.00,"ק""ג",true,,79.90,79.9000,true,1,3607
7290001129784,false,דג בס טרי,,,דג בס טרי,קילוגרמים,1.00,"ק""ג",true,,65.00,65.0000,true,1,5298
7290001135068,false,שניצל עוף קפוא ארוז,"נטו מלינדה סחר בע""מ",IL,שניצל עוף קפוא ארוז,קילוגרמים,1.00,"ק""ג",true,,35.00,35.0000,true,1,45409
7290001136287,false,"שמפו לשיער רגיל בבושם פרחים נקה 7 750 מ""ל","אמיליה קוסמטיקס בע""מ",IL,נקה 7 שמפו 750 מל רגיל,מיליליטרים,750.00,"100 מ""ל",false,1,12.90,1.7200,true,1,2652
7290001136294,false,"שמפו לשיער יבש בבישום פרחים נקה 7 750 מ""ל","אמיליה קוסמטיקס בע""מ",IL,נקה 7 שמפו 750 מל יבש,מיליליטרים,750.00,"100 מ""ל",false,1,12.90,1.7200,true,1,2651
7290001136300,false,"נקה 7 שמפו ומרכך לסירוק קל 750 מ""ל",אמיליה קוסמטיקס בעמ,IL,נקה 7 שמפו 750 מל לסרוק קל,מיליליטרים,750.00,"100 מ""ל",false,1,12.90,1.7200,true,1,2654
7290001136362,false,נקה 7 תחליב רחצה אלוורה ארומה ירוק 1 ל',מיוצר בסין.יבוא ושיו,IL,אלסבון נקה 7 ארומה 1 ל ירוק,ליטרים,1.00,ליטר,false,1,12.90,12.9000,true,1,758
7290001136683,false,"מרכך לשיער רגיל בבושם פרחים נקה 7 750 מ""ל","אמיליה קוסמטיקס בע""מ",IL,נקה 7 מרכך 750 מל רגיל,מיליליטרים,750.00,"100 מ""ל",false,1,12.90,1.7200,true,1,2655
7290001136799,false,נקה 7 תחליב רחצה ארומה ורוד יסמין 1 ל',מיוצר בסין.יבוא ושיו,IL,אלסבון נקה 7 ארומה 1 ליטר ורוד,ליטרים,1.00,ליטר,false,1,12.90,12.9000,true,1,594
7290001136973,false,נקה 7 תחליב רחצה ארומה קמומיל לבן 1 ל',טרופיקל דגיל תעשיות,IL,אלסבון נקה 7 ארומה 1 ל לבן,ליטרים,1.00,ליטר,false,1,12.90,12.9000,true,1,2963
7290001216040,false,טחינה גולמית שומשום טהור אל ארז 500 גרם,אגס ירוק מסחר ושירותים,IL,טחינה אלארז 500 גר,גרמים,500.00,100 גרם,false,24,15.90,3.1800,true,1,6717
7290001216057,false,"טחינה שומשום טהור אל ארז 1 ק""ג",אגס ירוק מסחר ושירותים,IL,טחינה אלארז 1 קג,קילוגרמים,1.00,"ק""ג",false,12,31.90,31.9000,true,1,3024
7290001216101,false,"טחינה שומשום מלא אל ארז 1 ק""ג",טחינה אל ארז,IL,הפשטידה של עידית,קילוגרמים,1.00,"ק""ג",false,12,33.90,33.9000,true,1,36620
7290001216231,false,טחינה גולמית שומשום מלא אל ארז 500 גרם,אגס ירוק מסחר ושירותים,IL,טחינה אלארז משומשום מלא 500 גר,גרמים,500.00,100 גרם,false,24,16.90,3.3800,true,1,6718
7290001246900,false,אקופרינד-מסיר שומנים 750 מל,אקופרנד,IL,מסיר שומנים אקופרנד אקולוגי 750 מל,מיליליטרים,750.00,"100 מ""ל",false,1,16.90,2.2533,true,1,47371
7290001246917,false,אקופרינד- מנקה אמבטיות וכיורים 750 מל,אקופרנד,IL,מנקה אמבטיות וכיורים אקופרנד אקולוגי750מ,מיליליטרים,750.00,"100 מ""ל",false,1,16.90,2.2533,true,1,47372
7290001246948,false,מלבין אקונומיקה 2 ליטר,אקופרנד,IL,מלבין אל אקונומיקה אקולוגי אקופרנד 2ליטר,ליטרים,2.00,ליטר,false,1,16.90,8.4500,true,1,47373
7290001246962,false,אקופרינד-נוזל כלים תפוז 1 ליטר,פ.פ.ח. שאביט,IL,נוזל כלים 1ליטר תפוז אקולוגי אקופרנד,ליטרים,1.00,ליטר,false,1,13.90,13.9000,true,1,47374
7290001246986,false,אקופרינד-נוזל רב תכליתי 1 ליטר,אקופרנד,IL,מנקה רב תכליתי אקופרנד,ליטרים,1.00,ליטר,false,1,16.90,16.9000,true,1,47375
7290001246993,false,אקופרינד-נוזל רצפות 4 ליטר,אקופרנד,IL,נוזל לניקוי רצפות אקולוגי 4ליטר אקופרנד,ליטרים,4.00,ליטר,false,1,27.90,6.9750,true,1,31241
7290001247068,false,קרטונית נקטר ספרינג תות בננה 1 ליטר,יפאורה שותפות מובגלת לשיווק,IL,נקטר ספרינג תות בננה 1 ל בקרטון,ליטרים,1.00,ליטר,false,1,7.50,7.5000,true,1,512
7290001247082,false,מיץ עגבניות רכיבים טבעיים ספרינג 1 ליטר,יפאורה שותפות מובגלת לשיווק,IL,נקטר ספרינג עגבניות 1 ל בקרטון,ליטרים,1.00,ליטר,false,1,7.50,7.5000,true,1,511
7290001247099,false,קרטונית נקטר ספרינג מנגו 1 ליטר,יפאורה שותפות מובגלת לשיווק,IL,נקטר ספרינג מנגו 1 ל בקרטון,ליטרים,1.00,ליטר,false,1,7.50,7.5000,true,1,510
7290001247105,false,קרטונית נקטר ספרינג אפרסק 1 ליטר,יפאורה שותפות מובגלת לשיווק,IL,נקטר ספרינג אפרסק 1 ל בקרטון,ליטרים,1.00,ליטר,false,1,7.50,7.5000,true,1,508
7290001247112,false,קרטונית נקטר ספרינג לימונענע 1 ליטר,יפאורה שותפות מובגלת לשיווק,IL,נקטר ספרינג לימונענע 1 ל בקרטון,ליטרים,1.00,ליטר,false,1,7.50,7.5000,true,1,509
7290001247129,false,נקטר ספרינג תפוזים קרטונית 1 ל',יפאורה שותפות מובגלת לשיווק,IL,נקטר ספרינג תפוזים 1 ל בקרטון,ליטרים,1.00,ליטר,false,1,7.50,7.5000,true,1,513
7290001247143,false,קרטונית נקטר ספרינג תפוחים 1 ליטר,יפאורה שותפות מובגלת לשיווק,IL,נקטר ספרינג תפוחים 1 ל בקרטון,ליטרים,1.00,ליטר,false,1,7.50,7.5000,true,1,514
7290001258040,false,משולש גבינת רוקפור משקל,גבינות משק יעקבס,IL,לבנה צאן 280 גרם,קילוגרמים,1.00,"ק""ג",true,,129.00,129.0000,true,1,31860
7290001258101,false,גבינת גאודה טבעית במ,מחלבת משק יעקובס,IL,גבינת גאודה טבעית במשקל,קילוגרמים,1.00,"ק""ג",true,,89.00,89.0000,true,1,1251
7290001258118,false,קממבר טבעי יעקבס לקג,גבינות משק יעקבס,IL,גבינת קממברט טבעי במשקל,קילוגרמים,1.00,"ק""ג",true,,99.00,99.0000,true,1,204
7290001258170,false,רוקפוא משק יעקבס לקג,גבינות משק יעקבס,IL,גבינת רוקפור במשקל,קילוגרמים,1.00,"ק""ג",true,,139.00,139.0000,true,1,113
7290001258309,false,גבינת תום עיזים במשקל-יעקבס,גבינות משק יעקבס,IL,גבינת תום עיזים במשקל,קילוגרמים,1.00,"ק""ג",true,,119.00,119.0000,true,1,1462
7290001258385,false,מוצרלה במים 20% במשקל,גבינות משק יעקבס,IL,גבינת מוצרלה כדורים במשקל,קילוגרמים,1.00,"ק""ג",true,,75.00,75.0000,true,1,16
7290001258415,false,רוקפור באריזת ווקום יעקובס 180 גרם,גבינות משק יעקבס,IL,גבינת רוקפור בואקום 180 גר,גרמים,180.00,100 גרם,false,1,24.90,13.8333,true,1,6551
7290001258446,false,"יעקבס יוגורט כבשים 5% 850 מ""ל",גבינות משק יעקבס,IL,יוגורט כבשים 850 מל,מיליליטרים,850.00,"100 מ""ל",false,1,18.90,2.2235,true,1,2186
7290001258453,false,קממברט בקר+אגוזים במשקל,גבינות משק יעקבס,,גבינת קממברט אגוזים במשקל,קילוגרמים,1.00,"ק""ג",true,,115.00,115.0000,true,1,3104
7290001258552,false,גבינה לאבנה בקר 250 גרם,בטר אנד דיפרנט,IL,לאבנה בקר 250 גרם יעקובס,גרמים,250.00,100 גרם,false,1,8.90,3.5600,true,1,28085
7290001258576,false,גאודה ואקום יעקובס 200 גרם,גבינות משק יעקבס,IL,גבינת גאודה בואקום 180 גר,גרמים,180.00,100 גרם,false,1,20.90,11.6111,true,1,6550
7290001258590,false,גבינת מנצג'ו 30%גוש משקל,גבינות משק יעקבס,IL,גבינת אורי מנצגו במשקל,קילוגרמים,1.00,"ק""ג",true,,145.00,145.0000,true,1,4618
7290001258620,false,גבינת מנצ'גו משק יעקבס 180 גרם,גבינות יעקבס,IL,גבינת מנצגו בואקום 180 גר,גרמים,180.00,100 גרם,false,1,24.90,13.8333,true,1,28106
7290001258668,false,גבינת עז מה 5% יעקבס 250 גרם,גבינות משק יעקבס,IL,גבינה עז מה 250 גרם 5% שומן,גרמים,250.00,100 גרם,false,1,15.90,6.3600,true,1,6932
7290001258682,false,"יוגורט עיזים באריזה 500 מ""ל",גבינות משק יעקבס,IL,יוגורט עיזים 500 מל,מיליליטרים,500.00,"100 מ""ל",false,1,14.90,2.9800,true,1,6523
7290001258729,false,לאבנה עיזים יעקובס 250 גרם,גבינות משק יעקבס,IL,לאבנה עיזים 250 גר,גרמים,250.00,100 גרם,false,1,14.90,5.9600,true,1,6931
7290001258774,false,מוצרלה בייבי 150 גרם יעקובס,גבינות משק יעקבס,IL,גבינת מוצרלה בייבי 150 גרם יעקובס,גרמים,150.00,100 גרם,false,1,12.90,8.6000,true,1,28086
7290001258804,false,קשקבל גבינה חצי קשה יעקבס 180 גרם,גבינות משק יעקבס,IL,גבינת קשקבל בואקום 180 גר,גרמים,180.00,100 גרם,false,1,22.90,12.7222,true,1,9199
7290001258811,false,כדורי מוצרלה בייבי י,גבינות משק יעקבס,IL,גבינת מוצרלה בייבי במשקל,קילוגרמים,1.00,"ק""ג",true,,79.00,79.0000,true,1,20911
7290001258958,false,מוצרלה מגורדת יעקבס 200 גרם,גבינות משק יעקבס,IL,גבינת מוצרלה מגורדת 200גר,גרמים,200.00,100 גרם,false,1,23.90,11.9500,true,1,11643
7290001258972,false,גבינת חלומי בואקום 2,גבינות משק יעקבס,IL,גבינת חלומי בואקום 200גר,גרמים,200.00,100 גרם,false,1,15.90,7.9500,true,1,11642
7290001274422,false,שלגונים ציפוי בננה מאגדת שמינייה 560 ג',הגלידות של פלדמן,IL,מאגדת 8יח שלגון בננה בציפוי שוקולד,יחידה,8.00,יחידה,false,1,26.90,3.3625,true,1,6900
7290001274576,false,גלידל וניל תות 0% שומן ללא סוכר,גלידות פלדמן,IL,גלידה גלידל וניל תות דיאט 900מל פלדמן,מיליליטרים,900.00,"100 מ""ל",false,1,23.90,2.6556,true,1,3996
7290001274583,false,גלידל שוקו פקאן 0% שומן ללא סוכר,"פלקו בע""\מ, חברה ישראלית",IL,גלידה גלידל שוקו פקאן דיאט 900מל פלדמן,מיליליטרים,900.00,"100 מ""ל",false,1,23.90,2.6556,true,1,3997
7290001274934,false,"שמיניית גלידל פרי לימון ""פלדמן""",הגלידות של פלדמן,IL,מאגדת גלידל פרי לימון 8 יח פלדמן,יחידה,8.00,יחידה,false,1,21.90,2.7375,true,1,4003
7290001274941,false,"שמיניית גלידל פרי פטל ""פלדמן""",הגלידות של פלדמן,IL,מאגדת גלידל פרי פטל תות 8 יח פלדמן,יחידה,8.00,יחידה,false,1,21.90,2.7375,true,1,4004
7290001305058,false,"פלמוליב - נטורלס תחליב רחצה חלב ודבש 500 מ""ל",הנסיך- מפעל לייצור ט,TR,פלמוליב סבון נוזלי חלב ודבש 500 מל,מיליליטרים,500.00,"100 מ""ל",false,1,16.90,3.3800,true,1,443
7290001305188,false,"נוזל לניקוי כלים בריח לימון פלמוליב 750 מ""ל",יבואן ומשווק: ש. שסט,GR,נוזל כלים פלמוליב לימון 750 מל שקוף,מיליליטרים,750.00,"100 מ""ל",false,1,10.90,1.4533,true,1,449
7290001327180,false,שטראוס קרמיסימו וניל ציפ 1.33 ליטר,"גלידת שטראוס בע""\מ, רחוב",IL,גל.קרמיסימו וניל 1.33 ל,ליטרים,1.33,ליטר,false,1,19.90,14.9624,true,1,256
7290001327791,false,גלידת קרמיסימו וניל עוגיות חלבי,"גלידת שטראוס בע""\מ, רחוב",IL,גל.קרמיסימו עם עוגיות 1.33 ל,ליטרים,1.33,ליטר,false,1,19.90,14.9624,true,1,258
7290001338155,false,"סקינגארד קרם הגנה לפנים 60 מ""ל SPF50",אמיליה קוסמטיקס,IL,קרם הגנה לפנים סקין גארד מס 50 60 מל,מיליליטרים,60.00,"100 מ""ל",false,1,29.90,49.8333,true,1,520
7290001343845,false,"גרנולה פירות 1 ק""ג - 845 - ורוד שקדיה",הנסיך- מפעל לייצור ט,IL,גרנולה פירות 1 קג שקדיה,קילוגרמים,1.00,"ק""ג",false,1,21.90,21.9000,true,1,3330
7290001356050,false,דג סיג שלם במשקל נסי,,IL,דג סיג שלם במשקל נסיך לבן,קילוגרמים,1.00,"ק""ג",true,,86.00,86.0000,true,1,47638
7290001356999,false,דג לש מעושן במשקל,,IL,דג לש מעושן במשקל,קילוגרמים,1.00,"ק""ג",true,,74.00,74.0000,true,1,47651
7290001359129,false,פחם ארוז 1.7קג פחמי,,IL,פחם ארוז 1.7קג פחמי הגליל,גרמים,1700.00,100 גרם,false,1,14.90,0.8765,true,1,49290
7290001407134,false,בארכה פרוסות חלווה שוקו וניל+פ.קקאו 400גר,רושדי תעשיות מזון בע,IL,פרוסות חלבה קלאסית וניל פולי קקאו400ג,גרמים,400.00,100 גרם,false,1,15.00,3.7500,true,1,10011
7290001407547,false,טחינה גולמית משומשום מלא פי 6 בארכה 500ג',"רושדי תעשיות מזון בע""\מ",IL,טחינה בארכה פי 6 סידן 500ג,גרמים,500.00,100 גרם,false,1,15.90,3.1800,true,1,13108
7290001407752,false,טחינה גולמית עם פטרוזיליה בארכה 500 גרם,"רושדי תעשיות מזון בע""\מ",IL,טחינה בראכה עם פטרזיליה 500 ג,גרמים,500.00,100 גרם,false,1,15.90,3.1800,true,1,4846
7290001407769,false,טחינה גולמית שומשום מלא בארכה 500 גרם,"רושדי תעשיות מזון בע""\מ",IL,טחינה בארכה שומשום מלא 500 ג,גרמים,500.00,100 גרם,false,1,15.90,3.1800,true,1,4847
7290001407813,false,חלבה שאמית פיסטוק בקטנה בארכה 350ג',"רושדי תעשיות מזון בע""\מ",IL,חלבה שאמית פיסטוק 350 ג בארכה,גרמים,350.00,100 גרם,false,1,15.90,4.5429,true,1,4850
7290001407820,false,חלווה שאמית וניל קלאסית בארכה 350ג',רושדי תעשיות מזון בע,IL,חלבה שאמית קלאסית 350 ג בארכה,גרמים,350.00,100 גרם,false,1,15.90,4.5429,true,1,4849
7290001407837,false,חלבה שאמית עם פולי קקאו בארכה 350 גרם,רושדי תעשיות מזון בע,IL,חלבה שאמית קקאו 350 ג בארכה,גרמים,350.00,100 גרם,false,1,15.90,4.5429,true,1,4851
7290001407844,false,חלבה קלאסית בטעם וניל בארכה 350 גרם,"רושדי תעשיות מזון בע""\מ",IL,חלבה קלאסית וניל 350 ג בארכה,גרמים,350.00,100 גרם,false,1,15.00,4.2857,true,1,4848
7290001407936,false,בארכה-טחינה גולמית מעודנת בקבוק לחיץ 310 ג',"רושדי תעשיות מזון בע""\מ",IL,טחינה בארכה מעודנת 310 גרם,גרמים,310.00,100 גרם,false,1,12.90,4.1613,true,1,16084
7290001419618,false,וופל בלגי עלמה שחור לבן וניל 200ג',"גילרו בע""מ",IL,וופל עלמה שוקו 200 גר,גרמים,200.00,100 גרם,false,1,3.50,1.7500,true,1,8535
7290001419779,false,וופל שוקו' עלמה קלאסי 200 גר,"גילרו בע""מ",IL,וופל קלאסי שוקו גילרו 200 גר,גרמים,200.00,100 גרם,false,1,3.50,1.7500,true,1,8511
7290001419793,false,גביעי גלידה מגולגל עלמה גילרו 30 יח',"גילרו בע""מ",IL,גביעי גלידה מגולגלים עלמה 12 יח,יחידה,1.00,יחידה,false,1,11.90,11.9000,true,1,10283
7290001419892,false,"ופל קלאסי בטעם לימון ""עלמה"" 200 גרם","גילרו בע""מ",IL,וופל קלאסי לימון גילרו 200 גר,גרמים,200.00,100 גרם,false,1,3.50,1.7500,true,1,8510
7290001426043,false,קרחון שלגוגו בטעמים,,,קרחון שלגוגו בטעמים,יחידה,1.00,יחידה,false,50,2.50,2.5000,true,1,39376
7290001426128,false,גלידה חמה שלגוגו 15י,,,גלידה חמה שלגוגו 15יח,יחידה,15.00,יחידה,false,1,29.90,1.9933,true,1,45449
7290001426135,false,מאגדת גלילידה שוקולד,,,מאגדת גלילידה שוקולד 5יח,יחידה,5.00,יחידה,false,1,24.90,4.9800,true,1,45226
7290001426159,false,מאגדת שלגון פריטיקל,,,מאגדת שלגון פריטיקל פ.יער 8יח ללא סוכר,יחידה,8.00,יחידה,false,1,34.90,4.3625,true,1,39150
7290001426166,false,מאגדת שלגון פריטיקל,,,מאגדת שלגון פריטיקל פסיפלורה 8יח ללא סוכ,יחידה,8.00,יחידה,false,1,34.90,4.3625,true,1,39147
7290001426173,false,מאגדת שלגון פריטיקל,,,מאגדת שלגון פריטיקל תות 8יח ללא סוכר,יחידה,8.00,יחידה,false,1,34.90,4.3625,true,1,39148
7290001426357,false,גלידה מתוקונים 30יח,,,גלידה מתוקונים 30יח טעם קרמל,יחידה,30.00,יחידה,false,1,44.90,1.4967,true,1,39153
7290001426364,false,גלידה מתוקונים 30יח,,,גלידה מתוקונים 30יח טעם עוגיות,יחידה,30.00,יחידה,false,1,44.90,1.4967,true,1,39154
7290001426371,false,מאגדת שלגון פריטיקל,,,מאגדת שלגון פריטיקל קוקוס 8יח ללא סוכר,יחידה,8.00,יחידה,false,1,34.90,4.3625,true,1,39149
7290001426425,false,גלידה מתוקונים 30יח,,,גלידה מתוקונים 30יח טעם קינמון,יחידה,30.00,יחידה,false,1,44.90,1.4967,true,1,47908
7290001427033,false,מיץ תפוחים רכיבים טב,"פריניב בע""מ",IL,מיץ תפוח סחוט טבעי 1 ליטר בק.פ קשת,ליטרים,1.00,ליטר,false,9,16.90,16.9000,true,1,7779
7290001427064,false,מיץ פסיפלורה תפוח טבעי 500מל קשת,קשת מיצים טבעיים,IL,מיץ פסיפלורה תפוח סחוט 500מל ב.ז קשת,מיליליטרים,500.00,"100 מ""ל",false,12,17.90,3.5800,true,1,13921
7290001427132,false,"משקה רימון 500 מ""ל פריניב זכוכית",קשת מיצים טבעיים,IL,מיץ רימונים סחוט טבעי 500מל ב.ז קשת,מיליליטרים,500.00,"100 מ""ל",false,12,23.90,4.7800,true,1,5794
7290001427255,false,מיץ תפוחים קשת 1 ליטר,קשת רמת הגולן,IL,מיץ תפוח סחוט טבעי 1 ליטר בק.פ קשת,ליטרים,1.00,ליטר,false,9,18.90,18.9000,true,1,9850
7290001427453,false,קשת פינק ליידי תפוחים 1 ליטר מצונן,פרי ניב,IL,מיץ תפוחים פינק ליידי 1 ליטר בק. פקדון,ליטרים,1.00,ליטר,false,16,21.90,21.9000,true,1,37515
7290001439029,false,נר קוקסויה גדול,יושלם,,נר ריחני,יחידה,1.00,יחידה,false,1,29.90,29.9000,true,1,6
7290001439074,false,ספוג שלישיית כדורי רחצה מוסקו,יושלם,,כדור ליפה בשקית שלישיה,יחידה,1.00,יחידה,false,1,11.90,11.9000,true,1,4215
7290001439395,false,ספוג רחצה ליפה מוסקו,יושלם,,ספוג רחצה ליפה מוסקו,Unknown,0.00,Unknown,false,1,18.00,0.0000,true,1,12630
7290001439432,false,ספוג רחצה משולב מוסק,חוואנטן,CN,ספוג רחצה משולב מוסקו,יחידה,1.00,יחידה,false,1,10.00,10.0000,true,1,5871
7290001439449,false,ספוג מגבת + רשת,חוואנטן,CN,ספוג גיישנית,יחידה,1.00,יחידה,false,1,10.00,10.0000,true,1,1250
7290001461105,false,לחם מחמצת לבן (ברקוד,פילסברי,,לחם רוסטיק לבן,Unknown,0.00,Unknown,false,1,17.90,0.0000,true,1,17174
7290001461112,false,לחם רוסטיק עגול פילס,פילסברי,,לחם רוסטיק דגנים וגרעינים,Unknown,0.00,Unknown,false,1,17.90,0.0000,true,1,17175
7290001461457,false,בגט רוסטיק קמח מלא ו,פילסברי,,בגט רוסטיק קמח מלא וזרעי פשתן,Unknown,0.00,Unknown,false,1,9.90,0.0000,true,1,17172
7290001461891,false,לחמניה יאמיז קמח מלא,פילסברי,,לחמניה יאמיז קמח מלא,Unknown,0.00,Unknown,false,1,2.50,0.0000,true,1,18467
7290001482186,false,אננס חתוך בסירופ קל ויליפוד 565 גרם,הנסיך- מפעל לייצור ט,TH,לפתן אננס חתוך 567 גר,גרמים,567.00,100 גרם,false,1,6.90,1.2169,true,1,37390
7290001482384,false,חתיכות אננס בסירופ קל וילי פוד 227 גרם,וילי פוד,TH,לפתן אננס חתוך 227 גרם,גרמים,227.00,100 גרם,false,1,4.90,2.1586,true,1,5
7290001485019,false,גבינת קרם שמנת טבעי 5% טרה 200 גרם,קריות זול,IL,גבינת שמנת 5% טבעי 200 ג,גרמים,200.00,100 גרם,false,1,11.90,5.9500,true,1,4465
7290001491010,false,תה ירוק יסמין ויסוצקי 25 יחידות,תה ויסוצקי,IL,תה ירוק יסמין 1.5 ג 25 שק,יחידה,25.00,יחידה,false,1,24.90,0.9960,true,1,1442
7290001491096,false,תה ירוק בתוספת לימונית ולואיזה 50 שקיקים ויסוצקי,תה ויסוצקי,IL,תה ירוק לימונית/לואיזה 1.5 ג 50 שק,יחידה,50.00,יחידה,false,1,44.90,0.8980,true,1,1441
7290001498897,false,מוסקו סט נרות ולהבונ,מוסקו,,מבחר מוצרים לראש השנה,Unknown,0.00,Unknown,false,1,14.90,0.0000,true,1,3091
7290001501009,false,שירות החלפה מילוי גז,סודה סטרים,,שרות והחלפה גז 130 מילוי סודה סטרים,Unknown,0.00,Unknown,false,1,99.90,0.0000,true,1,12604
7290001507070,false,פתיבר חרובים אורגני 200 גר,השדה מוצרים אורגניים,IL,פתי בר חרובים מקמח מלא אורגני 200 גר,גרמים,200.00,100 גרם,false,1,7.90,3.9500,true,1,6104
7290001515310,false,שש כריות קרצוף יפניות סקוטש ברייט,3m,,כרית קרצוף יפני 6יח סקוטש ברייט,יחידה,6.00,יחידה,false,1,12.90,2.1500,true,1,4132
7290001515631,false,שלושה ספוגי קרצוף קשיחים ארוכים אדומים,שיוך למחסן 17,ES,ספוג קרצוף ארוך 3יח קשיח לבןסקוטש ברייט,Unknown,0.00,Unknown,false,1,9.90,0.0000,true,1,501
7290001548011,false,סלט טחינה ירוקה 250ג,סלטי מונטה קרלו (200,IL,סלט טחינה ירוקה 250גרם מונטה קרלו,גרמים,250.00,100 גרם,false,1,13.90,5.5600,true,1,51840
7290001548035,false,סלט טורקי מונטה קרל,מונטה קרלו,IL,סלט טורקי 250גרם מונטה קרלו,גרמים,250.00,100 גרם,false,1,13.90,5.5600,true,1,51850
7290001548073,false,סלט חצילים על האש טב,,IL,סלט חציל טבעי בשום 250גרם מונטה קרלו,גרמים,250.00,100 גרם,false,1,15.90,6.3600,true,1,51861
7290001548110,false,סלט חצילים סלוניקי,יושלם,IL,סלט חציל סלוניקי 250גרם מונטה קרלו,גרמים,250.00,100 גרם,false,1,15.90,6.3600,true,1,51864
7290001548127,false,סלט חזרת 250גר מונטה,מונטה קרלו,IL,סלט חזרת 250גר מונטה קרלו,גרמים,250.00,100 גרם,false,1,17.90,7.1600,true,1,51873
7290001548134,false,כרוב לבן שום שמיר 250 גרם,סלטי מונטה קרלו (200,IL,סלט כרוב שום שמיר 250גרם מונטה קרלו,גרמים,250.00,100 גרם,false,1,13.90,5.5600,true,1,51844
7290001548141,false,סלט גזר מרוקאי 250גר,סלטי מונטה קרלו (200,IL,סלט גזר מרוקאי 250גרם מונטה קרלו,גרמים,250.00,100 גרם,false,1,13.90,5.5600,true,1,51848
7290001548189,false,עמבה 250גרם מונטה קר,,IL,עמבה 250גרם מונטה קרלו,גרמים,250.00,100 גרם,false,1,13.90,5.5600,true,1,51856
7290001548202,false,מונטה קרלו סלט סלק רצועות 250 גר',סלטי מונטה קרלו (200,IL,סלט סלק רצועות 250גרם מונטה קרלו,גרמים,250.00,100 גרם,false,1,13.90,5.5600,true,1,51842
7290001548257,false,סלט חצילים ספרדי פיק,קלאס פוד,IL,סלט חציל ספרדי פיקנטי 250גרם מונטה קרלו,גרמים,250.00,100 גרם,false,1,15.90,6.3600,true,1,51869
7290001548288,false,"סלט חומוס גרגרירים פיקנטיים ""מונטה קרלו""",סלטי מונטה קרלו (200,IL,חומוס מסבחה פיקנטי 250 גרם מונטה קרלו,גרמים,250.00,100 גרם,false,1,13.90,5.5600,true,1,51836
7290001548295,false,מטבוחה מונטה קרלו 25,סלטי מונטה קרלו (200,IL,סלט מטבוחה 250גרם מונטה קרלו,גרמים,250.00,100 גרם,false,1,13.90,5.5600,true,1,51849
7290001548332,false,סלט טונה סלרי אמריקא,סלטי מונטה קרלו (200,IL,סלט טונה סלרי אמריקאי 250גר מונטה קרלו,גרמים,250.00,100 גרם,false,1,22.90,9.1600,true,1,51890
7290001548349,false,"סלט תפו""א במיונז ביתי 250 גרם",סלטי מונטה קרלו (200,IL,סלט תפוא במיונז ביתי 250גרם מונטה קרלו,גרמים,250.00,100 גרם,false,1,13.90,5.5600,true,1,51859
7290001548370,false,סלט טבולה מונטה קרלו 250 גרם,סלטי מונטה קרלו (200,IL,סלט תבולה 250גרם מונטה קרלו,גרמים,250.00,100 גרם,false,1,14.90,5.9600,true,1,51860
7290001548387,false,כרוב סיני מונטה קרל,סלטי מונטה קרלו (200,IL,סלט כרוב סיני 250גרם מונטה קרלו,גרמים,250.00,100 גרם,false,1,13.90,5.5600,true,1,51846
7290001548400,false,"סלט חומוס זהב ""מונטה 'קרלו""",סלטי מונטה קרלו (200,IL,חומוס זהב 250 גרם מונטה קרלו,גרמים,250.00,100 גרם,false,1,13.90,5.5600,true,1,51837
7290001548424,false,סלט כרוב קולסלאו 250,סלטי מונטה קרלו (200,IL,סלט כרוב קולסלאו 250גרם מונטה קרלו,גרמים,250.00,100 גרם,false,1,13.90,5.5600,true,1,51843
7290001548479,false,סלט חציל במיונז צרפת,,IL,סלט חציל במיונז צרפתי 250גרם מונטה קרלו,גרמים,250.00,100 גרם,false,1,15.90,6.3600,true,1,51862
7290001548493,false,שום כתוש 250גרם מונט,,IL,שום כתוש 250גרם מונטה קרלו,גרמים,250.00,100 גרם,false,1,13.90,5.5600,true,1,51858
7290001548530,false,חומוס גרגירים ופטרוזיליה מונטה קרלו,סלטי מונטה קרלו (200,IL,חומוס מסבחה פטרוזליה 250 גרם מונטה קרלו,גרמים,250.00,100 גרם,false,1,13.90,5.5600,true,1,51838
7290001548622,false,סלט חציל פיקנטי טבעי,סלטי מונטה קרלו (200,IL,סלט חציל פיקנטי טבעי 250גרם מונטה קרלו,גרמים,250.00,100 גרם,false,1,15.90,6.3600,true,1,51865
7290001548639,false,סלט חציל מונטה קרלו,סלטי מונטה קרלו (200,IL,סלט חציל מונטה קרלו 250גרם,גרמים,250.00,100 גרם,false,1,15.90,6.3600,true,1,51868
7290001548660,false,סלט קישוא בטעם כבד 2,,IL,סלט קישוא בטעם כבד 250גר מונטה קרלו,גרמים,250.00,100 גרם,false,1,19.90,7.9600,true,1,51877
7290001548691,false,סלט כרוב אדום במיונז,סלטי מונטה קרלו (200,IL,סלט כרוב אדום במיונז 250גרם מונטה קרלו,גרמים,250.00,100 גרם,false,1,13.90,5.5600,true,1,51845
7290001548776,false,סחוג אדום 250גרם מונ,,IL,סחוג אדום 250גרם מונטה קרלו,גרמים,250.00,100 גרם,false,1,13.90,5.5600,true,1,51854
7290001548783,false,פלפל אש טוניסאי מונט,סלטי מונטה קרלו (200,IL,סלט פלפל אש טוניסאי 250גר מונטה קרלו,גרמים,250.00,100 גרם,false,1,19.90,7.9600,true,1,51880
7290001548806,false,סלט מלפפונים בתחמיץ,משתנה,IL,סלט מלפפונים בתחמיץ 250גרם מונטה קרלו,גרמים,250.00,100 גרם,false,1,13.90,5.5600,true,1,51851
7290001548813,false,"טחינה זהב לבנה ,מונטה קרלו 250 גרם",סלטי מונטה קרלו (200,IL,סלט טחינה זהב 250 גרם מונטה קרלו,גרמים,250.00,100 גרם,false,1,13.90,5.5600,true,1,51841
7290001548967,false,סלט חציל תאילנדי ציל,סלטי מונטה קרלו (200,IL,סלט חציל תאילנדי צילי 250גר מונטה קרלו,גרמים,250.00,100 גרם,false,1,15.90,6.3600,true,1,51872
7290001567142,false,סלמי תה מפולפל יחיעם,מעדני יחיעם,IL,נקניק סלמי תה מפולפל במשקל,קילוגרמים,1.00,"ק""ג",true,,45.00,45.0000,true,1,14097
7290001567555,false,פסטרמה מעודנת עם דבש 300 ג' יחיעם,מעדני יחיעם,IL,פסטרמה מעודנת בדבש 300 גר,גרמים,300.00,100 גרם,false,1,21.90,7.3000,true,1,17660
7290001567708,false,נקניקיות וינר יחיעם 400 גרם,מעדני יחיעם,IL,נקניקיות וינר 400 גרם ללא חומרים משמרים,גרמים,400.00,100 גרם,false,1,11.90,2.9750,true,1,15817
7290001567760,false,פסטרמה של פעם יחיעם 300 גרם,מעדני יחיעם,IL,פסטרמה של פעם 300ג ללא חומר משמר,גרמים,300.00,100 גרם,false,1,25.90,8.6333,true,1,16147
7290001567807,false,"כתף בקר מעושן לח""מ 250 גרם ""יחיעם""",מעדני יחיעם,IL,כתף בקר מעושן 250גר ללא חומר משמר,גרמים,250.00,100 גרם,false,1,25.90,10.3600,true,1,16149
7290001567814,false,סלמי מעושן בסגנון איטלקי 300 ג' יחיעם,מעדני יחיעם,IL,נק.סלמי מעושן איטלקי 300ג ללא חומר משמר,גרמים,300.00,100 גרם,false,1,21.90,7.3000,true,1,16144
7290001589342,false,"ספירה תחליב אנתוש יתושים, 70 מ""ל",סאסא קוסמטיקס,IL,נוזל נגד יתושים ספירה אנתוש 70 מל,מיליליטרים,70.00,"100 מ""ל",false,1,12.90,18.4286,true,1,506
7290001591680,false,קניידלך מקמח מצה שלושת האופים 500 גרם,"שלושת האופים בע""\מ",IL,קניידלך מקמח מצה 500גר שלושת האופים קפוא,גרמים,500.00,100 גרם,false,1,19.90,3.9800,true,1,47259
7290001591703,false,קבב אנגוס עגול טיבון ויל 500 גרם,טיבון ויל,IL,קבב אנגוס עגול 500גר טיבון ויל,גרמים,500.00,100 גרם,false,8,24.90,4.9800,true,1,46735
7290001591710,false,המבורגר אנגוס טיבון ויל 600 גרם,טיבון ויל,IL,המבורגר אנגוס 600 גרם טיבון ויל,גרמים,600.00,100 גרם,false,12,24.90,4.1500,true,1,46738
7290001591727,false,קבב על מקל 500 ג' טיבון ויל,טיבון ויל,IL,קבב על מקל 500 גרם טיבון ויל,גרמים,500.00,100 גרם,false,12,24.90,4.9800,true,1,46736
7290001591734,false,נקניקיה מרגז בסגנון מרוקאי טיבון ויל 500 גרם,טיבון ויל,IL,נקניקיות מרגז בסגנון מרוקאי 500גר טיבון,גרמים,500.00,100 גרם,false,12,24.90,4.9800,true,1,46739
7290001591741,false,קבבוני טלה 500 ג' טיבון ויל,טיבון ויל,IL,קבבוני טלה 500 גרם טיבון ויל,גרמים,500.00,100 גרם,false,12,24.90,4.9800,true,1,46737
7290001591758,false,קבב מזרחי בסגנון ביתי טיבון ויל 600 גרם,טיבון ויל,IL,קבב מזרחי בסגנון ביתי אנגוס 600גר טיבון,גרמים,600.00,100 גרם,false,12,24.90,4.1500,true,1,48042
7290001591949,false,שיפודי פרגיות 100% טיבון ויל 500 גרם,טיבון ויל,IL,שיפודי פרגיות 500גר 100% טיבונוויל,גרמים,500.00,100 גרם,false,12,47.90,9.5800,true,1,48043
7290001594186,false,דיאט קוקה-קולה בבקבוק אישי,החברה המרכזית לייצור משקאות,IL,ד.קוקה קולה 500 מל פקדון,מיליליטרים,500.00,"100 מ""ל",false,1,7.50,1.5000,true,1,1136
7290001594230,false,קינלי סודה בבקבוק זכוכית,החברה המרכזית לייצור,IL,קינלי סודה 250 פקדון,מיליליטרים,250.00,"100 מ""ל",false,1,5.50,2.2000,true,1,1881
7290001594377,false,פריגת תפוזים 0.5 ליטר חייב בפקדון,מבשלות בירה בינלאומיות ב,IL,מיץ פריגת תפוזים 500 מל פקדון,מיליליטרים,500.00,"100 מ""ל",false,1,6.90,1.3800,true,1,481
7290001594384,false,פריגת אשכוליות 0.5 ליטר חייב בפקדון,מבשלות בירה בינלאומיות ב,IL,פריגת אשכוליות 500 מל פקדון,מיליליטרים,500.00,"100 מ""ל",false,1,6.90,1.3800,true,1,479
7290001594520,false,"בירה טובורג רד בקבוק 330 מ""ל",מבשלות בירה בינלאומיות ב,IL,בירה טובורג בק 330 פקדון,מיליליטרים,330.00,"100 מ""ל",false,1,8.90,2.6970,true,1,1106
7290001594544,false,"בירה שחורה מאלטי בקבוק 330מ""ל",קרלסברג ישראל,,בירה טובורג מאלט בק 330 פקדון,מיליליטרים,330.00,"100 מ""ל",false,1,10.00,3.0303,true,1,1108
7290001594568,false,"קרלסברג פחית 500 מ""ל פקדון",מבשלות בירה בינלאומיות ב,RO,בירה קרלסברג פח 500 פקדון,מיליליטרים,500.00,"100 מ""ל",false,1,8.90,1.7800,true,1,242
7290001594575,false,"בירה טובורג רד פחית 500 מ""ל",מבשלות בירה בינלאומיות ב,IL,בירה טובורג פח 500 פקדון,מיליליטרים,500.00,"100 מ""ל",false,1,8.90,1.7800,true,1,1109
7290001594803,false,"שישיית בירה טובורג ירוק 330 מ""ל",קרלסברג ישראל,,מארז 6 בירה טובורג גרין בק 330מל פקדון,ליטרים,1.98,ליטר,false,1,34.90,17.6263,true,1,49096
7290001594810,false,"בירה שחורה מאלטי בקב' מארז 330X6מ""ל",החברה המרכזית לייצור משקאות,IL,מארז 6 בירה מאלטי בק 330 פקדון,ליטרים,1.98,ליטר,false,1,32.90,16.6162,true,1,1107
7290001594865,false,"שישייה בירה קרלסברג בקבוק 330 מ""ל",מבשלות בירה בינלאומיות ב,IL,מארז 6 בירה קרלסברג בק 330 פקדון,ליטרים,1.98,ליטר,false,1,34.90,17.6263,true,1,240
7290001670057,false,כפיות לבן 100 יחידות,הנמל אריזות ושיווק ב,IL,כפיות לבנות 100 יח חדפ,יחידה,100.00,יחידה,false,1,15.90,0.1590,true,1,1846
7290001670064,false,סכינים חד פעמי לבן 100 יח',בי רייט,CN,סכינים לבן 100 יח חדפ,Unknown,0.00,Unknown,false,1,15.90,0.0000,true,1,1847
7290001670071,false,כפות חד פעמי לבן 100 יח',הנמל אריזות ושיווק ב,IL,כפות לבנות 100 יח חדפ,יחידה,100.00,יחידה,false,1,15.90,0.1590,true,1,1845
7290001670224,false,מלית פרג פוליבה 400 גרם,"פוליבה בע""מ",IL,מלית פרג למילוי 400 גרם,גרמים,400.00,100 גרם,false,1,11.90,2.9750,true,1,820
7290001670255,false,כוס קרטון לשתייה חמה 50 יחידות,הנמל,,כוסות קרטון חד פעמי 8בי 50יח,יחידה,50.00,יחידה,false,1,8.90,0.1780,true,1,20901
7290001670354,false,"מפת שולחן סופגת לבן 137X274 ס""מ במיוחד",הנמל,IL,מפת שולחן לבן,Unknown,0.00,Unknown,false,1,9.90,0.0000,true,1,2732
7290001670385,false,מפיות אירוח 33X33 סמ לבן 100 יח',הנמל,,מפיות נייר צבעוני 100יח 30/30 סמ,Unknown,0.00,Unknown,false,1,4.90,0.0000,true,1,2263
7290001670408,false,נרות חימום בשקית 50 יח`,לחמנו,CN,נרות חימום בשקית 50 יח,Unknown,0.00,Unknown,false,1,11.90,0.0000,true,1,4497
7290001670507,false,מלית תמרים פוליבה 450 ג',"פוליבה בע""מ",IL,ממרח תמרים הנמל 450 גרם,גרמים,450.00,100 גרם,false,1,9.90,2.2000,true,1,843
7290001670514,false,מלית אוכמניות - 400 גרם פוליבה,"פוליבה בע""מ",IL,מלית אוכמניות למילוי 400 גרם,גרמים,400.00,100 גרם,false,1,11.90,2.9750,true,1,819
7290001670521,false,מלית תפוח עץ הנמל 400 גרם,"פוליבה בע""מ",IL,מלית תפוח עץ למילוי 400 גרם,גרמים,400.00,100 גרם,false,1,11.90,2.9750,true,1,821
7290001670651,false,מנגל חד פעמי קטן הנמל,יבוא ושיווק: הנמל אר,IL,מנגל גריל חד פעמי,Unknown,0.00,Unknown,false,1,18.90,0.0000,true,1,3910
7290001670668,false,קרחונית שקיות להכנת קרח הנמל 12 יחידות,"איטיליאן פוד, אס.פי.",TR,שקיות קרחונית 12 יח,יחידה,12.00,יחידה,false,1,4.90,0.4083,true,1,7858
7290001670842,false,מלית חלווה פוליבה 400 ג',"פוליבה בע""מ",IL,מלית חלבה למילוי 400 גר,גרמים,400.00,100 גרם,false,1,11.90,2.9750,true,1,2988
7290001670859,false,מלית דובדבנים פוליבה 400 ג',קריות זול,IL,מלית דובדבנים למילוי 400 גר,גרמים,400.00,100 גרם,false,1,11.90,2.9750,true,1,12769
7290001670873,false,"צלחות גדולות לבנות קשיח ח""פ הנמל 66יח'",הנמל אריזות ושיווק ב,IL,צלחות גדולות 1קג לבן,קילוגרמים,1.00,"ק""ג",false,1,42.90,42.9000,true,1,2050
7290001690147,false,מון בלאן טעם טוב גבינה מותכת6% 120 גרם,שלושת האופים,IL,גבינה מותכת טעם טוב 120גר,גרמים,120.00,100 גרם,false,12,10.00,8.3333,true,1,47062
7290001690215,false,גבינת גאודה עיזים נטו 200 גרם,,NL,גבינת גאודה עיזים 200גר גק ציס,גרמים,200.00,100 גרם,false,1,24.90,12.4500,true,1,46494
7290001690376,false,אמנון שלם נקי בוואקום,דלידג,IL,דג אמנון שלם ארוז בוואקום במשקל,קילוגרמים,1.00,"ק""ג",true,,19.90,19.9000,true,1,46998
7290001690512,false,תות שדה קפוא 250גרם,,,תות שדה קפוא 250גרם שף שגב,גרמים,250.00,100 גרם,false,12,10.90,4.3600,true,1,48875
7290001690529,false,מיקס פירות טרופי קפו,,,מיקס פירות טרופי קפואות 250גר שף שגב,גרמים,250.00,100 גרם,false,12,10.90,4.3600,true,1,48874
7290001690536,false,מיקס פירות יער קפואו,,,מיקס פירות יער קפואות 250גר שף שגב,גרמים,250.00,100 גרם,false,12,10.90,4.3600,true,1,48873
7290001690543,false,חתיכות אננס קפואות 250 גר',,,חתיכות אננס קפוא 250גרם שף שגב,גרמים,250.00,100 גרם,false,12,10.90,4.3600,true,1,48876
7290001690550,false,מיקס תות בננה קפוא 2,,,מיקס תות בננה קפוא 250גרם שף שגב,גרמים,250.00,100 גרם,false,12,10.90,4.3600,true,1,48878
7290001690567,false,נתחי מנגו קפואים 250 גר',,,נתחי מנגו קפוא 250גרם שף שגב,גרמים,250.00,100 גרם,false,12,10.90,4.3600,true,1,48877
7290001690574,false,אוכמניות קפואות 250 גר',,,אוכמניות קפואות 250גר שף שגב,גרמים,250.00,100 גרם,false,12,10.90,4.3600,true,1,48872
7290001690987,false,דג פילה הייק ארוז קפוא דלידג,דלידג,,דג פילה הייק במשקל,קילוגרמים,1.00,"ק""ג",true,,57.90,57.9000,true,1,46484
7290001709283,false,מטבל מנגו כבוש 500 ג,,IN,מטבל מנגו כבוש 500 גרם,גרמים,500.00,100 גרם,false,36,17.90,3.5800,true,1,49040
7290001709467,false,חטיף הודי מטבעות פאנ,,IN,חטיף הודי מטבעות פאני פורי 200 גרם,גרמים,200.00,100 גרם,false,40,19.90,9.9500,true,1,49038
7290001713150,false,סנט מוריץ מתז אקונומיקה Bleach קצף לימון 1 ליטר,קומפלקס כימיקלים בעמ,IL,מסיר אבנית 750מל סנט מוריץ,ליטרים,1.00,ליטר,false,15,9.90,9.9000,true,1,29922
7290001713167,false,סנט מוריץ - מרסס קצף ניקוי 1 ליטר סניטרי אפור,קומפלקס כימיקלים בעמ,IL,קצף ניקוי כללי 1 ליטר סנט מוריץ,ליטרים,1.00,ליטר,false,12,10.90,10.9000,true,1,31827
7290001713211,false,מנקה רצפות סופר מבושם מאסק 2.5 ל',ABC,TR,נוזל רצפות סופר מבושם 2.5ליטר מאסק,מיליליטרים,2500.00,"100 מ""ל",false,8,12.90,0.5160,true,1,37939
7290001713228,false,מנקה רצפות סופר מבושם כחול 2.5 ל',ABC,TR,נוזל רצפות סופר מבושם 2.5ליטר כחול,מיליליטרים,2500.00,"100 מ""ל",false,8,12.90,0.5160,true,1,37937
7290001713372,false,"תרסיס לניקוי מוצרי עור 400 מ""ל",קומפלקס כימיקלים,IL,תרסיס לניקוי מ. עור 400מל סנט מוריץ,מיליליטרים,400.00,"100 מ""ל",false,12,14.90,3.7250,true,1,31206
7290001713488,false,נוזל חלונות 5 ליטר,קומפלקס כימיקלים,IL,נוזל חלונות 5 ליטר סנט מוריץ לרכב ולבית,ליטרים,1.00,ליטר,false,5,11.90,11.9000,true,1,30874
7290001713648,false,מרכך כביסה פיור בייבי ורוד 1 ליטר,"קומפלקס כימיקלים בע""",TR,מרכך כביסה פיור בייבי ורוד 1ליטר,ליטרים,1.00,ליטר,false,12,10.90,10.9000,true,1,49221
7290001713662,false,מרכך כביסה pure בניחוח מלון רויאל 1 ל' סנט מוריץ,"קומפלקס כימיקלים בע""",TR,מרכך כביסה 1 ליטר בניחוח מלון רויאל,ליטרים,1.00,ליטר,false,12,10.90,10.9000,true,1,45647
7290001713785,false,מרכך כביסה פיור בייבי כחול 1 ליטר,"קומפלקס כימיקלים בע""",TR,מרכך כביסה פיור בייבי כחול 1ליטר,ליטרים,1.00,ליטר,false,12,10.90,10.9000,true,1,49220
7290001713815,false,PURE מרכך כביסה בניחוח מלון מפנק 1 ליטר,"קומפלקס כימיקלים בע""",TR,מרכך כביסה 1 ליטר בניחוח מלון מפנק,ליטרים,1.00,ליטר,false,12,10.90,10.9000,true,1,45646
7290001713860,false,PURE מרכך כביסה בניחוח מלון ספא 1 ליטר,"קומפלקס כימיקלים בע""",TR,מרכך כביסה 1 ליטר בניחוח מלון ספא,ליטרים,1.00,ליטר,false,12,10.90,10.9000,true,1,45637
7290001713884,false,עלמה מטליות מיקרופייבר שלישייה לרצפה,קומפלקס כימיקלים,CN,מטליות רצפה מיקרופייבר 3יח סנט מוריץ,יחידה,3.00,יחידה,false,24,13.90,4.6333,true,1,31209
7290001713891,false,עלמה מיקרופייבר חמישייה לניקוי חמישייה סנט מוריץ,קומפלקס כימיקלים,CN,מטליות מיקרופייבר לשיש 5יח סנט מוריץ,יחידה,5.00,יחידה,false,24,6.90,1.3800,true,1,31205
7290001713921,false,אקונומיקה bleach מבושמת 4 ל' סנט מוריץ,קומפלקס כימיקלים בעמ,IL,אקונומיקה מבושמת 4 ליטר מלבינה,ליטרים,4.00,ליטר,false,4,9.90,2.4750,true,1,37940
7290001726037,false,קרואסון ביס טעם נוגט,בונז'ור,,קרואסון ביס טעם נוגט,קילוגרמים,1.00,"ק""ג",true,,37.00,37.0000,true,1,15505
7290001738931,false,מערוך עץ רגיל 37/4סמ,מגי,,מערוך עץ רגיל 37/4סמ,יחידה,1.00,יחידה,false,1,24.90,24.9000,true,1,27371
7290001741511,false,מגן משטחים שקוף 45/1,,,מגן משטחים שקוף 45/100סמ,יחידה,1.00,יחידה,false,1,13.90,13.9000,true,1,36286
7290001791349,false,פיסגה אקונומיקה ריחנית סנו 4 ליטר,"סנו מפעלי ברונוס בע""מ",IL,אקונומיקה פסגה ריחנית 4 ל,ליטרים,4.00,ליטר,false,1,10.90,2.7250,true,1,4389
7290001791356,false,"פרש מבשם אויר אוטומטי בניחוח לבנדר סנו 250 מ""ל",סנו מפעלי ברונוס בעמ,IL,מ.אויר סנו פרש אוטומאיק לבנדר 250 מל,מיליליטרים,250.00,"100 מ""ל",false,1,14.90,5.9600,true,1,4562
7290001791363,false,"מטהר אויר בניחוח וניל קוקוס מילוי סנו 250 מ""ל",סנו מפעלי ברונוס בעמ,IL,מ.אויר סנו פרש אוטומאיק וניל 250 מל,מיליליטרים,250.00,"100 מ""ל",false,1,14.90,5.9600,true,1,4563
7290001791776,false,"סנו-די דוחה יתושים רול און עם אלוורה סנו 50 מ""ל",גוד פוד פרודקטס S.p,IL,סנו די דוחה יתושים אלוורה,מיליליטרים,50.00,"100 מ""ל",false,1,17.90,35.8000,true,1,4451
7290001817377,false,צ'יטוס חטיף איקס עיגול פיצה 60 גרם,"שטראוס פריטו ליי בע""\מ )",IL,חטיף ציטוס איקס עיגול 60 גרם,Unknown,0.00,Unknown,false,1,3.60,0.0000,true,1,297
7290001817728,false,צ'יטוס אפוי כאפה בטעם קטשופ 55 גרם,"שטראוס פריטו ליי בע""\מ )",IL,חטיף ציטוס כאפה 55 גרם,Unknown,0.00,Unknown,false,1,3.60,0.0000,true,1,2061
7290001835340,false,פרמיו לבבות 100 גרם,,CN,פרמיו לבבות 100 גר,גרמים,100.00,100 גרם,false,10,14.90,14.9000,true,1,49383
7290001835364,false,פרמיו חטיפי ברווז מובחרים,,CN,פרמיו חטיפי ברווז 100 גר,גרמים,100.00,100 גרם,false,10,14.90,14.9000,true,1,49384
7290001865439,false,פמילי אל סבון נוזלי בניחוח וניל 1 ליטר,אף.סי תבליני בגליל ב,IL,פמילי אל סבון לבן 1 ל משאבה,ליטרים,1.00,ליטר,false,1,10.90,10.9000,true,1,3429
7290001865453,false,פמילי לקשרי 1 ליטר לבנדר ארומטי+משאבה,מיוצר עי קונדיטוריית,TR,פמילי אל סבון לבנדר 1 ל משאבה,ליטרים,1.00,ליטר,false,1,10.90,10.9000,true,1,3430
7290001865460,false,סבון נוזלי פמלי לקשרי זר פרחים לבנים 1 ל,אינטרקוסמא,TR,פמילי אל סבון קוקוס 1 ל משאבה,ליטרים,1.00,ליטר,false,1,10.90,10.9000,true,1,3431
7290001873441,false,המבורגר בלאק אנגוס 320 גרם,טיבון ויל אחזקות בעמ,IL,המבורגר בלאק אנגוס 320גר,גרמים,320.00,100 גרם,false,6,27.90,8.7187,true,1,32255
7290001873458,false,סטייקבורגר בלאק אנגוס 320 גרם,טיבון ויל אחזקות בעמ,IL,סטייק בורגר בלאק אנגוס 320גר,גרמים,320.00,100 גרם,false,6,27.90,8.7187,true,1,32256
7290001873472,false,"קבב בלאק אנגוס 320 גרם,",טיבון ויל אחזקות בעמ,IL,קבב בלאק אנגוס 320גר,גרמים,320.00,100 גרם,false,6,27.90,8.7187,true,1,32257
7290001873489,false,קרפצ'יו בלאק אנגוס 120 ג,טיבון ויל אחזקות בעמ,IL,קרפצו בלאק אנגוס 120גר,גרמים,120.00,100 גרם,false,15,21.90,18.2500,true,1,32258
7290001881040,false,מלפפון בייבי כבוש במ,מאמא מרי,IL,מלפפון בייבי כבוש במלח 600גר,גרמים,600.00,100 גרם,false,1,28.90,4.8167,true,1,11944
7290001881095,false,עגבניות שרי כבושות 5,מאמא מרי,IL,עגבניות שרי כבושות 500 גרם,גרמים,500.00,100 גרם,false,1,28.90,5.7800,true,1,11945
7290001881224,false,קוביות אננס קפואות מ,מאמא מרי,IL,אננס 300 גרם,גרמים,300.00,100 גרם,false,1,15.90,5.3000,true,1,19635
7290001881231,false,מנגו חתוך קפוא 300 גר,מאמא מרי,IL,מנגו 300 גרם,גרמים,300.00,100 גרם,false,1,17.90,5.9667,true,1,20502
7290001881293,false,תות שדה קפוא 300 גר,מאמא מרי,,תות שדה קפוא 300גר,גרמים,300.00,100 גרם,false,1,11.90,3.9667,true,1,23545
7290001881873,false,"מאמא מרי כרוב עם חמוציות 1 ק""ג",מאמא מרי,,כרוב עם חמוציות כבוש 750 גרם,גרמים,750.00,100 גרם,false,1,19.90,2.6533,true,1,11948
7290001881972,false,קיווי קפוא 300 גר,מאמא מרי,,קיווי קפוא 300גר,גרמים,300.00,100 גרם,false,1,15.90,5.3000,true,1,23547
7290001917527,false,פרש וואנס פדים להסרת איפור 80 יח' *3,קריות זול,IL,פדיות קוסמטיות להסרת איפור 1/3,Unknown,0.00,Unknown,false,1,20.50,0.0000,true,1,3439
7290001973233,false,"קמיל בלו מגבונים לחים סנסיטיב ד""ר פישר 120 יחידות",פישר מעבדות פרמצבטיות,IL,מגבוני קמיל בלו סנסטייב 120 יח בקופסא,יחידה,120.00,יחידה,false,1,10.90,0.0908,true,1,5603
7290001973332,false,"קמיל בלו מגבונים לפנים סנסיטיב ד""ר פישר 60 יחידות","ד""ר פישר Dr fischer",IL,מגבונים לפנים קמיל בלו 60 יח,יחידה,60.00,יחידה,false,1,7.90,0.1317,true,1,5601
7290001975992,false,"בירה ויינשטפן 330 מ""ל בקבוק",קרלסברג יבוא יצוא,DE,בירה ויינשטפן 330 מל,מיליליטרים,330.00,"100 מ""ל",false,1,14.90,4.5152,true,1,9984
7290001989364,false,מקרל פרוס בשמן במשקל,"סלטי שמיר 2006 בע""מ",IL,מקרל פרוס בשמן במשקל,קילוגרמים,1.00,"ק""ג",true,,119.00,119.0000,true,1,37590
7290001989388,false,מעדן מטיאס הולנדי משקל,"סלטי שמיר 2006 בע""מ",IL,מעדן מטיאס הולנדי פרובינציאל במשקל,קילוגרמים,1.00,"ק""ג",true,,64.90,64.9000,true,1,37626
7290001989395,false,דג הרינג כבוש עם בצל,"סלטי שמיר 2006 בע""מ",IL,דג הרינג כבוש עם בצל במשקל,קילוגרמים,1.00,"ק""ג",true,,64.90,64.9000,true,1,37625
7290001990117,false,שומשום סוגת 100 גרם,האי נאם סי או אל.טי.,IL,שומשום סוגת 100 גרם,גרמים,100.00,100 גרם,false,1,4.50,4.5000,true,1,1905
7290001990148,false,"סוכר גולדן קלאסי בצנצנת סוגת 1 ק""ג",האי נאם סי או אל.טי.,IL,סוכר גולדן קלאסי צנצנת 1 קג סוגת,קילוגרמים,1.00,"ק""ג",false,1,12.90,12.9000,true,1,4977
7290001990261,false,"סוגת חומוס 1 ק""ג","סוגת תעשיות בע""\מ",IL,חומוס סוגת 1 קג,קילוגרמים,1.00,"ק""ג",false,1,15.90,15.9000,true,1,5223
7290001990278,false,"שעועית לבנה סוגת 1 ק""ג","סוגת תעשיות בע""\מ",IL,שעועית לבנה סוגת 1 קג,קילוגרמים,1.00,"ק""ג",false,1,18.90,18.9000,true,1,5250
7290001990391,false,אפונה יבשה 1קג סוגת,"סוגת תעשיות בע""\מ",IL,אפונה סוגת 1 קג,קילוגרמים,1.00,"ק""ג",false,1,11.90,11.9000,true,1,5200
7290001990407,false,"עדשים ירוקים 1 ק""ג סוגת","סוגת תעשיות בע""\מ",IL,עדשים ירוקים סוגת 1 קג,קילוגרמים,1.00,"ק""ג",false,1,14.90,14.9000,true,1,5243
7290001990414,false,"עדשים אדומים 1 ק""ג סוגת","סוגת תעשיות בע""\מ",IL,עדשים אדומים סוגת 1 קג,קילוגרמים,1.00,"ק""ג",false,1,14.90,14.9000,true,1,5201
7290001990421,false,"פופקורן גרעינים סוגת 1 ק""ג","סוגת תעשיות בע""\מ",IL,פופקורן סוגת 1 קג,קילוגרמים,1.00,"ק""ג",false,1,9.90,9.9000,true,1,5341
7290002000136,false,שעווה לחימום במיקרוגל - דבש ופרופוליס,"ש. שוורץ )באר שבע( בע""\מ",IL,שעוות דבש למיקרוגל מגע המשי 500 ג,גרמים,500.00,100 גרם,false,1,21.90,4.3800,true,1,2052
7290002000143,false,"חדש -פנג'ל ק.ידיים קלאסיק 80מ""ל",מיוצר עי קונדיטוריית,IL,קרם ידיים פנגל קלאסיק 80 מל,Unknown,0.00,Unknown,false,1,7.90,0.0000,true,1,245
7290002000266,false,מגע המשי התפוח שעווה למיקרו 500ג' -חדש,המאפיה של הרמן,IL,שעוות התפוח למיקרוגל מגע המשי 500 ג,גרמים,500.00,100 גרם,false,1,21.90,4.3800,true,1,2053
7290002000921,false,רשת צליה 19/21סמ צול,,,רשת צליה 19/21סמ צולה כבד משובץ,יחידה,1.00,יחידה,false,1,19.90,19.9000,true,1,38706
7290002001782,false,פנג'ל פלוס לכף הרגל 100מ,אינטרקוסמא,IL,קרם לכף רגל פנגל 100 מל,מיליליטרים,100.00,"100 מ""ל",false,1,16.90,16.9000,true,1,454
7290002002635,false,מגע המשי שעווה לפנים 80גר,"ש. שוורץ (ב""ש) בע""מ",IL,שעוות הדבש לפנים מגע השמי 80 גרם,Unknown,0.00,Unknown,false,1,17.90,0.0000,true,1,2055
7290002002857,false,ניירות להסרת שיער בשעווה 50 יחידות,"איטיליאן פוד, אס.פי.",IL,נייר להסרת שיער מגע המשי 50 יח,יחידה,50.00,יחידה,false,1,21.90,0.4380,true,1,2056
7290002003168,false,קרם ידיים מארז שלישיית פנג'ל 3X80-גרם,אינטרקוסמא 1985 במ,IL,מארז 3 יח קרם ידיים פנגל קלאסיק 240 מל,מיליליטרים,240.00,"100 מ""ל",false,1,17.90,7.4583,true,1,6760
7290002007029,false,קוקוס טחון 100 ג' הנמל,יבוא ושיווק: הנמל אר,IL,קוקוס 100 גרם,גרמים,100.00,100 גרם,false,1,4.50,4.5000,true,1,383
7290002007036,false,כוסמת הנמל 500 גרם,הנמל,,כוסמת 500 גרם,גרמים,500.00,100 גרם,false,1,7.90,1.5800,true,1,985
7290002007180,false,קמח תירס 500גר' הנמל מרובע,הנמל אריזות ושיווק ב,IL,קמח תירס 500 גרם,גרמים,500.00,100 גרם,false,1,4.90,0.9800,true,1,196
7290002007234,false,אבקת סוכר הנמל 100 גרם,"מיוצר וארוז ע""י: ר.ס",IL,אבקת סוכר 100 גרם,גרמים,100.00,100 גרם,false,1,2.00,2.0000,true,1,1434
7290002007241,false,סודה לשתיה הנמל 50 גרם,"מיוצר וארוז ע""י: BAS",IL,סודה לשתיה הנמל 50 גרם,Unknown,0.00,Unknown,false,1,2.00,0.0000,true,1,606
7290002007302,false,סוכריות לקישוט צבע אחיד 100 ג' הנמל,קריות זול,IL,מזרה צנצנת 100 גרם,גרמים,100.00,100 גרם,false,1,5.90,5.9000,true,1,938
7290002007357,false,שקיות צליה דליקטס מיקרוגל הנמל 10 יח',הנמל,IL,שקיות צליה 10 יח,Unknown,0.00,Unknown,false,1,4.90,0.0000,true,1,86
7290002007371,false,פירורי לחם הנמל 500 ג',הנמל אריזות ושיווק ב,IL,פירורי לחם 500 גר,גרמים,500.00,100 גרם,false,1,7.50,1.5000,true,1,439
7290002007500,false,קיסמי שיניים הנמל במבוק 500 יחידות,הנמל אריזות ושיווק בעמ,IL,קסמי שיניים בחבית 500 יח,יחידה,500.00,יחידה,false,1,4.70,0.0094,true,1,207
7290002007623,false,כוסות ליין 50 יחידות,יבוא ושיווק: הנמל אריזות,TR,כוסות ליין 50 יח,יחידה,50.00,יחידה,false,1,5.90,0.1180,true,1,983
7290002007746,false,"צבע מאכל כחול 55 מ""ל הנמל",הנמל אריזות ושיווק ב,IL,צבע מאכל כחול 55 מל,מיליליטרים,55.00,"100 מ""ל",false,1,3.50,6.3636,true,1,302
7290002007852,false,"תמצית אפייה בטעמים שונים 55 מ""ל הנמל",ממתקי עלה יצור ושיוו,IL,"תמצית אפיה וניל 55 מ""ל",מיליליטרים,55.00,"100 מ""ל",false,1,3.50,6.3636,true,1,1484
7290002007890,false,כוסות שתייה קרה 100 יח` 200 PP מל`,אריזות מדף - פלזית,IL,כוסות פלסטיק חד פעמי 100 יח,יחידה,100.00,יחידה,false,1,10.90,0.1090,true,1,982
7290002007975,false,"צלחות קטנות ח""פ הנמל 50 יח'",אריזות מדף - פלזית,IL,צלחות קטנות 50 יח,יחידה,50.00,יחידה,false,1,10.90,0.2180,true,1,309
7290002007982,false,מזלגות חד פעמי 100 י,הנמל אריזות ושיווק ב,IL,מזלגות לבנים 100 יח חדפ,יחידה,100.00,יחידה,false,1,15.90,0.1590,true,1,660
7290002007999,false,"צלחות גדולות ח""פ הנמל 50 יח'",אריזות מדף - פלזית,IL,צלחות חד פעמי גדולות 50 יח,יחידה,50.00,יחידה,false,1,16.90,0.3380,true,1,306
7290002008040,false,שיפודי במבוק הנמל 100 יחידות,"הנמל אריזות ושיווק בע""\מ",IL,שיפודים 30 סמ 100 יח,יחידה,100.00,יחידה,false,1,3.90,0.0390,true,1,171
7290002008057,false,"תמצית אפייה בטעם רום 55 מ""ל הנמל",ממתקי עלה יצור שיווק,IL,"תמצית אפיה רום 55 מ""ל",מיליליטרים,55.00,"100 מ""ל",false,1,3.50,6.3636,true,1,1485
7290002008071,false,גביעי נייר מספר 2 הנמל 1 יחידה,"הנמל אריזות ושיווק בע""\מ",IL,עטרות חום 2,Unknown,0.00,Unknown,false,1,3.90,0.0000,true,1,546
7290002008088,false,"צבע מאכל צהוב 55 מ""ל הנמל",הנמל אריזות ושיווק ב,IL,"צבע מאכל צהוב 55 מ""ל",מיליליטרים,55.00,"100 מ""ל",false,1,3.50,6.3636,true,1,2860
7290002008118,false,צמרוני עץ לאוזניים 100יח,שוורצקוף& הנקל דיסלד,IL,צמרונים עץ 100 יח בשקית,יחידה,100.00,יחידה,false,1,1.20,0.0120,true,1,318
7290002008149,false,מדליק פחם מוצק הנמל אריזת 40יח',מ.א.יצור ויבוא מטליו,GB,מדליק פחם מוצק,Unknown,0.00,Unknown,false,1,6.90,0.0000,true,1,922
7290002008156,false,גביעי נייר מספר 5 הנמל 1 יחידה,קריות זול,IL,עטרות חום 5,Unknown,0.00,Unknown,false,1,5.90,0.0000,true,1,549
7290002008170,false,גביעי נייר מספר 3 הנמל 1 יחידה,הנמל,IL,עטרות חום 3,Unknown,0.00,Unknown,false,1,4.90,0.0000,true,1,547
7290002008187,false,קשים מתקפלים לשתיה הנמל 40 יחידות,יבוא ושיווק: הנמל אריזות,CN,קשים מתקפלים 40 יח,Unknown,0.00,Unknown,false,1,1.90,0.0000,true,1,266
7290002008224,false,סוכריות לקישוט צבעונית הנמל 100 ג',ממתקי עלה בעמ,IL,מזרה עגול צנצנת 100 גרם,גרמים,60.00,100 גרם,false,1,5.90,9.8333,true,1,937
7290002008231,false,אציטון 100 גרם,מעבדות גרינפארם,IL,אציטון 100 מל,מיליליטרים,100.00,"100 מ""ל",false,1,4.90,4.9000,true,1,12382
7290002008255,false,נייר לאפיה 10 יח,,,נייר לאפיה 10 יח,Unknown,0.00,Unknown,false,1,3.10,0.0000,true,1,747
7290002008309,false,עטרות נייר חום לעוגה מס' 4 הנמל 130יח',"הנמל אריזות ושיווק בע""\מ",IL,עטרות חום 4,Unknown,0.00,Unknown,false,1,4.90,0.0000,true,1,548
7290002008347,false,קורנפלור 500 גרם הנמל,קריות זול,IL,קורנפלור 500 גרם,גרמים,500.00,100 גרם,false,1,6.50,1.3000,true,1,394
7290002008354,false,מפת שולחן פלסטיק 8 יחידו,"איטיליאן פוד, אס.פי.",IL,מפת נילון 8 יח,Unknown,0.00,Unknown,false,1,8.90,0.0000,true,1,874
7290002008460,false,עטרות חום מספר 1.5 הנמל,"הנמל אריזות ושיווק בע""\מ",IL,עטרות חום 1.5,Unknown,0.00,Unknown,false,1,3.90,0.0000,true,1,28
7290002008491,false,סוכריות לקישוט שוקולד 100 ג' הנמל,ממתקי עלה יצור שיווק,IL,מזרה שוקו צנצנת 100 גרם,גרמים,100.00,100 גרם,false,1,5.90,5.9000,true,1,939
7290002008507,false,נייר אפיה הנמל 50 יחידות,הנמל אריזות ושיווק ב,IL,נייר לאפיה 50 יח,Unknown,0.00,Unknown,false,1,9.90,0.0000,true,1,748
7290002008569,false,מלבין קפה בקופסא הנמל 200 גרם,הנמל אריזות ושיווק ב,IL,מלבין קפה 200 ג בקופסא,גרמים,200.00,100 גרם,false,1,14.90,7.4500,true,1,3813
7290002008576,false,מפיון מפיות בדיספנסר,קריות זול,,מפיות מפיון 100 יח קופסא הנמל,יחידה,100.00,יחידה,false,1,3.50,0.0350,true,1,871
7290002008620,false,"צבע מאכל ירוק 55 מ""ל הנמל",ממתקי עלה יצור שיווק,IL,צבע מאכל ירוק 55 מל,מיליליטרים,55.00,"100 מ""ל",false,1,3.50,6.3636,true,1,301
7290002008651,false,קמח תפוחי אדמה הנמל 500 גרם,ר.ס. חברה ליבוא וייצ,IL,קמח תפוח אדמה 500 גרם,גרמים,500.00,100 גרם,false,1,5.90,1.1800,true,1,198
7290002008668,false,צמרוני כותנה ביוטי הנמל עגול 200 יחידות,הנמל,TR,צמרונים קלירי 200 יח,יחידה,200.00,יחידה,false,1,5.00,0.0250,true,1,319
7290002008743,false,סוכר וניל עשירייה הנמל 100 גרם,"מיוצר וארוז ע""י: ר.ס",IL,סוכר וניל 10 יח,גרמים,100.00,100 גרם,false,1,3.00,3.0000,true,1,611
7290002008750,false,אבקת אפיה עשירייה הנמל 100 גרם,"מיוצר ע""י:ר.ס. חברה",IL,אבקת אפיה 10 יח,גרמים,100.00,100 גרם,false,1,3.00,3.0000,true,1,1429
7290002008774,false,שומשום הנמל 200 גרם,הנמל אריזות ושיווק ב,IL,שומשום הנמל 200 גר,גרמים,200.00,100 גרם,false,1,6.90,3.4500,true,1,141
7290002008835,false,מגן כיריים הנמל 4 יחידות,מיוצר בסין.יבוא ושיו,CN,מגן כיריים,Unknown,0.00,Unknown,false,1,5.90,0.0000,true,1,918
7290002008989,false,קישקשים קשים לשתיה 225יח הנמל,שיווק: הנמל אריזות ושיוו,CN,קישקשים 225 יח,Unknown,0.00,Unknown,false,1,10.90,0.0000,true,1,2264
7290002013006,false,פסטרמה מקסיקנית במשקל,זוגלובק,IL,פסטרממיה מקסיקנית במשקל,קילוגרמים,1.00,"ק""ג",true,,69.00,69.0000,true,1,48893
7290002013037,false,פסטרמה פרגית זוגלובק,זוגלובק,IL,פסטרמה פרגיות על לבנים במשקל,קילוגרמים,1.00,"ק""ג",true,,69.00,69.0000,true,1,48894
7290002013174,false,פסטרמה של פעם זוגלוב,זוגלובק,IL,פסטרמה של פעם במשקל,קילוגרמים,1.00,"ק""ג",true,,69.00,69.0000,true,1,48895
7290002019787,false,רוטב עגבניות מרוכז מאוד 260 גרם פריניר,פריניר ( הדס 1987) ב,IL,רוטב עגבניות 260 ג פלסטי פריניר,גרמים,260.00,100 גרם,false,1,3.80,1.4615,true,1,122
7290002019794,false,רוטב עגבניות מרוכז מאוד 100 גרם פריניר,פריניר ( הדס 1987) ב,IL,רוטב עגבניות 100 ג פלסטיק פריניר,גרמים,100.00,100 גרם,false,1,1.90,1.9000,true,1,121
7290002022923,false,סוכריות על מקל בטעם תות כרמית 50 יחידות,כרמית תעשיות ממתקים,TR,לקקן כרמית תות 50 יח שקית,יחידה,50.00,יחידה,false,1,16.90,0.3380,true,1,3760
7290002026341,false,בטטה צ'יפס רגיל אריסטו קראנץ 500 ג',מוצרי איכות אמריקאיים,CA,ציפס בטטה 500 גרם אריסטו קראנץ,גרמים,500.00,100 גרם,false,1,16.90,3.3800,true,1,13119
7290002026358,false,צ'יפס אריסטו זיג זג שקיות רשת,מוצרי איכות אמריקאיים,CA,ציפס בטטה זיגזג 500 גרם אריסטו קראנץ,גרמים,500.00,100 גרם,false,1,16.90,3.3800,true,1,13118
7290002026365,false,טבעות בצל אריסטו קראנץ' 500 גרם,מוצרי איכות אמריקאיים,BE,טבעות בצל 500 גרם אריסטו קראנץ,גרמים,500.00,100 גרם,false,1,12.90,2.5800,true,1,13117
7290002026587,false,וופל בלגי פרווה בראנץ אנד קראנץ 8 יח',בראנץ' אנד קראנץ Brunch& Crunch,BE,וופל בלגי בראנץ אנד קראנץ קפוא 8יח,גרמים,280.00,100 גרם,false,10,15.50,5.5357,true,1,32015
7290002026778,false,גלידת קון סוויט קון בן וג'ירי 428 ג',מוצרי איכות אמריקאיים בע,IL,גלידה בן אנד גריס קון סוויט קון 500מל,מיליליטרים,500.00,"100 מ""ל",false,1,19.90,3.9800,true,1,15942
7290002026884,false,"מאגדת גלידת בן& ג'ריס צאנקי מיקס 400 מ""ל",מוצרי איכות אמריקאיים בע,IL,מאגדת גל.בן אנד גריס צאנקי מיקס 294גר,גרמים,294.00,100 גרם,false,1,24.90,8.4694,true,1,21078
7290002037040,false,חלה קלה פרוסה 500 גרם,מאפית י את א ברמן בע,IL,חלה פלוס ודש 500 גרם,גרמים,500.00,100 גרם,false,1,15.90,3.1800,true,1,1080
7290002037057,false,"לחם לבן פרוס ארוז ""ברמן"" - מוצר בפיקוח",מאפית י.את א. ברמן ב,IL,לחם לבן פרוס 500 גרם***,גרמים,500.00,100 גרם,false,1,6.10,1.2200,true,1,1039
7290002037125,false,חלה פרוסה וודש 500 גרם,מאפית י את א ברמן בע,IL,חלה פרוסה 500 גרם,גרמים,500.00,100 גרם,false,1,9.90,1.9800,true,1,1079
7290002037163,false,**לחם אחיד פרוס וודש 750 גרם,מאפית י.את א. ברמן ב,,לחם אחיד פרוס 750 גרם***,גרמים,750.00,100 גרם,false,1,7.91,1.0547,true,1,1036
7290002037309,false,שמיניית לחמניות המבורגר,מאפית י את א ברמן בע,IL,מארז 2+6 לחמניה המבורגר 50 גרם,גרמים,400.00,100 גרם,false,1,13.90,3.4750,true,1,889
7290002037637,false,חליות מתוקות מארז 4יח',מאפית י את א ברמן בע,IL,מארז 4 חליה מתוקה 90 גרם,גרמים,350.00,100 גרם,false,1,13.90,3.9714,true,1,1403
7290002040019,false,קוסקוס רגיל הנמל 350 גרם,"קוסקוס מזון בע""מ",IL,קוסקוס רגיל 350 גרם,גרמים,350.00,100 גרם,false,1,5.90,1.6857,true,1,378
7290002040064,false,קוסקוס דק הנמל 350 גרם,טרופיקל דגיל תעשיות,IL,קוסקוס דק 350 גרם,גרמים,350.00,100 גרם,false,1,5.90,1.6857,true,1,376
7290002040071,false,קוסקוס עבה שקית 350 גרם הנמל,"קוסקוס מזון בע""מ",IL,קוסקוס עבה 350 גרם,גרמים,350.00,100 גרם,false,1,5.90,1.6857,true,1,377
7290002040088,false,קוסקוס מלא הנמל 350 גרם,"קוסקוס מזון בע""מ",IL,קוסקוס מלא 350 ג,גרמים,350.00,100 גרם,false,1,6.90,1.9714,true,1,4161
7290002043188,false,אקסטרה צ'יפס אורז חום מלא צ'ילי חריף 60 גרם,נוהלס ג'\י אס סי.,BG,ציפס אורז חום צילי חריף 60 גרם,Unknown,0.00,Unknown,false,24,6.90,0.0000,true,1,37371
7290002043218,false,אקסטרה צ'יפס אורז חום מלא מלח 60 גרם,נוהלס ג'\י אס סי.,BG,ציפס אורז חום מלא מלוח 60 גרם,Unknown,0.00,Unknown,false,24,6.90,0.0000,true,1,37370
7290002043225,false,אקסטרה צ'יפס אורז חום מלא פפריקה 60 גרם,נוהלס ג'\י אס סי.,BG,ציפס אורז חום פפריקה 60 גרם,Unknown,0.00,Unknown,false,24,6.90,0.0000,true,1,37372
7290002043348,false,אקסטרה צ'יפס אורז חום צ'יה וקינואה 60 גרם,נוהלס ג'\י אס סי.,BG,ציפס אורז חום ציה וקינואה 60 גרם,Unknown,0.00,Unknown,false,24,7.90,0.0000,true,1,37374
7290002043782,false,אקסטרה צ'יפס אורז חום מלא טקסס ברביקיו 60 גרם,נוהלס ג'\י אס סי.,BG,ציפס אורז חום טקסס ברביקיו 60 גרם,Unknown,0.00,Unknown,false,24,6.90,0.0000,true,1,37369
7290002053088,false,אטריות ביצים דקיקים מספר 8 אוריינט 200 גרם,פ.פ.ח טאביט,PL,אטריות ביצים מס 8 אורינט 200 גר,גרמים,200.00,100 גרם,false,1,7.50,3.7500,true,1,7684
7290002053095,false,אטריות ביצים דקות מספר 10 אוריינט 200 גרם,פ.פ.ח טאביט,PL,אטריות ביצים מס 10 אוריינט 200 גר,גרמים,200.00,100 גרם,false,1,7.50,3.7500,true,1,1321
7290002053101,false,אטריות ביצים בינוניות מספר 12 אוריינט 200 גרם,פ.פ.ח טאביט,PL,אטריות ביצים מס 12 אוריינט 200 גר,גרמים,200.00,100 גרם,false,1,7.50,3.7500,true,1,1322
7290002053118,false,אטריות ביצים עבות מספר 14 אוריינט 200 גרם,האי נאם סי או אל.טי.,PL,אטריות ביצים מס 14 אורינט 200 גר,גרמים,200.00,100 גרם,false,1,7.50,3.7500,true,1,1323
7290002053354,false,אטריות נודלס סיני להקפצה אוריינט 300 גרם,טאביט ספ.ז.או.או,PL,אטריות נודלס סיני 300 גר אוריינט,גרמים,300.00,100 גרם,false,1,12.90,4.3000,true,1,2060
7290002053538,false,נודלס בסגנון תאילנדי 25 תוספת אוריינטל 500 גרם,פ.פ.ח. טאביה ספ זאו.או,PL,איטריות נודלס תאילנדי100+400 גר אוריינט,גרמים,500.00,100 גרם,false,1,13.90,2.7800,true,1,29282
7290002057017,false,זיתים נובו ענק A2 יבנה 330ג',שיוך למחסן 17,IL,זית ירוק נובו דה סקרנה יבנה א/2,גרמים,540.00,100 גרם,false,1,10.90,2.0185,true,1,4306
7290002057031,false,זיתים מבוקעים פיקנטי קבוצת יבנה 340 גרם,קבוצת יבנה,IL,זית ירוק מבוקע פיקנטי א/2 יבנה,גרמים,540.00,100 גרם,false,1,8.90,1.6481,true,1,3945
7290002057048,false,זית יבנה סורי מבוקע בשמן זית 340 גרם,קבוצת יבנה,IL,זית ירוק סורי מבוקע א/2 יבנה,גרמים,540.00,100 גרם,false,1,11.50,2.1296,true,1,3941
7290002057055,false,זיתים סורי ירוק שלם A2 יבנה 560ג',קבוצת יבנה,IL,זית ירוק סורי שלם א/2 יבנה,גרמים,540.00,100 גרם,false,1,11.50,2.1296,true,1,3940
7290002057062,false,זיתים מנזנילו ירוק בינוני קבוצת יבנה 340 גרם,קבוצת יבנה,IL,זית ירוק מנזלינו בינוני א/2 יבנה,גרמים,540.00,100 גרם,false,1,7.90,1.4630,true,1,3959
7290002057093,false,זיתים מנזנילו גדול קבוצת יבנה 340 גרם,קבוצת יבנה,IL,זית ירוק מנזלינו גדול א/2 יבנה,גרמים,540.00,100 גרם,false,1,8.90,1.6481,true,1,3938
7290002057109,false,זיתים יבנה ירוקים גדולים מאוד שום מנזלינ,קבוצת יבנה,IL,זית ירוק מנזלינו גדול מאוד א/2 יבנה,גרמים,540.00,100 גרם,false,1,9.90,1.8333,true,1,3939
7290002057123,false,זיתים ירוקים מנזנילו קבוצת יבנה 560 גרם,קבוצת יבנה,IL,זית חרוזית ירוק יבנה א/2,גרמים,540.00,100 גרם,false,1,9.90,1.8333,true,1,3772
7290002057161,false,זיתים מרינט ביין גדול מאד קבוצת יבנה 340 גרם,קבוצת יבנה,IL,זית שחור מרינט ביין ג.מ. א/2 יבנה,גרמים,540.00,100 גרם,false,1,9.90,1.8333,true,1,3943
7290002057178,false,זיתים שחורים גדולים מנזלינו קבוצת יבנה 3,קבוצת יבנה,IL,זית שחור טבעי גדול א/2 יבנה,גרמים,540.00,100 גרם,false,1,9.90,1.8333,true,1,3944
7290002057185,false,טבעות זיתים ירוקים קבוצת יבנה 560 גרם,קבוצת יבנה,IL,טבעות זית ירוק א/2 יבנה,גרמים,540.00,100 גרם,false,1,9.90,1.8333,true,1,3942
7290002057352,false,מלפפונים במלח ‏9‏-‏7‏ קבוצת יבנה 320 גרם,קבוצת יבנה מוצרי מזון,IL,מלפפון במלח 7-9 א/2 יבנה,גרמים,540.00,100 גרם,false,1,6.90,1.2778,true,1,3868
7290002057369,false,מלפפונים במלח ‏12‏-‏10‏ קבוצת יבנה 320 גרם,קבוצת יבנה,IL,מלפפון במלח 10-12 א/2 יבנה,גרמים,540.00,100 גרם,false,1,7.90,1.4630,true,1,3933
7290002057376,false,מלפפונים במלח ‏17‏-‏13‏ קבוצת יבנה 320 גרם,קבוצת יבנה,IL,מלפפון במלח 13-17 א/2 יבנה,גרמים,540.00,100 גרם,false,1,10.50,1.9444,true,1,3771
7290002057383,false,מלפפונים במלח ‏25‏-‏18‏ קבוצת יבנה 320 גרם,קבוצת יבנה,IL,מלפפון במלח 18-25 א/2 יבנה,גרמים,540.00,100 גרם,false,1,12.90,2.3889,true,1,3936
7290002057437,false,פלפל שיפקונית קבוצת יבנה 225 גרם,קבוצת יבנה,IL,שיפקונת 560 גרם קבוצת יבנה,גרמים,560.00,100 גרם,false,12,9.90,1.7679,true,1,35753
7290002057451,false,מלפפונים בחומץ ‏9‏-‏7 קבוצת יבנה 290 גרם,קבוצת יבנה מוצרי מזון,IL,מלפפון בחומץ 7-9 א/2 יבנה,גרמים,540.00,100 גרם,false,1,6.90,1.2778,true,1,3931
7290002057468,false,מלפפון יבנה בחומץ בינוניים 10-12 290 גרם,קבוצת יבנה,IL,מלפפון בחומץ 10-12 א/2 יבנה,גרמים,540.00,100 גרם,false,1,7.90,1.4630,true,1,3932
7290002057475,false,מלפפונים בחומץ ‏17‏-‏13 קבוצת יבנה 290 גרם,קבוצת יבנה,IL,מלפפון בחומץ 13-17 א/2 יבנה,גרמים,540.00,100 גרם,false,1,10.50,1.9444,true,1,3934
7290002057482,false,מלפפון יבנה בחומץ קטנים מאוד 18-25 290 ג,קבוצת יבנה,IL,מלפפון בחומץ 18-25 א/2 יבנה,גרמים,540.00,100 גרם,false,1,12.90,2.3889,true,1,3935
7290002057604,false,פלפל חריף שיפקה קבוצת יבנה 225 גרם.,קבוצת יבנה,IL,פלפל שיפקה כבוש א/2 יבנה,גרמים,540.00,100 גרם,false,1,6.90,1.2778,true,1,3930
7290002057628,false,טבעות זיתים מושחר קבוצת יבנה 275 גרם,קבוצת יבנה,IL,טבעות זית מושחר א/2 יבנה,גרמים,540.00,100 גרם,false,1,9.90,1.8333,true,1,4108
7290002057703,false,חצילים במלח קבוצת יבנה 320 גרם,קבוצת יבנה,IL,חציל אקסטרה א/2 יבנה,גרמים,540.00,100 גרם,false,1,6.90,1.2778,true,1,3937
7290002057734,false,זיתים חרוזית מושחר קבוצת יבנה 275 גרם,קבוצת יבנה,IL,זית חרוזית שחור יבנה א/2,גרמים,540.00,100 גרם,false,1,9.90,1.8333,true,1,4307
7290002057741,false,זית שחור מיובש מתובל,לטרובליס ושות,GR,זית שחור מיובש מתובל יבנה לדרך 200 גרם,גרמים,200.00,100 גרם,false,12,12.90,6.4500,true,1,51608
7290002057758,false,זית ירוק ענק מתובל י,לטרובליס ושות,GR,זית ירוק ענק מתובל יבנה לדרך 200 גרם,גרמים,200.00,100 גרם,false,12,12.90,6.4500,true,1,51611
7290002057765,false,זית קלמטה ענק יבנה ל,לטרובליס ושות,GR,זית קלמטה ענק יבנה לדרך 200 גרם,גרמים,200.00,100 גרם,false,12,12.90,6.4500,true,1,51610
7290002057772,false,זית ירוק ענק יבנה לד,לטרובליס ושות,GR,זית ירוק ענק יבנה לדרך 200 גרם,גרמים,200.00,100 גרם,false,12,12.90,6.4500,true,1,51609
7290002057789,false,זית מיקס קלמטה וירוק,לטרובליס ושות,GR,זית מיקס קלמטה וירוק יבנה לדרך 200 גרם,גרמים,200.00,100 גרם,false,12,12.90,6.4500,true,1,51607
7290002057819,false,גמבה רצועות פלפל אדום A2 יבנה 300 גרם,קבוצת יבנה,IL,גמבה רצועות א/2,גרמים,540.00,100 גרם,false,1,6.90,1.2778,true,1,4891
7290002057871,false,זית חרוזית צנצנת 540 ג' יבנה,קבוצת יבנה,,זית חרוזית ירוק 540 גר צנצנת,גרמים,540.00,100 גרם,false,1,9.90,1.8333,true,1,4104
7290002061137,false,אורנה 19 קרם דפילטור80גר,אלפא קוסמטיקה,IL,קרם להסרת שיער אורנה 19 רגיל 80גר,Unknown,0.00,Unknown,false,1,14.90,0.0000,true,1,243
7290002061885,false,דפילטור אורנה 19 לנערות,אלפא קוסמטיקה,IL,קרם להסרת שיער אורנה 19 נערות 80גר,Unknown,0.00,Unknown,false,1,14.90,0.0000,true,1,22796
7290002075219,false,בונבוניירה אייסקונפק,,,בונבוניירה אייסקונפקט 500 גר,גרמים,500.00,100 גרם,false,1,35.00,7.0000,true,1,6268
7290002077268,false,מיני קציצות דג לבישול 500 גרם קהילות,האי נאם סי או אל.טי.,IL,מיני קציצות דג לבישול 500 גר,גרמים,500.00,100 גרם,false,1,22.20,4.4400,true,1,8862
7290002107071,false,גבינת פטה עיזים מעודנת 16% משק צוריאל 200 גרם,מחלבת משק צוריאל,IL,גבינה בולגרית עיזים מעודנת 16% 200ג צורי,גרמים,200.00,100 גרם,false,12,26.90,13.4500,true,1,4061
7290002107316,false,טבורוג למעדיה צוריאל,מחלבת משק צוריאל,IL,גבינה טבורוג במשקל,קילוגרמים,1.00,"ק""ג",true,,45.00,45.0000,true,1,24710
7290002107385,false,גליל גבינת עיזים מה עז משק צוריאל 180 גרם,מחלבת משק צוריאל,IL,גבינת עיזים קשה מהעז 180 גר,גרמים,180.00,100 גרם,false,1,24.90,13.8333,true,1,5108
7290002107491,false,גבינה לבנה מחלב עיזים למריחה 5% משק צוריאל 250 גרם,מחלבת משק צוריאל,IL,גבינה עיזים 5% למריחה בטעמים 250 ג,גרמים,250.00,100 גרם,false,1,16.90,6.7600,true,1,1271
7290002107743,false,צפתית מעודנת5%משק צוריאל,מחלבת משק צוריאל,IL,גבינה צפתית מעודנת 5% במשקל צוריאל,קילוגרמים,1.00,"ק""ג",true,,59.00,59.0000,true,1,3617
7290002107798,false,גבינה בולגרית מעודנת 5% משק צוריאל 250 גרם,מחלבת משק צוריאל,IL,גבינה בולגרית בקר 5% 250 ג בגביע,גרמים,250.00,100 גרם,false,1,24.90,9.9600,true,1,1378
7290002107965,false,טבורוג גבינה לאפייה 5% צוריאל 500 ג',מחלבת משק צוריאל,IL,גבינת טבורוג 5% כפרי 500 גרם,גרמים,500.00,100 גרם,false,1,24.90,4.9800,true,1,1868
7290002109372,false,בורקס פילו אצבעות בולגרי 700 ג' שלושת האופים,שלושת האופים שגמור,IL,בורקס פילו אצבעות בולגרית 700 גר,גרמים,700.00,100 גרם,false,1,20.90,2.9857,true,1,9396
7290002109488,false,קבב 100% אמיתי טיבון ויל 440 גרם,"טיבון ויל אחזקות בע""\מ",IL,קבב אמיתי 100% טיבונוויל 440 גרם,גרמים,440.00,100 גרם,false,1,15.90,3.6136,true,1,9194
7290002128083,false,נרות חנוכה רגיל 44יח-מנורה,מנורה,IL,נרות חנוכה 44 יח רגיל מנורה,יחידה,44.00,יחידה,false,50,3.90,0.0886,true,1,45669
7290002128205,false,נרות לא נוטפים 45יח-מנורה,,,נרות חנוכה מיוחדים 44יח מנורה,יחידה,44.00,יחידה,false,1,6.90,0.1568,true,1,45670
7290002128403,false,נרות שולחן אורה 4 יחידות,קריות זול,IL,נרות שבת מס 4,יחידה,4.00,יחידה,false,1,3.90,0.9750,true,1,50383
7290002128434,false,נרות שבת אורה 10 יחידות,קריות זול,IL,נרות שבת מס 10,יחידה,10.00,יחידה,false,50,3.90,0.3900,true,1,50382
7290002129455,false,פיצה איטלקית XL גדולה שלושת האופים 450 גרם,,IT,פיצה איטלקית אקס אל 450 גרם שלושת האופים,גרמים,450.00,100 גרם,false,1,20.90,4.6444,true,1,20069
7290002129462,false,פיצה איטלקית דקה שלושת האופים מארז זוג 640 ג',סוילה אס.אר.אל,IT,זוג פיצה איטלקית דקה 640 גר שלושת האופים,גרמים,640.00,100 גרם,false,1,21.90,3.4219,true,1,18228
7290002129479,false,פיצה מרגריטה איטלקית דקה שלושת האופים 320 גרם,האי נאם סי או אל.טי.,IT,פיצה איטלקית דקה 320גרם שלושת האופים,גרמים,320.00,100 גרם,false,1,15.90,4.9688,true,1,18227
7290002129486,false,פיצה איטלקית דקה זיתים 340 ג' שלושת האופים,האי נאם סי או אל.טי.,IT,פיצה זיתים דקה איטלקית 340גר שלושת האופי,גרמים,340.00,100 גרם,false,1,16.90,4.9706,true,1,19105
7290002130567,false,דבש דבורים טהור פרחי בר יד מרדכי 350 גרם,מכוורת יד מרדכי שטראוס ב,IL,דבש טהור יד מרדכי 350 ג צנצנת,גרמים,350.00,100 גרם,false,1,20.90,5.9714,true,1,1145
7290002130574,false,דבש טהור מפרחי בר בזכוכית 500 ג' יד מרדכי,מכוורת יד מרדכי שטראוס ב,IL,דבש טהור 500 גר יד מרדכי,גרמים,500.00,100 גרם,false,1,25.90,5.1800,true,1,2096
7290002132011,false,עוגיות מזרחיות מלוחות עבאדי 400 גרם,מאפיית יוסף ושמחה עבאדי,IL,עוגיות עבאדי מזרחיות 400 ג,גרמים,400.00,100 גרם,false,1,18.90,4.7250,true,1,533
7290002133032,false,פתיתי קשקבל 29% גבינות השומרון 300 גרם,"מחלבת השומרון בע""מ",IL,פתיתי גבינת קשקבל 300 גר,גרמים,300.00,100 גרם,false,1,29.90,9.9667,true,1,7509
7290002133070,false,גב.קשקבל טורקי צאן22%משק,"מחלבת השומרון בע""מ",IL,גבינת קשקבל טורקי במשקל,קילוגרמים,1.00,"ק""ג",true,,120.00,120.0000,true,1,7508
7290002133087,false,גבינה בולגרית צאן20%משקל,מחלבת השומרון בעמ,,גבינה בולגרית צאן סופיה במשקל,קילוגרמים,1.00,"ק""ג",true,,80.00,80.0000,true,1,7507
7290002133117,false,בולגרית מעודנת 5% במשקל,"מחלבת השומרון בע""מ",IL,גבינה בולגרית מעודנת 5% במשקל שומרון,קילוגרמים,1.00,"ק""ג",true,,45.00,45.0000,true,1,10279
7290002133148,false,צפתית רכה שומרון במש,"מחלבת השומרון בע""מ",IL,צפתית רכה שומרון במשקל,קילוגרמים,1.00,"ק""ג",true,,45.00,45.0000,true,1,2154
7290002133162,false,גבינה בולגרית 5% גבינות השומרון 250 גרם,מחלבת השומרון,IL,גבינה בולגרית 5% של פעם 250 גר,גרמים,250.00,100 גרם,false,1,17.90,7.1600,true,1,7146
7290002133193,false,בולגרית שומרון מעדני,מחלבת השומרון בעמ,IL,בולגרית קלאסית 5% שומרון במשקל,קילוגרמים,1.00,"ק""ג",true,,55.00,55.0000,true,1,2153
7290002133247,false,לאבנה עם שמן זית וזעתר 5% גבינות השומרון 250 גרם,מחלבת השומרון,IL,לבנה שמן וזעתר 250 גרם,גרמים,250.00,100 גרם,false,1,12.90,5.1600,true,1,2157
7290002133506,false,יוגורט של פעם חלב עיזים 4% גבינות השומרון 400 גרם,מחלבת השומרון,IL,יוגורט 4% חלב עיזים 400 גר,גרמים,400.00,100 גרם,false,1,12.90,3.2250,true,1,7114
7290002133551,false,גבינת לאבנה עם שמן זית וזעתר 5% השומרון 500 גרם,מחלבת השומרון,IL,לבנה 5% עם שמן זית וזעתר 500 גרם,גרמים,500.00,100 גרם,false,1,19.90,3.9800,true,1,19714
7290002133612,false,"יוגורט יווני אותנטי 8% גבינות השומרון 180 מ""ל",מחלבת השומרון,IL,יוגורט יווני 180 גר,גרמים,180.00,100 גרם,false,1,5.90,3.2778,true,1,7119
7290002133643,false,גבינת פטה צאן 22% גבינות השומרון 200 גרם,מחלבת השומרון,IL,גבינת פטה 16% צאן 200 גר,גרמים,200.00,100 גרם,false,1,20.90,10.4500,true,1,7510
7290002133858,false,גבינה בולגרית צאן 18% גבינות השומרון 250 גרם,מחלבת השומרון,IL,גבינה בולגרית צאן 250 גר,גרמים,250.00,100 גרם,false,1,21.90,8.7600,true,1,7147
7290002133889,false,גבינה בולגרית מעודנת 5% 250 גרם,מחלבת השומרון,IL,גבינה בולגרית 5% מעודנת 250 גר,גרמים,250.00,100 גרם,false,1,17.90,7.1600,true,1,7145
7290002133940,false,יוגורט של פעם כבשים 4% גבינות השומרון 180 גרם,מחלבת השומרון,IL,יוגורט 4% מחלב כבשים 180 גר,גרמים,180.00,100 גרם,false,1,6.50,3.6111,true,1,7118
7290002157830,false,קוביות גולש עגל קפוא טיבון ויל 800 גרם,טיבון ויל - נטו,IL,קוביות גולש 100% עגל 800 גרם,גרמים,800.00,100 גרם,false,1,44.90,5.6125,true,1,15053
7290002157953,false,מארז נתחי טונה בהירה בשמן קנולה - 4 יחידות,דיאמנט פוד פרודקט,IL,מארז 4 טונה בשמן קנולה ויליגר 140 ג,גרמים,560.00,100 גרם,false,1,19.90,3.5536,true,1,15396
7290002157960,false,רביעיית טונה במים ויליגר 140 גרם,ויליגר,IL,מארז 4 טונה במים ויליגר 140 ג,גרמים,560.00,100 גרם,false,1,19.90,3.5536,true,1,30468
7290002190141,false,ריבת חלב קונדיטור 450גרם,Barhan gida sanayi v,IL,ריבת חלב קומידה 450 גרם צנצנת,גרמים,450.00,100 גרם,false,1,13.90,3.0889,true,1,115
7290002190516,false,"ריבת חלב גלעם-קומידה 500ג' 12X-כשל""פ",אשבל מזון פונקציונלי בע\,IL,ריבת חלב גלעם 500 גרם,גרמים,500.00,100 גרם,false,1,13.90,2.7800,true,1,841
7290002196075,false,דבש טהור 350 גר משק,,,דבש טהור 350 גר משק לין,גרמים,350.00,100 גרם,false,1,20.90,5.9714,true,1,23847
7290002196105,false,דבש טהור משק לין 500,משק לין,IL,דבש טהור 500 גר משק לין,גרמים,500.00,100 גרם,false,1,25.90,5.1800,true,1,23848
7290002196129,false,דבש טהור 1 קג משק לי,משק לין,IL,דבש טהור 1 קג משק לין,קילוגרמים,1.00,"ק""ג",false,1,44.90,44.9000,true,1,23846
7290002196341,false,רוטב סילאן מוקפץ 320 גרם,משק דבורים לין,IL,רוטב סילאן מוקפץ משק לין 320 גר,גרמים,320.00,100 גרם,false,1,23.90,7.4687,true,1,9306
7290002196358,false,רוטב סילאן על האש 320גרם,משק דבורים לין,IL,רוטב סילאן על האש משק לין 320 גר,גרמים,320.00,100 גרם,false,1,23.90,7.4687,true,1,9307
7290002196372,false,רוטב סילאן גריל 320 גרם,משק דבורים לין,IL,רוטב סילאן גריל משק לין320 גר,גרמים,320.00,100 גרם,false,1,23.90,7.4687,true,1,977
7290002196495,false,רוטב ג'ינג'ר ופלפל אדום,משק דבורים לין,IL,רוטב דבש גינגר וצילי משק לין 320 גר,גרמים,320.00,100 גרם,false,1,23.90,7.4687,true,1,4549
7290002196617,false,משק לין רוטב חרדל ודבש,משק דבורים לין,IL,רוטב חרדל ודבש משק לין 320 גר,גרמים,320.00,100 גרם,false,1,23.90,7.4687,true,1,6409
7290002196822,false,רוטב שום לימון ושמן זית,משק דבורים לין,IL,רוטב דבש שום לימון שמן זית משק לין320גר,גרמים,320.00,100 גרם,false,1,23.90,7.4687,true,1,4548
7290002196884,false,"רוטב בוטנים וקארי 350 מ""ל","משק דבורים לין בע""\מ",IL,רוטב דבש ח.בוטנים קארי משק לין320 גר,גרמים,320.00,100 גרם,false,1,23.90,7.4687,true,1,4550
7290002198031,false,פסטרמה פרגיות ללחמניה,זוגלובק,IL,פסטרמה פרגיות במשקל ללחמניה,קילוגרמים,1.00,"ק""ג",true,,69.00,69.0000,true,1,48926
7290002198048,false,פסטרמה הודו בתיבול שוואר,זוגלובק,IL,פסטרמה תיבול שווארמה הודו במשקל,קילוגרמים,1.00,"ק""ג",true,,69.00,69.0000,true,1,48927
7290002198062,false,פסטרמה הודו אקסטרהמעושנת,זוגלובק,IL,פסטרמה מעושנת אקסטרה הודו במשקל,קילוגרמים,1.00,"ק""ג",true,,69.00,69.0000,true,1,48928
7290002198079,false,סלמי פרח בטעם כמהין קג,זוגלובק,IL,נקניק סלמי כמהין פרח במשקל,קילוגרמים,1.00,"ק""ג",true,,120.00,120.0000,true,1,48994
7290002198109,false,צלעות אסאדו מעושנות קג,זוגלובק,IL,נקניק צלעות אסאדו מעושנת במשקל,קילוגרמים,1.00,"ק""ג",true,,120.00,120.0000,true,1,48930
7290002198116,false,הברזילאית בקר הודו קג,זוגלובק,IL,פסטרמה ברזילאית במשקל,קילוגרמים,1.00,"ק""ג",true,,109.00,109.0000,true,1,48995
7290002208471,false,פיקורינו כבשים משק דותן 200 גרם,משק דותן,IL,גבינת פיקורינו כבשים מיושן 200 גרם דותן,גרמים,200.00,100 גרם,false,1,32.90,16.4500,true,1,12798
7290002208495,false,דותן תום כבשים מיושן 200 ג',משק דותן,IL,גבינת תום כבשים מיושן 200 גרם דותן,גרמים,200.00,100 גרם,false,1,32.90,16.4500,true,1,12797
7290002208525,false,גבינה צפתית כבשים קש,משק דותן,IL,גבינה צפתית כבשים קשה 200 גרם דותן,גרמים,200.00,100 גרם,false,1,25.00,12.5000,true,1,12799
7290002232964,false,דגש צפוי פז טחון דק 600 גרם,"תירפז בע""מ",IL,פירורים לציפוי פז ללא גלוטן 600 גר,גרמים,500.00,100 גרם,false,1,27.90,5.5800,true,1,7663
7290002239185,false,אפונה מוקפאת 800 ג' פרי הגליל,"פרי הגליל בע""""מ",IL,אפונה קפואה 800 גר פרי גליל,גרמים,800.00,100 גרם,false,1,13.90,1.7375,true,1,5029
7290002239277,false,גזר גמדי קפוא פרי גליל 800ג',"פרי הגליל בע""""מ",IL,גזר גמדי קפוא 800 גר פרי גליל,גרמים,800.00,100 גרם,false,1,10.90,1.3625,true,1,5043
7290002239307,false,שעועית צהובה 800 ג ' פרי הגליל,"פרי הגליל בע""""מ",IL,שעועית צהובה חתוכה קפואה 800 גר פרי גליל,גרמים,800.00,100 גרם,false,1,14.90,1.8625,true,1,5032
7290002239338,false,שעועית ירוקה פרי הגליל 800 גרם,"פרי הגליל בע""""מ",IL,שעועית ירוקה חתוכה קפואה 800 גר פרי גליל,גרמים,800.00,100 גרם,false,1,14.90,1.8625,true,1,5034
7290002239420,false,תירס גרעינים 800 ג ' פרי הגליל,"פרי הגליל בע""""מ",IL,תירס גרעינים קפוא 800 גר פרי גליל,גרמים,800.00,100 גרם,false,1,13.90,1.7375,true,1,5030
7290002253006,false,שום כתוש דורות בצנצנת 200 גרם,עיצובים 2020 (3.8),IL,שום כתוש טרי דורות 200 גר,גרמים,200.00,100 גרם,false,1,17.90,8.9500,true,1,139
7290002253013,false,ראשום שום כתוש דורות,מוצרי שום ותיבול דורות,IL,ראש שום 400גר דורות,גרמים,400.00,100 גרם,false,1,24.90,6.2250,true,1,30604
7290002253105,false,קוביות שום כתוש טרי דורות 80 גרם,עיצובים 2020 (3.8),IL,קוביות שום טרי דורות 80 גר,גרמים,80.00,100 גרם,false,1,12.90,16.1250,true,1,341
7290002253150,false,קוביות בזיליקום קצוץ דורות 70 גרם,עיצובים 2020 (3.8),IL,בזיליקום טרי קצוץ דורות 70 גר,גרמים,70.00,100 גרם,false,1,10.90,15.5714,true,1,1398
7290002253167,false,פטרוזיליה קצוצה דורות 70 גרם,עיצובים 2020 (3.8),IL,פטרוזיליה קצוצה דורות 70 גר,גרמים,70.00,100 גרם,false,1,10.90,15.5714,true,1,424
7290002253181,false,קוביות כוסברה קצוצה דורות 70 גרם,עיצובים 2020 (3.8),IL,כוסברה קצוצה דורות 70 גר,גרמים,70.00,100 גרם,false,1,10.90,15.5714,true,1,2774
7290002253198,false,ג'ינג'ר טרי כתוש במגשית 70 ג' דורות,עיצובים 2020 (3.8),IL,גינגר טרי כתוש 90 גר דורות,גרמים,90.00,100 גרם,false,1,11.90,13.2222,true,1,3711
7290002253235,false,דורות רוטב פסטו 160 גרם,עיצובים 2020 (3.8),IL,רוטב פסטו דורות 160 מל,מיליליטרים,160.00,"100 מ""ל",false,1,12.90,8.0625,true,1,13517
7290002253259,false,"""דורות"" רוטב עגבניות בזיליקום קפוא 160 גרם",עיצובים 2020 (3.8),IL,רוטב עגבניות בזיליקום דורות 160 מל,מיליליטרים,160.00,"100 מ""ל",false,1,12.90,8.0625,true,1,13516
7290002253310,false,דורות שום צילי חריף קוביות תערובת 80 גר,עיצובים 2020 (3.8),IL,קוביות שום צילי חריף 80גרם,גרמים,80.00,100 גרם,false,32,12.90,16.1250,true,1,25285
7290002253495,false,קוביות תבל לטחינה ביתית וזעתר דורות 70גר,עיצובים 2020 (3.8),IL,תבלין לטחינה ביתית דורות 70גר,גרמים,70.00,100 גרם,false,32,11.90,17.0000,true,1,25286
7290002259640,false,דיימונד רדיד אלומיניום צר 30 ס''מ 7.5 מ'-,ריינולדס מוצרי צריכה,US,דיאמונד אלומיניום 84 0.3*7.5,Unknown,0.00,Unknown,false,1,12.90,0.0000,true,1,1154
7290002259657,false,"דייאמונד רדיד אלומיניום צר 30 ס""מ ארוך פי 3, 22.5 מ'",קריות זול,US,דיאמונד אלומיניום 85 0.3*22.5,Unknown,0.00,Unknown,false,1,27.90,0.0000,true,1,1952
7290002277248,false,גבינת מון בלאן עם זעתר 120ג',שלושת האופים,IL,גבינה מון בלאן זעתר 120 גרם,גרמים,120.00,100 גרם,false,1,10.00,8.3333,true,1,15981
7290002277422,false,ריבועי בצק עלים מרודד 700 גרם שלושת האופים,שלושת האופים,IL,ריבועי בצק עלים 700 גרם שלושת האופים,גרמים,700.00,100 גרם,false,1,20.90,2.9857,true,1,15905
7290002281382,false,נתח סלמון נורווגי 100 % דלידג,דלידג,IL,נתחי פילה סלמון קפוא,קילוגרמים,1.00,"ק""ג",true,,89.00,89.0000,true,1,24981
7290002281405,false,זוג סלט סלמון מעושן פיקנטי ויליגר 2*160 גרם,"ויליגר תעשיות בע""\מ",IL,מארז 2 יח סלט סלמון מעושן ויליגר 160 גרם,גרמים,320.00,100 גרם,false,18,9.90,3.0938,true,1,25953
7290002281429,false,סטייק טונה אדומה מעובד ק,בון צון פישארי,VN,סטייק דג טונה קפוא ללא עור,קילוגרמים,1.00,"ק""ג",true,,64.90,64.9000,true,1,25586
7290002281436,false,סטייק דג טונה בהירה קפוא ללא עור,בין דין פישרי ויאטנם,VN,סטייק דג טונה בהירה קפוא ללא עור,קילוגרמים,1.00,"ק""ג",true,,55.00,55.0000,true,1,27173
7290002281443,false,סטייק דג טונה עם עור קג,בון צון פישארי,VN,סטייק דג טונה קפוא ללא עור,קילוגרמים,1.00,"ק""ג",true,,59.00,59.0000,true,1,25935
7290002281498,false,גבינה צהובה מגורדת על בסיס חלב 500 ג' ריץ,האי נאם סי או אל.טי.,PL,צהובה מגורדת ריץ 500גר על בסיס חלב,גרמים,500.00,100 גרם,false,1,22.90,4.5800,true,1,26825
7290002281955,false,פ.מדומה מס6' חלק קפוא קג,פניסקור בארת,AR,בשר בקר חלק מס 6 קפוא במשקל,קילוגרמים,1.00,"ק""ג",true,,42.90,42.9000,true,1,51020
7290002304609,false,קונפיטורה ביתי ענבי ציון תות 600 גרם,ענבי ציון,IL,קונפיטורה תות שדה 600 גר ענבי ציון,גרמים,600.00,100 גרם,false,1,20.00,3.3333,true,1,5317
7290002304623,false,קונפיטורה ביתי ענבי ציון פירות יער 600 גר,ענבי ציון,IL,קונפיטורה פירות יער 600 גר ענבי ציון,גרמים,600.00,100 גרם,false,1,20.00,3.3333,true,1,5316
7290002304654,false,קונפיטורה ביתי ענבי ציון שזיף 600 גרם,ענבי ציון,IL,קונפיטורה שזיף 600 גר ענבי ציון,גרמים,600.00,100 גרם,false,1,20.00,3.3333,true,1,5319
7290002304661,false,קונפיטורה ביתי ענבי ציון אוכמניות 600 גרם,ענבי ציון,IL,קונפיטורה אוכמניות 600 גר ענבי ציון,גרמים,600.00,100 גרם,false,1,20.00,3.3333,true,1,7450
7290002327028,false,ג'חנון תימני 3 האופים 650 גר',TLV צ'יף,IL,גחנון 650 גר שלושת האופים,גרמים,650.00,100 גרם,false,1,16.90,2.6000,true,1,1242
7290002327042,false,"בורקס תפו""א 800 גר' שלושת האופים קהילות",שלושת האופים,IL,בורקס תפוא 800 גרם,גרמים,800.00,100 גרם,false,1,20.90,2.6125,true,1,1394
7290002327059,false,"בצק עלים 1 ק""ג שלושת האופים קהילות",שלושת האופים,IL,"בצק עלים 1 ק""ג",קילוגרמים,1.00,"ק""ג",false,1,20.90,20.9000,true,1,1222
7290002327066,false,קונכיות בצק למילוי 625 גרם שלושת האופים,שלושת האופים,IL,קונכיות בצק 625 גר שלושת האופים,גרמים,625.00,100 גרם,false,1,24.90,3.9840,true,1,362
7290002327073,false,בורקס גבינה 800 גר' שלושת האופים קהילות,שלושת האופים,IL,בורקס גבינה 800 גרם,גרמים,800.00,100 גרם,false,1,20.90,2.6125,true,1,1391
7290002327103,false,שלושת האופים ג'חנון תימני 900 גרם,אופרה,IL,גחנון 900 גר שלושת האופים,גרמים,900.00,100 גרם,false,1,20.90,2.3222,true,1,1241
7290002327912,false,מיני בורקס גבינה 700 ג' שלושת האופים,TLV צ'יף,IL,מיני בורקס גבינה 800 גרם,גרמים,800.00,100 גרם,false,1,20.90,2.6125,true,1,1968
7290002327929,false,"מיני בורקס תפו""א 700 ג' שלושת האופים",TLV צ'יף,IL,מיני בורקס תפוא 800 גרם,גרמים,800.00,100 גרם,false,1,18.90,2.3625,true,1,1969
7290002331025,false,"מים מינרלים נביעות ספורט 500 מ""ל פקדון",נביעות טבע הגליל בעמ,IL,מים מינרלים נביעות טו גו קר 500 מל פקדון,מיליליטרים,500.00,"100 מ""ל",false,1,6.00,1.2000,true,1,740
7290002331094,false,"מים מינרליים GO TO נביעות 755 מ""ל",נביעות טבע הגליל בעמ,IL,מים מינרלים נביעות טו גו 755 מל פקדון,מיליליטרים,755.00,"100 מ""ל",false,1,5.00,0.6623,true,1,2671
7290002331360,false,"נביעות מים מינרליים טו גו מארז 500X6מ""ל",נביעות טבע,IL,מים מינרלים נביעות טו גו 6 יח 500 פקדון,ליטרים,3.00,ליטר,false,1,14.90,4.9667,true,1,741
7290002331421,false,"שישיית מים מינרליים GO TO נביעות 755 מ""ל",נביעות טבע הגליל בעמ,IL,מים מינרלים נביעות טו גו 6יח 755 מל פקדו,ליטרים,4.53,ליטר,false,1,18.90,4.1722,true,1,2670
7290002331483,false,"שישיית נביעות אישי בייבי 320 מ""ל",נביעות טבע הגליל בעמ,IL,מים מינרלים נביעות בייבי 6 יח 320מל פקדו,מיליליטרים,1920.00,"100 מ""ל",false,1,15.90,0.8281,true,1,11240
7290002331490,false,מים מינרליים נביעות 1 ליטר,נביעות טבע הגליל בעמ,IL,מים מינרלים נביעות 1ליטר מל פקדון,ליטרים,1.00,ליטר,false,1,3.90,3.9000,true,1,11710
7290002331650,false,מים מינרלים נביעות 7,נביעות,IL,מים מינרלים נביעות 750מל ב.זכוכית פקדון,מיליליטרים,750.00,"100 מ""ל",false,1,6.90,0.9200,true,1,14417
7290002333098,false,חומוס גרגירים אורגני 500 גרם - הרדוף,אול אורגני,IL,חומוס אורגני 500 גר הרדוף,גרמים,500.00,100 גרם,false,1,10.90,2.1800,true,1,1046
7290002333104,false,בורגול אורגני 500 גרם - הרדוף,אול אורגני,IL,בורגול אורגני 500 גר הרדוף,גרמים,500.00,100 גרם,false,1,8.90,1.7800,true,1,1389
7290002333319,false,קמח שיפון מלא אורגני 1 ק,טחנת קמח יפו,IL,קמח שיפון מלא אורגני 1 קג,קילוגרמים,1.00,"ק""ג",false,12,14.90,14.9000,true,1,5343
7290002333456,false,גריסי פנינה אורגני הרדוף 500 גרם,אול אורגני,IL,גריסי פנינה אורגני 500 ג הרדוף,גרמים,500.00,100 גרם,false,1,10.00,2.0000,true,1,1300
7290002333463,false,שעועית מש אורגני הרדוף 500 גרם,אול אורגני,IL,שעועית מש אורגני 500 גר,גרמים,500.00,100 גרם,false,1,14.90,2.9800,true,1,5345
7290002333494,false,הרדוף שעועית אזוקי אורגני 500 ג,טריאקי,IL,שעועית אזוקי אורגני 500 גר,גרמים,500.00,100 גרם,false,1,14.90,2.9800,true,1,5344
7290002333500,false,עדשים אדומות אורגני 500 גרם - הרדוף,אול אורגני,IL,עדשים אדומים אורגני 500 ג הרדוף,גרמים,500.00,100 גרם,false,1,11.90,2.3800,true,1,539
7290002333678,false,שומשום מלא אורגני הרדוף 300 גרם,אול אורגני,IL,שומשום מלא אורגני 300 ג הרדוף,גרמים,300.00,100 גרם,false,1,12.90,4.3000,true,1,142
7290002333692,false,דוחן אורגני הרדוף 500 גרם,אול אורגני,IL,דוחן אורגני 500 ג הרדוף,גרמים,500.00,100 גרם,false,1,10.90,2.1800,true,1,1152
7290002333968,false,עדשים צהובות חצויות אורגני 500 גר,אול אורגני,IL,עדשים צהובים אורגני 500 גר הרדוף,גרמים,500.00,100 גרם,false,1,12.90,2.5800,true,1,68
7290002333982,false,שעועית לבנה אורגנית הרדוף 500 גרם,אול אורגני,IL,שעועית אורגנית לבנה 500 גר הרדוף,גרמים,500.00,100 גרם,false,1,14.90,2.9800,true,1,70
7290002333999,false,גרעיני חמניות קלופים אורגני הרדוף 300 גרם,אול אורגני,IL,גרעיני חמניות קלופים אורגני 300 ג הרדוף,גרמים,300.00,100 גרם,false,1,12.90,4.3000,true,1,4067
7290002345015,false,סינטה דק דק אל גאוצ'ו 250ג' מינוט,"טיבון ויל אחזקות בע""\מ",IL,פרוסות סטייק סינטה דק דק 250 גר אל גאוצו,גרמים,250.00,100 גרם,false,1,18.90,7.5600,true,1,20689
7290002345022,false,אנטריקוט דק דק מינוט סטייק אל גאוצ'ו 250 גרם,"טיבון ויל אחזקות בע""\מ",IL,פרוסות סטייק אנטריקוט דק 250 גר אל גאוצו,גרמים,250.00,100 גרם,false,1,18.90,7.5600,true,1,20690
7290002345060,false,גב.מאסדם הולנדי 29% משקל,סר קאשנדל בי.וי,NL,גבינת מאסדם הולנדי במשקל אמיתי חצי גלגל,קילוגרמים,1.00,"ק""ג",true,,85.00,85.0000,true,1,21988
7290002345077,false,שניצל בקר מינוט אל גאוצ'ו קפוא 250 גר,"טיבון ויל אחזקות בע""\מ",IL,שניצל בקר דק דק 250 גר אל גאוצו,גרמים,250.00,100 גרם,false,1,16.90,6.7600,true,1,22397
7290002345121,false,אסאדו דקדק אל גאוצ'ו 250 גרם,"טיבון ויל אחזקות בע""\מ",IL,פרוסות אסאדו דק דק 250 גר אל גאוצו,גרמים,250.00,100 גרם,false,1,18.90,7.5600,true,1,37879
7290002345282,false,נתחי פילה סלמון קפוא דלידג,דלידג,IL,נתחי פילה סלמון קפוא,קילוגרמים,1.00,"ק""ג",true,,89.00,89.0000,true,1,21141
7290002345435,false,פילה מרלוזה ארגנטינאיתקפ,דלידג - נטו,IL,פילה מרלוזה ארגנטינאית קפוא במשקל,קילוגרמים,1.00,"ק""ג",true,,29.00,29.0000,true,1,22562
7290002348139,false,ארטישוק תחתיות 210 ג' ויליגר,האי נאם סי או אל.טי.,EG,תחתיות ארטישוק ויליגר 390 גרם,גרמים,390.00,100 גרם,false,1,8.90,2.2821,true,1,1365
7290002348238,false,חתיכות אננס ויליגר 820 גרם,טיפקו,TH,לפתן אננס חתוך ויליגר 850 גרם,גרמים,850.00,100 גרם,false,1,9.90,1.1647,true,1,1339
7290002348306,false,קוקטייל פירות טרופיי,,,לפתן קוקטייל פירות טרופי 850 גר ויליגר,גרמים,850.00,100 גרם,false,1,9.90,1.1647,true,1,384
7290002348573,false,אטריות אורז ויליגר 300 גרם,ליאנג טונגרייס,TH,אטריות אורז ויליגר 300 גרם,גרמים,300.00,100 גרם,false,1,8.90,2.9667,true,1,1890
7290002349006,false,קוטל תיקן פיתיון ג'ל להדברת תיקנים 5 גר,סיקמקס בעמ,IL,גל פיתיון להדברת תיקנים,Unknown,0.00,Unknown,false,12,39.90,0.0000,true,1,28751
7290002349013,false,אנט ג'ל פיתיון להדברת נמלים 5 גר,סיקמקס בעמ,IL,גל פיתיון להדברת נמלים,Unknown,0.00,Unknown,false,12,39.90,0.0000,true,1,28750
7290002353249,false,ממרח דיגונז מיילי 33,מיוצר עי קונדיטוריית,FR,דיגונז מאילי 335 גר צנצנת,גרמים,335.00,100 גרם,false,1,23.90,7.1343,true,1,18683
7290002353836,false,סרדינים רוברט בשמן זית 115 גרם,קונסרבס פורטוגל נורטה,PT,סרדין רוברט בשמן זית 115 גר,גרמים,115.00,100 גרם,false,1,8.90,7.7391,true,1,527
7290002360124,false,חליטת צמחים ורד הבר והיביסקוס פומפדור 20 יחידות,TEEKANNE- POMPADOU,DE,תה פומפדור ורד הבר 20 יח,יחידה,20.00,יחידה,false,1,14.90,0.7450,true,1,2766
7290002360155,false,חליטת תה פרחי שומר פומפדור 20 שקיקים,TEEKANNE- POMPADOU,DE,תה פומפדור שומר 20 יח,יחידה,20.00,יחידה,false,1,14.90,0.7450,true,1,2228
7290002360278,false,חליטת צמחים פומפדור מנטה 20 יחידות,"איטיליאן פוד, אס.פי.",DE,תה פומפדור מנטה 20 יח,יחידה,20.00,יחידה,false,1,14.90,0.7450,true,1,2229
7290002360285,false,חליטת צמחים פומפדור קמומיל 20 יחידות,TEEKANNE- POMPADOU,DE,תה פומפדור קמומיל 20 יח,יחידה,20.00,יחידה,false,1,14.90,0.7450,true,1,2230
7290002371526,false,דקניקים סלסולי פסטרמה שום וצילי פיקנטי טירת צבי 120 גרם,הנסיך- מפעל לייצור ט,IL,סלסולי פסטרמה שום וצילי 120 גר,גרמים,120.00,100 גרם,false,1,15.90,13.2500,true,1,11275
7290002371533,false,דקניקים סלסולי פסטרמה דבש טירת צבי 120 גרם,הנסיך- מפעל לייצור ט,IL,סלסולי פסטרמה דבש 120גר,גרמים,120.00,100 גרם,false,1,15.90,13.2500,true,1,11277
7290002371540,false,דקניקים קורנדביף ללא גלוטן טירת צבי 120 גרם,הנסיך- מפעל לייצור ט,IL,נקניק קורנדביף 120גר,גרמים,120.00,100 גרם,false,1,15.90,13.2500,true,1,11276
7290002371571,false,פסטרמה פרגיות לבאגט במשקלטירת צבי,טירת- צבי,IL,פסטרמה פרגיות לבגט במשקל,קילוגרמים,1.00,"ק""ג",true,,75.00,75.0000,true,1,7062
7290002371854,false,נקניקיות עוף חריפות טירת צבי 2 * 500 גרם,הנסיך- מפעל לייצור ט,IL,נקניקיות חריפות 1 קג,גרמים,1000.00,100 גרם,false,1,28.90,2.8900,true,1,5975
7290002371939,false,סרוולד בסגנון צרפתי דליקטיב 120 גרם,הנסיך- מפעל לייצור ט,IL,נקניק סלמי סרוולד צרפתי 120גר,גרמים,120.00,100 גרם,false,1,23.90,19.9167,true,1,6225
7290002374640,false,שמן בריאות קנולה פלוס אומגה 3 עץ הזית 1 ליטר,שמן תעשיות,EE,שמן קנולה פלוס אומגה3עץ הזית 1ל,ליטרים,1.00,ליטר,false,1,16.90,16.9000,true,1,12815
7290002385455,false,בולגרית מעודנת 24% במשקל,מחלבות גד,IL,גבינה בולגרית 24% במשקל,קילוגרמים,1.00,"ק""ג",true,,70.00,70.0000,true,1,23424
7290002401940,false,ביצי דג,,,ביצי דג קרפיון,קילוגרמים,1.00,"ק""ג",true,,50.00,50.0000,true,1,27727
7290002403517,false,חזה אווז קפוא לקג,,IL,חזה אווז קפוא,קילוגרמים,1.00,"ק""ג",true,,230.00,230.0000,true,1,7349
7290002408376,false,גבינה פטה צאן יווני 200 גר,,GR,גבינת פטה צאן יווני 200גר,גרמים,200.00,100 גרם,false,1,16.90,8.4500,true,1,38169
7290002408420,false,גבינת גאודה עיזים רו,,NL,גבינת גאודה עיזים רוסו במשקל מאונטאון,קילוגרמים,1.00,"ק""ג",true,,149.00,149.0000,true,1,47244
7290002408505,false,גבינת לטבייסקי ממרח בסיס על שמנת 350 גרם,,LV,ממרח לטבייסקי 350גר על בסיס שמנת,גרמים,350.00,100 גרם,false,1,9.90,2.8286,true,1,38186
7290002408918,false,גבינת גרוייר ריזרב ב,,,גבינת גרוייר ריזרב במשקל,קילוגרמים,1.00,"ק""ג",true,,199.00,199.0000,true,1,39081
7290002408925,false,גבינת פטה צאן במשקל,,GR,גבינת פטה צאן במשקל יוונית,קילוגרמים,1.00,"ק""ג",true,,89.00,89.0000,true,1,39083
7290002408956,false,חמאת כמהין 150 גר,,,חמאת כמהין 150 גר,גרמים,150.00,100 גרם,false,1,24.90,16.6000,true,1,48762
7290002408987,false,גבינת כבשים הולנדית,,NL,גבינת כבשים הולנדית במשקל מאונטאון,קילוגרמים,1.00,"ק""ג",true,,149.00,149.0000,true,1,47243
7290002421115,false,כדורי לאבנה בקר 400 גרם,מחלבת גדות,,כדורי לאבנה 200 גרם חלב בקר 18% גב.הגולן,גרמים,200.00,100 גרם,false,1,29.90,14.9500,true,1,8591
7290002421122,false,כדורי לאבנה עיזים 200 גרם,מחלבת גדות,,כדורי לאבנה 200 גרם חלב עז 10% גב.הגולן,גרמים,200.00,100 גרם,false,1,34.90,17.4500,true,1,8587
7290002421160,false,פטה 19% חלב עיזים 160 גרם - גבינות הגולן,מחלבת גדות,,גבינת פטה עיזים 160 גרם 19%שומן גב.הגולן,גרמים,160.00,100 גרם,false,1,20.90,13.0625,true,1,9972
7290002421399,false,גבינת גאודה צילי 200 גרם,מחלבת גדות,,גבינת גאודה צילי 200גרם חלב בקר גב.הגולן,גרמים,200.00,100 גרם,false,1,22.90,11.4500,true,1,8596
7290002421443,false,גבינה צדר בקר 180 גרם,מחלבת גדות,,גבינת צדר 180 גרם חלב בקר גב.הגולן,גרמים,180.00,100 גרם,false,1,22.90,12.7222,true,1,8598
7290002421559,false,גבינת רוקפור 180 גרם,מחלבת גדות,,גבינת רוקפור 180 גרם חלב בקר גב. הגולן,גרמים,180.00,100 גרם,false,1,29.90,16.6111,true,1,8594
7290002421610,false,גבינת פרמזן 200 גרם,מחלבת גדות,,גבינת פרמזן 200 גרם חלב בקר גב. הגולן,גרמים,200.00,100 גרם,false,1,27.90,13.9500,true,1,9976
7290002421658,false,"גבינת צ""דר עיזים 180",מחלבת גדות,,גבינת צדר עיזים 180 גרם גב. הגולן,גרמים,180.00,100 גרם,false,1,24.90,13.8333,true,1,9974
7290002439219,false,פס קצפת ופירות יער ריץ' 500 גרם,סהרון,IL,עוגת קצפת פירות יער 500 גרם ריץ,גרמים,500.00,100 גרם,false,1,32.90,6.5800,true,1,13277
7290002439233,false,רולדת שוקולד ריץ' 450 גרם,סהרון,IL,עוגת רולדת שוקולד ריץ 450 גרם,גרמים,450.00,100 גרם,false,1,32.90,7.3111,true,1,13279
7290002439240,false,פס עוגת גבינה אפויה ריץ' 500 גרם,סהרון,IL,עוגת גבינה אפויה ריץ 500 גרם פס,גרמים,500.00,100 גרם,false,1,32.90,6.5800,true,1,13280
7290002439578,false,צלעות טרי חלק אנגוס קג,פניסקו,AR,צלעות אונטריפ חלק ארגנטיני טרי יבוא,קילוגרמים,1.00,"ק""ג",true,,85.00,85.0000,true,1,33790
7290002439592,false,פילה בקר טרי ארגנטינ,,,פילה בקר טרי יבוא ארגנטיני,קילוגרמים,1.00,"ק""ג",true,,245.00,245.0000,true,1,34509
7290002439721,false,צלי כתף טרי מוכשר אנגוס,פניסקו,AR,צלי כתף טרי יבוא,קילוגרמים,1.00,"ק""ג",true,,84.90,84.9000,true,1,25077
7290002439820,false,צלעות טרי מוכשר פולין קג,,PL,צלעות בקר טרי יבוא פולין,קילוגרמים,1.00,"ק""ג",true,,79.90,79.9000,true,1,14852
7290002439981,false,קלאסיקו קבב בקר אל גאוצ'ו,"טיבון ויל אחזקות בע""\מ",IL,קבב בקר אל גאוצו 400 גרם קלאסיקו,גרמים,400.00,100 גרם,false,1,22.90,5.7250,true,1,14099
7290002439998,false,קלאסיקו קבב בקר וכבש אלג,טיבון ויל - נטו,IL,קבב בקר וכבש אל גאוצו 400 גרם קלאסיקו,גרמים,400.00,100 גרם,false,1,22.90,5.7250,true,1,14098
7290002475101,false,גפילטע פיש ללא סוכר 4 מנו,"דג טעים (משווק ע""י א",IL,גפילטע פיש ל.ס.מיטל 470 גרם,גרמים,470.00,100 גרם,false,1,20.90,4.4468,true,1,4159
7290002475125,false,גפילטעפיש קציצות 670,,,גפילטע פיש מיטל 8 יח 670 גרם,גרמים,670.00,100 גרם,false,1,22.90,3.4179,true,1,23498
7290002475170,false,"גפילטע פיש 6 מנות""מיטל"" צ","דג טעים (משווק ע""י א",,מיטל גפילטע פיש 6 בצנצנת,גרמים,670.00,100 גרם,false,1,22.90,3.4179,true,1,771
7290002478263,false,שוק אווז קפוא מחיר לפי מ,שונות,IL,שוק אווז קפוא,קילוגרמים,1.00,"ק""ג",true,,110.00,110.0000,true,1,10700
7290002481263,false,מלקחיים שרות פלנרו,,,מלקחיים שרות פלנרו,Unknown,0.00,Unknown,false,1,11.90,0.0000,true,1,5941
7290002485049,false,סלט חומוס מסבחה 500 גרם,"סלטי שמיר 2006 בע""מ",IL,סלט חומוס מסבחה ביתי 500 ג שמיר,גרמים,500.00,100 גרם,false,1,14.90,2.9800,true,1,4861
7290002485063,false,סלט חומוס אבו גוש בי,"סלטי שמיר 2006 בע""מ",IL,סלט חומוס אבו גוש ביתי 500 ג שמיר,גרמים,500.00,100 גרם,false,1,14.90,2.9800,true,1,4862
7290002487364,false,שלושת האופים ב. פילו גבינה זיתים 700 גר לנדא,שלושת האופים שגמור,IL,בורקס פילו גבינה זיתים 700 גר,גרמים,700.00,100 גרם,false,1,20.90,2.9857,true,1,8530
7290002487920,false,ברבוניה הולנדית טרי קג,נטו,NL,דג ברבוניה טרי,קילוגרמים,1.00,"ק""ג",true,,140.00,140.0000,true,1,20576
7290002507048,false,"אסאדו ע""ע טרי ארה""ב לקג",.,IL,קשתית בקר טרי יבוא ארהב,קילוגרמים,1.00,"ק""ג",true,,99.90,99.9000,true,1,17243
7290002507277,false,קציצות דג דלידג 700 גרם,אף.סי תבליני בגליל ב,IL,קציצות דג 700 גרם דלידג,גרמים,700.00,100 גרם,false,1,22.90,3.2714,true,1,19858
7290002507284,false,שניצל נסיכה מטוגן קפוא 700 גרם,האי נאם סי או אל.טי.,IL,שניצל דג מצופה 700 גרם,גרמים,700.00,100 גרם,false,1,26.90,3.8429,true,1,25687
7290002507383,false,גבינה בולגרית 5% במש,מחלבות בכר,IL,גבינה בולגרית 5% במשקל בכר,קילוגרמים,1.00,"ק""ג",true,,69.00,69.0000,true,1,18113
7290002507451,false,קציצות דג סלמון דלידג 750 גר',דלידג בעמ,IL,קציצות דג סלמון לבישול 750 גר,גרמים,75000.00,100 גרם,false,1,29.90,0.0399,true,1,19099
7290002507468,false,סטייק אנטריקוט עם עצ,סניידרס,,ורד הצלע טרי מוכשר צרפת,קילוגרמים,1.00,"ק""ג",true,,149.90,149.9000,true,1,25515
7290002507475,false,"אוסובוקו ע""ע טריצרפת מוכ",שונות,IL,שריר הזרוע אוסובוקו טרי מוכשר צרפת,קילוגרמים,1.00,"ק""ג",true,,69.90,69.9000,true,1,25518
7290002507482,false,"אסאדו ע""ע טרי מוכשר צרפת",שונות,IL,אסאדו טרי עם עצם יבוא צרפתי,קילוגרמים,1.00,"ק""ג",true,,69.90,69.9000,true,1,25520
7290002507604,false,פיצה שגב השף מאיטליה 350 גרם,האי נאם סי או אל.טי.,IT,פיצה משפחתית השף שגב 320 גרם,גרמים,320.00,100 גרם,false,1,13.90,4.3438,true,1,18792
7290002515333,false,"ד""ר פישר - קמיל בלו סנסיטיב אל סבון עדין לתינוק 500 מ""ל",פישר מעבדות פרמצבטיות בע,IL,אלסבון קמיל בלו סנסטיב ורוד 500 מל משאבה,מיליליטרים,500.00,"100 מ""ל",false,1,18.90,3.7800,true,1,5589
7290002515364,false,"קמיל בלו אל סבון לתינוק קלאסיק ד""ר פישר 500 מ""ל",פישר מעבדות פרמצבטיות בע,IL,אלסבון קמיל בלו קלאסיק 500 מל משאבה,מיליליטרים,500.00,"100 מ""ל",false,1,16.90,3.3800,true,1,5585
7290002517269,false,"פלפל שחור שלם 350 גרם ""טעם וריח""",תות ממתקי איכות,IL,פלפל שחור שלם 35 גר מיכל קטן,Unknown,0.00,Unknown,false,1,9.90,0.0000,true,1,5010
7290002517276,false,פלפל אנגלי שלם 25 גר' טעם וריח,תות ממתקי איכות,IL,פלפל אנגלי שלם 25 גר מיכל קטן,Unknown,0.00,Unknown,false,1,6.90,0.0000,true,1,5001
7290002517283,false,תבלין פלפל שחור גרוס 40 גר' מיכל,תות ממתקי איכות,IL,פלפל שחור גרוס 40 גר מיכל קטן,Unknown,0.00,Unknown,false,1,9.90,0.0000,true,1,5011
7290002517290,false,תבלין קינמון טחון 40 גר' מיכל,"תבליני טעם וריח בע""מ",IL,קינמון טחון 40 גר מיכל קטן,Unknown,0.00,Unknown,false,1,6.90,0.0000,true,1,5003
7290002517337,false,אורגנו עלים 20 גר' טעם וריח,"תבליני טעם וריח בע""מ",IL,אורגנו עלים 20 גר שקית,Unknown,0.00,Unknown,false,1,6.50,0.0000,true,1,532
7290002517375,false,בזילקום עלים 30 גר' טעם וריח,"תבליני טעם וריח בע""מ",IL,בזיליקום עלים 30 גר שקית,Unknown,0.00,Unknown,false,1,6.50,0.0000,true,1,5012
7290002517566,false,"תערובת תיבול לדג 80 גרם ""טעם וריח""",תות ממתקי איכות,IL,תערובת תיבול לדג 80 גר,Unknown,0.00,Unknown,false,1,9.90,0.0000,true,1,4783
7290002517580,false,"תערובת תיבול לעוף 80 גרם ""טעם וריח""",תות ממתקי איכות,IL,תערובת תיבול לעוף 80 גר,Unknown,0.00,Unknown,false,1,9.90,0.0000,true,1,4784
7290002517603,false,תבלין בזיליקום מיכל 10ג',"תבליני טעם וריח בע""מ",IL,בזיליקום 10 גר מיכל קטן,Unknown,0.00,Unknown,false,1,6.90,0.0000,true,1,4985
7290002517634,false,כוזברה 30 גר מיכל קט,תות ממתקי איכות,IL,כוזברה 30 גר מיכל קטן,Unknown,0.00,Unknown,false,1,6.90,0.0000,true,1,4987
7290002517726,false,קינמון מקלות 15 גר' טעם וריח,"תבליני טעם וריח בע""מ",IL,מקלות קינמון 15 גר מיכל קטן,Unknown,0.00,Unknown,false,1,6.90,0.0000,true,1,4992
7290002517733,false,תבלין קצח טעם וריח 4,תות ממתקי איכות,IL,קצח 40 גר מיכל קטן,Unknown,0.00,Unknown,false,1,6.90,0.0000,true,1,4993
7290002517801,false,תבלין צ'ילי כתוש - חריף (פלפל קיינה) 30 ג',"תבליני טעם וריח בע""מ",IL,צילי כתוש חריף 30 גר מיכל קטן,Unknown,0.00,Unknown,false,1,6.90,0.0000,true,1,4997
7290002517825,false,"פלפל לבן טחון 40 גרם ""טעם וריח""","תבליני טעם וריח בע""מ",IL,פלפל לבן טחון 40 גר מיכל קטן,Unknown,0.00,Unknown,false,1,9.90,0.0000,true,1,5006
7290002517863,false,תבלין ציפורן טחון 80ג',"תבליני טעם וריח בע""מ",IL,ציפורן טחון 40 גר מיכל קטן,Unknown,0.00,Unknown,false,1,9.90,0.0000,true,1,5009
7290002542506,false,"בקבוק בירה קורונה 355 מ""ל",קריניציה ויטמינה אס,MX,בירה קורונה בק 355 מל פיקדון,מיליליטרים,355.00,"100 מ""ל",false,1,7.90,2.2254,true,1,7609
7290002542780,false,"שישייה בירה סטלה ארטואה בקבוק 330X6 מ""ל","אינבב, ברוורייפליין",BE,מארז 6יח בירה סטלה ארטואה 330מל בק.פקדון,מיליליטרים,1980.00,"100 מ""ל",false,1,34.90,1.7626,true,1,38588
7290002542797,false,"בירה לף בלונד בקבוק 330 מ""ל","אינבב, ברוורייפליין",BE,בירה לף בלונד 330מל בק.פקדון,מיליליטרים,330.00,"100 מ""ל",false,1,10.00,3.0303,true,1,38589
7290002542841,false,"שישייה בירה לף בלונד בקבוק 330X6 מ""ל","אינבב, ברוורייפליין",BE,מארז 6יח בירה לף בלונד 330מל בק.פקדון,מיליליטרים,1980.00,"100 מ""ל",false,1,47.90,2.4192,true,1,38592
7290002542865,false,"שישייה בירה הוגרדן בקבוק 330X6 מ""ל","אינבב, ברוורייפליין",BE,מארז 6יח בירה הוגרדן 330מל בק.פקדון,מיליליטרים,1980.00,"100 מ""ל",false,1,47.90,2.4192,true,1,38594
7290002543046,false,קלוגס פרוסטיס דגנים וסוכר 750ג',קלוג מנייופרטורינג א,ES,דגני קלוגס פרוסטיס 750 גרם,גרמים,750.00,100 גרם,false,1,21.90,2.9200,true,1,1826
7290002543237,false,דגני בוקר קלוגס קורנפלקס 750 גרם,קלוגס קומפני אוף גרייט ב,GB,קורנפלקס קלוגס 750 גרם,גרמים,750.00,100 גרם,false,1,15.90,2.1200,true,1,396
7290002577492,false,"פילה דג הרינג מלוח בשמן, 340 גרם",מיוצר על ידי קוד יצר,IL,פילה דג הרינג מלוח בשמן 240גרם,גרמים,240.00,100 גרם,false,1,25.90,10.7917,true,1,17402
7290002577508,false,פילה דג הרינג מלוח בשמן ובצל דלידג 240 ג',מיוצר על ידי קוד יצר,IL,פילה דג הרינג מלוח בשמן ובצל 240גרם,גרמים,240.00,100 גרם,false,1,25.90,10.7917,true,1,17401
7290002603030,false,"אנטריקוט ע""ע טרי בלאק אנ",,IL,סטייק אמריקאי טרי עם עצם,קילוגרמים,1.00,"ק""ג",true,,165.00,165.0000,true,1,26697
7290002603474,false,פיצת השף מאיטליה רוטב פטריות בטעם כמהין 256 גרם,סוילה אס.אר.אל,IT,פיצת השף שגב רוטב פטריות כמהין 200גר,גרמים,200.00,100 גרם,false,1,16.90,8.4500,true,1,20897
7290002603481,false,פיצת השף מאיטליה CHEF שגב פסטו ועגבניות 200 גרם,האי נאם סי או אל.טי.,IT,פיצת השף שגב פסטו ועגבניות 200גר,גרמים,200.00,100 גרם,false,1,16.90,8.4500,true,1,20899
7290002603498,false,פיצת השף מאיטליה אנטי פסטי 256 גרם,האי נאם סי או אל.טי.,IT,פיצת השף שגב אנטיפסטי 200גר,גרמים,200.00,100 גרם,false,1,16.90,8.4500,true,1,20898
7290002603504,false,פיצת השף מאיטליה CHEF שגב עגבניות ובצל סגול 200 גרם,סוילה אס.אר.אל,IT,פיצת השף שגב עגבניות ובצל סגול 220גר,גרמים,220.00,100 גרם,false,1,16.90,7.6818,true,1,20900
7290002603689,false,"מקלות בורקס פילו XL תפו""א שגב 450 גר",שלושת האופים שגמור,IL,בורקס מקלות פילו תפוא אקס אל 450גר-שגב,גרמים,450.00,100 גרם,false,1,16.90,3.7556,true,1,21105
7290002608127,false,בייגל רומני פילסברי,פילסברי,,בייגל רומני,Unknown,0.00,Unknown,false,1,5.90,0.0000,true,1,17552
7290002608202,false,לחם כוסמין מלא בחוש,פילסברי,,לחם כוסמין בחוש,Unknown,0.00,Unknown,false,1,17.90,0.0000,true,1,17553
7290002608363,false,לחמניית המבורגר פרמי,פילסברי,,לחמניית המבורגר פרימיום א.ק,Unknown,0.00,Unknown,false,36,5.00,0.0000,true,1,30173
7290002608509,false,לחם מחמצת זיתי קלמנט,,,לחם מחמצת זית קלמטה,Unknown,0.00,Unknown,false,1,17.90,0.0000,true,1,22160
7290002608516,false,לחם מחמצת מקמח מלא 5,פילסברי,,לחם מחמצת מקמח מלא,Unknown,0.00,Unknown,false,1,17.90,0.0000,true,1,21242
7290002608523,false,לחם מחמצת כוסמין (בר,פילסברי,,לחם מחמצת כוסמין,Unknown,0.00,Unknown,false,1,17.90,0.0000,true,1,22369
7290002608547,false,לחם מחמצת שיפון וחמוציות 530,פילסברי,IL,לחם מחמצת שיפון חמוציות,Unknown,0.00,Unknown,false,1,17.90,0.0000,true,1,21161
7290002608561,false,כריך פרנה,פילסברי,,כריך פרנה,Unknown,0.00,Unknown,false,1,5.50,0.0000,true,1,28315
7290002608769,false,לחם מחמצת טוסקני דגנ,פילסברי,,לחם מחמצת טוסקני דגנים,Unknown,0.00,Unknown,false,1,16.90,0.0000,true,1,21162
7290002612087,false,סטייק אנטריקוט טרי א,,,סטייק עין אנגוס טרי ארגנטיני,קילוגרמים,1.00,"ק""ג",true,,179.90,179.9000,true,1,27358
7290002622321,false,דבש פרחי אבוקדו 500,קיבוץ ארז,IL,דבש פרחי אבוקדו קיבוץ ארז 500 גרם,גרמים,500.00,100 גרם,false,15,27.90,5.5800,true,1,35175
7290002627098,false,פיצה ביס שלושת האופים 350 גרם,שגמור ייצור ושווק מוצרי,IL,פיצה ביס 350גר שלושת האופים,גרמים,350.00,100 גרם,false,12,16.90,4.8286,true,1,41186
7290002627616,false,פילה אמנון 7-9 קפואדלידג,מאומינג שינזו סאיפוד,CN,פילה דג אמנון 7-9 קפוא,קילוגרמים,1.00,"ק""ג",true,,28.00,28.0000,true,1,35876
7290002649144,false,זוג עופיונים גלילי ט,,,זוג עופיונים גלילי טרי במגש,קילוגרמים,1.00,"ק""ג",true,,52.90,52.9000,true,1,46964
7290002657866,false,"פילה אמנון""דלידג מהדרין",גואנדונג יוג'יה סיפו,IL,פילה דג אמנון 7-9 קפוא בדץ,קילוגרמים,1.00,"ק""ג",true,,28.00,28.0000,true,1,7849
7290002661153,false,"לחם דני קל ברמן 1 ק""",מאפית י את א ברמן בע,IL,לחם דני קל 1 קג,קילוגרמים,1.00,"ק""ג",false,1,16.90,16.9000,true,1,7113
7290002661214,false,ברמן לחם גליל קל מהדרין 750 גרם,מאפית י את א ברמן בע,IL,לחם גלילי קל 750גר ברמן,גרמים,750.00,100 גרם,false,1,14.90,1.9867,true,1,11339
7290002674221,false,"אקווה פרש משחת שינים משאבה מנטה 100 מ""ל",גלקסו סמית קליין,GB,מש.שיניים אקווה פרש מנטה משאבה100מל,מיליליטרים,100.00,"100 מ""ל",false,1,15.00,15.0000,true,1,1951
7290002674238,false,"אקווה פרש - משחת שיניים מנטה מרענן 125 מ""ל",גלקסוסמיתקליין,SK,משחת שיניים אקווה פרש 120מל,גרמים,120.00,100 גרם,false,1,7.90,6.5833,true,1,11292
7290002692393,false,שמן קנולה מזוכך מועשר עץ הזית 1 ליטר,שמן תעשיות בעמ,EE,שמן קנולה מועשר בויטמין עץהזית 1 לי,ליטרים,1.00,ליטר,false,1,15.90,15.9000,true,1,4404
7290002692478,false,"שמן זית כתית מעולה קלאסי מעודן 750 מ""ל עץ הזית","מרקאולאו, ספרד.אבסה,",IT,שמן זית מעודן עץ הזית 750 מל,מיליליטרים,750.00,"100 מ""ל",false,1,33.90,4.5200,true,1,4418
7290002692768,false,"תרסיס שמן קנולה מזוכך ללא תוספת גז עץ הזית 200 מ""ל",טרנסומס פוד איי בי,IT,תרסיס שמן קנולה 200 מל עץ הזית,מיליליטרים,200.00,"100 מ""ל",false,1,15.90,7.9500,true,1,6509
7290002692775,false,"שמן תרסיס טעם חמאה 200 מ""ל לל""תוספת גז ""עץ הזית""",קומפניה,IT,תרסיס שמן טעם חמאה200 מל מופחת קלוריות,מיליליטרים,200.00,"100 מ""ל",false,1,15.90,7.9500,true,1,26957
7290002692782,false,"תרסיס שמן זית כתית מעולה ללא תוספת גז עץ הזית 150 מ""ל",י.ב טכנולוגיות אריזה,IT,תרסיס שמן זית 200 מל עץ הזית,מיליליטרים,150.00,"100 מ""ל",false,1,15.90,10.6000,true,1,6510
7290002706557,false,דג פורל משפחתי טרי ג,,,דג פורל משפחתי טרי גדול,קילוגרמים,1.00,"ק""ג",true,,74.90,74.9000,true,1,10635
7290002706731,false,דלידג רצועות פילה הנסיכה קפוא 100%,דלידג ק.מלאכי,IL,רצועות פילה נסיכת הנילוס קפוא,קילוגרמים,1.00,"ק""ג",true,,75.00,75.0000,true,1,10893
7290002706915,false,פילה נסיכת הנילוס קפ,דלידג - נטו,IL,פילה נסיכת הנילוס קפוא,קילוגרמים,1.00,"ק""ג",true,,40.00,40.0000,true,1,23701
7290002706960,false,דג פילה ברבוניה 400 גרם דלידג,נטו מלינדה,VN,פילה ברבוניה מגש 400 גר,גרמים,40000.00,100 גרם,false,1,24.90,0.0622,true,1,49445
7290002715375,false,קבב יווני טיבון ויל 400 גרם,טיבון ויל אחזקות בעמ,IL,קבב יווני 400 גרם,גרמים,400.00,100 גרם,false,1,15.90,3.9750,true,1,333
7290002715504,false,ארוחת נודלס בטעם עוף מג'יק 70 גרם,טאט הוי פוד בעמ,SG,מגיק בכוס מרק עוף 70 גרם,גרמים,70.00,100 גרם,false,1,4.90,7.0000,true,1,1360
7290002715511,false,ארוחת נודלס בטעם בשר מג'יק 70 גרם,טאט הוי פוד בעמ,SG,מגיק בכוס בשר 70 גרם,גרמים,70.00,100 גרם,false,1,4.90,7.0000,true,1,1361
7290002715528,false,ארוחת נודלס בטעם ירקות מג'יק 70 גרם,טאט הוי פוד בעמ,SG,מגיק בכוס ירקות 70 גרם,גרמים,70.00,100 גרם,false,1,4.90,7.0000,true,1,1362
7290002715580,false,ארוחת נודלס בטעם סיני חריף מג'יק 70 גרם,טאט הוי פוד בעמ,SG,מגיק בכוס סיני 70 גרם,גרמים,70.00,100 גרם,false,1,4.90,7.0000,true,1,640
7290002730262,false,"נוזל לניקוי כלים קלאסי פלמוליב 750 מ""ל",יבואן ומשווק: ש. שסט,GR,נוזל כלים פלמוליב קלאסי 750 מל שקוףף,מיליליטרים,750.00,"100 מ""ל",false,1,10.90,1.4533,true,1,445
7290002730538,false,פדיות להסרת איפור בלונס 80 יחידות,הנסיך- מפעל לייצור ט,GR,פדים להסרת איפור 80 יח,יחידה,80.00,יחידה,false,1,10.90,0.1363,true,1,1211
7290002730675,false,"קולגייט משחת שיניים אדומה משפחתי 100 מ""ל",קולגייט-פלמוליב,PL,מש.שיניים קולגייט אדומה 100 מל משפחתית,מיליליטרים,100.00,"100 מ""ל",false,1,10.90,10.9000,true,1,358
7290002730811,false,"משחת שיניים ג'ל פסים מרעננים קולגייט 100 מ""ל",הנסיך- מפעל לייצור ט,PL,מש.שיניים קולגייט גל משפחתי 100 מל,מיליליטרים,100.00,"100 מ""ל",false,1,10.90,10.9000,true,1,350
7290002730903,false,פלמוליב סבון מוצק ורדים רביעייה * 125 ג',הנסיך- מפעל לייצור ט,TR,מארז 4 סבון מוצק פלמוליב ורדים,גרמים,400.00,100 גרם,false,1,16.90,4.2250,true,1,595
7290002730941,false,כדורי צמר גפן בלונס 100 יחידות,הנסיך- מפעל לייצור ט,GR,בלונס צמר גפן 100 גרם,גרמים,100.00,100 גרם,false,1,5.90,5.9000,true,1,1213
7290002730958,false,סבון מוצק בניחוח זיתים ואלוורה פלמוליב 4*100 גרם,הנסיך- מפעל לייצור ט,TR,מארז 4 סבון מוצק פלמוליב ירוק,גרמים,400.00,100 גרם,false,1,16.90,4.2250,true,1,598
7290002750130,false,חליות פילסברי מארז 80ג',פילסברי,,חליות,Unknown,0.00,Unknown,false,1,2.50,0.0000,true,1,17193
7290002750178,false,לחמניה שמיניה,פילסברי,,גבטה כפרית,Unknown,0.00,Unknown,false,1,4.50,0.0000,true,1,17195
7290002750338,false,לחם רוסטיק עגבניות מ,פילסברי,,לחם רוסטיק עגבניות מיובשות,Unknown,0.00,Unknown,false,1,17.90,0.0000,true,1,17176
7290002750383,false,לחם מחמצת טוסקני כפר,פילסברי,,לחם טוסקני כפרי עגול,Unknown,0.00,Unknown,false,1,17.90,0.0000,true,1,17178
7290002750406,false,סופגניה עם ריבה פילסברי 95 גרם,פילסברי,,סופגניה גדולה,Unknown,0.00,Unknown,false,1,4.50,0.0000,true,1,24626
7290002750451,false,לחם מחמצת טוסקני לבן,פילסברי,,לחם מחמצת טוסקני לבן,Unknown,0.00,Unknown,false,1,17.90,0.0000,true,1,17177
7290002750710,false,סופגניה מיני עם ריבה פילסברי 40 גרם,פילסברי,,סופגניה מיני עם ריבה,Unknown,0.00,Unknown,false,1,3.00,0.0000,true,1,24628
7290002750963,false,באגט רוסטיק פילסברי,פילסברי,,בגט רוסטיק,Unknown,0.00,Unknown,false,1,9.90,0.0000,true,1,17171
7290002750987,false,חלה פילסברי קלועה מתוקה 550ג',פילסברי,,חלה קלועה מתוקה,Unknown,0.00,Unknown,false,1,11.90,0.0000,true,1,17185
7290002752332,false,"סוכריות מנטוס פירות בגליל, 37.5 גרם",הדקלאים אגודת שיתופי,NL,סוכריות מנטוס פירות בגליל,Unknown,0.00,Unknown,false,1,3.50,0.0000,true,1,857
7290002752349,false,סוכריות מנטוס מנטה 40יח' בגליל 38ג',פרפטי ואן מלה,NL,סוכריות מנטוס מנטה בגליל,Unknown,0.00,Unknown,false,1,3.50,0.0000,true,1,2176
7290002753223,false,רביעייה סוכריות תפוז 4*16 ג' טיק טק,פררו - אלבה,ZA,סוכריות טיק טק תפוז רביעיה,Unknown,0.00,Unknown,false,1,10.00,0.0000,true,1,955
7290002753995,false,סוכריות עדשים לקישוט עוגה וורנר 6*25 גרם,היינץ צפון אמריקה מק,DE,קישוטי עוגה שוקולד 150 גר,גרמים,150.00,100 גרם,false,1,18.20,12.1333,true,1,184
7290002757115,false,טומהוק קפוא במשקל מו,,,טומהוק קפוא במשקל מוכשר,קילוגרמים,1.00,"ק""ג",true,,160.00,160.0000,true,1,50184
7290002757139,false,מלוואח 700 גר' שלושת האופים קהילות,שלושת האופים,IL,מלוואח שלושת האופים 700 גר,גרמים,700.00,100 גרם,false,1,16.90,2.4143,true,1,7078
7290002757283,false,"דג ים מעורב טרי ק""ג",נטו,IL,דגי ים מעורבים,קילוגרמים,1.00,"ק""ג",true,,70.00,70.0000,true,1,6747
7290002757511,false,דלידג קציצות דג לבישול 750 גר קהילות,האי נאם סי או אל.טי.,IL,קציצות דג לבישול 750 גר,גרמים,750.00,100 גרם,false,1,31.90,4.2533,true,1,6850
7290002757528,false,"בורקס פילו תפו""א 700גרם לנדא",שלושת האופים שגמור,IL,בורקס פילו תפוח אדמה 500 גר,גרמים,500.00,100 גרם,false,1,20.90,4.1800,true,1,6852
7290002757535,false,בורקס פילו אצבעות גבינה שלושת האופים 700 גרם,שלושת האופים שגמור,IL,בורקס פילו אצבעות גבינה 500 גר,גרמים,500.00,100 גרם,false,1,20.90,4.1800,true,1,6851
7290002757542,false,אטריות קדאיף 400 גרם לנדא,שלושת האופים שגמור,IL,איטריות קדאיף 400 גר,גרמים,400.00,100 גרם,false,1,20.90,5.2250,true,1,11798
7290002757962,false,פילה קוד טרי קג,נטו,NL,פילה קוד טרי,קילוגרמים,1.00,"ק""ג",true,,199.00,199.0000,true,1,17997
7290002768036,false,"מי פה תיאדנט ענק מונע עששת 150מ""ל",אמיליה קוסמטיקס,IL,מי פה תיאדנט מי ענק 150 מל רגיל,מיליליטרים,150.00,"100 מ""ל",false,1,18.90,12.6000,true,1,1470
7290002768043,false,"תיאדנט מי-פה ענק פלאוריד 150 מ""ל",אמיליה קוסמטיקס בע'\'\מ,IL,מי פה תיאדנט פלואוריד ענק 150 מל ירוק,מיליליטרים,150.00,"100 מ""ל",false,1,18.90,12.6000,true,1,1471
7290002768074,false,אל סבון נוזלי רגיל דרמפון 1 ליטר,"אמיליה קוסמטיקס בע""מ",IL,סבון נוזלי דרמפון 1 ל,ליטרים,1.00,ליטר,false,1,17.90,17.9000,true,1,9
7290002768159,false,"קצף אמבט בת אורן קרליין 500 מ""ל",פארק תעשיות עמק חפרמ,IL,סבון נוזלי לאמבט בת אורן 500 מל,מיליליטרים,500.00,"100 מ""ל",false,1,17.90,3.5800,true,1,1235
7290002771104,false,קפה עם הל אל נחלה 500 גרם,מולינו ניקולי s.p.a,IL,קפה נחלה עם הל 500 גר,גרמים,500.00,100 גרם,false,1,31.90,6.3800,true,1,209
7290002771111,false,קפה עם הל אל נחלה 250 גרם,מולינו ניקולי s.p.a,IL,קפה נחלה עם הל 250 גרם,גרמים,250.00,100 גרם,false,1,16.90,6.7600,true,1,211
7290002771128,false,קפה אלנח'לה בלי הל 250 ג',מולינו ניקולי s.p.a,IL,קפה נחלה 250 גרם,גרמים,250.00,100 גרם,false,1,16.90,6.7600,true,1,34
7290002771326,false,קפסולות קפה אלנחלה קלוי טחון עם הל 10 יח,קפה אל נח'לה,IL,קפסולות קפה עם הל 10 יח,יחידה,10.00,יחידה,false,1,18.90,1.8900,true,1,25474
7290002775010,false,מיני בורקס פילו גבינה שלושת האופים מהדרין 650 ג',שלושת האופים שגמור,IL,בורקס מיני פילו גבינה 650 גר,גרמים,650.00,100 גרם,false,1,20.90,3.2154,true,1,7198
7290002775317,false,פילה דג זהבנון 1קג יח,נטו מלינדה,IL,פילה זהובון קפוא 1 קג,קילוגרמים,1.00,"ק""ג",false,1,26.90,26.9000,true,1,7345
7290002775768,false,עוגת טורט קצפת שוקולד 1ק,ריץ',IL,עוג.טורט ריץ קצפת שוקולד 1 קג,קילוגרמים,1.00,"ק""ג",false,1,54.90,54.9000,true,1,7179
7290002775775,false,"עוגת טורט ריבת חלב קוקוס ריץ' 1 ק""ג",ריץ',IL,עוג.טורט ריץ ריבת חלב וקוקוס 1 קג,קילוגרמים,1.00,"ק""ג",false,1,54.90,54.9000,true,1,7180
7290002775782,false,"עוגת טורט מצופה שוקולד ריץ' 1 ק""ג",ריץ',IL,עוג.טורט ריץ מצופה שוקולד 1 קג,קילוגרמים,1.00,"ק""ג",false,1,54.90,54.9000,true,1,7181
7290002775898,false,עוגת מוס בלגי 850 ג' ריצ',"גידרון תעשיות בע""מ",IL,עוג.מוס בלגי ריץ 850 גר,גרמים,850.00,100 גרם,false,1,59.90,7.0471,true,1,7184
7290002787495,false,פילה סלמון וי קפוא,דלידג,,פילה סלמון וי קפוא,קילוגרמים,1.00,"ק""ג",true,,79.00,79.0000,true,1,34863
7290002787501,false,"פילה סלמון קפוא בד""צ עד""ח",סלאריס אי אס אבלורוגן,NO,פילה סלמון נורבגי במשקל,קילוגרמים,1.00,"ק""ג",true,,79.00,79.0000,true,1,21765
7290002787884,false,"מקלות פילו תפו""א 600 גרם שלושת האופים",שגמור,IL,מקלות בורקס פילו תפוא 600 גר שלושת האופי,גרמים,600.00,100 גרם,false,1,20.90,3.4833,true,1,13905
7290002787891,false,מקלות פילו תרד 600 גרם שלושת האופים,שגמור,IL,מקלות בורקס פילו תרד 600 גר שלושת האופים,גרמים,600.00,100 גרם,false,1,20.90,3.4833,true,1,13906
7290002793304,false,מיכל בלון גז +מילוי באריזה 60 סודהסטרים,סודה סטרים,IL,מיכל סודה סטרים באריזה 60,Unknown,0.00,Unknown,false,1,109.90,0.0000,true,1,12089
7290002793311,false,שירות והחלפה מילוי גז 60 סודהסטרים,סודה סטרים,IL,שרות החלפה גז 60 מילוי סודה סטרים,Unknown,0.00,Unknown,false,1,62.90,0.0000,true,1,12088
7290002805151,false,סיף פנטסטיק לרצפות בניחוח סחלבים 4ל',יוניליוור ישראל טיפו,IL,נוזל ריצפה סיף סחלבים 4 ל,ליטרים,4.00,ליטר,false,1,19.90,4.9750,true,1,39
7290002808398,false,חומץתפוחי עץ טבעי 47,אולד דאץ,US,חומץ תפוחים 473 מל,מיליליטרים,473.00,"100 מ""ל",false,1,10.90,2.3044,true,1,2139
7290002808527,false,חומץ תפוחים 5% טבעי,אולד דטש,US,חומץ תפוחים 946 מל,מיליליטרים,946.00,"100 מ""ל",false,1,15.90,1.6808,true,1,3720
7290002814054,false,סנט מוריץ מתז אנטרטיק מתז 1 ליטר,קומפלקס כימיקלים בעמ,IL,מרסס לניקוי אסלות אנטרטיק סנט מוריץ 1ל,ליטרים,1.00,ליטר,false,15,9.90,9.9000,true,1,29918
7290002814153,false,שלישייה סבון אסלה לימון סנט מוריץ,מיס פלורה,TR,מארז שלישיית סבון אסלה לימון,יחידה,1.00,יחידה,false,24,10.90,10.9000,true,1,49219
7290002814221,false,שלישייה סבון אסלה לבנדר סנט מוריץ,מיס פלורה,TR,מארז שלישיית סבון אסלה לבנדר,יחידה,1.00,יחידה,false,24,10.90,10.9000,true,1,49218
7290002814283,false,"מילוי מכשיר אוויר 250 מ""ל fashion imagination סנט מוריץ",סורה קוסמטיקס,TR,מילוי מכשיר מטהר אויר אימגיין פאשיין250מ,מיליליטרים,250.00,"100 מ""ל",false,12,11.90,4.7600,true,1,49549
7290002814290,false,קצף מרוכז blanco בניחוח לימון משמיד 99.9% חיידקים סנט מוריץ 1 ליטר,קומפלקס כימיקלים בעמ,IL,קצף משמיד חיידקים מרוכז 1ל ניחוח לימון,ליטרים,1.00,ליטר,false,1,10.90,10.9000,true,1,37941
7290002814351,false,"מילוי מכשיר אוויר 250 מ""ל fashion sweetie סנט מוריץ",סורה קוסמטיקס,TR,מילוי מכשיר מטהר אויר סוויט פאשיין 250מל,מיליליטרים,250.00,"100 מ""ל",false,12,11.90,4.7600,true,1,49548
7290002814412,false,סנט מוריץ נוזל כלים 1.6 ליטר לימון ליים 18%,קומפלקס כימיקלים בעמ,IL,נוזל כלים סנט מוריץ 1.6ל לימון ליים 18%,מיליליטרים,1600.00,"100 מ""ל",false,15,9.90,0.6188,true,1,31312
7290002814481,false,עלמה שקיות מזון בקופסא 150 יח' מארז שלישיה,קומפלקס כימיקלים,IL,מארז 3יח שקיות מזון עלמה 150יח,יחידה,450.00,יחידה,false,12,11.90,0.0264,true,1,49226
7290002814498,false,"סנט מוריץ - מרסס חומץ לניקוי כללי 750 מ""ל",קומפלקס כימיקלים,TR,מתז חומץ 750מל סנט מוריץ,מיליליטרים,750.00,"100 מ""ל",false,12,8.90,1.1867,true,1,35984
7290002814528,false,נוזל לניקוי האסלה סנט מוריץ 1 ליטר,קומפלקס כימיקלים בעמ,IL,נוזל לניקוי אסלות ואמבטיות 1ל סנט מוריץ,ליטרים,1.00,ליטר,false,15,5.90,5.9000,true,1,30360
7290002814580,false,טורנדו גרגירים לפתיחת סתימות 200 גרם,"קומפלקס כימיקלים בע""",IL,פותח סתימות טורנדו גרגרים 200גר,גרמים,200.00,100 גרם,false,20,11.90,5.9500,true,1,29919
7290002814597,false,סנט מוריץ טורנדו נוזל לפתיחת סתימות 1 לי,קומפלקס כימיקלים,IL,נוזל לפתיחת סתימות טורנדו 1 ליטר,ליטרים,1.00,ליטר,false,15,15.90,15.9000,true,1,29920
7290002814603,false,"סנט מוריץ - מרסס מסיר שומנים קר מבושם לימון 750 מ""ל",קומפלקס כימיקלים בעמ,IL,מסיר שומנים קר מבושם סנט מוריץ750מ לימון,מיליליטרים,750.00,"100 מ""ל",false,15,11.90,1.5867,true,1,29916
7290002814665,false,סנט מוריץ - מרסס מסיר עובש 1 ליטר,קומפלקס כימיקלים,IL,מסיר עובש 1 ליטר סנט מוריץ,ליטרים,1.00,ליטר,false,12,9.90,9.9000,true,1,39035
7290002814689,false,"נוזל כלים סנט מוריץ בניחוח לימון מארז 750X3מ""ל",קומפלקס כימיקלים,IL,מארז 3 יח נוזל כלים 750מל סנט מוריץ,מיליליטרים,2250.00,"100 מ""ל",false,1,18.90,0.8400,true,1,49189
7290002814719,false,נוזל רצפות סנט מוריץ אסלות מאסק 4 ליטר,קומפלקס כימיקלים,IL,נוזל לשטיפת רצפות 4ל ניחוח מאסק,ליטרים,4.00,ליטר,false,5,12.90,3.2250,true,1,37925
7290002814726,false,סנט מוריץ מסיר אבנית 1 ליטר,קומפלקס כימיקלים,IL,מסיר אבנית 1 ליטר סנט מוריץ,ליטרים,1.00,ליטר,false,15,7.90,7.9000,true,1,45642
7290002814825,false,סבון אסלה כדוריות שלישייה אוקיינוס כחול,"קומפלקס כימיקלים בע""",TR,סבון אסלה כדוריות שלישייה אוקיינוס כחול,יחידה,1.00,יחידה,false,24,10.90,10.9000,true,1,37934
7290002814832,false,סבון אסלה סנט מוריץ כדוריות לוונדר 3 יח,"קומפלקס כימיקלים בע""",TR,סבון אסלה כדוריות שלישייה לוונדר,יחידה,1.00,יחידה,false,24,10.90,10.9000,true,1,37935
7290002814849,false,סנט מוריץ סבון אסלה שלישייה כחול אוקיינוס,,TR,מארז שלישיית סבון אסלה,יחידה,1.00,יחידה,false,24,10.90,10.9000,true,1,45641
7290002814870,false,"סנט מוריץ - מרסס מסיר שומנים קר מבושם לוונדר\פרחים 750 מ""ל",קומפלקס כימיקלים בעמ,IL,מסיר שומנים קר מבושם סנט מוריץ750מ לבנדר,מיליליטרים,750.00,"100 מ""ל",false,15,11.90,1.5867,true,1,29917
7290002814894,false,אקונומיקה קצף ניקוי 1לוונדר ליטר- סנט מוריץ,קומפלקס כימיקלים,IL,קצף ניקוי אקונומיקה לבנדר 1ליט סנט מוריץ,ליטרים,1.00,ליטר,false,15,9.90,9.9000,true,1,30367
7290002814900,false,סבון אסלה סנט מוריץ כדוריות לימון 3 יח,"קומפלקס כימיקלים בע""",TR,סבון אסלה כדוריות שלישייה לימון,יחידה,1.00,יחידה,false,24,10.90,10.9000,true,1,37936
7290002814917,false,סנט מוריץ שמפו רצפות בניחוח לבנדר 4 ליטר,קומפלקס כימיקלים,IL,נוזל לשטיפת רצפות 4ל ניחוח לבנדר סנט מו,ליטרים,4.00,ליטר,false,5,12.90,3.2250,true,1,29915
7290002814931,false,סנט מוריץ שמפו רצפות בניחוח פרחים 4 ליטר - מרכז,"קומפלקס כימיקלים בע""",IL,נוזל לשטיפת רצפות 4ל ניחוח פרחים/אוקינוס,ליטרים,4.00,ליטר,false,5,12.90,3.2250,true,1,29913
7290002814955,false,שמפו כלים ירוק ריחני 4 ליטר,קומפלקס כימיקלים,IL,נוזל כלים 4 ליטר סנט מוריץ,ליטרים,4.00,ליטר,false,1,19.90,4.9750,true,1,47208
7290002824183,false,"גבינה לבנה סקי 500 גרם 5% ""שטראוס"" -מוצר בפיקוח",מיוצר עי קונדיטוריית,IL,גבינת סקי 5% למריחה 500 גר***,גרמים,500.00,100 גרם,false,1,9.96,1.9920,true,1,1278
7290002824466,false,יוגורט דנונה ביו לבן 0% שומן 200 גרם,"שטראוס בריאות בע""\מ",IL,יוגורט לבן 0% 200 גרם,גרמים,200.00,100 גרם,false,1,3.80,1.9000,true,1,965
7290002824640,false,"גבינת סקי 250 גרם 5% ""שטראוס"" -מוצר בפיקוח",מיוצר עי קונדיטוריית,IL,גבינת סקי 5% 250 גרם***,גרמים,250.00,100 גרם,false,1,4.98,1.9920,true,1,1276
7290002830184,false,פילה דג לברק יפני,תנובה,IL,פילה דג לברק יפני,קילוגרמים,1.00,"ק""ג",true,,51.90,51.9000,true,1,9156
7290002830245,false,פילה לברק קפוא במשקל,דלידג - נטו,IL,פילה דג לברק יפני,קילוגרמים,1.00,"ק""ג",true,,51.90,51.9000,true,1,18691
7290002830290,false,"ברבוניה שלם טרי ק""ג",נטו,IL,דג ברבוניה טרי,קילוגרמים,1.00,"ק""ג",true,,100.00,100.0000,true,1,7519
7290002830306,false,"פרידה שלם טרי ק""ג",נטו,IL,דג פרידה טרי,קילוגרמים,1.00,"ק""ג",true,,109.90,109.9000,true,1,7520
7290002830948,false,גבינת עיזים מותכת 30% מון בלאן 120 גרם,סלס קרית מלאכי ישראל,IL,גבינת מון בלאן עיזים 120 גר,גרמים,120.00,100 גרם,false,1,10.00,8.3333,true,1,7691
7290002837558,false,גבינת טריקולור בסירו,,NL,גבינת טריקולור בסירון במשקל,קילוגרמים,1.00,"ק""ג",true,,149.00,149.0000,true,1,47245
7290002842002,false,פתיתי שיבולת שועל קוואקר אנגלי מורנפלייק,מורנינג פוד,GB,קוואקר מורנפלייק אנגלי 500 גרם,גרמים,500.00,100 גרם,false,1,10.90,2.1800,true,1,2174
7290002842163,false,טונה לבנה יולה 185 ג,יו.אס.איי וליו קו,TH,טונה לבנה יולה 185 גר,גרמים,185.00,100 גרם,false,1,12.90,6.9730,true,1,1775
7290002842293,false,סרדין מינרבה חריף 120 גרם,יו.אס.איי וליו קו,,סרדין מינרבה חריף 120 גרם,גרמים,120.00,100 גרם,false,1,6.90,5.7500,true,1,2902
7290002842309,false,סרדין מינרבה בשמן 120 גרם,יו.אס.איי וליו קו,,סרדין מינרבה בשמן 120 גרם,גרמים,120.00,100 גרם,false,1,6.90,5.7500,true,1,2903
7290002842415,false,פילה אנשובי אמיתי 50 גרם,יו.אס.איי וליו קו,,פילה אנשובי אמיתי יוליה 50 גר,גרמים,50.00,100 גרם,false,1,6.90,13.8000,true,1,3834
7290002854401,false,מעדן זיתיםיבש שחור 1,,,מעדן זיתיםיבש שחור 1 קג,קילוגרמים,1.00,"ק""ג",false,1,22.00,22.0000,true,1,2260
7290002866497,false,דג לברק טרי אקס אקס,,,דג לברק טרי אקס אקס אל,קילוגרמים,1.00,"ק""ג",true,,95.00,95.0000,true,1,13060
7290002866503,false,דג לברק טרי אקס אקס,,,דג לברק טרי אקס אקס אקס אל,קילוגרמים,1.00,"ק""ג",true,,115.00,115.0000,true,1,13614
7290002868996,false,"קוטג' 5% שומן, רכיבים טבעיים, 250 גרם",קריות זול,IL,גבינת קוטג 5% מועשר 250 ג,גרמים,250.00,100 גרם,false,1,6.00,2.4000,true,1,4303
7290002879145,false,פלרמו פלפל חלפנו פרו,,,פלפל חלפיניו פרוס480 מל צנצנת,גרמים,480.00,100 גרם,false,12,16.90,3.5208,true,1,38193
7290002879206,false,ממרח פלפל חלפינו חרי,,TR,ממרח פלפל חלפינו חריף פלרמו 500 גרם לחי,גרמים,500.00,100 גרם,false,8,16.90,3.3800,true,1,40474
7290002879237,false,טורטילה צ'יפס ברביקיו 200 פלוטקין,דדוש דניאל,,חטיף טורטילה סומבררו ברביקיו 200 גרם,מיליליטרים,200.00,"100 מ""ל",false,1,11.50,5.7500,true,1,1784
7290002879282,false,ציפס חטיף תירס טבעי סומבררו 200 גרם,אן. וי סנק פוד,BE,טורטילה חטיף סומבררו תירס טבעי 200 גרם,גרמים,200.00,100 גרם,false,1,11.50,5.7500,true,1,1783
7290002879299,false,מלפפון מוחמצים בטעם חמוץ מתוק,דדוש דניאל,PL,מלפפונים גרין ואלי צהוב 860 גר,גרמים,860.00,100 גרם,false,1,19.90,2.3140,true,1,3176
7290002879305,false,מלפפונים קטנים בחומץ,דדוש דניאל,PL,מלפפונים גרין ואלי כחול 860 גר,גרמים,860.00,100 גרם,false,1,21.90,2.5465,true,1,3177
7290002879411,false,מלפפונים פרוסים גריי,פרנצוסקה,PL,מלפפונים פרוסים גריין ואלי 680 גר,גרמים,680.00,100 גרם,false,1,14.50,2.1324,true,1,9045
7290002879435,false,כרוב כבוש גרין ואלי,פרנצוסקה,PL,כרוב כבוש גרין ואלי 900 גר,גרמים,900.00,100 גרם,false,1,17.90,1.9889,true,1,1780
7290002879459,false,וילי פרוסות סלק כבוש בחומץ 710 ג,פרנצוסקה,PL,סלק כבוש גרין ואלי 710 גרם,גרמים,710.00,100 גרם,false,1,15.50,2.1831,true,1,1781
7290002879541,false,חומץ בן יין אדום 500,אקטיפיקו,IT,חומץ בן יין אדום 500 מל,מיליליטרים,500.00,"100 מ""ל",false,1,16.50,3.3000,true,1,3224
7290002879633,false,וופל בלגי אמיתי רזיט 550 גרם,אן.וי ביסקוויטרי טיז,BE,וופל בלגי 550 גרם 10 יח אישי,גרמים,550.00,100 גרם,false,8,22.90,4.1636,true,1,39882
7290002881209,false,רסק תפוחי עץ דיאט 700 ג' תומר,KONSERVENFABRIEK BALTUSSEN,NL,רסק תפוחי עץ רגיל 720 ג תומר,גרמים,720.00,100 גרם,false,1,10.90,1.5139,true,1,5289
7290002881216,false,רסק תפוחי עץ לא ממותק תומר 700 גרם,KONSERVENFABRIEK BALTUSSEN,NL,רסק תפוחי עץ דיאט 720 ג תומר,גרמים,720.00,100 גרם,false,1,10.90,1.5139,true,1,5288
7290002881230,false,חתיכות אננס בסירופ קל תומר 850 גרם,"אניס פארם בע""מ",VN,לפתן אננס חתוך תומר 820 גר,גרמים,820.00,100 גרם,false,1,10.90,1.3293,true,1,5658
7290002881247,false,פרוסות אננס בסירופ קל תומר 850 גרם,"אניס פארם בע""מ",VN,לפתן אננס שלם תומר 850 גר,גרמים,850.00,100 גרם,false,1,10.90,1.2824,true,1,5659
7290002881254,false,קוקטייל פירות טרופיים בסירופ קל תומר 825 גרם,סאנרייז אגריקלטור,TH,לפתן קוקטיל פירות טרופי תומר 850 גר,גרמים,850.00,100 גרם,false,1,10.90,1.2824,true,1,10058
7290002881261,false,"ליצ'י שלם 565 גרם ""תומר""",גיבונג אינדסקיאלס,CN,לפתן ליצי שלם תומר 400 גר,גרמים,400.00,100 גרם,false,1,10.90,2.7250,true,1,5433
7290002881278,false,לפתן אפרסק חצאים תומ,Elbak s.a - greek ca,,לפתן אפרסק חצאים תומר 850 ג,גרמים,850.00,100 גרם,false,1,10.90,1.2824,true,1,5924
7290002881407,false,נודלס אטריות ביצים דק תומר 400ג',קריות זול,CN,אטריות נודלס דקות 400 ג,גרמים,400.00,100 גרם,false,1,6.90,1.7250,true,1,5236
7290002881414,false,תומר-אטריות ביציםעבו,אופאל,CN,אטריות נודלס עבות 400 גרם,גרמים,400.00,100 גרם,false,1,6.90,1.7250,true,1,5527
7290002881506,false,חמאת בוטנים תומר 510 ג',Niza s a,,חמאת בוטנים רגיל 500 גר תומר,גרמים,500.00,100 גרם,false,1,10.90,2.1800,true,1,5357
7290002881513,false,חמאת בוטנים עם שברי בוטנים תמר 510 גר',Niza s a,,חמאת בוטנים עם שברי בוטנים 500 גר תומר,גרמים,500.00,100 גרם,false,1,10.90,2.1800,true,1,5358
7290002881551,false,עלי גפן בשמן זית ממולא 400ג תומר,אסמה תורכיה,IL,עלי גפן ממולאים באורז 400 גר,גרמים,400.00,100 גרם,false,1,8.90,2.2250,true,1,6278
7290002881612,false,לפתן דובדבנים חמוצים תומר 720 גרם,Fructo sliven jsc,BG,לפתן דובדבן חמוצים 680 גר,גרמים,680.00,100 גרם,false,1,10.90,1.6029,true,1,5556
7290002881735,false,לבבות דקל שלם 410 גר תומר,אינקופלמיטו אס.אי,EC,לבבות דקל שלמים 410 ג תומר,גרמים,410.00,100 גרם,false,1,11.90,2.9024,true,1,4945
7290002881803,false,שמן קנולה מזוכך 1 ליטר,,BE,שמן קנולה תומר 1 ליטר,ליטרים,1.00,ליטר,false,1,10.90,10.9000,true,1,50195
7290002881940,false,סרדינים מרוקאי בשמן חמניות 125ג' תומר,Union des pecheries,,סרדין מרוקאי בשמן 125 גר,גרמים,125.00,100 גרם,false,1,5.90,4.7200,true,1,4839
7290002881957,false,סרדינים מרוקאי חריף בשמן חמניות 125ג' תומר,Union des pecheries,,סרדין מרוקאי חריף בשמן 125 גר,גרמים,125.00,100 גרם,false,1,5.90,4.7200,true,1,4838
7290002900313,false,פסטרמה ספרדיתטירת צבי,טירת- צבי,IL,פסטרמה ספרדית במשקל,קילוגרמים,1.00,"ק""ג",true,,75.00,75.0000,true,1,4337
7290002900436,false,פסטרמה איטלקי מילנו משקל,טירת- צבי,IL,פסטרמה איטלקית מילנו במשקל,קילוגרמים,1.00,"ק""ג",true,,75.00,75.0000,true,1,4336
7290002900566,false,פסטרמה ברביקיו דל שומן טירת צבי 400 גרם,הנסיך- מפעל לייצור ט,IL,פסטרמה ברביקיו דלת שומן 360 ג,גרמים,360.00,100 גרם,false,1,29.90,8.3056,true,1,4439
7290002904694,false,"טיטניום דאודורנט ספריי לגברים 150 מ""ל","אמיליה קוסמטיקס בע""מ",IL,דאו.ספריי טיטניום 180 מל,מיליליטרים,180.00,"100 מ""ל",false,1,17.90,9.9444,true,1,947
7290002921165,false,"חלב לניקוי רהיטי עור הזלין יעקבי 400 מ""ל",אסטוניש -לידס,DE,ספריי הזלין לניקוי רהיטים,Unknown,0.00,Unknown,false,1,35.90,0.0000,true,1,1829
7290002921226,false,"חלב לניקוי רהיטי עור יעקבי 250 מ""ל",יעקובי,CH,נוזל הזלין קרם לניקוי רהיטי עור בקבוק,Unknown,0.00,Unknown,false,1,29.90,0.0000,true,1,1934
7290002921233,false,"קרבונה ניקוי יבש לכתמים שומניים 200 מ""ל",מנדלז סי.אר. פרודקשן,ES,קרבונה ספריי לכתמים,Unknown,0.00,Unknown,false,1,26.90,0.0000,true,1,234
7290002921240,false,"קרבונה שמפוזר לניקוי שטיחים וריפוד יעקבי 650 מ""ל",קרבונה Carbona,MX,שמפוזר קרבונה אדום,Unknown,0.00,Unknown,false,1,29.90,0.0000,true,1,36
7290002921349,false,לוקטייט סופר גלו 3 - זוגי,יעקובי סופר גלו,TR,סופר גלו 3 דבק מהיר,Unknown,0.00,Unknown,false,1,16.90,0.0000,true,1,1789
7290002921516,false,טורבול-סופג לחות לבית יעקבי,יעקובי,,טורבול סופג לחות,Unknown,0.00,Unknown,false,1,49.90,0.0000,true,1,2316
7290002922117,false,מקלות קינמון וסוכר חום,"אקלר בע""מ",IL,עוגיות אקלר בטעמים שונים 200-250 ג,גרמים,200.00,100 גרם,false,1,22.90,11.4500,true,1,2272
7290002923466,false,"בקר טחון טיבון ויל 1 ק""ג",טיבון ויל אחזקות בעמ,IL,בשר בקר טחון 1 קג טיבונוויל,קילוגרמים,1.00,"ק""ג",false,1,32.90,32.9000,true,1,4937
7290002925729,false,"גם וגם משחת שיניים כחול ומי פה בטעם פפרמינט 120 מ""ל","אמיליה קוסמטיקס בע""מ",IL,מי פה גל גם וגם כחול לשיניים 120 מל,מיליליטרים,120.00,"100 מ""ל",false,1,15.90,13.2500,true,1,3426
7290002925798,false,"גם וגם משחת שיניים ירוק מי פה לייט 120 מ""ל",אמיליה קוסמטיקס,IL,מי פה גל גם וגם ירוק לשיניים 120 מל,מיליליטרים,120.00,"100 מ""ל",false,1,15.90,13.2500,true,1,3427
7290002929130,false,גבינת דנאבלו במשקל,מאמן,DK,גבינת דנאבלו במשקל,קילוגרמים,1.00,"ק""ג",true,,89.00,89.0000,true,1,11507
7290002929512,false,שלושת האופים פלאפל 5,האי נאם סי או אל.טי.,IL,כדורי פלאפל 500 גרם שלושת האופים,גרמים,500.00,100 גרם,false,1,12.90,2.5800,true,1,15366
7290002929536,false,שלושת האופים קובה למ,האי נאם סי או אל.טי.,IL,קובה למרק 600גרם שלושת האופים,גרמים,600.00,100 גרם,false,1,12.90,2.1500,true,1,15364
7290002929635,false,טונה ויליגר במים 140 גרם,"ויליגר תעשיות בע""מ",IL,טונה בשמן צמחי ויליגר 140 גר,גרמים,140.00,100 גרם,false,1,5.70,4.0714,true,1,12356
7290002929642,false,רביעיית טונה בשמן ויליגר 140 גרם,דיאמנט פוד פרודקט קו,TH,מארז 4 טונה בשמן צמחי ויליגר 140 ג,גרמים,560.00,100 גרם,false,1,19.90,3.5536,true,1,12146
7290002929734,false,"גפילטעפיש קציצות מדגי קרפיון וכסיף 560 גר' העד""ח",נטו מלינדה,IL,גפילטע פיש 570 גר,גרמים,560.00,100 גרם,false,1,12.90,2.3036,true,1,12149
7290002929802,false,דג סלמון בייבי טרי,,,דג סלמון בייבי טרי 3-4,קילוגרמים,1.00,"ק""ג",true,,89.90,89.9000,true,1,25079
7290002929949,false,רצועות פילה קוד טרי,,,רצועות פילה קוד טרי,קילוגרמים,1.00,"ק""ג",true,,199.00,199.0000,true,1,47250
7290002946700,false,"מדליק פחמים נוזלי הנמל 200מ""ל","ויק ליין תעשיות בע""מ",IL,מדליק פחם נוזלי 200 מל,מיליליטרים,200.00,"100 מ""ל",false,1,10.90,5.4500,true,1,15614
7290002951735,false,גל היגייני רוטס 125מ,,,גל היגייני רוטס 125מל,מיליליטרים,125.00,"100 מ""ל",false,1,12.90,10.3200,true,1,32763
7290002954026,false,"שמן תירס ""שוקחה"" 3 ליטר",איי.די.אם אנטוורפאן. וי,AR,שמן תירס שוקחה 3 ליטר,ליטרים,3.00,ליטר,false,1,46.90,15.6333,true,1,2256
7290002954040,false,שמן תירס שוקחה 1 ליטר,לסיור,FR,שמן תירס שוקחה 1 ליטר,ליטרים,1.00,ליטר,false,1,16.90,16.9000,true,1,5065
7290002954187,false,"אורז יסמין 5 ק""ג שוקחה",בני ג'ורג' שוקחה חיפ,IL,אורז יסמין שוקחה מדליה 5 קג,קילוגרמים,5.00,"ק""ג",false,1,44.90,8.9800,true,1,5056
7290002954200,false,"אורז יסמין 1 ק""ג שוקחה",בני ג'ורג' שוקחה חיפ,TH,אורז יסמין שוקחה 1 קג,קילוגרמים,1.00,"ק""ג",false,1,11.90,11.9000,true,1,4691
7290002954392,false,תמצית חרובים סירופ 400 ג',סיתוגלו גידה אתהלאת,TR,תמצית חרובים 450 גרם,גרמים,450.00,100 גרם,false,1,13.90,3.0889,true,1,4036
7290002954460,false,"Sunwhite אורז אוסטרלי עגול לסושי-1 ק""ג",בני ג'ורג' שוקחה חיפ,AU,אורז אוסטרלי 1 קג,קילוגרמים,1.00,"ק""ג",false,1,11.90,11.9000,true,1,1840
7290002954736,false,עדשים שחורות שוקחה 1,סוגת תעשיות בעמ,,עדשים שחורות שוקחה 1 קג,קילוגרמים,1.00,"ק""ג",false,1,13.90,13.9000,true,1,28731
7290002971009,false,"קמח חיטה לבן בהיר שטיבל 1 ק""ג",שטיבל טחנות קמח,IL,קמח שטיבל רגיל 1 קג,קילוגרמים,1.00,"ק""ג",false,1,4.50,4.5000,true,1,2686
7290002971016,false,"שטיבל סולת חיטה 1 ק""ג","שטיבל בע""מ",IL,סולת שטיבל 1 קג,Unknown,0.00,Unknown,false,1,4.90,0.0000,true,1,2687
7290002971139,false,קמח תופח שטיבל 13 1 קג,שטיבל,,קמח שטיבל תופח מאליו 1 קג,קילוגרמים,1.00,"ק""ג",false,1,8.90,8.9000,true,1,35004
7290002971146,false,קמח שטיבל פיצה ופוקצ,שטיבל טחנות קמח,IL,קמח שטיבל מס15פיצה ופוקצה1 קג,קילוגרמים,1.00,"ק""ג",false,1,8.90,8.9000,true,1,35042
7290002971214,false,"קמח לחם מעושר מס 2 1 ק""ג",מיוצר עי קונדיטוריית,IL,קמח שטיבל מס 2 ללחם 1 קג,קילוגרמים,1.00,"ק""ג",false,1,8.90,8.9000,true,1,34996
7290002971238,false,קמח שטיבל לעוגות 1 ק,שטיבל טחנות קמח,IL,קמח שטיבל מס 5 לעוגות 1 קג,קילוגרמים,1.00,"ק""ג",false,1,8.90,8.9000,true,1,34999
7290002971955,false,קמח שטיבל חיטה לבן מנופה 1קג,טחנת קמח דגן-שטיבל,IL,קמח שטיבל 650 ללא ניפוי 1 קג,קילוגרמים,1.00,"ק""ג",false,1,8.90,8.9000,true,1,35006
7290002971962,false,"קמח שטיבל חיטה מלא ללא ניפוי 1 ק""ג",טחנת קמח דגן-שטיבל,IL,קמח שטיבל חיטה מלאה ללא ניפוי 1 קג,קילוגרמים,1.00,"ק""ג",false,1,9.90,9.9000,true,1,17117
7290002972006,false,"קמח שטיבל 405 ללא ניפוי 1 ק""ג",טחנת קמח דגן-שטיבל,IL,קמח שטיבל 405 ללא ניפוי 1 קג,קילוגרמים,1.00,"ק""ג",false,1,8.90,8.9000,true,1,35007
7290002972365,false,קמח תופח שטיבל 13 ללא צורך בניפוי 1 קג,מיוצר עי קונדיטוריית,IL,קמח שטיבל תופח 13ללא ניפוי 1 קג,קילוגרמים,1.00,"ק""ג",false,1,9.90,9.9000,true,1,35044
7290002972426,false,"קמח חיטה 80% ללא ניפוי שטיבל 1ק""ג",טחנת קמח דגן-שטיבל,IL,קמח שטיבל 80% חיטה ללא ניפוי 1 קג,קילוגרמים,1.00,"ק""ג",false,1,9.90,9.9000,true,1,35045
7290002973676,false,"קמח שטיבל לחלה 18 ללא ניפוי 1 ק""ג",טחנת קמח דגן-שטיבל,IL,קמח שטיבל 18לחלה ללא ניפוי 1 קג,קילוגרמים,1.00,"ק""ג",false,1,9.90,9.9000,true,1,35129
7290002986652,false,גטניו פתי בר שוקו 470 גרם,"אחים גטניו בע""מ",IL,ביסקויט פתי בר שוקו גטניו 470 גרם,גרמים,470.00,100 גרם,false,12,10.90,2.3191,true,1,24889
7290003006021,false,סלט קוביות בולגרי25%משקל,גבינות אמיר ניצן בעמ,IL,סלט מעדן גבינת פטה בטעמים במשקל,קילוגרמים,1.00,"ק""ג",true,,80.00,80.0000,true,1,5870
7290003006120,false,פינצ'וס פלפלונים+גב.משקל,גבינות אמיר ניצן בעמ,IL,פלפל/דלעת ממולא טאפס שכונתי במשקל,קילוגרמים,1.00,"ק""ג",true,,150.00,150.0000,true,1,8371
7290003009183,false,"סירופ דיאט תפוחים פריגת 750 מ""ל",סירופ - גבעת חיים,IL,סירופ דיאט פריגת תפוחים 750 מל בקבוק,מיליליטרים,750.00,"100 מ""ל",false,1,25.90,3.4533,true,1,627
7290003009596,false,"סירופ דיאט אשכוליות פריגת 750 מ""ל",סירופ - גבעת חיים,IL,סירופ דיאט פריגת אשכליות 750 מל בקבוק,מיליליטרים,750.00,"100 מ""ל",false,1,25.90,3.4533,true,1,4300
7290003009640,false,מיץ תפוזים סחוט רכיבים טבעיים פריגת 1 ליטר,פריגת מצוננים,IL,מיץ תפוז סחוט טרי 1 ל פקדון פריגת,ליטרים,1.00,ליטר,false,1,13.90,13.9000,true,1,799
7290003011087,false,"אורז בסמטי הודי מובחר שקדיה 1 ק""ג",אלסקה/ טילדה,IN,אורז בסמטי אלפנט 1 קג,קילוגרמים,1.00,"ק""ג",false,24,10.90,10.9000,true,1,50811
7290003015627,false,"נוזל רצפות אפרסק 2 ליטר ""ריצפז פרש""","סנו מפעלי ברונוס בע""",IL,נוזל רצפה ריצפז פרש אפרסק 2 לי,ליטרים,2.00,ליטר,false,1,16.90,8.4500,true,1,4559
7290003015634,false,סנו ריצפז פרש 2 ליטר פסיפלורה,קריות זול,IL,נוזל רצפה ריצפז פרש פסיפלורה 2 לי,ליטרים,2.00,ליטר,false,1,16.90,8.4500,true,1,4560
7290003015641,false,"נוזל רצפות יסמין 2 ליטר ""ריצפז פרש""",קריות זול,IL,נוזל רצפה ריצפז פרש 2 ל יסמין,ליטרים,2.00,ליטר,false,1,16.90,8.4500,true,1,4561
7290003015672,false,סנו סופט מפיות צבעוניות חלקות 50 יחידות,סנו סופט,IL,סנו סופט מפיות צבעוני 50 יח,יחידה,50.00,יחידה,false,1,7.90,0.1580,true,1,746
7290003015917,false,סנומט רולון דוחה יתוש אישי עם אלוורה 50מ,סנומט,,סנו די דוחה יתושים רולאון,Unknown,0.00,Unknown,false,1,17.90,0.0000,true,1,4452
7290003024148,false,משקה שיכר דובדבנים 2,,IL,משקה שיכר דובדבנים 2008 750 מל פיקדון,מיליליטרים,750.00,"100 מ""ל",false,1,85.00,11.3333,true,1,33662
7290003026029,false,"ד""ר פישר - קמיל בלו סנסיטיב שמפו אלדמע 500 מ""ל",פישר מעבדות פרמצבטיות בע,IL,שמפו קמיל בלו סנסטייב אל דמע 500 מל,מיליליטרים,500.00,"100 מ""ל",false,1,18.90,3.7800,true,1,4690
7290003026197,false,"קמיל בלו סנסטיב שמן טיפולי ד""ר פישר 500 מ""ל",פישר מעבדות פרמצבטיות בע,IL,שמן לתינוק טיפולי קמיל בלו 520 מל,מיליליטרים,520.00,"100 מ""ל",false,1,28.90,5.5577,true,1,4118
7290003026227,false,"קמיל בלו שמפו לתינוק סנסיטיב אל דמע ד""ר פישר 1 ליטר",פישר מעבדות פרמצבטיות בע,IL,שמפו קמיל בלו סנסטיב אל דמע 1 ל,ליטרים,1.00,ליטר,false,1,24.90,24.9000,true,1,201
7290003026234,false,"ד""ר פישר - קמיל בלו תחליב לתינוק 500 מ""ל",פישר מעבדות פרמצבטיות בע,IL,תחליב לתינוק קמיל בלו 500 מל,מיליליטרים,500.00,"100 מ""ל",false,1,19.90,3.9800,true,1,203
7290003026401,false,קרם פדיסול לשפשפת 10,"ד""ר פישר Dr fischer",IL,קרם פדיסול לשפשפת 100 גר,גרמים,100.00,100 גרם,false,1,19.90,19.9000,true,1,5606
7290003029181,false,משקה יטבתה שוקו' בקבוק 1ל מהדרין,שטראוס גרופ,IL,שוקו יטבתה בקבוק 1 ליטר,ליטרים,1.00,ליטר,false,1,11.90,11.9000,true,1,144
7290003029372,false,משקה חלב בטעם בננה יטבתה 1 ליטר,שטראוס גרופ,IL,משקה חלב בננה 1 ליטר,ליטרים,1.00,ליטר,false,1,11.90,11.9000,true,1,1978
7290003029389,false,"משקה חלב בננה פקק ספורט 250 מ""ל יוטבתה",שטראוס גרופ,IL,משקה בננה פקק 250 מל,מיליליטרים,250.00,"100 מ""ל",false,1,5.80,2.3200,true,1,728
7290003029433,false,"משקה יטבתה שוקו פקק 250 מ""ל מהדרין",שטראוס גרופ,IL,שוקו יוטבתה פקק 250 מל,מיליליטרים,250.00,"100 מ""ל",false,1,5.80,2.3200,true,1,143
7290003029532,false,מוקה בבקבוק יטבתה 1 ליטר מהדרין,שטראוס גרופ,IL,מוקה קפה בק 1 ליטר,ליטרים,1.00,ליטר,false,1,11.90,11.9000,true,1,2461
7290003029792,false,"משקה יטבתה שוקו שקיות מהדרין מארז 225X8מ""ל",שטראוס גרופ,IL,מארז שוקו יוטבתה 8 יח,ליטרים,1.80,ליטר,false,1,19.90,11.0556,true,1,4324
7290003029815,false,כד חלב 3% יטבתה 2 ליטר מהדרין,שטראוס גרופ,IL,חלב מועשר כד3% 2ל,ליטרים,2.00,ליטר,false,1,15.90,7.9500,true,1,4362
7290003029907,false,אייס קפה יטבתה 1 ליטר מהדרין,שטראוס גרופ,IL,משקה חלב קפה 1 ל יוטבתה,ליטרים,1.00,ליטר,false,1,11.90,11.9000,true,1,4531
7290003047642,false,תה שחור יילו לייבל 100*1.5 ג' שקיק ליפטון,"יונילוור רוסייה בע""מ",RU,תה ליפטון ילו לייבל 100 יח,יחידה,1.00,יחידה,false,1,12.90,12.9000,true,1,1446
7290003054176,false,מסטמכר לחם שיפון עם מסלי 500ג,מרום את קונפינו,DE,לחם שיפון עם מיסלי 500 גרם,גרמים,500.00,100 גרם,false,1,11.90,2.3800,true,1,878
7290003054183,false,מסטמכר לחם שיפון מלא 500ג,מרום את קונפינו,DE,לחם שיפון מלא 500 גרם,גרמים,500.00,100 גרם,false,1,11.90,2.3800,true,1,877
7290003054190,false,מסטמכר לחם שיפון עם שלושה דגנים 500ג,מרום את קונפינו,DE,לחם שיפון עם שלושה דגנים 500 גר,גרמים,500.00,100 גרם,false,1,11.90,2.3800,true,1,880
7290003054206,false,מסטמכר לחם שיפון עם זרעי חמניות 500ג,מרום את קונפינו,DE,לחם שיפון עם זרעי חמניות 500 גרם,גרמים,500.00,100 גרם,false,1,11.90,2.3800,true,1,881
7290003054213,false,מסטמכר לחם שיפון כפרי 500ג,מסטמכר גוטרסלאו,DE,לחם שיפון כפרי 500 גרם,גרמים,500.00,100 גרם,false,1,11.90,2.3800,true,1,876
7290003054220,false,מסטמכר לחם שיפון פומפרניקל 500ג,מסטמאכר ג'.אמ.בי.הי,DE,לחם שיפון פומפרניקל 500 גרם,גרמים,500.00,100 גרם,false,1,11.90,2.3800,true,1,879
7290003054657,false,חרדל ריין דיז'ון אקסטרה פורטה 370 גרם,מרום את קונפינו,FR,חרדל דיזון אקסטרא פורטה 370 גרם,גרמים,370.00,100 גרם,false,1,11.90,3.2162,true,1,1093
7290003069156,false,פילה סלמון וי קפוא,דלידג,,פילה סלמון וי קפוא,קילוגרמים,1.00,"ק""ג",true,,79.00,79.0000,true,1,23413
7290003069583,false,סטייק סלמון פרוס נורווגי,דלידג - נטו,XX,סטייק סלומון קפוא,קילוגרמים,1.00,"ק""ג",true,,79.00,79.0000,true,1,8027
7290003069590,false,"פילה פוטית עם עור קפוא דלידג 1 ק""ג",דאליאן גואופו אקאטיק,CN,פילה סול ארוז קפוא 1 קג,קילוגרמים,1.00,"ק""ג",false,1,39.00,39.0000,true,1,8149
7290003069682,false,בצק פילאס קפוא 500 גרם שלושת האופים,שלושת האופים שגמור,IL,בצק פילאס 500 גר,גרמים,500.00,100 גרם,false,1,20.90,4.1800,true,1,8189
7290003072743,false,פסטרמה הודו מפולפלת קג,טירת צבי,IL,פסטרמה מפולפלת במשקל,קילוגרמים,1.00,"ק""ג",true,,75.00,75.0000,true,1,27792
7290003072804,false,פסטרמה של פעם טירת צבי 200 גרם,טיב טירת צבי 2000,IL,פסטרמה של פעם 200גר טירת צבי,גרמים,200.00,100 גרם,false,30,23.90,11.9500,true,1,30071
7290003072811,false,נקניקיות בראטוורסט 320 גרם טירת צבי ללא גלוטן,טיב טירת צבי 2000,IL,נקניקיות בראטוורסט 320גר טירת צבי,גרמים,320.00,100 גרם,false,1,23.90,7.4687,true,1,30007
7290003072828,false,נקניקיות פרנקפורטר 320 גרם טירת צבי,טיב טירת צבי 2000,IL,נקניקיות פרנקפורטר 320גר טירת צבי,גרמים,320.00,100 גרם,false,1,23.90,7.4687,true,1,30005
7290003072835,false,נקניקיות קנאקוורסט טירת צבי 320 גרם,טיב טירת צבי 2000,IL,נקניקיות קנאקוורסט 320גר טירת צבי,גרמים,320.00,100 גרם,false,1,23.90,7.4687,true,1,30006
7290003072859,false,רוסטביף טירת צבי 120 גרם,הנסיך- מפעל לייצור ט,IL,נקניק רוסטביף 120גר,גרמים,120.00,100 גרם,false,1,23.90,19.9167,true,1,32355
7290003072965,false,קבנוס חריף מעושן טירת צבי 120 גרם,טיב טירת צבי 2000,IL,קבנוס חריף מעושן 120גר טירת צבי,גרמים,120.00,100 גרם,false,1,10.90,9.0833,true,1,37352
7290003072972,false,קבנוס בתיבול מעושן טירת צבי 120 גרם,טיב טירת צבי 2000,IL,קבנוס בתיבול שום 120גר טירת צבי,גרמים,120.00,100 גרם,false,1,10.90,9.0833,true,1,37353
7290003075553,false,לבנה רג'ב 11% 500 גרם,מחלבת רג'\ב,IL,לאבנה 500 גר,גרמים,500.00,100 גרם,false,1,18.90,3.7800,true,1,7071
7290003075652,false,לבנה 11%שומן 250 גרם,מחלבת רג'ב,IL,גבינת לאבנה 250 גר,גרמים,250.00,100 גרם,false,1,11.90,4.7600,true,1,7073
7290003075805,false,גב. ברינזה רג'ב15% 400ג,מחלבת רג'\ב,IL,גבינת ברינזה 400 גר,גרמים,400.00,100 גרם,false,1,25.90,6.4750,true,1,7074
7290003075850,false,לאבנה עם שמן וזעתר ר,מחלבת רג'\ב,IL,לבנה עם זעתר 250 גר,גרמים,250.00,100 גרם,false,1,12.90,5.1600,true,1,7072
7290003102136,false,צמר גפן COTTON SOFT רפואי 100 גר' 3102136,הדקלאים אגודת שיתופי,TR,צמר גפן 100 גרם כותון סופט,גרמים,100.00,100 גרם,false,1,4.90,4.9000,true,1,18514
7290003102419,false,כפפות ניילון 100 חידות,איזי טאצ',CN,כפפות ניילון 100 יח קופסא,יחידה,100.00,יחידה,false,1,6.90,0.0690,true,1,19592
7290003102891,false,שקיות צליה הוסטס בקופסה 10יח',הוסטס,TR,שקיות צליה הוסטס 10 יח,יחידה,10.00,יחידה,false,1,5.90,0.5900,true,1,18488
7290003102976,false,צימרוני אוזניים פלסטיק בקופסה 200 יחידות,הדקלאים אגודת שיתופי,CN,צימרוני אוזניים 200יח בכוס,יחידה,200.00,יחידה,false,1,4.50,0.0225,true,1,18515
7290003109265,false,עוגיות מרוקאיות 400,קונדיטורית יוסופוב י,,עוגיות מרוקאיות 400 גרם,גרמים,500.00,100 גרם,false,1,18.00,3.6000,true,1,2638
7290003121083,false,ארוחת נודלס בטעם בשר בשקית מג'יק 85 גרם,טאט הוי פוד בעמ,SG,מגיק טעם בשר שקית 85 גר,גרמים,85.00,100 גרם,false,1,2.90,3.4118,true,1,742
7290003121090,false,ארוחת נודלס ירקות בשקית מג'יק 85 גרם,זנטי אס. אי לאלין,SG,מגיק טעם ירקות שקית 85 גר,גרמים,85.00,100 גרם,false,1,2.90,3.4118,true,1,710
7290003121106,false,ארוחת נודלס טעם עוף בשקית מג'יק 85 גרם,"טאט פוד הוי בע""מ",SG,מגיק טעם עוף שקית 85 גר,גרמים,85.00,100 גרם,false,1,2.90,3.4118,true,1,714
7290003126712,false,יוגורט עיזים מחלב מלא 3.7% משק צוריאל 150 גרם,מחלבת משק צוריאל,IL,יוגורט עיזים 3% ביו 150 גר,גרמים,150.00,100 גרם,false,1,6.50,4.3333,true,1,866
7290003126958,false,טופו גבינה גוש בואקום צוריאל 300 ג',א.י.ן תעשיות מזון בע,IL,גבינת טופו טבעי בואקום 300 גר,גרמים,300.00,100 גרם,false,1,11.90,3.9667,true,1,1140
7290003141159,false,יוגטה מרשמלו ממתק מוקצף בטעמי תות שדה ווניל 180 גרם,יוגוטה,IL,מרשמלו יוגטה 180 גר,גרמים,180.00,100 גרם,false,1,5.90,3.2778,true,1,9861
7290003143146,false,ממרח תמרים קליית גת 450 גרם,הדקלאים אגודת שיתופי,IL,ממרח תמרים קליית גת 450 גרם,גרמים,350.00,100 גרם,false,12,5.50,1.5714,true,1,47570
7290003143337,false,סילאן רכיבים טבעיים לחיץ קליית גת 350 גרם,ליימן מותגים,IL,סילאן טבעי לחיץ קליית גת 350 גרם,גרמים,350.00,100 גרם,false,1,14.90,4.2571,true,1,47410
7290003144419,false,סילאן טבעי קליית גת 710 גרם,"טעמי הגליל בע""\מ",IL,סילאן טבעי קליית 710 גרם צנצנת,גרמים,710.00,100 גרם,false,1,19.90,2.8028,true,1,47568
7290003185719,false,קבב רומני טיבון ויל 500 גרם,טיבון ויל אחזקות בעמ,IL,קבב רומני 500 גרם,גרמים,500.00,100 גרם,false,1,15.90,3.1800,true,1,336
7290003185726,false,קבב מזרחי טיבון ויל 500 גרם,טיבון ויל אחזקות בעמ,IL,קבב מזרחי 500 גרם,גרמים,500.00,100 גרם,false,1,15.90,3.1800,true,1,335
7290003187843,false,עגל טחון טיבון ויל 500 גרם,טיבון ויל אחזקות בעמ,IL,בשר עגל טחון 500 גר,גרמים,500.00,100 גרם,false,1,21.90,4.3800,true,1,1866
7290003189045,false,צהובה הולנדית מחיר לפי מ,צי תעשיות מזון יבנה,IL,צהובה טובה הולנדית במשקל כפיר,קילוגרמים,1.00,"ק""ג",true,,30.00,30.0000,true,1,4739
7290003189076,false,פיצרלה הצהובה הטובה מגורדת 22% כפיר 500 גרם,צי תעשיות מזון יבנה,IL,צהובה הטובה פיצרלה מגורדת 500 גרם,גרמים,500.00,100 גרם,false,1,19.90,3.9800,true,1,4407
7290003189199,false,צהובה טובה חריפה במש,צי תעשיות מזון יבנה,IL,צהובה טובה חריפה במשקל כפיר,קילוגרמים,1.00,"ק""ג",true,,30.00,30.0000,true,1,4740
7290003189267,false,הצהובה הטובה לייט קלאסית 5% כפיר 200 גרם,צי תעשיות מזון יבנה,IL,צהובה טובה קלאסית 5% 200 גרם,גרמים,200.00,100 גרם,false,1,11.90,5.9500,true,1,4481
7290003189274,false,בנוסח מעושנת גליל26%משקל,צי תעשיות מזון יבנה,IL,צהובה טובה מעושנת במשקל כפיר,קילוגרמים,1.00,"ק""ג",true,,30.00,30.0000,true,1,5562
7290003189380,false,מעדן עם שום ושמיר26%משקל,צי תעשיות מזון יבנה,IL,צהובה טובה שום שמיר במשקל כפיר,קילוגרמים,1.00,"ק""ג",true,,30.00,30.0000,true,1,4741
7290003189557,false,הצהובה הטובה לייט מעושנת 5% כפיר 200 גרם,כפיר,IL,צהובה טובה מעושנת 5% 200 גרם,גרמים,200.00,100 גרם,false,1,11.90,5.9500,true,1,4682
7290003208173,false,שמפניה רוזה לורן פרי,,,שמפניה רוזה לורן פרייה 750מל פקדון,מיליליטרים,750.00,"100 מ""ל",false,1,545.00,72.6667,true,1,11078
7290003208197,false,שמפנייה לורן פרייה חצי יבשה 750 מל אריזת,,,שמפניה חצי יבש לורן פרייה 750מל,מיליליטרים,750.00,"100 מ""ל",false,1,229.00,30.5333,true,1,11079
7290003208586,false,"וורמוט מרטיני לבן 750 מ""ל",מרטיני ורוסי,IT,יין וורמוט מרטיני ביאנקו 750 מל פיקדון,מיליליטרים,750.00,"100 מ""ל",false,1,60.00,8.0000,true,1,7594
7290003208593,false,"וורמוט-מרטיני אקסטרא דריי 750 מ""ל",מרטיני ורוסי,IT,יין מרטיני לבן יבש 750 מל פיקדון,מיליליטרים,750.00,"100 מ""ל",false,1,60.00,8.0000,true,1,7603
7290003208609,false,"וורמוט מרטיני אדום מתוק 750 מ""ל",מרטיני ורוסי,IT,יין וורמוט מרטיני רוסו 750 מל פיקדון,מיליליטרים,750.00,"100 מ""ל",false,1,60.00,8.0000,true,1,7595
7290003208647,false,"יין מבעבע מרטיני ברוט 750 מ""ל",,,יין מרטיני ברוט 750 מל פקדון,מיליליטרים,750.00,"100 מ""ל",false,1,70.00,9.3333,true,1,8244
7290003208715,false,"וורמוט מרטיני רוסטו 750 מ""ל",,,יין וורמוט מרטיני רוסטו 750 מל פיקדון,מיליליטרים,750.00,"100 מ""ל",false,1,60.00,8.0000,true,1,8240
7290003212033,false,עוגת קראנץ בטעמים 50,,,עוגת קראנץ בטעמים 500 ג אנטיקוביץ,גרמים,600.00,100 גרם,false,1,16.90,2.8167,true,1,48636
7290003219766,false,טורבול סופג לחות יעקבי,יעקובי,,טורבול מילוי שלישיה,Unknown,0.00,Unknown,false,1,39.90,0.0000,true,1,2325
7290003220458,false,מעדני המלך- פתי בר וניל 500 גרם,מגדנית הדר,IL,ביסקויט פתי בר מעדני המך 500 גרם,גרמים,500.00,100 גרם,false,12,8.90,1.7800,true,1,45683
7290003220465,false,פתי בר שוקו' מעדני המלך 500 גר',מגדנית הדר,IL,ביסקויט פתי שוקו בר מעדני המך 500 גרם,גרמים,500.00,100 גרם,false,12,8.90,1.7800,true,1,45684
7290003220588,false,"רוטה צ'ילי מתוק ללא סוכר 700 מ""ל WOK",תאי פרידה אינדסטרי ב,TH,רוטב צילי מתוק וואק ללא סוכר 700 מל,מיליליטרים,700.00,"100 מ""ל",false,1,14.90,2.1286,true,1,12448
7290003220595,false,"ווק אורז לסושי 1 ק""ג WOK","מיה תעשיות מזון בע""מ",IL,אורז לסושי ווק 1 קג,קילוגרמים,1.00,"ק""ג",false,12,11.90,11.9000,true,1,21020
7290003220649,false,שמן שומשום 100% טהור150מ,הו צ'קינג הינג אוי פ,SG,שמן שומשום 100% ווק 150 מל,מיליליטרים,150.00,"100 מ""ל",false,12,13.90,9.2667,true,1,40966
7290003220717,false,WOK אצות נורי סילבר 10 יחידות,ג'י וואן גלובול נאט,KR,אצות נורי ווק 10 יח,יחידה,10.00,יחידה,false,1,9.90,0.9900,true,1,12660
7290003220779,false,"ווק אטריות אורז עובי 3 מ""מ 400 גרם",אסיאן סופירה פודס חב,TH,מקלוני אורז 3 ממ ווק 400 גר,גרמים,400.00,100 גרם,false,1,9.90,2.4750,true,1,12658
7290003220786,false,"אטריות אורז ללא גלוטן 5 מ""מ 400 ג' WOK",אסיאן סופירה פודס חב,TH,מקלוני אורז 5 ממ ווק 400 גר,גרמים,400.00,100 גרם,false,1,9.90,2.4750,true,1,12659
7290003220939,false,אטריות אורז דקיקות ללא גלוטן 400 ג' WOK,אסיאן סופירה פודס חב,TH,מקלוני אורז ווק דקים 400 גר,גרמים,400.00,100 גרם,false,1,9.90,2.4750,true,1,12656
7290003220977,false,עוגיות חצי ירח מצופה 175 נאפה מעדני מלך,מגדנית הדר,IL,ביסקויט חצי ירח מצופה מעדני המלך 175 ג,גרמים,175.00,100 גרם,false,16,6.90,3.9429,true,1,39223
7290003224036,false,אוכמניות כחולות גולוביקה,מאמא מרי,US,אוכמניות כחולות 300 ג קפוא,גרמים,300.00,100 גרם,false,1,19.90,6.6333,true,1,6995
7290003224128,false,"כיסונים תפו""א 800 ג' מאמא מרי",מאמא מרי,IL,כיסונים תפוחי אדמה 800 ג מאמא מרי,גרמים,800.00,100 גרם,false,1,19.90,2.4875,true,1,4750
7290003224159,false,בלינצ'יס בשר 7 יחידות,מאמא מרי,IL,בלינצס בשר 7 יח מאמא מרי,Unknown,0.00,Unknown,false,1,21.90,0.0000,true,1,5079
7290003224173,false,בלינצ'יס פטריות 7 יחידות,מאמא מרי,IL,בלינצס פטריות 7 יח מאמא מרי,גרמים,420.00,100 גרם,false,1,19.90,4.7381,true,1,5080
7290003224258,false,"כיסונים במילוי בשר בקר 1.5 ק""ג",מאמא מרי,IL,קרפלך כיסוני בשר בקר 1.5קג,גרמים,1500.00,100 גרם,false,1,49.90,3.3267,true,1,36414
7290003224265,false,קרפלך כיסונים במילוי,מאמא מרי,IL,קרפלך כיסוני בשר בקר 800גר,גרמים,800.00,100 גרם,false,1,28.90,3.6125,true,1,36413
7290003224272,false,"כיסונים בשר מוסקובסקי מאמא מרי 1 ק""ג",מאמא מרי,IL,כיסוני בשר מוסקובסקי 1 קג מאמא מרי,קילוגרמים,1.00,"ק""ג",false,1,31.90,31.9000,true,1,4751
7290003224333,false,דובדבנים חמוצים מגול,מאמא מרי,IL,דובדבן חמוץ 300 ג קפוא,גרמים,300.00,100 גרם,false,1,14.90,4.9667,true,1,4657
7290003224340,false,"קלוקווא רוסי(סיבירי)300 ג""ר חמוציות",מאמא מרי,IL,חמוציות רוסי 300 גרם קפוא,גרמים,300.00,100 גרם,false,1,21.90,7.3000,true,1,4653
7290003224388,false,חמוציות קפואות מאמא,מאמא מרי,IL,חמוציות 300 ג קפוא,גרמים,300.00,100 גרם,false,1,13.90,4.6333,true,1,6994
7290003224456,false,"כיסונים בשר סיבירסקי מאמא מרי 1 ק""ג",מאמא מרי,IL,כיסוני בשר סיבירסקי 1 קג,קילוגרמים,1.00,"ק""ג",false,1,27.90,27.9000,true,1,31513
7290003224463,false,"כיסונים בשר - אוקראינסקי 1 ק""ג",מאמא מרי,,כיסוני בשר אוקראינסקי 1 קג,קילוגרמים,1.00,"ק""ג",false,1,27.90,27.9000,true,1,31514
7290003224500,false,צ'רניקה אוכמניות שחורות,מאמא מרי,,אוכמניות שחורות 300 גר קפוא,גרמים,300.00,100 גרם,false,1,21.90,7.3000,true,1,6013
7290003224555,false,פטל אדום 300 גרם,מאמא מרי,IL,פטל אדום 300 גר,גרמים,300.00,100 גרם,false,1,24.90,8.3000,true,1,5760
7290003224708,false,בלינצס בטעם גבינה מתוקה וצימוקים 400 גרם,מאמא מרי,IL,בלינצס גבינה טבעוני מתוקה וצימוקים 400גר,גרמים,400.00,100 גרם,false,1,24.90,6.2250,true,1,6012
7290003224746,false,פירות יער דמדמניות שחורות קפוא 300 גר,מאמא מרי,IL,דומדמניות שחורות 300 ג קפוא,גרמים,300.00,100 גרם,false,1,13.90,4.6333,true,1,4656
7290003224753,false,פירות יער דמדמניות אדומות 380 גר,מאמא מרי,IL,דומדמניות אדומות 300 ג קפוא,גרמים,300.00,100 גרם,false,1,13.90,4.6333,true,1,4659
7290003224784,false,בלינצ'ס עם דובדבנים 7 יחידות,מאמא מרי,IL,בלינצס דובדבנים 7 יח מאמא מרי,גרמים,420.00,100 גרם,false,1,19.90,4.7381,true,1,6011
7290003224807,false,פירות יער אוכמניות 300 גר,מאמא מרי,IL,אוכמניות אדומות 300 ג קפוא,גרמים,300.00,100 גרם,false,1,19.90,6.6333,true,1,4658
7290003224845,false,"כיסונים תפו""א ופטריות VEGAN 800 גרם","מאמא מרי בע""\מ",IL,קרפלוני תפוחי אדמה ופטריות 800גר,גרמים,800.00,100 גרם,false,1,21.90,2.7375,true,1,28891
7290003224944,false,אוכמניות צהובות 300 גר,מאמא מרי,IL,אוכמניות צהובות 300 גרם קפוא מאמא מרי,גרמים,300.00,100 גרם,false,1,19.90,6.6333,true,1,7874
7290003229109,false,פסטרמה הודו בפפריקה טירת צבי 400 גרם,הנסיך- מפעל לייצור ט,IL,פסטרמה בפפריקה 400 ג,גרמים,400.00,100 גרם,false,1,29.90,7.4750,true,1,3346
7290003229116,false,פסטרמה הודו בדבש שומן טירת צבי 400 גרם,הנסיך- מפעל לייצור ט,IL,פסטרמה בדבש 400 ג,גרמים,400.00,100 גרם,false,1,29.90,7.4750,true,1,3347
7290003229123,false,פסטרמה הודו על גחלים 2% טירת צבי 400 גרם,הנסיך- מפעל לייצור ט,IL,פסטרמה על גחלים 400 ג,גרמים,400.00,100 גרם,false,1,29.90,7.4750,true,1,3348
7290003229147,false,נקניק סלמי איטלקי מעושן טירת צבי 300 גרם,הנסיך- מפעל לייצור ט,IL,נקניק סלמי איטלקי 300 ג,גרמים,300.00,100 גרם,false,1,27.90,9.3000,true,1,3351
7290003229154,false,נקניק סלמי קוניאק טירת צבי 300 גרם,הנסיך- מפעל לייצור ט,IL,נקניק סלמי קוניאק מובחר 300 ג,גרמים,300.00,100 גרם,false,1,27.90,9.3000,true,1,3350
7290003229192,false,נקניק כתף בקר מעושן 2% טירת צבי 400 גרם,טיב טירת צבי 2000,IL,כתף בקר מעושן 400 ג,גרמים,400.00,100 גרם,false,1,29.90,7.4750,true,1,3349
7290003229208,false,פסטרמה ספרדית 2% טירת צבי 360 גרם,טירת צבי - מדף,IL,פסטרמה ספרדית 360 ג,גרמים,360.00,100 גרם,false,1,29.90,8.3056,true,1,4441
7290003229215,false,פסטרמה איטלקית 3.5% טירת צבי 360 גרם,טירת צבי - מדף,IL,פסטרמה איטלקית 360 ג,גרמים,360.00,100 גרם,false,1,29.90,8.3056,true,1,4440
7290003229222,false,נקניק סלמי תה טירת צבי 300 גרם,הנסיך- מפעל לייצור ט,IL,נקניק סלמי תה משובח 300 גר,גרמים,300.00,100 גרם,false,1,22.90,7.6333,true,1,7762
7290003310555,false,"מאגדת טילון קרם עוגיות 4*100 מ""ל בן וג'ירי",מוצרי איכות אמריקאיים,IL,מאגדת 4יח טילון קרם עוגיות בן אנד גריס,גרמים,440.00,100 גרם,false,1,24.90,5.6591,true,1,3003
7290003321155,false,יוגורט בר עם פקאן מצופה שוקולד 183 ג' דנונה,"שטראוס בריאות בע""\מ",IL,יוגורט דנונה בר פקאן קראנצ 183 גרם,גרמים,183.00,100 גרם,false,1,4.70,2.5683,true,1,1227
7290003321292,false,גבינה לבנה 9% שומן 250 ג' שטראוס,מיוצר עי קונדיטוריית,IL,גבינה 9% למריחה סקי 250 גר,גרמים,250.00,100 גרם,false,1,5.10,2.0400,true,1,1277
7290003364008,false,מטקות חלולות בתיק PVC/ צעצועי דורון קב 8,צעצועי דורון,,משחק פעילות מיוחדת,Unknown,0.00,Unknown,false,1,49.90,0.0000,true,1,28621
7290003364039,false,משחק פעילות מיוחד,General,CN,גלגל ים פלמינגו,יחידה,1.00,יחידה,false,1,69.90,69.9000,true,1,38771
7290003364107,false,צעצועים שונים 7,General,,סט כלים,Unknown,0.00,Unknown,false,1,39.90,0.0000,true,1,31899
7290003364398,false,כלי תחבורה מיוחד,General,CN,כלי תחבורה מס 8,Unknown,0.00,Unknown,false,1,49.90,0.0000,true,1,30429
7290003364428,false,בובה מיוחדת קבוצה 8,צעצועי דורון,,בובה מיוחדת קבוצה 8,Unknown,0.00,Unknown,false,1,49.90,0.0000,true,1,1376
7290003364978,false,בייבליידס בקופסה.,,CN,סביבוני בליידס,יחידה,1.00,יחידה,false,1,49.90,49.9000,true,1,45446
7290003387205,false,דאו' ספיד סטיק בסיסי ירוק רגיל לגבר 63ג',הנסיך- מפעל לייצור ט,US,דאו.ספיד סטיק רגיל בסיסי ירוק,Unknown,0.00,Unknown,false,1,15.90,0.0000,true,1,858
7290003387410,false,שלישיית פדים להסרת איפור בלונס 80 יחידות,ספטונה,GR,פדים להסרת איפור בלונס שלישיה,Unknown,0.00,Unknown,false,1,21.90,0.0000,true,1,1838
7290003400500,false,חטיף הרשי ריזס נאטרייגיס 47 גרם,ליימן מותגים,US,חטיף קרמל ובוטנים מצופה47גר הרשי,Unknown,0.00,Unknown,false,1,4.90,0.0000,true,1,11303
7290003401369,false,"קרם לחות לשיער חוחובה נטורל פורמולה 400 מ""ל",מיוצר עי אמיליה קוסמ,IL,קרם לחות קלאסי חוחובה סגול400מל,מיליליטרים,400.00,"100 מ""ל",false,1,19.90,4.9750,true,1,249
7290003401376,false,"קרם לחות ועיצוב לשיער אלוורה נטורל 400 מ""ל",מיוצר עי אמיליה קוסמ,IL,קרם לחות קלאסי אלוורה ירוק 400 מל,מיליליטרים,400.00,"100 מ""ל",false,1,19.90,4.9750,true,1,248
7290003401420,false,"קרם לחות לשיער סיליקון כתום נטורל 400 מ""ל",מיוצר עי אמיליה קוסמ,IL,קרם לחות קלאסי סיליקון כתום400 מל.,מיליליטרים,400.00,"100 מ""ל",false,1,19.90,4.9750,true,1,247
7290003401635,false,נטורל פורמולה לחות מעצבת לפתיחת תלתלים,מיוצר עי אמיליה קוסמ,IL,קרם לחות ברגע לריכוך תלתלים 400 מל גו,מיליליטרים,400.00,"100 מ""ל",false,1,24.90,6.2250,true,1,330
7290003401642,false,"קרם לחות לתלתלים טבעיים נטורל פורמולה 400 מ""ל",מיוצר עי אמיליה קוסמ,IL,קרם לחות ברגע להחלקת שיער 400 מל גו,מיליליטרים,400.00,"100 מ""ל",false,1,24.90,6.2250,true,1,329
7290003402809,false,חטיף הרשי ריזס שוקולד לבן 39 גר,ליימן מותגים,US,חטיף שוקולד הרשי ריסז לבן42גר,Unknown,0.00,Unknown,false,1,4.00,0.0000,true,1,27457
7290003411054,false,שקיות צליה גדול דליקטס רוסטי הנמל 5יח`,סאדאת איסטנבול,TR,שקי.צליה דליקטס גדול 5 יח,Unknown,0.00,Unknown,false,1,5.00,0.0000,true,1,87
7290003411276,false,עמבה הודית מובחרת הנמל 600ג',טרופיקל דגיל תעשיות,IL,עמבה פרי הודית 500 גר,גרמים,500.00,100 גרם,false,1,10.90,2.1800,true,1,560
7290003411313,false,מפת אל בד מעורב צבעים 120X180 הנמל משובחת,שיווק: הנמל אריזות ושיוו,IL,מפות על בד,Unknown,0.00,Unknown,false,1,7.50,0.0000,true,1,870
7290003411405,false,נר נשמה להבית 24 שעות,מיוצר בסין.יבוא ושיו,CN,נר נשמה להבית,Unknown,0.00,Unknown,false,1,2.50,0.0000,true,1,13031
7290003411528,false,מלית קינמון פוליבה 450 גרם,"פוליבה בע""מ",IL,מלית קינמון למילוי 450 גרם,גרמים,450.00,100 גרם,false,1,11.90,2.6444,true,1,7199
7290003411566,false,צמרוני עץ הנמל 200 יחידות,שוורצקוף& הנקל דיסלד,CN,צמרונים אוזניים מעץ 200 יח,יחידה,200.00,יחידה,false,1,2.50,0.0125,true,1,4573
7290003411573,false,צלחות עמוקות לבן 30 יחידות,אריזות מדף - פלזית,IL,צלחות עמוקות 30 יח,יחידה,30.00,יחידה,false,1,19.90,0.6633,true,1,308
7290003411689,false,ליפתניות לבן 25 יחידות,הנמל אריזות ושיווק ב,IL,צלחות ליפתן לבן 25 יח,Unknown,0.00,Unknown,false,1,6.90,0.0000,true,1,307
7290003411696,false,"מרקיות לבן ח""פ הנמל 25 יח'",פלסטכים תורכיה,IL,מרקיות לבן 25 יח,יחידה,25.00,יחידה,false,1,10.90,0.4360,true,1,716
7290003411702,false,חומוס ענק הנמל 500 ג,יבוא ושיווק: הנמל אר,IL,חומוס ענק 500 גר,גרמים,500.00,100 גרם,false,1,10.90,2.1800,true,1,2888
7290003411726,false,קיסמי שיניים מלחיה הנמל 300יח',הנמל אריזות ושיווק בעמ,IL,קסמי שיניים מלחיה 300 יח,Unknown,0.00,Unknown,false,1,3.70,0.0000,true,1,208
7290003411832,false,גרנולה אגוזים 400 ג' הנמל,הנמל/ שבולת בשדה,IL,גרנולה אגוזים 400 גרם,גרמים,400.00,100 גרם,false,1,11.90,2.9750,true,1,1302
7290003411849,false,גרנולה תמרים ושקדים 400 ג',הנמל/ שבולת בשדה,IL,גרנולה תמרים 400 גרם,גרמים,400.00,100 גרם,false,1,11.90,2.9750,true,1,1128
7290003411856,false,גרנולה קינמון+ תפוח עץ 400 גרם,הנמל,IL,גרנולה קינמון 400 גרם,גרמים,400.00,100 גרם,false,1,11.90,2.9750,true,1,1126
7290003411993,false,גפרורים הנמל 10 יחידות,"איטיליאן פוד, אס.פי.",SE,גפרורים 10 יח הנמל,Unknown,0.00,Unknown,false,1,3.20,0.0000,true,1,1298
7290003414406,false,הרשי ריזס נטיפי אפייה בוטנים 283 גר',ליימן מותגים,US,נטיפי ריזס הרשי לאפיה 283 גר,גרמים,283.00,100 גרם,false,1,15.00,5.3004,true,1,13599
7290003423909,false,חטיף קוקיס אנד קרים לבן 43 גרם,ליימן מותגים,US,חטיף שוקולד לבן עם עוגיות43גר הרשי,Unknown,0.00,Unknown,false,1,5.00,0.0000,true,1,6751
7290003427154,false,"שמן זית כתית מעולה טעם מעודן זיתא 750 מ""ל",זיתא תעשיות שמן זיתt\,IL,שמן זית זיתא כתית מעולה 750 מל,מיליליטרים,750.00,"100 מ""ל",false,1,32.90,4.3867,true,1,178
7290003434664,false,ביס בר דגנים מלאים בשוקולד 120 גרם,תות ממתקי איכות,IL,חטיף ביס בר דגנים שוקולד מריר 120גר,גרמים,120.00,100 גרם,false,1,14.90,12.4167,true,1,35132
7290003438006,false,ממרח אולביה פסטו וצנובר איטלקי 190ג',מיוצר עי קונדיטוריית,IL,ממרח פסטו איטלקי 180 ג אוליביה,גרמים,180.00,100 גרם,false,1,13.90,7.7222,true,1,839
7290003438013,false,ממרח זיתים ירוקים אוליביה 190 גרם,קריות זול,IL,ממרח זיתים ירוקים 190 גר אוליביה,גרמים,190.00,100 גרם,false,1,13.90,7.3158,true,1,832
7290003438020,false,ממרח עגבניות מיובשות אוליביה 190 גרם,מיוצר עי קונדיטוריית,IL,ממרח עגבניות עם אגוזים 190 ג אוליביה,גרמים,190.00,100 גרם,false,1,13.90,7.3158,true,1,836
7290003438709,false,ממרח אולביה זיתים שחורים וירוקים 190 ג',גוד פוד פרודקטס S.p,IL,ממרח זיתים שחורים 190 ג אוליביה,גרמים,190.00,100 גרם,false,1,13.90,7.3158,true,1,833
7290003438853,false,אוליביה ממרח אריסה חריפה 185 גר ',אוליביה,IL,ממרח אריסה אוליביה 180 גר,גרמים,180.00,100 גרם,false,1,13.90,7.7222,true,1,13594
7290003438990,false,עיטורי עגבניות מיובשות וזיתים אוליביה 280 ג',אוליביה גורמה בעמ,IL,עיטורי עגבניות אוליביה 220 ג,גרמים,220.00,100 גרם,false,1,17.90,8.1364,true,1,551
7290003444009,false,הרשי ריזס חטיף במילוי בוטנים 42 גרם,ליימן מותגים,US,חטיף שוקולד הרשי ריסז רגיל42גר,Unknown,0.00,Unknown,false,1,4.00,0.0000,true,1,11299
7290003450602,false,חרדל אמיתי צהוב בקבוק לחיץ 255 גר,היינץ צפון אמריקה מקבוצת ה.י.היינץ,US,חרדל היינץ לחיץ 255 גרם,גרמים,255.00,100 גרם,false,1,11.00,4.3137,true,1,1092
7290003450725,false,חומץ היינץ בן יין אד,ה.י.היינץ קומפני ל.פ,US,חומץ היינץ בן יין 355 מל,מיליליטרים,355.00,"100 מ""ל",false,1,12.90,3.6338,true,1,1051
7290003457991,false,טילון קורנטו וניל עם וופל ואגוזי לוז מסוכרים,"גלידת שטראוס בע""\מ, רחוב",IL,מאגדת קורנטו קלאסיק 6 יח,גרמים,360.00,100 גרם,false,1,34.90,9.6944,true,1,392
7290003520572,false,מטריות חרובים שקית בודד (בשרוול 6 שקיות),תופינית,,מארז 6 יח מטריות חרוב 45 גר,Unknown,0.00,Unknown,false,1,16.90,0.0000,true,1,17773
7290003521166,false,"ד""ר פישר - סרקל קרם רוזמרין לילדים 325 מ""ל",פישר מעבדות פרמצבטיות בע,IL,קרם רוזמרין סרקל 325 מל,מיליליטרים,325.00,"100 מ""ל",false,1,27.90,8.5846,true,1,4141
7290003521197,false,"ד""ר פישר - סרקל תרסיס מתיר קשרים 340 מ""ל",פישר מעבדות פרמצבטיות בע,IL,מתיר קשרים סרקל 340 מל,מיליליטרים,340.00,"100 מ""ל",false,1,27.90,8.2059,true,1,4174
7290003521760,false,"אפטרסול ג'ל אלוורה שפורפרת ד""ר פישר 200 מ""ל",פישר מעבדות פרמצבטיות בע,IL,גל אלוורה אפטרסול 200 מל שפופרת,מיליליטרים,200.00,"100 מ""ל",false,1,19.90,9.9500,true,1,5945
7290003522606,false,פארמה וויפס מגבונים אנטי-בקטריאליים 160,"ד""ר פישר Dr fischer",IL,מגבוני פארמה וויפס לניקוי משטחים 160יח,יחידה,160.00,יחידה,false,1,24.90,0.1556,true,1,15100
7290003524297,false,אספרגוס לבן שלם בצנצנת ויליגר 330 גרם,צ'אמפהאוס טרידייג קו,CN,אספרגוס לבן שלם 370 גרם,גרמים,330.00,100 גרם,false,1,11.90,3.6061,true,1,1343
7290003525898,false,שלישיית סלט טונה ויליגר 160 גרם,נטו מלינדה,,מארז 3 יח סלט טונה ויליגר 160 גר,גרמים,480.00,100 גרם,false,1,15.90,3.3125,true,1,5479
7290003526444,false,אננס חתוך ויליגר 565 גרם,,,לפתן אננס חתוך ויליגר 565 גרם,גרמים,565.00,100 גרם,false,24,6.50,1.1504,true,1,51004
7290003526864,false,פטריות שמפניון חתוכות ויליגר 290 גרם,פרנסשמפניון,IL,פטריות חתוך ויליגר 290 גרם,גרמים,290.00,100 גרם,false,1,4.50,1.5517,true,1,1985
7290003526871,false,שלישיית פטריות חתוכות 290X3 גרם,פרנסשמפניון,FR,מארז 3 יח פטריות חתוך 290 גר,גרמים,870.00,100 גרם,false,1,11.90,1.3678,true,1,6901
7290003527380,false,דובדבן ללא חרצן בצנצנת ויליגר 680 גרם,גולדסטארקפט,,לפתן דובדבן ללא חרצן 680 גר ויליגר,גרמים,680.00,100 גרם,false,1,10.90,1.6029,true,1,4470
7290003550753,false,רביעיית טונה בשמן פוסידון 108 גרם,"מיוצר עי וליגר בעמ,",IL,מארז 4 יח טונה בשמן פוסידון 108 גר,גרמים,432.00,100 גרם,false,1,19.90,4.6065,true,1,10709
7290003550937,false,רגל פרוסה קפואה במגש,טיבון ויל - נטו,IL,רגל פרוסה קפואה במגש,קילוגרמים,1.00,"ק""ג",true,,34.00,34.0000,true,1,4696
7290003561032,false,בונז'ור בייגל רול דגנים 130ג',בונז'ור,,בייגל רול דגנים,גרמים,130.00,100 גרם,false,1,4.50,3.4615,true,1,4241
7290003578108,false,חתיכות אננס בסירופ קל וילי פוד 850 גרם,טקרנג פינאפל אינדסטר,TH,לפתן אננס חתוך ויליפוד 850 גרם,גרמים,850.00,100 גרם,false,1,9.90,1.1647,true,1,1338
7290003578177,false,תירס צעיר שלם וילי פוד 210 גרם,מגסטיק פוד אידסטרי ק,TH,תירס גמדי 410 גרם,גרמים,410.00,100 גרם,false,1,7.90,1.9268,true,1,1475
7290003578412,false,לפתן חצאי אפרסק 820 גרם ויליפוד,וילי פוד,GR,לפתן חצאי אפרסק ויליפוד 820 גר,גרמים,820.00,100 גרם,false,1,9.90,1.2073,true,1,1086
7290003578672,false,ויליפוד שמן חמניות 1 ליטר{בית יוסף},וילי פוד,TR,שמן חמניות 1 ליטר ויליפוד,ליטרים,1.00,ליטר,false,1,11.90,11.9000,true,1,180
7290003643004,false,"סוגת אורז בסמטי קלאסי 1 ק""ג",האי נאם סי או אל.טי.,IL,אורז בסמטי קלאסי 1 קג סוגת,קילוגרמים,1.00,"ק""ג",false,1,13.90,13.9000,true,1,1314
7290003643158,false,קורנפולר שקית 200 ג' סוגת,המאפיה של הרמן,IL,קורנפלור 200 גר סוגת,גרמים,200.00,100 גרם,false,1,3.00,1.5000,true,1,4981
7290003643165,false,סוגת קורנפלור 500 גרם,"י. כהן בע""מ",IL,קורנפלור 500 גר סוגת,גרמים,500.00,100 גרם,false,1,5.90,1.1800,true,1,4982
7290003643325,false,קוסקוס בינוני סוגת 350 גרם,"אסיף תעשיות מזון בע""\מ",IL,קוסקוס בינוני 350 גר סוגת,גרמים,350.00,100 גרם,false,1,5.50,1.5714,true,1,4339
7290003643387,false,"סוכר לבן בצנצנת 1 ק""ג סוגת",האי נאם סי או אל.טי.,IL,סוכר לבן 1 קג צנצנת סוגת,קילוגרמים,1.00,"ק""ג",false,1,9.90,9.9000,true,1,608
7290003643646,false,"סוכר דמררה קלאסי בצנצנת סוגת 1 ק""ג",האי נאם סי או אל.טי.,IL,סוכר חום דמררה צנצנת 1 קג סוגת,קילוגרמים,1.00,"ק""ג",false,1,12.90,12.9000,true,1,610
7290003643684,false,אפונה יבשה סוגת 500 גר',האי נאם סי או אל.טי.,IL,אפונה סוגת 500 גרם,גרמים,500.00,100 גרם,false,1,6.90,1.3800,true,1,1901
7290003643714,false,חומוס גרגירים 500 גרם סוגת,האי נאם סי או אל.טי.,IL,חומוס סוגת 500 גרם,גרמים,500.00,100 גרם,false,1,8.90,1.7800,true,1,1896
7290003643738,false,סוגת חיטה 500 גרם,האי נאם סי או אל.טי.,IL,חיטה סוגת 500 גרם,גרמים,500.00,100 גרם,false,1,6.00,1.2000,true,1,1903
7290003643745,false,סוגת כוסמת 500 גרם,האי נאם סי או אל.טי.,IL,כוסמת סוגת 500 גרם,גרמים,500.00,100 גרם,false,1,7.90,1.5800,true,1,1904
7290003643752,false,עדשים ירוקים יבש סוגת 500 גר',האי נאם סי או אל.טי.,IL,עדשים ירוקים סוגת 500 גרם,גרמים,500.00,100 גרם,false,1,7.90,1.5800,true,1,1900
7290003643769,false,עדשים אדומים יבש סוגת 500 גר',"סוגת תעשיות בע""\מ",IL,עדשים אדומים סוגת 500 גרם,גרמים,500.00,100 גרם,false,1,7.90,1.5800,true,1,2231
7290003643776,false,"פופקורן גרעינים סוגת 500 ג' כשל""פ",האי נאם סי או אל.טי.,IL,פופקורן סוגת 500 גרם,גרמים,500.00,100 גרם,false,1,5.90,1.1800,true,1,1897
7290003643783,false,קוקוס טחון סוגת 100 גרם,האי נאם סי או אל.טי.,IL,קוקוס סוגת 100 גרם,גרמים,100.00,100 גרם,false,1,4.50,4.5000,true,1,1906
7290003643806,false,שעועית לבנה יבשה סוגת 500 ג',האי נאם סי או אל.טי.,IL,שעועית לבנה סוגת 500 גרם,גרמים,500.00,100 גרם,false,1,11.90,2.3800,true,1,1899
7290003643813,false,שעועית אדומה יבשה סוגת 500 גר',האי נאם סי או אל.טי.,IL,שעועית אדומה 500 ג סוגת,גרמים,500.00,100 גרם,false,1,12.90,2.5800,true,1,1898
7290003643820,false,חומוס ענק יבש סוגת 500 גרם,"סוגת תעשיות בע""\מ",IL,חומוס ענק 500 ג סוגת,גרמים,500.00,100 גרם,false,1,11.90,2.3800,true,1,3332
7290003648207,false,פילה הרינג בשמן בסגנ,"סלטי שמיר 2006 בע""מ",IL,דג מטיאס הולנדי בשמן במשקל,קילוגרמים,1.00,"ק""ג",true,,64.90,64.9000,true,1,37581
7290003680221,false,מסננת מרובעת קליק,,,מסננת מרובעת קליק,יחידה,1.00,יחידה,false,1,11.90,11.9000,true,1,36249
7290003703173,false,בונז'ור לחמנית כריך ג'בטה 150ג',בונז'ור,,כריך גבטה,גרמים,150.00,100 גרם,false,1,4.50,3.0000,true,1,4760
7290003706181,false,דלעת חתוכה ארוזה,,,דלעת חתוכה,קילוגרמים,1.00,"ק""ג",true,,11.90,11.9000,true,1,10710
7290003713295,false,טורטיה קפוא מתירס 12,"דוידוב סלמון בע""מ",IL,טורטיה קפוא מתירס 12סמ15יח300גר,גרמים,300.00,100 גרם,false,1,28.90,9.6333,true,1,24754
7290003713929,false,טרס פסוס סלסה פהיטה,"דוידוב סלמון בע""מ",IL,סלסה פהיטה 200 גרם,גרמים,200.00,100 גרם,false,24,16.90,8.4500,true,1,24703
7290003713936,false,"סלסה חלפניו ליים 275 מ""ל","דוידוב סלמון בע""מ",IL,סלסה חלפניו ליים 275 מל,מיליליטרים,275.00,"100 מ""ל",false,24,34.90,12.6909,true,1,24698
7290003713943,false,טרס פסוס מחית צפטולה,"דוידוב סלמון בע""מ",IL,מחית ציפוטלה 200 גרם,גרמים,200.00,100 גרם,false,24,19.90,9.9500,true,1,24694
7290003713950,false,טרס פסוס סלסה מקסיקנ,"דוידוב סלמון בע""מ",IL,סלסה מקסיקנית 200 גרם,גרמים,200.00,100 גרם,false,24,16.90,8.4500,true,1,24702
7290003726141,false,טופו משק גאיה גד 300 גרם,ג'נרל מילס סאן אדריא,IL,טופו משק גאיה 300 גרם,גרמים,300.00,100 גרם,false,1,14.90,4.9667,true,1,2802
7290003726592,false,טופו מתובל בפסטו במרקם קלאסי,"משק ויילר בע""\מ",IL,טופו ויילר בטעם פסטו 300גר,גרמים,300.00,100 גרם,false,5,13.90,4.6333,true,1,28485
7290003726615,false,"טופו ויילר 300 גרם ""שטראוס""",הדקלאים אגודת שיתופי,IL,טופו ויילר במרקם קשה 300גר,גרמים,300.00,100 גרם,false,10,13.90,4.6333,true,1,28484
7290003726745,false,קציצות טופו עם סלק משק ויילר 400 גר,משק ויילר,IL,קציצות טופו עם סלק 400גר משק ויילר,גרמים,400.00,100 גרם,false,1,25.90,6.4750,true,1,50478
7290003726752,false,קציצות טופו עם ברוקולי קישוא ואפונת גינה 400 גרם - משק ויילר,משק ויילר,IL,קציצות טופו ברוקולי קישוא אפונה 400גר,גרמים,400.00,100 גרם,false,1,25.90,6.4750,true,1,50477
7290003726769,false,קציצות טופו בטטה וגזר משק ווילר 400 גר,משק ויילר,IL,קציצות טופו בטטה גזר 400גר ויילר,גרמים,400.00,100 גרם,false,1,25.90,6.4750,true,1,50476
7290003726776,false,שניצל טופו טעם עוף 420 גר,"פרה מזון בע""\מ",IL,שניצל טופו בטעם עוף 420גר משק ויילר,גרמים,420.00,100 גרם,false,1,27.90,6.6429,true,1,50479
7290003726783,false,שניצל טופו עם תירס 420 גר,"פרה מזון בע""\מ",IL,שניצל טופו עם תירס 420גר משק ויילר,גרמים,420.00,100 גרם,false,1,27.90,6.6429,true,1,50482
7290003726790,false,שניצל טופו טעם פיקנטי 420 גר,"פרה מזון בע""\מ",IL,שניצל טופו טעם פיקנטי 420גר משק ויילר,גרמים,420.00,100 גרם,false,1,27.90,6.6429,true,1,50480
7290003726806,false,שניצל טופו עם ברוקולי 420 גר,משק ויילר,IL,שניצל טופו וברוקולי 420גר משק ויילר,גרמים,420.00,100 גרם,false,1,27.90,6.6429,true,1,50481
7290003726868,false,טופו חומוס בתוספת עגבניות מיובשות 300 ג' משק ויילר,"משק ויילר בע""\מ",IL,טופו חומוס עם עגבניות מיובשות300גר ויילר,גרמים,300.00,100 גרם,false,5,14.90,4.9667,true,1,47227
7290003726875,false,טופו חומוס בתוספת פסטו 300 ג' משק ויילר,"משק ויילר בע""\מ",IL,טופו חומוס עם פסטו 300גר משק ויילר,גרמים,300.00,100 גרם,false,5,14.90,4.9667,true,1,47228
7290003744848,false,אובלטים גריל ברביקיו,,,אובלטים גריל 300 גר,גרמים,300.00,100 גרם,false,1,10.90,3.6333,true,1,6263
7290003752232,false,יין סוביניון בלאן סל,,,יין סוביניון בלאן סלוקיה 750,מיליליטרים,750.00,"100 מ""ל",false,1,80.00,10.6667,true,1,34717
7290003752249,false,יין מרלו סלוקיה 750,,,יין מרלו סלוקיה 750 מל,מיליליטרים,750.00,"100 מ""ל",false,1,80.00,10.6667,true,1,34715
7290003778034,false,תמרים ללא חרצנים 500 גרם,"דין שיווק וקלייה בע""",IL,תמר כבוש שקדיה 500 גרם,גרמים,500.00,100 גרם,false,1,14.90,2.9800,true,1,1490
7290003781652,false,צלפים במי מלח וילי פוד 230 גרם,קריות זול,TR,צלפים במלח 350 גרם,גרמים,350.00,100 גרם,false,1,9.90,2.8286,true,1,27090
7290003804252,false,תיבולית קנור בנוסח הודי 72 גרם,יוניליוור ישראל מזון בע\,IL,תיבולית נוסח הודי 80 גרם,Unknown,0.00,Unknown,false,1,10.90,0.0000,true,1,1419
7290003804320,false,תיבולית שום ופטרוזיליה קנור 72 גרם,יוניליוור ישראל מזון בע\,IL,תיבולית שום פטרוזיליה 72 גרם,Unknown,0.00,Unknown,false,1,10.90,0.0000,true,1,1422
7290003804368,false,"תיבוליות בזיליקום קנור 72 גרם בד""צ",יוניליוור ישראל מזון בע\,IL,תיבולית בזילקום 72 גרם,Unknown,0.00,Unknown,false,1,10.90,0.0000,true,1,2
7290003804382,false,"תיבוליות פטריות קנור 72 גרם בד""צ",יוניליוור ישראל מזון בע\,IL,תיבולית פטריות 72 גרם,Unknown,0.00,Unknown,false,1,10.90,0.0000,true,1,1421
7290003805501,false,"פתית שוודי חסכוני בד""צ 300 גרם",יוניליוור ישראל מזון בע\,IL,פתית שבדי חסכוני 300 גרם,גרמים,300.00,100 גרם,false,1,16.90,5.6333,true,1,291
7290003805587,false,"פתית חיטה מלאה בד""צ 250 גרם-קופסא",יוניליוור ישראל מזון בע\,IL,פתית חיטה מלאה 250 גר שפע בדץ,גרמים,250.00,100 גרם,false,1,16.90,6.7600,true,1,290
7290003807178,false,"רוטב קנור סויה בסגנון סיני 300 מ""ל",יוניליוור ישראל מזון בע\,IL,רוטב קנור סויה סגנון סיני 300 מל,מיליליטרים,300.00,"100 מ""ל",false,1,12.90,4.3000,true,1,5397
7290003807482,false,קנור רוטב טריאקי מופחת נתרן 370 גרם,יוניליוור ישראל מזון בע\,IL,רוטב קנור טריאקי 300 מל,מיליליטרים,300.00,"100 מ""ל",false,1,12.90,4.3000,true,1,5398
7290003821754,false,סלמון נורבגי מעושן קפוא,"ויליגר, תעשיות בע""מ",IL,סלמון מעושן קפוא 100 גרם,גרמים,100.00,100 גרם,false,1,17.90,17.9000,true,1,662
7290003864478,false,סרדינים בשמן צמחי פתח קל ויליפוד 110 גרם,גולדן פרייז קאנינג א,TH,סרדין בשמן צמחי 110 גרם,גרמים,110.00,100 גרם,false,1,5.90,5.3636,true,1,526
7290003864485,false,סרדינים ברוטב עגבנ יות ויליפוד 110ג' פתח קל,גולדן פרייז קאנינג א,TH,סרדין ברוטב עגבניות 110 גרם,גרמים,110.00,100 גרם,false,1,5.90,5.3636,true,1,525
7290003864492,false,סרדינים בשמן צמחי חריף פתח קל ויליפוד 110ג',גולדן פרייז קאנינג א,TH,סרדין בשמן צמחי חריף 110 גרם,גרמים,110.00,100 גרם,false,1,5.90,5.3636,true,1,528
7290003882922,false,עלי גפן ממולאים באורז וילי פוד 360 גרם,הזה פלאקספו פוד קו ב,CN,עלי גפן ממולאים 400 גרם,גרמים,400.00,100 גרם,false,1,9.90,2.4750,true,1,555
7290003903771,false,קפה נמס קפוצ'ינו רגיל 200 ג',שטראס קפה בי.וי,IL,קפה נמס קפוצינו רגיל 200 גרם,גרמים,200.00,100 גרם,false,1,24.90,12.4500,true,1,220
7290003976003,false,אקופרינד-ניקוי אסלות 750 מל,אקופרנד,IL,נוזל אסלות אקולוגי 750מל אקופרנד,מיליליטרים,750.00,"100 מ""ל",false,1,15.90,2.1200,true,1,47376
7290003976010,false,מרכך כביסה לבנדר 4 ליטר,אקופרנד,IL,מרכך כביסה 4ליטר אקולוגי אקופרנד,ליטרים,4.00,ליטר,false,1,29.90,7.4750,true,1,47377
7290003976027,false,מרכך כביסה פריחת עמק 4 ל,אקופרנד,IL,מרכך כביסה 4ל אקולוגי פריחת העמק אקופרנד,ליטרים,4.00,ליטר,false,1,29.90,7.4750,true,1,47378
7290003976034,false,אקופרנד מרכך כביסה חבצלת 4 ל נטורפוד,אקופרנד,IL,מרכך כביסה 4ליטר אקולוגי חבצלות אקופרנד,ליטרים,4.00,ליטר,false,1,29.90,7.4750,true,1,47379
7290003976041,false,מרכך כביסה מרוכז 1לי,אקופרנד,,מרכך כביסה מרוכז 1ליטר אקולוגי פריחת עמק,ליטרים,1.00,ליטר,false,1,19.90,19.9000,true,1,47383
7290003976058,false,אקופרינד-מרכך כביסה חבצלות מרוכז,אקופרנד,IL,מרכך כביסה מרוכז 1ליטר אקולוגי חבצלות,ליטרים,1.00,ליטר,false,1,19.90,19.9000,true,1,47384
7290003976072,false,מרכך כביסה מרוכז 1לי,אקופרנד,,מרכך כביסה מרוכז 1ליטר אקולוגי מאסק,ליטרים,1.00,ליטר,false,1,19.90,19.9000,true,1,47386
7290003976096,false,אקופרינד-גל כביסה מרוכז 1 ליטר,אקופרנד,IL,גל כביסה מרוכז 1ליטר אקולוגי אקופרנד,ליטרים,1.00,ליטר,false,1,22.90,22.9000,true,1,31338
7290003976119,false,אקופרנד נוזל כלים לבנדר ללא 750SLS מל,אקופרנד,IL,נוזל כלים 1ליטר לבנדר אקולוגי אקופרנד,ליטרים,1.00,ליטר,false,1,13.90,13.9000,true,1,47387
7290003976126,false,נוזל כלים לימון אלוורה ללא 750 SLS מל,אקופרנד,IL,נוזל כלים 1ליטר לימון אלוורה אקולוגי אקו,ליטרים,1.00,ליטר,false,1,13.90,13.9000,true,1,47388
7290003976331,false,"אקופרנד מחטא רב תכליתי 750 מ""ל",אקופרנד,IL,מחטא רב תכליתי 750מל אקולוגי אקופרנד,מיליליטרים,750.00,"100 מ""ל",false,1,14.90,1.9867,true,1,47389
7290003989539,false,לורנצו רביולי במילוי גבינה,מיוצר עי קונדיטוריית,IL,פסטה רביולי גבינה 400 גרם,גרמים,400.00,100 גרם,false,1,19.90,4.9750,true,1,269
7290003989553,false,פסטה טורטליני גבינה ופטריות 400 גרם,מיוצר עי קונדיטוריית,IL,פסטה טורטלוני פטריות וגבינה 400 גרם,גרמים,400.00,100 גרם,false,1,19.90,4.9750,true,1,1141
7290004011277,false,"בסיס לבישול והקרמה צמחי ריצ' 220 מ""ל","אינסטנטה בע""מ",IL,שמנת לבישול והקרמה ריץ 220 מל,מיליליטרים,220.00,"100 מ""ל",false,1,8.90,4.0455,true,1,7188
7290004011284,false,ריצ בסיס להכנת קצפת 25% 212מל,ריצ' פרודקטס קורפריי,US,שמנת להקצפה ריץ 212 מל,מיליליטרים,212.00,"100 מ""ל",false,1,7.90,3.7264,true,1,7185
7290004011291,false,"קצפת ריץ' בסיס קרטונית 425 מ""ל",ריצ' פרודקטס קורפורי,US,קצפת להקצפה ריץ 425 מל,מיליליטרים,425.00,"100 מ""ל",false,1,10.90,2.5647,true,1,7186
7290004011338,false,"ספריי קצפת מתוקה מוכנה ריץ' 250 מ""ל",האי נאם סי או אל.טי.,IT,קצפת מוכנה ריץ 250גר,גרמים,250.00,100 גרם,false,1,11.90,4.7600,true,1,7189
7290004011345,false,"ספריי קצפת מתוקה מוכנה פרווה ריץ' 238 מ""ל",האי נאם סי או אל.טי.,IT,קצפת מוכנה ריץ פרווה במיכל 250גר,גרמים,250.00,100 גרם,false,1,11.90,4.7600,true,1,8723
7290004011796,false,קבבונים בקר קפוא אל גאוצ''ו 400ג',"טיבון ויל אחזקות בע""",IL,קבבונים אל גאוצו 400 גר,גרמים,400.00,100 גרם,false,1,22.90,5.7250,true,1,7634
7290004011802,false,צ'וריסוס אל גאוצ'ו 400 גרם,טיבון ויל אחזקות בעמ,IL,נקניקיות צוריסוס אל גאוצו 400 גר,גרמים,400.00,100 גרם,false,1,22.90,5.7250,true,1,7635
7290004011819,false,המבורגר ריב אנטריקוט אל גאוצ'ו 360 גרם,האי נאם סי או אל.טי.,IL,המבורגר ריב אנטריקוט 360 גר,גרמים,360.00,100 גרם,false,1,21.90,6.0833,true,1,9093
7290004011826,false,מיני המבורגר ריב אנטריקוט,טיבון ויל אחזקות בעמ,IL,מיני המבורגר ריב אנטריקוט 320 גר,גרמים,320.00,100 גרם,false,1,22.90,7.1562,true,1,9094
7290004014407,false,עדשי מ&מ'ס חמאת בוטנים46,מרס נדרלנד,US,שוקולד חמאת בוטנים אם אנד אם 46 גר,Unknown,0.00,Unknown,false,,5.00,0.0000,true,1,34212
7290004023041,false,"לחם שיפון ללא שמרים ד""ר מרק 750 גר'",המאפה של דר מרק בריא,IL,לחם שיפון פרוס 750 גר דר מארק,גרמים,750.00,100 גרם,false,1,13.90,1.8533,true,1,32322
7290004026394,false,חלת מסעדות א.ק,פילסברי,,חלת מסעדות,Unknown,0.00,Unknown,false,1,4.00,0.0000,true,1,30172
7290004026776,false,לחם מחמצת אגוזים וצימוקים,פילסברי,,לחם רוסטיק אגוזים וצימוקים,Unknown,0.00,Unknown,false,1,17.90,0.0000,true,1,17551
7290004030018,false,"פריניב מיץ לימון סחוט פרי לתיבול 500 מ""ל",הנסיך- מפעל לייצור ט,IL,מיץ לימון סחוט לסלטים 500מל,מיליליטרים,500.00,"100 מ""ל",false,1,9.90,1.9800,true,1,23055
7290004030100,false,מיץ תפוזים ולנסיה סחוט 1 ליטר100%,פרי ניב,IL,מיץ תפוזים ולנסיה 1ליטר פרי ניב,ליטרים,1.00,ליטר,false,1,15.50,15.5000,true,1,32708
7290004030216,false,משקה בטעם חמוציות 1 ליטר פריניב,פריניב בעמ,IL,מיץ חמוציות 1 ליטר פרי ניב,ליטרים,1.00,ליטר,false,1,15.50,15.5000,true,1,23066
7290004030223,false,מיץ תפוחים סחוט רכיבים טבעיים 100% פרי ניב 1 ליטר,פריניב בעמ,IL,מיץ תפוח סחוט 100% 1ליטר פרי ניב,ליטרים,1.00,ליטר,false,1,16.90,16.9000,true,1,23068
7290004030445,false,מיץ תפוזים סחוט רכיבים טבעיים 1 ליטר פרי ניב,פריניב בעמ,IL,מיץ תפוזים 1 ליטר פרי ניב,ליטרים,1.00,ליטר,false,1,14.90,14.9000,true,1,23064
7290004030544,false,משקה בטעם לימונדה לואיזה ולימון 1 ליטר פריניב,פרי ניב,IL,מיץ לימונענע 1 ליטר פרי ניב,ליטרים,1.00,ליטר,false,1,14.90,14.9000,true,1,35260
7290004030612,false,"מיץ תפוח, קיווי אגס ללא תוספת סוכר 1 ליטר פרי ניב",פריניב בעמ,IL,מיץ קיווי אגס תפוח ללא סוכר 1ל פרי ניב,ליטרים,1.00,ליטר,false,1,15.90,15.9000,true,1,23069
7290004030810,false,שייק 100% בננה פסיפלורה תפוז מופחת סוכר1,פריניב בעמ,IL,משקה שייק בננה פסיפלורה תפוז ל.ס. 1ליטר,ליטרים,1.00,ליטר,false,1,16.90,16.9000,true,1,23083
7290004030834,false,מיץ רימונים סחוט 100% רכיבים טבעיים פרי ניב 1 ליטר,פריניב בעמ,IL,מיץ רימון סחוט 1ליטר פרי ניב,ליטרים,1.00,ליטר,false,1,21.90,21.9000,true,1,23067
7290004033705,false,הבורגריה – 6 לחמניות המבורגר בשקית,מאפית י את א ברמן בע,IL,לחמניות המבורגר ביג לוקס 6יח בשקית ברמן,יחידה,6.00,יחידה,false,1,13.90,2.3167,true,1,39995
7290004033712,false,לחם עננים מקמח מלא עם פרוסות עבות,מאפית י את א ברמן בע,IL,לחם עננים קמח מלא 750גר ברמן,גרמים,750.00,100 גרם,false,1,15.90,2.1200,true,1,39993
7290004033729,false,לחם עננים מקמח כוסמין עם פרוסות עבות,מאפית י את א ברמן בע,IL,לחם עננים קמח כוסמין 600גר ברמן,גרמים,600.00,100 גרם,false,1,15.90,2.6500,true,1,39994
7290004033736,false,"עננים לחם לבן בסגנון בריוש עם פרוסות עבות, 500 גרם",מאפית י את א ברמן בע,IL,לחם עננים בסגנון בריוש 500גר ברמן,גרמים,500.00,100 גרם,false,1,15.90,3.1800,true,1,47249
7290004033750,false,לחמניות עננים סגנון בריוש,מאפית י את א ברמן בע,IL,מארז לחמניות עננים בסגנון בריוש 360גר,גרמים,360.00,100 גרם,false,1,13.90,3.8611,true,1,50917
7290004033811,false,לחם מיוחד לבן ללא גלוטן 320 גרם,מאפית י את א ברמן בע,IL,לחם מיוחד ללא גלוטן 320גר ברמן,גרמים,320.00,100 גרם,false,1,16.90,5.2812,true,1,47064
7290004033828,false,לחמניות כפריות ללא גלוטן 200 גר',מאפית י את א ברמן בע,IL,לחמניות כפריות ללא גלוטן 200גר ברמן,גרמים,200.00,100 גרם,false,1,16.90,8.4500,true,1,47065
7290004033835,false,לחמניות לבנות ללא גלוטן 200 גרם,מאפית י את א ברמן בע,IL,לחמניות לבנות ללא גלוטן 200גר ברמן,גרמים,200.00,100 גרם,false,1,16.90,8.4500,true,1,47066
7290004063016,false,מלח שולחן -מוצר בפיקוח,האי נאם סי או אל.טי.,IL,מלח שולחן מעולה 1 קג***,קילוגרמים,1.00,"ק""ג",false,1,2.07,2.0700,true,1,818
7290004063092,false,"מלח הארץ מלח מדיח 2 ק""ג","מלח הארץ אילת בע""מ",,מלח הארץ למדיח 2 קג,קילוגרמים,2.00,"ק""ג",false,1,11.90,5.9500,true,1,8952
7290004063115,false,"מלח מטבח עבה להמלחת בשר ובישול 1 ק""ג",האי נאם סי או אל.טי.,IL,"מלח בישול 1 ק""ג***",קילוגרמים,1.00,"ק""ג",false,1,2.07,2.0700,true,1,817
7290004064082,false,מטחנה מלח ים טבעי 250 גרם מלח הארץ,חברת מלח הארץ אילת ב,IL,מלח ים טבעי במטחנה 250 גרם,גרמים,250.00,100 גרם,false,1,14.90,5.9600,true,1,16430
7290004064099,false,מטחנה מלח ים מהרי ההימלאיה מלח הארץ 100 גרם,"חברת מלח הארץ אילת בע""\מ",IL,מטחנת מלח הימלאי 250 גרם,גרמים,250.00,100 גרם,false,1,15.90,6.3600,true,1,16250
7290004064105,false,מטחנה מלח עשבי תיבול מלח הארץ 100 גרם,"מלח הארץ אילת בע""מ",IL,מטחנת מלח ים עשבי תיבול250 גרם,גרמים,250.00,100 גרם,false,1,15.90,6.3600,true,1,16251
7290004064174,false,"תבלין מלח ההימלאיה דק בצנצנת 1 ק""ג","חברת מלח הארץ אילת בע""\מ",PK,מלח הימלאיה דק 1 קג מלח הארץ,קילוגרמים,1.00,"ק""ג",false,1,18.90,18.9000,true,1,19814
7290004064181,false,"תבלין מלח ההימלאיה גס בצנצנת 1 ק""ג","חברת מלח הארץ אילת בע""\מ",PK,מלח הימלאיה גס 1 קג מלח הארץ,קילוגרמים,1.00,"ק""ג",false,1,18.90,18.9000,true,1,19813
7290004064198,false,מטחנת מלח ספייסי- אקסטרא תבלינים 115 ג',"מלח הארץ אילת בע""מ",IL,מטחת מלח ספייסי מלח הארץ 115 גר,גרמים,115.00,100 גרם,false,6,15.90,13.8261,true,1,24080
7290004064228,false,מלח במטחנה אקסטרא תבלינים שום ופלפל 125 גר',"חברת מלח הארץ אילת בע""\מ",IL,מטחת מלח שום ופלפל מלח הארץ 125 גר,גרמים,125.00,100 גרם,false,6,15.90,12.7200,true,1,24081
7290004064280,false,מלח מופחת נתרן בצנצנת מלח הארץ 600 גרם,חברת מלח הארץ אילת ב,IL,מלח הארץ מופחת נתרן 600 גרם,גרמים,600.00,100 גרם,false,1,16.90,2.8167,true,1,28901
7290004064297,false,"מלח מועשר ביוד בצנצנת מלח הארץ 1 ק""ג","חברת מלח הארץ אילת בע""\מ",IL,מלח ים הארץ מועשר ביוד 1 קג,קילוגרמים,1.00,"ק""ג",false,1,9.90,9.9000,true,1,28900
7290004064303,false,מלח אטלנטי בצנצנת מלח הארץ 800 גרם,"חברת מלח הארץ אילת בע""\מ",IL,מלח הארץ אטלנטי 800 גרם צנצנת,גרמים,800.00,100 גרם,false,1,16.90,2.1125,true,1,28951
7290004064358,false,"מלח דק זורם בקלות מלח הארץ קרטון 1 ק""ג","חברת מלח הארץ אילת בע""\מ",IL,מלח ים דק 1 קג בקרטון,קילוגרמים,1.00,"ק""ג",false,1,5.00,5.0000,true,1,31485
7290004064365,false,"מלח דק מועשר ביוד מלח הארץ קרטון 1 ק""ג","חברת מלח הארץ אילת בע""\מ",IL,מלח דק מועשר ביוד 1 קג בקרטון,קילוגרמים,1.00,"ק""ג",false,1,5.90,5.9000,true,1,31484
7290004064372,false,מטחנת מלח הארץ איטלקי אקסטרא תבלינים ספייסי,"חברת מלח הארץ בע""\מ",IL,מטחנת מלח אקסטרא תבלינים איטלקי 105 גרם,גרמים,250.00,100 גרם,false,1,15.90,6.3600,true,1,33672
7290004064389,false,מלח הימלאייה דק מלחייה 250 גרם,"חברת מלח הארץ אילת בע""\מ",IL,מלח הימליה דק מלחייה 250 גרם,גרמים,250.00,100 גרם,false,1,10.90,4.3600,true,1,38825
7290004068011,false,"יוגורט כבשים בדלי 5 אחוז 60 מ""ל גד","מיוצר ע""י קוד יצרן M",IL,יוגורט כבשים 5% 600 גר,גרמים,600.00,100 גרם,false,1,18.90,3.1500,true,1,9723
7290004068028,false,"ציזיקי יוגורט לשתיה גד 500 מ""ל",מיוצר על ידי קוד יצר,IL,יוגורט צזיקי לשתיה 500 מל,מיליליטרים,500.00,"100 מ""ל",false,1,10.90,2.1800,true,1,10139
7290004068035,false,"יוגורט לשתייה איירן 3% גד 500 מ""ל","מיוצר ע""י קוד יצרן M",IL,יוגורט איירן 3% 500 מל גד,מיליליטרים,500.00,"100 מ""ל",false,1,9.90,1.9800,true,1,10140
7290004068172,false,"יוגורט עיזים בדלי 5% 600 מ""ל רובין",קוד יצרן MKN,IL,יוגורט עיזים 5% בדלי 600 גר,גרמים,600.00,100 גרם,false,1,18.90,3.1500,true,1,10225
7290004068585,false,גאודה עיזים משולשים משקל,מחלבת אמלטי הולנד,NL,גבינת גאודה עיזים במשקל גלגל,קילוגרמים,1.00,"ק""ג",true,,139.00,139.0000,true,1,14997
7290004078225,false,"שטיפת פה קולגייט פלקס מינט ירוק 500מ""ל",קולגייט- פלמוליב,PL,מי פה פלקס מנטה עדין 500 מל ירוק,מיליליטרים,500.00,"100 מ""ל",false,1,24.90,4.9800,true,1,765
7290004078263,false,מקלות אוזניים פלסטיק 2* 200 יחידות,ספטונה,GR,בלונס צימרונים זוג 200 יח,יחידה,200.00,יחידה,false,1,11.90,0.0595,true,1,1040
7290004078270,false,נוזל לניקוי כלים בריח לימון פלמוליב 1 ליטר,יבואן ומשווק: ש. שסט,GR,נוזל כלים פלמוליב צילנדר 1 ל לימון,ליטרים,1.00,ליטר,false,1,13.50,13.5000,true,1,447
7290004078690,false,"גל אקונומיקה אגקס ניחוח רענן 750 מ""ל",הנסיך- מפעל לייצור ט,GR,נוזל לשרותים אגקס רענן 750 מל,מיליליטרים,750.00,"100 מ""ל",false,1,11.90,1.5867,true,1,1436
7290004078942,false,ליידי ספיד סטיק - דאודורנט ג'ל לאישה 65 גרם,קולגייט-פלמוליב,US,ליידי ספיד סטיק גל מרענן,Unknown,0.00,Unknown,false,1,18.90,0.0000,true,1,891
7290004091248,false,וזלין פטרוליום אינטנסיב קאר ג'ל 106 גר',"יוניליוור ארה""ב, ג'ו",US,קרם ווזלין טהור פטרולאום גל 106 גרם,גרמים,106.00,100 גרם,false,1,17.90,16.8868,true,1,1175
7290004119133,false,כד יוגורט תנובה 6.5% שומן 1.5 ליטר,מיוצר עי קונדיטוריית,IL,יוגורט 6.5% 1.5 ליטר,ליטרים,1.50,ליטר,false,1,18.90,12.6000,true,1,1760
7290004119225,false,יופלה יוגורט אננס %3 גביע 150 גרם,תנובה מרכז שיתופי לש,IL,יופלה 3% אננס 150 גר,גרמים,150.00,100 גרם,false,1,5.50,3.6667,true,1,1739
7290004119928,false,מעדן חלב בטעם וניל 2% קרלו תנובה 125 גרם,מחלבת אלון תבור,IL,קרלו וניל 125 גר,גרמים,125.00,100 גרם,false,1,3.30,2.6400,true,1,237
7290004119973,false,קרלו מעדן שוקו רביעיה גביע 1.5% 125 גרם,תנובה מרכז שיתופי לש,IL,קרלו שוקו 125 גר,ליטרים,1.25,ליטר,false,1,3.30,2.6400,true,1,239
7290004120108,false,יופלה דיאט יוגורט דובדבן %0 גביע 150גרם,תנובה מרכז שיתופי לש,IL,יוגורט יופלה דיאט דובדבן 150 גר,גרמים,150.00,100 גרם,false,1,5.50,3.6667,true,1,1111
7290004120566,false,פיראוס 24% גבינה בולגרית 250 גרם,תנובה חלב,IL,גבינה בולגרית פיראוס 24% 250 גרם,גרמים,250.00,100 גרם,false,1,23.90,9.5600,true,1,1259
7290004120573,false,פיראוס 16% גבינה בולגרית 250 גרם,תנובה מרכז שיתופי לש,IL,גבינה בולגרית פיראוס 16% 250 גרם,גרמים,250.00,100 גרם,false,1,23.90,9.5600,true,1,1258
7290004120634,false,גבינה פיראוס בולגרית 5% 250 גרם,תנובה מרכז שיתופי לש,IL,גבינה בולגרית פיראוס 5% 250 גרם,גרמים,250.00,100 גרם,false,1,23.90,9.5600,true,1,1260
7290004120832,false,"חלב 2 ליטר 3% כד ""תנובה""- מוצר בפיקוח",תנובה מרכז שיתופי לש,IL,חלב 3% כד 2 ליטר מהדרין***,ליטרים,2.00,ליטר,false,1,12.46,6.2300,true,1,2059
7290004121488,false,יופלה דיאט אפרסק 0% גביע 150 גרם,תנובה מרכז שיתופי לש,IL,ד.יופלה אפרסק 150 גם,גרמים,150.00,100 גרם,false,1,5.50,3.6667,true,1,2030
7290004121525,false,יופלה מאגדת פרי 4 תות 4 אפרסק 3% 8 יח'*150 ג',תנובה מרכז שיתופי לש,IL,מאגדת 8 יופלה 3% אפרסק ותות 1.2קג,קילוגרמים,1.20,"ק""ג",false,1,31.90,26.5833,true,1,4296
7290004121754,false,יוגורט ביו עוגת גבינה ותות 3% יופלה 150 גרם,תנובה חלב,IL,יופלה 3% עוגת גבינה&תות 150 גר,גרמים,150.00,100 גרם,false,1,5.50,3.6667,true,1,1834
7290004121839,false,גבינת פטה כבשים 20% פיראוס 250 גרם,תנובה מרכז שיתופי לש,IL,גבינת פטה כבשים 20% פיראוס 250 גרם,גרמים,250.00,100 גרם,false,1,28.90,11.5600,true,1,2293
7290004121853,false,גבינה בולגרית פיראוס 5% קוביות 200 גרם,תנובה מרכז שיתופי לש,IL,פיראוס קוביות בולגרית 5%,גרמים,200.00,100 גרם,false,1,21.90,10.9500,true,1,2479
7290004122119,false,פתיתי פרמזן לפסטה 23% השף הלבן 100 גרם,פ.פ.ח. שאביט,IL,פתיתי פרמזן 100 גרם,גרמים,100.00,100 גרם,false,1,12.90,12.9000,true,1,292
7290004122195,false,גוש חלב גבינה צהובה פרוסה 28% תנובה 200 גרם,תנובה חלב,IL,גוש חלב פרוס 200 גרם,גרמים,200.00,100 גרם,false,1,14.90,7.4500,true,1,1879
7290004122270,false,עמק קלאסית פרוסות גבינה חצי קשה 28% 200 גרם,תנובה מרכז שיתופי לש,IL,עמק פרוס בקופסא 200 גרם,גרמים,200.00,100 גרם,false,1,17.50,8.7500,true,1,569
7290004122348,false,גבינת עמק לייט פרוס בקופסא 200 גרם,תנובה מרכז שיתופי לש,IL,עמק לייט פרוס 200 גרם,גרמים,200.00,100 גרם,false,1,18.50,9.2500,true,1,568
7290004122676,false,גבינת חמד לייט 5% פיראוס 250 ג',"תנובה,מחלבת טנא נוגה",IL,גב.מלוחה חמד לייט 5% פיראוס 250 גרם,גרמים,250.00,100 גרם,false,1,18.90,7.5600,true,1,4819
7290004122683,false,עמק חטיף אצבעות גבינה חצי קשה 28% שומן,תנובה מרכז שיתופי לש,IL,אצבעות גבינת עמק 172גר,גרמים,172.00,100 גרם,false,1,17.50,10.1744,true,1,5467
7290004124205,false,יופלה דיאט יוגורט תות %0 גביע 150 גרם,תנובה מרכז שיתופי לש,IL,מעדן יופלה דיאט תות 150 גר,גרמים,150.00,100 גרם,false,1,5.50,3.6667,true,1,1113
7290004124847,false,"קצפת צמחית השף הלבן 500 מ""ל תנובה",תנובה מרכז שיתופי לש,IL,קצפת צמחית 500 מל השף הלבן,מיליליטרים,500.00,"100 מ""ל",false,1,17.50,3.5000,true,1,4456
7290004125370,false,"שמנת חמוצה 9% מופחתת שומן תנובה 200 מ""ל מהדרין",תנובה מרכז שיתופי לש,IL,שמנת חמוצה מופחתת שומן 9% 200 מל,מיליליטרים,200.00,"100 מ""ל",false,1,4.20,2.1000,true,1,233
7290004125400,false,"אשל שלי מהדרין 200 מ""ל 4.5% ""תנובה""- מוצר בפיקוח",פארייפאבה אגרואינדוס,IL,שלי אשל 200 מל***,מיליליטרים,200.00,"100 מ""ל",false,1,1.69,0.8450,true,1,173
7290004125417,false,"גיל 3% שלי 200 מ""ל ""תנובה"" -מוצר בפיקוח",תנובה מרכז שיתופי לש,IL,גיל 200 מל***,מיליליטרים,200.00,"100 מ""ל",false,1,1.51,0.7550,true,1,1758
7290004125455,false,"שמנת חמוצה 200 מ""ל 15% ""תנובה"" -מוצר בפיקוח",תנובה מרכז שיתופי לש,IL,שמנת חמוצה 15% 200 מל***,מיליליטרים,200.00,"100 מ""ל",false,1,2.40,1.2000,true,1,1757
7290004125462,false,"שמנת חמוצה 15% תנובה 500 מ""ל מהדרין",תנובה מרכז שיתופי לש,IL,שמנת חמוצה 15% 500 מל***,מיליליטרים,500.00,"100 מ""ל",false,1,6.00,1.2000,true,1,229
7290004125509,false,"שמנת חמוצה 15% מועשרת תנובה 100 מ""ל",תנובה מרכז שיתופי לש,IL,שמנת אוריגינל 15% שומן 100מל,מיליליטרים,100.00,"100 מ""ל",false,1,2.00,2.0000,true,1,227
7290004125578,false,משקה סויה מעושר בסידן תנובה 1ל',תנובה מרכז שיתופי לש,IL,משקה סויה 1 ליטר מועשר,ליטרים,1.00,ליטר,false,1,12.50,12.5000,true,1,2705
7290004125585,false,משקה סויה בטעם וניל תנובה 1 ליטר,תנובה מרכז שיתופי לש,IL,משקה סויה 1 ליטר על הבוקר,ליטרים,1.00,ליטר,false,1,12.50,12.5000,true,1,2706
7290004125721,false,"השף הלבן שמנת עמידה לבישול 15% תנובה 250 מ""ל",תנובה מרכז שיתופי לש,IL,שמנת לבישול 15% השף הלבן250 מל,מיליליטרים,250.00,"100 מ""ל",false,1,9.50,3.8000,true,1,230
7290004125738,false,שמנת מתוקה להקצפה32% 250מל עמיד השף הלבן,תנובה מרכז שיתופי לש,IL,שמנת להקצפה 32% 250 מל,מיליליטרים,250.00,"100 מ""ל",false,1,7.90,3.1600,true,1,231
7290004125776,false,גבינה צהובה עמק 28% 400 גרם בקופסא,תנובה חלב,IL,גבינת עמק פרוס 400 גר 28% בקופסא,גרמים,400.00,100 גרם,false,1,31.90,7.9750,true,1,4454
7290004126674,false,טל העמק פרוסות גבינה חצי קשה לייט %9 200 גרם בקופסא,תנובה מרכז שיתופי לש,IL,טל העמק לייט 200 גרם,גרמים,200.00,100 גרם,false,1,19.90,9.9500,true,1,2856
7290004126759,false,יוגורט דיאט יופלה פירות יער 150 גרם,תנובה חלב,IL,ד.יופלה פירות יער 150 גר,גרמים,150.00,100 גרם,false,1,5.50,3.6667,true,1,1112
7290004126872,false,משקאות חלב תנובה שוקו בקבוק 250מל,תנובה חלב,IL,שוקו שוק 250 מל בבקבוק,מיליליטרים,250.00,"100 מ""ל",false,1,6.50,2.6000,true,1,4568
7290004127329,false,קוטג תנובה גביע 250 גרם %5 ו.מהדרין,מיוצר עי קונדיטוריית,IL,גבינת קוטג 5% 250 גרם,גרמים,250.00,100 גרם,false,1,5.90,2.3600,true,1,343
7290004127336,false,קוטג תנובה גביע 250 גרם %9 ו.מהדרין,מיוצר עי קונדיטוריית,IL,גבינת קוטג 9% 250 גרם,גרמים,250.00,100 גרם,false,1,5.90,2.3600,true,1,344
7290004127800,false,"גבינה לבנה 500 גרם 5% ""תנובה"" -מוצר בפיקוח",מיוצר עי קונדיטוריית,IL,גבינה לבנה 5% למריחה 500 ג***,גרמים,500.00,100 גרם,false,1,9.96,1.9920,true,1,1266
7290004127817,false,גבינה לבנה 9% שומן 500 ג' תנובה,מיוצר עי קונדיטוריית,IL,גבינה לבנה 9% למריחה 500 גרם,גרמים,500.00,100 גרם,false,1,10.90,2.1800,true,1,1267
7290004127862,false,"גבינה לבנה 750 גרם 5% ""תנובה"" - מוצר בפיקוח",תנובה מרכז שיתופי לש,IL,גבינה לבנה 5% למריחה 750 גרם***,גרמים,750.00,100 גרם,false,1,14.94,1.9920,true,1,1256
7290004127916,false,גבינה לבנה 0.5% שומן 500 ג' תנובה,תנובה מרכז שיתופי לש,IL,גבינה לבנה 1/2% למריחה 500 גרם,גרמים,500.00,100 גרם,false,1,10.90,2.1800,true,1,1282
7290004128333,false,לאבנה על בסיס יוגורט %9 שומן 500 ג' פיראוס,תנובה חלב,IL,לבנה 9% 500 גרם,גרמים,500.00,100 גרם,false,1,21.90,4.3800,true,1,1862
7290004128340,false,קרם גבינת שמנת %5 בטעם טבעי 200 ג' תנובה,תנובה חלב,IL,גבינת שמנת 5% טעם טבעי 200 ג,גרמים,200.00,100 גרם,false,1,12.50,6.2500,true,1,2772
7290004128364,false,קרם גבינת שמנת 5% עם זיתים ירוקים 200 ג' תנובה,"תנובה, מחלבת תל יוסף",IL,גבינת שמנת 5% עם זיתים 200 ג,גרמים,200.00,100 גרם,false,1,12.50,6.2500,true,1,2773
7290004128401,false,גבינת פטה פיראוס במש,תנובה חלב,IL,גבינת פטה פיראוס במשקל,קילוגרמים,1.00,"ק""ג",true,,125.00,125.0000,true,1,4239
7290004128432,false,פתיתים מיוחדים לפיצה על בסיס גבינה 500 ג',תנובה חלב,IL,פתיתי גבינה מיוחדים לפיצה,גרמים,500.00,100 גרם,false,1,24.90,4.9800,true,1,5989
7290004129101,false,גבינת שמנת 25% בטעם טבעי 225 ג' נפוליאון,תנובה מרכז שיתופי לש,IL,גב.שמנת נפוליאון טבעי 225 גרם,גרמים,225.00,100 גרם,false,1,14.50,6.4444,true,1,756
7290004129118,false,גבינת שמנת 24% עם זיתים ירוקים 225 ג' נפוליאון,תנובה מרכז שיתופי לש,IL,גב.שמנת נפוליאון זיתים 225 גרם,גרמים,225.00,100 גרם,false,1,14.50,6.4444,true,1,755
7290004129156,false,גבינת שמנת25% עם שום שמיר 225 ג' נפוליאון,תנובה מרכז שיתופי לש,IL,גב.שמנת נפוליאון שום שמיר 225 גרם,גרמים,225.00,100 גרם,false,1,14.50,6.4444,true,1,757
7290004129545,false,גבינה לבנה 3% 250 גרם ועדת מהדרין,מחלבת אלון תבור,IL,גבינה למריחה 3% 250 גרם,גרמים,250.00,100 גרם,false,1,5.50,2.2000,true,1,3033
7290004129736,false,יוגורט במתיקות מעודנת 1.5% שומן 200 ג' יופלה,תנובה מרכז שיתופי לש,IL,יופלה מעודן 1.5% 200 גר,גרמים,200.00,100 גרם,false,1,4.90,2.4500,true,1,3692
7290004129767,false,"3% 'יופלה לבן מארז שמינייה 1.2 ק""ג",מחלבת אלון תבור,IL,"מאגדת יופלה לבן 3% שמינייה 1.2 ק""ג",קילוגרמים,1.20,"ק""ג",false,1,18.50,15.4167,true,1,3693
7290004130794,false,משקה סויה במתיקות מופחתת תנובה 1 ליטר,תנובה מרכז שיתופי לש,IL,משקה סויה 1 ליטר מועשר מופחת,ליטרים,1.00,ליטר,false,1,12.50,12.5000,true,1,3070
7290004130916,false,יוגורט יופלה פירות יער בשמנת 3% 150 גרם,תנובה מרכז שיתופי לש,IL,יופלה פירות יער בשמנת 150 גר,גרמים,150.00,100 גרם,false,1,5.50,3.6667,true,1,4453
7290004131074,false,"חלב 1 ליטר 3% קרטון ""תנובה""- מוצר בפיקוח",תנובה מרכז שיתופי לש,IL,חלב 3% קרטון 1 ליטר***,ליטרים,1.00,ליטר,false,1,6.23,6.2300,true,1,1068
7290004131227,false,גבינה לבנה 3% שומן 500 גרם מהדרין,תנובה מרכז שיתופי לש,IL,גבינה לבנה 3% למריחה 500 ג,גרמים,500.00,100 גרם,false,1,10.90,2.1800,true,1,3887
7290004131432,false,יוגורט יופלה לבן ביו 3% 200 גרם,מיוצר עי קונדיטוריית,IL,יופלה לבן 3% 200 גר,גרמים,200.00,100 גרם,false,1,4.10,2.0500,true,1,3690
7290004131456,false,יוגורט ביו 1.5% שומן 200 ג' יופלה,מיוצר עי קונדיטוריית,IL,יופלה לבן 1.5 % 200 גר,גרמים,200.00,100 גרם,false,1,4.10,2.0500,true,1,3691
7290004131814,false,גבינה צפתית 5% מעודנת 200 ג' פיראוס,פארייפאבה אגרואינדוס,IL,גבינת פיראוס צפתית מעודנת 5% 200 ג,גרמים,200.00,100 גרם,false,1,15.90,7.9500,true,1,3952
7290004132552,false,משקה סויה בטעם טבעי לייט תנובה 1 ליטר,תנובה מרכז שיתופי לש,IL,משקה דיאט סויה טבעי 1 ל,ליטרים,1.00,ליטר,false,1,12.50,12.5000,true,1,4069
7290004132606,false,"קרלו מעדן חלב בטעם וניל 2% תנובה 8*100 מ""ל",תנובה מרכז שיתופי לש,IL,מאגדת קרלו מיני 8 יח וניל 100 גר,גרמים,800.00,100 גרם,false,1,14.90,1.8625,true,1,5728
7290004132712,false,חטיף אצבעות גבינת מוצרלה 20% 172 ג' עמק,תנובה מרכז שיתופי לש,IL,אצבעות גבינה מוצרלה 172 גרם,גרמים,172.00,100 גרם,false,1,17.90,10.4070,true,1,3869
7290004133511,false,יופלה מאגדת לבן 1.5% מעודן 8 יח' * 150 ג',מחלבת אלון תבור,IL,מאגדת יופלה לבן 1.5% מעודן שמיניה 1.2 קג,גרמים,1.00,100 גרם,false,1,20.90,2090.0000,true,1,3926
7290004134945,false,יוגורט מוקה 3% שומן 150 ג' יופלה,תנובה מרכז שיתופי לש,IL,יופלה מוקה 3% 150 גרם,גרמים,150.00,100 גרם,false,1,5.50,3.6667,true,1,4812
7290004135058,false,שמיניית קרלו מיני שוקולד 100 גרם מהדרין,תנובה מרכז שיתופי לש,IL,מאגדת קרלו מיני 8 יח שוקולד 100 גר,גרמים,800.00,100 גרם,false,1,14.90,1.8625,true,1,5729
7290004135225,false,מעדן חלב דל קלוריות בטעם שוקולד 0.2שומ,תנובה מרכז שיתופי לש,IL,מעדן תנובה דיאט שוקולדה 0% 150 גר,גרמים,150.00,100 גרם,false,1,4.50,3.0000,true,1,4898
7290004135324,false,פיראוס בולגרית מע5%משקל,תנובה מרכז שיתופי לש,IL,גב.בולגרית פיראוס מעודנת 5% במשקל,קילוגרמים,1.00,"ק""ג",true,,65.00,65.0000,true,1,4772
7290004135614,false,גבינה בולגרית מעודנת 5% פיראוס 250 גרם,תנובה חלב,IL,גב.בולגרית מעודנת 5% פיראוס 250 גר,גרמים,250.00,100 גרם,false,1,18.90,7.5600,true,1,5750
7290004136598,false,מארז הפסקת אוכל עם קורנפלקס ומשקה חלב עמיד בטעם וניל,פארייפאבה אגרואינדוס,IL,"מארז הפסקת אוכל חלב+קורנפלקס 150 מ""ל",מיליליטרים,150.00,"100 מ""ל",false,1,9.50,6.3333,true,1,5547
7290004136857,false,מעדן גלי פטל תנובה 125 גרם,תנובה מרכז שיתופי לש,IL,מעדן גלי פטל 125 גרם,גרמים,125.00,100 גרם,false,1,2.90,2.3200,true,1,5521
7290004136864,false,מעדן ג'לי בטעם אננס עם חתיכות תנובה 125 גרם,תנובה חלב,IL,מעדן גלי אננס עם תחתיות 125 גרם,גרמים,125.00,100 גרם,false,1,2.90,2.3200,true,1,5523
7290004136871,false,מעדן ג'לי בטעם אפרסק עם חתיכות תנובה 125 גרם,תנובה מרכז שיתופי לש,IL,מעדן גלי אפרסק עם תחתיות 125 גרם,גרמים,125.00,100 גרם,false,1,2.90,2.3200,true,1,5522
7290004137021,false,"שמנת עמידה לבישול מופחת שומן 10% השף הלבן 250 מ""ל",תנובה מרכז שיתופי לש,IL,שמנת לבישול 10% מופחתת שומן 250 מל,מיליליטרים,250.00,"100 מ""ל",false,1,9.50,3.8000,true,1,5968
7290004137311,false,עמק לייט משפחתית 9% 400ג-ועדת מהדרין,תנובה חלב,IL,גבינת עמק לייט 9% משפחתית 400 גר,גרמים,400.00,100 גרם,false,1,33.50,8.3750,true,1,5919
7290004137809,false,פיראוס לאבנה 5% גביע 250 גרם,"תנובה, מחלבת אלון תב",IL,לאבנה 5% 250 גרם,גרמים,250.00,100 גרם,false,1,13.90,5.5600,true,1,5967
7290004146986,false,נקה 7 שמפו לשיער צבוע ומובהר 750 מל,אמיליה קוסמטיקס,IL,נקה 7 שמפו 750 מל צבוע,מיליליטרים,750.00,"100 מ""ל",false,1,12.90,1.7200,true,1,2653
7290004146993,false,נקה 7 מרכך שיער צבוע ומובהר 750 מל,אמיליה קוסמטיקס,IL,נקה 7 מרכך 750 מל צבוע,מיליליטרים,750.00,"100 מ""ל",false,1,12.90,1.7200,true,1,2656
7290004150129,false,טחינה פיקנטי פרימיום 300 גרם,"סלטי שמיר 2006 בע""\מ",IL,טחינה 300 גרם פיקנטי פרימיום,גרמים,300.00,100 גרם,false,16,14.90,4.9667,true,1,50063
7290004150174,false,קולוסלאו פיקנטי פרימיום 300 גרם,"סלטי שמיר 2006 בע""\מ",IL,סלט קולסלאו 300 גרם פיקנטי פרימיום,גרמים,300.00,100 גרם,false,16,14.90,4.9667,true,1,50068
7290004150198,false,סלק מגורד פיקנטי פרימיום 300 גרם,"סלטי שמיר 2006 בע""\מ",IL,סלט סלק מגורד 300גרם פיקנטי פרימיום,גרמים,300.00,100 גרם,false,16,14.90,4.9667,true,1,50070
7290004150204,false,מטבוחה פיקנטי פרימיום 300 גרם שמיר,"סלטי שמיר 2006 בע""\מ",IL,סלט מטבוחה 300 גרם פיקנטי פרימיום,גרמים,300.00,100 גרם,false,16,14.90,4.9667,true,1,50071
7290004150211,false,תורכי איסטנבול 300 גרם פיקנטי פרימיום,"סלטי שמיר 2006 בע""\מ",IL,סלט תורכי איסטנבול 300גרם פיקנטי פרימיום,גרמים,300.00,100 גרם,false,16,14.90,4.9667,true,1,50072
7290004150228,false,כרוב אדום 300 גרם פיקנטי פרימיום,"סלטי שמיר 2006 בע""\מ",IL,סלט כרוב אדום 300גרם פיקנטי פרימיום,גרמים,300.00,100 גרם,false,16,14.90,4.9667,true,1,50073
7290004165000,false,רסק תפוחי עץ בתוספת סוכר יכין 560גר,זנלכל,IL,רסק תפוחי עץ רגיל 560 גר א/2 יכין,גרמים,560.00,100 גרם,false,1,8.90,1.5893,true,1,126
7290004165017,false,"רסק תפו""ע 600 גרם טבעי ללא סוכר יכין","זנלכל בע""\מ",IL,רסק תפוח ללא סוכר 560 גר א/2 יכין,גרמים,560.00,100 גרם,false,1,8.90,1.5893,true,1,125
7290004199074,false,סאני פלסטר אינטרסן 5,סאני פלסטר,CN,אגד מדבק 50יח סאני פלסטר,יחידה,50.00,יחידה,false,36,6.50,0.1300,true,1,24726
7290004199166,false,כפפות לאטקס 100 יח' EASY TOUCH- S,הדקלאים אגודת שיתופי,TH,כפפות לאטקס איזי טאצ סמול 100יח,יחידה,100.00,יחידה,false,1,24.90,0.2490,true,1,997
7290004199180,false,כפפות לטקס איזי טאצ 100 יח לארג,הדקלאים אגודת שיתופי,TH,כפפות לאטקס איזי טאצ אקסטרה לארג 100יח,יחידה,100.00,יחידה,false,1,24.90,0.2490,true,1,996
7290004199234,false,כפפות לטקס איזי טאצ 100 יח אקסטרא לארג,איזי טאצ',TH,כפפות לאטקס איזי טאצ אקסטרה לארג 100יח,יחידה,100.00,יחידה,false,1,24.90,0.2490,true,1,18502
7290004199579,false,פלסטר מעורב 100 יח' - SUNNY PLASTER,הדקלאים אגודת שיתופי,CN,אגד מדבק מעורב 100יח סאני פלסטר,יחידה,100.00,יחידה,false,36,10.90,0.1090,true,1,24728
7290004199777,false,צימרוני אוזניים פלסטיק בכוס 300 יחידות אינטרסאן,כוטון סופט,,צימרוני אוזניים כוס/קופסא 300 יח,Unknown,0.00,Unknown,false,1,7.90,0.0000,true,1,19599
7290004199784,false,כפפות S לטקס עם איבוק עדין 100 יח- SAFE TOUCH,סייף טאצ,TH,כפפות לאטקס 100יח איזי טאצ מידה סמול,יחידה,100.00,יחידה,false,10,17.90,0.1790,true,1,33571
7290004199791,false,כפפות M לטקס עם איבוק עדין 100 יח- SAFE TOUCH,סייף טאצ,TH,כפפות לאטקס 100יח איזי טאצ מידה מדיום,יחידה,100.00,יחידה,false,10,17.90,0.1790,true,1,33570
7290004199821,false,אטבי כביסה סופר 24 יח',הוסטס,CN,אטבי כביסה סופר 24 יח,יחידה,24.00,יחידה,false,1,7.90,0.3292,true,1,19585
7290004200268,false,צעצוע רמה 2,,,צעצוע רמה 2,Unknown,0.00,Unknown,false,1,9.90,0.0000,true,1,1019
7290004200336,false,שקית בלונים 15 מודפס דמויות,גמר,,בלונים מודפסים,Unknown,0.00,Unknown,false,1,10.90,0.0000,true,1,4675
7290004200374,false,פריט חדש/ לא קיים במ,,,צעצוע רמה 1,Unknown,0.00,Unknown,false,1,6.90,0.0000,true,1,322
7290004200930,false,זיקוק זוג 15 סמ בשקית,שמחה זה אנחנו,CN,זיקוק עבה 2 בשקית,Unknown,0.00,Unknown,false,1,8.90,0.0000,true,1,1042
7290004219819,false,קומפלטה מלבין קפה הולנדי 200ג,פריזלנד פודס קיוויט,NL,מלבין קפה קומפלטה הולנדי 200 גרם,גרמים,200.00,100 גרם,false,1,11.90,5.9500,true,1,17
7290004221409,false,וובר רוטב חזרת 453 גרם בקבוק לחיץ,וובר ספרינגפילד,,רוטב חזרת בק לחיץ 453 מל,גרמים,453.00,100 גרם,false,1,24.50,5.4084,true,1,1869
7290004225025,false,בסגנון פטה במשקל,מאמן,IL,בסגנון פטה במשקל,קילוגרמים,1.00,"ק""ג",true,,35.00,35.0000,true,1,9397
7290004225100,false,דג ברמונדי גמבו טרי,,,דג ברמונדי גמבו טרי,קילוגרמים,1.00,"ק""ג",true,,59.90,59.9000,true,1,15584
7290004225285,false,גבינה בסגנון דנאבלו 100 ג',האי נאם סי או אל.טי.,DK,סגנון דנאבלו 100 גרם,גרמים,100.00,100 גרם,false,1,10.00,10.0000,true,1,9795
7290004225858,false,"סרדין ים טרי ק""ג",נטו,IL,סרדין ים טרי,קילוגרמים,1.00,"ק""ג",true,,65.00,65.0000,true,1,10931
7290004225872,false,קרם קוקוס ויליגר 400 גרם,טקרנג פינאפלה אינדוס,TH,קרם קוקוס 21% ויליגר 400 מל,מיליליטרים,400.00,"100 מ""ל",false,1,7.50,1.8750,true,1,10595
7290004228415,false,פיצה משפחתית עבה סיציליאנית שגב 425 גרם,האי נאם סי או אל.טי.,IT,פיצה סיציליאנית עבה 425גר שף שגב,גרמים,425.00,100 גרם,false,13,19.90,4.6824,true,1,28606
7290004228682,false,פילה אמנון ללא עור בציפוי צ'יפס שגב 350 גרם,,,פילה אמנון בציפוי ציפס 350גר שף שגב,גרמים,350.00,100 גרם,false,10,24.90,7.1143,true,1,33990
7290004228767,false,נתחי פילה אמנון ללא עור בציפוי צ'יפס שגב 350 גרם,דלידג בעמ,IL,נתחי פילה אמנון בציפוי ציפס 350גר שף שגב,גרמים,350.00,100 גרם,false,10,24.90,7.1143,true,1,33991
7290004228804,false,עלי בצק לסיגרים שלושת האופים 450 גרם.,"שלושת האופים בע""\מ",IL,עלי בצק למילוי סיגרים 450 גרם,גרמים,450.00,100 גרם,false,1,12.90,2.8667,true,1,31836
7290004229931,false,"אורז בסמטי הימליה 1 ק""ג",ניו בהארט רייס,,אורז בסמטי מובחר הימליאה 1 קג,קילוגרמים,1.00,"ק""ג",false,1,10.90,10.9000,true,1,26075
7290004230081,false,קציצות עוף ברוטב עגבניות שגב 800 גרם,"טיבון ויל אחזקות בע""\מ",IL,קציצות עוף ברוטב עגבניות שגב 800 גר,גרמים,800.00,100 גרם,false,1,24.90,3.1125,true,1,9954
7290004230104,false,קציצות בקר ברוטב עגבניות שגב,טיבון ויל אחזקות בעמ,IL,קציצות בקר שגב ברוטב עגבניות 800 גרם,גרמים,800.00,100 גרם,false,1,24.90,3.1125,true,1,13218
7290004230326,false,שגב מקלות פילו תפוחי עץ 600 גר',שלושת האופים שגמור,IL,בורקס מקלות פילו תפוח עץ וקינמ 600גר שגב,גרמים,600.00,100 גרם,false,1,16.90,2.8167,true,1,12340
7290004230333,false,"מקלות בורקס פילו תפו""א שגב 600 גר",שלושת האופים שגמור,IL,בורקס מקלות פילו תפוא 600גר שגב,גרמים,600.00,100 גרם,false,1,16.90,2.8167,true,1,10230
7290004230340,false,מקלות בורקס פילו תרד ובצל שגב 600 ג,שלושת האופים שגמור,IL,בורקס מקלות פילו תרד ובצל 600גר שגב,גרמים,600.00,100 גרם,false,1,16.90,2.8167,true,1,10231
7290004230364,false,שגב מקלות בורקס פילו גבינה צרפתי 600 גר,שלושת האופים שגמור,IL,בורקס מקלות פילו גבינה צרפתי 600גר שגב,גרמים,600.00,100 גרם,false,1,16.90,2.8167,true,1,10232
7290004230371,false,מקלות בורקס פילו פיצה 600 גרם לנדא,שלושת האופים שגמור,IL,מקלות בורקס פילו פיצה 600 גר,גרמים,600.00,100 גרם,false,1,16.90,2.8167,true,1,10596
7290004230388,false,גבינת קפלוטרי במשקל,,,גבינת קפלוטרי במשקל,קילוגרמים,1.00,"ק""ג",true,,159.00,159.0000,true,1,32165
7290004230944,false,מקלות פילו גבינה 600 גר' שלושת האופים לנדא,שלושת האופים שגמור,IL,מקלות בורקס פילו גבינה 600 גר,גרמים,600.00,100 גרם,false,1,20.90,3.4833,true,1,10487
7290004234218,false,ברווז טרי ארוז,"נטו מלינדה סחר בע""מ",IL,ברווז טרי שלם,קילוגרמים,1.00,"ק""ג",true,,50.00,50.0000,true,1,9693
7290004255428,false,נר נשמה 24 שעות - מנורה,"מנורה שי נר בע""מ",IL,נר נשמה 24שעות מנורה,יחידה,1.00,יחידה,false,48,2.20,2.2000,true,1,50386
7290004256371,false,ריץ פרוס 400 ג' -צהובה פרוסה,מלקפול אלוורטוסקה,PL,צהובה פרוסה ריץ 400גר על בסיס חלב,גרמים,400.00,100 גרם,false,1,17.90,4.4750,true,1,29741
7290004256579,false,דג אנטיאס אמאצי טרי,,,דג אנטיאס נקי טרי,קילוגרמים,1.00,"ק""ג",true,,159.00,159.0000,true,1,27189
7290004256753,false,עלי לסיגר מרוקאי לפסטיליה 450 גרם,סטאר סנקס,IL,עלי סיגר מרוקאי 450גר לפסטיליה,גרמים,450.00,100 גרם,false,20,13.90,3.0889,true,1,28226
7290004323882,false,טחון הודו אדום מתובל,"טיבון ויל אחזקות בע""\מ",IL,בשר הודו אדום טחון 500 גר טיוונויל,גרמים,500.00,100 גרם,false,1,12.90,2.5800,true,1,6072
7290004323967,false,שניצל אמריקאי 700 ג,טיבון ויל,,שניצל אמריקאי 700 ג,גרמים,700.00,100 גרם,false,1,14.90,2.1286,true,1,48
7290004323998,false,שניצלוני עוף 700 ג' טיבון ויל,טיבון ויל,IL,שניצלוני עוף 800 גרם,גרמים,800.00,100 גרם,false,1,17.90,2.2375,true,1,61
7290004324605,false,גבינה מותכת למריחה בטעם רוקפור 7% מון בלאן 120 ג',האי נאם סי או אל.טי.,IL,גבינה מון בלאן רוקפור 120 גרם,גרמים,120.00,100 גרם,false,1,10.00,8.3333,true,1,4685
7290004324858,false,קבב כבש טיבון ויל 500 גרם,"טיבון ויל אחזקות בע""",IL,קבב כבש 500 גרם,גרמים,500.00,100 גרם,false,1,15.90,3.1800,true,1,334
7290004339173,false,המבורגר קינואה 400גרם טבע דלי,טבע דלי,IL,המבורגר קינואה 400 גר טבע דלי,גרמים,400.00,100 גרם,false,6,25.90,6.4750,true,1,6082
7290004339401,false,המבורגר אורז עדשים 400גרם טבע דלי,טבע דלי,IL,המבורגר אורז עדשים 400 גר טבע דלי,גרמים,400.00,100 גרם,false,6,25.90,6.4750,true,1,6081
7290004339425,false,שווארמה מהצומח 350 גרם טבע דלי,טבע דלי בעמ,IL,סייטן שוארמה 350 גר טבע דלי,גרמים,350.00,100 גרם,false,1,25.90,7.4000,true,1,6084
7290004339630,false,סייטן טבעי טבע דלי 350 גר,טבע דלי,IL,נקניק טבעי סייטן 350 גר טבע דלי ליב,גרמים,350.00,100 גרם,false,1,19.90,5.6857,true,1,9069
7290004339777,false,סייטן טחון בולונז 350 גרם טבע דלי,טבע דלי,IL,סייטן טחון בולונז 350 גר טבע דלי,גרמים,350.00,100 גרם,false,1,25.90,7.4000,true,1,11437
7290004339784,false,המבורגר ניו יורק על האש 400 גרם טבע דלי,טבע דלי,IL,המבורגר מיני על הגריל 400 גרם ליב,גרמים,400.00,100 גרם,false,6,25.90,6.4750,true,1,13976
7290004339807,false,המבורגר הוט מקסיקן כוסמת מש מונבט אורז מלא וצ'יה 400גר טבע דלי,טבע דלי בעמ,IL,המבורגר כוסמת מש אורז מלא 400 גר,גרמים,400.00,100 גרם,false,1,25.90,6.4750,true,1,11436
7290004339838,false,סייטן קבב מהצומח 350 גרם טבע דלי,טבע דלי,IL,קבב מהצומח 350 גר טבע דלי,גרמים,350.00,100 גרם,false,1,25.90,7.4000,true,1,11438
7290004339937,false,סייטן אמרנט ברוטב סויה סילאן ושום 350 גר,טבע דלי,IL,סייטן טבע דלי אמרנט רצועות ברוטב סויה350,גרמים,350.00,100 גרם,false,1,19.90,5.6857,true,1,13550
7290004339944,false,סיגרים בימלוי סייטןאמרנט 400 גר,,IL,סיגרים במילוי סייטן אמרנט 400גר טבע דלי,גרמים,400.00,100 גרם,false,1,28.90,7.2250,true,1,23841
7290004339975,false,קובה בורגול במילוי סטיין אמרנט 400 גר,טבע דלי,IL,קובה מטוגן סייטן טבע דלי אמרנט 400 גרם,גרמים,400.00,100 גרם,false,1,28.90,7.2250,true,1,13748
7290004339999,false,טבע דלי סייטן אמרנט שניצלונים 400גר,טבע דלי,IL,שניצלונים סייטן טבע דלי אמרנט 400 גרם,גרמים,400.00,100 גרם,false,1,28.90,7.2250,true,1,13749
7290004352349,false,שקיות כותנה לבישול 6,,IL,שקיות כותנה לבישול 6יח,יחידה,6.00,יחידה,false,20,26.90,4.4833,true,1,46675
7290004353346,false,ספוג רחצה הידרופילי,יושלם,,ג.ס. כפפה מוסקו,יחידה,1.00,יחידה,false,1,15.00,15.0000,true,1,1249
7290004367220,false,עוגת פס בטעמים,,,עוגת פס בטעמים,Unknown,0.00,Unknown,false,1,46.90,0.0000,true,1,15418
7290004367275,false,עוגת גבינה אפויה,,,עוגת גבינה אפויה,גרמים,50000.00,100 גרם,false,1,42.90,0.0858,true,1,11936
7290004480349,false,"משולש גבינת גאודה עיזים ""גד""",מחלבת אמלטי הולנד,IL,גבינת גאודה עיזים במשקל משולשים,קילוגרמים,1.00,"ק""ג",true,,139.00,139.0000,true,1,48778
7290004480363,false,גבינת קשקבל קשה במשק,מחלבות גד,IL,גבינת קשקבל קשה במשקל גלגל,קילוגרמים,1.00,"ק""ג",true,,155.00,155.0000,true,1,47870
7290004492274,false,בייגלה טבעות מלוחות בייגל בייגל 400 גרם,יוניליוור מזון,IL,בייגל גלגל 400 גרם,גרמים,400.00,100 גרם,false,1,10.90,2.7250,true,1,1402
7290004494049,false,פומה סוביניון בלאן-דלתון 750 מל,"יקב דלתון בע""\מ",IL,יין דלתון ס.בלאן פומה 750 מל פקדון,מיליליטרים,750.00,"100 מ""ל",false,1,60.00,8.0000,true,1,2631
7290004494315,false,יין כנען מוסקטו דלתון 750 מל,"יקב דלתון בע""מ",IL,יין כנען מוסקטו דלתון 2015 750 מל פקדון,מיליליטרים,750.00,"100 מ""ל",false,1,35.00,4.6667,true,1,4512
7290004494353,false,יין עלמה אייבורי דלת,"יקב דלתון בע""מ",IL,יין עלמה אייבורי דלתון 750מל פקדון,מיליליטרים,750.00,"100 מ""ל",false,1,80.00,10.6667,true,1,8485
7290004494551,false,יין דלתון רזרב ויוני,"יקב דלתון בע""מ",,יין דלתון רזרב ויונייה 750 מל פקדון,מיליליטרים,750.00,"100 מ""ל",false,1,90.00,12.0000,true,1,5067
7290004494599,false,"יין עלמה קרימזון 750 מ""ל דלתון","יקב דלתון בע""מ",IL,יין דלתון עלמה קרימזון 750מל פקדון,מיליליטרים,750.00,"100 מ""ל",false,1,80.00,10.6667,true,1,5643
7290004494681,false,יין אנה מוסקט קינוח,"יקב דלתון בע""מ",,יין אנה מוסקט קינוח דלתון 750מל פקדון,מיליליטרים,750.00,"100 מ""ל",false,1,125.00,16.6667,true,1,11064
7290004494919,false,יין כנען קברנה שיראז 750 מל דלתון,"יקב דלתון בע""מ",IL,יין כנען ק. שיראז דלתון 2015 750 מל,מיליליטרים,750.00,"100 מ""ל",false,1,45.00,6.0000,true,1,10592
7290004502690,false,וודקה פינלנדיה 1 ליטר,,,וודקה פינלנדיה 1 ליטר פקדון,ליטרים,1.00,ליטר,false,1,99.00,99.0000,true,1,2854
7290004528560,false,יין אדיר כרם בן זמרה,,,יין אדיר כרם בן זמרה סובניון בלאן,מיליליטרים,750.00,"100 מ""ל",false,1,85.00,11.3333,true,1,22588
7290004528737,false,"שנין בלאן בן זמרה 750מ""ל",פירות אדיר,IL,יין אדיר כרם בן זמרה שנין בלאן 750 מל,מיליליטרים,750.00,"100 מ""ל",false,6,85.00,11.3333,true,1,34127
7290004528775,false,יין פורט אדיר אדום,,IL,יין פורט אדיר אדום,מיליליטרים,750.00,"100 מ""ל",false,1,100.00,13.3333,true,1,11635
7290004528805,false,אדיר WINEMAKER EDITION פטיט סירה 750 מ,,,יין אדיר קברנה סוביניון 2011 750מל פקדון,מיליליטרים,750.00,"100 מ""ל",false,1,109.00,14.5333,true,1,49115
7290004536039,false,כפפות דלפין זוג ורוד מס8,ספונטקס,MY,כפפות ספונטקס רוזה זוג מס 8,Unknown,0.00,Unknown,false,1,8.50,0.0000,true,1,3049
7290004536053,false,כפפות דלפין 2 צבעים מס' 7,גורי,,כפפות דלפין 2 צבעים מס 7,Unknown,0.00,Unknown,false,1,11.90,0.0000,true,1,3481
7290004536060,false,כפפות דלפין 2 צבע מס' 8 MAPA,גורי,,כפפות דלפין 2 צבעים מס 8,Unknown,0.00,Unknown,false,1,11.90,0.0000,true,1,3482
7290004536077,false,כפפות צבעוניות מספר 9 דלפין,גורי,,כפפות דלפין 2 צבעים מס 9,Unknown,0.00,Unknown,false,1,11.90,0.0000,true,1,1156
7290004536336,false,ספירה מילוי יתושים 4,זובלה,IT,ספירה רפיל 45 לילות,יחידה,45.00,יחידה,false,1,12.90,0.2867,true,1,2423
7290004554354,false,גלידת פנטזיה שוקו וניל 1 ל' שטראוס,"גלידת שטראוס בע""\מ, רחוב",IL,גלידה פנטסיה שוקו וניל 900 מל,גרמים,900.00,100 גרם,false,1,19.90,2.2111,true,1,458
7290004554903,false,"גלידת פנטזיה שוקו וניל 900 מ""ל שטראוס","גלידת שטראוס בע""\מ, רחוב",IL,גלידה פנטסיה שוקו וניל 900 מל,גרמים,900.00,100 גרם,false,1,19.90,2.2111,true,1,457
7290004584306,false,רבעיית גמדים בטעם תות בננה * 100 ג' שטראוס,מיוצר עי קונדיטוריית,IL,מארז 4 יח סופר גמדים תות בננה 400 גרם,גרמים,400.00,100 גרם,false,1,11.90,2.9750,true,1,622
7290004584351,false,גבינה לבנה סימפוניה עם תוספות 200 ג' חמישית 200,"שטראוס בריאות בע""\מ",IL,גב.סימפוניה 5% טבעית 200 ג,גרמים,200.00,100 גרם,false,1,11.90,5.9500,true,1,637
7290004584528,false,יוגורט דנונה ביו לבן 1.7% שומן 200 גרם,מיוצר עי קונדיטוריית,IL,יוגורט דנונה ביו 1.5% 200 גרם,גרמים,200.00,100 גרם,false,1,3.80,1.9000,true,1,963
7290004585907,false,דני ועדן וניל 1.5% 125ג' שטראוס,מיוצר עי קונדיטוריית,IL,מעדן דני וניל 125 גר,גרמים,125.00,100 גרם,false,1,2.70,2.1600,true,1,1157
7290004603175,false,מלח הים האדום גס מלח הארץ 500 גרם,"חברת מלח הארץ אילת בע""\מ",IL,מלח הים האדום גס 500 גר במיכל,גרמים,500.00,100 גרם,false,1,8.90,1.7800,true,1,11629
7290004652401,false,ג'חנון ללא מרגרינה שגב 650 גר' לנדא,"שגמור בע""\מ",IL,גחנון ללא מרגרינה 650גר שגב,גרמים,650.00,100 גרם,false,12,19.90,3.0615,true,1,41184
7290004652418,false,מיני ג'חנון ללא מרגרינה שגב 650 גרם,"שגמור בע""\מ",IL,מיני גחנון ללא מרגרינה 650גר שגב,גרמים,650.00,100 גרם,false,12,19.90,3.0615,true,1,41185
7290004658953,false,יין סוביניון בלאן פרייבט קולקשן יקבי כרמל,"כד בני דרום בע""מ",IL,""" יין סובניון בלאן פי.סי 750 מל",מיליליטרים,750.00,"100 מ""ל",false,1,45.00,6.0000,true,1,601
7290004658960,false,יין אמרלד ריזלינג פרייבט קולקשן יקבי כרמל,אגודת הכורמים הקואופרטיב,IL,""" יין אמרלד ריזלינג פי סי 750 מל",מיליליטרים,750.00,"100 מ""ל",false,1,45.00,6.0000,true,1,1335
7290004685010,false,לחם 100% שיפון פלוס לחם הארץ 500 גר',מאפית י את א ברמן בע,IL,לחם הארץ שיפון פלוס 100% 750 גרם,גרמים,750.00,100 גרם,false,1,15.90,2.1200,true,1,9443
7290004685027,false,לחם חיטה מלאה פלוס לחם הארץ 500 גרם,מאפית י את א ברמן בע,IL,לחם הארץ חיטה מלאה פלוס 750 גרם,גרמים,750.00,100 גרם,false,1,15.90,2.1200,true,1,9442
7290004685089,false,לחם הארץ לחם חמניות 500 גר',מאפית י את א ברמן בע,IL,לחם הארץ חמניות 750 גרם,גרמים,750.00,100 גרם,false,1,15.90,2.1200,true,1,9441
7290004685126,false,לחם פומפרניקל לחם הארץ 750 גרם,מאפית י את א ברמן בע,IL,לחם הארץ 5 דגנים 750 גרם,גרמים,750.00,100 גרם,false,1,15.90,2.1200,true,1,1032
7290004685157,false,לחם שיפון 100% 750 גרם לחם הארץ,מאפית י את א ברמן בע,IL,לחם הארץ 100% שיפון 750 גרם,גרמים,750.00,100 גרם,false,1,15.90,2.1200,true,1,1034
7290004685195,false,לחם 10 דגנים לחם הארץ 750 גרם,מאפית י את א ברמן בע,IL,לחם הארץ 10 דגנים 750 גרם,גרמים,750.00,100 גרם,false,1,15.90,2.1200,true,1,3097
7290004685201,false,לחם הארץ שיפון אגוזים500,מאפית י את א ברמן בע,IL,לחם הארץ שיפון אגוזים 500 גרם,גרמים,500.00,100 גרם,false,1,15.90,3.1800,true,1,1033
7290004685225,false,לחם שיפון פומפרניקל מקמח שיפון,מאפית י את א ברמן בע,IL,לחם הארץ פומפרניקל 750 גרם,גרמים,750.00,100 גרם,false,1,15.90,2.1200,true,1,4599
7290004685430,false,לחם הארץ כוסמין 100% 500 גרם,מאפית י את א ברמן בע,IL,לחם הארץ כוסמין 100% 500 גרם,גרמים,500.00,100 גרם,false,1,15.90,3.1800,true,1,18193
7290004685447,false,לחמניות כוסמין 6 בשקית 450 גרם,מאפית ברמן מקבוצת י. את,IL,מארז לחמניות כוסמין 6יח 450 גר,גרמים,450.00,100 גרם,false,1,15.90,3.5333,true,1,30209
7290004685454,false,לחם שיבולת שועל 500 גר'.,מאפית י את א ברמן בע,IL,לחם שיבולת שועל 500גר ברמן,גרמים,500.00,100 גרם,false,1,15.90,3.1800,true,1,32795
7290004685478,false,פיתות כוסמין 100% כוסמין 550 גרם,"מאפיית אורן משי בע""\מ",IL,מארז פיתות כוסמין 10יחידות ברמן,יחידה,10.00,יחידה,false,1,13.90,1.3900,true,1,48036
7290004725600,false,גבינה סקנדינבית31% משקל,תנובה חלב,IL,גבינה סקנדינבית במשקל,קילוגרמים,1.00,"ק""ג",true,,82.00,82.0000,true,1,17160
7290004731076,false,אל סבון נוזלי עם אלוורה כיף 1 ליטר,טרופיקל דגיל תעשיות,IL,אלסבון כיף אלוורה 1 ליטר,ליטרים,1.00,ליטר,false,1,12.90,12.9000,true,1,4015
7290004731083,false,"סבון נוזלי לידיים ג'נסינג ""כיף""",טרופיקל דגיל תעשיות,IL,אלסבון כיף גינסנג 1 ליטר,ליטרים,1.00,ליטר,false,1,12.90,12.9000,true,1,4016
7290004731090,false,"סבון נוזלי לידיים קמומיל ""כיף""",קוסמופארם בע'\'\מ,IL,אלסבון כיף קמומיל 1 ליטר,ליטרים,1.00,ליטר,false,1,12.90,12.9000,true,1,4017
7290004731410,false,"שלישיית כריות קרצוף ירוקות סנו סושי 25X10.6 ס""מ",קריות זול,IL,סנו סושי סקוטש ענק ירוק,Unknown,0.00,Unknown,false,1,10.90,0.0000,true,1,4014
7290004731472,false,"שלישיית אלסבון צבעוני כיף 500 מ""ל",טרופיקל דגיל תעשיות,IL,מארז 3יח אלסבון כיף צבעוני 500מל,ליטרים,1.50,ליטר,false,1,19.90,13.2667,true,1,4018
7290004731519,false,"מקסימה מרכך ומבשם כביסה למייבש סנסיטיב סנו 750 מ""ל",סנו מקסימה,IL,סנו מקסימה למייבש 750 מל סנסטיב,מיליליטרים,750.00,"100 מ""ל",false,1,18.90,2.5200,true,1,4009
7290004731557,false,"מקסימה תרסיס מרכך ומבשם כביסה במייבש מאסק סנו 750 מ""ל",סנו מקסימה,IL,סנו מקסימה למייבש 750 מל בלאק,מיליליטרים,750.00,"100 מ""ל",false,1,18.90,2.5200,true,1,4010
7290004731564,false,"מקסימה מבשם ומרכך למייבש הכביסה בלו בלוסום 750 מ""ל",סנו מקסימה,IL,סנו מקסימה למייבש בלו בלוסום 750מל,מיליליטרים,750.00,"100 מ""ל",false,1,18.90,2.5200,true,1,19310
7290004731670,false,"מטהר אוויר דואופרש פצ'ולי לבנדר סנו 300 מ""ל","סנו מפעלי ברונוס בע""\מ",IL,מ.אוויר סנו דואופרש לבנדר ופצולי,מיליליטרים,300.00,"100 מ""ל",false,1,12.90,4.3000,true,1,4007
7290004731687,false,"מטהר אויר בניחוח וניל ולמון גראס סנו 300 מ""ל",סנו מפעלי ברונוס בעמ,IL,מ.אוויר סנו דואופרש וניל ולמון גראס,מיליליטרים,300.00,"100 מ""ל",false,1,12.90,4.3000,true,1,4008
7290004731984,false,משחת שיניים אורביטול להלבנה 145 גר,טרופיקל דגיל תעשיות קוסמ,IL,משחת שיניים אורביטול גו מלבינה 145גר,גרמים,145.00,100 גרם,false,24,16.90,11.6552,true,1,34925
7290004737900,false,חלב כחוש מרוכז וממותק בתוספת שמן צמחי ויליפוד 397 גרם,יו.איי.בי מאריג'אמפו,LT,חלב מרוכז ממותק 397 גרם,גרמים,397.00,100 גרם,false,1,9.90,2.4937,true,1,1070
7290004943301,false,ברוקולי קפוא 800 גרם,משק ויילר,IL,ברוקולי קפוא 800 גרם קפוא זן,גרמים,800.00,100 גרם,false,1,12.90,1.6125,true,1,1999
7290004943806,false,רבנות כרובית 800 גרם,משק ויילר,IL,כרובית קפואה 800 גרם קפוא זן,גרמים,800.00,100 גרם,false,1,12.90,1.6125,true,1,50589
7290004944032,false,חומוס אמיתי אסלי שמיר 400 גרם,"סלטי שמיר 2006 בע""מ",IL,חומוס אסלי 400 גרם,גרמים,400.00,100 גרם,false,1,9.90,2.4750,true,1,16152
7290004944049,false,טחינה אסלי שמיר 400 גרם,"סלטי שמיר 2006 בע""מ",IL,טחינה אסלי 400 גרם,גרמים,400.00,100 גרם,false,1,9.90,2.4750,true,1,16271
7290004944056,false,סדרת האסלי חציל במיונז שמיר 400 גרם,"סלטי שמיר 2006 בע""מ",IL,חציל במיונז אסלי 400 גרם,גרמים,400.00,100 גרם,false,1,9.90,2.4750,true,1,16153
7290004944063,false,סלט תורכי אסלי שמיר 400 ג',"סלטי שמיר 2006 בע""מ",IL,סלט תורכי אסלי 400 גרם,גרמים,400.00,100 גרם,false,1,10.90,2.7250,true,1,16155
7290004944070,false,כרוב אדום אסלי שמיר 400 ג',סלטי שמיר 2006,IL,כרוב אדום במיונז אסלי 400 גרם,גרמים,400.00,100 גרם,false,1,9.90,2.4750,true,1,16154
7290004952112,false,סוכר קנים אורגני הרדוף 1 קג,אול אורגני,IL,סוכר קנים אורגני 1 קג הרדןף,קילוגרמים,1.00,"ק""ג",false,1,11.50,11.5000,true,1,4423
7290004952136,false,"קמח כוסמין מלא אורגני 1 ק""ג - הרדוף",טחנת קמח יפו,IL,קמח כוסמין מלא אורגני 1 קג הרדוף,קילוגרמים,1.00,"ק""ג",false,12,16.90,16.9000,true,1,193
7290004952778,false,טופו מפולי סויה אורגני הרדוף 300 גר,כפר בריא בעמ,IL,טופו אורגני 300 ג הרדוף,גרמים,300.00,100 גרם,false,1,15.90,5.3000,true,1,3745
7290004952785,false,פריכיות דקות מאורז מלא וכוסמת אורגני 100 גרם הרדוף,פרח תעשיות,IL,פריכיות אורז כוסמת דקות אורגני 100 גר,גרמים,100.00,100 גרם,false,1,12.90,12.9000,true,1,20158
7290004952792,false,פריכיות אורז מלא דקות אורגני הרדוף 100גר,פרח תעשיות,IL,פריכיות אורז מלא דקות אורגני 100 גר הרדו,גרמים,100.00,100 גרם,false,1,12.90,12.9000,true,1,20157
7290004982355,false,צדר טריפל סיימן במשק,כושר דיירי,GB,גבינת צדר טריפל במשקל,קילוגרמים,1.00,"ק""ג",true,,99.00,99.0000,true,1,15538
7290004982379,false,גבינת פול אפי במשקל,בונגראן,IL,גבינת פול אפי במשקל,קילוגרמים,1.00,"ק""ג",true,,189.00,189.0000,true,1,404
7290004982393,false,גבינה ברס בלו במשקל1,בנוגראן,FR,גבינת ברס בלו במשקל,קילוגרמים,1.00,"ק""ג",true,,189.00,189.0000,true,1,1233
7290004982409,false,גבינת סנט אלברה במשק,בונגראן,,גבינת סנט אלברה במשקל,קילוגרמים,1.00,"ק""ג",true,,179.00,179.0000,true,1,499
7290005008184,false,"סבון נוזלי בניחוח חלב שקדים פלמוליב 500 מ""ל",הנסיך- מפעל לייצור ט,TR,פלמוליב סבון נוזלי חלב שקדים 500 מל,מיליליטרים,500.00,"100 מ""ל",false,1,16.90,3.3800,true,1,448
7290005008191,false,"סבון נוזלי ארומה בניחוח לבנדר פטצ'ולי וילנג ילנג פלמוליב 500 מ""ל",הנסיך- מפעל לייצור ט,TR,פלמוליב סבון נוזלי ארומה 500 מל,מיליליטרים,500.00,"100 מ""ל",false,1,16.90,3.3800,true,1,593
7290005008481,false,ספיד סטיק - דאודורנט ג'ל לגבר ספורט 85 גרם,הנסיך- מפעל לייצור ט,US,דאו.ספיד סטיק גל לגבר ספורט 24/7,Unknown,0.00,Unknown,false,1,18.90,0.0000,true,1,504
7290005020162,false,וויסקי סקוטי בלנטייס פיינסט 700 מל,פרנו,LK,וויסקי בלנטיין 700 מל פקדון,מיליליטרים,700.00,"100 מ""ל",false,1,89.00,12.7143,true,1,5024
7290005020353,false,רום בקרדי לבן 1 ליטר,,,משקה בקרדי לבן 1 ל פקדון,Unknown,0.00,Unknown,false,1,120.00,0.0000,true,1,5026
7290005020360,false,"רום בקרדי זהב 750 מ""ל",,,משקה בקרדי כהה 750 מל פקדון,מיליליטרים,750.00,"100 מ""ל",false,1,135.00,18.0000,true,1,3512
7290005040641,false,"ערמונים טריים כ-1 ק""",,IL,ערמונים 1 קג בשקית,לא מנהל יחידת מידה,1.00,לא מנהל יחידת מידה,false,1,19.90,19.9000,true,1,17030
7290005068492,false,לקט ירקות מעורבים 700 גרם פרי-גליל,"פרי הגליל בע""""מ",IL,לקט ירקות מעורבים קפוא 800 גר פרי גליל,גרמים,800.00,100 גרם,false,1,12.90,1.6125,true,1,5332
7290005068553,false,לקט ירקות בורגנדי 700 ג' פרי הגליל,"פרי הגליל בע""""מ",IL,לקט בורגונדי קפוא 800 גר פרי גליל,גרמים,800.00,100 גרם,false,1,12.90,1.6125,true,1,5331
7290005068621,false,ברוקולי קפוא פרי גליל 800ג',"פרי הגליל בע""""מ",IL,ברוקולי קפוא 800 גר פרי גליל,גרמים,800.00,100 גרם,false,1,15.90,1.9875,true,1,5039
7290005079238,false,פטה עיזים מעודנת16% משקל,מחלבת משק צוריאל,IL,גבינת בולגרית עיזים מעודנת 16% במשקל,קילוגרמים,1.00,"ק""ג",true,,100.00,100.0000,true,1,11648
7290005079344,false,מוצרלה נועם רכיבים ט,מחלבת משק צוריאל,IL,גבינת מוצרלה נעם במשקל,קילוגרמים,1.00,"ק""ג",true,,75.00,75.0000,true,1,32543
7290005084355,false,סנסודין משחת שיניים דואל קר פלואוריד 75,גלקסו סמית קליין,GB,מש.שיניים סנסודיין דואל קר 75 ג,גרמים,75.00,100 גרם,false,1,21.90,29.2000,true,1,4119
7290005084737,false,טפטפים - בייביסקין קרם החתלה ללא בושם 100 גרם,כ.צ.ט,IL,משחה בייבי סקין ללא בישום 100 מל כצט,מיליליטרים,100.00,"100 מ""ל",false,1,11.90,11.9000,true,1,9713
7290005095948,false,חנוכייה בינונית,"יודאיקה סנטר בע""מ",,חנוכיה קלאסית,יחידה,1.00,יחידה,false,1,17.90,17.9000,true,1,36713
7290005113222,false,זיתים קוקטייל וגמבה יבנה 350ג',קבוצת יבנה,IL,מיקס זיתים א/2 יבנה,גרמים,540.00,100 גרם,false,1,9.90,1.8333,true,1,5874
7290005113956,false,"מלפפון במלח בטעם פיקנטי 1.7 ק""ג קבוצת יבנה",,IL,מלפפון במלח תיבול ביתי פיקנטי 1.7 קג,גרמים,1700.00,100 גרם,false,6,21.90,1.2882,true,1,48709
7290005158407,false,עוגיות טחינה ואגוזים,פרוטרופיק סיה.,IL,עוגיות טחינה אגוזים כוסמין 300גר ל.סוכר,גרמים,300.00,100 גרם,false,1,27.90,9.3000,true,1,40056
7290005174513,false,חציל אחלה במיונז 500 ג' אחלה+ 33% תוספת,מיוצר עי קונדיטוריית,IL,סלט חציל במיונז 500גר,גרמים,500.00,100 גרם,false,6,16.90,3.3800,true,1,38347
7290005174551,false,סלט חומוס עם צנוברים 125 ג' אחלה,מיוצר עי קונדיטוריית,IL,חומוס יום יום 125 גרם,גרמים,125.00,100 גרם,false,1,4.90,3.9200,true,1,1049
7290005174568,false,סלט חצילים במיונז אחלה 125 גרם,"שטראוס גרופ בע""\מ",IL,חצילים יום יום 125 גרם,גרמים,125.00,100 גרם,false,1,4.90,3.9200,true,1,1088
7290005174575,false,טחינה אחלה יום יום משובחת 125ג',מיוצר עי קונדיטוריית,IL,טחינה יום יום 125 גרם,גרמים,125.00,100 גרם,false,1,4.90,3.9200,true,1,944
7290005175428,false,קמח תירס וילי פוד 500 גרם,קריות זול,AR,קמח תירס אינסטנט 500 גרם,גרמים,500.00,100 גרם,false,1,6.20,1.2400,true,1,197
7290005197758,false,"עוגיות חיוכים שוקולד עלית 150 גרם בד""צ",אפיפית נצרת תעשיות ב,IL,ביסקויט חיוכים שוקו 150 גר,גרמים,150.00,100 גרם,false,1,5.50,3.6667,true,1,1062
7290005199288,false,מסטיק MUST בטעם פטל לימון ללא סוכר 28 גרם,"שטראוס גרופ בע""מ",IL,מסטיק מאסט פטל לימון 28 ג פליפטופ,גרמים,28.00,100 גרם,false,1,5.00,17.8571,true,1,3749
7290005199578,false,קפה פלטינום נטול קפאין עלית 200 גרם,שטראוס קפה בי.וי.,IL,קפה נמס פלטינום נטול 200 ג,גרמים,200.00,100 גרם,false,1,34.90,17.4500,true,1,444
7290005199738,false,גומי מאסט בטעם פפרמינט ריח פה נעים פליפטופ 28 ג' עלית,"שטראוס גרופ בע""מ",IL,מסטיק מאסט לריח הפה 28 גרם,Unknown,0.00,Unknown,false,1,5.00,0.0000,true,1,907
7290005200786,false,תפוצ'יפס בטעם שמנת בצל עלית 50 גרם,"שטראוס פריטו ליי בע""\מ )",IL,תפוציפס שמנת ובצל 50 גר,Unknown,0.00,Unknown,false,1,4.00,0.0000,true,1,40
7290005201455,false,קפה נמס מגורען ארומה קלאסי עלית 200 גרם,"אינסטנטה בע""מ",PL,קפה נמס ארומה 200 ג,גרמים,200.00,100 גרם,false,1,23.90,11.9500,true,1,1363
7290005201882,false,קפה טורקי בצלופן עלית 200 גרם,הנסיך- מפעל לייצור ט,IL,קפה טורקי 200 ג עלית,גרמים,200.00,100 גרם,false,1,15.90,7.9500,true,1,557
7290005230035,false,צלחות גדולות חד פעמי,פאלאס,IL,צלחות גדולות חד פעמי 50 יח,יחידה,50.00,יחידה,false,1,18.90,0.3780,true,1,310
7290005230042,false,צלחות קטנות חד פעמי,פאלאס תעשיות נטו,IL,צלחות קטנות חד פעמי 50 יח,יחידה,50.00,יחידה,false,1,10.90,0.2180,true,1,311
7290005230059,false,צלחות מרק חד פעמי 25,פאלאס תעשיות נטו,IL,צלחות מרק חד פעמי 25 יח,יחידה,25.00,יחידה,false,1,9.90,0.3960,true,1,14464
7290005230066,false,צלחות לפתן חד פעמי 2,פאלאס תעשיות נטו,IL,צלחות לפתן חד פעמי 25 יח,יחידה,25.00,יחידה,false,1,4.90,0.1960,true,1,14462
7290005230639,false,מרקיות אלגנט לבן 25 יח',פאלאס,IL,צלחות מרק אלגנט חד פעמי לבן/שחור 25 יח,יחידה,25.00,יחידה,false,1,10.90,0.4360,true,1,3130
7290005230738,false,צלחת גדולה לבן קלאסי,פאלאס,IL,צלחות חד פעמי גדולות לבן קלאסיק 125יח,יחידה,125.00,יחידה,false,1,69.90,0.5592,true,1,13746
7290005230752,false,צלחות חד פעמי קטנות,,,צלחות חד פעמי קטנות לבן קלאסיק 125יח,יחידה,125.00,יחידה,false,1,42.90,0.3432,true,1,13353
7290005230769,false,צלחות חד פעמי בינוני,פאלאס,IL,צלחות חד פעמי בינונית 50 יח,יחידה,50.00,יחידה,false,1,15.90,0.3180,true,1,3129
7290005230776,false,צלחת מרק לבן קלאסיק,פאלאס,IL,צלחות מרק חד פעמי לבן קלאסיק 125יח,יחידה,125.00,יחידה,false,1,44.90,0.3592,true,1,13357
7290005230806,false,כוסות איכותיות פאלאס,פאלאס,IL,כוס שתיה קרה 100 יח פאלאס,יחידה,100.00,יחידה,false,1,8.90,0.0890,true,1,3689
7290005230882,false,צלחות חד פעמי אלגנט,,,צלחות חד פעמי אלגנט 10 לבן 25 יח,יחידה,25.00,יחידה,false,1,26.90,1.0760,true,1,13366
7290005271410,false,גליקסמן ביצים רגילות,גליקסמן שיווק ביצים,IL,ביצה גדול 12יח לארג***,יחידה,12.00,יחידה,false,1,12.05,1.0042,true,1,17724
7290005271427,false,גליקסמן ביצים רגילות,גליקסמן שיווק ביצים,IL,ביצה בינוני 12יח מדיום***,יחידה,12.00,יחידה,false,1,11.15,0.9292,true,1,17725
7290005271458,false,ביצים אורגניות לארג,גליקסמן שיווק ביצים,IL,ביצים אורגניות לארג 12יח,יחידה,12.00,יחידה,false,1,22.90,1.9083,true,1,17736
7290005271465,false,ביצים אורגניות מדיום,גליקסמן שיווק ביצים,IL,ביצים אורגניות מדיום 12יח,יחידה,12.00,יחידה,false,1,21.90,1.8250,true,1,17737
7290005271632,false,ביצים עטוף אומגה L 3,גליקסמן,,ביצים אומגה 3 לארג 30יח,יחידה,30.00,יחידה,false,1,42.90,1.4300,true,1,19627
7290005271656,false,גליקסמן ביצים אומגה,גליקסמן שיווק ביצים,IL,ביצים אומגה 3 אקס אל 20יח,יחידה,20.00,יחידה,false,1,34.90,1.7450,true,1,17731
7290005271687,false,אריזון 12 ביצים L-אומגה 3 מעושרות,גליקסמן שיווק ביצים,IL,ביצים אומגה 3 לארג 12יח,יחידה,12.00,יחידה,false,1,20.90,1.7417,true,1,17733
7290005271755,false,תבנית ביצים L חופש 12יחי,גליקסמן שיווק ביצים,IL,ביצי חופש לארג 12 יח,יחידה,12.00,יחידה,false,1,19.90,1.6583,true,1,17738
7290005271786,false,ביצים ארוזות Mעטוף 3,גליקסמן שיווק ביצים,IL,ביצה בינוני 30 יח מדיום***,יחידה,30.00,יחידה,false,1,27.87,0.9290,true,1,17728
7290005287206,false,רביעיית טונה בשמן סטארקיסט 160 גרם,"סטארקיסט פודור בע""מ",VN,רביעיית טונה סטארקיסט שמן160גר,גרמים,640.00,100 גרם,false,1,24.90,3.8906,true,1,1894
7290005287251,false,רביעיית טונה במים סטארקיסט 160 גרם,"סטארקיסט פודור בע""מ",VN,רבייעת טונה סטארקיסט במים 160 גרם,גרמים,640.00,100 גרם,false,1,24.90,3.8906,true,1,3867
7290005287510,false,"סטארקיסט טונה בשמן עם פלפל חריף 160 גרם בד""צ",תאי יוניון גרופ,TH,טונה סטארקיסט בשמן עם פלפל חריף 160 גר,גרמים,160.00,100 גרם,false,1,7.90,4.9375,true,1,5746
7290005287527,false,"סטארקיסט טונה בשמן עם לימון 160 גרם בד""צ",תאי יוניון גרופ,TH,טונה סטארקיסט בשמן עם לימון 160 גר פ.ק,גרמים,160.00,100 גרם,false,1,7.90,4.9375,true,1,5748
7290005287534,false,"סטארקיסט טונה בשמן עישון טבעי 160 גרם בד""צ",תאי יוניון גרופ,IL,טונה סטארקיסט בשמן עישון 160 גר פ.ק,גרמים,160.00,100 גרם,false,1,7.90,4.9375,true,1,5747
7290005296246,false,"פותח סתימות דריין אאוט 946 מ""ל יעקבי",יוליניבר,US,פותח סתימות צנרת יעקבי,Unknown,0.00,Unknown,false,1,29.90,0.0000,true,1,416
7290005296260,false,"אסטוניש ספריי רסס ונגב לניקוי כללי יעקבי 750 מ""ל",יעקובי אסטוניש,GB,אסטוניש רסס נגב 750 מל ירוק,מיליליטרים,750.00,"100 מ""ל",false,1,13.90,1.8533,true,1,1342
7290005296857,false,"פוליבוי ספריי מנקה ומבריק הכל יעקבי 300 מ""ל",דרמרס DRAMERS,DE,ספריי לרהיטים מבריקים הפי,מיליליטרים,300.00,"100 מ""ל",false,1,16.90,5.6333,true,1,3620
7290005296871,false,מנקה ומבריק רהיטי עץ,פוליבוי,DE,נוזל פוליבוי לניקוי רהיטי עץ,Unknown,0.00,Unknown,false,1,15.90,0.0000,true,1,3621
7290005296895,false,פוליבוי קצף לכלי כסף,פוליבוי,DE,נוזל פוליבוי לניקוי כלי כסף,Unknown,0.00,Unknown,false,1,26.50,0.0000,true,1,408
7290005326387,false,עגבניות מיובשות בשמן זית אוליביה 270 גרם,אוליביה,IL,עגבניות מיובשות בשמן זית 270 ג אוליביה,גרמים,270.00,100 גרם,false,1,17.90,6.6296,true,1,535
7290005326523,false,ממרח פסטו פטרוזיליה ונענע אוליביה 180 גרם,אוליביה,IL,ממרח פסטו פטרוזיליה נענע 180 גר,גרמים,180.00,100 גרם,false,1,13.90,7.7222,true,1,13597
7290005358241,false,לשון בקר נקי קפוא מו,ש.י.ל.ה,IL,לשון בקר נקי קפוא מוכשר,קילוגרמים,1.00,"ק""ג",true,,39.90,39.9000,true,1,15
7290005358739,false,בשר ראש קפוא חלק במש,פריגוצאקו,IL,בשר ראש קפוא חלק במשקל,קילוגרמים,1.00,"ק""ג",true,,79.90,79.9000,true,1,29926
7290005358753,false,לשון בקר קפוא חלק קג,נטו,BR,לשון חלק קפוא,קילוגרמים,1.00,"ק""ג",true,,39.90,39.9000,true,1,32303
7290005358883,false,שריר מס' 8 חלק קפוא קג,טאק טורו,BR,בשר בקר מס 8 מוכשר קפוא במשקל,קילוגרמים,1.00,"ק""ג",true,,32.90,32.9000,true,1,27717
7290005384837,false,"מיץ לימונים מלימונים טריים 500 מ""ל",דריבדוס סיטרוס,ES,מיץ לימון 500 מל ויליפוד,מיליליטרים,500.00,"100 מ""ל",false,1,7.90,1.5800,true,1,796
7290005384851,false,וילי פוד מיץ לימון בדץ 200מל,קריות זול,IT,מיץ לימון 200 מל ויליפוד,מיליליטרים,200.00,"100 מ""ל",false,1,4.50,2.2500,true,1,797
7290005400155,false,פתיתים כוסמין מקור הכוסמין 500 גר,שיבולים בני דרום,IL,פתיתים אפויים קמח כוסמין 400 גרם,גרמים,400.00,100 גרם,false,1,13.90,3.4750,true,1,22155
7290005418709,false,"נטורל קרם לחות לקיבוע תלתלים גלי 400 מ""ל",מיוצר עי אמיליה קוסמ,IL,קרם לחות ברגע לעיצוב תלתלים 400 מל גו,מיליליטרים,400.00,"100 מ""ל",false,1,24.90,6.2250,true,1,1031
7290005418716,false,"קרם לחות לבניית תלתלים עגולים נטורל פורמולה 400 מ""ל",מיוצר עי אמיליה קוסמ,IL,קרם לחות ברגע לבניית תלתלים 400 מל גו,מיליליטרים,400.00,"100 מ""ל",false,1,24.90,6.2250,true,1,250
7290005423055,false,סנו פורטה פלוס מתז בניחות לימון 1 ל',"סנו מפעלי ברונוס בע""\מ",IL,סנו פורטה פלוס 1ליטר בניחוח לימון,ליטרים,1.00,ליטר,false,12,18.90,18.9000,true,1,27275
7290005423086,false,מטהר אוויר סנומוד פר,סנו מפעלי ברונוס בעמ,IL,מטהר אוויר סנומוד פרדייז,מיליליטרים,150.00,"100 מ""ל",false,1,12.90,8.6000,true,1,21081
7290005423383,false,מטהר אוויר סנומוד גל,סנומוד,IL,מטהר אוויר סנומוד גלמור,מיליליטרים,150.00,"100 מ""ל",false,1,12.90,8.6000,true,1,21082
7290005423482,false,"קרם לניקוי כיריים קרמיים סנו 300 מ""ל",מיוצר עי קונדיטוריית,IL,קרם לניקוי כיריים 300 מל,מיליליטרים,300.00,"100 מ""ל",false,1,17.90,5.9667,true,1,246
7290005423499,false,"תרסיס לניקוי משטחי נירוסטה אירוסל סנו 500 מ""ל",מיוצר עי קונדיטוריית,IL,סנו נירוסטה לניקוי והברקה,מיליליטרים,476.00,"100 מ""ל",false,1,19.90,4.1807,true,1,705
7290005423543,false,משחת שיניים מלבינה לבן אורביטול 145 גרם,טרופיקל דגיל קוסמטיק,IL,משחת שיניים אורביטול הלבנת 145 גר,גרמים,145.00,100 גרם,false,1,9.90,6.8276,true,1,1312
7290005423567,false,מטליות ניקוי רב שימושיות בגליל סנו סושי 40 יחידות,אסותא תעשיות אלבד בע,IL,מטלית סנו סושי גליל 40 יח צהוב,יחידה,40.00,יחידה,false,1,20.90,0.5225,true,1,1737
7290005423635,false,ריצפז נוזל רצפות דוחה תיקנים סנו 2 ליטר,מיוצר עי קונדיטוריית,IL,נוזל ריצפז דוחה חרקים 2 ליטר,ליטרים,2.00,ליטר,false,1,19.90,9.9500,true,1,117
7290005423734,false,מרכך כביסה מרוכז אולטרא פרש סנו מקסימה 4 ליטר,"סנו מפעלי ברונוס בע""\מ",IL,מרכך כביסה סנומקסימה 4 ליטר א.פרש,ליטרים,4.00,ליטר,false,1,22.90,5.7250,true,1,679
7290005423833,false,פוליויקס נוזל לניקוי פרקט סנו 2 ליטר,"סנו מפעלי ברונוס בע""\מ",IL,נוזל רצפה פוליויקס פרקט 2 ליטר,ליטרים,2.00,ליטר,false,1,19.90,9.9500,true,1,409
7290005423918,false,סנו - מקסימה מרכך כביסה היפואלרגני אלוורה 4 ליטר,"סנו מפעלי ברונוס בע""\מ",IL,מרכך כביסה סנומקסימה 4 ל בייבי,ליטרים,4.00,ליטר,false,1,22.90,5.7250,true,1,680
7290005424021,false,"סנופרש הום מנטרל ריחות רעים 350 מ""ל",סנו fresh,IL,מנטרל ריחות רעים סנו ריפרש 350מל,מיליליטרים,350.00,"100 מ""ל",false,1,16.90,4.8286,true,1,49585
7290005424311,false,"קוטל חרקים רב קוטל K סנו 500 מ""ל",מיוצר עי קונדיטוריית,IL,קוטל חרקים/תיקנים רב קוטל 400 מל,מיליליטרים,400.00,"100 מ""ל",false,1,21.90,5.4750,true,1,1418
7290005424403,false,"אל סבון כיף אצות ים קטיפתי 1ליטר,",טרופיקל דגיל תעשיות,IL,אלסבון כיף אצות ים 1 ליטר,ליטרים,1.00,ליטר,false,1,12.90,12.9000,true,1,2485
7290005424472,false,אורביטול מי פה להלבנת שיניים 1 ל',אורביטול,IL,מי פה אורביטול להלבנת שיניים 1 ליטר,ליטרים,1.00,ליטר,false,1,26.90,26.9000,true,1,17868
7290005424700,false,סנו - פורטה פלוס מרסס מסיר שומנים 1 ליטר,"סנו מפעלי ברונוס בע""\מ",IL,סנו פורטה פלוס להסרת לכלוך ושומן שרוף 1ל,ליטרים,1.00,ליטר,false,12,18.90,18.9000,true,1,23292
7290005424755,false,מטליות ריצפז פלוס לחות לניקוי רצפות דוחה תיקנים 10 יח' סנו,סנו מפעלי ברונוס בעמ,IL,מטליות לחות דוחה תיקנים ריצפז פלוס 10יח,יחידה,10.00,יחידה,false,12,15.90,1.5900,true,1,23225
7290005424762,false,ריצפז פלוס ווקס נוזל להברקת רצפות דוחה תיקנים סנו 2 ליטר,"סנו מפעלי ברונוס בע""\מ",IL,ריצפז פלוס ווקס דוחה חרקים 2 ליטר,ליטרים,2.00,ליטר,false,1,28.90,14.4500,true,1,3660
7290005424809,false,כריות קרצוף ענקיות לניקוי כללי סנו סושי 3 יחידות,קריות זול,IL,סנו סושי סקוטש ענק אדום,יחידה,1.00,יחידה,false,1,10.90,10.9000,true,1,516
7290005424915,false,"סנומוד מבשם אויר בניחוח לבנדר פטצ'ולי סנו 150 מ""ל",סנו מפעלי בורונוס בע,IL,מטהר אוויר סנומוד לבנדר,מיליליטרים,150.00,"100 מ""ל",false,1,12.90,8.6000,true,1,2490
7290005424991,false,סנו פרש אוטומטיק בהתזה קצובה ניחוח בייבי פאודר,סנו מפעלי ברונוס בעמ,IL,מ.אויר סנו פרש אוטומאיק בייבי טלק 250מל,מיליליטרים,250.00,"100 מ""ל",false,12,14.90,5.9600,true,1,31276
7290005425073,false,"מטהר אויר בניחוח יסמין ועץ סאנדלווד סנו 300 מ""ל","סנו מפעלי ברונוס בע""\מ",IL,מ.אוויר סנו דואופרש יסמין ועץ סאנדלווד,Unknown,0.00,Unknown,false,1,12.90,0.0000,true,1,2494
7290005425097,false,אורביטול צמד משחות שיניים + זוג מברשות,קוסמופארם,IL,זוג מש.שיניים אורביטול הלבנה+2 מברשות,Unknown,0.00,Unknown,false,1,16.90,0.0000,true,1,3032
7290005425110,false,"חיטוי משטחים 99.9% מתז מחטא ומשמיד 750 מ""ל","סנו מפעלי ברונוס בע""\מ",IL,מרסס לחיטוי משטחים סדרת 99% 750מל,מיליליטרים,750.00,"100 מ""ל",false,12,11.90,1.5867,true,1,27547
7290005425127,false,"חיטוי משטחים 99.9% מתז לשומנים ואבנית 750 מ""ל","סנו מפעלי ברונוס בע""\מ",IL,מרסס לחיטוי וניקוי יסודי סדרת 99% 750מל,מיליליטרים,750.00,"100 מ""ל",false,12,11.90,1.5867,true,1,27548
7290005425202,false,אבקת כביסה ביו מקסימה לכתמים קשים,"סנו מפעלי ברונוס בע""\מ",IL,אב.כביסה מקסימה ביו 2.5 קג,קילוגרמים,2.50,"ק""ג",false,1,26.90,10.7600,true,1,2514
7290005425585,false,מטליות לחות לניקוי רהיטים סנו 20 יחידות,"סנו מפעלי ברונוס בע""\מ",IL,סנו רהיט מטליות,יחידה,20.00,יחידה,false,1,14.90,0.7450,true,1,2506
7290005425646,false,קליר נוזל לניקוי חלונות רב תכליתי סנו 1 ליטר,"סנו מפעלי ברונוס בע""\מ",IL,סנוקליר אקדח 1 ליטר,ליטרים,1.00,ליטר,false,1,11.90,11.9000,true,1,2781
7290005425660,false,מכשיר סנומט+מילוי 30X2יח,General,IL,סנומט מכשיר 60 לילות,Unknown,0.00,Unknown,false,1,32.90,0.0000,true,1,2487
7290005425714,false,"שמפו שטיחים סנו פלוס 600 מ""ל","סנו מפעלי ברונוס בע""\מ",IL,סנו שמפו שטיחים פלוס,מיליליטרים,600.00,"100 מ""ל",false,1,25.90,4.3167,true,1,2507
7290005425745,false,משחה אורביטול להלבנה145ג,טרופיקל דגיל,IL,מש.שיניים אורביטול אלפיין פרש 145 גר,גרמים,145.00,100 גרם,false,1,9.90,6.8276,true,1,2529
7290005426186,false,סקוטש כריות קרצוף ענקיות סנו סושי 3 יחידות,קריות זול,US,כרית קרצוף סנו סושי שלישייה ענק,יחידה,1.00,יחידה,false,1,19.90,19.9000,true,1,3099
7290005426193,false,ספוגית הפלא סנו סושי 6 יחידות,טרופיקל דגיל תעשיות,IL,ספוג הפלא סנו סושי שישייה,יחידה,6.00,יחידה,false,1,12.90,2.1500,true,1,3019
7290005426230,false,מטלית הפלא לרצפה מיקרופייבר סנו 1יח',סנו סושי,IL,מטלית הפלא לריצפה סנו סושי,יחידה,1.00,יחידה,false,1,12.90,12.9000,true,1,2524
7290005426384,false,"סנומוד מבשם אויר מיס מיליון סטטוס סנו 150 מ""ל",סנו מפעלי ברונוס בעמ,IL,מטהר אוויר סנומוד סטטוס,מיליליטרים,150.00,"100 מ""ל",false,1,12.90,8.6000,true,1,2493
7290005426391,false,"מטהר אויר ריחני נטול גז דולצ'סה סנו 150 מ""ל",קריות זול,,מטהר אוויר סנומוד דולצה,מיליליטרים,150.00,"100 מ""ל",false,1,12.90,8.6000,true,1,2492
7290005426629,false,"סנו דואופרש אורן לוטוס ופרחי מים ודובדבן, 300 מ""ל",סנו fresh,IL,מ.אוויר סנו דואופרש לוטוס ופרחי מים,Unknown,0.00,Unknown,false,1,12.90,0.0000,true,1,3042
7290005426735,false,"סנו - מקסימה אבקת כביסה בלאק 1.25 ק""ג",קריות זול,IL,אב.כביסה מקסימה 1.25 קג שחור,קילוגרמים,1.25,"ק""ג",false,1,13.90,11.1200,true,1,3181
7290005426803,false,מקסימה מרכך כביסה פצ'ולי לבנדר סגול סנו 4 ליטר,סנו מקסימה,IL,מרכך כביסה סנומקסימה 4 ל בגדים לבנים,ליטרים,4.00,ליטר,false,1,22.90,5.7250,true,1,3727
7290005426865,false,אורביטול - משחת שיניים לילדים בטעם מסטיק 70 גרם,טרופיקל דגיל תעשיות קוסמ,IL,אורביטול ילדים מסטיק,גרמים,70.00,100 גרם,false,1,7.90,11.2857,true,1,2704
7290005426940,false,300-K פלוס8 קוטל חרקי400,טרופיקל דגיל תעשיות,IL,קיי 300 פלוס 8 קוטל תקינים 400 מל,מיליליטרים,400.00,"100 מ""ל",false,1,21.90,5.4750,true,1,3960
7290005426964,false,סנובון סבון לאסלה בניחוח אפרסק סנו 3 יחידות,סנו מפעלי ברונו בעמ,IL,סבון אסלה סנובון כחול שלישיה אפרסק,יחידה,3.00,יחידה,false,1,14.90,4.9667,true,1,3016
7290005426971,false,סנובון סבון לאסלה תפוח כחול סנו 3 יחידות,סנו מפעלי ברונו בעמ,IL,סבון אסלה סנובון כחול שלישיה תפוח,יחידה,3.00,יחידה,false,1,14.90,4.9667,true,1,3017
7290005427107,false,סנו - סושי מגבות נייר הפלא 6 יחידות,מיוצר עי קונדיטוריית,IL,מגבות נייר למטבח סנו סושי פלא 6 יח,Unknown,0.00,Unknown,false,1,12.90,0.0000,true,1,3214
7290005427619,false,"כיף גל לשיער לשיער קוצים 1ק""ג",גוד פוד פרודקטס S.p,IL,גל אקסטרים כיף לשיער קוצים 1 קג,קילוגרמים,1.00,"ק""ג",false,1,24.90,24.9000,true,1,3138
7290005427626,false,"ג'ל לעיצוב השיער למראה רטוב כיף 1 ק""ג",קוסמופארם בעמ,IL,גל אקסטרים כיף למראה רטוב 1 קג,קילוגרמים,1.00,"ק""ג",false,1,24.90,24.9000,true,1,3136
7290005427633,false,"כיף גל לשיער לשיער חזק במיוחד 1 ק""ג",קוסמופארם,IL,גל אקסטרים כיף לשיער חזק 1 קג,קילוגרמים,1.00,"ק""ג",false,1,24.90,24.9000,true,1,3137
7290005427848,false,מטליות ניקוי רב שימושיות בגליל סנו סושי 40 יחידות,קריות זול,IL,מטלית סנו סושי ורוד גליל 40 יח,יחידה,30.00,יחידה,false,1,20.90,0.6967,true,1,4013
7290005429279,false,סנו מקסימה קומפקט קומפקט אפקט גאוול 6 ק,סנו מפעלי ברונוס בעמ,IL,אב.כביסה סנו מקסימה זאוול 6 קג,קילוגרמים,6.00,"ק""ג",false,1,51.90,8.6500,true,1,3183
7290005429286,false,"אבקת כביסה מקסימה ביו 6 ק""ג סנו",סנו מקסימה,IL,אב.כביסה סנו מקסימה ביו 6 קג,קילוגרמים,6.00,"ק""ג",false,1,51.90,8.6500,true,1,3184
7290005430480,false,מטלית הפלא למשטחים מיקרופייבר סנו סושי 1 יחידה,קריות זול,IL,מטלית הפלא סנו סושי מיקרופייבר לשיש,יחידה,1.00,יחידה,false,1,7.90,7.9000,true,1,2523
7290005430602,false,"סנו אוקסיג'ן ספריי להסרת כתמים עם חמצן פעיל 750 מ""ל","סנו מפעלי ברונוס בע""",IL,מסיר כתמים סנו אוקסיגן 750 מל,מיליליטרים,750.00,"100 מ""ל",false,1,17.90,2.3867,true,1,686
7290005430671,false,פוליויקס נוזל לניקוי קרמיקה סנו 2 ליטר,סנו מפעלי ברונו בעמ,IL,סנו פוליויקס קרמיקה 2 ליטר,ליטרים,2.00,ליטר,false,1,19.90,9.9500,true,1,410
7290005430961,false,שמפו לכביסה עדינה ביד בד גארד סנו מקסימה 1 ליטר,יושלם,,נוזל כביסה מקסימה בד גארד 1 ל,ליטרים,1.00,ליטר,false,1,18.90,18.9000,true,1,2515
7290005431159,false,תותים בקצפת לייט עדן קינוחים 80 גרם,עדן קינוחים,IL,קינוח תותים בקצפת לייט 80גר עדן קינוחים,Unknown,0.00,Unknown,false,12,6.90,0.0000,true,1,45198
7290005431883,false,מלבי חלבי עדן קינוחים 165 גרם,עדן קינוחים Eden,IL,מלבי עדן קינוחים 165גר חלבי,גרמים,165.00,100 גרם,false,12,6.90,4.1818,true,1,31456
7290005431906,false,קדאיף עדן קינוחים 82 גרם,עדן קינוחים Eden,IL,קדאיף עדן קינוחים 82גר חלבי,גרמים,82.00,100 גרם,false,12,6.90,8.4146,true,1,31459
7290005431913,false,עוגת גבינה פירורים עדן קינוחים 92 גרם,עדן קינוחים Eden,IL,עוגת גבינה פירורים 92גרם עדן קינוחי,גרמים,92.00,100 גרם,false,12,6.90,7.5000,true,1,31458
7290005431920,false,עוגת גבינה פירורים לייט עדן קינוחים 78 גרם,עדן קינוחים Eden,IL,עוגת גבינה פירורים לייט 78גרם עדן קינוחי,גרמים,78.00,100 גרם,false,12,6.90,8.8462,true,1,31457
7290005431937,false,טירמיסו עדן קינוחים 82 גרם,עדן קינוחים Eden,IL,טירמיסו עדן קינוחים 82גר חלבי,גרמים,82.00,100 גרם,false,12,6.90,8.4146,true,1,31455
7290005431968,false,מלבי שמנת עדן קינוחים 150 גרם,עדן קינוחים Eden,IL,מלבי שמנת עדן קינוחים 150גר חלבי,גרמים,150.00,100 גרם,false,12,7.90,5.2667,true,1,33925
7290005477669,false,סבון נוזלי דרמפון מועשר לחות קרליין 1 ליטר,"אמיליה קוסמטיקס בע""מ",IL,סבון נוזלי דרמפון מועשר בלחות 1 ל,ליטרים,1.00,ליטר,false,1,17.90,17.9000,true,1,1161
7290005491252,false,ריבת תות ויין שרדונה,General,IL,ריבת תות שרדונה 220 גר,גרמים,220.00,100 גרם,false,1,19.90,9.0455,true,1,48737
7290005491290,false,ריבת דובדבן ויין שיראז,General,IL,ריבת דובדבן שיראז 240 גר,גרמים,220.00,100 גרם,false,1,19.90,9.0455,true,1,48733
7290005509445,false,עוגיות מיני קוקיס חמאה בצנצנת כרמית 600 גרם,כרמית תעשיות ממתקים,IL,עוג.מיני קוקיס בטעם חמאה600 גר,גרמים,600.00,100 גרם,false,1,15.90,2.6500,true,1,794
7290005559587,false,מאפה נקניקיה בבצק מעדנות 800ג',מיוצר עי קונדיטוריית,IL,מאפה נקניקיות 800 גרם,גרמים,800.00,100 גרם,false,1,28.90,3.6125,true,1,908
7290005559709,false,בורקס פיצה מעדנות 700 גרם,"מעדנות בע""\מ",IL,בורקס פיצה 700 גרם,גרמים,700.00,100 גרם,false,1,27.50,3.9286,true,1,1393
7290005559907,false,פיצה משפחתית 100% גבינה מעדנות 500 גרם,מיוצר עי קונדיטוריית,IL,פיצה משפחתית גבינה 500 גר,גרמים,500.00,100 גרם,false,1,25.50,5.1000,true,1,1785
7290005559914,false,פיצה משפחתית עם 100% גבינה בתוספת זיתים מעדנות 550 גרם,מיוצר עי קונדיטוריית,IL,פיצה משפחתית עם זיתים 550 גר,גרמים,550.00,100 גרם,false,1,27.50,5.0000,true,1,1786
7290005559990,false,בצק פילאס תורכי מעדנות 600 גרם,מיוצר עי קונדיטוריית,IL,בצק פילאס טורקי 600 גרם,גרמים,600.00,100 גרם,false,1,24.50,4.0833,true,1,1908
7290005589492,false,שלווה חיטה מלאה דבש 200 גרם דגן,מפעלי דגן,IL,חטיף חיטה תפוחה ודבש 200 ג דגן,גרמים,200.00,100 גרם,false,1,7.00,3.5000,true,1,14123
7290005591761,false,דבש טהור מפרחי בר בלחיץ 400 ג' יד מרדכי,מכוורת יד מרדכי שטראוס ב,IL,דבש טהור לחיץ 400 גר יד מרדכי,גרמים,400.00,100 גרם,false,1,21.90,5.4750,true,1,1146
7290005680052,false,טמפונים סופר פלוס אובה 32 יחידות,גונסון אנד גונסון,GR,טמפון אובה קלאסי סופר פלוס 32 יח,יחידה,32.00,יחידה,false,1,29.90,0.9344,true,1,1423
7290005686436,false,תפוחי עץ מיובש קופסא 160 גרם,"דין שיווק וקלייה בע""",IL,תפוח עץ מיובש 160 גרם בקופסא,גרמים,160.00,100 גרם,false,1,12.90,8.0625,true,1,2189
7290005697173,false,גבינת ברי עיזים במשק,,,גבינת ברי עיזים במשקל,קילוגרמים,1.00,"ק""ג",true,,180.00,180.0000,true,1,11046
7290005697227,false,גבינת בושה עיזים במש,,,גבינת בושה עיזים במשקל,קילוגרמים,1.00,"ק""ג",true,,179.00,179.0000,true,1,11050
7290005697272,false,תום עיזים מונפורט מנות שקיל,גלילי,,גבינת תום עיזים מונפורט שקיל,קילוגרמים,1.00,"ק""ג",true,,199.00,199.0000,true,1,11051
7290005697289,false,גבינת תום עיזים מורב,גלילי,,גבינת תום עיזים מורבייה שקיל,קילוגרמים,1.00,"ק""ג",true,,199.00,199.0000,true,1,11052
7290005697296,false,בורדו עיזים מנות גלילי,גלילי,,גבינת תום עיזים בורדו שקיל,קילוגרמים,1.00,"ק""ג",true,,199.00,199.0000,true,1,11053
7290005697326,false,פיקורינו עיזים גליל מנות,גלילי,,גבינת פקורינו במשקל,קילוגרמים,1.00,"ק""ג",true,,199.00,199.0000,true,1,11055
7290005697333,false,קממבר עיזים מנות שקיל גלילי,גלילי,,גבינת קממבר עיזים במשקל,קילוגרמים,1.00,"ק""ג",true,,179.90,179.9000,true,1,11056
7290005697340,false,גבינת ברי עיזים-הרועה,גלילי,,גבינת ברי עיזים טבעי שקיל,קילוגרמים,1.00,"ק""ג",true,,179.90,179.9000,true,1,11057
7290005697357,false,גבינת ולנסי עיזים פי,גלילי,,גבינת ולנסי עיזים פירמידה שקיל,קילוגרמים,1.00,"ק""ג",true,,199.90,199.9000,true,1,11058
7290005697364,false,פרובנס עיזים מנות גלילי,גלילי,,גבינת פרובנס עיזים עשבי תיבול שקיל,קילוגרמים,1.00,"ק""ג",true,,199.90,199.9000,true,1,11059
7290005697388,false,גבינת קממבר גלילי במ,גלילי,,גבינת קממבר גלילי במשקל מדף,קילוגרמים,1.00,"ק""ג",true,,149.00,149.0000,true,1,13163
7290005697517,false,"יוגורט עיזים טבעי ביו 500 מ""ל ""גלילי""",מחלבת גלילי,IL,יוגורט עיזים טבעי ביו 500 מל,מיליליטרים,500.00,"100 מ""ל",false,1,15.90,3.1800,true,1,14312
7290005697524,false,"יוגורט עיזים תמרים ביו 500 מ""ל ""גלילי""",מחלבת גלילי,IL,יוגורט עיזים תמרים ביו 500 מל,מיליליטרים,500.00,"100 מ""ל",false,1,15.90,3.1800,true,1,14313
7290005697531,false,"יוגורט עיזים תות ביו 500 מ""ל ""גלילי""",מחלבת גלילי,IL,יוגורט עיזים תות ביו 500 מל,מיליליטרים,500.00,"100 מ""ל",false,1,15.90,3.1800,true,1,14314
7290005697548,false,"יוגורט עיזים פירות יער ביו 500 מ""ל ""גלילי""",גלילי,IL,יוגורט עיזים פירות יער ביו 500 מל,מיליליטרים,500.00,"100 מ""ל",false,1,15.90,3.1800,true,1,14315
7290005697562,false,"יוגורט עיזים אפרסק ביו 500 מ""ל",מחלבת גלילי,IL,יוגורט עיזים אפרסק ביו 500 מל,מיליליטרים,500.00,"100 מ""ל",false,1,15.90,3.1800,true,1,14316
7290005697579,false,יוגורט עיזים דובדבני,,,יוגורט עיזים דובדבנים ביו 500 מל,מיליליטרים,500.00,"100 מ""ל",false,1,15.90,3.1800,true,1,41060
7290005697647,false,יוגורט עיזים בדלי 750 מל,,IL,יוגורט עיזים 750 מל בדלי,מיליליטרים,750.00,"100 מ""ל",false,1,19.90,2.6533,true,1,46875
7290005697814,false,יוגורט אורגני טבעי 1,חוות רום,IL,יוגורט אורגני טבעי 1ליטר 3.6% שומן,ליטרים,1.00,ליטר,false,1,24.90,24.9000,true,1,50726
7290005719189,false,לחם מחמצת שיפון אגוז,,,לחם מחמצת שיפון אגוזים,Unknown,0.00,Unknown,false,1,17.90,0.0000,true,1,28317
7290005719226,false,עוגיות מינגעלך,פילסברי,,עוגיות מינגעלך,Unknown,0.00,Unknown,false,1,48.00,0.0000,true,1,30102
7290005719318,false,לחמניית המבורגר פרמי,פילסברי,,מארז 4 לחמניות המבורגר פרימיום א.ק,Unknown,0.00,Unknown,false,1,14.90,0.0000,true,1,32619
7290005733666,false,מגבעות בד/משקפת/מטרי,צעצועי דורון,,מגבעות בד/משקפת/מטריה,Unknown,0.00,Unknown,false,1,19.90,0.0000,true,1,3685
7290005733703,false,משחק הרכבה,צעצועי דורון,,הרכבה,Unknown,0.00,Unknown,false,1,19.90,0.0000,true,1,1171
7290005734014,false,בובה+ אביזרים,צעצועי דורון,,בובה,Unknown,0.00,Unknown,false,1,29.90,0.0000,true,1,1375
7290005734144,false,רובוט בקופסא קבוצה 4,,,רובוט בקופסא קבוצה 4,Unknown,0.00,Unknown,false,1,29.90,0.0000,true,1,23791
7290005734632,false,משחקים בקופסא,צעצועי דורון,,משחקי התאמה,Unknown,0.00,Unknown,false,1,19.90,0.0000,true,1,721
7290005734663,false,מגוון סטים של כלים לחוף,צעצועי דורון,,סט דלי לחוף/כלים,Unknown,0.00,Unknown,false,1,19.90,0.0000,true,1,989
7290005737060,false,סביבון מאיר ומנגן שיר חנוכה בלוח,General,CN,סביבון חנוכה בלוח שיר חנוכה,יחידה,1.00,יחידה,false,1,12.90,12.9000,true,1,24239
7290005737800,false,סביבון תות מאיר ומנגן מנגינת חנוכה בדיספליי,General,CN,סביבון תות,יחידה,1.00,יחידה,false,1,14.90,14.9000,true,1,30446
7290005741067,false,מקלף ירקות-סכין נירוסטה,,,קולפן ירקות מקורי עם סכין נירוסטה,יחידה,1.00,יחידה,false,1,9.90,9.9000,true,1,38902
7290005789380,false,פרשיס קוסמטיקס מגבונים להסרת איפור 54 יח',ווטנאפס,,מגבונים להסרת איפור פרשיס קוסמטיקס54יח,יחידה,54.00,יחידה,false,1,9.90,0.1833,true,1,18852
7290005811111,false,בייגלה מקמח כוסמין עם מלח 300 גרם,"אם החיטה בע""מ",IL,בייגלה קמח כוסמין עם מלח 300גר,גרמים,300.00,100 גרם,false,1,14.90,4.9667,true,1,29244
7290005811128,false,בייגלה מקמח כוסמין עם שומשום 300 גרם,"אם החיטה בע""מ",IL,בייגלה מקמח כוסמין עם שומשום 300גר,גרמים,300.00,100 גרם,false,1,14.90,4.9667,true,1,29243
7290005826016,false,גבינת גאודה עיזים מי,jacks cheese,NL,גבינת גאודה עיזים מיילד במשקל,קילוגרמים,1.00,"ק""ג",true,,119.00,119.0000,true,1,25821
7290005826054,false,גבינת גאודה כבשים מו,jacks cheese,NL,גבינת גאודה כבשים מוטון במשקל,קילוגרמים,1.00,"ק""ג",true,,179.00,179.0000,true,1,25825
7290005826078,false,גבינת גואדה בלו לייב,jacks cheese,NL,גבינת גואדה בלו לייבל 12חודש במשקל,קילוגרמים,1.00,"ק""ג",true,,119.00,119.0000,true,1,25827
7290005826139,false,גבינת גאודה צילי במש,jacks cheese,NL,גבינת גאודה צילי במשקל,קילוגרמים,1.00,"ק""ג",true,,99.00,99.0000,true,1,32173
7290005826146,false,גבינת אולד אמסטרדם ב,jacks cheese,NL,גבית אולד אמסטרדם במשקל חצי,קילוגרמים,1.00,"ק""ג",true,,119.00,119.0000,true,1,25833
7290005826153,false,גבינת מסדאם במשקל,jacks cheese,NL,גבינת מסדאם במשקל חצי גלגל,קילוגרמים,1.00,"ק""ג",true,,69.00,69.0000,true,1,25834
7290005826450,false,גבינת ברי פריזדנט במ,,FR,גבינת ברי פריזדנט במשקל צרפת,קילוגרמים,1.00,"ק""ג",true,,129.00,129.0000,true,1,34793
7290005826467,false,גבינת אמנטל פריזדנט,,FR,גבינת אמנטל פריזדנט במשקל צרפת,קילוגרמים,1.00,"ק""ג",true,,89.00,89.0000,true,1,34794
7290005826498,false,גבינת גאודה בקר במשק,jacks cheese,NL,גבינת גאודה בקר במשקל,קילוגרמים,1.00,"ק""ג",true,,69.00,69.0000,true,1,32761
7290005826504,false,גבינת בושה עיזים במש,jacks cheese,NL,גבינת בושה עיזים במשקל,קילוגרמים,1.00,"ק""ג",true,,139.00,139.0000,true,1,32205
7290005826528,false,גבינת מנצגו במשקל מי,,ES,גבינת מנצגו במשקל מיושן,קילוגרמים,1.00,"ק""ג",true,,139.00,139.0000,true,1,37821
7290005826542,false,גבינת צדר לבן אנגלי,,GB,גבינת צדר לבן אנגלי במשקל,קילוגרמים,1.00,"ק""ג",true,,89.00,89.0000,true,1,35830
7290005826559,false,גבינת צדר וינטאג ויי,jacks cheese,NL,גבינת צדר וינטאג וייק פארם במשקל,קילוגרמים,1.00,"ק""ג",true,,119.00,119.0000,true,1,36382
7290005826566,false,גבינת צדר כתום אנגלי,,GB,גבינת צדר כתום אנגלי במשקל,קילוגרמים,1.00,"ק""ג",true,,89.00,89.0000,true,1,35829
7290005826603,false,גבינת מנצגו כמהין במ,,ES,גבינת מנצגו כמהין במשקל,קילוגרמים,1.00,"ק""ג",true,,189.00,189.0000,true,1,37822
7290005826610,false,גבינת מנצגו צעיר במש,,ES,גבינת מנצגו צעיר במשקל,קילוגרמים,1.00,"ק""ג",true,,119.00,119.0000,true,1,37820
7290005826689,false,גבינת גאודה זעתר במש,,NL,גבינת גאודה זעתר במשקל,קילוגרמים,1.00,"ק""ג",true,,99.00,99.0000,true,1,47159
7290005826825,false,גבינת בלו סטילטון במ,,,גבינת בלו סטילטון במשקל,קילוגרמים,1.00,"ק""ג",true,,135.00,135.0000,true,1,39624
7290005826917,false,גבינת גאודה עם טבסקו,,,גבינת גאודה עם טבסקו במשקל,קילוגרמים,1.00,"ק""ג",true,,109.00,109.0000,true,1,39622
7290005826924,false,גבינת גאודה שום שחור,,,גבינת גאודה שום שחור במשקל,קילוגרמים,1.00,"ק""ג",true,,129.00,129.0000,true,1,39623
7290005826948,false,גבינת גאודה עיזים עו,jacks cheese,NL,גבינת גאודה עיזים עובש כחול במשקל,קילוגרמים,1.00,"ק""ג",true,,159.00,159.0000,true,1,46602
7290005826955,false,גבינת מונטנה במשקל,jacks cheese,NL,גבינת מונטנה במשקל,קילוגרמים,1.00,"ק""ג",true,,119.00,119.0000,true,1,41053
7290005826962,false,גבינת גאודה כמהין במ,jacks cheese,NL,גבינת גאודה כמהין במשקל,קילוגרמים,1.00,"ק""ג",true,,199.00,199.0000,true,1,46598
7290005826986,false,גבית גאודה קימל במשק,jacks cheese,NL,גבית גאודה קימל במשקל,קילוגרמים,1.00,"ק""ג",true,,99.00,99.0000,true,1,46596
7290005838002,false,מעדן גבינה ויוגורט בטעם וניל 88 ג' דניאלה,"שטראוס בריאות בע""מ",IL,דניאלה וניל 100 גרם,גרמים,100.00,100 גרם,false,1,4.50,4.5000,true,1,1158
7290005838613,false,"סקי וניל בודד 125 גרם ""שטראוס""","שטראוס בריאות בע""\מ",IL,גבינת סקי וניל 125 גרם,גרמים,125.00,100 גרם,false,1,3.90,3.1200,true,1,518
7290005838972,false,גבינת יום יום 5% שטראוס 125ג',מיוצר עי קונדיטוריית,IL,גבינת סקי יום יום 5% 125 גרם,גרמים,125.00,100 גרם,false,1,3.20,2.5600,true,1,517
7290005839078,false,שמיניית יוגורט לבן 3% ביו דנונה 150 גרם,מיוצר עי קונדיטוריית,IL,מארז 8 דנונה ביו טבעי 3%,ליטרים,1.20,ליטר,false,1,16.90,14.0833,true,1,1754
7290005839108,false,גבינה לבנה סימפוניה עם תוספות 200 ג'+זיתים 5%,"שטראוס בריאות בע""\מ",IL,גבינת סימפוניה זיתים 200 גרם 5%,גרמים,200.00,100 גרם,false,1,11.90,5.9500,true,1,636
7290005839313,false,"מילקי טופ מגולגלת שטראוס 170 מ""ל",מיוצר עי קונדיטוריית,IL,מילקי טופ מגולגל 130 גרם,גרמים,130.00,100 גרם,false,1,4.90,3.7692,true,1,786
7290005896620,false,סאן בנדטו - מוגז עדין - 1.5 ליטר,אקווה מינרלה סאן בנד,IT,סן בנדטו מוגז 1.5 ליטר,ליטרים,1.50,ליטר,false,1,4.20,2.8000,true,1,790
7290005896972,false,שישיית פפסי מקס דל קלוריות 1.5 ליטר,טמפו 7.5%,IL,שישיית משקה פפסי מקס 1.5 ל,ליטרים,9.00,ליטר,false,1,40.10,4.4556,true,1,3051
7290005938238,false,ממרח צ'ימצ'ורי פרסקו 220ג' מצונן,"פרסקו חצבה 2006 בע""מ",IL,ממרח צימיצורי 220 ג פרסקו,גרמים,220.00,100 גרם,false,1,18.90,8.5909,true,1,3874
7290005938245,false,ממרח פסטו קלאסי פרסקו 220ג' מצונן,מיוצר עי פרסקו חצבה,IL,ממרח פסטו קלאסי 220 ג פרסקו,גרמים,220.00,100 גרם,false,1,18.90,8.5909,true,1,3873
7290005938603,false,טפאנד זיתים ירוקים 220גר,פרסקו חצבה,IL,טפנד זיתים שחורים 220 גר פרסקו,גרמים,220.00,100 גרם,false,1,16.90,7.6818,true,1,7161
7290005938610,false,טפנד זיתים ירוקים 220 ג,פרסקו חצבה,IL,טפנד זיתים ירוקים 220 גר פרסקו,גרמים,220.00,100 גרם,false,1,18.90,8.5909,true,1,7162
7290005938627,false,ממרח עגבניות מיובשות פרסקו 220 גרם,פרסקו חצבה 2006 בעמ,IL,ממרח עגבניות שרי מיובשות 220 ג פרסקו,גרמים,220.00,100 גרם,false,1,18.90,8.5909,true,1,6910
7290005951022,false,דלעת חתוכה ארוזה,חקלאי,IL,דלעת חתוכה,קילוגרמים,1.00,"ק""ג",true,,11.90,11.9000,true,1,25992
7290005966347,false,יין גמלא סובניון בלנק 750 מל,יקבי רמת הגולן קצרין,IL,יין גמלא סובניון בלאן 750 מל פקדון,מיליליטרים,750.00,"100 מ""ל",false,6,60.00,8.0000,true,1,2306
7290005966422,false,יין ירדן שרדונה 2020 750 מל,יקבי רמת הגולן,,יין ירדן שרדונה 2002 750 מל פקדון,מיליליטרים,750.00,"100 מ""ל",false,1,65.00,8.6667,true,1,2273
7290005966521,false,ירדן הייטסוויין 375 מל,יקבי רמת הגולן,,יין ירדן הייטס ויין 2015 375 מל,מיליליטרים,375.00,"100 מ""ל",false,1,120.00,32.0000,true,1,3513
7290005981593,false,קערת פלסטיק 22,,,קערת פלסטיק 22,Unknown,0.00,Unknown,false,1,8.90,0.0000,true,1,17669
7290005981609,false,קערת פלסטיק 26,,,קערת פלסטיק 26,Unknown,0.00,Unknown,false,1,11.90,0.0000,true,1,17670
7290005981616,false,קערת פלסטיק 31,,,קערת פלסטיק 31,Unknown,0.00,Unknown,false,1,14.90,0.0000,true,1,17671
7290005981821,false,זוג גלילי קרח לבקבוק,,,זוג גלילי קרח לבקבוק,Unknown,0.00,Unknown,false,1,22.90,0.0000,true,1,6030
7290005981845,false,מיכל לחמוצים,ד.ג.ש,,חמוצון,Unknown,0.00,Unknown,false,1,24.90,0.0000,true,1,6025
7290005992018,false,"יוגורט עיזים לשתייה 3% 500 מ""ל רובין","מיוצר ע""\י קוד יצרן MKN",IL,יוגורט עיזים 3% בק. 500 מל,מיליליטרים,500.00,"100 מ""ל",false,1,13.90,2.7800,true,1,966
7290005992247,false,"גבינה חלומי גד ק""ג.",מחלבות גד,IL,גבינת חלומי במשקל,קילוגרמים,1.00,"ק""ג",true,,125.00,125.0000,true,1,9660
7290005992575,false,בולגרית למריחה 5% 250 גרם - רבנות,מחלבות גד בעמ,IL,בולגרית למריחה 250 גרם,גרמים,250.00,100 גרם,false,1,17.90,7.1600,true,1,1379
7290005992735,false,לאבנה טבעית 5% 250 גר' - רבנות,הנסיך- מפעל לייצור ט,IL,לבנה טבעית גד 5% 250 גרם,גרמים,250.00,100 גרם,false,1,13.90,5.5600,true,1,1983
7290005992858,false,גבינת פטה עיזים במשק,יושלם,IL,גבינת פטה עיזים במשקל,קילוגרמים,1.00,"ק""ג",true,,145.00,145.0000,true,1,2374
7290005992872,false,גב.צפתית במים 5% במשקל,מחלבות גד,IL,גבינה צפתית 5% במים במשקל,קילוגרמים,1.00,"ק""ג",true,,75.00,75.0000,true,1,2429
7290005992889,false,גב.שמנת שום שמיר 30%משקל,מחלבות גד,IL,גבינת שמנת 30% שום שמיר במשקל,קילוגרמים,1.00,"ק""ג",true,,55.00,55.0000,true,1,3092
7290005996009,false,סלמי גלילי מעושן 400 ג' יחיעם,מעדני יחיעםn\,IL,נקניק סלמי גלילי מעושן 400 גר,גרמים,400.00,100 גרם,false,1,21.90,5.4750,true,1,28054
7290005996054,false,סלמי סרוולט הונגרי ב,מעדני יחיעם,IL,סלמי סרוולט הונגרי במשקל,קילוגרמים,1.00,"ק""ג",true,,169.00,169.0000,true,1,32728
7290005996078,false,סרוולט בסגנון הונגרי יחיעם 125 גרם,מעדני יחיעם,IL,נקניק סלמי הונגרי 125גר,גרמים,125.00,100 גרם,false,1,25.90,20.7200,true,1,32730
7290005996153,false,נקניקיות צרפתיות פרמיום יחיעם 280 גרם,מעדני יחיעם,IL,נקניקיות צרפתיות 280גר יחיעם,גרמים,280.00,100 גרם,false,1,22.90,8.1786,true,1,31303
7290005996160,false,נקניקיות צוריסו פרימיום יחיעם 280 גרם,מעדני יחיעם,IL,נקניקיות צוריסו 280גר יחיעם,גרמים,280.00,100 גרם,false,1,22.90,8.1786,true,1,31302
7290005996221,false,פסטרמה של פעם דקדק יחיעם 120 גרם,מעדני יחיעם,IL,פסטרמה של פעם דק דק 120 גר,גרמים,120.00,100 גרם,false,1,10.90,9.0833,true,1,33670
7290005996238,false,פסטרמה בדבש דקדק יחיעם 120 גרם,מעדני יחיעם,IL,פסטרמה בדבש דק דק 120 גר,גרמים,120.00,100 גרם,false,1,10.90,9.0833,true,1,33669
7290005996276,false,פסטרמה ברביקיו דקדק יחיעם 120 גרם,מעדני יחיעם,IL,פסטרמה ברביקיו דק דק 120 גר,גרמים,120.00,100 גרם,false,1,10.90,9.0833,true,1,33671
7290005996740,false,סלמי פפרוני יחיעם 300 ג',מעדני יחיעם 1993,IL,נקניק סלמי פפרוני 300 גרם,גרמים,300.00,100 גרם,false,1,22.90,7.6333,true,1,39447
7290005996825,false,נקניקיות בקר בסגנון אמריקאי 280 גרם,מעדני יחיעם 1993,IL,נקניקיות בקר בסגנון אמריקאי 280גר יחיעם,גרמים,280.00,100 גרם,false,1,22.90,8.1786,true,1,39448
7290005996979,false,סלמי פרח יחיעם 200גר,מעדני יחיעם (1993) בעמ,IL,נקניק סלמי פרח 200גר,גרמים,200.00,100 גרם,false,1,25.90,12.9500,true,1,47567
7290006199027,false,מאגדת גלידל וניל מצופה סורבה תות שדה [8],הגלידות של פלדמן,IL,מאגדת גלידל וניל פטל 8 יח פלדמן,גרמים,600.00,100 גרם,false,1,29.90,4.9833,true,1,4002
7290006199218,false,"שמיניית גלידל אייס מוקה ""פלדמן""",הגלידות של פלדמן,IL,מאגדת שלגון גלידל קפוצינו 8 יח פלדמן,יחידה,8.00,יחידה,false,1,29.90,3.7375,true,1,4001
7290006199942,false,"שמיניית גלידל פרי דובדבן ""פלדמן""",הגלידות של פלדמן,IL,מאגדת גלידל פרי 8יח פרווה פלדמן,יחידה,8.00,יחידה,false,1,21.90,2.7375,true,1,6347
7290006210449,false,בורקס פילס קשקבל במש,בונז'ור,,בורקס פילס קשקבל במשקל,קילוגרמים,1.00,"ק""ג",true,,40.00,40.0000,true,1,1929
7290006210456,false,בורקס פילס פטריות במ,בונז'ור,,בורקס פילס פטריות במשקל,קילוגרמים,1.00,"ק""ג",true,,40.00,40.0000,true,1,1816
7290006210685,false,בונז'ור פטיט פאן לבן 60 ג',בונז'ור,,לחמניה פטיט פאן לבן,Unknown,0.00,Unknown,false,1,1.50,0.0000,true,1,3479
7290006210692,false,בונז'ור פטיט פאן כפרי 60 ג',בונז'ור,,לחמניה פטיט פאן כפרי,Unknown,0.00,Unknown,false,1,1.50,0.0000,true,1,3480
7290006229335,false,מים מינרלים סן בנדטו,,,מים מינרלים סן בנדטו מוגז 500מל זכוכית פ,מיליליטרים,500.00,"100 מ""ל",false,1,6.50,1.3000,true,1,19737
7290006229427,false,סן בנדטו - מים מינרלים - מארז שישיית 500 מל,קריות זול,IT,מארז 6יח מים סן בנדטו 500 מל פיקדון,ליטרים,3.00,ליטר,false,1,12.90,4.3000,true,1,3064
7290006235220,false,דר פישר קידס מגבונים 30יח TO GO דיספנסר,"ד""ר פישר Dr fischer",IL,מגבוני קידס היגניים 30 יח טו גו,יחידה,30.00,יחידה,false,1,6.90,0.2300,true,1,5602
7290006235244,false,"קמיל בלו פסטה משחת החתלה צמחי מרפא ד""ר פישר 100 מ""ל",פישר מעבדות פרמצבטיות בע,IL,משחה לתינוק קמיל בלו צמחי מרפא פסטה100ג,גרמים,100.00,100 גרם,false,1,21.90,21.9000,true,1,5588
7290006241504,false,"משקה תפוזים קפוא פריגת 340 מ""ל",פריגת מצוננים,IL,תרכיז קפוא גת פרייז תפוזים 340 גרם,גרמים,340.00,100 גרם,false,1,13.90,4.0882,true,1,2471
7290006241511,false,"משקה לימונענע מרוכז קפוא פריגת 280 מ""ל",היינץ צפון אמריקה מק,IL,תרכיז קפוא גת פרייז לימונענע 340 גרם,גרמים,340.00,100 גרם,false,1,13.90,4.0882,true,1,2472
7290006241535,false,תרכיז פריגת קפוא מנג,היינץ צפון אמריקה מק,IL,תרכיז קפוא גת פרייז מנגו 340 גרם,גרמים,340.00,100 גרם,false,1,13.90,4.0882,true,1,2473
7290006241689,false,"משקה לימונים מרוכז קפוא פריגת 280 מ""ל",היינץ צפון אמריקה מק,IL,תרכיז קפוא גת פרייז לימון 340 גרם,גרמים,340.00,100 גרם,false,1,13.90,4.0882,true,1,2859
7290006251107,false,תה צ'אי מסאלה ויסוצקי 25 יחידות,מולינו ניקולי s.p.a,IL,תה צאי מסאלה 2 גר 25 שקיקים,יחידה,25.00,יחידה,false,1,17.90,0.7160,true,1,2095
7290006251268,false,תה ירוק בטעם תפוח וקינמון ויסוצקי 25 יחידות,תה ויסוצקי,IL,תה ירוק תפוח וקינמון 1.5 ג 25 שק,יחידה,25.00,יחידה,false,1,24.90,0.9960,true,1,2321
7290006251275,false,תה ירוק סיני קלאסי ויסוצקי 25 יחידות,תה ויסוצקי,IL,תה ירוק סיני 1.5 ג 25 שק,יחידה,25.00,יחידה,false,1,24.90,0.9960,true,1,2320
7290006251282,false,חליטת חמוציות הגן הקסום ויסוצקי 25 יחידות,תה ויסוצקי,IL,תה גן הקסום חמוציות קרנברי 2ג 25 שק,יחידה,25.00,יחידה,false,1,18.50,0.7400,true,1,2319
7290006251343,false,חליטת פסיפלורה מנגו הגן הקסום ויסוצקי 25 יחידות,תה ויסוצקי,IL,תה גן הקסום פסיפלורה מנגו 2ג 25 ש,יחידה,25.00,יחידה,false,1,18.50,0.7400,true,1,2703
7290006251374,false,תה ירוק לימונית וג'ינג'ר ויסוצקי 25 יחידות,תה ויסוצקי,IL,תה ירוק לימונית גינגר 1.5 ג 25 שק,יחידה,25.00,יחידה,false,1,24.90,0.9960,true,1,3069
7290006251589,false,תה ירוק עם עלי נענע 50 שקיקים ויסוצקי,בית ויסוצקי,IL,תה ירוק נענע 1.5 ג 50 שקיקים,יחידה,50.00,יחידה,false,1,44.90,0.8980,true,1,2474
7290006256133,false,יין פרודוטורי ברברסק,פרודוטורי דל ברברסקו,IT,יין פרודוטורי ברברסקו 750מל פקדון,מיליליטרים,750.00,"100 מ""ל",false,1,189.00,25.2000,true,1,2366
7290006256140,false,יין פרודוטורי דל ברב,,,יין פרודוטורי דל ברברסקו לנגה נביולו 750,מיליליטרים,750.00,"100 מ""ל",false,1,129.00,17.2000,true,1,2367
7290006256577,false,יין וודברידג קברנה ס,,,יין וודברידג קברנה סוביניון 750 מל פקדון,מיליליטרים,750.00,"100 מ""ל",false,1,45.00,6.0000,true,1,10277
7290006256584,false,"יין אדום יבש ""וולברי",,,יין וודברידג מרלו 750 מל פיקדון,מיליליטרים,750.00,"100 מ""ל",false,1,45.00,6.0000,true,1,10275
7290006256607,false,וודברידג' מונדאבי שר,,,יין וודברידג שרדונה 750 מל פקדון,מיליליטרים,750.00,"100 מ""ל",false,1,45.00,6.0000,true,1,10276
7290006256621,false,וודבריג'- רוברט מונד,,,יין וודברידג רוזה 750 מל פקדון,מיליליטרים,750.00,"100 מ""ל",false,1,45.00,6.0000,true,1,10278
7290006265524,false,פטריות חורש פורטובלה,,,פטריות חורש פורטובלה יח,Unknown,0.00,Unknown,false,1,11.90,0.0000,true,1,3861
7290006271174,false,ג'חנון לאפיה בתנור מעדנות 700 גרם,מיוצר עי קונדיטוריית,IL,גחנון בצק 700 גרם,גרמים,700.00,100 גרם,false,1,19.90,2.8429,true,1,2626
7290006271181,false,ג'חנון אפוי למיקרוגל מעדנות 750 גרם,מיוצר עי קונדיטוריית,IL,גחנון אפוי 750 גרם,גרמים,750.00,100 גרם,false,1,25.00,3.3333,true,1,2627
7290006271648,false,מיני בורקס תפוחי אדמה מעדנות 800 גרם,"מעדנות בע""\מ",IL,מיני בורקס תפוחי אדמה 800 ג מוזל,גרמים,800.00,100 גרם,false,1,24.50,3.0625,true,1,4006
7290006271655,false,מיני בורקס גבינה מעדנות 800 גרם,מיוצר עי קונדיטוריית,IL,מיני בורקס גבינה 800 ג מוזל,גרמים,800.00,100 גרם,false,1,26.50,3.3125,true,1,3993
7290006271761,false,מיני ג'חנון אפוי מעדנות 600 גרם,מיוצר עי קונדיטוריית,IL,מיני גחנון אפוי 600 ג,גרמים,600.00,100 גרם,false,1,24.00,4.0000,true,1,4329
7290006272072,false,חטיפי פיצה גבינה מעדנות 650 גרם,"מעדנות בע""\מ",IL,חטיפי פיצה גבינה 650 גר מוזל,גרמים,650.00,100 גרם,false,1,29.90,4.6000,true,1,5898
7290006272430,false,בצק עלים חמאה מעדנות 600 גרם,מיוצר עי קונדיטוריית,IL,בצק עלים חמאה 600 גר,גרמים,600.00,100 גרם,false,1,29.50,4.9167,true,1,6216
7290006306159,false,פסטנונה-לזניה 4 גבינות 500גר,דורום תעשיות מזון ופסטה,IL,לזניה 4 גבינות 500 גר פסטנונה,גרמים,500.00,100 גרם,false,1,31.90,6.3800,true,1,2135
7290006306296,false,רביולי במילוי גבינה לילדים פסטה נונה גד 400 גרם,דורום תעשיות מזון ופסטה,IL,פסטה רביולי גבינה לילדים 400 ג,גרמים,400.00,100 גרם,false,1,24.90,6.2250,true,1,8164
7290006306302,false,רביולי במילוי גבינות פרמזן ריקוטה 400 ג' פסטה נונה,דורום תעשיות מזון ופסטה,IL,פסטה רביולי גבינה ופרמזן 400 ג,גרמים,400.00,100 גרם,false,1,24.90,6.2250,true,1,4316
7290006306319,false,רביולי במילוי בטטה 400 ג' פסטה נונה,דורום תעשיות מזון ופסטה,IL,פסטה רביולי בטטה 400 ג,גרמים,400.00,100 גרם,false,1,24.90,6.2250,true,1,4317
7290006306326,false,רביולי במילוי פטריות וגבינת פרמזן פסטה נונה 400 ג',דורום תעשיות מזון ופסטה,IL,פסטה רביולי פטריות 400 ג,גרמים,400.00,100 גרם,false,1,24.90,6.2250,true,1,4318
7290006306333,false,רביולי במילוי תרד וגבינת ריקוטה פסטה נונה 400 ג',דורום תעשיות מזון ופסטה,IL,פסטה רביולי תרד 400 ג,גרמים,400.00,100 גרם,false,1,24.90,6.2250,true,1,4320
7290006306357,false,רביולי במילוי גבינת עיזים 400 ג' פסטה נונה,דורום תעשיות מזון ופסטה,IL,פסטה רביולי גבינת עיזים 400 ג,גרמים,400.00,100 גרם,false,1,24.90,6.2250,true,1,4319
7290006342065,false,בוטנים קלויים ששון הקולה 200 גרם,,,בוטן קלוי 200 ג,גרמים,200.00,100 גרם,false,1,8.00,4.0000,true,1,3377
7290006342072,false,גרעין לבן ששון הקולה 200 גרם,"דין שיווק וקלייה בע""",IL,גרעין לבן 200 ג,גרמים,200.00,100 גרם,false,1,7.90,3.9500,true,1,24906
7290006342089,false,גרעין שחור 200 גרם ששון הקולה,"דין שיווק וקלייה בע""",IL,גרעין שחור 200 ג,גרמים,200.00,100 גרם,false,1,4.90,2.4500,true,1,3374
7290006342447,false,גרעיני אבטיח ששון הקולה 200 גרם,"דין שיווק וקלייה בע""",IL,גרעיני אבטיח 200 ג,גרמים,200.00,100 גרם,false,1,16.00,8.0000,true,1,3376
7290006342515,false,מנצ'ס ששון הקולה 200 גרם,"דין שיווק וקלייה בע""",,תערובת מנצס 200 ג,גרמים,200.00,100 גרם,false,1,6.90,3.4500,true,1,24907
7290006342553,false,קבוקים 200 גרם ששון וקולה,"דין שיווק וקליה בע""מ",,קבוקים 200 ג,גרמים,200.00,100 גרם,false,1,5.90,2.9500,true,1,3378
7290006342560,false,בוטן אמריקאי ששון הקולה 200 גרם,"דין שיווק וקלייה בע""",IL,בוטן אמריקאי 200 ג,גרמים,200.00,100 גרם,false,1,5.90,2.9500,true,1,3379
7290006346162,false,טורשי ירקות דלי מונט,סלטי מונטה קרלו (200,IL,טורשי ירקות כבושים 330גר דלי מונטה קרלו,גרמים,330.00,100 גרם,false,1,22.90,6.9394,true,1,51887
7290006346308,false,סלט ארטישוק דיזון 25,מונטה קרלו,IL,סלט ארטישוק דיזון 250גרם מונטה קרלו,גרמים,250.00,100 גרם,false,1,19.90,7.9600,true,1,51884
7290006346315,false,סלט חציל משוויה 250ג,סלטי מונטה קרלו (200,IL,סלט חציל משוויה 250גרם מונטה קרלו,גרמים,250.00,100 גרם,false,1,15.90,6.3600,true,1,51867
7290006346414,false,"אבוקדו 250 גרם ""מונטה קרלו""",סלטי מונטה קרלו (200,IL,סלט אבוקדו 250גרם מונטה קרלו,גרמים,250.00,100 גרם,false,1,21.90,8.7600,true,1,51886
7290006346513,false,לפת כבושה 500גרם דלי,סלטי מונטה קרלו (200,IL,לפת כבושה 500גרם דלי מונטה קרלו,גרמים,500.00,100 גרם,false,1,22.90,4.5800,true,1,51889
7290006346643,false,חומוס זעתר 250 גרם ס,סלטי מונטה קרלו (200,IL,חומוס זעתר 250 גרם מונטה קרלו,גרמים,250.00,100 גרם,false,1,13.90,5.5600,true,1,51839
7290006346834,false,פלפלית בלימון חריף מ,סלטי מונטה קרלו (200,IL,סלט פלפלית בלימון חריף 250גרם מונטה קרלו,גרמים,250.00,100 גרם,false,1,13.90,5.5600,true,1,51852
7290006346971,false,סלט חציל אפוי במיונז,סלטי מונטה קרלו (200,IL,סלט חציל אפוי במיונז 250גרם מונטה קרלו,גרמים,250.00,100 גרם,false,1,15.90,6.3600,true,1,51866
7290006346995,false,חציל בטעם כבד מונטה,סלטי מונטה קרלו (200,IL,סלט חציל בטעם כבד 250גר מונטה קרלו,גרמים,250.00,100 גרם,false,1,19.90,7.9600,true,1,51876
7290006357571,false,גבינת סמוקרלה מעושן,,,גבינת סמוקרלה מעושן במשקל פריסלנד,קילוגרמים,1.00,"ק""ג",true,,55.00,55.0000,true,1,48761
7290006359735,false,רוטב לסלט עד העצם 37,קמיליה,IL,רוטב לסלט עד העצם 375 מל,מיליליטרים,375.00,"100 מ""ל",false,1,22.90,6.1067,true,1,2127
7290006362209,false,"יין דרך ארץ קברנה סוביניון 750 מ""ל",המאפיה של הרמן,IL,יין דרך ארץ ק.סוביניון 750 מל פיקדון,מיליליטרים,750.00,"100 מ""ל",false,1,35.00,4.6667,true,1,2741
7290006374615,false,מזון מלכות מרוכז במיוחד 5.8% 340גר,קריות זול,IL,מזון מלכות 340 גרם 5.8%,גרמים,340.00,100 גרם,false,1,41.90,12.3235,true,1,2918
7290006374653,false,דבש לייט מופחת קלוריות יד מרדכי 350 ג',מכוורת יד מרדכי שטראוס ב,IL,דבש לייט 350 גר יד מרדכי,גרמים,350.00,100 גרם,false,1,25.90,7.4000,true,1,2919
7290006374738,false,קונפיטורית תות 340 גר' יד מרדכי,אף.סי תבליני בגליל ב,IL,קונפיטורה תות שדה 340 גר יד מרדכי,גרמים,340.00,100 גרם,false,1,13.90,4.0882,true,1,3169
7290006401366,false,"סבון לשטיפה אינטימית ליגיניה פרוטקטיב 200 מ""ל",)פייזר (קונסיומר הלט קר,IT,אלסבון לגינייה שטיפה אינטימית אקטיב סופר,מיליליטרים,200.00,"100 מ""ל",false,1,34.90,17.4500,true,1,5204
7290006401373,false,ליגיניה סבון מרענן לשטיפה אינטימית,פייזר )קונסיומר הלט קר(,IT,אלסבון לגינייה שטיפה אינטימית אקטיב פרש,מיליליטרים,250.00,"100 מ""ל",false,1,34.90,13.9600,true,1,5205
7290006439031,false,שמן קנולה שוקחה 1 לי,אליטה גידא סנאי וי,BE,שמן קנולה שוקחה 1 ליטר,ליטרים,1.00,ליטר,false,15,10.90,10.9000,true,1,34633
7290006439444,false,"אורז בסמתי ""גולד"" מוזהב 1 ק""ג שוקחה",צימאן לאל סאטיה-דלהי,IL,אורז בסמטי גולד 1 קג,קילוגרמים,1.00,"ק""ג",false,1,11.90,11.9000,true,1,18827
7290006439468,false,עדשים אדומות שוקחה 1,סוגת תעשיות בעמ,,עדשים אדומות שוקחה 1 קג,קילוגרמים,1.00,"ק""ג",false,1,13.90,13.9000,true,1,25489
7290006439475,false,עדשים ירוקות שוקחה 1,סוגת תעשיות בעמ,,עדשים ירוקת שוקחה 1 קג,קילוגרמים,1.00,"ק""ג",false,1,13.90,13.9000,true,1,25488
7290006439482,false,שעועית לבנה 1 קג שוק,סוגת תעשיות בעמ,,שעועית לבנה שוקחה 1 קג,קילוגרמים,1.00,"ק""ג",false,1,13.90,13.9000,true,1,25487
7290006439499,false,גרעיני תירס פופקורן,סוגת תעשיות בעמ,,פופקורן שוקחה 1 קג,קילוגרמים,1.00,"ק""ג",false,1,11.90,11.9000,true,1,25480
7290006439512,false,פול גדול 750גרם (בד'ץ),בני ג'ורג' שוקחה חיפ,,פול גדול שוקחה 750 גרם,גרמים,750.00,100 גרם,false,1,13.90,1.8533,true,1,14994
7290006439536,false,חומוס יבש 1 קג שוקחה,סוגת תעשיות בעמ,,חומוס שוקחה 1 קג,קילוגרמים,1.00,"ק""ג",false,1,13.90,13.9000,true,1,25582
7290006439543,false,בורגול שוקחה עבה 1 ק,סוגת תעשיות בעמ,,בורגול עבה שוקחה 1 קג,קילוגרמים,1.00,"ק""ג",false,1,8.90,8.9000,true,1,25482
7290006439550,false,בורגול שוקחה דק 1 קג,סוגת תעשיות בעמ,,בורגול שוקחה 1 קג,קילוגרמים,1.00,"ק""ג",false,1,8.90,8.9000,true,1,25481
7290006439574,false,בורגול גס שוקחה 1 קג,סוגת תעשיות בעמ,,בורגול גס שוקחה 1 קג,קילוגרמים,1.00,"ק""ג",false,1,8.90,8.9000,true,1,25495
7290006439581,false,תורמוס מתוק שוקחה 1,בני ג'ורג' שוקחה חיפ,,תורמוס מתוק שוקחה 1 קג,קילוגרמים,1.00,"ק""ג",false,1,11.90,11.9000,true,1,14993
7290006439598,false,פריקה שוקחה 800 גרם,בני ג'ורג' שוקחה חיפ,IL,פריקה שוקחה 800 גרם,גרמים,800.00,100 גרם,false,1,13.90,1.7375,true,1,14995
7290006439680,false,גריסים שוקחה 1 קג,סוגת תעשיות בעמ,,גריסים שוקחה 1 קג,קילוגרמים,1.00,"ק""ג",false,1,8.90,8.9000,true,1,25491
7290006439703,false,אפונה ירוקה חצאים שו,סוגת תעשיות בעמ,,אפונה ירוקה חצאים אדומות שוקחה 1 קג,קילוגרמים,1.00,"ק""ג",false,1,9.90,9.9000,true,1,25490
7290006439710,false,שעועית אדומה שוקחה 1,סוגת תעשיות בעמ,,שעועית אדומה שוקחה 1 קג,קילוגרמים,1.00,"ק""ג",false,1,13.90,13.9000,true,1,25583
7290006492432,false,גבינת מוצרלה בייבי 18% גד 150 גרם,מחלבות גד בעמ,IL,מוצרלה בייבי 18% 150 ג גד,גרמים,150.00,100 גרם,false,1,16.90,11.2667,true,1,2803
7290006492616,false,גבינה בולגרית מעודנת פרוסות 5% גד 250 גרם,DSH עבור מחלבות גד ב,IL,גב.בולגרית 5% פרוסות 250 גרם,גרמים,250.00,100 גרם,false,1,29.90,11.9600,true,1,4024
7290006492630,false,גבינת פרומעז עיזים 22% גד 180 גרם,מחלבות גד בעמ,IL,גבינת גליל עיזים 180 גרם,גרמים,180.00,100 גרם,false,1,24.90,13.8333,true,1,4101
7290006492647,false,מטבעות גבינה עזים 22 אחוז 150גרם גד,"מיוצר ע""י קוד יצרן t",IL,גבינת עיזים מטבעות 22% 150 ג,גרמים,150.00,100 גרם,false,1,23.90,15.9333,true,1,4102
7290006492685,false,גבינת לאבנה 5% מחלב עזים גד 250 גרם,מחלבות גד בעמ,IL,לבנה 5% עיזים 250 גר,גרמים,250.00,100 גרם,false,1,18.90,7.5600,true,1,4330
7290006492852,false,גבינת עיזים למריחה 5% שומן 250 ג' גד,גבינות מדף,IL,גבינת עיזים 5% לבנה 250 גר,גרמים,250.00,100 גרם,false,1,18.90,7.5600,true,1,4582
7290006492913,false,גבינת לאבנה ציזיקי 5% מחלבות גד 250 גרם,מחלבות גד בעמ,IL,לבנה ציזקי למריחה 5% 250 גר,גרמים,250.00,100 גרם,false,1,14.90,5.9600,true,1,4581
7290006494917,false,טוסו וופל קלאסי במילוי שוקולד 200 גרם,"איטיליאן פוד, אס.פי.",IL,ופל שוקולד טוסו ללא סוכר 200 גר,גרמים,200.00,100 גרם,false,1,9.90,4.9500,true,1,2977
7290006494924,false,טוסו וופל קלאסי במילוי קרם לימון 200 גרם,"גילרו בע""מ",IL,וופל לימון ללא סוכר מרמולייט 180 גר,גרמים,180.00,100 גרם,false,1,9.90,5.5000,true,1,2978
7290006511157,false,"פטריות שלמות ויליפוד 400 גרם בד""ץ",אוקצ'מפס אס.איי אויי,PL,פטריות שלמות 400 גר,גרמים,400.00,100 גרם,false,1,8.90,2.2250,true,1,5735
7290006511904,false,גבינת אדם כדורים במשקל,ברגלנדמיל,NL,גבינת אדם כדור במשקל,קילוגרמים,1.00,"ק""ג",true,,69.00,69.0000,true,1,32181
7290006515926,false,"מארז אפרול 700 + פרו שפריץ 750 מ""ל",davide campari,IT,מארז ליקר אפרול 700 מל+פרו שפריץ,מיליליטרים,700.00,"100 מ""ל",false,1,99.00,14.1429,true,1,29266
7290006546302,false,"צ'יפס קיטרינג פרי גליל 1.5 ק""ג","פרי הגליל בע""""מ",IL,ציפס קטרינג 1.5 קג פרי גליל,קילוגרמים,1.50,"ק""ג",false,1,18.90,12.6000,true,1,5045
7290006546371,false,במיה 600 גרם פרי הגליל,"פרי הגליל בע""""מ",IL,במיה קפואה 600 גר פרי גליל,גרמים,600.00,100 גרם,false,1,16.90,2.8167,true,1,5040
7290006546388,false,תחתיות ארטישוק פרי הגליל 400 גרם,"פרי הגליל בע""""מ",IL,תחתיות ארטישוק קפואה 400 גר פרי גליל,גרמים,400.00,100 גרם,false,1,19.90,4.9750,true,1,5041
7290006546395,false,לקט העונה פרי הגליל 800 גרם,"פרי הגליל בע""""מ",IL,לקט העונה קפוא 800 גר פרי גליל,גרמים,800.00,100 גרם,false,1,12.90,1.6125,true,1,5037
7290006546500,false,צ'יפס זיגזג קפוא פרי גליל 800 ג',"פרי הגליל בע""""מ",IL,ציפס זיג זג 800 גר קפוא,גרמים,800.00,100 גרם,false,1,11.90,1.4875,true,1,6587
7290006546524,false,צי'פס מובחר קפוא פרי גליל 800 ג',"פרי הגליל בע""""מ",IL,ציפס מובחר 800 גר קפוא,גרמים,800.00,100 גרם,false,1,11.90,1.4875,true,1,6313
7290006546982,false,לקט סיני 800 ג' פרי הגליל,"פרי הגליל בע""""מ",IL,לקט סיני 800 ג פרי גליל,גרמים,800.00,100 גרם,false,1,15.90,1.9875,true,1,5279
7290006554017,false,עוגיות מרוקאיות 500 גרם ארקד,"ארקד מוצרי אפיה בע""מ",IL,עוגיות מרוקאית 500 ג ארקד,גרמים,500.00,100 גרם,false,1,18.90,3.7800,true,1,4025
7290006554024,false,עוגיות ביתיות תמרים,"ארקד מוצרי אפיה בע""מ",IL,עוגיות תמרים 400 ג ארקד,גרמים,400.00,100 גרם,false,1,18.90,4.7250,true,1,4026
7290006554031,false,עוגיות ביתיות אגוזים,"ארקד מוצרי אפיה בע""מ",IL,עוגיות אגוזים 400 ג ארקד,גרמים,400.00,100 גרם,false,1,18.90,4.7250,true,1,4027
7290006554055,false,עוגיות חלבה ביתיות 3,"ארקד מוצרי אפיה בע""מ",IL,עוגיות חלבה ביתיות 300 ג,גרמים,300.00,100 גרם,false,1,18.90,6.3000,true,1,4295
7290006554062,false,עוגיות גרנולה ארקד 2,"ארקד מוצרי אפיה בע""מ",IL,עוגיות גרנולה 250 ג ארקד,גרמים,250.00,100 גרם,false,1,18.90,7.5600,true,1,8527
7290006554079,false,עוגיות גרנולה ללא תו,"ארקד מוצרי אפיה בע""מ",IL,עוגיות גרנולה ללא סוכר 250 גר,גרמים,250.00,100 גרם,false,1,18.90,7.5600,true,1,9349
7290006554086,false,עוגיות עינוגית 400 ג,"ארקד מוצרי אפיה בע""מ",,עוגיות עינוגית 400 ג ארקד,גרמים,400.00,100 גרם,false,1,18.90,4.7250,true,1,4028
7290006554093,false,עוגיות סהרונים ביתיו,"ארקד מוצרי אפיה בע""מ",IL,עוגיות סהרונים ביתיות 300 ג,גרמים,300.00,100 גרם,false,1,18.90,6.3000,true,1,4483
7290006554123,false,עוגיות פריכות עם שקד,"ארקד מוצרי אפיה בע""מ",IL,עוגיות שקדים 250 ג ארקד,גרמים,250.00,100 גרם,false,1,18.90,7.5600,true,1,8529
7290006554154,false,עוגיות מרנג נשיקות 1,"ארקד מוצרי אפיה בע""מ",,עוגיות מרנג נשיקות 100 גר,גרמים,100.00,100 גרם,false,1,18.90,18.9000,true,1,9351
7290006554161,false,עוגיות משקפיים קינמו,"ארקד מוצרי אפיה בע""מ",IL,עוגיות משקפיים 250 ג ארקד,גרמים,250.00,100 גרם,false,1,18.90,7.5600,true,1,11942
7290006554246,false,"עוגיות משפיים חום ""ארקד""","ארקד מוצרי אפיה בע""מ",IL,עוגיות משקפיים 250 ג ארקד,גרמים,250.00,100 גרם,false,1,18.90,7.5600,true,1,12853
7290006554307,false,עוגיות מרוקאית ללא ס,"ארקד מוצרי אפיה בע""מ",IL,עוגיות מרוקאית ללא סוכר 300 גר ארקד,גרמים,300.00,100 גרם,false,1,18.90,6.3000,true,1,4547
7290006554314,false,עוגיות שקדים ללא סוכ,"ארקד מוצרי אפיה בע""מ",IL,עוגיות שקדים ללא סוכר 250גר ארקד,גרמים,250.00,100 גרם,false,1,18.90,7.5600,true,1,12762
7290006554345,false,עוגיות תמרים ללא סוכ,"ארקד מוצרי אפיה בע""מ",IL,עוגיות תמרים ללא סוכר 250 גרם,גרמים,250.00,100 גרם,false,1,18.90,7.5600,true,1,20858
7290006554413,false,עוגיות מרוקאיות ארקד,"ארקד מוצרי אפיה בע""מ",IL,עוגיות מרוקאית קמח מלא ל.ס.300גר,גרמים,300.00,100 גרם,false,1,18.90,6.3000,true,1,6884
7290006554703,false,עוגיות כעכים מלוחים,יצרן 794,IL,עוגיות כעכים מלוח 400 גר,גרמים,400.00,100 גרם,false,1,16.90,4.2250,true,1,8554
7290006554710,false,עוגיות מקלות מלוחים,עוזי,IL,עוגיות מקלות מלוח 400 גר,גרמים,400.00,100 גרם,false,1,16.90,4.2250,true,1,8555
7290006554758,false,עוגיות מלוחות ללא סו,"ארקד מוצרי אפיה בע""מ",IL,עוגיות מלוחות ללא סוכר 250 גרם,גרמים,250.00,100 גרם,false,1,18.90,7.5600,true,1,19036
7290006559029,false,כדורי מוצרלה בופלו במשקל,חוות הבואפלו,,יורט בואפלו 850 גרם 10% שומן,גרמים,850.00,100 גרם,false,1,24.90,2.9294,true,1,35710
7290006559067,false,גבינת בורטה חצי קשה,,,גבינת בורטה חצי קשה 18% שומן 220גר,גרמים,220.00,100 גרם,false,1,29.90,13.5909,true,1,28386
7290006559098,false,לבנה בופאלו כדור בשמן זית 250גר,,IL,לבנה כדורים בשמן זית בופאלו 250 ג,גרמים,250.00,100 גרם,false,1,25.50,10.2000,true,1,4292
7290006559265,false,גבינת מוצרלה בופאלו,,IL,גבינת מוצרלה בופאלו 250 ג,גרמים,250.00,100 גרם,false,1,34.90,13.9600,true,1,4283
7290006559388,false,"יורט סגנון של יוגורט 850 גרם ""בופלו""",מחלבת חוות הבופאלו,IL,יוגורט ביו 5% בופאלו 850 גרם,מיליליטרים,850.00,"100 מ""ל",false,1,22.50,2.6471,true,1,7746
7290006559807,false,בלה מוצרלה 18% שומן150גר,מחלבת חוות הבופאלו,IL,בלה מוצרלה בואפלו 150גר,גרמים,150.00,100 גרם,false,1,22.90,15.2667,true,1,21093
7290006562906,false,פרמיו הודו וכבש לחתולים,פרמיו Premio,,סטיק הודו וכבש פרמיו 15 גר,יחידה,1.00,יחידה,false,35,6.90,6.9000,true,1,50146
7290006562913,false,סטיק עוף וברווז פרמי,,,סטיק עוף וברווז פרמיו 15 גר,יחידה,1.00,יחידה,false,35,6.90,6.9000,true,1,50147
7290006567048,false,פתיתי קוסקוס ישראלי אסם 350 גרם,"מיוצר ע""י קוד יצרן K",IL,פתיתי אסם קוסקוס ישראלי 350 ג בדץ,גרמים,350.00,100 גרם,false,1,7.90,2.2571,true,1,3643
7290006578006,false,גורגונזולה פיקנטה במשקל,,IT,גבינת גורגונזולה פיקנטה במשקל נטו,קילוגרמים,1.00,"ק""ג",true,,129.00,129.0000,true,1,32836
7290006578266,false,הנרי וויליך גבינת פיור גולד במשקל,kaasmakerij henri wi,NL,גבינת פיור גולד הנרי וויליך במשקל,קילוגרמים,1.00,"ק""ג",true,,179.00,179.0000,true,1,38267
7290006578303,false,ברי כמהין בקר 31% במשקל,איסיני סנט מור,FR,גבינת ברי כמהין במשקל איסיני סנט מור,קילוגרמים,1.00,"ק""ג",true,,249.00,249.0000,true,1,48142
7290006578464,false,רוקפור פאפיון במשקל,פורמאג'רי פאפיון,FR,גבינת רוקפור פאפיון במשקל,קילוגרמים,1.00,"ק""ג",true,,249.00,249.0000,true,1,38723
7290006578600,false,קבינת קומטה גורה פלור במשקל,,FR,גבינת קומטה במשקל גורה פלור,קילוגרמים,1.00,"ק""ג",true,,219.00,219.0000,true,1,32835
7290006578648,false,גבינת בושה עיזים מפו,איסיני סנט מור,FR,גבינת בושה מפוחם במשקל,קילוגרמים,1.00,"ק""ג",true,,179.00,179.0000,true,1,32838
7290006578655,false,הנרי וויליך גבינת גלוריוס עיזים במשקל,kaasmakerij henri wi,NL,גבינת גלוריוס עיזים הנרי וויליך במשקל,קילוגרמים,1.00,"ק""ג",true,,189.00,189.0000,true,1,38264
7290006578662,false,גבינת פלורט במשקל,,FR,גבינת פלורט במשקל,קילוגרמים,1.00,"ק""ג",true,,199.00,199.0000,true,1,48267
7290006578853,false,הנרי וויליך גבינת טרמנדס כמהין במשקל,kaasmakerij henri wi,NL,גבינת טרמנדס כמהין הנרי וויליך במשקל,קילוגרמים,1.00,"ק""ג",true,,189.00,189.0000,true,1,38265
7290006582355,false,סילאן סירופ 900 גרם שקדיה,"דין שיווק וקליה בע""מ",TR,סילאן 900 גר,גרמים,900.00,100 גרם,false,1,11.90,1.3222,true,1,7502
7290006582799,false,גינגר מיובש שקדיה 20,"דין שיווק וקלייה בע""",IL,גינגר מיובש 160 ג בקופסא,גרמים,160.00,100 גרם,false,1,12.90,8.0625,true,1,4326
7290006618078,false,"מרסס לניקוי יסודי מטבח אסטוניש 750 מ""ל",יעקובי אסטוניש,GB,אסטוניש מרסס לניקוי כללי צהוב,Unknown,0.00,Unknown,false,1,13.90,0.0000,true,1,3624
7290006618085,false,"אסטוניש תרסיס ניקוי אמבטיה וכיורים יעקבי 750 מ""ל",יעקובי אסטוניש,GB,אסטוניש מרסס לניקוי אמבטיה,מיליליטרים,750.00,"100 מ""ל",false,1,13.90,1.8533,true,1,3623
7290006618146,false,"מדליק פחמים נוזלי הפי יעקבי 500 מ""ל",תות תעשיות מזון (201,NL,הפי נוזל מדליק פחמים 500 מל,מיליליטרים,500.00,"100 מ""ל",false,1,15.90,3.1800,true,1,3619
7290006618610,false,הפי ספוגיות לניקוי כלים חלביים ובשריים יעקבי 6 יחידות,יעקובי,TR,ספוגיות כלים הפי 6 יח בשרי/חלבי,Unknown,0.00,Unknown,false,1,10.90,0.0000,true,1,4641
7290006618665,false,מטלית גילדה לרכב הפי,סיפי קנג,TW,מטלית גילדה לרכב הפי,יחידה,1.00,יחידה,false,1,24.90,24.9000,true,1,11923
7290006636638,false,"יין אמפורה ריטון רוז 750 מ""ל",,IL,יין אמפורה 2006/5 רוזה אורג 750 מל פקדון,Unknown,0.00,Unknown,false,6,110.00,0.0000,true,1,48537
7290006636737,false,"יין אמפורה גרנאש בלאן 750 מ""ל",,IL,יין אמפורה גרנאש בלגן 750 מל,מיליליטרים,750.00,"100 מ""ל",false,1,100.00,13.3333,true,1,50444
7290006636775,false,"יין אמפורה מד רד 750 מ""ל",,IL,יין מד רד אמפורה 750 מל,מיליליטרים,750.00,"100 מ""ל",false,1,85.00,11.3333,true,1,48540
7290006644480,false,תפוזינה תפוזים 0.5 ליטר,יפאורה שותפות מובגלת לשיווק,IL,משקה תפוזינה תפוזים 500 מל פקדון,מיליליטרים,500.00,"100 מ""ל",false,1,7.90,1.5800,true,1,14813
7290006644510,false,"מיץ ענבים 500 מ""ל תפוזינה",יפאורה שותפות מובגלת לשיווק,IL,משקה תפוזינה ענבים 500 מל פקדון,מיליליטרים,500.00,"100 מ""ל",false,1,7.90,1.5800,true,1,14815
7290006644527,false,תפוזינה תות בננה 0.5 ליטר,יפאורה שותפות מובגלת לשיווק,IL,משקה תפוזינה תות בננה 500 מל פקדון,מיליליטרים,500.00,"100 מ""ל",false,1,7.90,1.5800,true,1,14817
7290006653765,false,פרפקטו פסטה פטוצ'יני אסם 500 גרם,אסם פרפקטו,IT,פסטה פרפקטו פטוציני 500 ג,גרמים,500.00,100 גרם,false,1,6.90,1.3800,true,1,4262
7290006653819,false,פתיתי קוסקוס דק 350 גרם,"מיוצר ע""י קוד יצרן K",IL,קוסקוס אסם אמיתי דק בשקית 350 גרם,גרמים,350.00,100 גרם,false,1,7.90,2.2571,true,1,3474
7290006660046,false,אקופרינד-מסיר שומנים 750 מל,נטורפוד,IL,מסיר שומנים אקולוגי 750 מל,מיליליטרים,750.00,"100 מ""ל",false,1,15.90,2.1200,true,1,6475
7290006660060,false,אקופרינד-ניקוי אסלות 750 מל,,,נוזל לניקוי אסלות אקולוגי 750 מל אקופרנד,מיליליטרים,750.00,"100 מ""ל",false,1,13.90,1.8533,true,1,7411
7290006660077,false,מנקה אמבטיה וכיורים,,,מנקה אמבטיה וכיורים אקולוגי 750 מל,מיליליטרים,750.00,"100 מ""ל",false,1,15.90,2.1200,true,1,6465
7290006660084,false,אקופירנד-ניקוי חלונות 750 מל,,,מנקה חלונות אקולוגי 750 מל,מיליליטרים,750.00,"100 מ""ל",false,1,13.90,1.8533,true,1,6476
7290006660138,false,אקופרינד-מרכך כביסה מרוכז פריחת העמק,,,מרכך כביסה מרוכז אקופרנד פריחת העמק,ליטרים,1.00,ליטר,false,1,19.90,19.9000,true,1,12043
7290006660145,false,אקופרנד מרכך כביסה מרוכז קסם אביבי 1 ליט,,,מרכך כביסה מרוכז אקופרנד אביבי,ליטרים,1.00,ליטר,false,1,19.90,19.9000,true,1,12045
7290006660152,false,אקופרינד-מרכך כביסה חבצלות מרוכז,,IL,מרכך כביסה מרוכז אקופרנד חבצלות,ליטרים,1.00,ליטר,false,1,19.90,19.9000,true,1,12044
7290006660190,false,גל כביסה מרוכז למכונ,,,גל כביסה מרוכז למכונה אקולוגי 1ל,ליטרים,1.00,ליטר,false,1,21.00,21.0000,true,1,7469
7290006660220,false,"מנקה רב תכליתי בהתזה אקופרנד 750 מ""ל",אקופרנד,,מנקה רב תכליתי אקופרנד 750מל,מיליליטרים,750.00,"100 מ""ל",false,1,16.90,2.2533,true,1,19348
7290006660244,false,נוזל ידיים לבנדר אקו,אקופרנד,,נוזל ידיים לבנדר אקופרנד ללא אס אל אס500,מיליליטרים,500.00,"100 מ""ל",false,1,16.90,3.3800,true,1,19347
7290006660268,false,אקופרנד מרכך כביסה מרוכז מאסק 1 ליטר,,,מרכך כביסה מרוכז אקופרנד מאסק 1ליטר,ליטרים,1.00,ליטר,false,1,19.90,19.9000,true,1,25272
7290006660381,false,מנקה פירות וירקות 75,,IL,מנקה פירות וירקות 750 מ ל אקופרנד,מיליליטרים,750.00,"100 מ""ל",false,1,18.90,2.5200,true,1,7898
7290006660411,false,בוטני מגבונים טבעיים ואקולוגיים,נטורפוד,IL,מגבונים טבעיים אקולוגיים בוטני,יחידה,72.00,יחידה,false,1,9.90,0.1375,true,1,9701
7290006660435,false,נוזל הברקה למדיח כלים500,נטורפוד,IL,נוזל הברקה למדיח 500מל אקולוגי אקופרנד,מיליליטרים,500.00,"100 מ""ל",false,1,12.90,2.5800,true,1,31266
7290006660596,false,קמח עדשים אדומות ללא גלוטן 500 גרם,אף.סי תבליני בגליל ב,IL,קמח עדשים אדומות דגש 500 גר,גרמים,500.00,100 גרם,false,15,17.90,3.5800,true,1,25445
7290006660602,false,מי קוקוס אורגני גרין קוקו קרטונית 1 ליטר,בן טרה ג'וינט סטוק,VN,מי קוקוס אורני גרין קוקו 1 לי,ליטרים,1.00,ליטר,false,12,19.90,19.9000,true,1,25443
7290006660640,false,קמח טף דגש 500 גרם,נטורפוד,IL,קמח טף דגש 500 גר,גרמים,500.00,100 גרם,false,15,19.90,3.9800,true,1,25446
7290006664037,false,גמדים דגנים ארוחת בוקר מארז 100X4ג',"שטראוס בריאות בע""\מ",IL,מארז 4 יח סופר גמדים דגנים 400 גר,גרמים,400.00,100 גרם,false,1,11.90,2.9750,true,1,3629
7290006664051,false,"אקטימל לבן 1.51 ק""ג מארז 14 יחידות",מיוצר עי קונדיטוריית,IL,משקה אקטימל טבעי 14 יח,ליטרים,1.40,ליטר,false,1,29.90,21.3571,true,1,3628
7290006664310,false,גבינה לבנה 3% שומן 250 ג' שטראוס,מיוצר עי קונדיטוריית,IL,גבינה לבנה סקי 3% 250 גרם,גרמים,250.00,100 גרם,false,1,5.10,2.0400,true,1,2912
7290006664402,false,גבינה לבנה סקי 5% שומן 750 גרם,מיוצר עי קונדיטוריית,IL,גבינת סקי 5% 750 גרם***,גרמים,750.00,100 גרם,false,1,14.94,1.9920,true,1,3041
7290006664532,false,יוגורט עם תות 3% שומן 150 ג' דנונה,מיוצר עי קונדיטוריית,IL,דנונה פרי 3% תות 150 גר,גרמים,150.00,100 גרם,false,1,3.70,2.4667,true,1,3102
7290006664655,false,"אקטימל לבן טבעי מארז 100X8 מ""ל",מיוצר עי קונדיטוריית,IL,משקה אקטימל טבעי 8יח 108גרם,גרמים,864.00,100 גרם,false,1,21.90,2.5347,true,1,3625
7290006664693,false,יוגורט עם אפרסק 3% שומן 150 ג' דנונה,מיוצר עי קונדיטוריית,IL,דנונה פרי 3% אפרסק 150 גר,גרמים,150.00,100 גרם,false,1,3.70,2.4667,true,1,3173
7290006664990,false,"יוגורט דנונה ביו לבן 1.7% שומן 8*150 מ""ל",מיוצר עי קונדיטוריית,IL,מארז 8 דנונה ביו פרויובוטי 1.7%,גרמים,1.00,100 גרם,false,1,16.90,1690.0000,true,1,3789
7290006666338,false,סלט טחינה ירוקה עם פטרוזיליה,סלטי משני,IL,סלט טחינה ירוקה 300 ג משני,גרמים,300.00,100 גרם,false,1,16.90,5.6333,true,1,3968
7290006666451,false,סלט עגבניות סלסה חריף,סלטי משני,IL,סלט סלסה פלפל 300 ג משני,גרמים,300.00,100 גרם,false,1,23.90,7.9667,true,1,3978
7290006666529,false,סלט פלפלים מרוקאי חריף,סלטי משני,IL,סלט פלפל מרוקאי 300 גר,גרמים,300.00,100 גרם,false,1,24.90,8.3000,true,1,5731
7290006681003,false,גלידה תות לימון סורבה 1.33 ל' קרמיסימו,"גלידת שטראוס בע""\מ, רחוב",IL,גל.קרמיסימו תות לימון 1.33 ל,ליטרים,1.33,ליטר,false,1,19.90,14.9624,true,1,2982
7290006681553,false,קרמבו בטעם וניל שטראוס 8 יחידות,"גלידת שטראוס בע""\מ",IL,קרמבו וניל 8 יח שטראוס,Unknown,0.00,Unknown,false,1,15.90,0.0000,true,1,3505
7290006681560,false,קרמבו בטעם מוקה שטראוס 8 יחידות,"גלידת שטראוס בע""מ",IL,קרמבו מוקה 8 יח שטראוס,Unknown,0.00,Unknown,false,1,15.90,0.0000,true,1,3506
7290006681577,false,מאגדת קרחון אסקימו לימון דובדובן 10 יח' שטראוס,"מיוצר ע""\י גלידת שטראוס",IL,מאגדת אסקימו 10יחידות,יחידה,10.00,יחידה,false,1,16.90,1.6900,true,1,3164
7290006712684,false,ספיד סטיק 24/7 סטיק כחול,קולגייט פלמוליב,US,דאו.ספיד סטיק כחול 24/7,Unknown,0.00,Unknown,false,1,15.90,0.0000,true,1,23972
7290006712981,false,"משחת שיניים קולגייט ספיידרמן מגיל שש 50 מ""ל",הנסיך- מפעל לייצור ט,PL,משחת שיניים קולגייט ילדים 100 גרם,גרמים,100.00,100 גרם,false,1,12.90,12.9000,true,1,2636
7290006724205,false,טופו חומוס בטעם מעושן 300 גרם,משק וואיילר,IL,טופו חומוס 300גר ליב,גרמים,300.00,100 גרם,false,10,12.90,4.3000,true,1,38166
7290006724472,false,טחינה אורגנית 500 גרם ליב,אחדות,IL,טחינה אורגנית 500 גר ליב,גרמים,500.00,100 גרם,false,1,17.90,3.5800,true,1,6077
7290006724496,false,חמאת שומשום אורגנית 500 גרם ליב,,,טחינה שומשום אורגנית 500 גר ליב,גרמים,500.00,100 גרם,false,1,17.90,3.5800,true,1,6078
7290006724878,false,ביצי שליו טריות 12יח,,,ביצי שליו טריות 12יחידות ליב,יחידה,12.00,יחידה,false,1,14.90,1.2417,true,1,51542
7290006730947,false,צמר גפן מתוק דלי 80 גרם,,IL,צמר גפן מתוק בדלי 80 גר,Unknown,0.00,Unknown,false,12,11.90,0.0000,true,1,50973
7290006739346,false,נקניקיות פרגיות טרי 400 גרם זוגלובק,נקניק נהריה כשר זוגל,IL,נקניקיות פרגיות 400 גר וואקום,גרמים,400.00,100 גרם,false,8,10.90,2.7250,true,1,48917
7290006739407,false,שניצל תירס לייט זוגלובק 600 גרם,נקניק נהריה כשר זוגל,IL,שניצל טבע תירס לייט 630 גר,גרמים,630.00,100 גרם,false,1,24.90,3.9524,true,1,48918
7290006739445,false,שניצל תירס קלאסי 750 ג' זוגלובק,נקניק נהריה כשר זוגל,IL,שניצל טבע תירס קלאסי 750 גרם,גרמים,750.00,100 גרם,false,12,24.90,3.3200,true,1,48919
7290006744142,false,"מוני מרסלן רזרב 750 מ""ל",,,יין מוני מרסלן רזרב 750 מל,מיליליטרים,750.00,"100 מ""ל",false,1,80.00,10.6667,true,1,49112
7290006744302,false,יין מוני סדרת M מוסקט לבן 750 מל,,IL,יין מוסקט לבן סדרת אם 750מל פקדון,מיליליטרים,750.00,"100 מ""ל",false,1,40.00,5.3333,true,1,47240
7290006744418,false,יין מוני שיראז רזרב 750 מל,יקב מוני,IL,יין שיראז רזרב 2009 מוני 750 מל פיקדון,מיליליטרים,750.00,"100 מ""ל",false,1,80.00,10.6667,true,1,8974
7290006744593,false,יין מוני גוורצטרמינר,,,יין מוני גוורצטרמינר 750מל פיקדון,מיליליטרים,750.00,"100 מ""ל",false,1,60.00,8.0000,true,1,8137
7290006744715,false,"יין מוני מרלו רזרב 750 מ""ל",יקב מוני,IL,יין מרלו רזרב 2009 מוני 750 מל פיקדון,מיליליטרים,750.00,"100 מ""ל",false,1,80.00,10.6667,true,1,8975
7290006744760,false,יין מוני נחל קלרט 750 מל,יקב מוני,IL,יין מוני נחל קלרט 750מל פיקדון,מיליליטרים,750.00,"100 מ""ל",false,1,60.00,8.0000,true,1,13096
7290006744777,false,יין מונינ נחל פטיט ורדו 750 מל,,,יין מוני נחל פטיט ורדו 750מל פיקדון,מיליליטרים,750.00,"100 מ""ל",false,1,60.00,8.0000,true,1,13097
7290006744814,false,"יין מוני קברנה רזרב 750 מ""ל",יקב מוני,IL,יין קברנה רזרב 2009 מוני 750 מל פיקדון,מיליליטרים,750.00,"100 מ""ל",false,1,80.00,10.6667,true,1,8976
7290006744845,false,יין מוני מלבק רזרב 750 מל,יקב מוני,IL,יין מוני מלבק רזרב 750 מל פקדון,מיליליטרים,750.00,"100 מ""ל",false,1,80.00,10.6667,true,1,13820
7290006744876,false,"יין מוני נחל פטיט סירה 750 מ""ל",יקב מוני,IL,יין מוני נחל פטיט סירה 750 מל,מיליליטרים,750.00,"100 מ""ל",false,1,60.00,8.0000,true,1,24149
7290006744883,false,יין מוני נחל שסק לבן,יקב מוני,,יין מוני נחל שסק לבן 750 מל,מיליליטרים,750.00,"100 מ""ל",false,1,60.00,8.0000,true,1,15491
7290006744913,false,יין מוני נחל קאלדוק,,,יין מוני נחל קאלדוק רוזה 750 מל,מיליליטרים,750.00,"100 מ""ל",false,1,60.00,8.0000,true,1,49113
7290006744920,false,יין מוני שרדונה רזרב 750 מל,יקב מוני,IL,יין שרדונה רזרב 2010 מוני 750 מל פיקדון,מיליליטרים,750.00,"100 מ""ל",false,1,80.00,10.6667,true,1,8977
7290006744937,false,"יין מוני פטיט סירה רזרב 750 מ""ל",יקב מוני,IL,יין פטיט סירה רזרב מוני 750 מל,מיליליטרים,750.00,"100 מ""ל",false,6,80.00,10.6667,true,1,41107
7290006748089,false,יין נחל קריניאן מוני,יקב מוני,IL,יין נחל קריניאן מוני 750 מל,מיליליטרים,750.00,"100 מ""ל",false,6,60.00,8.0000,true,1,34121
7290006764478,false,"בירה נשר מאלט בקבוק זכוכית 330 מ""ל","טמפו משקאות בע""מ",IL,נשר מאלט 330 מל בק פקדון,מיליליטרים,330.00,"100 מ""ל",false,1,5.90,1.7879,true,1,2956
7290006764485,false,"בירה שחורה נשר מאלט שישייה ח""פ 330*6 מ''ל","טמפו משקאות בע""\ם.",IL,מארז 6 בירה נשר מאלט 330 מל פיקדון,ליטרים,1.98,ליטר,false,1,35.90,18.1313,true,1,2957
7290006765000,false,טורטיה מקמח מלא שקדיה 540 גרם,אלקטי קוראבייכיסיגיד,TR,טורטיה טורטילס קמח מלא 8 יח 360 גר,גרמים,540.00,100 גרם,false,1,10.90,2.0185,true,1,7462
7290006765772,false,אננס מסוכר 160 גרם ששון הקולה,"דין שיווק וקלייה בע""",IL,אננס מסוכר 160 גרם בקופסא,גרמים,160.00,100 גרם,false,1,13.90,8.6875,true,1,2905
7290006765895,false,בוטן בקליפה 200 גרם שושן הקולה,דין שיווק,IL,בוטנים בקליפה 200 גר שקית,גרמים,200.00,100 גרם,false,1,7.50,3.7500,true,1,13605
7290006766014,false,רצועות קוקוס 160 גרם,שקדיה,IL,קוקוס רצועות מיובש 160 גרם בקופסא,גרמים,160.00,100 גרם,false,1,16.90,10.5625,true,1,4327
7290006770561,false,לקט לקוסקוס פרי הגליל 800ג',"פרי הגליל בע""""מ",IL,לקט לקוסקוס 800 ג פרי גליל,גרמים,800.00,100 גרם,false,1,15.90,1.9875,true,1,5280
7290006784018,false,"מילוי מכשיר אוויר 250 מ""ל fashion blablabla סנט מוריץ",קומפלקס כימיקלים בעמ,TR,מילוי מכשיר מטהר אויר אימגיין בלה 250מ,מיליליטרים,250.00,"100 מ""ל",false,12,11.90,4.7600,true,1,49550
7290006784063,false,מרכך כביסה פיור נייטשר ורוד 1 ל',"קומפלקס כימיקלים בע""",TR,מרכך כביסה פיור נטורה ורוד 1ליטר,ליטרים,1.00,ליטר,false,12,10.90,10.9000,true,1,49222
7290006784186,false,כפפות ניטריל שחור ללא אבקה 100 יח' L עלמה,קומפלקס כימיקלים,CN,כפפות עלמה ניטרל שחור ל.אבקה לארג 100יח,יחידה,100.00,יחידה,false,10,21.90,0.2190,true,1,49228
7290006784193,false,כפפות ניטריל שחור ללא אבקה 100 יח' M עלמה,קומפלקס כימיקלים,CN,כפפות עלמה ניטרל שחור ל.אבקה מדיום 100יח,יחידה,100.00,יחידה,false,10,21.90,0.2190,true,1,49229
7290006784230,false,כפפות ניטריל שחור ללא אבקה 100 יח' S עלמה,קומפלקס כימיקלים,CN,כפפות עלמה ניטרל שחור ל.אבקה סמול 100יח,יחידה,100.00,יחידה,false,10,21.90,0.2190,true,1,49230
7290006784308,false,"PURE מבשם אוויר ניחוח חופשה בפרובנס 400 מ""ל",קומפלקס כימיקלים,TR,מבשם אוויר 400מל ניחוח חופשה בפרובנס,מיליליטרים,400.00,"100 מ""ל",false,12,9.90,2.4750,true,1,45648
7290006784339,false,"תרסיס לניקוי רהיט סנט מוריץ 300 מ""ל",קומפלקס כימיקלים,IL,תרסיס לניקוי רהיטים 300מל סנט מוריץ,מיליליטרים,300.00,"100 מ""ל",false,12,9.90,3.3000,true,1,31207
7290006784346,false,"תרסיס לניקוי שטיחים סנט מוריץ 630 מ""ל",קומפלקס כימיקלים בעמ,IL,קצף לניקוי שטיחים 630 מל סנט מוריץ,מיליליטרים,630.00,"100 מ""ל",false,12,14.90,2.3651,true,1,31208
7290006784360,false,חלונית סנט מוריץ לניקוי חלונות 1 ליטר,"קומפלקס כימיקלים בע""",IL,נוזל חלונות סנט מוריץ 1 ליטר,ליטרים,1.00,ליטר,false,15,5.90,5.9000,true,1,29914
7290006784377,false,מרכך כביסה פיור נייטשר כחול 1 ליטר,"קומפלקס כימיקלים בע""",TR,מרכך כביסה פיור נטורה כחול 1ליטר,ליטרים,1.00,ליטר,false,12,10.90,10.9000,true,1,49223
7290006784407,false,"PURE מבשם כביסה בניחוח מלון בוטיק 500 מ""ל",קומפלקס כימיקלים,TR,מבשם כביסה 500מל בניחוח מלון בוטיק,מיליליטרים,500.00,"100 מ""ל",false,12,12.90,2.5800,true,1,45644
7290006784414,false,"PURE מבשם כביסה בניחוח מלון ספא 500 מ""ל",קומפלקס כימיקלים,TR,מבשם כביסה 500מל בניחוח מלון ספא,מיליליטרים,500.00,"100 מ""ל",false,12,12.90,2.5800,true,1,45643
7290006784438,false,מרכך כביסה pure love לבן 1 ל' סנט מוריץ,קומפלקס כימיקלים בעמ,TR,מרכך כביסה פיור לאב לבן 1ליטר,ליטרים,1.00,ליטר,false,12,10.90,10.9000,true,1,49224
7290006784452,false,"PURE - מבשם כביסה מרסס בניחוח מלון רויאל 500 מ""ל",קומפלקס כימיקלים,TR,מבשם כביסה 500מל בניחוח מלון רויאל,מיליליטרים,500.00,"100 מ""ל",false,12,12.90,2.5800,true,1,45645
7290006784469,false,"PURE מבשם אוויר ניחוח חופשה במיקונוס 400 מ""ל",קומפלקס כימיקלים,TR,מבשם אוויר 400מל ניחוח חופשה במיקונוס,מיליליטרים,400.00,"100 מ""ל",false,12,9.90,2.4750,true,1,45650
7290006784483,false,"PURE מבשם אוויר ניחוח חופשה בסנט מוריץ 400 מ""ל",קומפלקס כימיקלים,TR,מבשם אוויר 400מל ניחוח חופשה סנט מוריץ,מיליליטרים,400.00,"100 מ""ל",false,12,9.90,2.4750,true,1,45649
7290006784551,false,תרסיס 365-C קוטל מעופפים,קומפלקס כימיקלים,IL,קוטל מעופפים 365סמק סנט מוריץ,מיליליטרים,365.00,"100 מ""ל",false,12,15.90,4.3562,true,1,31833
7290006784575,false,"מילוי מכשיר אוויר 250 מ""ל fashion loouy סנט מוריץ",קומפלקס כימיקלים בעמ,TR,מילוי מכשיר מטהר אויר פאשיין לואי 250מל,מיליליטרים,250.00,"100 מ""ל",false,12,11.90,4.7600,true,1,49555
7290006784582,false,"מילוי מכשיר אוויר 250 מ""ל fashion no.6 סנט מוריץ",סורה קוסמטיקס,TR,מילוי מכשיר מטהר אויר פאשיין מס 6 250מל,מיליליטרים,250.00,"100 מ""ל",false,12,11.90,4.7600,true,1,49553
7290006784599,false,"מילוי מכשיר אוויר 250 מ""ל fashion yoyo boss סנט מוריץ",סורה קוסמטיקס,TR,מילוי מכשיר מטהר אויר פאשיין יו יו 250מל,מיליליטרים,250.00,"100 מ""ל",false,12,11.90,4.7600,true,1,49552
7290006784605,false,"מילוי מכשיר אוויר 250 מ""ל fashion midnight secret סנט מוריץ",קומפלקס כימיקלים בעמ,TR,מילוי מכשיר מטהר אויר פאשיין מידנייט 250,מיליליטרים,250.00,"100 מ""ל",false,12,11.90,4.7600,true,1,49554
7290006784643,false,"מילוי מכשיר אוויר 250 מ""ל fashion rose gold סנט מוריץ",קומפלקס כימיקלים בעמ,TR,מילוי מכשיר מטהר אויר פאשיין רוז 250מל,מיליליטרים,250.00,"100 מ""ל",false,12,11.90,4.7600,true,1,49551
7290006784865,false,סנט מוריץ לניקוי משטחי מטבחים מרוכז ועוצמתי 1ל',קומפלקס כימיקלים בעמ,IL,מתז לניקוי מטבחים 1 ליטר מרוכז סנט מוריץ,ליטרים,1.00,ליטר,false,15,10.90,10.9000,true,1,31826
7290006788405,false,"קרליין - נושם אקטיב דאודורנט רול און לאישה ברודו 75 מ""ל",מיוצר עי : אמיליה קוסמטי,IL,קרליין דאו רול און ירוק 75 מל,מיליליטרים,75.00,"100 מ""ל",false,1,12.90,17.2000,true,1,2939
7290006788412,false,"קרליין - נושם אקווה דאודורנט רול און לאישה כחול 75 מ""ל",אמיליה קוסמטיקס בעמ,IL,קרליין דאו רול און כחול 75 מל,מיליליטרים,75.00,"100 מ""ל",false,1,12.90,17.2000,true,1,2940
7290006788429,false,"קרליין - נושם סאן רייס דאודורנט רול און לאישה כתום 75 מ""ל","אמיליה קוסמטיקס בע""מ",IL,קרליין דאו רול און כתום 75 מל,מיליליטרים,75.00,"100 מ""ל",false,1,12.90,17.2000,true,1,2941
7290006788436,false,"קרליין - נושם פיור דאודורנט רול און לאישה ורוד 75 מ""ל",משווק: קוסמופארם בעמ,IL,קרליין דאו רול און ורוד 75 מל,מיליליטרים,75.00,"100 מ""ל",false,1,12.90,17.2000,true,1,2942
7290006788443,false,"קרליין - נושם אוקסיג'ן דאודורנט רול און לאישה סגול 75 מ""ל","אמיליה קוסמטיקס בע""מ",IL,קרליין דאו רול און סגול 75 מל,מיליליטרים,75.00,"100 מ""ל",false,1,12.90,17.2000,true,1,2943
7290006788467,false,"קרליין - נושם אקטיב דאודורנט ספריי לאישה בורדו 200 מ""ל",מיוצר עי : אמיליה קוסמטי,IL,דאו קרליין ספריי נושם ירוק 200 מל,מיליליטרים,200.00,"100 מ""ל",false,1,12.90,6.4500,true,1,2933
7290006788481,false,"קרליין - נושם סאן רייס דאודורנט ספריי לאישה כתום 200 מ""ל",מיוצר עי : אמיליה קוסמטי,IL,דאו קרליין ספריי נושם כתום 200 מל,מיליליטרים,200.00,"100 מ""ל",false,1,12.90,6.4500,true,1,2934
7290006788498,false,"קרליין - נושם פיור דאודורנט ספריי לאישה ורוד 200 מ""ל",מיוצר עי : אמיליה קוסמטי,IL,דאו.קרליין ספריי נושם ורוד 200 מל,מיליליטרים,200.00,"100 מ""ל",false,1,12.90,6.4500,true,1,2935
7290006788504,false,"קרליין - נושם אוקסיג'ן דאודורנט ספריי לאישה סגול 200 מ""ל",מיוצר עי : אמיליה קוסמטי,IL,דאו קרליין ספריי נושם סגול 200 מל,מיליליטרים,200.00,"100 מ""ל",false,1,12.90,6.4500,true,1,2936
7290006788559,false,"טיטניום ICE דאודורנט תרסיס ספריי 180 מ""ל",אמיליה קוסמטיקס בעמ,IL,דאודורנט טיטניום בלו ספריי 180 מל,מיליליטרים,180.00,"100 מ""ל",false,1,17.90,9.9444,true,1,2931
7290006789624,false,קרם לחות לשיער מחייה צבוע,אמיליה קוסמטיקס,IL,קרם לחות 10 לשיער צבוע 400 מל,מיליליטרים,400.00,"100 מ""ל",false,1,16.90,4.2250,true,1,3364
7290006789631,false,קרליין קרם לחות לשיער רגיל 400 גרם,מיוצר עי : אמיליה קוסמטי,IL,קרם לחות 10 לשיער רגיל 400 מל,מיליליטרים,400.00,"100 מ""ל",false,1,16.90,4.2250,true,1,3363
7290006789648,false,"קרם לחות לשיער יבש 10 קרליין 400 מ""ל","אמיליה קוסמטיקס בע""מ",IL,קרם לחות 10 לשיער יבש 400 מל,מיליליטרים,400.00,"100 מ""ל",false,1,16.90,4.2250,true,1,3361
7290006789655,false,"קרם לחות לסירוק קל לשיער מתולתל ומקורזל 10 קרליין 400 מ""ל",מיוצר עי : אמיליה קוסמטי,IL,קרם לחות 10 לשיער חלק/גלי 400 מל,מיליליטרים,400.00,"100 מ""ל",false,1,16.90,4.2250,true,1,3362
7290006791870,false,"נטורל - ג'ל שיער לעיצוב חזק 500 מ""ל",מיוצר עי : אמיליה קוסמטי,IL,גל אקסטרים לעיצוב חזק 500 מל,גרמים,500.00,100 גרם,false,1,19.90,3.9800,true,1,5560
7290006805355,false,"פילסברי, כדורים בטעם שוקולד, תערובת להכנת כדורים בטעם שוקולד. 500 גרם.",הדקלאים אגודת שיתופי,IL,תערובת לכדורי שוקולד 517 גרם,גרמים,517.00,100 גרם,false,1,18.90,3.6557,true,1,3588
7290006805362,false,חצי באגט מאפית,פילסברי,,חצי בגט רגיל,Unknown,0.00,Unknown,false,1,3.50,0.0000,true,1,17169
7290006805379,false,שליש בגט רגיל,פילסברי,,שליש בגט רגיל,Unknown,0.00,Unknown,false,1,2.50,0.0000,true,1,46907
7290006805850,false,פילסברי פנקייק תערובת להכנת חביתיות,הדקלאים אגודת שיתופי,IL,תערובת לפנקיק 400 ג פילסברי,גרמים,400.00,100 גרם,false,1,18.90,4.7250,true,1,3987
7290006822192,false,נקטר דיאט חמוציות אושן ספריי פריגת 1 ליטר,מבשלות בירה בינלאומיות ב,IL,משקה חמוציות דיאט אושן ספריי 1 ל פקדון,ליטרים,1.00,ליטר,false,1,11.90,11.9000,true,1,3079
7290006855183,false,ברבריא חטיף תמרים שומשום אגוז מלך 30*4,טבעית מוצרים מן הטבע בעמ,IL,חטיף ברבריא תמר אגוז 4 יח 120 גר,גרמים,120.00,100 גרם,false,1,16.90,14.0833,true,1,12571
7290006855190,false,חטיף תמרים ואגוזי מלך עם בננה ללא תוספת סוכר,טבעית מוצרים מן הטבע בעמ,IL,חטיף ברבריא תמר ובננה 4 יח 120 גר,גרמים,120.00,100 גרם,false,1,16.90,14.0833,true,1,33770
7290006855206,false,חטיף בר שזיפים קוקוס ואוכמניות מארז 120 גרם,טבעית מוצרים מן הטבע,IL,חטיף ברבריא שזיף קוקוס 4 יח 120 גר,גרמים,120.00,100 גרם,false,1,16.90,14.0833,true,1,12570
7290006855404,false,"ברבריא בייטס תמר מג'הול עם קשיו, שקדים ופיסטוק",טבעית מוצרים מן הטבע בעמ,IL,חטיף ברבריא בייטס תמר שקד פיסטוק 55 גר,Unknown,0.00,Unknown,false,12,6.90,0.0000,true,1,45282
7290006866363,false,מיץ סחוט אשכוליות אדומות פרימור 1 ליטר,"גניר (1992) בע""מ",IL,מיץ אשכליות אדומות סחוט טרי 1 ל פקדון,ליטרים,1.00,ליטר,false,1,15.90,15.9000,true,1,4787
7290006899088,false,סרמוני תה - 20 ירוק נענע מרוקאית - קופסת פירמידה,תה סרמוני בעמ,,תה סרמוני ירוק נענע 20 יח,יחידה,20.00,יחידה,false,1,16.90,0.8450,true,1,15004
7290006899187,false,סרמוני תה - 20 לימונית לואיזה - קופסת פירמידה,תה סרמוני בעמ,,תה סרמוני לימונית לואיזה 20יח,יחידה,20.00,יחידה,false,1,16.90,0.8450,true,1,15005
7290006899217,false,תה סרמוני אינגלש ברק,תה סרמוני בעמ,IL,תה סרמוני אינגלש ברקפסט 20 יח,יחידה,20.00,יחידה,false,6,16.90,0.8450,true,1,6349
7290006899224,false,סרמוני תה - 20 ירוק יסמין - קופסת פירמידה,תה סרמוני בעמ,IL,תה סרמוני ירוק יסמין 20 יח,יחידה,20.00,יחידה,false,6,16.90,0.8450,true,1,45924
7290006899255,false,סרמוני תה - 20 ארל גריי - קופסת פירמידה,תה סרמוני בעמ,,תה סרמוני ארל גריי 20 יח,יחידה,20.00,יחידה,false,1,16.90,0.8450,true,1,6350
7290006899262,false,סרמוני תה - 20 ג'ינג'ר אפרסק - קופסת פירמידה,תה סרמוני בעמ,IL,תה סרמוני גינגר אפרסק 20 יח,יחידה,20.00,יחידה,false,6,16.90,0.8450,true,1,28333
7290006899293,false,תה סרמוני צאי הודי 2,תה סרמוני בעמ,IL,תה סרמוני צאי הודי 20 יח,יחידה,20.00,יחידה,false,6,16.90,0.8450,true,1,6351
7290006899316,false,סרמוני תה - 20 ירוק סנצ'ה - קופסת פירמידה,תה סרמוני בעמ,IL,תה סרמוני ירוק סנצה 20 יח,יחידה,20.00,יחידה,false,6,16.90,0.8450,true,1,6354
7290006899354,false,סרמוני תה - 20 פרחי קמומיל - קופסת פירמידה,תה סרמוני בעמ,IL,תה סרמוני פרחי קמומיל 20 יח,יחידה,20.00,יחידה,false,6,16.90,0.8450,true,1,6352
7290006899361,false,סרמוני תה - 20 פירות יער - קופסת פירמידה,תה סרמוני בעמ,IL,תה סרמוני פירות יער 20 יח,יחידה,20.00,יחידה,false,6,16.90,0.8450,true,1,6353
7290006899705,false,סרמוני תה - 20 ירוק לימונית - קופסת פירמידה,תה סרמוני בעמ,IL,תה סרמוני ירוק לימונית 20 יח,יחידה,20.00,יחידה,false,6,16.90,0.8450,true,1,45923
7290006920836,false,"תחליפי גבינ""צ מעושן פרוס 350 גר'",צי תעשיות מזון יבנה,IL,צהובה טובה מעושנת 350 גרם פרוס,גרמים,350.00,100 גרם,false,1,11.90,3.4000,true,1,21965
7290006920843,false,"תחליפי גבינ""צ מוצרלה פרוס 350 גר'",צי תעשיות מזון יבנה,IL,צהובה טובה מוצרלה 350 גרם פרוס,גרמים,350.00,100 גרם,false,1,11.90,3.4000,true,1,21966
7290006942012,false,רפידת מסאז עור,,,רפידת מסאז עור,Unknown,0.00,Unknown,false,1,59.50,0.0000,true,1,2882
7290006942043,false,רפידת נוחות אנטיבקטריאלי,גופיקס,IL,רפידת נוחות אנטי בקטריאלית,Unknown,0.00,Unknown,false,1,23.00,0.0000,true,1,2884
7290006942098,false,בולם זעזועים עור,,,בולם זעזועים עור,Unknown,0.00,Unknown,false,1,75.00,0.0000,true,1,4959
7290006942111,false,רפידת אמטומיק אווריר,,,רפידת אמטומיק אוורירי,Unknown,0.00,Unknown,false,1,52.00,0.0000,true,1,7429
7290006942166,false,רפידת לטקס גל,,,רפידת לטקס גל,Unknown,0.00,Unknown,false,1,75.00,0.0000,true,1,16215
7290006960023,false,כרוב כבוש מאמא מרי 7,מאמא מרי,IL,כרוב כבוש 750 גרם,גרמים,750.00,100 גרם,false,1,19.90,2.6533,true,1,11946
7290006960429,false,"מאמא מרי כרוב בולגרי 1 ק""ג",מאמא מרי,IL,כרוב בולגרי כבוש 750 גרם,גרמים,750.00,100 גרם,false,1,19.90,2.6533,true,1,11947
7290006963314,false,עוגת שטולן מייסטר קל,KuchenMeister GmbH,DE,עוגת שטולן מייסטר קלאסית 750 גרם,גרמים,750.00,100 גרם,false,6,36.90,4.9200,true,1,50990
7290006963321,false,עוגת שטולן עם מרציפן,KuchenMeister GmbH,DE,עוגת שטולן מייסטר עם מרציפן 750 גרם,גרמים,750.00,100 גרם,false,6,39.90,5.3200,true,1,50991
7290006983152,false,קרוטונים מתובלים למרק אסם 400 גרם,עינת תעשיות מזון אגו,IL,קרוטונים מתובלים אסם 400 גר,גרמים,400.00,100 גרם,false,1,16.90,4.2250,true,1,3748
7290006983176,false,אוסם - לחמית שיפון 250 גרם,"אסם השקעות בע""\מ",IL,לחמית שיפון 230 גרם,גרמים,230.00,100 גרם,false,1,9.50,4.1304,true,1,3135
7290006983206,false,תערובת להכנת פלפל קלי קלות 180 גרם,"אסם השקעות בע""\מ",IL,פלאפל בקלי קלות 180 ג,גרמים,180.00,100 גרם,false,1,9.90,5.5000,true,1,3345
7290006983527,false,עוגת הבית תפוחי עץ עם פירורים 400 ג' אסם,מיוצר עי קונדיטוריית,IL,עוגת הבית תפוחים פירורים 400 גר,גרמים,400.00,100 גרם,false,1,15.90,3.9750,true,1,2930
7290006983770,false,עוגת הבית שיש אסם 400 גרם,מיוצר עי קונדיטוריית,IL,עוגת הבית שיש 400 גר,גרמים,400.00,100 גרם,false,1,12.90,3.2250,true,1,3125
7290006983787,false,עוגת הבית שוקולד צ'יפס אסם 400 גרם,מיוצר עי קונדיטוריית,IL,עוגת הבית שוקוציפס 400 גר,גרמים,400.00,100 גרם,false,1,12.90,3.2250,true,1,3080
7290006983794,false,עוגת הבית בטעם תפוז אסם 400 גרם,מיוצר עי קונדיטוריית,IL,עוגת הבית תפוז 400 גר,גרמים,400.00,100 גרם,false,1,12.90,3.2250,true,1,3081
7290006992185,false,"מטרנה - דייסת אורז פרוביוטי כשל""פ 200 גרם",מולינו ניקולי s.p.a,IL,דייסת מטרנה אורז 200 גר,גרמים,200.00,100 גרם,false,1,15.90,7.9500,true,1,3022
7290006992192,false,דייסה מטרנה סולת פרוביוטיקה,מטרנה תעשיות ש.מ,IL,דייסת מטרנה סולת 200 גר,גרמים,200.00,100 גרם,false,1,15.90,7.9500,true,1,3023
7290006992208,false,מטרנה דייסת 8 דגנים מעורבים 200 גרם,מטרנה תעשיות ש.מ,IL,דייסת מטרנה דגנים 200 גר,גרמים,200.00,100 גרם,false,1,15.90,7.9500,true,1,3020
7290006992390,false,"מטרנה - דייסת וניל פרוביוטי כשל""פ 200 גרם",מולינו ניקולי s.p.a,IL,דייסת מטרנה וניל 200 גר,גרמים,200.00,100 גרם,false,1,15.90,7.9500,true,1,4073
7290008000239,false,"שטיפה אינטימית מועשר בלחות פמינה 220 מ""ל",פמינה,IL,שטיפה אינטימית פמינה עם לחות 220 מל,מיליליטרים,220.00,"100 מ""ל",false,1,26.90,12.2273,true,1,7479
7290008000246,false,"פמינה - שטיפה אינטימית מועשר באלוורה 220 מ""ל",פמינה,IL,שטיפה אינטימית פמינה עם אלוורה 220 מל,מיליליטרים,220.00,"100 מ""ל",false,1,26.90,12.2273,true,1,7478
7290008000796,false,"סופרמן משחת שיניים לילדים בטעם פירות כצט 50 מ""ל",כצט נוביס,IL,משחת שיניים סופרמן ילדים 70 מל,Unknown,0.00,Unknown,false,1,12.90,0.0000,true,1,10467
7290008000826,false,"משחת שיניים לילדים בטעם פירות לגילאים 2-6 כצט 50 מ""ל",כצט נוביס,IL,מש.שיניים ברבי לילדים,Unknown,0.00,Unknown,false,1,12.90,0.0000,true,1,4120
7290008001502,false,אלמקס מי פה לשיניים רגישות 400 מל,CP-Poland swidnica,PL,מי פה אלמקס לשיניים רגישות 400 מל,מיליליטרים,400.00,"100 מ""ל",false,1,34.90,8.7250,true,1,6244
7290008017671,false,מסרק כינים מפלדת אל חלד,מורז,IL,מסרק כינים מורז,יחידה,1.00,יחידה,false,1,39.90,39.9000,true,1,47515
7290008023542,false,סיף פנטסטיק שמפו רצפות כתום 4ל',יוניליוור ישראל טיפוח אי,IL,נוזל רצפה סיף יסמין 4 ל,ליטרים,4.00,ליטר,false,1,19.90,4.9750,true,1,2196
7290008101318,false,קריספ פירורי לחם זהוב 300 גרם מיימונס,א.ל ייצור ושיווק תבל,IL,פירורי לחם קריספ זהוב 300 גרם,גרמים,300.00,100 גרם,false,20,6.90,2.3000,true,1,49279
7290008101356,false,קריספ פאנקו זהב 300 גרם מיימונס,א.ל ייצור ושיווק תבל,IL,פירורי לחם קריספ פנקו 300 גרם,גרמים,300.00,100 גרם,false,20,9.90,3.3000,true,1,49280
7290008104050,false,"שטיפת אינטימית לקטופיל פמינה 220 מ""ל",כצט נוביס סעמ,IL,שטיפה אינטימית פמינה 220 מל,מיליליטרים,220.00,"100 מ""ל",false,1,23.90,10.8636,true,1,7477
7290008116541,false,"שטיפת פה ליסטרין קול מינט 500 מ""ל",ג'\ונסון אנד ג'\ונסון,IT,נוזל שטיפת פה ליסטרין מנטה כחול 500מרענן,מיליליטרים,500.00,"100 מ""ל",false,1,19.90,3.9800,true,1,25484
7290008116565,false,ליסטרין שטיפת פה פרש 500 מל,ג'\ונסון אנד ג'\ונסון,IT,נוזל שטיפת פה ליסטרין פרש ירוק 500מרענן,מיליליטרים,500.00,"100 מ""ל",false,1,19.90,3.9800,true,1,25483
7290008116862,false,בלנאום שמן רחצה יומיומי לתינוקות וילדים,ניאופארם,IL,שמן תינוק בלנאום 500 מל,מיליליטרים,500.00,"100 מ""ל",false,1,69.90,13.9800,true,1,22037
7290008154222,false,שניצלונים עוף טוב 700 גרם,"מוצרי עוף טוב (2001) בע""",IL,שניצלונים עוף טוב 700 גר,גרמים,700.00,100 גרם,false,1,21.90,3.1286,true,1,3776
7290008175173,false,חמאה מפינלנד ללא מלח 200 גרם ויליפוד,ואליו אל.טי.די,FI,חמאה ללא מלח 200גרם פינלנד,גרמים,200.00,100 גרם,false,20,11.90,5.9500,true,1,2758
7290008175210,false,גבינת פרמזן מגורדת 90ג' ויליפוד,זנטי אס.איי.,IT,גבינת פרמזן מגורדת 90 גרם,Unknown,0.00,Unknown,false,1,15.90,0.0000,true,1,3083
7290008175760,false,מנצגו חלב כבשים מעדניה שקיל,אלפסטור,ES,גבינת מנצגו חלב כבשים במשקל,קילוגרמים,1.00,"ק""ג",true,,119.00,119.0000,true,1,9016
7290008190909,false,עוגיות מיני קוקיס שוקולד צ'יפס בצנצנת כרמית 600 גרם,כרמית תעשיות ממתקים,IL,עוג.מיני קוקיס שוקולד ציפס 600 גר,גרמים,600.00,100 גרם,false,1,15.90,2.6500,true,1,3758
7290008190985,false,סוכריות על מקל בטעמי,כרמית תעשיות ממתקים,TR,לקקן כרמית גלידה 50 יח שקית,Unknown,0.00,Unknown,false,1,16.90,0.0000,true,1,3759
7290008233026,false,פיק משחה להברקת כל סוגי המתכות 100 גר',,GB,משחה להברקת כל סוגי המתכות פיק 100גר,גרמים,100.00,100 גרם,false,1,29.90,29.9000,true,1,36115
7290008263214,false,ממרח חרובים אורגני-הרדוף 350 גר,ברינקרס פוד,NL,ממרח חרובים אורגני 350 ג הרדוף,גרמים,350.00,100 גרם,false,1,18.90,5.4000,true,1,4940
7290008263481,false,הרדוף פסטה פנה מקמח לבן 500 גרם,פסטיפיסוי פליצ'טי,IT,פסטה פנה קמח לבן,גרמים,500.00,100 גרם,false,1,10.90,2.1800,true,1,3441
7290008263498,false,הרדוף פסטה פוסילי מקמח לבן 500 גרם,פסטיפיסוי פליצ'טי,IT,פתיתים פוזילי אורגני 500 גר הרדוף,גרמים,500.00,100 גרם,false,1,10.90,2.1800,true,1,3440
7290008263528,false,ממרח קקאו בתוספת אגוזים אגוזים הרדוף 350,ברינקרס פוד,NL,ממרח שוקולד אגוז אורגני 350 ג הרדוף,גרמים,350.00,100 גרם,false,1,18.90,5.4000,true,1,4939
7290008263535,false,ממרח שוקולד אורגני-הרדוף 350 גר,ברינקרס פוד,NL,ממרח שוקולד אורגני 350 ג הרדוף,גרמים,350.00,100 גרם,false,1,18.90,5.4000,true,1,4938
7290008263597,false,קוואקר אורגני הרדוף 500 גרם,אול אורגני,IL,קוואקר אורגני 500 גר הרדוף,גרמים,500.00,100 גרם,false,1,10.90,2.1800,true,1,2347
7290008263641,false,קוואקר עדין אורגני 500 גרם - הרדוף,אול אורגני,IL,קוואקר עדין אורגני 500 גר הרדוף,גרמים,500.00,100 גרם,false,1,10.90,2.1800,true,1,4796
7290008263719,false,טחינה הרדוף אורגני 4,הרדוף,IL,טחינה אורגנית 400 גר הרדוף,גרמים,400.00,100 גרם,false,1,17.90,4.4750,true,1,3525
7290008263764,false,פסטה פוזילי טריקולור אורגנית 500 גר,פסטיפיסוי פליצ'טי,IT,פסטה פוסילי טריקולו 500 ג,גרמים,500.00,100 גרם,false,1,13.90,2.7800,true,1,3860
7290008310000,false,אמפנדס במילוי עוף חי,מאפה של חייקה,IL,אמפנדס עוף 12יחידות 700גר,גרמים,700.00,100 גרם,false,1,46.90,6.7000,true,1,47102
7290008310017,false,אמפנדס מאפה של חייקה,מאפה של חייקה,IL,אמפנדס בשר 12יחידות 700גר,גרמים,700.00,100 גרם,false,1,46.90,6.7000,true,1,2682
7290008310406,false,אמפנדס פטריות 700 גרם,מאפה של חייקה,IL,אמפנדס פטריות 12יחידות 700גר,גרמים,700.00,100 גרם,false,1,46.90,6.7000,true,1,47101
7290008310604,false,אמפנדס תירס 12יחידות,מאפה של חייקה,IL,אמפנדס תירס 12יחידות 700גר,גרמים,700.00,100 גרם,false,1,46.90,6.7000,true,1,47104
7290008328913,false,סילאן טבעי 100% 900 גרם יורו פוד,סאנאי וי טיקרט א.ס,TR,סילאן טבעי יורופוד 900 גר,גרמים,900.00,100 גרם,false,1,19.90,2.2111,true,1,4852
7290008330107,false,מרכך כביסה בדין סגול 4 ליטר,יוניליור ישראל טיפוח איש,IL,מרכך בדין 4 ליטר סגול,ליטרים,4.00,ליטר,false,1,19.90,4.9750,true,1,1374
7290008333115,false,אבקת ג'לטין טהור נטו 28 גרם,מאיר עזרא ובניו,IL,אבקת גלטין טהור מדגים 28 ג,גרמים,28.00,100 גרם,false,1,10.90,38.9286,true,1,1858
7290008335515,false,אגרול+רוטב חמוץ/מתוק600ג,שלושת האופים,IL,אגרול סיני 600 גרם שלושת האופים,גרמים,600.00,100 גרם,false,1,12.90,2.1500,true,1,2245
7290008335539,false,פלמיני במלית בשר קפוא 60,"שלושת האופים בע""\מ",IL,פלמיני כיסוני בשר 600 גרם שלושת האופים,גרמים,600.00,100 גרם,false,1,12.90,2.1500,true,1,2247
7290008335546,false,"ורניקי תפו""א שלושת האופים 600 גר'","שלושת האופים בע""\מ",IL,ורניקי כיסוני תפוא 600 גרם שלושת האופים,גרמים,600.00,100 גרם,false,1,12.90,2.1500,true,1,2248
7290008335553,false,קובה במילוי בשר 600 גרם,האי נאם סי או אל.טי.,IL,קובה בשר 600 גרם שלושת האופים,גרמים,600.00,100 גרם,false,1,12.90,2.1500,true,1,2246
7290008335560,false,סיגרים במילוי בשר 600גרם,האי נאם סי או אל.טי.,IL,סיגרים בשר 600 גרם שלושת האופים,גרמים,600.00,100 גרם,false,1,12.90,2.1500,true,1,2244
7290008335577,false,"פסטלים במילוי תפו""א 600ג",האי נאם סי או אל.טי.,IL,פסטלים תפוא 600 גרם שלושת האופים,גרמים,600.00,100 גרם,false,1,12.90,2.1500,true,1,2242
7290008335584,false,"סיגרים במילוי תפו""א 600ג",האי נאם סי או אל.טי.,IL,סיגרים תפוא 600 גרם שלושת האופים,גרמים,600.00,100 גרם,false,1,12.90,2.1500,true,1,2243
7290008336796,false,בשר ראש חלק קפוא (נטו),טיבון ויל,AR,בשר ראש חלק קפוא,קילוגרמים,1.00,"ק""ג",true,,79.90,79.9000,true,1,3524
7290008340618,false,סלמון מעושן מצונן דלידג 100 ג',ויליגר תעשיות בעמ,IL,סלמון מעושן 100 גרם,גרמים,100.00,100 גרם,false,1,19.90,19.9000,true,1,3086
7290008343466,false,בצק פילו 500 גרם שלושת האופים,שלושת האופים שגמור,IL,בצק פילו 500 גרם,גרמים,500.00,100 גרם,false,1,20.90,4.1800,true,1,3838
7290008343503,false,גחנון אפוי 650 גר' שלושת האופים קהילות,שלושת האופים,IL,גחנון אפוי 650 גרם,גרמים,650.00,100 גרם,false,1,20.90,3.2154,true,1,3207
7290008343510,false,ג'חנון מיני אפוי למיקרו 3 האופים 650 ג',שלושת האופים ירכא,IL,מיני גחנון אפוי 650 גר שלושת האופים,גרמים,650.00,100 גרם,false,1,20.90,3.2154,true,1,3208
7290008344272,false,המבורגר 100% טיבון ויל 400 גרם,טיבון ויל אחזקות בעמ,IL,המבורגר אמיתי 400 גרם,גרמים,400.00,100 גרם,false,1,15.90,3.9750,true,1,2662
7290008345118,false,דלידג מקרל בשמן 240 גרם,מיוצר על ידי קוד יצר,IL,מקרל בשמן 240 גרם,גרמים,240.00,100 גרם,false,1,26.90,11.2083,true,1,2690
7290008345132,false,הרינג כבוש דלידג 240 ג',כלורוקס אוקלנד,IL,פילה הרינג כבוש 240 גרם,גרמים,240.00,100 גרם,false,1,25.90,10.7917,true,1,2689
7290008345156,false,פילה מקרוסקה ואקום ד,נטו מלינדה סיימן,IL,פילה מקרוסקה מעושנת בואקום במשקל,קילוגרמים,1.00,"ק""ג",true,,129.00,129.0000,true,1,2693
7290008345163,false,מקרל שלם מעושן דלידג,דלידג - נטו,IL,מקרל שלם במשקל,קילוגרמים,1.00,"ק""ג",true,,109.00,109.0000,true,1,2692
7290008345170,false,מקרל חצאים מעושן דלי,נטו מלינדה סיימן,IL,מקרל חצאים במשקל,קילוגרמים,1.00,"ק""ג",true,,109.00,109.0000,true,1,2691
7290008345514,false,איקרה לבנה במשקל,,,איקרה לבנה במשקל,קילוגרמים,1.00,"ק""ג",true,,65.00,65.0000,true,1,37506
7290008345576,false,סלט איקרה ביתית לבנה 300 גרם דלידג,כלורוקס אוקלנד,IL,איקרה ביתית לבנה 300 גרם,גרמים,300.00,100 גרם,false,1,21.90,7.3000,true,1,3123
7290008345583,false,איקרה ביתית ורוד 300 גרם דלידג,כלורוקס אוקלנד,IL,איקרה ביתית ורודה 300 גרם,גרמים,300.00,100 גרם,false,1,21.90,7.3000,true,1,3124
7290008345781,false,נקניקיות צוריסוס/מרג,טיבון ויל,,נקניקיות צוריסוס במשקל,קילוגרמים,1.00,"ק""ג",true,,50.00,50.0000,true,1,3403
7290008346191,false,איקרה ורודה במשקל,,,איקרה ורודה במשקל,קילוגרמים,1.00,"ק""ג",true,,65.00,65.0000,true,1,37507
7290008347211,false,אצבעות דג מצופות דלידג 700 גרם,אף.סי תבליני בגליל ב,IL,אצבעות דג 700 ג,גרמים,700.00,100 גרם,false,1,22.90,3.2714,true,1,3746
7290008347730,false,סלמון מעושן הילטון ב,דלידג ק.מלאכי,,סלמון מעושן הילטון במשקל,קילוגרמים,1.00,"ק""ג",true,,219.00,219.0000,true,1,5764
7290008348683,false,שום יבש יחידה,,,שום יבש יחידה,Unknown,0.00,Unknown,false,1,6.90,0.0000,true,1,5104
7290008350150,false,בצק פילו מצונן מרודד שף שגב,,IL,בצק פילו 350גר מצונן מרודד שף שגב,גרמים,350.00,100 גרם,false,12,15.90,4.5429,true,1,50375
7290008350174,false,בצק עלים מצונן מרודד שף שגב,,IL,בצק עלים 350גר מצונן מרודד שף שגב,גרמים,350.00,100 גרם,false,12,15.90,4.5429,true,1,50376
7290008379335,false,ג'יבן וקום 500 גרם ע,,,גיבן בואקום 500 גר,גרמים,500.00,100 גרם,false,,34.90,6.9800,true,1,25851
7290008379373,false,אורגו צמת מוצרלה טבעי 300 גרם,מחלבת עברי,,גבינת אורגו טבעי 300 גר,גרמים,300.00,100 גרם,false,1,27.90,9.3000,true,1,25848
7290008379380,false,גבינת סולוגוני 300 גרם,מחלבת עברי,,גבינת סולוגוני 300 גר,גרמים,300.00,100 גרם,false,1,27.90,9.3000,true,1,25849
7290008379557,false,כדורי בייבי מוצרלה 1,,,כדורי בייבי מוצרלה 150 גר,גרמים,150.00,100 גרם,false,1,13.90,9.2667,true,1,25850
7290008403191,false,גבינת קשקבל בשלה במשקל,לקטיס סאן וינשנטה,ES,גבינת קשקבל בשלה במשקל,קילוגרמים,1.00,"ק""ג",true,,109.00,109.0000,true,1,12818
7290008403238,false,גבינת ברי צרפתית32% משקל,קואופורטיב איסיני סנט מר,FR,גבינת ברי איסיני במשקל,קילוגרמים,1.00,"ק""ג",true,,129.00,129.0000,true,1,14784
7290008403351,false,גבינת לנדנה כמהין במ,ונדסטרה גרופ,,גבינת לנדנה כמהין במשקל,קילוגרמים,1.00,"ק""ג",true,,199.00,199.0000,true,1,16035
7290008403443,false,גבינת קברה עיזים,סאן ויסנצה,,גבינת קברה במשקל,קילוגרמים,1.00,"ק""ג",true,,189.00,189.0000,true,1,16871
7290008403450,false,מנצגו בשלה סיימן שקי,סן וינשנטה,ES,גבינת מנצגו במשקל,קילוגרמים,1.00,"ק""ג",true,,189.00,189.0000,true,1,16870
7290008403535,false,גבינת פרימדונה30.5% משקל,הנרי ויליך,NL,גבינת פרימדונה במשקל חצי גלגל,קילוגרמים,1.00,"ק""ג",true,,189.00,189.0000,true,1,21939
7290008403627,false,גבינת בימסטר אידג במ,בימסטר,NL,גבינת בימסטר אידג במשקל,קילוגרמים,1.00,"ק""ג",true,,169.00,169.0000,true,1,33299
7290008403641,false,גבינת בימסטר רויאל ב,בימסטר,NL,גבינת בימסטר רויאל במשקל,קילוגרמים,1.00,"ק""ג",true,,189.00,189.0000,true,1,33300
7290008403788,false,גבינת פורמזה דה פינו,,CH,גבינת פורמזה דה פינואה במשקל,קילוגרמים,1.00,"ק""ג",true,,149.00,149.0000,true,1,28303
7290008403832,false,אולד רוטרדם בקר במשקל,הנרי ויליך,NL,גבינת אולד רוטרדם בקר במשקל חצי גלגל הול,קילוגרמים,1.00,"ק""ג",true,,145.00,145.0000,true,1,28306
7290008403849,false,אולד רוטרדם עיזים במשקל,הנרי ויליך,NL,גבינת אולד רוטרדם עזים במשקל חצי גלגל,קילוגרמים,1.00,"ק""ג",true,,179.00,179.0000,true,1,28307
7290008408073,false,"EVEN קרם קרטין טיפולי לשיער צבוע/פגום 500 מ""ל",י.שיאון,IL,מים מזוקקים 4 ליטר,ליטרים,4.00,ליטר,false,1,14.90,3.7250,true,1,14689
7290008409049,false,שניצלונים בציפוי שומשום מיני מיני דק מאמא עוף 500 גרם,תנובה גליל שותפות מוגבלת,IL,שניצלונים מיני מיני בציפוי שומשום 500גר,גרמים,500.00,100 גרם,false,1,29.90,5.9800,true,1,9724
7290008409100,false,אצבעות שניצל בציפוי שומשום מאמא עוף 700 גרם,תנובה גליל שותפות מוגבלת,IL,אצבעות שניצל בציפוי שומשום 700 ג,גרמים,700.00,100 גרם,false,1,36.90,5.2714,true,1,4068
7290008409124,false,מאמא עוף קפוא שניצל ג'ונגל פריך 700 גרם,תנובה גליל שותפות מוגבלת,IL,שניצל עוף גונגל 700 ג,גרמים,700.00,100 גרם,false,1,36.90,5.2714,true,1,4092
7290008409216,false,מאמא עוף קפוא שניצל דק פריך 700 גרם,תנובה גליל,IL,שניצל דק דק פריך 700 גר,גרמים,700.00,100 גרם,false,1,45.00,6.4286,true,1,6711
7290008409315,false,שניצלונים בציפוי פריך מיני מיני דק מאמא עוף 500 גרם,תנובה גליל,IL,שניצלונים מיני מיני בציפוי פריך 500ג,גרמים,500.00,100 גרם,false,1,29.90,5.9800,true,1,3082
7290008409551,false,שניצל עוף אמיתי בציפוי מעודן 700 ג' מאמא עוף,תנובה גליל שותפות מוגבלת,IL,שניצל עוף אמיתי מעודן 700 גרם,גרמים,700.00,100 גרם,false,1,45.00,6.4286,true,1,2210
7290008409568,false,שניצל עוף אמיתי בציפוי שבבי ציפס 700 גר,תנובה גליל שותפות מוגבלת,IL,שניצל עוף אמיתי שבבי ציפס 700 גרם,גרמים,700.00,100 גרם,false,1,45.00,6.4286,true,1,2212
7290008409582,false,שניצל עוף אמיתי בציפוי ביתי מאמא עוף 700 גרם,תנובה גליל שותפות מוגבלת,IL,שניצל עוף אמיתי ביתי 700 גרם,גרמים,700.00,100 גרם,false,1,45.00,6.4286,true,1,2211
7290008409605,false,כוכבי עוף בציפוי מעודן מאמא עוף 700 גרם,תנובה גליל שותפות מוגבלת,IL,כוכבי עוף מעודן 700 גרם,גרמים,700.00,100 גרם,false,1,36.90,5.2714,true,1,2214
7290008415514,false,צבר חומוס עם חריף עגול 150 גרם,סלטי צבר,IL,סלט חומוס עם חריף צבר 150 גר,גרמים,150.00,100 גרם,false,1,5.40,3.6000,true,1,2477
7290008425094,false,יוגורט ביו אורגני 1 ליטר,,IL,יוגורט ביו טבעי אורגני 1ליטר נאות סמדר,ליטרים,1.00,ליטר,false,6,29.90,29.9000,true,1,49206
7290008425100,false,יוגורט ביו טבעי אורג,,IL,יוגורט ביו טבעי אורגני 500מל נאות סמדר,מיליליטרים,500.00,"100 מ""ל",false,6,16.90,3.3800,true,1,49186
7290008425124,false,יוגורט ביו לאסי אורג,,IL,יוגורט ביו לאסי אורגני 500מל נאות סמדר,מיליליטרים,500.00,"100 מ""ל",false,1,16.90,3.3800,true,1,49187
7290008425483,false,נקטר אפרסק 1 ליטר אורגני,,IL,נקטר אפרסק אורגני 1ליטר נאות סמדר,ליטרים,1.00,ליטר,false,6,24.90,24.9000,true,1,49319
7290008425490,false,נקטר משמש אורגני 1 ליטר,,IL,נקטר משמש אורגני 1ליטר נאות סמדר,ליטרים,1.00,ליטר,false,6,24.90,24.9000,true,1,49321
7290008425513,false,מיץ תפוחים טבעי אורגני 1 ליטר,,IL,מיץ תפוחים 1ליטר נאות סמדר,ליטרים,1.00,ליטר,false,6,24.90,24.9000,true,1,49318
7290008425704,false,נקטר שזיף 1 ליטר אורגני,,IL,נקטר שזיף אורגני 1ליטר נאות סמדר,ליטרים,1.00,ליטר,false,6,24.90,24.9000,true,1,49320
7290008443616,false,"מרכך לשיער יבש אדום נקה 7 750 מ""ל","אמיליה קוסמטיקס בע""מ",IL,נקה 7 מרכך 750 מל יבש,מיליליטרים,750.00,"100 מ""ל",false,1,12.90,1.7200,true,1,2960
7290008443647,false,"מרכך לשיער מתולתל סגול, 750 מ""ל נקה 7","אמיליה קוסמטיקס בע""מ",IL,נקה 7 מרכך 750 מל מתולתל,מיליליטרים,750.00,"100 מ""ל",false,1,12.90,1.7200,true,1,2961
7290008461047,false,גב.ברי לה רוסטיק 31%משקל,נטו מלינדה סיימן,FR,גבינת ברי לה רוסטיק במשקל,קילוגרמים,1.00,"ק""ג",true,,169.00,169.0000,true,1,7
7290008461221,false,סרדינים רוברט בשמן חמניות 115 גרם,"רמירז, מטוסינוס",PT,סרדין רוברט בשמן חמניות 115 גר,גרמים,115.00,100 גרם,false,1,7.50,6.5217,true,1,2183
7290008461238,false,"סרדינים בשמן חמניות ופלפל חריף רוברט 84 גרם, 115 גרם","רמירז, מטוסינוס",PT,סרדין רוברט בשמן חמניות חריף 115 גר,גרמים,115.00,100 גרם,false,1,7.50,6.5217,true,1,2292
7290008462310,false,גבינת סנט מור עיזים משקל,סואניון,FR,גבינת סנט מור עיזים טבעית במשקל,קילוגרמים,1.00,"ק""ג",true,,179.00,179.0000,true,1,4005
7290008464024,false,"בירה גולדסטאר Unfiltered, בירה לא מסוננת, פחית 500 מ""ל","טמפו משקאות בע""מ",IL,בירה גולדסטאר לא מסונן פח 500 מל פיקדון,מיליליטרים,500.00,"100 מ""ל",false,1,10.00,2.0000,true,1,11638
7290008464109,false,"בירה גולדסטאר Unfiltered, בירה לא מסוננת, בקבוק 330 מ""ל","טמפו משקאות בע""מ",IL,בירה גולדסטאר לא מסונן בק 330 מל פיקדון,מיליליטרים,330.00,"100 מ""ל",false,1,8.90,2.6970,true,1,9985
7290008464130,false,"בירה גולדסטאר Unfiltered, בירה לא מסוננת, מארז שישייה, בקבוק 330 מ""ל",טמפו,IL,מארז 6יח גולדסטאר לא מסונןבק330מל פיקדון,ליטרים,1.98,ליטר,false,1,32.90,16.6162,true,1,10217
7290008464222,false,"בירה מכבי 7.9%, בירה חזקה, פחית 500 מ""ל","טמפו משקאות בע""\מ",IL,בירה מכבי 7.9% פחית 500 מל פיקדון,מיליליטרים,500.00,"100 מ""ל",false,1,8.90,1.7800,true,1,13613
7290008464345,false,"בירה גולדסטאר, בקבוק 330 מ''ל",טמפו משקאות בע''מ,IL,בירה גולדסטאר בק 330 מל פיקדון,מיליליטרים,330.00,"100 מ""ל",false,1,8.90,2.6970,true,1,1287
7290008464468,false,"בירה גולדסטאר, פחית 500 מ""ל","טמפו משקות בע""\מ",IL,בירה גולדסטאר פחית 500מל פיקדון,מיליליטרים,500.00,"100 מ""ל",false,1,10.00,2.0000,true,1,1288
7290008464475,false,"בירה מכבי, פחית 500 מ""ל","טמפו משקאות בע""\מ",IL,בירה מכבי פחית 500 מל פיקדון,מיליליטרים,500.00,"100 מ""ל",false,1,8.90,1.7800,true,1,808
7290008464505,false,"בקבוק מים בודד סאן בנדיטו 500 מ""ל",אקווה מינרלה סאן בנדטו ב,IT,סן בנדטו 500 מל פקדון,מיליליטרים,500.00,"100 מ""ל",false,1,5.00,1.0000,true,1,3065
7290008464604,false,"בירה הייניקן פחית 500 מ""ל",טמפו משקאות בע''מ,NL,בירה היינקן פחית 500 מל פיקדון,מיליליטרים,500.00,"100 מ""ל",false,1,11.90,2.3800,true,1,1166
7290008464611,false,"הסודה של טמפו, מי סודה בגיזוז חזק, 275 מל",טמפו משקאות בעמ,IL,מי סודה טמפו 275 מל פקדון,מיליליטרים,275.00,"100 מ""ל",false,24,5.00,1.8182,true,1,23305
7290008464628,false,"טמפו ביטר למון גזוז בטעם ביטר לימון, 275 מל","טמפו משקאות בע""\מ",IL,ביטר למון 275 מל פקדון,מיליליטרים,275.00,"100 מ""ל",false,1,5.30,1.9273,true,1,23306
7290008464635,false,"מי טוניק, גזוז בטעם טוניק 275 מל",טמפו משקאות בעמ,IL,מי טוניק 275 מל פקדון טמפו,מיליליטרים,275.00,"100 מ""ל",false,24,5.30,1.9273,true,1,1873
7290008464642,false,"טמפו ג'ינג'ר אייל גזוז בטעם ג'ינג'ר, 275 מל","טמפו משקאות בע""מ",IL,גינגר אייל 275 מל פקדון,מיליליטרים,275.00,"100 מ""ל",false,24,4.50,1.6364,true,1,23302
7290008464673,false,"בירה גולדסטאר SLOWBREW פחית 10%, 500 מ""ל","טמפו משקאות בע""\מ",IL,בירה גולדסטאר סלו ברו 500מל פח 10% אלכוה,מיליליטרים,500.00,"100 מ""ל",false,1,10.00,2.0000,true,1,25641
7290008464697,false,"בירה מכבי 7.9%, בירה חזקה, מארז שישייה, בקבוק 330 מ""ל",טמפו,IL,מארז 6יח בירה מכבי 7.9% בק 330 מל פיקדון,ליטרים,1.98,ליטר,false,1,34.90,17.6263,true,1,12552
7290008464703,false,"שישיית בירה מכבי בקבוק 330 מ""ל",טמפו משקאות בע''מ,IL,מארז 6יח בירה מכבי בק 330 מל פיקדון,ליטרים,1.98,ליטר,false,1,34.90,17.6263,true,1,807
7290008464734,false,"שישיית בירה גולדסטאר לאגר SLOW BREW בקבוק 330 מ""ל",טמפו משקאות בע''מ,IL,מארז 6יח גולדסטאר סלוו בירבק330מל פיקדון,ליטרים,1.98,ליטר,false,1,36.90,18.6364,true,1,905
7290008464741,false,"בירה גולדסטאר, מארז שישייה, בקבוק 330 מ''ל","טמפו משקאות בע""\מ",IL,מארז 6יח בירה גולדסטאר בק330 מל פיקדון,ליטרים,1.98,ליטר,false,1,34.90,17.6263,true,1,1286
7290008464796,false,"בירה היינקן, מארז שישייה, בקבוק 330 מ''ל",טמפו משקאות בע''מ,IL,מארז 6יח בירה היינקן בק330מל פיקדון,ליטרים,1.98,ליטר,false,1,32.90,16.6162,true,1,1165
7290008493413,false,פירורי לחם מאיר בייגל פירורי גריסיני 200 גרם,מאיר את ביגל,IL,פרורי גריסיני 200 גרם,גרמים,200.00,100 גרם,false,1,6.50,3.2500,true,1,5340
7290008493710,false,פרורי גריסני זהב פירורי לחם מאיר בייגל 200 גרם,מאיר את ביגל,IL,פרורי גריסיני זהב 200 גר,גרמים,200.00,100 גרם,false,1,6.50,3.2500,true,1,12856
7290008498203,false,גבינת מונטשגו 12 חוד,,,גבינת מונטשגו 12 חודשים ספרד שקיל,קילוגרמים,1.00,"ק""ג",true,,180.00,180.0000,true,1,34457
7290008498210,false,גבינת כבשים פטריות כ,,,גבינת כבשים פטריות כמהין במשקל,קילוגרמים,1.00,"ק""ג",true,,250.00,250.0000,true,1,34421
7290008498227,false,גבינת ברה מונדייט במ,,,גבינת ברה מונדייט במשקל 19%שומן ספרד,קילוגרמים,1.00,"ק""ג",true,,129.00,129.0000,true,1,34438
7290008498234,false,גבינת עיזים ביין במש,,,גבינת עיזים ביין במשקל ספרד,קילוגרמים,1.00,"ק""ג",true,,169.00,169.0000,true,1,34460
7290008498364,false,גבינת כבשים עם חלפיניו בסגנון מנצגו שקיל,,ES,גבינת כבשים עם חלפיניו במשקל ספרד,קילוגרמים,1.00,"ק""ג",true,,199.00,199.0000,true,1,49961
7290008498432,false,גבינת קומטה במשקל צר,,FR,גבינת קומטה במשקל צרפת,קילוגרמים,1.00,"ק""ג",true,,199.00,199.0000,true,1,34433
7290008498463,false,גבינת פרובלונה גדול,,,גבינת פרובלונה גדול במשקל איטליה,קילוגרמים,1.00,"ק""ג",true,,149.00,149.0000,true,1,34424
7290008498531,false,גבינת גאודה עיזים כמ,,NL,גבינת גאודה עיזים כמהין במשקל הולנד אוספ,קילוגרמים,1.00,"ק""ג",true,,249.00,249.0000,true,1,34426
7290008498562,false,גבינת גרוגונזולה פיק,,,גבינת גרוגונזולה פיקנטי במשקל,קילוגרמים,1.00,"ק""ג",true,,189.00,189.0000,true,1,34459
7290008498685,false,גבינת גרוייר שוויצרי,,CH,גבינת גרוייר שוויצרית 1655 במשקל שוויץ,קילוגרמים,1.00,"ק""ג",true,,249.00,249.0000,true,1,34429
7290008498746,false,גבינת ברי צרפת במשקל,,,גבינת ברי צרפת במשקל,קילוגרמים,1.00,"ק""ג",true,,129.00,129.0000,true,1,34437
7290008498753,false,גבינת בושה במשקל,,,גבינת בושה במשקל,קילוגרמים,1.00,"ק""ג",true,,139.00,139.0000,true,1,34442
7290008498845,false,גבינת גאודה עיזים במ,,,גבינת גאודה עיזים במשקל 16% הולנד,קילוגרמים,1.00,"ק""ג",true,,169.00,169.0000,true,1,34458
7290008498913,false,גבינת לנדנה רוסו עיז,,,גבינת לנדנה רוסו עיזים ביין לבן במשקל,קילוגרמים,1.00,"ק""ג",true,,189.00,189.0000,true,1,34449
7290008498944,false,גבינת גאודה קרמלה במ,,NL,גבינת גאודה קרמלה במשקל הולנד אוספיר,קילוגרמים,1.00,"ק""ג",true,,169.00,169.0000,true,1,34435
7290008498951,false,גבינת גאודה מייפל וו,,NL,גבינת גאודה מייפל וויסקי במשקל הולנד,קילוגרמים,1.00,"ק""ג",true,,169.00,169.0000,true,1,34434
7290008500128,false,עוגת שמרים פרימיום ש,ב- פילסברי (ג'נל מיל,IL,עוגת שמרים שוקולד,Unknown,0.00,Unknown,false,1,25.90,0.0000,true,1,38526
7290008500142,false,עוגת שמרים פרימיום ת,ב- פילסברי (ג'נל מיל,IL,עוגת שמרים תפוחים,Unknown,0.00,Unknown,false,1,25.90,0.0000,true,1,38528
7290008500159,false,עוגת שמרים פרימיום ג,ב- פילסברי (ג'נל מיל,IL,עוגת שמרים גבינה,Unknown,0.00,Unknown,false,1,25.90,0.0000,true,1,38529
7290008500166,false,עוגת שמרים פרימיום פ,ב- פילסברי (ג'נל מיל,IL,עוגת שמרים פרג,Unknown,0.00,Unknown,false,1,25.90,0.0000,true,1,38530
7290008590136,false,שעועית צהובה חתוכה ק,משק ויילר,BE,שעועית צהובה חתוכה 800גר שף הטבע,גרמים,800.00,100 גרם,false,12,9.90,1.2375,true,1,50592
7290008590150,false,אפונת גינה קטנה שף ה,משק ויילר,BE,אפונת גינה קטנה 800גר שף הטבע,גרמים,800.00,100 גרם,false,12,9.90,1.2375,true,1,50593
7290008590167,false,שף הטבע- אפונה וגזר,משק ויילר,BE,אפונה וגזר 800גר שף הטבע,גרמים,800.00,100 גרם,false,12,9.90,1.2375,true,1,50594
7290008606035,false,גבינת גאודה עיזים הו,,NL,גבינת גאודה עיזים הולנדי במשקל,קילוגרמים,1.00,"ק""ג",true,,119.00,119.0000,true,1,36813
7290008606059,false,גבינת גאודה מתובלת ב,,NL,גבינת גאודה מתובלת במשקל הולנד,קילוגרמים,1.00,"ק""ג",true,,109.00,109.0000,true,1,36815
7290008606103,false,גבינת גאודה כמהין בק,,NL,גבינת גאודה כמהין בקר במשקל,קילוגרמים,1.00,"ק""ג",true,,159.00,159.0000,true,1,36820
7290008606165,false,גבינת בקר ספרדית רסנ,,ES,גבינת בקר ספרדית רסננטה במשקל,קילוגרמים,1.00,"ק""ג",true,,99.00,99.0000,true,1,36826
7290008606172,false,גבינה ספרדית במשקל,,,גבינה ספרדית במשקל,קילוגרמים,1.00,"ק""ג",true,,99.00,99.0000,true,1,36829
7290008606196,false,גבינה ביין ספרדית רס,,,גבינה ביין ספרדית רסיננטה במשקל,קילוגרמים,1.00,"ק""ג",true,,139.00,139.0000,true,1,36831
7290008606219,false,גבינת כמהין ספרדית ר,,,גבינת כמהין ספרדית רסיננטה במשקל,קילוגרמים,1.00,"ק""ג",true,,189.00,189.0000,true,1,36833
7290008606257,false,גבינת צדר אנגלי כתום,,GR,גבינת צדר אנגלי כתום במשקל וויק פארם,קילוגרמים,1.00,"ק""ג",true,,89.00,89.0000,true,1,36803
7290008606264,false,גבינת צדר אנגלי וינט,,GR,גבינת צדר אנגלי וינטאג לבן במשקל ויקפארם,קילוגרמים,1.00,"ק""ג",true,,139.00,139.0000,true,1,36802
7290008606271,false,גבינת צדר אנגלי במשק,,,גבינת צדר אנגלי במשקל 5 צבעים וויק פארם,קילוגרמים,1.00,"ק""ג",true,,139.00,139.0000,true,1,36811
7290008606554,false,גבינת גאודה עם עובש,,,גבינת גאודה עם עובש במשקל,קילוגרמים,1.00,"ק""ג",true,,149.00,149.0000,true,1,39268
7290008609531,false,נייר אפיה 50 יח,,IL,נייר אפיה 50 יח פאלאס,יחידה,50.00,יחידה,false,1,8.90,0.1780,true,1,13274
7290008634045,false,"פלסטר שקוף 30 יחידות ""SUNNY PLASTER""",A.U. In,CN,אגד מדבק שקוף/צבעוני 30יח סאני פלסטר,יחידה,30.00,יחידה,false,36,5.90,0.1967,true,1,24727
7290008634243,false,ממרקות ברזל יוניסאן,יוניסן,CN,ממרקות ברזל יוניסאן 2יח,יחידה,2.00,יחידה,false,1,3.90,1.9500,true,1,20805
7290008634267,false,ספוג מתכת UNISUN זוג בבליסטר כסף וזהב,יוניסן,CN,זוג ספוג מתכת בבליסטר כסף וזהב,יחידה,2.00,יחידה,false,1,5.90,2.9500,true,1,20809
7290008634533,false,"ספוג+סקוטש עשיריה ""UNISUN""",יוניסן,BG,סקוטש עם ספוג 10יח יוניסאן,יחידה,10.00,יחידה,false,1,7.90,0.7900,true,1,20813
7290008634557,false,ספוג רחצה רך עם מסאג,הוסטס,BG,ספוג רחצה רך עם מסאג הוסטס,יחידה,1.00,יחידה,false,1,5.50,5.5000,true,1,20812
7290008634564,false,ספוג רחצה רך 3 יחידו,הוסטס,BG,ספוג רחצה רך 3 יחידות,יחידה,3.00,יחידה,false,1,7.90,2.6333,true,1,20811
7290008634700,false,כפפות XL לטקס עם איבוק עדין 100 יח- SAFE TOUCH,סייף טאצ,TH,כפפות לאטקס 100יח איזי טאצ מידה אקס אל,יחידה,100.00,יחידה,false,10,17.90,0.1790,true,1,33572
7290008644235,false,עלי בייבי שטראוס 120 גרם,שטראוס בריאות ירקות טריי,IL,אחלה מבחר עלי בייבי 120 ג,גרמים,120.00,100 גרם,false,1,10.00,8.3333,true,1,2845
7290008644945,false,לקט לסלט המושבה שטראוס 450 גרם,שטראוס בריאות ירקות טריי,IL,סלט המושבה 450 גרם,גרמים,450.00,100 גרם,false,1,12.00,2.6667,true,1,2877
7290008670005,false,רקנאטי גליל עליון שרדונה 750 מל,,,יין רקאנטי שרדונה 750 מל פקדון,מיליליטרים,750.00,"100 מ""ל",false,1,60.00,8.0000,true,1,131
7290008670067,false,יין רקנאטי גליל עליו,רקנאטי,,יין רקנאטי גליל עליון ק.ס 375 מל,מיליליטרים,375.00,"100 מ""ל",false,1,40.00,10.6667,true,1,2924
7290008670074,false,יין רקנאטי גליל עליו,רקנאטי,,יין רקנאטי גליל עליון מרלו 375 מל,מיליליטרים,375.00,"100 מ""ל",false,1,40.00,10.6667,true,1,2925
7290008670135,false,רקנאטי גליל עליון סוביניון בלאן 750 מל,רקנאטי,,יין רקנאטי סוביניון בלנק 750 פקדון,מיליליטרים,750.00,"100 מ""ל",false,1,60.00,8.0000,true,1,3155
7290008670142,false,"יין רקנאטי יסמין אדום 2019 750 מ""ל",יקב רקאנטי,IL,יין רקאנטי יסמין אדום 750 מל פקדון,מיליליטרים,750.00,"100 מ""ל",false,1,45.00,6.0000,true,1,3043
7290008670159,false,"יין רקנאטי יסמין לבן 750 מ""ל","יקבי רקנאטי בע""מ",IL,יין רקאנטי יסמין לבן 750 מל פקדון,מיליליטרים,750.00,"100 מ""ל",false,1,45.00,6.0000,true,1,3044
7290008670197,false,רקנאטי רזרב שרדונה 750 מל,יקב רקנאטי,IL,יין רקנאטי שרדונה 750 מל,מיליליטרים,750.00,"100 מ""ל",false,1,85.00,11.3333,true,1,4151
7290008670302,false,"יין רקנאטי רזרב קברנה סוביניון 750 מ""ל",רקנאטי,IL,יין רקנאטי ק.ס.רזרב 2010 750 פקדון,מיליליטרים,750.00,"100 מ""ל",false,1,85.00,11.3333,true,1,4956
7290008670388,false,רקנאטי רוזה 2007 750 מל,רקנאטי,IL,יין רקנאטי 2007 רוזה 750 פקדון,מיליליטרים,750.00,"100 מ""ל",false,1,70.00,9.3333,true,1,4957
7290008670579,false,יין רקנאטי רזרב קריניאן פרא 2015 750 מל,,IL,יין רקאנטי רזרב קריניאן פרא 2010 750מל פ,מיליליטרים,750.00,"100 מ""ל",false,1,145.00,19.3333,true,1,9075
7290008670623,false,יין רקנאטי פטיט סירה רזרב 2014 750 מל,,IL,יין רקנאטי רזרב פטיט סירה 2010 750מל פקד,מיליליטרים,750.00,"100 מ""ל",false,6,110.00,14.6667,true,1,9076
7290008670647,false,רקנאטי ספ.רזרב לבן 750מ,,IL,יין רקאנטי ספשייל רזרב לבן 2010 750 מל פ,מיליליטרים,750.00,"100 מ""ל",false,1,145.00,19.3333,true,1,9197
7290008670678,false,יין רקנאטי רזרב מרלו 750 מל,רקנאטי,IL,יין רקנאטי רזרב מרלו 2010 750 מל פקדון,מיליליטרים,750.00,"100 מ""ל",false,1,85.00,11.3333,true,1,9959
7290008670692,false,יין רקאנטי מרסלאן כ,,,יין רקאנטי מרסלאן רזרב 2012 750 מל,מיליליטרים,750.00,"100 מ""ל",false,1,115.00,15.3333,true,1,11886
7290008670739,false,יין רקנאטי גרי דה מרסלאן 750 מל מארז,,,יין רקנאטי גרי דה מרסלאן 2014 אריזת שי,מיליליטרים,750.00,"100 מ""ל",false,1,100.00,13.3333,true,1,13106
7290008670821,false,יין רקנאטי מראווי 20,,IL,יין רקנאטי מראווי 2018 750 מל,מיליליטרים,750.00,"100 מ""ל",false,6,100.00,13.3333,true,1,41129
7290008670852,false,רקנאטי יונתן אדום 750 מל,רקנאטי,IL,יין רקנאטי יונתן אדום 2016 750 מל,מיליליטרים,750.00,"100 מ""ל",false,1,45.00,6.0000,true,1,18037
7290008670869,false,רקנאטי יונתן לבן 750 מל,רקנאטי,IL,יין רקנאטי יונתן לבן 2016 750 מל,מיליליטרים,750.00,"100 מ""ל",false,1,45.00,6.0000,true,1,18034
7290008670906,false,יין רקנאטי ביתוני 20,,IL,יין רקנאטי ביתוני 2019 750 מל,מיליליטרים,750.00,"100 מ""ל",false,6,100.00,13.3333,true,1,41130
7290008670913,false,רקנאטי גליל עליון קברנה סובניון 750 מל,רקנאטי,IL,יין רקאנטי קברנה סוביניון 2017 750 מל,מיליליטרים,750.00,"100 מ""ל",false,1,60.00,8.0000,true,1,20896
7290008670920,false,יין רקנאטי גליל עליון מרלו 750 מל,,,יין רקאנטי מרלו 2017 750 מל פקדון,מיליליטרים,750.00,"100 מ""ל",false,1,60.00,8.0000,true,1,21379
7290008670937,false,רקנאטי גליל עליון שיראז 2017 750 מל,,,יין רקנאטי שיראז 750 מל 2017,מיליליטרים,750.00,"100 מ""ל",false,1,60.00,8.0000,true,1,21716
7290008679411,false,כפפות לבית ולמטבח קט,קריות זול,TH,כפפות הנדי לבית-קטן,Unknown,0.00,Unknown,false,1,6.50,0.0000,true,1,2103
7290008679428,false,כפפות הנדי לבית ולמטבח בינוני,קריות זול,TW,כפפות הנדי לבית בינוני,Unknown,0.00,Unknown,false,1,6.50,0.0000,true,1,2104
7290008679435,false,כפפות הנדי לבית ולמטבח גדול,קריות זול,TH,כפפות הנדי לבית גדול,Unknown,0.00,Unknown,false,1,6.50,0.0000,true,1,2105
7290008679442,false,כפפות לבית ולמטבח הנדי,קריות זול,TH,כפפות הנדי רגישות במיוחד קטן,Unknown,0.00,Unknown,false,1,8.50,0.0000,true,1,2100
7290008679459,false,כפפות הנדי רגישות במיוחד בינוני,קריות זול,TH,כפפות הנדי רגישות במיוחד בינוני,Unknown,0.00,Unknown,false,1,8.50,0.0000,true,1,2101
7290008679466,false,כפפות רגישות גדול הנדי,קריות זול,TH,כפפות הנדי רגישות במיוחד גדול,Unknown,0.00,Unknown,false,1,8.50,0.0000,true,1,2102
7290008690713,false,נקטר חמוציות אושן ספריי פריגת 1 ליטר,מבשלות בירה בינלאומיות ב,IL,משקה חמוציות אושן ספריי 1 ל פקדון,ליטרים,1.00,ליטר,false,1,12.70,12.7000,true,1,2672
7290008693134,false,מעדן גבינה ויוגורט בטעם תות 5% שומן 88 ג' דניאלה,"שטראוס בריאות בע""מ",IL,דניאלה תות 100 גרם,גרמים,100.00,100 גרם,false,1,4.50,4.5000,true,1,1738
7290008739016,false,נר פילר זהב 70*90,יושלם,,נר פילר עתיק 6,Unknown,0.00,Unknown,false,1,19.90,0.0000,true,1,3055
7290008739023,false,נר פילר זהב 70*14,מוסקו,,נר פילר עתיק 4,יחידה,1.00,יחידה,false,1,24.90,24.9000,true,1,3056
7290008739955,false,נרות שולחן/חמסה ריחנ,,,נרות שולחן/חמסה ריחנית לרכב,יחידה,1.00,יחידה,false,1,12.00,12.0000,true,1,4237
7290008745239,false,תפוצ'יפס קראנצ' בטעם טבעי עלית 50 גרם,"שטראוס פריטו ליי בע""\מ )",IL,תפוציפס טבעי 50 גרם,Unknown,0.00,Unknown,false,1,4.00,0.0000,true,1,1863
7290008747547,false,תפוצ'יפס קראנץ' בטעם טבעי עלית 200 גרם,"שטראוס פריטו ליי בע""\מ )",IL,חטיף תפוציפס אקסטרא טבעי 200 גרם,גרמים,200.00,100 גרם,false,1,11.00,5.5000,true,1,1864
7290008750264,false,"מסטיק מאסט ציקלס דובדבן 28 גרם לל""ס מגדים","שטראוס גרופ בע""מ",IL,מסטיק מאסט דובדבן 28 גרם,גרמים,28.00,100 גרם,false,1,5.00,17.8571,true,1,2184
7290008752244,false,תפוצ'יפס קראנץ' בטעם גריל עלית 50 גרם,"שטראוס פריטו ליי בע""\מ )",IL,תפוציפס אקסטרא גריל 50 גרם,Unknown,0.00,Unknown,false,1,4.00,0.0000,true,1,2707
7290008753111,false,תפוצ'יפס קראנץ' בטעם מקסיקני עלית 50 גרם,"שטראוס פריטו ליי בע""\מ )",IL,תפוציפס מקסיקני 50 גרם,גרמים,50.00,100 גרם,false,1,4.00,8.0000,true,1,2886
7290008754415,false,גומי מאסט בטעם ספירמינט עדין פליפטופ 28 ג' עלית,"שטראוס גרופ בע""מ",IL,מסטיק מאסט מנטה עדים ספירמנט ל.ל,Unknown,0.00,Unknown,false,1,5.00,0.0000,true,1,4539
7290008754422,false,גומי מאסט בטעם פפרמינט קלאסי פליפטופ 28 ג' עלית,"שטראוס גרופ בע""מ",IL,מסטיק מאסט מנטה קלאסי 28 גר,גרמים,28.00,100 גרם,false,1,5.00,17.8571,true,1,4540
7290008757003,false,"שוופס ג'ינג'ר 250 מ""ל זכוכית",שוופס,,שוופס גינגר 250 מל פקדון,מיליליטרים,250.00,"100 מ""ל",false,1,5.90,2.3600,true,1,4244
7290008757010,false,"שוופס ביטר למון 250 מ""ל זכוכית",יפאורה שותפות מובגלת לשיווק,IL,משקה שוופס ביטר 250 מל פיקדון,מיליליטרים,250.00,"100 מ""ל",false,1,5.90,2.3600,true,1,4245
7290008757027,false,"שוופס טוניק 250 מ""ל זכוכית",יפאורה שותפות מובגלת לשיווק,IL,משקה שוופס מי טוניק 250 מל פיקדון,מיליליטרים,250.00,"100 מ""ל",false,1,5.90,2.3600,true,1,4246
7290008757034,false,"שוופס סודה זכוכית 250 מ""ל",יפאורה שותפות מובגלת לשיווק,IL,שוופס סודה 250 מל פיקדון,מיליליטרים,250.00,"100 מ""ל",false,1,3.90,1.5600,true,1,3754
7290008757980,false,קרטונית ספרינג נקטר רימונים 1 ליטר,יפאורה שותפות מובגלת לשיווק,IL,נקטר ספרינג רימונים 1 ל בקרטון,ליטרים,1.00,ליטר,false,1,7.50,7.5000,true,1,4100
7290008775816,false,ערגליות עוגיות במילוי שוקולד אסם 300 גרם,מיוצר עי קונדיטוריית,IL,ערגליות שוקו 300 גרם,גרמים,300.00,100 גרם,false,1,10.90,3.6333,true,1,1892
7290008775823,false,ערגליות עוגיות תות שדה אסם 300 גרם,מיוצר עי קונדיטוריית,IL,ערגליות תות 300 גרם,גרמים,300.00,100 גרם,false,1,10.90,3.6333,true,1,1893
7290008801010,false,"יין קברנה סוביניון מרלו פרייוט קולקשן 750 מ""ל",אגודת הכורמים הקאופו,IL,""" יין קברנה/מרלו פי.סי 750 מל",מיליליטרים,750.00,"100 מ""ל",false,1,45.00,6.0000,true,1,337
7290008801089,false,"יין P.C קברנה סוביניון אדום יבש כרמל 375 מ""ל",יקבי כרמל,IL,יין קברנה סוביניון P.C 375 מל פקדון,מיליליטרים,375.00,"100 מ""ל",false,1,25.00,6.6667,true,1,26919
7290008801119,false,"יין סוביניון בלאן סלקטד כרמל 750 מ""ל",אגודת הכורמים הקואופרטיב,IL,""" יין סלקטד סובניון בלאן 750 מל",מיליליטרים,750.00,"100 מ""ל",false,1,35.00,4.6667,true,1,602
7290008801157,false,"יין מרלו סלקטד כרמל כרמל 750 מ""ל",כרמל מזרחי,IL,""" יין סלקטד מרלו 750 מל",מיליליטרים,750.00,"100 מ""ל",false,1,35.00,4.6667,true,1,684
7290008801461,false,"יין הנצחון כרמל 750 מ""ל",יקבי כרמל Carmel Winery,IL,יין הנצחון 750 מל פקדון,מיליליטרים,750.00,"100 מ""ל",false,1,25.00,3.3333,true,1,31955
7290008801478,false,"יין טופז זהב כרמל 750 מ""ל",כרמל מזרחי,IL,יין טופז זהב 750 מל פקדון,מיליליטרים,750.00,"100 מ""ל",false,1,25.00,3.3333,true,1,973
7290008801539,false,יין כרמל 120 קינג דיוויד יקבי כרמל,אגודת הכורמים הקואופרטיב,IL,יין כרמל קינג דיויד 750 מל,מיליליטרים,750.00,"100 מ""ל",false,1,25.00,3.3333,true,1,1017
7290008801546,false,יין מוסקט מתוק קינג דיוויד יקבי כרמל,אגודת הכורמים הקואופרטיב,IL,""" יין מוסקט מתוק ק.דיויד 750 מל",מיליליטרים,750.00,"100 מ""ל",false,1,25.00,3.3333,true,1,931
7290008801843,false,"יין קברנה סוביניון סלקטד כרמל 750 מ""ל","כד בני דרום בע""מ",IL,""" יין סלקטד קברנה סובניון 750 מל",מיליליטרים,750.00,"100 מ""ל",false,1,35.00,4.6667,true,1,1719
7290008801850,false,סלקטד אמרלד ריזלינג לבן חצי יבש 750 מל,אגודת הכורמים הקואופרטיב,IL,""" יין סלקטד אמרלד ריזלינג 750 מל",מיליליטרים,750.00,"100 מ""ל",false,1,35.00,4.6667,true,1,1336
7290008802291,false,יין מרלו פרייבט קולקשן יקבי כרמל,אגודת הכורמים הקואופרטיב,IL,""" יין מרלו פי.סי 750 מל פקדון",מיליליטרים,750.00,"100 מ""ל",false,1,45.00,6.0000,true,1,1722
7290008802512,false,"יין וינו אדום ""כרמל מזרחי""","כד בני דרום בע""מ",IL,""" יין וינו אדום יבש 750 מל",מיליליטרים,750.00,"100 מ""ל",false,12,25.00,3.3333,true,1,1970
7290008802529,false,"יין לבן חצי יבש וינו 750 מ""ל",כרמל מזרחי,IL,יין וינו לבן יבש 750 מל פקדון,מיליליטרים,750.00,"100 מ""ל",false,1,25.00,3.3333,true,1,1971
7290008802895,false,יין קברנה סוביניון פרייבט קולקשן יקבי כרמל,אגודת הכורמים הקאופורטיב,IL,""" יין קברנה סובניון פי.סי 750 מל",מיליליטרים,750.00,"100 מ""ל",false,1,45.00,6.0000,true,1,1770
7290008804332,false,שיראז אדום יבש פריווט קולקשיין 750מל,אגודת הכורמים הקואופרטיב,IL,""" יין שיראז פי.סי 750 מל פקדון",מיליליטרים,750.00,"100 מ""ל",false,1,45.00,6.0000,true,1,4619
7290008804462,false,יין מוסקט קינוח פרייבט קולקשן יקבי כרמל,אגודת הכורמים הקואופרטיב,IL,""" יין מוסקט קינוח פי.סי. 500 מל",מיליליטרים,500.00,"100 מ""ל",false,1,45.00,9.0000,true,1,5328
7290008805049,false,סלקטד זינפנדל כרמל מזרחי 750 מל,"כד בני דרום בע""מ",IL,יין סלקטד זינפנדל 750 מל פקדון,מיליליטרים,750.00,"100 מ""ל",false,1,35.00,4.6667,true,1,2880
7290008805384,false,סלקטד מוסקטו לבן מבעבע 750 מל 2016,אגודת הכורמים הקואופרטיב,IL,""" יין מוסקטו סלקטד 750 מל",מיליליטרים,750.00,"100 מ""ל",false,1,35.00,4.6667,true,1,3632
7290008805520,false,"יין קברנה/סוביניון סלקטד כרמל 750 מ""ל","כד בני דרום בע""מ",IL,""" יין סלקטד קברנה/מרלו 750 מל",מיליליטרים,750.00,"100 מ""ל",false,1,35.00,4.6667,true,1,4361
7290008806961,false,גלידה שוקולד שבבי שוקולד פרה 1.33 ל' קרמיסימו,"גלידת שטראוס בע""\מ, רחוב",IL,גל.קרמיסימו שוקולד פרה 1.33 ל,ליטרים,1.33,ליטר,false,1,19.90,14.9624,true,1,2981
7290008806985,false,נישנושים גלידה שוקו וניל בציפוי שוקולד 60 יח' קרמיסימו,"גלידת שטראוס בע""\מ, רחוב",IL,גלידונית וניל מצופה 60 יח,גרמים,630.00,100 גרם,false,1,44.90,7.1270,true,1,2983
7290008813051,false,וילון מקלחת בד 180,מגי,CN,וילון מקלחת בד 180,יחידה,1.00,יחידה,false,1,59.90,59.9000,true,1,15304
7290008813525,false,פינצטה נירוסטה,,,פינצטה נירוסטה,יחידה,1.00,יחידה,false,1,9.90,9.9000,true,1,6045
7290008816670,false,מלחיה זכוכית קוני 5.,,,מלחיה זכוכית קוני 5.5/10סמ,יחידה,1.00,יחידה,false,1,4.90,4.9000,true,1,47960
7290008816786,false,סט 3 תבניות פיירקס מ,,,סט 3 תבניות פיירקס מלבן,יחידה,3.00,יחידה,false,1,84.90,28.3000,true,1,29827
7290008846219,false,"שמן זית כתית מעולה חלוצה 750 מ""ל",האי נאם סי או אל.טי.,IL,שמן זית חלוצה כתית מעולה 750 מל,מיליליטרים,750.00,"100 מ""ל",false,1,39.90,5.3200,true,1,1933
7290008846332,false,שמן זית חלוצה 3 ל,חלוצה,IL,שמן זית חלוצה 3 ל,ליטרים,3.00,ליטר,false,1,145.00,48.3333,true,1,10073
7290008849470,false,פלפל צ'ומה חריף אוליביה 185 גרם,אוליביה גורמה בעמ,IL,ממרח פלפל צומה 185 ג אוליביה,גרמים,185.00,100 גרם,false,1,13.90,7.5135,true,1,2660
7290008849586,false,רוטב לעוף ריבת בצל אוליביה 310 גרם,קריות זול,IL,רוטב אוליביה עוף בצל 310 גר,גרמים,310.00,100 גרם,false,1,12.90,4.1613,true,1,2411
7290008849739,false,רוטב סויה אמיתי אוליביה 310 גרם,קריות זול,IL,רוטב סויה קלאסית 290 מל אוליביה,מיליליטרים,290.00,"100 מ""ל",false,1,12.90,4.4483,true,1,2782
7290008849753,false,רוטב טריאקי אוליביה 300 גרם,מיוצר עי קונדיטוריית,IL,רוטב אוליביה טריאקי עשיר 290 מל,מיליליטרים,290.00,"100 מ""ל",false,1,12.90,4.4483,true,1,2783
7290008849777,false,רוטב צ'ילי מתוק אוליביה 345 גרם,קריות זול,IL,רוטב אוליביה צילי מתוק 290 מל,מיליליטרים,290.00,"100 מ""ל",false,1,12.90,4.4483,true,1,2785
7290008849838,false,טפנד זיתים אוליביה 190 גר',"אוליביה גורמה בע""מ",IL,טפנד זיתים 180גרם אוליביה,גרמים,180.00,100 גרם,false,6,12.90,7.1667,true,1,22985
7290008863049,false,עוגת אריסטוקרט 800 גרם,קונדיטוריה וולפסון,IL,עוגת אריסטוקרט 800גרם,גרמים,800.00,100 גרם,false,1,77.90,9.7375,true,1,8437
7290008863070,false,אקלר ממולא קרם חמאה,קונדיטוריה וולפסון,IL,אקלר ממולא קרם חמאה 350 גר,גרמים,350.00,100 גרם,false,1,26.90,7.6857,true,1,8441
7290008863087,false,עוגיות נשיקות 130 גר,קונדיטוריה וולפסון,,עוגיות נשיקות 130 גר,גרמים,130.00,100 גרם,false,1,21.90,16.8462,true,1,8440
7290008863100,false,עוגות פראג 600 גרם,קונדיטוריה וולפסון,IL,עוגת פראג 600 גרם,גרמים,600.00,100 גרם,false,1,49.90,8.3167,true,1,8435
7290008863117,false,עוגת אריסטוקרט 380 גרם,קונדיטוריה וולפסון,IL,עוגת אריסטוקרט 380גרם,גרמים,380.00,100 גרם,false,1,39.90,10.5000,true,1,8438
7290008863179,false,עוגת אריסטוקרט 600גר,קונדיטוריה וולפסון,IL,עוגת אריסטוקרט 600גרם,גרמים,600.00,100 גרם,false,1,64.90,10.8167,true,1,8436
7290008866040,false,גבינת ברי עיזים יעקב,משק יעקבס,IL,גבינת ברי עיזים במשקל,קילוגרמים,1.00,"ק""ג",true,,149.00,149.0000,true,1,45685
7290008866095,false,גבינת פטה צאן במשקל,משק יעקבס,IL,גבינת פטה צאן במשקל יעקובס,קילוגרמים,1.00,"ק""ג",true,,99.00,99.0000,true,1,47820
7290008866163,false,גבינת פטה עיזים במשק,משק יעקבס,IL,גבינת פטה עיזים במשקל יעקובס,קילוגרמים,1.00,"ק""ג",true,,99.00,99.0000,true,1,47819
7290008879163,false,דר לוסון ריזילנג 700 מל,,,יין דר לוסן ריזלינג 750 מל פקדון,מיליליטרים,750.00,"100 מ""ל",false,1,60.00,8.0000,true,1,2973
7290008899093,false,לחם איטלקי מאפית,פילסברי,,לחם איטלקי,Unknown,0.00,Unknown,false,1,7.00,0.0000,true,1,23816
7290008899321,false,חלה קלועה רגילה פילסברי,פילסברי,,חלה קלועה רגילה,Unknown,0.00,Unknown,false,1,11.90,0.0000,true,1,17184
7290008899345,false,לחמניית שמינייה קלוע,פילסברי,,לחמניה שמיניה קלועה,Unknown,0.00,Unknown,false,1,4.00,0.0000,true,1,17191
7290008899376,false,לחמניית קשר,פילסברי,,לחמניית קשר,Unknown,0.00,Unknown,false,1,3.00,0.0000,true,1,17190
7290008899505,false,בגט לבן פילסברי 250,פילסברי,,בגט רגיל,Unknown,0.00,Unknown,false,1,6.90,0.0000,true,1,17167
7290008909761,false,"קרלסברג בקבוק יחיד 330מ""ל",מבשלות בירה בינלאומי,IL,בירה קרלסברג 330מל בק. פקדון,מיליליטרים,330.00,"100 מ""ל",false,1,8.90,2.6970,true,1,38128
7290008921015,false,"קברנה פטיס סירה ""תשבי""","יקבי הבארון בע""מ",,יין תשבי קברנה סירה 750 מל פקדון,מיליליטרים,750.00,"100 מ""ל",false,1,40.00,5.3333,true,1,2424
7290008921022,false,יין תישבי פרנץ ריזלי,"יקבי הבארון בע""מ",,יין פרנץ ריזלינג 750מל פיקדון,מיליליטרים,750.00,"100 מ""ל",false,1,40.00,5.3333,true,1,2107
7290008921053,false,יין תשבי אדום סגול 7,"יקבי הבארון בע""מ",,יין אדום סגול 750 מל,מיליליטרים,750.00,"100 מ""ל",false,1,40.00,5.3333,true,1,21588
7290008921060,false,יין מוסקט ויוניה תשב,יקבי תישבי,IL,יין מוסקט ויונה חצי מתוק 750 מל,מיליליטרים,750.00,"100 מ""ל",false,1,40.00,5.3333,true,1,27075
7290008921077,false,יין תשבי מלבק 750 מל,יקב התשבי,IL,יין תשבי מלבק 750 מל,מיליליטרים,750.00,"100 מ""ל",false,12,45.00,6.0000,true,1,31374
7290008921084,false,יין תשבי רובי קברנה,תשבי,,יין תשבי רובי קברנה 750מל,מיליליטרים,750.00,"100 מ""ל",false,1,45.00,6.0000,true,1,38505
7290008921121,false,יין תשבי סוביניון בל,יקבי הבארון – תשבי,IL,יין תשבי סוביניון בלאן 750 מל,מיליליטרים,750.00,"100 מ""ל",false,1,45.00,6.0000,true,1,25543
7290008921138,false,יין תשבי כחול לבן 75,"יקבי הבארון בע""מ",,יין כחול לבן 750 מל,מיליליטרים,750.00,"100 מ""ל",false,1,40.00,5.3333,true,1,22334
7290008921169,false,"קברנה אדום סוביניון ""תשבי""","יקבי הבארון בע""מ",,יין תשבי קברנה סוביניון 750מל פקד,מיליליטרים,750.00,"100 מ""ל",false,1,45.00,6.0000,true,1,2208
7290008921176,false,יין תשבי ויניארדס מר,"יקבי הבארון בע""מ",,יין תשבי מרלו 750 מל פקדון,מיליליטרים,750.00,"100 מ""ל",false,1,45.00,6.0000,true,1,2108
7290008921190,false,"יין לבן אמרלד ריזלינג ""תשבי""",יקב תשבי,,יין תשבי אמרלד ריזלינג 750 מל פקדון,מיליליטרים,750.00,"100 מ""ל",false,1,40.00,5.3333,true,1,5976
7290008921213,false,"יין מוסקט יבש - ויונייה ""תישבי""",יקבי תישבי,IL,יין ויוניה לבן 2015 תשבי 750מל פקדון,מיליליטרים,750.00,"100 מ""ל",false,1,60.00,8.0000,true,1,5445
7290008921251,false,"יין אדום קברנה פרנק ""תשבי""",יושלם,,יין קברנה פרנק 750 מל,מיליליטרים,750.00,"100 מ""ל",false,1,45.00,6.0000,true,1,12407
7290008921268,false,יין תשבי אסטייט קברנ,יקבי הבארון – תשבי,,יין תישבי קברנה פרנק 2012 750 מל,מיליליטרים,750.00,"100 מ""ל",false,1,100.00,13.3333,true,1,14155
7290008921275,false,"יין אדום שיראז ""תשבי""",יושלם,,יין תשבי שיראז 750 מל פקדון,מיליליטרים,750.00,"100 מ""ל",false,1,45.00,6.0000,true,1,6865
7290008921299,false,יין פטיט וורדו תישבי,,,יין פטיט ורדו תשבי 750 מל,מיליליטרים,750.00,"100 מ""ל",false,1,45.00,6.0000,true,1,14262
7290008921312,false,"קברנה סובניון 750 מ""ל תשבי אסטייט",יקבי הבארון – תשבי,,יין תשבי ק.סוביניון 2011 750 מל פקדון,מיליליטרים,750.00,"100 מ""ל",false,1,80.00,10.6667,true,1,3152
7290008921329,false,"יין מרלו ""תישבי אסטייט""",יקבי הבארון – תשבי,,יין תשבי מרלו 2010 750 מל פקדון,מיליליטרים,750.00,"100 מ""ל",false,1,80.00,10.6667,true,1,2746
7290008921336,false,יין תישבי אסטייט שרד,"יקבי הבארון בע""מ",,יין תשבי שרדונה 2016 750 מל פקדון,מיליליטרים,750.00,"100 מ""ל",false,1,60.00,8.0000,true,1,2736
7290008921442,false,יין תישבי אסטייט מלב,יושלם,,יין מלבק 2011 אדום יבש 750 מל,מיליליטרים,750.00,"100 מ""ל",false,1,100.00,13.3333,true,1,9464
7290008921510,false,ברנדי תשבי 750 מל,,,ברנדי תשבי 750 מל,מיליליטרים,750.00,"100 מ""ל",false,6,890.00,118.6667,true,1,31375
7290008921558,false,יין תשבי מלבק אסטייט,תשבי,,יין תשבי שרדונה 2016 750 מל פקדון,מיליליטרים,750.00,"100 מ""ל",false,1,80.00,10.6667,true,1,18647
7290008921572,false,"יין ויונייה גוורצטרמינר ""תשבי""",יקבי תישבי,,יין ויוניה גוורצטרמינר תשבי 750 מל,מיליליטרים,750.00,"100 מ""ל",false,1,45.00,6.0000,true,1,21000
7290008921602,false,"יין פטיט ורוד ""תישבי אסטייט""",יקב התשבי,IL,יין תשבי פטיט ורדו אסטייט 750 מל,מיליליטרים,750.00,"100 מ""ל",false,12,80.00,10.6667,true,1,31373
7290008921688,false,יין סינגל אסטייט פטי,תשבי,,יין תישבי פטיט סירה סינגל 750 מל,מיליליטרים,750.00,"100 מ""ל",false,1,100.00,13.3333,true,1,24794
7290008921695,false,יין רוזה מ נואר תשבי,יקב התשבי,IL,יין רוזה מ נואר תשבי 750 מל,מיליליטרים,750.00,"100 מ""ל",false,12,80.00,10.6667,true,1,32369
7290008921732,false,יין תשבי אסטייט רוזה,יקבי תישבי,IL,יין תשבי אסטייט רוזה 750 מל,מיליליטרים,750.00,"100 מ""ל",false,1,60.00,8.0000,true,1,49140
7290008940078,false,גבינת ברי צרפתי במשק,,FR,גבינת ברי צרפתי במשקל,קילוגרמים,1.00,"ק""ג",true,,89.00,89.0000,true,1,46862
7290008940085,false,גבינת בוראטה 110גר,,IT,גבינת בוראטה 110גר,גרמים,110.00,100 גרם,false,1,19.90,18.0909,true,1,46856
7290008940139,false,גבינת אולד אמסטרדם צ,,NL,גבינת אולד אמסטרדם צעיר במשקל,קילוגרמים,1.00,"ק""ג",true,,99.00,99.0000,true,1,47157
7290008940146,false,גבינת אולד אמסטרדם ר,,NL,גבינת אולד אמסטרדם רזרב במשקל,קילוגרמים,1.00,"ק""ג",true,,139.00,139.0000,true,1,47158
7290008940160,false,גבינת גאודה כמון במש,jacks cheese,NL,גבינת גאודה כמון במשקל,קילוגרמים,1.00,"ק""ג",true,,99.00,99.0000,true,1,47831
7290008940214,false,צידר אנגלי כתום 200 גרם,,,גבינת צדר כתום אנגלי 200 גר,גרמים,200.00,100 גרם,false,1,17.90,8.9500,true,1,48746
7290008940221,false,צידר אנגלי כתום 200 גרם,,,גבינת צדר לבן אנגלי 200 גר,גרמים,200.00,100 גרם,false,1,17.90,8.9500,true,1,48747
7290008940443,false,גבינת גאודה פלפל שחו,jacks cheese,NL,גבינת גאודה פלפל שחור במשקל,קילוגרמים,1.00,"ק""ג",true,,99.00,99.0000,true,1,50446
7290008940528,false,גבינת גאודה זיתים עג,jacks cheese,NL,גבינת גאודה זיתים עגבניות במשקל,קילוגרמים,1.00,"ק""ג",true,,99.00,99.0000,true,1,50474
7290008945172,false,"שקיות אשפה עם שרוך 52 * 65 ס""מ גלילונית 40 יחידות","אשפלסט תעשיות בע""מ",IL,שקיות אשפה 40 יח לילונית 52/65,יחידה,40.00,יחידה,false,1,16.90,0.4225,true,1,1960
7290008945202,false,גלילונית שקיות אשפה ענק 90/75 50 יח,"קילט ניהול פרוייקטים בע""מ",IL,שקיות אשפה 50 יח גלילונית למשרד 75/90,יחידה,50.00,יחידה,false,1,15.90,0.3180,true,1,1961
7290008961110,false,טושיונקה בקר מיוחד 400 גר,פרוטרי,,שימורי בשר בקר טבעי 400 גרם,גרמים,400.00,100 גרם,false,1,22.90,5.7250,true,1,2232
7290008961127,false,טושיונקה בקר רוסית 400 גרם,גוד פוד ג'.א'.ג'י. ב,,שימורי בשר טושונקה רוסי 400 גר,גרמים,400.00,100 גרם,false,1,22.90,5.7250,true,1,2233
7290008961189,false,טושיונקה בקר פיקנטית 400 גרם,גוד פוד ג'.א'.ג'י. ב,,שימורי בשר טושונקה פיקנטי 400 גר,גרמים,400.00,100 גרם,false,1,22.90,5.7250,true,1,18744
7290008981279,false,זעתר עם שומשום נחלה100גר,קפה אל נח'לה,IL,זעתר ביתי 100 ג אלנחלה,גרמים,100.00,100 גרם,false,1,10.90,10.9000,true,1,3597
7290008981521,false,זעתר אלנח'לה צנצנת 400ג',,,זעתר ביתי אלנחלה 400 ג צנצנת,גרמים,250.00,100 גרם,false,1,27.00,10.8000,true,1,10440
7290008981538,false,זעתר עם שומשום אלנחלה 250 גרם צנצנת,קפה אל נח'לה,IL,זעתר ביתי אלנחלה 250 ג צנצנת,גרמים,250.00,100 גרם,false,1,18.90,7.5600,true,1,10439
7290009106909,false,פילה טונה אדומה טרי,,,פילה טונה אדומה טרי,קילוגרמים,1.00,"ק""ג",true,,250.00,250.0000,true,1,5307
7290009106961,false,דג אנטיאס טרי,,,דג אנטיאס טרי,קילוגרמים,1.00,"ק""ג",true,,159.00,159.0000,true,1,5301
7290010002009,false,תערובת לציפוי מאפים מלוחים מימון 130 גרם,תבליני מימון,,תערובת תיבול למאפה מלוח 130 גרם,גרמים,130.00,100 גרם,false,1,10.90,8.3846,true,1,40914
7290010002016,false,כוסברה טחונה תבליני מימון 100 גרם,א.ל ייצור ושיווק תבל,IL,תבלין כוסברה טחונה מיכל 100 גר,גרמים,100.00,100 גרם,false,1,9.50,9.5000,true,1,6794
7290010002023,false,כורכום הודי טחון תבליני מימון 100 גרם,א.ל ייצור ושיווק תבלינים,IL,כורכום טחון מיכל 100 גר,גרמים,100.00,100 גרם,false,1,11.90,11.9000,true,1,6795
7290010002030,false,תבלין כמון טחון תבליני מימון 100 גרם,א.ל ייצור ושיווק תבלינים,IL,כמון טחון מיכל 100 גר,גרמים,100.00,100 גרם,false,1,11.90,11.9000,true,1,6782
7290010002047,false,תבלין מלח לימון תבליני מימון 200 גרם,א.ל ייצור ושיווק תבלינים,IL,מלח לימון מיכל 200 גר,גרמים,200.00,100 גרם,false,1,11.90,5.9500,true,1,6796
7290010002061,false,פלפל לבן טחון תבליני מימון 100 גרם,א.ל ייצור ושיווק תבל,IL,פלפל לבן טחון מיכל 100 גר,גרמים,100.00,100 גרם,false,1,17.90,17.9000,true,1,6799
7290010002078,false,פלפל שחור טחון תבליני מימון 100 גרם,א.ל ייצור ושיווק תבלינים,IL,פלפל שחור טחו ן מיכל 100 גר,גרמים,100.00,100 גרם,false,1,14.50,14.5000,true,1,6783
7290010002092,false,תבלין פלפל שחור גרוס דק תבליני מימון 90,א.ל ייצור ושיווק תבלינים,IL,פלפל שחור גרוס דק מיכל 90 גר,Unknown,0.00,Unknown,false,1,14.50,0.0000,true,1,6784
7290010002108,false,תבלין פלפל שחור גרוס גס תבליני מימון 90,א.ל ייצור ושיווק תבלינים,IL,פלפל שחור גרוס גס מיכל 90 גר,Unknown,0.00,Unknown,false,1,14.50,0.0000,true,1,6785
7290010002122,false,פפריקה הונגרית מתוקה תבליני מימון 100 גרם,א.ל ייצור ושיווק תבלינים,IL,פפריקה הונגרית מתוקה מיכל 100 גר,גרמים,100.00,100 גרם,false,1,11.90,11.9000,true,1,6786
7290010002139,false,פפריקה הונגרית חריפה תבליני מימון 100 גרם,א.ל ייצור ושיווק תבלינים,IL,פפריקה הונגרית חריפה מיכל 100 גר,גרמים,100.00,100 גרם,false,1,11.90,11.9000,true,1,6787
7290010002146,false,פפריקה מרוקאית מתוקה תבליני מימון 100 גרם,א.ל ייצור ושיווק תבלינים,IL,פפריקה מרוקאית מתוקה מיכל 100 גר,גרמים,100.00,100 גרם,false,1,11.90,11.9000,true,1,6788
7290010002153,false,פפריקה מרוקאית חריפה תבליני מימון 100 גרם,א.ל ייצור ושיווק תבלינים,IL,פפריקה מרוקאית חריפה מיכל100 גר,גרמים,100.00,100 גרם,false,1,11.90,11.9000,true,1,6789
7290010002191,false,תבלין מקלות קינמון תבליני מימון 50 גרם,א.ל ייצור ושיווק תבל,IL,מקלות קינמון מיכל 70 גר,Unknown,0.00,Unknown,false,1,11.90,0.0000,true,1,6797
7290010002207,false,תבלין קינמון טחון תבליני מימון 100 גרם,א.ל ייצור ושיווק תבלינים,IL,תבלין קינמון טחו ן מיכל 100 גר,גרמים,100.00,100 גרם,false,1,9.50,9.5000,true,1,6798
7290010002214,false,תבלין צ'ילי גרוס תבליני מימון 80 גרם,א.ל ייצור ושיווק תבלינים,IL,תבלין צילי מקסיקני גרוס מיכל 80 גר,Unknown,0.00,Unknown,false,1,11.90,0.0000,true,1,6790
7290010002283,false,תיבול על האש תבליני מימון 100 גרם,א.ל ייצור ושיווק תבלינים,IL,תיבול על האש מיכל 100 גר,גרמים,100.00,100 גרם,false,1,11.90,11.9000,true,1,6807
7290010002290,false,תיבול לשווארמה תבליני מימון 100 גרם,א.ל ייצור ושיווק תבל,IL,תערובת לשווארמה מיכל 100 גר,גרמים,100.00,100 גרם,false,1,11.90,11.9000,true,1,6808
7290010002306,false,תיבול לקציצות תבליני מימון 100 גרם,א.ל ייצור ושיווק תבל,IL,תערובת לקציצות מיכל 100 גר,גרמים,100.00,100 גרם,false,1,11.90,11.9000,true,1,6791
7290010002313,false,תבלין ראס אל חנות תבליני מימון 100 גרם,א.ל ייצור ושיווק תבלינים,IL,תבלין ראס אל חנות מיכל 100 גר,גרמים,100.00,100 גרם,false,1,11.90,11.9000,true,1,6792
7290010002320,false,תיבול לגריל עוף תבליני מימון 100 גרם,א.ל ייצור ושיווק תבלינים,IL,תיבול גריל עוף מיכל 100 גר,גרמים,100.00,100 גרם,false,1,11.90,11.9000,true,1,6809
7290010002337,false,תיבול לסטייק תבליני מימון 100 גרם,א.ל ייצור ושיווק תבלינים,IL,תיבול לסטייק מיכל 100 גר,גרמים,100.00,100 גרם,false,1,11.90,11.9000,true,1,6810
7290010002344,false,תבלין לדג תבליני מימון 100 גרם.,א.ל ייצור ושיווק תבלינים,IL,תיבול לדג מיכל 110 גר,גרמים,100.00,100 גרם,false,1,11.90,11.9000,true,1,6811
7290010002351,false,זעתר ושומשום תבליני מימון 100 גרם,א.ל ייצור ושיווק תבלינים,IL,זעתר ושומשום מיכל 100 גר,גרמים,100.00,100 גרם,false,1,11.90,11.9000,true,1,6812
7290010002368,false,תערובת חווויג' תבליני מימון 100 גרם,א.ל ייצור ושיווק תבלינים,IL,תיבול חוואיג למרק מיכל 100 גר,גרמים,100.00,100 גרם,false,1,11.90,11.9000,true,1,6813
7290010002375,false,קארי תבליני מימון 100 גרם,א.ל ייצור ושיווק תבל,IL,קארי מדרס מיכל 100 גר,גרמים,100.00,100 גרם,false,1,11.90,11.9000,true,1,6793
7290010002382,false,תבלין אורגנו תבליני מימון 40 גרם,א.ל ייצור ושיווק תבלינים,IL,תבלין אורגנו מיכל 40 גר,Unknown,0.00,Unknown,false,1,9.50,0.0000,true,1,6800
7290010002399,false,תבלין בזיליקום תבליני מימון 40 גרם,א.ל ייצור ושיווק תבלינים,IL,תבלין בזיליקום ריחן מיכל 50 גר,Unknown,0.00,Unknown,false,1,9.50,0.0000,true,1,6801
7290010002405,false,תבלין טימין הררי תבליני מימון 40 גרם,א.ל ייצור ושיווק תבל,IL,תבלין טימין הררי מיכל 50 גר,Unknown,0.00,Unknown,false,1,9.50,0.0000,true,1,6802
7290010002429,false,עלי דפנה תבליני מימון 20 גרם צנצנת,א.ל ייצור ושיווק תבל,IL,תבלין עלי דפנה מיכל 20 גר,Unknown,0.00,Unknown,false,1,9.50,0.0000,true,1,6803
7290010002436,false,תבלין פטרוזיליה תבליני מימון 25 גרם,א.ל ייצור ושיווק תבל,IL,תבלין פטרוזיליה מיכל 25 גר,Unknown,0.00,Unknown,false,1,9.50,0.0000,true,1,6804
7290010002443,false,תבלין רוזמרין תבליני מימון 40 גרם,א.ל ייצור ושיווק תבל,IL,תבלין רוזמרין מיכל 50 גר,Unknown,0.00,Unknown,false,1,9.50,0.0000,true,1,6805
7290010002450,false,שמיר תבליני מימון 25 גרם,א.ל ייצור ושיווק תבל,IL,תבלין שמיר מיכל 30 גר,Unknown,0.00,Unknown,false,1,9.50,0.0000,true,1,6806
7290010002481,false,תבלין שום טחון תבליני מימון 100 גרם,א.ל ייצור ושיווק תבלינים,IL,שום טחון צנצנת 100 גר,גרמים,100.00,100 גרם,false,1,14.50,14.5000,true,1,6814
7290010002498,false,תבלין שום גבישי תבליני מימון 120 גרם,א.ל ייצור ושיווק תבלינים,IL,שום גבישי צנצנת 120 גר,גרמים,120.00,100 גרם,false,1,14.50,12.0833,true,1,6815
7290010002597,false,כוסברה ירוקה תבליני מימון 30 גרם,א.ל ייצור ושיווק תבלינים,IL,תבלין כוסברה ירוקה מיכל 20 גר,Unknown,0.00,Unknown,false,1,9.50,0.0000,true,1,6816
7290010002658,false,פלפל יבש מתוק תבליני מימון 150 גרם,א.ל ייצור ושיווק תבל,IL,פלפל שטה יבש מתוק שקית 150 גר,גרמים,150.00,100 גרם,false,1,15.90,10.6000,true,1,6818
7290010002726,false,תבלין לפרגיות תבליני מימון 100 גרם.,א.ל ייצור ושיווק תבלינים,IL,תיבול לפרגיות מיכל 100 גר,גרמים,100.00,100 גרם,false,1,11.90,11.9000,true,1,6817
7290010003051,false,פפריקה הונגרית מתוקה תבליני מימון 400 גרם,א.ל ייצור ושיווק תבלינים,IL,פפריקה הונגרית מתוקה400 גר שקית,גרמים,400.00,100 גרם,false,1,24.90,6.2250,true,1,11341
7290010003075,false,פפריקה מרוקאית מתוקה תבליני מימון 400 גרם,א.ל ייצור ושיווק תבלינים,IL,פפריקה מרוקאית מתוקה400 גר שקית,גרמים,400.00,100 גרם,false,1,24.90,6.2250,true,1,11342
7290010003686,false,עלי דפנה בשקית תבליני מימון20 גרם,א.ל ייצור ושיווק תבל,IL,עלי דפנה שקית 20 גרם,Unknown,0.00,Unknown,false,1,5.90,0.0000,true,1,11211
7290010003693,false,פפריקה מתוקה בשקית תבליני מימון 80 גרם,א.ל ייצור ושיווק תבל,IL,פפריקה מתוקה שקית 80 גרם,Unknown,0.00,Unknown,false,1,5.90,0.0000,true,1,11212
7290010003709,false,פלפל שחור טחון בשקית תבליני מימון 50 גרם,א.ל ייצור ושיווק תבל,IL,פלפל שחור טחון שקית 50 גר,Unknown,0.00,Unknown,false,1,7.90,0.0000,true,1,11222
7290010003754,false,כמון טחון בשקית תבליני תבליני מימון 50 גרם,א.ל ייצור ושיווק תבל,IL,כמון טחון שקית 50 גרם,Unknown,0.00,Unknown,false,1,5.90,0.0000,true,1,11213
7290010003761,false,כורכום טחון בשקית תבליני מימון 80 גרם,א.ל ייצור ושיווק תבל,IL,כרכום טחון שקית 80 גרם,Unknown,0.00,Unknown,false,1,5.90,0.0000,true,1,11214
7290010003778,false,תיבול לגריל עוף בשקית תבליני מימון 80 גרם,א.ל ייצור ושיווק תבל,IL,תיבול לגריל עוף שקית 80 גרם,Unknown,0.00,Unknown,false,1,5.90,0.0000,true,1,11215
7290010003792,false,מלח לימון בשקית תבליני מימון 100 גרם,א.ל ייצור ושיווק תבל,IL,מלח לימון שקית 100 גרם,גרמים,100.00,100 גרם,false,1,5.90,5.9000,true,1,11216
7290010003808,false,זעתר ושמשום בשקית תבליני מימון 80 גרם,א.ל ייצור ושיווק תבל,IL,זעתר ושומשום שקית 80 גרם,Unknown,0.00,Unknown,false,1,5.90,0.0000,true,1,11217
7290010003815,false,פלפל שטה יבש תבליני מימון 150 גרם שקית,א.ל ייצור ושיווק תבל,IL,פלפל שטה יבש שקית150 גר,גרמים,150.00,100 גרם,false,1,15.90,10.6000,true,1,7369
7290010003822,false,פפריקה חריפה בשקית תבליני מימון 80 גרם,א.ל ייצור ושיווק תבל,IL,פפריקה חריפה שקית 80 גרם,Unknown,0.00,Unknown,false,1,5.90,0.0000,true,1,11218
7290010003839,false,קינמון טחון בשקית תבליני מימון 80 גרם,א.ל ייצור ושיווק תבל,IL,קינמון טחון שקית 80 גרם,Unknown,0.00,Unknown,false,1,5.90,0.0000,true,1,11219
7290010003846,false,אורגנו בשקית תבליני מימון 20 גרם,א.ל ייצור ושיווק תבל,IL,אורגנו שקית 20 גרם,Unknown,0.00,Unknown,false,1,5.90,0.0000,true,1,11220
7290010003990,false,פטרוזיליה בשקית תבליני מימון 20 גרם,א.ל ייצור ושיווק תבל,IL,פטרוזיליה שקית 20 גרם,Unknown,0.00,Unknown,false,1,5.90,0.0000,true,1,11221
7290010023141,false,תה לימונענע הגן הקסום ויסוצקי 25 יחידות,תה ויסוצקי,IL,תה גן הקסום לימונענע 2ג 25 שק,יחידה,25.00,יחידה,false,1,18.50,0.7400,true,1,3122
7290010023622,false,תה קלאסי עם נגיעות נענע ויסוצקי 100 יחידות,תה ויסוצקי,IL,תה קלאסיק 100/1 בנגיעות נענע,יחידה,100.00,יחידה,false,1,20.00,0.2000,true,1,3708
7290010023943,false,חליטה מצמח הרויבוש Red tea בטעם קינמון ווניל,מולינו ניקולי s.p.a,IL,רוייבוש תה קינמון וניל 2 ג 25 שק,יחידה,25.00,יחידה,false,1,25.90,1.0360,true,1,4267
7290010042258,false,אפונה וגזר 2.5 קג פס,,,אפונה וגזר 2.5 קג פסקוביץ,גרמים,2500.00,100 גרם,false,1,29.90,1.1960,true,1,35348
7290010042371,false,דובדבנים קפואים 300,,,דובדבנים 300גר קפוא פסקוביץ,גרמים,300.00,100 גרם,false,1,11.90,3.9667,true,1,35328
7290010050109,false,עירית ארוז א.אדמה,,,עירית,Unknown,0.00,Unknown,false,1,5.90,0.0000,true,1,7821
7290010051021,false,בזיליקום ארוז א.אדמה,,,בזיליקום,Unknown,0.00,Unknown,false,1,5.90,0.0000,true,1,5106
7290010051045,false,עלי בייבי ארוז א.אדמה,חקלאי,IL,עלי בייבי מיקס ארוז,Unknown,0.00,Unknown,false,1,8.90,0.0000,true,1,4914
7290010051052,false,פטרוזיליה ארוז א.אדמה,אדמה,,פטרוזיליה,Unknown,0.00,Unknown,false,1,4.00,0.0000,true,1,4903
7290010051076,false,לבבות חסה ארוז א.אדמה,אדמה,,לבבות חסה ארוז א.אדמה,Unknown,0.00,Unknown,false,1,10.90,0.0000,true,1,4912
7290010051113,false,טימין קורנית ארוז,חקלאי,IL,קורנית טימין,Unknown,0.00,Unknown,false,1,5.90,0.0000,true,1,4910
7290010051120,false,מרווה 70 ג',,,מרווה,Unknown,0.00,Unknown,false,1,5.90,0.0000,true,1,4911
7290010051144,false,תרד עלים א.אדמה,אדמה,,תרד עלים 180 גר יח,Unknown,0.00,Unknown,false,1,8.90,0.0000,true,1,7692
7290010051168,false,כוסברה ארוז א.אדמה,חקלאי,IL,כוסברה,Unknown,0.00,Unknown,false,1,4.00,0.0000,true,1,4952
7290010051175,false,כוסברה/שמיר ארוז,אדמה,,שמיר,Unknown,0.00,Unknown,false,1,4.00,0.0000,true,1,4905
7290010051182,false,נענע ארוז א.אדמה,חקלאי,IL,נענע ירוק,Unknown,0.00,Unknown,false,1,4.00,0.0000,true,1,4904
7290010051199,false,שורש פטרוזיליה ארוז א.אדמה,אדמה,,שורש פטרוזיליה,Unknown,0.00,Unknown,false,1,5.90,0.0000,true,1,4906
7290010051205,false,סלרי עלים ארוז א.אדמה,אדמה,,סלרי עלים,Unknown,0.00,Unknown,false,1,5.90,0.0000,true,1,4030
7290010051212,false,ראש סלרי א.אדמה,אדמה,,סלרי ראש,Unknown,0.00,Unknown,false,1,5.90,0.0000,true,1,4031
7290010051281,false,רוקולה ארוז א.אדמה,ביכורי שדה דרום,IL,עלי רוקולה,Unknown,0.00,Unknown,false,1,7.90,0.0000,true,1,13287
7290010051298,false,מנגולד עלי סלק א.אדמה,אדמה,,סלק עלים,Unknown,0.00,Unknown,false,1,5.90,0.0000,true,1,4907
7290010051311,false,סלרי חתוך א.אדמה,,,סלרי עלים,Unknown,0.00,Unknown,false,1,5.90,0.0000,true,1,17568
7290010051335,false,בצל ירוק ארוז א.אדמה,אדמה,,בצל ירוק,Unknown,0.00,Unknown,false,1,5.90,0.0000,true,1,4908
7290010051373,false,לבבות חסה בשקית א.אדמה,קטיף.,IL,לבבות חסה שקית,Unknown,0.00,Unknown,false,1,9.90,0.0000,true,1,21625
7290010051489,false,חמציץ א.אדמה,,,חמציץ בנספק,Unknown,0.00,Unknown,false,1,8.90,0.0000,true,1,17863
7290010051687,false,רוזמרין ארוז א.אדמה,אדמה,,רוזמרין,Unknown,0.00,Unknown,false,1,5.90,0.0000,true,1,10698
7290010063420,false,יין רוזה דומיין נטופ,יקב נטופה,,יין רוזה דומיין נטופה 750מל פקדון,מיליליטרים,750.00,"100 מ""ל",false,1,65.00,8.6667,true,1,39890
7290010063437,false,יין לאטור רוזה נטופה,יקב נטופה,,יין לאטור רוזה נטופה 750מל,מיליליטרים,750.00,"100 מ""ל",false,1,85.00,11.3333,true,1,22152
7290010063451,false,יין דומיין נטופה לבן,יקב נטופה,,יין דומיין נטופה לבן 750מל פקדון,מיליליטרים,750.00,"100 מ""ל",false,1,65.00,8.6667,true,1,11590
7290010063468,false,יין לאטור לבן נטופה,יקב נטופה,,יין לאטור לבן נטופה 750מל פקדון,מיליליטרים,750.00,"100 מ""ל",false,1,85.00,11.3333,true,1,11593
7290010063673,false,יין תל קאסר אדום 750,,,יין תל קאסר אדום 750 מל,מיליליטרים,750.00,"100 מ""ל",false,1,125.00,16.6667,true,1,19650
7290010063680,false,יין תל קאסר לבן 750,,,יין תל קאסר לבן 750 מל,מיליליטרים,750.00,"100 מ""ל",false,1,125.00,16.6667,true,1,19649
7290010063710,false,יין נטופה תל קאסר מו,,,יין נטופה תל קאסר מוריסר 750 מל,מיליליטרים,750.00,"100 מ""ל",false,6,129.00,17.2000,true,1,38352
7290010065127,false,ליקוקים שימורים לחתו,קריות זול,,ליקוקים שימורי חתולים 415 ג עוף,גרמים,415.00,100 גרם,false,1,5.90,1.4217,true,1,3648
7290010065141,false,ליקוקים שימורי חתולי,,,ליקוקים שימורי חתולים 415 ג טונה,גרמים,415.00,100 גרם,false,1,5.90,1.4217,true,1,3650
7290010065271,false,פרינוק - מחית תפוחי עץ 130 גרם,פרינוק,CZ,מחית פרינוק תפוחי עץ 130 ג שלב1-2,גרמים,130.00,100 גרם,false,1,5.00,3.8462,true,1,3915
7290010065295,false,פרינוק - מחית תפוחי עץ ובננה 130 גרם,פרינוק,CZ,מחית פרינוק תפוחי עץ+בננה 130 ג שלב1-2,גרמים,130.00,100 גרם,false,1,5.00,3.8462,true,1,3917
7290010065301,false,פרינוק - מחית סלט פירות 130 גרם,פרינוק,CZ,מחית פרינוק סלט פירות 130 ג שלב1-2,גרמים,130.00,100 גרם,false,1,5.00,3.8462,true,1,3918
7290010065318,false,מחית תפוח עץ ג'וניור פרינוק 190 גרם,פרוטה פודווין איי.אס,CZ,מחית פרינוק גוניור תפוחי עץ 190 ג שלב 3,גרמים,190.00,100 גרם,false,1,5.90,3.1053,true,1,3919
7290010065332,false,מחית תפוח עץ בננה ג'וניור פרינוק 190 גרם,פרוטה פודווין איי.אס,CZ,מחית פרינוק גוניור תפוח+בננה190ג שלב 3,גרמים,190.00,100 גרם,false,1,5.90,3.1053,true,1,3921
7290010065349,false,מחית סלט פירות ג'וניור פרינוק 190 גרם,פרוטה פודווין איי.אס,CZ,מחית פרינוק גוניור סלט פירות190ג שלב 3,גרמים,190.00,100 גרם,false,1,5.90,3.1053,true,1,3922
7290010065721,false,פרינוק - מחית לפתן פירות 130 גרם,פרינוק,CZ,מחית פרינוק לפתן פירות 130 ג שלב1-2,גרמים,130.00,100 גרם,false,1,5.00,3.8462,true,1,22745
7290010065745,false,מחית לפתן פירות ג'וניור פרינוק 190 גרם,פרוטה פודווין איי.אס,CZ,מחית פרינוק גוניור לפתן פירות190ג,גרמים,190.00,100 גרם,false,1,5.90,3.1053,true,1,12074
7290010116980,false,אבקת שוקולית שקית עלית 850 ג',הנסיך- מפעל לייצור ט,IL,אבקת שוקולית 850 גרם בשקית,גרמים,850.00,100 גרם,false,1,16.90,1.9882,true,1,3200
7290010117864,false,דוריטוס חטיף תירס בטעם חריף אש עלית 70 גרם,"שטראוס פריטו ליי בע""\מ )",IL,חטיף דוריטוס בטעם חריף אש 70ג,Unknown,0.00,Unknown,false,1,3.70,0.0000,true,1,4757
7290010118328,false,תפוצ'יפס בטעם טבעי עלית מארז 6*40 גרם,שטראוס פריטו ליי (מל,IL,מארז6יח תפוציפס טבעי 40גר,גרמים,240.00,100 גרם,false,12,13.00,5.4167,true,1,5076
7290010154005,false,סחוג תימני יוחאי ביטון 250 גרם,תבליני יוחאי ביטון,IL,סחוג תימני 250 גרם,גרמים,250.00,100 גרם,false,1,14.90,5.9600,true,1,2928
7290010154012,false,לימון בלאדי כבוש תבליני ביטון 250 גרם,תבליני יוחאי ביטון,IL,לימון כבוש 250 גרם,גרמים,250.00,100 גרם,false,1,14.90,5.9600,true,1,2929
7290010154029,false,אריסה מתוקה יוחאי ביטון 250 גרם,תבליני יוחאי ביטון,IL,אריסה מתוקה 250 גרם,גרמים,250.00,100 גרם,false,1,14.90,5.9600,true,1,3100
7290010154036,false,עמבה תבליני ביטון 250 גרם,תבליני יוחאי ביטון,IL,עמבה 250 גרם,גרמים,250.00,100 גרם,false,1,14.90,5.9600,true,1,3101
7290010154050,false,ממרח שיפקה כבוש חריף 250,תבליני יוחאי ביטון,IL,ממרח שיפקה כבוש 250גר ביטון,גרמים,250.00,100 גרם,false,1,14.90,5.9600,true,1,47593
7290010154241,false,סלט חזרת ריף ביטון 250 ג',תבליני יוחאי ביטון,IL,סלט חזרת ביתית 250 גרם,גרמים,250.00,100 גרם,false,1,14.90,5.9600,true,1,3199
7290010154265,false,פלפל צ'ומה תבליני ביטון 250 גרם,תבליני יוחאי ביטון,IL,פלפל צומה 250 ג ביטון,גרמים,250.00,100 גרם,false,1,14.90,5.9600,true,1,4591
7290010154418,false,סחוג אדום תבליני ביטון 130 גרם,תבליני יוחאי ביטון,IL,סחוג אדום 130 ג ביטון,גרמים,130.00,100 גרם,false,1,8.90,6.8462,true,1,9605
7290010154425,false,סחוג ירוק תבליני ביטון 130 גרם,תבליני יוחאי ביטון,IL,סחוג ירוק 130 ג ביטון,גרמים,130.00,100 גרם,false,1,8.90,6.8462,true,1,9606
7290010154548,false,ממרח שום טבעי יוחאי ביטון 235 גרם,תבליני יוחאי ביטון,IL,ממרח שום טבעי 235 גרם,גרמים,235.00,100 גרם,false,1,12.90,5.4894,true,1,16373
7290010154555,false,ממרח לימון כבוש יוחאי ביטון 250 גרם,תבליני יוחאי ביטון,IL,ממרח לימון כבוש 235 גרם,גרמים,235.00,100 גרם,false,1,12.90,5.4894,true,1,16374
7290010154678,false,אריסה מרוקאית תבליני ביטון 250 גרם,תבליני יוחאי ביטון,IL,אריסה מרוקאית 250 גרם,גרמים,250.00,100 גרם,false,1,14.90,5.9600,true,1,22203
7290010154685,false,סלט שום כתוש 250 ג' ביטון יוחאי,תבליני יוחאי ביטון,IL,סלט שום כתוש 250 גרם,גרמים,250.00,100 גרם,false,1,14.90,5.9600,true,1,22204
7290010154692,false,סחוג אדום יוחאי ביטון 250 גרם,תבליני יוחאי ביטון,IL,סחוג אדום 250 גרם ביטון,גרמים,250.00,100 גרם,false,1,14.90,5.9600,true,1,38378
7290010163069,false,צנובר 100 גרם ששון הקולה,"דין שיווק וקלייה בע""",IL,צנובר 100 ג,גרמים,100.00,100 גרם,false,1,19.90,19.9000,true,1,3380
7290010173037,false,יין הרי גליל רוזה 750 מל,יקבי רמת הגולן,IL,יין גליל רוזה 2016 750 מל פקדון,מיליליטרים,750.00,"100 מ""ל",false,1,40.00,5.3333,true,1,4417
7290010173174,false,"יין אלון 2019 750 מ""ל הרי גליל",יקבי רמת הגולן,IL,יין גליל אלון 2014 750 מל פקדון,מיליליטרים,750.00,"100 מ""ל",false,1,60.00,8.0000,true,1,9108
7290010173181,false,יין אלה הרי גליל 750 מל,יקבי רמת הגולן,IL,יין גליל אלה 2014 750 מל,מיליליטרים,750.00,"100 מ""ל",false,1,60.00,8.0000,true,1,9491
7290010195268,false,פופקורן פופסטאר חמישייה מופחת שומן טבעי,פופ סטאר,US,פופקורן פופסטאר מופחת שומן טבעי5יח 425גר,גרמים,425.00,100 גרם,false,1,13.90,3.2706,true,1,8252
7290010195275,false,פופ סטאר גרעיני תירס להכנת פופקורן במיקרוגל בטעם חמאה מופחת שומן 425 גרם,פופ סטאר,US,פופקורן פופסטאר מופחת שומן חמאה5יח425גר,גרמים,425.00,100 גרם,false,1,13.90,3.2706,true,1,8253
7290010195756,false,זוג רייד נוזלי 90 לילות,ג'ונסון,CN,זוג רייד נוזלי ליתושים 45 לילות,יחידה,45.00,יחידה,false,1,34.90,0.7756,true,1,3875
7290010199891,false,"סטייל - סבון ידיים אדום 500 מ""ל משאבה - מרכז",דולפין ספא,TR,"אלסבון ארומטי תה אדום משאה 500 מ""ל",מיליליטרים,500.00,"100 מ""ל",false,1,7.90,1.5800,true,1,5922
7290010237531,false,"פפסי קולה פלסטיק 500 מ""ל","טמפו משקאות בע""ם.",IL,משקה פפסי קולה קוול 500 מל בק פקדון,מיליליטרים,500.00,"100 מ""ל",false,1,5.90,1.1800,true,1,5019
7290010237548,false,"פפסי מקס דל קלוריות 500 מ""ל בקבוק",טמפו משקאות בעמ,IL,משקה פפסי מקס קוול 500 מל בק פקדון,מיליליטרים,500.00,"100 מ""ל",false,1,5.90,1.1800,true,1,5020
7290010237562,false,משקה פפסי מרינדה קוו,"טמפו משקאות בע""מ",IL,משקה פפסי מרינדה קוול 500 מל בק פקדון,מיליליטרים,500.00,"100 מ""ל",false,1,5.90,1.1800,true,1,8251
7290010237579,false,משקה סבן אפ קוול 500,"טמפו משקאות בע""מ",IL,משקה סבן אפ קוול 500 מל בק פקדון,מיליליטרים,500.00,"100 מ""ל",false,1,5.90,1.1800,true,1,5021
7290010237586,false,סבן אפ דיאט פלסטיק 500מל,"טמפו משקאות בע""מ",IL,משקה ד.סבן אפ קוול 500 מל בק פקדון,מיליליטרים,500.00,"100 מ""ל",false,1,5.90,1.1800,true,1,5022
7290010237685,false,"הייניקן בירה צואר ארוך 330מ""ל",טמפו משקאות בע''מ,IL,בירה היינקן בק330מל בק. פיקדון,מיליליטרים,330.00,"100 מ""ל",false,1,8.90,2.6970,true,1,38129
7290010237784,false,בירה שנדי בתוספת משקה לימון ליים - שישייה,"טמפו משקאות בע""\מ",IL,מארז 6יח בירה שנדי למון ליים בק330מל פיק,ליטרים,1.98,ליטר,false,1,29.90,15.1010,true,1,3956
7290010259977,false,שמן קנולה מזוכך ויליפוד 1 ליטר,בונגי פולין אס.פי.זד,PL,שמן קנולה 1 ליטר וילי פוד,ליטרים,1.00,ליטר,false,1,10.90,10.9000,true,1,4206
7290010259991,false,צנימים מיוחדים בטעם טבעי 250 ג',קריות זול,PT,צנימים קלאסיק 250 גר רגילים,גרמים,250.00,100 גרם,false,1,7.90,3.1600,true,1,7164
7290010298143,false,שאטו בלריב דובואה בו,,,יין שאטו בלריב דובואה בורדו כשר 750 מל,מיליליטרים,750.00,"100 מ""ל",false,6,65.00,8.6667,true,1,48803
7290010298273,false,"יין דרך ארץ שרדונה 750 מ""ל",ברקן,IL,יין דרך ארץ שרדונה 750 מל פיקדון,מיליליטרים,750.00,"100 מ""ל",false,1,35.00,4.6667,true,1,19475
7290010298846,false,"יין טומאסי אמרונה 750 מ""ל",,,יין טומאסי אמרונה 750 מל פקדון,מיליליטרים,750.00,"100 מ""ל",false,1,240.00,32.0000,true,1,3232
7290010298945,false,"טומאסי ריפאסו דל וולפוליצלה 750 מ""ל",,,יין טומאסי ריפאסו וולפוליצלה 750 מל פקדו,מיליליטרים,750.00,"100 מ""ל",false,1,100.00,13.3333,true,1,3234
7290010298983,false,יין טומאסי וולפוליצל,טומאסי,IT,יין טומאסי וולפוליצלה 750 מל פקדון,מיליליטרים,750.00,"100 מ""ל",false,1,70.00,9.3333,true,1,29948
7290010298990,false,יין טומאסי רפאל וולפ,,,יין טומאסי רפאל וולפוליצלה 750מל פקדון,מיליליטרים,750.00,"100 מ""ל",false,1,80.00,10.6667,true,1,3238
7290010328093,false,ממרח חלווה אחווה 400 ג' מהדרין,אחדות בית חרושת לטחי,IL,ממרח חלבה אחווה 400 גרם,גרמים,400.00,100 גרם,false,1,11.90,2.9750,true,1,5207
7290010328468,false,מארז מיני חלווה אחוה בטעמים 18 יחידות 216 גרם,שוורצקוף& הנקל דיסלד,IL,חטיפי חלבה אחווה טעמים 18 גר,Unknown,0.00,Unknown,false,1,10.90,0.0000,true,1,25110
7290010328505,false,"מארז מיני חלווה 15 יחידות לל""ס אחוה 150 גרם",אחדות ביחר לטחינה חל,IL,חטיפי חלבה אחווה ללא סוכר 15 יח,Unknown,0.00,Unknown,false,1,10.90,0.0000,true,1,25111
7290010328727,false,ממרח טחינה עם שוקולד אחווה 400 גרם,אחדות ביחר לטחינה חל,IL,ממרח טחינה עם שוקולד אחווה 400 גרם,גרמים,400.00,100 גרם,false,1,11.90,2.9750,true,1,16825
7290010328734,false,ממרח טחינה עם סילאן משומשום מלא,אחדות ביחר לטחינה חל,IL,ממרח טחינה עם סילאן אחווה 400 גרם,גרמים,400.00,100 גרם,false,1,11.90,2.9750,true,1,16826
7290010328819,false,ממרח טחינה עם שוקולד משומשום מלא אחווה 400 גרם,אחדות ביחר לטחינה חל,IL,ממרח טחינה עם שוקולד ל.ס.400 גרם,גרמים,400.00,100 גרם,false,1,11.90,2.9750,true,1,30616
7290010329854,false,מיני קוקיס עוגיות בטעם חמאה ללא סוכר כרמית 600 גרם,כרמית,IL,עוג.מיני קוקיס בטעם חמאה ל.ס600גר,גרמים,600.00,100 גרם,false,1,18.90,3.1500,true,1,5965
7290010329977,false,מטבעות שוקולד מריר כרמית 42 גרם,HIQ FOOD PRODUCTS,IL,מטבעות שוקולד מריר 48 ג ברשת,Unknown,0.00,Unknown,false,1,5.00,0.0000,true,1,6368
7290010357970,false,מב.שיניים תינוקות אק,,,מב.שיניים תינוקות אקווה פרש,Unknown,0.00,Unknown,false,1,19.90,0.0000,true,1,5072
7290010373055,false,"ערק זחלאווי אלליאלי 500 מ""ל",אלנמרוד,,ערק זחלאווי אליאלי מקורי 500 מל פיקדון,מיליליטרים,500.00,"100 מ""ל",false,1,65.00,13.0000,true,1,6506
7290010417162,false,יין גמלא ריזלינג לבן 750 מל,יקבי רמת הגולן קצרין,IL,יין גמלא ריזלינג 750 מל פקדון רמת הגולן,מיליליטרים,750.00,"100 מ""ל",false,1,60.00,8.0000,true,1,23844
7290010429684,false,דבש טהור פרחי בר יד מרדכי 700 גרם מארז זוגי,שטראוס גרופ,IL,זוג דבש יד מרדכי 350 ג צנצנת,גרמים,700.00,100 גרם,false,1,34.90,4.9857,true,1,4422
7290010471669,false,יוגורט תות עם קורנפלקס מצופה שוקולד ללא גלוטן 3.9%,"שטראוס בריאות בע""\מ",IL,יוגורט דנונה בר קראנצ תות קורנפלקס 175גר,גרמים,175.00,100 גרם,false,1,4.70,2.6857,true,1,3829
7290010472390,false,מארז 8 יחידות מעדן דני בטעם שוקולד 1.5%,מיוצר עי קונדיטוריית,IL,מארז 8 מעדן דני שוקולד 125 גר,גרמים,1000.00,100 גרם,false,1,15.90,1.5900,true,1,4136
7290010513703,false,צ'ופסטיקס צפצפה - 20 יחידות,גולין פנגזו,IL,צופסטיקס יפני 20 יח,Unknown,0.00,Unknown,false,1,6.90,0.0000,true,1,4684
7290010513727,false,פנקו פרורי לחם 200 גרם (קינגדאו),קינגדאו גוניון פודס,CN,פירורי לחם פנקו 200 ג קינגדאו,גרמים,200.00,100 גרם,false,1,8.90,4.4500,true,1,10318
7290010517152,false,יין מרלו רזרב פלם 20,,,יין מרלו רזרב פלם 2017 750 מל,מיליליטרים,750.00,"100 מ""ל",false,1,169.00,22.5333,true,1,27597
7290010546053,false,מנדל גרנולה בריאות קלויה ללא סוכר 400 גר,"מנדל סחר ושיווק בע""מ",IL,גרנולה מנדל ללא סוכר 400 גר צנצנת,גרמים,400.00,100 גרם,false,1,19.90,4.9750,true,1,10475
7290010546152,false,גרנולה קלויה בתוספת אגוזים ותמרים 400 ג',יוליניבר,IL,גרנולה מנדל תמרים 400 גר צנצנת,גרמים,400.00,100 גרם,false,1,19.90,4.9750,true,1,10473
7290010546169,false,מנדל - גרנולה שקדים וצימוקים 400 גרם,מנדל טי אמ סחר,IL,גרנולה מנדל שקד צימוק 400 גר צנצנת,גרמים,400.00,100 גרם,false,1,19.90,4.9750,true,1,10472
7290010546336,false,מנדל גרנולה בסילאן ללא תוספת סוכר 400 גר,"מנדל סחר ושיווק בע""מ",IL,גרנולה מנדל בסילאן ל.סוכר 400 גרם,גרמים,400.00,100 גרם,false,1,19.90,4.9750,true,1,15801
7290010546558,false,גרנולה חלבה תמרים מנדל 400 גר,מנדל טי אמ סחר,IL,גרנולה מנדל חלבה תמרים 400 גרם,גרמים,400.00,100 גרם,false,1,19.90,4.9750,true,1,20696
7290010546565,false,גרנולה שוקולד מנדל 400 גר,מנדל,,גרנולה מנדל שוקולד 400 גרם,גרמים,400.00,100 גרם,false,1,19.90,4.9750,true,1,20697
7290010546633,false,מנדל גרנולה חמאת בוטנים מעושר בחלבון 350,מנדל,IL,גרנולה מנדל חמאת בוטנים 350 גר צנצנת,גרמים,350.00,100 גרם,false,1,19.90,5.6857,true,1,36772
7290010548514,false,קוביות עשבי תיבול לבישול איטלקי דורות 70 גרם,עיצובים 2020 (3.8),IL,עשבי תיבול לבישול איטלקי דורות 70 גר,גרמים,70.00,100 גרם,false,1,10.90,15.5714,true,1,5324
7290010561124,false,ברילי כמו גבינת שמנת זיתים 20% 220 גרם,אשבל מזון פונקציונלי בע\,IL,ברילי כמו גבינת שמנת זיתים 20% 220גר,גרמים,220.00,100 גרם,false,1,18.90,8.5909,true,1,40054
7290010561131,false,ממרח ברילי כמו גבינת,אשבל,IL,ברילי כמו גבינת שמנת 20% 220גר טבעונ,גרמים,220.00,100 גרם,false,1,18.90,8.5909,true,1,40055
7290010561179,false,ממרח ברילי כמו גבינת,,IL,ברילי כמו לאבנה 220גר 5% טבעוני,גרמים,220.00,100 גרם,false,1,18.90,8.5909,true,1,47203
7290010561360,false,ברילי באגט EXTRA קמח טף 360 גרם,קרלו,IL,באגט קמח טף 360גר ברילי אקסטרא,גרמים,360.00,100 גרם,false,1,18.90,5.2500,true,1,37878
7290010561407,false,ברילי לחם פרוס extra ויטמינים ומינרלים 500 גרם,בר אל- ללא גלוטן,IL,לחם פרוס אקסטרא ויטמינים ומינרלים 500גר,גרמים,500.00,100 גרם,false,12,21.90,4.3800,true,1,41105
7290010561421,false,ברילי לחם כפרי EXTRA קמח טף 500 ג',אשבל מזון פונקציונלי,IL,לחם כפרי קמח טף 500גר ברילי אקסטרא,גרמים,500.00,100 גרם,false,1,21.90,4.3800,true,1,37865
7290010561445,false,עוגיות שוקוצ'יפס 180 גרם,אשבל מזון פונקציונלי,IL,פיתות ברילי 420גר,גרמים,420.00,100 גרם,false,1,21.90,5.2143,true,1,37864
7290010561469,false,מאפה אצבע ללא גלוטן 330 גרם,אשבל מזון פונקציונלי,IL,לחמניות אצבע ברילי 330גר ללא גלוטן,גרמים,330.00,100 גרם,false,14,21.90,6.6364,true,1,41104
7290010561490,false,ברילי לחמניית המבורגר ללא גלוטן 360 ג',בר אל- ללא גלוטן,IL,לחמניות המבורגר ברילי 360גר ללא גלוטן,גרמים,360.00,100 גרם,false,1,21.90,6.0833,true,1,4769
7290010561582,false,עוגת בראוניז קיטו בר,אשבל,IL,עוגת בראוניז קיטו ברילי 50גר,Unknown,0.00,Unknown,false,18,12.90,0.0000,true,1,49760
7290010561599,false,מאפינס מייפל קיטו בר,אשבל,IL,מאפינס מייפל קיטו ברילי 50גר,Unknown,0.00,Unknown,false,18,12.90,0.0000,true,1,49761
7290010561612,false,מאפינס וניל קיטו ברי,אשבל,IL,מאפינס וניל קיטו ברילי 50גר,Unknown,0.00,Unknown,false,18,12.90,0.0000,true,1,49755
7290010561643,false,ברילי פירורי לחם 250 ג' ללא גלוטן,אשבל מזון פונקציונלי,IL,פירורי לחם חחא גלוטן 250 גר,גרמים,250.00,100 גרם,false,12,16.90,6.7600,true,1,39146
7290010561650,false,ברילי פתיתים אפויים בצורת אורז 250 ג',אשבל מזון פונקציונלי,IL,ברילי פתיתים אפויים ללג 250 גר,גרמים,250.00,100 גרם,false,18,16.90,6.7600,true,1,39144
7290010561667,false,"ברילי פתיתים בצורת קוסקוס לל""ג 250 גרם",אשבל מזון פונקציונלי,IL,ברילי פתיתים אפויים ללג קוסקוס 250 גר,גרמים,250.00,100 גרם,false,18,16.90,6.7600,true,1,39145
7290010561711,false,ברילי שייק קפה קיטו 30 גרם,אשבל,IL,שייק קפה קיטו ברילי 30 גר,Unknown,0.00,Unknown,false,18,11.90,0.0000,true,1,49754
7290010561728,false,קיטו אבקה להכנת משקה 40ג,אשבל,IL,אבקה להכנת שוקו קיטו ברילי 40גר,Unknown,0.00,Unknown,false,18,11.90,0.0000,true,1,49759
7290010561780,false,אבקת הכנת פודינג וניל35ג,אשבל,IL,פודינג וניל קיטו ברילי 35גר,Unknown,0.00,Unknown,false,18,11.90,0.0000,true,1,49757
7290010561797,false,אבקת להכנת פודינג 43 גרם,אשבל,IL,פודינג שוקולד קיטו ברילי 43גר,Unknown,0.00,Unknown,false,18,11.90,0.0000,true,1,49758
7290010563456,false,מפזר חום עומד 2000 ו,NINGBO TIANHMA,,מפזר חום עומד 2000 וואט,Unknown,0.00,Unknown,false,1,59.90,0.0000,true,1,14397
7290010587087,false,יין יין אריאל טוליפ,יקב טוליפ,IL,יין טוליפ מוסטלי מרלו 750 מל פקדון,Unknown,0.00,Unknown,false,6,110.00,0.0000,true,1,32501
7290010587100,false,יין פורט טוליפ 750מל,יקב טוליפ,,יין פורט טוליפ 750מל פקדון,מיליליטרים,750.00,"100 מ""ל",false,1,100.00,13.3333,true,1,5368
7290010587438,false,יין בלאק טוליפ 2015,יקב טוליפ,,יין בלאק טוליפ 2015 750 מל פקדון,מיליליטרים,750.00,"100 מ""ל",false,1,199.00,26.5333,true,1,20577
7290010587445,false,"יין טוליפ וויט פרנק 750 מ""ל",מיוצר וממולא על ידי יקב,IL,יין טוליפ וויט פרנק 2017 750 מל פקדון,מיליליטרים,750.00,"100 מ""ל",false,1,65.00,8.6667,true,1,21169
7290010587452,false,טוליפ וויט יבש טוליפ750מ,מיוצר וממולא על ידי יקב,IL,יין טוליפ וויט 2017 750 מל פיקדון,מיליליטרים,750.00,"100 מ""ל",false,1,65.00,8.6667,true,1,21592
7290010587469,false,"יין טוליפ קברנה סוביניון 750 מ""ל",מיוצר וממולא על ידי יקב,IL,יין ק. סוביניון טוליפ 2017 750 מל פק,מיליליטרים,750.00,"100 מ""ל",false,1,65.00,8.6667,true,1,21586
7290010587476,false,"יין טוליפ מרלו 750 מ""ל",מיוצר וממולא על ידי יקב,IL,יין מרלו טוליפ 2017 750מל פקדון,מיליליטרים,750.00,"100 מ""ל",false,1,65.00,8.6667,true,1,21587
7290010587483,false,"טוליפ אספרו אדום 750 מ""ל",יקב טוליפ,IL,יין אספרסו טוליפ 2016 750מל פקדון,מיליליטרים,750.00,"100 מ""ל",false,1,85.00,11.3333,true,1,21590
7290010587490,false,"טוליפ אספרו לבן 750 מ""ל",יקב טוליפ,IL,יין אספרסו וויט טוליפ 2017 750 מל,מיליליטרים,750.00,"100 מ""ל",false,1,85.00,11.3333,true,1,21591
7290010587605,false,יין מארה מיה נוסטרום,MAIA WINERY,,יין מארה מיה נוסטרום 750 מל פקדון,מיליליטרים,750.00,"100 מ""ל",false,1,110.00,14.6667,true,1,12170
7290010587612,false,יין מארה מיה אדום 75,MAIA WINERY,,יין מארה מיה אדום 750 מל פקדון,מיליליטרים,750.00,"100 מ""ל",false,1,75.00,10.0000,true,1,12169
7290010587629,false,יין מארה מיה רוזה750,MAIA WINERY,,יין מארה מיה רוזה750 מל פקדון,מיליליטרים,750.00,"100 מ""ל",false,1,75.00,10.0000,true,1,12167
7290010587636,false,יין מארה מיה לבן 750,MAIA WINERY,,יין מארה מיה לבן 750 מל פקדון,מיליליטרים,750.00,"100 מ""ל",false,1,75.00,10.0000,true,1,12168
7290010587872,false,יין אמרונה 750 מל,יקב זני,IT,יין אמרונה 750 מל,מיליליטרים,750.00,"100 מ""ל",false,6,169.00,22.5333,true,1,29074
7290010587889,false,"יין טוליפ סירה רזרב 750 מ""ל",יקב טוליפ,,יין טוליפ סירה רזרב 2016 750 מל פקדון,מיליליטרים,750.00,"100 מ""ל",false,1,110.00,14.6667,true,1,22579
7290010587902,false,יין טוליפ פרנק מרו,יקב טוליפ,,יין טוליפ פרנק מרו רזרב 2016 750 מל,מיליליטרים,750.00,"100 מ""ל",false,1,110.00,14.6667,true,1,22580
7290010589012,false,עוגת וופל במילוי קרם,,IL,עוגת וופל במילוי קרם חלב 315גר וישאם,גרמים,315.00,100 גרם,false,1,29.90,9.4921,true,1,36364
7290010589036,false,עוגת וופלבמילוי ריבת,,IL,עוגת וופלבמילוי ריבת חלב 270גר,גרמים,270.00,100 גרם,false,1,33.90,12.5556,true,1,36365
7290010589043,false,עוגת וופל במילוי ריב,,IL,עוגת וופל במילוי ריבת חלב 315גר וישאם,גרמים,315.00,100 גרם,false,1,29.90,9.4921,true,1,36363
7290010589135,false,גליליות ממולא קרם פט,וישם דברי מתיקה,IL,גליליות ממולא קרם פטיסייר 225גר וישאם,גרמים,225.00,100 גרם,false,1,29.90,13.2889,true,1,36379
7290010589227,false,כדורי שוקולד טעם שוק,וישם דברי מתיקה,IL,כדורי שוקולד טעם שוקולד 300גר וישאם,גרמים,300.00,100 גרם,false,1,29.90,9.9667,true,1,36378
7290010589302,false,עוגת וופל במילוי קרם,וישם דברי מתיקה,IL,עוגת וופל במילוי קרם קפה 270גרם,גרמים,270.00,100 גרם,false,1,33.90,12.5556,true,1,46289
7290010589326,false,עוגת וופל במילוי קרם,וישם דברי מתיקה,IL,עוגת וופל במילוי קרם פיסטוק 270גרם,גרמים,270.00,100 גרם,false,1,33.90,12.5556,true,1,46290
7290010589333,false,עוגת וופל במילוי קרם,וישם דברי מתיקה,IL,עוגת וופל במילוי קרם חמאת בוטנים 270גרם,גרמים,270.00,100 גרם,false,1,33.90,12.5556,true,1,46291
7290010589340,false,עוגת וופל במילוי קרם,,IL,עוגת וופל במילוי קרם חלווה 270גרם,גרמים,270.00,100 גרם,false,1,33.90,12.5556,true,1,46292
7290010632787,false,צימרוני אוזניים מעץ 300 יח,הדקלאים אגודת שיתופי,CN,צימרוני אוזניים 300 יח מעץ,יחידה,300.00,יחידה,false,1,4.90,0.0163,true,1,18516
7290010632824,false,סט 6יח'ספוג מתכת+ידיתUNISUN,יוניסן,CN,ספוג מתכת+ידית 6יח יוניסאן,יחידה,6.00,יחידה,false,1,10.90,1.8167,true,1,20808
7290010650019,false,אנדיב בלגי אמיתי חוות תקוע,מרינה פטריות הגליל,IL,אנדיב ארוז,Unknown,0.00,Unknown,false,1,15.00,0.0000,true,1,6966
7290010650033,false,בצלצלי שאלוט תקוע אר,חוות פטריות תקוע,NL,בצלצלי שאלוט ארוז במגש,Unknown,0.00,Unknown,false,1,10.90,0.0000,true,1,6967
7290010650040,false,פטריות שיטאקי חוות תקוע,ביכורי שדה דרום 2002,IL,פטריות שיטאקי ארוז,Unknown,0.00,Unknown,false,1,13.00,0.0000,true,1,6959
7290010650064,false,פטריות יער מיובשות חוות תקוע 25 גרם,חוות תקוע,IL,פטריות יער מיובשות,Unknown,0.00,Unknown,false,1,8.90,0.0000,true,1,5738
7290010650088,false,פטריות שמפיניון מיובשות 25 גרם,חוות פטריות תקוע,CN,פטריות שמפיניון מיובשות,Unknown,0.00,Unknown,false,1,11.00,0.0000,true,1,5740
7290010650101,false,עגבניות מיובשות חוות תקוע 100 גרם,חוות פטריות תקוע,IL,עגבניות מיובשות יח,Unknown,0.00,Unknown,false,1,11.90,0.0000,true,1,5741
7290010650194,false,זנגוויל (ג'ינג'ר)ארוז מגשית,"פסח בא בע""מ",CN,זנגוויל תאילנדי ארוז מגשית,Unknown,0.00,Unknown,false,1,8.90,0.0000,true,1,6970
7290010650231,false,פטריות מאיטקי מיובשו,חוות פטריות תקוע,IL,פטריות מאי טאקי מיובשות,Unknown,0.00,Unknown,false,1,12.90,0.0000,true,1,6963
7290010650255,false,לקט פטריות למרק חוות תקוע 25 גרם,חוות פטריות תקוע,IL,לקט פטריות מיובשות למרק,Unknown,0.00,Unknown,false,1,15.00,0.0000,true,1,6965
7290010650279,false,לקט פטריות לפסטה 25 גרם,חקלאי,IL,לקט פטריות מיובשות לפסטה,Unknown,0.00,Unknown,false,1,15.00,0.0000,true,1,6964
7290010650286,false,בייבי ברוקולי חוות תקוע,,,ברוקולי מיני תקוע,Unknown,0.00,Unknown,false,1,18.90,0.0000,true,1,6968
7290010650293,false,בצלצלי שאלוט מקולף ת,תקוע,,בצלצלי שאלוט מקולף ארוז במגש,Unknown,0.00,Unknown,false,1,14.90,0.0000,true,1,8002
7290010650354,false,שורש כורכום טרי חוות תקוע 120 גרם,פסטה לנסי,IL,שורש כורכום טרי ארוז,Unknown,0.00,Unknown,false,1,12.50,0.0000,true,1,7994
7290010650408,false,בצלצלי פנינה תקוע יח,פסטה לנסי,IL,בצלצלי פנינה יח,Unknown,0.00,Unknown,false,1,10.00,0.0000,true,1,34878
7290010650576,false,פטריות שנוקי טרי ארו,חוות פטריות תקוע,IL,פטריות שינוקי 150. גר,Unknown,0.00,Unknown,false,1,11.90,0.0000,true,1,9273
7290010650590,false,ריזוטו פטריות חוות תקוע,חוות פטריות תקוע,IL,ריזוטו פטריות 9 יח,Unknown,0.00,Unknown,false,1,15.00,0.0000,true,1,10242
7290010650668,false,למון גראס -חוות תקוע,ביכורי השקמה,IL,למון גראס,Unknown,0.00,Unknown,false,1,10.90,0.0000,true,1,11439
7290010650705,false,חסה רדיקו 250 גר,שולמית,IL,רדיקיו עגול/מאורך,Unknown,0.00,Unknown,false,1,25.90,0.0000,true,1,18829
7290010650767,false,אנדיב אדום 220 גרם,פמילי,IL,אנדיב אדום ארוז,Unknown,0.00,Unknown,false,1,20.00,0.0000,true,1,14087
7290010650798,false,לקט בורגול ופטריות חוות תקוע,,,לקט פטריות ובורגול 310 גר,Unknown,0.00,Unknown,false,1,15.00,0.0000,true,1,24684
7290010650804,false,תבשיל פתיתים ופטריות,,,לקט פטריות ופתיתים 235 גר,Unknown,0.00,Unknown,false,1,15.00,0.0000,true,1,24683
7290010650828,false,פטריות שימג'י חוות תקוע 150 גרם,שנגחאי פינק פוד קומפני,CN,פטריות שימגי לבן תקוע,Unknown,0.00,Unknown,false,1,13.00,0.0000,true,1,24279
7290010650927,false,עגבניות לחות בתיבול בזיליקום ועלי דפנה 200 גרם,חקלאי,TR,עגבניות לחות תקוע בזיליקום 200 גר יח,גרמים,100.00,100 גרם,false,1,12.90,12.9000,true,1,31692
7290010650996,false,"פטריות שי מג'י חומות, 150 גרם חוות תקוע",שנגחאי פינק פוד קומפני,CN,פטריות שימגי חום תקוע,Unknown,0.00,Unknown,false,1,13.00,0.0000,true,1,39788
7290010657254,false,סרדינים מרוקאי בשמן צמחי 125 ג',יוניון דה פחריס,MA,סרדין קזבלנקה בשמן סויה 125 גר,גרמים,125.00,100 גרם,false,1,5.90,4.7200,true,1,8205
7290010657292,false,צלפים בחומץ צנצנת 35,פ.ח סאנצאס,ES,צלפים בחומץ סי פווד 350 גר,גרמים,350.00,100 גרם,false,1,13.50,3.8571,true,1,5548
7290010657490,false,סרדינים מרוקאי בשמן קזבלנקה פלפל חריף 125 ג',יוניון דה פחריס,MA,סרדין קזבלנקה בשמן חריף 125 גר,גרמים,125.00,100 גרם,false,1,5.90,4.7200,true,1,8202
7290010657506,false,סרדין קזבלנקה בשמן ז,יוניון דה פחריס,MA,סרדין קזבלנקה בשמן זית 125 גר,גרמים,125.00,100 גרם,false,1,6.90,5.5200,true,1,8201
7290010657551,false,סרדין מרוקאי ברוטב עגבניות סטאר פוד 125 ג',יוניון דה פחריס,MA,סרדין קזבלנקה ברוטב עגבניות 125 גר,גרמים,125.00,100 גרם,false,1,5.90,4.7200,true,1,8203
7290010657568,false,סרדין מרוקאי בשמן ולימון סטאר פוד 125 ג',יוניון דה פחריס,MA,סרדין קזבלנקה לימון 125 גר,גרמים,125.00,100 גרם,false,1,5.90,4.7200,true,1,8204
7290010657681,false,פילה מקרל בשמן צמחי 125 ג קזבלנקה,יוניון דה פחריס,,פילה מקרל בשמן צמחי ללא עור ועצמו 125 גר,גרמים,125.00,100 גרם,false,1,10.00,8.0000,true,1,8199
7290010657698,false,פילה מקרל פלפל חריף 125 ג קזבלנקה,יוניון דה פחריס,,פילה מקרל פלפל חריף 125 גר,גרמים,125.00,100 גרם,false,1,10.00,8.0000,true,1,8198
7290010657704,false,פילה מקרל בשמן זית 125 ג קזבלנקה,יוניון דה פחריס,,פילה מקרל בשמן זית ללא עור ועצמות 125גר,גרמים,125.00,100 גרם,false,1,11.00,8.8000,true,1,8200
7290010657834,false,"ראניה סטר פוד מי ורדים 510 מ""ל",אלימאד פוד,BE,מי ורדים 500 מל סי.אף,מיליליטרים,500.00,"100 מ""ל",false,1,16.90,3.3800,true,1,6221
7290010657902,false,בצלצלי פנינה סטאר פו,לוקסאפרס,ES,בצלצלי פנינה 400 גר,גרמים,400.00,100 גרם,false,1,11.90,2.9750,true,1,7397
7290010672851,false,מאפין חמישיות שוקו-שוקו,פילסברי,,עוגיות מאפינס וניל חמישייה,Unknown,0.00,Unknown,false,1,9.90,0.0000,true,1,30100
7290010672868,false,מאפין חמישיות שוקו וניל,פילסברי,,עוגיות מאפינס שוקו חמישייה,Unknown,0.00,Unknown,false,1,9.90,0.0000,true,1,30101
7290010690138,false,ברוקולי ארוז גן ירוק,חקלאי,IL,ברוקולי ארוז במגשית,Unknown,0.00,Unknown,false,1,9.90,0.0000,true,1,9407
7290010690473,false,חסה עגולה במגשית גן ירק,,,חסה עגולה ארוזה במגשית,Unknown,0.00,Unknown,false,1,6.90,0.0000,true,1,9641
7290010711031,false,מברשת אבק גדולה 1522,מ.א. ייצור ויבוא מטליות,TR,מברשת אבק גדולה,יחידה,1.00,יחידה,false,24,11.90,11.9000,true,1,32024
7290010711147,false,גליל מטליות אקולוגי,,IL,גליל מטליות אקולוגי 40 יח שיין,יחידה,40.00,יחידה,false,15,22.90,0.5725,true,1,31961
7290010711413,false,מקל מתכת 1.5 מטר מתחבר בהברגה,,IT,מקל מתכת 1.5מטר לבן,יחידה,1.00,יחידה,false,24,8.90,8.9000,true,1,32046
7290010711437,false,מארז 4יח סרטי קרצוף,,IL,מארז 4יח סרטי קרצוף לניקוי יסודי,יחידה,4.00,יחידה,false,24,10.90,2.7250,true,1,38480
7290010711901,false,מטליות מיקרו רצפה שייני,מ.א ייצור ושיווק מטל,CN,מטליות מיקרו רצפה 3 יח,יחידה,3.00,יחידה,false,36,14.90,4.9667,true,1,23447
7290010715220,false,כוסות קרטון חד פעמי,,,כוסות קרטון חד פעמי 8אונז 50יח פאלאס,יחידה,50.00,יחידה,false,1,12.90,0.2580,true,1,13369
7290010715336,false,להבונים בשקית 50 יח,,,להבונים בשקית 50 יח,יחידה,50.00,יחידה,false,1,13.90,0.2780,true,1,13321
7290010748525,false,"סרקל פורטה מרכך לילדים 750 מ""ל",פישר מעבדות פרמצבטיות בע,IL,מרכך סרקל פורטה 750 מל,מיליליטרים,750.00,"100 מ""ל",false,1,24.90,3.3200,true,1,4153
7290010748853,false,"ד""ר פישר - אפקטיב קר קרם ידיים סנסיטיב 150 מ""ל",פישר מעבדות פרמצבטיות בע,IL,קרם ידיים אפקטיב קר לעור רגיש ועדין 150מ,מיליליטרים,150.00,"100 מ""ל",false,1,9.90,6.6000,true,1,5612
7290010748860,false,"ד""ר פישר - אפקטיב קר קרם ידיים אינטנסיב 150 מ""ל",פישר מעבדות פרמצבטיות בע,IL,קרם ידיים אפקטיב קר לעור יבש 150מ,מיליליטרים,150.00,"100 מ""ל",false,1,9.90,6.6000,true,1,5613
7290010748877,false,"אפקטיב קר קרם גוף סנסטיב לעור רגיש ח 700 מ""ל",פישר מעבדות פרמצבטיות בע,IL,קרם גוף אפקטיב לעור רגיש עדין 700 מל,מיליליטרים,700.00,"100 מ""ל",false,1,24.90,3.5571,true,1,5609
7290010748884,false,אפקטיב קר קרם גוף אינטנסיב לעור יבש במיוחד ח 700,פישר מעבדות פרמצבטיות,IL,קרם גוף אפקטיב לעור יבש במיוחד 700 מל,מיליליטרים,700.00,"100 מ""ל",false,1,24.90,3.5571,true,1,5610
7290010748891,false,אפקטיב קר קרם גוף מולטי ויטמין לעור רגיל יבש ח 7,פישר מעבדות פרמצבטיות בע,IL,קרם גוף אפקטיב לעור רגיל יבש 700 מל,מיליליטרים,700.00,"100 מ""ל",false,1,24.90,3.5571,true,1,5611
7290010760947,false,עוגיות שקד בדליים מאפיית אריאל 600 גרם,מאפיית ישראל חיפה,IL,עוגיות שקד בטעמים600 גרם,גרמים,600.00,100 גרם,false,1,15.90,2.6500,true,1,17514
7290010766949,false,ממרח תחתיות ארטישוק 180ג' אוליביה,אוליביה,IL,ממרח תחתיות ארטישוק 180גר אוליביה,גרמים,180.00,100 גרם,false,1,13.90,7.7222,true,1,7845
7290010766956,false,ממרח פלפלים מתוקים אדומים אוליביה 180 גרם,אוליביה גורמה בעמ,IL,ממרח פלפלים קלויים 180 גר אוליביה,גרמים,180.00,100 גרם,false,1,13.90,7.7222,true,1,7846
7290010777006,false,מארז לחמניות כוסמין 360 גרם,,IL,עוגיות אקלר קוקוס/בוטנים 400 גר,גרמים,360.00,100 גרם,false,1,14.90,4.1389,true,1,47727
7290010777051,false,מארז לחמניות המבורגר 5 יח,שי שאשא,IL,מארז לחמניות המבורגר 5 יח,יחידה,5.00,יחידה,false,1,14.90,2.9800,true,1,14999
7290010777150,false,שמניית פיתה בריבוע מחיטה מלאה פיתה אקספרס,מגוון שיווק והפצת מא,IL,פיתה בריבוע חיטה מלאה 100% 8 יח,יחידה,8.00,יחידה,false,1,14.90,1.8625,true,1,14186
7290010777297,false,פיתות עבודת יד10 יח'/ פיתה ביס לבן 12 יח',מגוון שיווק והפצת מא,IL,פיתות ביס עגול/ריבוע/עבודת יד 10 יחידות,יחידה,10.00,יחידה,false,1,14.90,1.4900,true,1,14184
7290010777358,false,מארז שמיניית פיתות 100% כוסמין מלא,מגוון שיווק והפצת מא,IL,פיתה כוסמין 8 יחידות,יחידה,10.00,יחידה,false,1,17.90,1.7900,true,1,15401
7290010777488,false,פיתה מחמצת 100% קמח מלא פיתה אקספרס,מאפיית ביכורים מזון,IL,מארז 8יח פיתה מחמצת קמח מלא 500גר,יחידה,8.00,יחידה,false,1,16.90,2.1125,true,1,48593
7290010777525,false,מארז שישייה פיתות כוסמין פיתה אקספרס,מאפיית ביכורים מזון,IL,מארז 6יח פיתה כוסמין דק,יחידה,6.00,יחידה,false,1,17.90,2.9833,true,1,48594
7290010791538,false,מזון חתולים לה קט דליקטס עוף גורמה 85 גרם,"הייקיו, תאילנד",TH,לה קט דליקטס עוף גורמה 85 גר,Unknown,0.00,Unknown,false,1,5.60,0.0000,true,1,4892
7290010791545,false,מזון חתולים לה קט דליקטס פטה כבד 85 גרם,"הייקיו, תאילנד",TH,לה קט דליקטס פטה כבד עוף 85 גר,Unknown,0.00,Unknown,false,1,5.60,0.0000,true,1,4894
7290010814244,false,שלשות שוקולד מריר 85 גרם*3 בלמינט *18 בקרטון,"כרמית תעשיות ממתקים בע""\",IL,מארז 3 יח שוקולד אגו 44% מריר 85גר,גרמים,255.00,100 גרם,false,1,12.90,5.0588,true,1,5774
7290010814251,false,שלשות שוקולד חלב 85 גר*3 בלמינט*18 בקרט בדצ,"כרמית תעשיות ממתקים בע""\",IL,מארז 3 יח שוקולד אגו חלב 85 גר,גרמים,255.00,100 גרם,false,1,12.90,5.0588,true,1,5775
7290010814695,false,שוקולד מריר פרווה ללא תוספת סוכר כרמית 85 גרם,כרמית תעשיות ממתקים בעמ,IL,שוקולד מריר ללא סוכר 85 ג כרמית,Unknown,0.00,Unknown,false,1,5.90,0.0000,true,1,4826
7290010814701,false,שוקולד חלב ללא תוספת סוכר וסטהיים,"כרמית תעשיות ממתקים בע""\",IL,שוקולד חלב ללא סוכר 85 ג כרמית,Unknown,0.00,Unknown,false,1,5.90,0.0000,true,1,4825
7290010822430,false,סאן בנדטו זכוכית 1לי,טמפו 7.5%,,מים סן בנדטו 1ל זכוכית פקדון,ליטרים,1.00,ליטר,false,1,10.00,10.0000,true,1,10441
7290010838219,false,ממתיק על בסיס צמח הסטיביה - שקיות,"קיפל טבליות וממתיקים בע""מ",IL,ממתיק סטיביה מרמולייט 100 שקיות,יחידה,100.00,יחידה,false,1,26.90,0.2690,true,1,9475
7290010838424,false,ג'ל לניקוי מתקדם בניחוח רענן - מארז זוג,"איטיליאן פוד, אס.פי.",NL,זוג נוזל אסלה טואלט דאק 750 מל ירוק,ליטרים,1.50,ליטר,false,1,17.90,11.9333,true,1,4268
7290010839865,false,רוטב רכז רימונים ויליפוד 320 ג',ניו ג'רסי סטאר סנקס,TR,רוטב רימונים 320 גר,גרמים,320.00,100 גרם,false,1,10.90,3.4063,true,1,5513
7290010849727,false,יין קאווה ריאל אימפר,ספרד קובידס (קסניוס,,יין קאווה ריאל אימפריאל ברוט 750מל פקדון,מיליליטרים,750.00,"100 מ""ל",false,1,40.00,5.3333,true,1,9192
7290010849734,false,יין קאווה ריאל אימפר,ספרד קובידס (קסניוס,,יין קאווה ריאל אימפריאל סמי 750מל פקדון,מיליליטרים,750.00,"100 מ""ל",false,1,40.00,5.3333,true,1,9193
7290010883042,false,"סנובון נוזלי אפקט קצף פעיל רענן תות 750 מ""ל",סנו מפעלי ברונוס בעמ,IL,סנובון נוזלי בניחוח רענן 750 מל,מיליליטרים,750.00,"100 מ""ל",false,1,10.90,1.4533,true,1,4806
7290010883363,false,כפפות אלוורה רב שימושיות קטנות S סנו סושי,האי נאם סי או אל.טי.,CN,זוג כפפות אלוורה סנו סושי קטן,יחידה,1.00,יחידה,false,1,11.90,11.9000,true,1,4919
7290010883370,false,כפפות אלוורה רב שימושיות בינוניות M סנו סושי,האי נאם סי או אל.טי.,CN,זוג כפפות אלוורה סנו סושי בינוני,יחידה,1.00,יחידה,false,1,11.90,11.9000,true,1,4920
7290010945146,false,קוטג' 3% מועשר בסידן טרה 250 ג' מהדרין,קריות זול,IL,גבינת קוטג 3% מועשר 250 ג,גרמים,250.00,100 גרם,false,1,6.00,2.4000,true,1,4302
7290010945306,false,חלב בקרטון 3% 2 ליטר טרה,הפריט בפיקוח,IL,חלב 3% בקרטון 2 ל***,ליטרים,2.00,ליטר,false,1,12.46,6.2300,true,1,4471
7290010945450,false,גבינה לבנה 3% 250 גר מועשר בסידן וויטמין,הפריט בפיקוח,IL,גבינה לבנה 3% 250 ג,גרמים,250.00,100 גרם,false,1,4.90,1.9600,true,1,4462
7290010945481,false,גבינה לבנה טרה 5% מרכיבים טבעיים,הפריט בפיקוח,IL,גבינה לבנה 5% 500 גרם***,גרמים,500.00,100 גרם,false,1,9.96,1.9920,true,1,4464
7290010955015,false,יין קינוח רימונים 500 מל,יקב רימון,,יין רימון קינוח 500 מל,מיליליטרים,500.00,"100 מ""ל",false,1,80.00,16.0000,true,1,4709
7290010955039,false,יין בסגנון פורט רימונים 750 מל,יקב רימון,,יין רימון פורט 750 מל פקדון,מיליליטרים,750.00,"100 מ""ל",false,1,110.00,14.6667,true,1,4710
7290010955619,false,"יין רימונים 750 מ""ל lightly",יקב רימון,IL,יין רימון GHTLY דיסירט 750 מל,מיליליטרים,750.00,"100 מ""ל",false,1,60.00,8.0000,true,1,22192
7290010955800,false,יין אדום סמי סוויט 750 מל,יקב רימון,,יין רימון אדום חצי יבש 750 מל,מיליליטרים,750.00,"100 מ""ל",false,1,70.00,9.3333,true,1,8497
7290010955817,false,"יין רימון איזי פורט 750 מ""ל",יקב רימון,,יין רימון איזי פורט 750 מל,מיליליטרים,750.00,"100 מ""ל",false,1,85.00,11.3333,true,1,8498
7290010955961,false,יין רימון יבש חדש 75,יקב רימון,,יין רימון יבש חדש 750 מל,מיליליטרים,750.00,"100 מ""ל",false,1,85.00,11.3333,true,1,22193
7290011015862,false,"פריגת סירופ דיאט לימונענע 750 מ""ל",סירופ - גבעת חיים,IL,סירופ דיאט פריגת לימונענע 750 מל בקבוק,מיליליטרים,750.00,"100 מ""ל",false,1,25.90,3.4533,true,1,7154
7290011015985,false,"סירופ בטעם דיאט אננס 750 מ""ל פריגת",סירופ - גבעת חיים,IL,סירופ דיאט פריגת אננס 750 מל בקבוק,מיליליטרים,750.00,"100 מ""ל",false,1,25.90,3.4533,true,1,39285
7290011017866,false,קוקה קולה קלאסי בפחית,החברה המרכזית לייצור משקאות,IL,קוקה קולה פחית 330 פקדון,מיליליטרים,330.00,"100 מ""ל",false,1,5.90,1.7879,true,1,9553
7290011017873,false,"פחיות קוקה קולה זירו 330 מ""ל",החברה המרכזית לייצור משקאות,IL,קוקה קולה זירו פחית 330 פקדון,מיליליטרים,330.00,"100 מ""ל",false,1,5.90,1.7879,true,1,9555
7290011017880,false,דיאט קוקה קולה פחית סליק 330מל,החברה המרכזית לייצור משקאות,IL,קוקה קולה דיאט פחית 330 פקדון,מיליליטרים,330.00,"100 מ""ל",false,1,5.90,1.7879,true,1,9554
7290011018368,false,ויינשטפן בירת חיטה לא מסוננת,"ויינשטפן, ת.ד 1155 פ",DE,מארז 6יח בירה ויינשטפן 330מל פקדון,מיליליטרים,1980.00,"100 מ""ל",false,1,69.90,3.5303,true,1,9983
7290011018443,false,"פנטה אורנג פחית סליק 330 מ""ל",החברה המרכזית לייצור משקאות,IL,משקה פאנטה אורנג פחית 330 פקדון,מיליליטרים,330.00,"100 מ""ל",false,1,5.90,1.7879,true,1,10492
7290011026066,false,"ד""ר פישר - סרקל שמפו + מרכך לילדים 1 ליטר",פישר מעבדות פרמצבטיות בע,IL,שמפו+מרכך סרקל 1 ל,ליטרים,1.00,ליטר,false,1,28.90,28.9000,true,1,4868
7290011026301,false,"ד""ר פישר - שמפו לשיער כסוף 400 מ""ל",פישר מעבדות פרמצבטיות,IL,שמפו לשיער כסוף 400מל דר פישר,מיליליטרים,400.00,"100 מ""ל",false,1,22.90,5.7250,true,1,20172
7290011026523,false,שמפו לתינוק לפני השינה Senstive עם לבנדר וקמומיל,פישר מעבדות פרמצבטיות בע,IL,שמפו סנסטיב לפני שינה אל דמע 500 מל משאב,מיליליטרים,500.00,"100 מ""ל",false,1,22.90,4.5800,true,1,5590
7290011026530,false,ק.ב סנסטיב אל סבון לבנדר קמומיל לפני השינה 500 מ,פישר מעבדות פרמצבטיות בע,IL,אלסבון סנסטיב לפני שינה 500 מל משאבה,מיליליטרים,500.00,"100 מ""ל",false,1,22.90,4.5800,true,1,5591
7290011064020,false,בולגרית למריחה בטעמים 200 גר,גבינות אמיר ניצן בעמ,IL,גבינה בולגרית בעיר 200 גרם,גרמים,200.00,100 גרם,false,1,12.90,6.4500,true,1,5640
7290011064075,false,מעדן לבנה מסבחה -אבו גוש 200 גרם,גבינות אמיר ניצן בעמ,IL,לאבנה אבו גוש פלוס 200 גר,גרמים,200.00,100 גרם,false,1,12.90,6.4500,true,1,6168
7290011064099,false,ירקות או פרות ממולאים במעדן גבינה ניצן 125 גרם,גבינות אמיר ניצן בעמ,IL,פלפלים ממולאים טאפס שכונתי 125גר,גרמים,125.00,100 גרם,false,1,19.90,15.9200,true,1,8372
7290011064273,false,מעדן חמאה עם פורציני100ג,גבינות אמיר ניצן בעמ,IL,חמאת פורציני 100 גרם,גרמים,100.00,100 גרם,false,1,19.90,19.9000,true,1,16037
7290011065416,false,פלפל שחור מטחנה מימונס 60 גרם,"א.ל ייצור ושיווק תבלינים בע""מ",IL,פלפל שחור מטחנה 60 גר,Unknown,0.00,Unknown,false,1,17.90,0.0000,true,1,19037
7290011065423,false,תבלין מלח ים מטחנה 90 גר,א.ל ייצור ושיווק תבלינים,IL,מלח ים במטחנהה 130 גר,Unknown,0.00,Unknown,false,1,17.90,0.0000,true,1,19164
7290011065430,false,צ'ילי מטחנה מימונס 50 גרם,א.ל ייצור ושיווק תבל,,פלפל צילי מטחנה 50 גר,Unknown,0.00,Unknown,false,1,17.90,0.0000,true,1,19038
7290011065447,false,תבלין לפיצה מטחנה מימונס 50 גרם,"א.ל ייצור ושיווק תבלינים בע""מ",IL,תבלין לפיצה מטחנה 50 גר,Unknown,0.00,Unknown,false,1,17.90,0.0000,true,1,19039
7290011081492,false,גלידה בטעם שלושה שוקולדים 1.33ל' קרמיסימו,"גלידת שטראוס בע""\מ, רחוב",IL,גל.קרמיסימו שרבט 3 שוקולדים 1.33 ל,ליטרים,1.33,ליטר,false,1,19.90,14.9624,true,1,5292
7290011081690,false,קרמיסימו פרווה שוקו ציפ+וניל ציפ 1.33ל,"גלידת שטראוס בע""\מ, רחוב",IL,גל.קרמיסימו שוקו/וניל ציפס פרווה1.33 ל,ליטרים,1.33,ליטר,false,1,19.90,14.9624,true,1,5767
7290011110000,false,חסה רומית שלמה יחידה,יגור חקלאות ועסקים,IL,חסה רומית יח,Unknown,0.00,Unknown,false,1,9.90,0.0000,true,1,5286
7290011110024,false,חסה סלנובה יח,,,חסה סלנובה יח,Unknown,0.00,Unknown,false,1,11.90,0.0000,true,1,19987
7290011110079,false,בזיליקום.,,,בזיליקום,Unknown,0.00,Unknown,false,1,6.90,0.0000,true,1,33464
7290011110093,false,עלי מנגולד,,,עלי מנגולד,Unknown,0.00,Unknown,false,1,8.90,0.0000,true,1,33466
7290011110116,false,תרד ניו-זילנדי,,,תרד ניוזלנדי,Unknown,0.00,Unknown,false,1,9.90,0.0000,true,1,33467
7290011110123,false,עירית,,,עירית,Unknown,0.00,Unknown,false,1,6.90,0.0000,true,1,33468
7290011110130,false,רוקולה גדול,,,רוקולה גדול,Unknown,0.00,Unknown,false,1,9.90,0.0000,true,1,33470
7290011110154,false,קורנית (טימין),,,קורנית,Unknown,0.00,Unknown,false,1,6.90,0.0000,true,1,33475
7290011110512,false,חסה לאליק 280גרם,חקלאי,IL,חסה מסולסלת יח,Unknown,0.00,Unknown,false,1,11.90,0.0000,true,1,40899
7290011115159,false,סבון מוצק מועשר בקרם לחות ניחוח פרחים נקה 7 4*100 גרם,גליל כימיקלים בעמ,IL,מארז 4 יח סבון נקה 7 מוצק קופליה מועשר,גרמים,400.00,100 גרם,false,1,11.90,2.9750,true,1,5540
7290011115166,false,נקה 7 ארומה סבון נוזלי לבנדר 1 ל',טרופיקל דגיל תעשיות,IL,אלסבון נקה 7 ארומה 1 ל לבנדר,ליטרים,1.00,ליטר,false,1,12.90,12.9000,true,1,4800
7290011115173,false,נקה 7 ארומה סבון נוזלי וניל 1 ל',טרופיקל דגיל תעשיות,IL,אלסבון נקה 7 ארומה 1 ל וניל,ליטרים,1.00,ליטר,false,1,12.90,12.9000,true,1,4776
7290011115203,false,אל סבון מוצק מבושם בניחוח עדין קלאסיק - מארז רביעיה,טרופיקל דגיל תעשיות,IL,מארז 4 יח סבון נקה 7 מוצק ורוד,גרמים,400.00,100 גרם,false,1,11.90,2.9750,true,1,5543
7290011115241,false,אל סבון ארומטי מוצק ורוד ורד ויסמין - מארז רביעיה,"גליל כימיכלים בע""מ",IL,מארז 4 יח סבון נקה 7 מוצק כחול,גרמים,400.00,100 גרם,false,1,11.90,2.9750,true,1,5538
7290011115258,false,אל סבון מוצק מבושם בניחוח עדין קלאסיק - מארז רביעיה,"גליל כימיכלים בע""מ",IL,מארז 4 יח סבון נקה 7 מוצק ירוק,גרמים,400.00,100 גרם,false,1,11.90,2.9750,true,1,5539
7290011115265,false,מארז סבון מוצק ארומה אל סבון מועשר בשמנים ארומטיים,"גליל כימיכלים בע""מ",IL,מארז 4 יח סבון נקה 7 מוצק לגבר מועשר,גרמים,400.00,100 גרם,false,1,11.90,2.9750,true,1,5541
7290011115272,false,אל סבון מוצק מועשר בקרם לחות צמחים - מארז רביעיה,קוסמופארם בע''מ,IL,מארז 4 יח סבון נקה 7 מוצק ירוק מועשר,גרמים,400.00,100 גרם,false,1,11.90,2.9750,true,1,5542
7290011115289,false,אל סבון מוצק מבושם בניחוח עדין קלאסיק - מארז רביעיה,"גליל כימיכלים בע""מ",IL,מארז 4 יח סבון נקה 7 מוצק לילך,גרמים,400.00,100 גרם,false,1,11.90,2.9750,true,1,5537
7290011115296,false,אל סבון מוצק מועשר בקרם לחות לבנדר - מארז רביעיה,נקה 7,,מארז 4 יח סבון נקה 7 מוצק שחור מועשר,גרמים,400.00,100 גרם,false,1,11.90,2.9750,true,1,5544
7290011115401,false,אל סבון ארומטי מוצק צהוב קמומיל - רביעייה,נקה 7,IL,מארז 4 יח סבון נקה 7 מוצק לבן,Unknown,0.00,Unknown,false,1,11.90,0.0000,true,1,6412
7290011126209,false,הגן הקסום תה טעם תפוח וקינמון סיידר ויסוצקי 25 יח',תה ויסוצקי,IL,תה גן הקסום תפוח קינמון 2.4ג 25ש,יחידה,25.00,יחידה,false,1,18.50,0.7400,true,1,4794
7290011126216,false,תה רויבוש קלאסי ויסוצקי 25 יחידות,תה ויסוצקי,IL,רוייבש תה קלאסי 2 ג 25 שק,יחידה,25.00,יחידה,false,1,25.90,1.0360,true,1,4680
7290011126452,false,הגן הקסום תה בטעם קמומיל ונענע ויסוצקי 25 יחידות,תה ויסוצקי,IL,תה גן הקסום קמומיל נענע 1.5ג25שק,יחידה,25.00,יחידה,false,1,18.50,0.7400,true,1,5633
7290011126469,false,חליטת צמחים וקמומיל הגן הקסום ויסוצקי 25 יחידות,תה ויסוצקי,IL,תה גן הקסום קמומיל דבש 1.5ג25שק,יחידה,25.00,יחידה,false,1,18.50,0.7400,true,1,5634
7290011126940,false,תה ירוק ויסוצקי בתוספת מרווה 25 שקיקים,ויסוצקי ירוק,IL,תה ירוק מרווה 1.5 ג 25 שק,יחידה,25.00,יחידה,false,1,24.90,0.9960,true,1,6408
7290011126957,false,תה ירוק ויסוצקי ארל גריי 25 שקיקים,ויסוצקי ירוק,IL,תה ירוק ארל גריי 1.5 ג 25 שק,יחידה,25.00,יחידה,false,1,24.90,0.9960,true,1,6407
7290011131050,false,גרנולה בתוספת פקאן 1 קילו גרין,ויטליאה ניקולה דו,MK,תערובת גרנולה אגוז פקאן 1 קג ספץ,קילוגרמים,1.00,"ק""ג",false,1,22.90,22.9000,true,1,10316
7290011131371,false,"מוזלי שקדים ואגוזים 1 ק""ג גרין",ויטליאה ניקולה דו,MK,תערובת מיזלי גרין שקדים 1 קג,קילוגרמים,1.00,"ק""ג",false,1,22.90,22.9000,true,1,5811
7290011131388,false,מיזלי 1 קג קרנצ תפוח&קינמ,ויטליאה ניקולה דו,MK,תערובת מיזלי גרין קראנץ תפוח קינמון 1קג,קילוגרמים,1.00,"ק""ג",false,1,22.90,22.9000,true,1,5810
7290011131395,false,"מוזלי בתוספת 30% פירות 1 ק""ג גרין",ויטליאה ניקולה דו,MK,תערובת מיזלי גרין קראנץ 1 קג,קילוגרמים,1.00,"ק""ג",false,1,22.90,22.9000,true,1,5809
7290011131616,false,מוזלי אגוזים מופח.שומן1ק,ויטליאה ניקולה דו.,MK,תערובת מיזלי גרין שקדים 1מ.שומן קג,קילוגרמים,1.00,"ק""ג",false,1,22.90,22.9000,true,1,12814
7290011131654,false,מוזלי קראנצ'י ביג מיקס עם פירות ואגוזים,ויטליה ניקולא דו,MK,תערובת מיזלי גרין ביג מיקס1 קג,קילוגרמים,1.00,"ק""ג",false,1,22.90,22.9000,true,1,12813
7290011131968,false,"גרנולה בתוספת שקדים ואגוזים גרין 1 ק""ג",ויטליה ניקולא דו,MK,תערובת גרנולה אגוזים 1 קג ספץ,קילוגרמים,1.00,"ק""ג",false,1,22.90,22.9000,true,1,7422
7290011131975,false,גרנולה בתוספת פירות מיובשים ומסוכרים,ויטליאה ניקולה דו,MK,תערובת גרנולה פירות 1 קג ספץ,קילוגרמים,1.00,"ק""ג",false,1,22.90,22.9000,true,1,7421
7290011132507,false,סן בנדטו- מים מנרליים - מוגז עדין 500 מל,אקווה מינרלה סאן בנדטו ב,IT,מים מינרלים סן בנדטו מוגז 500 מל פיקדון,מיליליטרים,500.00,"100 מ""ל",false,1,7.00,1.4000,true,1,5484
7290011132552,false,"רביעיית בירה פאולנר בקבוק 330 מ""ל",מבשלת פאולנר,DE,מארז 4יח בירה פאולנר 330 מל פיקדון,מיליליטרים,1320.00,"100 מ""ל",false,1,36.90,2.7955,true,1,5578
7290011132583,false,"פפסי מקס ליים 500 מ""ל מארז שישייה","טמפו משקאות בע""\מ",IL,משקה פפסי מקס 6יחידות 500מל בק. פקדון,מיליליטרים,3000.00,"100 מ""ל",false,4,23.90,0.7967,true,1,39322
7290011133368,false,"בירה שנדי, בירה בטעם תפוח, מארז שישייה, בקבוק 330 מ''ל","טמפו משקאות בע""מ",IL,מארז 6יח בירה שנדי תפוח בק330מל פיקדון,מיליליטרים,1980.00,"100 מ""ל",false,1,29.90,1.5101,true,1,6680
7290011133375,false,בירה שנדי בתוספת משקה אפרסק - שישייה,"טמפו משקאות בע""מ",IL,מארז 6יח בירה שנדי אפרסק בק330מל פיקדון,מיליליטרים,1980.00,"100 מ""ל",false,1,29.90,1.5101,true,1,6681
7290011133634,false,"פפסי מקס פחית צרה מארז שישייה 330 מ""ל","טמפו משקאות בע""\מ",IL,מארז שישיית פפסי מקס פחיות 330מל פקדון,מיליליטרים,1980.00,"100 מ""ל",false,4,18.90,0.9545,true,1,29435
7290011154035,false,"תרכיז תפוחים סחוט טעמי הגליל 500 מ""ל",טעמי הגליל,IL,תרכיז תפוח טבעי סחוט טעמי הגליל 500 מל,מיליליטרים,500.00,"100 מ""ל",false,1,19.90,3.9800,true,1,33250
7290011154080,false,"תרכיז תפוחים צלול טעמי הגליל 500 מ""ל",טעמי הגליל,IL,תרכיז תפוח צלול טעמי הגליל 500 מל,מיליליטרים,500.00,"100 מ""ל",false,1,19.90,3.9800,true,1,33249
7290011154882,false,"תרכיז תפוזים 500 מ""ל טעמי הגליל",טעמי הגליל,IL,תרכיז תפוזים טבעי טעמי הגליל 500 מל,מיליליטרים,500.00,"100 מ""ל",false,1,26.90,5.3800,true,1,47759
7290011154899,false,"תרכיז ענבים ותפוחים 500 מ""ל טעמי הגליל",טעמי הגליל,IL,תרכיז תפוחים ענבים טבעי טעמי הגליל500 מל,מיליליטרים,500.00,"100 מ""ל",false,1,26.90,5.3800,true,1,47760
7290011174040,false,גזר ננסי 800 גרם פרי הגליל,פרי הגליל בעמ,IL,גזר ננסי קטנציק קפוא 800 גר פרי גליל,גרמים,800.00,100 גרם,false,1,10.90,1.3625,true,1,5044
7290011174866,false,צ'יפס בטטה פרי הגליל 700 גרם,פרי הגליל,IL,ציפס בטטה 700 גר,גרמים,700.00,100 גרם,false,1,14.90,2.1286,true,1,5498
7290011194215,false,מעדן גבינה ויוגורט בטעם בננה 5% שומן 88 ג' דניאלה,"שטראוס בריאות בע""מ",IL,מעדן דניאלה בננה 100 גרם,גרמים,100.00,100 גרם,false,1,4.50,4.5000,true,1,4349
7290011194246,false,קוטג' 5% עם סידן 250 ג' שטראוס,מיוצר עי קונדיטוריית,IL,קוטג 5% עם סידן 250 ג שטראוס,גרמים,250.00,100 גרם,false,1,5.90,2.3600,true,1,4425
7290011223021,false,רפידות הנקה על בסיס ג'ל באריזה אישית,קריפורט סחר בינלאומי,IL,רפידות הנקה פרש וואנס 30 יח,יחידה,30.00,יחידה,false,1,17.90,0.5967,true,1,4477
7290011223038,false,בונומי עלים לקרמשניט שכבות אפויות מבצק עלים 300 גרם,בונומי ס.פ.א,IT,עלים לקרמשניט בונמי 300 ג,גרמים,300.00,100 גרם,false,1,15.90,5.3000,true,1,7687
7290011223045,false,בישקוטים בונומי 200 גרם,בונומי ס.פ.א,IT,בישקוטים בונמי 200 גרם,גרמים,200.00,100 גרם,false,1,7.00,3.5000,true,1,7688
7290011223229,false,"טואלט דאק ג'ל לאסלה טיפות טל רעננות 55 מ""ל","איטיליאן פוד, אס.פי.",IT,ט.דאק גל אסלה טיפות טל רעננות 55 מל,Unknown,0.00,Unknown,false,1,9.90,0.0000,true,1,4566
7290011223243,false,"טואלט דאק ג'ל לאסלה בניחוח לבנדר 55 מ""ל","איטיליאן פוד, אס.פי.",IT,טואלט דאק גל אסלה ניחוח לבנדר 55 מל,Unknown,0.00,Unknown,false,1,9.90,0.0000,true,1,4565
7290011236649,false,"נטיפי שוקולד ציפס אמיתי 300 גר' 54% מוצקי קקאו (בד""ץ)",קריות זול,IL,שוקולד ציפס בלגי 54% 300 גר,גרמים,300.00,100 גרם,false,1,11.90,3.9667,true,1,5470
7290011240004,false,יין מלבק דור 5 750 מ,יקב 1848,,יין מלבק דור 5 750 מל,מיליליטרים,750.00,"100 מ""ל",false,1,70.00,9.3333,true,1,46776
7290011240547,false,יין רוזה דור 2 750 מ,יקב 1848,,יין רוזה דור 2 750 מל פקדון,מיליליטרים,750.00,"100 מ""ל",false,1,60.00,8.0000,true,1,11537
7290011240578,false,יין זנים לבנים דור 5,יקב 1848,,יין זנים לבנים דור 5 750מל פקדון,מיליליטרים,750.00,"100 מ""ל",false,1,70.00,9.3333,true,1,11540
7290011240585,false,יין ק. סוביניון דור,יקב 1848,,יין ק. סוביניון דור 7 750 מל פקדון,מיליליטרים,750.00,"100 מ""ל",false,1,110.00,14.6667,true,1,11542
7290011240752,false,יין שרדונה סוביניון,יקב 1848,,יין שרדונה סוביניון ב. דור2 750 מל פקדון,מיליליטרים,750.00,"100 מ""ל",false,1,60.00,8.0000,true,1,18399
7290011240943,false,יין קברנה רזרב 750מל,יקבי ציון,,יין קברנה רזרב 750מל פקדון,מיליליטרים,750.00,"100 מ""ל",false,1,150.00,20.0000,true,1,11543
7290011249212,false,וופל עלמה בלגי לימון 200 גר' ללא סוכר,"גילרו בע""מ",IL,וופל עלמה לימון גילרו 200 גר,גרמים,200.00,100 גרם,false,1,3.50,1.7500,true,1,8536
7290011249748,false,רולים גלילי ופל במילוי קרם שוקולד 100 ג' עלמה,"גילרו בע""מ",IL,גלילי וופל רול עלמה שוקו 100 גר,גרמים,100.00,100 גרם,false,1,4.00,4.0000,true,1,12446
7290011249755,false,רולים גלילי ופל במילוי קרם אגוזים 100 ג' עלמה,"גילרו בע""מ",IL,גלילי וופל רול עלמה אגוזים 100 גר,גרמים,100.00,100 גרם,false,1,4.00,4.0000,true,1,12447
7290011263270,false,דמי פיקדון למיכל גז,,,דמי פקדון למיכל 60 סודה סטרים,Unknown,0.00,Unknown,false,1,95.90,0.0000,true,1,12087
7290011303570,false,מעדן רימון דודה ברטה,,IL,מעדן רימון דודה ברטה 284 גרם,גרמים,284.00,100 גרם,false,6,15.90,5.5986,true,1,48975
7290011303587,false,קונפיטורה ללא סוכר ת,,IL,מעדן תפוח קינמון דודה ברטה 284 גרם,גרמים,284.00,100 גרם,false,6,15.90,5.5986,true,1,48976
7290011343002,false,"שמן זית קורנייקי 750 מ""ל",,IL,שמן זית קורנייקי 750 מל ארץ גשור,מיליליטרים,750.00,"100 מ""ל",false,1,49.90,6.6533,true,1,8545
7290011343026,false,"שמן זית פישולין 750 מ""ל",,IL,שמן זית פישולין 750 מל ארץ גשור,מיליליטרים,750.00,"100 מ""ל",false,1,49.90,6.6533,true,1,8546
7290011343033,false,שמן זית לצינו 750 מל,,,שמן זית לצינו 750 מל ארץ גשור,מיליליטרים,750.00,"100 מ""ל",false,1,49.90,6.6533,true,1,8544
7290011343064,false,"שמן זית סורי 750 מ""ל",,IL,שמן זית סורי 750 מל ארץ גשור,מיליליטרים,750.00,"100 מ""ל",false,1,49.90,6.6533,true,1,8982
7290011343170,false,שמן זית פיקואל גשור 750 מל,,,שמן זית פיקואל 750 מל ארץ גשור,מיליליטרים,750.00,"100 מ""ל",false,1,49.90,6.6533,true,1,8548
7290011343187,false,שמן זית קורטינה ארץ גשור 750 מל,,,שמן זית קורטינה 750 מל ארץ גשור,מיליליטרים,750.00,"100 מ""ל",false,1,49.90,6.6533,true,1,8551
7290011343194,false,"שמן זית ארבקינה 750 מ""ל",,IL,שמן זית ארבקינה 750 מל ארץ גשור,מיליליטרים,750.00,"100 מ""ל",false,1,49.90,6.6533,true,1,8550
7290011343316,false,שמן זית ברנע ארץ גשור 750 מל,,,שמן זית ברנע 750 מל ארץ גשור,מיליליטרים,750.00,"100 מ""ל",false,1,49.90,6.6533,true,1,8549
7290011378028,false,חלבה קלאסית וניל ללא תוספת סוכר בארכה 350 גרם,"רושדי תעשיות מזון בע""\מ",IL,חלבה ללא סוכר שומשום מלא 350 ג בארכה,גרמים,350.00,100 גרם,false,1,15.90,4.5429,true,1,5675
7290011378233,false,"חטיפי חלווה בארכה 126 גרם מארז 7 יחידות לל""ס","רושדי תעשיות מזון בע""\מ",IL,מארז7יח חטיף חלבה וניל ל.ס.18 גר,גרמים,126.00,100 גרם,false,1,11.90,9.4444,true,1,10648
7290011378257,false,חטיף חלבה בטעם וניל ללא תוספת סוכר בתוספת פיסטוק ופקאן,"רושדי תעשיות מזון בע""\מ",IL,מארז7יח חטיף חלבה פקאן ל.ס18גר,גרמים,126.00,100 גרם,false,1,11.90,9.4444,true,1,10711
7290011378769,false,חטיף חלווה וניל בארכה 126 גרם מארז 7 יחידות,"רושדי תעשיות מזון בע""\מ",IL,מארז7יח חטיף חלבה וניל 18 גר,גרמים,126.00,100 גרם,false,1,11.90,9.4444,true,1,9656
7290011378776,false,חטיף חלווה פיסטוק בארכה 126 גרם מארז 7 יחידות,"רושדי תעשיות מזון בע""\מ",IL,מארז7יח חטיף חלבה פיסטוק18גר,גרמים,126.00,100 גרם,false,1,11.90,9.4444,true,1,9658
7290011402129,false,ציפס פלחים 1 קג,,,ציפס פלחים 1 קג,קילוגרמים,1.00,"ק""ג",false,1,11.90,11.9000,true,1,37611
7290011428358,false,קרקר שיפון חמניות200,,,קרקר שיפון חמניות200 גר,גרמים,200.00,100 גרם,false,1,29.90,14.9500,true,1,8287
7290011438142,false,"משקה יטבתה אייס קפה בבקבוק אישי 350 מ""ל",שטראוס גרופ,IL,משקה חלב טעם קפה יוטבתה בקבוק 350 מל,מיליליטרים,350.00,"100 מ""ל",false,1,6.60,1.8857,true,1,5206
7290011447014,false,מטרנה דייסת סלט פירות 200 גרם,מטרנה תעשיות ש.מ,IL,דייסת מטרנה סלט פירות 200 גר,גרמים,200.00,100 גרם,false,1,15.90,7.9500,true,1,4790
7290011447267,false,מטרנה פרימיום חלבי שלב 1 700 גרם חיסכון,מטרנה תעשיות ש.מ,IL,מטרנה פרימיום שלב 1 700 גר,גרמים,700.00,100 גרם,false,1,65.90,9.4143,true,1,5822
7290011447281,false,מטרנה פרימיום חלבי שלב 2 700 גרם חיסכון,מטרנה תעשיות ש.מ,IL,מטרנה פרימיום שלב 2 700 גר,גרמים,700.00,100 גרם,false,1,65.90,9.4143,true,1,5823
7290011447304,false,מטרנה פרימיום חלבי שלב 3 700 גרם חיסכון,מטרנה תעשיות ש.מ,IL,מטרנה פרימיום שלב 3 700 גרם,גרמים,700.00,100 גרם,false,1,65.90,9.4143,true,1,5824
7290011461058,false,גומא - מקלות ריחניים,יושלם,,מפיץ ריח גומא 100 מל,מיליליטרים,100.00,"100 מ""ל",false,1,20.00,20.0000,true,1,8422
7290011473006,false,קינואה אורגני לבנה 500 גרם,תבואות,BO,קינואה אורגנית 500 גר תבואות,גרמים,500.00,100 גרם,false,1,15.90,3.1800,true,1,7208
7290011473051,false,קוואקר עבה אורגני 500 גרם,ארוז ע' תבואות,GB,קוואקר עבה אורגני 500 גר תבואות,גרמים,500.00,100 גרם,false,1,10.90,2.1800,true,1,7209
7290011473068,false,אורז פרא מעורב אורגני 500 גרם,תבואות,IL,אורז מעורב אורגני 500 גר תבואות,גרמים,500.00,100 גרם,false,1,18.90,3.7800,true,1,7210
7290011473082,false,אורז בסמטי מלא אורגני 500 גר,תבואות,IN,אורז בסמטי אורגני 500 גר תבואות,גרמים,500.00,100 גרם,false,1,13.90,2.7800,true,1,7211
7290011473099,false,אורז עגול מלא אורגני 500 גר,תבואות,IT,אורז עגול אורגני 500 גר תבואות,גרמים,500.00,100 גרם,false,1,10.50,2.1000,true,1,7212
7290011473112,false,אורז אדום אורגני 500 גרם תבואות,תבואות,,אורז אדום אורגני 500 גר תבואות,גרמים,500.00,100 גרם,false,1,17.00,3.4000,true,1,7213
7290011473129,false,גרעיני חמניות קלוף אורגני 300 גרם,אורז ע'י,CN,גרעיני חמניות מקולף אורגני 300 גר תבואות,גרמים,300.00,100 גרם,false,1,10.90,3.6333,true,1,7214
7290011473136,false,גרעיני דלעת קלוף אורגני 300 גרם,אורז ע'י,CN,גרעיני דלעת מקולף אורגני 300 גר תבואות,גרמים,300.00,100 גרם,false,1,16.90,5.6333,true,1,7215
7290011473143,false,קוסקוס אורגני תבואות500ג,תבואות,FR,קוסקוס אורגני 500 גר תבואות,גרמים,500.00,100 גרם,false,1,12.90,2.5800,true,1,7216
7290011473150,false,שומשום מלא אורגני 400 גרם,תבואות,BO,שומשום מלא אורגני 400 גר תבואות,גרמים,400.00,100 גרם,false,1,13.60,3.4000,true,1,7217
7290011473181,false,עדשים שחורים אורגני 500 גרם תבאות,ארוז ע' תבואות,CA,עדשים שחורים אורגני 500 גר תבואות,גרמים,500.00,100 גרם,false,1,15.90,3.1800,true,1,7218
7290011473198,false,"עדשים חומים אורגני 500 גרם ""תבואות""",ארוז ע' תבואות,TR,עדשים חומים אורגני 500 גר תבואות,גרמים,500.00,100 גרם,false,1,12.90,2.5800,true,1,7219
7290011473204,false,עדשים ירוקים אורגני 500 גרם,ארוז ע' תבואות,TR,עדשים ירוקים אורגני 500 גר תבואות,גרמים,500.00,100 גרם,false,1,13.90,2.7800,true,1,7220
7290011473211,false,"עדשים אדומים אורגני 500 גרם ""תבואות""",אורז ע'י,TR,עדשים אדומים אורגני 500 גר תבואות,גרמים,500.00,100 גרם,false,1,12.90,2.5800,true,1,7221
7290011473228,false,אפונה ירוקה אורגנית 500 גרם,תבואות,,אפונה ירוקה אורגנית 500 גר תבואות,גרמים,500.00,100 גרם,false,1,10.20,2.0400,true,1,7222
7290011473242,false,פשתן זרעים אורגני 500 גרם,ארוז ע' תבואות,CN,פשתן זרעים אורגני 500 גר תבואות,גרמים,500.00,100 גרם,false,1,11.50,2.3000,true,1,7223
7290011473259,false,פשתן טחון אורגני 350 גרם,תבואות,CN,פשתן טחון אורגני 350 גר תבואות,גרמים,350.00,100 גרם,false,1,11.90,3.4000,true,1,7224
7290011473266,false,אמרנט אורגני 500 גר תבואות ללא גלוטן,תבואות,,אמרנט אורגני 500 גר תבואות,גרמים,500.00,100 גרם,false,1,15.90,3.1800,true,1,7225
7290011473273,false,בורגול אורגני תבואות,תבואות,TR,בורגול אורגני 500 גר תבואות,גרמים,500.00,100 גרם,false,1,9.90,1.9800,true,1,7226
7290011473280,false,חומוס אורגני תבואות,ארוז ע' תבואות,IL,חומוס אורגני 500 גר תבואות,גרמים,500.00,100 גרם,false,1,10.90,2.1800,true,1,7227
7290011473297,false,גריסי פנינה אורגנים 500 גרם,תבואות,US,גריסי פנינה אורגני 500 גר תבואות,גרמים,500.00,100 גרם,false,1,10.90,2.1800,true,1,7228
7290011473310,false,פולי אזוקי אורגני 500 גרם,תבואות,CN,פולי אזוקי אורגני 500 גר תבואות,גרמים,500.00,100 גרם,false,1,12.90,2.5800,true,1,7230
7290011473327,false,שעועית מש אורגנית 500 גרם,ארוז ע' תבואות,CN,מש אורגני 500 גר תבואות,גרמים,500.00,100 גרם,false,1,14.90,2.9800,true,1,7231
7290011473334,false,שעועית לבנה אורגנית 500 גרם,תבואות,CN,שעועית לבנה אורגנית 500 גר תבואות,גרמים,500.00,100 גרם,false,1,11.90,2.3800,true,1,7232
7290011473341,false,שעועית אדומה אורגנית 500 גרם,תבואות,,שעועית אדומה אורגנית 500 גר תבואות,גרמים,500.00,100 גרם,false,1,11.90,2.3800,true,1,7247
7290011473358,false,שעועית שחורה אורגנית 500 גרם,תבואות,US,שעועית שחורה אורגנית 500 גר תבואות,גרמים,500.00,100 גרם,false,1,10.90,2.1800,true,1,7233
7290011473365,false,תבואות דוחן אורגני,תבואות,US,דוחן אורגני 500 גר תבואות,גרמים,500.00,100 גרם,false,1,10.90,2.1800,true,1,7248
7290011473389,false,קמח כוסמין לבן אורגני 500 גרם,תבואות מוצרי מזון או,IT,קמח כוסמין לבן אורגני 500 גר תבואות,גרמים,500.00,100 גרם,false,1,12.90,2.5800,true,1,7263
7290011473433,false,תבואת בר כוסמת אורגנ,אורז ע'י,CN,כוסמת אורגנית 500 גר תבואות,גרמים,500.00,100 גרם,false,1,11.90,2.3800,true,1,7236
7290011473440,false,גרעיני שיבולת שועל אורגני 500 גרם תבואות,תבואות,GB,שיבולת שועל אורגני 500 גר תבואות,גרמים,500.00,100 גרם,false,1,10.90,2.1800,true,1,7237
7290011473457,false,שומשום שחו אורגני 400 גרם,,CN,שומשום שחור אורגני 400 גר תבואות,גרמים,400.00,100 גרם,false,1,17.00,4.2500,true,1,7239
7290011473464,false,סובין שיבולת שועל אורגנית,אורז ע'י,GB,סובין שיבולת שועל אורגני 400גר תבואות,גרמים,400.00,100 גרם,false,1,11.90,2.9750,true,1,7238
7290011473471,false,אורז בסמטי לבן אורגני 500 גרם,תבואות,IN,אורז בסמטי לבן אורגני 500 גר תבואות,גרמים,500.00,100 גרם,false,1,13.90,2.7800,true,1,7240
7290011473488,false,קמח אורז מלא טבעי 500 גר,תבואות,,קמח אורז מלא טבעי 500 גר תבואות,גרמים,500.00,100 גרם,false,1,10.50,2.1000,true,1,7386
7290011473495,false,שמרי בירה-פתיתים טבעי 200 גר,תבואות,IL,פתיתי שמרי בירה טבעי 200 גר תבואות,גרמים,200.00,100 גרם,false,1,24.50,12.2500,true,1,7266
7290011473525,false,אורז בר שחור טבעי 40,תבואות,US,אורז בר טבעי 400 גר תבואות,גרמים,400.00,100 גרם,false,1,27.90,6.9750,true,1,7267
7290011473556,false,סוכר פירות טבעי 500 גרם תבואות,תבואות,US,סוכר פירות טבעי 500 גר תבואות,גרמים,500.00,100 גרם,false,1,14.90,2.9800,true,1,7269
7290011473570,false,קמח חומוס טבעי 500 גרם תבואות,תבואות מוצרי מזון או,IL,קמח חומוס טבעי 500 גר תבואות,גרמים,500.00,100 גרם,false,1,12.50,2.5000,true,1,7270
7290011473587,false,נבט חיטה טבעי 250 גר,אורז ע'י,IL,נבט חיטה טבעי 250 גר תבואות,גרמים,250.00,100 גרם,false,1,8.20,3.2800,true,1,7271
7290011473594,false,"טחינה אורגנית 1 ק""ג תבואות",,,טחינה אורגנית 1 קג תבואות,קילוגרמים,1.00,"ק""ג",false,1,28.90,28.9000,true,1,19632
7290011473600,false,מלח הימליה דק 500 גר תבואות,תבואות,,מלח הימליה דק 500 גר תבואות,גרמים,500.00,100 גרם,false,1,12.90,2.5800,true,1,11237
7290011473624,false,"טחינה אורגנית מלאה 1 ק""ג תבואות",,,טחינה מלאה אורגנית 1 קג תבואות,קילוגרמים,1.00,"ק""ג",false,1,28.90,28.9000,true,1,7272
7290011473648,false,"סוכר חום אורגני 1 ק""ג ""תבואות""",תבואות,BR,סוכר דמררה אורגני 1 קג תבואות,קילוגרמים,1.00,"ק""ג",false,1,10.90,10.9000,true,1,7241
7290011473655,false,סוכר קנים אורגני 1 קילו,ארוז ע' תבואות,BR,סוכר קנים אורגני 1 קג תבואות,קילוגרמים,1.00,"ק""ג",false,1,10.90,10.9000,true,1,7242
7290011473709,false,קינואה אורגנית תבואו,,BO,קינואה אורגנית 1 קג תבואות,קילוגרמים,1.00,"ק""ג",false,1,29.90,29.9000,true,1,7245
7290011473723,false,הימליה דק שקית 1 קילו תבואות,,,מלח הימליה דק 1 קג תבואות,קילוגרמים,1.00,"ק""ג",false,1,12.90,12.9000,true,1,15726
7290011473860,false,"אבקת שמרי בירה טבעי 250 גרם ""תבואות""",תבואות,FR,אבקת שימרי בירה טבעי 250 גר תבואות,גרמים,250.00,100 גרם,false,1,24.50,9.8000,true,1,7274
7290011473877,false,קינואה אדומה אורגנית 500 גרם,יורופנה,BO,קינואה אדומה אורגנית 500 גר תבואות,גרמים,500.00,100 גרם,false,1,19.90,3.9800,true,1,7250
7290011473884,false,קינואה שחורה אורגנית 500 גרם תבואות,יורופנה,BO,קינואה שחורה אורגנית 500 גר תבואות,גרמים,500.00,100 גרם,false,1,19.90,3.9800,true,1,7251
7290011473891,false,עדשים צהובים אורגני 500 גרם,תבואות,TR,עדשים צהובים אורגנים 500 גר תבואות,גרמים,500.00,100 גרם,false,1,12.90,2.5800,true,1,7252
7290011473907,false,סובין חיטה טבעי 200 גרם,תבואות,IL,סובין חיטה טבעי 200 גר תבואות,גרמים,200.00,100 גרם,false,1,6.10,3.0500,true,1,7275
7290011473921,false,סובין שיבולת שועל טבעי 500 גרם,תבואות,,סובין שיבולת שועל טבעי 500 גר תבואות,גרמים,500.00,100 גרם,false,1,14.50,2.9000,true,1,7276
7290011473952,false,קוואקר מהיר הכנה טבעי 400 גר,ארוז ע' תבואות,GB,קוואקר מהיר הכנה טבעי 400 גר תבואות,גרמים,400.00,100 גרם,false,1,6.50,1.6250,true,1,7278
7290011473969,false,קינואה טריו אורגנית 500 גרם,תבואות,BO,קינואה טריו אורגנית 500 גר תבואות,גרמים,500.00,100 גרם,false,1,21.90,4.3800,true,1,7207
7290011474003,false,שמן קוקוס אורגני כתית 300 גר תבואות,אדמג'י לוקומנג'י,,שמן קוקוס כתית אורגני 300 מל תבואות,מיליליטרים,300.00,"100 מ""ל",false,1,18.90,6.3000,true,1,7279
7290011474058,false,ספגטי כוסמין מלא אורגני 500 ג',תבואות,,פסטה ספגטי קמח כוסמין אורגני500גר תבואות,גרמים,500.00,100 גרם,false,1,17.90,3.5800,true,1,7668
7290011474072,false,פוזילי כוסמין אורגני 500 גר,תבואות,,פסטה פוסילי כוסמין מלא אורגנית 500 גר תב,גרמים,500.00,100 גרם,false,1,17.90,3.5800,true,1,7256
7290011474102,false,"תערובת קטניות למרק אורגני 500 גרם ""תבואות""",גולי בגמברו,IL,תערובת קטניות למרק אורגנית 500 גר תבואות,גרמים,500.00,100 גרם,false,1,16.90,3.3800,true,1,7257
7290011474133,false,תערובת למגדרה אורגנית 500 גרם,גולי סגמברו,US,תערובת למגדרה אורגנית 500 גר תבואות,גרמים,500.00,100 גרם,false,1,15.90,3.1800,true,1,7259
7290011474232,false,מלח הימליה קריסטל 50,תבואות,,מלח הימליה קריסטל 500 גר תבואות,גרמים,500.00,100 גרם,false,1,12.90,2.5800,true,1,11238
7290011474256,false,מלח הימליה גס שקית 1 קילו תבואות,תבואות,,מלח הימליה גס לבישול 1 קג תבואות,קילוגרמים,1.00,"ק""ג",false,1,12.90,12.9000,true,1,17809
7290011474362,false,קמח עדשים אורגני 500 גרם תבואות,תבואות,TR,קמח עדשים אורגני 500 גר תבואות,גרמים,500.00,100 גרם,false,1,12.90,2.5800,true,1,12098
7290011474386,false,קוואקר דק אורגני 500 גרם,תבואות,,קוואקר דק אורגני 500 גר תבואות,גרמים,500.00,100 גרם,false,1,10.90,2.1800,true,1,7261
7290011474447,false,קוואקר עבה טבעי 500 גרם תבאות,תבואות,,קוואקר עבה טבעי 400 גר תבואות,גרמים,400.00,100 גרם,false,1,6.50,1.6250,true,1,7281
7290011474454,false,שעועית MIX אורגני 500 גרם תבואות,תבואות,IL,שעועית מיקס אורגנית 500 גר תבואות,גרמים,500.00,100 גרם,false,1,13.90,2.7800,true,1,7370
7290011474577,false,פולי קקאו גרוס נא אורגני 200 גרם,תבואות,,פולי קקאו גרוס נא אורגני 200 גר,גרמים,200.00,100 גרם,false,1,26.90,13.4500,true,1,18819
7290011474591,false,פנה כוסמין מלא אורגני 500 גרם,,,פסטה פנה קמח כוסמין מלא אורגני500גר תבוא,גרמים,500.00,100 גרם,false,1,17.90,3.5800,true,1,7669
7290011474676,false,קדרה אפריקאית אורגנית 500 גרם תבואות,תבואות,IL,קדרה אפריקאית 500 גר אורגנית תבואות,גרמים,500.00,100 גרם,false,1,14.90,2.9800,true,1,9047
7290011474683,false,מגידרה קינואה אורגנית 500 גרם תבואות,תבואות,IL,מגדרה קינואה אורגנית 500 גר תבואות,גרמים,500.00,100 גרם,false,1,19.90,3.9800,true,1,9008
7290011474898,false,סוכר קוקוס אורגני 300 גרם תבואות,תבואות,IL,סוכר קוקוס אורגני תבואות 300 גר,גרמים,300.00,100 גרם,false,1,15.90,5.3000,true,1,26840
7290011474904,false,קוקוס טחון אורגני 25,,,קוקוס טחון אורגני 250 גר,גרמים,250.00,100 גרם,false,1,10.90,4.3600,true,1,37673
7290011488017,false,שיני שום קלופות 1 קג,,,שיני שום קלופות 1 קג בצנצנת,קילוגרמים,1.00,"ק""ג",false,1,34.90,34.9000,true,1,51621
7290011498092,false,מרציפן נטו 56% 200 גרם,שקד תבור בעמ,IL,מרציפן נטו כיכר 200 גר,גרמים,200.00,100 גרם,false,1,22.90,11.4500,true,1,22376
7290011498108,false,מרציפן נטו 75 גרם,שקד תבור,IL,מרציפן נטו 75 גרם,גרמים,75.00,100 גרם,false,1,9.00,12.0000,true,1,4778
7290011498160,false,שמן קוקוס 100% שקד תבור 1 ליטר,שקד תבור,IL,שמן קוקוס אורגני 1 ל,ליטרים,1.00,ליטר,false,1,49.90,49.9000,true,1,6288
7290011498177,false,ממרח שקד לבן מקולף 700 ג,שקד תבור,IL,כדורי מרציפן באבקת קינמון 120 גר,גרמים,700.00,100 גרם,false,12,64.90,9.2714,true,1,30246
7290011498191,false,מארז חטיפי מרציפן מצופה שוקולד 180 גרם,שקד תבור,IL,חטיפי מרציפן מצופים שוקולד 180 גם,גרמים,180.00,100 גרם,false,12,19.90,11.0556,true,1,28531
7290011498221,false,גרוסליין - סילאן טבעי 900 גרם,אלמנדוס,IL,סילאן טבעי שקד תבור 900 גרם,גרמים,900.00,100 גרם,false,1,19.90,2.2111,true,1,14592
7290011498283,false,אגוזי אדמה חמאה בוטנים 700 גר,שקד תבור,IL,חמאת בוטנים שקד תבור 700 גרם,גרמים,700.00,100 גרם,false,1,25.90,3.7000,true,1,33632
7290011498351,false,ממרח אילסר אגוזי לוז,שקד תבור,IL,ממרח אילסר 100% אגוזי לוז200גר,גרמים,195.00,100 גרם,false,1,26.90,13.7949,true,1,13611
7290011498368,false,ממרח פיסטוק אלת הבטנ,שקד תבור,IL,ממרח 100% פיסטוק 200 גר,גרמים,200.00,100 גרם,false,1,41.90,20.9500,true,1,6285
7290011498375,false,חמאת קוקוס אורגני 10,שקד תבור,,ממרח חמאת קוקוס 300 גרם,גרמים,300.00,100 גרם,false,1,19.90,6.6333,true,1,6286
7290011498405,false,שמן קוקוס אורגני 350,שקד תבור,,שמן קוקוס אורגני 350 מל,מיליליטרים,350.00,"100 מ""ל",false,1,22.90,6.5429,true,1,6281
7290011498412,false,חמאת קקאו אורגני 200,שקד תבור,PE,חמאת קקאו אורגני 200 גרם,Unknown,0.00,Unknown,false,1,22.90,0.0000,true,1,5417
7290011498429,false,שוקולד אורגני מריר 70% 200 גרם,לובקה,,שוקולד 70% מריר אורגני 200 גרם,Unknown,0.00,Unknown,false,1,26.00,0.0000,true,1,6283
7290011498436,false,פולי קקאו גרוסים 250 גרם,שקד תבור,IL,פולי קקאו גרוסים אורגני 250 גר,מיליליטרים,250.00,"100 מ""ל",false,1,26.90,10.7600,true,1,13547
7290011498443,false,עיסת קקאו 100% קקאו250גר,שקד תבור,PE,עיסת קקאו אורגני 250 גר,מיליליטרים,250.00,"100 מ""ל",false,8,21.90,8.7600,true,1,13554
7290011498450,false,אבקת קקאו אורגני 250 גרם,שקד תבור,PE,אבקת קקאו אורגני 250 גר,מיליליטרים,250.00,"100 מ""ל",false,1,22.90,9.1600,true,1,13551
7290011498498,false,סירופ אגבה לחיץ 500 גרם,"אלמונדס בע""מ",IL,סירופ אגבה לחיץ שקד תבור 500 גרם,גרמים,500.00,100 גרם,false,12,22.90,4.5800,true,1,7563
7290011498504,false,ממרח חלבה פרווה (350 גרם),שקד תבור,,ממרח חלבה עשירה 350 גרם,גרמים,350.00,100 גרם,false,1,13.90,3.9714,true,1,6282
7290011498511,false,ממרח חלבה מלאה עשירה350ג,שקד תבור,IL,ממרח חלבה מלאה 350 גרם,גרמים,350.00,100 גרם,false,1,13.90,3.9714,true,1,19029
7290011498528,false,שמן פשתן 100% טבעי 2,שקד תבור,,שמן פשתן 100% טבעי 250 מל,מיליליטרים,250.00,"100 מ""ל",false,1,24.00,9.6000,true,1,15360
7290011498542,false,ערכת שוקולד ביתי 250 גרם,שקד תבור,IL,ערכת שוקולדביתית 250 גר,גרמים,250.00,100 גרם,false,1,25.00,10.0000,true,1,13557
7290011498580,false,מרציפן אורגני 200 גר שקד תבור,,IL,כיכר מרציפן אורגני 200 גר,גרמים,200.00,100 גרם,false,1,30.00,15.0000,true,1,8905
7290011498658,false,שמן אבוקדו כבישה קרה,שקד תבור,,שמן אבוקדו כבישה קרה 250 מל,מיליליטרים,250.00,"100 מ""ל",false,6,32.90,13.1600,true,1,19030
7290011498726,false,שמן שקדים 100% 250 מ,שקד תבור,IL,שמן שקדים 100% 250 מל,מיליליטרים,250.00,"100 מ""ל",false,1,32.90,13.1600,true,1,8250
7290011498733,false,שמן קצח 100% 250 מל,שקד תבור,,שמן קצח 100% 250 מל,גרמים,380.00,100 גרם,false,1,49.90,13.1316,true,1,11075
7290011498740,false,שקד מלא טחון בכבישה קרה,"אלמונדס בע""מ",IL,ממרח שקד מלא כבישה קרה 310 גר,גרמים,310.00,100 גרם,false,6,28.90,9.3226,true,1,8249
7290011498870,false,מארז חטיפי תמר במילוי חמאת שקדים 150 גרם,"אלמנדוס בע""מ",IL,חטיפי תמר מילוי חמאת שקדים 150 גרם,גרמים,150.00,100 גרם,false,12,18.90,12.6000,true,1,28556
7290011498887,false,מארז חטיפי תמר במילוי חמאת קוקוס 150 גרם,"אלמנדוס בע""מ",IL,חטיפי תמר מילוי חמאת קוקוס 150 גרם,גרמים,150.00,100 גרם,false,12,18.90,12.6000,true,1,28557
7290011498894,false,מארז חטיפי תמר במילוי חמאת בוטנים 150 גרם,מרכז השקד,IL,חטיפי תמר מילוי חמאת בוטנים 150 גרם,גרמים,150.00,100 גרם,false,12,18.90,12.6000,true,1,28558
7290011498900,false,מארז חטיפי תמר במילוי חמ.שקדים בציפוי שוקולד 100% קקאו 150 גרם,"אלמנדוס בע""מ",IL,חטיפי תמר חמאת שקדים מצופה 150 גרם,גרמים,150.00,100 גרם,false,12,18.90,12.6000,true,1,28559
7290011498917,false,מארז חטיפי תמר במילוי חמ.קוקוס בציפוי שוקולד 100% קקאו 150 גרם,מרכז השקד,AR,חטיפי תמר חמאת קוקוס מצופה 150 גרם,גרמים,150.00,100 גרם,false,12,18.90,12.6000,true,1,28533
7290011498948,false,מארז חטיפי תמר מצופה שוקולד 100% קקאו 150 גרם,"אלמנדוס בע""מ",IL,חטיפי תמר מצופים שוקלד 100% קקו 150 גרם,גרמים,150.00,100 גרם,false,12,18.90,12.6000,true,1,28519
7290011498955,false,אגוזי אדמה חמאת בוטנ300ג,שקד תבור,IL,חמאת בוטנים שקד תבור 300 גרם,גרמים,300.00,100 גרם,false,1,12.90,4.3000,true,1,13545
7290011498962,false,שקד לבן בכבישה קרה 300 ג,"אלמונדס בע""מ",IL,ממרח שקד לבן כבישה קרה 300 גר,גרמים,300.00,100 גרם,false,1,28.90,9.6333,true,1,10990
7290011498979,false,שקד לבן בתוספת סיבים 300 גרם,מרכז השקד,IL,ממרח שקד לבן מועשר 300 גר,גרמים,300.00,100 גרם,false,6,28.90,9.6333,true,1,11074
7290011498986,false,מארז חטיפי תמר במילוי חמאת קשיו בציפוי שוקולד 100% קקאו,שקד תבור,IL,ממרח שקד לבן עם קשיו 300 גר,גרמים,300.00,100 גרם,false,1,18.90,6.3000,true,1,13543
7290011498993,false,קשיו לבן 100% טבעי 300 ג,מרכז השקד,IL,ממרח קשיו לבן 300 גר,גרמים,300.00,100 גרם,false,1,27.90,9.3000,true,1,13544
7290011499051,false,פטה כבשים מסורתית 20% בגביע 250 גרם - רובין,MKN עבור מחלבות גד ב,IL,גבינה פטה כבשים 250 ג,גרמים,250.00,100 גרם,false,1,27.90,11.1600,true,1,4818
7290011499105,false,בולגרית מסורתית 5% 250 גרם -רבנות,ג'נרל מילס סאן אדריא,IL,גב.בולגרית 5% מלוחה 250 גר,גרמים,250.00,100 גרם,false,1,24.90,9.9600,true,1,4928
7290011499112,false,בולגרית מסורתית 16% 250 גרם - רבנות,"מיוצר ע""י dsh",IL,גב.בולגרית 16% מלוחה 250 גר,גרמים,250.00,100 גרם,false,1,24.90,9.9600,true,1,4929
7290011499129,false,בולגרית מעודנת קוביות קטנות 5% 200 גרם - רבנות,קוד יצרן DSH,IL,גב.בולגרית 5% קוביות 250 גרם,גרמים,250.00,100 גרם,false,1,24.90,9.9600,true,1,5023
7290011499303,false,פטה עיזים מעודנת 5% בגביע 250 גרם - רבנות,ג'נרל מילס סאן אדריא,IL,גבינה בולגרית עיזים 5% מעודנת 250 גר,גרמים,250.00,100 גרם,false,1,31.90,12.7600,true,1,5985
7290011499327,false,גבינה בולגרית מעודנת 5% 250 גרם - רבנות,מיוצר על ידי DSH עבו,IL,גבינה בולגרית חלב בקר מעודנת 250 גר,גרמים,250.00,100 גרם,false,1,24.90,9.9600,true,1,5986
7290011499341,false,גבינת קשקבל ארוז 26 אחוז 250גרם גד,הנסיך- מפעל לייצור ט,IL,גבינת קאשקבלו 26% שומן 200גר,גרמים,200.00,100 גרם,false,1,26.90,13.4500,true,1,6161
7290011499358,false,פטה עיזים מסורתית 20% בגביע 200 גרם - רובין,מיוצר על ידי קוד יצר,IL,גבינת פטה עיזים 200גרם,גרמים,200.00,100 גרם,false,1,29.90,14.9500,true,1,6162
7290011499365,false,גד חלומי 24% 200 גרם רובין,"מחלבות גד בע""\מ",IL,גבינת חלומי 24% 200 גר,גרמים,200.00,100 גרם,false,1,22.90,11.4500,true,1,6163
7290011499419,false,גבינה במרקם שמנת בטעם טבעי 5% ניו יורק,גבינות מדף,IL,גבינת במרקם שמנת 5% טבעית 200 גר,גרמים,200.00,100 גרם,false,1,13.90,6.9500,true,1,6703
7290011499624,false,שמנת 30% ניו יורק טבעי 200 גרם רבנות,גבינות מדף,IL,גבינת שמנת 30% טבעית 200 גר,גרמים,200.00,100 גרם,false,1,14.50,7.2500,true,1,7474
7290011499846,false,גבינת ריקוטה פרסקה 9% גד 300 גרם,מחלבות גד בעמ,IL,גבינת ריקוטה פרסקה 300 גר,גרמים,300.00,100 גרם,false,1,19.50,6.5000,true,1,8084
7290011499853,false,גבינת שמנת זיתים 30אחוז 200גרם גד,מחלבות גד (שיווק 199,IL,גבינת שמנת 30% זיתים 200 גר,גרמים,200.00,100 גרם,false,1,14.50,7.2500,true,1,8190
7290011501617,false,חמוציות ברכז תפוחים ללא תוספת סוכר 250 גרם,"דין שיווק וקלייה בע""",IL,חמוציות ברכז תפוח ל.ס. 250 גר,גרמים,250.00,100 גרם,false,1,14.90,5.9600,true,1,11720
7290011505806,false,קיסמי שיניים דנטאליים מפלסטיק 200 יחידות בחבית,הוסטס Hostess,CN,קיסמי שיניים דנטליים פלסטיק 200 יח חבית,Unknown,0.00,Unknown,false,1,9.90,0.0000,true,1,19600
7290011515683,false,מאגדת טילון אקסטרים וניל נסטלה 6 יחידות,תות תעשיות מזון (201,IL,מאגדת שלגון אקסטרים וניל 6 יח,יחידה,6.00,יחידה,false,1,35.90,5.9833,true,1,5105
7290011515911,false,שלגונים מופחתי קלוריות בטעם ריבת חלב - 6 יח',גלידות נסטלה )נגה גלידות,IL,מאגדת שלגון לייט ריבת חלב 6יח 312 גר,יחידה,6.00,יחידה,false,1,29.90,4.9833,true,1,6478
7290011518561,false,"אקטימל תות 1.51 ק""ג מארז 14 יחידות",מיוצר עי קונדיטוריית,IL,משקה אקטימל תות 14 יח,גרמים,1512.00,100 גרם,false,1,29.90,1.9775,true,1,4788
7290011524548,false,גרגירי חומוס פרי הגליל 800 גרם,"פרי הגליל בע""""מ",IL,חומוס קפוא פרי גליל 800 גרם,גרמים,800.00,100 גרם,false,1,11.90,1.4875,true,1,15869
7290011524555,false,שעועית לבנה אפויה 800 ג' פרי הגליל,"פרי הגליל בע""""מ",IL,שעועית לבנה קפואה פרי גליל 800 גרם,גרמים,800.00,100 גרם,false,1,12.90,1.6125,true,1,15870
7290011525316,false,"ד""ר פישר - קמיל בלו סנסיטיב תחליב לתינוק שיבולת 500 מ""ל",פישר מעבדות פרמצבטיות בע,IL,תחליב סנסטיב לתינוק שיבולת שועל 500 מל,מיליליטרים,500.00,"100 מ""ל",false,1,19.90,3.9800,true,1,5595
7290011525712,false,"קמיל בלו אל סבון סנסיטיב לפני השינה ד""ר פישר 1 ליטר",פישר מעבדות פרמצבטיות בע,IL,אלסבון סנסטיב לפני שינה 1 ל קמיל בלו,ליטרים,1.00,ליטר,false,1,24.90,24.9000,true,1,5592
7290011570088,false,ממרח ריבת חלב לייט ללא תוספת סוכר,Satko ltd,IL,ריבת חלב ללא סוכר 400 גר גלעם,גרמים,400.00,100 גרם,false,1,18.90,4.7250,true,1,6746
7290011570132,false,"תחליף קמח ללא גלוטן 1 קֿֿֿֿ""ג 10X","גלעם אריזות בע""מ",IL,קמח ללא גלוטן 1 קג גלעם,קילוגרמים,1.00,"ק""ג",false,1,16.90,16.9000,true,1,6067
7290011570507,false,קמח כרגיל ללא גלוטן 450 גרם,אשבל מזון פונקציונלי בע\,IL,קמח רב תכליתי 450 גר ללא גלוטן,גרמים,450.00,100 גרם,false,1,16.90,3.7556,true,1,12456
7290011570644,false,קמח רב תכליתי ללא גלוטן אשבל 450 גרם,אשבל מזון פונקציונלי בע\,IL,קמח כרגיל ללחם 500 גר ללא גלוטן,גרמים,500.00,100 גרם,false,1,16.90,3.3800,true,1,13616
7290011570781,false,"קמח כרגיל ללא גלוטן בטעם וניל אשבל 1 ק""ג",אשבל מזון פונקציונלי בע\,IL,קמח לעוגת וניל 450 גר ללא גלוטן,גרמים,450.00,100 גרם,false,1,16.90,3.7556,true,1,16793
7290011570934,false,תערובת להכנת פנקייק ללא גלוטן 500 ג',אשבל מזון פונקציונאל,IL,תערובת לפנקייק ל.גלוטן 400 גרם גלעם,גרמים,450.00,100 גרם,false,1,19.90,4.4222,true,1,22711
7290011575007,false,"הפי מרסס שומר ברק למקלחון 750 מ""ל",יעקובי הפי,DE,מרסס הפי לאמבט ומקלחון 750 מל,מיליליטרים,750.00,"100 מ""ל",false,1,19.90,2.6533,true,1,4930
7290011575014,false,מטליות הפי לניקוי רב שימושי 9 יח,יעקובי הפי,TR,מטליות לכל הפי 9 יח,יחידה,9.00,יחידה,false,1,13.90,1.5444,true,1,4817
7290011575250,false,מבריק וצובע נעליים הפי,יעקבי - הפי Hepi,ES,מבריק נעליים הפי,Unknown,0.00,Unknown,false,1,10.90,0.0000,true,1,6136
7290011575526,false,מטלית מיקרופייבר לרצ,סי.פי.קנג,,מטלית מיקרופייבר הפי,Unknown,0.00,Unknown,false,1,12.90,0.0000,true,1,6135
7290011575755,false,סופר גלו ג'ל - לוקטייט,יעקבי- סופר גלו Super Glue,DE,דבק סופר גלו גל,Unknown,0.00,Unknown,false,1,15.90,0.0000,true,1,19440
7290011575809,false,"הגרטי תרסיס לניקוי כלי כסף יעקבי 200 מ""ל",יעקובי הפי,BE,ספריי נוצץ הגרטי הפי 200 מל,מיליליטרים,200.00,"100 מ""ל",false,1,30.90,15.4500,true,1,6569
7290011587093,false,תירס גמדי שלם במי מלח480,פוג'אן טונגפה,CN,תירס גמדי תומר 400 גר,גרמים,400.00,100 גרם,false,1,6.90,1.7250,true,1,6444
7290011587444,false,מוזלי קראנצי בתוספת פירות ויטליה 600 גרם,Vitalia nikola ltd,MK,תערובת מוזלי קראנצי פירות 600 גר,גרמים,600.00,100 גרם,false,10,13.90,2.3167,true,1,24270
7290011587451,false,מוזלי קראנצי בתוספת פירות ואגוזים ויטליה 600 גרם,ויטליה,IL,תערובת גרנולה פירות ואגוזים 600 גר,גרמים,600.00,100 גרם,false,10,13.90,2.3167,true,1,24273
7290011587468,false,מוזלי קראנצי בתוספת אגוזים ויטליה 600 גרם,Vitalia nikola ltd,MK,תערובת מוזלי קראנצי אגוזים 600 גר,גרמים,600.00,100 גרם,false,10,13.90,2.3167,true,1,24269
7290011587710,false,צלפים במי מלח תומר 350 גרם,,TR,צלפים במי מלח 350 גר,גרמים,350.00,100 גרם,false,1,10.90,3.1143,true,1,6497
7290011587758,false,אטריות נודלס דק 200 גר' -תומר,אופאל,CN,אטריות נודלס דק 200 גר,גרמים,200.00,100 גרם,false,1,4.90,2.4500,true,1,6728
7290011587857,false,עגבניות מיובשות בשמן חמניות ועשבי תיבול,סנטו דידה סאן,TR,עגבניות מיובשות מתובלות 250 גר,גרמים,250.00,100 גרם,false,12,9.90,3.9600,true,1,10150
7290011587963,false,רוטב צ'ילי חריף 700 ג' תומר,Baaeco v food ltd pa,IL,רוטב צילי חריף 700 מל תומר,מיליליטרים,700.00,"100 מ""ל",false,1,10.00,1.4286,true,1,9478
7290011598211,false,"סנו - אנטי קאלק מרסס ניקוי כללי 4 ב-1 700 מ""ל",מיוצר עי קונדיטוריית,IL,סנו אנטי קאלק רב שימושי 700 מל,מיליליטרים,750.00,"100 מ""ל",false,1,19.90,2.6533,true,1,5460
7290011598259,false,"פרש מטהר אוויר אוטומטי בניחוח מאסק סנו 250 מ""ל",סנו מפעלי ברונוס בעמ,IL,מ.אויר סנו פרש אוטומאיק מאסק 250 מל,מיליליטרים,250.00,"100 מ""ל",false,1,14.90,5.9600,true,1,6940
7290011598365,false,רביעיית מטליות מיקרופייבר מקצועיות סנו סושי,סנו סושי,IL,מטלית מיקרופייבר סנו סושי 4 יח,יחידה,4.00,יחידה,false,1,17.90,4.4750,true,1,4918
7290011598372,false,מטלית מיקרופייבר פרופשיונל לרצפה סנו סושי,סנו מפעלי ברונוס.,IL,מטלית סנו סושי מיקרופייבר לרצפה,יחידה,1.00,יחידה,false,1,15.90,15.9000,true,1,5309
7290011598402,false,מקסימה מרכך כביסה ארומתרפי מאסק סנו 4 ליטר,"סנו מפעלי ברונוס בע""\מ",IL,מרכך כביסה סנומקסימה 4 ל לבן מוסק,ליטרים,4.00,ליטר,false,1,22.90,5.7250,true,1,4950
7290011607180,false,"אבקת כביסה קולון 101 1.25 ק""ג",ריקט בנקיזר ( ניר אי,IL,אב.כביסה קולון 101 כתמים 1.25 קג,קילוגרמים,1.25,"ק""ג",false,1,12.90,10.3200,true,1,4925
7290011607197,false,"קולון 101 אבקת כביסה 5 ק""ג",רקיט בנקיזר,IL,אב.כביסה קולון 101 כתמים 5 קג מיוחד,קילוגרמים,5.00,"ק""ג",false,1,29.90,5.9800,true,1,4902
7290011618025,false,בייבי ביס הוט קידס נגיסי אורז לתינוק,גואנז'ו יונג וואנט פ,CN,נגיסי אורז בייבי ביס טעם טבעי 50 גר,גרמים,50.00,100 גרם,false,1,13.90,27.8000,true,1,8351
7290011618124,false,חטיף אורז אפוי לתינוקות בטעם ירקות +6,גואנז'ו יונג וואנט פ,CN,נגיסי אורז בייבי ביס טעם ירקות 50 גר,גרמים,50.00,100 גרם,false,1,13.90,27.8000,true,1,5435
7290011618131,false,"בייבי ביס חטיף אורז כשל""פ בטעם גזר",גואנז'ו יונג וואנט פ,CN,נגיסי אורז בייבי ביס טעם גזר 50 גר,גרמים,50.00,100 גרם,false,1,13.90,27.8000,true,1,5436
7290011618216,false,נגיסי אורז בייבי ביס בננה 50 גרם,גואנז'ו יונג וואנט פ,CN,נגיסי אורז בייבי ביס טעם בננה 50 גר,גרמים,50.00,100 גרם,false,1,13.90,27.8000,true,1,8352
7290011618483,false,רייד קוטל יתושים חשמלי - 90 לילות,"איטיליאן פוד, אס.פי.",CN,רייד מכשיר חשמלי 90 לילות +זוג נוזל,יחידה,1.00,יחידה,false,1,44.90,44.9000,true,1,4963
7290011622305,false,כתמטמינים חטיף לתינוקות אצבעות בוטנים ותירס - רביעיה,הארט Heart,IL,מארז 4יח חטיף כתמטמינים 20 גר,Unknown,0.00,Unknown,false,1,13.90,0.0000,true,1,12080
7290011622428,false,כתמטמינים-חטיף בריאות לתינוקות וילדים 45 ג',מיוצר עבור גולדן האר,IL,חטיף בוטנים כתמטמינים 45 גר,Unknown,0.00,Unknown,false,1,6.50,0.0000,true,1,11700
7290011622442,false,טבעונים - חטיף טבעות דגנים מלאים בטעם טבעי 45 גרם,הארט Heart,IL,חטיף טבעות דגנים מלאים 45 גר,Unknown,0.00,Unknown,false,1,6.50,0.0000,true,1,11701
7290011622664,false,כתמטמינים - חטיף אצבעות טחינה אורז ותירס 45 גרם,אלס נוטרישן,IL,חטיף טחינה כתמטמינים 45 גר,Unknown,0.00,Unknown,false,1,6.50,0.0000,true,1,18991
7290011622701,false,טבעונים - חטיף טבעות דגנים מלאים בטעם גזר וסלק 45 גרם,אשבול,IL,חטיף טבעוני גזר וסלק 45 גר,Unknown,0.00,Unknown,false,1,6.50,0.0000,true,1,28167
7290011622756,false,ביסקוויטמינים פלוס בטעם שוקולד 150 גרם,מצות אביב בעמ,IL,ביסקוויטמינים פלוס שוקו 150 גר,גרמים,150.00,100 גרם,false,12,16.90,11.2667,true,1,34063
7290011622763,false,ביסקוויטמינים פלוס בטעם וניל 150 גרם,מולינו ניקולי s.p.a,IL,ביסקוויטמינים פלוס וניל 150גר גולדן הארט,גרמים,150.00,100 גרם,false,12,16.90,11.2667,true,1,32798
7290011622770,false,אצבעונים - פלוס בטעם וניל 130 גרם,מצות אביב בעמ,IL,אצבעות ביסקוויטים פלוס 130 גר,גרמים,130.00,100 גרם,false,12,18.90,14.5385,true,1,35464
7290011723200,false,טחינה הר ברכה 100% שומשום טהור 500 גר,טחינה הר ברכה בעמ,IL,טחינה הר ברכה 500 גרם,גרמים,500.00,100 גרם,false,1,19.90,3.9800,true,1,15001
7290011728007,false,נאצוס תירס טבעי טרז פזוס 180 גרם,,IL,חטיף נאצוס תירס טבעי טרז פזוס 180 גרם,גרמים,180.00,100 גרם,false,6,19.90,11.0556,true,1,35894
7290011728052,false,ריבת בצל טרז פסוס 27,"דוידוב סלמון בע""מ",IL,ריבת בצל טרז פסוס 270 גרם,Unknown,0.00,Unknown,false,6,24.90,0.0000,true,1,48968
7290011728274,false,סלסה מנגו לבישול 300,"דוידוב סלמון בע""מ",IL,סלסה מנגו לבישול 300 גרם,גרמים,330.00,100 גרם,false,24,27.90,8.4545,true,1,26059
7290011728298,false,חלפיניו ירוק פרוס עם בצל 195 גר,"דוידוב סלמון בע""מ",IL,פלפל חלפיניו ירוק כבוש 195 גר,גרמים,195.00,100 גרם,false,24,22.90,11.7436,true,1,27272
7290011728335,false,סלסה פלפל אדום וצ`יפוטלה 330 גרם,,IL,סלסה פלפל אדום וציפוטלה 330 גרם,גרמים,330.00,100 גרם,false,1,25.90,7.8485,true,1,24700
7290011728632,false,עלי טורטיה קפוא 20 ס,"דוידוב סלמון בע""מ",IL,עלי טורטיה קפוא 20 סמ 6 יח 325 גרם,גרמים,325.00,100 גרם,false,28,16.90,5.2000,true,1,24692
7290011728649,false,עלי טורטיה קפוא קמח,"דוידוב סלמון בע""מ",IL,עלי טורטיה קפוא קמח מלא20סמ6יח325גר,גרמים,325.00,100 גרם,false,28,16.90,5.2000,true,1,24693
7290011728724,false,סלסה עגבניות חרוכות 200 גרם,,IL,סלסה עגבניות חתוכות 200 גרם,גרמים,200.00,100 גרם,false,1,18.90,9.4500,true,1,24699
7290011728731,false,טורטיה קפואה מכוסמין,"דוידוב סלמון בע""מ",IL,טורטיה קפואה מכוסמין 20סמ 6יח325גר,גרמים,325.00,100 גרם,false,1,16.90,5.2000,true,1,27273
7290011728915,false,קמח תירס מינסה ללג ו,טרס פזוס,IL,קמח תירס מינסה ל.גלוטן וסכר 400 גרם,גרמים,400.00,100 גרם,false,6,18.90,4.7250,true,1,35895
7290011728939,false,סלסה הבנרו אדום וגזר,"דוידוב סלמון בע""מ",IL,סלסה הבנרו אדום וגזר 275 מל,מיליליטרים,275.00,"100 מ""ל",false,24,34.90,12.6909,true,1,27271
7290011743833,false,"סנסודיין משחת שיניים פרונאמל 75 מ""ל",גלקסו סמית קליין,GB,מש.שיניים סנסודיין פרומל 75 מל ירוק,מיליליטרים,75.00,"100 מ""ל",false,1,21.90,29.2000,true,1,5714
7290011744885,false,"אקווה פרש משחת שיניים ילדים לשיני חלב 50 מ""ל",גלקסו סמית קליין,SK,מש.שיניים אקווה פרש שני חלב 2עד6 50מל,Unknown,0.00,Unknown,false,1,9.90,0.0000,true,1,6930
7290011765071,false,ג'ל גילוח לעור רגיל לחות והגנה Moisture,טרופיקל דגיל תעשיות,TR,גל גילוח קרמה לעור רגיל 200 מל,מיליליטרים,200.00,"100 מ""ל",false,1,11.90,5.9500,true,1,5689
7290011765095,false,קרמה מן גל גילוח אלוורה ירוק 200 מל,טרופיקל דגיל תעשיות,TR,גל גילוח קרמה לעור עדין 200 מל,מיליליטרים,200.00,"100 מ""ל",false,1,11.90,5.9500,true,1,34911
7290011765118,false,קצף גילוח קרמה מן דליקט 200 מל,"אביאפ, איסטנבול, תור",TR,קצף גילוח קרמה לעור דליקט 200 מל,מיליליטרים,200.00,"100 מ""ל",false,1,11.90,5.9500,true,1,5691
7290011765200,false,"סנו מדיק ג'ל לניקוי ידיים עם אולוורה 300 מ""ל",גוד פוד פרודקטס S.p,IL,גל סנו מדיק לניקוי ידיים ללא מים300אלוור,מיליליטרים,300.00,"100 מ""ל",false,12,19.90,6.6333,true,1,29987
7290011765217,false,"סנו מדיק ג'ל לניקוי ידיים אלוורה 100 מ""ל",גוד פוד פרודקטס S.p,IL,גל סנו מדיק לניקוי ידיים 100מל אלוורה,מיליליטרים,100.00,"100 מ""ל",false,12,9.90,9.9000,true,1,29985
7290011765392,false,"בוב ספוג שמפו לשיער לסירוק קל כיף 750 מ""ל",טרופיקל דגיל תעשיות,IL,שמפו כיף לילדים בוב ספוג 750 מל,מיליליטרים,750.00,"100 מ""ל",false,1,11.90,1.5867,true,1,5461
7290011765408,false,"בוב ספוג שמפו ומרכך לשיער לסירוק קל כיף 750 מ""ל",קוסמופארם בע''מ,IL,שמפו+מרכך כיף לילדים בוב ספוג 750 מל,מיליליטרים,750.00,"100 מ""ל",false,1,11.90,1.5867,true,1,5463
7290011765415,false,"כיף - בוב ספוג מרכך שיער 750 מ""ל",קוסמופארם,IL,מרכך כיף לילדים בוב ספוג 750 מל,מיליליטרים,750.00,"100 מ""ל",false,1,11.90,1.5867,true,1,5462
7290011765422,false,אל סבון מועשר בלחות ותמצית קמומיל - בוב ספוג,קוסמופארם בע'\'\מ,IL,אלסבון כיף לילדים קמומיל בוב ספוג 750 מל,מיליליטרים,750.00,"100 מ""ל",false,1,11.90,1.5867,true,1,5464
7290011765446,false,משחת שיניים לילדים בוב ספוג בטעם מיץ ענבים עם פלואוריד למניעת עששת,טרופיקל דגיל תעשיות קוסמ,IL,מש.שיניים אורביטול בוב ספוג 70 גר,גרמים,70.00,100 גרם,false,1,8.90,12.7143,true,1,5465
7290011765613,false,סנו מסיר עובש בניחות לימון מתז 1 ל',"סנו מפעלי ברונוס בע""\מ",IL,מסיר עובש 1ליטר מרסס בניחוח לימון,ליטרים,1.00,ליטר,false,12,18.90,18.9000,true,1,27276
7290011765620,false,"נוזל כלים סנו גרין פאוור אקולוגי 750 מ""ל",סנו מפעלי ברונוס בעמ,IL,נוזל כלים אקולוגי 700מל גרין פאוור,מיליליטרים,700.00,"100 מ""ל",false,1,10.90,1.5571,true,1,33762
7290011772468,false,אקונומיקה אמה 4 ליטר,טרופיקל דגיל,IL,אקונומיקה אמה 4 ליטר,ליטרים,4.00,ליטר,false,1,9.90,2.4750,true,1,29208
7290011800840,false,רפי כהן סלט טחינה בלאדי צבר 400 גרם,רפי כהן / צבר,IL,סלט טחינה לבנה רפי צבר 400 גר,גרמים,400.00,100 גרם,false,1,16.90,4.2250,true,1,6860
7290011830243,false,אטריות אורג. ללא גלוטן מאורז תאילנדי 250,השדה מוצרים אורגניים,CN,אטריות אורגני ללא גלוטן אורז תאילנד250ג,גרמים,250.00,100 גרם,false,1,15.90,6.3600,true,1,6697
7290011830250,false,נודלס אורגני ללא גלוטן 100% כווסמת 250 גרם,השדה מוצרים אורגניים,CN,אטריות אורגני ללא גלוטן מכוסמת 250ג,גרמים,250.00,100 גרם,false,1,16.90,6.7600,true,1,6698
7290011830267,false,אטריות אורגניות ללא גלוטן מאורז מלא 250,השדה מוצרים אורגניים,CN,אטריות אורגני ללא גלוטן אורז מלא250ג,גרמים,250.00,100 גרם,false,1,15.90,6.3600,true,1,6696
7290011830274,false,אטריות אורגניות ללא גלוטן מאורז שחור 250,השדה מוצרים אורגניים,CN,אטריות אורגני ללא גלוטן אורז שחור250ג,גרמים,250.00,100 גרם,false,1,16.90,6.7600,true,1,6695
7290011830328,false,מחית (סקוויז) תפוח עץ אורגני 100 גרם,השדה מוצרים טבעיים ו,ES,מחית סקוויז תפוח עץ אורגני 100 גר,גרמים,100.00,100 גרם,false,1,5.90,5.9000,true,1,33049
7290011830335,false,מחית תפוח עץ ובננה סקוויז אורגני השדה מוצרים אורגנים 100 גרם,השדה מוצרים טבעיים ו,ES,מחית סקוויז תפוח עץ ובננה אורגני 100 גר,גרמים,100.00,100 גרם,false,1,5.90,5.9000,true,1,33050
7290011830366,false,טליאטלה מקמח דורום 5 צבעים אורגני 500 גר,השדה מוצרים טבעיים ו,IT,פסטה חמישה צבעים טליאטלה אורגני 500ג,גרמים,500.00,100 גרם,false,6,27.90,5.5800,true,1,31936
7290011830373,false,פסטה אורגנית מקמח דורום בחמישה צבעים 500 גרם- פפרדלה,השדה מוצרים טבעיים ו,IT,פסטה חמישה צבעים פפרדלה אורגני 500ג,גרמים,500.00,100 גרם,false,6,27.90,5.5800,true,1,31935
7290011830380,false,פסטה אורגנית מקמח דורום בחמישה צבעים 500 גרם - מקרוני,השדה מוצרים טבעיים ו,IT,פסטה חמישה צבעים אורגנית 500 גר,גרמים,500.00,100 גרם,false,8,24.90,4.9800,true,1,31933
7290011830564,false,ביסקוויט פתי בר כוסמין אורגני,השדה מוצרים אורגניים,IL,פתי בר כוסמין אורגני 180 גר,גרמים,180.00,100 גרם,false,1,12.90,7.1667,true,1,7744
7290011830991,false,צ'יקי מאנקי חטיף בוטנים אורגני 60 גרם ללא גלוטן,השדה מוצרים טבעיים ו,IL,חטיף בוטנים ציקי מאנקי 60 גר אורגני,Unknown,0.00,Unknown,false,1,6.90,0.0000,true,1,7919
7290011860271,false,ביסבול כדורי פירה מתפוחי אדמה תפוגן 700 גרם,"תעשיות תפוגן בע""\מ",IL,ביסבול טבעי תפוגן 700 גר,גרמים,700.00,100 גרם,false,1,12.90,1.8429,true,1,5953
7290011877088,false,"רדיד אלומיניום רוחב 30 ס""מ, 18 מיקרון - מארז זוג",בורסה פאזרי,TR,זוג רדיד אלומיניום סנו סושי30/7.5,יחידה,2.00,יחידה,false,1,16.90,8.4500,true,1,5671
7290011877095,false,"רדיד אלומיניום רוחב 45 ס""מ סנו סושי 2*7.5 מטר",בורסה פאזרי,TR,זוג רדיד אלומיניום סנו סושי 45/7.5,יחידה,2.00,יחידה,false,1,24.90,12.4500,true,1,5672
7290011877101,false,"סנומוד מטהר אוויר מאסק סנו 150 מ""ל",מיוצר עי קונדיטוריית,IL,מטהר אוויר סנומוד מוסק,Unknown,0.00,Unknown,false,1,12.90,0.0000,true,1,6219
7290011877156,false,"מבשם אוויר, בגדים וארונות פרש בניחוח מאסק",מיוצר עי קונדיטוריית,IL,מטהר אוויר סנופרש יבש מאסק 375 מל,מיליליטרים,375.00,"100 מ""ל",false,1,11.90,3.1733,true,1,6218
7290011877446,false,"קרם למניעת גירויים בייבי כיף 100 מ""ל",קוסמופארם בע'\'\מ,IL,קרם נגד גירויים בייבי כיף 100 מל,מיליליטרים,100.00,"100 מ""ל",false,1,15.90,15.9000,true,1,6205
7290011877842,false,שקיות ואקום לאחסון XXXL+L סנו סושי 2 יחידות,סנו סושי,,שקיות ואקום לאחסון סנו סושי 1יחא.לארג,יחידה,2.00,יחידה,false,1,19.90,9.9500,true,1,5914
7290011877859,false,סנו אינסטלטור חדש פותח סתימות 200ג',מיוצר עי קונדיטוריית,IL,פותח סתימות סנו אינסטלטור 200 גר,גרמים,200.00,100 גרם,false,1,14.90,7.4500,true,1,6204
7290011877866,false,"מקסימה אבקת כביסה בניחוח מאסק סנו 6 ק""ג","סנו מפעלי ברונוס בע""\מ",IL,אב.כביסה סנו מקסימה מאסק 6 קג,קילוגרמים,6.00,"ק""ג",false,1,51.90,8.6500,true,1,6220
7290011877927,false,אורביטול טריפלאקשיין בטעם סמוז מינט,קוסמופארם בע'\'\מ,IL,מי פה אורביטול טריפל כחול 500 מל,מיליליטרים,500.00,"100 מ""ל",false,1,21.90,4.3800,true,1,6377
7290011878597,false,גבינת שיטה בולגרית א,,IL,גבינת שיטה בולגרית אורגנית 200גר נאות סמ,גרמים,200.00,100 גרם,false,6,36.90,18.4500,true,1,49209
7290011912642,false,ליסטרין שטיפת פה הגנה על השיניים והחניכי,ג'\ונסון אנד ג'\ונסון,IT,נוזל שטיפת פה ליסטרין תאגד 500מל,מיליליטרים,500.00,"100 מ""ל",false,1,19.90,3.9800,true,1,25503
7290011923068,false,הצהובה הקלאסית פרוס תחליף שומן צמחי 200גר,,GR,בסגנון צהובה פרוסות 200גר טבעוני,גרמים,200.00,100 גרם,false,12,18.90,9.4500,true,1,45721
7290011923082,false,גבינה פרוסות בסגנון מוצרלה טבעוני 200 ג,,GR,בסגנון מוצרלה פרוסות 200גר טבעוני,גרמים,200.00,100 גרם,false,12,18.90,9.4500,true,1,45712
7290011923112,false,גבינת גוש בסגנון פטה יוונית טבעוני 200 ג,,GR,בסגנון פטה יוונית גוש 200גר טבעוני,גרמים,200.00,100 גרם,false,12,18.90,9.4500,true,1,45720
7290011923303,false,טופו טבעי 300גרם ליב,א.י.ן תעשיות מזון בע,IL,טופו טבעי 300 גרם ליב,גרמים,300.00,100 גרם,false,1,11.90,3.9667,true,1,12474
7290011931162,false,סוכרלייט ממתיק נוזלי על בסיס סוכרלוז,אף.סי תבליני בגליל ב,IL,ממתיק סוכרלייט נוזלי 220 מל,מיליליטרים,220.00,"100 מ""ל",false,1,27.90,12.6818,true,1,5770
7290011931193,false,ממתיק על בסיס סוכרלוז כפית לכפית,סוכרזית Sucrazit,IL,ממתיק סוכרלייט כפית לכפית 105 גר,גרמים,105.00,100 גרם,false,1,26.90,25.6190,true,1,5771
7290011941284,false,קערה שקופה אובלית פא,ningbo,,קערת סלט חד פעמי שקופה קוטר 11,יחידה,1.00,יחידה,false,1,10.90,10.9000,true,1,14487
7290011947309,false,זיתים מצוננים סורי מבוקע ולימון כבוש זיתא 230 ג',זיתא – י.ט.ב תעשיות,IL,זית סורי מבוקע עם לימון 220 גרם,גרמים,230.00,100 גרם,false,1,14.90,6.4783,true,1,11169
7290011947316,false,זיתא זיתי קלמטה בשמן זית כתית מעולה 215ג,זיתא - י.ט.ב תעשיות,IL,זית קלמנטה 215 גרם זיתא,גרמים,215.00,100 גרם,false,1,14.90,6.9302,true,1,12839
7290011947521,false,"שמן זית כתית מעולה 750 מ""ל טעם מודגש זיתא",זיתא - י.ט.ב תעשיות,IL,שמן זית זיתא מודגש כתית מעולה 750 מל,מיליליטרים,750.00,"100 מ""ל",false,1,32.90,4.3867,true,1,17928
7290011947743,false,זיתים זיתא מיקס זית ירוק וזית קלמטה 215 גרם,זיתא - י.ט.ב תעשיות,IL,מיקס זית זיתא ירוק וקלמטה 215 גר,גרמים,215.00,100 גרם,false,8,14.90,6.9302,true,1,31220
7290011947781,false,מיקס זית ירוק וזית קלמטה ללא גלעין עם שמן זית כתית מעולה,זיתא - י.ט.ב תעשיות,IL,זית זיתא מיקס מגולען בשמן זית 215 גרם,גרמים,190.00,100 גרם,false,1,14.90,7.8421,true,1,37186
7290011947798,false,זית קלמטה ללא גלעין עם שמן זית כתית מעולה,זיתא - י.ט.ב תעשיות,IL,זית זיתא קלמטה מגולען בשמן זית 215 גרם,גרמים,190.00,100 גרם,false,1,14.90,7.8421,true,1,37185
7290011947866,false,מיקס זיתים בפח זיתא 440גר,זיתא - י.ט.ב תעשיות,GR,מיקס זיתים זיתא 440 גרם בפח,גרמים,440.00,100 גרם,false,1,17.90,4.0682,true,1,39859
7290011947873,false,זית קלמטה בפח זיתא 250 ג',זיתא - י.ט.ב תעשיות,GR,זית קלמטה זיתא 440 גרם בפח,גרמים,440.00,100 גרם,false,1,17.90,4.0682,true,1,39860
7290011947903,false,מיקס זיתים יווני זיתא 215 גרם,זיתא - י.ט.ב תעשיות,IL,זית זיתא מיקס יווני 215 גרם,גרמים,215.00,100 גרם,false,1,14.90,6.9302,true,1,38976
7290011964344,false,שום גבישי בקופ' 120 גר' טעם וריח,"תבליני טעם וריח בע""מ",IL,שום גבישי 120 ג מיכל גדול,גרמים,120.00,100 גרם,false,1,9.90,8.2500,true,1,5817
7290011964542,false,פפריקה מתוקה 400 גר' טעם וריח,"תבליני טעם וריח בע""מ",IL,פפריקה מתוקה 400 גר קופסא,גרמים,400.00,100 גרם,false,1,22.90,5.7250,true,1,11479
7290011964566,false,גריל עוף 400 גר' טעם וריח,"תבליני טעם וריח בע""מ",IL,גריל עוף 400 גר בקופסא,גרמים,400.00,100 גרם,false,1,22.90,5.7250,true,1,11480
7290011964573,false,פלפל שחור טחון 400 גרם,תבליני טעם וריח,,פלפל שחור טחון דק400 גרם,גרמים,400.00,100 גרם,false,1,29.90,7.4750,true,1,34631
7290011964597,false,כמון טחון 400 גר' טעם וריח,"תבליני טעם וריח בע""מ",IL,כמון טחון 400 גרם,גרמים,400.00,100 גרם,false,1,22.90,5.7250,true,1,11482
7290011964603,false,כורכום 400 גר' טעם וריח,"תבליני טעם וריח בע""מ",IL,כורכום טחון 400 גר בקופסא,גרמים,400.00,100 גרם,false,1,22.90,5.7250,true,1,11483
7290011964627,false,פפריקה מתוקה בשמן 400 גר' טעם וריח,"תבליני טעם וריח בע""מ",IL,פפריקה מתוקה בשמן 400 גר בקופסא,גרמים,400.00,100 גרם,false,1,22.90,5.7250,true,1,11481
7290011964658,false,מלח לימון בקופ' 170 גר' טעם וריח,"תבליני טעם וריח בע""מ",IL,מלח לימון 170 גר מיכל פלסטיק,גרמים,170.00,100 גרם,false,1,9.90,5.8235,true,1,9081
7290011964689,false,על האש לא מונוסודיום 100 גרם 100 גרם מיכל גדול,"תבליני טעם וריח בע""מ",IL,תיבול על האש מיכל גדול 100 גר,גרמים,100.00,100 גרם,false,1,9.90,9.9000,true,1,7680
7290011964702,false,שווארמה ללא מונסודיום 100 גרם מיכל גדול,"תבליני טעם וריח בע""מ",IL,תיבול שווארמה מיכל גדול100 גר,גרמים,100.00,100 גרם,false,1,9.90,9.9000,true,1,7682
7290011969158,false,חמישיית מגבונים טייגר בייבי פאלאס,פלאס אס.אי.,IL,מארז חמישייה מגבון טואלט טייגר בייבי,יחידה,5.00,יחידה,false,1,16.90,3.3800,true,1,13655
7290011971694,false,ספגטי טריקולור מסמולינת דורום אורגני 500,פסטיפיסוי פליצ'טי,IT,ספגטי טריקולור מסמולינת אורגני 500 גר,גרמים,500.00,100 גרם,false,1,13.90,2.7800,true,1,20088
7290011996567,false,רוטב סאטה אסיה 240 ג,קיי.אר.אס.ספייסי פוד,TH,רוטב סאטה אסיה 240 גרם,גרמים,250.00,100 גרם,false,1,14.90,5.9600,true,1,23133
7290011996642,false,טעם אסיה שומשום שחור קלוי 100גר,טעמי אסיה Taste of Asia,CN,שומשום שחור קלוי טעמי אסיה 100 גרם,גרמים,100.00,100 גרם,false,12,15.90,15.9000,true,1,47610
7290012001994,false,חרדל דיז'ון גרעינים 350 ג' ריין דיזון,ריין דיז'ון reine dijon,FR,חרדל ריין דה דיזון גרעינים 350 ג,גרמים,350.00,100 גרם,false,1,12.90,3.6857,true,1,7498
7290012019258,false,מחית תפוחי עץ רביעיה 4 * 113 ג' תומר,אינדיאן סאמר קו אופ אינק,US,רסק תפוח עץ רגיל 4 יח 113 גר,גרמים,452.00,100 גרם,false,1,10.90,2.4115,true,1,18702
7290012019265,false,רביעיית מחית תפוח עץ ללא תוספת סוכר תומר 113 גרם,אינדיאן סאמר קו אופ אינק,US,רסק תפוח עץ דיאט 4 יח 113 גר,גרמים,452.00,100 גרם,false,1,10.90,2.4115,true,1,18700
7290012019272,false,"רסק תפוֿֿֿֿ""ע+קינמון פלסטיק 4יח'12X",אינדיאן סאמר קו אופ אינק,US,רסק תפוח עץ וקינמון 4 יח 113 גר,גרמים,452.00,100 גרם,false,1,10.90,2.4115,true,1,18701
7290012019401,false,מיץ דובדבן 100% 1 ליטר תוצרת גרוזיה,Aromaproduct ltd,,מיץ דובדבן 100% טבעי גרוזיני 1 ל פיקדון,ליטרים,1.00,ליטר,false,1,16.90,16.9000,true,1,11166
7290012022203,false,פריכיות קליליות חיטה,דילייט 2005,IL,קליליות חיטה מלאה 100גר קריספיות,גרמים,100.00,100 גרם,false,1,15.00,15.0000,true,1,10395
7290012022227,false,קליליות חיטה בטעם טבעי,דילייט 2005,IL,קליליות חיטה בטעם טבעי 60גר קריספיות,Unknown,0.00,Unknown,false,1,13.00,0.0000,true,1,10394
7290012022272,false,פריכיות קליליות קידס,דילייט 2005,IL,קליליות קידס טעם טבעי30גר קריספיות,Unknown,0.00,Unknown,false,1,10.90,0.0000,true,1,13993
7290012025839,false,מטבוחה שמיר אסלי 400 גרם,"סלטי שמיר 2006 בע""מ",IL,סלט מטבוחה אסלי 400 גרם,גרמים,400.00,100 גרם,false,1,9.90,2.4750,true,1,16156
7290012046124,false,רב מגבת SOFT CLEAN 800 גרם,,IL,רב מגבת סופט קלין 800גר,גרמים,800.00,100 גרם,false,12,22.90,2.8625,true,1,39657
7290012046179,false,אל סבון נוזלי 1 ליטר + משאבה,,IL,אל סבון אינגוי 1ליטר,ליטרים,1.00,ליטר,false,12,9.90,9.9000,true,1,49787
7290012046193,false,ספוגי קרצוף קשיחים ירוקים קצרים 9יח,M3,ES,ספוגי קרצוף קשיחים ירוקים קצרים 9יחסקוטש,יחידה,9.00,יחידה,false,20,17.90,1.9889,true,1,47904
7290012052163,false,גרנולה מרכיבים טבעיים זרעים אגוזים ופירות 350 גרם,רפאלס,IL,גרנולה רפאלס עם אגוזים זרעים ופירות350גר,גרמים,350.00,100 גרם,false,1,16.90,4.8286,true,1,10200
7290012052170,false,גרנולה עם אגוזים ופירות יבשים במתיקות מעודנת,רפאלס,IL,גרנולה רפאלס ל.ת.סוכר אגוזים ופירות350ג,גרמים,350.00,100 גרם,false,1,16.90,4.8286,true,1,10203
7290012052187,false,גרנולה חלבה תמרים ושקדים מרכיבים טבעיים,רפאלס,IL,גרנולה רפאלס עם חלבה תמרים ושקדים 350 גר,גרמים,350.00,100 גרם,false,1,16.90,4.8286,true,1,10201
7290012052194,false,גרנולה פירות יער וקשיו מרכיבים טבעיים 350 גרם,רפאלס,IL,גרנולה רפאלס עם פירות יער וקשיו 350 גר,גרמים,350.00,100 גרם,false,1,16.90,4.8286,true,1,10202
7290012052200,false,גרנולה רפאל-אגוזים זרעים ופירות 800 גרם,רפאלס,IL,גרנולה רפאלס עם אגוזים ופירות יבשים800גר,גרמים,800.00,100 גרם,false,1,31.90,3.9875,true,1,10368
7290012052217,false,גרנולה עם אגוזים ופירות יבשים במתיקות מעודנת,רפאלס,,גרנולה רפאלס ל.ת.סוכר עם אגוזים פ.י800גר,גרמים,800.00,100 גרם,false,1,31.90,3.9875,true,1,10357
7290012052224,false,גרנולה רפאל-חלבה תמרים ואגוזים 800 גרם,רפאלס,IL,גרנולה רפאלס עם חלבה תמר ושקד800גר,גרמים,800.00,100 גרם,false,1,31.90,3.9875,true,1,10369
7290012052231,false,גרנולה רפאל-פירות יער וקשיו 800 גרם,רפאלס,,גרנולה רפאל פירות יער וקשיו800גר,גרמים,800.00,100 גרם,false,1,31.90,3.9875,true,1,10370
7290012052354,false,גרנולה רפאל שוקולד ואגוזי לוז 350 גרם,רפאלס,IL,גרנולה רפאל שוקולד אגוזי לוז 350 גר,גרמים,350.00,100 גרם,false,1,16.90,4.8286,true,1,10204
7290012052361,false,גרנולה מוזלי בטעם מרכיבים טבעיים 350 גרם,רפאלס,IL,מוזלי רפאלס 350 גרם,גרמים,350.00,100 גרם,false,1,16.90,4.8286,true,1,10205
7290012052385,false,מוזלי עם חמוציות ושקדים ללא תוספת סוכר,רפאלס,IL,מוזלי רפאלס ל.ת.סוכר עם שקד וחמוציות720ג,גרמים,720.00,100 גרם,false,1,31.90,4.4306,true,1,10371
7290012052460,false,צ'וקולומומו - מיקס זרעים לסלט - אורגינל,רפאלס,IL,מיקס פינוק לסלט זרעים ואגוזים קלו 250 גר,גרמים,250.00,100 גרם,false,1,18.90,7.5600,true,1,10206
7290012086113,true,עגבניות שרי אשכולות,,,עגבניות שרי אשכול יח,Unknown,0.00,Unknown,false,1,9.90,0.0000,true,1,15116
7290012116025,false,שמפו פיית הפרפרים לסירוק קל מכיל רוזמרין,קוסמופארם בע'\'\מ,IL,שמפו כיף פיית רוזמרין 750 מל,מיליליטרים,750.00,"100 מ""ל",false,1,11.90,1.5867,true,1,7773
7290012116032,false,כיף פיות מרכך לסירוק קל 750 מל,טרופיקל דגיל תעשיות,IL,מרכך כיף פיות רוזמרין 750 מל,מיליליטרים,750.00,"100 מ""ל",false,1,11.90,1.5867,true,1,7774
7290012116063,false,"כיף אל סבון פיות בתמציות קמומיל 750 מ""ל",טרופיקל דגיל תעשיות,IL,אלסבון כיף פיות מעושר בתמצית קמומיל 750,מיליליטרים,750.00,"100 מ""ל",false,1,11.90,1.5867,true,1,7775
7290012116193,false,סנובון מוצק לבנדר 3*65ג',,,סבון אסלה סנובון סגול לבנדר שלישיה,יחידה,3.00,יחידה,false,1,14.90,4.9667,true,1,6241
7290012116261,false,סנו מדיק ג'ל לניקוי ידיים אלוורה 500 מל,גוד פוד פרודקטס S.p,IL,גל סנו מדיק 500 מל בתוספת אלוורה,מיליליטרים,500.00,"100 מ""ל",false,12,32.90,6.5800,true,1,32594
7290012116360,false,פוליויקס נוזל לניקוי רצפות גרניט פורצלן סנו 2 ליטר,"מפעלי סנו ברונוס בע""",IL,נוזל רצפה פוליויקס גרניט פורצלן 2 ליטר,ליטרים,2.00,ליטר,false,1,19.90,9.9500,true,1,6217
7290012116537,false,"מקסימה אבקת כביסה בניחוח מאסק סנו 2.5 ק""ג",טרופיקל דגיל תעשיות,IL,אב.כביסה מקסימה מאסק 2.5 קג,קילוגרמים,2.50,"ק""ג",false,1,26.90,10.7600,true,1,6638
7290012116551,false,אנטי קאלק נוזל לניקוי כללי סנו 2 ליטר,מיוצר עי קונדיטוריית,IL,נוזל אנטי קלאק 4ב1 רב שימושי 2 ל,ליטרים,2.00,ליטר,false,1,19.90,9.9500,true,1,6508
7290012116629,false,תחליב רול און דוחה יתושים לתינוקות ולילדים סנו די,מיוצר עי קונדיטוריית,IL,תחליב סנו די לתינוקות וילדים 50 מל,מיליליטרים,50.00,"100 מ""ל",false,1,17.90,35.8000,true,1,6877
7290012116674,false,"דאודורנט גל קול 75 מ""ל קרמה מן",קוסמופארם,IL,דאודורנט קרמה גל קול 70מל,Unknown,0.00,Unknown,false,12,15.90,0.0000,true,1,24388
7290012117039,false,נוזל לניקוי אמבטיה 00 סנו 1 ליטר,סנו מפעלי ברונוס בעמ,IL,נוזל 00 לניקוי אמבטיות 1 ל,ליטרים,1.00,ליטר,false,1,7.90,7.9000,true,1,6586
7290012117091,false,"אבקת כביסה סנסיטיב סנו מקסימה 6 ק""ג",סנו מקסימה,IL,אב.כביסה סנו מקסימה סנסטיב 6 קג,קילוגרמים,6.00,"ק""ג",false,1,51.90,8.6500,true,1,6639
7290012117275,false,"קליר שקית מילוי לניקוי חלונות סנו 750 מ""ל",טרופיקל דגיל תעשיות,IL,נוזל חלונות סנוקליר שקית מילוי 750 מל,מיליליטרים,750.00,"100 מ""ל",false,1,7.50,1.0000,true,1,6842
7290012117350,false,"נוזל רצפות לילך 2 ליטר ""ריצפז פרש""","סנו מפעלי ברונוס בע""\מ",IL,נוזל רצפה ריצפז פרש לילך 2 לי,ליטרים,2.00,ליטר,false,1,16.90,8.4500,true,1,6640
7290012117428,false,"ג'ל רחצה ושמפו מעיינות מנטה קרמה מן 700 מ""ל",טרופיקל דגיל תעשיות,IL,גל ושמפו רחצה קרמה מנטה 700 מל,מיליליטרים,700.00,"100 מ""ל",false,1,16.90,2.4143,true,1,6841
7290012117534,false,מרכך כביסה מרוכז תכלת קול סנו מקסימה 1 ליטר,"סנו מפעלי ברונוס בע""\מ",IL,מרכך כביסה מקסימה מרוכז קוול 1 ל,ליטרים,1.00,ליטר,false,1,16.90,16.9000,true,1,7158
7290012117541,false,מרכך כביסה מרוכז צהוב סנו מקסימה 1 ליטר,סנו מפעלי ברונוס בעמ,IL,מרכך כביסה מקסימה מרוכז זאן 1 ל,ליטרים,1.00,ליטר,false,1,16.90,16.9000,true,1,7159
7290012117558,false,מקסימה מרכך כביסה מרוכז ורוד בניחוח מאסק סנו 1 ליטר,"סנו מפעלי ברונוס בע""\מ",IL,מרכך כביסה מקסימה מרוכז מאסק 1 ל,ליטרים,1.00,ליטר,false,1,16.90,16.9000,true,1,7160
7290012117626,false,שטיפת פה דנטלית לילדים בטעם ענבים בוב ספוג,קוסמופארם בע'\'\מ,IL,מי פה אורביטול קידס 250 מל בוב ספוג,מיליליטרים,250.00,"100 מ""ל",false,1,12.90,5.1600,true,1,13725
7290012117732,false,מקסימה מרכך כביסה ארומתרפי קול סנו 4 ליטר,"סנו מפעלי ברונוס בע""\מ",IL,מרכך כביסה סנומקסימה קוול 4 ל,ליטרים,4.00,ליטר,false,1,22.90,5.7250,true,1,35169
7290012117763,false,אורביטול מברשת שיניים בוב ספוג מנצנצת,,,מברשת שיניים אורביטול בוב ספוג מנצנצת,Unknown,0.00,Unknown,false,1,14.90,0.0000,true,1,19911
7290012117916,false,אינסטלטור נוזל לפתיחת סתימות סנו 1 ליטר,"סנו מפעלי ברונוס בע""",IL,פותח סתימות סנו אינסטלטור 1 ל,ליטרים,1.00,ליטר,false,1,29.90,29.9000,true,1,7085
7290012193125,false,ממתיק על בסיס סוכרלוז - טבליות,"קיפל טבליות וממתיקים בע""מ",CN,סוכרלוז טבליות מרמולייט 150 יח,יחידה,150.00,יחידה,false,1,25.90,0.1727,true,1,6245
7290012193163,false,פמילי אל סבון נוזלי פריחת הדובדבן 1 ליטר,אף.סי תבליני בגליל ב,IL,פמילי אל סבון פרחי בר1 ל משאבה,ליטרים,1.00,ליטר,false,1,10.90,10.9000,true,1,9086
7290012226014,false,נקניקיות וינר זוגלובק 800 גרם,נקניק נהריה כשר זוגל,IL,נקניקיות וינר 800 גר,גרמים,800.00,100 גרם,false,1,21.90,2.7375,true,1,48920
7290012226120,false,"קבנוס 135 גרם ""זוגלובק""",נקניק נהריה כשר זוגל,IL,נקניק קבנוס 135 גר,גרמים,135.00,100 גרם,false,12,10.90,8.0741,true,1,48921
7290012226342,false,נקניקיה טבעונית למחבת או לתנור עשירה בחלבון,זוגלו'ס Zoglos,IL,נקניקיה טבעונית 460גר,גרמים,460.00,100 גרם,false,10,27.90,6.0652,true,1,48952
7290012226922,false,קבנוס בטעם שום זוגלובק 135 גרם,נקניק נהריה כשר זוגל,IL,נקניק קבנוס בטעם שום 135 גר,גרמים,135.00,100 גרם,false,12,10.90,8.0741,true,1,48923
7290012226939,false,קבנוס עם צ'ילי חריף זוגלובק 135 גרם,נקניק נהריה כשר זוגל,IL,נקניק קבנוס בטעם צילי 135 גר,גרמים,135.00,100 גרם,false,12,10.90,8.0741,true,1,48924
7290012226991,false,"נקניקיות עוף באריזת ג''מבו 1.5 ק""ג זוגלובק",נקניק נהריה כשר זוגל,IL,נקניקיות גמבו 1.5 קג,קילוגרמים,1.50,"ק""ג",false,5,27.90,18.6000,true,1,48925
7290012227172,false,חרמן הודו בדבש וברביקיו זוג במארז 600 ג' זוגלובק,נקניק נהריה כשר זוגל,IL,מארז פסטרמה בדבש 300גר+פ.ברביקיו 300גר,גרמים,600.00,100 גרם,false,6,29.90,4.9833,true,1,51643
7290012227400,false,נקניקיות עוף זוגלובק 800 גרם,נקניק נהריה כשר זוגל,IL,נקניקיות עוף 800 גרם,גרמים,800.00,100 גרם,false,1,21.90,2.7375,true,1,48942
7290012227912,false,קבנוס מעודן זוגלובק 135 גרם,זוגלובק,IL,נקניק קבנוס מעודן 135גר,גרמים,135.00,100 גרם,false,12,10.90,8.0741,true,1,48947
7290012228124,false,קבנוס סטיקס עם נגיעות מלח ים סדרת ריינהולד'ס,זוגלובק,IL,קבנוס סטיקס 50גר,Unknown,0.00,Unknown,false,15,10.90,0.0000,true,1,48943
7290012228261,false,נקנקיות קנקרס הודו ועוף ריינהולד'ס זוגלובק 300 ג',זוגלובק,IL,נקניקיות קנקרס הודו 300גר ריינהולדס,גרמים,300.00,100 גרם,false,6,21.90,7.3000,true,1,48939
7290012228278,false,נקנקיות בוקוורסט עוף ובקר ריינהולד'ס 310 ג' זוגלובק,זוגלובק,IL,נקניקיות בוקוורסט הודו בקר 300גר ריינהול,גרמים,300.00,100 גרם,false,6,21.90,7.3000,true,1,48938
7290012228728,false,קבנוס סטיקס בסגנון מקסיקני חריף סדרת ריינהולד'ס,זוגלובק,IL,קבנוס סטיקס טעם מקסיקני 50גר,Unknown,0.00,Unknown,false,15,10.90,0.0000,true,1,48945
7290012245176,false,וופל צ'יפס קריספי 700 גרם,אגריסטו,BE,וופל ציפס קריספי קפוא 700גר קפוא זן,גרמים,700.00,100 גרם,false,14,13.90,1.9857,true,1,50965
7290012245183,false,צ'יפס קריספי קלאסי 700 גרם,אגריסטו,BE,ציפס קריספי קלאסי קפוא 700גר קפוא זן,גרמים,700.00,100 גרם,false,14,11.90,1.7000,true,1,50966
7290012245244,false,"ציפס קלאסייק 2.5 ק""ג גולדן",קפוא זן,IL,ציפס קלאסי 2.5 קג משפחתי גולד קפוא זן,גרמים,2500.00,100 גרם,false,4,29.90,1.1960,true,1,50967
7290012245275,false,"גולד ציפס בטטה קריספי 1 ק""ג",אגריסטו,BE,ציפס בטטה קריספי 1קג גולד קפוא זן,גרמים,1000.00,100 גרם,false,10,26.90,2.6900,true,1,50968
7290012245312,false,"גולד ציפס אמריקאי 1.5 ק""ג קפוא זן",יוליניבר,BE,ציפס אמריקאי 1.5קג גולד קפוא זן,גרמים,1500.00,100 גרם,false,8,19.90,1.3267,true,1,50962
7290012245329,false,"גולד צ'יפס קלאסי 1.5 ק""ג קפוא זן",יוליניבר,BE,ציפס קלאסי קפוא 1.5קג גולד קפוא זן,גרמים,1500.00,100 גרם,false,8,19.90,1.3267,true,1,50961
7290012245336,false,"גולד צ'יפס סטייק 1.5 ק""ג גולד שארית",אגריסטו,IL,סטייק ציפס 1.5 קג גולד קפוא זן,גרמים,1500.00,100 גרם,false,8,19.90,1.3267,true,1,50964
7290012247859,false,כבד עוף קפוא,"נטו מלינדה סחר בע""מ",,כבד עוף קפוא,קילוגרמים,1.00,"ק""ג",true,,19.90,19.9000,true,1,45239
7290012309311,false,ערמונים קלופים ששון הקולה 100 גרם,"דין שיווק וקליה בע""מ",CN,ערמונים קלופים מוכנים 100 גר בשקית,גרמים,100.00,100 גרם,false,50,5.90,5.9000,true,1,36594
7290012309878,false,חלוה פיסטוק ששון הקולה 500 גרם,ששון הקולה,IL,חלבה עם פיסטוקים 500 גר,גרמים,500.00,100 גרם,false,1,12.90,2.5800,true,1,6451
7290012309939,false,חלווה מסולסלת בקופסא ששון הקולה 500 גרם,אף.סי תבליני בגליל ב,IL,חלבה מסולסלת 500 גר,גרמים,500.00,100 גרם,false,1,16.00,3.2000,true,1,6454
7290012313073,false,מיקס זיתים מגולענים מרינד קבוצת יבנה 340 גרם,קבוצת יבנה,IL,מיקס זיתים ללא גלעין יבנה 560 גרם,גרמים,560.00,100 גרם,false,12,11.90,2.1250,true,1,47279
7290012313141,false,מלפפונים פרוסות במלח קבוצת יבנה 330 גרם,אף.סי תבליני בגליל ב,IL,פרוסות מלפפון במלח 540 גר,גרמים,540.00,100 גרם,false,1,6.50,1.2037,true,1,9061
7290012313165,false,שמן זית כתית מעולה י,,,שמן זית כתית מעולה יבנה 750 מל,מיליליטרים,750.00,"100 מ""ל",false,1,37.90,5.0533,true,1,11937
7290012313240,false,מיקס זית ירוק וקלמטה קבוצת יבנה 560 גרם,קבוצת יבנה,IL,מיקס זית ירוק וקלמטה יבנה 560 גרם,גרמים,560.00,100 גרם,false,12,11.90,2.1250,true,1,35484
7290012313394,false,קוביות מלפפונים במלח 560ג' יבנה,,,מלפפון קוביות במלח יבנה 560 גרם,גרמים,560.00,100 גרם,false,1,5.90,1.0536,true,1,47466
7290012313400,false,זיתים סורי מבוקעים 215 ג' יבנה,קבוצת יבנה,IL,זית סורי מבוקע המסיק 215 גרם בגביע,גרמים,215.00,100 גרם,false,12,12.90,6.0000,true,1,48659
7290012313417,false,מיקס זיתים המסיק 215 גרם,קבוצת יבנה,IL,מיקס זיתים המסיק 215 גרם בגביע,גרמים,215.00,100 גרם,false,12,12.90,6.0000,true,1,48661
7290012313424,false,זיתים קלמטה שלם 215 ג' יבנה,קבוצת יבנה,IL,זית קלמטה שלם המסיק 215 גרם בגביע,גרמים,215.00,100 גרם,false,12,12.90,6.0000,true,1,48657
7290012313431,false,זיתים מרוקאיים יבשים 215 ג' יבנה,קבוצת יבנה,IL,זית מרוקאי יבש המסיק 215 גרם בגביע,גרמים,215.00,100 גרם,false,12,12.90,6.0000,true,1,48658
7290012313448,false,זית מעדנייה מתובל 300 גר יבנה,קבוצת יבנה,IL,זית מעדניה מתובל המסיק 215 גרם בגביע,גרמים,215.00,100 גרם,false,12,12.90,6.0000,true,1,48660
7290012313547,false,זית קלמטה חומץ יין י,קבוצת יבנה,,זית קלמטה ביין 560גר א/2 יבנה,גרמים,560.00,100 גרם,false,1,10.90,1.9464,true,1,14367
7290012313554,false,עלי גפן ממולא 400 גרםיבנה,אסמה קונסרבסיליק גיד,TR,עלי גפן ממולאים באורז 400 גרם,גרמים,400.00,100 גרם,false,24,8.90,2.2250,true,1,50222
7290012322501,false,שלישיית מגבוני אוונט,פיליפס אוונט,,שלישיית מגבוני אוונט מילוי 72 יח,יחידה,1.00,יחידה,false,1,21.90,21.9000,true,1,7917
7290012367700,false,קרם גוף אינטנסיב רליף Intensive relief לעור יבש ומגורה,פישר מעבדות פרמצבטיות בע,IL,קרם גוף שיבולת שועל אפקטיב קר 700 מל,מיליליטרים,750.00,"100 מ""ל",false,1,24.90,3.3200,true,1,7832
7290012367717,false,קרם ידיים וציפורניים Intensive relief לעור יבש ומגורה,פישר מעבדות פרמצבטיות בע,IL,קרם ידיים אפקטיב קר 150 מל שיבולת שועל,מיליליטרים,150.00,"100 מ""ל",false,1,9.90,6.6000,true,1,6874
7290012404955,false,נקטר חמוציות ספרינג קולקשן 1.25 ליטר,יפאורה שותפות מובגלת לשיווק,IL,משקה ספרינג קולקטשיין נקטר חמוציות 1.25ל,ליטרים,1.25,ליטר,false,1,11.90,9.5200,true,1,14787
7290012404993,false,נקטר דיאט חמוציות ספרינג קולקשן 1.25 ליטר,יפאורה שותפות מובגלת לשיווק,IL,משקה ספרינג קולקטשיין דיאט חמוציות 1.25ל,ליטרים,1.25,ליטר,false,1,11.50,9.2000,true,1,14789
7290012413636,false,תה ירוק צ'אי מסאלה ויסוצקי 25 יחידות,ויסוצקי ירוק,IL,תה ירוק צאי מסאלה 25 שק,יחידה,25.00,יחידה,false,1,24.90,0.9960,true,1,8561
7290012413643,false,תה ירוק קמומיל ויסוצקי 25 יחידות,ויסוצקי ירוק,IL,תה ירוק קמוקיל 1.5 ג 25 שק,יחידה,25.00,יחידה,false,1,24.90,0.9960,true,1,9643
7290012475092,false,משקה דגנים נמס אורגני גרין פילד 100 גרם,,PL,משקה דגנים נמס אורגני 100גר דרין פילד,גרמים,100.00,100 גרם,false,12,15.90,15.9000,true,1,46824
7290012475108,false,משקה משעורה נמס אורגני גרין פילד 75 גרם,גרין פילד,EG,משקה שעורה נמס אורגני 75 גר גרינפלד,Unknown,0.00,Unknown,false,1,15.90,0.0000,true,1,34390
7290012475306,false,מיץ תפוזים אורגני גרין פילד 1 ליטר,,TR,מיץ תפוזים אורגני גרין פילד 1 לי,ליטרים,1.00,ליטר,false,12,16.90,16.9000,true,1,46822
7290012483011,false,"פולי סויה קפואים 1ק""ג (מאנצ'ו)",קו אל טי די קיאוניונ,CN,פולי סויה קפוא 1 קג,קילוגרמים,1.00,"ק""ג",false,1,18.20,18.2000,true,1,6446
7290012483608,false,"אורז בסמטי DAAWAT מהדרין 5 ק""ג.",הנסיך- מפעל לייצור ט,IN,אורז בסמטי מובחר 5 קג דאוואט,קילוגרמים,5.00,"ק""ג",false,1,54.90,10.9800,true,1,11297
7290012522581,false,טבעול שניצל תירס ללא גלוטן טבעול 664 גרם,עיצובים 2020 (4.8),IL,שניצל תירס ללא גלוטן 664 גר,גרמים,664.00,100 גרם,false,1,32.90,4.9548,true,1,8883
7290012561337,false,כורכום טרי כתוש קפוא דורות 70 גר,מוצרי שום ותיבול דורות,IL,כורכום טרי כתוש 70גר דורות,גרמים,70.00,100 גרם,false,32,10.90,15.5714,true,1,28225
7290012561405,false,בצל חצי מטוגן דורות 180 גרם,עיצובים 2020 (3.8),IL,בצל חצי מטוגן דורות 180 גר,גרמים,180.00,100 גרם,false,1,11.90,6.6111,true,1,6880
7290012576348,false,"ספיישל רזרב שרדונה 750 מ""ל",טמפו,IL,יין ספיישל רזרב שרדונה 750 מל פקדון,מיליליטרים,750.00,"100 מ""ל",false,1,70.00,9.3333,true,1,10577
7290012576591,false,"יין רזרב גוורצטרמינר 750 מ""ל שביעית",יקבי ברקן שיווק והפצה בע,IL,יין רזרב גוורטצטרמינר 750 מל,מיליליטרים,750.00,"100 מ""ל",false,1,45.00,6.0000,true,1,12296
7290012588242,false,"מים מינרלים מיי וואטר כדורגל מארז 500X6מ""ל",נרה קריטיס אס איי באריפט,GR,מארז 6יח מים מינרלים 500מל כדורגל,מיליליטרים,1800.00,"100 מ""ל",false,4,11.90,0.6611,true,1,29053
7290012637032,false,זעתר הקברקרולי 130 גרם,תבליני ב.ד.,IL,זעתר האזוב המקראי 100 גר,גרמים,100.00,100 גרם,false,1,13.90,13.9000,true,1,7451
7290012637117,false,חליטת צמחים בשקיקים,,,חליטת תה לואיזנע 20 שקיקים 1.5 גר,Unknown,0.00,Unknown,false,1,25.00,0.0000,true,1,12016
7290012637124,false,חליטת צמחים בשקיקים,,,חליטת תה ירוק 20 שקיקים 1.5 גר,Unknown,0.00,Unknown,false,1,25.00,0.0000,true,1,12015
7290012637131,false,חליטת צמחים בשקיקים,,,חליטת תה יזרעאל 20 שקיקים 1.5 גר,Unknown,0.00,Unknown,false,1,25.00,0.0000,true,1,12014
7290012637360,false,חליטת תה כורכום הדרי,,,חליטת תה כורכום הדרים 20 שקיקים 1.5 גר,Unknown,0.00,Unknown,false,1,25.00,0.0000,true,1,24664
7290012642678,false,אננס בכוסות פלסטיק 4*113 ג' תומר,FOODS HUIZIANG JIANGSU,CN,מארז 4 יח לפתן אננס בכוס פלסטי 113 גר,גרמים,452.00,100 גרם,false,1,11.90,2.6327,true,1,7437
7290012642685,false,אפרסק פירות בכוסות פלסטיק 4*113ג' תומר,תומר,,מארז 4 יח לפתן אפרסק בכוס פלסטי 113 גר,גרמים,452.00,100 גרם,false,1,11.90,2.6327,true,1,7439
7290012642807,false,פלפלים ירוקים כבושים בחומץ תומר 540 גרם,תומר,,פלפלים ירוק בחומץ בצנצנת 520 גר,גרמים,520.00,100 גרם,false,1,10.90,2.0962,true,1,7795
7290012642814,false,פלפלים חריפים מעורבים כבושים שלמים,סאטקו,BG,פלפל מעורב בחומץ חריף 520 גר בצנצנת,גרמים,520.00,100 גרם,false,1,10.90,2.0962,true,1,7796
7290012642838,false,רצועות פלפל אדום בחומץ תומר 520 גרם,תומר,,פלפל רצועות אדום בחומץ 520 גר בצנצנת,גרמים,520.00,100 גרם,false,1,10.90,2.0962,true,1,7797
7290012642845,false,חצאי פלפל אדום בחומץ תומר 520 גרם,תומר,IL,פלפל אדום בחומץ 520 גר בצנצנת,גרמים,520.00,100 גרם,false,1,10.90,2.0962,true,1,7798
7290012642852,false,פלפל אדום על האש תומר 330 גרם,סאטקו,BG,פלפל אדום על האש 520 גרבצנצנת,גרמים,520.00,100 גרם,false,1,10.90,2.0962,true,1,7799
7290012642869,false,פלפלים קטנים חריפים כבושים שלמים,תומר,,פלפל אדום בחומץ חריף 520 גר צנצנת,גרמים,520.00,100 גרם,false,1,10.90,2.0962,true,1,7800
7290012642876,false,פלפלונים מעורב צבעוני בחומץ חריף6X,סאטקו,BG,פלפלונים מעורב בחומץ חריף 520 גר צנצנת,גרמים,520.00,100 גרם,false,1,10.90,2.0962,true,1,7801
7290012642906,false,פלפלים ירוקים מוחמצים שלמים בחריפות עדינה,תומר,,פלפלונים ירוק בחומץ 520 גר בצנצנת,גרמים,520.00,100 גרם,false,1,10.90,2.0962,true,1,7803
7290012645051,false,יוגורט עיזים חלב הארץ 350 גרם,חלב הארץ,IL,יוגורט עיזים 350גרם גביע,גרמים,350.00,100 גרם,false,8,10.00,2.8571,true,1,32989
7290012645112,false,יוגורט עיזים 2.8% בדלי חלב הארץ 750 גרם,מחלבות סוסיא,IL,יוגורט עיזים 750 גרם דלי,מיליליטרים,750.00,"100 מ""ל",false,1,17.90,2.3867,true,1,17103
7290012645174,false,גבינת עיזים 5% חלב הארץ 200 גרם,חלב הארץ,IL,גבינת עיזים 200גר 5% שומן חלב הארץ,גרמים,200.00,100 גרם,false,6,13.90,6.9500,true,1,48864
7290012645280,false,"יוגורט כבשים טבעי 2.8% בגביע חלב הארץ 150מ""ל",מחלבות סוסיא,IL,יוגורט כבשים בסגנון יווני 150גר חלב הארץ,מיליליטרים,150.00,"100 מ""ל",false,8,5.10,3.4000,true,1,13678
7290012645297,false,יוגורט עיזים ביו 2.8% טעם טבעי חלב הארץ 150 גרם,מחלבות סוסיא,IL,יוגורט עיזים טבעי 150מל חלב הארץ,מיליליטרים,150.00,"100 מ""ל",false,1,5.80,3.8667,true,1,13675
7290012668296,false,מעדן תות שדה דודה בר,,IL,מעדן תות שדה דודה ברטה 284 גרם,גרמים,284.00,100 גרם,false,6,15.90,5.5986,true,1,48969
7290012668302,false,מעדן מנדרינה תפוז דו,,IL,מעדן מנדרינה תפוז דודה ברטה 284 גרם,גרמים,284.00,100 גרם,false,6,15.90,5.5986,true,1,48973
7290012668319,false,מעדן דומדומניות שחור,,IL,מעדן דומדומניות שחורות דודה ברטה 284 גרם,גרמים,284.00,100 גרם,false,6,15.90,5.5986,true,1,48972
7290012668456,false,מעדן דובדבן דודה ברט,,IL,מעדן דובדבן דודה ברטה 284 גרם,גרמים,284.00,100 גרם,false,6,15.90,5.5986,true,1,48971
7290012668616,false,אנט ברטה- מעדן פירות,,IL,מעדן פירות יער דודה ברטה 284 גרם,גרמים,284.00,100 גרם,false,6,15.90,5.5986,true,1,48970
7290012668630,false,מעדן משמש דודה ברטה,,IL,מעדן משמש דודה ברטה 284 גרם,גרמים,284.00,100 גרם,false,6,15.90,5.5986,true,1,48974
7290012668746,false,רוטב צילי שום דודה ב,,IL,רוטב צילי שום דודה ברטה 350 גר,גרמים,350.00,100 גרם,false,9,16.90,4.8286,true,1,48979
7290012668784,false,רוטב דבש ושום דודה ב,,IL,רוטב דבש ושום דודה ברטה 320 גרם,גרמים,320.00,100 גרם,false,9,16.90,5.2812,true,1,48980
7290012668791,false,רוטב בצל יין אדום וס,,IL,רוטב בצל יין אדום וסויה דודה ברטה 350 גר,גרמים,350.00,100 גרם,false,9,16.90,4.8286,true,1,48977
7290012668968,false,רוטב טריאקי רימון דו,,IL,רוטב טריאקי רימון דודה ברטה 350 גר,גרמים,350.00,100 גרם,false,9,16.90,4.8286,true,1,48978
7290012692024,false,אלכוגל לשמירה על היגיינת הידיים 500 מל,פישר מעבדות פרמצבטיות בע,IL,גל אלכוגל לידיים 500 מל תפוח,מיליליטרים,500.00,"100 מ""ל",false,1,21.90,4.3800,true,1,14645
7290012694264,false,מכשיר סודה סטרים בר,סודה סטרים,,מכשיר סודה סטרים בר משקאות קריסטל שחור,יחידה,1.00,יחידה,false,1,699.00,699.0000,true,1,21501
7290012697241,false,"סוכרזית מצמח הסטיוויה נוזל 220 מ""ל",אף.סי תבליני בגליל ב,IL,סוכרזית מהטבע סטיוויה נוזל 220 מל,מיליליטרים,220.00,"100 מ""ל",false,1,29.90,13.5909,true,1,8902
7290012718533,false,יין אופטימה 2017 750,,,יין אופטימה 2017 750 מל,מיליליטרים,750.00,"100 מ""ל",false,1,149.00,19.8667,true,1,31790
7290012718564,false,יין אניגמה מרגלית 20,,,יין אניגמה מרגלית 2017 750מל,מיליליטרים,750.00,"100 מ""ל",false,1,205.00,27.3333,true,1,34404
7290012718588,false,יין גראנש/מורבדר/סיר,,,יין גראנש/מורבדר/סירה 2017 750 מל,מיליליטרים,750.00,"100 מ""ל",false,1,149.00,19.8667,true,1,31029
7290012759253,false,טראפלס תמרים וקקאו 280 גר' - ממה,ממה חטיפי אנרגיה,IL,טראפל תמרים ממה 280 גרם,גרמים,280.00,100 גרם,false,6,31.90,11.3929,true,1,32302
7290012759529,false,טראפלס שקדים וטחינה 280 גר' - ממה,ממה חטיפי אנרגיה,IL,טראפל ממה שקדים וטחינה 280 גרם,גרמים,280.00,100 גרם,false,6,31.90,11.3929,true,1,32315
7290012759659,false,משפחתית בראוניז תמר שוקולד קוקוס ואגוז מלך 240 גר' - ממה,ממה חטיפי אנרגיה,IL,חטיפי בראוניז תמר קוקוס אגוזי מלך240גר,גרמים,240.00,100 גרם,false,6,26.90,11.2083,true,1,32313
7290012759666,false,משפחתית בראוניז תמר שוקולד פקאן ופולי קקאו 240 גר' - ממה,ממה חטיפי אנרגיה,IL,חטיפי בראוניז תמר פקאן ופולי קקאו240גר,גרמים,240.00,100 גרם,false,6,26.90,11.2083,true,1,32312
7290012759673,false,משפחתית בראוניז חמאת בוטנים קשיו וגוג'י ברי 240 גר' - ממה,ממה חטיפי אנרגיה,IL,חטיפי בראוניז חמאת בוטנים קשיו גוגי ברי,גרמים,240.00,100 גרם,false,6,26.90,11.2083,true,1,32311
7290012798214,false,יין רוסו אדום יבש 75,חדד את סיידא,IL,יין רוסו אדום יבש 750מל,מיליליטרים,750.00,"100 מ""ל",false,1,110.00,14.6667,true,1,25374
7290012798283,false,יין רוזה יבש 2014 75,חדד את סיידא,IL,יין רוזה יבש 2014 750מל פקדון,מיליליטרים,750.00,"100 מ""ל",false,1,100.00,13.3333,true,1,11319
7290012798467,false,"יין יקב לוריא גוורצטרמינר 750 מ""ל",יקבי יפו,IL,יין גוורצטרמינר לבן חצי יבש 750מל,מיליליטרים,750.00,"100 מ""ל",false,1,85.00,11.3333,true,1,23491
7290012798566,false,יין אדום שיראז יבש 7,חדד את סיידא,IL,יין tsuo שיראז יבש 750מל,מיליליטרים,750.00,"100 מ""ל",false,1,110.00,14.6667,true,1,25051
7290012798573,false,יין לוריא טרסה 750 מל,,,יין טרסה אדום יבש 2014 750מל פקדון,מיליליטרים,750.00,"100 מ""ל",false,1,85.00,11.3333,true,1,24221
7290012798580,false,יין שרדונה 2017 לורי,,,יין שרדונה 2017 לוריא 750 מל,מיליליטרים,750.00,"100 מ""ל",false,1,120.00,16.0000,true,1,27576
7290012798689,false,"יין לוריא פינו גריזיו 750 מ""ל",חדד את סיידא,IL,יין פינו גריגיו לבן יבש 2015 750 מל,מיליליטרים,750.00,"100 מ""ל",false,1,100.00,13.3333,true,1,24220
7290012803055,false,סוכרלוז מרמולייט- 100שקיות אישיות,"קיפל טבליות וממתיקים בע""מ",IL,סוכרלוז מרמולייט בשקית 100 יח,יחידה,100.00,יחידה,false,1,25.90,0.2590,true,1,6676
7290012803215,false,וופל בלגי בטעם שוקולד ללא תוספת סוכר,בטר אנד דיפרנט,IL,וופל שוקולד ללא סוכר טוסו200גר,גרמים,200.00,100 גרם,false,1,9.90,4.9500,true,1,9120
7290012803222,false,טוסו ופל בסגנון בלגי בטעם לימון ללא תוספת סוכר 200 גרם,בטר אנד דיפרנט,IL,וופל לימון ללא סוכר טוסו200גר,גרמים,200.00,100 גרם,false,1,9.90,4.9500,true,1,9121
7290012803314,false,ממתיק על בסיס סוכרלוז - טבליות,"קיפל טבליות וממתיקים בע""",CN,סוכרלוז מרמולייט טבליות 300 יח,יחידה,300.00,יחידה,false,1,37.90,0.1263,true,1,7106
7290012803352,false,רייד תרסיס קוטל יתושים/זבובים 300 מל,אס.סי.ג'ונסון מידרכט,NL,"רייד ארוסול קוטל מעופפים אדום 300 מ""ל",מיליליטרים,300.00,"100 מ""ל",false,1,15.90,5.3000,true,1,8110
7290012803451,false,טוסו שוקולד מריר 62% מוצקי קקאו ללא תוספת סוכר 100 גרם,אלטינמארקה,TR,שוקולד מריר 60% טוסו 100 גר,גרמים,100.00,100 גרם,false,1,10.90,10.9000,true,1,11531
7290012803543,false,רייד מכשיר+נוזל נ.יתושים,אף.סי תבליני בגליל ב,CN,מכשיר רייד +מילוי נוזל 45 לילות,יחידה,1.00,יחידה,false,1,34.90,34.9000,true,1,7420
7290012803765,false,טוסו שוקולד מריר ללא תוספת סוכר 100 גרם,אלטינמארקה גידה סאן,TR,שוקולד מריר טוסו ללא סוכר 100 גר,גרמים,100.00,100 גרם,false,1,10.90,10.9000,true,1,9118
7290012803772,false,טוסו שוקולד חלב ללא תוספת סוכר 100 גרם,אלטינמארקה גידה סאן,TR,שוקולד חלב טוסו ללא סוכר 100 גר,גרמים,100.00,100 גרם,false,1,10.90,10.9000,true,1,9117
7290012803789,false,טוסו שוקולד מריר עם אגוזים ללא תוספת סוכר 100 גרם,האי נאם סי או אל.טי.,TR,שוקולד מריר אגוז טוסו ללא סוכר100 גר,גרמים,100.00,100 גרם,false,1,10.90,10.9000,true,1,9119
7290012823237,false,"תחליב רחצה קרמה בריזת ים 700 מ""ל",החברה הדרומית,IL,תחליב רחצה קרמה מועשר 700מל בריזת ים,מיליליטרים,700.00,"100 מ""ל",false,12,18.90,2.7000,true,1,34927
7290012823343,false,משחת שיניים אורביטול קידס סטעם סוכריות ג'לי 70 גרם,טרופיקל דגיל תעשיות קוסמ,IL,משחת שיניים אורביטול שימר שיין 70 מל,גרמים,70.00,100 גרם,false,1,9.90,14.1429,true,1,33871
7290012823374,false,אנטי קאלק מטליות לחות לניקוי כללי סנו 50 יחידות,מיוצר עי קונדיטוריית,IL,מטליות סושי אנטי קלאק לחות 4ב1,Unknown,0.00,Unknown,false,1,11.90,0.0000,true,1,7777
7290012823381,false,מקסימה מרכך כביסה מרוכז סנסטיב בייבי סנו 1 ליטר,"סנו מפעלי ברונוס בע""\מ",IL,מרכך כביסה מקסימה מרוכז סנסטיב 1 ל,ליטרים,1.00,ליטר,false,1,16.90,16.9000,true,1,7425
7290012823398,false,מטליות חד פעמיות לניקוי הרצפה בניחוח מרכך כביסה 10יח' סנו,סנו מפעלי ברונו בעמ,IL,מטלית ריצפז פרש בניחוח מרכך 10יח 40*70סמ,יחידה,10.00,יחידה,false,1,14.90,1.4900,true,1,20276
7290012823541,false,ריצפז פרש מטליות לחות לרצפה בניחוח לבנדר 10 יחידות,"סנו מפעלי ברונוס בע""\מ",IL,מטליות סנו ריצפז פרש ענק לרצפה 40*70 סמ,יחידה,10.00,יחידה,false,1,14.90,1.4900,true,1,7808
7290012823558,false,"מטליות לחות לרצפה 40*70 ס""מ סנו סושי 10 יחידות",סנו מפעלי ברונוס בעמ,IL,מטליות לחות לרצפה סנו סושי10 יח 40/70,יחידה,10.00,יחידה,false,1,12.90,1.2900,true,1,7426
7290012823565,false,פוליויקס מטליות ענק לחות לפרקט סנו 10 יחידות,דינאמיק תעשיות,IL,מטליות לחות לרצפה פוליווקס פרקט 70/40,יחידה,10.00,יחידה,false,1,14.90,1.4900,true,1,7776
7290012823589,false,ריצפז פרש בניחוח לימון מרענן,סנו פרש Fresh,IL,נוזל רצפה ריצפז פרש לימון 2 לי,ליטרים,2.00,ליטר,false,1,16.90,8.4500,true,1,8005
7290012823602,false,נייר טואלט סופט סילק לבן - מארז 32 גלילים,טרופיקל דגיל תעשיות,IL,נ.טואלט סופט סילק לבן 32 יח,יחידה,32.00,יחידה,false,1,34.90,1.0906,true,1,7996
7290012823657,false,"סנו קל רסס וכבס מילוי 750 מ""ל",סנו קל,IL,סנוקל רסס וכבס שקית מילוי 750 מל,מיליליטרים,750.00,"100 מ""ל",false,1,11.90,1.5867,true,1,7759
7290012823787,false,"סנו רסס ונגב שקית מילוי 750 מ""ל",סנו,IL,סנו רסס ונגב שקית מילוי 750 מל,מיליליטרים,750.00,"100 מ""ל",false,1,11.90,1.5867,true,1,7758
7290012823923,false,"מקסימה מרכך כביסה מרוכז פרפיום גולדן סנרייז סנו 750 מ""ל",סנו מפעלי ברונוס בעמ,IL,מרכך כביסה מקסימה פרפיום גולדן סנרייז750,מיליליטרים,750.00,"100 מ""ל",false,1,16.90,2.2533,true,1,7884
7290012823947,false,"סנו - מרכך כביסה מרוכז פרפיום קריסטל נואר 750 מ""ל",מיוצר עי קונדיטוריית,IL,מרכך כביסה מקסימה פרפיום קריסטל נואר750,מיליליטרים,750.00,"100 מ""ל",false,1,16.90,2.2533,true,1,7885
7290012864155,true,מיקס נבטים,,,מיקס נבטים,Unknown,0.00,Unknown,false,1,14.90,0.0000,true,1,47156
7290012871061,false,חטיף תירס פופ מתוק ד,מפעלי דגן,IL,חטיף תירס פופ מתוק דגן 150 גר,גרמים,150.00,100 גרם,false,1,7.00,4.6667,true,1,15333
7290012871375,false,דגן פצפוצי כוסמין בצ,מפעלי דגן,IL,פצפוצי כוסמין ציפוי דבש 200 גר,גרמים,200.00,100 גרם,false,1,12.50,6.2500,true,1,16959
7290012871382,false,דגן שלווה מלאה תפוחה,מפעלי דגן,,חיטה מלאה תפוחה ל.סוכר 150 גרם,גרמים,150.00,100 גרם,false,1,7.50,5.0000,true,1,28649
7290012871412,false,שלווה חיטה בציפוי קק,מפעלי דגן,,חיטה תפוחה בציפוי קקאו 200 גרם,גרמים,150.00,100 גרם,false,1,7.50,5.0000,true,1,45714
7290012871429,false,פצפוצי כוסמת קלוי בת,מפעלי דגן,,חטיף דגן פצפוצי כוסמת סילאן וקינמוןן 200,גרמים,200.00,100 גרם,false,1,10.90,5.4500,true,1,24614
7290012871436,false,דגנים מלאים 5 תפוחים,מפעלי דגן,IL,דגנים מלאים 5 תפוחים דבש סוכר חום 220 גר,גרמים,220.00,100 גרם,false,1,9.50,4.3182,true,1,16961
7290012884986,false,תפוגן ציפס לתנור עד 4% שומן 1.5 קג,"תעשיות תפוגן בע""\מ",IL,ציפס לתנור עד 4% שומן תפוגן 1.5 קג,גרמים,1500.00,100 גרם,false,1,24.90,1.6600,true,1,10774
7290012894152,false,בייקאיט בטעם שוקולד 280,מוצרי שום ותיבול דורות,IL,דורות בייקאיט ט.שוקולד 280גר,גרמים,280.00,100 גרם,false,12,29.90,10.6786,true,1,45128
7290012894169,false,דורות בייקאיט בטעם וניל 280 גרם,מוצרי שום ותיבול דורות,IL,דורות בייקאיט ט.וניל 260גר,גרמים,280.00,100 גרם,false,12,29.90,10.6786,true,1,45129
7290012901355,false,דודלס ארוחת אטריות עם גבינה 206 גרם,האי נאם סי או אל.טי.,US,פסטה גבינה לבן דודלס 206 גר,גרמים,206.00,100 גרם,false,1,11.90,5.7767,true,1,12952
7290012911170,false,מיסו כהה-מחית פולי סויה,טעמי אסיה Taste of Asia,,מחית מיסו כהה 500 גרם אסיה,גרמים,500.00,100 גרם,false,1,13.90,2.7800,true,1,15462
7290012911187,false,מיסו בהיר-מחית פולי סויה,טעמי אסיה Taste of Asia,,מחית מיסו בהירה 500 גרם אסיה,גרמים,500.00,100 גרם,false,1,13.90,2.7800,true,1,15461
7290012911941,false,רוטב צ'ילי מתוק ללא תוספת סוכר,טעמי אסיה Taste of Asia,TH,רוטב צילי דיאט ללא סוכר 700מל אסיה,מיליליטרים,700.00,"100 מ""ל",false,1,18.90,2.7000,true,1,9742
7290012921025,false,"בקבוק בירה מלכה בהירה 330 מ""ל","בירה מלכה בע""מ",IL,בירה מלכה בהירה בסגנון בלגי 330מל פקדון,מיליליטרים,330.00,"100 מ""ל",false,1,14.90,4.5152,true,1,8864
7290012921032,false,"בקבוק בירה מלכה אדמונית 330 מ""ל","בירה מלכה בע""מ",IL,בירה מלכה אדמונית אנגלי 330מל פקדון,מיליליטרים,330.00,"100 מ""ל",false,1,14.90,4.5152,true,1,8865
7290012921049,false,בירה מלכה כהה בסגנון,"בירה מלכה בע""מ",IL,בירה מלכה כהה בסגנון אירי 330מל פקדון,מיליליטרים,330.00,"100 מ""ל",false,1,14.90,4.5152,true,1,8866
7290012921056,false,"בקבוק בירה מלכה חיטה 330 מ""ל",מבשלת בירה ישראלית,IL,בירה מלכה חיטה 330מל פקדון,מיליליטרים,330.00,"100 מ""ל",false,1,14.90,4.5152,true,1,24942
7290012921063,false,בירה מלכה הינדי בבקבוק,"בירה מלכה בע""מ",IL,בירה מלכה הינדי 330 מל פקדון,מיליליטרים,330.00,"100 מ""ל",false,1,14.90,4.5152,true,1,10341
7290012921070,false,"בירה מלכה אדמונית 750 מ""ל","בירה מלכה בע""מ",IL,בירה מלכה אדמונית 750 מל פקדון ס.חוזרת,מיליליטרים,750.00,"100 מ""ל",false,1,29.90,3.9867,true,1,35723
7290012921087,false,"בירה מלכה בהירה 750 מ""ל","בירה מלכה בע""מ",IL,בירה מלכה כהה 750 מל פקדון ס.חוזרת,מיליליטרים,750.00,"100 מ""ל",false,1,29.90,3.9867,true,1,35724
7290012931062,false,אטבי כביסה הדור החדש,מ.א ייצור ושיווק מטל,CN,אטבי כביסה הדור החדש 10יח,יחידה,10.00,יחידה,false,1,5.90,0.5900,true,1,36238
7290012931086,false,מטאטא מליציה + מקל,מ.א. ייצור ויבוא מטליות,IT,מטאטא מליציה,יחידה,1.00,יחידה,false,12,13.90,13.9000,true,1,32042
7290012931611,false,כריות ברזל לקרצוף חזק שייני 3 יחידות,מ.א ייצור ושיווק מטל,CN,כריות ברזל לקרצוף חזק 3 יח שיין,יחידה,3.00,יחידה,false,24,6.90,2.3000,true,1,31969
7290012936838,false,תבלין הל טחון תבליני מימון 35 גרם,א.ל ייצור ושיווק תבל,IL,תבלין הל טחון 35 גר,Unknown,0.00,Unknown,false,1,17.90,0.0000,true,1,7772
7290012936845,false,תבלין לקוסקוס תבליני מימון 40 גרם,א.ל ייצור ושיווק תבל,IL,תבלין לקוסקוס מיכל 50 גר,Unknown,0.00,Unknown,false,1,11.90,0.0000,true,1,28357
7290012936852,false,תבלינים קימל טחון בצנצנות 40 גרם,א.ל ייצור ושיווק תבל,IL,תבלין קימל טחון מיכל 40 גר,Unknown,0.00,Unknown,false,1,8.90,0.0000,true,1,28356
7290012936890,false,תבלינים קצח בצנצנות זכוכית 50 גרם,א.ל ייצור ושיווק תבל,IL,תבלין קצח מיכל 50 גר,Unknown,0.00,Unknown,false,1,11.90,0.0000,true,1,7768
7290012936906,false,תבלינים ציפורן שלם בצנצנות 25 גרם,א.ל ייצור ושיווק תבלינים,IL,תבלין ציפורן שלם מיכל 25 גר,Unknown,0.00,Unknown,false,1,14.50,0.0000,true,1,7771
7290012936913,false,תבלין סומק תבליני מימון 45 גרם,א.ל ייצור ושיווק תבל,IL,תבלין סומק מיכל 40 גר,Unknown,0.00,Unknown,false,1,11.90,0.0000,true,1,7770
7290012936937,false,תבלינים בהרט בצנצנת 40 גרם,א.ל ייצור ושיווק תבל,IL,תבלין בהרט מיכל 40 גר,Unknown,0.00,Unknown,false,1,11.90,0.0000,true,1,7769
7290012936944,false,אגוז מוסקט טחון תבליני מימון 40 גרם,א.ל ייצור ושיווק תבלינים,IL,תבלין אגוז מוסקט טחון 40 גר,Unknown,0.00,Unknown,false,1,14.50,0.0000,true,1,7767
7290012938405,false,"רדיד אלומיניום עבה במיוחד לבישול,אפייה והקפאה.",ריינולדס,CN,דיאמונד אלומיניום 87 0.3*7.5,Unknown,0.00,Unknown,false,1,21.90,0.0000,true,1,8271
7290012938580,false,"סנסודיין משחת שיניים להלבנה עדינה 75 מ""ל",גלקסוסמית'\קליין קונסיומ,GB,משחת שיניים סנסודיין הלבנה עדינה 75 מל,מיליליטרים,75.00,"100 מ""ל",false,1,21.90,29.2000,true,1,8275
7290012938597,false,"סנסודיין משחת שיניים רפיד רליף 75 מ""ל","סמיתקליין ביצ'ם בע""מ",GB,מש.שיניים סנסודיין רפיד רליף 75 ג,גרמים,75.00,100 גרם,false,1,21.90,29.2000,true,1,9384
7290012938740,false,"משחת שיניים פרש מינט מנטה 75מ""ל סנסודיין",גלקסו סמית קליין,GB,מש.שיניים סנסודיין מנטה 75 מל ירוק,גרמים,75.00,100 גרם,false,1,21.90,29.2000,true,1,9461
7290012938924,false,אקוהפרש מי פה ללא אלכוהול 500 מל,מולינו ניקולי s.p.a,GB,מי פה אקווה פרש מנטה 500 מל,מיליליטרים,500.00,"100 מ""ל",false,1,14.90,2.9800,true,1,9608
7290012958014,false,ביצי דגים 113 גר זכוכית,,,דגי אלתית בצנצנת 113 גרם,גרמים,113.00,100 גרם,false,1,59.00,52.2124,true,1,35668
7290012958045,false,ביצי דגים 200 גר פחית,,,דגי אלתית בפח 200 גרם,גרמים,200.00,100 גרם,false,1,99.00,49.5000,true,1,35669
7290012958052,false,ביצי דגים 250 גר בזכוכית,,,דגי אלתית בצנצנת 250 גרם,גרמים,250.00,100 גרם,false,1,129.00,51.6000,true,1,35670
7290012962134,false,קיסמי שיניים מפלסטיק עם מברשת 100 יחידות,הוסטס Hostess,CN,קיסמי שיניים פלסטיק עם מברשת 100יח,יחידה,100.00,יחידה,false,1,9.90,0.0990,true,1,18517
7290012962165,false,כפפות משק בית איזי טאץ אינטרסאן,B.H.R. & P.P,CN,כפפות משק בית איזי טאץ L/M/S/XL,Unknown,0.00,Unknown,false,1,3.90,0.0000,true,1,19591
7290012962448,false,"מדליק פחם נוזלי 250 מ""ל עם פקק ביטחון EASY LIGHT",איזי לייט Easy light,NL,מדליק פחם נוזלי 250 מל איזי לייט,מיליליטרים,250.00,"100 מ""ל",false,1,11.90,4.7600,true,1,18511
7290012962592,false,מדליק פחם אקולוגי מוצק 32 יחידות EASY LIGHT,איזי לייט Easy light,DE,מדליק פחם מוצק אקולוגי 32 יח איזי לייט,יחידה,32.00,יחידה,false,1,6.90,0.2156,true,1,18509
7290012962684,false,"הוסטס שקיות צליה ג'מבו 50X35 ס""מ בקופסה 5 יח'",הוסטס Hostess,TR,שקיות צליה גמבו הוסטס 50/35 סמ 5 יח,יחידה,5.00,יחידה,false,1,5.90,1.1800,true,1,18487
7290012983153,false,סילאן טבעי בקבוק לחיץ תמר כנרת 400 גר,מנדלז סי.אר. פרודקשן,IL,סילאן טבעי לחיץ 400 גר חצר כנרת,גרמים,400.00,100 גרם,false,1,17.90,4.4750,true,1,11171
7290012983160,false,סילאן בקבוק לחיץ 400 גרם,"חצר כנרת מוצרי תמר אגש""ח",IL,סילאן לחיץ 400 גר חצר כנרת,גרמים,400.00,100 גרם,false,1,12.90,3.2250,true,1,11170
7290012983320,false,ממרח תמרים - חצר כנרת 450 גר',מנדלז סי.אר. פרודקשן,IL,ממרח תמרים 450 גרם חצר כנרת,גרמים,450.00,100 גרם,false,1,5.90,1.3111,true,1,14378
7290012983696,false,רוטב סילאן לגריל לחי,חצר כנרת,,רוטב סילאן לגריל לחיץ 350 מל,מיליליטרים,350.00,"100 מ""ל",false,1,13.90,3.9714,true,1,15714
7290012996450,false,מרכך כביסה מרוכז פרחי אביב הפי 1 ליטר,יעקובי הפי,BE,מרכך כביסה הפי מרוכז 1 ליטר פרחי אביב,ליטרים,1.00,ליטר,false,1,9.90,9.9000,true,1,7586
7290012996672,false,סבון אסלה + בושם ל24 שעות ביום הפי,יוליניבר,IT,זוג סבון אסלה הפי מבושם 24 שעות,יחידה,2.00,יחידה,false,1,9.90,4.9500,true,1,8455
7290012996702,false,הפי ג'ל דוחה עש ומבשם לארון הבגדים,יעקבי - הפי Hepi,IT,מגן עש לבגדים הפי,יחידה,2.00,יחידה,false,1,11.90,5.9500,true,1,20815
7290013083661,false,"מטרנה אקסטרה קר שלב 1 חסכון 700 גרם תמ""ל",מטרנה תעשיות ש.מ,IL,מטרנה אקסטרא קר שלב 1 700 גר,גרמים,700.00,100 גרם,false,1,69.90,9.9857,true,1,7622
7290013083678,false,תחליף חלב מטרנה אקסטרה קר שלב 2 700 גרם,מולינו ניקולי s.p.a,IL,מטרנה אקסטרא קר שלב 2 700 גר,גרמים,700.00,100 גרם,false,1,69.90,9.9857,true,1,7623
7290013083685,false,תחליף חלב מטרנה אקסטרה קר שלב 3 חסכון 700 גרם,מטרנה תעשיות ש.מ,IL,מטרנה אקסטרא קר שלב 3 700 גר,גרמים,700.00,100 גרם,false,1,69.90,9.9857,true,1,7624
7290013090171,false,חסה לבבות אורגנית,,IL,חסה לבבות אורגנית,יחידה,1.00,יחידה,false,1,11.90,11.9000,true,1,51109
7290013090409,false,קייל אורגני יח,,,קייל אורגני,Unknown,0.00,Unknown,false,1,11.90,0.0000,true,1,51297
7290013090492,false,כוסברה אורגנית יח',,IL,כוסברה אורגנית,יחידה,1.00,יחידה,false,1,7.90,7.9000,true,1,23864
7290013090515,false,פטרוזיליה אורגני יח,,IL,פוטרוזיליה אורגני,יחידה,1.00,יחידה,false,1,7.90,7.9000,true,1,23866
7290013090577,false,מלפפון בייבי אורגני,,IL,מלפפון בייבי אורגני,יחידה,1.00,יחידה,false,1,12.90,12.9000,true,1,14454
7290013090683,false,פלפל סוויט בייט אורג,,IL,פלפל סוויט בייט אורגני,יחידה,1.00,יחידה,false,1,11.90,11.9000,true,1,51113
7290013090928,false,עגבניה אורגנית,,IL,עגבניה אורגנית,קילוגרמים,1.00,"ק""ג",true,,12.90,12.9000,true,1,37282
7290013090935,false,מלפפון אורגני,,IL,מלפפון אורגני,קילוגרמים,1.00,"ק""ג",true,,13.90,13.9000,true,1,37287
7290013090942,false,בטטה אורגנית,,IL,בטטה אורגנית,קילוגרמים,1.00,"ק""ג",true,,14.90,14.9000,true,1,37284
7290013117212,false,בורקס פילו במילוי גבינה מעדנות 600 גר,מיוצר עי קונדיטוריית,IL,בורקס פילו מילוי גבינה 600 גר,גרמים,600.00,100 גרם,false,1,21.50,3.5833,true,1,7486
7290013117229,false,"בורקס פילו במילוי תפו""א מעדנות 600 גר",מיוצר עי קונדיטוריית,IL,בורקס פילו מילוי תפוא 600 גר,גרמים,600.00,100 גרם,false,1,21.50,3.5833,true,1,7487
7290013117236,false,בורקס פילו פיצה מעדנות 600 גרם,מיוצר עי קונדיטוריית,IL,בורקס פילו פיצה 600 גר,גרמים,600.00,100 גרם,false,1,21.50,3.5833,true,1,7488
7290013117243,false,בורקס פילו בולגרית מעדנות 600 גרם,מיוצר עי קונדיטוריית,IL,בורקס פילו מילוי גב.בולגרית 600 גר,גרמים,600.00,100 גרם,false,1,21.50,3.5833,true,1,7489
7290013117410,false,בצק פריך מרודד למאפים מתוקים 900 ג' מעדנות,מיוצר עי קונדיטוריית,IL,בצק פריך מתוק 900 גר,גרמים,900.00,100 גרם,false,1,24.50,2.7222,true,1,8042
7290013117427,false,בצק פריך מרודד למאפים מלוחים מעדנות 2*450 גרם,מיוצר עי קונדיטוריית,IL,בצק פריך מלוח 900 גר,גרמים,900.00,100 גרם,false,1,24.50,2.7222,true,1,8041
7290013117526,false,בצק שמרים מרודד למאפים מתוקים מעדנות 900 גרם,"מעדנות בע""\מ",IL,בצק שמרים למאפים מתוקים 900 גר,גרמים,900.00,100 גרם,false,1,24.50,2.7222,true,1,8179
7290013121028,false,לחם לבן 500 גרם ללא גלוטן גרין לייט,אביב קונדיטוריה מעול,IL,לחם לבן 500 גר ללא גלוטן,גרמים,500.00,100 גרם,false,1,18.90,3.7800,true,1,7170
7290013121035,false,לחם פשתן ללא גלוטן 500 גר קפוא,אביב קונדיטוריה מעול,IL,לחם פשתן 500 גר ללא גלוטן,גרמים,500.00,100 גרם,false,1,20.90,4.1800,true,1,7171
7290013121103,false,רביעיית לחמניות סנדויץ ללא גלוטן 460 גרם,אביב קונדיטוריה מעול,IL,מארז 4 יח שליש בגט 400 גר ללא גלוטן,גרמים,400.00,100 גרם,false,1,17.90,4.4750,true,1,7172
7290013121110,false,לחמניות בורגר ללא גלוטן גרין לייט 4 * 87 גרם,אביב קונדיטוריה מעול,IL,מארז 4 יח לחמניות בורגר 350 גר ללא גלוטן,גרמים,350.00,100 גרם,false,1,17.90,5.1143,true,1,7173
7290013121127,false,לחמניות מיני ללא גלוטן גרין לייט 6 יחידות,אביב קונדיטוריה מעול,IL,לחמניות מיני420 גר ללא גלוטן,גרמים,420.00,100 גרם,false,1,18.90,4.5000,true,1,7555
7290013121134,false,בייגל ללא גלוטן 430 גר קפוא,אביב קונדיטוריה מעול,IL,בייגל אמריקאי ללא גלוטן 430 גר,גרמים,430.00,100 גרם,false,1,20.90,4.8605,true,1,8863
7290013121158,false,לחמניות סנדוויץ ללא גלוטן גרין לייט 4 * 115 גרם,אביב קונדיטוריה מעול,IL,רביעיית לחמניות סנדביץ 460 גר,גרמים,460.00,100 גרם,false,1,19.90,4.3261,true,1,9759
7290013121165,false,לחמניות נקניקיה ללא גלוטן גרין לייט 6 * 77 גרם,אביב קונדיטוריה מעול,IL,שישיית לחמניות נקניקיה 460גר,גרמים,460.00,100 גרם,false,1,19.90,4.3261,true,1,9760
7290013121189,false,רביעית לחמניות ללא גלוטן 400 גרם,,,מארז 4יח לחמניה כפרית 400 גר ללא גלוטן,גרמים,400.00,100 גרם,false,1,21.90,5.4750,true,1,49102
7290013121226,false,בסיס לפיצה ל.גלוטן גרין,אביב קונדיטוריה מעול,IL,בסיס לפיצה ללא גלוטן 450גר גרין לייט,גרמים,450.00,100 גרם,false,1,17.90,3.9778,true,1,7556
7290013121592,false,זוג באגטים רוסטק סופר פוד 480 גר,,IL,כדורי שוקולד 300 גר ללא גלוטן,גרמים,480.00,100 גרם,false,8,21.90,4.5625,true,1,35607
7290013121684,false,כדורי שוקולד 400 גרם ללא גלוטן,אביב קונדיטוריה מעול,IL,כדורי שוקולד ללא גלוטן 400 גר קפואה,גרמים,400.00,100 גרם,false,1,25.90,6.4750,true,1,7660
7290013121691,false,שלישיית לאפות ללא גלוטן 240 גר,"גרין לייט פוד בע""מ",IL,מארז 3יח לאפות ללא גלוטן 240גר גרין לייט,גרמים,240.00,100 גרם,false,12,17.90,7.4583,true,1,25393
7290013121752,false,לחם לבן ביתי ללא גלוטן 700 גר קפוא,אביב קונדיטוריה מעול,IL,לחם לבן ביתי ללא גלוטן 700 גר גרין לייט,גרמים,700.00,100 גרם,false,1,23.90,3.4143,true,1,9293
7290013121769,false,רביעיית שליש באגט ללא תוספת סוכר וללא גלוטן,אביב קונדיטוריה מעול,IL,שליש באגט ללא סוכר 400 גר גרין לייט,גרמים,400.00,100 גרם,false,1,19.90,4.9750,true,1,9288
7290013121776,false,לחם כפרי ללא תוספת סוכר וללא גלוטן,אביב קונדיטוריה מעול,IL,לחם כפרי ללא סוכר 700 גר גרין לייט,גרמים,700.00,100 גרם,false,1,23.90,3.4143,true,1,9287
7290013121868,false,זוג בגטים רוסטיק גרעינים 480 גר,,IL,זוג בגט רוסטיק גרעינים ללג 480גר,גרמים,480.00,100 גרם,false,8,21.90,4.5625,true,1,35610
7290013133694,false,קרם להסרת שיער אורנה,אלפא קוסמטיקה,IL,קרם להסרת שיער אורנה 19 עור רגיש 80גר,Unknown,0.00,Unknown,false,1,14.90,0.0000,true,1,22797
7290013144157,false,תערובת להכנת סחלב 130גרם,א.ל ייצור ושיווק תבלינים,IL,תערובת להכנת סופגניות 600 גר,גרמים,130.00,100 גרם,false,1,10.90,8.3846,true,1,25036
7290013144171,false,מיימונס תערובת עוגת שוקולד 560 גרם.,א.ל ייצור ושיווק תבלינים,IL,תערובת עוגת שוקולד 560 גר,גרמים,560.00,100 גרם,false,1,13.90,2.4821,true,1,7718
7290013144188,false,מימונס תערובת להכנת בראוניז 600 גרם,א.ל ייצור ושיווק תבלינים,IL,תערובת בראוניס 600 גר,גרמים,600.00,100 גרם,false,1,13.90,2.3167,true,1,7719
7290013144195,false,מיימונס תערובת כדורי שוקולד 500 גרם.,א.ל ייצור ושיווק תבלינים,IL,תערובת כדורי שוקולד 500 גר,גרמים,500.00,100 גרם,false,1,13.90,2.7800,true,1,7720
7290013144201,false,מיימונס תערובת פנקייק 400 גרם,א.ל ייצור ושיווק תבלינים,IL,תערובת פנקייק 400 גר,גרמים,400.00,100 גרם,false,1,13.90,3.4750,true,1,7723
7290013144218,false,מיימונס תערובת עוגת וניל 560 גרם.,א.ל ייצור ושיווק תבלינים,IL,תערובת עוגת וניל 560 גר,גרמים,560.00,100 גרם,false,1,13.90,2.4821,true,1,7721
7290013144232,false,מיימונס פודינג בטעם וניל 80 גרם,א.ל ייצור ושיווק תבלינים,IL,פודינג וניל צרפתי 85 גר,Unknown,0.00,Unknown,false,1,5.90,0.0000,true,1,8522
7290013144249,false,מיימונס פודינג שוקולד 95 גרם,א.ל ייצור ושיווק תבלינים,IL,פודינג שוקולד 95 גר,Unknown,0.00,Unknown,false,1,5.90,0.0000,true,1,8523
7290013144263,false,תערובת מאלבי להכנה מהירה מיימונס 112 גרם,א.ל ייצור ושיווק תבלינים,IL,תערובת להכנת מלבי 112 גר מימונס,גרמים,112.00,100 גרם,false,1,10.90,9.7321,true,1,7724
7290013144270,false,תערובת להכנת קרם פטיסייר מיימונס 100 גרם,א.ל ייצור ושיווק תבלינים,IL,אבקה להכנת קרם פטיסרי 100 גר מימונס,גרמים,100.00,100 גרם,false,1,10.90,10.9000,true,1,7893
7290013144287,false,ג'לי בטעם תות מימונס 85 גרם,א.ל ייצור ושיווק תבלינים,IL,גלי טעם תות מימונס 85 גר,Unknown,0.00,Unknown,false,1,6.90,0.0000,true,1,8524
7290013144317,false,מימונס ג'וני גלילית וופל למילוי 18 יחידות,הגביע מוצרי וופלים ב,IL,150 גלילית וופל למילוי גוני 18 יח,גרמים,150.00,100 גרם,false,1,21.90,14.6000,true,1,7725
7290013144393,false,"תמצית בטעם וניל מימונס 50 מ""ל",א.ל ייצור ושיווק תבלינים,IL,תמצית בטעם וניל 50 גר,Unknown,0.00,Unknown,false,1,4.90,0.0000,true,1,7726
7290013144409,false,תמצית בטעם רום מימונס 50 גרם,א.ל ייצור ושיווק תבלינים,IL,תמצית בטעם רום 50 גר,Unknown,0.00,Unknown,false,1,4.90,0.0000,true,1,7727
7290013144416,false,"תמצית בטעם שקדים מימונס 50 מ""ל",א.ל ייצור ושיווק תבלינים,IL,תמצית בטעם שקדים 50 גר,Unknown,0.00,Unknown,false,1,4.90,0.0000,true,1,7728
7290013144447,false,"תמצית בטעם תפוז מימונס 50 מ""ל",מימונס אפייה,IL,תמצית טעם תפוז 50 גר,Unknown,0.00,Unknown,false,1,9.90,0.0000,true,1,7729
7290013144508,false,"תמצית בטעם ורדים מיימונס 50 מ""ל",מיוצר עי קונדיטוריית,IL,תמצית בטעם ורדים 50 גר,Unknown,0.00,Unknown,false,1,9.90,0.0000,true,1,7730
7290013144515,false,מיימונס צבע מאכל צהוב 50 גרם,א.ל ייצור ושיווק תבלינים,IL,צבע מאכל צהוב 50 גר,Unknown,0.00,Unknown,false,1,4.50,0.0000,true,1,7894
7290013144522,false,מימונס צבע מאכל ירוק 50 גרם,א.ל ייצור ושיווק תבלינים,IL,צבע מאכל ירוק 50 גר מימונס,Unknown,0.00,Unknown,false,1,4.50,0.0000,true,1,7895
7290013144539,false,צבע מאכל אדום מימונס 50 גרם,א.ל ייצור ושיווק תבלינים,IL,צבע מאכל אדום 50 גר מימונס,Unknown,0.00,Unknown,false,1,4.50,0.0000,true,1,7896
7290013144560,false,מיימונס צבע מאכל כחול 50 גרם,א.ל ייצור ושיווק תבלינים,IL,צבע מאכל כחול 50 גר מימונס,Unknown,0.00,Unknown,false,1,4.50,0.0000,true,1,7897
7290013144614,false,"מיימונס סירופ מייפל אמיתי 100% מקנדה 236 מ""ל",הנסיך- מפעל לייצור ט,DK,סירופ מייפל אמיתי 100% קנדה 236מל,מיליליטרים,23600.00,"100 מ""ל",false,1,29.90,0.1267,true,1,28052
7290013144812,false,אבקת אייס קפה וניל 320 גרם מימונס,מימונס אפייה,IL,תערובת אייס וניל 320 גרם מימונס,גרמים,350.00,100 גרם,false,12,15.90,4.5429,true,1,50138
7290013144911,false,מימונס מיקס שוקולד צ'יפס מריר וחלב 250 גרם,אינטרגטה תעשיות מזון 19),IL,מיקס שוקולד ציפס חלב מריר 250 גרם,גרמים,250.00,100 גרם,false,1,12.90,5.1600,true,1,50136
7290013145031,false,אגוזי לוז מסוכרים מיימונס 100 גרם,א.ל ייצור ושיווק תבלינים,IL,בראס אגוז לוז מסוכר 100 גר,גרמים,100.00,100 גרם,false,1,13.90,13.9000,true,1,10975
7290013145055,false,פרג שלם מיימונס 100 גרם,א.ל ייצור ושיווק תבלינים,IL,פרג שלם מימונס 100 גר,גרמים,100.00,100 גרם,false,1,6.90,6.9000,true,1,7731
7290013145277,false,עלים לקרמשניט מימונס 300 גרם,מימונס אפייה,IT,עלים לקרמשניט מימונס 300 גרם,גרמים,300.00,100 גרם,false,1,16.90,5.6333,true,1,22258
7290013145390,false,מימונס שוקולד צ'יפס מהדרין 250 גר,אינטרגטה תעשיות מזון 19),IL,שוקולד ציפס רגיל 250 גר,גרמים,250.00,100 גרם,false,1,9.90,3.9600,true,1,7711
7290013145406,false,שוקולד צ'יפס לבן מיימונס 250 גרם,אינטרגטה תעשיות מזון 19),IL,שוקולד ציפס לבן 250 גר,גרמים,250.00,100 גרם,false,1,9.90,3.9600,true,1,7712
7290013145437,false,שוקולד מריר מעולה ציפס מימונס 250 ג',אינטרגטה תעשיות מזון 19),IL,שוקולד ציפס 48% בלגי 250 גר,גרמים,250.00,100 גרם,false,1,13.90,5.5600,true,1,8153
7290013145444,false,שוקולד מריר מעולה ציפס 66% מימונס 250 ג',המאפיה של הרמן,IL,שוקולד ציפס 66% מריר 250 גר,גרמים,250.00,100 גרם,false,1,16.90,6.7600,true,1,12040
7290013145451,false,אבקת קקאו מימונס 150 ג',מיוצר עי קונדיטוריית,IL,קקאו מימונס10%-12% בשקית 150 גר,גרמים,150.00,100 גרם,false,16,8.90,5.9333,true,1,14840
7290013145529,false,סוכריות צבעוניות לקישוט מימונס 90 גרם,א.ל ייצור ושיווק תבלינים,IL,סוכריות צבעוניות לקישוט 90 גר,Unknown,0.00,Unknown,false,1,5.90,0.0000,true,1,7887
7290013145536,false,סוכריות לקישוט בטעם שוקולד מיימונס 85 גרם,א.ל ייצור ושיווק תבלינים,IL,סוכריות טעם שוקולד לקישוט 85 גר,Unknown,0.00,Unknown,false,1,5.90,0.0000,true,1,7888
7290013145567,false,מיימונס מיני מיני עדשים 90 גרם.,א.ל ייצור ושיווק תבלינים,IL,סוכריות מיני עדשים לקישוט 90 גר,Unknown,0.00,Unknown,false,1,10.90,0.0000,true,1,7889
7290013145574,false,מיימונס ערכה לקישוט 100 גרם,א.ל ייצור ושיווק תבלינים,IL,ערכה לקישוט 100 גר,גרמים,100.00,100 גרם,false,1,12.90,12.9000,true,1,7716
7290013145628,false,סוכריות צבעוניות לקישוט מימונס 200 גרם,א.ל ייצור ושיווק תבלינים,IL,סוכריות צבעוניות לקישוט 200גר,גרמים,200.00,100 גרם,false,12,8.90,4.4500,true,1,12061
7290013145710,false,מיימונס דובדבנים מסוכרים 100 גרם,א.ל ייצור ושיווק תבלינים,IL,דובדובנים מסוכרים 100 גר,גרמים,100.00,100 גרם,false,1,9.90,9.9000,true,1,7890
7290013145796,false,"רביעיית צבעי מאכל גל 4*25 מ""ל",מימונס אפייה,IL,"מארז 4 יח גל צבעי מאכל 25 מ""ל",מיליליטרים,100.00,"100 מ""ל",false,1,49.90,49.9000,true,1,50137
7290013145826,false,פודניג בטעם וניל לבן במיוחד מימונס 80 ג',א.ל ייצור ושיווק תבלינים,IL,פודינג טעם וניל לבן 80 גר,Unknown,0.00,Unknown,false,1,5.90,0.0000,true,1,13227
7290013145833,false,פודינג שוקולד אמיתי מימונס 80 גרם,א.ל ייצור ושיווק תבלינים,IL,פודינג שוקולד בלגי 80 גר,Unknown,0.00,Unknown,false,1,5.90,0.0000,true,1,13228
7290013145840,false,סוכר וניל מיימונס 10 יחידות,א.ל ייצור ושיווק תבלינים,IL,סוכר וניל 10 יח בצלופן 100 גר,גרמים,100.00,100 גרם,false,1,2.90,2.9000,true,1,25989
7290013145857,false,אבקת אפיה מיימונס 10 יחידות,מימונס אפייה,IL,אבקת אפיה 10 יח בצלופן 100 גר,גרמים,100.00,100 גרם,false,1,2.90,2.9000,true,1,25990
7290013145864,false,אבקת ג'לטין טהור מיימונס 28 גרם,א.ל ייצור ושיווק תבלינים,IL,גלטין טהור מימונס אבקה 28 גר,גרמים,28.00,100 גרם,false,1,11.90,42.5000,true,1,28840
7290013145871,false,שמרים יבשים סטיק מימונס 5*11 ג',מימונס אפייה,IL,שמרים יבשים 5 יח 11 גר,Unknown,0.00,Unknown,false,1,10.90,0.0000,true,1,8161
7290013145901,false,סודה לשתיה מיימונס 100 גרם,א.ל ייצור ושיווק תבלינים,IL,סודה לשתיה מימונס 100 גר,גרמים,100.00,100 גרם,false,1,2.00,2.0000,true,1,8525
7290013145918,false,אבקת סוכר מיימונס 100 גרם,א.ל ייצור ושיווק תבלינים,IL,אבקת סוכר 100 גר,גרמים,100.00,100 גרם,false,24,2.00,2.0000,true,1,8526
7290013145949,false,"אבקת סוכר אריזת פטנט 250 גרם ""מיימונס""",א.ל ייצור ושיווק תבלינים,IL,אבקת סוכר אריזת פטנט 250 גר,גרמים,250.00,100 גרם,false,1,12.90,5.1600,true,1,7741
7290013145956,false,שמרים יבשים בוואקום מיימונס 500 גרם,הנסיך- מפעל לייצור ט,CN,שמרים יבשים בואקום 500 גר,גרמים,500.00,100 גרם,false,1,13.90,2.7800,true,1,10518
7290013145963,false,שמרים יבשים בוואקום מיימונס 125 גרם,מימונס אפייה,CN,שמרים יבשים בואקום 125 גר,גרמים,125.00,100 גרם,false,1,5.90,4.7200,true,1,10519
7290013145970,false,קורנפלור מימונס בשקית 200 ג',א.ל ייצור ושיווק תבלינים,IL,קורנפלור מימונס 200 גר,גרמים,200.00,100 גרם,false,1,3.90,1.9500,true,1,16389
7290013146007,false,מיימונס מלית פרג 400 גרם,א.ל ייצור ושיווק תבלינים,IL,מלית פרג למילוי 400 גר,גרמים,400.00,100 גרם,false,1,13.90,3.4750,true,1,7735
7290013146014,false,מלית אוכמניות 70% פרי מיימונס 400 גרם,אינטרגטה,IL,מלית אוכמניות 45% פרי 400 גר,גרמים,400.00,100 גרם,false,1,13.90,3.4750,true,1,7737
7290013146021,false,מלית תפוח עץ עם קינמון לדברי מאפה 400 ג',אינטרגטה,IL,מלית תפוח עץ וקינמון 400 גר,גרמים,400.00,100 גרם,false,1,13.90,3.4750,true,1,28053
7290013146038,false,מיימונס מלית דובדבנים 70% פרי 400 גרם,א.ל ייצור ושיווק תבלינים,IL,מלית דובדבנים 45% פרי 400 גר,גרמים,400.00,100 גרם,false,1,13.90,3.4750,true,1,7738
7290013146045,false,מלית תות שדה מימונס 400 גרם,א.ל ייצור ושיווק תבלינים,IL,מלית תות שדה למילוי 400 גר,גרמים,400.00,100 גרם,false,1,13.90,3.4750,true,1,30108
7290013146069,false,מלית שוקולד מיימונס 400 גרם,אינטרגטה תעשיות מזון 19),IL,מלית שוקולד 400 גר,גרמים,400.00,100 גרם,false,1,12.90,3.2250,true,1,7739
7290013146083,false,מיימונס מלית חלבה 400 גרם,אינטרגטה תעשיות מזון 19),IL,מלית חלבה 400 גר,גרמים,400.00,100 גרם,false,1,13.90,3.4750,true,1,7736
7290013146199,false,מלית קרם נוגט 350 גרם מימונס,אינטרגטה תעשיות מזון 19),IL,קרם נוגט למילוי 350 גר,גרמים,350.00,100 גרם,false,1,13.90,3.9714,true,1,12062
7290013146274,false,מארז תחתיות מרנג 8 יחידות 100 גרם,סטולורגן - פארק תעשיה בל,IE,מארז 8יח תחתיות מרנג 100 גרם,גרמים,100.00,100 גרם,false,1,19.90,19.9000,true,1,30527
7290013146304,false,קורנפלור 500 גרם מימונס.,א.ל ייצור ושיווק תבלינים,IL,קורנפלור מימונס 500 גרם,גרמים,500.00,100 גרם,false,1,6.90,1.3800,true,1,19807
7290013146403,false,סירופ בטעם קרמל מלוח מימונס 500 גרם,א.ל ייצור ושיווק תבלינים,IL,סירופ בטעם קרמל מלוח מימונס 500 גרם,גרמים,500.00,100 גרם,false,1,16.90,3.3800,true,1,30526
7290013146410,false,נשיקות לקישוט צבע כחול מימונס 60 גרם,רות פטיפורים,IL,נשיקות מימונס לקיישוט כחול 60 גרם,Unknown,0.00,Unknown,false,1,12.90,0.0000,true,1,35309
7290013146427,false,נשיקות לקישוט צבע לבן מימונס 60 גרם,"מימונס אפיה בע""מ",IL,נשיקות מימונס לקיישוט לבן 60 גרם,Unknown,0.00,Unknown,false,1,12.90,0.0000,true,1,35310
7290013146441,false,נשיקות לקישוט צבע ורוד מימונס 60 גרם,"מימונס אפיה בע""מ",IL,נשיקות מימונס לקיישוט ורוד 60 גרם,Unknown,0.00,Unknown,false,1,12.90,0.0000,true,1,35312
7290013146489,false,קונוסים מבצק עלים מימונס 120 ג',מימונס אפייה,IT,קונוסים מבצק עלים למילוי 120 גרם,גרמים,120.00,100 גרם,false,18,15.90,13.2500,true,1,39562
7290013146656,false,כוכבים תכלת ירוק לבן לקישוט 60 גרם,"מימונס אפיה בע""מ",IL,סוכריות כוכבים לקישוט 55 גרם,Unknown,0.00,Unknown,false,1,11.90,0.0000,true,1,35319
7290013146663,false,אטריות צבעוניות לקישוט מימונס 55 גרם,"מימונס אפיה בע""מ",IL,סוכריות אטריות לקישוט 55 גרם,Unknown,0.00,Unknown,false,1,11.90,0.0000,true,1,35316
7290013146670,false,סוכריות לב סגול ורוד לבן לקישוט 60 גרם,"מימונס אפיה בע""מ",IL,סוכריות לבבות לקישוט 55 גרם,Unknown,0.00,Unknown,false,1,11.90,0.0000,true,1,35317
7290013146724,false,אבקת אייס קפה 350 גרם מימונס,מימונס אפייה,IL,תערובת אייס קפה 350 גרם מימונס,גרמים,350.00,100 גרם,false,12,15.90,4.5429,true,1,42779
7290013151285,false,נוזל אגוזי קוקוס 400,סי אנד אי,,נוזל אגוזי קוקוס 400 מל,מיליליטרים,400.00,"100 מ""ל",false,1,8.00,2.0000,true,1,9730
7290013151322,false,סטאר פוד סרדין במי מלח 125 ג',יוניון דה פחריס,MA,סרדין קזבלנקה במי מלח 125 גר,גרמים,125.00,100 גרם,false,1,5.90,4.7200,true,1,12048
7290013151360,false,"סטאר פוד מי פריחת הדרים 500 מ""ל",אלימאד פוד,,מי זהר פריחת הדרים 500 מל,מיליליטרים,500.00,"100 מ""ל",false,1,16.90,3.3800,true,1,16629
7290013151636,false,פילה סרדין בשמן זית,יוניון דה פחריס,,פילה סרדין בשמן זית ללא עור ועצבמות125 ג,גרמים,125.00,100 גרם,false,1,11.00,8.8000,true,1,15799
7290013153395,false,פריגת סחוט טרי רימונים 1ליטר,פריגת מצוננים,IL,מיץ רימונים סחוט טרי 1ליטר פקדון פריגת,ליטרים,1.00,ליטר,false,1,20.50,20.5000,true,1,14273
7290013153418,false,פריגת סחוט לימונענע 1 ליטר,פריגת מצוננים,IL,פריגת לימונענע 1 ל פקדון מקורר,ליטרים,1.00,ליטר,false,1,13.90,13.9000,true,1,14452
7290013153579,false,משקה בטעם אפרסק מרוכז קפוא,פריגת מצוננים,IL,תרכיז קפוא גת פרייז אפרסק 340 גרם,גרמים,340.00,100 גרם,false,1,13.90,4.0882,true,1,18783
7290013176004,false,יוגורט עיזים 500 טבע,,IL,יוגורט עיזים טבעי 500 גרם ארבלה,גרמים,500.00,100 גרם,false,1,17.90,3.5800,true,1,21542
7290013176028,false,יוגורט עיזים תות 500,,IL,יוגורט עיזים תות 500 גרם ארבלה,גרמים,500.00,100 גרם,false,1,17.90,3.5800,true,1,21544
7290013176035,false,יוגורט עיזים תמר בננ,,IL,יוגורט עיזים תמר בננה 500 גרם ארבלה,גרמים,500.00,100 גרם,false,1,17.90,3.5800,true,1,21547
7290013176042,false,יוגורט עיזים פירות י,,IL,יוגורט עיזים פירות יער 500 גרם ארבלה,גרמים,500.00,100 גרם,false,1,17.90,3.5800,true,1,21548
7290013176059,false,ארבלה אנאבל עיזים טבעי גבינה,ארבלה,IL,גבינת עיזים טבעי 200גר ארבלה,גרמים,200.00,100 גרם,false,1,16.90,8.4500,true,1,21578
7290013176080,false,גבינת עיזים זיתים 20,ארבלה,IL,גבינת עיזים זיתים 200גר ארבלה אנאבל,גרמים,200.00,100 גרם,false,1,16.90,8.4500,true,1,21581
7290013176097,false,לאבנה עיזים 200גר אר,ארבלה,IL,לאבנה עיזים 200גר ארבלה,גרמים,200.00,100 גרם,false,1,16.90,8.4500,true,1,21582
7290013176103,false,חמאת עיזים 200גר ארב,ארבלה,IL,חמאת עיזים 200גר ארבלה,גרמים,200.00,100 גרם,false,1,17.90,8.9500,true,1,21583
7290013176257,false,יוגורט עיזים פרוביוט,,IL,יוגורט עיזים פרוביוטי 3% 150גר,גרמים,150.00,100 גרם,false,1,6.50,4.3333,true,1,21562
7290013176264,false,יוגורט עיזים בטעם תו,,IL,יוגורט עיזים 3% בטעם תות שדה 150גר,גרמים,150.00,100 גרם,false,1,6.50,4.3333,true,1,21560
7290013176288,false,יוגורט עיזים בטעם תמ,,IL,יוגורט עיזים 3% בטעם תמר בננה 150גר,גרמים,150.00,100 גרם,false,1,6.50,4.3333,true,1,21561
7290013176295,false,יוגורט קפיר עיזים 50,ארבלה,IL,יוגורט קפיר עיזים 500גר ארבלה,גרמים,500.00,100 גרם,false,1,16.90,3.3800,true,1,21572
7290013215017,false,פטריות זוגות חוות השמפניון,אראל תוצרת חקלאית בע,IL,זוג פטריות שמפניון ארוז,Unknown,0.00,Unknown,false,1,17.90,0.0000,true,1,12342
7290013215123,false,פטריות שמפניון למילו,ביכורי שדה דרום 2002,,פטריות השף שמפיניון יח,Unknown,0.00,Unknown,false,1,21.90,0.0000,true,1,42780
7290013267665,false,סולרו מיני קלאסי - פירות טרופיים (חלבי),"מיוצר ע""\י גלידת שטראוס",IL,מאגדת סולרו פירות טרופיים 5 יח,יחידה,5.00,יחידה,false,1,22.90,4.5800,true,1,8964
7290013268020,false,מקסימה מרכך כביסה מרוכז בניחוח אולטרא פרש סנו 1 ליטר,"סנו מפעלי ברונוס בע""\מ",IL,מרכך כביסה מקסימה מרוכז אולטרא פרש1 ל,ליטרים,1.00,ליטר,false,1,16.90,16.9000,true,1,7423
7290013268037,false,מקסימה מרכך כביסה מרוכז בניחוח לבנדר פצ'ולי סנו 1 ליטר,"סנו מפעלי ברונוס בע""\מ",IL,מרכך כביסה מקסימה מרוכז פצולי לבנדר 1 ל,ליטרים,1.00,ליטר,false,1,16.90,16.9000,true,1,7424
7290013268204,false,מגבונים לניקוי וחיטוי מושב האסלה 20 יח' סנו,טרופיקל דגיל- תעשיות,IL,מגבוני סנובון לחיטוי מושב האסלה 20יח,יחידה,20.00,יחידה,false,12,10.90,0.5450,true,1,23226
7290013268242,false,תרכיז ריחני לניקוי רצפות בריח מלון מפנק ריצפז פרש,"סנו מפעלו ברונוס בע""\מ",IL,נוזל ריצפז פרש הום 2 ליטר מלון מפנק,ליטרים,2.00,ליטר,false,1,21.90,10.9500,true,1,31278
7290013268372,false,פוליויקס נוזל לניקוי פרקט סנו 2 ליטר,סנו פוליויקס,IL,נוזל רצפה פוליויקס פרקט שמן ארגן 2ליטר,ליטרים,2.00,ליטר,false,1,19.90,9.9500,true,1,33332
7290013268440,false,אורביטול צמד מברשות שיניים בובספוג+פיגור,החברה הדרומית,CN,מארז זוג מב. שיניים בוב ספוג פיגורינה,יחידה,2.00,יחידה,false,1,11.90,5.9500,true,1,14068
7290013268679,false,מרכך כיף קול 750 מל,,,מרכך כיף קול 750 מל,מיליליטרים,750.00,"100 מ""ל",false,1,11.90,1.5867,true,1,9634
7290013268686,false,"מרכך כיף רומנס 750 מ""ל",קוסמופארם,IL,מרכך כיף רומנס 750 מל,מיליליטרים,750.00,"100 מ""ל",false,1,11.90,1.5867,true,1,9635
7290013268822,false,משחת שיניים אורביטול טריפל אקשן 145ג' PPM900,גוד פוד פרודקטס S.p,IL,משחת שיניים אורביטול למניעת ריח פה 145גר,גרמים,145.00,100 גרם,false,24,13.90,9.5862,true,1,25386
7290013268839,false,פוליויקס פרקט-תרכיז ריחני לניקוי רצפות עץ,"סנו מפעלי ברונוס בע""\מ",IL,נוזל רצפה פוליויקס פרקט מלון חלומ 2 ליטר,ליטרים,2.00,ליטר,false,1,19.90,9.9500,true,1,23224
7290013268884,false,"נוזל רצפות מאסק 2 ליטר ""ריצפז פרש""",מיוצר עי קונדיטוריית,IL,נוזל רצפה ריצפז פרש מאסק 2 לי,ליטרים,2.00,ליטר,false,1,16.90,8.4500,true,1,8106
7290013268891,false,אוקסיג'ן ג'ל ללא אקונומיקה עם חמצן פעיל סנו 3 ליטר,"סנו מפעלי ברונוס בע""\מ",IL,גל מסיר כתמים סנו אוקסיגן 3 ל,ליטרים,3.00,ליטר,false,1,30.90,10.3000,true,1,8067
7290013268907,false,ג'ל כביסה ביו בטמפרטורות נמוכות,"סנו מפעלי ברונוס בע""\מ",IL,גל כביסה מקסימה ביו 3 ל,ליטרים,3.00,ליטר,false,1,29.90,9.9667,true,1,8068
7290013268914,false,סנו מקסימה ג'ל כביסה סמארט 3 ל',סנו מקסימה,IL,גל כביסה מקסימה סמארט 3 ליטר,ליטרים,3.00,ליטר,false,1,31.90,10.6333,true,1,19908
7290013268938,false,סנובון סבון אסלה בניחוח מאסק - מארז 3 יח',סנו סנובון,IL,סבון אסלה סנובון שלישיה פיסגה,יחידה,3.00,יחידה,false,1,11.90,3.9667,true,1,8107
7290013268983,false,מרכך כביסה סופר מרוכז בבישום עוצמתי סנו מקסימה 1 ל',"סנו מפעלי ברונוס בע""\מ",IL,מרכך כביסה מקסימה מרוכז גוי 1 ליטר,ליטרים,1.00,ליטר,false,1,16.90,16.9000,true,1,40541
7290013268990,false,מרכך כביסה מרוכז לבן ביו סנו מקסימה 1 ליטר,"סנו מפעלי ברונוס בע""\מ",IL,מרכך כביסה מקסימה מרוכז ביו תינוקות1ל,ליטרים,1.00,ליטר,false,1,16.90,16.9000,true,1,9479
7290013269096,false,מטליות לחות לטיפול במוצרי עור,מיוצר עי קונדיטוריית,IL,מטליות לחות לניקוי עור 20יח,יחידה,20.00,יחידה,false,1,11.90,0.5950,true,1,11022
7290013269263,false,ג'ל כביסה מרוכז מקסימה בבישום קריסטל נואר,סנו מפעלי ברונוס בעמ,IL,גל כביסה מקסימה קריסטל נואר 3 ל,ליטרים,3.00,ליטר,false,1,29.90,9.9667,true,1,9058
7290013269287,false,סנו - מקסימה ג'ל כביסה מרוכז מאסק 3 ליטר,"סנו מפעלי ברונוס בע""\מ",IL,גל כביסה מקסימה מאסק 3 ל,ליטרים,3.00,ליטר,false,1,29.90,9.9667,true,1,9057
7290013269300,false,ניילון נצמד פלוס סנו סושי 150 מטר,"מיוצר בהונג קונג, סי",IL,ניילון נצמד סנו סושי 150 מ ללא פי וי סי,מטרים,150.00,מטר,false,1,23.90,0.1593,true,1,9997
7290013269348,false,K3 תחנת פיתיון קוטל תיקנים (ג'וקים) בבית ובחצר,טרופיקל דגיל תעשיות,IL,סנו קיי 3 תחנת פיתיון קוטל תיקנים 4יח,יחידה,4.00,יחידה,false,6,54.90,13.7250,true,1,29197
7290013269621,false,ריצפז פרש לניקוי רצפות בניחוח מלון בוטיק,מיוצר עי קונדיטוריית,IL,נוזל ריצפז פרש הום 2 ליטר מלון בוטיק,ליטרים,2.00,ליטר,false,1,21.90,10.9500,true,1,25041
7290013269638,false,ספוג הפלא אקסטרה Extra- מארז 6 יח',החברה הדרומית,IL,ספוג הפלא סנו סושי אקסטרא 6יח,יחידה,6.00,יחידה,false,1,12.90,2.1500,true,1,9996
7290013269645,false,ריצפז פרש מטליות לחות לריצפה בניחוח מאסק 10 יחידות,סנו מפעלי ברונוס בעמ,IL,מטלית ריצפז פרש בניחוח מאסק 10יח 40*70סמ,יחידה,10.00,יחידה,false,1,14.90,1.4900,true,1,10537
7290013269652,false,פוליויקס נוזל לניקוי רצפות גרניט פורצלן סנו 2 ליטר,סנו פוליויקס,IL,נוזל רצפה פוליויקס מאסק גרניט פורצלן 2 ל,ליטרים,2.00,ליטר,false,1,19.90,9.9500,true,1,11797
7290013269669,false,ריצפז בניחוח פנטזיה לניקוי הרצפה,"סנו מפעלי ברונוס בע""",IL,נוזל רצפה ריצפז פנטזיה 3 ל,ליטרים,3.00,ליטר,false,1,12.90,4.3000,true,1,9223
7290013269690,false,סנובון /פיסגה ג'ל בניחוח לימון-מרכז,Nicolas polandמשווק,PL,גל אסלה סנובון ניחוח לימון,יחידה,1.00,יחידה,false,1,6.90,6.9000,true,1,9221
7290013269706,false,סנובון ג'ל לניקוי האסלה בניחוח אוקיינוס,סנו סנובון,PL,גל אסלה סנובון ניחוח אוקיאנוס,גרמים,1.00,100 גרם,false,1,6.90,690.0000,true,1,9222
7290013269751,false,מטליות לחותריצפז פרש לניקוי ריצפה בניחות מלון בוטיק 10 יח' סנו,טרופיקל דגיל תעשיות,IL,מטליות סנו ריצפז פרש מלון בוטיק 40*70 סמ,יחידה,10.00,יחידה,false,1,14.90,1.4900,true,1,25907
7290013269850,false,נייר אפיה אקולוגי סנו סושי 50 יחידות,מולינו ניקולי s.p.a,IL,נייר אפייה אקולוגי 50 יח סנו סושי,יחידה,50.00,יחידה,false,1,18.90,0.3780,true,1,9364
7290013269867,false,סנו סושי זוג מפות אירוח צבעים שונים,מיוצר עי קונדיטוריית,IL,מפות שולחן זוג סנו סושי מבד,יחידה,2.00,יחידה,false,1,11.90,5.9500,true,1,10034
7290013269911,false,"סנו K-333 קוטל חרקים ללא ריח 750מ""ל","סנו מפעלי ברונוס בע""",IL,קיי 333 קוטל חרקים 750 מל,מיליליטרים,750.00,"100 מ""ל",false,1,29.90,3.9867,true,1,8413
7290013269942,false,"סנו K מעופפים פירטרום 400 מ""ל",מיוצר עי קונדיטוריית,IL,קיי מעופפים פירטרום 400 מל,מיליליטרים,400.00,"100 מ""ל",false,1,21.90,5.4750,true,1,8412
7290013276124,false,"בקבוק בירה נגב אמבר אייל 330 מ""ל",הכרם משקאות חריפים בעמ,IL,בירה נגב אמבר אייל 330 מל פקדון,מיליליטרים,330.00,"100 מ""ל",false,1,14.90,4.5152,true,1,14423
7290013276131,false,"בקבוק בירה נגב פורטר אלון 330 מ""ל",,,בירה נגב פורטר אלון 330 מל פקדון,מיליליטרים,330.00,"100 מ""ל",false,1,14.90,4.5152,true,1,14425
7290013284310,false,רוטב פסטה לילדים פריניר 240 גרם,פריניר ( הדס 1987) ב,IL,רוטב פסטה 240 גר פרי ניר,גרמים,240.00,100 גרם,false,1,5.50,2.2917,true,1,9852
7290013284662,false,רוטב פיצה פיתה לילדים 240 ג' פריניר,פריניר ( הדס 1987) ב,IL,רוטב פיצה פיתה 260 גר פרי ניר,גרמים,260.00,100 גרם,false,1,5.50,2.1154,true,1,12700
7290013310019,false,קיסמי שיניים רפואיים עם חוט דנטאלי הוסטס,הוסטס,CN,קיסמי שיניים רפואי עם חוט דנטלי,Unknown,0.00,Unknown,false,1,6.90,0.0000,true,1,19602
7290013310064,false,חוט דנטלי בטעם מנטה מצופה שעווה,הוסטס Hostess,CN,חוט דנטלי רפואי עם מנטה הוסטס,Unknown,0.00,Unknown,false,1,6.90,0.0000,true,1,19603
7290013310101,false,"שיפודי במבוק ג'מבו 50 יח' עובי 5 מ""מ אורך 30 ס""מ",הדקלאים אגודת שיתופי,CN,שיפודי במבוק גמבו 50 יח,Unknown,0.00,Unknown,false,1,5.90,0.0000,true,1,19604
7290013310118,false,"ממחטות כיס שישיה תלת שכבתי ""פנטזיה""",V.P.CO,IT,שישיית ממחטות אף פנטזיה תלת שכבתי כיס,יחידה,6.00,יחידה,false,1,3.90,0.6500,true,1,18512
7290013310163,false,מדליק פחם מוצק LIGHT EASY 40 יחידות,הדקלאים אגודת שיתופי,DE,מדליק פחם מוצק 40 יח איזי לייט,יחידה,40.00,יחידה,false,1,6.90,0.1725,true,1,18510
7290013310477,false,"שיפודי במבוק ג'מבו שטוחים 40 ס""מ 25 יח'",הוסטס,CN,שיפודי במבוק גמבו שטוחים 25 יח,Unknown,0.00,Unknown,false,1,8.90,0.0000,true,1,19605
7290013329004,false,סילאן ללא תוספת סוכר כרם 900 גרם,תמר העמקים,,סילאן טבעי כרם 900 גר,גרמים,900.00,100 גרם,false,1,21.90,2.4333,true,1,7850
7290013329028,false,ממתיק טבעי סטיביה 50,א.מ.ב,IL,ממתיק טבעי סטיביה 50 מל,Unknown,0.00,Unknown,false,1,27.50,0.0000,true,1,8742
7290013329141,false,שמן קוקוס כרם אורגני,נייצ'ורוס,,שמן קוקוס 500 מל,מיליליטרים,500.00,"100 מ""ל",false,1,25.90,5.1800,true,1,9594
7290013329240,false,שמן קוקוס כרם אורגני,בי . גי. פרוט,,שמן קוקוס כרם 1ל,ליטרים,1.00,ליטר,false,1,39.90,39.9000,true,1,9587
7290013329301,false,פריכיות כוסמת עם מלח 160 גרם,ZBG,,פריכיות 100% כוסמת עם מלח 160 גר,גרמים,160.00,100 גרם,false,1,10.90,6.8125,true,1,11065
7290013329318,false,פריכיות כוסמת ללא מלח 160 גרם,ZBG,,פריכיות 100% כוסמת טבעי 160 גר,גרמים,160.00,100 גרם,false,1,10.90,6.8125,true,1,11066
7290013329363,false,סוכר קוקוס אורגני כרם - 500 גר,נייצ'ורוס,,סוכר קוקוס אורגני 500 גר,גרמים,500.00,100 גרם,false,1,19.90,3.9800,true,1,11232
7290013329370,false,קמח קוקוס אורגני כרם - 500 גר,סלבס אויל,PH,קמח קוקוס אורגני 500 גר כרם,גרמים,50000.00,100 גרם,false,1,19.90,0.0398,true,1,11777
7290013329417,false,"סוכר דמררה 1 ק""ג - כרם",ה.ס. יבוא ויצור,,סוכר דמררה כרם 1 קג,קילוגרמים,1.00,"ק""ג",false,1,10.90,10.9000,true,1,13045
7290013329431,false,חמאת שקדים 300 גר - כרם,טבע מהדרין,IL,חמאת שקדים כרם 300 גר צנצנת,גרמים,300.00,100 גרם,false,1,24.90,8.3000,true,1,14429
7290013329448,false,חמוציות ברכז תפוחים 250 גר,כרם תעשיות,,חמוציות ברכז תפוחים 250 גרם,גרמים,250.00,100 גרם,false,1,17.90,7.1600,true,1,17412
7290013329455,false,גרעיני דלעת מקולף 250 גר,כרם תעשיות,CN,גרעיני דלעת מקולפים כרם 250 גרם,גרמים,250.00,100 גרם,false,1,15.90,6.3600,true,1,17413
7290013329462,false,גרעיני חמניה מקולפים,כרם תעשיות,BG,גרעיני חמניה מקולפים כרם 250 גרם,גרמים,250.00,100 גרם,false,1,11.90,4.7600,true,1,17414
7290013329493,false,אגוזים קלופים כרם200,כרם תעשיות,US,אגוזים קלופים כרם200 גרם,גרמים,200.00,100 גרם,false,1,15.90,7.9500,true,1,17415
7290013329509,false,שקד טבעי כרם200 גרם,כרם תעשיות,US,שקד טבעי כרם200 גרם,גרמים,200.00,100 גרם,false,1,16.90,8.4500,true,1,17416
7290013329516,false,שזיפים ללא גרעין 330 גר,רפאלס,,שזיף ללא גלעין כרם 330 גרם קופסא,גרמים,330.00,100 גרם,false,1,19.90,6.0303,true,1,20975
7290013329530,false,חמוציות חתוכות כרם 2,כרם תעשיות,IL,חמוציות חתוכות כרם 250 גרם בקופסא,גרמים,250.00,100 גרם,false,1,12.90,5.1600,true,1,30975
7290013329547,false,צימוק לבן קטן 330 גר,כרם תעשיות,IL,צימוק לבן כרם קטן 330 גרם בקופסה,גרמים,330.00,100 גרם,false,18,14.90,4.5152,true,1,28132
7290013329554,false,שקד מולבן פרוס כרם 2,כרם תעשיות,,שקד מולבן פרוס כרם 200 גרם,גרמים,200.00,100 גרם,false,1,16.90,8.4500,true,1,19829
7290013329561,false,אגוזי פקאן טבעי כרם,כרם תעשיות,,אגוזי פקאן טבעי כרם 200 ג,גרמים,200.00,100 גרם,false,1,25.90,12.9500,true,1,19827
7290013329578,false,אגוז ברזיל כרם 250 ג,כרם תעשיות,,אגוז ברזיל כרם 250 גר בקופסא,גרמים,250.00,100 גרם,false,18,25.90,10.3600,true,1,28575
7290013329585,false,אגוזי קשיו טבעי כרם,כרם תעשיות,,אגוזי קשיו טבעי כרם 250 גרם,גרמים,250.00,100 גרם,false,1,26.90,10.7600,true,1,19826
7290013329608,false,תאנים מיובשות כרם 33,אוסטה פוד,,תאנים מיובשות כרם 330 גרם,גרמים,330.00,100 גרם,false,1,21.90,6.6364,true,1,17512
7290013329615,false,צימוק חום כרם 330 גר,כרם תעשיות,IL,צימוק חום כרם 330 גרם בקופסה,גרמים,330.00,100 גרם,false,18,13.90,4.2121,true,1,28133
7290013329639,false,תפוח עץ מיובש כרם200,כרם תעשיות,CN,תפוח עץ מיובש כרם200 גרם,גרמים,200.00,100 גרם,false,1,12.90,6.4500,true,1,17411
7290013329646,false,שמן קוקוס כרם אורגני,נייצ'ורוס,,שמן קוקוס כרם אורגני 350 מל,מיליליטרים,350.00,"100 מ""ל",false,1,19.90,5.6857,true,1,34492
7290013329653,false,"סוכר קנים אורגני 1 ק""ג כרם",אוסינה סן פרנסיסקו,BR,סוכר קנים אורגני 1 קג,קילוגרמים,1.00,"ק""ג",false,1,10.90,10.9000,true,1,14426
7290013329660,false,פיסטוק קלוף לא קלוי כרם 200 גרם,כרם תעשיות,,פיסטוק טבעי קלוף כרם 200 גרם,גרמים,200.00,100 גרם,false,1,36.90,18.4500,true,1,19832
7290013329677,false,צנובר כרם 200 גרם,כרם תעשיות,,צנובר כרם 200 גרם,גרמים,200.00,100 גרם,false,1,34.90,17.4500,true,1,19828
7290013329684,false,אגוזי מקדמיה כרם 200 גרם,כרם תעשיות,,אגוז מקדמיה כרם 200 גרם,גרמים,200.00,100 גרם,false,1,38.90,19.4500,true,1,19833
7290013329721,false,"תמר מגהול אורגני כרם - 1 ק""ג",כרם תעשיות,IL,תמר מגהול אורגני כרם 1 קג,קילוגרמים,1.00,"ק""ג",false,1,25.00,25.0000,true,1,14043
7290013329738,false,תמר מגהול כרם 1 קג,כרם תעשיות,IL,תמר מגהול כרם 1 קג,קילוגרמים,1.00,"ק""ג",false,1,19.90,19.9000,true,1,14042
7290013329745,false,שקד מולבן חצאים כרם,כרם תעשיות,,שקד מולבן חצאים כרם 200 גרם,גרמים,200.00,100 גרם,false,1,16.90,8.4500,true,1,19830
7290013329752,false,שקד מולבן מקלות כרם 200 גרם,כרם תעשיות,,שקד מולבן מקלות כרם 200 גרם,גרמים,200.00,100 גרם,false,1,16.90,8.4500,true,1,19831
7290013329769,false,אגוז פקאן מסוכר כרם,"בלו סקיי יבוא בע""מ",,אגוז פקאן מסוכר כרם 200 גרם קופסא,גרמים,200.00,100 גרם,false,1,25.90,12.9500,true,1,24280
7290013329776,false,מנגו מיובש כרם 200 גרם,כרם תעשיות,TH,מנגו מיובש כרם 200 גרם,גרמים,200.00,100 גרם,false,1,13.90,6.9500,true,1,17409
7290013329790,false,קוקוס רצועות כרם 200,כרם תעשיות,,קוקוס רצועות כרם 200 גרם,גרמים,200.00,100 גרם,false,1,13.90,6.9500,true,1,17408
7290013329806,false,אננס מיובש טבעי ללא,כרם תעשיות,CR,אננס מיובש טבעי ללא סוכר כרם 200 ג,גרמים,200.00,100 גרם,false,1,19.90,9.9500,true,1,17407
7290013329813,false,גינגר מיובש כרם 200,כרם תעשיות,TH,גינגר מיובש כרם 200 ג,גרמים,200.00,100 גרם,false,1,13.90,6.9500,true,1,17406
7290013329851,false,חמאת קוקוס - 280 גר - כרם,"טבע מהדרין י.א.בע""מ",IL,חמאת קוקוס טבעי כרם 280 גרם,גרמים,280.00,100 גרם,false,1,19.90,7.1071,true,1,15322
7290013329868,false,חמאת גרעיני דלעת 300 גרם,"טבע מהדרין י.א.בע""מ",IL,חמאת גרעיני דלעת טבעי כרם 300 גרם,גרמים,300.00,100 גרם,false,1,26.90,8.9667,true,1,15321
7290013329875,false,פריכיות אורז עם מלח כרם 160 גרם,זן בר,IL,פריכיות אורז כרם עם מלח 160 גרם,גרמים,160.00,100 גרם,false,1,8.00,5.0000,true,1,15638
7290013329882,false,פריכיות אורז 160 גר ללא מלח - כרם,זן בר,IL,פריכיות אורז כרם ללא מלח 160 גרם,גרמים,160.00,100 גרם,false,1,8.00,5.0000,true,1,15637
7290013329912,false,חמאת אגוזי קשיו 300 גר - כרם,"טבע מהדרין י.א.בע""מ",IL,חמאת אגוזי קשיו טבעי כרם 300 גרם,גרמים,300.00,100 גרם,false,1,26.90,8.9667,true,1,15319
7290013329929,false,חמאת אגוזי לוז טבעי,"טבע מהדרין י.א.בע""מ",,חמאת אגוזי לוז טבעי כרם 300 גרם,גרמים,300.00,100 גרם,false,1,24.90,8.3000,true,1,15320
7290013358356,false,מאסטר שף - פירורי לחם מוזהבים 320 גרם,מנה י.א בעמ,IL,פירורי לחם מוזהבים 350 גר מנה,גרמים,320.00,100 גרם,false,1,7.90,2.4688,true,1,9310
7290013358363,false,מאסטר שף פרורי לחם פנקו עבים בסגנון יפני 300 גר,קריניציה ויטמינה אס,IL,פירורי פנקו מוזהב300 גר מאסטר שף,גרמים,300.00,100 גרם,false,1,9.90,3.3000,true,1,8923
7290013358370,false,פנקו פירורי לחם מאסטר שף בטעם שום 300 גרם,"מיוצר ע""י מנה י.א בע",IL,פירורי פנקו מוזהב טעם שום300גר מאסטר שף,גרמים,300.00,100 גרם,false,1,9.90,3.3000,true,1,8922
7290013358431,false,מאסטר שף קרוטונים לסלט עגבניות ובזיליקום,עינת תעשיות מזון אגו,IL,קרוטונים מאסטר שף עגבניות בזיליקו200גרם,גרמים,200.00,100 גרם,false,1,11.90,5.9500,true,1,10830
7290013358462,false,"מיני קרוטונים למרק בתיבול שום, בצל ופטרוזיליה","עינת תעשיות מזון, אגשח ב",IL,קרוטונים מנה למרק350גר שום בצל פטרוזיליה,גרמים,350.00,100 גרם,false,1,19.90,5.6857,true,1,10832
7290013358493,false,מנה אסייאתי קרם קוקוס פחית 400 מל מ.שף,תאי קוקונט פבליק קומפני,TH,קרם קוקוס מאסטר שף 400 מל,מיליליטרים,400.00,"100 מ""ל",false,1,8.90,2.2250,true,1,13776
7290013358509,false,"מיקסלט גרעינים, קטניות ואגוזים",בטר אנד דיפרנט,IL,מיקסלט מסטר שף 200 גר,גרמים,200.00,100 גרם,false,1,15.90,7.9500,true,1,12070
7290013358523,false,מאסטר שף שבבי בצל מטוגן 150 גרם,קריניציה ויטמינה אס,NL,בצל מטוגן מאסטר שף 150 גר צנצנת,גרמים,150.00,100 גרם,false,1,11.90,7.9333,true,1,12072
7290013358530,false,מאסטר שף אסייאתי רוטב צ'ילי מתוק 700 מל כשלפ,קריניציה ויטמינה אס,TH,רוטב צילי מתוק מאסטר שף 700מל,מיליליטרים,700.00,"100 מ""ל",false,1,13.90,1.9857,true,1,13772
7290013358547,false,מאסטר שף אסייאתי רוטב צ'ילי חריף 700 מל כשלפ,קי.אר.אס. ספייסי פוד,TH,רוטב צילי חריף מאסטר שף 700מל,מיליליטרים,700.00,"100 מ""ל",false,1,13.90,1.9857,true,1,13773
7290013358578,false,מנה אסייאתי אטריות אורז רחבות 400 ג מ.שף,ליינג טונג רייספלוור,TH,אטריות אורז רחבות מאסטר שף 400ג,גרמים,400.00,100 גרם,false,30,8.90,2.2250,true,1,13774
7290013358837,false,מנה מאגדת פריכיות אורז עם מלח 264 גרם,Mana,,מאגדת 4פרכיות ללא מלח מנה 264 גר,גרמים,264.00,100 גרם,false,1,12.00,4.5455,true,1,16519
7290013366085,false,תירס סופר סוויט ארוז,כרמלים שדות חדשים,IL,תירס מתוק במיוחד,Unknown,0.00,Unknown,false,1,21.90,0.0000,true,1,15416
7290013366221,false,נבטי חמנייה כרמל יבו,שחף שיווק,IL,נבטי חמניה,Unknown,0.00,Unknown,false,1,9.90,0.0000,true,1,9895
7290013366634,false,כרמל יבולים חסה סלנו,שמיניית מעדן חלב שוק,IL,חסה סלנובה ראשים,Unknown,0.00,Unknown,false,1,13.90,0.0000,true,1,9890
7290013366641,false,רוקולה כרמלים 160 גר,מרינה פטריות הגליל,IL,עלי רוקולה,Unknown,0.00,Unknown,false,1,13.90,0.0000,true,1,9891
7290013366665,false,חסה גמביט קראנצית יחידה,כרמלים שדות חדשים,IL,חסה גמביט,Unknown,0.00,Unknown,false,1,13.90,0.0000,true,1,50806
7290013366719,false,פאק צ'וי כרמל יבולם,כרמלים שדות חדשים,IL,פאקצוי,Unknown,0.00,Unknown,false,1,15.50,0.0000,true,1,15324
7290013389077,false,"עלי טורטיה מקמח חיטה 25ס""מ 8יח' תומר 420 ג'",Azteca foods europe,IL,עלי טורטיה מחיטה 20 יח 320 גר,גרמים,320.00,100 גרם,false,1,11.90,3.7188,true,1,8915
7290013389084,false,"טורטיה ספרדי קמח תירס 25 ס""מ 325 גרם",Azteca foods europe,,עלי טורטיה קמח תירס 16 יח 325 גר,גרמים,325.00,100 גרם,false,1,11.90,3.6615,true,1,8916
7290013389114,false,ניוקי תפוח אדמה לה פסטה 500 גרם,לה פסטה La' Pasta,,ניוקי תפוח אדמה 500 גר איטלקי,גרמים,500.00,100 גרם,false,1,7.90,1.5800,true,1,8911
7290013389138,false,"ניוקי 500 ג' ""לה פסטה"" שלושה צבעים 500 גר' 12X",Ciemme alimentari sr,,ניוקי שלושה צבעים 500 גר איטלקי,גרמים,500.00,100 גרם,false,1,7.90,1.5800,true,1,8913
7290013389145,false,"ניוקי 500 ג' ""לה פסטה"" מיני 500 גר' 12X",לה פסטה La' Pasta,,ניוקי מיני 500 גר איטלקי,גרמים,500.00,100 גרם,false,1,7.90,1.5800,true,1,8914
7290013389374,false,קמח תירס פולנטה תומר 500ג',פיקטה piccata,,קמח תירס פולנטה 500 גר,גרמים,500.00,100 גרם,false,1,6.90,1.3800,true,1,10192
7290013389381,false,"1 קֿֿֿֿ""ג 10X( פולנטה) קמח תירס",מולינו פילה,IT,קמח תירס פולנטה 1 קג,קילוגרמים,1.00,"ק""ג",false,1,10.90,10.9000,true,1,10193
7290013389893,false,סרדין פילה מרוקאי בשמן 25X,,,פילה סרדין בשמן חמניות 125 גר,גרמים,125.00,100 גרם,false,1,7.90,6.3200,true,1,10147
7290013389909,false,סרדין פילה מרוקאי חריף תומר 125 ג',,,פילה סרדין פלפל חריף ושמן 125 גר,גרמים,125.00,100 גרם,false,1,7.90,6.3200,true,1,10148
7290013430083,false,"בירה אלכסנדר בלונד בקבוק 330 מ""ל",מנדלז סי.אר. פרודקשן,IL,בירה אלכסנדר בלונד 5.3% 330מל פקדון,מיליליטרים,330.00,"100 מ""ל",false,1,14.90,4.5152,true,1,11378
7290013430090,false,בירה אלכסנדר אמברה AMBREE בירה ישראלית,מנדלז סי.אר. פרודקשן,IL,בירה אלכסנדר אמבר 5.7% 330מל פקדון,מיליליטרים,330.00,"100 מ""ל",false,1,14.90,4.5152,true,1,11379
7290013430250,false,"בירה אלכסנדר חיטה ישראלית 330 מ""ל",אלכסנדר- בירה ישראלית מע,IL,בירה אלכסנדר חיטה ישראלית 330מל פקדון,מיליליטרים,330.00,"100 מ""ל",false,1,14.90,4.5152,true,1,19436
7290013430304,false,בירה אלכסנדר גרין GREEN בירה ישראלית,מנדלז סי.אר. פרודקשן,IL,בירה אלכסנדר גרין 6% 330מל פקדון,מיליליטרים,330.00,"100 מ""ל",false,1,14.90,4.5152,true,1,11380
7290013430403,false,"בירה אלכסנדר בלייז 330 מ""ל","אביר הבר בע""מ",IL,בירה אלכסנדר בלייזר 8% 330מל פקדון,מיליליטרים,330.00,"100 מ""ל",false,1,14.90,4.5152,true,1,11381
7290013440648,false,מאגדת שלגוני אבטיח נסטלה 5 יחידות,גלידות נסטלה )נגה גלידות,IL,מאגדת 5 יח קרחוני שרבט אבטיח 540 גר,יחידה,5.00,יחידה,false,8,26.90,5.3800,true,1,8930
7290013442062,false,יוגורט עדין קטיפתי 6,מוטק'ה החולב,,יוגורט כבשים 600גר,גרמים,650.00,100 גרם,false,1,21.90,3.3692,true,1,10253
7290013442246,false,לבנה 9% מוטקה החולב,מוטק'ה החולב,IL,לאבנה כבשים 280גר,גרמים,280.00,100 גרם,false,1,16.90,6.0357,true,1,48545
7290013442253,false,צפתית 16% מוטקה חולב,מוטק'ה החולב,IL,גבינה צפתית 250 גרם מליחות מעודנת16%שומן,גרמים,250.00,100 גרם,false,1,21.90,8.7600,true,1,48546
7290013442260,false,גבינה צפתית קצח כבשי,מוטק'ה החולב,IL,גבינה צפתית קצח כבשים 250גר,גרמים,250.00,100 גרם,false,1,21.90,8.7600,true,1,48547
7290013442277,false,גבינה בסגנון פטה יוו,מוטק'ה החולב,IL,גבינה בסגנון פטה יוונית כבשים 250גר,גרמים,250.00,100 גרם,false,1,29.90,11.9600,true,1,48548
7290013442284,false,גבינת ברי כבשים 140ג,מוטק'ה החולב,IL,גבינת ברי כבשים 140גר,גרמים,140.00,100 גרם,false,1,26.90,19.2143,true,1,48549
7290013442291,false,גבינת קממבר כבשים 14,מוטק'ה החולב,IL,גבינת קממבר כבשים 140גר,גרמים,140.00,100 גרם,false,1,26.90,19.2143,true,1,48550
7290013442307,false,גבינת קממבר פקאן כבש,מוטק'ה החולב,IL,גבינת קממבר פקאן כבשים 140גר,גרמים,140.00,100 גרם,false,1,26.90,19.2143,true,1,48551
7290013442314,false,גבינת סנט מור כבשים,מוטק'ה החולב,IL,גבינת סנט מור כבשים 150גר,גרמים,150.00,100 גרם,false,1,28.90,19.2667,true,1,48552
7290013442321,false,גבינת כבשה צהובה בסגנון גאודה 150 גר,מוטק'ה החולב,IL,גבינת גאודה כבשה צהובה 150גר,גרמים,150.00,100 גרם,false,1,26.90,17.9333,true,1,48553
7290013442345,false,גבינה ארוטן כמהין עובש כמהין 150 גר,מוטק'ה החולב,IL,גבינת ארוטן כמהין 14% שומן 150 גרם,גרמים,150.00,100 גרם,false,1,29.90,19.9333,true,1,48555
7290013451552,false,מלח דק ללא נתרן 200ג,,,מלח דק ללא נתרן 200גר מארקס,גרמים,200.00,100 גרם,false,1,19.90,9.9500,true,1,29754
7290013451927,false,פריכיות כוסמת ללא תוספת מלח,זן - בר,IL,פריכיות כוסמת זן בר ללא מלח 160 גר,גרמים,160.00,100 גרם,false,1,11.00,6.8750,true,1,10423
7290013453624,false,עוגיות שוקולדצ'יפס מקמח אורז וקמח שקדים מלא,"דני וגלית בע""מ",IL,עוגיות קמח שקדים שוקולדציפס ללג 230 גר,גרמים,230.00,100 גרם,false,1,24.90,10.8261,true,1,34319
7290013453631,false,דני וגלית עוגיות חמאת בוטנים שוקולדצ'יפס מפצפוצי אורז מלא 230 גרם,האי נאם סי או אל.טי.,IL,עוגיות חמאת בוטנים ללא גלוטן 230 גר,גרמים,230.00,100 גרם,false,1,24.90,10.8261,true,1,34317
7290013453648,false,דני וגלית עוגיות פירות יער מקמח שקדים וקמח אורז מלא 230 גרם,"דני וגלית בע""מ",IL,עוגיות קמח שקדים ללא גלוטן 230 גר,גרמים,230.00,100 גרם,false,1,24.90,10.8261,true,1,34318
7290013472908,false,הבולגריה בקוביות ויליפוד 400 גרם,וילי פוד,GR,גבינה בולגרית בקוביות 400גר הבולגריה,גרמים,400.00,100 גרם,false,1,19.90,4.9750,true,1,10326
7290013493002,false,בירה בזלת פילזנר 750 מל,יושלם,IL,בירה בזלת פילזנר 750 מל,מיליליטרים,750.00,"100 מ""ל",false,1,29.90,3.9867,true,1,8473
7290013493019,false,"בירה בזלת פילזנר 330 מ""ל",מברשת הגולן א.ח.ר 20,IL,בירה בזלת פילזנר 330 מל,מיליליטרים,330.00,"100 מ""ל",false,1,14.90,4.5152,true,1,8474
7290013493026,false,בירה בזלת חיטה 750 מל,יושלם,IL,בירה בזלת חיטה 750 מל,מיליליטרים,750.00,"100 מ""ל",false,1,29.90,3.9867,true,1,8475
7290013493033,false,"בירה בזלת חיטה 330 מ""ל",מברשת הגולן א.ח.ר 20,IL,בירה בזלת חיטה 330 מל,מיליליטרים,330.00,"100 מ""ל",false,1,14.90,4.5152,true,1,8476
7290013493040,false,בירה בזלת דאבל בוק 750 מל,יקב רמת הגולן,IL,בירה בזלת דאבל בוק 750 מל,מיליליטרים,750.00,"100 מ""ל",false,1,29.90,3.9867,true,1,8477
7290013493057,false,בירה בזלת דאבל בוק 330 מל,מברשת הגולן א.ח.ר 20,IL,בירה בזלת דאבל בוק 330 מל,מיליליטרים,330.00,"100 מ""ל",false,1,14.90,4.5152,true,1,8478
7290013493064,false,בירה בזלת אייל ענברי 750 מל,יקב רמת הגולן,IL,בירה בזלת אייל ענברי 750 מל,מיליליטרים,750.00,"100 מ""ל",false,1,29.90,3.9867,true,1,8479
7290013493071,false,"בירה בזלת אייל ענברי 330 מ""ל",מברשת הגולן א.ח.ר 20,IL,בירה בזלת אייל ענברי 330 מל,מיליליטרים,330.00,"100 מ""ל",false,1,14.90,4.5152,true,1,8480
7290013520067,false,מארז לחמניות 10 יחיד,מאפיית אגמי,IL,מארז לחמניות 10 יחידות,יחידה,10.00,יחידה,false,1,14.90,1.4900,true,1,17365
7290013520111,false,מארז לחמניות המבורגר,מאפיית אגמי,IL,מארז לחמניות המבורגר אמריקאי 6יח,יחידה,6.00,יחידה,false,8,14.90,2.4833,true,1,33689
7290013520463,false,לחם בריאות ושובע כוס,מאפיית אגמי,,לחם בריאות ושובע כוסמין 600 גרם,גרמים,600.00,100 גרם,false,1,16.90,2.8167,true,1,15999
7290013520500,false,לחמניה ביס כוסמין מלא 8יח,מאפיית אגמי,IL,מארז לחמניות כוסמין 8יח 95 קלוריות,גרמים,400.00,100 גרם,false,1,16.90,4.2250,true,1,19200
7290013521101,false,פסטה כוסמין אורגנית תרד 350 גרם,השדה מוצרים אורגניים,HU,פסטה כוסמין אורגנית תרד 500 גר,גרמים,350.00,100 גרם,false,1,19.90,5.6857,true,1,20080
7290013521125,false,נודלס אורז מלא דלעת וג`ינג`ר 250 גרם,השדה מוצרים טבעיים ו,GB,אטריות אורגני ל.גלוטן אורז דלעת גינג250ג,גרמים,250.00,100 גרם,false,1,16.90,6.7600,true,1,9886
7290013521187,false,ספגטי עדשים אדומות אורגני 250 גרם ללא גלוטן,השדה מוצרים טבעיים ו,IT,ספגטי עדשים אדומות אורגני 250 גר ללג,גרמים,250.00,100 גרם,false,18,13.90,5.5600,true,1,46923
7290013521194,false,טורטיליוני כוסמת אורגני 250 גרם ללא גלוטן,השדה מוצרים טבעיים ו,IT,טורטיליוני כוסמת אורגני 250גר ללג,גרמים,250.00,100 גרם,false,8,13.90,5.5600,true,1,46925
7290013521224,false,ספגטי כוסמת ללא גלוטן אורגני השדה 250גרם,השדה מוצרים טבעיים ו,IT,ספגטי כוסמת אורגני 250 גר ללג,גרמים,250.00,100 גרם,false,18,13.90,5.5600,true,1,46924
7290013521231,false,פסטה כוסמין טריקולור אורגני השדה מוצרים אורגנים 400 גרם,השדה מוצרים אורגניים,HU,פסטה כוסמין אורגנית טריקולור 500 גר,גרמים,400.00,100 גרם,false,1,19.90,4.9750,true,1,20081
7290013521309,false,מיונז אורגני השדה 33,השדה מוצרים טבעיים ו,NL,מיונז אורגני השדה 230 גר,גרמים,330.00,100 גרם,false,1,22.90,6.9394,true,1,12873
7290013521316,false,ממרח אורגני בטעם מיונז ללא ביצים 230 גר,השדה מוצרים אורגניים,NL,ממרח מיונז אורגני ללא ביצים השדה230גר,גרמים,230.00,100 גרם,false,1,16.90,7.3478,true,1,12874
7290013521347,false,חרדל דיג'ון אורגני 200גרם,השדה מוצרים אורגניים,NL,חרדל דיזון אורגני 200 גר,גרמים,200.00,100 גרם,false,1,14.90,7.4500,true,1,20123
7290013521354,false,חרדל דיזון אורגני עם גרגירים 200 גר,השדה מוצרים טבעיים ו,NL,חרדל דיזון אורגני עם גרגירים 230 גר,גרמים,230.00,100 גרם,false,1,14.90,6.4783,true,1,20124
7290013521385,false,רסק תפוחים אורגני 700 גרם,השדה מוצרים אורגניים,NL,רסק תפוחים אורגני 700 גר,גרמים,700.00,100 גרם,false,1,17.90,2.5571,true,1,20084
7290013521392,false,רסק תפוחים אורגני 360 גר,מחנדל,NL,רסק תפוחים אורגני 360 גר,גרמים,360.00,100 גרם,false,1,13.90,3.8611,true,1,20085
7290013521408,false,אבקת מרק ירקות אורגנית 200 גרם,השדה מוצרים אורגניים,NL,מרק ירקות אורגנית 200 גר,גרמים,200.00,100 גרם,false,1,23.90,11.9500,true,1,20122
7290013521415,false,אבקת מרק אורגנית בטעם עוף 200 גרם,השדה מוצרים אורגניים,NL,מרק עוף אורגנית טעם עוף 200 גר,גרמים,200.00,100 גרם,false,1,24.90,12.4500,true,1,20121
7290013521491,false,קטשופ אורגני ללא גלו,השדה מוצרים טבעיים ו,US,קטשופ אורגני 567 גרם ללא גלוטן השדה,גרמים,567.00,100 גרם,false,1,18.90,3.3333,true,1,30490
7290013521569,false,רסק תפוח בננה אורגני 360 גר,השדה מוצרים טבעיים ו,,רסק תפוח בננה אורגני 360 גר,גרמים,360.00,100 גרם,false,1,13.90,3.8611,true,1,20120
7290013521613,false,שעועית לבנה אורגנית ברוטב עגבניות 350 גר,,,שעועית לבנה אורגנית ברוטב עגבניות 350 גר,גרמים,350.00,100 גרם,false,1,16.90,4.8286,true,1,20128
7290013521743,false,שקדי מרק מקמח כוסמין 400 גר,,,שקדי מרק מקמח כוסמין 400 גר,גרמים,400.00,100 גרם,false,1,16.90,4.2250,true,1,20077
7290013521828,false,פסטה כוסמין ספירולינה פטוציני 300 גרם,,,פסטה כוסמין אורגנית ספירולינה 500 גר,גרמים,300.00,100 גרם,false,1,19.90,6.6333,true,1,20082
7290013521835,false,פסטה כוסמין ספירולינה פוזילי 300 גרם,רדיי 97 בעמ,HU,פסטה כוסמין אורגנית ספירולינה פוזילי 500,גרמים,500.00,100 גרם,false,1,19.90,3.9800,true,1,20083
7290013521873,false,סוכר קוקוס אורגני 300 גרם,סנקי,ID,סוכר קוקוס אורגני מפרח הקוקוס 300 גר,גרמים,300.00,100 גרם,false,1,15.90,5.3000,true,1,22436
7290013521965,false,עוגיות אורגניות מקמח כוסמין מלא 180 גרם,השדה מוצרים טבעיים ו,IL,עוגיות חצי ירח מקח כוסמין אורגני 180 גר,גרמים,180.00,100 גרם,false,1,15.90,8.8333,true,1,27391
7290013525789,false,אריסה מרוקאית שמיר 150 גר',"סלטי שמיר 2006 בע""מ",IL,אריסה מרוקאית 150 גר,גרמים,150.00,100 גרם,false,1,9.90,6.6000,true,1,10035
7290013525796,false,סחוג תימני שמיר 150 גר',"סלטי שמיר 2006 בע""מ",IL,סחוג תימני 150 גר,גרמים,150.00,100 גרם,false,1,9.90,6.6000,true,1,10036
7290013525802,false,סחוג תימני אדום 150 גר' שמיר,"סלטי שמיר 2006 בע""מ",IL,סחוג תימני אדום 150גר,גרמים,150.00,100 גרם,false,1,9.90,6.6000,true,1,10037
7290013531117,false,רוטב פסטה לילדים 240 גרם יכין,"זנלכל בע""\מ",IL,רוטב פסטה לילדים יכין 260 גר,גרמים,240.00,100 גרם,false,1,5.50,2.2917,true,1,8614
7290013531377,false,תורמוס A2 יכין בית יוסף,היינץ צפון אמריקה מק,IL,תורמוס יכין 550 גרם,גרמים,550.00,100 גרם,false,1,9.90,1.8000,true,1,10845
7290013531490,false,שעועית לבנה אפויה יכין,זנלכל,IL,פול מתובל יכין 550 גר א/2,גרמים,550.00,100 גרם,false,1,9.90,1.8000,true,1,10846
7290013531612,false,רוטב לפסטה נפוליטנה יכין 240 גרם,זנלכל,IL,רוטב נפוליטנה יכין 260 גר,גרמים,240.00,100 גרם,false,1,5.50,2.2917,true,1,13411
7290013531629,false,רוטב לפסטה פומודורו 240 גרם יכין,היינץ צפון אמריקה מק,IL,רוטב פומודורו יכין 260 גר,גרמים,240.00,100 גרם,false,1,5.50,2.2917,true,1,13412
7290013531759,false,שעועית אפויה במים יכין 330 גרם,"זנלכל בע""\מ",IL,שעועית אפויה במים א/2 יכין,גרמים,550.00,100 גרם,false,1,9.90,1.8000,true,1,13173
7290013539892,false,אל סבון נוזלי משאבה תה ירוק סטייל 1 ל',סטייל Style,TR,אלסבון ארומטי תה ירוק 1ל סטייל,ליטרים,1.00,ליטר,false,1,13.90,13.9000,true,1,8423
7290013539915,false,אל סבון נוזלי משאבה תה לבן סטייל 1 ל,סטייל Style,TR,אלסבון ארומטי תה לבן 1ל סטייל,ליטרים,1.00,ליטר,false,1,13.90,13.9000,true,1,8424
7290013558800,false,עלי תרד 250 גר בנספק,ל. פלמינגו ישראל,IL,עלי תרד 500 גר בנספק,Unknown,0.00,Unknown,false,1,15.00,0.0000,true,1,23833
7290013558824,false,תבלין רוקולה /בזיליקום 100 גר,ל. פלמינגו ישראל,IL,עלי רוגולה/בזיליקום,Unknown,0.00,Unknown,false,1,9.50,0.0000,true,1,17186
7290013585387,false,קוקה קולה זירו בקבוק,החברה המרכזית לייצור משקאות,IL,משקה קוקה קולה זירו 1 ליטר,ליטרים,1.00,ליטר,false,1,7.50,7.5000,true,1,13301
7290013585394,false,קוקה קולה 1ליטר בודד,החברה המרכזית לייצור משקאות,IL,משקה קוקה קולה 1 ליטר,ליטרים,1.00,ליטר,false,1,7.80,7.8000,true,1,13300
7290013608260,false,מיץ רימונים 100%מיץ סחוט טרי מצונן 1ליט,"גניר (1992) בע""מ",IL,מיץ רימונים טבעי 100% סחוט טרי 1ליטר פקד,ליטרים,1.00,ליטר,false,1,22.90,22.9000,true,1,12140
7290013608482,false,נקטר מנגו פרימור 1 ליטר,דיפלומט,IL,נקטר מנגו פרימור 1 ליטר,ליטרים,1.00,ליטר,false,1,8.70,8.7000,true,1,17500
7290013608550,false,נקטר תפוזים פרימור 1 ליטר,סטאר סנקס,IL,נקטר תפוזים פרימור 1 ליטר,ליטרים,1.00,ליטר,false,1,8.70,8.7000,true,1,17497
7290013608635,false,משקה לימונים עם נענע פרימור 1 ליטר,סטאר סנקס,IL,משקה קל לימונים ונענע פרימור 1 ליטר,ליטרים,1.00,ליטר,false,1,8.70,8.7000,true,1,18108
7290013608673,false,נקטר תפוחי עץ פרימור 1 ליטר,סטאר סנקס,IL,נקטר תפוחי עץ פרימור 1 ליטר,ליטרים,1.00,ליטר,false,1,8.70,8.7000,true,1,17498
7290013645074,false,לחם לבן שרהלה 500 גר,,,לחם לבן ללא גלוטן 500גר שרלה,גרמים,500.00,100 גרם,false,1,18.90,3.7800,true,1,30192
7290013645272,false,עוגיות נשיקות ללא גל,מוצרי הכט,IL,נשיקות שרלה ללא גלוטן 100 גר,גרמים,100.00,100 גרם,false,1,19.90,19.9000,true,1,21568
7290013645500,false,מקלות מלוחים ללא גלו,מוצרי הכט,IL,מקלות מלוחים ללא גלוטן230גר שרלה,גרמים,230.00,100 גרם,false,1,21.90,9.5217,true,1,11071
7290013645531,false,עוגיות מזרחיות עם שו,מוצרי הכט,IL,עוגיות מזרחיות ללא גלוטן200גר שרלה,גרמים,200.00,100 גרם,false,1,21.90,10.9500,true,1,11072
7290013652157,false,"ד""ר פישר - נטורל קר מגבונים להסרת איפור לעור רגיל יבש 30 יח' * 3",פישר מעבדות פרמצבטיות בע,IL,שלישיית מגבונים ל.איפור עור רגיל30יח,יחידה,90.00,יחידה,false,1,27.90,0.3100,true,1,9450
7290013652164,false,"ד""ר פישר - נטורל קר מגבונים להסרת איפור לעור רגיש 30 יח' * 3",פישר מעבדות פרמצבטיות בע,IL,שלישיית מגבונים ל.איפור חמאת שיא 30יח,יחידה,90.00,יחידה,false,1,27.90,0.3100,true,1,9451
7290013652171,false,"ד""ר פישר - נטורל קר מגבונים להסרת איפור לעור שמן מעורב 30 יח' * 3",פישר מעבדות פרמצבטיות בע,IL,שלישיית מגבונים ל.איפור עור שמן 30יח,יחידה,90.00,יחידה,false,1,27.90,0.3100,true,1,9452
7290013652782,false,נטורל קר קרם לחות לשיער מתולתל- יסמין ופרחי מגנוליה,פישר מעבדות פרמצבטיות,IL,קרם לחות לשיער מתולתל נטורל קר400 מל,מיליליטרים,400.00,"100 מ""ל",false,1,16.90,4.2250,true,1,8955
7290013652843,false,נטורל קר שמפו לשיער רגיל- ורדים וחלב רימונים,פישר מעבדות פרמצבטיות,IL,שמפו לשיער רגיל נטורל קר ורדים 700מל,מיליליטרים,700.00,"100 מ""ל",false,1,15.90,2.2714,true,1,8933
7290013652874,false,נטורל קר מרכך לשיער רגיל- ורדים וחלב רימונים,"ד""ר פישר Dr fischer",IL,מרכך לשיער רגיל נטורל קר ורדים 700מל,מיליליטרים,700.00,"100 מ""ל",false,1,15.90,2.2714,true,1,8940
7290013652904,false,נטורל קר שמפו+מרכך לשיער רגיל ורדים וחלב רימונים,"ד""ר פישר Dr fischer",IL,שמפו ומרכך לשיער רגיל נטורל קר ורדי700מל,מיליליטרים,700.00,"100 מ""ל",false,1,15.90,2.2714,true,1,8939
7290013652997,false,"ד""ר פישר - נטורל קר קרם גוף יבש במיוחד 450 מ""ל",פישר מעבדות פרמצבטיות,IL,קרם גוף לעור מיבש במיוחד נטורל קר 450 מל,מיליליטרים,450.00,"100 מ""ל",false,1,24.90,5.5333,true,1,8958
7290013659248,false,כיסוי מגבת לייבוש השיער,יושלם,,מברשת רחצה לגב,Unknown,0.00,Unknown,false,1,19.90,0.0000,true,1,12608
7290013659392,false,עציץ סידור שושנים,מיישן,IL,עציץ סידור שושנים,יחידה,1.00,יחידה,false,1,34.90,34.9000,true,1,15163
7290013659439,false,עציץ בונסאי גדול,,,עציץ בונסאי גדול,יחידה,1.00,יחידה,false,1,50.00,50.0000,true,1,13033
7290013675545,false,"שניצל כלי תחבורה ""מאמא עוף"" 700 גרם",תנובה גליל שותפות מוגבלת,IL,שניצל עוף כלי תחבורה 700גר מאמא עוף,גרמים,700.00,100 גרם,false,1,36.90,5.2714,true,1,21700
7290013702036,false,"שוופס ווטר 500 מ""ל- אפרסק",יפאורה שותפות מובגלת לשיווק,IL,מים שוופס אפרסק 500מל פקדון,מיליליטרים,500.00,"100 מ""ל",false,1,7.90,1.5800,true,1,14805
7290013702050,false,"שוופס ווטר 500 מ""ל- ענבים",יפאורה תבורי,IL,מים שוופס ענבים 500מל פקדון,מיליליטרים,500.00,"100 מ""ל",false,1,7.90,1.5800,true,1,14806
7290013702388,false,"שוופס מים ט.תפוח 500 מ""ל",יפאורה שותפות מובגלת לשיווק,IL,מים שוופס תפוח 500מל פקדון,מיליליטרים,500.00,"100 מ""ל",false,1,7.90,1.5800,true,1,14808
7290013702418,false,"שוופס מוגז עדין אפרסק זכוכית 330 מ""ל",יפאורה תבורי בעמ,IL,משקה שוופס מוגז עדין אפרסק 330 מל,מיליליטרים,330.00,"100 מ""ל",false,1,6.90,2.0909,true,1,17474
7290013702883,false,"שוופס מוגז פינק למונייד 500 מ""ל",יפאורה שותפות מובגלת לשיווק,IL,משקה שוופס מוגז פינק למונייד 500מל פקדון,מיליליטרים,500.00,"100 מ""ל",false,1,7.90,1.5800,true,1,14810
7290013713001,false,"בירה JEM'S אמבר אייל בקבוק 330 מ""ל","אביר הבר בע""מ",IL,בירה גמס אמבר אייל 330מל בקבוק,מיליליטרים,330.00,"100 מ""ל",false,24,14.90,4.5152,true,1,27409
7290013713018,false,"בירה JEM'S דארק לאגר בקבוק 330 מ""ל",,IL,בירה גמס לאגר כהה 330מל בקבוק,מיליליטרים,330.00,"100 מ""ל",false,24,14.90,4.5152,true,1,27412
7290013713025,false,"בירה ג'מס פילס בקבוק 330 מ""ל","אביר הבר בע""מ",IL,בירה גמס פילס 330מל בקבוק,מיליליטרים,330.00,"100 מ""ל",false,24,14.90,4.5152,true,1,27410
7290013713032,false,"בירה ג'מס חיטה בקבוק 330 מ""ל","אביר הבר בע""מ",IL,בירה גמס יטה 330 מל בקבוק,מיליליטרים,330.00,"100 מ""ל",false,24,14.90,4.5152,true,1,27411
7290013713049,false,"בירה גמס 8.8 איל בלגי מחוזקת 330 מ""ל","אביר הבר בע""מ",IL,בירה גמס 330מל בקבוק 8.8% אלכוהול,מיליליטרים,330.00,"100 מ""ל",false,24,14.90,4.5152,true,1,27407
7290013713094,false,"בירה ג'יימס בלייזר בראון 330 מ""ל",יקבי כרמל,IL,בירה גמס 330מל בקבוק איי.פי.אי,מיליליטרים,330.00,"100 מ""ל",false,24,14.90,4.5152,true,1,27406
7290013724939,false,משוקלדים חמוציות מריר 140 גר' קופסא,"דין שיווק וקלייה בע""",IL,חמוציות בציפוי שוקולד מריר קופסא 160גר,גרמים,160.00,100 גרם,false,1,10.90,6.8125,true,1,8740
7290013724946,false,שקדים בשוקולד מריר 140 גר שקדיה,"דין שיווק וקלייה בע""",IL,שקדים בציפוי שוקולד מריר קופסא 160גר,גרמים,160.00,100 גרם,false,1,10.90,6.8125,true,1,8729
7290013724953,false,חמוציות בציפוי שוקולד בקופסא שקדיה 140 גרם,"דין שיווק וקלייה בע""",IL,חמוציות בציפוי שוקולד חלב קופסא 160גר,גרמים,160.00,100 גרם,false,1,10.90,6.8125,true,1,8730
7290013724960,false,שקדים בציפוי שוקולד בקופסא שקדיה 140 גרם,"דין שיווק וקלייה בע""",IL,שקדים בציפוי שוקולד חלב קופסא 160גר,גרמים,160.00,100 גרם,false,1,10.90,6.8125,true,1,8735
7290013724984,false,משוקלדים בוטן מריר 160 גר' קופסא,"דין שיווק וקלייה בע""",IL,בוטנים בציפוי שוקולד מריר קופסא 160גר,גרמים,160.00,100 גרם,false,1,10.90,6.8125,true,1,8728
7290013724991,false,אגוזי לוז בציפוי שוקולד בקופסא שקדיה 140 גרם,"דין שיווק וקלייה בע""",IL,אגוזי לוז בציפוי שוקולד חלב קופסא 160גר,גרמים,160.00,100 גרם,false,1,10.90,6.8125,true,1,8732
7290013725820,false,אגוזי לוז בשוקולד מריר 140 גר שקדיה,"דין שיווק וקלייה בע""",IL,אגוזי לוז בציפוי שוקולד מריר קופסא 160גר,גרמים,160.00,100 גרם,false,1,10.90,6.8125,true,1,8726
7290013725837,false,שומשום בציפוי שוקולד בקופסא שקדיה 140 גרם,"דין שיווק וקלייה בע""",IL,שומשום בציפוי שוקולד חלב קופסא 160גר,גרמים,160.00,100 גרם,false,1,10.90,6.8125,true,1,8733
7290013725844,false,חטיף שומשום בשוקולד מריר 160ג,"דין שיווק וקלייה בע""",IL,שומשום בציפוי שוקולד מריר קופסא 160גר,גרמים,160.00,100 גרם,false,1,10.90,6.8125,true,1,8727
7290013746238,false,ציפסקוקיס מכוסמין 250 גרם,"דגן מיני מזונות בע""מ",IL,עוגיות דגן שוקו ציפס קוקיס ל.ס 300 גר,גרמים,250.00,100 גרם,false,1,27.90,11.1600,true,1,21673
7290013746368,false,עוגיות כוסמין ושקדים,"דגן מיני מזונות בע""מ",IL,עוגיות דגן שקדים ל.ס 300 גר,גרמים,300.00,100 גרם,false,1,27.90,9.3000,true,1,21674
7290013746504,false,מקלוני כוסמין עם עשבי תיבול ללס 200גר דגן,"דגן מיני מזונות בע""מ",IL,עוגיות דגן מקלוני עשבי תיבול ל.ס 200 גר,גרמים,200.00,100 גרם,false,1,21.90,10.9500,true,1,21666
7290013746672,false,עוגיות אגוזים מכוסמין250,"דגן מיני מזונות בע""\מ",IL,עוגיות דגן אגוזים ל.ס 300 גר,גרמים,250.00,100 גרם,false,1,27.90,11.1600,true,1,21672
7290013746689,false,עוגיות שיבולת שועל ואוכמניות מכוסמין ליב 250 גרם,"דגן מיני מזונות בע""\מ",IL,עוגיות דגן שבולת שועל אוכמניו ל.ס 300 גר,גרמים,250.00,100 גרם,false,1,27.90,11.1600,true,1,21671
7290013746788,false,מקלוני כוסמין עם עגבניה ואורגנו 200 גרם,"דגן מיני מזונות בע""\מ",IL,עוגיות דגן עגבניה ואורגנו ל.ס 200 גר,גרמים,200.00,100 גרם,false,1,21.90,10.9500,true,1,21667
7290013764003,false,אוק אנד אש - שיכר לימונדה קלאסית,,BE,שיכר לימונדה קלאסי אוק אנד אש330מל פקדון,מיליליטרים,330.00,"100 מ""ל",false,24,14.90,4.5152,true,1,49182
7290013764027,false,אוק אנד אש - סיידר תפוחים יבש,,BE,סיידר תפוחים יבש אוק אנד אש 330מל ב.פקדו,מיליליטרים,330.00,"100 מ""ל",false,24,14.90,4.5152,true,1,49178
7290013764041,false,סיידר תפוחים מתוק 330 מל,,BE,סיידר תפוחים מתוק אוק אנד אש 330מל פקדון,מיליליטרים,330.00,"100 מ""ל",false,24,14.90,4.5152,true,1,49180
7290013764102,false,סיידר תפוחים מתובל 330 מל,,BE,סיידר תפוחים מתובל אוק אנד אש 330מל פקדו,מיליליטרים,330.00,"100 מ""ל",false,24,14.90,4.5152,true,1,49179
7290013764140,false,אוק אנד אש - שיכר לימונדה חמוציות,,BE,שיכר לימונדה חמוציות אוק אנד אש330מל פקד,מיליליטרים,330.00,"100 מ""ל",false,24,14.90,4.5152,true,1,49181
7290013771216,false,פטאקי 16% גבינות השומרון,מיוצר עי קונדיטוריית,IL,גבינת פאטקי 16% שומן 250 גרם,גרמים,250.00,100 גרם,false,1,14.90,5.9600,true,1,18217
7290013771384,false,יוגורט יווני השומרון,מיוצר עי קונדיטוריית,IL,יוגורט יווני 8% 400 גרם,גרמים,400.00,100 גרם,false,1,10.90,2.7250,true,1,17359
7290013787156,false,רוטב שמנת גראנה פדאנו 200 גרם ריקו - בית יוסף,קריניסה ויטמין אס אי,IL,רוטב שמנת גראנה פדאנו 200גר פסטה ריקו,גרמים,200.00,100 גרם,false,6,13.90,6.9500,true,1,34527
7290013787163,false,רוטב שמנת רוזה 200גר,דורו איטליאן פרודקטס בע\,IL,רוטב שמנת רוזה 200גר פסטה ריקו,גרמים,200.00,100 גרם,false,6,13.90,6.9500,true,1,34528
7290013787170,false,רוטב שמנת פטריות 200 גרם ריקו - בית יוסף,קריניסה ויטמין אס אי,IL,רוטב שמנת פטריות 200גר פסטה ריקו,גרמים,200.00,100 גרם,false,6,13.90,6.9500,true,1,34529
7290013787194,false,רוטב שמנת בטטה 200גר,פסטה ריקו,IL,רוטב שמנת בטטה 200גר פסטה ריקו,גרמים,200.00,100 גרם,false,6,13.90,6.9500,true,1,34530
7290013787392,false,רביולי גבינות קלאסי 330 גרם ריקו בית יוסף,דודו איטליאן פרודקטס בע\,IL,רביולי גבינות קלאסי 330גר פסטה ריקו,גרמים,330.00,100 גרם,false,6,25.90,7.8485,true,1,34523
7290013787408,false,רביולי בטטה 330 גרם ריקו בית יוסף,דודו איטליאן פרודקטס בע\,IL,רביולי בטטה 330 גרם פסטה ריקו,גרמים,330.00,100 גרם,false,6,25.90,7.8485,true,1,34524
7290013787415,false,רביולי ריקוטה תרד 330 גרם ריקו בית יוסף,דודו איטליאן פרודקטס בע\,IL,רביולי ריקוטה תרד 330 גרם פסטה ריקו,גרמים,330.00,100 גרם,false,6,25.90,7.8485,true,1,34525
7290013787422,false,רביולי פלין פטריות - כמהין 330 גרם ריקו בית יוסף,דודו איטליאן פרודקטס בע\,IL,פלין פטריות בטעם כמהין 330גרם פסטה ריקו,גרמים,330.00,100 גרם,false,6,25.90,7.8485,true,1,34526
7290013816009,false,שוקולד 90% קקאו - הולי קקאו,"הולי קקאו שוקולד בע""",IL,שוקולד הולי קקאו 90% מריר אורגני 100 ג,גרמים,100.00,100 גרם,false,15,17.90,17.9000,true,1,17441
7290013816221,false,הולי קקאו שוקולד צ׳י,"הולי קקאו שוקולד בע""",IL,שוקולד ציפס 50% מריר הולי קקאו 250 גרם,גרמים,250.00,100 גרם,false,12,19.90,7.9600,true,1,32305
7290013816238,false,שוקולד צ'יפס 70% 250 גרם,"הולי קקאו שוקולד בע""",IL,טיפות שוקולד 70% מריר הולי קקאו 250 גרם,גרמים,250.00,100 גרם,false,12,19.90,7.9600,true,1,32304
7290013816245,false,שוקולד 60% קקאו עם קפה - הולי קקאו,"הולי קקאו שוקולד בע""",IL,שוקולד הולי קקאו 60% מריר אורגני 100 ג,גרמים,100.00,100 גרם,false,15,17.90,17.9000,true,1,48982
7290013816443,false,שוקולד 80% קקאו - הולי קקאו,"הולי קקאו שוקולד בע""",IL,שוקולד הולי קקאו 80% מריר אורגני 100 ג,גרמים,100.00,100 גרם,false,15,17.90,17.9000,true,1,17440
7290013816894,false,שוקולד מריר אורגני קמינו ורדה הולי 100 ג,"הולי קקאו שוקולד בע""",IL,שוקולד הולי קקאו 70% מריר אורגני 100 ג,גרמים,100.00,100 גרם,false,15,17.90,17.9000,true,1,48983
7290013816917,false,שוקולד מריר אורגני קמינו ורדה הולי 100%,"הולי קקאו שוקולד בע""",IL,שוקולד הולי קקאו 100% מריר אורגני 100 ג,גרמים,100.00,100 גרם,false,15,17.90,17.9000,true,1,48984
7290013824851,false,יין קברנה סוביניון ר,יקב שטרן,IL,יין קברנה סוביניון רזרב כשר 2016 750 מל,מיליליטרים,750.00,"100 מ""ל",false,6,120.00,16.0000,true,1,29863
7290013847386,false,סטארקיסט נתחי טונה בהירה במים ושמן קנולה בטעם טבעי 140 גרם,סטארקיסט Starkist,IL,טונה סטארקיסט 4% בשמן צמחי 140 גר,גרמים,160.00,100 גרם,false,1,7.90,4.9375,true,1,25645
7290013847393,false,סטארקיסט לייט נתחי טונה בהירה במים ושמן קנולה עם עשבי תיבול 140 גרם,סטארקיסט Starkist,IL,טונה סטארקיסט 4% עשבי תיבול 140 גר,גרמים,160.00,100 גרם,false,1,7.90,4.9375,true,1,25646
7290013847409,false,סטארקיסט לייט נתחי טונה בהירה במים ושמן קנולה עם לימון ופלפל חריף 140 גרם,סטארקיסט Starkist,IL,טונה סטארקיסט 4% פלפל לימון 140 גר,גרמים,160.00,100 גרם,false,1,7.90,4.9375,true,1,25647
7290013847454,false,טונה סטארקיסט שמן קנולה רביעיות 4*160 גר,"טונה ויאטנם קו,. אל.טי.ד",VN,רביעיית טונה סטארקיסט שמן קנולה160גר,גרמים,640.00,100 גרם,false,1,25.90,4.0469,true,1,19477
7290013847553,false,נתחי טונה בהירה במים דל נתרן - מארז רביעיה,"סטארקיסט פודור בע""מ",TH,רביעיית טונה סטארקיסט דלת נתרן מים 160 ג,גרמים,640.00,100 גרם,false,1,25.90,4.0469,true,1,15519
7290013847645,false,סטארקיסט טונה בשמן זית 80 גר' שלישיות - בית,סטארקיסט Starkist,TR,טונה סטארקיסט שמן זית 3 יח 80 גרם,גרמים,240.00,100 גרם,false,1,19.90,8.2917,true,1,23215
7290013847812,false,נתחי טונה בהירה בשמן זית כתית מעולה Yellowfin,סטארקיסט Starkist,IL,טונה ילופין סטארקיסט שמן זית 140 גרם,גרמים,140.00,100 גרם,false,1,9.90,7.0714,true,1,21016
7290013848017,false,תרסיס ניקוי והברקת נירוסטה,"סנו מפעלי ברונוס בע""מ",IL,מרסס לניקוי נירוסטה 500מל,מיליליטרים,500.00,"100 מ""ל",false,12,19.90,3.9800,true,1,23677
7290013848345,false,מארז מטליות לחיטוי וניקוי יסודי אנטיבקטריאלי 99.9%,סנו מפעלי ברונוס בעמ,IL,מארז 3יח מטליות לחות לחיטוי 99% 50יח,יחידה,150.00,יחידה,false,8,24.90,0.1660,true,1,27549
7290013848383,false,קרמה מן גל רחצה אקטיב בלוק 700 מל לגבר,טרופיקל דגיל תעשיות,IL,גל רחצה אלוורה קרמה אקטיב בלוק 700 מל,מיליליטרים,700.00,"100 מ""ל",false,1,16.90,2.4143,true,1,10298
7290013848420,false,דאודורנט גל קרמה מן אנטיפרספירנט 70 מל,גוד פוד פרודקטס S.p,IL,דאודורנט קרמה גל אקטיב בלוק 70מל,Unknown,0.00,Unknown,false,12,15.90,0.0000,true,1,24389
7290013848437,false,"קרמה - דאודורנט ספריי לגבר אקטיב בלוק 200 מ""ל",מיוצר עי אמיליה קוסמ,IL,דאודורנט קרמה ספריי אקטיב בלוק 200 מל,מיליליטרים,200.00,"100 מ""ל",false,12,15.90,7.9500,true,1,24391
7290013848581,false,סנו סושי מגבות נייר בגליל ענק.,סנו,IL,מגבת נייר סושי גלילי ענק,מטרים,61.00,מטר,false,1,12.90,0.2115,true,1,9565
7290013848611,false,רדיד אלומיניום עבה וחזק 61 מטר,סנו סושי,IL,רדיד אלומיניום סנו סושי61מ 15מיקרון,מטרים,61.00,מטר,false,1,36.90,0.6049,true,1,9564
7290013848727,false,מכשיר אוטומטי לבישום אוויר בתוספת מילוי SOFT HARMONY,"יצרן מכשיר: זובלה, שנזן,",IL,מטהר אויר סנו פרש אוטומטי+מילוי הרמוניה,יחידה,1.00,יחידה,false,1,39.90,39.9000,true,1,20274
7290013848734,false,מכשיר אוטומטי לבישום אוויר בתוספת מילוי SOFT BALANCE,סנו פרש Fresh,CN,מטהר אויר סנו פרש אוטומטי+מילוי איזון רך,יחידה,1.00,יחידה,false,1,39.90,39.9000,true,1,20273
7290013848758,false,מקסימה גל כביסה מרוכז בייבי 3ליטר סנסטיב,"סנו מפעלי ברונוס בע""\מ",IL,גל כביסה מקסימה בייבי סנסטיב 3 ל,ליטרים,3.00,ליטר,false,1,29.90,9.9667,true,1,11192
7290013848819,false,אל סבון כיף מוצק לוטוס מארז 100X4ג',קוסמופארם,IL,רביעיית אלסבון כיף מוצק לוטוס 100 גר,גרמים,400.00,100 גרם,false,1,12.90,3.2250,true,1,9476
7290013848895,false,דאו.קרמה רול און מאסק75מ,קוסמופארם,IL,דאודורנט קרמה רול און מאסק 75 מל,מיליליטרים,75.00,"100 מ""ל",false,1,12.90,17.2000,true,1,18603
7290013848970,false,"קרמה - דאודורנט ספריי לאישה קלאסי 150 מ""ל",מיוצר עי : אמיליה קוסמטי,IL,דאודורנט קרמה ספריי קלאסי 150 מל,מיליליטרים,150.00,"100 מ""ל",false,1,12.90,8.6000,true,1,18601
7290013861061,false,משוקלדים בוטן חלב 160 גר' קופסא,"דין שיווק וקלייה בע""",IL,בוטנים בציפוי שוקולד חלב קופסא 160גר,גרמים,160.00,100 גרם,false,1,10.90,6.8125,true,1,8734
7290013861412,false,המתוקים של ששון קוקוס 250 גרם,קריניציה ויטמינה אס,IL,חטיף קוקוס 250 גר,גרמים,250.00,100 גרם,false,1,9.90,3.9600,true,1,12739
7290013861429,false,המתוקים של ששון שומשום 250 גרם,קריניציה ויטמינה אס,IL,שומשום מסוכר 250 גר,גרמים,250.00,100 גרם,false,1,9.90,3.9600,true,1,12737
7290013861443,false,המתוקים של ששון בוטנים 250 גרם,קריניציה ויטמינה אס,IL,בוטנים מסוכרים 250 גר,גרמים,250.00,100 גרם,false,1,9.90,3.9600,true,1,12738
7290013883148,false,סופג ריחות במקרר ווליט 40 גרם,יעקבי - הפי Hepi,IT,סופג ריחות למקרר הפי,Unknown,0.00,Unknown,false,1,13.90,0.0000,true,1,10554
7290013883407,false,"דזיטול מרסס לחיטוי כללי יעקבי 750 מ""ל",יעקבי - דזיטול Desytol,ES,מרסס דזיטול נגד חיידקים 500 מל,מיליליטרים,500.00,"100 מ""ל",false,1,12.90,2.5800,true,1,9213
7290013883414,false,"מרסס מסיר כתמי חלודה איירון אאוט 473 מ""ל",summit brands,US,מסיר חלודה הפי 470 מל,מיליליטרים,470.00,"100 מ""ל",false,1,29.90,6.3617,true,1,12176
7290013903082,false,צפתית טבעונית ליב 200 גרם,ביוט איילנד פודס בעמ,,תחליף צפתית טבעוני 200 גרם ליב,גרמים,200.00,100 גרם,false,1,22.90,11.4500,true,1,16661
7290013903259,false,תות שדה אורגני מוקפא 300 גר,פריגו,RS,תות שדה אורגני 300 גרם ליב,גרמים,300.00,100 גרם,false,6,18.90,6.3000,true,1,49359
7290013903273,false,אדממה אורגני קפוא 400 גר,זהג'יאנג קינגסור פוד,CN,פולי סויה אדממה אורגני 400גר,גרמים,400.00,100 גרם,false,12,10.90,2.7250,true,1,28409
7290013903310,false,ליב טופו אורגני 500 גרם,,IL,טופו אורגני 500 גרם 2יח נפרדות,גרמים,500.00,100 גרם,false,9,18.90,3.7800,true,1,27738
7290013903327,false,טופו בטעם טבעי 500 גרם,"א.י.ן תעשיות בע""מ",IL,טופו טבעי 500 גרם 2 יח נפרדות,גרמים,500.00,100 גרם,false,9,16.90,3.3800,true,1,27739
7290013903389,false,שעועית ירוקה קפואה אורגני 500 גרם,ליב אורגני,CN,שעועית ירוקה אורגנית קלופה 500גר קפוא,גרמים,500.00,100 גרם,false,12,12.90,2.5800,true,1,37881
7290013903396,false,גרעיני תירס מתוקים קפואים אורגני 500 גרם,קינגסור,CN,גרעיני תירס מתוק אורגני 500גר קפוא,גרמים,500.00,100 גרם,false,12,12.90,2.5800,true,1,37882
7290013903464,false,פולי סויה אורגנים קלופים מוקפאים (אדממה) 500גרם ליב,זהג'יאנג קינגסור,CN,פולי סויה אורגנים קלופים 500גר קפוא,גרמים,500.00,100 גרם,false,12,14.90,2.9800,true,1,37880
7290013903594,false,רסק תפוחים טבעי 670 גרם ליב,טעמי הגליל בעמ,IL,רסק תפוחים 670 גר טעמי הגליל ליב,גרמים,670.00,100 גרם,false,1,12.00,1.7910,true,1,33066
7290013903839,false,קציצות עדשים וירקות טבעוני 400 גרם,,IL,קציצות עדשים וירקות 400גרם ליב,גרמים,400.00,100 גרם,false,1,24.90,6.2250,true,1,50935
7290013903846,false,קציצות סלק 400 גרם ל,,,קציצות סלק 400 גרם ליב,גרמים,400.00,100 גרם,false,1,24.90,6.2250,true,1,50936
7290013903976,false,דומדמניות אדומות אורגני ליב 300 גרם,,RS,דומדמניות אדומות אורגני 300גר,גרמים,300.00,100 גרם,false,6,18.90,6.3000,true,1,48966
7290013903983,false,דומדמניות שחורות אורגני ליב 300 גרם,,RS,דומדמניות שחורות אורגני 300גר,גרמים,300.00,100 גרם,false,6,18.90,6.3000,true,1,48965
7290013903990,false,פרוסות בננה ותות שדה,,RS,פרוסות בננה ותות שדה אורגני 300גר,גרמים,300.00,100 גרם,false,6,18.90,6.3000,true,1,48964
7290013906052,false,נקניקיות פרגיות טירת צבי 300 גרם,הנסיך- מפעל לייצור ט,IL,נקניקיות פרגיות 300 גר,גרמים,300.00,100 גרם,false,1,11.90,3.9667,true,1,9166
7290013906205,false,פסטרמה עם שום וצילי טירת צבי 400 ג',הנסיך- מפעל לייצור ט,IL,פסטרמה שום וצילי 400 ג,גרמים,400.00,100 גרם,false,1,29.90,7.4750,true,1,10163
7290013906212,false,"נקנקיות וינר טירת 1 ק""ג טירת צבי",הנסיך- מפעל לייצור ט,IL,נקניקיות וינר 1 קג,גרמים,1000.00,100 גרם,false,1,28.90,2.8900,true,1,10352
7290013906441,false,קבנוס טירת צבי 120 גרם,הנסיך- מפעל לייצור ט,IL,קבנוס 120 גר,גרמים,120.00,100 גרם,false,1,10.90,9.0833,true,1,10794
7290013906458,false,קבנוס בטעם פיקנטי טירת צבי 120 גרם,הנסיך- מפעל לייצור ט,IL,קבנוס פיקנטי 120 גר,גרמים,120.00,100 גרם,false,1,10.90,9.0833,true,1,10795
7290013906496,false,פסטרמה עגל בסגנון רומני טירת צבי 120 גר,הנסיך- מפעל לייצור ט,IL,סלסולי פסטרמה עגל רומנית 120 גר,גרמים,120.00,100 גרם,false,1,15.90,13.2500,true,1,37915
7290013927637,false,חלוה ללא תוספת סוכר במגש 400 גר' אחוה,אחדות ביחר לטחינה חל,IL,חלבה אחווה לייט 400 גר,גרמים,400.00,100 גרם,false,1,13.90,3.4750,true,1,27166
7290013937001,false,מאגדת שישיית ארטיקים,,,מאגדת שישיית ארטיקים טבעיים מעורב,יחידה,6.00,יחידה,false,1,25.90,4.3167,true,1,14049
7290013937025,false,מאגדת שישיית ארטיקים,,,מאגדת שישיית ארטיקים טבעיים תות בננה,יחידה,6.00,יחידה,false,1,25.90,4.3167,true,1,13632
7290013937049,false,מאגדת שישיית ארטיקים,שיבניס בעמ,,מאגדת שישיית ארטיקים טבעיים מעורב,יחידה,6.00,יחידה,false,1,25.90,4.3167,true,1,13635
7290013937056,false,שלגוני פריז שישיות לימון נענע נעורב,,,מאגדת שישיית ארטיקים טבעיים מעורב,יחידה,6.00,יחידה,false,1,25.90,4.3167,true,1,13636
7290013937063,false,שישיית שלגוני פריז קוקוס,שיבניס בעמ,,מאגדת שישיית ארטיקים טבעיים קוקוס,יחידה,6.00,יחידה,false,1,25.90,4.3167,true,1,13634
7290013937070,false,מאגדת שישיית ארטיקים,,,מאגדת שישיית ארטיקים טבעיים מעורב,יחידה,6.00,יחידה,false,1,25.90,4.3167,true,1,13637
7290013937087,false,מאגדת שישיית ארטיקים,,,מאגדת שישיית ארטיקים טבעיים קוקוס קקאו,יחידה,6.00,יחידה,false,1,25.90,4.3167,true,1,15710
7290013937094,false,שישייה שלגונים קוקוס,,,מאגדת שישיית ארטיקים טבעיים קוקוס קפה,יחידה,6.00,יחידה,false,1,25.90,4.3167,true,1,15709
7290013937100,false,מאגדת שישיית ארטיקים,,,מאגדת שישיית ארטיקים טבעיים סורבה חמוץ,יחידה,6.00,יחידה,false,1,25.90,4.3167,true,1,39954
7290013937124,false,שלגון פריז טבעי קוקו,פריז,IL,ארטיק פריז קוקוס 80גרם,Unknown,0.00,Unknown,false,48,9.90,0.0000,true,1,33111
7290013937223,false,ארטיק פריז תות בננה,,IL,ארטיק פריז תות בננה 80גרם,Unknown,0.00,Unknown,false,48,9.90,0.0000,true,1,33115
7290013937391,false,ארטיק פריז קוקוס קפה,שיבניס בעמ,IL,ארטיק פריז קוקוס קפה 80גרם,Unknown,0.00,Unknown,false,48,9.90,0.0000,true,1,33112
7290013937971,false,מאגדת שישיית ארטיקים,,,מאגדת שישיית ארטיקים טבעיים מיני מובחרים,יחידה,6.00,יחידה,false,1,25.90,4.3167,true,1,21230
7290013986795,false,גנסיס מי פנים לעור יבש-יבש במיוחד 200 מל,פישר מעבדות פרמצבטיות בע,IL,מי פנים גנסיס לעור יבש יבש במיוחד200מל,מיליליטרים,200.00,"100 מ""ל",false,6,29.90,14.9500,true,1,30836
7290013994004,false,אורז ארוך לבן אורגני 500 גר,הרדוף,IL,אורז ארוך לבן אורגני 500 גר הרדוף,גרמים,500.00,100 גרם,false,1,10.90,2.1800,true,1,20098
7290013994066,false,ספלטפלקס אורגני פתיתי כוסמין 375 גר,הרדוף,IT,ספלטפלקס מכוסמין אורגני 375 גר הרדוף,גרמים,375.00,100 גרם,false,1,22.90,6.1067,true,1,20143
7290013994219,false,עדשים חומות אורגניות הרדוף 500 גרם,הרדוף,IL,עדשים חומות אורגני 500 גר הרדוף,גרמים,500.00,100 גרם,false,1,12.90,2.5800,true,1,20097
7290013994288,false,"קינואה רויאל אורגנית 1 ק""ג",הרדוף,,קינואה רויאל אורגני 1 קג הרדוף,קילוגרמים,1.00,"ק""ג",false,1,29.90,29.9000,true,1,20134
7290013994295,false,קינואה אדומה אורגנית 500 גר,אול אורגני,IL,קינואה אדומה אורגנית 500 גר הרדוף,גרמים,500.00,100 גרם,false,1,20.90,4.1800,true,1,20107
7290013994301,false,קינואה שחורה אורגנית 500 גר,אול אורגני,IL,קינואה שחורה אורגנית 500 גר הרדוף,גרמים,500.00,100 גרם,false,1,20.90,4.1800,true,1,20108
7290013994318,false,קינואה מעורבת - טריקולור אורגנית 500 גרם הרדוף,אול אורגני,IL,קינואה מעורבת אורגנית 500 גר הרדוף,גרמים,500.00,100 גרם,false,1,19.90,3.9800,true,1,20109
7290013994417,false,הרדוף גרעיני שיבולת שועל אורגני 500 גרם,אול אורגני,IL,גרעיני שבולת שועל אורגני 500 גר הרדוף,גרמים,500.00,100 גרם,false,1,9.90,1.9800,true,1,20138
7290013994547,false,אורז בסמטי חום אורגני הרדוף 500 גרם,אול אורגני,IL,אורז בסמטי מלא אורגני 500גר הרדוף,גרמים,500.00,100 גרם,false,1,12.90,2.5800,true,1,20093
7290013994554,false,אורז בסמטי לבן 500 אורגני גרם - הרדוף,אול אורגני,IL,אורז בסמטי לבן אורגני 500גר הרדוף,גרמים,500.00,100 גרם,false,1,12.90,2.5800,true,1,20092
7290013994578,false,סובין שיבולת שועל אורגני 300 גר הרדוף,אול אורגני,IL,סובין שבולת שועל אורגני 300 גר הרדוף,גרמים,300.00,100 גרם,false,1,9.90,3.3000,true,1,20101
7290013994585,false,גרעיני דלעת קלופים אורגניים 300 גרם הרדוף,אול אורגני,IL,גרעיני דלעת קלופים אורגני 300 גר הרדוף,גרמים,300.00,100 גרם,false,1,18.90,6.3000,true,1,20102
7290013994653,false,קינואה רויאל אורגני 500 גרם - הרדוף,אול אורגני,IL,קינואה רויאל אורגנית 500 גר הרדוף,גרמים,500.00,100 גרם,false,1,17.90,3.5800,true,1,20106
7290013994677,false,עדשים שחורות אורגניות הרדוף 500 גרם,אול אורגני,IL,עדשים שחורות אורגניות 500 גר הרדוף,גרמים,500.00,100 גרם,false,1,15.90,3.1800,true,1,20103
7290013994684,false,אפונה חצויה אורגנית הרדוף 500 גרם,אול אורגני,IL,אפונה ירוקה אורגני 500 גר הרדוף,גרמים,500.00,100 גרם,false,1,13.90,2.7800,true,1,20104
7290013994714,false,ממרח סויה חרובים ואג,ברינקס פוד,NL,ממרח חרוב סויה אורגני 350 ג הרדוף,גרמים,350.00,100 גרם,false,1,18.90,5.4000,true,1,20091
7290013994776,false,גרגירי תירס קפוא אורג800,פינגווין,BE,גרגירי תירס קפוא אורגני 800 גר הרדוף,גרמים,800.00,100 גרם,false,1,23.90,2.9875,true,1,20166
7290013994783,false,שעועית עדינ.קפוא אורג800,פינגווין,BE,שעועית ירוקה קפואה אורגנית 800 גר,גרמים,800.00,100 גרם,false,1,23.90,2.9875,true,1,20111
7290013994790,false,לקט ירקות קפוא אורגני800,פינגווין,BE,לקט ירקות קפוא אורגני 800 גר הרדוף,גרמים,800.00,100 גרם,false,1,23.90,2.9875,true,1,20167
7290013994806,false,אפונה עדינה קפוא אורג600,פינגווין,BE,אפונה עדינה קפואה אורגנית 600 גר,גרמים,600.00,100 גרם,false,1,23.90,3.9833,true,1,20110
7290013994813,false,הרדוף שעועית שחורה אורגנית 500 גרם,אול אורגני,IL,שעועית שחורה אורגני 500 גר הרדוף,גרמים,500.00,100 גרם,false,1,11.90,2.3800,true,1,20136
7290013994820,false,הרדוף שומשום שחור אורגני 300 גרם,אול אורגני,IL,שומשום שחור אורגני 300 גר הרדוף,גרמים,300.00,100 גרם,false,1,15.90,5.3000,true,1,20137
7290013994912,false,"קמח כוסמין 70% אורגני הרדוף 1 ק""ג",עץ השדה,IL,קמח כוסמין 70% אורגני 1 קג הרדוף,קילוגרמים,1.00,"ק""ג",false,12,16.90,16.9000,true,1,31940
7290013994929,false,קוסקוס מלא אורגני 350 גרם,קרה מונוס,FR,קוסקוס מלא אורגני 350 גר הרדוף,גרמים,350.00,100 גרם,false,1,9.90,2.8286,true,1,22433
7290013994943,false,קוסקוס אורגני אורגני,הרדוף,,קוסקוס אורגני 350 גר הרדוף,גרמים,350.00,100 גרם,false,1,9.90,2.8286,true,1,22435
7290014001084,false,רוטב סילאן תפוז משק,משק דבורים לין,,רוטב סילאן תפוז משק לין 320 גר,גרמים,320.00,100 גרם,false,1,23.90,7.4687,true,1,21407
7290014001138,false,משק לין רוטב רימונים,משק דבורים לין,IL,רוטב רימון ודבש משק לין 320 גר,גרמים,320.00,100 גרם,false,1,25.90,8.0937,true,1,21408
7290014001145,false,רוטב ברביקיו שום וסילאן,משק דבורים לין,IL,רוטב סילאן ברביקיו שום משק ליןן 300 גר,גרמים,300.00,100 גרם,false,1,23.90,7.9667,true,1,12436
7290014001275,false,רוטב ברביקיו חריף אש 320,משק דבורים לין,IL,רוטב סילאן ברביקיו חריף משק לין300ג,גרמים,300.00,100 גרם,false,1,23.90,7.9667,true,1,12437
7290014001602,false,רוטב וינגרט רימונים,משק דבורים לין,,רוטב וינגרט רימונים דבש וגינגר 320 גר,גרמים,320.00,100 גרם,false,1,25.90,8.0937,true,1,17078
7290014002128,false,תה ירוק לימונית ומנטה 25 שקיקים ויסוצקי,ויסוצקי ירוק,IL,תה ירוק לימונית מנטה 1.5 ג 25 שק,יחידה,25.00,יחידה,false,1,24.90,0.9960,true,1,9665
7290014002135,false,תה ירוק מיקס 5 טעמים ויסוצקי 25 יחידות,תה ויסוצקי,IL,תה ירוק מיקס 5טעמים 1.5 ג 25 שק,יחידה,25.00,יחידה,false,1,24.90,0.9960,true,1,9547
7290014002173,false,תה ירוק תפוז מנדרין 25 שקיקים ויסוצקי,תה ויסוצקי,IL,תה ירוק תפוז מנדרין 1.5 ג 25 שק,יחידה,253.00,יחידה,false,1,24.90,0.0984,true,1,9645
7290014002197,false,חליטת קמומיל ולימונית הגן הקסום ויסוצקי 25 יחידות,תה ויסוצקי,IL,תה גן הקסום קמומיל ולימונית1.5ג25ש,יחידה,25.00,יחידה,false,1,18.50,0.7400,true,1,9649
7290014002203,false,חליטת לימונית ולואיזה הגן הקסום ויסוצקי 25 יחידות,תה ויסוצקי,IL,תה גן הקסום לימונית לואיזה 1.5ג25שק,יחידה,25.00,יחידה,false,1,18.50,0.7400,true,1,9648
7290014002579,false,תה ירוק וניל ויסוצקי 25 יחידות,ויסוצקי ירוק,IL,תה ירוק וניל 1.5 ג 25 שק,גרמים,38.00,100 גרם,false,1,24.90,65.5263,true,1,10584
7290014002944,false,גן קסום חליטת פירות וצמחים חמדת שקד 25 שקיקים,תה ויסוצקי,IL,תה גן קסום פירות חמדת השקד2.3ג 25ש,יחידה,25.00,יחידה,false,12,18.50,0.7400,true,1,12458
7290014021167,false,חליטת פניני יסמין מי,,CN,חליטת פניני יסמין מיובשים 50 גר,Unknown,0.00,Unknown,false,12,25.90,0.0000,true,1,46645
7290014021433,false,חליטת ורדים מיובשים,,CN,חליטת ורדים מיובשים 15 גר,Unknown,0.00,Unknown,false,12,9.90,0.0000,true,1,46644
7290014021501,false,פרי FREE חטיף בננה קראנצ'י 27 גרם,לנאקו שוואנגטי פודסטאף,CN,חטיף פרי בננה קראנצי ללא סוכר מארז,לא מנהל יחידת מידה,72900.00,לא מנהל יחידת מידה,false,1,10.90,0.0001,true,1,21816
7290014021518,false,פרי FREE חטיף אננס קראנצ'י 27 גרם,לנאקו שוואנגטי פודסטאף,CN,חטיף פרי אננס קראנצי ללא סוכר מארז,Unknown,0.00,Unknown,false,1,10.00,0.0000,true,1,21818
7290014021525,false,פרי FREE חטיף ליצ'י קראנצ'י 27 גרם,לנאקו שוואנגטי פודסטאף,CN,חטיף פרי ליצי קראנצי ללא סוכר מארז,לא מנהל יחידת מידה,72900.00,לא מנהל יחידת מידה,false,1,10.00,0.0001,true,1,21815
7290014021532,false,פרי FREE חטיף אגס קראנצ'י 27 גרם,לנאקו שוואנגטי פודסטאף,CN,חטיף פרי אגס קראנצי ללא סוכר מארז,יחידה,10.00,יחידה,false,1,10.00,1.0000,true,1,21814
7290014021549,false,פרי FREE חטיף תפוח קראנצ'י 27 גרם,,CN,חטיף פרי תפוח קראנצי ללא סוכר מארז,יחידה,10.00,יחידה,false,1,10.00,1.0000,true,1,22642
7290014021648,false,פרי FREE חטיף משמש קראנצ'י 27 גרם,לנאקו שוואנגטי פודסטאף,CN,חטיף פרי משמש קראנצי ללא סוכר מארז,לא מנהל יחידת מידה,72900.00,לא מנהל יחידת מידה,false,1,10.90,0.0001,true,1,21817
7290014046016,false,פסטרמה של פעם דל שומן 2% רכיבים טבעיים,מעדני יחיעם,IL,פסטרמה של פעם 100% חומרים טבעיים 250 גר,גרמים,300.00,100 גרם,false,1,25.90,8.6333,true,1,11646
7290014046047,false,צמד פסטרמות יחיעם 600 גרם,מעדני יחיעם 1993,IL,מארז צמד פסטרמה פפריקה/ברביקיו 600 גרם,גרמים,600.00,100 גרם,false,1,25.90,4.3167,true,1,12039
7290014046436,false,נשנושי קבנוס יחיעם 125 גרם,מעדני יחיעם 1993,IL,נשנושי קבנוס 125 גר,גרמים,12500.00,100 גרם,false,1,12.90,0.1032,true,1,10345
7290014046474,false,"נקניקיות עוף יחיעם 1.5 ק""ג",מעדני יחיעם,IL,נקניקיות עוף 1.5 קג,קילוגרמים,1.50,"ק""ג",false,1,27.90,18.6000,true,1,13220
7290014046580,false,"פסטרמה מעודנת על האש 300 גרם ""יחיעם""",מעדני יחיעם 1993,IL,פסטרמה מעודנת על גחלים 300 גרם,גרמים,300.00,100 גרם,false,1,21.90,7.3000,true,1,12624
7290014059078,false,"אקווה פרש מי פה אקסטרים 500 מ""ל",גלקסו סמית קליין,GB,מי פה אקווה פרש אקסטרים 500 מל,מיליליטרים,500.00,"100 מ""ל",false,1,19.90,3.9800,true,1,9609
7290014059085,false,"משחת שיניים סנסודיין 75 מ""ל פרימיום לשיקום והגנה","סמית קליין ביצ'ם בע""",GB,מש.שיניים סנסודיין שיקום והגנה 75 מל,מיליליטרים,75.00,"100 מ""ל",false,1,21.90,29.2000,true,1,9320
7290014059153,false,סנסודיין מי פה פרונמל250,גלקסוסמיתקליין,DE,מי פה סנסודיין 250 מל,מיליליטרים,250.00,"100 מ""ל",false,1,26.90,10.7600,true,1,9610
7290014059436,false,"משחת שיניים סנסודיין 75 מ""ל פרימיום לשיקום והגנה מלבינה 75 מ""ל","סמית קליין ביצ'ם בע""",GB,משחת שיניים סנסודיין לשיקום והגנה מלבינה,מיליליטרים,75.00,"100 מ""ל",false,1,21.90,29.2000,true,1,27063
7290014059795,false,ספירה מכשיר60+ טבליות,זובלה,IT,ספירה מכשיר עם 60 טבליות,יחידה,60.00,יחידה,false,1,27.90,0.4650,true,1,10234
7290014066359,false,לנדוור-קפסולות אספרסו בלנסד(06) - 10יח'12X יח,"קפה לנדוור בע""\מ",IL,קפסולות אספרסו לנדוור 06בלנסד 10 יח,יחידה,10.00,יחידה,false,12,15.90,1.5900,true,1,33224
7290014066366,false,לנדוור-קפסולות אספרסו ריסטרטו(08) - 10יח'12X יח,קפה לנדוור,IL,קפסולות אספרסו לנדוור08ריסטרטו 10 יח,יחידה,10.00,יחידה,false,12,15.90,1.5900,true,1,33228
7290014066373,false,לנדוור-קפסולות אספרסו קלאסיק(09) - 10יח'12X יח,קפה לנדוור,IL,קפסולות אספרסו לנדוור09קלאסיק 10 יח,יחידה,10.00,יחידה,false,12,15.90,1.5900,true,1,33226
7290014066380,false,לנדוור-קפסולות אספרסו סופרימו(10) - 10יח'12X יח,קפה לנדוור,IL,קפסולות אספרסו לנדוור10סופרימו 10 יח,יחידה,10.00,יחידה,false,12,15.90,1.5900,true,1,33225
7290014066441,false,לנדוור-קפסולות אספרסו נטול קפאין(07) - 10יח'12X יח,קפה לנדוור,IL,קפסולות אספרסו לנדוור נטול קפאין 10 יח,יחידה,10.00,יחידה,false,12,15.90,1.5900,true,1,33223
7290014066526,false,לנדוור-קפסולות אספרסו תערובת הבית(11) - 10יח'12X יח,קפה לנדוור,IL,קפסולות אספרסו לנדוור11הבית 10 יח,יחידה,10.00,יחידה,false,12,15.90,1.5900,true,1,33229
7290014066533,false,לנדוור-קפסולות אספרסו קלייה כפולה(12) - 10יח'12X יח,קפה לנדוור,IL,קפסולות אספרסו לנדוור12קליה כפולה 10 יח,יחידה,10.00,יחידה,false,12,15.90,1.5900,true,1,33227
7290014083806,false,עוגיות בטעם חמאה 350 גרם בפח,וילי פוד,PT,עוגיות בטעם חמאה 350 ג בקופסא,גרמים,350.00,100 גרם,false,1,12.90,3.6857,true,1,10756
7290014083813,false,וילי פוד מריגה שפרוטים מעושנים בשמן 190ג,הנסיך- מפעל לייצור ט,LV,שפרוטים מעושנים בשמן ריגה 190 גר,גרמים,190.00,100 גרם,false,1,7.90,4.1579,true,1,10014
7290014094338,false,דלעת מקולפת 250 גרם בקופסא,"דין שיווק וקלייה בע""",,גרעיני דלעת מקולפות 250 גרבקופסא,גרמים,250.00,100 גרם,false,1,14.90,5.9600,true,1,12267
7290014094345,false,גרעיני חמניה קלופים ששון הקולה בקופסא 200 גרם,"דין שיווק וקלייה בע""",US,גרעיני חמניה קלופים 300 גר קופסא,גרמים,300.00,100 גרם,false,1,10.90,3.6333,true,1,12281
7290014094352,false,אגוזי מלך 200 גרם בקופסא,"שקדיה גבע תעשיות בע""",,אגוזים קלופים 200 גר בקופסא,גרמים,200.00,100 גרם,false,1,15.90,7.9500,true,1,12276
7290014094369,false,שקד טבעי 200 גר קופסא ששון הקולה,"דין שיווק וקלייה בע""",IL,שקד טבעי 200 גר בקופסא,גרמים,200.00,100 גרם,false,1,21.90,10.9500,true,1,12277
7290014094376,false,שזיפים ללא גלעין בקופסא ששון הקולה 330 גרם,"דין שיווק וקלייה בע""",,שזיף מגולען 250 גרם בקופסא,גרמים,250.00,100 גרם,false,1,22.90,9.1600,true,1,12271
7290014094383,false,משמש מיובש ששון הקול,"דין שיווק וקלייה בע""",,משמש מיובש 250 גרם בקופסא,גרמים,250.00,100 גרם,false,1,21.90,8.7600,true,1,12272
7290014094390,false,חמוציות בקופסא ששון הקולה 330 גרם,"דין שיווק וקלייה בע""",,חמוציות 250 גרם בקופסא,גרמים,250.00,100 גרם,false,1,15.90,6.3600,true,1,12266
7290014094406,false,צימוק לבן בקופסא ששון הקולה 330 גרם,"דין שיווק וקלייה בע""",,צימוק לבן 250 גר בקופסא,גרמים,250.00,100 גרם,false,1,15.90,6.3600,true,1,12268
7290014094482,false,"רוטב צ''ילי חריף 700 מ""ל אהרוני","דין שיווק וקליה בע""מ",TH,רוטב צילי חריף אהרוני 700 מל,מיליליטרים,700.00,"100 מ""ל",false,1,10.90,1.5571,true,1,28436
7290014094529,false,"רוטב סויה 300 מ""ל אהרוני",הלתי פוד פרודקט,IL,רוטב סויה אהרוני 300 מל,מיליליטרים,300.00,"100 מ""ל",false,1,11.90,3.9667,true,1,10377
7290014094543,false,"תרסיס שמן קנולה שקדיה 186 מ""ל",שקדיה,TR,תרסיס שמן קנולה שקדיה 170 מל,מיליליטרים,170.00,"100 מ""ל",false,12,13.90,8.1765,true,1,12092
7290014094567,false,שמן זית כתית מעולה 750 מל אהרוני,"דין שיווק וקלייה בע""",IL,שמן זית אהרוני כתית מעולה 750 מל,מיליליטרים,750.00,"100 מ""ל",false,1,29.90,3.9867,true,1,12283
7290014094611,false,שקד מולבן פרוס בקופס,"דין שיווק וקלייה בע""",IL,שקד מולבן פרוס 200 גר בקופסא,גרמים,200.00,100 גרם,false,1,21.90,10.9500,true,1,12274
7290014094628,false,פקאן טבעי 200 גרם בקופסא,"דין שיווק וקלייה בע""",IL,אגוז פקאן טבעי 200 גר בקופסא,גרמים,200.00,100 גרם,false,1,25.90,12.9500,true,1,12275
7290014094635,false,אגוז ברזיל 200 גרם בקופסא,"דין שיווק וקלייה בע""",,אגוז ברזיל 200 גר בקופסא,גרמים,200.00,100 גרם,false,1,29.90,14.9500,true,1,12278
7290014094642,false,קשיו טבעי גדול 200 גרם בקופסא,"דין שיווק וקלייה בע""",,אגוז קשיו טבעי 200 גר בקופסא,גרמים,200.00,100 גרם,false,1,26.90,13.4500,true,1,12279
7290014094659,false,בונדוק טבעי 250 גרם בקופסא,"ליגו, ואני",IL,בונדוק טבעי 250 גר בקופסא,גרמים,250.00,100 גרם,false,1,26.00,10.4000,true,1,12280
7290014094796,false,משמשים מיובשים בשקית ששון הקולה 300 גרם,"דין שיווק וקלייה בע""",,משמש מיובש 300 גר,גרמים,300.00,100 גרם,false,1,21.90,7.3000,true,1,9939
7290014094826,false,שזיפים ללא גלעין בשקית ששון הקולה 300 גרם,"דין שיווק וקלייה בע""",,שזיפים מיובשים ללא גלעין 300 גר,גרמים,300.00,100 גרם,false,1,19.90,6.6333,true,1,10004
7290014094833,false,צימוק בהיר 300 גרם ששון הקולה,"דין שיווק וקלייה בע""",US,צימוק בהיר 300 גר,גרמים,300.00,100 גרם,false,1,12.90,4.3000,true,1,10003
7290014094840,false,צימוק חום בשקית ששון הקולה 300 גרם,"דין שיווק וקלייה בע""",US,צימוק כהה 300 גר,גרמים,300.00,100 גרם,false,1,10.90,3.6333,true,1,10042
7290014094857,false,פקאן סיני מסוכר ששון הקולה 150 גרם,"דין שיווק וקלייה בע""",IL,פקאן סיני מסוכר 150 גר,גרמים,150.00,100 גרם,false,1,21.90,14.6000,true,1,9938
7290014094864,false,פיסטוק קלוי 170 גר עם קליפה ששון הקולה,"דין שיווק וקלייה בע""",IL,פיסטוק קלוי 170 ג,גרמים,170.00,100 גרם,false,1,16.90,9.9412,true,1,9937
7290014094895,false,אגוזים קלופים בשקית ששון הקולה 150 גרם,"שקדיה גבע תעשיות בע""",IL,אגוזים קלופים ששון הקולה 150 ג,גרמים,150.00,100 גרם,false,1,10.90,7.2667,true,1,9941
7290014095861,false,שיבולת שועל דקה בשקית שקדיה 500 גרם,"דין שיווק וקלייה בע""",IL,קווקר שיבול שועל דקה 500 גר,גרמים,500.00,100 גרם,false,1,5.90,1.1800,true,1,10373
7290014095946,false,משוקלדים פקאן בשוקולד מריר 140 גרם,"שקדיה גבע תעשיות בע""",IL,פקאן מצופה שוקולד מריר 160 גר קופסא,גרמים,160.00,100 גרם,false,1,11.90,7.4375,true,1,13606
7290014095953,false,פקאן בציפוי שוקולד בקופסא שקדיה 140 גרם,שקדיה גבע בתעשיות עמ,IL,פקאן מצופה שוקולד חלב160 גר קופסא,גרמים,160.00,100 גרם,false,1,11.90,7.4375,true,1,13607
7290014095960,false,שיבולת שועל עבה בשקית שקדיה 500 גרם,"דין שיווק וקלייה בע""",IL,קווקר שיבול שועל עבה 500 גר,גרמים,500.00,100 גרם,false,1,5.90,1.1800,true,1,10374
7290014126343,false,בישוקטים בונומי וניל קקאו קקאו 200 גרם,דנשר,IT,בישקוטים בונמי וניל קקאו 200גר,גרמים,200.00,100 גרם,false,1,7.00,3.5000,true,1,11675
7290014126428,false,מרמולייט סטיביה ממתיק 150 טבליות,מיוצר עי קונדיטוריית,CN,ממתיק סוכרלוז סטיביה 150 טבליות,יחידה,150.00,יחידה,false,1,22.90,0.1527,true,1,12727
7290014151093,false,יין מריוס 2016 750מל,,,יין מריוס 2016 750מל תיתורה פקדון,מיליליטרים,750.00,"100 מ""ל",false,1,65.00,8.6667,true,1,49792
7290014151222,false,יין גטרו 2016 750מל,,,יין גטרו 2016 750מל תיתורה פקדון,מיליליטרים,750.00,"100 מ""ל",false,1,65.00,8.6667,true,1,49793
7290014151680,false,יין רוזה מדמוזל 2021,,,יין רוזה מדמוזל 2021 תיתורה 750מל,מיליליטרים,750.00,"100 מ""ל",false,1,80.00,10.6667,true,1,49788
7290014151697,false,יין לבן מדמוזל 2021,,,יין לבן מדמוזל 2021 תיתורה 750מל,מיליליטרים,750.00,"100 מ""ל",false,1,80.00,10.6667,true,1,49789
7290014151796,false,יין קברנה סוביניון 7,,,יין קברנה סוביניון 750מל תיתורה 2019 פקד,מיליליטרים,750.00,"100 מ""ל",false,1,110.00,14.6667,true,1,49790
7290014151802,false,יין מרלו 750מל גבעת,,,יין מרלו 750מל גבעת תיתורה 2019 פקדון,מיליליטרים,750.00,"100 מ""ל",false,1,110.00,14.6667,true,1,49791
7290014217003,false,פפריקה מעושנת בקופ' 90 גר' טעם וריח,"תבליני טעם וריח בע""מ",IL,פפריקה מעושנת 90 ג מיכל גדול,Unknown,0.00,Unknown,false,1,9.90,0.0000,true,1,9059
7290014217010,false,דגים T130 -BUL בקופ' 90 גר' טעם וריח,"תבליני טעם וריח בע""מ",IL,תיבול לדגים במיכל 90 גר,Unknown,0.00,Unknown,false,1,11.90,0.0000,true,1,9637
7290014217027,false,עוף T130 -BUL בקופ' 120 גר' טעם וריח,"תבליני טעם וריח בע""מ",IL,תיבול לעוף במיכל 120 גר,גרמים,120.00,100 גרם,false,1,11.90,9.9167,true,1,9636
7290014217065,false,אורגנו עלים בקופ' 30 גר' טעם וריח,"תבליני טעם וריח בע""מ",IL,אורגנו עלים 30 ג מיכל גדול,Unknown,0.00,Unknown,false,1,9.90,0.0000,true,1,9365
7290014217119,false,תערובת לצ'יפס בקופ' 100 גר' טעם וריח,"תבליני טעם וריח בע""מ",IL,תיבול לציפס מיכל גדול 100 גר,גרמים,100.00,100 גרם,false,1,9.90,9.9000,true,1,12652
7290014217140,false,"מיכל ראס אל חנות 100 גר' ""טעם וריח""","תבליני טעם וריח בע""מ",IL,תערובת ראס אלחנות מיכל גדול 100 גר,גרמים,100.00,100 גרם,false,1,9.90,9.9000,true,1,12653
7290014217157,false,תיבול טוסקנה בקופ' 120 גר' טעם וריח,"תבליני טעם וריח בע""מ",IL,תיבול טוסקנה מיכל גדול 100 גר,גרמים,100.00,100 גרם,false,1,9.90,9.9000,true,1,12650
7290014217164,false,תבלין פטרוזיליה מיכל גדול 20 ג',"תבליני טעם וריח בע""מ",IL,פטרוזיליה במיכל 20 גר,Unknown,0.00,Unknown,false,1,9.90,0.0000,true,1,12654
7290014217171,false,תערובת תיבול תיבול גריל דג מיכל 100ג',"תבליני טעם וריח בע""מ",IL,תיבול לגריל דג מיכל גדול 100 גר,גרמים,100.00,100 גרם,false,1,9.90,9.9000,true,1,12651
7290014217225,false,גריל עוף בקופ' 120 גר' טעם וריח,"תבליני טעם וריח בע""מ",IL,גריל עוף 120 ג מיכל גדול,גרמים,150.00,100 גרם,false,1,9.90,6.6000,true,1,11803
7290014217263,false,תיבול לפרגית בקופ' 100 גר' טעם וריח,"תבליני טעם וריח בע""מ",IL,תיבול לפרגיות מיכל 100 גרם,גרמים,100.00,100 גרם,false,1,9.90,9.9000,true,1,15775
7290014217348,false,"מיכל צ'ילי כתוש 70 גר' ""טעם וריח""","תבליני טעם וריח בע""מ",IL,צילי כתוש 70 גר מיכל גדול,גרמים,150.00,100 גרם,false,1,9.90,6.6000,true,1,11806
7290014217355,false,קרי אבקה בקופ' 100 גר' טעם וריח,"תבליני טעם וריח בע""מ",IL,אבקת קרי 100גר מיכל גדול,גרמים,150.00,100 גרם,false,1,9.90,6.6000,true,1,11807
7290014217362,false,תיבול לקציצות בקופ' 100 גר' טעם וריח,"תבליני טעם וריח בע""מ",IL,תיבול לקציצות 100 ג מיכל גדול,גרמים,100.00,100 גרם,false,1,9.90,9.9000,true,1,11808
7290014217386,false,תער.לעוף צ'ילי שום עגב80,תבליני טעם וריח,IL,זוג מרינדה צילי חריף לעוף 80 גרם,Unknown,0.00,Unknown,false,1,10.00,0.0000,true,1,38117
7290014217393,false,אבקת צ'ילי חריף 30 גרם מיכל קטן,"תבליני טעם וריח בע""מ",IL,צילי טחון חריף 30 גר מיכל קטן,Unknown,0.00,Unknown,false,1,6.90,0.0000,true,1,40665
7290014217409,false,תערובת עשבי תיבול הרבס דה פרובנס טעם וריח 100 ג',"תבליני טעם וריח בע""מ",IL,עשבי תיבול הרבס דה פרובנס,Unknown,0.00,Unknown,false,1,9.90,0.0000,true,1,41091
7290014217478,false,תערובת עשבי תיבול איטלקי ים תיכוני 30ג',"תבליני טעם וריח בע""מ",IL,עשבי תיבול איטלקי30ג מיכל גדול,Unknown,0.00,Unknown,false,1,9.90,0.0000,true,1,15986
7290014217485,false,תיבול קייג'ון בקופ' 100 גר' טעם וריח,"תבליני טעם וריח בע""מ",IL,תיבול קייגון 100 ג מיכל גדול,גרמים,100.00,100 גרם,false,1,9.90,9.9000,true,1,16812
7290014217515,false,תבלין ציפוי ללחם מלוח טעם וריח 90 ג',"תבליני טעם וריח בע""מ",IL,תערובת ציפוי מאפה מלוח מיכל 90 גרם,Unknown,0.00,Unknown,false,1,9.90,0.0000,true,1,23161
7290014217522,false,תערובת ללחם שום טעם וריח 100 ג',"תבליני טעם וריח בע""מ",IL,תערובת לחם שום מיכל 100 גרם,גרמים,100.00,100 גרם,false,1,9.90,9.9000,true,1,23159
7290014217539,false,תערובת סוכר וקינמון בתוספת וניל מיכל 150ג',תות ממתקי איכות,IL,תערובת סוכר וקינמון ווניל מיכל 150 גרם,גרמים,150.00,100 גרם,false,1,9.90,6.6000,true,1,23160
7290014217607,false,מטחנת מלח הימלאיה 100 גרם,יוליניבר,IL,מלח הימלאיה במטחנה 100 גר,גרמים,100.00,100 גרם,false,1,11.90,11.9000,true,1,29786
7290014217911,false,תבלין פלפל אדום מתוק בשקית 150 גר,"תבליני טעם וריח בע""\מ",IL,פלפל אדום מתוק שלם 150 גרם,גרמים,150.00,100 גרם,false,1,13.90,9.2667,true,1,27085
7290014218321,false,בורקס אישי יפו גבינה מעדנות 600 גרם,מיוצר עי קונדיטוריית,IL,בורקס גבינה אישי 4יח 150 גרם,גרמים,600.00,100 גרם,false,1,17.90,2.9833,true,1,15032
7290014218338,false,"בורקס אישי יפו תפו""א מעדנות 600 גרם",מיוצר עי קונדיטוריית,IL,בורקס תפוא אישי 4יח 150 גרם,גרמים,600.00,100 גרם,false,1,15.90,2.6500,true,1,15033
7290014218932,false,חטיפי פיצה בתוספ זיתים בשקית מעדנות 710 גרם,מיוצר עי קונדיטוריית,IL,חטיפי פיצה גבינה זיתים 710 גר,גרמים,710.00,100 גרם,false,8,31.90,4.4930,true,1,28024
7290014256231,false,"יין 4 וואטס אדום יקבי כרמל 750 מ""ל",,,יין 4 חביות אדום יבש 2014 750 מל,מיליליטרים,750.00,"100 מ""ל",false,1,60.00,8.0000,true,1,14366
7290014256637,false,"יין מבעבע מוסקטו באזז יקבי כרמל 750 מ""ל",יקבי כרמל Carmel Winery,IL,""""" יין מוסקטו באז לבן 750 מל",מיליליטרים,750.00,"100 מ""ל",false,1,35.00,4.6667,true,1,12875
7290014265813,false,יין יער יתיר 2018 75,,,יין יער יתיר 2018 750 מל,מיליליטרים,750.00,"100 מ""ל",false,1,250.00,33.3333,true,1,40875
7290014265974,false,יין יתיר רוזה 2019 7,,,יין יתיר רוזה 2019 750 מל,מיליליטרים,750.00,"100 מ""ל",false,1,100.00,13.3333,true,1,33793
7290014266001,false,בירה רונן אייל כהה מ,,IL,בירה רונן אייל כהה מר 330מל 6.2%בק.פקדון,מיליליטרים,330.00,"100 מ""ל",false,24,14.60,4.4242,true,1,40173
7290014266018,false,בירה רונן חיטה ענברי,,IL,בירה רונן חיטה ענברית 330מל 6.1%בק.פקדון,מיליליטרים,330.00,"100 מ""ל",false,24,14.60,4.4242,true,1,40172
7290014266032,false,בירה עמק האלה בלונד,,IL,בירה עמק האלה בלונד אנגלית 330מל בק.פקד,מיליליטרים,330.00,"100 מ""ל",false,24,14.90,4.5152,true,1,40168
7290014266049,false,בירה עמק האלה אירית,,IL,בירה עמק האלה אירית אדמונית 330מל בק.פקד,מיליליטרים,330.00,"100 מ""ל",false,24,14.60,4.4242,true,1,40167
7290014266056,false,בירה עמק האלה חיטה ב,,IL,בירה עמק האלה חיטה בווארית 330מל בק.פקד,מיליליטרים,330.00,"100 מ""ל",false,24,14.90,4.5152,true,1,40169
7290014266063,false,בירה עמק האלה טריפל,,IL,בירה עמק האלה טריפל בלגית 330מל בק.פקד,מיליליטרים,330.00,"100 מ""ל",false,24,14.90,4.5152,true,1,40170
7290014298200,false,בקבוק ספורט / ילדים,,,בקבוק שתיה,יחידה,1.00,יחידה,false,1,29.90,29.9000,true,1,13038
7290014298989,false,"בקבוק צמידים טריטן 750 מ""ל MOSCO",,CN,בקבוק שתיה ייחודי,יחידה,1.00,יחידה,false,1,39.90,39.9000,true,1,18660
7290014298996,false,בקבוק תרמי 500 מ''ל מוסקו,,,בקבוק שתיה טרמי,יחידה,1.00,יחידה,false,1,49.90,49.9000,true,1,13658
7290014305045,false,בירה יונק הדבש בסגנון בלגי כהה,הדובים,,בירה הדובים יונק הדבש 330 מל פקדון,מיליליטרים,330.00,"100 מ""ל",false,1,14.90,4.5152,true,1,20310
7290014305236,false,"בירה הדובים טייפון 330 מ""ל",,,בירה הדובים טייפון 330 מל פקדון,מיליליטרים,330.00,"100 מ""ל",false,1,14.90,4.5152,true,1,22590
7290014318090,false,מיני ניוקי ללא גלוטן 500 גרם,VINCI,IT,ניוקי מיני ללא גלוטן וינצי 500 גר,גרמים,500.00,100 גרם,false,1,15.90,3.1800,true,1,12931
7290014318113,false,"ניוקי תפו""א ללא גלוטן 500 גרם",,,ניוקי תפא ללא גלוטן וינצי 500 גר,גרמים,500.00,100 גרם,false,1,15.90,3.1800,true,1,12930
7290014318243,false,פולנטה איטלקית עדינה בווקום 1 קג,,,קמח פולנטה איטלקי עדין 1 קג,קילוגרמים,1.00,"ק""ג",false,1,12.90,12.9000,true,1,18907
7290014318250,false,"פולנטה איטלקית מקורית 1 ק""ג (10)",,,פולנטה איטלקית מקורית 1 קג,קילוגרמים,1.00,"ק""ג",false,1,12.90,12.9000,true,1,18908
7290014318281,false,מחית פטריות כמהין 5% כשר 90 גרם,טרטופי,IT,ממרח פטריות כמהין 5% 90 גר,Unknown,0.00,Unknown,false,1,46.90,0.0000,true,1,49516
7290014318854,false,דפי אורז מלא 250 גרם,,VN,דפי אורז מלא 250גר,גרמים,250.00,100 גרם,false,24,10.90,4.3600,true,1,32142
7290014318885,false,"מיץ תפוחים ואוכמניות בחולות אורגני 750 מ""ל",,IT,מיץ תפוח ואוכמניות אורגני 750מל בק.פקדון,מיליליטרים,750.00,"100 מ""ל",false,6,17.90,2.3867,true,1,32154
7290014338968,false,מיני פנקייק הולנדי ט,טימפוד,,מיני פנקייק הולנדי טימפוד 500 גרם,גרמים,500.00,100 גרם,false,1,34.90,6.9800,true,1,39651
7290014338975,false,קרפ הולנדי בייתי,טימפוד,,קרפ הולנדי 600 גרם 10יח,גרמים,600.00,100 גרם,false,1,26.90,4.4833,true,1,39650
7290014397163,false,"מטהר אוויר פרש הום פריחת השקד, ורד אנגלי וכותנה",סנו מפעלי ברונוס בעמ,IL,מ.אויר סנו פרש מילוי הרמוניה פרחונית 250,מיליליטרים,250.00,"100 מ""ל",false,1,14.90,5.9600,true,1,20573
7290014397170,false,"פרש מיכל מילוי אוטומטיק סופט בלאנס 250 מ""ל סנו",מיוצר עי קונדיטוריית,IL,מ.אויר סנו פרש מילוי סופט בלאנק 250מל,מיליליטרים,250.00,"100 מ""ל",false,1,14.90,5.9600,true,1,20572
7290014397279,false,שקיות מזון גדולות XL סנו סושי 300 יחידות,"אשפלסט תעשיות בע""מ",CN,שקיות מזון סנו סושי 300 יח 27/21סמ,יחידה,300.00,יחידה,false,1,12.90,0.0430,true,1,9919
7290014397286,false,מרכך כביסה מרוכז חלב ודבש סנו מקסימה 1 ליטר,סנו-מקסימה,IL,מרכך כביסה מקסימה קאר חלב ודבש 1ליטר,ליטרים,1.00,ליטר,false,1,16.90,16.9000,true,1,10295
7290014397453,false,סנו אוקסיגן גל מסיר כתמים כביסה לבנה 3 ל,סנו אוקסיג'ן,IL,גל מסיר כתמים סנו אוקסיגן כביסה לבנה 3ל,ליטרים,3.00,ליטר,false,1,30.90,10.3000,true,1,10302
7290014397491,false,"מבשם אויר סנו פרש הום בניחוח וניל קוקוס 350 מ""ל",סנו פרש Fresh,IL,מ. אויר סנופרש פסיפלורה ותפוז 350מ,מיליליטרים,350.00,"100 מ""ל",false,1,13.90,3.9714,true,1,9917
7290014397507,false,מבשם אויר סנו פרש הום בניחוח מאסק מעודן 350 מ''ל,מיוצר עי קונדיטוריית,IL,מ. אויר סנופרש הום בריח היסמין 350מל,מיליליטרים,350.00,"100 מ""ל",false,1,13.90,3.9714,true,1,9914
7290014397514,false,"מבשם אויר סנו פרש הום בניחוח כותנה מלטפת 350 מ""ל","סנו מפעלי ברונוס בע""",IL,מ. אויר סנופרש הום בריח כותנה מלטפת 350מ,מיליליטרים,350.00,"100 מ""ל",false,1,13.90,3.9714,true,1,9913
7290014397521,false,"מבשם אויר סנו פרש הום בניחוח לבנדר 350 מ""ל",סנו פרש Fresh,IL,מ. אויר סנופרש הום בריח לבנדר פרובאנ350מ,מיליליטרים,350.00,"100 מ""ל",false,1,13.90,3.9714,true,1,9916
7290014397538,false,"מבשם אויר סנו פרש הום בניחוח אביב 350 מ""ל",סנו מפעלי ברונוס בעמ,IL,מ. אויר סנופרש הום בריח בוקר אביבי 350מל,מיליליטרים,350.00,"100 מ""ל",false,1,13.90,3.9714,true,1,9915
7290014397675,false,סנו מקסימה מרכך כביסה חלב ודבש 4 ליטר,סנו מקסימה,IL,מרכך כביסה סנומקסימה 4 ל חלב ודבש,ליטרים,4.00,ליטר,false,1,22.90,5.7250,true,1,18088
7290014397699,false,פוליויקס גרניט פורצלן ושיש ניחוח קלאסי 3 ליטר,סנו,IL,נוזל רצפה פוליויקס גרניט פורצלן 2 +1ליטר,ליטרים,3.00,ליטר,false,1,19.90,6.6333,true,1,10539
7290014397705,false,פוליויקס נוזל לניקוי פרקט סנו 2 ליטר,סנו פוליויקס,IL,נוזל רצפה פוליויקס פרקט רענן 2 ליטר,ליטרים,2.00,ליטר,false,1,19.90,9.9500,true,1,10607
7290014397712,false,סנובון גל לאסלה בניחוח פריחה ורודה,Nicols polandמשווק ו,PL,גל אסלה סנובון ניחוח פריחה ורודה,יחידה,1.00,יחידה,false,1,6.90,6.9000,true,1,12309
7290014397767,false,סנו ריצפז פרש הום 2 ליטר בניחוח כותנה-מרכז,"סנו מפעלי ברונוס בע""",IL,נוזל ריצפז פרש הום 2 ליטר כותנה מלטפתסנו,ליטרים,2.00,ליטר,false,1,21.90,10.9500,true,1,10789
7290014397774,false,רצפז פרש הום טבע רענן 2 ל',סנו פרש Fresh,IL,נוזל ריצפז פרש הום 2 ליטר טבע רענן סנו,ליטרים,2.00,ליטר,false,1,21.90,10.9500,true,1,10790
7290014397781,false,סנו ריצפז פרש הום 2 ליטר בניחוח סבון,סנו פרש Fresh,IL,נוזל ריצפז פרש הום סבון מפנק סנו 2 לי,ליטרים,2.00,ליטר,false,1,21.90,10.9500,true,1,10791
7290014397835,false,סנו - מט דוחה יתושים נוזלי מכשיר + מילוי 45 לילות,זובאלה,IT,סנומט דוחה יתושים מכשיר+נוזל 45לילות,Unknown,0.00,Unknown,false,1,44.90,0.0000,true,1,11754
7290014397842,false,סנו - מט דוחה יתושים נוזלי מכשיר + מילוי 90 לילות,General,IT,דוחה יתושים סנומט מכשיר+מילוי 90 לילות,Unknown,0.00,Unknown,false,1,49.90,0.0000,true,1,13269
7290014397873,false,מרכך כביסה בבישום עוצמתי ג'נטל בריז,סנו מפעלי ברונוס בעמ,IL,מרכך כביסה סנומקסימה 4 ל בריזה,ליטרים,4.00,ליטר,false,1,22.90,5.7250,true,1,30867
7290014397897,false,"מבשם בגדים ואריגים כותנה מקסימה 350 מ""ל סנו",סנו מפעלי ברונוס בעמ,IL,מבשם בגדים ואריגים כותנה 350מל סנו מקסימ,מיליליטרים,350.00,"100 מ""ל",false,1,14.90,4.2571,true,1,11020
7290014397903,false,מבשם בגדים ואריגים מקסימה Soft linen,סנו-מקסימה,IL,מבשם בגדים ואריגים סופט 350מל סנו מקסימ,מיליליטרים,350.00,"100 מ""ל",false,1,14.90,4.2571,true,1,11021
7290014397958,false,"סנו - די רולאון דוחה יתושים ממקור טבעי 50 מ""ל",החברה הדרומית,IL,סנו די רולאון דוחה יתושים ממקור טבעי 50מ,Unknown,0.00,Unknown,false,1,17.90,0.0000,true,1,11472
7290014426061,false,משחת שיניים הלו קיטי בטעם ענבים לגיל 2-6,כצט נוביס,IL,מש.שיניים הלו קיטי לילדים,Unknown,0.00,Unknown,false,1,12.90,0.0000,true,1,10468
7290014435360,false,חומוס עם רוטב חריף שמיר 400 גרם,"סלטי שמיר 2006 בע""מ",IL,חומוס עם רוטב חריף 400גר,גרמים,400.00,100 גרם,false,1,11.90,2.9750,true,1,11249
7290014435377,false,חומוס עם רוטב מסבחה שמיר 400 גרם,סלטי שמיר 2006 בעמ,IL,חומוס עם רוטב מסבחה 400גר,גרמים,400.00,100 גרם,false,1,11.90,2.9750,true,1,11250
7290014435384,false,חומוס עם טחינה מיוחדת שמיר 400 גרם,סלטי שמיר 2006 בעמ,IL,חומוס עם טחינה מיוחדת 400גר,גרמים,400.00,100 גרם,false,1,11.90,2.9750,true,1,11251
7290014435810,false,נתחי הרינג כבוש עם בצל במרינת חמוץ מתוק שמיר 220 גרם,שבעת הימים - שמיר,IL,דג הרינג כבוש עם בצל חמוץ מתוק 180גרם,גרמים,180.00,100 גרם,false,1,17.90,9.9444,true,1,12425
7290014435841,false,פילה הרינג עם בצל בשמן מטיאס הולנדי שמיר 200 גרם,סלטי שמיר 2006 בעמ,IL,דג פילה מטיאס הולנדי בשמן 180 גרם,גרמים,180.00,100 גרם,false,1,17.90,9.9444,true,1,12424
7290014435889,false,סלט מטיאס עם מיונז שמיר 200 גרם,שבעת הימים - שמיר,IL,סלט מטיאס עם מיונז 180 גרם,גרמים,180.00,100 גרם,false,1,17.90,9.9444,true,1,12429
7290014435896,false,סלט סלמון עם מיונז שמיר 180 גרם,שבעת הימים - שמיר,IL,סלט סלמון עם מיונז 180 גרם,גרמים,180.00,100 גרם,false,1,21.90,12.1667,true,1,12427
7290014451018,false,ספוג כלים אקולוגי 4 יח GF,גרין-פלאש,CA,ספוג לשטיפת כלים ממוחזר 4 יח,יחידה,4.00,יחידה,false,1,16.90,4.2250,true,1,11501
7290014451230,false,נייר אפייה טבעי 30 דפים GF,גרין פלאש,IL,נייר אפיה טבעי 30 יח נשלפים אחד אחד42/37,יחידה,30.00,יחידה,false,1,16.90,0.5633,true,1,18693
7290014451247,false,מטליות מבד במבוק 92 דפים GF,גרין-פלאש,IL,מטליות ניקוי רב פעמי ממוחזרות 92יח,יחידה,92.00,יחידה,false,1,19.90,0.2163,true,1,19697
7290014455245,false,גבינת גרנה פדנו משולש 29% 200 גרם בית יוסף,מחלבת סוציאלה מנטובה,IT,גבינה גרנה פדנו משולש 200 גרם,גרמים,20000.00,100 גרם,false,13,26.90,0.1345,true,1,14859
7290014455252,false,גבינה קשה מגורדת גרנה פדנו 29% שומן,מחלבות גד שיווק 1992,IT,גבינה גרנה פדנו מגורד 100 גרם,גרמים,10000.00,100 גרם,false,1,13.50,0.1350,true,1,14860
7290014455320,false,גבינה כדורי מוצרלה פרסקה גד 100ג',מחלבות גד בעמ,IL,גבינת מוצרלה פרסקה 100 גר כדור,גרמים,100.00,100 גרם,false,1,10.90,10.9000,true,1,13290
7290014455467,false,ירח מתוק מעדן חלב 2% ושיבולת שועל גד 150ג',גבינות מדף,IL,מעדן שיבולת שועל וחלב 2% שומן 150 גרם,גרמים,150.00,100 גרם,false,1,6.30,4.2000,true,1,14998
7290014455610,false,"יוגורט עיזים תות 125 גרם ""גד""",מיוצר על ידי קוד יצר,IL,יוגורט עיזים תות 125 גרם 2.8% שומן,גרמים,125.00,100 גרם,false,1,6.50,5.2000,true,1,16635
7290014455627,false,יוגורט עיזים דובדבן אמרנה 125 גר,מיוצר עי קוד יצרן MK,IL,יוגורט עיזים דובדבן 125 גרם 2.8% שומן,גרמים,125.00,100 גרם,false,1,6.50,5.2000,true,1,16637
7290014459137,false,"תפוגן סטייק צ'יפס 1.5 ק""ג אסם","תעשיות תפוגן בע""\מ",IL,סטייק ציפס תפוגן 1.5 קג,גרמים,1500.00,100 גרם,false,1,24.90,1.6600,true,1,11265
7290014459373,false,"צ'יפס קראנצ'י לתנור קפוא תפוגן 1.5ק""ג","תעשיות תפוגן בע""\מ",IL,תפוגן ציפס קראנצי לתנור 1.5קג,קילוגרמים,1.50,"ק""ג",false,1,24.90,16.6000,true,1,15155
7290014466463,false,"יין הר חרמון מסקטו עברית 750 מ""ל",יקבי רמת הגולן קצרין,IL,יין הר חרמון מוסקטו 2013 750מל פקדון,מיליליטרים,750.00,"100 מ""ל",false,1,40.00,5.3333,true,1,10962
7290014466609,false,יין מרלו גמלא 2020 750 מל,יקבי רמת הגולן קצרין,IL,יין גמלא מרלו 2012 750 מל פיקדון,מיליליטרים,750.00,"100 מ""ל",false,1,60.00,8.0000,true,1,15095
7290014466807,false,ירדן טי בריבוע מתוק500מל,יקבי רמת הגולן,IL,יין ירדן 2 טי מתוק עברית 2014 500 מל,מיליליטרים,500.00,"100 מ""ל",false,6,100.00,20.0000,true,1,33982
7290014466890,false,"יין גמלא השמורה קברנה מרלו 2020 750 מ""ל",יקבי רמת הגולן,IL,יין גמלא קברנה מרלו השמורה 750מל 2013,מיליליטרים,750.00,"100 מ""ל",false,1,60.00,8.0000,true,1,16668
7290014471412,false,"מוזלי בוטנים אגוזים ושקדים 1 ק""ג - 412 ירוק שקדיה","דין שיווק וקלייה בע""",IL,מוזלי בוטנים אגוזים ושקדים 1 קג שקדיה,קילוגרמים,1.00,"ק""ג",false,1,21.90,21.9000,true,1,11160
7290014471429,false,"מוזלי עם פירות 1 ק""ג - 429 סגול שקדיה","דין שיווק וקלייה בע""",IL,מוזלי פירות 1 קג שקדיה,קילוגרמים,1.00,"ק""ג",false,1,21.90,21.9000,true,1,11159
7290014471436,false,"מוזלי צימוקים תפוח קינמון וגרעיני חמניה 1 ק""ג כחול שקדיה","דין שיווק וקלייה בע""",IL,מוזלי צימוק תפוח עץ קינמון 1 קג שקדיה,קילוגרמים,1.00,"ק""ג",false,1,21.90,21.9000,true,1,11156
7290014471443,false,"גרנולה צימוקים אגוזים ושקדים1 ק""ג חדש - 443 כתום שקדיה (כתום)","דין שיווק וקלייה בע""",IL,גרנולה אגוזים 1 קג שקדיה,קילוגרמים,1.00,"ק""ג",false,1,21.90,21.9000,true,1,11155
7290014472136,false,גרעיני חמנייה ששון הקולה 150 גרם,"דין שיווק וקלייה בע""",IL,גרעין שחור קלוי ששון הקולה 150גר,גרמים,150.00,100 גרם,false,1,4.50,3.0000,true,1,12287
7290014472235,false,פקאן סיני מסוכר בקופ,"דין שיווק וקלייה בע""",IL,אגוז פקאן מסוכר 200 גר בקופסא,גרמים,200.00,100 גרם,false,1,27.90,13.9500,true,1,12282
7290014472471,false,גרעיני חמנייה קלוי ענק ששון הקולה 200 גרם,"דין שיווק וקלייה בע""",IL,גרעין שחור ענק פרימיום 200 ג,גרמים,200.00,100 גרם,false,1,6.90,3.4500,true,1,11498
7290014472488,false,שקד קלוי ענק פרימיום ששון הקולה 250 גרם,"שקדיה גבע תעשיות בע""",IL,שקד קלוי ענק פרימיום 250 ג,גרמים,250.00,100 גרם,false,1,26.90,10.7600,true,1,11440
7290014472495,false,קשיו קלוי ענק פרימיום ששון הקולה 250 גרם,"דין שיווק וקלייה בע""",IL,קשיו קלוי ענק פרימיום 250 ג,גרמים,250.00,100 גרם,false,1,24.90,9.9600,true,1,11443
7290014472501,false,פיסטוק קלוי ענק פרימיום ששון הקולה 250 גרם,"דין שיווק וקלייה בע""",IL,פיסטוק קלוי ענק פרימיום 250 ג,גרמים,250.00,100 גרם,false,1,26.90,10.7600,true,1,11441
7290014472518,false,בוטן קלוי ענק פרימיום ששון הקולה 250 גרם,"דין שיווק וקלייה בע""",IL,בוטן קלוי ענק פרימיום 250 ג,גרמים,250.00,100 גרם,false,1,10.90,4.3600,true,1,11444
7290014472525,false,תערובת פיצוחים פרימיום ששון הקולה 250 גרם,"דין שיווק וקלייה בע""",IL,תערובת פיצוחים פרימיום 250 ג,גרמים,250.00,100 גרם,false,1,23.90,9.5600,true,1,11442
7290014472990,false,ממרח 100% שקדים שקדיה 300 גרם,ג'\י אנד ג'\י פקאנס בעמ,IL,ממרח 100% שקדים300 גר,גרמים,300.00,100 גרם,false,1,34.90,11.6333,true,1,12060
7290014501232,false,יין בר הרי גליל לבן 750 מל,יקבי רמת הגולן,IL,יין הרי גליל לבן 2015 750 מל פקדון,מיליליטרים,750.00,"100 מ""ל",false,1,40.00,5.3333,true,1,16437
7290014501409,false,יין כרם המעיין עברית,רמת הגולן,IL,יין כרם המעיין עברית 750 מל,מיליליטרים,750.00,"100 מ""ל",false,1,169.00,22.5333,true,1,27060
7290014501843,false,יין הרי גליל מירון 2018 750 מל,יקבי רמת הגולן,IL,יין מירון הרי גליל 2018 750מל,מיליליטרים,750.00,"100 מ""ל",false,1,100.00,13.3333,true,1,47254
7290014503137,false,"יין כנען אדום ""דלתון"" 750 מ""ל","יקב דלתון בע""\מ",IL,יין כנען אדום דלתון 2015 750מל פקדון,מיליליטרים,750.00,"100 מ""ל",false,1,45.00,6.0000,true,1,16447
7290014503144,false,יין כנען לבן דלתון 750 מל,"יקב דלתון בע""\מ",IL,יין כנען לבן דלתון 2015 750מל פקדון,מיליליטרים,750.00,"100 מ""ל",false,1,45.00,6.0000,true,1,16446
7290014503328,false,"יין עלמה סקארלט 750 מ""ל דלתון","יקב דלתון בע""מ",IL,יין עלמה סקארלט דלתון 750 מל,מיליליטרים,75000.00,"100 מ""ל",false,1,80.00,0.1067,true,1,12238
7290014503625,false,דלתון קברנה סוביניון,"יקב דלתון בע""מ",,יין קברנה סובניון 750 מל,מיליליטרים,750.00,"100 מ""ל",false,1,60.00,8.0000,true,1,17932
7290014503632,false,יין אסטייט מרלו דלתו,"יקב דלתון בע""מ",,יין מרלו 750 מל,מיליליטרים,750.00,"100 מ""ל",false,1,60.00,8.0000,true,1,17933
7290014503649,false,יין אסטייט שיראז דלת,"יקב דלתון בע""מ",,יין שיראז 750 מל,מיליליטרים,750.00,"100 מ""ל",false,1,60.00,8.0000,true,1,17934
7290014503656,false,יין אסטייט פטיט סירה,"יקב דלתון בע""מ",,יין פטיט סירה 750 מל פקדון,מיליליטרים,750.00,"100 מ""ל",false,1,60.00,8.0000,true,1,17936
7290014503830,false,"יין שרדונה אסטייט דלתון 750 מ""ל",יקב דלתון מרום גליל,,יין שרדונה 750 מל,מיליליטרים,750.00,"100 מ""ל",false,1,60.00,8.0000,true,1,17929
7290014511002,false,מארז בייגל אמריקאי קל,,,בייגל אמריקאי 4 יחידות חיטה מלאה כ300גר,יחידה,4.00,יחידה,false,1,15.90,3.9750,true,1,35673
7290014511019,false,מארז בייגל אמריקאי מלא,,,בייגל אמריקאי קל 4יחידות כ300גר,יחידה,4.00,יחידה,false,1,15.90,3.9750,true,1,35674
7290014511026,false,בייגל אמריקאי 4 יחיד,,,בייגל אמריקאי 4 יחידות כ300גר,יחידה,4.00,יחידה,false,1,15.90,3.9750,true,1,35672
7290014525009,false,חטיף סלים פרוט Slim fruit בטעם יוגורט ובמילוי תפוח,סלים דליס Slim Delis,ES,ח.דגנים סלימדליס יוגורט תפוח6יח,גרמים,182.00,100 גרם,false,1,11.90,6.5385,true,1,9562
7290014525016,false,עשיריית חטיף סלים פרוט מרבה יוגורט תות סלים דליס 18.2 גרם,סלים דליס Slim Delis,ES,ח.דגנים סלימדליס יוגורט תות6יח,גרמים,182.00,100 גרם,false,1,11.90,6.5385,true,1,9561
7290014525023,false,חטיף בריאות יוגורט במילוי פירות יער 182ג,סלים דליס Slim Delis,ES,ח.דגנים סלימדליס יוגורט פירות יער6יח,גרמים,182.00,100 גרם,false,1,11.90,6.5385,true,1,9563
7290014525177,false,חטיף סלים פרוט Slim fruit בטעם יוגורט ופירות יער,סלים דליס Slim Delis,ES,ח.דגנים סלימדליס יוגורט פירות יער6יח,גרמים,182.00,100 גרם,false,1,11.90,6.5385,true,1,11209
7290014525290,false,חטיפי סלים דליס קריספי תות מרבה 125 גרם,סלים דליס Slim Delis,NL,ח.דגנים סלימדליס קריספי תות 6יח,גרמים,125.00,100 גרם,false,1,11.90,9.5200,true,1,15621
7290014525306,false,חטיפי סלים דליס קריספי אוכמניות מרבה 125 גרם,סלים דליס Slim Delis,NL,ח.דגנים סלימדליס קריספי אוכמניות 6יח,גרמים,125.00,100 גרם,false,1,11.90,9.5200,true,1,15622
7290014525313,false,חטיפי סלים דליס קריספי שוקולד מרבה 125 גרם,סלים דליס Slim Delis,NL,ח.דגנים סלימדליס קריספי שוקולד 6יח,גרמים,125.00,100 גרם,false,1,11.90,9.5200,true,1,15623
7290014525573,false,שוקו דליס עוגיות מצופות במילוי קרם שוקול,הלמה הלום בי.וי,NL,ביסקויט שוקודליס מצופה חלב 145 גר,גרמים,145.00,100 גרם,false,13,10.90,7.5172,true,1,24160
7290014547322,false,סנסודין זוג מברשות שיניים שיקום כחול+תכל,סנסודיין,CN,מארז 2יח מברשת שינים סנסודיין שיקום הגנה,יחידה,2.00,יחידה,false,12,32.90,16.4500,true,1,24729
7290014547339,false,סנסודין מברשת שיניים שיקום והגנה,גלקסוס סמית קליין,CN,מברשת שיניים סנסודיין שיקום והגנה,Unknown,0.00,Unknown,false,1,19.90,0.0000,true,1,20070
7290014547377,false,סנסודין מברשת שיניים קלין&פרש,גלקסוס סמית קליין,CN,מברשת שיניים סנסודיין קלין אנד פלקס,Unknown,0.00,Unknown,false,1,19.90,0.0000,true,1,19883
7290014673007,false,תערובת עשבי תיבול בסגנון ים תיכוני מימון 40 גרם,א.ל ייצור ושיווק תבל,IL,תערובת עשבי תיבול ים תיכוני 40 גרם,Unknown,0.00,Unknown,false,1,10.90,0.0000,true,1,40922
7290014673014,false,פלפל אנגלי שלם תבליני מימון 90 גרם,א.ל ייצור ושיווק תבל,IL,פלפל אנגלי שלם מיכל 90 גר,Unknown,0.00,Unknown,false,1,14.50,0.0000,true,1,13110
7290014673021,false,פלפל שחור שלם תבליני מימון 100 גרם,א.ל ייצור ושיווק תבל,IL,פלפל שחור שלם מיכל 100 גר,גרמים,10000.00,100 גרם,false,1,14.50,0.1450,true,1,13109
7290014673045,false,תערובת תיבול לצ'יפס מימון 100 גרם,א.ל ייצור ושיווק תבל,IL,תערובת תיבול לציפס 100 גרם,גרמים,100.00,100 גרם,false,1,10.90,10.9000,true,1,40925
7290014673052,false,תערובת תיבול לתפוחי אדמה מימון 120 גרם,א.ל ייצור ושיווק תבל,IL,תערובת תיבול לתפוח אדמה120 גרם,גרמים,100.00,100 גרם,false,1,10.90,10.9000,true,1,40926
7290014673106,false,פפריקה אדומה גרוסה בשמן מימון 400 גרם,א.ל ייצור ושיווק תבל,IL,פפריקה אדומה גרוסה בשמן400 גר צנצנת,גרמים,400.00,100 גרם,false,1,24.90,6.2250,true,1,40927
7290014673137,false,תערובת תיבול לפיצה מימון 100 גרם,א.ל ייצור ושיווק תבל,IL,תערובת תיבול לפיצה 100 גרם,גרמים,100.00,100 גרם,false,1,10.90,10.9000,true,1,40924
7290014673359,false,מלח לימון תבליני מימון 400 גרם,א.ל ייצור ושיווק תבל,IL,מלח לימון 400 גר בשקית,גרמים,400.00,100 גרם,false,1,22.90,5.7250,true,1,11343
7290014673366,false,כורכום טחון תבליני מימון 250 גרם,א.ל ייצור ושיווק תבל,IL,כורכום טחון 250 גר שקית,גרמים,250.00,100 גרם,false,1,22.90,9.1600,true,1,11346
7290014673373,false,פפריקה הונגרית חריפה תבליני מימון 250 גרם,א.ל ייצור ושיווק תבל,IL,פפריקה הונגרית חריפה 250 גר שקית,גרמים,250.00,100 גרם,false,1,22.90,9.1600,true,1,11344
7290014673380,false,כמון טחון תבליני מימון 250 גרם,א.ל ייצור ושיווק תבל,IL,כמון טחון 250 גר שקית,גרמים,250.00,100 גרם,false,1,22.90,9.1600,true,1,11347
7290014673397,false,תיבול לגריל עוף תבליני מימון 250 גרם,א.ל ייצור ושיווק תבל,IL,תיבול לגריל עוף 250גר שקית,גרמים,250.00,100 גרם,false,1,22.90,9.1600,true,1,11345
7290014673403,false,פלפל שחור טחון תבליני מימון 250 גרם,א.ל ייצור ושיווק תבל,IL,פלפל שחור טחון 250 גר שקית,גרמים,250.00,100 גרם,false,1,29.90,11.9600,true,1,11348
7290014673410,false,פלפל שחור גרוס דק תבליני מימון 250 גרם,א.ל ייצור ושיווק תבלינים,IL,פלפל שחור גרוס דק 250 גר שקית,גרמים,250.00,100 גרם,false,1,29.90,11.9600,true,1,11349
7290014673434,false,פלפל שחור גרוס דק שקית תבליני מימון 80גרם,א.ל ייצור ושיווק תבל,,פלפל שחור גרוס שקית 80 גר,Unknown,0.00,Unknown,false,1,9.90,0.0000,true,1,22368
7290014673557,false,זעפרן תבליני מימון 5 גרם,א.ל ייצור ושיווק תבל,IL,זעפרן אמיתי 5 גר יחידה,Unknown,0.00,Unknown,false,1,21.90,0.0000,true,1,10165
7290014673618,false,תבלינים זנגביל בצנצנת 30 גרם,א.ל ייצור ושיווק תבל,IL,תבלין זנגביל מיכל 30 גר,Unknown,0.00,Unknown,false,1,11.90,0.0000,true,1,11889
7290014674004,false,קריספ פירורי לחם שומשום ומלח ים 300 גרם מיימונס,א.ל ייצור ושיווק תבל,IL,פירורי לחם קריספ שומשום מלח ים 300 גרם,גרמים,300.00,100 גרם,false,20,7.90,2.6333,true,1,49281
7290014692565,false,גרעיני תירס מתוק וילי פוד 320 גרם,אקו קונסרויפרי קי.אפ,HU,תירס גרעינים מתוק ללא חומר משמר 320 גר,גרמים,320.00,100 גרם,false,1,5.90,1.8438,true,1,10449
7290014692817,false,גבינת מוצרלה מגורדתEURO CHEESE ויליפוד 200 גרם,הנסיך- מפעל לייצור ט,IL,גבינת מוצרלה מגורדת 200 גר,גרמים,200.00,100 גרם,false,1,14.90,7.4500,true,1,11254
7290014717770,false,יין קברנה סוביניון 2014 750 T-SELECTION,יקב פלטר,,יין קברנה סוביניון 2014 750 מל,מיליליטרים,750.00,"100 מ""ל",false,1,150.00,20.0000,true,1,18862
7290014719637,false,יין פסגות סוביניון ב,פסגות,IL,יין פסגות סוביניון בלאן 750 מל,מיליליטרים,750.00,"100 מ""ל",false,12,70.00,9.3333,true,1,40289
7290014719644,false,יין פסגות סיני לבן 7,פסגות,IL,יין פסגות סיני לבן 750 מל,מיליליטרים,750.00,"100 מ""ל",false,12,80.00,10.6667,true,1,40288
7290014748590,false,דג טוב מקלונים בציפוי צ'ילי 600 גרם,מוצרי עוף טוב (2001) בע\,IL,מקלוני דג בציפוי צילי 600גר דג טוב,גרמים,600.00,100 גרם,false,12,26.90,4.4833,true,1,29883
7290014748613,false,מקלוני דגים בציפוי צ'יפס דג טוב 600 גרם,מוצרי עוף טוב (2001) בע\,IL,מקלוני דג בציפוי ציפס 600גר דג טוב,גרמים,600.00,100 גרם,false,12,26.90,4.4833,true,1,29882
7290014748651,false,פילה אמנון מצופה נתח שלם דג טוב 360 גרם,מוצרי עוף טוב (2001) בע\,IL,פילה אמנון מצופה 360גר דג טוב,גרמים,360.00,100 גרם,false,8,32.90,9.1389,true,1,29878
7290014749078,false,עוף טוב מקלוני קבנוס 200 גר',עוף טוב,IL,מקלוני קבנוס עוף טוב 200 גרם,גרמים,200.00,100 גרם,false,1,14.90,7.4500,true,1,29895
7290014749245,false,ספיישל רצועות שניצל שומשום עוף טוב 600 גרם,מוצרי עוף טוב (2001) בע\,IL,רצועות שניצל שומשום צונגו 600גר עוף טוב,גרמים,600.00,100 גרם,false,12,39.90,6.6500,true,1,31314
7290014749764,false,עוף טוב שניצל עוף ביתי עדין כזה 700 גרם,מוצרי עוף טוב (2001) בע\,IL,שניצל עוף ביתי עדין 700גר עוף טוב,גרמים,700.00,100 גרם,false,1,46.90,6.7000,true,1,33804
7290014749801,false,עוף טוב צונגו רצועות צילי מתוק 600 גרם,מוצרי עוף טוב (2001) בע\,IL,רצועות שניצל צונגו צילי חריף 600גר ע.טוב,גרמים,600.00,100 גרם,false,12,39.90,6.6500,true,1,33803
7290014749849,false,שניצל דק ענק קריספי שומשום עוף טוב 720 גרם,מוצרי עוף טוב (2001) בע\,IL,שניצל דק עק קריספי שומשום 720גר עוף טוב,גרמים,720.00,100 גרם,false,1,34.90,4.8472,true,1,39649
7290014749863,false,שניצל דק ענק קריספי צ'יפס עוף טוב 720 גר',מוצרי עוף טוב (2001) בע\,IL,שניצל דק עק קריספי ציפס 720גר עוף טוב,גרמים,720.00,100 גרם,false,1,34.90,4.8472,true,1,39686
7290014758100,false,מאגדת יוגורט ביו 3% שומן 8 יח' *150ג' תנובה,מיוצר עי קונדיטוריית,IL,מאגדת יוגורט ביו 3% 8יח 150גר,גרמים,1200.00,100 גרם,false,1,12.90,1.0750,true,1,10057
7290014758117,false,מאגדת יוגורט ביו 1.5% שומן 8 יח' *150 ג' תנובה,מיוצר עי קונדיטוריית,IL,מאגדת יוגורט ביו 1.5% 8יח 150גר,גרמים,1200.00,100 גרם,false,1,12.90,1.0750,true,1,10056
7290014758162,false,חלב עיזים מלא 3.6% קרטון 1 ל' תנובה,תנובה מרכז שיתופי לש,IL,חלב עיזים מלא 3.6% 1ליטר,ליטרים,1.30,ליטר,false,1,15.50,11.9231,true,1,10505
7290014758681,false,קוטג תנובה 1% גביע 250 גרם,מיוצר עי קונדיטוריית,IL,קוטג 1% בגביע 250גר,גרמים,250.00,100 גרם,false,1,5.90,2.3600,true,1,10059
7290014759084,false,גבינת שמנת נפוליאון 16% מופחת שומן תנובה 225 גרם,תנובה מרכז שיתופי לש,IL,גב.שמנת נפוליאון סקיני 225 גרם,גרמים,225.00,100 גרם,false,1,14.50,6.4444,true,1,11195
7290014759534,false,גבינה בולגרית למריחה טבעי 5% 200 ג' פיראוס,"תנובה, מחלבת תל יוסף",IL,גבינה בולגרית למריחה טבעית 200גר,גרמים,200.00,100 גרם,false,1,15.50,7.7500,true,1,11273
7290014759909,false,פטה עיזים 5% פיראוס גביע 250 גרם,"תנובה, מחלבת טנא נוג",IL,גבינת פטה 5% 250 גר,גרמים,25000.00,100 גרם,false,1,29.90,0.1196,true,1,11641
7290014759978,false,גבינת קצקבל גלעד 27% תנובה 200 גרם,תנובה חלב,IL,גבינת קצקבל 200 גר פלחים,גרמים,200.00,100 גרם,false,1,28.90,14.4500,true,1,11523
7290014759985,false,גבינת פרמזן גבע 23% תנובה 200 גרם,תנובה חלב,IL,גבינת פרמזן 200 גר פלחים,גרמים,200.00,100 גרם,false,1,26.90,13.4500,true,1,11522
7290014759992,false,גבינת רוקפור גליל פלח 140 ג' תנובה,"תנובה, מחלבת תל יוסף",IL,גבינת רוקפור 140גר פלחים,גרמים,140.00,100 גרם,false,1,21.90,15.6429,true,1,11524
7290014760134,false,"מעדן סויה בטעם וניל תנובה 125 מ""ל",תנובה Alternative,IL,מעדן סויה בטעם וניל 125 גרם,מיליליטרים,125.00,"100 מ""ל",false,1,4.90,3.9200,true,1,12200
7290014760141,false,משקה שקדים תנובה E אלטרנטיב,תנובה Alternative,IL,משקה שקדים טרי 1ליטר אלטרנטיב,ליטרים,1.00,ליטר,false,1,14.50,14.5000,true,1,13684
7290014760448,false,גבינה צהובה גלבוע 400 גרם 22% שומן תנובה,מחלבת בית יצחק,IL,גבינת גלבוע פרוס 400 גרם,גרמים,400.00,100 גרם,false,1,25.90,6.4750,true,1,12075
7290014760912,false,פרוסות גבינה 28% שומן 400 ג' גוש חלב,תנובה מרכז שיתופי לש,IL,גוש חלב פרוס 400 גרם,גרמים,400.00,100 גרם,false,1,26.90,6.7250,true,1,15746
7290014761056,false,מעדן שוקולד חלב יולו תנובה 123 גרם,מיוצר עי קונדיטוריית,IL,מעדן יולו שוקולד חלב 123 גרם,גרמים,123.00,100 גרם,false,1,4.90,3.9837,true,1,12879
7290014761063,false,מעדן שוקולד מריר יולו תנובה 123 גרם,מיוצר עי קונדיטוריית,IL,מעדן יולו שוקולד מריר 123 גרם,גרמים,123.00,100 גרם,false,1,4.90,3.9837,true,1,12881
7290014761070,false,מעדן שוקולד לבן יולו תנובה 123 גרם,מיוצר עי קונדיטוריית,IL,מעדן יולו שוקולד לבן 123 גרם,גרמים,123.00,100 גרם,false,1,4.90,3.9837,true,1,12880
7290014761193,false,יוגורט עם פירות יער 1.5% שומן 125 ג' פרילי,תנובה מרכז שיתופי לש,IL,פרילי פירות יער 125 גר,גרמים,125.00,100 גרם,false,1,3.90,3.1200,true,1,12965
7290014761414,false,יולו מעדן שכבות שוקולד חלב ולבן 123 גר,מיוצר עי קונדיטוריית,IL,מעדן יולו שכבות שוקולד 123 גרם,גרמים,123.00,100 גרם,false,1,4.90,3.9837,true,1,12882
7290014761438,false,פיראוס בולגרית קלאסית 24% סמי מעדניה 400,תנובה מרכז שיתופי לש,IL,גבינה בולגרית 24% קלאסי 400גר סמי מעדניה,גרמים,400.00,100 גרם,false,1,28.90,7.2250,true,1,12719
7290014761612,false,מעדן שכבות שוקולד מריר ולבן יולו 122 גרם,מיוצר עי קונדיטוריית,IL,מעדן יולו שכבות שוקולד מריר לבן 123 גרם,גרמים,123.00,100 גרם,false,1,4.90,3.9837,true,1,13425
7290014762756,false,גבינת שמנת נפוליאון 16% עם בצל תנובה 225 גרם,תנובה חלב,IL,גב.שמנת נפוליאון בצל 225 גרם,גרמים,225.00,100 גרם,false,1,14.50,6.4444,true,1,15031
7290014762800,false,מעדן סויה שוקולד גביע 125 גרם אלטרנטיב,תנובה מרכז שיתופי לש,IL,מעדן סויה בטעם שוקולד 125גר,גרמים,125.00,100 גרם,false,1,4.90,3.9200,true,1,19328
7290014762831,false,גבינת שמנת נפוליאון 16% עם פלפל חלפיניו תנובה 225 גרם,תנובה מרכז שיתופי לש,IL,גבינת שמנת נפוליאון חלפינו 225 גרם,גרמים,225.00,100 גרם,false,1,14.50,6.4444,true,1,15910
7290014762909,false,פתיתי מוצרלה השף הלבן 10% תוספת מתנה,"תנובה, מחלבת תל יוסף",IL,פתיתי גבינת מוצרלה 200 גרם,גרמים,200.00,100 גרם,false,1,17.90,8.9500,true,1,15699
7290014763098,false,קרם גבינת שמנת 5% עם פלפל שום ובצל 200 ג' תנובה,תנובה,IL,גבינת שמנת 5% טוסקנה 200 גרם,גרמים,200.00,100 גרם,false,1,12.50,6.2500,true,1,15701
7290014763272,false,יוגורט סויה BIO לשתייה תות ובננה אלטרנטיב,תות תעשיות מזון (201,IL,משקה סויה ביו תות בננה 250מל,מיליליטרים,250.00,"100 מ""ל",false,1,6.50,2.6000,true,1,16119
7290014791091,false,"שוויפס לימונייד 500 מ""ל",יפאורה שותפות מובגלת לשיווק,IL,משקה שוופס מוגז למונייד 500מל פקדון,מיליליטרים,500.00,"100 מ""ל",false,1,7.90,1.5800,true,1,14811
7290014791572,false,"שוויפס מוגז בטעם ענבים 330 מ""ל",יפאורה תבורי בעמ,IL,משקה שוופס מוגז ענבים 330 מל,מיליליטרים,330.00,"100 מ""ל",false,1,6.90,2.0909,true,1,17480
7290014791626,false,"שוופס סודה נענע ליים 250 מ""ל זכוכית",יפאורה תבורי בעמ,IL,שוופס סודה נענע ליים 250 מל פיקדון,מיליליטרים,250.00,"100 מ""ל",false,1,3.90,1.5600,true,1,14824
7290014791725,false,"שוויפס תפוחים מוגז 500 מ""ל",יפאורה שותפות מובגלת לשיווק,IL,משקה שוופס מוגז תפוחים 500מל פקדון,מיליליטרים,500.00,"100 מ""ל",false,1,7.90,1.5800,true,1,14812
7290014835894,false,יין גשם אדום שאטו גו,,,יין גשם אדום שאטו גולן 2016 750 מל,מיליליטרים,75000.00,"100 מ""ל",false,1,189.00,0.2520,true,1,23154
7290014835993,false,יין טוריגה 750 מל,שאטו פאמפלון,,יין טוריגה 750 מל,מיליליטרים,750.00,"100 מ""ל",false,1,299.00,39.8667,true,1,23665
7290014855434,false,מגבונים בייביסיטר פרפורמנס מבושם רביעיה,בייביסיטר Babysitter,IL,רביעיית מגבוני בייביסיטר פרפורמנס 72 מבו,יחידה,288.00,יחידה,false,1,16.90,0.0587,true,1,13889
7290014855458,false,מגבוני בייביסיטר פרפורמנס ללא בישום מארז 72X4יח',בייביסיטר Babysitter,IL,רביעיית מגבוני בייביסיטר פרפורמנס 72 ללא,יחידה,288.00,יחידה,false,1,16.90,0.0587,true,1,13888
7290014860070,false,"מקלוני אורז ללא גלוטן 5 מ""מ 454גר' (אור)",ניינטי נודל קו,TH,מקלוני אורז 5ממ ללא גלוטן 454גר,גרמים,454.00,100 גרם,false,1,10.90,2.4009,true,1,10641
7290014860087,false,"מקלוני אורז ללא גלוטן 5מ""מ 250גר' (אור)",Oriental food co. lt,TH,מקלוני אורז 5ממ ללא גלוטן 250גר,גרמים,250.00,100 גרם,false,1,7.90,3.1600,true,1,10639
7290014860094,false,"מקלוני אורז ללא גלוטן 3מ""מ 454גר' (אור)",ניינטי נודל קו,TH,מקלוני אורז 3ממ ללא גלוטן 454גר,גרמים,454.00,100 גרם,false,1,10.90,2.4009,true,1,10640
7290014860155,false,מחצלת במבו שטוחה 24X24 ס'מ,גולין פנגזו,CN,מחצלת במבו שטוחה לסושי 24/24 סמ,Unknown,0.00,Unknown,false,1,8.90,0.0000,true,1,10432
7290014860247,false,שבבי אורז מרובעים ללא גלוטן 227 גרם (Oriental),ליאן תאי רייס,TH,שבבי אורז עבים ללא גלוטן 227 ג,גרמים,227.00,100 גרם,false,1,9.90,4.3612,true,1,11290
7290014860988,false,"שימורי קרם קוקוס 17% 400 מ""ל (TCC) כשר",theppadungporn cocon,TH,קרם קוקוס17% טי סי סי 400 מל,מיליליטרים,400.00,"100 מ""ל",false,1,9.90,2.4750,true,1,11608
7290014890145,false,גבינת שמנת טבעי 225 גרם יעקובס,גבינות משק יעקבס,IL,גבינת שמנת טבעית 225 גרם יעקובס,גרמים,225.00,100 גרם,false,1,10.90,4.8444,true,1,18242
7290014890152,false,גבינת שמנת זיתים 225 גרם יעקובס,גבינות משק יעקבס,IL,גבינת שמנת זיתים 225 גרם יעקובס,גרמים,225.00,100 גרם,false,1,10.90,4.8444,true,1,18243
7290014890169,false,גבינת שמנת שום שמיר 225 גרם יעקובס,גבינות משק יעקבס,IL,גבינת שמנת שום שמיר 225 גרם יעקובס,גרמים,225.00,100 גרם,false,1,10.90,4.8444,true,1,18244
7290014890176,false,ריקוטה סגנון איטלק5% 250,מחלבת משק יעקובס,IL,גבינת ריקוטה 250גרם יעקובס,גרמים,250.00,100 גרם,false,1,10.90,4.3600,true,1,28097
7290014890190,false,גבינת מוצרלה כדור 100 גר,מחלבת משק יעקובס,IL,גבינת מוצרלה כדור 100גרם יעקובס,גרמים,100.00,100 גרם,false,1,10.00,10.0000,true,1,28096
7290014890206,false,קרם פרש 250גרם יעקוב,מחלבת משק יעקובס,IL,קרם פרש 250גרם יעקובס,גרמים,250.00,100 גרם,false,1,13.90,5.5600,true,1,28099
7290014890237,false,גבינת קממברט יעקבס 125 גרם,גבינות משק יעקבס,IL,גבינת קממבר אגוזים בייבי 125גרם,גרמים,125.00,100 גרם,false,1,14.90,11.9200,true,1,17870
7290014890572,false,"יוגורט עיזים משק יעקבס 850 מ""ל",גבינות משק יעקבס,IL,יוגורט עיזים 850מל,מיליליטרים,850.00,"100 מ""ל",false,1,16.90,1.9882,true,1,47816
7290014890589,false,"יוגורט יווני משק יעקבס 850 מ""ל",גבינות משק יעקבס,IL,יוגורט יווני 850 מל יעקובס,מיליליטרים,850.00,"100 מ""ל",false,1,18.90,2.2235,true,1,47817
7290014890602,false,קממבר בקר אגוזים בייבי 125 גר,גבינות יעקבס,IL,גבינת קממבר בקר אגוזים בייבי 125גר יעקוב,גרמים,125.00,100 גרם,false,1,16.90,13.5200,true,1,47822
7290014890619,false,ברי עיזים כמהין משק יעקבס 125 גרם,גבינות משק יעקבס,IL,גבינת ברי עיזים כמהין בייבי 140גר יעקובס,גרמים,140.00,100 גרם,false,1,24.90,17.7857,true,1,47823
7290014901247,false,"שמפו קרטין לאחר החלקה ועיצוב בחום סטייל 750 מ""ל",א.ל. ארמן ייצור תמרו,IL,שמפו סטייל קרטין לאחר החלקה 750מל,מיליליטרים,750.00,"100 מ""ל",false,1,26.90,3.5867,true,1,44683
7290014901254,false,"מרכך קרטין לאחר החלקה ועיצוב בחום סטייל 750 מ""ל",א.ל ארמן ייצור תמרוק,IL,מרכך סטייל קרטין לאחר החלקה 750מל,מיליליטרים,750.00,"100 מ""ל",false,1,26.90,3.5867,true,1,44684
7290014901261,false,"מסכה קרטין לאחר החלקה ועיצוב בחום סטייל 500 מ""ל",א.ל ארמן ייצור תמרוק,IL,מסכת שיער סטייל קרטין לאחר החלקה 500מל,מיליליטרים,500.00,"100 מ""ל",false,1,44.90,8.9800,true,1,44685
7290014901308,false,"סנסודיין משחת שיניים להגנה מלאה 75 מ""ל - סדרת פרמיום","סמית קליין ביצ'ם בע""",GB,מש.שיניים סנסודיין הגנה מלאה 75מל ירוק,גרמים,75.00,100 גרם,false,1,21.90,29.2000,true,1,11826
7290014901315,false,סנסודיין משחה הגנה מלאה אקסטרה פרש 75 מל,"סמית קליין ביצ'ם בע""",GB,מש.שיניים סנסודיין הגנה מלאה 75מל כחול,גרמים,75.00,100 גרם,false,1,21.90,29.2000,true,1,11827
7290014901575,false,אל סבון סטייל ארומטי בניחוח תה מרווה,סטייל Style,TR,אלסבון ארומטי תה מרווה כחול 500 מל,מיליליטרים,50000.00,"100 מ""ל",false,1,7.90,0.0158,true,1,14903
7290014901896,false,"מי פה סנסודיין מנטה מרענן 500 מ""ל",גלקסוסמיתקליין,GB,מי פה סנסודיין 500 מל,מיליליטרים,500.00,"100 מ""ל",false,1,28.90,5.7800,true,1,14296
7290014905160,false,"הפי מטהר אוויר פניני ריח בניחוחות, 130 גרם",יוליניבר,IT,פניני ריח אקס אל יעקובי,Unknown,0.00,Unknown,false,1,14.90,0.0000,true,1,11183
7290014905207,false,"הג'ל הכחול לניקוי האסלה יעקבי 750 מ""ל",איי פי אס,TR,הפי גל לאסלות 750מל,מיליליטרים,750.00,"100 מ""ל",false,1,10.00,1.3333,true,1,10863
7290014905313,false,דזיטול מחטא ומשמיד חיידקים לניקוי רצפות ומשטחים 1.2 ליטר,יעקבי,ES,דזיטול רצפות מחטא ומנקה 1 ליטר,ליטרים,1.00,ליטר,false,1,18.90,18.9000,true,1,11467
7290014905344,false,"הפי תרסיס קצף לניקוי שטיחים יעקביי 623 מ""ל",שרווין ויליאמס,US,הפי קצף לניקוי לשטיחים 750 מל,מיליליטרים,750.00,"100 מ""ל",false,1,24.90,3.3200,true,1,11182
7290014905368,false,מטליות דמויות בד עוד ועוד הפי יעקבי,יעקובי הפי,TR,מטלית דמוי בד הפי עוד ועוד 50 יח,יחידה,50.00,יחידה,false,1,9.90,0.1980,true,1,12174
7290014905498,false,הפי מטליות דו צדדיות בגליל 20 מטליות,ג'נרל מילס סאן אדריא,TR,מטלית דו צדדית גם וגם 20 יח,יחידה,20.00,יחידה,false,1,12.90,0.6450,true,1,12175
7290014905689,false,"נוזל כלים הפי מרוכז 24% תפוח 750 מ""ל",יעקובי הפי,IL,נוזל כלים הפי ירוק 750 מל 24%חומר פעיל,מיליליטרים,750.00,"100 מ""ל",false,1,7.90,1.0533,true,1,12555
7290014905696,false,"נוזל כלים הפי מרוכז 24% לימון 750 מ""ל",יעקובי הפי,IL,נוזל כלים הפי צהוב 750 מל 24% חומר פעיל,מיליליטרים,750.00,"100 מ""ל",false,1,7.90,1.0533,true,1,12556
7290014905719,false,הפי לימונית למדיח כלים - מנטרל ריחות רעים,יעקבי - הפי Hepi,IT,הפי לימונית למדיח,Unknown,0.00,Unknown,false,1,10.90,0.0000,true,1,12669
7290014905733,false,"הפי פרפקט לניקוי שמשות 750 מ""ל",יעקובי הפי,TR,נוזל לניקוי חלונות הפי ברק קריסטלי 750מל,מיליליטרים,750.00,"100 מ""ל",false,1,8.90,1.1867,true,1,12578
7290014905962,false,סבון אסלה הפי בושם 5טיפות ורוד לבנדר נתלה,רלווי,IT,סבון אסלה הפי מקסי עד 350 שטיפות 43גרם,Unknown,0.00,Unknown,false,1,8.90,0.0000,true,1,12909
7290014910461,false,"ערק יודה 700 מ""ל כשל",בני בהיג'\ קעואר לתעשייה,IL,ערק יודה 700 מל,מיליליטרים,700.00,"100 מ""ל",false,12,59.90,8.5571,true,1,27379
7290014931053,false,בזיליקום עם השורש יחידה,גדי מרדכי-מושב שלוש,IL,בזיליקום,Unknown,0.00,Unknown,false,1,8.50,0.0000,true,1,12367
7290014931077,false,עירית עם השורש יחידה,תעשיות תמרוקים שיק 1,IL,עירית,Unknown,0.00,Unknown,false,1,8.50,0.0000,true,1,12370
7290014931091,false,קורנית -טימין עם השורש י,גדי מרדכי-מושב שלוש,IL,קורנית/טימין,Unknown,0.00,Unknown,false,1,8.50,0.0000,true,1,12368
7290014931107,false,נענע עם השורש יחידה,גדי מרדכי-מושב שלוש,IL,מנטה,Unknown,0.00,Unknown,false,1,8.50,0.0000,true,1,12371
7290014945128,false,כפפות ניטריל S כחול100יח,T.P Tailand,TH,כפפות חד פעמי כחולות ניטרל 100יח סמול,יחידה,100.00,יחידה,false,10,19.90,0.1990,true,1,24860
7290014945166,false,פוקוס 10 מטליות לניקוי כללי שייני,GUANGDONG,CN,מטליות מיקרו לניקוי כללי 10 יח,יחידה,10.00,יחידה,false,24,12.90,1.2900,true,1,23448
7290014945197,false,שטיחון מיקרופייבר מפ,GUANGDONG,CN,שטיחון מיקרופייבר מפנק 40/60,יחידה,1.00,יחידה,false,24,24.90,24.9000,true,1,23457
7290014945210,false,צימרוני אוזניים עץ 300 י,ltd Manufacturing .M.A,CN,צמרוני עץ בשקית 300 יח,יחידה,300.00,יחידה,false,144,3.90,0.0130,true,1,23450
7290014945548,false,מפת אלבד חד פעמי גדו,,IL,מפת אלבד חד פעמי גדולה צבעוני 270/120סמ,Unknown,0.00,Unknown,false,1,5.90,0.0000,true,1,36226
7290014945906,false,50 מטליות לחות לניקוי כללי בניחוח לימון שייני,דינמיק תעשיות מגבונים,IL,מטליות לחות לניקוי כללי 50 יח לימון,יחידה,50.00,יחידה,false,12,5.90,0.1180,true,1,31974
7290014947023,false,פריכיות כוסמת ללא מל,זן - בר,IL,פריכיות כוסמין זן בר ללא מלח 160 גר,גרמים,120.00,100 גרם,false,1,11.00,9.1667,true,1,24113
7290014947047,false,פריכיות כוסמת עם מלח 175 גרם,זן בר המכללה לטבעונו,IL,פריכיות כוסמת זן בר מלוח 160 גר,גרמים,160.00,100 גרם,false,1,11.00,6.8750,true,1,13717
7290014947207,false,פריכיות כוסמין דקות,זן בר המכללה לטבעונו,IL,פריכיות כוסמין דקות ללא מלח זן בר120 גרם,גרמים,160.00,100 גרם,false,1,11.90,7.4375,true,1,50975
7290014949744,false,"אוטן טרופי ספריי יבש ל- 8שעות 100מ""ל",מיוצר עי קונדיטוריית,PL,אוטן אקטיב תרסיס ללא גז נגד יתושים 100 מ,מיליליטרים,10000.00,"100 מ""ל",false,1,19.90,0.1990,true,1,11776
7290014949751,false,אוטן ג'וניור ג'ל דוחה יתושים לילדים,ג'נרל מילס סאן אדריא,NL,אוטן אקטיב תרסיס ללא גז נגד יתושים 100 מ,מיליליטרים,100.00,"100 מ""ל",false,1,19.90,19.9000,true,1,11775
7290014974562,false,גביעי גלידה רגיל טילון עלמה גילרו 24 יח',"א.ג גילרו בע""מ",IL,גביעי גלידה עלמה 24 יח 120 גר,גרמים,120.00,100 גרם,false,1,7.90,6.5833,true,1,18641
7290014974593,false,גביעי גלידריה עלמה ללא גלוטן 132 גרם,כרמית תעשיות ממתקים,IL,גביעי גלידה ללא גלוטן 12 יח,יחידה,12.00,יחידה,false,1,15.90,1.3250,true,1,20475
7290014974876,false,גלילי ופל במילוי קרם אגוז ל.גלוטן 100 גר,כרמית תעשיות ממתקים,IL,רולים אגוז ללא גלוטן 100 גרם,גרמים,100.00,100 גרם,false,1,7.90,7.9000,true,1,20478
7290015009119,false,עלי טורטייה מקמח תירס 360 גרם,פרינסיס און וה אונלו,TR,עלי טורטיה סאבוריטו 420 גר,גרמים,420.00,100 גרם,false,16,12.90,3.0714,true,1,21754
7290015009171,false,"ניוקי תפוחי אדמה 300 גר' ""דניאל""",סיאמה אלימנטארי סרל,,ניוקי תפוח אדמה דניאל 300 גרם,גרמים,300.00,100 גרם,false,1,8.90,2.9667,true,1,22176
7290015009188,false,"ניוקי תפוחי אדמה עם דלעת 300 גר' ""דניאל""",סיאמה אלימנטארי סרל,,ניוקי תפוא ודלעת דניאל 300 גרם,גרמים,300.00,100 גרם,false,1,8.90,2.9667,true,1,22177
7290015009195,false,"ניוקי תפוחי אדמה עם עגבניות 300 גרם ""דניאל""",סיאמה אלימנטארי סרל,,ניוקי תפוא ועגבניות דניאל 300 גרם,גרמים,300.00,100 גרם,false,1,8.90,2.9667,true,1,22178
7290015009218,false,"ניוקי עם ערמונים 300 גרם ""דניאל""",סיאמה אלימנטארי סרל,IT,ניוקי תפוא וערמונים דניאל 300 גרם,גרמים,300.00,100 גרם,false,1,8.90,2.9667,true,1,22180
7290015009232,false,"רוטב סלסה בינוני צהוב 454 גרם ""סבוריטו""",,CR,רוטב סלסה סאבוריטו צהוב 454 גר,גרמים,454.00,100 גרם,false,12,19.90,4.3833,true,1,22631
7290015009249,false,"רוטב סלסה חריף אדום 454 גרם ""סבוריטו""",לינדסטרי פודס,US,רוטב סלסה סאבוריטו אדום 454 גר,גרמים,454.00,100 גרם,false,12,19.90,4.3833,true,1,22630
7290015009256,false,"רוטב סלסה רגיל ירוק 454 גרם ""סבוריטו""",לינדסטרי פודס אנד דר,US,רוטב סלסה סאבוריטו ירוק 454 גר,גרמים,454.00,100 גרם,false,12,19.90,4.3833,true,1,22629
7290015009300,false,עלי טורטייה מקמח תירס 360 גרם,פרינסס,TR,עלי טורטיה סאבוריטו קמח תירס 360 גר,גרמים,360.00,100 גרם,false,16,12.90,3.5833,true,1,40522
7290015009317,false,נאצו'ס תירס טבעי 200 גרם,אוקי סנייקס,DK,חטיף נאצוס סאבוריטו טבעי 200 גרם,גרמים,200.00,100 גרם,false,10,11.90,5.9500,true,1,40520
7290015009324,false,נאצו'ס תירס ברביקיו 200 גרם,אוקיי סנקס,DK,חטיף נאצוס סאבוריטו ברביקיו 200 גרם,גרמים,200.00,100 גרם,false,10,11.90,5.9500,true,1,40519
7290015009331,false,נאצו'ס תירס חריף 200 גרם,מנדלז סי.אר. פרודקשן,DK,חטיף נאצוס סאבוריטו חריף 200 גרם,גרמים,200.00,100 גרם,false,10,11.90,5.9500,true,1,40517
7290015009355,false,"חומץ בלסמי מצומצם 250 מ""ל",,ES,רוטב בלסמי מצומצם דניאל 250 מל,גרמים,250.00,100 גרם,false,12,19.90,7.9600,true,1,40381
7290015009362,false,"חומץ בלסמי לבן מצומצם 250 מ""ל",אקובינל,ES,רוטב בלסמי לבן מצומצם דניאל 250 מל,גרמים,250.00,100 גרם,false,12,19.90,7.9600,true,1,40382
7290015009379,false,"מיץ לימון משומר 946 מ""ל",,ES,מיץ לימון משומר דניאל 946 מל,מיליליטרים,946.00,"100 מ""ל",false,12,17.90,1.8922,true,1,40361
7290015009386,false,מיץ ליים משומר דניאל,אקובינל,ES,מיץ ליים משומר דניאל 946 מל,מיליליטרים,946.00,"100 מ""ל",false,12,17.90,1.8922,true,1,40362
7290015009393,false,זיתים שחורים מגולענים מזן קלמטה בחיי מלח,אידיאל סנייק,GR,זית קלמטה מגולען במי מלח דניאל 440 גרם,מיליליטרים,440.00,"100 מ""ל",false,24,18.90,4.2955,true,1,40365
7290015009409,false,זיתים שחורים מזן טאסוס במלח 250 גרם,אידיאל סנייק,GR,זית שחור טאסוס במי מלח דניאל 440 גרם,מיליליטרים,440.00,"100 מ""ל",false,24,18.90,4.2955,true,1,40364
7290015009447,false,זיתים שחורים מגולענים מזן קלמטה,אידיאל סנייק,GR,זית שחור קלמטה במי מלח דניאל 440 גרם,מיליליטרים,440.00,"100 מ""ל",false,24,18.90,4.2955,true,1,40363
7290015009454,false,קינג קול שעועית לבנה 439גרם,,IT,שעועית לבנה בסט קונסרבד 400 גרם,גרמים,400.00,100 גרם,false,12,10.90,2.7250,true,1,49635
7290015009461,false,שימורי שעועית שחורה במי מלח,יורקום סרל,IT,שעועית שחורה בסט קונסרבד 400 גרם,גרמים,400.00,100 גרם,false,12,10.90,2.7250,true,1,49636
7290015009478,false,קינג קול שעועית אדומה כהה 439 גרם,יורקום סרל,IT,שעועית אדומה בסט קונסרבד 400 גרם,גרמים,400.00,100 גרם,false,12,10.90,2.7250,true,1,49637
7290015009485,false,שימורי שעועית לבנה ברוטב עגבניות,,IT,שעועית אפויה רוטב עגביות 400 גרם,גרמים,400.00,100 גרם,false,12,10.90,2.7250,true,1,49638
7290015009553,false,"רוטב אקסטרא חריף מפלפל קרולינה ריפר 148 מ""ל",קאמוק,CR,רוטב סאבוריטו חריף פלפל קרולינה 148 מל,מיליליטרים,148.00,"100 מ""ל",false,12,19.90,13.4459,true,1,49625
7290015009560,false,"רוטב חריף מפלפל קאיין 148 מ""ל",,CR,רוטב סאבוריטו חריף פלפל קאיין 148 מל,מיליליטרים,148.00,"100 מ""ל",false,12,19.90,13.4459,true,1,49626
7290015009577,false,"רוטב חריף מפלפל הבנרו 148 מ""ל",,CR,רוטב סאבוריטו חריף פלפל הבנרו 148 מל,מיליליטרים,148.00,"100 מ""ל",false,12,19.90,13.4459,true,1,49627
7290015009584,false,"רוטב חריף מפלפל חלפיניו 148 מ""ל",,CR,רוטב סאבוריטו חריף פלפל חלפיניו 148 מל,מיליליטרים,148.00,"100 מ""ל",false,12,19.90,13.4459,true,1,49628
7290015009591,false,"רוטב אקסטרא חריף מפלפל סקורפיון 148 מ""ל",קאמוק,CR,רוטב סאבוריטו חריף פלפל סקורפיון 148 מל,מיליליטרים,148.00,"100 מ""ל",false,12,19.90,13.4459,true,1,49629
7290015009607,false,"רוטב אקסטרא חריף מפלפל נגה ג'ולוקיה 148 מ""ל",קאמוק,CR,רוטב סאבוריטו חריף פלפל נגה גולוקיה148מל,מיליליטרים,148.00,"100 מ""ל",false,12,19.90,13.4459,true,1,49630
7290015009614,false,"רוטב אקסטרא חריף מפלפל סקוטש בונט 148 מ""ל",קאמוק,CR,רוטב סאבוריטו חריף פלפל סקוטש בונט148מל,מיליליטרים,148.00,"100 מ""ל",false,12,19.90,13.4459,true,1,49631
7290015009621,false,"רוטב סויה עם שומשום ודבש 355 מ""ל",קאמוק,CR,רוטב סויה דניאל עם שומשום ודבש 355 מל,מיליליטרים,355.00,"100 מ""ל",false,12,26.90,7.5775,true,1,49632
7290015009638,false,"רוטב צ""ילי מתוק עם פסיפלורה 355 מ""ל",קאמוק,CR,רוטב צילי דניאל עם פסיפלורה 355 מל,מיליליטרים,355.00,"100 מ""ל",false,12,26.90,7.5775,true,1,49633
7290015009645,false,רוטב פלפל הבנרו עם חרדל ודבש 365 גרם,,CR,רוטב פלפל הבנרו דניאל דבש וחרדל 355 מל,מיליליטרים,355.00,"100 מ""ל",false,12,26.90,7.5775,true,1,49634
7290015025942,false,"קרם ידיים קלאסי עם שמן שקדים פנג'ל 80 מ""ל",מיוצר עי קונדיטוריית,IL,קרם ידיים פנגל קלאסיק שמן שקדים 80 מל,Unknown,0.00,Unknown,false,1,7.90,0.0000,true,1,14354
7290015025959,false,מגבונים לחים בניחוח עדין מכיל תמציות קשמיר ומשי,עלבד משואות יצחק,IL,מארז 4יח מגבוני פרש וואנס קשמיר קר 64יח,יחידה,64.00,יחידה,false,1,15.90,0.2484,true,1,28612
7290015039055,false,"רוטב צ'ילי חריף תאילנדי וילי פוד 700 מ""ל",הנסיך- מפעל לייצור ט,TH,רוטב צילי חריף 700 מל ויליפוד,מיליליטרים,700.00,"100 מ""ל",false,1,9.90,1.4143,true,1,11654
7290015041041,false,טוש מסיר כתמים,,,טוש מסיר כתמים,יחידה,1.00,יחידה,false,12,11.90,11.9000,true,1,24733
7290015041058,false,לק ירוק עם נצנצים,,,לק ירוק עם נצנצים,Unknown,0.00,Unknown,false,1,14.90,0.0000,true,1,47143
7290015041065,false,לק אדום,,,לק אדום,Unknown,0.00,Unknown,false,1,14.90,0.0000,true,1,47147
7290015041072,false,לק ורוד,,,לק ורוד,Unknown,0.00,Unknown,false,1,14.90,0.0000,true,1,47145
7290015041089,false,לק סגול,,,לק סגול,Unknown,0.00,Unknown,false,1,14.90,0.0000,true,1,47146
7290015043410,false,יין ירח אדום מרלו 75,,,יין ירח אדום מרלו 750 מל,מיליליטרים,750.00,"100 מ""ל",false,1,110.00,14.6667,true,1,48178
7290015043434,false,יין סוביניון בלאן 75,,,יין סוביניון בלאן 750 מל,מיליליטרים,750.00,"100 מ""ל",false,1,110.00,14.6667,true,1,48177
7290015043489,false,יין לילית אדום סירה,,,יין בלנד אדום סירה/קריניאן 750 מל,מיליליטרים,750.00,"100 מ""ל",false,1,100.00,13.3333,true,1,48176
7290015060639,false,זיתים שחורים קלמטה ב,,GR,זיתים שחורים קלמטה בשמן זית אורגני 250גר,גרמים,250.00,100 גרם,false,1,18.90,7.5600,true,1,37500
7290015081634,false,אולטרסול FREE קרם גל לפנים SPF30 50,פישר מעבדות פרמצבטיות בע,IL,קרם גל לפנים אולטרסול 50/30,Unknown,0.00,Unknown,false,1,49.90,0.0000,true,1,38808
7290015081955,false,"ד""ר פישר - אולטרסול ספורט מקס ספריי שקוף 200 מ""ל 50SPF",פישר מעבדות פרמצבטיות בע,IL,תחליב הגנה אולטרסול מקס ספורט שקוף 200מל,מיליליטרים,200.00,"100 מ""ל",false,1,64.90,32.4500,true,1,15739
7290015125161,false,יין תל מרשה לבן 750,,,יין תל מרשה לבן 750 מל,מיליליטרים,750.00,"100 מ""ל",false,1,80.00,10.6667,true,1,34719
7290015127288,false,בולגרית עיזים זעתר אורגנית 200 גר,,IL,גבינה ראם בולגרית עם זעתר אורגנית 200גר,גרמים,200.00,100 גרם,false,6,36.90,18.4500,true,1,49207
7290015129121,false,אטריות קונג'אק בתוספת טפיוקה בצורת נודלס,הוויזאי וואנגייה פוד,CN,פסטה סקיני נודלס 270 גר ללא גלוטן,גרמים,270.00,100 גרם,false,1,11.90,4.4074,true,1,12144
7290015129145,false,אטריות קונג'אק בתוספת טפיוקה בצורת ספגטי,הוויזאי וואנגייה פוד,CN,פסטה סקיני ספגטי 270 גר ללא גלוטן,גרמים,270.00,100 גרם,false,1,11.90,4.4074,true,1,12145
7290015129220,false,איטריות קונגאק ללא גלוטן 270 גרם skinny,אף.סי תבליני בגליל ב,CN,פסטה סקיני קוסקוס 270 גר ללא גלוטן,גרמים,270.00,100 גרם,false,1,11.90,4.4074,true,1,13304
7290015129268,false,סקיני פסטה פנה שיבולת שועל 200 גרם,סקיני פסטה,CN,סקיני פסטה שבולת שועל פנה 270 גר,גרמים,270.00,100 גרם,false,30,11.90,4.4074,true,1,50803
7290015129312,false,סקיני סופ תבשיל מרק בטעם עוף 214 גרם,אף.סי תבליני בגליל ב,CN,תבשיל מרק טעם עוף 234 גר סקיני סופ,גרמים,234.00,100 גרם,false,6,19.90,8.5043,true,1,37143
7290015129749,false,סקיני פסטה שיבולת שועל נודלס 270 גרם,הוויזאי וואנגייה,CN,סקיני פסטה שבולת נודלס 270 גר,גרמים,270.00,100 גרם,false,30,11.90,4.4074,true,1,25454
7290015139229,false,לני מטבעות שוקולד חלב זהב סגול 42 גר,כרמית,IL,מטבעות שוקולד חלב זהב סגול 42 ג ברשת,Unknown,0.00,Unknown,false,1,5.00,0.0000,true,1,14991
7290015139250,false,"שוקולד מריר פצפוצי אורז כרמית 85 גרם לל""ס","כרמית תעשיות ממתקים בע""\",IL,שוקולד מריר פיצפוצי ללא סוכר 85 ג כרמית,Unknown,0.00,Unknown,false,1,6.50,0.0000,true,1,14989
7290015139267,false,שוקולד מריר עם שקדים ללא תוספת סוכר וסטהיים,"כרמית תעשיות ממתקים בע""\",IL,שוקולד מריר שקדים ללא סוכר 85 ג כרמית,Unknown,0.00,Unknown,false,1,6.50,0.0000,true,1,14990
7290015139526,false,חופשי ופל בציפוי ומילוי שוקו ללא גלוטן כרמית 125 גרם,כרמית תעשיות ממתקים,IL,ופל חופשי מצופה ללא גלוטן 125 גר,גרמים,125.00,100 גרם,false,1,10.00,8.0000,true,1,15086
7290015139533,false,וופל לימון ללא ציפוי 200 ג' -חופשי-ללא גלוטן,"כרמית תעשיות ממתקים בע""\",IL,ופל חופשי לימון ללא גלוטן 200 גר,גרמים,200.00,100 גרם,false,1,10.00,5.0000,true,1,15087
7290015139571,false,חופשי ופל בארים בציפוי שוקולד 25 גר,"כרמית תעשיות ממתקים בע""\",IL,מאגדת 5 ופל חופשי חלב ל.ג 25 גר,גרמים,125.00,100 גרם,false,1,10.90,8.7200,true,1,15091
7290015150088,false,מחית עגבניות קלה גרנד איטליה 700 גרם,שוורצקוף& הנקל דיסלד,IT,מחית עגבניות בלה איטליה 700 גר,גרמים,700.00,100 גרם,false,1,11.90,1.7000,true,1,13485
7290015150118,false,שלישיית עגבניות חתוכות דק גרנד איטליה 400 גרם,אמיליאנה קונסרב ס.פ.,IT,מארז 3 יח עגבניות חתוכות בלה איטליה400גר,גרמים,1200.00,100 גרם,false,1,16.90,1.4083,true,1,13484
7290015150361,false,תה ירוק נענע סטיביה ויסוצקי 25 יחידות,ויסוצקי ירוק,IL,תה ירוק נענע סטיביה 1.5 ג 25 שק,יחידה,25.00,יחידה,false,1,24.90,0.9960,true,1,12951
7290015150583,false,תה ירוק לימון ודבש ויסוצקי 25 יחידות,ויסוצקי ירוק,IL,תה ירוק לימון ודבש 1.5 ג 25 שק,יחידה,25.00,יחידה,false,1,24.90,0.9960,true,1,14120
7290015150590,false,תה ירוק ג'ינג'ר חריף ויסוצקי 25 יחידות,ויסוצקי ירוק,IL,תה ירוק גינגר חריף 1.5 ג 25 שק,יחידה,25.00,יחידה,false,1,24.90,0.9960,true,1,14121
7290015150729,false,תה ירוק סקיני גריני ויסוצקי 25 יחידות,תה ויסוצקי,IL,תה ירוק סקיני גריני 1.5 ג 25 שק,יחידה,25.00,יחידה,false,1,24.90,0.9960,true,1,15687
7290015150903,false,תה ירוק קינמון ודבש ויסוצקי 25 יחידות,ויסוצקי ירוק,IL,תה ירוק קינמון ודבש 1.5 ג 25 שק,יחידה,25.00,יחידה,false,1,24.90,0.9960,true,1,16363
7290015155021,false,פרמיו חטיף דנטלי לכלב ננסי 110גרם,רונדו,DE,פרמיו דנטל מיני 110 גר,גרמים,110.00,100 גרם,false,10,9.90,9.0000,true,1,49388
7290015155243,false,פרמיו חטיף כריות לתמיכה באנטי -היירבול לחתול 60ג',פרמיו Premio,AT,פרמיו חטיף כריות לחתול 60 גר,גרמים,60.00,100 גרם,false,7,9.90,16.5000,true,1,23359
7290015155250,false,פרמיו חטיף כריות סלמון 60 גר,פרמיו Premio,AT,פרמיו חטיף כריות סלמון לחתול 60גר,גרמים,60.00,100 גרם,false,7,9.90,16.5000,true,1,23361
7290015155274,false,פרמיו כריות ביוטי לחתול 60ג,פרמיו Premio,AT,פרמיו חטיף כריות לחתול אנטי היירבול 60ג,גרמים,60.00,100 גרם,false,7,9.90,16.5000,true,1,50148
7290015155410,false,פרמיו חטיף כריות דנטל עם עוף 60ג',פרמיו Premio,AT,פרמיו חטיף כריות דנטל עוף לחתול 60גר,גרמים,60.00,100 גרם,false,7,9.90,16.5000,true,1,23360
7290015155427,false,פרמיו עוף וכבד לחתול,פרמיו Premio,AU,פרמיו עוף וכבד 15 גר,יחידה,1.00,יחידה,false,35,6.90,6.9000,true,1,23358
7290015155434,false,פרמיו סלמון ופורל 15 ג',,AU,פרמיו סלמון ופורל 15 גר,יחידה,1.00,יחידה,false,35,6.90,6.9000,true,1,23357
7290015155823,false,מחית תפוחי עץ חטיפטף ללא תוספת סוכר,פרוטה פודיווין איי.א,CZ,פאוץ פרינוק תפוח עץ 120 גרם,גרמים,120.00,100 גרם,false,1,5.90,4.9167,true,1,19259
7290015155830,false,מחית תפוחי עץ ובננה חטיפטף ללא תוספת סוכר,פרוטה פודווין איי.אס,CZ,פאוץ פרינוק תפוח בננה 120 גרם,גרמים,120.00,100 גרם,false,24,5.90,4.9167,true,1,19260
7290015155847,false,מחית סלט פירות חטיפטף ללא תוספת סוכר,פרוטה פודיווין איי.א,CZ,פאוץ פרינוק סלט פירות 120 גרם,גרמים,120.00,100 גרם,false,1,5.90,4.9167,true,1,19261
7290015155878,false,חטיפטף - חטיף אורז אפוי בטעם טבעי 28 גרם,נאמצואו,TH,חטיפטף בטעם טבעי 28 גר,Unknown,0.00,Unknown,false,1,7.90,0.0000,true,1,19866
7290015155892,false,חטיף אורז אפוי לתינוקות בננה חטיפטף 28גר,נאמצואו,TH,חטיפטף בטעם בננה 31 גר,Unknown,0.00,Unknown,false,1,7.90,0.0000,true,1,19872
7290015156769,false,מחית פרינוק פאוץ' תפוח ואוכמניות 120 גרם,פרוטה פודווין איי.אס,CZ,פאוץ פרינוק תפוח ואוכמניות 120 גרם,גרמים,120.00,100 גרם,false,1,5.90,4.9167,true,1,23881
7290015156776,false,מחית פירות טרופיים חטיפטף ללא תוספת סוכר,פרוטה פודווין איי.אס,CZ,פאוץ פרינוק פירות טרופיים 120 גרם,גרמים,120.00,100 גרם,false,1,5.90,4.9167,true,1,22399
7290015156790,false,מחית לפתן פירות חטיפטף ללא תוספת סוכר,פרוטה פודווין איי.אס,CZ,פאוץ פרינוק לפתן פירות 120 גרם,גרמים,120.00,100 גרם,false,1,5.90,4.9167,true,1,22400
7290015156813,false,פאוץ' מחית פירות מעורבים פרינוק 120 גרם,פרוטה פודווין איי.אס,CZ,פאוץ פרינוק פירות מעורבים 120 גרם,גרמים,120.00,100 גרם,false,1,5.90,4.9167,true,1,22401
7290015161145,false,קוואקר כוסמין מלא עבה 400 גרם נוטרה זן,נוטרה זן NutraZen,DK,קוואקר קוואקר כוסמין מלא עבה 400 גר,גרמים,400.00,100 גרם,false,1,19.90,4.9750,true,1,39034
7290015161152,false,גרנולה כוסמין פירות ואגוזים 300 גרם,שקד תבור,IL,גרנולה כוסמין פירות ואגוזים 300 גר,גרמים,300.00,100 גרם,false,1,27.90,9.3000,true,1,35577
7290015161169,false,גרנולה כוסמין קלאסית 300 ג,שקד תבור,IL,גרנולה כוסמין קלאסית 300 גר,גרמים,300.00,100 גרם,false,1,27.90,9.3000,true,1,35576
7290015161534,false,קוואקר שיבולת שועל עבה ללא גלוטן - 400 גרם,נוטרה זן NutraZen,DK,קוואקר עבה ללא גלוטן 400 גר,גרמים,400.00,100 גרם,false,1,19.90,4.9750,true,1,34289
7290015161541,false,קוואקר שיבולת שועל אינסטנט ללא גלוטן - 400 גרם,הלינסקי מילס אל.טי.די,DK,קוואקר דק ללא גלוטן 400 גר,גרמים,400.00,100 גרם,false,1,19.90,4.9750,true,1,34287
7290015161558,false,קמח שיבולת שועל מלאה אורגני ללא גלוטן,הלינסקי מילס אל.טי.די,DK,קמח ש. שועל מלא ללג 500 גר,גרמים,500.00,100 גרם,false,1,24.90,4.9800,true,1,34291
7290015161565,false,"גרנולה ש""ש 28% פירות לל""ג נוטרה זן 300 ג",נוטרה זן NutraZen,IL,גרנולה פירות ללג נוטרה זן 300 גר,גרמים,300.00,100 גרם,false,1,22.90,7.6333,true,1,34292
7290015161572,false,גרנולה נוטרה זן 29% אגוזים וגרעינים ללא גלוטן 300 גרם,נוטרה זן NutraZen,IL,גרנולה אגוז 28% ללג נוטרה זן 300 גר,גרמים,300.00,100 גרם,false,1,22.90,7.6333,true,1,34293
7290015161589,false,"פת פריכה אורגנית לל""ג ירקות גינה 100 גר",אקסטרודו בצ'\יצה,CZ,פת פריכה אורגנית ללג ירקות גינה 100גר,גרמים,100.00,100 גרם,false,1,10.90,10.9000,true,1,34282
7290015161688,false,דגני שיפון אורגני כד,,,דגני שיפון אורגני כדורי קקאו 200 גר,גרמים,200.00,100 גרם,false,1,19.90,9.9500,true,1,34301
7290015161831,false,פת פריכה אורגנית ללא גלוטן - אמרנט 100 גרם,אקסטרודו בצ'\יצה,CZ,פת פריכה אורגנית ללג אמאנט 100 גר,גרמים,100.00,100 גרם,false,1,10.90,10.9000,true,1,34278
7290015161848,false,פת פריכה אורגנית ללא גלוטן - כוסמת וקינואה 100 גרם,אקסטרודו בצ'\יצה,CZ,פת פריכה אורגנית ללג כוסת וקינואה100 גר,גרמים,100.00,100 גרם,false,1,10.90,10.9000,true,1,34279
7290015161855,false,פת פריכה אורגנית ללא גלוטן - קינואה וחרובים 100 גרם,אקסטרודו בצ'\יצה,CZ,פת פריכה אורגנית ללג קינואה וחרוב 100גר,גרמים,100.00,100 גרם,false,1,10.90,10.9000,true,1,34281
7290015161862,false,פת פריכה אורגנית ללא גלוטן - ערמונים 100 גרם,אקסטרודו בצ'\יצה,CZ,פת פריכה אורגנית ללג ערמונים 100 גר,גרמים,100.00,100 גרם,false,1,10.90,10.9000,true,1,34280
7290015161879,false,פת פריכה PRO עדשים אדומות וחומות ללא גלוטן,אקסטרודו בצ'\יצה,CZ,פת פריכה אורגנית ללג עדשים 100 גר,גרמים,100.00,100 גרם,false,1,16.90,16.9000,true,1,34284
7290015161886,false,"פת פריכה אורג. PRO לל""ג חומוס אפונה 100",,CZ,פת פריכה אורגנית ללג חומוס ואפונה 100גר,גרמים,100.00,100 גרם,false,1,16.90,16.9000,true,1,34285
7290015161893,false,פת פריכה אורגנית PRO ללא גלוטן זרעי דלעת בתיבול שום 100 ג',אקסטרודו בצ'\יצה,CZ,פת פריכה אורגנית ללג פי אר או 100גר,גרמים,100.00,100 גרם,false,1,16.90,16.9000,true,1,34283
7290015164818,false,רוטב קארי צהובה 400 גרם SUREE כשר,Theppadungporn cocon,TH,מחית קארי צהובה 400 גר טי סי סי,גרמים,400.00,100 גרם,false,1,19.90,4.9750,true,1,35428
7290015164832,false,מחית קארי ירוק 400 גרם SUREE כשר,טאפאדונגפורן קוקינט,TH,מחית קארי ירוקה 400 גר טי סי סי,גרמים,400.00,100 גרם,false,1,19.90,4.9750,true,1,11715
7290015164856,false,רוטב קארי אדומה 400 גרם SUREE כשר,טאפאדונגפורן קוקינט,TH,מחית קארי אדומה 400 גר טי סי סי,גרמים,400.00,100 גרם,false,1,19.90,4.9750,true,1,11714
7290015178204,false,ממרח אוליביה - עגבניות מיובשות בשמש עם לימון 180 גרם,אוליביה בעמ,IL,עגבניות מיובשות בשמש עם לימון 180גר אולי,גרמים,180.00,100 גרם,false,6,12.90,7.1667,true,1,37007
7290015178235,false,זיתים מושחרים בסלסלת עגבניות מיובשות 180 גרם,תנובה ב.ע.ד,IL,זיתים מושחרים בסלסת עגבניות מיובשות 180ג,גרמים,180.00,100 גרם,false,6,12.90,7.1667,true,1,40058
7290015178266,false,רוטב פלפלת אוליביה 270 גר,אוליביה,IL,רוטב פלפלת שחורה אוליביה 480 גר,גרמים,480.00,100 גרם,false,1,12.90,2.6875,true,1,50025
7290015178273,false,רוטב מרינדה לעוף בגריל אוליביה 270 גר,אוליביה,IL,מרינדה לעוף בגריל אוליביה 530 גר,גרמים,530.00,100 גרם,false,1,12.90,2.4340,true,1,50026
7290015193139,false,"WOK רוטב צ'ילי מתוק 300 מ""ל לל""ס",תאי פרידה אינדסטרי ב,TH,רוטב צילי מתוק וואק ללא סוכר 300 מל,מיליליטרים,300.00,"100 מ""ל",false,1,8.90,2.9667,true,1,12449
7290015193573,false,"ווק אטריות אורז עובי 2 מ""מ 400 גרם",אסיאן סופירה פודס חב,TH,מקלוני אורז 2 ממ ווק 400 גר,גרמים,400.00,100 גרם,false,1,9.90,2.4750,true,1,18767
7290015279246,false,יין עמק יזרעאל אדומי,עמק יזרעאל אדום צור,IL,יין עמק יזרעאל אדומים 750 מל,מיליליטרים,750.00,"100 מ""ל",false,12,85.00,11.3333,true,1,31079
7290015279529,false,יין עמק יזרעאל אלפא,עמק יזרעאל אדום צור,IL,יין עמק יזרעאל אלפא 750 מל,מיליליטרים,750.00,"100 מ""ל",false,12,85.00,11.3333,true,1,31077
7290015279536,false,יין עמק יזרעאל נהלל,עמק יזרעאל אדום צור,IL,יין עמק יזרעאל נהלל 750 מל,מיליליטרים,750.00,"100 מ""ל",false,12,85.00,11.3333,true,1,31078
7290015279949,false,יין עמק יזרעאל גוורצ,עמק יזרעאל אדום צור,IL,יין עמק יזרעאל גוורצטרמינר 750 מל,מיליליטרים,750.00,"100 מ""ל",false,12,70.00,9.3333,true,1,31081
7290015282000,false,איקרא אדומה SEVEN SEAS 200 גרם,שבעת הימים - שמיר,IL,סלט איקרא אדומה 200 גר,גרמים,200.00,100 גרם,false,1,12.90,6.4500,true,1,20232
7290015282390,false,סלט תורכי 200 גרם שמיר,"סלטי שמיר 2006 בע""מ",IL,סלט תורכי 200גרם גורמה,גרמים,200.00,100 גרם,false,1,10.90,5.4500,true,1,19141
7290015282581,false,חומוס אבו גוש עם חריף שמיר 200 גרם,"סלטי שמיר 2006 בע""מ",IL,חומוס אבו גוש עם חריף 200 גרם גורמה,גרמים,200.00,100 גרם,false,1,10.90,5.4500,true,1,19131
7290015282598,false,חומוס מסעדות גורמה שמיר 200 גרם,"סלטי שמיר 2006 בע""מ",IL,חומוס מסעדות 200 גרם גורמה,גרמים,200.00,100 גרם,false,1,10.90,5.4500,true,1,19132
7290015282604,false,טחינה מיוחדת גורמה שמיר 200 גרם,"סלטי שמיר 2006 בע""מ",IL,טחינה מיוחדת 200 גרם גורמה,גרמים,200.00,100 גרם,false,1,10.90,5.4500,true,1,19133
7290015282628,false,חציל בטעם כבד גורמה שמיר 200 גרם,"סלטי שמיר 2006 בע""מ",IL,סלט חציל בטעם כבד 200גרם גורמה,גרמים,200.00,100 גרם,false,1,10.90,5.4500,true,1,19142
7290015282635,false,חומוס מסבחה גורמה שמיר 200 גרם,"סלטי שמיר 2006 בע""מ",IL,חומוס מסבחה 200 גרם גורמה,גרמים,200.00,100 גרם,false,1,10.90,5.4500,true,1,19134
7290015282642,false,חומוס אבו גוש גורמה שמיר 200 גרם,"סלטי שמיר 2006 בע""מ",IL,חומוס אבו גוש 200 גרם גורמה,גרמים,200.00,100 גרם,false,1,10.90,5.4500,true,1,19135
7290015282666,false,סלט טונה עם ירקות 200 גר,"סלטי שמיר 2006 בע""מ",IL,סלט טונה בריאות 200גרם גורמה,גרמים,200.00,100 גרם,false,1,17.90,8.9500,true,1,19153
7290015282673,false,חציל במיונז ביתי גורמה שמיר 200 גרם,"סלטי שמיר 2006 בע""מ",IL,סלט חציל במיונז ביתי 200גרם גורמה,גרמים,200.00,100 גרם,false,1,10.90,5.4500,true,1,19143
7290015282680,false,קישוא בטעם כבד גורמה שמיר 200 גרם,"סלטי שמיר 2006 בע""מ",IL,סלט קישוא בטעם כבד 200 גרם גורמה,גרמים,200.00,100 גרם,false,1,10.90,5.4500,true,1,19144
7290015282697,false,כרוב אדום שמיר גורמה 200גר,"סלטי שמיר 2006 בע""מ",IL,כרוב אדום 200 גרם גורמה,גרמים,200.00,100 גרם,false,1,10.90,5.4500,true,1,19136
7290015282710,false,קוביות סלק גורמה שמיר 200 גרם,"סלטי שמיר 2006 בע""מ",IL,קוביות סלק 200גרם גורמה,גרמים,200.00,100 גרם,false,1,10.90,5.4500,true,1,19137
7290015282727,false,גזר מרוקאי ברוטב פיקנטי אסלי שמיר 200 ג',"סלטי שמיר 2006 בע""מ",IL,סלט גזר מרוקאי פיקנטי 200גר גורמה,גרמים,200.00,100 גרם,false,1,10.90,5.4500,true,1,19138
7290015282734,false,מטבוחה ביתית גורמה שמיר 200 גרם,"סלטי שמיר 2006 בע""מ",IL,מטבוחה ביתית 200 גרם גורמה,גרמים,200.00,100 גרם,false,1,10.90,5.4500,true,1,19139
7290015282741,false,חציל תאילנדי אסלי שמיר 200 ג',"סלטי שמיר 2006 בע""מ",IL,סלט חציל תאילנדי 200גר גורמה,גרמים,200.00,100 גרם,false,1,10.90,5.4500,true,1,19146
7290015282796,false,"סלט תפו""א שמיר במיונז 200ג'","סלטי שמיר 2006 בע""מ",IL,סלט תפוחי אדמה 200גר גורמה,גרמים,200.00,100 גרם,false,1,10.90,5.4500,true,1,19140
7290015284004,false,שמפו לכל סוגי השיער ירקות ירוקים ECOLOVE,א.ל. ארמן,IL,שמפו אקולאב 500מל ס. ירוקה אורגניקזון,מיליליטרים,500.00,"100 מ""ל",false,1,31.90,6.3800,true,1,11511
7290015284011,false,מרכך לכל סוגי השיער ירקות ירוקים ECOLOVE,אורגניק זון,IL,מרכך אקולאב 500מל ס. ירוקה אורגניקזון,מיליליטרים,500.00,"100 מ""ל",false,1,31.90,6.3800,true,1,11512
7290015284028,false,סבון גוף ירקות ירוקים 500 מל ECOLOVE,אורגניק זון,IL,ס.גוף אקולאב 500מל ס. ירוקה אורגניקזון,מיליליטרים,500.00,"100 מ""ל",false,1,31.90,6.3800,true,1,11513
7290015284035,false,סבון ידיים ירקות ירוקים 500 מל ECOLOVE,אורגניק זון,IL,סבון ידיים אקולאב 500 מל אקולוגי ירוק,מיליליטרים,500.00,"100 מ""ל",false,1,24.90,4.9800,true,1,11862
7290015284042,false,שמפו לשיער רגיל/שמן ירקות אדומים ECOLOVE,אורגניק זון,IL,שמפו אקולאב 500מל ס. אדומה אורגניקזון,מיליליטרים,500.00,"100 מ""ל",false,1,31.90,6.3800,true,1,11514
7290015284059,false,מרכך לשיער רגיל/שמן ירקות אדומים ECOLOVE,אורגניק זון,IL,מרכך אקולאב 500מל ס. אדומה אורגניקזון,מיליליטרים,500.00,"100 מ""ל",false,1,31.90,6.3800,true,1,11515
7290015284066,false,סבון גוף ירקות אדומים 500 מל ECOLOVE,אורגניק זון,IL,ס.גוף אקולאב 500מל ס. אדומה אורגניקזון,מיליליטרים,500.00,"100 מ""ל",false,1,31.90,6.3800,true,1,11516
7290015284073,false,סבון ידיים ירקות אדומים 500 מל ECOLOVE,א.ל. ארמן,IL,סבון ידיים אקולאב 500 מל אקולוגי אדום,מיליליטרים,500.00,"100 מ""ל",false,1,24.90,4.9800,true,1,11863
7290015284080,false,שמפו לשיער רגיל/יבש ירקות כתומים ECOLOVE,אורגניק זון,IL,שמפו אקולאב 500מל ס. כתומה אורגניקזון,מיליליטרים,500.00,"100 מ""ל",false,1,31.90,6.3800,true,1,11517
7290015284097,false,מרכך לשיער רגיל/יבש ירקות כתומים ECOLOVE,א.ל. ארמן,IL,מרכך אקולאב 500מל ס. כתומה אורגניקזון,מיליליטרים,500.00,"100 מ""ל",false,1,31.90,6.3800,true,1,11518
7290015284103,false,סבון גוף ירקות כתומים 500 מל ECOLOVE,אורגניק זון,IL,ס.גוף אקולאב 500מל ס. כתומה אורגניקזון,מיליליטרים,500.00,"100 מ""ל",false,1,31.90,6.3800,true,1,11519
7290015284110,false,סבון ידיים ירקות כתומים 500 מל ECOLOVE,אורגניק זון,IL,סבון ידיים אקולאב 500 מל אקולוגי כתום,מיליליטרים,500.00,"100 מ""ל",false,1,24.90,4.9800,true,1,11864
7290015284134,false,מסכה לשיער רגיל-יבש ירקות כתומים ECOLOVE,א.ל. ארמן,IL,מסכה לשיער אקולאב 350 מל,מיליליטרים,350.00,"100 מ""ל",false,1,41.90,11.9714,true,1,13282
7290015284141,false,שמפו אקולאב 1ליטר לא,א.ל. ארמן,IL,שמפו אקולאב 1ליטר לאחר החלקה ללא מלחים,ליטרים,1.00,ליטר,false,6,49.90,49.9000,true,1,50770
7290015284158,false,שמפו אקולאב 1ליטר שי,א.ל. ארמן,IL,שמפו אקולאב 1ליטר שיער רגיל שמן ירק אדום,ליטרים,1.00,ליטר,false,6,44.90,44.9000,true,1,50769
7290015284165,false,שמפו אקולאב 1ליטר שי,א.ל. ארמן,IL,שמפו אקולאב 1ליטר שיער רגיל יבש ירק כתום,ליטרים,1.00,ליטר,false,6,44.90,44.9000,true,1,50768
7290015284172,false,מרכך אקולאב משפחתי 1,א.ל. ארמן,IL,מרכך אקולאב משפחתי 1ליטר מגיל חצי שנה,ליטרים,1.00,ליטר,false,6,44.90,44.9000,true,1,37436
7290015284189,false,שמפו משפחתי ירקות ירוקים 1 ליטר,א.ל. ארמן,IL,שמפו אקולאב משפחתי לכל סוגי השיער 1ליטר,ליטרים,1.00,ליטר,false,6,44.90,44.9000,true,1,30197
7290015284196,false,סבון גוף משפחתי ירקות ירוקים 1 ליטר,א.ל. ארמן,IL,סבון גוף אקולאב 1ליטר משפחתי,ליטרים,1.00,ליטר,false,6,44.90,44.9000,true,1,30198
7290015284202,false,ECOLOVE שמפו לשיער צבוע ויבש מאוד 500 מל,א.ל. ארמן,IL,שמפו אקולאב 500מל ס. סגולה אורגניקזון,מיליליטרים,500.00,"100 מ""ל",false,1,31.90,6.3800,true,1,15308
7290015284219,false,ECOLOVE מרכך לשיער צבוע ויבש מאוד 500 מל,א.ל. ארמן,IL,מרכך אקולאב 500מל ס. סגולה אורגניקזון,מיליליטרים,500.00,"100 מ""ל",false,1,31.90,6.3800,true,1,15309
7290015284226,false,סבון גוף לעור יבש 500 מל,א.ל. ארמן,IL,ס.גוף אקולאב 500מל ס. סגולה אורגניקזון,מיליליטרים,500.00,"100 מ""ל",false,1,31.90,6.3800,true,1,15310
7290015284233,false,ECOLOVE סבון ידיים לעור יבש 500 מל,א.ל. ארמן,IL,סבון ידיים אקולאב 500 מל אקולוגי סגול,מיליליטרים,500.00,"100 מ""ל",false,1,24.90,4.9800,true,1,15325
7290015284240,false,ECOLOVE מסיכה לשיער צבוע ויבש מאוד 350 מ,א.ל. ארמן,IL,מסכה לשיער אקולאב סגול 350 מל,מיליליטרים,350.00,"100 מ""ל",false,1,41.90,11.9714,true,1,15885
7290015284257,false,שמפו לשיער צבוע ירקות סגולים 1 ליטר,א.ל. ארמן,IL,שמפו לשיער צבוע 1ליטר אקולאב ירק. סגולים,ליטרים,1.00,ליטר,false,6,44.90,44.9000,true,1,32827
7290015284264,false,סבון גוף לעור יבש ירקות סגולים 1 ליטר,א.ל. ארמן,IL,סבון גוף אקולאב 1ליטר ירקות סגולים,ליטרים,1.00,ליטר,false,6,44.90,44.9000,true,1,32826
7290015284271,false,מרכך טבעי לשיער צבוע,א.ל. ארמן,IL,מרכך אקולאב משפחתי 1ליטר לשיער צבוע,ליטרים,1.00,ליטר,false,6,44.90,44.9000,true,1,37437
7290015284318,false,סבון שמן זית אורגני פריחת השקד 110 גר,לה קרים,IL,סבון מוצק שמן זית פריחת השקד 110גר,גרמים,110.00,100 גרם,false,1,17.90,16.2727,true,1,11768
7290015284332,false,סבון שמן זית אורגני לבנדר וקלנדולה 110 ג,לה קרים,IL,סבון מוצק שמן זית לבנדר קלנדולה 110גר,גרמים,110.00,100 גרם,false,1,17.90,16.2727,true,1,11770
7290015284646,false,ס.גוף אקולאב 500מל ס,א.ל. ארמן,,ס.גוף אקולאב 500מל ס. אגוזים אורגניקזון,מיליליטרים,500.00,"100 מ""ל",false,1,31.90,6.3800,true,1,49673
7290015284653,false,סבון ידיים אקולאב 50,א.ל. ארמן,,סבון ידיים אקולאב 500 מל אקולוגי אגוזים,מיליליטרים,500.00,"100 מ""ל",false,1,24.90,4.9800,true,1,49674
7290015284660,false,שמפו לאחר החלקה 500 מל,א.ל. ארמן,IL,שמפו אקולאב לשיער לאחר החלקה 500מל,מיליליטרים,500.00,"100 מ""ל",false,1,34.90,6.9800,true,1,18330
7290015284677,false,מרכך שיער שעבר החלקה ללא מלח אקולאב 500מ,א.ל. ארמן,IL,מרכך אקולאב לשיער לאחר החלקה 500מל,מיליליטרים,500.00,"100 מ""ל",false,1,34.90,6.9800,true,1,18331
7290015284684,false,מסכת שיער שעבר החלקה ללא מלח אקולאב 350מ,א.ל. ארמן,IL,מסכה אקולאב לשיער לאחר החלקה 350מל,מיליליטרים,350.00,"100 מ""ל",false,1,44.90,12.8286,true,1,18332
7290015293631,false,מסכה לשיער מתולתל יסמין ופרחי מ,פישר מעבדות פרמצבטיות בע,IL,מסכה לשיער מתולתל נטורל קר ורדים450מל,מיליליטרים,450.00,"100 מ""ל",false,1,29.90,6.6444,true,1,15583
7290015299008,false,כיסוי היגייני לאסלה,,CN,כיסוי אסלה 10 יחידות,יחידה,10.00,יחידה,false,1,15.90,1.5900,true,1,37451
7290015324007,false,פלפל שחור גרוס 80 גר' טעם וריח,"תבליני טעם וריח בע""מ",IL,פלפל שחור גרוס 80גר שקית,Unknown,0.00,Unknown,false,1,10.90,0.0000,true,1,11809
7290015324014,false,"פלפל שחור טחון בשקית 80 גרם ""טעם וריח""","תבליני טעם וריח בע""מ",IL,פלפל שחור טחון 80גר שקית,Unknown,0.00,Unknown,false,1,10.90,0.0000,true,1,11810
7290015324038,false,פפריקה מתוקה בשמן 100 גרם טעם וריח,"תבליני טעם וריח בע""מ",IL,פפריקה מתוקה בשמן 80גר שקית,Unknown,0.00,Unknown,false,1,6.50,0.0000,true,1,11811
7290015324045,false,תבלין פפריקה חריפה 80 גר' שק',"תבליני טעם וריח בע""מ",IL,פפריקה חריפה 80גר שקית,Unknown,0.00,Unknown,false,1,6.50,0.0000,true,1,11812
7290015324052,false,פפריקה מתוקה 80 גר' טעם וריח,"תבליני טעם וריח בע""מ",IL,פפריקה מתוקה 80גר שקית,Unknown,0.00,Unknown,false,1,6.50,0.0000,true,1,11813
7290015324069,false,גריל עוף 80 גר' טעם וריח,"תבליני טעם וריח בע""מ",IL,גריל עוף 80גר שקית,Unknown,0.00,Unknown,false,1,6.50,0.0000,true,1,11814
7290015324076,false,זעתר מעורב 80 גר' טעם וריח,"תבליני טעם וריח בע""מ",IL,זעתר 80גר שקית,Unknown,0.00,Unknown,false,1,6.50,0.0000,true,1,11815
7290015324083,false,מלח לימון 80 גר' טעם וריח,"תבליני טעם וריח בע""מ",IL,מלח לימון 80 גר שקית,Unknown,0.00,Unknown,false,1,6.50,0.0000,true,1,11816
7290015324090,false,כמון טחון 80 גר' טעם וריח,"תבליני טעם וריח בע""מ",IL,כמון טחון 80 גר שקית,Unknown,0.00,Unknown,false,1,6.50,0.0000,true,1,11817
7290015324106,false,כורכום טחון 80 גר' טעם וריח,"תבליני טעם וריח בע""מ",IL,כורכום טחון 80 גר שקית,Unknown,0.00,Unknown,false,1,6.50,0.0000,true,1,11818
7290015324113,false,טעם וריח בהרט שקית 8,"תבליני טעם וריח בע""מ",IL,תבלין בהרט 80 גר שקית,Unknown,0.00,Unknown,false,1,6.50,0.0000,true,1,11819
7290015324151,false,חוואיג' למרק 80 גר' טעם וריח,"תבליני טעם וריח בע""מ",IL,חוויג למרק 80 גר שקית,Unknown,0.00,Unknown,false,1,6.50,0.0000,true,1,11821
7290015324168,false,שק 80 גרם על האש ללא מונוסטדיום,"תבליני טעם וריח בע""מ",IL,תיבול על האש ללא מונסודיות80גר שקית,Unknown,0.00,Unknown,false,1,6.50,0.0000,true,1,11822
7290015324175,false,תיבול לשווארמה 80 גר' טעם וריח,"תבליני טעם וריח בע""מ",IL,תיבול לשוארמה ללא מונסודיות80גר שקית,Unknown,0.00,Unknown,false,1,6.50,0.0000,true,1,11823
7290015324281,false,"בצל מטוגן שקית 200 גרם""טעם וריח""",תות תעשיות מזון (201,NL,שבבי בצל מטוגן 200 גר,גרמים,200.00,100 גרם,false,1,9.90,4.9500,true,1,17827
7290015324519,false,תערובת לפיצה שקית 80 גרם,"תבליני טעם וריח בע""מ",IL,תערובת לפיצה שקית 80 גרם,Unknown,0.00,Unknown,false,1,6.50,0.0000,true,1,29777
7290015324526,false,תערובת תיבול לפרגיות 80 גרם,"תבליני טעם וריח בע""מ",IL,תערובת לפרגיות שקית 80 גרם,Unknown,0.00,Unknown,false,1,6.50,0.0000,true,1,29778
7290015324533,false,רוזמרין מיכל גדול 55 גרם,"תבליני טעם וריח בע""מ",IL,רוזמרין במיכל גדול 55 גר,Unknown,0.00,Unknown,false,1,9.90,0.0000,true,1,29779
7290015324540,false,טימין מיכל גדול 30 גרם,"תבליני טעם וריח בע""מ",IL,טימין מיכל גדול 30 גר,Unknown,0.00,Unknown,false,1,9.90,0.0000,true,1,29781
7290015324557,false,בהרט לבישול מיכל גדול 80 גרם,"תבליני טעם וריח בע""מ",IL,בהרט לבישול מיכל גדול 80 גרם,Unknown,0.00,Unknown,false,1,9.90,0.0000,true,1,29782
7290015324564,false,בכוסברה טחונה מיכל גדול 70 גרם,"תבליני טעם וריח בע""מ",IL,כוסברה טחונה במיכל גדול 70 גר,Unknown,0.00,Unknown,false,1,9.90,0.0000,true,1,29780
7290015324571,false,פפריקה מתוקה בשמן בסגנון מרוקאי 400 גרם,"תבליני טעם וריח בע""\מ",IL,פפריקה מתוקה בשמן מרוקאי 400 גר בקופסא,גרמים,400.00,100 גרם,false,1,15.90,3.9750,true,1,31798
7290015324595,false,פלפל שחור גרוס 400 גרם,,,פלפל שחור טחון גס400 גרם,גרמים,400.00,100 גרם,false,1,29.90,7.4750,true,1,34632
7290015324656,false,זעפרן ספרדי יחידה0.5,"תבליני טעם וריח בע""מ",ES,זעפרן ספרדי יחידה0.5 גר,Unknown,0.00,Unknown,false,1,19.90,0.0000,true,1,37943
7290015324663,false,צ'ילי גרוס חריף אש טעם ו,"תבליני טעם וריח בע""מ",IL,צילי גרוס חריף 70 גר מיכל גדול,גרמים,150.00,100 גרם,false,1,9.90,6.6000,true,1,36480
7290015324687,false,מטחנת לקט פלפל 50 ג' טעם וריח,קייפ הרב אנד ספייס,ZA,מטחנת לקט פלפלים 50 גרם,Unknown,0.00,Unknown,false,6,14.90,0.0000,true,1,49109
7290015324717,false,"מחית שום `טעם וריח, 210 גרם",ליני קאטייאמה פודסטאפס ב,CN,מחית שום טעם וריח 210 גרם צנצנת,גרמים,210.00,100 גרם,false,6,12.90,6.1429,true,1,48645
7290015324724,false,מחית צ`ילי חריף `טעם וריח' 230 גרם,ליני קאטייאמה פודסטאפס ב,CN,מחית צילי חריף טעם וריח 230 גרם צנצנת,גרמים,230.00,100 גרם,false,6,12.90,5.6087,true,1,48646
7290015324731,false,"מחית ג`ינג`ר `טעם וריח', 210 גרם",ליני קאטייאמה פודסטאפס ב,CN,מחית גינגר טעם וריח 210 גרם צנצנת,גרמים,210.00,100 גרם,false,6,12.90,6.1429,true,1,48648
7290015335607,false,מעדן ביו טבעי יוגאנט 150גרם,טרופיקל דגיל תעשיות,IL,מעדן ביו טבעי 150גר ללא סויה/חלב,גרמים,150.00,100 גרם,false,6,6.90,4.6000,true,1,37762
7290015335614,false,מעדן ביו עם תות 150 גרם,טרופיקל דגיל תעשיות,IL,מעדן ביו תות 150גרם ללא סויה/חלב,גרמים,150.00,100 גרם,false,6,6.90,4.6000,true,1,37763
7290015335638,false,מעד ביו דובדבן 150 גר,טרופיקל דגיל תעשיות,IL,מעדן ביו דובדבן 150גרם ללא סויה/חלב,גרמים,150.00,100 גרם,false,6,6.90,4.6000,true,1,37764
7290015335706,false,מעד ביו שוקולד 150 גר,,IL,מעדן ביו שוקולד 150גר ללא סויה/חלב,גרמים,150.00,100 גרם,false,6,6.90,4.6000,true,1,40022
7290015335720,false,מעדן ביו בטעם אננס 150 גר,,IL,מעדן ביו בטעם אננס 150גר ללא סויה/חלב,גרמים,150.00,100 גרם,false,6,6.90,4.6000,true,1,45719
7290015341516,false,עוגת קראנץ שמרים אנטיקוביץ 500 גרם,אנטיקביץ,IL,עוגת קראנץ בטעמים 600 ג אנטיקוביץ,גרמים,600.00,100 גרם,false,1,16.90,2.8167,true,1,24833
7290015341554,false,עוגת מאפינס בטעם שוק,,,עוגת מאפינס בטעם שוקולד אנטיקביץ 450 גרם,גרמים,450.00,100 גרם,false,1,16.90,3.7556,true,1,33835
7290015348072,false,"למברוסקו אדום 750 מ""ל ""אמיליאנו""",גאטטיקו איטליה,IL,יין למברסקו אמיליאנו אדום 750 מל,מיליליטרים,750.00,"100 מ""ל",false,1,35.00,4.6667,true,1,13122
7290015348089,false,"למברוסקו אדום ביאנקו 750 מ""ל ""אמיליאנו""",גאטטיקו איטליה,IL,יין למברסקו ביאנקו 750 מל,מיליליטרים,750.00,"100 מ""ל",false,1,35.00,4.6667,true,1,15751
7290015348096,false,"למברוסקו רוזה 750 מ""ל ""אמיליאנו""",גאטטיקו איטליה,IL,יין למברסקו אמיליאנו רוזה 750 מל,מיליליטרים,750.00,"100 מ""ל",false,1,35.00,4.6667,true,1,13121
7290015350143,false,יין אדום פרי ראן מר,סי.זי.איי.אס בעמ,IL,יין מרלו פרי סגל 750 מל,מיליליטרים,750.00,"100 מ""ל",false,1,60.00,8.0000,true,1,22942
7290015350150,false,"יין אדום חצי יבש סגל 750 מ""ל","כרמי צבי - אחים סגל בע""\",IL,יין סגל אדום 750 מל,מיליליטרים,750.00,"100 מ""ל",false,1,25.00,3.3333,true,1,33557
7290015350235,false,יין קברנה סובניון פר,,,יין קברנה סובניון פרי סגל 750 מל,מיליליטרים,750.00,"100 מ""ל",false,1,60.00,8.0000,true,1,27544
7290015350273,false,יין שרדונה פרי סגל 7,,,יין שרדונה פרי סגל 750 מל,מיליליטרים,750.00,"100 מ""ל",false,1,60.00,8.0000,true,1,27545
7290015350365,false,סופרייר קברנ.סוביניון750,יקבי ברקן,IL,יין סופרייר קברנה סוביניון 2014 750 מל,מיליליטרים,750.00,"100 מ""ל",false,1,190.00,25.3333,true,1,23484
7290015354899,false,חרדל דיז'ון מעודן 350 גרם,ריין דיז'ון reine dijon,FR,חרדל ריין דה דיזון מעודן350 ג,גרמים,350.00,100 גרם,false,1,12.90,3.6857,true,1,23227
7290015354905,false,חרדל דיזון בתוספת חזרת 370 גרם,ריין דיגון,FR,חרדל ריין דה דיזון עם חזרת 350 ג,גרמים,350.00,100 גרם,false,1,12.90,3.6857,true,1,23216
7290015366250,false,"סטייל - ספריי קרטין לשיער 120 מ""ל",א.ל. ארמן,IL,ספריי קרטין לשמירה על השיער 120מל,מיליליטרים,120.00,"100 מ""ל",false,1,44.90,37.4167,true,1,44686
7290015366335,false,זוג טבליות ספירה רפיל 60 לילות,זובלה,IT,זוג טבליות דוחה יתושים ספירה 60 לילות,Unknown,0.00,Unknown,false,1,16.90,0.0000,true,1,13262
7290015366342,false,ספירה - מילוי נוזלי להרחקת יתושים 2 יח',זובלה,IT,זוג נוזל דוחה יתושים ספירה 90 לילות,Unknown,0.00,Unknown,false,1,19.90,0.0000,true,1,13263
7290015366366,false,ספירה מכשיר 9 שעות + נוזל 90 לילות,זובלה,IT,מכשיר ספירה דוחה יתושים 8 שעות 90 לילות,Unknown,0.00,Unknown,false,1,34.90,0.0000,true,1,13264
7290015366373,false,ספירה אנתוש דוחה יתושים לילדים ותינוקות,סאסא קוסמטיקס,IL,דוחה יתושים ספירה אנתוש ילדים 50מל,Unknown,0.00,Unknown,false,1,12.90,0.0000,true,1,21987
7290015366380,false,ספירה אנתוש ספריי דוחה יתושים 70 מל,סאסא קוסמטיקס,IL,דוחה יתושים ספירה אנתוש ספריי 70מל,Unknown,0.00,Unknown,false,1,12.90,0.0000,true,1,21985
7290015366663,false,"משחת שיניים מנטה עדין אקווה פרש 100 מ""ל",גלקסוסמיתקליין,SK,מש.שיניים אקוה פרש עדין 100 מל,מיליליטרים,100.00,"100 מ""ל",false,1,7.90,7.9000,true,1,15332
7290015366670,false,משחת שיניים הגנה משולשת מנטה מרענן,גלקסוסמיתקליין,SK,מש.שיניים אקוה פרש מנטה 100 מל,מיליליטרים,100.00,"100 מ""ל",false,1,7.90,7.9000,true,1,15331
7290015395021,false,גרגירי גוגי 180 גרם בקופסא,"דין שיווק וקלייה בע""",,גרגירי גוגי ברי 180 גר בקופסא,גרמים,180.00,100 גרם,false,1,19.90,11.0556,true,1,12485
7290015395045,false,"קינואה בשקית שקדיה 400 גרם בד""ץ","שקדיה גבע תעשיות בע""",IL,קינואה שקדיה 400 גר,גרמים,400.00,100 גרם,false,1,10.90,2.7250,true,1,12978
7290015395892,false,ממרח פפריקה שקדיה 71,ליניטי קטיימה פודסטף,CN,ממרח פפריקה שקדיה 710 גרם,גרמים,400.00,100 גרם,false,12,18.90,4.7250,true,1,38458
7290015424882,false,פמינה מגבונים אינטימיים 20 יח TO GO,פמינה,IL,מגבונים אינטימיים פמינה טוגו חמוציות 20י,יחידה,20.00,יחידה,false,1,14.90,0.7450,true,1,21984
7290015437431,false,רכז רימונים 100% טבעי 420 גר,AROMA PRODUCT ITD,GE,רכז רימונים 100% טבעי 420גרם,גרמים,420.00,100 גרם,false,1,20.00,4.7619,true,1,16794
7290015437578,false,מוזלי קראנצ'י צימוק תפוח מיובש גרעיני חמנ' 600ג',ויטליה,MK,תערובת מוזלי קראנצי פירות וזרעים 600 גר,גרמים,600.00,100 גרם,false,10,13.90,2.3167,true,1,24271
7290015437585,false,מוזלי קראנצי בתוספת צימוק ושוקולד 600 גרם,ויטליה,MK,תערובת מוזלי קראנצי שוקולד בננה 600 גר,גרמים,600.00,100 גרם,false,10,13.90,2.3167,true,1,24272
7290015470094,false,טוסו שוקולד מריר תפוז ללא סוכר 100גרם,אלטינמארקה,TR,שוקולד מריר תפוז טוסו ללא סוכר 100 גר,גרמים,100.00,100 גרם,false,1,11.90,11.9000,true,1,16491
7290015470384,false,קרם ידיים מטפח אינטנסיב מועשר בשמן שקדים,אינטרקוסמא,IL,קרם ידיים פנגל מועשר בשמן שקדים 100מל,מיליליטרים,100.00,"100 מ""ל",false,1,12.90,12.9000,true,1,14286
7290015470391,false,קרם ידיים מועשר בשמן זית לעור רגיל עד יבש,אינטרקוסמא,IL,קרם ידיים פנגל מועשר בשמן זית 100מל,מיליליטרים,100.00,"100 מ""ל",false,1,12.90,12.9000,true,1,14287
7290015474290,false,מגרדת 4 דפנות קיטשיי,,,מגרדת 4 דפנות קיטשיינוואר פוד אפל,יחידה,1.00,יחידה,false,1,39.90,39.9000,true,1,45971
7290015596817,false,"ד""ר פישר - אפקטיב קר קרם גוף מועשר בשמן קוקוס 450 מ""ל",פישר מעבדות פרמצבטיות בע,IL,קרם גוף אפקטיב קר מועשר בשמן קוקוס 450מל,מיליליטרים,450.00,"100 מ""ל",false,1,21.90,4.8667,true,1,34075
7290015596831,false,"ד""ר פישר EFFECTIVE CARE קרם גוף בשמן אבוקדו 450 מ""ל",פישר מעבדות פרמצבטיות בע,IL,קרם גוף אפקטיב קר מועשר בשמן אבוקדו450מל,מיליליטרים,450.00,"100 מ""ל",false,1,21.90,4.8667,true,1,34076
7290015597210,false,מאגדת קורנטו פרווה 6 יח טבעוני 378 גר,"גלידת שטראוס בע""\מ, רחוב",IL,מאגדת טילון קורנטו טבעוני 6יח,יחידה,6.00,יחידה,false,1,34.90,5.8167,true,1,21607
7290015597326,false,מאגדת קרחוני אייס לייט 3 טעמים 260 גר,"גלידת שטראוס בע""\מ, רחוב",IL,מאגדת לייט קרחונים 10 יח,יחידה,10.00,יחידה,false,1,25.90,2.5900,true,1,14908
7290015599016,false,VEGA צהובה טבעונית עם זיתים 200 גרם,אריויה ס.א.,GR,צהובה טבעונית זיתים 200 גרם,גרמים,200.00,100 גרם,false,1,24.90,12.4500,true,1,13964
7290015599023,false,VEGA צהובה טבעונית בטעם קלאסי 200 גרם,וגה מוצרים טבעוניים VEGA,GR,צהובה טבעונית קלאסית 200 גרם,גרמים,200.00,100 גרם,false,1,24.90,12.4500,true,1,13965
7290015599030,false,VEGA צהובה טבעונית בטעם פיצה פפרוני 200 גרם,,GR,צהובה טבעונית פיצה פפרוני 200 גרם,גרמים,200.00,100 גרם,false,1,24.90,12.4500,true,1,13966
7290015599047,false,בלוק צהובה טבעונית לגירוד על פיצה 200 ג,המאפיה של הרמן,GR,צהובה טבעונית 200 גרם בלוק,גרמים,200.00,100 גרם,false,1,17.90,8.9500,true,1,13971
7290015599054,false,פרוסות צהובה טבעונית בטעם גבינת צ'דר,וגה מוצרים טבעוניים VEGA,GR,צהובה טבעונית בטעם צדר 200 גרם,גרמים,200.00,100 גרם,false,1,24.90,12.4500,true,1,13967
7290015599061,false,VEGA צהובה טבעונית בטעם מוצרלה 200 גרם,וגה מוצרים טבעוניים VEGA,GR,צהובה טבעונית בטעם מוצרלה 200 גרם,גרמים,200.00,100 גרם,false,1,24.90,12.4500,true,1,14136
7290015599078,false,פרוסות צהובה טבעונית בתוספת עשבי תיבול,וגה מוצרים טבעוניים VEGA,GR,צהובה טבעונית עשבי תיבול 200 גרם,גרמים,200.00,100 גרם,false,1,24.90,12.4500,true,1,13968
7290015599177,false,סירופ אורז מלא בתוספת 400WANNA BEE,סוזן ספשלטיס,US,סירופ אורז מלא 400גר בתוספת אגבה ומייפל,גרמים,400.00,100 גרם,false,13,26.90,6.7250,true,1,29248
7290015599191,false,VEGA ממרח טבעוני בסגנון גבינת שמנת בטעם קלאסי 170 גרם,ביוטי איילנד פודס בע,GB,ממרח טבעוני שמנת בטעם קלאסי 170 גר,גרמים,170.00,100 גרם,false,1,18.90,11.1176,true,1,17564
7290015599207,false,גבינת שמנת טבעונית בטעם צדר 170 גרם,ביוטי איילנד פודס בע,GB,ממרח טבעוני שמנת בטעם צדר 170גר,גרמים,170.00,100 גרם,false,1,18.90,11.1176,true,1,17566
7290015599214,false,שמרים יבש תוס.ויטמין110ג,רד סטאר וסט קומפני,US,שמרים יבשים בתוספת ויטמינים 110 גרם,גרמים,110.00,100 גרם,false,1,19.90,18.0909,true,1,14842
7290015599306,false,ממרח טבעוני בטעם שמנת עם עירית 170 גר,ביוטי איילנד פודס בע,GB,ממרח טבעוני שמנת עם עירית 170גר,גרמים,170.00,100 גרם,false,1,18.90,11.1176,true,1,17567
7290015599313,false,גבינת שמנת טבעונית עם בצל ירוק ופלפל,ביוטי איילנד פודס בע,GB,ממרח טבעוני שמנת עם בצל ירוק ופלפל 170גר,גרמים,170.00,100 גרם,false,1,18.90,11.1176,true,1,17565
7290015599504,false,VEGA ממרח בטעם חמאה אורגני 225 גרם,גוד פוד פרודקטס S.p,DK,ממרח בטעם חמאה אורגני 225 גרם,גרמים,225.00,100 גרם,false,24,17.90,7.9556,true,1,23549
7290015599702,false,ממרח טבעוני בבסגנון גבינת שמנת בטעם עזים - ללא גלוטן,ביוטי איילנד פודס בע,GB,ממרח טבעוני שמנת ללא גלוטן 170גר,גרמים,170.00,100 גרם,false,1,18.90,11.1176,true,1,33255
7290015599719,false,VEGA פרמזן טבעוני 150 גרם,המאפיה של הרמן,GR,תחליף פרמזן טבעוני 150 גרם,גרמים,150.00,100 גרם,false,11,24.90,16.6000,true,1,32803
7290015603188,false,אטריות ביצים 454ג' (כ) (fu),פוגיאן לונגהי אנלידה אינ,CN,אטריות ביצים 454 גר,גרמים,454.00,100 גרם,false,1,10.90,2.4009,true,1,14470
7290015603195,false,איטריות בתוספת תרד 454 גרם,פוגיאן לונגהי אנלידה אינ,CN,אטריות תרד 454 ג,גרמים,454.00,100 גרם,false,1,10.90,2.4009,true,1,13615
7290015603201,false,אטריות מחיטה מלאה 454ג' (כ) (fu),קסמיאן קסינגשנג פודסטטפס,CN,אטריות מחיטה מלאה 454 גר,גרמים,454.00,100 גרם,false,1,10.90,2.4009,true,1,14045
7290015603218,false,אטריות עם עגבניה מזרח מערב 454 גרם,פוגקן לונגהי אנלידה,CN,אטריות עם גבינה 454 ג,גרמים,454.00,100 גרם,false,1,10.90,2.4009,true,1,16745
7290015603225,false,איטריות בתוספת גזר 454 גרם,פוגקן לונגהי אנלידה,CN,אטריות עם גזר 454 ג,גרמים,454.00,100 גרם,false,1,10.90,2.4009,true,1,16743
7290015603232,false,איטריות בתוספת דלעת 454 גרם,פוגקן לונגהי אנלידה,CN,אטריות עם דלעת 454 ג,גרמים,454.00,100 גרם,false,1,10.90,2.4009,true,1,16744
7290015603522,false,"נוזל אגוזי קוקוס 5%-7% 400 מ""ל",אסי אטיק גרו אינדוסט,TH,נוזל אגוזי קוקוס5-7%אסיאטיק400מל,מיליליטרים,400.00,"100 מ""ל",false,1,6.90,1.7250,true,1,14468
7290015603546,false,"שימורי קרם קוקוס 17-19% 400 מ""ל (ASIATIC)(כ)",אסיאטיק אגרו אינדסטר,TH,קרם קוקוס 17-19% 400 מל אסיאטיק,מיליליטרים,400.00,"100 מ""ל",false,1,8.90,2.2250,true,1,22623
7290015603560,false,"שימורי קרם קוקוס 20-22% 400 מ""ל (ASIATIC)(כ)",אסיאטיק אגרו אינדוסטרי,TH,שימורי קרם קוקוס20-22%אסיאטיק400מל,גרמים,400.00,100 גרם,false,1,9.90,2.4750,true,1,14469
7290015603584,false,ג'ינגר לבן כבוש ללא מונוסודיום 190 גרם (כ),לאיווי איפנג פודס קו,CN,גינגר לבן כבוש 160 גר ללא מונוסדיום,גרמים,160.00,100 גרם,false,1,7.90,4.9375,true,1,15269
7290015603591,false,גינגר ורוד כבוש ללא מונוסודיום 160 גרם,ננטונג הידה אקוטיק פ,CN,גינגר ורוד כבוש 160 גר ללא מונוסדיום,גרמים,160.00,100 גרם,false,1,7.90,4.9375,true,1,19727
7290015603638,false,"אורז קלרוז 1 ק""ג (כ) (Minh)",מינה פונג גרין אגריק,VN,אורז עגול קרלוז 1 קג,קילוגרמים,1.00,"ק""ג",false,1,13.90,13.9000,true,1,14864
7290015603898,false,חטיף אפונה בוואסבי 100 גר מזרח ומערב,סוזו יואי פודס אל טי,CN,חטיף אפונה וואסבי 100 גרם,גרמים,100.00,100 גרם,false,1,9.90,9.9000,true,1,36398
7290015652070,false,קשוי קלוי בשקית ששון הקולה 150 גרם,"דין שיווק וקלייה בע""",IL,קשיו קלוי 150 גר,גרמים,150.00,100 גרם,false,1,12.90,8.6000,true,1,15674
7290015652087,false,תערובת פיצוחים בשקית ששון הקולה 150 גרם,דין שיווק,IL,תערובת פיצוחים קלויים 150 גר,גרמים,150.00,100 גרם,false,1,12.90,8.6000,true,1,15675
7290015652254,false,גרעיני חמניה קלויים 400 גרם ששון הקלה,"דין שיווק וקלייה בע""",IL,גרעיני חמניה קלויים 400 גר מחיר מוטבע,גרמים,400.00,100 גרם,false,1,10.00,2.5000,true,1,13669
7290015652261,false,בוטנים קלויים ששון הקולה 350 גרם,"דין שיווק וקלייה בע""",IL,בוטנים קלויים 300 גרם מחיר מוטבע,גרמים,300.00,100 גרם,false,1,10.00,3.3333,true,1,13668
7290015652278,false,תערובת פיצוחים ששון הקולה 300 גרם,"דין שיווק וקלייה בע""",IL,תערובת פיצוחים 250 ג מחיר מוטבע,גרמים,250.00,100 גרם,false,1,20.00,8.0000,true,1,13672
7290015652285,false,אגוזים קלופים ששון הקולה 250 גרם,"שקדיה גבע תעשיות בע""",IL,אגוזים קלופים 250 גר מחיר מוטבע,גרמים,250.00,100 גרם,false,1,20.00,8.0000,true,1,13673
7290015652292,false,קבוקים עם שומשום ששון הקולה 400 גרם,"דין שיווק וקלייה בע""",IL,קבוקים עם שומשום 500גר מחיר מוטבע,גרמים,400.00,100 גרם,false,1,10.00,2.5000,true,1,13667
7290015652308,false,מנצ'ס ששון הקולה 400 גרם,"דין שיווק וקלייה בע""",,תערובת מנצס 300 גרם מחיר מוטבע,גרמים,300.00,100 גרם,false,1,10.00,3.3333,true,1,13670
7290015652315,false,חמוציות מסוכרות ששון הקולה 300 גרם,"דין שיווק וקלייה בע""",IL,חמוציות מסוכרות 300 גרם מחיר מוטבע,גרמים,300.00,100 גרם,false,1,10.00,3.3333,true,1,13671
7290015652322,false,בוטנים אמריקאיים מצופים 400 גר ששון הקלה,"דין שיווק וקלייה בע""",IL,בוטנים אמריקאים 500 גר מחיר מוטבע,גרמים,400.00,100 גרם,false,1,10.00,2.5000,true,1,13666
7290015652407,false,פיסטוק קלוי ששון הקולה 250 גרם,"דין שיווק וקלייה בע""",IL,פיסטוק קלוי 250 גרם מחיר מוטבע,גרמים,250.00,100 גרם,false,1,20.00,8.0000,true,1,15194
7290015652513,false,תערובת תבלינים לסטייק ובשרים על האש,"דין שיווק וקליה בע""מ",IL,תערובת לסטייק אהרוני 150ג,גרמים,150.00,100 גרם,false,1,10.90,7.2667,true,1,28449
7290015652520,false,"תערובת השף עשבי תיבול ושום לתיבול דגים, עופות, מאפים ועוד","דין שיווק וקליה בע""מ",IL,תערובת השף אהרוני 70 ג,Unknown,0.00,Unknown,false,1,10.90,0.0000,true,1,28448
7290015652537,false,"תערובת תיבול פלפל, לימון פרסי ושום לבשר ותבשילים","דין שיווק וקליה בע""מ",IL,תערובת פלפל לימון פרסי ושום אהרוני 130 ג,גרמים,130.00,100 גרם,false,1,10.90,8.3846,true,1,28445
7290015652551,false,תערובת תיבול זעתר ושומשום בלדי,"נווה התבלין בע""מ",IL,תערובת זעתר בלדי אהרוני 150 גרם,גרמים,150.00,100 גרם,false,1,10.90,7.2667,true,1,28442
7290015652568,false,אהרוני עשבי טיבול לדגים 70 גר,"דין שיווק וקליה בע""מ",IL,תערובת עשבי תיבול לדג אהרוני 150 גרם,Unknown,0.00,Unknown,false,1,10.90,0.0000,true,1,28444
7290015652575,false,תבלין ראס אל חנות 150 גרם - אהרוני,"דין שיווק וקליה בע""מ",IL,תערובת ראס אל חנות אהרוני 150 ג,גרמים,150.00,100 גרם,false,1,10.90,7.2667,true,1,28447
7290015652582,false,חריימה דג אהרוני 150 גרם,"דין שיווק וקליה בע""מ",IL,תערובת חריימה לדג אהרוני 150 גרם,גרמים,150.00,100 גרם,false,1,10.90,7.2667,true,1,28443
7290015652599,false,תערובת מתובלת להכנת צלי בקר,"דין שיווק וקליה בע""מ",IL,תערובת צלי בקר אהרוני 120 ג,גרמים,120.00,100 גרם,false,1,10.90,9.0833,true,1,28446
7290015652605,false,פיסטוק קלוף השף 100 גרם,"דין שיווק וקלייה בע""",IL,פיסטוק קלוף טבעי השף 100 גרם,גרמים,100.00,100 גרם,false,1,20.00,20.0000,true,1,14901
7290015662031,false,ספירולינה טריה simpli good 140 גרם,"אלגמור בע""מ",IL,ספירולינה טריה 140גר בהקפאה סימפליגוד,גרמים,140.00,100 גרם,false,1,44.90,32.0714,true,1,34322
7290015663052,false,מרק כפרי ביתי 400 גרם JEREMY GOURMET,נווה התבלין,IL,תערובת מרק בריאות400 גר,גרמים,400.00,100 גרם,false,1,23.50,5.8750,true,1,12744
7290015673013,false,טחון מהצומח צליה גריל500,טבע דלי בעמ,IL,טחון לצלייה על הגריל 500 גרם ליב,גרמים,500.00,100 גרם,false,6,25.90,5.1800,true,1,13979
7290015673150,false,קציצות אוקרה ברוקולי וציה 400 גר,ליב,,אוקרה קציצות ברוקולי 400 גרם,גרמים,400.00,100 גרם,false,6,25.90,6.4750,true,1,15609
7290015673167,false,קציצות אוקרה עם פטרי,ליב,,אוקרה קציצות פטריות וציה 400 גרם,גרמים,400.00,100 גרם,false,6,25.90,6.4750,true,1,15611
7290015673181,false,המבורגר קליפורניה קלאסי עם ברוקולי טבע,טבע דלי,IL,בורגר קליפורניה על האש עם ברוקולי 400גרם,גרמים,400.00,100 גרם,false,6,25.90,6.4750,true,1,15606
7290015673198,false,המבורגר טקסס עם פטריות טבע דלי 400 גרם,טבע דלי בעמ,IL,בורגר טקסס על האש עם פטריות 400גרם,גרמים,400.00,100 גרם,false,6,25.90,6.4750,true,1,15607
7290015673204,false,קבב מהצומח עם פטרוזיליה 400 גר,טבע דלי בעמ,IL,קבב בולגרי טבעוני עם פטרוזיליה 400גר,גרמים,400.00,100 גרם,false,6,25.90,6.4750,true,1,15608
7290015673211,false,טחון מהצומח להכנת בולונז קפוא 500 גר,טבע דלי,IL,טחון מהצומח לבולונז 500 גר ליב,גרמים,500.00,100 גרם,false,6,25.90,5.1800,true,1,20548
7290015673280,false,סייטן עדשים וקינואה קפוא 500 גר,טבע דלי,IL,סייטן עדשים וקינואה קפוא 500 גרם טבע דלי,גרמים,500.00,100 גרם,false,1,17.90,3.5800,true,1,17367
7290015673464,false,שווארמה מן הצומח קפוא 400 גר,טבע דלי,IL,שווארמה מן הצומח 400גר קפוא ליב,גרמים,400.00,100 גרם,false,1,25.90,6.4750,true,1,22561
7290015673570,false,קריספי טופו-נגיסי טופו מוכנים לאכילה,טבע דלי,IL,נגיסי טופו מוכנים 350גר קריספי טופו,גרמים,350.00,100 גרם,false,6,26.90,7.6857,true,1,25674
7290015673594,false,קריספי טופו. נגיסי טופו ברוטב בוטנים וקארי,טבע דלי,IL,נגיסי טופו ברוטב בוטנים350גר קריספי טופו,גרמים,350.00,100 גרם,false,6,26.90,7.6857,true,1,25676
7290015673617,false,כדורי בשר ללא בשר 400 גרם,ליב,IL,כדורי בשר ללא בשר 400גר טבע דלי,גרמים,400.00,100 גרם,false,6,25.90,6.4750,true,1,35181
7290015673662,false,שניצלוני טופו טבע דלי 400 גר,טבע דלי,IL,שניצלוני טופו 400גר ליב,גרמים,400.00,100 גרם,false,10,29.90,7.4750,true,1,29463
7290015695800,false,נבטי ברוקולי אורגני יח,הנבטים של אודי,IL,נבטי ברוקולי אורגני,Unknown,0.00,Unknown,false,1,10.90,0.0000,true,1,16390
7290015695817,false,נבטי קייל אורגני,הנבטים של אודי,IL,נבטי קייל אורגני,Unknown,0.00,Unknown,false,1,10.90,0.0000,true,1,16391
7290015695824,false,נבטי חרדל אורגני יח,הנבטים של אודי,IL,נבטי חרדל אורגני,Unknown,0.00,Unknown,false,1,10.90,0.0000,true,1,16392
7290015695831,false,נבטי צנונית אורגני יח,הנבטים של אודי,IL,נבטי צנונית אורגני,Unknown,0.00,Unknown,false,1,10.90,0.0000,true,1,16393
7290015695848,false,נבטי אלפלפא אורגני,אודי,IL,נבטי אלפלפא אורגני,Unknown,0.00,Unknown,false,1,10.90,0.0000,true,1,16394
7290015695855,false,נבטי חמניה אורגני,הנבטים של אודי,IL,נבטי חמניה אורגני,Unknown,0.00,Unknown,false,1,10.90,0.0000,true,1,16395
7290015695879,false,עשב חיטה אורגני יח,אודי,IL,עשב חיטה אורגני,Unknown,0.00,Unknown,false,1,10.90,0.0000,true,1,16396
7290015695916,false,מיקס נבטים ענק אורגני יח,הנבטים של אודי,IL,מיקס נבטים ענק אורגני,Unknown,0.00,Unknown,false,1,20.00,0.0000,true,1,16399
7290015695923,false,נבטים סינים אורגנים,מושב אחיטוב,IL,נבטים סיניים אורגני,Unknown,0.00,Unknown,false,1,10.90,0.0000,true,1,16400
7290015695947,false,נבטי אפונה ירוקה לסל,הנבטים של אודי,IL,נבטי אפונה ירוקה לסלט אורגני,Unknown,0.00,Unknown,false,1,10.90,0.0000,true,1,18384
7290015695961,false,מיקס עלי בייבי אורגנ,,,מיקס עלי בייבי אורגני,Unknown,0.00,Unknown,false,1,11.90,0.0000,true,1,20170
7290015695978,false,פטריות שיטאקי אורגני,חקלאי,IL,פטריות שיטאקי אורגניות,Unknown,0.00,Unknown,false,1,20.00,0.0000,true,1,23129
7290015699730,false,סבון דה מארסיי יעקבי 1.5 ליטר *חדש-,יעקובי הפי,BE,נוזל לשטיפת רצפות הפי 1.5 ליטר,ליטרים,1.50,ליטר,false,1,14.90,9.9333,true,1,15424
7290015733168,false,מטרנה גולד שלב שלוש 700 ג',מטרנה תעשיות ש.מ,IL,מטרנה גולד שלב 3 700 גר,גרמים,700.00,100 גרם,false,1,79.90,11.4143,true,1,22405
7290015733427,false,מטרנה דייסת גם וגם וניל פרו12*300ג 2019,מולינו ניקולי s.p.a,IL,דייסת מטרנה גם וגם וניל פרו 300 גר,גרמים,300.00,100 גרם,false,1,21.90,7.3000,true,1,31306
7290015733441,false,מטרנה דייסת גם וגם דגנים פרו 300 גר',מטרנה תעשיות ש.מ,IL,דייסת מטרנה גם וגם דגנים פרו 300 גר,גרמים,300.00,100 גרם,false,1,21.90,7.3000,true,1,31307
7290015733465,false,דייסת מטרנה גם וגם קרנפלור פרו 300 גרם,מטרנה תעשיות ש.מ,IL,דייסת מטרנה גם וגם קרנפ פרו 300 גר,גרמים,300.00,100 גרם,false,1,21.90,7.3000,true,1,31308
7290015733977,false,תרכובת מזון קומפורט על בסיס חלבי דל לקטוז,מטרנה תעשיות ש.מ.,IL,מטרנה קומפורט 700 גר,גרמים,700.00,100 גרם,false,1,76.90,10.9857,true,1,38088
7290015759007,false,נר נשמה 24 שעות פח כ,,,נר נשמה 24 שעות פח כתר,Unknown,0.00,Unknown,false,1,2.50,0.0000,true,1,36040
7290015777148,false,יין מרלו סיקרא קלו ד,,,יין מרלו סיקרה 2013 קלו דה גת 750מל פקדו,מיליליטרים,750.00,"100 מ""ל",false,1,225.00,30.0000,true,1,22358
7290015781008,false,"יין VISION מרלו אדום טפרברג 750 מ""ל","יקב טפרברג 1870 בע""מ",IL,יין מרלו ויזן 750 מל פקדון,מיליליטרים,750.00,"100 מ""ל",false,1,40.00,5.3333,true,1,13841
7290015781015,false,"יין VISION מלבק טפרברג 750 מ""ל","יקב טפרברג 1870 בע""מ",IL,יין מלבק ויזן 750 מל פקדון,מיליליטרים,750.00,"100 מ""ל",false,1,40.00,5.3333,true,1,13839
7290015781046,false,"יין VISION לבן חצי יבש טפרברג 750 מ""ל","יקב טפרברג 1870 בע""מ",IL,יין לבן חצי יבש 750 מל פקדון,מיליליטרים,750.00,"100 מ""ל",false,1,40.00,5.3333,true,1,13844
7290015781053,false,"יין VISION לבן יבש טפרברג 750 מ""ל","יקב טפרברג 1870 בע""מ",IL,יין לבן יבש 750 מל פקדון,מיליליטרים,750.00,"100 מ""ל",false,1,40.00,5.3333,true,1,13845
7290015781091,false,"יין VISION קברנה סוביניון טפרברג 750 מ""ל","יקב טפרברג 1870 בע""מ",IL,יין קברנה סובניון ויזן 750 מל פקדון,מיליליטרים,750.00,"100 מ""ל",false,1,40.00,5.3333,true,1,13842
7290015781107,false,"סנגובזה אימפרשיאון 750 מ""ל","יקב טפרברג 1870 בע""מ",IL,יין סנגובזה אימפרשיין 750 מל,מיליליטרים,750.00,"100 מ""ל",false,1,45.00,6.0000,true,1,13850
7290015781114,false,"יין IMPRESSION מרלו טפרברג 750 מ""ל","יקב טפרברג 1870 בע""מ",IL,יין מרלו אימפרשיין 750 מל,מיליליטרים,750.00,"100 מ""ל",false,1,45.00,6.0000,true,1,13848
7290015781121,false,"יין IMPRESSION קברנה סוביניון יבש טפרברג 750 מ""ל","יקב טפרברג 1870 בע""מ",IL,יין קברנה סובניון אימפרשיין 750 מל,מיליליטרים,750.00,"100 מ""ל",false,1,45.00,6.0000,true,1,13851
7290015781138,false,"שרדונה אימפרשיאון 750 מ""ל","יקב טפרברג 1870 בע""מ",IL,יין שרדונה אימפרשיין 750,מיליליטרים,750.00,"100 מ""ל",false,1,45.00,6.0000,true,1,13854
7290015781145,false,ריזלינג בציר מאוחר אימפרשן 500 מ''ל,"יקב טפרברג 1870 בע""מ",IL,יין ריזלינג יין לבן אימפרשיין 750,מיליליטרים,750.00,"100 מ""ל",false,1,45.00,6.0000,true,1,13853
7290015781169,false,"יין IMPRESSION קברנה סוביניון חצי יבש טפרברג 750 מ""ל","יקב טפרברג 1870 בע""מ",IL,יין קברנה סובניון חצי יבש אימפרשיין 750,מיליליטרים,750.00,"100 מ""ל",false,1,45.00,6.0000,true,1,13852
7290015781220,false,"INSPIRE דבוקי -גוורצטרמינר 750 מ""ל 2021",יקב טפרברג 1870,,יין בלנד לבן חדש אינספייר 750 מל,מיליליטרים,750.00,"100 מ""ל",false,1,60.00,8.0000,true,1,13859
7290015781237,false,יין INSPIRE FEMITAGE גוורצטרמינר 750 מל,יקב טפרברג 1870,IL,יין בלנד לבן אינספייר 750 מל,מיליליטרים,750.00,"100 מ""ל",false,1,60.00,8.0000,true,1,13860
7290015781282,false,"יין IMPRESSION גוורצטרמינר טפרברג 750 מ""ל",יקב טפרברג 1870,IL,יין גוורצטרמינר אימפרשיין 750,מיליליטרים,750.00,"100 מ""ל",false,1,45.00,6.0000,true,1,13855
7290015781299,false,"יין VISION שיראז אדום טפרברג 750 מ""ל","יקב טפרברג 1870 בע""מ",IL,יין שיראז ויזן 750 מל פקדון,מיליליטרים,750.00,"100 מ""ל",false,1,40.00,5.3333,true,1,13843
7290015781305,false,"יין אימפרשן סירה 750 מ""ל","יקב טפרברג 1870 בע""מ",IL,יין סירה אימפרשיין 750 מל,מיליליטרים,750.00,"100 מ""ל",false,1,45.00,6.0000,true,1,13849
7290015781688,false,יין פינו גרי אסנס 20,יקב טפרברג 1870,,יין פינו גרי אסנס 2016 750 מל,מיליליטרים,750.00,"100 מ""ל",false,1,75.00,10.0000,true,1,22687
7290015781718,false,יין שרדונה אסנס 2016,יקב טפרברג 1870,,יין שרדונה אסנס 2016 750 מל,מיליליטרים,750.00,"100 מ""ל",false,1,65.00,8.6667,true,1,19201
7290015781862,false,"יין ESSENCE רוזה 2017 750 מ""ל",יקב טפרברג 1870,,יין רוזה אסנס 2017 750 מל,מיליליטרים,750.00,"100 מ""ל",false,1,75.00,10.0000,true,1,22686
7290015781879,false,יין מרלו אסנס 2016 7,יקב טפרברג 1870,,יין מרלו אסנס 2016 750 מל,מיליליטרים,750.00,"100 מ""ל",false,1,115.00,15.3333,true,1,30388
7290015781886,false,יין מלבק סנס 750 מל,טפרברג,,יין מלבק סנס 750 מל,מיליליטרים,750.00,"100 מ""ל",false,1,115.00,15.3333,true,1,25652
7290015839013,false,שטרודל במילוי גבינה500ג,"נתי שטרודל וינאי בע""מ",IL,שטרודל גבינה קפוא,גרמים,500.00,100 גרם,false,1,26.90,5.3800,true,1,12885
7290015839020,false,שטרודל במילוי פרג 500 גר,"נתי שטרודל וינאי בע""מ",IL,שטרודל פרג קפוא,גרמים,500.00,100 גרם,false,1,26.90,5.3800,true,1,12886
7290015839051,false,"שטרודל תפוחים ללת""ס 500","נתי שטרודל וינאי בע""מ",IL,שטרודל תפוחי עץ קפוא ללא סוכר 500גר,גרמים,500.00,100 גרם,false,1,26.90,5.3800,true,1,36059
7290015839068,false,"שטרודל פרג ללת""ס 500 גרם","נתי שטרודל וינאי בע""מ",IL,שטרודל פרג קפוא ללא סוכר 500גר,גרמים,500.00,100 גרם,false,1,26.90,5.3800,true,1,36061
7290015839075,false,"שטרודל גבינה ללת""ס 500 ג","נתי שטרודל וינאי בע""מ",IL,שטרודל גבינה קפוא ללא סוכר 500גר,גרמים,500.00,100 גרם,false,1,26.90,5.3800,true,1,36060
7290015839082,false,שטרודל במילוי גב.אכמניות,"נתי שטרודל וינאי בע""מ",IL,שטרודל גבינה אוכמניות קפוא 500גר,גרמים,500.00,100 גרם,false,1,26.90,5.3800,true,1,36062
7290015839099,false,שטרודל במילוי גבינה שוקו,"נתי שטרודל וינאי בע""מ",IL,שטרודל גבינה שוקו קפוא 500גר,גרמים,500.00,100 גרם,false,1,26.90,5.3800,true,1,36063
7290015839105,false,"שטרודל ממולא תפו""א ובטטה","נתי שטרודל וינאי בע""מ",IL,שטרודל בטטה ותפוח אדמה קפוא 500גר,גרמים,500.00,100 גרם,false,1,26.90,5.3800,true,1,36064
7290015848862,false,"ד""ר פישר - אולטרסול תחליב 250 מ""ל 50SPF",פישר מעבדות פרמצבטיות בע,IL,תחליב הגנה אולטרסול 50 250מל,מיליליטרים,250.00,"100 מ""ל",false,1,64.90,25.9600,true,1,15740
7290015848893,false,תחליב הגנה אולטרסול,פישר תעשיות,,תחליב הגנה אולטרסול קידס 30 125מל,מיליליטרים,125.00,"100 מ""ל",false,1,31.90,25.5200,true,1,18172
7290015848916,false,תחליב הגנה אולטרסול,פישר מעבדות פרמצבטיות בע,IL,תחליב הגנה אולטרסול 30 125מל,מיליליטרים,125.00,"100 מ""ל",false,1,29.90,23.9200,true,1,18171
7290015848961,false,אולטרסול קרם פנים 50+/75,פישר מעבדות פרמצבטיות בע,IL,קרם הגנה אולטרסול לפנים 50 75 מל,מיליליטרים,75.00,"100 מ""ל",false,1,49.90,66.5333,true,1,15733
7290015848985,false,אולטרסול קרם פנים קידס 75/+50,פישר מעבדות פרמצבטיות בע,IL,קרם הגנה אולטרסול קידס לפנים 50 75 מל,מיליליטרים,75.00,"100 מ""ל",false,1,49.90,66.5333,true,1,21285
7290015855013,false,פלפלים מתוקים בצבעים,,,פלפל טינקרבל יח,Unknown,0.00,Unknown,false,1,10.00,0.0000,true,1,14828
7290015855037,false,פלפל צילי חריף,,,פלפל צילי חריף,Unknown,0.00,Unknown,false,1,8.00,0.0000,true,1,15665
7290015855051,false,מלפפון מיני ארוז א.אדמה,,,מלפפון טעם של פעם יח,Unknown,0.00,Unknown,false,1,10.00,0.0000,true,1,17157
7290015855129,false,כרוב קייל רעננים,רעננים,,כרוב קייל,Unknown,0.00,Unknown,false,1,12.00,0.0000,true,1,14504
7290015855143,false,שיני שום קלופות בנספ,,,שיני שום קלופות בנספק,Unknown,0.00,Unknown,false,1,12.00,0.0000,true,1,14213
7290015855228,false,אספרגוס א.אדמה,אדמה,,אספרגוס יחידה,Unknown,0.00,Unknown,false,1,25.00,0.0000,true,1,14863
7290015855273,false,בזיליקום מארז גדול א.אדמה,,,בזיליקום מארז גדול,Unknown,0.00,Unknown,false,1,9.90,0.0000,true,1,49127
7290015855686,false,שעועית ירוקה טריה במ,,,שעועית ירוקה טריה במגש,Unknown,0.00,Unknown,false,1,9.90,0.0000,true,1,51697
7290015855693,true,רשאד ארוז א.אדמה,,,רשאד ארוז א.אדמה,Unknown,0.00,Unknown,false,1,4.90,0.0000,true,1,51929
7290015855945,true,חסה עגולה במגשית א.א,,,חסה עגולה במגשית א.אדמה,Unknown,0.00,Unknown,false,1,6.90,0.0000,true,1,51930
7290015858106,false,"ממרח פסטו ביתי 180 גרם ""עללחם""","מדשא תעשיות מזון בע""\מ",IL,ממרח פסטו ביתי 180גרם על לחם,גרמים,180.00,100 גרם,false,12,16.90,9.3889,true,1,28273
7290015858113,false,"ממרח עגבניות מיובשות 180 גרם ""טריטרי""","מדשא תעשיות מזון בע""\מ",IL,ממרח עגבניות מיובשות 180גרם על לחם,גרמים,180.00,100 גרם,false,12,16.90,9.3889,true,1,28278
7290015858144,false,ממרח ארטישוק עללחם 180 גרם,"מדשא תעשיות מזון בע""\מ",IL,ממרח ארטישוק 180גרם על לחם,גרמים,180.00,100 גרם,false,12,16.90,9.3889,true,1,28272
7290015858151,false,ממרח שום 180 גרם עללחם בית יוסף,מדשא תעשיות מזון בעמ,IL,ממרח שום 180גרם על לחם,גרמים,180.00,100 גרם,false,12,16.90,9.3889,true,1,38361
7290015858229,false,"טפנד זיתי קלמטה 180 גרם ""עללחם""","מדשא תעשיות מזון בע""\מ",IL,ממרח טפנד זיתי קלמנטה 180גרם על לחם,גרמים,180.00,100 גרם,false,12,16.90,9.3889,true,1,28274
7290015858243,false,ממרח צימיצורי עללחם 180 גרם,"מדשא תעשיות מזון בע""\מ",IL,ממרח צימצורי 180גרם על לחם,גרמים,180.00,100 גרם,false,12,16.90,9.3889,true,1,28275
7290015858328,false,עללחם ממרח איולי פסטו 295 גרם,"מדשא תעשיות מזון בע""\מ",IL,ממרח פסטו עללחם 295 גרם,גרמים,295.00,100 גרם,false,6,16.90,5.7288,true,1,51132
7290015858427,false,שלישיית ממרחים שמאפשרת לגוון עללחם 240 גרם,מדשא תעשיות מזון,IL,מארז 3יח ממרחי על הלחם 80גר,גרמים,240.00,100 גרם,false,1,21.90,9.1250,true,1,49857
7290015858441,false,עללחם ממרח איולי פלפלים 295 גרם,"מדשא תעשיות מזון בע""\מ",IL,ממרח עללחם אולי פלפלים 295 גרם,גרמים,295.00,100 גרם,false,6,16.90,5.7288,true,1,51133
7290015858687,false,עללחם ממרח איולי שום 295 גרם,"מדשא תעשיות מזון בע""\מ",IL,ממרח עללחם אולי שום 295 גרם,גרמים,295.00,100 גרם,false,6,16.90,5.7288,true,1,51134
7290015858694,false,עללחם ממרח איולי שום לימון 295 גרם,"מדשא תעשיות מזון בע""\מ",IL,ממרח עללחם אולי שום לימון 295 גרם,גרמים,295.00,100 גרם,false,6,16.90,5.7288,true,1,51130
7290015865692,false,תענוג פרי תות שדה 400 גר,קריות זול,IL,קונפיטורה תות שדה ענבי ציון 400 גרם,גרמים,400.00,100 גרם,false,6,17.90,4.4750,true,1,46524
7290015865708,false,תענוג פרי אוכמניות 400 ג,קריות זול,IL,קונפיטורה אוכמניות ענבי ציון 400 גרם,גרמים,400.00,100 גרם,false,6,17.90,4.4750,true,1,46525
7290015865715,false,תענוג פרי פירות יער400ג,קריות זול,IL,קונפיטורה פירות יער ענבי ציון 400 גרם,גרמים,400.00,100 גרם,false,6,17.90,4.4750,true,1,46526
7290015865722,false,קונפיטורת תות שדה לייט 400 גרם,ענבי ציון,IL,קונפיטורה תות שדה לייט ענבי ציון 400 גרם,גרמים,400.00,100 גרם,false,6,19.90,4.9750,true,1,46586
7290015865739,false,קונפיטורת אוכמניות לייט 400 גר,ענבי ציון,IL,קונפיטורה אוכמניות לייט ענבי ציון 400 גר,גרמים,400.00,100 גרם,false,6,19.90,4.9750,true,1,46587
7290015865746,false,קונפיטורת פירות יער לייט 400 ג,ענבי ציון,IL,קונפיטורה פירות יער לייט ענבי ציון400גרם,גרמים,400.00,100 גרם,false,6,19.90,4.9750,true,1,46588
7290015888028,false,שוקחה אורז בסמתי ריה,ציימן לאל סטיה,,אורז בסמטי מיתאס 1 קג,קילוגרמים,1.00,"ק""ג",false,1,11.90,11.9000,true,1,18102
7290015888196,false,שמן חמניות שוקחה 1 ל,"אל אל סי ""בונגי סי א",RU,שמן חמניות 1 ל,ליטרים,1.00,ליטר,false,1,12.90,12.9000,true,1,19805
7290015888325,false,חומוס ענק שוקחה 1 קג,סוגת תעשיות בעמ,,חומוס ענק שוקחה 1 קג,קילוגרמים,1.00,"ק""ג",false,1,14.90,14.9000,true,1,25783
7290015888387,false,שוקחה פול מצרי 400 ג,,TR,פול מצרי 400 גרם,גרמים,400.00,100 גרם,false,2400,4.50,1.1250,true,1,33312
7290015951159,false,"יין ירדן פינו רגי 2021 750 מ""ל",יקבי רמת הגולן,,יין ירדן פינו גרי 2016 750 מל,מיליליטרים,750.00,"100 מ""ל",false,1,75.00,10.0000,true,1,18936
7290015951616,false,"יין סנגובזה גמלא 2019 750 מ""ל",יקבי רמת הגולן,,יין גמלא סנגובזה 2015 750 מל פקדון,מיליליטרים,750.00,"100 מ""ל",false,1,60.00,8.0000,true,1,19736
7290015951760,false,יין ירדן סירה בראון,ירדן,IL,יין ירדן סירה בראון עברית 750 מל,מיליליטרים,750.00,"100 מ""ל",false,1,189.00,25.2000,true,1,27056
7290015951869,false,"יין הר חרמון רוזה 750 מ""ל",מיוצר וממולא על ידי יקב,IL,יין ירדן הר חרמון רוזה עברית 750 מל,מיליליטרים,750.00,"100 מ""ל",false,1,40.00,5.3333,true,1,27079
7290015968034,false,סבון כחול לאסלה שליש,הוסטס,CN,סבון אסלה כחול שלישייה הוסטס,יחידה,3.00,יחידה,false,1,10.90,3.6333,true,1,20796
7290015968102,false,קיסמי שיניים רפויים עם חוט דנטאלי 100 יחידות,W.H.J.C. Co,CN,קיסמי שיניים רפואי עם חוט דנטלי 100 יח,Unknown,0.00,Unknown,false,1,10.90,0.0000,true,1,19601
7290015968119,false,משטח מיקרופייבר דו צדדי לייבוש כלים,יוניסן,CN,משטח מיקרופייבר דו צדדי לייבוש כלים,יחידה,1.00,יחידה,false,1,11.90,11.9000,true,1,20807
7290015968133,false,אטב פרמיום כחול/לבן הוסטס 48 יח,H.J.E,CN,אטב פרימיום כחול/לבן 48 יח,יחידה,48.00,יחידה,false,1,10.90,0.2271,true,1,19584
7290015968140,false,אטב אחיזה רחבה בעיצוב איטלקי הוסטס 36 יח,H.J.E,CN,אטב בעיצוב איטלקי 36 יח,יחידה,36.00,יחידה,false,1,10.90,0.3028,true,1,19583
7290015968324,false,נורת לד 12 ווט הברגה,F.E.CO.LTD,CN,נורת לד 12 ווט הברגה אור לבן אינטרסן,Unknown,0.00,Unknown,false,1,9.90,0.0000,true,1,19593
7290015968331,false,נורת לד 6 וולט אור ל,F.E.CO.LTD,CN,נורת לד 6 ווט הברגה אור לבן אינטרסן,Unknown,0.00,Unknown,false,1,7.90,0.0000,true,1,19594
7290015968348,false,נורת לד 9 וולט אור ל,F.E.CO.LTD,CN,נורת לד 9 ווט הברגה אור לבן אינטרסן,Unknown,0.00,Unknown,false,1,7.90,0.0000,true,1,19595
7290015968355,false,נורת לד כדור חלבי 5.,F.E.CO.LTD,CN,נורת לד כדור חלבי 5.5 ווט הברגה אינטרסן,Unknown,0.00,Unknown,false,1,7.90,0.0000,true,1,19598
7290015968362,false,נורת לד כדור 5.5Wלבן E14,F.E.CO.LTD,CN,נורת לד כדור חלבי 5.5 ווט הברגה אינטרסן,Unknown,0.00,Unknown,false,1,7.90,0.0000,true,1,19596
7290015983006,false,שדות בר חסה רומית,חקלאי,IL,שדות בר חסה רומית,קילוגרמים,1.00,"ק""ג",true,,30.00,30.0000,true,1,13426
7290015983020,false,ברוקולי שטוף שדות בר,,,שדות בר ברוקולי,קילוגרמים,1.00,"ק""ג",true,,30.00,30.0000,true,1,13629
7290015983051,false,לוף/כרישה שטוף שדות בר,,,שדות בר לוף/כרישה,קילוגרמים,1.00,"ק""ג",true,,30.00,30.0000,true,1,14063
7290015983075,false,בצל ירוק שטוף שדות ב,,,שדות בר בצל ירוק,קילוגרמים,1.00,"ק""ג",true,,30.00,30.0000,true,1,14061
7290015983082,false,ירק שטוף שדות בר,חקלאי,IL,שדות בר ירק,קילוגרמים,1.00,"ק""ג",true,,30.00,30.0000,true,1,14062
7290015983099,false,שדות בר גבעולי סלרי,,,שדות בר גבעולי סלרי,קילוגרמים,1.00,"ק""ג",true,,30.00,30.0000,true,1,17575
7290015983129,false,שדות בר פלפלונים,חקלאי,IL,שדות בר פלפלונים,קילוגרמים,1.00,"ק""ג",true,,30.00,30.0000,true,1,17574
7290015983136,false,עגבניות שרי בלינדה,,,שרי בלינדה,קילוגרמים,1.00,"ק""ג",true,,30.00,30.0000,true,1,20872
7290015983143,true,מלפפון בייבי שדות בר,,,מלפפון בייבי שדות בר,קילוגרמים,1.00,"ק""ג",true,,30.00,30.0000,true,1,22691
7290015996983,false,סוכרלוז סוכרזית 0 קלוריות 100 שקיות,ביסקול בעn,IL,ממתיק סוכרלוז 100 שקיקים 100 גרם,מיליליטרים,100.00,"100 מ""ל",false,1,27.90,27.9000,true,1,22622
7290016006025,false,שוופס סודה 0.50 ליטר בקבוק,יפאורה תבורי בעמ,IL,סודה שוופס 500 מל,מיליליטרים,500.00,"100 מ""ל",false,1,5.00,1.0000,true,1,17808
7290016006292,false,נקטר מנגו בננה מלון קרטונית 1 ל' ספרינג,יפאורה שותפות מובגלת לשיווק,IL,נקטר ספרינג מנגו בננה מלון 1 ל בקרטון,ליטרים,1.00,ליטר,false,1,7.50,7.5000,true,1,15703
7290016006322,false,מים מינרליים מי עדן,"מופק ממקור בזלתי עדן ,1",IL,מים מינרליים מי עדן 1 ליטר,ליטרים,1.00,ליטר,false,1,3.50,3.5000,true,1,16062
7290016006339,false,מים מינרלים - מארז רביעייה,"מופק ממקור בזלתי עדן ,1",IL,מארז רביעיית מי עדן 1 ליטר,ליטרים,4.00,ליטר,false,1,11.90,2.9750,true,1,15880
7290016006346,false,שוופס סודה 0.5 ליטר מארז שישייה,יפאורה שותפות מובגלת לשיווק,IL,מארז שישיית סודה שוופס 500 מל,ליטרים,3.00,ליטר,false,1,15.90,5.3000,true,1,15489
7290016035025,false,לחם פשת פרוס מזרעי פשתן טחונים 450 גר,מאפית ביכורים,IL,לחם פשתן פרוס 450 גר,גרמים,450.00,100 גרם,false,12,24.90,5.5333,true,1,28972
7290016077759,false,רוטב ברביקיו קלאסי היינץ 480 גרם,היינץ Heinz,NL,רוטב היינץ ברביקיו קלאסי 480 גר,גרמים,480.00,100 גרם,false,1,16.90,3.5208,true,1,20359
7290016080551,false,מתבל עגבניות אורגני 580 גרם היינץ,ה.י. היינץ,NL,מתבל עגבניות היינץ אורגני 580 גרם,גרמים,580.00,100 גרם,false,1,16.90,2.9138,true,1,17300
7290016083323,false,מעמול תמרים שקד 500 גרם,מאפיית ישראל חיפה,IL,עוגיות מעמול תמרים שקד 500 גרם,גרמים,500.00,100 גרם,false,1,15.90,3.1800,true,1,35228
7290016083347,false,שקד עוגיות רולדה תמרים 500 גרם,מאפיית ישראל חיפה,IL,עוגיות רולדה תמר שקד 500 גרם,גרמים,500.00,100 גרם,false,1,15.90,3.1800,true,1,35229
7290016083378,false,עוגיות במילוי בטעם שוקולד שקד 500 גרם,מאפיית ישראל חיפה,IL,עוגיות חיתוכיות שוקולד שקד 500 גרם,גרמים,500.00,100 גרם,false,1,15.90,3.1800,true,1,35308
7290016083583,false,שקד - עוגיות כעכים מרוקאיות 500 גרם,,IL,עוגיות שקד כעכים מרוקאיות 600 גרם,גרמים,600.00,100 גרם,false,1,15.90,2.6500,true,1,39024
7290016083590,false,שקד - עוגיות כעכים קקאו 500 גרם,,IL,עוגיות שקד כעכים קקאו 600 גרם,גרמים,600.00,100 גרם,false,1,15.90,2.6500,true,1,46569
7290016087192,false,עגבניות מרוסקות מרוכזות פריניר 230 גרם,פריניר ( הדס 1987) ב,IL,עגבניות מרוסקות 230ג פרי ניר,גרמים,230.00,100 גרם,false,1,4.90,2.1304,true,1,19966
7290016087208,false,עגבניות מרוסקות מרוכזות ובזיליקום 230 גרם פריניר,פריניר,IL,עגבניות מרוסקות בזיליקום 230ג פרי ניר,גרמים,230.00,100 גרם,false,1,4.90,2.1304,true,1,19965
7290016087215,false,עגבניות מרוסקות מרוכזות ושום 230 גרם פריניר,פריניר ( הדס 1987) ב,IL,עגבניות מרוסקות עם שום 230גר פרי ניר,גרמים,230.00,100 גרם,false,1,4.90,2.1304,true,1,19967
7290016087222,false,רוטב עגבניות מרוכז לשקשוקה פריניר 230 גרם,פריניר ( הדס 1987) ב,IL,רוטב שקשוקה מרוכז 230 גר פרי ניר,גרמים,230.00,100 גרם,false,1,5.50,2.3913,true,1,19968
7290016087239,false,רוטב עגבניות מרוכז לשקשוקה פיקנטי פריניר 230 גרם,פרי ניב,IL,רוטב שקשוקה פיקנטי 230 גר פרי ניר,גרמים,230.00,100 גרם,false,1,5.50,2.3913,true,1,19969
7290016092035,false,תרסיס אלסיום ניקוי ח,,,תרסיס אלסיום ניקוי חיטוי משטחים צעצוע400,מיליליטרים,400.00,"100 מ""ל",false,6,24.90,6.2250,true,1,33459
7290016092042,false,נוזל לניקוי בקבוקים אליסיום 400 מל,,,נוזל לניקוי בקבוקים ומוצצים אלסיום 400מל,מיליליטרים,400.00,"100 מ""ל",false,6,24.90,6.2250,true,1,33460
7290016092059,false,נוזל לניקוי פירות וי,,,נוזל לניקוי פירות וירקות אלסיום 400מל,מיליליטרים,400.00,"100 מ""ל",false,6,24.90,6.2250,true,1,33461
7290016092110,false,משחת החתלה אליסיום 120 מל,,,משחת החתלה אלסיום 120מל,מיליליטרים,120.00,"100 מ""ל",false,6,24.90,20.7500,true,1,33462
7290016092189,false,סבון שמפו לתינוק אלס,,,סבון שמפו לתינוק אלסיום 400מל,מיליליטרים,400.00,"100 מ""ל",false,6,34.90,8.7250,true,1,33463
7290016094015,false,"ד""ר פישר - אולטרסול קרם פנים קידס 75 מ""ל 30SPF",פישר מעבדות פרמצבטיות בע,IL,קרם הגנה אולטרסול קידס לפנים 30 75 מל,מיליליטרים,75.00,"100 מ""ל",false,1,31.90,42.5333,true,1,15730
7290016094046,false,אולטרסול ספריי תחליבי 50/200,פישר מעבדות פרמצבטיות בע,IL,תחליב הגנה אולטרסול ספריי מס 50 200מל,מיליליטרים,200.00,"100 מ""ל",false,1,64.90,32.4500,true,1,18157
7290016094084,false,"אולטרסול מבוגרים קוליפה ספריי שקוף SPF 30,200 מ",פישר מעבדות פרמצבטיות בע,IL,תחליב הגנה אולטרסול ספריי שקוף מס 30 200,מיליליטרים,200.00,"100 מ""ל",false,1,49.90,24.9500,true,1,18156
7290016094091,false,"אולטרסול קידס קוליפה ספריי שקוף SPF 30,200 מ""ל",פישר מעבדות פרמצבטיות בע,IL,תחליב הגנה אולטרסול קידס ספריי שקוף מס30,מיליליטרים,200.00,"100 מ""ל",false,1,49.90,24.9500,true,1,18161
7290016094114,false,אולטרסול ספורט מקס ספריי תחליבי 50/200,פישר מעבדות פרמצבטיות בע,IL,תחליב הגנה אולטרסול ספורט מקס 50 200מל,מיליליטרים,200.00,"100 מ""ל",false,1,59.90,29.9500,true,1,18169
7290016094138,false,אולטרסול FREE תחליב הגנה בשפופרת 50SPF,פישר מעבדות פרמצבטיות בע,IL,תחליב הגנה אולטרסול פריי 200/50מל,מיליליטרים,200.00,"100 מ""ל",false,12,64.90,32.4500,true,1,38806
7290016094961,false,"ד""ר פישר - אולטרסול בייבינטורל קרם פנים 50 מ""ל 50SPF+",פישר מעבדות פרמצבטיות בע,IL,קרם פנים אולטרסול בייבינטורל 50פלוס 50מל,מיליליטרים,50.00,"100 מ""ל",false,1,64.90,129.8000,true,1,15736
7290016135541,false,פסטה ביצים 3 צבעים פוזילי 400 גר אוריינט,פ.פ.ה. טאביס,PL,אטריות ביצים אוריינט פוזילי 3צבעים400 גר,גרמים,400.00,100 גרם,false,1,12.90,3.2250,true,1,16740
7290016135558,false,פסטה ביצים 3צבעי חונקי כמרים 400 אוריינט,פ.פ.ה. טאביס,PL,אטריות ביצים אוריינט חונקי 3צבעים400 גר,גרמים,400.00,100 גרם,false,1,12.90,3.2250,true,1,16741
7290016136951,false,ספירה פרש מילוי למכש,רנקסן סונגר סאן ביי,,ספירה פרש מילוי למכשיר אוטומטי פרחים250מ,מיליליטרים,250.00,"100 מ""ל",false,1,10.90,4.3600,true,1,19887
7290016146004,false,קמח שקד מולבן 300 גרם,שקד תבור,IL,קמח שקד מולבן 400 גרם,גרמים,300.00,100 גרם,false,1,27.90,9.3000,true,1,17435
7290016146028,false,סוכר קוקוס אורגני350,שקד תבור,,סוכר קוקוס אורגני350 גרם שקד,גרמים,300.00,100 גרם,false,1,15.00,5.0000,true,1,24899
7290016146066,false,מחית 100% תמרים 500 גרם,"אלמנדוס בע""מ",IL,מחית 100% תמרים 500 גרם,גרמים,500.00,100 גרם,false,,14.90,2.9800,true,1,28560
7290016146080,false,תמצית וניל טהור שקד,"אלמונדס בע""מ",IL,תמצית וניל טהור שקד תבור 100 מל,מיליליטרים,100.00,"100 מ""ל",false,1,69.90,69.9000,true,1,36195
7290016146103,false,"סילאן טבעי לחיץ שקד תבור, 380 גרם","אלמונדס בע""מ",IL,סילאן טבעי לחיץ שקד תבור 500 גרם,גרמים,500.00,100 גרם,false,12,15.00,3.0000,true,1,17432
7290016146110,false,סירופ חרובים לחיץ 500 גרם,"אלמונדס בע""מ",IL,סירופ חרובים לחיץ שקד תבור 500 גרם,גרמים,500.00,100 גרם,false,12,22.90,4.5800,true,1,17431
7290016146141,false,"סירופ מייפל טהור אורגני 250 מ""ל",אלמנדוס,IL,סירופ מייפל 100% אמיתי אורגני 330מל,מיליליטרים,250.00,"100 מ""ל",false,1,28.90,11.5600,true,1,17433
7290016146189,false,חמאת מקדמיה 100% 200 גרם,שקד תבור,IL,ממרח אגוזי מקדמיה 195 גרם,גרמים,200.00,100 גרם,false,1,39.90,19.9500,true,1,24905
7290016146301,false,שמן בוטנים שקד תבור,שקד תבור,,שמן בוטנים 100% 250 מל,מיליליטרים,250.00,"100 מ""ל",false,1,14.90,5.9600,true,1,24139
7290016146400,false,שוקולד תבור 60% גאנה100ג,שקד תבור,IL,שוקולד תבור 60% מריר 100 גרם,גרמים,100.00,100 גרם,false,1,15.90,15.9000,true,1,24936
7290016146424,false,שוקולד מריר תבור 70% 100 גרם BIO,שקד תבור,IL,שוקולד תבור 70% מריר 100 גרם,גרמים,100.00,100 גרם,false,1,15.90,15.9000,true,1,24937
7290016146431,false,שוקולד פרו שקד תבור 72%,שקד תבור,IL,שוקולד תבור 72% מריר 100 גרם,גרמים,100.00,100 גרם,false,1,15.90,15.9000,true,1,24938
7290016146448,false,שוקולד תבור 85% 100 גרם,לובקה,IL,שוקולד תבור 85% מריר 100 גרם,גרמים,100.00,100 גרם,false,1,15.90,15.9000,true,1,24939
7290016146455,false,שוקולד מריר תבור 100% 100 גרם BIO,שקד תבור,IL,שוקולד תבור 100% מריר 100 גרם,גרמים,100.00,100 גרם,false,1,15.90,15.9000,true,1,24940
7290016146462,false,BIO שוקולד תבור 88% 100 גרם,שקד תבור,IL,שוקולד תבור 88% קקאו אורגני 100 גרם,גרמים,100.00,100 גרם,false,1,15.90,15.9000,true,1,33636
7290016150865,false,תערובת מיזלי גרין בנ,וויטליה,MK,תערובת מיזלי גרין בננה תמר 1 קג,קילוגרמים,1.00,"ק""ג",false,10,22.90,22.9000,true,1,47047
7290016188585,false,GIACOBAZZI למברוסקו רוזה חצי יבש יקבי כרמל,יקב גאקובזי,IT,יין למברוסקו רוזה 750 מל,מיליליטרים,750.00,"100 מ""ל",false,1,25.00,3.3333,true,1,29875
7290016188592,false,GIACOBAZZI למברוסקו אדום חצי יבש יקבי כרמל,"כד בני דרום בע""מ",IT,יין למברוסקו אדום 750 מל,מיליליטרים,750.00,"100 מ""ל",false,1,25.00,3.3333,true,1,29876
7290016188608,false,GIACOBAZZI למברוסקו לבן חצי יבש יקבי כרמל,יקב גאקובזי,IT,יין למברוסקו לבן 750 מל,מיליליטרים,750.00,"100 מ""ל",false,1,25.00,3.3333,true,1,29874
7290016197488,false,מטליות מיקרופייבר למשטחים ניקול 3יח',חוגלה קימברלי,CN,מארז שלשיית מטליות הקסם ניקול לשיש,יחידה,3.00,יחידה,false,1,12.90,4.3000,true,1,15239
7290016197495,false,ניקול זוג מטליות הקסם מיקרופייבר לרצפה,חוגלה קימברלי,CN,מארז זוג מטליות הקסם ניקול לרצפה,יחידה,2.00,יחידה,false,1,19.90,9.9500,true,1,15240
7290016197600,false,דיפנד - תחבושת לנשים נורמל 12 יח',קימברלי קלארק,VN,תחבושות דיפנד נורמל 12 יחידות,יחידה,14.00,יחידה,false,1,19.90,1.4214,true,1,16420
7290016197617,false,תחבושת לנשים אקסטרה דיפנד 10 יחידות,קימברלי קלארק,VN,תחבושות דיפנד אקסטרא 10 יחידות,יחידה,10.00,יחידה,false,1,19.90,1.9900,true,1,16421
7290016197624,false,תחבושות לנשים סופר דיפנד 8 יחידות,קימברלי קלארק,VN,תחבושות דיפנד סופר 8 יחידות,יחידה,8.00,יחידה,false,1,19.90,2.4875,true,1,16422
7290016197839,false,ניקול השקית החזקה 20 יח' XL,"אשפלסט תעשיות בע""מ",IL,שקיות אשפה חזקות אקס אל 20 יח ניקול,יחידה,20.00,יחידה,false,1,24.90,1.2450,true,1,15241
7290016197877,false,שקיות אשפה לפחים בינוניים עם שרוך 50 * 53 ניקול 50 יחידות,"אשפלסט תעשיות בע""מ",IL,שקיות אשפה פחי מטבח קטנים 50 יח ניקול,יחידה,50.00,יחידה,false,12,21.90,0.4380,true,1,15242
7290016217643,false,חמוצים סיני אסלי שמיר 400 גרם,"סלטי שמיר 2006 בע""מ",IL,סלט חמוצים סיני אסלי 400 גרם,גרמים,400.00,100 גרם,false,1,10.90,2.7250,true,1,16158
7290016217759,false,חציל מרוקאי 200גרם גורמה,"סלטי שמיר 2006 בע""מ",IL,סלט חציל מרוקאי 200גר גורמה,גרמים,200.00,100 גרם,false,1,10.90,5.4500,true,1,19151
7290016233247,false,עגבניות מיובשות קצוצות עם זיתים ירוקים מתובלים,תומר,TR,עגבניות מיובשות עם זיתים 250 גר,גרמים,250.00,100 גרם,false,12,9.90,3.9600,true,1,50177
7290016233575,false,פתיתי שיבולת שועל 600 גר גוד מורנינג,,LT,פתיתי שבולת שועל להכנה מהיארה600 גרם,גרמים,600.00,100 גרם,false,20,6.90,1.1500,true,1,49617
7290016233995,false,שימורי אנשובי עם שמן זית 45 ג' תומר,אינוורסינס פריסקו,PE,אנשובי בשמן זית 45 גר בפח,Unknown,0.00,Unknown,false,1,6.90,0.0000,true,1,32349
7290016245929,false,לחם טחינה עשיר בחלבון 450 ג' ביכורים,מאפיית ביכורים,IL,לחם טחינה 450 גרם מאפיית ביכורים,גרמים,450.00,100 גרם,false,12,25.90,5.7556,true,1,45305
7290016246018,false,בארכה מיקס פינוקיות חלבה 10*20 גרם.,"רושדי תעשיות מזון בע""\מ",IL,מארז 10 יח חלבה פינוקיםת 20 גר,גרמים,200.00,100 גרם,false,1,12.90,6.4500,true,1,23675
7290016246025,false,בארכה מיקס פינוקיות חלווה ללא סוכר 10*20ג,"רושדי תעשיות מזון בע""\מ",IL,מארז 10 יח חלבה ללא סוכר 20 גר,גרמים,200.00,100 גרם,false,1,12.90,6.4500,true,1,15070
7290016246308,false,בארכה בקטנה חטיף חלבה וניל קוקוס 18 גרם 7 יחידות,"רושדי תעשיות מזון בע""\מ",IL,מארז7יח חטיף חלבה וניל קוקוס 18 גר,גרמים,126.00,100 גרם,false,1,11.90,9.4444,true,1,20343
7290016246445,false,בארכה טחינה גולמית מעודנת שומשום מלא 310 גם,"רושדי תעשיות מזון בע""\מ",IL,טחינה בארכה שומשום מלא 310 גרם,גרמים,310.00,100 גרם,false,1,12.90,4.1613,true,1,24817
7290016246452,false,בארכה טחינה גולמית מעודנת שום לימון 310 גרם,רושדי תעשיות מזון בע,IL,טחינה בארכה לימון ושום 310 גרם,גרמים,310.00,100 גרם,false,1,12.90,4.1613,true,1,24816
7290016246490,false,בארכה חלבה קלאסית 400 גרם,רושדי תעשיות מזון בע,IL,חלבה קלאסית וניל 400 ג בארכה,גרמים,400.00,100 גרם,false,1,9.90,2.4750,true,1,30467
7290016246773,false,בארכה טחינה מתובלת גולמית מעודנת משומשום מלא זעתר 310 גרם,רושדי תעשיות מזון בע,IL,טחינה בארכה מעודנת זעתר 310 גרם,גרמים,310.00,100 גרם,false,1,12.90,4.1613,true,1,36933
7290016277630,false,צנובר 150 גרם ששון - קופסא,"דין שיווק וקלייה בע""",,צנובר 150 ג בקופסא ששון,גרמים,150.00,100 גרם,false,1,29.90,19.9333,true,1,17262
7290016277654,false,פיסטוק קלוף טבעי 150 גרם ששון- קופסא,"דין שיווק וקלייה בע""",IL,פיסטוק טבעי קלוף 150 ג בקופסא ששון,גרמים,150.00,100 גרם,false,1,30.00,20.0000,true,1,17263
7290016277678,false,שקד מולבן חצאים 200 גרם ששון - קופסא,"דין שיווק וקלייה בע""",,שקד מולבן חצאים 200 גר בקופסא,גרמים,200.00,100 גרם,false,1,21.90,10.9500,true,1,17264
7290016277685,false,שקד מולבן שבבים 200 גרם ששון - קופסא,"דין שיווק וקלייה בע""",,שקד מולבן שבבים 200 גר בקופסא,גרמים,200.00,100 גרם,false,1,21.90,10.9500,true,1,17265
7290016284003,false,חסה הידרופונית רומית,מעיינות הזורע,IL,חסה רומית יח הזורע,Unknown,0.00,Unknown,false,1,9.90,0.0000,true,1,16928
7290016286014,false,"סט 2 כוסות דאבל 250 מ""ל CAPPUCCINO-COLOMBIA מבית FOOD APPEAL",,,זוג כוסות דאבל 250מל פוד אפיל,יחידה,2.00,יחידה,false,1,39.90,19.9500,true,1,51284
7290016286083,false,סט 2 כוסות דאבל 300מ,,,סט 2 כוסות דאבל 300מל פוד אפל,יחידה,1.00,יחידה,false,1,39.90,39.9000,true,1,45976
7290016286250,false,תבנית קפיצית 24סמ דו,,,תבנית קפיצית 24סמ דולצה איטליאנו פוד אפל,יחידה,1.00,יחידה,false,1,44.90,44.9000,true,1,45993
7290016286267,false,תבנית אפיה קפיצית 26,,,תבנית אפיה קפיצית 26סמ בסיס חלק דולצה,יחידה,1.00,יחידה,false,1,54.90,54.9000,true,1,46038
7290016287875,false,תרמוס נירוסטה 750מל,,,תרמוס נירוסטה 750מל עם נרתיק נשיאה טו גו,יחידה,1.00,יחידה,false,1,54.90,54.9000,true,1,46035
7290016287899,false,משטח חיתוך CLEAN L מבית FOOD APPEAL,,,משטח חיתוך קלין אל פוד אפל,יחידה,1.00,יחידה,false,1,62.90,62.9000,true,1,46055
7290016287936,false,משטח חיתוך קלין פוד,,,משטח חיתוך קלין פוד אפל,יחידה,1.00,יחידה,false,1,31.90,31.9000,true,1,45953
7290016299168,false,"ARGANIA סרום קיק לחיזוק שורש השערה 100 מ""ל",ארגניה,IL,סרום קיק ארגניה 100מל,מיליליטרים,100.00,"100 מ""ל",false,1,37.90,37.9000,true,1,39040
7290016299618,false,"ARGANIA שמפו קיק ללא מלחים ,ללא SLS ,ללא פארבן 450 מ""ל",ארגניה יצור ושיווק,IL,שמפו קיק ארגניה 450מל,מיליליטרים,450.00,"100 מ""ל",false,1,29.90,6.6444,true,1,39037
7290016299625,false,ארגניה מסכת קיק ללא שטיפה 250 מל,ארגניה,IL,מסכת שיער ללא שטיפה קיק 250מל,מיליליטרים,250.00,"100 מ""ל",false,1,37.90,15.1600,true,1,39041
7290016299670,false,שמן קיק בכבישה קרה ארגניה,,IL,שמן קיק טהור ארגניה 250מל,מיליליטרים,250.00,"100 מ""ל",false,1,29.90,11.9600,true,1,39036
7290016299755,false,"ARGANIA מרכך קיק ללא מלחים ,ללא SLS ,ללא פארבן 400 מ""ל",ארגניה יצור ושיווק,IL,מרכך שיער קיק ארגניה 450מל,מיליליטרים,450.00,"100 מ""ל",false,1,29.90,6.6444,true,1,39038
7290016299885,false,"ARGANIA מסיכה קיק לחיזוק השורש והשיערה 500 מ""ל",שיווק TEVACOM,IL,מסכת שיער קיק ארגניה 500מל,מיליליטרים,500.00,"100 מ""ל",false,1,37.90,7.5800,true,1,39039
7290016304596,false,לחמניות לסנדביץ 75 גרם,מאפית דוידוביץ ובניו,IL,מארז 10 לחמניות 75גרם דוידוביץ,יחידה,10.00,יחידה,false,1,13.90,1.3900,true,1,34848
7290016306002,false,"גלידת וניל קוקוס 473 מ""ל",היידי שוקולד בירונטי,IL,גלידה וניל קוקוס אקזוטי טבעונית 473 מל,מיליליטרים,473.00,"100 מ""ל",false,1,34.90,7.3784,true,1,18713
7290016306026,false,גלידת שוקולד פצפוצים473מ,גלידת אילו,IL,גלידה שוקולד עם פצפוצים טבעונית 473מל,מיליליטרים,473.00,"100 מ""ל",false,1,34.90,7.3784,true,1,18717
7290016306040,false,גלידת קרמל פקאן קלוי473מ,היידי שוקולד בירונטי,IL,גלידה קרמל עם פקאן קלוי טבעונית 473מל,מיליליטרים,473.00,"100 מ""ל",false,1,34.90,7.3784,true,1,18716
7290016306064,false,"גלידת פאי לימון 473מ""ל",גלידת אילו,IL,גלידה פאי לימון טבעונית 473 מל,מיליליטרים,473.00,"100 מ""ל",false,1,34.90,7.3784,true,1,18714
7290016306101,false,גלידת קפוצינו שוק.מר473מ,גלידת אילו,IL,גלידה קפוצינו עם שברי שוקולד טבעונית 473,מיליליטרים,473.00,"100 מ""ל",false,1,34.90,7.3784,true,1,18715
7290016306132,false,"גלידת אילו פיסטוק 473מ""ל",גלידת אילו,IL,גלידה פיסטוק טבעונית 473מל,מיליליטרים,473.00,"100 מ""ל",false,1,34.90,7.3784,true,1,18718
7290016306149,false,"גלידת תותים שמנת 473מ""ל",גלידת אילו,IL,גלידה טבעונית תותים בשמנת 473 מל,מיליליטרים,473.00,"100 מ""ל",false,1,34.90,7.3784,true,1,18990
7290016306187,false,גלידת קוקוס פירות יער473,גלידת אילו,IL,גלידה קרם קוקוס פירות יער טבעונית 473מל,מיליליטרים,473.00,"100 מ""ל",false,1,34.90,7.3784,true,1,21170
7290016306217,false,בראוני שוק.אגוזים 473 מל,גלידת אילו,IL,גלידה בראוני שוקולד ואגוז טבעונית 473 מל,מיליליטרים,473.00,"100 מ""ל",false,1,34.90,7.3784,true,1,34224
7290016306224,false,"גלידת וניל פיצפוצ473מ""ל",גלידת אילו,IL,גלידה קוקו וניל פצפוצים טבעונית 473 מל,מיליליטרים,473.00,"100 מ""ל",false,1,34.90,7.3784,true,1,40737
7290016306323,false,"גלידת שוקו בננה 473 מ""ל",גלידת אילו,IL,גלידה שוקו בננה טבעונית 473 מל,מיליליטרים,473.00,"100 מ""ל",false,1,34.90,7.3784,true,1,40738
7290016319118,false,מגע הדבש שעווה מתקלפת לפנים 100 גרם,המאפיה של הרמן,IL,שעווה מתקלפת לפנים מגע הדבש 100גרם,גרמים,100.00,100 גרם,false,6,31.90,31.9000,true,1,37510
7290016319187,false,טוסו עוגיות סנדוויץ שוקו במילוי קרם שוקולד *זוג* 300 גרם,בטר אנד דיפרנט,IL,עוג.סנדוויץ טוסו זוג שוקו 300 גר,גרמים,300.00,100 גרם,false,6,17.90,5.9667,true,1,33711
7290016319194,false,טוסו עוגיות סנדוויץ שוקו במילוי קרם וניל *זוג* 300 גרם,אפיפית,IL,עוג.סנדוויץ טוסו זוג שוקו וניל 300 גר,גרמים,300.00,100 גרם,false,6,17.90,5.9667,true,1,33709
7290016319200,false,טוסו עוגיות סנדוויץ' אוראו במילוי קרם וניל *זוג* 300 גרם,אפיפית,IL,עוג.סנדוויץ טוסו זוג אוראו 300 גר,גרמים,300.00,100 גרם,false,6,17.90,5.9667,true,1,33712
7290016319309,false,סבון נוזלי מאסק קלאסי+משאבה פמלי 1 ל,הנסיך- מפעל לייצור ט,IL,אל סבון פמילי 1ליטר מאסק משאבה,ליטרים,1.00,ליטר,false,1,10.90,10.9000,true,1,16511
7290016319873,false,"פמילי -תחליב רחצה ניחות קלאסי 700 מ""ל",אקסן קוסמטיק,TR,תחליב רחצה פמילי ניחוח קלאסי 700 מל,מיליליטרים,700.00,"100 מ""ל",false,1,10.90,1.5571,true,1,20887
7290016319880,false,"פמילי -תחליב רחצה לגונה ופרחי מים 700 מ""ל",אקסן קוסמטיק,TR,תחליב רחצה פמילי לגונה ופרחי מים 700 מל,מיליליטרים,700.00,"100 מ""ל",false,1,10.90,1.5571,true,1,20889
7290016321319,false,סבון נוזלי בניחוח אשכליות אדומה 1 ל' פמלי,אינטרקוסמא,TR,אל סבון פמילי 1 ליטר אשכולית אדומה,ליטרים,1.00,ליטר,false,12,10.90,10.9000,true,1,46518
7290016321531,false,מגע הדבש רצועות שעווה אלוורה 12 יח,שוורצקוף& הנקל דיסלד,IL,רצועות שעווה אלוורה 12+3 מגע המשי,יחידה,15.00,יחידה,false,1,21.90,1.4600,true,1,27623
7290016321548,false,מגע המשי רצועות שעווה 16+2קמומיל,ש.שוורץ,ES,רצועות שעווה קמומיל 12+3 מגע המשי,יחידה,15.00,יחידה,false,1,21.90,1.4600,true,1,27624
7290016321555,false,מגע המשי רצועות שעווה לביקיני קמומיל 12+2,ש.שוורץ,ES,רצועות שעווה ביקיני ובית שחי 16+4מגע משי,יחידה,20.00,יחידה,false,1,21.90,1.0950,true,1,27625
7290016321661,false,פרש וואנס SENSITIVE מגבונים ללא בישום רביעייה 72 יחידות,עלבד משואות יצחק,IL,מארז 4יח מגבוני פרש וואנס סנסטיב קר 64יח,יחידה,64.00,יחידה,false,1,15.90,0.2484,true,1,28611
7290016321678,false,מגבונים לחים בניחוח מרענן עם תמציות קמומיל ואלוורה,עלבד משואות יצחק,IL,מארז 4יח מגבוני פרש וואנס נטורל קר 64יח,יחידה,64.00,יחידה,false,1,15.90,0.2484,true,1,28610
7290016321777,false,מגע הדבש רצועות שעווה לפנים אלוורה 20 יח,שוורצקוף& הנקל דיסלד,IL,רצועות שעווה לפנים 20+5 מגע המשי,יחידה,25.00,יחידה,false,1,21.90,0.8760,true,1,27626
7290016321883,false,פרשוואנס נייר טואלט מתכלה לילדים -מארז שלישייה,עלבד משואות יצחק,IL,מארז 3יח מגבוני פרשוואנס נייר טואלט 40יח,יחידה,120.00,יחידה,false,1,12.90,0.1075,true,1,29889
7290016321890,false,פרשוואנס נייר טואלט מתכלה למבוגרים -מארז שלישייה,עלבד משואות יצחק בעמ,IL,מארז 3יח מגבוני פרשוואנס נייר טואלט 40יח,יחידה,120.00,יחידה,false,1,12.90,0.1075,true,1,29888
7290016329261,false,סרקל מתיר קשרים ספריי רציףף 300 מ'ל,פישר מעבדות פרמצבטיות בע,IL,מתיר קשרים סרקל ספריי 300מל,מיליליטרים,300.00,"100 מ""ל",false,1,32.90,10.9667,true,1,16412
7290016329308,false,"ד""ר פישר - סרקל קרם רוזמרין לשיער מתולתל 325 מ""ל",פישר מעבדות פרמצבטיות בע,IL,קרם רוזמרין סרקל לשיער מתותל 340מל,מיליליטרים,340.00,"100 מ""ל",false,1,27.90,8.2059,true,1,19486
7290016329315,false,סרקל ספריי מתיר קשרים לילדים לשיער מתולתל,פישר מעבדות פרמצבטיות בע,IL,מתיר קשרים סרקל ספריי לשיער מתולתל 300מל,מיליליטרים,300.00,"100 מ""ל",false,1,32.90,10.9667,true,1,18196
7290016329674,false,קמיל בלו קרם פנים לתינוק לעור יבש במיוחד,פישר מעבדות פרמצבטיות בע,IL,קרם פנים לתינוק קמיל בלו סנסטיב 75מל,מיליליטרים,75.00,"100 מ""ל",false,1,24.90,33.2000,true,1,19427
7290016370089,false,מלפפון במלח 13-17 יבנה 560 ג',קבוצת יבנה,IL,מלפפון 13-17 פיקנטי יבנה 560 גרם,גרמים,560.00,100 גרם,false,1,10.90,1.9464,true,1,46734
7290016370096,false,זיתים שחורים מיובשים במלח יבנה 340 ג',קבוצת יבנה,IL,זית מרוקאי מיובש גדול 340 גרם,גרמים,340.00,100 גרם,false,1,12.90,3.7941,true,1,46575
7290016370119,false,מלפפון במלח בינוני ט,,,מלפפון במלח בינוני טעם ביתי 540 גרם צנצנ,גרמים,540.00,100 גרם,false,1,9.90,1.8333,true,1,40655
7290016370225,false,תחתיות ארטישוק יבנה 220 ג',קונסריוסאלגוזס,,תחתיות ארטישוק יבנה 440 גרם,גרמים,400.00,100 גרם,false,1,8.90,2.2250,true,1,40656
7290016370270,false,זית קלמטה מגולען 560 ג' -יבנה,קבוצת יבנה,IL,זית קלמטה יווני מגולען 560 גרם,גרמים,560.00,100 גרם,false,12,11.90,2.1250,true,1,36734
7290016370300,false,זית קלמטה שלם צנצנת יבנה,קוזט אס.אי. פיין פודס,GR,זית קלמטה יווני שלם 560 גרם,גרמים,560.00,100 גרם,false,12,14.90,2.6607,true,1,37446
7290016370317,false,זית קלמטה ללא גלעין 560 גרם צנצנת יבנה,קוזט אס.אי. פיין פודס,GR,זית קלמטה יווני מגולען 560 גרם,גרמים,560.00,100 גרם,false,12,14.90,2.6607,true,1,37445
7290016370904,false,זית חרוזית ירוק ‏400‏ ג' יבנה,קבוצת יבנה,IL,זית חרוזית ירוק יבנה 400 גרם,גרמים,400.00,100 גרם,false,1,6.90,1.7250,true,1,23257
7290016370942,false,מיקס ירקות יווני בצנצנת קבוצת יבנה 300 גרם,קוזט אס.אי. פיין פודס,IL,ירקות כבושים יבנה560 גר,גרמים,560.00,100 גרם,false,1,10.90,1.9464,true,1,17061
7290016370959,false,חציל קלוי (פירה) בצנצנת קבוצת יבנה 530 גרם,תאי פרזידנט פוד פאבל,GR,חציל קלוי על האש יבנה 530 גר,גרמים,530.00,100 גרם,false,1,10.90,2.0566,true,1,17058
7290016370973,false,פלפל קלוי (גמביה) בצנצנת קבוצת יבנה 390 גרם,קוזט אס.אי. פיין פודס,GR,פלפל קלוי על האש יבנה 540 גר,גרמים,540.00,100 גרם,false,1,10.90,2.0185,true,1,17059
7290016372397,false,"תה ויסוצקי ירוק תפוז,ג'ינגר וכורכום 25 יח'",ויסוצקי ירוק,IL,תה ירוק תפוז כורכום גינגר 1.5 ג 25 שק,יחידה,25.00,יחידה,false,1,24.90,0.9960,true,1,19778
7290016372458,false,חליטת לימונית ולואיזה הגן הקסום ויסוצקי 50 יחידות,תה ויסוצקי,IL,תה גן הקסום לימונית לואיזה 50 שק,גרמים,75.00,100 גרם,false,1,32.90,43.8667,true,1,19780
7290016372489,false,ויסוצקי חליטת ג'ינג'ר ולימון סודות הצמחים 25 שקיקים,תה ויסוצקי,IL,חליטת גינגר ולימון 20 שקיקים,יחידה,25.00,יחידה,false,1,18.50,0.7400,true,1,19775
7290016372496,false,חליטת פירות וצמחים בטעם ג'ינג'ר ודבש -אפקט הג'ינג'ר,תה ויסוצקי,IL,חליטת גינגר דבש 20 שקיקים,יחידה,25.00,יחידה,false,1,18.50,0.7400,true,1,19772
7290016372922,false,תה ירוק בטעם קינמון עם מאצה יפנית 86 ג,תה ויסוצקי,IL,תה ירוק קינמון גינגר וכורכום 1.5 ג 25 שק,יחידה,25.00,יחידה,false,1,24.90,0.9960,true,1,24047
7290016381443,false,סילאן לחיץ טבעי כרם 350 גר,משק צור עין יהב,,סילאן טבעי כרם לחיץ 350 גרם,גרמים,350.00,100 גרם,false,1,13.90,3.9714,true,1,17966
7290016381474,false,סילאן לחיץ אורגני כרם 350 גר,משק צור עין יהב,,סילאן אורגני כרם לחיץ 350 גרם,גרמים,350.00,100 גרם,false,1,18.90,5.4000,true,1,17967
7290016381481,false,מיץ רימונים 1 ליטר 1,,,מיץ רימונים 1 ליטר 100% טבעי,ליטרים,1.00,ליטר,false,1,18.90,18.9000,true,1,21953
7290016381856,false,רכז רימונים 100% טבע,,,רכז רימונים 100% טבעי כרם 250 מל,מיליליטרים,250.00,"100 מ""ל",false,1,19.90,7.9600,true,1,25765
7290016381962,false,משקה אורז שקדים אורגני כרם 1 ליטר,,,משקה כרם אורז שקדים אורגני 1 ליטר,ליטרים,1.00,ליטר,false,10,10.00,10.0000,true,1,24979
7290016381986,false,ערמונים אורגנים כרם 100 גרם,טאנגש'אן סיטי מייקדו,CN,ערמונים אורגנים כרם 100 גרם,גרמים,100.00,100 גרם,false,50,5.90,5.9000,true,1,24282
7290016381993,false,אננס טבעות מסוכר כרם,רפאלס,,אננס טבעות מסוכר כרם 200 גרם בקופסא,גרמים,200.00,100 גרם,false,1,12.90,6.4500,true,1,20977
7290016387483,false,כריות יפניות דו צדדיות שייני 3 יחידות,,IL,כריות יפניות דו צדדיות 3 יח,יחידה,3.00,יחידה,false,36,5.90,1.9667,true,1,31968
7290016387698,false,כריות יפניות פנינה עדינות,,CN,כריות יפניות עדינות 3יח פנינה,יחידה,3.00,יחידה,false,36,6.90,2.3000,true,1,31967
7290016387926,false,"שייני מפה נצמדת לשולחן (180*75), 1 יח'",מ.א ייצור ושיווק מטל,CN,מפת שולחן נצמדת עם גומי היקפי 180/75,יחידה,1.00,יחידה,false,24,14.90,14.9000,true,1,24856
7290016408119,false,טרליני כעכים בטעם קלאסי 225 גר' - בדץ,אפוליה פוד,IT,כעכים מלוחים טרליני קלאסי 225 גרם,גרמים,225.00,100 גרם,false,1,7.50,3.3333,true,1,16355
7290016408133,false,טרליני כעכים בטעם בצל וזיתים 225 גר' - בדץ,אפוליה פוד,IT,כעכים מלוחים טרליני בצל זיתים225 גרם,גרמים,225.00,100 גרם,false,1,7.50,3.3333,true,1,16359
7290016408157,false,טריליני כעכים קמח מלא כרמית 225 גרם,אפוליה פוד,IL,כעכים מלוחים טרליני קמח מלא 225 גרם,גרמים,225.00,100 גרם,false,1,7.50,3.3333,true,1,16360
7290016408164,false,טרליני כעכים בטעם שום וצי'לי פיקנטי 225 גר' - בדץ,אפוליה פוד,IT,כעכים מלוחים טרליני שום צילי 225 גרם,גרמים,225.00,100 גרם,false,1,7.50,3.3333,true,1,16357
7290016408294,false,"מרשמלו ורוד לבן וסטהיים 150 ג', 26 בקרטון",מנדלז סי.אר. פרודקשן,IL,מרשמלו לבן ורוד כרמית 150 ג,גרמים,150.00,100 גרם,false,1,6.00,4.0000,true,1,18563
7290016408393,false,חטיף קרקר עם שומשום פניני 130 ג',דנוויטה ג'\יי. אס. סי,LT,קרקר דגנים עם שומשום 130 גרם,גרמים,130.00,100 גרם,false,1,7.50,5.7692,true,1,16987
7290016408416,false,חטיף קרקר עם צ'ילי פיקנטי 130 גר,דנוויטה ג'\יי. אס. סי,LT,קרקר דגנים עם צילי 130 גרם,גרמים,130.00,100 גרם,false,1,7.50,5.7692,true,1,16983
7290016408423,false,חטיף קרקר עם זיתים שחורים ושום 130 גר,תות תעשיות מזון (201,LT,קרקר דגנים עם זית שחור 130 גרם,גרמים,130.00,100 גרם,false,1,7.50,5.7692,true,1,16984
7290016408430,false,קרקר עם תערובת תבלינים כרמית 130 גרם,דנוויטה ג'\יי. אס. סי,LT,קרקר דגנים עם תבלינים 130 גרם,גרמים,130.00,100 גרם,false,1,7.50,5.7692,true,1,16985
7290016408447,false,חטיף קרקר עם עגבניות ובזיליקום פניני 130 ג',דנוויטה ג'\יי. אס. סי,LT,קרקר דגנים עם עגבניות 130 גרם,גרמים,130.00,100 גרם,false,1,7.50,5.7692,true,1,16986
7290016408744,false,מרשמלו טוויסטר כרמית 150 גרם,"כרמית תעשיות ממתקים בע""\",IL,מרשמלו טוויסטר כרמית 150 ג,גרמים,150.00,100 גרם,false,1,6.00,4.0000,true,1,18919
7290016408980,false,"מטבעות שוקולד חלב 36 ג' כשל""פ בד""ץ",כרמית תעשיות מזון,IL,מטבעות שוקולד חלב ברשת 36 גרם,Unknown,0.00,Unknown,false,35,3.90,0.0000,true,1,50761
7290016414172,false,תה צמחים הכרמל רוזמר,חזרה לטבע,IL,תה צמחים הכרמל רוזמרין אזוב2 גר 20 יח,יחידה,20.00,יחידה,false,10,18.90,0.9450,true,1,49368
7290016414271,false,תה צמחים ירושלים לימ,חזרה לטבע,IL,תה צמחים ירושלים לימונית לואיזה2 גר20יח,יחידה,20.00,יחידה,false,10,18.90,0.9450,true,1,49367
7290016414370,false,תה צמחים הגליל לימונ,חזרה לטבע,IL,תה צמחים הגליל לימונית עלי זית2 גר 20 יח,יחידה,20.00,יחידה,false,10,18.90,0.9450,true,1,49369
7290016414479,false,תה צמחים עין גדי שומ,חזרה לטבע,IL,תה צמחים עין גדי שומר מרווה 2 גר 20 יח,יחידה,20.00,יחידה,false,10,18.90,0.9450,true,1,49365
7290016414578,false,תה צמחים עמק האלה מנ,חזרה לטבע,IL,תה צמחים עמק האלה מנטה ורדים2 גר 20 יח,יחידה,20.00,יחידה,false,10,18.90,0.9450,true,1,49366
7290016414677,false,תה צמחים הערבה קמומי,חזרה לטבע,IL,תה צמחים הערבה קמומיל לבנדר2 גר 20 יח,יחידה,20.00,יחידה,false,10,18.90,0.9450,true,1,49370
7290016437416,false,דיפנד - גזרה גבוה תחתון מדיום נשים 18 יח',KC Vietnam,IL,תחתון דיפנד לייקרה סופג נשים מדיום 18יח,יחידה,18.00,יחידה,false,4,74.90,4.1611,true,1,34231
7290016437423,false,דיפנד תחתון סופג L נשים 16 יח גזרה גבוהה,KC Vietnam,IL,תחתון דיפנד לייקרה סופג נשים לארג 16יח,יחידה,16.00,יחידה,false,4,74.90,4.6813,true,1,34232
7290016437430,false,דיפנד - גזרה גבוה תחתון אקסטרה לארג' נשים 16 יח',KC Vietnam,IL,תחתון דיפנד לייקרה סופג נשים אקס אל 14יח,יחידה,14.00,יחידה,false,4,74.90,5.3500,true,1,34233
7290016437508,false,מולט נייר טואלט 24 גלילים כפולים=48 גליל,לילי נייר טואלט חוגלה,IL,נייר טואלט מולט לב אדום 24יח=48יח,יחידה,24.00,יחידה,false,1,37.90,1.5792,true,1,20513
7290016437591,false,קוטקס - תחתונים סופגים לנשים לאחר לידה מדיום 8 יח',חוגלה קימברלי,KR,תחתוני קוטקס סופגים לאחר לידה מדיום 8יח,יחידה,8.00,יחידה,false,1,36.90,4.6125,true,1,24395
7290016437607,false,קוטקס - תחתונים סופגים לנשים לאחר לידה לארג' 8 יח',חוגלה קימברלי,KR,תחתוני קוטקס סופגים לאחר לידה לארג 8יח,יחידה,8.00,יחידה,false,1,36.90,4.6125,true,1,24396
7290016437621,false,חיתולי האגיס פרידום דריי pants מידה 4 36 יחידות,קימברלי קלארק צ'כיה,CZ,חיתולי האגיס פרידום דריי פאנטס שלב4 36יח,יחידה,36.00,יחידה,false,1,49.90,1.3861,true,1,18178
7290016437645,false,חיתולי האגיס פרידום דריי pants מידה 5 34 יחידות,קימברלי קלארק צ'כיה,CZ,חיתולי האגיס פרידום דריי פאנטס שלב5 34יח,יחידה,34.00,יחידה,false,1,49.90,1.4676,true,1,18179
7290016437652,false,חיתולי האגיס פרידום דריי pants מידה 6 30 יחידות,קימברלי קלארק צ'כיה,CZ,חיתולי האגיס פרידום דריי פאנטס שלב6 30יח,יחידה,30.00,יחידה,false,1,49.90,1.6633,true,1,18180
7290016437720,false,תחבושות קוטקס נורמל זוג,קימברלי קלארק,CZ,זוג תחבושות קוטקס נורמל 56 יחידות,יחידה,56.00,יחידה,false,1,37.90,0.6768,true,1,17580
7290016448771,false,משקה על בסיס מיץ אפר,,,משקה ציה בטעם אפרסק 290מל פקדון,מיליליטרים,290.00,"100 מ""ל",false,24,6.90,2.3793,true,1,33473
7290016448788,false,משקה על בסיס מיץ אננ,,,משקה ציה בטעם אננס 290מל פקדון,מיליליטרים,290.00,"100 מ""ל",false,24,6.90,2.3793,true,1,33472
7290016448795,false,"משקה זרעי ציה בטעם קוקטייל פירות 290 מ""ל",,VN,משקה ציה בטעם קוקטייל פירות 290מל פקדון,מיליליטרים,290.00,"100 מ""ל",false,24,6.90,2.3793,true,1,33474
7290016448801,false,"משקה זרעי ציה בטעם קיווי 290 מ""ל",,VN,משקה ציה בטעם קיווי 290מל פקדון,מיליליטרים,290.00,"100 מ""ל",false,24,6.90,2.3793,true,1,33476
7290016448818,false,"קפה קר NO.1 טעם קפוצ'ינו 250 מ""ל",,VN,קפה קר טעם קפוצינו 250מל נאמבר 1,מיליליטרים,250.00,"100 מ""ל",false,24,6.60,2.6400,true,1,33484
7290016448825,false,"קפה קר NO.1 בטעם וניל צרפתי 250 מ""ל",,VN,קפה קר טעם וניל צרפתי 250מל נאמבר 1,מיליליטרים,250.00,"100 מ""ל",false,24,6.60,2.6400,true,1,33487
7290016448832,false,"קפה קר NO.1 בטעם אספרסו 250 מ""ל",,VN,קפה קר טעם אספרסו 250מל נאמבר 1,מיליליטרים,250.00,"100 מ""ל",false,24,6.60,2.6400,true,1,33486
7290016448849,false,קפה קר טעם לאטה מקיא,,,קפה קר טעם לאטה מקיאטו 250מל נאמבר 1,מיליליטרים,250.00,"100 מ""ל",false,24,6.60,2.6400,true,1,33485
7290016448870,false,שפרוטים מעושנים בשמן,אודסקי קונסרברי זאבו,UA,שפרוטים בשמן צמחי 150 גרם,גרמים,150.00,100 גרם,false,36,5.90,3.9333,true,1,36628
7290016448887,false,שפרוטים מעושנים בשמן,אודסקי קונסרברי זאבו,UA,שפרוטים בשמן צמחי240 גרם,גרמים,240.00,100 גרם,false,24,8.90,3.7083,true,1,36629
7290016452051,false,תות שדה בקופסא גדולה,רוח שתות,IL,תות שדה בקופסא גדולה,Unknown,0.00,Unknown,false,1,29.90,0.0000,true,1,25033
7290016452129,false,פטל אדום בקופסא,מרינה,IL,פטל אדום בקופסא,Unknown,0.00,Unknown,false,1,29.90,0.0000,true,1,34537
7290016452143,false,אוכמניות יבוא רוח שת,רוח שתות,IL,אוכמניות יבוא רוח שתות 300 גרם,Unknown,0.00,Unknown,false,1,32.00,0.0000,true,1,35955
7290016452235,false,דומדומניות יבוא 125,חקלאי,IL,דומדומניות יבוא 125 גרם רוח שתות,Unknown,0.00,Unknown,false,1,29.90,0.0000,true,1,50245
7290016476606,false,יין פרובנס רוזה מאלי,דומיין קארטרון,,יין רוזה מאליז 750 מל,מיליליטרים,750.00,"100 מ""ל",false,1,80.00,10.6667,true,1,16459
7290016505009,false,שוקולד פנדה קרם בוטנים טבעוני 100 גרם,"מדשא תעשיות מזון בע""",IL,שוקולד קרם בוטנים פנדה 100 גר,גרמים,100.00,100 גרם,false,1,17.90,17.9000,true,1,28886
7290016505016,false,שוקולד פנדה קלאסי 100 גר,"מדשא תעשיות מזון בע""",IL,שוקולד קלאסי פנדה 100 גר,גרמים,100.00,100 גרם,false,1,17.90,17.9000,true,1,28885
7290016505023,false,שוקולד פנדה קרם נוגט טבעוני 100 גרם,"מדשא תעשיות מזון בע""",IL,שוקולד קרם נוגט פנדה 100 גר,גרמים,100.00,100 גרם,false,1,17.90,17.9000,true,1,28887
7290016505030,false,שוקולד פנדה אגוזי לוז טבעוני 100 גרם,,IL,שוקולד אגוזי לוז פנדה 100 גר,גרמים,100.00,100 גרם,false,1,17.90,17.9000,true,1,28882
7290016505047,false,שוקולד קרמל ומלח גס 100 גרם - פנדה,"מדשא תעשיות מזון בע""",IL,שוקולד קרמל ומלח גס פנדה 100 גר,גרמים,100.00,100 גרם,false,1,17.90,17.9000,true,1,28888
7290016505108,false,פנדה מריר במילוי קפה 100 גרם,,IL,שוקולד מריר קוקוס פנדה 100 גר,גרמים,100.00,100 גרם,false,1,17.90,17.9000,true,1,28883
7290016505115,false,שוקולד פנדה מריר קפה100ג,,IL,שוקולד מריר קפה פנדה 100 גר,גרמים,100.00,100 גרם,false,1,17.90,17.9000,true,1,28884
7290016509304,false,סוד סבון לאסלה 4 כדוריותבניחוח לבנדר 50 ג',הנקל סוד,IL,סבון אסלה כדוריות סוד לבנדר,Unknown,0.00,Unknown,false,1,9.90,0.0000,true,1,18790
7290016509342,false,סוד מארז טריו כדוריות לאסלה כחול אקטיבי אקונומיקה,הנקל סוד,HU,מארז שלישיית סבון אסלה כדוריות סוד כחול,יחידה,3.00,יחידה,false,1,14.90,4.9667,true,1,18994
7290016509786,false,פרסיל גל לכביסה לבנה וצבעונית-ירוק 2.5 ל,"הנקל סוד בע""\מ",IL,נוזל כביסה גל פרסיל 2.5 ליטר ירוק,ליטרים,2.50,ליטר,false,1,29.90,11.9600,true,1,22760
7290016509809,false,ג'ל מרוכז לכביסה קולור 2.5 ל' פרסיל,"הנקל סוד בע""\מ",IL,נוזל כביסה גל פרסיל 2.5 ליטר קולור,ליטרים,2.50,ליטר,false,1,29.90,11.9600,true,1,22761
7290016509823,false,ג'ל לכביסה לבנה וצבעונית בניחוח רענן,"הנקל סוד בע""\מ",IL,נוזל כביסה גל פרסיל 2.5 ליטר בלו,ליטרים,2.50,ליטר,false,1,29.90,11.9600,true,1,22762
7290016509830,false,ג'ל כביסה לבגדי תינוקות ובעלי עור רגיש Sensitive,"הנקל סוד בע""\מ",IL,נוזל כביסה גל פרסיל 2.5 ליטר בייבי,ליטרים,2.50,ליטר,false,1,29.90,11.9600,true,1,22763
7290016509847,false,פרסיל ג'ל לכביסה כהה בלאק 2.5 ליטר,"הנקל סוד בע""\מ",IL,נוזל כביסה גל פרסיל 2.5 ליטר בלאק,ליטרים,2.50,ליטר,false,1,29.90,11.9600,true,1,24639
7290016510287,false,"תחליב רחצה הוואי דבש אירוס זהוב 700 מ""ל",תאי פרזידנט פוד פאבל,IL,תחליב רחצה הוואי קרם דבש 700 מל,מיליליטרים,700.00,"100 מ""ל",false,1,8.90,1.2714,true,1,22966
7290016510324,false,"הוואי תחליב רחצה לגבר אריסטבבול 700 מ""ל",טרופיקל דגיל בעמ,IL,תחליב רחצה הוואי לגבר איריססטבל 700מל,מיליליטרים,700.00,"100 מ""ל",false,1,8.90,1.2714,true,1,22957
7290016510348,false,"הוואי אל סבון לילדים בנים 700 מ""ל",טרופיקל דגיל,IL,אל סבון הוואי ילדים בנים 700 מל,מיליליטרים,700.00,"100 מ""ל",false,1,8.90,1.2714,true,1,34057
7290016510683,false,הוואי אל סבון נוזלי בלו סקיי 1 ליטר,טרופיקל דגיל בעמ,IL,סבון ידיים נוזלי הוואי בלו סקיי 1 ליטר,ליטרים,1.00,ליטר,false,12,10.90,10.9000,true,1,24380
7290016510775,false,הוואי תחליב רחצה רגעים שמימיים 700 מל,טרופיקל דגיל בעמ,IL,קרם רחצה הוואי רגעים שמימיים 700מל,מיליליטרים,700.00,"100 מ""ל",false,1,8.90,1.2714,true,1,26906
7290016510904,false,"הוואי מרכך תמצית הדובדבן 700 מ""ל",שוורצקוף& הנקל דיסלד,IL,מרכך הוואי פריחת הדובדבן 700 מל,מיליליטרים,700.00,"100 מ""ל",false,1,8.90,1.2714,true,1,27814
7290016513974,false,קרפלך במילוי פטריות איי פוד 600 גרם,"אימפריאל הזרב פוד בע""מ",IL,קרפלך במילוי פיטריות 600גר,גרמים,600.00,100 גרם,false,12,17.90,2.9833,true,1,48849
7290016513981,false,"קרפלך תפו""א איי פוד 600 גרם",אימפריאל רזרב פוד,IL,קרפלך תפוא 600גר,גרמים,600.00,100 גרם,false,12,15.90,2.6500,true,1,48848
7290016523171,false,סטימר עץ 12,Fujian fuzhou tian s,,סטימר עץ 12,Unknown,0.00,Unknown,false,1,75.00,0.0000,true,1,17395
7290016523188,false,"סטימר לאידוי עץ ""10",Fujian fuzhou tian s,,סטימר עץ 10,Unknown,0.00,Unknown,false,1,60.00,0.0000,true,1,17396
7290016523195,false,"סטימר לאידוי עץ ""8",Fujian fuzhou tian s,,סטימר עץ 8,Unknown,0.00,Unknown,false,1,45.00,0.0000,true,1,17397
7290016545005,false,דודהש'ך! - בירה קראפט בסגנון אמבר אייל,מבשלת הארץ (בירבזאר),IL,בירה דודהשך קראפט אמבר אייל 330מל בק.פקד,מיליליטרים,330.00,"100 מ""ל",false,24,14.90,4.5152,true,1,49199
7290016545012,false,בירה בירבזאר חתול שמ,מבשלת הארץ (בירבזאר),IL,בירה חתול שמן קראפט פייל אייל330מל בק.פק,מיליליטרים,330.00,"100 מ""ל",false,24,14.90,4.5152,true,1,49201
7290016545029,false,בינדי - בירה קראפט בסגנון IPA,מבשלת הארץ (בירבזאר),IL,בירה בינדי קראפט איי פי 330מל בק.פקדון,מיליליטרים,330.00,"100 מ""ל",false,24,14.90,4.5152,true,1,49196
7290016545036,false,בירה בירבזאר בלאק גק,מבשלת הארץ (בירבזאר),IL,בירה בלאק גק קראפט סטאוט 330מל בק.פקדון,מיליליטרים,330.00,"100 מ""ל",false,24,14.90,4.5152,true,1,49197
7290016545050,false,בירה עשר קראפט טריפל,מבשלת הארץ (בירבזאר),IL,בירה עשר קראפט טריפל בלגי 330מל בק.פקדון,מיליליטרים,330.00,"100 מ""ל",false,24,14.90,4.5152,true,1,49202
7290016545067,false,וויטני - בירה קראפט בסגנון חיטה,מבשלת הארץ (בירבזאר),IL,בירה וויטני קראפט חיטה 330מל בק.פקדון,מיליליטרים,330.00,"100 מ""ל",false,24,14.90,4.5152,true,1,49200
7290016545074,false,בירה גאלאגר קראפט פי,מבשלת הארץ (בירבזאר),IL,בירה גאלאגר קראפט פילס 330מל בק.פקדון,מיליליטרים,330.00,"100 מ""ל",false,24,14.90,4.5152,true,1,49198
7290016564006,false,מבריקל הפלא ספוגיות להסרת כתמים קשים ושומנים 3יח,,,ספוגית מבריקל הפלא 3 יח,יחידה,3.00,יחידה,false,1,10.90,3.6333,true,1,23962
7290016564099,false,מבריקל רדיד אלומניום,,IL,מבריקל רדיד אלומיניום זוג,יחידה,2.00,יחידה,false,1,11.90,5.9500,true,1,40391
7290016564150,false,מטליות מייקרופייבר נשלפות מבריקל,,,מטליות לחות מבריקל 10יח,יחידה,10.00,יחידה,false,1,11.90,1.1900,true,1,23964
7290016564266,false,מבריקל הפלא כיסוי הפלא 3,פארמה דיל,IL,כיסוי הפלא למזון 30יח,יחידה,30.00,יחידה,false,24,10.90,0.3633,true,1,37825
7290016564310,false,מבריקל ניילון נצמד,,IL,מבריקל ניילון נצמד זוג,יחידה,2.00,יחידה,false,1,11.90,5.9500,true,1,40392
7290016564402,false,מטליות מיקרופייבר לנ,,,מטליות מיקרופייבר לניקוי כללי 8יח מבריקל,יחידה,8.00,יחידה,false,1,12.90,1.6125,true,1,51548
7290016566871,false,"בקבוק טרמי כוס מכסה 470 מ""ל",,,בקבוק טרמי כוס מכסה,יחידה,1.00,יחידה,false,1,69.90,69.9000,true,1,47855
7290016566888,false,"בקבוק טרמי כוס מכסה 700 מ""ל",,,בקבוק טרמי כוס מכסה 700מל,יחידה,1.00,יחידה,false,1,79.90,79.9000,true,1,47856
7290016566895,false,"בקבוק טרמי פקק קש 600 מ""ל",,,בקבוק טרמי פקק קש,יחידה,1.00,יחידה,false,1,69.90,69.9000,true,1,47859
7290016584004,true,חטיפוני גזר בשקית,,,חטיפוני גזר בשקית,Unknown,0.00,Unknown,false,1,6.90,0.0000,true,1,40869
7290016607321,false,יין דלתון פט נאט מבע,"יקב דלתון בע""מ",IL,יין דלתון פט נאט מבעבע 750 מל,מיליליטרים,750.00,"100 מ""ל",false,6,100.00,13.3333,true,1,33542
7290016607345,false,יין רזרב שיראז דלתון,"יקב דלתון בע""מ",,יין רזרב שיראז דלתון 750 מל,מיליליטרים,750.00,"100 מ""ל",false,1,100.00,13.3333,true,1,30090
7290016607390,false,"יין דלתון דלתון רזרב מרלו 750 מ""ל","יקב דלתון בע""מ",IL,יין מרלו רזרב דלתון 750 מל,מיליליטרים,750.00,"100 מ""ל",false,1,100.00,13.3333,true,1,36298
7290016607406,false,"יין דלתון רזרב קברנה סוביניון 750 מ""ל","יקב דלתון בע""מ",IL,יין קברנה סוביניון רזרב 2016 750 מל,מיליליטרים,750.00,"100 מ""ל",false,1,100.00,13.3333,true,1,31044
7290016607529,false,יין דלתון קוסט טו קו,"יקב דלתון בע""מ",IL,יין דלתון קוסט טו קוסט אסופה 750 מל,מיליליטרים,750.00,"100 מ""ל",false,6,100.00,13.3333,true,1,33537
7290016607536,false,יין דלתון קרינין מאג,"יקב דלתון בע""מ",IL,יין דלתון קרינין מאגסטיק אסופה 750 מל,מיליליטרים,750.00,"100 מ""ל",false,6,100.00,13.3333,true,1,33536
7290016607543,false,יין דלתון לבנטינה אס,"יקב דלתון בע""מ",IL,יין דלתון לבנטינה אסופה 750 מל,מיליליטרים,750.00,"100 מ""ל",false,6,100.00,13.3333,true,1,33540
7290016607550,false,יין דלתון שנין בלאן,"יקב דלתון בע""מ",IL,יין דלתון שנין בלאן וויילד וואן 750 מל,מיליליטרים,750.00,"100 מ""ל",false,6,80.00,10.6667,true,1,33535
7290016607772,false,"יין רוזה גליל דלתון 750 מ""ל","יקב דלתון בע""\מ",IL,יין דלתון רוזה גליל 750 מל,מיליליטרים,750.00,"100 מ""ל",false,1,60.00,8.0000,true,1,36353
7290016621013,false,"ד""ר פישר - קרם גוף קמיל בלו 500 מ""ל",פישר מעבדות פרמצבטיות בע,IL,קרם גוף קמיל בלו,מיליליטרים,500.00,"100 מ""ל",false,1,19.90,3.9800,true,1,17394
7290016621365,false,אל סבון היגייני לניקוי יסודי קמיל Clean & Moisture,פישר מעבדות פרמצבטיות בע,IL,אל סבון קמיל לידיים ניקיון ורעננות 1ליטר,ליטרים,1.00,ליטר,false,1,13.90,13.9000,true,1,18867
7290016621952,false,קמיל בלו סנסיטיב קרם פנים לתינוק SPF30,פישר מעבדות פרמצבטיות בע,IL,קרם פנים לתינוק קמיל בלו סנסטיב 30 75מל,Unknown,0.00,Unknown,false,1,29.90,0.0000,true,1,19428
7290016682182,false,שייק תמר בננה מופחת סוכר 1 ליטר פרי ניב,פריניב בעמ,IL,משקה שייק תמר בננה מופחת סוכר 1ל פרי ניב,ליטרים,1.00,ליטר,false,1,15.90,15.9000,true,1,23080
7290016682199,false,פריניב שייק תות בננה מופחת סוכר 1 ליטר,פריניב בעמ,IL,משקה שייק תות בננה מופחת סוכר 1ל פרי ניב,ליטרים,1.00,ליטר,false,1,15.90,15.9000,true,1,23082
7290016682250,false,מיץ תפוז גזר פרי ניב 1 ליטר,פרי ניב,IL,מיץ תפוגזר 1ליטר פרי ניב,ליטרים,1.00,ליטר,false,1,16.90,16.9000,true,1,50588
7290016682335,false,מיץ תפוזים סחוט פריניב 2 ליטר,פרי ניב,IL,מיץ תפוזים 2ליטר פרי ניב בק. פקדון,ליטרים,2.00,ליטר,false,1,22.90,11.4500,true,1,46165
7290016682342,false,מיץ תפוזים וולנסיה פרי ניב 2 ליטר-,פרי ניב,IL,מיץ תפוז וולנסיה 2ליטר פרי ניב בק. פקדון,ליטרים,2.00,ליטר,false,1,22.90,11.4500,true,1,46166
7290016682359,false,מיץ תפוזים שמוטי פרי ניב 2 ליטר-,פרי ניב,IL,מיץ תפוז שמוטי 2ליטר פרי ניב בק.פקדון,ליטרים,2.00,ליטר,false,1,22.90,11.4500,true,1,46167
7290016682380,false,מיץ טבעי לימונדה ולואיזה פרי ניב 2 ליטר-,פרי ניב,IL,מיץ לימונדה לואיזה 2 ליטר פרי ניב בק.פקד,ליטרים,2.00,ליטר,false,1,20.90,10.4500,true,1,46168
7290016682397,false,מיץ חמוציות פרי ניב 2 ליטר-,פרי ניב,IL,מיץ חמוציות 2ליטר פרי ניב בק.פקדון,ליטרים,2.00,ליטר,false,1,20.90,10.4500,true,1,46169
7290016717051,false,משקה Buzz מוגז בטעם רימון מבוסס יין אדום מתוק,יקבי כרמל Carmel Winery,IL,יין באזז רימון 750 מל,מיליליטרים,750.00,"100 מ""ל",false,1,35.00,4.6667,true,1,31954
7290016717099,false,"יין כרמל סלקטד אדום חצי יבש, 750 מ""ל",יקבי כרמל Carmel Winery,IL,יין אדום חצי יבש 750 מל פקדון,מיליליטרים,750.00,"100 מ""ל",false,1,35.00,4.6667,true,1,17454
7290016717167,false,"יין 2 ווטאס לבן יקבי כרמל 750 מ""ל",,IL,יין לבן חצי יבש 2015 שמיטה 750 מל,מיליליטרים,750.00,"100 מ""ל",false,1,60.00,8.0000,true,1,17600
7290016717174,false,"יין 2 ווטאס רוזה יקבי כרמל 750 מ""ל",,,יין רוזה יבש 2015 שמיטה 750 מל,מיליליטרים,750.00,"100 מ""ל",false,1,60.00,8.0000,true,1,17601
7290016717235,false,יין קונקורד אדום ממותק קינג דיוויד - בקבוק אישי,יקבי כרמל Carmel Winery,IL,יין קונקורד קינג דויד,מיליליטרים,187.00,"100 מ""ל",false,1,6.90,3.6898,true,1,26935
7290016717631,false,יין מוסקטו בעל חוזק אלכוהול נמוך פרייבט קולקשן,אגודת הכורמים הקואופרטיב,IL,יין מוסקטו פי סי לבן 750 מל,מיליליטרים,750.00,"100 מ""ל",false,1,45.00,6.0000,true,1,20974
7290016717754,false,"יין ישן נושן יקבי כרמל 750 מ""ל ^^^",אגודת הכורמים הקואופרטיב,IL,יין ישן נושן 750 מל פקדון,מיליליטרים,750.00,"100 מ""ל",false,12,25.00,3.3333,true,1,22168
7290016717976,false,"יין סלקטד באז אפרסק כרמל 750 מ""ל",כרמל מזרחי,IL,יין באז אפרסק 750 מל,מיליליטרים,750.00,"100 מ""ל",false,1,35.00,4.6667,true,1,33261
7290016732634,false,סנסודין מברשת שיניים דואלקר,גלקסוס סמית קליין,CN,מברשת שיניים סנסודיין דואל קר,Unknown,0.00,Unknown,false,1,19.90,0.0000,true,1,19881
7290016732672,false,מברשת שיניים סנסודיין הגנה מלאה,גלקסוס סמית קליין,CN,מברשת שיניים סנסודיין הגנה מלאה,Unknown,0.00,Unknown,false,1,19.90,0.0000,true,1,20072
7290016732696,false,מברשת שיניים סנסודיי,גלקסוס סמית קליין,,מברשת שיניים סנסודיין פרונאמל,Unknown,0.00,Unknown,false,1,19.90,0.0000,true,1,20071
7290016747560,false,מורז כינקר מארז טיפולי ספריי+שמפו,מורז,IL,מארז כינקייר טיפולי מורז 15דקות 350מל,מיליליטרים,350.00,"100 מ""ל",false,1,89.90,25.6857,true,1,47512
7290016865943,false,אטריות ביצים פטוציני אוריינט 400 גרם,פ.פ.פ טאביט פולין,PL,אטריות ביצים אוריינט פטוציני 400 גרם,גרמים,400.00,100 גרם,false,1,12.90,3.2250,true,1,22163
7290016866186,false,ספירה פרש מבשם לרכב בניחוח פרח הוניל,גורי,MX,מבשם לרכב ספירה פרש בניחוח וניל,יחידה,1.00,יחידה,false,1,9.90,9.9000,true,1,21982
7290016866476,false,"דאורדורנט אדם בודי ספרי קלאסיק 150 מ""ל",רנקסן סונגר סאן ביי,TR,ספריי גוף אדם קלאסיק 150 מל,מיליליטרים,150.00,"100 מ""ל",false,1,12.90,8.6000,true,1,28640
7290016866483,false,בודי ספריי אדם אקסטרים 150 מל,רנקסן סונגר סאן ביי,TR,ספריי גוף אדם אקסטרים 150 מל,מיליליטרים,150.00,"100 מ""ל",false,1,12.90,8.6000,true,1,20420
7290016866643,false,פרודונטקס מ.שיניים אקסטרה פרש 75 מל,פרודונטקס Parodontax,SK,מש.שיניים פרודונטקס פרש 75מל,Unknown,0.00,Unknown,false,1,29.90,0.0000,true,1,22756
7290016866650,false,"פרודונטקס - משחת שיניים אוריג'ינל 75 מ""ל",פרודונטקס Parodontax,SK,מש.שיניים פרודונטקס אורגינל 75מל,Unknown,0.00,Unknown,false,1,29.90,0.0000,true,1,22755
7290016866667,false,"פרודונטקס - משחת שיניים ללא פלאוריד 75 מ""ל",פרודונטקס Parodontax,SK,מש.שיניים פרודונטקס פלאוריד 75מל,Unknown,0.00,Unknown,false,1,29.90,0.0000,true,1,22757
7290016866674,false,"פרודונטקס - משחת שיניים מלבינה 75 מ""ל",פרודונטקס Parodontax,SK,מש.שיניים פרודונטקס מלבינה 75מל,Unknown,0.00,Unknown,false,1,29.90,0.0000,true,1,22754
7290016866681,false,מברשת שיניים פרודונטקס סופט,גלקסוס סמית קליין,CN,מברשת שינים פרדונטקס סופט,Unknown,0.00,Unknown,false,1,19.90,0.0000,true,1,20962
7290016866704,false,סטייל שמפו קרטין E 750 מל לשיקום שיער יב,סטייל Style,IL,שמפו סטייל קרטין 750 מל,מיליליטרים,750.00,"100 מ""ל",false,1,26.90,3.5867,true,1,20411
7290016866711,false,"סטייל מרכך לשיער קרטין פלוס לאחר החלקה, 750 מ""ל",סטייל Style,IL,מרכך סטייל קרטין 750 מל,מיליליטרים,750.00,"100 מ""ל",false,1,26.90,3.5867,true,1,20412
7290016866728,false,סטייל מסכה קרטין E 500 מל לשיקום שיער יב,סטייל Style,IL,מסכת שיער קרטין סטייל 500 מל,מיליליטרים,500.00,"100 מ""ל",false,1,44.90,8.9800,true,1,20413
7290016866735,false,סטייל קרם לחות קרטין E 400 מל לשיקום שיע,א.ל. ארמן,IL,קרם לחות לשיער קרטין סטייל 500 מל,מיליליטרים,400.00,"100 מ""ל",false,1,44.90,11.2250,true,1,20414
7290016867008,false,"לחם כוסמין מחמצת ד""ר מרק",המאפה של דר' מארק,IL,לחם כוסמין מחמצת 700 גר,גרמים,700.00,100 גרם,false,1,18.90,2.7000,true,1,32331
7290016867114,false,לחם כוסמין קל מלא 500 גר',המאפה של דר מרק בריא,IL,לחם קל כוסמין 500 גר דר מרק,גרמים,500.00,100 גרם,false,1,18.90,3.7800,true,1,35798
7290016882407,false,מחית חצילים קלויים 510 גרם,אונטד גידה,TR,חצילים קלויים גורמט 550 גרם,גרמים,550.00,100 גרם,false,12,11.90,2.1636,true,1,37536
7290016883176,false,"מוזלי פתיתי שיבולת שועל עם שוקולד מריר ושבבי קוקוס 1 ק""ג","דין שיווק וקלייה בע""",MK,תערובת מוזלי שוקולד מריר וקוקוס שקדיה 1ק,קילוגרמים,1.00,"ק""ג",false,1,21.90,21.9000,true,1,20383
7290016897029,false,צ'אי מסאלה רויבוס 1.8 גרם עדנים,"תה עדנים בע""מ",IL,חליטת צאי מאסלה אורגני 1.5 גר 20 שק,יחידה,20.00,יחידה,false,1,13.90,0.6950,true,1,20237
7290016897067,false,חליטת צואי כורכום או,,,חליטת צואי כורכום אורגני ר.טבעיים 20 שק,יחידה,20.00,יחידה,false,8,13.90,0.6950,true,1,36113
7290016912463,false,קמיל בלו NATURE משחת החתלה לתינוק 100 גר,פישר מעבדות פרמצבטיות בע,IL,משחת החתלה קמיל בלו נטורל 100גר,גרמים,100.00,100 גרם,false,12,19.90,19.9000,true,1,28397
7290016912494,false,"ד""ר פישר - אפקטיב קר תרחיץ פנים לכל סוגי העור 180 מ""ל",פישר מעבדות פרמצבטיות בע,IL,תרחיץ פנים אפקטיב קר 180מל לכל סוגי העור,מיליליטרים,180.00,"100 מ""ל",false,1,17.90,9.9444,true,1,19841
7290016912500,false,"ד""ר פישר - אפקטיב קר תרחיץ פנים לעור רגיש 180 מ""ל",פישר מעבדות פרמצבטיות בע,IL,תרחיץ פנים אפקטיב קר 180מל לעור רגיל,מיליליטרים,180.00,"100 מ""ל",false,1,17.90,9.9444,true,1,19842
7290016912609,false,"סרקל מסיכת הזנה לשיער ילדים 200 מ""ל",פישר מעבדות פרמצבטיות בע,IL,מסכת שיער סרקל 200מל לילדים,מיליליטרים,200.00,"100 מ""ל",false,1,24.90,12.4500,true,1,19843
7290016912623,false,סרקל מרכך לילדים לשיער בהיר - בלונדיני,פישר מעבדות פרמצבטיות בע,IL,מרכך בלונד סרקל 1 ליטר,ליטרים,1.00,ליטר,false,1,28.90,28.9000,true,1,19430
7290016995046,false,"קמח טף טבעי 1 ק""ג תב",תבואות,,קמח טף טבעי 1 קג,קילוגרמים,1.00,"ק""ג",false,1,21.90,21.9000,true,1,18822
7290016995053,false,קמח טפיוקה 500 גר' ת,תבואות,,קוביות זינגוויל אורגני 150 גר,גרמים,500.00,100 גרם,false,1,10.00,2.0000,true,1,24222
7290016995220,false,דבש אורגני מפרחי בר 500 גרם,,AR,דבש אורגני 500 גר,גרמים,500.00,100 גרם,false,1,39.90,7.9800,true,1,20177
7290016995251,false,מלח הימליה דק במלחייה250,תבואות,PK,מלחיה הימליה 250 גר,גרמים,250.00,100 גרם,false,1,11.90,4.7600,true,1,20179
7290016995398,false,חומץ תפוחים אורגני 1 ליטר,תבואות,ES,חומץ תפוח אורגני לא מסונן 1 לי,ליטרים,1.00,ליטר,false,6,19.90,19.9000,true,1,37679
7290016995404,false,חומץ תפוחים מסונן אורגני 1 ליטר,תבואות,,חומץ תפוח אורגני מסונן 1 לי,ליטרים,1.00,ליטר,false,6,19.90,19.9000,true,1,37680
7290016995466,false,אגבה כחולה אורגני 330 גרם,שקד תבור,MX,סירופ אגבה כחולה אורגני 330 גר,גרמים,330.00,100 גרם,false,1,16.90,5.1212,true,1,24224
7290016995473,false,סירופ אגבה כחולה אור,שקד תבור,MX,סירופ אגבה כחולה אורגני 660 גר,גרמים,660.00,100 גרם,false,1,24.90,3.7727,true,1,24223
7290016995657,false,מלפפון במלח אורגני 6,פולאן פולסקו,PL,מלפפון במלח אורגני 670 גר 12 יח,גרמים,670.00,100 גרם,false,12,16.90,2.5224,true,1,29825
7290016995664,false,כרוב כבוש אורגני 680,,,כרוב כבוש אורגני 680 גרם,גרמים,680.00,100 גרם,false,12,12.90,1.8971,true,1,29826
7290016995848,false,שום כתוש אורגני 185 גרם,תבואות,CN,שום כתוש אורגני 185גר תבואות,גרמים,185.00,100 גרם,false,12,14.90,8.0541,true,1,32466
7290016995855,false,גינגר אורגני כתוש 185 גר,תבואות,CN,גינגר כתוש אורגני 185גר תבואות,גרמים,185.00,100 גרם,false,12,14.90,8.0541,true,1,32467
7290016995886,false,פלפל צילי כתוש אורגנ,תבואות,CN,פלפל צילי כתוש אורגני 185גר תבואות,גרמים,185.00,100 גרם,false,12,14.90,8.0541,true,1,32468
7290016995930,false,אבקת קקאו אורגנית 200 גרם,תבואות,PE,אבקת קקאו אורגנית 200 גר,גרמים,200.00,100 גרם,false,12,19.90,9.9500,true,1,31916
7290016995985,false,אבקת פסיליום אורגני 300 גרם,תבואות,IN,אבקת פסיליום אורגני 300 גר,גרמים,300.00,100 גרם,false,12,33.90,11.3000,true,1,37672
7290017000244,false,יין מוסקטו קסטל 375,,,יין מוסקטו קסטל 375 מל,מיליליטרים,375.00,"100 מ""ל",false,1,119.00,31.7333,true,1,35065
7290017000343,false,יין רזיאל אדום 750 מ,,,יין רזיאל אדום 750 מל,מיליליטרים,750.00,"100 מ""ל",false,1,159.00,21.2000,true,1,35066
7290017000435,false,יין רזיאל אדום 750 מ,,,יין רזיאל אדום 750 מל,מיליליטרים,750.00,"100 מ""ל",false,1,159.00,21.2000,true,1,36117
7290017023212,false,"שוויפס מוגז פירות תפוח מארז רביעייה* 330 מ""ל",יפאורה תבורי בעמ,IL,מארז 4יח שוופס פחית מוגז פירות תפוח 330מ,מיליליטרים,1320.00,"100 מ""ל",false,1,12.90,0.9773,true,1,21328
7290017023229,false,רביעיית פחיות שוופס מוגז פירות תות ליים 330 מל.,יפאורה תבורי בעמ,IL,מארז 4יח שוופס פחית מוגז פירות תות 330מ,מיליליטרים,1320.00,"100 מ""ל",false,1,12.90,0.9773,true,1,21330
7290017023236,false,רביעיית פחיות שוופס מוגז פירות ענבים 330 מל.,יפאורה תבורי בעמ,IL,מארז 4יח שוופס פחית מוגז ענבים 330מל,מיליליטרים,1320.00,"100 מ""ל",false,1,12.90,0.9773,true,1,21331
7290017023663,false,"שוופס מיץ פירות לימונייד פחית מארז 330X4מ""ל",יפאורה תבורי,IL,מארז 4יח שוופס מוגז פירות למונייד פח330מ,מיליליטרים,1320.00,"100 מ""ל",false,1,12.90,0.9773,true,1,23382
7290017023809,false,"רביעיית ספרינג אגס סברס תפוח 250 מ""ל","יפאורה תבורי בע""\מ",IL,מארז 4יח ספרינג 250מל אגס סברס תפוח,מיליליטרים,1000.00,"100 מ""ל",false,1,12.90,1.2900,true,1,27926
7290017023816,false,"ספרינג  פירות טרופיים 250 מ""ל רביעייה","יפאורה תבורי בע""\מ",IL,מארז 4יח ספרינג 250מל פירות טרופיים,מיליליטרים,1000.00,"100 מ""ל",false,1,12.90,1.2900,true,1,27925
7290017023823,false,"רביעיית ספרינג תות בננה 250 מ""ל","יפאורה תבורי בע""\מ",IL,מארז 4יח ספרינג 250מל תות בננה,מיליליטרים,1000.00,"100 מ""ל",false,1,12.90,1.2900,true,1,27924
7290017023854,false,מי סודה בקבוקים אישיים - מארז 4 יח',יפאורה תבורי בעמ,IL,מארז 4יח סודה שוופס 250מל,מיליליטרים,1000.00,"100 מ""ל",false,1,10.90,1.0900,true,1,25787
7290017023861,false,סודה בטעם לימון בקבוקים אישיים - מארז 4 יח',יפאורה תבורי בעמ,IL,מארז 4יח סודה לימון שוופס 250מל,מיליליטרים,1000.00,"100 מ""ל",false,1,10.90,1.0900,true,1,25788
7290017023878,false,סודה בטעם נענע ליים בקבוקים אישיים - מארז 4 יח',יפאורה תבורי בעמ,IL,מארז 4יח סודה נענע ליים שוופס 250מל,מיליליטרים,1000.00,"100 מ""ל",false,1,10.90,1.0900,true,1,25789
7290017031156,false,דפים על בסיס קמח תירס ואורז ללא גלוטן 250 גר',,IT,דפי לזניה ללא גלוטן 250גר,גרמים,250.00,100 גרם,false,12,9.90,3.9600,true,1,28631
7290017031170,false,פתיתים על בסיס קמח עדשים אדומות בצורת פוזילי ללא גלוטן 250 גר',andnani,IT,פתיתים על בסיס קמח עדשים ללא גלוטן 250,גרמים,250.00,100 גרם,false,12,11.90,4.7600,true,1,30155
7290017031194,false,פתיתים על בסיס קמח אפונה בצורת פנה ללא גלוטן 250 ג',"אנדיריאני בע""מ",IT,פתיתים על בסיס קמח אפונה ללא גלוטן 250,גרמים,250.00,100 גרם,false,1,11.90,4.7600,true,1,27009
7290017031323,false,"אטריות ביצים פפרדלה 400 מ""ל",פ.פ.פ טאביט פולין,PL,אטריות ביצים אוריינט פרפדלה 400 גרם,גרמים,400.00,100 גרם,false,1,12.90,3.2250,true,1,22164
7290017031477,false,"סנסודיין משחת שיניים רפיד רליף להלבנה 75 מ""ל","סמיתקליין ביצ'ם בע""מ",GB,מש.שיניים סנסודיין רפיד רליף הלבנה 75מל,גרמים,75.00,100 גרם,false,1,21.90,29.2000,true,1,27897
7290017031651,false,דאודורנט אדם קלאסיק,רנקסן סונגר סאן ביי,,דאודורנט אדם קלאסיק 75 מל,Unknown,0.00,Unknown,false,1,5.90,0.0000,true,1,26056
7290017031668,false,דאודורנט אדם אקסטרים,רנקסן סונגר סאן ביי,,דאודורנט אדם אקסטרים 75 מל,Unknown,0.00,Unknown,false,1,5.90,0.0000,true,1,26057
7290017031705,false,"סנסודיין משחת שיניים קלין & פרש 75 מ""ל",גלקסוס סמית קליין,SK,משחת שיניים סנסודיין קלין אנד פרש 75מל,גרמים,75.00,100 גרם,false,12,21.90,29.2000,true,1,24807
7290017031859,false,"פרודונטקס - משחת שיניים אולטרא קלין 75 מ""ל","מאסטרפוד אוסטריה בע""מ",SK,מש.שיניים פרודונטקס אולטרא קלין 75 מל,Unknown,0.00,Unknown,false,1,29.90,0.0000,true,1,24806
7290017040363,false,מארז דונאטס אורו רביעייה,בייקר אנד בייקר,DE,דונאטס אוראו 4יחידות 292 גרם,גרמים,292.00,100 גרם,false,13,29.90,10.2397,true,1,50492
7290017040370,false,מארז דונאטס מילקה רביעייה,בייקר אנד בייקר,DE,דונאטס מילקה 4יחידות 260 גרם,גרמים,260.00,100 גרם,false,13,29.90,11.5000,true,1,50493
7290017044019,false,אסותא דלי מטליות לחות לנ.,טרופיקל דגיל,,מטליות לחות לניקוי כללי אסותא 400יח,יחידה,400.00,יחידה,false,1,18.90,0.0472,true,1,18879
7290017044071,false,אסותא דלי מטליות לחות לנ.,טרופיקל דגיל,,מטליות לחות אסותא מבושם ניקוי כללי 400יח,יחידה,400.00,יחידה,false,1,18.90,0.0472,true,1,21440
7290017058092,false,שיבולת שועל שלמה 600 גר גוד מורנינג,,LT,שבולת שועל עבה 600 גרם,גרמים,600.00,100 גרם,false,20,6.90,1.1500,true,1,49618
7290017058139,false,רביעיית מחית תפוח עץ ותות שדה תומר 113 גרם,אינדיאן סאמר קו אופ אינק,US,רסק תפוח עץ ותות שדה 4 יח 113 גר,גרמים,452.00,100 גרם,false,1,10.90,2.4115,true,1,50683
7290017058146,false,"רסק תפוֿֿֿֿ""ע עם אפרסק 4 יח' 12X",אינדיאן סאמר קו אופ אינק,US,רסק תפוח עץ ואפרסק 4 יח 113 גר,גרמים,452.00,100 גרם,false,1,10.90,2.4115,true,1,50684
7290017058160,false,שימורי אנשובי עם צ'ילי חריף 45 ג' תומר,תומר,IL,אנשובי בשמן צמחי עם צילי 45 גר בפח,Unknown,0.00,Unknown,false,1,6.90,0.0000,true,1,32347
7290017058795,false,תירס גמדי שלם במי מלח בצנצנת 340 גרם,אינדיה אגרו אקספורט,IN,תירס גמדי שלם במי מלח 340 גרם,גרמים,340.00,100 גרם,false,12,7.50,2.2059,true,1,39620
7290017065007,false,פרוסות גבינה מוצרלה חצי קשה 22% שומן 200 ג' גד,מחלבות גד בעמ,IL,גבינת מוצרלה 200 גרם פרוסה,גרמים,200.00,100 גרם,false,1,19.90,9.9500,true,1,18264
7290017065137,false,ריקוטה למריחה 5% טבעית 200 גרם - רובין,האי נאם סי או אל.טי.,IL,גבינת ריקוטה למריחה 5% טבעית 200 גרם,גרמים,200.00,100 גרם,false,1,10.50,5.2500,true,1,20542
7290017065144,false,ריקוטה למריחה בתוספת בזיליקום 5% גד 200 גם,האי נאם סי או אל.טי.,IL,גבינת ריקוטה למריחה 5% בזיליקום 200 גרם,גרמים,200.00,100 גרם,false,1,10.50,5.2500,true,1,20544
7290017065168,false,גבינה כחולה denish blue cheese 100 גרם,ST.CLEMENS-BOMHOLMWS,DK,גבינה כחולה 100 גרם מחלבות גד,גרמים,100.00,100 גרם,false,1,18.90,18.9000,true,1,22038
7290017065175,false,גבינת מנצ'גו פרוסה 150 גרם,הנסיך- מפעל לייצור ט,ES,גבינת מנצגו 150גר פרוס מחלבות גד,גרמים,150.00,100 גרם,false,1,22.90,15.2667,true,1,22039
7290017065212,false,גבינת קרם מסקרפונה מחלבות גד 250 גר,מיוצר עי קוד יצרן ED,IL,קרם מסקרפונה 250גרם מחלבות גד,גרמים,250.00,100 גרם,false,1,21.90,8.7600,true,1,22044
7290017065236,false,גבינה בולגרית מעודנת 24% גד 250 גרם,הנסיך- מפעל לייצור ט,IL,גבינה בולגרית מעודנת 24% 250גר גד,גרמים,250.00,100 גרם,false,1,24.90,9.9600,true,1,22042
7290017065311,false,פרוסות גבינה מוצרלה מעושנת 200 ג',מחלבות גד בעמ,IL,גבינת מוצרלה מעושנת 200גר מחלבות גד,גרמים,200.00,100 גרם,false,1,19.90,9.9500,true,1,22041
7290017065380,false,גבינת גרנה פדנו שבבים גד 100 גרם,גבינות מדף,IT,גבינת גרנה פדנו 100גר שבבים,גרמים,100.00,100 גרם,false,1,15.90,15.9000,true,1,27550
7290017065434,false,פרוסות גבינה גאודה הולנדית חצי קשה 200 גרם בית יוסף,מחלבות גד בעמ,NL,גבינת גאודה הולנדית 200גר מחלבות גד,גרמים,200.00,100 גרם,false,1,24.90,12.4500,true,1,30600
7290017065441,false,גבינה גאודה עיזים פרוסה הולנדית 200 גר',גבינות מדף,NL,גבינת גאודה עיזים 200גר מחלבות גד,גרמים,200.00,100 גרם,false,1,34.90,17.4500,true,1,30601
7290017065526,false,קוואטרו פורמאג'י 4 גבינות מגוררות 26%,"מחלבות גד בע""\מ",IL,גבינת קוואטרו פורמאגי 300גרם,גרמים,300.00,100 גרם,false,1,30.90,10.3000,true,1,28404
7290017065588,false,יוגורט יווני 10% שומן 600 ג' גד,"מיוצר ע""\י קוד יצרן MKN",IL,יוגורט יווני 600גר,גרמים,600.00,100 גרם,false,1,17.90,2.9833,true,1,32821
7290017065618,false,גבינת פקורינו פרוס מחלב כבשים,הנסיך- מפעל לייצור ט,ES,גבינת פקורינו 150גר פרוס,גרמים,150.00,100 גרם,false,1,26.90,17.9333,true,1,32820
7290017065649,false,קרם פטיסייר מחלבות ג,מיוצר עי קוד יצרן ED,IL,קרם פטיסייר 250גר,גרמים,250.00,100 גרם,false,1,21.90,8.7600,true,1,32818
7290017065663,false,גבינת פטה עיזים מעודנת 16% גד 200 גרם,ג'נרל מילס סאן אדריא,IL,גבינה פטה עיזים 16% מעודנת 250 גר,גרמים,250.00,100 גרם,false,6,31.90,12.7600,true,1,35584
7290017065731,false,גבינת שמנת 30% ניו יורק +כמהין 200 גרם רבנות,פ.פ.ח. שאביט,IL,גבינת שמנת כמהין 200גר 30%,גרמים,200.00,100 גרם,false,1,14.50,7.2500,true,1,38987
7290017065762,false,מאנורי גבינה בסגנון יווני לצליה 30% שומן 100 גרם,מחלבות גד,IL,גבינת מאנורי 100גרם בסגנון יווני לצליה,גרמים,100.00,100 גרם,false,10,12.90,12.9000,true,1,47662
7290017065786,false,"גבינת צ`דר מחלבות גד , 210 גרם","מחלבות גד בע""\מ",IL,גבינת צדר אנגלית 210גרם מחלבות גד,גרמים,210.00,100 גרם,false,1,22.90,10.9048,true,1,46547
7290017065861,false,רוטב פקורינו ופלפל שחור קאצ'יו אה פפה 200 ג' גד,גבינות מדף,IL,רוטב קאציו אה פפה פיקורינו עם פלפל 200גר,גרמים,200.00,100 גרם,false,1,16.90,8.4500,true,1,48699
7290017065878,false,רוטב לפסטה מק אנד צ'יז גד 200 גרם,גבינות מדף,IL,רוטב מק אנד ציז 200גר גד,גרמים,200.00,100 גרם,false,1,16.90,8.4500,true,1,48702
7290017081090,false,יין סירה סיקרא קלו ד,,,יין סירה סיקרה קלו דה גת 750מל פקדו,מיליליטרים,750.00,"100 מ""ל",false,1,225.00,30.0000,true,1,23800
7290017081458,false,"יין הראל סירה 2018 750 מ""ל קלו דה גת",,,יין הראל סירה 750מל כרמי יוסף,מיליליטרים,750.00,"100 מ""ל",false,1,125.00,16.6667,true,1,48209
7290017081953,false,"יין הראל קברנה סובניון 2019 750 מ""ל",,,יין קברנה סוביניון הראל 750 מל,מיליליטרים,750.00,"100 מ""ל",false,1,125.00,16.6667,true,1,49121
7290017086057,false,כדורי פלאפל קציצות טבעוני 400 גרם,פייס אוף ביין,IL,כדורי פלאפל 400 גרם פיס אוף בין,גרמים,400.00,100 גרם,false,1,22.90,5.7250,true,1,29746
7290017086071,false,כדורי תירס קציצות טבעוני 400 גרם,פייס אוף ביין,IL,כדורי תירס 400 גרם פיס אוף בין,גרמים,400.00,100 גרם,false,1,22.90,5.7250,true,1,29745
7290017086095,false,כדורי עדשים קציצות 400 ג,פייס אוף ביין,IL,כדורי עדשים 400 גרם פיס אוף בין,גרמים,400.00,100 גרם,false,1,22.90,5.7250,true,1,29743
7290017086118,false,כדורי חומוס כרובית קציצות טבעוני 400 גרם,,IL,כדורי חומוס כרובית 400 גרם פיס אוף בין,גרמים,400.00,100 גרם,false,1,22.90,5.7250,true,1,45618
7290017086125,false,כדורי בטטה כרובית 40,,IL,כדורי בטטה כרובית 400 גרם פיס אוף בין,גרמים,400.00,100 גרם,false,1,22.90,5.7250,true,1,45617
7290017088068,false,בייביסיטר - חיתולי סטנדרט מידה 4 - 42 יח',די.פי.אל תעשיות מוצרים ח,IL,חיתולי בייביסיטר סטנדרט מידה 4 42יח,יחידה,42.00,יחידה,false,1,35.90,0.8548,true,1,21712
7290017088075,false,בייביסיטר - חיתולי סטנדרט מידה 4+ - 40 יח',די.פי.אל תעשיות מוצרים ח,IL,חיתולי בייביסיטר סטנדרט מידה 4+ 40יח,יחידה,40.00,יחידה,false,1,35.90,0.8975,true,1,21713
7290017088082,false,בייביסיטר - חיתולי סטנדרט מידה 5 - 36 יח',די.פי.אל תעשיות מוצרים ח,IL,חיתולי בייביסיטר סטנדרט מידה 5 36יח,יחידה,36.00,יחידה,false,1,35.90,0.9972,true,1,21714
7290017088327,false,רבעיית מגבונים בייביסיטר אקסטרא סופט ללא בישום 64 יחידות,די.פי.אל בעמ,IL,רביעיית מגבוני בייביסיטר אקסטרא סופט 64י,יחידה,256.00,יחידה,false,1,16.90,0.0660,true,1,34621
7290017088341,false,מגבון דוחה יתושים 20 יח',נאופארם,IL,מגבונים דוחה יתושים איי קר 20יח,יחידה,20.00,יחידה,false,1,12.90,0.6450,true,1,34625
7290017088693,false,קוויק מטליות לחות לניקוי וחיטוי רצפות ניחוח לוונדר 10 יחידות,די.פי.אל,IL,מגבוני קוויק לניקוי רצפות נ.לבנדר 10יח,יחידה,10.00,יחידה,false,12,9.90,0.9900,true,1,35691
7290017088778,false,"ג'ל לניקוי ידיים אלקו קייר 66% אלכוהול 100 מ""ל",,,גל אלכו קר לניקוי ידיים 100מל שפופרת,מיליליטרים,100.00,"100 מ""ל",false,24,9.90,9.9000,true,1,32903
7290017088815,false,בריז תחבושות לבריחת שתן נורמל 12 יח,ניאופארם,IT,תחבושות בריז נורמל 12יח,יחידה,12.00,יחידה,false,12,18.90,1.5750,true,1,39652
7290017088822,false,BREEZE תחבושות לבריחת שתן אקסטרה (10 יח'),ניאופארם,IT,תחבושות בריז אקסטרה 10יח,יחידה,12.00,יחידה,false,12,18.90,1.5750,true,1,39653
7290017088839,false,BREEZE תחבושות לבריחת שתן אקסטרה פלוס (8 יח'),ניאופארם,IT,תחבושות בריז אקסטרה פלוס 8יח,יחידה,8.00,יחידה,false,12,18.90,2.3625,true,1,39654
7290017088846,false,BREEZE תחבושות לבריחת שתן מקסי (8 יח'),ניאופארם,IT,תחבושות בריז מקסי 8יח,יחידה,8.00,יחידה,false,8,18.90,2.3625,true,1,39655
7290017088969,false,חיתולי בייביסיטר ניו בורן מידה 1 42 יח',די.פי.אל תעשיות מוצרים ח,IL,חיתולי בייביסיטר ניו בורן מידה 1 42יח,יחידה,42.00,יחידה,false,4,25.90,0.6167,true,1,45558
7290017088983,false,חיתולי בייביסיטר ניו בורן מידה 2 38 יחי',די.פי.אל תעשיות מוצרים ח,IL,חיתולי בייביסיטר ניו בורן מידה 2 38יח,יחידה,42.00,יחידה,false,4,25.90,0.6167,true,1,45559
7290017094199,false,סלט קוביות חציל ברוטב שמיר 200 גרם,"סלטי שמיר 2006 בע""מ",IL,מעדן חצילים 200 גרם גורמה,גרמים,200.00,100 גרם,false,1,10.90,5.4500,true,1,38831
7290017104065,false,סייטן ברוטב חמוץ מתוק אותנטבעי 350 גרם,,IL,סייטן ברוטב חמוץ מתוק 350גר אותנטבעי,גרמים,350.00,100 גרם,false,1,29.90,8.5429,true,1,45700
7290017104072,false,עוגה בנוסח גבינה 300,,IL,עוגה בנוסח גבינה 300גר אותנטבעי,גרמים,300.00,100 גרם,false,1,24.90,8.3000,true,1,25904
7290017104119,false,סייטן בנוסח שניצלים אותנטבעי 350 גרם,,IL,סייטן בנוסח שניצלים 350גר אותנטבעי,גרמים,350.00,100 גרם,false,1,29.90,8.5429,true,1,25899
7290017104126,false,סייטן בנוסח שניצלונים אותנטבעי 350 גרם,,IL,סייטן בנוסח שניצלונים 350גר אותנטבעי,גרמים,350.00,100 גרם,false,1,29.90,8.5429,true,1,25900
7290017105062,false,גרגירי חומוס שלם יכין הקטניה הטובה 200 ג,היינץ צפון אמריקה מק,IL,חומוס שלם הקטניה הטובה 200 גר 6 אונס,גרמים,200.00,100 גרם,false,1,4.50,2.2500,true,1,20315
7290017105079,false,שעועית לבנה ברוטב עגבניות יכין הקטניה הט,היינץ צפון אמריקה מק,IL,שעועית אפויה הקטניה הטובה 200 גר 6 אונס,גרמים,200.00,100 גרם,false,1,4.50,2.2500,true,1,20316
7290017105086,false,שימורי יכין שעועית צילי 200 גר,"זנלכל בע""\מ",IL,שעועית צילי הקטניה הטובה 200 גר 6 אונס,גרמים,200.00,100 גרם,false,1,4.50,2.2500,true,1,20318
7290017105116,false,תורמוס הקטניה הטובה יכין 200/105 גרם,"זנלכל בע""\מ",IL,תורמוס הקטניה הטובה 200 גר 6 אונס,גרמים,200.00,100 גרם,false,1,4.50,2.2500,true,1,20319
7290017105123,false,פול מצרי הקטניה הטובה יכין 200/105 גרם,היינץ צפון אמריקה מק,IL,פול מצרי הקטניה הטובה 200 גר 6 אונס,גרמים,200.00,100 גרם,false,1,4.50,2.2500,true,1,20320
7290017105369,false,סירופ דיאט בטעם תה אפרסק יכין 1ליטר,זנלכל,IL,סירופ דיאט תה אפרסק יכין 1 לי,ליטרים,1.00,ליטר,false,1,16.90,16.9000,true,1,28633
7290017105468,false,מארז שלישייה אפונה קטנה יכין 3*200 גר,קשקמט קונסרב הונגריה,IL,אפונה שלישייה 200 גרם,גרמים,200.00,100 גרם,false,1,14.90,7.4500,true,1,31367
7290017105895,false,גרגרי חומוס להכנת חומוס משובח יכין 560 ג,זנלכל,IL,גרגירי חומוס מסעדות 550 גרם,גרמים,550.00,100 גרם,false,1,9.90,1.8000,true,1,35718
7290017106069,false,קוביות סלק יכין 550 גרם,היינץ צפון אמריקה מק,IL,קוביות סלק יכין 550 גרם,גרמים,550.00,100 גרם,false,12,9.90,1.8000,true,1,32947
7290017106151,false,יין קברנה פרנק הר או,,IL,יין קברנה פרנק הר אודם 750 מל 2016,מיליליטרים,750.00,"100 מ""ל",false,6,159.00,21.2000,true,1,33666
7290017106205,false,יין ויוניה וולקני 20,,IL,יין ויוניה וולקני 2018 750 מל,מיליליטרים,750.00,"100 מ""ל",false,1,85.00,11.3333,true,1,32428
7290017106243,false,יין סירה הר אודם 750,,IL,יין סירה הר אודם 750 מל 2016,מיליליטרים,750.00,"100 מ""ל",false,6,135.00,18.0000,true,1,33665
7290017106342,false,יין אלפסי הר אודם 75,,IL,יין אלפסי הר אודם 750 מל 2016,מיליליטרים,750.00,"100 מ""ל",false,6,249.00,33.2000,true,1,33667
7290017106403,false,יין יער אודם רוזה 20,,IL,יין יער אודם רוזה 2019 750 מל,מיליליטרים,750.00,"100 מ""ל",false,1,85.00,11.3333,true,1,32429
7290017106465,false,יין ריזלינג וולקני 2,,IL,יין ריזלינג וולקני 2019 750 מל,מיליליטרים,750.00,"100 מ""ל",false,1,85.00,11.3333,true,1,33791
7290017106519,false,"יין מרלו הר אודם 750 מ""ל",,IL,יין מרלו הר אודם 750 מל 2018,מיליליטרים,750.00,"100 מ""ל",false,6,119.00,15.8667,true,1,39029
7290017106540,false,יין ויוניה וולקני 20,,IL,יין ויוניה וולקני 2020 750 מל,מיליליטרים,750.00,"100 מ""ל",false,1,85.00,11.3333,true,1,39080
7290017106601,false,יין סירה הר אודם 750,יקב הר אודם,IL,יין סירה הר אודם 750 מל 2018,מיליליטרים,750.00,"100 מ""ל",false,6,135.00,18.0000,true,1,39165
7290017106656,false,יין ריזלינג וולקני 2,,IL,יין ריזלינג וולקני 2020 750 מל,מיליליטרים,750.00,"100 מ""ל",false,1,85.00,11.3333,true,1,41115
7290017106717,false,יין קברנה פרנק הר או,,IL,יין קברנה פרנק הר אודם 750 מל,מיליליטרים,750.00,"100 מ""ל",false,6,159.00,21.2000,true,1,48328
7290017106731,false,יין יער אודם רוזה 75,,IL,יין יער אודם רוזה 750 מל,מיליליטרים,750.00,"100 מ""ל",false,1,70.00,9.3333,true,1,47082
7290017106762,false,יין קברנה וולקני דמא,,IL,יין קברנה וולקני דמאי 750 מל,מיליליטרים,750.00,"100 מ""ל",false,1,85.00,11.3333,true,1,47685
7290017106779,false,יין יער אודם אדום 75,,IL,יין יער אודם אדום 750 מל,מיליליטרים,750.00,"100 מ""ל",false,1,70.00,9.3333,true,1,47730
7290017106786,false,יין יער אודם לבן 750,,IL,יין יער אודם לבן 750 מל,מיליליטרים,750.00,"100 מ""ל",false,1,70.00,9.3333,true,1,47729
7290017106830,false,יין שרדונה וולקני 75,,IL,יין שרדונה וולקני 750 מל,מיליליטרים,750.00,"100 מ""ל",false,1,85.00,11.3333,true,1,48698
7290017121086,false,"אריסה ביתית מתוקה עללחם, 250 גרם","מדשא תעשיות מזון בע""\מ",IL,אריסה ביתית מתוקה 250 גרם עללחם,גרמים,250.00,100 גרם,false,12,13.90,5.5600,true,1,47211
7290017121093,false,"אריסה חריפה 250 גרם ""עללחם""","מדשא תעשיות מזון בע""\מ",IL,אריסה חריפה 250 גרם בפיתה,גרמים,250.00,100 גרם,false,12,13.90,5.5600,true,1,28281
7290017129532,false,סוכריות לקקן תות 90 גרם כרמית,שוגבי,TR,לקקן כרמית תות 90 גרם,Unknown,0.00,Unknown,false,1,5.90,0.0000,true,1,23930
7290017129549,false,לקקן גלידה 10 יח' 90 גר' כרמית,כרמית,TR,לקקן כרמית גלידה 90 גרם,Unknown,0.00,Unknown,false,1,5.90,0.0000,true,1,23929
7290017129617,false,לקקן קולה לימונדה 450 גרם כרמית,שוגבי,TR,לקקן כרמית לימונדה 50 יח שקית,Unknown,0.00,Unknown,false,1,16.90,0.0000,true,1,23926
7290017129624,false,כרמית לקקן ענבים תפוח 450 גרם,שוגבי,TR,לקקן כרמית ענבים תפוח 50 יח שקית,Unknown,0.00,Unknown,false,1,16.90,0.0000,true,1,23927
7290017129754,false,"שוקולד מריר מעולה 70% מוצקי קקאו 100 גר בד""ץ","כרמית תעשיות ממתקים בע""\",IL,שוקולד אגו 70% מריר 100 גרם,גרמים,100.00,100 גרם,false,24,8.90,8.9000,true,1,32216
7290017129761,false,שוקולד פרימיום 70% מריר בטעם תפוז כרמית 100 גרם,"כרמית תעשיות ממתקים בע""\",IL,שוקולד אגו 70% מריר עם תפוז 100 גרם,גרמים,100.00,100 גרם,false,24,8.90,8.9000,true,1,49285
7290017129778,false,שוקולד פרימיום 70% מריר בטעם קפה כרמית 100 גרם,"כרמית תעשיות ממתקים בע""\",IL,שוקולד אגו 70% מריר פולי קפה 100 גרם,גרמים,100.00,100 גרם,false,24,8.90,8.9000,true,1,49283
7290017129822,false,מטבעות שוקולד מריר כרמית 36 גרם,כרמית,IL,מטבעות שוקולד מריר ברשת 36 גרם,Unknown,0.00,Unknown,false,35,3.90,0.0000,true,1,50762
7290017129839,false,שוקולד פרימיום 70% מריר בטעם פטל כרמית 100 גרם,"כרמית תעשיות ממתקים בע""\",IL,שוקולד אגו 70% מריר עם פטל 100 גרם,גרמים,100.00,100 גרם,false,24,8.90,8.9000,true,1,49284
7290017129877,false,מיקס לקקנים שטוחים פירות 40*7.5 גר' * 24 בקר',דורקן סקרלמה סאן. וי,TR,לקקן כרמית ענבים תפוח 50 יח שקית,יחידה,40.00,יחידה,false,1,12.90,0.3225,true,1,23928
7290017129983,false,שוקולד צ'יפס לבן פרווה כרמית 250 גרם,"כרמית תעשיות ממתקים בע""\",IL,שוקולד ציפס לבן 250גר כרמית,גרמים,250.00,100 גרם,false,1,11.90,4.7600,true,1,25427
7290017139272,false,"תחליב רחצה אינטימי פמינה שמן המפ 220 מ""ל",כ.צ.ט,IL,שטיפה אינטימית פמינה שמן המפ 220 מל,מיליליטרים,220.00,"100 מ""ל",false,1,23.90,10.8636,true,1,24261
7290017140049,false,קמח סורגום שי של הטב,אופק מן הטבע,,קמח סורגום שי של הטבע 500 גר,גרמים,500.00,100 גרם,false,1,14.90,2.9800,true,1,21553
7290017140063,false,"קמח עדשים אדומות לל""ג 500 גרם",אופק מן הטבע,,קמח עדשים אדומות שי של הטבע 500 גר,גרמים,500.00,100 גרם,false,1,15.90,3.1800,true,1,21554
7290017140070,false,קמח אפונה צהובה שי ש,אופק מן הטבע,,קמח אפונה צהובה שי של הטבע 500 גר,גרמים,500.00,100 גרם,false,1,12.90,2.5800,true,1,21550
7290017141008,false,בירה אוק אנד אש אמבר,,BE,בירה אוק אנד אש אמבר 330מל בק.פקדון,מיליליטרים,330.00,"100 מ""ל",false,24,14.90,4.5152,true,1,49176
7290017141022,false,אוק אנד אש - בירה אש 9.5% בלגית,,BE,בירה אוק אנד אש בלגית 9.5% 330מל בק.פקדו,מיליליטרים,330.00,"100 מ""ל",false,24,14.90,4.5152,true,1,49175
7290017141053,false,בירה אוק אנד אש ניפה,,BE,בירה אוק אנד אש ניפה 330מל בק.פקדון,מיליליטרים,330.00,"100 מ""ל",false,24,14.90,4.5152,true,1,49177
7290017141114,false,בירה אש בלונדינית 330 מל,,BE,בירה אוק אנד אש בלונדינית 330מל בק.פקדון,מיליליטרים,330.00,"100 מ""ל",false,24,14.90,4.5152,true,1,50364
7290017141152,false,בקבוק ג'ין ליים - מלפפון מוגז,,IL,גין ליים מלפפון מוגז 330מל בק.פקדון,מיליליטרים,330.00,"100 מ""ל",false,24,16.90,5.1212,true,1,50369
7290017141176,false,"וודקה עם חמוציות אוק אנד אש 330 מ""ל",,IL,וודקה עם חמוציות אוק אנד אש 330מל,מיליליטרים,330.00,"100 מ""ל",false,24,16.90,5.1212,true,1,50368
7290017142111,false,פתיתי טונה בשמן זית טו גו עץ הזית 85 גרם,"יוניקורד ח.צ בע""מ",TH,פתיתי טונה טו גו בשמן זית 85 גר,Unknown,0.00,Unknown,false,12,9.90,0.0000,true,1,23020
7290017142128,false,"שמן זית כתית מעולה קלאסי עץ הזית 750 מ""ל",שמן תעשיות בעמ,IT,שמן זית קלאסי עץ הזית 750 מל,מיליליטרים,750.00,"100 מ""ל",false,1,33.90,4.5200,true,1,21263
7290017142166,false,"פילה טונה פרוס עם שמן זית 120 גרם ""עץ הזית""","יוניקורד ח.צ בע""מ",TH,פילה טונה פרוס בשמן זית עץ הזית 120 גרם,גרמים,120.00,100 גרם,false,12,14.90,12.4167,true,1,28129
7290017142180,false,פילה פרוס ושמן זית בנגיעות טעם לימון ופלפל שחור,"יוניקורד ח.צ בע""מ",TH,פילה טונה בשמן זית לימון פלפל שחו120 גרם,גרמים,120.00,100 גרם,false,12,14.90,12.4167,true,1,28131
7290017142203,false,"פילה טונה פרוס עם שמן זית בטעם מעושן 120 גרם ""עץ הזית""","יוניקורד ח.צ בע""מ",TH,פילה טונה מעושן בשמן זית120 גרם,גרמים,120.00,100 גרם,false,12,14.90,12.4167,true,1,28130
7290017142234,false,"פתיתי טונה בהירה בשמן זית מעושן ""עץ הזית""","יוניקורד ח.צ בע""מ",TH,פתיתי טונה טו גו בשמן זית מעושן 85 גר,Unknown,0.00,Unknown,false,12,9.90,0.0000,true,1,28955
7290017142289,false,"תרסיס שמן חמניות לל""ת גז עץ הזית 200מ""ל",י.ב טכנולוגיות אריזה בעמ,IT,תרסיס שמן חמניות. 200 מל עץ הזית,מיליליטרים,200.00,"100 מ""ל",false,1,15.90,7.9500,true,1,26993
7290017142388,false,שמן חמניות פלוס אומגה 3 עץ הזית 1 ליטר,שמן תעשיות בעמ,IL,שמן חמניות פלוס אומגה 3עץ הזית 1ל,ליטרים,1.00,ליטר,false,1,16.90,16.9000,true,1,28957
7290017180144,false,רוטב שום וסילאן דודה,,IL,רוטב שום וסילאן דודה ברטה 350 גר,גרמים,340.00,100 גרם,false,9,16.90,4.9706,true,1,49006
7290017180304,false,רוטב אלף האיים דודה,,IL,רוטב אלף האיים דודה ברטה 275 גרם,גרמים,275.00,100 גרם,false,9,14.90,5.4182,true,1,49008
7290017180311,false,רוטב חרדל סילאן דודה,,IL,רוטב חרדל סילאן דודה ברטה 275 גרם,גרמים,275.00,100 גרם,false,9,14.90,5.4182,true,1,49010
7290017180328,false,רוטב שום שמיר דודה ב,,IL,רוטב שום שמיר דודה ברטה 275 גרם,גרמים,275.00,100 גרם,false,9,14.90,5.4182,true,1,49009
7290017180588,false,ריבת בצל יין אדום וסויה 250 גרם,,IL,ריבת בצל יין אדום וסויה דודה ברטה 250 גר,גרמים,250.00,100 גרם,false,9,18.90,7.5600,true,1,49011
7290017181363,false,רוטב לשקשוקה דודה ברטה 700 גרם,,IL,רוטב לשקשוקה דודה ברטה 700 גרם,גרמים,700.00,100 גרם,false,9,22.90,3.2714,true,1,49012
7290017189192,false,"אדממה פולי סויה 1 ק""ג",משק ויילר,CN,פולי סויה אדממה 1קג,קילוגרמים,1.00,"ק""ג",false,10,14.90,14.9000,true,1,50595
7290017189246,false,מיני פנקייק הולנדי א,,ES,מיני פנקייק הולנדי אפוי קפוא 500 גרם,גרמים,500.00,100 גרם,false,6,24.90,4.9800,true,1,28455
7290017189529,false,"עוגיות כוסמין מלא קוקוס ללת""ס 250 גרם",מפעלי דגן,IL,עוגיות כוסמין מלא עם קוקוס ללא סוכר 230,גרמים,230.00,100 גרם,false,1,16.90,7.3478,true,1,45464
7290017189536,false,"עוגיות כוסמין מלא א.מלך ללת""ס 250 גר",מפעלי דגן,IL,עוגיות כוסמין מלא אגוזי מלך ל.ס. 230 גרם,גרמים,230.00,100 גרם,false,1,16.90,7.3478,true,1,45466
7290017189543,false,"עוגיות כוסמין מלא גרנולה ללת""ס 250 גר",מפעלי דגן,IL,עוגיות כוסמין מלא גרנולה ללא סוכר230 גרם,גרמים,230.00,100 גרם,false,1,16.90,7.3478,true,1,49447
7290017189550,false,"עוגיות כוסמין מלא טחינה ללת""ס 250 גר",מפעלי דגן,IL,עוגיות כוסמין מלא טחינה ללא סוכר 230 גרם,גרמים,230.00,100 גרם,false,1,16.90,7.3478,true,1,50253
7290017201009,false,שקיות אשפה 25 יחידות,פרסט פלסט,TR,שקיות אשפה 25 יחידות 75/90 600 גרם,יחידה,25.00,יחידה,false,1,9.90,0.3960,true,1,19110
7290017201016,false,שקיות אשפה 25 יח עבו,פרסט פלסט,TR,שקיות אשפה 25 יח עבות וחזקות 75/90 900גר,יחידה,25.00,יחידה,false,1,12.90,0.5160,true,1,19111
7290017201405,false,סכיני עץ חד פעמי מתכ,,IN,סכיני עץ חד פעמי מתכלה 50יח,יחידה,50.00,יחידה,false,50,8.90,0.1780,true,1,38075
7290017201412,false,מזלגות עץ חד פעמי מת,,IN,מזלגות עץ חד פעמי מתכלה 50יח,יחידה,50.00,יחידה,false,50,8.90,0.1780,true,1,38074
7290017201436,false,קעריות חד פעמי אובלי,,IN,קעריות חד פעמי אובליות מתכלה10יח עלי דקל,יחידה,10.00,יחידה,false,24,11.90,1.1900,true,1,38072
7290017201443,false,צלחות בצורת לב חד פע,,IN,צלחות בצורת לב חד פעמי מתכלה 16סמ,יחידה,10.00,יחידה,false,24,10.90,1.0900,true,1,38077
7290017201450,false,מגש אירוח מלבני חד פ,,IN,מגש אירוח מלבני חד פעמי מתכלה 25/17,יחידה,10.00,יחידה,false,24,12.90,1.2900,true,1,38076
7290017201467,false,קערה חד פעמי מרובעת,,IN,קערה חד פעמי מרובעת 6אינץ 20יח עלי דקל,יחידה,20.00,יחידה,false,24,10.90,0.5450,true,1,39982
7290017201566,false,קשים מנייר מתכלה 100,,,קשים מנייר מתכלה 100יח,יחידה,100.00,יחידה,false,50,7.90,0.0790,true,1,38194
7290017201603,false,צלחות עלי דקל חד פעמ,,IN,צלחות עלי דקל חד פעמי מרובע 10אינץ 10יח,יחידה,10.00,יחידה,false,24,16.90,1.6900,true,1,35288
7290017201627,false,צלחות עלי דקל חד פעמ,,IN,צלחות עלי דקל חד פעמי מרובעת 8אינץ 10יח,יחידה,10.00,יחידה,false,24,13.90,1.3900,true,1,35286
7290017201696,false,צלחות קנה סוכר חד פע,,IN,צלחות קנה סוכר חד פעמי מרובע 20יח 6אינץ,יחידה,20.00,יחידה,false,50,5.90,0.2950,true,1,44673
7290017201719,false,קעריות מקנה סוכר 6 א,,,קעריות מקנה סוכר 6 אינץ 20יח,יחידה,20.00,יחידה,false,30,6.90,0.3450,true,1,38195
7290017201870,false,צלחת חד פעמי מחולקת,,IN,צלחת חד פעמי מחולקת ל3 20אינץ קנה סוכר,יחידה,20.00,יחידה,false,25,12.90,0.6450,true,1,35304
7290017201955,false,צלחות עלי דקל חד פעמ,,IN,צלחות עלי דקל חד פעמי עגול 10אינץ 10יח,יחידה,10.00,יחידה,false,24,15.90,1.5900,true,1,35293
7290017201979,false,צלחות עלי דקל חד פעמ,,IN,צלחות עלי דקל חד פעמי עגולות 8אינץ 10יח,יחידה,10.00,יחידה,false,24,13.90,1.3900,true,1,35291
7290017217239,false,קליפס לסגירת שקיות 20יח הוסטוס,נוי שיווק,CN,קליפס לסגירת שקיות 20יח,יחידה,20.00,יחידה,false,12,10.90,0.5450,true,1,24843
7290017217307,false,נרות חימום ריחניים בניחות ורדים 50יח',הוסטס,CN,נרות ריחניים 50 יח בריח ורדים,יחידה,50.00,יחידה,false,20,11.90,0.2380,true,1,25625
7290017217314,false,נרות חימום ריחניים בניחות הדרים 50יח',הוסטס,CN,נרות ריחניים 50 יח בריח הדרים,יחידה,50.00,יחידה,false,20,11.90,0.2380,true,1,25623
7290017217321,false,נרות חימום ריחניים בניחות לוונדר 50יח',הוסטס,CN,נרות ריחניים 50 יח בריח לוונדר,יחידה,50.00,יחידה,false,20,11.90,0.2380,true,1,25626
7290017217406,false,מטליות מיקרופייבר מא,,,מטליות מיקרופייבר מארז 10יח 30/30סמ,יחידה,10.00,יחידה,false,12,9.90,0.9900,true,1,51532
7290017217413,false,סבון אסלה מבושם בניח,הוסטס,CN,מארז 3 יח סבון אסלה מבושם בניחוח אוקינוס,יחידה,3.00,יחידה,false,1,10.90,3.6333,true,1,24226
7290017217420,false,סבון אסלה מבושם בניח,הוסטס,CN,מארז 3 יח סבון אסלה מבושם בניחוח לימון,יחידה,3.00,יחידה,false,1,10.90,3.6333,true,1,24227
7290017217437,false,סבון לאסלה פרחים 50*3 גר,JIANGBEI NINGBO,CN,מארז 3 יח סבון אסלה מבושם בניחוח פרחים,יחידה,3.00,יחידה,false,1,10.90,3.6333,true,1,24228
7290017217444,false,סבון אסלה מבושם בניח,הוסטס,CN,מארז 3 יח סבון אסלה מבושם בניחוח לבנדר,יחידה,3.00,יחידה,false,1,10.90,3.6333,true,1,24229
7290017217468,false,שקיות אוכל מנייר הוסט 50 יח',קילת,PL,שקיות אוכל מנייר 50 יחידות,יחידה,50.00,יחידה,false,12,6.90,0.1380,true,1,27719
7290017217598,false,גלילי עץ אקולוגיים להדלקת פחם 300 ג' EASY LIGHT,הוסטס,DE,גלילי עץ להדלקת פחם 300גר איזיטאצ אקולוג,גרמים,300.00,100 גרם,false,1,15.90,5.3000,true,1,30149
7290017217611,false,נייר אפייה נשלף בקופסא 50 יח' הוסטס,הוסטס,IL,נייר אפיה נשלף 50 יח בקופסא הוסטס,יחידה,50.00,יחידה,false,12,10.90,0.2180,true,1,30655
7290017217727,false,שיפודי במבוק בינוני 100 יחידות בינוני,פוזימון,CN,שיפודי במבוק 100 יח 18סמ יקיטורי,יחידה,100.00,יחידה,false,1,11.90,0.1190,true,1,30657
7290017217796,false,אטב מקושט עם אחיזה רכה 24 יחידות,הוסטס,CN,אטבי כביסה מקושטים 24 יח הוסטס,יחידה,24.00,יחידה,false,1,13.90,0.5792,true,1,30151
7290017217932,false,נורת לד 15 ווט הברגה,,CN,נורת לד 15 ווט הברגה אי 27 אור לבן,Unknown,0.00,Unknown,false,10,9.90,0.0000,true,1,31630
7290017232225,false,לחם גלילי מופחת פחמימות איטסיין 450 גרם,דבידוביץ,IL,לחם איטסיין גלילי 450גר,גרמים,450.00,100 גרם,false,9,22.90,5.0889,true,1,49193
7290017266053,false,"וופל עלמה לל""ס במילוי קרם טעם לימון 175 גר",גילרו,IL,וופל עלמה קראנץ לימון ל.ס. 175 גרם,גרמים,175.00,100 גרם,false,1,7.90,4.5143,true,1,21199
7290017266060,false,וופל קראנצ`מילוי קרם בטעם שוקולד 175 גר,גילרו,IL,וופל עלמה קראנץ שוקולד ל.ס. 175 גרם,גרמים,175.00,100 גרם,false,1,7.90,4.5143,true,1,21198
7290017266312,false,וופל מילוי קרם בטעם שוקולד 150 גרם,גילרו,IL,וופל עלמה אוורירי קרם שוקולד 150 גרם,גרמים,150.00,100 גרם,false,1,3.50,2.3333,true,1,25964
7290017266343,false,וופל קראנץ במילוי קרם שוקולד 150 גרם,גילרו,IL,וופל עלמה קרם שוקולד 150 גרם,גרמים,150.00,100 גרם,false,1,3.50,2.3333,true,1,29215
7290017266398,false,גלילי ופל למילוי גילרו 150 גרם עלמה.,גילרו,IL,גלילי ופל עלמה למילוי 150 גרם,גרמים,150.00,100 גרם,false,1,19.90,13.2667,true,1,30666
7290017266503,false,"גלילי וופל במילוי קרם שוקולד לל""ס 100 גר' עלמה",גילרו,IL,גלילי וופל רול עלמה ל.ס 100 גר,גרמים,100.00,100 גרם,false,1,7.90,7.9000,true,1,30665
7290017266862,false,ופל קלאסי מיקס 200 גר' גילרו,גילרו,,וופל עלמה מיקס 3 טעמים 200 גר,גרמים,200.00,100 גרם,false,1,3.50,1.7500,true,1,46652
7290017266909,false,וופלים מעולים במילוי קרם בטעם שוקולד SUNי 200 גרם,"גילרו בע""מ",IL,וופל סאן קרם שוקולד 200 גרם,גרמים,200.00,100 גרם,false,1,4.90,2.4500,true,1,49910
7290017266916,false,וופלים מעולים במילוי קרם בטעם לימון SUNי 200 גרם,"גילרו בע""מ",IL,וופל סאן קרם לימון 200 גרם,גרמים,200.00,100 גרם,false,1,4.90,2.4500,true,1,49911
7290017285894,false,"ד""ר פישר - אולטרסול קידס קרם פנים צורני 30 מ""ל 50SPF",פישר מעבדות פרמצבטיות בע,IL,קרם הגנה אולטרסול קידס לפנים 30מל,Unknown,0.00,Unknown,false,1,31.90,0.0000,true,1,27151
7290017289007,false,יין קברנה סובניון אס,יקב טפרברג 1870,,יין קברנה סובניון אסנס 2016 750 מל,מיליליטרים,750.00,"100 מ""ל",false,1,115.00,15.3333,true,1,27526
7290017289403,false,יין אסנס מלבק 2017 7,טפרברג,,יין מלבק סנס 750 מל,מיליליטרים,750.00,"100 מ""ל",false,1,115.00,15.3333,true,1,37242
7290017289427,false,יין קברנה סוביניון 2017 750 מל,יקב טפרברג 1870,IL,יין קברנה סובניון אסנס 2017 750 מל,מיליליטרים,750.00,"100 מ""ל",false,1,115.00,15.3333,true,1,45680
7290017289601,false,"יין IMPRESSION בלנד לבן 150 שנה טפרברג 750 מ""ל",יקב טפרברג 1870 בעמ,IL,יין בלנד לבן 150 שנה אימפרשיין 750 מל,מיליליטרים,750.00,"100 מ""ל",false,6,45.00,6.0000,true,1,33681
7290017289618,false,"יין פטיט סירה 750 מ""ל אימפרשיאון",יקב טפרברג 1870 בעמ,IL,יין פטיט סירה 150 שנה אימפרשיין 750 מל,מיליליטרים,750.00,"100 מ""ל",false,6,45.00,6.0000,true,1,33680
7290017289670,false,יין אדום מחוזק אסנס,יקב טפרברג 1870,,יין אדום מחוזק אסנס 2018 750 מל,מיליליטרים,750.00,"100 מ""ל",false,1,115.00,15.3333,true,1,37243
7290017297170,false,לקט אסייתי להקפצה פרי הגליל 800 ג',ויטה פרי גליל,IL,לקט אסייתי להקפצה 800 גרם פרי הגליל,גרמים,800.00,100 גרם,false,18,14.90,1.8625,true,1,36902
7290017297200,false,לקט ירקות לצד העוף פרי הגליל 800 ג',ויטה פרי גליל,IL,לקט ירקות לצד העוף 800 גרם פרי הגליל,גרמים,800.00,100 גרם,false,20,14.90,1.8625,true,1,36904
7290017297217,false,עדשים ירוקות מושרות מבושלות ומקפאות פרי הגליל 800 ג',פרי הגליל,,עדשים ירוקות מושרות מבושלות קפואות 800גר,גרמים,800.00,100 גרם,false,1,14.90,1.8625,true,1,37670
7290017297224,false,"שעועית אדומה מושרית, מבושלת ומוקפאת",פרי הגליל,,שעועית אדומה קפואה פרי גליל 800 גרם,גרמים,800.00,100 גרם,false,1,12.90,1.6125,true,1,37669
7290017297644,false,ברוקולי קפוא גרין אנד פרש 800 גר',גרין אנד פרש Green & Fresh,IL,ברוקולי קפוא 800 גר גרין אנד פרש,גרמים,800.00,100 גרם,false,12,13.90,1.7375,true,1,44671
7290017297682,false,כרובית מקופאות 800 ג' גרין פריש,גרין אנד פרש Green & Fresh,,כרובית קפואה 800 גר גרין פלאש פרי גליל,גרמים,800.00,100 גרם,false,1,13.90,1.7375,true,1,46762
7290017325316,false,מיקס אורז מלא אפונה ועדשים אורגניים הרדוף 250 גרם,לה בונטה,IT,מיקס אפונה עדשים אורז מלא אורגני 250גר,גרמים,250.00,100 גרם,false,8,13.90,5.5600,true,1,33260
7290017325323,false,מיקס כוסמת אורז מלא ואורז חום אורגניים הרדוף 250 גרם,לה בונטה,IT,מיקס כוסמת אורז מלא אדום אורגני 250גר הר,גרמים,250.00,100 גרם,false,8,13.90,5.5600,true,1,33259
7290017325330,false,מיקס דגנים ועדשים אורגני 250 גר' הרדוף,לה בונטה,IT,מיקס דגנים ועדשים אורגני 250גר הרדוף,גרמים,250.00,100 גרם,false,8,13.90,5.5600,true,1,33258
7290017325347,false,מקלות בייגלה מכוסמין מלא אורגני 200 גרם,"אם החיטה בע""\מ",IL,מקלות בייגלה מקמח כוסמין אורגני 200 גר,גרמים,200.00,100 גרם,false,12,15.90,7.9500,true,1,24685
7290017325378,false,מיקס בורגול דוחן ואורז מלא הרדוף 250 גרם,לה בונטה,IT,מיקס בורגול דוחן אורז אדום 250גר הרדוף,גרמים,250.00,100 גרם,false,8,13.90,5.5600,true,1,33257
7290017325385,false,100% חמאה אורגנית 200 גרם - אדמה,,NL,חמאה אורגנית 200 גרם אדמה,גרמים,200.00,100 גרם,false,24,15.90,7.9500,true,1,38607
7290017325477,false,רסק עגבניות 100 גר אורגני - הרדוף,פריניר (הדס 1987) בע,IL,רסק עגבניות אורגני 100 גר הרדוף,גרמים,100.00,100 גרם,false,90,3.90,3.9000,true,1,37096
7290017325538,false,תערובת פירות קפואים אורגני 250 גרם,,PL,תערובת פירות מנגו תפוח בננה אורגני 250ג,גרמים,250.00,100 גרם,false,14,20.90,8.3600,true,1,37873
7290017325552,false,תות שדה קפוא אורגני 300 גרם,,IL,תות שדה קפוא אורגני 300גר הרדוף,גרמים,250.00,100 גרם,false,14,20.90,8.3600,true,1,37874
7290017325583,false,קוסקוס כוסמין אורגני הרדוף 350 גרם,הרדוף,IT,קוסקוס כוסמין מלא אורגני 350 גר הרדוף,גרמים,350.00,100 גרם,false,1,14.90,4.2571,true,1,31305
7290017325613,false,"משקה שיבולת שועל אורגני הרדוף לל""ג 1 ליטר",סוי מג'יק,ES,משקה שבולת שועל אורגני 1 לי הרדוף,ליטרים,1.00,ליטר,false,1,12.90,12.9000,true,1,33980
7290017325620,false,"משקה אורז בתוספת שקדים אורגני הרדוף לל""ג 1 ליטר",ליקואטס,ES,משקה אורז שקד אורגני ללס/גלוטן לי הרדוף,ליטרים,1.00,ליטר,false,1,12.90,12.9000,true,1,33979
7290017325644,false,אורז שחור אורגני הרדוף 500 גרם,הרדוף,IT,אורז שחור אורגני 500 גר הרדוף,גרמים,500.00,100 גרם,false,12,24.90,4.9800,true,1,35580
7290017325668,false,עדשים מנומרות אורגני500ג,אול אורגני,IL,עדשים מנומרות צרפתיות אורגני הרדוף 500גר,גרמים,500.00,100 גרם,false,6,14.90,2.9800,true,1,35954
7290017325811,false,שעועית בובס אורגני 400 גרם הרדוף,אול אורגני,IL,שעועית בובס אורגני הרדוף 400 גר,גרמים,400.00,100 גרם,false,12,10.90,2.7250,true,1,43509
7290017325910,false,"קורנפלקס ללת""ס אורגני הרדוף 375 גר",לאמרי,IT,קורנפלקס אורגני 375גרם ל.תוספת סוכר הרדו,גרמים,375.00,100 גרם,false,1,18.90,5.0400,true,1,49840
7290017325927,false,"ברנפלקס ללת""ס אורגני הרדוף 375 גר",לאמרי,IT,ברנפלקס אורגני 375גרם ל.תוספת סוכר הרדוף,גרמים,375.00,100 גרם,false,1,18.90,5.0400,true,1,49841
7290017325941,false,טחינה אורגנית הרדוף 450 גר,אחדות,IL,טחינה אורגנית 450 גר הרדוף,גרמים,450.00,100 גרם,false,1,17.90,3.9778,true,1,50812
7290017325958,false,"קמח שלושה דגנים מלא אורגני הרדוף 1 ק""ג",,,קמח שלושה דגנים מלא אורגני 1 קג הרדוף,קילוגרמים,1.00,"ק""ג",false,12,19.90,19.9000,true,1,48813
7290017374390,false,סט שרותים מיוחד PINA,,IT,סט שירותים טורינו,יחידה,1.00,יחידה,false,12,19.90,19.9000,true,1,32050
7290017374727,false,מברשת אבק מיקרופייבר,,CN,מברשת אבק מיקרופייבר מהודרת,יחידה,1.00,יחידה,false,48,9.90,9.9000,true,1,32025
7290017386003,false,בננה ציפס מסוכר כרם,רפאלס,,בננה ציפס מסוכר כרם 150 גרם בקופסא,גרמים,150.00,100 גרם,false,1,8.90,5.9333,true,1,20979
7290017386041,false,חמאת בוטנים קלאסית כרם - 510 גר,"רופארל פודס בע""מ",IN,חמאת בוטנים כרם קלאסית 510 גרם,גרמים,510.00,100 גרם,false,12,12.90,2.5294,true,1,34971
7290017386058,false,רוטב עגבניות אורגניות מרוסקות - 700 גרם,terre di sangiorgio,IT,עגבניות אורגניות מרוסקות כרם 700 גרם,גרמים,700.00,100 גרם,false,12,10.00,1.4286,true,1,24294
7290017386072,false,רוטב פסטה אורגני כרם,terre di sangiorgio,IT,רוטב פסטה אורגני כרם בזיליקום300גר,גרמים,300.00,100 גרם,false,12,12.90,4.3000,true,1,24296
7290017386119,false,"קמח כוסמין מלא 100% כרם 1 ק""ג",עץ השדה,IL,"קמח כוסמין 100%מלא כרם 1 ק""ג",קילוגרמים,1.00,"ק""ג",false,1,15.90,15.9000,true,1,23471
7290017386126,false,"קמח כוסמין 70% כרם 1 ק""ג",עץ השדה,IL,"קמח כוסמין70%מלא כרם 1 ק""ג",קילוגרמים,1.00,"ק""ג",false,1,15.90,15.9000,true,1,23472
7290017386133,false,"קמח חיטה מלא 100% כרם 1 ק""ג",עץ השדה,IL,קמח חיטה 100% מלא כרם 1 קג,קילוגרמים,1.00,"ק""ג",false,1,10.90,10.9000,true,1,23474
7290017386140,false,"קמח חיטה 70% כרם 1 ק""ג",עץ השדה,IL,קמח חיטה 70% מלא כרם 1 קג,קילוגרמים,1.00,"ק""ג",false,1,10.90,10.9000,true,1,23475
7290017386157,false,"קמח כוסמין לבן כרם - 1 ק""ג",עץ השדה,IL,"קמח כוסמין לבן כרם 1 ק""ג",קילוגרמים,1.00,"ק""ג",false,1,13.90,13.9000,true,1,23473
7290017386164,false,"קמח כוסמין לבן כרם - 1 ק""ג",עץ השדה,IL,"קמח כוסמין מלא אורגני כרם 1 ק""ג",קילוגרמים,1.00,"ק""ג",false,1,16.90,16.9000,true,1,23476
7290017386171,false,"קמח כוסמין אורגני % 70 כרם 1 ק""ג",עץ השדה,IL,"קמח כוסמין 70%מלא אורגני כרם 1 ק""ג",קילוגרמים,1.00,"ק""ג",false,1,16.90,16.9000,true,1,23477
7290017386188,false,קוואקר דק ללא גלוטן 450 גרם,כרם תעשיות,GB,שבולת שועל דקה כרם ללא גלוטן 450 גרם,גרמים,450.00,100 גרם,false,18,18.90,4.2000,true,1,28134
7290017386225,false,קינואה אדומה מלאה או,כרם תעשיות,IL,קינואה אדומה מלאה אורגנית כרם 500 גרם,גרמים,500.00,100 גרם,false,,19.90,3.9800,true,1,41150
7290017386263,false,"סירופ מייפל אורגני כרם 250 מ""ל",קופרדקס איי פי אס,DK,סירופ מייפל 100% טהור כרם 250 מל,מיליליטרים,250.00,"100 מ""ל",false,12,26.90,10.7600,true,1,34970
7290017386270,false,אבקת קקאו אורגנית 200 גרם,,PE,אבקת קקאו אורגני 200 גר,גרמים,200.00,100 גרם,false,1,25.90,12.9500,true,1,25759
7290017386287,false,פולי קקאו נא שלמים א,,,פולי קקאו נא שלמים אורגנים כרם 200 גרם,גרמים,200.00,100 גרם,false,1,22.90,11.4500,true,1,25760
7290017386294,false,פולי קקאו נא ניבס או,,,פולי קקאו נא ניבס אורגנים כרם 200 גרם,גרמים,200.00,100 גרם,false,1,22.90,11.4500,true,1,25761
7290017386317,false,אבקת מאקה אורגנית כר,,,אבקת מאקה אורגנית כרם 200 גרם,גרמים,200.00,100 גרם,false,1,29.90,14.9500,true,1,25763
7290017386348,false,שקד מולבן טחון 250 גרם,,PE,שקד מולבן טחון כרם 250 גרם,גרמים,250.00,100 גרם,false,1,16.90,6.7600,true,1,25764
7290017386362,false,קוקוס פיליפיני טחון כרם 200 גרם,כרם תעשיות,IL,קוקוס פליפיני טחון כרם 200 גרם,גרמים,200.00,100 גרם,false,12,10.90,5.4500,true,1,30518
7290017386379,false,מלח ים אטלנטי טבעי ג,,,מלח ים אטלנטי טבעי גס 1 קג,קילוגרמים,1.00,"ק""ג",false,1,14.90,14.9000,true,1,25762
7290017386386,false,חומץ תפוחים אורגני 5% 1 ליטר,ACETIFICIO ANBREA,IT,חומץ תפוחים 5% אורגני כרם 1 ל,ליטרים,1.00,ליטר,false,12,21.90,21.9000,true,1,27299
7290017386409,false,חומץ תפוחים אורגני כ,ACETIFICIO ANBREA,IT,חומץ תפוחים אורגני כרכום וקינמון 500 מל,מיליליטרים,500.00,"100 מ""ל",false,6,24.90,4.9800,true,1,27301
7290017386447,false,"תרסיס שמן אבוקדו מזוכך טהור 200 מ""ל",קומפניה אלימנטרה איט,IT,תרסיס שמן אבוקדו טהור כרם 200 מל,מיליליטרים,147.00,"100 מ""ל",false,6,19.90,13.5374,true,1,28581
7290017386454,false,"תרסיס שמן זרעי ענבים טהור 200 מ""ל",קומפניה אלימנטרה איט,IT,תרסיס שמן זרעי ענבים טהור כרם 200 מל,מיליליטרים,147.00,"100 מ""ל",false,6,19.90,13.5374,true,1,28582
7290017386461,false,"תרסיס שמן זית כתית טהור 200 מ""ל",קומפניה אלימנטרה איט,IT,תרסיס שמן זית טהור כרם 200 מל,מיליליטרים,200.00,"100 מ""ל",false,6,19.90,9.9500,true,1,28583
7290017386478,false,שמן זרעי ענבים מזוכך,,IT,שמן זרעי ענבים מזוכך כרם 1 ל,ליטרים,1.00,ליטר,false,12,36.90,36.9000,true,1,39673
7290017386492,false,מלח הימאליה גס כרם 1,,,מלח הימאליה גס כרם 1 קג,קילוגרמים,1.00,"ק""ג",false,1,13.90,13.9000,true,1,27454
7290017386508,false,מלח הימאליה דק כרם 1,,,מלח הימאליה דק כרם 1 קג,קילוגרמים,1.00,"ק""ג",false,1,13.90,13.9000,true,1,27456
7290017386690,false,משקה שעורה נמס כרם 100 גר,אמ.סי.ב-אי.אר.אי,EG,משקה שעורה נמס כרם 100 גרם,גרמים,100.00,100 גרם,false,12,13.90,13.9000,true,1,24281
7290017386867,false,סירופ חרוב טבעי כרם,אנטליה יניגון תעשיות,TR,סירופ חרוב טבעי כרם 400 מל,מיליליטרים,400.00,"100 מ""ל",false,6,16.90,4.2250,true,1,28137
7290017386942,false,"קרם קוקוס אורגני 20-22% שומן 400 מ""ל",,VN,קרם קוקוס אורגני 20-22% שומן 400 מל,מיליליטרים,400.00,"100 מ""ל",false,12,10.00,2.5000,true,1,32210
7290017386959,false,"נוזל קוקוס אורגני 17-19% שומן 400 מ""ל",,VN,נוזל חלב קוקוס אורגני 17-19% 400 מל,מיליליטרים,400.00,"100 מ""ל",false,12,10.00,2.5000,true,1,32211
7290017386973,false,"תמר סופר גמבו פטור ממע""מ 1 ק""ג",כרם תעשיות,IL,תמר מגהול סופר גמבו כרם 1 קג,קילוגרמים,1.00,"ק""ג",false,1,44.90,44.9000,true,1,30519
7290017386997,false,מי קוקוס אורגניים 1 ליטר,,VN,מי קוקוס אורגניים 1 לי,ליטרים,1.00,ליטר,false,12,14.90,14.9000,true,1,32212
7290017389011,false,מנגו מיובש ללא סוכר 160 גרם קופסא,"דין שיווק וקלייה בע""",IL,מנגו מיובש ללא סוכר 160 גרם קופסא,גרמים,160.00,100 גרם,false,1,21.90,13.6875,true,1,20702
7290017417110,false,כפפות ניטריל 100 יחידות,DB,TH,כפפות ניטרל שחורות 100יח ל.אבקה לארג,יחידה,100.00,יחידה,false,10,19.90,0.1990,true,1,51350
7290017440170,false,אולטרסול ספריי רציף שקוף ילדים 50+ 200,פישר תעשיות,IL,תחליב הגנה אולטרסול קידס שקוף 200מל 50+,מיליליטרים,200.00,"100 מ""ל",false,1,64.90,32.4500,true,1,27147
7290017440286,false,"ד""ר פישר - קידס מרכך ויטמינים 750 מ""ל","ד""ר פישר Dr fischer",IL,מרכך קידס קמיל בלו 750מל,מיליליטרים,750.00,"100 מ""ל",false,12,16.90,2.2533,true,1,29064
7290017440309,false,"ד""ר פישר - קידס שמפו ויטמינים 750 מ""ל","ד""ר פישר Dr fischer",IL,שמפו קידס קמיל בלו 750מל,מיליליטרים,750.00,"100 מ""ל",false,12,16.90,2.2533,true,1,29063
7290017440699,false,ד.פישר בלונד מרכך לשיער בהיר 400 מל,CHEMIPAL FISHER (BIO,IL,מרכך בלונד 400מל קמיל בלו,מיליליטרים,400.00,"100 מ""ל",false,10,24.90,6.2250,true,1,31603
7290017440729,false,אולטרסול ספריי שמן קוקוס 200/20 SPF,פישר תעשיות,IL,שמן שיזוף אולטרסול קוקוס 200מל,מיליליטרים,200.00,"100 מ""ל",false,1,54.90,27.4500,true,1,27303
7290017440798,false,ד.פישר סילבר מרכך לשיער כסוף 400 מל,קולגייט פלמוליב,IL,מרכך לשיער כסוף סילבר 400 מל,מיליליטרים,400.00,"100 מ""ל",false,10,24.90,6.2250,true,1,27848
7290017440804,false,ד.פישר סילבר מסכת הזנה לשיער כסוף 300 מ,מדי פישר,IL,מסכת הזנה לשיער כסוף סילבר 300 מל,מיליליטרים,300.00,"100 מ""ל",false,12,29.90,9.9667,true,1,27847
7290017440965,false,אל סבון היגייני לניקוי יסודי ולהזנת העור clean & nourish,"ד""ר פישר Dr fischer",IL,אל סבון קמיל לידיים ניקיות רעננות 1ל לבן,ליטרים,1.00,ליטר,false,1,13.90,13.9000,true,1,28394
7290017457574,false,כדוריות סבון נתלה לאסלה בניחוח פרחים - 3 יח',הנקל סוד,RS,מארז 3יח סבון אסלה כדוריות סוד פרחים,יחידה,3.00,יחידה,false,1,14.90,4.9667,true,1,27898
7290017457581,false,"סוד מרכך כביסה מרוכז קוקוס 900 מ""ל",הנקל סוד,IL,מרכך כביסה סוד מרוכז קוקוס 900מל פורמולה,מיליליטרים,900.00,"100 מ""ל",false,12,11.90,1.3222,true,1,30135
7290017457598,false,"מרכך כביסה סוד מרוכז סאמר בלוסום 900 מ""ל",הנקל סוד,IL,מרכך כביסה סוד מרוכז קיץ 900מל פורמולה,מיליליטרים,900.00,"100 מ""ל",false,12,11.90,1.3222,true,1,30136
7290017457611,false,גל כביסה סוד טוטאל ירוק 2.5 ליטר,הנקל סוד,IL,גל כביסה סוד 2.5ליטר ורוד,ליטרים,2.50,ליטר,false,6,19.90,7.9600,true,1,33451
7290017457628,false,גל כביסה סוד טוטאל כחול 2.5 ליטר,הנקל סוד,IL,גל כביסה סוד 2.5ליטר כחול,ליטרים,2.50,ליטר,false,6,19.90,7.9600,true,1,33450
7290017457710,false,"סוד ארומתרפי סגול מרכך כביסה מרוכז20%+בישום 900 מ""ל",הנקל,IL,מרכך כביסה סוד מרוכז סגול 900מל פורמולה,מיליליטרים,900.00,"100 מ""ל",false,12,11.90,1.3222,true,1,28174
7290017457727,false,"סוד כחול מרכך כביסה מרוכז20%+בישום 900 מ""ל",הנקל סוד,IL,מרכך כביסה סוד מרוכז כחול 900מל פורמולה,מיליליטרים,900.00,"100 מ""ל",false,12,11.90,1.3222,true,1,28170
7290017457734,false,"סוד ורוד מרכך כביסה מרוכז20%+בישום 900 מ""ל",הנקל סוד,IL,מרכך כביסה סוד מרוכז ורוד 900מל פורמולה,מיליליטרים,900.00,"100 מ""ל",false,12,11.90,1.3222,true,1,28171
7290017457925,false,סוד מרכך כביסה מרוכז פרש קונטרול ורוד,הנקל סוד,IL,מרכך כביסה סוד מרוכז 900מל פרחוני פרש,מיליליטרים,900.00,"100 מ""ל",false,12,11.90,1.3222,true,1,36742
7290017457932,false,סוד מרכך כביסה מרוכז פרש קונטרול כחול,הנקל סוד,IL,מרכך כביסה סוד מרוכז 900מל פרש קונטרול,מיליליטרים,900.00,"100 מ""ל",false,12,11.90,1.3222,true,1,36741
7290017457949,false,"פרסיל א.כ לבגדי תינוקות ולבעלי עור רגיש 2.5 ק""ג",קריות זול,,א.כביסה פרסיל 2.5 קג תינוקות ועור רגיש,קילוגרמים,2.50,"ק""ג",false,1,19.90,7.9600,true,1,35470
7290017460017,false,פירורי לחם תיבול גרי,נווה התבלין,IL,פירורי לחם תיבול גריל 400 גרם,גרמים,400.00,100 גרם,false,24,11.90,2.9750,true,1,24099
7290017460031,false,פירורי לחם שום ועשבי,נווה התבלין,IL,פירורי לחם שום ועשבי תיבול 400 גרם,גרמים,400.00,100 גרם,false,24,11.90,2.9750,true,1,24094
7290017460062,false,פירורי לחם קייגון 400 גרם,נווה התבלין,IL,פירורי לחם קייגון400 גרם,גרמים,400.00,100 גרם,false,24,11.90,2.9750,true,1,24096
7290017460079,false,פירורי לחם ים תיכוני,נווה התבלין,IL,פירורי לחם ים תיכוני 400 גרם,גרמים,400.00,100 גרם,false,24,11.90,2.9750,true,1,24095
7290017460086,false,פירורי לחם קלאסי זהב 400 גרם,נווה התבלין,IL,פירורי לחם זהב 400 גרם,גרמים,400.00,100 גרם,false,24,10.00,2.5000,true,1,24092
7290017460093,false,פירורי לחם שומשום וק,נווה התבלין,IL,פירורי לחם שומשום וקצח 400 גרם,גרמים,400.00,100 גרם,false,24,11.90,2.9750,true,1,24097
7290017469133,false,יין סובניון בלאן כשר,יקב שטרן,IL,יין סובניון בלאן כשר 2020 750 מל,מיליליטרים,750.00,"100 מ""ל",false,6,85.00,11.3333,true,1,37781
7290017477169,false,קשיו קלוי 250 גרם ששון הקולה,"דין שיווק וקלייה בע""",IL,אגוז קשיו קלוי 250 ג מחיר מוטבע,גרמים,250.00,100 גרם,false,1,20.00,8.0000,true,1,22371
7290017477244,false,שקד מולבן טחון 180 גרם,דין שיווק,IL,שקד טחון שקדיה 180 גרם בקופסא,גרמים,180.00,100 גרם,false,1,19.90,11.0556,true,1,23087
7290017477251,false,שקד מולבן פרוס 180 גרם,דין שיווק,IL,שקד פרוס שקדיה 180 גרם בקופסא,גרמים,180.00,100 גרם,false,1,19.90,11.0556,true,1,23089
7290017477268,false,שקד מולבן משובב 200 גרם,דין שיווק,IL,שקד שבבים שקדיה 180 גרם בקופסא,גרמים,180.00,100 גרם,false,1,19.90,11.0556,true,1,23090
7290017477275,false,גרעיני חמניה קלופים קלויים 200 גרם,דין שיווק,IL,גרעיני חמניה קלופים קלויים שקדיה 200 גרם,גרמים,200.00,100 גרם,false,1,9.90,4.9500,true,1,23093
7290017477282,false,גרעיני דלעת קלופים קלויים 200 גרם,דין שיווק,IL,גרעיני שלעת קלופים קלויים שקדיה 200 גרם,גרמים,200.00,100 גרם,false,1,9.90,4.9500,true,1,23094
7290017477299,false,תערובת געלה שקדיה 20,דין שיווק,IL,תערובת געלה שקדיה 200 גרם,גרמים,200.00,100 גרם,false,1,9.90,4.9500,true,1,23095
7290017477350,false,תערובת לסלט ירוק 200 גרם,דין שיווק,IL,תערובת לסלט ירוק שקדיה 200 גרם,גרמים,200.00,100 גרם,false,1,9.90,4.9500,true,1,23096
7290017504001,false,פטריות שמפניון ארוז,חקלאי,IL,פטריות שמפניון 250 ג,Unknown,0.00,Unknown,false,1,9.90,0.0000,true,1,21144
7290017504018,false,זוג פטריות שמפניון א,,,זוג פטריות שמפניון ארוז,Unknown,0.00,Unknown,false,1,16.90,0.0000,true,1,21160
7290017504032,false,זוג פטריות שמפניון ו,,,זוג פטריות שמפניון ופורטובלו ארוז,Unknown,0.00,Unknown,false,1,17.90,0.0000,true,1,22749
7290017510552,false,נוזל לניקוי כלים בני,טרופיקל דגיל,IL,נוזל כלים אסותא 750מל לימון,מיליליטרים,750.00,"100 מ""ל",false,1,7.90,1.0533,true,1,28340
7290017513393,false,תה ירוק ספירולינה וצמחים ירוקים 25 שקי,תה ויסוצקי,IL,תה ירוק ספירולינה 1.5 ג 25 שק,יחידה,25.00,יחידה,false,1,24.90,0.9960,true,1,30353
7290017513409,false,תה ירוק SUPER GREEN 87 גרםבטעם אוכמניות ואסאי,תה ויסוצקי,IL,תה ירוק צמחים סגולים 1.5 ג 25 שק,יחידה,25.00,יחידה,false,1,24.90,0.9960,true,1,30354
7290017513775,false,פליפז בייגלה מצופה שוקולד חלב מקוויטיס 140 גרם,שוורצקוף& הנקל דיסלד,TR,בייגלה פליפז שוקולד חלב 140 גרם,גרמים,140.00,100 גרם,false,1,8.90,6.3571,true,1,35891
7290017513782,false,פליפז בייגלה מצופה שוקולד מריר מקוויטיס 140 גרם,שוורצקוף& הנקל דיסלד,TR,בייגלה פליפז שוקולד מריר 140 גרם,גרמים,140.00,100 גרם,false,1,8.90,6.3571,true,1,35890
7290017513829,false,תה ירוק לימונית ג'ינג'ר 25 שקיקים בתוספת ויטמין Cּּ+D,ויסוצקי ירוק,IL,תה ירוק לחמונית גינגר עם ויטמין 25 שקיק,יחידה,25.00,יחידה,false,1,24.90,0.9960,true,1,35840
7290017513850,false,תה ירוק נענע 25 שקיקים בתוספת ויטמינים Cּּ+D,ויסוצקי ירוק,IL,תה ירוק נענע עם ויטמין 25 שקיק,יחידה,25.00,יחידה,false,1,24.90,0.9960,true,1,35839
7290017513867,false,תה ירוק לימונית ולואיזה סתוספת ויטמינים ויסוצקי 25 יחידות,תה ויסוצקי,IL,תה ירוק לימונית לואיזה עם ויטמין 25 שקיק,יחידה,25.00,יחידה,false,1,24.90,0.9960,true,1,35838
7290017516295,false,חטיף חלבון פרוטאין אגוז לוז שוקולד 50 גר,פנגיאה,IL,חטיפי פרוטאין אגוז שוקולד 50 גר,Unknown,0.00,Unknown,false,1,10.90,0.0000,true,1,34311
7290017516318,false,חטיף חלבון פרוטאין שוקולד 50 גר,פנגיאה,IL,חטיפי בריאות פרוטאין שוקולד 50 גר,Unknown,0.00,Unknown,false,1,10.90,0.0000,true,1,34312
7290017516332,false,חטיף חלבון פרוטאין חמאת בוטנים 50 גר,פנגיאה,IL,חטיפי בריאות פרוטאין חמאת בוטנים 50 גר,Unknown,0.00,Unknown,false,1,10.90,0.0000,true,1,34313
7290017516424,false,שוקלד + פנגיאה שוקולד קוקוס ואגוזי לוז 300 גרם,ש.ר רגע בטבע,IL,חטיפי בריאות שוקולד קוקוס פנגיאה 300גר,גרמים,300.00,100 גרם,false,1,29.90,9.9667,true,1,34314
7290017516431,false,שוקלד + פנגיאה שוקולד קוקוס שקדים וקפה 300 גרם,ש.ר רגע בטבע,IL,חטיפי בריאות קוקוס שקד קפה פנגיאה 300גר,גרמים,300.00,100 גרם,false,1,29.90,9.9667,true,1,34316
7290017516448,false,"שוקולד+ פנגיאה שוקולד קוקוס תמרים,שקדים וחרוב 300 גרם",פנגיאה,IL,חטיפי בריאות קוקוס תמר שקד פנגיאה 300גר,גרמים,300.00,100 גרם,false,1,29.90,9.9667,true,1,34315
7290017516479,false,פנגיאה פרוטאין וניל קפה 50 גרם,פנגיאה,IL,חטיפי בריאות פנגיאה וניל פרוטאין 50 גר,Unknown,0.00,Unknown,false,1,10.90,0.0000,true,1,35064
7290017516486,false,פנגיאה פרוטאין טרופי 50 גרם,פנגיאה,IL,חטיפי בריאות פנגיאה פרוטאין 50 גר,Unknown,0.00,Unknown,false,1,10.90,0.0000,true,1,35063
7290017516509,false,חטיף פרוטאין בטעם קרמל מלוח,פנגיאה,IL,חטיפי בריאות פרוטאין קרמל מלוח 50 גר,Unknown,0.00,Unknown,false,1,10.90,0.0000,true,1,37124
7290017516561,false,שלשיית חטיפי חלבון פנגיאה אגוזי לוז 3*60 גרם,ש.ר רגע בטבע,IL,חטיפי חלבון פנגיה אגוזי לוז שלישייה 60גר,Unknown,0.00,Unknown,false,30,29.90,0.0000,true,1,46828
7290017516578,false,שלשיית חטיפי חלבון פנגיאה שוקלד 3*60 גרם,ש.ר רגע בטבע,IL,חטיפי חלבון פנגיה שוקולד שלישייה 60גר,Unknown,0.00,Unknown,false,30,29.90,0.0000,true,1,46830
7290017516585,false,שלשיית חטיפי חלבון פנגיאה וניל קפה 3*60 גרם,,IL,חטיפי חלבון פנגיה וניל קפה שלישייה 60גר,Unknown,0.00,Unknown,false,30,29.90,0.0000,true,1,46829
7290017516615,false,"חטיף ספירולינה, תפוז קקאו וקוקס 40 גרם",,IL,חטיף ספירולינה פנגיאה 40 גר,Unknown,0.00,Unknown,false,30,10.90,0.0000,true,1,46831
7290017589565,false,"ברקן, גוורצטרמינר לבן חצי יבש 750 מל",יקבי ברקן שיווק והפצ,IL,יין קלאסיק גוורץ 750 מל פקדון,מיליליטרים,750.00,"100 מ""ל",false,1,35.00,4.6667,true,1,26875
7290017589633,false,"רזרב גולד אדישיין קברנה סוביניון 750 מ""ל",יקבי ברקן Barkan,IL,יין רזרב קברנה גולד 750 מל,מיליליטרים,750.00,"100 מ""ל",false,1,45.00,6.0000,true,1,26883
7290017589671,false,מארז יין ק.סוביניון,,,מארז יין ק.סוביניון לא מסונן 2016 750,מיליליטרים,750.00,"100 מ""ל",false,1,190.00,25.3333,true,1,27902
7290017589923,false,גוורצטרמינר פריי רן 750 מל,"יקב סגל בע""\מ",IL,יין גוורצטרמינר פרי סגל 750 מל,מיליליטרים,750.00,"100 מ""ל",false,1,60.00,8.0000,true,1,31656
7290017599250,false,סוכרזית קלאסי 120 שקיות,ביסקול בע''מ,IL,סוכרזית קלאסי 120 שקיות,גרמים,120.00,100 גרם,false,12,16.90,14.0833,true,1,49450
7290017599267,false,סוכרלוז 120 שקיות ממתיק שולחני,סוכרזית Sucrazit,IL,סוכרזית סוכרלוז 120שקיות,גרמים,120.00,100 גרם,false,12,24.90,20.7500,true,1,49451
7290017599274,false,סוכרזית סטיוויה 120 שקיות,ביסקול בע''מ,IL,סוכרזית סטיוויה 120 שקיות,גרמים,12000.00,100 גרם,false,12,34.90,0.2908,true,1,51175
7290017617046,false,נתחי טונה בשמן זית כתית מעולה רביעיה * 140 ג',סטארקיסט,TR,מארז4יח טונה סטארקיסט בשמן זית140גר,גרמים,560.00,100 גרם,false,1,28.90,5.1607,true,1,31530
7290017617084,false,סטארקיסט מיקס טוגו טונה עם שעועית 185 גרם,דרדנל אונוסטאס גידה,TR,מיקס טונה טו גו עם שעועית 185 גרם,גרמים,185.00,100 גרם,false,24,12.90,6.9730,true,1,38339
7290017617091,false,סטארקיסט מיקס טוגו טונה עם פתיתים 185 גרם,דרדנל אוננטאס גידה,TR,מיקס טונה טו גו עם פתיתים 185 גרם,גרמים,185.00,100 גרם,false,24,12.90,6.9730,true,1,38340
7290017617107,false,סטארקיסט מיקס טוגו טונה עם 4 דגנים 185 גרם,"איטיליאן פוד, אס.פי.",TR,מיקס טונה טו גו עם 4דגנים 185 גרם,גרמים,185.00,100 גרם,false,24,12.90,6.9730,true,1,38341
7290017617275,false,שלישיית ממרח טונה סטארקיסט 160X3 גרם,סטארקיסט,IL,מארז 3יח ממרח טונה סטארקיסט 160 גרם,גרמים,540.00,100 גרם,false,1,22.90,4.2407,true,1,45552
7290017617411,false,סטארקיסט מיקס סלמון עם אורז מלא וירקות 160 גרם,סטארקיסט Starkist,PL,מיקס נתחי סלמון אורז ירקות 160 גרם,גרמים,160.00,100 גרם,false,8,14.90,9.3125,true,1,49334
7290017617428,false,"סטארקיסט נתחי סלמון עם פסטה, עגבניות וזיתים פיקנטי",סטארקיסט Starkist,PL,מיקס נתחי סלמון פסטה עגבניות 160 גרם,גרמים,160.00,100 גרם,false,8,14.90,9.3125,true,1,49335
7290017617435,false,סטארקיסט מיקס סלמון עם עדשים קינואה וירק 160 גרם,סטארקיסט Starkist,PL,מיקס נתחי סלמון עדשים וקינואה 160 גרם,גרמים,160.00,100 גרם,false,8,14.90,9.3125,true,1,49333
7290017619002,false,עציץ דקורטיבי 70,מיישן,,עציץ דקורטיבי 70,יחידה,1.00,יחידה,false,1,69.90,69.9000,true,1,32503
7290017619132,false,בקבוק שתיה זכוכית וס,,,בקבוק שתיה זכוכית וסיליקון צר,יחידה,1.00,יחידה,false,1,39.90,39.9000,true,1,32494
7290017628011,false,משטח תצוגה,גליקסמן,,משטח תצוגה,יחידה,1.00,יחידה,false,1,60.00,60.0000,true,1,22989
7290017641119,false,שוקולד פרימיום 85% מריר כרמית 100 גרם,כרמית תעשיות ממתקים בעמ,IL,שוקולד אגו 85% מריר 100 גרם,גרמים,100.00,100 גרם,false,24,8.90,8.9000,true,1,32217
7290017641188,false,קרקר עם שיפון מלא וסלק כרמית 130 גרם,דנוויטה ג'\יי. אס. סי,LT,קרקר פניני שיפון מלא וסלק 130 גרם,גרמים,130.00,100 גרם,false,1,7.50,5.7692,true,1,28459
7290017641720,false,שוקולד פרימיום 70% שברי שקד כרמית 100 גרם,כרמית תעשיות ממתקים בעמ,IL,שוקולד אגו 70% מריר שברי שקד 100גרם,גרמים,100.00,100 גרם,false,24,8.90,8.9000,true,1,32214
7290017641737,false,שוקולד פרימיום 70% שברי אגוז כרמית 100 גרם,כרמית תעשיות ממתקים בעמ,IL,שוקולד אגו 70%מריר שברי אגוזי לוז 100 גר,גרמים,100.00,100 גרם,false,24,8.90,8.9000,true,1,32215
7290017641744,false,"חטיפי קרח גדולים בטעמי פטל, לימון, ענבים ואננס",HIQ FOOD PRODUCTS,IL,חטיפי קרח איגלו סטיקס 8 יח 100 מל,מיליליטרים,800.00,"100 מ""ל",false,1,6.90,0.8625,true,1,31511
7290017647166,false,יין פינו נואר גמלא 2021 750 מל,יקבי רמת הגולן,,יין גמלא פינו נואר 2018 750 מל,מיליליטרים,750.00,"100 מ""ל",false,1,60.00,8.0000,true,1,30267
7290017647418,false,"רמת הגולן ירדן רוזה, 750 מ""ל י יקב רמת הגולן",יקבי רמת הגולן,IL,יין ירדן רוזה 750 מל,מיליליטרים,750.00,"100 מ""ל",false,12,100.00,13.3333,true,1,33556
7290017647425,false,"יין גמלא קברנה סוביניון שנת 2018 750 מ""ל",יקבי רמת הגולן,IL,יין גמלא ק.סוביניון 2018 750 מל,מיליליטרים,750.00,"100 מ""ל",false,1,70.00,9.3333,true,1,35067
7290017647708,false,"רמת הגולן גמלא גוורצטרמינר, 750 מ""ל י יקב רמת הגולן",מיוצר וממולא על ידי יקב,IL,יין גמלא גוורצטרמינר 750 מל עברית,מיליליטרים,750.00,"100 מ""ל",false,1,60.00,8.0000,true,1,48422
7290017647722,false,"יין גמלא בלאנקו 20 עברית 750 מ""ל",יקבי רמת הגולן,IL,יין גמלא בלאנקו 750 מל עברית,מיליליטרים,750.00,"100 מ""ל",false,1,60.00,8.0000,true,1,48423
7290017647760,false,יין ירדן סירה 2019 750 מל,יקבי רמת הגולן,IL,יין ירדן סירה 750 מל,מיליליטרים,750.00,"100 מ""ל",false,1,100.00,13.3333,true,1,49870
7290017647791,false,"יין ירדן קברנה סוביניון 2019 750 מ""ל",יקבי רמת הגולן,IL,יין ירדן קברנה סובניון 2019 750 מל,מיליליטרים,750.00,"100 מ""ל",false,1,120.00,16.0000,true,1,49753
7290017668017,false,מגשית סושי צמחוני טי,"ק.נ תעשיות בע""מ",IL,מגשית סושי צמחוני טייק אוויי כ-200גרם,יחידה,1.00,יחידה,false,1,19.90,19.9000,true,1,36603
7290017668024,false,מגשית סושי דגים טייק,"ק.נ תעשיות בע""מ",IL,מגשית סושי דגים טייק אווי כ-200גרם,יחידה,1.00,יחידה,false,1,19.90,19.9000,true,1,36642
7290017675008,false,"טחינה גולמית 1 ק""ג שכם היונה",היונה,IL,טחינה היונה 900 גר,גרמים,900.00,100 גרם,false,1,26.90,2.9889,true,1,34604
7290017675015,false,טחינת היונה המקורית,היוצר,IL,טחינה היונה 450 גרם,גרמים,450.00,100 גרם,false,1,13.90,3.0889,true,1,34605
7290017677804,false,"רוטב סויה ללא חומרים משמרים קיקומן 444 מ""ל",קיקומן פודז אינק,US,רוטב סויה קיקומן 444 מל,מיליליטרים,444.00,"100 מ""ל",false,1,19.90,4.4820,true,1,28664
7290017677811,false,"רוטב סויה קיקומן ללא חומרים משמרים 296 מ""ל",קיקומן פודז אינק,NL,רוטב סויה קיקומן 296 מל,מיליליטרים,296.00,"100 מ""ל",false,1,15.00,5.0676,true,1,28663
7290017680934,false,מיץ יוזו 300 מל,,,מיץ יוזו 300 מל,מיליליטרים,300.00,"100 מ""ל",false,1,99.90,33.3000,true,1,31019
7290017682334,false,מטאטא ריץ' + מקל 1.5,,TR,מטאטא ריץ,יחידה,1.00,יחידה,false,12,12.90,12.9000,true,1,32044
7290017682341,false,ספוג סקוטש גדול 5יח',,IL,ספוג סקוטש גדול 5 יח,יחידה,5.00,יחידה,false,24,4.50,0.9000,true,1,31976
7290017682525,false,ספוג לניקוי והברקה ו,,IL,מארז 3יח כריות קרצוף והברקת נירוסטה,יחידה,3.00,יחידה,false,1,9.90,3.3000,true,1,35531
7290017682617,false,"מגב 40 ס""מ עם תפס להצמדה סחבה",,CN,מגב קלינג עם תופסן 40סמ,יחידה,1.00,יחידה,false,24,14.90,14.9000,true,1,32033
7290017682624,false,"מגב קלינג עם תפסן 50 ס""מ",,CN,מגב קלינג עם תופסן 50סמ,יחידה,1.00,יחידה,false,24,16.90,16.9000,true,1,32034
7290017682945,false,מגב חד להב סיליקון+מ,,,מגב סיליקון חד להב 43סמ,יחידה,1.00,יחידה,false,1,32.90,32.9000,true,1,33626
7290017712130,false,פרמיו פאוץ סלמון קיט,,FR,פרמיו פאוץ סלמון קיטן 85 גר,גרמים,85.00,100 גרם,false,24,3.90,4.5882,true,1,49375
7290017712147,false,פרמיו פאוץ עוף לחתלת,,FR,פרמיו פאוץ עוף לחתלתול 85 גר,גרמים,85.00,100 גרם,false,24,3.90,4.5882,true,1,49374
7290017712161,false,פרמיו מזון מלא פאוץ עם סלמון בג'לי 85 גר,,FR,פרמיו פאוץ סלמון בגלי 85 גר,גרמים,85.00,100 גרם,false,24,3.90,4.5882,true,1,49373
7290017712192,false,פרמיו נתחי פילה עוף ועשבי תיבול 100 גר,פרמיו Premio,FR,פרמיו נתחי פילה עוף ועשבי תחבול 100 גר,גרמים,100.00,100 גרם,false,32,3.90,3.9000,true,1,50155
7290017712208,false,פרמיו נתחי פילה עוף וברווז 100 גר,סאטורן,FR,פרמיו נתחי פילה ברווז לחתול 100 גר,גרמים,100.00,100 גרם,false,32,3.90,3.9000,true,1,50156
7290017712222,false,פרמיודגי ים ברוטב 100 גר,סאטורן,FR,פרמיו דגי ים קיטן 100 גר,גרמים,100.00,100 גרם,false,32,3.90,3.9000,true,1,49376
7290017712239,false,פרמיו עם עוף במרקם פטה 150 גר,פרמיו Premio,FR,פרמיו פטה עוף לכלב 150 גר,גרמים,150.00,100 גרם,false,22,3.90,2.6000,true,1,49390
7290017712260,false,פרמיו פטה סלמון לכלב 150ג',פרמיו Premio,FR,פרמיו פטה סלמון לכלב 150 גר,גרמים,150.00,100 גרם,false,22,3.90,2.6000,true,1,49391
7290017712277,false,פרמיו עם כבש במרקם פטה 100 גר,פרמיו Premio,FR,פרמיו פטה כבש לכלב 150 גר,גרמים,150.00,100 גרם,false,22,3.90,2.6000,true,1,49389
7290017712628,false,סלמון לחתול פאוץ 85 ג הורייזן,,,הורייזן סלמון לחתול פאוץ 85 גר,גרמים,1.00,100 גרם,false,24,4.90,490.0000,true,1,50151
7290017712727,false,פרמיו גור חתולים בקר וכבד,פרמיו Premio,FR,פרמיו גור בקר וכבד 100 גר,גרמים,100.00,100 גרם,false,32,3.90,3.9000,true,1,49378
7290017712758,false,פרמיו סלמון לחתול,פרמיו Premio,FR,פרמיו סלמון 100 גר,גרמים,100.00,100 גרם,false,32,3.90,3.9000,true,1,49377
7290017712765,false,פרימו סלמון ופורל לחתול,פרמיו Premio,FR,פרמיו סלמון ופורל לחתול 100 גר,גרמים,100.00,100 גרם,false,32,3.90,3.9000,true,1,50154
7290017712772,false,פרמיו ברק וכבד לחתול,פרמיו Premio,FR,פרמיו בקר וכבד 100 גר,גרמים,100.00,100 גרם,false,32,3.90,3.9000,true,1,49379
7290017712789,false,פרמיו סטירליז עוף 100ג',,FR,פרמיו סטירליז עוף 100 גר,גרמים,100.00,100 גרם,false,32,3.90,3.9000,true,1,49380
7290017712864,false,פרמיו מקלות סלמון לכלב,פרמיו Premio,CN,פרמיו מקלות סלמון 100 גר,גרמים,100.00,100 גרם,false,16,14.90,14.9000,true,1,49387
7290017712949,false,פרמיו כריות סטרילייז לחתול,פרמיו Premio,AT,פרמיו חטיף כריות לחתול סטריליז 60ג,גרמים,60.00,100 גרם,false,7,9.90,16.5000,true,1,50149
7290017715315,false,זית צלוי על הגריל 740 גר,מסנוי גידה רעהס,TR,זית ירוק צלוי על הגריל 740 גרם,גרמים,740.00,100 גרם,false,9,18.90,2.5541,true,1,29773
7290017715377,false,זית ירוק ממולא תפוז,מסנוי גידה רעהס,TR,זית ירוק ממולא תפוז 740 גרם,גרמים,740.00,100 גרם,false,9,18.90,2.5541,true,1,31108
7290017715889,false,מוזלי גרנולה עם אגוזים 600 גרם,ויטליה,MK,תערובת גרנולה אגוזים 600 גר,גרמים,600.00,100 גרם,false,10,13.90,2.3167,true,1,34798
7290017724003,false,עוגיות גרסיני אקלר 2,אקלר,IL,גרסיני קצח אקלר 250 גר,גרמים,250.00,100 גרם,false,1,22.90,9.1600,true,1,45348
7290017724010,false,עוגיות גריסני שומשום,אקלר,IL,גריסיני שומשום אקלר 250 גר,גרמים,250.00,100 גרם,false,1,22.90,9.1600,true,1,45404
7290017724027,false,עוגיות אלפחורס 300 גרם,"אקלר בע""מ",IL,עוגיות אקלר אלפחורס 300 גרם,גרמים,300.00,100 גרם,false,1,22.90,7.6333,true,1,41152
7290017724034,false,עוגיות ריבה בטעם תות250ג,אקלר,IL,עוגיות אקלר סנדוויץ ריבה 250 גר,גרמים,250.00,100 גרם,false,1,22.90,9.1600,true,1,45336
7290017724041,false,עוגיות תותי פרוטי 200גרם,אקלר,IL,עוגיות אקלר תותי פרוטי 200 גר,גרמים,200.00,100 גרם,false,1,22.90,11.4500,true,1,45337
7290017724058,false,עוגיות מעדן תמר אגוז,אקלר,IL,עוגיות אקלר מעדן תמר אגוז 250 גר,גרמים,250.00,100 גרם,false,1,22.90,9.1600,true,1,45338
7290017724065,false,"מעדן תפו""ע ואגוזים 250גר",אקלר,IL,עוגיות אקלר מעדן תפוע אגוז 250 גר,גרמים,250.00,100 גרם,false,1,22.90,9.1600,true,1,45342
7290017724089,false,עוגיות ואן גוך אקלר 200 גרם,,IL,עוגיות אקלר ואן גוך 200 גר,גרמים,200.00,100 גרם,false,1,22.90,11.4500,true,1,45339
7290017724096,false,עוגיות רולדה לוקום א,אקלר,IL,עוגיות אקלר רולדה לוקום 200 גר,גרמים,200.00,100 גרם,false,1,22.90,11.4500,true,1,45345
7290017724102,false,עוגיות סיגרים תמרים/,אקלר,IL,עוגיות אקלר סיגרים תמרים 200 גר,גרמים,200.00,100 גרם,false,1,22.90,11.4500,true,1,45341
7290017724126,false,עוגיות טחינה אקלר 250 גרם,אקלר,IL,עוגיות טחינה 250 גר אקלר,גרמים,250.00,100 גרם,false,1,22.90,9.1600,true,1,45266
7290017724140,false,עוגיות שושנים אקלר 200 גרם,אקלר,IL,עוגיות אקלר שושנים 200 גר,גרמים,200.00,100 גרם,false,1,22.90,11.4500,true,1,45340
7290017724164,false,עוגיות אוזניים ללא סוכר אקלר 200 גרם,אקלר,IL,עוגיות אקלר אוזניים ל.ס 200 גרם,גרמים,200.00,100 גרם,false,1,22.90,11.4500,true,1,45362
7290017724201,false,עוגיות ואן גוך ללא סוכר אקלר 200 גרם,אקלר,IL,עוגיות אקלר ואן גוך 200 גרם,גרמים,200.00,100 גרם,false,1,22.90,11.4500,true,1,45364
7290017724225,false,עוגיות אקלר בויוס 20,אקלר,IL,עוגיות אקלר בויוס 200 גר,גרמים,200.00,100 גרם,false,1,22.90,11.4500,true,1,45343
7290017724232,false,עוגיות שומשומית 200 גרם,אקלר,IL,עוגיות אקלר שומשומיות 200 גר,גרמים,200.00,100 גרם,false,1,22.90,11.4500,true,1,45346
7290017724263,false,אקלר בטהובן ללא סוכר 200 גרם,אקלר,IL,עוגיות אקלר שומשומם חמוציות ל.ס 300 גרם,גרמים,300.00,100 גרם,false,1,22.90,7.6333,true,1,41153
7290017724270,false,"עוגיות אשכול ללת""ס 200גר",אקלר,IL,עוגיות אקלר אשכול בריאות ל.ס 200 גרם,גרמים,200.00,100 גרם,false,1,22.90,11.4500,true,1,45369
7290017724300,false,עוגיות גרנולה אקלר 200 גרם,אקלר,IL,עוגיות אקלר גרנולה 200 גר,גרמים,200.00,100 גרם,false,1,22.90,11.4500,true,1,45350
7290017724317,false,עוגיות אקלר אלפחורס,,,עוגיות אקלר אלפחורס במילוי חלבה 250 גר,גרמים,250.00,100 גרם,false,1,22.90,9.1600,true,1,45378
7290017724355,false,עוגיות אקלר אצבעות ש,אקלר,IL,עוגיות אקלר אצבעות שקדים 250 גר,גרמים,250.00,100 גרם,false,1,22.90,9.1600,true,1,45392
7290017724546,false,עוגיות מרנג בטעם וני,,,עוגיות מרנג בטעם וניל 100 גר,גרמים,100.00,100 גרם,false,1,19.90,19.9000,true,1,48823
7290017724652,false,אקלר תמר אבקת סוכר 200 גרם,אקלר,IL,עוגיות אקלר רולדה לוקום 200 גר,גרמים,200.00,100 גרם,false,1,21.90,10.9500,true,1,45355
7290017724683,false,אקלר חמאה שקדים 200 גרם,אקלר,IL,עוגיות אקלר חאת שקדים 200 גר,גרמים,200.00,100 גרם,false,1,22.90,11.4500,true,1,45358
7290017791142,false,קרקר כוסמין מלא - פת במלח,"מאפיית פת במלח בע""מ",IL,קרקר כוסמין מלא זרעים 225 גרם,גרמים,225.00,100 גרם,false,10,22.90,10.1778,true,1,29110
7290017791203,false,קרקר כוסמין מלא - סלק - פת במלח,"מאפיית פת במלח בע""מ",IL,קרקר סלק כוסמין מלא 225 גרם,גרמים,225.00,100 גרם,false,10,22.90,10.1778,true,1,31816
7290017812007,false,"יין P.C סוביניון שרדונה כרמל 750 מ""ל",כרמל מזרחי,IL,יין סוביניון/שרדונה פי.סי 750 מל פקדון,מיליליטרים,750.00,"100 מ""ל",false,1,45.00,6.0000,true,1,51629
7290017812373,false,יין שרדונה לבן יבש פרייבט קולקשן - בקבוק אישי,יקבי כרמל Carmel Winery,IL,יין שרדונה P.C 375 מל,מיליליטרים,375.00,"100 מ""ל",false,1,25.00,6.6667,true,1,31957
7290017812588,false,מיץ ענבים תירוש לבן 100% טבעי כרמל 1 ליטר,יקבי כרמל Carmel Winery,IL,יין תירוש לבן 1 ליטר פקדון,ליטרים,1.00,ליטר,false,1,25.00,25.0000,true,1,32800
7290017812618,false,מיץ ענבים תירוש אדום רוזה כרמל 1 ליטר,כרמל מזרחי,IL,מיץ ענבים תירוש רוזה 1 לי,ליטרים,1.00,ליטר,false,12,25.00,25.0000,true,1,32427
7290017812663,false,"תירוש לבן מיץ ענבים מבעבע כרמל 750 מ""ל",ג'\קובז'\י איי.אי פיגלי,IL,מיץ ענבים מבעבע לבן 750 מל,מיליליטרים,750.00,"100 מ""ל",false,12,25.00,3.3333,true,1,38390
7290017812687,false,דרום יין לבן יבש 750 מל,כרמל מזרחי,IL,יין יתיר דרום לבן 750 מל,מיליליטרים,750.00,"100 מ""ל",false,6,75.00,10.0000,true,1,36706
7290017812830,false,יין רוזה פרייבט קולקשיין 750מל יקבי כרמל,"כד בני דרום בע""מ",IL,יין רוזה פי.סי 750 מל,מיליליטרים,800.00,"100 מ""ל",false,1,45.00,5.6250,true,1,37304
7290017812847,false,"יין פרנץ גוורצטרמינר סלקטד כרמל 750 מ""ל","כד בני דרום בע""מ",IL,יין סלקטד פרנץ גוורצטרמינר 750 מל,מיליליטרים,750.00,"100 מ""ל",false,1,35.00,4.6667,true,1,37305
7290017812861,false,יין וינו לבן יקבי כרמל,כרמל מזרחי,IL,יין וינו לבן יבש 750 מל,מיליליטרים,750.00,"100 מ""ל",false,12,25.00,3.3333,true,1,36711
7290017812885,false,"יין P.C סוביניון בלאן גוורצטרמינר כרמל 750 מ""ל",אגודת הכורמים א.ת אל,IL,יין סובניון בלאן גוורצטרמינרפי.סי 750 מל,מיליליטרים,750.00,"100 מ""ל",false,1,45.00,6.0000,true,1,39025
7290017812939,false,"יין דרום רוזה יתיר 750 מ""ל",כרמל מזרחי,IL,יין יתיר דרום רוזה 750 מל,מיליליטרים,750.00,"100 מ""ל",false,6,75.00,10.0000,true,1,38504
7290017812977,false,"יין קריניאנו סלקטדאננס באז כרמל 750 מ""ל",כרמל מזרחי,IL,יין באז לבן מתוק אננס מוגז 750 מל,מיליליטרים,750.00,"100 מ""ל",false,1,35.00,4.6667,true,1,39031
7290017871363,false,פמילי יהלום- פמלי סבון ידיים מועשר בשמן מקדמיה לניקוי וטיפוח עור הידיים,המאפיה של הרמן,TR,סבון ידיים פמלי יהלום 500מל שמן מקדמיה,מיליליטרים,500.00,"100 מ""ל",false,12,10.90,2.1800,true,1,32287
7290017871370,false,פמילי יהלום- סבון ידיים מועשר בשמן אבוקדו לניקוי וטיפוח עור הידיים,המאפיה של הרמן,TR,סבון ידיים פמלי יהלום 500מל שמן אבוקדו,מיליליטרים,500.00,"100 מ""ל",false,12,10.90,2.1800,true,1,32288
7290017871424,false,טוסו חטיף תמרים ובוטנים ללא גלוטן וללא תוספת סוכר,תות תעשיות מזון,IL,חטיף טוסו תמרים בוטנים ל.ס. ל.גלוטן 5יח,גרמים,140.00,100 גרם,false,1,16.90,12.0714,true,1,30257
7290017871431,false,טוסו חטיף תמרים אגוזי לוז וחמוציות ללא גלוטן וללא תוספת סוכר,תות תעשיות מזון,IL,חטיף טוסו תמרים א.לוז חמוציות ל.ס ל.ג 5י,גרמים,140.00,100 גרם,false,1,16.90,12.0714,true,1,30259
7290017871448,false,טוסו חטיף תמרים וקשיו ללא גלוטן וללא תוספת סוכר,תות תעשיות מזון (2014) ב,IL,חטיף טוסו תמרים קשיו ל.ס. ל.גלוטן 5יח,גרמים,135.00,100 גרם,false,1,16.90,12.5185,true,1,30261
7290017871462,false,טוסו חטיף פצפוצי אורז מצופה שוקולד מריר ללא תוספת סוכר,תות תעשיות מזון (2014) ב,IL,חטיף טוסו פצפוצי אורז ש. מריר ל.סוכר 5יח,גרמים,105.00,100 גרם,false,1,16.90,16.0952,true,1,30258
7290017871554,false,טוסו חטיף תמרים ושברי קקאו ללא גלוטן וללא תוספת סוכר,תות תעשיות מזון (2014) ב,IL,חטיף טוסו תמרים שבריקקאו ל.ס. ל.גלוטן 5י,גרמים,140.00,100 גרם,false,1,16.90,12.0714,true,1,30263
7290017871707,false,חטיף פיצפוצי אורז וקוקוס מצופה שוקולד מריר ללא תוספת סוכר,תות תעשיות מזון (2014) ב,IL,חטיף טוסו פצפוצי אורז קוקוס ל.סוכר 5יח,גרמים,105.00,100 גרם,false,1,16.90,16.0952,true,1,30262
7290017871929,false,"טוסו גרנולה פירות יבשים ואגוזים ללת""ס 300 ג'","אפקטבעי בע""\מ",IL,טוסו גרנולה פ.יבשים אגוזים ללס 300גר,גרמים,300.00,100 גרם,false,1,19.90,6.6333,true,1,33697
7290017871950,false,פרשוואנס נייר טואלט לח מתכלה בניחוח לוונדר מארז שלישייה,עלבד משואות יצחק,IL,מארז 3יח מגבוני נייר טואלט לח לבנדר 40יח,יחידה,120.00,יחידה,false,1,12.90,0.1075,true,1,37517
7290017871967,false,טוסו אבקת ג'לי טעם אננס 30גרם,אשבל מזון פונקציונלי בע\,IL,גלי מרמולייט אננס 25גר,Unknown,0.00,Unknown,false,1,10.00,0.0000,true,1,35194
7290017871974,false,טוסו אבקת ג'לי טעם תות 30גרם,אשבל מזון פונקציונלי בע\,IL,גלי מרמולייט תות שדה 25גר,Unknown,0.00,Unknown,false,1,10.00,0.0000,true,1,35193
7290017871981,false,טוסו אבקת ג'לי טעם משמש 30גרם,אשבל מזון פונקציונלי בע\,IL,גלי מרמולייט משמש 25גר,Unknown,0.00,Unknown,false,1,10.00,0.0000,true,1,35195
7290017871998,false,טוסו פודינג אינסטנט בטעם וניל 30גרם,אשבל מזון פונקציונלי בע\,IL,פודינג מרמולייט אינסטנט בטעם וניל 30גר,Unknown,0.00,Unknown,false,1,10.00,0.0000,true,1,35196
7290017872001,false,"קרם החתלה פרשוואנס שמן זית ופרופוליס 100 סמ""ק",פרש-וואנס,IL,קרם החתלה פרש וואנס 100סמק שמן זית,גרמים,100.00,100 גרם,false,1,12.90,12.9000,true,1,33608
7290017872018,false,"פרש וואנס קרם החתלה קמומיל וקלנדולה 100 סמ""ק",פרש-וואנס,IL,קרם החתלה פרש וואנס 100סמק קמומיל,גרמים,100.00,100 גרם,false,1,12.90,12.9000,true,1,33609
7290017872049,false,"פמלי אל סבון בניחוח לוונדר ארומטי- שלישייה 500 מ""ל",אברנסל קוסמטיקס,TR,פמילי אל סבון מעורב שלישייה 500 מל,ליטרים,1.50,ליטר,false,1,15.90,10.6000,true,1,33820
7290017872056,false,פמלי אל סבון 3*1 הסדרה הלבנה-מעורב 500 גרם*3,אברנסל קוסמטיקס,TR,אל סבון פמילי שלישייה מעורב פרלי 500 מל,ליטרים,1.50,ליטר,false,1,15.90,10.6000,true,1,33821
7290017872063,false,פמלי אל סבון 3*1 ארומטרפי-מעורב 500 גרם*3,אברנסל קוסמטיקס,TR,מארז 3יח אל סבון פמילי ארומתרפי 500מל,ליטרים,1.50,ליטר,false,1,15.90,10.6000,true,1,33822
7290017872070,false,מארז מגבונים לחים בניחוח מרענן פרש וואנס שלישייה,"ווטנפס בע""\מn\",IL,מארז 3יח מגבוני פרשוואנס נטורל קר מבושם,יחידה,3.00,יחידה,false,10,12.90,4.3000,true,1,35919
7290017872162,false,טוסו - עוגיות אגוזי לוז ללא סוכר 200 גרם,"הגביע מוצרי וופלים בע""\מ",IL,עוגיות טוסו אגוזי לוז ל.סוכר 200 גר,גרמים,200.00,100 גרם,false,1,14.90,7.4500,true,1,33727
7290017872179,false,טוסו - עוגיות טחינה ללא סוכר 200 גרם,"הגביע מוצרי וופלים בע""\מ",IL,עוגיות טוסו טחינה ל.סוכר 200 גר,גרמים,200.00,100 גרם,false,1,14.90,7.4500,true,1,33726
7290017872186,false,טוסו - עוגיות פקאן ללא סוכר 200 גרם,"הגביע מוצרי וופלים בע""\מ",IL,עוגיות פקאן טוסו ללא .סוכר200גר,גרמים,200.00,100 גרם,false,1,14.90,7.4500,true,1,33725
7290017872193,false,טוסו עוגיות שקדים וקינמון ללא סוכר 200 גרם,"הגביע מוצרי וופלים בע""\מ",IL,עוגיות טוסו שקד וקינמון ללס 200 גר,גרמים,200.00,100 גרם,false,1,14.90,7.4500,true,1,33728
7290017872209,false,שעווה מגע הדבש למיקרוגל שמן קוקוס 500 גר,"ש. שוורץ )באר שבע( בע""\מ",IL,שעווה מועשרת למיקרוגל 500גר שמן קוקוס,גרמים,500.00,100 גרם,false,1,21.90,4.3800,true,1,34092
7290017872278,false,טוסו חטיף קראנצ'י בטעם בוטנים וחלווה 105 גר',תות ממתקי איכות,IL,חטיף טוסו קראנצי בטעם בוטנים חלווה ללס,גרמים,140.00,100 גרם,false,1,16.90,12.0714,true,1,33701
7290017872285,false,טוסו חטיף קראנצ'י בטעם פירות יבשים 105 גר',תות ממתקי איכות,IL,חטיף טוסו קראנצי בטעם פירות יבשים ללס,גרמים,140.00,100 גרם,false,1,16.90,12.0714,true,1,33702
7290017872667,false,"פמלי יהלום-סבון ידיים עם שמן קמומיל 500 מ""ל",המאפיה של הרמן,TR,סבון ידיים פמלי יהלום 500מל שמן קמומיל,מיליליטרים,500.00,"100 מ""ל",false,12,10.90,2.1800,true,1,34983
7290017872865,false,בייביביס חטיפי דגנים אפויים לתינוקות בטעם גזר ועגבנייה,טאטא גלובל בוורג'ס,IL,בייבי ביס חטיפי דגנים אפוי ט.גזר עגבניה,Unknown,0.00,Unknown,false,1,13.90,0.0000,true,1,46517
7290017872872,false,בייביביס חטיפי דגנים אפויים לתינוקות בטעם גזר וסלק,טאטא גלובל בוורג'ס,IL,בייבי ביס חטיפי דגנים אפוי ט.גזר וסלק40ג,Unknown,0.00,Unknown,false,1,13.90,0.0000,true,1,46516
7290017872896,false,שקיות אשפה לארג גליל,גלילונית,,שקיות אשפה לארג גלילונית חזקה 44יח,יחידה,44.00,יחידה,false,20,22.90,0.5205,true,1,45698
7290017872933,false,מגע הדבש רצועות שעווה לגוף 12+3 מגבוני ש,ש.שוורץ,ES,רצועות שעווה ביו מגע הדבש 12יח+3מג.שמן,יחידה,12.00,יחידה,false,1,29.90,2.4917,true,1,39809
7290017872940,false,מגע הדבש רצועות שעווה לפנים 20+5 מגבוני,ש.שוורץ,ES,רצועות שעווה ביו לפנים מגע 20יח+5מג.שמן,יחידה,20.00,יחידה,false,1,29.90,1.4950,true,1,39810
7290017873008,false,גלילונית הקפאה זוג 275 יחידות,"אשפלסט תעשיות בע""מ",IL,שקיות גלילונית להקפאה 275 יח,יחידה,275.00,יחידה,false,15,11.90,0.0433,true,1,45695
7290017873039,false,מארז זוג שקיות לסנדוויץ גלילונית 2*160 יח',"קינג באג בע""מ",TH,מארז 2יח שקיות אוכל גלילונית 160יח,יחידה,320.00,יחידה,false,15,13.50,0.0422,true,1,45696
7290017873367,false,"קרם ידיים ויטליטי לכל סוגי העור 100 מ""ל פנג'ל","דנלוג אינטרקוסמא בע""\מ",IL,קרם ידיים פנגל ויטליטי 100מל,מיליליטרים,100.00,"100 מ""ל",false,12,12.90,12.9000,true,1,51460
7290017873398,false,"תחליב גוף ויטליטי לכל סוגי העור 400 מ""ל פנג'ל","דנלוג אינטרקוסמא בע""\מ",IL,תחליב גוף פנגל ויטליטי 400מל,מיליליטרים,400.00,"100 מ""ל",false,12,22.90,5.7250,true,1,51459
7290017873411,false,"קרם גוף ויטליטי לכל סוגי העור 200 מ""ל פנג'ל","דנלוג אינטרקוסמא בע""\מ",IL,קרם גוף פנגל ויטליטי 300מל לכל סוגי העור,מיליליטרים,300.00,"100 מ""ל",false,12,24.90,8.3000,true,1,51458
7290017888019,false,"משקה תפוח רימון סלק גינגיר פרות &ווג 350 מ""ל",פרוט אנד וג' Fruit & Veg,IL,משקה תפוח רימון סלק 350מל,מיליליטרים,350.00,"100 מ""ל",false,1,7.90,2.2571,true,1,27677
7290017888026,false,"משקה אננס תפוח גזר פרות & ווג 350 מ""ל",פרוט אנד וג' Fruit & Veg,IL,משקה אננס תפוח גזר 350מל,מיליליטרים,350.00,"100 מ""ל",false,1,7.90,2.2571,true,1,27678
7290017888033,false,"משקה בננה מלון נענע פרות &ווג 350 מ""ל",פרוט אנד וג' Fruit & Veg,IL,משקה בננה מלון נענע 350מל,מיליליטרים,350.00,"100 מ""ל",false,1,7.90,2.2571,true,1,27679
7290017888095,false,"רביעיית פחיות שוופס מוגז עדין פירות יער 330 מ""ל.",יפאורה תבורי בעמ,IL,מארז 4יח שוופס מוגז עדין פ.יער 330מל פח,מיליליטרים,1320.00,"100 מ""ל",false,1,12.90,0.9773,true,1,28157
7290017888101,false,"שוויפס מוגז עדין אפרסק מארז רביעייה* 330 מ""ל",יפאורה תבורי בעמ,IL,מארז 4יח שוופס מוגז עדין אפרסק 330מל פח,מיליליטרים,1320.00,"100 מ""ל",false,1,12.90,0.9773,true,1,28156
7290017888644,false,"משקה אננס בננה כורכום פרות & ווג 350 מ""ל",פרוט אנד וג' Fruit & Veg,IL,משקה אננס בננה כורכום 350מל,מיליליטרים,350.00,"100 מ""ל",false,1,7.90,2.2571,true,1,32867
7290017888729,false,שוופס סודה בקבוק 1 ל',"יפאורה תבורי בע""\מ",IL,שוופס סודה 1 ליטר,ליטרים,1.00,ליטר,false,15,3.90,3.9000,true,1,33393
7290017888972,false,בקבוק מי עדן פקק ספורט 1 ליטר,"מופק ממקור בזלתי עדן ,1",IL,מי עדן 1 ליטר פקק ספורט,ליטרים,1.00,ליטר,false,16,4.90,4.9000,true,1,33841
7290017894041,false,"פתיתי שיבולת שועל דקה לל""ג דגש 400 גרם",דגש,IL,פתיתי שבולת שועל ללא.ג דק דגש 400 גר,גרמים,400.00,100 גרם,false,12,18.90,4.7250,true,1,30117
7290017894058,false,דגש תערובת להכנת לחם 500 גרם,"אף סי, תבליני הגליל",IL,תערובת להכנת לחם 500 גר,גרמים,500.00,100 גרם,false,12,14.90,2.9800,true,1,31228
7290017894065,false,דגש תערובת קמח רב תכליתי 500 גרם,"אף, סי תבליני הגליל",IL,תערובת רב תכליתית 500 גר,גרמים,500.00,100 גרם,false,12,14.90,2.9800,true,1,31227
7290017894072,false,אבקת הלבנה אקופרנד 500 ג,אקופרנד,IL,אבקת הלבנה 500גר אקולוגי אקופרנד,גרמים,500.00,100 גרם,false,1,18.90,3.7800,true,1,47391
7290017894188,false,קפסולות מרוכזות לכביסה40,אקופרנד,IL,קפסולות כביסה מרוכז 40יח אקולוגי אקופרנד,יחידה,40.00,יחידה,false,1,41.90,1.0475,true,1,47392
7290017894300,false,גנדולה עוגיות כוסמין לימון אורגני 250,גנדולה,IT,עוגיות כוסמין גינגר גנדולה 250גר,גרמים,250.00,100 גרם,false,12,13.90,5.5600,true,1,50799
7290017894317,false,גנדולה עוגיות כוסמין ש.ציפס אורגני 250,גנדולה,IT,עוגיות כוסמין שוקולד גנדולה 250גר,גרמים,250.00,100 גרם,false,12,13.90,5.5600,true,1,50800
7290017907215,false,קמח תמי למאפי שמרים ללא גלוטן 500 גרם,פוראטוס ישראל,IL,תמי קמח למאפי שמרים ללא גלוטן 500 גר,גרמים,300.00,100 גרם,false,12,18.90,6.3000,true,1,37904
7290017907222,false,תערובת קמח תופח לנמנעים מגלוטן,פוראטוס ישראל,IL,תמי קמח תופח ללא גלוטן 500 גר שקית,גרמים,300.00,100 גרם,false,12,18.90,6.3000,true,1,37908
7290017907246,false,סולת מאורז לנמנעים מגלוטן,פוראטוס ישראל,IL,תמי סולת ללא גלוטן 300 גר,גרמים,300.00,100 גרם,false,10,15.90,5.3000,true,1,37902
7290017907253,false,פתיתים מאורז לנמנעים מגלוטן,פוראטוס ישראל,IL,תמי פתיתים ללא גלוטן 300 גר,גרמים,300.00,100 גרם,false,10,15.90,5.3000,true,1,37906
7290017907260,false,תערובת להכנת כדורי פלאפל לנמנעים מגלוטן,פוראטוס ישראל,IL,תמי פלאפל ללא גלוטן 300 גר,גרמים,300.00,100 גרם,false,10,15.90,5.3000,true,1,37907
7290017913186,false,מרכך כביסה מרוכז 1 ל,,TR,מרכך כביסה מרוכז 1 ליטר אסותא ורוד,ליטרים,1.00,ליטר,false,12,9.90,9.9000,true,1,31526
7290017913223,false,מרכך כביסה מרוכז 1 ל,,TR,מרכך כביסה מרוכז 1 ליטר אסותא שחור,ליטרים,1.00,ליטר,false,12,9.90,9.9000,true,1,31531
7290017913490,false,סבון מוצק ורדים אסות,,,מארז 4יח סבון מוצק אסותא 100גר ורדים,גרמים,400.00,100 גרם,false,12,9.90,2.4750,true,1,37149
7290017917184,false,אולטרסול גל אלוורה פורטה 200 מל,פישר תעשיות,IL,גל אלוורה אולטרסול פורטה 200 מל,מיליליטרים,200.00,"100 מ""ל",false,12,42.90,21.4500,true,1,32133
7290017917283,false,"מגבוני קמיל בלו ד""ר פישר ללא בישום רביעי",פישר מעבדות פרמצבטיות,IL,מארז 4יח מגבוני קמיל בלו ללא בישום 64יח,יחידה,256.00,יחידה,false,1,16.90,0.0660,true,1,31600
7290017917382,false,אל סבון היגייני לניקוי יסודי ולהרגע העור clean & calm,"ד""ר פישר Dr fischer",IL,אל סבון קמיל לידיים להרגעת העור 1ליטר,ליטרים,1.00,ליטר,false,1,13.90,13.9000,true,1,29055
7290017917542,false,"ד""ר פישר שמפו בלונד ללא תוספת מלחים 400 מ""ל",מדי פישר,IL,שמפו בלונד ללא מלחים 400מל קמיל בלו,מיליליטרים,400.00,"100 מ""ל",false,10,29.90,7.4750,true,1,31642
7290017917559,false,ד.פישר בלונד מסכת הזנה לשיער בהיר 300 מל,מדי פישר,IL,מסכת שיער בלונד 300מל קמיל בלו,מיליליטרים,300.00,"100 מ""ל",false,12,39.90,13.3000,true,1,31643
7290017917573,false,אולטרסול קידס ספריי תחליבי SPF50 200,פישר מעבדות פרמצבטיות בע,IL,תחליב הגנה אולטרסול קידס 50/200,מיליליטרים,200.00,"100 מ""ל",false,12,64.90,32.4500,true,1,32126
7290017917627,false,מסרק צפוף שיניים סרק,פישר תעשיות,IL,מסרק צפוף שיניים סרקל כינים,Unknown,0.00,Unknown,false,12,49.90,0.0000,true,1,35511
7290017917757,false,"ד""ר פישר EFFECTIVE CARE קרם גוף בשמן כותנה 450 מ""ל",פישר מעבדות פרמצבטיות בע,IL,קרם גוף אפקטיב קר מועשר בשמן כותנה 450מל,מיליליטרים,450.00,"100 מ""ל",false,1,21.90,4.8667,true,1,34077
7290017917764,false,"ד""ר פישר - אפקטיב קר קרם גוף מועשר בשמן ארגן 450 מ""ל",פישר מעבדות פרמצבטיות בע,IL,קרם גוף אפקטיב קר מועשר בשמן ארגן 450מל,מיליליטרים,450.00,"100 מ""ל",false,1,21.90,4.8667,true,1,34078
7290017917986,false,"ד""ר פישר - אולטרסול בייבינטורל תחליב גוף 125 מ""ל 50SPF+",פישר מעבדות פרמצבטיות בע,IL,תחליב הגנה אולטרסול בייבינטורל 125מל,מיליליטרים,125.00,"100 מ""ל",false,12,64.90,51.9200,true,1,32125
7290017918112,false,חסה עגולה ארוזה,,,חסה עגולה ארוזה,Unknown,0.00,Unknown,false,1,6.90,0.0000,true,1,40497
7290017918150,false,תפוח אדמה קטנים לאפי,חקלאי,IL,תפוח אדמה למיקרו חבילה,Unknown,0.00,Unknown,false,1,5.90,0.0000,true,1,36325
7290017918563,false,ערמונים קלויים קלופי,,,ערמונים קלויים קלופים 100 גרם,גרמים,100.00,100 גרם,false,1,5.90,5.9000,true,1,35964
7290017918723,false,סלק מבושל בוואקום 500 גר',חקלאי,IL,מעדן סלק 500 גרם,Unknown,0.00,Unknown,false,1,5.90,0.0000,true,1,36622
7290017918808,false,דלעת ארוזה-ביכורי שדה,ביכורי שדה דרום,IL,דלעת חתוכה ארוזה,קילוגרמים,1.00,"ק""ג",true,,11.90,11.9000,true,1,38130
7290017924014,false,מארז ציפס תפוחי עץ כרם 4*22 גרם,זנגנינג ג'יניו אינדו,CN,מארז 1+5 חטיף תפוח עץ מיובש 22 גרם,Unknown,0.00,Unknown,false,96,15.90,0.0000,true,1,37035
7290017924182,false,תרסיס שמן אורז טהור,קומפניה אלימנטרה איט,IT,תרסיס שמן אורז טהור כרם 200 מל,מיליליטרים,200.00,"100 מ""ל",false,6,19.90,9.9500,true,1,37911
7290017924489,false,מלח הימאליה בינוני כ,,PK,מלח הימאליה בינוני כרם 1 קג,קילוגרמים,1.00,"ק""ג",false,1,13.90,13.9000,true,1,40666
7290017924496,false,מלח הימאליה מטחנה כר,,PK,מלח הימאליה מטחנה כרם 225 גרם,קילוגרמים,1.00,"ק""ג",false,1,16.90,16.9000,true,1,40667
7290017924502,false,חמאת פיסטוק כרם 200 גרם,יעקוב יוסף,IL,חמאת פיסטוק כרם 200 גרם,גרמים,200.00,100 גרם,false,1,37.90,18.9500,true,1,39195
7290017924557,false,שבולת שועל עבה כרם ל,כרם תעשיות,IL,שבולת שועל עבה כרם ללא גלוטן 450 גרם,גרמים,450.00,100 גרם,false,18,18.90,4.2000,true,1,37036
7290017924571,false,רצועות קוקוס טבעי עם,,,רצועות קוקוס טבעי עם קליפה 150 גר,גרמים,150.00,100 גרם,false,12,19.90,13.2667,true,1,35990
7290017924588,false,סובין שבולת שועל כרם,כרם תעשיות,IL,סובין שבולת שועל כרם ללא גלוטן 450 גרם,גרמים,450.00,100 גרם,false,18,18.90,4.2000,true,1,37037
7290017924656,false,ממרח תמרים טבעי 300,משק צור מושב עין יהב,IL,ממרח תמר כרם 100% טבעי 300 גרם,גרמים,300.00,100 גרם,false,12,13.90,4.6333,true,1,37788
7290017924670,false,עדשים ירוקות אורגני 500 גרם,כרם תעשיות,IL,עדשים ירוקות אורגניות כרם 500 גרם,גרמים,500.00,100 גרם,false,1,11.50,2.3000,true,1,39224
7290017924687,false,עדשים צהובות אורגני 500 גרם,כרם תעשיות,IL,עדשים צהובות אורגניות כרם 500 גרם,גרמים,500.00,100 גרם,false,1,11.50,2.3000,true,1,39226
7290017924694,false,עדשים אדומות אורגני 500 גרם,כרם תעשיות,IL,עדשים אדומות אורגניות כרם 500 גרם,גרמים,500.00,100 גרם,false,1,11.50,2.3000,true,1,39227
7290017924700,false,שעועית לבנה אורגני 500 גרם,כרם תעשיות,IL,שעועית לבנה אורגנית כרם 500 גרם,גרמים,500.00,100 גרם,false,1,10.90,2.1800,true,1,39252
7290017924717,false,בורגל עבה אורגני כרם,כרם תעשיות,IL,בורגל עבה אורגני כרם 500 גרם,גרמים,500.00,100 גרם,false,1,8.90,1.7800,true,1,39228
7290017924724,false,גרגירי חומוס אורגני 500 גרם,כרם תעשיות,IL,חומוס אורגני כרם 500 גרם,גרמים,500.00,100 גרם,false,1,10.90,2.1800,true,1,39230
7290017924731,false,פופקורן אורגני כרם 5,כרם תעשיות,IL,פופקורן אורגני כרם 500 גרם,גרמים,500.00,100 גרם,false,1,9.90,1.9800,true,1,51622
7290017924779,false,זרעי דוחן קלוםים אורגני 500 גרם,כרם תעשיות,IL,זרעי דוחן אורגני כרם 500 גרם,גרמים,500.00,100 גרם,false,1,10.90,2.1800,true,1,39231
7290017924786,false,זרעי שומשום מלא אורגני 500 גרם,כרם תעשיות,IL,שומשום מלא אורגני כרם 500 גרם,גרמים,500.00,100 גרם,false,1,12.90,2.5800,true,1,39232
7290017924793,false,זרעי פשתן חומים אורגני 500 גרם,כרם תעשיות,IL,זרעי פשתן חומים אורגני כרם 500 גרם,גרמים,500.00,100 גרם,false,1,10.90,2.1800,true,1,39233
7290017924809,false,גרעיני חמניה קלופים,כרם תעשיות,IL,גרעיני חמניה קלופים אורגני כרם 500 גרם,גרמים,500.00,100 גרם,false,1,14.90,2.9800,true,1,39234
7290017924816,false,קינואה לבנה מלאה אורגני 500 גרם,כרם תעשיות,IL,קינואה לבנה מלאה אורגנית כרם 500 גרם,גרמים,500.00,100 גרם,false,1,14.90,2.9800,true,1,39235
7290017924823,false,כוסמת אורגנית כרם 50,כרם תעשיות,IL,כוסמת אורגנית כרם 500 גרם,גרמים,500.00,100 גרם,false,1,11.50,2.3000,true,1,39236
7290017924847,false,עדשים שחורות אורגני 500 גרם,כרם תעשיות,IL,עדשים שחורות אורגניות כרם 500 גרם,גרמים,500.00,100 גרם,false,1,12.90,2.5800,true,1,39225
7290017924854,false,קוואקר עבה אורגני 400 גרם,כרם תעשיות,IL,שבולת שועל עבה אורגני כרם 400 גרם,גרמים,400.00,100 גרם,false,1,8.90,2.2250,true,1,39238
7290017924861,false,"שמן זית אורגני כרם 750 מ""ל",,IT,שמן זית אורגני כרם 750 מל,מיליליטרים,750.00,"100 מ""ל",false,12,31.90,4.2533,true,1,39196
7290017924878,false,בורגול דק אורגני 500 גרם,כרם תעשיות,IL,בורגל דק אורגני כרם 500 גרם,גרמים,500.00,100 גרם,false,1,8.90,1.7800,true,1,39229
7290017924885,false,קוואקר דק אורגני 400 גרם,כרם תעשיות,IL,שבולת שועל דקה אורגנית כרם 400 גרם,גרמים,400.00,100 גרם,false,1,8.90,2.2250,true,1,39239
7290017924892,false,רסק עגבניות אורגני כ,קומפניה אלימנטרה איט,IT,תרסיס שמן אורז טהור כרם 200 מל,גרמים,200.00,100 גרם,false,6,10.00,5.0000,true,1,37787
7290017924915,false,טחינה מלאה כרם אוגני,הנסיך,IL,טחינה מלאה כרם אוגנית 450 גרם,גרמים,450.00,100 גרם,false,12,13.90,3.0889,true,1,40762
7290017925318,false,מארז 4יח בירה בלו מו,,,מארז 4יח בירה בלו מון 330 מל בק. פקדון,מיליליטרים,1320.00,"100 מ""ל",false,1,39.90,3.0227,true,1,32802
7290017925608,false,מיקלר ונגב -דזרט הייז 330מל,מיקלר אי פי אס,DK,בירה נגב מייקלר 330 מל בק. פקדון,מיליליטרים,330.00,"100 מ""ל",false,1,14.90,4.5152,true,1,41062
7290017928036,false,מקלות גריסיני שומשום מאיר בייגל 175 גרם,מאיר את בייגל,IL,מקלות גריסיני שומשום175 גרם מאיר בייגל,גרמים,175.00,100 גרם,false,15,11.90,6.8000,true,1,31129
7290017928043,false,מקלות גריסיני קראנץ' מלח מאיר בייגל 175 גרם,מאיר את בייגל,IL,מקלות גריסיני קרנץ מלח175 גר מאיר בייגל,גרמים,175.00,100 גרם,false,15,11.90,6.8000,true,1,31130
7290017928098,false,שטוחלה מלח מאיר בייגל 330 גרם,מאיר את בייגל,IL,בייגלה שטוחלה מלוח 330 ג מאיר בייגל,גרמים,330.00,100 גרם,false,15,11.90,3.6061,true,1,42742
7290017928210,false,בייגלה גדול שומשום מאיר בייגל 250 גרם,מאיר את בייגל,IL,בייגלה גדול שומשום 250 ג מאיר בייגל,גרמים,250.00,100 גרם,false,15,11.90,4.7600,true,1,31120
7290017928227,false,מאיר בייגל שטוחהלה פינוקים 300 גר',מאיר את בייגל,IL,בייגלה שטוחלה פינוקים 300 ג מאיר בייגל,גרמים,300.00,100 גרם,false,15,11.90,3.9667,true,1,31124
7290017928272,false,בייגלה שטוח שומש.פרוט170,מאיר את בייגל,IL,בייגלה שטוח פרו שומשום 170ג מאיר בייגל,גרמים,170.00,100 גרם,false,15,11.90,7.0000,true,1,39854
7290017928432,false,מקלות גריסיני קראנץ' פרג מאיר בייגל 175 גרם,מאיר את בייגל,IL,מקלות גריסיני קרנץ פרג175 גר מאיר בייגל,גרמים,175.00,100 גרם,false,15,11.90,6.8000,true,1,31131
7290017928449,false,בייגלה שטוחל'ה PRO עם מלח עשיר בחלבון,מאיר את בייגל,IL,בייגלה שטוחלה פרו מלח 170 ג מאיר בייגל,גרמים,170.00,100 גרם,false,15,11.90,7.0000,true,1,31125
7290017928463,false,מאיר בייגל -סמאש-שבורים בטעם דבש חרדל ובצל 300 גרם,מאיר בייגל,BG,סמאש שיברי בייגלה דבש חרדל בצל300גר,גרמים,300.00,100 גרם,false,12,13.90,4.6333,true,1,37867
7290017928524,false,בייגלה שטוח ניגובים מלח 330 ג' מאיר בייגל,מאיר את בייגל,IL,בייגלה שטוח ניגובים מלוח 330 גרם,גרמים,330.00,100 גרם,false,15,11.90,3.6061,true,1,42739
7290017928609,false,בייגלה טבעות שומשום מאיר בייגל 300 גרם,מאיר את בייגל,IL,בייגלה טבעות שומשום 330 ג מאיר בייגל,גרמים,300.00,100 גרם,false,15,11.90,3.9667,true,1,31118
7290017928616,false,מאיר בייגל שטוחהלה שומשום 300 גר',מאיר את בייגל,IL,בייגלה שטוחלה שומשום 300 ג מאיר בייגל,גרמים,300.00,100 גרם,false,15,11.90,3.9667,true,1,31122
7290017928661,false,מאיר בייגל -סמאש-שבורים בטעם צ'דר 300 גרם,מאיר בייגל,BG,סמאש שיברי בייגלה טעם צדר 300 גר,גרמים,300.00,100 גרם,false,12,13.90,4.6333,true,1,37868
7290017928685,false,בייגלה שמיניות מלוח מאיר בייגל 400 גרם.,מאיר את בייגל,IL,בייגלה שמיניות מלח 400 ג מאיר בייגל,גרמים,400.00,100 גרם,false,15,11.90,2.9750,true,1,42741
7290017928722,false,בייגלה שטוח ניגובים שומשום 300 ג' מאיר בייגל,מאיר את בייגל,IL,בייגלה שטוח ניגובים שומשום 330 גרם,גרמים,330.00,100 גרם,false,15,11.90,3.6061,true,1,42740
7290017928746,false,פירורי בייגלה מאיר בייגל 200 גרם,מאיר בייגל,IL,פרורי בייגלה 200 גר מאיר בייגל,גרמים,200.00,100 גרם,false,1,6.90,3.4500,true,1,47289
7290017928807,false,בייגלה אצבעות שומשום מאיר בייגל 300 גרם,מאיר את בייגל,IL,בייגלה אצבעות שומשום 300 ג מאיר בייגל,גרמים,300.00,100 גרם,false,15,11.90,3.9667,true,1,31119
7290017928821,false,מקלות גריסיני קלאסי מאיר בייגל 200 גרם,מאיר את בייגל,IL,מקלות גריסיני קלאסי 200 גרם מאיר בייגל,גרמים,200.00,100 גרם,false,15,11.90,5.9500,true,1,31128
7290017946184,false,סוד קפסולות ג'ל לכביסה צבעונית 40 יח',הנקל,RS,קפסולות גל כביסה סוד 40יח,יחידה,40.00,יחידה,false,6,36.90,0.9225,true,1,46890
7290017946368,false,שלישיית כדוריות סבון לאסלה אוקיינוס סוד 50 גרם,הנקל סוד,RS,מארז 3יח סבון אסלה סוד כדוריות אוקיינוס,יחידה,3.00,יחידה,false,1,14.90,4.9667,true,1,36747
7290017946399,false,"מרכך כביסה מרוכז ארומתרפי אדום 900 מ""ל סוד",הנקל סוד,IL,מרכך כביסה סוד מרוכז 900מל אדום,מיליליטרים,900.00,"100 מ""ל",false,12,11.90,1.3222,true,1,46522
7290017946474,false,"הוואי תחליב רחצה סודות פולינזיה 700 מ""ל",טרופיקל דגיל בעמ,IL,תחליב רחצה הוואי סודות פולינזיה 700מל,מיליליטרים,700.00,"100 מ""ל",false,1,8.90,1.2714,true,1,31265
7290017946542,false,סוד - מרכך כביסה מרוכז ורוד 1.80 ליטר,הנקל,TR,מרכך כביסה סוד מרוכז 1.8 ליטר שושן פראי,מיליליטרים,1800.00,"100 מ""ל",false,1,21.90,1.2167,true,1,35467
7290017946597,false,סוד - מרכך כביסה מרוכז זהב 1.80 ליטר,,,מרכך כביסה סוד מרוכז 1.8 ליטר זהב,מיליליטרים,1800.00,"100 מ""ל",false,1,21.90,1.2167,true,1,46520
7290017946740,false,סוד - מרכך כביסה מרוכז כחול 1.80 ליטר,הנקל,TR,מרכך כביסה סוד מרוכז 1.8 ליטר שמיים רענן,מיליליטרים,1800.00,"100 מ""ל",false,1,21.90,1.2167,true,1,35468
7290017946764,false,מנקה מכונת כביסה 150 גר K2R,הנקל Henkel,DE,מנקה מכונת כביסה 150גר,גרמים,150.00,100 גרם,false,6,15.90,10.6000,true,1,36746
7290017946979,false,פרסיל גל לכביסה דיפ קלין מנטרל ריחות 2.4,"הנקל סוד בע""\מ",IL,גל כביסה פרסיל 2.4ליטר דיפ קלין,מיליליטרים,2400.00,"100 מ""ל",false,6,29.90,1.2458,true,1,37806
7290017973210,false,משקה ציה ללא סוכר בט,,,משקה ציה בטעם מנגו ללא סוכר 290מל פקדון,מיליליטרים,290.00,"100 מ""ל",false,24,6.90,2.3793,true,1,49266
7290017973227,false,משקה ציה ללא סוכר בט,,,משקה ציה בטעם אננס ללא סוכר 290מל פקדון,מיליליטרים,290.00,"100 מ""ל",false,24,6.90,2.3793,true,1,49269
7290017973234,false,משקה ציה טעם קוקטייל,,,משקה ציה טעם קוקטייל פרי ל.סוכר290מל פקד,מיליליטרים,290.00,"100 מ""ל",false,24,6.90,2.3793,true,1,49270
7290017973241,false,משקה ציה ללא סוכר בט,,,משקה ציה בטעם אפרסק ללא סוכר 290מל פקדון,מיליליטרים,290.00,"100 מ""ל",false,24,6.90,2.3793,true,1,49267
7290017973258,false,משקה ציה ללא סוכר בט,,,משקה ציה בטעם קיווי ללא סוכר 290מל פקדון,מיליליטרים,290.00,"100 מ""ל",false,24,6.90,2.3793,true,1,49268
7290017973319,false,משקה ציה בטעם אפרסק 1ליטר,,IL,משקה ציה טעם אפרסק 1 ליטר בק. פקדון,ליטרים,1.00,ליטר,false,12,13.90,13.9000,true,1,38364
7290017973326,false,משקה ציה טעם אננס 1,,IL,משקה ציה טעם אננס 1 ליטר בק. פקדון,ליטרים,1.00,ליטר,false,12,13.90,13.9000,true,1,38363
7290017973807,false,משקה איזוטוני 710 מל,,,משקה איזוטוני 710 מל טעם דובדבן,מיליליטרים,710.00,"100 מ""ל",false,1,9.90,1.3944,true,1,40396
7290017973814,false,משקה איזוטוני 710 מל,,,משקה איזוטוני 710 מל טעם פירות יער,מיליליטרים,710.00,"100 מ""ל",false,1,9.90,1.3944,true,1,40397
7290017973821,false,משקה איזוטוני 710 מל,,,משקה איזוטוני 710 מל טעם לימון,מיליליטרים,710.00,"100 מ""ל",false,1,9.90,1.3944,true,1,40398
7290017974002,false,רביולי 4 גבינות איי פוד 450 גרם,"אימפריאל הזרב פוד בע""מ",IL,רביולי 4 גבינות 450גרם,גרמים,450.00,100 גרם,false,12,19.90,4.4222,true,1,48853
7290017974057,false,"בלינצ'ס תפו""א מצופה 450 גרם",,IL,בלינצס תפוא מצופה 450 גרם,גרמים,400.00,100 גרם,false,16,17.90,4.4750,true,1,48845
7290017974132,false,"בלינצ'ס תפו""ע איי פוד 400 גרם",,IL,בלינצס תפוחי עץ 400גר,גרמים,400.00,100 גרם,false,16,17.90,4.4750,true,1,48842
7290017974255,false,קרפלך במילוי גבינה מתוקה איי פוד 600 גרם,,IL,קרפלך גבינה מתוקה 600 גרם,גרמים,600.00,100 גרם,false,12,22.90,3.8167,true,1,48850
7290017974583,false,רביולי בטטה איי פוד 450 גרם,אימפריאל רזרב פוד,IL,רביולי בטטה 450 גרם,גרמים,450.00,100 גרם,false,12,17.90,3.9778,true,1,48851
7290017974873,false,כיסונים למרק במילוי בשר הודו 750 גרם,"אימפריאל הזרב פוד בע""מ",IL,כיסונים למרק במילוי בשר והודו 750גר,גרמים,750.00,100 גרם,false,10,25.90,3.4533,true,1,48847
7290017974927,false,"בלינצ'ס תפו""א ופטריות 400 גרם",אימפריאל רזרב פוד,IL,בלינצס תפוא פטריות 400גר,גרמים,400.00,100 גרם,false,16,17.90,4.4750,true,1,48841
7290017983134,false,יין אדיר כרם בן זמרה מקסלן רוזה 750 מל,,IL,יין אדיר כרם בן זמרה מרסלן רוזה,מיליליטרים,750.00,"100 מ""ל",false,1,85.00,11.3333,true,1,38506
7290017983165,false,"יין אדיר כרם בן זמרה קולומבארד 750 מ""ל",פירות אדיר,IL,יין אדיר כרם בן זמרה 750 מל,מיליליטרים,750.00,"100 מ""ל",false,6,85.00,11.3333,true,1,41108
7290017983295,false,"יין אדיר ווין מייקר מלבק 750 מ""ל",,,יין אדיר ווין מייקר מלבק 750 מל,מיליליטרים,750.00,"100 מ""ל",false,1,109.00,14.5333,true,1,49116
7290017983318,false,יין אדיר ווין מייקר,,,יין אדיר ווין מייקר מרסלן 750 מל,מיליליטרים,750.00,"100 מ""ל",false,1,109.00,14.5333,true,1,49117
7290018011126,false,מאגדת ארטיק סורבה קוקוס 5*80 גרם,תמרה ארטיק,IL,מאגדת 5יח ארטיק תמרה סורבה אננס מנגו פסי,יחידה,5.00,יחידה,false,1,39.90,7.9800,true,1,49479
7290018011324,false,מאגדת ארטיק סורבה קוקוס 5*80 גרם,תמרה ארטיק,IL,מאגדת 5יח ארטיק תמרה סורבה קוקוס,יחידה,5.00,יחידה,false,1,39.90,7.9800,true,1,49478
7290018011331,false,גלידת סורבה שוקולד מ,תמרה יוגורט,IL,גלידת סורבה שוקולד מיסו 425גר,גרמים,425.00,100 גרם,false,1,34.90,8.2118,true,1,51442
7290018011522,false,מאגדת ארטיק שוקולד בננה 5*80 גרם,תמרה ארטיק,IL,מאגדת 5יח ארטיק תמרה שוקולד ובננה,יחידה,5.00,יחידה,false,1,39.90,7.9800,true,1,49477
7290018011713,false,מאגדת ארטיק יוגורט תות מקופלת 5*80 גרם,תמרה ארטיק,IL,מאגדת 5יח ארטיק תמרה יוגורט תות מקופלת,יחידה,5.00,יחידה,false,1,39.90,7.9800,true,1,49476
7290018011720,false,גלידת סורבה אננס פסי,תמרה יוגורט,IL,גלידת סורבה אננס פסיפלורה נענע 425גר,גרמים,425.00,100 גרם,false,1,34.90,8.2118,true,1,51438
7290018011737,false,גלידת אייס קפה בננה,תמרה יוגורט,IL,גלידת אייס קפה בננה 425גר,גרמים,425.00,100 גרם,false,1,34.90,8.2118,true,1,51439
7290018011928,false,סורבה ליצי אננס וגינ,תמרה יוגורט,IL,גלידת סורבה ליצי אננס וגינגר 425גר,גרמים,425.00,100 גרם,false,1,34.90,8.2118,true,1,51441
7290018011935,false,גלידת יוגורט דובדבני,תמרה יוגורט,IL,גלידת יוגורט דובדבני אמרנה 425גר,גרמים,425.00,100 גרם,false,1,34.90,8.2118,true,1,51440
7290018045695,false,דגנים במילוי קרם קרמל מלוח 480 ג' BON & BON,מונדיי Monday,DE,דגני כריות בון בון במילוי קרמל מלוח480גר,גרמים,480.00,100 גרם,false,14,18.90,3.9375,true,1,47235
7290018045893,false,בון בון דגנים במילוי קרם נוגט 480 גרם,מונדיי Monday,DE,דגני כריות בון בון במילוי נוגט 480 גרם,גרמים,480.00,100 גרם,false,14,18.90,3.9375,true,1,47233
7290018060049,false,אלכוגל 250מל,,,אלכוגל 250מל,מיליליטרים,250.00,"100 מ""ל",false,12,9.90,3.9600,true,1,36838
7290018071182,false,שקיות ריצרץ להקפאה 1,הוסטס,IL,שקיות להקפאה ריץ רץ 18/19סמ 15יח,יחידה,15.00,יחידה,false,24,10.90,0.7267,true,1,38799
7290018071199,false,"שקיות ריצ'רץ ענק להקפאה 26*28 ס""מ 15 יח'",הוסטס,IL,שקיות ענקיות להקפאה ריץרץ 26/28סמ 15יח,יחידה,15.00,יחידה,false,24,14.90,0.9933,true,1,38798
7290018071205,false,כפפות ניטרו V כחולות אלסטיות S ללא אבקה 100 יחידות,סייף טאצ,CN,כפפות ניטרו וי כחולות סמול 100יח ל.אבקה,יחידה,100.00,יחידה,false,10,14.90,0.1490,true,1,39424
7290018071212,false,כפפות ניטרו V כחולות אלסטיות M ללא אבקה 100 יחידות,סייף טאצ,CN,כפפות ניטרו וי כחולות מדיום 100יח ל.אבקה,יחידה,100.00,יחידה,false,10,14.90,0.1490,true,1,39425
7290018071229,false,כפפות ניטרו V כחולות אלסטיות L ללא אבקה 100 יחידות,סייף טאצ,CN,כפפות ניטרו וי כחולות לארג 100יח ל.אבקה,יחידה,100.00,יחידה,false,10,14.90,0.1490,true,1,39426
7290018071236,false,כפפות ניטרו V כחולות אלסטיות XL ללא אבקה 100 יחידות,סייף טאצ,CN,כפפות ניטרו וי כחולות אקס אל100יח ל.אבקה,יחידה,100.00,יחידה,false,10,14.90,0.1490,true,1,39427
7290018071243,false,כפפות פלסטיק S שחורות אלסטיות 100 יחידות,איזי טאצ,CN,כפפות פלסטיק שחור אלסטי סמול ל.אבקה100יח,יחידה,100.00,יחידה,false,20,9.90,0.0990,true,1,38139
7290018071250,false,כפפות פלסטיק M שחורות אלסטיות 100 יחידות,איזי טאצ,CN,כפפות פלסטיק שחור אלסטי מדיוםל.אבקה100יח,יחידה,100.00,יחידה,false,20,9.90,0.0990,true,1,38140
7290018071267,false,כפפות פלסטיק L שחורות אלסטיות 100 יחידות,איזי טאצ,CN,כפפות פלסטיק שחור אלסטי לארג ל.אבקה100יח,יחידה,100.00,יחידה,false,20,9.90,0.0990,true,1,38141
7290018071281,false,"נייר אפיה בגליל 25 מטר*37 ס""מ",,,נייר אפיה בגליל 25מטר 37סמ עם סכין חיתוך,מטרים,25.00,מטר,false,1,15.90,0.6360,true,1,39423
7290018071571,false,פדים אובליים להסרת איפור 40 יח',,TR,פדים אובלים 40יחידות להסרת איפור,יחידה,40.00,יחידה,false,20,6.90,0.1725,true,1,50188
7290018091029,false,מקלות פילו תפוחי אדמה מעדנות 450 ג',תנובה מעדנות,IL,מקלות פילו תפוחי אדמה 450גר מעדנות,גרמים,450.00,100 גרם,false,10,19.90,4.4222,true,1,34028
7290018091036,false,פיצה אנטיפסטי מעדנות,תנובה מעדנות,IL,פיצה אנטיפסטי 200גר מעדנות,גרמים,200.00,100 גרם,false,12,16.90,8.4500,true,1,36058
7290018091074,false,בצק עוגיות שוקולד צ'יפס 300 גרם מעדנות,תנובה מעדנות,IL,בצק עוגיות שוקולד ציפס 300גר מעדנות,גרמים,300.00,100 גרם,false,24,18.90,6.3000,true,1,49896
7290018091272,false,בצק עוגיות קקאו טריפל שוקולד צ'יפס 300 גרם מעדנות,תנובה מעדנות,IL,בצק עוגיות קקאו טריפל שוקולד ציפס 300גר,גרמים,300.00,100 גרם,false,24,18.90,6.3000,true,1,49897
7290018091470,false,גלילת ביסקוויטים בטעם שוקולד 300 גרם מעדנות,תנובה מעדנות,IL,גלילת ביסקוויטים טעם שוקולד 300גר מעדנות,גרמים,300.00,100 גרם,false,24,18.90,6.3000,true,1,49898
7290018091616,false,מקלות פילו גבינה מעדנות 450 גרם,מיוצר עי קונדיטוריית,IL,מקלות פילו גבינה 450גר מעדנות,גרמים,450.00,100 גרם,false,10,19.90,4.4222,true,1,34027
7290018091661,false,פיצה ירקות שוק מעדנות 380 גרם,"מעדנות בע""\מ",IL,פיצה ירקות שוק 380גר מעדנות,גרמים,380.00,100 גרם,false,9,21.90,5.7632,true,1,45723
7290018098578,false,המבורגר טבעונינ BEEF FREE,"אופק מן הטבע בע""\מ",IL,המבורגר טבעוני ביף פריי 230 גר,גרמים,230.00,100 גרם,false,8,21.90,9.5217,true,1,49105
7290018098585,false,קציצות צמחוניות 300 גרם,"אופק מן הטבע בע""\מ",IL,קציצות טבעוניות ביף פריי 230 גר,גרמים,230.00,100 גרם,false,8,21.90,9.5217,true,1,49106
7290018098592,false,שווארמה טבעוניות ביף,"אופק מן הטבע בע""\מ",IL,שווארמה טבעוניות ביף פריי 230 גר,גרמים,230.00,100 גרם,false,8,21.90,9.5217,true,1,49107
7290018127292,false,גרנולה קראנץ קלאסית250ג,"מאמא יארא בע""\מ",IL,גרנולה קראנץ קלאסית 250 גר,גרמים,250.00,100 גרם,false,1,22.90,9.1600,true,1,47205
7290018127452,false,"ביסקוויט פתי בר לל""ג 200 גרם",רום גת,IL,ביסקוויט פתיבר 200 גר גלוטרי,גרמים,200.00,100 גרם,false,12,12.90,6.4500,true,1,32555
7290018127469,false,"פתי בר לל""ג טעם קוקו 200 גרם",רום גת,IL,ביסקוויט פתיבר שוקולד 200 גר גלוטרי,גרמים,200.00,100 גרם,false,12,12.90,6.4500,true,1,32556
7290018131756,false,מאגדת שלגון וניל מצופה תות נסטלה 440 גרם,גלידות נסטלה )נגה גלידות,IL,מאגדת שלגוני וניל מצופה תות 8יח 55גר,יחידה,8.00,יחידה,false,1,29.90,3.7375,true,1,37639
7290018131831,false,נסטלה מאגדת שלגון מילקה וניל חדש8 4*66ג,שוורצקוף& הנקל דיסלד,PL,מאגדת שלגון מילקה קראנצי 4יח,יחידה,4.00,יחידה,false,8,36.90,9.2250,true,1,49970
7290018131879,false,אקסטרים טילון חלב בדצ מאגדת 6*72 גרם נסטלה,גלידות נסטלה )נגה גלידות,IL,מאגדת טילון ריבת חלב אקסטרים 6 יחידות,יחידה,6.00,יחידה,false,1,35.90,5.9833,true,1,39052
7290018131893,false,אקסטרים טילון פקאן בדצ מאגדת 6*72 גרם נסטלה,גלידות נסטלה )נגה גלידות,IL,מאגדת טילון פקאן אקסטרים 6 יחידות,יחידה,6.00,יחידה,false,1,35.90,5.9833,true,1,39051
7290018131930,false,מאגדת לה פרוטה בננה תמר פקאן נסטלה 325 גרם,גלידות נסטלה )נגה גלידות,IL,מאגדת לה פרוטה בננה תמר פקאן שוק5יח 70גר,יחידה,5.00,יחידה,false,1,29.90,5.9800,true,1,37638
7290018132340,false,"מטרנה גולד בד""ץ שלב 1 700 גרם",מטרנה תעשיות ש.מ.,IL,מטרנה גולד שלב 1 700 גר,גרמים,700.00,100 גרם,false,12,79.90,11.4143,true,1,50896
7290018132388,false,מטרנה גולד שלב 2 תרכובת מזון על בסיס חלבי,מטרנה תעשיות ש.מ.,IL,מטרנה גולד שלב 2 700 גר,גרמים,700.00,100 גרם,false,12,79.90,11.4143,true,1,50897
7290018140055,false,בורגר טבעוני פטריות 250ג,חמים וטעים,IL,בורגר פטריות טבעוני 2יח 250גר ריינבו,גרמים,250.00,100 גרם,false,1,24.90,9.9600,true,1,36306
7290018140062,false,בורגר טבעוני 250 גרם,חמים וטעים,IL,בורגר ברביקיו גריל טבעוני 2יח 250גר,גרמים,250.00,100 גרם,false,1,24.90,9.9600,true,1,36305
7290018140345,false,נתחי סויה צורת כנפיי,,IL,נתחי סויה צורת כנפיים יובה 300גר ריינבו,גרמים,300.00,100 גרם,false,1,14.90,4.9667,true,1,39967
7290018140390,false,שווארמה טבעונית להכנה מהירה 350 גרם (מקפיא) - ריינבו,ישראמרקט,IL,שווארמה טבעונית להכנה מהירה 350גר ריינבו,גרמים,350.00,100 גרם,false,1,29.90,8.5429,true,1,45237
7290018140499,false,שניצל מן הצומח 200 גרם - הקצב הכחול,,IL,שניצל מן הצומח 200גר הקצב הכחול,גרמים,200.00,100 גרם,false,1,25.90,12.9500,true,1,50504
7290018140543,false,כמו בשר טחון 300 גרם - ריינבו,,FI,כמו בשר טחון 300גרם ריינבו,גרמים,300.00,100 גרם,false,1,29.90,9.9667,true,1,45234
7290018140611,false,נקניקיות צ'וריסוס טבעוניות 3 יח' 300 גרם (חדש) - ריינבו,ריינבו,IL,נקניקיות צוריסוס טבעוניות 3יח 300גר,גרמים,300.00,100 גרם,false,1,39.90,13.3000,true,1,45228
7290018140697,false,שניצלונים מן הצומח 2,,IL,שניצלונים מן הצומח 200גר הקצב הכחול,גרמים,200.00,100 גרם,false,1,25.90,12.9500,true,1,50505
7290018140741,false,רצועות סויה סגנון בקר300,,FI,רצועות סויה בסגנון בקר 300גרם ריינבו,גרמים,300.00,100 גרם,false,1,29.90,9.9667,true,1,45235
7290018140819,false,נקניקיות מרגז טבעוני300ג,ריינבו,IL,נקניקיות מרגז טבעוניות 3יח 300גר ריינבו,גרמים,300.00,100 גרם,false,1,39.90,13.3000,true,1,45227
7290018140833,false,עראיס טבעוני מחנה יה,חמים וטעים,IL,עראייס טבעוני 300גר מחנה יהודה 4יח,גרמים,300.00,100 גרם,false,1,29.90,9.9667,true,1,49570
7290018156056,false,"ד""ר פישר - אולטרסול סטיק לפנים להגנה מהשמש 13 גרם",פישר מעבדות פרמצבטיות בע,IL,מקדם הגנה אולטרסול סטיק 50,Unknown,0.00,Unknown,false,1,54.90,0.0000,true,1,32132
7290018156483,false,סרקל שמפו קיץ מסייע בטיפול בנזקי הקיץ והכלור,"ד""ר פישר Dr fischer",IL,שמפו סרקל קיץ 750מל,מיליליטרים,750.00,"100 מ""ל",false,1,24.90,3.3200,true,1,34073
7290018156490,false,סרקל מרכך קיץ מסייע בטיפול בנזקי הקיץ והכלור,"ד""ר פישר Dr fischer",IL,מרכך סרקל קיץ 750מל,מיליליטרים,750.00,"100 מ""ל",false,1,24.90,3.3200,true,1,34074
7290018156780,false,אלכו קרם היגיינת ידיים75,מדי פישר,IL,קרם אלכוגל פרש 75מל שפופרת,מיליליטרים,75.00,"100 מ""ל",false,10,19.90,26.5333,true,1,33441
7290018156803,false,"ד""ר פישר - 
אלכוג'ל מגבונים לניקוי וחיטוי משטחים 10 יח'",מדי פישר,IL,מגבוני אלכוגל וויפס טו גו 10יח,יחידה,10.00,יחידה,false,24,7.90,0.7900,true,1,32767
7290018165010,false,"יין רזרב GOLD EDITION גווצטרמינר ברקן 750 מ""ל",יקבי ברקן שיווק והפצה בע,IL,יין רזרב גוורצטרמינר גולד 750 מל,מיליליטרים,750.00,"100 מ""ל",false,1,45.00,6.0000,true,1,31657
7290018165027,false,"יין רזרב GOLD EDITION רוזה ברקן 750 מ""ל",יקבי ברקן שיווק והפצה בע,IL,יין רזרב רוזה גולד 750 מל,מיליליטרים,750.00,"100 מ""ל",false,1,45.00,6.0000,true,1,31658
7290018165447,false,"יין רזרב GOLD מרלו ברקן 750 מ""ל",יקבי ברקן שיווק והפצה בע,IL,יין רזרב גולד מרלו 750 מל,מיליליטרים,750.00,"100 מ""ל",false,1,45.00,6.0000,true,1,38123
7290018175002,false,פיתה מתנפחת ללא גלוטן300,,IL,מארז 3יח פיתה מתנפחת ללא גלוטן 330גר,גרמים,330.00,100 גרם,false,6,19.90,6.0303,true,1,37206
7290018175620,false,מארז 5יח פיתה מתנפחת,,IL,מארז 5יח פיתה מתנפחת ללא גלוטן 400גר,גרמים,400.00,100 גרם,false,9,22.90,5.7250,true,1,47868
7290018198056,false,תפוגן קוביות תפוחי אדמה 9*1.5קג,עיצובים 2020 (4.5),IL,ציפס קוביות תפוגן 1.5קג,קילוגרמים,1.50,"ק""ג",false,1,24.90,16.6000,true,1,34974
7290018198148,false,"תפוגן קריספי צ'יפס קלאסי 1.25 ק""ג",עיצובים 2020 (4.5),IL,ציפס קריספי קלאסי תפוגן 1.25קג,גרמים,1250.00,100 גרם,false,9,24.90,1.9920,true,1,45330
7290018198209,false,צ'יפס בטטה קראנצ'י תפוגן 500 גרם,"תעשיות תפוגן בע""מ",IL,ציפס בטטה קראנצי 500גר תפוגן,גרמים,500.00,100 גרם,false,18,19.90,3.9800,true,1,37342
7290018198254,false,"תפוגן קריספי צ'יפס פוטטוס 1.25 ק""ג",עיצובים 2020 (4.5),IL,ציפס קריספי פוטטוס תפוגן 1.25קג,גרמים,1250.00,100 גרם,false,9,24.90,1.9920,true,1,45331
7290018198384,false,תפוגן צ'יפס קריספי פרוסות לתנור אסם 1.25 קג,"תעשיות תפוגן בע""מ",IL,ציפס קריספי פרוסות תפוגן 1.25קג,גרמים,1250.00,100 גרם,false,9,24.90,1.9920,true,1,46654
7290018208052,false,תמר לח חיאני 500 גרם,,,תמר לח חיאני 500 גרם,גרמים,500.00,100 גרם,false,1,9.90,1.9800,true,1,32638
7290018213247,false,מטליות לחות לריצפה שייני 10יחידות,מ.א,IL,מטליות לחות לרצפות 10יח 99%משמיד חיידקים,יחידה,10.00,יחידה,false,12,8.90,0.8900,true,1,33788
7290018213254,false,שלישיית מגבות מטבח עבות SHINY,,IL,מארז 3יח מגבות מטבח עבות,יחידה,3.00,יחידה,false,1,11.90,3.9667,true,1,36240
7290018213339,false,מארז 4 כריות יפניות + וו תלייה HOOK,מ.א. מטליות,CN,מארז 4יח כריות יפניות עם וו תליה הוק,יחידה,4.00,יחידה,false,36,11.90,2.9750,true,1,45729
7290018213636,false,מגב פליפ עם ספוג לחל,,CN,מגב פליפ עם ספוג לחלונות+ידית,יחידה,1.00,יחידה,false,24,9.90,9.9000,true,1,38479
7290018215807,false,יין אלכסנדר רזרב שיר,,,יין אלכסנדר רזרב שיראז 750 מל,מיליליטרים,750.00,"100 מ""ל",false,6,149.00,19.8667,true,1,37420
7290018228586,false,מפיץ ריח באמצעות מקל,,,מפיץ ריח מיוחד,יחידה,1.00,יחידה,false,1,29.90,29.9000,true,1,47850
7290018236635,false,צ'ונגו-פופקורן מצופה עוף טוב 600 גרם,מוצרי עוף טוב (2001) בע\,IL,שניצל צונגו פופקורן מצופה 600 גר עוף טוב,גרמים,600.00,100 גרם,false,12,39.90,6.6500,true,1,37340
7290018236659,false,צ'ונגו פופקורן ציפוי מתובל עוף טוב 600 גר',מוצרי עוף טוב (2001) בע\,IL,שניצל צונגו פופקורן ציפוי מתובל 600גר עט,גרמים,600.00,100 גרם,false,12,39.90,6.6500,true,1,37341
7290018237281,false,עוף טוב נקניק סלמי ירדן 550 גר,מוצרי עוף טוב (2001) בע\,IL,נקניק סלמי ירדן 550גר עוף טוב,גרמים,550.00,100 גרם,false,1,25.90,4.7091,true,1,39422
7290018237373,false,עוף טוב פסטרמה צרובה על הגריל נתח שלם 8*300 גרם,מוצרי עוף טוב (2001) בע\,IL,פסטרמה צרובה על הגריל300גר נתח שלם ע.טוב,גרמים,300.00,100 גרם,false,8,26.90,8.9667,true,1,40894
7290018237397,false,עוף טוב פסטרמה מקורמלת נתח שלם 8*300 גרם,מוצרי עוף טוב (2001) בע\,IL,פסטרמה מקורמלת 300גר נתח שלם עוף טוב,גרמים,300.00,100 גרם,false,8,26.90,8.9667,true,1,40893
7290018237410,false,עוף טוב פסטרמה במעשנה נתח שלם 8*300 גרם,מוצרי עוף טוב (2001) בע\,IL,פסטרמה במעשנה 300גר עוף טוב,גרמים,300.00,100 גרם,false,8,26.90,8.9667,true,1,40892
7290018237489,false,פסטרמה ברביקיו דק דק עוף טוב 200 גרם,עיצובים 2020 (4.9),IL,פסטרמה ברביקיו דק דק 220גר עוף טוב,גרמים,220.00,100 גרם,false,8,18.90,8.5909,true,1,45628
7290018237496,false,פסטרמה בדבש דק דק עוף טוב 200 גרם,"עוף טוב (שאן) בע""מ",IL,פסטרמה דבש דק דק 220גר עוף טוב,גרמים,220.00,100 גרם,false,8,18.90,8.5909,true,1,45627
7290018237502,false,עוף טוב כתף בקר דק-דק 200 גרם,"עוף טוב (שאן) בע""מ",IL,כתף בקר דק דק 200גר עוף טוב,גרמים,200.00,100 גרם,false,8,18.90,9.4500,true,1,45626
7290018237908,false,עוף טוב נקניקיות עסיסיות למנגל 400 גרם,עיצובים 2020 (4.9),IL,נקניקיות עסיסיות למנגל 400גר עוף טוב,גרמים,400.00,100 גרם,false,1,15.00,3.7500,true,1,48643
7290018237922,false,שניצלונים ציפוי צ'יפס עוף טוב 700 גרם,מוצרי עוף טוב (2001) בע\,IL,שניצלונים עוף טוב בציפוי ציפס 700גר,גרמים,700.00,100 גרם,false,12,21.90,3.1286,true,1,48357
7290018237939,false,שניצלונים ציפוי שומשום עוף טוב 700 גרם,מוצרי עוף טוב (2001) בע\,IL,שניצלונים עוף טוב בציפוי שומשום 700גר,גרמים,700.00,100 גרם,false,12,21.90,3.1286,true,1,48356
7290018237960,false,עוף טוב כתף בקר עסיסי 265 גרם,עיצובים 2020 (4.9),IL,נקניק כתף בקר 265גר עוף טוב,גרמים,265.00,100 גרם,false,8,24.90,9.3962,true,1,49428
7290018249086,false,סוויטאנגו ממרח בטעם חלווה פיסטוקחום,,IL,סוויטנגו ממרח בטעם חלווה פיסטוק ללס 350ג,גרמים,350.00,100 גרם,false,12,32.90,9.4000,true,1,51448
7290018249123,false,"סוויטאנגו אינסטנט פודינג וניל, 50 גרם",מתבל תעשיות מזון,IL,אינסטנט פודינג וניל ללס 50 גר,גרמים,50.00,100 גרם,false,12,11.90,23.8000,true,1,36148
7290018249154,false,ממרח קקאו עם אגוזי לוז 350 גר,"אחדות ביח""ר לטחינה ח",IL,סוויטנגו ממרח קקאו ללא סוכר 350ג,גרמים,350.00,100 גרם,false,12,32.90,9.4000,true,1,51449
7290018249222,false,ממתיק סוויטנגו אבקה 100 ג',מתבל תעשיות מזון,IL,ממתיק סוויטנגו אבקה 100 גר,גרמים,100.00,100 גרם,false,12,14.90,14.9000,true,1,36144
7290018249260,false,סוכר חום סוויטנגו 400 גר,,IL,סוויטנגו סוכר חום 450 גר,גרמים,450.00,100 גרם,false,12,39.90,8.8667,true,1,51445
7290018249291,false,ממתיק סוכר וניל סוויטאנגו 100 ג',מתבל תעשיות מזון,IL,סוכר וניל סוויטאנגו 100 גר,גרמים,100.00,100 גרם,false,12,14.90,14.9000,true,1,44652
7290018249550,false,אינסטנט פודינג שוקולד סוויטאנגו 55 גר,מתבל תעשיות מזון,IL,אינסטנט פודינג שוקולד ללס 55 גר,גרמים,55.00,100 גרם,false,12,11.90,21.6364,true,1,38368
7290018249802,false,ממתיק סוויטאנגו צנצנת 280 גרם,מתבל תעשיות מזון,IL,ממתיק סוויטאנגו 280 גר,גרמים,280.00,100 גרם,false,12,26.90,9.6071,true,1,36147
7290018263020,false,שמן זית מן הזית פח 7,,,שמן זית מן הזית פח 750 מל,מיליליטרים,750.00,"100 מ""ל",false,1,39.90,5.3200,true,1,34903
7290018293027,false,מקל וניל בורבון מדגס,לורן אויילס,US,מקל וניל בורבון מדאגסקר 3 גרם,Unknown,0.00,Unknown,false,36,21.90,0.0000,true,1,49518
7290018294000,false,"יין קינג דויד רוזה כרמל 750 מ""ל",כרמל מזרחי,IL,יין רוזה קינג דויד 750 מל,מיליליטרים,750.00,"100 מ""ל",false,1,25.00,3.3333,true,1,39030
7290018294192,false,"יין בלנד היינן אדום יבש 750 מ""ל p.c",כרמל מזרחי,IL,יין אדום יבש פי.סי 750 מל,מיליליטרים,750.00,"100 מ""ל",false,1,45.00,6.0000,true,1,46527
7290018294208,false,"סלקטדאדום ישראלי יבש כרמל 750 מ""ל","כד בני דרום בע""מ",IL,יין סלקטד אדום יבש 750 מל,מיליליטרים,750.00,"100 מ""ל",false,1,35.00,4.6667,true,1,40387
7290018294352,false,"ארק יקבי כרמל 700 מ""",יקבי כרמל Carmel Winery,ES,ערק כרמל 700מל 37.5%אלכוהול בק.פקדון,מיליליטרים,700.00,"100 מ""ל",false,12,59.90,8.5571,true,1,46727
7290018294369,false,"מיץ ענבים תירוש כרמל 700 מ""ל",יקבי כרמל Carmel Winery,IL,מיץ ענבים תירוש אדום 750 מל,מיליליטרים,700.00,"100 מ""ל",false,1,15.90,2.2714,true,1,50390
7290018294895,false,"יין מונלייט מוסקטו ורוד מבעבע 750 מ""ל",יקבי כרמל Carmel Winery,IL,יין מונלייט לבן חצי מתוק 750 מל,מיליליטרים,750.00,"100 מ""ל",false,12,40.00,5.3333,true,1,49900
7290018294901,false,"יין מונלייט אדום יבש 750 מ""ל כרמל",יקבי כרמל Carmel Winery,IL,יין מונלייט אדום יבש 750 מל,מיליליטרים,750.00,"100 מ""ל",false,12,40.00,5.3333,true,1,49899
7290018296042,false,לחם טוסט אמריקה אגמי,מאפיית אגמי,IL,לחם טוסט אמריקה 500גר,גרמים,500.00,100 גרם,false,1,14.90,2.9800,true,1,44339
7290018296608,false,לחם בריאות ושובע 9 דגנים קל,מאפיית אגמי,IL,לחם בריאות ושובע קל 9 דגנים 600גר,גרמים,600.00,100 גרם,false,1,14.90,2.4833,true,1,31574
7290018296615,false,פיתה ביס כוסמין מלא 10יח,"מאפיית אגמי בע""מ",IL,מארז 10 יח פיתה ביס כוסמין מלא,יחידה,10.00,יחידה,false,1,16.90,1.6900,true,1,31578
7290018296806,false,לחם בריאות ושובע מועשר בסיבים,מאפיית אגמי,IL,לחם בריאות ושובע מועשר בסיבים 600גר,גרמים,600.00,100 גרם,false,1,14.90,2.4833,true,1,31573
7290018296813,false,פיתה ביס קלה 10 יח 4,"מאפיית אגמי בע""מ",,פיתה קלה ביס 10יח,יחידה,10.00,יחידה,false,1,14.90,1.4900,true,1,31577
7290018333686,false,גרנולה פרו 250 גרם עם פקאן וחמוציות,רפאלס,IL,גרנולה רפאלס פרו פקאן חמוציות250 גרם,גרמים,250.00,100 גרם,false,10,17.90,7.1600,true,1,49286
7290018333945,false,חטיף אגוזים רפאלס שקד ווניל בדצ 150 גר *12יח,כרמית תעשיות ממתקים,IL,חטיפי רפאלס אגוז שקד וניל 5 יח 150 גרם,גרמים,150.00,100 גרם,false,12,15.90,10.6000,true,1,40503
7290018333952,false,חטיף אגוזים רפאלס וחמוציות בדצ 150 גר *12יח,כרמית תעשיות ממתקים,IL,חטיפי רפאלס אגוז וחמוציות 5 יח 150 גרם,גרמים,150.00,100 גרם,false,12,15.90,10.6000,true,1,40504
7290018333969,false,חטיף גרנולה רפאלס שקדים וטחינה בדצ 150 גר *12יח,כרמית תעשיות ממתקים,IL,חטיפי רפאלס שקד וטחינה 5 יח 150 גר,גרמים,150.00,100 גרם,false,12,15.90,10.6000,true,1,40505
7290018333976,false,חטיף גרנולה רפאלס קשיו וקוקוס בדצ 150 גר *12יח,כרמית תעשיות ממתקים,IL,חטיפי רפאלס קשיו וקוקוס 5 יח 150 גר,גרמים,150.00,100 גרם,false,12,15.90,10.6000,true,1,40506
7290018338001,false,חלבון אפונה אורגני 200 גרם,תבואות,CN,חלבון אפונה אורגנית 200 גר,גרמים,200.00,100 גרם,false,12,24.90,12.4500,true,1,37678
7290018338193,false,כורכום טחון אורגני 90 גרם,,IN,כורכום טחון אורגני 90 גר,Unknown,0.00,Unknown,false,12,12.90,0.0000,true,1,37845
7290018338216,false,פלפל שחור גרוס אורגני 80 גרם,,IN,פלפל שחור גרוס אורגני 80 גר,Unknown,0.00,Unknown,false,12,12.90,0.0000,true,1,37846
7290018338223,false,צילי אדום גרוס אורגני 75 גרם,,IN,צילי אדום גרוס אורגני 75 גר,Unknown,0.00,Unknown,false,12,12.90,0.0000,true,1,37847
7290018338230,false,קינמון טחון אורגני 90 גרם,,IN,קינמון טחון אורגני 90 גר גר,Unknown,0.00,Unknown,false,12,12.90,0.0000,true,1,37848
7290018338247,false,כמון טחון אורגני 90 גרם,,IN,כמון טחון אורגני 90 גר גר,Unknown,0.00,Unknown,false,12,12.90,0.0000,true,1,37849
7290018338254,false,גינגר טחון אורגני 75 גרם,,IN,אבקת גינגר אורגני 75 גר,Unknown,0.00,Unknown,false,12,12.90,0.0000,true,1,37850
7290018338261,false,אבקת כוסברה אורגני 90 גרם,,IN,אבקת כוסבקה אורגני 90 גר,Unknown,0.00,Unknown,false,12,12.90,0.0000,true,1,37851
7290018338278,false,אבקת קארי אורגני 90 גרם,,IN,אבקת קארי אורגנית 90 גר,Unknown,0.00,Unknown,false,12,12.90,0.0000,true,1,37852
7290018338285,false,גראם מסאלה אורגני 90 גרם,,IN,גאראם מסאלה אורגני 90 גר,Unknown,0.00,Unknown,false,12,12.90,0.0000,true,1,37853
7290018338322,false,שמן קנולה אורגני 1 ליטר,,IT,שמן קנולה אורגני כבישה קרה 1 לי,ליטרים,1.00,ליטר,false,6,22.90,22.9000,true,1,37682
7290018338360,false,רסק עגבניות אורגני 70 גרם,,IT,רסק עגבניות אורגני 22% 70 גרם,יחידה,1.00,יחידה,false,50,2.90,2.9000,true,1,38353
7290018338377,false,פלפל קאיין אורגני 90 גרם,,IN,פלפל קאיין אורגני 90 גר,Unknown,0.00,Unknown,false,12,12.90,0.0000,true,1,37854
7290018338384,false,אריתריטול ממתיק 310ג,,CN,ממתיק אריתריטול 310 גרם,גרמים,310.00,100 גרם,false,12,15.90,5.1290,true,1,38374
7290018338513,false,מיץ תפוחים צלול אורג,תבואות,IL,מיץ תפוחים צלול אורגני 1 לי,ליטרים,1.00,ליטר,false,6,17.90,17.9000,true,1,46819
7290018338537,false,מיץ פירות אדומים אורגני 1 לי,תבואות,IL,מיץ פירות אדומים מעורבים אורגני 1 לי,ליטרים,1.00,ליטר,false,6,18.90,18.9000,true,1,46820
7290018338544,false,פסטה פוזילי כוסמין ל,פוד סרויס,IT,פסטה פוזילי כוסמין לבן אורגני 500 גר,גרמים,500.00,100 גרם,false,16,13.90,2.7800,true,1,46568
7290018338551,false,פסטה פנה מקמח כוסמין,פוד סרויס,IT,פסטה פנה כוסמין לבן אורגני 500 גר,גרמים,500.00,100 גרם,false,16,13.90,2.7800,true,1,46570
7290018338605,false,אטריות עדשים כתומות,,,אטריות עדשים ע2כתומות אורגני ללג 250גר,גרמים,250.00,100 גרם,false,6,14.90,5.9600,true,1,45158
7290018338629,false,פנה חומוס וכרכום אור,,,פנה חומוס וכרכום אורגני 250 גר,גרמים,250.00,100 גרם,false,6,14.90,5.9600,true,1,45159
7290018338636,false,פסטה פוסילי כוסמת או,,,פסטה פוסילי כוסמת אורגני ללג 250 גר,גרמים,250.00,100 גרם,false,6,14.90,5.9600,true,1,45156
7290018338643,false,פוסיליני עדשים צהובו,,,פסטה פוסילי עדשים צהובואורגני 250 גר,גרמים,250.00,100 גרם,false,6,14.90,5.9600,true,1,45157
7290018338728,false,ציפורן טחון אורגני 40 גרם,,IN,ציפורן טחון אורגני 40 גר,Unknown,0.00,Unknown,false,12,12.90,0.0000,true,1,47735
7290018338735,false,אגוז מוסקט טחון אורגני 40 גרם,,IN,אגוז מוסקט טחון אורגני 40 גר,Unknown,0.00,Unknown,false,12,12.90,0.0000,true,1,47734
7290018338797,false,ראס אל חנות אורגני 80 גרם,,IN,ראס אל חנות אורגני 80 גר,Unknown,0.00,Unknown,false,12,12.90,0.0000,true,1,47736
7290018338810,false,פלפל לבן אנגלי אורגני 40 גרם,,IN,פלפל לבן אנרלי אורגני 40 גר,Unknown,0.00,Unknown,false,12,12.90,0.0000,true,1,47737
7290018338841,false,מיץ תפוחים קינמון וגינגר אורגני 1 ליטר,,IL,מיץ תפוחים וקינמון גינגר אורגני 1 לי,ליטרים,1.00,ליטר,false,6,16.90,16.9000,true,1,46821
7290018338902,false,תה ירוק בתוספת מאצה אורגני 37.5 גרם,,LK,תה ירוק תוספת מאצה אורגני 25 שקיקים,יחידה,25.00,יחידה,false,12,12.90,0.5160,true,1,48496
7290018338919,false,תה צאי מסלה אורגני 2,,LK,תה צאי מסלה אורגני 25 שקיקים,יחידה,25.00,יחידה,false,12,12.90,0.5160,true,1,48497
7290018343296,false,דר פישר אלכוגל H לידיים 100 מל,מדי פישר,IL,אלכוגל 70% אלכוהול 100 מל,מיליליטרים,100.00,"100 מ""ל",false,15,17.90,17.9000,true,1,33443
7290018343319,false,"ד""ר פישר שמפו לשיער מתולתל -400 מ""ל PERFECT CURLS",מדי פישר,IL,שמפו פרפקט לשיער מתולתל 400מל,מיליליטרים,400.00,"100 מ""ל",false,10,24.90,6.2250,true,1,36080
7290018343333,false,"ד""ר פישר - פרפקט קרלס מסכת הזנה לשיער מתולתל 300 מ""ל",מדי פישר,IL,מסכת הזנה פרפקט לשיער מתולתל 300מל,מיליליטרים,300.00,"100 מ""ל",false,10,29.90,9.9667,true,1,36079
7290018343340,false,"ד""ר פישר - שמפו משקם לאחר החלקה ללא תוספת מלח 400 מ""ל",פישר מעבדות פרמצבטיות,IL,שמפו משקם לאחר החלקה או עיצוב בחום 400מל,מיליליטרים,400.00,"100 מ""ל",false,10,29.90,7.4750,true,1,36076
7290018343357,false,"ד""ר פישר SMOOTH & REPAIR מרכך משקם לאחר החלקה או עיצוב בחום",פישר מעבדות פרמצבטיות,IL,מרכך משקם לאחר החלקה או עיצוב בחום 400מל,מיליליטרים,400.00,"100 מ""ל",false,10,29.90,7.4750,true,1,36077
7290018343364,false,"ד""ר פישר - מסכת הזנה משקמת לאחר החלקה ללא תוספת מלח 300 מ""ל",פישר מעבדות פרמצבטיות,IL,מסכת הזנה משקם לאחר החלקה 300מל,מיליליטרים,300.00,"100 מ""ל",false,10,29.90,9.9667,true,1,36078
7290018343388,false,"ספריי אלכו גל 100 מ""ל",מדי פישר,IL,ספריי אלכוגל 100מל,מיליליטרים,100.00,"100 מ""ל",false,28,24.90,24.9000,true,1,32769
7290018343517,false,מגבוני אלכוג'ל פרמה וויפס לניקוי משטחים פישר 60 יח',פישר תעשיות,IL,מגבונים לניקוי משטחים אלכוגל 60יח פרמה,יחידה,60.00,יחידה,false,24,19.90,0.3317,true,1,34918
7290018343630,false,ד.פישר אפקטיב קר קרם גוף מועשר חמאת קקאו,פישר מעבדות פרמצבטיות בע,IL,קרם גוף אפקטיב קר מועשר בחמאת קקאו 450מל,מיליליטרים,450.00,"100 מ""ל",false,1,21.90,4.8667,true,1,37386
7290018343685,false,פישר אלכוג'ל פרמה וויפס  70% אלכוהול – 20 מגבונים,פישר תעשיות,IL,מגבוני אלכוגל 20יח פרמה וויפס 70% אלכו,יחידה,20.00,יחידה,false,24,17.90,0.8950,true,1,34915
7290018343692,false,פישר אלכוג'ל פרמה וויפס  70% אלכוהול – 60מגבונים,פישר תעשיות,IL,מגבוני אלכוגל 60יח פרמה וויפס 70% אלכו,יחידה,60.00,יחידה,false,24,24.90,0.4150,true,1,34916
7290018343708,false,פישר מגבוני אלכוג'ל פרמה וויפס לניקוי משטחים 160מגבונים,פישר תעשיות,IL,מגבונים לניקוי משטחים אלכוגל 160יח פרמה,יחידה,160.00,יחידה,false,24,24.90,0.1556,true,1,34919
7290018343715,false,אלכוג'ל פרמה וויפס מגבונים לניקוי 20יח,פישר תעשיות,IL,מגבונים לניקוי משטחים אלכוגל 20יח פרמה,יחידה,20.00,יחידה,false,24,19.90,0.9950,true,1,34917
7290018344095,false,חטיף חלבון בטעם בוטנים מלח 50 ג' VEG PROTEIN,ממתקי השלום,IL,חטיף פרוטאין טבעוני בוטנים 50גר,יחידה,1.00,יחידה,false,1,11.90,11.9000,true,1,39090
7290018344101,false,חטיף חלבון בטעם קקאו וקפה 50 ג' VEG PROTEIN,טבע ירוק,IL,חטיף פרוטאין טבעוני קקאו 50גר,יחידה,1.00,יחידה,false,1,11.90,11.9000,true,1,39089
7290018359082,false,רסק תפוחי עץ לאפייה יכין 560 גרם,זנלכל,IL,מחית תפוח עץ לאפיה יכין 550 גרם,גרמים,550.00,100 גרם,false,12,7.90,1.4364,true,1,32946
7290018359358,false,שלישית רוטב עגבניות מרוכז מאודפריכוז יכין 200 גרם,זנלכל,IL,מארז 3 יח פריכוז יכין 200 גרם,גרמים,600.00,100 גרם,false,8,12.90,2.1500,true,1,38975
7290018359495,false,תירס מהשדה בלי תוספת סוכר יכין 550 גרם,היינץ צפון אמריקה מק,IL,תירס יכין מהשדה ללא תוספת סוכר 550 גרם,גרמים,550.00,100 גרם,false,1,9.90,1.8000,true,1,38078
7290018359518,false,תירס מהשדה בלי תוספת סוכר יכין מארז 200X3 גר',"זנלכל בע""\מ",IL,מארז 3 יח תירס יכין מהשדה ללא תוספת סוכר,גרמים,600.00,100 גרם,false,1,14.90,2.4833,true,1,38079
7290018359556,false,תירס מהשדה בלי תוספת סוכר יכין 400 גרם,היינץ צפון אמריקה מק,IL,תירס יכין מהשדה ללא תוספת סוכר 400 גרם,גרמים,400.00,100 גרם,false,1,6.90,1.7250,true,1,50207
7290018359570,false,שעועית צ'ילי הקטניה הטובה יכין 3*200 גרם,זנלכל,,מארז 3 יח שעועית צילי קטניה טובה200 גר,גרמים,600.00,100 גרם,false,1,11.90,1.9833,true,1,38974
7290018359587,false,חומוס הקטניה הטובה יכין מארז 3*200 גר,זנלכל,IL,מארז 3 יח חומוס מבושל קטניה טובה200 גר,גרמים,600.00,100 גרם,false,1,11.90,1.9833,true,1,38973
7290018359662,false,קוביות סלק יכין מארז 3*200 גרם,זנלכל,IL,מארז 3 יח קוביות סלק יכין 200 גרם,גרמים,600.00,100 גרם,false,12,14.90,2.4833,true,1,38972
7290018359679,false,הקיסרית-שעועית לימה יכין 550 גרם,קריות זול,IL,שעוית לימה הקיסרית יכין 550 גרם,גרמים,550.00,100 גרם,false,1,9.90,1.8000,true,1,50810
7290018359686,false,יכין חומוס גדול 550 גר A2,היינץ צפון אמריקה מק,IL,גרגירי חומוס הקיסריה ענק יכין 550 גרם,גרמים,550.00,100 גרם,false,1,9.90,1.8000,true,1,50809
7290018359716,false,רוטב עגבניות פיצה טוסקנה 240 גרם יכין,"זנלכל בע""\מ",IL,רוטב פיצה טוסקנה יכין 240 גר,גרמים,240.00,100 גרם,false,1,5.50,2.2917,true,1,38515
7290018359853,false,עדשים שחורות יכין 400 גרם,"זנלכל בע""מ",IL,עדשים שחורות יכין מבושלות 400 גרם,גרמים,400.00,100 גרם,false,12,6.90,1.7250,true,1,50874
7290018359860,false,רסק עגבניות ליקופן טבעי יכין 200 גר*2,זנלכל,IL,זוג רסק עגבניות ליקופין יכין 200 גרם,גרמים,400.00,100 גרם,false,6,14.90,3.7250,true,1,50879
7290018359884,false,פולפה ליקופן טבעית 2*400 גרם יכין,זנלכל,IL,זוג עגבניות פולפה ליקופין יכין 400 ג,גרמים,800.00,100 גרם,false,6,14.90,1.8625,true,1,50873
7290018359938,false,"רוטב עגבניות לשקשוקה יכין, 400 גרם",זנלכל,IL,רוטב לשקשוקה יכין 400 גרם,גרמים,400.00,100 גרם,false,12,11.90,2.9750,true,1,50875
7290018359945,false,רוטב עגבניות פיקנטי מפלפלים וירקות יכין 400 גרם,זנלכל,IL,רוטב פיקנטי חאריפה יכין 400 גרם,גרמים,400.00,100 גרם,false,12,11.90,2.9750,true,1,50878
7290018359952,false,רוטב עגבניות לפסטה יכין 400 גרם,זנלכל,IL,רוטב לפסטה יכין 400 גרם,גרמים,400.00,100 גרם,false,12,11.90,2.9750,true,1,50877
7290018359969,false,רוטב עגבניות לפיצה יכין 400 גרם,זנלכל,IL,רוטב לפיצה יכין 400 גרם,גרמים,400.00,100 גרם,false,12,11.90,2.9750,true,1,50876
7290018367322,false,שומשום בטעם רוטב סויה 100 גרם,,TW,שומשום בטעם רוטב סויהי 100 גרם,גרמים,100.00,100 גרם,false,24,18.90,18.9000,true,1,38604
7290018367346,false,שומשום בטעם וואסבי 100 גרם,Flavor full foods in,TW,שומשום בטעם וואסבי 100 גרם,גרמים,100.00,100 גרם,false,24,18.90,18.9000,true,1,38603
7290018371039,false,מחית עגבניות אורגני,,IT,מחית עגבניות אורגני 520 גר,גרמים,520.00,100 גרם,false,6,28.90,5.5577,true,1,34026
7290018371046,false,עגבניות שרי תמר אורג,,IT,עגבניות שרי תמר אורגני 550 גר,גרמים,315.00,100 גרם,false,6,28.90,9.1746,true,1,34025
7290018371091,false,בייגלה אורגני מקמח כוסמין שומשום ללא מלח השדה 200 גרם,השדה מוצרים טבעיים ו,IL,בייגלה כוסמין ללא מלח אורגני 200 גר,גרמים,200.00,100 גרם,false,1,15.90,7.9500,true,1,37623
7290018371206,false,מחית תפוח עץ ושזיף סקוויז אורגני השדה מוצרים אורגנים 100 גרם,השדה מוצרים טבעיים ו,ES,מחית סקוויז תפוח עץ שזיף אורגני 100 גר,גרמים,100.00,100 גרם,false,1,5.90,5.9000,true,1,36853
7290018371213,false,מחית תפוח עץ ואפרסק סקוויז אורגני השדה מוצרים אורגנים 100 גרם,השדה מוצרים טבעיים ו,ES,מחית סקוויז תפוח עץ אפרסק אורגני 100 גר,גרמים,100.00,100 גרם,false,1,5.90,5.9000,true,1,36854
7290018371220,false,"חמאת בוטנים ללת""ס/מלח אורגני 400 גרם",סנקי,IL,חמאת בוטנים אורגנית ללא סוכר/מלח 400גר,גרמים,400.00,100 גרם,false,12,22.90,5.7250,true,1,35859
7290018371275,false,מיני פריכיות כוסמת 80 גרם,"פרח תעשיות מזון בע""\מ",IL,מיני פירכיות אורגני כוסמת 80 גר,Unknown,0.00,Unknown,false,1,10.90,0.0000,true,1,38093
7290018371299,false,אובלטים אורגניים מקמח חומוס 100 גרם,השדה מוצרים טבעיים ו,IL,אובלטים מקמח חומוס אורגני 100 גר,גרמים,100.00,100 גרם,false,15,12.90,12.9000,true,1,39255
7290018371305,false,אובלטים מקמח עדשים אדומות אורגני 100 גרם,השדה מוצרים טבעיים ו,IL,אובלטים מקמח עדשים אורגני 100 גר,גרמים,100.00,100 גרם,false,15,12.90,12.9000,true,1,39254
7290018371312,false,אובלטים מקמח כוסמת אורגני 100 גרם,אם החיטה,IL,אובלטים מקמח כוסמת אורגני 100 גר,גרמים,100.00,100 גרם,false,15,12.90,12.9000,true,1,39256
7290018371398,false,חמאת בוטנים אורגנית,,IL,חמאת בוטנים אורגנית במליחות עדינה 400גר,גרמים,400.00,100 גרם,false,12,22.90,5.7250,true,1,38483
7290018371404,false,רוטב עגבניות ובזיליקום אורגני 550 גרם,,IT,רוטב עגבניות אורגני עם שמן זית 550 גר,גרמים,550.00,100 גרם,false,6,28.90,5.2545,true,1,39257
7290018371459,false,פסטה רדיאטור 5 צבעים אורגני בצנצנת 450 ג,,IT,פסטה מקמח דורום 5 צבעים אורגני 450 גר,גרמים,450.00,100 גרם,false,6,49.90,11.0889,true,1,46922
7290018371466,false,וופל קמח מלא חרובים200ג,השדה מוצרים טבעיים ו,IL,וופל מקמח מלא חרובים 200 גר,גרמים,200.00,100 גרם,false,12,10.90,5.4500,true,1,45214
7290018371480,false,וופל קמח כוסמין חרובים אורגני 200 גרם,השדה מוצרים טבעיים ו,IL,וופל מקמח כוסמין חרובים 200 גר,גרמים,200.00,100 גרם,false,12,14.90,7.4500,true,1,45215
7290018371497,false,וופל קמח כוסמין200 גרם,רוקחמן,IL,וופל מקמח כוסמין שוקולד 200 גר,גרמים,200.00,100 גרם,false,12,14.90,7.4500,true,1,45216
7290018371503,false,וופל קמח כוסמין אגוזים אורגני 200 גרם,השדה מוצרים טבעיים ו,IL,וופל מקמח כוסמין אגוזים 200 גר,גרמים,200.00,100 גרם,false,12,14.90,7.4500,true,1,45217
7290018371534,false,וופל קוביות כוסמין חרובים אורגני 200 גר,"רוקחמן בע""מ",IL,וופל קוביות קמח כוסמין חרובים 200 גרגר,גרמים,200.00,100 גרם,false,12,15.90,7.9500,true,1,45219
7290018371541,false,מאגדת חטיף וופל חרובים אורגני 7*20 גר,השדה מוצרים טבעיים ו,IL,מאגדת חטיף וופל 7 יח אורגני,יחידה,1.00,יחידה,false,12,10.90,10.9000,true,1,45220
7290018371596,false,קוביות וופלים כוסמין לימון אורגני 200 גר,רוקחמן,IL,וופל קוביות קמח כוסמין לימון 200 גר,גרמים,200.00,100 גרם,false,12,15.90,7.9500,true,1,50795
7290018371602,false,קוביות וופלים כוסמין קקאו אורגני 200 גרם,רוקחמן,IL,וופל קוביות קמח כוסמין קרם קקאו 200 גר,גרמים,200.00,100 גרם,false,12,15.90,7.9500,true,1,50794
7290018380215,false,קורנישון מיני פיקנטי,קולמן,IN,מלפפון קורנישון מיני פיקנטי 670 ג תומר,גרמים,670.00,100 גרם,false,12,9.90,1.4776,true,1,50180
7290018380253,false,שימורי מזון מלא לכלבים בוגרים עם עוף,באדי Buddy,HU,מזון לכלב עם עוף 415גר,גרמים,415.00,100 גרם,false,24,4.50,1.0843,true,1,48430
7290018380260,false,"מזון לכלב עם כבד ""באדי"" 400 גרם",Effeffe pet food,HU,מזון לכלב עם כבד 415גר,גרמים,415.00,100 גרם,false,24,4.50,1.0843,true,1,48428
7290018380277,false,שימורים מזון מלא לכלבים בוגרים עם בשר אייל,Effeffe pet food,HU,מזון לכלב עם בשר ציד 415גר,גרמים,415.00,100 גרם,false,24,4.50,1.0843,true,1,48427
7290018380284,false,שימורי מזון מלא לחתולים עם בקר,Effeffe pet food,HU,מזון לחתול עם בקר 415גר,גרמים,415.00,100 גרם,false,24,4.50,1.0843,true,1,48432
7290018380291,false,"מזון לחתול עם בשר עוף ""באדי"" 400 גרם",Effeffe pet food,HU,מזון לחתול עם בשר עוף 415גר,גרמים,415.00,100 גרם,false,24,4.50,1.0843,true,1,48433
7290018380307,false,"מזון לחתול עם בשר כבד ""באדי"" 400 גרם",באדי Buddy,HU,מזון לחתול עם בשר כבד 415גר,גרמים,415.00,100 גרם,false,24,4.50,1.0843,true,1,48434
7290018380314,false,שימורי מזון מלא לחתולים עם דגים,Effeffe pet food,HU,מזון לחתול עם דגים 415גר,גרמים,415.00,100 גרם,false,24,4.50,1.0843,true,1,48435
7290018380321,false,שימורי מזון מלא לחתולים עם בשר אייל,Effeffe pet food,HU,מזון לחתול עם בשר ציד 415גר,גרמים,415.00,100 גרם,false,24,4.50,1.0843,true,1,48436
7290018380727,false,דפי בצק פילו עגולים תומר 400 גרם,,TR,דפי בצק פילו עגולים 400גרם,גרמים,360.00,100 גרם,false,16,12.90,3.5833,true,1,49620
7290018380734,false,דפי בצק פילו משולשים תומר 360 גרם,,TR,דפי בצק פילו משולשים 360 גרם,גרמים,360.00,100 גרם,false,16,12.90,3.5833,true,1,49619
7290018380741,false,דפי בצק פילו עגולים תומר 500 גרם,,TR,דפי בצק פילו עגולים 500 גרם,גרמים,360.00,100 גרם,false,16,12.90,3.5833,true,1,49621
7290018394021,false,ח.תקוע פטריות מלך היער,חוות פטריות תקוע,CN,פטריות מלך היער תקוע,Unknown,0.00,Unknown,false,1,13.90,0.0000,true,1,39633
7290018394038,false,פטריות שיטאקה מיובשות חוות תקוע 25 גרם,חקלאי,IL,פטריות שיטאקה מיובשות עשירות ויטמין תקוע,Unknown,0.00,Unknown,false,1,9.90,0.0000,true,1,36859
7290018394113,false,דואט פטריות שי-מג'י חוות תקוע,שנגחאי פינק פוד קומפני,IL,דואט פטריות שימגי לבן וחום תקוע,Unknown,0.00,Unknown,false,1,19.90,0.0000,true,1,48014
7290018394151,false,מיקס פטריות אקזוטי חוות תקוע,"פנטה אמפאק בע""מ",IL,מיקס פטריות אקזוטי תקוע,Unknown,0.00,Unknown,false,1,24.90,0.0000,true,1,49437
7290018400036,false,חגיגת טעמים כתומים לתנור סנפרוסט 800 גרם,"סנפרוסט בע""מ",IL,לקט חגיגת כתומים 800גר סנפרוסט,גרמים,800.00,100 גרם,false,12,22.90,2.8625,true,1,39692
7290018400456,false,סמודיז עם פיטאיה סנפרוסט 300 גר,סנפרוסט,,סמוטיז פיטאיה 300 גרם קפוא סנפרוסט,גרמים,300.00,100 גרם,false,1,19.90,6.6333,true,1,47741
7290018400609,false,פיאסטה מקסיקנית סנפרוסט 800 גרם,"סנפרוסט בע""מ",IL,לקט פיאסטה מקסיקנית 800גר סנפרוסט,גרמים,800.00,100 גרם,false,1,22.90,2.8625,true,1,36341
7290018400807,false,טברנה יוונית סנפרוסט 800 גרם,"סנפרוסט בע""מ",IL,לקט טברנה יוונית 800גר סנפרוסט,גרמים,800.00,100 גרם,false,1,22.90,2.8625,true,1,36342
7290018402740,false,רביולי פטריות 450 גרם,"אימפריאל הזרב פוד בע""מ",IL,רביולי פיטריות 450גרם,גרמים,450.00,100 גרם,false,12,17.90,3.9778,true,1,48852
7290018440193,false,פליפז בייגלה בציפוי קרם בטעם חמאת בוטנים מקוויטיס 140 גרם,שוורצקוף& הנקל דיסלד,TR,בייגלה פליפז חמאת בוטנים 140 גרם,גרמים,140.00,100 גרם,false,1,8.90,6.3571,true,1,37246
7290018440209,false,פליפז בייגלה בציפוי פאדג' לבן מקוויטיס 140 גרם,שוורצקוף& הנקל דיסלד,TR,בייגלה פליפז פאדג לבן 140 גרם,גרמים,140.00,100 גרם,false,1,8.90,6.3571,true,1,37247
7290018440223,false,תה צ'אי מסאלה 25 שקיקים ויסוצקי,תה ויסוצקי,IL,תה צאי מסאלה 25 שקיקים 2 גרם,יחידה,25.00,יחידה,false,8,17.90,0.7160,true,1,45440
7290018440230,false,תה צ'אי ורדים 25 שקיקים ויסוצקי,תה ויסוצקי,IL,תה צאי ורדים 25 שקיקים 2 גרם,יחידה,25.00,יחידה,false,8,17.90,0.7160,true,1,45442
7290018440247,false,תה צ'אי שקדים0 25 שקיקים ויסוצקי,תה ויסוצקי,IL,תה צאי שקדים 25 שקיקים 2 גרם,יחידה,25.00,יחידה,false,8,17.90,0.7160,true,1,45441
7290018440254,false,תה צ'אי קרמל מלוח 25 שקיקים ויסוצקי,תה ויסוצקי,IL,תה צאי וקרמל מלוח 25 שקיקים 2 גרם,יחידה,25.00,יחידה,false,8,17.90,0.7160,true,1,45443
7290018440384,false,תה ירוק מאטה לימון נענע ויסוצקי 25 יחידות,תה ויסוצקי,IL,תה ירוק מאטה לימון נענע 25 שק,יחידה,25.00,יחידה,false,1,24.90,0.9960,true,1,42732
7290018440391,false,תה ירוק מאטה נענע גוארנה ויסוצקי 25 יחידות,תה ויסוצקי,IL,תה ירוק מאטה נענע גוארנה 25 שק,יחידה,25.00,יחידה,false,1,24.90,0.9960,true,1,42733
7290018440407,false,תה ירוק מאטה קקאו לוז ויסוצקי 25 יחידות,תה ויסוצקי,IL,תה ירוק מאטה קקאו לוז 25 שק,יחידה,25.00,יחידה,false,1,24.90,0.9960,true,1,42731
7290018440438,false,Calvo טונה בשמן זית פתיחה קלה 3 * 65 גרם,"קאלוו קונסרבס ס.ל.יו. ,",ES,מארז 3 יח טונה קאלוו בשמן זית 65 גרם,גרמים,195.00,100 גרם,false,20,22.90,11.7436,true,1,48599
7290018440445,false,טונה קאלוו בשמן זית 160 גר,"קאלוו קונסרבס ס.ל.יו. ,",ES,טונה קאלוו בשמן זית 160 גרם,גרמים,160.00,100 גרם,false,25,16.90,10.5625,true,1,48601
7290018440476,false,פליפז בייגלה מצופה בקרם עוגת גבינה ותותים מקוויטיס 140 גרם,אולקר מקבוצת פלאדיס,TR,בייגלה פליפז קרם עוגיות ותותים 140 גרם,גרמים,140.00,100 גרם,false,1,8.90,6.3571,true,1,40106
7290018440483,false,פליפז בייגלה מצופה בקרמל מלוח ושוקולד מקוויטיס 140 גרם,שוורצקוף& הנקל דיסלד,TR,בייגלה פליפז קרמל מלוח 140 גרם,גרמים,140.00,100 גרם,false,1,8.90,6.3571,true,1,40105
7290018440490,false,סלט טונה קאלוו עם קוסקוס 150 גר,"קאלוו קונסרבס ס.ל.יו. ,",ES,סלט טונה קאלוו קוסקוס 150 גרם,גרמים,150.00,100 גרם,false,24,14.90,9.9333,true,1,48605
7290018440513,false,סלט קליפורנייה קאלוו עם טונה 150 גר,"קאלוו קונסרבס ס.ל.יו. ,",ES,סלט טונה קאלוו קליפורניה 150 גרם,גרמים,150.00,100 גרם,false,24,14.90,9.9333,true,1,48603
7290018440520,false,סלט טונה קאלוו מקסיקני 150 גר,"קאלוו קונסרבס ס.ל.יו. ,",ES,סלט טונה קאלוו מקסיקני 150 גרם,גרמים,150.00,100 גרם,false,24,14.90,9.9333,true,1,48604
7290018440896,false,הגן הקסום חליטה ג'ינגר כורכום ויסוצקי 25 יח,תה ויסוצקי,IL,תה גן הקסום גינגר וכורכום 25 שקיקים,יחידה,25.00,יחידה,false,1,18.50,0.7400,true,1,46857
7290018468302,false,נקניקיה טבעונית בסגנון מרגז טירת צבי 400 ג,טירת צבי - מדף,IL,נקניקיה צמחית בסגנון מרגז 400גר,גרמים,400.00,100 גרם,false,10,36.90,9.2250,true,1,48897
7290018468319,false,נקניקיה טבעונית בסגנון צוריסוס טירת צבי 400 גרם,טירת צבי - מדף,IL,נקניקיה צמחית בסגנון צוריסוס 400גר,גרמים,400.00,100 גרם,false,10,36.90,9.2250,true,1,48896
7290018468326,false,נקניקיה טבעונית בסגנון אמריקאי טירת צבי 400 גרם,טיב טירת צבי 2000,IL,נקניקיה צמחית בסגנון אמריקאי 400גר,גרמים,400.00,100 גרם,false,10,36.90,9.2250,true,1,48898
7290018468401,false,פסטרמה צמחונית בטעם גריל 100 גר טירת צבי,טיב טירת צבי 2000,IL,פסטרמה צמחונית 120גרם בטעם גריל טירת צבי,גרמים,120.00,100 גרם,false,36,15.90,13.2500,true,1,50212
7290018468418,false,פסטרמה צמחונית טעם מפולפל 120 גרם טירת צבי,טיב טירת צבי 2000,IL,פסטרמה צמחונית 120גר טעם מפולפל טירת צבי,גרמים,120.00,100 גרם,false,36,15.90,13.2500,true,1,50213
7290018471029,false,"סודה בטעם לימון - מארז 6 בקבוקים 500 מ""ל",יפאורה תבורי בעמ,IL,מארז שישיית סודה שוופס לימון 500 מל,ליטרים,3.00,ליטר,false,1,15.90,5.3000,true,1,36595
7290018471111,false,שוופס ליים מוחיטו 330 מל זכוכית,יפאורה שותפות מובגלת,IL,משקה שוופס מוגז עדין ליים מוחיטו 330 מל,מיליליטרים,330.00,"100 מ""ל",false,1,6.90,2.0909,true,1,38328
7290018471128,false,"ספרינג שייק אננס מנגו פסיפלורה זכוכית 330 מ""ל","יפאורה תבורי בע""\מ",IL,שייק פירות ספרינג 330מל אננס מנגו בק.פקד,מיליליטרים,330.00,"100 מ""ל",false,1,6.90,2.0909,true,1,40407
7290018471135,false,"ספרינג שייק בננה תמר תפוז זכוכית 330 מ""ל","יפאורה תבורי בע""\מ",IL,שייק פירות ספרינג 330מל בננה תמר בק.פקד,מיליליטרים,330.00,"100 מ""ל",false,1,6.90,2.0909,true,1,40408
7290018471142,false,"ספרינג שייק בננה אננס קוקוס פירות יער זכוכית 330 מ""ל","יפאורה תבורי בע""\מ",IL,שייק פירות ספרינג 330מל בננה אננס בק.פקד,מיליליטרים,330.00,"100 מ""ל",false,1,6.90,2.0909,true,1,40409
7290018471180,false,משקה פרוט& ווג' אננס תפוח גזר 1 ליטר,פרוט אנד וג' Fruit & Veg,IL,משקה פרוט אנד ווג 1ליטר אננס תפוח גזר,ליטרים,1.00,ליטר,false,1,13.90,13.9000,true,1,38685
7290018471197,false,פרוט & ווג' תפוח בננה מלון נענע 1 ליטר,פרוט אנד וג' Fruit & Veg,IL,משקה פרוט אנד ווג 1ליטר תפוח בננה מלון,ליטרים,1.00,ליטר,false,1,13.90,13.9000,true,1,38686
7290018471210,false,קרטונית נקטר ספרינג תפוח סברס 1 ליטר,"יפאורה תבורי בע""\מ",IL,נקטר ספרינג אגס סברס תפוח 1 ל בקרטון,ליטרים,1.00,ליטר,false,1,7.50,7.5000,true,1,38684
7290018471302,false,"מארז רביעייה שוויפס טוניק 250מ""ל",יפאורה תבורי בעמ,IL,מארז 4יח שוופס טוניק 250מל בק. פקדו,מיליליטרים,1000.00,"100 מ""ל",false,1,21.90,2.1900,true,1,37917
7290018471319,false,"מארז רביעייה שוויפס ביטר למון 250מ""ל",יפאורה תבורי בעמ,IL,מארז 4יח שוופס ביטר לימון 250מל בק. פקדו,מיליליטרים,1000.00,"100 מ""ל",false,1,21.90,2.1900,true,1,37916
7290018471395,false,משקה פרוט& ווג' תפוח רימון ג'ינג'ר 1 ליטר,פרוט אנד וג' Fruit & Veg,IL,משקה פרוט אנד ווג 1ליטר רימון סלק גינגר,ליטרים,1.00,ליטר,false,1,13.90,13.9000,true,1,38688
7290018471401,false,משקה פרוט& ווג' אננס בננה כורכום 1 ליטר,פרוט אנד וג' Fruit & Veg,IL,משקה פרוט אנד ווג 1ליטר אננס בננה כורכום,ליטרים,1.00,ליטר,false,1,13.90,13.9000,true,1,38687
7290018471449,false,קרטונית ספרינג שייק בננה תמר תפוז 1 ליטר,"יפאורה תבורי בע""\מ",IL,שייק פירות ספרינג 1ליטר בננה תמר תפוז,ליטרים,1.00,ליטר,false,1,12.90,12.9000,true,1,40405
7290018471463,false,תפוזינה נקטר תפוז מנגו קרטונית 1 ליטר,"יפאורה תבורי בע""\מ",IL,נקטר תפוזינה תפוז מנגו 1ליטר קרטונית,ליטרים,1.00,ליטר,false,1,7.50,7.5000,true,1,39372
7290018471470,false,תפוזינה נקטר תפוז פסיפלורה קרטונית 1 ליטר,"יפאורה תבורי בע""\מ",IL,נקטר תפוזינה תפוז פסיפלורה 1ליטר קרטונית,ליטרים,1.00,ליטר,false,1,7.50,7.5000,true,1,39373
7290018471487,false,תפוזינה נקטר תפוז אננס קרטונית 1 ליטר,"יפאורה תבורי בע""\מ",IL,נקטר תפוזינה תפוז אננס 1ליטר קרטונית,ליטרים,1.00,ליטר,false,1,7.50,7.5000,true,1,39369
7290018471494,false,תפוזינה משקה תפוז גזר קרטונית 1 ליטר,"יפאורה תבורי בע""\מ",IL,משקה תפוזינה תפוז גזר 1ליטר קרטונית,ליטרים,1.00,ליטר,false,1,7.50,7.5000,true,1,39374
7290018471548,false,"רביעיית ספרינג ענבים 250 מ""ל","יפאורה תבורי בע""\מ",IL,מארז 4יח ספרינג 250מל ענבים,מיליליטרים,1000.00,"100 מ""ל",false,1,12.90,1.2900,true,1,38681
7290018471616,false,שוופס אינדיאן טוניק 1 ליטר,"יפאורה תבורי בע""\מ",IL,משקה שוופס אינדיאן טוניק 1ליטר,ליטרים,1.00,ליטר,false,1,9.90,9.9000,true,1,39696
7290018471623,false,שוופס טוניק אשכוליות ליצ'י 1 ליטר,"יפאורה תבורי בע""\מ",IL,משקה שוופס טוניק אשכוליות ליצי 1ליטר,ליטרים,1.00,ליטר,false,1,9.90,9.9000,true,1,39698
7290018471630,false,שוופס טוניק מלפפון ליים 1 ליטר,"יפאורה תבורי בע""\מ",IL,משקה שוופס טוניק מלפפון ליים 1ליטר,ליטרים,1.00,ליטר,false,1,9.90,9.9000,true,1,39697
7290018471692,false,ספרינג שייק בננה אננס קוקוס פירות יער קרטונית 1 ליטר,"יפאורה תבורי בע""\מ",IL,שייק פירות ספרינג 1ליטר בננה אננס קוקוס,ליטרים,1.00,ליטר,false,1,12.90,12.9000,true,1,40404
7290018471715,false,משקה אלוורה קינג אננס 1 ליטר,"טרופיקל דגיל בע""מ אז",KR,משקה אלוורה קינג אננס 1ליטר בק.פקדון,ליטרים,1.00,ליטר,false,1,10.90,10.9000,true,1,40726
7290018471746,false,משקה אלוורה בטעם קיווי תווית 1 ל',"טרופיקל דגיל בע""מ אז",KR,משקה אלוורה קינג קיווי 1ליטר בק.פקדון,ליטרים,1.00,ליטר,false,1,10.90,10.9000,true,1,40729
7290018471906,false,שוופס מוגז פירות לימונדה ורודה 1.5 ליטר פיקדון,"יפאורה תבורי בע""\מ",IL,שוופס מוגז פירות לימונדה ורודה1.5ל פקדון,ליטרים,1.50,ליטר,false,1,9.90,6.6000,true,1,46380
7290018471920,false,שוופס מוגז פירות ענבים 1.5 ליטר פיקדון,"יפאורה תבורי בע""\מ",IL,שוופס מוגז פירות ענבים 1.5ליטר ב. פקדון,ליטרים,1.50,ליטר,false,1,9.90,6.6000,true,1,46382
7290018471937,false,שוופס מוגז פירות תות ליים 1.5 ליטר פיקדון,"יפאורה תבורי בע""\מ",IL,שוופס מוגז פירות תות ליים 1.5ליטר פקדון,ליטרים,1.50,ליטר,false,1,9.90,6.6000,true,1,46383
7290018471944,false,שוופס מוגז פירות לימונייד 1.5 ליטר פיקדון,"יפאורה תבורי בע""\מ",IL,שוופס מוגז פירות לימונייד 1.5ליטר פקדון,ליטרים,1.50,ליטר,false,1,9.90,6.6000,true,1,46384
7290018471951,false,שוופס מוגז פירות אשכולית אדומה 1.5 ליטר פיקדון,"יפאורה תבורי בע""\מ",IL,שוופס מוגז פירות אשכולית אדומה1.5ל פקדון,ליטרים,1.50,ליטר,false,1,9.90,6.6000,true,1,46385
7290018493021,false,"אל סבון לידיים ד""ר פישר מדקס 500 מ""ל",פישר תעשיות,IL,אל סבון מדקס אקטיבי 500מל,מיליליטרים,500.00,"100 מ""ל",false,12,17.90,3.5800,true,1,36698
7290018493045,false,"קרם ידיים מועשר בשמן קוקוס ד""ר פישר 100 מ""ל",פישר מעבדות פרמצבטיות,IL,קרם ידיים אפקטיב קר מועשר 100מל קוקוס,מיליליטרים,100.00,"100 מ""ל",false,12,11.90,11.9000,true,1,38039
7290018493052,false,"ד""ר פישר - אפקטיב קר קרם ידיים מועשר בשמן אבוקדו 100 מ""ל",פישר מעבדות פרמצבטיות,IL,קרם ידיים אפקטיב קר מועשר 100מל אבוקדו,מיליליטרים,100.00,"100 מ""ל",false,12,11.90,11.9000,true,1,38040
7290018493069,false,"אפקטיב קר קרם ידייםמועשר בשמן כותנה ד""ר פישר 100 מ""ל",פישר מעבדות פרמצבטיות,IL,קרם ידיים אפקטיב קר מועשר 100מל כותנה,מיליליטרים,100.00,"100 מ""ל",false,12,11.90,11.9000,true,1,38041
7290018493076,false,"אפקטיב קר קרם ידייםמועשר בשמן ארגן ד""ר פישר 100 מ""ל",פישר מעבדות פרמצבטיות,IL,קרם ידיים אפקטיב קר מועשר 100מל ארגן,מיליליטרים,100.00,"100 מ""ל",false,12,11.90,11.9000,true,1,38042
7290018493144,false,קמיל קלין &נוריש אל סבון מועשר בשמן ארגן 1 ליטר,פישר מעבדות פרמצבטיות,IL,אל סבון היגיני קלין אנד נוריש 1 ליטר,ליטרים,1.00,ליטר,false,8,13.90,13.9000,true,1,36695
7290018493700,false,"סבון ידיים ויטמינים לילדים כחול 500 מ""ל ד""ר פישר",מדי פישר,IL,סבון ידיים קידס ויטמינים 500מל כחול,מיליליטרים,500.00,"100 מ""ל",false,9,7.90,1.5800,true,1,44344
7290018493717,false,"סבון ידיים ויטמינים לילדים ורוד מסטיק 500 מ""ל ד""ר פישק",פישר תעשיות פרמצבטיות בע,IL,סבון ידיים קידס ויטמינים 500מל ורוד מסטי,מיליליטרים,500.00,"100 מ""ל",false,9,7.90,1.5800,true,1,44346
7290018493724,false,"סבון ידיים ויטמינים לילדים ירוק מילון 500 מ""ל ד""ר פישר",פישר תעשיות פרמצבטיות בע,IL,סבון ידיים קידס ויטמינים 500מל ירוק מלון,מיליליטרים,500.00,"100 מ""ל",false,9,7.90,1.5800,true,1,44345
7290018493748,false,"ד""ר פישר - מגבונים להסרת איפור אקסטרה סופט 30 יח' * 3",פישר מעבדות פרמצבטיות בע,IL,מארז 3יח מגבוני אפקטיב קר להסרת איפור 30,יחידה,90.00,יחידה,false,12,22.90,0.2544,true,1,44510
7290018516041,false,פרמיו דליקט עוף לחתול,פרמיו Premio,CN,פרמיו דליקט עוף 56 גר,גרמים,56.00,100 גרם,false,12,9.90,17.6786,true,1,49381
7290018516065,false,פרמיו דליקט טונה וסלמון לחתול,פרמיו Premio,CN,פרמיו דליקט טונה וסלמון 56 גר,גרמים,56.00,100 גרם,false,12,9.90,17.6786,true,1,49382
7290018516324,false,פאוץ' פרינוק תפוח עץ עם שיבולת שועל 120 גרם,פרוטה פודווין איי.אס,CZ,פאוץ פרינוק תפוח שבולת שועל 120 גרם,גרמים,120.00,100 גרם,false,1,5.90,4.9167,true,1,39824
7290018516331,false,פאוץ' פרינוק תפוח בננה ושיבולת שועל 120 גרם,פרוטה פודווין איי.אס,CZ,פאוץ פרינוק תפוח בננה.ש.שועל 120 גרם,גרמים,120.00,100 גרם,false,1,5.90,4.9167,true,1,39825
7290018516348,false,מחית פרינוק פאוץ' שיבולת שועל סלט פירות 120 גרם,פרוטה פודווין איי.אס,CZ,פאוץ פרינוק סלט פירות.ש.שועל 120 גרם,גרמים,120.00,100 גרם,false,1,5.90,4.9167,true,1,39826
7290018516355,false,מחיט תפוח עץ ושבולות שועל 190 ג' פרינוק גוניור,פרוטה פודווין איי.אס,CZ,מחית פרינוק גוניור תפוע ש.שו190 ג שלב 3,גרמים,190.00,100 גרם,false,24,5.90,3.1053,true,1,46868
7290018516362,false,מחיט תפוח עץ בננה ושבולות שועל 190 ג' פרינוק גוניור,פרוטה פודווין איי.אס,CZ,מחית פרינוק גוניור תפוע בננ ש.שו190 ג 3,גרמים,190.00,100 גרם,false,24,5.90,3.1053,true,1,46869
7290018516379,false,מחיט סלט פירות ושבולות שועל 190 ג' פרינוק גוניור,פרוטה פודווין איי.אס,CZ,מחית פרינוק סלט פירות ש.שועל 190גר,גרמים,190.00,100 גרם,false,24,5.90,3.1053,true,1,46870
7290018516393,false,פרמיו סופרים מיקס לחתול,פרמיו Premio,DE,פרמיו סופרים מיקס 3 קג,קילוגרמים,3.00,"ק""ג",false,3,59.90,19.9667,true,1,49372
7290018516447,false,ארוחת מקרוני+רוטב גב206,,US,תבשיל גוסטו מקרוני עם גבינה 206 גרם,גרמים,206.00,100 גרם,false,12,11.90,5.7767,true,1,51627
7290018516546,false,פרמיו דליקט טונה 56 גר',,DE,דליקט טונה פרמיו 56 גר,גרמים,110.00,100 גרם,false,12,9.90,9.0000,true,1,50157
7290018516560,false,פרמיו דליקט עוף וסרט,,DE,דליקט עוף וסרטנים פרמיו 56 גר,גרמים,110.00,100 גרם,false,12,9.90,9.0000,true,1,50158
7290018516577,false,פרמיו דליקט עוף לחתלתול 56 גר',סאטורן,DE,דליקט עוף לחתלתול פרמיו 56 גר,גרמים,110.00,100 גרם,false,12,9.90,9.0000,true,1,50159
7290018516584,false,פרמיו דליקט טונה לחת,סאטורן,DE,דליקט טונה לחתלתול פרמיו 56 גר,גרמים,110.00,100 גרם,false,12,9.90,9.0000,true,1,50160
7290018516614,false,הורייזן מחית בשר סלמון 90 גרם,,DE,מחית בשר סלמון הורייזן 90 גר,גרמים,110.00,100 גרם,false,10,9.90,9.0000,true,1,50163
7290018516737,false,"פרמיו סופרים עוף וכבד לחתול בוגר 3ק""ג",,,פרמיו סופרים עוף ובקר לחתול 3 קג,קילוגרמים,3.00,"ק""ג",false,3,59.90,19.9667,true,1,50140
7290018516744,false,"פרמיו סופרים עוף וסלמון לחתול בוגר 3 ק""ג",,,פרמיו סופרים עוף וסלמון לחתול 3 קג,קילוגרמים,3.00,"ק""ג",false,3,59.90,19.9667,true,1,50141
7290018516751,false,"פרמיו סופרים עוף לחתלתול 3ק""ג",,,פרמיו סופרים עוף וסלמון לחתולתול 3 קג,קילוגרמים,3.00,"ק""ג",false,3,59.90,19.9667,true,1,50142
7290018516768,false,פרמיו פטה עוף לחתלתו,,,פרמיו עוף לחתלתול במרקם פטה 400גר,גרמים,400.00,100 גרם,false,12,5.90,1.4750,true,1,50172
7290018516805,false,פרמיו פטה עוף לחתול,,,פרמיו פטה עוף לחתול בוגר 400גר,גרמים,400.00,100 גרם,false,12,5.90,1.4750,true,1,50174
7290018516942,false,"פרמיו סופרים מועשר בעוף לכלב בוגר 3ק""ג",פרמיו Premio,,פרמיו סופרים עופות לכלב בוגר 3 קג,קילוגרמים,3.00,"ק""ג",false,3,49.90,16.6333,true,1,50144
7290018516959,false,"פרמיו סופרים מועשר בעוף לכלב מגזע ננסי 3ק""ג",פרמיו Premio,,פרמיו סופרים עופות לכלב ננסי 3 קג,קילוגרמים,3.00,"ק""ג",false,3,49.90,16.6333,true,1,50143
7290018516966,false,"פרמיו סופרים עם בקר לכלב בוגר 3ק""ג",פרמיו Premio,,פרמיו סופרים בקר לכלב בוגר 3 קג,קילוגרמים,3.00,"ק""ג",false,3,49.90,16.6333,true,1,50145
7290018555927,false,משחק זיכרון לצביעה- נסיכות דיסני (24 כרטיסים),General,,משחק זיכרון לצביעה נסיכות דיסני 24כרטיס,יחידה,1.00,יחידה,false,1,49.90,49.9000,true,1,47840
7290018564592,false,שף הטבע - שום כתוש בצנצנת 200 גרם,בני דרום,IL,שום כתוש בצנצנת 200גר שף הטבע,גרמים,200.00,100 גרם,false,12,12.90,6.4500,true,1,51642
7290018564608,false,"שף הטבע - בזיליקום קצוץ בצנצנת 200ג""ר 12 /",,IL,בזיליקום קצוץ בצנצנת 200גר שף הטבע,גרמים,200.00,100 גרם,false,12,15.90,7.9500,true,1,51641
7290018564615,false,"שף הטבע - צ'ילי חריף בצנצנת 200ג""ר 12 /",,IL,צילי חריף בצנצנת 200גר שף הטבע,גרמים,200.00,100 גרם,false,12,14.90,7.4500,true,1,51640
7290018564622,false,"בני דרום - שום כתוש טבליות 80 ג""ר",בני דרום,IL,שום כתוש 80 גרם טבליות שף הטבע,Unknown,0.00,Unknown,false,20,9.90,0.0000,true,1,51639
7290018564639,false,"שף הטבע - כוסברה קצוצה טבליות 80ג""ר 20 /",בני דרום,IL,כוסברה קצוצה 80 גרם טבליות שף הטבע,Unknown,0.00,Unknown,false,20,9.90,0.0000,true,1,51637
7290018564646,false,שף הטבע - בזיליקום טבליות 80 גרם,בני דרום,IL,בזיליקום 80 גרם טבליות שף הטבע,Unknown,0.00,Unknown,false,20,9.90,0.0000,true,1,51638
7290018564653,false,"שף הטבע - פטרוזיליה קצוצה טבליות 80ג""ר 20 /",בני דרום,IL,פטרוזיליה קצוצה 80גר טבליות שף הטבע,Unknown,0.00,Unknown,false,20,9.90,0.0000,true,1,51635
7290018564660,false,"שף הטבע - צ'ילי חריף טבליות 80ג""ר 20 /",בני דרום,IL,צילי חריף 80 גרם טבליות שף הטבע,Unknown,0.00,Unknown,false,20,9.90,0.0000,true,1,51636
7290018593004,false,פטה שקדים טבעי 200 גרם -פלנטי (חדש),פלנטי,IL,בסגנון פטה שקדים טבעי 200גר פלנטי,גרמים,200.00,100 גרם,false,1,32.90,16.4500,true,1,37410
7290018593011,false,פטה שקדים עשבי תיבול 200 גרם -פלנטי (חדש),פלנטי,IL,בסגנון פטה שקדים עשבי תיבול 200גר פלנטי,גרמים,200.00,100 גרם,false,1,32.90,16.4500,true,1,37411
7290018593035,false,כמוצרלה קשיו 200 גרם - פלנטי (חדש),פלנטי,IL,כמוצרלה קשיו 200 גרם פלנטי,גרמים,200.00,100 גרם,false,1,24.90,12.4500,true,1,38388
7290018593059,false,אגוז'נו בסגנון פרמזן 115 גרם - פלנטי (חדש),פלנטי,IL,בסגנון פרמזן אגוזנו 115גרם פלנטי,גרמים,115.00,100 גרם,false,1,23.90,20.7826,true,1,38386
7290018593066,false,אגוזנו בסגנון פרמזן 100 גרם,,IL,אגוזנו עשבי תיבול 115גרם פלנטי,גרמים,115.00,100 גרם,false,1,23.90,20.7826,true,1,38387
7290018593080,false,קשיו צ'דר 200 גרם - פלנטי,פלנטי,IL,קשיו צדר 200גר פלנטי,גרמים,200.00,100 גרם,false,1,25.90,12.9500,true,1,40367
7290018593110,false,רביולי גבינות שקדים 400ג,פלנטי,IL,רביולי גבינות גב.שקדים וקשיו 400גר פלנט,גרמים,400.00,100 גרם,false,1,34.90,8.7250,true,1,39965
7290018593127,false,רביולי תרד גבינות 400גרם,פלנטי,IL,רביולי תרד גב. שקדים וקשיו 400גר פלנט,גרמים,400.00,100 גרם,false,1,34.90,8.7250,true,1,39966
7290018593134,false,רביולי בטטה גבינות ש,,,רביולי בטטה גב.שקדים וקשיו 400גר פלנט,גרמים,400.00,100 גרם,false,1,34.90,8.7250,true,1,39964
7290018593202,false,שיוגורט מעדן שקדים 160 גרם - פלנטי,פלנטי,IL,שיוגורט מעדן שקדים 160גר פלנטי,גרמים,160.00,100 גרם,false,1,10.00,6.2500,true,1,49415
7290018593233,false,גבינאטס טבעי - ממרח שקדים בסגנון גבינה לבנה 240 גרם - פלנטי,פלנטי,IL,גבינאטס טבעי ממרח שקדים בסגנון גב.לבנה,גרמים,240.00,100 גרם,false,1,18.90,7.8750,true,1,49413
7290018593240,false,גבינאטס זיתים - ממרח שקדים בסגנון גבינה לבנה 240 גרם - פלנטי,פלנטי,IL,גבינאטס זיתים ממרח שקדים בסגנון גב.לבנה,גרמים,240.00,100 גרם,false,1,18.90,7.8750,true,1,49401
7290018593257,false,גבינאטס שום שמיר - ממרח שקדים בסגנון גבינה לבנה 240 גרם - פלנטי,פלנטי,IL,גבינאטס שום שמירממרח שקדים סגנון גב.לבנה,גרמים,240.00,100 גרם,false,1,18.90,7.8750,true,1,49414
7290018593295,false,קשיו פסטו חצי קשה טבעוני פלנטי 200 גרם,פלנטי,IL,קשיו פסטו חצי קשה 200גר פלנטי,גרמים,200.00,100 גרם,false,1,28.90,14.4500,true,1,50485
7290018593301,false,קשיו כמהין חצי קשה טבעוני פלנטי 200 גרם,פלנטי,IL,קשיו כמהין חצי קשה 200גר פלנטי,גרמים,200.00,100 גרם,false,1,28.90,14.4500,true,1,50486
7290018593325,false,לאבנה שקדים טבעוני פלנטי 220 גרם,פלנטי,IL,לאבנה שקדים 220 גרם פלנטי,גרמים,220.00,100 גרם,false,1,18.90,8.5909,true,1,50487
7290018641439,false,אוק אנד אש - ערק אשכולית אדומה מוגז,,IL,ערק אוק אנד אש אשכולית אדומה מוגז 330מל,מיליליטרים,330.00,"100 מ""ל",false,24,16.90,5.1212,true,1,49183
7290018652213,false,מאגדת חטיפי גלידה קראנץ בר 41X6 גרם,פרונרי איטליה,IT,מאגדת קראנץ בר 6יח,יחידה,6.00,יחידה,false,1,19.90,3.3167,true,1,47452
7290018652886,false,שלגונים בשומן צמחי בטעמי שוקו ובננה מצופים צימקאו,גלידות נסטלה,IL,מאגדת 8יח שוקו בננה שלגונים נסטלה,יחידה,8.00,יחידה,false,1,29.90,3.7375,true,1,49949
7290018652909,false,מאגדת מאגנום קפה שוקולד ופקאן 5 *43 ג' נסטלה,גלידות נסטלה,IL,מאגדת פרוייקט סער אספרסו שוקולד 5יח,יחידה,5.00,יחידה,false,1,32.90,6.5800,true,1,47453
7290018654262,false,גלידת שוקולד בלגי 75,,,גלידת שוקולד בלגי 750מל חלבי רפאלו,גרמים,750.00,100 גרם,false,1,24.90,3.3200,true,1,37634
7290018654286,false,גלידת ריבת חלב 750מל,,,גלידת ריבת חלב 750מל חלבי רפאלו,גרמים,750.00,100 גרם,false,1,24.90,3.3200,true,1,37636
7290018654422,false,מיני צורוס 300גר,,,מיני צורוס 300גר,גרמים,300.00,100 גרם,false,13,19.90,6.6333,true,1,38720
7290018654477,false,מקלות צורוס אורגינל,,,מקלות צורוס אורגינל 300גר,גרמים,300.00,100 גרם,false,13,19.90,6.6333,true,1,38721
7290018677001,false,"לחם אורז וגרעיני חמניות לל""ג 375 גרם",,CZ,לחפ טואז עם חמניות ללא גלוטן 375 גר,גרמים,375.00,100 גרם,false,16,16.90,4.5067,true,1,46827
7290018677018,false,לחם מחמצת כוסמין מלא אורגני 375 גרם,,CZ,לחפ מחמצת אורגני כוסמין מלא נוטרה זן 375,גרמים,375.00,100 גרם,false,16,16.90,4.5067,true,1,46826
7290018677056,false,קוואקר דק אורגני 500 גרם,,DK,קוואקר דק אורגני 500גר נוטרה זון,גרמים,500.00,100 גרם,false,1,10.90,2.1800,true,1,40064
7290018677063,false,קוואקר עבה אורגני 500 גרם,,DK,קוואקר עבה אורגני 500גר נוטרה זון,גרמים,500.00,100 גרם,false,1,10.90,2.1800,true,1,40063
7290018677070,false,"קרם קוקוס אורגני 330 מ""ל",בראנץ'\ אוף בן טרה אימפו,VN,קרם קוקוס אורגני 330מל טטרה פק 18%שומן,גרמים,330.00,100 גרם,false,1,10.90,3.3030,true,1,40065
7290018677124,false,גרנולה קראנצ'י חמוציות ודובדבנים ללא גלוטן וללא תוספת סוכר נוטרה זן-300 גרם,נוטרה זון,CZ,גרנולה קראנצי חמוציות ל.גלוטן סוכר300ג,גרמים,300.00,100 גרם,false,12,22.90,7.6333,true,1,41117
7290018677131,false,גרנולה קראנצ'י אגוזים ושקדים ללא גלוטן וללא תוספת סוכר נוטרה זן-300 גרם,נוטרה זון,CZ,גרנולה קראנצי אגוז שקד ל.גלוטן סוכר300ג,גרמים,300.00,100 גרם,false,12,22.90,7.6333,true,1,41116
7290018677148,false,גרנולה קראנצ'י שוקולד וקוקוס ללא גלוטן וללא תוספת סוכר נוטרה זן-300 גרם,,CZ,גרנולה קראנצי שוקולד ל.גלוטן סוכר300ג,גרמים,300.00,100 גרם,false,12,22.90,7.6333,true,1,41118
7290018677155,false,"תערובת קמחים רב תכליתי לל""ג 500 גרם",נוטרה זון,IT,תערובת קמחים רב תכליתי ל.ג 500גר פאניריה,גרמים,500.00,100 גרם,false,1,19.90,3.9800,true,1,40060
7290018677162,false,"תערובת קמחים רב תכליתי לל""ג 500 גרם",נוטרה זון,IT,תערובת רב תכליתית ל.ג. בסיס עמילן 500גר,גרמים,500.00,100 גרם,false,1,19.90,3.9800,true,1,40061
7290018677216,false,"פנה כוסמת לל""ג אורגני 250 גרם",,IT,פנה כוסמת אורגני ללא גלוטן 250גר,גרמים,250.00,100 גרם,false,1,14.90,5.9600,true,1,49252
7290018677223,false,"פוזילי כוסמת לל""ג אורגני 250 גרם",,IT,פוזילי כוסמת אורגני ללא גלוטן 250גר,גרמים,250.00,100 גרם,false,1,14.90,5.9600,true,1,49253
7290018677278,false,PRO פתיתים מעדשים צהובות אורגני 250 גרם,,IT,פתיתי פרו עדשים צהובות אורגני 250גר,גרמים,250.00,100 גרם,false,1,14.90,5.9600,true,1,49250
7290018677285,false,PRO פתיתים מעדשים אדומות אורגני 250 גרם,,IT,פתיתי פרו עדשים אדומות אורגני ל.גלוטן250,גרמים,250.00,100 גרם,false,1,14.90,5.9600,true,1,49248
7290018677292,false,PRO אטריות מעדשים אדומות אורגני 250 גרם,,IT,איטריות פרו עדשים אדומות אורגני 250גר,גרמים,250.00,100 גרם,false,1,14.90,5.9600,true,1,49249
7290018677308,false,PRO אטריות מעדשים צהובות אורגני 250 גרם,,IT,איטריות פרו עדשים צהובות אורגני 250גר,גרמים,250.00,100 גרם,false,1,14.90,5.9600,true,1,49251
7290018681558,false,שעועית מש אורגני 500 גרם,כרם תעשיות,IL,שעועית מש אורגנית כרם 500 גרם,גרמים,500.00,100 גרם,false,1,12.90,2.5800,true,1,39240
7290018681565,false,שעועית שחורה אורגני 500 גרם,כרם תעשיות,IL,שעועית שחורה אורגנית כרם 500 גרם,גרמים,500.00,100 גרם,false,1,10.90,2.1800,true,1,39253
7290018681596,false,משקה שיבולת שועל בריסטה אורגני 1 ליטר,,IT,משקה כרם שבולת שועל אורגני 1 ליטר,ליטרים,1.00,ליטר,false,12,12.90,12.9000,true,1,51396
7290018681602,false,זרעי ציה אורגני כרם 650 גרם,,PE,זרעי ציה אורגני כרם 650 גרם,גרמים,650.00,100 גרם,false,6,29.90,4.6000,true,1,45782
7290018681619,false,זרעי ציה אורגני כרם 300 גרם,,PE,זרעי ציה אורגני כרם 300 גרם,גרמים,300.00,100 גרם,false,12,19.90,6.6333,true,1,45783
7290018681626,false,זרעי ציה לבנה כרם 30,,PE,זרעי ציה לבנה כרם 300 גרם,גרמים,300.00,100 גרם,false,12,19.90,6.6333,true,1,45784
7290018681640,false,"אורז בסמטי ארוך אורגני כרם 1 ק""ג",,IN,אורז בסמטי כרם אורגני 1 קג,קילוגרמים,1.00,"ק""ג",false,10,19.90,19.9000,true,1,48781
7290018681657,false,גולדן ברי מיובש כרם 150 גרם,,US,גולדן ברי מיובש כרם 150 גרם בנספק,גרמים,150.00,100 גרם,false,12,19.90,13.2667,true,1,45786
7290018681701,false,"סירופ מייפל אורגני כרם 1 ק""ג",,CA,סירופ מייפל 100% טהור כרם 1 ל,גרמים,1.00,100 גרם,false,12,79.90,7990.0000,true,1,45789
7290018681732,false,אוכמניות מיובשות מסוכרות כרם 150 גרם,,US,אוכמניות מיובשות ומסוכרות כרם 150 גרם,גרמים,150.00,100 גרם,false,12,19.90,13.2667,true,1,45785
7290018681749,false,"אורז בסמטי חום אורגני כרם 1 ק""ג",,IN,אורז בסמטי חום כרם אורגני 1 קג,קילוגרמים,1.00,"ק""ג",false,10,19.90,19.9000,true,1,48782
7290018681756,false,קמח 4 דגנים כרם 1 קג,עץ השדה,,קמח 4 דגנים כרם 1 קג,קילוגרמים,1.00,"ק""ג",false,1,13.90,13.9000,true,1,46612
7290018681763,false,גרנולה שוקולד כרם 444 גרם,,IL,גרנולה כרם שוקולד444 גרם צנצנת,גרמים,444.00,100 גרם,false,12,16.90,3.8063,true,1,45793
7290018681770,false,גרנולה שקדים כרם 444 גרם,,IL,גרנולה כרם שקדים 444 גרם צנצנת,גרמים,444.00,100 גרם,false,12,16.90,3.8063,true,1,45794
7290018681787,false,גרנולה עשירה כרם 444 גרם,,IL,גרנולה כרם עשירה 444 גרם צנצנת,גרמים,444.00,100 גרם,false,12,16.90,3.8063,true,1,45795
7290018681930,false,פריכיות שיבולת שועל כרם 100 גרם,זן בר,IL,פריכיות שבולת שועל דקות כרם 100 גרם,גרמים,100.00,100 גרם,false,50,6.90,6.9000,true,1,49908
7290018681992,false,אגוזי מלך קליפורניה,כרם תעשיות,IL,אגוזי מלך קליפורניה כרם 450 גרפ שקית,גרמים,450.00,100 גרם,false,12,17.90,3.9778,true,1,47909
7290018720011,false,ביסקוויט קרנבל חיות בטעם וניל 250 ג' מעדני מלך,הגביע מוצרי וופלים,IL,ביסקויט קרנבל חיות מעדני המלך 250 ג,גרמים,250.00,100 גרם,false,12,6.90,2.7600,true,1,39959
7290018720028,false,קרנבל אותיות ביסקוויט בטעם חמאה 250 ג' מעדני מלך,הגביע מוצרי וופלים,IL,ביסקויט קרנבל אותיות מעדני המלך 250 ג,גרמים,250.00,100 גרם,false,12,6.90,2.7600,true,1,39960
7290018720059,false,WOK פרורי פנקו מוזהבים בסגנון יפני 250 גר',"י.א ברמן בע""מ-מאפיית",IL,פירורי לחם פנקו מוזהב 250 גרם,גרמים,250.00,100 גרם,false,12,7.90,3.1600,true,1,40654
7290018720103,false,"אפיפיות וופל בטעם שוקו לל""ס הדר 250 גרם","א.ג גילרו בע""\מ",IL,ופל אפיפית ללא סוכר טעם שוקו 250 גרם,גרמים,250.00,100 גרם,false,1,8.90,3.5600,true,1,45551
7290018720110,false,מעדני המלך- יאמי עוגיות ממולאות בקרם אגוזים 30% 150 גרם,"הגביע מוצרי ופלים בע""\מ",IL,עוגיות יאמי מילוי קרם אגוזים 150 גרם,גרמים,150.00,100 גרם,false,1,6.90,4.6000,true,1,45584
7290018720127,false,מעדני המלך- יאמי עוגיות ממולאות בקרם שמנת 30% 150 גרם,"הגביע מוצרי ופלים בע""\מ",IL,עוגיות יאמי מילוי קרם שמנת 150 גרם,גרמים,150.00,100 גרם,false,1,6.90,4.6000,true,1,45585
7290018720158,false,ערק אשכוליות 750 מל,,,ערק אשכוליות 750 מל,מיליליטרים,750.00,"100 מ""ל",false,12,75.00,10.0000,true,1,45209
7290018720189,false,מעדני מלך-ביסקוויט קסטה בטעם שוקו 200 גרם,הגביע,IL,ביסקויט קסטה מעדני המלך 200 גרם,גרמים,200.00,100 גרם,false,12,5.50,2.7500,true,1,50533
7290018720219,false,פצפוצי אורז ללא סוכר מעדני מלך 250 גרם,אשבל מזון פונקציונלי,IL,פיצפוצי אורז ל.ס מעדני המלך 250 גרם,גרמים,250.00,100 גרם,false,12,10.90,4.3600,true,1,50532
7290018720226,false,פצפוצי אורז מעדני מלך 250 גרם,אשבל מזון פונקציונלי,IL,פיצפוצי אורז מעדני המלך 250 גרם,גרמים,250.00,100 גרם,false,12,10.90,4.3600,true,1,50531
7290018724002,false,"זרעי פשתן טחון ""נטורלה"" 300 גרם",,,זרעי פשתן טחון נטורלה 300 גר,גרמים,300.00,100 גרם,false,16,12.90,4.3000,true,1,39123
7290018724408,false,דגני בוקר נוגט ללא גלוטן נטורלה 375 גרם,"נטורלה גטרנק בע""מ",IL,דגני נוגט ללג נטורלה 375 גר,גרמים,375.00,100 גרם,false,10,19.90,5.3067,true,1,51411
7290018724415,false,דגני בראוניז ללג נטו,"נטורלה גטרנק בע""מ",IL,דגני בראוניז ללג נטורלה 375 גר,גרמים,375.00,100 גרם,false,10,19.90,5.3067,true,1,51412
7290018724422,false,דגני קינמון ללג נטור,"נטורלה גטרנק בע""מ",IL,דגני קינמון ללג נטורלה 375 גר,גרמים,375.00,100 גרם,false,10,19.90,5.3067,true,1,51413
7290018724514,false,מחית תפוחי עץ 90 גרם נטורלה,,,מחית תפוחי עץ נטורלה ללג/ללס 90גר,Unknown,0.00,Unknown,false,12,5.90,0.0000,true,1,51409
7290018724521,false,מחית תפוחי עץ ובננות 90 גרם נטורלה,,,פריכיות כוסמת עם שקדים 145גר נטורלה,גרמים,145.00,100 גרם,false,12,10.90,7.5172,true,1,48037
7290018724538,false,מחית תפוחי עץ ואגסים 90 גרם נטורלה,,,פריכיות כוסמת עם שיבולת שועל145גר נטורלה,גרמים,145.00,100 גרם,false,12,10.90,7.5172,true,1,48038
7290018724545,false,מחית תפוע בננה תות נ,,,מחית תפוע בננה תות נטורלה ללג/סוכר 90גר,גרמים,145.00,100 גרם,false,12,5.90,4.0690,true,1,51410
7290018724606,false,סודה לשתייה לא אלומיניום 350 גרם,,IL,סודה לשתיה ללא אלומיניום 350 גר,גרמים,350.00,100 גרם,false,24,14.90,4.2571,true,1,39119
7290018724613,false,מאפה משה בתיבה טבעונ,הטבעונית של סבתא מזל,IL,מאפה משה בתיבה טבעוני נטורלה 400גר,גרמים,400.00,100 גרם,false,1,29.90,7.4750,true,1,49239
7290018724620,false,פאי סויה טבעוני 460 גרם,הטבעונית של סבתא מזל,IL,זוג מאפי פאי סויה טבעוני נטורלה 460גר,גרמים,460.00,100 גרם,false,1,39.90,8.6739,true,1,49240
7290018724637,false,פאי שווארמה טבעוני 460ג,הטבעונית של סבתא מזל,IL,זוג מאפי פאי שווארמה טבעוני נטורלה 460גר,גרמים,460.00,100 גרם,false,1,39.90,8.6739,true,1,49241
7290018724644,false,מאפה בורקיטס פילו תח,הטבעונית של סבתא מזל,IL,מאפה בורקיטס פילו תחליף גב. טבעוני 400גר,גרמים,400.00,100 גרם,false,1,29.90,7.4750,true,1,49242
7290018724651,false,מאפה בורקיטס פילו ת.,הטבעונית של סבתא מזל,IL,מאפה בורקיטס פילו ת. גב זית טבעוני 400גר,גרמים,400.00,100 גרם,false,1,29.90,7.4750,true,1,49243
7290018724668,false,שווארמה סויה טבעונית,הטבעונית של סבתא מזל,IL,שווארמה סויה טבעונית 400גר,גרמים,400.00,100 גרם,false,1,19.90,4.9750,true,1,49244
7290018724873,false,סובין חיטה נטורלה 15,,,סובין חיטה נטורלה 150 גר,גרמים,150.00,100 גרם,false,16,7.90,5.2667,true,1,39122
7290018724880,false,סובין שיבולת שועל נט,,,סובין שיבולת שועל נטורלה 300 גר,גרמים,300.00,100 גרם,false,16,18.90,6.3000,true,1,39121
7290018724897,false,פירורי לחם ללא גלוטן 300 גרם אביב ירוק,,IL,פירורי לחם נטורלה ללא גלוטן 300 גר,גרמים,300.00,100 גרם,false,12,14.90,4.9667,true,1,39120
7290018752357,false,גרנולה משפחתית ללא ס,מנדל,,גרנולה משפחתית ללא סוכר 1קג השקד,קילוגרמים,1.00,"ק""ג",false,12,29.90,29.9000,true,1,46832
7290018752708,false,מארז שוקולתמר במילוי חמאת שקדים 120 גרם,,IL,מארז שוקולתמר במילוי חמאת שקדים 120ג,גרמים,120.00,100 גרם,false,12,14.90,12.4167,true,1,46834
7290018752722,false,מארז שוקולתמר במילוי חמאת בוטנים 120 גרם,,IL,מארז שוקולתמר במילוי חמאת בוטנים 120ג,גרמים,120.00,100 גרם,false,12,14.90,12.4167,true,1,46836
7290018752739,false,שוקולדתמר+חמאת קוקוס120ג,,IL,מארז שוקולתמר במילוי חמאת קוקוס 120ג,גרמים,120.00,100 גרם,false,12,14.90,12.4167,true,1,46837
7290018752746,false,מארז שוקולתמר במילוי חמאת שומשום 120 גרם,,IL,מארז שוקולתמר במילוי חמאת שומשום 120ג,גרמים,120.00,100 גרם,false,12,14.90,12.4167,true,1,46838
7290018752753,false,מארז שוקולתמר נטו 12,,,מארז שוקולתמר נטו 120 גר,גרמים,120.00,100 גרם,false,12,14.90,12.4167,true,1,46839
7290018787113,false,יין שרדונה קלו דה גת,,,יין שרדונה קלו דה גת 750 מל,מיליליטרים,750.00,"100 מ""ל",false,1,140.00,18.6667,true,1,49099
7290018787199,false,יין מרלו הראל 750 מל,,,יין מרלו הראל 750 מל,מיליליטרים,750.00,"100 מ""ל",false,1,125.00,16.6667,true,1,48210
7290018792841,false,אבקת קקאו טבעי גאנה 150 גר,אברמוביץ עזר קקאו וש,IL,קקאו גאנה 100% טבעי דל שומן 150 גרם,גרמים,150.00,100 גרם,false,18,11.90,7.9333,true,1,48715
7290018792858,false,אבקת קקאו טבעי 500 גרם,,GH,קקאו גאנה 100% טבעי דל שומן 500 גרם,גרמים,500.00,100 גרם,false,12,22.90,4.5800,true,1,48716
7290018823002,false,מלפפון בייבי אורגני,,,מלפפון בייבי אורגני,Unknown,0.00,Unknown,false,1,11.90,0.0000,true,1,46679
7290018823200,false,עגבניות שרי אורגניות,,,עגבניות שרי אורגניות,Unknown,0.00,Unknown,false,1,13.90,0.0000,true,1,46677
7290018823408,false,פלפל סוויט בייט אורג,,,פלפל סוויט בייט אורגני,Unknown,0.00,Unknown,false,1,11.90,0.0000,true,1,46681
7290018835005,false,אקסטרה צ'יפס אורז חום מלא מלח פלפל שמן זית 60 גרם,נוהלס ג'י אס סי.,BG,ציפס אורז חום מלח פלפל שמן זית 60 גרם,Unknown,0.00,Unknown,false,24,6.90,0.0000,true,1,49278
7290018860984,false,אטריות ביצים דקות 400 גרם,xiamen zhongshi impo,CN,אטריות נודלס דקות 400 גרם,גרמים,400.00,100 גרם,false,30,9.90,2.4750,true,1,50131
7290018860991,false,אטריות ביצים רחבות 400 גרם,xiamen zhongshi impo,CN,אטריות נודלס רחבות 400 גרם,גרמים,400.00,100 גרם,false,30,9.90,2.4750,true,1,50132
7290018867099,false,"יין אפוד הילה מלבק/סירה - 750 מ""ל",אפוד,IL,יין אפוד הילה אדום 750 מל,מיליליטרים,750.00,"100 מ""ל",false,6,60.00,8.0000,true,1,48378
7290018867242,false,"יין אפוד הילה קברנה/מרלו - 750 מ""ל",אפוד,IL,יין אפוד הילה אדום קברנה מרלו 750 מלמל,מיליליטרים,750.00,"100 מ""ל",false,6,60.00,8.0000,true,1,50261
7290018874004,false,"יין יראון יקב הרי הגליל 2019 750 מ""ל",יקבי רמת הגולן,IL,יין הרי גליל יראון אדום 750 מל,מיליליטרים,750.00,"100 מ""ל",false,1,120.00,16.0000,true,1,49129
7290018878170,false,אגו שוקולד מריר 60% מוצקי קקאו 2*100גר,"כרמית תעשיות ממתקים בע""\",IL,זוג שוקולד אגו 60% מריר 100 גם,גרמים,200.00,100 גרם,false,24,10.90,5.4500,true,1,49287
7290018878231,false,"מיני קוקיס לל""ס בטעם שוקולד 600 גרם",כרמית,,עוג.מיני קוקיס בטעם שוקולד ל.תוספת סוכר,גרמים,600.00,100 גרם,false,1,19.90,3.3167,true,1,51765
7290018878798,false,מטבעות שוקולד חלב צבעוני 36 גרם כרמית,כרמית,IL,מטבעות שוקולד צבעוני ברשת 36 גרם,Unknown,0.00,Unknown,false,35,3.90,0.0000,true,1,50760
7290018879658,false,שוקולד צ'יפס מריר 45% כרמית 250 גרם,כרמית,IL,שוקולד ציפס 45% קקאו 250גר כרמית,גרמים,250.00,100 גרם,false,1,11.90,4.7600,true,1,47290
7290018879825,false,מטבעות שוקולד לבן 36 גרם כרמית,כרמית,IL,מטבעות שוקולד לבן ברשת 36 גרם,Unknown,0.00,Unknown,false,35,3.90,0.0000,true,1,50759
7290018879979,false,מרשמלו רגיל לבן בטעם וניל 150 גרם ויסטהיים,כרמית,IL,מרשמלו לבן טעם וניל כרמית 150 ג,גרמים,150.00,100 גרם,false,1,6.00,4.0000,true,1,48327
7290018893005,true,בייגלה צוקטה שטוח חר,אלקה קו,RO,בייגלה צוקטה שטוח חרדל ודבש 160 גרם,גרמים,160.00,100 גרם,false,12,6.90,4.3125,true,1,45413
7290018893036,false,צ'וקטה ביסקוויט בטעם שוקוטלד במילוי קרם בטעם וניל 176 גרם,צ'וקטה Chocketa,ES,ביסקויט סנדוויץ צוקטה קרם וניל 176 גרם,גרמים,176.00,100 גרם,false,12,6.50,3.6932,true,1,45256
7290018893098,false,צ'וקטה עוגויות ביסקוויט מצופה שוקולד חלב 100 גרם,דיסטרופר אוליבייר,ES,ביסקויט צוקטה חצי מצופה שוקולד חלב 100 ג,גרמים,100.00,100 גרם,false,12,10.90,10.9000,true,1,47574
7290018893104,false,צ'וקטה עוגויות ביסקוויט מצופה שוקולד מריר 100 גרם,דיסטרופר אוליבייר,ES,ביסקויט צוקטה חצי מצופה שוקולד מריר100 ג,גרמים,100.00,100 גרם,false,12,10.90,10.9000,true,1,47575
7290018893111,false,צ'וקטה שוקולד מריר בלגי 70% 100 גרם,צ'וקטה Chocketa,BE,שוקולד צוקטה בלגי 70% מריר 100 גרם,גרמים,100.00,100 גרם,false,28,8.90,8.9000,true,1,47577
7290018893128,false,צ'וקטה שוקולד חלב בלגי 34% 100 גרם משולש K,צ'וקטה Chocketa,BE,שוקולד צוקטה בלגי 34% חלב 100 גרם,גרמים,100.00,100 גרם,false,28,8.90,8.9000,true,1,47578
7290018893258,false,צ'וקטה עוגות אישיות במילוי קרם קרמל ובציפוי בטעם שוקולד 300 גרם,פרדי קונדיטוריה אס.פ,IT,עוגה אישית צוקטה קרמל 10 יח 300 גר,גרמים,300.00,100 גרם,false,12,12.90,4.3000,true,1,41030
7290018893296,false,עוגיות חמאה מצופות שוקולד בעיטורי שוקולד לבן 100 ג',דיסטרופר אוליבייר,RO,עוגיות צוקטה מיני מצופות 100 גרם,גרמים,100.00,100 גרם,false,12,9.90,9.9000,true,1,47573
7290018893319,false,צ'וקטה שוקולד מריר בלגי 85% 100 גרם משולש K,צ'וקטה Chocketa,BE,שוקולד צוקטה בלגי 85% מריר 100 גרם,גרמים,100.00,100 גרם,false,28,8.90,8.9000,true,1,47576
7290018893456,false,צ'וקטה עוגות אישיות במילוי קרם ובציפוי בטעם שוקולד 300 גרם,"פרדי קונדיטוריה אס,פי.אי",IT,עוגה אישית צוקטה חלב 10 יח 300 גר,גרמים,300.00,100 גרם,false,12,12.90,4.3000,true,1,41029
7290018893487,false,צ'וקטה עוגות אישיות עם קוקוס-מארז עשירייה,פרדי קונדטוריה אס פי,IT,עוגה אישית קוקוס צוקטה 10 יח 300 גר,גרמים,300.00,100 גרם,false,1,12.90,4.3000,true,1,45257
7290018893517,true,בייגלה צוקטה שטוח מצ,אלקה קו,RO,בייגלה צוקטה שטוח מצופה שוקולד מריר80גר,Unknown,0.00,Unknown,false,16,6.90,0.0000,true,1,47287
7290018893654,true,בייגלה צוקטה שטוח עם,אלקה קו,RO,בייגלה צוקטה שטוח עם מלח 200 גרם,גרמים,200.00,100 גרם,false,12,6.90,3.4500,true,1,45255
7290018893715,true,בייגלה צוקטה שטוח מצ,אלקה קו,RO,בייגלה צוקטה שטוח מצופה שוקולד חלב80גר,Unknown,0.00,Unknown,false,16,6.90,0.0000,true,1,47286
7290018893807,false,צ'וקטה - שוקולד מריר שלישייה 3 * 100 גרם,צ'וקטה Chocketa,ES,מארז3יח שוקולד צוקטה 60% מריר 100 גרם,גרמים,300.00,100 גרם,false,1,11.90,3.9667,true,1,45253
7290018893852,true,בייגלה צוקטה שטוח עם,אלקה קו,RO,בייגלה צוקטה שטוח עם שומשום 200 גרם,גרמים,200.00,100 גרם,false,12,6.90,3.4500,true,1,45254
7290018893876,false,עוגות אישיות רכות עם מילוי קרם בטעם וניל,פרדי קונדיטוריה אס.פ,IT,עוגה אישית צוקטה וניל 10 יח 200 גר,גרמים,200.00,100 גרם,false,16,12.90,6.4500,true,1,41031
7290018894002,false,קוביות וופל במילוי קרם קקאו - חלבי,בלקוני Balconi,IT,ופל בלקוני קוביות קרם קקאו 250 גרם,גרמים,250.00,100 גרם,false,12,11.90,4.7600,true,1,47586
7290018894200,false,בלקוני וופל קוביות ויל 250 גרם חלבי OU,בלקוני Balconi,IT,ופל בלקוני קוביות קרם וניל 250 גרם,גרמים,250.00,100 גרם,false,12,11.90,4.7600,true,1,47585
7290018894408,false,קוביות וופל במילוי קרם אגוזי לוז - חלבי,בלקוני Balconi,IT,ופל בלקוני קוביות קרם אגוזי לוז 250 גרם,גרמים,250.00,100 גרם,false,12,11.90,4.7600,true,1,47584
7290018894804,false,וופלים במילוי קרם אגוזי לוז - חלבי,בלקוני Balconi,IT,ופל בלקוני קרם אגוזי לוז 175 גרם,גרמים,175.00,100 גרם,false,12,7.90,4.5143,true,1,47583
7290018921029,false,"ד""ר פישר - קמיל בלו מגבוני סנסיטיב 64 יח' * 4",פישר מעבדות פרמצבטיות בע,IL,מארז 4יח מגבוני קמיל בלו סנסטיב 64יח,יחידה,256.00,יחידה,false,1,21.90,0.0855,true,1,44505
7290018921067,false,"ד""ר פישר - אפקטיב קר תחליב רחצה שמן שקדים 700 מ""ל",פישר מעבדות פרמצבטיות בע,IL,תחליב רחצה אפקטיב קר מועשר ש.שקד 700מל,מיליליטרים,700.00,"100 מ""ל",false,12,12.90,1.8429,true,1,46795
7290018921166,false,קמיל אל סבון להזנת העור מועשר באצות-ים 1 ליטר,פישר מעבדות פרמצבטיות בע,IL,אל סבון היגיני קלין אנד נוריש אצות ים 1ל,ליטרים,1.00,ליטר,false,8,13.90,13.9000,true,1,44508
7290018921265,false,"תחליב רחצה מועשר בתמצית אלוורה 700 מ""ל אפקטיב קר",פישר מעבדות פרמצבטיות בע,IL,תחליב רחצה אפקטיב קר מועשר אלוורה 700מל,מיליליטרים,700.00,"100 מ""ל",false,12,12.90,1.8429,true,1,46796
7290018921449,false,קמיל בלו מגבונים תפרחת חיתולים רביעייה,פישר תעשיות,IL,מארז 4יח מגבוני קמיל בלו תפרחת 56יח,יחידה,224.00,יחידה,false,1,24.90,0.1112,true,1,44507
7290018921456,false,"ד""ר פישר - אפקטיב קר תחליב רחצה שמן כותנה 700 מ""ל",פישר מעבדות פרמצבטיות בע,IL,תחליב רחצה אפקטיב קר מועשר בשמן כותנה700,מיליליטרים,700.00,"100 מ""ל",false,12,12.90,1.8429,true,1,46792
7290018921616,false,רביעיית מגבוני קמיל בלו שיבולת שועל 64 יח',פישר תעשיות,IL,מארז 4יח מגבוני שיבולת שועל 64יח,יחידה,256.00,יחידה,false,1,22.90,0.0895,true,1,44506
7290018921654,false,"ד""ר פישר - אפקטיב קר תחליב רחצה תמצית לוונדר 700 מ""ל",פישר מעבדות פרמצבטיות בע,IL,תחליב רחצה אפקטיב קר מועשר בלבנדר 700מל,מיליליטרים,700.00,"100 מ""ל",false,12,12.90,1.8429,true,1,46793
7290018921852,false,"תחליב רחצה מועשר בשמן ארגן 700 מ""ל אפקטיב קר",פישר מעבדות פרמצבטיות בע,IL,תחליב רחצה אפקטיב קר מועשר ש.ארגן 700מל,מיליליטרים,700.00,"100 מ""ל",false,12,12.90,1.8429,true,1,46794
7290018925065,false,מיץ פרימור תפוזים סחוט 2 ליטר-,"גניר (1992) בע""מ",IL,משקה פרימור תפוזים סחוט 2ליטר פקדון,ליטרים,2.00,ליטר,false,4,26.90,13.4500,true,1,46510
7290018925072,false,משקה קל לימונים ונענע 2 ל פרימור,"גניר (1992) בע""מ",IL,משקה פרימור לימונים ונענע 2ליטר פקדון,ליטרים,2.00,ליטר,false,4,26.90,13.4500,true,1,46509
7290018925089,false,"מיץ פרימור תפו""ע צלול סחוט 2 ליטר-","גניר (1992) בע""מ",IL,משקה פרימור תפוחים צלול 2ליטר פקדון,ליטרים,2.00,ליטר,false,4,26.90,13.4500,true,1,46511
7290018925119,false,משקה קל דיאט אשכוליות פרימור 1.5 ליטר,פרימור,IL,משקה קל פרימור אשכולית דיאט1.5ל בק.פקדון,ליטרים,1.50,ליטר,false,1,9.50,6.3333,true,1,46319
7290018925133,false,פרימור משקה קל מנגו ‏5‏.‏1‏ ליטר,פרימור,IL,משקה קל פרימור מנגו 1.5ליטר בק.פקדון,ליטרים,1.50,ליטר,false,1,9.50,6.3333,true,1,46321
7290018925164,false,משקה קל תות בננה פרימור 1.5 ליטר,פרימור,IL,משקה קל פרימור תות בננה 1.5ליטר בק.פקדון,ליטרים,1.50,ליטר,false,1,9.50,6.3333,true,1,46315
7290018929377,false,כף אשפה מתקפלת,,IT,כף אשפה מתקפל,יחידה,1.00,יחידה,false,24,14.90,14.9000,true,1,48597
7290018949009,false,גרופר משקה קל מוגז אורגני תפוזזה 330 מ,מיקס קווידזון,IL,משקה קל גרופר תפוזזה אורגני 330מל,מיליליטרים,330.00,"100 מ""ל",false,12,8.90,2.6970,true,1,49204
7290018949016,false,"גרופר משקה קל מוגז אורגני תפוחחה 330 מ""",מיקס קווידזון,IL,משקה קל גרופר תפוחחה אורגני 330מל,מיליליטרים,330.00,"100 מ""ל",false,12,8.90,2.6970,true,1,49205
7290018949023,false,"גרופר משקה קל מוגז אורגני לימוננ 330 מ""ל",מיקס קווידזון,IL,משקה קל גרופר לימונדה אורגני 330מל,מיליליטרים,330.00,"100 מ""ל",false,12,8.90,2.6970,true,1,49203
7290018972106,false,תומר כרובית מצופה 500 גרם,,IL,כרובית קפואה מצופה 500 גר,גרמים,500.00,100 גרם,false,12,29.90,5.9800,true,1,49595
7290018972113,false,תומר ברוקולי מצופה 500 גרם,,IL,ברוקולי קפוא מצופה 500 גר,גרמים,500.00,100 גרם,false,12,29.90,5.9800,true,1,49596
7290018972120,false,תומר נאגטס ברוקולי 500 גרם,,,נאגטס ברוקולי קפוא מצופה 500 גר,גרמים,500.00,100 גרם,false,12,29.90,5.9800,true,1,49597
7290018972168,false,נאגטס כרובית 500 ג' תומר,,,נאגטס כרובית קפואה מצופה 500 גר,גרמים,500.00,100 גרם,false,12,29.90,5.9800,true,1,49598
7290018989081,false,יכין חומוס הבית להכנת חומוס טרי 410 גי,זנלכל,IL,חומוס יכין להכנת חומוס ביתי טרי 410 גרם,גרמים,410.00,100 גרם,false,12,7.90,1.9268,true,1,50872
7290018989128,false,סירופ בטעם ענבים יכין 1 ליטר,"זנלכל בע""\מ",IL,סירופ יכין בטעם ענבים 1 ליטר,ליטרים,1.00,ליטר,false,12,19.90,19.9000,true,1,50871
7290018989135,false,סירופ בטעם פטל יכין 1 ליטר,"זנלכל בע""\מ",IL,סירופ יכין בטעם פטל 1 ליטר,ליטרים,1.00,ליטר,false,12,19.90,19.9000,true,1,50870
7290019003038,false,דלעת חתוכה שדות בעמק,חקלאי,IL,דלעת חתוכה ארוזה שדות העמק,קילוגרמים,1.00,"ק""ג",true,,11.90,11.9000,true,1,41044
7290019015000,false,נר ריחני יוקרתי,,,נר ריחני יוקרתי,יחידה,1.00,יחידה,false,1,39.90,39.9000,true,1,47854
7290019015017,false,נר ריחני מראה,,,נר ריחני מראה,יחידה,1.00,יחידה,false,1,34.90,34.9000,true,1,47853
7290019015154,false,"מבשם אוויר בוהו 250 מ""ל",,,מבשם אווירה בוהו פרחים לבנים,יחידה,1.00,יחידה,false,1,29.90,29.9000,true,1,47851
7290019015185,false,"דפיוזר בוהו 200 מ""ל",,,מטהר דפיוזר בוהו,יחידה,1.00,יחידה,false,1,49.90,49.9000,true,1,47852
7290019015215,false,"דפיוזר ווד מוד 50 מ""ל",,,דפיוזר ווד מוד 50מל,יחידה,1.00,יחידה,false,1,39.90,39.9000,true,1,47844
7290019015642,false,"בקבוק טריטן 520 מ""ל",,,בקבוק טריטן 520מל,יחידה,1.00,יחידה,false,1,29.90,29.9000,true,1,48651
7290019015659,false,"בקבוק טריטן 700 מ""ל",,,בקבוק טריטן 700מל,יחידה,1.00,יחידה,false,1,34.90,34.9000,true,1,48650
7290019015697,false,רצועת רחצה עשויה סיבים מסולסלים,,,רצועת רחצה מסיבים מסולסלים,יחידה,1.00,יחידה,false,1,14.90,14.9000,true,1,50306
7290019015703,false,כפפת רחצה הידרופילית,,,כפפת רחצה הידרופילית 17/11/1.6סמ,יחידה,1.00,יחידה,false,1,19.90,19.9000,true,1,50309
7290019015710,false,מטלית רחצה הידרופילית,,,מטלית רחצה מסיבים מסולסלים/הידרופילית,יחידה,1.00,יחידה,false,1,19.90,19.9000,true,1,50307
7290019015741,false,מברשת רחצה דו צדדית,,,מברשת רחצה דו צדדית 38/10/10סמ,יחידה,1.00,יחידה,false,1,29.90,29.9000,true,1,50308
7290019015772,false,"בקבוק טריטן 750 מ""ל",,,בקבוק טריטן 750 מל,יחידה,1.00,יחידה,false,1,39.90,39.9000,true,1,48652
7290019015796,false,קערה קטנה 15/15 7סמ,,,קערה קטנה 15/15 7סמ,יחידה,1.00,יחידה,false,1,14.90,14.9000,true,1,48655
7290019015802,false,"קערה בינונית 19.6 ס""",,,קערה בינונית 19.61/6.9 9.5סמ,יחידה,1.00,יחידה,false,1,29.90,29.9000,true,1,48656
7290019015819,false,קערה גדולה 24/24 12ס,,,קערה גדולה 24/24 12סמ,יחידה,1.00,יחידה,false,1,39.90,39.9000,true,1,48678
7290019015826,false,צלחת מנה ראשונה 20 ס,,,צלחת ראשונה,יחידה,1.00,יחידה,false,1,12.90,12.9000,true,1,48679
7290019015833,false,צלחת עיקרית,,,צלחת עיקרית,יחידה,1.00,יחידה,false,1,15.90,15.9000,true,1,48680
7290019015840,false,כוס שתייה במבוק,,,כוס שתיה,יחידה,1.00,יחידה,false,1,11.90,11.9000,true,1,48681
7290019015857,false,זוג כפות,,,זוג כפות,יחידה,1.00,יחידה,false,1,12.90,12.9000,true,1,48682
7290019015864,false,כלי ששת במבמוק,,,כלי ששת,יחידה,1.00,יחידה,false,1,17.90,17.9000,true,1,48683
7290019056027,false,שוופס מוגז פירות תפוחים ללא סוכר 1.5 ליטר פיקדון,"יפאורה תבורי בע""\מ",IL,שוופס מוגז פירות תפוחים ל.סוכר1.5ל פקדון,ליטרים,1.50,ליטר,false,1,8.90,5.9333,true,1,46386
7290019056034,false,שוופס מוגז פירות אננס ללא סוכר 1.5 ליטר פיקדון,"יפאורה תבורי בע""מ",IL,שוופס מוגז פירות אננס ל.סוכר 1.5ל פקדון,ליטרים,1.50,ליטר,false,1,8.90,5.9333,true,1,46387
7290019056041,false,שוופס מוגז פירות לימונייד ללא סוכר 1.5 ליטר פיקדון,"יפאורה תבורי בע""מ",IL,שוופס מוגז פירות לימוני ל.סוכר1.5ל פקדון,ליטרים,1.50,ליטר,false,1,8.90,5.9333,true,1,46388
7290019056058,false,שוופס מוגז עדין תפוח ליים 1.5 ליטר פיקדון,"יפאורה תבורי בע""\מ",IL,משקה שוופס מוגז עדין תפוח ליים1.5ל פקדון,ליטרים,1.50,ליטר,false,1,8.90,5.9333,true,1,46368
7290019056065,false,שוופס מוגז עדין פירות יער 1.5 ליטר פיקדון,"יפאורה תבורי בע""\מ",IL,משקה שוופס מוגז עדין פ. יער 1.5ל פקדון,ליטרים,1.50,ליטר,false,1,8.90,5.9333,true,1,46369
7290019056072,false,שוופס מוגז עדין אננס 1.5 ליטר פיקדון,"יפאורה תבורי בע""מ",IL,משקה שוופס מוגז עדין אננס 1.5ל פקדון,ליטרים,1.50,ליטר,false,1,8.90,5.9333,true,1,46370
7290019056089,false,שוופס מוגז עדין ענבי ריזלינג 1.5 ליטר פיקדון,"יפאורה תבורי בע""\מ",IL,משקה שוופס מוגז עדין ע.ריזלינג1.5ל פקדון,ליטרים,1.50,ליטר,false,1,8.90,5.9333,true,1,46371
7290019056096,false,שוופס מוגז עדין אפרסק 1.5 ליטר פיקדון,"יפאורה תבורי בע""\מ",IL,משקה שוופס מוגז עדין אפרסק 1.5ל פקדון,ליטרים,1.50,ליטר,false,1,8.90,5.9333,true,1,46372
7290019056119,false,שוופס סודה 1.5 ליטר פיקדון,"יפאורה תבורי בע""\מ",IL,שוופס סודה 1.5 ליטר בק.פקדון,ליטרים,1.50,ליטר,false,1,4.50,3.0000,true,1,46410
7290019056126,false,שוופס סודה לימון 1.5 ליטר בק' בודד פיקדון,"יפאורה תבורי בע""\מ",IL,שוופס סודה לימון 1.5 ליטר בק.פקדון,ליטרים,1.50,ליטר,false,1,4.50,3.0000,true,1,46412
7290019056133,false,שוופס סודה נענע ליים 1.5 ליטר בק' בודד,"יפאורה תבורי בע""\מ",IL,שוופס סודה נענע ליים 1.5 ליטר בק.פקדון,ליטרים,1.50,ליטר,false,1,4.50,3.0000,true,1,46413
7290019056157,false,שוופס סודה פירות יער 1.5 ליטר בק' בודד פיקדון,יפאורה תבורי,IL,שוופס סודה פירות יער 1.5 ליטר בק.פקדון,ליטרים,1.50,ליטר,false,1,4.50,3.0000,true,1,46415
7290019056164,false,שוופס סודה 1.5 ליטר רביעייה פיקדון,"יפאורה תבורי בע""\מ",IL,מארז 4יח סודה שוופס 1.5ליטר בק.פקדון,ליטרים,6.00,ליטר,false,1,12.20,2.0333,true,1,46374
7290019056171,false,שוופס סודה לימון 1.5 ליטר רביעייה פיקדון,"יפאורה תבורי בע""\מ",IL,מארז 4יח סודה לימון שוופס 1.5ל בק.פקדון,ליטרים,6.00,ליטר,false,1,12.20,2.0333,true,1,46375
7290019056188,false,שוופס סודה נענע ליים 1.5 ליטר רביעייה פיקדון,"יפאורה תבורי בע""\מ",IL,מארז 4יח סודה נענע ליים 1.5ל בק.פקדון,ליטרים,6.00,ליטר,false,1,12.20,2.0333,true,1,46376
7290019056201,false,שוופס סודה פירות יער 1.5 ליטר רביעייה פיקדון,"יפאורה תבורי בע""\מ",IL,מארז 4יח סודה פירות יער שוופס 1.5ל פקדון,ליטרים,6.00,ליטר,false,1,12.20,2.0333,true,1,46378
7290019056232,false,משקה מוגז בטעם ליים מוחיטו 1.5 ל' שוופס,"יפאורה תבורי בע""\מ",IL,משקה שוופס מוגז עדין מוחיטו 1.5ל פקדון,ליטרים,1.50,ליטר,false,1,9.90,6.6000,true,1,46373
7290019056249,false,שוופס מים בטעמים ענבים 1.5 ליטר פיקדון,"יפאורה תבורי בע""מ",IL,שוופס מים בטעם ענבים 1.5ליטר בק.פקדון,ליטרים,1.50,ליטר,false,1,7.90,5.2667,true,1,46350
7290019056256,false,שוופס מים בטעמים תפוחים 1.5 ליטר פיקדון,"יפאורה תבורי בע""מ",IL,שוופס מים בטעם תפוחים 1.5ליטר בק.פקדון,ליטרים,1.50,ליטר,false,1,7.90,5.2667,true,1,46351
7290019056263,false,שוופס מים בטעמים אפרסק 1.5 ליטר פיקדון,"יפאורה תבורי בע""מ",IL,שוופס מים בטעם אפרסק 1.5ליטר בק.פקדון,ליטרים,1.50,ליטר,false,1,7.90,5.2667,true,1,46352
7290019056270,false,שוופס מים בטעמים פירות יער 1.5 ליטר פיקדון,"יפאורה תבורי בע""\מ",IL,שוופס מים בטעם פ.יער 1.5ליטר בק.פקדון,ליטרים,1.50,ליטר,false,1,7.90,5.2667,true,1,46353
7290019056287,false,שוופס מים בטעמים אפרסק ללא סוכר 1.5 ליטר פיקדון,יפאורה שותפות מובגלת לשי,IL,שוופס מים בטעם אפרסק ללא סוכר 1.5ל פקדון,ליטרים,1.50,ליטר,false,1,7.90,5.2667,true,1,46354
7290019056294,false,שוופס ג'ינג'ר אייל 1.5 ליטר פיקדון,"יפאורה תבורי בע""\מ",IL,משקה שוופס גינגר איל 1.5 ליטר בק.פקדון,ליטרים,1.50,ליטר,false,1,12.90,8.6000,true,1,46360
7290019056300,false,משקה בטעם ביטר לימון 1.5 ל' שוויפס,"יפאורה תבורי בע""\מ",IL,משקה שוופס ביטר למון 1.5ליטר בק.פקדון,ליטרים,1.50,ליטר,false,1,12.90,8.6000,true,1,46361
7290019056317,false,שוופס ראשן 1.5 ליטר פיקדון,"יפאורה תבורי בע""\מ",IL,משקה שוופס ראשן 1.5 ליטר בק.פקדון,ליטרים,1.50,ליטר,false,1,12.90,8.6000,true,1,46362
7290019056324,false,שוופס טוניק 1.5 ליטר פיקדון,"יפאורה תבורי בע""\מ",IL,משקה שוופס טוניק 1.5 ליטר בק.פקדון,ליטרים,1.50,ליטר,false,1,12.90,8.6000,true,1,46363
7290019056331,false,שוופס טוניק ללא סוכר 1.5 ליטר פיקדון,"יפאורה תבורי בע""מ",IL,משקה שוופס טוניק ללא סוכר 1.5ל בק.פקדון,ליטרים,1.50,ליטר,false,1,11.90,7.9333,true,1,46364
7290019056355,false,תפוזינה לימונדה MIX לימונענע 1.5 ליטר,"יפאורה תבורי בע""\מ",IL,משקה קל תפוזינה לימונענע 1.5ל בק.פקדון,ליטרים,1.50,ליטר,false,1,8.90,5.9333,true,1,46333
7290019056362,false,תפוזינה ענבים 1.5 ליטר פיקדון,"יפאורה תבורי בע""\מ",IL,משקה קל תפוזינה ענבים 1.5ליטר בק.פקדון,ליטרים,1.50,ליטר,false,1,8.90,5.9333,true,1,46335
7290019056379,false,תפוזינה תפוזים 1.5 ליטר פיקדון,"יפאורה תבורי בע""\מ",IL,משקה קל תפוזינה תפוזים 1.5ליטר בק.פקדון,ליטרים,1.50,ליטר,false,1,8.90,5.9333,true,1,46336
7290019056386,false,פתוזינה אשכולית 1.5 ליטר פיקדון,"יפאורה תבורי בע""\מ",IL,משקה קל תפוזינה אשכוליות1.5ליטר בק.פקדון,ליטרים,1.50,ליטר,false,1,8.90,5.9333,true,1,46337
7290019056393,false,תפוזינה תות בננה 1.5 ליטר פיקדון,"יפאורה תבורי בע""\מ",IL,משקה קל תפוזינה תות בננה1.5ליטר בק.פקדון,ליטרים,1.50,ליטר,false,1,8.90,5.9333,true,1,46338
7290019056409,false,תפוזינה מנגו 1.5 ליטר פיקדון,"יפאורה תבורי בע""\מ",IL,משקה קל תפוזינה מנגו 1.5ליטר בק.פקדון,ליטרים,1.50,ליטר,false,1,8.90,5.9333,true,1,46339
7290019056423,false,מיץ בטעם תפוח רענן 1.5ל' תפוזינה,"יפאורה תבורי בע""\מ",IL,משקה קל תפוזינה תפוחים 1.5ליטר בק. פקדון,ליטרים,1.50,ליטר,false,1,8.90,5.9333,true,1,46341
7290019056430,false,תפוזינה תפוזים לייט 1.5 ליטר פיקדון,"יפאורה תבורי בע""\מ",IL,משקה קל תפוזינה תפוזים דיאט 1.5ל פקדון,ליטרים,1.50,ליטר,false,1,8.50,5.6667,true,1,46342
7290019056447,false,תפוזינה אשכוליות לייט 1.5 ליטר פיקדון,"יפאורה תבורי בע""\מ",IL,משקה תפוזינה אשכולית דיאט 1.5ל פקדון,ליטרים,1.50,ליטר,false,1,8.50,5.6667,true,1,46343
7290019056478,false,ספרינג טי קר אפרסק 1.5ליטר פיקדון,"יפאורה תבורי בע""\מ",IL,משקה ספרינג תה אפרסק 1.5ליטר בק.פקדון,ליטרים,1.50,ליטר,false,1,7.90,5.2667,true,1,46346
7290019056485,false,ספריג תה ירוק לימון לואיזה 1.5 ליטר פיקדון,"יפאורה תבורי בע""\מ",IL,משקה ספרינג תה ירוק 1.5ליטר בק.פקדון,ליטרים,1.50,ליטר,false,1,7.90,5.2667,true,1,46347
7290019056492,false,ספרינג תה מנגו אפרסק 1.5 ליטר פיקדון,"יפאורה תבורי בע""\מ",IL,משקה ספרינג תה מנגו אפרסק 1.5ל בק.פקדון,ליטרים,1.50,ליטר,false,1,7.90,5.2667,true,1,46348
7290019056508,false,פרוט ווטר ענבים 1.5 ליטר פיקדון,"יפאורה תבורי בע""\מ",IL,פרוט וואטר טעם ענבים 1.5ליטר בק.פקדון,ליטרים,1.50,ליטר,false,1,8.90,5.9333,true,1,46355
7290019056515,false,פרוט ווטר אננס 1.5 ליטר פיקדון,"יפאורה תבורי בע""\מ",IL,פרוט וואטר טעם אננס 1.5ליטר בק.פקדון,ליטרים,1.50,ליטר,false,1,8.90,5.9333,true,1,46356
7290019056522,false,פרוט ווטר תות 1.5 ליטר פיקדון,"יפאורה תבורי בע""\מ",IL,פרוט וואטר טעם תות 1.5ליטר בק.פקדון,ליטרים,1.50,ליטר,false,1,8.90,5.9333,true,1,46357
7290019056539,false,פרוט ווטר אפרסק 1.5 ליטר פיקדון,"יפאורה תבורי בע""\מ",IL,פרוט וואטר טעם אפרסק 1.5ליטר בק.פקדון,ליטרים,1.50,ליטר,false,1,8.90,5.9333,true,1,46358
7290019056546,false,פרוט ווטר אבטיח 1.5 ליטר פיקדון,"יפאורה תבורי בע""\מ",IL,פרוט וואטר טעם אבטיח 1.5ליטר בק.פקדון,ליטרים,1.50,ליטר,false,1,8.90,5.9333,true,1,46359
7290019056553,false,שישיית מים מינרלים עין גדי 2 ליטר,עין גדי מים מינרליים,IL,שישיית מים עין גדי 2 ליטר בק.פקדון,ליטרים,12.00,ליטר,false,1,13.80,1.1500,true,1,46173
7290019056577,false,משקה קל מנגו ספרינג 1.5 ליטר,"יפאורה תבורי בע""\מ",IL,משקה קל ספרינג מנגו 1.5 ליטר בק.פקדון,ליטרים,1.50,ליטר,false,1,8.90,5.9333,true,1,46322
7290019056584,false,משקה קל תפוזים ספרינג 1.5 ליטר,"יפאורה תבורי בע""\מ",IL,משקה קל ספרינג תפוזים 1.5 ליטר בק.פקדון,ליטרים,1.50,ליטר,false,1,8.90,5.9333,true,1,46323
7290019056591,false,משקה קל ענבים ספרינג 1.5 ליטר,"יפאורה תבורי בע""\מ",IL,משקה קל ספרינג ענבים 1.5 ליטר בק.פקדון,ליטרים,1.50,ליטר,false,1,8.90,5.9333,true,1,46324
7290019056607,false,משקה קל תפוחים ספרינג 1.5 ליטר,"יפאורה תבורי בע""\מ",IL,משקה קל ספרינג תפוחים 1.5 ליטר בק.פקדון,ליטרים,1.50,ליטר,false,1,8.90,5.9333,true,1,46325
7290019056614,false,משקה קל אפרסק ספרינג 1.5 ליטר,"יפאורה תבורי בע""\מ",IL,משקה קל ספרינג אפרסק 1.5 ליטר בק.פקדון,ליטרים,1.50,ליטר,false,1,8.90,5.9333,true,1,46326
7290019056621,false,משקה קל פירות טרופיים ספרינג 1.5 ליטר,"יפאורה תבורי בע""\מ",IL,משקה קל ספרינג פירות טרופי 1.5ל בק.פקדון,ליטרים,1.50,ליטר,false,1,8.90,5.9333,true,1,46327
7290019056638,false,משקה קל תות בננה ספרינג 1.5 ליטר,"יפאורה תבורי בע""\מ",IL,משקה קל ספרינג תות בננה 1.5ליטר בק.פקדון,ליטרים,1.50,ליטר,false,1,8.90,5.9333,true,1,46328
7290019056645,false,משקה קל אגס תפוח סברס ספרינג 1.5 ליטר,"יפאורה תבורי בע""\מ",IL,משקה קל ספרינג אגס תפוח סברס 1.5ל פקדון,ליטרים,1.50,ליטר,false,1,8.90,5.9333,true,1,46329
7290019056652,false,משקה קל אננס בננה ספרינג 1.5 ליטר,"יפאורה תבורי בע""\מ",IL,משקה קל ספרינג אננס בננה 1.5ליטר פקדון,ליטרים,1.50,ליטר,false,1,8.90,5.9333,true,1,46330
7290019056669,false,משקה קל תפוחים דיאט ספרינג 1.5 ליטר,"יפאורה תבורי בע""\מ",IL,משקה קל ספרינג תפוחים דיאט 1.5ליטר פקדון,ליטרים,1.50,ליטר,false,1,8.50,5.6667,true,1,46331
7290019056676,false,משקה קל אשכולית אננס דיאט ספרינג 1.5 ליטר,"יפאורה תבורי בע""\מ",IL,משקה קל ספרינג ד.אשכולית אננס 1.5ל פקדון,ליטרים,1.50,ליטר,false,1,8.50,5.6667,true,1,46332
7290019056850,false,ספרינג תה אפרסק דיאט 1.5 ליטר פיקדון,"יפאורה תבורי בע""\מ",IL,משקה ספרינג תה אפרסק דיאט 1.5ל בק.פקדון,ליטרים,1.50,ליטר,false,1,7.90,5.2667,true,1,46349
7290019056881,false,מי סודה שוויפס 1.5ל',"יפאורה תבורי בע""מ",IL,שוופס סודה 1.5 ליטר בק.פקדון,ליטרים,1.50,ליטר,false,1,4.50,3.0000,true,1,48788
7290019056966,false,מי עדן בקבוק פיקדון 1.5 ליטר,"מי עדן בע""מ",IL,מי עדן 1.5 ליטר בודד לא קר בק.פקדון,ליטרים,1.50,ליטר,false,1,4.20,2.8000,true,1,47096
7290019056973,false,שישיית מי עדן 1.5 ליטר משפחתי,"מופק ממקור בזלתי עדן ,1",IL,מארז 6יח מי עדן 1.5ליטר בק. פקדון,ליטרים,9.00,ליטר,false,1,14.70,1.6333,true,1,46389
7290019058007,false,תרד ניוזילנדי,,,תרד ניוזילנדי,Unknown,0.00,Unknown,false,1,11.90,0.0000,true,1,45797
7290019070214,false,רוטב צאטני תמר הינדי,,IN,רוטב צאטני תמר הינדי 450 גרם,גרמים,450.00,100 גרם,false,10,16.90,3.7556,true,1,49044
7290019074090,false,"ד""ר פישר - קמיל בלו אקסטרה סופט אל סבון לתינוק 500 מ""ל",פישר מעבדות פרמצבטיות בע,IL,אל סבון קמיל בלו אקסטרה סופט 500מל,מיליליטרים,500.00,"100 מ""ל",false,12,22.90,4.5800,true,1,50338
7290019074298,false,"ד""ר פישר - קמיל בלו אקסטרה סופט שמפו לתינוק 500 מ""ל",פישר מעבדות פרמצבטיות בע,IL,שמפו קמיל בלו אקסטרה סופט 500מל,מיליליטרים,500.00,"100 מ""ל",false,12,22.90,4.5800,true,1,50339
7290019075103,false,קמיל בלו אקסטרה סופט שמפו לתינוק 1 ליטר,פישר מעבדות פרמצבטיות בע,IL,שמפו קמיל בלו אקסטרה סופט 1 ליטר,ליטרים,1.00,ליטר,false,16,32.90,32.9000,true,1,50340
7290019077206,false,רוטב רימונים ודבש לל,משק דבורים לין,IL,רוטב רימונים ודבש ללא סוכר משק לין 350 ג,גרמים,350.00,100 גרם,false,6,26.90,7.6857,true,1,45633
7290019078494,false,"מארז מרציפן ללת""ס 6*30 גרם","אלמונדס בע""מ",IL,מארז חטיף מרציפן נטו ל.ס 30גרם 6 יח,גרמים,180.00,100 גרם,false,6,29.90,16.6111,true,1,50527
7290019078500,false,"מארז מרציפן שוקולד ללת""ס 6*30 גרם","אלמונדס בע""מ",IL,מארז חטיף מרציפן מצופה ל.ס 30גרם 6 יח,גרמים,180.00,100 גרם,false,6,29.90,16.6111,true,1,50529
7290019078562,false,שוקולד תבור 60% קקאו,שקד תבור,IL,שוקולד תבור 60% קקאו ללא תוספת סוכר100ג,גרמים,100.00,100 גרם,false,1,15.90,15.9000,true,1,51696
7290019078722,false,מארז חטיפי מרציפן במילוי פיסתוק 6*30 גרם אלמנדוס,"אלמונדס בע""מ",IL,מארז חטיף מרציפן מילוי פיסטוק 30גרם 6 יח,גרמים,180.00,100 גרם,false,6,24.90,13.8333,true,1,50091
7290019078784,false,אבקת קקאו אורגנית 400 גרם,"אלמונדס בע""מ",PE,אבקת קקאו אורגני 400 גר שקד תבור,גרמים,400.00,100 גרם,false,10,29.90,7.4750,true,1,50089
7290019078791,false,דובדבני אמרנה אלמנדו,"אלמונדס בע""מ",IL,דובדבני אמרנה אלמנדוס 425 גרם,גרמים,425.00,100 גרם,false,12,36.90,8.6824,true,1,49671
7290019078999,false,מארז מרציפן תפוז שוקולד 6*30 גרם אלמנדוס,"אלמונדס בע""מ",IL,מארז חטיף מרציפן מילוי תפוז 30גרם 6 יח,גרמים,180.00,100 גרם,false,6,24.90,13.8333,true,1,50090
7290019108009,false,פומאז מעדן שקדים ושוקולד 120 גרם,,IL,מעדן טבעוני פומאז שקד שוקולד 120גר,גרמים,120.00,100 גרם,false,8,10.90,9.0833,true,1,47518
7290019108023,false,FOMOUSSEמעדן שקדים שוקולד וקרם שקדים 120גרם - פומאז',,IL,מעדן טבעוני פו מוס 120 גרם,גרמים,120.00,100 גרם,false,8,10.90,9.0833,true,1,46531
7290019108207,false,פומאז- מעדן שוקולד לבן ושקדים 120 גרם,,IL,מעדן טבעוני פומאז שוקולד לבן ושקדים 120ג,גרמים,120.00,100 גרם,false,8,10.90,9.0833,true,1,50937
7290019108429,false,פומאז יוגורט טבעוני שקדים 120 גרם,,IL,מעדן טבעוני פומאז יוגורט שקדים 120גר,גרמים,120.00,100 גרם,false,8,10.90,9.0833,true,1,47516
7290019108610,false,"מעדן דובדבני אמרנה ושוקולד 120 גרם ""פומאז""",,IL,מעדן טבעוני פומאז שוקולד דובדני אמרנה120,גרמים,120.00,100 גרם,false,8,10.90,9.0833,true,1,47517
7290019108801,false,פומאז- מעדן תות שקדים 120 גרם,,IL,מעדן טבעוני פומאז מעדן תות 120גר,גרמים,120.00,100 גרם,false,8,10.90,9.0833,true,1,47258
7290019137016,false,תה ירוק למון גראס וגינגר אורגני 37.5 גרם,,LK,תה ירוק אורגני לימון גראס גינגר 25 שק,יחידה,25.00,יחידה,false,12,12.90,0.5160,true,1,48498
7290019153078,false,"שוופס ביטר למון לייט, 1.5 ליטר פקדון","יפאורה תבורי בע""\מ",IL,משקה שוופס ביטר למון לייט 1.5ל בק.פקדון,ליטרים,1.50,ליטר,false,1,11.90,7.9333,true,1,46976
7290019153085,false,שוופס מוגז ליים מוחיטו ללא סוכר 1.5 ליטר-,"יפאורה תבורי בע""\מ",IL,משקה שוופס מוחיטו ללא סוכר 1.5ליטר,ליטרים,1.50,ליטר,false,1,8.90,5.9333,true,1,47261
7290019153221,false,שוופס סודה בטעם אננס 0.5 ליטר,יפאורה תבורי,IL,סודה שוופס 500מל טעם אננס,מיליליטרים,500.00,"100 מ""ל",false,1,4.90,0.9800,true,1,48513
7290019153252,false,שוופס סודה תפוח 1.5 ליטר רביעייה פיקדון,"יפאורה תבורי בע""\מ",IL,מארז 4יח סודה שוופס תפוח 1.5ל בק.פקדון,ליטרים,6.00,ליטר,false,1,12.20,2.0333,true,1,48509
7290019153269,false,שוופס סודה אננס 1.5 ליטר רביעייה פיקדון,"יפאורה תבורי בע""\מ",IL,מארז 4יח סודה שוופס אננס 1.5ל בק.פקדון,ליטרים,6.00,ליטר,false,1,12.20,2.0333,true,1,48508
7290019153306,false,סודה שוויפס בטעם תפוח 1.5ל,"יפאורה תבורי בע""מ",IL,שוופס סודה טעם תפוח 1.5 ליטר,ליטרים,1.50,ליטר,false,1,4.20,2.8000,true,1,49192
7290019153313,false,"משקהתפוח חמוציות אוכמניות 350 מ""ל פרות & ווג",יפאורה תבורי בעמ,IL,משקה תפוח חמוציות אוכמניות 350מל,מיליליטרים,350.00,"100 מ""ל",false,1,7.90,2.2571,true,1,48757
7290019153344,false,מיץ בטעם סנגרייה 1.5 ל' תפוזינה,"יפאורה תבורי בע""\מ",IL,משקה קל תפוזינה סנגרייה 1.5ליטר בק.פקדון,ליטרים,1.50,ליטר,false,1,8.90,5.9333,true,1,48758
7290019153351,false,מיץ בטעם פינק אוזו 1.5 ל' תפוזינה,"יפאורה תבורי בע""\מ",IL,משקה קל תפוזינה פינק אוזו 1.5ל בק.פקדון,ליטרים,1.50,ליטר,false,1,8.90,5.9333,true,1,48759
7290019153375,false,מיץ בטעם מוחיטו 1.5 ל' תפוזינה,"יפאורה תבורי בע""\מ",IL,משקה קל תפוזינה מוחיטו 1.5ל בק.פקדון,ליטרים,1.50,ליטר,false,1,8.90,5.9333,true,1,48760
7290019153535,false,"רביעיית שוופס מוגז פירות למונייד ללא סוכר 330 מ""ל פחיות",יפאורה תבורי,IL,מארז 4יח שוופס מוגז פירות למונייד ל.סוכר,מיליליטרים,1320.00,"100 מ""ל",false,1,12.90,0.9773,true,1,49667
7290019153566,false,משקה קל רימון אוכמניות דובדבן ספרינג 1.5 ליטר,יפאורה תבורי,IL,משקה קל ספרינג רימון אוכמניות 1.5ל פקדון,ליטרים,1.50,ליטר,false,1,8.90,5.9333,true,1,50041
7290019167020,false,עוגת גבינה עם פירות יער לייט עדן קינוחים 82 גרם,עדן קינוחים Eden,IL,קינוח עוגת גבינה עם פירות יער לייט 82גר,Unknown,0.00,Unknown,false,12,6.90,0.0000,true,1,50765
7290019167037,false,תותים בקצפת עדן קינוחים 82 גרם,עדן קינוחים Eden,IL,קינוח תותים בקצפת 82גר עדן קינוחים,Unknown,0.00,Unknown,false,12,6.90,0.0000,true,1,50763
7290019167044,false,קצפת עם קרם בייגלה מתוק מלוח עדן קינוחים 82 גרם,עדן קינוחים Eden,IL,קינוח קצפת קרם בייגלה מתוק מלוח 82גר,Unknown,0.00,Unknown,false,12,6.90,0.0000,true,1,50764
7290019204008,false,עוף טוב פסטרמה ארבעה פלפלים 350 גרם,עיצובים 2020 (4.9),IL,פסטרמה ארבעה פלפלים 350גר עוף טוב,גרמים,350.00,100 גרם,false,8,24.90,7.1143,true,1,49424
7290019204107,false,עוף טוב פסטרמה בטעם אווז 320 גרם,עיצובים 2020 (4.9),IL,פסטרמה בטעם אווז 320גר עוף טוב,גרמים,320.00,100 גרם,false,8,24.90,7.7812,true,1,49425
7290019204206,false,עוף טוב פסטרמה בסגנון רומני 320 גרם,עיצובים 2020 (4.9),IL,פסטרמה בסגנון רומני 320גר עוף טוב,גרמים,320.00,100 גרם,false,8,24.90,7.7812,true,1,49426
7290019204305,false,חזה הודו פסטרמה ברביקיו 350 גר',עיצובים 2020 (4.9),IL,פסטרמה ברביקיו 350גר עוף טוב,גרמים,350.00,100 גרם,false,8,24.90,7.1143,true,1,49423
7290019226123,false,קניידלך כופתאות מצה,,,קניידלך קפוא 400 גרם תומר,גרמים,400.00,100 גרם,false,12,17.90,4.4750,true,1,47747
7290019232094,false,חליטת פירות וצמחים אפרסק הגן הקסום ויסוצקי 25 יחידות,תה ויסוצקי,IL,תה גן הקסום אפרסק 2.5 גר 25 שקיקים,יחידה,25.00,יחידה,false,1,18.50,0.7400,true,1,48232
7290019232377,false,חווית הצ'איתה שחור בטעם וניל והל 25 יח' ויסוצקי,תה ויסוצקי,IL,תה צאי וניל הל 25 שקיקים 2 גרם,יחידה,25.00,יחידה,false,8,17.90,0.7160,true,1,51119
7290019232384,false,חווית הצ'אי תה שחור בטעם מוקה 25*50 ג' ויסוצקי,תה ויסוצקי,IL,תה צאי מוקה 25 שקיקים 2 גרם,יחידה,25.00,יחידה,false,8,17.90,0.7160,true,1,51120
7290019232834,false,פליפז בייגלה מצופה קרם עוגיות ושוקולד מקוויטיס 140 גרם,אולקר מקבוצת פלאדיס,TR,בייגלה פליפז קרם עוגיות 140 גרם,גרמים,140.00,100 גרם,false,1,8.90,6.3571,true,1,48233
7290019233008,false,רוטב עגבניות עם קוביות ארטישוק ושמן זית 420ג ויסוצקי,דליציה דורה אס.אר.אל,IT,רוטב זיתא לשקשוקה קוביות ארטישוק 420 גרם,גרמים,420.00,100 גרם,false,6,13.90,3.3095,true,1,48608
7290019233015,false,רוטב שקשוקה תבשיל ירקות עם שמן זית כתית מעולה 420ג זיתא,זיתא,IT,רוטב זיתא לשקשוקה ירוקה 420 גרם,גרמים,420.00,100 גרם,false,6,13.90,3.3095,true,1,48606
7290019233022,false,שקשוקה חצילים רוטב עגבניות עם קוביות חצילים צלויים,דליציה דורה אס.אר.אל,IT,רוטב זיתא לשקשוקה קוביות חצילים 420 גרם,גרמים,420.00,100 גרם,false,6,13.90,3.3095,true,1,48607
7290019233039,false,שקשוקה קלאסית- רוטב עגבניות עם קוביות פלפלים צלויים,דליציה דורה אס.אר.אל,IT,רוטב זיתא לשקשוקה קוביות פלפל 420 גרם,גרמים,420.00,100 גרם,false,6,13.90,3.3095,true,1,48609
7290019233046,false,זית קלמטה בלונד מרינד עם שמן זית 215 גרם,זיתא - י.ט.ב תעשיות,IL,זית זיתא קלמטה בלונד 215 גרם בגביע,גרמים,215.00,100 גרם,false,1,14.90,6.9302,true,1,46851
7290019297161,false,טורטיה ראפ מקמח תירס שקדיה 450 גרם,דין שיווק,TR,טורטיה טורטילס קמח תירס 12 יח 450 גר,גרמים,450.00,100 גרם,false,1,10.90,2.4222,true,1,28701
7290019297239,false,צימוק חום 250 גרם ששון הקולה,"דין שיווק וקלייה בע""",,צימוק חום 250 גר בקופסא,גרמים,250.00,100 גרם,false,1,13.90,5.5600,true,1,12269
7290019297246,false,שזיפים מיובשים 250 גרם ששון הקולה,"דין שיווק וקלייה בע""",,שזיף מיובש 250 גר בקופסא,גרמים,250.00,100 גרם,false,1,21.90,8.7600,true,1,12270
7290019297451,false,מי ורדים שקדיה 500 מ,אף.סי תבליני בגליל ב,BE,מי ורדים 500 מל,מיליליטרים,500.00,"100 מ""ל",false,1,16.00,3.2000,true,1,12642
7290019297505,false,"רוטב רימונים שקדיה 700 מ""ל",קארל קיוחנה,TR,רוטב רימונים שקדיה 1 ל,מיליליטרים,700.00,"100 מ""ל",false,1,19.90,2.8429,true,1,26478
7290019297512,false,"רוטב רימונים שקדיה 340 מ""ל בדץ",סיטוגלוגידה,TR,רוטב רימונים שקדיה 350 מל,גרמים,340.00,100 גרם,false,1,9.90,2.9118,true,1,12298
7290019297536,false,חמאת בוטנים עם שברי בוטנים שקדיה 510 גרם,דין שיווק,IN,חמאת בוטנים שברי בוטנים 510 גר,גרמים,510.00,100 גרם,false,1,10.90,2.1373,true,1,12565
7290019297543,false,חמאת בוטנים שקדיה 510 גרם,דין שיווק,IN,חמאת בוטנים חלקה 510 גר,גרמים,510.00,100 גרם,false,1,10.90,2.1373,true,1,12566
7290019297550,false,בוטנים מטוגנים בקופסא 185 גרם,קריניציה ויטמינה אס,IL,בוטנים מטוגנים 185 גר בקופסא,גרמים,185.00,100 גרם,false,1,10.00,5.4054,true,1,12567
7290019297628,false,שקד טבעי בשקית ששון הקולה 150 גרם,"דין שיווק וקלייה בע""",IL,שקד טבעי ששון הקולה 150 גר,גרמים,150.00,100 גרם,false,1,14.90,9.9333,true,1,12285
7290019297635,false,שקדים קלויים ששון הקולה 150 גרם,"דין שיווק וקלייה בע""",IL,שקד קלוי ששון הקולה 150 גר,גרמים,150.00,100 גרם,false,1,14.90,9.9333,true,1,12284
7290019302315,false,"ייו buzz אבטיח מלון 750 מ""ל",יקבי כרמל,IL,יין באז אבטיח מלון 750 מל,מיליליטרים,750.00,"100 מ""ל",false,1,35.00,4.6667,true,1,48806
7290019304104,false,יין שאושינג 640 מל ס,Qingdao Sun-growing,CN,יין שאושינג 640 מל סאן,מיליליטרים,640.00,"100 מ""ל",false,12,34.90,5.4531,true,1,50464
7290019376002,false,רוטב שום לימון מיוחד,,,רוטב שום לימון קפוא 500גר ארז,גרמים,500.00,100 גרם,false,1,18.90,3.7800,true,1,50587
7290022005555,false,תבלין פילדלפיה מימון 120 גרם,א.ל ייצור ושיווק תבל,,תערובת פילדלפיה מיכל 120 גר,גרמים,120.00,100 גרם,false,1,11.90,9.9167,true,1,30109
7290026220176,false,דבש פרחי השדה 1 קג ק,קיבוץ ארז,,דבש פרחי השדה 1 קג קיבוץ ארז,קילוגרמים,1.00,"ק""ג",false,1,49.90,49.9000,true,1,10367
7290026220206,false,דבש פרחי הדרים 1 קג,קיבוץ ארז,IL,דבש פרחי הדרים 1 קג קיבוץ ארז,קילוגרמים,1.00,"ק""ג",false,15,49.90,49.9000,true,1,35177
7290026220251,false,דבש פרחי השדה 500 גר,קיבוץ ארז,,דבש פרחי השדה 500 גר קיבוץ ארז,גרמים,500.00,100 גרם,false,1,27.90,5.5800,true,1,10366
7290055090801,false,כרמית שוקולד לבן ללא תוספת סוכר 85 גרם,"כרמית תעשיות ממתקים בע""\",IL,שוקולד לבן ללא סוכר כרמית 85 גר,גרמים,40000.00,100 גרם,false,1,6.90,0.0173,true,1,12996
7290100235324,false,בונז'ור עוגת בריוש גבינה 500ג',בונז'ור,IL,עוגת בריוש גבינה 550 גר,גרמים,550.00,100 גרם,false,1,30.00,5.4545,true,1,6646
7290100235553,false,בונז'ור עוגת בריוש תפוח עם אגוזים 550 ג',בונז'ור,IL,עוגת בריוש תפוחים ואגוזים 550 גר,גרמים,550.00,100 גרם,false,1,30.00,5.4545,true,1,6893
7290100240137,false,"תרסיס ריחני למייבש כחול בדין 500 מ""ל","זוהר דליה, קיבוץ דליה, 1",IL,תרסיס למייבש בדין כחול 500 מל,מיליליטרים,500.00,"100 מ""ל",false,1,18.90,3.7800,true,1,5636
7290100240144,false,"תרסיס ריחני למייבש ורוד בדין 500 מ""ל","זוהר דליה, קיבוץ דליה, 1",IL,תרסיס למייבש בדין ורוד 500 מל,מיליליטרים,500.00,"100 מ""ל",false,1,18.90,3.7800,true,1,5635
7290100240632,false,קרקר פתית 200-300ג' 6 דגנים 250 גרם,יוניליוור ישראל מזון בע\,IL,פתית 6 דגנים 250 גר,גרמים,250.00,100 גרם,false,1,16.90,6.7600,true,1,5664
7290100240656,false,"פתית שיפון בד""צ חדש 300X24 גר'",יוניליוור ישראל מזון בע\,IL,פתית שיפון 300 גר,גרמים,300.00,100 גרם,false,1,16.90,5.6333,true,1,5665
7290100243084,false,מיונז אמיתי הלמנס 789גרם,"יונילוור ארה""ב",IL,מיונז הלמנס אמיתי 789 גר,גרמים,789.00,100 גרם,false,1,21.90,2.7757,true,1,6302
7290100243671,false,"מרכך כביסה מרוכז אקסטרה כחול בדין 960 מ""ל",יוניליוור סנאיי וי טיקאר,TR,מרכך כביסה בדין אקסטרא כחול 960 מל,מיליליטרים,960.00,"100 מ""ל",false,1,16.90,1.7604,true,1,6458
7290100245231,false,נמס בכוס מרק בטעם עוף עם אטריות ושקדי מרק-2 שקיות,יוניליוור ישראל מזון בע\,IL,זוג מרק נמס בכוס ט.עוף שקדי מרק38ג,Unknown,0.00,Unknown,false,1,6.90,0.0000,true,1,7014
7290100249598,false,"רוטב לעוף שום ודבש קנור 320 גרם בד""צ",יוניליוור ישראל מזון בע\,IL,רוטב קנור לבישול שום ודבש 320 גר בדץ,גרמים,320.00,100 גרם,false,1,12.90,4.0313,true,1,7923
7290100249659,false,"רוטב לעוף צ'ילי מתוק ושום קנור 320 גרם בד""צ",יוניליוור ישראל מזון בע\,IL,רוטב קנור לבישול עוף צילי יין 310מל בדץ,מיליליטרים,310.00,"100 מ""ל",false,1,12.90,4.1613,true,1,7921
7290100341803,false,חטיף לכלבים בונזו עו,ביופט,IL,בונזו חטיף רצועות עוף דנטליים,Unknown,0.00,Unknown,false,1,5.00,0.0000,true,1,13591
7290100412343,false,קוויק מטליות לחות 99.9% לניקוי כללי בריח לימון 50 יחידות,די.פי.אל,IL,מגבונים לניקוי כללי קוויק לימון 50יח,יחידה,50.00,יחידה,false,1,8.90,0.1780,true,1,16558
7290100412435,false,קוויק מטליות לחות 99.9% לניקוי כללי בריח פרחי בר 50 יחידות,די.פי.אל,IL,מגבונים לניקוי כללי קוויק פרחי בר 50יח,יחידה,50.00,יחידה,false,1,8.90,0.1780,true,1,16559
7290100412442,false,קוויק מטליות לחות 99.9% לניקוי שירותים ומקלחות בריח מנטה 50 יחידות,די.פי.אל,IL,מגבונים לניקוי שירותים/אמבטיה קוויק 50יח,יחידה,50.00,יחידה,false,1,8.90,0.1780,true,1,16560
7290100412459,false,קוויק מטליות לחות 99.9% לניקוי שירותים ומקלחות בריח לוונדר 50 יחידות,די.פי.אל,IL,מגבונים לניקוי שירותים/אמבטיה קוויק 50יח,יחידה,50.00,יחידה,false,1,8.90,0.1780,true,1,16561
7290100412466,false,מגבונים קוויק לניקוי וחיטוי רצפות בניחוח לימון 10 יח',די.פי.אל,IL,מגבוני קוויק לניקוי רצפות ניחוח לימון 10,יחידה,10.00,יחידה,false,12,9.90,0.9900,true,1,35690
7290100412701,false,"תחליב גוף קלאסיק מאסק דר עור 400 מ""ל","אמיליה קוסמטיקס בע""מ",IL,קרם גוף דוקטור עור מאסק 400מל,מיליליטרים,400.00,"100 מ""ל",false,1,17.90,4.4750,true,1,22029
7290100412718,false,"תרחיץ פנים קלאסק מאסק דר עור 150 מ""ל","אמיליה קוסמטיקס בע""מ",IL,תרחיץ פנים דוקטור עור מאסק 150 מל,מיליליטרים,150.00,"100 מ""ל",false,1,17.90,11.9333,true,1,22032
7290100412732,false,"תחליב גוף לעור יבש וילד פלאויר דר עור 400 מ""ל","אמיליה קוסמטיקס בע""מ",IL,קרם גוף דוקטור עור פרחי אביב 400מל,מיליליטרים,400.00,"100 מ""ל",false,1,17.90,4.4750,true,1,22031
7290100412756,false,דר עור קרם ידיים לעור יבש פרחי בר 100 מל,"אמיליה קוסמטיקס בע""מ",IL,קרם ידיים דוקטור עור פרחי אביב 100מל,מיליליטרים,100.00,"100 מ""ל",false,1,11.90,11.9000,true,1,22034
7290100412763,false,"תחליב רחצה ד""ר עור לבנדר 700 מ""ל","אמיליה קוסמטיקס בע""מ",IL,תחליב רחצה לבנדר דוקטור עור 700 מל,מיליליטרים,700.00,"100 מ""ל",false,1,19.90,2.8429,true,1,22024
7290100412770,false,"ד""ר עור - תחליב רחצה קלאסי בניחוח מאסק 700 מ""ל","אמיליה קוסמטיקס בע""מ",IL,תחליב רחצה מאסק דוקטור עור 700 מל,מיליליטרים,700.00,"100 מ""ל",false,1,19.90,2.8429,true,1,22025
7290100412787,false,"ד""ר עור - תחליב רחצה קלאסי בניחוח פריחת הכותנה 700 מ""ל","אמיליה קוסמטיקס בע""מ",IL,תחליב רחצה פרחי כותנה דוקטור עור 700 מל,מיליליטרים,700.00,"100 מ""ל",false,1,19.90,2.8429,true,1,22026
7290100412794,false,"תרחיץ פנים קלאסק מאסק פילינג דר עור 150 מ""ל","אמיליה קוסמטיקס בע""מ",IL,פילינג פנים דוקטור עור מאסק 150 מל,מיליליטרים,150.00,"100 מ""ל",false,1,17.90,11.9333,true,1,22033
7290100412800,false,"תחליב רחצה לעור יבש וילד פלאור דר עור 700 מ""ל","אמיליה קוסמטיקס בע""מ",IL,תחליב רחצה פרחי אביב דוקטור עור 700 מל,מיליליטרים,700.00,"100 מ""ל",false,1,19.90,2.8429,true,1,22027
7290100412817,false,קרם רגליים לעור יבש פרחי בר דר עור 100 מ,"אמיליה קוסמטיקס בע""מ",IL,קרם רגליים דוקטור עור פרחי אביב 100 מל,מיליליטרים,100.00,"100 מ""ל",false,1,11.90,11.9000,true,1,22036
7290100412831,false,תחליב רחצה אנטי אייג'ינג בניחוח וניל טרופי,"אמיליה קוסמטיקס בע""מ",IL,תחליב רחצה טרופיקל וניל דוקטור עור 700מל,מיליליטרים,700.00,"100 מ""ל",false,1,19.90,2.8429,true,1,22028
7290100412848,false,DR OR תחליב גוף אנטי אייגינג וניל מעודן 400 מל,"אמיליה קוסמטיקס בע""מ",IL,קרם גוף דוקטור עור טרופיקל וניל 400מל,מיליליטרים,400.00,"100 מ""ל",false,1,17.90,4.4750,true,1,22030
7290100413593,false,קוויק מטליות לחות גדולות לניקוי כללי בריח פרחי בר 40 יחידות,די.פי.אל,IL,מגבונים קוויק לניקוי כללי אקס אל 40יח,יחידה,40.00,יחידה,false,1,8.90,0.2225,true,1,18074
7290100653463,false,"פלמוליב - ארומה ג'ל רחצה מסאז' 500 מ""ל",קולגייט-פלמוליב,TR,פלמוליב סבון נוזלי ספא מסאג 500 מל,מיליליטרים,500.00,"100 מ""ל",false,1,16.90,3.3800,true,1,4107
7290100653586,false,"דאודורנט ג'ל פרש פיוזן 24/7 ליידי ספיד סטיק 65 מ""ל",ליידי ספיד סטיק Lady Speed Stick,US,דאו.לסס ספיד סטיק גל 24/7 ורוד,Unknown,0.00,Unknown,false,1,18.90,0.0000,true,1,4469
7290100658338,false,"נוזל לניקוי כלים אוקסי פלוס פלמוליב 750 מ""ל",הנסיך- מפעל לייצור ט,GR,נוזל כלים פלמוליב אוקסי כחול 750 מל,מיליליטרים,750.00,"100 מ""ל",false,1,10.90,1.4533,true,1,4194
7290100659090,false,פרי חטיפים ללא גלוטן ותוספת סוכר מארז 5 תמרים וקינמון,טבעית מוצרים מן הטבע בעמ,IL,מארז חטיף פריי תמר קינמון ללא סוכר 5 יח,גרמים,90.00,100 גרם,false,1,16.90,18.7778,true,1,4309
7290100680650,false,מנה חמה נודלס-אטריות ירקות טעם תאילנדי אסם 76 ג',PUB FOODS PRESIDENT THAI,TH,מנה חמה נודלס ירקות תאילנדי 76 גר,גרמים,76.00,100 גרם,false,1,6.90,9.0789,true,1,4034
7290100680667,false,מנה חמה נודלס-אטריות+ירקות טעם סצ'ואן,PUB FOODS PRESIDENT THAI,TH,מנה חמה נודלס ירקות סצואן 76 גר,גרמים,76.00,100 גרם,false,1,6.90,9.0789,true,1,4035
7290100680711,false,פירורית זהב אסם זהב 350ג',עינת תעשיות מזון אגו,IL,פירורית זהב בשקית 350 ג,גרמים,350.00,100 גרם,false,1,7.90,2.2571,true,1,4169
7290100680728,false,פירורית רגילה שקית 350 גרם,מיוצר עי קונדיטוריית,IL,פירורית בשקית 350 ג,גרמים,350.00,100 גרם,false,1,6.90,1.9714,true,1,4168
7290100681015,false,אינסטנט פודינג בטעם ריבת חלב אסם 84 גרם,מיוצר עי קונדיטוריית,IL,אינסטנט פודינג ריבת חלב84 גר,גרמים,84.00,100 גרם,false,1,6.00,7.1429,true,1,4115
7290100681138,false,מארז אפרופו חטיף תירס 3 יחידות,"אסם השקעות בע""\מ",IL,מארז אפרופו מיוחד 3 יח,גרמים,150.00,100 גרם,false,1,12.90,8.6000,true,1,3855
7290100681503,false,עסיס סירופ לימונענע דיאטטי 1 ליטר,בית-השיטה עסיס תעשיות מז,IL,סירופ דיאט לימונענע 1 ל,ליטרים,1.00,ליטר,false,1,17.90,17.9000,true,1,4033
7290100684139,false,פסטה מיני מקרוני אסם 500 גרם,פסטה זארה,IT,פסטה אסם מיני מקרוני 500 גרם,גרמים,500.00,100 גרם,false,1,5.90,1.1800,true,1,4305
7290100685068,false,אינסטנט פודינג בטעם וניל עם פצפוצי שוקולד אסם 110 גרם,"אסם תעשיות בע""מ",IL,אינסטנט פודינג וניל+פיצפוצי שוקולד 110 ג,גרמים,110.00,100 גרם,false,1,6.90,6.2727,true,1,4493
7290100685334,false,אבקת מרק עוף אמיתי בשרי רכיבים טבעיים אסם 400 גרם,"אסם השקעות בע""\מ",IL,מרק עוף אמיתי רכיב טבעי 400 גר אסם,גרמים,400.00,100 גרם,false,1,21.90,5.4750,true,1,5267
7290100685341,false,אבקת מרק טעם עוף זך רכיבים טבעיים אסם 400 גרם,"אסם השקעות בע""\מ",IL,מרק זך טעם עוף זך רכיבים טבעיים 400ג,גרמים,400.00,100 גרם,false,1,16.90,4.2250,true,1,4575
7290100685600,false,פירורית זהב אסם זהב חיטה מלאה 200ג',עינת תעשיות מזון אגו,IL,פירורית חיטה מלאה 200 גרם,גרמים,200.00,100 גרם,false,1,6.50,3.2500,true,1,4598
7290100686164,false,מארז מולטיפק ביסלי ברביקיו 6 יח 35 גר יח,מיוצר עי קונדיטוריית,IL,מארז 6 יח ביסלי ברביקיו 35 ג,גרמים,210.00,100 גרם,false,1,13.90,6.6190,true,1,4660
7290100686171,false,מארז מולטיפק ביסלי גריל 6 יח 35 גר ליח,"אסם השקעות בע""\מ",IL,מארז 6 יח ביסלי גריל 35 ג,גרמים,210.00,100 גרם,false,1,13.90,6.6190,true,1,4574
7290100687109,false,במבה במילוי קרם נוגט 60ג' אסם,"אסם השקעות בע""\מ",IL,חטיף במבה במילוי נוגט 60 גר,גרמים,60.00,100 גרם,false,1,5.00,8.3333,true,1,5952
7290100688618,false,גביעי גלידה ממותקים בטעם שוקו 24 יח',"גילרו בע""מ",IL,גביעי גלידה ממותקים ט. שוקו 10 יח 85 גר,גרמים,85.00,100 גרם,false,1,14.90,17.5294,true,1,5355
7290100700006,false,"סוגת חיטה 1 ק""ג","סוגת תעשיות בע""\מ",IL,חיטה סוגת 1 קג,קילוגרמים,1.00,"ק""ג",false,1,8.90,8.9000,true,1,5244
7290100700020,false,סוגת גריסי פנינה 500 גרם,האי נאם סי או אל.טי.,IL,גריסי פנינה סוגת 500 גרם,גרמים,500.00,100 גרם,false,1,6.00,1.2000,true,1,3605
7290100700068,false,סוגת שעועית צבעונית 500גרם,"סוגת תעשיות בע""מ",IL,שעועית צבעונית 500 ג סוגת,גרמים,500.00,100 גרם,false,1,8.90,1.7800,true,1,3815
7290100700075,false,פירורי לחם מוזהבים סוגת 200 גרם,"סוגת תעשיות בע""\מ",IL,פירורי לחם מוזהב 200 ג סוגת,גרמים,200.00,100 גרם,false,1,4.00,2.0000,true,1,3816
7290100700242,false,"סוגת אורז מלא עגול 1 ק""ג","סוגת תעשיות בע""\מ",IL,אורז עגול מלא 1 קג סוגת,קילוגרמים,1.00,"ק""ג",false,1,9.90,9.9000,true,1,4554
7290100700266,false,פירורי לחם לבנים סוגת 200 גרם,"סוגת תעשיות בע""מ",IL,פירורי לחם לבנים 200 גר,גרמים,200.00,100 גרם,false,1,4.00,2.0000,true,1,8888
7290100700273,false,קינואה לבנה 500 ג סו,האי נאם סי או אל.טי.,IL,קינואה לבנה 500 ג סוגת,גרמים,500.00,100 גרם,false,1,13.90,2.7800,true,1,4503
7290100700327,false,"גריסי פנינה סוגת 1 ק""ג","סוגת תעשיות בע""\מ",IL,גריסי פנינה סוגת 1 קג,קילוגרמים,1.00,"ק""ג",false,1,8.50,8.5000,true,1,5475
7290100700334,false,קינואה לבנה 1 קג סוג,"סוגת תעשיות בע""מ",IL,קינואה 1 קג סוגת,קילוגרמים,1.00,"ק""ג",false,1,19.90,19.9000,true,1,7656
7290100700365,false,"שעועית אדומה 1 ק""ג סוגת",סוגת תעשיות בעמ,IL,שעועית אדומה 1 קג,קילוגרמים,1.00,"ק""ג",false,1,18.90,18.9000,true,1,5476
7290100700372,false,"סוגת אורז בסמטי מלא 1 ק""ג",האי נאם סי או אל.טי.,IL,אורז בסמטי מלא 1 קג סוגת,קילוגרמים,1.00,"ק""ג",false,1,13.90,13.9000,true,1,7655
7290100700389,false,"אורז אדום 1 ק""ג ""סוגת""","סוגת תעשיות בע""\מ",IL,אורז אדום סוגת 1 קג,קילוגרמים,1.00,"ק""ג",false,1,12.90,12.9000,true,1,5245
7290100700396,false,"סוגת אורז יסמין קלאסי 1 ק""ג",האי נאם סי או אל.טי.,IL,אורז יסמין קלאסי 1 קג,קילוגרמים,1.00,"ק""ג",false,1,11.90,11.9000,true,1,5478
7290100700402,false,"סוגת חומוס ענק 1 ק""ג",סוגת תעשיות בעמ,IL,חומוס ענק 1 קג,קילוגרמים,1.00,"ק""ג",false,1,18.90,18.9000,true,1,5477
7290100700419,false,"סוגת בורגול 1 ק""ג","סוגת תעשיות בע""\מ",IL,בורגול סוגת 1 קג,קילוגרמים,1.00,"ק""ג",false,1,8.50,8.5000,true,1,6610
7290100700563,false,"סוגת אורז מיקס קלאסי 1 ק""ג",סוגת תעשיות בעמ,IL,אורז מיקס קלאסי 1 קג,קילוגרמים,1.00,"ק""ג",false,1,13.90,13.9000,true,1,5696
7290100700587,false,"בורגול ""סוגת"" 500 גרם",האי נאם סי או אל.טי.,IL,בורגול סוגת 500 גר,גרמים,500.00,100 גרם,false,1,6.00,1.2000,true,1,7458
7290100701126,false,סוגת שעועית מש סוגת 500 גרם,סוגת תעשיות בעמ,IL,שעועית מש סוגת 500 גרם,גרמים,500.00,100 גרם,false,1,12.90,2.5800,true,1,7748
7290100701300,false,קינואה אדומה סוגת 500 גרם,"סוגת תעשיות בע""\מ",IL,קינואה אדומה 500 גר סוגת,גרמים,500.00,100 גרם,false,1,13.90,2.7800,true,1,7657
7290100701331,false,קמח רב תכליתי שטיבל קמח חיטה לבן בהיר,"שטיבל בע""\מ - טחנות קמח",IL,קמח רב תכליתי 1 קג סוגת,קילוגרמים,1.00,"ק""ג",false,1,6.90,6.9000,true,1,8693
7290100701386,false,קמח לחלה קמח חיטה לבן שטיבל,"שטיבל בע""מ - טחנות ק",IL,קמח לחלה 1 קג סוגת,קילוגרמים,1.00,"ק""ג",false,1,6.90,6.9000,true,1,8691
7290100701409,false,קמח תירס סוגת 500 גר,מולינו פילה ספא,IL,קמח תירס סוגת 500 גר,גרמים,500.00,100 גרם,false,1,6.90,1.3800,true,1,11824
7290100701454,false,גרישה בורגול דק סוגת 500 גרם,"סוגת תעשיות בע""\מ",IL,גרישה סוגת 500 גר,גרמים,500.00,100 גרם,false,1,6.00,1.2000,true,1,7658
7290100701577,false,קמח לחם קמח חיטה לבן שטיבל,טחנות קמח שטיבל באר שבע,IL,קמח ללחם 1 קג סוגת,קילוגרמים,1.00,"ק""ג",false,1,6.90,6.9000,true,1,8690
7290100701874,false,"קמח כוסמין מלא סוגת 1 ק""ג",טחנות קמח שטיבל באר,IL,קמח כוסמין 1 קג סוגת,קילוגרמים,1.00,"ק""ג",false,1,13.90,13.9000,true,1,10567
7290100701881,false,קמח פיצה ופוקצ'ה- קמח חיטה לבן בהיר שטיבל,"שטיבל בע""\מ - טחנת קמח",IL,קמח לפיצה 1 קג סוגת,קילוגרמים,1.00,"ק""ג",false,1,6.90,6.9000,true,1,8689
7290100701898,false,קמח סוגת לפסטה 1 קג,שטיבל טחנות קמח,IL,קמח פסטה 1 קג סוגת,קילוגרמים,1.00,"ק""ג",false,1,13.90,13.9000,true,1,10566
7290100702260,false,קוסקוס דק סוגת 350 גרם,"אסיף תעשיות מזון בע""\מ",IL,קוסקוס דק 350 גר סוגת,גרמים,350.00,100 גרם,false,1,5.50,1.5714,true,1,9702
7290100702277,false,קוסקוס עבה סוגת 350 גרם,"אסיף תעשיות מזון בע""",IL,קוסקוס עבה 350 גר סוגת,גרמים,350.00,100 גרם,false,1,5.50,1.5714,true,1,9703
7290100702284,false,קוסקוס מלא סוגת 350 גרם,"אסיף תעשיות מזון בע""",IL,קוסקוס מלא 350 גר סוגת,גרמים,350.00,100 גרם,false,1,5.90,1.6857,true,1,9704
7290100702383,false,קמח תופח מס' 13 סוגת,"שטיבל בע""\מ - טחנות קמח",IL,קמח תופח 1 קג סוגת,קילוגרמים,1.00,"ק""ג",false,1,6.90,6.9000,true,1,9788
7290100702611,false,פתיתים אפויים אורז סוגת 500 גרם,"אסיף תעשיות מזון בע""\מ",IL,פתיתים אפויים אורז סוגת 500 גר,גרמים,500.00,100 גרם,false,1,5.90,1.1800,true,1,10543
7290100702628,false,פתיתים אפויים קוסקוס סוגת 500 גרם,"אסיף תעשיות מזון בע""\מ",IL,פתיתים אפויים קוסקוס סוגת 500 גר,גרמים,500.00,100 גרם,false,1,5.90,1.1800,true,1,10544
7290100702635,false,פתיתים אפויים כוכבים סוגת 500 גרם,"אסיף תעשיות מזון בע""",IL,פתיתים אפויים כוכבים סוגת 500 גר,גרמים,500.00,100 גרם,false,1,5.90,1.1800,true,1,10545
7290100702642,false,פתיתים אפויים טבעות סוגת 500 גרם,"אסיף תעשיות מזון בע""",IL,פתיתים אפויים טבעות סוגת 500 גר,גרמים,500.00,100 גרם,false,1,5.90,1.1800,true,1,10546
7290100702659,false,פתיתים קוסקוס קמח מלא סוגת 400 גרם,"אסיף תעשיות מזון בע""",IL,פתיתים אפויים מקמח מלא סוגת 400 גר,גרמים,400.00,100 גרם,false,1,5.90,1.4750,true,1,10547
7290100702666,false,פתיתים אפויים עם בצל 400 גר גרם סוגת,"אסיף תעשיות מזון בע""",IL,פתיתים אפויים עם בצל סוגת 400 גר,גרמים,400.00,100 גרם,false,1,5.90,1.4750,true,1,10548
7290100702673,false,פתיתים אפויים 3 צבעים 400 גר גרם סוגת,"אסיף תעשיות מזון בע""",IL,פתיתים אפויים 3 צבעים סוגת 400 גר,גרמים,400.00,100 גרם,false,1,5.90,1.4750,true,1,10549
7290100702741,false,"סוכר חום בהיר בצנצנת סוגת 1 ק""ג",סוגת תעשיות בעמ,IL,סוכר חום בהיר צנצנת 1 קג סוגת,קילוגרמים,1.00,"ק""ג",false,1,12.90,12.9000,true,1,11885
7290100702994,false,סוכר דמררה קלאסי בשקית סוגת 500 גרם,"סוגת תעשיות בע""מ",IL,סוכר חום דמררה שקית 500 גרם,גרמים,50000.00,100 גרם,false,1,5.50,0.0110,true,1,13866
7290100703007,false,"עדשים שחורות בלוגה 500 גרם ""סוגת""",האי נאם סי או אל.טי.,IL,עדשים שחורות בלוגה 500 גר,גרמים,50000.00,100 גרם,false,1,7.90,0.0158,true,1,13867
7290100703182,false,תבשיל אישי נודלס בטעם ירקות 65 ג' סוגת,קאונו גרודאי,LT,תבשיל נודלס אישי טעם ירקות 65 גרם סוגת,Unknown,0.00,Unknown,false,12,4.90,0.0000,true,1,31505
7290100703434,false,בורגול חום סוגת 500 ג',"סוגת תעשיות בע""מ",IL,בורגול חום סוגת 500 גר,גרמים,500.00,100 גרם,false,1,6.00,1.2000,true,1,16328
7290100703458,false,כוסמת לא קלוי 500 ג' סוגת,"סוגת תעשיות בע""\מ",IL,כוסמת לא קלויה 500 גר סוגת,גרמים,500.00,100 גרם,false,1,8.90,1.7800,true,1,17022
7290100703533,false,קמח קסם תערובת קמח עם שמרים,טחנות קמח שטיבל באר שבע,IL,קמח קסם שמרים 1 קג סוגת,קילוגרמים,1.00,"ק""ג",false,1,9.90,9.9000,true,1,17767
7290100703557,false,"קמח פוקצה 1 ק""ג ""סוגת""","שטיבל בע""מ",,קמח לפוקצה 1 קג סוגת,קילוגרמים,1.00,"ק""ג",false,1,6.90,6.9000,true,1,17303
7290100703625,false,קמח חיטה לבן ללא צורך בניפוי,"שטיבל בע""מ",IL,קמח לבן מנופה סוגת 1 קג,קילוגרמים,1.00,"ק""ג",false,1,9.90,9.9000,true,1,18446
7290100703632,false,קמח חיטה מלא ללא צורך בניפוי,"שטיבל בע""מ",IL,קמח מלא מנופה סוגת 1 קג,קילוגרמים,1.00,"ק""ג",false,1,9.90,9.9000,true,1,18442
7290100703649,false,"קמח חיטה 80% ללא צורך בניפוי סוגת 1 ק""ג","שטיבל בע""מ",IL,קמח 80% חיטה מלאה מנופה סוגת 1 קג,קילוגרמים,1.00,"ק""ג",false,1,9.90,9.9000,true,1,18445
7290100703670,false,"קמח כוסמין ללא ניפוי 1 ק""ג סוגת","שטיבל בע""מ",IL,קמח כוסמין מנופה סוגת 1 קג,קילוגרמים,1.00,"ק""ג",false,1,15.90,15.9000,true,1,19945
7290100703687,false,"קמח חלה ללא ניפוי סוגת 1 ק""ג","שטיבל בע""מ",IL,קמח חלה מנופה סוגת 1 קג,קילוגרמים,1.00,"ק""ג",false,1,9.90,9.9000,true,1,18443
7290100703847,false,"קוביות סוכר לבן 500 גרם ""סוגת""",טרופיקל,,סוכר קוביות לבן 500 גרם,גרמים,500.00,100 גרם,false,1,10.00,2.0000,true,1,20580
7290100703854,false,קוביות סוכר לבן דמררה 500 ג' סוגת,טרופיקל,,סוכר קוביות דמררה500 גרם,גרמים,500.00,100 גרם,false,1,10.00,2.0000,true,1,20581
7290100703861,false,"תערובת קסם לחלה ללא צורך בניפוי סוגת 1 ק""ג","שטיבל בע""\מ - טחנות קמח",IL,קמח קסם שמרים לחלה 1 קג,קילוגרמים,1.00,"ק""ג",false,1,9.90,9.9000,true,1,19946
7290100703908,false,"סוכר דמררה 1 ק""ג בלמינט סוגת",סוגת תעשיות בעמ,IL,סוכר דמררה 1 קג שקית סוגת,קילוגרמים,1.00,"ק""ג",false,1,8.90,8.9000,true,1,19948
7290100703915,false,פופקורן להכנה במיקרוגל בטעם חמאה - מארז 6 שקיות,סוגת,IL,פופקורן למיקרו חמאה 1+5 חינם 100 גרם,גרמים,600.00,100 גרם,false,1,10.90,1.8167,true,1,21846
7290100703922,false,פופקורן להכנה במיקרוגל בטעם טבעי - מארז 6 שקיות,סוגת,IL,פופקורן למיקרו טבעי 1+5 חינם 100 גרם,גרמים,600.00,100 גרם,false,1,10.90,1.8167,true,1,21847
7290100703953,false,קוקוס לבן סוגת 500 ג,סוגת תעשיות בעמ,,קוקוס לבן סוגת 500 גרם,גרמים,500.00,100 גרם,false,1,10.90,2.1800,true,1,21074
7290100703960,false,שומשום סוגת 500 גרם,סוגת תעשיות בעמ,,שומשום סוגת 500 גרם,גרמים,500.00,100 גרם,false,1,10.90,2.1800,true,1,21075
7290100704141,false,סודה לשתייה 100 ג' סוגת,א.ל. ייצור ושיווק תב,IL,סודה לשתיה סוגת 100 גרם,גרמים,100.00,100 גרם,false,1,2.50,2.5000,true,1,28369
7290100704516,false,חומוס מיני סוגת 500 גרם,"סוגת תעשיות בע""\מ",IL,חומוס מיני סוגת 500 גרם,גרמים,500.00,100 גרם,false,1,6.90,1.3800,true,1,38627
7290100704530,false,סוגת קמח כוסמין לבן ללא צורך בניפוי 1 קג,טחנות קמח שטיבל באר,IL,קמח כוסמין לבן סוגת ללא ניפוי 1 קג,קילוגרמים,1.00,"ק""ג",false,1,17.90,17.9000,true,1,38623
7290100704578,false,"קמח כוסמין לבן תופח סוגת 1 ק""ג","שטיבל בע""\מ - טחנת קמח",IL,קמח כוסמין לבן סוגת 1 קג,קילוגרמים,1.00,"ק""ג",false,1,13.90,13.9000,true,1,38626
7290100704608,false,שעועית לבנה עדינה סוגת 500 גרם,"סוגת תעשיות בע""\מ",IL,שעועית לבנה עדינה סוגת 500 גרם,גרמים,500.00,100 גרם,false,1,8.90,1.7800,true,1,38628
7290100704615,false,סוכר לבן דק דק בצנצנת סוגת 500 גרם,"סוגת תעשיות בע""\מ",IL,סוכר לבן דק דק 500 גרם צנצנת,גרמים,500.00,100 גרם,false,1,7.90,1.5800,true,1,49513
7290100704622,false,סוכר דמררה דק דק בצנצנת סוגת 500 גרם,"סוגת תעשיות בע""\מ",IL,סוכר דמררה דק דק 500 גרם צנצנת,גרמים,500.00,100 גרם,false,1,7.90,1.5800,true,1,49512
7290100704639,false,"קמח שמרים פיתה סוגת 1 ק""ג","שטיבל בע""\מ - טחנות קמח",IL,קמח שמרים פיתה סוגת 1 קג,קילוגרמים,1.00,"ק""ג",false,1,9.90,9.9000,true,1,38621
7290100704660,false,"קינואה מיקס סוגת, 500 גרם","סוגת תעשיות בע""\מ",IL,קינואה מיקס 500 ג סוגת,גרמים,500.00,100 גרם,false,1,13.90,2.7800,true,1,41165
7290100850909,false,דוריטוס נאצ'ו מקסיקני 70 גרם,"שטראוס פריטו ליי בע""\מ",IL,חטיף דוריטוס נאצו מקסיקני 70 ג,גרמים,70.00,100 גרם,false,1,3.70,5.2857,true,1,3841
7290100850916,false,דוריטוס חמוץ חריף מעודן 70 גרם כשר לפסח,"שטראוס פריטו ליי בע""\מ )",IL,חטיף דוריטוס חמוץ חריף 70 ג,גרמים,70.00,100 גרם,false,1,3.70,5.2857,true,1,3842
7290100850923,false,דוריטוס בטעם גריל 70 גרם,"שטראוס פריטו ליי בע""\מ )",IL,חטיף דוריטוס גריל 70 ג,גרמים,70.00,100 גרם,false,1,3.70,5.2857,true,1,3844
7290100850930,false,דוריטוס בטעם טבעי 70 גרם,"שטראוס פריטו ליי בע""\מ )",IL,חטיף דוריטוס טבעי 70 ג,גרמים,70.00,100 גרם,false,1,3.70,5.2857,true,1,3843
7290100858592,false,אבקת קקאו עלית שקית 150 ג',הנסיך- מפעל לייצור ט,IL,אבקת קקאו 150 גר,גרמים,150.00,100 גרם,false,1,9.90,6.6000,true,1,4923
7290100858608,false,אבקת קקאו עלית שקית 500 ג',שטראוס קפה בי.ויn\.,IL,אבקת קקאו עלית 500 גר,גרמים,500.00,100 גרם,false,1,25.90,5.1800,true,1,4924
7290100921418,false,"הוואי - מרכך קרטין מחזק 700 מ""ל",תאי פרזידנט פוד פאבל,IL,מרכך הוואי קרטין מחזק 700 מל,מיליליטרים,700.00,"100 מ""ל",false,1,8.90,1.2714,true,1,11747
7290100921593,false,מנקה אסלה סוד 4 כדוריות לאסלה לימון נתלה 50 ג',"הנקל סוד בע""\מ",RS,כדוריות נתלה ריח לימון לניקוי אסלה סוד,Unknown,0.00,Unknown,false,1,9.90,0.0000,true,1,11493
7290100921609,false,סוד סבון לאסלה 4 כדוריות בניחוח אוקיינוס 50 ג',"הנקל סוד בע""\מ",RS,כדוריות נתלה ריח אוקינוס ניקוי אסלה סוד,Unknown,0.00,Unknown,false,1,9.90,0.0000,true,1,11494
7290100921616,false,סוד סבון לאסלה 4 כדוריות בניחוח אורנים 50 ג',הנקל סוד,HU,כדוריות נתלה ריח אורנים ניקוי אסלה סוד,Unknown,0.00,Unknown,false,1,9.90,0.0000,true,1,11495
7290100921623,false,מנקה אסלה סוד 4 כדוריות נתלה אקונומיקה נתלה 50 ג',"הנקל סוד בע""\מ",HU,כדוריות נתלה ריח אקונומיקניקוי אסלה סוד,Unknown,0.00,Unknown,false,1,9.90,0.0000,true,1,11496
7290100922569,false,קרם לטיפוח עוד הידיים והגוף- מארז שלישייה,טרופיקל דגיל,IL,מארז 3יח קרם ידיים ולוטה גדול 80 ג,גרמים,240.00,100 גרם,false,1,17.90,7.4583,true,1,17237
7290100922637,false,"הוואי שלישיית סבון נוזלי מי קוקוס 500 מ""ל",הנקל סוד,IL,שלישיית סבון נוזלי הוואי מי קוקוס 500 מל,ליטרים,1.50,ליטר,false,1,15.90,10.6000,true,1,15813
7290100922651,false,הוואי - סבון מוצק מי קוקוס 100 גרם רביעייה,טרופיקל דגיל קוסמטיק,IL,מארז 4 יח סבון הוואי יוגורט 33% מי קוקוס,גרמים,400.00,100 גרם,false,1,11.90,2.9750,true,1,16837
7290100924457,false,שלישיית כדוריות סבון לאסלה לימון סוד 50 גרם,הנקל סוד,RS,מארז שלישיית סבון אסלה כדוריות סוד לימון,יחידה,3.00,יחידה,false,1,14.90,4.9667,true,1,13260
7290100924464,false,כדוריות סבון נתלה לאסלה עם אקונומיקה - 3 יח',הנקל סוד,HU,מארז שלישיית סבון אסלה כדוריות סוד אקונו,יחידה,3.00,יחידה,false,1,14.90,4.9667,true,1,13261
7290100924631,false,מרכך כביסה מרוכז לבגדי תינוקות ובעלי עור רגיש,"הנקל סוד בע""\מ",IL,מרכך כביסה סוד מרוכז בייבי 900מל,מיליליטרים,900.00,"100 מ""ל",false,1,11.90,1.3222,true,1,14478
7290100924693,false,סוד סבון לאסלה 4 כדוריות בניחוח אוקנומיקה 50 ג',"הנקל סוד בע""\מ",HU,סבון מוצק סוד כדוריות כחול אקטיבי אקונומ,Unknown,0.00,Unknown,false,1,9.90,0.0000,true,1,13929
7290100925669,false,קולור קאצ'ר - דפים למכונת כביסה 10 יח',"הנקל סוד בע""\מ",IE,דפים למכונת כביסה למניעת מעבר צבעים 10דף,יחידה,10.00,יחידה,false,1,10.90,1.0900,true,1,16350
7290100925676,false,קולור קאצר 20 דפים לוכדי צבע למכונת כביס,"הנקל סוד בע""\מ",IE,דפים למכונת כביסה למניעת מעבר צבעים 20דף,יחידה,20.00,יחידה,false,1,15.90,0.7950,true,1,16351
7290100926109,false,סוד לבן חלומי 4 ל מרכך כביסה,סוד,IL,מרכך כביסה סוד סופט האהבה 4 ל לבן,ליטרים,4.00,ליטר,false,1,18.90,4.7250,true,1,6305
7290100926147,false,אבקת כביסה פרסיל קולור שקית 2.5 קג,"הנקל סוד בע""מ",IL,א.כביסה פרסיל קולור 2.5 קג בשקית,קילוגרמים,2.50,"ק""ג",false,1,19.90,7.9600,true,1,5782
7290100926598,false,"פרסיל אבקת כביסה 5 ק""ג",פרסיל Persil,IL,א.כביסה פרסיל 5 קג בשקית,קילוגרמים,5.00,"ק""ג",false,1,41.90,8.3800,true,1,7578
7290100927717,false,"פרסיל קולור אבקת כביסה 5 ק""ג -מרכז",פרסיל Persil,IL,א.כביסה פרסיל קולור 5 קג בשקית,קילוגרמים,5.00,"ק""ג",false,1,41.90,8.3800,true,1,8481
7290100928516,false,סוד - ג'ל לכביסה ביד 1 ליטר,"הנקל סוד בע""מ",IL,גל כביסה סוד ביד 1 ל,ליטרים,1.00,ליטר,false,1,14.90,14.9000,true,1,9218
7290100941416,false,יין פורט גראמס טאוני,גראהם,,יין פורט גראהם טאוני 750 מל,מיליליטרים,750.00,"100 מ""ל",false,1,70.00,9.3333,true,1,15109
7290100941980,false,יין דר לוסן גוורצטרמינר,,,יין דר לוסן וילה וולף גווירצ750 מל פקדון,מיליליטרים,750.00,"100 מ""ל",false,1,60.00,8.0000,true,1,5512
7290100942000,false,"מרקז דה ריסקל רזרב ריוחה 750 מ""ל",מרקו דה ריסקל,ES,יין מרקז דה ריסקל ריוחה רזרבה 750 מל פקד,מיליליטרים,750.00,"100 מ""ל",false,1,120.00,16.0000,true,1,4444
7290100942024,false,יין מרקז דה ריסקל רו,,,יין מרקז דה ריסקל רואדה לבן י 750 מל פקד,מיליליטרים,750.00,"100 מ""ל",false,1,60.00,8.0000,true,1,4445
7290100944110,false,יין גאיה ברונלו די מ,,IT,יין גאיה ברונלו די מונטאלצינו 750מל פקדו,מיליליטרים,750.00,"100 מ""ל",false,1,310.00,41.3333,true,1,10327
7290100945049,false,יין וודברידג זינפנדל,,,יין וודברידג זינפנדל אדום 750 מל פקדון,מיליליטרים,750.00,"100 מ""ל",false,1,45.00,6.0000,true,1,4049
7290100947883,false,"יין דרך ארץ גוורצטרמינר 750 מ""ל",ברקן,IL,יין דרך ארץ גוורצורמינר 750 מל,מיליליטרים,750.00,"100 מ""ל",false,12,35.00,4.6667,true,1,32476
7290100949030,false,יין זאן לואי שאב סנט,,,יין זאן לואי שאב סנט גזף 750 מל,מיליליטרים,75000.00,"100 מ""ל",false,1,170.00,0.2267,true,1,11899
7290101110811,false,גלידל שלגון בטעם וניל מצופה סורבה פסיפלורה - 8 יח',הגלידות של פלדמן,IL,מאגדת גלידל פסיפלורה 8 יח פלדמן,יחידה,8.00,יחידה,false,1,29.90,3.7375,true,1,6346
7290101112228,false,גלידל פרי קרחון מופחת קלוריות בטעם אננס - 8 יח',הגלידות של פלדמן,IL,מאגדת גלידל פרי אננס 8 יח פלדמן,יחידה,8.00,יחידה,false,1,21.90,2.7375,true,1,13546
7290101112921,false,גלידל פרי קרחון מופחת קלוריות פירות טרופיים - 8 יח',הגלידות של פלדמן,IL,מאגדת גלידל פרי פירות טרופיים 8יח,יחידה,8.00,יחידה,false,1,21.90,2.7375,true,1,21968
7290101113157,false,מאגדת גלידל וניל עוגיות פלדמן 6 יחידות,"פלקו בע""\מ, חברה ישראלית",IL,מאגדת גלידל וניל עוגיות חלבי 6 יחידות,יחידה,6.00,יחידה,false,1,26.90,4.4833,true,1,28850
7290101113430,false,מאגדת גלידל סירופ שוקולד פלדמן 6 יחידות,"פלקו בע""\מ, חברה ישראלית",IL,מאגדת גלידל סירופ שוקולד חלבי 6 יחידות,יחידה,6.00,יחידה,false,1,26.90,4.4833,true,1,32979
7290101113584,false,מאגדת טילונים שוקולד לבן עם ליבת שוקולד יולו 5 יח',הגלידות של פלדמן,IL,מאגדת טילון שוקולד לבן ליבת שוק יולו 5יח,יחידה,5.00,יחידה,false,1,21.90,4.3800,true,1,40375
7290101113591,false,מאגדת טילונים יולי 5 יחידות שוקולד לבן ועוגיות,הגלידות של פלדמן,IL,מאגדת טילון שוקולד לבן עוגיות יולו 5יח,יחידה,5.00,יחידה,false,1,21.90,4.3800,true,1,40376
7290101113751,false,מאגדת שלגון קרמל ושוקולד בלונדי רביעיה * 50 ג' יולו,הגלידות של פלדמן,IL,מאגדת שלגון יולו 4יח קרמל ש.בלונדי,יחידה,4.00,יחידה,false,1,21.90,5.4750,true,1,49419
7290101113768,false,מאגדת שלגון עוגיות ושוקולד חלב רביעיה * 50 ג' יולו,הגלידות של פלדמן,IL,מאגדת שלגון יולו 4יח עוגיות שוקולד חלב,יחידה,4.00,יחידה,false,1,21.90,5.4750,true,1,49420
7290101113805,false,מאגדת (5) יופלה שייק פרי תות 70 אחוז פרי 350 גרם,הגלידות של פלדמן,IL,מאגדת שלגון יוגורט יופלה שייק תות 5יח,יחידה,5.00,יחידה,false,1,24.90,4.9800,true,1,49418
7290101113911,false,מארז מנבו מוקה 12 יח' פלדמן,הגלידות של פלדמן,IL,קרמבו מנבו מוקה 12יח פלדמן,יחידה,12.00,יחידה,false,1,22.90,1.9083,true,1,50405
7290101410331,false,פותח מסתובב קינג,,,פותח מסתובב קינג,Unknown,0.00,Unknown,false,1,11.90,0.0000,true,1,6043
7290101411772,false,משקל אדם מזכוכית עגול דיגיטלי,,,משקל אדם זכוכית דיגיטלי עגול שקוף,יחידה,1.00,יחידה,false,1,69.90,69.9000,true,1,47961
7290101412946,false,מנגל נירוסטה כפול על,,,מנגל נירוסטה כפול על רגל 30/79,יחידה,1.00,יחידה,false,1,149.90,149.9000,true,1,13248
7290101413455,false,סט 3 מחבתות לקיטשן ס,,,סט 3 מחבתות לקיטשן סושף שחור 20/24/28,יחידה,3.00,יחידה,false,1,169.00,56.3333,true,1,41192
7290101413462,false,סט 3 מחבתות סושף לקי,,CN,סט 3 מחבתות סושף לקיטשן 20/24/28סמ אפור,יחידה,3.00,יחידה,false,1,169.00,56.3333,true,1,38563
7290101414599,false,כד שמן מעוגל,,,כד שמן מעוגל,Unknown,0.00,Unknown,false,1,15.90,0.0000,true,1,36253
7290101416517,false,מחבת סו שף אפור לקיט,,,מחבת סו שף אפור לקיטשן 24/4.5סמ,יחידה,1.00,יחידה,false,1,54.90,54.9000,true,1,27338
7290101453871,false,נר מספר - 0 (1X12X60),סודי,CN,נר מספר,יחידה,1.00,יחידה,false,1,4.90,4.9000,true,1,19549
7290101455936,false,בקבוק נירוסטה מעוצב,,,בקבוק נירוסטה מעוצב מותגים 500 מל,Unknown,0.00,Unknown,false,1,32.90,0.0000,true,1,19581
7290101486688,false,חטיף דגנים עם שוקולד ללא גלוטן וסוכר פרי 5*20 גרם,טבעית מוצרים מן הטבע בעמ,IL,מארז חטיף פריי מצופה שוקולד 5 יח,גרמים,100.00,100 גרם,false,1,16.90,16.9000,true,1,5510
7290101488248,false,"ליידי ספיד סטיק - דאודורנט רול און לאישה ורוד פרש פיושן 50 מ""ל",ליידי ספיד סטיק Lady Speed Stick,IT,דאו.רול און ליידי ספיד סטיק 24/7 ורוד,Unknown,0.00,Unknown,false,1,15.90,0.0000,true,1,23974
7290101488286,false,"ליידי ספיד סטיק - דאודורנט ספריי לאישה 24/7 פרש פיוזן ורוד 150 מ""ל",ליידי ספיד סטיק Lady Speed Stick,RU,דאו.ליידי ספיד 24/7 ספריי 150 מל ורוד,מיליליטרים,150.00,"100 מ""ל",false,1,15.90,10.6000,true,1,6744
7290101488316,false,ליידי ספיד סטיק - דאודורנט סטיק לאישה ללא סימן ורוד סטיק 65 גרם,ליידי ספיד סטיק Lady Speed Stick,US,דאו.ליידי ספיד סטיק ללא סימון ורוד 60 גר,גרמים,60.00,100 גרם,false,1,18.90,31.5000,true,1,5971
7290101488323,false,ליידי ספיד סטיק - דאודורנט סטיק לאישה ללא סימן ירוק סטיק 65 גרם,ליידי ספיד סטיק Lady Speed Stick,US,דאו.ליידי ספיד סטיק ללא סימון ירוק60 גר,גרמים,60.00,100 גרם,false,1,18.90,31.5000,true,1,5972
7290101501480,false,מיקס פטריות ארוזות,ביכורי שדה דרום 2002,,מיקס פטריות במגש,Unknown,0.00,Unknown,false,1,19.90,0.0000,true,1,9318
7290101551027,false,קפסולות קפה אספרסו חזק במיוחד 14 עלית 10 יח',הנסיך- מפעל לייצור ט,IL,קפסולות אספרסו 14 חזקות 10 יח,יחידה,10.00,יחידה,false,1,17.00,1.7000,true,1,25757
7290101551263,false,סילאן טבעי ללא תוספת סוכר,מכוורת יד מרדכי,IL,סילאן טבעי יד מרדכי 700 גרם,גרמים,700.00,100 גרם,false,1,22.90,3.2714,true,1,24277
7290101551300,false,סילאן טבעי ללא תוספת סוכר בקבוק לחיץ,מכוורת יד מרדכי שטראוס ב,IL,סילאן טבעי לחיץ יד מרדכי 380 גרם,גרמים,380.00,100 גרם,false,1,15.90,4.1842,true,1,24278
7290101551539,false,יוגורט PRO בטעם אפרסק 0% 20 גרם חלבון בגביע,"שטראוס בריאות בע""מ",IL,דנונה פרו אפרסק עשיר בחלבון 20גר 200 גר,גרמים,200.00,100 גרם,false,1,6.10,3.0500,true,1,24350
7290101551577,false,קוואקר שיבות שועל פחית מארז 2*500 גר',FRITO-LAY TRADING CO,GB,זוג קוואקר שיבולת שועל 500 ג פחית,גרמים,1000.00,100 גרם,false,12,21.90,2.1900,true,1,24305
7290101551584,false,תפוצ'יפס קידס מארז 10 יח' * 20 ג',"שטראוס פריטו ליי בע""מ )פ",IL,מארז10יח תפוציפס קידס 20 גר,גרמים,200.00,100 גרם,false,1,13.90,6.9500,true,1,24302
7290101551614,false,חטיף צ'יטוס קראנץ בטעם גבינה - מארז 8 יח',"שטראוס פריטו ליי בע""מ )פ",IL,מארז 8 יח חטיף ציטוס גבינה 30 גר,גרמים,240.00,100 גרם,false,1,13.90,5.7917,true,1,24304
7290101551638,false,חטיף צ'יטוס כאפה בטעם קטשופ - מארז 10 יח',"שטראוס פריטו ליי בע""מ )פ",IL,מארז 10 יח ציטוס כאפה 200 גר,גרמים,200.00,100 גרם,false,9,12.90,6.4500,true,1,24300
7290101581970,false,ליקר סברה קפה 750 מל,,IL,ליקר סברה קפה 750 מל,מיליליטרים,750.00,"100 מ""ל",false,12,99.00,13.2000,true,1,31113
7290101581987,false,ליקר סברה שוקולד תפו,,IL,ליקר סברה שוקולד תפוז 750 מל,מיליליטרים,750.00,"100 מ""ל",false,12,99.00,13.2000,true,1,31112
7290101820888,false,מארז 50יח מסכות פנים,,,מארז 50יח מסכות פנים כירוגיות שחורות,יחידה,50.00,יחידה,false,1,10.90,0.2180,true,1,43517
7290101825210,false,כפפות לטקס מידה s 100 יחי' בחבילה,,IL,כפפות לטקס סמול 100 יח הרקולס,יחידה,100.00,יחידה,false,1,19.90,0.1990,true,1,35728
7290101825241,false,כפפות לטקס עם אבקה XL100,,IL,כפפות לטקס אקסטרה לארג 100 יח הרקולס,יחידה,100.00,יחידה,false,1,19.90,0.1990,true,1,36245
7290101863410,false,"סיליט באנג ספריי ניקוי עוצמתי מכיל אקונומיקה 750 מ""ל",סיליט באנג Cillit Bang,PL,ספריי אקונימקה סיליט באנג 750 מל,מיליליטרים,750.00,"100 מ""ל",false,1,13.90,1.8533,true,1,6498
7290101864127,false,"ספריי להסרת כתמים 750 מ""ל וניש קליה",קליה וניש Kalia Vanish,IL,ספריי קליה אוקסי אקשן 750 מל,מיליליטרים,750.00,"100 מ""ל",false,1,16.90,2.2533,true,1,6872
7290101865261,false,"פיניש נוזל הברקה למדיח 800 מ""ל",רקיט בנקיזר,PL,נוזל פיניש הברקה 800 מל,מיליליטרים,800.00,"100 מ""ל",false,1,19.90,2.4875,true,1,7701
7290101866633,false,וניש קליה גל להסרת כתמים 3 ליטר אוקסיפרש,קליה וניש Kalia Vanish,IL,גל וניש קליה להסרת כתמים 3 ל,ליטרים,3.00,ליטר,false,1,29.90,9.9667,true,1,8377
7290101866787,false,וניש קליה נוזל מסיר כתמים לכביסה לבנה 3 ליטר,קליה וניש Kalia Vanish,IL,נוזל להסרת כתמים קליה וייט 3 ל,ליטרים,3.00,ליטר,false,1,29.90,9.9667,true,1,8791
7290101868958,false,"פיניש נוזל הברקה למדיח בניחוח לימון 500 מ""ל",רקיט בנקיזר,PL,נוזל פיניש הברקה לימון 800 מל,מיליליטרים,800.00,"100 מ""ל",false,1,19.90,2.4875,true,1,12530
7290101869702,false,"ג 'ל פיניש AIO MAX מרוכז למדיח 600מ""ל",פיניש רקיט בנקיזר,PL,גל למדיח פיניש הכל באחד 600 מל,מיליליטרים,600.00,"100 מ""ל",false,1,35.90,5.9833,true,1,13511
7290101869719,false,ג'ל מרוכז למדיח פיניש all in one max בניחוח לימון,פיניש רקיט בנקיזר,PL,גל למדיח פיניש לימון הכל באחד 600 מל,מיליליטרים,600.00,"100 מ""ל",false,1,35.90,5.9833,true,1,13512
7290101869726,false,ג'ל מרוכז למדיח הכל ב-1 פיניש 1 ליטר,רקיט בנקיזר,PL,גל למדיח פיניש הכל באחד 1 ליטר,ליטרים,1.00,ליטר,false,1,44.90,44.9000,true,1,13513
7290101869733,false,פיניש ג'ל למדיח כלים בניחוח לימון 1 ליטר ALL IN 1,רקיט בנקיזר,PL,גל למדיח פיניש לימון הכל באחד 1 ליטר,ליטרים,1.00,ליטר,false,1,44.90,44.9000,true,1,13514
7290101869740,false,אירוויק מכשיר אוטומטי+מילוי בניחוח חטאים מתוקים,רקיט בנקיזר,PL,מבשם אויר מכשיר אוטומטי אירוויק חטאים מת,יחידה,1.00,יחידה,false,1,44.90,44.9000,true,1,13530
7290101869795,false,"אירוויק מילוי מבשם אויר אטומטי חלום ליל קיץ 250 מ""ל",איירוויק Air Wick,GB,מילוי מבשם אויר אוטומטי חלום קיץ אירוויק,יחידה,1.00,יחידה,false,1,15.90,15.9000,true,1,13537
7290101869801,false,"אירוויק מכשיר חשמלי+מילוי בניחוח אואזיס 19 מ""ל",רקיט בנקיזר,HU,מבשם אויר חשמלי מכשיר אואזיס סנס,יחידה,1.00,יחידה,false,1,24.90,24.9000,true,1,13521
7290101869818,false,"אירוויק מכשיר חשמלי+מילוי בניחוח חלום ליל קיץ 19 מ""ל",איירוויק Air Wick,HU,מבשם אויר חשמלי מכשיר חלום ליל קיץ סנס,יחידה,1.00,יחידה,false,1,24.90,24.9000,true,1,13520
7290101869825,false,"אירוויק מילוי למכשיר חשמלי בניחוח אואזיס 19 מ""ל",איירוויק Air Wick,HU,מילוי מבשם אויר חשמלי אואזיס בודד,יחידה,1.00,יחידה,false,1,19.90,19.9000,true,1,13526
7290101869917,false,"אירוויק מילוי מבשם אויר אטומטי היער הקסום 19 מ""ל",איירוויק Air Wick,GB,מילוי מבשם אויר אוטומטי היער הקסום אירוו,יחידה,1.00,יחידה,false,1,15.90,15.9000,true,1,13539
7290101869962,false,"אירוויק מקלות ריחניים בניחוח חלום ליל קיץ 30 מ""ל",איירוויק Air Wick,HU,מקלות ריחניים אירוויק חלום ליל קיץ,Unknown,0.00,Unknown,false,1,14.90,0.0000,true,1,13540
7290101999560,false,נרות גמבו כוכבים - ספיידרמן,סודי,,נרות גמבו כוכבים ממותג,Unknown,0.00,Unknown,false,1,6.90,0.0000,true,1,19552
7290102002221,false,הפתעות ממותגים לילדי,,,הפתעות ממותגים לילדים,Unknown,0.00,Unknown,false,1,7.90,0.0000,true,1,19553
7290102006434,false,זר יום הולדת לראש עם פרח,YiWu Trust Art&C,IL,זר יום הולדת לראש עם פרחים,Unknown,0.00,Unknown,false,1,13.90,0.0000,true,1,19566
7290102030330,false,תפוצ'יפס קראנצ' בטעם מקסיקני 200 גרם,"שטראוס פריטו ליי בע""\מ )",IL,חטיף תפוציפס אקסטרא מקסיקני 200 גר,גרמים,200.00,100 גרם,false,1,11.00,5.5000,true,1,5278
7290102031276,false,מארז 8 יחידות אקטימל משקה יוגורט בטעם תות בננה,מיוצר עי קונדיטוריית,IL,משקה אקטימל בטעם תות בננה 8יח,גרמים,864.00,100 גרם,false,1,21.90,2.5347,true,1,5315
7290102032334,false,אבקה להכנת משקה קפה בטעם וניל,שטראוס קפה בי.וי,IL,קפה נמס לטה וניל 200 גר,גרמים,200.00,100 גרם,false,1,24.90,12.4500,true,1,5768
7290102035151,false,יוגורט אקטיביה 1.5% 150 גרם החזרות,שטראוס דנונה,IL,דנונה אקטיביה 1.5% בודד 150 מל,מיליליטרים,150.00,"100 מ""ל",false,1,4.10,2.7333,true,1,5969
7290102060764,false,מרידול מברשת שיניים אריזת זוג,יבואן ומשווק: ש. שסט,CH,זוג מב.שיניים מרידול,Unknown,0.00,Unknown,false,1,33.90,0.0000,true,1,6581
7290102062195,false,"משחת שיניים לילדים לגילאי 6-12 אלמקס 75 מ""ל",יבואן ומשווק: ש. שסט,PE,מש.שיניים אלמקס גוניור 75 מל,מיליליטרים,75.00,"100 מ""ל",false,1,17.90,23.8667,true,1,11618
7290102300822,false,גבינה צ'דר אנגלית כתומה 200 גרם,דאולי צ'יסמייקרס,GB,גבינת צדר אנגלית כתומה 200 גר,גרמים,200.00,100 גרם,false,1,19.90,9.9500,true,1,8869
7290102300860,false,"גבינת צ'דר אנגלית לבן, 200 גרם",דאוליי צ'יסמייקרס,GB,גבינת צדר אנגלית 200 גר,גרמים,200.00,100 גרם,false,1,19.90,9.9500,true,1,8870
7290102300877,false,גבינת צ'דר אנגלית34%משקל,כושר דייארי,GB,גבינת צדר אנגלית במשקל,קילוגרמים,1.00,"ק""ג",true,,99.00,99.0000,true,1,8872
7290102300884,false,גבינת צ'דר כתום34% במשקל,שבינגטון,GB,גבינת צדר אנגלית כתומה במשקל,קילוגרמים,1.00,"ק""ג",true,,99.00,99.0000,true,1,8871
7290102301423,false,גבינת גאודה בקר במשק,הנרי בליך,,גבינת גאודה בקר במשקל סיימן,קילוגרמים,1.00,"ק""ג",true,,79.00,79.0000,true,1,10185
7290102301430,false,גבינת מלוסין עיזים ב,מלוסין,,גבינת מלוסין עיזים במשקל,קילוגרמים,1.00,"ק""ג",true,,145.00,145.0000,true,1,10273
7290102301485,false,גבינת סטילטון במשקל,וואקפום,,גבינת סטילטון במשקל,קילוגרמים,1.00,"ק""ג",true,,189.00,189.0000,true,1,9869
7290102301881,false,טרטר גבינה עם שום ועשבי תיבול 150 גרם,בונגראן,FR,גבינת טרטר עשבי תיבול 150גר,גרמים,150.00,100 גרם,false,1,19.90,13.2667,true,1,10372
7290102302246,false,גבינת גאודה הולנדית 200 גרם,מיוצר עי קונדיטוריית,NL,גבינת גאודה 200 גרם,גרמים,200.00,100 גרם,false,1,26.90,13.4500,true,1,18127
7290102302253,false,"גבינת גאודה עיזים חצי קשה 34%, 200 גרם",מיוצר עי קונדיטוריית,NL,גבינת גאודה עיזים 200 גרם,גרמים,200.00,100 גרם,false,1,32.90,16.4500,true,1,20848
7290102302260,false,גבינת גרנה פדנו 200 גרם,הנסיך- מפעל לייצור ט,IT,גבינת גרנה פדנה 200 גרם אמברוסי,גרמים,200.00,100 גרם,false,1,31.90,15.9500,true,1,18121
7290102302819,false,רוברט גושי טונה בהירה בשמן זית 120 גרם,רמירז אנד קה פילהאוס,PT,פילה טונה בהירה רוברט בשמן זית 120 גרם,גרמים,120.00,100 גרם,false,1,15.90,13.2500,true,1,33863
7290102302833,false,גבינת גאודה פרוסה נני 150 גרם,קאסמאקרי הנרי ויליך,NL,גבינת גאודה 150 גרם פרוס,גרמים,150.00,100 גרם,false,14,19.90,13.2667,true,1,32636
7290102302840,false,"גאודה עיזים פרוסה 150 גרם ""נני """,מיוצר עי קונדיטוריית,NL,גבינת גאודה עיזים 150 גרם פרוס,גרמים,150.00,100 גרם,false,14,26.90,17.9333,true,1,32637
7290102302864,false,גבינה הולנדית עם פסטו ירוק 34%,הנרי ויליך Henri Willig,NL,גבינת גאודה פסטו ירוק 200 גר,גרמים,200.00,100 גרם,false,,29.90,14.9500,true,1,31907
7290102302888,false,גבינת גאודה כמון 200 גרם,מיוצר עי קונדיטוריית,NL,גבינת גאודה כמון 200 גר,גרמים,200.00,100 גרם,false,,24.90,12.4500,true,1,31909
7290102302963,false,טבעונית עשבי תיבול,Unknown,DE,גאיה עשבי תיבול 150 גרם פרוסות,גרמים,150.00,100 גרם,false,1,21.90,14.6000,true,1,36175
7290102303878,false,אלוויר חמאת נורמנדי 200 גרם,אלוויר,FR,חמאת נורמנדי 200 גרם,גרמים,200.00,100 גרם,false,1,17.90,8.9500,true,1,40593
7290102304714,false,גלוריוס עיזים 180 גרם,הנרי ויליך,NL,גבינת גלוריוס עיזים 180 גר,גרמים,180.00,100 גרם,false,12,44.90,24.9444,true,1,48145
7290102304721,false,גבינת טרמנדס כמהין 1,הנרי ויליך,NL,גבינת טרמנדס כמהין 180גר,גרמים,180.00,100 גרם,false,12,36.90,20.5000,true,1,48148
7290102304745,false,גבינת פיור גולד 180ג,הנרי ויליך,NL,גבינת פיור גולד 180גרם,גרמים,180.00,100 גרם,false,12,36.90,20.5000,true,1,48147
7290102390427,false,יוגורט ביו עם קציפת תות 3% שומן 150 ג' מולר,מולר Muller,IL,מעדן מולר פרוופ תות 150 מל,מיליליטרים,150.00,"100 מ""ל",false,1,5.30,3.5333,true,1,5783
7290102390465,false,יוגורט ביו עם קציפת אפרסק ופסיפלורה 3% שומן 150 ג' מולר,מולר Muller,IL,מעדן מולר פרוופ אפרסק פסיפלורה 150 מל,מיליליטרים,150.00,"100 מ""ל",false,1,5.30,3.5333,true,1,5784
7290102390489,false,יוגורט ביו עם קציפת לימון 3% שומן 150 ג' מולר,מולר Muller,IL,מעדן מולר פרוופ לימון 150 מל,מיליליטרים,150.00,"100 מ""ל",false,1,5.30,3.5333,true,1,5785
7290102391301,false,"מולר ביאנקו נאטורל ביו 1.7% 150 מ""ל",מולר,IL,יוגורט ביו טבעי 1.7% מולר 150 מל,מיליליטרים,150.00,"100 מ""ל",false,1,3.00,2.0000,true,1,6228
7290102391844,false,יוגורט ביו עם קציפת פירות יער3% שומן 150 ג' מולר,מולר Muller,IL,יוגורט מולר פרופ דיאט פירות יער 150 מל,מיליליטרים,150.00,"100 מ""ל",false,1,5.30,3.5333,true,1,6298
7290102392049,false,גבינה לאפיה תבור ללא תוספת מלח 5% משק צוריאל 500 גרם,מחלבת משק צוריאל,IL,גבינת תבור 5% לאפייה 500 גר,גרמים,500.00,100 גרם,false,1,24.90,4.9800,true,1,6575
7290102392094,false,חלב עיזים 3.7% בקרטון משק צוריאל 1 ליטר,מילקו תעשיות בעמ,IL,חלב עיזים 1 ל בקרטון,ליטרים,1.00,ליטר,false,1,15.90,15.9000,true,1,6574
7290102392728,false,מולר ביאנקו נטורל לבן טבעי 2.8% 200 ג',"טרה, פארק תעשיות בע""",IL,יוגורט טבעי 2.8% מולר לבן 200 ג,גרמים,200.00,100 גרם,false,1,4.00,2.0000,true,1,7103
7290102393039,false,"יוגורט ביו קרמי מיקס פצפוצי שוקולד 7.6% מולר 170 מ""ל",קריות זול,IL,יוגורט מולר מיקס טופ קרמי פצפ. שוקולד170,גרמים,170.00,100 גרם,false,1,6.00,3.5294,true,1,7354
7290102393060,false,"יוגורט ביו קרמי מיקס גלילי ופל ואגוזים 5.9% מולר 170 מ""ל",קריות זול,IL,יוגורט מולר מיקס קרמי גליליות ק.אגוז170ג,גרמים,170.00,100 גרם,false,1,6.00,3.5294,true,1,7353
7290102393169,false,"יוגורט סימפלי פרוט בטעם תות 3% מולר 150 מ""ל",מולר Muller,IL,מעדן מולר סימפלי פרויט תות שדה 150 גר,גרמים,150.00,100 גרם,false,1,5.50,3.6667,true,1,7866
7290102393176,false,סימפלי פרוט יוגורט אפרסק 3% שומן 150 ג' מולר,מילקו תעשיות בעמ,IL,מעדן מולר סימפלי פרויט אפרסק 150 גר,גרמים,150.00,100 גרם,false,1,5.50,3.6667,true,1,7867
7290102393190,false,"יוגורט סימפלי פרוט בטעם פירות יער 3% מולר 150 מ""ל",מילקו תעשיות בעמ,IL,מעדן מולר סימפלי פרויט פירות יער 150 גר,גרמים,150.00,100 גרם,false,1,5.50,3.6667,true,1,7868
7290102393268,false,**טרה גבינה לבנה אריזת חיסכון 5% 750ג,הפריט בפיקוח,IL,גבינה לבנה 5% למריחה 750 ***,גרמים,750.00,100 גרם,false,1,14.94,1.9920,true,1,7452
7290102393299,false,יוגורט עיזים לשתייה 3% משק צוריאל 500 גרם,מיוצר עי קוד יצרן HG,IL,יוגורט עיזים לשתיה 3% 500 גרם,גרמים,500.00,100 גרם,false,1,13.90,2.7800,true,1,7638
7290102393855,false,יוגורט עיזים 2.5% עם אפרסק משק צוריאל 150 גרם,מחלבת משק צוריאל,IL,יוגורט עיזים אפרסק 150 גר,גרמים,150.00,100 גרם,false,1,6.50,4.3333,true,1,8038
7290102393947,false,סימפלי פרוט יוגורט בטעם קיווי 3% שומן 150 ג' מולר,מילקו תעשיות בעמ,IL,מעדן מולר סימפלי פרוט קיווי 150 גר,גרמים,150.00,100 גרם,false,1,5.50,3.6667,true,1,8209
7290102394081,false,"יוגורט ביו קרמי מיקס קורנפלקס מצופה שוקולד מולר 170 מ""ל",מילקו תעשייה בעמ,IL,יוגורט מולר מיקס קרמי קורנפלקס 170 ג,גרמים,170.00,100 גרם,false,1,6.00,3.5294,true,1,8210
7290102394258,false,גליל גבינת עיזים מה עז 9% משק צוריאל 180 גרם,מחלבת משק צוריאל,IL,גבינת עיזים קשה מהעז 9% 180 גר,גרמים,180.00,100 גרם,false,1,24.90,13.8333,true,1,8459
7290102394463,false,נעם גבינה צהובה פרוסה ואקום 28% טרה 500 גרם,Unknown,IL,גבינה צהובה פרוסה 500 גר בואקום נועם,גרמים,500.00,100 גרם,false,1,28.90,5.7800,true,1,9855
7290102394821,false,נעם גבינה צהובה פרוסה 28% טרה 200 גרם,מילקו תעשיות בעמ,IL,גבינה צהובה דק דק פ. חוזרת28% 200גר נועם,גרמים,200.00,100 גרם,false,1,16.90,8.4500,true,1,9079
7290102394845,false,נעם גבינה צהובה לייט פרוסה דק דק 9% טרה 200 גרם,מילקו תעשיות בעמ,IL,גבינה צהובה דק דק פ. חוזרת 200ג נועם,גרמים,200.00,100 גרם,false,1,16.90,8.4500,true,1,9080
7290102395101,false,ממרח גבינה ושוקולד מוו טרה 200 גרם,מילקו תעשיות בעמ,IL,ממרח גבינה ושוקולד שוקי 200 גר,גרמים,200.00,100 גרם,false,1,11.90,5.9500,true,1,11521
7290102395217,false,מאגדת שמיניה מולר במתיקות מעודנת 1.2% 8*150 ג',מולר Muller,IL,מאגדת 8יח יוגורט ביו במתיקות 2% 150מל,מיליליטרים,1200.00,"100 מ""ל",false,1,14.90,1.2417,true,1,9799
7290102395224,false,שמיניית יוגורט ביו ביאנקו 1.7% מולר 150 גרם,מולר Muller,IL,מארז 8יח יוגורט מולר ביאנקו 1.7% 150 מל,מיליליטרים,1200.00,"100 מ""ל",false,1,14.90,1.2417,true,1,9786
7290102395231,false,שמיניית יוגורט ביו ביאנקו 2.8% מולר 150 גרם,מולר Muller,IL,מארז 8יח יוגורט מולר ביאנקו 2.8% 150מל,מיליליטרים,1200.00,"100 מ""ל",false,1,14.90,1.2417,true,1,9787
7290102395262,false,מארז 8 גביעים יוגורט בטעם תות שדה ואפרסק 3% Simply Fruit,מולר Muller,IL,מאגדת מולר סימפלי פרוט תות אפרסק 8יח,קילוגרמים,1.20,"ק""ג",false,1,29.90,24.9167,true,1,9990
7290102395408,false,נעם גבינה צהובה 28% במשקל,החברה המרכזית,IL,גבינה צהובה נעם 28% במשקל***,קילוגרמים,1.00,"ק""ג",true,,44.79,44.7900,true,1,10166
7290102395415,false,נועם גב.צהובה9%חריץ משקל,החברה המרכזית,IL,גבינה צהובה 9% נעם במשקל,קילוגרמים,1.00,"ק""ג",true,,85.00,85.0000,true,1,10491
7290102395422,false,נעם גבינה צהובה 22% במשקל,החברה המרכזית,IL,גבינה צהובה נעם 22% במשקל***,קילוגרמים,1.00,"ק""ג",true,,42.58,42.5800,true,1,11897
7290102395439,false,מארז 8 גביעים יוגורט בטעם פירות יער וקיווי 3% Simply Fruit,מילקו תעשיות בעמ,IL,מאגדת מולר סימפלי פרוט פ.יער קיווי 8יח,קילוגרמים,1.20,"ק""ג",false,1,29.90,24.9167,true,1,9989
7290102395446,false,מעדן חלב בטעם וניל עם קצפת 123 ג' טרה,Unknown,IL,מעדן מוו וניל וקצפת 123 גרם,גרמים,123.00,100 גרם,false,1,2.90,2.3577,true,1,9798
7290102395477,false,מעדן חלב בטעם שוקולד עם קצפת 123 ג' טרה,Unknown,IL,מעדן מוו שוקולד עם קצפת 123 גר,גרמים,123.00,100 גרם,false,1,2.90,2.3577,true,1,9796
7290102395521,false,"שמנת לבישול 15% שומן 500 מ""ל טרה",מילקו תעשיות בעמ,IL,שמנת לבישול 15% 500מל,מיליליטרים,500.00,"100 מ""ל",false,1,16.90,3.3800,true,1,11875
7290102396399,false,שמיניית מעדן שוקולד מוו 1.5% טרה 100 גרם,Unknown,IL,מאגדת 8 יח מעדן שוקולד מו 100 גרם,גרמים,800.00,100 גרם,false,1,13.90,1.7375,true,1,12255
7290102396436,false,מעדן שוקולד מוו 1.5% טרה 125 גרם,מילקו תעשיות בעמ,IL,מעדן מוו שוקולד 1.5% 125 גר,גרמים,125.00,100 גרם,false,1,2.90,2.3200,true,1,12108
7290102396443,false,מעדן וניל מוו 1.5% טרה 125 גרם,מילקו תעשיות בעמ,IL,מעדן מוו וניל 1.5% 125 גר,גרמים,125.00,100 גרם,false,1,2.90,2.3200,true,1,12110
7290102396580,false,מעדן מוו שוקולד ומוס שוקולד טרה 118 גרם,טרה,IL,מעדן מוו שוקולד ומוס שוקולד 118 גרם,גרמים,118.00,100 גרם,false,1,2.90,2.4576,true,1,12257
7290102396597,false,מעדן מוו וניל ומוס שוקולד טרה 118 גרם,טרה,IL,מעדן מוו וניל ומוס שוקולד 118 גרם,גרמים,118.00,100 גרם,false,1,2.90,2.4576,true,1,12258
7290102396665,false,נעם גבינה צהובה דק דק 15% טרה 200 גרם,מילקו תעשיות בעמ,IL,גבינה צהובה נועם דק דק 15% פתח סגור 200ג,גרמים,200.00,100 גרם,false,1,16.90,8.4500,true,1,14181
7290102396672,false,"גבנ""צ דק דק נעם פתיחה חוזרת 9% 360 גרם",מילקו תעשיות בעמ,IL,גבינה צהובה נועם דק דק 9% פתח סגור 360ג,גרמים,360.00,100 גרם,false,1,28.50,7.9167,true,1,14182
7290102396719,false,יוגורט סימפלי תות 0% מולר 150 גרם,מולר Muller,IL,מעדן מולר תות 0% סימפלי פרויט 150ג,גרמים,150.00,100 גרם,false,1,5.50,3.6667,true,1,12802
7290102396740,false,מארז 8 גביעים יוגורט בטעם תות שדה ואפרסק 0% Simply Fruit,מילקו תעשיות בעמ,IL,מאגדת מולר סימפלי פרוט תות אפרסק 8יח,קילוגרמים,1.20,"ק""ג",false,1,29.90,24.9167,true,1,12803
7290102397204,false,"גבנ""צ דק דק נעם פתיחה חוזרת 22% 200 גרם",מילקו תעשיות בעמ,IL,גבינה צהובה נועם דק דק 22% פתח סגור 200ג,גרמים,200.00,100 גרם,false,1,16.90,8.4500,true,1,14180
7290102397334,false,גבינה בולגרית גלילית 5% משק צוריאל 250 גרם,מחלבת משק צוריאל,IL,גבינה בולגרית 5% 250גרם בגביע צוריאל,גרמים,250.00,100 גרם,false,1,24.90,9.9600,true,1,15369
7290102397464,false,יוגורט ביו בתוספת גרעינים אגוזים וחמוציות 170 ג' מולר,מולר Muller,IL,יוגורט מולר מיקס טופ פקאן גרעינים חמוציו,גרמים,170.00,100 גרם,false,1,6.00,3.5294,true,1,18239
7290102397600,false,מיקס יוגורט בתוספת שקדים ובוטנים מקורמלים 170 ג' מולר,מילקו תעשייה בעמ,IL,יוגורט מולר מיקס טופ שקדים ובוטנים 170גר,גרמים,170.00,100 גרם,false,1,6.00,3.5294,true,1,16380
7290102397617,false,יוגורט ביו קרמי עם כדורים מצופים שוקולד חום לבן,מולר Muller,IL,יוגורט מולר מיקס טופ קליק 170גר,גרמים,170.00,100 גרם,false,1,6.00,3.5294,true,1,16381
7290102397679,false,קוטג' וחצי 5% מהדרין טרה 375 גרם,מילקו,IL,גבינת קוטג 5% מועשר 375 גרם,גרמים,375.00,100 גרם,false,1,8.90,2.3733,true,1,18865
7290102397730,false,פרוסות גבינה אמנטל חצי קשה 30% שומן 200 ג' נעם,Unknown,IL,גבינת אמנטל נעם 28% 200גר פתיחה חוזרת,גרמים,200.00,100 גרם,false,1,15.90,7.9500,true,1,32203
7290102397747,false,פרוסות גבינת מוצרלה נעם מחלב בקר 22%,טרה,IL,גבינת מוצרלה 200גר רכיבים טבעיים נועם,גרמים,200.00,100 גרם,false,1,16.90,8.4500,true,1,21103
7290102397891,false,גבינה מותכת משק צוריאל 100 גרם,משק צוריאל,IL,גבינה מותכת משק צוריאל 100 גרם,גרמים,100.00,100 גרם,false,1,7.90,7.9000,true,1,18262
7290102398065,false,חלב טרה בקרטון 2 ליטר מהדרין 3% - מוצר בפיקוח,הפריט בפיקוח,IL,חלב 3% בקרטון 2 ל*** מהדרין וסט,ליטרים,2.00,ליטר,false,1,12.46,6.2300,true,1,19165
7290102398072,false,"חלב קרטון 3%-1 ליטר "" טרה"" -מוצר פיקוח",הפריט בפיקוח,IL,חלב 3% בקרטון 1 ליטר מהדרין***מהדרין וסט,ליטרים,1.00,ליטר,false,1,6.23,6.2300,true,1,19166
7290102398553,false,משקה חלב בטעם שוקו 2% XL אריזה משפחתית,מילקו תעשיות בעמ,IL,שוקו טרה 1.5ליטר בקבוק,ליטרים,1.50,ליטר,false,6,17.90,11.9333,true,1,32069
7290102398560,false,שוקו טרה מועשר בבקבוק 1 ליטר,מילקו תעשיות בעמ,IL,שוקו טרה 1ליטר בקבוק,ליטרים,1.00,ליטר,false,1,12.90,12.9000,true,1,23425
7290102398577,false,משקה חלב בטעם שוקו 2% בבקבוק אישי,מילקו תעשיות בעמ,IL,שוקו מועשר 250מל טרה בקבוק,מיליליטרים,250.00,"100 מ""ל",false,1,5.90,2.3600,true,1,23428
7290102398614,false,משקה חלב בטעם בננה טרה 1 ליטר,מילקו תעשיות בעמ,IL,משקה חלב בטעם בננה 1 ליטר בקבוק,ליטרים,1.00,ליטר,false,1,12.90,12.9000,true,1,23426
7290102398782,false,משקה סויה קלאסי משק צוריאל 1 ליטר,מחלבת משק צוריאל,IT,משקה סויה קלאסי 1ליטר צוריאל,ליטרים,1.00,ליטר,false,1,11.90,11.9000,true,1,31048
7290102398799,false,משקה סויה במתיקות מופחתת משק צוריאל 1 ליטר,מחלבת משק צוריאל,IT,משקה סויה במתיקות מופחתת 1ליטר צוריאל,ליטרים,1.00,ליטר,false,1,11.90,11.9000,true,1,31046
7290102398805,false,משקה סויה בטעם וניל משק צוריאל 1 ליטר,מחלבת משק צוריאל,IT,משקה סויה בטעם וניל 1 ליטר צוריאל,ליטרים,1.00,ליטר,false,1,11.90,11.9000,true,1,31045
7290102398836,false,משקה שקדים קלאסי משק צוריאל 1 ליטר,מחלבת משק צוריאל,IT,משקה שקדים קלאסי 1ליטר צוריאל,ליטרים,1.00,ליטר,false,1,12.90,12.9000,true,1,31049
7290102399048,false,פרוסות גבינת קשקבל נעם 200 ג' טרה,מילקו,IL,גבינת קשקבל 200 גרם נעם פתיחה חוזרת,גרמים,200.00,100 גרם,false,1,19.90,9.9500,true,1,28641
7290102399697,false,סימפלי פרוט מנגו 1.5% שומן 150 ג' מולר,מילקו תעשיות בעמ,IL,מעדן מולר סימפלי פרויט מנגו 150 גר,גרמים,150.00,100 גרם,false,1,5.50,3.6667,true,1,30195
7290102399772,false,מולר ספרדבל-ממרח חמאת מולר במליחות עדינה 250 גרם,G Weihenstephan Molkerei,DE,ממרח חמאה מולר ספרדבל במליחות 250גר,גרמים,250.00,100 גרם,false,1,17.90,7.1600,true,1,34470
7290102399789,false,מולר ספרדבל-ממרח חמאת מולר ללא מלח 250 גרם,G Weihenstephan Molkerei,DE,ממרח חמאה מולר ספרדבל ללא מלח 250גר,גרמים,250.00,100 גרם,false,1,17.90,7.1600,true,1,34471
7290102399796,false,מעדן יוגורט לבן מועשר בחלבון 200 ג' מולר אקטיב,מולר Muller,IL,מעדן מולר אקטיב 25גר חלבון 200גר,גרמים,200.00,100 גרם,false,24,5.90,2.9500,true,1,32068
7290102399802,false,יוגורט עם תות מולר אקטיב מועשר בחלבון 200 גר',מולר Muller,IL,מעדן מולר אקטיב 20גר חלבון תות 200גר,גרמים,200.00,100 גרם,false,24,6.00,3.0000,true,1,32067
7290102399819,false,יוגורט עם פירות יער מולר אקטיב מועשר בחלבון 200 גר',מולר Muller,IL,מעדן מולר אקטיב 20גר חלבון פ.יער 200גר,גרמים,200.00,100 גרם,false,24,6.00,3.0000,true,1,32066
7290102441785,false,פטיש שניצל יציקה,,,פטיש שניצל יציקה,יחידה,1.00,יחידה,false,1,31.90,31.9000,true,1,11761
7290102444922,false,רשת צליה עמוק רשת,,,רשת צליה עמוק רשת 25/33/5סמ,יחידה,1.00,יחידה,false,1,44.90,44.9000,true,1,38705
7290102444946,false,קרש סטייק עץ 25 סמ,,,קרש סטייק עץ 25 סמ באפלו,יחידה,1.00,יחידה,false,1,39.90,39.9000,true,1,36269
7290102451821,false,מנגל גמבו רגליים מתק,,,מנגל גמבו רגליים מתקפלות,יחידה,1.00,יחידה,false,1,189.00,189.0000,true,1,47972
7290102452248,false,קומקום נשלף ג.גלוי לבן 2000 W,,,קומקום חשמלי גוף גלוי נירוסטה,Unknown,0.00,Unknown,false,1,49.90,0.0000,true,1,12415
7290102454358,false,תבלינים זכוכית שישיה,,,סט 6 צנצנות תבלינים זכוכית מכסה צבעוני,יחידה,6.00,יחידה,false,1,18.90,3.1500,true,1,36265
7290102455904,false,תבנית זכוכית 1ליטר פ,,,תבנית זכוכית 1ליטר פרשבוקס,יחידה,1.00,יחידה,false,1,36.90,36.9000,true,1,29839
7290102455935,false,תבנית זכוכית 2.9ליטר,,,תבנית זכוכית 2.9ליטר פרשבוקס,יחידה,1.00,יחידה,false,1,76.90,76.9000,true,1,29838
7290102456406,false,חנוכיה מתכת מגן דוד,,,חנוכיה מתכת מגן דוד,Unknown,0.00,Unknown,false,1,17.90,0.0000,true,1,30751
7290102457007,false,לקיטשן פסטל מארז 3 קולפנים בדיספליי,,,מארז 3 קולפנים פסטל לקיטשן,יחידה,3.00,יחידה,false,1,16.90,5.6333,true,1,32566
7290102457038,false,לקיטשן פסטל מחדד גזר בדיספליי,,,מחדד גזר פסטל לקיטשן,יחידה,1.00,יחידה,false,1,11.90,11.9000,true,1,32569
7290102457076,false,פותחן מלצרים מולטי פ,,,פותחן מלצרים מולטי פסטל לקיטשן,יחידה,1.00,יחידה,false,1,11.90,11.9000,true,1,32572
7290102457083,false,קולפן ידית 2 ראשים פ,,,קולפן ידית 2 ראשים פסטל לקיטשן,יחידה,1.00,יחידה,false,1,11.90,11.9000,true,1,32573
7290102457120,false,לקיטשן פסטל מברשת+ לקקן צר בדיספליי,,,מברשת+לקקן צר פסטל לקיטשן,יחידה,1.00,יחידה,false,1,11.90,11.9000,true,1,32576
7290102458424,false,צנצנת תבלינים הרמטי,,,צנצנת תבלינים הרמטי צבעוני 0.25ליטר,יחידה,1.00,יחידה,false,1,9.90,9.9000,true,1,36257
7290102459292,false,צנצנת דיזייו תבלינים,,,צנצנת דיזייו תבלינים 0.25ליטר,יחידה,1.00,יחידה,false,1,6.90,6.9000,true,1,10775
7290103120658,false,דאודורנט ספיד סטיק גל שחור 85 גרם,הנסיך- מפעל לייצור ט,US,דאו.ספיד סטיק גל לגבר שחור 24/7,Unknown,0.00,Unknown,false,1,18.90,0.0000,true,1,6370
7290103121600,false,"ספיד סטיק - דאודורנט ספריי לגבר 24/7 קול פיוזן 150 מ""ל",קולגייט פלמוליב,RU,דאו.ספיד סטיק ספריי 24/7 כתום 165 מל,מיליליטרים,165.00,"100 מ""ל",false,1,15.90,9.6364,true,1,6829
7290103124588,false,"סבון נוזלי ארומה בניחוח לבנדר פטצ'ולי פלמוליב 750 מ""ל",הנסיך- מפעל לייצור ט,TR,אלסבון פלמוליב משאבה סגול 750 מל,מיליליטרים,750.00,"100 מ""ל",false,1,16.90,2.2533,true,1,8375
7290103124601,false,"תחליב רחצה נוזל חלב ודבש משאבה 750מ""ל פלמוליב",הנסיך- מפעל לייצור ט,TR,אלסבון פלמוליב משאבה חלב ודבש 750 מל,מיליליטרים,750.00,"100 מ""ל",false,1,16.90,2.2533,true,1,8374
7290103126797,false,"קולגייט משחת שיניים סנסיטיב פרו ריליף 75 מ""ל",הנסיך- מפעל לייצור ט,BR,מש.שיניים קולגייט סנסיטיב פרו ריליף75מל,מיליליטרים,75.00,"100 מ""ל",false,1,18.90,25.2000,true,1,7990
7290103128739,false,מקלוני כותנה לתינוק בלונס 50 יחידות,הנסיך- מפעל לייצור ט,GR,מקלות אוזניים בלונס לתינוק 50 יח,יחידה,50.00,יחידה,false,1,7.50,0.1500,true,1,9132
7290103129378,false,ספיד סטיק - דאודורנט ג'ל לגבר איקס 5 85 גרם,הנסיך- מפעל לייצור ט,US,דאו.ספיד סטיק גל אקטיב אקס 5,גרמים,51.00,100 גרם,false,1,28.90,56.6667,true,1,9690
7290103129637,false,בלונס פדים אובליים להסרת איפור 40 יחידות,הנסיך- מפעל לייצור ט,GR,פדים אובלים להסרת איפור בלונס40יח,יחידה,40.00,יחידה,false,1,9.90,0.2475,true,1,9686
7290103151386,false,שקיות אשפה 90*75 לפיד 25 יחידות,גי פלסט,IL,שקיות אשפה עם ידית 75/90 לפיד 25יח,יחידה,25.00,יחידה,false,15,12.90,0.5160,true,1,26939
7290103151478,false,קופסאות אחסון חד פעמ,מדף פלזית,IL,קופסאות אחסון חד פעמי 250סמק 20יח,יחידה,20.00,יחידה,false,1,11.90,0.5950,true,1,14521
7290103151485,false,קופסאות אחסון חד פעמ,מדף פלזית,IL,קופסאות אחסון חד פעמי 500סמק 15יח,יחידה,15.00,יחידה,false,1,11.90,0.7933,true,1,14522
7290103151508,false,מיכלי אחסון 1 ליטר 5,סנטר פלסט,IL,מיכלי אחסון 1 ליטר 5 יח,יחידה,5.00,יחידה,false,1,11.90,2.3800,true,1,14523
7290103153458,false,קערה מרובעת שקופה OZ 32,אוריפלסט,CN,קערה קטנה מרובעת חד פעמי,יחידה,1.00,יחידה,false,1,7.90,7.9000,true,1,14480
7290103153472,false,קערה מרובעת שקופה OZ 128,אוריפלסט,CN,קערה גדולה מרובעת חד פעמי,יחידה,1.00,יחידה,false,1,12.90,12.9000,true,1,14482
7290103156336,false,מזלגות איכותיים צבעו,MAZLUM,,מזלגות חד פעמי צבעוני 100 יח,יחידה,100.00,יחידה,false,1,21.90,0.2190,true,1,14540
7290103156343,false,סכינים איכותיים צבעו,MAZLUM,,סכינים חד פעמי צבעוני 100 יח,יחידה,100.00,יחידה,false,1,21.90,0.2190,true,1,14541
7290103156466,false,כף לבן 100 יחי' לפיד,mazlum,,כף חד פעמי 100 יח לפיד,יחידה,100.00,יחידה,false,1,11.90,0.1190,true,1,14483
7290103156473,false,כפיות חד פעמי 100 יח,mazlum,TR,כפית חד פעמי 100 יח לפיד,יחידה,100.00,יחידה,false,1,9.90,0.0990,true,1,14484
7290103156480,false,מזלגות חד פעמי 100 י,mazlum,TR,מזלג חד פעמי 100 יח לפיד,יחידה,100.00,יחידה,false,1,11.90,0.1190,true,1,14485
7290103156497,false,סכין לבן לפיד 100 יחידות,mazlum,,סכין חד פעמי 100 יח לפיד,יחידה,100.00,יחידה,false,1,11.90,0.1190,true,1,14486
7290103156718,false,כוס נייר 10 + מכסה 14 יח,WSI INTERNATIONAL LT,CN,כוס שתיה חמה+מכסה טו גו 14 יח,יחידה,14.00,יחידה,false,1,10.90,0.7786,true,1,14492
7290103156930,false,כוסות יהלום חד פעמי,LARIPLAST,TR,כוסות יהלום חד פעמי 40יח,יחידה,40.00,יחידה,false,1,16.90,0.4225,true,1,14535
7290103157128,false,צלחות קטנות חד פעמי,ningbo,CN,צלחות קטנות חד פעמי מילאנו 10יח כסף,יחידה,10.00,יחידה,false,1,21.90,2.1900,true,1,14558
7290103157159,false,צלחות מרק חד פעמי מי,ningbo,CN,צלחות מרק חד פעמי מילאנו 10יח לבן כסף,יחידה,10.00,יחידה,false,1,25.90,2.5900,true,1,14560
7290103157678,false,צלחות גדולות חד פעמי,פאלאס תעשיות נטו (20,IL,צלחות גדולות חד פעמי 1 קילו לפיד,קילוגרמים,1.00,"ק""ג",false,1,39.90,39.9000,true,1,14556
7290103400194,false,"כרוב לבן 400 גר בד""צ ירקות שטראוס",שטראוס בריאות ירקות טריי,IL,כרוב לבן חתוך 400 גר בדץ אחלה,גרמים,400.00,100 גרם,false,1,10.00,2.5000,true,1,7569
7290103400231,false,"גזר מגורד שטראוס 400 גרם בד""צ",שטראוס בריאות ירקות טריי,IL,גזר חתוך 400 גר בדץ אחלה,גרמים,400.00,100 גרם,false,1,9.00,2.2500,true,1,7568
7290103400255,false,"סלט קולסלאו 400 גרם בד""צ ירקות שטראוס",שטראוס בריאות ירקות טריי,IL,סלט קולאסלאו 400 גר בדץ אחלה,גרמים,400.00,100 גרם,false,1,9.00,2.2500,true,1,7574
7290103401429,false,קפה קצב ברזילאי אוריגינס 200 גר,הנסיך- מפעל לייצור ט,IL,קפה נמס עלית קצב ברזילאי 200 גרם,גרמים,200.00,100 גרם,false,1,25.90,12.9500,true,1,6831
7290103404758,false,סלט כרוב אדום במיונז אחלה 120 גרם,מיוצר עי קונדיטוריית,IL,סלט כרוב יום יום 120 גר,גרמים,120.00,100 גרם,false,1,4.90,4.0833,true,1,6607
7290103408206,false,עלי חסה ערבית שטופים שטראוס 250 גרם,שטראוס בריאות ירקות טריי,IL,עלי חסה ערבית שטופים 250 גר קופסא,גרמים,250.00,100 גרם,false,1,10.00,4.0000,true,1,6895
7290103681050,false,יין סינגל ויניארד ויונייה 2018 750 מל,,IL,יין כרם יחיד ויונייה 750 מל,מיליליטרים,750.00,"100 מ""ל",false,6,100.00,13.3333,true,1,35757
7290103681197,false,"יין הר שיראז מיתוג תנשמת 750 מ""ל",מיוצר על ידי יקב תבור,IL,יין תבור הר שיראז 750 מל פיקדון,מיליליטרים,750.00,"100 מ""ל",false,6,45.00,6.0000,true,1,27290
7290103681210,false,"יין הר שרדונה מיתוג תנשמת 750 מ""ל",מיוצר על ידי יקב תבור,IL,יין תבור הר שרדונה 750 מל פיקדון,מיליליטרים,750.00,"100 מ""ל",false,6,45.00,6.0000,true,1,27292
7290103681227,false,"יין הר גוורצטרמינר מיתוג תנשמת 750 מ""ל",מיוצר על ידי יקב תבור,IL,יין גוורצטרמיננר 750 מל,מיליליטרים,750.00,"100 מ""ל",false,6,45.00,6.0000,true,1,27293
7290103681234,false,"יין הר רוזה מיתוג תנשמת 750 מ""ל",מיוצר על ידי יקב תבור,IL,יין תבור הר רוזה 750 מל פיקדון,מיליליטרים,750.00,"100 מ""ל",false,6,45.00,6.0000,true,1,27294
7290103681289,false,"יין אדמה קברנה תנשמת 750 מ""ל",יקב תבור,IL,יין אדמה קברנה סוביניון 750 מל,מיליליטרים,750.00,"100 מ""ל",false,6,60.00,8.0000,true,1,35758
7290103681296,false,"יין אדמה מרלו תנשמת 750 מ""ל",יקב תבור,IL,יין תבור מרלו 750 מל פיקדון,מיליליטרים,750.00,"100 מ""ל",false,6,60.00,8.0000,true,1,32799
7290103681326,false,"יין אדמה גוורצטרמינר תנשמת 750 מ""ל",יקב תבור,IL,יין אדמה גוורצטרמינר 750 מל,מיליליטרים,750.00,"100 מ""ל",false,6,60.00,8.0000,true,1,35754
7290103681333,false,"יין אדמה רוסאן תנשמת 750 מ""ל",יקב תבור,IL,יין אדמה רוסאן 750 מל,מיליליטרים,750.00,"100 מ""ל",false,6,60.00,8.0000,true,1,50394
7290103681340,false,"יין אדמה סוביניון בלאן תנשמת 750 מ""ל",יקב תבור,IL,יין אדמה סוביניון בלאן 750 מל,מיליליטרים,750.00,"100 מ""ל",false,6,60.00,8.0000,true,1,35756
7290103681357,false,"יין אדמה רוזה תנשמת 750 מ""ל",יקב תבור,IL,יין אדמה רוזה 750 מל,מיליליטרים,750.00,"100 מ""ל",false,6,60.00,8.0000,true,1,35759
7290103681562,false,"סינגל ויניארד טנאט 750 מ""ל",יקב תבור,IL,יין כרם יחיד טנאט 750 מל,מיליליטרים,750.00,"100 מ""ל",false,1,100.00,13.3333,true,1,35784
7290103681579,false,יין כרם יחיד מרסלאן,יקב תבור,IL,יין כרם יחיד מרסלאן 750 מל,מיליליטרים,750.00,"100 מ""ל",false,1,100.00,13.3333,true,1,35762
7290103681647,false,"יין אקו בלנד אדום 750 מ""ל",יקב תבור,IL,יין אקו אדום 750 מל,מיליליטרים,750.00,"100 מ""ל",false,6,75.00,10.0000,true,1,35764
7290103681654,false,"יין אקו בלנד לבן 750 מ""ל",יקב תבור,IL,יין אקו לבן 750 מל,מיליליטרים,750.00,"100 מ""ל",false,6,75.00,10.0000,true,1,35763
7290103681661,false,"יין אדמה שנין בלאן 2020 750 מ""ל",יקב תבור,IL,יין אדמה שנין בלאן 750 מל,מיליליטרים,750.00,"100 מ""ל",false,6,60.00,8.0000,true,1,46482
7290104061417,false,סלט חומוס עם טחינה אחלה 400 גרם,"שטראוס גרופ בע""\מ",IL,סלט חומוס עם טחינה 400 גר אחלה,גרמים,400.00,100 גרם,false,,10.90,2.7250,true,1,7046
7290104061431,false,סלט חומוס עם צנובר אחלה 400 גרם,"שטראוס גרופ בע""\מ",IL,סלט חומוס עם צנובר 400 גר אחלה,גרמים,400.00,100 גרם,false,1,10.90,2.7250,true,1,7048
7290104061448,false,סלט חומוס עם חריף אחלה 400 גרם,מיוצר עי קונדיטוריית,IL,סלט חומוס עם חריף 400 גר אחלה,גרמים,400.00,100 גרם,false,1,10.90,2.7250,true,1,7047
7290104062599,false,מארז 8 יחידות מעדן גמדים בטעמי תות ובננה,"שטראוס בריאות בע""\מ",IL,מארז 8 גמדים תות בננה מחיר מיוחד 800 גר,גרמים,800.00,100 גרם,false,1,19.90,2.4875,true,1,7093
7290104064012,false,חטיף פסק זמן GOOD שוקולד לבן גוד 36 גרם,SOLEN CIKOLATA GIDA,TR,חטיף פסק זמן טו גוד לבן 36 גר,גרמים,36.00,100 גרם,false,1,6.00,16.6667,true,1,8813
7290104065187,false,אבקה להכנת משקה קפה בטעם מוקה,STRAUSS-ISRAEL,IL,קפה נמס מוקה אבקתי 200 גר,גרמים,200.00,100 גרם,false,1,24.90,12.4500,true,1,7501
7290104065934,false,עלי רוקט שטראוס 150 גרם,שטראוס בריאות ירקות טריי,IL,עלי רוקט שטראוס 150 גר,גרמים,150.00,100 גרם,false,1,10.00,6.6667,true,1,7385
7290104067679,false,סלט טחינה אחלה 400גר,מיוצר עי קונדיטוריית,IL,סלט טחינה אחלה 400גר,גרמים,400.00,100 גרם,false,1,10.90,2.7250,true,1,11180
7290104068539,false,מאסט פליפטופ מלון ואבטיח ללא גרעינים,"שטראוס גרופ בע""מ",IL,מסטיק מאסט מלון אבטיח 28 גר פליפטופ,גרמים,28.00,100 גרם,false,1,5.00,17.8571,true,1,7580
7290104068546,false,גומי מאסט בטעם לימון קולה ללא סוכר 28 ג' עלית,"שטראוס גרופ בע""מ",IL,מסטיק מאסט קולה עם קרח 28 ג פליפטופ,גרמים,28.00,100 גרם,false,1,5.00,17.8571,true,1,7700
7290104500572,false,אפרופו חטיף תירס איטליאנו אסם 50 גרם,מיוצר עי קונדיטוריית,IL,חטיף תירס אפרופו איטליאנו 50 גרם,גרמים,50.00,100 גרם,false,1,5.00,10.0000,true,1,8130
7290104501661,false,אינסטנט פודינג בטעם וניל צרפתי אסם 80 גרם,מיוצר עי קונדיטוריית,IL,אינסטנט פודינג וניל צרפתי אסם 80 גר,גרמים,80.00,100 גרם,false,1,6.00,7.5000,true,1,7843
7290104501807,false,מיני מאפינס שוקו חמישיה,בונז'ור- תבואות בר,IL,עוגיות מיני מאפינס שוקולד 5 יח 200 גר,גרמים,200.00,100 גרם,false,1,9.90,4.9500,true,1,7661
7290104504228,false,מיני דובונים אסם 100 גרם מארז 5 יחידות,"אסם השקעות בע""\מ",IL,מארז 5 יח חטיף דובונים 20 גר,גרמים,100.00,100 גרם,false,1,13.90,13.9000,true,1,8359
7290104508189,false,גביעי וופל ממותקים לגלידה 24 יח',בטר אנד דיפרנט,IL,גביעי גלידה ממותקים 24 יח 95 גר,גרמים,95.00,100 גרם,false,1,12.90,13.5789,true,1,8174
7290104508202,false,גביעי גלידה אמריקאים אסם 120 גרם 24 יחידות,"גילרו בע""מ",IL,גביעי גלידה אמריקאים 24 יח120 גר,גרמים,120.00,100 גרם,false,1,12.90,10.7500,true,1,8175
7290104508943,false,במבה חטיף בוטנים אסם 200 גרם,"אסם השקעות בע""\מ",IL,חטיף במבה קלאסי 200 גר,גרמים,200.00,100 גרם,false,1,9.90,4.9500,true,1,8654
7290104509247,false,בונז'ור-עוגת קראנץ' שוקולד עשיר 650 גר',בונז'ור,IL,עוגת קראנץ טעם שוקולד 650 גר,גרמים,650.00,100 גרם,false,1,25.90,3.9846,true,1,8356
7290104509353,false,בונז'ור עוגת בריוש פרג 550 ג',בונז'ור,IL,עוגת בריוש פרג 550 גר,גרמים,550.00,100 גרם,false,1,30.00,5.4545,true,1,8272
7290104570162,false,תמרים כבושים 500גרם בית שאן,תמר העמקים בית שאן,IL,תמרים כבושים 500 גר,גרמים,500.00,100 גרם,false,1,13.90,2.7800,true,1,10358
7290104570629,false,ממרח גביע ירוק 450 ג' ירדן,"תמר העמקים בע""מ",IL,ממרח תמרים צמח 450 גרם,גרמים,450.00,100 גרם,false,1,5.90,1.3111,true,1,23855
7290104615252,false,זרים אחידים,,,זרים אחידים,Unknown,0.00,Unknown,false,1,40.00,0.0000,true,1,10696
7290104615436,false,צמחים,,,צמחים,Unknown,0.00,Unknown,false,1,15.00,0.0000,true,1,10658
7290104615467,false,צמחים,,,צמחים,Unknown,0.00,Unknown,false,1,18.00,0.0000,true,1,10661
7290104615719,false,צמחים,,,צמחים,Unknown,0.00,Unknown,false,1,30.00,0.0000,true,1,10671
7290104615849,false,צמחים,,,צמחים,Unknown,0.00,Unknown,false,1,45.00,0.0000,true,1,10677
7290104615894,false,צמחים,,,צמחים,Unknown,0.00,Unknown,false,1,50.00,0.0000,true,1,10678
7290104615962,false,צמחים,,,צמחים,Unknown,0.00,Unknown,false,1,60.00,0.0000,true,1,19510
7290104615993,false,עציצים,,,צמחים,Unknown,0.00,Unknown,false,1,75.00,0.0000,true,1,19513
7290104618208,false,צמחים,,,צמחים,Unknown,0.00,Unknown,false,1,60.00,0.0000,true,1,10681
7290104618277,false,צמחים,,,צמחים,Unknown,0.00,Unknown,false,1,95.00,0.0000,true,1,10688
7290104721533,false,רצועות פלפלים קלויים אחלה 400 ג',מיוצר עי קונדיטוריית,IL,סלט רצועות פלפלים קלויים 400 גר אחלה,גרמים,400.00,100 גרם,false,1,16.90,4.2250,true,1,7927
7290104721953,false,לקט מסולסלים ירקות שטראוס 350 גרם,שטראוס בריאות ירקות טריי,IL,לקט ירקות מסולסלים 350 גר,גרמים,350.00,100 גרם,false,1,13.00,3.7143,true,1,7676
7290104722530,false,תפוצ'יפס בטעם שמנת בצל עלית 200 גרם,"שטראוס פריטו ליי בע""\מ )",IL,חטיף תפוציפס שמנת בצל 200 גרם,גרמים,200.00,100 גרם,false,1,11.00,5.5000,true,1,7697
7290104726262,false,רביעייה מעדן דני שוקולד דיסני לבנים 125 גרם,מיוצר עי קונדיטוריית,IL,מארז 4 יח דני לשתיה 500גר,גרמים,500.00,100 גרם,false,1,11.90,2.3800,true,1,8025
7290104726712,false,מארז 8 יחידות מעדן מילקי בטעם שוקולד עם קצפת,"שטראוס גרופ בע""\מ",IL,מארז מילקי שמינייה 8*133גר,גרמים,1.00,100 גרם,false,1,19.90,1990.0000,true,1,8891
7290104728310,false,"שמנת מתוקה עמידה 38% שומן ""יטבתה"" -מוצר בפיקוח",שטראוס גרופ,IL,שמנת מתוקה 38% עמידה 250 מל***,גרמים,250.00,100 גרם,false,1,6.47,2.5880,true,1,8157
7290104729003,false,"יד מרדכי - שמן זית כתית מעולה 2 קלאסי 750 מ""ל",מכוורת יד מרדכי שטרא,IL,שמן זית כתית מעולה 750 מל יד מרדכי,מיליליטרים,750.00,"100 מ""ל",false,1,32.90,4.3867,true,1,8099
7290104851339,false,צלחת קטנה קרם אלגנט,,,צלחות אלגנט חד פעמי קטנות קרם 25 יח,יחידה,25.00,יחידה,false,1,11.90,0.4760,true,1,13355
7290104851612,false,ליפתניות חד פעמי 25י,,IL,ליפתניות חד פעמי 25יח קרם פאלאס,יחידה,25.00,יחידה,false,40,7.50,0.3000,true,1,32054
7290104852138,false,מארז שישייה מגבון ט,,,מארז שישייה מגבון טואלט פאלאס,יחידה,6.00,יחידה,false,1,15.90,2.6500,true,1,13656
7290104852176,false,נרות נשמה 24 שעות פאלאס,פאלאס,IL,נר נשמה פחית פאלאס,Unknown,0.00,Unknown,false,1,2.20,0.0000,true,1,13876
7290104852503,false,מגבוני נייר טואלט לחים פאלאס 3 * 40 יחידות,,IL,מגבוני טואלט 3/40 דף פאלאס,יחידה,40.00,יחידה,false,1,10.00,0.2500,true,1,13657
7290104852794,false,תבנית אלומיניום לאוב,פאלאס,IL,תבנית אלומיניום לאובן 13יח פאלאס,יחידה,13.00,יחידה,false,1,12.90,0.9923,true,1,15949
7290104852800,false,תבנית אלומיניום מלבן,פאלאס,IL,תבנית אלומיניום מלבן לתנור+מכסה 10יח פאל,יחידה,10.00,יחידה,false,1,12.90,1.2900,true,1,15950
7290104855672,false,מגש חד פעמי יהלום שק,אינפלסטיק,IL,מגש חד פעמי יהלום שקוף,יחידה,1.00,יחידה,false,1,6.90,6.9000,true,1,14773
7290104856075,false,מארז קינוחים חד פעמי,xueli,CN,מארז קינוחים חד פעמי 12יח תאומים,יחידה,12.00,יחידה,false,1,13.90,1.1583,true,1,15572
7290104856914,false,2 אלבד מקופל זהב לבן פאלאס,פאלאס,CN,מפות שולחן אל בד 2יח 2.7/1.2סמ לפיד,יחידה,2.00,יחידה,false,1,12.90,6.4500,true,1,15947
7290104858161,false,כוסות נייר 4 אוז 50 יח',WSI INTERNATIONAL LT,,כוסות שתייה חמה חד פעמי 4 אונז 50 יח,יחידה,50.00,יחידה,false,1,7.90,0.1580,true,1,17526
7290104859410,false,צלחות גדולות חד פעמי,פאלאס תעשיות נטו (20,CN,צלחות גדולות חד פעמי 1 קילו לפיד,קילוגרמים,1.00,"ק""ג",false,1,44.90,44.9000,true,1,50372
7290104859779,false,כוסות איכותיות 40 יח,פאלאס,CN,כוסות חד פעמי 330 מל 40יח,יחידה,30.00,יחידה,false,1,11.90,0.3967,true,1,20795
7290104859786,false,תבנית אלומיניום בינו,,IL,תבנית אלומיניום בינונית 7יח אר31 פאלאס,יחידה,7.00,יחידה,false,1,8.90,1.2714,true,1,23238
7290104859793,false,תבנית אלומיניום ענקי,,IL,תבנית אלומיניום ענקיות 4יח אר99 פאלאס,יחידה,4.00,יחידה,false,1,8.90,2.2250,true,1,23240
7290104859809,false,תבנית אלומיניום ארוכ,,IL,תבנית אלומיניום אינגליש קייק14יח אר88פאל,יחידה,14.00,יחידה,false,1,8.90,0.6357,true,1,23239
7290104859816,false,תבנית אלומיניום מלבן,,,תבנית אלומיניום מלבן בינוני 7יח אר2 פאלא,יחידה,7.00,יחידה,false,1,8.90,1.2714,true,1,23236
7290104859823,false,תבנית אלומיניום עמוק,,IL,תבנית אלומיניום מלבן עמוק 8יח אר64פאלאס,יחידה,8.00,יחידה,false,1,9.90,1.2375,true,1,22700
7290104859830,false,8 תבניות אפייה עגולות פא,פאלאס,IL,תבנית אלומיניום עגול גדול 8 יח פאלאס,יחידה,8.00,יחידה,false,8,10.90,1.3625,true,1,23763
7290104960239,false,"תחליב רחצה נקה 7 ארומה לבן 750 מ""ל",טרופיקל דגיל תעשיות קוסמ,IL,אלסבון נקה 7 ארומה לבן 750 מל,מיליליטרים,750.00,"100 מ""ל",false,1,12.90,1.7200,true,1,8062
7290104960246,false,"נקה 7 - תחליב רחצה ורד ויסמין 750 מ""ל",טרופיקל דגיל תעשיות קוסמ,IL,אלסבון נקה 7 ארומה ורוד 750 מל,מיליליטרים,750.00,"100 מ""ל",false,1,12.90,1.7200,true,1,8063
7290104960253,false,"תחליב רחצה נקה 7 לבנדר סגול 750מ""ל",טרופיקל דגיל תעשיות קוסמ,IL,אלסבון נקה 7 ארומה לבנדר 750 מל,מיליליטרים,750.00,"100 מ""ל",false,1,12.90,1.7200,true,1,8064
7290104960352,false,"נקה 7 תחליב רחצה ארומה שקד וניל 750מ""ל","אמיליה קוסמטיקס בע""מ",IL,אלסבון נקה שקד וניל ארומה 750 מל,מיליליטרים,750.00,"100 מ""ל",false,1,12.90,1.7200,true,1,8065
7290104960970,false,דאודורנט ספריי טיטניום מטאל Titanium Metal,אמיליה קוסמטיקס בעמ,IL,דאו.ספריי טיטניום מטאל 180 מל,מיליליטרים,180.00,"100 מ""ל",false,1,17.90,9.9444,true,1,8512
7290104961205,false,"נקה 7 תחליב רחצה מגע קטיפה מ""לפפון קיווי 750 מ""ל",טרופיקל דגיל תעשיות קוסמ,IL,ת.רחצה נקה מגע קטיפה מלפפון750מל,מיליליטרים,750.00,"100 מ""ל",false,1,12.90,1.7200,true,1,9053
7290104961243,false,"נקה 7 תחליב רחצה מגע קטיפה קוקוס ליים 750 מ""ל",טרופיקל דגיל תעשיות קוסמ,IL,ת.רחצה נקה מגע קטיפה קוקוס ליים750מל,מיליליטרים,750.00,"100 מ""ל",false,1,12.90,1.7200,true,1,9054
7290104961250,false,"נקה 7 תחליב רחצה מגע קטיפה וניל מאסק 750 מ""ל",טרופיקל דגיל תעשיות קוסמ,IL,ת.רחצה נקה מגע קטיפה וניל מאסק750מל,מיליליטרים,750.00,"100 מ""ל",false,1,12.90,1.7200,true,1,9055
7290104961878,false,"שמפו לשיער קרטין אינטנס פורמולה 400 מ""ל נטורל",נטורל פורמולה Natural Formula,IL,שמפו קרטין אינטנס נטורל פורמולה 400מל,מיליליטרים,400.00,"100 מ""ל",false,1,27.90,6.9750,true,1,9931
7290104961885,false,מרכך קרטין טהור לשיער שעבר החלקה או עיצוב בחום,נטורל פורמולה Natural Formula,IL,מרכך קרטין אינטנס נטורל פורמולה 400מל,מיליליטרים,400.00,"100 מ""ל",false,1,27.90,6.9750,true,1,9932
7290104961892,false,מסכת קרטין טהור לשיער שעבר החלקה או עיצוב בחום,נטורל פורמולה Natural Formula,IL,מסכת שיער קרטין אינטנס 350 מל,מיליליטרים,350.00,"100 מ""ל",false,1,34.90,9.9714,true,1,13596
7290104961991,false,"סבון בניחוח חמאה שיאה שחור נקה 7 שלישייה * 500 מ""ל",אמיליה קוסמטיקס,IL,מארז 3 יח סבון נוזלי נקה 7 חמאת שיאה 500,ליטרים,1.50,ליטר,false,1,21.90,14.6000,true,1,13339
7290104962004,false,"סבון בניחוח וניל ומאסק נקה 7 שלישייה * 500 מ""ל",אמיליה קוסמטיקס,IL,מארז 3 יח סבון נוזלי נקה 7 וניל מאסק 500,ליטרים,1.50,ליטר,false,1,21.90,14.6000,true,1,13342
7290104962073,false,דאודורנט ספריי גוף טיטניום גולד Titanium Gold,"אמיליה קוסמטיקס בע""מ",IL,דאו.ספריי טיטניום גולד 180 מל,מיליליטרים,180.00,"100 מ""ל",false,1,17.90,9.9444,true,1,11017
7290104962080,false,"טיטניום - דאודורנט ספריי לגבר גולד 150 מ""ל",משווק: קוסמופארם בעמ,IL,דאו.ספריי גוף טיטניום גולד 150 מל,מיליליטרים,150.00,"100 מ""ל",false,1,13.90,9.2667,true,1,11019
7290104962134,false,דאודורנט קרליין רול און נושם לנערות ללא אלומיניום,מיוצר עי : אמיליה קוסמטי,IL,דאו קרליין רול און נושם נערות 75 מל,מיליליטרים,75.00,"100 מ""ל",false,1,12.90,17.2000,true,1,11510
7290104962578,false,דאודורנט ספריי נושם + אינביזיבל ללא סימנים לבנים,"אמיליה קוסמטיקס בע""מ",IL,דאו קרליין ספריי נושם אינויזיבל 200 מל,מיליליטרים,200.00,"100 מ""ל",false,1,12.90,6.4500,true,1,18599
7290104962660,false,"קרליין - נושם דאודורנט ספריי לאישה ללא אלומיניום 200 מ""ל",אמיליה קוסמטיקס בעמ,IL,דאו קרליין ספריי נושם ללא אלומיניום 200מ,מיליליטרים,200.00,"100 מ""ל",false,1,12.90,6.4500,true,1,12826
7290104962684,false,"קרליין - נושם דאודורנט רול און לאישה ללא אלומיניום 75 מ""ל",מיוצר עי : אמיליה קוסמטי,IL,קרליין דאו רול און נושם ללא אלומיניום 75,מיליליטרים,75.00,"100 מ""ל",false,1,12.90,17.2000,true,1,12825
7290104962844,false,"שמפו אמפולה לטיפול אינטנסיבי לשיער יבש, צבוע ופגום",נטורל פורמולה Natural Formula,IL,שמפו אמפולה אינטנס נטורל פורמולה 400 מל,מיליליטרים,400.00,"100 מ""ל",false,1,27.90,6.9750,true,1,13660
7290104962851,false,"מרכך אמפולה לטיפול אינטנסיבי לשיער יבש, צבוע ופגום",נטורל פורמולה Natural Formula,IL,מרכך אמפולה אינטנס נטורל פורמולה 400 מל,מיליליטרים,400.00,"100 מ""ל",false,1,27.90,6.9750,true,1,13661
7290104963001,false,סופטקר מגבונים לחים רביעייה בניחוח עדין,החברה הדרומית,IL,מארז 4יח מגבוני סופטקר בניחוח עדין,יחידה,4.00,יחידה,false,1,18.90,4.7250,true,1,15908
7290104963018,false,סופטקר מגבונים לחים רביעייה ללא בישום,החברה הדרומית,IL,מארז 4יח מגבוני סופטקר ללא בישום,יחידה,4.00,יחידה,false,1,19.90,4.9750,true,1,15909
7290104963155,false,"סופטקר שמן לתינוקות 500 מ""ל",קוסמופארם בע'\'\מ,IL,שמן תינוקות סופטקר 500 מל,מיליליטרים,500.00,"100 מ""ל",false,1,24.90,4.9800,true,1,16300
7290104963162,false,"סופטקר - קרם גוף לתינוקות 500 מ""ל",קוסמופארם בע'\'\מ,IL,קרם גוף תינוקות סופטקר 500 מל,מיליליטרים,500.00,"100 מ""ל",false,1,24.90,4.9800,true,1,16301
7290104963216,false,סופטקר - אל סבון עדין לתינוק לעור רגיש 1 ליטר,קוסמופארם בע'\'\מ,IL,אל סבון סופטקר עדין 1 ליטר,ליטרים,1.00,ליטר,false,1,16.90,16.9000,true,1,16275
7290104963223,false,סופטקר - אל סבון עדין לתינוק לעור רגיש 1 ליטר,קוסמופארם בע'\'\מ,IL,אל סבון סופטקר קלאסי 1 ליטר,ליטרים,1.00,ליטר,false,1,16.90,16.9000,true,1,16273
7290104963650,false,נקה 7 שמפו אל דמע סופטקר 1 ליטר,קוסמופארם בע'\'\מ,IL,שמפו סופטקר אל דמע 1 ליטר,ליטרים,1.00,ליטר,false,1,16.90,16.9000,true,1,16274
7290104963667,false,שמפו ותחליב רחצה אל דמע סופט קר 1 ליטר,קוסמופארם בע'\'\מ,IL,שמפו אלסבון סופטקר 2ב1 אל דמע 1 ליטר,ליטרים,1.00,ליטר,false,1,16.90,16.9000,true,1,16276
7290104963704,false,סופטקר אל סבון קלאסי,טרופיקל דגיל תעשיות,IL,אל סבון סופטקר 770מל משאבה,מיליליטרים,770.00,"100 מ""ל",false,1,16.90,2.1948,true,1,22586
7290104963711,false,"שמפו סופטקר אלדמע משאבה 770 מ""ל",גוד פוד פרודקטס S.p,IL,שמפו סופטקר אל דמע 770מל משאבה,מיליליטרים,770.00,"100 מ""ל",false,1,16.90,2.1948,true,1,22585
7290104964039,false,"סקינגארד תחליב הגנה לילדים 250 מ""ל SPF 50",מיוצר עי : אמיליה קוסמטי,IL,קרם הגנה סקין גארד תחליב לילדים 50 250מל,מיליליטרים,250.00,"100 מ""ל",false,1,46.90,18.7600,true,1,21291
7290104964350,false,אל סבון עשיר בלחות בניחוח פרחי מים - מארז 3 יח',נקה 7,IL,מארז 3 יח סבון נוזלי נקה 7 פרחי מים 500,ליטרים,1.50,ליטר,false,1,21.90,14.6000,true,1,16595
7290104964398,false,"שלשיית אלסבון מפנק נקה 7 וניל רענן 3* 500 מ""ל",,,מארז 3 יח סבון נוזלי נקה 7 וניל רענן 500,ליטרים,1.50,ליטר,false,1,21.90,14.6000,true,1,19308
7290104965647,false,קרליין דאו רול און נושם סוויט קיס לנערות,מיוצר עי : אמיליה קוסמטי,IL,דאודורנט קרליין רול און נושם סוויט קיס75,מיליליטרים,75.00,"100 מ""ל",false,1,12.90,17.2000,true,1,39075
7290104965661,false,קרליין דאו ספרי נושם סוויט קיס לנערות150,"אמיליה קוסמטיקס בע""מ",IL,דאו קרליין ספריי נושם בנות סוויט קיס 200,מיליליטרים,200.00,"100 מ""ל",false,1,12.90,6.4500,true,1,39074
7290105360250,false,קפסולות 09 עשיר וארומטי למכונת נספרסו עלית 10יח',הנסיך- מפעל לייצור ט,IL,קפסולות אספרסו 9 מקיאטו 10 יח,יחידה,10.00,יחידה,false,1,17.00,1.7000,true,1,9837
7290105360328,false,קפסולות אספרסו חזק למכונות נספרסו 10 יח',הנסיך- מפעל לייצור ט,IL,קפסולות אספרסו 10 חזק 10 יח,יחידה,10.00,יחידה,false,1,17.00,1.7000,true,1,9839
7290105360335,false,קפסולות אספרסו למכונות נספרסו 50 גר,הנסיך- מפעל לייצור ט,IL,קפסולות אספרסו 7 מעודן 10 יח,יחידה,10.00,יחידה,false,1,17.00,1.7000,true,1,9838
7290105362339,false,"שמנת לבישול 15% 250 מ""ל יטבתה מהדרין",שטראוס גרופ,IL,שמנת לבישול מפוסטרת 15%,גרמים,241.00,100 גרם,false,1,6.90,2.8631,true,1,9144
7290105363602,false,מקלות כיף כף קלאסי עלית 40 גרם,שולן צ'\יקולטה גידה סאן.,TR,חטיף כיף כף מקלות שוקולד אגוזים42גר,Unknown,0.00,Unknown,false,1,5.50,0.0000,true,1,9719
7290105364289,false,מקלות כיף כף פצפוצים עלית 40 גרם,שולן צ'\יקולטה גידה סאן.,TR,חטיף כיף כף מקלות שוקולד פצפוצים42גר,Unknown,0.00,Unknown,false,1,5.50,0.0000,true,1,9720
7290105364302,false,"עלית חטיף שוקולד כיף כף מקלות אגוזים, 40 גרם",שולן צ'\יקולטה גידה סאן.,TR,חטיף כיף כף מקלות שוקולד אגוז 42גר,Unknown,0.00,Unknown,false,1,5.50,0.0000,true,1,9718
7290105364678,false,"אקטיביה משקה יוגורט בטעם אפרסק שטראוס 250 מ""ל",מיוצר עי קונדיטוריית,IL,משקה דנונה אקטיביה אפרסק 250 מל,מיליליטרים,250.00,"100 מ""ל",false,1,5.40,2.1600,true,1,8255
7290105366023,false,סלט חצילים בטעם כבד אחלה 400 גרם,מיוצר עי קונדיטוריית,IL,סלט חציל בטעם כבד 400 גר אחלה,גרמים,400.00,100 גרם,false,1,16.90,4.2250,true,1,8456
7290105366993,false,סימפוניה גבינת שמנת פלפל שיפקה 5% שטראוס 200 גרם,"שטראוס בריאות בע""מ",IL,גב.סימפוניה פלפל שיפקה חריף 200 גרם,גרמים,200.00,100 גרם,false,1,11.90,5.9500,true,1,11286
7290105368225,false,חומוס אחלה עם פלפל שיפקה 400 גרם,מיוצר עי קונדיטוריית,IL,סלט חומוס עם פלפל שיפקה 400 גר אחלה,גרמים,400.00,100 גרם,false,1,10.90,2.7250,true,1,9386
7290105368331,false,מעדן מילקי בטעם תות עם קצפת,מחלבת אחיהוד,IL,מעדן מילקי תות 133 גרם,גרמים,133.00,100 גרם,false,1,2.90,2.1805,true,1,9324
7290105368904,false,"שמנת מתוקה להקצפה 32% שומן 250 מ""ל יוטבתה",שטראוס גרופ,IL,שמנת מתוקה 32% 241 מל,מיליליטרים,241.00,"100 מ""ל",false,24,7.90,3.2780,true,1,9599
7290105368928,false,"שמנת 9% שומן 200 מ""ל יוטבתה",שטראוס גרופ,IL,שמנת חמוצה 9% 200מל,מיליליטרים,200.00,"100 מ""ל",false,1,3.20,1.6000,true,1,9145
7290105369130,false,סימפוניה גבינת שמנת בצל ירוק 5% שטראוס 200 גרם,"שטראוס בריאות בע""\מ",IL,גב.סימפוניה 5% בצל ירוק 200 ג,גרמים,200.00,100 גרם,false,1,11.90,5.9500,true,1,9952
7290105430458,false,תחליב רחצה מועשר בשקדים וקרם לחות Naturals משאבה,הנסיך- מפעל לייצור ט,TR,אלסבון פלמוליב משאבה שקדים 750 מל,מיליליטרים,750.00,"100 מ""ל",false,1,16.90,2.2533,true,1,10431
7290105430489,false,"ליידי ספיד סטיק רול און סטיינגארד 50 מ""ל",הנסיך- מפעל לייצור ט,IT,דאו.רול און ל.ספיד סטיק סטיינגארד 50מ,Unknown,0.00,Unknown,false,1,19.90,0.0000,true,1,10237
7290105430496,false,ליידי ספיד סטיק סטיינגארד ספריי,קולגייט-פלמוליב,RU,דאו. ליידי ספיד סטיק ספריי סטיינג 100 ג,מיליליטרים,100.00,"100 מ""ל",false,1,15.90,15.9000,true,1,10303
7290105431516,false,מארז חטיף פריי תמרים ובוטנים ללא גלוטן ותוספת סוכר 125 גרם,טבעית מוצרים מן הטבע בעמ,IL,חטיף פרי תמרים בוטנים 5 יח 125 גר,גרמים,125.00,100 גרם,false,1,16.90,13.5200,true,1,10079
7290105431868,false,"סבון פלמוליב נוזלי ספא קוקוס גרגרים 500 מ""ל",הנסיך- מפעל לייצור ט,TR,אלסבון פלמוליב ספא קוקוס גרגרים 500 מל,מיליליטרים,500.00,"100 מ""ל",false,1,16.90,3.3800,true,1,11260
7290105434050,false,ספיד סטיק - דאודורנט סטיק לגבר XL ירוק רגיולר 85 גרם,קולגייט פלמוליב,US,דאו.ספיד סטיק ירוק רגולר לגבר 85 גרם,גרמים,85.00,100 גרם,false,1,18.90,22.2353,true,1,14290
7290105436382,false,חטיף פרי תמרים קשיו ללא תוספת סוכר וגלוטן 5 יח,טבעית מוצרים מן הטבע בעמ,IL,מארז חטיף פריי תמר קשיו 125יח,גרמים,125.00,100 גרם,false,1,16.90,13.5200,true,1,12166
7290105438539,false,קוקי נייר אפייה 40 דפים,אופל אריזות,IL,נייר אפיה קוקי 40 יח,יחידה,40.00,יחידה,false,1,9.90,0.2475,true,1,12833
7290105438546,false,קוקי נייר אפייה פרימיום 40 יח',אופל אריזות,IL,נייר אפיה קוקי אקולוגי 40 יח,יחידה,40.00,יחידה,false,1,10.90,0.2725,true,1,12834
7290105439499,false,מאסטר שף מאסטר שף מיונז 480 גר כשלפ,רמיה סי.וי. הולנד,NL,מיונז הולנדי מאסטר שף 481 גרם,גרמים,481.00,100 גרם,false,1,11.90,2.4740,true,1,15514
7290105439505,false,מאסטר שף קרם בטעם מיונז לייט 479 גר כשלפ,רמיה סי.וי. הולנד,NL,מיונז הולנדי לייט מאסטר שף 497 גרם,גרמים,497.00,100 גרם,false,1,11.90,2.3944,true,1,17289
7290105439581,false,מנה מאסטר שף חרדל דיזיון צרפתי 370 גר,רמיה סי.וי.הולנד,FR,חרדל דיזון צרפתי מאסטר 370 גרם,Unknown,0.00,Unknown,false,1,11.90,0.0000,true,1,15515
7290105474049,false,מעדן מוס לה קט עוף 1,"ביופט בע""מ",IL,מעדן לה קט מוס עוף 155גר,גרמים,155.00,100 גרם,false,1,6.10,3.9355,true,1,12031
7290105474056,false,לה קט מוס סלמון 155 גר',PRODUCTS FOOD HIQ,IL,מעדן לה קט מוס סלמון 155גר,גרמים,155.00,100 גרם,false,1,6.10,3.9355,true,1,12032
7290105474063,false,לה קט מעדן מוס כבד 155ג,"ביופט בע""מ",IL,מעדן לה קט מוס כבד 155גר,גרמים,155.00,100 גרם,false,1,6.10,3.9355,true,1,12034
7290105500151,false,וודקה פינלנדיה בקבוק,"אלטיה קורפ, הלסינקי,",FI,וודקה פינלנדיה 700 מל פקדון,מיליליטרים,700.00,"100 מ""ל",false,6,65.00,9.2857,true,1,9457
7290105500236,false,וויסקי ג'ק דניאלס מס' 7 Brand No,ג'ק דניאלס Jack Daniel's,US,וויסקי גק דניאלס 700 מל פקדון,מיליליטרים,700.00,"100 מ""ל",false,6,110.00,15.7143,true,1,9880
7290105500885,false,מרטיני וורמוט אדום 1 ליטר,מרטיני ורוסי,,יין מרטיני רוסו 1 לי,ליטרים,1.00,ליטר,false,1,65.00,65.0000,true,1,15683
7290105500953,false,"וויסקי ג'ק דניאלס דבש 700 מ""ל",ג'ק דניאל'ס,BE,וויסקי גק דניאלס דבש 700 מל פקדון,מיליליטרים,70000.00,"100 מ""ל",false,1,110.00,0.1571,true,1,11664
7290105500984,false,"בוכא בוקובזה לבנה 700 מ""ל",סייבה,FR,בוכא בוקובזה כשר 700 מל,מיליליטרים,70000.00,"100 מ""ל",false,1,139.00,0.1986,true,1,11849
7290105691224,false,אסם חטיפי פריכונים טורטייה שום בצל 60 גרם,"פרח תעשיות מזון בע""מ.",IL,חטיפי פריכונים טורטיה שום ובצל 60 גר,גרמים,60.00,100 גרם,false,1,7.90,13.1667,true,1,8656
7290105691248,false,אסם חטיפי פריכונים טורטייה תירס 60 גרם,"פרח תעשיות מזון בע""מ.",IL,חטיפי פריכונים טורטיה תירס 60 גר,גרמים,60.00,100 גרם,false,1,7.90,13.1667,true,1,8655
7290105691897,false,קוסקוס עם חיטה מלאה אסם 350 גרם,"מיוצר ע""י קוד יצרן K",IL,קוסקוס אסם חיטה מלאה 350 גר,גרמים,350.00,100 גרם,false,1,8.90,2.5429,true,1,9111
7290105691934,false,קמח שמרים אסם 1 קילו,תאי פרזידנט פוד פאבל,IL,קמח שמרים אסם 1 קג,קילוגרמים,1.00,"ק""ג",false,1,9.90,9.9000,true,1,9570
7290105693341,false,מארז עשיריית במבה אסם 25*10 גרם,"אסם השקעות בע""\מ",IL,מארז 10 יח חטיף במבה 25 גר,גרמים,250.00,100 גרם,false,1,14.90,5.9600,true,1,11335
7290105693457,false,עוגת הבית דמקה שוקו וניל אסם 320 גרם,מיוצר עי קונדיטוריית,IL,עוגת הבית דמקה שוקו וניל 320 גר,גרמים,320.00,100 גרם,false,1,12.90,4.0313,true,1,9233
7290105693952,false,פירורית זהב אסם זהב שומשום 200 ג',מיוצר עי קונדיטוריית,IL,פירורית זהב שומשום 200 גרם,גרמים,200.00,100 גרם,false,1,5.90,2.9500,true,1,9308
7290105694614,false,פסטה ספגטי מהיר הכנה אסם 500 גרם,פסטה זארה,IT,ספגטי אוסם מהיר הכנה 500 גר,גרמים,500.00,100 גרם,false,1,6.90,1.3800,true,1,9435
7290105695024,false,פתיתים אפויים אורז עם אטריות אסם 500 גרם,"אסם השקעות בע""\מ",IL,פתיתים אפויים אוסם אורז איטריות 500 גר,גרמים,500.00,100 גרם,false,1,7.90,1.5800,true,1,9777
7290105695321,false,עוגת הבית בראוניס פאדג' אסם 380 גרם,מיוצר עי קונדיטוריית,IL,עוגת בראוניס פאדג 380 גר שמו,גרמים,380.00,100 גרם,false,1,16.90,4.4474,true,1,9375
7290105962331,false,סחוג תימני אדום חריף מאוד זהבי הכרם 220 גרם,קריניסה ויטמין אס אי,IL,סחוג אחלה זהבי חריף מאוד 220 גר,גרמים,220.00,100 גרם,false,1,13.50,6.1364,true,1,9207
7290105962980,false,כרוב אדום במיונז 400 ג' אחלה,מיוצר עי קונדיטוריית,IL,סלט כרוב אדום אחלה 400 גרם,גרמים,400.00,100 גרם,false,1,10.90,2.7250,true,1,9327
7290105962997,false,חצילים אחלה במיונז 400 גר',"שטראוס גרופ בע""מ",IL,סלט חצילים במיונז אחלה 400ג ותוספת 100ג,גרמים,400.00,100 גרם,false,1,10.90,2.7250,true,1,9326
7290105963000,false,סלט מטבוחה 400 ג' אחלה,מיוצר עי קונדיטוריית,IL,סלט מטבוחה אחלה 400גר,גרמים,400.00,100 גרם,false,1,10.90,2.7250,true,1,9325
7290105964564,false,סלט חומוס אחלה 400גר,מיוצר עי קונדיטוריית,IL,סלט חומוס אחלה 400גרם,גרמים,400.00,100 גרם,false,1,8.90,2.2250,true,1,9328
7290105965738,false,יוגורט לשתיה בטעם תות בננה267 ג' דנונה,מיוצר עי קונדיטוריית,IL,משקה דנונה תות בננה 267 גר,גרמים,267.00,100 גרם,false,1,5.40,2.0225,true,1,11741
7290105966469,false,"חומץ בלסמי ממודנה יד מרדכי 250 מ""ל",אצטייה ג'וזפה קרמוני,IT,חומץ בלסמי ממודנה 250 מל יד מרדכי,מיליליטרים,250.00,"100 מ""ל",false,1,13.90,5.5600,true,1,10002
7290105968098,false,"סלט קולסלאו 500 גרם ""אחלה""",שטראוס גרופ סלטים,IL,סלט קולסלאו 500 גר,גרמים,500.00,100 גרם,false,1,14.90,2.9800,true,1,9671
7290105968654,false,רביולי בטטה פרווה פסטה נונה 400 ג',מיוצר עי קונדיטוריית,IL,רביולי בטטה 400 גר,גרמים,400.00,100 גרם,false,1,19.90,4.9750,true,1,9670
7290105968777,false,פריכיות 5 דגנים עם תחתית שוקולד מריר 70 גרם,"טחנת האבן תעשיות בע""",IL,פרכיות אנרגי שוקולד מריר70 גר,גרמים,70.00,100 גרם,false,1,7.90,11.2857,true,1,10362
7290106398078,false,"ספוג שומר טריות 47/30 ס""מ",,,שטיח ירוק למקרר,Unknown,0.00,Unknown,false,1,14.90,0.0000,true,1,12042
7290106399679,false,מספריים לילדים פיקס,,,מספריים לילדים פיקס 5.5,Unknown,0.00,Unknown,false,1,9.90,0.0000,true,1,27376
7290106506961,false,תחב.רדיאנט וליו פק לונג פלוס אולוויז 20,פרוקטר אנד גמבל,HU,תחבושות אולוויז רדיאנט לונג פלוס 20יח,יחידה,20.00,יחידה,false,1,32.90,1.6450,true,1,19368
7290106520066,false,"רבע לשבע שוקולד חלב במילוי אגוזים עלית 160 גרם בד""צ","הגביע מוצרי וופלים בע""\מ",IL,גלילי ופל רבע לשבע 160 גר,גרמים,160.00,100 גרם,false,1,11.90,7.4375,true,1,9721
7290106520288,false,יוגורט פרו חלבון עם תות 2.4% שומן 150 ג' דנונה,"שטראוס בריאות בע""מ",IL,דנונה וואו תות 150גרם 2.4% שומן,גרמים,150.00,100 גרם,false,1,4.90,3.2667,true,1,15327
7290106520905,false,סלט טורקי אחלה 400 גרם,"שטראוס גרופ בע""\מ",IL,סלט טורקי 400 גר,גרמים,400.00,100 גרם,false,1,16.90,4.2250,true,1,9991
7290106520912,false,"שמנת 9% לבישול יטבתה 250 מ""ל מהדרין",שטראוס גרופ,IL,שמנת לבישול מפוסטרת 9% 250מל יטבתה,גרמים,250.00,100 גרם,false,1,6.90,2.7600,true,1,10414
7290106521049,false,אחלה טעמי השוק קוביות סלק 400 גר,מיוצר עי קונדיטוריית,IL,סלט קוביות סלק 400גר אחלה ט.השוק,גרמים,400.00,100 גרם,false,1,16.90,4.2250,true,1,11016
7290106521926,false,קפה טורקי בצלופן עלית 150 גרם,שטראוס קפה בי.ויn\.,IL,קפה טורקי 150 ג עלית,גרמים,150.00,100 גרם,false,1,10.90,7.2667,true,1,34080
7290106524439,false,"תפוצ'יפס פופס 60 גרם ""עלית""","שטראוס פריטו ליי בע""\מ )",IL,חטיף תפוציפס פופס 60 גר,Unknown,0.00,Unknown,false,1,4.00,0.0000,true,1,20856
7290106525320,false,אבקת שוקולית לאפייה קופסא 500ג' עלית,הנסיך- מפעל לייצור ט,IL,שוקולית לאפיה 500 גר,גרמים,500.00,100 גרם,false,1,15.90,3.1800,true,1,11952
7290106525368,false,גלילי וופל רבע לשבע אין סייד אוט 125 גר,"הגביע מוצרי וופלים בע""\מ",IL,גלילי וופל רבע לשבע אין סייד אוט 125 גר,גרמים,125.00,100 גרם,false,1,11.90,9.5200,true,1,11179
7290106525399,false,קפסולות 06 ברזיל למכונות נספרסו עלית 10יח',הנסיך- מפעל לייצור ט,IL,קפסולות אספרסו 6 ברזיל 10 יח,יחידה,10.00,יחידה,false,1,17.00,1.7000,true,1,16073
7290106525405,false,קפסולות למכונת נספרסו נטול קפאין,שטראוס קפה בי.וי.,IL,קפסולות אספרסו נטול קפאין 10 יח,יחידה,10.00,יחידה,false,1,17.00,1.7000,true,1,12195
7290106526822,false,פריכיות אורז חום מלא תחתית שוקולד חלב 80 גרם,"טחנת האבן תעשיות בע""",IL,פרכיות אנרגי שוקולד חלב80 גר,Unknown,0.00,Unknown,false,1,7.90,0.0000,true,1,11609
7290106528567,false,"דוריטוס גריל 185 גרם ""עלית""","שטראוס פריטו ליי בע""\מ )",IL,חטיף דוריטוס גריל 185 גר,גרמים,185.00,100 גרם,false,1,8.00,4.3243,true,1,15628
7290106528628,false,"דוריטוס טבעי 185 גרם ""עלית""","שטראוס פריטו ליי בע""\מ )",IL,חטיף דוריטוס טבעי 185 גר,גרמים,185.00,100 גרם,false,1,8.00,4.3243,true,1,15629
7290106528949,false,לקט ערוגות 450 גרם שטראוס,שטראוס בריאות ירקות טריי,IL,לקט לסלט ערוגות 450 גרם,גרמים,450.00,100 גרם,false,1,13.00,2.8889,true,1,12029
7290106571921,false,עוגיות פיטנס עוגיות חמוציות 180 גר',מיוצר עי קונדיטוריית,IL,עוגיות פיטנס חמוציות 180 גר,גרמים,180.00,100 גרם,false,1,10.90,6.0556,true,1,11990
7290106572027,false,אוסם - לחמית חמישה דגנים 190 גרם,"אסם השקעות בע""\מ",IL,לחמית חמישה דגנים 190 גר,גרמים,190.00,100 גרם,false,1,9.50,5.0000,true,1,9776
7290106572065,false,חטיפי פריכונים טורטיה חמוץ מתוק 60 גרם,"פרח תעשיות מזון בע""מ",IL,חטיפי פריכונים טורטיה חמוץ מתוק 60 גר,גרמים,60.00,100 גרם,false,1,7.90,13.1667,true,1,9775
7290106572959,false,מארז אפרופו חטיף תירס 5 יחידות,"אסם השקעות בע""\מ",IL,מארז חטיף אפרופו קלאסי 25 גר 5 יח,גרמים,125.00,100 גרם,false,1,12.90,10.3200,true,1,10182
7290106573024,false,סירופ דיאט אננס 1 ליטר עסיס,בית השיטה עסיס תעשיו,IL,סירופ דיאט אננס 1 ל צבעים טבעיים,ליטרים,1.00,ליטר,false,1,17.90,17.9000,true,1,10342
7290106573277,false,חטיף קריספי בטעם זיתים 150 ג' אסם,מיוצר עי קונדיטוריית,IL,חטיפי קרקר טאפאס זיתים150גר,גרמים,150.00,100 גרם,false,1,12.90,8.6000,true,1,11131
7290106573314,false,אוסם - קריספי טאפאס כפרי 150 גרם,מיוצר עי קונדיטוריית,IL,חטיפי קרקר טאפאס כפרי 150גר,גרמים,150.00,100 גרם,false,1,12.90,8.6000,true,1,11133
7290106573598,false,צבר חומוס לבנוני 400 גרם,סלטי צבר,IL,סלט חומוס לבנוני צבר 400 גר,גרמים,400.00,100 גרם,false,1,12.90,3.2250,true,1,10455
7290106573628,false,צבר חומוס עם טחינה 400 גרם,סלטי צבר,IL,סלט חומוס עם טחינה צבר 400 גר,גרמים,400.00,100 גרם,false,1,12.90,3.2250,true,1,10453
7290106573642,false,חומוס צנוברים צבר 400 גרם,סלטי צבר,IL,סלט חומוס עם צנובר צבר 400 גר,גרמים,400.00,100 גרם,false,1,12.90,3.2250,true,1,10452
7290106574953,false,בייגלה שטוחים כעכים שטוחים עם שומשום,מיוצר עי קונדיטוריית,IL,בייגלה שטוחים שומשום 300 גר,גרמים,300.00,100 גרם,false,1,11.50,3.8333,true,1,10630
7290106574977,false,בייגלה שטוחים כעכים שטוחים עם מלח,מיוצר עי קונדיטוריית,IL,בייגלה שטוחים מלח 300 גר,גרמים,300.00,100 גרם,false,1,11.50,3.8333,true,1,10629
7290106575011,false,פתיתים אפויים קוסקוס מחיטה מלאה אסם 400 גרם,מיוצר עי קונדיטוריית,IL,פתיתים אפויים אוסם חיטה מלאה 400 גר,גרמים,400.00,100 גרם,false,1,7.50,1.8750,true,1,10826
7290106575332,false,פתיתים אפויים פלוס בורגול 400 ג' אסם,"מיוצר ע""י קוד יצרן K",IL,פתיתים אפויים אוסם פלוס בורגול 400 גר,גרמים,400.00,100 גרם,false,1,7.90,1.9750,true,1,10825
7290106575431,false,עוגת הבית סופלה בטעם שוקוניל 340 ג' אסם,מיוצר עי קונדיטוריית,IL,עוגת הבית סופלה שוקו וניל 340 גר,גרמים,340.00,100 גרם,false,1,14.00,4.1176,true,1,11130
7290106576223,false,"אפרופו שוקולד 40 גרם ""אסם""",מיוצר עי קונדיטוריית,IL,חטיף תירס אפרופו שוקולד 40 גר,Unknown,0.00,Unknown,false,1,5.00,0.0000,true,1,16977
7290106576513,false,סלט חומוס צבר 400 גר,סלטי צבר,IL,סלט חומוס עגול צבר 400 גר,גרמים,400.00,100 גרם,false,1,10.90,2.7250,true,1,11633
7290106576537,false,חומוס מסעדות צבר 700 גרם,סלטי צבר,IL,סלט חומוס מסעדות צבר 700גר,גרמים,700.00,100 גרם,false,1,12.90,1.8429,true,1,11014
7290106576810,false,גלידה לה קרמריה ריבת חלב 1.4 ל' נסטלה,לה קרמריה- נסטלה,IL,גל. לה קרמריה ריבת חלב 1.4 ליטר,מיליליטרים,1400.00,"100 מ""ל",false,1,18.90,1.3500,true,1,11595
7290106576834,false,גלידה לה קרמריה פונטש בננה1.4 ל' נסטלה,תות תעשיות מזון (201,IL,גל. לה קרמריה פונטש בננה 1.4 ליטר,מיליליטרים,1400.00,"100 מ""ל",false,1,18.90,1.3500,true,1,11600
7290106576858,false,גלידה לה קרמריה תותים בשמנת 1.4 ל' נסטלה,גלידות נסטלה )נגה גלידות,IL,גל. לה קרמריה תותים שמנת 1.4 ליטר,מיליליטרים,1400.00,"100 מ""ל",false,1,18.90,1.3500,true,1,11599
7290106576919,false,גלידה קרמריה סורבה תות לימון 1.4 ליטר,גלידות נסטלה )נגה גלידות,IL,גל. לה קרמריה סורבה תות לימון 1.4 ליטר,מיליליטרים,1400.00,"100 מ""ל",false,1,18.90,1.3500,true,1,11598
7290106576995,false,גלידה סורבה לה קרמריה תות מנגו לייט 1.4 ל' נסטלה,גלידות נסטלה )נגה גלידות,IL,גל. לה קרמריה סורבה תות מנגו 1.4 ליטר,מיליליטרים,1400.00,"100 מ""ל",false,1,18.90,1.3500,true,1,11738
7290106577039,false,גלידה לה קרמריה שוקו וניל פליק 1.4 ל' נסטלה,תות תעשיות מזון (201,IL,גל. לה קרמריה וניל שוקו פליק 1.4 ליטר,מיליליטרים,1400.00,"100 מ""ל",false,1,18.90,1.3500,true,1,11597
7290106577282,false,טחינה אמיתית מרובע 400 ג' צבר,סלטי צבר,IL,סלט טחינה מרובע צבר 400 גר,גרמים,400.00,100 גרם,false,1,12.90,3.2250,true,1,11148
7290106577527,false,סלט קולסלאו כרוב לבן וגזר 400 ג' צבר,סלטי צבר,IL,סלט קולסלו צבר מרובע 400גר,גרמים,400.00,100 גרם,false,1,12.90,3.2250,true,1,11153
7290106577541,false,כרוב אדום מרובע 400 ג' צבר,סלטי צבר,IL,סלט כרוב אדום צבר מרובע 400גר,גרמים,400.00,100 גרם,false,1,12.90,3.2250,true,1,11152
7290106577572,false,מטבוחה אמיתית מרובע 400 ג' צבר,סלטי צבר,IL,סלט מטבוחה צבר מרובע 400גר,גרמים,400.00,100 גרם,false,1,12.90,3.2250,true,1,11147
7290106578241,false,"חטיף דובונים בטעם תפו""א 100 ג' אסם","אסם תעשיות בע""מ",IL,חטיף תפוא דובונים 100 גר,גרמים,100.00,100 גרם,false,1,9.90,9.9000,true,1,11430
7290106578692,false,ביסלי במבה מיקס מהדורת אליפות אסם 80 גרם,פרו מן יו פתרונות אר,IL,חטיף מיקס במבה וביסלי 80 גר,גרמים,80.00,100 גרם,false,1,4.60,5.7500,true,1,11935
7290106578821,false,עוגת הבית שמרים קלאסית שוקולד אסם 350 גרם,מיוצר עי קונדיטוריית,IL,עוגת שמרים שוקולד קלאסית350גר,גרמים,350.00,100 גרם,false,1,15.90,4.5429,true,1,11565
7290106653689,false,לקט לסלט אסייתי שטראוס 350 גרם,שטראוס בריאות ירקות טריי,IL,לקט לסלט אסייתי 350 גרם,גרמים,350.00,100 גרם,false,1,10.90,3.1143,true,1,18181
7290106654099,false,מילקי CAKE עוגות אישיות במילוי קרם חלב,בובארד איטליה אס.פי.איי,IT,מארז עוגות מילקי שמינייה אישית 34 גרם,גרמים,272.00,100 גרם,false,1,19.90,7.3162,true,1,15326
7290106658479,false,עלית וופל בטעם טורטית אגוזים 40ג,"שטראוס גרופ בע""\מ",IL,חטיף טורטית מגדים 40 גרם,Unknown,0.00,Unknown,false,1,5.00,0.0000,true,1,16551
7290106663091,false,"לאבנה 9 % עם שמן זית 500 גר' ""שטראוס""",הדקלאים אגודת שיתופי,IL,לאבנה 9% 500 גרם,גרמים,50000.00,100 גרם,false,1,17.90,0.0358,true,1,14874
7290106663558,false,"רוטב טריאקי ורימון יד מרדכי 280מ""ל",אף.סי תבליני בגליל ב,IL,רוטב טריאקי רימון יד מרדכי 280 מל,גרמים,320.00,100 גרם,false,1,13.90,4.3438,true,1,13987
7290106664067,false,לאבנה עם שמן זית וזעתר 10% שטראוס 400 ג',הדקלאים אגודת שיתופי,IL,לאבנה שמן זית וזעתר 10% 400 גרם,גרמים,40000.00,100 גרם,false,1,14.90,0.0373,true,1,14873
7290106664555,false,"רוטב שמנת עם עגבניות 9% שומן 250 מ""ל יוטבתה",שטראוס גרופ,IL,רוטב שמנת עם עגבניות 9% יטבתה 250 מל,מיליליטרים,250.00,"100 מ""ל",false,1,11.90,4.7600,true,1,14505
7290106664562,false,רוטב שמנת עם פטריות 9% שומן 258 ג' יוטבתה,שטראוס גרופ,IL,רוטב שמנת פטריות 9% יטבתה 250 מל,מיליליטרים,250.00,"100 מ""ל",false,1,11.90,4.7600,true,1,13311
7290106666788,false,עלית - סוכריות נוסטלגיה דבש ממולאות 80 גרם,שטראוס גרופ,PL,סוכריות ממולאות טעם דבש 80 גר,Unknown,0.00,Unknown,false,1,5.90,0.0000,true,1,13779
7290106667266,false,"דוריטוס חמוץ חריף 185 גרם ""עלית""","שטראוס פריטו ליי בע""\מ )",IL,חטיף דוריטוס חמוץ חריף 185 גר,גרמים,185.00,100 גרם,false,1,8.00,4.3243,true,1,15627
7290106668133,false,עלית אבקת שוקולית בש,,,אבקת שוקולית 400 גר שקית,גרמים,400.00,100 גרם,false,1,12.90,3.2250,true,1,27520
7290106668577,false,"מיץ לימון טיבעי 250 מ""ל יד מרדכי",האי נאם סי או אל.טי.,IT,מיץ לימון טבעי יד מרדכי 250 מל,מיליליטרים,250.00,"100 מ""ל",false,1,7.90,3.1600,true,1,13984
7290106668713,false,יוגורט עם פירות יער 3% שומן 150 ג' דנונה,מיוצר עי קונדיטוריית,IL,דנונה פרי 3% פירות יער 150 גר,גרמים,150.00,100 גרם,false,1,3.70,2.4667,true,1,13917
7290106669857,false,קפסולות אספרסו בטעם וניל עלית 10 יחידות,הנסיך- מפעל לייצור ט,IL,קפסולות אספרסו וניל 10 יח,יחידה,10.00,יחידה,false,1,17.00,1.7000,true,1,18279
7290106720626,false,צ'יטוס קראנצ' בטעם גבינה - חלבי,"שטראוס פריטו ליי בע""\מ )",IL,חטיף ציטוס גבינה 80 גר,Unknown,0.00,Unknown,false,1,4.50,0.0000,true,1,18525
7290106721807,false,אחלה סלט חציל פיקנטי מהדרין 400ג,"שטראוס גרופ בע""מ",IL,סלט חציל פיקנטי 400 גרם,גרמים,400.00,100 גרם,false,1,10.90,2.7250,true,1,12478
7290106721906,false,צנצנת בזוקה מגדים ציקלט 66 גרם,"שטראוס גרופ בע""מ",IL,מסטיק בזוקה ציקלס ללא בסוכר 66 גר,Unknown,0.00,Unknown,false,1,10.00,0.0000,true,1,13780
7290106721913,false,מסטיק מאסט MUST ללא סוכר בטעם מנטה מרעננת,"שטראוס גרופ בע""מ",IL,מסטיק מאסט פפרמינט ציקלס 66 גר,Unknown,0.00,Unknown,false,1,10.00,0.0000,true,1,13782
7290106721920,false,צנצנת מסטיק מאסט בטעם ספירמינט עדין 66 ג' עלית,"שטראוס גרופ בע""\מ.",IL,מסטיק מאסט ספירמנט ציקלס 66 גר,Unknown,0.00,Unknown,false,1,10.00,0.0000,true,1,13781
7290106723689,false,עלי תרד בייבי שטראוס 200 גרם,שטראוס בריאות ירקות טריי,IL,עלי תרד בייבי 200 גרם,גרמים,200.00,100 גרם,false,1,10.00,5.0000,true,1,12724
7290106725867,false,"סירופ מייפל טבעי 189 מ""ל ""יד מרדכי""",קוסלסי פוד,CA,סירופ מייפל טהור יד מרדכי 189 מל,מיליליטרים,189.00,"100 מ""ל",false,1,22.90,12.1164,true,1,48234
7290106725966,false,מטבעות שוקולד חלבי 42גרם,STRAUSS-ISRAEL,IL,מטבעות שוקולדחלב ברשת 42 גר,גרמים,60.00,100 גרם,false,1,5.00,8.3333,true,1,14646
7290106726178,false,יוגורט PRO עם פירות יער 2.4% 10 גרם חלבון בגביע,מיוצר עי קונדיטוריית,IL,דנונה וואו פירות יער 150 גרם 2.4% שומן,גרמים,150.00,100 גרם,false,1,4.90,3.2667,true,1,14882
7290106727984,false,"כיף כף פצפצים בגביע 135 גרם ""עלית""",שולן צ'\יקולטה גידה סאן.,TR,חטיף כיף כף פצפצים135 גרם,גרמים,135.00,100 גרם,false,1,10.90,8.0741,true,1,16763
7290106729650,false,יוגורט עם תות מאגדת 8 יח' * 150ג' דנונה,"שטראוס גרופ בע""\מ",IL,מארז 8יח דנונה תות 3% 150 גרם,גרמים,1200.00,100 גרם,false,1,24.90,2.0750,true,1,15840
7290106770577,false,גרוסליין- בלגה ממרח חלבה 350 גרם.,"אלמונדס בע""מ",IL,ממרח חלבה בלגה 350 גרם,גרמים,300.00,100 גרם,false,12,13.90,4.6333,true,1,28566
7290106772472,false,גרוסליין - בלגה ממרח שוקולד 350 גרם,"אלמנדוס בע""מ",IL,ממרח קקאו אגוזי לוז בלגה 350 גרם,גרמים,300.00,100 גרם,false,12,13.90,4.6333,true,1,28567
7290106774001,false,שקד מולבן טחון אלמנד,"אלמונדס בע""מ",IL,שקד מולבן טחון אלמנדוס 400 גרם,גרמים,400.00,100 גרם,false,1,36.90,9.2250,true,1,34568
7290106774018,false,אבקת קקאו אלמנדוס 40,"אלמונדס בע""מ",IL,אבקת קקאו אלמנדוס 400 גרם,גרמים,400.00,100 גרם,false,1,34.90,8.7250,true,1,34569
7290106774056,false,כמו סוכר אלמנדוס 500,"אלמונדס בע""מ",IL,כמו סוכר אלמנדוס 500 גרם,גרמים,500.00,100 גרם,false,1,24.90,4.9800,true,1,34571
7290106774094,false,פייטה שבבי ופל מקורמ,"אלמונדס בע""מ",IL,פייטה שבבי ופל מקורמל אלמנדוס 90 גרם,Unknown,0.00,Unknown,false,1,19.90,0.0000,true,1,34575
7290106774117,false,קוקוס קלוי אלמנדוס 1,"אלמונדס בע""מ",IL,קוקוס קלוי אלמנדוס 100 גרם,גרמים,100.00,100 גרם,false,1,13.90,13.9000,true,1,34576
7290106774124,false,שבבי שוקולד מריר אלמ,"אלמונדס בע""מ",IL,שבבי שוקולד מריר אלמנדוס 110 גרם,גרמים,110.00,100 גרם,false,1,19.90,18.0909,true,1,34577
7290106774131,false,שבבי שוקולד חלב 110 גרם,"אלמונדס בע""מ",IL,שבבי שוקולד חלב אלמנדוס 110 גרם,גרמים,110.00,100 גרם,false,1,19.90,18.0909,true,1,34578
7290106774148,false,שבבי שוקולד לבן אלמנ,"אלמונדס בע""מ",IL,שבבי שוקולד לבן אלמנדוס 110 גרם,גרמים,110.00,100 גרם,false,1,19.90,18.0909,true,1,34579
7290106774162,false,שוקולד זברה אלמנדוס,"אלמונדס בע""מ",IL,שוקולד זברה אלמנדוס 90גרם,Unknown,0.00,Unknown,false,1,22.90,0.0000,true,1,34580
7290106774179,false,תלתלי שוקולד מעורב א,"אלמונדס בע""מ",IL,תלתלי שוקולד מעורב אלמנדוס 100גרם,גרמים,100.00,100 גרם,false,1,24.90,24.9000,true,1,34581
7290106774186,false,מיסטרל חלב לבן אלמנד,"אלמונדס בע""מ",IL,מיסטרל חלב לבן אלמנדוס 100גרם,גרמים,100.00,100 גרם,false,1,24.90,24.9000,true,1,34582
7290106774209,false,פניני קראנץ מריר 140 גרם,"אלמונדס בע""מ",IL,פניני קראנץ מריר אלמנדוס 140 גרם,גרמים,140.00,100 גרם,false,1,24.90,17.7857,true,1,34584
7290106774216,false,מיקס פניני שוקולד 140 גרם,"אלמונדס בע""מ",IL,מיקס פניני שוקולד אלמנדוס 140 גרם,גרמים,140.00,100 גרם,false,1,24.90,17.7857,true,1,34585
7290106774223,false,סוכריות מזרה בטעם שו,"אלמונדס בע""מ",IL,סוכריות מזרה שוקולד אלמנדוס 230 גרם,גרמים,230.00,100 גרם,false,1,13.90,6.0435,true,1,34591
7290106774247,false,סוכר גבישי אלמנדוס 2,"אלמונדס בע""מ",IL,סוכר גבישי אלמנדוס 230 גרם,גרמים,230.00,100 גרם,false,1,19.90,8.6522,true,1,34593
7290106774254,false,סוכריות עדשים צבעוני,"אלמונדס בע""מ",IL,סוכריות עדשים צבעוני אלמנדוס 230 גרם,גרמים,230.00,100 גרם,false,1,18.90,8.2174,true,1,34594
7290106774278,false,שוקולד מריר 55% אלמנ,"אלמונדס בע""מ",IL,שוקולד מריר 55% אלמנדוס 500 גרם,גרמים,500.00,100 גרם,false,1,29.90,5.9800,true,1,34596
7290106774285,false,שוקולד מריר 60% 500 גרם,"אלמונדס בע""מ",IL,שוקולד מריר 60% אלמנדוס 500 גרם,גרמים,500.00,100 גרם,false,1,39.90,7.9800,true,1,34597
7290106774308,false,שוקולד חלב לאפיה אל,"אלמונדס בע""מ",IL,שוקולד חלב לאפיה אלמנדוס 500 גרם,גרמים,500.00,100 גרם,false,1,42.90,8.5800,true,1,34598
7290106774315,false,שוקולד לבן לאפיה אלמ,"אלמונדס בע""מ",IL,שוקולד לבן לאפיה אלמנדוס 500 גרם,גרמים,500.00,100 גרם,false,1,42.90,8.5800,true,1,34600
7290106774322,false,שוקולד מריר לאפיה ל.,"אלמונדס בע""מ",IL,שוקולד מריר לאפיה ל.ס. אלמנדוס 500 גרם,גרמים,400.00,100 גרם,false,1,44.90,11.2250,true,1,34601
7290106774339,false,שוקולד צ'יפס מריר 500גרם,"אלמונדס בע""מ",IL,שוקולד ציפס מריר אלמנדוס 500 גרם,גרמים,500.00,100 גרם,false,1,39.90,7.9800,true,1,34602
7290106775053,false,מחית נוגט פרווה אלמנדוס,"אלמנדוס בע""מ",IL,מחית נוגט אלמנדוס400 גרם,גרמים,400.00,100 גרם,false,1,24.90,6.2250,true,1,33638
7290106775091,false,מחית פיסטוק אלמנדוס,שקד תבור,IL,מחית פיסטוק אלמנדוס 200 גרם,גרמים,200.00,100 גרם,false,1,39.90,19.9500,true,1,34603
7290107020145,false,יין אלכסנדר רזרב מרל,,,יין אלכסנדר רזרב מרלו 750 מל,מיליליטרים,750.00,"100 מ""ל",false,6,149.00,19.8667,true,1,30923
7290107020336,false,יין ליזה שרדונה 2018,,,יין ליזה שרדונה 2018 750 מל,מיליליטרים,750.00,"100 מ""ל",false,1,119.00,15.8667,true,1,30928
7290107020794,false,יין אלכסנדר רזרב ק.ס,,,יין אלכסנדר רזרב ק.סובניון 750 מל,מיליליטרים,750.00,"100 מ""ל",false,6,149.00,19.8667,true,1,30924
7290107021876,false,יין אלכסנדר רזרב גסט,אגדת,IL,יין אלכסנדר רזרב גסטו 750 מל,מיליליטרים,750.00,"100 מ""ל",false,6,149.00,19.8667,true,1,30922
7290107021890,false,"יין אלכסנדר רזרב קברנה פרנק 750 מ""ל",אגדת,IL,יין אלכסנדר רזרב קברנה פרנק 750 מל,מיליליטרים,750.00,"100 מ""ל",false,6,149.00,19.8667,true,1,30931
7290107280020,false,שלישיית מטליות לחות לניקוי כללי סנו סושי 50 יחידות,טרופיקל דגיל- תעשיות,IL,מארז 3 יח מטליות לחות לניקוי סושי 150יח,יחידה,150.00,יחידה,false,1,22.90,0.1527,true,1,10862
7290107280037,false,50 מטליות לחות לניקוי כללי גדולות ועבות,דינאמיק תעשיות,IL,מטליות לחות לניקוי כללי סנו סושי 50יח,יחידה,50.00,יחידה,false,1,11.90,0.2380,true,1,10861
7290107280068,false,סנו סושי תבנית אלומיניום ענק א.לארג 2 יח,סנו מפעלי ברונוס בעמ,CN,תבניות אלומיניום א. לארג 2 יח סנו סושי,יחידה,2.00,יחידה,false,1,10.90,5.4500,true,1,11470
7290107280082,false,מארז 7 תבניות אלומיניום מוארכות לאפייה אינגליש קייק,סנו מפעלי ברונוס בעמ,CN,תבניות אלומיניום אינגליש 7 יח סנו סושי,יחידה,7.00,יחידה,false,1,10.90,1.5571,true,1,11469
7290107280099,false,שלישיית מגובנים נשטפים באסלה סופט סוד 48 יחידות,טרופיקל דגיל- תעשיות,IL,מארז 3 יח מגבוני טואלט לחים סופט נשטפים,יחידה,144.00,יחידה,false,1,15.90,0.1104,true,1,12414
7290107280129,false,סנו סושי 20 שקיות אשפה חזקות גדולות XXL,סנו מפעלי ברונוס בעמ,IL,שקיות אשפה 20 יח סנו סושי 78/90,יחידה,20.00,יחידה,false,1,25.90,1.2950,true,1,13211
7290107280341,false,ריצפז מטליות לחות לניקוי הרצפה בניחוח מלון מפנק,"סנו מפעלי ברונוס סע""",IL,מטליות סנו ריצפז פרש מלון מפנק 40*70 סמ,יחידה,10.00,יחידה,false,1,14.90,1.4900,true,1,31277
7290107280389,false,"סנו - ג'ט מרסס לניקוי בחדר האמבטיה 750 מ""ל","איי, בי, אינבוו",IL,סנו גט לאמבט ה 750 מל,מיליליטרים,750.00,"100 מ""ל",false,1,11.90,1.5867,true,1,11382
7290107280396,false,"סנו - ג'ט מרסס לניקוי יסודי במטבח 750 מ""ל","סנו מפעלי ברונוס בע""",IL,"סנו גט למטבח 750 מ""ל",מיליליטרים,750.00,"100 מ""ל",false,1,12.90,1.7200,true,1,11201
7290107280402,false,סנו ג`ט ניקוי כללי ורצפות סנו 2ל',סנו ג'ט Jet,IL,סנו גט ניקוי כללי ורצפות 2 ליטר,ליטרים,2.00,ליטר,false,1,15.90,7.9500,true,1,11202
7290107280488,false,סבון אסלה סנובון פרח,סנו,IL,סבון אסלה מוצק פרחים ורודים 5 באחד,יחידה,1.00,יחידה,false,1,7.90,7.9000,true,1,12954
7290107280570,false,סנו - מקסימה ג'ל כביסה מרוכז לכביסה צבעונית 3 ליטר,מיוצר עי קונדיטוריית,IL,גל כביסה מקסימה לכבס בלי להפריד 3 ליטר,ליטרים,3.00,ליטר,false,1,29.90,9.9667,true,1,12589
7290107280587,false,שלישיית סנובון מוצק דאבל אקשן פריחה ורודה 55 גרם,סנו מפעלי ברונו בעמ,IL,סבון אסלה סנובון דאבל אקשן פרחים שלישייה,יחידה,3.00,יחידה,false,1,11.90,3.9667,true,1,14457
7290107280594,false,שלישיית סנובון מוצק דאבל אקשן לבנדר 55 גרם,סנו מפעלי ברונוס בעמ,IL,סבון אסלה סנובון דאבל אקשן לבנדר שלישייה,יחידה,3.00,יחידה,false,1,11.90,3.9667,true,1,14456
7290107280600,false,טבליות למדיח סנו ספארק 100 טבליות במארז,גרופה אינקו,PL,טבליות למדיח ספארק 100 טבליות,יחידה,100.00,יחידה,false,1,49.90,0.4990,true,1,21083
7290107280655,false,"אבקת כביסה בייבי סנו מקסימה 3.25 ק""ג",סנו מקסימה,IL,אבקת כביסה מקסימה בייבי 3.25 קג,קילוגרמים,3.25,"ק""ג",false,1,36.90,11.3538,true,1,12824
7290107280716,false,מלח למדיח להגנה מפני אבנית סנו ספארק Spark,סנו ספארק,IL,מלח למדיח סנו ספארק 2 קג,קילוגרמים,2.00,"ק""ג",false,1,10.90,5.4500,true,1,13265
7290107280723,false,נוזל לניקוי כלים סנו ספארק Spark בניחוח לימון רענן,סנו כימיקלים,IL,נוזל כלים סנו ספארק לימון 700 מל,מיליליטרים,700.00,"100 מ""ל",false,1,8.90,1.2714,true,1,12919
7290107280730,false,נוזל לניקוי כלים סנו ספארק Spark בניחוח לבנדר,מיוצר עי קונדיטוריית,IL,נוזל כלים סנו ספארק לבנדר 700 מל,מיליליטרים,700.00,"100 מ""ל",false,1,8.90,1.2714,true,1,12918
7290107280747,false,נוזל לניקוי כלים סנו ספארק Spark קלאסי,סנו כימיקלים,IL,נוזל כלים סנו ספארק קלאסי 700 מל,מיליליטרים,700.00,"100 מ""ל",false,1,8.90,1.2714,true,1,12920
7290107280754,false,נוזל כלים סנו ספארק Spark היפואלרגני פריחת השקד,סנו ספארק,IL,נוזל כלים סנו ספארק היפואלרגי 700 מל,מיליליטרים,700.00,"100 מ""ל",false,1,8.90,1.2714,true,1,12921
7290107280761,false,נוזל לניקוי כלים בניחוח לימון רענן סנו ספארק Spark,מיוצר עי קונדיטוריית,IL,נוזל כלים סנו ספארק לימון משאבה 1 ליטר,ליטרים,1.00,ליטר,false,1,11.90,11.9000,true,1,12922
7290107463232,false,מתקן לתליית כביסה מתכת אפור,,,מתקן כביסה איטלקי,Unknown,0.00,Unknown,false,1,74.90,0.0000,true,1,30004
7290107463768,false,סט סכום דאלאס 24 חלק,,,סט סכום דאלאס 24 חלקים נירוסטה,יחידה,24.00,יחידה,false,1,99.90,4.1625,true,1,38574
7290107464727,false,סט 3 יח סירי פיירקס,,,סט 3 יח סירי פיירקס גדול 1.5/1/0.700ליטר,יחידה,3.00,יחידה,false,1,84.90,28.3000,true,1,29814
7290107469906,false,גלגלת פיצה 10סמ ידית,,,גלגלת פיצה 10סמ ידית פלסטיק,Unknown,0.00,Unknown,false,1,15.90,0.0000,true,1,27375
7290107523400,false,חנוכיה מתכת צבעונית,,,חנוכיה,Unknown,0.00,Unknown,false,1,17.90,0.0000,true,1,20459
7290107645584,false,אבקת מרק עוף אמיתי רכיבים טבעיים 400 גרם - רבנות,יוניליוור ישראל מזון בע\,IL,מרק עוף קנור רכבים טבעיים 400 גר,גרמים,400.00,100 גרם,false,1,21.90,5.4750,true,1,21774
7290107646062,false,אבקת מרק בצל רכיבים טבעיים קנור 400 ג',יוניליוור ישראל מזון בע\,IL,מרק בצל קנור רכיבים טבעיים 400 גר,גרמים,400.00,100 גרם,false,1,19.90,4.9750,true,1,21773
7290107646147,false,"חטיף שוגי קורנפלקס תלמה 156 גרם מארז 6 יחידות בד""צ",יוניליוור ישראל מזון בעמ,IL,חטיף דגנים שוגי 6 יח 156 גרם,גרמים,156.00,100 גרם,false,1,12.90,8.2692,true,1,21766
7290107646154,false,"חטיף קוקומן פצפוצים תלמה 126 גרם מארז 6 יחידות בד""צ",יוניליוור ישראל מזון בעמ,IL,חטיף דגנים קוקומן שוקו 6 יח 126 גרם,גרמים,126.00,100 גרם,false,1,12.90,10.2381,true,1,21767
7290107646383,false,סיף מטליות לחות לניקוי רצפות בניחוח לימו,עלבד משואות יצחק בעמ,IL,מטליות לחות לניקוי רצפות 10יח,יחידה,10.00,יחידה,false,1,12.90,1.2900,true,1,18941
7290107646826,false,"חטיף שוגי שוקו תלמה 156 גרם מארז 6 יחידות בד""צ",יוניליוור ישראל מזון בעמ,IL,חטיף דגנים שוגי שוקו 6 יח 156 גרם,גרמים,156.00,100 גרם,false,1,12.90,8.2692,true,1,21768
7290107646833,false,שוגי חטיף עם פצפוצי שוקולד לבן ושוקולד חלב,יוניליוור ישראל מזון בעמ,IL,חטיף דגנים שוגי שוקולד חלב 6 יח 138 גרם,גרמים,138.00,100 גרם,false,1,12.90,9.3478,true,1,21769
7290107646895,false,קנור - רוטב פסטה נפוליטנה 415 גרם חתם סופר,קונסורזיו קאסאלאסקו דל פ,IT,רוטב פסטה קנור נפוליטנה 415 גר,גרמים,415.00,100 גרם,false,1,12.90,3.1084,true,1,20500
7290107646918,false,רוטב עגבניות ופלפלים לשקשוקה 415 ג' קנור,קונסורזיו קאסאלאסקו דל פ,IT,רוטב שקשוקה קנור 415 גר,גרמים,415.00,100 גרם,false,1,12.90,3.1084,true,1,20501
7290107646925,false,ברנפלקס אקסטרה פייבר 410 גרם,יוניליוור ישראל מזון בע\,IL,דגני ברנפלקס פייבר 410 גרם,גרמים,410.00,100 גרם,false,1,21.90,5.3415,true,1,19864
7290107647359,false,דומסטוס סבון אסלה 5 הפועלות בניחות אוקיינוס 3 יח' * 55 ג',יוניליוור ניקיון,PL,סבון אסלה דומסטוס בניחוח אוקינוס שלישייה,יחידה,3.00,יחידה,false,1,17.90,5.9667,true,1,21321
7290107647366,false,דומסטוס סבון אסלה 5 הפועלות בניחות ליים 3 יח' * 55 ג',יוניליוור פולין,PL,סבון אסלה דומסטוס בניחוח ליים שלישייה,יחידה,3.00,יחידה,false,1,17.90,5.9667,true,1,21320
7290107647656,false,מאגדת מיני סולרו קוקוס אננס 245 ג',"מיוצר ע""\י גלידת שטראוס",IL,מאגדת מיני סולרו קוקוס אננס 5 יח,יחידה,5.00,יחידה,false,1,22.90,4.5800,true,1,25704
7290107647816,false,"דגני ברנפלקס ללא תוספת סוכר 500 גרם בד""צ",יוניליוור ישראל מזון בעמ,IL,דגני ברנפלקס ללא סוכר 500 ג בד,גרמים,500.00,100 גרם,false,1,19.90,3.9800,true,1,20376
7290107647823,false,"ברנפלקס פתיתי חיטה מלאה וסובין 500 גרם ""תלמה""",יוניליוור ישראל מזון בעמ,IL,דגני ברנפלקס 500 גרם בדצ,גרמים,500.00,100 גרם,false,1,19.90,3.9800,true,1,20375
7290107647854,false,"שוגי מופחת סוכר תלמה 500 ג' בד""צ",יוניליוור ישראל מזון בעמ,IL,דגני בוקר שוגי20%מופחת סוכר 500 גר,גרמים,500.00,100 גרם,false,1,19.90,3.9800,true,1,20373
7290107648943,false,"ברנפלקס קרנצ'ים מייפל תלמה 375 גרם בד""צ","יוניליוור שפע ישראל בע""\",IL,דגני ברנפלקס קרנצים מייפל 375 גר,גרמים,375.00,100 גרם,false,1,19.90,5.3067,true,1,22499
7290107648974,false,קנור רוטב לפסטה עגבניות עם בזיליקום,קונסורזיו קאסאלאסקו דל פ,IL,רוטב פסטה פומודורו קנור 415 גר,גרמים,415.00,100 גרם,false,1,12.90,3.1084,true,1,24956
7290107648981,false,רוטב עגבניות קלאסי פומודורו 415 ג' קנור,מיוצר עי קונסורזייו,IT,רוטב פומודורו קנור 415 גר,גרמים,415.00,100 גרם,false,1,12.90,3.1084,true,1,21771
7290107649100,false,בייגלה טבעות שומשום 300 גרם.,בייגל את בייגל מזון 198),IL,בייגלה טבעות שומשום 300 גר,גרמים,300.00,100 גרם,false,1,10.90,3.6333,true,1,25407
7290107649148,false,סלסלה לאטבי כביסה,,,סלסלה לאטבי כביסה בדין,יחידה,1.00,יחידה,false,1,9.90,9.9000,true,1,22643
7290107649605,false,קליק אקסטרא לארג שוקולד חלב עם פתיתי תירס ודגנים,יוניליוור ישראל מזון בעמ,IL,שוקולד קליק קורנפלקס 85 ג,Unknown,0.00,Unknown,false,1,5.90,0.0000,true,1,22512
7290107871297,false,אוסם - מיני פריכונים עשבי תיבול 25 גרם,"פרח תעשיות מזון בע""מ.",IL,חטיפי מיני פריכונים עשבי תיבול 25 גר,Unknown,0.00,Unknown,false,1,4.30,0.0000,true,1,13234
7290107871990,false,"פסטה צינורות 500 גרם ""אסם""",פסטה זארה,IT,פסטה צינורות אסם 500 גרם,גרמים,500.00,100 גרם,false,1,5.90,1.1800,true,1,12353
7290107874427,false,אוסם - מיני פריכונים זעתר 25 גרם,"פרח תעשיות מזון בע""מ.",IL,חטיפי מיני פריכונים זעתר 25 גר,Unknown,0.00,Unknown,false,1,4.30,0.0000,true,1,13236
7290107874441,false,פריכונים מיני בצל מקורמל 25 גרם אסם,"פרח תעשיות מזון בע""מ.",IL,חטיפי מיני פריכונים בצל מקורמל 25 גר,Unknown,0.00,Unknown,false,1,4.30,0.0000,true,1,13235
7290107874502,false,ביסלי גריל קדמ. מארז אחיד 10 4*55 גרם,מיוצר עי קונדיטוריית,IL,מארז 4 יח ביסלי גריל 55 ג,גרמים,220.00,100 גרם,false,1,12.50,5.6818,true,1,16081
7290107875271,false,ביסלי ברביקיו קדמ. מארז אחיד10 4*55 גרם,"אסם השקעות בע""\מ",IL,מארז 4 יח ביסלי ברביקיו 55 ג,גרמים,220.00,100 גרם,false,1,12.50,5.6818,true,1,16082
7290107875820,false,קרוטונים אפויים בתיבול ביתי אוסם 180 ג',עינת תעשיות מזון,IL,קרוטונים אפויים תיבול ביתי180גר,גרמים,180.00,100 גרם,false,1,11.90,6.6111,true,1,13044
7290107877619,false,מארז במבה במילוי קרם נוגט 5*30ג' אסם,"אסם השקעות בע""\מ",IL,מארז 5 יח חטיף במבה במילוי נוגט 30גר,גרמים,150.00,100 גרם,false,1,13.90,9.2667,true,1,14833
7290107879132,false,פריכיות פיטנס מיני פריכיות שוקולד חלב 22 ג',כרמית,IL,פריכיות מיני פיטנס שוקולד חלב 22 גר,Unknown,0.00,Unknown,false,1,5.00,0.0000,true,1,18988
7290107879521,false,קרחוני לה פרוטה La Frutta תות שדה - 5 יח',גלידות נסטלה )נגה גלידות,IL,מאגדת לה פרוטה תות 5יח,יחידה,5.00,יחידה,false,1,25.90,5.1800,true,1,15632
7290107879569,false,קרחון לה פרוטה שרבט מנגו מאגדת 5יח',גלידות נסטלה )נגה גלידות,IL,מאגדת לה פרוטה מנגו 5יח,יחידה,5.00,יחידה,false,1,25.90,5.1800,true,1,15633
7290107930321,false,קונפיטורת יד מרדכי דובדובן 340 גרם,"בית אל מזון בע""מ",IL,קונפיטורה דובדבן 340 גר יד מרדכי,גרמים,340.00,100 גרם,false,1,13.90,4.0882,true,1,14349
7290107931397,false,כיף כף פצפוצים במילוי שוקולד 40 גרם,שולן צ'\יקולטה גידה סאן.,TR,חטיף כיף כף פצפצים 40 גר,Unknown,0.00,Unknown,false,1,5.50,0.0000,true,1,15966
7290107932080,false,חלב מועשר יוטבתה בבקבוק 3% 1 ליטר,מחלבת יטבתה,IL,חלב מועשר 1 ליטר 3% בקבוק,ליטרים,1.00,ליטר,false,1,7.90,7.9000,true,1,14885
7290107932134,false,חלב מועשר יוטבתה בבקבוק 1% 1 ליטר,מחלבת יטבתה,IL,חלב מועשר 1 ליטר 1% בקבוק,ליטרים,1.00,ליטר,false,1,7.90,7.9000,true,1,14886
7290107933155,false,לקט סלנובה שטראוס 200 גרם,שטראוס בריאות ירקות טריי,IL,לקט סלנובה 200 גרם אחלה,גרמים,200.00,100 גרם,false,1,12.00,6.0000,true,1,15522
7290107933193,false,שטראוס סלק מבושל בוו,לס לגוסודה סנצונוניו,IL,סלק מבושל 500 גרם אחלה,גרמים,500.00,100 גרם,false,1,8.90,1.7800,true,1,15034
7290107934473,false,שמינייה יוגורט לבן אקטיביה 1.5% דנונה 150 גרם,"שטראוס גרופ בע""\מ",IL,מארז יוגורט אקטיביה 1.5% 8יח 150גרם,גרמים,1200.00,100 גרם,false,1,20.90,1.7417,true,1,14345
7290107936309,false,דנונה יוגורט 7% יווני לבן 130 ג',"שטראוס בריאות בע""מ",IL,יוגורט דנונה יווני לבן 120 גר,גרמים,120.00,100 גרם,false,1,3.50,2.9167,true,1,17382
7290107936958,false,עד חצות ביסקוויט אצבעות שוקולד 125 גרם,ביסקוויטס טור ד'\אלבון,FR,ביסקויט עד חצות אצבעות 125 גר,גרמים,125.00,100 גרם,false,1,11.50,9.2000,true,1,20397
7290107936965,false,עיגולים עד חצות עם שוקולד חלב 225 גר,ביסקווטרי עוגיות סנט,FR,ביסקויט עד חצות עיגולים 225 גר,גרמים,225.00,100 גרם,false,1,12.90,5.7333,true,1,20396
7290107937542,false,משקה יוגורט אקטיביה עם תות 1.2% שומן,מיוצר עי קונדיטוריית,IL,משקה דנונה אקטיביה תות 250 מל,מיליליטרים,250.00,"100 מ""ל",false,1,5.40,2.1600,true,1,16112
7290107937627,false,מסטיק מאסט Must קוביות ללא סוכר בטעם מנטה עדינה,אסקום קונפקשיין,DE,מסטיק מאסט קוביות ספירמנט 58 גר,Unknown,0.00,Unknown,false,1,10.00,0.0000,true,1,17350
7290107937634,false,צנצנית מסטיק מאסט קוביות פפירמינט 58 ג' עלית,אסקום קונפקשיין,DE,מסטיק מאסט קוביות פפירמנט 58 גר,Unknown,0.00,Unknown,false,1,10.00,0.0000,true,1,17351
7290107937641,false,צנצנת מסטיק בזוקה קוביות ללא סוכר,אסקום קונפקשיין,DE,מסטיק בזוקה קוביות קלאסי 58 גר,Unknown,0.00,Unknown,false,1,10.00,0.0000,true,1,17349
7290107937856,false,קפסולות 11חזק למכונות נספרסו עלית 10יח',הנסיך- מפעל לייצור ט,IL,קפסולות אספרסו 11 חזק במיוחד 10 יח,יחידה,10.00,יחידה,false,1,17.00,1.7000,true,1,17050
7290107938396,false,שמיניית אקטימל תות דיסני בנים 108 גרם,מיוצר עי קונדיטוריית,IL,משקה אקטימל תות 8יח 108גר,גרמים,864.00,100 גרם,false,6,21.90,2.5347,true,1,16567
7290107939027,false,גזר דק דק שטראוס 250 גרם,שטראוס בריאות ירקות טריי,IL,גזר חתוך דק דק 250 גרם שטראוס אחלה,גרמים,250.00,100 גרם,false,1,6.90,2.7600,true,1,17375
7290107940030,false,חומוס אחלה 650 גרם,שטראוס גרופ,IL,חומוס 650 גר אחלה,גרמים,650.00,100 גרם,false,1,8.90,1.3692,true,1,20985
7290107940467,false,אקטיביה יוגורט 1.5% שומן 200 ג' דנונה,מיוצר עי קונדיטוריית,IL,יוגורט דנונה אקטיביה קרמי 1.5% 200גר,גרמים,200.00,100 גרם,false,1,3.90,1.9500,true,1,16563
7290107941259,false,עדשים ירוקות מבושלות שטראוס 475 גרם,הורקסה לס לגונס דה ס,ES,עדשים ירוקות מבושלות 475 גרם אחלה,גרמים,475.00,100 גרם,false,1,10.90,2.2947,true,1,17633
7290107941266,false,שעועית אדומה מבושלת שטראוס 475 גרם,הורקסה לס לגונס דה ס,ES,שעועית אדומה מבושלת 475 גרם אחלה,גרמים,475.00,100 גרם,false,1,10.90,2.2947,true,1,17634
7290107941273,false,חומוס מבושל שטראוס 475 גרם,הורקסה לס לגונס דה ס,ES,חומוס מבושל 475 גרם אחלה,גרמים,475.00,100 גרם,false,1,10.90,2.2947,true,1,17632
7290107943192,false,"שמנת חמוצה מהערבה 27% שומן 200 מ""ל יטבתה",מחלבת יטבתה,IL,שמנת חמוצה מהערבה 27% 200 גר יטבתה,גרמים,200.00,100 גרם,false,1,4.50,2.2500,true,1,20406
7290107944243,false,אפיפיות בטעם שוקולד 200 גרם כשר לפסח,"שטראוס גרופ בע""\מ",IL,אפיפיות בטעם שוקולד 200 גר,גרמים,200.00,100 גרם,false,1,7.90,3.9500,true,1,19974
7290107944472,false,סימפוניה גבינה במרקם שמנת 5% שום שמיר,"שטראוס בריאות בע""\מ",IL,גב.סימפוניה שום שמיר 5% 200 גרם,גרמים,200.00,100 גרם,false,1,11.90,5.9500,true,1,17627
7290107945165,false,קונפיטורת משמש יד מרדכי 340 גרם,אף.סי תבליני בגליל ב,IL,קונפיטורה משמש יד מרדכי 340 גר,גרמים,340.00,100 גרם,false,1,13.90,4.0882,true,1,18315
7290107950190,false,מעדן חלב דל קלוריות בטעם שוקולד מריר 0.5% שומן,מיוצר עי קונדיטוריית,IL,מעדן דיאט שוקולד מריר 130גר 0.5% שומן,גרמים,130.00,100 גרם,false,1,3.40,2.6154,true,1,17386
7290107950206,false,מעדן חלב דל קלוריות בטעם שוקולד 0% שומן,מיוצר עי קונדיטוריית,IL,מעדן דיאט שוקולד 130גרם 0% שומן שטראוס,גרמים,130.00,100 גרם,false,1,3.40,2.6154,true,1,17385
7290107951104,false,בפלות ופלים ארוכים בטעם שוקולד,"שטראוס גרופ בע""\מ",IL,בפלות שוקולד עלית200 גרם,גרמים,200.00,100 גרם,false,1,4.70,2.3500,true,1,17605
7290107951715,false,צנצנת מסטיק מאסט קוביות בטעם ענבים 58 ג' עלית,אסקום קונפקשיין,IL,מסטיק מאסט קוביות ענבים 58 גר,Unknown,0.00,Unknown,false,1,10.00,0.0000,true,1,18314
7290107953559,false,"מארז קפה טורקי עלית לדרך כשל""פ 168 גרם",הנסיך- מפעל לייצור ט,IL,קפה טורקי לדרך 24 יח 168 גרם,יחידה,24.00,יחידה,false,1,18.90,0.7875,true,1,17937
7290107954709,false,"קונפיטורת פירות יער ""יד מרדכי"" 340 גר'","ב.א. מזון בע""\מ",IL,קונפיטורה פירות יער יד מרדכי 340 גר,גרמים,340.00,100 גרם,false,1,13.90,4.0882,true,1,19021
7290107954976,false,"משקה יטבתה חלבון פרו קפה 350מ""ל",מחלבת יטבתה,DE,משקה פרו קפה 350 מל 25גר חלבון יטבתה,מיליליטרים,350.00,"100 מ""ל",false,12,6.50,1.8571,true,1,19266
7290107956543,false,דבש טהור מפרחי בר 900 ג' יד מרדכי,STRAUSS-ISRAEL,IL,דבש טהור 900 גר יד מרדכי,גרמים,900.00,100 גרם,false,1,39.90,4.4333,true,1,21262
7290107956642,false,"תרסיס שמן זית 150 מ""ל יד מרדכי כשלפ",פארייפאבה אגרואינדוס,ES,תרסיס שמן זית יד מרדכי 150 גרם,גרמים,150.00,100 גרם,false,1,16.90,11.2667,true,1,22247
7290107956895,false,קפסולות 07 אספרסו בטעם קרמל עלית 10יח',שטראוס קפה בי.וי.,IL,קפסולות אספרסו קרמל 10 יח,יחידה,10.00,יחידה,false,1,17.00,1.7000,true,1,22077
7290107956901,false,קפסולות בטעם אגוזים למכונת נספרסו עלית 10 יחידות,שטראוס קפה בי.וי.,IL,קפסולות אספרסו טעם אגוזים 10 יח,יחידה,10.00,יחידה,false,1,17.00,1.7000,true,1,20674
7290107956925,false,קפסולות 13 אוגנדה למכונת נספרסו עלית 10יח',שטראוס קפה בי.וי.,IL,קפסולות אספרסו 13 אוגנדה 10 יח,יחידה,10.00,יחידה,false,1,17.00,1.7000,true,1,24335
7290107956932,false,קפסולות אספרסו אידונזיה למכונות 50 גר,שטראוס קפה בי.וי.,IL,קפסולות אספרסו 12 אנדוניזיה 10 יח,יחידה,10.00,יחידה,false,1,17.00,1.7000,true,1,20386
7290107957069,false,"מסטיק ע""למה ""בטעם אוכניות 66 גרם צנצנת ""עלית""","שטראוס גרופ בע""\מ",IL,מסטיק עלמה קוביות אוכמניות 66 גרם,Unknown,0.00,Unknown,false,1,10.00,0.0000,true,1,20425
7290107957076,false,"מסטיק ""עלמה"" בטעם ספירמנט 66 גרם צנצנת ""עלית""","שטראוס גרופ בע""\מ",IL,מסטיק עלמה קוביות ספירמנט 66 גרם,Unknown,0.00,Unknown,false,1,10.00,0.0000,true,1,20426
7290107957113,false,גבינת סימפוניה 5% עם זיתים פיקנטים 200 גרם,"שטראוס בריאות בע""\מ",IL,גבינת סימפוניה זיתים פיקנטיים 5% 200גר,גרמים,200.00,100 גרם,false,1,11.90,5.9500,true,1,24342
7290107957229,false,שוקולד צ'יפס מריר מעולה לאפיה עלית 250 ג',"פוליבה בע""מ",IL,נטיפי פרה שוקולד ציפס 50% מריר 250 גרם,גרמים,250.00,100 גרם,false,1,11.90,4.7600,true,1,22071
7290107957991,false,מילקי CAKE מיניס קרם חלב בציפוי שוקולד חלב שקית 16X9ג',בובארד איטליה אס.פי.איי,IT,מארז עוגת מילקי מיני 9יח 16גר,גרמים,144.00,100 גרם,false,6,11.90,8.2639,true,1,23694
7290107958035,false,יוגורט במתיקות מעודנת 2% ללא תוספת סוכר- מארז 8 יח,"שטראוס בריאות בע""\מ",IL,מארז 8 יח דנונה מתיקות מעודן ללא סוכר120,גרמים,960.00,100 גרם,false,1,18.90,1.9687,true,1,20740
7290107958639,false,"מטבוחה מרוקאית חריפה 400 גרם ""אחלה""",מיוצר עי קונדיטוריית,IL,סלט מטבוחה מרוקאית חריפה 400 גר אחלה,גרמים,400.00,100 גרם,false,1,16.90,4.2250,true,1,20727
7290107970129,false,"ליידי ספיד סטיק - דאודורנט רול און לאישה פרש אסנס סחלב שחור 50 מ""ל",קולגייט-פלמוליב,IT,דאו.רול און ל.ספיד סטיק לסס פרש 50מ,Unknown,0.00,Unknown,false,1,15.90,0.0000,true,1,14587
7290107971522,false,חטיף בוטנים ושקדים עם שוקולד מריר ופיסטוק,אמקו סאם מילס ספול.,CZ,חטיף פרי ללא גלוטן בוטנים שקד5 יח140 גר,גרמים,140.00,100 גרם,false,1,16.90,12.0714,true,1,16064
7290107971539,false,פרי חטיף בוטנים וקשיו עם שוקולד מריר 125 גרם,אמקו סאם מילס ספול.,CZ,חטיף פרי ללא גלוטן בוטנים קשיו5 יח140 גר,גרמים,140.00,100 גרם,false,1,16.90,12.0714,true,1,16063
7290107971744,false,"קולגייט - מי פה טוטל ירוק ספרמינט 500 מ""ל",יבואן ומשווק: ש. שסט,PL,מי פה קולגייט טוטל ירוק 500 מל,מיליליטרים,500.00,"100 מ""ל",false,1,24.90,4.9800,true,1,15895
7290107971751,false,מי פה קולגייט טוטל ללא אלכוהול פפרמינט,יבואן ומשווק: ש. שסט,PL,מי פה קולגייט טוטל כחול 500 מל,מיליליטרים,500.00,"100 מ""ל",false,1,24.90,4.9800,true,1,15896
7290107973014,false,"סבון ידיים משאבה פלמוליב חלב ודבש 300 מ""ל",הנסיך- מפעל לייצור ט,TR,סבון ידיים פלמוליב חלב ודבש 300 מל,מיליליטרים,300.00,"100 מ""ל",false,1,11.90,3.9667,true,1,16579
7290107973038,false,"סבון ידיים משאבה פלמוליב אקווריום 300 מ""ל",הנסיך- מפעל לייצור ט,IT,סבון ידיים פלמוליב אקווריום 300 מל,מיליליטרים,300.00,"100 מ""ל",false,1,11.90,3.9667,true,1,16578
7290107973311,false,קולגייט מברשת שיניים 360 פחם זהב זוג,הנסיך- מפעל לייצור ט,CN,זוג מב.שינים קולגייט 360 יום פחם זהב,Unknown,0.00,Unknown,false,1,32.90,0.0000,true,1,15894
7290107973861,false,מאסטר שף עגבניות קצוצות דק שלישיה 400ג*3 כשלפ,קונסרזיו קאסאלאסקו ד,IT,מארז 3 יח עגבניות חתוכות מאסטר שף 400 גר,גרמים,1200.00,100 גרם,false,1,16.90,1.4083,true,1,17083
7290107974066,false,"עלי טורטיה קמח מלא 20ס""מ 8יח' מאסטר שף 320ג'",אלקאטי קורביישיסי גי,ES,עלי טורטיה 5 דגנים 8 יח 320 גר,גרמים,320.00,100 גרם,false,1,10.90,3.4063,true,1,16517
7290107974073,false,מנה עלי טורטיה קמח לבן מ.שף 20 סמ 320 גר,אלקאטי קורביישיסי גי,ES,עלי טורטיה קמח לבן 20 יח 320 גר,גרמים,320.00,100 גרם,false,1,10.90,3.4063,true,1,16516
7290107974080,false,מנה עלי טורטיה קמח לבן מ.שף 25 סמ 840 גר,הדקלאים אגודת שיתופי,TR,עלי טורטיה קמח מלא 25 יח 756 גר,גרמים,756.00,100 גרם,false,1,18.00,2.3810,true,1,16518
7290107974301,false,ליידי ספיד סטיק - דאודורנט ג'ל לאישה אלוורה 45 גרם,ליידי ספיד סטיק Lady Speed Stick,US,ליידי ספיד סטיק גל אלוורה 65 גרם,Unknown,0.00,Unknown,false,1,18.90,0.0000,true,1,18665
7290107974646,false,מרידול נשימה רעננה שטיפת פה 400 מל,הנסיך- מפעל לייצור ט,PL,מי פה מרידול נשימה רעננה 400 מל,מיליליטרים,400.00,"100 מ""ל",false,1,34.90,8.7250,true,1,17091
7290107974806,false,"מאסטר שף - אורז בסמטי 1 ק""ג",דווה סינג שיהם סינג,IN,אורז במסטי מאסטר שף 1 קג,קילוגרמים,1.00,"ק""ג",false,1,11.90,11.9000,true,1,18386
7290107975278,false,דאודורנט סטיק עם הגנת אלוורה Aloe Protection,ליידי ספיד סטיק Lady Speed Stick,US,דאו.ליידי ספיד סטיק אלוורה 45 גרם,יחידה,1.00,יחידה,false,1,15.90,15.9000,true,1,18666
7290107975285,false,דאו לנערות תות מתוק ליידי ספיד סטיק 65 ג,ליידי ספיד סטיק Lady Speed Stick,US,דאו.ליידי ספיד סטיק נערות תות מתוק 65גר,Unknown,0.00,Unknown,false,12,18.90,0.0000,true,1,23990
7290107975346,false,ספיד סטיק - דאודורנט ג'ל לגבר כוח הטבע 85 גרם,קולגייט-פלמוליב,US,דאו.ספיד סטיק גל לגבר כח הטבע 24/7,Unknown,0.00,Unknown,false,1,28.90,0.0000,true,1,19083
7290107975353,false,ליידי ספיד סטיק פיור פרש,קולגייט פלמוליב,US,דאו.ליידי ספיד סטיק פיור פרשנס 45 גרם,יחידה,1.00,יחידה,false,1,22.90,22.9000,true,1,19055
7290107975360,false,ליידי ספיד סטיק - דאודורנט ג'ל לאישה 24/7 פיור פרש 65 גרם,ליידי ספיד סטיק Lady Speed Stick,US,ליידי ספיד סטיק גל פיור פרשנס 65 גרם,Unknown,0.00,Unknown,false,1,18.90,0.0000,true,1,19054
7290107975544,false,"קולגייט משחת שיניים סמיילס ברבי לגילאי 6 50מ""ל",קולגייט- פלמוליב,PL,משחת שיניים קולגייט סמיילס ברבי ילדים 50,Unknown,0.00,Unknown,false,1,12.90,0.0000,true,1,18539
7290107976848,false,פלמוליב סבון מוצק קמומיל רביעייה 360 ג,קולגייט-פלמוליב,TR,מארז 4יח פלמוליב סבון מוצק 90 גרם,גרמים,360.00,100 גרם,false,1,16.90,4.6944,true,1,20192
7290107976916,false,"סבון ידיים משאבה פלמוליב זיתים 300 מ""ל",פלמוליב Palmolive,IT,סבון ידיים פלמוליב חלב זיתים 300 מל,מיליליטרים,300.00,"100 מ""ל",false,1,11.90,3.9667,true,1,19358
7290107977456,false,"פלמוליב - ג'ל רחצה ושמפו ספורט לגבר 750 מ""ל",קולגייט פלמוליב,TR,אלסבון פלמוליב משאבה ספורט לגבר 750מל,מיליליטרים,750.00,"100 מ""ל",false,1,16.90,2.2533,true,1,30202
7290107977753,false,"משחת שיניים פרודונט אקספרט מרידול , 75 מ""ל",קולגייט פלמוליב,PL,משחת שיניים מרידול פרודונט אקספרס 75מל,מיליליטרים,75.00,"100 מ""ל",false,1,25.90,34.5333,true,1,20193
7290107978101,false,מש.שיניים קולגייט א.וויט אקסטרה פאוור 75,קולגייט-פלמוליב,PL,משחת שיניים קולגייט אופטיק וויט פאור75מל,Unknown,0.00,Unknown,false,1,25.90,0.0000,true,1,20194
7290107978323,false,איטריות דקיקות מאסטר שף 400 גרם,הדקלאים אגודת שיתופי,PL,אטריות מאסטר שף דקיקיות 400 גרם,גרמים,400.00,100 גרם,false,1,5.90,1.4750,true,1,18923
7290107978330,false,מאסטר שף איטריות דקות 400 גרם,הדקלאים אגודת שיתופי,PL,אטריות מאסטר שף דקות 400 גרם,גרמים,400.00,100 גרם,false,1,5.90,1.4750,true,1,18924
7290107978347,false,איטריות בינוניות מאסטר שף 400 גרם,הדקלאים אגודת שיתופי,PL,אטריות מאסטר שף בנוניות 400 גרם,גרמים,400.00,100 גרם,false,1,5.90,1.4750,true,1,18925
7290107978460,false,חטיף בטעם פלאפל קראנ,מנה,IL,חטיף קראנצוס פלאפל 70 גר,Unknown,0.00,Unknown,false,1,3.90,0.0000,true,1,19716
7290107978637,false,"מרידול משחת שיניים 75 מ""ל כשל""פ-מרכז",קולגייט פלמוליב,PL,משחת שיניים מרידול משפחתי 75 מל,מיליליטרים,75.00,"100 מ""ל",false,48,19.90,26.5333,true,1,23252
7290107979184,false,"תבניות אלומיניום פלוס נייר אפייה 32/26 ס""מ L",HAI PLASTIC,CN,תבנית אלומיניום עם נייר אפיה קוקי מס 3,יחידה,1.00,יחידה,false,1,10.90,10.9000,true,1,19538
7290108070224,false,שקיות מודפסות מותגים,,,שקיות מודפסות מותגים 15 יח,Unknown,0.00,Unknown,false,1,13.90,0.0000,true,1,19567
7290108070316,false,שקית 50בלונים פסטל מעורב,,IL,שקיות מודפסות מותגים 15 יח,Unknown,0.00,Unknown,false,1,13.90,0.0000,true,1,19568
7290108201284,false,איירוויק מקלות ריחניים בניחוח לבנדר מתוק,איירוויק Air Wick,HU,מקלות ריחניים אירוויק לבנדר 30מל,Unknown,0.00,Unknown,false,1,14.90,0.0000,true,1,17786
7290108201437,false,"אבקת כביסה קולון 101 2.5 ק""ג",רקיט בנקיזר,IL,אבקת כביסה קולון 101 2.5קג,קילוגרמים,2.50,"ק""ג",false,1,19.90,7.9600,true,1,18222
7290108201802,false,"ספריי דטול לחיטוי בניחוח כביסה 400 מ""ל",רקיט בנקיזר,US,ספריי חיטוי דטול 400מל בניחוח אביב,מיליליטרים,400.00,"100 מ""ל",false,12,19.90,4.9750,true,1,24070
7290108201864,false,קולון קפסולות גל לכביסה 28 יחידות,רקיט בנקיזר,IT,טבליות גל כביסה קולון 28 יח,יחידה,28.00,יחידה,false,1,32.90,1.1750,true,1,22445
7290108201871,false,קולון 101 קפסולות גל לכביסה 42 יח,רקיט בנקיזר,PL,טבליות גל כביסה קולון 42 יח,יחידה,42.00,יחידה,false,1,42.90,1.0214,true,1,22444
7290108201963,false,ספריי חיטוי דטול 400,רקיט בנקיזר,US,ספריי חיטוי דטול 400מל בניחוח פריחה,מיליליטרים,400.00,"100 מ""ל",false,12,19.90,4.9750,true,1,24069
7290108350128,false,סנו סושי שקיות אשפה חזקות במיוחד 40 יח',מיוצר עי קונדיטוריית,IL,שקיות אשפה 40 יח סנו סושי 54/65,יחידה,40.00,יחידה,false,1,24.90,0.6225,true,1,13212
7290108350142,false,"שקיות רב שימושיות גדולות 25*35 ס""מ סנו סושי 270 יחידות",אשפלסט תעשיות,IL,שקיות רב שימושיות גדולות 25/35סמ,יחידה,270.00,יחידה,false,1,12.90,0.0478,true,1,15367
7290108350203,false,"סנו סושי כריות קרצוף+ספוג מקציף 6 יחידות 12X9 ס""מ",סנו סושי,US,כריות קרצוף ספוג מקציף 6יח סנו סושי,יחידה,6.00,יחידה,false,1,12.90,2.1500,true,1,16600
7290108350210,false,סנו סושי 30 שקיות אשפה XL חזקות במיוחד,מיוצר עי קונדיטוריית,IL,שקיות אשפה 30יח חזקות 75/65 סנו סושי,יחידה,30.00,יחידה,false,1,24.90,0.8300,true,1,14861
7290108350500,false,סנובון מוצק דאבל אקשן בניחוח תפוז שלישייה,סנו,,סבון אסלה סנובון דאבל אקשן תפוז שלישייה,יחידה,3.00,יחידה,false,1,11.90,3.9667,true,1,14458
7290108350531,false,סנו ספארק נוזל כלים בניחוח קלאסי עם משאבה 1 ל',מיוצר עי קונדיטוריית,IL,נוזל כלים סנו ספארק קלאסי משאבה 1 ליטר,ליטרים,1.00,ליטר,false,1,11.90,11.9000,true,1,13937
7290108350548,false,סנו ספארק נוזל כלים בניחוח לבנדר עם משאבה 1 ל',מיוצר עי קונדיטוריית,IL,נוזל כלים סנו ספארק לבנדר משאבה 1 ליטר,ליטרים,1.00,ליטר,false,1,11.90,11.9000,true,1,13938
7290108350555,false,נוזל כלים סנו ספארק Spark היפואלרגני פריחת השקד,סנו ספארק,IL,נוזל כלים סנו ספארק היפואלרגי משאבה 1ל,ליטרים,1.00,ליטר,false,1,11.90,11.9000,true,1,13939
7290108350616,false,סנו - מקסימה מרכך כביסה מרוכז פריחה כחולה 1 ליטר,"סנו מפעלי ברונוס בע""\מ",IL,מרכך כביסה מקסימה מרוכז בלו בלוסום 1ליטר,ליטרים,1.00,ליטר,false,1,16.90,16.9000,true,1,16338
7290108350623,false,מרכך כביסה סופר מרוכז סופט סילק מקסימה 1 ל' סנו,"סנו מפעלי ברונוס בע""\מ",IL,מרכך כביסה מקסימה מרוכז סופט סילק 1ליטר,ליטרים,1.00,ליטר,false,1,16.90,16.9000,true,1,16337
7290108350630,false,אל סבון לידיים כיף ב,סנו,,אל סבון לידיים כיף בוב ספוג 500 מל,מיליליטרים,500.00,"100 מ""ל",false,1,8.90,1.7800,true,1,16335
7290108350647,false,"כיף פיות קרם מתיר קשרים 350 מ""ל-מרכז",החברה הדרומית,IL,קרם להתרת קשרים כיף פיות 350 מל,מיליליטרים,350.00,"100 מ""ל",false,1,21.90,6.2571,true,1,15642
7290108350654,false,כיף פיות תרסיס לשיער להתרת קשרים 350 מל,קוסמופארם בע''מ,IL,ספריי להתרת קשרים כיף פיות 350 מל,מיליליטרים,350.00,"100 מ""ל",false,1,19.90,5.6857,true,1,15643
7290108350685,false,"סנו ספארק מנקה למדיח כלים 250 מ""ל",סנו,IL,מנקה למדיח כלים ספארק 250מל,מיליליטרים,250.00,"100 מ""ל",false,1,13.90,5.5600,true,1,21596
7290108350715,false,"סנו פורטה FREE נוזל מרוכז להסרת שומנים 750 מ""ל",סנו,IL,מסיר שומנים סנו פורטה פריי 750 מל,מיליליטרים,750.00,"100 מ""ל",false,1,14.90,1.9867,true,1,17694
7290108350739,false,משחת שיניים אורביטול קידס סטעם סוכריות ג'לי 70 גרם,טרופיקל דגיל תעשיות קוסמ,IL,מש. שיניים אורביטול קידס 70גר ב.סוכריות,גרמים,70.00,100 גרם,false,1,9.90,14.1429,true,1,25304
7290108350753,false,"אורביטול משחת שיניים פרוטקט פרש, 145 גרם",גוד פוד פרודקטס S.p,IL,משחת שיניים אורביטול הגנה וריענון 145גר,גרמים,145.00,100 גרם,false,1,13.90,9.5862,true,1,24785
7290108350777,false,"שלשיית אלסבון מיניונים לידיים -נקה קידס 500מ""ל",קוסמופארם בעמ,IL,מארז 3 יח סבון נוזלי נקה 7 מיניונים 500מ,ליטרים,1.50,ליטר,false,1,21.90,14.6000,true,1,23313
7290108350869,false,סנובון בניחוח לימון 3*45גWAVE,סנו,,מארז 3יח סבון אסלה מוצק לימון מרענן,יחידה,3.00,יחידה,false,1,10.90,3.6333,true,1,16597
7290108350968,false,קרמה דאודורנט ספריי הגנה מוגברת 150 מל,מיוצר עי : אמיליה קוסמטי,IL,דאודורנט קרמה ספריי הגנה מוגברת 150 מל,מיליליטרים,150.00,"100 מ""ל",false,1,12.90,8.6000,true,1,18602
7290108351118,false,"K 4000 קוטל יתושים, זבובים וחרקים מעופפים אחרים",סנו מפעלי ברונוס בעמ,IL,קיי 4000 קוטל מעופפים 750 מל,מיליליטרים,750.00,"100 מ""ל",false,1,29.90,3.9867,true,1,16721
7290108351149,false,ג'ל ניקוי כללי בתוספת אבקת סודה ריח כביסה סנו ג'ט 1.5 ליטר,"סנו מפעלי ברונוס בע""\מ",IL,גט גל לניקוי כללי ורצפות סודה 1.5ליטר,ליטרים,1.50,ליטר,false,1,12.90,8.6000,true,1,17696
7290108351156,false,ג'ל ניקוי כללי בתוספת חומץ בריח לבנדר סנו ג'ט 1.5 ליטר,"סנו מפעלי ברונוס בע""\מ",IL,גט גל לניקוי כללי ורצפות חומץ 1.5ליטר,ליטרים,1.50,ליטר,false,1,12.90,8.6000,true,1,17695
7290108351507,false,מרכך כביסה אינספרישיין סנו מקסימה 4 ליטר,סנו מקסימה,IL,מרכך כביסה סנומקסימה 4 ל סופט סילק,ליטרים,4.00,ליטר,false,1,22.90,5.7250,true,1,17698
7290108351514,false,מרכך כביסה בלו בלוסום סנו מקסימה 4 ליטר,סנו מקסימה,IL,מרכך כביסה סנומקסימה 4 ל בלו,ליטרים,4.00,ליטר,false,1,22.90,5.7250,true,1,17697
7290108351538,false,סנופרש הום מבשם לבית בניחוח מרכך כביסה ב,סנו מפעלי ברונוס בעמn,IL,מטהר אויר יבש פרש הום 200מל בלו,מיליליטרים,200.00,"100 מ""ל",false,12,12.90,6.4500,true,1,22992
7290108351545,false,מטהר אוויר סנו פרש הום בניחוח מרכך,סנו מפעלי ברונוס בעמn,IL,מטהר אויר יבש פרש הום 200מל בניחוח מרכך,מיליליטרים,200.00,"100 מ""ל",false,12,12.90,6.4500,true,1,22991
7290108351552,false,"סנו - ג'ט לניקוי כללי בתוספת חומץ בניחוח לבנדר 750 מ""ל","סנו מפעלי ברונוס בע""\מ",IL,מרסס סנו גט לניקוי כללי+חומץ 750מל,מיליליטרים,750.00,"100 מ""ל",false,1,12.90,1.7200,true,1,20568
7290108351569,false,מבשם ומרכך למייבש כביסה Baby לתינוקות ולעור רגיש,"סנו מפעלי ברונוס בע""\מ",IL,סנו מקסימה בייבי למייבש 750 מל,מיליליטרים,750.00,"100 מ""ל",false,1,18.90,2.5200,true,1,19309
7290108351583,false,"סנו - ג'ט פלוס חומץ ג'ל לניקוי אסלות לבנדר 750 מ""ל",טרופיקל דגיל תעשיות,IL,סנו גט לניקוי אסלות 750מל חומץ ומלח לימו,מיליליטרים,750.00,"100 מ""ל",false,12,10.90,1.4533,true,1,22990
7290108351590,false,"סנופרש הום בלו בלוסון בניחוח מרכך כביסה 350 מ""ל",סנו פרש Fresh,IL,מ. אויר סנופרש הום בריח בלו בלוסום 350מל,מיליליטרים,350.00,"100 מ""ל",false,1,13.90,3.9714,true,1,19307
7290108351606,false,מטהר אוויר בלו בלוסום סנו פרש הום 350 מל,סנו מפעלי ברונוס בעמ,IL,מ. אויר סנופרש הום בריח סופט סילק 350מל,מיליליטרים,350.00,"100 מ""ל",false,1,13.90,3.9714,true,1,19306
7290108351613,false,סנו ריצפז פרש הום 2 ליטר בניחוח מלון חלומי,"סנו מפעלי ברונוס בע""\מ",IL,נוזל ריצפז פרש הום 2 ליטר מלון חלומי סנו,ליטרים,2.00,ליטר,false,1,21.90,10.9500,true,1,18975
7290108351637,false,"אבקת כביסה מקסימה סמארט 5 ק""ג סנו",סנו מקסימה,IL,אב.כביסה סנו מקסימה סמארט 5 קג,קילוגרמים,5.00,"ק""ג",false,1,49.90,9.9800,true,1,19907
7290108351668,false,מטליות לחות לניקוי כללי בתוספת חומץ בניחוח לבנדר,טרופיקל דיגל- תעשיות,IL,מטליות לחות גט חומץ לניקוי כללי 50יח,יחידה,50.00,יחידה,false,24,10.90,0.2180,true,1,23291
7290108351699,false,סנו - ג'ט מטליות לחות לניקוי כללי בתוספת חומץ לבנדר שלישיה,סנו מפעלי ברונוס על,IL,מארז 3יח מגבוני גט+חומץ לניקוי כללי 50יח,יחידה,150.00,יחידה,false,8,21.90,0.1460,true,1,23597
7290108351705,false,פניני בישום 275 גרם מקסימה,inc prodacts smart value,IL,פניני בישום מקסימה פרש 275גר,גרמים,275.00,100 גרם,false,6,31.90,11.6000,true,1,30845
7290108351712,false,פניני בישום לכביסה 275 ג' מקסימה,inc prodacts smart value,IL,פניני בישום מקסימה לאבלי 275גר,גרמים,275.00,100 גרם,false,6,31.90,11.6000,true,1,30846
7290108351729,false,"נוזל לניקוי אסלות אקולוגי 750 מ""ל GREEN POWER",מיוצר עי קונדיטוריית,IL,נוזל ניקוי אסלות אקולוגי 750מל גרין פאור,מיליליטרים,750.00,"100 מ""ל",false,1,11.90,1.5867,true,1,33763
7290108351736,false,נ.לניקוי חלונותסנו גרין פאוור אקולוגי750,סנו מפעלי ברונוס בעמ,IL,נוזל ניקוי חלונות אקולוגי 750מל גרין פאו,מיליליטרים,750.00,"100 מ""ל",false,1,11.90,1.5867,true,1,33765
7290108351743,false,"סנו נוזל לניקוי כללי אקולוגי 750 מ""ל GREEN POWER",סנו מפעלי ברונוס בעמ,IL,נוזל ניקוי כללי אקולוגי 750מל גרין פאור,מיליליטרים,750.00,"100 מ""ל",false,1,11.90,1.5867,true,1,33767
7290108351750,false,נ.לניקוי רצפות סנו גרין פאוור אקולוגי 2ל,סנו מפעלי ברונוס בעמ,IL,נוזל שטיפת רצפות אקולוגי 2ליטר גרין פאור,ליטרים,2.00,ליטר,false,1,18.90,9.4500,true,1,33768
7290108351767,false,סנו פרש מכשיר אוטומטי לבישום אוויר בתוספת מילוי BLUE AIR,"יצרן מכשיר: זובלה, ש",IL,מטהר אויר סנו פרש אוטומטי+מילוי בריזה,יחידה,1.00,יחידה,false,1,39.90,39.9000,true,1,25039
7290108351774,false,מרסס סנו לניקוי וטיפול במוצרי עור 500 מל,סנו,IL,מרסס ניקוי מוצרי עור 500מל,מיליליטרים,500.00,"100 מ""ל",false,1,29.90,5.9800,true,1,25595
7290108351781,false,ג'ל לניקוי אסלות + חומץ ומלח לימון בריח הדרים,"סנו מפעלי ברונוס בע""",IL,סנו גט לניקוי אסלות 750מל בניחוח הדרים,מיליליטרים,750.00,"100 מ""ל",false,12,10.90,1.4533,true,1,25303
7290108351804,false,מרכך כביסה סופר מרוכז Gentl Breeze סנו מקסימה 1 ליטר,מיוצר עי קונדיטוריית,IL,מרכך כביסה מקסימה מרוכז בריזה עדינה 1לי,ליטרים,1.00,ליטר,false,1,16.90,16.9000,true,1,29201
7290108351811,false,מרכך כביסה סופר מרוכז Floral touch סנו מקסימה 1 ליטר,מיוצר עי קונדיטוריית,IL,מרכך כביסה מקסימה מרוכז נגיעות פרחים 1לי,ליטרים,1.00,ליטר,false,1,16.90,16.9000,true,1,29200
7290108351835,false,מרכך כביסה Pure Sensation סנו מקסימה 4 ליטר,מיוצר עי קונדיטוריית,IL,מרכך כביסה סנומקסימה 4 ל פריחה,ליטרים,4.00,ליטר,false,1,22.90,5.7250,true,1,30866
7290108351842,false,"סנו מקסימה בושם מרוכז לכביסה FOREVER כחול 600 מ""ל","סנו מפעלי ברונוס בע""\מ",IL,מבשם כביסה מרוכז מקסימה 600מל כחול,מיליליטרים,600.00,"100 מ""ל",false,12,22.90,3.8167,true,1,25742
7290108351859,false,"סנו מקסימה בושם מרוכז לכביסה FOREVER ורוד 600 מ""ל",סנו מקסימה,IL,מבשם כביסה מרוכז מקסימה 600מל ורוד,מיליליטרים,600.00,"100 מ""ל",false,12,22.90,3.8167,true,1,25743
7290108351903,false,אורביטול - פרוטקט פרש שטיפת פה באריזה חד פעמית 20 יחידות,קוסמופארם בע'\'\מ,IL,מי פה אורביטול 20יח פרוטקט אנד פרש,יחידה,20.00,יחידה,false,8,21.90,1.0950,true,1,34926
7290108351910,false,סנו ספארק טבליות למדיח 30 יח',גרופה אינקו,PL,טבליות למדיח ספארק 30 יח,יחידה,30.00,יחידה,false,1,22.90,0.7633,true,1,25752
7290108351927,false,סנו ספארק טבליות למדיח 70 יחידות,גרופה אינקו,PL,טבליות למדיח ספארק 70 יח,יחידה,70.00,יחידה,false,1,44.90,0.6414,true,1,25751
7290108351934,false,סנובון סבון אסלה מוצק RINGS בניחוח לימון שלישיה,החברה הדרומית,PL,סבון אסלה מוצק רינגס לימון שלישייה,יחידה,3.00,יחידה,false,12,15.90,5.3000,true,1,29181
7290108351941,false,סנובון סבון אסלה מוצק RINGS בניחוח יערות שלישיה,SWARZEDZ DRAMERSSA,PL,סבון אסלה מוצק רינגס יערות שלישייה,יחידה,3.00,יחידה,false,12,15.90,5.3000,true,1,29182
7290108351958,false,סנובון סבון אסלה מוצק RINGS בניחוח אוקיינוס שלישיה,סנו מפעלי ברונוס בעמ,PL,סבון אסלה מוצק רינגס אוקיינוס שלישייה,יחידה,3.00,יחידה,false,12,15.90,5.3000,true,1,29183
7290108351965,false,סנו ג'ט סבון אסלה בחומץ שלישיה,סנו מפעלי ברונוס בעמ,IL,סבון אסלה סנוגט שלישייה בחומץ ומלח לימון,יחידה,3.00,יחידה,false,1,12.90,4.3000,true,1,27815
7290108351972,false,סנופרש הום מבשם לבית בניחוח מלון בוטיק,מיוצר עי קונדיטוריית,IL,מטהר אויר פרש הום מלון בוטיק 200מל,מיליליטרים,200.00,"100 מ""ל",false,12,12.90,6.4500,true,1,31274
7290108351989,false,סנופרש הום מבשם לבית בניחוח מלון מפנק,מיוצר עי קונדיטוריית,IL,מטהר אויר פרש הום מלון מפנק 200מל,מיליליטרים,200.00,"100 מ""ל",false,12,12.90,6.4500,true,1,31273
7290108351996,false,"חיטוי בייבי 99.9% לחיטוי וניקוי בסביבת תינוקות 750 מ""ל","סנו מפעלי ברונוס בע""\מ",IL,מרסס בייבי לחיטוי משטחים סדרת 99% 750מל,מיליליטרים,750.00,"100 מ""ל",false,12,11.90,1.5867,true,1,28027
7290108352016,false,סבון מוצק סנובון DESIGN מרכך שלישייה,סנו,IL,סבון אסלה מוצק דיזיין שלישייה מרכך כביסה,יחידה,3.00,יחידה,false,12,16.90,5.6333,true,1,29184
7290108352078,false,"שטיפת פה protective salt אורביטול 500 מ""ל",טרופיקל דגיל תעשיות,IL,מי פה אורביטול בתוספת מלח 500מל,מיליליטרים,500.00,"100 מ""ל",false,12,26.90,5.3800,true,1,34923
7290108352085,false,"מי פה אורביטול רעננות חריפה 500 מ""ל",טרופיקל דגיל תעשיות,IL,מי פה אורביטול רעננות חריפה 500מל,מיליליטרים,500.00,"100 מ""ל",false,12,21.90,4.3800,true,1,34924
7290108352092,false,משחת שיניים אורביטול פרוטקטיב סולט בטעם מנטה,טרופיקל דגיל תעשיות קוסמ,IL,משחת שיניים אורביטול בתוספת מלח 145גר,גרמים,145.00,100 גרם,false,24,18.90,13.0345,true,1,34921
7290108352108,false,משחת שיניים אורביטול רעננות חריפה 145 גר,טרופיקל דגיל תעשיות קוסמ,IL,משחת שיניים אורביטול רעננות חריפה 145גר,גרמים,145.00,100 גרם,false,24,16.90,11.6552,true,1,34922
7290108352115,false,סנובון ווייב לאסלה בתוספת אקונומיקהה 45X3ג',סנו,IL,מארז 3יח סבון אסלה מוצק אקונומיקה וואייב,יחידה,3.00,יחידה,false,1,10.90,3.6333,true,1,31470
7290108352139,false,ג'ל כביסה גרין פוויר אקולוגי 3 ל' סנו,סנו מפעלי ברונוס בעמ,IL,גל כביסה אקולוגי 3ליטר גרין פאור,ליטרים,3.00,ליטר,false,1,29.90,9.9667,true,1,33769
7290108352146,false,"סנובון נוזלי בניחוח מנגוליה ונרולי סנו 750 מ""ל",סנו מפעלי ברונוס בעמ,IL,סבון אסלות סנובון מגנוליה ונרולי 750מל,מיליליטרים,750.00,"100 מ""ל",false,1,11.90,1.5867,true,1,33872
7290108352153,false,"סנובון נוזלי בניחוח לוטוס וסחלב סנו 750 מ""ל",מיוצר עי קונדיטוריית,IL,סבון אסלות סנובון לוטוס סחלב 750מל,מיליליטרים,750.00,"100 מ""ל",false,1,11.90,1.5867,true,1,33873
7290108352207,false,מקסימה 40 קפסולות לכביסה בניחוח fresh burst,"גליל כימיקלים, א.ת. צפונ",IL,קפסולות כביסה מקסימה 40יח בריזה,יחידה,40.00,יחידה,false,12,34.90,0.8725,true,1,33329
7290108352214,false,סנו - מקסימה קפסולות כביסה בניחוח בריזה מרעננת 40 יח',טרופיקל דגיל תעשיות,IL,קפסולות כביסה מקסימה 40יח פרחוני,יחידה,40.00,יחידה,false,12,34.90,0.8725,true,1,33328
7290108352221,false,סנופרש הום מבשם נוזלי בניחוח מלון מפנק,סנו מפעלי ברונוס בעמ,IL,מ. אויר סנופרש מלון מפנק 350מל,מיליליטרים,350.00,"100 מ""ל",false,1,13.90,3.9714,true,1,33874
7290108352252,false,נוזל לניקוי כלים מתאים לניקוי ירקות ופירות סנו ספארק,"סנו מפעלי ברונוס בע""\מ",IL,נוזל כלים סנו ספארק קלאסי משאבה 1 ליטר,ליטרים,1.00,ליטר,false,1,11.90,11.9000,true,1,34955
7290108352269,false,סנו מטליות לחיטוי ולניקוי בדלי 400 יחידו,החברה הדרומית,IL,מטליות לחות לניקוי וחיטוי 99% 400יח בדלי,יחידה,400.00,יחידה,false,6,32.90,0.0822,true,1,33330
7290108352276,false,מגבונים לניקוי וחיטוי יסודי לרצפה 10 יח 99.9%,"סנו מפעלי ברונס בע""\מ",IL,מטליות לחות לחיטוי וניקוי רצפות 99% 10יח,יחידה,10.00,יחידה,false,12,17.90,1.7900,true,1,32816
7290108352283,false,נוזל לחיטוי וניקוי רצפות- סדרת 99.9% סנו 2 ליטר,"סנו מפעלי ברונוס בע""\מ",IL,נוזל רצפות לחיטוי וניקוי סדרת 99% 2ליטר,ליטרים,2.00,ליטר,false,8,19.90,9.9500,true,1,32815
7290108352290,false,שלישיית מטליות לחיטוי ולניקוי יסודי לחדר האמבטיה סדרת 99.9%,מיוצר עי קונדיטוריית,IL,מארז 3יח מטליות לחיטוי וניקוי 99% 50יח,יחידה,150.00,יחידה,false,8,24.90,0.1660,true,1,32817
7290108352313,false,שקית מילוי 99.9% מחטא ומשמיד חיידקים למשטחים,"מפעלו ברונוס בע""מ",IL,מילוי לחיטוי משטחים 99% 750מל שקית למרסס,מיליליטרים,750.00,"100 מ""ל",false,12,10.90,1.4533,true,1,32814
7290108352320,false,"מבשם אויר סנו פרש הום בניחוח כותנה מלטפת 350 מ""ל",מיוצר עי קונדיטוריית,IL,מ. אויר סנופרש מלון בוטיק 350מל,מיליליטרים,350.00,"100 מ""ל",false,1,13.90,3.9714,true,1,33875
7290108352337,false,"סנו - פרש מילוי למטהר אוויר מלון מפנק 250 מ""ל",מיוצר עי קונדיטוריית,IL,מ.אויר סנו פרש מילוי מלון מפנק 250מל,מיליליטרים,250.00,"100 מ""ל",false,1,14.90,5.9600,true,1,33877
7290108352344,false,"פרש מבשם אויר אוטומטי בניחוח לבנדר סנו 250 מ""ל",מיוצר עי קונדיטוריית,IL,מ.אויר סנו פרש מילוי מלון בוטיק 250מל,מיליליטרים,250.00,"100 מ""ל",false,1,14.90,5.9600,true,1,33876
7290108352351,false,"סנו תרסיס לחיטוי משטחים 99.9% - 400 מ""ל","סנו מפעלי ברונס בע""\מ",IL,תרסיס לחיטוי משטחים 99% 400מל,מיליליטרים,400.00,"100 מ""ל",false,12,22.90,5.7250,true,1,33334
7290108352368,false,תוסף לחיטוי כביסה 99.9% סנו מקסימה 3 ל',סנו מקסימה,IL,תוסף לכביסה 3 ליטר,ליטרים,3.00,ליטר,false,1,34.90,11.6333,true,1,40542
7290108352382,false,מטליות לחות באריזה אישית לחיטוי משטחים ואביזרים,טרופיקל דגיל תעשיות,IL,מגבונים לחיטוי משטחים ואביזרים 99.9% 20י,יחידה,20.00,יחידה,false,12,10.90,0.5450,true,1,34947
7290108352399,false,ריצפז פרש הום בניחוח מרכך כביסה פלורל טאצ',"סנו מפעלי ברונוס בע""\מ",IL,נוזל ריצפז פרש הום 2ל בניחוח מרכך כביסה,ליטרים,2.00,ליטר,false,1,21.90,10.9500,true,1,47316
7290108352405,false,מטהר אוויר סנו פרש הום נוזלי ירוק ארומטי,סנו מפעלי ברונוס בעמ,IL,מבשם אויר פרש הום 300מל גרין גראס,מיליליטרים,300.00,"100 מ""ל",false,12,13.90,4.6333,true,1,34960
7290108352412,false,"סנו - פרש הום מבשם לבית ולטקסטיל ורד אנגלי ועלים 300 מ""ל",מיוצר עי קונדיטוריית,IL,מבשם אויר פרש הום 300מל ורד אנגלי,מיליליטרים,300.00,"100 מ""ל",false,12,13.90,4.6333,true,1,34959
7290108352429,false,מטהר אוויר סנו פרש הום נוזלי כחול ארומטי,סנו מפעלי ברונוס בעמ,IL,מבשם אויר פרש הום 300מל שמנים ארומטיים,מיליליטרים,300.00,"100 מ""ל",false,12,13.90,4.6333,true,1,34951
7290108352436,false,סנובון מוצק בניחוח נגוליה ונרולי שלישייה,סנו מפעלי ברונוס בעמ,IL,סבון אסלה סנובון שלישייה מגנוליה ונרולי,יחידה,3.00,יחידה,false,1,14.90,4.9667,true,1,38255
7290108352443,false,סנובון מוצק לניקוי אסלה כחול סנו 3 יחידות,סנו מפעלי ברונוס בעמ,IL,סבון אסלה סנובון שלישייה לוטוס וסחלב,יחידה,3.00,יחידה,false,1,14.90,4.9667,true,1,38254
7290108352474,false,"סנומוד מטהר אוויר ליידי קוקו סנו 150 מ""ל","סנו מפעלי ברונוס בע""\מ",IL,מטהר אוויר סנומוד ליידי קוקו,מיליליטרים,150.00,"100 מ""ל",false,1,12.90,8.6000,true,1,38252
7290108352481,false,"סנומוד מטהר אוויר נרסיסו סנו 150 מ""ל","סנו מפעלי ברונוס בע""\מ",IL,מטהר אוויר סנומוד נרסיסו,מיליליטרים,150.00,"100 מ""ל",false,1,12.90,8.6000,true,1,38251
7290108352498,false,מכשיר אוטומטי מעוצב ואלגנטי עם מילוי מלון בוטיק סנו פרש,"יצרן מכשיר: זובלה, יצרן",IL,מטהר אויר סנו פרש אוטומטי+מילוי מ.בוטיק,יחידה,1.00,יחידה,false,1,39.90,39.9000,true,1,39073
7290108352511,false,ניקוי וחיטוי מכונת הכביסה בתוספת חומץ סנו מקסימה,"סנו מפעלי ברונוס בע""\מ",IL,נוזל מקסימה לניקוי וחיטוי מכונת כביסה500,מיליליטרים,500.00,"100 מ""ל",false,12,15.90,3.1800,true,1,39077
7290108352528,false,"מתז לחיטוי וניקוי חדר האמבטיה 99.9% 750 מ""ל","סנו מפעלי ברונוס בע""\מ",IL,מרסס לחיטוי וניקוי אמבטיה סדרת 99% 750מל,מיליליטרים,750.00,"100 מ""ל",false,12,14.90,1.9867,true,1,39642
7290108352535,false,סנו - מקסימה דפי בישום לחים למייבש הכביסה בניחוח מרכך כביסה,טרופיגל דגיל תעשיות קוסמ,IL,דפי בישום לחים מקסימה למייבש כביסה 20יח,יחידה,20.00,יחידה,false,12,13.90,0.6950,true,1,46160
7290108352566,false,מרכך כביסה בבישום עוצמתי 4 ל' סנו מקסינה,"סנו מפעלי ברונוס בע""\מ",IL,מרכך כביסה סנומקסימה 4 ליטר גוי,ליטרים,4.00,ליטר,false,1,22.90,5.7250,true,1,47946
7290108352573,false,מרכך כביסה סנו מקסימה בבישום עוצמתי 4 ליטר,"סנו מפעלי ברונוס בע""\מ",IL,מרכך כביסה סנומקסימה 4 ליטר קאלם,ליטרים,4.00,ליטר,false,1,22.90,5.7250,true,1,49571
7290108352597,false,דלי מגבונים לניקוי כללי סנו 400 יחידות,סנו,IL,מגבונים לניקוי כללי 400יח בדלי,יחידה,400.00,יחידה,false,1,27.90,0.0697,true,1,17038
7290108352627,false,סנו סושי- מפת ניילון שקופה בגליל,"סנו מפעלי ברונו בע""מ",IL,מפת ניילון שקופה בגליל 20מטר,מטרים,20.00,מטר,false,12,21.90,1.0950,true,1,23598
7290108352641,false,סנו סושי מטלית הפלא לניקוי כללי במארז שלישייה,סנו מפעלי ברונוס.,IL,מטליות מיקרופייבר לניקוי כללי 3יח,יחידה,3.00,יחידה,false,1,16.90,5.6333,true,1,19303
7290108352672,false,צמד מטליות הפלא לרצפה מיקרפייבר סנו סושי,סנו מפעלי ברונוס.,CN,מארז 2יח מטליות מיקרופייבר לרצפות,יחידה,2.00,יחידה,false,1,22.90,11.4500,true,1,19304
7290108352689,false,כריות קרצוף ללכלוך קשה סנו סושי 9 יחידות,טרופיקל דגיל תעשיות,US,כריות קרצוף 9יח ללכלוך קשה סנו סושי,יחידה,9.00,יחידה,false,1,12.90,1.4333,true,1,16599
7290108352696,false,"סנו סושי- ניילון נצמד+ רחב במיוחד 45 ס""מ",פפין ונטג,IL,ניילון נצמד רחב 100מטר 45סמ סנו סושי,מטרים,100.00,מטר,false,1,31.90,0.3190,true,1,24394
7290108352702,false,סנו סופט שלישיית מגבוני טואלט נשטפים בוב ספוג 48 יחידות,סנו סופט Soft,IL,מארז שלישיית מגבונים לחים לשירותים 48יח,יחידה,144.00,יחידה,false,1,15.90,0.1104,true,1,16428
7290108352788,false,סנו סושי שקיות זיפר לאוכל L 20 יחידות,פיין ונטג,IL,שקיות זיפר 20יח לארג סנו סושי,יחידה,20.00,יחידה,false,12,11.90,0.5950,true,1,26020
7290108352795,false,סנו סושי שקיות M זיפר 50 יחידות,פיין ונטג,CN,שקיות זיפר 50יחידות מדיום סנו סושי,יחידה,50.00,יחידה,false,12,11.90,0.2380,true,1,26021
7290108352801,false,"שקיות אשפה לפחים קטנים 45 * 56 ס""מ סנו סושי 100 יחידות","סנו מפעלי ברונוס בע""מ",IL,שקיות אשפה לפחים קטנים 100יח סנו סושי,יחידה,100.00,יחידה,false,1,19.90,0.1990,true,1,22587
7290108352818,false,מטלית במבוק לניקוי דוחה ריחות רעים,צ'\נצ'\גן גולי מוצרי צרי,CN,מטלית במבוק לניקוי 25/25סמ סנו סושי,יחידה,1.00,יחידה,false,12,8.90,8.9000,true,1,25050
7290108352825,false,ספוג הפלא נירוסטה סנו סושי 3יח',ltdn s.k.a.tסנו מפעלי בר,CN,ספוג הפלא נירוסטה סנו סושי 3יח,יחידה,3.00,יחידה,false,12,10.90,3.6333,true,1,23293
7290108352849,false,שלישיית מטליות הפלא לניקוי כללי דקור סנו סושי,טרופיקל דגיל תעשיות,CN,מארז 3יח מטליות מיקרופייבר דאקור סנו סוש,יחידה,3.00,יחידה,false,12,16.90,5.6333,true,1,37234
7290108352863,false,סנו סושי שקיות צלייה 20יח' מידה L,סנו מפעלי ברונוס בעמ . ח,TR,שקיות צליה 20יח סנו סושי 38/25סמ לארג,יחידה,20.00,יחידה,false,12,8.90,0.4450,true,1,24392
7290108352870,false,סנו סושי שקיות צלייה 10יח' מידה XL,סנו מפעלי ברונוס בעמ . ח,IL,שקיות צליה 10יח סנו סושי 38/25סמ אקס אל,יחידה,10.00,יחידה,false,12,8.90,0.8900,true,1,24393
7290108352887,false,"זוג מפות שולחן עשויות מבד בלתי ארוג 180*120 ס""מ",מיוצר עי קונדיטוריית,IL,זוג מפות שולחן לבנות סנו סושי,יחידה,2.00,יחידה,false,1,11.90,5.9500,true,1,25040
7290108352894,false,סנו סושי מפת שולחן חגיגית,שואוגאנג,CN,מפת שולחן חגיגית חד פעמי 270/120סמ,יחידה,1.00,יחידה,false,24,8.90,8.9000,true,1,26026
7290108352900,false,מגבות נייר בגליל כפול סנו סושי 12=6 גלילים,סנו מפעלי ברונוס בעמ,IL,מגבות נייר סנו סושי 6 גלילים כפול,יחידה,6.00,יחידה,false,1,24.90,4.1500,true,1,29196
7290108352948,false,"תבניות מאפינס אקסטרא חזקות 24 *16ס""מ סנו",יויו טינואט,IL,תבניות מאפינס 7יח חד פעמי אקסטרה חזקות,יחידה,7.00,יחידה,false,1,16.90,2.4143,true,1,25746
7290108352955,false,"סנו סושי 4 תבניות אינגליש אקסטרה חזקות 16*31 ס""מ",יויו טינואט,IL,תבניות אינגליש 4יח חד פעמי אקסטרה חזקות,יחידה,4.00,יחידה,false,1,16.90,4.2250,true,1,25745
7290108352962,false,"סנו סושי 3 תבניות עמוקות אקסטרה חזקות 25*30 ס""מ",יויו טינואט,IL,תבניות עמוקות 3יח חד פעמי אקסטרה חזקות,יחידה,3.00,יחידה,false,1,16.90,5.6333,true,1,25747
7290108352979,false,"סנו סושי 4 תבניות L אקסטרה חזקות 26*36 ס""מ",יויו טינואט,CN,תבניות לארג 4יח חד פעמי אקסטרה חזק 26/36,יחידה,4.00,יחידה,false,1,16.90,4.2250,true,1,25748
7290108352986,false,"3 תבניות XL אקסטרא חזקות 40*29ס""מ סנו",יויו טינואט,IL,תבניות אקסטרה לארג 3יח אקסטרה חזק 29/40,יחידה,3.00,יחידה,false,1,16.90,5.6333,true,1,25749
7290108352993,false,"סנו סושי 2 תבניות XL אקסטרא חזקות 43*31ס""מ",יויו טינואט,CN,תבניות אקסטרה לארג 2יח אקסטרה חזק עמוק,יחידה,2.00,יחידה,false,1,16.90,8.4500,true,1,25750
7290108353006,false,סנו סושי - שקיות אוכל נקשרות 250 יחידות XL,מיוצר עי קונדיטוריית,IL,שקיות אוכל נקשרות 250יח אקס אל,יחידה,250.00,יחידה,false,1,12.90,0.0516,true,1,28221
7290108353013,false,תבניות אינגלישקייק מנייר סנו סושי 5 יח',מיוצר עי קונדיטוריית,CN,תבניות אפיה אינגליש קייק 5יח סנו סושי,יחידה,5.00,יחידה,false,1,15.90,3.1800,true,1,29989
7290108353020,false,4 תבנית אפייה מנייר מלבנית גדולה סנו,מיוצר עי קונדיטוריית,CN,תבניות אפיה מלבנית גדולה 4יח סנו סושי,יחידה,4.00,יחידה,false,1,15.90,3.9750,true,1,29990
7290108353037,false,"תבניות אפיה עגולות מנייר קוטר 21 ס""מ",מיוצר עי קונדיטוריית,CN,תבניות אפיה עגולה מנייר 4יח סנו סושי,יחידה,4.00,יחידה,false,1,15.90,3.9750,true,1,29991
7290108353068,false,ספוג הפלא נירוסטה עם סיבי קירצוף סנו סושי 2 יח',מיוצר עי קונדיטוריית,IL,כרית קרצוף עם סיבי נירוסטה 2יח סנו סושי,יחידה,2.00,יחידה,false,12,10.90,5.4500,true,1,29984
7290108353334,false,"שמפו למניעת קשקשים עם שמן עץ התה ואסאי 700 מ""ל כיף",קוסמופארם בעמ,IL,שמפו כיף מונע קשקשים שמן עץ התה 700מל,מיליליטרים,700.00,"100 מ""ל",false,12,12.90,1.8429,true,1,31271
7290108353341,false,"מרכך למניעת קשקשים עם שמן עץ התה ואסאי 700 מ""ל כיף",קוסמופארם בעמ,IL,מרכך כיף מונע קשקשים שמן עץ התה 700מל,מיליליטרים,700.00,"100 מ""ל",false,12,12.90,1.8429,true,1,31272
7290108353396,false,צמד מברשות שיניים עם סיבים דקים ורכים במיוחד,יבואן ומשווק: ש. שסט,IL,מב. שיניים אורביטול מקצועית 2יחידות 980,יחידה,2.00,יחידה,false,12,21.90,10.9500,true,1,34957
7290108353402,false,צמד מברשות שיניים עם סיבי פחם דקים במיוחד,יבואן ומשווק: ש. שסט,CN,מב. שיניים אורביטול פחם 2 יח,יחידה,2.00,יחידה,false,12,21.90,10.9500,true,1,34958
7290108353433,false,שטיפת פה לרעננות מתמשכת מנטה עדין Protect & Fresh,"קוסמופארם בע""\מ",IL,מי פה אורביטול טריפל פרש 500מל,מיליליטרים,500.00,"100 מ""ל",false,1,22.90,4.5800,true,1,25306
7290108353471,false,סנובון מוצק לאסלה DESIGN בניחוח ספא,סנו מפעלי ברונוס בעמ,IL,סבון אסלה מוצק דיזיין בניחוח ספא יחידה,יחידה,1.00,יחידה,false,12,7.50,7.5000,true,1,29189
7290108353488,false,סנו - סנובון מעוצב בניחוח סחלב פראי,מיוצר עי קונדיטוריית,IL,סבון אסלה מוצק דיזיין בניחוח מרכך כביסה,יחידה,1.00,יחידה,false,12,7.50,7.5000,true,1,29188
7290108353495,false,אורביטול - חוט דנטאלי 50 מטר בתוספת שעווה ופלואוריד,אורביטול,IL,חוט דנטלי 50 מטר סנו,מטרים,50.00,מטר,false,1,11.90,0.2380,true,1,49586
7290108353501,false,"שקיות אשפה ענקיות עם ידיות ענקיות 75*90 ס""מ סנו סושי 25 יחידות",טרופיקל דגיל תעשיות,TR,שקיות אשפה גדולות במיוחד 25יח 90/75סמ,יחידה,25.00,יחידה,false,12,21.90,0.8760,true,1,31467
7290108353525,false,סנו סושי - תבניות אלומיניום עם ידיות אחיזה,קריניסה ויטמין אס אי,CN,תבניות אלומינים לארג 4יח עם ידית אחיזה,יחידה,4.00,יחידה,false,24,16.90,4.2250,true,1,31474
7290108353532,false,"שקיות אשפה חזקות עם שרוך לארג' 54 * 65 ס""מ סנו סושי 100 יחידות",סנו סושי,IL,שקיות אשפה חזקות 100יח 65/54סמ,יחידה,100.00,יחידה,false,12,31.90,0.3190,true,1,31468
7290108353549,false,נייר אפייה סנו סושי 100 יח,"טופ פלסט 2002 בע""\מ",IL,נייר אפיה 100יחידות 38/42סמ סנו סושי,יחידה,100.00,יחידה,false,24,22.90,0.2290,true,1,31469
7290108353563,false,צלחות מקנה סוכר טבעי סנו סושי - 10'' *25,הנסיך- מפעל לייצור ט,IL,צלחות חד פעמי ענקיות מקנה סוכר 25יח,יחידה,25.00,יחידה,false,20,22.90,0.9160,true,1,34961
7290108353570,false,סנו סושי צלחות קטנות 25 יח',סנו,IL,צלחות חד פעמי קטנות מקנה סוכר 25יח,יחידה,25.00,יחידה,false,20,10.90,0.4360,true,1,34963
7290108353587,false,"קעריות מעוטרות מקנה סוכר בקוטר 15 ס""מ","שנדונג , סין",IL,קעריות חד פעמי 25 יחידות מקנה סוכר,יחידה,25.00,יחידה,false,20,15.90,0.6360,true,1,34964
7290108353594,false,סנו סושי צלחות אובליות 25 יח',סנו סושי,IL,סלטייה אובלית חד פעמי 25 יח מקנה סוכר,יחידה,25.00,יחידה,false,20,10.90,0.4360,true,1,34965
7290108353648,false,סנו סושי - שקיות אוכל מנייר 70 יחידות,איי טיי אריזות טורקיה,TR,שקיות אוכל מנייר 70יח אקס אל,יחידה,70.00,יחידה,false,24,11.90,0.1700,true,1,34956
7290108353655,false,"סנו סושי - 50 מפיות אירוח איכותיות גדולות ועבות 3 שכבות לבנות """,האנק טישו,PL,מפיות אירוח איכותיות 50יח תלת שכבתי לבן,יחידה,50.00,יחידה,false,20,10.90,0.2180,true,1,31472
7290108353662,false,"סנו סושי מפת שולחן מוטבעת 120*270 ס""מ",שואוגאנג,CN,מפת שולחן חד פעמי מוטבעת 270/120סמ,יחידה,1.00,יחידה,false,24,8.90,8.9000,true,1,47945
7290108353679,false,סנו סושי – ניילון שקופות 10 מפות,מיוצר עי קונדיטוריית,IL,מפות ניילון שקופות 10יח סנו סושי,יחידה,10.00,יחידה,false,24,23.90,2.3900,true,1,33065
7290108353686,false,מטלית חלומית לרצפה סנו סושי 1 יחידה,נינגבו סנבנג,CN,מטלית מיקרופייבר חלומית לרצפות סנו סושי,יחידה,1.00,יחידה,false,1,12.90,12.9000,true,1,37109
7290108353754,false,"קרם גוף קרמה אשכולית ולמון גראס 500 מ""ל",קוסמופארם בע'\'\מ,IL,קרם גוף קרמה 500 מל אשכולית ולמון גראס,מיליליטרים,500.00,"100 מ""ל",false,1,27.90,5.5800,true,1,37115
7290108353778,false,"תחליב רחצה שוודיה נקה 7 בניחוח פיטנגו 750 מ""ל","אמיליה קוסמטיקס בע""מ",IL,תחליב רחצה נקה 750מל שוודיה,מיליליטרים,750.00,"100 מ""ל",false,1,12.90,1.7200,true,1,37121
7290108353785,false,תחליב רחצה נקה 7 מרוקו בניחוח טונקה 750,"אמיליה קוסמטיקס בע""מ",IL,תחליב רחצה נקה 750מל מרוקו,מיליליטרים,750.00,"100 מ""ל",false,1,12.90,1.7200,true,1,37123
7290108353792,false,"תחליב רחצה יפן נקה 7 בניחוח פריחת הדובדבן 750 מ""ל","אמיליה קוסמטיקס בע""מ",IL,תחליב רחצה נקה 750מל יפן,מיליליטרים,750.00,"100 מ""ל",false,1,12.90,1.7200,true,1,37120
7290108353808,false,"תחליב רחצה מדגסקר נקה 7 בניחוח אמבר 750 מ""ל","אמיליה קוסמטיקס בע""מ",IL,תחליב רחצה נקה 750מל מדגסקר,מיליליטרים,750.00,"100 מ""ל",false,1,12.90,1.7200,true,1,37122
7290108353884,false,"קרמה דאודורנט רול און אשכולית ולמון גראס 75 מ""ל","קוסמופארם בע""\מ",IL,דאודורנט קרמה רול און 75מל אשכולית למון,מיליליטרים,75.00,"100 מ""ל",false,12,16.90,22.5333,true,1,34940
7290108353891,false,"קרמה - דאודורנט רול און לאישה קרמה מאסק 75 מ""ל","קוסמופארם בע""\מ",IL,דאודורנט קרמה רול און 75מל מאסק,מיליליטרים,75.00,"100 מ""ל",false,12,16.90,22.5333,true,1,34946
7290108353907,false,"קרמה - דאודורנט רול און לאישה קרמה קלאסי 75 מ""ל","קוסמופארם בע""\מ",IL,דאודורנט קרמה רול און 75מל קלאסי,מיליליטרים,75.00,"100 מ""ל",false,12,16.90,22.5333,true,1,34945
7290108353914,false,"דאודורנט רול און אשכולית ולמון גראס קרמה 70 מ""ל","אמיליה קוסמטיקס בע""\מ",IL,דאודורנט קרמה סטיק למון גראס אשכולית70מל,Unknown,0.00,Unknown,false,12,19.90,0.0000,true,1,39641
7290108353990,false,"קרמה - קרם גוף קרמה מאסק 500 מ""ל",טרופיקל דגיל תעשיות,IL,קרם גוף קרמה מאסק 500 מל,מיליליטרים,500.00,"100 מ""ל",false,1,27.90,5.5800,true,1,38262
7290108354003,false,"תחליב רחצה קרמה ג'ינג'ר ולמון גראס 700 מ""ל",קוסמופארם בעמ,IL,תחליב רחצה קרמה מועשר 700מל גינגר,מיליליטרים,700.00,"100 מ""ל",false,12,18.90,2.7000,true,1,34935
7290108354034,false,"סבון ידיים קרמה חמאת שיאה וקוקוי 300 מ""ל",טרופיקל דגיל תעשיות,IL,סבון ידיים קרמה 300מל חמאת שיאה וקוקוי,מיליליטרים,300.00,"100 מ""ל",false,12,12.90,4.3000,true,1,34406
7290108354065,false,קרמה מן גל רחצה פילינג 700 מל לגבר,קוסמופארם בע'\'\מ,IL,גל רחצה קרמה מן פילינג 700מל,מיליליטרים,700.00,"100 מ""ל",false,1,16.90,2.4143,true,1,47319
7290108354140,false,קרליין - נושם מגבוני דיאורדורנט פיור ורוד,החברה הדרומית,IL,מגבוני דאוד. קרליין נושם ורוד 20יח,יחידה,20.00,יחידה,false,12,12.90,0.6450,true,1,34407
7290108354263,false,אורביטול גוניור משחת שיניים חד קרן 70גרם,טרופיקל דגיל תעשיות קוסמ,IL,מש. שיניים אורביטול חד קרן 70גר,גרמים,70.00,100 גרם,false,1,8.90,12.7143,true,1,38256
7290108354270,false,מרכך כביסה מרוכז בבישום עוצמתי 1 ל' סנו מקסימה,מיוצר עי קונדיטוריית,IL,מרכך כביסה מקסימה מרוכז 1ליטר גוי,ליטרים,1.00,ליטר,false,1,16.90,16.9000,true,1,47947
7290108354355,false,סנו מגבוני היגיינים לניקוי הידיים 70 % אלכוהול 20 יח',דן - מור חומרי טבע וכימי,IL,מגבונים לניקוי ידיים 70%אלכוהול 20יח,יחידה,20.00,יחידה,false,12,11.90,0.5950,true,1,34948
7290108354362,false,"סנו מדיק אל סבון היגייני לידיים 500 מ""ל",קוסמופארם בעמ,IL,אל סבון היגייני לידיים 500מל,מיליליטרים,500.00,"100 מ""ל",false,12,12.90,2.5800,true,1,37235
7290108354430,false,"שמפו כיף לשיקום והזנה שמן קוקוס וקרטין 700 מ""ל",קוסמופארם בעמ,IL,שמפו כיף 700מל לשיקום שמן קוקוס וקרטין,מיליליטרים,700.00,"100 מ""ל",false,12,12.90,1.8429,true,1,38260
7290108354461,false,קרליין 10 שמפו חימר לכל סוגי השיער 700 מ,החברה הדרומית,IL,שמפו קרליין 10 חימר 700מל,מיליליטרים,700.00,"100 מ""ל",false,1,12.90,1.8429,true,1,51355
7290108354478,false,קרליין 10 מרכך חימר לכל סוגי השיער 700 מ,החברה הדרומית,IL,מרכך קרליין 10 חימר 700מל,מיליליטרים,700.00,"100 מ""ל",false,1,12.90,1.8429,true,1,51356
7290108354485,false,"קרליין מרכך 10 לשיער שמן ארגן 700 מ""ל","קוסמופארם בע""\מ",IL,מרכך קרליין לשיער ארגן 700 מל חדש,מיליליטרים,700.00,"100 מ""ל",false,1,12.90,1.8429,true,1,47933
7290108354492,false,"קרליין שמפו 10 לשיער שמן ארגן 700 מ""ל","קוסמופארם בע""\מ",IL,שמפו קרליין לשיער ארגן 700 מל חדש,מיליליטרים,700.00,"100 מ""ל",false,1,12.90,1.8429,true,1,47932
7290108354591,false,"תחליב רחצה בניחוח מי קקטוס ושמן באבאסו 750 מ""ל נקה 7","אמיליה קוסמטיקס בע""מ",IL,תחליב רחצה נקה ביו 750מל,מיליליטרים,750.00,"100 מ""ל",false,1,12.90,1.7200,true,1,49578
7290108354607,false,"שמפו בניחוח מי קקטוס ושמן באבאסו 750 מ""ל נקה 7","אמיליה קוסמטיקס בע""מ",IL,שמפו נקה 7 ביו 750מל,מיליליטרים,750.00,"100 מ""ל",false,1,12.90,1.7200,true,1,49579
7290108354614,false,"מרכך בניחוח מי קקטוס ושמן באבאסו 750 מ""ל נקה 7","אמיליה קוסמטיקס בע""מ",IL,מרכך נקה 7 ביו 750מל,מיליליטרים,750.00,"100 מ""ל",false,1,12.90,1.7200,true,1,49580
7290108354751,false,"סנו - ג'ט מרסס לניקוי כללי בתוספת אבקת סודה 750 מ""ל","סנו מפעלי ברונוס בע""\מ",IL,מרסס סנו גט לניקוי כללי+סודה 750מל,מיליליטרים,750.00,"100 מ""ל",false,1,12.90,1.7200,true,1,25594
7290108354768,false,"קרם גוף קרמה דבש 500 מ""ל",מיוצר בסין.יבוא ושיו,IL,קרם גוף קרמה 500 מל בניחוח דבש,מיליליטרים,500.00,"100 מ""ל",false,1,27.90,5.5800,true,1,42736
7290108354799,false,קרמה שמן גוף ורד ווניל 150 מל,החברה הדרומית,IL,שמן גוף קרמה 150 מל ורד וניל,מיליליטרים,150.00,"100 מ""ל",false,6,24.90,16.6000,true,1,37131
7290108354805,false,"שמן גוף קרמה נרולי ומגנוליה 150 מ""ל",החברה הדרומית,IL,שמן גוף קרמה 150 מל נרולי ומגנוליה,מיליליטרים,150.00,"100 מ""ל",false,6,24.90,16.6000,true,1,37130
7290108354829,false,"קרם ידיים קרמה ורד וניל 100 מ""ל מ""ל",קוסמופארם,IL,קרם ידיים קרמה 100מל ורד ווניל,מיליליטרים,100.00,"100 מ""ל",false,1,8.90,8.9000,true,1,37107
7290108354836,false,קרם ידיים מרוכז לידיים יבשות מאוד בבישום עדין,קוסמופארם,IL,קרם ידיים קרמה מרוכז בישום עדין 50מל,Unknown,0.00,Unknown,false,12,16.90,0.0000,true,1,37112
7290108354850,false,"קרמה דאודורנט רול און בריזת ים 75 מ""ל",החברה הדרומית,IL,דאודורנט קרמה רול און 75מל בריזת ים,מיליליטרים,75.00,"100 מ""ל",false,12,16.90,22.5333,true,1,34939
7290108354911,false,"שמפו, ג'ל רחצה וגילוח מועשר בתמצית אלוורה",טרופיקל דגיל תעשיות,IL,שמפו גל רחצה וגילוח קרמה מן 3ב1 700מל,מיליליטרים,700.00,"100 מ""ל",false,1,19.90,2.8429,true,1,33063
7290108354973,false,"סבון ידיים קרמה ורד ווניל 300 מ""ל",טרופיקל דגיל תעשיות,IL,סבון ידיים קרמה 300מל ורד וניל,מיליליטרים,300.00,"100 מ""ל",false,12,12.90,4.3000,true,1,34405
7290108354980,false,קרם ידיים מרוכז לידיים יבשות מאוד ללא בישום,קוסמופארם,IL,קרם ידיים קרמה מרוכז ללא בישום 50מל,Unknown,0.00,Unknown,false,12,16.90,0.0000,true,1,37111
7290108355000,false,"שמפו מיניונים לילדים נקה 7 750 מ""ל",אמיליה קוסמטיקס,IL,שמפו נקה 7 קידס מיניונים 750 מל,מיליליטרים,750.00,"100 מ""ל",false,1,11.90,1.5867,true,1,15650
7290108355017,false,"נקה 7 מרכך לילדים מיניונים 750 מ""ל",אמיליה קוסמטיקס,IL,מרכך נקה 7 קידס מיניונים 750 מל,מיליליטרים,750.00,"100 מ""ל",false,1,11.90,1.5867,true,1,15651
7290108355024,false,"נקה 7 שמפו ומרכך לילדים מיניונים 750 מ""ל",קוסמופארם בע'\'\מ,IL,שמפו/מרכך נקה 7 קידס מיניונים 750 מל,מיליליטרים,750.00,"100 מ""ל",false,1,11.90,1.5867,true,1,15652
7290108355031,false,"נקה 7 אל סבון לילדים מיניונים 750 מ""ל",קוסמופארם בע'\'\מ,IL,אל סבון נקה 7 קידס מיניונים 750 מל,מיליליטרים,750.00,"100 מ""ל",false,1,11.90,1.5867,true,1,15649
7290108355055,false,לחו.לשיער מקצועי גלייז נטורל פורמולה 400,נטורל פורמולה Natural Formula,IL,קרם לחות לשיער עם גלייז 400מל נטורל פורמ,מיליליטרים,400.00,"100 מ""ל",false,1,29.90,7.4750,true,1,18978
7290108355062,false,לחו.לשיער מקצועי קרטין נטורל פורמולה 400,אמיליה קוסמטיקס,IL,קרם לחות לשיער עם קרטין 400מל נטורל פורמ,מיליליטרים,400.00,"100 מ""ל",false,1,29.90,7.4750,true,1,18976
7290108355086,false,"גלייז מקצועי לשיער נטורל פורמולה 350 מ""ל",נטורל פורמולה Natural Formula,IL,גלייז לשיער נטורל פורמולה 350 מל,מיליליטרים,350.00,"100 מ""ל",false,1,39.90,11.4000,true,1,18979
7290108355147,false,"תחליב רחצה שמני הזנה נקה 7 750 מ""ל",טרופיקל דגיל תעשיות קוסמ,IL,אלסבון נקה 7 שמני הזנה 750 מל,מיליליטרים,750.00,"100 מ""ל",false,1,12.90,1.7200,true,1,23045
7290108355154,false,"שמפו שמני הזנה נקה 7 750 מ""ל","אמיליה קוסמטיקס בע""מ",IL,שמפו נקה 7 שמני הזנה 750מל,מיליליטרים,750.00,"100 מ""ל",false,1,12.90,1.7200,true,1,23043
7290108355161,false,"מרכך שיער שמני הזנה 750 מ""ל נקה 7","אמיליה קוסמטיקס בע""מ",IL,מרכך נקה 7 שמני הזנה 750מל,מיליליטרים,750.00,"100 מ""ל",false,1,12.90,1.7200,true,1,23044
7290108355178,false,"קרמה - קרם ידיים חמאת שיאה וקוקוי 100 מ""ל",החברה הדרומית,IL,קרם ידיים קרמה 100מל חמאת שיאה קוקוי,מיליליטרים,100.00,"100 מ""ל",false,1,8.90,8.9000,true,1,37108
7290108355185,false,"נטורל מסיכת קרטין אינטנס למניעת קשקשים 350 מ""ל",נטורל פורמולה Natural Formula,IL,מסכת שיער קרטין אינטנס מונע קשקשים 350מל,מיליליטרים,350.00,"100 מ""ל",false,1,34.90,9.9714,true,1,21086
7290108355192,false,"נטורל מרכך קרטין אינטנס למניעת קשקשים 400 מ""ל",נטורל פורמולה Natural Formula,IL,מרכך קרטין אינטנס מונע קשקשים 400מל,מיליליטרים,400.00,"100 מ""ל",false,1,27.90,6.9750,true,1,21088
7290108355215,false,נ.פורמולה קרטין אינטנס מסכה לשיער +משאבה,נטורל פורמולה,IL,מסכת שיער קרטין אינטנס+משאבה 450מל,מיליליטרים,450.00,"100 מ""ל",false,1,44.90,9.9778,true,1,21275
7290108355253,false,ג'ל רחצה לגבר אקסטרה פרש 800 גם נקה 7 men,"אמיליה קוסמטיקס בע""מ",IL,גל רחצה לגבר נקה 7 750מל,מיליליטרים,750.00,"100 מ""ל",false,1,12.90,1.7200,true,1,24385
7290108355260,false,"נקה 7-שמפו 3ב1 שמפו ג'ל רחצה וסבון פנים לגבר 750 מ""ל","אמיליה קוסמטיקס בע""מ",IL,נקה 7 לגבר שמפו גל רחצה וסבון פנים 750מל,מיליליטרים,750.00,"100 מ""ל",false,1,12.90,1.7200,true,1,24384
7290108355277,false,"נקה 7 - שמפו ומרכך לגבר 2 ב-1 750 מ""ל","אמיליה קוסמטיקס בע""מ",IL,שמפו ומרכך נקה7 לגבר 750מל,מיליליטרים,750.00,"100 מ""ל",false,1,12.90,1.7200,true,1,24383
7290108355291,false,"קרם לשיער נקה 7 להתרת קשרים 750 מ""ל",קוסמופארם בעמ,IL,קרם סירוק קל מתיר קשרים נקה 7 350מל,מיליליטרים,350.00,"100 מ""ל",false,12,18.90,5.4000,true,1,29179
7290108355307,false,"נקה 7 - שמפו סירוק קל רוזמרין 750 מ""ל",גוד פוד פרודקטס S.p,IL,שמפו נקה 7 סירוק קל 750מל,מיליליטרים,750.00,"100 מ""ל",false,12,12.90,1.7200,true,1,29177
7290108355314,false,מרכך לסירוק קל בתוספת רוזמרין,גוד פוד פרודקטס S.p,IL,מרכך נקה 7 סירוק קל 750מל,מיליליטרים,750.00,"100 מ""ל",false,12,12.90,1.7200,true,1,29178
7290108355451,false,"קרמה - דאודורנט רול און לאישה קרמה ורד ווניל 75 מ""ל","קוסמופארם בע""\מ",IL,דאודורנט קרמה רול און 75מל ורד וניל,מיליליטרים,75.00,"100 מ""ל",false,12,16.90,22.5333,true,1,34944
7290108355468,false,"קרמה דאודורנט רול און נרולי ומגנוליה 75 מ""ל","קוסמופארם בע""\מ",IL,דאודורנט קרמה רול און 75מל מגנוליה,מיליליטרים,75.00,"100 מ""ל",false,12,16.90,22.5333,true,1,34942
7290108355475,false,קרמה דאודורנט רול און גינגר ולמון גראס,"קוסמופארם בע""\מ",IL,דאודורנט קרמה רול און 75מל גינגר למון,מיליליטרים,75.00,"100 מ""ל",false,12,16.90,22.5333,true,1,34941
7290108355482,false,"קרמה - דאודורנט רול און לאישה קרמה לבנדר ואקליפטוס 75 מ""ל","קוסמופארם בע""\מ",IL,דאודורנט קרמה רול און 75מל לבנדר אקליפטו,מיליליטרים,75.00,"100 מ""ל",false,12,16.90,22.5333,true,1,34943
7290108355628,false,"מרכך לשיער יבש קרטין ושמן ארגן 600 מ""ל קרליין",קוסמופארם,IL,מרכך קרליין פיור אסנס לשיער יבש 600מל,מיליליטרים,600.00,"100 מ""ל",false,12,18.90,3.1500,true,1,29228
7290108355642,false,"שמפו פיור אסנס צבוע 600 מ""ל קרליין",קוסמופארם,IL,שמפו קרליין פיור אסנס לשיער צבוע 600מל,מיליליטרים,600.00,"100 מ""ל",false,12,18.90,3.1500,true,1,29229
7290108355659,false,מרכך פיור אסנס צבוע600,קוסמופארם,IL,מרכך קרליין פיור אסנס לשיער צבוע 600מל,מיליליטרים,600.00,"100 מ""ל",false,12,18.90,3.1500,true,1,29230
7290108355680,false,מרכך קרליין פיור אסנ,קוסמופארם,IL,מרכך קרליין פיור אסנס לשיער דק 600מל,מיליליטרים,600.00,"100 מ""ל",false,12,18.90,3.1500,true,1,29232
7290108355697,false,"קרליין - בודי מיסט פיור לוב 250 מ""ל",החברה הדרומית,IL,תרסיס קרליין בישום לגוף 250מל אהבה,מיליליטרים,250.00,"100 מ""ל",false,6,39.90,15.9600,true,1,34928
7290108355710,false,"קרליין בודי מיסט BLUE HEAVEN מתז 250 מ""ל",פאר פארם בעמ,IL,תרסיס קרליין בישום לגוף 250מל גן עדן,מיליליטרים,250.00,"100 מ""ל",false,6,39.90,15.9600,true,1,34930
7290108355727,false,"קרליין קרם גוף מבושם PURE LOVE שפופרת 250 מ""ל",החברה הדרומית,IL,קרם גוף קרליין מבושם 250מל שפופרת אהבה,מיליליטרים,250.00,"100 מ""ל",false,6,26.90,10.7600,true,1,34931
7290108355734,false,"קרליין קרם גוף מבושם KISS STOLEN שפופרת 250 מ""ל",החברה הדרומית,IL,קרם גוף קרליין מבושם 250מל שפופרת נשיקות,מיליליטרים,250.00,"100 מ""ל",false,6,26.90,10.7600,true,1,34932
7290108355741,false,"קרליין - קרם גוף מבושם בלו הוון 250 מ""ל",פאר פארם בעמ,IL,קרם גוף קרליין מבושם 250מל שפופרת גן עדן,מיליליטרים,250.00,"100 מ""ל",false,6,26.90,10.7600,true,1,34933
7290108355802,false,"תחליב רחצה קרמה ורד ווניל 700 מ""ל",גוד פוד פרודקטס S.p,IL,תחליב רחצה קרמה מועשר 700מל ורד וניל,מיליליטרים,700.00,"100 מ""ל",false,12,18.90,2.7000,true,1,34938
7290108355949,false,"תחליב רחצה קרמה נרולי ומנגוליה 700 מ""ל",קוסמופארם בעמ,IL,תחליב רחצה קרמה מועשר 700מל מגנוליה,מיליליטרים,700.00,"100 מ""ל",false,12,18.90,2.7000,true,1,34936
7290108355963,false,"תרסיס גוף בודי מיסט קרמה ורד ווניל 260 מ""ל",החברה הדרומית,IL,תרסיס קרמה בישום גוף 260מל ורד וניל,מיליליטרים,260.00,"100 מ""ל",false,6,39.90,15.3462,true,1,37104
7290108355970,false,"תרסיס גוף מיסט קרמה נרולי ומגנוליה 260 מ""ל",החברה הדרומית,IL,תרסיס קרמה בישום גוף 260מל נרולי מגנוליה,מיליליטרים,260.00,"100 מ""ל",false,6,39.90,15.3462,true,1,37105
7290108356014,false,"כיף תחליב רחצה בניחות מסקרפונה ופירות יער 700 מ""ל",החברה הדרומית,IL,תחליב רחצה כיף מסקרפונה ופירות 700מל,מיליליטרים,700.00,"100 מ""ל",false,12,13.90,1.9857,true,1,29198
7290108356021,false,כיף תחליב רחצה בניחוח גלידת קרם עוגיות,גוד פוד פרודקטס S.p,IL,תחליב רחצה כיף קרם עוגיות 700מל,מיליליטרים,700.00,"100 מ""ל",false,12,13.90,1.9857,true,1,25388
7290108356038,false,"כיף תחליב רחצה בניחות גלידת שוקולד תפוז 700 מ""ל",סנו,IL,תחליב רחצה כיף גלידת שוקולד תפוז700מל,מיליליטרים,700.00,"100 מ""ל",false,12,13.90,1.9857,true,1,25390
7290108356045,false,"כיף תחליב רחצה בניחוח גלידת סוכריות ג'לי 700 מ""ל",החברה הדרומית,IL,תחליב רחצה כיף גלידת סוכריות גלי 700מל,מיליליטרים,700.00,"100 מ""ל",false,12,13.90,1.9857,true,1,25387
7290108356052,false,"כיף תחליב רחצה בניחות מנטה קפואה 700 מ""ל",קוסמופארם,IL,תחליב רחצה כיף גלידת מנטה קפואה 700מל,מיליליטרים,700.00,"100 מ""ל",false,12,13.90,1.9857,true,1,28220
7290108356069,false,"תחליב רחצה בניחות גלידת מרנג לימון 700 מ""ל כיף",קוסמופארם,IL,תחליב רחצה כיף גלידת מרנג לימון 700מל,מיליליטרים,700.00,"100 מ""ל",false,12,13.90,1.9857,true,1,25391
7290108356083,false,כיף תחליב רחצה בניחוח גלידת סורבה מנגו,החברה הדרומית,IL,תחליב רחצה כיף גלידת סורבה מנגו 700מל,מיליליטרים,700.00,"100 מ""ל",false,12,13.90,1.9857,true,1,28219
7290108356090,false,קרמה תרחיץ גל לשטיפה אינטימית 220 מל,קוסמופארם בעמ,IL,שטיפה אינטימית קרמה תרחיץ גל 220מל,מיליליטרים,220.00,"100 מ""ל",false,12,21.90,9.9545,true,1,39076
7290108356106,false,כיף תחליב רחצה חלב שקדים 700 מל,החברה הדרומית,IL,תחליב רחצה כיף מילק שקד 700 מל,מיליליטרים,700.00,"100 מ""ל",false,12,12.90,1.8429,true,1,25175
7290108356113,false,"כיף תחליב רחצה דבש 700 מ""ל-מרכז",קוסמופארם בעמ,IL,תחליב רחצה כיף מילק דבש 700 מל,מיליליטרים,700.00,"100 מ""ל",false,12,12.90,1.8429,true,1,25174
7290108356120,false,"תחליב רחצה כיף קוקוס וניל 700 מ""ל",קוסמופארם,IL,תחליב רחצה כיף מילק קוקוס וניל 700 מל,מיליליטרים,700.00,"100 מ""ל",false,12,12.90,1.8429,true,1,25177
7290108356137,false,"כיף - תחליב רחצה לבנדר 700 מ""ל",קוסמופארם,IL,תחליב רחצה כיף מילק לבנדר 700 מל,מיליליטרים,700.00,"100 מ""ל",false,12,12.90,1.8429,true,1,25176
7290108356151,false,"תחליב רחצה כיף מאסק יסמין 700 מ""ל",גוד פוד פרודקטס S.p,IL,תחליב רחצה כיף מילק מאסק יסמין 700 מל,מיליליטרים,700.00,"100 מ""ל",false,12,12.90,1.8429,true,1,25179
7290108356168,false,"כיף - תחליב רחצה אוקיינוס 700 מ""ל",גוד פוד פרודקטס S.p,IL,תחליב רחצה כיף מילק אוקיינוס 700 מל,מיליליטרים,700.00,"100 מ""ל",false,12,12.90,1.8429,true,1,25178
7290108356175,false,כיף אל סבון אבטיח ומנטה 1 ליטר משאבה,טרופיקל דגיל תעשיות,IL,אלסבון כיף 1 ליטר אבטיח ומנטה,ליטרים,1.00,ליטר,false,8,12.90,12.9000,true,1,34952
7290108356182,false,כיף אל סבון תאנה ותה ירוק 1 ליטר משאבה,קוסמופארם בע'\'\מ,IL,אלסבון כיף 1 ליטר תאנה ותה ירוק,ליטרים,1.00,ליטר,false,8,12.90,12.9000,true,1,34953
7290108356199,false,אל סבון כיף בניחוח אפרסק ופלפל שחור 1 ל,טרופיקל דגיל תעשיות,IL,אלסבון כיף 1 ליטר אפרסק ופלפל שחור,ליטרים,1.00,ליטר,false,8,12.90,12.9000,true,1,34954
7290108356229,false,ג'ל גילוח לכל סוגי העור מועשר בפחם פעיל,טרופיקל דגיל תעשיות,TR,גל גילוח קרמה קרבון פאוור 200 מל,מיליליטרים,200.00,"100 מ""ל",false,1,11.90,5.9500,true,1,34554
7290108356274,false,"כיף - מוס רחצה בניחוח תותים ושמנת 150 מ""ל",החברה הדרומית,IL,מוס רחצה כיף 150מל בניחוח תות שמנת,מיליליטרים,150.00,"100 מ""ל",false,12,13.90,9.2667,true,1,46162
7290108356281,false,"תחליב רחצה כיף קופיפי אננס וקוקוס 750 מ""ל",גוד פוד פרודקטס S.p,IL,תחליב רחצה כיף חופשה אננס קוקוס 700מל,מיליליטרים,700.00,"100 מ""ל",false,12,13.90,1.9857,true,1,33338
7290108356298,false,"כיף - מוס רחצה בניחוח קרם עוגיות 150 מ""ל",קוסטר אירוסול,IL,מוס רחצה כיף 150מל בניחוח קרם עוגיות,מיליליטרים,150.00,"100 מ""ל",false,12,13.90,9.2667,true,1,46161
7290108356359,false,"קרמה - מן קרם לחות לגוף לאחר גילוח 400 מ""ל",קוסמופארם בעמ,IL,קרם לחות קרמה מן 400מל לאחר גילוח,מיליליטרים,400.00,"100 מ""ל",false,1,27.90,6.9750,true,1,33064
7290108356373,false,סנו מדיק עם דמויות סיליקון מיניונים לתליה על תיק,beyond & health nantong,CN,גל לניקוי ידיים דמות סיליקון מיניונים 30,יחידה,1.00,יחידה,false,10,9.90,9.9000,true,1,36216
7290108356380,false,מגבוני דאודורנט קרמה בניחוח ורד ווניל,סנו,IL,מגבוני דאודורנט קרמה מועשר 20יח,יחידה,20.00,יחידה,false,12,11.90,0.5950,true,1,34949
7290108356489,false,"כיף - תחליב רחצה אפרסק וחמאת מורומורו 700 מ""ל",קוסמופארם בעמ,IL,תחליב רחצה כיף אפרסק וחמאת מורומורו 700מ,מיליליטרים,700.00,"100 מ""ל",false,12,12.90,1.8429,true,1,47942
7290108356519,false,קרליין שמפו 10למניעת קשקשים 700מל,"קוסמופארם בע""\מ",IL,שמפו קרליין לשיער רגיל 700 מל חדש,מיליליטרים,700.00,"100 מ""ל",false,1,12.90,1.8429,true,1,47321
7290108356526,false,"קרליין - שמפו 10 לשיער יבש 700 מ""ל","קוסמופארם בע""\מ",IL,שמפו קרליין לשיער יבש 700 מל חדש,מיליליטרים,700.00,"100 מ""ל",false,1,12.90,1.8429,true,1,47322
7290108356533,false,קרוליין 10 שמפו לשיער מתולתל 700 מל,"קוסמופארם בע""\מ",IL,שמפו קרליין לשיער מתולתל 700 מל חדש,מיליליטרים,700.00,"100 מ""ל",false,1,12.90,1.8429,true,1,47323
7290108356540,false,קרוליין 10 שמפו לשיער צבוע 700 מל,"קוסמופארם בע""\מ",IL,שמפו קרליין לשיער צבוע 700 מל חדש,מיליליטרים,700.00,"100 מ""ל",false,1,12.90,1.8429,true,1,47324
7290108356557,false,"שמפו 10 לשיער למניעת קשקשים 700 מ""ל קרליין","קוסמופארם בע""\מ",IL,שמפו קרליין למניעת קשקשים 700 מל חדש,מיליליטרים,700.00,"100 מ""ל",false,1,12.90,1.8429,true,1,47325
7290108356564,false,"קרליין - מרכך 10 לשיער רגיל 700 מ""ל","קוסמופארם בע""\מn\",IL,מרכך קרליין שיער רגיל 700 מל חדש,מיליליטרים,700.00,"100 מ""ל",false,1,12.90,1.8429,true,1,47326
7290108356571,false,"קרליין - מרכך 10 לשיער יבש 700 מ""ל","קוסמופארם בע""\מ",IL,מרכך קרליין שיער יבש 700 מל חדש,מיליליטרים,700.00,"100 מ""ל",false,1,12.90,1.8429,true,1,47327
7290108356588,false,קרוליין 10 מרכך לשיער מתולתל 700 מל,"קוסמופארם בע""\מ",IL,מרכך קרליין שיער מתולתל 700 מל חדש,מיליליטרים,700.00,"100 מ""ל",false,1,12.90,1.8429,true,1,47328
7290108356595,false,"קרליין מרכך 10 לשיער צבוע 700 מ""ל","קוסמופארם בע""\מ",IL,מרכך קרליין שיער צבוע 700 מל חדש,מיליליטרים,700.00,"100 מ""ל",false,1,12.90,1.8429,true,1,47329
7290108356809,false,סבון בוטני ורד ומרווה לניקוי וטיפוח הידיים טבעוני 1 ל' כיף,קוסמופארם בע'\'\מ,IL,סבון ידיים כיף בוטני 500מל ורד מרווה,מיליליטרים,500.00,"100 מ""ל",false,12,15.90,3.1800,true,1,47943
7290108356854,false,מגבוני בייבי כיף בניוח עדין מארז חמישייה,"טרופיקל דגיל בע""\מ",IL,מארז 5יח מגבוני בייבי כיף בניחוח עדין,יחידה,5.00,יחידה,false,1,17.90,3.5800,true,1,38249
7290108356861,false,מגבוני בייבי כיף ללא בישום מארז חמישייה,"טרופיקל דגיל בע""\מ",IL,מארז 5יח מגבוני בייבי כיף ללא בישום,יחידה,5.00,יחידה,false,1,17.90,3.5800,true,1,38250
7290108357004,false,כיף שמפו ורד ושמן קוקוי לרכות וברק,טרופיקל דגיל תעשיות,IL,שמפו כיף 700מל בניחוח ורד ושמן קוקוי,מיליליטרים,700.00,"100 מ""ל",false,12,12.90,1.8429,true,1,31475
7290108357011,false,כיף קונדישינר לשיער שמן קוקוי 700 מל,טרופיקל דגיל תעשיות,IL,מרכך כיף 700מל בניחוח ורד ושמן קוקוי,מיליליטרים,700.00,"100 מ""ל",false,12,12.90,1.8429,true,1,31476
7290108357028,false,"תחליב רחצה כיף ורד ושמן קוקוי 700 מ""ל",קוסמופארם בעמ,IL,תחליב רחצה כיף 700מל ורד ושמן קוקוי,מיליליטרים,700.00,"100 מ""ל",false,12,12.90,1.8429,true,1,31477
7290108357042,false,"קרליין - נושם ביו דאודורנט רול און 75 מ""ל Citrus Blossoms לאישה","קוסמופארם בע""\מ",IL,דאודורנט קרליין רול און נושם ביו בלונס,מיליליטרים,75.00,"100 מ""ל",false,1,12.90,17.2000,true,1,47934
7290108357059,false,"קרליין - נושם ביו דאודורנט רול און 75 מ""ל Secret Garden לאישה","קוסמופארם בע""\מ",IL,דאודורנט קרליין רול און נושם ביו גארדן,מיליליטרים,75.00,"100 מ""ל",false,1,12.90,17.2000,true,1,47935
7290108357073,false,"קרליין - נושם ביו דאודורנט ספריי 150 מ""ל Blossoms Citrus לאישה",קוסטר אירוסול,IL,דאודורנט קרליין ספריי נושם ביו בלוסום,מיליליטרים,200.00,"100 מ""ל",false,1,12.90,6.4500,true,1,47937
7290108357080,false,"קרליין - נושם ביו דאודורנט ספריי 150 מ""ל Secret Garden לאישה",קוסטר אירוסול,IL,דאודורנט קרליין ספריי נושם ביו גארדן,מיליליטרים,200.00,"100 מ""ל",false,1,12.90,6.4500,true,1,47938
7290108357097,false,"קרליין - נושם ביו דאודורנט ספריי 150 מ""ל Velvet Rose לאישה",קוסטר אירוסול,IL,דאודורנט קרליין ספריי נושם ביו רוז,מיליליטרים,200.00,"100 מ""ל",false,1,12.90,6.4500,true,1,47939
7290108357110,false,"קרליין - נושם ביו דאודורנט רול און 75 מ""ל Valvet Rose לאישה","קוסמופארם בע""\מ",IL,דאודורנט קרליין רול און נושם ביו רוז,מיליליטרים,75.00,"100 מ""ל",false,1,12.90,17.2000,true,1,47936
7290108357189,false,"מבשם ומרכך למייבש הכביסה מקסימה פלורל 750 מ""ל סנו","סנו מפעלי ברונוס בע""\מ",IL,סנו מקסימה למייבש 750 מל פלורל טאצ,מיליליטרים,750.00,"100 מ""ל",false,1,18.90,2.5200,true,1,31471
7290108357196,false,"ג'ט פלוס לניקוי כללי בתוספת תמצית עץ התה 750 מ""ל סנו",מיוצר עי קונדיטוריית,IL,מרסס סנו גט לניקוי כללי 750מל תמצית תה,מיליליטרים,750.00,"100 מ""ל",false,1,12.90,1.7200,true,1,40544
7290108357202,false,סנוקליר לניקוי בניחוח בלו בלוסום 1 ליטר,"סנו מפעלי ברונוס בע""\מ",IL,סנוקליר בלו בלוסום אקדח 1 ליטר,ליטרים,1.00,ליטר,false,1,11.90,11.9000,true,1,38253
7290108357226,false,"אוקסיגן POWER אבקה לכביסה לבנה והסרת כתמים 1.4 ק""ג סנו",החברה הדרומית,IL,אבקת סנו אוקסיגן 1.4קג לבן בקופסא,גרמים,1400.00,100 גרם,false,12,31.90,2.2786,true,1,47332
7290108357233,false,סנוקליר מטליות לחות לניקוי והברקה 50יח,"סנו מפעלי ברונוס בע""\מ",IL,מטליות לחות לניקוי והברקה 50יח,יחידה,50.00,יחידה,false,24,12.90,0.2580,true,1,47336
7290108357264,false,"פרש אוטומטי מילוי בניחוח מרכך הכביסה אולטרה 375 מ""ל סנו",סנו מפעלי ברונוס בעמ,IL,מ.אויר סנו פרש מילוי אולטרה פרש 250מל,מיליליטרים,250.00,"100 מ""ל",false,1,14.90,5.9600,true,1,49583
7290108357271,false,סנובון ג'ל לניקוי אסלות עם חמצן פעיל לניקוי עוצמתי,סנו מפעלי ברונוס בעמ,IL,סנובון אוקסי לניקוי אסלות 750מל,מיליליטרים,750.00,"100 מ""ל",false,12,10.90,1.4533,true,1,49581
7290108357288,false,אקונומיקה ז'אוול בניחוח פריחה לבנה 4 ל' סנו,סנו ז'אוול Javel,IL,נוזל סנו זאול פריחה לבנה 4 ליטר,ליטרים,4.00,ליטר,false,1,16.90,4.2250,true,1,47334
7290108357295,false,"מרסס אוקסיג'ן מסיר כתמים סנו לכביסה לבנה 750 מ""ל","סנו מפעלי ברונוס בע""\מ",IL,מסיר כתמים סנו אוקסיגן לכביסה לבנה750 מל,מיליליטרים,750.00,"100 מ""ל",false,1,17.90,2.3867,true,1,49584
7290108357394,false,"תחליב רחצה קרמה חלב ודבש 700 מ""ל",קוסמופארם בע'\'\מ,IL,תחליב רחצה קרמה מועשר 700מל חלב ודבש,מיליליטרים,700.00,"100 מ""ל",false,12,18.90,2.7000,true,1,39072
7290108357400,false,"תחליב רחצה קרמה לבנדר ואקליפטוס 700 מ""ל",קוסמופארם בעמ,IL,תחליב רחצה קרמה מועשר 700מל לבנדר,מיליליטרים,700.00,"100 מ""ל",false,12,18.90,2.7000,true,1,34937
7290108357417,false,"קרמה - קרם גוף קרמה ורד ווניל 500 מ""ל",טרופיקל דגיל תעשיות,IL,קרם גוף קרמה 500 מל ורד וניל,מיליליטרים,500.00,"100 מ""ל",false,1,27.90,5.5800,true,1,37119
7290108357424,false,"קרם גוף קרמה נרולי ומגנוליה 500 מ""ל",קוסמופארם בע'\'\מ,IL,קרם גוף קרמה 500 מל נרולי ומגנוליה,מיליליטרים,500.00,"100 מ""ל",false,1,27.90,5.5800,true,1,37117
7290108357431,false,"קרם גוף קרמה בריזת ים 500 מ""ל",טרופיקל דגיל תעשיות,IL,קרם גוף קרמה 500 מל בריזת ים,מיליליטרים,500.00,"100 מ""ל",false,1,27.90,5.5800,true,1,37114
7290108357448,false,"קרמה - קרם גוף קרמה לבנדר ואקליפטוס 500 מ""ל",קוסמופארם בע'\'\מ,IL,קרם גוף קרמה 500 מל לבנדר אקליפטוס,מיליליטרים,500.00,"100 מ""ל",false,1,27.90,5.5800,true,1,37118
7290108357493,false,"תחליב רחצה קרמה וניל ופלפל ורוד 700 מ""ל",גוד פוד פרודקטס S.p,IL,תחליב רחצה קרמה מועשר 700מל וניל ופלפל,מיליליטרים,700.00,"100 מ""ל",false,12,18.90,2.7000,true,1,39071
7290108357509,false,"קרם גוף קרמה וניל ופלפל ורוד 500 מ""ל",טרופיקל דגיל תעשיות,IL,קרם גוף קרמה 500מל וניל ופלפל ורוד,מיליליטרים,500.00,"100 מ""ל",false,1,27.90,5.5800,true,1,38263
7290108357516,false,"קרמה - סבון ידיים וניל ופלפל ורוד 500 מ""ל",קרמה,IL,סבון ידיים קרמה 500מל וניל ופלפל אדום,מיליליטרים,500.00,"100 מ""ל",false,12,15.90,3.1800,true,1,40645
7290108357578,false,"קרמה קרם ידיים וניל ופלפל ורוד 100 מ""ל","קוסמופארם בע""\מ.",IL,קרם ידיים קרמה 100מל וניל ופלפל ורוד,מיליליטרים,100.00,"100 מ""ל",false,1,8.90,8.9000,true,1,42735
7290108357653,false,סנובון ג'ל לאסלה שלישיה בניחוח אוקיינוס,החברה הדרומית,IL,סבון אסלה סנובון באבלס שלישייה אוקיינוס,יחידה,1.00,יחידה,false,12,15.90,15.9000,true,1,51359
7290108357660,false,סנובון Bubbles שלישיית כדוריות ג'ל אסלה ניחוח לבנדר,סנו סנובון,CZ,סבון אסלה סנובון באבלס שלישייה לבנדר,יחידה,1.00,יחידה,false,12,15.90,15.9000,true,1,51360
7290108357707,false,"כיף שמפו לשיער רגיל- תפוח זרעי צ'יה 700 מ""ל",גוד פוד פרודקטס S.p,IL,שמפו כיף לשיער רגיל תפוח זרעי ציה 700מל,מיליליטרים,700.00,"100 מ""ל",false,12,12.90,1.8429,true,1,26027
7290108357714,false,"כיף שמפו לשיער יבש -רימונים ושמן ארגן 700 מ""ל",גוד פוד פרודקטס S.p,IL,שמפו כיף לשיער יבש רימונים ושמן ארגן 700,מיליליטרים,700.00,"100 מ""ל",false,12,12.90,1.8429,true,1,26029
7290108357745,false,שמפו ומרכך 2 ב-1 תאנה ומנטה לכל סוגי השיער,גוד פוד פרודקטס S.p,IL,שמפו ומרכך כיף תאנה מנטה 700מל,מיליליטרים,700.00,"100 מ""ל",false,12,12.90,1.8429,true,1,26033
7290108357769,false,"מרכך לשיער רגיל תפוח וזרעי צ'יה 700 מ""ל כיף",גוד פוד פרודקטס S.p,IL,מרכך כיף לשיער רגיל תפוח זרעי ציה 700מל,מיליליטרים,700.00,"100 מ""ל",false,12,12.90,1.8429,true,1,26028
7290108357776,false,"כיף מרכך לשיער יבש -רימונים ושמן ארגן 700 מ""ל",גוד פוד פרודקטס S.p,IL,מרכך כיף לשיער יבש רימונים ושמן ארגן 700,מיליליטרים,700.00,"100 מ""ל",false,12,12.90,1.8429,true,1,26030
7290108357783,false,"מרכך לשיער דק ושביר גוג'י ברי ומורגינה 700 מ""ל כיף",קוסמופארם בעמ,IL,מרכך כיף לשיער דק ושביר גוגי ברי 700מל,מיליליטרים,700.00,"100 מ""ל",false,12,12.90,1.8429,true,1,26035
7290108357837,false,כיף אל סבון 1 ליטר ג'נסינג שקית מילוי + פקק,"קוסמופארם בע""\מ",IL,שקית מילוי כיף 1ליטר אצות ים,ליטרים,1.00,ליטר,false,12,9.90,9.9000,true,1,49573
7290108357844,false,כיף אל סבון 1 ליטר אצות ים שקית מילוי + פקק,"קוסמופארם בע""\מ",IL,שקית מילוי כיף 1ליטר גנסינג,ליטרים,1.00,ליטר,false,12,9.90,9.9000,true,1,49574
7290108357851,false,"כיף - ג'ל רחצה אליקסיר אוילס מועשר בשמן קוקוס 700 מ""ל","קוסמופארם בע""\מ",IL,תחליב רחצה כיף מילק שמן קוקוס 700 מל,מיליליטרים,700.00,"100 מ""ל",false,12,12.90,1.8429,true,1,47318
7290108357868,false,"כיף - ג'ל רחצה אליקסיר אויל מועשר בשמן מקדמיה 700 מ""ל","קוסמופארם בע""\מ",IL,תחליב רחצה כיף מילק שמן מקדמיה 700 מל,מיליליטרים,700.00,"100 מ""ל",false,12,12.90,1.8429,true,1,47317
7290108357875,false,"כיף - שמפו לחות מוגברת עם אפרסק וחמאת מורומורו 700 מ""ל",קוסמופארם בעמ,IL,שמפו כיף לחות מוגברת אפרסק 700מל,מיליליטרים,700.00,"100 מ""ל",false,12,12.90,1.8429,true,1,47940
7290108357882,false,"כיף - מרכך לחות מוגברת עם אפרסק וחמאת מורומורו 700 מ""ל",קוסמופארם בעמ,IL,מרכך כיף לחות מוגברת אפרסק 700מל,מיליליטרים,700.00,"100 מ""ל",false,12,12.90,1.8429,true,1,47941
7290108358070,false,"תחליב רחצה קרמה קלאסי 700 מ""ל",גוד פוד פרודקטס S.p,IL,תחליב רחצה קרמה מועשר 700מל קלאסי,מיליליטרים,700.00,"100 מ""ל",false,12,18.90,2.7000,true,1,36012
7290108358100,false,"פרש הום מקלות ריחניים לבית בניחוח בייבי 100 מ""ל",סנו fresh,IL,מקלות מטהרי אויר פרש הום בייבי פאודר,Unknown,0.00,Unknown,false,12,21.90,0.0000,true,1,47339
7290108358117,false,"פרש הום מקלות ריחניים לבית בניחוח כביסה רעננה 100 מ""ל",החברה הדרומית,IL,מקלות מטהרי אויר פרש הום פרש לאוונדרי,Unknown,0.00,Unknown,false,12,21.90,0.0000,true,1,47338
7290108358124,false,דפי בישום לחים למייבש הכביסה בניחוח מרכך כביסה 20 יח' מקסימה,טרופיגל דגיל תעשיות קוסמ,IL,דפי בישום מקסימה פרש למייבש כביסה 20יח,יחידה,20.00,יחידה,false,12,13.90,0.6950,true,1,51361
7290108359008,false,סושי שקיות זיפר עם סליידר 15 יח לארג',החברה הדרומית,CN,שקיות זיפר+סליידר 15יח גודל לארג,יחידה,15.00,יחידה,false,12,14.90,0.9933,true,1,47315
7290108359015,false,סושי שקיות זיפר עם סליידר 20 יח מדיום,החברה הדרומית,CN,שקיות זיפר+סליידר 20יח גודל מדיום,יחידה,20.00,יחידה,false,12,14.90,0.7450,true,1,47314
7290108359039,false,שקיות אשפה עם ידיות סנו סושי לפחים 30 יחידות,סנאט גרופ,TR,שקיות אשפה פחים גדולים 30יח 60/90סמ,יחידה,30.00,יחידה,false,12,21.90,0.7300,true,1,39078
7290108359060,false,סנו סושי כריות הפלא רב תכלתיות *4 לשבת,סנו מפעלי ברונו בעמ,IL,כריות ניקוי לשבת 4יח סנו סושי,יחידה,4.00,יחידה,false,12,12.90,3.2250,true,1,46163
7290108359084,false,סנו סושי כיסוי ניילון עם גומי 30 יחידות M,תאיזו ווילד,IL,כיסוי ניילון עם גומי 30יח מדיום סנו סושי,יחידה,30.00,יחידה,false,24,9.90,0.3300,true,1,51363
7290108359091,false,סנו סושי כיסוי ניילון עם גומי 30 יחידות L,תאיזו ווילד,IL,כיסוי ניילון עם גומי 30יח לארג סנו סושי,יחידה,30.00,יחידה,false,24,9.90,0.3300,true,1,51364
7290108359114,false,סנו סושי – 10 חמגשית אלומיניום עם מכסה,סנו סושי,IL,חמגשיות עם מכסה חד פעמי 10יח סנו סושי,יחידה,10.00,יחידה,false,12,11.90,1.1900,true,1,49572
7290108359121,false,סנו סושי שקיות אשפה חזקות במיוחד 100 יח' L,סנו סושי,IL,שקיות אשפה חזקות 100יח בקופסא סנו סושי,יחידה,100.00,יחידה,false,8,59.90,0.5990,true,1,47330
7290108359145,false,סנו סושי דפי ספוג הפלא12,קריות זול,CN,דפי ספוג הפלא 12יחידות סנו סושי,יחידה,12.00,יחידה,false,1,12.90,1.0750,true,1,51357
7290108359152,false,"תבנית אלומיניום עגולה 25 ס""מ -6 יחי סנו סושי","אופל אריזות בע""\מ",IL,תבניות חד פעמי עגולות קוטר 25סמ 6יח סושי,יחידה,6.00,יחידה,false,24,12.90,2.1500,true,1,51365
7290108359169,false,"תבנית אלומיניום עגולה 628 ס""מ יחי סנו סושי","אופל אריזות בע""\מ",IL,תבניות חד פעמי עגולות קוטר 28סמ 6יח סושי,יחידה,6.00,יחידה,false,24,12.90,2.1500,true,1,51366
7290108359176,false,סנו סופט ממחטות אף תלת שכבתיות עשירות בלחות,החברה הדרומית,IL,ממחטות אף סופט לושן מארז 2יח 100יח,יחידה,200.00,יחידה,false,48,13.90,0.0695,true,1,51362
7290108359183,false,שקית אשפה חזקות 70*50 60 יח' סנו סושי,סנו סושי,IL,שקיות אשפה 60יחידות 52/71סמ ידיות אחיזה,יחידה,60.00,יחידה,false,12,21.90,0.3650,true,1,51358
7290108359190,false,סנו סושי מגבות הפלא 4=12 גליל ארוך פי 3,החברה הדרומית,IL,מגבות נייר סנו סושי 4 גלילים=12 גלילים,יחידה,4.00,יחידה,false,1,24.90,6.2250,true,1,51894
7290108359213,false,נייר טואלט סופט דו שכבתי 18 גלילים כפולים,סנו סופט Soft,IL,נייר טואלט סופט 18גלילים=36גלילים,יחידה,18.00,יחידה,false,1,39.90,2.2167,true,1,51895
7290108359824,false,"כיף - בייבי כיף קרם 500 מ""ל",קוסמופארם בעמ,IL,קרם גוף בייבי כיף 500 מל הידרומיסט 24,מיליליטרים,500.00,"100 מ""ל",false,12,24.90,4.9800,true,1,25600
7290108359831,false,"כיף - בייבי כיף שמן 500 מ""ל","מיוצר ומשווק ע""י קוס",IL,שמן גוף בייבי כיף 500 מל הידרומיסט 24,מיליליטרים,500.00,"100 מ""ל",false,12,24.90,4.9800,true,1,25599
7290108359855,false,"שמפו אל דמע בייבי כיף 750 מ""ל",גוד פוד פרודקטס S.p,IL,שמפו אלדמע בייבי כיף 750 מל הידרומיסט 24,מיליליטרים,750.00,"100 מ""ל",false,12,15.90,2.1200,true,1,25598
7290108359879,false,"אלסבון בייבי כיף+משאבה 750 מ""ל",קוסמופארם בעמ,IL,אל סבון בייבי כיף 750 מל הידרומיסט 24,מיליליטרים,750.00,"100 מ""ל",false,12,15.90,2.1200,true,1,25596
7290108359893,false,"תחליב רחצה בייבי כיף+משאבה 750 מ""ל",גוד פוד פרודקטס S.p,IL,תחליב רחצה בייבי כיף 750 מל הידרומיסט 24,מיליליטרים,750.00,"100 מ""ל",false,12,15.90,2.1200,true,1,25597
7290108359961,false,אורביטול משחת שיניים פרוטקט פרש 145 ג' שלישיה,טרופיקל דגיל תעשיות קוסמ,IL,משחת שיניים אורביטול פרש 3יח 145גר,גרמים,145.00,100 גרם,false,8,21.90,15.1034,true,1,31279
7290108359978,false,מש.אורביטול ריח פה145*3מ,טרופיקל דגיל תעשיות קוסמ,IL,מארז 3יח משחת שיניים אורביטול נשימה 145ג,גרמים,435.00,100 גרם,false,1,19.90,4.5747,true,1,33879
7290108359985,false,סנו - ז'אוול מרסס קצף לניקוי וחינו בניחוח פריחה לבנה 1 ליטר,סנו ז'אוול Javel,IL,סנו זאוול מרסס 1ליטר פריחה לבנה,ליטרים,1.00,ליטר,false,1,18.90,18.9000,true,1,47335
7290108501353,false,פילה אנשובי אמיתי ארוך בשמן וילי פוד 45,קונסרבאס סילביה,ES,פילה אנשובי ארוך אמיתי 45 ג,Unknown,0.00,Unknown,false,1,5.90,0.0000,true,1,21491
7290108501377,false,שפרוטים מעושנים בשמן מרינה מכסה שקוף 160 ג',וילי פוד,,שפרוטים מריגה מעושנים בשמן 160 גר,גרמים,160.00,100 גרם,false,1,9.90,6.1875,true,1,20871
7290108501971,false,חטיף בוטנים ומשמש הפי נאטס מארז 35X4ג',ואמראליס,GR,חטיף שקדים ומשמש האפי נאטס 35גר 140גר,גרמים,140.00,100 גרם,false,1,10.90,7.7857,true,1,22543
7290108502381,false,בסיסים להכנת פיצה קוטר 26 וילי פוד 480ג',מוטלוקל גידה סאנאי ט,TR,תחתית לפיצה מנת השף 26 סמ,גרמים,480.00,100 גרם,false,1,11.90,2.4792,true,1,25434
7290108503043,false,תפוחונים חטיף פלחים מיובשים מארז 22X4ג',הביי דונגפנג פוד קו. בעמ,CN,מארז 4יח חטיף תפוחונים מיובשים 22 גרם,Unknown,0.00,Unknown,false,144,14.90,0.0000,true,1,24775
7290108503647,false,"DAAWAT אורז בסמטי מהדרין ויליפוד 1 ק""ג",אל.טי.פודס בעמ,IN,אורז בסמטי דאוואט 1 קג,קילוגרמים,1.00,"ק""ג",false,1,13.90,13.9000,true,1,30933
7290108504941,false,קוביות אננס 300גר קפ,,RS,קוביות אננס 300גר קפוא,גרמים,300.00,100 גרם,false,12,13.90,4.6333,true,1,33090
7290108504958,false,קוביות מנגו 300גר קפ,,RS,קוביות מנגו 300גר קפוא,גרמים,300.00,100 גרם,false,12,13.90,4.6333,true,1,33089
7290108505153,false,יוגורט בטעם טבעי 10% שומן ויליפוד 150 גרם,Euro יורו מחלבות אירופה,GR,יוגורט יווני 150גרם טבעי 10%שומן,גרמים,150.00,100 גרם,false,12,5.90,3.9333,true,1,33942
7290108505177,false,יוגורט עם אננס 0% שומן ויליפוד 150 גרם,Euro יורו מחלבות אירופה,GR,יוגורט יווני אננס 150גרם 0%שומן,גרמים,150.00,100 גרם,false,6,5.90,3.9333,true,1,33948
7290108505184,false,יוגורט עם קוקוס 5% שומן ויליפוד 150 גרם,Euro יורו מחלבות אירופה,GR,יוגורט יווני קוקוס 150גר 5% שומן,גרמים,150.00,100 גרם,false,6,5.90,3.9333,true,1,33951
7290108505191,false,יוגורט עם פצפוצי שוקולד 5% שומן ויליפוד 150 גרם,Euro יורו מחלבות אירופה,GR,יוגורט יווני פצפוצי שוקולד 150גר 5% שומן,גרמים,150.00,100 גרם,false,6,5.90,3.9333,true,1,33950
7290108505207,false,יוגורט עם אוכמניות 0% שומן ויליפוד 150 גרם,Euro יורו מחלבות אירופה,GR,יוגורט יווני אוכמניות 150גרם 0%שומן,גרמים,150.00,100 גרם,false,6,5.90,3.9333,true,1,33945
7290108505214,false,יוגורט עם אפרסק 0% שומן ויליפוד 150 גרם,Euro יורו מחלבות אירופה,GR,יוגורט יווני אפרסק 150גרם 0%שומן,גרמים,150.00,100 גרם,false,6,5.90,3.9333,true,1,33947
7290108505733,false,צמות-גבינה חצי קשה 25% שומן 200 גרם,סאסו פטוראגס קומטויס אף,TR,צמות גבינה 200 גרם 25% שומן חצי קשה,גרמים,200.00,100 גרם,false,12,12.90,6.4500,true,1,33845
7290108506495,false,"כנאפה מאפה בצק ""שערות"" קדאיף וגבינה",ארמה גרופ,TR,כנאפה קפוא 192.5גר,גרמים,193.00,100 גרם,false,42,13.90,7.2021,true,1,33076
7290108506969,false,מאפה בורקס מים תורכי גבינה ויליפוד 300 גרם,וילי פוד,TR,בורקס מים טורקי גבינה 300גר,גרמים,300.00,100 גרם,false,1,14.90,4.9667,true,1,35445
7290108507010,false,מאפה בורקס מים תורכי תרד וגבינה ויליפוד 300 גרם,וילי פוד,TR,בורקס מים טורקי תרד גבינה 300גר,גרמים,300.00,100 גרם,false,1,14.90,4.9667,true,1,35446
7290108507188,false,"כנאפה קפוא 657 גרם אריזה משפחתית חתם סופר פ""ת",ארמה גרופ,TR,כנאפה משפחתי קפוא 657.5גר,גרמים,658.00,100 גרם,false,10,29.90,4.5441,true,1,35924
7290108508031,false,ויליפוד אננס שלם 830 גרם,אנגס פארם,TH,לפתן אננס שלם ויליפוד 830 גרם,גרמים,830.00,100 גרם,false,1,10.90,1.3133,true,1,50611
7290108508703,false,טורטיה ללא גלוטן 270 גרם ויליפוד,מוטלוקל גידה סאנאי טיקרט,TR,טורטיה ללא גלוטן 270 גרם,גרמים,270.00,100 גרם,false,20,10.00,3.7037,true,1,38413
7290108508765,false,קונכיות פתיתים ויליפוד 400גרם,וילי פוד,TR,קונכיות פתיתים 400 גרם צ,גרמים,400.00,100 גרם,false,1,7.90,1.9750,true,1,45604
7290108508772,false,קונכיות פתיתים עם תרד 400 גרם,וילי פוד,TR,קונכיות פתיתים עם תרד 400 גרם,גרמים,400.00,100 גרם,false,1,7.90,1.9750,true,1,45605
7290108508970,false,וילי פוד תה ג'רבה 50,אוסוואלדי קרוז בואנס,PY,תה גרבה מטה 500 ג,גרמים,500.00,100 גרם,false,1,16.90,3.3800,true,1,38813
7290108509397,false,עלי בצק פילו [משולשים] 360 גרם,ארמה גרופ,TR,עלי בצק פילו 360גרם משולשים,גרמים,360.00,100 גרם,false,16,9.90,2.7500,true,1,50221
7290108509410,false,חלבה טורקית עם קקאו 350 גרם ויליפוד,וילי פוד,TR,חלבה טורקית עם קקאו 350 גרם,גרמים,350.00,100 גרם,false,12,9.90,2.8286,true,1,40007
7290108509618,false,זיתים ירוקים על הגריל מגולענים 730 גר,,TR,זית ירוק על הגריל מגולען 730 גרם,גרמים,730.00,100 גרם,false,12,24.90,3.4110,true,1,40750
7290108509625,false,זיתים ירוקים ופלפל על הגריל מגולענים במרינדה 730 גרם ויליפוד,,TR,זית ירוק עם פלפל על הגריל מגולען 730 גרם,גרמים,730.00,100 גרם,false,12,24.90,3.4110,true,1,40751
7290108509700,false,"אורז פרסי DAAWAT מהדרין 1 ק""ג",אל.טי.פודס לימיטד,IN,אורז פרסי דאוואט 1 קג,קילוגרמים,1.00,"ק""ג",false,20,9.90,9.9000,true,1,46477
7290108620023,false,יין קפיטל קברנה סובניון יבש אדום 750 מל,יקבי ציון,IL,יין קפיטל קברנה סובניון 750 מל,מיליליטרים,750.00,"100 מ""ל",false,12,60.00,8.0000,true,1,47369
7290108620054,false,יין אסטייט קברנה סובניון יבש אדום 750 מל,יקבי ציון,IL,יין אסטייט קברנה סוביניון 750 מל,מיליליטרים,750.00,"100 מ""ל",false,12,40.00,5.3333,true,1,47363
7290108620078,false,יין אסטייט מרלו יבש אדום 750 מל,יקבי ציון,IL,יין אסטייט מרלו 750 מל,מיליליטרים,750.00,"100 מ""ל",false,12,40.00,5.3333,true,1,47365
7290108620153,false,יין אסטייט קברנה סמי חצי מתוק אדום 750 מל,יקבי ציון,IL,יין אסטייט קברנה חצי מתוק 750 מל,מיליליטרים,750.00,"100 מ""ל",false,12,40.00,5.3333,true,1,47367
7290108620191,false,"יין אסטייט מוסקט קינוח 750 מ""ל",יקבי ציון,IL,יין אסטייט מוסקטו 750 מל,מיליליטרים,750.00,"100 מ""ל",false,12,40.00,5.3333,true,1,47368
7290108621013,false,יין רזרב מרלו 750 מל,יקבי ציון,,יין רזרב מרלו 750 מל פקדון,מיליליטרים,750.00,"100 מ""ל",false,1,150.00,20.0000,true,1,18403
7290108980790,false,כותש שום פטנט גוי,shi ba zi kitchnware,,כותש שום פטנט גוי,יחידה,1.00,יחידה,false,1,31.90,31.9000,true,1,29813
7290108981599,false,מאג תרמי 0.5 ליטר בדיספלי,מגי,CN,מאג טרמי צבעוני,יחידה,1.00,יחידה,false,1,26.90,26.9000,true,1,15691
7290108982893,false,מחבת שקשוקה 18סמ צבע,,,מחבת שקשוקה 18סמ צבעוני,יחידה,1.00,יחידה,false,1,32.90,32.9000,true,1,36281
7290108982909,false,סיר אישי צבעוני 14סמ,,,סיר אישי צבעוני 14סמ,יחידה,1.00,יחידה,false,1,44.90,44.9000,true,1,38206
7290108986884,false,קערת זכוכית 1ליטר עג,,,קערת זכוכית 1ליטר עגולה גלאס 16/8סמ,יחידה,1.00,יחידה,false,1,16.90,16.9000,true,1,29853
7290108986891,false,קערת זכוכית 1.5ליטר,,,קערת זכוכית 1.5ליטר עגולה גלאס,יחידה,1.00,יחידה,false,1,26.90,26.9000,true,1,29852
7290108986907,false,קערת זכוכית 2ליטר עג,,,קערת זכוכית 2ליטר עגולה גלאס 20.5/10.5סמ,יחידה,1.00,יחידה,false,1,32.90,32.9000,true,1,29855
7290109230566,false,"וויסקי מילק&האני 700מ""ל",מזקקת מילק אנד האני,IL,וויסקי מילק אנד האני סינגל 700 מל,מיליליטרים,700.00,"100 מ""ל",false,6,199.00,28.4286,true,1,38047
7290109351025,false,מלך החומוס חומוסטחינה 40% טחינה גולמית,סלטי צבר,IL,מלך החומוס חומוסטחינה 400 גרם צבר,גרמים,400.00,100 גרם,false,1,14.90,3.7250,true,1,15010
7290109351957,false,פריכיות אורז מלא פיטנס עם שכבת שוקולד חלב,סנורייס בלגיום אן. ו,BE,פריכיות פיטנס שוקולד חלב 100 גר,גרמים,100.00,100 גרם,false,1,8.90,8.9000,true,1,17312
7290109351971,false,פריכיות דגנים פיטנס מצופות שוקולד חלב,פרח תעשיות,IL,פריכיות פיטנס מצופות שוקולד חלב84 גר,Unknown,0.00,Unknown,false,1,11.90,0.0000,true,1,17118
7290109352916,false,פריכיות דגנים פיטנס מצופות שוקולד לבן,פרח תעשיות,IL,פריכיות פיטנס מצופות שוקולד לבן84 גר,Unknown,0.00,Unknown,false,1,11.90,0.0000,true,1,17119
7290109353494,false,פסטה פרפקטו פארפאלה 500ג' אסם,אסם פרפקטו Perfecto,IT,פסטה פרפקטו פראפלה 500 ג,גרמים,500.00,100 גרם,false,1,6.90,1.3800,true,1,16775
7290109354057,false,קרחוני לה פרוטה La Frutta בטעמי אננס תפוז- 5 יח',תות תעשיות מזון (201,IL,מאגדת לה פרוטה מיקס תפוז אננס 350גר,יחידה,5.00,יחידה,false,1,25.90,5.1800,true,1,16254
7290109354101,false,"לחמית ללא גלוטן 200 גר' ""אסם""","אסם תעשיות בע""מ",IL,לחמית ללא גלוטן 200גר,גרמים,190.00,100 גרם,false,1,8.90,4.6842,true,1,18939
7290109358260,false,"נקניקיות עם חלבון 600 גר' ""טבעול""",עיצובים 2020 (4.8),IL,נקניקיות טבעול עם חלבון 600 גרם,גרמים,600.00,100 גרם,false,1,32.90,5.4833,true,1,18933
7290109358284,false,"שניצל תירס עם חלבון 664 גר' ""טבעול""",עיצובים 2020 (4.8),IL,שניצל תירס עם חלבון טבעול 664 גר,גרמים,664.00,100 גרם,false,1,32.90,4.9548,true,1,18932
7290109358765,false,דגני בוקר קראנץ' רולס נוגט 450 גרם,"אסם השקעות בע""\מ",IL,דגני בוקר קראנץ רולס 450 גר,גרמים,450.00,100 גרם,false,1,22.90,5.0889,true,1,19042
7290109580043,false,"שניצל תירס קלאסי זוגלובק 1.75 ק""ג",זוגלובק,IL,שניצל טבע תירס קלאסי 1.75קג,גרמים,1750.00,100 גרם,false,6,51.90,2.9657,true,1,48949
7290109580050,false,נקניקיות צ'וריסוס וונדרס 0% בשר טבעוני ללא גלוטן,"וונדרס ע""י זוגלובק 2000",IL,נקניקיות צוריסוס וונדרס 226גר,גרמים,226.00,100 גרם,false,6,29.90,13.2301,true,1,48956
7290109580067,false,"טחון וונדרס 0% בשר , טבעוני","וונדרס ע""י זוגלובק 2000",IL,טחון וונדרס 340גר,גרמים,340.00,100 גרם,false,6,29.90,8.7941,true,1,48957
7290109580098,false,קבנוס בטעם סרירצ'ה זוגלובק 135 גרם,זוגלובק,IL,נקניק קבנוס סרירצה 135גר,גרמים,135.00,100 גרם,false,12,10.90,8.0741,true,1,48948
7290109580104,false,רוסטביף פרימיום זוגלובק 150 גרם,זוגלובק,IL,נקניק רוסביף 150 גרם פרימיום,גרמים,150.00,100 גרם,false,8,24.90,16.6000,true,1,48932
7290109580111,false,צלעות אסאדו מעושנות פרימיום זוגלובק 120 גרם,זוגלובק,IL,נקניק צלעות אסאדו מעושנות 120גר פרימיום,גרמים,120.00,100 גרם,false,8,24.90,20.7500,true,1,48937
7290109580135,false,קורנדביף פרימיום 180 גרם זוגלובק,זוגלובק,IL,נקניק קורנדביף 180גרם פרימיום,גרמים,180.00,100 גרם,false,8,24.90,13.8333,true,1,48934
7290109580159,false,פסטרמה בנוסח טוסקנה פרימיום זוגלובק 180 גרם,זוגלובק,IL,פסטרמה בנוסח טוסקנה 180גר פרימיום,גרמים,180.00,100 גרם,false,8,24.90,13.8333,true,1,48935
7290109580166,false,סרוולד קלאסי פרימיום זוגלובק 150 גרם,זוגלובק,IL,נקניק סרוולד קלאסי 150גר פרימיום,גרמים,150.00,100 גרם,false,8,24.90,16.6000,true,1,48936
7290109580210,false,נקנקיות ריינהולד'ס הצרפתיה זוגלובק 300 ג',זוגלובק,IL,נקניקיות ריינהולדס הצרפתיה 300גר,גרמים,300.00,100 גרם,false,6,21.90,7.3000,true,1,48940
7290109580227,false,נקניקיות עוף ובקר בסגנון ברלינאי קאריוורסט,זוגלובק,IL,נקניקיות קאריוורסט ריינהולדס 300גר,גרמים,300.00,100 גרם,false,6,21.90,7.3000,true,1,48941
7290109580234,false,"נקניקיות מרגז חריפות וונדרס 0% בשר, טבעוני",זוגלובק וונדרס Wonders,IL,נקניקיות מרגז וונדרס 226גר,גרמים,226.00,100 גרם,false,6,29.90,13.2301,true,1,48959
7290109580241,false,נאגטס מן הצומח זוגלובק 500 גרם,זוגלובק טבע,IL,נאגטס מן הצומח 500גר,גרמים,500.00,100 גרם,false,12,22.90,4.5800,true,1,48997
7290109580319,false,"בורגר וונדרס 0% בשר , טבעוני",זוגלובק וונדרס Wonders,IL,בורגר וונדרס 280גר,גרמים,280.00,100 גרם,false,6,29.90,10.6786,true,1,48960
7290109580449,false,סלמי בטעם כמהין פרימיום זוגלובק 180 גרם,זוגלובק,IL,נקניק סלמי בטעם כמהין 180גר פרימיום,גרמים,180.00,100 גרם,false,8,24.90,13.8333,true,1,48996
7290109640020,false,גוש טבעוני בטעם מוצרלה 300 גרם,וי גרדן,IL,תחליף בסגנון מוצרלה 300 גרם משומשו,גרמים,300.00,100 גרם,false,1,19.90,6.6333,true,1,16535
7290109640198,false,מגורדת לפיצה ולאפיה 20% שומן 200 גרם - משומשו,וי גרדן,IL,תחליף גבינה לפיצה ואפיה 200גר משומשו,גרמים,200.00,100 גרם,false,1,19.90,9.9500,true,1,18635
7290109640204,false,גוש בסגנון חלומי 18% משומשו 250 גרם,וי גרדן,IL,גוש בסגנון חלומי 250גר 18%שומן משומשו,גרמים,250.00,100 גרם,false,1,20.90,8.3600,true,1,18636
7290109640372,false,ממרח זיתים על בסיס קוקוס 9% שומן 200 גרם - משומשו,גן שמואל-תעשיות בריאות,IL,ממרח זיתים 200גר 9% על בסיס קוקוס משומשו,גרמים,200.00,100 גרם,false,1,15.90,7.9500,true,1,25544
7290109640396,false,"משומשו - ממרח עם שום שמיר 9% שומן 200 ג""ר",גן שמואל-תעשיות בריאות,IL,ממרח שום שמיר 200גר 9% בסיס קוקוס משומשו,גרמים,200.00,100 גרם,false,1,15.90,7.9500,true,1,25547
7290109640402,false,ממרח על בסיס קוקוס 9% שומן 200 גרם - משומשו,גן שמואל-תעשיות בריאות,IL,ממרח טבעי 200גר 9% על בסיס קוקוס משומשו,גרמים,200.00,100 גרם,false,1,15.90,7.9500,true,1,25545
7290109640631,false,לאבנה טבעונית 9% שומן 200 גר' משומשו,"טרופיקל דגיל בע""מ אז",IL,בסגנון לאבנה 200גרם על בסיס קוקוס,גרמים,200.00,100 גרם,false,1,15.90,7.9500,true,1,36309
7290109640648,false,ממרח בטעם חמאה 150 גרם - משומשו,גן שמואל-תעשיות בריאות,IL,ממרח בטעם חמאה 150גר משומשו,גרמים,150.00,100 גרם,false,1,12.90,8.6000,true,1,38385
7290109640761,false,משומשו מאפה בצק פילאס טבעוני מילוי פטה,סנו מפעלי ברונוס.,IL,מאפה פילאס מילוי פטה טבעונית 600גר משומש,גרמים,600.00,100 גרם,false,1,24.90,4.1500,true,1,38581
7290109640778,false,מאפה פילאס טבעוני במילוי בסגנון בשר 600 גרם - משומשו,סנו מפעלי ברונוס.,IL,מאפה פילאס בסגנון בשר 600גר משומשו,גרמים,600.00,100 גרם,false,1,24.90,4.1500,true,1,38582
7290109640785,false,מאפה פילאס טבעוני במילוי בסגנון פיצה,סנו מפעלי ברונוס.,IL,מאפה פילאס בסגנון פיצה 600גר משומשו,גרמים,600.00,100 גרם,false,1,24.90,4.1500,true,1,38583
7290109920061,false,ספריי מסיר מדבקות שומן וחומרים נדבקים,ריינבו,CN,ספריי מסיר חומרים נדבקים 450מל,מיליליטרים,450.00,"100 מ""ל",false,12,29.90,6.6444,true,1,46668
7290109920146,false,"דורגול מסיר אבנית מקומקומים 750 מ""ל",יעקובי דורגול,CH,מסיר אבן דורגול קומקום 750מל,מיליליטרים,750.00,"100 מ""ל",false,1,21.90,2.9200,true,1,16734
7290109920153,false,"מלבין לכביסה לבנה לובן צח, 790 גרם יעקבי",יעקובי,US,אבקה להלבנת כביסה לבנה 790 גר וויט בריט,גרמים,790.00,100 גרם,false,1,34.90,4.4177,true,1,17524
7290109920313,false,"אסטוניש מרסס לניקוי חלונות 750 מ""ל",יעקבי- אסטוניש Astonish,GB,מרסס אסטוניש מבריק שמשות 750 מל,מיליליטרים,750.00,"100 מ""ל",false,1,13.90,1.8533,true,1,20584
7290109920597,false,"אסטוניש - מרסס לניקוי המקלחון 750 מ""ל",יעקבי- אסטוניש Astonish,GB,מרסס אסטוניש למקלחון 750 מל,מיליליטרים,750.00,"100 מ""ל",false,1,13.90,1.8533,true,1,20586
7290109920627,false,"אסטוניש קרם ואקונומיקה לניקוי אמבטיות 500 מ""ל",יעקובי אסטוניש,GB,קרם ניקוי אסטוניש אקונומיקה 500 מל,מיליליטרים,500.00,"100 מ""ל",false,1,14.90,2.9800,true,1,21381
7290109920665,false,"אסטוניש - מרסס מסיר אוכל שרוף במטבח 750 מ""ל",יעקבי- אסטוניש Astonish,GB,מרסס אסטוניש מסיר אוכל שרוף 750 מל,מיליליטרים,750.00,"100 מ""ל",false,1,13.90,1.8533,true,1,20588
7290109920672,false,"אבקה למדיח הפי יעקבי 1.4 ק""ג",קלרו,AT,אבקה למדיח הפי 1.4קג,קילוגרמים,1.40,"ק""ג",false,1,27.90,19.9286,true,1,20595
7290109920740,false,מרכך כביסה מרוכז לבנדר הפי 1 ליטר,יעקובי הפי,,מרכך כביסה הפי מרוכז 1 ליטר לבנדר,ליטרים,1.00,ליטר,false,1,9.90,9.9000,true,1,20594
7290109920757,false,מרכך כביסה מרוכז ורדים הפי 1 ליטר,יעקובי הפי,,מרכך כביסה הפי מרוכז 1 ליטר ורדים,ליטרים,1.00,ליטר,false,1,9.90,9.9000,true,1,20593
7290109920795,false,אסטוניש נוזל לניקוי כללי לבנדר 1 ליטר,יעקובי אסטוניש,,נוזל ניקוי רב תכליתי אסטוניש לבנדר 1ליטר,ליטרים,1.00,ליטר,false,1,9.90,9.9000,true,1,21382
7290109920818,false,אסטוניש נוזל לניקוי כללי לימון 1 ליטר,יעקובי אסטוניש,,נוזל ניקוי רב תכליתי אסטוניש לימון 1ליטר,ליטרים,1.00,ליטר,false,1,9.90,9.9000,true,1,21383
7290109920825,false,צמד-דורגול אספרסו + דורגול מקציף חלב מתנה,יעקובי דורגול,CH,מסיר אבן מכונת קפה דורגול אספרסו 500מל,מיליליטרים,500.00,"100 מ""ל",false,1,31.90,6.3800,true,1,25287
7290109920832,false,"נ.ניקוי דורגול לניקוי מקציף חלב 500 מ""ל",יעקובי דורגול,CH,דורגול ניקוי וחיטוי למתקן החלב 500מל,מיליליטרים,500.00,"100 מ""ל",false,1,31.90,6.3800,true,1,25288
7290109920849,false,"אסטוניש - מרסס לניקוי כללי בניחוח תפוז 750 מ""ל",יעקבי- אסטוניש Astonish,GB,מרסס אסטוניש לניקוי רב תכליתי 750 מל,מיליליטרים,750.00,"100 מ""ל",false,1,13.90,1.8533,true,1,20589
7290109920863,false,גל כביסה הפי מיוחד לכביסת בגדי ספורט,יעקובי הפי,BE,נוזל לכביסת בגדי ספורט הפי 1 ליטר,ליטרים,1.00,ליטר,false,12,15.90,15.9000,true,1,23391
7290109920870,false,גל כביסה הפי מיוחד לכביסה שחורה וכהה,יעקובי הפי,BE,נוזל לכביסה שחורה וכהה הפי 1 ליטר,ליטרים,1.00,ליטר,false,12,15.90,15.9000,true,1,23390
7290109920887,false,גל כביסה הפי מיוחד לכביסה ביד צמר ומשי,יעקובי הפי,BE,נוזל לכביסת צמר ומשי הפי 1 ליטר,ליטרים,1.00,ליטר,false,12,15.90,15.9000,true,1,23392
7290109920894,false,הפי GEL DE LINE לשטיפת רצפות 1ליטר,יעקובי הפי,BE,גל לשטיפת רצפות הפי 1 ליטר גל דה ליין,ליטרים,1.00,ליטר,false,12,12.90,12.9000,true,1,23394
7290109920917,false,"ג'ל לניקוי אסלה עם כלור הפי 750 מ""ל",וונדפוט,,גל לניקוי אסלות עם כלור הפי 750מל,מיליליטרים,750.00,"100 מ""ל",false,1,9.90,1.3200,true,1,23960
7290109921075,false,"נוזל דזיטול מחטא בגדים בכביסה 500 מ""ל",מרקה,BE,מחטא בגדים דזיטול 500מל,מיליליטרים,500.00,"100 מ""ל",false,1,15.90,3.1800,true,1,51123
7290109921280,false,נוזל ניקוי רצפות הפי גל דה לין 3 ל,יעקובי,BE,נוזל לניקוי רצפות 3ליטר הפי גל דה ליין,ליטרים,3.00,ליטר,false,4,26.90,8.9667,true,1,27849
7290109921303,false,טורבול SLIM סופג לחות 2 מגשיות יעקבי,יעקובי,SE,סופג לחות טורבולן 2יח,יחידה,2.00,יחידה,false,1,31.90,15.9500,true,1,25296
7290109921334,false,אידיאל פרוטקט יעקבי 15 דפי כביסה,יעקובי,ES,דפי בד לכביסה פרוטקט קולור 15 דף,יחידה,15.00,יחידה,false,1,16.90,1.1267,true,1,26994
7290109921372,false,אסטוניש משחה לניקוי תנורים וגריל+ספוג 250 גרם,יעקובי אסטוניש,GB,משחה לתנורים אסטוניש+ספוג,גרמים,500.00,100 גרם,false,1,19.90,3.9800,true,1,27850
7290109921389,false,נוזל מקצועי לניקוי רצפות השיפוצניק יעקבי,יעקובי,TR,נוזל השיפוצניק לניקוי רצפות 900מל,מיליליטרים,900.00,"100 מ""ל",false,12,19.90,2.2111,true,1,27852
7290109921488,false,"דורגול לניקוי וחיטוי מכונת הכביסה יעקבי 500 מ""ל",יעקובי דורגול,DE,דורגול למכונת כביסה ניקוי וחיטוי 500מל,מיליליטרים,500.00,"100 מ""ל",false,10,29.90,5.9800,true,1,30582
7290109921563,false,רצפות שיש מבריק ואינו מחליק,וונדפוט,BE,נוזל לשטיפת רצפות שיש 1.25ליטר,מיליליטרים,1250.00,"100 מ""ל",false,9,14.90,1.1920,true,1,30583
7290109921570,false,יעקבי רצפות לניקוי פרקט 1.25 ליטר,וונדפוט,BE,נוזל לשטיפת רצפות פרקט 1.25ליטר,מיליליטרים,1250.00,"100 מ""ל",false,9,14.90,1.1920,true,1,30585
7290109921587,false,רצפות גרניט פורצלן ייבוש מהיר ללא סימנים,וונדפוט,BE,נוזל לשטיפת רצפות גרניט פורצלן 1.25ליטר,מיליליטרים,1250.00,"100 מ""ל",false,9,14.90,1.1920,true,1,30584
7290109921686,false,פוליבוי מטליות לחות לניקוי רהיטים 24 יח,יעקובי,DE,מטליות לחות לניקוי רהיטים פוליבוי 24יח,יחידה,24.00,יחידה,false,10,11.90,0.4958,true,1,31843
7290109921723,false,"דורגול ג'ל לאסלה 750 מ""ל",יעקובי דורגול,,גל לניקוי אסלות דורגול 750מל,מיליליטרים,750.00,"100 מ""ל",false,1,19.90,2.6533,true,1,37309
7290109921747,false,סבון לאסלה 5 טיפות אריזת שלישייה,רלווי,IT,מארז 3יח סבון אסלה 5 טיפות,יחידה,3.00,יחידה,false,12,17.90,5.9667,true,1,38891
7290109921815,false,אמבט הברקה לסכום כסף,,NL,אמבט הברקה לסכום כסף 580מל,גרמים,580.00,100 גרם,false,1,49.90,8.6034,true,1,36116
7290109921853,false,אסטוניש המשחה המקורית לניקוי עם עוצמה,יעקבי- אסטוניש Astonish,GB,משחת אסטוניש לניקוי עם עוצמה 150גר,גרמים,150.00,100 גרם,false,1,18.90,12.6000,true,1,37308
7290109921952,false,ג'ל כביסה סופרו אקטיב יעקובי ירוק 2.5 ליטר,וונדפוט,IL,גל כביסה הפי 2.5ליטר סופר אקטיב ירוק,ליטרים,2.50,ליטר,false,1,24.90,9.9600,true,1,38863
7290109921969,false,ג'ל כביסה סופרו אקטיב יעקובי כחול 2.5 ליטר,וונדפוט,IL,גל כביסה הפי 2.5ליטר סופר קולור כחול,ליטרים,2.50,ליטר,false,1,24.90,9.9600,true,1,38864
7290109921976,false,ג'ל כביסה סופרו אקטיב יעקובי לבן 2.5 ליטר,וונדפוט,IL,גל כביסה הפי 2.5ליטר סופר בייבי לבן,ליטרים,2.50,ליטר,false,1,24.90,9.9600,true,1,38865
7290109922010,false,"אטאק ספריי מחטא אוויר משמיד חיידקים 500 מ""ל",יעקובי,TR,מחטא אויר ומשמיד חיידקים 75% 500מל,מיליליטרים,500.00,"100 מ""ל",false,12,19.90,3.9800,true,1,38896
7290109922096,false,"דזיטול נוזל מחטא בגדים בכביסה, 1 ליטר",רלוי,ES,נוזל דזיטול מחטא בגדים בכביסה 1ליטר,ליטרים,1.00,ליטר,false,12,19.90,19.9000,true,1,51797
7290109922843,false,האקונומיקה המובילה באירופה נוסחה ייחודית מרוכז 2 ל,,BE,האקונומיקה המובילה באירופה 2ליטר,ליטרים,2.00,ליטר,false,6,11.90,5.9500,true,1,46666
7290109922867,false,2 in 1 - סופרו - ג'ל כביסה מרוכז עם מרכך יעקבי,וונדפוט,BE,גל כביסה+מרכך סופרו 2.5ליטר,ליטרים,2.50,ליטר,false,5,24.90,9.9600,true,1,46665
7290109922881,false,"דורגול מרסס למטבח 600 מ""ל",יעקובי דורגול,CH,מרסס דורגול למטבח 600מל,מיליליטרים,600.00,"100 מ""ל",false,12,24.90,4.1500,true,1,49337
7290109922898,false,ספריי דזיטול רב תכלי,מרקה,ES,ספריי דזיטול לחיטוי משטחים 400מל,מיליליטרים,400.00,"100 מ""ל",false,12,19.90,4.9750,true,1,46664
7290109922911,false,דזיטול חיטוי נעליים מפטריות חיידקים וריחות 150מל,מרקה,ES,דזיטול חיטוי נעליים מפטריות חיידקים וריח,מיליליטרים,150.00,"100 מ""ל",false,12,19.90,13.2667,true,1,49340
7290109923031,false,"אסטוניש מרסס פרימיום ארומטיק למקלחון 750 מ""ל",יעקובי אסטוניש,GB,מרסס אסטוניש פרימיום למקלחון 750מל,מיליליטרים,750.00,"100 מ""ל",false,12,13.90,1.8533,true,1,47928
7290109923048,false,"אסטוניש מרסס פרימיום ארומטיק לכל הבית 750 מ""ל",יעקובי אסטוניש,GB,מרסס אסטוניש פרימיום לכל הבית 750מל,מיליליטרים,750.00,"100 מ""ל",false,12,13.90,1.8533,true,1,47929
7290109923079,false,דזיטול נוזל מרוכז לחיטוי כללי ולרצפות 2 ליטר,מרקה,ES,נוזל דזיטול מרוכז לחיטוי כללי ולרצפות 2ל,ליטרים,2.00,ליטר,false,6,19.90,9.9500,true,1,49339
7290109923093,false,"אסטוניש - קרם כיריים הלוגן ומיקרו 500 מ""ל",יעקובי אסטוניש,GB,קרם אסטוניש כיריים הלוגן ומיקרו 500מל,מיליליטרים,500.00,"100 מ""ל",false,6,15.90,3.1800,true,1,46674
7290109923109,false,סבון אסלה 5 צדפות +אקונומיקה 2 יח',יעקובי,IT,סבון אסלה 5צדפות+אקונומיקה 2יח,יחידה,2.00,יחידה,false,9,11.90,5.9500,true,1,49338
7290109923130,false,מדליק לפחמים קוביות הפי 24 יח',דה טורן,,מדליק פחם מוצק הפי 250גר,גרמים,250.00,100 גרם,false,1,9.90,3.9600,true,1,49324
7290109923147,false,אסטוניש מהדורה פרימיום פלא של אקונומיקה,יעקבי- אסטוניש Astonish,GB,אסטוניש פלא של אקונומיקה פרימיום 750מל,מיליליטרים,750.00,"100 מ""ל",false,12,13.90,1.8533,true,1,49336
7290110052232,false,זיקוק מספר 0,,,זיקוק מספר,Unknown,0.00,Unknown,false,1,5.90,0.0000,true,1,19551
7290110059040,false,בקבוק טריטן מותגים 3,,,בקבוק טריטן מותגים 360 מל,Unknown,0.00,Unknown,false,1,27.90,0.0000,true,1,19576
7290110110024,false,"פאנטה תות פחית סליק 330מ""ל",החברה המרכזית לייצור משק,IL,משקה פאנטה תות פחית 330 פקדון,מיליליטרים,330.00,"100 מ""ל",false,1,5.90,1.7879,true,1,19412
7290110110277,false,"סומרסבי סיידר תפוחים אלכוהולי 4*300 מ""ל","קרלסברג קרואטיה , יב",HR,מארז 4יח סיידר תפוחים סומרסבי 330מל בק,מיליליטרים,1320.00,"100 מ""ל",false,1,29.90,2.2652,true,1,22060
7290110110369,false,"שישייה בירה קרלסברג LUMA בקבוק 330 מ""ל",מבשלות בירה בינלאומיות ב,IL,מארז 6 יח בירה לומה 330מל בק. פקדון,ליטרים,1.98,ליטר,false,1,36.90,18.6364,true,1,33938
7290110110574,false,"פחיות קוקה קולה זירו לימון 330 מ""ל",החברה המרכזית לייצור משק,IL,קוקה קולה זירו לימון פחית 330 פקדון,מיליליטרים,330.00,"100 מ""ל",false,1,5.90,1.7879,true,1,22851
7290110110659,false,"ספרייט לימון ליים פחית 330מ""ל",החברה המרכזית לייצור משק,IL,משקה ספרייט פחית 330 פקדון,מיליליטרים,330.00,"100 מ""ל",false,1,5.90,1.7879,true,1,22052
7290110110703,false,מארז ספרייט שישייה פחיות FRIDGE PACK,החברה המרכזית לייצור משק,IL,מארז 6 פחיות ספרייט 330 מל פקדון,ליטרים,1.98,ליטר,false,1,23.90,12.0707,true,1,22051
7290110111557,false,"משקה ספורט איזוטוני בטעם פירות 500 מ""ל פאוורייד",Caslino al Piano pla,IT,משקה ספורט פאוורייד מאונטיין 500מל פירות,מיליליטרים,500.00,"100 מ""ל",false,12,10.90,2.1800,true,1,38876
7290110111564,false,"משקה ספורט איזוטוני בטעם הדרים ליין 500 מ""ל פאוורייד",פאווראייד POWERADE,IT,משקה ספורט פאוורייד מאונטיין 500מל הדרים,מיליליטרים,500.00,"100 מ""ל",false,12,10.90,2.1800,true,1,38877
7290110111809,false,"מארז פחיות פאנטה אורנג' שישייה 330 מ""ל",החברה המרכזית לייצור משק,IL,מארז 6 פחיות פאנטה 330 מל פקדון,ליטרים,1.98,ליטר,false,1,23.90,12.0707,true,1,27985
7290110113261,false,נקטר חמוציות 19 קלוריות SPRAY OCEAN פריגת 1 ליטר,קריות זול,IL,משקה חמוציות אושן ספריי 19קלוריות 1ליטר,ליטרים,1.00,ליטר,false,1,11.90,11.9000,true,1,45597
7290110113476,false,בירה קרלסברג ללא אלכוהול - שישייה,קרלסברג רומניהn\יבואן:מב,RO,מארז 6 בירה קרלסברג ללא אלכוהול330מל,ליטרים,1.98,ליטר,false,1,28.90,14.5960,true,1,32470
7290110113605,false,בירה שקמה אי פי איי,מבשלות בירה בינלאומי,IL,בירה שקמה אי פי איי 330מל בק.פקדון,מיליליטרים,330.00,"100 מ""ל",false,24,12.90,3.9091,true,1,48483
7290110114787,false,נביעות+ מים מינרליים בטעם תפוח 1.5 ליטר,נביעות טבע הגליל בעמ,IL,מים נביעות פלוס תפוח 1.5ל בק.פקדון,ליטרים,1.50,ליטר,false,1,9.50,6.3333,true,1,46174
7290110114794,false,נביעות+ מים מינרליים בטעם אפרסק 1.5 ליטר,"נביעות טבע הגליל בע""\מ ,",IL,מים נביעות פלוס אפרסק 1.5ל בק.פקדון,ליטרים,1.50,ליטר,false,1,9.50,6.3333,true,1,46175
7290110114800,false,נביעות+ מים מינרליים בטעם ענבים 1.5 ליטר,"נביעות טבע הגליל בע""\מ",IL,מים נביעות פלוס ענבים 1.5ל בק.פקדון,ליטרים,1.50,ליטר,false,1,9.50,6.3333,true,1,46176
7290110114824,false,נביעות+רכיבי פרי אבטיח 1.5 ליטר פיקדון,"נביעות טבע הגליל בע""\מ",IL,מים נביעות פלוס פרי אבטיח 1.5ל בק.פקדון,ליטרים,1.50,ליטר,false,1,9.50,6.3333,true,1,46178
7290110114855,false,"נביעות מים מינרליים, שישיה 6 * 1.5 ליטר פקדון",נביעות טבע הגליל בעמ,IL,מארז 6יח מים נביעות 1.5ליטר בק. פקדון,ליטרים,9.00,ליטר,false,1,14.70,1.6333,true,1,46181
7290110114886,false,פריגת סחוט טרי קלמנטינה 2 ליטר,פריגת מצוננים,IL,מיץ קלמנטינות סחוט 2ליטר פריגת פקדון,ליטרים,2.00,ליטר,false,1,25.90,12.9500,true,1,46655
7290110114893,false,פריגת סחוט טרי תפוז 2 ליטר,פריגת מצוננים,IL,מיץ תפוזים סחוט 2ליטר פריגת פקדון,ליטרים,2.00,ליטר,false,1,25.90,12.9500,true,1,46656
7290110114909,false,"100% מיץ תפוחים צלול עשוי מרכז, 2 ליטר",היינץ צפון אמריקה מק,IL,מיץ תפוח צלול סחוט 2ליטר פריגת פקדון,ליטרים,2.00,ליטר,false,1,25.90,12.9500,true,1,46657
7290110114916,false,מיץ סחוט לימונענע פריגת 2 ליטר,פריגת מצוננים,IL,מיץ לימונענע סחוט 2ליטר פריגת פקדון,ליטרים,2.00,ליטר,false,1,26.90,13.4500,true,1,46658
7290110114954,false,מיץ תפוזים מתקתקים פריגת 2 ליטר,פריגת מצוננים,IL,מיץ תפוז מתקתק סחוט טרי 2 ל פריגת פקדון,ליטרים,2.00,ליטר,false,1,22.90,11.4500,true,1,46660
7290110114961,false,משקה קל תפוזים פריגת 1.5 ליטר,מבשלות בירה בינלאומיות ב,IL,משקה קל פריגת תפוזים 1.5ליטר בק.פקדון,ליטרים,1.50,ליטר,false,1,9.90,6.6000,true,1,46183
7290110114985,false,משקה קל אשכוליות פריגת 1.5 ליטר,מבשלות בירה בינלאומיות ב,IL,משקה קל פריגת אשכולית 1.5ליטר בק.פקדון,ליטרים,1.50,ליטר,false,1,9.90,6.6000,true,1,46185
7290110114992,false,משקה קל לייט אשכוליות פריגת 1.5 ליטר,מבשלות בירה בינלאומיות ב,IL,משקה קל פריגת אשכולית לייט 1.5ל בק.פקדון,ליטרים,1.50,ליטר,false,1,9.20,6.1333,true,1,46186
7290110115005,false,משקה קל ענבים פריגת 1.5 ליטר,מבשלות בירה בינלאומיות ב,IL,משקה קל פריגת ענבים 1.5ליטר בק.פקדון,ליטרים,1.50,ליטר,false,1,9.90,6.6000,true,1,46187
7290110115012,false,מיץ ענבים בניחוח מרלו 1.5 ל' פריגת,פריגת,IL,משקה קל פריגת ענבים מרלו 1.5ל בק.פקדון,ליטרים,1.50,ליטר,false,1,9.90,6.6000,true,1,46188
7290110115029,false,"פריגת משק""ל תפוח 1.5 ליטר פיקדון",מבשלות בירה בינלאומיות ב,IL,משקה קל פריגת תפוחים 1.5ל בק.פקדון,ליטרים,1.50,ליטר,false,1,9.90,6.6000,true,1,46190
7290110115036,false,משקה קל מנגו פריגת 1.5 ליטר,מבשלות בירה בינלאומיות ב,IL,משקה קל פריגת מנגו 1.5ל בק.פקדון,ליטרים,1.50,ליטר,false,1,9.90,6.6000,true,1,46193
7290110115043,false,משקה קל לימונענע פריגת 1.5 ליטר,מבשלות בירה בינלאומיות ב,IL,משקה קל פריגת לימונענע 1.5ל בק.פקדון,ליטרים,1.50,ליטר,false,1,9.90,6.6000,true,1,46194
7290110115050,false,פריגת מיקס תות בננה 1.5 ליטר פיקדון,מבשלות בירה בינלאומיות ב,IL,משקה קל פריגת תות בננה 1.5ל בק.פקדון,ליטרים,1.50,ליטר,false,1,9.90,6.6000,true,1,46199
7290110115067,false,פריגת אפרסק 1.5 ליטר פיקדון,מבשלות בירה בינלאומיות ב,IL,משקה קל פריגת אפרסק 1.5ל בק.פקדון,ליטרים,1.50,ליטר,false,1,9.90,6.6000,true,1,46200
7290110115074,false,פריגת תפוח דובדבן 1.5 ליטר פיקדון,מבשלות בירה בינלאומיות ב,IL,משקה קל פריגת תפוח דובדבן 1.5ל בק.פקדון,ליטרים,1.50,ליטר,false,1,9.90,6.6000,true,1,46201
7290110115081,false,פריגת צלול ענבים 1.5 ליטר פיקדון,"מבשלות בירה לישראל בע""\מ",IL,משקה פריגת צלול ענבים 1.5ליטר בק.פקדון,ליטרים,1.50,ליטר,false,1,9.20,6.1333,true,1,46205
7290110115098,false,פריגת צלול תפוחים 1.5 ליטר פיקדון,"מבשלות בירה לישראל בע""\מ",IL,משקה פריגת צלול תפוחים 1.5ליטר בק.פקדון,ליטרים,1.50,ליטר,false,1,9.20,6.1333,true,1,46206
7290110115104,false,פריגת צלול אפרסק 1.5 ליטר פיקדון,מבשלות בירה בינלאומיות ב,IL,משקה פריגת צלול אפרסק 1.5ליטר בק.פקדון,ליטרים,1.50,ליטר,false,1,9.20,6.1333,true,1,46207
7290110115111,false,פריגת צלול אננס 1.5 ליטר פיקדון,"מבשלות בירה לישראל בע""\מ",IL,משקה פריגת צלול אננס 1.5ליטר בק.פקדון,ליטרים,1.50,ליטר,false,1,9.20,6.1333,true,1,46208
7290110115128,false,פריגת צלול בטעם לימונענע 1.5 ליטר פיקדון,"מבשלות בירה לישראל בע""\מ",IL,משקה פריגת צלול לימונענע 1.5ל בק.פקדון,ליטרים,1.50,ליטר,false,1,9.20,6.1333,true,1,46209
7290110115210,false,דיאט קוקה קולה 1.5 ליטר פיקדון,החברה המרכזית לייצור משק,IL,משקה קוקה קולה דיאט 1.5ליטר בק.פקדון,ליטרים,1.50,ליטר,false,1,8.90,5.9333,true,1,46218
7290110115234,false,קוקה-קולה זירו נטול בקבוק 1.5 ליטר,החברה המרכזית לייצור משק,IL,משקה קוקה קולה זירו נ.קפאין 1.5לפקדון,ליטרים,1.50,ליטר,false,1,8.90,5.9333,true,1,46221
7290110115241,false,קוקה-קולה זירו לימון בקבוק 1.5 ליטר,החברה המרכזית לייצור משק,IL,משקה קוקה קולה זירו לימון 1.5ל בק. פקדון,ליטרים,1.50,ליטר,false,1,8.90,5.9333,true,1,46223
7290110115265,false,ספרייט לימון ליים 1.5 ליטר-,החברה המרכזית לייצור משק,IL,משקה ספרייט ליים 1.5ליטר בק.פקדון,ליטרים,1.50,ליטר,false,1,9.60,6.4000,true,1,46248
7290110115272,false,ZERO ספרייט זירו 1.5 ליטר פיקדון,החברה המרכזית לייצור משק,IL,משקה ספרייט זירו 1.5ליטר בק.פקדון,ליטרים,1.50,ליטר,false,1,8.90,5.9333,true,1,46249
7290110115289,false,ספרייט 19 קל' לימון-נענע 1.5 ליטר פיקדון,החברה המרכזית לייצור משק,IL,משקה ספרייט לימון נענע 19קלוריו 1.5פקדון,ליטרים,1.50,ליטר,false,1,8.90,5.9333,true,1,46251
7290110115296,false,משקה מוגז אורנג' פאנטה 1.5 ליטר,החברה המרכזית לייצור משק,IL,משקה פאנטה אורנג 1.5ליטר בק.פקדון,ליטרים,1.50,ליטר,false,1,9.60,6.4000,true,1,46254
7290110115302,false,משקה מוגז אורנג' זירו פאנטה 1.5 ליטר,החברה המרכזית לייצור משק,IL,משקה פאנטה אורנג זירו 1.5ליטר בק.פקדון,ליטרים,1.50,ליטר,false,1,9.00,6.0000,true,1,46255
7290110115319,false,פאנטה אקזוטיק 1.5 ליטר פיקדון,החברה המרכזית לייצור משק,IL,משקה פאנטה אקזוטיק 1.5ליטר בק.פקדון,ליטרים,1.50,ליטר,false,1,9.60,6.4000,true,1,46257
7290110115333,false,פאנטה תות 1.5 ליטר פיקדון,החברה המרכזית לייצור משק,IL,משקה פאנטה תות 1.5ליטר בק.פקדון,ליטרים,1.50,ליטר,false,1,9.60,6.4000,true,1,46259
7290110115340,false,פאנטה ענבים 1.5 ליטר פיקדון,החברה המרכזית לייצור משק,IL,משקה פאנטה ענבים 1.5ליטר בק.פקדון,ליטרים,1.50,ליטר,false,1,9.60,6.4000,true,1,46260
7290110115364,false,שישייה קוקה קולה 1.5 ליטר פיקדון,החברה המרכזית לייצור משק,IL,מארז 6 יח קוקה קולה 1.5 ליטר בק.פקדון,ליטרים,9.00,ליטר,false,1,49.90,5.5444,true,1,46234
7290110115371,false,דיאט קוקה קולה שישיות 1.5 ליטר פיקדון,החברה המרכזית לייצור משק,IL,מארז 6 יח קוקה קולה דיאט 1.5ל בק.פקדון,ליטרים,9.00,ליטר,false,1,48.90,5.4333,true,1,46235
7290110115388,false,ספרייט ליים שישיות 1.5 ליטר פיקדון,החברה המרכזית לייצור משק,IL,מארז 6 יח ספרייט ליים 1.5 ליטר בק.פקדון,ליטרים,9.00,ליטר,false,1,49.90,5.5444,true,1,46242
7290110115395,false,ZERO ספרייט שישיות 1.5 ליטר פיקדון,החברה המרכזית לייצור משק,IL,מארז 6 יח ספרייט זירו 1.5 ליטר בק.פקדון,ליטרים,9.00,ליטר,false,1,48.90,5.4333,true,1,46243
7290110115401,false,קינלי סודה שישייה 1.5 ליטר פיקדון,החברה המרכזית לייצור משק,IL,מארז 6יח קינלי סודה 1.5ליטר בק.פקדון,ליטרים,9.00,ליטר,false,1,17.70,1.9667,true,1,46263
7290110115418,false,מארז שישייה קוקה קולה זירו 1.5 ל',החברה המרכזית לייצור משק,IL,מארז 6 יח קוקה קולה זירו 1.5ל בק.פקדון,ליטרים,9.00,ליטר,false,1,48.90,5.4333,true,1,46238
7290110115425,false,FUZE TEA גרין לימונענע -נענע 1.5 ליטר פיקדון,מבשלות בירה בינלאומיות ב,IL,משקה פיוז תה גרין לימון נענע 1.5ל פקדון,ליטרים,1.50,ליטר,false,1,9.50,6.3333,true,1,46226
7290110115449,false,אייס תה בטעם מנגו אננס 1.5ל' FUZE TEA,מבשלות בירה בינלאומיות ב,IL,משקה פיוז תה 1.5ליטר מנגו אננס בק. פקדון,ליטרים,1.50,ליטר,false,1,9.90,6.6000,true,1,46228
7290110115456,false,"תה קר בטעם אפרסק 19 קלוריות ב- 100 מ""ל",מבשלות בירה בינלאומיות ב,IL,משקה פיוז תה 1.5ליטר אפרסק 19קלורי פקדון,ליטרים,1.50,ליטר,false,1,9.50,6.3333,true,1,46229
7290110115463,false,פיוז טי אפרסק 1.5 ליטר פיקדון,מבשלות בירה בינלאומיות ב,IL,משקה פיוז תה 1.5ליטר אפרסק פקדון,ליטרים,1.50,ליטר,false,1,9.90,6.6000,true,1,46230
7290110115494,false,תה קר בטעם ענבים פיוז טי 1.5 ליטר,מבשלות בירה בינלאומית בע,IL,משקה פיוז תה 1.5ליטר ענבים בק. פקדון,ליטרים,1.50,ליטר,false,1,9.90,6.6000,true,1,46232
7290110115531,false,משקה מוגז תפוח זירו פאנטה 1.5 ליטר,החברה המרכזית לייצור משק,IL,משקה פאנטה תפוח זירו 1.5ליטר בק.פקדון,ליטרים,1.50,ליטר,false,1,9.00,6.0000,true,1,46256
7290110115593,false,פריגת אשכוליות 40% פחות סוכר 1.5 ליטר פיקדון,מבשלות בירה בינלאומיות ב,IL,משקה קל פריגת אשכולית 19קלוריות1.5ל פקדו,ליטרים,1.50,ליטר,false,1,9.20,6.1333,true,1,46203
7290110115609,false,פריגת ענבים 40% פחות סוכר 1.5 ליטר פיקדון,מבשלות בירה בינלאומיות ב,IL,משקה קל פריגת ענבים 19קלוריות 1.5ל פקדון,ליטרים,1.50,ליטר,false,1,9.20,6.1333,true,1,46204
7290110115616,false,FUZE tea zero גרין אננס 1.5 ליטר פיקדון,מבשלות בירה בינלאומיות ב,IL,משקה פיוז תה 1.5ליטר גרין אננס פקדון,ליטרים,1.50,ליטר,false,1,9.50,6.3333,true,1,46552
7290110115623,false,משקה פיוז טי זירו ZERO בטעם אפרסק,מבשלות בירה בינלאומיות ב,IL,משקה פיוז תה 1.5ליטר אפרסק זירו פקדון,ליטרים,1.50,ליטר,false,1,9.50,6.3333,true,1,46551
7290110115777,false,נביעות .ל1.5 מים מינרלים,נביעות,,נביעות 1.5 ליטר לא קר בק.פקדון,ליטרים,1.50,ליטר,false,1,4.20,2.8000,true,1,46873
7290110115821,false,"ספרייט לימון, 1.5 ליטר פקדון",כלורוקס אוקלנד,IL,משקה ספרייט ליים 1.5ליטר בק.פקדון,ליטרים,1.50,ליטר,false,1,9.60,6.4000,true,1,49191
7290110115838,false,ספרייט לימון- ליים 1.5 ליטר,"אינסטנטה בע""מ",IL,משקה ספרייט זירו 1.5ליטר בק.פקדון,ליטרים,1.50,ליטר,false,1,8.90,5.9333,true,1,47095
7290110115845,false,קוקה קולה 1.5 ליטר פיקדון,"אינסטנטה בע""מ",IL,משקה קוקה קולה 1.5ליטר בק.פקדון,ליטרים,1.50,ליטר,false,1,9.60,6.4000,true,1,46871
7290110115852,false,דיאט קוקה קולה 1.5 ליטר -,תות תעשיות מזון (201,IL,משקה קוקה קולה דיאט 1.5ליטר בק.פקדון,ליטרים,1.50,ליטר,false,1,8.90,5.9333,true,1,46888
7290110115869,false,קוקה קולה זירו 1.5 ליטר פיקדון,תות תעשיות מזון (201,IL,משקה קוקה קולה זירו 1.5ליטר בק.פקדון,ליטרים,1.50,ליטר,false,1,8.90,5.9333,true,1,46872
7290110115876,false,קינלי סודה 1.5ליטר-,"אינסטנטה בע""מ",IL,קינלי סודה 1.5 ליטר בק.פקדון,ליטרים,1.50,ליטר,false,1,5.00,3.3333,true,1,47866
7290110115913,false,"משקה ספורט איזוטוני זירו בטעם אננס 500 מ""ל פאוורייד",Caslino al Piano pla,IT,משקה ספורט פאוורייד זירו טעם אננס 500מל,מיליליטרים,500.00,"100 מ""ל",false,12,10.90,2.1800,true,1,48474
7290110116064,false,פאנטה ZERO פירות ירוק 1.5 ליטר פיקדון,החברה המרכזית לייצור משק,IL,משקה פאנטה זירו פירות ירוק 1.5ל בק.פקדון,ליטרים,1.50,ליטר,false,1,9.00,6.0000,true,1,48902
7290110116125,false,"סירופ בטעם פטל פריגת 750 מ""ל",סירופ - גבעת חיים,IL,סירופ פריגת פטל 750 מל בקבוק,מיליליטרים,750.00,"100 מ""ל",false,1,25.90,3.4533,true,1,49804
7290110116132,false,"סירופ בטעם לימון פריגת 750 מ""ל",סירופ - גבעת חיים,IL,סירופ פריגת לימון 750 מל בקבוק,מיליליטרים,750.00,"100 מ""ל",false,1,25.90,3.4533,true,1,49803
7290110116149,false,"סירופ בטעם ענבים פריגת 750 מ""ל",סירופ - גבעת חיים,IL,סירופ פריגת ענבים 750 מל בקבוק,מיליליטרים,750.00,"100 מ""ל",false,1,25.90,3.4533,true,1,49802
7290110116156,false,נביעות+רכיבי פרי מנגו-פסיפלורה 1.5 ליטר-,"נביעות טבע הגליל בע""\מ",IL,מים נביעות פלוס מנגו פסיפלורה 1.5ל פקדון,ליטרים,1.50,ליטר,false,1,9.50,6.3333,true,1,49797
7290110116170,false,נביעות+רכיבי פרי אננס-קוקוס 1.5 ליטר-,"נביעות טבע הגליל בע""\מ",IL,מים נביעות פלוס אננס קוקוס 1.5ל בק.פקדון,ליטרים,1.50,ליטר,false,1,9.50,6.3333,true,1,49796
7290110116194,false,נביעות+ סדרת 0 קלוריות לימון-ליים 1.5 ליטר,"נביעות טבע הגליל בע""\מ",IL,מים נביעות 0קלוריות 1.5ל לימון ליים פקדו,ליטרים,1.50,ליטר,false,1,9.50,6.3333,true,1,49795
7290110116217,false,נביעות+ סדרת 0 קלוריות אשכוליות 1.5 ליטר,"נביעות טבע הגליל בע""\מ",IL,מים נביעות 0קלוריות 1.5ליטר אשכולית פקדו,ליטרים,1.50,ליטר,false,1,9.50,6.3333,true,1,49794
7290110116392,false,"סירופ בטעם תפוזים פריגת 750 מ""ל",סירופ - גבעת חיים,IL,סירופ פריגת תפוזים 750 מל בקבוק,מיליליטרים,750.00,"100 מ""ל",false,1,25.90,3.4533,true,1,49805
7290110116484,false,פריגת סחוט מיקס תות בננה 1ליטר,פריגת מצוננים,IL,מיץ פריגת מיקס תות בננה 1ליטר ב.פקדון,ליטרים,1.00,ליטר,false,1,13.90,13.9000,true,1,50930
7290110116491,false,פריגת סחוט מיקס אפרסק משמש 1ליטר,פריגת מצוננים,IL,מיץ פריגת מיקס אפרסק משמש 1ליטר ב.פקדון,ליטרים,1.00,ליטר,false,1,13.90,13.9000,true,1,50931
7290110116507,false,פריגת סחוט מיקס אננס בננה אגס 1ליטר,פריגת מצוננים,IL,מיץ פריגת מיקס אננס בננה אגס 1ל בק.פקדון,ליטרים,1.00,ליטר,false,1,13.90,13.9000,true,1,50932
7290110116552,false,ספרייט לימון היט 1.5 ליטר LIME פיקדון,החברה המרכזית לייצור משק,IL,משקה ספרייט למון היט 1.5ליטר בק.פקדון,ליטרים,1.50,ליטר,false,1,9.60,6.4000,true,1,50815
7290110116569,false,"ספרייט זירו ZERO בק LEMON HIT, 1.5 ליטר",החברה המרכזית לייצור משק,IL,משקה ספרייט זירו למון היט 1.5ל בק.פקדון,ליטרים,1.50,ליטר,false,1,8.90,5.9333,true,1,50814
7290110116637,false,בירה שקמה חיטה מעוננת Bitter Wheat,שקמה,,בירה שקמה 330מל חיטה מרה בק.פקדון,מיליליטרים,330.00,"100 מ""ל",false,24,12.90,3.9091,true,1,50473
7290110320591,false,גבינה בולגרית במרקם מעודן 16% פיראוס,תנובה חלב,IL,גבינה בולגרית 16% מעודנת 250גר פיראוס,גרמים,250.00,100 גרם,false,1,18.90,7.5600,true,1,18627
7290110320850,false,פתיתים גבינה חצי קשה מגורדת 28% שומן,תנובה מרכז שיתופי לש,IL,פתיתי עמק 200 גרם,גרמים,200.00,100 גרם,false,1,16.90,8.4500,true,1,20438
7290110320867,false,פתיתים גבינה חצי קשה מגורדת 28% שומן,תנובה מרכז שיתופי לש,IL,פתיתי עמק 28% למאפים 500 גרם,גרמים,500.00,100 גרם,false,1,38.90,7.7800,true,1,21857
7290110320935,false,גבינת מוצרלה תנובה 150ג' פרוסות,תנובה מרכז שיתופי לש,IL,גבינת מוצרלה פרוסות 150גרם,גרמים,150.00,100 גרם,false,1,17.90,11.9333,true,1,20015
7290110321031,false,מעדן חלב GO יוגורט מועשר בחלבון טבעי 200 ג' יופלה,"תנובה, מחלבת אלון תב",IL,מעדן יופלה גו 200מל,מיליליטרים,200.00,"100 מ""ל",false,1,5.90,2.9500,true,1,20010
7290110321277,false,קוטג' בקטנה 5% תנובה 100 גרם מהדרין,פארייפאבה אגרואינדוס,IL,קוטג 5% בקטנה 100גר,גרמים,100.00,100 גרם,false,1,2.90,2.9000,true,1,21007
7290110321284,false,קוטג' בקטנה 9% תנובה 100 גרם מהדרין,פארייפאבה אגרואינדוס,IL,קוטג 9% בקטנה 100גר,גרמים,100.00,100 גרם,false,1,2.90,2.9000,true,1,21008
7290110321604,false,קוביות פיראוס בולגרית מעודנת 5% 200 גרם - רבנות,תנובה חלב,IL,גבינה בולגרית מעודנת קוביות 5%+ג.לסלט,גרמים,200.00,100 גרם,false,6,18.90,9.4500,true,1,22983
7290110321680,false,יוגורט GO בטעם תות 20 גרם חלבון בגביע,מיוצר עי קונדיטוריית,IL,מעדן יופלה גו תות 200גר,מיליליטרים,200.00,"100 מ""ל",false,1,6.10,3.0500,true,1,21027
7290110321697,false,יוגורט GO בטעם אפרסק 20 גרם חלבון בגביע,מיוצר עי קונדיטוריית,IL,מעדן יופלה גו אפרסק 200גר,מיליליטרים,200.00,"100 מ""ל",false,1,6.10,3.0500,true,1,21028
7290110321703,false,יוגורט עם פירות יער בתוספת חלבוני חלב 2% שומן,מיוצר עי קונדיטוריית,IL,מעדן יופלה גו פירות יער 200גר,מיליליטרים,200.00,"100 מ""ל",false,1,6.10,3.0500,true,1,22674
7290110321789,false,גבינת מסקרפונה 38% השף הלבן 250 גרם,תנובה חלב,IL,גבינת מסקרפונה 250גר,גרמים,250.00,100 גרם,false,1,15.90,6.3600,true,1,21850
7290110322014,false,טופו בטעם טבעי תנובה ALTERNATIVE,שוורצקוף& הנקל דיסלד,IL,טופו טבעי 300 גרם,גרמים,300.00,100 גרם,false,1,13.90,4.6333,true,1,22682
7290110322021,false,"תנובה טופו בזיליקום 300 גר' בד""צ",שוורצקוף& הנקל דיסלד,IL,טופו בזיליקום 300 גרם,גרמים,300.00,100 גרם,false,1,13.90,4.6333,true,1,22683
7290110322038,false,"תנובה טופו פיקנטי 300 גר' בד""צ",תנובה Alternative,IL,טופו פיקנטי 300 גרם,גרמים,300.00,100 גרם,false,1,13.90,4.6333,true,1,22684
7290110322946,false,יופלה טיוב יוגורט במרקם חלק בטעם תות בננה כשרות רבנות 348 ג',תנובה חלב,IL,יוגורט יופלה טיוב בטעם תות בננה 348גר,גרמים,348.00,100 גרם,false,16,13.50,3.8793,true,1,24923
7290110323301,false,טל העמק בסגנון אמנטל 32% שומן 200 גרם,עמק - תנובה,IL,גבינת טל העמק 200גר 32% שומן,גרמים,200.00,100 גרם,false,1,19.90,9.9500,true,1,25640
7290110323585,false,יופלה יוגורט עם דובדבן מופחת קלוריות 200 ג' GO,יופלה Yoplait,IL,מעדן יופלה גו דובדבן מופחת קלוריות 200גר,מיליליטרים,200.00,"100 מ""ל",false,24,6.20,3.1000,true,1,25021
7290110323592,false,יופלה יוגורט עם אפרסק מופחת קלוריות 200 ג' GO,יופלה Yoplait,IL,מעדן יופלה גו אפרסק מופחת קלוריות 200גר,מיליליטרים,200.00,"100 מ""ל",false,24,6.20,3.1000,true,1,25022
7290110323714,false,משקה קוקוס שקדים תנובה E אלטרנטיב,מיוצר עי קונדיטוריית,IL,משקה קוקוס שקדים 1ליטר טרי,ליטרים,1.00,ליטר,false,1,14.50,14.5000,true,1,25639
7290110324070,false,גבינת חלומי מחלב בקר תנובה 200 גרם,"תנובה בע""\מ",IL,גבינת חלומי 200 גרם 22% שומן חלב בקר,גרמים,200.00,100 גרם,false,42,20.90,10.4500,true,1,27190
7290110324353,false,יוגורט GO לייט בטעם אננס 20 גרם חלבון בגביע,"תנובה בע""\מ",IL,מעדן יופלה גו אננס לייט 200גר,מיליליטרים,200.00,"100 מ""ל",false,1,6.20,3.1000,true,1,28525
7290110324551,false,יופלה טיוב יוגורט במרקם חלק תות כשרות מהדרין,"תנובה בע""\מ",IL,יוגורט יופלה טיוב בטעם תות 348גר,גרמים,348.00,100 גרם,false,16,13.50,3.8793,true,1,28017
7290110324711,false,ממרח סויה 9% שומן בטעם טבעי תנובה 250 גרם,מיוצר עי קונדיטוריית,IL,ממרח סויה טבעי 250 גר 9% שומן,גרמים,250.00,100 גרם,false,1,9.90,3.9600,true,1,28792
7290110324728,false,ממרח סויה 9% שומן עם שום שמיר תנובה 250 גרם,מיוצר עי קונדיטוריית,IL,ממרח סויה שום שמיר 250 גר 9% שומן,גרמים,250.00,100 גרם,false,1,9.90,3.9600,true,1,28794
7290110324841,false,מעדן שקדים עם שוקולד מריר תנובה 125 גרם,מיוצר עי קונדיטוריית,IL,מעדן שקדים עם שוקולד מריר 125גר,גרמים,125.00,100 גרם,false,36,4.50,3.6000,true,1,31449
7290110324858,false,מעדן שקדים בטעם אגוזי לוז תנובה 125 גרם,תנובה Alternative,IL,מעדן שקדים בטעם אגוזי לוז 125גר,גרמים,125.00,100 גרם,false,36,4.50,3.6000,true,1,31450
7290110324872,false,גבינה צהובה גלבוע 5% שומן 200 גרם,גלבוע - תנובה,IL,גבינת גלבוע 5% 200גרם פרוס,גרמים,200.00,100 גרם,false,18,18.90,9.4500,true,1,31378
7290110324926,false,משקה סויה ללא תוספת סוכר E אלטרנטיב,תנובה מרכז שיתופי לש,IL,משקה סויה 1 ליטר ללא תוספת סוכר,ליטרים,1.00,ליטר,false,1,12.50,12.5000,true,1,30368
7290110325114,false,"משקה יוגורט יופלה גו לייט תות בננה 250 מ""ל - רבנות",מיוצר עי קונדיטוריית,IL,משקה יופלה גו לייט תות בננה 250מל,מיליליטרים,250.00,"100 מ""ל",false,1,6.90,2.7600,true,1,29761
7290110325121,false,"משקה יוגורט יופלה גו לייט מנגו אננס 250 מ""ל","תנובה בע""\מ",IL,משקה יופלה גו לייט מנגו אננס 250מל,מיליליטרים,250.00,"100 מ""ל",false,1,6.90,2.7600,true,1,29760
7290110325169,false,פרוסות גאודה תנובה 170 גרם,תנובה חלב,IL,גבינת גאודה 170 גרם פרוסה,גרמים,170.00,100 גרם,false,24,19.90,11.7059,true,1,33314
7290110325305,false,יופלה GO סויה 20 גרם חלבון במתיקות מעודנת תנובה 200 גרם,מיוצר עי קונדיטוריית,IL,מעדן סויה גו במתיקות 20גר חלבון 200גר,מיליליטרים,200.00,"100 מ""ל",false,1,6.20,3.1000,true,1,31022
7290110325312,false,יופלה GO סויה 20 גרם חלבון בטעם תות תנובה 200 גרם,"תנובה בע""\מ",IL,מעדן סויה גו טעם תות 20גר חלבון 200גר,מיליליטרים,200.00,"100 מ""ל",false,1,6.20,3.1000,true,1,31021
7290110325510,false,יופלה טיוב יוגורט במרקם חלק בטעם וניל-יוניקור,"תנובה בע""\מ",IL,יוגורט יופלה טיוב בטעם וניל יוניקור348גר,גרמים,348.00,100 גרם,false,16,13.50,3.8793,true,1,31451
7290110325619,false,משקה שיבולת שועל תנובה E אלטרנטיב,מיוצר עי קונדיטוריית,IL,משקה שבולת שועל 1 ליטר,ליטרים,1.00,ליטר,false,1,14.50,14.5000,true,1,31608
7290110325701,false,פיראוס צזיקי יווני 9% שומן בשיטת יצור מסורתית על בסיס יוגורט,גוד פוד פרודקטס S.p,IL,פיראוס גבינת צזיקי יווני 9% 250 גר,גרמים,250.00,100 גרם,false,1,13.50,5.4000,true,1,32242
7290110325893,false,משקה חלב GO מועשר בחלבון בטעם אייס קפה,מיוצר עי קונדיטוריית,IL,משקה חלב גו אייס קפה 340מל 27 גר חלבון,מיליליטרים,340.00,"100 מ""ל",false,20,8.90,2.6176,true,1,31605
7290110326173,false,יולו COOKIES שוקולדלבן בטעם קרם עוגיות+עוגיות ונטיפי שוקולד 120 ג',תנובה חלב,IL,מעדן יולו שוקולד לבן קרם עוגיות 120גר,גרמים,120.00,100 גרם,false,20,5.00,4.1667,true,1,33686
7290110326180,false,יולו בטעם נוגט בתוס' עוגיות ונטיפים בטעם שוקולד 120גר',תנובה חלב,IL,מעדן יולו אגוזי לוז שוקולד חלב נוגט123גר,גרמים,123.00,100 גרם,false,20,5.00,4.0650,true,1,33685
7290110326210,false,יופלה און טופ פצפוצים תנובה 157 גרם,מיוצר עי קונדיטוריית,IL,יופלה און טופ פצפוצים 157גר,גרמים,157.00,100 גרם,false,12,5.90,3.7580,true,1,33037
7290110326227,false,יופלה און טופ קורנפלקס תנובה 157 גרם,מיוצר עי קונדיטוריית,IL,יופלה און טופ קורנפלקס 157גר,גרמים,157.00,100 גרם,false,12,5.90,3.7580,true,1,33039
7290110326234,false,יופלה און טופ כוכבים תנובה 157 גרם,מיוצר עי קונדיטוריית,IL,יופלה און טופ כוכבים 157גר,גרמים,157.00,100 גרם,false,12,5.90,3.7580,true,1,33038
7290110326241,false,יופלה און טופ גרנולה תנובה 157 גרם,מיוצר עי קונדיטוריית,IL,יופלה און טופ גרנולה 157גר,גרמים,157.00,100 גרם,false,12,5.90,3.7580,true,1,33040
7290110326333,false,פרוסות גבינה סקנדינבית תנובה 170 גרם,פ.פ.ח. שאביט,IL,גבינה סקנדינבית 170גר פרוס,גרמים,170.00,100 גרם,false,30,18.90,11.1176,true,1,35998
7290110326876,false,פיראוס לאבנה עיזים 5% גביע 250 גרם,תנובה חלב,IL,לאבנה עיזים 250גרם,גרמים,250.00,100 גרם,false,18,16.90,6.7600,true,1,51733
7290110326906,false,חלב נטול לקטוז 3% שומן תנובה 1 ליטר,מיוצר עי קונדיטוריית,IL,חלב נטול לקטוז 1ליטר 3%שומן,ליטרים,1.00,ליטר,false,16,7.90,7.9000,true,1,35024
7290110327033,false,משקה סויה תנובה גו מועשר בחלבון במתיקות מופחתת,מיוצר עי קונדיטוריית,IL,משקה סויה גו במתיקות מופחתת 1 ליטר,ליטרים,1.00,ליטר,false,16,14.50,14.5000,true,1,35640
7290110327125,false,פטה 21% מחלב צאן במי מלח תנובה 200 גרם,תנובה חלב,IL,גבינת פטה צאן 200גר 21% שומן,גרמים,200.00,100 גרם,false,8,23.90,11.9500,true,1,36865
7290110327279,false,נפוליאון טוסקנה 24% שומן גביע 225 גרם,תנובה מרכז שיתופי לש,IL,גבינת שמנת נפוליאון טוסקנה 225 גרם,גרמים,225.00,100 גרם,false,1,14.50,6.4444,true,1,35641
7290110327514,false,alternative משקה שיבולת שועל בטעם אגוזי לוז תנובה 1 ליטר,תנובה מרכז שיתופי לש,IL,משקה שבולת שועל בטעם אגוזי לוז 1 ליטר,ליטרים,1.00,ליטר,false,1,14.50,14.5000,true,1,40811
7290110327545,false,יופלה און טופ בטעם תות בתוספת פצפוצים מצופים שוקולד 157 גרם,מיוצר עי קונדיטוריית,IL,יופלה און טופ תות עם פצפוצי שוקולד 157גר,גרמים,157.00,100 גרם,false,12,5.90,3.7580,true,1,36869
7290110327637,false,יוגורט דיאט יופלה קיווי 0% שומן 150 ג' יופלה,תנובה מרכז שיתופי לש,IL,יוגורט יופלה דיאט קיווי 150גר,גרמים,150.00,100 גרם,false,1,5.50,3.6667,true,1,36868
7290110328016,false,משקה סויה מועשר בחלבון בטעם אגוזי לוז 250 גרם,תנובה מרכז שיתופי לש,IL,משקה סויה מועשר בחלבון ב.אגוזי לוז250גר,מיליליטרים,250.00,"100 מ""ל",false,1,6.90,2.7600,true,1,37712
7290110328023,false,משקה סויה מועשר בחלבון בטעם קפה 250 גרם,תנובה מרכז שיתופי לש,IL,משקה סויה מועשר בחלבון בטעם קפה 250גר,מיליליטרים,250.00,"100 מ""ל",false,1,6.90,2.7600,true,1,37711
7290110328221,false,יוגורט נטול לקטוז תנובה 200 גרם,מיוצר עי קונדיטוריית,IL,יוגורט נטול לקטוז תנובה 200גר,גרמים,200.00,100 גרם,false,1,4.10,2.0500,true,1,37725
7290110328436,false,פלח גאודה בטעם מעודן עיזים 29% קולקשין,"תנובה בע""\מ",IL,גבינת גאודה עיזים בטעם מעודן 150גר,גרמים,150.00,100 גרם,false,24,23.90,15.9333,true,1,38748
7290110328504,false,טריו - מיקס גבינות מוצרלה סקנדינבית וגאודה 300 גרם,מיוצר עי קונדיטוריית,IL,מיקס גבינות 300גר מוצרלה סקנדינבית גאודה,גרמים,300.00,100 גרם,false,20,25.90,8.6333,true,1,38735
7290110328580,false,יוגורט תנובה טבעי 5% גביע 200 גרם,מיוצר עי קונדיטוריית,IL,יוגורט תנובה 5% 200 גרם,גרמים,200.00,100 גרם,false,1,3.10,1.5500,true,1,46498
7290110328610,false,משקה אורז ושקדים בריסטה אלטרנטיב 1 ליטר,תנובה Alternative,IL,משקה אורז ושקדים בריסטה 1ליטר אלטרנטיב,ליטרים,1.00,ליטר,false,1,14.50,14.5000,true,1,49350
7290110328627,false,יוגורט יופלה GO במרקם סמיך בטעם בננה קרמל 0%,מיוצר עי קונדיטוריית,IL,מעדן יופלה גו בננה קרמל במרקם סמיך 200גר,מיליליטרים,200.00,"100 מ""ל",false,1,6.20,3.1000,true,1,39830
7290110328641,false,alternative טופו טבעי תנובה 2*250 גרם,תנובה חלב,IL,מארז 2 יח טופו טבעי 500גר אלטרנטיב,גרמים,500.00,100 גרם,false,1,19.90,3.9800,true,1,40485
7290110328764,false,יוגורט יופלה GO במרקם סמיך עם תות 0%,מיוצר עי קונדיטוריית,IL,מעדן יופלה גו תות במרקם סמיך 200גר,מיליליטרים,200.00,"100 מ""ל",false,1,6.20,3.1000,true,1,39827
7290110328771,false,יוגורט יופלה GO במרקם סמיך עם פירות יער 0%,מיוצר עי קונדיטוריית,IL,מעדן יופלה גו פירות יער במרקם סמיך 200גר,מיליליטרים,200.00,"100 מ""ל",false,1,6.20,3.1000,true,1,39828
7290110328788,false,יוגורט יופלה GO במרקם סמיך בטעם אפרסק 0%,תנובה מרכז שיתופי לש,IL,מעדן יופלה גו אפרסק במרקם סמיך 200גר,מיליליטרים,200.00,"100 מ""ל",false,1,6.20,3.1000,true,1,39829
7290110328955,false,קוביות גבינת עזים בשמן מתובל פיראוס 350 גרם,דודוני תעשיית החלב החקלא,GR,קוביות גבינת עיזים בשמן מתובל 350גר,גרמים,350.00,100 גרם,false,,25.90,7.4000,true,1,48447
7290110329136,false,מעדן חלב מעושר בחלבון בטעם שוקולד 120 ג' GO,תנובה מרכז שיתופי לש,IL,מעדן יופלה גו טעם שוקולד12גר חלבון 120גר,גרמים,120.00,100 גרם,false,20,5.20,4.3333,true,1,45533
7290110329143,false,מעדן חלב מעושר בחלבון בטעם וניל גביע 120 ג' GO,תנובה מרכז שיתופי לש,IL,מעדן יופלה גו טעם וניל 12גר חלבון 120גר,גרמים,120.00,100 גרם,false,20,5.20,4.3333,true,1,45531
7290110329266,false,יוגורט תנובה מחלב עיזים מלא תנובה 140 ג',קריות זול,IL,יוגורט תנובה חלב עיזים מלא 140גר,גרמים,140.00,100 גרם,false,36,6.20,4.4286,true,1,40809
7290110329273,false,יוגורט תנובה מחלב עיזים מלא 750 גרם,תנובה,IL,יוגורט תנובה חלב עיזים מלא 750גר,גרמים,750.00,100 גרם,false,6,20.90,2.7867,true,1,40810
7290110329303,false,פרוסות בטעם צהובה קלאסית אלטרנטיב 200 גר,תנובה Alternative,IL,פרוסות בטעם צהובה קלאסית 200גר אלטרנטיב,גרמים,200.00,100 גרם,false,20,22.90,11.4500,true,1,40814
7290110329426,false,טופו טבעי ALTERNATIVE 250 גרם עם קרם קוקוס,תנובה חלב,IL,טופו טבעי 250גר עם רוטב קרם קוקוס קארי,גרמים,310.00,100 גרם,false,27,14.90,4.8065,true,1,49533
7290110329433,false,טופו טבעי עם רוטב סצ'ואן אלטרנטיב 250 גרם,תנובה חלב,IL,טופו טבעי 250גר עם רוטב סצואן 60מל,גרמים,310.00,100 גרם,false,27,14.90,4.8065,true,1,49534
7290110329686,false,"משקה חלב גו בטעם עוגיות 340 מ""ל",מיוצר עי קונדיטוריית,IL,משקה חלב גו ט.עוגיות 340מל 27 גר חלבון,מיליליטרים,340.00,"100 מ""ל",false,20,8.90,2.6176,true,1,45529
7290110329709,false,יוגורט תנובה טבעי 0% גביע 200 גרם,מיוצר עי קונדיטוריית,IL,יוגורט תנובה 0% 200 גרם,גרמים,200.00,100 גרם,false,1,3.10,1.5500,true,1,46499
7290110329716,false,משקה חלב קר בטעם קפוצ'ינו 230 גרם תנובה,תנובה מרכז שיתופי לש,IL,משקה קפה קר קפוצינו 230גר,גרמים,230.00,100 גרם,false,8,6.90,3.0000,true,1,48450
7290110329723,false,משקה חלב קר בטעם לאטה 230 גרם תנובה,תנובה מרכז שיתופי לש,IL,משקה קפה קר טעם לאטה 230גר,גרמים,230.00,100 גרם,false,8,6.90,3.0000,true,1,48451
7290110329730,false,"משקה חלב עם שוקולד וקפה בסגנון לאטה 2.7%  230 מ""ל תנובה",תנובה מרכז שיתופי לש,IL,משקה חלב שוקולד וקפה בסגנון לאטה 230גר,גרמים,230.00,100 גרם,false,8,6.90,3.0000,true,1,48452
7290110329792,false,יוגורט סויה BIO Alternative אפרסק 150 ג' תנובה,מיוצר עי קונדיטוריית,IL,מעדן סויה ביו אפרסק אלטרנטיב 150גר,גרמים,150.00,100 גרם,false,48,4.90,3.2667,true,1,46984
7290110329808,false,יוגורט סויה BIO Alternative תות 150 ג' תנובה,מיוצר עי קונדיטוריית,IL,מעדן סויה ביו תות אלטרנטיב 150גר,גרמים,150.00,100 גרם,false,48,4.90,3.2667,true,1,46983
7290110329815,false,סויה BIO מתיקות מעודנת גביע 150 גרם אלטרנטיב,מיוצר עי קונדיטוריית,IL,מעדן סויה ביו מתיקות מעודן אלטרנטיב 150ג,גרמים,150.00,100 גרם,false,48,4.90,3.2667,true,1,46982
7290110329822,false,יוגורט סויה BIO Alternative פירות יער 150 ג' תנובה,מיוצר עי קונדיטוריית,IL,מעדן סויה ביו פירות יער אלטרנטיב 150גר,גרמים,150.00,100 גרם,false,48,4.90,3.2667,true,1,46981
7290110329839,false,פרוסות צהובה בטעם זיתים 200 ג' אלטרנטיב אלטרנטיב,מיוצר עי קונדיטוריית,IL,פרוסות בטעם צהובה זיתים 200גר אלטרנטיב,גרמים,200.00,100 גרם,false,20,22.90,11.4500,true,1,45534
7290110329846,false,יוגורט סויה BIO Alternative בטעם טבעי 150 ג' תנובה,תנובה Alternative,IL,מעדן סויה ביו טבעי אלטרנטיב 150גר,גרמים,150.00,100 גרם,false,48,4.90,3.2667,true,1,46985
7290110329914,false,מאגדת משקה שיבולת שועל ושקדים 100 גרם*6 יח' ביו אלטרנטיב,תנובה מרכז שיתופי לש,IL,מאגדת 6יח משקה שיבולת שועל ושקדים 100מל,גרמים,618.00,100 גרם,false,12,18.90,3.0583,true,1,49979
7290110460006,false,תבנית אפיה קפיצית קו,,,תבנית אפיה קפיצית קוגלהוף 2בסיסים דולצה,יחידה,1.00,יחידה,false,1,64.90,64.9000,true,1,46062
7290110460372,false,משחיז סכינים שחור יד,,,משחיז סכינים שחור ידית רכה פוד אפל,יחידה,1.00,יחידה,false,1,39.90,39.9000,true,1,45975
7290110460648,false,סכין קילוף וחיתוך FOOD APPEAL,,,סכין קילוף וחיתוך קלאסיק פוד אפיל,יחידה,1.00,יחידה,false,1,6.50,6.5000,true,1,49806
7290110460686,false,מגרדת נון סטיק 4 דפנ,,,מגרדת נון סטיק 4 דפנות 20סמ קיטשנוואר,יחידה,1.00,יחידה,false,1,31.90,31.9000,true,1,45950
7290110461317,false,שישיית כלי ששת מבמבו,,,שישיית כלי ששת במבוק איכותי מינרל פודאפ,יחידה,6.00,יחידה,false,1,27.90,4.6500,true,1,45943
7290110461966,false,קנקן זכוכית לשתיה קר,,,קנקן זכוכית לשתיה קרה 1500מל הוואנה פודא,יחידה,1.00,יחידה,false,1,79.90,79.9000,true,1,51270
7290110462499,false,מגרדת פוד אפיל קוואר,,,מגרדת פוד אפיל קווארס,יחידה,1.00,יחידה,false,1,41.90,41.9000,true,1,49070
7290110462505,false,מגרדת פוד אפיל פיין,,,מגרדת פוד אפיל פיין,יחידה,1.00,יחידה,false,1,41.90,41.9000,true,1,49073
7290110462840,false,סט שמן/חומץ/תבלינים,,,סט שמן/חומץ/תבלינים פוד אפיל,יחידה,1.00,יחידה,false,1,69.90,69.9000,true,1,47555
7290110463762,false,קופסאת איחסון מרובעת,,,קופסאת איחסון מרובעת 2.1ליטר טוויסט איט,יחידה,1.00,יחידה,false,1,36.90,36.9000,true,1,45968
7290110463809,false,קופסת איחסון מלבנית,,,קופסת איחסון מלבנית 3.6ליטר טוויסט איט,יחידה,1.00,יחידה,false,1,49.90,49.9000,true,1,46020
7290110464004,false,קנקן תה מזכוכית 2ליט,,,קנקן תה מזכוכית 2ליטר אינודנאזיה פודאפיל,יחידה,1.00,יחידה,false,1,119.00,119.0000,true,1,51272
7290110464202,false,רוסטר עם מכסה ארומטי שיש,,CN,רוסטר עם מכסה ארומטי 39/26סמ 7.8ליטר,יחידה,1.00,יחידה,false,1,189.00,189.0000,true,1,46125
7290110464325,false,מכתש ועלי פוד אפל,,,מכתש ועלי פוד אפל,יחידה,1.00,יחידה,false,1,71.90,71.9000,true,1,46069
7290110464431,false,קרש חיתוך במבוק 36/2,,,קרש חיתוך במבוק 36/25.5סמ פודאפל אנד גרי,יחידה,1.00,יחידה,false,1,71.90,71.9000,true,1,46068
7290110464554,false,פינג'אן אינדוקציה 0.5 ליטר COFFEE COLLECTION,,,פינגאן אינדוקציה 0.5ליטר קפה קולקטשיין,יחידה,1.00,יחידה,false,1,45.90,45.9000,true,1,45997
7290110464561,false,פינג'אן אינדוקציה 0.8 ליטר COFFEE COLLECTION מבית FOOD APPEAL,,,פינגאן אינדוקציה 0.8ליטר קופי קולקטשיין,יחידה,1.00,יחידה,false,1,54.90,54.9000,true,1,46040
7290110464578,false,פינג'אן אינדוקציה 1 ליטר COFFEE COLLECTION,,,פינגאן אינדוקציה 1ל פוד אפל קופי קולקטשי,יחידה,1.00,יחידה,false,1,59.90,59.9000,true,1,46053
7290110464677,false,סט 3 סירי זכוכית 1/1,,,סט 3 סירי זכוכית 1/1.4/2 ליטר,יחידה,3.00,יחידה,false,1,124.90,41.6333,true,1,49168
7290110464684,false,כפפה להגנה מפני חיתו,,,כפפה להגנה מפני חיתוך מבית פוד אפל,יחידה,1.00,יחידה,false,1,23.90,23.9000,true,1,45862
7290110465568,false,קוצץ ירקות ידני איכותי מבית FOOD APPEAL,,,קוצץ ירקות ידני איכותי פוד אפל,יחידה,1.00,יחידה,false,1,54.90,54.9000,true,1,46037
7290110465605,false,משחיז סכינים שולחני תלת-שלבי CULT מבית Food appeal,,,משחיז סכינים שולחני תלת שלבי פוד אפל,יחידה,1.00,יחידה,false,1,48.90,48.9000,true,1,46018
7290110465629,false,מסננת נירוסטה 24סמ 2,,,מסננת נירוסטה 24סמ 2 ידיות פוד אפיל,יחידה,1.00,יחידה,false,1,44.90,44.9000,true,1,47556
7290110465636,false,מסננת נירוסטה 26סמ 2,,,מסננת נירוסטה 26סמ 2 ידיות פוד אפיל,יחידה,1.00,יחידה,false,1,49.90,49.9000,true,1,47557
7290110465643,false,מסננת נירוסטה 28סמ 2,,,מסננת נירוסטה 28סמ 2 ידיות פוד אפיל,יחידה,1.00,יחידה,false,1,64.90,64.9000,true,1,47558
7290110465650,false,מסננת נירוסטה צפיפות,,,מסננת נירוסטה צפיפות גבוהה 16סמ+ידית,יחידה,1.00,יחידה,false,1,34.90,34.9000,true,1,46709
7290110465667,false,מסננת נירוסטה צפיפות,,,מסננת נירוסטה צפיפות גבוהה 20סמ+ידית,יחידה,1.00,יחידה,false,1,39.90,39.9000,true,1,46714
7290110465797,false,קולפן SIGNATURE מבית FOOD APPEAL,,,קולפן פוד אפיל סיגנטור,יחידה,1.00,יחידה,false,1,16.90,16.9000,true,1,51211
7290110465858,false,פורס ביצים פוד אפל ס,,,פורס ביצים פוד אפל סיגנאטור,יחידה,1.00,יחידה,false,1,54.90,54.9000,true,1,46036
7290110465926,false,כף מחורצת מעץ BOTANIC מבית Food appeal,,,כף עץ מחורצת בוטניק פוד אפל,יחידה,1.00,יחידה,false,1,15.90,15.9000,true,1,45822
7290110465940,false,תרבד עץ בוטניק פוד א,,,תרבד עץ בוטניק פוד אפל,יחידה,1.00,יחידה,false,1,15.90,15.9000,true,1,45825
7290110465964,false,פטיש בשר דו צדדי מעץ,,,פטיש בשר דו צדדי מעץ בוטניק פוד אפיל,יחידה,1.00,יחידה,false,1,36.90,36.9000,true,1,49064
7290110465971,false,מלקחיים מעץ BOTANIC מבית Food appeal,,,מלקחיים מעץ בוטניק פוד אפל,יחידה,1.00,יחידה,false,1,19.90,19.9000,true,1,45826
7290110465995,false,מערוך מעץ בונאטיק פו,,,מערוך מעץ בונאטיק פוד אפל,יחידה,1.00,יחידה,false,1,39.90,39.9000,true,1,45978
7290110466039,false,מטרפה מסיליקון שחור,,,מטרפה מסיליקון שחור פוד אפל אלאמנטל,יחידה,1.00,יחידה,false,1,21.90,21.9000,true,1,45843
7290110466077,false,"לקקן סיליקון שחור 21 ס""מ ELEMENTAL מבית Food appeal",,,לקקן מסיליקון שחור פוד אפל אלאמנטל,יחידה,1.00,יחידה,false,1,21.90,21.9000,true,1,45840
7290110466084,false,לקקן מקומר מסיליקון שחור ELEMENTAL מבית FOOD APPEAL,,,לקקן מקומר מסיליקון שחור פוד אפל אלאמנטל,יחידה,1.00,יחידה,false,1,21.90,21.9000,true,1,45841
7290110466589,false,משחיז סכינים דו שלבי,,,משחיז סכינים דו שלבי פוד אפל,יחידה,1.00,יחידה,false,1,46.90,46.9000,true,1,46013
7290110467265,false,קופסאת אחסון מרובעת,,,קופסאת אחסון מרובעת 2.8ליטר טוויסט איט,יחידה,1.00,יחידה,false,1,45.90,45.9000,true,1,46002
7290110467289,false,קופסת איחסון עגולה 1,,,קופסאת אחסון עגולה 1.2ליטר טוויסט איט,יחידה,1.00,יחידה,false,1,29.90,29.9000,true,1,45945
7290110467296,false,קופסת איחסון עגולה 1,,,קופסת איחסון עגולה 1.6ליטר טוויסט איט,יחידה,1.00,יחידה,false,1,36.90,36.9000,true,1,45958
7290110467302,false,קלחת 16סמ 1.4ליטר פו,,,קלחת 16סמ 1.4ליטר פוד אפל אוורי דאיי פלו,יחידה,1.00,יחידה,false,1,92.90,92.9000,true,1,46092
7290110467319,false,סיר 18סמ 1.8ליטר פוד,,,סיר 18סמ 1.8ליטר פוד אפל אוורי דיי פלוס,יחידה,1.00,יחידה,false,1,97.90,97.9000,true,1,46099
7290110467401,false,מספריים איכותיות רב-תכליתיות למטבח מבית Food appeal,,,מספריים רב תכליתי למטבח פוד אפיל,יחידה,1.00,יחידה,false,48,22.90,22.9000,true,1,48466
7290110467517,false,קולפן חלק נירוסטה איכותי מבית Food appeal,,,קולפן נירוסטה איכותי חלק פוד אפל,יחידה,1.00,יחידה,false,1,24.90,24.9000,true,1,45934
7290110467593,false,סיר 20סמ 2.6ליטר פוד,,,סיר 20סמ 2.6ליטר פוד אפל בלאקברי,יחידה,1.00,יחידה,false,1,139.00,139.0000,true,1,46116
7290110467609,false,סיר 24 סמ 4.6 ליטר פ,,,סיר 24 סמ 4.6 ליטר פוד אפל בלאקברי,יחידה,1.00,יחידה,false,1,179.00,179.0000,true,1,46124
7290110467616,false,"סיר 28 ס""מ, 6.8 ליטר BLACKBERRY",פוד אפיל Food Appeal,,סיר 28סמ 6.8ליטר פוד אפל בלאקברי,יחידה,1.00,יחידה,false,1,219.00,219.0000,true,1,46133
7290110467647,false,קלחת עם מכסה 16סמ 1.,,,קלחת עם מכסה 16סמ 1.4ליטר פוד אפל בלאקבר,יחידה,1.00,יחידה,false,1,119.00,119.0000,true,1,46112
7290110468033,false,מחבת 20סמ פוד אפל או,,,מחבת 20סמ פוד אפל אווירי דאי פלוס פודאפל,יחידה,1.00,יחידה,false,1,57.90,57.9000,true,1,46050
7290110468040,false,מחבת 22סמ פוד אפל או,,,מחבת 22סמ פוד אפל אוורי דאיי פלוס,יחידה,1.00,יחידה,false,1,69.90,69.9000,true,1,46065
7290110468057,false,מחבת 24סמ פוד אפל או,,,מחבת 24סמ פוד אפל אוורי דאיי פלוס,יחידה,1.00,יחידה,false,1,74.90,74.9000,true,1,46074
7290110468064,false,מחבת 26סמ פוד אפל או,,,מחבת 26סמ פוד אפל אוורי דאיי פלוס,יחידה,1.00,יחידה,false,1,79.90,79.9000,true,1,46081
7290110468095,false,"סיר 20 ס""מ 2.8 ליטר EVERYDAY PLUS FOOD APPEAL",,,סיר 20סמ 2.8ליטר פוד אפל אוורי דיי פלוס,יחידה,1.00,יחידה,false,1,99.90,99.9000,true,1,46101
7290110468101,false,"סיר 24 ס""מ 5 ליטר EVERYDAY PLUS FOOD APPEAL",,,סיר 24סמ 5ליטר פוד אפל אוורי דאיי,יחידה,1.00,יחידה,false,1,139.00,139.0000,true,1,46115
7290110468118,false,"סיר 28 ס""מ 7.4 ליטר EVERYDAY PLUS FOOD APPEAL",,,סיר 28סמ 7.4ליטר פוד אפל אוורי דאיי פלוס,יחידה,1.00,יחידה,false,1,169.00,169.0000,true,1,46122
7290110468125,false,"סיר 32 ס""מ 10.5 ליטר EVERYDAY PLUS מבית Food appeal",,,סיר 32סמ 10.5ליטר פודאפל אוורי דאיי פלוס,יחידה,1.00,יחידה,false,1,189.00,189.0000,true,1,46126
7290110468132,false,סוטאז 28סמ 4.7 ליטר,,,סוטאז 28סמ 4.7 ליטר פוד אפל אוורי דאיי,יחידה,1.00,יחידה,false,1,139.00,139.0000,true,1,46117
7290110468583,false,סוטאז 36סמ 8.2ליטר פ,,,סוטאז 36סמ 8.2ליטר פודאפל אוורידאיי פלוס,יחידה,1.00,יחידה,false,1,219.00,219.0000,true,1,46131
7290110469054,false,סכין סנטוקו 13סמ דינ,,,סכין סנטוקו 13סמ דינמיק פרו פודאפיל,יחידה,1.00,יחידה,false,1,99.90,99.9000,true,1,51273
7290110469436,false,פינגאן 0.5 ליטר קפה,,,פינגאן 0.5 ליטר קפה קולקטשיין פוד אפל,יחידה,1.00,יחידה,false,1,33.90,33.9000,true,1,45962
7290110469535,false,קוצץ רב תכליתי פוד א,,,קוצץ רב תכליתי פוד אפיל,יחידה,1.00,יחידה,false,1,64.90,64.9000,true,1,49075
7290110469856,false,פותחן יין שחור פוד א,,,פותחן יין שחור פוד אפיל סיגנאטור,יחידה,1.00,יחידה,false,1,18.90,18.9000,true,1,50509
7290110550226,false,מטבעות שוקולד מריר לאפיה 400 גרם עלית,"פוליבה בע""\מ",IL,מטבעות שוקולד מריר לאפיה עלית 400 גרם,גרמים,400.00,100 גרם,false,9,31.90,7.9750,true,1,50292
7290110550370,false,פריכיות משולשות קינואה ופלפל שחור 65 גרם,שטראוס גרופ,IL,פריכיות אנרגי חלבון קינואה פלפל שחור60,Unknown,0.00,Unknown,false,1,10.90,0.0000,true,1,50289
7290110551254,false,נשנושי תירס 600 גרם טעם הטבע שטראוס,"מיוצר ע""\י או.וי אינטרנש",TH,נשנושי תירס מוכן לאכילה 600 גרם טעם הטבע,גרמים,600.00,100 גרם,false,1,12.90,2.1500,true,1,50461
7290110552121,false,יוגורט בתוספת סידן וויטמין ד 100 ג' דנונה,תנובה מרכז שיתופי לש,IL,יוגורוט דנונה הראשון שלי 100גר,גרמים,100.00,100 גרם,false,24,2.30,2.3000,true,1,48862
7290110552220,false,יוגורט PRO בטעם תות 0% סוכר לבן 20 גרם חלבון בגביע,"שטראוס בריאות בע""\מ",IL,דנונה פרו תות 200גר ללא סוכר 20גר חלבון,גרמים,200.00,100 גרם,false,1,6.10,3.0500,true,1,46914
7290110552237,false,יוגורט פרו בטעם אפרסק מנגו ללא סוכר 200 ג' דנונה,"שטראוס בריאות בע""\מ",IL,דנונה פרו אפרסק מנגו 200גר ל.סוכר 20גר,גרמים,200.00,100 גרם,false,1,6.10,3.0500,true,1,46915
7290110552817,false,צנצנת מסטיק - גלידה לימון 58 גרם וועסטהיים,אסקום קונפקשיין,DE,מסטיק מאסט גלידה לימון 58 גר,Unknown,0.00,Unknown,false,1,10.00,0.0000,true,1,49505
7290110553036,false,קריספס-פריכיות עם אפונה ובטטה סגולה בטעם בצל מקורמל,"פרח תעשיו מזון בע""מ",IL,פריכיות אנרגי חלבון בטטה סכ גולה אפונה60,Unknown,0.00,Unknown,false,1,10.90,0.0000,true,1,47725
7290110553098,false,מאגדת חטיפים אנרג'י מיקס צימוקים אגוזים 100X4 גרם,אנרג'י Energy - שטראוס,GB,מארז 4יח אנרגי מיקס צימוק אגוז ושוקקולד,גרמים,100.00,100 גרם,false,16,15.90,15.9000,true,1,49865
7290110553340,false,נמס מילקשייק- אבקה להכנת משקה קר בטעם מלבי,שטראוס קפה בי.וי,IL,קפה נמס מילקשייק אייס מלבי 200 גרם,גרמים,200.00,100 גרם,false,1,14.90,7.4500,true,1,48854
7290110553425,false,קפה נמס 200 גרם +20% תוספת עלית,שטראוס קפה בי.וי,IL,קפה נמס אבקתי 200 גרם+20% תוספת,גרמים,240.00,100 גרם,false,1,22.00,9.1667,true,1,47114
7290110553432,false,ארוחת דלישס בסגנון צ,,IL,ארוחת דלישס בסגנון צילי קון קרנה 350גר,גרמים,350.00,100 גרם,false,10,26.90,7.6857,true,1,51585
7290110553623,false,צ'יטוס קראנצ'י בטעם צ'דר חלפיניו - חלבי,"שטראוס פריטו ליי בע""\מ )",IL,חטיף ציטוס קראנץ צדר חלפיניו 80 גר,Unknown,0.00,Unknown,false,1,4.50,0.0000,true,1,48767
7290110554118,false,נודלס מלזי חריף עם טופו וירקות ברוטב קארי ירוק,"טרופיקל דגיל בע""מ אז",IL,ארוחת נודלס מלזי חריף דלישס 350גר,גרמים,350.00,100 גרם,false,10,26.90,7.6857,true,1,45513
7290110554125,false,"נודלס סצ'ואן חריף""דלישס"" שטראוס",אוכל ביתי ניר עציון,IL,ארוחת נודלס סצואן חריף דלישס 350גר,גרמים,350.00,100 גרם,false,10,26.90,7.6857,true,1,45512
7290110554422,false,פומודורו רוטב עגבניות ופלפלים לשקשוקה לפסטה יד מרדכי 350 גרם,אמיליאנה קונסרב סוסייטה,IT,רוטב לשקשוקה עגבניות ופלפל יד מרדכי 350,גרמים,350.00,100 גרם,false,12,11.90,3.4000,true,1,47277
7290110554545,false,קפסולת אספרסו לאפוגטו טעם קוקוס 50 ג' עלית,שטראוס קפה בי.וי.,IL,קפסולות אספרסו אפוגטו קוקוס 10 יח,יחידה,10.00,יחידה,false,1,17.00,1.7000,true,1,48857
7290110554583,false,מארז חטיפי צ'יטוס פאפס בטעם גבינה - 10 יחידות,"שטראוס פריטו ליי בע""\מ )",IL,מארז 10 יח ציטוס פאפאס גבינה 200 גר,גרמים,200.00,100 גרם,false,9,12.90,6.4500,true,1,46785
7290110554699,false,"קפה עולה קפסולות אספרסו קלייה איטית וכהה מאוד, 10 * 50 ג'",שטראוס קפה בי.וי.,IL,קפסולות קפה בתי קליה עולה 10 יח,יחידה,10.00,יחידה,false,1,18.90,1.8900,true,1,50521
7290110554705,false,קפסולות נספרסו לקפה יוניקו סדרת בתי הקלייה 10יח,שטראוס קפה בי.וי.,IL,קפסולות קפה בתי קליה יוניקו 10 יח,יחידה,10.00,יחידה,false,1,18.90,1.8900,true,1,50519
7290110554712,false,"קפסולות קפה אספרסו קלייה איטית ובהירה, 10 * 50 ג'",שטראוס קפה בי.וי.,IL,קפסולות קפה בתי קליה נחת10 יח,יחידה,10.00,יחידה,false,1,18.90,1.8900,true,1,50520
7290110555009,false,זוג פסאטה מחית עגבניות חלקה יד מרדכי 700 גרם,אמיליאנה קונסרב ס.פ.,IT,זוג פסאטה עגבניות יד מרדכי 350 גרם,גרמים,700.00,100 גרם,false,6,11.90,1.7000,true,1,50280
7290110555078,false,לאבנה עם שמן זית ועשבי תיבול שטראוס 250 גרם,"מחלבות בר בכפר בע""\מ",IL,לאבנה שמן זית ועשבי תיבול 250גר,גרמים,250.00,100 גרם,false,12,10.00,4.0000,true,1,48860
7290110555092,false,לאבנה עם שמן זית וצ'ילי שטראוס 250 גרם,"מחלבות בר בכפר בע""\מ",IL,לאבנה שמן זית וצילי 250גר,גרמים,250.00,100 גרם,false,12,10.00,4.0000,true,1,48861
7290110555306,false,רבע לשבע טבעוני סינמון באן עלית 125 גרם,"הגביע מוצרי וופלים בע""\מ",IL,גלילי ופל רבע לשבע סינמון באן 125 גרם,גרמים,125.00,100 גרם,false,1,11.90,9.5200,true,1,49502
7290110555603,false,ספלנדיד אבקה להכנת משקה בטעם שוקולטה,"ג'אלוסיס י. בע""\מ",GR,שוקולטה ספלנדיד 360 גרם,גרמים,360.00,100 גרם,false,1,22.90,6.3611,true,1,51129
7290110555665,false,קקאו דל שומן עלית בקופסא 220 גרם,"ג'אלוסיס י. בע""\מ",GR,קקאו עלית דל שומן קופסא 220 גרם,גרמים,220.00,100 גרם,false,1,19.90,9.0455,true,1,51128
7290110556242,false,"שוקולד מריר פרווה 100 גר' בד""ץ תוצרת חוץ","שטראוס גרופ בע""מ.",FR,שוקולד פרה מריר 100 גר,גרמים,100.00,100 גרם,false,1,5.90,5.9000,true,1,50297
7290110557027,false,חומוס עשיר 50% טחינה גולמית 400 ג' אחלה,מיוצר עי קונדיטוריית,IL,חומוס עשיר בטחינה 50% 400גרם,גרמים,400.00,100 גרם,false,1,13.90,3.4750,true,1,46508
7290110557102,false,מעדן חלב עם שוקולד מועשר בחלבון 150 ג' שטראוס,מיוצר עי קונדיטוריית,IL,דנונה פרו 11גר חלבון עם שוקולד 150גר,גרמים,150.00,100 גרם,false,12,5.50,3.6667,true,1,41170
7290110557133,false,מעדן הגולן וניל 125 ג' שטראוס,מיוצר עי קונדיטוריית,IL,מעדן הגולן וניל 125גר,גרמים,125.00,100 גרם,false,24,2.90,2.3200,true,1,45523
7290110557317,false,יוגורט בתוספת סידן וויטמין ד עם שיבולת שועל 100 ג' דנונה,תנובה מרכז שיתופי לש,IL,יוגורוט דנונה הראשון שלי שבולת שועל100גר,גרמים,100.00,100 גרם,false,24,2.30,2.3000,true,1,48863
7290110557478,false,חומוס גלילי במרקם מעודן 600 גרם,"שטראוס גרופ בע""\מ",IL,חומוס גלילי 600 גרם אחלה,גרמים,600.00,100 גרם,false,1,13.90,2.3167,true,1,47656
7290110557645,false,מאגדת חטיפים אנרג'י מיקס צימוקים חמוציות 100X4 גרם,קונסרב איטליה,GB,מארז 4יח אנרגי מיקס צימוק חמוציות,גרמים,100.00,100 גרם,false,16,15.90,15.9000,true,1,49866
7290110558130,false,יוגורט אקטיביה עם שיבולת שועל ודבש 150 גרם,"שטראוס בריאות בע""\מ",IL,דנונה אקטיביה שיבולת שועל ודבש 150 גר,גרמים,150.00,100 גרם,false,24,4.70,3.1333,true,1,48866
7290110558154,false,דנונה לייט אנד פרי עוגת תפוחים 150ג דנונה,"שטראוס בריאות בע""\מ",IL,יוגורט דנונה לייט אנד פריי ע.תפוחים 150ג,גרמים,150.00,100 גרם,false,24,4.90,3.2667,true,1,49941
7290110558215,false,"דנונה קראנצ`פיסטוק עם פיצפוץ לבן קראנצי פיסטוק, 173 גרם","שטראוס בריאות בע""\מ",IL,יוגורט דנונה פיסטוק קראנץ ופצפוץ לבן173,גרמים,173.00,100 גרם,false,1,4.70,2.7168,true,1,50894
7290110558222,false,"וואו יוגורט עם שכבה בטעם בנופי פאי 5.4%, 150ג דנונה","שטראוס בריאות בע""\מ",IL,יוגורט דנונה וואו בנופי 150גרם 4% שומן,גרמים,150.00,100 גרם,false,1,4.90,3.2667,true,1,49937
7290110558239,false,"וואו יוגורט עם שכבה בטעם קראק פאי 5.4%, 150 ג דנונה","שטראוס בריאות בע""\מ",IL,יוגורט דנונה וואו קראק פאי150גרם 4% שומן,גרמים,150.00,100 גרם,false,1,4.90,3.2667,true,1,49938
7290110558253,false,דנונה שייק נונה ריפרש בננה אננס וצ'יה,"שטראוס בריאות בע""\מ",IL,משקה יוגורט דנונה ריפרש בננה אננס 250מל,מיליליטרים,250.00,"100 מ""ל",false,12,5.90,2.3600,true,1,48867
7290110558284,false,דנונה ביו מולטי שטראוס 200 גרם,"שטראוס בריאות בע""\מ",IL,יוגורט דנונה ביו מולטי 200גר,גרמים,200.00,100 גרם,false,24,4.20,2.1000,true,1,49846
7290110558307,false,יוגורט דנונה PRO עם שיבולת שועל במתיקות מעודנת,"שטראוס בריאות בע""\מ",IL,דנונה פרו 20גר חלבון עם שבולת שועל 200ג,גרמים,200.00,100 גרם,false,12,6.50,3.2500,true,1,48665
7290110558314,false,דנונה פרו 20 גרם חלבון ללא סוכר פיסטוק 200 גרם,"שטראוס בריאות בע""\מ",IL,יוגורט דנונה פרו פיסטוק 20גר חלבון 200גר,גרמים,200.00,100 גרם,false,1,6.10,3.0500,true,1,49940
7290110558338,false,יוגורט PRO בטעם מתיקות מעודנת 1.5% שומן,"שטראוס בריאות בע""\מ",IL,דנונה פרו 25גר חלבון 200גרם,גרמים,200.00,100 גרם,false,12,6.50,3.2500,true,1,48666
7290110558666,false,מעדן גבינה בטעם תפוח 88 ג' דניאלה,"שטראוס בריאות בע""\מ",IL,דניאלה בטעם תפוח 100 גרם,גרמים,100.00,100 גרם,false,1,4.50,4.5000,true,1,50890
7290110558741,false,"גמדים פאוץ תפוח בננה, 100 ג' שטראוס","שטראוס בריאות בע""\מ",IL,מעדן גמדים פאוץ 100גר תפוח בננה,גרמים,100.00,100 גרם,false,7,5.90,5.9000,true,1,51520
7290110558918,false,עלי חסה קראנצ' שטופים,שטראוס בריאות ירקות טריי,IL,עלי חסה קראנץ שטופים 150 גרם בקופסא,גרמים,150.00,100 גרם,false,1,10.00,6.6667,true,1,49947
7290110559007,false,"שועועית חומה טעם הטבע קופסה, 380 גרם",קונסרב איטליה,IT,שעועית חומה טעם הטבע 380 גרם,גרמים,380.00,100 גרם,false,16,6.90,1.8158,true,1,49860
7290110559014,false,שעועית שחורה מבושלת טעם הטבע 380 גרם,קונסרב איטליה,IT,שעועית שחורה טעם הטבע 380 גרם,גרמים,380.00,100 גרם,false,16,6.90,1.8158,true,1,49859
7290110559748,false,ריל מאגדת שקדים קוקוס ושוקולד מריר שטראוס 105 גרם,"ואמואליס פודס אס.איי,",GR,מארז 3 יח חטיף אנרגי ריל שקד קוקוס שוקול,גרמים,105.00,100 גרם,false,16,15.90,15.1429,true,1,49864
7290110559755,false,ריל מאגדת בוטנים פיסטוק וחמוציות שטראוס 105 גרם,"ואמואליס פודס אס.איי,",GR,מארז 3 יח חטיף אנרגי ריל בוטן פיסטוק חמו,גרמים,105.00,100 גרם,false,16,15.90,15.1429,true,1,49863
7290110559762,false,ריל מאגדת אגוזים תמרים קוקוס שטראוס 105 גרם,"ואמואליס פודס אס.איי,",GR,מארז 3 יח חטיף אנרגי ריל תמר אגוז קוקוס,גרמים,105.00,100 גרם,false,16,15.90,15.1429,true,1,49862
7290110559939,false,נתחי סויה בסגנון שווארמה ומג'דרה 350 גרם,אוכל ביתי ניר עציון,IL,נתחי סויה בסגנון שווארמה ומגדרה 350גר,גרמים,350.00,100 גרם,false,10,26.90,7.6857,true,1,48642
7290110560300,false,"הפריכיות הטעימות חומוס, עדשים שחורות, קינואה ופלפל שחור",אנרג'י Energy - שטראוס,IL,פריכיות אנרגי משולש פלפל שחור 30 גר,Unknown,0.00,Unknown,false,1,5.50,0.0000,true,1,25337
7290110560317,false,"הפריכיות הטעימות חומוס, עדשים שחורות, קינואה ומלח ים","פרח תעשיו מזון בע""מ",IL,פריכיות אנרגי משולש מלח ים 30 גר,Unknown,0.00,Unknown,false,1,5.50,0.0000,true,1,25338
7290110560324,false,"הפריכיות הטעימות תפו""א, אורז, אפונה ומלח ים","פרח תעשיו מזון בע""מ",IL,פריכיות אנרגי משולש אפונה ירוקה 30 גר,Unknown,0.00,Unknown,false,1,5.50,0.0000,true,1,25339
7290110560836,false,"מילקי טעם פסק זמן שטראוס 133 מ""ל",מיוצר עי קונדיטוריית,IL,מעדן מילקי פסק זמן 133 גר,גרמים,133.00,100 גרם,false,1,2.90,2.1805,true,1,22133
7290110561352,false,דנונה יוגורט ביו פרוביוטי 3% דל לקטוז 150ג',"שטראוס בריאות בע""\מ",IL,יוגורט דנונה ביו דל לקטוז 3% 200גר,גרמים,200.00,100 גרם,false,1,3.80,1.9000,true,1,22419
7290110561604,false,מארז 8 יחידות מעדן גמדים בטעם תות בננה,"שטראוס בריאות בע""\מ",IL,מארז 8יח גמדים תות בננה 800 גר,גרמים,800.00,100 גרם,false,1,19.90,2.4875,true,1,21336
7290110563431,false,"משקה קפה קר בסגנון קלאסי 230 מ""ל 1.6% יוטבתה",האי נאם סי או אל.טי.,AT,משקה קפה קר 230מל 1.6% סגנון קלאסי יטב,מיליליטרים,230.00,"100 מ""ל",false,10,7.90,3.4348,true,1,26917
7290110563448,false,"משקה קפה קר בסגנון מעודן 230 מ""ל 1.6% יוטבתה",האי נאם סי או אל.טי.,AT,משקה קפה קר מעודן יטבתה 230מל,מיליליטרים,230.00,"100 מ""ל",false,10,7.90,3.4348,true,1,26916
7290110563462,false,חלב 2% דל לקטוז בבקבוק יטבתה 1 ליטר.,מחלבת יטבתה,IL,חלב נטול לקטוז 1ליטר 2% שומן יטבתה,ליטרים,1.00,ליטר,false,12,8.50,8.5000,true,1,27561
7290110564339,false,חומוס אחלה הסידרה המובחר 30% טחינה 400 גר',מיוצר עי קונדיטוריית,IL,חומוס עשיר בטחינה30% 400גרם,גרמים,400.00,100 גרם,false,1,13.90,3.4750,true,1,21349
7290110564360,false,חומוס אחלה הסידרה המובחר 40% טחינה 400 גר',מיוצר עי קונדיטוריית,IL,חומוס עשיר בטחינה40% 400גרם,גרמים,400.00,100 גרם,false,1,13.90,3.4750,true,1,21350
7290110564414,false,חומוס אחלה הסידרה המובחר 30% טחינה 600 גר',מיוצר עי קונדיטוריית,IL,חומוס עשיר בטחינה30% 600גרם אחלה,גרמים,600.00,100 גרם,false,1,14.90,2.4833,true,1,21351
7290110564742,false,"משקה קפה קר בסגנון חזק 230 מ""ל 1.2% יוטבתה",האי נאם סי או אל.טי.,AT,משקה קפה קר 230מל 1.2% סגנון חזק יטבתה,מיליליטרים,230.00,"100 מ""ל",false,10,7.90,3.4348,true,1,26915
7290110565435,false,"לימבו ג'לי פטל 125 גרם חלבי ""שטראוס""","שטראוס גרופ בע""\מ",IL,לימבו גלי בטעם פטל 125 גרם חלבי,גרמים,125.00,100 גרם,false,24,2.50,2.0000,true,1,20990
7290110565527,false,יוגורט PRO פרו 1.5% 20 גרם חלבון בגביע,"שטראוס בריאות בע""מ",IL,דנונה פרו עשיר בחלבון 20גרם 200 גרם,גרמים,200.00,100 גרם,false,1,6.10,3.0500,true,1,20737
7290110565572,false,מארז קפה טורקי עלית לדרך עם הל 168 גרם,שטראוס קפה בי.וי.,IL,קפה טורקי עם הל לדרך 14 יח 168 גרם,יחידה,24.00,יחידה,false,1,20.00,0.8333,true,1,29136
7290110566043,false,יוגורט 4.5% שומן 3 ל' שטראוס,"מחלבות בר בכפר בע""מ",IL,"יוגורט 4.5% 3 ק""ג",קילוגרמים,3.00,"ק""ג",false,1,28.90,9.6333,true,1,23384
7290110566623,false,קפסולות קולומביה עלית 08 למכונת נספרסו מארז 5X10ג',שטראוס קפה בי.וי.,IL,קפסולות אספרסו 8 קולומביה 10 יח,יחידה,10.00,יחידה,false,1,17.00,1.7000,true,1,23331
7290110566975,false,דנונה פרו יוגורט 0% תות עשיר בחלבון 200ג',"שטראוס בריאות בע""\מ",IL,דנונה פרו תות עשיר בחלבון 20גרם 200 גרם,גרמים,200.00,100 גרם,false,1,6.10,3.0500,true,1,22128
7290110567057,false,צנצנת מסטיק מאסט קוביות מנטה חזקה 66 ג' עלית,אסקום קונפקשיין,DE,מסטיק מאסט מנטה חזקה 66 גרם,Unknown,0.00,Unknown,false,1,10.00,0.0000,true,1,24902
7290110568238,false,"קצפת צמחית 21% שומן 250 מ""ל יוטבתה",מחלבת יטבתה,IL,קצפת צמחית 250גר יטבתה 21% שומן,מיליליטרים,250.00,"100 מ""ל",false,18,8.50,3.4000,true,1,23785
7290110568276,false,משקה וניל פרו Pro מועשר בחלבון 1.5%,מחלבת יטבתה,DE,משקה פרו וניל 350מל 25גר חלבון יטבתה,מיליליטרים,350.00,"100 מ""ל",false,12,6.50,1.8571,true,1,22866
7290110568511,false,קונפיטורית פירות יער במתיקות מעודנת 265 גר' יד מרדכי,קריות זול,FR,קונפיטורה פירות יער מתיקות מעודנת265ג,גרמים,265.00,100 גרם,false,1,13.90,5.2453,true,1,27763
7290110568627,false,עלית - פסק זמן רול שוקולד חלב עם קרם אגוזים 26 גרם,שולן צ'\יקולטה גידה סאן.,TR,חטיף פסק זמן רול קרם אגוזים 28 גר,Unknown,0.00,Unknown,false,1,5.00,0.0000,true,1,25330
7290110568924,false,עלית - פסק זמן רול שוקולד חלב עם קרם חלב וקוקוס 26 גרם,שולן צ'\יקולטה גידה סאן.,TR,חטיף פסק זמן רול קרם חלב קוקוס 28 גר,Unknown,0.00,Unknown,false,1,5.00,0.0000,true,1,25331
7290110570125,false,"משקה קפה קר בטעם אייריש קרים230 מ""ל יוטבתה",אנסטל מילק kg,AT,משקה קפה קר 230מל טעם אייריש קרים יטבתה,מיליליטרים,230.00,"100 מ""ל",false,10,7.90,3.4348,true,1,50888
7290110570224,false,"משקה קפה קר בטעם עוגיות יטבתה 230 מ""ל",אנסטל מילק kg,AT,משקה קפה קר 230 מל בטעם עוגיות יטבתה,מיליליטרים,230.00,"100 מ""ל",false,10,7.90,3.4348,true,1,49945
7290110571184,false,עדשים חומות 380 גר שטראוס טעם הטבע,קונסרב איטליה,IT,עדשים חומות טעם הטבע 380 גרם,גרמים,380.00,100 גרם,false,16,6.90,1.8158,true,1,49861
7290110571375,false,"אנרג'י מיקס תערובת צימוקים, תמרים, טופי ושברי פקאן",אנרג'י Energy - שטראוס,GB,מארז 4יח אנרגי מיקס שקד קוקס שוקולד,גרמים,100.00,100 גרם,false,16,15.90,15.9000,true,1,49867
7290110571382,false,מעדן חלב בטעם וניל מעושר בחלבון 150 ג' שטראוס,"שטראוס בריאות בע""\מ",IL,דנונה פרו 11גר חלבון טעם וניל 150גר,גרמים,150.00,100 גרם,false,12,5.50,3.6667,true,1,47654
7290110571399,false,עלית - צנצנת מאסט בטעם גלידה תות,אסקום קונפקשיין,DE,מסטיק מאסט גלידה תות 58 גר,Unknown,0.00,Unknown,false,1,10.00,0.0000,true,1,49506
7290110571405,false,עלית - מיני פינוקיות בגביע פסק זמן 180 גרם,"הגביע מוצרי ופלים בע""\מ",IL,עוגיות מיני פינוקיות פסק זמן 180 ג,גרמים,180.00,100 גרם,false,1,10.90,6.0556,true,1,50829
7290110571412,false,מיני פינוקיות - פאדג' שוקולד בגביע 180 גרם,"הגביע מוצרי ופלים בע""\מ",IL,עוגיות מיני פינוקיות פאדג 180 ג,גרמים,180.00,100 גרם,false,1,10.90,6.0556,true,1,50830
7290110571474,false,רבע לשבע טבעוני פופקורן 125 ג' עלית,"הגביע מוצרי וופלים בע""\מ",IL,גלילי ופל רבע לשבע פופקורן 125 גרם,גרמים,125.00,100 גרם,false,1,11.90,9.5200,true,1,49504
7290110572129,false,כיף כף מקלות שוקולד לבן 40 ג' עלית,סולן בעבור שטראוס,TR,חטיף כיף כף מקלות שוקולד לבן 40גר,Unknown,0.00,Unknown,false,1,5.50,0.0000,true,1,50828
7290110572969,false,כיף כף פצפצים עקרם לבן 40ג' עלית,שולן צ'\יקולטה גידה סאן.,TR,חטיף כיף כף פצפצים לבן 40 גר,Unknown,0.00,Unknown,false,1,5.50,0.0000,true,1,49942
7290110576318,false,מאגדת שלישיית שוקולד אגוז לבן 300 ג' עלית,סמואה,FR,מארז 3יח שוקולד פרה לבן אגוזים100 גרם,גרמים,300.00,100 גרם,false,8,25.90,8.6333,true,1,50296
7290110576370,false,מארז שלישייה שוקולד מריר חלבי עם אגוזי לוז,סמואה,FR,מארז 3יח שוקולד פרה מריר אגוזים100 גרם,גרמים,300.00,100 גרם,false,8,25.90,8.6333,true,1,50295
7290110576387,false,מאגדת שלישיית שוקולד אגוז חלב 300 ג' עלית,שטראוס,FR,מארז 3יח שוקולד פרה חלב אגוזים100 גרם,גרמים,300.00,100 גרם,false,8,25.90,8.6333,true,1,50294
7290110576752,false,טבלאות שוקולד ספלנדיד מריר 70% 100 ג' עלית,קימ'ס גריפלנן,BE,שוקולד ספלנדיד 70% מריר 100 גר,גרמים,100.00,100 גרם,false,1,10.90,10.9000,true,1,50804
7290110576776,false,טבלאות שוקולד ספלנדיד מריר 85% 100 ג' עלית,קימ'ס גריפלנן,BE,שוקולד ספלנדיד 85% מריר 100 גר,גרמים,100.00,100 גרם,false,1,10.90,10.9000,true,1,50805
7290110576790,false,גבינת סקי 3% בטעם מוקה 125 גרם,"שטראוס בריאות בע""\מ",IL,גבינת סקי בטעם מוקה 125 גרם,גרמים,125.00,100 גרם,false,1,3.90,3.1200,true,1,50889
7290110576851,false,"שמיניית משקה גמדים סלט פירות 108 מ""ל","שטראוס בריאות בע""\מ",IL,מארז 8יח גמדים לשתיה ט. סלט פירות 800מל,מיליליטרים,800.00,"100 מ""ל",false,6,15.90,1.9875,true,1,50892
7290110576868,false,רבעיית גמדים סלט פירוט * 100 ג' שטראוס,"שטראוס בריאות בע""\מ",IL,מארז 4 יח סופר גמדים סלט פירות 400 גרם,גרמים,400.00,100 גרם,false,1,11.90,2.9750,true,1,50893
7290110577711,false,"משקה שייק חלבון מי גבינה עם אפרסק ומנגו350מ""ל יטבתה",מחלבת יטבתה,IL,שייק חלבון מי גבינה 350מל אפרסק מנגו,מיליליטרים,350.00,"100 מ""ל",false,6,7.50,2.1429,true,1,51521
7290110577728,false,"משקה שייק חלבון מי גבינה עם פירות יער 350מ""ל יטבתה",מחלבת יטבתה,IL,שייק חלבון מי גבינה 350מל פירות יער,מיליליטרים,350.00,"100 מ""ל",false,6,7.50,2.1429,true,1,51522
7290111090134,false,"I-CARE שלישיית מגבוני רענון לידיים,12 *3",נאופארם,IL,מארז שלישיית מגבוני איי קר לרענון 36יח,יחידה,36.00,יחידה,false,24,7.90,0.2194,true,1,25310
7290111090424,false,"I-CARE מגבונים להסרת לק, 10 בקופ'/24 יח' בקרטון",די.פי.אל תעשיות מוצר,IL,מגבונים להסרת לק איי קר 10יח,יחידה,10.00,יחידה,false,24,7.90,0.7900,true,1,25307
7290111092985,false,מארז מגבונים לחים בייביסיטר ללא בישום רביעייה,,IL,רביעיית מגבוני בייביסיטר מעוצבת 66יח,יחידה,264.00,יחידה,false,6,16.90,0.0640,true,1,49763
7290111093005,false,"I-CARE מג'להסרת איפור, 25 יח בפלופק",די.פי.אל תעשיות מוצר,IL,מגבונים להסרת איפור איי קר 25יח,יחידה,25.00,יחידה,false,24,7.90,0.3160,true,1,25309
7290111093760,false,קוויק מטליות לחות לניקוי רצפות ניחוח מרכך כביסה 10 יחידות,די.פי.אל,IL,מגבוני קוויק ניקוי רצפות נ.מרכך כביסה10י,יחידה,10.00,יחידה,false,12,9.90,0.9900,true,1,47901
7290111093982,false,"טרופיקל תחליב רחצה פסיפלורה ואינקה אינצ'י 700 מ""ל דר' עור","אמיליה קוסמטיקס בע""\מ",IL,תחליב רחצה 700מל דוקטור עור פסיפלורה,מיליליטרים,700.00,"100 מ""ל",false,1,19.90,2.8429,true,1,50185
7290111094361,false,קוויק שקיות אשפה XL עם ידית 20 יח' במארז,,TR,שקיות אשפה קוויק 25יח אקס אל 75/90 ידית,יחידה,25.00,יחידה,false,1,12.90,0.5160,true,1,46505
7290111094392,false,"טרופיקל תחליב רחצה קוקוס וליים 700 מ""ל דר' עור","אמיליה קוסמטיקס בע""\מ",IL,תחליב רחצה 700מל דוקטור עור קוקוס ליים,מיליליטרים,700.00,"100 מ""ל",false,1,19.90,2.8429,true,1,50186
7290111094613,false,מגבונים לניקוי משקפיים 10 יח' I-CARE,נאופארם,IL,מגבונים לניקוי משקפיים איי קר 24יח,יחידה,24.00,יחידה,false,24,7.90,0.3292,true,1,25308
7290111094651,false,שקיות אשפה L עם ידית קוויק 40 יח',,TR,שקיות אשפה קוויק 40יח לארג 50/70עם ידית,יחידה,40.00,יחידה,false,18,12.90,0.3225,true,1,46506
7290111096921,false,קוויק מגבונים לניקוי כללי בתוספת חומץ ומלח לימון 50 יח',די.פי.אל,IL,מגבונים לניקוי כללי קוויק חומץ ומלח 50יח,יחידה,50.00,יחידה,false,1,8.90,0.1780,true,1,44670
7290111097546,false,קוויק מגבונים 99.9% לניקוי כללי למשטחים בניחוח מרכך כביסה 50 יחידות,די.פי.אל,IL,מגבונים קוויק לניקוי משטחים 50יח נ.מרכך,יחידה,50.00,יחידה,false,1,8.90,0.1780,true,1,47902
7290111097836,false,קוויק מגבונים 99.9% דוחה אבק למשטחים בניחוח מרכך כביסה 50 יחידות,די.פי.אל,IL,מגבוני קוויק דוחה אבק למשטחים 50יח,יחידה,50.00,יחידה,false,1,8.90,0.1780,true,1,47903
7290111285325,false,צלחת במבוק 23 סמ מיני מאוס,שמחה זה אנחנו,CN,צלחת במבוק ממותגת 9 אינץ,יחידה,1.00,יחידה,false,1,13.90,13.9000,true,1,20865
7290111285417,false,קערה במבוק מיני מאוס יח,שמחה זה אנחנו,CN,קערת במבוק ממותגת,יחידה,1.00,יחידה,false,1,12.90,12.9000,true,1,20864
7290111285523,false,כוס במבוק מפרץ ההרפתקאות בנים,שמחה זה אנחנו,CN,כוס במבוק ממותגת,יחידה,1.00,יחידה,false,1,12.90,12.9000,true,1,20863
7290111340178,false,מטליות לחות ניקול לניקוי כללי בניחוח מרכך כביסה 50 יח',חוגלה קימברלי,IL,מטליות לחות לניקוי כללי דוחה אבק 50יח,יחידה,50.00,יחידה,false,1,16.90,0.3380,true,1,19121
7290111340185,false,מטליות לחות רצפה ניחוח מרכך כביסה ניקול 10 יחידות,חוגלה קימברלי,IL,מטליות לחות לרצפה ניקול בניחוח מרכך 10יח,יחידה,10.00,יחידה,false,1,13.90,1.3900,true,1,19120
7290111340864,false,דיפנד תחתון סופג L נשים 9 יח,חוגלה קימברלי,CZ,תחתון סופג דיפנד נשים מידה לארג 9יח,יחידה,9.00,יחידה,false,1,57.90,6.4333,true,1,21215
7290111340956,false,ניקול מטליות לחות לרצפה בניחוח פריחה לבנה,חוגלה קימברלי,IL,מטליות לחות לניקוי רצפות 10יח מהדורת ספא,יחידה,10.00,יחידה,false,1,12.90,1.2900,true,1,21220
7290111341359,false,רדיד אלומיניום+סכין חיתוך ניקול 60 מטר,"אופל בע""\מ",IL,רדיד אלומיניום 60מטר+סכין חיתוך ניקול,מטרים,60.00,מטר,false,1,42.90,0.7150,true,1,23766
7290111341366,false,ניקול מפיות אירוח חד שכבתי 150 יחידות,"משווק ע""י קימברלי קלארק",SK,מפיות אירוח חד שכבתי 30/30 150יח,יחידה,150.00,יחידה,false,1,9.90,0.0660,true,1,23767
7290111341540,false,קוטקס אקטיב טמפונים ללא מוליך נורמל 32יח,קימברלי קלארק צ'כיה,CZ,טמפונים קוטקס אקטיב נורמל 32 יח,יחידה,32.00,יחידה,false,12,26.90,0.8406,true,1,28871
7290111341557,false,קוטקס אקטיב טמפונים ללא מוליך סופר 32יח,קימברלי קלארק צ'כיה,CZ,טמפונים קוטקס אקטיב סופר 32 יח,יחידה,32.00,יחידה,false,12,26.90,0.8406,true,1,28872
7290111341816,false,נייר אפייה ניקול עם סליידר 22 מ,אופל,IL,נייר אפיה ניקול 25מטר עם סליידר,מטרים,25.00,מטר,false,15,22.90,0.9160,true,1,26038
7290111341984,false,לילי - מגבוני נייר טואלט לח פיור רביעייה,קימברלי,IL,מארז 4יח נייר טואלט לח לילי 40יח,יחידה,160.00,יחידה,false,8,19.90,0.1244,true,1,30399
7290111341991,false,מגבוני טואלט לח סופרים לילי 48 יח',חוגלה קימברלי,IL,מגבון נייר טואלט לח סופרים 48 יח,יחידה,48.00,יחידה,false,18,8.90,0.1854,true,1,28866
7290111342004,false,נייר טואלט לילי לח קידס 56 דפים,חוגלה קימברלי,IL,מגבון נייר טואלט לח לילי קידס 56 יח,יחידה,56.00,יחידה,false,18,8.90,0.1589,true,1,28865
7290111342042,false,ניקול כריות יפניות אנטיבקטריאלי 4 יחידות,פלסטו פוליש,IL,כריות יפניות אנטיבקטריאליות 4 יח ניקול,יחידה,4.00,יחידה,false,1,16.90,4.2250,true,1,31942
7290111342059,false,50 מטליות מיקרופייבר לשטחים אנטיבקטריאלי ניקול,ניקול,IL,מטליות לחות אנטיבקטריאלי מפחית ריחות 50י,יחידה,50.00,יחידה,false,1,16.90,0.3380,true,1,31845
7290111342073,false,ניקול - מטליות מיקרופייבר למשטחים אנטיבקטר,ניקול,IL,מטליות מיקרופייבר אנטיבקטריאלי 2יח ניקול,יחידה,2.00,יחידה,false,1,15.90,7.9500,true,1,31943
7290111342523,false,מפיות אירוח לשימוש יומיומי ניקול 100 יח,חוגלה קימברלי,IL,מפיות אירוח ניקול חד שכבתי100יח 33/33סמ,יחידה,100.00,יחידה,false,1,8.90,0.0890,true,1,30973
7290111342738,false,לילי - מגבוני נייר טואלט לח קידס רביעייה,לילי נייר טואלט חוגלה,IL,מארז 4יח נייר טואלט לח לילי קידס 40יח,יחידה,160.00,יחידה,false,8,19.90,0.1244,true,1,31393
7290111343117,false,"קלינקס לושן סופט פק זוגות 140 דף ""חדש""",קימברלי קלארק,IL,ממחטות אף קלינקס לושן סופט זוג 140יח,יחידה,140.00,יחידה,false,30,14.90,0.1064,true,1,36691
7290111343124,false,נייר טואלט לילי דאבל 24ג,חוגלה קימברלי,IL,נייר טואלט לילי כפול 24גלילים=48,יחידה,24.00,יחידה,false,1,54.90,2.2875,true,1,33857
7290111343797,false,מטליות לחות לניקוי חלונות 48 יח' ניקול,חוגלה קימברלי,IL,מטליות לחות לניקוי חלונות 48יח ניקול,יחידה,48.00,יחידה,false,24,12.90,0.2688,true,1,35558
7290111343841,false,ספוגית הקסם נירוסטה - מארז 3 יחידות,ניקול,CN,ספוגית הקסם לנירוסטה 3יח ניקול,יחידה,3.00,יחידה,false,24,12.90,4.3000,true,1,35560
7290111343858,false,ניקול מטליות לחות לרצפה אנטיבקרטריאלי 10 יחידות,עלבד משואות יצחק,IL,מטליות לחות לרצפות אנטיבקטריאלי 10יח ניק,יחידה,10.00,יחידה,false,1,13.90,1.3900,true,1,33862
7290111344077,false,שלישיית מטליות לחות למשטחים אנטיבקטריאלי 50 יחי',עלבד משואות יצחק,IL,מארז 3יח מטליות לחות אנטיבקטריאלי 50יח,יחידה,150.00,יחידה,false,1,26.90,0.1793,true,1,33861
7290111344138,false,"מטליות ניקול רב""ש אנטיבקטריאליות 6 יח",נ.אורים,IL,מטלית רב שימושית אנטיבקרטיאלי 6יח ניקול,יחידה,6.00,יחידה,false,1,11.90,1.9833,true,1,33865
7290111344145,false,ניקול זוג מטליות מיקרופייבר אנטיבקטריאליות לרצפה,ניקול,CN,מטליות מיקרופייבר לרצפות אנטיבקטראילי 2י,יחידה,2.00,יחידה,false,12,26.90,13.4500,true,1,35562
7290111344206,false,האגיס נטורל קר מגבונים לחים בבישום עדין רביעייה,חוגלה קימברלי,IL,מארז 4יח מגבוני האגיס נטורל קר 64יח,יחידה,256.00,יחידה,false,1,22.90,0.0895,true,1,45612
7290111344459,false,קוטוקס תחבושות נייט אקסטרא לונג 20 יח',חוגלה קימברלי,CN,תחבושות קוטקס לילה אקסטרה לונג 18יח,יחידה,18.00,יחידה,false,1,19.90,1.1056,true,1,39061
7290111344503,false,חיתולי האגיס אקסטרה קייר מידה +4 36 יח',חוגלה קימברלי,IL,חיתולי האגיס אקסטרה קייר מידה 4+ 36יח,יחידה,36.00,יחידה,false,1,49.90,1.3861,true,1,39446
7290111344510,false,נייר אפייה ניקול בשקית 100 יח,אופל,IL,נייר אפיה 100יח ניקול,יחידה,100.00,יחידה,false,12,21.90,0.2190,true,1,38100
7290111344527,false,ניקול שקיות אשפה XXL לפחים ענקיים 20 יחי,קימברלי קלארק,IL,שקיות אשפה שחורות לפחים ענקיים 20יח,יחידה,20.00,יחידה,false,12,27.90,1.3950,true,1,38099
7290111344565,false,ניקול שקיות זיפר מארז משולב מידות,taizhou inter packin,CN,שקיות דאבל זיפר 25יח ניקול,מטרים,25.00,מטר,false,24,14.90,0.5960,true,1,49421
7290111344572,false,ניקול שקיות אשפה עם ידיות 25 יח',ניקול,TR,שקיות אשפה ניקול עם ידיות 25יח,יחידה,25.00,יחידה,false,8,24.90,0.9960,true,1,45508
7290111344619,false,"ניקול מטליות לחות לניקוי סביבת התינוק צעצועים, 50 יחידות",עלבד משואות יצחק,IL,מטליות לחות ניקול לניקוי סביבת התינוק 50,יחידה,50.00,יחידה,false,12,13.90,0.2780,true,1,39064
7290111344626,false,מגבות מטבח אנטיבקריאליות,,IL,מארז 2יח מגבות מטבח אנטיבקטריאלי ניקול,יחידה,2.00,יחידה,false,24,22.90,11.4500,true,1,38102
7290111344633,false,ניקול משטח ייבוש כלים אנטיבקטריאלי,ניקול,IL,משטח לייבוש כלים אנטיבקטריאלי ניקול,יחידה,1.00,יחידה,false,12,22.90,22.9000,true,1,38101
7290111344732,false,קלינקס - טיישו אלרג'י קומפורט ניילון זוגות 140 דף,קימברלי קלארק,IL,ממחטות אף קלינקס אלרגי קומפורט 140דף,יחידה,140.00,יחידה,false,30,14.90,0.1064,true,1,39065
7290111344824,false,מגן תחתון קוטקס אקסטרא אנטיבקטריאלי לארג',חוגלה,CN,מגן תחתון קוטקס אנטיבקטראלי לארג 52יח,יחידה,52.00,יחידה,false,1,21.90,0.4212,true,1,46909
7290111344831,false,קוטקס - מגיני יום אקסטרא פרוטקט נורמל ביג 60 יח',חוגלה קימברלי,CN,מגן תחתון קוטקס אקסטרא פרוטקט נורמל 60יח,יחידה,60.00,יחידה,false,1,21.90,0.3650,true,1,46896
7290111344855,false,קוטקס - מגיני יום אקסטרא פרוטקט לארג' ביג 52 יח',חוגלה קימברלי,CN,מגן תחתון קוטקס אקסטרא פרוטקט לארג 52יח,יחידה,52.00,יחידה,false,1,21.90,0.4212,true,1,46897
7290111344879,false,קוטקס מגיני תחתון 2IN1 מחזור+שתן 44 יחיד,חוגלה,CN,מגן תחתון קוטקס 2 ב1 לארג 44 יחידות,יחידה,44.00,יחידה,false,1,21.90,0.4977,true,1,46908
7290111344916,false,ניקול שישיית כריות יפניות אנטיבקטריאליות,חוגלה קימברלי,IL,מארז 6יח כרית יפנית אנטיבקטריאלי ניקול,יחידה,6.00,יחידה,false,24,16.90,2.8167,true,1,39062
7290111344930,false,מטליות לחות לרצפה בניחוח כביסה ארומתרפיה ניקול 10 יח',ניקול,IL,מטליות לחות לניקוי רצפות 10יח ניחוח מרכך,יחידה,10.00,יחידה,false,1,12.90,1.2900,true,1,45504
7290111344978,false,רדיד אלומיניום עבה 60 מטר ניקול,"אופל בע""מ",IL,רדיד אלומיניום 60מטר עבה,מטרים,60.00,מטר,false,1,41.90,0.6983,true,1,39060
7290111345043,false,ניקול מטליות מיקרופייבר דו צדדית למשטחים,סדובסקי,IL,מטליות מיקרופייבר למשטחים 2יח דו צדדי ני,יחידה,2.00,יחידה,false,24,17.90,8.9500,true,1,45506
7290111345050,false,כריות מיקרופייבר ניקול לניקוי עדין,ניקול,CN,כריות ניקוי מיקרופייבר דו צדדי 2יח ניקול,יחידה,2.00,יחידה,false,20,14.90,7.4500,true,1,45507
7290111345722,false,ניקול שקיות לשמירה על הטריות 5 יחידות,ניקול,TR,שקיות לשמירת הטריות 5יח ניקול,יחידה,5.00,יחידה,false,24,16.90,3.3800,true,1,49422
7290111345753,false,תחבושות נטורל דואו נורמל 24 יח' קוטקס,קריות זול,CZ,תחבושות קוטקס נטורל נורמל דואו 24יח,יחידה,24.00,יחידה,false,16,19.90,0.8292,true,1,48218
7290111345760,false,תחבושות נטורל דואו סופר 18 יח' קוטקס,קריות זול,CZ,תחבושות קוטקס נטורל סופר דואו 18יח,יחידה,18.00,יחידה,false,16,19.90,1.1056,true,1,48219
7290111345777,false,תחבושת קוטקס כותנה לילה 16 יח' קוטקס,קריות זול,CZ,תחבושות קוטקס נטורל אוברנייט דואו 16יח,יחידה,16.00,יחידה,false,16,19.90,1.2437,true,1,48220
7290111345982,false,ניקול דפי ספוגית הקסם 10 יחידות,חוגלה קימברלי,IL,דפי ספוגית הקסם 10יח ניקול,יחידה,10.00,יחידה,false,24,10.90,1.0900,true,1,47800
7290111346088,false,נייר טואלט מולט דו שכבתי 30 גל,חוגלה קימברלי,IL,נייר טואלט מולט אקסטרא לאב 30גלילים,יחידה,30.00,יחידה,false,1,27.90,0.9300,true,1,48830
7290111346293,false,מגבת נייר ניקול 6 יחידות מהדורה חגיגית,קימברלי קלארק,IL,מארז 6יח מגבות נייר למטבח ניקול,יחידה,6.00,יחידה,false,1,12.90,2.1500,true,1,48829
7290111346347,false,מגבוני אף אוריגינל סופט חמישיה קלינקס,קימברלי קלארק,IL,מארז 5 יח מגבוני אף קלינקס בניילון,יחידה,5.00,יחידה,false,18,15.90,3.1800,true,1,49918
7290111350030,false,רסק תפוחי עץ טבעי בצנצנת 670 גרם קלית גת,"ג'י אנד ג'י בע""מ",IL,רסק תפוח עץ טבעי קליית גת 670 גרם,גרמים,670.00,100 גרם,false,1,11.90,1.7761,true,1,47409
7290111350047,false,תמרים מזן מגהול ללא חרצנים 500 גרם,טעמי הגליל,IL,תמרים מגהול ללא חרצנים קליית גת 500 גרם,גרמים,500.00,100 גרם,false,12,12.90,2.5800,true,1,47411
7290111350092,false,מארז מיקס חטיפי מיני לואקר בסט 200 גר,ליימן מותגים,,מארז המיטב של לואקר 200 גרם,גרמים,200.00,100 גרם,false,1,20.90,10.4500,true,1,19352
7290111350672,false,צנצנת דבש קליית גת 700 גרם,חקלאות עין חרוד מאוח,IL,דבש טהור קליית גת 700 גרם,גרמים,700.00,100 גרם,false,12,29.90,4.2714,true,1,47413
7290111350719,false,חטיף נאצוס הוטפופ בסגנון מסעדות 322 גר,ליימן מותגים,US,חטיף נאצוס סגנון מסעדות 322 גרם,גרמים,322.00,100 גרם,false,1,17.90,5.5590,true,1,27721
7290111350726,false,חטיף נאצוס הוטפופ בסגנון מקסיקני 322 גר,ליימן מותגים,US,חטיף נאצוס סגנון מקסיקני 322 גרם,גרמים,322.00,100 גרם,false,1,17.90,5.5590,true,1,27720
7290111350740,false,הוט פופ קידס טבעי+מלח 500 ג' +5 גביעים,ליימן מותגים,US,פופקורן הוטפופ קידס500 ג למיקרוגל,גרמים,500.00,100 גרם,false,1,15.00,3.0000,true,1,24876
7290111351433,false,"צ'וקטה עלי וופל דקים בטעם חמאה, 100 גרם",דיסטרופר אוליבייר,BE,עלי וופל דקים צוקטה טעם חמאה 100 גרם,גרמים,100.00,100 גרם,false,12,10.90,10.9000,true,1,28332
7290111352430,false,ממרח תמרים טבעי קליית גת 440 גרם,"כד בני דרום בע""מ",IL,ממרח תמרים טבעי קליית גת 440 גרם,גרמים,440.00,100 גרם,false,12,12.90,2.9318,true,1,32218
7290111352959,false,מקלות חמוצים ממולאים בטעם פירות 80 גר' יוגטה,יוגטה yogueta,TR,גומי שטיח יוגטה ממולא פירות 80 גר,Unknown,0.00,Unknown,false,1,4.90,0.0000,true,1,34643
7290111352966,false,יוגטה סוכריות ממולאות בטעם פירות 250 גרם ללא ג'לטין,ליימן שליסל,TR,גומי יוגטה מקלות ממולאות 250 גרם,גרמים,250.00,100 גרם,false,1,6.90,2.7600,true,1,34641
7290111352973,false,יוגוטה קוביות חמוצות ממולאות בטעם פירות,יוגטה yogueta,TR,גומי יוגטה קוביות חמוצות 220גרם,גרמים,220.00,100 גרם,false,1,6.90,3.1364,true,1,34642
7290111353055,false,"גומי דובי 200 גר' וסטהיים (כש""לפ בית יוסף)",טופגם תעשיות ממתקים,TR,סוכריות גומי יוגטה דובונים 200 גרם,גרמים,200.00,100 גרם,false,18,9.90,4.9500,true,1,37269
7290111353079,false,יוגטה סוכריות גומי דובונים 180 ג' קופסא,אפגאם תעשיות ממתקים,TR,סוכריות גומי יוגטה דובונים קופסא 180 גרם,גרמים,180.00,100 גרם,false,18,9.90,5.5000,true,1,37275
7290111353109,false,"גומי נחש מבריק 200 גר' וסטהיים (כש""לפ בית יוסף).",טופגם תעשיות ממתקים,TR,סוכריות גומי יוגטה נחשים מבריק 200 גרם,גרמים,200.00,100 גרם,false,18,9.90,4.9500,true,1,37270
7290111353123,false,"גומי נחש מסוכר 200 גר' וסטהיים (כש""לפ בית יוסף)",טופגם תעשיות ממתקים,IL,סוכריות גומי יוגטה נחשים חמוצות 200 גרם,גרמים,200.00,100 גרם,false,18,9.90,4.9500,true,1,37271
7290111353239,false,"גומי יין 200 גר' וסטהיים (כש""לפ בית יוסף)",טופגם תעשיות ממתקים,TR,סוכריות גומי יין יוגטה 200 גרם,גרמים,200.00,100 גרם,false,18,9.90,4.9500,true,1,37272
7290111353550,false,חמאת בוטנים טבעית קליית גת 300 גרם,J&G קיסריה,IL,חמאת בוטנים טבעית קליית גת 300 גרם,גרמים,350.00,100 גרם,false,12,14.90,4.2571,true,1,47414
7290111353567,false,ממרח שקדים טבעי קליית גת 300 גרם,J&G קיסריה,IL,ממרח שקדים קליית גת 300 גרם,גרמים,300.00,100 גרם,false,12,32.90,10.9667,true,1,47415
7290111354137,false,ממרח פקאן מסוכר קליית גת 200 גרם,J&G קיסריה,IL,ממרח פקאן מסוכר קליית גת 200 גרם,גרמים,200.00,100 גרם,false,12,19.90,9.9500,true,1,50839
7290111354144,false,ממרח קוקוס מקורמל קליית גת 200 גרם,J&G קיסריה,IL,ממרח קוקוס מקורמל קליית גת 200 גרם,גרמים,200.00,100 גרם,false,12,15.90,7.9500,true,1,50838
7290111354588,false,קלמר מנטוס עם 30 סוכריות בטעם תות 75 גר,פרפטי ואן מלה,DE,קלמר מנטוס מרענן,Unknown,0.00,Unknown,false,1,16.90,0.0000,true,1,49725
7290111354687,false,מיני מרשמלו בטעם תות וניל 500 גרם,,IL,מיני מרשמלו יוגטה תות וניל 500 גרם,גרמים,180.00,100 גרם,false,14,19.90,11.0556,true,1,51485
7290111563492,false,סלטי צבר מטבוחה חריפה מרובע 6*400גרם,סלטי צבר,IL,סלט מטבוחה חריפה צבר מרובע 400גר,גרמים,400.00,100 גרם,false,1,12.90,3.2250,true,1,22142
7290111564239,false,שלגוני קראנץ' Crunch בטעם וניל - 5 יח',גלידות נסטלה )נגה גלידות,IL,מאגדת שלגון מיני קראנץ וניל 5 יח,יחידה,5.00,יחידה,false,1,30.90,6.1800,true,1,21209
7290111564277,false,פריכיות דקות ונימוחות 3 דגנים פיטנס Fitness,פרח תעשיות בעמ,IL,פריכיות פיטנס דקות דגנים 120 גרם,גרמים,120.00,100 גרם,false,1,10.90,9.0833,true,1,19227
7290111564291,false,פריכיות דקות ונימוחות 3 דגנים וקינואה פיטנס Fitness,פרח תעשיות בעמ,IL,פריכיות פיטנס דקות קינואה 120 גרם,גרמים,120.00,100 גרם,false,1,10.90,9.0833,true,1,19228
7290111564666,false,כדורי בשר צמחוניים עם המון חלבון,עיצובים 2020 (4.8),IL,כדורי בשר מן הצומח 500 גר טבעול,גרמים,500.00,100 גרם,false,1,32.90,6.5800,true,1,21059
7290111564956,false,"ביסלי במבה מיקס 200 גרם ""אסם""",פרו מן יו פתרונות אריזה,IL,חטיף מיקס במבה ביסלי 200גר,גרמים,200.00,100 גרם,false,1,10.90,5.4500,true,1,22086
7290111565038,false,"לה קרמריה וניל קוקילידה בד""צ 1.4 ל'",גלידות נסטלה )נגה גלידות,IL,גל. לה קרמריה וניל קוקילידה 1.4 ליטר,מיליליטרים,1400.00,"100 מ""ל",false,1,18.90,1.3500,true,1,22330
7290111566103,false,טבעול פלאפל מרכיבים ביתיים בלבד 590 גרם,עיצובים 2020 (4.8),IL,פלאפל רכיבים ביתיים 500גר טבעול,גרמים,500.00,100 גרם,false,1,32.90,6.5800,true,1,21049
7290111566127,false,מעדן אוראו קפוא בטעם וניל עם עוגיות בטעם שוקולד,ג'נרל מילס סאן אדריא,IT,מאגדת סנדביץ אוראו 6יח,יחידה,6.00,יחידה,false,1,17.90,2.9833,true,1,21205
7290111566226,false,שניצל ברוקולי טבעול 667 גרם,עיצובים 2020 (4.8),IL,שניצל ברוקולי טבעול 667גר,גרמים,667.00,100 גרם,false,1,32.90,4.9325,true,1,21046
7290111566240,false,שניצל דק מן הצומח בטעם צ'ילי חריף 700 גרם,עיצובים 2020 (4.8),IL,שניצל דק מן הצומח טעם צילי 564גר טבעול,גרמים,564.00,100 גרם,false,1,32.90,5.8333,true,1,21042
7290111566271,false,חטיפי תירס טבעול 657 גרם,עיצובים 2020 (4.8),IL,חטיפי תירס טבעול 600 גר,גרמים,600.00,100 גרם,false,1,33.90,5.6500,true,1,21040
7290111566318,false,שניצל דק מן הצומח בטעם ביתי 700 גרם,עיצובים 2020 (4.8),IL,שניצל דק מן הצומח טעם ביתי 564גר טבעול,גרמים,564.00,100 גרם,false,1,32.90,5.8333,true,1,21041
7290111566332,false,"נקניקיות וינר מן הצומח 680 גרם ""טבעול""",עיצובים 2020 (4.8),IL,נקניקיות וינר מן הצומח טבעול 680 גר,גרמים,680.00,100 גרם,false,1,32.90,4.8382,true,1,21043
7290111566417,false,טבעול טחון מן הצומח משופר 400 גרם,עיצובים 2020 (4.8),IL,טחון מן הצומח 500 גר טבעול,גרמים,500.00,100 גרם,false,1,32.90,6.5800,true,1,21057
7290111566547,false,טבעול חזה בגריל צמחוני 99 קלוריות 560ג',עיצובים 2020 (4.8),IL,חזה בגריל מן הצומח 560גר טבעול,גרמים,560.00,100 גרם,false,1,32.90,5.8750,true,1,21055
7290111566561,false,"שניצל ברוקולי 99 קלוריות 560 גר' ""טבעול""",עיצובים 2020 (4.8),IL,שניצל ברוקולי מופחת שומן טבעול 560 גר,גרמים,560.00,100 גרם,false,1,32.90,5.8750,true,1,21051
7290111566585,false,"שניצל צמחוני 99 קלוריות 650 גר' ""טבעול""",עיצובים 2020 (4.8),IL,שניצל מן הצומח מופחת שומן 650 גר טבעול,גרמים,650.00,100 גרם,false,1,32.90,5.0615,true,1,21054
7290111566660,false,קציצות עדשים כתומות טבעול 530 גרם,עיצובים 2020 (4.8),IL,קציצות עדשים כתומות טבעול 530 גר,גרמים,530.00,100 גרם,false,1,32.90,6.2075,true,1,21047
7290111566691,false,"שניצל תרד 99 קלוריות 560 גרם ""טבעול""",עיצובים 2020 (4.8),IL,שניצל תרד טבעול לייט 99קלוריות 560 גר,גרמים,560.00,100 גרם,false,1,32.90,5.8750,true,1,21052
7290111566714,false,טבעול המבורגר צמחוני 99 קלוריות 600 גרם,עיצובים 2020 (4.8),IL,המבורגר מן הצומח 600גר 99קלוריות טבעול,גרמים,600.00,100 גרם,false,1,32.90,5.4833,true,1,21053
7290111566752,false,טבעול שניצל תירס 99 קלוריות 693 גרם,עיצובים 2020 (4.8),IL,שניצל תירס לייט 693 גר טבעול,גרמים,693.00,100 גרם,false,1,32.90,4.7475,true,1,21050
7290111566776,false,"נקניקיות קוקטייל מן הצומח 680 גרם ""טבעול""",עיצובים 2020 (4.8),IL,נקניקיות קוקטייל מן הצומח טבעול 680 גר,גרמים,680.00,100 גרם,false,1,32.90,4.8382,true,1,21044
7290111568206,false,"מיקס ביסלי, אפרופו ופיצוחים מתובלים",פרו מן יו פתרונות אר,IL,מיקס ביסלי פארטי 150 גרם,גרמים,150.00,100 גרם,false,1,8.50,5.6667,true,1,22085
7290111568251,false,אטריות נודלס להקפצה אסם אסייתי 350 גר',תאי פרזידנטפוד,TH,אטריות נודלס להקפצה אוסם 350 גרם,גרמים,300.00,100 גרם,false,1,10.90,3.6333,true,1,23145
7290111568275,false,אטריות נודלס אורז רחבות אסם אסייתי 300גרם,תאי פרזידנט,TH,אטריות אורז רחבות אוסם 350 גרם,גרמים,300.00,100 גרם,false,1,10.90,3.6333,true,1,23146
7290111568299,false,אטריות נודלס עם תרד אסם אסייתי 300 גר',זארה,IT,אטריות נודלס עם תרד אוסם 300 גרם,גרמים,300.00,100 גרם,false,1,10.90,3.6333,true,1,23143
7290111568466,false,רוטב אסייתי למוקפץ הסדרה האסייתית,אסיף תעשיות מזון בעמ,IL,רוטב אסייתי למוקפץ אוסם 290 מל,מיליליטרים,290.00,"100 מ""ל",false,1,12.90,4.4483,true,1,23150
7290111930898,false,חטיף פוף כוכבים גריל אמריקאי 40 גרם,פוף POOF,IL,חטיף מנה פוף כוכבים גריל 40 גר,Unknown,0.00,Unknown,false,1,3.90,0.0000,true,1,20713
7290111930904,false,חטיף פוף כוכבים בצל 40 גרם,פוף POOF,IL,חטיף מנה פוף כוכבים בצל 40 גר,Unknown,0.00,Unknown,false,1,3.90,0.0000,true,1,20714
7290111930911,false,חטיף פוף לבבות קלאסי 40 גרם,פוף POOF,IL,חטיף מנה פוף לבבות קלאסי 40 גר,Unknown,0.00,Unknown,false,1,3.90,0.0000,true,1,20710
7290111930928,false,חטיף פוף לבבות גריל 40 גרם,פוף POOF,IL,חטיף מנה פוף לבבות גריל 40 גר,Unknown,0.00,Unknown,false,1,3.90,0.0000,true,1,20711
7290111930935,false,חטיף פוף טבעות קלאסי 40 גרם,פוף POOF,IL,חטיף מנה פוף טבעות קלאסי 40 גר,Unknown,0.00,Unknown,false,1,3.90,0.0000,true,1,20712
7290111931321,false,"קולגייט משחת שיניים ילדים 6+ מיניונים 50 מ""ל",קולגייט- פלמוליב,PL,משחת שיניים קולגייט ילדים מיניונים 6+,יחידה,1.00,יחידה,false,12,12.90,12.9000,true,1,23025
7290111931338,false,"סבון נוזלי פלמוליב לומינוס תאנה 500 מ""ל",קולגייט פלמוליב,TR,סבון נוזלי פלמוליב לומינוס תאנה 500 מל,מיליליטרים,500.00,"100 מ""ל",false,1,16.90,3.3800,true,1,22449
7290111932502,false,"משחת שיניים קולגייט אופטיק וייט אקספרט וויט 75 מ""ל",קולגייט Colgate,MX,משחת שיניים קולגייט אופטיק וויט אקס 75מל,Unknown,0.00,Unknown,false,1,25.90,0.0000,true,1,23987
7290111933554,false,שלישייה עגבניות קוביות מאסטר שף 400 גרם,קונסוריזיו קאסאלסקו,IT,מארז 3 יח עגבניות קוביות מאסטר שף 400 גר,גרמים,1200.00,100 גרם,false,1,16.90,1.4083,true,1,47522
7290111933561,false,מאסטר שף תערובת ציפוי נגטס 250 גרם,טסט וסנט קו.לטד,TH,תערובת ציפוי לנאגטס 200גרם,גרמים,200.00,100 גרם,false,1,8.90,4.4500,true,1,29160
7290111933998,false,תבנית קוקי אינגליש עם נייר אפייה 4 יח,קוקי,CN,תבנית אינגליש עם נייר אפיה קוקי 4יח,יחידה,4.00,יחידה,false,1,10.90,2.7250,true,1,27685
7290111934032,false,קוקי רדיד אלומיניום כוכבים+סכין אורך,,CN,רדיד אלומיניום קוקי כוכבים עם סכין 60מטר,מטרים,60.00,מטר,false,12,29.90,0.4983,true,1,31645
7290111934049,false,קוקי רדיד אלומניום כ,,CN,זוג רדיד אלומיניום קוקי כוכבים רחב 7.5מט,מטרים,15.00,מטר,false,12,16.90,1.1267,true,1,31646
7290111934827,false,"סבון ידיים משאבה פלמוליב היגיינה 300 מ""ל",פלמוליב Palmolive,TR,סבון ידיים פלמוליב אלוורה דבש 300 מל,מיליליטרים,300.00,"100 מ""ל",false,1,11.90,3.9667,true,1,27684
7290111935800,false,ליידי ספיד סטיק דרמה ויטמין E סטיק 45 גר,ליידי ספיד סטיק Lady Speed Stick,US,דאו.ליידי ספיד סטיק דרמה ויטמין איי 45גר,Unknown,0.00,Unknown,false,1,15.90,0.0000,true,1,28551
7290111935824,false,ליידי ספיד סטיק אומגה 3 דרמה סטיק 45 ג',Colgate - USA,US,דאו.ליידי ספיד סטיק דרמה אומגה 3 45גר,יחידה,1.00,יחידה,false,1,15.90,15.9000,true,1,30204
7290111935961,false,מאסטר שף מחית עגבניות 690 גרם,פראנו אנריקו ופיגלי,IT,מחית עגבניות מאסטר שף 690 גרם,גרמים,690.00,100 גרם,false,12,10.90,1.5797,true,1,47581
7290111936203,false,"ליידי ספיד סטיק דרמה ספריי ויטמין אי 150 מ""ל",ליידי ספיד סטיק Lady Speed Stick,RU,דאו. ליידי ספיד סטיק ספריי דרמה ויטמין,מיליליטרים,150.00,"100 מ""ל",false,1,15.90,10.6000,true,1,28552
7290111936210,false,דאו ליידי ספיד סטיק ספריי דרמה פנינה 150,קולגייט פלמוליב,RU,דאו.ליידי ספיד דרמה ספריי פנינה 150מל,מיליליטרים,150.00,"100 מ""ל",false,1,15.90,10.6000,true,1,29078
7290111936241,false,"ספריי גוף ספיד סטיק קול אנרגי 140 מ""ל",קולגייט פלמוליב,MX,דאוד. ספיד סטיק לגבר ספריי קול אנרגי 140,מיליליטרים,140.00,"100 מ""ל",false,12,19.90,14.2143,true,1,28184
7290111936296,false,"פלמוליב סבון נוזלי בניחוח סנסיישן מסאז' ,750 מ""ל",קולגייט פלמוליב,TR,אלסבון פלמוליב משאבה סנסיישן מסאז 750מל,מיליליטרים,750.00,"100 מ""ל",false,1,16.90,2.2533,true,1,28187
7290111936784,false,פרי מארז חטיפים 5 יחידות תמרים ואגוזי לוז כשלפ,"טבעית מוצרים מהטבע בע""\מ",IL,חטיף פרי תמרים אגוזי לוז כשלפ,גרמים,125.00,100 גרם,false,1,16.90,13.5200,true,1,27366
7290111937088,false,ליידי ספיד סטיק דרמה רול און אומגה 3,Colgate - Mexico,MX,דאוד.ליידי ספיד סטיק דרמה רול און אומגה,Unknown,0.00,Unknown,false,1,15.90,0.0000,true,1,36724
7290111937095,false,"ליידי ספיד סטיק רול און אלוורה 50 מ""ל",Colgate - Mexico,MX,דאוד.ליידי ספיד סטיק דרמה רול און אלוור,Unknown,0.00,Unknown,false,1,15.90,0.0000,true,1,36723
7290111937231,false,פרי מארז חטיפים 5 יחידות תמרים וקוקוס כשלפ,"טבעית מוצרים מהטבע בע""\מ",IL,חטיף פרי תמרים וקוקוס כשלפ,גרמים,125.00,100 גרם,false,1,16.90,13.5200,true,1,27362
7290111937248,false,פרי מארז חטיפים 5 יחידות תמרים קשיו ונגיעות לוז כשלפ,"טבעית מוצרים מהטבע בע""\מ",IL,חטיף פרי תמרים קשיו ונגיעות לוז כשלפ,גרמים,125.00,100 גרם,false,1,16.90,13.5200,true,1,27363
7290111937255,false,פרי מארז חטיפים 5 יחידות תמרים בוטנים ואגוזי לוז כשלפ,"טבעית מוצרים מהטבע בע""\מ",IL,חטיף פרי תמרים בוטנים ואגוזי לוז כשלפ,גרמים,125.00,100 גרם,false,1,16.90,13.5200,true,1,27364
7290111937262,false,מארז חמישיית חטיפי תמרים אגוזים ושברי קקאו פרי 125 גרם,"טבעית מוצרים מהטבע בע""\מ",IL,חטיף פרי תמרים אגוזים ושברי קקאו כשלפ,גרמים,125.00,100 גרם,false,1,16.90,13.5200,true,1,27365
7290111937712,false,רדיד אלומיניום קוקי עטוף בנייר אפייה,קוקי,CN,רדיד אלומינים עם נייר אפיה קוקי 7.5מטר,מטרים,7.50,מטר,false,20,12.90,1.7200,true,1,31647
7290111938498,false,"מנה אסייאתי רוטב סויה בהירה 700 מ""ל מ.שף",קי.אר.אס. ספייסי פוד,TH,רוטב סויה בהירה מאסטר שף 700מל,מיליליטרים,700.00,"100 מ""ל",false,1,13.90,1.9857,true,1,31956
7290111939174,false,קוקי ניילון נצמד עם גומי מידה לארג,קוקי,CN,ניילון נצמד עם גומי מידה לארג 18יח,יחידה,18.00,יחידה,false,15,9.90,0.5500,true,1,31650
7290111939181,false,קוקי כיסוי ניילון עם גומי מיקס מידות,שסטוביץ,CN,ניילון נצמד עם גומי מיקס 20יח קוקי,יחידה,20.00,יחידה,false,15,9.90,0.4950,true,1,31651
7290112000088,false,טבליות גל וולייט שמי,רקיט בנקיזר,,טבליות גל וולייט שמירה על בגד עדין 15יח,יחידה,15.00,יחידה,false,1,14.90,0.9933,true,1,20772
7290112000101,false,וולייט טבליות לכביסה,רקיט בנקיזר,,טבליות גל וולייט שמירה על בגדים כהים 15י,יחידה,15.00,יחידה,false,1,14.90,0.9933,true,1,20771
7290112000132,false,מפזר אדים אוטומטי + מילוי בניחוח לבנדר ופריחת השקד,איירוויק Air Wick,HU,מפזר אדים אירוויק אוטומטי לבנדר שקדים,יחידה,1.00,יחידה,false,1,39.90,39.9000,true,1,22738
7290112000149,false,אירוויק מפיץ אדים אוטמטי מכשיר +מחלוי יסמין,RB הונגריה,HU,מפזר אדים אירוויק אוטומטי יסמין ופרחים,יחידה,1.00,יחידה,false,1,39.90,39.9000,true,1,22739
7290112000156,false,"איירוויק מילוי מפיץ אדים אוטמטי לבנדר 20 מ""ל",איירוויק Air Wick,HU,מילוי מפזר אדים אירוויק אוטומטי יסמין,יחידה,1.00,יחידה,false,1,24.90,24.9000,true,1,22740
7290112000163,false,מילוי למפזר אדים בניחוח יסמין ואדמונית,איירוויק Air Wick,HU,מילוי מפזר אדים אירוויק אוטומטי לבנדר,יחידה,1.00,יחידה,false,1,24.90,24.9000,true,1,22741
7290112000286,false,"גל לניקוי אסלות סיליט באנג לימון 750 מ""ל",סיליט באנג Cillit Bang,PL,גל לניקוי אסלות סיליט באנג 750מל ציטרוס,מיליליטרים,750.00,"100 מ""ל",false,1,9.90,1.3200,true,1,21070
7290112000293,false,"סיליט באנג ג'ל לחיטוי וניקוי האסלה פרש, 750 מ""ל",סיליט באנג Cillit Bang,PL,גל לניקוי אסלות סיליט באנג 750מל מרענן,מיליליטרים,750.00,"100 מ""ל",false,1,9.90,1.3200,true,1,21071
7290112000385,false,מנקה ומחטא עוצמתי למטבח ללא אקונומיקה,רקיט בנקיזר,PL,דטול מנקה ומחטא מטבח 750 מל,מיליליטרים,750.00,"100 מ""ל",false,12,14.90,1.9867,true,1,24064
7290112000392,false,מנקה ומחטא עוצמתי לחדר האמבטיה ללא אקונומיקה,רקיט בנקיזר,PL,דטול מנקה ומחטא אמבטיה 750 מל,מיליליטרים,750.00,"100 מ""ל",false,12,14.90,1.9867,true,1,24065
7290112000408,false,מנקה ומחטא עוצמתי לניקוי כללי בניחוח לימון,רקיט בנקיזר,US,דטול מנקה ומחטא לניקוי כללי 750 מל,מיליליטרים,750.00,"100 מ""ל",false,12,14.90,1.9867,true,1,24062
7290112000712,false,ויט קרם להסרת שיער לגבר למקלחת 150 מל,רקיט בנקיזר צרפת,FR,קרם להסרת שיער ויט לגבר 150מל,מיליליטרים,150.00,"100 מ""ל",false,5,34.90,23.2667,true,1,23437
7290112000729,false,ויט קרם להסרת שיער לגבר 200 מל,רקיט בנקיזר צרפת,FR,קרם להסרת שיער ויט לגבר 200מל,מיליליטרים,200.00,"100 מ""ל",false,6,49.90,24.9500,true,1,23438
7290112000828,false,דטול - מגבונים חיטוי וניקוי אנטי בקטריאלי 60 יח',רקיט בנקיזר,PL,דטול מטליות לחות מנקה ומחטא משטחים 60יח,יחידה,60.00,יחידה,false,12,10.90,0.1817,true,1,24068
7290112000842,false,דטול מגבונים לניקוי כללי בניחות לימון 60 יח',רקיט בנקיזר,PL,דטול מטליות לחות לניקוי כללי 60 יח,יחידה,60.00,יחידה,false,12,10.90,0.1817,true,1,24063
7290112000873,false,מטליות לחות לחדר האמבטיה מנקה ומחטא עוצמתי,רקיט בנקיזר,US,דטול מטליות לחות מנקה ומחטא אמבטיה 60יח,יחידה,60.00,יחידה,false,12,10.90,0.1817,true,1,24207
7290112000880,false,מטליות לחות למטבח מנקה ומחטא עוצמתי,רקיט בנקיזר,PL,דטול מטליות לחות מנקה ומחטא למטבח 60 יח,יחידה,60.00,יחידה,false,12,10.90,0.1817,true,1,24067
7290112001016,false,"אירוויק פרשמטיק מכשיר אוטמטי ומלוי בניחוח תענוגות האביב 250 מ""ל",רקיט בנקיזר,HU,מבשם אויר מכשיר אוטומטי אירוויק ת.אביב,יחידה,1.00,יחידה,false,1,44.90,44.9000,true,1,24054
7290112001023,false,"אירוויק ספרי אוטמטי מילוי תענוגות האביב 250 מ""ל","יצרן המכשיר: זובלה, שנזן",HU,מילוי מבשם אויר אוטומטי אירוויק ת.אביב,יחידה,1.00,יחידה,false,1,15.90,15.9000,true,1,24055
7290112001030,false,"אירוויק ספרי אוטמטי מילוי פריחת הדובדבן 250 מ""ל","יצרן המכשיר: זובלה, שנזן",HU,מילוי מבשם אויר אוטומטי אירוויק פ.דובדבן,יחידה,1.00,יחידה,false,1,15.90,15.9000,true,1,24056
7290112001221,false,מנקה מכונת כביסה בניחוח נקי ורענן,רקיט בנקיזר,PT,נוזל קולון ניקוי מכונת כביסה 250מל,מיליליטרים,250.00,"100 מ""ל",false,12,14.90,5.9600,true,1,24358
7290112001436,false,"פיניש מנקה מדיח כלים בניחוח לימון 250 מ""ל",רקיט בנקיזר,PL,נוזל מנקה ומחדש פיניש לימון 250 מל,מיליליטרים,250.00,"100 מ""ל",false,1,14.90,5.9600,true,1,30905
7290112001870,false,"סיליט באנג ספריי ניקוי אמבטיה 750 מ""ל",רקיט בנקיזר,PL,ספריי סיליט באנג לניקוי אמבטיות 750מל,מיליליטרים,750.00,"100 מ""ל",false,1,13.90,1.8533,true,1,29303
7290112001900,false,פיניש ג'ל למדיח אקולוגי 1 ליטר,רקיט בנקיזר,PL,גל למדיח פיניש הכל באחד 1 ליטר אקולוגי,ליטרים,1.00,ליטר,false,1,44.90,44.9000,true,1,29302
7290112002044,false,טבליות פיניש מנקה מדיח 3 יח,רקיט בנקיזר,HU,טבליות פיניש מנקה מדיח כלים 4יח,יחידה,4.00,יחידה,false,12,15.90,3.9750,true,1,30335
7290112002105,false,קולון גל כביסה מרוכז 2.5 ליטר ניחוח לילך,רקיט בנקיזר,IL,גל כביסה קולון 2.5ליטר ניחוח לילך,מיליליטרים,2500.00,"100 מ""ל",false,6,26.90,1.0760,true,1,30341
7290112002112,false,ג'ל כביסה מרוכז קולון 101 בניחוח ורדים,רקיט בנקיזר,IL,גל כביסה קולון 2.5ליטר ניחוח ורדים,מיליליטרים,2500.00,"100 מ""ל",false,6,26.90,1.0760,true,1,30340
7290112002136,false,ג'ל כביסה מרוכז קולון 101 קלאסי,רקיט בנקיזר,IL,גל כביסה קולון 4ליטר מרוכז רגיל,ליטרים,4.00,ליטר,false,4,34.90,8.7250,true,1,30342
7290112002167,false,קולון ג'ל כביסה בניחוח פריחה מרענן ירוק 4 ליטר,רקיט בנקיזר,IL,גל כביסה קולון 4ליטר מרוכז נ.פריחה,ליטרים,4.00,ליטר,false,4,34.90,8.7250,true,1,30343
7290112002181,false,אירוויק ג'ל מוצק בניחוח ורדים,רקיט בנקיזר,CN,מטהר אויר אירוויק גל מוצק ורדים 180גר,גרמים,180.00,100 גרם,false,12,10.90,6.0556,true,1,30316
7290112002204,false,אירוויק ג'ל מרענן 180 גר,רקיט בנקיזר,CN,מטהר אויר אירוויק גל מוצק מרענן 180גר,גרמים,180.00,100 גרם,false,12,10.90,6.0556,true,1,30313
7290112002457,false,דטול - שלישיית מגבונים לניקוי וחיטוי בניחוח לימון,רקיט בנקיזר,PL,מארז 3יח מגבוני דטול 60יח,יחידה,180.00,יחידה,false,12,24.90,0.1383,true,1,30347
7290112002983,false,"סיליט באנג ניקוי כללי רכיבים טבעיים 750 מ""ל",רקיט בנקיזר,PL,סיליט באנג ניקוי כללי 750מל ר.טבעיים,מיליליטרים,750.00,"100 מ""ל",false,12,16.90,2.2533,true,1,33917
7290112002990,false,"סיליט ספריי אבקת סודה להסרת שומנים 750 מ""ל",רקיט בנקיזר,PL,מסיר שומנים סיליט באנג 750מל ר.טבעיים,מיליליטרים,750.00,"100 מ""ל",false,12,16.90,2.2533,true,1,33916
7290112003096,false,"קולון מבשם בדים טבעי רענן ירוק 300 מ""ל",רקיט בנקיזר,ES,מבשם בדים קולון 300מל טבעי רענן ירוק,מיליליטרים,300.00,"100 מ""ל",false,12,21.90,7.3000,true,1,37057
7290112003140,false,"אירוויק ספרי אוטמטי מילוי מנגו מרענן 250 מ""ל",RECKITT BENCKISER UK,GB,מילוי מבשם אויר אוטומטי אירוויק מנגו,יחידה,1.00,יחידה,false,1,15.90,15.9000,true,1,33915
7290112003188,false,קולון קפסולות גל לכביסה 60 יחידות,רקיט בנקיזר,IT,טבליות גל כביסה קולון 60 יח,יחידה,60.00,יחידה,false,6,54.90,0.9150,true,1,35975
7290112003232,false,אבקת כביסה בניחוח לבנדר קולון 5 ק''ג,זוהר דליה,IL,אב.כביסה קולון 5 קג בריח לבנדר,קילוגרמים,5.00,"ק""ג",false,1,29.90,5.9800,true,1,34868
7290112003249,false,אבקת כביסה בניחוח מאסק קולון 5 ק''ג,זוהר דליה,IL,אב.כביסה קולון 5 קג בריח מאסק,קילוגרמים,5.00,"ק""ג",false,1,29.90,5.9800,true,1,34869
7290112003256,false,אבקת כביסה קולון 101 בניחוח לבנדר,זוהר דליה,IL,אב.כביסה קולון 1.25קג בריח לבנדר,קילוגרמים,1.25,"ק""ג",false,1,12.90,10.3200,true,1,34867
7290112003263,false,"אבקת כביסה קולון לבנדר 1.25 ק""ג",זוהר דליה,IL,אב.כביסה קולון 1.25קג בריח מאסק,קילוגרמים,1.25,"ק""ג",false,1,12.90,10.3200,true,1,34866
7290112003423,false,"איירוויק מקלות ריחניים אננס ורוזמרין 80 מ""ל",רקיט בנקיזר,HU,מקלות ריחניים איירוויק אננס ורוזמרין80מל,Unknown,0.00,Unknown,false,1,29.90,0.0000,true,1,37197
7290112003478,false,"מבשם אוויר אירוויק ספריי אננס ורוזמרין 236 מ""ל",רקיט בנקיזר,PL,מ.אוויר אירוויק ספריי אננס ורוזמרי236 מל,מיליליטרים,236.00,"100 מ""ל",false,1,21.90,9.2797,true,1,37200
7290112003515,false,איירוויק ספריי בוטינקה בניחוח ורדים וגרניום 236 מל,רקיט בנקיזר,PL,מ.אוויר אירוויק ספריי ורדים גרניום 236מל,מיליליטרים,236.00,"100 מ""ל",false,1,21.90,9.2797,true,1,37201
7290112003522,false,איירוויק בוטניקה נר ריחני בניחוח אננס ור,רקיט בנקיזר,CN,נר ריחני איירוויק אננס ורוזמרין 205גר,גרמים,205.00,100 גרם,false,1,29.90,14.5854,true,1,37194
7290112003553,false,איירוויק בוטניקה נר ריחני בניחוח עשבי יע,רקיט בנקיזר,CN,נר ריחני איירוויק יער ועשבי בר 205גר,גרמים,205.00,100 גרם,false,1,29.90,14.5854,true,1,37193
7290112003560,false,איירוויק בוטניקה נר ריחני בניחוח ורדים ו,רקיט בנקיזר,CN,נר ריחני איירוויק ורדים וגרניום 205גר,גרמים,205.00,100 גרם,false,1,29.90,14.5854,true,1,37195
7290112003843,false,"קלגון גל אנטי בקטריאלי 750 מ""ל",רקיט בנקיזר,IT,גל קלגון אנטי בקטריאלי 750מל,מיליליטרים,750.00,"100 מ""ל",false,1,29.90,3.9867,true,1,39032
7290112004024,false,ג'ל מסיר כתמים לכביסה לבנה וניש אוקסי אקשן,קליה וניש Kalia Vanish,PL,גל כביסה וניש גולד להסרת כתמים לבן940מל,מיליליטרים,940.00,"100 מ""ל",false,1,19.90,2.1170,true,1,45454
7290112004031,false,ג'ל מסיר כתמים לכביסה צבעונית וניש אוקסי אקשן,קליה וניש Kalia Vanish,PL,גל כביסה וניש גולד להסרת כתמים ורוד940מל,מיליליטרים,940.00,"100 מ""ל",false,1,19.90,2.1170,true,1,45453
7290112004109,false,מטליות לחות לניקוי כללי וחיטוי בריח ליים ונענע- מארז,רקיט בנקיזר,PL,מארז 3יח מגבוני דטול לניקוי כללי 60יח,יחידה,180.00,יחידה,false,12,24.90,0.1383,true,1,37192
7290112004161,false,"ספריי אוטמטי מילוי בניחוח סנטורל 250 מ""ל אירוויק",RB בריטניה,GB,מילוי מבשם אויר אירוויק פרשמטיק פיור עשב,יחידה,1.00,יחידה,false,1,15.90,15.9000,true,1,37190
7290112004185,false,"פיניש נוזל הברקה אקולוגי למדיח 400 מ""ל",רקיט בנקיזר,PL,נוזל הברקה פיניש למדיח 400מל אקולוגי,מיליליטרים,400.00,"100 מ""ל",false,12,14.90,3.7250,true,1,40536
7290112004192,false,פיניש טבליות אקולוגי 70יח 1 ALL IN,רקיט בנקיזר,PL,טבליות פיניש למדיח הכל באחד 70יח אקולוגי,יחידה,70.00,יחידה,false,8,59.90,0.8557,true,1,40537
7290112004208,false,פיניש טבליות למדיח הכל ב 1 לימון 50 יחידות,רקיט בנקיזר,PL,טבליות פיניש למדיח הכל באחד 50יח לימון,יחידה,50.00,יחידה,false,1,44.90,0.8980,true,1,40535
7290112004314,false,"דטול - תרסיס חיטוי וניקוי בניחוח לימון רימונים 750 מ""ל",רקיט בנקיזר,PL,דטול מנקה ומחטא מטבח 750מל רימונים,מיליליטרים,750.00,"100 מ""ל",false,12,14.90,1.9867,true,1,40538
7290112004321,false,דטול מטליות לחות לניקוי כללי בניחוח רימונים 60 יחידות,רקיט בנקיזר,PL,מטליות לחות דטול לניקוי כללי 60יח,יחידה,60.00,יחידה,false,12,10.90,0.1817,true,1,40539
7290112004413,false,"ספריי וניש קליה להסרת כתמים לבגדים לבנים 750 מ""ל",רקיט בנקיזר,PL,ספריי וניש אוקסי אקשן 750מל לבגדים לבנים,מיליליטרים,750.00,"100 מ""ל",false,1,16.90,2.2533,true,1,48050
7290112004468,false,דטול - מחטא כביסה לכותנה 1.50 ליטר,RB איטליה,IT,נוזל מחטא כביסה דטול 1.5ליטר כותנה,מיליליטרים,1500.00,"100 מ""ל",false,8,24.90,1.6600,true,1,45459
7290112004604,false,דטול - שלישיית מגבונים לניקוי וחיטוי בניחוח לימון רימונים,רקיט בנקיזר,PL,מארז 3יח מגבוני דטול לניקוי כללי 60יח,יחידה,180.00,יחידה,false,12,24.90,0.1383,true,1,40540
7290112004611,false,"וניש קליה ג'ל מרוכז לטיפול נקודתי בכתמים 200 מ""ל",רקיט בנקיזר,PT,גל וניש קליה פאואר 200מל,מיליליטרים,200.00,"100 מ""ל",false,8,16.90,8.4500,true,1,47457
7290112004772,false,אירוויק מילוי מבשם חשמלי כביסה באוויר,רקיט בנקיזר,GB,מילוי מבשם אויר חשמלי כביסה באויר בודד,יחידה,1.00,יחידה,false,1,19.90,19.9000,true,1,49332
7290112004963,false,"פיניש אולטימייט קפסולות לניקוי כלים במדיח, 25 יחידות",רקיט בנקיזר,PL,טבליות פיניש אולטימייט למדיח 25 טבליות,יחידה,25.00,יחידה,false,1,39.90,1.5960,true,1,50348
7290112004970,false,פיניש אולטימייט קוואנטום 50 טבליות למדיח,רקיט בנקיזר,IL,טבליות פיניש למדיח אולטימייט 50יח,יחידה,50.00,יחידה,false,1,59.90,1.1980,true,1,50350
7290112004987,false,אירוויק ספריי אוטומטי מילוי לבנדר,רקיט בנקיזר,GB,מילוי מבשם אויר אירוויק פרשמטיק פצולי,יחידה,1.00,יחידה,false,1,15.90,15.9000,true,1,49237
7290112005045,false,וניש תוסף כביסה רב תכליתי לבגדים לבנים,קליה וניש Kalia Vanish,IT,אבקה להסרת כתמים וניש כביסה לבנה 480גר,גרמים,480.00,100 גרם,false,12,17.90,3.7292,true,1,49343
7290112005052,false,וניש תוסף כביסה רב תכליתי לבגדים לבנים,קליה וניש Kalia Vanish,IT,אבקה להסרת כתמים וניש כביסה לבנה 1.5קג,גרמים,1500.00,100 גרם,false,6,34.90,2.3267,true,1,49341
7290112005076,false,וניש תוסף כביסה רב תכליתי לכביסה צבעונית,קליה וניש Kalia Vanish,IT,אבקה להסרת כתמים וניש כביסה צבעוני 480גר,גרמים,480.00,100 גרם,false,12,17.90,3.7292,true,1,49344
7290112005083,false,וניש תוסף כביסה רב תכליתי לכביסה צבעונית,קליה וניש Kalia Vanish,IT,אבקה להסרת כתמים וניש כביסה צבעוני 1.5קג,גרמים,1500.00,100 גרם,false,6,34.90,2.3267,true,1,49342
7290112005144,false,מכשיר פרשמטיק אוטומטי ניחוח יסמין,רקיט בנקיזר,GB,מבשם אויר מכשיר אוטומטי אירוויק יסמין,יחידה,1.00,יחידה,false,1,44.90,44.9000,true,1,49238
7290112005168,false,פיניש אולטימייט קוואנטום לימון 60 טבליות למדיח,רקיט בנקיזר,PL,טבליות פיניש קואנטום לימון למדיח 60 יח,יחידה,60.00,יחידה,false,6,59.90,0.9983,true,1,50349
7290112191120,false,פתיתי פסטה מספרים ואותיות 400גר,פ.פ.ה טאביט,,פסטהביצים אוריינט צורות 400 גרם,גרמים,400.00,100 גרם,false,1,12.90,3.2250,true,1,24256
7290112192158,false,"ניוקי תפו""א 500 גרם ללא גלוטן",,IT,ניוקי תפוא ללא גלוטן 500 גר GFREE,גרמים,500.00,100 גרם,false,1,10.90,2.1800,true,1,28255
7290112192509,false,פירורי לחם ללא גלוטן 250 גר GFREE,אשבל מזון פונקציונלי,IL,פירורי לחם GFREE ללא גלוטן 250 גר,גרמים,250.00,100 גרם,false,1,15.90,6.3600,true,1,27002
7290112192561,false,"משחת שיניים פרודונטקס הגנה מלאה מרעננת הלבנה 75 מ""ל",ג'י.אס.קיי קונסיומר,IE,מש.שיניים פרודונטקס מרעננת הלבנה 75מל,Unknown,0.00,Unknown,false,12,31.90,0.0000,true,1,30127
7290112192578,false,משחת שיניים פרודונטקס אקסטרה פרש הגנה מלאה,ג'י.אס.קיי קונסיומר,IE,מש.שיניים פרודונטקס הגנה מלאה 75מל,Unknown,0.00,Unknown,false,12,31.90,0.0000,true,1,30126
7290112192585,false,פרודונטקס מברשת שיניים הגנה מלאה סופט,גלקסוס סמית קליין,IE,מברשת שינים פרדונטקס הגנה מלאה,Unknown,0.00,Unknown,false,1,28.90,0.0000,true,1,30128
7290112192875,false,"סנסודיין - משחת שיניים רגישות וחניכיים 75 מ""ל",סנסודיין Sensodyne,GB,משחת שיניים סנסודיין רגישות וחניכיים 75מ,מיליליטרים,75.00,"100 מ""ל",false,12,31.90,42.5333,true,1,30568
7290112192882,false,"סנסודיין - משחת שיניים רגישות וחניכיים מלבינה 75 מ""ל",ג'י.אס.קיי קונסיומר,GB,משחת שיניים סנסודיין רגישות מלבינה 75מל,מיליליטרים,75.00,"100 מ""ל",false,12,31.90,42.5333,true,1,30569
7290112192905,false,מברשת לשיניים רגישות ובעיות חניכיים סנסודיין,סנסודיין Sensodyne,DE,מברשת שיניים סנסודיין רגישות סופט,יחידה,1.00,יחידה,false,12,31.90,31.9000,true,1,30581
7290112192943,false,"ספירה אנתוש אלוורה 50 מ""ל",ספירה Spira,IT,דוחה יתושים אנתוש אלוורה ספירה 50 מל,Unknown,0.00,Unknown,false,24,12.90,0.0000,true,1,32749
7290112193070,false,א.פרש אקסטרים דיפ 75מ,MICLEN DE,SK,מש.שיניים אקווה פרש אקסטרים קלין דיפ 75מ,מיליליטרים,75.00,"100 מ""ל",false,12,14.90,19.8667,true,1,29316
7290112193117,false,"קרם לחות לשיער סטייל המפ 400 מ""ל",א.ל. ארמן,IL,קרם לחות שיער ארגן המפ 400מל סטייל,מיליליטרים,400.00,"100 מ""ל",false,1,32.90,8.2250,true,1,30139
7290112193278,false,"סטייל - שמפו מתולתלות לניקוי יסודי 600 מ""ל",א.ל.ארמן ייצור תמרוקים ב,IL,שמפו סטייל מתולתלות 600מל,מיליליטרים,600.00,"100 מ""ל",false,12,22.90,3.8167,true,1,33852
7290112193285,false,"סטייל - מרכך מתולתלות מגביר לחות 600 מ""ל",א.ל.ארמן ייצור תמרוקים ב,IL,מרכך סטייל מתולתלות 600מל,מיליליטרים,600.00,"100 מ""ל",false,12,22.90,3.8167,true,1,33851
7290112193292,false,"סטייל - מתולתלות מסכה לטיפול עמוק 500 מ""ל",א.ל.ארמן ייצור תמרוקים ב,IL,מסיכה לשיער מתולתלות 500מל,מיליליטרים,500.00,"100 מ""ל",false,12,24.90,4.9800,true,1,33854
7290112193308,false,"סטייל - מתולתלות גלייז מעצב ומאיץ ברק לשיער 400 מ""ל",א.ל. ארמן,IL,גלייז לשיער מתולתלות 400מל,מיליליטרים,400.00,"100 מ""ל",false,12,24.90,6.2250,true,1,33853
7290112193889,false,"סטייל - אל סבון ארומטי שחור 500 מ""ל",רנקסאן פלסטיק יאנגר סאן,TR,אל סבון סטייל תה שחור 500מל,מיליליטרים,500.00,"100 מ""ל",false,1,7.90,1.5800,true,1,38401
7290112193896,false,"סטייל - אל סבון ארומטי זהב 500 מ""ל",רנקסאן פלסטיק יאנגר סאן,TR,אל סבון סטייל תה צהוב 500מל,מיליליטרים,500.00,"100 מ""ל",false,1,7.90,1.5800,true,1,38402
7290112197085,false,"סטייל - סבון מעוצב פריז 500 מ""ל",רנקסאן פלסטיק יאנגר,TR,אל סבון סטייל מעוצב פריז 500מל,מיליליטרים,500.00,"100 מ""ל",false,18,10.90,2.1800,true,1,50905
7290112197092,false,"סטייל - סבון מעוצב ניו יורק 500 מ""ל",רנקסאן פלסטיק יאנגר,TR,אל סבון סטייל מעוצב ניו יורק 500מל,מיליליטרים,500.00,"100 מ""ל",false,18,10.90,2.1800,true,1,50906
7290112197122,false,"סטייל - סבון ידיים ירוק 500 מ""ל חדש",רנקסאן פלסטיק יאנגר,TR,סבון ידיים סטייל אדום 500מל,מיליליטרים,500.00,"100 מ""ל",false,1,7.90,1.5800,true,1,47455
7290112197139,false,"סטייל - סבון ידיים אדום 500 מ""ל חדש",רנקסאן פלסטיק יאנגר,TR,סבון ידיים סטייל ירוק 500מל,מיליליטרים,500.00,"100 מ""ל",false,1,7.90,1.5800,true,1,47456
7290112197177,false,דגני בוקר במילוי קרם בטעם נוגט ללא גלוטן 375 ג' G FREE,נטורל קייקס,IL,דגני בוקר במילוי קרם נוגט גפרי ללג 375גר,גרמים,375.00,100 גרם,false,10,19.90,5.3067,true,1,48637
7290112197184,false,דגני בוקר במילוי קרם קרמל מלוח ללא גלוטן 375 ג' G FREE,נטורל קייקס,IL,דגני בוקר במילוי קרם קרמל גפרי ללג 375גר,גרמים,375.00,100 גרם,false,10,19.90,5.3067,true,1,48638
7290112197191,false,דגני בוקר כהים במילוי קרם וניל ללא גלוטן 375 ג' G FREE,נטורל קייקס,IL,דגני בוקר כהים קרם וניל גפרי ללג 375גר,גרמים,375.00,100 גרם,false,10,19.90,5.3067,true,1,48639
7290112197207,false,מיני כריות בציפוי שוקולד חלב 70 גר,נטורל קייקס,IL,מיני כריות בציפוי שוקולד ללג 65 גר,Unknown,0.00,Unknown,false,16,7.90,0.0000,true,1,51100
7290112330352,false,"יוגורט PRO בטעם וניל 0% , 20 גרם חלבון בגביע","שטראוס בריאות בע""\מ",IL,דנונה פרו וניל עשיר בחלבון 20גרם 200 גרם,גרמים,200.00,100 גרם,false,1,6.10,3.0500,true,1,28388
7290112330390,false,דנונה פרו פירות יער 20 גרם חלבון 0% שומן 200 גרם,"שטראוס בריאות בע""\מ",IL,דנונה פרו פירות יער עשיר בחלבון20גר 200ג,גרמים,200.00,100 גרם,false,1,6.10,3.0500,true,1,28389
7290112330420,false,דנונה פרו לבן 2.9% שומן 150 גרם,מיוצר עי קונדיטוריית,IL,דנונה פרו טבעי 150גר 2.9%שומן 12גר חלבון,גרמים,150.00,100 גרם,false,24,4.90,3.2667,true,1,26928
7290112332585,false,פריכיות משולש תפוא אורז בתיבול סלק ומלח ים אנרג'י 30 גרם,"פרח תעשיו מזון בע""מ",IL,פריכיות אנרגי משולש סלק ומלח ים 30 גר,Unknown,0.00,Unknown,false,1,5.50,0.0000,true,1,28493
7290112332691,false,פינוקיות עוגיות קרם פסק זמן אגוזים 200 גרם,"הגביע מוצרי וופלים בע""\מ",IL,עוגיות קרם פסק זמן 200 גרם,גרמים,200.00,100 גרם,false,1,10.90,5.4500,true,1,29186
7290112332875,false,מסטיק מאסט קוביות בטעם מנטה עדינה 86 ג' עלית,אסקום קונפקשיין,DE,מסטיק מאסט קוביות מנטה עדינה 86 גרם,Unknown,0.00,Unknown,false,1,14.90,0.0000,true,1,28375
7290112332899,false,עלית - צנצנת בזוקה פופים קלאסי 58 גרם,אסקום קונפקשיין,IL,מסטיק בזוקה פופיס קלאסי 58 גרם,Unknown,0.00,Unknown,false,1,10.00,0.0000,true,1,28495
7290112334305,false,סלט כרובית בטחינה אחלה 330 ג',"שטראוס גרופ בע""\מ",IL,סלט כרובית בטחינה 330גר אחלה,גרמים,350.00,100 גרם,false,6,16.90,4.8286,true,1,25803
7290112334749,false,קפה טורקי בצלופן עלית 200 גרם+ 10% תוספת,שטראוס קפה בי.וי,IL,קפה טורקי עלית200+10%גרם,גרמים,200.00,100 גרם,false,1,14.90,7.4500,true,1,29455
7290112335043,false,כשלפ מרשמלו בזוקה ווסטהיים 150 ג',תות תעשיות מזון (201,IL,מרשמלו בזוקה 150 גר,גרמים,150.00,100 גרם,false,1,6.90,4.6000,true,1,27806
7290112335050,false,כשלפ מרשמלו ווסטהיים 150 ג',טופגאם תעשיות ממתקים,IL,מרשמלו וניל 150 גרם,גרמים,150.00,100 גרם,false,1,6.90,4.6000,true,1,27807
7290112335111,false,מסטיק מאסט קוביות בזוקה ללא גלוטן 86 גר,אסקום קונפקשיין,DE,מסטיק מאסט קוביות בזוקה 86 גרם,Unknown,0.00,Unknown,false,1,14.90,0.0000,true,1,28374
7290112335487,false,הפריכיות הטעימות קצח ודגנים אנרג'י 135 גרם,"פרח תעשיות מזון בע""\מ",IL,פריכיות אנרגי קצח ודגנים 135 גר,גרמים,135.00,100 גרם,false,1,11.90,8.8148,true,1,28373
7290112335494,false,הפריכיות הטעימות תפוחי אדמה בטעם פוטטוס,"פרח תעשיות מזון בע""\מ",IL,פריכיות אנרגי פוטטוס 135 גר,גרמים,135.00,100 גרם,false,1,11.90,8.8148,true,1,28372
7290112335500,false,"פרכיות אנרג'י חומוס,אורז,עדשים שחורות וקינואה 135 גרם","פרח תעשיות מזון בע""\מ",IL,פריכיות אנרגי מועשר בחלבון 135 גר,גרמים,135.00,100 גרם,false,1,11.90,8.8148,true,1,28371
7290112336637,false,סוכריות מאסט Must ללא סוכר יוגורט תות ואוכניות,שטראוס גרופ,PL,סוכ.מאסט יוגרט תות אוכ ללס 80 גר,גרמים,80.00,100 גרם,false,1,8.90,11.1250,true,1,30330
7290112336644,false,סוכריות מאסט ללא סוכר לימון 80 ג' עלית,שטראוס גרופ,PL,סוכ.מאסט לימון ללס80 גר,Unknown,0.00,Unknown,false,1,8.90,0.0000,true,1,30331
7290112336651,false,סוכריות מאסט ללא סוכר ריבת חלב 80 ג' עלית,שטראוס גרופ,PL,סוכ.מאסט ריבת חלב ללס80 גר,Unknown,0.00,Unknown,false,1,8.90,0.0000,true,1,30334
7290112336712,false,יוגורט PRO לבן 0% 21 גרם חלבון בגביע,"שטראוס בריאות בע""מ",IL,דנונה פרו 21גר חלבון 0%שומן 200גר,גרמים,200.00,100 גרם,false,1,6.10,3.0500,true,1,27560
7290112337474,false,סוכריות מאסט ללא סוכר פטל לימון 80 ג' עלית,שטראוס גרופ,PL,סוכ.מאסט פטל לימון ללס80 גר,Unknown,0.00,Unknown,false,1,8.90,0.0000,true,1,30332
7290112337481,false,סוכריות מאסט ללא סוכר קפצ''ינו 80 ג' עלית,שטראוס גרופ,PL,סוכ.מאסט קפוצינו ללס80 גר,Unknown,0.00,Unknown,false,1,8.90,0.0000,true,1,30333
7290112338877,false,מעדן גבינה בטעם תות 3% 125ג' סקי,"שטראוס בריאות בע""\מ",IL,גבינת סקי תות 125גרם,גרמים,125.00,100 גרם,false,1,4.10,3.2800,true,1,25801
7290112339362,false,דנונה לייט אנד פריי בטעם קפוצ'ינו 150 גרם,"שטראוס בריאות בע""\מ",IL,יוגורט דנונה לייט אנד פריי קפוצינו 150גר,גרמים,150.00,100 גרם,false,24,4.90,3.2667,true,1,30887
7290112339867,false,גמדים לדרך גבינה לבנה עם מחית תות,"שטראוס בריאות בע""\מ",IL,מעדן גמדים סקוויז תות 100גר בודד,גרמים,100.00,100 גרם,false,7,5.90,5.9000,true,1,26925
7290112339874,false,גמדים לדרך גבינה לבנה עם מחיות תות ובננה,"שטראוס בריאות בע""\מ",IL,מעדן גמדים סקוויז תות בננה 100גר בודד,גרמים,100.00,100 גרם,false,7,5.90,5.9000,true,1,26926
7290112340122,false,הפריכיות הטעימות 3 דגנים אנרג'י 135 גרם,"פרח תעשיות מזון בע""\מ",IL,פריכיות אנרגי 3 דגנים 135 גר,גרמים,135.00,100 גרם,false,1,11.90,8.8148,true,1,28370
7290112340245,false,צנצנת מסטיק מאסט בטעם דובדבן 66 ג' עלית,"שטראוס גרופ בע""\מ",IL,מסטיק מאסט דובדבן 66 גר,Unknown,0.00,Unknown,false,1,10.00,0.0000,true,1,27759
7290112340252,false,צנצנת מסטיק מאסט בטעם אבטיח מלון 66 ג' עלית,"שטראוס גרופ בע""\מ",IL,מסטיק מאסט אבטיח מלון 66 גר,Unknown,0.00,Unknown,false,1,10.00,0.0000,true,1,27758
7290112340900,false,קפה טורקי האג נטול קפאין 200 גרם,הנסיך- מפעל לייצור ט,IL,קפה האג טורקי ואקום 200 גרם,גרמים,200.00,100 גרם,false,1,25.90,12.9500,true,1,36542
7290112341556,false,יוגורט אקטיביה עם צ'יה ותות 150 גרם,"שטראוס בריאות בע""\מ",IL,דנונה אקטיביה ציה תות 3% 150 גר,גרמים,150.00,100 גרם,false,24,4.70,3.1333,true,1,30232
7290112341679,false,דנונה אקטיביה 3% שומן 200 גרם,מיוצר עי קונדיטוריית,IL,יוגורט דנונה אקטיביה 3% 200גר,גרמים,200.00,100 גרם,false,24,3.90,1.9500,true,1,30231
7290112341686,false,שמינייה יוגורט לבן אקטיביה 3% דנונה 150 גרם.,מיוצר עי קונדיטוריית,IL,מארז יוגורט אקטיביה 3% 8יח 150גרם,גרמים,1200.00,100 גרם,false,1,19.90,1.6583,true,1,30234
7290112342102,false,סימפוניה גבינה במרקם שמנת בצל מקורמל 5%,"שטראוס בריאות בע""\מ",IL,גב.סימפוניה בצל מקורמל 200 גרם,גרמים,160.00,100 גרם,false,1,11.90,7.4375,true,1,32250
7290112342270,false,קפה פלטינום אינטנס מחוזק ב- 10% אספרסו,שטראוס קפה בי.וי,IL,קפה נמס פלטיניום אינטנס 10% אספרסו125גר,גרמים,125.00,100 גרם,false,1,19.90,15.9200,true,1,29504
7290112342508,false,דוריטוס צ'יזי טוויסט 70 גרם,"שטראוס פריטו ליי בע""\מ",IL,חטיף דוריטוס ציז סוויט 70 ג,גרמים,70.00,100 גרם,false,1,3.70,5.2857,true,1,31155
7290112343260,false,"יטבתה רוטב שמנת קלאסי 9% שומן 260 מ""ל",שטראוס גרופ,IL,רוטב שמנת קלאסי יטבתה 9% 260גר,גרמים,260.00,100 גרם,false,1,11.90,4.5769,true,1,31147
7290112343420,false,"משקה חלב עם דגנים מלאים ובננה פרו יטבתה 350מ""ל",מחלבת יטבתה,IL,משקה פרו ארוחת בוקר 350מל,מיליליטרים,350.00,"100 מ""ל",false,6,7.50,2.1429,true,1,31144
7290112343499,false,חטיף צ'יטוס פאפס אפוי בטעם גבינה,"שטראוס פריטו ליי בע""\מ )",IL,חטיף ציטוס פופס גבינה 55 גרם,Unknown,0.00,Unknown,false,1,3.60,0.0000,true,1,41111
7290112343512,false,צ'יטוס puffs בטעם גבינה 180 גרם,"שטראוס פריטו ליי בע""\מ )",IL,חטיף ציטוס פופס גבינה 160 גרם,גרמים,160.00,100 גרם,false,9,8.90,5.5625,true,1,41113
7290112344564,false,רביולי גבינה קלאסי שטראוס 400 ג',"שטראוס גרופ בע""\מ",IL,פסטה רביולי גבינה 400 גרם קידס,גרמים,400.00,100 גרם,false,1,19.90,4.9750,true,1,30226
7290112344724,false,מעדן בטעם שוקולד בלונדי 170 ג' מילקי,מיוצר עי קונדיטוריית,IL,מילקי בטעם ש. בלונדי 170 גרם,גרמים,170.00,100 גרם,false,24,3.50,2.0588,true,1,31134
7290112344755,false,מילקי שוקולד 26% פחות סוכר 135 גרם,מיוצר עי קונדיטוריית,IL,מעדן מילקי מופחת סוכר 135גר,גרמים,135.00,100 גרם,false,1,2.90,2.1481,true,1,37333
7290112344786,false,קפה פלטינום קלאסיק עלית 200 גרם,שטראוס קפה בי.וי.,IL,קפה נמס פלטינום קלאסי 200 גרם,גרמים,200.00,100 גרם,false,1,25.90,12.9500,true,1,32162
7290112344953,false,סימפוניה חציל קלוי גבינה במקרם שמנת 5%,"שטראוס בריאות בע""\מ",IL,גבינת סימפוניה חציל קלוי 200גר,גרמים,200.00,100 גרם,false,1,11.90,5.9500,true,1,38350
7290112345219,false,מארז קפה ברזילאי 25 סטיקים פלטינום 50 ג',עלית,,קפה נמס פלטינום טו גו 25 סטיקים 50 גר,Unknown,0.00,Unknown,false,1,10.90,0.0000,true,1,31197
7290112346360,false,בפלות אחת אחת ופל בטעם שוקולד מצופה שוקולד,הגביע מוצרי וופלים ב,GR,בפלות אחת אחת מצופות 240 גרם,גרמים,240.00,100 גרם,false,1,13.90,5.7917,true,1,46514
7290112346537,false,עוגיות פינוקיות בטעם טורטית 200 ג' עלית,"הגביע מוצרי ופלים בע""\מ",IL,עוגיות קרם טורטית 200 גרם,גרמים,200.00,100 גרם,false,1,10.90,5.4500,true,1,31193
7290112346629,false,דנונה בר יוגורט+קורנפלקס מצופה שוקולד חלב ולבן 172 גרם,"שטראוס בריאות בע""\מ",IL,יוגורט דנונה בר קורנפלקס מצופה שוקולד172,גרמים,172.00,100 גרם,false,1,4.70,2.7326,true,1,33989
7290112346773,false,יוגורט בטעם וניל 0% לייט אנד פרי 10 גרם חלבון בגביע,מיוצר עי קונדיטוריית,IL,יוגורט דנונה לייט אנד פריי וניל וחלבון,גרמים,150.00,100 גרם,false,24,4.90,3.2667,true,1,37884
7290112346797,false,יוגורט אקטיביה שיבולת שועל ושזיף 150 גרם,מיוצר עי קונדיטוריית,IL,דנונה אקטיביה שבולת שועל ושזיף 3% 150 גר,גרמים,150.00,100 גרם,false,24,4.70,3.1333,true,1,32984
7290112346827,false,שמיניית אקטימל ויטמין C פטל 108 גרם,"שטראוס בריאות בע""\מ",IL,משקה אקטימל ויטמין סי פטל 8יח 108גר,גרמים,864.00,100 גרם,false,1,21.90,2.5347,true,1,36874
7290112347008,false,גמדים לדרך גבינה לבנה עם מחית תות ושיבולת שועל,מיוצר עי קונדיטוריית,IL,מעדן גמדים סקוויז ארוחת בוקר תות 100ג,גרמים,100.00,100 גרם,false,7,5.90,5.9000,true,1,31140
7290112347473,false,מארז דנונה לייט אנד פריי תות ואפרסק 150 גרם 8 יחידות,מיוצר עי קונדיטוריית,IL,מארז 8יח דנונה לייט אנד פריי תות אפרסק,גרמים,1200.00,100 גרם,false,1,28.90,2.4083,true,1,30888
7290112348142,false,שעועית לבנה 380 גר' בקופסה טעם הטבע,שטראוס טעם הטבע,IT,שעית לבנה עטעם הטבע 380 גרם,גרמים,380.00,100 גרם,false,16,6.90,1.8158,true,1,34087
7290112348616,false,עלית - קפה נמס אגוזי לוז 100 גרם,שטראוס קפה בי.וי,IL,קפה נמס אגוזי לוז 100 גרם,גרמים,100.00,100 גרם,false,1,14.90,14.9000,true,1,36681
7290112348999,false,הפריכיות הטעימות תירס דקות אנרג'י 135 גרם,פרח תעשיות,IL,פריכיות אנרגי תירס דקות 135 גר,גרמים,135.00,100 גרם,false,1,11.90,8.8148,true,1,37467
7290112349606,false,מעדן גבינה ויוגורט תות בננה 88 ג' דניאלה,"שטראוס בריאות בע""\מ",IL,דניאלה תות בננה 88גרם,Unknown,0.00,Unknown,false,1,4.50,0.0000,true,1,46910
7290112349705,false,פומודורו רוטב עגבניות קלאסי לפסטה יד מרדכי 350 גרם,אמיליאנה קונסרב סוסייטה,IT,רוטב פסטה פומודורו יד מרדכי 350 גרם,גרמים,350.00,100 גרם,false,12,11.90,3.4000,true,1,32420
7290112349736,false,בזיליקום רוטב עגבניות לפסטה יד מרדכי 350 גרם,אמיליאנה קונסרב סוסייטה,IT,רוטב פסטה בזיליקום יד מרדכי 350 גרם,גרמים,350.00,100 גרם,false,12,11.90,3.4000,true,1,32419
7290112349743,false,ארביאטה רוטב עגבניות פיקנטי לפסטה 350 ג' יד מרדכי,אמיליאנה קונסרב סוסייטה,IT,רוטב פסטה ארביאטה יד מרדכי 350 גרם,גרמים,350.00,100 גרם,false,12,11.90,3.4000,true,1,32418
7290112349750,false,פיצה רוטב עגבניות לפיצה יד מרדכי 350 גרם,אמיליאנה קונסרב סוסייטה,IT,רוטב פיצה יד מרדכי 350 גרם,גרמים,350.00,100 גרם,false,12,11.90,3.4000,true,1,32421
7290112349897,false,מסטיק מאסט Must קוביות בטעם מנטה ללא סוכר,אסקום קונפקשיין,DE,מסטיק מאסט קוביות מנטה 86 גרם,Unknown,0.00,Unknown,false,1,14.90,0.0000,true,1,32969
7290112350275,false,קפסולות LUNGO למכונת נספרסו עלית 10 יחידות,שטראוס קפה בי.וי,IL,קפסולות אספרסו לונגו בווסט12 יח,יחידה,12.00,יחידה,false,1,17.00,1.4167,true,1,32320
7290112350312,false,קפסולות 15 קפה יותר למכונות נספרסו עלית 10יח',הנסיך- מפעל לייצור ט,IL,קפסולות אספרסו 15 עוצמתי ביותר 10 יח,יחידה,10.00,יחידה,false,1,17.00,1.7000,true,1,35517
7290112350589,false,ציקו אבקה להכנת משקה ציקוריה 65 גר,שטראוס קפה בי.וי,IL,קפה ציקו אבקה 65 גר,Unknown,0.00,Unknown,false,1,12.90,0.0000,true,1,35008
7290112351104,false,שוקולד פרה ממולא פיצפוצי אורז 100 ג' עלית,"שטראוס גרופ בע""\מ",IL,שוקולד פרה פיצפוצי אורז 100 גר,גרמים,100.00,100 גרם,false,1,5.90,5.9000,true,1,33563
7290112351128,false,שוקולד פרה סוכריות קופצות וועסטהייים,"שטראוס גרופ בע""\מ",IL,שוקולד פרה סוכריו קופצות 100 גר,גרמים,100.00,100 גרם,false,1,5.90,5.9000,true,1,34984
7290112351258,false,עוגיית קקאו פינוקיות שחור לבן 200 גר,"הגביע מוצרי ופלים בע""\מ",IL,עוגיות פינוקיות שחור לבן 200 גרם,גרמים,200.00,100 גרם,false,1,10.90,5.4500,true,1,35514
7290112351463,false,שלישיית סוכריות מאסט FRESH פטל לימון 45 ג' עלית,"הליקון גידה בע""\מ",TR,מארז 3 יח סוכ.מאסט פרש פטל לימון 45 גר,גרמים,135.00,100 גרם,false,1,8.90,6.5926,true,1,34623
7290112351470,false,סוכריות ללא סוכר בטעם תות רימון מאסט פרש,"הליקון גידה בע""\מ",TR,מארז 3 יח סוכ.מאסט פרש רימון תות 45 גר,גרמים,135.00,100 גרם,false,1,8.90,6.5926,true,1,34624
7290112351524,false,עלי סלנובה 200 גר' שטראוס טעם הטבע,שטראוס בריאות ירקות טריי,IL,עלי סלנובה טעם הטבע 200 גרם,גרמים,200.00,100 גרם,false,1,9.90,4.9500,true,1,35056
7290112351753,false,עלית שלישיית פסק זמן קראנץ' 96 גרם,שולן צ'\קולטה גידה סאן,IL,מארז 3 יח פסק זמן קראנץ 96 גר,Unknown,0.00,Unknown,false,8,12.90,0.0000,true,1,37827
7290112353887,false,"משקה קפה קר בטעם אגוזים יטבתה 230 מ""ל",אנסטל מילק kg,AT,משקה קפה קר טעם אגוזים יטבתה 230מל,מיליליטרים,230.00,"100 מ""ל",false,10,7.90,3.4348,true,1,34786
7290112354174,false,"פסטה רוזה 280 ג""ר ""דלישס"" שטראוס",גסטרונומיה פרוסט אס. אר.,IT,ארוחת פסטה רוזה דלישס 280גר,גרמים,280.00,100 גרם,false,1,21.90,7.8214,true,1,45509
7290112354204,false,"ספגטי עגבניות 280 גר' ""דלישס"" שטראוס",גסטרונומיה פרוסט אס. אר.,IT,ארוחת ספגטי עגבניות דלישס 280גר,גרמים,280.00,100 גרם,false,1,21.90,7.8214,true,1,45510
7290112354235,false,ברקטה פיצה - 2 יחידות במארז,סקרלינפיצה אס. אר. אל. א,IT,ברקטה פיצה 300גר דלישס,גרמים,300.00,100 גרם,false,10,25.90,8.6333,true,1,45518
7290112354242,false,"קונוס פיצה ""דלישס"" שטראוס",סקרלינפיצה אס. אר. אל. א,IT,קונוס פיצה 280גר דלישס,גרמים,280.00,100 גרם,false,6,25.90,9.2500,true,1,45565
7290112354945,false,תפוצ'יפס wavy טבעי 50ג היתר מכירה,שטראוס פריטו ליי בע”,IL,חטיף תפוציפס וואוי טבעי 50 גרם,Unknown,0.00,Unknown,false,1,4.00,0.0000,true,1,50658
7290112354952,false,"תפוציפס WAVY בטעם פפריקה , 50 גרם",שטראוס פריטו ליי בע”,IL,חטיף תפוציפס וואוי פפריקה 50 גרם,Unknown,0.00,Unknown,false,1,4.00,0.0000,true,1,50659
7290112355027,false,דנונה פרו 20 גרם חלבון בטעם קרמל מלוח 200 גרם,"שטראוס בריאות בע""\מ",IL,דנונה פרו קרמל מלוח בחלבון 20גרם 200 גרם,גרמים,200.00,100 גרם,false,1,6.10,3.0500,true,1,37331
7290112355102,false,גמדים סקוויז 100 גרם פאוץ סלט פירות 100 גרם,"שטראוס בריאות בע""\מ",IL,מעדן גמדים סקוויז סלט פירות 100גר בודד,גרמים,100.00,100 גרם,false,7,5.90,5.9000,true,1,37889
7290112355393,false,"יטבתה רוטב שמנת+בטטה 9% שומן 250 מ""ל",שטראוס גרופ,IL,רוטב שמנת בטטה 257גרם יטבתה,גרמים,257.00,100 גרם,false,18,11.90,4.6304,true,1,50885
7290112355812,false,מעדן מילקי עם טופ קורנפלקס מצופה שוקולד,"שטראוס גרופ בע""\מ",IL,מילקי טופ קורנפלקס 141 גרם,גרמים,141.00,100 גרם,false,1,4.90,3.4752,true,1,48868
7290112355867,false,מילקי קצפת טופ פיצפוצים 86 גרם,"שטראוס גרופ בע""\מ",IL,מילקי קצפת טופ פיצפוץ 86גר,Unknown,0.00,Unknown,false,20,4.00,0.0000,true,1,45524
7290112356536,false,אבקת קקאו 150 גר 10% תוספת עלית,הנסיך- מפעל לייצור ט,IL,אבקת קקאו 150 גר+10% תוספת,גרמים,165.00,100 גרם,false,1,9.90,6.0000,true,1,34995
7290112357045,false,עגבניות איטלקיות מרוסקות 390 גר' בקופסה טעם הטבע,שטראוס טעם הטבע,IT,עגבניות איטלקיות מרוסקות טעם הטבע 390 גר,גרמים,390.00,100 גרם,false,24,6.90,1.7692,true,1,34463
7290112357069,false,מחית עגבניות איטלקיות בקופסה 500 גר' טעם הטבע,שטראוס טעם הטבע,IT,מחית עגבניות טעם הטבע 500 גר,גרמים,390.00,100 גרם,false,24,7.50,1.9231,true,1,34464
7290112357083,false,טעם הטבע אפונה ירוקה 380 גרם קופסה,שטראוס טעם הטבע,IT,אפונה גינה עטעם הטבע 380 גרם,גרמים,380.00,100 גרם,false,16,6.90,1.8158,true,1,34089
7290112357106,false,שעועית אדומה 380 גר' בקופסה טעם הטבע,שטראוס טעם הטבע,IT,שעית אדומה עטעם הטבע 380 גרם,גרמים,380.00,100 גרם,false,16,6.90,1.8158,true,1,34088
7290112357113,false,גרגרי חומוס בקופסה 380 גר' טעם הטבע,שטראוס טעם הטבע,IT,גרגירי חומוס טעם הטבע 380 גרם,גרמים,380.00,100 גרם,false,16,6.90,1.8158,true,1,34086
7290112357175,false,קפסולות BOOST למכונת נספרסו עלית 10 יחידות,שטראוס קפה בי.וי,IL,קפסולות אספרסו בווסט12 יח,יחידה,12.00,יחידה,false,1,17.00,1.4167,true,1,32319
7290112357892,false,סוכריות ללא סוכר בטעם מנטה מאסט פרש,"הליקון גידה בע""\מ",TR,מארז 3 יח ססוכ.מאסט פרש מנטה 45 גר,גרמים,135.00,100 גרם,false,1,8.90,6.5926,true,1,34622
7290112358127,false,יוגורט PRO בטעם וניל עוגיות פלוס מגנזיום,מיוצר עי קונדיטוריית,IL,דנונה פרו עם מגנזיום 20גר חלבון 200גר,גרמים,200.00,100 גרם,false,12,6.50,3.2500,true,1,36875
7290112358219,false,רוטב צ'ילי מתוק יד מרדכי 300 גרם,אף.סי תבליני בגליל ב,IL,רוטב צילי מתוק יד מרדכי 300 גרם,גרמים,310.00,100 גרם,false,1,13.90,4.4839,true,1,34993
7290112358233,false,רוטב צ'ילי חריף יד מרדכי 300 גרם,"בית אל מזון בע""מ",IL,רוטב צילי חריף יד מרדכי 320 גרם,גרמים,320.00,100 גרם,false,1,13.90,4.3438,true,1,35516
7290112358240,false,רוטב גריל יד מרדכי 300 גרם,"בית אל מזון בע""מ",IL,רוטב גריל יד מרדכי 300 גרם,גרמים,300.00,100 גרם,false,1,13.90,4.6333,true,1,34084
7290112358257,false,רוטב לעוף עם שזיפים יד מרדכי 300 גרם,"ב.א. מזון בע""\מ",IL,רוטב לעוף עם שזיפים יד מרדכי 300 גרם,גרמים,300.00,100 גרם,false,1,13.90,4.6333,true,1,34083
7290112358431,false,עד חצות דאבל ביסקוויט עם שוקולד חלב -8 אריזות אישיות,ביסקוויטס טור ד'\אלבון,FR,ביסקויט עד חצות דאבל 200 גרם,גרמים,200.00,100 גרם,false,1,12.90,6.4500,true,1,39188
7290112358554,false,מארז קפה נמס מנות אישיות לדרך 50.4 גר,שטראוס רומניה,RO,מארז 28 יח קפה נמס לדרך 50 גרם,Unknown,0.00,Unknown,false,1,11.90,0.0000,true,1,35518
7290112359384,false,עלית - קפה נמס אלפחורס ריבת חלב 100 גרם,שטראוס קפה בי.וי,IL,קפה נמס אלפחורס ריבת חלב 100 גרם,גרמים,100.00,100 גרם,false,1,14.90,14.9000,true,1,36682
7290112482341,false,צלחת קטנה קיסר לבן כסף,פאלאס,CN,צלחות חד פעמי קטנות 10יח קיסר לבן כסף,יחידה,10.00,יחידה,false,12,21.90,2.1900,true,1,48090
7290112482358,false,צלחת גדולה קיסר לבן כסף,פאלאס,CN,צלחות חד פעמי גדולות 10יח קיסר לבן כסף,יחידה,10.00,יחידה,false,12,26.90,2.6900,true,1,48092
7290112482365,false,צלחת ענק קיסר 10 יחי לבן,פאלאס,CN,צלחות חד פעמי ענקיות 10יח קיסר לבן כסף,יחידה,10.00,יחידה,false,12,31.90,3.1900,true,1,48095
7290112482372,false,צלחת מרק קיסר לבן כסף,פאלאס,CN,צלחות מרק חד פעמי 10יח קיסר לבן כסף,יחידה,10.00,יחידה,false,12,21.90,2.1900,true,1,48097
7290112482440,false,צלחות קטנות לוקה לבן,פאלאס,CN,צלחות חד פעמי קטנות 10יח לוקה לבן כסף,יחידה,10.00,יחידה,false,12,18.90,1.8900,true,1,48078
7290112482464,false,צלחות חד פעמי ענקיות,פאלאס,CN,צלחות חד פעמי ענקיות 10יח לוקה לבן כסף,יחידה,10.00,יחידה,false,12,28.90,2.8900,true,1,48082
7290112482471,false,צלחות מרק לוקה לבן כ,פאלאס,CN,צלחות מרק חד פעמי 10יח לוקה לבן כסף,יחידה,10.00,יחידה,false,12,21.90,2.1900,true,1,48084
7290112483430,false,כפות חד פעמי 50יחידו,פאלאס,TR,כפות חד פעמי 50יחידות צבעוני לפיד,יחידה,50.00,יחידה,false,1,9.90,0.1980,true,1,49363
7290112483447,false,כפיות שקופות לפיד 50,פאלאס,TR,כפיות חד פעמי 50יחידות צבעוני לפיד,יחידה,50.00,יחידה,false,1,9.90,0.1980,true,1,49362
7290112483454,false,50 מזלגות שקופות לפיד,פאלאס,IL,מזלגות חד פעמי 50יחידות צבעוני לפיד,יחידה,50.00,יחידה,false,1,9.90,0.1980,true,1,49361
7290112483461,false,50 סכינים שקופים לפיד,פאלאס,IL,סכינים חד פעמי 50יחידות צבעוני לפיד,יחידה,50.00,יחידה,false,1,9.90,0.1980,true,1,49364
7290112485045,false,צלחות מרק סטפס לבן ל,פאלאס,CN,צלחות מרק חד פעמי 10יח סטפס לבן,יחידה,10.00,יחידה,false,12,21.90,2.1900,true,1,48072
7290112485519,false,מגש מלבן קיסר לפיד 4,פאלאס,CN,מגש חד פעמי מלבן 4יח קיסר,יחידה,4.00,יחידה,false,20,14.90,3.7250,true,1,48131
7290112485526,false,מגש חד פעמי מרובע קי,פאלאס,CN,מגש חד פעמי מרובע קיסר 12אינץ,יחידה,1.00,יחידה,false,25,9.90,9.9000,true,1,48182
7290112485571,false,כוסות חד פעמי קיסר ל,פאלאס,CN,כוסות חד פעמי קיסר לפיד 10יח,יחידה,10.00,יחידה,false,24,12.90,1.2900,true,1,48188
7290112485793,false,צלחת גדולה עגולה מקא,פאלאס,CN,צלחות חד פעמי גדולות מקאו 10יח קוטר8.6,יחידה,10.00,יחידה,false,10,18.90,1.8900,true,1,48057
7290112485809,false,צלחת קטנה עגולה מקאו,פאלאס,CN,צלחות חד פעמי קטנות מקאו 10יח קוטר7.5,יחידה,10.00,יחידה,false,10,17.90,1.7900,true,1,48058
7290112486455,false,צלחת קטן אלגנט 20 יחי',פאלאס,IL,צלחות חד פעמי אלגנט קטן 20יח,יחידה,20.00,יחידה,false,1,9.90,0.4950,true,1,50284
7290112486462,false,צלחת גדול אלגנט 20 יחי',פאלאס,IL,צלחות חד פעמי אלגנט גדול 20יח,יחידה,20.00,יחידה,false,1,15.90,0.7950,true,1,50279
7290112486479,false,צלחת ענק אלגנט 20 יחי',פאלאס,IL,צלחות חד פעמי אלגנט ענק 20 יח,יחידה,20.00,יחידה,false,1,24.90,1.2450,true,1,50278
7290112486493,false,צלחת לפתן אלגנט 20 יחי',פאלאס,IL,צלחות ליפתניות חד פעמי אלגנט 20יח,יחידה,20.00,יחידה,false,1,5.90,0.2950,true,1,50286
7290112490117,false,קליק אקסטרא לארג שוקולד חלב עם וופל ואגוזים,יוניליוור ישראל מזון בעמ,IL,שוקולד קליק וופל ואגוזים 85 ג,Unknown,0.00,Unknown,false,1,5.90,0.0000,true,1,29131
7290112490209,false,נמס בכוס מרק עגבניות עם קרוטונים רכיבים טבעיים,יוניליוור ישראל מזון בעמ,IL,זוג מרק נמס עגבניות ר.טבעי 43 גרם,Unknown,0.00,Unknown,false,1,6.90,0.0000,true,1,23529
7290112490216,false,מרק נמס בכוס בטעם עוף קנור 100% רכיבים טבעיים,יוניליוור ישראל מזון בעמ,IL,זוג מרק נמס עוף קרוטונים ר.טבעי 43 גרם,Unknown,0.00,Unknown,false,1,6.90,0.0000,true,1,23530
7290112490230,false,מרק נמס בכוס אפונה קנור 100% רכיבים טבעיים,יוניליוור ישראל מזון בעמ,IL,זוג מרק נמס אפונה ר.טבעי 43 גרם,Unknown,0.00,Unknown,false,1,6.90,0.0000,true,1,23531
7290112490582,false,חרדל דיג'וןן צרפתי הלמנס 350 גר,יוניליוור מזון,FR,חרדל הלמנס דיזון חלק צרפתי 350 גרם,גרמים,350.00,100 גרם,false,1,12.90,3.6857,true,1,24078
7290112490599,false,חרדל צרפתי עם גרגירים שלמים הלמנס 350 גר,הלמנס hellmann's,FR,חרדל הלמנס דיזון גרגירים צרפתי 350 גרם,גרמים,350.00,100 גרם,false,1,12.90,3.6857,true,1,24079
7290112490650,false,קונפיטורה תות שדה 340 גרם-צנצנת,קונפיטורות לה-ארדניי,BE,קונפיטורה 778 תות שדה 340 גרם,גרמים,340.00,100 גרם,false,1,12.90,3.7941,true,1,23533
7290112490667,false,קונפיטורה משמש778 50% פרי 340 גר',יוניליוור מזון,BE,קונפיטורה 778 משמש 340 גרם,גרמים,340.00,100 גרם,false,1,12.90,3.7941,true,1,23535
7290112490674,false,קונפיטורה דובדבנים 778 50% פרי 340 גר-,יוניליוור מזון,IL,קונפיטורה 778 דובדבן 340 גרם,גרמים,340.00,100 גרם,false,1,12.90,3.7941,true,1,23536
7290112490698,false,קונפיטורה תות שדה לייט 300 גרם-צנצנת,יוניליוור מזון,IL,קונפיטורה 778 תות לייט 260 גר,גרמים,260.00,100 גרם,false,1,12.90,4.9615,true,1,23532
7290112490728,false,מרק עשיר ירקות עם בורגול רכיבים טבעיים 95 ג' קנור,יוניליוור ישראל מזון בעמ,IL,מרק קנור עשיר ירקות בורגול 95 גר,Unknown,0.00,Unknown,false,,11.90,0.0000,true,1,25093
7290112490735,false,מרק עשיר עגבניות עם פסטה ר.טבעיים 105 גרם קנור,יוניליוור ישראל מזון בעמ,IL,מרק קנור עשיר עגבניות פסטה 105 גר,גרמים,105.00,100 גרם,false,1,11.90,11.3333,true,1,25094
7290112490742,false,מרק עשיר פטריות עם גריסים רכיבים טבעיים 104 ג' קנור,יוניליוור ישראל מזון בע\,IL,מרק קנור עשיר פטריות גריסים 104 גר,גרמים,104.00,100 גרם,false,1,11.90,11.4423,true,1,25095
7290112490759,false,מרק עשיר עוף עם אטריות רכיבים טבעיים 74 ג' קנור,יוניליוור ישראל מזון בעמ,IL,מרק קנור עשיר עוף עם אטריות 74 גר,Unknown,0.00,Unknown,false,1,11.90,0.0000,true,1,25092
7290112490827,false,תרסיס ריחני למייבש הכביסה בדין בייבי 500,"זוהר דליה, קיבוץ דליה, 1",IL,תרסיס למייבש בדין בייבי 500 מל,מיליליטרים,500.00,"100 מ""ל",false,1,18.90,3.7800,true,1,24422
7290112490896,false,"קנור רוטב צ'ילי חריף 370 מ""ל PAL",יוניליוור מזון,IL,רוטב קנור צילי חריף 340 מל,מיליליטרים,340.00,"100 מ""ל",false,1,12.90,3.7941,true,1,25379
7290112491558,false,מאגדת שישייה שוקולד מריר פרווה,אתר צפת טבלאות ותעשי,IL,מארז 6 יח שוקולד מריר ורד הגליל 100 גרם,גרמים,600.00,100 גרם,false,1,21.90,3.6500,true,1,27012
7290112491701,false,ברנפלקס אקסטרא פרוטיאין תלמה 375 גרם,יוניליוור ישראל מזון בעמ,IL,דגני ברנפלקס אקסטרא חלבון 375 גרם,גרמים,375.00,100 גרם,false,1,21.90,5.8400,true,1,27539
7290112491770,false,בייגלה דקים דקים מלח ים בייגל בייגל 300 גרם.,בייגל את בייגל מזון 198),IL,בייגלה דקים מלח 300 גר,גרמים,300.00,100 גרם,false,1,10.90,3.6333,true,1,25405
7290112491787,false,בייגלה דקים דקים עם שומשום בייגל בייגל 300 גרם,בייגל את בייגל מזון 198),IL,בייגלה דקים שומשום 300 גר,גרמים,300.00,100 גרם,false,1,10.90,3.6333,true,1,25404
7290112491794,false,בייגלה דקים דקים בטעם שמנת ובצל בייגל בייגל 300 גרם,בייגל את בייגל מזון 198),IL,בייגלה דקים שמנת בצל 300 גר,גרמים,300.00,100 גרם,false,1,10.90,3.6333,true,1,25790
7290112492449,false,פינוק שמפו שיער רגיל 700 מל-חדש,יוניליוור ישראל טיפוח אי,IL,שמפו פינוק לשיער רגיל 700 מל,מיליליטרים,700.00,"100 מ""ל",false,1,11.90,1.7000,true,1,32775
7290112492456,false,"שמפו פינוק לשיער יבש/פגום 700 מ""ל",יוניליוור ישראל טיפוח אי,IL,שמפו פינוק לשיער יבש 700 מל,מיליליטרים,700.00,"100 מ""ל",false,1,11.90,1.7000,true,1,32776
7290112492463,false,"שמפו ומרכך 2 ב-1 לשיער רגיל פינוק 700 מ""ל.",יוניליוור ישראל טיפו,IL,שמפו פינוק 2 ב 1 לשיער רגיל 700 מל,מיליליטרים,700.00,"100 מ""ל",false,1,11.90,1.7000,true,1,32777
7290112492470,false,"שמפו ומרכך 2 ב-1 לשיער יבש פינוק 700 מ""ל.",יוניליוור פארם,IL,שמפו ומרכך פינוק 2ב1 שיער יבש 700 מל,מיליליטרים,700.00,"100 מ""ל",false,1,11.90,1.7000,true,1,37668
7290112492487,false,פינוק שמפו לשיער עם שמן מרוקאי 700 מל,יוניליוור ישראל טיפוח אי,IL,שמפו פינוק שמן מרוקאי 700 מל,מיליליטרים,700.00,"100 מ""ל",false,1,11.90,1.7000,true,1,32778
7290112492500,false,פינוק שמפו לשיער עם שמן קוקוס 700 מל,"יוניליור ישראל, טיפו",IL,שמפו פינוק שמן קוקוס 700 מל,מיליליטרים,700.00,"100 מ""ל",false,1,11.90,1.7000,true,1,32779
7290112492531,false,פינוק מרכך שיער רגיל 700 מל-חדש,יוניליוור פארם,IL,מרכך פינוק לשיער רגיל 700 מל,מיליליטרים,700.00,"100 מ""ל",false,1,11.90,1.7000,true,1,33365
7290112492548,false,"מרכך פינוק עם שמן חוחובה 700 מ""ל",יוניליוור פארם,IL,מרכך פינוק לשיער יבש 700 מל,מיליליטרים,700.00,"100 מ""ל",false,1,11.90,1.7000,true,1,33913
7290112492579,false,פינוק מרכך בתוספת שמן קוקוס 700 מל-חדש,יוניליוור ישראל טיפוח אי,IL,מרכך פינוק שמן קוקוס 700 מל,מיליליטרים,700.00,"100 מ""ל",false,1,11.90,1.7000,true,1,36739
7290112492593,false,תחליב רחצה פינוק בניחוח פינוק קלאסי 700,יוניליוור ישראל טיפוח אי,IL,תחליב רחצה פינוק ניחוח קלאסי 700 מל,מיליליטרים,700.00,"100 מ""ל",false,1,10.90,1.5571,true,1,33714
7290112492609,false,"תחליב רחצה פינוק 700 מ""ל לבנדר ווניל",יוניליוור ישראל טיפוח אי,IL,תחליב רחצה פינוק לבנדר ווניל 700 מל,מיליליטרים,700.00,"100 מ""ל",false,1,10.90,1.5571,true,1,32762
7290112492630,false,"שמפו ג'ל רחצה וסבון פנים 3 ב-1 לגבר פינוק 700 מ""ל",יוניליוור ישראל טיפוח אי,IL,שמפו פינוק לגבר 3 ב1 700 מל,מיליליטרים,700.00,"100 מ""ל",false,1,11.90,1.7000,true,1,32954
7290112492647,false,"פינוק לגבר 3 ב1 שמפו ג'ל רחצה וסבון פנים 700 מ""ל",יוניליוור ישראל טיפוח אי,IL,תחליב רחצה פינוק 2 ב1 לגבר 700 מל,מיליליטרים,700.00,"100 מ""ל",false,1,10.90,1.5571,true,1,38060
7290112492678,false,פינוק שמפו לשיער רגיל אריזת נסיעות 100 מ,יוניליוור ישראל טיפוח אי,IL,שמפו פינוק טו גו לשיער רגיל 100מל נסיעות,מיליליטרים,100.00,"100 מ""ל",false,1,4.90,4.9000,true,1,33893
7290112492685,false,פינוק מרכך לשיער רגיל אריזת נסיעות 100 מ,יוניליוור ישראל טיפוח אי,IL,מרכך פינוק טו גו לשיער רגיל 100מל נסיעות,מיליליטרים,100.00,"100 מ""ל",false,1,4.90,4.9000,true,1,33894
7290112492692,false,פינוק תחליב רחצה קלאסי אריזת נסיעות 100,יוניליוור ישראל טיפוח אי,IL,תחליב רחצה פינוק טו גו 100מל נסיעות,מיליליטרים,100.00,"100 מ""ל",false,1,4.90,4.9000,true,1,33892
7290112492722,false,"2ב-1 שמפו ומרכך פינוק אל דמע לסירוק קל לילדים 700 מ""ל",יוניליוור ישראל טיפוח אי,IL,שמפו ומרכך פינוק סירוק קל 700מל,מיליליטרים,700.00,"100 מ""ל",false,1,14.90,2.1286,true,1,33902
7290112492746,false,"פינוק מרכך ללא דמעות לסירוק קל לילדים 700 מ""ל",יוניליוור ישראל טיפוח אי,IL,מרכך פינוק סירוק קל ללא דמעות 700מל,מיליליטרים,700.00,"100 מ""ל",false,1,14.90,2.1286,true,1,33900
7290112492753,false,"פינוק לילדים אל סבון לרחצה 700 מ""ל",יוניליוור ישראל טיפוח אי,IL,אל סבון פינוק לילדים 700מל,מיליליטרים,700.00,"100 מ""ל",false,1,14.90,2.1286,true,1,33901
7290112492838,false,סיף מגבוני מטליות לחות לניקוי כללי בניחוח מרכך כביסה 50 יח',עלבד משואות יצחק בעמ,IL,מגבונים לניקוי כללי סיף 50יח בניחוח מרכך,יחידה,50.00,יחידה,false,1,9.90,0.1980,true,1,27424
7290112492982,false,"אבקת מרק פטריות כשל""פ 100% רכיבים טבעיים 400 גרם",יוניליוור ישראל מזון בע\,IL,מרק פטריות קנור רכבים טבעיים 400 גר,גרמים,400.00,100 גרם,false,1,19.90,4.9750,true,1,31180
7290112492999,false,קנור מרק עוף אמיתי 400 גרם פרווה,יוניליוור ישראל מזון בע\,IL,מרק קנור טעם עוף 400 גר בדץ,גרמים,400.00,100 גרם,false,1,14.90,3.7250,true,1,31181
7290112493088,false,נמס בכוס עדשים מרק רכיבים טבעיים קנור 54 ג',אתר חיפה אבקות - Foo,IL,זוג מרק נמס בכוס עדשים,Unknown,0.00,Unknown,false,1,6.90,0.0000,true,1,29478
7290112493095,false,נמס בכוס מרק עגבניות חריף רכיבים טבעיים קנור 48 ג',אתר חיפה אבקות - Foo,IL,זוג מרק נמס בכוס עגבניות חריף,Unknown,0.00,Unknown,false,1,6.90,0.0000,true,1,29479
7290112493293,false,קנור - נמס ירקות וקרוטונים ר.טבעי 44 גרם,יוניליוור ישראל מזון בעמ,IL,זוג מרק נמס בכוס קנור ירקות,Unknown,0.00,Unknown,false,1,6.90,0.0000,true,1,29480
7290112493927,false,גלידה בטעם ריבת חלב 1.33ל' קרמיסימו,"גלידת שטראוס בע""\מ, רחוב",IL,גלידת קרמיסימו ריבת חלב 1.33 ליטר,ליטרים,1.33,ליטר,false,1,19.90,14.9624,true,1,31558
7290112493934,false,גלידת וניל צרפתי קרמיסימו 1.33 ל,"גלידת שטראוס בע""\מ, רחוב",IL,גלידת קרמיסימו וניל צרפתי 1.33 ליטר,ליטרים,1.33,ליטר,false,1,19.90,14.9624,true,1,31557
7290112493965,false,קרמיסימו חלבית בטעם מסטיק וניל 665 גר,"גלידת שטראוס בע""\מ, רחוב",IL,גלידת קרמיסימו מסטיגם 1.33 ליטר,ליטרים,1.33,ליטר,false,1,19.90,14.9624,true,1,31559
7290112494016,false,מיונז מופחת שומן 500 גר'-חדש,יוניליוור ישראל מזון בעמ,IL,מיונז תלמה מופחת שומן 500 גרם,גרמים,500.00,100 גרם,false,1,10.90,2.1800,true,1,28592
7290112494153,false,תיבולית בניחוח צלי קנור 72 גרם,יוניליוור ישראל מזון בע\,IL,תיבולית ניחוח צלי 72 גרם,Unknown,0.00,Unknown,false,1,10.90,0.0000,true,1,31169
7290112494221,false,קליק - ביסקויט תפזורת 65 גרם,יוניליוור ישראל מזון בע\,IL,חטיף קליק ביסקויט 65 גר,Unknown,0.00,Unknown,false,1,5.90,0.0000,true,1,30804
7290112494238,false,קליק - כדורים חלב תפזורת 65 גרם,יוניליוור ישראל מזון בע\,IL,חטיף קליק כדורים לבן 65 גר,Unknown,0.00,Unknown,false,1,5.90,0.0000,true,1,30800
7290112494276,false,קליק כריות תפזורת 65 גר,יוניליוור ישראל מזון בע\,IL,חטיף קליק כריות 65 גר,Unknown,0.00,Unknown,false,1,5.90,0.0000,true,1,30802
7290112494283,false,קליק - מעורב חום לבן תפזורת 65 גרם,יוניליוור ישראל מזון בע\,IL,חטיף קליק חום לבן 65 גר,Unknown,0.00,Unknown,false,1,5.90,0.0000,true,1,30801
7290112494313,false,קליק - קורנפלקס תפזורת 65 גרם,יוניליוור ישראל מזון בע\,IL,חטיף קליק קורנפלקס65 גר,Unknown,0.00,Unknown,false,1,5.90,0.0000,true,1,30803
7290112494344,false,קורנפלקס כספי אלופים תלמה850 גר',"יוניליוור שפע ישראל בע""\",IL,קורנפלקס אלופים 850 גרם כספי,גרמים,850.00,100 גרם,false,8,19.90,2.3412,true,1,32702
7290112494351,false,"קורנפלקס אלופים תלמה 850 ג בד""ץ","יוניליוור שפע ישראל בע""\",IL,קורנפלקס אלופים 850 גרם בדץ,גרמים,850.00,100 גרם,false,8,19.90,2.3412,true,1,32701
7290112494382,false,פירה בטעם ביתי 260 גרם-קופסא,יוניליוור ישראל מזון בע\,IL,תערובת פירה קנור ביתי 260 ג,גרמים,260.00,100 גרם,false,1,14.90,5.7308,true,1,31164
7290112494610,false,קנור רוטב עגבניות פיקנטי לדג 415 גרם,קונסורזיו קאסאלאסקו,IT,רוטב קנור עגבניות לדג 415 גר,גרמים,415.00,100 גרם,false,1,12.90,3.1084,true,1,31159
7290112494795,false,בדין-ג'ל לכביסה לבנה וצבעונית בניחוח עדין כחול 2.5 ליטר,"זוהר דליה, קיבוץ דליה, 1",IL,גל כביסה בדין 2.5ליטר כחול,מיליליטרים,2500.00,"100 מ""ל",false,6,27.90,1.1160,true,1,30712
7290112494801,false,"ג'ל לכביסה לבנה וצבעונית בניחוח בדין ורוד 2.5 ק""ג",אתר ליוור - HPC,IL,גל כביסה בדין 2.5ליטר וורוד,מיליליטרים,2500.00,"100 מ""ל",false,6,27.90,1.1160,true,1,30713
7290112494825,false,תרחיץ פנים לעור רגיש מכיל 25% קרם לחות,יוניליוור ישראל טיפוח אי,IL,תרחיץ דאב פנים לעור רגיש 180 מל,מיליליטרים,180.00,"100 מ""ל",false,1,14.90,8.2778,true,1,36065
7290112494832,false,"דאב - תרחיץ פנים לעור רגיל 180 מ""ל",יוניליוור ישראל טיפוח אי,IL,תרחיץ דאב פנים לעור רגיל 180 מל,מיליליטרים,180.00,"100 מ""ל",false,1,14.90,8.2778,true,1,36066
7290112495006,false,כריות נוגט 686 גרם - קופסא,"יוניליוור ישראל מזון בע""",IL,דגני תלמה כריות נוגט686 גרם,גרמים,686.00,100 גרם,false,1,26.90,3.9213,true,1,30786
7290112495020,false,כריות צוקולדה בדצ מאוחד 750 גר,"יוניליוור ישראל מזון בע""",IL,דגני כריות ציקולדה 686 גר,גרמים,686.00,100 גרם,false,1,21.90,3.1924,true,1,30788
7290112495037,false,דגני בוקר בטעם שוקולד כדורים 375 ג' קוקומן,יוניליוור שפע ישראל בעמ,IL,דגני קוקומן כדורים 375 גר בדץ,גרמים,375.00,100 גרם,false,1,19.90,5.3067,true,1,30790
7290112495044,false,ציפי (פצפוצים) גריין בדצ 500גר,"יוניליור שפע ישראל בע""\מ",IL,דגני קוקמן פיצפוצים 375 גר בדץ,גרמים,375.00,100 גרם,false,1,19.90,5.3067,true,1,30791
7290112495105,false,נשנושים טעם שמנת בצל בייגל בייגל 260 גרם,בייגל את בייגל מזון 198),IL,נשנושים שמנת ובצל260 גרם,גרמים,260.00,100 גרם,false,1,12.90,4.9615,true,1,30798
7290112495112,false,נשנושים טעם זעתר בייגל בייגל 260 גרם,בייגל את בייגל מזון 198),IL,נשנושים בטעם זעתר260 גרם,גרמים,260.00,100 גרם,false,1,12.90,4.9615,true,1,30799
7290112495143,false,נשנושי קרקר קוקטייל מלוח בייגל בייגל 300 גרם,בייגל את בייגל מזון 198),IL,נשנושים קוקטייל מלוח 300 גרם,גרמים,300.00,100 גרם,false,1,12.90,4.3000,true,1,30795
7290112495150,false,נשנושי קרקר עיגולים מלח בייגל בייגל 300 גרם,בייגל את בייגל מזון 198),IL,נשנושים עגול מלח 300 גרם,גרמים,300.00,100 גרם,false,1,12.90,4.3000,true,1,30794
7290112495167,false,נשנושי קרקר משולשי שומשום בייגל בייגל 300 גרם,בייגל את בייגל מזון 198),IL,נשנושי קרקר משולש שומשום 300 גרם,גרמים,300.00,100 גרם,false,1,12.90,4.3000,true,1,30796
7290112495174,false,נשנושי קרקר קוקטייל שומשום בייגל בייגל 300 גרם,בייגל את בייגל מזון 198),IL,נשנושי קרקר קוקטייל שומשום 300 גרם,גרמים,300.00,100 גרם,false,1,12.90,4.3000,true,1,30811
7290112495280,false,ריבועי ברנפלקס קינמון תלמה 400 גרם,"יוניליוור שפע ישראל בע""\",IL,ריבועי ברנפלקס קינמון 400 גרם בדצ,גרמים,400.00,100 גרם,false,1,19.90,4.9750,true,1,31807
7290112495433,false,דגני דליפקאן תוספת אגוזי פקאן ושקדים 400 גר,"יוניליור שפע ישראל בע""\מ",IL,דגני דליפקאן תלמה 400 גר בדץ,גרמים,400.00,100 גרם,false,1,19.90,4.9750,true,1,29887
7290112495488,false,קורנפלקס פתיתי תירס קלויים ללא גלוטן 500,"מולינו ניקולי S.p.A,",IT,קורנפלקס ללא גלוטן 500 גר,גרמים,500.00,100 גרם,false,1,19.90,3.9800,true,1,31806
7290112495556,false,חטיף שוקולד נוגט שוקולד חלב 105 גרם,"טחנת האבן תעשיות בע""\מ,",IL,מאגדת חטיף קליק נוגט 3 יח 105 גרם,גרמים,105.00,100 גרם,false,8,10.00,9.5238,true,1,33301
7290112495594,false,בייגלה שמיניות גדולות ללא מלח בייגל בייגל 400 גרם,בייגל את בייגל מזון 198),IL,בייגלה גדול ללא מלח 400 גרם,גרמים,400.00,100 גרם,false,1,14.90,3.7250,true,1,31178
7290112495662,false,קרקר חיטה מלאה ופשתן בייגל בייגל 300 גרם,"מיוצר ע""י קוד יצרן A",IL,קרקר חיטה מלאה עם פשתן 300 ג,גרמים,300.00,100 גרם,false,1,10.90,3.6333,true,1,31805
7290112495686,false,"קרקר שומשום בייגל בייגל 220 גרם בד""צ","מיוצר ע""\י קוד יצרן AF",IL,קרם שומשום 220 גרם,גרמים,220.00,100 גרם,false,1,10.90,4.9545,true,1,31804
7290112495747,false,רוטב צ''ילי מתוק כ 70% פחות סוכר 340 ג' קנור,יוניליוור ישראל מזון בע\,IL,קנור רוטב צילי מתוק פחות סוכר 300 מל,מיליליטרים,300.00,"100 מ""ל",false,1,12.90,4.3000,true,1,31800
7290112495754,false,"רטבי הלמנס לסלט 300 מ""ל אלף האיים",יוניליוור ישראל מזון בעמ,IL,הלמנס רוטב אלף האיים לסלט 305 גרם,גרמים,305.00,100 גרם,false,1,12.90,4.2295,true,1,31811
7290112495761,false,"הלמנס רוטב לחיץ אלף האיים לייט 290 מ""ל",יוניליוור ישראל מזון בעמ,IL,הלמנס רוטבאלף האיים לסלט 305 גרם,גרמים,305.00,100 גרם,false,1,12.90,4.2295,true,1,31810
7290112495785,false,רוטב לסלט שום הלמנס 300ג,יוניליוור ישראל מזון בעמ,IL,רוטב הלמנס לסלט שום 300 גר,גרמים,300.00,100 גרם,false,1,12.90,4.3000,true,1,31797
7290112495792,false,הלמנס רוטב לסלט שום לייט 300 גר',יוניליוור ישראל מזון בעמ,IL,רוטב לסלט הלמנס שום לייט 300 מל,גרמים,300.00,100 גרם,false,1,12.90,4.3000,true,1,31796
7290112495815,false,"רוטב חרדל ודבש לייט הלמנס 305 גרם בד""צ.",יוניליוור ישראל מזון בעמ,IL,הלמנס רוטב חרדל ודבש לייט לסלט 305 גרם,גרמים,305.00,100 גרם,false,1,12.90,4.2295,true,1,31812
7290112495822,false,כריות BLACK בטעם שוקולד וניל תלמה 686 גרם,"יוניליוור שפע ישראל בע""\",IL,דגני כריות בלאק קרם וניל 686 גרם,גרמים,686.00,100 גרם,false,1,21.90,3.1924,true,1,31183
7290112495938,false,"קרקר 6 דגנים בייגל בייגל 250 גרם בד""צ","מיוצר ע""\י קוד יצרן AF",IL,קרקר 6 דגנים 250 גרם,גרמים,250.00,100 גרם,false,1,10.90,4.3600,true,1,31802
7290112495976,false,פריכיות אורז בציפוי שוקולד חלב 35גר-חדש,"גוד פוד פרודקטס ,Sp.zo.o",PL,פריכיות פתית תירס שוקולד חלב 35 גר,Unknown,0.00,Unknown,false,30,4.90,0.0000,true,1,33515
7290112496027,false,סירופ שוקולד אפיכל 580 גרם,יוניליוור ישראל מזון בע\,IL,סירופ אפיכל שוקולד 580 גרם,גרמים,580.00,100 גרם,false,1,14.90,2.5690,true,1,31814
7290112496034,false,סירופ מייפל אפיכל 580 גרם,יוניליוור ישראל מזון בע\,IL,סירופ אפיכל מייפל580 גרם,גרמים,580.00,100 גרם,false,1,14.90,2.5690,true,1,31813
7290112496218,false,קנור רוטב טריאקי הפחתה של מעל 50% סוכר ונתרן 310 ג',יוניליוור ישראל מזון בעמ,IL,רוטב קנור טריאקי מופחת סוכר ונתרן340 גר,גרמים,340.00,100 גרם,false,1,12.90,3.7941,true,1,32764
7290112496270,false,"פתית צ'יפס תפו""א בתוספת עגבניות ועשבי תיבול 22 גרם",JLM גלובל פודסn37\ דרך א,GB,פתית ציפס תפוא ועגבניות 22 גרם,Unknown,0.00,Unknown,false,30,4.90,0.0000,true,1,34697
7290112496287,false,פתית - צ'יפס בטטה בטעם טבעי 21 גרם,JLM גלובל פודסn37\ דרך א,GB,פתית ציפס בטטה טבעי 22 גרם,Unknown,0.00,Unknown,false,30,4.90,0.0000,true,1,34698
7290112496294,false,חטיף פתית צ'יפס עם אפונה ירוקה צהובה וצ'ילי,JLM גלובל פודסn37\ דרך א,GB,פתית ציפס אפונה ירוקה וצהובה 22 גרם,Unknown,0.00,Unknown,false,30,4.90,0.0000,true,1,34699
7290112496430,false,קנור נמס בכוס אקסטרה עגבניות+אטריות 37 גרם - רבנות,יוניליוור ישראל מזון בע\,IL,מרק נמס בכוס אקסטרא עגבניות,Unknown,0.00,Unknown,false,1,4.60,0.0000,true,1,46959
7290112496447,false,נמס בכוס אקסטרה טעם עוף עם המון אטריות 27ג',יוניליוור ישראל מזון בע\,IL,מרק נמס בכוס אקסטרא טעם עוף,Unknown,0.00,Unknown,false,1,4.60,0.0000,true,1,46961
7290112496461,false,נמס בכוס אקסטרה מרק ירקות עם המון אטריות,יוניליוור ישראל מזון בע\,IL,מרק נמס בכוס אקסטרא ירקות,Unknown,0.00,Unknown,false,1,4.60,0.0000,true,1,46960
7290112497031,false,רוטב עגבניות לקציצות קנור 415 גרם,יוניליוור מזון,IT,רוטב קנור עגבניות לקציצות 415 גר,גרמים,415.00,100 גרם,false,1,12.90,3.1084,true,1,39553
7290112497123,false,סחלב תערובת להכנת מעדן בטעם סחלב 112גרם,יוניליוור ישראל מזון בע\,IL,סחלב אינסטנט קנור 2 יח 112 גרם,גרמים,112.00,100 גרם,false,1,12.90,11.5179,true,1,37244
7290112497499,false,טבלה שוקולד לבן ועוגיות קליק 85 ג',אתר צפת טבלאות ותעשי,IL,שוקולד קליק לבן עוגיות 85 ג,Unknown,0.00,Unknown,false,1,5.90,0.0000,true,1,40129
7290112497727,false,פינוק בייבי אל סבון אל דמע לתינוקות 700,יוניליוור ישראלn\טיפוח א,IL,אל סבון פינוק לתינוק 700מל,מיליליטרים,700.00,"100 מ""ל",false,12,16.90,2.4143,true,1,50043
7290112497864,false,אבקת מרק בטעם עוף רכיבים טבעיים 33% פחות נתרן 400 גרם,יוניליוור מזון,IL,מרק עוף קנור ר.ט. מופחת נתרן 400 גר,גרמים,400.00,100 גרם,false,1,21.90,5.4750,true,1,38017
7290112497994,false,"גרנולה תלמה פרוטאין בתוספת חלבון ואגוזים, 300 גרם","רפאלס בריא וטעים בע""\מ,",IL,גרנולה תלמה פרוטאין אגוזים300 גר,גרמים,300.00,100 גרם,false,1,15.90,5.3000,true,1,39315
7290112498007,false,גרנולה פרוטאין בתוספת חלבון שקדים וחמוציות תלמה 300 ג',"רפאלס בריא וטעים בע""\מ,",IL,גרנולה תלמה פרוטאין חמוציות שקד300 גר,גרמים,300.00,100 גרם,false,1,15.90,5.3000,true,1,39316
7290112498069,false,#קוקומן ללא גלוטן כשלפ 375ג - חדש,"מולינו ניקולי ,S.p.A ויה",IT,דגני קוקומן ללא גלוטן כשלפ 375 גר,גרמים,375.00,100 גרם,false,1,19.90,5.3067,true,1,38486
7290112498298,false,"אל סבון ליידים בתוספת שמן מרוקאי פינוק 950 מ""ל",קוסטר אירוסול ולף סנ,TR,סבון ידיים פינוק נוזלי מרוקאי 950מל,מיליליטרים,950.00,"100 מ""ל",false,8,12.90,1.3579,true,1,40348
7290112498441,false,"קנור רוטב אסיאתי למוקפץ 300 מ""ל בד""ץ",יוניליוור ישראל מזון בע\,IL,רוטב קנור אסייתי למוקפץ 370 גרם,מיליליטרים,300.00,"100 מ""ל",false,1,12.90,4.3000,true,1,39169
7290112498526,false,"פתית צ'יפס עם בטטה סגולה בטעם שמנת ובצל, 22 גרם",JLM גלובל פודסn37\ דרך א,GB,פתית ציפס בטטה סגולה שמנת בצל 22 גרם,Unknown,0.00,Unknown,false,30,4.90,0.0000,true,1,40134
7290112498748,false,מיני סולרו וניל תות שדה 350 גרם,"מיוצר ע""\י גלידת שטראוס",IL,מאגדת מיני סולרו תות 5 יח,יחידה,5.00,יחידה,false,1,22.90,4.5800,true,1,37655
7290112498915,false,מאגדת מיני מגנום שקדים מובחרים 250 ג',"מיוצר ע""\י גלידת שטראוס",IL,מאגדת מיני מגנום שקדים מובחרים 250גר,גרמים,250.00,100 גרם,false,8,28.90,11.5600,true,1,39920
7290112498922,false,מאגדת מיני מגנום לבן שטראוס 250 גרם,"מיוצר ע""\י גלידת שטראוס",IL,מאגדת מיני מגנום שוקולד לבן 250גר,גרמים,250.00,100 גרם,false,8,28.90,11.5600,true,1,39921
7290112499097,false,מאגדת מיני מגנום מריר Intense Dark! 240 גרם,"מיוצר ע""\י גלידת שטראוס",IL,מאגדת מיני מגנום מריר 240גר,גרמים,240.00,100 גרם,false,8,28.90,12.0417,true,1,47268
7290112499189,false,"גלידת קרמיסימו חד קרן וניל תות, 1.33 ליטר","גלידת שטראוס בע""\מ, רחוב",IL,גלידת קרמיסימו חד קרן 1.33 ליטר,ליטרים,1.33,ליטר,false,1,19.90,14.9624,true,1,49325
7290112499196,false,גלידה בטעם החלב של הקורנפלקס 1.33 ל' קרמיסימו,"גלידת שטראוס בע""\מ, רחוב",IL,גלידת קרמיסימו קורנפלקס 1.33 ליטר,ליטרים,1.33,ליטר,false,1,19.90,14.9624,true,1,49326
7290112499219,false,שלגון שמנת מופחת שומן וקלוריות בטעם פיסטוק עם ריפל בטעם שוקולד מריר וציפוי חלקי של שוקולד חלב מעולה,"גלידת שטראוס בע""\מ, רחוב",IL,מאגדת שלגון גודיס פיסטוק ושוקולד 235גר,יחידה,5.00,יחידה,false,1,24.90,4.9800,true,1,48335
7290112499226,false,גלידונית קרמיסימו פיסטוק בננה 630 גרם,"גלידת שטראוס בע""\מ, רח'",IL,גלידונית פיסטוק בננה 60 יח,גרמים,700.00,100 גרם,false,1,44.90,6.4143,true,1,51280
7290112499448,false,"מרכך פינוק בתוספת שמן מרוקאי 700 מ""ל",יוניליוור ישראל טיפוח אי,IL,מרכך פינוק לשיער שמן מרוקאי 700 מל,מיליליטרים,700.00,"100 מ""ל",false,1,11.90,1.7000,true,1,39847
7290112499455,false,פינוק תחליב רחצה 700 בתוספת שמן מרוקאי,יוניליוור ישראל טיפוח אי,IL,תחליב רחצה פינוק מרוקאי 700 מל,מיליליטרים,700.00,"100 מ""ל",false,1,10.90,1.5571,true,1,39841
7290112499462,false,פינוק תחליב רחצה 700 בתוספת שמן קוקוס,יוניליוור ישראל טיפוח אי,IL,תחליב רחצה פינוק שמן קוקוס 700 מל,מיליליטרים,700.00,"100 מ""ל",false,1,10.90,1.5571,true,1,39842
7290112499479,false,"שמפו פינוק בתוספת קרטין 700 מ""ל",יוניליוור ישראל טיפוח אי,IL,שמפו פינוק קרטין 700מל,מיליליטרים,700.00,"100 מ""ל",false,1,11.90,1.7000,true,1,38062
7290112499486,false,"פינוק מרכך בתוספת קרטין 700 מ""ל",יוניליוור ישראל טיפוח אי,IL,מרכך פינוק קרטין 700מל,מיליליטרים,700.00,"100 מ""ל",false,1,11.90,1.7000,true,1,38063
7290112499493,false,"רקסונה - דאודורנט ספריי לאישה אלוורה 150 מ""ל","ארנסט, רחוב קומבינצקיה 6",RU,דאודורנט רקסונה ספריי במבוק אלוורה 150מל,מיליליטרים,150.00,"100 מ""ל",false,6,19.90,13.2667,true,1,47681
7290112499509,false,"רקסונה - דאודורנט ספריי לאישה בניחוח אפרסק ולמון גראס 150 מ""ל","ארנסט, רחוב קומבינצקיה 6",RU,דאודורנט רקסונה ספריי אפרסק 150מל,מיליליטרים,150.00,"100 מ""ל",false,1,19.90,13.2667,true,1,50615
7290112499776,false,גלידת שמנת מופחתת שומן וקלוריות בטעם שוקולד לבן 240 גרם,"גלידת שטראוס בע""\מ, רח'\",IL,מאגדת שלגון גודיס 5יח,יחידה,5.00,יחידה,false,1,24.90,4.9800,true,1,32295
7290112499844,false,מאגדת מיני מגנום דואט שוקולד עם נוגט שטראוס 310 גרם,"מיוצר ע""\י גלידת שטראוס",IL,מאגדת מיני מגנום דואט שוקולד נוגט 310גר,גרמים,310.00,100 גרם,false,8,28.90,9.3226,true,1,31564
7290112499943,false,מיני מאגדת מיני מגנום טעמים שונים וניל+שוקו,"מיוצר ע""\י גלידת שטראוס",IL,מאגדת מיני מגנום קלאסיק שוקולד 250גר,גרמים,250.00,100 גרם,false,8,28.90,11.5600,true,1,31563
7290112499974,false,מאגדת מיני פסק זמן על מקל,"גלידת שטראוס בע""\מ, רח'\",IL,מאגדת מיני שלגון פסק זמן חום 280גר,גרמים,280.00,100 גרם,false,1,29.90,10.6786,true,1,33120
7290112960115,false,שקדי מרק אסם 30% קמח חיטה מלאה 350 גרם,אסם,IL,שקדי מרק 30% חיטה מלאה 350 גרם,גרמים,400.00,100 גרם,false,1,11.90,2.9750,true,1,23932
7290112960542,false,בונזור לחם מחמצת קלמטה קנוי 12*480גר,בונז'ור,,לחם מחמצת זתי קלמטה,Unknown,0.00,Unknown,false,1,17.90,0.0000,true,1,24171
7290112960580,false,בונזור לחם מחמצת כוסמין 12*480גר קנוי,בונז'ור,,לחם מחמצת כוסמין,Unknown,0.00,Unknown,false,1,17.90,0.0000,true,1,24174
7290112961143,false,טבעול נתחי בקר צמחוניים 470 גרם,טבעול תעשיות מזון בע,IL,נתחי תבשיל כפרי טבעול 470 גרם,גרמים,470.00,100 גרם,false,6,32.90,7.0000,true,1,25281
7290112961266,false,בייגלה כפיות פיזור איטלקי אסם 300 גרם,"אסם תעשיות בע""מ",IL,בייגלה כפיות פיזור איטלקי 300 גר,גרמים,300.00,100 גרם,false,1,11.50,3.8333,true,1,27832
7290112961372,false,פיטנס חטיפי פריכיות דקות קינמון 60 גרם,"פרח תעשיות מזון בע""\מ",IL,חטיפי פריכיות פיטנס דקות קינמון 60 גרם,Unknown,0.00,Unknown,false,1,8.90,0.0000,true,1,26833
7290112961440,false,פיטנס חטיפי פריכיות שוקולד מריר 84 גרם,פרח תעשיות,IL,פריכיות פיטנס בר שוקולד מריר84 גר,Unknown,0.00,Unknown,false,1,11.90,0.0000,true,1,33000
7290112961464,false,פיטנס חטיפי פריכיות דגנים וחומוס מתובלות,"פרח תעשיות מזון בע""\מ",IL,חטיפי פריכיות פיטנס דקות מתובלות 60 גרם,Unknown,0.00,Unknown,false,1,8.90,0.0000,true,1,26832
7290112962287,false,טבעול שווארמה טבעונית 6*450 גרם,"טבעול תעשיות מזון בע""\מ",IL,שווארמה טבעול טבעונית 450גר,גרמים,450.00,100 גרם,false,1,32.90,7.3111,true,1,32000
7290112962546,false,מאגדת לה פרוטה מלון תפוח 350 גרם 5 יחידות,שוורצקוף& הנקל דיסלד,IL,מאגדת לה פרוטה מלון תפוח 5יח,יחידה,5.00,יחידה,false,1,25.90,5.1800,true,1,25692
7290112962737,false,טבעול שניצל מן הצומח עם חלבון 664 גרם,"טבעול תעשיות מזון בע""\מ\",IL,שניצל טבעול מן הצומח עם חלבון 664 גרם,גרמים,664.00,100 גרם,false,1,32.90,4.9548,true,1,25282
7290112963918,false,פיטנס חטיפי קרקר דק רוזמרין 140 גרם,נסטלה Nestle,IL,חטיפי קרקר פיטנס רוזמרין 140 גרם,גרמים,140.00,100 גרם,false,1,11.90,8.5000,true,1,28682
7290112964410,false,אסם רוטב אלף האיים חדש לסלט 290 גרם,"אסם תעשיות בע""מ",IL,רוטב אלף האיים לסלט 290 גרם,גרמים,290.00,100 גרם,false,1,10.90,3.7586,true,1,28671
7290112964434,false,אסם רוטב קיסר חדש לסלט 295 גרם,"אסם תעשיות בע""מ",IL,רוטב קיסר לסלט 290 גרם,גרמים,295.00,100 גרם,false,1,10.90,3.6949,true,1,28672
7290112964458,false,רוטב ויניגרט חדש לסלט 295 גרם אסם,"אסם תעשיות בע""מ",IL,רוטב ויניגרט לסלט 295 גרם,גרמים,295.00,100 גרם,false,1,10.90,3.6949,true,1,28722
7290112964472,false,אסם רוטב שום חדש לסלט 290 גרם,"אסם תעשיות בע""מ",IL,רוטב שום לסלט 290 מל,גרמים,290.00,100 גרם,false,1,10.90,3.7586,true,1,28670
7290112964502,false,אסם רוטב אלף האיים לסלט 600 גרם,"אסם תעשיות בע""מ",IL,רוטב אלף האיים לסלט 600 גרם,גרמים,600.00,100 גרם,false,1,17.90,2.9833,true,1,28673
7290112964564,false,"רוטב אלף האיים לייט לסלט אסם 295 מ""ל","אסם תעשיות בע""מ",IL,רוטב אלף האיים לייט לסלט 295 גרם,גרמים,295.00,100 גרם,false,1,10.90,3.6949,true,1,28723
7290112964601,false,רוטב בנוסח סצ'ואן הסדרה האסייתית,"אסם השקעות בע""\מ",IL,רוטב אסייתי נוסח סצואן אוסם 290 מל,מיליליטרים,290.00,"100 מ""ל",false,1,12.90,4.4483,true,1,28208
7290112964625,false,אסם רוטב שום לייט חדש לסלט 310 גרם,"אסם תעשיות בע""מ",IL,רוטב שום לייט לסלט 295 גרם,גרמים,310.00,100 גרם,false,1,10.90,3.5161,true,1,28724
7290112964724,false,המבורגר צמחוני עם המון חלבון 580 גר,מיוצר עי קונדיטוריית,IL,המבורגר טבעול טבעוני 580 גר,גרמים,580.00,100 גרם,false,1,32.90,5.6724,true,1,28966
7290112965141,false,תבשיל פתיתים אפויים עם ירקות 130 גרם,"אסם תעשיות בע""מ",IL,תבשיל אסם פתיתים וירקות 140 ג,גרמים,130.00,100 גרם,false,1,9.90,7.6154,true,1,31285
7290112965240,false,מרק נמס בטעם עגבניות זוג * 44 ג' אסם,"אסם תעשיות בע""מ",IL,זוג מרק נמס אוסם עגבניות 44 גר,Unknown,0.00,Unknown,false,1,6.00,0.0000,true,1,29402
7290112965264,false,אבקת מרק נמס אפונה אסם בדצ 52 גרם מארז זוגי,"אסם תעשיות בע""מ",IL,זוג מרק נמס אוסם אפונה 30 גר,Unknown,0.00,Unknown,false,1,6.00,0.0000,true,1,29399
7290112965288,false,מרק נמס ירקות אסם בדצ 56 גרם מארז זוגי,"אסם תעשיות בע""מ",IL,זוג מרק נמס אוסם ירקות 30 גר,Unknown,0.00,Unknown,false,1,6.00,0.0000,true,1,29401
7290112965301,false,זוג מרק נמס בטעם עוף עם שקדי מרק רגע חם,"אסם תעשיות בע""מ",IL,זוג מרק נמס טעם עוף אוסם 38 גר,Unknown,0.00,Unknown,false,1,6.00,0.0000,true,1,29394
7290112965325,false,תבשיל אורז ספרדי אוסם 140 גרם,"אסם תעשיות בע""מ",IL,תבשיל אסם אורז ספרדי 140 ג,גרמים,140.00,100 גרם,false,1,9.90,7.0714,true,1,31284
7290112965363,false,קציצות קינואה וברוקולי טבעול 525 גרם,"טבעול תעשיות מזון בע""\מ",IL,קציצות קינואה וברוקולי 525 גר טבעול,גרמים,525.00,100 גרם,false,1,32.90,6.2667,true,1,31999
7290112965745,false,אוסם - ביסלי פריסטייל בצל מעושן 60 גרם,"אסם השקעות בע""\מ",IL,חטיף ביסלי בצל מעושן פריסטייל 60 גרם,Unknown,0.00,Unknown,false,1,4.30,0.0000,true,1,39715
7290112965783,false,אוסם - ביסלי פריסטייל על האש 60 גרם,"אסם השקעות בע""\מ",IL,חטיף ביסלי על האש פריסטייל 60 גרם,Unknown,0.00,Unknown,false,1,4.30,0.0000,true,1,39716
7290112965806,false,אוסם - ביסלי פריסטייל חמוץ חריף 60 גרם,"אסם תעשיות בע""מ",IL,חטיף ביסלי חמוץ חריף פריסטייל 60 גרם,Unknown,0.00,Unknown,false,1,4.30,0.0000,true,1,39714
7290112965943,false,טבעול נאגטס ירקות ירוקים 6*500גרם,"טבעול תעשיות מזון בע""\מ",IL,נאגטס ירקות ירוקים טבעול 500גר,גרמים,500.00,100 גרם,false,6,32.90,6.5800,true,1,33813
7290112965967,false,טבעול נאגטס ירקות כתומים 6*500גרם,"טבעול תעשיות מזון בע""\מ",IL,נאגטס ירקות כתומים טבעול 500גר,גרמים,500.00,100 גרם,false,6,32.90,6.5800,true,1,33811
7290112965981,false,טבעול גורמה ארוחת דגנים 450 גרם,טבעול (מקבוצת אסם הש,IL,ארוחת דגנים טבעול גורמה 450גר,גרמים,450.00,100 גרם,false,8,32.90,7.3111,true,1,47752
7290112966001,false,טבעול גורמה ארוחת ירוקים 450 גרם,טבעול (מקבוצת אסם הש,IL,ארוחת ירוקים טבעול גורמה 450גר,גרמים,450.00,100 גרם,false,8,32.90,7.3111,true,1,47753
7290112966247,false,לחמית כוסמין אסם 200 גרם,"אסם תעשיות בע""מ",IL,לחמית כוסמין 200 גרם,גרמים,200.00,100 גרם,false,1,10.90,5.4500,true,1,33002
7290112966728,false,צבר טחינה בלאדי פלפלים חריפים 350 גרם,שוורצקוף& הנקל דיסלד,IL,סלט טחינה בלאדי פלפל חריף 350גר צבר,גרמים,350.00,100 גרם,false,6,15.90,4.5429,true,1,30374
7290112966766,false,צבר טחינה בלאדי חציל עגבניות ושום 350 גרם,שוורצקוף& הנקל דיסלד,IL,סלט טחינה בלאדי חציל ועגבניות 350גר צבר,גרמים,350.00,100 גרם,false,6,15.90,4.5429,true,1,30372
7290112966780,false,צבר טחינה בלאדי עם חציל קלוי 350 גרם,שוורצקוף& הנקל דיסלד,IL,סלט טחינה בלאדי חציל קלוי 350גר צבר,גרמים,350.00,100 גרם,false,6,15.90,4.5429,true,1,30370
7290112966803,false,אסם פודינג אינסטנט שוקולד 95 גרם,"אסם השקעות בע""\מ",IL,אינסטנט פודינג שוקולד אסם 88 גר,Unknown,0.00,Unknown,false,1,6.00,0.0000,true,1,31287
7290112967114,false,פיטנס חטיפי פריכיות קטניות ופלפל 60 גרם,"פרח תעשיות מזון בע""\מ",IL,חטיפי פריכיות פיטנס קטניות ופלפל 60 גרם,Unknown,0.00,Unknown,false,1,8.90,0.0000,true,1,32999
7290112967138,false,בייגלה שמיניות ללא גלוטן אסם 250 גרם,מיוצר עי קונדיטוריית,IL,בייגלה שמיניות ללא גלוטן 250 גר,גרמים,250.00,100 גרם,false,1,10.00,4.0000,true,1,31895
7290112967381,false,פיטנס חטיפי פריכיות קטניות ומלח ים 60 גרם,"פרח תעשיות מזון בע""\מ",IL,חטיפי פריכיות פיטנס דקות קטניות 60 גרם,Unknown,0.00,Unknown,false,1,8.90,0.0000,true,1,32998
7290112967800,false,אסם בישולים מיקס בצלים 9*200גרם,"אסם תעשיות בע""מ",IL,אוסם בישולים מיקס בצלים 200 גרם,גרמים,200.00,100 גרם,false,1,19.90,9.9500,true,1,37268
7290112967824,false,בישולים מיקס קלאסי אוסם 200 גרם,"אסם השקעות בע""\מ",IL,אוסם בישולים מיקס קלאסי 200 גרם,גרמים,200.00,100 גרם,false,1,19.90,9.9500,true,1,37266
7290112967848,false,ג'לי תות שדה מופחת סוכר אסם 90 גרם,מיוצר עי קונדיטוריית,IL,גלי אסם תות שדה מופחת סוכר 90 גר,Unknown,0.00,Unknown,false,1,6.50,0.0000,true,1,31289
7290112968203,false,צבר סלט טחינה בלאדי 6*250גרם,שוורצקוף& הנקל דיסלד,IL,סלט טחינה בלאדי 250גר צבר,גרמים,250.00,100 גרם,false,6,11.90,4.7600,true,1,31990
7290112968449,false,סלט טחינה כרוב אדום 250 גרם,שוורצקוף& הנקל דיסלד,IL,סלט כרוב אדום 250גר צבר,גרמים,250.00,100 גרם,false,6,11.90,4.7600,true,1,31991
7290112968524,false,צבר סלט חומוס גרגירים רכים 6*250גרם,שוורצקוף& הנקל דיסלד,IL,סלט חומוס סמיר 250גר צבר,גרמים,250.00,100 גרם,false,6,11.90,4.7600,true,1,31992
7290112968685,false,חומוס גרגרים רכים בטבילה צבר 400 גרם,שוורצקוף& הנקל דיסלד,IL,חומוס גרגרים בתטבילה צבר 400 גר,גרמים,600.00,100 גרם,false,1,14.90,2.4833,true,1,31785
7290112968807,false,פיטנס - קרקר דק סלק 140 גרם,מפעל אסם יקנעם,IL,קרקר פיטנס דק סלק140 גרם,גרמים,140.00,100 גרם,false,1,11.90,8.5000,true,1,36918
7290112968821,false,פיטנס - קרקר דק בטטה 140 גרם,מפעל אסם יקנעם,IL,קרקר פיטנס דק בטטה 140 גרם,גרמים,140.00,100 גרם,false,1,11.90,8.5000,true,1,36919
7290112969002,false,"אינסטנט פודינג פיסטוק אסם 80 גרם בד""ץ",מיוצר עי קונדיטוריית,IL,אינסטנט פודינג טירמיסו אסם 80 גר,גרמים,80.00,100 גרם,false,1,6.00,7.5000,true,1,32997
7290112969071,false,פסטה רדיאטורי פרפקטו 500 ג' אסם,ניולט פוד ס.פ.א,IT,פסטה פרפקטו רדיאטורי 500 גרם,גרמים,500.00,100 גרם,false,1,10.90,2.1800,true,1,32996
7290112969248,false,אסם בישולים רוטב סילאן ובצל 335*9 גרם,"אסם תעשיות בע""מ",IL,רוטב אוסם לבישול סילאן ובצל 335 גרם,גרמים,335.00,100 גרם,false,1,16.90,5.0448,true,1,37279
7290112969286,false,אסם בישולים רוטב חרדל ודבש 330*9 גרם,"אסם תעשיות בע""מ",IL,רוטב אוסם לבישול חרדל ודבש 330 גרם,גרמים,330.00,100 גרם,false,1,16.90,5.1212,true,1,37277
7290112969903,false,טבעול נאגטס ירקות לבנים 6*500גרם,טבעול תעשיות מזון בע,IL,נאגטס ירקות לבנים טבעול 500גר,גרמים,500.00,100 גרם,false,6,32.90,6.5800,true,1,33812
7290113190375,false,סילאן טבעי שקדיה 900 גרם,ג.מ. טעם הארץ,TR,סילאן טבעי שקדיה 900 גרם,גרמים,900.00,100 גרם,false,12,19.90,2.2111,true,1,32964
7290113190450,false,ממרח תמרים 450 גר' שקדיה,"תמר העמקים בע""מ",IL,ממרח תמרים שקדיה 450 גרם,גרמים,450.00,100 גרם,false,1,5.90,1.3111,true,1,27521
7290113191921,false,"תרכיז מלבי 750 מ""ל שקדיה","פוליבה בע""ם",IL,סירופ מלבי 750 מל,מיליליטרים,750.00,"100 מ""ל",false,12,16.90,2.2533,true,1,30271
7290113191938,false,"סירופ רוזטה בטעם שקדים 750 מ""ל","פוליבה בע""ם",IL,סירופ רוזטה 750 מל,מיליליטרים,750.00,"100 מ""ל",false,12,16.90,2.2533,true,1,30270
7290113192089,false,בוטנים מצופים בטעם תירס ששון הקולה 100 גרם,דין שיווק,IL,בוטן שקדיה מצופה תירס 100 גרם,גרמים,100.00,100 גרם,false,24,10.00,10.0000,true,1,38454
7290113192096,false,בוטנים מצופים בטעם וואסבי ששון הקולה 120 גרם,"יונאן פוד קו, לטד",IL,בוטן שקדיה מצופה וואסבי 100 גרם,גרמים,100.00,100 גרם,false,24,10.00,10.0000,true,1,38455
7290113192201,false,תערובת להכנת סחלב 500 גרם ששון הקולה,"י. כהן בע""מ",IL,תערובת להכנת סחלב שקדיה 500גרם,גרמים,500.00,100 גרם,false,12,14.90,2.9800,true,1,36614
7290113192218,false,תערובת להכנת מלבי 500 גרם ששון הקולה,"שקדיה גבע תעשיות בע""",IL,תערובת להכנת מלבי שקדיה 500גרם,גרמים,500.00,100 גרם,false,12,14.90,2.9800,true,1,36613
7290113192225,false,תערובת להכנת סופלה שוקולד 200 גר' שקדיה,"י. כהן בע""מ",IL,תערובת סופלה שוקולד שקדיה 200 גרם,גרמים,200.00,100 גרם,false,12,14.90,7.4500,true,1,36604
7290113192232,false,תערובת להכנת קינוח פנקייק 400 גר' שקדיה,"י. כהן בע""מ",IL,תערובת לפנקיק שקדיה 400 גרם,גרמים,400.00,100 גרם,false,12,14.90,3.7250,true,1,36605
7290113192300,false,זיתים מושחרים חרוזית 275 גרם בית השיטה,בית השיטה,IL,זית חרוזית מושחר 275 גר בית השיטה,גרמים,275.00,100 גרם,false,1,10.90,3.9636,true,1,33516
7290113192317,false,טבעות זיתים מושחרים 280 גרם בית השיטה,בית השיטה,IL,טבעות זית מושחר 280 גר בית השיטה,גרמים,280.00,100 גרם,false,1,10.90,3.8929,true,1,33517
7290113192324,false,זיתים ירוקים שלמים בינוניים בית השיטה,בית-השיטה עסיס תעשיות מז,IL,זית ירוק מנזולינו בינוני 340 גרבית השיטה,גרמים,340.00,100 גרם,false,1,8.90,2.6176,true,1,33676
7290113192331,false,זיתים ירוקים מנזנילו 340 גר' בית השיטה,בית-השיטה עסיס תעשיות מז,IL,זית ירוק מנזולינו גדול 340 בית השיטה,גרמים,340.00,100 גרם,false,1,10.90,3.2059,true,1,33675
7290113192348,false,בית השיטה זיתים ירוקים גדול מאודבטעם שום,בית-השיטה עסיס תעשיות מז,IL,זית ירוק מנזולינו ג.מ.טעם שום340ב.השיט,גרמים,340.00,100 גרם,false,,10.90,3.2059,true,1,33674
7290113192355,false,חרוזית זיתים ירוקים ללא גלעין 275 ג' בית השיטה,בית-השיטה עסיס תעשיות מז,IL,זית חרוזית ירוק 275 גר בית השיטה,גרמים,275.00,100 גרם,false,1,9.90,3.6000,true,1,33518
7290113192362,false,זיתים ירוקים טבעות A2 בית השיטה 280 גרם,בית-השיטה עסיס תעשיות מז,IL,טבעות זית ירוק 280 גר בית השיטה,גרמים,280.00,100 גרם,false,1,9.90,3.5357,true,1,33519
7290113192386,false,בית השיטה זיתים ירוקים סורי מבוקע 340גרם,בית השיטה,IL,זית ירוק סורי מבוקע 340 גר בית השיטה,גרמים,340.00,100 גרם,false,1,11.90,3.5000,true,1,33521
7290113192393,false,בית השיטה קוקטייל זיתים א2 336 גרם,בית-השיטה עסיס תעשיות מז,IL,זית ירוק סורי מבוקע א/2 בית השיטה,גרמים,3.00,100 גרם,false,1,11.90,396.6667,true,1,33520
7290113192478,false,בית השיטה מלפפונים במלח בינוני 10-12 320 גרם,בית-השיטה עסיס תעשיות מז,IL,מלפפון 10-12 במלח 320 גר בית השיטה,גרמים,320.00,100 גרם,false,1,7.50,2.3438,true,1,33578
7290113192485,false,בית השיטה מלפפונים בחומץ בינוני 10-12 290 גרם,בית-השיטה עסיס תעשיות מז,IL,מלפפון 10-12 בחומץ 320 גר בית השיטה,גרמים,320.00,100 גרם,false,1,7.50,2.3438,true,1,33579
7290113192492,false,בית השיטה מלפפונים בחומץ קטנים 1317 290 גרם,בית-השיטה עסיס תעשיות מז,IL,מלפפון 13-17 בחומץ 320 גר בית השיטה,גרמים,320.00,100 גרם,false,1,9.90,3.0938,true,1,33525
7290113192508,false,בית השיטה מלפפונים במלח קטן 1317 320 גרם,בית-השיטה עסיס תעשיות מז,IL,מלפפון 13-17 במלח320 גר בית השיטה,גרמים,320.00,100 גרם,false,1,9.90,3.0938,true,1,33524
7290113192515,false,בית השיטה מלפפונים במלח קטן מאוד 1825 320 גרם,בית-השיטה עסיס תעשיות מז,IL,מלפפון 18-25 במלח320 גר בית השיטה,גרמים,320.00,100 גרם,false,1,11.90,3.7188,true,1,33526
7290113192522,false,בית השיטה מלפפונים בחומץ קטן מאוד 1825 290 גרם,בית-השיטה עסיס תעשיות מז,IL,מלפפון 18-25 חומץ320 גר בית השיטה,גרמים,320.00,100 גרם,false,1,11.90,3.7188,true,1,33580
7290113192539,false,בית השיטה מלפפונים במלח גדול 79 320 גרם,בית-השיטה עסיס תעשיות מז,IL,מלפפון 7-9 במלח 320 גר בית השיטה,גרמים,320.00,100 גרם,false,1,6.50,2.0313,true,1,33527
7290113192546,false,"מלפפונים בחומץ רכיבים טבעיים 7-9 ""בית השיטה""",בית-השיטה עסיס תעשיות מז,IL,מלפפון 7-9 בחומץ 320 גר בית השיטה,גרמים,320.00,100 גרם,false,1,6.50,2.0313,true,1,33581
7290113192553,false,מלפפונים במלח 13-17 פיקנטי בית השיטה 320 גרם,בית-השיטה עסיס תעשיות מז,IL,מלפפון במלח בלדי 13-17 בית השיטה 320 גרם,גרמים,320.00,100 גרם,false,1,10.90,3.4063,true,1,33604
7290113192577,false,בית השיטה כרוב כבוש א2 12*430גרם חדש,"בית-השיטה תעשיות בע""\מ",IL,כרוב כבוש בית השיטה 430 גר,גרמים,430.00,100 גרם,false,1,7.90,1.8372,true,1,33603
7290113192997,false,בית השיטה זית מרוקאי 340 גרם*,"בית השיטה תעשיות בע""\מ",IL,זית מרוקאי בית השיטה 340 גרם,גרמים,340.00,100 גרם,false,1,13.90,4.0882,true,1,36929
7290113193017,false,בית השיטה חרוזית קוקטייל זיתים 275 גרם,"בית השיטה תעשיות בע""\מ",IL,לחמית כוסמין 200 גרם,גרמים,275.00,100 גרם,false,1,13.90,5.0545,true,1,33003
7290113193031,false,חרוזית קלמטה - זיתים שחורים ללא גלעין קלמטה,"בית השיטה תעשיות בע""\מ",IL,זית חרוזית קלמטה 275 גרם בית השיטה,גרמים,275.00,100 גרם,false,1,13.90,5.0545,true,1,35571
7290113193321,false,"שמן זית כתית מעולה בית השיטה 750 מ""ל",אצטס אבסה אס. איי. יו.,IL,שמן זית בית השיטה750 מל,מיליליטרים,750.00,"100 מ""ל",false,1,29.90,3.9867,true,1,37251
7290113193406,false,"קוקטייל טבעות זיתים - זיתים ירוקים, שחורים מרינד","בית השיטה תעשיות בע""\מ",IL,טבעות זית קוקטייל280 גר בית השיטה,גרמים,280.00,100 גרם,false,1,12.90,4.6071,true,1,33016
7290113194090,false,בית השיטה טבעות זיתים קלמטה 280 גרם,בית השיטה תעשיות בעמ,IL,זית טבעות קלמטה ב.השיטה 410 גרם,גרמים,410.00,100 גרם,false,1,12.90,3.1463,true,1,37260
7290113195042,false,מלפפון חמוץ במלח כבישה ביתית בית השיטה 750 גר',שוורצקוף& הנקל דיסלד,IL,מלפפון כבישה ביתית בית השיטה 750 גרם,גרמים,750.00,100 גרם,false,1,26.90,3.5867,true,1,40097
7290113195066,false,חלבה טורקית בטעם וניל 400 גרם,ח. אל עקר,IL,חלבה טורקית וניל 400 גרם,גרמים,400.00,100 גרם,false,10,12.90,3.2250,true,1,37405
7290113195073,false,חלבה טורקית עם פיסטוק שקדיה 400 גרם,ח. אל עקר,IL,חלבה טורקית וניל עם פיסטוק 400 גרם,גרמים,400.00,100 גרם,false,10,14.90,3.7250,true,1,37403
7290113195080,false,חלבה טורקית בטעם שוקו וניל שקדיה 400 גרם,ח. אל עקר,IL,חלבה טורקית וניל שוקו 400 גרם,גרמים,400.00,100 גרם,false,10,12.90,3.2250,true,1,37404
7290113195264,false,ממרח פלפלים קלויים 360 גרם,דין שיווק,MK,ממרח פלפלים קלויים גורמט 360 גרם,גרמים,300.00,100 גרם,false,12,11.90,3.9667,true,1,37402
7290113195271,false,ממרח פלפלים פיקנטיים 360 גרם,דין שיווק,MK,ממרח פלפלים פיקנטי גורמט 360 גרם,גרמים,300.00,100 גרם,false,12,11.90,3.9667,true,1,37401
7290113195479,false,קמח שקדים שקדיה 200 גרם,"שקדיה גבע תעשיות בע""",IL,קמח שקדים שקדיה 200 גרם,גרמים,200.00,100 גרם,false,20,15.90,7.9500,true,1,37395
7290113196414,false,"אורז בסמטי 1 ק""ג - שקדיה כחול מטאלי",דאבה סינג שאם סינג,IN,"אורז בסמטי שקדיה 1 ק""ג",קילוגרמים,1.00,"ק""ג",false,1,10.90,10.9000,true,1,45592
7290113196896,false,"תרסיס שמן זית שקדיה 170 מ""ל",שקדיה,IL,תרסיס שמן זית שקדיה 170 מל,מיליליטרים,170.00,"100 מ""ל",false,12,13.90,8.1765,true,1,45168
7290113196902,false,מנה חמה אטריות אורז בטעם בקר שקדיה 70 גרם,טיאן האנג פוד ג'וינט,VN,מנה חמה סו שף אטריות אורז בקר 60 גרם,Unknown,0.00,Unknown,false,12,7.90,0.0000,true,1,50535
7290113196919,false,מנה חמה אטריות אורז בטעם עוף שקדיה 70 גרם,טיאן האנג פוד ג'וינט,VN,מנה חמה סו שף אטריות אורז ועוף 60 גרם,Unknown,0.00,Unknown,false,12,7.90,0.0000,true,1,50537
7290113196926,false,מנה חמה אטריות אורז בטעם ירקות שקדיה 70 גרם,טיאן האנג פוד ג'וינט,VN,מנה חמה סו שף אטריות אורז ירקות 60 גרם,Unknown,0.00,Unknown,false,12,7.90,0.0000,true,1,50534
7290113196933,false,מנה חמה אטריות אורז בטעם טום יאס שקדיה 70 גרם,טיאן האנג פוד ג'וינט,VN,מנה חמה סו שף אטריות אורז טום יאם 60 גרם,Unknown,0.00,Unknown,false,12,7.90,0.0000,true,1,50536
7290113197169,false,חמאת בוטנים טבעית 510 גרם,סופר נוטרי פודס,IN,חמאת בוטנים טבעית שקדיה 510 גרם,גרמים,510.00,100 גרם,false,12,15.90,3.1176,true,1,50914
7290113197176,false,חמאת בוטנים עם שבבים 510 גר,סופר נוטרי פודס,IN,חמאת בוטנים טבעית קראנצי שקדיה 510 גרם,גרמים,510.00,100 גרם,false,12,15.90,3.1176,true,1,50915
7290113198029,false,פקאן מצופה חלבה שקדי,"דין שיווק וקלייה בע""",IL,אגוז פקאן שקדיה מצופה חלבה 150 גרם,גרמים,150.00,100 גרם,false,12,14.90,9.9333,true,1,45275
7290113198036,false,פקאן מצופה קרמל שקדיה 150 גרם,"דין שיווק וקלייה בע""",IL,אגוז פקאן שקדיה מצופה טעם קרמל150 גרם,גרמים,150.00,100 גרם,false,12,14.90,9.9333,true,1,45280
7290113198050,false,פקאן מצופה בייגלה מל,"דין שיווק וקלייה בע""",IL,אגוז פקאן שקדיה מצופה בייגלה מלוח150 גרם,גרמים,150.00,100 גרם,false,12,14.90,9.9333,true,1,45277
7290113198067,false,פקאן מצופה שוקולד לבן 150 גרם,"דין שיווק וקלייה בע""",IL,אגוז פקאן שקדיה מצופה שוקולד לבן 150 גרם,גרמים,150.00,100 גרם,false,12,14.90,9.9333,true,1,45276
7290113198074,false,פקאן מצופה שוקולד שיש 150 גרם,"דין שיווק וקלייה בע""",IL,אגוז פקאן שקדיה מצופה שוקולד שיש150 גרם,גרמים,150.00,100 גרם,false,12,14.90,9.9333,true,1,45279
7290113198562,false,סוכריות גומי בטעם תות שדה 200 ג' שקדיה,טופגאם תעשיות ממתקים,IL,סוכריות גומי שקדיה תות שדה 150 ג קופסא,גרמים,150.00,100 גרם,false,12,9.90,6.6000,true,1,47498
7290113198579,false,סוכריות גומי דובונים בטעמי פירות 200 ג' שקדיה,טופגאם תעשיות ממתקים,IL,סוכריות גומי שקדיה דובונים 150 ג קופסא,גרמים,150.00,100 גרם,false,12,9.90,6.6000,true,1,47497
7290113198586,false,סוכריות גומי מסוכרות בטעם אפרסק 200 ג' שקדיה,טופגאם תעשיות ממתקים,IL,סוכריות גומי שקדיה אפרסק 150 ג קופסא,גרמים,150.00,100 גרם,false,12,9.90,6.6000,true,1,47496
7290113198593,false,סוכריות גומי מסוכרות בטעם בננה 200 ג' שקדיה,טופגאם תעשיות ממתקים,IL,סוכריות גומי שקדיה בננה 150 ג קופסא,גרמים,150.00,100 גרם,false,12,9.90,6.6000,true,1,47495
7290113198609,false,סוכריות גומי נחשים בטעמי פירות 200 ג' שקדיה,טופגאם תעשיות ממתקים,IL,סוכריות גומי שקדיה נחש פירות150 ג קופסא,גרמים,150.00,100 גרם,false,12,9.90,6.6000,true,1,47494
7290113199323,false,עלי טורטילוס בוריטו150גר,אלקטי קוראבייכיסיגידה טו,TR,טורטיה טורטילס מיני 150 גרם,גרמים,150.00,100 גרם,false,1,4.90,3.2667,true,1,49528
7290113199378,false,פרכיות כוסמת דקות בתוספת שיבולת שועל שקדיה 95 גרם,זנבר המכללה לטבעונות,IL,פריכיות כוסמת דקות שקדיה ש.ש 95 גרם,Unknown,0.00,Unknown,false,12,9.90,0.0000,true,1,48282
7290113199385,false,פרכיות כוסמת דקות בתוספת מלח שקדיה 100 גרם,זנבר המכללה לטבעונות,IL,פריכיות כוסמת דקות שקדיה מלוח 100 גרם,Unknown,0.00,Unknown,false,12,9.90,0.0000,true,1,48280
7290113199392,false,פרכיות כוסמת דקות בתוספת שקדים שקדיה 90 גרם,זנבר המכללה לטבעונות,IL,פריכיות כוסמת דקות שקדיה שקדים 90 גרם,Unknown,0.00,Unknown,false,12,9.90,0.0000,true,1,48281
7290113199408,false,פרכיות כוסמין דקות בתוספת מלח שקדיה 95 גרם,זנבר המכללה לטבעונות,IL,פריכיות כוסמין דקות שקדיה מלוח 95 גרם,Unknown,0.00,Unknown,false,12,9.90,0.0000,true,1,48283
7290113199606,false,"חטיף בוטנים עם דלעת בוטנים חמוציות ושומשום לל""ס","שקדיה גבע תעשיות בע""",IL,חטיפי שקדיה אנרגי מיקס בוטן חמוציו 220 ג,גרמים,220.00,100 גרם,false,12,14.90,6.7727,true,1,47508
7290113199613,false,חטיף שומשום עם שקדים וחמוציות ללא.ס 220 ג' שקדיה,"שקדיה גבע תעשיות בע""",IL,חטיפי שקדיה אנרגי מיקס שקד חמוציות220 ג,גרמים,220.00,100 גרם,false,12,14.90,6.7727,true,1,47509
7290113199620,false,אנרג'י מיקס גרנולה שקדיה 220 גרם,"שקדיה גבע תעשיות בע""",IL,חטיפי שקדיה אנרגי מיקס דלעת קשיו 220 ג,גרמים,220.00,100 גרם,false,12,14.90,6.7727,true,1,47507
7290113199880,false,טורטיה בתוספת קמח כוסמין ושיבול שועל שקדיה 360 גרם,אקס ולאו,TR,טורטיה טורטילס קמח כוסמין שבולת שועל 360,גרמים,360.00,100 גרם,false,1,10.90,3.0278,true,1,50775
7290113199897,false,סוכריות חמצוצים בטעם תות שדה 180 ג' שקדיה,טופגאם תעשיות ממתקים,IL,סוכריות גומי שקדיה חמצוצים תות 150ג קופס,גרמים,150.00,100 גרם,false,12,9.90,6.6000,true,1,47501
7290113199903,false,סוכריות חמצוצים בטעם תות בננה 180 ג' שקדיה,טופגאם תעשיות ממתקים,IL,סוכריות גומי שקדיה חמצוצים ת.ב150ג קופס,גרמים,150.00,100 גרם,false,12,9.90,6.6000,true,1,47500
7290113199910,false,סוכריות חמצוצים בטעם קולה 180 ג' שקדיה,טופגאם תעשיות ממתקים,IL,סוכריות גומי שקדיה חמצוצים קולה150ג קופס,גרמים,150.00,100 גרם,false,12,9.90,6.6000,true,1,47499
7290113199927,false,סוכריות חמצוצים בטעם פירות 180 ג' שקדיה,טופגאם תעשיות ממתקים,IL,סוכריות גומי שקדיה חמצוצים פירות 150גר,גרמים,150.00,100 גרם,false,12,9.90,6.6000,true,1,47503
7290113242173,false,אלכוגל 4 ליטר,,IL,אלכוגל 4 ליטר,ליטרים,4.00,ליטר,false,4,69.90,17.4750,true,1,36733
7290113285095,false,כפפות חד פעמי לטקס פ,,,כפפות חד פעמי לטקס פרפקט ללא אבקה סמול,יחידה,100.00,יחידה,false,10,24.90,0.2490,true,1,48235
7290113286559,false,כפפות ניטריל שחורות S ללא אבקה,,,כפפות ניטרל שחורות 100יח ל.אבקה סמול,יחידה,100.00,יחידה,false,10,19.90,0.1990,true,1,50398
7290113286566,false,כפפות ניטריל שחורות M ללא אבקה,,,כפפות ניטרל שחורות 100יח ל.אבקה מדיום,יחידה,100.00,יחידה,false,10,19.90,0.1990,true,1,50399
7290113286573,false,כפפות ניטריל שחורות L ללא אבקה,,,כפפות ניטרל שחורות 100יח ל.אבקה לארג,יחידה,100.00,יחידה,false,10,19.90,0.1990,true,1,50400
7290113288836,false,כפפות ויטריל S י 100 יחידות,,CN,כפפות חד פעמי 100יח ניטריטקס סמול שחור,יחידה,100.00,יחידה,false,10,21.90,0.2190,true,1,46603
7290113288843,false,כפפות ניטריל שחורות,,CN,כפפות חד פעמי 100יח ניטריטקס מדיום שחור,יחידה,100.00,יחידה,false,10,21.90,0.2190,true,1,46604
7290113288850,false,"כפפות ניטרקס ויטריל-L שחורות 100 יח' =פרפקט=עד""ח",,CN,כפפות חד פעמי 100יח ניטריטקס לארג שחור,יחידה,100.00,יחידה,false,10,21.90,0.2190,true,1,46605
7290113288867,false,כפפות ויטריל שחורות XL,,CN,כפפות חד פעמי 100יח ניטריטקס אקס אל שחור,יחידה,100.00,יחידה,false,10,21.90,0.2190,true,1,46606
7290113289611,false,כפפות ויטריל כחולות,,CN,כפפות חד פעמי 100יח ניטריטקס לארג כחול,יחידה,100.00,יחידה,false,10,21.90,0.2190,true,1,50129
7290113300194,false,פאוצ' להקט עוף ברוטב 85 גר',PPF צ'כיה,FR,פאוץ נתחוני לה קט עם רוטב 85 גר,Unknown,0.00,Unknown,false,28,4.50,0.0000,true,1,35457
7290113300224,false,פאוצ' לה קט סלמון ברוטב 85 ג',"ביופט- מזון לבע""ח",CZ,פאוץ נתחוני לה קט עם סלמון 85 גר,Unknown,0.00,Unknown,false,28,4.50,0.0000,true,1,35458
7290113300231,false,פאוצ' לה קט בקר ג'לי 85 ג',"ביופט- מזון לבע""ח",CZ,פאוץ נתחוני לה קט עם בקר וגלי 85 גר,Unknown,0.00,Unknown,false,28,4.50,0.0000,true,1,35459
7290113300262,false,פאוצ' לה קט טונה ג'לי 85 ג',"ביופט- מזון לבע""ח",CZ,פאוץ נתחוני לה קט עם טונה וגלי 85 גר,Unknown,0.00,Unknown,false,28,4.50,0.0000,true,1,35460
7290113453227,false,סוכריות גומי יין מסוכר,טופגאם תעשיות ממתקים,IL,סוכריות גומי שקדיה יין מסוכר 400 גרם,גרמים,400.00,100 גרם,false,12,10.90,2.7250,true,1,45268
7290113560055,false,פרודונטקס מי פה טיפול יומי לחניכיים 500,"מאסטרפוד אוסטריה בע""מ",GB,מי פה פרודונטקס 500מל,מיליליטרים,500.00,"100 מ""ל",false,1,29.90,5.9800,true,1,35475
7290113560109,false,פרודונטקס מ.שיניים בטעם צמחי 75 מל,פרודונטקס Parodontax,SK,מש.שיניים פרודונטקס הרבל 75מל,Unknown,0.00,Unknown,false,1,29.90,0.0000,true,1,37303
7290113560277,false,זוג מברשות שיניים רפיד רליף סנסודיין,גלקסוס סמית קליין,GB,מארז 2יח מברשת שינים סנסודיין רפיד רליף,יחידה,2.00,יחידה,false,1,32.90,16.4500,true,1,50203
7290113620773,false,חמאת שקדים מלאה אורג,,,חמאת שקדים מלאה אורגנית 300 גר,גרמים,300.00,100 גרם,false,12,39.90,13.3000,true,1,38229
7290113620780,false,חמאת קשיו מלאה אורגנ,,,חמאת קשיו מלאה אורגנית 300 גר,גרמים,300.00,100 גרם,false,12,39.90,13.3000,true,1,38230
7290113620810,false,חמאת שומשום שחור אור,,,חמאת שומשום שחור אורגנית 300 גר,גרמים,300.00,100 גרם,false,12,26.90,8.9667,true,1,38232
7290113622500,false,פסטה ללא גלוטן תירס,,,פסטה ללג תירס ואורז 250 גר,גרמים,250.00,100 גרם,false,10,12.90,5.1600,true,1,38233
7290113622517,false,"פסטה אורז מלא לל""ג 250 גרם",,BG,פסטה ללג אורז מלא 250 גר,גרמים,250.00,100 גרם,false,10,12.90,5.1600,true,1,38234
7290113622524,false,"פסטה כוסמת לל""ג 250 גרם",,BG,פסטה ללא גלוטן כוסמת 250 גר,גרמים,250.00,100 גרם,false,10,12.90,5.1600,true,1,38235
7290113622548,false,"פסטה אפונה לל""ג 250 גרם",,BG,פסטה ללא גלוטן אפונה 250 גר,גרמים,250.00,100 גרם,false,10,12.90,5.1600,true,1,38237
7290113660106,false,מארז 50 כוסות אמנון ותמר,כוסות שתייה חמה 3 ב,,כוסות נייר חד פעמי 50יח 8בי אמנון ותמר,יחידה,50.00,יחידה,false,1,7.90,0.1580,true,1,51811
7290113660311,false,פחם אמריקאי גריל גרי,קרקול,ZA,פחם דרום אמריקאי 2קג גריל גריל,קילוגרמים,2.00,"ק""ג",false,1,24.90,12.4500,true,1,48047
7290113661257,false,כוסות חד פעמי שתיה ק,,,כוסות חד פעמי שתיה קרה 180סמק 100יח,יחידה,100.00,יחידה,false,1,8.90,0.0890,true,1,48486
7290113662759,false,תבניות אלומיניום מרו,,IL,תבניות אלומיניום מרובע שחור זהב+מכסה 10י,יחידה,10.00,יחידה,false,1,13.90,1.3900,true,1,45322
7290113662766,false,תבניות אלומיניום לב,,IL,תבניות אלומיניום לב אישי שחור זהב+מכסה10,יחידה,10.00,יחידה,false,1,13.90,1.3900,true,1,45323
7290113662773,false,תבניות אלומיניום סופ,,IL,תבניות אלומיניום סופלה שחור זהב+מכסה 10,יחידה,10.00,יחידה,false,1,13.90,1.3900,true,1,45324
7290113662780,false,תבניות אלומיניום מלב,,IL,תבניות אלומיניום מלבן שחור זהב+מכסה 6יח,יחידה,6.00,יחידה,false,1,12.90,2.1500,true,1,45325
7290113662797,false,תבניות אלומיניום מינ,,IL,תבניות אלומיניום מיני אינגליש+מכסה 4יח,יחידה,4.00,יחידה,false,1,10.90,2.7250,true,1,45326
7290113662803,false,תבניות אלומיניום פאי,,IL,תבניות אלומיניום פאי שחור זהב+מכסה 6יח,יחידה,6.00,יחידה,false,1,13.90,2.3167,true,1,45327
7290113662810,false,תבניות אלומיניום אוב,,IL,תבניות אלומיניום אובלי שחור זהב+מכסה 3יח,יחידה,3.00,יחידה,false,1,14.90,4.9667,true,1,45328
7290113662827,false,תבניות אלומיניום כנא,,IL,תבניות אלומיניום כנאפה שחור זהב+מכסה 3יח,יחידה,3.00,יחידה,false,1,12.90,4.3000,true,1,45329
7290113662834,false,נייר אפיה לתבנית אינ,,IL,נייר אפיה לתבנית אינגליש 20יח 6.5/26סמ,יחידה,20.00,יחידה,false,1,10.90,0.5450,true,1,45321
7290113763784,false,סודה סטרים - מכשיר TERRA בצבע שחור,סודה סטרים,,מכשיר סודה סטרים טרה שחור,יחידה,1.00,יחידה,false,1,499.00,499.0000,true,1,49912
7290113764019,false,מכשיר סודהסטרים טרה צבע לבן,סודה סטרים,,מכשיר סודה סטרים טרה לבן,יחידה,1.00,יחידה,false,1,499.00,499.0000,true,1,49913
7290113795945,false,מבער גז ביאנקו,,,מבער גז ביאנקו,יחידה,1.00,יחידה,false,1,89.90,89.9000,true,1,47265
7290114151566,false,"שמפו לכל סוגי השיער בוטני 500 מ""ל",אף.סי תבליני בגליל ב,IL,שמפו בונאטי אורגני לכל סוגי השיער 500מל,מיליליטרים,500.00,"100 מ""ל",false,10,22.90,4.5800,true,1,37159
7290114151573,false,"שמפו לשיער רגיל-שמן בוטני 500 מ""ל",אף.סי תבליני בגליל ב,IL,שמפו בונאטי 500מל לשיער רגיל שמן אורגני,מיליליטרים,500.00,"100 מ""ל",false,10,22.90,4.5800,true,1,47395
7290114151580,false,"שמפו לשיער צבוע ויבש מאוד בוטני 500 מ""ל",,IL,שמפו בונאטי אורגני לשיער צבוע ויבש 500מל,מיליליטרים,500.00,"100 מ""ל",false,10,22.90,4.5800,true,1,47394
7290114151597,false,"שמפו לשיער רגיל-יבש בוטני 500 מ""ל",אף.סי תבליני בגליל ב,IL,שמפו בונאטי אורגני לשיער רגיל/יבש 500מל,מיליליטרים,500.00,"100 מ""ל",false,10,22.90,4.5800,true,1,37160
7290114151603,false,"מרכך לכל סוגי השיער בוטני 500 מ""ל",אף.סי תבליני בגליל ב,IL,מרכךבונאטי אורגני לכל סוגי השיער 500מל,מיליליטרים,500.00,"100 מ""ל",false,10,22.90,4.5800,true,1,37161
7290114151610,false,"מרכך לשיער רגיל-שמן בוטני 500 מ""ל",אף.סי תבליני בגליל ב,IL,מרכךבונאטי 500מל לשיער רגיל שמן אורגני,מיליליטרים,500.00,"100 מ""ל",false,10,22.90,4.5800,true,1,47396
7290114151627,false,"מרכך לשיער צבוע ויבש מאוד בוטני 500 מ""ל",,IL,מרכךבונאטי 500מל לשיער צבוע ויבש אורגני,מיליליטרים,500.00,"100 מ""ל",false,10,22.90,4.5800,true,1,47397
7290114151634,false,"מרכך לשיער רגיל-יבש בוטני 500 מ""ל",אף.סי תבליני בגליל ב,IL,מרכךבונאטי 500מל לשיער רגיל ויבש אורגני,מיליליטרים,500.00,"100 מ""ל",false,10,22.90,4.5800,true,1,47398
7290114151641,false,"סבון גוף משפחתי בוטני 500 מ""ל",אף.סי תבליני בגליל ב,IL,סבון גוף בונאטי 500מל קוקוס אלוורה עץ תה,מיליליטרים,500.00,"100 מ""ל",false,10,22.90,4.5800,true,1,47399
7290114151658,false,"סבון גוף לעור יבש בוטני 500 מ""ל",אף.סי תבליני בגליל ב,IL,סבון גוף בונאטי 500מל לעור יבש,מיליליטרים,500.00,"100 מ""ל",false,10,22.90,4.5800,true,1,47400
7290114151665,false,"סבון ידיים שמן קוקוס עץ התה 500 מ""ל",אף.סי תבליני בגליל ב,IL,סבון ידיים בונאטי קוקוס אלוורה עץ 500מל,מיליליטרים,500.00,"100 מ""ל",false,10,19.90,3.9800,true,1,47401
7290114151672,false,"סבון ידיים לעור יבש בוטני 500 מ""ל",אף.סי תבליני בגליל ב,IL,סבון ידיים בונאטי לבנדר 500מל,מיליליטרים,500.00,"100 מ""ל",false,10,19.90,3.9800,true,1,37163
7290114152174,false,"סבון ידיים תפוז/מורינגה/לימון 500 מ""ל",אף.סי תבליני בגליל ב,IL,סבון ידיים בונאטי תפוז לימון 500מל,מיליליטרים,500.00,"100 מ""ל",false,10,19.90,3.9800,true,1,37164
7290114152181,false,סבון גוף תפוז מורינג,אף.סי תבליני בגליל ב,IL,סבון גוף בונאטי אורגני 500מל תפוז לימון,מיליליטרים,500.00,"100 מ""ל",false,10,22.90,4.5800,true,1,37162
7290114152327,false,סבון ידיים צמחי למון,אקופרנד,IL,סבון ידיים אקופרנד 500מל טבעי למון גראס,מיליליטרים,500.00,"100 מ""ל",false,1,19.90,3.9800,true,1,47402
7290114152334,false,סבון ידיים צמחי לבנד,אקופרנד,IL,סבון ידיים אקופרנד 500מל טבעי לבנדר,מיליליטרים,500.00,"100 מ""ל",false,1,19.90,3.9800,true,1,47403
7290114152341,false,סבון ידיים צמחי מנדר,אקופרנד,IL,סבון ידיים אקופרנד 500מל טבעי מנדרינה,מיליליטרים,500.00,"100 מ""ל",false,1,19.90,3.9800,true,1,47404
7290114154116,false,"מרכך ללא מלחים בוטני 500 מ""ל",,IL,מרכךבונאטי 500מל ללא מלחים אורגני,מיליליטרים,500.00,"100 מ""ל",false,10,24.90,4.9800,true,1,47405
7290114154130,false,"שמפו ללא מלחים בוטני 500 מ""ל",,IL,שמפו בונאטי 500מל ללא מלחים אורגני,מיליליטרים,500.00,"100 מ""ל",false,10,24.90,4.9800,true,1,47406
7290114310215,false,"שמנת מתוקה 38% רמת הגולן 250 מ""ל ווסטהיים - מוצר בפיקוח",מילקו תעשיות בעמ,IL,שמנת מתוקה 38% עמידה 250 מל***בקבוק,מיליליטרים,250.00,"100 מ""ל",false,1,6.47,2.5880,true,1,33399
7290114310222,false,חלב מועשר בסידן וויטמין Dי 3% 1.5 ל' טרה,מילקו תעשיות בעמ,IL,חלב מועשר בסידן וויטמין די 1.5ליטר,מיליליטרים,1500.00,"100 מ""ל",false,6,12.90,0.8600,true,1,34022
7290114310239,false,חלב נטול לקטוז מועשר בוויטמין D י 2% 1.5 ל' טרה,מילקו תעשיות בעמ,IL,חלב נטול לקטוז מועשר וויטמין די 1.5ליטר,מיליליטרים,1500.00,"100 מ""ל",false,6,12.90,0.8600,true,1,34023
7290114310338,false,צפתית מעודנת 5% בגביע 225 גרם משק צוריאל,מחלבת משק צוריאל,IL,גבינה צפתית מעודנת 5% 225גר צוריאל,גרמים,225.00,100 גרם,false,1,18.90,8.4000,true,1,38362
7290114310345,false,מעדן יוגורט בטעם תות 1.5% 125 גרם טרה,מילקו תעשיות בעמ,IL,מעדן מוו יוגורט בטעם תות 1.5% 125 גרם,גרמים,125.00,100 גרם,false,1,2.90,2.3200,true,1,35966
7290114310383,false,Muller Froop מולר יוגורט מוקצף בטעם וניל 90 גרם,מולר Muller,IL,קציפת יוגורט מולר פרופ טעם וניל 97גר,Unknown,0.00,Unknown,false,1,5.30,0.0000,true,1,51813
7290114310390,false,מולר פרופ קציפת יוגורט בטעם בננה לוטי 97 גרם,מולר Muller,IL,קציפת יוגורט מולר פרופ טעם בננה לוטי97גר,Unknown,0.00,Unknown,false,1,5.30,0.0000,true,1,51815
7290114310406,false,מולר פרופ קציפת יוגורט בטעם תות 97 גרם,מולר Muller,IL,קציפת יוגורט מולר פרופ טעם תות 97גר,Unknown,0.00,Unknown,false,1,5.30,0.0000,true,1,51814
7290114310536,false,יוגורט לייט מעושר חלבון 25 גרם חלבון וניל MULLER ACTIVE,מולר Muller,IL,יוגורט מולר אקטיב מעושר חלבון 25גר וניל,גרמים,200.00,100 גרם,false,24,6.00,3.0000,true,1,38032
7290114310550,false,גבינת פטה עיזים מעודנת 5% משק צוריאל 200 גרם,מחלבת משק צוריאל,IL,גבינת פטה עיזים מעודנת 5% 200 גרם צוריאל,גרמים,200.00,100 גרם,false,1,26.90,13.4500,true,1,39357
7290114310567,false,לאבנה עיזים 5% שומן 200 גרם,מחלבת משק צוריאל,IL,לאבנה עיזים 200 גרם 5% צוריאל,גרמים,200.00,100 גרם,false,1,14.90,7.4500,true,1,39359
7290114310574,false,גבינת קרם שמנת עיזים 5% 200 גרם צוריאל,מחלבת משק צוריאל,IL,גבינת קרם שמנת עיזים 5% 200גר צוריאל,גרמים,200.00,100 גרם,false,1,14.90,7.4500,true,1,39358
7290114310611,false,"משקה חלב בננה בבקבוק פקק ספורט טרה 250 מ""ל",Unknown,IL,משקה חלב בננה 250מל טרה בקבוק,מיליליטרים,250.00,"100 מ""ל",false,1,5.90,2.3600,true,1,39360
7290114310628,false,משקה חלב וניל ועוגיות בקבוק 1 ליטר,מילקו תעשיות בעמ,IL,משקה חלב וניל עוגיות 1 ליטר,ליטרים,1.00,ליטר,false,1,12.90,12.9000,true,1,39049
7290114310673,false,גבינת לאבנה 9% 250 גרם,Unknown,IL,לאבנה 250 גר 9% שומן נעם,גרמים,250.00,100 גרם,false,,13.90,5.5600,true,1,38722
7290114310895,false,"סימפלי פרוט יוגורט עם מנגו תות, שמיניה 8 * 150 גרם",מולר Muller,IL,מאגדת מולר סימפלי פרוט מנגו תות 8יח,קילוגרמים,1.20,"ק""ג",false,1,29.90,24.9167,true,1,45193
7290114311014,false,"משקה חלב אייס קפוצ'ינו פקק ספורט טרה 250 מ""ל",מילקו תעשיות בעמ,IL,משקה חלב אייס קפוצינו 250מל טרה בקבוק,מיליליטרים,250.00,"100 מ""ל",false,1,5.90,2.3600,true,1,48439
7290114311021,false,"משקה חלב וניל עוגיות פקק ספורט טרה 250 מ""ל",מילקו תעשיות בעמ,IL,משקה חלב וניל עוגיות 250מל טרה בקבוק,מיליליטרים,250.00,"100 מ""ל",false,1,5.90,2.3600,true,1,48440
7290114311069,false,יוגורט לבן מועשר בחלבון 0% שומן 200 גרם muller active,מולר Muller,IL,מעדן מולר אקטיב 25גר חלבון 0% שומן200גר,גרמים,200.00,100 גרם,false,24,5.90,2.9500,true,1,47733
7290114311106,false,מולר נטורל חצוי+יוגורט ביו+גרנולה וסירופ עם סילאן 177 ג',מילקו,IL,יוגורט מולר נטורל עם גרנולה וסילאן 177גר,גרמים,177.00,100 גרם,false,12,6.90,3.8983,true,1,46980
7290114311298,false,יוגורט מולר פרופ בטעם תות בננה מלון 150,מולר Muller,IL,יוגורט מולר פרופ תות בננה מלון 150גר,גרמים,150.00,100 גרם,false,1,5.30,3.5333,true,1,49891
7290114311304,false,יוגורט קציפת מנגו פסיפלורה בננה 150 ג' מולר,מולר Muller,IL,יוגורט מולר פרופ מנגו פסיפלורה בננה 150ג,גרמים,150.00,100 גרם,false,1,5.30,3.5333,true,1,49890
7290114311328,false,חלב מועשר דל לקטוז מעושר בויטמין Dי 2% שומן טרה 1 ליטר,ג'י.אר.אמ.גרופו אלימ,IL,חלב דל לקטוז מועשר בויטמין די 1 ליטר,ליטרים,1.00,ליטר,false,1,8.20,8.2000,true,1,49963
7290114311434,false,מולר אקטיב יוגורט חלבון קרמל מלוח 200 גרם,מולר Muller,IL,יוגורט מולר אקטיב 20גר חלבון קרמל מלוח,גרמים,200.00,100 גרם,false,24,6.00,3.0000,true,1,50919
7290114311441,false,מולר אקטיב יוגורט חלבון עוגיות חמאה 200 גרם,מולר Muller,IL,יוגורט מולר אקטיב 20גר חלבון עוגיות חמאה,גרמים,200.00,100 גרם,false,24,6.00,3.0000,true,1,50920
7290114311502,false,משקה חלב בטעם סחלב בבקבוק 1 ליטר,מילקו תעשיות בעמ,IL,משקה חלב טעם סחלב 1ליטר בקבוק,ליטרים,1.00,ליטר,false,1,12.90,12.9000,true,1,50918
7290114311526,false,יוגורט פרופ קציפת תפוז גי'נג'ר 3% מולר 150 גרם,מולר Muller,IL,מעדן מולר פרוופ 150גר קציפת תפוז וגינגר,מיליליטרים,150.00,"100 מ""ל",false,1,5.30,3.5333,true,1,51017
7290114311533,false,יוגורט פרופ קציפת פרי בטעם סנגריה 3% מולר 150 גרם,מולר Muller,IL,מעדן מולר פרוופ 150גר קציפת פרי ט.סנגריה,מיליליטרים,150.00,"100 מ""ל",false,1,5.30,3.5333,true,1,51018
7290114311557,false,יוגורט נטורל ו גרנולה בתוספת סירופ מייפל 170 ג' מולר,מולר Muller,IL,יוגורט מולר נטורל עם גרנולה ומייפל 170גר,גרמים,170.00,100 גרם,false,12,6.90,4.0588,true,1,51019
7290114600750,false,קו-קווים חטיף אפוי עם גבינת פקורינו - חלבי,הדקלאים אגודת שיתופי,IT,חטיף פריי רור ווים עם פיקורינו 150 גרם,גרמים,150.00,100 גרם,false,12,11.90,7.9333,true,1,34559
7290114600767,false,FREE קו-קווים חטיף אפוי עם זיתים ועגבניות 150 גרם,הדקלאים אגודת שיתופי,IT,חטיף פריי קו קווים עגבניות זיתים 150 גרם,גרמים,150.00,100 גרם,false,12,11.90,7.9333,true,1,34560
7290114600774,false,FREE קו-קווים חטיף אפוי עם רוזמרין 150 גר',הדקלאים אגודת שיתופי,IT,חטיף פריי קו קווים רוזמרין 150 גרם,גרמים,150.00,100 גרם,false,12,11.90,7.9333,true,1,34561
7290114600927,false,עלי טורטייה חיטה מלאה מאסטר שף 320 גרם,אלקאטי קורביישיסי גי,ES,עלי טורטיה חיטה מלאה 8 יח 320 גר,גרמים,320.00,100 גרם,false,1,10.90,3.4063,true,1,35977
7290114600989,false,"רוטב אלף האיים מאסטר שף 250 מ""ל",קפה לנדוור,NL,רוטב אלף האיים מאסטר שף 257 גרם,גרמים,257.00,100 גרם,false,6,9.90,3.8521,true,1,36402
7290114600996,false,"רוטב שום מאסטר שף 250 מ""ל",קפה לנדוור,NL,רוטב שום מאסטר שף 256 גרם,גרמים,256.00,100 גרם,false,6,9.90,3.8672,true,1,36401
7290114603508,false,"רוטב להקצפה מאסטר שף 300 מ""ל",סיטי פוד,TH,רוטב להקפצה מאסטר שף 300 מל,מיליליטרים,300.00,"100 מ""ל",false,12,9.90,3.3000,true,1,35978
7290114603522,false,מאסטר שף רוטב קארי ירוק 340 גרם,תאי סופרים,TH,רוטב קארי ירוק מאסטר שף 340 גרם,גרמים,340.00,100 גרם,false,12,14.90,4.3824,true,1,37430
7290114603539,false,קרוטונים למרק שום בצל מאסטר שף 350 גרם,"עינת תעשיות מזון, אגשח ב",IL,קרוטונים למרק מאסטר שף שום בצל 350 גרם,גרמים,350.00,100 גרם,false,12,19.90,5.6857,true,1,35970
7290114603591,false,PLAY חטיף פוף בטעם קטשופ 40 גרם,מנה,IL,חטיף מנה פוף טעם קטשופ 40 גר,Unknown,0.00,Unknown,false,1,3.90,0.0000,true,1,34565
7290114603607,false,PLAY חטיף פוף בטעם חמוץ חריף 40 גרם,מנה,,חטיף מנה פוף טעם חמוץ חריף 40 גר,Unknown,0.00,Unknown,false,1,3.90,0.0000,true,1,34566
7290114604864,false,קוסקוס סולת דק מאסטר שף 350 גרם,דוידוביץ,IL,קוסקוס סולת דק מאסטר שף 340 גר,גרמים,340.00,100 גרם,false,24,5.90,1.7353,true,1,38135
7290114604871,false,קוסקוס סולת בינוני מאסטר שף 350 גרם,דוידוביץ,IL,קוסקוס סולת בינוני מאסטר שף 340 גר,גרמים,340.00,100 גרם,false,24,5.90,1.7353,true,1,38136
7290114604949,false,מאסטר שף רוטב ברביקיו 524 גרם,רמיה סי.וי. הולנד,NL,רוטב ברביקיו מאסטר שף 524 גרם,גרמים,524.00,100 גרם,false,1,12.90,2.4618,true,1,39756
7290114605533,false,משטח חיתוך חד פעמי 30 יח' קוקי,,CN,משטח חיתוך חד פעמי קוקי,יחידה,1.00,יחידה,false,16,19.90,19.9000,true,1,47918
7290114605571,false,קוקי תבניות נייר מתקפלות,כרמל פרנקל,CN,תבניות אפיה מתקפלות קוקי 5יח 9/31סמ,יחידה,5.00,יחידה,false,28,10.90,2.1800,true,1,38787
7290114606561,false,מאסטר שף אטריות אורז דקות ורמיצ'לי 400 ג,לינג טונג רייס ורמיצ'ילי,TH,אטריות אורז דקות מאסטר שף 400ג,גרמים,400.00,100 גרם,false,30,8.90,2.2250,true,1,44688
7290114606578,false,שקדי מרק מאסטר שף 400 גרם,שסטוביץ,IL,שקדי מרק מאסטר שף 400 גר,גרמים,400.00,100 גרם,false,12,10.90,2.7250,true,1,40910
7290114607391,false,"קולגייט משחת לילדים ברבי 2-5 שנים, 75 מ""ל",קולגייט פלמוליב,PL,משחת שיניים קולגייט ילדים ברבי 75מל,Unknown,0.00,Unknown,false,12,15.90,0.0000,true,1,40652
7290114608657,false,סילאן מאסטר שף 700 גרם,,AE,סילאן טבעי מאסטר שף 700 גרם צנצנת,גרמים,700.00,100 גרם,false,12,19.90,2.8429,true,1,46463
7290114608671,false,מאסטר שף סילאן לחיץ 470 גר,,AE,סילאן טבעי מאסטר שף לחיץ 470 גרם,גרמים,470.00,100 גרם,false,12,14.90,3.1702,true,1,45742
7290114608695,false,מיונז עם ווסאבי לחיץ מאסטר שף 241 גרם,רמיה סי.וי,NL,מיונז לחיץ מאסטר שף עם וואסבי 241 גרם,גרמים,241.00,100 גרם,false,6,12.90,5.3527,true,1,44689
7290114750813,false,דאו גילט קליר גל Cool Wave מארז זוג לגברלגבר,פרוקטר אנד גמבל,GB,דאודורנט גילט קליר גל 2יח קול וואייב,יחידה,2.00,יחידה,false,3,26.90,13.4500,true,1,49839
7290114750820,false,גילט קליר דאורדורנט גל ארטיק אייס 2יח,פרוקטר אנד גמבל,GB,דאודורנט גילט קליר גל 2יח ארטיק אייס,יחידה,2.00,יחידה,false,3,26.90,13.4500,true,1,49838
7290115077131,false,מסכות ילדים צבעוני מעורב 40 יח',מ.פאנג,CN,מארז 40יח מסכות פנים צבעוניות לילדים,יחידה,40.00,יחידה,false,1,10.90,0.2725,true,1,36740
7290115200003,false,פתי בר פינוקי וניל אסם 220 גרם,תאי פרזידנט פוד פאבל,PL,פתי בר פינוקי וניל 220 גרם,גרמים,220.00,100 גרם,false,1,10.90,4.9545,true,1,36196
7290115200027,false,אסם פתי בר פינוקים שוקו 220 גרם,קריות זול,PL,פתי בר פינוקי שוקו 220 גרם,גרמים,220.00,100 גרם,false,1,10.90,4.9545,true,1,36197
7290115201031,false,אסם פתיבר דובוני שוקולד 175 גרם,טרופיקל דגיל תעשיות,PL,פתי בר דובי שוקולד 175 גרם,גרמים,175.00,100 גרם,false,1,10.90,6.2286,true,1,39179
7290115201277,false,בונזור לחם מחמצת עם בצלים 550 ג',בונז'ור,,לחם מחמצת עם בצלים,Unknown,0.00,Unknown,false,1,17.90,0.0000,true,1,35275
7290115201291,false,בונזור לחם מחמצת כפרי עם שיפון 640 ג',בונז'ור,,לחם מחמצת כפרי שיפון,Unknown,0.00,Unknown,false,1,17.90,0.0000,true,1,35274
7290115201451,false,טבעול גורמה לביבות בטטה קארי 455 גרם,טבעול )מקבוצת אסם השקעות,IL,ארוחת לביבות בטטה קארי טבעול גורמה 455גר,גרמים,455.00,100 גרם,false,6,32.90,7.2308,true,1,47755
7290115201475,false,טבעול גורמה לביבות כרישה 434 גרם,טבעול )מקבוצת אסם השקעות,IL,ארוחת לביבות כרישה טבעול גורמה 434גר,גרמים,434.00,100 גרם,false,6,32.90,7.5806,true,1,47756
7290115201536,false,"טבעול גורמה לביבות כרובית ותפו""א 442 גרם",טבעול )מקבוצת אסם השקעות,IL,ארוחת לביבות כרובית תפוא טבעול גורמה442ג,גרמים,442.00,100 גרם,false,6,32.90,7.4434,true,1,47757
7290115201550,false,ביסלי קרנבל מיקס 150 ג' אסם,פרו מן יו פתרונות אר,IL,חטיף ביסלי קרנבל מיקס 200 גר,גרמים,150.00,100 גרם,false,1,8.50,5.6667,true,1,36912
7290115201680,false,ביסלי בטעם ברביקיו אסם 70 גרם,"אסם השקעות בע""\מ",IL,חטיף ביסלי ברביקיו70גרם,Unknown,0.00,Unknown,false,1,4.50,0.0000,true,1,36917
7290115201703,false,ביסלי ברביקיו גדול אסם 200 גרם,מיוצר עי קונדיטוריית,IL,חטיף ביסלי ברביקיו 200 גרם,גרמים,200.00,100 גרם,false,1,8.50,4.2500,true,1,36915
7290115202212,false,טבעול גורמה לביבות סלק 434 גרם,טבעול )מקבוצת אסם השקעות,IL,ארוחת לביבות סלק טבעול גורמה 434גר,גרמים,434.00,100 גרם,false,6,32.90,7.5806,true,1,47758
7290115202236,false,טופו קראנצ'ים טבעול 470 גרם,עיצובים 2020 (4.8),IL,טבעול טופו קראנצים 470גר,גרמים,470.00,100 גרם,false,6,32.90,7.0000,true,1,40523
7290115202250,false,טבעול טופו קראנצים צ'ילי פיקנטי 470 גרם,טבעול ישראל,IL,טבעול טופו קראנצים צילי פיקנטי 470גר,גרמים,470.00,100 גרם,false,6,32.90,7.0000,true,1,40525
7290115202939,false,מנה חמה רייס נודלס עוף פטריות אסם 50 גרם,מיוצר עי קונדיטוריית,TH,מנה חמה רייס נודלס עוף פטריות 50 גר,Unknown,0.00,Unknown,false,12,7.90,0.0000,true,1,46563
7290115203134,false,פופקו פופקורן במבה - פופקורן בציפוי קרמל ובוטנים,"אסם השקעות בע""\מ",IL,פופקו פופקורן במבה80 ג,Unknown,0.00,Unknown,false,1,5.60,0.0000,true,1,39717
7290115203172,false,במבה PRO מכיל 18 גרם חלבון בשקית,"אסם השקעות בע""\מ",IL,חטיף במבה פרו 80 גרם,Unknown,0.00,Unknown,false,1,4.60,0.0000,true,1,49885
7290115203486,false,פירורית בטעם ביסלי גריל אסם 200 גרם,עינת תעשיות מזון אגו,IL,פירורית טעם ביסלי גריל 200 גרם,גרמים,200.00,100 גרם,false,1,5.90,2.9500,true,1,40098
7290115203806,false,"רוטב בסיס לבישול אסם 290 מ""ל","אסם השקעות בע""\מ",IL,רוטב בסיס אוסם 290 מל,מיליליטרים,290.00,"100 מ""ל",false,1,12.90,4.4483,true,1,45181
7290115203905,false,מיני פיתה כוסמין עשירייה בונג'ור 550 ג',בונז'ור,,מארז 10 יח פיתה כוסמין מיני,יחידה,10.00,יחידה,false,1,16.90,1.6900,true,1,46164
7290115204018,false,מנה חמה איטלקי פסטה בסגנון אלפרדו 60 ג' אסם,"אסם תעשיות בע""מ",IL,מנה חמה אסם פסטה אלפרדו 60 גר,Unknown,0.00,Unknown,false,1,6.90,0.0000,true,1,50778
7290115204056,false,"קטשופ מופחת סוכר אסם 690 גרם כשל""פ","אסם תעשיות בע""מ",IL,קטשופ אוסם 56%פחות סוכר 690 גר,גרמים,690.00,100 גרם,false,1,10.90,1.5797,true,1,39470
7290115204131,false,צבר סחוג ירוק 6*190גרם חדש,פרסקו,IL,סחוג ירוק 190גר צבר,גרמים,190.00,100 גרם,false,6,11.90,6.2632,true,1,47196
7290115204155,false,סחוג אדום המעדנייה ש,פרסקו,IL,סחוג אדום 190גר צבר,גרמים,190.00,100 גרם,false,6,11.90,6.2632,true,1,47194
7290115204186,false,פסטו המעדינה של צבר,פרסקו,IL,ממרח פסטו 190גר צבר,גרמים,190.00,100 גרם,false,6,15.90,8.3684,true,1,47192
7290115204247,false,ממרח עגבניות מיובשות 190 ג' צבר,פרסקו,IL,ממרח עגבניות מיובשות 190גר צבר,גרמים,190.00,100 גרם,false,6,15.90,8.3684,true,1,47193
7290115204261,false,אריסה חריפה המעדנייה,פרסקו,IL,אריסה 190גר צבר,גרמים,190.00,100 גרם,false,6,11.90,6.2632,true,1,47195
7290115205022,false,אוסם - שקדי מרק מקלונים 350 גרם,"אסם תעשיות בע""מ",IL,שקדי מרק מקלונים 350 גר,גרמים,350.00,100 גרם,false,1,11.90,3.4000,true,1,45180
7290115205176,false,פיטנס - קרקר דק כפרי פיטנס 140 גרם,נסטלה Nestle,IL,קרקר פיטנס דק כפרי 140 גרם,גרמים,140.00,100 גרם,false,1,11.90,8.5000,true,1,45573
7290115205251,false,פריכיות קרמל מלוח פיטנס בר 84 גרם,פרח תעשיות,IL,פריכיות פיטנס בר קרמל מלוח 84 גר,Unknown,0.00,Unknown,false,1,11.90,0.0000,true,1,50366
7290115205312,false,קרקר פיטנס דק עם זיתי קלמטה ועשבי תיבול,"אסם השקעות בע""\מ",IL,קרקר פיטנס דק זיתים 140 גרם,גרמים,140.00,100 גרם,false,1,11.90,8.5000,true,1,48396
7290115205695,false,אסם בונזור בצק מצונן לפיצה 460 גרם,נסטלה סוויס )שוויץ(,CH,בצק מצונן לפיצה 460גר בונזור,גרמים,460.00,100 גרם,false,10,18.90,4.1087,true,1,47358
7290115205718,false,אסם בונזור בצק מצונן עלים 230 גרם,נסטלה סוויס )שוויץ(,CH,בצק עלים מצונן 230גר בונזור,גרמים,230.00,100 גרם,false,10,14.90,6.4783,true,1,47359
7290115205978,false,פתיבר ואצבעות שוקולד 180 גרם - רבנות,"t\ד""\ר ג'\רארד בע""\מn\",PL,פתי בר אצבעות שוקולד 180 גרם,גרמים,180.00,100 גרם,false,1,10.90,6.0556,true,1,47492
7290115206135,false,טבעול גורמה ארוחת קינואה 450 גרם,טבעול (מקבוצת אסם הש,IL,ארוחת קינואה טבעול גורמה 450גר,גרמים,450.00,100 גרם,false,8,32.90,7.3111,true,1,47754
7290115207361,false,ביסקוויט פתיבר בטעם פיסטוק,"אסם תעשיות בע""מ",IL,ביסקויט פתי בר פיסטוק 500 גרם,גרמים,500.00,100 גרם,false,1,12.90,2.5800,true,1,48412
7290115207620,false,"רוטב בסגנון סויה קלאסי 290 מ""ל אסם","אסם השקעות בע""\מ",IL,רוטב סויה קלאסי אוסם 290 מל,מיליליטרים,290.00,"100 מ""ל",false,1,12.90,4.4483,true,1,48402
7290115207682,false,אסם רוטב בסגנון סויה סיני 9*290מל חדש,"אסם השקעות בע""\מ",IL,רוטב סויה סגנון סיני 290 מל,מיליליטרים,290.00,"100 מ""ל",false,1,10.90,3.7586,true,1,48400
7290115207774,false,טבעול המבורגר פטריות 480 גר,"טבעול תעשיות מזון בע""\מ",IL,המבורגר פטריות טבעול 480גר,גרמים,480.00,100 גרם,false,6,32.90,6.8542,true,1,48054
7290115207798,false,טבעול המבורגר חריף טבעוני 420 גרם,"טבעול תעשיות מזון בע""\מ",IL,בורגר חריף טבעול טבעוני 420גר,גרמים,420.00,100 גרם,false,6,32.90,7.8333,true,1,48055
7290115207811,false,"טבעול נקניקיות טבעוניות, 418 גרם","טבעול תעשיות מזון בע""\מ",IL,נקניקיות טבעול טבעוניות 418גר,גרמים,680.00,100 גרם,false,1,32.90,4.8382,true,1,48479
7290115207941,false,סירופ אננס ויטמינצ'יק 1 ליטר,בית-השיטה עסיס תעשיות מז,IL,סירופ ויטמינציק אננס 1 ל,ליטרים,1.00,ליטר,false,12,21.90,21.9000,true,1,47129
7290115207965,false,סירופ מנגו אפרסק ויטמינצ'יק 1 ליטר,בית-השיטה עסיס תעשיות מז,IL,סירופ ויטמינציק מנגו אפרסק 1 ל,ליטרים,1.00,ליטר,false,12,21.90,21.9000,true,1,47132
7290115207989,false,סירופ לימון ויטמינצ'יק 1 ליטר,בית-השיטה עסיס תעשיות מז,IL,סירופ ויטמינציק לימון 1 ל,ליטרים,1.00,ליטר,false,12,21.90,21.9000,true,1,47130
7290115208009,false,סירופ ענבים ויטמינצ'יק 1 ליטר,בית-השיטה עסיס תעשיות מז,IL,סירופ ויטמינציק ענבים 1 ל,ליטרים,1.00,ליטר,false,12,21.90,21.9000,true,1,47133
7290115208047,false,סירופ פטל ויטמינצ'יק 1 ליטר,בית-השיטה עסיס תעשיות מז,IL,סירופ ויטמינציק פטל 1 ל,ליטרים,1.00,ליטר,false,12,21.90,21.9000,true,1,47128
7290115208061,false,סירופ תפוח ויטמינצ'יק 1 ליטר,בית השיטה עסיס תעשיות מז,IL,סירופ ויטמינציק תפוח 1 ל,ליטרים,1.00,ליטר,false,12,21.90,21.9000,true,1,47131
7290115208320,false,אפרופו חטיף בטעם ביסלי בצל 50 גרם,"אסם השקעות בע""\מ",IL,חטיף אפרופו טעם ביסלי בצל 50 גרם,Unknown,0.00,Unknown,false,1,5.00,0.0000,true,1,50784
7290115208849,false,"מנה חמה פסטה מוקרמת ט.עוף בד""צ 55גר","אסם תעשיות בע""מ",IL,מנה חמה אסם פירה עם בטטה 51 גר,Unknown,0.00,Unknown,false,1,6.90,0.0000,true,1,50779
7290115209198,false,במבה אוורירית אסם 80 גרם,"אסם תעשיות בע""מ",IL,חטיף במבה אורירית 80 גרם,Unknown,0.00,Unknown,false,1,4.60,0.0000,true,1,49023
7290115209235,false,ביסקוויט פתי בר קפה אסם 500 גרם,"אסם תעשיות בע""מ",IL,ביסקויט פתי בר קפה 500 גרם,גרמים,500.00,100 גרם,false,1,12.90,2.5800,true,1,50367
7290115209358,false,במבה במילוי קרם בטעם בראוניז,"אסם השקעות בע""\מ",IL,חטיף במבה במילוי בראוניז 60 גר,גרמים,60.00,100 גרם,false,1,5.00,8.3333,true,1,50781
7290115209372,false,במבה במילוי בראוניז 150ג' אסם,"אסם השקעות בע""\מ",IL,חטיף במבה במילוי בראוניז 150 גר,גרמים,150.00,100 גרם,false,1,10.90,7.2667,true,1,50782
7290115250503,false,קרקר כוסמין שום ועשבי תיבול שקית 225 גרם,"מאפיית פת במלח בע""מ",IL,קרקר כוסמין שום עשבי תיבול 225 גרם,גרמים,225.00,100 גרם,false,10,22.90,10.1778,true,1,33705
7290115250527,false,קרקר חומוס פתפותים 2,"מאפיית פת במלח בע""מ",IL,קרקר חומוס פתפותים 225 גרם,גרמים,225.00,100 גרם,false,10,22.90,10.1778,true,1,49028
7290115251227,false,קרקר חומוס מתובל פתפ,"מאפיית פת במלח בע""מ",IL,קרקר חומוס מתובל פתפותים 225 גרם,גרמים,225.00,100 גרם,false,10,22.90,10.1778,true,1,49027
7290115252330,false,וירו - מנת קינואה - בסגנון ספרדי עם ירוקת קלויים 340+130 מל',,PE,קינואה וירו עם ירקות קלויים 470 גרם,גרמים,470.00,100 גרם,false,12,13.90,2.9574,true,1,46109
7290115252354,false,וירו - מנת קינואה - בסגנון ים תיכוני - זוקיני ובצל 340+130 מל',,PE,קינואה וירו עם זוקיני ובצל 470 גרם,גרמים,470.00,100 גרם,false,12,13.90,2.9574,true,1,46110
7290115252378,false,וירו - מנת קינואה - בסגנון אקזוטי - עגבניות מנגו ולבבות דקל 340+130 מל',,PE,קינואה וירו מנגו לבבות דקל 470 גרם,גרמים,470.00,100 גרם,false,12,13.90,2.9574,true,1,46111
7290115252460,false,מקלות כוסמין פתפותים,"מאפיית פת במלח בע""מ",IL,מקלות כוסמין פתפותים 200 גרם,גרמים,200.00,100 גרם,false,15,19.90,9.9500,true,1,49029
7290115252477,false,מקלות כוסמין וזיתים,"מאפיית פת במלח בע""מ",IL,מקלות כוסמין וזיתים פתפותים200 גרם,גרמים,200.00,100 גרם,false,15,19.90,9.9500,true,1,49030
7290115252750,false,מקלות כוסמין תרד ובצל,"מאפיית פת במלח בע""מ",IL,מקלות כוסמין פתפותים תרד ובצל 200 גרם,גרמים,200.00,100 גרם,false,15,19.90,9.9500,true,1,49873
7290115252774,false,מממולא כדורי קקאו וחמאת בוטנים,ממה חטיפי אנרגיה,IL,כדורי ממה תמר ממולא קקאו ח.בוטני 220 גרם,גרמים,220.00,100 גרם,false,6,25.90,11.7727,true,1,49876
7290115252781,false,מממולא כדורי תות לימון וחמאת שקדים,ממה חטיפי אנרגיה,IL,כדורי ממה שקדים ממולא תות לימון 220 גרם,גרמים,220.00,100 גרם,false,6,25.90,11.7727,true,1,49875
7290115252866,false,מקלות כוסמין פתפותים,"מאפיית פת במלח בע""מ",IL,מקלות כוסמין פתפותים שום שחור 200 גרם,גרמים,200.00,100 גרם,false,15,19.90,9.9500,true,1,49874
7290115254693,false,מאגדת סוכריות גוי לק,,CN,מאגדת סוכריות גוי לקישוט מסיבה160 גרם,גרמים,160.00,100 גרם,false,12,19.90,12.4375,true,1,49015
7290115254709,false,מאגדת סוכריות גוי לק,,CN,מאגדת סוכריות גוי לקישוט קלאסי 160 גרם,גרמים,165.00,100 גרם,false,12,19.90,12.0606,true,1,49016
7290115254716,false,סוכריות גוי מאגדת כחול 160 גרם,,CN,מאגדת סוכריות גוי לקישוט כחול 160 גרם,גרמים,160.00,100 גרם,false,12,19.90,12.4375,true,1,49013
7290115254822,false,סוכריות גוי לקישוט צ,,CN,סוכריות גוי לקישוט צבעוני 100 גרם,גרמים,100.00,100 גרם,false,12,12.90,12.9000,true,1,49018
7290115254839,false,סוכריות גוי לקישוט ב,,CN,סוכריות גוי לקישוט בת הים 100 גרם,גרמים,100.00,100 גרם,false,12,12.90,12.9000,true,1,49020
7290115254860,false,סוכריות גוי לקישוט כ,,CN,סוכריות גוי לקישוט כוכבים מיני 90 גרם,Unknown,0.00,Unknown,false,12,12.90,0.0000,true,1,49019
7290115259179,false,טופי מלח בעבודת יד 100 גרם,,IL,טופי פנסטרס מלוח 100 גרם עבודת יד,גרמים,100.00,100 גרם,false,5,19.90,19.9000,true,1,45925
7290115259186,false,טופי אספרסו בעבודת יד 100 גרם,,IL,טופי פנסטרס אספרסו 100 גרם עבודת יד,גרמים,100.00,100 גרם,false,5,19.90,19.9000,true,1,45928
7290115259193,false,טופי פירות יער בעבודת יד 100 גרם,,IL,טופי פנסטרס פירות יער 100 גרם עבודת יד,גרמים,100.00,100 גרם,false,5,19.90,19.9000,true,1,45927
7290115259209,false,טופי לבנדר בעבודת יד 100 גרם,,IL,טופי פנסטרס לבנד 100 גרם עבודת יד,גרמים,100.00,100 גרם,false,5,19.90,19.9000,true,1,45926
7290115480009,false,"מרכך כביסה מרוכז פרש קונטרול ירוק 900 מ""ל סוד",הנקל סוד,IL,מרכך כביסה סוד מרוכז 900מל פרש ירוק,מיליליטרים,900.00,"100 מ""ל",false,12,11.90,1.3222,true,1,46521
7290115480023,false,סוד פאוור קאפס לכביסה צבעונית 45 יחי,הנקל,RS,קפסולות גל כביסה סוד 45יח,יחידה,45.00,יחידה,false,6,32.90,0.7311,true,1,49446
7290115620238,false,מטרפה מנירוסטה 23סמ,,,מטרפה מנירוסטה 23סמ פוד אפיל,יחידה,1.00,יחידה,false,1,24.90,24.9000,true,1,49059
7290115620436,false,"תבנית פיצה מחוררת 32 ס""מ DOLCE ITALIANO מבית Food appeal",,,תבנית פיצה מחוררה 32סמ דולצה איטליאנו,יחידה,1.00,יחידה,false,1,39.90,39.9000,true,1,45979
7290115620689,false,צנצנת לתבלינים 100מל,,,צנצנת לתבלינים 100מל סאגה פוד אפל,יחידה,1.00,יחידה,false,1,7.50,7.5000,true,1,45810
7290115620832,false,מטחנת פלפל/מלח אלקטרונית עם מנגנון גריסה מתכוונן ירוק זית /עץ מבית FOOD APPEAL,,,מטחנת מלח/פלפל אלקטרונית עם מנגנון גריסה,יחידה,1.00,יחידה,false,1,52.90,52.9000,true,1,46031
7290115620863,false,זוג מטחנות מלח\פלפל עץ אלון טבעי מבית Food appeal,,,זוג מטחנות מלח/פלפל עץ אלון טבעי פוד אפל,יחידה,2.00,יחידה,false,1,82.90,41.4500,true,1,46082
7290115620870,false,זוג מטחנות מלח/פלפל עץ אלון שחור מבית FOOD APPEAL,,,זוג מטחנות מלח/פלפל עץ אלון שחור פוד אפל,יחידה,2.00,יחידה,false,1,99.90,49.9500,true,1,46100
7290115620917,false,פינגאן 0.9ליטר קפה ק,,,פינגאן 0.9ליטר קפה קולקטשיין פוד אפל,יחידה,1.00,יחידה,false,1,41.90,41.9000,true,1,45986
7290115620924,false,פינגאן 1.3ליטר פוד א,,,פינגאן 1.3ליטר פוד אפל קופי קולקטשיין,יחידה,1.00,יחידה,false,1,49.90,49.9000,true,1,46023
7290115620979,false,סיר גבוה 24סמ 6.15לי,,,סיר גבוה 24סמ 6.15ליטר בלאקברי פוד אפל,יחידה,1.00,יחידה,false,1,199.00,199.0000,true,1,46128
7290115621211,false,מארז 6 סכיני ירקות שחור/כתום CLASSIC,,,מארז 6 סכיני ירקות שחור/כתום קלאסיק פוד,יחידה,6.00,יחידה,false,1,41.90,6.9833,true,1,45983
7290115621518,false,מצקת מנירוסטה איכותית EDGE מבית Food appeal,,,מצקת מנירוסטה פוד אפיל,יחידה,1.00,יחידה,false,1,32.90,32.9000,true,1,51253
7290115621570,false,כף הגשה לעוגה מיני מ,,,כף הגשה לעוגה מיני מנירוסטה פוד אפל,יחידה,1.00,יחידה,false,1,23.90,23.9000,true,1,45851
7290115621587,false,מצקת מיני מנירוסטה איכותית EDGE מבית Food appeal,,,מצקת מיני מנירוסטה איכותית פוד אפל,יחידה,1.00,יחידה,false,1,23.90,23.9000,true,1,45854
7290115621594,false,כף הגשה מחורצת מיני מנירוסטה איכותית EDGE מבית Food appeal,,,כף הגשה מחורצת מיני מנירוסטה פוד אפיל,יחידה,1.00,יחידה,false,1,19.90,19.9000,true,1,51221
7290115621600,false,כף הגשה מיני מנירוסט,,,כף הגשה מיני מנירוסטה פוד אפיל,יחידה,1.00,יחידה,false,1,19.90,19.9000,true,1,51222
7290115622089,false,מטרפה עם קצה מסיליקו,,,מטרפה עם קצה מסיליקון למניעת שריטות,יחידה,1.00,יחידה,false,1,23.90,23.9000,true,1,45931
7290115622638,false,6 מזלגות ARIA מבית Food appeal,,,מזלגות 6יח פוד אפיל ארייה,יחידה,6.00,יחידה,false,1,25.90,4.3167,true,1,51234
7290115622645,false,6 כפות ARIA מבית Food appeal,,,כפות 6יח פוד אפיל ארייה,יחידה,6.00,יחידה,false,1,25.90,4.3167,true,1,51235
7290115622652,false,כפיות 6יח פוד אפיל א,,,כפיות 6יח פוד אפיל ארייה,יחידה,6.00,יחידה,false,1,17.90,2.9833,true,1,51216
7290115622669,false,מזלגות עוגה 6יח פוד,,,מזלגות עוגה 6יח פוד אפיל ארייה,יחידה,6.00,יחידה,false,1,17.90,2.9833,true,1,51215
7290115622676,false,3 כפיות ארוכות ARIA מבית Food appeal,,,כפיות ארוכות 3יל פוד אפיל אריה,יחידה,3.00,יחידה,false,1,14.90,4.9667,true,1,51209
7290115622683,false,6 כפיות אספרסו ARIA מבית Food appeal,,,כפיות אספרסו 6יח פוד אפיל,יחידה,6.00,יחידה,false,1,13.90,2.3167,true,1,51207
7290115623338,false,"סוטאז' 28 ס""מ NONSTICK מבית FOOD APPEAL",,,סיר סוטאז 28סמ ביוקוק 4.7ליטר פוד אפיל,יחידה,1.00,יחידה,false,1,199.00,199.0000,true,1,49925
7290115623345,false,"סוטאז' 32 ס""מ, 10.5 ליטר BIOCOOK",פוד אפיל Food Appeal,,סיר סוטאז 32סמ ביוקוק 6ליטר פוד אפיל,יחידה,1.00,יחידה,false,1,209.00,209.0000,true,1,49926
7290115623352,false,מחבת 18סמ פוד אפיל ב,,,מחבת 18סמ פוד אפיל ביוקוק,יחידה,1.00,יחידה,false,1,69.90,69.9000,true,1,49078
7290115623376,false,מחבת 24סמ פוד אפיל ב,,,מחבת 24סמ פוד אפיל ביוקוק,יחידה,1.00,יחידה,false,1,99.90,99.9000,true,1,49091
7290115623390,false,מחבת 32סמ פוד אפיל ב,,,מחבת 32סמ פוד אפיל ביוקוק,יחידה,1.00,יחידה,false,1,159.00,159.0000,true,1,49094
7290115623550,false,מארז סירים 5חלקים פו,,,מארז סירים 5חלקים פוד אפל ורוד,יחידה,5.00,יחידה,false,1,109.00,21.8000,true,1,46140
7290115624991,false,מארז 2יח סכינים פוד,,,מארז 2יח סכינים פוד אפל פריז,יחידה,2.00,יחידה,false,1,13.90,6.9500,true,1,45813
7290115625004,false,מזלגות 6יח פוד אפל פ,,,מזלגות 6יח פוד אפל פריז,יחידה,6.00,יחידה,false,1,21.90,3.6500,true,1,45838
7290115625011,false,כפות 6יח פוד אפל פרי,,,כפות 6יח פוד אפל פריז,יחידה,6.00,יחידה,false,1,21.90,3.6500,true,1,45837
7290115625028,false,כפיות 6יח פוד אפל פר,,,כפיות 6יח פוד אפל פריז,יחידה,6.00,יחידה,false,1,13.90,2.3167,true,1,45820
7290115625035,false,מזלגות עוגה 6יח פוד,,,מזלגות עוגה 6יח פוד אפל פריז,יחידה,6.00,יחידה,false,1,13.90,2.3167,true,1,45821
7290115625059,false,כפיות אספרסו 6יח פוד,,,כפיות אספרסו 6יח פוד אפל פריז,יחידה,6.00,יחידה,false,1,11.90,1.9833,true,1,45812
7290115625103,false,סכין פריסה 20סמ פוד,,,סכין פריסה 20סמ פוד אפל אונו,יחידה,1.00,יחידה,false,1,69.90,69.9000,true,1,46064
7290115625134,false,סכין חיתוך 9סמ אונו,,,סכין חיתוך 9סמ אונו פוד אפל,יחידה,1.00,יחידה,false,1,49.90,49.9000,true,1,46021
7290115625264,false,קערת עירבול עם תחתית,,,קערת עירבול עם תחתית סיליקון 24סמ דולצה,יחידה,1.00,יחידה,false,1,49.90,49.9000,true,1,46022
7290115625271,false,סט 4 כפיות מדידה ניר,,,סט 4 כפיות מדידה נירוסטה דולצה איטליאנו,יחידה,4.00,יחידה,false,1,29.90,7.4750,true,1,45947
7290115625370,false,גלגלת נירוסטה לפיצה,,,גלגלת נירוסטה לפיצה 10סמ דולצה איטליאנו,יחידה,1.00,יחידה,false,1,27.90,27.9000,true,1,45941
7290115625417,false,סט 4 כוסות מדידה ניר,,,סט 4 כוסות מדידה נירוסטה דולצה איטליאנו,יחידה,4.00,יחידה,false,1,29.90,7.4750,true,1,45946
7290115625592,false,סט אוכל מעוטר 18חלקי,,,סט אוכל מעוטר 18חלקים אנטי ציפ,יחידה,18.00,יחידה,false,1,179.90,9.9944,true,1,50511
7290115625752,false,סט אוכל 18חלקים שחור,,,סט אוכל 18חלקים שחור מקרמיקה,יחידה,18.00,יחידה,false,1,199.00,11.0556,true,1,49924
7290115625769,false,סט אוכל מעוטר 18חלקי,,,סט אוכל מעוטר 18חלקים מזכוכית ורוד,יחידה,18.00,יחידה,false,1,99.00,5.5000,true,1,46726
7290115625899,false,"זוג כוסות שתייה חמה עם ידית 300 מ""ל BELIZE מבית Food appeal",,,זוג כוסות שתיה חמה 300מל עם ידית בליז,יחידה,2.00,יחידה,false,1,36.90,18.4500,true,1,51266
7290115625998,false,תרמוס 1ליטר עם כוסות,,,תרמוס 1ליטר עם כוסות טו גו שחור פוד אפיל,יחידה,1.00,יחידה,false,1,96.90,96.9000,true,1,49163
7290115626063,false,מכשיר להכנת עוגיות מ,,,מכשיר להכנת עוגיות מנירוסטה פוד אפיל,יחידה,1.00,יחידה,false,1,69.90,69.9000,true,1,51269
7290115626186,false,הקריספר לטיגון FOOD APELL,,,קריספר להכנת טוגנים ללא שמן פוד אפל,יחידה,1.00,יחידה,false,1,69.90,69.9000,true,1,46137
7290115626476,false,סוטאז 24סמ 2.9 ליטר,,,סוטאז 24סמ 2.9 ליטר פוד אפל אוורי דאיי,יחידה,1.00,יחידה,false,1,169.00,169.0000,true,1,46120
7290115626711,false,סיר 16סמ פוד אפל אוו,,,סיר 16סמ פוד אפל אווירי דאי פלוס וינטאג,יחידה,1.00,יחידה,false,1,56.90,56.9000,true,1,46047
7290115626728,false,סיר 16סמ פוד אפל אוו,,,סיר 16סמ פוד אפל אווירי דאי פלוס וינטאג,יחידה,1.00,יחידה,false,1,56.90,56.9000,true,1,46045
7290115627220,false,תרבד מלקחיים נירוסטה,,,תרבד מלקחיים נירוסטה סיגנאטור פוד אפיל,יחידה,1.00,יחידה,false,48,16.90,16.9000,true,1,48460
7290115627244,false,מלקחיים נירוסטה 30.5,,,מלקחיים נירוסטה 30.5סמ סיגנאטור פוד אפיל,יחידה,1.00,יחידה,false,48,22.90,22.9000,true,1,48465
7290115627275,false,תרבד חורץ נירוסטה וק,,,תרבד חורץ נירוסטה וקצה סיליקון פוד אפיל,יחידה,1.00,יחידה,false,1,34.90,34.9000,true,1,49062
7290115627381,false,סט 4 כוסות מדידה מסי,,,סט 4 כוסות מדידה מסיליקון אלמנטל פוד אפל,יחידה,4.00,יחידה,false,48,34.90,8.7250,true,1,48470
7290115627398,false,כפפות סיליקון 19סמ א,,,כפפות סיליקון 19סמ אלמנטל פוד אפיל,יחידה,1.00,יחידה,false,48,44.90,44.9000,true,1,48471
7290115627428,false,סט סיליקון תבנית+לקק,,,סט סיליקון תבנית+לקקן+מברשת פוד אפיל,יחידה,1.00,יחידה,false,1,76.90,76.9000,true,1,49080
7290115627435,false,FOOD APPEAL - דולצ'ה איטליאנו ערכת אפייה מסיליקון 4 חלקים,,,סט סיליקון תבנית עגולה 23סמ+לקקן+מברשת,יחידה,3.00,יחידה,false,1,89.90,29.9667,true,1,49087
7290115627442,false,סט סיליקון תבנית מאפ,,,סט סיליקון תבנית מאפינס+לקקן+מברשת,יחידה,3.00,יחידה,false,1,82.90,27.6333,true,1,49084
7290115627558,false,חותך ציפס מקצועי פוד,,,חותך ציפס מקצועי פוד אפיל,יחידה,1.00,יחידה,false,12,84.90,84.9000,true,1,51739
7290115627701,false,קנקן תה 1.3ליטר עם מ,,,קנקן תה 1.3ליטר עם מסננת זכוכית פוד אפיל,יחידה,1.00,יחידה,false,1,149.00,149.0000,true,1,47563
7290115628067,false,קרש חיתוך עץ שיטה 41,,,קרש חיתוך עץ שיטה 41/15.5/1.5סמ פוד אפל,יחידה,1.00,יחידה,false,1,45.90,45.9000,true,1,45999
7290115628258,false,סט אוכל מעוטר 18חלקי,,,סט אוכל מעוטר 18חלקים אנטי ציפ בלו גארדי,יחידה,18.00,יחידה,false,1,179.90,9.9944,true,1,50512
7290115628333,false,לקקן סיליקון צבעוני,,,לקקן סיליקון צבעוני 32סמ דולצה איטליאנו,יחידה,1.00,יחידה,false,1,25.90,25.9000,true,1,45935
7290115628340,false,מחבת 18סמ פוד אפיל ק,,,מחבת 18סמ פוד אפיל קאזואל פלוס ידית כחול,יחידה,1.00,יחידה,false,1,56.90,56.9000,true,1,47523
7290115628364,false,מחבת 22סמ פוד אפיל ק,,,מחבת 22סמ פוד אפיל קאזואל פלוס ידית כחול,יחידה,1.00,יחידה,false,1,64.90,64.9000,true,1,47525
7290115628371,false,מחבת 24סמ פוד אפיל ק,,,מחבת 24סמ פוד אפיל קאזואל פלוס ידית ירוק,יחידה,1.00,יחידה,false,1,79.90,79.9000,true,1,47526
7290115628395,false,מחבת 28סמ פוד אפיל ק,,,מחבת 28סמ פוד אפיל קאזואל פלוס ידית ורוד,יחידה,1.00,יחידה,false,1,99.00,99.0000,true,1,47528
7290115628432,false,מחבת גריל 28סמ פוד א,,,מחבת גריל 28סמ פוד אפיל ידית בורדו,יחידה,1.00,יחידה,false,1,119.00,119.0000,true,1,47532
7290115628463,false,מיכל לאיחסון תבלין\מ,,,מיכל אחסון לתבלינים 90מל פוד אפיל,יחידה,1.00,יחידה,false,1,9.90,9.9000,true,1,49146
7290115628500,false,מגרדת 4 דפנות ומיכל,,,מגרדת 4 דפנות ומיכל אחסון פוד אפיל,יחידה,1.00,יחידה,false,1,52.90,52.9000,true,1,49074
7290115628517,false,קולפן נירוסטה איכותי,,,קולפן נירוסטה איכותי ירוק פוד אפל,יחידה,1.00,יחידה,false,1,25.90,25.9000,true,1,45937
7290115628647,false,סט 4 כוסות דופן אחת,,,סט 4 כוסות דופן אחת 400מל תאילנד פודאפיל,יחידה,4.00,יחידה,false,1,44.90,11.2250,true,1,49817
7290115628654,false,סט 4 כוסות דופן אחת,פיליפ חדד,,סט 4 כוסות דופן אחת 400מל מלזיה פוד אפיל,יחידה,4.00,יחידה,false,1,59.90,14.9750,true,1,50510
7290115628869,false,חותך ירקות ספירלי בש,,,חותך ירקות ספירלי בשילוב מסחטה פוד אפיל,יחידה,1.00,יחידה,false,6,49.90,49.9000,true,1,51742
7290115628876,false,חותך ירקות ספירלי מת,,,חותך ירקות ספירלי מתכוונן פוד אפיל,יחידה,1.00,יחידה,false,12,44.90,44.9000,true,1,51743
7290115629064,false,חולץ פקקי שעם כנפיים,,,חולץ פקקי שעם כנפיים סיגנאטור פוד אפיל,יחידה,1.00,יחידה,false,72,22.90,22.9000,true,1,48463
7290115629132,false,כף גלידה נירוסטה סיג,,,כף גלידה נירוסטה סיגנאטור פוד אפיל,יחידה,1.00,יחידה,false,72,21.90,21.9000,true,1,48462
7290115629194,false,קופסת אחסון שקופה 1.,,,קופסת אחסון שקופה 1.9ליטר קליר אנד פרש,יחידה,1.00,יחידה,false,1,56.90,56.9000,true,1,49159
7290115629675,false,תחתית סיר/כלי חם עגו,,,תחתית סיר/כלי חם עגולה במבוק 15/1.2סמ,יחידה,1.00,יחידה,false,1,15.90,15.9000,true,1,47551
7290115629682,false,תחתית סיר/כלי חם מרו,,,תחתית סיר/כלי חם מרובע במבוק 15/1.2סמ,יחידה,1.00,יחידה,false,1,15.90,15.9000,true,1,47552
7290115629910,false,מסננת נירוסטה פוד אפ,,,מסננת נירוסטה פוד אפיל ידית סיליקון 12סמ,יחידה,1.00,יחידה,false,1,11.90,11.9000,true,1,51083
7290115670684,false,גרנולה שיבולת שועל עם אגוזי לוז,אנרג'י Energy - שטראוס,CZ,גרנולה אנרגי אגוזים 400 גר,גרמים,400.00,100 גרם,false,1,13.90,3.4750,true,1,39432
7290115670691,false,גרנולה שיבולת שועל עם פירות יער,אנרג'י Energy - שטראוס,CZ,גרנולה אנרגי פירות יער 400 גר,גרמים,400.00,100 גרם,false,1,13.90,3.4750,true,1,39435
7290115671155,false,שלישיית סוכריות מאסט FRESH ענבים 45 גרם,הליקון גידה,TR,מארז 3 יח סוכ.בזוקה בטעם ענבים 45 גר,גרמים,135.00,100 גרם,false,1,8.90,6.5926,true,1,46934
7290115671162,false,סוכריות ג'לי ברכות עלית 540 גרם,STRAUSS-ISRAEL,IL,סוכריות גלי ברכות 540 גרם,גרמים,540.00,100 גרם,false,1,20.00,3.7037,true,1,39190
7290115671223,false,מסטיק מאסט פאן אבטיח מנגו צנצנת 58 גרם,אסקום קונפקשיין,DE,מסטיק מאסט פאן אבטיח מנגו 58 גר,Unknown,0.00,Unknown,false,1,10.00,0.0000,true,1,46932
7290115671308,false,מסטיק מאסט פאן תות דובדבן צנצנת 58 גרם,אסקום קונפשטיין,DE,מסטיק מאסט פאן תות דובדבן 58 גר,Unknown,0.00,Unknown,false,1,10.00,0.0000,true,1,46933
7290115671339,false,מיני פינוקיות בראוניז בייגל בוטן עלית 180 ג' עלית,"הגביע מוצרי ופלים בע""\מ",IL,עוגיות מיני פינוקיות בראוניז בייגל 180 ג,גרמים,180.00,100 גרם,false,1,10.90,6.0556,true,1,40852
7290115671346,false,מיני פינוקיות טופי קרמל מלוח עלית 180 גרם,"הגביע מוצרי ופלים בע""\מ",IL,עוגיות מיני פינוקיות קרמל מלוח 180 ג,גרמים,180.00,100 גרם,false,1,10.90,6.0556,true,1,40853
7290115671353,false,מיני פינוקיות עוגיות קקאו במילוי קרם בטעם וניל,"הגביע מוצרי ופלים בע""\מ",IL,עוגיות מיני פינוקיות שחור לבן 180 ג,גרמים,180.00,100 גרם,false,1,10.90,6.0556,true,1,46939
7290115675696,false,דגני בוקר קראנצ'ים שיבולת שועל עם אגוזים ושקדים,גלידות שטראוס,PL,דגני כרוזלי קראנצים אגוזים375 גרם,גרמים,375.00,100 גרם,false,6,17.90,4.7733,true,1,40597
7290115675702,false,דגני בוקר קראנצ'ים שיבולת שועל עם פירות מיובשים,גלידות שטראוס,PL,דגני כרוזלי קראנצים פירות 375 גרם,גרמים,375.00,100 גרם,false,6,17.90,4.7733,true,1,40598
7290115675719,false,דגני בוקר קראנצ'ים שיבולת שועל וחתיכות שוקולד מריר,BEVERAGES FOODS & SE,PL,דגני כרוזלי קראנצים שוקולד375 גרם,גרמים,375.00,100 גרם,false,6,17.90,4.7733,true,1,40599
7290115675986,false,דנונה יוגורט בר עם אגוזים מקורמלים 173 גרם,"שטראוס בריאות בע""\מ",IL,יוגורט דנונה בר אגוז מקורמל קראנצ 173גר,גרמים,173.00,100 גרם,false,12,4.70,2.7168,true,1,37883
7290115676037,false,דנונה ריפרש יוגורט עם תות ודומדמניות 1.6% שומן,מיוצר עי קונדיטוריית,IL,משקה יוגורט דנונה ריפרש תות דומדמיות 250,מיליליטרים,250.00,"100 מ""ל",false,12,5.90,2.3600,true,1,39943
7290115676051,false,"משקה אקטיביה שיבולת שועל במתיקות מעודנת 250 מ""ל",מיוצר עי קונדיטוריית,IL,משקה אקטיביה 250 מל שבולת שועל במתיקות,מיליליטרים,250.00,"100 מ""ל",false,1,5.40,2.1600,true,1,45522
7290115676082,false,משקה דנונה פרו 20 יוגורט תות 255 ג' רבנות,"שטראוס בריאות בע""\מ.",IL,משקה דנונה פרו תות 20גר חלבון 250מל,מיליליטרים,250.00,"100 מ""ל",false,12,7.10,2.8400,true,1,39908
7290115676099,false,משקה דנונה פרו 20 יוגורט וניל 255 ג' רבנות,"שטראוס בריאות בע""\מ.",IL,משקה דנונה פרו וניל 20גר חלבון 250מל,מיליליטרים,250.00,"100 מ""ל",false,12,7.10,2.8400,true,1,39907
7290115676273,false,אבקת קקאו עלית 500 גרם+ 10% תוספת,שטראוס קפה בי.וי.,IL,קקאו עילת 500גר+10%חינם,גרמים,550.00,100 גרם,false,1,25.90,4.7091,true,1,39189
7290115677089,false,קונפיטורת תפוח וקינמון יד מרדכי 340 גרם,"בית אל מזון בע""מ",IL,קונפיטורה תפוח קינמון יד מרדכי 340 גר,גרמים,340.00,100 גרם,false,1,13.90,4.0882,true,1,40855
7290115677140,false,תפוצ'יפס בטעם פפריקה 200 גרם היתר מכירה,שטראוס פריטו ליי בע”,IL,חטיף תפוציפס וואוי פפריקה 200 גר,גרמים,200.00,100 גרם,false,1,11.00,5.5000,true,1,50661
7290115677362,false,"נודלס טריאקי ""דלישס"" שטראוס","טרופיקל דגיל בע""מ אז",IL,ארוחת נודלס טריאקי דלישס 350גר,גרמים,350.00,100 גרם,false,10,26.90,7.6857,true,1,45511
7290115677423,false,אורז ירוק קארי חריף חריף דלישס 350 גרם,"טרופיקל דגיל בע""מ אז",IL,ארוחת אורז קארי ירוק חריף דלישס 350גר,גרמים,350.00,100 גרם,false,10,26.90,7.6857,true,1,45514
7290115677904,false,חומוס פלפלים חריף אחלה 235 גרם,מיוצר עי קונדיטוריית,IL,סלט חומוס פלפל חריף 235גר אחלה,גרמים,235.00,100 גרם,false,6,10.90,4.6383,true,1,39278
7290115677966,false,ממרח אבוקדו טעם הטבע 200 גרם,ג'י. אר. סימפלוט,MX,ממרח אבוקדו טעם הטבע 200 גרם,גרמים,200.00,100 גרם,false,1,14.90,7.4500,true,1,45412
7290115678222,false,מארז 8 גביעים יוגורט Greek בסגנון יווני 6.5% שומן,"שטראוס בריאות בע""\מ",IL,מארז 8יח דנונה יווני 125גרם,גרמים,1000.00,100 גרם,false,3,23.90,2.3900,true,1,39946
7290115678376,false,מעדן הגולן שוקולד 125 גרם,מיוצר עי קונדיטוריית,IL,מעדן הגולן שוקולד 125גר,גרמים,125.00,100 גרם,false,24,2.90,2.3200,true,1,40793
7290115678383,false,מעדן הגולן שוקולד מריר 125 גרם,מיוצר עי קונדיטוריית,IL,מעדן הגולן שוקולד מריר 125גר,גרמים,125.00,100 גרם,false,24,2.90,2.3200,true,1,40794
7290115678598,false,חסה אייסברג שטראוס טעם הטבע,שטראוס בריאות ירקות טריי,IL,חסה אייסברג חיתוך גס 300 גרם,גרמים,300.00,100 גרם,false,1,10.90,3.6333,true,1,45583
7290115678635,false,נשנושי גבינה -גבינת שמנת 16%+כעכים שטוחים עם מלח,"מחלבת טבע עז בע""\מ",IL,נשנושי גבינה עם כעכים שטוחים 67גר,Unknown,0.00,Unknown,false,10,9.90,0.0000,true,1,49849
7290115678642,false,נשנושי גבינה 16% עם חטיף אפוי עם זיתים 67 ג' שטראוס,"מחלבת טבע עז בע""\מ",IL,נשנושי גבינה עם חטיף אפוי זיתים 67גר,Unknown,0.00,Unknown,false,10,9.90,0.0000,true,1,49848
7290115678970,false,מארז סוכריות FRESH בטעם בזוקה עלית 3*15 ג',"הליקון גידה בע""\מ",TR,מארז 3 יח סוכ.פרש בזוקה 45 גר,גרמים,135.00,100 גרם,false,1,8.90,6.5926,true,1,40854
7290115679618,false,מארז מייפל עם קוואקר 189+500 ג' יד מרדכי,,CH,מארז סירופ מייפל טהור+קוואקר פחית 500 גר,Unknown,0.00,Unknown,false,1,24.90,0.0000,true,1,47282
7290115679878,false,פיצה מבצק עם סלק דלישס 320 גרם,גסטרונומיה פרוסט אס.,IT,פיצה מבצק עם סלק 320גר דלישס,גרמים,320.00,100 גרם,false,10,27.90,8.7187,true,1,47212
7290115679885,false,פיצה מבצק עם כרובית עם רוטב עגבניות ומוצרלה,גסטרונומיה פרוסט אס.,IT,פיצה מבצק עם כרובית 320גר דלישס,גרמים,320.00,100 גרם,false,10,27.90,8.7187,true,1,45519
7290115679915,false,פיצה מבצק עם דלעת עם רוטב עגבניות ומוצרלה,אליסה פוד אס.אר. אל,IL,פיצה מבצק עם דלעת 320גר דלישס,גרמים,320.00,100 גרם,false,10,27.90,8.7187,true,1,47213
7290115679960,false,ציטוס פופקורן בטעם טבעי 60 ג 24 יח,"שטראוס פריטו ליי בע""\מ )",IL,חטיף ציטוס פופקורן טבעי 60 גרם,Unknown,0.00,Unknown,false,1,4.00,0.0000,true,1,41114
7290116530000,false,"דאב - תרחיץ פנים מרענן בניחוח מלפפון ותה ירוק 180 מ""ל","יוניליוור פולין, רחוב קר",IL,תרחיץ פנים דאב 180מל מלפפון,מיליליטרים,180.00,"100 מ""ל",false,1,14.90,8.2778,true,1,49468
7290116530062,false,רוטב ויניגרט לסלט הלמנס 295 גרם,יוניליוור ישראל מזון בע\,IL,הלמנס רוטב ויניגרט לסלט 295 גרם,גרמים,295.00,100 גרם,false,1,12.90,4.3729,true,1,40133
7290116530147,false,"תחליב רחצה שייק פירות יער ירוקים ומאצה פינוק 700 מ""ל",יוניליוור ישראל טיפוח אי,IL,תחליב רחצה פינוק פירות יער 700 מל,מיליליטרים,700.00,"100 מ""ל",false,1,10.90,1.5571,true,1,39843
7290116530161,false,"פינוק ת. רחצה שייק אננס, מלון וחלב שיבולת שועל 750מ""ל",יוניליוור ישראל טיפוח אי,IL,תחליב רחצה פינוק אננס 700 מל,מיליליטרים,700.00,"100 מ""ל",false,1,10.90,1.5571,true,1,39845
7290116530185,false,"קורנפלקס דלישקד קרמל מלוח 400 גרם בד""ץ","יוניליוור שפע ישראל בע""\",IL,דגני דלישקד קרמל מלוח תלמה 400 גר בדץ,גרמים,400.00,100 גרם,false,1,19.90,4.9750,true,1,45190
7290116530215,false,דאודרנט סטיק לגבר דרק טמפטיישן 76 ג' אקס,יוניליוור פארם,US,דאו אקס סטיק שוקולד 77 גרם,Unknown,0.00,Unknown,false,1,16.90,0.0000,true,1,39837
7290116530222,false,דאודרנט סטיק לגבר אנרכי 76 ג' אקס,יוניליוור פארם,US,דאו אקס סטיק אנרכי 77 גרם,Unknown,0.00,Unknown,false,1,16.90,0.0000,true,1,39838
7290116530239,false,אקס דאו סטיק לגבר בלאק 7 גרם,יוניליוור פארם,US,דאו אקס סטיק בלאק 77 גרם,Unknown,0.00,Unknown,false,1,16.90,0.0000,true,1,39839
7290116530482,false,"קורנפלקס של אלופים, חמישיה 5 * 150 גרם",פרו מן-יו פתרנות ארי,IL,מארז 5 יח קורנפקס אלופים 30 גרם,גרמים,150.00,100 גרם,false,8,12.90,8.6000,true,1,45634
7290116530871,false,נשנושים מיקס בייגל בייגל 240 גרם,"דרך השוקולד ,1 צפת 13404",IL,נשנושים מיקס 240 גרם,גרמים,260.00,100 גרם,false,1,12.90,4.9615,true,1,39554
7290116530888,false,ג'ל לכביסה לבנה וצבעונית פינוק כחול בדין 2.5 ל',"זוהר דליה, קיבוץ דליה, 1",IL,גל כביסה בדין 2.5ליטר פינוק קלאסי,מיליליטרים,2500.00,"100 מ""ל",false,6,27.90,1.1160,true,1,40354
7290116530895,false,"תרסיס ריחני למייבש כביסה פינוק כחול בדין 500 מ""ל","זוהר דליה, קיבוץ דליה, 1",IL,תרסיס בדין למייבש כביסה 500מל פינוק קלאס,מיליליטרים,500.00,"100 מ""ל",false,1,18.90,3.7800,true,1,40358
7290116531021,false,"שוקולד חלב ורד הגליל 100 גרם כשל""פ",יוניליוור ישראל מזון,IL,שוקולד ורד הגליל חלב 100 גרם,גרמים,100.00,100 גרם,false,12,5.90,5.9000,true,1,45588
7290116531038,false,"שוקולד מריר 60% ורד הגליל 100 גרם כשל""פ",יוניליוור ישראל מזון,TR,שוקולד ורד הגליל 60% מריר 100 גרם,גרמים,100.00,100 גרם,false,12,5.90,5.9000,true,1,45589
7290116531045,false,קורנפלקס דליפקאן 350ג ללא גלוטן,"מולינו ניקולי ,S.p.A ויה",IT,דליפקאן ללא גלוטן350 גרם,גרמים,350.00,100 גרם,false,1,22.90,6.5429,true,1,48009
7290116531083,false,"ברנפלקס ללא ת.סוכר בטעם דבש בתוספת שקדים, 400 גרם","יוניליוור שפע ישראל בע""\",IL,דגני ברנפלקס שקדים ודבש 400 גרם,גרמים,400.00,100 גרם,false,1,19.90,4.9750,true,1,46220
7290116531090,false,בייגל בייגל דג דג במליחות עדינה 250 גרם,"דרך השוקולד ,1 צפת 13404",IL,חטיפי דג דג מליחות מעודנת 250 גרם,גרמים,250.00,100 גרם,false,12,10.90,4.3600,true,1,47048
7290116531496,false,קינמונים דגנים פריכים מצופים 375 גרם,"נאוג'\אזיס נווזיס ,UAB ג",LT,דגני קוקמן קינמונים 375 גר בדץ,גרמים,375.00,100 גרם,false,1,19.90,5.3067,true,1,47694
7290116531557,false,"פריכיות פתית תירס עם מלח 150 גרם כשל""פ",גוד פוד פרודקטס Sp.zo.o,PL,פריכיות פתית דקות תירס מלא 150 גרם,גרמים,150.00,100 גרם,false,12,12.90,8.6000,true,1,47825
7290116531564,false,מאגדת פתית פריכיות תירס דקות עם קינואה ובזיליקום 150 ג',גוד פוד פרודקטס,PL,פריכיות פתית דקות קינואה 150 גרם,גרמים,150.00,100 גרם,false,12,12.90,8.6000,true,1,47824
7290116531571,false,סיף מטליות לחות לניקוי כללי 99.9% בניחוח,יוניליוור ניקיון,IL,מטליות לחות לניקוי כללי 50יח,יחידה,50.00,יחידה,false,1,9.90,0.1980,true,1,46585
7290116531595,false,מגבונים סיף לניקוי בניחוח מאסק 50 יח',יוניליוור,IL,מגבונים לניקוי כללי סיף 50יח בניחוח מאסק,יחידה,50.00,יחידה,false,1,9.90,0.1980,true,1,46583
7290116531762,false,דפים ריחניים למייבש כביסה בדין ורוד 40 יחידות,"קלינטסט - 3p ארה""ב",US,בדין דפי מרכך ורוד למייבש 40 יח,יחידה,40.00,יחידה,false,1,20.00,0.5000,true,1,47807
7290116531779,false,דפים ריחניים למייבש כביסה בדין כחול 40 יחידות,"קלינטסט - 3p ארה""ב",US,בדין דפי מרכך כחול למייבש 40 יח,יחידה,40.00,יחידה,false,1,20.00,0.5000,true,1,47806
7290116531793,false,הלמנ'ס רוטב לסלט קיסר 295 גרם,יוניליוור ישראל מזון בע\,IL,הלמנס רוטב קיסר לסלט 295 גרם,גרמים,295.00,100 גרם,false,1,12.90,4.3729,true,1,46215
7290116531854,false,"תחליב רחצה שייק קיווי פסיפלורה ואשכולית אדומה פינוק 700 מ""ל",יוניליוור ישראל טיפוח אי,IL,תחליב רחצה פינוק 700מל שייק קיווי,מיליליטרים,700.00,"100 מ""ל",false,1,10.90,1.5571,true,1,47812
7290116531939,false,גלידה בשומן צמחי בטעם תות שדה בציפוי מכיל שוקולד,"גלידת שטראוס בע""\מ, רח'",IL,גלידונית תות מצופה 60 יח,גרמים,700.00,100 גרם,false,1,44.90,6.4143,true,1,47597
7290116531977,false,אקס דאודורנט בודי ספריי סקייטבורד וורדים,"קוסטר אירוסול, גבזה 4140",GB,דאודורנט אקס אקסייט ספריי גוף 150מל,מיליליטרים,150.00,"100 מ""ל",false,1,19.90,13.2667,true,1,50612
7290116532011,false,קליק אוקיי נוגט בציפוי שוקולד חלב 35 גרם,תות תעשיות מזון (2014) ב,IL,חטיף קליק נוגט 35 גרם,Unknown,0.00,Unknown,false,1,5.00,0.0000,true,1,51544
7290116532219,false,קורנפלקס תות תלמה אלופים 448 גרם,"יוניליוור שפע ישראל בע""\",IL,קורנפלקס תלמה תות448 גר בדץ,גרמים,448.00,100 גרם,false,1,17.90,3.9955,true,1,48438
7290116532240,false,קליק טבלה שוקולד חלב פצפוצי דגנים ועוגי 85 גרם רבנות,יוניליוור ישראל מזון בע\,IL,שוקולד קליק פיצפוצי דגנים 85 ג,Unknown,0.00,Unknown,false,1,5.90,0.0000,true,1,48437
7290116532264,false,מאגדת גודיז פרי אפרסק יוגורט בציפוי 300 ג' שטראוס,"גלידת שטראוס בע""\מ, רחוב",IL,מאגדת שלגון גודיס אפרסק 5יח,יחידה,5.00,יחידה,false,1,24.90,4.9800,true,1,48337
7290116532271,false,סנדוויץ לייט גודיז שוקולד וניל 270 ג' שטראוס,"גלידת שטראוס בע""\מ, רחוב",IL,מאגדת גודיז סנדוויץ וניל 270גר,גרמים,270.00,100 גרם,false,1,28.90,10.7037,true,1,48336
7290116532394,false,"אל סבון ידיים נוזלי חמאת קקאו 950 מ""ל פינוק",יוניליוור ישראל טיפוח אי,TR,סבון ידיים פינוק נוזלי חמאת קקאו 950מל,מיליליטרים,950.00,"100 מ""ל",false,8,12.90,1.3579,true,1,47814
7290116532400,false,בייגל בייגל בייגלה מקלות עם מלח 235ג,בייגל בייגל,IL,בייגלה מקלות מלוח 235 גרם בדצ,גרמים,225.00,100 גרם,false,1,6.90,3.0667,true,1,49514
7290116532486,false,גלידת שמנת קליק בטעמי וניל קרמל מלוח 384 ג' שטראוס,"גלידת שטראוס בע""\מ, רחוב",IL,גלידה פיינט קליק וניל קרמל מלוח 520מל,מיליליטרים,520.00,"100 מ""ל",false,6,16.90,3.2500,true,1,48569
7290116532585,false,ברנפלקס קרנצים דבש וקינמון 375 גרם,"יוניליוור שפע ישראל בע""\",IL,דגני ברנפלקס קרנצים דבש קינמון 375 גר,גרמים,375.00,100 גרם,false,1,19.90,5.3067,true,1,49510
7290116532721,false,רוטב הלמנס ישראלי לסלט לימון וזעתר 305 ג,אתר חיפה ממרחים - Fo,IL,הלמנס רוטב ישראלי לסלט 295 גרם,גרמים,295.00,100 גרם,false,1,12.90,4.3729,true,1,50363
7290116532738,false,רוטב איטלקי לסלט בזיליקום ואורגנו 305 גרם,אתר חיפה ממרחים - Fo,IL,הלמנס רוטב איטלקי לסלט 295 גרם,גרמים,295.00,100 גרם,false,1,12.90,4.3729,true,1,50362
7290116532769,false,גרנולה פרוטאין גרנולה חלבון תפוח וקינמון תלמה 300 גרם,חטיפי העמק,IL,גרנולה תלמה פרוטאין תפוח קינמון300 גר,גרמים,300.00,100 גרם,false,1,15.90,5.3000,true,1,49345
7290116532868,false,פינוק בייבי שמפו אל דמע לתינוקות 900 מל,יוניליוור ישראלn\טיפוח א,IL,שמפו פינוק בייבי 900 מל,מיליליטרים,900.00,"100 מ""ל",false,12,21.90,2.4333,true,1,50046
7290116532875,false,פינוק בייבי אל סבון לתינוקות 970 מל-משאבה,יוניליוור ישראלn\טיפוח א,IL,סבון נוזלי פינוק בייבי 900 מל,מיליליטרים,900.00,"100 מ""ל",false,12,21.90,2.4333,true,1,50044
7290116533063,false,דגני בוקר שוגי קרטיב ענבים 400 גרם,"יוניליוור שפע ישראל בע""\",IL,דגני שוגי קרטיב ענבים 400 גרם,גרמים,375.00,100 גרם,false,1,19.90,5.3067,true,1,49511
7290116533094,false,"פינוק שמפו שיער בניחוח ורדים לבנים 700 מ""ל",יוניליוור ישראל טיפוח אי,IL,שמפו פינוק 700 מל בניחוח ורדים לבנים,מיליליטרים,700.00,"100 מ""ל",false,1,11.90,1.7000,true,1,50618
7290116533100,false,"פינוק מרכך שיער בניחוח ורדים לבנים 700 מ""ל",יוניליוור ישראל טיפוח אי,IL,מרכך פינוק 700 מל בניחוח ורדים לבנים,מיליליטרים,700.00,"100 מ""ל",false,1,11.90,1.7000,true,1,50619
7290116533117,false,"פינוק - תחליב רחצה בניחוח ורדים לבנים 700 מ""ל",יוניליוור ישראל טיפוח אי,IL,תחליב רחצה פינוק ניחוח ורדים לבנים 700מל,מיליליטרים,700.00,"100 מ""ל",false,1,10.90,1.5571,true,1,50617
7290116533230,false,דגני בוקר דליאגוז תל,יוניליוור,IL,דגני דליאגוז תלמה 400 גר בדץ,גרמים,400.00,100 גרם,false,1,19.90,4.9750,true,1,51543
7290116930282,false,ארוחה בקטנה לאבנה עם קרקרים 150ג' תנובה,תנובה חלב,IL,ארוחה בקטנה לאבנה עם קרקרים 150גר,גרמים,150.00,100 גרם,false,24,8.50,5.6667,true,1,49893
7290116930435,false,יוגורט יופלה GO במרקם סמיך עם דובדבן 0%,תנובה מרכז שיתופי לש,IL,מעדן יופלה גו דובדבן במרקם סמיך 200גר,מיליליטרים,200.00,"100 מ""ל",false,1,6.20,3.1000,true,1,48453
7290116930459,false,"יופלה שייק מנגו בננה אננס וקוקוס 230 מ""ל",קבוצת המזון אקטשלאר,IL,יופלה שייק 230מל אננס וקוקוס,מיליליטרים,230.00,"100 מ""ל",false,12,7.90,3.4348,true,1,49532
7290116930466,false,"משקה SHAKE בננה מנגן פסיפלורה והל 230 מ""ל יופלה",קבוצת המזון אקטשלאר,IL,יופלה שייק 230מל מנגו בננה פסיפלורה והל,מיליליטרים,230.00,"100 מ""ל",false,12,7.90,3.4348,true,1,49531
7290116930480,false,"משקה SHAKE בננה קיווי תפוח 230 מ""ל יופלה",קבוצת המזון אקטשלאר,IL,יופלה שייק 230מל בננה קיווי תפוח,מיליליטרים,230.00,"100 מ""ל",false,12,7.90,3.4348,true,1,49530
7290116930596,false,סינר חג ילדים,,,סינר חג ילדים,יחידה,1.00,יחידה,false,1,9.90,9.9000,true,1,48538
7290116930626,false,ארוחה בקטנה ציזיקי עם קרקרים 150ג' תנובה,תנובה חלב,IL,ארוחה בקטנה ציזיקי עם קרקרים 150גר,גרמים,150.00,100 גרם,false,24,8.50,5.6667,true,1,49894
7290116930657,false,"משקה חלב גו בטעם בננה תמר בתוספת שיבולת שועל במרקם חלק 340 מ""ל",תנובה מרכז שיתופי לש,IL,משקה חלב גו 340 מל ט.בננה תמר וש.שועל,מיליליטרים,340.00,"100 מ""ל",false,20,8.90,2.6176,true,1,51457
7290116930701,false,מעדן חלב GO מועשר בחלבון בטעם קרמל מלוח,תנובה מרכז שיתופי לש,IL,מעדן יופלה גו ט.קרמל מלוח12גר חלבון 120ג,גרמים,120.00,100 גרם,false,20,5.20,4.3333,true,1,49349
7290116930718,false,מעדן תנובה דיאט בטעם שוקולד וקרמל מלוח 0% 150ג' תנובה,"תנובה בע""\מ",IL,מעדן תנובה דיאט שוקולד קרמל מלוח 150 גר,גרמים,150.00,100 גרם,false,1,4.50,3.0000,true,1,49679
7290116930954,false,יוגורט טעם פאי תפוחים 3% 150 ג' יופלה,"תנובה בע""\מ",IL,יוגורט יופלה טעם פאי תפוחים 150גר,גרמים,150.00,100 גרם,false,1,5.50,3.6667,true,1,51454
7290116931012,false,יופלה דיאט 0% שומן תפוח וקינמון 150 גרם,תנובה מרכז שיתופי לש,IL,יוגורט יופלה דיאט תפוח קינמון 150גר,גרמים,150.00,100 גרם,false,1,5.50,3.6667,true,1,51455
7290116931081,false,מעדן סויה - טופי קרמל 125 גרם אלטרנטיב,תנובה מרכז שיתופי לש,IL,מעדן סויה בטעם טופי קרמל 125 גרם,מיליליטרים,125.00,"100 מ""ל",false,1,4.90,3.9200,true,1,49895
7290116931104,false,יופלה GO במרקם סמיך עם אננס 0% תנובה 200 גרם,תנובה חלב,IL,יוגורט יופלה גו אננס במרקם סמיך 200גר,מיליליטרים,200.00,"100 מ""ל",false,1,6.20,3.1000,true,1,49852
7290116931159,false,יופלה דיאט 0% שומן תות בננה 150 גרם,תנובה מרכז שיתופי לש,IL,יוגורט יופלה דיאט תות בננה 150גר,גרמים,150.00,100 גרם,false,1,5.50,3.6667,true,1,51456
7290116931289,false,יופלה גו במרקם סמיך אלפחורס 200מל,תנובה מרכז שיתופי לש,IL,מעדן יופלה גו אלפחורס במרקם סמיך 200גר,מיליליטרים,200.00,"100 מ""ל",false,1,6.20,3.1000,true,1,51731
7290117050026,false,סכין טורנה 6סמ קלאסי,,,סכין טורנה 6סמ קלאסיק פוד אפיל,יחידה,1.00,יחידה,false,1,7.90,7.9000,true,1,49807
7290117050156,false,תרמוס כד מהודר 1ליטר,,,תרמוס כד מהודר 1ליטר טו גו שחור פוד אפיל,יחידה,1.00,יחידה,false,1,64.90,64.9000,true,1,49161
7290117050248,false,כדור מסננת לתה בתפזו,,,כדור מסננת לתה בתפזורת עם שרשרת,יחידה,1.00,יחידה,false,1,6.90,6.9000,true,1,51199
7290117050262,false,כפית מסננת לתה נירוס,,,כפית מסננת לתה נירוסטה פוד אפיל דרייאן,יחידה,1.00,יחידה,false,1,17.90,17.9000,true,1,51217
7290117050392,false,בקבוק נירוסטה שומר ח,,,בקבוק נירוסטה שומר חום 500מל שחור מטלי,יחידה,1.00,יחידה,false,1,54.90,54.9000,true,1,49825
7290117050408,false,בקבוק נירוסטה שומר ח,,,בקבוק נירוסטה שומר חום 500מל חום רוז גול,יחידה,1.00,יחידה,false,1,54.90,54.9000,true,1,49827
7290117050415,false,בקבוק נירוסטה שומר ח,,,בקבוק נירוסטה שומר חום 500מל נחושת מטלי,יחידה,1.00,יחידה,false,1,54.90,54.9000,true,1,49828
7290117050637,false,מארז 6 סכיני סטייק מ,,,מארז 6 סכיני סטייק מיט לאבר פוד אפיל,יחידה,6.00,יחידה,false,1,59.90,9.9833,true,1,49829
7290117050644,false,מארז 6 מזלגות סטייק,,,מארז 6 מזלגות סטייק מיט לאבר פוד אפיל,יחידה,6.00,יחידה,false,1,59.90,9.9833,true,1,49830
7290117050811,false,כף טיגון עם קצה מסיל,,,כף טיגון עם קצה מסיליקון למניעת שריטות,יחידה,1.00,יחידה,false,1,29.90,29.9000,true,1,51247
7290117050828,false,כף מחורצת עם קצה מסי,,,כף מחורצת עם קצה מסיליקון למניעת שריטות,יחידה,1.00,יחידה,false,1,26.90,26.9000,true,1,51238
7290117050835,false,כף עם קצה מסיליקון ל,,,כף עם קצה מסיליקון למניעת שריטות,יחידה,1.00,יחידה,false,1,26.90,26.9000,true,1,51239
7290117050842,false,מועך תפוא עם קצה מסי,,,מועך תפוא עם קצה מסיליקון פוד אפיל דואט,יחידה,1.00,יחידה,false,1,34.90,34.9000,true,1,51261
7290117050873,false,תרבד מחורץ עם קצה מס,,,תרבד מחורץ עם קצה מסיליקון למניעת שריטות,יחידה,1.00,יחידה,false,1,29.90,29.9000,true,1,51249
7290117050880,false,תרבד עם קצה מסיליקון,,,תרבד עם קצה מסיליקון למניעת שריטות,יחידה,1.00,יחידה,false,1,29.90,29.9000,true,1,51250
7290117050934,false,מגרדת גבינה 26.5 סמ,,,מגרדת גבינה 26.5 סמ נירוסטה פוד אפיל,יחידה,1.00,יחידה,false,1,26.90,26.9000,true,1,51241
7290117050958,false,פותחן קופסאות שימורי,,,פותחן קופסאות שימורים מנירוסטה סיגנאטור,יחידה,1.00,יחידה,false,1,46.90,46.9000,true,1,51268
7290117050965,false,כותש שום פוד אפיל ני,,,כותש שום פוד אפיל נירוסטה,יחידה,1.00,יחידה,false,24,59.90,59.9000,true,1,51612
7290117051016,false,מטרפה כפולה מנירוסטה,,,מטרפה כפולה מנירוסטה 30סמ פוד אפיל,יחידה,1.00,יחידה,false,1,12.90,12.9000,true,1,51204
7290117051092,false,מטרפה לרטבים מנירוסט,,,מטרפה לרטבים מנירוסטה 25סמ פוד אפיל,יחידה,1.00,יחידה,false,1,9.90,9.9000,true,1,51201
7290117051146,false,קוצץ שום פוד אפיל סי,,,קוצץ שום פוד אפיל סיגנאטור,יחידה,1.00,יחידה,false,1,26.90,26.9000,true,1,51237
7290117051153,false,מוט סוחט לימון פוד א,,,מוט סוחט לימון פוד אפיל סיגנאטור,יחידה,1.00,יחידה,false,1,21.90,21.9000,true,1,51223
7290117051207,false,מוט השחזה מקצועי יהל,,,מוט השחזה מקצועי יהלום 30סמ עגול פוד אפי,יחידה,1.00,יחידה,false,1,87.90,87.9000,true,1,49833
7290117051214,false,מטרפה סיליקון 28סמ פ,,,מטרפה סיליקון 28סמ פוד אפיל,יחידה,1.00,יחידה,false,1,24.90,24.9000,true,1,49058
7290117051252,false,קריספר פוד אפיל להכנ,,,קריספר פוד אפיל להכנת טוגנים ללא שמן,יחידה,1.00,יחידה,false,1,154.90,154.9000,true,1,49928
7290117051528,false,סיר 24סמ 5.2ליטר פוד,,,סיר 24סמ 5.2ליטר פוד אפיל ריגל,יחידה,1.00,יחידה,false,1,169.00,169.0000,true,1,51321
7290117051559,false,משטח לייבוש כלים אבן,,,משטח לייבוש כלים אבן 40/47סמ פוד אפיל,יחידה,1.00,יחידה,false,1,21.90,21.9000,true,1,49811
7290117051566,false,משטח לייבוש כלים שחו,,,משטח לייבוש כלים שחור 40/47סמ פוד אפיל,יחידה,1.00,יחידה,false,1,21.90,21.9000,true,1,49812
7290117051573,false,משטח לייבוש כלים אפו,,,משטח לייבוש כלים אפור 40/47סמ פוד אפיל,יחידה,1.00,יחידה,false,1,21.90,21.9000,true,1,49813
7290117051764,false,סיר 28סמ 6.4ליטר פוד,,,סיר 28סמ 6.4ליטר פוד אפיל ידיות ירוקות,יחידה,1.00,יחידה,false,1,175.00,175.0000,true,1,51256
7290117051771,false,סוטאז 28סמ 4.2ליטר פ,,,סוטאז 28סמ 4.2ליטר פוד אפיל ידיות סגולות,יחידה,1.00,יחידה,false,1,169.00,169.0000,true,1,51254
7290117051788,false,סוטאז 32סמ 5.4ליטר פ,,,סוטאז 32סמ 5.4ליטר פוד אפיל ידיות ורודות,יחידה,1.00,יחידה,false,1,175.00,175.0000,true,1,51255
7290117051795,false,מצקת מיני מנירוסטה ב,,,מצקת מיני מנירוסטה בגימור זהב פוד אפיל,יחידה,1.00,יחידה,false,1,26.90,26.9000,true,1,51244
7290117051955,false,מד חום דיגיטלי דקר ע,,,מד חום דיגיטלי דקר עד 250מעלות פוד אפיל,יחידה,1.00,יחידה,false,1,79.90,79.9000,true,1,49936
7290117051986,false,סט 4 כוסות דופן כפול,,,סט 4 כוסות דופן כפולה 250מל ונצואלה,יחידה,4.00,יחידה,false,1,87.90,21.9750,true,1,49826
7290117052020,false,תבנית זכוכית מלבנית,,,תבנית זכוכית מלבנית 2ליטר פוד אפיל,יחידה,1.00,יחידה,false,1,34.90,34.9000,true,1,49155
7290117052037,false,תבנית זכוכית מלבנית,,,תבנית זכוכית מלבנית 2.9ליטר פוד אפיל,יחידה,1.00,יחידה,false,1,42.90,42.9000,true,1,49160
7290117052327,false,סט 4 כוסות דופן אחת,,,סט 4 כוסות דופן אחת 250מל מקסיקו פודאפיל,יחידה,4.00,יחידה,false,1,44.90,11.2250,true,1,51267
7290117052341,false,סט 2 כוסות 250מל טנז,,,סט 2 כוסות 250מל טנזיה פודאפיל,יחידה,2.00,יחידה,false,1,42.90,21.4500,true,1,49824
7290117052358,false,סט 2כוסות דופן כפולה,,,סט 2כוסות דופן כפולה 100מל קניה פוד אפיל,יחידה,2.00,יחידה,false,1,32.90,16.4500,true,1,51264
7290117052976,false,בוזק נירוסטה לתבליני,,,בוזק נירוסטה לתבלינים פוד אפיל,יחידה,1.00,יחידה,false,1,12.90,12.9000,true,1,51206
7290117052990,false,מלקחיים נירוסטה 22סמ,,,מלקחיים נירוסטה 22סמ פוד אפיל,יחידה,1.00,יחידה,false,1,11.90,11.9000,true,1,51202
7290117053003,false,סכומון נירוסטה 14/12,,,סכומון נירוסטה 14/12סמ פוד אפיל סיגנאטור,יחידה,1.00,יחידה,false,1,22.90,22.9000,true,1,51227
7290117053799,false,פלנצה מלבנית 27/33סמ,,,פלנצה מלבנית 27/33סמ +מלקחיים פוד אפיל,יחידה,1.00,יחידה,false,1,189.00,189.0000,true,1,50508
7290117054291,false,סכיני חיתוך משוננות,,,סכיני חיתוך משוננות 2יח 14סמ ירוק/כחול,יחידה,2.00,יחידה,false,1,18.90,9.4500,true,1,51322
7290117054833,false,סכיני חיתוך משוננות,,,סכיני חיתוך משוננות 2יח 14סמ שחור/סגול,יחידה,2.00,יחידה,false,1,18.90,9.4500,true,1,51323
7290117055038,false,תרווד מחורץ מיני מני,,,תרווד מחורץ מיני מנירוסטה בגימור זהב פוד,יחידה,1.00,יחידה,false,1,26.90,26.9000,true,1,51243
7290117055045,false,כף הגשה מיני מנירוסט,,,כף הגשה מיני מנירוסטה בגימור זהב פודאפיל,יחידה,1.00,יחידה,false,1,26.90,26.9000,true,1,51242
7290117055519,false,כף נירוסטה להגשת אור,,,כף נירוסטה להגשת אורז צבע שחור פוד אפיל,יחידה,1.00,יחידה,false,12,39.90,39.9000,true,1,51737
7290117260043,false,ריבת עלי ורדים ויליפוד 380 גרם,וילי פוד,TR,ריבת עלי ורדים 380 גרם,גרמים,380.00,100 גרם,false,12,10.90,2.8684,true,1,45755
7290117260050,false,קונפיטורה חבושים ויליפוד 380 גרם,וילי פוד,TR,קונפיטורה חבושים 380 גרם,גרמים,380.00,100 גרם,false,12,10.90,2.8684,true,1,45756
7290117260579,false,חטיף קראנצ'י על בסיס קמח עדשים בטעם שמנת חמוצה ובצל 80 ג',וילי פוד,LT,חטיף לנטיל ציפס קמח עדשים שמנת חמ 80 גרם,Unknown,0.00,Unknown,false,28,9.90,0.0000,true,1,50642
7290117260586,false,חטיף קראנצ'י על בסיס קמח עדשים בטעם פלפל חלפיניו וליים 80 ג',וילי פוד,LT,חטיף לנטיל ציפס קמח עדשים פלפל חל 80 גרם,Unknown,0.00,Unknown,false,28,9.90,0.0000,true,1,50641
7290117260593,false,חטיף קראנצ'י על בסיס קמח עדשים בטעם צ'דר 80 ג',וילי פוד,LT,חטיף לנטיל ציפס קמח עדשים צדר 80 גרם,Unknown,0.00,Unknown,false,28,9.90,0.0000,true,1,50640
7290117260920,false,קרקרים ללא גלוטן ויליפוד 125 גרם,ארמנדומודיאה אס.אר.א,IT,קרקרים ללא גלוטן 125 גר כשלפ,גרמים,125.00,100 גרם,false,6,9.90,7.9200,true,1,48529
7290117260937,false,קרקרים עם עגבניות ואורגנו ללא גלוטן 125 ג' ויליפוד,ארמנדומודיאה אס.אר.א,IT,קרקרים ללא גלוטן עם עגבניות אורגני 125ג,גרמים,125.00,100 גרם,false,6,9.90,7.9200,true,1,48530
7290117260944,false,מיני גריסיני עם שמן זית ללא גלוטן ויליפוד 125 גרם,מודיאה אס.אר.אל,IT,מיני גריסיני בשמן זית ללג 125 גר,גרמים,125.00,100 גרם,false,6,9.90,7.9200,true,1,48528
7290117260951,false,ביסקוויטים ללא גלוטן ופירות הדר ויליפוד 125 גרם,וילי פוד,IT,ביסקוויט ללא גלוטן פירות הדר 125גר כשלפ,גרמים,125.00,100 גרם,false,6,9.90,7.9200,true,1,48532
7290117260968,false,ביסקוויטים ללא גלוטן ויליפוד 125 גרם,מודיאה אס.אר.אל,IT,ביסקוויט ללא גלוטן 125 גר כשלפ,גרמים,125.00,100 גרם,false,6,9.90,7.9200,true,1,48531
7290117261125,false,זוג קינוחים בטעם וניל בציפוי שוקולד לבן 140ג',Euro יורו מחלבות אירופה,ES,זוג קינוחים טעם וניל ציפוי שוקולד לבן140,גרמים,140.00,100 גרם,false,6,8.90,6.3571,true,1,49974
7290117261569,false,סלמון אטלנטי מעושן בשמן קנולה 120 גרם ויליפוד,קריות זול,LV,סלמון אטלנטי מעושן בשמן קנולה 120 גרם,גרמים,120.00,100 גרם,false,11,10.90,9.0833,true,1,50635
7290117261576,false,סרדינים בריסלינג מעושנים ברוטב עגבניות 185 גרם צנצנת,קריות זול,LV,סרדין בריסלינג מעושן ברוטב עגבנ 185 גרם,גרמים,185.00,100 גרם,false,28,13.90,7.5135,true,1,50645
7290117261583,false,סרדינים בריסלינג מעושנים בשמן קנולה 129 גרם (צנצנת),גולדן פרייז קאנינג אל.טי,LV,סרדין בריסלינג מעושן בשמן קנולה 185 גרם,גרמים,185.00,100 גרם,false,28,13.90,7.5135,true,1,50643
7290117261590,false,סרדינים בריסלינג מעושנים בשמן זית 185 גרם צנצנת,גולדן פרייז קאנינג אל.טי,LV,סרדין בריסלינג מעושן בשמן זית 185 גרם,גרמים,185.00,100 גרם,false,28,13.90,7.5135,true,1,50644
7290117261934,false,בסיסים לחצ'פורי ומאפים מוקפאים 460 גרם ויליפוד,,GR,בסיס לחצופרי קפוא 460גר,גרמים,460.00,100 גרם,false,14,14.90,3.2391,true,1,50220
7290117262023,false,ארטישוק אלה רומנו בש,,IT,ארטישוק אלה רומנו בשמן זית ותבלינים510גר,גרמים,510.00,100 גרם,false,12,31.90,6.2549,true,1,50633
7290117380154,false,"מאסטר שף רוטב אסיאתי עם סויה 260 מ""ל",רמייה,NL,רוטב אסיאתי לסלט מאסטר שף 264 מל,גרמים,264.00,100 גרם,false,6,9.90,3.7500,true,1,48266
7290117380192,false,חטיף פוף קראנץ בטעם גריל 60 גרם,מנה,IL,חטיף מנה פוף קראנץ גריל 60 גר,Unknown,0.00,Unknown,false,1,3.90,0.0000,true,1,46309
7290117380208,false,חטיף פוף קראנץ בטעם חמוץ חריף 60 גרם,מנה,IL,חטיף מנה פוף קראנץ חמוץ חריף 60 גר,Unknown,0.00,Unknown,false,1,3.90,0.0000,true,1,46310
7290117380215,false,חטיף פוף קראנץ בטעם טאקו 60 גרם,מנה,IL,חטיף מנה פוף קראנץ טאקו 60 גר,Unknown,0.00,Unknown,false,1,3.90,0.0000,true,1,46311
7290117380864,false,סלים דליס פייבר עוגות בראוניס אישיות בטעם שוקולד 120 גרם,הלמה הלום,NL,חטיף פייבר סלים דליס בראוניז 5 יח 120 ג,גרמים,120.00,100 גרם,false,12,11.90,9.9167,true,1,48775
7290117380871,false,סלים דליס פייבר עוגות אישיות בטעם אוכמניות 120 גרם,הלמה הלום,NL,חטיף פייבר סלים דליס אוכמניות 5 יח 120 ג,גרמים,120.00,100 גרם,false,12,11.90,9.9167,true,1,48773
7290117767696,false,כפפות לטקס חד פעמי מ,,,כפפות לטקס חד פעמי מדיום 100 יח עם אבקה,יחידה,100.00,יחידה,false,1,19.90,0.1990,true,1,49273
7290117860038,false,"הוואי - תחליב רחצה יוגורט בניחוח אוכמניות 700 מ""ל","טרופיקל דגיל בע""\מ",IL,ת. רחצה הוואי 700מל ניחוח אוכמניות חדש,מיליליטרים,700.00,"100 מ""ל",false,12,14.90,2.1286,true,1,51512
7290117860045,false,שמפו תמציות אלוורה ותה ירוק לשיער רגיל,"טרופיקל דגיל בע""\מ",IL,שמפו הוואי 700מל מטפח לשיער רגיל חדש,מיליליטרים,700.00,"100 מ""ל",false,12,14.90,2.1286,true,1,51491
7290117860083,false,"הוואי קרם רחצה יוגורט בניחוח אירוס זהוב ודבש 700 מ""ל","טרופיקל דגיל בע""\מ",IL,ת. רחצה הוואי 700מל ניחוח וניל דבש חדש,מיליליטרים,700.00,"100 מ""ל",false,12,14.90,2.1286,true,1,51514
7290117860090,false,מרכך תמציות אלוורה ותה ירוק לשיער רגיל,"טרופיקל דגיל בע""\מ",IL,מרכך הוואי 700מל מטפח לשיער רגיל חדש,מיליליטרים,700.00,"100 מ""ל",false,12,14.90,2.1286,true,1,51498
7290117860137,false,"הוואי קרם רחצה יוגורט בניחוח פרח הקמליה 700 מ""ל","טרופיקל גליל בע""מ",IL,ת. רחצה הוואי 700מל ניחוח פרח קמליה חדש,מיליליטרים,700.00,"100 מ""ל",false,12,14.90,2.1286,true,1,51513
7290117860144,false,הוואי שמפו פירות אקזוטיים וקלנדולה 700,"טרופיקל דגיל בע""\מ",IL,שמפו הוואי 700מל למניעת קשקשים חדש,מיליליטרים,700.00,"100 מ""ל",false,12,14.90,2.1286,true,1,51492
7290117860182,false,"הוואי - תחליב רחצה בניחוח מגנוליה ושמן שקדים 700 מ""ל","טרופיקל דגיל בע""\מ",IL,ת. רחצה הוואי 700מל מגנוליה שמן שקד חדש,מיליליטרים,700.00,"100 מ""ל",false,12,14.90,2.1286,true,1,51509
7290117860199,false,שמפו שמן ורד הבר ושמן מקדמיה לשיער יבש,"טרופיקל דגיל בע""\מ",IL,שמפו הוואי 700מל מעניק לחות שיער יבש חדש,מיליליטרים,700.00,"100 מ""ל",false,12,14.90,2.1286,true,1,51490
7290117860236,false,"הוואי - קרם רחצה בניחוח ויולה ורודה 700 מ""ל","טרופיקל דגיל בע""\מ",IL,ת. רחצה הוואי 700מל ניחוח ויולה ורוד חדש,מיליליטרים,700.00,"100 מ""ל",false,12,14.90,2.1286,true,1,51510
7290117860243,false,"הוואי - מרכך מעניק לחות לשיער יבש 700 מ""ל","טרופיקל דגיל בע""\מ",IL,מרכך הוואי 700מל מעניק לחות שיער יבש חדש,מיליליטרים,700.00,"100 מ""ל",false,12,14.90,2.1286,true,1,51499
7290117860281,false,"הוואי - ג'ל רחצה לגבר בניחוח עוצמתי 700 מ""ל","טרופיקל דגיל בע""\מ",IL,גל רחצה הוואי 700מל לגבר ניחוח עוצמת חדש,מיליליטרים,700.00,"100 מ""ל",false,12,14.90,2.1286,true,1,51506
7290117860298,false,שמפו קומפלקס קרטין לשיער עדין או חלש,"טרופיקל דגיל בע""\מ",IL,שמפו הוואי 700מל קרטין מחזק חדש,מיליליטרים,700.00,"100 מ""ל",false,12,14.90,2.1286,true,1,51493
7290117860335,false,"הוואי ג'ל רחצה לגבר בניחוח מעורר 700 מ""ל","טרופיקל דגיל בע""\מ",IL,גל רחצה הוואי 700מל לגבר ניחוח מעורר חדש,מיליליטרים,700.00,"100 מ""ל",false,12,14.90,2.1286,true,1,51505
7290117860342,false,מרכך קומפלקס קרטין לשיער עדין או חלש,"טרופיקל דגיל בע""\מ",IL,מרכך הוואי 700מל קרטין מחזק חדש,מיליליטרים,700.00,"100 מ""ל",false,12,14.90,2.1286,true,1,51501
7290117860380,false,"תחליב רחצה יוגורט בניחוח אלוורה 700 מ""ל הוואי","טרופיקל דגיל בע""\מ",IL,ת. רחצה הוואי 700מל יוגורט אלוורה חדש,מיליליטרים,700.00,"100 מ""ל",false,12,14.90,2.1286,true,1,51515
7290117860397,false,שמפו תמצית פריחת הדובדבן לשיער רגיל,"טרופיקל דגיל בע""\מ",IL,שמפו הוואי 700מל פריחת הדובדבן חדש,מיליליטרים,700.00,"100 מ""ל",false,12,14.90,2.1286,true,1,51487
7290117860441,false,"מרכך פריחת הדובדבן 700 מ""ל הוואי","טרופיקל דגיל בע""\מ",IL,מרכך הוואי 700מל פריחת דובדבן חדש,מיליליטרים,700.00,"100 מ""ל",false,12,14.90,2.1286,true,1,51500
7290117860496,false,"הוואי שמפו + מרכך 2 ב-1 לגבר 700 מ""ל-חדש","טרופיקל גליל בע""מ",IL,שמפו+מרכך הוואי 700מל 2ב1 לגבר חדש,מיליליטרים,700.00,"100 מ""ל",false,12,14.90,2.1286,true,1,51488
7290117860540,false,הוואי שמפו לילדים רוזמרין מנגו ומשמש 700,"טרופיקל דגיל בע""\מ",IL,שמפו הוואי 700מל עדין לילדים חדש,מיליליטרים,700.00,"100 מ""ל",false,12,14.90,2.1286,true,1,51494
7290117860595,false,הוואי מרכך לילדים רוזמרין מנגו ומשמש 700,"טרופיקל דגיל בע""\מ",IL,מרכך הוואי 700מל מתיר קשרים לילדים חדש,מיליליטרים,700.00,"100 מ""ל",false,12,14.90,2.1286,true,1,51502
7290117860649,false,הוואי שמפו קרטין קיק ללא סולפטים 700 מל,"טרופיקל דגיל בע""\מ",IL,שמפו הוואי 700מל ללא סולפטים חדש,מיליליטרים,700.00,"100 מ""ל",false,12,14.90,2.1286,true,1,51495
7290117860694,false,הוואי מרכך קרטין קיק ללא סולפטים 700 מל,"טרופיקל דגיל בע""\מ",IL,מרכך הוואי 700מל ללא סולפטים חדש,מיליליטרים,700.00,"100 מ""ל",false,12,14.90,2.1286,true,1,51503
7290117860748,false,הוואי שמפו תמצית יסמין מעניק נפח 700 מל,"טרופיקל דגיל בע""\מ",IL,שמפו הוואי 700מל מעניק נפח חדש,מיליליטרים,700.00,"100 מ""ל",false,12,14.90,2.1286,true,1,51497
7290117860793,false,הוואי מרכך תמצית יסמין מעניק נפח 700 מל,"טרופיקל דגיל בע""\מ",IL,מרכך הוואי 700מל מעניק נפח חדש,מיליליטרים,700.00,"100 מ""ל",false,12,14.90,2.1286,true,1,51504
7290117860847,false,"הוואי רעננות מושלמת לגבר לשיער, גוף, פנים וזקן","טרופיקל גליל בע""מ",IL,שמפו הוואי 700מל לגבר 4ב1 רעננות קר חדש,מיליליטרים,700.00,"100 מ""ל",false,12,14.90,2.1286,true,1,51496
7290117860892,false,"הוואי - תחליב רחצה יוגורט בניחוח וניל ודבש 700 מ""ל","טרופיקל דגיל בע""\מ",IL,ת. רחצה הוואי 700מל יוגורט וניל ודבש חדש,מיליליטרים,700.00,"100 מ""ל",false,12,14.90,2.1286,true,1,51507
7290117860946,false,"תחליב רחצה יוגורט בניחוח קוקוס 700 מ""ל הוואי","טרופיקל דגיל בע""\מ",IL,ת. רחצה הוואי 700מל יוגורט קוקוס חדש,מיליליטרים,700.00,"100 מ""ל",false,12,14.90,2.1286,true,1,51508
7290117860991,false,"תחליב רחצה יוגורט בניחוח שקדים 700 מ""ל הוואי","טרופיקל דגיל בע""\מ",IL,ת. רחצה הוואי 700מל ניחוח שקדים חדש,מיליליטרים,700.00,"100 מ""ל",false,12,14.90,2.1286,true,1,51511
7290117900932,false,גרעין אבטיח קלוי 130 גרם,דין שיווק וקלייה בעמ,IL,גרעיני אבטיח קלויים שקדיה 130 גרם בגביע,גרמים,130.00,100 גרם,false,1,10.00,7.6923,true,1,49536
7290117900949,false,בוטנים מצופים אמריקאים 250 גרם,"שקדיה גבע תעשיות בע""",IL,בוטנים אמריקאים שקדיה 250 גרם בגביע,גרמים,250.00,100 גרם,false,1,10.00,4.0000,true,1,49535
7290117900956,false,תערובת פיצוחים קלויים ששון הקולה 180 גרם,"שקדיה גבע תעשיות בע""",IL,תערובת פיצוחים קלויים שקדיה180 גרם בגביע,גרמים,180.00,100 גרם,false,1,15.90,8.8333,true,1,49546
7290117900963,false,בוטנים קלויים ששון ה,דין שיווק וקלייה בעמ,IL,בוטנים קלויים שקדיה 270 גרם בגביע,גרמים,270.00,100 גרם,false,1,10.00,3.7037,true,1,49538
7290117901007,false,פיסטוקים קלויים ששון הקולה 130 גרם,"שקדיה גבע תעשיות בע""",IL,פיסטוק קלוי שקדיה 130 גרם בגביע,גרמים,130.00,100 גרם,false,1,15.90,12.2308,true,1,49542
7290117901014,false,קשיו קלוי ששון הקולה 160 גרם,"שקדיה גבע תעשיות בע""",IL,קשיו קלוי שקדיה 160 גרם בגביע,גרמים,160.00,100 גרם,false,1,15.90,9.9375,true,1,49543
7290117901021,false,קבוקים בוטנים מצופים עם שומשום 220 גרם,"שקדיה גבע תעשיות בע""",IL,קבוקים עם שומשום שקדיה 220 גרם בגביע,גרמים,220.00,100 גרם,false,1,10.00,4.5455,true,1,49537
7290117901038,false,אגוזי מלך קלופים ששון הקולה 190 גרם,"שקדיה גבע תעשיות בע""",IL,אגוזי מלך קלופים שקדיה190 גרם בגביע,גרמים,190.00,100 גרם,false,1,15.90,8.3684,true,1,49547
7290117901045,false,בוטן רביולי ששון הקולה 200 גרם,דין שיווק וקלייה בעמ,IL,בוטן רביולי שקדיה 200 גרם בגביע,גרמים,200.00,100 גרם,false,1,15.90,7.9500,true,1,49544
7290117901052,false,שקדים קלופים ששון הק,"שקדיה גבע תעשיות בע""",IL,שקד טבעי קלוף שקדיה 180 גרם בגביע,גרמים,180.00,100 גרם,false,1,15.90,8.8333,true,1,49545
7290117901199,false,טורטיה על גחלים שקדיה 520 גרם,מוטלוקל,TR,טורטיה טורטילס על גחלים 520 גרם,גרמים,520.00,100 גרם,false,1,10.90,2.0962,true,1,50777
7290117901205,false,טורטיה דגנים בתוספת שומשום ופשתן שקדיה 420 גרם,מוטלוקל,TR,טורטיה טורטילס שומשום ופשתן 450 גרם,גרמים,450.00,100 גרם,false,1,10.90,2.4222,true,1,50776
7290117901243,false,ממרח פלפלים אדומים קלווים בתוספת ארטישוק שקדיה 290 גרם,קרס סר-קאן גידה לטד,TR,ממרח פלפל אדום קלויי וארטישוק 290 גרם,גרמים,290.00,100 גרם,false,12,15.90,5.4828,true,1,50922
7290117901250,false,ממרח עגבניות מיובשות בתוספת זיתים ירוקים שקדיה 290 גרם,קרס סר-קאן גידה לטד,TR,ממרח עגבניות מיובשות וזית ירוק 290 גרם,גרמים,290.00,100 גרם,false,12,15.90,5.4828,true,1,50921
7290117901267,false,ממרח פלפלים אדומים וחצילים קלויים שקדיה 290 גרם,קרס סר-קאן גידה לטד,TR,ממרח פלפל אדום קלויי וחציל קלוי 290 גרם,גרמים,290.00,100 גרם,false,12,15.90,5.4828,true,1,50923
7290118420071,false,במבה ביסלי ברביקיו מיקס 80ג' אסם,"אסם השקעות בע""\מ",IL,חטיף מיקס במבה ביסלי ברביקיו 80 גר,גרמים,80.00,100 גרם,false,1,5.00,6.2500,true,1,50783
7290118420477,false,אסם בייגלה שטוחים בטעם ביסלי בצל 300 גרם,"אסם תעשיות בע""מ",IL,בייגלה שטוחים טעם ביסלי בצל 300 גר,גרמים,300.00,100 גרם,false,1,11.50,3.8333,true,1,50785
7290118420514,false,אינסטנט פודינג בטעם נוגט אסם 75 גרם,"אסם תעשיות בע""מ",IL,אינסטנט פודינג נוגט אוסם 75 גר,Unknown,0.00,Unknown,false,1,6.00,0.0000,true,1,50780
7291021299709,false,"צלחת אוריינטל 20 ס""מ",,,צלחת אוריינטל 20סמ,יחידה,1.00,יחידה,false,1,6.50,6.5000,true,1,38575
7291044041279,false,מפזר חום לאמבטיה יונ,,,מפזר חום לאמבטיה יונדאי 2000וואט,יחידה,1.00,יחידה,false,1,149.90,149.9000,true,1,36023
7291044048834,false,כבל מאריך 2 3X1.5 מטר,,IL,כבל מאריך 2,יחידה,1.00,יחידה,false,1,18.90,18.9000,true,1,32092
7291044048889,false,כבל מאריך 3 3X1.5 מטר,,IL,כבל מאריך 3,יחידה,1.00,יחידה,false,1,24.90,24.9000,true,1,32093
7291044050004,false,נורה אקו טי2 15וואט,,IL,נורה אקו טי2 15וואט ספירל אי14 די אל,יחידה,1.00,יחידה,false,1,23.90,23.9000,true,1,32077
7291044050011,false,נורה אקו טי2 15וואט,,IL,נורה אקו טי2 15וואט ספירל אי14 דאבל יו,יחידה,1.00,יחידה,false,1,22.90,22.9000,true,1,32078
7291044050103,false,נורה אקו T2 ספירל 23W X2,,IL,נורה אקו טי2 23וואט ספירל אי27 די אל,יחידה,1.00,יחידה,false,1,26.90,26.9000,true,1,32083
7291044050110,false,נורה אקו טי2 23וואט,,IL,נורה אקו טי2 23וואט ספירל אי27 דאבל יו,יחידה,1.00,יחידה,false,1,26.90,26.9000,true,1,32084
7291044052817,false,פנס קיר לדים לונדון,,,פנס קיר לדים לונדון 120 איי סי 12וואט,יחידה,1.00,יחידה,false,1,119.90,119.9000,true,1,36021
7291044053906,false,קטלן יתושים מחבט ECO EURO,,,מחבט קטלן יתושים אקו יורו,יחידה,1.00,יחידה,false,1,21.90,21.9000,true,1,33629
7291044056006,false,טוסטר לחיצה נירוסטה,,,טוסטר לחיצה נירוסטה 1200וואט יונדאי,יחידה,1.00,יחידה,false,1,169.00,169.0000,true,1,50541
7291044056013,false,מפזר חום שוכב/עומד 2000W יונדאי,יונדאי Hyundai,,מפזר חום שוכב/עומד יונדאי 2000 וואט,יחידה,1.00,יחידה,false,1,69.90,69.9000,true,1,36018
7291044057195,false,נורת אקו ספירל 26W יונדאי זוגי,,IL,נורה אקו 26וואט חצי ספירל די אל,יחידה,1.00,יחידה,false,1,27.90,27.9000,true,1,32085
7291044057201,false,נורה אקו 26וואט חצי,,IL,נורה אקו 26וואט חצי ספירל דאבל יו,יחידה,1.00,יחידה,false,1,27.90,27.9000,true,1,32086
7291044061505,false,קומקום חשמלי יונדאי שחור 2 ל,,IL,קומקום חשמלי 2 ליטר יונדאי שחור,יחידה,1.00,יחידה,false,1,75.00,75.0000,true,1,32098
7291044064025,false,מגהץ אדים 2200וואט ק,,IL,מגהץ אדים 2200וואט קרמי יונדאי,יחידה,1.00,יחידה,false,1,69.00,69.0000,true,1,32384
7291044066296,false,טוסטר לחיצה 2 פרוסות גריל HYUNDAI,יונדאי Hyundai,IL,טוסטר לחיצה ל2 פרוסות גריל יונדאי,יחידה,1.00,יחידה,false,1,75.00,75.0000,true,1,32105
7291044066364,false,רב שקע 4 עד 1 מטר,,IL,רב שקע 4 עד 1מטר,יחידה,1.00,יחידה,false,1,17.90,17.9000,true,1,32090
7291044066371,false,רב שקע 5 + כבל עד 1מ,,IL,רב שקע 5 עד 1מטר,יחידה,1.00,יחידה,false,1,18.90,18.9000,true,1,32091
7291044068672,false,כירה חשמלית כפולה 2500 W לבן,יונדאי Hyundai,IL,כירה חשמלית כפולה לבן 2500 וואט,יחידה,1.00,יחידה,false,1,170.00,170.0000,true,1,32382
7291044072105,false,מכונת תספורת טיטניום,,,מכונת תספורת טיטניום מקצועית אדו,יחידה,1.00,יחידה,false,1,109.00,109.0000,true,1,33025
7291044079135,false,מגן ברקים תקע שקע,,IL,מגן ברקים תקע שקע,יחידה,1.00,יחידה,false,1,24.90,24.9000,true,1,32089
7291044081268,false,זוג נורות לד DL 10W E27 A60 SAFETY,,IL,זוג נורות לד 10וואט איי60 אי 27 די אל,יחידה,2.00,יחידה,false,1,13.90,6.9500,true,1,32070
7291044081275,false,זוג נורות לד 10 וואט,,IL,זוג נורות לד 10וואט איי60 אי 27 דאבל יו,יחידה,2.00,יחידה,false,1,13.90,6.9500,true,1,32072
7291044081305,false,זוג נורות לד DL 12W E27 A60 SAFETY,,IL,זוג נורות לד 12וואט איי60 אי 27 די אל,יחידה,2.00,יחידה,false,1,14.90,7.4500,true,1,32073
7291044081312,false,זוג נורות לד 12 וואט,,IL,זוג נורות לד 12וואט איי60 אי 27 דאבל יו,יחידה,2.00,יחידה,false,1,14.90,7.4500,true,1,32074
7291044081381,false,נורת לד נר 8וואט אי,,IL,נורת לד נר 8וואט אי 14 סאפטי די אל,יחידה,1.00,יחידה,false,1,7.90,7.9000,true,1,32393
7291044081398,false,נורת לד נר 8וואט אי,,IL,נורת לד נר 8וואט אי 14 סאפטי דאבל יו,יחידה,1.00,יחידה,false,1,7.90,7.9000,true,1,32394
7291044081404,false,זוג נורות לד נר 8ווא,,IL,זוג נורות לד נר 8וואט אי 14 סאפטי די אל,יחידה,2.00,יחידה,false,1,15.90,7.9500,true,1,32397
7291044081411,false,זוג נורות לד נר 8ווא,,IL,זוג נורות לד נר 8וואט אי 14 סאפטי דאבל י,יחידה,2.00,יחידה,false,1,15.90,7.9500,true,1,32398
7291044081428,false,נורת לד כדור 8וואט א,,IL,נורת לד כדור 8וואט אי 27 סאפטי די אל,יחידה,1.00,יחידה,false,1,7.90,7.9000,true,1,32389
7291044082944,false,כירה חשמלית קרמית- כפולה 3000W,,,כירה חשמלית קרמית כפולה 3000 וואט,יחידה,1.00,יחידה,false,1,299.00,299.0000,true,1,35627
7291044084559,false,נורת לד כדור 8וואט א,,IL,נורת לד כדור 8וואט אי 14 סאפטי די אל,יחידה,1.00,יחידה,false,1,7.90,7.9000,true,1,32391
7291044084566,false,נורת לד כדור 8וואט א,,IL,נורת לד כדור 8וואט אי 14 סאפטי דאבל יו,יחידה,1.00,יחידה,false,1,7.90,7.9000,true,1,32392
7291044086263,false,מעבד מזון 2.4 800W ליטר יונדאי,,,מעבד מזון יונדאי 2.4 ליטר 800וואט,יחידה,1.00,יחידה,false,1,379.00,379.0000,true,1,33263
7291044091304,false,מיקסר יד חשמל יונדאי סמיקום לקסיס 250W,יונדאי Hyundai,IL,מיקסר יד חשמלי 250וואט יונדאי,יחידה,1.00,יחידה,false,1,85.00,85.0000,true,1,32113
7291044091311,false,קוצץ ירקות (200W (1-2-3 יונדאי,יונדאי Hyundai,IL,קוצץ ירקות 200וואט יונדאי,יחידה,1.00,יחידה,false,1,112.00,112.0000,true,1,32110
7291044091977,false,שעון שבת/טיימר תקע+ש,,IL,שעון שבת/טיימר תקע+שקע,יחידה,1.00,יחידה,false,1,19.90,19.9000,true,1,32088
7291044094336,false,מנורות זוג 26W ספירל יונדאי,,IL,זוג נורות לד 15וואט איי60 אי 27 די אל,יחידה,2.00,יחידה,false,1,17.90,8.9500,true,1,32076
7291044094343,false,זוג נורות לד WW 15W E27 A60 SAFETY,,IL,זוג נורות לד 15וואט איי60 אי 27 דאבל יו,יחידה,2.00,יחידה,false,1,17.90,8.9500,true,1,32075
7291044094572,false,משקל אדם דיגיטלי יונדאי דק,יונדאי Hyundai,IL,משקל אדם דיגיטלי יונדאי,יחידה,1.00,יחידה,false,1,67.00,67.0000,true,1,32383
7291044097061,false,מצנם ל-2 פרוסות יונדאי 750W שחור,,IL,מצנם ל2 פרוסות 750וואט יונדאי שחור,יחידה,1.00,יחידה,false,1,74.00,74.0000,true,1,32107
7291044097078,false,מצנם ל-2 פרוסות יונד,,IL,מצנם ל2 פרוסות 750וואט יונדאי אדום,יחידה,1.00,יחידה,false,1,74.00,74.0000,true,1,32108
7291044099850,false,מפצל חשמל 1 ל-4 פרפר,,IL,מפצל חשמל 1 ל4 פרפר,יחידה,1.00,יחידה,false,1,16.90,16.9000,true,1,32096
7291044101621,false,פנס נישא 21 10Wלדים לבן,,,פנס נישא לדים לבן 21 גי1 10וואט,יחידה,1.00,יחידה,false,1,66.90,66.9000,true,1,36017
7291044103571,false,מפצל חשמל 1 ל-2 סמיקום,,IL,מפצל חשמל 1 ל2 סמיקום בליסטר,יחידה,1.00,יחידה,false,1,8.90,8.9000,true,1,32094
7291044106930,false,מטחנת קפה/תבלינים 30,,,מטחנת קפה/תבלינים 300וואט 110גר,יחידה,1.00,יחידה,false,1,179.00,179.0000,true,1,35619
7291047010883,false,מסננת רגל נירוסטה ענ,מגי,,מסננת רגל נירוסטה ענק,יחידה,1.00,יחידה,false,1,54.90,54.9000,true,1,15357
7291047015130,false,תחתית סיר מסיליקון 1,,,תחתית סיר מסיליקון 18 סמ,יחידה,1.00,יחידה,false,1,21.90,21.9000,true,1,13957
7293556389962,false,שום לבן מובחר יחידה,אראל תוצרת חקלאית בע,IL,שום לבן מובחר יחידה,Unknown,0.00,Unknown,false,1,11.90,0.0000,true,1,32624
7296049012927,false,קערת עירבול נירוסטה,,,קערת עירבול נירוסטה 0.75ליטר 12/7.5לקיטש,יחידה,1.00,יחידה,false,1,17.90,17.9000,true,1,47951
7296049012934,false,קערת עירבול נירוסטה,,,קערת עירבול נירוסטה 1.5ליטר 16/9.5לקיטש,יחידה,1.00,יחידה,false,1,24.90,24.9000,true,1,47952
7296049012958,false,קערת עירבול נירוסטה,,,קערת עירבול נירוסטה 5ליטר 28/14לקיטשן,יחידה,1.00,יחידה,false,1,59.90,59.9000,true,1,47948
7296049012965,false,קערת עירבול נירוסטה,,,קערת עירבול נירוסטה 8.8ליטר 28/16לקיטשן,יחידה,1.00,יחידה,false,1,79.90,79.9000,true,1,47950
7296049014846,false,קריספר מלבן לקיטשן 3,,,קריספר מלבן לקיטשן 35/25/9 אפור כהה,יחידה,1.00,יחידה,false,1,84.90,84.9000,true,1,50430
7296049014853,false,קריספר מלבן לקיטשן 3,,,קריספר מלבן לקיטשן 35/25/9 כסוף,יחידה,1.00,יחידה,false,1,84.90,84.9000,true,1,50432
7296049014860,false,קריספר מלבן לקיטשן 3,,,קריספר מלבן לקיטשן 35/25/9 נחושת,יחידה,1.00,יחידה,false,1,84.90,84.9000,true,1,50431
7296049015409,false,לקיטשן סט 3 צנצנות זכוכית עגול,,,סט 3 צנצנות זכוכית עגולות 0.8ליטר 10/15,יחידה,3.00,יחידה,false,1,39.90,13.3000,true,1,47973
7296049015539,false,סיר+מכסה מילאנו 6ליט,,,סיר+מכסה מילאנו 6ליטר 28/12,יחידה,1.00,יחידה,false,1,199.90,199.9000,true,1,47985
7296049016055,false,לוח חיתוך לקיטשן במב,,,לוח חיתוך לקיטשן במבוק 40/25/1.6סמ,יחידה,1.00,יחידה,false,1,44.90,44.9000,true,1,50422
7296049016109,false,תרווד במבוק שטוח לקי,,,תרווד במבוק שטוח לקיטשן,יחידה,1.00,יחידה,false,1,10.90,10.9000,true,1,50407
7296049016123,false,כף ערבול לקיטשן במבו,,,כף ערבול לקיטשן במבוק,יחידה,1.00,יחידה,false,1,10.90,10.9000,true,1,50409
7296049016130,false,כף ערבול מחורץ לקיטש,,,כף ערבול מחורץ לקיטשן במבוק,יחידה,1.00,יחידה,false,1,10.90,10.9000,true,1,50410
7296049016147,false,כף סלט לקיטשן במבוק,,,כף סלט לקיטשן במבוק,יחידה,1.00,יחידה,false,1,10.90,10.9000,true,1,50411
7296049016574,false,כוס קידוש פורצלן תחת,,,כוס קידוש פורצלן תחתית עיטור רימונים,יחידה,1.00,יחידה,false,1,34.90,34.9000,true,1,50415
7296049017434,false,קוצץ ידני לקיטשן מקס,,,קוצץ ידני לקיטשן מקסי 17/17/27סמ,יחידה,1.00,יחידה,false,1,64.90,64.9000,true,1,50423
7296049017441,false,קוצץ משיכה לקיטשן מק,,,קוצץ משיכה לקיטשן מקסי 12/17/10סמ,יחידה,1.00,יחידה,false,1,44.90,44.9000,true,1,50421
7296049017557,false,מפת שולחן לבן/בז 240,,,מפת שולחן לבן/בז 240/140 ראנר זהב 33/100,יחידה,1.00,יחידה,false,1,64.90,64.9000,true,1,50426
7296049017588,false,מפת שולחן שחור/כסף 3,,,מפת שולחן שחור/כסף 300/140ראנר 33/120זהב,יחידה,1.00,יחידה,false,1,64.90,64.9000,true,1,50429
7296049145601,false,מבער גז רב תכליתי,,,מבער גז רב תכליתי,יחידה,1.00,יחידה,false,1,69.90,69.9000,true,1,36285
7296049161502,false,כירת גז ניידת,,,כירת גז ניידת,יחידה,1.00,יחידה,false,1,125.00,125.0000,true,1,13250
7296049222548,false,מטרפת סיליקון לקיטשן,,CN,מטרפת סיליקון לקיטשן פסטל,יחידה,1.00,יחידה,false,1,24.90,24.9000,true,1,38472
7296049222555,false,מטרפת נירוסטה לקיטשן,,CN,מטרפת נירוסטה לקיטשן פסטל,יחידה,1.00,יחידה,false,1,24.90,24.9000,true,1,38473
7296049222586,false,גלגלת לפיצה לקיטשן פ,,CN,גלגלת לפיצה לקיטשן פסטל,יחידה,1.00,יחידה,false,1,16.90,16.9000,true,1,38475
7296049222920,false,קנקן תה זכוכית 1.1לי,,,קנקן תה זכוכית 1.1ליטר שחור/לבן,יחידה,1.00,יחידה,false,1,28.90,28.9000,true,1,36278
7296049222937,false,לקיטשן קנקן תה זכוכית 1.5 ליטר,,,קנקן תה זכוכית 1.5ליטר שחור/לבן,יחידה,1.00,יחידה,false,1,36.90,36.9000,true,1,36277
7296049222944,false,קנקן תה וחליטות מזכוכית,,,קנקן תה זכוכית 2ליטר שחור/לבן,יחידה,1.00,יחידה,false,1,39.90,39.9000,true,1,36276
7296049223767,false,קרחום 400 מל צבעוני,,,קרחום 400 מל צבעוני קמפטאון,יחידה,1.00,יחידה,false,1,10.90,10.9000,true,1,36275
7296049223798,false,קרחום 1000מל צבעוני,,,קרחום 1000מל צבעוני קמפטאון,יחידה,1.00,יחידה,false,1,15.90,15.9000,true,1,36271
7296049225624,false,מצקת טריו שחור לקיטש,,CN,מצקת טריו שחור לקיטשן,יחידה,1.00,יחידה,false,1,19.90,19.9000,true,1,41218
7296049225631,false,כף פסטה טריו שחור לק,,CN,כף פסטה טריו שחור לקיטשן,יחידה,1.00,יחידה,false,1,19.90,19.9000,true,1,41219
7296049225648,false,כף מסננת טריו שחור ל,,CN,כף מסננת טריו שחור לקיטשן,יחידה,1.00,יחידה,false,1,19.90,19.9000,true,1,41220
7296049225693,false,מברשת סיליקון טריו ש,,CN,מברשת סיליקון טריו שחור לקיטשן,יחידה,1.00,יחידה,false,1,19.90,19.9000,true,1,41225
7296049225747,false,מצקת טריו אדום לקיטש,,CN,מצקת טריו אדום לקיטשן,יחידה,1.00,יחידה,false,1,19.90,19.9000,true,1,41230
7296049225792,false,מטרפה טריו אדום לקיט,,CN,מטרפה טריו אדום לקיטשן,יחידה,1.00,יחידה,false,1,19.90,19.9000,true,1,41235
7296049225808,false,לקקן סיליקון טריו אד,,CN,לקקן סיליקון טריו אדום לקיטשן,יחידה,1.00,יחידה,false,1,19.90,19.9000,true,1,41236
7296049225815,false,מברשת סיליקון טריו א,,CN,מברשת סיליקון טריו אדום לקיטשן,יחידה,1.00,יחידה,false,1,19.90,19.9000,true,1,41237
7296049225839,false,גלגלת פיצה טריו אדום,,CN,גלגלת פיצה טריו אדום לקיטשן,יחידה,1.00,יחידה,false,1,19.90,19.9000,true,1,41239
7296049225884,false,"לקיטשן 6 כוסות ידיות צבעוניות 425מ""ל 10/8 לוריין",,,סט 6 כוסות צבעוניות 425מל לוריין,יחידה,6.00,יחידה,false,1,59.90,9.9833,true,1,47974
7296049226201,false,"קןפסא זכוכית מלבן 420 מ""ל",,,קופסת אחסון זכוכית מלבן לקיטשן 420מל,יחידה,1.00,יחידה,false,1,17.90,17.9000,true,1,45314
7296049226218,false,"קופסא זכוכית מלבן 590 מ""ל",,,קופסת אחסון זכוכית מלבן לקיטשן 590מל,יחידה,1.00,יחידה,false,1,19.90,19.9000,true,1,45316
7296049226225,false,"לקיטשן פרש זכוכית מלבן 830 מ""ל",,,קופסת אחסון זכוכית מלבן לקיטשן 830מל,יחידה,1.00,יחידה,false,1,24.90,24.9000,true,1,45313
7296049226249,false,קופסת אחסון זכוכית ע,,,קופסת אחסון זכוכית עגול לקיטשן 400מל,יחידה,1.00,יחידה,false,1,14.90,14.9000,true,1,45308
7296049226263,false,"קופסא זכוכית עגול 860 מ""ל",,,קופסת אחסון זכוכית עגול לקיטשן 860מל,יחידה,1.00,יחידה,false,1,22.90,22.9000,true,1,45315
7296049226904,false,לקיטשן מאג זכוכית מרסיי 8/9.5 Marseille,,CN,ספל מאג זכוכית מרסיי,יחידה,1.00,יחידה,false,1,5.90,5.9000,true,1,38463
7296049226911,false,לקיטשן מאג זכוכית פריז,,CN,ספל מאג זכוכית פריז,יחידה,1.00,יחידה,false,1,5.90,5.9000,true,1,38464
7296049226928,false,ספל מאג זכוכית ניס,,CN,ספל מאג זכוכית ניס,יחידה,1.00,יחידה,false,1,5.90,5.9000,true,1,38465
7296049226959,false,ספל מאג זכוכית טולוז,,CN,ספל מאג זכוכית טולוז,יחידה,1.00,יחידה,false,1,5.90,5.9000,true,1,38468
7296049238921,false,ערכת קפה בתיק ירוק טרוול (ללא גז),,,ערכת קפה פלנרו בתיק חצי שקוף שחור טרוול,יחידה,1.00,יחידה,false,1,169.00,169.0000,true,1,13252
7296049258295,false,דן סט 5 קערות פלסטיק,,,סט 5 קערות פלסטיק 16/32,יחידה,5.00,יחידה,false,1,24.90,4.9800,true,1,47997
7296049259100,false,סט 3 קופסאות מהודרות,,,סט 3 קופסאות מהודרות 800סמק דן,יחידה,3.00,יחידה,false,1,12.90,4.3000,true,1,47998
7296049259766,false,סיר מיקרוגל שף 3.2לי,,,סיר מיקרוגל שף 3.2ליטר דן,יחידה,1.00,יחידה,false,1,19.90,19.9000,true,1,47970
7296102061879,false,מטאטא אורו,,PL,מטאטא אורו,יחידה,1.00,יחידה,false,12,19.90,19.9000,true,1,32035
7296168705113,false,וולטרס קיסמי שיניים דנטליים,ארוינג טישו,CN,קיסמי שיניים,יחידה,100.00,יחידה,false,1,16.90,0.1690,true,1,14688
7297395000231,false,כד חלב פטנט-סכין,,IL,כד שתיה מלבן,Unknown,0.00,Unknown,false,1,19.90,0.0000,true,1,17678
7297488097995,false,דגש גרנולה דבש 250 גרם,תות תעשיות מזון (201,IL,גרנולה דבש ללא גלוטן 250 גר,גרמים,250.00,100 גרם,false,1,14.90,5.9600,true,1,8983
7297488098152,false,דגש קמח חומוס ללא גל,אף.סי תבליני בגליל ב,IL,קמח חומוס דגש 500 גר ללא גלוטן,גרמים,500.00,100 גרם,false,1,16.90,3.3800,true,1,8560
7297488098169,false,"קמח תירס ללא גלוטן דג""ש","תבליני העליון בע""מ",IL,קמח תירס דגש 500 גר ללא גלוטן,גרמים,500.00,100 גרם,false,15,8.90,1.7800,true,1,8097
7297488098176,false,קמח סויה ללא גלוטן ד,אף.סי. תבליני הגליל,IL,קמח סויה דגש 500 גר ללא גלוטן,גרמים,500.00,100 גרם,false,15,8.90,1.7800,true,1,8836
7297488098183,false,קמח אורז ללא גלוטן 500 ג,"תבליני העליון בע""מ",IL,קמח אורז דגש 500 גר ללא גלוטן,גרמים,500.00,100 גרם,false,1,10.50,2.1000,true,1,8837
7297488098190,false,0 קמח אורז מלא ללא גלוטן,אף.סי תבליני בגליל ב,IL,קמח אורז מלא דגש 500 גר ללא גלוטן,גרמים,500.00,100 גרם,false,15,14.90,2.9800,true,1,8840
7297488098213,false,500 קמח קינואה ללא גלוטן,"תבליני העליון בע""מ",IL,קמח קינואה דגש 500 גר ללא גלוטן,גרמים,500.00,100 גרם,false,15,22.90,4.5800,true,1,8839
7297488098220,false,קמח תפוח אדמה ללא גלוטן,תות תעשיות מזון (201,IL,קמח ת.אדמה דגש 500 גר ללא גלוטן,גרמים,500.00,100 גרם,false,15,11.90,2.3800,true,1,8841
7297488098299,false,קמח טפיוקה ללא גלוטן500ג,אף סי תבליני הגליל ב,IL,קמח טפיוקה דגש 500 גר ללא גלוטן,גרמים,500.00,100 גרם,false,1,9.90,1.9800,true,1,8838
7297488098688,false,דגש פצפוצי אורז מלא ללא תוספת סוכר ומלח 450 גרם,משובח תעשיות מזון,IL,פיצפוצי אורז מלא ללא סוכר ומלח 450גר,גרמים,450.00,100 גרם,false,1,19.90,4.4222,true,1,25412
7297488099753,false,דגש עוגיות בטעם שוקולד וקוקוס 250 גרם,תות תעשיות מזון (201,IL,עוגיות בטעם שוקולד וקוקוס 250גר דגש,גרמים,250.00,100 גרם,false,20,26.90,10.7600,true,1,18630
7297488099760,false,דגש -עוגיות בטעם חלבה 250 גרם,דגש- דוכן גן שמואל,IL,עוגיות בטעם חלבה 250גר דגש,גרמים,250.00,100 גרם,false,20,26.90,10.7600,true,1,18631
7297488099777,false,דגש עוגיות בטעם קשיו 250 גרם,דגש- דוכן גן שמואל,IL,עוגיות בטעם קשיו 250גר דגש,גרמים,250.00,100 גרם,false,20,26.90,10.7600,true,1,18632
7297488099784,false,עוגיות בטעם קינמון 250 גרם,תות תעשיות מזון (201,IL,עוגיות בטעם קינמון 250גר דגש,גרמים,250.00,100 גרם,false,20,26.90,10.7600,true,1,25451
7297488099821,false,גרנולה ללא תוספת סוכר לנמנעים מגלוטן,תות תעשיות מזון (201,IL,גרנולה ללא תוספת סוכר 250 גרם דגש,גרמים,250.00,100 גרם,false,20,14.90,5.9600,true,1,18633
7297488099890,false,פרוסות בסגנון קלאסי מופחתת שומן טבעוני 200 גרם,"טרופיקל דגיל בע""מ אז",IL,פרוסות בסגנון קלאסי 9% 200 גר משומשו,גרמים,200.00,100 גרם,false,1,19.90,9.9500,true,1,14669
7297488099906,false,פתיתים טבעוניים בסגנון פרמז'ן טבעוני 10 יח',"טרופיקל דגיל בע""מ אז",IL,פרוסות בסגנון קלאסי 18% 200 גר משומשו,גרמים,200.00,100 גרם,false,1,19.90,9.9500,true,1,14670
7297488099951,false,משומשו מלוחה 5% צמחי 250ג,"טרופיקל דגיל בע""מ אז",IL,תחליף מלוחה 5% 250גר משומשו,גרמים,250.00,100 גרם,false,1,19.90,7.9600,true,1,14672
7297488099968,false,משומשו מלוחה 16% 250גר טבעוני,"טרופיקל דגיל בע""מ אז",IL,תחליף מלוחה 16% 250גר משומשו,גרמים,250.00,100 גרם,false,1,19.90,7.9600,true,1,14673
7297488199590,false,פצפוצי אורז לבן תפוח ללא גלוטן,דגש- דוכן גן שמואל,IL,פיצפוצי אורז רגיל 450 גר דגש,גרמים,450.00,100 גרם,false,1,19.90,4.4222,true,1,10498
7297488199606,false,פצפוצי אורז תפוח ללא תוספת סוכר ומלח ללא גלוטן,דגש- דוכן גן שמואל,IL,פיצפוצי אורז קל 450 גר דגש,גרמים,450.00,100 גרם,false,1,19.90,4.4222,true,1,10499
7297488199620,false,פצפוצי אורז מלא תפוח ללא גלוטן,דגש- דוכן גן שמואל,IL,פיצפוצי אורז מלא 450 גר דגש,גרמים,450.00,100 גרם,false,1,19.90,4.4222,true,1,10500
7297488199682,false,קמח כוסמת ללא גלוטן,תות תעשיות מזון (201,IL,קמח כוסמת ללא גלוטן 500 גר דגש,גרמים,500.00,100 גרם,false,15,14.90,2.9800,true,1,10501
7297488199781,false,תערובת להכנת קניידלך,"חיים טובים מזון בע""מ",IL,קניידלך דגש ללא גלוטן 140 גר,גרמים,140.00,100 גרם,false,1,18.90,13.5000,true,1,11583
7297488199859,false,"מצות מקמח תפו""א 300 גרם","פסח בא בע""מ",IL,מצות דגש ללא גלוטן 300 גר,גרמים,300.00,100 גרם,false,1,23.90,7.9667,true,1,11585
7310511802301,false,שוקולד דיים מיני 200,מונדליז,CH,שוקולד דיים מיני 200 גרם,גרמים,200.00,100 גרם,false,15,18.90,9.4500,true,1,42796
7312040017034,false,וודקה אבסולוט 1 ליטר,פרנו ריקרד ($),,וודקה אבסולוט 1 ל פקדון,ליטרים,1.00,ליטר,false,1,99.00,99.0000,true,1,6384
7321011040629,false,דוני 20מפיות תלת שכבתי צבעים שונים,דוני,SE,מפיות דוני 3 שכבות 20יח צבעוני,יחידה,20.00,יחידה,false,1,7.50,0.3750,true,1,14691
7321011404070,false,דוני 20מפיות מעוטרות תלת שכבתי צבעים,דוני,SE,מפיות דוני 3 שכבות 20יח מעוטרות,יחידה,20.00,יחידה,false,1,10.90,0.5450,true,1,14692
7321031857054,false,דוני מפות שולחן דוניסל 180X118 דמוי בד במיגוון צבעים,דוני,האיחוד האירופי,מפות שולחן דוני דמוי בד 180/118 צבעוני,יחידה,1.00,יחידה,false,1,17.90,17.9000,true,1,27793
7350022390386,false,קקאו הולנדי ואן האוטן 125 גרם,וואן האוטן,,קקאו הולנדי וואן האוטן 125 גר,גרמים,125.00,100 גרם,false,1,12.90,10.3200,true,1,7395
7350041950110,false,"ליקר שרי הירינג 700 מ""ל",peter heering,NL,שרי הרינג ליקר 700 מל,ליטרים,1.00,ליטר,false,1,109.00,109.0000,true,1,15469
7350075690013,false,THE HUMBLE - מברשת שיניים במבוק למבוגר סיבים - תכלת,,,מברשת שיניים המבל אקולוגי סופט כחול,יחידה,1.00,יחידה,false,20,19.90,19.9000,true,1,33998
7350075690235,false,מב.שינייםHUMBLE BRUSH לילדים אולטרה סופט,,,מב. שיניים המבל אקולוגי ילדים סופט צהוב,יחידה,1.00,יחידה,false,20,19.90,19.9000,true,1,34000
7393714008503,false,קוקטייל גין תות ליים,,,קוקטייל גין תות ליים 250מל קופרברג פח.פק,מיליליטרים,250.00,"100 מ""ל",false,24,11.90,4.7600,true,1,50756
7393714507020,false,קופרברג סיידר תות ליים 4.5% בקבוק 330 מ,BEVERAGES FOODS & SE,SE,סיידר קופרברג תות ליים 330מל 4.5%בקבוק,מיליליטרים,330.00,"100 מ""ל",false,1,10.00,3.0303,true,1,27253
7393714508102,false,"קופרברג סיידר אגסים 4.5% בקבוק 330 מ""ל",BEVERAGES FOODS & SE,SE,סיידר קופרברג אגסים 330מל 4.5%בקבוק,מיליליטרים,330.00,"100 מ""ל",false,1,10.00,3.0303,true,1,27252
7393714509604,false,קופרברג סיידר תפוח 4.5% בקבוק 330 מ,BEVERAGES FOODS & SE,SE,סיידר קופרברג תפוח 330מל 4.5%בקבוק,מיליליטרים,330.00,"100 מ""ל",false,1,10.00,3.0303,true,1,27254
7393714645401,false,קוקטייל גין פסיפלורה,,,קוקטייל גין פסיפלורה 250מל קופרברג פח.פק,מיליליטרים,250.00,"100 מ""ל",false,24,11.90,4.7600,true,1,50758
7393714645500,false,קוקטייל גין מיקס פרי,,,קוקטייל גין מיקס פרי 250מל קופרברג פח.פק,מיליליטרים,250.00,"100 מ""ל",false,24,11.90,4.7600,true,1,50757
7394376123337,false,"משקה שיבולת שועל אורגני מפוקח ע""י סקאל",טרנסומס פוד איי.בי,SE,משקה שיבולת שועל אורגני 1 ליטר אוטלי,ליטרים,1.00,ליטר,false,6,14.90,14.9000,true,1,34636
7394376615825,false,אוטלי משקה שיבולת שועל מועשר בסידן וויטמינים 1 ליטר,טרנסומס פוד,SE,משקה שיבולת שועל מועשר 1 ליטר אוטלי,ליטרים,1.00,ליטר,false,6,14.90,14.9000,true,1,34635
7394376615832,false,"אוטלי משקה שיבולת שועל בטעם שוקולד, 1 ל'",טרנסומס פוד,SE,משקה שיבולת שועל בטעם שוקולד 1 ליטר,ליטרים,1.00,ליטר,false,6,14.90,14.9000,true,1,34637
7394376616778,false,אוטלי משקה שיבולת שועל להקצפה בריסטה 1 ליטר,טרנסומס פוד,SE,משקה שיבולת שועל בריסטה להקצפה 1 ליטר,ליטרים,1.00,ליטר,false,6,14.90,14.9000,true,1,34634
7441000720605,false,לבבות דקל LA CIMA צנצנת 410 גרם,אינקופלמיטו אס. אי,EC,לבבות דקל צנצנת 410 גרם לה צימה,גרמים,410.00,100 גרם,false,12,15.90,3.8780,true,1,21917
7501013101348,false,"נקטר בטעם מנגו 500 מ""ל JUMEX",חומקס קומר קומרסאליזדורה,MX,נקטר גומקס מנגו 473 מל פקדון,מיליליטרים,473.00,"100 מ""ל",false,1,9.90,2.0930,true,1,30293
7501013101355,false,"נקטר בטעם אפרסק 500 מ""ל JUMEX",חומקס קומר קומרסאליזדורה,MX,נקטר גומקס אפרסק 473מל פקדון,מיליליטרים,473.00,"100 מ""ל",false,1,9.90,2.0930,true,1,30291
7501013101362,false,"נקטר בטעם קוקוס ואננס 500 מ""ל JUMEX",חומקס קומר קומרסאליזדורה,MX,משקה גומקס קוקוס אננס 473 מל פקדון,מיליליטרים,473.00,"100 מ""ל",false,1,9.90,2.0930,true,1,30294
7501013122039,false,ג'ומקס מיץ מנגו קרטונית ליטר תריסר,חומקס קומר קומרסאליזדורה,MX,נקטר מנגו גומקס 1ליטר קרטונית,ליטרים,1.00,ליטר,false,1,9.90,9.9000,true,1,30300
7501013122053,false,ג'ומקס מיץ אפרסק קרטונית ליטר תריסר,חומקס קומר קומרסאליזדורה,MX,נקטר אפרסק גומקס 1ליטר קרטונית,ליטרים,1.00,ליטר,false,1,9.90,9.9000,true,1,30298
7501013122114,false,"נקטר משקה אננס בקרטונית ג'ומקס, 1 ל'",חומקס קומר קומרסאליזדורה,MX,משקה אננס גומקס 1ליטר קרטונית,ליטרים,1.00,ליטר,false,1,9.90,9.9000,true,1,30299
7501013122190,false,ג'ומקס מיץ תפוחים קרטונית ליטר תריסר,חומקס קומר קומרסאליזדורה,MX,משקה תפוחים גומקס 1ליטר קרטונית,ליטרים,1.00,ליטר,false,1,9.90,9.9000,true,1,30302
7501013122992,false,ג'ומקס מיץ קוקוס אננס קרטונית ליטר תריסר,חומקס קומר קומרסאליזדורה,MX,משקה קוקוס אננס גומקס 1ליטר קרטונית,ליטרים,1.00,ליטר,false,1,9.90,9.9000,true,1,30301
7501013138047,false,משקה רימונים יוניקו פרסקו ג'ומקס בקרטונית 1 ליטר,חומקס קומר קומרסאליזדורה,MX,משקה רימונים יוניקו פרסקו 1ליטר קרטונית,ליטרים,1.00,ליטר,false,1,11.90,11.9000,true,1,30290
7501013138184,false,משקה חמוציות יוניקו פרסקו ג'ומקס קרטונית 1 ליטר,חומקס קומר קומרסאליזדורה,MX,משקה חמוציות יוניקו פרסקו 1ליטר קרטונית,ליטרים,1.00,ליטר,false,1,11.90,11.9000,true,1,30289
7501017005055,false,פלפל חלפינוס אדום לה,,MX,פלפל חלפינוס אדום לה קוסטינה 220 גרם,גרמים,220.00,100 גרם,false,12,15.90,7.2273,true,1,40940
7501017051496,false,פלפל טורדוס לה קוסטי,,MX,פלפל טורדוס לה קוסטינה 220 גרם,גרמים,220.00,100 גרם,false,12,15.90,7.2273,true,1,40941
7501035013230,false,טקילה רזרבה 1800 סיל,,,טקילה רזרבה 1800 סילבר 750מל פקדון,מיליליטרים,750.00,"100 מ""ל",false,1,185.00,24.6667,true,1,11082
7501035042131,false,"טקילה קוארבו אספסיאל גולד 700 מ""ל",קאזה קוארבו,MX,טקילה קוארבו גולד 700 מל,מיליליטרים,700.00,"100 מ""ל",false,1,89.90,12.8429,true,1,15432
7501049936945,false,"שישיית בירה סול בקבוק 330 מ""ל",היינקן,NL,מארז שישיית בירה סול 330מל בק.פקדון,ליטרים,1.98,ליטר,false,4,29.90,15.1010,true,1,33052
7501064191398,false,שישיית בירה קורונה אקסטרא *355 מל,קריניציה ויטמינה אס,MX,מארז 6יח בירה קורונה בק 355 מל,מיליליטרים,2130.00,"100 מ""ל",false,1,34.90,1.6385,true,1,28385
7503012779405,false,"סירופ אגבה כחולה 660 מ""ל",נוטריאגבס דה מקסיקו,MX,סירופ אגבה כחול אורגני 600 מל,מיליליטרים,600.00,"100 מ""ל",false,1,29.90,4.9833,true,1,14365
7509546057545,false,ליידי ספיד סטיק פרו 5 סטיק 45 גרם,קולגייט פלמוליב,US,דאו.ליידי ספיד סטיק פרו 5 סטיק 45גרם,Unknown,0.00,Unknown,false,1,15.90,0.0000,true,1,40649
7509546061160,false,"משחת שיניים לילדים מיניונים 2-5 75 מ""ל קולגייט",קולגייט פלמוליב,PL,משחת שיניים קולגייט ילדים מיניונים 75מל,Unknown,0.00,Unknown,false,12,15.90,0.0000,true,1,40651
7509546666846,false,"קולגייט טוטאל משחת שיניים פחם 75 מ""ל",קולגייט פלמוליב,MX,משחת שיניים קולגייט טוטל פחם 75מל,מיליליטרים,75.00,"100 מ""ל",false,48,19.90,26.5333,true,1,39590
7610008005384,false,בונבוניירה רגוסה בלונד 400 גר,RAGUSA,CH,שוקולד רגוזה לבן טרופל מקורמלת 400 גר,גרמים,400.00,100 גרם,false,1,44.90,11.2250,true,1,29413
7610008059103,false,טבלת שוקולד טורינו חלב 100 גר,קמיל בלוך,CH,שוקולד טורינו חלב100 גרם,גרמים,100.00,100 גרם,false,1,15.90,15.9000,true,1,37024
7610008059110,false,טבלת שוקולד טורינו מריר 100 גר,קמיל בלוך,,שוקולד טורינו מריר 100 גרם,גרמים,100.00,100 גרם,false,1,15.90,15.9000,true,1,45536
7610008708506,false,בונבוניירה רגוסה מריר 400 גר,RAGUSA,CH,שוקולד רגוזה מריר טרופל אגוזי לוז400 גר,גרמים,400.00,100 גרם,false,1,44.90,11.2250,true,1,29414
7610008709008,false,בונבוניירה רגוסה חלב 400 גר,RAGUSA,CH,שוקולד רגוזה פרלין אגוזי לוז400 גר,גרמים,400.00,100 גרם,false,1,44.90,11.2250,true,1,19156
7610008713500,false,בונבוניירה טורינו שוקולד חלב 300 גר,RAGUSA,,בונבוניירה טורינו300 גרם,גרמים,400.00,100 גרם,false,1,44.90,11.2250,true,1,29418
7610023050215,false,פמיליה קראנץ' איקס תערובת דגנים פריכים בתוספת צימוקים ואגוזי לוז 500 גרם,פמיליה familia,CH,תערובת מוזלי קרנץ איקס 500 ג,גרמים,500.00,100 גרם,false,1,24.50,4.9000,true,1,2255
7610023051212,false,פמיליה שוקו איקס תערובת דגנים פריכים בתוספת שוקולד 500 גרם,מיוצר עי קונדיטוריית,CH,תערובת מוזלי שוקו איקס 500 גרם,גרמים,500.00,100 גרם,false,1,24.50,4.9000,true,1,2253
7610100034084,false,מיונז טומי בשפורפרת 265 גרם,נסטלה שוויץ ס.א,CH,מיונז טומי שפופרת265 גרם,גרמים,265.00,100 גרם,false,1,11.90,4.4906,true,1,22494
7610113000175,false,"רום בקרדי מוחיטו 700 מ""ל",בקרדי מרטיני,DE,רום בקרדי מוחיטו 700 מל,מיליליטרים,700.00,"100 מ""ל",false,1,70.00,10.0000,true,1,22779
7610113011652,false,בריזר - משקה כוהלי מוגז בטעם תפוח,בקרדי בריזר Bacardi Breezer,BE,משקה בקרדי בריזר תפוח 275מל פיקדון,מיליליטרים,275.00,"100 מ""ל",false,1,11.90,4.3273,true,1,34055
7610211130804,false,"הרמזית טבליות, 800 גרם",,CH,הרמזית טבליות 800 יח,יחידה,800.00,יחידה,false,1,24.90,0.0311,true,1,51517
7610211130903,false,סוכרזית הרמזית 800+2,מרום את קונפינו,CH,הרמזית טבליות 800 + 200 יח,יחידה,800.00,יחידה,false,1,24.90,0.0311,true,1,51518
7610243004463,false,"דורגול - מרסס להסרת אבנית במקלחון 600 מ""ל",יעקבי- דורגול Durgol,CH,מסיר אבן דורגול מרסס 500 מל,מיליליטרים,500.00,"100 מ""ל",false,1,19.90,3.9800,true,1,5970
7610400010481,false,לינדט אקסלנס שוקולד חלב 100 גרם,לינדט ושפרונגלי קילשברג,FR,שוקולד לינדט אקסלנס מילק 100 גרם,גרמים,100.00,100 גרם,false,1,16.00,16.0000,true,1,28330
7610400013802,false,שוקולד לינדט גולד צי,לינדט,FR,שוקולד לינדט גולד צימוק אגוז ושקד 300 גר,גרמים,300.00,100 גרם,false,10,34.90,11.6333,true,1,49702
7610400013857,false,שוק.לינדט גולד מילק300ג,לינדט ושפרונגלי קילשברג,FR,שוקולד לינדט גולד מילק 300 גרם,גרמים,300.00,100 גרם,false,11,34.90,11.6333,true,1,1627
7610400013864,false,שוקולד לינדט גולד אג,לינדט,FR,שוקולד לינדט גולד אגוזי לוז 300 גרם,גרמים,300.00,100 גרם,false,10,34.90,11.6333,true,1,49703
7610400014632,false,שוקולד לינדור בודד וואיט 100 ג',לינדט Lindt,CH,שוקולד לינדור לבן 100 גר,גרמים,100.00,100 גרם,false,1,16.00,16.0000,true,1,1628
7610400014649,false,לינדור קוביות במילוי קרם שוקולד חלב 100 גרם,לינדט ושפרונגלי קילשברג,CH,שוקולד לינדור מילוי קרם רך 100 גרם,גרמים,100.00,100 גרם,false,1,16.00,16.0000,true,1,1629
7610400068369,false,שוקולד חלב במילוי קרם אגוזים,לינדט ושפרונגלי,CH,שוקולד לינדור אגוזים 100 גר,גרמים,100.00,100 גרם,false,1,16.00,16.0000,true,1,6846
7610400068505,false,לינדט לינדור בונבוניירה שוקולד חלב 200 גרם,לינדט ושפרונגלי קילשברג,CH,בונבוניירה לינדור מילק 200 ג,גרמים,200.00,100 גרם,false,1,24.90,12.4500,true,1,6496
7610400068529,false,לינדט לינדור בונבוניירה כדורי שוקולד מטעמים 200 גרם,לינדט ושפרונגלי קילשברג,CH,בונבוניירה לינדור אסורטד 200 ג,גרמים,200.00,100 גרם,false,1,24.90,12.4500,true,1,4585
7610400070577,false,לינדט אקסלנס שוקולד צ'ילי 100 גרם,לינדט ושפרונגלי קילשברג,CH,שוקולד לינדט אקסלנס צילי 100 גרם,גרמים,100.00,100 גרם,false,1,16.00,16.0000,true,1,12844
7610400074155,false,לינדט לינדור קוביות במילוי קרם שוקולד 60% מוצקי קקאו 100 גרם,לינדט ושפרונגלי קילשברג,CH,שוקולד לינדור 60% מריר 100 גרם,גרמים,100.00,100 גרם,false,1,16.00,16.0000,true,1,6845
7610400075770,false,לינדט לה גרנד שוקולד מריר אגוז 150 גרם,לינדט ושפרונגלי קילשברג,CH,שוקולד לינדט לגרנד מריר אגוזים 150 גר,גרמים,150.00,100 גרם,false,1,21.90,14.6000,true,1,7678
7610400075787,false,לינדט לה גרנד שוקולד חלב אגוז 150 גרם,לינדט ושפרונגלי קילשברג,CH,שוקולד לינדט לגרנד חלב אגוזים 150 גר,גרמים,150.00,100 גרם,false,1,21.90,14.6000,true,1,7677
7610400075794,false,לינדט לה גרנד שוקולד לבן ושקדים 150 גרם,לינדט ושפרונגלי,CH,שוקולד לינדט לגרנד לבן שקדים 150 גר,גרמים,150.00,100 גרם,false,1,21.90,14.6000,true,1,7679
7610400085946,false,לינדט לגרנד דארק אלמונד סולט 150 גרם,לינדט ושפרונגלי קילשברג,CH,שוקולד לינדט לגרנד מריר שקד מלוח 150 גר,גרמים,150.00,100 גרם,false,1,21.90,14.6000,true,1,30352
7610400086202,false,שוקולד מריר לה גרנד עם אוכמניות וחמוציות,לינדט Lindt,,שוקולד לינדט לגרנד בלוברי 150 גר,גרמים,150.00,100 גרם,false,1,21.90,14.6000,true,1,20297
7610400091060,false,שוקולד מריר לינדט אקסלנס בתוספת תפוז ושקדים,לינדט ושפרונגלי קילש,CH,שוקולד לינדט אקסלנס תפוז 100 גרם,גרמים,100.00,100 גרם,false,1,16.00,16.0000,true,1,33773
7610700002681,false,ריקולה סוכריות ללא סוכר בטעם צמחים 50 גר',,CH,סוכ.ריקולה צמחים ללא סוכר 50 גר,Unknown,0.00,Unknown,false,1,13.90,0.0000,true,1,33715
7610700009956,false,ריקולה ללא ת.סוכר סמבוקוס 50 גרם,,CH,סוכ.ריקולה סמבוקס ללא סוכר 50 גר,Unknown,0.00,Unknown,false,1,13.90,0.0000,true,1,35688
7610700010778,false,סוכריות ריקולה ללא סוכר פטל חמוציות 50 ג,,,סוכ.ריקולה פטל חמוציות ללא סוכר 50 גר,Unknown,0.00,Unknown,false,1,13.90,0.0000,true,1,51587
7610700012642,false,סוכריות ריקולה בשקית בטעם לימון,ריקולה,CH,סוכ.ריקולה צמחים לימון 70 גר בשקית,Unknown,0.00,Unknown,false,1,10.90,0.0000,true,1,37258
7610700013083,false,סוכריות ריקולה ללא סוכר בטעם צמחים 20 יח',,,סוכ.ריקולה מנטה ללא סוכר 50 גר,Unknown,0.00,Unknown,false,1,13.90,0.0000,true,1,42737
7610700607046,false,סוכריות צמחים לימון ומנטה ללא תוספת סוכר,ריקולה Ricola,CH,סוכ.ריקולה מנטה לימון ללא סוכר 50 גר,Unknown,0.00,Unknown,false,1,13.90,0.0000,true,1,6543
7610700607077,false,סוכריות צמחים תפוז ומנטה ללא תוספת סוכר,ריקולה Ricola,CH,סוכ.ריקולה תפוז ללא סוכר 50 גר,Unknown,0.00,Unknown,false,1,13.90,0.0000,true,1,6544
7610700614914,false,סוכריות צמחים וחמוציות ללא תוספת סוכר,ריקולה Ricola,CH,סוכ.ריקולה פטל חמוציות ללא סוכר 50 גר,Unknown,0.00,Unknown,false,1,13.90,0.0000,true,1,6546
7610928010048,false,"קרם הגרטי לכלי כסף יעקבי 100 מ""ל",דיוורסי,CH,נוזל הגרטי לניקוי כלי כסף 100 מל,מיליליטרים,100.00,"100 מ""ל",false,1,33.90,33.9000,true,1,4419
7610928091184,false,הגרטי משחת הפלא להברקת כלי כסף 185 גר',יעקובי,FR,משחה לניקוי כלי כסף ולהברקה 185גר הגרטי,גרמים,185.00,100 גרם,false,12,39.90,21.5676,true,1,30935
7610928263000,false,אמבט להברקת תכשיטי ז,,,אמבט להברקת תכשיטי זהב ויהלומים הגרטי,Unknown,0.00,Unknown,false,1,39.90,0.0000,true,1,30566
7610928263017,false,אמבט להברקת תכשיטי כ,,,אמבט להברקת תכשיטי כסף הגרטי,Unknown,0.00,Unknown,false,1,39.90,0.0000,true,1,30567
7613030979647,false,דגני בוקר טריקס פירות עולם היורה 480 ג',ג'נרל מילס סאן אדריא,CL,דגני בוקר טריקס טעם פירות 480 ג,גרמים,480.00,100 גרם,false,1,22.90,4.7708,true,1,22089
7613032045753,false,פיטנס - דגני בוקר שוקולד 375 גרם,נסטלה צרפת איטנקורט,FR,דגני בוקר פיטנס עם שוקולד 375 ג,גרמים,375.00,100 גרם,false,1,19.90,5.3067,true,1,6068
7613033548192,false,פיטנס - דגני בוקר שוקולד מריר 375 גרם,נסטלה צרפת איטנקורט,FR,דגני בוקר פיטנס שוקולד מריר 375 ג,גרמים,375.00,100 גרם,false,1,19.90,5.3067,true,1,8565
7613034146502,false,מזון לכלבים קטנים בטעם עוף פורינה ONE,נסטלה פורינה איטליה,IT,מזון לכלב מיני אקטיב עוף פורינה 1.5 קג,קילוגרמים,1.50,"ק""ג",false,1,59.90,39.9333,true,1,30630
7613035378643,false,דנטלייף חטיף דנטלי לכלבים מגזע גדול - 4 יחידות,נסטלה פורינה גרמניה,DE,דנטלייף גזע גדול 4 115 גר,גרמים,142.00,100 גרם,false,6,12.90,9.0845,true,1,45165
7613035379794,false,דנטלייף חטיף דנטלי לכלבים מגזע בינוני - 4 יחידות,נסטלה פורינה גרמניה,DE,דנטלייף גזע בינוני 5 115 גר,גרמים,115.00,100 גרם,false,6,12.90,11.2174,true,1,45164
7613035379817,false,דנטלייף חטיף דנטלי לכלבים מגזע קטן - 4 יחידות,נסטלה פורינה גרמניה,DE,דנטלייף גזע קטן 7 115 גר,גרמים,115.00,100 גרם,false,6,12.90,11.2174,true,1,45163
7613035514430,false,"פורינה ONE חתול בוגר סלמון 3 ק""ג",נסטלה פורינה צרפת,FR,מזון חתול בוגר סלמון פורינה 3 קג,קילוגרמים,3.00,"ק""ג",false,1,119.00,39.6667,true,1,30628
7613035548374,false,דגני בוקר גולדן מיניס מחיטה מלאה ותירס,נסטלה פולין דגני בוק,FR,דגני בוקר גולדן מיניס 570 גרם,גרמים,570.00,100 גרם,false,1,22.90,4.0175,true,1,15013
7613035618794,false,"פורינה ONE חתול בוגר עוף 3 ק""ג",נסטלה פורינה צרפת,FR,מזון חתול בוגר עוף פורינה 3 קג,קילוגרמים,3.00,"ק""ג",false,1,119.00,39.6667,true,1,30627
7613035622623,false,פיטנס - גרנולה שקדים ודבש 300 גרם,שוורצקוף& הנקל דיסלד,LT,גרנולה פיטנס שקדים ודבש 300 ג,גרמים,300.00,100 גרם,false,1,14.90,4.9667,true,1,15615
7613035635845,false,פיטנס גרנולה שוקולד 14*300 גרם,שוורצקוף& הנקל דיסלד,LT,גרנולה פיטנס שוקולד 300 ג,גרמים,300.00,100 גרם,false,1,14.90,4.9667,true,1,15616
7613035758834,false,פיטנס סופר גרנולה וחמוציות 300 גרם,שוורצקוף& הנקל דיסלד,LT,גרנולה פיטנס חמוציות 300 ג,גרמים,300.00,100 גרם,false,1,14.90,4.9667,true,1,16974
7613035807778,false,פרפקטו רוטב עגבניות לבולונז אסם 400 גרם,אסם פרפקטו Perfecto,ES,רוטב עגבניות פרפקטו לבולונז400 גר,גרמים,400.00,100 גרם,false,1,10.00,2.5000,true,1,16778
7613035809109,false,פרפקטו רוטב עגבניות ובזיליקום אסם 400 גרם,אסם פרפקטו Perfecto,ES,רוטב עגבניות פרפקטו בזיליקום400 גר,גרמים,400.00,100 גרם,false,1,10.00,2.5000,true,1,16781
7613035809123,false,פרפקטו רוטב עגבניות עם פלפלים אסם 400 גרם,אסם פרפקטו Perfecto,ES,רוטב עגבניות פרפקטו פלפלים400 גר,גרמים,400.00,100 גרם,false,1,10.00,2.5000,true,1,16780
7613035809857,false,פרפקטו רוטב עגבניות לפסטה ולבישול אסם 400 גרם,אסם פרפקטו Perfecto,ES,רוטב עגבניות פרפקטו לפסטה 400 גר,גרמים,400.00,100 גרם,false,1,10.00,2.5000,true,1,16779
7613035975897,false,מים מינרלים מוגזים רביעייה בקבוק אישי,פרייה Perrier,,רביעיית מים מינרליים פרייה 330 מל פיקדון,מיליליטרים,1320.00,"100 מ""ל",false,1,22.90,1.7348,true,1,29886
7613036099387,false,מארז 9 יח חטיף קיטקט,נסטלה,GB,מארז 9 יח חטיף קיטקט מריר 186.30 גרם,גרמים,186.00,100 גרם,false,25,14.90,8.0108,true,1,50562
7613036105545,false,"דוגלי גזע קטן 4*3 קילו ""אסם""",נסטלה פורינה באק הונ,HU,מזון כלבים דוגלי יבש גזע קטן 3 קג,קילוגרמים,3.00,"ק""ג",false,1,49.90,16.6333,true,1,19320
7613036105637,false,"דוגלי עוף לכלבים בוגרים 12 ק""ג",נסטלה פורינה באק הונ,HU,מזון כלבים דוגלי יבש בשר ועוף 12 קג,קילוגרמים,12.00,"ק""ג",false,1,120.00,10.0000,true,1,19323
7613036105651,false,"דוגלי בקר לכלבים בוגרים 12 ק""ג",נסטלה פורינה באק הונ,HU,מזון כלבים דוגלי יבש בשר וכבד 12 קג,קילוגרמים,12.00,"ק""ג",false,1,120.00,10.0000,true,1,19324
7613036251389,false,"דוגלי בקר לכלבים פעילים 12 ק""ג",נסטלה פורינה באק הונ,,מזון כלבים דוגלי אקטיב 12 קג,קילוגרמים,12.00,"ק""ג",false,1,129.00,10.7500,true,1,21249
7613036280327,false,פרייה אנד גוס אפרסק דובדבן 250 מל פחיות,נסטלה ווטרס ספלאי,FR,מיץ אפרסק דובדבן 250מל פריה פח.פקדון,מיליליטרים,250.00,"100 מ""ל",false,24,6.30,2.5200,true,1,37053
7613036280334,false,פרייה אנד ג'וס אפרסק דובדבן מארז רביעייה,נסטלה ווטרס ספלאי,FR,מארז 4יח מיץ פריה אפרסק דובדבן 250מל פח.,מיליליטרים,1000.00,"100 מ""ל",false,6,25.90,2.5900,true,1,37051
7613036286015,false,"פרייה אנד ג'וס מארז רביעייה אננס מנגו 250 מ""ל",נסטלה ווטרס ספלאי,FR,מארז 4יח מיץ פריה מנגו אננס 250מל פח.פקד,מיליליטרים,1000.00,"100 מ""ל",false,6,25.90,2.5900,true,1,37052
7613036288026,false,מזון כלבים דוגלי גור,נסטלה פורינה באק הונ,,מזון כלבים דוגלי גורים 3 קג,קילוגרמים,3.00,"ק""ג",false,1,56.90,18.9667,true,1,21251
7613036288958,false,"דוגלי בקר לפעילים 3 ק""ג",נסטלה פורינה באק הונ,HU,מזון כלבים דוגלי אקטיב 3 קג,קילוגרמים,3.00,"ק""ג",false,1,56.90,18.9667,true,1,21250
7613036387798,false,פיטנס דגנים מלאים ואורז פתיתים ויוגורט 350ג',נסטלה צרפת איטנקורט,FR,דגני בוקר פיטנס עם יוגורט 350 גרם,גרמים,350.00,100 גרם,false,1,19.90,5.6857,true,1,20561
7613036520492,false,פרפקטו רוטב עגבניות לפיצה אסם 400 גרם,אסם פרפקטו Perfecto,ES,רוטב עגבניות פרפקטו לפיצה400 גר,גרמים,400.00,100 גרם,false,1,10.00,2.5000,true,1,22097
7613036725286,false,דנטלייף חטיף דנטלי לחתול בטעם סלמון,נסטלה פורינה גרמניה,DE,דנטלייף לחתוך סלמון 40 גר,גרמים,40.00,100 גרם,false,8,10.90,27.2500,true,1,45167
7613036725309,false,דנטלייף חטיף דנטלי לחתול בטעם עוף,נסטלה פורינה גרמניה,DE,דנטלייף לחתוך עוף 40 גר,גרמים,40.00,100 גרם,false,8,10.90,27.2500,true,1,45166
7613036737623,false,קראנץ' רולס נסטלה 410 גרם,"אסם תעשיות בע""מ",FR,דגני בוקר קראנץ מיקס 410 גר,גרמים,410.00,100 גרם,false,1,22.90,5.5854,true,1,23935
7613036760195,false,נסקפה דולצה גוסטו אספרסו קפסולות אינטנסו 112 ג',דולצ'ה גוסטו Nescafe Dolce Gusto,GB,קפסולות אספרסו דולצה גוסטו אינטנסו16יח,יחידה,16.00,יחידה,false,1,28.90,1.8062,true,1,26829
7613036867870,false,נסקפה דולצה גוסטו אספרסו בריסטה קפסולות 112 ג',נסטלה אנגליה,ES,קפסולות אספרסו דולצה גוסטו בריסטה16יח,יחידה,16.00,יחידה,false,1,28.90,1.8062,true,1,26830
7613036880534,false,גרבר מחית ירקות מעורבים מטרנה 190 גר',נסטלה פולסקה אס.איי,PL,מחית גרבר שלב3 מרק עגבניות 190 גרם,גרמים,190.00,100 גרם,false,1,7.50,3.9474,true,1,30392
7613036976671,false,פריסקיז פאוצ' עוף ברוטב 26*85גרם,נסטלה פורינה הונגריה,HU,פריסקיז פאוצ עוף 85 גר,Unknown,0.00,Unknown,false,26,4.50,0.0000,true,1,34704
7613036976695,false,פריסקיז - פאוץ בקר ברוטב 85 גרם,נסטלה פורינה הונגריה,HU,פריסקיז פאוצ בקר 85 גר,Unknown,0.00,Unknown,false,26,4.50,0.0000,true,1,34703
7613036976718,false,פריסקיז פאוצ' ברווז ברוטב 26*85גרם,נסטלה פורינה הונגריה,HU,פריסקיז פאוצ ברווז 85 גר,Unknown,0.00,Unknown,false,26,4.50,0.0000,true,1,34705
7613037012200,false,גרבר מחית תפוח גזר ומנגו 90 גרם פאוץ,"מפעל סברס, נסטלה ספרד ס.",PL,מחית תפוח מנגו גזר פאצ 90גר,Unknown,0.00,Unknown,false,16,6.90,0.0000,true,1,31997
7613037686906,false,פיטנס שקדים ודבש 355 גרם מופחת סוכר,נסטלה צרפת איטנקורט,FR,דגני בוקר פיטנס עם שקדים ודבש 355 ג,גרמים,355.00,100 גרם,false,1,19.90,5.6056,true,1,30595
7613038268262,false,דגני בוקר צ'יריוס דבש ושקדים במתיקות מעודנת,נסטלה פולין דגני בוק,FR,דגני האני נאט ציריוס מופחת סוכר410 גרם,גרמים,410.00,100 גרם,false,1,22.90,5.5854,true,1,31683
7613038451954,false,דגני בוקר שוקולד מופחת סוכר 410 ג' קראנץ',נסטלה צרפת איטנקורט,FR,קראנץ שוקולד מופחת סוכר 410 גרם,גרמים,410.00,100 גרם,false,1,22.90,5.5854,true,1,31682
7613039547632,false,גרבר מחית תפוח בננה ותות 90 גרם פאוץ,שוורצקוף& הנקל דיסלד,ES,מחית גרבר תפוח בננה תות פאוץ 90גר,יחידה,1.00,יחידה,false,16,6.90,6.9000,true,1,35249
7613039547731,false,גרבר מחית תפוח עץ ומשמש 90 גרם פאוץ,"מפעל סברס, נסטלה ספרד ס.",ES,מחית גרבר תפוח משמש פאוץ 90גר,יחידה,1.00,יחידה,false,16,6.90,6.9000,true,1,35251
7613039547922,false,גרבר מחית אגס תפוח ובננה 90 גרם פאוץ,נסטלה ספרד,ES,מחית גרבר תפוח בננה אגס פאוץ 90גר,יחידה,1.00,יחידה,false,16,6.90,6.9000,true,1,35250
7613039770450,false,טבעול סנסשיונל בורגר צמחוני 226 גרם,ג'נרל מילס סאן אדריא,CZ,בורגר טבעול סנסשיונל 226גר,גרמים,226.00,100 גרם,false,10,34.90,15.4425,true,1,35925
7613039879382,false,גרבר - מחית תפוחי עץ 190 גרם,נסטלה פולסקה אס.איי,PL,מחית גרבר שלב 3 תפוחי עץ 190 גר,גרמים,190.00,100 גרם,false,1,7.50,3.9474,true,1,38092
7613039880807,false,גרבר מחית תפוח וגזר 190 גרם,נסטלה פולסקה אס.איי,PL,מחית גרבר שלב 3 תפוח גזר 190 גר,גרמים,190.00,100 גרם,false,1,7.50,3.9474,true,1,38090
7613039881521,false,גרבר מחית מרק מנגו 190 גרם,נסטלה פולסקה אס.איי,PL,מחית גרבר שלב 3 מנגו 190 גר,גרמים,190.00,100 גרם,false,1,7.50,3.9474,true,1,38089
7613039881965,false,גרבר מחית גזר תפוח ומנגו 190 גרם,נסטלה פולסקה אס.איי,PL,מחית גרבר שלב 3 תפוח גזר מנגו 190 גר,גרמים,190.00,100 גרם,false,1,7.50,3.9474,true,1,38091
7613287155832,false,גרבר מחית תפוחי עץ 90 גרם פאוץ,"מפעל סברס, נסטלה ספרד ס.",ES,מחית תפוח עץ פאצ 90גר,Unknown,0.00,Unknown,false,16,6.90,0.0000,true,1,39820
7613287155863,false,מטרנה מחית אגס פאוץ' 90 גר',"מפעל סברס, נסטלה ספרד ס.",ES,מחית אגס פאצ 90גר,Unknown,0.00,Unknown,false,16,6.90,0.0000,true,1,39821
7613287155894,false,"גרבר - מחית אפרסק כל""פ פאוץ 90 גרם","מפעל סברס, נסטלה ספרד ס.",ES,מחית אפרסק פאצ 90גר,Unknown,0.00,Unknown,false,16,6.90,0.0000,true,1,39823
7613287155924,false,מטרנה מחית תפוח וגזר פאוץ' 90 גר',"מפעל סברס, נסטלה ספרד ס.",ES,מחית תפוח גזר פאצ 90גר,Unknown,0.00,Unknown,false,16,6.90,0.0000,true,1,39822
7613287162281,false,קפסולות קפה אספרסו גרנדה אינטנסו דולצ'ה גוסטו 144 ג',נסטלה אנגליה,GB,קפסולות אספרסו דולצה גוסטו גרנדה16יח,יחידה,16.00,יחידה,false,1,28.90,1.8062,true,1,39720
7613287181411,false,ויטמינציק מחית סלט פירות 110 גרם,"טרופיקל דגיל בע""מ אז",ES,מחית ויטמנציק סלט פירות 110 גרם,גרמים,110.00,100 גרם,false,8,5.90,5.3636,true,1,41159
7613287182326,false,ויטמינציק מחית בננה תפוח 110 גרם,"נסטלה ספרד ס.א, מפעל",ES,מחית ויטמנציק תפוח בננה 110 גרם,גרמים,110.00,100 גרם,false,8,5.90,5.3636,true,1,41156
7613287182357,false,מחית אגס תפוח ופירות יער ויטמינצ'יק 110 ג',נסטלה,ES,מחית ויטמנציק אגס תפוח ופירות יער110 גרם,גרמים,110.00,100 גרם,false,8,5.90,5.3636,true,1,41160
7613287182425,false,ויטמינציק מחית תפוח בננה ותות 110 גרם,"טרופיקל דגיל בע""מ אז",ES,מחית ויטמנציק תפוח בננה תות 110 גרם,גרמים,110.00,100 גרם,false,8,5.90,5.3636,true,1,41157
7613287182456,false,ויטמינציק מחית אגס בננה תפוח 110 גרם,"נסטלה ספרד ס.א, מפעל",ES,מחית ויטמנציק אגס תפוח בננה 110 גרם,גרמים,110.00,100 גרם,false,8,5.90,5.3636,true,1,41158
7613287325808,false,אוסם - דיפ אנד ספרד מטבל איולי שום 295 גרם,נסטלה פולין,PL,רוטב אוסם אולי שום לחיץ 295 גרם,גרמים,295.00,100 גרם,false,8,14.90,5.0508,true,1,45748
7613287325822,false,אוסם - דיפ אנד ספרד מטבל מיקס 295 גרם,נסטלה,PL,רוטב אוסם מיקס לחיץ 295 גרם,גרמים,295.00,100 גרם,false,8,14.90,5.0508,true,1,45750
7613287325853,false,אוסם - דיפ אנד ספרד מטבל איולי ספייסי 295 גרם,נסטלה פולין,PL,רוטב אוסם ספייסי אוילי לחיץ 295 גרם,גרמים,295.00,100 גרם,false,8,14.90,5.0508,true,1,45749
7613287325952,false,אוסם - דיפ אנד ספרד מטבל ברבקיו 345 גרם,דפטונה פולין,PL,רוטב אוסם ברביקיו לחיץ 335 גרם,גרמים,335.00,100 גרם,false,8,14.90,4.4478,true,1,45753
7613287325983,false,אוסם - דיפ אנד ספרד מטבל סלסה 335 גרם,דפטונה פולין,PL,רוטב אוסם סלסה לחיץ 335 גרם,גרמים,335.00,100 גרם,false,8,14.90,4.4478,true,1,45752
7613287394323,false,דגני בוקר מולטי צ'יריוס 600 גרם,נסטלה פולין דגני בוק,GB,דגני מולטי ציריוס 600 גרם,גרמים,600.00,100 גרם,false,1,22.90,3.8167,true,1,40499
7613287476494,false,אוסם - דיפ אנד ספרד מיונז בסגנון צרפתי 280 גרם,נסטלה פולין,PL,מיונז אוסם לחיץ 280 גרם,גרמים,280.00,100 גרם,false,8,14.90,5.3214,true,1,45751
7613287476678,false,דגני בוקר סינימיניס צ'ורוס נסטלה 360 ג',נסטלה אוונקה,PT,דגני סינימיניס צורוס 360 גרם,גרמים,360.00,100 גרם,false,1,22.90,6.3611,true,1,40828
7613287525758,false,"פרייה מים מוגזים 500 מ""ל",סן-פלגרינו,,מים פרייה 500 מל פקדון,מיליליטרים,500.00,"100 מ""ל",false,1,9.00,1.8000,true,1,42441
7613287525789,false,"שישיית פרייה מים מוגזים 500 מ""ל",סן-פלגרינו,,מארז 6יח מים פרייה 500 מל פקדון,ליטרים,3.00,ליטר,false,1,32.90,10.9667,true,1,42440
7613287821348,false,נתחוני עוף טבעוני סנסשיונל טבעול 350 גרם,ג'נרל מילס סאן אדריא,CZ,נתחוני עוף טבעוני 350גר טבעול,גרמים,350.00,100 גרם,false,6,32.90,9.4000,true,1,40787
7613287872258,false,מארז 9 יח חטיף קיטקט,נסטלה,GB,מארז 9 יח חטיף קיטקט לבן 186.30 גרם,גרמים,186.00,100 גרם,false,25,14.90,8.0108,true,1,50563
7614200002103,false,קונפיטורה הרו פטל 34,,ES,קונפיטורה הרו פטל 340 גר,גרמים,340.00,100 גרם,false,8,13.90,4.0882,true,1,39192
7617400098358,false,עוגיות סוויס דליס טרופינו חלב 100 גר,,CH,גלילי ופל טרופינו קרם אגוז 100 גרם,גרמים,100.00,100 גרם,false,10,10.90,10.9000,true,1,51153
7617400098839,false,טרופינו שוויץ-וופל ק.קוקוס ושוק. לבן 75ג,,CH,גלילי ופל טרופינו קרם קוקוס 75 גרם,Unknown,0.00,Unknown,false,10,10.90,0.0000,true,1,51154
7622010001858,false,עוגיות אוראו ממולאות קרם וניל 176 גרם.,פי אר ג'\יי אס אי מנדלז,UA,עוגיות אוראו קרם וניל 176 גרם,גרמים,176.00,100 גרם,false,1,8.90,5.0568,true,1,15439
7622200002290,false,בונ.קוטדור מיניונט מ,מונדליז,BE,בונ.קוטדור מיניונט מריר 240 גרם,גרמים,240.00,100 גרם,false,12,27.90,11.6250,true,1,40998
7622200009084,false,מילקה טבלאות שוקולד ממולא בסקויט 300 גר,מונדליז,AT,שוקולד מילקה ביסקויט שוקו 300 גרם,גרמים,300.00,100 גרם,false,12,14.90,4.9667,true,1,36777
7622201050757,false,שוקולד מילקה טבלת חלב עם קרמל 100 ג',מילקה Milka,DE,שוקולד מילקה חלב עם קרמל 100 גר,גרמים,100.00,100 גרם,false,1,6.90,6.9000,true,1,6098
7622201401900,false,עוגיות סנסיישן אוראו מילקה 156 גרם,מונדלז פולסקה פרודקש,PL,עוגיות מילקה סנסיישן אוראו 156 גרם,גרמים,156.00,100 גרם,false,12,12.90,8.2692,true,1,36773
7622201461911,false,מארז 4 יח קדבורי דיי,מונדליז,GB,מארז 4 יח קדבורי דיירי מילק 27.2 גרם,גרמים,109.00,100 גרם,false,14,9.90,9.0826,true,1,50624
7622201502515,false,עוגיות מילקה קוקי לופ שוקולד צ'יפס,גיורי קייקס קייאפטי,HU,עוגיות מילקה קוקי לופ 132 גרם,גרמים,150.00,100 גרם,false,1,12.90,8.6000,true,1,45176
7622201638948,false,שוקולד נוסיני 270 ג' מילקה,מונדליז,AT,שוקולד מילקה נוסיני 270 גר,גרמים,270.00,100 גרם,false,13,14.90,5.5185,true,1,50927
7622201713546,false,מארז 4 יח קדבורי בוס,מונדליז,GB,מארז 4 יח קדבורי בוסט 31.5 גרם,גרמים,128.00,100 גרם,false,20,9.90,7.7344,true,1,51534
7622201726522,false,שוקולד קדבורי דיירי,מונדליז,GB,שוקולד קדבורי דיירי מילק דיים 120 גרם,גרמים,120.00,100 גרם,false,17,9.90,8.2500,true,1,51535
7622201801809,false,מילקה שוקולד חלב עם אגוזים 100 גרם חדש,מנדלז דויצ'\לנד סנקס פרו,DE,שוקולד מילקה חלב אגוז 100 ג,גרמים,100.00,100 גרם,false,1,6.90,6.9000,true,1,40584
7622201802363,false,מילקה טבלת שוקולד חלב וצימוקים ואגוזים 100ג',מנדלז דויצ'\לנד סנקס פרו,DE,שוקולד מילקה חלב צימוק אגוז 100 ג,גרמים,100.00,100 גרם,false,1,6.90,6.9000,true,1,40583
7622201802394,false,שוקולד מילקה חלב מסרונים 100 גרם,מנדלז דויצ'\לנד סנקס פרו,DE,שוקולד מילקה מיסרונים 100 ג,גרמים,100.00,100 גרם,false,1,6.90,6.9000,true,1,40582
7622201808631,false,אוראו מיני עוגיות ממולאות קרם וניל 67גרם,פי.טי. מונדלז אינדונ,ID,עוגיות אוראו וניל בכוס 67 גרם,Unknown,0.00,Unknown,false,12,7.90,0.0000,true,1,50946
7622201813390,false,עוגיות מילקה וואפל במילוי קרם קקאו 150 ג,מונדליז סי.אר. ביסקוויט,CZ,וופל מילקה במילוי קרם קקאו 150 ג,גרמים,150.00,100 גרם,false,1,12.90,8.6000,true,1,38445
7622201819170,false,שוקולד מילקה דרק שקדים 85 גרם.,מונדלז דויטשלנד סנאק,DE,שוקולד מילקה דארק שקדים 85 גר,Unknown,0.00,Unknown,false,25,7.90,0.0000,true,1,45177
7622201819408,false,שוקולד מילקה דרק קרמל 85 גרם.,מונדלז דויטשלנד סנאק,DE,שוקולד מילקה דארק קרמל 85 גר,Unknown,0.00,Unknown,false,25,7.90,0.0000,true,1,45178
7622201819552,false,מילקה דארק שוקולד 85 גרם חדש,מונדלז דויטשלנד סנאק,DE,שוקולד מילקה דארק 85 גר,Unknown,0.00,Unknown,false,25,7.90,0.0000,true,1,45179
7622201823733,false,עוגיות מילקה ת'ינס - דקות 151 גרם,מונדלייז,ES,עוגיות מילקה טינס דקות 151 גרם,גרמים,151.00,100 גרם,false,12,12.90,8.5430,true,1,51174
7622210077691,false,טבלת שוקולד 87 ג' אוורירי,מונדליז,DE,שוקולד קדבורי חלב אוורירי 87 גרם,Unknown,0.00,Unknown,false,12,9.90,0.0000,true,1,50518
7622210078131,false,שוקולד חלב עם שבבי קרמל מילקה דיים 100 גרם,מנדלז דויצ'\לנד סנקס פרו,DE,שוקולד מילקה שבבי קרמל 100 גרם,גרמים,100.00,100 גרם,false,1,6.90,6.9000,true,1,18712
7622210117762,false,"קוטדור בונבונירה בושה, 200 גרם כשל""פ",מונדלייז,SK,בונ.קוטדור בושה 200 גר,גרמים,200.00,100 גרם,false,12,13.90,6.9500,true,1,11696
7622210137234,false,עוגיות אוראו עם דאבל קרים וניל 170 גר,מונדלייז,ES,עוגיות אוראו דאבל קרם וניל 170 גרם,גרמים,170.00,100 גרם,false,1,8.90,5.2353,true,1,16543
7622210163899,false,שוקולד חלב במילוי סוכריות עדשים,מונדלז דויצ'לנד סנקס,DE,שוקולד מילקה עם עדשים 100 גר,גרמים,100.00,100 גרם,false,1,6.90,6.9000,true,1,23213
7622210229502,false,"בונבוניירה קוטדור בושה מיני 1 ק""ג",מונדליז,BE,שוקולד קוטדור בושה מיני 1 קג,קילוגרמים,1.00,"ק""ג",false,12,59.90,59.9000,true,1,50549
7622210240200,false,מילקה שוקולד חלב ועוגיות אוריאו 300 גרם,מונדליז,,שוקולד מילקה אוראו 300 גר,גרמים,300.00,100 גרם,false,1,14.90,4.9667,true,1,33004
7622210431769,false,שוקולד קדבורי דיירי,מונדליז,GB,שוקולד קדבורי דיירי מילק דיים 120 גרם,גרמים,120.00,100 גרם,false,17,9.90,8.2500,true,1,50629
7622210453327,false,עוגיות שוקוצ'יפס במילוי שוקולד סנסיישן,מנדלז פולסקה פרודקשן,PL,עוגיות מילקה סנסיישן 156גר,גרמים,156.00,100 גרם,false,1,12.90,8.2692,true,1,20357
7622210462534,false,עוגיות מיני כוס אורא,מונדולז,,עוג.מיני אוראו קרם תות כוס 67 גרם,Unknown,0.00,Unknown,false,1,7.90,0.0000,true,1,25212
7622210597915,false,פרלינים לבבות שוקולד חלב ממולא קרם נוגט,מונדלז בולגריה פרודק,BG,לבבות מילקה פרלינים 110 גרם,גרמים,110.00,100 גרם,false,10,10.90,9.9091,true,1,35500
7622210598691,false,בונ.מילקה קרם תות110,מונדליז,BG,בונ.מילקה קרם תות110 גרם,גרמים,110.00,100 גרם,false,10,11.90,10.8182,true,1,51404
7622210635105,false,עוגיות אוראו במילוי תות 154 גרם,מונדלז אספנה גאלטס פ,ES,עוגיות אוראו קרם תות 154 גרם,גרמים,154.00,100 גרם,false,16,7.90,5.1299,true,1,30739
7622210637994,false,מיני עוגיות אוראו קראנצ'י בייטס אורגינל,מונדלז אספניה ג'לאטס,ES,אוראו ביס קראנצי קרם וניל 110 גרם,גרמים,110.00,100 גרם,false,8,8.90,8.0909,true,1,36774
7622210638021,false,מיני עוגיות אוראו קראנצ'י בייטס מצופים,מונדלז אספניה ג'לאטס,ES,אוראו ביס קראנצי קרם שוקו 110 גרם,גרמים,110.00,100 גרם,false,8,8.90,8.0909,true,1,36775
7622210640062,false,פלדלפיה שמנת למריחה עם פלפל חלפיניו ופלפל ירוק,מונדלייז,DE,גב. פילדלפיה עם פלפל חלפינו 175גר,גרמים,175.00,100 גרם,false,1,14.90,8.5143,true,1,37703
7622210653642,false,מילקה מומנט שוקולד מ,מונדליז,DE,מילקה מומנט שוקולד מיני אגוזים 169גר,גרמים,169.00,100 גרם,false,8,21.90,12.9586,true,1,46195
7622210690883,false,מילקה שוקולד חלב-מהדורת מונדיאל 270 גרם,מונדלייז,AT,שוקולדמילקה חלב מונדיאל 270 גרם,גרמים,270.00,100 גרם,false,16,15.90,5.8889,true,1,50926
7622210724519,false,קוטדור ביו שוקולד מריר אורגני 70% מוצק קקאו,מונדליז,DE,שוקולד קוטדור ביו 70% מריר 90 גר,Unknown,0.00,Unknown,false,18,15.90,0.0000,true,1,37529
7622210724557,false,"קוטדור ביו מלוח 90 גרם כשל""פ",מונדליז,DE,שוקולד קוטדור ביו 90% מריר 90 גרם,Unknown,0.00,Unknown,false,18,15.90,0.0000,true,1,38338
7622210748997,false,אוראו פירורי עוגיות בשקית 300 גרם,מונדליז,HU,פירורי ביסקויט אוראו 300 גרם,גרמים,300.00,100 גרם,false,18,14.90,4.9667,true,1,39370
7622210826053,false,שוקולד מילקה אוראו סנדוויץ 92 גר',גיאורי קאקסז קייאףטי,HU,שוקולד מילקה אוראו סנדוויץ 92 גר,Unknown,0.00,Unknown,false,16,6.90,0.0000,true,1,36776
7622210835338,false,אוראו עוגיות ממולאות טעם בראוניז 176 גרם,מנדלז אספנה גאלטס פר,ES,עוגיות אוראו בראוניז 176 גרם,גרמים,176.00,100 גרם,false,1,8.90,5.0568,true,1,23220
7622210869616,false,"קוטדור ביו 85% קקאו 90 גרם כשל""פ",מונדליז,DE,שוקולד קוטדור ביו 85% מריר 90 גרם,Unknown,0.00,Unknown,false,18,15.90,0.0000,true,1,37528
7622300134532,false,שוקולד מילקה קרם חלב אגוזי לוז וקרמל 300,מונדליז,AT,שוקולד מילקה טופי אגוזי לוז 300 גרם,גרמים,300.00,100 גרם,false,12,14.90,4.9667,true,1,36778
7622300200237,false,שוקולד מילקה שוקולד חלב 250 גרם,מונדליז אוסטרייך פרו,AT,שוקולד מילקה חלב 250 גר,גרמים,250.00,100 גרם,false,1,12.90,5.1600,true,1,7056
7622300270506,false,מילקה גריינס - עוגיות שיבולת שועל מצופות שוקולד 168 ג',מונדלז פולסקה פרודקש,PL,עוגיות מילקה גריינס מצופה168גר,גרמים,168.00,100 גרם,false,1,12.90,7.6786,true,1,8378
7622300315283,false,אוראו עוגיות ממולאות קרם וניל 154 גרם,"מונדלז CR פרודקשיין,",UA,עוגיות אוראו קרם וניל 154 גרם,גרמים,154.00,100 גרם,false,16,7.90,5.1299,true,1,40099
7622300340285,false,גבינת שמנת 22% שומן 175 ג' פילדלפיה,מונדלז דויצ'לנד פרוד,DE,גבינת פילדלפיה 175 גרם 22% שומן,גרמים,175.00,100 גרם,false,1,14.90,8.5143,true,1,22452
7622300340292,false,גבינת שמנת 11% שומן 175 ג' פילדלפיה,מונדלז דויצ'לנד פרוד,DE,גבינת פילדלפיה 175 גרם 11% שומן,גרמים,175.00,100 גרם,false,1,14.90,8.5143,true,1,22453
7622300356767,false,עוגיות מילקה עם גרנולה ושוקו צ''יפס 168 ג',מונדלז פולסקה פרודקש,PL,עוגיות מילקה שוקוציפס168גר,גרמים,168.00,100 גרם,false,1,12.90,7.6786,true,1,7675
7622300434328,false,גאפה עוגית עם ג'לי תפוז ציפוי שוקולד מילקה 147ג',מונדליז,DE,עוגיות מילקה גאפה גלי תפוז 147 גרם,גרמים,147.00,100 גרם,false,24,7.90,5.3741,true,1,37784
7622300434472,false,עוגיות גאפה שוקו מוס מילקה 128ג',מונדליז,DE,עוג.מילקה גאפה מוס שוקולד מתופה128גר,גרמים,128.00,100 גרם,false,24,7.90,6.1719,true,1,37768
7622300441715,false,עוגיות מיני שוקו מילקה 150 גרם,מוביל בעל מוניטין,CZ,עוגיות מילקה שוקומיני 150 גרם,גרמים,150.00,100 גרם,false,1,12.90,8.6000,true,1,17301
7622300476236,false,חטיף שוקולד דאים שלי,מונדליז,SE,מארז 3 יח חטיף שוקולד דיים 84 גרם,Unknown,0.00,Unknown,false,24,10.90,0.0000,true,1,49677
7622300489427,false,עוגיות אוראו בציפוי בטעם שוקולד לבן 246 גרם,מנדלז אספנה גאלטס פר,ES,ביסקויט אוראו מצופה שוקולד לבן 246 גרם,גרמים,246.00,100 גרם,false,10,15.90,6.4634,true,1,21778
7622300489434,false,"עוגיות אוראו פאדג' בציפוי שוקולד חלב, 246 גרם",מנדלז אספנה גאלטס פר,ES,עוגיות אוראו מצופות שוקולד חלב 246 גרם,גרמים,246.00,100 גרם,false,1,15.90,6.4634,true,1,21777
7622300495046,false,מילקה שוקולד חלב עם אקסטרה קקאו 100 גרם,מנדלז דויצ'\לנד סנקס פרו,DE,שוקולד מילקה מריר אקסטרא קקאו 100 ג,גרמים,100.00,100 גרם,false,1,6.90,6.9000,true,1,9793
7622300498429,false,מילקה שוקולד חלב עם יוגורט תות 100 גר',מנדלז דויצ'\לנד סנקס פרו,DE,שוקולד מילקה קרם תות 100 גר,גרמים,100.00,100 גרם,false,1,6.90,6.9000,true,1,8069
7622300503079,false,עוגיות ביסקוויט מצופה שוקולד חלב מילקה 200 גרם,מונדלז פולסקה פרודקש,PL,עוגיות מילקה מוו מצופות 200גר,גרמים,200.00,100 גרם,false,1,12.90,6.4500,true,1,8379
7622300617820,false,מילקה שוקולד חלב במילוי קרם חלב ווניל ושבבי עוגיות אוראו 100 גרם,מנדלז דויצ'\לנד סנקס פרו,DE,שוקולד מילקה אוראו 100 ג,גרמים,100.00,100 גרם,false,1,6.90,6.9000,true,1,9792
7622300756383,false,"ממרח גבינה פילדלפיה עם ממרח שוקולד ""מילקה"" 175 גרם",מונדלייז,DE,גב. פילדלפיה שוקולד מילקה 175גר,גרמים,175.00,100 גרם,false,1,14.90,8.5143,true,1,37702
7622300756413,false,גבינת פילדלפיה 20% שומן עם תבלינים 175 ג',מונדלז דויצ'לנד פרוד,DE,גבינת פילדלפיה מתובלת 175גר 20% שומן,גרמים,175.00,100 גרם,false,1,14.90,8.5143,true,1,22454
7622300761363,false,אוראו מיני עוגיות ממולאות קרם שוקו 67 גר,פי.טי. מונדלז אינדונ,ID,עוג.מיני אוראו קרם שוקולד כוס 67 גרם,Unknown,0.00,Unknown,false,1,7.90,0.0000,true,1,16168
7622400005190,false,שוקולד חלב נגיעות שוקולד לבן מילקה 100 ג,מנדלז דויצ'\לנד סנקס פרו,DE,שוקולד מילקה כאו 100 ג,גרמים,100.00,100 גרם,false,1,6.90,6.9000,true,1,12857
7622400006753,false,שוקולד קוטדור 70% קקאו 100 גרם,מונדלייז,BE,שוקולד קוטדור 70% קקאו 100 גרם,גרמים,100.00,100 גרם,false,1,12.90,12.9000,true,1,2126
7622400013423,false,קוטדור- שוקולד מריר 86% קקאו 100 גר,מונדליז,,שוקולד קוטדור 86% קקאו 100 גרם,גרמים,100.00,100 גרם,false,1,12.90,12.9000,true,1,4486
7638900248333,false,סוללות2025 אנרג'ייזר זוג,אנרג'יזר Energizer,CN,זוג סוללת אנרגייזר ליטיום כפתור,יחידה,2.00,יחידה,false,1,19.90,9.9500,true,1,25127
7638900248357,false,סוללות אנרג'ייזר ליתיום 2032זוג ריפרש,אנרג'ייזר,CN,זוג סוללת ליטיום כפתור ליומנים 3 וולט,יחידה,2.00,יחידה,false,1,19.90,9.9500,true,1,25125
7638900295641,false,זוג סוללות אנרגייזר A23,אנרג'ייזר,CN,זוג סוללות שלט לרכב 12 וולט אנרגאיזר,Unknown,0.00,Unknown,false,1,19.90,0.0000,true,1,24439
7638900426663,false,סוללת אדוונס פורמולה,אנרג'ייזר,CN,סוללת אנרגייזר 9 וולט,יחידה,1.00,יחידה,false,1,27.90,27.9000,true,1,31210
7638900426809,false,סוללות מקס C אנרגייזר2יח,אנרג'יזר Energizer,US,זוג סוללות אנרגייזר סי,יחידה,2.00,יחידה,false,1,25.90,12.9500,true,1,31835
7638900426823,false,סוללות מקס D אנרגייזר2יח,אנרג'ייזר,US,זוג סוללת אנרגייזר מקס די,יחידה,2.00,יחידה,false,1,29.90,14.9500,true,1,31834
7640156920536,false,גבינת גרוייר ריזרב 1,,,גבינת גרוייר ריזרב 150גר,גרמים,150.00,100 גרם,false,1,29.90,19.9333,true,1,38188
7702018263783,false,סכיני גילוח מאך 3 ג'ילט 8 יחידות,פרוקטר אנד גמבל,PL,מארז 8יח סכיני גילוח גילט מאך 3,יחידה,8.00,יחידה,false,1,79.90,9.9875,true,1,23984
7702018264230,false,ג`ילט מאך 3 סכיני גילוח 4 יח`,פרוקטר אנד גמבל,PL,מארז 4יח סכיני גילוח גילט מאך 3,יחידה,4.00,יחידה,false,1,44.90,11.2250,true,1,23983
7702018321520,false,דאודורנט סטיק לגבר Pro G Arctic ice,תות ממתקי איכות,US,דאו.סטיק גילייט מתקדם איי אי 45 מל,Unknown,0.00,Unknown,false,1,21.90,0.0000,true,1,13452
7702018321582,false,דאודורנט סטיק לגבר Pro G Cool Wave,פרוקטר אנד גמבל,US,דאו.סטיק גילייט מתקדם 45 מל,Unknown,0.00,Unknown,false,1,21.90,0.0000,true,1,13451
7702018357871,false,גל גילוח 2 ב1 לעור רגיש פרוגלייד 170 מל,פרוקטר אנד גמבל,PL,גל גילוח גילט פרוגלייד עור רגיש 200 מל,מיליליטרים,200.00,"100 מ""ל",false,1,22.90,11.4500,true,1,16656
7702018401147,false,ונוס סכיני סווירל פלקסיבול רביעייה,פרוקטר אנד גמבל,IL,סכיני גילוח ונוס 4יח סווירל פלקסיבול,יחידה,4.00,יחידה,false,1,69.90,17.4750,true,1,15755
7702018420476,false,מארז ונוס סווירל ידית + 3 סכינים ג'ילט,פרוקטר אנד גמבל,PL,מכשיר+סכיני גילוח ונוס סווירל ידית+3סכינ,Unknown,0.00,Unknown,false,1,49.90,0.0000,true,1,18607
7702018421237,false,גילט מכשיר פרוגלייד פלקס בול ידני+7 סכינ,פרוקטר & גמבל,PL,מארז מכשיר+ 6 סכיני גילוח פרוגלייד פלקס,Unknown,0.00,Unknown,false,1,119.90,0.0000,true,1,15807
7702018465675,false,ונוס סימפלי ונוס 4 סכינים חד פעמיים אישה,פרוקטר אנד גמבל,PL,סכיני גילוח ונוס3 סימפלי 4יח גילט,Unknown,0.00,Unknown,false,1,22.90,0.0000,true,1,25819
7702018469802,false,ג'ילט - ונוס סווירל ידית ו3 סכינים 5 להבים,פרוקטר אנד גמבל,PL,מכשיר+סכיני גילוח ונוס סווירל ידית+3סכינ,Unknown,0.00,Unknown,false,1,49.90,0.0000,true,1,49436
7702018495818,false,8סכ.גילוח ג'ילט סקינגארד,פרוקטר אנד גמבל,US,מארז 8יח סכיני גילוח גילט סקינגארד ידני,יחידה,8.00,יחידה,false,1,115.00,14.3750,true,1,28651
7702018539468,false,גילט ונוס תות- ידית ושלושה סכינים 5להבים מארז,פרוקטר אנד גמבל,PL,מכשיר+סכיני גילוח ונוס תות ידית+3סכינים,Unknown,0.00,Unknown,false,1,49.90,0.0000,true,1,40159
7702018610280,false,גילט מארז פרוגלייד מכשיר+4 סכינים,פרוקטר אנד גמבל,PL,מארז סכיני גילוח+ידית גילט פרוגלייד,יחידה,1.00,יחידה,false,1,109.90,109.9000,true,1,49435
7702018610303,false,גילט מארז סקינגארד אלוורה מכשיר+4 סכין,פרוקטר אנד גמבל,PL,מארז סכיני גילוח+ידית סקינגארד אלוורה,יחידה,1.00,יחידה,false,1,109.90,109.9000,true,1,49434
7702018866984,false,גילט פיוזן ידני סכיני גילוח 4 יחידות,תות ממתקי איכות,PL,סכיני גילוח גילט פיוזן ידני 4 יח,יחידה,4.00,יחידה,false,1,69.90,17.4750,true,1,13445
7702018980833,false,"ג'ילט ג'ל גילוח סירייס מועשר בלחות - 200 מ""ל",פרוקטר אנד גמבל,GB,גל גילוח סירייס מועשר בלחות 200 מל,מיליליטרים,200.00,"100 מ""ל",false,1,16.90,8.4500,true,1,16878
7702024074625,false,פיטנס - חטיפי קרקר חיטה מלאה 234 גרם,קומסטיבלס לה רוזה אס.איי,CO,קרקר פיטנס חיטה מלאה 234 גרם,גרמים,234.00,100 גרם,false,1,11.90,5.0855,true,1,24814
7702024258322,false,"חטיפי קרקר עם חיטה מלאה, צ'יה וזרעי פשתן פיטנס",נסטלה Nestle,CO,חטיפי קרקר פיטנס ציה וזרעי פשתן 234 גרם,גרמים,234.00,100 גרם,false,1,11.90,5.0855,true,1,35570
7702174066631,false,לקקן יוגטה פין פופ במילוי מסטיק 170 גר,הדקלאים אגודת שיתופי,EC,לקקן יוגטה פין פופ פירות 10 יח 180 גר,גרמים,170.00,100 גרם,false,1,8.90,5.2353,true,1,6985
7702174068826,false,יוגטה מבחר סוכריות לקקן קשות ממולאות טופי בטעמי יוגורט ופירות 204 גרם,יוגטה yogueta,CO,לקקן יוגטה טעם פירות 12 יח 216 גר,גרמים,216.00,100 גרם,false,1,8.90,4.1204,true,1,9640
7702174068833,false,יוגטה סוכריות קשות על מקל ממולאות טופי בטעמי גלידת פירות 12 יח' 204 גרם,ליימן שליסל,CO,לקקן יוגוטה טעם גלידה 12 יח 216 גר,גרמים,216.00,100 גרם,false,1,8.90,4.1204,true,1,9493
7702174070201,false,יוגטה לקקן בטעם מסטיק ממולא טופי בטעם תות 12 יח' 204 גרם,ליימן שליסל,CO,לקקן יוגטה מגיק 12 יח 216 גר,גרמים,216.00,100 גרם,false,1,8.90,4.1204,true,1,9860
7702174073783,false,סוכריות על מקל בטעם קולה במילוי גומי לעיסה,הדקלאים אגודת שיתופי,CO,לקקן יוגטה פין פופ קולה 10 יח 180 גר,גרמים,180.00,100 גרם,false,1,8.90,4.9444,true,1,14308
7707284029002,false,"רום דיקטטור 12 שנה 700 מ""ל",,CO,רום דיקטדור 12 שנה יישון 700 מל,מיליליטרים,700.00,"100 מ""ל",false,6,229.00,32.7143,true,1,35092
7790070508232,false,תה גרבה קמומיל 500 גרם,,AR,תה גרבה טראגוי קמומיל 500 גרם,גרמים,500.00,100 גרם,false,10,19.90,3.9800,true,1,48618
7790070508614,false,תה גרבה טראגוי 500 ג,,AR,תה גרבה טראגוי 500 גרם,גרמים,500.00,100 גרם,false,10,19.90,3.9800,true,1,48619
7790703100321,false,יין דון ולנטין לאקרא,BIANCHI,,יין דון ולנטין לאקראדו 750 מל פיקדון,מיליליטרים,750.00,"100 מ""ל",false,1,45.00,6.0000,true,1,6436
7790703165207,false,יין ניו אייג לבן 750,BIANCHI,,יין ניו אייג לבן 750 מל פיקדון,מיליליטרים,750.00,"100 מ""ל",false,1,45.00,6.0000,true,1,6766
7790703165276,false,יין שרדונה אלזה 750,BIANCHI,,יין שרדונה אלזה 750 מל פקדון,מיליליטרים,750.00,"100 מ""ל",false,1,45.00,6.0000,true,1,6257
7790703165443,false,יין מלבק אלזה 750 מל,BIANCHI,,יין מלבק אלזה 750 מל פקדון,מיליליטרים,750.00,"100 מ""ל",false,1,45.00,6.0000,true,1,6255
7790703165450,false,יין ק. סוביניון אלזה,BIANCHI,,יין ק. סוביניון אלזה 750 מל פקדון,מיליליטרים,750.00,"100 מ""ל",false,1,45.00,6.0000,true,1,6256
7790703166587,false,יין ביאנקי אנזו 750,BIANCHI,,יין ביאנקי אנזו 750 מל פקדון,מיליליטרים,750.00,"100 מ""ל",false,1,199.00,26.5333,true,1,6971
7790703167638,false,יין ק. סוביניון פמיל,BIANCHI,,יין ק. סוביניון פמיליה 750 מל פקדון,מיליליטרים,750.00,"100 מ""ל",false,1,65.00,8.6667,true,1,6428
7790703167645,false,יין מלבק פמיליה 750,BIANCHI,,יין מלבק פמיליה 750 מל פקדון,מיליליטרים,750.00,"100 מ""ל",false,1,65.00,8.6667,true,1,6427
7790703167737,false,יין ק. סוביניון פרטי,BIANCHI,,יין ק. סוביניון פרטיקולר 750 מל פקדון,מיליליטרים,750.00,"100 מ""ל",false,1,120.00,16.0000,true,1,7601
7790703167744,false,יין מלבק פרטיקולר 75,BIANCHI,,יין מלבק פרטיקולר 750 מל פקדון,מיליליטרים,750.00,"100 מ""ל",false,1,120.00,16.0000,true,1,7600
7791250002014,false,יין סן טלמו רזרב מלב,,AR,יין סן טלמו רזרב מלבק 750 מל,מיליליטרים,750.00,"100 מ""ל",false,1,45.00,6.0000,true,1,51008
7791250002021,false,יין סן טלמו רזרב שרד,,AR,יין סן טלמו רזרב שרדונה 750 מל,מיליליטרים,750.00,"100 מ""ל",false,1,45.00,6.0000,true,1,51007
7791728000160,false,יין סנטה גוליה מלבק,,,יין סנטה גוליה מלבק 750מל פקדון,מיליליטרים,750.00,"100 מ""ל",false,1,45.00,6.0000,true,1,11413
7791728010275,false,יין סנטה גוליה מלבק,זוקארדי,AR,יין סנטה גוליה מלבק דה מרקדו 750 מל,מיליליטרים,750.00,"100 מ""ל",false,6,60.00,8.0000,true,1,27594
7791875005353,false,ריבת חלב הוואנה דוצה דה לצה 450 גרם,מיגה פוד קומרס,ES,ריבת חלב האוונה 450 גרם,גרמים,450.00,100 גרם,false,12,19.90,4.4222,true,1,40570
7792860006218,false,סוכריות לקקנים בייבי דול Baby Doll לריטר,גוד פוד פרודקטס S.p,AR,לקקן בייבי דול 24 גרם,Unknown,0.00,Unknown,false,1,2.50,0.0000,true,1,3206
7793046002031,false,ריבת בטטה שוקולד דולקור 700 גרם,דולקור אסאיי,,ריבת בטטה שוקולד דולקור 700 גר ארגנטינה,גרמים,700.00,100 גרם,false,1,28.00,4.0000,true,1,15198
7793046004059,false,ריבת חבושים דולקור 700 גרם,דולקור אסאיי,AR,ריבת חבושים דולקור 700 גר ארגנטינה,גרמים,700.00,100 גרם,false,1,28.00,4.0000,true,1,15196
7794450002570,false,יין קאטנה קברנה סובי,ארגנטינה בודגה קטנה,,יין קאטנה קברנה סוביניון 750 מל פקדון,מיליליטרים,750.00,"100 מ""ל",false,1,65.00,8.6667,true,1,8676
7794450002853,false,יין סאן קרלוס קברנה,ארגנטינה בודגה קטנה,,יין סאן קרלוס קברנה פרנק 750 מל,מיליליטרים,750.00,"100 מ""ל",false,1,80.00,10.6667,true,1,19186
7794450005175,false,יין פאראחה אלטמירה מ,ארגנטינה בודגה קטנה,,יין פאראחה אלטמירה מלבק 750 מל,מיליליטרים,750.00,"100 מ""ל",false,1,80.00,10.6667,true,1,19187
7794450008053,false,יין קאטנה מלבק 750 מ,ארגנטינה בודגה קטנה,,יין קאטנה מלבק 750 מל פקדון,מיליליטרים,750.00,"100 מ""ל",false,1,65.00,8.6667,true,1,8675
7794450008060,false,קטאנה זאפאטה אלאמוס,ארגנטינה בודגה קטנה,,יין אלאמוס קברנה 750 מל פיקדון,מיליליטרים,750.00,"100 מ""ל",false,1,45.00,6.0000,true,1,6388
7794450008077,false,יין אלאמוס שרדונה 75,ארגנטינה בודגה קטנה,,יין אלאמוס שרדונה 750 מל פיקדון,מיליליטרים,750.00,"100 מ""ל",false,1,45.00,6.0000,true,1,6387
7794450008084,false,יין אלאמוס מאלבק 750,ארגנטינה בודגה קטנה,,יין אלאמוס מלבק 750 מל פיקדון,מיליליטרים,750.00,"100 מ""ל",false,1,45.00,6.0000,true,1,6389
7794450008886,false,קטאנה זאפאטה אלאמוס,ארגנטינה בודגה קטנה,,יין אלאמוס מרלו 750 מל פיקדון,מיליליטרים,750.00,"100 מ""ל",false,1,45.00,6.0000,true,1,6391
7794450088383,false,יין אלאמוס סוביניון,ארגנטינה בודגה קטנה,,יין אלאמוס סוביניון בלאן 750 מל פיקדון,מיליליטרים,750.00,"100 מ""ל",false,1,45.00,6.0000,true,1,6390
7794450088703,false,יין אלאמוס סירה 750,ארגנטינה בודגה קטנה,,יין אלאמוס סירה 750 מל פיקדון,מיליליטרים,750.00,"100 מ""ל",false,1,45.00,6.0000,true,1,6392
7798068480027,false,יין דוניניו2007 מלבק,,,יין דוניניו2007 מלבק 750 מל פיקדון,מיליליטרים,750.00,"100 מ""ל",false,1,60.00,8.0000,true,1,51064
7798074863708,false,"יין פורטילו דולצה לבן מתוק 750 מ""ל",,AR,יין פורטילו דולציה לבן מתוק 750 מל,מיליליטרים,750.00,"100 מ""ל",false,6,45.00,6.0000,true,1,48741
7798080490363,false,יין טוקומאן מלבק 750,,AR,יין טוקומאן מלבק 750 מל,מיליליטרים,750.00,"100 מ""ל",false,1,45.00,6.0000,true,1,47173
7798080490387,false,יין טוקומאן סוביניון,,AR,יין טוקומאן סוביניון בלאן 750 מל,מיליליטרים,750.00,"100 מ""ל",false,1,45.00,6.0000,true,1,47174
7798080490608,false,יין טוקומאן רוסאדו א,,AR,יין טוקומאן רוסאדו ארגנטינו 750 מל,מיליליטרים,750.00,"100 מ""ל",false,1,45.00,6.0000,true,1,47176
7798130463507,false,יין ארגנטו קברנה פרנ,,AR,יין אדום קברנה פרנק ארגנטו אגרילו 750מל,מיליליטרים,750.00,"100 מ""ל",false,12,85.00,11.3333,true,1,49746
7798130463514,false,יין אדום מלבק ארגנטו,,AR,יין אדום מלבק ארגנטו אלטמירה 750מל פקדון,מיליליטרים,750.00,"100 מ""ל",false,12,85.00,11.3333,true,1,49745
7798159560096,false,"יין ארגנטו קלאסיק קברנה סוביניו 750 מ""ל",,AR,יין ארגנטו קלאסיק ק.סוביניון יבש 750 מל,מיליליטרים,750.00,"100 מ""ל",false,6,45.00,6.0000,true,1,35664
7798159560256,false,יין ראגנטו סלקסיון ק,,,יין ראגנטו סלקסיון קברנה ס. 750 מל,מיליליטרים,750.00,"100 מ""ל",false,6,45.00,6.0000,true,1,39028
7798159560263,false,יין ראגנטו סלקסיון ש,,,יין ראגנטו סלקסיון שרדונה 750 מל750 מל,מיליליטרים,750.00,"100 מ""ל",false,6,45.00,6.0000,true,1,39026
7802110001082,false,יין פיקסו קאפל בהיר,פיסקו קאפל,,יין פיקסו קאפל בהיר 750 מל,מיליליטרים,750.00,"100 מ""ל",false,1,115.00,15.3333,true,1,13111
7802110001143,false,קוקטייל פיסקו סאוור,פיסקו קאפל,,קוקטייל פיסקו סאוור קאפל 750 מל,מיליליטרים,750.00,"100 מ""ל",false,1,60.00,8.0000,true,1,13113
7802110840353,false,ברנדי פיסקו קאפל מוא,פיסקו קאפל,,יין פיסקו קאפל מואהי רזרבדו 750 מל,מיליליטרים,750.00,"100 מ""ל",false,1,160.00,21.3333,true,1,13112
7804315000235,false,יין מבעבע דמי סק אונ,UNDURRAGA,,יין מבעבע דמי סק אונדורגה 750 מל פיקדון,מיליליטרים,750.00,"100 מ""ל",false,1,45.00,6.0000,true,1,6423
7804315000693,false,יין סוביניון בלאן אל,UNDURRAGA,,יין סוביניון בלאן אליווין 750 מל פקדון,מיליליטרים,750.00,"100 מ""ל",false,1,60.00,8.0000,true,1,6259
7804315001973,false,יין ק. סוביניון סיבר,UNDURRAGA,,יין ק. סוביניון סיבריס 750מל פקדון,מיליליטרים,750.00,"100 מ""ל",false,1,65.00,8.6667,true,1,6421
7804315001997,false,יין קרמנר סיבריס 750,UNDURRAGA,,יין קרמנר סיבריס 750 מל פקדון,מיליליטרים,750.00,"100 מ""ל",false,1,65.00,8.6667,true,1,6420
7804315002000,false,יין שרדונה סיבריס 75,UNDURRAGA,,יין שרדונה סיבריס 750 מל פקדון,מיליליטרים,750.00,"100 מ""ל",false,1,65.00,8.6667,true,1,10070
7804315002024,false,יין פינו נואר סיבריס,UNDURRAGA,,יין פינו נואר סיבריס 750מל פקדון,מיליליטרים,750.00,"100 מ""ל",false,1,65.00,8.6667,true,1,10071
7804315002185,false,יין סוביניון בלאן לי,UNDURRAGA,,יין סוביניון בלאן לידה 750 מל פיקדון,מיליליטרים,750.00,"100 מ""ל",false,1,100.00,13.3333,true,1,7528
7804315002628,false,יין אלטזור אנדראגה 7,UNDURRAGA,,יין אלטזור אנדראגה 750 מל פקדון,מיליליטרים,750.00,"100 מ""ל",false,1,250.00,33.3333,true,1,7549
7804315002864,false,יין פינו נואר לידה 7,UNDURRAGA,,יין פינו נואר לידה 750 מל פיקדון,מיליליטרים,750.00,"100 מ""ל",false,1,129.00,17.2000,true,1,7529
7804315004578,false,יין ריזלינג טי אייץ,UNDURRAGA,,יין ריזלינג טי אייץ 750מל פקדון,מיליליטרים,750.00,"100 מ""ל",false,1,110.00,14.6667,true,1,10069
7804315010005,false,יין ק. סוביניון וריא,UNDURRAGA,,יין ק. סוביניון וריאטל 750מל פקדון,מיליליטרים,750.00,"100 מ""ל",false,1,45.00,6.0000,true,1,2531
7804315012054,false,יין שרדונה וריאטל 75,UNDURRAGA,,יין שרדונה וריאטל 750מל פקדון,מיליליטרים,750.00,"100 מ""ל",false,1,45.00,6.0000,true,1,7965
7804315030027,false,יין מרלו וריאטל 750,UNDURRAGA,,יין מרלו וריאטל 750 מל פקדון,מיליליטרים,750.00,"100 מ""ל",false,1,45.00,6.0000,true,1,2721
7804315304968,false,יין ק. סוביניון פאונ,UNDURRAGA,,יין ק. סוביניון פאונדרס 750 מל פקדון,מיליליטרים,750.00,"100 מ""ל",false,1,115.00,15.3333,true,1,6419
7804320087016,false,יין קסילרו דל דיאבלו,קונצ'ה אי טורו,,יין ה דיאבלו קברנה 750 מל פיקדון,Unknown,0.00,Unknown,false,1,60.00,0.0000,true,1,5453
7804320135854,false,יין טורו פרונטרה קרמ,קונצה אי טורו,,יין טורו פרונטרה קרמנרה 750 מל,מיליליטרים,750.00,"100 מ""ל",false,1,45.00,6.0000,true,1,15123
7804320256900,false,יין קסילרו דל דיאבלו,קונצ'ה אי טורו,,יין דיאבלו שרדונה 750 מל פיקדון,מיליליטרים,750.00,"100 מ""ל",false,1,60.00,8.0000,true,1,6866
7804320301174,false,קונצ'ה-דיאבולו סובינ,קונצה אי טורו,,יין ה קאסילרו סובניוןבלאן 750 מל פיקדון,מיליליטרים,750.00,"100 מ""ל",false,1,60.00,8.0000,true,1,15125
7804320303178,false,קונצ'ה-דיאבולו קברנה,קונצ'ה אי טורו,,יין ה דיאבלו קברנה 750 מל פיקדון,מיליליטרים,750.00,"100 מ""ל",false,1,60.00,8.0000,true,1,2438
7804320333175,false,יין קונציה מרכז קברנ,קונצה אי טורו,CL,יין קונציה מרכז קברנה 750 מל פיקדון,מיליליטרים,750.00,"100 מ""ל",false,1,85.00,11.3333,true,1,2436
7804320556000,false,יין פרונטרה סוביניון,קונצה אי טורו,,יין פרונטרה סוביניון בלאן 750מל פקדון,Unknown,0.00,Unknown,false,1,45.00,0.0000,true,1,5413
7804320559001,false,יין פרונטרה קברנה סו,קונצ'ה אי טורו,,יין פרונטרה קברנה 750 מל פיקדון,מיליליטרים,750.00,"100 מ""ל",false,1,45.00,6.0000,true,1,2439
7804320642277,false,יין פרונטרה שרדונה 7,קונצה אי טורו,,יין פרונטרה שרדונה 750מל פקדון,מיליליטרים,750.00,"100 מ""ל",false,1,45.00,6.0000,true,1,5414
7804320706009,false,קונצ'ה אי טורו פרונ,קונצ'ה אי טורו,,יין פרונטרה מרלו 750 מל פיקדון,מיליליטרים,750.00,"100 מ""ל",false,1,45.00,6.0000,true,1,5424
7804320746104,false,יין קונצה אי טורו די,קונצה אי טורו,CL,יין קונצה אי טורו דיאבלו 666 750 מל,מיליליטרים,750.00,"100 מ""ל",false,6,75.00,10.0000,true,1,27038
7804320750552,false,יין קונצה אי טורו קב,קונצה אי טורו,CL,יין קונצה אי טורו דיאבלו ק.ס 750 מל,מיליליטרים,750.00,"100 מ""ל",false,6,75.00,10.0000,true,1,33044
7804320985633,false,יין דיאבלו מרלו 750,קונצה אי טורו,,יין דיאבלו מרלו 750 מל פיקדון,מיליליטרים,750.00,"100 מ""ל",false,1,60.00,8.0000,true,1,2437
7804338000021,false,יין אדום יבש טרדיסון רזרב ק.סובינון 750,וינה לוס בולדוס,ZA,יין לוס בולדוס טרידיסיון רזרב ק.סוביניון,מיליליטרים,750.00,"100 מ""ל",false,6,45.00,6.0000,true,1,48367
7804338000465,false,לוס בולדוס גראנד רזרב קברנהסוביניון 750מ,,CL,יין קברנה ס. רזרב גראנד לוס בולדוס 750 מ,מיליליטרים,750.00,"100 מ""ל",false,6,60.00,8.0000,true,1,48369
7804338000625,false,"יין אדום יבש טרדיסון רזרב קרמנאר 750 מ""ל",,ZA,יין לוס בולדוס טרידיסיון רזרב קרמאנר 750,מיליליטרים,750.00,"100 מ""ל",false,6,45.00,6.0000,true,1,48368
7804414000426,false,יין קרמנרה גראן רז א,צ'ילה לואיס פיליפה א,,יין קרמנרה גראן רז אדוארדס 750 מל פקדון,מיליליטרים,750.00,"100 מ""ל",false,1,60.00,8.0000,true,1,11532
7804414000860,false,יין דון חוליו קברנה סוביניון,צ'ילה לואיס פיליפה אדוארדס,CL,יין קברנה דון חוליו אדוארדו 750 מל פקדון,מיליליטרים,750.00,"100 מ""ל",false,1,35.00,4.6667,true,1,4870
7804414000877,false,יין מרלו דון חוליו ה,צ'ילה לואיס פיליפה אדוארדס,CL,יין מרלו דון חוליו אדוארדו 750 מל פקדון,מיליליטרים,750.00,"100 מ""ל",false,1,35.00,4.6667,true,1,4871
7804414000884,false,"דון חוליו שרדונה 750 מ""ל",צ'ילה לואיס פיליפה אדוארדס,CL,יין שרדונה דון חוליו אדוארדו750 מל פקדון,מיליליטרים,750.00,"100 מ""ל",false,1,35.00,4.6667,true,1,6394
7804414001614,false,"דון חוליו שיראז 750 מ""ל",צ'ילה לואיס פיליפה אדוארדס,CL,יין שיראז דון חוליו אדוארדו750מל פקדון,מיליליטרים,750.00,"100 מ""ל",false,1,35.00,4.6667,true,1,6395
7804414002154,false,יין דון חוליו קברנה,,,"יין דון חוליו קברנה סוביניון 375 מ""ל",מיליליטרים,375.00,"100 מ""ל",false,12,25.00,6.6667,true,1,29910
7804414012344,false,דון חוליו סוביניון בלאן,צ'ילה לואיס פיליפה א,CL,יין דון חוליו סוביניון בלאן 750 מל,מיליליטרים,750.00,"100 מ""ל",false,1,35.00,4.6667,true,1,28822
7804414012351,false,יין אדום יבש מלבק דו,צ'ילה לואיס פיליפה א,CL,יין דון חוליו מלבק 750 מל,מיליליטרים,750.00,"100 מ""ל",false,1,35.00,4.6667,true,1,18347
7804414012368,false,יין אדום רוזה דון חו,צ'ילה לואיס פיליפה א,CL,יין דון חוליו רוזה 750 מל,מיליליטרים,750.00,"100 מ""ל",false,1,35.00,4.6667,true,1,18734
7804414017110,false,דון חוליו פינו נואר כשר,צ'ילה לואיס פיליפה א,,יין דון חוליו פינו נואר כשר 750 מל,מיליליטרים,750.00,"100 מ""ל",false,1,35.00,4.6667,true,1,32006
7804414381570,false,יין דונינ ברנרדה 750,צ'ילה לואיס פיליפה א,,יין דונינ ברנרדה 750 מל פיקדון,מיליליטרים,750.00,"100 מ""ל",false,1,130.00,17.3333,true,1,9245
7891024124826,false,קולגייט משחת אופטיק ספרקלינג וייט 75מל,הנסיך- מפעל לייצור ט,BR,מש.שיניים אופטיק וויט 75 מל,מיליליטרים,75.00,"100 מ""ל",false,1,21.90,29.2000,true,1,9862
7891024130063,false,"קולגייט מי פה פלאקס ללא אלכוהול 500 מ""ל מהדרין",קולגייט- פלמוליב,BR,מי פה קולגייט פלקס ללא אלכוהול 500 מל,מיליליטרים,500.00,"100 מ""ל",false,1,24.90,4.9800,true,1,6743
7891024179482,false,"שטיפת פה קולגייט אופטיק וייט 500מ""ל",יבואן ומשווק: ש. שסט,PL,מי פה קולגייט אופטיק וויט 500 מל,מיליליטרים,500.00,"100 מ""ל",false,1,24.90,4.9800,true,1,9863
7896259411956,false,סוכריות פאדג אמבר קר,,BR,סוכריות פאדג אמבר קרמל שוקו 150 גרם,גרמים,150.00,100 גרם,false,24,6.90,4.6000,true,1,48621
7896259411987,false,סוכריות פאדג אמברה ש,,BR,סוכריות פאדג אמברה שוקולד 150 גרם,גרמים,150.00,100 גרם,false,24,6.90,4.6000,true,1,48612
7896547500034,false,רום קשאסה 61 970 מל,קשאסה מיסייאטו,UA,משקה קאשה 61 1 ל פיקדון,ליטרים,1.00,ליטר,false,1,110.00,110.0000,true,1,9856
8000015001063,false,בישקוטים דיליו 200 ג,,IT,בישקוטים דיליו 200 גר איטלקי,גרמים,200.00,100 גרם,false,1,7.00,3.5000,true,1,5979
8000015002374,false,עוגיות איטלקיות דילי,,,עוגיות דיליו איטלקי גיריני 800 גר,גרמים,800.00,100 גרם,false,1,13.90,1.7375,true,1,25314
8000015002459,false,בישקוטים דיליו 400 ג,,IT,בישקוטים דיליו 400 גר איטלקי,גרמים,400.00,100 גרם,false,1,10.90,2.7250,true,1,48248
8000015002510,false,עוגיות דיליו אוסוויג,,,עוגיות דיליו אוסוויגו איטלקי 800 גר,גרמים,800.00,100 גרם,false,1,13.90,1.7375,true,1,5978
8000015002688,false,עוגיות דיליו גלי ספג,,,עוגיות דיליו גלי ספגוטי איטלקי 800 גר,גרמים,800.00,100 גרם,false,1,13.90,1.7375,true,1,7203
8000015002848,false,עוגיות דיליו גרנדורה,,,עוגיות דיליו גרנדורה איטלקי 700 גר,גרמים,700.00,100 גרם,false,1,13.90,1.9857,true,1,8773
8000015002855,false,עוגיות דיליו כוציולי,,,עוגיות דיליו כוציולי איטלקי 700 גר,גרמים,700.00,100 גרם,false,1,13.90,1.9857,true,1,8774
8000015002893,false,עוגיות דיליו כוצינה,,,עוגיות דיליו כוצינה איטלקי 700 גר,גרמים,700.00,100 גרם,false,1,13.90,1.9857,true,1,8775
8000015002909,false,עוגיות איטלקיות דילי,,,עוגיות דיליו כוצינה שחור איטלקי 700גר,גרמים,700.00,100 גרם,false,1,13.90,1.9857,true,1,8776
8000015002978,false,עוגיות דיליו איטלקי,,,עוגיות דיליו איטלקי 700 גר,גרמים,700.00,100 גרם,false,1,13.90,1.9857,true,1,10869
8000020000280,false,יין אסטי מבעבע לבן צינזנו 750 מל,davide campari,,יין וורמוט צינזנו אסטי לבן 700 מל פקדון,מיליליטרים,70000.00,"100 מ""ל",false,1,40.00,0.0571,true,1,45019
8000020000365,false,"וורמוט צינזנו ביאנקו 750 מ""ל",דויד קמפרי,IT,וורמוט צינזנו לבן 700 מל פקדון,מיליליטרים,750.00,"100 מ""ל",false,1,40.00,5.3333,true,1,45020
8000020000372,false,"וורמוט צינזנו אדום 750 מ""ל",davide campari,,וורמוט צינזנו אדום 700 מל פקדון,מיליליטרים,750.00,"100 מ""ל",false,1,40.00,5.3333,true,1,45021
8000020005247,false,יין גרנד דולצה מבעבע מתוק צינזנו 750 מל,davide campari,,יין צינזנו גרנד דולצה מבעבע מתוק 700מל פ,מיליליטרים,700.00,"100 מ""ל",false,1,40.00,5.7143,true,1,51780
8000020006381,false,יין רוזה מבעבע צינזנו 750 מל,davide campari,,יין צינזנו רוזה 700 מל פקדון,מיליליטרים,750.00,"100 מ""ל",false,1,40.00,5.3333,true,1,51700
8000040000802,false,משקה קמפרי 1000 מל פ,קמפרי (יורו),,משקה קמפרי 1000 מל פקדון,ליטרים,1.00,ליטר,false,1,105.00,105.0000,true,1,5452
8000040001106,false,"קאמפרי ביטר אפרטיף 700 מ""ל",דויד קמפרי,IT,משקה קמפרי 700 מל,מיליליטרים,700.00,"100 מ""ל",false,6,89.90,12.8429,true,1,35255
8000040500012,false,"וויסקי בורבון ווילד טורקי 81 700 מ""ל",אוסטין ניקולס,US,וויסקי ווליד טרקי 81 700 מל,מיליליטרים,700.00,"100 מ""ל",false,1,89.00,12.7143,true,1,12752
8000040630269,false,וויסקי סינגל מאלט גלן גראנט 12 שנים 700,,,וויסקי סקוטי גלן גראנט 12שנים 700 מל,מיליליטרים,700.00,"100 מ""ל",false,1,149.90,21.4143,true,1,20721
8000070003798,false,קפסולות אספרסו לוואצה דליסיוזו 8 16 יח,לאוג'י לוואצה אס.פי.אי,IT,קפסולות לוואצה אמודו מיו8דליסיוזו16יח,יחידה,16.00,יחידה,false,1,29.90,1.8687,true,1,50843
8000070003811,false,קפסולות אספרסו לוואצה פסיונלה 11 16 יח,לואיג'י לוואצה,IT,קפסולות לוואצה אמודו מיו 11פסיונלה 16 יח,יחידה,16.00,יחידה,false,1,29.90,1.8687,true,1,50845
8000070011878,false,לוואצה חוזק 3 דה קפינטו נטול קופאין 250 גר,לאוג'י לוואצה אס.פי.אי,IT,קפה לוואצה דק נטול קופאין 250 ג,גרמים,250.00,100 גרם,false,1,34.90,13.9600,true,1,3141
8000070012219,false,פולי קפה אורו זהב לוואצה 250 גר,לאוג'י לוואצה אס.פי.אי,IT,פולי לווצה אורו 250 גרם,גרמים,250.00,100 גרם,false,1,34.90,13.9600,true,1,40657
8000070012783,false,קפה לוואצה קלוי וטחון חוזק 5 אורו 250 גר,לאוג'י לוואצה אס.פי.אי,IT,קפה לוואצה קואליטי אורו 250 ג,גרמים,250.00,100 גרם,false,1,34.90,13.9600,true,1,3139
8000070027398,false,קרמה קלאסיקו פולי קפה 500 גר לוואזה,,IT,פולי לווצה קרמה קלסיקו 500 גרם,גרמים,500.00,100 גרם,false,1,64.90,12.9800,true,1,40658
8000070029996,false,קפה לוואצה קלוי וטחון אורו שחור 250 גר,לווצה טורינו,IT,קפה לוואצה קואליטי אורו פירות ופרח 250 ג,גרמים,250.00,100 גרם,false,20,34.90,13.9600,true,1,49726
8000070032835,false,קפה לוואצה קלוי וטחון חוזק 10 מטינו 250 גר,לאוג'י לוואצה אס.פי.אי,IT,קפה לוואצה מאטינו 250 ג,גרמים,250.00,100 גרם,false,1,29.90,11.9600,true,1,4686
8000070035980,false,קפה לוואצה קלוי וטחון חוזק 5 רוסה 250 גר,לווצה טורינו,IT,קפה לוואצה רוסו אדום 250 ג,גרמים,250.00,100 גרם,false,1,29.90,11.9600,true,1,8269
8000070036321,false,פולי קפה לוואצה קואליטה רוסה 500 גר,,IT,פולי לוואצה קואליטה רוסה 500 גרם,גרמים,500.00,100 גרם,false,1,64.90,12.9800,true,1,48382
8000070038974,false,"קרמה גוסטו פולי קפה 1 ג""ק לוואזה",,IT,פולי לווצה קרמה גוסטו 1 קג,קילוגרמים,1.00,"ק""ג",false,1,109.90,109.9000,true,1,40659
8000070053465,false,קפסולות קפה נספרסו חוזק 8 אורו לוואצה 55 גרם,לאוג'י לוואצה אס.פי.אי,IT,קפסולות לוואצה 8 אורו 10 יח,יחידה,10.00,יחידה,false,1,19.90,1.9900,true,1,50852
8000070053472,false,לוואצה קרמה גוסטו קלאסיקו מס' 12 קפסולות לקפה 55 גרם,לאוג'י לוואצה אס.פי.אי,IT,קפסולות לוואצה 12 קרמה גוסטו קלאסיקו10יח,יחידה,10.00,יחידה,false,1,19.90,1.9900,true,1,50849
8000070053502,false,קפסולות קפה אספרסו ריקו נטול קפאין דרגת חוזק 7,לאוג'י לוואצה אס.פי.אי,IT,קפסולות לוואצה 7 נטול קפאין 10 יח,יחידה,10.00,יחידה,false,1,19.90,1.9900,true,1,50853
8000070053526,false,קפסולות קפה אספרסו רוסה דרגת חוזק 10,לאוג'י לוואצה אס.פי.אי,IT,קפסולות לוואצה 10 רוסו 10 יח,יחידה,10.00,יחידה,false,1,19.90,1.9900,true,1,50851
8000070055254,false,לוואצה קרמה גוסטו פורטה מס' 13 קפסולות לקפה 55 גרם,לואיג'י לוואצה,IT,קפסולות לוואצה 13 קרמה גוסטו פורטה 10 יח,יחידה,10.00,יחידה,false,1,19.90,1.9900,true,1,50848
8000070059832,false,לוואצה קרמה גוסטו ריקו מס' 11 קפסולות לקפה 55 גרם,לואיג'י לוואצה,IT,קפסולות לוואצה 11 קרמה גוסטו ריקו 10יח,יחידה,10.00,יחידה,false,1,19.90,1.9900,true,1,50850
8000070064553,false,קפסולות אספרסו לוואצה רוסה 10 16 יח,לווצה טורינו,IT,קפסולות לוואצה אמודו מיו 10 רוסה 16 יח,יחידה,16.00,יחידה,false,1,29.90,1.8687,true,1,50846
8000070064577,false,קפסולות קפה לוואצה קוואליטה אורו חוזק 8,לואיג'י לוואצה,IT,קפסולות לוואצה אמודו מיו 8 אורו 16 יח,יחידה,16.00,יחידה,false,1,29.90,1.8687,true,1,50844
8000070081109,false,קפסולות לוואצה ריקו נטולקפאין 6 נספרס 50,לאוג'\י לוואצה אס.פי.אי,IT,קפסולות לוואצה נטול קפאין 6 10 יח,יחידה,10.00,יחידה,false,10,16.90,1.6900,true,1,40972
8000070081154,false,קפסולות קפה אספרסו לג'רו 4 10 יחידות,לאוג'\י לוואצה אס.פי.אי,IT,קפסולות לוואצה לגרו 4 10 יח,יחידה,10.00,יחידה,false,10,16.90,1.6900,true,1,40970
8000146500039,false,"שמן זית כמהין 55 מ""ל URBANI",,,שמן זית כמהין אורבני 55 מל,Unknown,0.00,Unknown,false,1,29.90,0.0000,true,1,10218
8000150655206,false,יין לבן פרסקאטי סופר,איטליה גרופו איטליאנ,,יין לבן פרסקאטי סופריורה 750 מל פקדון,מיליליטרים,750.00,"100 מ""ל",false,1,45.00,6.0000,true,1,8745
8000160631955,false,יין ריפסו ואלפוליצלה,,IT,יין ריפסו ואלפוליצלה 750 מל,מיליליטרים,750.00,"100 מ""ל",false,12,70.00,9.3333,true,1,45439
8000160661211,false,יין ספורסאט נינו נגר,איטליה גרופו איטליאנ,,יין ספורסאט נינו נגרי 750 מל פקדון,מיליליטרים,750.00,"100 מ""ל",false,1,155.00,20.6667,true,1,9573
8000160672705,false,יין אליאניקו דל וולט,רה מנפרדי,,יין אליאניקו דל וולטורה 750 מל,מיליליטרים,750.00,"100 מ""ל",false,1,90.00,12.0000,true,1,14960
8000215202406,false,מעדן אורז בטעם שוקו אורגני 400 גרם,בטר אנד דיפרנט,IT,מעדן אורז אורגני שוקו 400 גר,גרמים,400.00,100 גרם,false,6,14.90,3.7250,true,1,23736
8000215202413,false,מעדן אורז בטעם וניל אורגני 400 גרם,ויטריז,IT,מעדן אורז אורגני וניל 400 גר,גרמים,400.00,100 גרם,false,6,14.90,3.7250,true,1,23735
8000215204219,false,משקה אורז אורגני נטורפוד,בטר אנד דיפרנט,IT,משקה אורז אורגני 1 ל ויטאריס,ליטרים,1.00,ליטר,false,1,13.90,13.9000,true,1,10451
8000215204240,false,ויטאריז משקה שקדים ואורז אורגני 1 ליטר,בטר אנד דיפרנט,IT,משקה אורז שקדים אורגני 1 ל ויטאריס,ליטרים,1.00,ליטר,false,1,13.90,13.9000,true,1,9946
8000215204264,false,ויטריז - משקה אורז אישי אישי 200 גר,בטר אנד דיפרנט,IT,משקה אורז 200 מל ויטאריס,מיליליטרים,200.00,"100 מ""ל",false,1,4.00,2.0000,true,1,16225
8000215204271,false,ויטריז - משקה שקדים ואורז אישי 200 גר,"נטורפוד בע""מ",IT,משקה אורז שקדים 200מל ויטאריס,מיליליטרים,200.00,"100 מ""ל",false,1,4.00,2.0000,true,1,13940
8000215204370,false,"ויטאריז לבישול תחליף שמנת צחית אורגנית 200 מ""ל",ויטריז,IT,שמנת לבישול בסיס אורז 200 מל ויטאריס,מיליליטרים,20000.00,"100 מ""ל",false,1,6.00,0.0300,true,1,13942
8000215204387,false,"ויטאריז לבישול רוטב בשמל צמחי אורגני 500 מ""ל",ויטריז,IT,ויטריז לבישול רוטב בשמל צמחי אורגני 500מ,מיליליטרים,500.00,"100 מ""ל",false,1,12.90,2.5800,true,1,20688
8000215204394,false,"משקה אורז אורגני אגוז לוז ""נטורפוד""",בטר אנד דיפרנט,US,משקה אורז ואגוזי לוז אורגני ויטאריס 1 לי,ליטרים,1.00,ליטר,false,1,16.90,16.9000,true,1,10912
8000215204554,false,משקה אורז קוקוס אורגני 1 ליטר ויטריז,ויטריז Vitariz,IT,משקה אורז קוקוס אורגני 1 ל ויטאריס,ליטרים,1.00,ליטר,false,1,13.90,13.9000,true,1,16747
8000215204561,false,VITASI משקה שקדים אורגני 1 ליטר,בטר אנד דיפרנט,IT,משקה שקדים אורגני 1 לי,ליטרים,1.00,ליטר,false,10,14.90,14.9000,true,1,25452
8000215204653,false,משקה סויה אורגני 1ליטר,בטר אנד דיפרנט,IT,משה סויה ויטראריס 1 לי,ליטרים,1.00,ליטר,false,10,10.00,10.0000,true,1,31229
8000215204677,false,ויטריז - משקה שיבולת שועל בריסטה אורגני,בטר אנד דיפרנט,IT,משקה שיבולת בריסטה אורגני 1 ל ויטאריס,ליטרים,1.00,ליטר,false,1,13.90,13.9000,true,1,47177
8000215204714,false,משקה שיבולת שועל אורגני 1 ליטר PRIMAVENA,בטר אנד דיפרנט,IT,משקה שבולת שועל אורגני ויטאריס 1 לי,ליטרים,1.00,ליטר,false,1,13.90,13.9000,true,1,10450
8000253000712,false,תערובת ריזוטו ארטישוק 250 גרם,מרבוטו,IT,ריזוטו מרבוטו עם ארטישוק 250 גרם,גרמים,250.00,100 גרם,false,12,24.90,9.9600,true,1,50982
8000253000729,false,תערובת ריזוטו פטריות פורציני 250 גרם,מרבוטו,IT,ריזוטו מרבוטו עם פטריות פורציני 250 גרם,גרמים,250.00,100 גרם,false,12,24.90,9.9600,true,1,50985
8000253000767,false,תערובת ריזוטו ביין אדום 250 גרם,מרבוטו,IT,ריזוטו מרבוטו ביין אדום 250 גרם,גרמים,250.00,100 גרם,false,12,24.90,9.9600,true,1,50984
8000253001177,false,תערובת ריזוטו קאצו פפה 250 גרם,מרבוטו,IT,ריזוטו מרבוטו גבינה ופלפל קאצו פפה250גרם,גרמים,250.00,100 גרם,false,12,24.90,9.9600,true,1,50983
8000320010088,false,"רוטב עגבניות במרקם גס 680 מ""ל MUTTI",קונסרב,IT,פסאטה ציריו עגבניות מרקם גס 680 מל,מיליליטרים,680.00,"100 מ""ל",false,12,12.90,1.8971,true,1,4382
8000320010095,false,"רוטב עגבניות במרקם עדין 700 מ""ל MUTTI",קונסרב,IT,פסאטה ציריו עגבניות מרקם עדין 700 מל,מיליליטרים,700.00,"100 מ""ל",false,12,12.90,1.8429,true,1,49053
8000353000056,false,ליקר סמבוקה לבנה לוק,,,ליקר סמבוקה לבנה לוקסרדו 750מל פקדון,מיליליטרים,750.00,"100 מ""ל",false,1,110.00,14.6667,true,1,26517
8000353003149,false,ליקר אמרטו ססקירה לו,,,ליקר אמרטו ססקירה לוקסרדו 700 מל,מיליליטרים,700.00,"100 מ""ל",false,1,99.90,14.2714,true,1,50523
8000380003723,false,וופל אגוזים בציפוי שוקולד לואקר 100 גרם,קריניציה ויטמינה אס,IT,ופל פטיסרי אגוז 100 ג,גרמים,100.00,100 גרם,false,1,12.90,12.9000,true,1,2249
8000380003754,false,וופל גראן פטיסרי Gran Pasticceria קפוצ'ינו,"כד בני דרום בע""מ",IT,ופל לואקר פטיסרי קפוצינו 100 גרם,גרמים,100.00,100 גרם,false,1,12.90,12.9000,true,1,2251
8000380003761,false,וופל גרנד פטיסרי שוקולד וקוקוס לואקר 100 גרם,קריניציה ויטמינה אס,IT,ופל פטיסרי קוקוס 100 ג,גרמים,100.00,100 גרם,false,1,12.90,12.9000,true,1,2250
8000380004669,false,וופל לואקר סנדוויץ קוביות ושוקולד 200ג',"א. לואקר, קונפקט ג'י",AT,וופל לואקר סנדוויץ קקאו 200 ג,גרמים,200.00,100 גרם,false,1,12.90,6.4500,true,1,1631
8000380004676,false,קוביות וופל סנדוויץ Sandwich עם וניל וחלב,"א. לואקר, קונפקט ג'י",AT,ופל לואקר סנדוויץ וניל 200 ג,גרמים,200.00,100 גרם,false,1,12.90,6.4500,true,1,1632
8000380004911,false,קוביות וופל קואדרטיני Quadratini קרם אגוזים,קריניציה ויטמינה אס,AT,ופל קואדרטיני אגוז 250 ג,גרמים,250.00,100 גרם,false,1,14.90,5.9600,true,1,1633
8000380004966,false,וופל קוארדטיני לואקר קוביות שוקולד 250ג',קריניציה ויטמינה אס,AT,ופל קואדרטיני שוקולד 250 ג,גרמים,250.00,100 גרם,false,1,14.90,5.9600,true,1,1635
8000380005598,false,מארז וופל שוקולד טורטינה Tortina שוקולד מריר,א. לואקר אס. פי. אי-אי.,IT,חטיף טורטינה מריר 125 גר 6 יח,גרמים,125.00,100 גרם,false,1,16.90,13.5200,true,1,7407
8000380007219,false,וופלים בטעם אגוזים לואקר 175 גרם,ליימן מותגים,AT,ופל לואקר אגוז 175 גר,גרמים,175.00,100 גרם,false,1,11.90,6.8000,true,1,1637
8000380007257,false,וופל גרדנה אגוזים לואקר 200 גרם,קריניציה ויטמינה אס,IT,ופל גרדנה מצופה קרם אגוז200 גרם,גרמים,200.00,100 גרם,false,1,14.90,7.4500,true,1,1638
8000380007264,false,וופלים בטעם קקאו לואקר 175 גרם,קריניציה ויטמינה אס,AT,ופל לואקר קקאו 175 גר,גרמים,175.00,100 גרם,false,1,11.90,6.8000,true,1,1639
8000380007271,false,וופל במילוי קרם חלב לואקר 175 גרם,ליימן מותגים,AT,ופל לואקר חלב 175 גר,גרמים,175.00,100 גרם,false,1,11.90,6.8000,true,1,1640
8000380106028,false,טורטינה לואקר וופל שוקולד ואגוזים שישיה 125ג',קריניציה ויטמינה אס,IT,חטיף טורטינה 125 גר 6 יח,גרמים,125.00,100 גרם,false,1,16.90,13.5200,true,1,6441
8000380144044,false,גרדנה וופל מצופה שוקולד חלב לואקר 200 גרם,"א. לואקר , AG/SpA, ו",IT,ופל גרדנה מצופה קרם שוקולד 200 גרם,גרמים,200.00,100 גרם,false,1,14.90,7.4500,true,1,5697
8000380148035,false,וופל אגוזי לוג שוקולד מריר גראן פטיסרי Gran Pasticceria,קריניציה ויטמינה אס,IT,ופל פטיסרי מריר אגוזים 100 ג,גרמים,100.00,100 גרם,false,1,12.90,12.9000,true,1,7408
8000380152704,false,מארז חטיפי אצבעות גרדנה אגוז לואקר 125 גרם,"אינסטנטה בע""מ",IT,חטיף ופל גרדנה אצבעות אגוזים 125 גר,גרמים,125.00,100 גרם,false,1,15.90,12.7200,true,1,9454
8000380152728,false,מארז חטיפי אצבעות גרנדה שוקולד 125 גרם,"אינסטנטה בע""מ",IT,חטיף ופל גרדנה אצבעות שוקולד 125 גר,גרמים,125.00,100 גרם,false,1,15.90,12.7200,true,1,9455
8000380153534,false,מארז וופל שוקולד טורטינה Tortina שוקולד לבן,א. לואקר אס. פי. אי-אי.,IT,חטיף טורטינה לבן 125 גר 6 יח,גרמים,125.00,100 גרם,false,1,16.90,13.5200,true,1,10601
8000380156009,false,פרלינים ורד הדולומיטים חלב לואקר 150 גרם,קריניציה ויטמינה אס,IT,בונבוניירה ורד הדולומיטים חלב 150 גר,גרמים,150.00,100 גרם,false,1,21.90,14.6000,true,1,29327
8000380156825,false,שוקולד חלב במילוי קרם חלב וופל לואקר 87 גרם,ליימן מותגים,IT,שוקולד לואקר חלב קרם חלב 87 גר,Unknown,0.00,Unknown,false,1,7.90,0.0000,true,1,12443
8000380156849,false,שוקולד מריר במילוי קרם קקאו וופל לואקר 87 גרם,ליימן מותגים,IT,שוקולד לואקר מריר קרם קקאו 87 גר,Unknown,0.00,Unknown,false,1,7.90,0.0000,true,1,48359
8000380156856,false,שוקולד לבן במילוי קרם חלב וופל לואקר 87 גרם,ליימן מותגים,IT,שוקולד לואקר לבן קרם חלב 87 גר,Unknown,0.00,Unknown,false,1,7.90,0.0000,true,1,12444
8000380180721,false,לואקר וופל קקאו במילוי קרם חלבי 175 גר,קריניציה ויטמינה אס,AT,ופל לואקר שוקו חלב 175 גר,גרמים,175.00,100 גרם,false,1,11.90,6.8000,true,1,15680
8000380180745,false,וופל קוביות קקאו במילוי קרם חלב לואקר 250 גרם,"א. לואקר, קונפקט ג'י",AT,ופל קואדרטיני שוקו חלב 250 ג,גרמים,250.00,100 גרם,false,1,14.90,5.9600,true,1,15679
8000380180837,false,וופל גרנד פטיסרי קוקוס לבן מצופה שוקולד לבן לואקר 100 גרם,"אינסטנטה בע""מ",IT,ופל פטיסרי קרם קוקוס לבן 100 ג,גרמים,100.00,100 גרם,false,1,12.90,12.9000,true,1,16820
8000380180943,false,בונ. לואקר ורד דולומיטים בטעמים 300 גרם,ליימן מותגים,,בונבוניירה דולימיטים 300 גרם,גרמים,300.00,100 גרם,false,1,41.90,13.9667,true,1,16542
8000380181032,false,חטיפי אצבעות גרנדה קרם אגוזי לוז 125 גרם,"אינסטנטה בע""מ",IT,חטיף ופל גרדנה אצבעות לבן 125 גר,גרמים,125.00,100 גרם,false,1,15.90,12.7200,true,1,16819
8000380187119,false,עוגיות במילוי קרם אגוזי לוז לואקר 100 גר,לואקר Loacker,AT,עוגיות לואקר אגוזי לוז 100 גרם,גרמים,100.00,100 גרם,false,12,14.90,14.9000,true,1,36258
8000380187249,false,עוגיות עם מילוי קרם שקדים ושוקולד חלב,לואקר Loacker,AT,עוגיות לואקר קרם שקדים 100 גרם,גרמים,100.00,100 גרם,false,12,14.90,14.9000,true,1,36259
8000380187300,false,עוגיות חמאה עם שוקולד חלב לואקר 120 גר,לואקר Loacker,AT,עוגיות לואקר פתיתי שלג 120 גרם,גרמים,120.00,100 גרם,false,12,14.90,12.4167,true,1,36260
8000380189281,false,מארז מיני מיקס לואקר בשקית 210 גרם,ליימן מותגים,AT,מארז מיני מיקס לואקר 210 גרם,גרמים,210.00,100 גרם,false,1,19.90,9.4762,true,1,22496
8000380192199,false,וופל לואקר דאבל שוקולד 175 גרם,ליימן מותגים,AT,ופל לואקר דאבל שוקולד 175 גר,גרמים,175.00,100 גרם,false,1,11.90,6.8000,true,1,27368
8000380192588,false,וופלים קואדרטיני דאבל שוקולד לואקר 250 גרם,קריניציה ויטמינה אס,AT,ופל קואדרטיני דאבל שוקולד 250 ג,גרמים,250.00,100 גרם,false,1,14.90,5.9600,true,1,28068
8000380201396,false,שוקולד חלב ממולא קרם קרמל ועלי וופל פריכ,ליימן מותגים,AT,חטיף טורטינה קרמל 125 גר 6 יח,גרמים,125.00,100 גרם,false,1,16.90,13.5200,true,1,40847
8000380205400,false,וופלים קואדרטיני חמאת בוטנים לואקר 250 גרם,ליימן מותגים,AT,ופל קואדרטיני חמאת בוטנים 250 גר,גרמים,250.00,100 גרם,false,1,15.50,6.2000,true,1,48377
8000380205523,false,וופלים בטעם חמאת בוטנים לואקר 175 גרם,ליימן מותגים,AT,ופל לואקר חמאת בוטנים 175 גר,גרמים,175.00,100 גרם,false,1,11.90,6.8000,true,1,48383
8000380206896,false,וופל גרדנה חמאת בוטנים לואקר 200 גרם,ליימן מותגים,IT,ופל גרדנה מצופה חמאת בוטנים 200 גרם,גרמים,200.00,100 גרם,false,1,14.90,7.4500,true,1,48380
8000380207183,false,שוקולד לואקר טורטינה חמאת בוטנים 126 גר,ליימן מותגים,IT,חטיף טורטינה חמאת בוטנים 125 גר 6 יח,גרמים,125.00,100 גרם,false,1,16.90,13.5200,true,1,48381
8000392503136,false,פומפה+מקל,מ.א ייצור ושיווק מטל,CN,פומפה,יחידה,1.00,יחידה,false,12,9.90,9.9000,true,1,32051
8000409354157,false,מקינטה מוקה לוואצה ל,,,מקינטה מוקה לוואצה לאספרסו,Unknown,0.00,Unknown,false,1,79.90,0.0000,true,1,49208
8000420000491,false,יין מבעבע גנציה אסטי,,,יין מבעבע גנציה אסטי 750 מל,מיליליטרים,750.00,"100 מ""ל",false,1,45.00,6.0000,true,1,22194
8000500009673,false,בונבונרייה פררו רושר 300 גרם,פררו - אלבה,IT,בונבוניירה פררו רושר 300 ג,גרמים,300.00,100 גרם,false,1,42.90,14.3000,true,1,4093
8000500018828,false,שלישיית קינדר שוקולד חצי מטר 100 גרם,קינדר Kinder,IT,שוקולד קינדר חצי מטר 300 גרם,גרמים,300.00,100 גרם,false,1,19.90,6.6333,true,1,20073
8000500023624,false,חטיפי הפי היפו Happy Hippo במילוי קרם חלב וקקאו,פררו - אלבה,IT,חטיף הפי היפו קרם שוקולד 5 יח,גרמים,104.00,100 גרם,false,1,12.90,12.4038,true,1,5786
8000500026731,false,שוקולד ביצי הפתעה קינדר שלישייה,פררו אס.פי.אי,IT,ביצי הפתעה קינדר שלישיה,Unknown,0.00,Unknown,false,1,15.90,0.0000,true,1,1642
8000500028124,false,קינדר גוי ביצת הפתעה מארז שלישיה,ליימן שליסל,ZA,מארז 3 ביצי קינדר גוי פאנקו,Unknown,0.00,Unknown,false,32,15.90,0.0000,true,1,40199
8000500029350,false,מארז וופל מצופה 3יח' *43 גרם קינדר בואנו,פררו - אלבה,PL,חטיף קינדר בואנו שלישיה,גרמים,129.00,100 גרם,false,1,10.90,8.4496,true,1,1643
8000500071083,false,אצבעות שוקולד קינדר Kinder שש עשרה יחידות,פררו - אלבה,IT,שוקולד קינדר אצבעות 200 ג,גרמים,200.00,100 גרם,false,1,12.90,6.4500,true,1,1645
8000500094976,false,"בונבוניירה פררו רושר רושה קונוס, 212 גרם T17X4",רושר,IT,בונבוניירה פררו רושר קונוס 212 ג,גרמים,212.00,100 גרם,false,1,36.90,17.4057,true,1,7841
8000500121436,false,מארז קינדר בואנו Kinder Bueno לבן שלוש יחידות,פררו - אלבה,PL,חטיף קינדר בואנו לבן שלישיה,גרמים,105.00,100 גרם,false,1,10.90,10.3810,true,1,8115
8000500167656,false,קינדר שוקולד עם דגנים סיריאל 94 ג',פררו,IT,מארז 4יח חטיף קינדר קאנטרי 141 גר,Unknown,0.00,Unknown,false,1,8.50,0.0000,true,1,30086
8000500227848,false,נוטלה - בי רדי אצבעות ביסקוויט במילוי שוקולד 6 יח' * 22 גרם,פררו,IT,חטיף נוטלה בי רדי 6 יח 132 גר,גרמים,132.00,100 גרם,false,1,11.90,9.0152,true,1,19195
8000500247167,false,פררו קולקשן - כדורי וופל מצופים 24 יחידו,פררו,DE,בונבוניירה פררו רושר קולקשיין 269 גר,גרמים,269.00,100 גרם,false,1,45.90,17.0632,true,1,19112
8000500248744,false,פררו-קינדר עוגת תפוז במצופת שוקולד 36*10,פררו,IT,עוגה אישית קינדר פיאסטה תפוז10יח,גרמים,360.00,100 גרם,false,14,24.90,6.9167,true,1,51537
8000500256213,false,קינדר שוקולד מיני בשקית.,פררו - אלבה,IT,שוקולד קינדר מיני 120 גרם,גרמים,120.00,100 גרם,false,16,10.00,8.3333,true,1,25631
8000500269169,false,קינדר קארדס Kinder Cards - חמישייה,קריות זול,IT,חטיף קינדר קארדס חמישיה 128 גרם,גרמים,128.00,100 גרם,false,20,13.90,10.8594,true,1,35961
8000500272442,false,מארז 10 יח וופל חנוט,פררו,DE,מארז 10 יח וופל חנוטה,יחידה,10.00,יחידה,false,20,25.90,2.5900,true,1,48614
8000500283219,false,עוגת קינדר קקאו במילוי קרם שוקולד 290 גר,פררו,IT,עוגה אישית קינדר דגנים עם קקאו10,גרמים,290.00,100 גרם,false,14,24.90,8.5862,true,1,51418
8000500294345,false,רושר איש שלג שוקולד חלב ואגוזי לוז 90 גר,פררו,PL,איש שלג פררו 90 גרם,Unknown,0.00,Unknown,false,12,14.90,0.0000,true,1,37047
8000500310397,false,נוטלה עוגיות נוטלה בגליל 12יח' - NUTELLA BISCUITTS,נוטלה Nutella,IT,ביסקויט נוטלה 166 גרם,גרמים,166.00,100 גרם,false,20,14.90,8.9759,true,1,51698
8000500328750,false,כדור וופל פריך מצופה שוקולד פררו רושר 141 ג',פררו,DE,בונבוניירה פררו רושר רונדנואר 141גרם,גרמים,138.00,100 גרם,false,1,24.90,18.0435,true,1,38845
8000500359884,false,שוקולד לבן ממולא קרם אגוזים 90 ג' פררו רושר,,DE,שוקולד פררו לבן קרם אגוזי לוז 90 גרם,Unknown,0.00,Unknown,false,1,14.90,0.0000,true,1,48121
8000500363492,false,"גלידת ""רפאלו"" חלבית בטעם קוקוס מצופה שקדים 188 גר",,US,מאגת 4יח גלידה רפאלו,יחידה,4.00,יחידה,false,12,41.90,10.4750,true,1,40489
8000500363539,false,"גלידת ""פררו רושר"" חלבית בטעם אגוז מצופה שוקולד ואגוזים 200 גר",,FR,מאגדת 4 יח שלגון פררו רושר,יחידה,4.00,יחידה,false,8,41.90,10.4750,true,1,39745
8000500366073,false,נוטלה עוגיות נוטלה בשקית 20 יח'- NUTELLA BISCUITTS,נוטלה Nutella,IT,ביסקויט נוטלה 276 גרם,גרמים,276.00,100 גרם,false,20,21.90,7.9348,true,1,51699
8000500371374,false,מבחר חטיפי קינדר סנט,פררו,IT,מבחר חטיפי קינדר סנטה 157 גרם,גרמים,157.00,100 גרם,false,14,34.90,22.2293,true,1,51421
8000500384664,false,"גלידת טילון ""קינדר בואנו"" חלב רביעיה 240 גרם",,DE,מאגדת טילון קינדר 4יח,יחידה,4.00,יחידה,false,8,41.90,10.4750,true,1,50282
8000500384718,false,"גלידת טילון ""קינדר בואנו"" לבן רביעיה 240 גרם",,DE,מאגדת טילון קינדר 4יח,יחידה,4.00,יחידה,false,8,41.90,10.4750,true,1,49786
8000570048022,false,"וורמוט מרטיני פיירו 750 מ""ל",בקרדי מרטיני,IT,מרטיני פיירו 750 מל,מיליליטרים,750.00,"100 מ""ל",false,6,60.00,8.0000,true,1,26914
8000570283607,false,"מרטיני אסטי מבעבע כשר 750 מ""ל קרטונית",מרטיני Martini,IT,יין מרטיני אסטי מבעבע כשר 750 מל,מיליליטרים,750.00,"100 מ""ל",false,1,70.00,9.3333,true,1,25214
8000570812708,false,"יין מבעבע מרטיני רוזה 750 מ""ל",,,יין מרטיני רוזה 750 מל פקדון,מיליליטרים,750.00,"100 מ""ל",false,1,70.00,9.3333,true,1,20917
8000786100408,false,"פולנטה מסורתית 1 ק""ג LA GRANDE ROUTA",לה גרנדה רוטה,IT,קמח תירס פולנטה מסורתית 1 קג,קילוגרמים,1.00,"ק""ג",false,1,15.90,15.9000,true,1,6501
8000798000925,false,מטאטא רך שיער איטלקי עבה,,IT,מטאטא יהלום,יחידה,1.00,יחידה,false,12,19.90,19.9000,true,1,32040
8000798038034,false,כף אשפה מתקפל ( איטל,שייני Shiny,IT,כף אשפה מתקפל,יחידה,1.00,יחידה,false,24,14.90,14.9000,true,1,32022
8000798085052,false,מטאטא זהב + מקל,מ.א. ייצור ויבוא מטליות,IT,מטאטא גולד,יחידה,1.00,יחידה,false,12,14.90,14.9000,true,1,32037
8001003202035,false,סוכריות ג'לי בטעם פירות יוגטה 80 גרם,יוגטה,IT,סוכריות גלי פירות יוגטה 80 גרם,Unknown,0.00,Unknown,false,12,4.90,0.0000,true,1,49257
8001010033721,false,רוטב פסטו חדש 135 ג' PONTI,,,רוטב פסטו פונטי 135 גר,גרמים,135.00,100 גרם,false,1,10.00,7.4074,true,1,15407
8001010039303,false,עגבניות מיובשות במים,,,עגבניות מיובשות במים פונטי 160 גר,גרמים,160.00,100 גרם,false,1,19.90,12.4375,true,1,9568
8001010039501,false,ארטישוק מתובל בפלפל ולימון 300 ג' PONTI ZERO,,,ארטישוק מתובל פלפל ולימון פונטי 160 גר,גרמים,300.00,100 גרם,false,1,17.90,5.9667,true,1,9569
8001010062844,false,"פונטי חומץ בלסמי כשר 500 מ""ל",פונט סלאם וולנסיה,IT,חומץ בלסמי פונטי 500 מל,מיליליטרים,500.00,"100 מ""ל",false,1,17.90,3.5800,true,1,31778
8001010071334,false,חומץ בן יין לבן פונט,,,חומץ בן יין לבן פונטי 500 מל,מיליליטרים,500.00,"100 מ""ל",false,1,10.00,2.0000,true,1,22080
8001010071358,false,חומץ בן יין אדום פונ,,,חומץ בן יין אדום פונטי 500 מל,מיליליטרים,500.00,"100 מ""ל",false,1,10.00,2.0000,true,1,21948
8001010085454,false,עגבניות פונטי בשמן ח,,,עגבניות מיובשות שמן חמניות 280 גר פונטי,גרמים,280.00,100 גרם,false,1,26.90,9.6071,true,1,14089
8001090222428,false,"הרבל אסנסס - שמפו חלב קוקוס 400 מ""ל",הרבל אסנס Herbal Essences,FR,שמפו הרבל אסנסס חלב קוקוס 400מל,מיליליטרים,400.00,"100 מ""ל",false,6,17.90,4.4750,true,1,35685
8001090222541,false,הרבל אסנסס שמפו תות שדה ומנטה 400 גרם,הרבל אסנס Herbal Essences,FR,שמפו הרבל אסנסס תות שדה מנטה 400מל,מיליליטרים,400.00,"100 מ""ל",false,6,17.90,4.4750,true,1,35683
8001090222572,false,"מרכך הרבל אסנסס תות שדה ומנטה 400 מ""ל",הרבל אסנס Herbal Essences,FR,מרכך הרבל אסנסס תות שדה מנטה 400מל,מיליליטרים,400.00,"100 מ""ל",false,6,17.90,4.4750,true,1,35684
8001090222725,false,"הרבל אסנסס - שמפו שמן מורינגה 400 מ""ל",הרבל אסנס Herbal Essences,FR,שמפו הרבל אסנסס שמן מורינגה 400מל,מיליליטרים,400.00,"100 מ""ל",false,6,17.90,4.4750,true,1,29367
8001090222756,false,"הרבל אסנסס - מרכך שמן מורינגה 400 מ""ל",הרבל אסנס Herbal Essences,FR,מרכך הרבל אסנסס שמן מורינגה 400מל,מיליליטרים,400.00,"100 מ""ל",false,6,17.90,4.4750,true,1,29369
8001090222848,false,"הרבל אסנסס - שמפו שיקום שמן ארגן 400 מ""ל",הרבל אסנס Herbal Essences,FR,שמפו הרבל אסנסס שמן ארגן 400מל,מיליליטרים,400.00,"100 מ""ל",false,6,17.90,4.4750,true,1,29366
8001090222879,false,"הרבל אסנסס - מרכך שיקום שמן ארגן 400 מ""ל",הרבל אסנס Herbal Essences,FR,מרכך הרבל אסנסס שמן ארגן 400מל,מיליליטרים,400.00,"100 מ""ל",false,6,17.90,4.4750,true,1,29368
8001090290830,false,"אוראל בי משחת שיניים- להלבנה פנינה בוהקת 75 מ""ל",פרוקטר אנד גמבל,DE,משחת שיניים אורל בי פנינה בוהקת 75מל,Unknown,0.00,Unknown,false,1,19.90,0.0000,true,1,40166
8001090290939,false,"אוראל בי משחת שיניים- להלבנה לובן בוהק 75 מ""ל",פרוקטר אנד גמבל,DE,משחת שיניים אורל בי לבן בוהק 75מל,Unknown,0.00,Unknown,false,1,19.90,0.0000,true,1,40165
8001090336354,false,פמפרס בייבי דריי חיתולים מידה 2 46 יח,פרוקטר אנד גמבל,DE,חיתולי פמפרס מידה 2 בייבי דריי 46יחידות,יחידה,46.00,יחידה,false,4,34.90,0.7587,true,1,30721
8001090336408,false,חיתולים בייבי דריי מידה 3 38 יח' פמפרס,פרוקטר אנד גמבל,DE,חיתולי פמפרס מידה 3 בייבי דריי 38יחידות,יחידה,38.00,יחידה,false,4,34.90,0.9184,true,1,30722
8001090336446,false,פמפרס בייבי דריי חיתולים מידה 4 34 יח,פרוקטר אנד גמבל,DE,חיתולי פמפרס מידה 4 בייבי דריי 34יחידות,יחידה,34.00,יחידה,false,4,34.90,1.0265,true,1,30723
8001090336491,false,פמפרס בייבי דריי חיתולים מידה +4 31 יח,פרוקטר אנד גמבל,DE,חיתולי פמפרס מידה 4+ בייבי דריי 31יחידות,יחידה,31.00,יחידה,false,4,34.90,1.1258,true,1,30724
8001090336521,false,פמפרס בייבי דריי חיתולים מידה 5 30 יח,פרוקטר אנד גמבל,DE,חיתולי פמפרס מידה 5 בייבי דריי 30יחידות,יחידה,30.00,יחידה,false,4,34.90,1.1633,true,1,30725
8001090336606,false,פמפרס בייבי דריי חיתולים מידה 6 26 יח,פרוקטר אנד גמבל,DE,חיתולי פמפרס מידה 6 בייבי דריי 26יחידות,יחידה,26.00,יחידה,false,4,34.90,1.3423,true,1,30726
8001090364104,false,"משחת שיניים אורל בי G&E אורגינל 75 מ""ל",פרוקטר אנד גמבל,DE,משחת שיניים אורל בי 75מל אורגינל אי אנד,Unknown,0.00,Unknown,false,1,14.90,0.0000,true,1,40160
8001090364159,false,"משחת שיניים אורל בי G&E רעננות מוגברת 75 מ""ל",פרוקטר אנד גמבל,DE,משחת שיניים אורל בי 75מל רעננות אי אנד,Unknown,0.00,Unknown,false,1,14.90,0.0000,true,1,40161
8001090364203,false,"משחת שיניים אורל בי G&E להלבנה עדינה 75 מ""ל",פרוקטר אנד גמבל,DE,משחת שיניים אורל בי 75מל הלבנה אי אנד,Unknown,0.00,Unknown,false,1,14.90,0.0000,true,1,40162
8001090375186,false,"פנטן מרכך מרוכז לצבע מלא חיים 200 מ""ל",פרוקטר אנד גמבל,FR,מרכך פנטן מרוכז 200מל לצבע מלא חיים,מיליליטרים,200.00,"100 מ""ל",false,1,17.90,8.9500,true,1,21010
8001090375230,false,"פנטן מרכך מרוכז 200 מ""ל לחות מוגברת",פרוקטר אנד גמבל,FR,מרכך פנטן מרוכז 200מל לחות מוגברת,מיליליטרים,200.00,"100 מ""ל",false,1,17.90,8.9500,true,1,21011
8001090375285,false,"מרכך מרוכז למגע רך כמשי 200 מ""ל פנטן",פרוקטר אנד גמבל,FR,מרכך פנטן מרוכז 200מל למגע רך כמשי,מיליליטרים,200.00,"100 מ""ל",false,1,17.90,8.9500,true,1,21012
8001090379337,false,פמפרס פרימיום קר חיתולים שלב 3 40 יח VP,פרוקטר אנד גמבל,PL,חיתולי פמפרס פרימיום וי פי מידה 3 40יח,יחידה,40.00,יחידה,false,1,31.90,0.7975,true,1,20366
8001090379368,false,פמפרס פרימיום קר חיתולים שלב 4 34 יח VP,פרוקטר אנד גמבל,PL,חיתולי פמפרס פרימיום וי פי מידה 4 34יח,יחידה,34.00,יחידה,false,1,31.90,0.9382,true,1,20367
8001090379399,false,פמפרס פרימיום קר חיתולים שלב 5 30 יח VP,פרוקטר אנד גמבל,PL,חיתולי פמפרס פרימיום וי פי מידה 5 30יח,יחידה,30.00,יחידה,false,1,31.90,1.0633,true,1,20364
8001090458353,false,סבון כלים פעולה אנטי-בקטריאלית אקליפטוס,פרוקטר אנד גמבל,GB,נוזל כלים פיירי אנטי בקטריאלי 515 מל,מיליליטרים,515.00,"100 מ""ל",false,1,10.90,2.1165,true,1,18968
8001090493637,false,"הד אנד שולדרס שמפו אולטרא טוטאל קר 450 מ""ל",פרוקטר אנד גמבל,RO,שמפו הד אנד שולדרס אולטרא טוטל קר 450מל,מיליליטרים,450.00,"100 מ""ל",false,1,19.90,4.4222,true,1,19797
8001090580122,false,"הד אנד שולדרס שמפו סופרים משקם 400 מ""ל",פרוקטר אנד גמבל,FR,שמפו הד אנד שולדרס סופרים משקם 400מל,מיליליטרים,400.00,"100 מ""ל",false,1,19.90,4.9750,true,1,26060
8001090645517,false,"הרבל אסנסס מרכך ג'ינג'ר 400 מ""ל",הרבל אסנס Herbal Essences,FR,מרכך הרבל אסנסס 400מל גינגר,מיליליטרים,400.00,"100 מ""ל",false,6,17.90,4.4750,true,1,38197
8001090678195,false,"הד אנד שולדרס מרכך סופרים לחות 275 מ""ל",פרוקטר אנד גמבל,FR,מרכך הד אנד שולדרס סופרים לחות 275מל,מיליליטרים,275.00,"100 מ""ל",false,6,14.90,5.4182,true,1,26064
8001090678225,false,"הד אנד שולדרס מרכך סופרים משקם 275 מ""ל",פרוקטר אנד גמבל,FR,מרכך הד אנד שולדרס סופרים משקם 275מל,מיליליטרים,275.00,"100 מ""ל",false,6,14.90,5.4182,true,1,26063
8001090678614,false,"שמפו סופרים לחות הד אנד שולדרס 400 מ""ל",פרוקטר אנד גמבל,FR,שמפו הד אנד שולדרס סופרים לחות 400מל,מיליליטרים,400.00,"100 מ""ל",false,1,19.90,4.9750,true,1,26061
8001090721099,false,טבליות ג'ל לכביסה 3 ב-1 בניחוח אביב הרים,פרוקטר אנד גמבל,FR,קפסולות לכביסה אריאל 27 יח,יחידה,27.00,יחידה,false,3,39.90,1.4778,true,1,23387
8001090802385,false,קפסולות גל לכביסה טייד בניחוח לנור 26 יח,פרוקטר אנד גמבל,FR,קפסולת גל כביסה טייד 26יח,יחידה,26.00,יחידה,false,3,31.90,1.2269,true,1,27840
8001090832450,false,"שמפו פנטן הנוסחה הקלאסית 660 מ""ל",פרוקטר אנד גמבל,RO,שמפו לשיער פנטן 660מל נוסחה קלאסית,מיליליטרים,660.00,"100 מ""ל",false,6,18.90,2.8636,true,1,36878
8001090832535,false,"שמפו פנטן שמן מרוקאי משקם 660 מ""ל",פרוקטר אנד גמבל,RO,שמפו לשיער פנטן 660מל שמן מרוקאי משקם,מיליליטרים,660.00,"100 מ""ל",false,6,18.90,2.8636,true,1,36879
8001090832573,false,"שמפו פנטן לחות מוגברת 660 מ""ל",פרוקטר אנד גמבל,RO,שמפו פנטן 660מל לחות מוגברת,מיליליטרים,660.00,"100 מ""ל",false,6,18.90,2.8636,true,1,36880
8001090832610,false,"שמפו פנטן למגע רך כמשי 660 מ""ל",פרוקטר אנד גמבל,RO,שמפו פנטן 660מל למגע רך כמשי,מיליליטרים,660.00,"100 מ""ל",false,6,18.90,2.8636,true,1,36881
8001090832696,false,"פנטן שמפו לתלתלים מושלמים 660 מ""ל",פרוקטר אנד גמבל,RO,שמפו פנטן 660מל לתלתלים מושלמים,מיליליטרים,660.00,"100 מ""ל",false,6,18.90,2.8636,true,1,36882
8001090832771,false,"פנטן שמפו להזנת קרטין 660 מ""ל",פרוקטר אנד גמבל,RO,שמפו פנטן 660מל קרטין,מיליליטרים,660.00,"100 מ""ל",false,6,18.90,2.8636,true,1,36883
8001090832818,false,מרכך פנטן הנוסחה הקלאסית לשיער רגיל ומעורב,פרוקטר אנד גמבל,RO,מרכך פנטן 660מל נוסחה קלאסית,מיליליטרים,660.00,"100 מ""ל",false,6,18.90,2.8636,true,1,36885
8001090832856,false,"פנטן 660 מ""ל קונדישינר מרוקאי משקם",פרוקטר אנד גמבל,RO,מרכך פנטן 660מל מרוקאי משקם,מיליליטרים,660.00,"100 מ""ל",false,6,18.90,2.8636,true,1,36886
8001090832894,false,מרכך לשיער חלש ופגום לחות מוגברת,פרוקטר אנד גמבל,RO,מרכך פנטן 660מל לחות מוגברת,מיליליטרים,660.00,"100 מ""ל",false,6,18.90,2.8636,true,1,36887
8001090832931,false,"פנטן 660 מ""ל קונדישינר למגע רך כמשי",פרוקטר אנד גמבל,RO,מרכך פנטן 660מל מגע רך כמשי,מיליליטרים,660.00,"100 מ""ל",false,6,18.90,2.8636,true,1,36888
8001090832979,false,"פנטן 660 מ""ל קונדישינר לתלתלים מושלמים",פנטן שמפו ומרכך ב 17,RO,מרכך פנטן 660מל תלתלים מושלמים,מיליליטרים,660.00,"100 מ""ל",false,6,18.90,2.8636,true,1,36889
8001090833051,false,"פנטן 660 מ""ל קונדישינר הזנת קרטין",פנטן שמפו ומרכך ב 17,RO,מרכך פנטן 660מל קרטין,מיליליטרים,660.00,"100 מ""ל",false,6,18.90,2.8636,true,1,36890
8001090833136,false,אריאל ג'ל כביסה בייבי 2.255 ליטר,פרוקטור אנד גמבל,FR,גל כביסה אריאל בייבי 2.255ליטר,מיליליטרים,2255.00,"100 מ""ל",false,4,34.90,1.5477,true,1,25318
8001090833167,false,גל כביסה אריאל בניחוח הרים 2.365 ליטר,פרוקטור אנד גמבל,FR,גל כביסה אריאל 2.365ליטר ניחוח הדרים,מיליליטרים,2365.00,"100 מ""ל",false,4,34.90,1.4757,true,1,25315
8001090833198,false,אריאל נוזל כביסה 2.47 ליטר ניחוח מרענן,פרוקטור אנד גמבל,FR,גל כביסה אריאל 2.365ליטר ניחוח מרענן,מיליליטרים,2365.00,"100 מ""ל",false,4,34.90,1.4757,true,1,25316
8001090833228,false,אריאל ג'ל כביסה קולור 2.365 ליטר,פרוקטור אנד גמבל,FR,גל כביסה אריאל קולור 2.365ליטר,מיליליטרים,2365.00,"100 מ""ל",false,4,34.90,1.4757,true,1,25317
8001090886385,false,לנור כדוריות הבושם בניחוח רענן 140 גרם,פרוקטור אנד גמבל,US,מבשם כביסה לנור כדוריות רענן 140גר,גרמים,140.00,100 גרם,false,1,19.90,14.2143,true,1,35850
8001090886460,false,לנור כדוריות הבושם בניחוח אביבי 140 גרם,פרוקטור אנד גמבל,US,מבשם כביסה לנור כדוריות אביבי 140גר,גרמים,140.00,100 גרם,false,1,19.90,14.2143,true,1,28653
8001090891273,false,לנור כדוריות בושם בניחוח סחלב 210 גרם,פרוקטר אנד גמבל,US,מבשם כביסה לנור כדוריות סחלב 210גר,גרמים,210.00,100 גרם,false,1,27.90,13.2857,true,1,35845
8001090899194,false,תחבושות אולוויז פלטינום נורמל 24 יחידות,פרוקטר אנד גמבל,DE,תחבושות אולוויז נורמל פלטינום 24יח,יחידה,24.00,יחידה,false,8,17.90,0.7458,true,1,30684
8001090899224,false,תחבושות אולוויז פלטינום לונג 20 יחידות,פרוקטר אנד גמבל,DE,תחבושות אולוויז לונג פלטינום 20יח,יחידה,20.00,יחידה,false,8,17.90,0.8950,true,1,30685
8001090899255,false,תחבושות אולוויז פלטינום לילה 16 יחידות,פרוקטר אנד גמבל,DE,תחבושות אולוויז לילה פלטינום 16יח,יחידה,16.00,יחידה,false,8,17.90,1.1187,true,1,30686
8001090899286,false,תחבושות אולוויז פלטינום לילה בטוח 14 יח',פרוקטר אנד גמבל,DE,תחבושות אולוויז לילה בטוח פלטינום 14יח,יחידה,14.00,יחידה,false,8,17.90,1.2786,true,1,30687
8001110016303,false,ליקר דיסארונו אמרטו 700,אילווה סרונו,IT,ליקר דיסארונו אמרטו 700 מל פקדון,מיליליטרים,700.00,"100 מ""ל",false,1,90.00,12.8571,true,1,8624
8001160000888,false,"גטורייד משקה ספורט תפוז 500 מ""ל",אקווה מינרלה סאן בנדטו,IT,משקה גטורייד ספורט תפוז 500 מל פיקדון,מיליליטרים,500.00,"100 מ""ל",false,1,10.00,2.0000,true,1,9783
8001160001786,false,"משקה אנרגיה גטורייד ספורט כחול 500מ""ל",אקווה מינרלה סאן בנדטו,IT,משקה גטורייד ספורט כחול 500 מל פיקדון,מיליליטרים,500.00,"100 מ""ל",false,1,10.00,2.0000,true,1,9782
8001160001892,false,"משקה אנרגיה גטורייד ספורט תפוז אדום 500מ""ל",אקווה מינרלה סאן בנדטו,IT,משקה גטורייד ספורט תפוז אדום 500מל פקדון,מיליליטרים,500.00,"100 מ""ל",false,1,10.00,2.0000,true,1,9784
8001250003652,false,פסטה רדיאטורי דה ציק,דה צ'אקו DE CECCO,,פסטה רדיאטורי מס 199 דה צקו 500 גר,גרמים,500.00,100 גרם,false,1,10.90,2.1800,true,1,10221
8001250009999,false,ניוקי דה ציקו תפוא 5,דה צ'אקו DE CECCO,,ניוקי תפוא 500 ג דה צקו,גרמים,500.00,100 גרם,false,1,10.90,2.1800,true,1,3175
8001250110015,false,דה צ'קו לזניית ביצים 500גר,אולירה אחים דה צ'קו,IT,לזניה דה צקו 500 גר,גרמים,500.00,100 גרם,false,1,18.90,3.7800,true,1,4378
8001250120120,false,ספגטי דה ציקו 500 גר,דה צ'אקו DE CECCO,,פסטה ספגטי מס 12 דה צקו 500 גר,גרמים,500.00,100 גרם,false,1,10.90,2.1800,true,1,4385
8001250120229,false,פסטה פסטונטי דה ציקו,,,פסטה פסטונטי מס 22 דה צקו 500 ג,גרמים,500.00,100 גרם,false,1,10.90,2.1800,true,1,7631
8001250120243,false,פסטה ריגטוני דה ציקו,דה צ'אקו DE CECCO,,פסטה ריגטוני מס 24 דה צקו 500 גר,גרמים,500.00,100 גרם,false,1,10.90,2.1800,true,1,6512
8001250120267,false,פסטה ריגטוני קצר מס,,,פסטה ריגטוני קצר מס 28 דה צקו 500 גר,גרמים,500.00,100 גרם,false,1,10.90,2.1800,true,1,6513
8001250120335,false,קיפרי ריגטי 500 גרם DE CECCO,,,פסטה קיפרי ריגטי מס 33 דה צקו 500 גר,גרמים,500.00,100 גרם,false,1,10.90,2.1800,true,1,6514
8001250120342,false,פסטה פוזילי דה ציקו,דה צ'אקו DE CECCO,,פסטה פוזיליני מס 34 דה צקו 500 גר,גרמים,500.00,100 גרם,false,1,10.90,2.1800,true,1,4386
8001250120410,false,פסטה פנה ריגטה דה צ',דה צ'אקו DE CECCO,IT,פסטה פנה מס 41 דה צקו 500 ג,גרמים,500.00,100 גרם,false,1,10.90,2.1800,true,1,4373
8001250120465,false,פסטה קונכיות ניוקי מ,,,פסטה קונכיות ניוקי מס 46 דה צקו 500 ג,גרמים,500.00,100 גרם,false,1,10.90,2.1800,true,1,4380
8001250120502,false,פסטה קונצילי דה ציקו,,,פסטה קונצלי מס 50 דה צקו 500 ג,גרמים,500.00,100 גרם,false,1,10.90,2.1800,true,1,6515
8001250120878,false,פסטה קוואטאפי דה ציק,,,פסטה קוואטאפי מס 87 דה צקו 500 ג,גרמים,500.00,100 גרם,false,1,10.90,2.1800,true,1,6517
8001250120885,false,חונקי כמרים 500 גרם DE CECCO,דה צ'אקו DE CECCO,,פסטה חונקי כמרים מס 88 דה צקו 500 ג,גרמים,500.00,100 גרם,false,1,10.90,2.1800,true,1,6518
8001250120908,false,פסטה ראקט דה ציקו 50,דה צ'אקו DE CECCO,,פסטה ראקט מס 90 דה צקו 500 ג,גרמים,500.00,100 גרם,false,1,10.90,2.1800,true,1,6519
8001250120915,false,פסטה אורקייטה דה ציק,,,פסטה אורקייטה מס 91 דה צקן 500 גר,גרמים,500.00,100 גרם,false,1,10.90,2.1800,true,1,6539
8001250120939,false,פסטה פרפלה דה ציקו 5,,,פסטה פרפלה מס 93 דה צקו 500 ג,גרמים,500.00,100 גרם,false,1,10.90,2.1800,true,1,6520
8001250121813,false,אטריות דה צקו פיליני,,,אטריות דה צקו פיליני 500 גרם,גרמים,500.00,100 גרם,false,1,10.90,2.1800,true,1,21002
8001250121981,false,פוזילי מסולסל 500 גרם DE CECCO,,,פסטה פוזילי מסולסל מס 198 דה צקו 500 ג,גרמים,500.00,100 גרם,false,1,10.90,2.1800,true,1,7632
8001250145413,false,פסטה פנה טריקולור דה,,,פסטה פנה טריקולור דה צקו 500 ג,גרמים,500.00,100 גרם,false,1,13.90,2.7800,true,1,4948
8001250152015,false,פסטה דורום פפרדלה דה,אולירה אחים דה צ'קו,IT,פסטה פפרדלה קופסא דה צקו 500 ג,גרמים,500.00,100 גרם,false,1,14.90,2.9800,true,1,4377
8001250152091,false,דה ציקו פסטה קפלי דיאנג'לו 500 גרם,אולירה אחים דה צ'קו,IT,פסטה קפלי דאנגלו מס 209 דה צקו 500 ג,גרמים,500.00,100 גרם,false,1,14.90,2.9800,true,1,4376
8001250152336,false,פסטה פיטוציני דה צקו,אולירה אחים דה צ'קו,IT,פסטה פיטוציני מס 233 דה צקו 500 ג,גרמים,500.00,100 גרם,false,1,14.90,2.9800,true,1,4379
8001250201003,false,קנלוני צינורות פסטה,אולירה אחים דה צ'קו,IT,קנלוני דה צקו 250 ג,גרמים,250.00,100 גרם,false,1,14.90,5.9600,true,1,4375
8001250201034,false,פטוציני ביצים 250 גרם DE CECCO,DE CECCO,IT,פסטה פטוציני ביצים מס 103 דה צקו 250 גר,גרמים,250.00,100 גרם,false,1,12.90,5.1600,true,1,6521
8001250219138,false,רוטב סיציליאנה 400 ג' DE CECCO,,,רוטב פסטה סיציליאנה דה צקו 400 גר,גרמים,400.00,100 גרם,false,1,10.90,2.7250,true,1,10092
8001250219145,false,רוטב ארביאטה 400 גרם DE CECCO,,,רוטב פסטה ארביאטה דה צקו 400 גר,גרמים,400.00,100 גרם,false,1,10.90,2.7250,true,1,6524
8001250219169,false,רוטב נפוליטנה 400 גרם DE CECCO,,,רוטב פסטה נפוליטנה דה צקו 400 גר,גרמים,400.00,100 גרם,false,1,10.90,2.7250,true,1,6525
8001250250018,false,"שמן זית EXTRA VIRGIN CLASSICO (כחול) 750 מ""ל",VIRGINIAS INDUSTRIAS,IT,שמן זית כתית מעולה 750 מל קלאסיקו,מיליליטרים,750.00,"100 מ""ל",false,1,39.90,5.3200,true,1,6571
8001250310125,false,ספגטי חיטה מלאה 500 גרם DE CECCO,,,ספגטי חיטה מלאה 12 דה צקו 500 גר,גרמים,500.00,100 גרם,false,1,11.90,2.3800,true,1,6530
8001250310415,false,פנה חיטה מלאה 500 גרם DE CECCO,,,פסטה פנה חיטה מלאה 41 דה צקו 500 גר,גרמים,500.00,100 גרם,false,1,11.90,2.3800,true,1,6531
8001420001327,false,אורז ריזוטו ארבוריו 500 גרם,ריזו גאלו,IT,אורז ריזוטו ארבוריו גאלו 500 גרם,גרמים,500.00,100 גרם,false,1,13.90,2.7800,true,1,2993
8001420005608,false,ריזוטו אורז 3 דגנים 400 גר,ריזו גאלו,IT,אורז ריזוטו שלושה דגנים 400 גרם,גרמים,400.00,100 גרם,false,1,16.00,4.0000,true,1,14126
8001420006360,false,אורז ריזוטו פרונטו כמהין 175 גרם,ריזו גאלו,IT,ריזוטו להכנה מהירה פטריות כמהין 175 גרם,גרמים,175.00,100 גרם,false,6,16.90,9.6571,true,1,38671
8001435310018,false,בירה מורטי 330מל בקב,הייניקן,IT,בירה מורטי 330מל בקבוק פקדון,מיליליטרים,330.00,"100 מ""ל",false,1,8.90,2.6970,true,1,30784
8001505000160,false,מעדן דובדבנים אורגני 250 גר FIORDIFRUTT,פיור די פרוטה,IT,מעדן דובדבן אורגני 250 גר,גרמים,250.00,100 גרם,false,1,18.90,7.5600,true,1,17085
8001505000177,false,נטורפוד מעדן משמש אורגני 250 גרם,פיור די פרוטה,IT,מעדן משמש אורגני 250 גר,גרמים,250.00,100 גרם,false,1,18.90,7.5600,true,1,17086
8001505000184,false,מעדן אוכמניות אורגני 250 גר FIORDIFRUTT,אף.סי תבליני בגליל ב,IT,מעדן אוכמניות אורגני 250 גר,גרמים,250.00,100 גרם,false,1,18.90,7.5600,true,1,17087
8001505000283,false,מעדן פטל אורגני 250 גר FIORDIFRUTTA,אף.סי תבליני בגליל ב,IT,מעדן פטל אורגני 250 גר,גרמים,250.00,100 גרם,false,1,18.90,7.5600,true,1,17088
8001505000306,false,נטורפוד מעדן פירות יער אורגני 250 גרם,פיור די פרוטה,IT,מעדן פירות יער אורגני 250 גר,גרמים,250.00,100 גרם,false,1,18.90,7.5600,true,1,17089
8001505000313,false,ממרח אגוזי לוז אורגני 270 גרם NICCIOLATA,ריג'וני דה אסינו,IT,ממרח אגוזי לוז אורגני 270 גר,גרמים,270.00,100 גרם,false,1,19.90,7.3704,true,1,17095
8001505000320,false,מעדן תותי יער אורגני 250 ג FIORDIFRUTTA,אף.סי תבליני בגליל ב,IT,מעדן תותי בר אורגני 250 גר,גרמים,250.00,100 גרם,false,1,18.90,7.5600,true,1,17090
8001505000498,false,מעדן לימונים 250 ג FIORDIFRUTTA,פיור די פרוטה,IT,מעדן לימונים אורגני 250 גר,גרמים,250.00,100 גרם,false,1,18.90,7.5600,true,1,17093
8001505000573,false,מעדן דומדמניות שחורות אורגני 250 גרם,פיור די פרוטה,IT,מעדן דומדומניות שחורות אורגני 250 גר,גרמים,250.00,100 גרם,false,1,18.90,7.5600,true,1,17092
8001505000580,false,מעדן אפרסק 250 ג FIORDIFRUTTA,פיור די פרוטה,IT,מעדן אפרסק אורגני 250 גר,גרמים,250.00,100 גרם,false,1,18.90,7.5600,true,1,17094
8001505001105,false,ממרח אגוזי לוז פרווה אורגני 270 גרם,ריג'\וני דה אסינו,IT,ממרח אגוזי לוז לא חלבי אורגני 270 גר,גרמים,270.00,100 גרם,false,1,19.90,7.3704,true,1,18625
8001505001785,false,ממרח אגוזי לוז לבן אורגני 270 גרם,ריגוני די אסיי ישראל,IT,ממרח אגוזי לוז לבן אורגני 270 גר,גרמים,270.00,100 גרם,false,6,19.90,7.3704,true,1,28776
8001561015580,false,ריבת בצל סגול איטלקית 300 גרם,,,ריבת בצל אדום איטלקית 300 גרם,גרמים,300.00,100 גרם,false,1,25.90,8.6333,true,1,37273
8001561024131,false,גושי טונה בהירה עם צילי חריף 3*80 גרם,גיאצינטו קליפו,IT,מארז 3 יח טונה קליפו בשמן זית חאיף 80 גר,גרמים,240.00,100 גרם,false,32,24.90,10.3750,true,1,40528
8001561101252,false,פילה טינה וונטרסקה ב,גיאצינטו קליפו,IT,פילה טינה וונטרסקה בשמן זית 125 גרם,גרמים,125.00,100 גרם,false,24,41.90,33.5200,true,1,40514
8001561301706,false,שימורי טונה 160 גרם CALLIPO,קליפו קונסרב,IT,טונה קליפו במן זית פח 160 גרם,גרמים,160.00,100 גרם,false,1,16.90,10.5625,true,1,22185
8001561321704,false,מארז טונה בשמן זית 2* 160 גר CALIPO,גיאצינטו קליפו,IT,זוג טונה בשמן זית קליפו 2/160גר,גרמים,320.00,100 גרם,false,24,32.90,10.2812,true,1,40507
8001561521708,false,גושי טונה במיי מלח זוגות 2*160 גר קליפו,גיאצינטו קליפו,IT,זוג טונה קליפו במים 160 גרם,גרמים,320.00,100 גרם,false,24,29.90,9.3437,true,1,40510
8001620011935,false,"סן בנדטו- מים מינרלים מוגז - מארז שישיית 500 מ""ל",אקווה מינרלה סאן בנד,IT,מארז 6יח מים סן בנדטו מוגז 500 מל פיקדון,מיליליטרים,3000.00,"100 מ""ל",false,1,12.90,0.4300,true,1,8390
8001620015612,false,"משקה פירות פרוטה-גזר תפוז לימון 400 מ""ל סאן בנדטו",אקווה מינרלה סאן בנדטו ב,IT,משקה סן בנדטו תפוז לימון 400מל,מיליליטרים,400.00,"100 מ""ל",false,12,7.90,1.9750,true,1,39139
8001620015636,false,"משקה פירות פרוטה-מיקס פירות 400 מ""ל סאן בנדטו",אקווה מינרלה סאן בנדטו ב,IT,משקה סן בנדטו מיקס פירות 400מל,מיליליטרים,400.00,"100 מ""ל",false,12,7.90,1.9750,true,1,39140
8001620018248,false,"מים מינרלים 750 מ""ל סאן בנדטו-פקק ספורט",אקווה מינרלה סאן בנדטו ב,IT,מים סן בנדטו 750 מל פקק ספורט,מיליליטרים,750.00,"100 מ""ל",false,1,5.00,0.6667,true,1,28468
8001620018408,false,"משקה פירות בטעם מנגו תפוח 400 מ""ל פרוטה",אקווה מינרלה סאן בנדטו ב,IT,משקה סן בנדטו מנגו תפוח 400מל,מיליליטרים,400.00,"100 מ""ל",false,12,7.90,1.9750,true,1,46504
8001655001017,false,אורז ארבוריו ריזוטו,,IT,אורז ארבוריו ריזוטו 1 קג,קילוגרמים,1.00,"ק""ג",false,6,19.90,19.9000,true,1,47161
8001660101757,false,יין רופינו קיאנטי 75,,,יין רופינו קיאנטי 750 מל פקדון,מיליליטרים,750.00,"100 מ""ל",false,1,45.00,6.0000,true,1,2441
8001660109753,false,יין רופינו קיאנטי קל,רופינו,IT,יין רופינו קיאנטי קלסיקו דוקלה750מל פקדו,מיליליטרים,750.00,"100 מ""ל",false,1,110.00,14.6667,true,1,3529
8001660126736,false,יין רופינו אורביטו,רופינו,IT,רופינו 375 מל אורבייטו פיקדון,מיליליטרים,375.00,"100 מ""ל",false,12,40.00,10.6667,true,1,29932
8001660126750,false,רופינו אורבייטו קלאס,,,יין רופינו אורבייטו קלסיקו 750 מל פקדון,מיליליטרים,750.00,"100 מ""ל",false,1,45.00,6.0000,true,1,3530
8001660197156,false,יין רופינו פינו גריג,,,יין רופינו פינו גריגיו 750 מל,מיליליטרים,750.00,"100 מ""ל",false,1,60.00,8.0000,true,1,21677
8001660251131,false,יין רופינו קיאנטי רז,,,יין רופינו קיאנטי רזרבה 750 מל,מיליליטרים,750.00,"100 מ""ל",false,1,75.00,10.0000,true,1,21678
8001780499307,false,דובדבני אמרנה בסירופ,פאברי Fabbri,IT,דובדבני אמרנה 230 גר פאברי,גרמים,230.00,100 גרם,false,1,29.90,13.0000,true,1,30551
8001841006710,false,לנור כדוריות הריח בניחוח רענן 210 גרם,פרוקטר אנד גמבל,US,מבשם כביסה לנור כדוריות רענן 210גר,גרמים,210.00,100 גרם,false,1,27.90,13.2857,true,1,35846
8001841019291,false,קפסולות לכביסה בניחוח לנור אריאל 16 יחידות,פרוקטר אנד גמבל,FR,קפסולות לכביסה אריאל 16יח בניחוח לנור,יחידה,16.00,יחידה,false,6,19.90,1.2437,true,1,45154
8001841062624,false,פמפרס מגבונים לחים ללא בישום רביעייה,פרוקטר אנד גמבל.,DE,מארז מגבוני פמפרס 4יח ללא בישום 52יח,יחידה,204.00,יחידה,false,3,16.90,0.0828,true,1,38292
8001841077949,false,מארז מגבוני פמפרס בניחוח מרענן - רביעייה,פרוקטר אנד גמבל,DE,מארז מגבוני פמפרס 4יח פרש 52יח,יחידה,204.00,יחידה,false,3,16.90,0.0828,true,1,30727
8001841104751,false,פמפרס פרימיום קר חיתולים שלב 1 52 יח VP,פרוקטר אנד גמבל,PL,חיתולי פמפרס פרימיום וי פי מידה 1 52יח,יחידה,52.00,יחידה,false,1,31.90,0.6135,true,1,28216
8001841104799,false,פמפרס פרימיום קר חיתולים שלב 2 46 יח VP,פרוקטר אנד גמבל,PL,חיתולי פמפרס פרימיום וי פי מידה 2 46יח,יחידה,46.00,יחידה,false,1,31.90,0.6935,true,1,28214
8001841105093,false,פמפרס פרימיום קר חיתולים שלב 6 26 יח VP,פרוקטר אנד גמבל,PL,חיתולי פמפרס פרימיום וי פי מידה 6 26יח,יחידה,26.00,יחידה,false,1,31.90,1.2269,true,1,28215
8001841137179,false,קונדישינר הד&שולדרס הנוסחה הקלאסית 275מל,פרוקטר אנד גמבל,RO,מרכך הד אנד שולדרס קלאסי 275מל,מיליליטרים,275.00,"100 מ""ל",false,6,14.90,5.4182,true,1,30732
8001841137216,false,"קונדישנר למגע רך כמשי הד אנד שולדרס 275 מ""ל",פרוקטר אנד גמבל,RO,מרכך הד אנד שולדרס מגע רך 275מל,מיליליטרים,275.00,"100 מ""ל",false,6,14.90,5.4182,true,1,30733
8001841198248,false,"דאו ספריי לגבר ארטיק אייס ג'ילט 150 מ""ל",פרוקטר אנד גמבל,GB,דאודורנט גילט ספריי ארטיק אייס 150מל,מיליליטרים,150.00,"100 מ""ל",false,1,19.90,13.2667,true,1,31653
8001841272757,false,אורל-בי משחת שיניים להלבנה פחם- לניקוי עמוק,פרוקטור אנד גמבל,DE,משחת שיניים אורל בי להלבנה פחם 75מל,Unknown,0.00,Unknown,false,1,19.90,0.0000,true,1,46481
8001841427126,false,מגן תחתון אולוויז מגה פק פרו פרש נורמל 64 יחי,פרוקטר אנד גמבל,DE,מגן תחתון אולדייז מגה פק פרו פרש נורמל64,יחידה,64.00,יחידה,false,4,17.90,0.2797,true,1,33867
8001841500799,false,"הרבל אסנסס - שמפו ללא סולפטים אלוורה ומנגו 380 מ""ל",הרבל אסנס Herbal Essences,FR,שמפו הרבל אסנסס ללא סולפטים 380מל מנגו,מיליליטרים,380.00,"100 מ""ל",false,6,17.90,4.7105,true,1,37238
8001841500942,false,"הרבל אסנסס - שמפו ללא סולפטים אלוורה ובמבוק 380 מ""ל",הרבל אסנס Herbal Essences,FR,שמפו הרבל אסנסס ללא סולפטים 380מל במבוק,מיליליטרים,380.00,"100 מ""ל",false,6,17.90,4.7105,true,1,37239
8001841502298,false,"הרבל אסנסס - מרכך ללא סולפטים אלוורה ומנגו 275 מ""ל",הרבל אסנס Herbal Essences,FR,מרכך הרבל אסנסס ללא סולפטים 275מל מנגו,מיליליטרים,275.00,"100 מ""ל",false,6,17.90,6.5091,true,1,37240
8001841502601,false,"הרבל אסנסס - מרכך ללא סולפטים אלוורה ובמבוק 275 מ""ל",הרבל אסנס Herbal Essences,FR,מרכך הרבל אסנסס ללא סולפטים 275מל במבוק,מיליליטרים,275.00,"100 מ""ל",false,6,17.90,6.5091,true,1,37241
8001841625188,false,סבון כלים פלטינום לימון X3 פעולות להסרת שומנים,פרוקטר אנד גמבל,GB,נוזל כלים פיירי פלטינום לימון 515מל,מיליליטרים,515.00,"100 מ""ל",false,16,10.90,2.1165,true,1,32885
8001841625461,false,סבון כלים פלטינום X3 פעולות להסרת שומנים,פרוקטר אנד גמבל,GB,נוזל כלים פיירי פלטינום אורגינל 515מל,מיליליטרים,515.00,"100 מ""ל",false,16,10.90,2.1165,true,1,32886
8001841660257,false,מסכת מינרלס במבוק לשיער חזק וארוך,פנטן Pantene,FR,מסכת שיער פנטן מיראקלס במבוק 160מל,מיליליטרים,160.00,"100 מ""ל",false,6,18.90,11.8125,true,1,39706
8001841660530,false,קרם לחות מינרלס במבוק + חלבון משקם לשיער ארוך,פנטן Pantene,FR,קרם לחות לשיער פנטן מיראקלס במבוק 270מל,מיליליטרים,270.00,"100 מ""ל",false,6,18.90,7.0000,true,1,39704
8001841669465,false,קפסולות לכביסה אריאל בניחוח לנור 24 יחידות,פרוקטר אנד גמבל,FR,קפסולות לכביסה אריאל קולור 24 יח,יחידה,27.00,יחידה,false,3,39.90,1.4778,true,1,37729
8001841680989,false,מגן תחתון אולוויז מגה פק פרו פרש לארג' 60 יחי,פרוקטר אנד גמבל,DE,מגן תחתון אולדייז מגה פק פרו פרש לארג 60,יחידה,60.00,יחידה,false,4,17.90,0.2983,true,1,33868
8001841715957,false,"ג'ל רחצה ושמפו ניקוי אינטנסיסי האד אנד שולדרס 360 מ""ל","נארז ע""י : א.ג. גילר",FR,גל רחצה ושמפו שולדרס אינטנסיבי 360מל,מיליליטרים,360.00,"100 מ""ל",false,6,19.90,5.5278,true,1,40154
8001841716312,false,"ג'ל רחצה ושמפו ספורט האד אנד שולדרס 360 מ""ל","פרוקטר אנד גמבל, צרפ",FR,גל רחצה ושמפו שולדרס ספורט 360מל,מיליליטרים,360.00,"100 מ""ל",false,6,19.90,5.5278,true,1,40155
8001841716435,false,"ג'ל רחצה ושמפו לעור רגיש האד אנד שולדרס 360 מ""ל","נארז ע""י : א.ג. גילר",FR,גל רחצה ושמפו שולדרס לעור רגיש 360מל,מיליליטרים,360.00,"100 מ""ל",false,6,19.90,5.5278,true,1,40156
8001841716596,false,"ג'ל רחצה ושמפו מרענן האד אנד שולדרס 360 מ""ל","נארז ע""י : א.ג. גילר",FR,גל רחצה ושמפו שולדרס מרענן 360מל,מיליליטרים,360.00,"100 מ""ל",false,6,19.90,5.5278,true,1,40157
8001841893990,false,פיירי טבליות למדיח פלטינום פלוס - מארז 30 יח',פרוקטר אנד גמבל,BE,פיירי טבליות למדיח פלטינום פלוס 30 יח,יחידה,30.00,יחידה,false,4,39.90,1.3300,true,1,37050
8001841941929,false,אולוויז וליו פק לילה בטוח אקסטרא 16 יחידות,פרוקטר אנד גמבל,DE,תחבושות אולוויז לילה בטוח אקסטרא 16יח,יחידה,16.00,יחידה,false,1,17.90,1.1187,true,1,40158
8001841943961,false,לנור כדוריות בושם בניחוח אוקיינוס 210 גר,פרוקטר אנד גמבל,US,מבשם כביסה לנור כדוריות אוקיינוס 210גר,גרמים,210.00,100 גרם,false,1,27.90,13.2857,true,1,35848
8001841960081,false,פיירי טבליות למדיח פלטינום הכל באחד - מארז 37 יח',פרוקטר אנד גמבל,BE,פיירי טבליות למדיח פלטינום 37 יחידות,יחידה,37.00,יחידה,false,1,39.90,1.0784,true,1,37049
8001876002107,false,אורז ארבוריו קולביטה,ריסרייה ויניולה גיוב,IT,אורז ארבוריו קולביטה 500 גרם,גרמים,500.00,100 גרם,false,12,15.90,3.1800,true,1,28336
8001876002152,false,קוסקוס קולביטה בנוני,סיפה אינטרנשיונל אס.,IT,קוסקוס קולביטה בנוני 500 גרם,גרמים,500.00,100 גרם,false,12,12.90,2.5800,true,1,28334
8001876012588,false,שמן זית כתית מעולה י,COLAVITA SpA,,שמן זית כתית מעולה ים תיכוני 750 מל,מיליליטרים,750.00,"100 מ""ל",false,1,45.00,6.0000,true,1,8851
8001876012595,false,שמן זית קולאויטה כתי,COLAVITA SpA,,שמן זית קולאויטה כתית מעולה יווני 750 מל,מיליליטרים,750.00,"100 מ""ל",false,1,45.00,6.0000,true,1,8850
8001876020088,false,שמן זית קולאויטה כתי,COLAVITA SpA,IT,שמן זית קולאויטה כתית מעולה 750 מל,מיליליטרים,750.00,"100 מ""ל",false,1,45.00,6.0000,true,1,7550
8001876550028,false,חומץ יין לבן קולוויט,COLAVITA SpA,IT,חומץ יין לבן 500 מל קולאויטא,מיליליטרים,500.00,"100 מ""ל",false,1,22.50,4.5000,true,1,6775
8001876550042,false,חומץ יין אדום קולווי,COLAVITA SpA,IT,חומץ יין אדום 500 מל קולאויטא,מיליליטרים,500.00,"100 מ""ל",false,1,22.50,4.5000,true,1,6774
8001876550561,false,חומץ בלסמי מדנה קולו,COLAVITA SpA,IT,חומץ בלסמי ממודנה 500 מל קולאויטא,מיליליטרים,500.00,"100 מ""ל",false,1,27.50,5.5000,true,1,6772
8001876552459,false,חומץ בלסמי מיושן ממו,DE NIGRIS,IT,חומץ בלסמי מיושן ממודנה 250 מל,מיליליטרים,250.00,"100 מ""ל",false,1,41.00,16.4000,true,1,8852
8001876552541,false,חומץ בלסמי לבן קולוו,DE NIGRIS,IT,חומץ בלסמי לבן 500 מל קולאויטא,מיליליטרים,500.00,"100 מ""ל",false,1,27.50,5.5000,true,1,6773
8001900234054,false,יין למברוסקו פריזנטה,איטליה גרופו איטליאנ,,יין רוזה למברוסקו מבעבע 750 מל פקדון,מיליליטרים,750.00,"100 מ""ל",false,1,35.00,4.6667,true,1,5262
8001900527057,false,למברוסקו רוסו קוויקי,איטליה גרופו איטליאנ,,יין אדום למברוסקו מבעבע 750 מל פקדון,מיליליטרים,750.00,"100 מ""ל",false,1,35.00,4.6667,true,1,5260
8001900628051,false,למברוסקו לבן קוויקיו,איטליה גרופו איטליאנ,,יין לבן למברוסקו מבעבע 750 מל פקדון,מיליליטרים,750.00,"100 מ""ל",false,1,35.00,4.6667,true,1,5261
8001900677059,false,יין מלווזיה אמבילה ח,איטליה גרופו איטליאנ,,יין מלווזיה אמבילה חצי מתוק 750 מל פקדון,מיליליטרים,750.00,"100 מ""ל",false,1,45.00,6.0000,true,1,8673
8001906998561,false,יין פרוסקו מבעבע לבן,Unknown,,יין פרוסקו פרימוב לבן מבעבע 750 מל פיקדו,מיליליטרים,750.00,"100 מ""ל",false,1,60.00,8.0000,true,1,46543
8001935002079,false,יין איל ברושטו אנטינ,איטליה אנטינורי,,יין איל ברושטו אנטינורי 750 מל פקדון,מיליליטרים,750.00,"100 מ""ל",false,1,110.00,14.6667,true,1,8699
8001935002611,false,יין לה מאסטרלה אנטינ,איטליה אנטינורי,,יין לה מאסטרלה אנטינורי 750מל פקדון,מיליליטרים,750.00,"100 מ""ל",false,1,60.00,8.0000,true,1,10314
8001935005575,false,יין קונט הוגו אינטינ,אנטינורי,,יין קונט הוגו אינטינורי 750 מל,מיליליטרים,750.00,"100 מ""ל",false,1,185.00,24.6667,true,1,14357
8001935221401,false,וילה אנטינורי אדום 750 מל,איטליה אנטינורי,,יין אדום וילה אנטינורי 750 מל פקדון,מיליליטרים,750.00,"100 מ""ל",false,1,80.00,10.6667,true,1,2128
8001935294504,false,יין אדום פפולי קיאנט,איטליה אנטינורי,,יין אדום פפולי קיאנטי קלאסיקו 750מל פקדו,מיליליטרים,750.00,"100 מ""ל",false,1,80.00,10.6667,true,1,8705
8001935333203,false,יין אורבייטו קאסאסול,איטליה אנטינורי,,יין אורבייטו קאסאסולה 750 מל פקדון,מיליליטרים,750.00,"100 מ""ל",false,1,60.00,8.0000,true,1,8698
8001935353201,false,ווילה אנטינורי לבן 750 מל,איטליה אנטינורי,,יין לבן וילה אנטינורי 750 מל פיקדן,מיליליטרים,750.00,"100 מ""ל",false,1,60.00,8.0000,true,1,6386
8001935361404,false,יין אדום סנטה קריסטי,איטליה אנטינורי,,יין אדום סנטה קריסטינה אנטינ750 מל פקדון,מיליליטרים,750.00,"100 מ""ל",false,1,60.00,8.0000,true,1,2124
8001935650102,false,יין בראמיטו דל צרוו,אנטינורי,,יין בראמיטו דל צרוו 750 מל,מיליליטרים,750.00,"100 מ""ל",false,1,100.00,13.3333,true,1,20210
8001943549122,true,מטבעות שוקולד צוקטה,,IT,מטבעות שוקולד צוקטה 40 גרם,Unknown,0.00,Unknown,false,50,4.90,0.0000,true,1,45463
8002062000068,false,יין קמפיורין מאסי 75,מאסי,IT,יין קמפיורין מאסי 750 מל פיקדון,מיליליטרים,750.00,"100 מ""ל",false,1,100.00,13.3333,true,1,7977
8002062000099,false,יין סרגו אליגרי רוסו,מאסי,,יין סרגו אליגרי רוסו 750 מל פיקדון,מיליליטרים,750.00,"100 מ""ל",false,1,80.00,10.6667,true,1,17943
8002062000105,false,יין סרגו אליגרי ביאנ,מאסי,,יין סרגו אליגרי ביאנקו 750 מל פיקדון,מיליליטרים,750.00,"100 מ""ל",false,1,80.00,10.6667,true,1,17942
8002062001522,false,מודלו דלה ונציה מאסי 750 מל,מאסי,,יין מודלו רוסו דלה ונציה 750 מל פיקדון,מיליליטרים,750.00,"100 מ""ל",false,1,60.00,8.0000,true,1,6276
8002062001560,false,מודלו דלה ונציה ביאנקו מאסי 750 מל,מאסי,,יין מודלו ביאנקו דלה ונציה 750 מל פיקדון,מיליליטרים,750.00,"100 מ""ל",false,1,60.00,8.0000,true,1,7975
8002062001607,false,יין פאסדובלה מאסי 75,מאסי,,יין פאסדובלה מאסי 750 מל פיקדון,מיליליטרים,750.00,"100 מ""ל",false,1,70.00,9.3333,true,1,7978
8002062001652,false,"מאסינקו ביאנקו פינו גריגיו מאסי 750 מ""ל",מאסי,,יין מאסיאניקו פינו גריגיו 750 מל פיקדון,מיליליטרים,750.00,"100 מ""ל",false,1,70.00,9.3333,true,1,7976
8002062006510,false,יין רוזה די מאסי 750,מאסי,,יין רוזה די מאסי 750 מל פיקדון,מיליליטרים,750.00,"100 מ""ל",false,1,100.00,13.3333,true,1,17940
8002110383709,false,נוטרוגינה ס.נורבגית ק.ידיים לא מבושם 50מל,ניוטרוג'ינה Neutrogena,FR,קרם ידיים ניוטרוגינה לא מבושם 50 מל,Unknown,0.00,Unknown,false,1,25.90,0.0000,true,1,20353
8002130050216,false,אורז ארבוריו לריזוטו,ריזריה ויניולה ג'יוב,IT,אורז ארבוריו לריזוטו וינולה 500 גרם,גרמים,500.00,100 גרם,false,1,15.90,3.1800,true,1,17446
8002130202431,false,אורז אסור-ונורה וינו,ריזריה ויניולה ג'יוב,IT,אורז אסור-ונורה וינולה 500 גרם,גרמים,500.00,100 גרם,false,1,35.00,7.0000,true,1,17447
8002153208540,false,יין קמפו די מרצו נגר,,,יין קמפו די מרצו נגרו אמרו 750 מל,מיליליטרים,750.00,"100 מ""ל",false,1,45.00,6.0000,true,1,16164
8002153216002,false,יין קמפו די מרצו סנג,,,יין קמפו די מרצו סנגובזה 750 מל,מיליליטרים,750.00,"100 מ""ל",false,1,45.00,6.0000,true,1,15983
8002153220016,false,יין קורבלי קסטלני רו,,,יין קורבלי קסטלני רוזה 750 מל,מיליליטרים,750.00,"100 מ""ל",false,1,45.00,6.0000,true,1,29013
8002213004068,false,קמח לפיצה ורוד 1 קג,,,קמח לפיצה ורוד 1 קג,קילוגרמים,1.00,"ק""ג",false,1,11.90,11.9000,true,1,13806
8002213008332,false,תערובת להכנת פוקצה ס,,IT,תערובת להכנת פוקצה ספאדוני 500 גרם,גרמים,500.00,100 גרם,false,6,17.90,3.5800,true,1,39939
8002230000012,false,מארז משקה קוקטייל אפ,אלכוהול (איי.בי.בי),IT,ליקר אפרול 1 ליטר פיקדון,ליטרים,1.00,ליטר,false,1,89.00,89.0000,true,1,9439
8002267014662,false,שלישייה ביצי שוקולד חלב עם צעצוע ברבי,צ'וקטה Chocketa,IT,ביצי הפתעה ברבי שלשות 60 גרם,Unknown,0.00,Unknown,false,16,11.90,0.0000,true,1,24891
8002267014945,false,שלישייה ביצי שוקולד חלב עם צעצוע הוט ווילס,ואל קור קורסניני אס אנ ס,IT,ביצי הפתעה הוט ווילס שלשות 60 גרם,Unknown,0.00,Unknown,false,16,11.90,0.0000,true,1,24892
8002267016475,false,ביצת שוקולד הפתעה בוב הבנאי שלישייה 60 ג,מולינו ניקולי s.p.a,IT,ביצי הפתעה בוב הבנאי שלשות 60 גרם,Unknown,0.00,Unknown,false,16,11.90,0.0000,true,1,47519
8002270015649,false,סן פלגרינו מים מינרלים טבעיים מוגזים,סן פלגרינו ס.פ.א לוק,IT,מים סן פלגרינו 250 מל פקדון,מיליליטרים,250.00,"100 מ""ל",false,1,8.00,3.2000,true,1,4130
8002270015656,false,מים מינרליים טבעיים מוגזים סן פלגרינו 750 מל זכוכית,סן פלגרינו ס.פ.א לוק,IT,מים סן פלגרינו 750 מל פקדון,מיליליטרים,750.00,"100 מ""ל",false,1,10.90,1.4533,true,1,2701
8002270166587,false,מים סאן פלגרינו 1 ליטר מארז שישייה,,,מארז 6יח מים סן פלגרינו 1ל פסטיק פקדון,ליטרים,6.00,ליטר,false,1,45.00,7.5000,true,1,17939
8002270166594,false,"שישיית מים ""סאן פלגרינו"" 250*6 מ""ל",טמפו,,מים סן פלגינו 6*250מל פקדון,ליטרים,1.50,ליטר,false,1,28.90,19.2667,true,1,16093
8002270236792,false,אסנזה משקה מוגז בטעם לימון גרידת לימון- שישייה,סן פלגרינו San Pellegrino,IT,מארז 6יח מים סן פלגרינו לימון500מל פקדון,ליטרים,3.00,ליטר,false,1,32.90,10.9667,true,1,47787
8002270256790,false,"שישייה סן פלגרינו אסנזה תפוז אדום 500 מ""ל",סן פלגרינו San Pellegrino,IT,מארז 6יח מים סן פלגרינו תפוז 500מל פקדון,ליטרים,3.00,ליטר,false,1,32.90,10.9667,true,1,47788
8002270436581,false,"שישיית מים סאן פלגרינו פלסט 500 מ""ל",סן-פלגרינו,IT,מארז 6יח מים סן פלגרינו 500 מל פקדון,ליטרים,3.00,ליטר,false,1,32.90,10.9667,true,1,17341
8002270846472,false,סן פלגרינו מים מינרליים טבעיים מוגזים,סן-פלגרינו,IT,מים סן פלגרינו 500 מל פקדון,מיליליטרים,500.00,"100 מ""ל",false,1,9.00,1.8000,true,1,15182
8002270866524,false,סן פלגרינו מים מינרליים טבעיים מוגזים,סן פלגרינו San Pellegrino,IT,מים סן פלגרינו 1ל פסטיק פקדון,ליטרים,1.00,ליטר,false,1,10.90,10.9000,true,1,9987
8002312991009,false,יין פוליזיאנו רוסו ד,,,יין פוליזיאנו רוסו די מונטפולציאנו 750מל,מיליליטרים,750.00,"100 מ""ל",false,1,70.00,9.3333,true,1,10412
8002365026505,false,יין ברברה דאסטי לא א,,,יין ברברה דאסטי סופריור 750מל פיקדון,מיליליטרים,750.00,"100 מ""ל",false,1,80.00,10.6667,true,1,24245
8002365041201,false,יין ברולו טורטוניאנו,,,יין ברולו טורטוניאנו 2012 750 מל,מיליליטרים,75000.00,"100 מ""ל",false,1,240.00,0.3200,true,1,18050
8002365053600,false,יין מוסקטו דאסטי פאל,מיקלה קיארלו,,יין מוסקטו דאסטי פאלאס 2016 750 מל,מיליליטרים,750.00,"100 מ""ל",false,1,75.00,10.0000,true,1,18044
8002365054508,false,יין גאבי פאלאס 2015,,,יין גאבי פאלאס 2015 750 מל,מיליליטרים,750.00,"100 מ""ל",false,1,80.00,10.6667,true,1,18046
8002450201008,false,"רספברי ספרקלטיני 750 מ""ל",איטליה בוסקה,IT,יין ורדי רפסברי ספרקלטיני 750 מל פיקדון,מיליליטרים,750.00,"100 מ""ל",false,1,25.00,3.3333,true,1,6768
8002450202005,false,ורדי ספרקלטיני אסאי Verdi acai Sparkletini,איטליה בוסקה,IT,יין ורדי אסאי ספרקלטיני 750 מל פיקדון,מיליליטרים,750.00,"100 מ""ל",false,1,25.00,3.3333,true,1,10483
8002450203002,false,"ורדי בטעם אבטיח 750 מ""ל",איטליה בוסקה,IT,יין וורדי טעם אבטיח 750 מל,מיליליטרים,750.00,"100 מ""ל",false,1,25.00,3.3333,true,1,27523
8002450204009,false,ורדי ספרקלטיני אפרסק,"איי, בי, אינבוו",IT,יין נתזים ורדי אפרסק 750 מל פיקדון,מיליליטרים,750.00,"100 מ""ל",false,1,25.00,3.3333,true,1,6921
8002450205006,false,משקה כהלי מוגז ורדי,איטליה בוסקה,IT,שיכר ורדי תות 750 מל פיקדון,מיליליטרים,750.00,"100 מ""ל",false,1,25.00,3.3333,true,1,17947
8002450206003,false,ורדי רימונים ספרקלטיני,"איי, בי, אינבוו",IT,שיכר ורדי רימונים 750 מל פיקדון,מיליליטרים,750.00,"100 מ""ל",false,1,25.00,3.3333,true,1,6770
8002450208007,false,ורדי גרין אפל ספרקלטיני,איטליה בוסקה,IT,יין ורדי גרין אפל 750 מל פיקדון,מיליליטרים,750.00,"100 מ""ל",false,1,25.00,3.3333,true,1,6769
8002450208304,false,"ורדי גוורצטרמינר 750 מ""ל",איטליה בוסקה,IT,יין ורדי גוורצטראמינר 750 מל,מיליליטרים,750.00,"100 מ""ל",false,1,25.00,3.3333,true,1,29252
8002450209004,false,יין מבעבע ורדי רוזה,איטליה בוסקה,IT,יין ורדי רוזה 750 מל פיקדון,מיליליטרים,750.00,"100 מ""ל",false,1,25.00,3.3333,true,1,14461
8002530121028,false,קפסולות מאורו צנטופר,,IT,קפסולות מאורו לאספרסו צנטופרצנטו10 יח,יחידה,10.00,יחידה,false,12,16.90,1.6900,true,1,36692
8002530155122,false,קפסולות מאורו פרמיום,,IT,קפסולות מאורו פרימיום לאספרסו 10 יח,יחידה,10.00,יחידה,false,12,16.90,1.6900,true,1,36694
8002530155221,false,קפה מאורו דלוקס קפסו,,IT,קפסולות מאורו דלוקס לאספרסו 10 יח,יחידה,10.00,יחידה,false,12,16.90,1.6900,true,1,36693
8002530164629,false,קפה מאורו צ'נטופרצנט,,IT,פולי קפה מאורו צנטופרצנטו 1 קג,קילוגרמים,1.00,"ק""ג",false,6,120.00,120.0000,true,1,47231
8002530164827,false,קפה מאורו דה לוקס שק,,IT,פולי קפה מאורו דה לוקס 1 קג,קילוגרמים,1.00,"ק""ג",false,6,130.00,130.0000,true,1,46635
8002530164926,false,קפה מאורו פרימיום שק,,IT,פולי קפה מאורו פרימיום 1 קג,קילוגרמים,1.00,"ק""ג",false,6,110.00,110.0000,true,1,47230
8002530180124,false,קפסולות קפה מאורו צנ,,IT,פולי קפה מאורו צנטורצנטו 250 גרם,גרמים,250.00,100 גרם,false,10,39.90,15.9600,true,1,45593
8002530180223,false,קפסולות קפה מאורו דה,,IT,פולי קפה מאורו דה לוקס 250 גרם,גרמים,250.00,100 גרם,false,10,39.90,15.9600,true,1,45595
8002530180322,false,קפה פירימיים מאורו 250 ג',,IT,פולי קפה מאורו פרימיום 250 גרם,גרמים,250.00,100 גרם,false,10,39.90,15.9600,true,1,45594
8002550502203,false,יין פרוסקו די ואלדונ,איטליה קאנטין רגי,,יין פרוסקו די ואלדוניאדינה ריבה די 750 מ,מיליליטרים,750.00,"100 מ""ל",false,1,65.00,8.6667,true,1,19175
8002550502326,false,יין פרוסקו סופריורה,איטליה קאנטין רגי,,יין פרוסקו סופריורה די 750 מל,מיליליטרים,750.00,"100 מ""ל",false,1,60.00,8.0000,true,1,19174
8002550502333,false,יין פרוסקו אקסטרא דר,איטליה קאנטין רגי,,יין פרוסקו אקסטרא דריי 750 מל,מיליליטרים,750.00,"100 מ""ל",false,1,45.00,6.0000,true,1,19172
8002550505457,false,יין פרוסקו אקסטרא דר,איטליה קאנטין רגי,,יין פרוסקו אקסטרא דריי 20 מל,יחידה,1.00,יחידה,false,1,25.00,25.0000,true,1,19173
8002793005370,false,יין פיציני ממורו רוס,,,יין פיציני ממורו רוסו 750 מל,מיליליטרים,750.00,"100 מ""ל",false,6,45.00,6.0000,true,1,48834
8002793006797,false,יין פיציני ממורו ביא,,,יין פיציני ממורו ביאנקו 750 מל,מיליליטרים,750.00,"100 מ""ל",false,6,45.00,6.0000,true,1,48835
8002793007435,false,יין פיציני ממורו רוז,,,יין פיציני ממורו רוזה 750 מל,מיליליטרים,750.00,"100 מ""ל",false,6,45.00,6.0000,true,1,48836
8002793012941,false,יין פיציני פוגיו אלט,,,יין פיציני פוגיו אלטו וטוסקנה 750 מל,מיליליטרים,750.00,"100 מ""ל",false,6,60.00,8.0000,true,1,46750
8002793018776,false,יין פראפאסו פרימיטיב,,,יין פראפאסו פרימיטיבו די מאנדוריה 750 מל,מיליליטרים,750.00,"100 מ""ל",false,6,60.00,8.0000,true,1,46741
8002793021196,false,יין פיציני פינוקיו ר,,,יין פיציני פינוקיו רוסו דה איטליה 750 מל,מיליליטרים,750.00,"100 מ""ל",false,6,45.00,6.0000,true,1,50336
8002795002445,false,מארז 2יח קרם ונילה א,,IT,מארז 2יח קרם ונילה איטלקי 100גר,גרמים,200.00,100 גרם,false,1,6.90,3.4500,true,1,41179
8002795002469,false,גיבנה מסקרפונה איטלקי 200 ג',,IT,גבינת מסקרפונה איטלקי 200 גר,גרמים,200.00,100 גרם,false,1,16.90,8.4500,true,1,38176
8002795002742,false,גבינה לבנה ריקוטה איטלקית 500 ג',,IT,גבינת ריקוטה איטלקית 500גר,גרמים,500.00,100 גרם,false,1,24.90,4.9800,true,1,38177
8002910043476,false,ויט רצועות שעווה מוכנות לקו הביקיני 12 יחידות,רקיט בנקיזר צרפת,FR,ויט רצועות שעווה ביקיני מוכנות לשימוש,Unknown,0.00,Unknown,false,1,21.90,0.0000,true,1,20201
8002960103199,false,CA70W 'רוטב פומודורינה בצנצנת 370 ג MENU,מנורה,IT,רוטב פסטה מנו פומודורינה 370 גרם,גרמים,370.00,100 גרם,false,6,13.90,3.7568,true,1,48152
8002960103205,false,CR70W 'רוטב ארביאטה בצנצנת 370 ג MENU,מנורה,IT,רוטב פסטה מנו ארביאטה 370 גרם,גרמים,370.00,100 גרם,false,6,13.90,3.7568,true,1,48151
8002960103212,false,K070W 'רוטב שקשוקה בצנצנת 370 ג MENU,מנורה,IT,רוטב מנו לשקשוקה 370 גרם,גרמים,370.00,100 גרם,false,6,13.90,3.7568,true,1,48153
8003007800484,false,פסטה צוקה 4 טעמים 500 גרם,,IT,פסטה טראלורו צוקה 500 גר,גרמים,500.00,100 גרם,false,1,14.90,2.9800,true,1,5850
8003007800712,false,פסטה פיורי פרחים 4 טעמים 500 גרם,,IT,פסטה טראלורו פרחים4טעמים 500 גר,גרמים,500.00,100 גרם,false,1,14.90,2.9800,true,1,5841
8003007800842,false,פסטה קונצינטלי 4 טעמים 500 גרם,,IT,פסטה טראלורו קונקיליוני 500 גר,גרמים,500.00,100 גרם,false,1,14.90,2.9800,true,1,5844
8003007810001,false,פסטה פנטה 4 טעמים 500 גרם,,IT,פסטה טראלורו פנטה4טעמים 500 גר,גרמים,500.00,100 גרם,false,1,14.90,2.9800,true,1,5838
8003007811473,false,פסטה טראלורו פנוני ר,,,פסטה טראלורו פנוני ריגטה 500 גר,גרמים,500.00,100 גרם,false,1,14.90,2.9800,true,1,13074
8003007816683,false,פסטה טראלורו ארמוניק,,IT,פסטה טראלורו ארמוניקה4טעמים 500 גר,גרמים,500.00,100 גרם,false,1,14.90,2.9800,true,1,7402
8003007817000,false,פתיתים פוזילי טרפילט,,,פסטה טראלורו פוזילי טרפילטי 500 גרם,גרמים,500.00,100 גרם,false,1,14.90,2.9800,true,1,13397
8003007817918,false,פסטה טראלורו לומקוני,,IT,פסטה טראלורו לומקוני4טעמים 500 גר,גרמים,500.00,100 גרם,false,1,14.90,2.9800,true,1,12941
8003007821144,false,פסטה ג'ירלה 4 טעמים 500 גרם,,,פסטה טראלורו גירלה4טעמים 500 גר,גרמים,500.00,100 גרם,false,1,14.90,2.9800,true,1,13308
8003015701018,false,יין קיאנטי קלאסיקו ר,,,יין קיאנטי קלאסיקו ריזרבה 750 מל פיקדון,מיליליטרים,750.00,"100 מ""ל",false,1,150.00,20.0000,true,1,7444
8003015703753,false,יין דוגיולו ביאנקו 7,,,יין דוגיולו ביאנקו 750 מל פקדון,מיליליטרים,750.00,"100 מ""ל",false,1,65.00,8.6667,true,1,29812
8003015703791,false,יין וינו נובילה רזרב,,,יין וינו נובילה רזרבה די מונטפוליציאנו 7,מיליליטרים,750.00,"100 מ""ל",false,1,155.00,20.6667,true,1,9261
8003015703913,false,יין קברנה סוביניון פ,,,יין קברנה סוביניון פרניטו 750 מל פקדון,מיליליטרים,750.00,"100 מ""ל",false,1,165.00,22.0000,true,1,9257
8003015703937,false,יין ברונלו די מונטלצ,,,יין ברונלו די מונטלצינו 750 מל פקדון,מיליליטרים,750.00,"100 מ""ל",false,1,245.00,32.6667,true,1,9269
8003015703968,false,יין דוגיולו סופר טוס,,,יין דוגיולו סופר טוסקן 750 מל פקדון,מיליליטרים,750.00,"100 מ""ל",false,1,65.00,8.6667,true,1,8208
8003015706716,false,יין דוגיולו רוזה 75,,,יין דוגיולו רוזה 750 מל פקדון,מיליליטרים,750.00,"100 מ""ל",false,1,65.00,8.6667,true,1,12311
8003015709656,false,יין אוריגנלה אדום 75,קרפינטו,IT,יין אוריגנלה אדום 750 מל,מיליליטרים,750.00,"100 מ""ל",false,12,60.00,8.0000,true,1,39608
8003059150001,false,קרחום 200 איטלקי,,,קרחום 200 איטלקי,Unknown,0.00,Unknown,false,1,6.50,0.0000,true,1,5998
8003294529228,false,פילה טונה בהירה במים 190 גרם,ג'נרל קונסרבה,IT,פילה טונה בהירה במים 190 גרם,גרמים,190.00,100 גרם,false,12,31.90,16.7895,true,1,30488
8003340091280,false,לינדט לינדור בונבוניירה 60% מוצקי קקאו 200 גרם,לינדט ושפרונגלי קילשברג,IT,בונבוניירה לינדור 60% מריר 200 ג,גרמים,200.00,100 גרם,false,1,24.90,12.4500,true,1,6847
8003440992395,false,צופה צופ חמוץ גומי 150 גרם,פרפטי ואן מלה,ES,סוכריות צופה צופס גלי חמוצות 150 גרם,גרמים,150.00,100 גרם,false,18,8.90,5.9333,true,1,51402
8003440997833,false,מסטיק פיור פרש 100 יח בשקית בטעם פירות מנטה,פרפטי ואן מלה ברדה,TR,מסטיק מנטוס פיור פרש פירות מנטה100יח,יחידה,100.00,יחידה,false,1,19.90,0.1990,true,1,47763
8003440997857,false,מסטיק פיורפרש מנטה אריזת חיסכון 200 גר,פרפטי ואן מלה ברדה,TR,מסטיק מנטוס פיור פרש מנטה100יח שקית200גר,יחידה,100.00,יחידה,false,1,19.90,0.1990,true,1,47764
8003440997871,false,מסטיק פיורפרש תות אריזת חיסכון 200 ג,פרפטי ואן מלה ברדה,TR,מסטיק מנטוס פיור פרש תות100יח בשקית200ג,יחידה,100.00,יחידה,false,1,19.90,0.1990,true,1,47762
8003490042804,false,רוברטו-מקלות גריסיני שמן זית 250 גר,,IT,גריסיני רוברטו עם שמן זית 250 גרם,גרמים,250.00,100 גרם,false,14,24.90,9.9600,true,1,51170
8003490043207,false,רוברטו-מקלות מיני גריסיני שומשום 150 גר,,IT,מיני גריסיני רוברטו עם שומשום 150 גרם,גרמים,150.00,100 גרם,false,10,12.90,8.6000,true,1,51165
8003490044501,false,רוברטו-מקלות מיני גריסיני מלוחים 150 גר,,IT,מיני גריסיני רוברטו מלוח 150 גרם,גרמים,150.00,100 גרם,false,10,12.90,8.6000,true,1,51166
8003490044808,false,רוברטו-ברוסקטה שמן זית 100 גר,,IT,ברוסקטה רוברטו בשמן זית 100 גרם,גרמים,100.00,100 גרם,false,10,11.90,11.9000,true,1,51161
8003490044815,false,רוברטו-ברוסקטה רוזמרין 100 גר,,IT,ברוסקטה רוברטו עם רוזמרין 100 גרם,גרמים,100.00,100 גרם,false,10,11.90,11.9000,true,1,51162
8003490044822,false,רוברטו-ברוסקטה פסטו 100 גר,,IT,ברוסקטה רוברטו עם פסטו 100 גרם,גרמים,100.00,100 גרם,false,10,11.90,11.9000,true,1,51163
8003490044839,false,רוברטו-ברוסקטה עגבניות בזיליקום 100 גר,,IT,ברוסקטה רוברטו עגבניות ובזיליקום 100 גרם,גרמים,100.00,100 גרם,false,10,11.90,11.9000,true,1,51164
8003490044990,false,רוברטו-מקלות גריסיני שומשום 250,,IT,גריסיני רוברטו עם שומשום 250 גרם,גרמים,250.00,100 גרם,false,14,24.90,9.9600,true,1,51171
8003490047038,false,רוברטו-קרוטונים לסלט ולמרק 125 גר,,IT,קרוטונים רוברטו לסלט ולמרק 125 גרם,גרמים,125.00,100 גרם,false,15,16.90,13.5200,true,1,51172
8003508011921,false,ממרח זיתים ופלפל חרי,מאדאמה אוליבה,IT,ממרח זיתים ופלפל חריף 190 גרם,גרמים,190.00,100 גרם,false,11,17.90,9.4211,true,1,24084
8003508011938,false,ממרח זיתים וארטישוק,מאדאמה אוליבה,IT,ממרח זיתים וארטישוק 190 גרם,גרמים,190.00,100 גרם,false,11,17.90,9.4211,true,1,24083
8003545805705,false,יין פינק זינפנדל פוג,,IT,יין פינק זינפנדל פוגליה 750 מל,מיליליטרים,750.00,"100 מ""ל",false,6,60.00,8.0000,true,1,50450
8003653000061,false,"tonkitaTK06 מקל למטאטא/מגב 130 ס""מ",טונקיטה,,מקל מטאטא/מגב 130 סמ,יחידה,1.00,יחידה,false,1,8.90,8.9000,true,1,15770
8003653001907,false,מגב ניקוי עם ספוג לה,טונקיטה,,מגב ניקוי עם ספוג להסרת מים,יחידה,1.00,יחידה,false,1,9.90,9.9000,true,1,14712
8003653002409,false,מברשת מעוצבת לניקוי אסלות,טונקיטה,IT,סט לניקוי אסלות מעוצב,יחידה,1.00,יחידה,false,1,19.90,19.9000,true,1,14715
8003653003000,false,מברשת לניקוי כלים,טונקיטה,IT,מברשת לניקוי כלים,יחידה,1.00,יחידה,false,1,9.90,9.9000,true,1,14725
8003653005301,false,טונקיטה מברשת עם ידית אחיזה,טונקיטה,IT,מברשת עם ידית אחיזה,יחידה,1.00,יחידה,false,1,12.90,12.9000,true,1,14716
8003653005400,false,יעה נצמד,טונקיטה,IT,יעה נצמד,יחידה,1.00,יחידה,false,1,8.90,8.9000,true,1,14723
8003653006407,false,מברשת לניקוי בקבוקים,טונקיטה,IT,מברשת לניקוי בקבוקים,יחידה,1.00,יחידה,false,1,9.90,9.9000,true,1,14724
8003653008258,false,"מגב לריצפה עם מקל ( 44 ס""מ )",טונקיטה,IT,מגב ריצפה עם מקל 44 סמ,יחידה,1.00,יחידה,false,1,19.90,19.9000,true,1,14711
8003653008708,false,"tonkitaTK855 מגב לריצפה 55 ס""מ",טונקיטה,IT,מגב ריצפה 55 סמ,יחידה,1.00,יחידה,false,1,29.90,29.9000,true,1,14721
8003653010305,false,tonkitaTK605 מטאטא פנימי spazio+מקל,טונקיטה,IT,מטאטא סאפזיו,יחידה,1.00,יחידה,false,1,22.90,22.9000,true,1,14703
8003653011807,false,אטבי פלסטיק 20 יחידו,טונקיטה,,אטבי פלסטיק 20 יחידות,יחידה,20.00,יחידה,false,1,12.90,0.6450,true,1,14714
8003653013306,false,מקל מתכוונן למטאטא/מ,טונקיטה,,מקל מתכוונן למטאטא/מקל 150 סמ,יחידה,1.00,יחידה,false,1,16.90,16.9000,true,1,14710
8003653033588,false,tonkitaTK620 מטאטא פנימי /חיצוני universal+מקל,טונקיטה,IT,מטאטא אוניברסל,יחידה,1.00,יחידה,false,1,27.90,27.9000,true,1,14705
8003653033601,false,מטאטא פעולה כפולה לש,טונקיטה,IT,מטאטא פעולה כפולה לשיער/אבק דואל,יחידה,1.00,יחידה,false,1,24.90,24.9000,true,1,14729
8003653033755,false,אטבי עץ 12 יחידות,טונקיטה,IT,אטבי עץ 12 יחידות,יחידה,12.00,יחידה,false,1,9.90,0.8250,true,1,14713
8003750001725,false,ליקר ביצרין שוקולד ג,וינסנזי,IT,ליקר ביצרין שוקולד גנדויה 700 מל,מיליליטרים,750.00,"100 מ""ל",false,6,85.00,11.3333,true,1,40295
8003750001763,false,ליקר ביצרין תות 750,,IT,ליקר ביצרין תות 700 מל,מיליליטרים,750.00,"100 מ""ל",false,6,85.00,11.3333,true,1,40297
8003750126046,false,ליקר ביצרין שוקולד ל,וינסנזי,IT,ליקר ביצרין שוקולד לבן 750 מל,מיליליטרים,750.00,"100 מ""ל",false,6,85.00,11.3333,true,1,40410
8003753900438,false,קפה לנדוור אילי אספרסו טחון 250 גרם,קפה לנדוור,IT,קפה אספרסו אילי 250 גרם,גרמים,250.00,100 גרם,false,1,42.90,17.1600,true,1,3659
8003753900469,false,אילי - אספרסו טחון בקליה כהה בפחית 250גר,קפה לנדוור,IL,קפה אספרסו אילי טחון כהה 250 גר פחית,גרמים,250.00,100 גרם,false,1,42.90,17.1600,true,1,5990
8003753900520,false,קפה פולי קלויים לאספרסו 250 ג' לנדוור אילי,ILLY,IT,פולי קפה אילי לאספרסו 250 גרם,גרמים,250.00,100 גרם,false,6,49.90,19.9600,true,1,45430
8003866002111,false,קפסולות קפה 10 יח' (כחול) MENTE,דאמה קפה Diemme Caffe,IT,קפסולות קפה כחול 10 יח דיים מנטה,יחידה,10.00,יחידה,false,1,18.90,1.8900,true,1,13469
8003866004214,false,קפסולות קפה 10 יח' (אדום) DIEMME CORPO,דאמה קפה Diemme Caffe,IT,קפסולות קפה אדום 10 יח דיים קורפו,יחידה,10.00,יחידה,false,1,18.90,1.8900,true,1,13468
8003866012011,false,פחית קפה טחון 100% ארביקה {מקינטה}250 גרם,DIEMME CAFFE,IT,קפה זהב טחון 100% ארביקה 250 גר דיים,גרמים,250.00,100 גרם,false,1,30.00,12.0000,true,1,8809
8003866016538,false,קפסולות קפה 10 יח {כתום },קפה דיאמה,IT,קפסולות קפה כתום 10 יח דיים טנזניה,יחידה,10.00,יחידה,false,1,18.90,1.8900,true,1,13470
8003866107038,false,פולי קפה דיים אדום 5,DIEMME CAFFE,IT,פולי קפה דיים אדום 500 גר,גרמים,500.00,100 גרם,false,1,50.00,10.0000,true,1,35265
8003866116023,false,קפה זהב 100% ארביקה1,DIEMME CAFFE,IT,קפה זהב 100% ארביקה1קג,קילוגרמים,1.00,"ק""ג",false,1,110.00,110.0000,true,1,25320
8004030022010,false,ירקות גינה עם טונה ריו מרה אינסלטיסימי 160 ג',"בולטון אלימנטרי בע""\מ",IT,ריו מרה אינסלטיסימי ירקות גינה160גר,גרמים,160.00,100 גרם,false,1,16.90,10.5625,true,1,13171
8004030026018,false,"מקסיקני עם טונה ריו מרה אינסלטיסימי, 160 ג'","בולטון אלימנטרי בע""\מ",IT,ריו מרה אינסלטיסימי מקסיקני 160גרם,גרמים,160.00,100 גרם,false,1,16.90,10.5625,true,1,13170
8004030044005,false,נתחי טונה בהירה בשמן זית ריו מרה 112גרם,"בולטון אלימנטרי בע""\מ",IT,טונה ריו מרה בשמן זית 160 גרם,גרמים,160.00,100 גרם,false,1,17.90,11.1875,true,1,1647
8004030081024,false,טונה בשמן זית שום ופלפל ריו מרה 160 גרם,"בולטון אלימנטרי בע""\מ",IT,טונה ריו מרה בשמן זית שום ופלפל 160 גרם,גרמים,160.00,100 גרם,false,1,17.90,11.1875,true,1,1648
8004030102033,false,טונה בשמן זית עם מיץ לימון ופלפל שחור - מארז 3 יח',בולטון אלימנטרי,IT,שלישיית טונה ריו מרה שמן זית 80 גר,גרמים,240.00,100 גרם,false,1,27.90,11.6250,true,1,25101
8004030177000,false,טונה בשמן זית וצ'ילי ריו מרה מארז 80X3 גר',ריו מארה Rio Mare,IT,מארז3יח טונה ריו מרה צילי 80 גר,גרמים,240.00,100 גרם,false,1,27.90,11.6250,true,1,22888
8004030344938,false,"ריו מרה טונה בשמן זית 3X80 גרם מתכון חדש כשל""פ","בולטון אלימנטרי בע""\מ",IT,מארז3יח טונה ריו מרה שמן זית 80 גר,גרמים,240.00,100 גרם,false,1,27.90,11.6250,true,1,2804
8004030381681,false,ריו מרה נתחי טונה בהירה בשמן זית זוג 160 גר,BOLTON GROUP- RIO,IT,זוג טונה ריו מרה בשמן זית 160 גרם,גרמים,320.00,100 גרם,false,1,32.90,10.2812,true,1,28486
8004030845046,false,טונה עם ירקות בתוספת עם אורז ריו מרה אינסלטיסימי 160 ג',בולטון אלימנטרי,IT,ריו מרה אינסלטיסימי אורז 160גרם,גרמים,160.00,100 גרם,false,1,16.90,10.5625,true,1,27650
8004030860001,false,ירקות עם קוקוס וטונה ריו מרה אינסלטיסימי 160 ג',"בולטון אלימנטרי בע""\מ",IT,ריו מרה אינסלטיסימי קוסקוס 160גרם,גרמים,160.00,100 גרם,false,1,16.90,10.5625,true,1,17288
8004091037978,false,תה תפזורת ירוק 50גר,LA VIA DEL TE,IT,תה תפזורת ירוק 50גר לה וי דל טי,Unknown,0.00,Unknown,false,1,16.90,0.0000,true,1,30899
8004091037985,false,תה תפזורת אינגלש ברק,LA VIA DEL TE,IT,תה תפזורת אינגלש ברקפסט 50גר לה וי דל טי,Unknown,0.00,Unknown,false,1,16.90,0.0000,true,1,30898
8004091038050,false,תה תפזורת גינגר לימו,LA VIA DEL TE,IT,תה תפזורת גינגר לימון 40גר לה וי דל טי,Unknown,0.00,Unknown,false,1,18.90,0.0000,true,1,30902
8004091038104,false,תה תפזורת פירות קינמ,LA VIA DEL TE,IT,תה תפזורת פירות קינמון 50גר לה וי דל טי,Unknown,0.00,Unknown,false,1,18.90,0.0000,true,1,30901
8004123002509,false,שמן זרעי ענבים מזוכך 1\2 ליטר,,IT,שמן זרעי ענבים מזוכך באסו אד 1 ליטר,ליטרים,1.00,ליטר,false,12,34.90,34.9000,true,1,40371
8004123004893,false,"שמן מתובל בטעם פטריות כמהין 250 מ""ל",באסו פדלה,IT,שמן זית בטעם פטריות כמהין באסו אד 250 מל,גרמים,250.00,100 גרם,false,12,29.90,11.9600,true,1,40521
8004123010726,false,"שמן זית כתית מעולה 750 מ""ל",,IT,שמן זית כתית מעולה באסו אד 750 מל איטלקי,מיליליטרים,750.00,"100 מ""ל",false,12,42.90,5.7200,true,1,49639
8004160205208,false,וורמוט לבן ברברו 1 ל,montenegro,,וורמוט ברברו לבן 1 ל פקדון,ליטרים,1.00,ליטר,false,1,35.00,35.0000,true,1,5013
8004160208100,false,וורמוט יבש ברברו 1 ל,montenegro,,וורמוט ברברו יבש 1 ל פקדון,ליטרים,1.00,ליטר,false,1,35.00,35.0000,true,1,5015
8004160521308,false,"יין מבעבע מונדרו אסטי 750 מ""ל",MONDORO,IT,יין מבעבע מונדרו אייסטי 750 מל,מיליליטרים,750.00,"100 מ""ל",false,6,65.00,8.6667,true,1,25909
8004160622500,false,גרפה לה ביאנקה ברברו,dcm,,גרפה לה ביאנקה ברברו 700 מל פקדון,מיליליטרים,700.00,"100 מ""ל",false,1,115.00,16.4286,true,1,10053
8004160660304,false,"פרנגיליקו ליקר 700 מ""ל",דויד קמפרי,IT,ליקר פרנגליקו 700 מל,מיליליטרים,70000.00,"100 מ""ל",false,1,89.00,0.1271,true,1,35246
8004323212654,false,פסטה קפליני 265 קולא,INDULCO,IT,פסטה קפליני 265 קולאויטא 500 גר,גרמים,500.00,100 גרם,false,1,12.50,2.5000,true,1,7084
8004323212685,false,פסטה פטוציני 268 קול,INDULCO,,פסטה פטוציני 268 קולאויטא 500 גר,גרמים,500.00,100 גרם,false,1,12.50,2.5000,true,1,7120
8004323212708,false,COLAVITA פפארדלה מס' 270 -500 גר',INDULCO,,פסטה פפארדלה 270 קולאויטא 500 גר,גרמים,500.00,100 גרם,false,1,12.50,2.5000,true,1,7083
8004323933696,false,פסטה רדיאטורי ב3 צבע,INDULCO,,פסטה רדיאטורי ב3 צבעים קולויטה 500גר,גרמים,500.00,100 גרם,false,1,12.50,2.5000,true,1,8405
8004645230114,false,יין טומאסי פרוסקו טנ,,,יין טומאסי פרוסקו טנוטה פילודורה 750מל פ,מיליליטרים,750.00,"100 מ""ל",false,1,60.00,8.0000,true,1,10067
8004645404102,false,יין טומאסי אפסמיינטו,,,יין טומאסי אפסמיינטו אדום יבש 750מל פקדו,מיליליטרים,750.00,"100 מ""ל",false,1,60.00,8.0000,true,1,9601
8004645405109,false,יין טומאסי אפסמיינטו,,,יין טומאסי אפסמיינטו לבן חצי 750מל פקדו,מיליליטרים,750.00,"100 מ""ל",false,1,60.00,8.0000,true,1,9602
8004645406106,false,יין טומאסי אפסמיינטו,,,יין טומאסי אפסמיינטו רוזה 750 מל,מיליליטרים,750.00,"100 מ""ל",false,1,60.00,8.0000,true,1,40034
8004690052044,false,פסטה פנה ריגטה 500 גרם,לה מוליזנה קמפובאסן,IT,פסטה פנה זיטי ריגטה איטלקית500 גרם אל אם,גרמים,500.00,100 גרם,false,1,7.90,1.5800,true,1,39107
8004690052600,false,פסטה לאמוליזנה קונכי,למוליזנה,IT,פסטה קונכיות ניוקי איטלקית 500 גרם אל אם,גרמים,500.00,100 גרם,false,1,7.90,1.5800,true,1,39103
8004690052815,false,פסטה קסיריס מוליסאנא,למוליזנה,IT,פסטה קסיריס מוליסאנא 500 גרם,גרמים,500.00,100 גרם,false,1,7.90,1.5800,true,1,39566
8004690052846,false,L.M פסטה איטלקית פוזילי 500 גרם,לה מוליסנה,IT,פסטה פוזילי איטלקית 500 גרם אל אם,גרמים,500.00,100 גרם,false,1,7.90,1.5800,true,1,39095
8004690053195,false,L.M פסטה איטלקית ריגטוני 500 גרם,לה מוליזנה קמפובאסן,IT,פסטה ריגטוני איטלקית 500 גרם אל אם,גרמים,500.00,100 גרם,false,1,7.90,1.5800,true,1,39097
8004690053225,false,פסטה מזי ריגטוני 500 גרם,לה מוליזנה קמפובאסן,IT,פסטה מזי ריגטוני איטלקית 500 גרם אל אם,גרמים,500.00,100 גרם,false,1,7.90,1.5800,true,1,39100
8004690055601,false,L.M פסטה איטלקית צ'ינסי 500 גרם,למוליזנה,IT,פסטה צינסי איטלקית 500 גרם אל אם,גרמים,500.00,100 גרם,false,1,7.90,1.5800,true,1,39106
8004690057308,false,L.M פסטה איטלקית רדיאטורי 500 גרם,לה מוליסנה,IT,פסטה רדיאטורי איטלקית 500 גרם אל אם,גרמים,500.00,100 גרם,false,1,7.90,1.5800,true,1,39104
8004690058008,false,L.M פסטה איטלקית ג'מלי 500 גרם,לה מוליזנה קמפובאסן,IT,פסטה גמלי איטלרית 500 גרם אל אם,גרמים,500.00,100 גרם,false,1,7.90,1.5800,true,1,39093
8004690106600,false,L.M פסטה איטלקית פרפאלה 500 גרם,לה מוליזנה קמפובאסן,IT,פסטה פראפלה איטלקית 500 גרם אל אם,גרמים,500.00,100 גרם,false,1,7.90,1.5800,true,1,39094
8004690203002,false,ניוקי איטלקי מוליסאנ,למוליזנה,IT,ניוקי איטלקי אל אם 500 גרם,גרמים,500.00,100 גרם,false,1,7.90,1.5800,true,1,39111
8004690278246,false,"קמח דורום איטלקי לפיצה 1 ק""ג",,IT,קמח דורום איטלקי לפיצה 1 קג לה מוליסנה,קילוגרמים,1.00,"ק""ג",false,1,14.90,14.9000,true,1,22626
8004690278253,false,קמח דורום איטלקי לפס,,,קמח דורום איטלקי לפסטה 1 קג לה מוליסנה,קילוגרמים,1.00,"ק""ג",false,1,14.90,14.9000,true,1,22627
8004690278277,false,"קמח דורום מלא איטלקי 1 ק""ג",,IT,קמח דורום איטלקי מלא 1 קג לה מוליסנה,קילוגרמים,1.00,"ק""ג",false,1,14.90,14.9000,true,1,22628
8004690470022,false,לה מוליזנה ללא גלוטן-פסטה איטלקית ספגטי,למוליזנה,IT,פסטה איטלקית ללא גלוטן ספגטי 400 גר,גרמים,400.00,100 גרם,false,1,14.90,3.7250,true,1,21463
8004690470039,false,לה מוליזנה ללא גלוטן,למוליזנה,IT,פסטה איטלקית ללא גלוטן פנה 400 גר,גרמים,400.00,100 גרם,false,1,14.90,3.7250,true,1,21464
8004690612002,false,לה מוליסנה פסטה פנה קמח מלא 500גר,,,פסטה פנה חיטה מלאה איטלקי500גר,גרמים,500.00,100 גרם,false,1,9.90,1.9800,true,1,39110
8004708018963,false,מלח אפור אטלנטי מטחנה 70 ארומה דה טוסקנה,דרוגריה ואלימנטרי אס,IT,מלח אפור אטלנטי בטחנה טוסקנה,Unknown,0.00,Unknown,false,1,12.90,0.0000,true,1,10925
8004708018987,false,מלח ורוד הימלאיה במטחנה 90 ארומה דה טוסק,דרוגיה ואלימנטרי אס.אר.א,IT,מלח ורוד הימלאיה בטחנה טוסקנה,Unknown,0.00,Unknown,false,1,12.90,0.0000,true,1,10926
8004708036516,false,אורגנו במטחנה 12 גר ארומה דה טוסקנה,דרגוריה אלמנטריה,,תבלין אורגנו מטחנה 12 גר טוסקנה,Unknown,0.00,Unknown,false,1,12.90,0.0000,true,1,9646
8004708046386,false,כורכום במטחנה ארומה דה טוסקנה 52 גרם,דרגוריה אלמנטריה,IT,כורכום במטחנה ארומה טוסקנה 52 גרם,Unknown,0.00,Unknown,false,1,13.90,0.0000,true,1,30863
8004708046409,false,תערובת מעושנת טוסקנה,דרגוריה אלמנטריה,,תערובת מעושנת במטחנה ארומה טוסקנה 45 גרם,Unknown,0.00,Unknown,false,1,13.90,0.0000,true,1,30864
8004730000141,false,מרסלה פלוריובו 750 מל,איטליה דוקה די סלפרו,,יין פלוריובו מרסלה 750 מל פקדון,מיליליטרים,750.00,"100 מ""ל",false,1,40.00,5.3333,true,1,9597
8004800000064,false,לאגו פלאסיר- גלילי ופל קרם קקאו בציפוי ש.חלב - 100 ג',לגו גרופ ס.פ.א.,IT,ופל לאגו פלאסיר קרם קקאו מצופה 100גרם,גרמים,100.00,100 גרם,false,12,12.90,12.9000,true,1,50704
8004800000071,false,לאגו פלאסיר- גלילי ופל במילוי קרם אגוזי לוז שוקולד חלב - 100 ג',לגו גרופ ס.פ.א.,IT,ופל לאגו פלאסיר קרם אגוזי לוז מצופ100גרם,גרמים,100.00,100 גרם,false,12,12.90,12.9000,true,1,50703
8004800004802,false,גלילי וופל לאגו פלאסיר קרם דומדמניות 100,לגו גרופ ס.פ.א.,IT,ופל לאגו פלאסיר דומדומניות שחורות100גרם,גרמים,100.00,100 גרם,false,12,12.90,12.9000,true,1,50702
8004800004819,false,לאגו פלאסיר גלילי וופל קרם פסיפלורה 100 גרם,לגו גרופ ס.פ.א.,IT,ופל לאגו פלאסיר קרם פסיפלורה מצופה100גרם,גרמים,100.00,100 גרם,false,12,12.90,12.9000,true,1,50705
8004800004826,false,לאגו פלאסיר - וופלים במילוי קרם קוקוס שוקולד מריר - 98ג,לגו גרופ ס.פ.א.,IT,ופל לאגו פלאסיר קרם קוקוס מצופה 98 גרם,Unknown,0.00,Unknown,false,12,12.90,0.0000,true,1,50706
8004800005502,false,וופל מיני רול גלילי ופל במילוי קרם קקאו- 125 ג' לאגו,לגו גרופ ס.פ.א.,IT,ופל לאגו מיני רול קרם קקאו 125 גרם,גרמים,125.00,100 גרם,false,12,11.90,9.5200,true,1,50701
8004800005519,false,וופל רול גלילי במילוי קרם אגוזי לוז- 125 ג' לאגו,לגו גרופ ס.פ.א.,IT,ופל לאגו מיני רול קרם אגוזי לוז 125 גרם,גרמים,125.00,100 גרם,false,12,11.90,9.5200,true,1,50697
8004800005526,false,וופל מיני רול גלילי ופל במילוי קרם קוקוס- 125 ג' לאגו,לגו גרופ ס.פ.א.,IT,ופל לאגו מיני רול קרם קוקוס 125 גרם,גרמים,125.00,100 גרם,false,12,11.90,9.5200,true,1,50699
8004955000155,false,עוגיות אמארתיני שקדי,ASOLO DOLCE,IT,עוגיות בטעם שקדים 250 גר אמארתיני,גרמים,200.00,100 גרם,false,8,12.90,6.4500,true,1,24947
8004955060203,false,עוגיות אסולו דולצה 2,ASOLO DOLCE,IT,עוגיות עם שקדים 250 גר אסולו דולצה,גרמים,200.00,100 גרם,false,1,12.90,6.4500,true,1,7412
8005110000416,false,MUTTI עגבניות חתוכות במיץ פולפה 2*300 ג,מוטי אס.פי.איי,IT,זוג עגבניות מוטטי דטריני 300 גרם,גרמים,600.00,100 גרם,false,1,14.90,2.4833,true,1,49858
8005110001413,false,מארז זוג רסק עגבניות 140 ג' MUTTI,"איי, בי, אינבוו",IT,זוג רסק עגבניות 140 גר מוטטי,גרמים,140.00,100 גרם,false,6,10.90,7.7857,true,1,29903
8005110002243,false,רכז עגבניות Doppio Concentr בשפופרת 185 ג' MUTTI,"איי, בי, אינבוו",IT,רכז עגבניות מוטטי185 גר שפופרת,גרמים,185.00,100 גרם,false,1,8.50,4.5946,true,1,35837
8005110060007,false,מוטי עגבניות מקולפות 400 גר,מוטי אס.פי.איי,IT,עגבניות מוטטי תמר מקולפות 400 גרם,גרמים,400.00,100 גרם,false,1,7.90,1.9750,true,1,2900
8005110060106,false,מארז זוג עגבניות מקולפות 400*2 גרם MUTTI,"איי, בי, אינבוו",IT,זוג עגבניות מוטטי תמר מקולפות 400 גרם,גרמים,800.00,100 גרם,false,1,15.90,1.9875,true,1,16296
8005110170300,false,עגבניות מרוסקות חתוכות מוטי MUTTI שלישיה *400,מוטי Mutti,IT,מארז 3 יח עגבניות חתוכות 400 גר,קילוגרמים,1.20,"ק""ג",false,1,17.90,14.9167,true,1,6533
8005110171215,false,מוטי עגבניות חתוכות פולפפזי 690 גרם{בקבוק},"איי, בי, אינבוו",IT,עגבניות חתוכות 690 גר מוטטי,גרמים,690.00,100 גרם,false,1,15.90,2.3043,true,1,4558
8005110191015,false,רסק עגבניות ובזיליקום MUTTI{ירוק } 700 גרם,"איי, בי, אינבוו",IT,רסק עגבניות עם בזיליקום 700 גר מוטטי,גרמים,700.00,100 גרם,false,1,14.90,2.1286,true,1,4557
8005110200014,false,רסק עגבניות 210 ג' CONCENTRATO MUTTI,"איי, בי, אינבוו",IT,רכז עגבניות מוטטי 210 גר,גרמים,210.00,100 גרם,false,1,7.90,3.7619,true,1,5247
8005110518003,false,רוטב פסטה עגבניות חר,,,רוטב פסטה עגבניות חריף 400 גר מוטטי,גרמים,400.00,100 גרם,false,1,14.90,3.7250,true,1,28720
8005110550508,false,מוטי עגבניות שרי 400 גר,mutti s.p.a,IT,עגבניות שרי 400 גר מוטטי,גרמים,400.00,100 גרם,false,1,9.90,2.4750,true,1,5246
8005110551253,false,רוטב לפיצה להכנת פיצה איטלקית קלאסית,"איי, בי, אינבוו",IT,רוטב לפיצה מוטטי 400 גר,גרמים,400.00,100 גרם,false,1,8.90,2.2250,true,1,33099
8005140006051,false,חומץ בלסמי מיושן 5 ש,,IT,חומץ בלסמי מיושן 5 שנים 250 מל,מיליליטרים,250.00,"100 מ""ל",false,1,54.90,21.9600,true,1,38647
8005180150219,false,PAGANI רביולי גבינה 250 גרם,,IT,רביולי פאגאני גבינה 250 גרם,גרמים,250.00,100 גרם,false,12,18.90,7.5600,true,1,50980
8005180150233,false,PAGANI טורטליני גבינה ועגבניות 200 גרם,,IT,טורטליני פאגאני גבינה ועגבניות 200 גרם,גרמים,200.00,100 גרם,false,12,18.90,9.4500,true,1,50977
8005180150295,false,PAGANI טורטליני פטריות פורציני 250 גרם,,IT,טורטליני פאגאני פטריות פורציני 250 גרם,גרמים,250.00,100 גרם,false,12,18.90,7.5600,true,1,50978
8005180152640,false,PAGANI רביולי גבינה וכמהין 250 גרם,,IT,רביולי פאגאני גבינה וכמהין 250 גרם,גרמים,250.00,100 גרם,false,12,18.90,7.5600,true,1,50981
8005180152657,false,PAGANI טורטליני ריקוטה ותרד 200 גרם,,IT,טורטליני פאגאני ריקוטה ותרד 200 גרם,גרמים,200.00,100 גרם,false,12,18.90,9.4500,true,1,50979
8005200256587,false,נסטי - תה קר בטעם אפרסק 1.5 ליטר,מפעל סאנפלגרינו S.P.A,IT,משקה נסטי אפרסק 1.5ליטר בק.פקדון,ליטרים,1.50,ליטר,false,1,8.90,5.9333,true,1,46427
8005200286584,false,נסטי- תה קר - בטעם מנגו אננס 1.5 ליטר,מפעל סאנפלגרינו S.P.A,IT,משקה נסטי מנגו אננס 1.5ליטר בק.פקדון,ליטרים,1.50,ליטר,false,1,8.90,5.9333,true,1,46428
8005200316588,false,תה קר דיאט בטעם אפרסק נסטי 1.5 ליטר,מפעל סאנפלגרינו s.p.a,IT,משקה נסטי דיאט אפרסק 1.5ליטר בק.פקדון,ליטרים,1.50,ליטר,false,1,8.30,5.5333,true,1,46429
8005369000984,false,יין אדום ריפאסו 750,CANTINA ZENI S.R.L,,יין אדום ריפאסו 750 מל,מיליליטרים,750.00,"100 מ""ל",false,1,100.00,13.3333,true,1,27569
8005369001103,false,יין סואבה 750 מל,ZENI,IT,יין סואבה 750 מל,מיליליטרים,750.00,"100 מ""ל",false,6,60.00,8.0000,true,1,27396
8005369001141,false,יין ברדולינו 750 מל,ZENI,IT,יין ברדולינו 750 מל,מיליליטרים,750.00,"100 מ""ל",false,6,60.00,8.0000,true,1,27395
8005369001165,false,יין ולפוליצלה די או,ZENI,IT,יין ולפוליצלה די או סי 750 מל,מיליליטרים,750.00,"100 מ""ל",false,6,60.00,8.0000,true,1,27397
8005415049585,false,יין קברנה סוביניון 7,,,יין קברנה סוביניון 750 מל,מיליליטרים,750.00,"100 מ""ל",false,1,35.00,4.6667,true,1,24502
8005415049646,false,יין קנטי שרדונה 750,,,יין קנטי שרדונה 750 מל,מיליליטרים,750.00,"100 מ""ל",false,1,35.00,4.6667,true,1,24500
8005415049820,false,יין קנטי מרלו 750 מ,,,יין קנטי מרלו 750 מל,מיליליטרים,750.00,"100 מ""ל",false,1,35.00,4.6667,true,1,24501
8005469951452,false,ממרח אנשובי עם שמן חמניות,בנדטו סקלייה סרל,IT,ממרח אנשובי איטלקי 60 גר שפופרת,Unknown,0.00,Unknown,false,1,11.90,0.0000,true,1,15800
8005469981602,false,פילה אנשובי איטלקי בשמן חמניות 75 גרם,בנדטו סקילה,,פילה אנשובי סקאלה שמן צמחי 75 גרם,Unknown,0.00,Unknown,false,1,13.90,0.0000,true,1,22184
8005709207059,false,ספגטו כוסמין גרנו אר,GRANA ARMANDO,IT,ספגטו כוסמין גרנו ארמנדו 500 גר,גרמים,500.00,100 גרם,false,12,13.90,2.7800,true,1,49288
8005709207400,false,פסטה חונקי כמרים קמח,GRANA ARMANDO,IT,פסטה חונקי כמרים כוסמין גרנו ארמנ 500 גר,גרמים,500.00,100 גרם,false,12,13.90,2.7800,true,1,18757
8005709207738,false,פסטה פנה מקמח כוסמין מלא 500 גרם,GRANA ARMANDO,IT,פסטה פנה כוסמין גרנו ארמנדו 500גר,גרמים,500.00,100 גרם,false,12,13.90,2.7800,true,1,18758
8005709280267,false,פתיתי אורז גרנו ארמנ,GRANA ARMANDO,IT,פתיתי אורז גרנו ארמנדו 400 גרם,גרמים,400.00,100 גרם,false,2000,10.00,2.5000,true,1,49523
8005709280274,false,פסטה כוכבים גרנו ארמ,GRANA ARMANDO,IT,פסטה כוכבים גרנו ארמנדו 400 גרם,גרמים,400.00,100 גרם,false,2000,10.00,2.5000,true,1,49521
8005709280380,false,פסטה אותיות גרנו ארמ,GRANA ARMANDO,IT,פסטה אותיות גרנו ארמנדו 400 גרם,גרמים,400.00,100 גרם,false,2000,10.00,2.5000,true,1,49522
8005803010357,false,גריסיני קלאסי - מקלות אפויים עם שמן זית ומלח,"אינסטנטה בע""מ",IT,מקלות גריסיני קלאסי אמור 125 גרם,גרמים,125.00,100 גרם,false,1,6.90,5.5200,true,1,18005
8005803010371,false,"גריסיני רוזמרין - מקלות אפויים עם שמן זית, מלח ורוזמרין","אינסטנטה בע""מ",IT,מקלות גריסיני רוזמרין אמור 125 גרם,גרמים,125.00,100 גרם,false,1,6.90,5.5200,true,1,18008
8005803010586,false,"מקלות אפויים עם שמן זית, מלח, עגבניות ואורגנו, 125 גרם, אמור די פאן","הוסטה איטליה, ס.ר.ל.",IT,מקלות גריסיני פיצה אמור 125 גרם,גרמים,125.00,100 גרם,false,1,6.90,5.5200,true,1,18006
8005803010661,false,"מקלות אפויים עם שמן זית, מלח, ושומשום, 125 גרם, אמור די פאן","הוסטה איטליה, ס.ר.ל.",IT,מקלות גריסיני שומשום אמור 125 גרם,גרמים,125.00,100 גרם,false,1,6.90,5.5200,true,1,18007
8006070041167,false,אבקת קקאו ממותק איכם,,IT,אבקת קקאו ממותק איכם 250 גרם,גרמים,250.00,100 גרם,false,12,16.90,6.7600,true,1,51577
8006070042218,false,אבקת קקאו אמארו איכם,,IT,אבקת קקאו אמארו איכם 250 גרם,גרמים,250.00,100 גרם,false,12,16.90,6.7600,true,1,51578
8006070073656,false,שוקולד חלב איקם לאפי,,IT,שוקולד חלב איקם לאפיה 32% קקאו 200 גרם,גרמים,200.00,100 גרם,false,12,14.90,7.4500,true,1,51613
8006070073663,false,שוקולד מריר איקם לאפ,,IT,שוקולד מריר איקם לאפיה 60% קקאו 200 גרם,גרמים,200.00,100 גרם,false,12,14.90,7.4500,true,1,51614
8006070074189,false,פרלינים ואניני בלו ר,,IT,פרלינים ואניני בלו רוז מריר 120 גרם שקית,גרמים,120.00,100 גרם,false,10,16.90,14.0833,true,1,51618
8006070074196,false,פרלינים ואניני בלו ר,,IT,פרלינים ואניני בלו רוז בלונד120 גרם שקית,גרמים,120.00,100 גרם,false,10,16.90,14.0833,true,1,51619
8006070074219,false,פרלינים ואניני בלו ר,,IT,פרלינים ואניני בלו רוז חלב 120 גרם שקית,גרמים,120.00,100 גרם,false,10,16.90,14.0833,true,1,51620
8006227000399,false,מנצאטו-לחם פרוס לבן 400 גרם,,IT,לחם סמנצאטו פרוס לבן 400גר,גרמים,400.00,100 גרם,false,8,16.90,4.2250,true,1,38985
8006227000405,false,סמנצאטו לחם מחמצת פרוס חיטה מלאה 400 גרם,,IT,לחם סמנצאטו חיטה מלאה 400גר פרוס,גרמים,400.00,100 גרם,false,8,16.90,4.2250,true,1,38983
8006227000412,false,סמנצאטו-לחם פרוס חיטת דורום 400 גרם,,IT,לחם סמנצאטו חיטת דורום 400גר פרוס,גרמים,400.00,100 גרם,false,8,16.90,4.2250,true,1,38984
8006227000429,false,סמנצאטו לחם מחמצת פרוס 8 דגנים 400 גר,,IT,לחם סמנצאטו פרוס מחמצת 8 דגנים 400גר,גרמים,400.00,100 גרם,false,8,16.90,4.2250,true,1,43508
8006227000733,false,סמנצאטו-טראמציני ח.מלאה 250 גרם,רו. מאר ס.ר.ל,IT,לחם סמנצאטו טראמציני חיטה מלאה 250גר,גרמים,250.00,100 גרם,false,1,14.90,5.9600,true,1,38978
8006227000870,false,סמנצאטו כיכר לחם חיט,,IT,לחם סמנצאטו חיטת דורום 350גר,גרמים,350.00,100 גרם,false,6,17.90,5.1143,true,1,38982
8006227001372,false,סמנצאטו – לחם מחמצת לבן עם שמן זית ללא קשה 1400 גרם,רו. מאר ס.ר.ל,IT,לחם סמנצאטו 400גר לבן עם שמן זית ללא קשה,גרמים,400.00,100 גרם,false,8,18.90,4.7250,true,1,40313
8006227001389,false,סמנצאטו – לחם מחמצת עם שמן זית ללא קשה 1400 גרם,רו. מאר ס.ר.ל,IT,לחם סמנצאטו 400גר מלא עם שמן זית ללא קשה,גרמים,400.00,100 גרם,false,8,18.90,4.7250,true,1,40314
8006227270945,false,סמנצאטו-טראמציני לבן 250 גרם,רו. מאר ס.ר.ל,IT,לחם סמנצאטו טראמציני לבן 250גר ללא קשה,גרמים,250.00,100 גרם,false,1,14.90,5.9600,true,1,38979
8006290803521,false,מים מינרליים מוגזים,נביעות,IT,מים מינרלים פררלה 750מל זכוכית פקדון,מיליליטרים,750.00,"100 מ""ל",false,12,10.90,1.4533,true,1,35525
8006423229112,false,סנטה שוקולד עם קרם חלבי 500 גר SORINI,SORINI,IT,שוקולד סנטה ממולא קרם חלב 500 גרם סוריני,גרמים,500.00,100 גרם,false,1,36.90,7.3800,true,1,36487
8006423229891,false,שוקולד איילים קריסמס עם קרם 500 ג SORINI,SORINI,IT,שוקולד איילים קריסמטס קרם חלב 500 גרם סו,גרמים,500.00,100 גרם,false,1,36.90,7.3800,true,1,36488
8006423362208,false,שוקולד סוריני טופ חו,SORINI,,שוקולד סוריני טופ חום 250 גר שקית,גרמים,250.00,100 גרם,false,1,19.90,7.9600,true,1,3058
8006423362406,false,שוקולד סוריני טופ זה,SORINI,,שוקולד סוריני טופ זהב 250 גר שקית,גרמים,250.00,100 גרם,false,1,19.90,7.9600,true,1,5494
8006423462397,false,בונבוניירה לב מיוחד 475 גר SORINI,HDI SORINI,IT,בונבוניירה לב מיוחד 475 גר סוריני,גרמים,475.00,100 גרם,false,1,69.90,14.7158,true,1,6214
8006423462502,false,בונבוניירה קלאסיק 265 גרם SORINI,HDI SORINI,IT,בונבוניירה קלאסיק סוריני 265 ג,גרמים,265.00,100 גרם,false,1,48.90,18.4528,true,1,4252
8006423468801,false,בונבוניירה סוריני טיפי כדור 30 גר,HDI SORINI,IT,בונבוניירה כדור טיפי 320 ג,גרמים,340.00,100 גרם,false,1,34.90,10.2647,true,1,4250
8006540091906,false,לנור כדוריות הבושם בניחוח אריאל 140 גרם,פטר קרמר עבור פרוקטור אנ,US,מבשם כביסה לנור ריח אריאל 140גר,גרמים,140.00,100 גרם,false,1,19.90,14.2143,true,1,45138
8006540091937,false,לנור כדוריות הבושם בניחוח אריאל 210 גרם,פטר קרמר עבור פרוקטור אנ,US,מבשם כביסה לנור כדוריות אריאל 210גר,גרמים,275.00,100 גרם,false,1,27.90,10.1455,true,1,45139
8006540110317,false,שמפו מינרלס ביוטין + במבוק לשיער חזק וארוך,פנטן Pantene,RO,שמפו פנטן מיראקלס במבוק 400מל,מיליליטרים,400.00,"100 מ""ל",false,6,18.90,4.7250,true,1,39705
8006540112793,false,"מרכך כביסה מרוכז בניחוח יסמין לנור 900 מ""ל",פרוקטר אנד גמבל,US,מרכך כביסה לנור מרוכז בניחוח יסמין 900,מיליליטרים,900.00,"100 מ""ל",false,12,16.90,1.8778,true,1,39245
8006540112823,false,"לנור מרכך כביסה מרוכז בניחוח האוקיינוס 900 מ""ל",פרוקטר אנד גמבל,FR,מרכך כביסה לנור מרוכז בניחוח אוקיינוס900,מיליליטרים,900.00,"100 מ""ל",false,12,16.90,1.8778,true,1,39246
8006540112854,false,"מרכך כביסה מרוכז בניחוח סחלב לנור 900 מ""ל",פרוקטר אנד גמבל,FR,מרכך כביסה לנור מרוכז בניחוח סחלב 900,מיליליטרים,900.00,"100 מ""ל",false,12,16.90,1.8778,true,1,39247
8006540157374,false,מרכך מינרלס ביוטין + במבוק לשיער חזק וארוך,פנטן Pantene,FR,מרכך שיער פנטן מיראקלס במבוק 275מל,מיליליטרים,275.00,"100 מ""ל",false,6,18.90,6.8727,true,1,39707
8006540222089,false,פמפרס מגבונים היגיינים לתינוקות וילדים TO GO 40 יח',פרוקטור אנד גמבל,ES,מגבוני פמפרס טו גו לתינוקות וילדים 40יח,יחידה,40.00,יחידה,false,12,6.90,0.1725,true,1,45557
8006540352960,false,טמפונים טמפקס פרל רגולר 20 יחידות,פרוקטר אנד גמבל,HU,טמפון טמפקס פרל רגולר 20יח,יחידה,20.00,יחידה,false,1,25.90,1.2950,true,1,45136
8006540353004,false,טמפקס פרל סופר 18 יחידות חדש,פרוקטר אנד גמבל,HU,טמפון טמפקס פרל סופר 18יח,יחידה,18.00,יחידה,false,1,25.90,1.4389,true,1,45137
8006540383018,false,טבליות למדיח פלטינום דיפ קלין 23 יח פיירי,פרוקטר אנד גמבל,BE,טבליות למדיח פיירי פלטינום דיפ קלין 23יח,יחידה,23.00,יחידה,false,5,39.90,1.7348,true,1,48500
8006540383087,false,טבליות למדיח פיירי פלטינום פלוס דיפ קלין 42 יחידות,פרוקטר & גמבל,BE,טבליות פיירי פלטינום למדיח דיפ קלין 42יח,יחידה,42.00,יחידה,false,4,59.90,1.4262,true,1,48501
8006540404850,false,דיסקריט תחבושות לבריחת שתן לונג 10 יח,פרוקטר & גמבל,DE,תחבושות אולוויז דיסקרט לונג 10יח,יחידה,10.00,יחידה,false,1,19.90,1.9900,true,1,50302
8006540404898,false,אולוויז דיסקריט לבריחת שתן לונג פלוס 8יח,פרוקטר & גמבל,DE,תחבושות אולוויז דיסקרט לונג פלוס 8יח,יחידה,8.00,יחידה,false,1,19.90,2.4875,true,1,50301
8006540404935,false,דיסקריט תחבושות לבריחת שתן נורמל 12 יח,פרוקטר & גמבל,DE,תחבושות אולוויז דיסקרט נורמל 12יח,יחידה,12.00,יחידה,false,1,19.90,1.6583,true,1,50303
8006540405031,false,דיסקריט תחבושות לבריחת שתן סמול פלוס 16,פרוקטר & גמבל,DE,תחבושות אולוויז דיסקרט סמול פלוס 16יח,יחידה,16.00,יחידה,false,8,19.90,1.2437,true,1,50304
8006540425930,false,אריאל קפסולות לכביסה ג'ל 24 יח' לכתמים קשים,פרוקטר אנד גמבל,FR,קפסולות לכביסה אריאל 24יח לכתמים קשים,יחידה,27.00,יחידה,false,3,39.90,1.4778,true,1,46480
8006540428368,false,חיתולי פמפרס בייבי דרי מידה 1 40 יחדות,פרוקטר אנד גמבל,TR,חיתולי פמפרס 40יחידות בייבי דריי מידה 1,יחידה,40.00,יחידה,false,4,34.90,0.8725,true,1,46920
8006540463550,false,פיירי טבליות למדיח פלטינום 63 יחידות,פרוקטר אנד גמבל,BE,פיירי טבליות למדיח פלטינום 63 יחידות,יחידה,63.00,יחידה,false,4,59.90,0.9508,true,1,49433
8006540495186,false,לנור מרכך כביסה מרוכז רגיש בייבי 900 מל,פרוקטר אנד גמבל,FR,מרכך כביסה לנור מרוכז בייבי 897מל,מיליליטרים,897.00,"100 מ""ל",false,12,16.90,1.8841,true,1,48795
8006540495216,false,"לנור מרכך כביסה מרוכז בניחוח אמאטיסט 900 מ""ל",פרוקטר אנד גמבל,FR,מרכך כביסה לנור מרוכז אמאטיסט 897 מל,מיליליטרים,897.00,"100 מ""ל",false,12,16.90,1.8841,true,1,48796
8006540495247,false,"לנור מרכך כביסה מרוכז בניחוח פרחי בר 900 מ""ל",פרוקטר אנד גמבל,FR,מרכך כביסה לנור מרוכז פרחי בר 897 מל,מיליליטרים,897.00,"100 מ""ל",false,12,16.90,1.8841,true,1,48797
8006540566701,false,אריאל ג'ל כביסה להסרת כתמים קשים 1.925 ליטר,פרוקטר אנד גמבל,IT,גל כביסה אריאל כתמים קשים 1.925ליטר,מיליליטרים,1925.00,"100 מ""ל",false,4,34.90,1.8130,true,1,49836
8006837000918,false,מורטו לחם בריוש לבן 550 גר,,IT,לחם בריוש לבן 550 גרם מורטו,גרמים,550.00,100 גרם,false,9,13.90,2.5273,true,1,38380
8006837001083,false,מורטו לחמניות בריוש 400 גרם,,IT,לחמניות בריוש 400 גרם מורטו,גרמים,400.00,100 גרם,false,7,13.90,3.4750,true,1,38382
8006837001137,false,מורטו לחם בריוש חיטה מלאה 600 גרם,,IT,לחם בריוש חיטה מלאה 600גר מורטו,גרמים,600.00,100 גרם,false,9,13.90,2.3167,true,1,38379
8006837002332,false,מורטו לחם בריוש ללא קשה 400 גרם,,IT,לחם בריוש 400גרם ללא קשה מורטו,גרמים,400.00,100 גרם,false,10,15.90,3.9750,true,1,38381
8006837003346,false,מורטו-לחם גרעיני חמניות וזרעי פשתן 380ג,,IT,לחם מורטו גרעיני חמניות וזרעי פשתן 380גר,גרמים,380.00,100 גרם,false,10,13.90,3.6579,true,1,47183
8007116011106,false,יין קיאנטי קנטינה לא,איטליה לאונרדו דה וי,,יין לאונרדו דה וינצי קיאנטי 750 מל פקדון,מיליליטרים,750.00,"100 מ""ל",false,1,45.00,6.0000,true,1,2125
8007116021105,false,יין אדום קיאנטי לאונ,איטליה לאונרדו דה וי,,יין אדום קיאנטי לאונרדו ריזרב 750מל פקדו,מיליליטרים,750.00,"100 מ""ל",false,1,70.00,9.3333,true,1,8708
8007150901623,false,שמן זרעי ענבים 1 ליטר +1/2 ליטר במארז,,,מארז שמן זרעי ענבים 1 ל+500 מל,מיליליטרים,1500.00,"100 מ""ל",false,1,54.90,3.6600,true,1,19739
8007150907175,false,שמן אורז אוליטליה 1ל,אולאיטליה,IT,שמן אורז אולאיטליה 1 לי,ליטרים,1.00,ליטר,false,9,36.90,36.9000,true,1,8499
8007178120310,false,חומץ בלסמי ד'מודנה Giacobazzi,פטורייה ג'יאקובאזי ס,IT,חומץ בלסמי גקובזי 500 מל,מיליליטרים,500.00,"100 מ""ל",false,1,23.90,4.7800,true,1,4785
8007178223547,false,קרם מצומצם עם חומץ בלסמי ממודנה,פארייפאבה אגרואינדוס,IT,קרם בלסמי מצומצם גקובזי 250 מל,מיליליטרים,500.00,"100 מ""ל",false,1,25.00,5.0000,true,1,13590
8007178510685,false,"רוטב לתיבול בסגנון מ""ל 250 בלסמי לבן",זקובזי,IT,חומץ בלסמי לבן גקובזי 250 מל,מיליליטרים,250.00,"100 מ""ל",false,1,17.90,7.1600,true,1,23217
8007270126791,false,"שמן זית אורגני קוסטה דאורו 750 מ""ל",קוסטה דיאורו,IT,שמן זית אורגני קוסטה דאורו 750 מל,מיליליטרים,750.00,"100 מ""ל",false,12,45.00,6.0000,true,1,37144
8007270999012,false,שמן גרעיני ענבים נטורפוד 1 ליטר,קוסטה דיאורו,IT,שמן זרעי ענבים דורו 1 ל נטורפוד,ליטרים,1.00,ליטר,false,1,29.90,29.9000,true,1,10985
8007537006538,false,"טורטיליה ציפס תירס כחול לל""ג 450 גרם",,IT,חטיף טורטילה ציפס תערס כחול 450 גר,גרמים,300.00,100 גרם,false,1,24.90,8.3000,true,1,25462
8007674005951,false,יין אדום פיציני ברונ,,IT,יין אדום פיציני ברונלו די מונטלצינו 750מ,מיליליטרים,750.00,"100 מ""ל",false,12,189.00,25.2000,true,1,49749
8007880123500,false,יין רוזה 11 מינוט פס,,,יין רוזה 11 מינוט פסקווא 750 מל,מיליליטרים,750.00,"100 מ""ל",false,,100.00,13.3333,true,1,35084
8007880139006,false,יין פרימיטיבו די פול,,IT,יין פרימיטיבו די פוליה 750 מל,מיליליטרים,750.00,"100 מ""ל",false,12,60.00,8.0000,true,1,23299
8007880140101,false,יין פסימנטו לבן 750,פסקווא,,יין פסימנטו לבן 750 מל,מיליליטרים,750.00,"100 מ""ל",false,1,80.00,10.6667,true,1,17544
8007880140705,false,יין פאסימנטו רומאו ו,,,יין פאסימנטו רומאו וגולייט 750מל פקדון,מיליליטרים,75000.00,"100 מ""ל",false,1,80.00,0.1067,true,1,23966
8007880211009,false,יין מונטפולציאנו דיא,,,יין מונטפולציאנו דיאברוצו 750 מל,מיליליטרים,750.00,"100 מ""ל",false,1,60.00,8.0000,true,1,11976
8007880212006,false,יין וילה בורגותי וול,,,יין וילה בורגותי וולפוליצלה קלאסיקו 750מ,מיליליטרים,750.00,"100 מ""ל",false,1,70.00,9.3333,true,1,8125
8007880214802,false,יין נור דאבולה שירז,,,יין נור דאבולה שירז 750מל פיקדון,מיליליטרים,750.00,"100 מ""ל",false,1,60.00,8.0000,true,1,16030
8007880727807,false,יין ריפאסו ציצלה ברט,,,יין ריפאסו ציצלה ברטה 750 מל פיקדון,מיליליטרים,750.00,"100 מ""ל",false,1,110.00,14.6667,true,1,7449
8008090044012,false,טבליות ספירה 30 יחידות,זובלה,IT,ספירה 30 טבליות בקופסא,יחידה,30.00,יחידה,false,1,9.90,0.3300,true,1,1655
8008090604223,false,ספירה גרין רפיל טבליות 30 לילות טבעי,זובלה גרופ,IT,דוחה יתושים ספירה גרין טבליות 30יח,יחידה,30.00,יחידה,false,24,12.90,0.4300,true,1,38404
8008090604230,false,ספירה green סלילי בערה ציטרונלה,זובלה,IT,דוחה יתושים ספירה גרין גלילי שמנים טבעיי,יחידה,1.00,יחידה,false,1,14.90,14.9000,true,1,38403
8008245004847,false,ממרח אגוזי לוז וקקאו מובנפיק 300 גרם,נאטקו,IT,ממרח מובנפיק אגוזי לוז וקקאו 300 גרם,גרמים,300.00,100 גרם,false,6,14.90,4.9667,true,1,37298
8008245004861,false,ממרח אגוזי לוז עם חלב מובנפיק 300 גרם,יבואן ומשווק: ש. שסט,IT,ממרח מובנפיק אגוזי לוז וחלב 300 גרם,גרמים,300.00,100 גרם,false,6,14.90,4.9667,true,1,37299
8008440249425,false,בירה אסהי יבשה מאד 330 מל בקבוק,פרונרי,IT,בירה אסהי 330מל בקבוק פקדון,מיליליטרים,330.00,"100 מ""ל",false,1,10.00,3.0303,true,1,29214
8008440522016,false,"שישיית בירה פרוני 6*330 מ""ל",פרונרי,IT,מארז 6יח בירה פרוני נאסטרו אזורו 330מל,מיליליטרים,1980.00,"100 מ""ל",false,4,34.90,1.7626,true,1,33262
8008620009313,false,קריץ-קרקר מלוח 250 ג',nuova industria bisc,IT,קרקר קריץ מלוח 250 גרם,גרמים,250.00,100 גרם,false,12,8.90,3.5600,true,1,37769
8008620009337,false,קריץ-קרקר חיטה מלאה 250ג',nuova industria bisc,IT,קרקר אורגני חיטה מלאה 254 גר,גרמים,250.00,100 גרם,false,12,8.90,3.5600,true,1,37767
8008620050506,false,קרקר אורגני פריך עם מלח,,IT,קרקר אורגני מלוח 254 גר,גרמים,250.00,100 גרם,false,12,14.90,5.9600,true,1,36170
8008660210014,false,מעדן משמש מנז אנד גאסר ויסוצקי 300 גרם,קריניציה ויטמינה אס,IT,מעדן משמש ריבה 300 גרם,גרמים,300.00,100 גרם,false,1,14.90,4.9667,true,1,16626
8008660210021,false,מעדן ריבה מנץ אנד גאססר דובדבן 300 גר,שוורצקוף& הנקל דיסלד,IT,מעדן דובדבן ריבה 300 גרם,גרמים,300.00,100 גרם,false,1,14.90,4.9667,true,1,16625
8008660210038,false,מעדן ריבה מנץ אנד גאססר תות שדה 300 גר,קריניציה ויטמינה אס,IT,מעדן תות שדה ריבה 300 גרם,גרמים,300.00,100 גרם,false,1,14.90,4.9667,true,1,16628
8008660210045,false,מעדן פירות יער מנז אנד גאסר ויסוצקי 300 גרם,שוורצקוף& הנקל דיסלד,IT,מעדן פירות יער ריבה 300 גרם,גרמים,300.00,100 גרם,false,1,14.90,4.9667,true,1,16627
8008660210052,false,מעדן פרי תפוז מנז אנד גאסר ויסוצקי 320 גרם,מנז אנד גאסר Menz&Gasser,IT,מעדן פרי תפוז 300 גרם,גרמים,300.00,100 גרם,false,1,14.90,4.9667,true,1,24900
8008660210069,false,מעדן פרי פסיפלורה מנז אנד גאסר ויסוצקי 320 גרם,מנז אנד גאסר,IT,מעדן פרי אפרסק פסיפלורה 300 גרם,גרמים,300.00,100 גרם,false,1,14.90,4.9667,true,1,24901
8008696028720,false,נוטרי פרי-פאנינו המבורגר ל.גלוטן 200 גר,,IT,נוטרי פרי פאנינו לחמניה המבורגר ללג 200,גרמים,200.00,100 גרם,false,4,24.90,12.4500,true,1,51904
8008696028751,false,נוטרי פרי-לחם סנדוויץ ל.גלוטן 240 גר,,IT,נוטרי פרי פאנינו לחם סנדוויץ ללג 120 גר,גרמים,240.00,100 גרם,false,8,18.90,7.8750,true,1,51901
8008696029048,false,נוטרי פרי-לחם פרוס ק.מלא ללא גלוטן 300 ג,,IT,נוטרי פרי פאנינו לחם פרוס ללג 300 גר,גרמים,300.00,100 גרם,false,8,24.90,8.3000,true,1,51905
8008696029192,false,נוטרי פרי-לחם פרוס ללא גלוטן 300 גר,,IT,נוטרי פרי פאנינו לחם פרוס ללג 110ג,גרמים,300.00,100 גרם,false,8,22.90,7.6333,true,1,51903
8008696030082,false,"נוטרי פרי-בריוש במילוי משמש לל""ג 200 גר",,IT,נוטרי פרי פאנינו בריוש משמש ללג 200 ג,גרמים,240.00,100 גרם,false,5,29.90,12.4583,true,1,51914
8008696030235,false,נוטרי פרי-קרואסאן קלאסי ללא גלוטן 200 גר,,IT,נוטרי פרי פאנינו קרואסאן קלאסי ללג 240 ג,גרמים,240.00,100 גרם,false,5,29.90,12.4583,true,1,51907
8008696030259,false,"נוטרי פרי-קרואסאן עם שוקולד לל""ג 240 גר",,IT,נוטרי פרי פאנינו קרואסאן שוקו ללג 240 גר,גרמים,240.00,100 גרם,false,5,29.90,12.4583,true,1,51906
8008696030303,false,נוטרי פרי-פאנינו הוט דוג ל.גלוטן 65 גר,,IT,נוטרי פרי פאנינו הוט דוג ללג 65 ג לחמניו,יחידה,1.00,יחידה,false,10,14.90,14.9000,true,1,51900
8008698002025,false,בסיס לפיצה ללא גלוטן (150X2) גרם שר,דר שר אי ג'\י/\אספי איי,IT,בסיס לפיצה ללא גלוטן 300 גרם,גרמים,300.00,100 גרם,false,8,34.90,11.6333,true,1,25612
8008698002049,false,קרקרים עגולים 175 גרם ללא גלוטן,ס.ר.ל פוסטל,IT,קרקרים עגולים 175 גר ללא גלוטן,גרמים,175.00,100 גרם,false,1,22.90,13.0857,true,1,27517
8008698002100,false,מקלות גריסיני 200 גרם ד''ר שר,"ד""ר שר ס.ר.ל",IT,גריסיני 150גר ללא גלוטן,גרמים,150.00,100 גרם,false,10,19.90,13.2667,true,1,31750
8008698002599,false,לחם הבית פרוס ללא גלוטן 240גרם שר,דר שר,IT,לחם הבית ללא גלוטן 240 גר,גרמים,240.00,100 גרם,false,5,19.90,8.2917,true,1,47111
8008698002810,false,"עוגה אישית לל""ג שר 10*35 גרם",,IT,עוגה אישית ללא גלוטן 10יח 350גר שר,גרמים,350.00,100 גרם,false,1,28.90,8.2571,true,1,50939
8008698003152,false,ג'בטה כפרית ללא גלוטן 4*50גרם שר,,DE,לחמניות גבטה כפרית ללג 4 יח שר 250 גר,גרמים,250.00,100 גרם,false,6,22.90,9.1600,true,1,47468
8008698003503,false,עוגיות שיבולת שועל עם צימוקים 250 גר,"דר שר ס.ר.ל פוסטל, א",IT,קרקרים מלבניים 210גר ללא גלוטן,גרמים,210.00,100 גרם,false,1,24.90,11.8571,true,1,9765
8008698003961,false,"שוקו סטיקס מקלוני עוגיות לל""ג 150 גר",דר שר דויטשלנד ג'\י אם ב,DE,מקלות בציפוי שוקולד 150גר ללא גלוטן שר,גרמים,150.00,100 גרם,false,1,18.90,12.6000,true,1,50938
8008698004548,false,שר ביסקוויט בציפוי קרם שוקולד חלב ללא גלוטן 150 גר',"ד""ר שר ס.ר.ל",DE,ביסקויט מצופה שוקולד ל.ג.ם דר שר 150 גר,גרמים,150.00,100 גרם,false,1,20.00,13.3333,true,1,17081
8008698004630,false,SORRISI עוגיות סנדוויץ' במילוי קרם קקאו 250 גר',ס.ר.ל פוסטל,FR,עוגיות דבל שוקולד 250גר ללא גלוטן,גרמים,250.00,100 גרם,false,1,24.90,9.9600,true,1,27519
8008698004807,false,מיקס - Bתערובת קמחים לאפיית לחמים ללא גלוטן 1קג,ס.ר.ל פוסטל,AT,קמח לאפיה ללא גלוטן דר שר 1 קג,קילוגרמים,1.00,"ק""ג",false,1,30.00,30.0000,true,1,5468
8008698004852,false,מיקס - Cתערובת קמחים לאפיית עוגות 1קג ללא גלוטן,"ד""ר שר ס.ר.ל",IT,קמח מיקס למאפים דר שר 1 קג,קילוגרמים,1.00,"ק""ג",false,1,30.00,30.0000,true,1,5469
8008698005231,false,עוגיות סנדוויץ בטעם שוקולד ממולאות קרם חלב ללא גלוט,שר Schar,IT,עוגיות שוקולד דר שר 165 גר,גרמים,165.00,100 גרם,false,6,19.90,12.0606,true,1,33679
8008698005347,false,"ביסקוויט מצופות שוקולד מריר לל""ג 150 גר",שר Schar,IT,עוגיות מצופות שוקולד ללא גלוטן,גרמים,150.00,100 גרם,false,6,15.90,10.6000,true,1,33678
8008698008157,false,שר עוגיות שוקולד במילוי קרם שמנת ללא גלוטן 100 גר',דר שר ס.ר.ל פוסטל,IT,עוגיות דבל וניל 100 גר ללא גלוטן,גרמים,100.00,100 גרם,false,1,12.90,12.9000,true,1,9766
8008698010259,false,ג'בטה ללא גלוטן 4*50גרם שר,,DE,לחמניות גבטה ללא גךלוטן 4 יח שר 200 גר,גרמים,200.00,100 גרם,false,6,22.90,11.4500,true,1,47467
8008698010358,false,"תערובת קמחים לאפייה כללית 500 גרם לל""ג","ד""ר שר ס.ר.ל",IT,קמח מיקס לאפיה דר שר 500 גרם,גרמים,500.00,100 גרם,false,1,16.90,3.3800,true,1,17079
8008698013021,false,שר עוגיות שוקולד ציפס מריר ללא גלוטן 100 ג',דר שר פוסטל,IT,עוגיות שוקוציפס פריכות ל.ג. דר שר 100גר,גרמים,100.00,100 גרם,false,1,13.50,13.5000,true,1,17082
8008698013045,false,עוגיות הופס 220גרם ללא גלוטן HOOPS,דר שר דויטשלנד ג'\י אם ב,DE,עוגיות הופס ללא גלוטן 220גר שר,גרמים,220.00,100 גרם,false,1,14.90,6.7727,true,1,28194
8008698024065,false,פאן בלנקו-לחם ללא גלוטן 250 גרם,schar,IT,לחם ללא גלוטן 250 גר פאן בלנקו,גרמים,250.00,100 גרם,false,8,13.90,5.5600,true,1,25650
8008698024140,false,לחם ללא גלוטן פאן מולטי גראנו 250 גר,schar,DE,לחם ללא גלוטן 250 גר פאן מולטי גראנו,גרמים,250.00,100 גרם,false,8,13.90,5.5600,true,1,25651
8008698024188,false,פאן רוסטיקו-לחם ללא גלוטן 250 גרם,,IT,לחם ללא גלוטן 250 גר פאן רוסטיקו,גרמים,250.00,100 גרם,false,8,13.90,5.5600,true,1,25649
8008698031032,false,"חטיף קרוויס בטעם ברביקיו לל""ג 170 גרם",,FR,חטיף קרוויס ללא גלוטן בטעם ברביקיו 170גר,גרמים,170.00,100 גרם,false,,16.90,9.9412,true,1,50941
8008698031056,false,"חטיף קרוויס טבעי לל""ג 170 גרם",,FR,חטיף קרוויס ללא גלוטן בטעם טבעי 170גר שר,גרמים,170.00,100 גרם,false,,16.90,9.9412,true,1,50940
8008698032084,false,עוגיות מיני וחברים ללא גלוטן 125גרם שר - MINI FRIENDS,,DE,עוגיות מיני ללא גלוטן 125 גר,מיליליטרים,125.00,"100 מ""ל",false,6,12.90,10.3200,true,1,47164
8008698033876,false,קרקרים בתוספת דגנים ללא גלוטן 210גרם CEREAL CRACKERS,"ד""ר שר",DE,קרקר בתוספת דגנים ללג 210 גר שר,גרמים,210.00,100 גרם,false,5,24.90,11.8571,true,1,47126
8008698054109,false,מילוי גריס - ממרח אגוזי לוז עם קקאו בתוספות מקלות 52 גרם,"ד""ר שר ס.ר.ל",IT,מילי גריס ממרח אגוזי לוז+מקלות ללג 52גר,Unknown,0.00,Unknown,false,12,11.90,0.0000,true,1,31753
8008743002536,false,שוקולד מטבעות ברשת 5,,,מטבעות שוקולד ברשת 50 גרם,Unknown,0.00,Unknown,false,1,4.90,0.0000,true,1,14352
8008743015611,false,שוקולד פרצופים ברשת,,,שוקולד פרצופים ברשת 100 גרם,גרמים,100.00,100 גרם,false,1,7.90,7.9000,true,1,50469
8008743023135,false,בונ.פרלין מעורב אדום,,,בונ.פרלין מעורב אדום 355 גר,גרמים,355.00,100 גרם,false,1,46.90,13.2113,true,1,29294
8008743023142,false,בונבוניירה מתומנת כח,,,בונ.פרלין כחול כסף 355 גר,גרמים,355.00,100 גרם,false,1,46.90,13.2113,true,1,29295
8008743030713,false,שוקולד כדורגל שוקו ב,,,שוקולד כדורגל שוקו ברשת 100 גרם,גרמים,100.00,100 גרם,false,1,7.90,7.9000,true,1,41122
8008743036609,false,שוקולד מכוניות ברשת,GUNZ WARENHANDELS,,שוקולד מכוניות ברשת 100 גר,גרמים,100.00,100 גרם,false,1,7.90,7.9000,true,1,19051
8008743037903,false,שוקולד שחקני כדורגל,,,שוקולד שחקני כדורגל ברשת 100 גרם,גרמים,100.00,100 גרם,false,1,7.90,7.9000,true,1,41065
8008743048695,false,שוקולד דובים ברשת 90,GUNZ WARENHANDELS,,שוקולד דובים ברשת 90 גר,Unknown,0.00,Unknown,false,1,7.90,0.0000,true,1,41068
8008743048824,false,פרלינים לייקה דובדבן,,IT,פרלינים לייקה דובדבן בליקר 90 גרם,Unknown,0.00,Unknown,false,14,7.90,0.0000,true,1,50603
8008743055266,false,פרלינים לייקה שוקולד,,IT,פרלינים לייקה שוקולד מריר72% 90 גרם,Unknown,0.00,Unknown,false,14,7.90,0.0000,true,1,50555
8008743055334,false,פרלינים לייקה שוקולד,,IT,פרלינים לייקה שוקולד קקאו 100 גרם,גרמים,100.00,100 גרם,false,14,7.90,7.9000,true,1,50604
8008857200194,false,פסטה רגיה 19 ספגטי תומר 500 גרם,רגיה,IT,ספגטי רגייה 500 גר,גרמים,500.00,100 גרם,false,1,5.90,1.1800,true,1,11676
8008857200200,false,פסטה רגיה 20 ספגטי דק תומר 500 גרם,,IT,ספגטי רגייה דק 500 גר,גרמים,500.00,100 גרם,false,1,5.90,1.1800,true,1,11677
8008857300238,false,פסטה רגיה 23 גליל תומר 500 גרם,פאסטופיציו אנטוניו,IT,פסטה רגייה גליל 500 גר,גרמים,500.00,100 גרם,false,1,5.90,1.1800,true,1,11682
8008857300344,false,פסטה רגיה 34. צינור תומר 500 גרם,רגיה,IT,פסטה רגייה צינור 500 גר,גרמים,500.00,100 גרם,false,1,5.90,1.1800,true,1,11678
8008857300481,false,פסטה רגיה 48 בורג תומר 500 גרם,רגיה,IT,פסטה בורג רגייה 500 גר,גרמים,500.00,100 גרם,false,1,5.90,1.1800,true,1,11680
8008857300580,false,פסטה רגיה 58 סהרון תומר 500 גרם,,IT,פסטה רגייה סהרון 500 גר,גרמים,500.00,100 גרם,false,1,5.90,1.1800,true,1,11684
8008857300603,false,פסטה רגיה 60 קונכיה 500 גרם,פאסטופיציו אנטוניו,IT,פסטה רגייה קונכיות 500 גר,גרמים,500.00,100 גרם,false,1,5.90,1.1800,true,1,11685
8008857300634,false,פסטה רגיה 19 תלתל תומר 500 גרם,פאסטופיציו אנטוניו,IT,פסטה רגייה תלתל 500 גר,גרמים,500.00,100 גרם,false,1,5.90,1.1800,true,1,11687
8008857300641,false,פסטה רגיה 64. צדפות תומר 500 גרם,רגיה,IT,פסטה צדף רגייה 500 גר,גרמים,500.00,100 גרם,false,1,5.90,1.1800,true,1,28588
8008900001037,false,יין צלו קברנה סוביני,,,יין צילו קברנה סוביניו 750 מל פקדון,מיליליטרים,750.00,"100 מ""ל",false,1,35.00,4.6667,true,1,23256
8008900001075,false,יין שרדונה צלו 750 מ,,,צילו שרדונה 750 מל פקדון,מיליליטרים,750.00,"100 מ""ל",false,1,35.00,4.6667,true,1,2720
8008900002188,false,יין צילו פינו גריגיו,סיאלו אי טרה,,יין צילו פינו גריגיו 750 מל פקדון,מיליליטרים,750.00,"100 מ""ל",false,1,35.00,4.6667,true,1,22570
8008900004212,false,יין צילו מרלו 750 מל,,,צילו מרלו 750 מל פקדון,מיליליטרים,750.00,"100 מ""ל",false,1,35.00,4.6667,true,1,24310
8008900005684,false,יין קאזה דפרה פינו ג,,IT,יין קאזה דפרה פינו גריגיו 750מל בק.פקדון,מיליליטרים,750.00,"100 מ""ל",false,1,45.00,6.0000,true,1,49707
8008900005899,false,יין צילו סוביניון 75,סיאלו אי טרה,,יין צילו סוביניון 750 מל פקדון,מיליליטרים,750.00,"100 מ""ל",false,1,35.00,4.6667,true,1,22261
8008900006186,false,יין צילו פינו נואר 7,סיאלו אי טרה,IT,יין צילו אדום יבש פינו נואר 750 מל,מיליליטרים,750.00,"100 מ""ל",false,1,35.00,4.6667,true,1,19413
8008900006797,false,יין מאיסטרו ברימיטיב,,,יין צלו מאסטרו פרימיטיבו פוליה 750 מל,מיליליטרים,750.00,"100 מ""ל",false,6,45.00,6.0000,true,1,38842
8008900007763,false,יין צלו אפסיונמנטה ו,,IT,יין צךו אפסיונמנטה ונטו 750 מל,מיליליטרים,750.00,"100 מ""ל",false,6,65.00,8.6667,true,1,38840
8008900008692,false,יין קאזה דפרה ריזרבה,,IT,יין קאזה דפרה ריזרבה אדום 750מל בק.פקדון,מיליליטרים,750.00,"100 מ""ל",false,1,65.00,8.6667,true,1,49708
8008900009613,false,יין פאסיה טוסקנה רוס,,,יין פאסיה טוסקנה רוסו 750 מל,מיליליטרים,750.00,"100 מ""ל",false,12,60.00,8.0000,true,1,38841
8008912010034,false,ליגורי- ספגטי מספר 3 500גר,מנז'\ אנד גאסר ס.פ.א,IT,ספגטי לגיורי 500 גרם,גרמים,500.00,100 גרם,false,1,8.90,1.7800,true,1,39858
8008912010072,false,ליגורי- לינגוויני מספר 7 500גר,מנז'\ אנד גאסר ס.פ.א,IT,לינגוויני ליגורי 500 גרם,גרמים,500.00,100 גרם,false,1,8.90,1.7800,true,1,47354
8008912010270,false,LIGUORI פסטה קסרצ'ה מספר 27 500 גרם,מנז'\ אנד גאסר ס.פ.א,IT,פסטה ליגורי קסרצה 500 גרם,גרמים,500.00,100 גרם,false,1,8.90,1.7800,true,1,47353
8008912010300,false,LIGUORI פסטה פרפלה 500 גרם מספר 30,מנז'\ אנד גאסר ס.פ.א,IT,פסטה ליגורי פרפלה 500 גרם,גרמים,500.00,100 גרם,false,1,8.90,1.7800,true,1,39855
8008912010317,false,LIGUORI פסטה פוזילי 500 גרם מספר 31,מנז'\ אנד גאסר ס.פ.א,IT,פסטה ליגורי פוזילי 500 גרם,גרמים,500.00,100 גרם,false,1,8.90,1.7800,true,1,39856
8008912010331,false,פסטה ניוקטי סרדי בצורת קונכיות מס' 33,מנז'\ אנד גאסר ס.פ.א,IT,פסטה ליגורי ניוקטי סרי קונכיות 500 גרם,גרמים,500.00,100 גרם,false,1,8.90,1.7800,true,1,47352
8008912010423,false,LIGUORI פסטה פנה ריגטה 500 גרם מספר 42,מנז'\ אנד גאסר ס.פ.א,IT,פסטה ליגורי פנה ריגטה 500 גרם,גרמים,500.00,100 גרם,false,1,8.90,1.7800,true,1,39857
8008920150104,false,אמרדורי למברוסקו אדום,דונלי גאטטיקו,,יין למברוסקו אדום אמראדורי 750 מל פיקדון,מיליליטרים,750.00,"100 מ""ל",false,1,25.00,3.3333,true,1,7360
8008920150111,false,אמרדורי למברוסקו רוזה,דונלי,IT,יין למברוסקו רוזה אמראדורי 750 מל פיקדון,מיליליטרים,750.00,"100 מ""ל",false,1,25.00,3.3333,true,1,7362
8008920150128,false,למברוסקו אמראדורי לב,דונלי גאטטיקו,,יין למברוסקו לבן אמראדורי 750 מל פיקדון,מיליליטרים,750.00,"100 מ""ל",false,1,25.00,3.3333,true,1,7361
8008940228005,false,גנדולה עוגיות כוסמין אורגניות 350 גרם,תות תעשיות מזון (201,IT,עוגיות כוסמין אורגניות 300 גר,גרמים,300.00,100 גרם,false,12,17.90,5.9667,true,1,31231
8008990000040,false,tonkitaTK004 מטאטא פנימי practica+מקל,טונקיטה,IT,מטאטא פרקטיקה,יחידה,1.00,יחידה,false,1,22.90,22.9000,true,1,14856
8008990000101,false,tonkitaTK010 מטאטא חיצוני area+מקל,טונקיטה,IT,מטאטא אראה,יחידה,1.00,יחידה,false,1,27.90,27.9000,true,1,14706
8008990000262,false,ערכה ללכידת אבק עם,אריקס,IT,ערכה ללכידת אבק עם 10 מטליות למילוי,Unknown,0.00,Unknown,false,6,59.90,0.0000,true,1,39600
8008990000514,false,tonkitaTK051 מברשת ויעה,טונקיטה,,כף אשפה + מברשת,יחידה,1.00,יחידה,false,1,14.90,14.9000,true,1,14709
8008990000750,false,מברשת לניקוי אסלות,טונקיטה,IT,מברשת לניקוי אסלות,יחידה,1.00,יחידה,false,1,10.00,10.0000,true,1,14722
8008990001856,false,כיסוי לקרש גיהוץ סיל,אריקס,,כיסוי לקרש גיהוץ סילבר 100%כותנה 140/50,יחידה,1.00,יחידה,false,1,32.90,32.9000,true,1,14701
8008990002167,false,יעה עם מקל מתכת ארוך טונקיטה,טונקיטה,IT,יעם עם מקל מתכת ארוך טי איי 216 טונקיטה,יחידה,1.00,יחידה,false,1,19.90,19.9000,true,1,14732
8008990005809,false,מגב ניקוי טונקיטה להסרת מים מזכוכיות,אריקס,IT,מגב ניקוי להסרת מים מזכוכית/אריחים 26סמ,יחידה,1.00,יחידה,false,12,15.90,15.9000,true,1,30851
8008990006714,false,מטאטא טונקיטה קשה אק,אריקס,IT,מטאטא טונקיטה קשה אקולוגי+מקל,יחידה,1.00,יחידה,false,1,29.90,29.9000,true,1,18848
8008990006721,false,מטאטא טונקיטה חיצוני,אריקס,IT,מטאטא טונקיטה חיצוני אקולוגי+מקל,יחידה,1.00,יחידה,false,1,34.90,34.9000,true,1,18849
8008990008008,false,כיסוי קרש גיהוץ טריפ,אריקס,,כיסוי קרש גיהוץ טריפלקס 100%כותנה140/50,יחידה,1.00,יחידה,false,1,44.90,44.9000,true,1,14702
8008990008923,false,דלי אובלי טונקיטה 13 ליטר,טונקיטה,IT,דלי אובלי 13 ליטר,יחידה,1.00,יחידה,false,1,19.90,19.9000,true,1,14731
8008990009234,false,ספוג מופ טי קיי 923,טונקיטה,IT,ספוג מופ טי קיי 923 טונקיטה,יחידה,1.00,יחידה,false,1,29.90,29.9000,true,1,14730
8008990061508,false,tonkitaTK615 מטאטא פנימי rapida+מקל,טונקיטה,IT,מטאטא ראפידה,יחידה,1.00,יחידה,false,1,24.90,24.9000,true,1,14704
8008990065100,false,מטאטא קשה לקרצוף פרק,טונקיטה,IT,מטאטא קשה לקרצוף פרקטיקו,יחידה,1.00,יחידה,false,1,24.90,24.9000,true,1,14708
8009149000119,false,"קמח תירס מולינו פיילה - פולנטה 1 ק""ג",פוקולוקו,IT,קמח תירס פולנטה מולינו פיילה 1 קג,קילוגרמים,1.00,"ק""ג",false,10,16.90,16.9000,true,1,51536
8009167091205,false,פסטה לינגוויני דיו ד,,,פסטה לינגוויני דיו דיונון 250 גר מורללי,גרמים,250.00,100 גרם,false,1,23.90,9.5600,true,1,8607
8009167211207,false,פסטה לינגוויני כמהין,,,פסטה לינגוויני כמהין 250 גר מורללי,גרמים,250.00,100 גרם,false,1,24.90,9.9600,true,1,8610
8009167281200,false,פסטה לינגוויני לימון,,,פסטה לינגוויני לימון פלפל250 גר מורללי,גרמים,250.00,100 גרם,false,1,23.90,9.5600,true,1,8611
8009621006073,false,ניוקי תפוח-אדמה 500 גר,,,ניוקי תפוא וינצי 500 גר,גרמים,500.00,100 גרם,false,1,10.90,2.1800,true,1,6274
8009720626424,false,יין פאקמורה אינדוליה,B.C.A 1875 BAGLIO CU,,יין פאקמורה אינדוליה לבן 750 מל,מיליליטרים,750.00,"100 מ""ל",false,1,60.00,8.0000,true,1,12984
8009720659460,false,יין פאקמורה נרו אדום,B.C.A 1875 BAGLIO CU,,יין פאקמורה נרו אדום 750 מל,מיליליטרים,750.00,"100 מ""ל",false,1,60.00,8.0000,true,1,12985
8009915000039,false,פסטה תירס קפיליני ללא גלוטן,לה וואניציאני La Venezian,,פסטה קפליני מקמח תירס ל.ג.250גר,גרמים,250.00,100 גרם,false,1,12.90,5.1600,true,1,7947
8009915000282,false,פסטה פטוצ'יני ללא גלוטן 250 גר' - פוריו,LE VENEZIANE,IT,פסטה פטוציני מקמח תירס ל.ג250גר,גרמים,250.00,100 גרם,false,1,12.90,5.1600,true,1,7948
8009915000367,false,פסטה אנליני ללא גלוט,,,פסטה אנלוני ללא גלוטן 250 גר,גרמים,250.00,100 גרם,false,1,12.90,5.1600,true,1,12995
8009915000374,false,פסטה דיטאליני ללא גל,LE VENEZIANE,IT,פסטה דיטאליני ללא גלוטן 250 גר,גרמים,250.00,100 גרם,false,1,12.90,5.1600,true,1,12994
8009915001227,false,פסטה פנה ללא גלוטן 250 גר' -פוריו,לה וואניציאני La Venezian,IT,פסטה פנה מקמח תירס ל.ג.250 גר,גרמים,250.00,100 גרם,false,1,12.90,5.1600,true,1,7949
8009915001340,false,פסטה אליקה ללא גלוטן 250 גר' -פוריו,לה וואניציאני La Venezian,IT,פסטה אליקה מקמח תירס ל.ג.250גר,גרמים,250.00,100 גרם,false,1,12.90,5.1600,true,1,7950
8010721997048,false,גבינה פרמרגיו מיושננ,,,גבינת פרמזנו ריזאנו 150גר 30 חודש,גרמים,150.00,100 גרם,false,1,32.00,21.3333,true,1,11905
8010721999929,false,גבינה קשה פקורינו רו,,,גבינה קשה פקורינו רומאנו 200 גר,גרמים,200.00,100 גרם,false,10,37.90,18.9500,true,1,31931
8011033011279,false,קוסקוס אמיתי 1 קג מר,אמירה,IT,קוסקוס אמיתי 1 קג מרקש,קילוגרמים,1.00,"ק""ג",false,1,15.90,15.9000,true,1,38448
8012824000991,false,קוברה מתקן כביסה פלסטיק לבן,,,מתקן לייבוש כביסה פלסטיק,Unknown,0.00,Unknown,false,1,139.00,0.0000,true,1,12584
8012901009367,false,קינוח טראפלס סולו אי,סולו איטליה,IT,קינוח טראפלס 100גר סולו איטליה,גרמים,100.00,100 גרם,false,8,6.90,6.9000,true,1,23787
8012901009374,false,קינוח לימונצ'לו סולו,סולו,IT,קינוח לימונצלו 90 גר סולו איטליה,Unknown,0.00,Unknown,false,8,6.90,0.0000,true,1,23788
8012901012800,false,סולו איטליה קינוח טי,סולו,IT,קינוח טירמיסו 90גרם סולו איטליה,Unknown,0.00,Unknown,false,8,6.90,0.0000,true,1,39138
8013108003509,false,בונבוניירה מיקס שוקולד 160 גר CAFFAREL,CAFFAREL,IT,בונבוניירה קורנט מיקס שוקולד 165 גרם,גרמים,165.00,100 גרם,false,1,29.90,18.1212,true,1,36667
8013108003523,false,בונבוניירה אגוזי פיימונטה 165 ג CAFFAREL,CAFFAREL,IT,בונבוניירה קורנט אגוזי פיימונטה 165 גרם,גרמים,165.00,100 גרם,false,1,29.90,18.1212,true,1,36666
8013108003530,false,בונבוניירה קרמיני 165 גר CAFFAREL,CAFFAREL,IT,בונבוניירה קורנט קרמיני 165 גרם קפרל,גרמים,165.00,100 גרם,false,1,29.90,18.1212,true,1,36664
8013399145278,false,דיאטורל סוכריות סטיביה ליקוריץ רך 70 גרם,קלואטה איטליה,IT,סוכ.דיטורל ליקריץ רך 70 גר סטיביה,Unknown,0.00,Unknown,false,1,8.90,0.0000,true,1,11458
8013399145315,false,סוכריות סטיביה דיטרול תות 70 גרם,קלואטה איטליה,IT,סוכ.דיטורל תות רך 70 גר סטיביה,Unknown,0.00,Unknown,false,1,8.90,0.0000,true,1,11456
8013774020008,false,יין מולר טורגאו 750,קנטינה די גבריאל,,יין מולר טורגאו 750 מל,מיליליטרים,750.00,"100 מ""ל",false,1,80.00,10.6667,true,1,21532
8014037008634,false,עוגה אישית מוטטה בונ,BAULI,IT,עוגה אישית מוטטה בונדי שוקולד מצופה 6 יח,גרמים,276.00,100 גרם,false,12,10.00,3.6232,true,1,51575
8014037008733,false,עוגה אישית מוטטה בונ,BAULI,IT,עוגה אישית מוטטה בונדי וניל מצופה 6 יח,גרמים,276.00,100 גרם,false,12,10.00,3.6232,true,1,51576
8014207001106,false,אטריות מוסקוני טליאט,,IT,אטריות מוסקוני טליאטלה 250 גרם עבודת יד,גרמים,250.00,100 גרם,false,12,14.90,5.9600,true,1,50567
8014207001205,false,אטריות מוסקוני פטוצי,,IT,אטריות מוסקוני פטוציני 250 גרם עבודת יד,גרמים,250.00,100 גרם,false,12,14.90,5.9600,true,1,50564
8014207001502,false,אטריות מוסקוני טליול,,IT,אטריות מוסקוני טליוליני 250 גרם עבודת יד,גרמים,250.00,100 גרם,false,12,14.90,5.9600,true,1,50568
8014207001601,false,פסטה מוסקוני תרד 250,,IT,פסטה מוסקוני תרד 250 גרם עבודת יד,גרמים,250.00,100 גרם,false,12,14.90,5.9600,true,1,50565
8014601011565,false,קמח קונדיטוריה קאפוט,קאפוטו,IT,קמח קונדיטוריה קאפוטו 1 קג,קילוגרמים,1.00,"ק""ג",false,10,12.90,12.9000,true,1,37894
8014601012456,false,קמח נובולה קאפוטו 1,קאפוטו,IT,קמח נובולה קאפוטו 1 קג,קילוגרמים,1.00,"ק""ג",false,10,15.90,15.9000,true,1,37895
8014601026354,false,"קמח ""00"" איטלקי לפיצה שף אדום 1 ק""ג",אנטימו קפוטו אס.אר.אל,IT,קמח פיצה שף קאפוטו אדום 1 קג,קילוגרמים,1.00,"ק""ג",false,10,13.90,13.9000,true,1,37892
8014601028747,false,קמח 00 איטלקי כחול 1 קג CAPUTO,אנטימו קפוטו אס.אר.אל,IT,קמח אקסטרא קאפוטו לכל מטרה כחול 1 קג,קילוגרמים,1.00,"ק""ג",false,10,11.90,11.9000,true,1,37893
8014601999870,false,"קמח סמולינה דורום 1 ק""ג",אנטימו קפוטו אס.אר.אל,IT,סמולינה קאפוטו טחינה כפולה צהוב 1 קג,קילוגרמים,1.00,"ק""ג",false,10,13.90,13.9000,true,1,37876
8015565030203,false,חטיף קרקר עם רוזמרין175ג,לוריארי אס אל אר,IT,קרקר לאוריירי טעם רוזמרין 175גרם,גרמים,175.00,100 גרם,false,15,10.90,6.2286,true,1,51149
8015565030241,false,חטיף קרקר עם מלח ים175ג,לוריארי אס אל אר,IT,קרקר לאוריירי טעם מלוח 175גרם,גרמים,175.00,100 גרם,false,15,10.90,6.2286,true,1,51150
8015565030258,false,חטיף קרקר טעם פיצה 175 ג,לוריארי אס אל אר,IT,קרקר לאוריירי טעם פיצה 175גרם,גרמים,175.00,100 גרם,false,15,10.90,6.2286,true,1,51148
8015565030654,false,קרקר לאוריירי טעם פט,,IT,קרקר לאוריירי טעם פטריות כמהין175גר,גרמים,175.00,100 גרם,false,15,10.90,6.2286,true,1,51147
8015565030906,false,צנימים לאוריירי טעם,,IT,צנימים לאוריירי טעם פסטו 150גרם,גרמים,150.00,100 גרם,false,15,10.90,7.2667,true,1,51151
8015822000031,false,יין אדום לה גרולה אל,איטליה אלגריני (Cort,,יין אדום לה גרולה אלגריני 750מל פקדון,מיליליטרים,750.00,"100 מ""ל",false,1,135.00,18.0000,true,1,8821
8015822000178,false,יין פאלאצו דלה טורה 750 מל,איטליה אלגריני (Cort,,יין אדום פלצו דלה טורה 750מל פקדון,מיליליטרים,750.00,"100 מ""ל",false,1,110.00,14.6667,true,1,8822
8015822000253,false,יין לבן שרדונה קורטג,איטליה אלגריני (Cort,,יין לבן שרדונה קורטגיארה 750 מל פקדון,מיליליטרים,750.00,"100 מ""ל",false,1,45.00,6.0000,true,1,8747
8015822000260,false,יין לבן קורטגיארה די,איטליה אלגריני (Cort,,יין לבן קורטגיארה דינו גריגיו 750 מל פק,מיליליטרים,750.00,"100 מ""ל",false,1,60.00,8.0000,true,1,8746
8015822000413,false,יין אדום אמרונה קורט,איטליה אלגריני (Cort,,יין אדום אמרונה קורטגיארה 750מל פקדון,מיליליטרים,750.00,"100 מ""ל",false,1,160.00,21.3333,true,1,8824
8015822010092,false,יין לבן סואבה קורטגי,איטליה אלגריני (Cort,,יין אדום סואבה קורטגיארה 750 מל פקדון,מיליליטרים,750.00,"100 מ""ל",false,1,45.00,6.0000,true,1,8793
8015822010108,false,יין רוזה ברדולינו קי,איטליה אלגריני (Cort,,יין ברדולינו קיארטו קורטגיארה אלגריני 75,מיליליטרים,750.00,"100 מ""ל",false,1,45.00,6.0000,true,1,46621
8015822010115,false,יין אדום ריפאסו קורט,איטליה אלגריני (Cort,,יין אדום ריפאסו קורטגיארה 750מל פקדון,מיליליטרים,750.00,"100 מ""ל",false,1,70.00,9.3333,true,1,8711
8015997000911,false,מאריני- בישקוטים פריכים 200 גרם,Biscottificio Verona,,בישקוטים פריכים מאריני 200 גר,גרמים,200.00,100 גרם,false,1,6.90,3.4500,true,1,20277
8016001000019,false,יין אדום ברולו פרונו,איטליה אנטינורי,,יין אדום ברולו פרונוטו 750מל פקדון,מיליליטרים,750.00,"100 מ""ל",false,1,190.00,25.3333,true,1,8702
8016001000026,false,יין אדום ברברסקו פרו,איטליה אנטינורי,,יין אדום ברברסקו פרונוטו 750 מל פקדון,מיליליטרים,750.00,"100 מ""ל",false,1,150.00,20.0000,true,1,8820
8016001000101,false,יין מוסקטו דאסטי פרונוטו 750 מל,איטליה אנטינורי,,יין מוסקטו דאסטי 750 מל פיקדון,מיליליטרים,750.00,"100 מ""ל",false,1,65.00,8.6667,true,1,6592
8016001001689,false,יין אדום ניצה באנזלה,פרונוטו,IT,יין ניצה באנזלה 750 מל,מיליליטרים,750.00,"100 מ""ל",false,6,85.00,11.3333,true,1,30767
8016129000847,false,גבינה פרמרגיו מיושננ,,,גבינת פרמזנו ריגאנו 150גר 12חודש,גרמים,150.00,100 גרם,false,1,25.00,16.6667,true,1,11575
8016129000854,false,גבינת גראנה פאדנו 15,,,גבינת גראנה פאדנו 150 גר,גרמים,150.00,100 גרם,false,1,23.00,15.3333,true,1,11574
8016608003215,false,יין קיאנטי סנטה טרינ,איטליה לה קיאנטי ג'י,,יין קיאנטי סנטה טרינטיה 750 מל פיקדון,מיליליטרים,750.00,"100 מ""ל",false,1,45.00,6.0000,true,1,6590
8016608003437,false,יין קיאנטי לה קיאנטי,איטליה לה קיאנטי ג'י,,יין קיאנטי לוגיה דל סול 750מל פקדון,מיליליטרים,750.00,"100 מ""ל",false,1,40.00,5.3333,true,1,9204
8016867002646,false,מגן תחתון אורגניק ארוך במיוחד 20 יח,CORMAN,IT,מגן תחתון ארוך 24יח באריזה כותנה אורגנית,יחידה,24.00,יחידה,false,1,19.90,0.8292,true,1,12523
8016867003056,false,שטיפה אינטימית 250מל,,,שטיפה אינטימית 250מל אורגנית,מיליליטרים,250.00,"100 מ""ל",false,1,46.90,18.7600,true,1,50767
8016867007023,false,צמרונים אורגניק ביוטי 200 יח,CMC Gmbh,TR,צמרוני אוזניים 200יח אורגניק זון,יחידה,200.00,יחידה,false,1,12.90,0.0645,true,1,10387
8016867007030,false,פדיות קוסמטיות אורגניק ביוטי 70 יח,CMC Gmbh,TR,פדיות קוסמטיות 70יח לאיפור אורגניקזון,יחידה,70.00,יחידה,false,1,12.90,0.1843,true,1,10388
8016867008945,false,מגן תחתון 24 אורגניק באריזת תפזורת,corman,IT,מגן תחתון 24יח באריזה כותנה אורגנית,יחידה,24.00,יחידה,false,1,19.90,0.8292,true,1,10380
8016867008969,false,טמפונים עם מוליך סופר אורגניק,COTTON HITEC,DE,טמפונים עם מוליך סופר 14יח אורגניק זון,יחידה,14.00,יחידה,false,1,28.90,2.0643,true,1,10384
8016867008976,false,טמפונים עם מוליך רגולר אורגניק,COTTON HITEC,DE,טמפונים עם מוליך רגולר 16יח אורגניק זון,יחידה,16.00,יחידה,false,1,28.90,1.8062,true,1,10383
8016867009904,false,טמפונים ללא מוליך סופר פלוס אורגניק,ONTEX,,טמפונים ללא מוליך סופר+ 16יח אורגניק זון,יחידה,16.00,יחידה,false,1,24.90,1.5562,true,1,28101
8016867009911,false,טמפונים ללא מוליך סופר אורגניק,ontex,DE,טמפונים ללא מוליך סופר 16יח אורגניק זון,יחידה,16.00,יחידה,false,1,24.90,1.5562,true,1,10382
8016867009928,false,טמפונים ללא מוליך רגולר אורגניק,ZONE ORGANYC,DE,טמפונים ללא מוליך רגולר 16יח אורגניק זון,יחידה,16.00,יחידה,false,1,24.90,1.5562,true,1,10381
8016867009935,false,תחבושות דקות 03 לזרימה מוגברת אורגניק,corman,IT,תחבושות דקות לזרימה מוגברת10יח אורגניקזו,יחידה,10.00,יחידה,false,1,26.90,2.6900,true,1,10386
8016867009942,false,תחבושות דקות 02 לזרימה רגילה אורגניק,corman,IT,תחבושות דקות לזרימה רגילה 10יח אורגניקזו,יחידה,10.00,יחידה,false,1,26.90,2.6900,true,1,10385
8016867009959,false,מגן תחתון באריזה אישית אורגניק,CORMAN,,מגן תחתון 24יח אריזה אישית כותנה אורגנית,יחידה,24.00,יחידה,false,1,20.00,0.8333,true,1,34639
8016867015080,false,מגן תחתון תפזורת 48,,,מגן תחתון 48 יחידות כותנה אורגנית,יחידה,48.00,יחידה,false,1,27.90,0.5812,true,1,50766
8017070766530,false,קרקרים בתיבול רוזמרין 150 גרם,,IT,קרקר דק קאזה מילו רוזמרין 150 גרם,גרמים,150.00,100 גרם,false,12,10.90,7.2667,true,1,49615
8017070766554,false,קרקר סקיני קלאסי 150 גרם,,IT,קרקר דק קאזה מילו קלאסי 150 גרם,גרמים,150.00,100 גרם,false,12,10.90,7.2667,true,1,49613
8017070766578,false,קרקרים בתיבול עגבניות ואורגנו 150 גרם,,IT,קרקר דק קאזה מילו עגבניות אורגנו 150 גרם,גרמים,150.00,100 גרם,false,12,10.90,7.2667,true,1,49614
8017070766615,false,קרקרים בתוספת זרעי ציה 150 גרם,,IT,קרקר דק קאזה מילו זרעי ציה 150 גרם,גרמים,150.00,100 גרם,false,12,10.90,7.2667,true,1,49616
8017494062034,false,יין וילה סנדי פרוסקו,וילה סנדי,IT,יין וילה סנדי פרוסקו 750 מל פקדון,מיליליטרים,750.00,"100 מ""ל",false,6,60.00,8.0000,true,1,27586
8017494077038,false,יין וילה סנדי מוסקטו,,,יין וילה סנדי מוסקטו דולצה 750 מל פיקדון,מיליליטרים,750.00,"100 מ""ל",false,1,45.00,6.0000,true,1,6886
8017494738014,false,יין וילה סאנדי פרוסק,,,יין וילה סאנדי פרוסקו רוזה ברוט 750 מל,מיליליטרים,750.00,"100 מ""ל",false,1,60.00,8.0000,true,1,46534
8017704000986,false,יין ברברה פונטאני קו,איטליה קורדרו די מונ,,יין ברברה פונטאני קורדו די מונטזמולו 750,מיליליטרים,750.00,"100 מ""ל",false,1,170.00,22.6667,true,1,10107
8017746286539,false,"יין קיאנטי פוגיו סו וינצי 750 מ""ל",פוגיו אל טאזורו,,יין קיאנטי פוגיו סו וינצי 750 מל,מיליליטרים,750.00,"100 מ""ל",false,1,60.00,8.0000,true,1,20724
8017938005122,false,"נטורפוד חומץ תפוחים אורגני 750 מ""ל",מריה לוצ'יה מלצ'יורי,IT,חומץ תפוחים אורגני ביוטרנטינו 750מל,מיליליטרים,750.00,"100 מ""ל",false,1,20.00,2.6667,true,1,16196
8017938005764,false,נטורפוד-מיץ תפוחים 100% אורגני 1 ליטר,לוצ'ה מריה,IT,מיץ תפוחים אורגני 1ליטר נטורפוד,ליטרים,1.00,ליטר,false,1,19.90,19.9000,true,1,19345
8018102000110,false,ריזוטו ארבוריו סופרפינו 500 גרם,,,אורז ריזוטו ארבוריו 500גר פרינסיפטו,גרמים,500.00,100 גרם,false,1,21.90,4.3800,true,1,9962
8019428000013,false,משקה אורז אורגני 1 ליטר,the bridge,IT,משקה אורז אורגני 1 ל,ליטרים,1.00,ליטר,false,1,12.90,12.9000,true,1,13801
8019428000099,false,משקה אורז אורגני בתוספת שקדים 1 ליטר,the bridge,IT,משקה אורז שקדים אורגני 1 ל,ליטרים,1.00,ליטר,false,1,12.90,12.9000,true,1,13802
8019428000105,false,משקה שיבולת שועל אורגני 1 ליטר,the bridge,IT,משקה שיבולת שועל 1ליטר,ליטרים,1.00,ליטר,false,1,12.90,12.9000,true,1,21195
8019428007005,false,משקה סויה אורגני 1 ליטר,the bridge,IT,משקה סויה אורגני 1 ל,ליטרים,1.00,ליטר,false,1,12.90,12.9000,true,1,13803
8019428007111,false,משקה שקדים אורגני 1 ליטר,THE BRIDGE,,משקה שקדים אמנדה אורגני 1 ל,ליטרים,1.00,ליטר,false,1,19.90,19.9000,true,1,14408
8019428007357,false,משקה אגוז ברזיל 1 לי,דה ברידג,,משקה אגוז ברזיל 1 ליטר קרטון,ליטרים,1.00,ליטר,false,1,15.90,15.9000,true,1,22900
8019428007364,false,משקה קוקוס אורגני 1 ליטר,דה ברידג,IT,משקה קוקוס 1ליטר קרטון,ליטרים,1.00,ליטר,false,1,14.90,14.9000,true,1,22934
8019428009078,false,מעדן אורז אורגני וני,The Bridge S.R.L,IT,מעדן אורז אורגני וניל 130 גר זוג,יחידה,130.00,יחידה,false,6,10.90,0.0838,true,1,48166
8019428009085,false,מעדן אורז אורגני שוק,The Bridge S.R.L,IT,מעדן אורז אורגני שוקולד 130 גר זוג,יחידה,130.00,יחידה,false,6,10.90,0.0838,true,1,48165
8019428009108,false,מעדן שיבולת שועל וני,דה ברידג' ס.ר.ל,IT,מעדן שיבולת שועל וניל אורגני 130גר זוג,יחידה,130.00,יחידה,false,6,10.90,0.0838,true,1,48168
8019428009122,false,מעדן שיבולת שועל שוק,דה ברידג' ס.ר.ל,IT,מעדן שיבולת שועל אורגני 130 גר זוג,יחידה,130.00,יחידה,false,6,10.90,0.0838,true,1,48167
8020735002003,false,יין אלאסטרו פלאנטה 7,איטליה לה קיאנטי ג'י,,יין אלאסטרו פלאנטה 750 מל,מיליליטרים,750.00,"100 מ""ל",false,1,80.00,10.6667,true,1,19182
8020735007008,false,יין לה סנרטה אדום פל,איטליה קלאווזנה,,יין לה סנרטה אדום פלאנטה 750 מל,מיליליטרים,750.00,"100 מ""ל",false,1,60.00,8.0000,true,1,19181
8020735008005,false,יין נרו דאבולה פלומב,איטליה לה קיאנטי ג'י,,יין נרו דאבולה פלומבאנו 750 מל,מיליליטרים,750.00,"100 מ""ל",false,1,80.00,10.6667,true,1,19183
8021904003111,false,יין גראן אפאסי אפסיט,,,יין גראן אפאסי אפסיטה 750 מל,מיליליטרים,750.00,"100 מ""ל",false,1,60.00,8.0000,true,1,46538
8021904031114,false,יין גראן אפאסי שרדונ,,,יין גראן אפאסי שרדונה 750 מל,מיליליטרים,750.00,"100 מ""ל",false,1,60.00,8.0000,true,1,46539
8021904060114,false,יין גראן אפאסי פרימי,,,יין גראן אפאסי פרימיטיבו 750 מל,מיליליטרים,750.00,"100 מ""ל",false,1,110.00,14.6667,true,1,46540
8022470213386,false,דרגיה שקד חלב 500 גר PRISCO MAX,ITALIANA CONFETTI-PR,IT,סוכ.דרגה שקד חלב 500 גר מקס,גרמים,500.00,100 גרם,false,12,35.90,7.1800,true,1,36672
8022470213393,false,דרגיה שקד מריר 500 גר PRISCO MAX,ITALIANA CONFETTI-PR,IT,סוכ.דרגה שקד מריר 500 גר מקס,גרמים,500.00,100 גרם,false,12,35.90,7.1800,true,1,36673
8022470213478,false,דרגיה דובדובן לבן 500 גר PRISCO MAX,,IT,סוכ.דרגה דובדבן חלב 500גר מקס,גרמים,500.00,100 גרם,false,10,35.90,7.1800,true,1,36676
8022470213485,false,דרגיה דובדובן מריר 500 ג PRISCO MAX,ITALIANA CONFETTI-PR,IT,סוכ.דרגה דובדבן מריר 500גר מקס,גרמים,500.00,100 גרם,false,10,35.90,7.1800,true,1,36677
8022470226362,false,דרגיה קשיו חלב 500 גר PRISCO MAX,ITALIANA CONFETTI-PR,IT,דרגה פריסקו קשיו שוקולד חלב 500 גרם,גרמים,500.00,100 גרם,false,12,35.90,7.1800,true,1,36678
8022470226379,false,דרגיה קשיו מריר 500 גר PRISCO MAX,ITALIANA CONFETTI-PR,IT,דרגה פריסקו קשיו שוקולד מריר 500 גרם,גרמים,500.00,100 גרם,false,12,35.90,7.1800,true,1,36679
8022470238280,false,בונבוננירה דרגה כריו,SWEETITALY,,בונבוננירה דרגה גריות שוקולד אדו 500 גרם,גרמים,500.00,100 גרם,false,1,32.90,6.5800,true,1,30540
8022470240276,false,בונבוננירה דרגה כריו,SWEETITALY,,בונבוננירה דרגה כריות שוקולד ירוק500 גרם,גרמים,500.00,100 גרם,false,1,32.90,6.5800,true,1,30541
8022470253559,false,פארטי עדשים עם בוטני,ITALIANA CONFETTI,IT,סוכריות פארטי אנד גו בוטנים 250 גרם,גרמים,250.00,100 גרם,false,10,14.90,5.9600,true,1,38400
8023354024418,false,יין טראמארי רוזה 750,סאן מרזאנו,IT,יין טראמארי רוזה 750 מל,מיליליטרים,750.00,"100 מ""ל",false,6,60.00,8.0000,true,1,30768
8023354040111,false,יין נגרואמארו איל פו,,,יין נגרואמארו איל פומו 750 מל,מיליליטרים,750.00,"100 מ""ל",false,1,45.00,6.0000,true,1,21536
8023354131918,false,יין פרימיטיבו די מנד,סאן מרזאנו,IT,יין פרימיטיבו די מנדוריה טאלו 750 מל,מיליליטרים,750.00,"100 מ""ל",false,6,65.00,8.6667,true,1,30771
8023354133714,false,יין פרימיטיבו מנדורי,סאן מרזאנו,IT,יין פרימיטיבו מנדוריה ססאנטאני 750 מל,מיליליטרים,750.00,"100 מ""ל",false,6,129.00,17.2000,true,1,30769
8023492000091,false,סטיק שוקולד גינדויה חלב עם אגוז 150 DG 3,די.גי 3 דולצאריה ס.ר,IT,שוקולד גיאנדויה חלב אגוז 150 גרם,גרמים,150.00,100 גרם,false,24,15.90,10.6000,true,1,17152
8023492000671,false,סטיק שוקולד מריר אגוזים ותפוז 150 ג DG 3,די.גי 3 דולצאריה ס.ר,IT,שוקולד גיאנדויה מריר אגוז ותפוז 150 גרם,גרמים,150.00,100 גרם,false,24,15.90,10.6000,true,1,40103
8023678161363,false,משקה שבלת שועל טבעי אורגני 1ל' ISOLA,איזולה ביו Isola Bio,IT,משקה שיבולת שועל אורגני 1 ליטר איזולה לי,ליטרים,1.00,ליטר,false,1,12.90,12.9000,true,1,6133
8023678161387,false,משקה סויה אורגני 1 ליטר ISOLA,איזולה ביו Isola Bio,,משקה סויה אורגני 1 ליטר איזולה ליב,ליטרים,1.00,ליטר,false,1,11.90,11.9000,true,1,9062
8023678162360,false,משקה שקדים טבעי אורגני 1ליטר ISOLA,אבא פודס אס. אר. אל,IT,משקה שקדים טבעי אורגני איזולה 1 ל,ליטרים,1.00,ליטר,false,1,14.90,14.9000,true,1,13552
8023678162476,false,משקה אורז ושקד אורגני 1 ליטר isola,אבאפודס,IT,משקה אורז שקד טבעי אורגני איזולה 1 ליטר,ליטרים,1.00,ליטר,false,1,12.90,12.9000,true,1,13553
8023678164517,false,משקה שקדים ללא סוכר טבעי אורגני 1ליטר ISOLA,איזולה ביו Isola Bio,IT,משקה שקדים ללס אורגני איזולה 1 לי,ליטרים,1.00,ליטר,false,1,14.90,14.9000,true,1,37393
8023678728290,false,משקה איזולה סויה בריסטה 1 ליטר,,IT,משקה סויה בריסטה אורגני איזולה 1 לי,ליטרים,1.00,ליטר,false,1,12.90,12.9000,true,1,37392
8023678728832,false,משקה איזולה שיבולת שועל בריסטה 1 ליטר,,,משקה שבולת שועל בריסטה אורגני איזולה,ליטרים,1.00,ליטר,false,1,12.90,12.9000,true,1,37391
8023678729112,false,ISOLA משקה שיבולת שועל 0% סוכר 1 ליטר,,IT,משקה שיבולת שועל ללא סוכר 1ליטר איזולה,ליטרים,1.00,ליטר,false,1,12.90,12.9000,true,1,39302
8024985000086,false,מחית תפוח בננה 100% פרי 200 ג נטורה נובה,"נטורפוד בע""מ",IT,זוג מחית בננה תפוח אורגנית100%פרי200 גרם,גרמים,200.00,100 גרם,false,1,9.90,4.9500,true,1,16503
8024985000116,false,מחית תפוח אוכמ 100% פרי 200 ג נטורה נובה,"נטורפוד בע""מ",IT,זוג מחית אוכמניות אורגנית100%פרי200 גרם,גרמים,200.00,100 גרם,false,1,9.90,4.9500,true,1,16505
8024985002783,false,סמוזי נטורה נובה גזר ודלעת 100 גרם,נטורה נובה Natura Nuova,IT,מחית סמוזי פירות גזר דלעת 100 גר נובה,גרמים,100.00,100 גרם,false,1,5.90,5.9000,true,1,23737
8024985002912,false,סמוזי אגס בטטה 100 גר נטורה נובה,נטורה נובה,IT,מחית סמוזי תפוח אגס בטטה 100 גר נובה,גרמים,100.00,100 גרם,false,18,5.90,5.9000,true,1,28775
8024985002943,false,סמוזי נטורה נובה תפוח אננס קוקוס 100 גרם,נטורה נובה,IT,מחית סמוזי תפוח אננס קוקוס 100 גר,גרמים,100.00,100 גרם,false,18,5.90,5.9000,true,1,35503
8024985002950,false,נטורה נובה-סמוזי שזיף אורגני 100 גרם,נטורה נובה,IT,מחית סמוזי שזיף אורגני 100 גר,גרמים,100.00,100 גרם,false,18,5.90,5.9000,true,1,35502
8024985002967,false,סמוזי נטורה נובה בננה תרד 100 גרם,נטורה נובה,IT,מחית סמוזי בננה תרד100 גר,גרמים,100.00,100 גרם,false,18,5.90,5.9000,true,1,35504
8024985003988,false,נטורה נובה סמוזי תפוח בננה 100 גרם,נטורה נובה Natura Nuova,IT,מחית סמוזי תפוח בננה 100גר נטורה,גרמים,100.00,100 גרם,false,1,5.90,5.9000,true,1,19332
8024985004305,false,נטורה נובה סמוזי תפוח רביעייה 100 גרם,נטורה נובה,IT,מחית סמוזי תפוח אורגני ל.ס.4יח100גר,גרמים,400.00,100 גרם,false,1,19.90,4.9750,true,1,16219
8024985004695,false,נטורה נובה סמוזי בננה רביעייה 100 גרם,נטורה נובה,IT,מחית סמוזי בננה אורגני ל.ס.4יח100גר,גרמים,400.00,100 גרם,false,1,19.90,4.9750,true,1,15803
8024985005234,false,סמוזי נטורה נובה סמוצי תפוח מנגו 100 גרם,נטורה נובה,IT,מחית סמוזי תפוח אפרסק מנגו 100גר נטורה,גרמים,100.00,100 גרם,false,1,5.90,5.9000,true,1,19331
8024985005296,false,סמוזי אגס בננה תפוח וקינואה אורגני,נטורה נובה,IT,מחית סמוזי נטורה נובה קינואה120גר אורגני,גרמים,120.00,100 גרם,false,1,6.90,5.7500,true,1,19330
8024985005302,false,סמוזי תפוח רימון פטל אוכמנויות ואסאי אורגני,נטורה נובה,IT,מחית סמוזי נטורה נובה פירות 120גר אורגני,גרמים,120.00,100 גרם,false,1,6.90,5.7500,true,1,19329
8024985008037,false,סמוזי נטורה נובה סמוצי תפוח 100 גרם,"נטורפוד בע""מ",IT,מחית סמוזי תפוח 100גר נטורה נובה,גרמים,100.00,100 גרם,false,1,5.90,5.9000,true,1,19334
8024985008044,false,סמוזי נטורה נובה סמוצי אגס 100 גרם,"נטורפוד בע""מ",IT,מחית סמוזי אגס 100גר נטורה נובה,גרמים,100.00,100 גרם,false,1,5.90,5.9000,true,1,19333
8024985008051,false,סמוזי נטורה נובה סמוצי פירות אדומים 100,נטורה נובה Natura Nuova,IT,מחית סמוזי פירות אדומים 100גר נטורה נובה,גרמים,100.00,100 גרם,false,1,5.90,5.9000,true,1,19335
8026530000077,false,יין שרדונה פייטראביא,איטליה אנטינורי,,יין שרדונה פייטראביאנקה אנטינורי 750מל פ,מיליליטרים,750.00,"100 מ""ל",false,1,100.00,13.3333,true,1,9170
8026530000152,false,יין אדום מאסרייה מאי,איטליה אנטינורי,,יין אדום מאסרייה מאימה 750 מל פקדון,מיליליטרים,750.00,"100 מ""ל",false,1,120.00,16.0000,true,1,8706
8026705101103,false,יין אמאנו אדום 750 מ,amano,,יין אמאנו אדום 750 מל,מיליליטרים,750.00,"100 מ""ל",false,1,60.00,8.0000,true,1,18955
8026705201018,false,יין אמאנו לבן 750 מל,amano,,יין אמאנו לבן 750 מל,מיליליטרים,750.00,"100 מ""ל",false,1,60.00,8.0000,true,1,18954
8026705301206,false,יין א-מאנו אימפרינט,א-מאנו,IT,יין א-מאנו אימפרינט אפסימנטו 750 מל,מיליליטרים,750.00,"100 מ""ל",false,6,70.00,9.3333,true,1,27040
8026705971119,false,יין א מאנו רוזה 750,א-מאנו,IT,יין א מאנו רוזה 750 מל,מיליליטרים,750.00,"100 מ""ל",false,6,60.00,8.0000,true,1,27039
8026879004019,false,יין לאנגה ברברה לואי,איטליה פודרי לואיג'י,,יין ברברה פיימונטה לואיגי 750 מל פקדון,מיליליטרים,750.00,"100 מ""ל",false,1,110.00,14.6667,true,1,9504
8027264000043,false,יין גמיי אותלה 750מל,איטליה אותלה,,יין גמיי אותלה 750מל פקדון,מיליליטרים,750.00,"100 מ""ל",false,1,70.00,9.3333,true,1,10913
8027264000296,false,יין ויניה נובה אותל,איטליה אותלה,,יין ויניה נובה אותלה 750 מל,מיליליטרים,750.00,"100 מ""ל",false,1,65.00,8.6667,true,1,30542
8027403005915,false,קרקר עם רוזמרין סולו,סולו קוסה בואנה,IT,קרקר עם רוזמרין סולו קאסה 200 גרם,גרמים,200.00,100 גרם,false,1,19.90,9.9500,true,1,27941
8027403005939,false,קרקר בטעם עגבניות סו,סולו קוסה בואנה,IT,קרקר בטעם עגבניות סולו קאסה 200 גרם,גרמים,200.00,100 גרם,false,1,19.90,9.9500,true,1,27943
8027403009517,false,גריסיני עם שמן זית ס,סולו קוסה בואנה,IT,גריסיני עם שמן זית סולו קסה 200 גרם,גרמים,200.00,100 גרם,false,1,19.90,9.9500,true,1,27945
8027403009708,false,קרקר איטלקי שומשום ס,סולו קוסה בואנה,IT,קרקר איטלקי שומשום סולו קאסה 200 גרם,גרמים,200.00,100 גרם,false,1,19.90,9.9500,true,1,33529
8028695004013,false,ארטישוק אלה רומנה בש,ITALCARCIOFI,,ארטישוק אלה רומנה בשמן 510 גרם,גרמים,510.00,100 גרם,false,1,34.90,6.8431,true,1,15967
8028695041919,false,זיתים ירוקים 530 CASTELVETRANO ג' ITALCARCIOFI,ITALCARCIOFI,,זיתים ירוקים שלמים כבושים 530 גרם,גרמים,530.00,100 גרם,false,1,19.90,3.7547,true,1,15971
8028695057385,false,צלפים שלמים בחומץ 66,ITALCARCIOFI,,צלפים שלמים בחומץ 660 גרם,גרמים,660.00,100 גרם,false,1,31.90,4.8333,true,1,29084
8028695200231,false,רבעי ארטישוק בשמן חמניות 530 ג' ITALCARCIOFI,ITALCARCIOFI,,ארטישוק רבעים בשמן חמניות 510 גרם,גרמים,510.00,100 גרם,false,1,24.90,4.8824,true,1,15969
8032523530452,false,ממרח פיסטוק פיסטי אי,פיסטי,IT,ממרח פיסטוק פיסטי איטלקי 200 גרם,גרמים,200.00,100 גרם,false,10,35.90,17.9500,true,1,49520
8032685196770,false,עגבניות אורגניות מקולפות 400 גרם SOLANIA,נטורפוד,IT,עגבניות מקולפות אורגניות 400 גר,גרמים,400.00,100 גרם,false,1,6.90,1.7250,true,1,19336
8032685196787,false,עגבניות אורגניות חתוכות 400 גרם SOLANIA,פתח תקווה,IT,עגבניות חתוכות אורגניות 400 גר,גרמים,400.00,100 גרם,false,1,6.90,1.7250,true,1,19337
8032685196800,false,נטורפוד עגבניות אורגניות מרוסקות 700 גרם,פתח תקווה,IT,עגבניות מרוסקות אורגניות 700גר,גרמים,700.00,100 גרם,false,1,10.00,1.4286,true,1,19338
8032738680003,false,יין ויואלדי אמרונה 7,,,יין ויואלדי אמרונה 750 מל,מיליליטרים,750.00,"100 מ""ל",false,6,129.00,17.2000,true,1,38319
8032738680010,false,יין ויואלדי ריפאסו 7,,,יין ויואלדי ריפאסו 750 מל,מיליליטרים,750.00,"100 מ""ל",false,6,65.00,8.6667,true,1,38320
8032793151425,false,טלאמונטי טרבי טראביא,,,יין טלאמונטי טרבי טראביאנו 750 מל,מיליליטרים,750.00,"100 מ""ל",false,1,45.00,6.0000,true,1,22656
8032793151920,false,יין טלאמונטי טרהבוצי,,,יין טלאמונטי טרהבוציטו פקורינו 750 מל,מיליליטרים,750.00,"100 מ""ל",false,1,65.00,8.6667,true,1,24498
8032793152422,false,יין טלאמונטי אטרנום,טלאמונטי,IT,יין טלאמונטי אטרנום 750 מל,מיליליטרים,750.00,"100 מ""ל",false,6,65.00,8.6667,true,1,27041
8032793153320,false,יין טלאמונטי מודה מו,,,יין טלאמונטי מודה מונפולציטנו 750 מל,מיליליטרים,750.00,"100 מ""ל",false,1,45.00,6.0000,true,1,22657
8032804430440,false,אטריות כוסמת אורגניות ללא גלוטן,אף.סי תבליני בגליל ב,IT,פליסיה ספגטי כוסמת אורגני קופסא 400 גר,גרמים,400.00,100 גרם,false,12,17.90,4.4750,true,1,28783
8032804430471,false,פליסיה קופסא - סדניני עדשים אדומות 250 גרם,אף.סי תבליני בגליל ב,IT,פסטה100%עדשים אדומות אורגנית250גרם,גרמים,250.00,100 גרם,false,1,14.90,5.9600,true,1,16388
8032804430501,false,פליסיה פסטה פוזילי אפונה אורגני 250 גרם,אף.סי תבליני בגליל ב,IT,פסטה100% אפונה ירוקה אורגנית250גרם,גרמים,250.00,100 גרם,false,1,14.90,5.9600,true,1,16387
8032804430761,false,לזניה עדשים צהובות פליסיה 250 גרם,אף.סי תבליני בגליל ב,IT,פליסיה לזניה עדשים צהובות אורגני 250 גר,גרמים,250.00,100 גרם,false,12,19.90,7.9600,true,1,28785
8032804430815,false,פליסיה פוזילי שעועית מש אורגני 250 גרם,אנדריאני,IT,פליסיה מוזלי שעועית מש אורגני 250 גר,גרמים,250.00,100 גרם,false,12,14.90,5.9600,true,1,28780
8032804430846,false,פליסיה פוזילי חומוס אורגני 250 גרם,אנדריאני,IT,פליסיה פוזילי חומוס אורגני 250 גר,גרמים,250.00,100 גרם,false,12,14.90,5.9600,true,1,28786
8032804430853,false,"טליאטלה אורז מלא לל""ג אורגני פליסיה 250",פליסיה,IT,פליסיה קופסא טליאטלה אורז מלא,גרמים,250.00,100 גרם,false,1,15.90,6.3600,true,1,50802
8032804430914,false,"פנה שיבולת שועל לל""ג פליסיה 340 גרם",אף.סי תבליני בגליל ב,IT,פליסיה פנה שבולת שועל ללא גלוטן 340 גר,גרמים,340.00,100 גרם,false,12,16.90,4.9706,true,1,30119
8032804430976,false,פליסיה - ריגטוני שיבולת שועל ללא גלוטן 340 גרם,מולינו אנדריאני,IT,פליסיה ריגוןמח שנולת שועל ללא גלוטן 340,גרמים,340.00,100 גרם,false,12,16.90,4.9706,true,1,30120
8032804431287,false,פליסיה קופסא - ספגטי אורז מלא אורגני 400 גרם,פליסיה Felicia Bio,IT,ספגטי אורז מלא פליסיה אורגני 400 גרם,גרמים,500.00,100 גרם,false,1,14.90,2.9800,true,1,16207
8032804432000,false,פליסיה קופסא - פנה כוסמת אורגני 340 גרם,מולינו אנדריאני,IT,פסטה פנה כוסמת פליסיה 340 גרם,גרמים,340.00,100 גרם,false,1,15.90,4.6765,true,1,18425
8032804432024,false,דפי לזניה אורז-תירס אורגנית ללא גלוטן,מולינו אנדריאני,IT,לזניה אורז ותירס פליסיה אורגני 250 גרם,גרמים,250.00,100 גרם,false,1,19.90,7.9600,true,1,16206
8032804435636,false,פליסיה קופסא - פוזילי 4 דגנים אורגני 340 גרם,מולינו אנדריאני,IT,פסטה פוזילי 4דגנים פליסיה אורגני340ג,גרמים,340.00,100 גרם,false,1,12.90,3.7941,true,1,16210
8032817240319,false,אגרומנטה רוטב עגבניות שרי,מנורה,IT,רוטב עגבניות שרי 330 גר אגרומונטה,גרמים,330.00,100 גרם,false,1,13.90,4.2121,true,1,8453
8032817246045,false,רוטב עגבניות שרי בזי,AGROMONTE,,רוטב עגבניות שרי בזיליקום330 אגרומונטה,גרמים,330.00,100 גרם,false,1,13.90,4.2121,true,1,16602
8032825760069,false,יין לוגאנה לה ציבאיי,,,יין לוגאנה לה ציבאייה מונטה זובו 750,מיליליטרים,750.00,"100 מ""ל",false,6,80.00,10.6667,true,1,50674
8032825760304,false,יין פינו גריגיו מונט,,,יין פינו גריגיו מונטה זובו 750 מל,מיליליטרים,750.00,"100 מ""ל",false,6,60.00,8.0000,true,1,50675
8032825760403,false,יין ברדולינו מונטה ז,מונטה זובו,,יין ברדולינו מונטה זובו 750 מל,מיליליטרים,750.00,"100 מ""ל",false,1,60.00,8.0000,true,1,20211
8032825760786,false,יין סוביניון בלאן או,,,יין סוביניון בלאן אולטר מונטה זובו 750,מיליליטרים,750.00,"100 מ""ל",false,6,80.00,10.6667,true,1,50673
8032825760823,false,יין רוסו ורונזה קאלי,,,יין רוסו ורונזה קאלינורנו מונטה זובו 75,מיליליטרים,750.00,"100 מ""ל",false,6,110.00,14.6667,true,1,50671
8032853729519,false,יין אדום מונטפולציאנ,איטליה אומני רונקי,,יין אדום מונטפולציאנו דאברוצו 750מל פקדו,מיליליטרים,750.00,"100 מ""ל",false,1,45.00,6.0000,true,1,8714
8032880800243,false,פיקניק הפתעה - אגוזי לוז ומקלות אפויים,"הוסטה איטליה, ס.ר.ל.",IT,פיקניק הפתעה 50 גר,Unknown,0.00,Unknown,false,1,6.90,0.0000,true,1,5694
8032937583105,false,יין אנגנטיירה פוגיו,ארגנטיירה,IT,יין אנגנטיירה פוגיו אי גינפרי 750 מל,מיליליטרים,750.00,"100 מ""ל",false,6,100.00,13.3333,true,1,27042
8032993003371,false,לזניה ביצים 250 גר פ,,,לזניה ביצים 250 גר פילוטה,גרמים,250.00,100 גרם,false,1,22.90,9.1600,true,1,31745
8032993003388,false,פסטה ביצים פטוציני 2,,,פסטה ביצים פטוציני 250 גר פילוטה,גרמים,250.00,100 גרם,false,1,20.90,8.3600,true,1,32417
8032993003395,false,פסטה לינגוויני ביצים,,,פסטה לינגוויני ביצים 250 גר פילוטה,גרמים,250.00,100 גרם,false,1,20.90,8.3600,true,1,33059
8032993003401,false,פסטה ביצים פפרדלה 25,,,פסטה ביצים פפרדלה 250 גר פילוטה,גרמים,250.00,100 גרם,false,1,20.90,8.3600,true,1,32368
8033020445973,false,"PIVETTI קמח 00 לכל מטרה 1 ק""ג",פיווטי Pivetti,IT,קמח איטלקי 00 רב תכליתי 1 קג פיווטי,קילוגרמים,1.00,"ק""ג",false,1,8.90,8.9000,true,1,27912
8033020445980,false,"קמח לפסטה 1 pasta fresca ק""ג 00 PIVETTI",PIVETTI,IT,קמח לפסטה טריה איטלקי 1 קג פיווטי,קילוגרמים,1.00,"ק""ג",false,1,14.90,14.9000,true,1,28718
8033020445997,false,"קמח איטלקי ללחמים 1 ק""ג 0 PIVETTI",PIVETTI,IT,קמח פיווטי ללחם איטלקי 1 קג,קילוגרמים,1.00,"ק""ג",false,1,12.90,12.9000,true,1,27913
8033020446000,false,"קמח איטלקי לפיצה ופוקצה 1 ק""ג 00 PIVETTI",פיווטי Pivetti,IT,קמח פיווטי לפיצה ופוקצה איטלקי 1 קג,קילוגרמים,1.00,"ק""ג",false,1,10.90,10.9000,true,1,28021
8033378340043,false,חומץ בלסמי לאונרדי 2,,,חומץ בלסמי 3 שנים ליאונרדו 250 מל,מיליליטרים,250.00,"100 מ""ל",false,1,46.90,18.7600,true,1,10219
8033378349985,false,חומץ בלסמי לבן 250 מ,,,חומץ בלסמי לבן 250 מל ליונרדי,מיליליטרים,250.00,"100 מ""ל",false,1,36.90,14.7600,true,1,11846
8033413430067,false,ליקר מנדריני וילה מס,וילה מסה,,ליקר וילה מאסה מנדרין 700 מל פיקדון,מיליליטרים,750.00,"100 מ""ל",false,1,95.00,12.6667,true,1,7389
8033413430708,false,ליקר למונצ'ילו וילה מסה,וילה מאסה,DE,ליקר לימונצלו וילה מסה כשר 700 מל,מיליליטרים,700.00,"100 מ""ל",false,1,120.00,17.1429,true,1,12299
8033971032017,false,יין ביבי גראץ קסאמנט,,,יין ביבי גראץ קסאמנטה לבן 750 מל,מיליליטרים,750.00,"100 מ""ל",false,1,60.00,8.0000,true,1,22658
8034141060212,false,ליקר אבסנט קסנטה 700,,,ליקר אבסנט קסנטה 700 מל,מיליליטרים,700.00,"100 מ""ל",false,6,169.00,24.1429,true,1,35951
8052080430286,false,כדור גבינת בורטה איט,,IT,כדור גבינת בורטה איטלקי 125גר,גרמים,125.00,100 גרם,false,1,16.90,13.5200,true,1,33585
8052204220021,false,ייין סוטמה ריבטי ורא,VINIBIO A.C.A,,ייין סוטמה ריבטי וראולו 750 מל,מיליליטרים,750.00,"100 מ""ל",false,1,110.00,14.6667,true,1,17106
8052432830368,false,יין פינו גריגיו לבן,,,יין פינו גריגיו לבן 750 מל,מיליליטרים,750.00,"100 מ""ל",false,1,45.00,6.0000,true,1,51068
8052432831563,false,יין לוקאלה אפסימנטו,,,יין לוקאלה אפסימנטו 750 מל,מיליליטרים,750.00,"100 מ""ל",false,1,60.00,8.0000,true,1,51073
8052432831945,false,"טרולי פרימיטיבו רוזה 2020 750 מ""ל",,IT,יין פרימיטיבו רוזאטו 750 מל,מיליליטרים,750.00,"100 מ""ל",false,1,60.00,8.0000,true,1,51070
8053676820535,false,חומץ בלסמי לבן תיבול,,,חומץ בלסמי לבן תיבול שלוט250 מל ליונרדי,מיליליטרים,250.00,"100 מ""ל",false,1,49.90,19.9600,true,1,11845
8053676820542,false,חומץ בלסמי לבן תיבול,,,חומץ בלסמי לבן תיבול וניל 250 מל ליונרדי,מיליליטרים,250.00,"100 מ""ל",false,1,49.90,19.9600,true,1,11844
8055002120159,false,מחית פטריות כמהין לב,,IT,מחית קפריאני פטריות כמהין לבנה 80 גרם,Unknown,0.00,Unknown,false,12,32.90,0.0000,true,1,50649
8055002120203,false,חמאת כמהין לבנה 80 גרם,,IT,חמאת קפריאני פטריות כמהין לבנה 80 גרם,Unknown,0.00,Unknown,false,12,32.90,0.0000,true,1,50650
8055517373484,false,צידנית קשיחה 30 ליטר,,,צידנית קשיחה 30 ליטר,יחידה,1.00,יחידה,false,1,129.90,129.9000,true,1,34543
8076800195019,false,ברילה - צ.א ספגטי מס1 קפליני 500 גרם,ברילה גי.אי.אר פרטלי ס.פ,IT,פסטה ברילה ספגטי מס 1 קפליניי 500 גרם,גרמים,500.00,100 גרם,false,1,6.90,1.3800,true,1,3801
8076800195033,false,ברילה - צ.א ספגטיני מס3 חדש 500 גרם,ברילה גי.אי.אר פרטלי ס.פ,IT,פסטה ברילה 3 ספגטיני 500 גרם,גרמים,500.00,100 גרם,false,1,6.90,1.3800,true,1,1677
8076800195057,false,ברילה - צ.א ספגטי מס5 חדש 500 גרם,ברילה גי.אי.אר פרטלי ס.פ,IT,פסטה ברילה 5 ספגטיני 500 גרם,גרמים,500.00,100 גרם,false,1,6.90,1.3800,true,1,1678
8076800195132,false,ברילה - צ.א בבטה מס13 500 גרם,ברילה גי.אי.אר פרטלי ס.פ,IT,פסטה ברילה 13 בבטה 500 גרם,גרמים,500.00,100 גרם,false,1,6.90,1.3800,true,1,1679
8076800315097,false,פסטה מקרוני בוקטיני מספר 9 ברילה 500 גרם,ברילה גי.אי.אר פרטלי ס.פ,IT,פסטה ברילה 9 בוקטיני 500 גרם,גרמים,500.00,100 גרם,false,1,6.90,1.3800,true,1,1680
8076802085738,false,ברילה צ.ק פנה רגטה מס' 73 500 גרם,ברילה גי.אי.אר פרטלי ס.פ,IT,פסטה ברילה 73 פנה רגטה 500 גרם,גרמים,500.00,100 גרם,false,1,6.90,1.3800,true,1,1682
8076802085837,false,ברילה - צ.ק טורטליוני מס83 500 גרם,הנסיך- מפעל לייצור ט,IT,פסטה ברילה 83 טורטליני 500 גרם,גרמים,500.00,100 גרם,false,1,6.90,1.3800,true,1,1683
8076802085936,false,ברילה פסטה צ.ק. קונצילה ריגטה חדש,ברילה גי.אי.אר פרטלי ס.פ,IT,פסטה ברילה 93 קונצילה ריגטי 500 גרם,גרמים,500.00,100 גרם,false,1,6.90,1.3800,true,1,1684
8076802085981,false,ברילה - צ.ק פוזילי חדש 500 גרם,ברילה גי.אי.אר פרטלי ס.פ,IT,פסטה ברילה 98 פוזילי 500 גרם,גרמים,500.00,100 גרם,false,1,6.90,1.3800,true,1,1685
8076808050440,false,פסטה מקרוני מספר 44 ברילה 500 גרם,ברילה Barilla,IT,פסטה ברילה 44 מקרוני 500 גרם,גרמים,500.00,100 גרם,false,1,6.90,1.3800,true,1,1686
8076808060654,false,פסטה פרפלה מספר 65 ברילה 500 גרם,ברילה גי.אי.אר פרטלי ס.פ,IT,פסטה ברילה 65 פרפלה 500 גרם,גרמים,500.00,100 גרם,false,1,6.90,1.3800,true,1,1687
8076808070882,false,פסטה ברילה קנלוני מס'88 250ג',פאסטיפיקו ריגו אס.אר,IT,ברילה 88 קנלוני 250 גרם,גרמים,250.00,100 גרם,false,1,14.90,5.9600,true,1,1911
8076808150072,false,ברילה - צ.א ספגטוני מס7 חדש 500 גרם,ברילה גי.אי.אר פרטלי ס.פ,IT,פסטה ברילה 7 ספגטי 500 גר,גרמים,500.00,100 גרם,false,1,6.90,1.3800,true,1,1688
8076809501415,false,ברילה קנלוני/פנה 500 ג' מצה פנה טרקולור 500 גרם,"ש. שסטוביץ בע""\מ",IT,ברילה 78 פנה טריקולור 500 גרם,גרמים,500.00,100 גרם,false,1,14.90,2.9800,true,1,2853
8076809506229,false,עוגיות מולינו ביאנקו,BARILLA,IT,עוגיות מולינו ביאנקו ריגולי עם דבש400 גר,גרמים,400.00,100 גרם,false,12,17.90,4.4750,true,1,39211
8076809512268,false,פסטה גירנדולה טורסדס מספר 34 ברילה 500 גרם,ברילה גי.אי.אר פרטלי ס.פ,IT,פסטה ברילה 34 גירנדולה 500 גרם,גרמים,500.00,100 גרם,false,1,6.90,1.3800,true,1,2289
8076809513388,false,רוטב לפסטה ארביאטה ברילה 400 גרם,ברילה גי.אי.אר פרטלי ס.פ,IT,רוטב ברילה ארביאטה 400 גרם,גרמים,400.00,100 גרם,false,1,14.90,3.7250,true,1,1689
8076809513395,false,ברילה פומודורו רוטב עגבניות קלאסי 400 גר,ברילה גי.אי.אר פרטלי ס.פ,IT,רוטב ברילה פומודורו 400 גרם,גרמים,400.00,100 גרם,false,1,14.90,3.7250,true,1,1690
8076809513654,false,בסיס רוטב עגבניות לבולונז ברילה 400 גרם,ברילה גי.אי.אר פרטלי ס.פ,IT,רוטב ברילה עגבניות לבולונז 400 גרם,גרמים,400.00,100 גרם,false,1,14.90,3.7250,true,1,3800
8076809513692,false,רוטב עגבניות נפולטנה בתוספת ירקות,ברילה גי.אי.אר פרטלי ס.פ,IT,רוטב ברילה נפוליטנה 400 גרם,גרמים,400.00,100 גרם,false,1,14.90,3.7250,true,1,1691
8076809513739,false,ברילה רוטב עגבניות עם בזיליקום 400 גרם,ברילה גי.אי.אר פרטלי ס.פ,IT,רוטב ברילה בזיליקום 400 גרם,גרמים,400.00,100 גרם,false,1,14.90,3.7250,true,1,4605
8076809513753,false,ממרח פסטו ברילה בזיל,פסטו קונסרב,,ממרח פסטו ברילה בזיליקום 190 גרם,גרמים,190.00,100 גרם,false,1,16.90,8.8947,true,1,50556
8076809514774,false,ברילה איטריות ביצים פפרדלה 250ג',ברילה גי.אי.אר פרטלי ס.פ,IT,ברילה פפרדלה 250 גרם,גרמים,250.00,100 גרם,false,1,18.90,7.5600,true,1,1912
8076809515115,true,טורטליני ברילה ריקוט,,IT,טורטליני ברילה ריקוטה ותרד 250 גרם,גרמים,250.00,100 גרם,false,12,22.90,9.1600,true,1,47594
8076809515399,false,ברילה אמיליאנה טליאטלה 500 גרם,ברילה גי.אי.אר פרטלי ס.פ,IT,פסטה ברילה אמיליאנה טליאטלה 500 גרם,גרמים,500.00,100 גרם,false,12,14.90,2.9800,true,1,32950
8076809519977,false,פסטה אורקייטה ברילה 500ג,ברילה גי.אי.אר פרטלי ס.פ,IT,פסטה ברילה אורקייטה 500 ג,גרמים,500.00,100 גרם,false,12,13.90,2.7800,true,1,48264
8076809523547,false,רוטב פסטו עם עגבניות,,IT,ממרח פסטו ברילה עגבניות ובלסמי200גרם,גרמים,200.00,100 גרם,false,12,16.90,8.4500,true,1,47430
8076809523561,false,רוטב עגבניות עם עשבי תיבול 400 ג' ברילה,ברילה גי.אי.אר פרטלי ס.פ,IT,רוטב ברילה לפיצה 400 גרם,גרמים,400.00,100 גרם,false,1,14.90,3.7250,true,1,6627
8076809523707,false,פסטה ברילה קסטלנה 500 גרם,ברילה גי.אי.אר פרטלי ס.פ,IT,פסטה ברילה קסטלנה500 ג,גרמים,500.00,100 גרם,false,12,13.90,2.7800,true,1,39058
8076809523769,false,פסטה פלייה פיאנו 500 גרם,ברילה גי.אי.אר פרטלי ס.פ,IT,טליאטלה ברילה פלייה פיינו 500 גרם,גרמים,500.00,100 גרם,false,12,13.90,2.7800,true,1,39057
8076809529419,false,ספגטי מחיטה מלאה מס' 5 500 ג' ברילה,ברילה גי. אי. אר פרט,IT,ספגטי ברילה מחיטה מלאה 500 ג,גרמים,500.00,100 גרם,false,1,14.90,2.9800,true,1,4678
8076809529433,false,פסטה פנה ריגטה חיטה מלאה ברילה 500 גרם,"ש. שסטוביץ בע""\מ",IT,פסטה ברילה פנה רגטה חיטה מלאה 500 ג,גרמים,500.00,100 גרם,false,1,14.90,2.9800,true,1,4679
8076809545440,false,ברילה איטריות ללא גלוטן 400 גר,ברילה ג'.אי.אר פרטלי,IT,ספגטי ברילה ללא גלוטן 400 גרם,גרמים,400.00,100 גרם,false,1,15.90,3.9750,true,1,14418
8076809545457,false,ברילה אטריות ללא גלוטן 400 ג' צינורות 400 ג',ברילה ג'.אי.אר פרטלי,IT,פסטה ברילה פנה ל.גלוטן 400 גרם,גרמים,400.00,100 גרם,false,1,15.90,3.9750,true,1,14419
8076809545464,false,ברילה פסטה ללא גלוטן צורת ספירלי 400 גר,מולינו אנדריאני אס.א,IT,פסטה ברילה פוזילי ללא גלוטן 400 גרם,גרמים,400.00,100 גרם,false,1,15.90,3.9750,true,1,14420
8076809545549,false,עוגיות מולינו ביאנקו,BARILLA,IT,עוגיות מולינו ביאנקו קרם קקאו 200 גרם,גרמים,200.00,100 גרם,false,10,17.90,8.9500,true,1,39832
8076809547956,false,ברילה - צ.ק קיפרי 500 גרם,ברילה ג'.אי.אר פרטלי,IT,פסטה ברילה קיפרי 500 גרם,גרמים,500.00,100 גרם,false,1,6.90,1.3800,true,1,32850
8076809570886,false,רוטב ברילה סלסה קלאס,,IT,רוטב ברילה סלסה קלאסי 300 גרם,גרמים,300.00,100 גרם,false,6,12.90,4.3000,true,1,48999
8076809570893,false,רוטב סלסה עגבניות תמ,,IT,רוטב ברילה סלסה תמר ובזיליקום 300 גרם,גרמים,300.00,100 גרם,false,6,12.90,4.3000,true,1,49000
8076809572828,false,מולינו ביאנקו - טרלוסי עגולות פריכות 350 גרם,BARILLA,IT,עוגיות מולינו ביאנקו טרלוצי 350 גר,גרמים,350.00,100 גרם,false,12,17.90,5.1143,true,1,39210
8076809572873,false,מולינו ביאנקו - ביאנקו גלטי עם פתיתי סוכר 350 גרם,BARILLA,IT,עוגיות מולינו ביאנקו חמאה מסוכרות350גר,גרמים,350.00,100 גרם,false,12,17.90,5.1143,true,1,39208
8076809572897,false,מולינו ביאנקו - מאסין עגולות 350 גרם,BARILLA,IT,עוגיות מולינו ביאנקו מאשין350גר,גרמים,350.00,100 גרם,false,12,17.90,5.1143,true,1,39209
8076809576352,false,ברילה לזניה ללא גלוטן 250 גרם,ברילה גי.אי.אר פרטלי,IT,לזניה ברילה ללא גלוטן 250 גר,גרמים,250.00,100 גרם,false,10,19.90,7.9600,true,1,40043
8076809576635,false,עוגיות מולינו ביאנקו,BARILLA,IT,עוגיות מולינו ביאנקו מולינטי 350 גרם,גרמים,350.00,100 גרם,false,24,18.90,5.4000,true,1,39398
8076809578998,false,ברילה - צ.ק. סטלינה 500 גרם,ברילה גי. אי. אר פרטלי ס,IT,פסטה ברילה סטלינה500 גרם,גרמים,500.00,100 גרם,false,1,6.90,1.3800,true,1,39606
8076809580496,false,פסטה פפירי 450 ג' ברילה,"ש.שסטוביץ בע""\מ",IT,פסטה ברילה פפירי 450 גרם,גרמים,450.00,100 גרם,false,1,15.90,3.5333,true,1,45281
8076809580687,false,רוטב פסטו אדום ברילה 190 גר,,IT,ממרח פסטו ברילה ריקוטה אגוזי מלך 190 גרם,גרמים,190.00,100 גרם,false,12,16.90,8.8947,true,1,48726
8076809580717,false,ממרח פסטו ברילה בזיל,,IT,ממרח פסטו ברילה בזיליקום רוקולה 190 גרם,גרמים,190.00,100 גרם,false,12,16.90,8.8947,true,1,48727
8076809580724,false,ממרח פסטו ברילה ללא,פסטו קונסרב,,ממרח פסטו ברילה ללא שום190 גרם,גרמים,190.00,100 גרם,false,1,16.90,8.8947,true,1,50560
8076809580762,false,רוטב פסטו ברילה 190 גר GENOVESE,,IT,ממרח פסטו ברילה בזיליקום פרמזן 190 גרם,גרמים,190.00,100 גרם,false,12,16.90,8.8947,true,1,48728
8076809581318,false,עוגיות מולינו ביאנקו,BARILLA,IT,עוגיות מולינו ביאנקו קרם פיסטוק 168 גרם,גרמים,168.00,100 גרם,false,9,18.90,11.2500,true,1,51596
8109790012568,true,אבקת משקה לימונים טר,,US,אבקת משקה לימונים טרו טו גו 32יח,יחידה,32.00,יחידה,false,1,24.90,0.7781,true,1,37061
8109790016146,true,אבקת משקה אשכוליות ט,,US,אבקת משקה אשכוליות טרו טו גו 32יח,יחידה,32.00,יחידה,false,1,24.90,0.7781,true,1,37060
8109790032504,true,אבקת משקה ליים טרו ט,,US,אבקת משקה ליים טרו טו גו 32יח,יחידה,32.00,יחידה,false,1,24.90,0.7781,true,1,37063
8119620112382,false,מעדן שזיפים דודה ברט,,IL,מעדן שזיפים דודה ברטה 284 גרם,גרמים,284.00,100 גרם,false,6,15.90,5.5986,true,1,49005
8121300206946,false,ממתיק סיטיביה טרוביה 80 שקיות אישיות,הרתסייד פוד,US,טרוביה סטיביה ממתיק 80 שקיקים,יחידה,80.00,יחידה,false,12,19.90,0.2487,true,1,31369
8121300207004,false,טרוביה - סטיביה ממתיק בצנצנת 270 גרם,קספרס פאקאגעהג,US,טרוביה סטיביה צצץיק בצנצנת 270 גרם,יחידה,270.00,יחידה,false,12,24.90,0.0922,true,1,31370
8121300207172,false,טרוביה- סטיביה תערובת סוכר קנים- 500ג',קספרס פאקאגעהג,US,טרוביה סטיביה תערובת סוכר קנים 500 גר,יחידה,500.00,יחידה,false,12,24.90,0.0498,true,1,31371
8121300208780,false,טרוביה תחליף סוכר לכל מטרה 360 גרם,טרוביה Truvia,US,טרוביה תחליף סוכר 360 גר,גרמים,360.00,100 גרם,false,6,27.90,7.7500,true,1,51102
8121300209466,false,טרוביה-תחליף סוכר חום 320 גרם,טרוביה Truvia,US,טרוביה תחליף סוכר חום 320 גר,גרמים,320.00,100 גרם,false,6,27.90,8.7187,true,1,51103
8358110076302,false,כוסות לחיים 40 יחידות,"איטיליאן פוד, אס.פי.",CN,כוסות לחיים 40 יח,יחידה,40.00,יחידה,false,1,9.90,0.2475,true,1,8308
8410001109978,false,ספוגי קרצוף ללכלוך קשה זוג,3m,ES,זוג ספוגי קרצוף ללכלוך קשה,יחידה,2.00,יחידה,false,24,11.90,5.9500,true,1,36794
8410001134833,false,זוג ספוגי ניקוי ללא שריטות שמזון אינו נלכד בתוכו,3m,US,זוג ספוגי ניקוי ללא שריטות שמזון אינו נל,יחידה,2.00,יחידה,false,14,14.90,7.4500,true,1,40716
8410001134864,false,זוג ספוגים לניקוי קשה שמזון אינו נלכד בתוכו,3m,US,זוג ספוגי ניקוי קשה שמזון אינו נלכד בתוכ,יחידה,2.00,יחידה,false,14,14.90,7.4500,true,1,40715
8410001134888,false,זוג ספוגים עם ידית אחיזה לניקוי קשה שמזון אינו נלכד בתוכו,3m,US,זוג ספוגים עם ידית אחיזה לניקוי קשה,יחידה,2.00,יחידה,false,14,14.90,7.4500,true,1,40718
8410001135304,false,סקוטש ברייט כרית ניקוי לכיריים מזכוכית,3m,US,כרית ניקוי לכיריים מזכוכית סקוטש ברייט,יחידה,1.00,יחידה,false,12,18.90,18.9000,true,1,40714
8410023000031,false,יין טיו פפה 750מלפקד,גונזאלס,,יין טיו פפה 750מלפקדון,מיליליטרים,750.00,"100 מ""ל",false,1,100.00,13.3333,true,1,7979
8410024700015,false,ליקר מאליבו 700 מל פ,,,ליקר מאליבו 700 מל פיקדון,מיליליטרים,700.00,"100 מ""ל",false,1,79.00,11.2857,true,1,23139
8410028030903,false,יין שרי קסטה קרים 75,ספרד ויליאם אנד אומב,,יין שרי קסטה קרים 750 מל פקדון,מיליליטרים,750.00,"100 מ""ל",false,1,60.00,8.0000,true,1,8827
8410028071906,false,יין שרי דריי סאק פינ,ספרד ויליאם אנד אומב,,יין שרי דריי סאק פינו 750 מל פקדון,מיליליטרים,750.00,"100 מ""ל",false,1,60.00,8.0000,true,1,8828
8410028228706,false,"ברנדי מרקז דה מיסה 700 מ""ל",ספרד ויליאם אנד אומב,,ברנדי מרקז דה מיסה 700 מל פקדון,מיליליטרים,700.00,"100 מ""ל",false,1,79.90,11.4143,true,1,5263
8410028901807,false,יין שרי דון גידו 20,ספרד ויליאם אנד אומב,,יין שרי דון גידו 20 שנה 750מל פקדון,מיליליטרים,750.00,"100 מ""ל",false,1,130.00,17.3333,true,1,25932
8410076600622,false,חטיפי גרנולה קראנצ'י עם שוקולד מריר נייצ'ר ואלי 210 גרם,ג'נרל מילס סאן אדריאן,ES,ח.דגנים נטשר ואלי קראנצי שוקולד6יח210גר,גרמים,210.00,100 גרם,false,1,17.90,8.5238,true,1,10602
8410076610379,false,"חטיף בוטנים, חלבון סויה ושוקולד מריר עם ציפוי בטעם שוקולד",סריילטו ספיין פודס,ES,חטיף פרוטאין נייטשר ואלי בוטן שוקולד4 יח,גרמים,160.00,100 גרם,false,1,22.90,14.3125,true,1,16125
8410076610386,false,נייטשר ואלי פרוטאין בוטנים עם ציפוי בטעם קרמל מלוח 160 ג',ג'\נרל מילס סאן אדריאן S,ES,חטיף פרוטאין נייטשר ואלי בוטן קרמל4 יח,גרמים,160.00,100 גרם,false,1,22.90,14.3125,true,1,16126
8410076610492,false,חטיף שיבולת שועל מלאה ובוטנים בציפוי עם חמאת בוטנים,יבואן ומשווק: ש. שסט,GB,חטיף דגנים צואי5יח סוויט בוטן מצופה150גר,גרמים,150.00,100 גרם,false,1,17.90,11.9333,true,1,17281
8410076610508,false,"חטיף שיבולת שועל מלאה עם בוטנים, שקדים ושוקולד מריר בציפוי בטעם שוקולד",נייצ'ר ואלי Nature Valley,ES,חטיף דגנים צואי5יח סוויט שוק.מריר150גר,גרמים,150.00,100 גרם,false,1,17.90,11.9333,true,1,17280
8410076621009,false,עוגות אישיות בטעם קרמל עם חתיכות בטעם קרמל מלוח,"גלאטס סירו בע""\מ",PT,חטיף דגנים פייבר 1 קרמל מלוח 5 יח,יחידה,5.00,יחידה,false,1,13.90,2.7800,true,1,37311
8410076621047,false,עוגות אישיות בטעם שוקולד עם חתיכות בטעם שוקולד,"גלאטס סירו בע""\מ",ES,חטיף דגנים פייבר 1 שוקולד 5 יח,יחידה,5.00,יחידה,false,1,13.90,2.7800,true,1,37310
8410104039134,false,"מנקה ומחדש מדיח כלים פיניש 250 מ""ל",הדקלאים אגודת שיתופי,PL,נוזל מנקה ומחדש פיניש למדיח 250 מל,מיליליטרים,250.00,"100 מ""ל",false,1,14.90,5.9600,true,1,1694
8410104044916,false,פיניש אבקה למדיח 2.7 לימון,רקיט בנקיזר,PL,אבקה למדיח פיניש רגיל 2.7 קג,קילוגרמים,2.70,"ק""ג",false,1,46.90,17.3704,true,1,1695
8410104045111,false,"פיניש מלח למדיח כלים 2ק""ג",רקיט בנקיזר,IL,מלח למדיח פיניש 2 קג,קילוגרמים,2.00,"ק""ג",false,6,14.90,7.4500,true,1,32115
8410104425906,false,שעווה חמה בניחוח יסמין,רקיט בנקיזר צרפת,FR,שעווה חמה ויט 250 גר עם שמנים,גרמים,250.00,100 גרם,false,1,27.90,11.1600,true,1,1697
8410104437268,false,פיניש דאו ציטרופרש מנטה,רקיט בנקיזר,HU,פיניש סטופ לריח,Unknown,0.00,Unknown,false,1,16.90,0.0000,true,1,1980
8410104511340,false,ויט רצועות שעווה מוכנות לעור יבש 12 יחידות,רקיט בנקיזר צרפת,FR,רצועות שעווה ויט לעור רגיל/יבש,Unknown,0.00,Unknown,false,1,21.90,0.0000,true,1,4499
8410113001122,false,"יין וינייה אסמרלדה 750 מ""ל",טורס,ES,יין וינייה אסמרלדה טורז 750 מל פיקדון,מיליליטרים,750.00,"100 מ""ל",false,6,60.00,8.0000,true,1,33826
8410113001443,false,יין סנגרה דה טורו לב,,,יין סנגרה דה טורו לבן טורס 750 מל,מיליליטרים,750.00,"100 מ""ל",false,6,45.00,6.0000,true,1,44677
8410113002822,false,"סנגרה דה טורו רוזה (טורס) 750 מ""ל",,ES,יין סנגרה דה טורו רוזה טורס 750 מל,מיליליטרים,750.00,"100 מ""ל",false,6,45.00,6.0000,true,1,44678
8410113003089,false,יין קורונס טורס 750,טורס,ES,יין קורונס טורז 750 מל פיקדון,מיליליטרים,750.00,"100 מ""ל",false,6,60.00,8.0000,true,1,33827
8410113003119,false,יין קברנה.ס. גראן קו,טורס,ES,יין גראן קורונס טורז 750 מל פיקדון,מיליליטרים,750.00,"100 מ""ל",false,6,80.00,10.6667,true,1,33828
8410113009012,false,"ויניה אזמרלדה רוזה (טורס) יבש 750 מ""ל",טורס,ES,יין וינייה אזמרלדה רוזה טורס 750 מל,מיליליטרים,750.00,"100 מ""ל",false,6,60.00,8.0000,true,1,33829
8410128768324,false,משקה סויה שקדים קרטונית1 ל' ויוה סוי,קלידאד פסקואל,ES,משקה שקדים ויוה סוי 1ליטר קרטון,ליטרים,1.00,ליטר,false,1,11.90,11.9000,true,1,32861
8410128768355,false,ויוה סוי משקה סויה קלאסי קרטונית ליטר,קלידאד פסקואל,ES,משקה סויה ויוה סוי 1ליטר קרטון,ליטרים,1.00,ליטר,false,1,10.90,10.9000,true,1,32858
8410128783587,false,ויוה סוי שיבולת שועל בריסטה קרטונית,קלידאד פסקואל,ES,משקה שיבולת שועל ויוה סוי בריסטה 1לי,ליטרים,1.00,ליטר,false,1,11.90,11.9000,true,1,50455
8410161202250,false,גין לונדון דה לוקס פ,,,גין לונדון דה לוקס פיפטי פאונדס 700 מל,מיליליטרים,700.00,"100 מ""ל",false,1,155.00,22.1429,true,1,14232
8410161202724,false,"ליקר הדרים אנגלוס 700 מ""ל",רומטה,,ליקר הדרים אנגלוס 700 מל,מיליליטרים,700.00,"100 מ""ל",false,1,155.00,22.1429,true,1,14226
8410161202861,false,מארז ברנדי דה חרז קר,רומטה,,מארז ברנדי דה חרז קרדנל +כוס 700 מל,מיליליטרים,700.00,"100 מ""ל",false,1,149.00,21.2857,true,1,21849
8410161511253,false,"ברנדי ספרדי רומטה סולרה חרז 700 מ""ל",רומטה,ES,ברנדי דה חרז סולרה רזרבה 700 מל,מיליליטרים,700.00,"100 מ""ל",false,1,75.00,10.7143,true,1,14223
8410179002767,false,זיתים ירוקים ממולאים באנשובי 300 גר ITLV,אסייטונס גואדלקוויר,ES,זיתים ירוקים ממולאים מחית אנשובי 300 גרם,גרמים,300.00,100 גרם,false,12,10.90,3.6333,true,1,31487
8410179002828,false,זיתים ירוקים ממולאים בסלמון 300 גר ITLV,אסייטונס גואדלקוויר,ES,זיתים ירוקים ממולאים מחית סלמון 300 גרם,גרמים,300.00,100 גרם,false,12,10.90,3.6333,true,1,31486
8410184010108,false,אורז לה סיגלה עגול 1,בני ג'ורג' שוקחה חיפ,,אורז לה סיגלה עגול 1 קג,קילוגרמים,1.00,"ק""ג",false,1,10.00,10.0000,true,1,3835
8410302106300,false,יין קמפו וייחו ריוחה,,,יין קמפו וייחו קריאנזה ריו 750 מל פיקדון,מיליליטרים,750.00,"100 מ""ל",false,1,60.00,8.0000,true,1,7447
8410342003508,false,"טוראס- ממרח שוקולד ללת""ס 200 גרם",,ES,ממרח שוקולד ללס טוראס 200 גר,גרמים,200.00,100 גרם,false,1,19.90,9.9500,true,1,31666
8410342004789,false,טוראס-שוקולד מריר 72% ללא סוכר 100 גרם,,,שוקולד מריר 72% ללא סוכר 100גר טוראס,גרמים,100.00,100 גרם,false,12,13.90,13.9000,true,1,36164
8410342004796,false,שוקולד מריר 85% ללא סוכר טוראס 100ג',צ'יקולטס טוארס,ES,שוקולד מריר 85% ללא סוכר 100גר טוראס,גרמים,100.00,100 גרם,false,1,13.90,13.9000,true,1,31659
8410342004987,false,"טוראס-שוקולד מריר 52% קפה ללת""ס 100 גר",,ES,שוקולד מריר 72% ללא סוכר 100גר טוראס,גרמים,100.00,100 גרם,false,12,13.90,13.9000,true,1,31661
8410342005625,false,טוראס שוקולד חלב אגוז ללא סוכר 75 גרם,,ES,שוקולד חלב אגוז ללס 75 גר טוראס,Unknown,0.00,Unknown,false,1,9.90,0.0000,true,1,31664
8410342005632,false,טוראס שוקולד חלב שקד ללא סוכר 75 גרם,,ES,שוקולד חלב שקד ללס 75 גר טוראס,Unknown,0.00,Unknown,false,1,9.90,0.0000,true,1,31665
8410342006585,false,"טוראס-שוקולד מריר 72% ללת""ס 75ג 1/12 (530)",,,שוקולד מריר ששבי 72% ללס 75 גר טוראס,Unknown,0.00,Unknown,false,12,9.90,0.0000,true,1,36167
8410342007049,false,"טוראס-שוקולד מריר 85% ללת""ס 75 גרם",,,שוקולד מריר ששבי 85% ללס 75 גר טוראס,Unknown,0.00,Unknown,false,12,9.90,0.0000,true,1,36168
8410342007063,false,שוקולד מריר95% ללא תוספת סוכר טוראס 100 ג',,ES,שוקולד מריר 955 100 גר טוראס,גרמים,100.00,100 גרם,false,1,13.90,13.9000,true,1,46286
8410342007131,false,"טוראס-שוקולד מריר תפוז 72% ללת""ס 75 גרם",,ES,שוקולד מריר תפוז ללס 75 גר טוראס,גרמים,75.00,100 גרם,false,1,10.90,14.5333,true,1,46301
8410342007148,false,"טוראס-ש.מריר תפוז 72% ללת""ס 125ג",,ES,שוקולד מריר תפוז ללא סוכר 125 גר טוראס,גרמים,125.00,100 גרם,false,1,13.90,11.1200,true,1,46303
8410342007421,false,"טוראס-שוקולד חלב אגוזים ללת""ס 150 גר",,ES,שוקולד חלב אגוז ללס וגלוטן 150 גר טוראס,גרמים,150.00,100 גרם,false,12,19.90,13.2667,true,1,49310
8410376006070,false,בסקוויט גולון מריה 800 ג',גולון,ES,ביסקוויט מריה 800 גר גולון,גרמים,800.00,100 גרם,false,1,12.90,1.6125,true,1,8790
8410376009392,false,ביסקויט מחיטה מלאה ללא תוספת סוכר גולון 170 גרם,גאלטס גלון סא,ES,ביסקוויט מרי ח.מלאה ללא סוכר 170 גר גול,גרמים,170.00,100 גרם,false,1,8.90,5.2353,true,1,5881
8410376010701,false,"ביסקוויט ללת""ס גולון גלטה מריה 400 גר",תות תעשיות מזון (201,ES,ביסקויט מרי ללא סוכר 400 גר גולון,גרמים,400.00,100 גרם,false,1,17.90,4.4750,true,1,5884
8410376013191,false,קרקר פיק קוקטייל בצילינדר 350 גר גולון,GULLON,ES,קרקר פיק קוקטייל 350 גר גולון,גרמים,350.00,100 גרם,false,1,12.90,3.6857,true,1,8187
8410376014051,false,גולון-קרקר פיק מיניס 350 גר,GULLON,,קרקר פיק מיניס 350 גר גולון,גרמים,350.00,100 גרם,false,1,12.90,3.6857,true,1,22667
8410376014068,false,גולון קרקר פיק דגיגים 350גר,GULLON,,קרקר פיק דגים 350 גר גולון,גרמים,350.00,100 גרם,false,1,12.90,3.6857,true,1,22668
8410376016789,false,דיאגסטיב ביסקויט חיטה מלאה גולון 400 ג',GULLON,,ביסקוויט גולון דיאגסטיב 400 גר,גרמים,300.00,100 גרם,false,1,12.90,4.3000,true,1,7671
8410376016857,false,גולון - ביסקוויט דיאגסטיב דל שומן 400,GULLON,,ביסקוויט דיאגסטיב דל שומן 400 גר,גרמים,400.00,100 גרם,false,1,12.90,3.2250,true,1,5885
8410376017113,false,גולון סיבקוויט סנדוויץ שוקו 500 גר,גולון,ES,ביסקוויט סנדוויץ שוקו מגה 500גר גולו,גרמים,500.00,100 גרם,false,1,10.90,2.1800,true,1,9092
8410376023831,false,גולן ביסקוויט מחיטה מלאה ללא סוכר 400 ג',גולון,ES,ביסקוויט מחיטה מלאה ללא סוכר 400 גר גולו,גרמים,400.00,100 גרם,false,1,17.50,4.3750,true,1,5887
8410376029079,false,גולון רונדיטוס ביסקויט ללא תוספת סוכר 186 גר,GULLON,,ביסקוויט רונדיטוס גולון ללא סוכר 186 גר,גרמים,186.00,100 גרם,false,1,18.50,9.9462,true,1,8785
8410376033267,false,גולון ביסקוויט דגנים ללא סוכר 410 ג',GULLON,,ביסקוויט דגנים גולון ללא סוכר 410 גר,גרמים,410.00,100 גרם,false,1,17.90,4.3659,true,1,8784
8410376035407,false,"בישקוטים גולון, 200 ג'",דן קייק,,בישקוטים גולון 200 גרם,גרמים,200.00,100 גרם,false,1,6.50,3.2500,true,1,22291
8410376036169,false,עוגיות מריה ללא גלוטן 380 ג' גולון,GULLON,,ביסקויט מרי גולון ל.גלוטן ולקטוז400 גר,גרמים,380.00,100 גרם,false,1,21.90,5.7632,true,1,11227
8410376036862,false,גולון ביסקוויט סנדוויץ וניל 500 גר,גולון,ES,ביסקוויט סנדויץ וניל מגה 500גר גולו,גרמים,500.00,100 גרם,false,1,10.90,2.1800,true,1,9551
8410376037784,false,גולון ביסקויט סנדויץ שוקו ללא סוכר 250ג,תות תעשיות מזון (201,ES,ביסקויט סנדוויץ ללא סוכר גולון 250 גר,גרמים,250.00,100 גרם,false,18,16.90,6.7600,true,1,23593
8410376037883,false,גוליאן עוגיות שוקו צפס ללא גלוטן 130 ג ו,תות תעשיות מזון (201,ES,עוגיות שוקו ציפס גולון ל.גלוטן130גר,גרמים,130.00,100 גרם,false,1,11.90,9.1538,true,1,11228
8410376042481,false,גולון ביסקווט קרם יוגורט ללא תוספת סוכר 220 גרם,גלטס גולון,ES,ביסקוויט קרם יוגורט ללא סוכר220 גר גולון,גרמים,220.00,100 גרם,false,1,16.90,7.6818,true,1,15062
8410376044393,false,גולון עוגיות ללא תוספת סוכר 125 ג',גולון,ES,ביסקוויט או 2 ללא סוכר 210 גר גולון,גרמים,210.00,100 גרם,false,1,20.90,9.9524,true,1,15063
8410376044409,false,גולון מגה סנדוויץ שוקו-שוקו 500ג,גולון,ES,ביסקוויט סנדוויץ שוקו שוקו 500גר גולון,גרמים,500.00,100 גרם,false,1,10.90,2.1800,true,1,24104
8410376044959,false,גולון דיבוס שרקיז ללא גלוטן ולקטוז 250גר,דן נקסט,ES,ביסקויט גולון דיבוס ל.גלוטן ולקטוז250 גר,גרמים,250.00,100 גרם,false,1,17.90,7.1600,true,1,15782
8410376045024,false,גולון-דיאג'סטיב ביסקויט ללא גלוטן ולקטוז 150 גרם,GULLON,,ביסקויט גולון דיאגסטיב ל.ג. ולקטוז 150 ג,גרמים,150.00,100 גרם,false,1,16.90,11.2667,true,1,15783
8410376047509,false,גולון ביסקויט ללא תוספת סוכר 400 גרם,גלטס גולון,ES,גולון ביסקוויט פתי בר ללא סוכר 400 גר,גרמים,400.00,100 גרם,false,7,17.90,4.4750,true,1,23592
8410376052633,false,גולון עוגיות שוקו ציפס ללא סוכר 150 גרם,VIRGINIAS INDUSTRIAS,ES,עוגיות שוקו ציפס ללא סוכר 150 גר גולון,גרמים,150.00,100 גרם,false,1,16.90,11.2667,true,1,33831
8410376057270,false,גולון-ביסקוויט ללא סוכר עם ש.מריר 150 גר' 1/12,גולון,ES,ביסקוויט ללא סוכר עם ש.מריר 150גר,גרמים,150.00,100 גרם,false,12,17.90,11.9333,true,1,33946
8410376059380,false,גולון וופל וניל ללא תוספת סוכר 180 גרם,GULLON,ES,גולון וופל וניל ללא סוכר 180 גר,גרמים,250.00,100 גרם,false,12,16.90,6.7600,true,1,36165
8410376059397,false,גולון וופל שוקולד ללא תוספת סוכר 180 גרם,GULLON,ES,גולון וופל שוקולד ללא סוכר 180 גר,גרמים,250.00,100 גרם,false,12,16.90,6.7600,true,1,36166
8410376061772,false,גולון ביסקויט ל.גלוטן דגנים שוקוציפס 220,,ES,ביסקוויט דגנים שוקוציפס גולון ללג 220גר,גרמים,220.00,100 גרם,false,8,16.90,7.6818,true,1,48494
8410376064063,false,"גולון-שוקו רינג ביסקויט ללת""ס 150 גר",,ES,ביסקוויט רינג שוקו גולון 150גר,גרמים,150.00,100 גרם,false,18,16.90,11.2667,true,1,48491
8410376064438,false,"גולון-פינאס ביסקויט שוקו חלב ללת""ס 150ג",,ES,ביסקוויט דק שוקו חלב ללס גולון 150גר,גרמים,150.00,100 גרם,false,12,16.90,11.2667,true,1,48492
8410441000880,false,יין פאוסטינו וי אי,,,יין פאוסטינו וי אי אי גראנש 750 מל,מיליליטרים,750.00,"100 מ""ל",false,1,45.00,6.0000,true,1,51757
8410441001153,false,יין פאוסטינו קברנה,,,יין פאוסטינו קברנה סוביניון 750 מל,מיליליטרים,750.00,"100 מ""ל",false,1,45.00,6.0000,true,1,51756
8410441001399,false,יין פאוסטינו וי אי,,,יין פאוסטינו וי אי אי סובניון בלאן 750,מיליליטרים,750.00,"100 מ""ל",false,1,45.00,6.0000,true,1,51758
8410441211002,false,יין פאוסטינו ריוחה 7,faustion,,יין פאוסטינו ריוחה 7 אדום 750 מל,מיליליטרים,750.00,"100 מ""ל",false,1,45.00,6.0000,true,1,6277
8410441221001,false,יין פאוסטינו וי אי,,,יין פאוסטינו ריוחה 7 רוזה 750מל פקדון,מיליליטרים,750.00,"100 מ""ל",false,1,45.00,6.0000,true,1,8173
8410441231000,false,יין פאוסטינו ריוחה 7,faustion,,יין פאוסטינו ריוחה 7 לבן 750 מל,מיליליטרים,750.00,"100 מ""ל",false,1,45.00,6.0000,true,1,7512
8410441412065,false,יין פאוסטינו רזרבה ו,,,יין פאוסטינו רזרבה וי 750 מל פיקדון,מיליליטרים,750.00,"100 מ""ל",false,1,85.00,11.3333,true,1,7513
8410441512956,false,יין פאוסטינו גראן 19,,,יין פאוסטינו גראן 1998 רזרב750 מל פיקדון,מיליליטרים,750.00,"100 מ""ל",false,1,129.00,17.2000,true,1,7514
8410441612007,false,יין פאוסטינו ריוחה ק,,,יין פאוסטינו ריוחה קריאנזהאדום 750פיקדון,מיליליטרים,750.00,"100 מ""ל",false,1,60.00,8.0000,true,1,8425
8410441722058,false,יין פאוסטינו קווה בר,,,יין פאוסטינו קווה ברוט רוזה 750מל פיקדון,מיליליטרים,750.00,"100 מ""ל",false,1,65.00,8.6667,true,1,7515
8410441732101,false,יין פאוסטינו קווה בר,,,יין פאוסטינו קווה ברוט לבן מאוד750מל פיק,מיליליטרים,750.00,"100 מ""ל",false,1,60.00,8.0000,true,1,7516
8410702005012,false,סנגריה פניאסול פליקס,ספרד פליקס סוליס,,סנגריה פניאסול פליקס סוליס 1 ליטר,ליטרים,1.00,ליטר,false,1,15.00,15.0000,true,1,12295
8410793001764,false,"רביעיית בירה אסטרייה דאם 330 מ""ל בקבוק",אסטרייה Estrella,,מארז4יח בירה אסטריה דאם דאורה 330מל פקד,מיליליטרים,1980.00,"100 מ""ל",false,1,24.90,1.2576,true,1,40749
8410793262936,false,"אסטרייה דאם דאורה ללא גלוטן 330 מ""ל","סי סי דאם, אס.אל, בר",ES,בירה אסטרייה דאם דאורה ללא גלוטן 330מל,מיליליטרים,330.00,"100 מ""ל",false,1,11.90,3.6061,true,1,9851
8410793332837,false,מארז4יח בירה אסטריה,,,מארז4יח בירה אסטריה דאם דאורה 330מל פקד,מיליליטרים,1980.00,"100 מ""ל",false,1,24.90,1.2576,true,1,50206
8411211900072,false,חומץ שרי 250 מל,,,חומץ שרי 250 מל,מיליליטרים,250.00,"100 מ""ל",false,1,23.90,9.5600,true,1,8018
8411277063049,false,קווה כשרה גאום סרה ב,ג'אום סרה,ES,יין קווה גום סרה ברוט 750 מל פיקדון,מיליליטרים,750.00,"100 מ""ל",false,1,35.00,4.6667,true,1,7968
8411277205654,false,יין קאווה גום סרה גו,ג'אום סרה,ES,יין קאווה גום סרה גולד 750 מל,מיליליטרים,750.00,"100 מ""ל",false,6,40.00,5.3333,true,1,27052
8411277350118,false,"קאווה ""ג'ום סרה"" חצי יבש",ג'אום סרה,ES,יין קווה גום סרה חצי יבש 750 מל פיקדון,מיליליטרים,750.00,"100 מ""ל",false,1,35.00,4.6667,true,1,7969
8411320105108,false,פילה אנשובי בשמן זית 95 גר ORTIZ צנצנת,אורטיז,ES,פילה אנשובי אורטיז בשמן זית 95 גר,גרמים,95.00,100 גרם,false,1,46.90,49.3684,true,1,7530
8411320234006,false,נתחי טונה לבנה בשמן זית (פחית) 112 ג ORTIZ,אורטיז ORTIZ,ES,נתחי טונה אורטיז לבנה בשמן זית112גר פחית,גרמים,112.00,100 גרם,false,1,19.90,17.7679,true,1,7531
8411320334027,false,אורטיז נתחי טונה צהובה בשמן זית (פחית) 1,אורטיז ORTIZ,ES,נתחי טונה אורטיז צהוב בשמן זית112גר פחית,גרמים,112.00,100 גרם,false,1,15.90,14.1964,true,1,8264
8411320382967,false,טונה צהובה בשמן זית (צנצנת) 220 גרם,אורטיז ORTIZ,ES,טונה אורטיז צהובה בשמן זית 220 גר,גרמים,220.00,100 גרם,false,1,37.90,17.2273,true,1,19199
8411320801000,false,סרדינים אורטיז בשמן,,,סרדינים אורטיז בשמן זית 190 גר צנצנת,גרמים,190.00,100 גרם,false,1,29.90,15.7368,true,1,9253
8411320801055,false,סרדינים בשמן זית (פחית) 140 ג ORTIZ,,,סרדינים אורטיז בשמן זית 140 גר,גרמים,140.00,100 גרם,false,1,17.90,12.7857,true,1,9252
8411423031113,false,יין אדום סרו אניון ר,ספרד בודגס אולארה,,יין אדום סרו אניון רזרבה 750 מל פקדון,מיליליטרים,750.00,"100 מ""ל",false,1,65.00,8.6667,true,1,8761
8411423041105,false,יין סרו אניון קריאנז,ספרד בודגס אולארה,,יין אדום סרו אניון קריאנזה 750 מל פקדון,מיליליטרים,750.00,"100 מ""ל",false,1,60.00,8.0000,true,1,8760
8411509162106,false,יין מורייטה מרקז דה,ספרד מרקז דה מורייטה,,יין מורייטה מרקז דה רזרבה 750 מל,מיליליטרים,750.00,"100 מ""ל",false,1,100.00,13.3333,true,1,37909
8411767040000,false,יין ריוחה רוזה 750 מ,,ES,יין ריוחה רוזה 750 מל,מיליליטרים,750.00,"100 מ""ל",false,1,60.00,8.0000,true,1,36503
8411767281250,false,יין אלטוס ריברה דל ד,,ES,יין אלטוס ריברה דל דוארו 750 מל,מיליליטרים,750.00,"100 מ""ל",false,1,60.00,8.0000,true,1,36504
8411767281281,false,יין ריאדמה ורדיחו 75,,ES,יין ריאדמה ורדיחו 750 מל,מיליליטרים,750.00,"100 מ""ל",false,1,60.00,8.0000,true,1,36501
8411767968359,false,יין ריוחה ויורה לבן,,ES,יין ריוחה ויורה לבן 750 מל,מיליליטרים,750.00,"100 מ""ל",false,1,60.00,8.0000,true,1,36502
8412168002529,false,מחייה 13 משקה כוהלי בטעם לימונים,דיסטילריאס לה הורטנה,ES,משקה מחייה לימון 700 מל,מיליליטרים,700.00,"100 מ""ל",false,1,56.90,8.1286,true,1,35667
8412168003106,false,"ערק מחייה 13 פסיפלורה 700 מ""ל",דיסטילריאס לה הורטנה,ES,משקה מחייה פסיפלורה 700 מל,מיליליטרים,700.00,"100 מ""ל",false,1,56.90,8.1286,true,1,46528
8412300801072,false,"קרם רב שימושי ניוואה 400 מ""ל",ביירסדורץ,DE,קרם ניוואה רב שימושי 400מל,גרמים,400.00,100 גרם,false,1,42.90,10.7250,true,1,34052
8412423121224,false,יין בודגאס בורסאו גר,בורסאו,ES,יין בודגאס בורסאו גרנש 750 מל,מיליליטרים,750.00,"100 מ""ל",false,6,45.00,6.0000,true,1,31868
8412423121255,false,יין בודגאס בורסאו שר,בורסאו,ES,יין בודגאס בורסאו שרדונה 750 מל,מיליליטרים,750.00,"100 מ""ל",false,6,45.00,6.0000,true,1,31869
8413393701010,false,יין אדום מרקיז דל גו,,,יין אדום מרקיז דל גוברה ריוחה קריאנז750מ,מיליליטרים,750.00,"100 מ""ל",false,6,60.00,8.0000,true,1,49301
8413393701027,false,יין אדום מרקיז דל גו,,,יין אדום מרקיז דל גוברה ריוחה רזרבה 750מ,מיליליטרים,750.00,"100 מ""ל",false,6,65.00,8.6667,true,1,49300
8413529821087,false,יין ויניה ארדנזה רזר,ספרד לה ריוחה אלטה,,יין ויניה ארדנזה רזרבה 750 מל פקדון,מיליליטרים,750.00,"100 מ""ל",false,1,145.00,19.3333,true,1,9369
8413529851039,false,ויניה אלברדי רזרבה לה ריוחה 98,ספרד לה ריוחה אלטה,,יין ויניה אלברדי רזרבה750מל פיקדון,מיליליטרים,750.00,"100 מ""ל",false,1,85.00,11.3333,true,1,9242
8413529901048,false,יין לגר דה צרברה 750,ספרד לה ריוחה אלטה,,יין לגר דה צרברה 750 מל פקדון,מיליליטרים,750.00,"100 מ""ל",false,1,80.00,10.6667,true,1,9629
8413664511447,false,פאפאס ארגנטה-ברוסקטה שום פטרוזיליה 150 גרם,,ES,ברוסקטה פאפאס שום ופטרוזליה150 גרם,גרמים,150.00,100 גרם,false,12,9.90,6.6000,true,1,39222
8413664511706,false,פאפאס ארגנטה-ברוסקטה עגבניות ואורגנו 150 גרם,,ES,ברוסקטה פאפאס עגבניות ואורגנו 150 גרם,גרמים,150.00,100 גרם,false,12,9.90,6.6000,true,1,39221
8413664611611,false,פאפאס ארגנטה-צ'יפס דליקטס 180 גרם,פאפאס ארג'\נטה ס.א.ו.,ES,חטיף ציפס דליקטס ארגנטה 180 גרם,גרמים,180.00,100 גרם,false,12,18.90,10.5000,true,1,41009
8413664611956,false,פאפאס ארגנטה-ציפס עם עשבי תיבול 160 ג,,,חטיף ציפס ארגנטה עשבי תיבול 160 גרם,גרמים,160.00,100 גרם,false,12,18.90,11.8125,true,1,47294
8413664811844,false,פאפאס ארגנטה ציפס עם,פאפאס ארג'\נטה ס.א.ו.,ES,חטיף ציפס שמן זית ארגנטה 180 גרם,גרמים,180.00,100 גרם,false,12,18.90,10.5000,true,1,41010
8413664811905,false,פאפאס ארגנטה ציפס ש.זית קינואה מלח 150 ג,פאפאס ארג'\נטה ס.א.ו.,ES,חטיף ציפס קינואה מלח ים ארגנטה 180 גרם,גרמים,180.00,100 גרם,false,12,18.90,10.5000,true,1,41011
8413700669729,false,ארוחת פאייה ירקות קיט 256 גרם,,ES,תבשיל ארוחת פאייה ירקות 256 גרם,גרמים,256.00,100 גרם,false,10,25.90,10.1172,true,1,39930
8413831140326,false,יין קאווה פריול ברוט,קובידס קסניוס קאווה,,יין קאווה פריול ברוט קובידס 750 מל,מיליליטרים,750.00,"100 מ""ל",false,1,35.00,4.6667,true,1,20503
8413831140371,false,יין קאווה פריול סמי,קובידס קסניוס קאווה,,יין קאווה פריול סמי סקו 750 מל,מיליליטרים,750.00,"100 מ""ל",false,1,35.00,4.6667,true,1,14448
8414581100004,false,יין קאנטאברייה סיירה,,,יין קאנטאברייה סיירה גארנאצה 750 מל,מיליליטרים,750.00,"100 מ""ל",false,6,85.00,11.3333,true,1,49308
8414581104002,false,יין אדום קאנטאברייה,,,יין אדום קאנטאברייה סיירה קריאנזה 750 מל,מיליליטרים,750.00,"100 מ""ל",false,6,65.00,8.6667,true,1,49305
8414581202005,false,יין אדום קאנטאברייה,,,יין אדום קאנטאברייה סיירה 750 מל,מיליליטרים,750.00,"100 מ""ל",false,6,110.00,14.6667,true,1,49304
8414825338163,false,יין מרטין קודאס פיזארס דה אוטרו 750 מ,מרטין קודאס,ES,יין מרטין קודאס פיזראס דה אוטרו 750 מל,מיליליטרים,750.00,"100 מ""ל",false,6,60.00,8.0000,true,1,27045
8414825338316,false,"יין מרטין קודאס אלבריניו מרייטה 750 מ""",,ES,יין מרטין קודאס אלבריניו מרייטה 750 מל,מיליליטרים,750.00,"100 מ""ל",false,1,60.00,8.0000,true,1,24507
8420071025702,false,גבינת עיזים קברה יין,ספניצ'יז,,גבינת עיזים קברה יין במשקל,קילוגרמים,1.00,"ק""ג",true,,189.00,189.0000,true,1,9303
8420640607650,false,גבינת שמנת 150 גרם,,ES,גבינת שמנת 150 גרם קרם ציז ספרד,גרמים,150.00,100 גרם,false,,8.90,5.9333,true,1,36795
8420675187110,false,יין אלקלה לבן 750מל,,,יין אלקלה לבן 750מל פיקדון,Unknown,0.00,Unknown,false,1,45.00,0.0000,true,1,7566
8420675187158,false,יין סרדה לבן 750 מל,,,יין סרדה לבן 750 מל פיקדון,Unknown,0.00,Unknown,false,1,45.00,0.0000,true,1,6426
8420675387114,false,יין אלקלה רזרבה 750,,,יין אלקלה רזרבה 750 מל,מיליליטרים,750.00,"100 מ""ל",false,1,80.00,10.6667,true,1,6252
8420675387152,false,יין סרדה אדום 750 מל,,,יין סרדה אדום 750 מל פיקדון,Unknown,0.00,Unknown,false,1,45.00,0.0000,true,1,6425
8420708012822,false,"גבינת קשקבל ספרדי, 200 גרם",מיוצר עי קונדיטוריית,ES,גבינת קשקבל בשלה 200 גרם,גרמים,200.00,100 גרם,false,1,22.90,11.4500,true,1,12819
8420708018817,false,גבינת מנצ'גו בשלה 150 גרם,האי נאם סי או אל.טי.,ES,גבינת מנצגו 150 גרם,גרמים,150.00,100 גרם,false,1,27.90,18.6000,true,1,16872
8420822130600,false,"ספריי סופר מסיר שומנים 750מ""ל יעקבי",קה לורדה,ES,מסיר שומנים סופר 750מל קיי אייץ7,מיליליטרים,750.00,"100 מ""ל",false,12,15.90,2.1200,true,1,46670
8420822130624,false,"ספריי סופר מסיר כתמים 750מ""ל יעקבי",קה לורדה,ES,מסיר כתמים סופר 750מל קיי אייץ7,מיליליטרים,750.00,"100 מ""ל",false,12,19.90,2.6533,true,1,46669
8420878580800,false,עוגת אוראו 350 גרם ק,,ES,עוגת אוראו 350 גרם קפואה,גרמים,350.00,100 גרם,false,6,31.90,9.1143,true,1,49699
8420878580817,false,עוגת פילדלפיה 350 גר,,ES,עוגת פילדלפיה 350גר קפואה,גרמים,350.00,100 גרם,false,6,31.90,9.1143,true,1,49698
8420878585744,false,עוגת מילקה 350 גרם ק,,ES,עוגת מילקה 350 גרם קפואה,גרמים,350.00,100 גרם,false,6,31.90,9.1143,true,1,49700
8421401301206,false,פפריקה חריפה מעושנת מיכל 70 גרם,לה צ'ינטה קרטה,ES,פפריקה ספרדית מעושנת חריפה 70 גרם,Unknown,0.00,Unknown,false,12,14.90,0.0000,true,1,35482
8422019006002,false,חומץ שרי ספרדי 750 מ,חוזה פאז לובטו,,חומץ שרי ספרדי 750 מל,מיליליטרים,375.00,"100 מ""ל",false,1,39.90,10.6400,true,1,25426
8422019007009,false,חומץ שרי ספרדי 375 מ,חוזה פאז לובטו,,חומץ שרי ספרדי 375 מל,מיליליטרים,375.00,"100 מ""ל",false,1,25.90,6.9067,true,1,13625
8422864000330,false,יין זאן לאון רוזה 30,,ES,יין זאן לאון רוזה 3055 750 מל,מיליליטרים,750.00,"100 מ""ל",false,6,60.00,8.0000,true,1,50670
8422864310040,false,יין זאן לאון לבן 305,,ES,יין זאן לאון לבן 3055 750 מל,מיליליטרים,750.00,"100 מ""ל",false,6,60.00,8.0000,true,1,50669
8423207206488,false,סלים דליס חטיף דגנים מצופה שוקולד חלב מרבה 6*20 גרם,אף.סי תבליני בגליל ב,ES,ח.דגנים סלימדליס שוקולד חלב6יח,גרמים,120.00,100 גרם,false,1,11.90,9.9167,true,1,9558
8423207206495,false,סלים דליס חטיף דגנים מצופה שוקולד מריר מרבה 6*20 גרם,אף.סי תבליני בגליל ב,ES,ח.דגנים סלימדליס שוקולד מריר6יח,גרמים,120.00,100 גרם,false,1,11.90,9.9167,true,1,9559
8423207206501,false,סלים דליס חטיף דגנים עם שוקולד חלב מרבה 6*13 גרם,סלים דליס Slim Delis,ES,ח.דגנים סלימדליס שוקולד חלב6יח,גרמים,78.00,100 גרם,false,1,11.90,15.2564,true,1,9560
8423207207362,false,חטיפי סלים דליס שוקולד לבן מרבה 6 יחידות,ביסנצ'ורי אס.אל.יו,ES,ח.דגנים סלימדליס שוקולד לבן6יח,גרמים,120.00,100 גרם,false,1,11.90,9.9167,true,1,11208
8423207208260,false,מרבה סלים דליס 125 ג' ללא גלוטן שוקולד חלב,ביסנצ'ורי אס.אל.יו,ES,ח.דגנים סלימדליס ל.גלוטן 6יח,גרמים,120.00,100 גרם,false,1,11.90,9.9167,true,1,15590
8423207208680,false,חטיף דגנים שוקולד סלים דליס לילדים מרבה 6 יחידות,ביסנצ'ורי אס.אל.יו,ES,ח.דגנים ילדים סלימדליס שוקולד חלב6יח,גרמים,120.00,100 גרם,false,1,11.90,9.9167,true,1,14780
8423207208697,false,חטיפי סלים דליס לילדים שוקולד לבן מרבה 6 יחידות,ביסנצ'ורי אס.אל.יו,ES,ח.דגנים ילדים סלימדליס שוקולד לבן6יח,גרמים,120.00,100 גרם,false,1,11.90,9.9167,true,1,14781
8423207208703,false,חטיפי סלים דליס שוקולד מריר מרבה 6 יחידות,ביסנצ'ורי אס.אל.יו,ES,ח.דגנים ילדים סלימדליס שוקולד מריר6יח,גרמים,120.00,100 גרם,false,1,11.90,9.9167,true,1,14782
8423207208871,false,פריכיות תירס בטעם טבעי סלים דליס 130 גרם,סלים דליס Slim Delis,ES,פריכיות תירס טבעי סלים דליס 130 גר,גרמים,130.00,100 גרם,false,1,9.90,7.6154,true,1,15602
8423207208888,false,פריכיות תירס בטעם עגבניות ועשבי תיבול סלים דליס 123 ג',ביסנצ'ורי אס.אל.יו,ES,פריכיות תירס עגבניות סלים דליס123.5ג,גרמים,124.00,100 גרם,false,1,9.90,7.9839,true,1,15603
8423207208895,false,פריכיות תירס בטעם זיתים ועירית סלים דליס 123 ג',ביסנצורי אס.אל.יו. ג,ES,פריכיות תירס זיתים סלים דליס123.5ג,גרמים,124.00,100 גרם,false,1,9.90,7.9839,true,1,15604
8423207209748,false,חטיף דגנים מלאים שוקולד מריר נגיעות תפוז,ביסנצ'ורי אס.אל.יו,ES,ח.דגנים סלימדליס תפוז שוקולד6יח,גרמים,182.00,100 גרם,false,1,11.90,6.5385,true,1,20498
8423207209885,false,מרבה חטיפי סלים דליס מהדורה מיוחדת שוקולד חלב,סלים דליס Slim Delis,ES,ח.דגנים סלימדליס שוקולד חלב 6 יח,גרמים,182.00,100 גרם,false,1,11.90,6.5385,true,1,21072
8423207210287,false,מרבה סלים דליס שוקולד לבן בטעם יוגורט 120 ג',סלים דליס Slim Delis,ES,ח.דגנים סלימדליס יוגורט שוקולד לבן6יח,גרמים,182.00,100 גרם,false,1,11.90,6.5385,true,1,24076
8423207210928,false,חטיף דגנים מצופה שוקולד חלב ואגוזי לוז - 5 במארז,נוטרישן אנד סנטה קוב,ES,ח.דגנים סלימדליס טופינג אגוזי לוז5יח,Unknown,0.00,Unknown,false,16,11.90,0.0000,true,1,34979
8423207210942,false,חטיף דגנים מצופה שוקולד לבן ופירות יער,נוטרישן אנד סנטה קוב,ES,ח.דגנים סלימדליס טופינג פירות יער 5יח,Unknown,0.00,Unknown,false,16,11.90,0.0000,true,1,34980
8423207210966,false,חטיף רב דגנים מצופה שוקולד לבן קוקוס ולימון,נוטרישן אנד סנטה קוב,ES,ח.דגנים סלימדליס טופינג קוקוס ולימון5יח,Unknown,0.00,Unknown,false,16,11.90,0.0000,true,1,34978
8423207210980,false,סלים דליס טופינג קליפת תפוז 90 גרם,נוטרישן אנד סנטה קוב,ES,ח.דגנים סלימדליס טופינג קליפת תפוז5יח,Unknown,0.00,Unknown,false,16,11.90,0.0000,true,1,34981
8423339965338,false,יין קונדדו דה האזה ק,,,יין קונדדו דה האזה קריאנזה 750מל פקדון,מיליליטרים,750.00,"100 מ""ל",false,1,85.00,11.3333,true,1,8172
8423453905692,false,"בירה ווילדר לאגר 500 מ""ל פחית",פונט סאלם וולנסיה ספרד,ES,בירה ווילדר לאגר 500מל פחית פקדון,מיליליטרים,500.00,"100 מ""ל",false,24,8.90,1.7800,true,1,27402
8424842050016,false,צ'יפס בטעם כמהין 125 גרם רביו,רובין,FR,חטיף רוביו ציפס טעם כמהין 125 גרם,לא מנהל יחידת מידה,125.00,לא מנהל יחידת מידה,false,18,13.90,0.1112,true,1,40664
8424842050030,false,צ'יפס בטעם מלח הימלאי 125 גרם רביו,רובין,FR,חטיף רוביו ציפס ומלח החמלאיה 125 גרם,לא מנהל יחידת מידה,125.00,לא מנהל יחידת מידה,false,18,13.90,0.1112,true,1,40662
8424842050085,false,צ'יפס בטעם חרדל ודבש 125 גרם רביו,רובין,FR,חטיף רוביו ציפס חרדל ודבש 125 גרם,לא מנהל יחידת מידה,125.00,לא מנהל יחידת מידה,false,18,13.90,0.1112,true,1,40661
8424842201340,false,צ'יפס בטעם מסורתי פרימיום 130 גרם רביו,,ES,חטיף רוביו ציפס מסורתי 125 גרם,לא מנהל יחידת מידה,125.00,לא מנהל יחידת מידה,false,18,13.90,0.1112,true,1,40663
8425206000081,false,ריבת חלב מרדל 450 גרם,כלורוקס אוקלנד,ES,ריבת חלב מרדל 450 גר צנצנת,גרמים,450.00,100 גרם,false,12,17.90,3.9778,true,1,12564
8425206000142,false,ריבת חלב מרדל בקבוק לחיץ 370 גרם,MARDEL,ES,ריבת חלב מרדל לחיץ 370 גר,גרמים,370.00,100 גרם,false,12,17.90,4.8378,true,1,18268
8425206000272,false,מרדל סירופ בטעם ריבת חלב 550 ג',קארו,ES,סירופ בטעם ריבת חלב 550 גרם,גרמים,550.00,100 גרם,false,12,20.00,3.6364,true,1,24982
8425704071019,false,יין טורה דה אוניה רז,לה ריוחה אלטה,,יין טורה דה אוניה רזרבה 750 מל,מיליליטרים,750.00,"100 מ""ל",false,1,120.00,16.0000,true,1,20217
8426617111694,false,סוכריות הריבו סטיקס,,GB,סוכריות הריבו סטיקס אבטיח 175 גרם,גרמים,175.00,100 גרם,false,15,14.90,8.5143,true,1,50656
8426617111717,false,סוכריות הריבו סטיקס,,GB,סוכריות הריבו סטיקס מסטיק 175 גרם,גרמים,175.00,100 גרם,false,15,14.90,8.5143,true,1,50655
8426617119461,false,הריבו - מקלות בטעם תות 200 גרם,,,סוכריות הריבו באלו סטיקס דובדבן 200 גרם,גרמים,200.00,100 גרם,false,15,14.90,7.4500,true,1,48103
8426617119478,false,הריבו - מקלות ממולאים ברספברי 200 גרם,,DE,סוכריות הריבו סטיקס פטל 200 גרם,גרמים,200.00,100 גרם,false,15,14.90,7.4500,true,1,48104
8427030007281,false,סימילאק גולד קומפורט 1 תרכובת מזון על בסיס חלב,סימילאק Similac,ES,ת.חלב סימילק קונפורט שלב 1 820 גר,גרמים,820.00,100 גרם,false,1,109.90,13.4024,true,1,36295
8427030007298,false,סימילאק גולד קומפורט 2 תרכובת מזון על בסיס חלב,אבוט לבורטוריס ס.א.,ES,ת.חלב סימילק קונפורט שלב 2 820 גר,גרמים,820.00,100 גרם,false,1,109.90,13.4024,true,1,36296
8428818164172,false,מלח ים אטלנטי אפור ל,,,מלח אטלנטי אפור לח טבעי 1 קג,קילוגרמים,1.00,"ק""ג",false,1,18.00,18.0000,true,1,13407
8429073021019,false,יין קאמין דל פריוראט,ספרד - אלווארו פאלסי,,יין קאמין דל פריוראט אדום 750מל,מיליליטרים,750.00,"100 מ""ל",false,1,100.00,13.3333,true,1,46787
8429073022016,false,יין קאמין דל פריוראט,ספרד - אלווארו פאלסי,,יין קאמין דל פריוראט אדום 750מל,מיליליטרים,750.00,"100 מ""ל",false,1,100.00,13.3333,true,1,51592
8435495805168,false,"תינוקלין לכביסה לעור רגיש אולימפיק 1.25ק""ג",מולינו ניקולי s.p.a,PL,אבקת כביסה תינוקלין 1.25 קג,קילוגרמים,1.25,"ק""ג",false,1,24.90,19.9200,true,1,22370
8435495805199,false,"אבקת כביסה תינוקלין שקית 3 ק""ג.",מולינו ניקולי s.p.a,TR,אב.כביסה תינוקלין 3 קג בשקית,קילוגרמים,3.00,"ק""ג",false,1,49.90,16.6333,true,1,22933
8435495807605,false,תינוקלין מרכך כביסה היפואלרגני מרוכז 1 ליטר,מולינו ניקולי s.p.a,TR,מרכך כביסה תינוקלין היפואלרגני 1 ליטר,ליטרים,1.00,ליטר,false,15,19.90,19.9000,true,1,25566
8435495807636,false,ג'ל כביסה היפואלרגני 2 ל' תינוקלין,פרוקטר אנד גמבל,TR,גל כביסה תינוקלין 2 ליטר,ליטרים,2.00,ליטר,false,6,34.90,17.4500,true,1,28151
8435495819363,false,תינוקלין מרכך כביסה היפואלרגני 1 ליטר,פרוקטר אנד גמבל,TR,מרכך כביסה תינוקלין פרש 1 ליטר,ליטרים,1.00,ליטר,false,15,19.90,19.9000,true,1,46507
8436535580137,false,זעפרן ספרדי 0.5 גר א,,,זעפרן ספרדי 0.5 גר אלברולה בקופסא,Unknown,0.00,Unknown,false,1,16.90,0.0000,true,1,8019
8436575292205,false,ארטיק חמשושים מאגדת 15*12 גר',גלידות נסטלה )נגה גלידות,IL,מאגדת חמשושים 180גר,גרמים,180.00,100 גרם,false,6,17.90,9.9444,true,1,25697
8437000906209,false,"טורטיה ספרדי קמח 25 ס""מ 325 גרם",Azteca foods europe,ES,עלי טורטיה קמח מלא 16 יח 320 גר,גרמים,320.00,100 גרם,false,1,11.90,3.7188,true,1,8917
8437001603343,false,משקה פינה קולדה 700,,,משקה פינה קולדה 700 מל,מיליליטרים,700.00,"100 מ""ל",false,1,59.00,8.4286,true,1,35666
8437001603602,false,מוחיטו קומפאיי 700 מ,,,מוחיטו קוצפאיי 700 מל,מיליליטרים,700.00,"100 מ""ל",false,1,65.00,9.2857,true,1,12124
8437001603626,false,"מרגריטה קוקטייל 700 מ""ל",,,משקה מרגריטה 700 מל,מיליליטרים,700.00,"100 מ""ל",false,1,65.00,9.2857,true,1,35663
8437001603701,false,משקה סנגריה לוליילו,,,סנגריה לוליילו 750 מל פיקדון,Unknown,0.00,Unknown,false,1,35.00,0.0000,true,1,6416
8437008915456,false,טורטיה ספרדי 5 דגנים 325 גרם,Azteca foods europe,ES,עלי טורטיה חמישה דגנים 20 יח 320 גר,גרמים,320.00,100 גרם,false,1,11.90,3.7188,true,1,12451
8437017535256,false,יין בודגאס אלברו פול,,,יין בודגאס אלברו פוליזון אורגני 750 מל,מיליליטרים,750.00,"100 מ""ל",false,1,65.00,8.6667,true,1,46533
8445290427120,false,דגני פיטנס Fitness שוקולד מריר ובננה,נסטלה צרפת איטנקורט,FR,דגני פיטנס שוקולד מריר ובננה 330 ג,גרמים,330.00,100 גרם,false,1,19.90,6.0303,true,1,49882
8500001312154,false,עוגיות בטעמים בקופסא,פרוקטר אנד גמבל,,עוגיות בטעמים בקופסא,Unknown,0.00,Unknown,false,6,32.90,0.0000,true,1,34975
8593868000050,false,"סטארופרמן פרימיום בהיר 500 מ""ל פחית",סטארופרמן,CZ,בירה סטארופרמן בהירה פח 500 מל פקדון,מיליליטרים,500.00,"100 מ""ל",false,1,8.90,1.7800,true,1,32482
8593868000302,false,"בירה סטארופרמן לאגר בקבוק 5% 500 מ""ל",,CZ,בירה סטארופרמן בהירה בק. 500 מל פקדון,מיליליטרים,500.00,"100 מ""ל",false,1,10.00,2.0000,true,1,32481
8593868002368,false,בירה סטארופרמן אנפילטר בירה 500 מל בקבוק,,CZ,בירה סטארופרמן 500מל לא מסונן בק.פקדון,מיליליטרים,500.00,"100 מ""ל",false,1,10.00,2.0000,true,1,32483
8593868006014,false,בירה בלו מון פחית 50,"איי, בי, אינבוו",CZ,בירה בלו מון 500 מל 5.4% פח. פקדון,מיליליטרים,500.00,"100 מ""ל",false,24,11.90,2.3800,true,1,38049
8594006931328,false,בירה פרימטור ויצן 500 מל צכיה,,CZ,בירה פרימטור וויצנביר 5% 500 מל,מיליליטרים,500.00,"100 מ""ל",false,1,11.90,2.3800,true,1,9309
8594196130549,false,משקה אנרגיה ט.קאנביס,,CZ,משקה אנרגיה ט.קאנביס 330מל פח.פקדון,מיליליטרים,330.00,"100 מ""ל",false,24,8.90,2.6970,true,1,48129
8594200060015,false,בירה צסקה פינטה 568 מל פחית,"""cesu alus""",,בירה צסקה פינטה 500מל פח.פקדון,מיליליטרים,500.00,"100 מ""ל",false,1,10.00,2.0000,true,1,50453
8594403707649,false,"בירה באדוויזר דארק לאגר 500 מ""ל פחית","מיוצר ע""\י מבשלת טוכרn\",CZ,בירה באדוויזר דארק לאגר 500מל פח.פקדון,מיליליטרים,500.00,"100 מ""ל",false,1,8.90,1.7800,true,1,48445
8594403707977,false,"בירה באדוויזר לאגר פחית 500 מ""ל","מיוצר ע""\י מבשלת טוכרn\",CZ,בירה באדוויזר לאגר 500מל פח.פקדון,מיליליטרים,500.00,"100 מ""ל",false,1,8.90,1.7800,true,1,49316
8594404110110,false,בירה פילסנר אוראקוול 500 מל,Plznsky,IT,בירה פילזנר אורקוול 500מל,מיליליטרים,500.00,"100 מ""ל",false,1,14.90,2.9800,true,1,2129
8594404115115,false,בירה פילזנר אורקוול פחית 500 מל,פילזן,CZ,בירה פילזנר 500מל בפח פקדון,מיליליטרים,500.00,"100 מ""ל",false,1,10.00,2.0000,true,1,10961
8594405105429,false,"ליקר בחרובקה 700 מ""ל",,,ליקר בחרובקה 700 מל,מיליליטרים,700.00,"100 מ""ל",false,1,99.00,14.1429,true,1,27860
8606018615841,false,גלידה וניל עם ליבת שוקולד חלב מעולה 480 גרם,פרונרי סרביה,RS,גלידה פיינט מילקה וניל ליבת שוקולד 480מל,מיליליטרים,480.00,"100 מ""ל",false,6,19.90,4.1458,true,1,47449
8606018615865,false,פיינט מילקה קרמל ליבת שוקולד 480 גרם,פרונרי סרביה,RS,גלידה פיינט מילקה קרמל ליבת שוקולד 480מל,מיליליטרים,480.00,"100 מ""ל",false,6,19.90,4.1458,true,1,47450
8681812071352,false,מארז 50יח מסכות פנים,,,מארז 50יח מסכות פנים לבנות לילדים,יחידה,50.00,יחידה,false,1,10.90,0.2180,true,1,47632
8683130008355,false,מיונז עם שום הלמנס לחיץ 400 גרם,יוניליוור ישראל שיווק בע,TR,מיונז הלמנס שום לחיץ 400 גרם,גרמים,400.00,100 גרם,false,8,13.90,3.4750,true,1,45586
8683130008935,false,"הלמנס קטשיונז 425 גר{הרב רלב""ג}",יוניליוור ישראל שיוו,TR,הלמנס קטשיונז 425 גרם,גרמים,425.00,100 גרם,false,8,13.90,3.2706,true,1,46850
8683130025574,false,"מרכך כביסה מרוכז אקסטרה לבנדר בדין 960 מ""ל",יבוא ושיווק: יוניליוור י,TR,מרכך כביסה בדין אקסטרא לבנדר 960 מל,מיליליטרים,960.00,"100 מ""ל",false,1,16.90,1.7604,true,1,49475
8683130025581,false,"מרכך כביסה מרוכז אקסטרה ענבר בדין 960 מ""ל",יבוא ושיווק: יוניליוור י,TR,מרכך כביסה בדין אקסטרא ענבר 960 מל,מיליליטרים,960.00,"100 מ""ל",false,1,16.90,1.7604,true,1,49474
8683323063024,false,יוגטה שטיחים בטעם תותי פרוטי 220 גרם,ליימן מותגים,TR,גומי יוגטה תותי פרוטי 220גרם,גרמים,220.00,100 גרם,false,1,6.90,3.1364,true,1,18486
8686868600051,false,המותג אביזרי שיער,,,אביזרי שיער,Unknown,0.00,Unknown,false,1,7.90,0.0000,true,1,19609
8686868600068,false,המותג אביזרי שיער,,CN,אביזרי שיער,Unknown,0.00,Unknown,false,1,8.90,0.0000,true,1,19610
8686868600075,false,המותג אביזרי שיער,,CN,אביזרי שיער,Unknown,0.00,Unknown,false,1,9.90,0.0000,true,1,19611
8686868600105,false,אביזרי שיער מברשות ה,,CN,אביזרי שיער,Unknown,0.00,Unknown,false,1,12.90,0.0000,true,1,19614
8686868600112,false,המותג אביזרי שיער,,CN,אביזרי שיער,Unknown,0.00,Unknown,false,1,13.90,0.0000,true,1,19615
8686868600129,false,המותג אביזרי שיער,,CN,אביזרי שיער,Unknown,0.00,Unknown,false,1,14.90,0.0000,true,1,19616
8686868600150,false,המותג אביזרי שיער,,CN,אביזרי שיער,Unknown,0.00,Unknown,false,1,17.90,0.0000,true,1,19618
8686868600174,false,המותג אביזרי שיער,,CN,אביזרי רחצה,Unknown,0.00,Unknown,false,1,19.90,0.0000,true,1,19619
8686868600211,false,"מטריה לילדים 47 ס""מ",,,מטריית ילדים,Unknown,0.00,Unknown,false,1,19.90,0.0000,true,1,36223
8686868600235,false,אביזרי טיפוח שונים,,CN,אביזרי טיפוח שונים,Unknown,0.00,Unknown,false,1,12.90,0.0000,true,1,19738
8686868600259,false,"מטריה גדולה 70 ס""מ צבעונית",,CN,מטריה אוטומטית,Unknown,0.00,Unknown,false,1,29.90,0.0000,true,1,20065
8690504081913,false,מקוויטיס טינס מצופה שוקולד חלב 150 גרם,"אולקר ביסקווי סנאי,",TR,ביסקויט טינס מצופה חלב 150 גרם,גרמים,150.00,100 גרם,false,1,10.90,7.2667,true,1,21905
8690504081920,false,מקוויטיס טינס מצופה שוקולד מריר 150 גרם,"אולקר ביסקווי סנאי, א.ס.",TR,ביסקויט טינס מצופה מריר 150 גרם,גרמים,150.00,100 גרם,false,1,10.90,7.2667,true,1,21904
8690504081937,false,מקוויטיס טינס שוקולד חלב וקפוצינו 150 גר,"אולקר ביסקווי סנאי,",TR,ביסקויט טינס מצופה קפוצינו 150 גרם,גרמים,150.00,100 גרם,false,1,10.90,7.2667,true,1,21906
8690504153740,false,גודייבה שוקולד מריר במילוי קרם גנאש 86 גרם,ביסקוט ביסקווי סילבר,TR,שוקולד גודאיבה מריר גנאש מריר 86 גרם,Unknown,0.00,Unknown,false,18,13.90,0.0000,true,1,25464
8690504153849,false,גודייבה שוקולד חלב במילוי קרם בטעם פרלין אגוזים 83 גרם,"אולקר מקבוצת פלאדיס,",TR,שוקולד גודאיבה חלב ק.אגוז86 גרם,Unknown,0.00,Unknown,false,18,13.90,0.0000,true,1,25465
8690504156543,false,טבלת שוקלד חלב ממולא בקרם גנאש שוקולד חלב 88 גר',ביסקוט ביסקווי סילברי,TR,שוקולד גודאיבה גנאש חלב 88 גרם,Unknown,0.00,Unknown,false,18,13.90,0.0000,true,1,31722
8690526019147,false,אי טי אי - וופל במילוי קרם אגוזי לוז 142 גרם,"GIDA ETI , טורקיה n\",TR,וופל קקאו במילוי קרם אגוזי לוז 142 גרם,גרמים,142.00,100 גרם,false,20,7.90,5.5634,true,1,42785
8690531032377,false,פלפלים קטנים חריפים במי מלח 340 גרם,גנגיר גידה,TR,פלפל שיפקונית גורמט 340 גרם,גרמים,34000.00,100 גרם,false,12,7.90,0.0232,true,1,36615
8690572775288,false,"גליס מרכך סרום שיקום עמוק 400 מ""ל",שוורצקוף Schwarzkopf,TR,מרכך שיער גליס דיפ ריפייר 400 מל,מיליליטרים,400.00,"100 מ""ל",false,1,12.90,3.2250,true,1,15420
8690572778326,false,פה ד.ספרי אנטיפרספינט 200 מל 1/12,שוורצקופף והנקל,DE,דאו פה ספריי דריי פרוטקט כותנה 200 מל,מיליליטרים,200.00,"100 מ""ל",false,1,11.90,5.9500,true,1,18218
8690572783931,false,"פה - דאודורנט ספריי לגבר אינוויזיבל פאוואר 200 מ""ל",שוורצקופף והנקל,DE,דאו פה ספריי 200מל כח לא נראה,מיליליטרים,200.00,"100 מ""ל",false,1,11.90,5.9500,true,1,21325
8690572784303,false,שמפו גליס Gliss לשיער ארוך Supreme Length,שוורצקופף והנקל,TR,שמפו גליס 400מל לאורך מושלם,מיליליטרים,400.00,"100 מ""ל",false,1,12.90,3.2250,true,1,23572
8690572784327,false,מסכה לשיער ארוך עם קצוות מפוצלים Supreme Length,שוורצקופף והנקל,SI,מסכת שיער גליס 300מל לאורך מושלם,מיליליטרים,300.00,"100 מ""ל",false,1,24.90,8.3000,true,1,23573
8690572785065,false,"סאיוס שמפו קרטין 600 מ""ל",שוורצקופף והנקל,,שמפו סאיוס קרטין 600 מל,מיליליטרים,600.00,"100 מ""ל",false,1,11.90,1.9833,true,1,20624
8690572785102,false,שמפו סאיוס אנטי אייץ,שוורצקופף והנקל,,שמפו סאיוס אנטי אייץ אף 600 מל,מיליליטרים,600.00,"100 מ""ל",false,1,11.90,1.9833,true,1,20626
8690572785928,false,סאיוס שמפו לשיער גלי,שוורצקופף והנקל,,שמפו סאיוס 600מל לשיער גלי ומתולתל,מיליליטרים,600.00,"100 מ""ל",false,1,11.90,1.9833,true,1,23575
8690572786222,false,מרכך גליס Gliss לשיער ארוך Supreme Length,שוורצקופף והנקל,TR,מרכך שיער גליס 400מל לאורך מושלם,מיליליטרים,400.00,"100 מ""ל",false,1,12.90,3.2250,true,1,23571
8690572788851,false,"גליס - שמפו ביו טק 400 מ""ל",שוורצקופף והנקל,TR,שמפו גליס ביוטק 400 מל,מיליליטרים,400.00,"100 מ""ל",false,1,16.90,4.2250,true,1,31707
8690572788912,false,"גליס - ביו טק מרכך 400 מ""ל",שוורצקופף והנקל,TR,מרכך גליס ביוטק 400 מל,מיליליטרים,400.00,"100 מ""ל",false,1,16.90,4.2250,true,1,31708
8690572794692,false,"גליס - שמפו לאיזון והזנת הקרקפת 400 מ""ל","הובי קוסמטיק, חברת ייצור",TR,שמפו גליס נוטרי באלאנס 400 מל,מיליליטרים,400.00,"100 מ""ל",false,1,12.90,3.2250,true,1,38713
8690572794715,false,"גליס - מרכך לאיזון והזנת הקרקפת 400 מ""ל","הובי קוסמטיק, חברת ייצור",TR,מרכך שיער גליס נוטרי באלאנס 400 מל,מיליליטרים,400.00,"100 מ""ל",false,1,12.90,3.2250,true,1,38714
8690637073373,false,תה שחור ברגמוט ארל גריי ליפטון 25 יחידות,יונילוור - תורכיה,TR,תה ארל גריי 25 יח ליפטון,יחידה,25.00,יחידה,false,1,8.00,0.3200,true,1,6152
8690637073434,false,תה ליפטון ארל גריי 100 שקיקים,ליפטון Lipton,,תה ארל גריי 100 יח ליפטון,יחידה,100.00,יחידה,false,1,20.90,0.2090,true,1,6153
8690637503856,false,ממרח הלמנס כ- 40% פחות שומן לעומת מיונז,אפפילד איסטנבול ייצור מז,TR,מיונז הלמנס אמיתי לחיץ 395 גר,גרמים,395.00,100 גרם,false,8,13.90,3.5190,true,1,37245
8690637504426,false,"קרם ניקוי סיף בניחוח לימון 500 מ""ל",יוניליוור סנאיי וי טיקאר,TR,קרם סיף לניקוי לימון 500 מל,מיליליטרים,500.00,"100 מ""ל",false,1,10.90,2.1800,true,1,46475
8690637505935,false,דאב תחליב רחצה לידיים שמן אבוקדו ותמצית קלנדולה,דאב Dove,TR,תרחיץ ידיים דאב 500מל ניחוח אבוקדו,מיליליטרים,500.00,"100 מ""ל",false,1,18.90,3.7800,true,1,46469
8690637505959,false,דאב סבון ידיים הזנה לוטוס 500 מל,General,TR,תרחיץ ידיים דאב 500מל ניחוח לוטוס,מיליליטרים,500.00,"100 מ""ל",false,1,18.90,3.7800,true,1,46470
8690637506956,false,"דאב שמפו נגד קשקשים אלוורה 600 מ""ל",יוניליוור סנאי ווי טיקאר,TR,שמפו דאב נגד קשקשים אלוורה 600מל,מיליליטרים,600.00,"100 מ""ל",false,1,18.90,3.1500,true,1,51049
8690637555084,false,"מרכך כביסה מרוכז אקסטרה פריחת התפוז בדין 960 מ""ל",יוניליוור סנאיי וי טיקאר,TR,מרכך כביסה בדין אקסטרא פריחת תפוז 960מל,מיליליטרים,960.00,"100 מ""ל",false,1,16.90,1.7604,true,1,7086
8690637688195,false,ליפטון תה ירוק מעטפות קלאסי 30 ג',יונילוור - תורכיה,TR,תה ליפטון ירוק קלאסי 20 יח,יחידה,20.00,יחידה,false,1,15.90,0.7950,true,1,12158
8690637704277,false,"שמפו ומרכך לשיער רגיל 600 מ""ל דאב",יוניליוור טורקיה. אזור ת,TR,שמפו דאב יום יומי 2 ב1 600 מל,מיליליטרים,600.00,"100 מ""ל",false,1,18.90,3.1500,true,1,12848
8690637704291,false,שמפו לשיקום אינטנסיבי לשיער פגום,יוניליוור טורקיה. אזור ת,TR,שמפו דאב לשיקום שיער פגום 600 מל,מיליליטרים,600.00,"100 מ""ל",false,1,18.90,3.1500,true,1,12843
8690637704376,false,"שמפו לטיפוח יום יומי דאב 600 מ""ל",יוניליוור סנאיי וי טיקאר,TR,שמפו דאב יום יומי 600 מל,מיליליטרים,600.00,"100 מ""ל",false,1,18.90,3.1500,true,1,12849
8690637704390,false,"מרכך שיער לטיפוח יום יומי דאב 600 מ""ל",יוניליוור טורקיה. אזור ת,TR,מרכך דאב יום יומי 600 מל,מיליליטרים,600.00,"100 מ""ל",false,1,18.90,3.1500,true,1,12846
8690637704413,false,מרכך לשיקום אינטנסיבי לשיער פגום,יוניליוור טורקיה. אזור ת,TR,מרכך דאב לשיקום שיער פגום 600 מל,מיליליטרים,600.00,"100 מ""ל",false,1,18.90,3.1500,true,1,12845
8690637704437,false,שמפו עם שמני הזנה לטיפוח לשיער יבש,יוניליוור סנאיי וי טיקאר,TR,שמפו דאב שמני הזנה 600 מל,מיליליטרים,600.00,"100 מ""ל",false,1,18.90,3.1500,true,1,12850
8690637704451,false,מרכך עם שמני הזנה לטיפוח לשיער יבש,יוניליוור טורקיה. אזור ת,TR,מרכך דאב שמני הזנה 600 מל,מיליליטרים,600.00,"100 מ""ל",false,1,18.90,3.1500,true,1,12847
8690637799594,false,ליפטון תה ירוק נענע בסגנון מרוקאי 20 שק,בסן בסין סנאיי וי טי,TR,תה ליפטון ירוק נענע מרוקאי 20 יח,יחידה,20.00,יחידה,false,1,15.90,0.7950,true,1,16369
8690637835643,false,"תה ירוק לימונית ולאויזה 30 גרם ""ליפטון""",יונילוור - תורכיה,TR,תה ליפטון ירוק לימונית לואיזה 20 יח,יחידה,20.00,יחידה,false,1,15.90,0.7950,true,1,19274
8690637842399,false,מאגדת מגנום מיני דאבל פרי יער שוקולד 6 יח' נסטלה,יוניליוור סנאי וי סי,TR,מאגדת מיני מגנום דאבל שוקולד פרי יער 6יח,גרמים,282.00,100 גרם,false,1,29.90,10.6028,true,1,21280
8690637858734,false,גל לנ.כללי סיף אקונומיקה בנ.לימון 750 מל,יוניליוור ניקיון,IL,סיף גל לאסלות לימון 750 מל,מיליליטרים,750.00,"100 מ""ל",false,1,12.90,1.7200,true,1,23705
8690637858758,false,פנטסטיק סיף גל אקונמיקה בריח אורנים 750,יונילוור - תורכיה,IL,סיף גל לאסלות אורנים 750 מל,מיליליטרים,750.00,"100 מ""ל",false,1,12.90,1.7200,true,1,23706
8690637871047,false,דאב שמפו בתוספת שמן קוקוס וכורכום 600 מל,יוניליוור סנאיי וי טיקאר,TR,שמפו דאב שמן קוקוס וכורכום 600 מל,מיליליטרים,600.00,"100 מ""ל",false,1,18.90,3.1500,true,1,24834
8690637871061,false,"דאב שמפו עם שמן אבוקדו ותמצית קלנדולה 600 מ""ל",יונילוור - תורכיה,TR,שמפו דאב שמן אבוקדו ותמציות קלנדולה 600מ,מיליליטרים,600.00,"100 מ""ל",false,1,18.90,3.1500,true,1,24835
8690637871108,false,הלמנ'ס ממרח חרדל 250 גרם,יוניליוור מזון,IL,חרדל הלמנס לחיץ 250 גר,גרמים,250.00,100 גרם,false,12,11.90,4.7600,true,1,29507
8690637871245,false,הלמנס מיונז אמיתי 395 גר' בקבוק לחיץ.,"בסטפוד - 3P ארה""ב Fo",TR,מיונז הלמנס אמיתי לחיץ 395 גר,גרמים,395.00,100 גרם,false,8,13.90,3.5190,true,1,28327
8690637916977,false,מרכך עם שמן קוקוס וכורכום למראה שיער משוקם,יוניליוור סנאיי וי טיקאר,TR,מרכך דאב קוקוס 600מל,מיליליטרים,600.00,"100 מ""ל",false,1,18.90,3.1500,true,1,29385
8690637916991,false,מרכך דאב עם שמן אבוקדו ותמצית קלנדולה600,יונילוור - תורכיה,TR,מרכך דאב עם שמן אבוקדו 600 מל,מיליליטרים,600.00,"100 מ""ל",false,1,18.90,3.1500,true,1,28994
8690637946301,false,"בדין - מרכך כביסה אקסטרא בייביי כחול 960 מ""ל",יוניליוור סנאיי וי טיקאר,TR,מרכך כביסה בדין בייבי כחול 960 מל,מיליליטרים,960.00,"100 מ""ל",false,1,16.90,1.7604,true,1,32774
8690637946318,false,"מרכך כביסה בדין מרוכז אקסטרה בייבי טלק 960 מ""ל",יוניליוור סנאיי וי טיקאר,TR,מרכך כביסה בדין בייבי צהוב 960 מל,מיליליטרים,960.00,"100 מ""ל",false,1,16.90,1.7604,true,1,32773
8690637971310,false,"מרכך כביסה מרוכז אקסטרה בניחוח יערת הדבש בדין 960 מ""ל",יוניליוור סנאיי וי טיקאר,TR,מרכך כביסה בדין אקסטרא יערת דבש 960מל,מיליליטרים,960.00,"100 מ""ל",false,1,16.90,1.7604,true,1,35901
8690637976995,false,"מרכך כביסה מרוכז אקסטרה ורוד סחלבים פראי בדין 960 מ""ל",יוניליוור סנאיי וי טיקאר,TR,מרכך כביסה בדין אקסטרא ורוד 960מל,מיליליטרים,960.00,"100 מ""ל",false,1,16.90,1.7604,true,1,35902
8690637977794,false,תחליב רחצה לידיים בניחוח חמאת שיאה ווניל,קוסטר אירוסול ולף סנ,TR,תרחיץ ידיים דאב 500מל בניחוח שיאה ווניל,מיליליטרים,500.00,"100 מ""ל",false,1,18.90,3.7800,true,1,37484
8690637989612,false,מאגדת מיני מגנום דולצה גולד 6 יח 246 גרם,יונילוור סנאיי וי טיג'\,TR,מאגדת מיני מגנום דאבל דולצה גולד 6יח,גרמים,282.00,100 גרם,false,1,29.90,10.6028,true,1,38518
8690734354412,false,ספוגיות מתכת סקוטש ברייט אל חלד 2 יח,3m,CN,ספוגיות מתכת סקוטש ברייט אל חלד 2יח,יחידה,2.00,יחידה,false,24,8.90,4.4500,true,1,49919
8690757002444,false,"נוזל להברקת נעליים שחור 75 SILVERמ""ל",סילבר Silver,TR,נוזל להברקת נעלים שחור 75 מל,Unknown,0.00,Unknown,false,1,6.90,0.0000,true,1,19588
8690757002451,false,נוזל להברקת נעלים חו,סילבר,TR,נוזל להברקת נעלים חום 75 מל,Unknown,0.00,Unknown,false,1,6.90,0.0000,true,1,19586
8690757002475,false,ספוג להברקת נעליים גדול SILVER -נטורל,סילבר Silver,TR,ספוג להברקת נעליים גדול נטורל סילבר,Unknown,0.00,Unknown,false,1,6.90,0.0000,true,1,19589
8690757002482,false,"ספוג מבריק נעליים עם צבע 6 מ""ל SILVER -שחור",סילבר,TR,ספוג להברקת נעליים עם צבע שחור סילבר,Unknown,0.00,Unknown,false,1,11.90,0.0000,true,1,19590
8690757002819,false,"תרסיס מונע ריח לנעליים סילבר 100 מ""ל",סילברמיל,TR,תרסיס מונע ריח לנעליים 100 מל סילבר,מיליליטרים,100.00,"100 מ""ל",false,6,26.90,26.9000,true,1,31639
8690766156367,false,גודייבה שוקולד חלב מעולה 90 גרם,"אולקר מקבוצת פלאדיס,",TR,שוקולד גודאיבה פיור חלב 90 גר,Unknown,0.00,Unknown,false,18,14.90,0.0000,true,1,31723
8690766156374,false,גודייבה שוקולד מריר מעולה 72% מוצקי קקאו 72גרם,"אולקר מקבוצת פלאדיס,",TR,שוקולד גודאיבה פיור 72% מריר 90גר,Unknown,0.00,Unknown,false,18,14.90,0.0000,true,1,31725
8690766156381,false,גודייבה שוקולד מריר 90% מוצקי קקאו 90 גרם,"אולקר מקבוצת פלאדיס,",TR,שוקולד גודאיבה פיור90% מריר 90 גר,Unknown,0.00,Unknown,false,18,14.90,0.0000,true,1,31726
8690766156398,false,"שוקולד חלב מעולה בתוספת שברי שקדים קלויים,דבש ומלח 90 גרם","אולקר מקבוצת פלאדיס, ציק",TR,שוקולד גודאיבה פיור חלב שברי שקדים 90גר,Unknown,0.00,Unknown,false,18,14.90,0.0000,true,1,31728
8690766156404,false,שוקולד מריר מעולה גודייבה תפוז אדום 90 גרם,גודייבה,TR,שוקולד גודאיבה פיור מריר תפוז90 גר,Unknown,0.00,Unknown,false,18,14.90,0.0000,true,1,31724
8690766156411,false,שוקולד מריר מעולה בטעם פלפל ורוד עם חתיכות תות מסוכר 90 גרם,"אולקר מקבוצת פלאדיס,",TR,שוקולד גודאיבה פיור מריר פלפל ורוד 90 גר,Unknown,0.00,Unknown,false,18,14.90,0.0000,true,1,31727
8690770322598,false,שמרים יבשים פוליבה הנמל 125 גרם,בראבו Bravo,TR,שמרים יבשים נמסים 125 גר בדץ,גרמים,125.00,100 גרם,false,1,4.90,3.9200,true,1,6309
8690777203012,false,פלפלים ירוקים כבושים לא חריפים סרה ויליפוד 600 גרם,יוליניבר,TR,פלפל ירוק כבוש לא חריף 600 גר סרא,גרמים,600.00,100 גרם,false,1,12.90,2.1500,true,1,6563
8690777204071,false,פלפלים כבושים חריפים סרה 320 גרם,יוליניבר,TR,פלפל חריף כבוש 640 גר סרא,גרמים,640.00,100 גרם,false,1,12.90,2.0156,true,1,6564
8690777206051,false,חציל קלוי על האש סרה ויליפוד 650 גרם,קוראהן פזלרמה וי דיס,TR,חציל קלוי על האש 650 גר,גרמים,650.00,100 גרם,false,1,12.90,1.9846,true,1,5815
8690777221405,false,פלפל אדום קלוי סרה ויליפוד 650 גרם,קוראהן פזלרמה וי דיס,TR,פלפל אדום קלוי על האש 650 גר סרא,גרמים,650.00,100 גרם,false,1,12.90,1.9846,true,1,6565
8690784516440,false,דאק נוזל לניקוי מתקדם בניחוח לבנדה בודד 750מל,"אס.סי.ג'\ונסון מידרכט, ה",NL,נוזל אסלות דאק 750מל לבנדר,מיליליטרים,750.00,"100 מ""ל",false,1,9.90,1.3200,true,1,20246
8690784516662,false,דאק נוזל ג'ל לניקוי עם אקונומיקה בניחוח לבנדר,אס.סי.גונסון,IT,גל אסלות דאק אקונומיקה מקציפה 750מל,מיליליטרים,750.00,"100 מ""ל",false,12,10.90,1.4533,true,1,23014
8690784611442,false,סבון מוצק לניקוי אסלה בניחוח הדרים בתוספת אקונומיקה,דאופלור אס פי אי כונ,PL,סבון אסלה דאק טיפות מקציף פי 4 הדרים,יחידה,1.00,יחידה,false,24,8.90,8.9000,true,1,30992
8690784614665,false,דאק כדוריות ניקוי אסלה בניחוח ים,דאופלור אס.פי.אי כונ,PL,סבון אסלה דאק טיפות מקציף פי 4 ים,יחידה,1.00,יחידה,false,24,8.90,8.9000,true,1,23209
8690784614771,false,סבון דאק לניקוי אסלה בניחוח רענן נתלה,דאופלור אס.פי.אי כונ,PL,סבון אסלה דאק טיפות מקציף פי 4 רענן,יחידה,1.00,יחידה,false,24,8.90,8.9000,true,1,23210
8690784616775,false,סבון מוצק לאסלה דאק אקווה בלו 4 ב-1 80 ג,טואלט דאק (ג'ונסון),RS,סבון אסלה מוצק דאק אקווה בלו 4 ב1,יחידה,1.00,יחידה,false,12,9.90,9.9000,true,1,25128
8690784618113,false,סבון מוצק דאק אקטיבי בניחוח רענן זוג,דאופלור אס פי אי כונ,PL,סבון אסלה דאק זוג בניחוח רענן,יחידה,2.00,יחידה,false,24,11.90,5.9500,true,1,26045
8690784711777,false,דאק סבון אקטיבי בתוספת אקונומיקה מקציפה בניחוח ים,דאופלור אס.פי.אי כונ,PL,סבון אסלה דאק אקונומיקה מקציפה פי 4 ים,יחידה,1.00,יחידה,false,24,8.90,8.9000,true,1,28503
8691451018335,false,"דבק בעט סופר גלו גל לוקטייט, כשרות עטרה, 4 גרם",,IE,דבק סופר גלו גל לוקטייט בעט,Unknown,0.00,Unknown,false,6,24.90,0.0000,true,1,31844
8691530924670,false,סירופ רימונים נאטרסן345ג,נטורסן,TR,סירופ רימונים 345 מל נטורסן,ליטרים,1.00,ליטר,false,1,16.90,16.9000,true,1,21663
8691530924687,false,"רכז רימונים טבעי 1 ק""ג",נטורסן,,סירופ רימונים 1 ל נטורסן,ליטרים,1.00,ליטר,false,1,39.90,39.9000,true,1,21662
8691588090204,false,רכז רימונים אורגני,,TR,רכז רימונים אורגני 350גר יורופוד,מיליליטרים,350.00,"100 מ""ל",false,12,24.90,7.1143,true,1,30067
8693323085100,false,גומי יוגטה שטיחים חמוצים טעם פירות 100 ג,יוגטה yogueta,TR,גומי שטיח יוגטה פירות 100 גר,גרמים,100.00,100 גרם,false,1,4.90,4.9000,true,1,24492
8693495037853,false,זוג מברשות שיניים קולגייט סלים סופט זהב,הנסיך- מפעל לייצור ט,CN,זוג מברשת שיניים סלים סופט,יחידה,2.00,יחידה,false,1,29.90,14.9500,true,1,10359
8693495041461,false,קולגייט זוג מברשות שיניים סלים סופט פחם,הנסיך- מפעל לייצור ט,CN,זוג מברשת שיניים סלים סופט פחם,יחידה,2.00,יחידה,false,1,29.90,14.9500,true,1,11964
8693495051002,false,קולגייט מברשת שיניים מיניונים 6+ לילדים,קולגייט פלמוליב,CN,מברשת שיניים קולגייט מיניונים 6פלוס,יחידה,1.00,יחידה,false,1,11.90,11.9000,true,1,19357
8693495051255,false,מברשת שיניים סלים סופט זהב קולגייט זוג,קולגייט - פלמוליב,CN,מברשת שיניים קולגייט זוג סלים סופט זהב,יחידה,2.00,יחידה,false,1,34.90,17.4500,true,1,19711
8693495052931,false,זוג מברשות שיניים אדוונסט 360 לניקוי כל חלל הפה,קולגייט פלמוליב,CN,מברשת שיניים קולגייט זוג 360 אדוונס,יחידה,2.00,יחידה,false,12,25.90,12.9500,true,1,28549
8693495054034,false,פלמוליב ס.נוזלי לומינוס אבוקדו 750 משאבה,קולגייט פלמוליב,TR,אלסבון פלמוליב משאבה לומינוס אבוקדו750מל,מיליליטרים,750.00,"100 מ""ל",false,1,16.90,2.2533,true,1,45703
8693495054058,false,פלמוליב ס.נוזלי לומינוס מקדמיה 750 משאבה,קולגייט פלמוליב,TR,אלסבון פלמוליב משאבה לומינוס מקדמיה750מל,מיליליטרים,750.00,"100 מ""ל",false,1,16.90,2.2533,true,1,45704
8693804012519,false,עלי בצק פילו טורקי יופקה 500 גרם,פרינסיס און וה אונלו,TR,עלי בצק פילו יופקה 500 גרם,גרמים,500.00,100 גרם,false,12,15.90,3.1800,true,1,33126
8693804012533,false,עלי בצק פילו טורקי י,פרינסיס און וה אונלו,TR,עלי בצק פילו יופקה 1 קג,קילוגרמים,1.00,"ק""ג",false,12,29.90,29.9000,true,1,33125
8697040109910,false,אסותא קר ג'ל רחצה פי,,,גל רחצה אסותא 700מל פירות יער,מיליליטרים,700.00,"100 מ""ל",false,12,8.90,1.2714,true,1,37153
8697040109927,false,אסותא גל רחצה שוקולד,,,גל רחצה אסותא 700מל שוקולד,מיליליטרים,700.00,"100 מ""ל",false,12,8.90,1.2714,true,1,37154
8697040109934,false,אסותא גל רחצה קוקוס,,,גל רחצה אסותא 700מל קוקוס,מיליליטרים,700.00,"100 מ""ל",false,12,8.90,1.2714,true,1,37155
8697040109941,false,אסותא גל רחצה ורדים,,,גל רחצה אסותא 700מל ורדים,מיליליטרים,700.00,"100 מ""ל",false,12,8.90,1.2714,true,1,37156
8697418280111,false,עלי טורטייה 25 סמ 840 גרם LAVALIA,פרינסיס און וה אונלו,TR,עלי טורטייה 840 גר 25 סמ,גרמים,840.00,100 גרם,false,12,23.90,2.8452,true,1,4644
8697418280128,false,עלי טורטייה 20 סמ 540 גרם LAVALIA,פרינסיס און וה אונלו,TR,עלי טורטייה לה וליה 540 גר 20סמ,גרמים,540.00,100 גרם,false,12,21.90,4.0556,true,1,5061
8697418280173,false,עלי טורטייה מחיטה מלאה 840 גרם LAVALIA,פרינסס גידה,TR,עלי טורטייה חיטה מלאה לה וליה 840 גרם,גרמים,840.00,100 גרם,false,12,24.90,2.9643,true,1,5063
8697418280180,false,עלי טורטייה 360 גר LAVALIA,פרינסיס און וה אונלו,TR,עלי טורטיה לה וילה 360 גרם 30 יח,גרמים,360.00,100 גרם,false,12,14.90,4.1389,true,1,21752
8697418280333,false,שערות קדאיף מיובשות 500 גרם,פרינסיס און וה אונלו,TR,שערות קדאיף יבש לואליה 500 גר,גרמים,500.00,100 גרם,false,12,19.90,3.9800,true,1,21862
8697418280487,false,עלי טורטייה קמח תירס 20 סמ 540 ג LAVALIA,פרינסיס און וה אונלו,TR,עלי טורטיה קמח תירס לה ויליה 540 גרם,גרמים,540.00,100 גרם,false,12,21.90,4.0556,true,1,40509
8697431460064,false,קונפיטורה משמש 70% פרי פרופה 454 גר',פרוטנגו Fruitango,,קונפ.משמש 70% פרי 450 גר,גרמים,450.00,100 גרם,false,1,12.90,2.8667,true,1,2161
8697431460217,false,קונפיטורה 70% תפוזים 450 ג' FRUPPA,פרוטנגו Fruitango,,קונפ.תפוזים 70% פרי 450 גר,גרמים,450.00,100 גרם,false,1,12.90,2.8667,true,1,2870
8697431460378,false,קונפיטורה 70% שזיף פרופה 450 גרם,פרוטנגו Fruitango,,קונפ.שזיפים 70% פרי 450 גר,גרמים,450.00,100 גרם,false,1,12.90,2.8667,true,1,3046
8697431921718,false,קונפיטורה דובדבן חמוץ 70% פרי פרופה 454 גר',Barhan gida sanayi v,,קונפ.דובדבן חמוץ 70% פרי 450 גר,גרמים,450.00,100 גרם,false,1,12.90,2.8667,true,1,12529
8697659224035,false,מטהר אוויר AQUA אטק 400 מל,יעקובי,,מטהר אויר אקווה 400מל,מיליליטרים,400.00,"100 מ""ל",false,1,10.90,2.7250,true,1,17369
8697659224059,false,מטהר אוויר 400 מ'ל HOLIDAY,יעקובי,,מטהר אויר הולידיי 400מל,מיליליטרים,400.00,"100 מ""ל",false,1,10.90,2.7250,true,1,17368
8697659224066,false,מטהר אוויר 400 מ'ל TROPICAL,יעקובי,,מטהר אויר טרופיקל 400מל,מיליליטרים,400.00,"100 מ""ל",false,1,10.90,2.7250,true,1,17371
8697659225179,false,מטהר אוויר נענע פירות אדומים,יעקובי,TR,מטהר אויר עלי נענע פירות יער 250 מל,מיליליטרים,250.00,"100 מ""ל",false,1,12.90,5.1600,true,1,18418
8697659225186,false,"מטהר אוויר משב הכותנה יעקבי 250 מ""ל",כפרי בריא,TR,מטהר אויר משב הכותנה 250 מל,מיליליטרים,250.00,"100 מ""ל",false,1,12.90,5.1600,true,1,18416
8697659232733,false,"מבשם אריגים -פרש כותנה 425מ""ל",יעקובי,TR,מבשם אריגים 425 מל פרש כותנה,מיליליטרים,425.00,"100 מ""ל",false,1,14.90,3.5059,true,1,25297
8697659232788,false,"פרש&מור מבשם אריגים קצפת ותות שדה 425 מ""ל",יעקובי,,מבשם אריגים 425 מל בריח קצפת ותות שדה,מיליליטרים,425.00,"100 מ""ל",false,1,14.90,3.5059,true,1,30217
8697659232795,false,"פרש& מור מבשם אריגים מנטרל ריחות עישון 425 מ""ל",ATAK,TR,מבשם אריגים 425 מל מנטרל ריחות עישון,מיליליטרים,425.00,"100 מ""ל",false,1,14.90,3.5059,true,1,30218
8697659238124,false,"מטהר אוויר פרש& מור הכוכב האדום 400 מ""ל",,TR,מטהר אויר פרש אנד מור כוכב אדום 400מל,מיליליטרים,400.00,"100 מ""ל",false,12,19.90,4.9750,true,1,31841
8697659238131,false,"מטהר אוויר פרש& מור הכוכב הכחול 400 מ""ל",,TR,מטהר אויר פרש אנד מור כוכב כחול 400מל,מיליליטרים,400.00,"100 מ""ל",false,12,19.90,4.9750,true,1,31842
8697826469092,false,טורטיה קטנה שקדיה 540 גרם 12 יחידות,דין שיווק,TR,טורטיה טורטילס קטנה 12 יח 540 גרם,גרמים,540.00,100 גרם,false,1,10.90,2.0185,true,1,7461
8699250035041,false,"זיתים שחורים טבעיים יבשים 700 גרם ""תומר""",מנסווי גידה,TR,זית שחור יבש 700 גרם,גרמים,700.00,100 גרם,false,1,19.90,2.8429,true,1,22710
8699621150502,false,מיכל מילוי גז למצית,Unknown,,גז למילוי מצתים,יחידה,1.00,יחידה,false,1,9.90,9.9000,true,1,38889
8710103695714,false,בקבוק אוונט 260מל פו,פיליפס אוונט,GB,בקבוק אוונט 260מל פוליפרופילן חלב קלאסיק,יחידה,1.00,יחידה,false,1,34.90,34.9000,true,1,20913
8710103787402,false,פיליפס סכין וואן בלייד למכשיר ONE BLADE,פיליפס-גילוח,ID,סכין למכשיר עיצוב זיפים וואן בלייד,יחידה,1.00,יחידה,false,4,99.00,99.0000,true,1,39660
8710103811183,false,אוונט זוג מוצצים קלאסי 0-6 תכלת פסטל,פיליפס אוונט,GB,זוג מוצצי אוונט קלאסיק 0-6 בנים,יחידה,1.00,יחידה,false,1,34.90,34.9000,true,1,32266
8710243961533,false,אולד אמסטרדם חטיף בשקית 90 גרם,,NL,גבינת אולד אמסטרדם חטיף בשקית 90גר לבן,Unknown,0.00,Unknown,false,1,19.90,0.0000,true,1,39987
8710243962400,false,גבינת קרם אולד אמסטר,ווסטלנד,,גבינת קרם אולד אמסטרדם 125 גרם,גרמים,125.00,100 גרם,false,1,19.90,15.9200,true,1,12498
8710252130647,false,הבלה בלגיה-קונוס לגלידה 14יח 175 גר,,BE,ופל קונוס לגלידה האבלה 14 יח 175 גרם,גרמים,175.00,100 גרם,false,12,14.90,8.5143,true,1,51158
8710252138599,false,הבלה בלגיה-קעריות ופל לגלידה וקינוח 100ג,,BE,ופל קעריות לגלידה האבלה 100 גרם,גרמים,100.00,100 גרם,false,12,14.90,14.9000,true,1,51159
8710296166664,false,ברוסקטה שמן זית שום פנדרו 160 גרם,,ES,ברוסקטה פנדרו שמן זית 160 גרם,גרמים,160.00,100 גרם,false,10,9.90,6.1875,true,1,42794
8710296166688,false,ברוסקטה עגבניות פנדרו 160 גרם,,ES,ברוסקטה פנדרו שמן זית עגבניות 160 גרם,גרמים,160.00,100 גרם,false,10,9.90,6.1875,true,1,42795
8710418111213,false,עוגיות חמאה ברינק ספריטס הולנדי 400 גרם,CONTINENTAL BAKERIES,,עוגיות חמאה ברינק-ספריטס הולדי 400 גר,גרמים,400.00,100 גרם,false,1,10.00,2.5000,true,1,5616
8710428005755,false,תרכובת מזון לתינוקות על בסיס חלבון סויה איזומיל שלב 1,אבוט מעבדות רפואיות,NL,ת.חלב סימילק איזומיל 400 גר,גרמים,400.00,100 גרם,false,1,46.90,11.7250,true,1,22020
8710428005762,false,תרכובת מזון לתינוקות על בסיס חלבון סויה איזומיל טף שלב 2,"אבוט מעבדות רפואיות בע""מ",NL,ת.חלב סימילק איזומיל טף 400 גר,גרמים,400.00,100 גרם,false,1,46.90,11.7250,true,1,22021
8710428016348,false,אבקת משקה להשלמה תזונתית וניל 400 ג' פדיאשור,אבוט מעבדות רפואיות,NL,אבקת פדיאשור וניל 400 גרם,גרמים,400.00,100 גרם,false,1,49.90,12.4750,true,1,37182
8710428016355,false,אבקת משקה להשלמה תזונתית שוקו 400 ג' פדיאשור,אבוט מעבדות רפואיות,NL,אבקת פדיאשור שוקולד 400 גרם,גרמים,400.00,100 גרם,false,1,49.90,12.4750,true,1,37181
8710437003513,false,סירופ פנקייק קלאסי,Van gilse,,סירופ פנקייק קלאסי ואן גילס 600 גר,גרמים,600.00,100 גרם,false,6,19.90,3.3167,true,1,19115
8710437003520,false,סירופ קרמל ואן גילס,Van gilse,,סירופ קרמל ואן גילס 600 גר,גרמים,600.00,100 גרם,false,6,19.90,3.3167,true,1,50104
8710447211052,false,טרזמה בוטניק שמפו להזנה ושיקום 400 מל,יוניליוור פולין,PL,שמפו טרזמה בוטניק 400מל,מיליליטרים,400.00,"100 מ""ל",false,6,17.90,4.4750,true,1,26017
8710447224311,false,מרכך בוטניק בתוספת שמן קוקוס ואלוורה,יוניליוור פולין,PL,מרכך טרזמה בוטניק 400מל,מיליליטרים,400.00,"100 מ""ל",false,6,17.90,4.4750,true,1,26019
8710447275306,false,דאב קרם ידיים שמן אבוקדו ותמצית קלנדולה,"יוניליוור פולין, רחוב קר",PL,קרם ידיים דאב 75 מל שמן אבוקדו,מיליליטרים,75.00,"100 מ""ל",false,1,10.90,14.5333,true,1,28209
8710447275313,false,דאב קרם ידיים שמן קוקוס וחלב שקדים,"יוניליוור פולין, רחוב קר",PL,קרם ידיים דאב 75 מל שמן קוקוס,מיליליטרים,75.00,"100 מ""ל",false,1,10.90,14.5333,true,1,28210
8710447320662,false,דאודורנט ספריי בניחוח אפרסק ולימון ללא אלומיניום,"פרמול איטליה, קומון",GB,דאו. דאב ספריי ללא אלומיניום אפרסק 150מל,מיליליטרים,150.00,"100 מ""ל",false,1,16.90,11.2667,true,1,32360
8710447331095,false,טרזמה בוטניק מסכה לשיער 300 מל,יוניליוור פולין,PL,מסכת שיער טריזמה בוטניק 300מל,מיליליטרים,300.00,"100 מ""ל",false,1,29.90,9.9667,true,1,25971
8710448562283,false,מיונז הולנדי רמייה צ,,,מיונז הולנדי רמייה צנצנת 500 מל,מיליליטרים,500.00,"100 מ""ל",false,1,13.90,2.7800,true,1,16603
8710448569879,false,מיונז הולנדי לחיץ 750 גרם,רמייה,,מיונז הולנדי לחיץ750 מל,מיליליטרים,750.00,"100 מ""ל",false,1,20.00,2.6667,true,1,15984
8710448580089,false,מיונז אמיתי הולנדי 500מל,רמייה,NL,מיונז הולנדי רמייה לחיץ 500 גר,גרמים,480.00,100 גרם,false,1,11.90,2.4792,true,1,15985
8710448583561,false,רוטב צ'יפס הולנדי 523מל,רמייה,NL,רוטב מיו ציפס רמייה הולנדי 500 מל,מיליליטרים,500.00,"100 מ""ל",false,1,12.90,2.5800,true,1,20305
8710448588740,false,רוטב חרדל דבש רמייה 500 גר,וואן האוטן,NL,רוטב חרדל ודבש רמייה 500מל,מיליליטרים,500.00,"100 מ""ל",false,1,13.90,2.7800,true,1,19159
8710448588764,false,רוטב לסלט שום ועשבי תיבול רמייה 500 גר,רמייה,NL,רוטב רמייה עשבי תיבול לסלט 500 מל,מיליליטרים,500.00,"100 מ""ל",false,600,11.90,2.3800,true,1,34558
8710448588771,false,"רוטב איטלקי לסלט 500 מ""ל רמייה",וואן האוטן,,רוטב איטלקי לסלט רמייה 500 מל,מיליליטרים,500.00,"100 מ""ל",false,1,11.90,2.3800,true,1,14036
8710448588788,false,"רוטב קיסר 500 מ""ל רמייה",רמייה,NL,רוטב רמייה קיסר 500 מל לחיץ,מיליליטרים,500.00,"100 מ""ל",false,6,13.90,2.7800,true,1,36959
8710448595175,false,"רוטב מעושן 450 מ""ל BLACEJACK",רמייה,,רוטב ברביקיו רמייה מעושן 450 גר,גרמים,450.00,100 גרם,false,1,17.90,3.9778,true,1,14582
8710448595182,false,"רוטב ברביקיו מעושן דבש 500 מ""ל DALTON",רמייה,NL,רוטב ברביקיו רמייה דבש מעושן 450 מל,מיליליטרים,450.00,"100 מ""ל",false,1,17.90,3.9778,true,1,30651
8710448595199,false,"רוטב הוט צילי מעושן 450 מ""ל BOSS",רמייה,NL,רוטב ברביקיו רמייה צילי חריף 450 גר,גרמים,450.00,100 גרם,false,1,17.90,3.9778,true,1,14583
8710448595847,false,"רוטב בלו ציז רמיה 250 מ""ל",רמייה,NL,רוטב רמייה בלו ציז 250 מל,מיליליטרים,250.00,"100 מ""ל",false,6,14.90,5.9600,true,1,50010
8710448634669,false,רוטב מיו פיקנטי אנדל,רמייה,NL,רוטב מיו פיקנטי אנדלוס גאודס 650 מל,מיליליטרים,650.00,"100 מ""ל",false,6,19.90,3.0615,true,1,41833
8710448634744,false,רוטב תאילנדי סריראצה,,NL,רוטב תאילנדי סרירצה 265 מל ילדריז,מיליליטרים,265.00,"100 מ""ל",false,6,12.90,4.8679,true,1,36966
8710448635239,false,מיונז כמהין רמייה לח,אהק בי.וקולברד,BE,מיונז כמהין רמיה לחיץ 300 מל,גרמים,300.00,100 גרם,false,12,14.90,4.9667,true,1,37236
8710448636540,false,רוטב סאטה רמייה 290,רמייה,,רוטב סאטה רמייה 290 מל,מיליליטרים,290.00,"100 מ""ל",false,1,10.90,3.7586,true,1,37394
8710448636977,false,"קטשופ הולנדי מופחת סוכר ומלח 500 מ""ל",רמייה,NL,קטשופ רמייה מופחת סוכר ומלח 500 מל,מיליליטרים,500.00,"100 מ""ל",false,1,9.90,1.9800,true,1,39310
8710448638131,false,מיונז גאודסמופחת שומ,,,מיונז גאודס מופחת שומן הולנדי 750 מל,מיליליטרים,750.00,"100 מ""ל",false,1,17.90,2.3867,true,1,50943
8710448638162,false,מיונז גאודס הולנדי,,,מיונז גאודס הולנדי 750 מל,מיליליטרים,750.00,"100 מ""ל",false,1,21.90,2.9200,true,1,50945
8710448680376,false,רוטב מיו ספייסי סמור,רמייה,NL,רוטב מיו ספייסי סמוראי גאודס 650 מל,מיליליטרים,650.00,"100 מ""ל",false,6,19.90,3.0615,true,1,41835
8710448692737,false,קטשופ רמיה הולנדי לח,רמייה,NL,קטשוף רמיה הולנדי לחיץ 300 מל,מיליליטרים,300.00,"100 מ""ל",false,6,7.90,2.6333,true,1,36996
8710448692744,false,קטשופ קארי רמייה 300 גר,רמייה,NL,קטשוף רמיה קארי לחיץ 300 מל,מיליליטרים,300.00,"100 מ""ל",false,6,7.90,2.6333,true,1,36997
8710479306009,false,תערובת לפופר הולנדי 400 גרם,"אמספורד ד""ר אוטקר קופמן",NL,תערובת להכנת פופר הולנדי 400 גר,גרמים,400.00,100 גרם,false,1,16.50,4.1250,true,1,8661
8710488190439,false,כרוב כבוש לבן מובחר 850 גרם,,,כרוב כבוש לבן מובחר 850 גר קרמר,גרמים,850.00,100 גרם,false,1,10.90,1.2824,true,1,15547
8710488190811,false,כרוב כבוש לבן מובחר,,NL,כרוב כבוש לבן מובחר 580 גר קרמר,גרמים,580.00,100 גרם,false,1,9.90,1.7069,true,1,33716
8710496503986,false,דה רויטל - פירורי שוקולד מריר 400 גר,De ruijter,,פצפוצי שוקולד מריר 400 גר,גרמים,400.00,100 גרם,false,1,22.90,5.7250,true,1,6342
8710502064814,false,עוגיות מרבה שוקולד ציפס במרקם רך 175 גר,בנקטבקריי מרבה בי.וי,NL,עוגיות שוקוציפס מרבה רכות 175גר,גרמים,175.00,100 גרם,false,1,9.90,5.6571,true,1,13612
8710502139017,false,עוגיות מרבה טריפל שוקולד שוקוצ'יפס 180ג',בנקטבקריי מרבה בי.וי,NL,עוגיות שוקוציפס מרבה טריפל 180 גר,גרמים,180.00,100 גרם,false,1,9.90,5.5000,true,1,6381
8710502194801,false,"עוגיות שוקלד ציפס רכה פירות יער ""מרבה"" 175 גרם",בנקטבקריי מרבה בי.וי,NL,עוגיות שוקוציפס מרבה פירות יער 175 גר,גרמים,175.00,100 גרם,false,1,9.90,5.6571,true,1,16527
8710502279010,false,מרבה עוגיות שוקולד צ'יפס מצופות שוקולד 175 גרם,"י.מרבה ישראל בע""מ",NL,עוגיות שוקוציפס מרבה מצופות 175 גר,גרמים,175.00,100 גרם,false,22,9.90,5.6571,true,1,37204
8710502405204,false,עוגיות שוקולד צ'יפס עם קרם שוקולד מרבה 175 גרם,קריניציה ויטמינה אס,NL,עוגיות שוקוציפס מרבה קרם שוקולד175 גר,גרמים,175.00,100 גרם,false,1,9.90,5.6571,true,1,9112
8710502470028,false,עוגיות שוקולד צ'יפס ממולאות בקרם נוגט,"מרבה בע""\מ",NL,עוגיות שוקוציפס מרבה נוגטלי 160 גר,גרמים,160.00,100 גרם,false,1,9.90,6.1875,true,1,7794
8710522893821,false,ממרח מיונז שום טבעונ,,,ממרח מיונז שום טבעוני 270 גר הלמנס,מיליליטרים,270.00,"100 מ""ל",false,1,19.90,7.3704,true,1,46097
8710522957769,false,"מיונז בלגי בצנצנת קאלווה 650 מ""ל",יוניליוור,NL,מיונז קאלווה בלגי 650 גרם צנצנת,מיליליטרים,650.00,"100 מ""ל",false,12,19.90,3.0615,true,1,47419
8710552274614,false,שמפו קצף לנ.שטיחים וניש קליה גולד 600 מל,קליה וניש Kalia Vanish,GB,קצף לניקוי שטיחים ואריגים וניש גולד600מל,מיליליטרים,600.00,"100 מ""ל",false,6,18.90,3.1500,true,1,24061
8710625522109,false,ליקר קוואי פה ליצי 7,צויה,NL,ליקר קוואי פה ליצי 700 מל,מיליליטרים,700.00,"100 מ""ל",false,12,89.90,12.8429,true,1,27915
8710625524707,false,ליקר אפרסק פיצטרי 70,,,ליקר אפרסק פיצטרי 700 מל,מיליליטרים,700.00,"100 מ""ל",false,6,79.90,11.4143,true,1,28483
8710631018221,false,לימונצילו פיוריטו 50,,NL,לימונצינו פיוריטו 500 מל,מיליליטרים,500.00,"100 מ""ל",false,6,89.00,17.8000,true,1,27582
8710649000751,false,BOIIETJE לחם פופמרניקל 500 גר,בולטייה,,לחם שיפון פומפרניקל בולטייה 500 גר,גרמים,500.00,100 גרם,false,1,13.50,2.7000,true,1,33722
8710800027573,false,סוכריות מיני בטעם פירות מנטוס 178 גרם,פרפטי ואן מלה ברדה,NL,סוכ.מיני מנטוס פירות 178 ג שקית,גרמים,178.00,100 גרם,false,1,12.90,7.2472,true,1,1701
8710800961310,false,סוכריות בטעם תות מנטוס 4*375 גרם,פרפטי ואן מלה ברדה,NL,מארז 4 יח סוכריות מנטוס תות,יחידה,4.00,יחידה,false,1,11.50,2.8750,true,1,1702
8710812001844,false,ריבת מיקס פירות ביתי,,,ריבת מיקס פירות ביתית 450 גר,גרמים,450.00,100 גרם,false,1,12.00,2.6667,true,1,41054
8710812011102,false,ריבת תות שדה ביתית 450 גרם,,,ריבת תות שדה ביתית 450 גר,גרמים,450.00,100 גרם,false,1,12.00,2.6667,true,1,11242
8710812011126,false,ריבת דובדבנים ביתית 450 גרם,,,ריבת דובדבנים ביתית 450 גר,גרמים,450.00,100 גרם,false,1,12.00,2.6667,true,1,11605
8710812011171,false,ריבת פטל שחור ביתית,,,ריבת פטל שחור ביתית 450 גר,גרמים,450.00,100 גרם,false,1,13.90,3.0889,true,1,35414
8710847860829,false,"רקסונה - דאודורנט רול און לאישה כותנה 50 מ""ל",יוניליוור פארם,GB,דאודורנט רקסונה רול און כותנה 50מל,Unknown,0.00,Unknown,false,6,19.90,0.0000,true,1,30710
8710847860843,false,"רקסונה - דאודורנט רולאון לאישה אינביזיבל 50 מ""ל",יוניליוור אנגליה,GB,דאודורנט רקסונה רול און אינביזיבל 50מל,Unknown,0.00,Unknown,false,6,19.90,0.0000,true,1,30709
8710847942679,false,טרזמה שמפו לשיער יבש בתוספת שמן המפ,יוניליוור,PL,שמפו טרזמה המפ 400מל,מיליליטרים,400.00,"100 מ""ל",false,6,17.90,4.4750,true,1,40352
8710847942693,false,טרזמה מרכך לשיער יבש שמן המפ 400 מל,יוניליוור,PL,מרכך טרזמה המפ 400מל,מיליליטרים,400.00,"100 מ""ל",false,6,17.90,4.4750,true,1,40353
8710847973970,false,"תחליב רחצה דאב אלוורה מי עץ שדר, 750 מ""ל","יוניליוור גרמניה, Gmbh &",DE,סבון נוזלי דאב 750מל אלוורה ועץ שדר,מיליליטרים,750.00,"100 מ""ל",false,1,17.90,2.3867,true,1,37485
8710908160226,false,מרכך טרזמה לפני חפיפה500,יוניליוור פולין,IL,מרכך טריזמה לפני חפיפה לנפח 500 מל,מיליליטרים,500.00,"100 מ""ל",false,1,19.90,3.9800,true,1,17335
8710908326691,false,"תחליב רחצה פרח האדמונית דאב 750 מ""ל",יוניליוור גרמניה (בו,DE,סבון נוזלי דאב אדמונית 750 מל,מיליליטרים,750.00,"100 מ""ל",false,1,17.90,2.3867,true,1,16018
8710908404184,false,"דאב - דאודורנט ספריי לאישה אורגינל 0% אלומיניום 150 מ""ל","פרמול איטליה, קומון",GB,דאו. דאב ספריי ללא אלומיניום אורגינל 150,מיליליטרים,150.00,"100 מ""ל",false,1,16.90,11.2667,true,1,32361
8711000362570,false,קפסולות קפה תואמות נספרסו פורזה 9 ל'אור 10 יחידות,גיקובס דאו אגברטס צר,FR,קפסולות אספרסו לור 9 מלא 10 יח,יחידה,10.00,יחידה,false,10,19.90,1.9900,true,1,29004
8711000362617,false,לור קפסולות קפה אספרסו לונגו פרופונדו 8,ג'\קובס דאו אגברטס צרפת,FR,קפסולות אספרסו לור 8 עוצמתי 10 יח,יחידה,10.00,יחידה,false,10,19.90,1.9900,true,1,29006
8711000362631,false,קפסולות קפה תואמות נספרסו אוניקס 12 ל'אור 10 יחידות,גיקובס דאו אגברטס צרפת,FR,קפסולות אספרסו לור 12 מריר 10 יח,יחידה,10.00,יחידה,false,10,19.90,1.9900,true,1,29002
8711000362655,false,לור קפסולות קפה אספרסו אבסולו 9,"ג'\ייקובס דאו אגרבטס, צר",FR,קפסולות אספרסו לור9אינטנסיטי 10 יח,יחידה,10.00,יחידה,false,10,19.90,1.9900,true,1,36757
8711000362679,false,קפסולות קפה תואמות נספרסו קולומביה 8 ל'אור 10 יחידות,ג'\ייקובס דאו אגרבטס צרפ,FR,קפסולות אספרסו לור קולומביה 10 יח,יחידה,10.00,יחידה,false,10,19.90,1.9900,true,1,29026
8711000362747,false,קפסולות קפה תואמות נספרסו ריסטרטו 11 ל'אור 10 יחידות,גיקובס דאו אגברטס צרפת,FR,קפסולות אספרסו לור 11 אגוזי 10 יח,יחידה,10.00,יחידה,false,10,19.90,1.9900,true,1,29003
8711000431108,false,לור קפסולות קפה אספרסו הודו 52 גר,"ג'\ייקובס דאו אגרבטס, צר",FR,קפסולות אספרסו לור הודו 10 יח,יחידה,10.00,יחידה,false,10,19.90,1.9900,true,1,29028
8711000471296,false,קפסולות קפה תואמות נספרסו אולטימו 13 ל'אור 10 יחידות,ג'\ייקובס דאו אגרבטס צרפ,FR,קפסולות אספרסו לור13אולטימו 10 יח,יחידה,10.00,יחידה,false,10,19.90,1.9900,true,1,33847
8711151034500,false,ממרח תפוחי עץ טבעי ה,B.V SLUISGE,NL,ממרח תפוחי עץ טבעי הולנדי 450 גר,גרמים,450.00,100 גרם,false,1,9.50,2.1111,true,1,6343
8711200389186,false,ממרח מיונז בטעם טבעי,,,ממרח מיונז בטעם טבעי טבעוני 270 גר,מיליליטרים,270.00,"100 מ""ל",false,1,19.90,7.3704,true,1,46096
8711200425990,false,חמאת בוטנים חלקה 350 גר Calve,יוניקורן פיקלס,NL,חמאת בוטנים קאלווה חלקה ללא סוכר 350 גר,גרמים,350.00,100 גרם,false,1,15.90,4.5429,true,1,30165
8711200443789,false,"חרדל גרגרים בבקבוק לחיץ 235 מ""ל",מיילי,FR,חרדל מאילי דיזון לחיץ גרגירים235 מל,מיליליטרים,235.00,"100 מ""ל",false,8,15.90,6.7660,true,1,26837
8711200443802,false,"חרדל דיזון בבקבוק לחיץ 235 מ""ל",מיילי,FR,חרדל מאילי דיזון לחיץ 235 מל,מיליליטרים,235.00,"100 מ""ל",false,8,15.90,6.7660,true,1,26836
8711200484874,false,"רוטב חרדל דבש בקבוק קאלווה 450 מ""ל",יוניליוור,NL,חרדל ודבש קאלווה לחיץ 450 מל,מיליליטרים,450.00,"100 מ""ל",false,12,24.90,5.5333,true,1,47423
8711271101014,false,ממרח פיקללי מקורי קש,,NL,ממרח פיקללי מקורי קשבאק 370 מל,מיליליטרים,370.00,"100 מ""ל",false,6,14.90,4.0270,true,1,40414
8711271101229,false,בצלי אמסטרדם קשבאק 3,,NL,בצלי אמסטרדם קשבאק 370 מל,מיליליטרים,370.00,"100 מ""ל",false,6,14.90,4.0270,true,1,50095
8711271101595,false,בצלי אמסטרדם קשבאק 3,,NL,בצלי אמסטרדם קשבאק 370 מל,מיליליטרים,370.00,"100 מ""ל",false,6,14.90,4.0270,true,1,40415
8711271105159,false,מלפפון חמוץ פרוסות ק,,NL,מלפפון חמוץ פרוסות קאשבאק 550 מל,מיליליטרים,550.00,"100 מ""ל",false,6,19.90,3.6182,true,1,50269
8711271107955,false,מלפפון חמוץ קוביות ק,,NL,מלפפון חמוץ קוביות קאשבאק 370 מל,מיליליטרים,370.00,"100 מ""ל",false,6,14.90,4.0270,true,1,50012
8711271109713,false,מלפפון חמוץ רצועות ק,,NL,מלפפון חמוץ רצועות קאשבאק 550 מל,מיליליטרים,550.00,"100 מ""ל",false,6,19.90,3.6182,true,1,50094
8711281013345,false,חרדל הולנדי מקורי גרגירים 335 גרם,מוסטאד מולן דה האוסמ,NL,חרדל הולנדי הוייסמן גרגרים 335 גר,גרמים,335.00,100 גרם,false,1,11.90,3.5522,true,1,20095
8711281023344,false,חרדל הולנדי מקורי חלק קרמי 335 גרם,מוסטאד מולן דה האוסמ,NL,חרדל הולנדי הוייסמן חלק 335 גר,גרמים,335.00,100 גרם,false,1,11.90,3.5522,true,1,20096
8711327475618,false,"מגנום פיינט וניל קלאסיק 440 מ""ל","מפעל גלידות בווספרם, רחו",HU,גלידה מגנום פיינט וניל קלאסיק 260גר,גרמים,260.00,100 גרם,false,8,21.90,8.4231,true,1,37651
8711327475663,false,מגנום פיינט וניל שוקולד לבן 260 גרם,"מפעל גלידות בווספרם, רחו",HU,גלידה מגנום פיינט וניל שוקולד לבן 260גר,גרמים,260.00,100 גרם,false,8,21.90,8.4231,true,1,37650
8711327475717,false,מגנום פיינט וניל שקדים 260 גרם,"מפעל גלידות בווספרם, רחו",HU,גלידה מגנום פיינט וניל שקדים 260גר,גרמים,260.00,100 גרם,false,8,21.90,8.4231,true,1,37652
8711327475762,false,"מגנום פיינט שוקולד לבן עוגיות 440 מ""ל","מפעל גלידות בווספרם, רחו",HU,גלידה מגנום פיינט שוקולד לבן עוגיות260גר,גרמים,260.00,100 גרם,false,8,21.90,8.4231,true,1,37653
8711351010113,false,גלידה רפאלו סורבה קו,יעקב בן יקר ובניו.,,גלידה סורבה קוקוס 750 מל,גרמים,750.00,100 גרם,false,1,24.90,3.3200,true,1,2144
8711351010120,false,גלידה רפאלו סורבה אנ,,,גלידה סורבה אננס 750 מל,גרמים,750.00,100 גרם,false,1,24.90,3.3200,true,1,2665
8711351010137,false,"גלידה סורבה מנגו 750 מ""ל",יעקב בן יקר ובניו.,,גלידה סורבה מנגו 750 מל,גרמים,750.00,100 גרם,false,1,24.90,3.3200,true,1,2143
8711351010151,false,גלידה סורבה וניל חלב,,,גלידה סורבה וניל חלבי 750 מל,גרמים,750.00,100 גרם,false,1,24.90,3.3200,true,1,2142
8711351010182,false,גלידה סורבה פסיפלורה,יעקב בן יקר ובניו.,,גלידה סורבה פסיפלורה 750 מל,גרמים,750.00,100 גרם,false,1,24.90,3.3200,true,1,2145
8711351010199,false,גלידה רפאלו סורבה פי,יעקב בן יקר ובניו.,,גלידה סורבה פירות יער 750 מל,גרמים,750.00,100 גרם,false,1,24.90,3.3200,true,1,3158
8711351010205,false,"גלידה סורבה תות 750 מ""ל",,,גלידה סורבה תות 750 מל,גרמים,750.00,100 גרם,false,1,24.90,3.3200,true,1,2140
8711528211138,false,גבינת גאודה עיזים במ,הנרי ויליך,NL,גבינת גאודה עיזים במשקל,קילוגרמים,1.00,"ק""ג",true,,169.00,169.0000,true,1,1944
8711700665834,false,סבון מוצק ניחוח מלפפון תה ירוק דאב 600 גרם מארז 6 יחידות,יוניליוור גרמניה (בו,DE,סבון מוצק דאב מלפפון 6 יח 100 גר,גרמים,600.00,100 גרם,false,1,19.90,3.3167,true,1,9297
8712000051099,false,"שישיית בירה היינקן 0% אלכוהל בקבוק 330 מ""ל","מבשלת היינקן, ריטבלדנברג",NL,מארז 6יח בירה היינקן 0% 330מל בק.פקדון,ליטרים,1.98,ליטר,false,4,32.90,16.6162,true,1,28231
8712100739231,false,תה פיגי 40שקיקים פרמ,,GB,תה פיגי 40שקיקים פרמידה 116 גר,גרמים,116.00,100 גרם,false,12,19.90,17.1552,true,1,13659
8712400717984,false,נוטרילון קומפורט תרכובת מזון מגיל לידה,נוטרישה-נוטרילון,NL,תחליף חלב נוטרלין קומפורט400 גר,גרמים,400.00,100 גרם,false,1,45.00,11.2500,true,1,17917
8712400718073,false,נוטרילון A.R תרכובת מזון מגיל לידה,נוטרישה-נוטרילון,NL,תחליף חלב נוטרלין אנטי ריפלוקס 400גרם,גרמים,400.00,100 גרם,false,1,49.90,12.4750,true,1,19808
8712400802499,false,תרכובת מזון המשך לפעוטות על בסיס חלב שלב 1,נוטרישיה קאלק ב. ו.,NL,תחליף חלב נוטרלין שלב 1 800 גר,גרמים,800.00,100 גרם,false,1,65.90,8.2375,true,1,8810
8712400802512,false,תרכובת מזון המשך לפעוטות על בסיס חלב שלב 2,נוטרישיה קאלק ב. ו.,NL,תחליף חלב נוטרלין שלב 2 800 גר,גרמים,800.00,100 גרם,false,1,65.90,8.2375,true,1,8811
8712400802536,false,תרכובת מזון המשך לפעוטות על בסיס חלב שלב 3,נוטרישיה קאלק ב. ו.,NL,תחליף חלב נוטרלין שלב 3 800 גר,גרמים,800.00,100 גרם,false,1,65.90,8.2375,true,1,8812
8712514091949,false,לקריץ מינק הולנדי בט,,NL,לקריץ מינק הולנדי בטעמים 225 גרם,גרמים,225.00,100 גרם,false,12,16.90,7.5111,true,1,40988
8712514092304,false,מינק לקריץ הולנדי בציפוי פריך 225 גרם,,NL,לקריץ מינק הולנדי ציפוי פריך 225 גרם,גרמים,225.00,100 גרם,false,12,16.90,7.5111,true,1,40989
8712514092342,false,מינק לקריץ הולנדי במילוי מלוח 225 גרם,,NL,לקריץ מינק הולנדי מלוח 225 גרם,גרמים,225.00,100 גרם,false,12,16.90,7.5111,true,1,40987
8712561594608,false,"דאב תחליב רחיצה להזנה עמוקה 750 מ""ל","יוניליוור גרמניה, Gmbh &",DE,סבון נוזלי דאב הזנה עמוקה 750 מל,מיליליטרים,750.00,"100 מ""ל",false,1,17.90,2.3867,true,1,13433
8712561611411,false,"תחליב רחצה בניחוח מלפפון ותה ירוק דאב 750 מ""ל","יוניליוור גרמניה, Gmbh &",DE,סבון נוזלי דאב מלפפונים 750 מל,מיליליטרים,750.00,"100 מ""ל",false,1,17.90,2.3867,true,1,13434
8712561626286,false,"תחליב רחצה דאב זוהר כמשי 750 מ""ל",יוניליוור גרמניה (בו,DE,סבון נוזלי דאב זוהר כמשי 750 מל,מיליליטרים,750.00,"100 מ""ל",false,1,17.90,2.3867,true,1,13435
8712561631570,false,"תחליב רחצה קוקוס ויסמין דאב 750 מ""ל",יוניליוור גרמניה (בו,DE,תחליב רחצה דאב חלב קוקוס 750 מל,מיליליטרים,750.00,"100 מ""ל",false,1,17.90,2.3867,true,1,13436
8712561676106,false,"וזלין ספריי קוקוס 190מ""ל",יוניליוור,PT,ספריי קרם גוף וזלין קקאו 190 מל,מיליליטרים,190.00,"100 מ""ל",false,1,29.90,15.7368,true,1,15098
8712561679503,false,ספריי פרפקטלי טרזמה 200מ,יוניליוור פולין,PL,ספריי מלח ים טריזמה פרפקטלי 200מל,מיליליטרים,200.00,"100 מ""ל",false,1,29.90,14.9500,true,1,17340
8712561692533,false,וזלין ספריי אלוורה 190מל,יוניליוור,PT,ספריי קרם גוף וזלין אלוורה 190 מל,מיליליטרים,190.00,"100 מ""ל",false,1,29.90,15.7368,true,1,15097
8713323093483,false,ורוד-גאודה הולנדי פרוס 150 גרם,ווסטלנד,NL,גבינת גאודה הולנדי 150גר פרוס ורוד,גרמים,150.00,100 גרם,false,1,14.90,9.9333,true,1,38183
8713323093490,false,ירוק- אדם הולנדי פרוס 150 גרם,ווסטלנד,NL,גבינת אדם הולנדי 150גר פרוס ירוק,גרמים,150.00,100 גרם,false,1,14.90,9.9333,true,1,38182
8713323093506,false,כחול- מאסדם הולנדי פרוס 150 גרם,ווסטלנד,NL,גבינת מאסדאם הולנדי 150גר פרוס כחול,גרמים,150.00,100 גרם,false,1,14.90,9.9333,true,1,38184
8713800129261,false,טופי לונקה פאדג קרמל,לונקה בי וי אוסטראוט,NL,פרלינים לונקה פאדג קרמל 180 גרם,גרמים,180.00,100 גרם,false,12,14.90,8.2778,true,1,28986
8714100402016,false,אטריות אורז 250 גרם MIHOEN,,,אטריות אורז מלא מיהון 250 גר,גרמים,250.00,100 גרם,false,1,11.90,4.7600,true,1,12473
8714100730003,false,מים מיסלרים מזינים לעור רגיל או יבש,יוניליוור,RU,מים מיסלרים דאב 240מל,מיליליטרים,240.00,"100 מ""ל",false,1,24.90,10.3750,true,1,29390
8714200207931,false,ונקו - ממתק לקריץ בטעם דבש 157 גרם,יושלם,NL,סוכריות לקריץ דבש168 גר,גרמים,168.00,100 גרם,false,12,7.90,4.7024,true,1,13794
8714200207962,false,ונקו -ממתק לקריץ בצורת חתולים 155 גרם,אחים מזרחי,NL,סוכריות לקריץ חתול 166 גר,גרמים,166.00,100 גרם,false,12,7.90,4.7590,true,1,13795
8714200208013,false,ונקו ממתק לקריץ בציפוי דרגה צבעוני 166 ג,אחים מזרחי,NL,סוכריות לקריץ אנטביטיקה 166 גר,גרמים,166.00,100 גרם,false,12,7.90,4.7590,true,1,13808
8714443620030,false,מרק ירקות אורגני 200 גרם,תות תעשיות מזון (201,NL,מרק ירקות אורגני 200 גר נטורפוד,גרמים,200.00,100 גרם,false,1,26.90,13.4500,true,1,16169
8714599410530,false,גייקובס קרונינג שקית רפיל 200 גרם,ג'יי.די.אי.,UA,קפה נמס גקובס 200גר שקית,גרמים,200.00,100 גרם,false,1,19.90,9.9500,true,1,19799
8714599410806,false,ג'ייקובס קרוננג מיובש בהקפאה 160 גרם סגירה חוזרת,ג'ייקובס Jacobs,RU,קפה נמס גקובס בשקית 160 גרם,גרמים,160.00,100 גרם,false,9,17.90,11.1875,true,1,36409
8714599412336,false,קפה נמס בריסטה אמריקנו קלוי וטחון 160 ג' ג'ייקובס,ג'\ייקובס דאו אגברטס רוס,RU,קפה נמס גקובס בריסטה אמריקנו 160 גרם,גרמים,160.00,100 גרם,false,1,27.90,17.4375,true,1,45175
8714599513781,false,"קפה נמס מיובש בהקפאה זהב צנצנת ג'ייקובס 200 גרם לל""ס",אל.אל. סי ג''יקובס דאו א,RU,קפה גקובס קרנט זהב מיובש 200 גר,גרמים,200.00,100 גרם,false,1,27.90,13.9500,true,1,15073
8714599513835,false,גי'קובס קרונונג נייט אנד דיי - נטול קופיאין,ג'ייקובס Jacobs,DE,קפה נמס גקובס נטול קפאין 200 גר,גרמים,200.00,100 גרם,false,1,34.90,17.4500,true,1,16434
8714599513866,false,"קפה נמס מיובש בהקפאה קרונג צנצנת ג'ייקובס 200 גרם לל""ס",אל.אל.סי גייקובס דאו,RU,קפה נמס גקובס קרונונג מיובש 200 גרם,גרמים,200.00,100 גרם,false,1,27.90,13.9500,true,1,15072
8714599630440,false,קפה נמס גקובס קרונונ,מונדליז,,קפה נמס גקובס קרונונג מיובש 270 גרם,גרמים,270.00,100 גרם,false,1,29.90,11.0741,true,1,51464
8714789177229,false,רבעיית מברשות שיניים קולגייט אקסטרה קלין 1 יחידה,הנסיך- מפעל לייצור ט,CN,מארז 4 מב.שיניים אקסטרא קלין,Unknown,0.00,Unknown,false,1,13.90,0.0000,true,1,5563
8714789218465,false,מברשת שיניים 360 סופט קולגייט 2 יחידות,הנסיך- מפעל לייצור ט,CN,זוג מב.שיניים קולגייט 360 יום סמול,יחידה,2.00,יחידה,false,1,32.90,16.4500,true,1,4872
8714789303925,false,מברשת שיניים 360 סנסטיב רכה במיוחד קולגייט 2 יחידות,קולגייט- פלמוליב,CH,זוג מב.שיניים קולגייט 360 יום סנסטיב,Unknown,0.00,Unknown,false,1,32.90,0.0000,true,1,6227
8714789402918,false,נוזל לניקוי כללי ורצפות בניחוח פרחי בר אג'קס 1.5 ליטר,הנסיך- מפעל לייצור ט,GR,נוזל לניקוי כללי אגקס אדום פרחים 1.5 ל,ליטרים,1.50,ליטר,false,1,16.90,11.2667,true,1,6371
8714789402932,false,נוזל לניקוי כללי ורצפות בניחוח ורדי בוקר אג'קס 1.5 ליטר,הנסיך- מפעל לייצור ט,GR,נוזל לניקוי כללי אגקס ורוד פרחים 1.5 ל,ליטרים,1.50,ליטר,false,1,16.90,11.2667,true,1,6372
8714789402970,false,נוזל לניקוי כללי ורצפות בניחוח פרחי אביב אגק'ס 1.5 ליטר,הנסיך- מפעל לייצור ט,GR,נוזל לניקוי כללי אגקס ירוק פרחים 1.5 ל,ליטרים,1.50,ליטר,false,1,16.90,11.2667,true,1,6373
8714789450315,false,פלמוליב נוזל כלים לימון 1.5 ליטר,הנסיך- מפעל לייצור ט,GR,נוזל כלים פלמוליב לימון שקוף 1.5 ל,ליטרים,1.50,ליטר,false,1,13.90,9.2667,true,1,6573
8714789529561,false,"משחת שיניים סנסטיב פרו ריליף להלבנה קולגייט 75 מ""ל",קולגייט-פלמוליב,BR,מש.קולגייט סנסיטיב פרו ריליף הלבנה75מל,מיליליטרים,75.00,"100 מ""ל",false,1,18.90,25.2000,true,1,8259
8714789582764,false,אג'קס ספריי לניקוי חלונות ומשטחים,קולגייט-פלמוליב,GR,מרסס אגקס חלונות טריגרם 750מל,מיליליטרים,750.00,"100 מ""ל",false,1,11.90,1.5867,true,1,12345
8714789797786,false,"פלמוליב נוזל לניקוי כלים גריז בלסטר 750 מ""ל",יבואן ומשווק: ש. שסט,GR,נוזל כלים פלמוליב גרייס בלאסטר750מל,מיליליטרים,750.00,"100 מ""ל",false,1,10.90,1.4533,true,1,9687
8714789831275,false,מברשת שיניים 360 אופטיק ווייט קולגייט 2 יחידות,קולגייט-פלמוליב,CN,זוג מב.שיניים קולגייט 360 אופטיק וויט,יחידה,2.00,יחידה,false,1,32.90,16.4500,true,1,9864
8714789834467,false,פלמוליב נוזל לניקוי כלים קלאסי 1.5 ליטר,קולגייט-פלמוליב,GR,נוזל כלים פלמוליב שקוף קלאסי 1.5ליטר,ליטרים,1.50,ליטר,false,1,13.90,9.2667,true,1,10530
8714789835112,false,קולגייט מברשת360 אופטיק וייט סופט חשמלית,COLGATE PALMOLIVE,CN,מברשת שיניים קולגייט 360 אופטיק וייט חשמ,יחידה,1.00,יחידה,false,12,59.90,59.9000,true,1,23255
8714789930848,false,"משחת שיניים אופטיק וייט הלבנה מיידית קולגייט 75 מ""ל",הנסיך- מפעל לייצור ט,PL,מש.שיניים אופטיק וויט אינסטנט 75 מל,מיליליטרים,75.00,"100 מ""ל",false,1,21.90,29.2000,true,1,12079
8714789966403,false,ליידי ספיד סטיק פיור פרשנס ג'ל,קולגייט פלמוליב,US,ליידי ספיד סטיק פרו 5 גל 65גרם,Unknown,0.00,Unknown,false,1,18.90,0.0000,true,1,40648
8714800021395,false,"בירה 8.6 גולד 500 מ""ל פחית",בווריה,,בירה בווריה 8.6 גולד 500מל פקדון,מיליליטרים,500.00,"100 מ""ל",false,1,10.00,2.0000,true,1,9779
8714800043182,false,"בירה 8.6 איי.פי.אל 500 מ""ל פחית",בווריה,,בירה איי פי אל 500מל 8.6% פחית פקדון,מיליליטרים,500.00,"100 מ""ל",false,1,10.00,2.0000,true,1,47867
8715035150300,false,"רוטב סויה קיקומן ללא מ""ל 250 גלוטן",קיקומן פודז יורופ בי,NL,רוטב סויה קיקומן ללא גלוטן 250 מל,מיליליטרים,250.00,"100 מ""ל",false,1,19.90,7.9600,true,1,37427
8715035520301,false,פונזו רוטב יפני מסורתי מבוסס על רוטב סויה ולימון,קיקומן פודז יורופ בי,NL,רוטב פונזו קיקומן סויה ולימון 250 מל,מיליליטרים,250.00,"100 מ""ל",false,1,19.90,7.9600,true,1,28959
8715700110141,false,מיונז קרמי היינץ צנצנת 460ג',ה.י.היינץ הולדינג בי.וי,NL,מיונז היינץ אמיתי 460 גרם,גרמים,460.00,100 גרם,false,1,11.90,2.5870,true,1,20362
8715700110158,false,היינץ ממרח במרקם קרמי צנצנת 490 גרם,ה.י.היינץ הולדינג בי.וי,NL,מיונז היינץ לייט 490 גרם,גרמים,490.00,100 גרם,false,1,11.90,2.4286,true,1,20363
8715700115641,false,ממרח מיונז לחיץ לייט במרקם קרמי 420 ג' היינץ,"פודליצקי ספ.ז.או.או,.",PL,מיונז היינץ לייט לחיץ395 גר ל.חומר משמר,גרמים,395.00,100 גרם,false,1,15.90,4.0253,true,1,18953
8715700117805,false,"קטשופ היינץ מתבל עגבניות ללא תוספת סוכר ומלח 425 מ""ל","ה.י היינץ הולדינג בי.וי,",NL,קטשופ היינץ ללא מלח וסוכר 400 מל,מיליליטרים,400.00,"100 מ""ל",false,1,11.90,2.9750,true,1,32933
8715700118925,false,קטשופ היינץ חריף 460 גרם,ה.י. היינץ,NL,קטשופ היינץ חריף לחיץ 460 גרם,גרמים,460.00,100 גרם,false,10,13.90,3.0217,true,1,51176
8715700120874,false,מתבל עגבניות היינץ בתוספת שום,ה.י.היינץ הולדינג בי.וי,NL,קטשופ היינץ עם שום 460 גרם,גרמים,460.00,100 גרם,false,10,11.90,2.5870,true,1,45130
8715700416021,false,ממרח סנדויץ מלפפונים 300 גרם,היינץ,NL,ממרח סנדויץ מלפפונים 300 גר,גרמים,300.00,100 גרם,false,1,15.90,5.3000,true,1,21145
8715700419695,false,רוטב ברביקיו מתוק היינץ 500 גרם,היינץ Heinz,NL,רוטב היינץ ברביקיו מתוק 500 גר,גרמים,500.00,100 גרם,false,1,16.90,3.3800,true,1,20361
8715700419732,false,מתבל עגבניות היינץ 700 גרם,ה.י. היינץ,NL,קטשופ היינץ לחיץ 700 גרם,גרמים,700.00,100 גרם,false,1,11.90,1.7000,true,1,12030
8715700420516,false,רוטב היינץ קארי קלאס,היינץ פודס,GB,רוטב היינץ קארי קלאסי 425 גרם,גרמים,425.00,100 גרם,false,12,22.90,5.3882,true,1,39797
8715700421032,false,ממרח סנדויץ טבעי 300 גרם,,,ממרח סנדויץ טבעי היינץ 300 גר,גרמים,300.00,100 גרם,false,1,15.90,5.3000,true,1,13960
8715700421056,false,ממרח סנדויץ פיקנטי 300 גרם,היינץ,NL,ממרח סנדויץ פיקנטי 300 גר,גרמים,300.00,100 גרם,false,1,15.90,5.3000,true,1,15412
8715700421322,false,היינץ רוטב ברביקיו צ'ילי 490 גרם,היינץ Heinz,NL,רוטב היינץ ברביקיו צילי 490 גר,גרמים,490.00,100 גרם,false,1,16.90,3.4490,true,1,20360
8715700422473,false,ממרח לכריכים וסלטים ללא ח. משמרים היינץ 395 גרם,ה.י. היינץ,NL,מיונז היינץ לחיץ395 גר ל.חומר משמר,גרמים,395.00,100 גרם,false,1,15.90,4.0253,true,1,17576
8715700423906,false,היינץ מתבל עגבניות מופחת סוכר ומלח 50/50 550 גרם,היינץ צפון אמריקה מק,NL,מתבל עגבניות היינץ מופחת סוכר ונתרן555גר,גרמים,555.00,100 גרם,false,1,11.90,2.1441,true,1,21246
8716000968951,false,"ליקר בולס אדבוקט ליקר ביצים 700 מ""ל",קוימנס רויאל,IT,ליקר בולס אדבוקט ביצים 700 מל,מיליליטרים,700.00,"100 מ""ל",false,1,60.00,8.5714,true,1,26930
8716695028879,false,שעועית אפויה חומה אמ,אמה ואן טולי בי.וי,NL,שעועית אפויה חומה אמהא 340 גרם,גרמים,340.00,100 גרם,false,12,8.90,2.6176,true,1,50014
8716695032876,false,גרעיני תירס צעיר אמה,אמה ואן טולי בי.וי,NL,גרעיני תירס צעיר אמהא 340 גרם,גרמים,340.00,100 גרם,false,12,8.90,2.6176,true,1,50017
8716695033873,false,פרוסות סלק אדום אמה 340 גרם,אמה ואן טולי בי.וי,NL,סלק פרוס בחומץ אמהא 340 גרם,גרמים,340.00,100 גרם,false,12,8.90,2.6176,true,1,50015
8716695043872,false,שעועית ירוקה אמה צנצנת 680 גרם,אמה ואן טולי בי.וי,NL,שעועית ירוקה אמה חתוכה 680 גרם,גרמים,680.00,100 גרם,false,12,12.90,1.8971,true,1,50016
8716695354404,false,מלפפון קורנישון חמוץ,,,מלפפון קורנישון חמוץ מתוק אמהא 330 גר,גרמים,330.00,100 גרם,false,1,10.90,3.3030,true,1,36995
8716695356408,false,מלפפון שלם חמוץ מתוק 380 גרם,,,מלפפון קורנישון חמוץ מתוק אמהא 670 גר,גרמים,670.00,100 גרם,false,1,16.90,2.5224,true,1,36994
8716695413873,false,רסק תפוחי עץ אמהא 72,אהק בו.וי.גיסן,,רסק תפוחי עץ אמהא 720גר צנצנת,גרמים,720.00,100 גרם,false,1,10.00,1.3889,true,1,29430
8716695882877,false,"רסק תפוח עץ ללת""ס 360 גרם",,,רסק תפוחי עץ ל.ס. אמהא360גר,גרמים,360.00,100 גרם,false,1,7.90,2.1944,true,1,35415
8717038900562,false,וודקה פורטי סופר פרי,אוונדיס-טים פרודקטס,IL,וודקה פורטי 750 מל,מיליליטרים,750.00,"100 מ""ל",false,1,89.90,11.9867,true,1,18067
8717038900586,false,וודקה מידנייט אסאי 750מ,אוונדיס טים פרודקטס,NL,וודקה סופר פרמיום מידנייט אסאי 750מל,מיליליטרים,750.00,"100 מ""ל",false,1,89.90,11.9867,true,1,18068
8717163607305,false,דאב סבון מוצק גרגירים לעיסוי עדין *4,יוניליוור גרמניה (בו,DE,סבון מוצק דאב 4 יח גרגירים,גרמים,400.00,100 גרם,false,1,14.90,3.7250,true,1,2916
8717163628355,false,טרזמה מרכך להחלקה וצביעה 400 מל,"יוניליוור פולין, רחוב קר",PL,מרכך טרזמה להחלקה וצבע 400מל,מיליליטרים,400.00,"100 מ""ל",false,6,24.90,6.2250,true,1,32783
8717163628812,false,מסכה טרזמה ללא סולפטים להחלקה ולצביעה300,"יוניליוור פולין, רחוב קר",PL,מסכת שיער טרזמה להחלקה וצבע 300מל,מיליליטרים,300.00,"100 מ""ל",false,1,29.90,9.9667,true,1,32780
8717163630105,false,"שמפו טרזמה להחלקה וצביעה 400 מ""ל",יוניליוור,PL,שמפו טרזמה להחלקה וצבע 400מל,מיליליטרים,400.00,"100 מ""ל",false,6,24.90,6.2250,true,1,32782
8717163647226,false,"אקס דאודורנט ספריי גוף בלאק 150 מ""ל",ארנסט. רחוב קומבינצק,GB,דאודורנט אקס בלאק ספריי לגבר 150מל,מיליליטרים,150.00,"100 מ""ל",false,1,19.90,13.2667,true,1,27876
8717163647233,false,"דאו אקס ספריי גוף לגבר בלאק נייט 150 מ""ל",ארנסט. רחוב קומבינצק,GB,דאודורנט אקס בלאק נייט ספריי לגבר 150מל,מיליליטרים,150.00,"100 מ""ל",false,1,19.90,13.2667,true,1,27875
8717163647240,false,"אקס דאודורנט ספריי גוף לגבר שוקולד 150 מ""ל",יוניליוור גרמניה (בו,GB,דאודורנט אקס שוקולד ספריי לגבר 150מל,מיליליטרים,150.00,"100 מ""ל",false,1,19.90,13.2667,true,1,27874
8717163647257,false,"אקס דאודורנט ספריי גוף גולד 150 מ""ל",יוניליוור אנגליה,GB,דאודורנט אקס גולד ספריי 150מל,מיליליטרים,150.00,"100 מ""ל",false,1,19.90,13.2667,true,1,27872
8717163647264,false,"אקס דאודורנט ספריי גוף אייס צ'יל 150 מ""ל",יוניליוור אנגליה,GB,דאודורנט אקס ספריי גוף אייס ציל לגבר150מ,מיליליטרים,150.00,"100 מ""ל",false,1,19.90,13.2667,true,1,27870
8717163648667,false,"גל רחצה אקס לגבר אייס ציל 400 מ""ל",יוניליוור גרמניה (בו,GB,גל רחצה אקס אייס ציל 400 מל,מיליליטרים,400.00,"100 מ""ל",false,1,12.90,3.2250,true,1,27869
8717163655764,false,"רקסונה - דאודורנט ספריי לאישה שוואר פרש 150 מ""ל","קוסטר אירוסול, גבזה 4140",GB,דאודורנט רקסונה ספריי שאוור פרש 150מל,מיליליטרים,150.00,"100 מ""ל",false,6,19.90,13.2667,true,1,30705
8717163663493,false,"רקסונה - דאודורנט ספריי לגבר קובלט דריי 150 מ""ל","יוניליוור אנגליה, דרך קו",GB,דאודורנט רקסונה ספריי קובלט דריי 150מל,מיליליטרים,150.00,"100 מ""ל",false,6,19.90,13.2667,true,1,30707
8717163711668,false,"דאודורנט רקסונה ספריי טלק 150 מ""ל",יוניליוור,GB,דאודורנט רקסונה ספריי טלק 150מל,מיליליטרים,150.00,"100 מ""ל",false,1,19.90,13.2667,true,1,30942
8717163947692,false,"אקס ג'ל רחצה לגבר פרש ברגמוט ופינק פפר 400 מ""ל","יוניליוור גרמניה, רח",DE,גל רחצה אקס פינק פפר400 מל,מיליליטרים,400.00,"100 מ""ל",false,1,12.90,3.2250,true,1,32363
8717399035231,false,סוכריות בטעם פירות 150 גרם,נפוליאון בי.וי,NL,סוכריות נפוליאון פירות 150 גרם,גרמים,150.00,100 גרם,false,1200,10.90,7.2667,true,1,23032
8717399036184,false,סוכריות נפוליאון קול,נפוליאון בי.וי,NL,סוכריות נפוליאון קולה 150 גרם,גרמים,150.00,100 גרם,false,1200,10.90,7.2667,true,1,25733
8717399036290,false,סוכריות בטעם לימון 150 גרם,נפוליאון בי.וי,NL,סוכריות נפוליאון לימון 150 גרם,גרמים,150.00,100 גרם,false,1200,10.90,7.2667,true,1,23030
8717545620236,false,גבינת אולד אמסטרדם 1,,,גבינת אולד אמסטרדם 150 גרם פרוסות,גרמים,150.00,100 גרם,false,1,24.90,16.6000,true,1,18072
8717545623077,false,גבינת אולד אמסטרדם 1,ווסטלנד,,גבינת אולד אמסטרדם 150 גרם אדום,גרמים,150.00,100 גרם,false,1,22.90,15.2667,true,1,12499
8717545810019,false,סטרופ וופל הולנדי 290 גרם,וואן האוטן,,וופל סטרופ הולנד דלמנס 175 גר,גרמים,175.00,100 גרם,false,1,10.90,6.2286,true,1,20868
8717677336593,false,טוניס שוקולד חלב 180 גרם רבנות - נוכרי,טוניס/שוקולונלי,NL,שוקולד טוניס 32% חלב 180 גרם,גרמים,180.00,100 גרם,false,15,17.90,9.9444,true,1,38674
8717677336616,false,שוקולד מריר עם שקדים ומלח טוניס' שוקולונלי 180 גרם,טוניס/שוקולונלי,NL,שוקולד טוניס מריר שקד ומלח ים 180 גרם,גרמים,180.00,100 גרם,false,15,17.90,9.9444,true,1,38675
8717677336630,false,שוקולד חלב עם שקדים ודבש טוניס' שוקולונלי 180 גרם,טוניס/שוקולונלי,NL,שוקולד טוניס שקד דבש נוגט 180 גרם,גרמים,180.00,100 גרם,false,15,17.90,9.9444,true,1,38676
8717677336654,false,טוניס - שוקולד חלב מעולה עם שברי קרמל מלוח,טוניס/שוקולונלי,NL,שוקולד טוניס קרמל מלח ים 180 גרם,גרמים,180.00,100 גרם,false,15,17.90,9.9444,true,1,38677
8717677336661,false,טוניס שוקולד מריר מעולה 70% 180 גרם רבנות - נוכרי,טוניס/שוקולונלי,NL,שוקולד טוניס 70% מריר 180 גרם,גרמים,180.00,100 גרם,false,15,17.90,9.9444,true,1,38678
8717677338436,false,שוקולד חלב עם אגוזי לוז טוניס' שוקולונלי 180 גרם,טוניס/שוקולונלי,NL,שוקולד טוניס חלב אגוזי לוז 180 גרם,גרמים,180.00,100 גרם,false,15,17.90,9.9444,true,1,38679
8717903961254,false,רוטב טורקי שווארמה 2,פוטורוס פוד,NL,רוטב טורקי לשוארמה 265 מל ילדריז,מיליליטרים,265.00,"100 מ""ל",false,6,12.90,4.8679,true,1,36965
8717903962459,false,רוטב נורווגי חרדל שמ,,NL,רוטב נורווגי חרדל ושמיר 265 מל ילדריז,מיליליטרים,265.00,"100 מ""ל",false,6,16.90,6.3774,true,1,36967
8718053512112,false,גבינת גאודה עיזים הו,ווסטלנד,NL,גבינת גאודה עיזים הולנדי 150גר פרוס כתום,גרמים,150.00,100 גרם,false,1,24.90,16.6000,true,1,38180
8718114734484,false,מיונז מאילי 320 גר צ,יונילבר צרפת,FR,מיונז מאילי דיזון 320 גר צנצנת,גרמים,320.00,100 גרם,false,1,15.90,4.9688,true,1,8080
8718114781662,false,"רוטב סויה קטצאפ מניס 250 מ""ל",,,רוטב סויה מינס 250מל קטצאפ,מיליליטרים,250.00,"100 מ""ל",false,1,18.90,7.5600,true,1,10803
8718692610828,false,בקבוקים צבעוניים סודה סטרים 1 ל' * 3 יח',סודהסטרים sodastream,IL,שלישיית בקבוקים צבעוניים סודה סטרים,Unknown,0.00,Unknown,false,1,59.90,0.0000,true,1,12085
8718692610835,false,שלישית בקבוקי סודה סטרים פיוז 1 ליטר,סודה סטרים,IL,שלישיית בקבוקים סודה סטרים,Unknown,0.00,Unknown,false,1,59.90,0.0000,true,1,16135
8718692611801,false,זוג בקבוקי הגזה 0.5 ליטר,סודה סטרים,CN,זוג בקבוקי סודה סטרים 1/2ליטר,יחידה,2.00,יחידה,false,1,34.90,17.4500,true,1,16136
8718692611979,false,סירופ סודה סטרים דיאט פירות יער 0.5 ל,סודה סטרים,IL,סירופ סודה סטרים דיאטפטל ופירות יער500מל,מיליליטרים,500.00,"100 מ""ל",false,1,22.90,4.5800,true,1,20769
8718692619456,false,בר משקאות ספיריט לבן+ בקבוק 1 ל' ומיכל הגזה 60 ל',סודהסטרים sodastream,,מכשיר סודה ספיריט לבן,יחידה,1.00,יחידה,false,1,499.00,499.0000,true,1,19860
8718692619463,false,בר משקאות ספיריט שחור+ בקבוק 1 ל' ומיכל הגזה 60 ל',סודהסטרים sodastream,,מכשיר סודה ספיריט שחור,יחידה,1.00,יחידה,false,1,499.00,499.0000,true,1,19862
8718692619470,false,בר משקאותSPIRIT אדום+מיכ,סודה סטרים,IL,מכשיר סודה ספיריט אדום,יחידה,1.00,יחידה,false,1,499.00,499.0000,true,1,19861
8718951030169,false,"קולגייט סנסיטיב הלבנה המסייעת בהגנה לשיניים רגישות 75 מ""ל",קולגייט Colgate,PL,מש.שיניים קולגייט סנסטייב הלבנה 75מל,מיליליטרים,75.00,"100 מ""ל",false,48,17.90,23.8667,true,1,32879
8718951030206,false,"קולגייט סנסיטיב פרוטקשן משחת שיניים לשיניים רגישות 75 מ""ל",קולגייט-פלמוליב,PL,מש.שיניים קולגייט סנסטייב ש.רגישות 75מל,מיליליטרים,75.00,"100 מ""ל",false,48,17.90,23.8667,true,1,32878
8718951044913,false,מרידול משחת שיניים להלבנה 75 מל,קולגייט פלמוליב,PL,משחת שיניים מרידול להלבנת שיניים 75 מל,מיליליטרים,75.00,"100 מ""ל",false,1,19.90,26.5333,true,1,13903
8718951048669,false,אג'קס ספריי לניקוי חלונות בניחוח חגיגת הפרחים,SAS-VA COLGATE-PALMOLIVE,GR,מרסס אגקס חלונות 750מל בניחוח פרחים,מיליליטרים,750.00,"100 מ""ל",false,1,11.90,1.5867,true,1,47220
8718951076372,false,"קולגייט משחת שיניים תמציות צמחים לשיניים 100 מ""ל",קולגייט פלמוליב,PL,משחת שיניים קולגייט הרבל 100 מל,מיליליטרים,100.00,"100 מ""ל",false,1,11.90,11.9000,true,1,25609
8718951076402,false,"קולגייט משחת שיניים הרבל להלבנה 100 מ""ל",קולגייט פלמוליב,BR,מש.שיניים קולגייט הרבל הלבנה 100 מל,מיליליטרים,100.00,"100 מ""ל",false,1,11.90,11.9000,true,1,23991
8718951079205,false,"קולגייט סנסיטיב פרו רליף רפיר אנד פריוונט 75 מ""ל",קולגייט-פלמוליב,PL,מש.קולגייט סנסיטיב פ.ריליף פריוונט 75מל,מיליליטרים,75.00,"100 מ""ל",false,1,18.90,25.2000,true,1,18413
8718951093331,false,מרידול זוג מברשות שיניים אקסטרה סופט,קולגייט פלמוליב,CH,זוג מברשות שיניים מרידול אקסטרא סופט,יחידה,2.00,יחידה,false,1,33.90,16.9500,true,1,15419
8718951114722,false,מברשת שיניים מרידול,קולגייט פלמוליב,CN,מברשת שיניים מרידול פרודונט אקספרט,יחידה,1.00,יחידה,false,12,26.90,26.9000,true,1,23231
8718951144064,false,מרידול מברשת שיניים פרודונט אקספרט זוג,"ש. שסטוביץ בע""\מ",CH,זוג מב.שיניים מרידול פרדונט אקספרט,Unknown,0.00,Unknown,false,1,33.90,0.0000,true,1,17687
8718951159808,false,מברשות שיניים 360 מדיום- מארז שלישייה,קולגייט-פלמוליב,CN,קולגייט מברשת שיניים 360 שלישייה,יחידה,3.00,יחידה,false,1,34.90,11.6333,true,1,18892
8718951166288,false,"משחת שיניים קולגייט מקס וייט 125 מ""ל",הנסיך- מפעל לייצור ט,PL,מש.שיניים קולגייט מקס וייט 125 מל,מיליליטרים,125.00,"100 מ""ל",false,12,17.90,14.3200,true,1,24737
8718951166561,false,משחת שיניים לרעננות מוגברת max fresh cooling crystals,הנסיך- מפעל לייצור ט,PL,מש.שיניים קולגייט מקס פרש כחול 125 מל,מיליליטרים,125.00,"100 מ""ל",false,12,17.90,14.3200,true,1,24736
8718951167094,false,נוזל כלים פלמוליב צילינדר תפוז וליים 1 ל,יבואן ומשווק: ש. שסט,GR,נוזל כלים פלמוליב צילנדר 1 ל תפוז ליים,ליטרים,1.00,ליטר,false,1,13.50,13.5000,true,1,20649
8718951175280,false,"קולגייט טוטאל משחת שיניים פרו ויזבל אקשן עם קצף פעיל 75 מ""ל",קולגייט Colgate,PL,משחת שיניים קולגיט טוטל פרו ויזבל 75חדש,Unknown,0.00,Unknown,false,48,16.90,0.0000,true,1,25602
8718951187115,false,זוג מברשות שיניים אלמקס לילדים גילאי 3-6,GABA TRISA SWIZ,CN,זוג מב. שיניים אלמקס ילדים 3-6,יחידה,2.00,יחידה,false,1,24.90,12.4500,true,1,21224
8718951187122,false,זוג מברשות שיניים אלמקס לילדים גילאי 0-3,GABA TRISA SWIZ,CN,זוג מב. שיניים אלמקס ילדים 0-3,יחידה,2.00,יחידה,false,1,24.90,12.4500,true,1,21223
8718951222779,false,"מרידול פור משחה לשיניים וחניכיים בריאות 75 מ""ל",קולגייט פלמוליב,PL,משחת שיניים מרידול פור 75מל,מיליליטרים,75.00,"100 מ""ל",false,1,25.90,34.5333,true,1,30729
8718951228801,false,"משחת שיניים קולגייט מקס פרש כחול 125 מ""ל",קולגייט פלמוליב,PL,מש.שינים קולגייט מקס פרש כחול 125 מל,מיליליטרים,125.00,"100 מ""ל",false,12,17.90,14.3200,true,1,27258
8718951236790,false,"קולגייט טוטאל משחת שיניים קלין מינט לפה בריא 100 מ""ל",קולגייט פלמוליב,PL,משחת שיניים קולגייט טוטל קלין מינט100חדש,מיליליטרים,100.00,"100 מ""ל",false,48,16.90,16.9000,true,1,25605
8718951236806,false,"קולגייט טוטאל הלבנה משחת שיניים המסייעת בהסרת כתמים 100 מ""ל",קולגייט Colgate,PL,משחת שיניים קולגייט טוטל הלבנה 100מל חדש,מיליליטרים,100.00,"100 מ""ל",false,48,16.90,16.9000,true,1,25604
8718951236813,false,"קולגייט טוטאל משחת שיניים ניקוי מתקדם לפה בריא יותר 100 מ""ל",קולגייט פלמוליב,PL,משחת שיניים קולגיט טוטל ניקוי מתקדם חדש,מיליליטרים,100.00,"100 מ""ל",false,48,16.90,16.9000,true,1,25603
8718951240742,false,"קולגייט טוטאל משחת שיניים פסים מרעננים 100 מ""ל",קולגייט פלמוליב,PL,משחת שיניים קולגייט טוטל פסים 100מל חדש,מיליליטרים,100.00,"100 מ""ל",false,48,16.90,16.9000,true,1,25606
8718951254527,false,קולגייט משחה סנסיטיב פרו רליף חוזק מוגבר,קולגייט פלמוליב,PL,משחת שיניים קולגייט פרו ריליף סטרונג75מל,מיליליטרים,75.00,"100 מ""ל",false,48,18.90,25.2000,true,1,29325
8718951264618,false,"קולגייט אופטיק וייט פחם צ'רקול משחת שיניים, 75 מ""ל",קולגייט-פלמוליב,PL,משחת שיניים קולגייט אופטיק וויט פחם 75מל,Unknown,0.00,Unknown,false,48,25.90,0.0000,true,1,32880
8718951265103,false,קולגייט זוג מברשת שיניים אולטרה סופט,קולגייט פלמוליב,CN,מברשת שיניים קולגייט זוג אולטרה סופט,יחידה,2.00,יחידה,false,12,25.90,12.9500,true,1,29329
8718951286733,false,"קולגייט אופטיק וייט לסטינג וייט משחת שיניים 75 מ""ל",קולגייט Colgate,PL,משחת שיניים קולגייט אופטיק לסטינג ויט 75,Unknown,0.00,Unknown,false,48,25.90,0.0000,true,1,43513
8718951289833,false,רביעיית סבון מוצק פלמוליב לומינוס 90 גרם,קולגייט פלמוליב,TR,מארז סבון פלמוליב מוצק לומינוס 4יח 90גר,גרמים,360.00,100 גרם,false,18,16.90,4.6944,true,1,31006
8718951313927,false,"סבון ידיים משאבה פלמוליב חימר טונוס 300 מ""ל",קולגייט פלמוליב,TR,סבון ידיים פלמוליב חימר טונוס 300מל,מיליליטרים,300.00,"100 מ""ל",false,1,11.90,3.9667,true,1,35135
8718951314023,false,פלמוליב נטורלס תחליב רחצה אפרסק 750 מל,קולגייט פלמוליב,TR,אלסבון פלמוליב משאבה אפרסק 750 מל,מיליליטרים,750.00,"100 מ""ל",false,1,16.90,2.2533,true,1,45706
8718951315303,false,"קולגייט אדומה משחת שיניים להגנה מפני עששת 2*100 מ""ל",קולגייט-פלמוליב,PL,משחת שיניים קולגייט אדומה 100מל 2 יח,מיליליטרים,200.00,"100 מ""ל",false,24,19.90,9.9500,true,1,33833
8718951320093,false,זוג מברשות 360 אדוונס וויט שיניים קולגייט,קולגייט-פלמוליב,CN,מברשת שיניים קולגייט אדוונס וויט זוג,יחידה,2.00,יחידה,false,1,25.90,12.9500,true,1,33823
8718951334069,false,"אג'קס טריגר שירותים 500 מ""ל",שסטוביץ,GR,מרסס אגקס שירותים טריגר 500מל,מיליליטרים,500.00,"100 מ""ל",false,12,11.90,2.3800,true,1,49330
8718951338128,false,"ליידי ספיד סטיק רול און שאוור פרש 50 מ""ל",קולגייט פלמוליב,IT,דאו. ליידי ספיד סטיק רול און שאור פרש 50,Unknown,0.00,Unknown,false,1,15.90,0.0000,true,1,40650
8718951338395,false,מרסס אגקס טריגר פיור הום סמבוק שחור 500,קולגייט פלמוליב,GR,מרסס אגקס טריגר פיור הום סמבוק שחור500מל,מיליליטרים,500.00,"100 מ""ל",false,1,11.90,2.3800,true,1,35972
8718951345119,false,נוזל לניקוי רצפות וכללי היביסקוס 2 ליטר,הנסיך- מפעל לייצור ט,GR,נוזל אגקס ניקוי כללי עוצמת ה7 היביסקוס2ל,ליטרים,2.00,ליטר,false,1,23.90,11.9500,true,1,37177
8718951354807,false,נוזל רצפות אגקס חגיגת הפרחים יסמין 1.5 ל,קולגייט פלמוליב,GR,נוזל ניקוי כללי אגקס יסמין ח. פרחים 1.5ל,ליטרים,1.50,ליטר,false,1,16.90,11.2667,true,1,35974
8718951365865,false,קולגייט זוג מברשות עם סיבי פחם בצפיפות ג,קולגייט פלמוליב,PL,מברשת שיניים קולגייט סיבי פחם זוג,יחידה,2.00,יחידה,false,1,32.90,16.4500,true,1,40015
8718951366015,false,"קולגייט - משחת שיניים אופטיק וויט אקס קומפ 75 מ""ל",CP-Poland swidnica,PL,משחת שיניים קולגייט אופטיק וויט אקספרט,מיליליטרים,75.00,"100 מ""ל",false,24,49.90,66.5333,true,1,50740
8718951370135,false,"סבון נוזלי ארומה סנסיישן גלואו 750 מ""ל פלמוליב",קולגייט פלמוליב,TR,אלסבון פלמוליב משאבה סנסיישן גלואו 750מל,מיליליטרים,750.00,"100 מ""ל",false,1,16.90,2.2533,true,1,34548
8718951377998,false,קולגייט סופט פואם זוג מברשות שיניים לניק,קולגייט פלמוליב,CN,מברשת שיניים קולגייט סופטנס זוג,יחידה,2.00,יחידה,false,1,25.90,12.9500,true,1,36722
8718951381292,false,"משחת שיניים מקס דיטוקס פואם קולגייט 125 מ""ל",קולגייט Colgate,PL,משחת שיניים קולגייט מקס דיטוקס פואם125מל,מיליליטרים,125.00,"100 מ""ל",false,12,17.90,14.3200,true,1,37180
8718951382640,false,"פלמוליב ג'ל רחצה חימר ואלוורה 750 מ""ל",קולגייט פלמוליב,TR,גל רחצה פלמוליב חימר דיטוקס 750מל,מיליליטרים,750.00,"100 מ""ל",false,1,16.90,2.2533,true,1,35138
8718951382664,false,"פלמוליב ג'ל רחצה חימר ואקליפטוס 750 מ""ל",קולגייט פלמוליב,TR,גל רחצה פלמוליב חימר טונוס 750מל,מיליליטרים,750.00,"100 מ""ל",false,1,16.90,2.2533,true,1,35140
8718951382718,false,"פלמוליב ג'ל רחצה חימר התחדשות 750 מ""ל",קולגייט פלמוליב,TR,גל רחצה פלמוליב חימר התחדשות 750מל,מיליליטרים,750.00,"100 מ""ל",false,1,16.90,2.2533,true,1,35139
8718951382787,false,"משחת שיניים אופטיק וויט חימר ומינרלים 75 מ""ל קולגייט",קולגייט Colgate,PL,משחת שיניים קולגייט אופטיק וויט חימר75מל,Unknown,0.00,Unknown,false,48,25.90,0.0000,true,1,46757
8718951385290,false,נוזל לניקוי כללי ורצפות אג'קס 2 ליטר,קולגייט פלמוליב,GR,נוזל לניקוי כללי אגקס כחול 2 ל,ליטרים,2.00,ליטר,false,1,23.90,11.9500,true,1,38044
8718951391314,false,"מרסס אגקס טריגר אנטי בקטריאלי 500 מ""ל",קולגייט-פלמוליב,GR,מרסס אגקס אנט בקטריאלי 500מל,מיליליטרים,500.00,"100 מ""ל",false,1,11.90,2.3800,true,1,38312
8718951400474,false,"תחליב רחצה קמליה ושקדים ללא משאבה750 מ""ל פלמולי",קולגייט פלמוליב,TR,תחליב רחצה פלמוליב קמליה שקדים 750מל ללא,מיליליטרים,750.00,"100 מ""ל",false,1,16.90,2.2533,true,1,49347
8718951400597,false,"תחליב רחצה קוקוס וחלב ללא משאבה750 מ""ל פלמוליב",קולגייט פלמוליב,TR,תחליב רחצה פלמוליב קוקוס חלב 750מל ללא,מיליליטרים,750.00,"100 מ""ל",false,1,16.90,2.2533,true,1,49346
8718951409798,false,זוג מברשות שיניים מקס וויט פחם קולגייט,הנסיך- מפעל לייצור ט,PL,מברשת שיניים קולגייט מקס וויט פחם זוג,יחידה,2.00,יחידה,false,12,24.90,12.4500,true,1,39591
8718951412378,false,משחת שיניים לחניכיים רגישות ולנשימה רעננה,קולגייט פלמוליב,PL,משחת שיניים מרידול נשימה רעננה 75מל,מיליליטרים,75.00,"100 מ""ל",false,1,25.90,34.5333,true,1,49329
8718951415836,false,קולגייט מי פה פלאקס פחם לחיוך לבן 500 מל,קולגייט Colgate,PL,מי פה קולגייט פלקס פחם 500מל,מיליליטרים,500.00,"100 מ""ל",false,1,24.90,4.9800,true,1,40016
8718951428492,false,"ג'ל רחצה לגבר 4 ב -1 מועשר בפחם פלמוליב 750 מ""ל",שסטוביץ,TR,אלסבון פלמוליב משאבה פחם 4ב1 לגבר 750מל,מיליליטרים,750.00,"100 מ""ל",false,1,16.90,2.2533,true,1,47219
8718951428522,false,"פלמוליב סבון רחצה לגבר 4 ב-1 המפ 750 מ""ל",שסטוביץ,TR,אלסבון פלמוליב משאבה המפ 4ב1 לגבר 750מל,מיליליטרים,750.00,"100 מ""ל",false,1,16.90,2.2533,true,1,45411
8718951431614,false,"סבון רחצה פלמוליב סו פירם מינרלים משאבה 750 מ""ל",קולגייט פלמוליב,TR,אלסבון פלמוליב משאבה סו פירם מינרלים 750,מיליליטרים,750.00,"100 מ""ל",false,1,16.90,2.2533,true,1,43514
8718951433120,false,קולגייט טוטאל משחת שיניים לילדים לגילאי,קולגייט פלמוליב,PL,משחת שיניים קולגייט טוטל גוניור 50מל,Unknown,0.00,Unknown,false,12,16.90,0.0000,true,1,49879
8718951443358,false,"סבון ידיים פלמוליב מארז שלישייה 900 מ""ל",CP - Turkey+60,TR,מארז 3יח סבון ידיים פלמוליב 300מל,מיליליטרים,900.00,"100 מ""ל",false,6,24.90,2.7667,true,1,39592
8718951443396,false,"סבון ידיים חלב ודבש פלמוליב מארז 3*300 מ""ל",CP - Turkey+60,TR,מארז 3יח סבון ידיים פלמוליב חלב דבש 300,מיליליטרים,900.00,"100 מ""ל",false,6,24.90,2.7667,true,1,39593
8718951470323,false,קולגייט סופט פואם פחם זוג מברשות שיניים,קולגייט פלמוליב,CN,מברשת שיניים קולגייט סופט פואם פחם זוג,יחידה,2.00,יחידה,false,1,25.90,12.9500,true,1,49328
8718951470538,false,קולגייט משחת שיניים מקס פרש ביטיוב 125*2 כשלפ,קולגייט פלמוליב,PL,מארז 2יח משחת שיניים קולגייט מקס פרש 125,מיליליטרים,250.00,"100 מ""ל",false,24,29.90,11.9600,true,1,47661
8718951477384,false,"קולגייט משחת שיניים טוטאל ג'ל מתקדם פיור 75 מ""ל",קולגייט פלמוליב,PL,משחת שיניים קולגייט טוטל גל 75מל,מיליליטרים,75.00,"100 מ""ל",false,48,19.90,26.5333,true,1,46940
8718951509627,false,"קולגייט אופטיק וייט לאוהבי קפה ותה משחת שיניים 75 מ""ל",קולגייט פלמוליב,PL,משחת שיניים קולגייט אופטיק וייט קפה 75מל,Unknown,0.00,Unknown,false,48,25.90,0.0000,true,1,48310
8719128110325,false,"סירופ סודה סטרים לימונדה 500 מ""ל",סודה סטרים,IL,סירופ סודה סטרים לימונדה 500מל,מיליליטרים,500.00,"100 מ""ל",false,1,22.90,4.5800,true,1,20770
8719128110332,false,"סירופ סודה סטרים אנרגיה 500 מ""ל",סודהסטרים sodastream,IL,סירופ סודה סטרים אנרגיה 500 מל,מיליליטרים,500.00,"100 מ""ל",false,1,22.90,4.5800,true,1,20765
8719128110349,false,"סירופ פטל פירות יער סודה, 500 מ""ל",סודהסטרים sodastream,IL,סירופ סודה סטרים פטל ופירות יער 500מל,מיליליטרים,500.00,"100 מ""ל",false,1,22.90,4.5800,true,1,20768
8719128110363,false,סירופ סודה סטרים אשכולית אדומה 0.5 ל,סודה סטרים,IL,סירופ סודה סטרים אשכולית אדומה 500 מל,מיליליטרים,500.00,"100 מ""ל",false,1,22.90,4.5800,true,1,20766
8719128110387,false,סירופ סודה סטרים דיאט אשכולית אדומה 0.5ל,סודה סטרים,IL,סירופ סודה סטרים דיאט אשכולית אדומה500,מיליליטרים,500.00,"100 מ""ל",false,1,22.90,4.5800,true,1,20767
8719128112633,false,בקבוקי הגזה סודה סטרים לילדים 0.5 ל*2,סודה סטרים,IL,זוג בקבוקי סודה סטרים הגזה 500מל ילדים,יחידה,2.00,יחידה,false,1,39.00,19.5000,true,1,20759
8719128117232,false,"סירופ פפסי 440 מ""ל סודהסטרים",סודה סטרים,IL,סירופ פפסי 440 מל סודה סטרים,מיליליטרים,440.00,"100 מ""ל",false,1,22.90,5.2045,true,1,38946
8719128117249,false,"סירופ פפסי מקס 440 מ""ל סודהסטרים",סודה סטרים,IL,סירופ פפסי מקס 440מל סודה סטרים,מיליליטרים,440.00,"100 מ""ל",false,1,22.90,5.2045,true,1,38945
8719128117256,false,"סירופ סבן אפ 440 מ""ל סודהסטרים",סודה סטרים,IL,סירופ סבנאפ 440 מל סודה סטרים,מיליליטרים,440.00,"100 מ""ל",false,1,22.90,5.2045,true,1,38947
8719128117263,false,"סירופ מירנדה 440 מ""ל סודהסטרים",סודה סטרים,IL,סירופ מירנדה 440 מל סודה סטרים,מיליליטרים,440.00,"100 מ""ל",false,1,22.90,5.2045,true,1,38949
8719128117294,false,"סירופ דייט סבן אפ 440 מ""ל סודהסטרים",סודה סטרים,IL,סירופ סבנאפ דיאט 440מל סודה סטרים,מיליליטרים,440.00,"100 מ""ל",false,1,22.90,5.2045,true,1,38948
8719128118499,false,סודה סטרים - מיכל גז נוסף CQC עד 60 ליטר,,,מיכל גז עד 60ליטר חיבור מהיר,יחידה,1.00,יחידה,false,1,109.90,109.9000,true,1,49915
8719128118734,false,סודה סטרים - מילוי מיכל גז CQC עד 60 ליטר,,,מילוי מיכל גז עד 60 ליטר חיבור מהיר,יחידה,1.00,יחידה,false,1,62.90,62.9000,true,1,49914
8719200997998,false,מרגרינה למריחה בישול וטיגון 200 ג' בלו בנד,אתר חיפה מרגרינה - F,IL,מרגרינה עם מלח 200גר בלו בנד,גרמים,200.00,100 גרם,false,60,5.10,2.5500,true,1,31579
8719200998001,false,מרגרינה לאפיה ובישול בלי מלח 200 ג' בלו בנד,יוניליוור ישראל מזון בע\,IL,מרגרינה בלי מלח 200 גרם בלו בנד,גרמים,200.00,100 גרם,false,60,5.10,2.5500,true,1,31580
8719200998018,false,מחמאה מרגרינה בטעם חמאה בלובנד 200 גרם,"מיוצר ע""\י יוניליוור ישר",IL,מחמאה בלו בנד 200 גר,גרמים,200.00,100 גרם,false,1,5.50,2.7500,true,1,31589
8719200998032,false,מרגרינה בטעם חמאה מזולה 250 גרם,"מיוצר ע""\י יוניליוור ישר",IL,מרגרינה מזולה גלורי טעם חמאה 250 גרם,גרמים,250.00,100 גרם,false,48,10.90,4.3600,true,1,31586
8719200998049,false,"מרגרינה מזולה גלורי רגיל 250גר 8 יחידות -כשל""פ","מיוצר ע""\י יוניליוור ישר",IL,מרגרינה מזולה רגילה 250 גרם,גרמים,250.00,100 גרם,false,48,10.90,4.3600,true,1,31583
8719200998100,false,מרגרינה מזולה לאפיה טעם חמאה 200גר - 40 יח',פארייפאבה אגרואינדוס,IL,מרגרינה מזולה טעם חמאה 200 גר,גרמים,200.00,100 גרם,false,1,7.10,3.5500,true,1,31587
8719324820417,false,חטיף טורטיליה נאכו ט,,NL,חטיף טורטיליה נאכו טבעי 200 גרם,גרמים,200.00,100 גרם,false,10,16.90,8.4500,true,1,50021
8719324820493,false,רוטב ציפוטלה נאכו 26,,NL,רוטב ציפוטלה נאכו 265 מל,מיליליטרים,265.00,"100 מ""ל",false,10,25.90,9.7736,true,1,50103
8719325897562,false,גלילי וופל בטעם קוקוס 162 ג' ג'וי סאבור,,NL,גליליות סאבור קרם קוקוס 162 גרם,גרמים,150.00,100 גרם,false,18,10.90,7.2667,true,1,46689
8719326873503,false,זוג כוסות יין הפי גל,,NL,זוג כוסות יין הפי גלאס ליידי אביגיל,יחידה,2.00,יחידה,false,1,49.90,24.9500,true,1,41075
8719326873527,false,זוג כוסות יין הפי גל,,NL,זוג כוסות יין הפי גלאס מיסטר גוסטב,יחידה,2.00,יחידה,false,,49.90,24.9500,true,1,41128
8719326873534,false,מארז 4יח כוסות הפי ג,,NL,מארז 4יח כוסות הפי גלאס ליידי יוקו,יחידה,4.00,יחידה,false,1,69.90,17.4750,true,1,41074
8719326873541,false,מארז 4יח כוסות הפי ג,,NL,מארז 4יח כוסות הפי גלאס טיק טאקר,יחידה,4.00,יחידה,false,1,69.90,17.4750,true,1,41073
8719992179169,false,וופל גלילית גוי סבור,,NL,גליליות סאבור קרם אגוזים 162 גרם,גרמים,150.00,100 גרם,false,18,10.90,7.2667,true,1,46688
8720100012445,false,וופל טוסט בלגי 6 יח 250 גרם בקרסלנד,דה בנקט גרופ,NL,וופל טוסט בלגי 6 יח 250 ג,גרמים,250.00,100 גרם,false,1,12.90,5.1600,true,1,4588
8720181043093,false,"דאו אקס ספריי גוף לגבר אפולו 150 מ""ל","יוניליוור אנגליה, דרך קו",GB,דאודורנט אקס ספריי גוף אפולו לגבר150מ,מיליליטרים,150.00,"100 מ""ל",false,1,19.90,13.2667,true,1,50387
8720181045912,false,"אקס דאודורנט ספריי גוף אפריקה 150 מ""ל","יוניליוור אנגליה, דרך קו",GB,דאודורנט אקס ספריי אפריקה 150מל,מיליליטרים,150.00,"100 מ""ל",false,1,19.90,13.2667,true,1,36074
8720181046605,false,דאב - דאודורנט ספריי לאישה אורגינל כחול 150מל,"יוניליוור אנגליה, דרך קו",TR,דאו. דאב ספריי אורגינל 150 מל,מיליליטרים,150.00,"100 מ""ל",false,1,16.90,11.2667,true,1,37079
8720181046612,false,"דאב - דאודורנט רול און לאישה אורגינל 50 מ""ל","יוניליוור אנגליה, דרך קו",GB,דאב דאו.רולאון אורגינל 50 מל,Unknown,0.00,Unknown,false,1,16.90,0.0000,true,1,39840
8720181090219,false,תחליב רחצה רימונים ותמצית פרח היביסקוס,"יוניליוור גרמניה, Gmbh &",DE,סבון נוזלי דאב רימונים 750מל,מיליליטרים,750.00,"100 מ""ל",false,1,17.90,2.3867,true,1,38966
8720181123955,false,"אקס - ג'ל רחצה ריצארג קריד 400 מ""ל",יוניליוור גרמניה Gmbh &,GB,גל רחצה אקס 400מל ריצארג,מיליליטרים,400.00,"100 מ""ל",false,1,12.90,3.2250,true,1,46471
8720181204111,false,"אקס תחליב רחצה אפיק פרש 400 מ""ל",יוניליוור ישראלn\טיפוח א,DE,גל רחצה אקס 400 מל אפיק פרש,מיליליטרים,400.00,"100 מ""ל",false,1,12.90,3.2250,true,1,49466
8720182253033,false,"רוטב חרדל לחיץ קאלווה 250 מ""ל",יוניליוור,NL,חרדל לחיץ קאלווה 250 מל,מיליליטרים,250.00,"100 מ""ל",false,12,18.90,7.5600,true,1,49524
8720182253156,false,דאב אל סבון מוצק מלפפונים 90 גרם רביעייה,יוניליוור ישראל טיפוח אי,DE,מארז 4יח סבון דאב ירוק מוצק 90גרם,גרמים,360.00,100 גרם,false,12,14.90,4.1389,true,1,49463
8720182253194,false,סבון מוצק דאב מלפפונים ותה ירוק שישיית,יוניליוור גרמניה (בו,DE,סבון מוצק דאב 6 יחידות מלפפונים 90גר,גרמים,540.00,100 גרם,false,8,19.90,3.6852,true,1,51349
8720182256362,false,שישיית סבון מוצק דאב קלאסי 540 גר',יוניליוור גרמניה (בו,DE,סבון מוצק דאב 6 יחידות קלאסי 90גר,גרמים,540.00,100 גרם,false,8,19.90,3.6852,true,1,51348
8720182256850,false,דאב אל סבון מוצק קלאסי 90 גרם רביעייה,יוניליוור ישראל טיפוח אי,DE,מארז 4יח סבון דאב מוצק 90גרם,גרמים,360.00,100 גרם,false,12,14.90,4.1389,true,1,49464
8720182286604,false,"רוטב ברביקיו דבש לחיץ קאלווה 250 מ""ל",יוניליוור,NL,רוטב ברביקיו דבש קאלווה לחיץ 250 מל,מיליליטרים,250.00,"100 מ""ל",false,12,15.90,6.3600,true,1,49526
8720600606731,false,רסק תפוחי עץ האק 715,אהק בו.וי.גיסן,NL,רסק תפוחי עץ האק 715גר צנצנת,גרמים,715.00,100 גרם,false,1,13.90,1.9441,true,1,22712
8720600613968,false,רסק תפוח עץ האק ללא,,NL,רסק תפוח עץ האק ללא תוספת סוכר 700 גרם,גרמים,700.00,100 גרם,false,12,18.90,2.7000,true,1,50019
8723400756552,false,מארז סוכריות מנטוס Mentos ריינבואו,פרפטי ואן מלה ברדה,NL,מארז 4 יח סוכריות מנטוס רינבוא,יחידה,4.00,יחידה,false,1,11.50,2.8750,true,1,9595
8723400793205,false,טופי אדווקט ואן מאל,,NL,טופי אדווקט ואן מאל 275 גרם,גרמים,275.00,100 גרם,false,12,15.90,5.7818,true,1,40332
8727500033094,false,קקאו הולנדי בלוקר 250 גרם,BV COCOA DUTCH,NL,קקאו הולנדי בלוקר 250 גרם,גרמים,250.00,100 גרם,false,1,13.90,5.5600,true,1,21025
8801043025256,false,נונגשים ראמאן-נודלס שין חריף בקערה 114ג,,KR,נונגשים ראמאן נודלס שין חריף קערה 114 גר,גרמים,114.00,100 גרם,false,12,15.90,13.9474,true,1,49654
8801043028158,false,נודלס בטעם קימצי בכו,,KR,נונגשים ראמאן נודלס קימצי בכוס 75 גר,Unknown,0.00,Unknown,false,12,11.90,0.0000,true,1,49660
8801043029353,false,נודלס אודון טמפורה ב,,KR,נונגשים ראמאן נודלס טמפורה בכוס 75 גר,Unknown,0.00,Unknown,false,12,13.90,0.0000,true,1,49657
8801043031011,false,נונגשים ראמאן-נודלס שין חריף בכוס 68 ג,,KR,נונגשים ראמאן נודלס שיין חריףבכוס 68גר,Unknown,0.00,Unknown,false,12,11.90,0.0000,true,1,49659
8801043053167,false,נונגשים ראמאן-נודלס שין חריף מאוד 120 גר,,KR,נונגשים ראמאן נודלס שין חריף מאוד 120ג,גרמים,120.00,100 גרם,false,20,10.90,9.0833,true,1,49664
8801043055604,false,נודלס חריף בקערה כחו,,KR,נונגשים ראמאן נודלס חריף קערה 100 גר,גרמים,100.00,100 גרם,false,12,15.90,15.9000,true,1,49655
8801043055628,false,נונגשים ראמאן-נודלס קימצי בקערה 100 ג,,KR,נונגשים ראמאן נודלס קימצי קערה 100 גר,גרמים,100.00,100 גרם,false,12,15.90,15.9000,true,1,49656
8801043150620,false,נונגשים ראמאן נודלס,,KR,נונגשים ראמאן נודלס שין חריף שקית 120ג,גרמים,120.00,100 גרם,false,20,10.90,9.0833,true,1,49665
8801043157735,false,נודלס אנסונג חריף בש,,KR,נונגשים ראמאן נודלס אנסוג חריף שקית125גר,גרמים,125.00,100 גרם,false,20,11.90,9.5200,true,1,49662
8801043157742,false,נודלס בטעם קימצי שקי,,KR,נונגשים ראמאן נודלס קימצי שקית 120ג,גרמים,120.00,100 גרם,false,20,10.90,9.0833,true,1,49666
8801043157759,false,נונגשים ראמאן-נודלס צמפונג פירות ים 120ג,,KR,נונגשים ראמאן נודלס פירות ים בכוס125,גרמים,125.00,100 גרם,false,20,13.90,11.1200,true,1,49658
8801043157773,false,נונגשים ראמאן-נודלס נאוגרי פירות ים 120ג,,KR,נונגשים ראמאן נודלס נאוגרי פירות ים 120ג,גרמים,120.00,100 גרם,false,20,11.90,9.9167,true,1,49663
8801055706440,false,מנות אישיות קפה נמס טייסטרס צ'ויס Taster's Choice,נסטלה קוריאה - קפה,KR,קפה נמס טסטר צויס טו גו 1.8/20גר,יחידה,20.00,יחידה,false,1,10.90,0.5450,true,1,7336
8801055707966,false,קפה טייסטר צו'יס נס קפה בריסטה 180ג',נסטלה קוריאה - קפה,KR,נסקפה בריסטה טסטר צויס 180 גר,גרמים,180.00,100 גרם,false,1,29.90,16.6111,true,1,16083
8801055709427,false,קפה נמס טסטר'ס צ'ויס אלטה ריקה 100 גרם,נסטלה קוריאה - קפה,KR,נסקפה טסטר צויס אלטה ריקה 100 גרם,גרמים,100.00,100 גרם,false,,21.90,21.9000,true,1,45481
8801055709434,false,קפה נמס טסטר'ס צ'ויס קולומביה 100 גרם,נסטלה קוריאה - קפה,KR,נסקפה טסטר צויס קולומביה 100 גרם,גרמים,100.00,100 גרם,false,,21.90,21.9000,true,1,45479
8801055709441,false,קפה נמס טסטר'ס צ'ויס סומטרה 100 גרם,לוטה נסטלה קוריאה,KR,נסקפה טסטר צויס סומטרה 100 גרם,גרמים,100.00,100 גרם,false,,21.90,21.9000,true,1,45483
8801055709458,false,אבקה להכנת משקה קפה בטעם קפוצ'ינו קרמל,נסטלה קוריאה - קפה,IL,נסקפה קפוצינו קרמל 10 יח 17 גר,גרמים,170.00,100 גרם,false,1,19.90,11.7059,true,1,47486
8801055709465,false,אבקה להכנת משקה קפה בטעם קפוצ'ינו וניל,נסטלה קוריאה - קפה,KR,נסקפה קפוצינו וניל 10 יח 17 גר,גרמים,170.00,100 גרם,false,1,19.90,11.7059,true,1,47487
8801055709472,false,נסטלה - נסקפה קפוצ'ינו קלאסי 12.50 גרם * 10,נסטלה קוריאה - קפה,KR,נסקפה קפוצינו קלאסי 10 יח 17 גר,גרמים,170.00,100 גרם,false,1,19.90,11.7059,true,1,47488
8801055709489,false,אבקה להכנת משקה קפה בטעם קפוצ'ינו אגוזים,נסטלה קוריאה - קפה,IL,נסקפה קפוצינו אגוזים 10 יח 17 גר,גרמים,170.00,100 גרם,false,1,19.90,11.7059,true,1,47489
8801055709526,false,אבקה להכנת משקה קפה בטעם קפוצ'ינו שוקולד לבן,נסטלה קוריאה - קפה,KR,נסקפה קפוצינו שוקולד לבן 10 יח 17 גר,גרמים,170.00,100 גרם,false,1,19.90,11.7059,true,1,48403
8801085020301,false,אטריות נאמה אודון 200 גרם,Alpha international,,אטריות נאמה אודון 200 גר,גרמים,200.00,100 גרם,false,1,8.50,4.2500,true,1,7067
8802241131664,false,חטיף אצות קלויות עם מלח ים Laverland Crunch,טעמי אסיה Taste of Asia,KR,מארז 9 יח חטיף אצות 40 גר,Unknown,0.00,Unknown,false,1,26.90,0.0000,true,1,20267
8802241131671,false,חטיף אצות בטעם ווסאבי 4.5/9gr,"מאן-גון פוד בע""מ",KR,מארז 9 יח חטיף אצות וואסבי 4.5 גר,Unknown,0.00,Unknown,false,1,35.90,0.0000,true,1,47828
8802241132821,false,חטיף אצות קלויות עם מלח 3 * 13.5 ג',"מאן גו'ן פוד בע""מ",KR,מארז 3 יח חטיף אצות 13.50 גר,Unknown,0.00,Unknown,false,1,12.90,0.0000,true,1,21399
8809168840471,false,חטיף אצות מיובשות 9*4.5 גרם,ג'י וואן גלובול נאט,KR,מארז 9 יח חטיף אצות מיובשות 40.50 גר,Unknown,0.00,Unknown,false,12,24.90,0.0000,true,1,38447
8809168840488,false,חטיף אצות מיובשות 4.5ג*3 יחידות,,KR,מארז 3 יח חטיף אצות מיובשות 40.50 גר,Unknown,0.00,Unknown,false,12,11.90,0.0000,true,1,36404
8809302288480,false,קופסת איחסון 600מל א,,,קופסת איחסון 600מל אדום טריטאן קלוק,יחידה,1.00,יחידה,false,1,24.90,24.9000,true,1,47537
8809302288497,false,קופסת אחסון 1 ל' TRITAN אדום,Food appeal,,קופסת איחסון 1000מל אדום טריטאן קלוק,יחידה,1.00,יחידה,false,1,27.90,27.9000,true,1,47539
8809302288503,false,קופסת אחסון 1.4 ל' TRITAN כתום,Food appeal,,קופסת איחסון 1400מל כתום טריטאן קלוק,יחידה,1.00,יחידה,false,1,31.90,31.9000,true,1,47541
8809302289425,false,קופסת אחסון 1.5 ל' TRITAN סגול,Food appeal,,קופסת איחסון 1500מל סגול טריטאן קלוק,יחידה,1.00,יחידה,false,1,39.90,39.9000,true,1,47542
8809302289432,false,"קופסת איחסון 2500 מ""ל TRITAN הטובה בעולם סגול CLOC",,,קופסת איחסון 2500מל סגול טריטאן קלוק,יחידה,1.00,יחידה,false,1,44.90,44.9000,true,1,47545
8850006932964,false,מארז מברשות שיניים טוויסטר קולגייט חמישייה,קולגייט פלמוליב,VN,מארז 5יח מברשת שיניים קולגייט טוויסטר,יחידה,5.00,יחידה,false,24,27.90,5.5800,true,1,38311
8850038400073,false,רוטב צדפות קטן מאקור,צ'או הוואד,,רוטב צדפות קטן מאקורה 300 מל,מיליליטרים,300.00,"100 מ""ל",false,1,16.90,5.6333,true,1,10903
8850058000710,false,מחית צילי בשמן 227 גר,Super J Internationa,,מחית צילי בשמן 227 גר,גרמים,22700.00,100 גרם,false,1,18.00,0.0793,true,1,6314
8850100004833,false,אטריות אורז דקות 1 מ,תאי פריסרבר,,אטריות אורז דקות 1 ממ 500 גר,גרמים,500.00,100 גרם,false,1,11.90,2.3800,true,1,7871
8850100004840,false,אטריות אורז חום 500 גרם,תאי פריסרבר,,אטריות אורז חום 500 גר,גרמים,500.00,100 גרם,false,1,11.90,2.3800,true,1,7872
8850122103347,false,מארז סיבי שעועית דאב,,TH,מארז אטריות שעועית 10 יח 40 גרם,גרמים,400.00,100 גרם,false,25,19.90,4.9750,true,1,50960
8850122201104,false,דפי שעועית דאבל קירי,פאם ואן דונג סטריט,TH,דפי שעועית לאגרול 24 סמ 190 גרם,גרמים,190.00,100 גרם,false,25,15.90,8.3684,true,1,30440
8850161160851,false,"קוקו מקס 100% מי קוקוס 350 מ""ל",טויו סייקאן קו.אל.טי.די,TH,משקה מי קוקוס 350מל קוקו מקס,מיליליטרים,350.00,"100 מ""ל",false,24,8.90,2.5429,true,1,29047
8850161161247,false,קוקו מקס 100% מי קוקוס 1 ליטר,טויו סייקאן קו.אל.טי.די,TH,משקה מי קוקוס 1ליטר קוקו מקס,ליטרים,1.00,ליטר,false,12,15.90,15.9000,true,1,29049
8850161163081,false,מי קוקוס קוקו עם שבב,ASIATIC AGRO INDUSTR,TH,מי קוקוס קוקו עם שבבים 310 מל,מיליליטרים,310.00,"100 מ""ל",false,12,5.90,1.9032,true,1,46636
8850161166204,false,"קרם קוקוס 17-19% 500 מ""ל - AMPAWA",אמפווה קוקונט פרודקט,TH,קרם קוקוס 17-19% אמפאוה 500 מל בקבוק,מיליליטרים,500.00,"100 מ""ל",false,24,12.90,2.5800,true,1,27311
8850161167041,false,"קוקו וואי משקה קוקוס 270 מ""ל",טויו טייקאן קו.אל.טי.די,TH,משקה חלב קוקוס 270מל קוקו וואי,מיליליטרים,270.00,"100 מ""ל",false,24,9.20,3.4074,true,1,29048
8850161167089,false,קוקו וואי משקה קוקוס 1 ליטר,טויו טייקאן קו.אל.טי.די,TH,משקה חלב קוקוס 1ליטר קוקו וואי,ליטרים,1.00,ליטר,false,12,15.90,15.9000,true,1,29050
8850180040028,false,קמח טמפורה להכנת בלי,קרנחם אוטאי פחרה,TH,קמח טמפורה 500 גר גוגי,מיליליטרים,500.00,"100 מ""ל",false,1,10.90,2.1800,true,1,11717
8850206250592,false,רוטב צ'ילי סריראצ'ה 540 גרם (מזרח ומערב),יאן וואל יון קו.לטד,TH,רוטב צילי סיראצה 530 גרם,גרמים,530.00,100 גרם,false,1,19.90,3.7547,true,1,20509
8850206280049,false,רוטב צ'ילי חריף מיו 250 גרם,יאן וואל יון קו.לטד,TH,רוטב צילי חריף מיו 250 גרם,גרמים,250.00,100 גרם,false,12,17.90,7.1600,true,1,47595
8850367300266,false,תערובת חמשת תבלינים 50 גרם,theppadungporn cocon,TH,תערובת חמשת התבלינים 50 גר,גרמים,50.00,100 גרם,false,1,11.90,23.8000,true,1,48768
8850367990443,false,"רוטב לסלט בסגנון אסייאתי 285 מ""לTCC (כ)ללא גלוטן",c coconut Theppadungporn,TH,רוטב לסלט סגנון אסיאתי 285 מל,מיליליטרים,285.00,"100 מ""ל",false,1,11.90,4.1754,true,1,13192
8850367992164,false,קרם קוקוס 250 מל 20-22% ללא חומר משמר,טאפאדונגפורן קוקנט,TH,קרם קוקוס22%ללא חומר משמר 250 מל,מיליליטרים,250.00,"100 מ""ל",false,1,7.90,3.1600,true,1,12948
8850367992171,false,קרם קוקוס 1 ליטר 20-22% ללא חומר משמר,טאפאדונגפורן קוקינט,TH,קרם קוקוס22%ללא חומר משמר1 ל,ליטרים,1.00,ליטר,false,1,24.90,24.9000,true,1,12949
8850367992898,false,"רוטב לסלט עם למון גראס 285 מ""ל TCC (כ) ללא גלוטן",Theppadungporn cocon,TH,רוטב טי.סי.סי לסלט למון גראס 285 מל,מיליליטרים,285.00,"100 מ""ל",false,1,11.90,4.1754,true,1,17165
8850367994021,false,"רוטב צ'ילי מתוק ללא סוכר מזרח ומערב ללא גלוטן 280 מ""ל",c coconut Theppadungporn,TH,רוטב צילי ללא סוכר טי.סי.סי 280 מל,מיליליטרים,280.00,"100 מ""ל",false,1,11.90,4.2500,true,1,48276
8850367994427,false,נוזל קוקוס מרוכז וממותק 330 גרם,c coconut Theppadungporn,TH,חלב קוקוס מרוכז וממותק 330 גרם,גרמים,330.00,100 גרם,false,24,12.90,3.9091,true,1,37450
8850367994779,false,מחית קארי ירוקה 50 גרם,טאפאדונגפורן קוקינט,TH,מחית קארי ירוקה טי.סי.סי 50 גרם,Unknown,0.00,Unknown,false,12,6.90,0.0000,true,1,40501
8850367994786,false,מחית קארי אדומה 50 גרם,טאפאדונגפורן קוקינט,TH,מחית קארי אדומה טי.סי.סי 50 גרם,Unknown,0.00,Unknown,false,12,6.90,0.0000,true,1,40500
8850367994793,false,מחית קארי צהובה 50 גרם,c coconut Theppadungporn,TH,מחית קארי צהובה טי.סי.סי 50 גרם,Unknown,0.00,Unknown,false,12,6.90,0.0000,true,1,40502
8850372000380,false,מקלוני שעועית תאילנדים 10 יח',סיטינאן,,איטריות שעועית 10 יח 40 גר,גרמים,400.00,100 גרם,false,1,24.90,6.2250,true,1,7337
8850372000472,false,מקלוני שעועית תאילנד,טעמי אסיה Taste of Asia,TH,מקלוני שעועית תאילנדי 200 גרם,גרמים,200.00,100 גרם,false,1,11.90,5.9500,true,1,46623
8850389103111,false,סאפי משקה אלוורה בטעם ענבים 300מל,סאפה פובליק קומפני ל,TH,משקה סאפה ענבים 300 מל פיקדון,מיליליטרים,300.00,"100 מ""ל",false,1,8.90,2.9667,true,1,5759
8850389103128,false,"משקה קל סאפה בטעם תפוח 300 מ""ל",סאפה פובליק קומפני ל,TH,משקה סאפה תפוח 300 מל פיקדון,מיליליטרים,300.00,"100 מ""ל",false,1,8.90,2.9667,true,1,5758
8850389103159,false,"משקה ליצ'י עם חתיכות גלי קוקוס 320 מ""ל מוגו מוגו",סאפה פובליק קומפני לימיט,TH,משקה מוגו מוגו ליצי 300מל בק.פקדון,מיליליטרים,300.00,"100 מ""ל",false,1,8.90,2.9667,true,1,49234
8850389104637,false,"משקה קל סאפה אלוורה אפרסק 300 מ""ל",סאפה פובליק קומפני ל,TH,משקה סאפה אפרסק 300 מל פיקדון,מיליליטרים,300.00,"100 מ""ל",false,1,8.90,2.9667,true,1,7532
8850389105825,false,משקה אלוורה בטעם ענבים סאפה 1 ליטר,סאפה פובליק קומפני לימיט,TH,משקה סאפה אלוורה ענבים 1 ל פיקדון,ליטרים,1.00,ליטר,false,1,15.90,15.9000,true,1,7903
8850389105832,false,סאפה משקה אלוורה בטעם תפוח עם קוביות אלוורה 1 ליטר,סאפה פובליק קומפני לימיט,TH,משקה סאפה אלוורה תפוחים 1 ל פיקדון,ליטרים,1.00,ליטר,false,1,15.90,15.9000,true,1,7902
8850389105849,false,סאפה משקה אלוורה מופחת קלוריות בטעם אפרסק 1 ליטר,סאפה פובליק קומפני לימיט,TH,משקה סאפה אלוורה אפרסק 1 ל פיקדון,ליטרים,1.00,ליטר,false,1,15.90,15.9000,true,1,7904
8850389111352,false,"משקה מלון עם חתיכות גלי קוקוס 320 מ""ל מוגו מוגו",סאפה פובליק קומפני לימיט,TH,משקה מוגו מוגו מלון 300מל בק.פקדון,מיליליטרים,300.00,"100 מ""ל",false,1,8.90,2.9667,true,1,49235
8850389115312,false,"סאפה אלוורה מלון בקבוק 300 מ""ל",סאפה פובליק קומפני ל,TH,משקה סאפה מלון 300 מל פיקדון,מיליליטרים,300.00,"100 מ""ל",false,1,8.90,2.9667,true,1,21619
8850389115336,false,משקה אלוורה בטעם מלון סאפה 1 ליטר,סאפה פובליק קומפני לימיט,TH,משקה סאפה אלוורה מלון 1 ל פיקדון,ליטרים,1.00,ליטר,false,1,15.90,15.9000,true,1,21618
8850521151215,false,קמח אורז דביק 400 גר,Oriental food co. lt,TH,קמח אורז דביק 400 גרם,גרמים,400.00,100 גרם,false,1,10.00,2.5000,true,1,2262
8850632604259,false,"יוגטה, חיספוסים, ממתק חמוץ בצורת מקלות בטעם תות שדה,50 גרם",ג'נרל קנדי בעמ,TH,מקלות גומי יוגטה תות 50 גר,Unknown,0.00,Unknown,false,1,4.50,0.0000,true,1,7804
8850632604266,false,"יוגטה, ממתק חמוץ בצורת מקלות בטעם קולה, 50 גרם",ג'נרל קנדי בעמ,TH,מקלות גומי יוגטה קולה 50 גר,Unknown,0.00,Unknown,false,1,4.50,0.0000,true,1,7805
8850632604372,false,"יוגטה, חיספוסים בצורת שטיח בטעם תות שדה 50 גרם",ג'נרל קנדי בעמ,TH,שטיח גומי יוגטה תות 50 גר,Unknown,0.00,Unknown,false,1,4.50,0.0000,true,1,7806
8850632604402,false,יוגטה חיספוסים בטעם מעורב תות שדה אבטיח ענבים בננה 50 גרם,"ג'נרל קנדי בע""מ",TH,שטיח גומי יוגטה מעורב 50 גר,Unknown,0.00,Unknown,false,1,4.50,0.0000,true,1,7807
8850632605201,false,"יוגטה, חיספוסים, ממתק חמוץ בצורת שטיח, בטעם מעורב- תות בננה, תפוח, תפוז, 50 גרם",הדקלאים אגודת שיתופי,TR,שטיח גומי יוגטה חיספוסים מעורב 50 גר,Unknown,0.00,Unknown,false,1,4.50,0.0000,true,1,7913
8850632606390,false,"יוגטה, חיספוסים, ממתק חמוץ בצורת שטיח בטעם אבטיח, 50 גרם",ג'נרל קנדי בעמ,TH,שטיח גומי יוגטה אבטיח 50 גר,Unknown,0.00,Unknown,false,1,4.50,0.0000,true,1,11076
8850999112107,false,בירה סינגה 330 מל בקבוק,,,בירה סינגה 330 מל בק. פיקדון,מיליליטרים,330.00,"100 מ""ל",false,1,7.90,2.3939,true,1,31595
8851019210117,false,פוקי מקלות שוקולד חלב 47 גר' 1/120,,TH,מקלות פוקי שוקולד חלב 47 גר,Unknown,0.00,Unknown,false,12,7.90,0.0000,true,1,39865
8851019210124,false,מקלות פוקי תות 45 גר,,TH,מקלות פוקי תות 45 גר,Unknown,0.00,Unknown,false,12,7.90,0.0000,true,1,39864
8851019210193,false,פוקי מקלות בציפוי שוקולד ובננה 47 גר,,TH,מקלות פוקי שוקולד בננה 42 גר,Unknown,0.00,Unknown,false,12,7.90,0.0000,true,1,39866
8851019210223,false,מקלות פוקי תה ירוק מ,,TH,מקלות פוקי תה ירוק מאצה 33 גר,Unknown,0.00,Unknown,false,12,7.90,0.0000,true,1,39867
8851019210292,false,פוקי מקלות לבן+עוגיות 40 גר' 1/120,,TH,מקלות פוקי לבן ועודיות 40 גר,Unknown,0.00,Unknown,false,12,7.90,0.0000,true,1,39863
8851019510132,false,מקלות פוקי דאבל שוקו,,TH,מקלות פוקי דאבל שוקולד 47 גר,Unknown,0.00,Unknown,false,12,7.90,0.0000,true,1,39862
8851613101378,false,"נוזל קוקוס ארוי די 250 מ""ל",תאי אגרי פוד פובליק קו'\,TH,מי קוקוס בקרטון 250 מל,מיליליטרים,250.00,"100 מ""ל",false,1,10.90,4.3600,true,1,12057
8851613101385,false,"חלב קוקוס ארוי-די קרטון 500מ""ל",תאי אגרי פוד פובליק קו'\,TH,חלב קוקוס בקרטון 500 מל,מיליליטרים,500.00,"100 מ""ל",false,1,13.90,2.7800,true,1,12058
8852072212018,false,ערמוני מים סילביה,Super J Internationa,TH,ערמוני מים סילביה,גרמים,565.00,100 גרם,false,1,14.90,2.6372,true,1,2658
8852116710258,false,אורז קוניו סמפטונג ד,,,אורז קוניו סמפטונג דביק 1 קג,קילוגרמים,1.00,"ק""ג",false,12,14.90,14.9000,true,1,47089
8852511010076,false,"מיונז יפני 520 מ""ל KEWPIE",KEWPIE (THAILAND)CO.,TH,מיונז יפני 520 גר קיו-פי,גרמים,500.00,100 גרם,false,1,60.00,12.0000,true,1,10986
8852633020403,false,פניני טפיוקה 500 גרם (כשר),super j internationa,TH,פניני טפיוקה 500 ג,גרמים,500.00,100 גרם,false,1,11.90,2.3800,true,1,5695
8852633119077,false,רוטב דגים ירוק טעמי,,,רוטב דגים ירוק טעמי אסיה 700 מל,מיליליטרים,700.00,"100 מ""ל",false,1,13.90,1.9857,true,1,21121
8852633520408,false,סוכר דקלים 400 גרם SUP,Super J Internationa,TH,סוכר דקלים 400 גר,גרמים,400.00,100 גרם,false,1,15.00,3.7500,true,1,14872
8853662056098,false,"סריראצ'ה - רוטב צ'ילי חריף עם שום 455 מ""ל",EXOTIC FOOD PCL,,רוטב סריראצה עם שום 455 מל,מיליליטרים,455.00,"100 מ""ל",false,12,24.90,5.4725,true,1,39944
8853662056661,false,"רוטב סריראצ`ה מיו 455 מ""ל",EXOTIC FOOD PCL,,רוטב סריראצה מיו 455 מל,מיליליטרים,455.00,"100 מ""ל",false,1,24.90,5.4725,true,1,22229
8853662056982,false,"רוטב סריראצ'ה צ'ילי ירוק חריף 455 מ""ל",EXOTIC FOOD PCL,,רוטב סריראצה צילי ירוק חריף 455 מל,מיליליטרים,455.00,"100 מ""ל",false,1,24.90,5.4725,true,1,22232
8853662057019,false,"רוטב סריראצ'ה צ'ילי צהוב חריף 455 מ""ל",EXOTIC FOOD PCL,,רוטב סריראצה צילי צהוב חריף 455 מל,מיליליטרים,455.00,"100 מ""ל",false,1,24.90,5.4725,true,1,22231
8853662060026,false,רוטב סריראצה חריף455,EXOTIC FOOD PCL,,רוטב סריראצה חריף455 מל,מיליליטרים,455.00,"100 מ""ל",false,1,24.90,5.4725,true,1,49289
8853662060316,false,רוטב סריראצ`ה צילי חריף קרם קוקוס 455 מ,EXOTIC FOOD PCL,,רוטב סריראצה עם קרם קוקוס 455 מל,מיליליטרים,455.00,"100 מ""ל",false,12,24.90,5.4725,true,1,39948
8853662060385,false,"רוטב סריראצ'ה שחור- רוטב על בסיס צ'ילי 455 מ""ל",EXOTIC FOOD PCL,,רוטב סריראצה שחור 455 מל,מיליליטרים,455.00,"100 מ""ל",false,12,24.90,5.4725,true,1,39945
8854404000126,false,קרם קוקוס 18% בלו אל,"בלו ספייס קו. בע""מ",TH,קרם קוקוס 18% בלו אלפנט 400 גרם,מיליליטרים,400.00,"100 מ""ל",false,6,14.90,3.7250,true,1,27133
8854404000225,false,מחית קארי צהוב 70 גר' B.E,"בלו ספייס קו. בע""מ",TH,מחית קארי צהוב בלו אלפנט 70 גרם,Unknown,0.00,Unknown,false,6,14.90,0.0000,true,1,27100
8854404000522,false,אטריות אורז בלו אלפנ,"בלו ספייס קו. בע""מ",TH,אטריות אורז בלו אלפנט 500 גרם,גרמים,500.00,100 גרם,false,6,10.90,2.1800,true,1,27132
8854404000621,false,מחית קארי ירוק 70 גר' B.E,"בלו ספייס קו. בע""מ",TH,מחית קארי ירוק בלו אלפנט 70 גרם,Unknown,0.00,Unknown,false,6,14.90,0.0000,true,1,27098
8854404000829,false,מחית קארי מסמאן 70 גר' B.E,"בלו ספייס קו. בע""מ",TH,מחית קארי מסמאן בלו אלפנט 70 גרם,Unknown,0.00,Unknown,false,6,14.90,0.0000,true,1,27101
8854404000928,false,מחית להכנת מרק טום יאם 70 גר' B.E,"בלו ספייס קו. בע""מ",TH,מחית למרק טום ים בלו אלפנט 70 גרם,Unknown,0.00,Unknown,false,6,14.90,0.0000,true,1,27102
8854404001055,false,מחית קארי אדום 70 גר' B.E,"בלו ספייס קו. בע""מ",TH,מחית קארי אדום בלו אלפנט 70 גרם,Unknown,0.00,Unknown,false,6,14.90,0.0000,true,1,27099
8854404001154,false,רוטב דגים בלו אלפנט,"בלו ספייס קו. בע""מ",TH,רוטב דגים בלו אלפנט 200 מל,מיליליטרים,200.00,"100 מ""ל",false,6,8.90,4.4500,true,1,27131
8854404002571,false,רוטב בוטנים בלו אלפנ,"בלו ספייס קו. בע""מ",TH,רוטב בוטנים בלו אלפנט 190 מל,מיליליטרים,190.00,"100 מ""ל",false,6,13.90,7.3158,true,1,45591
8854404002625,false,מחית להכנת מרק טום קה 70 גר' B.E,"בלו ספייס קו. בע""מ",TH,מחית למרק טום קה בלו אלפנט 70 גרם,Unknown,0.00,Unknown,false,6,14.90,0.0000,true,1,27103
8854404005213,false,רוטב קארי צהוב בלו א,"בלו ספייס קו. בע""מ",TH,רוטב קארי צהוב בלו אלפנט 300 גרם,גרמים,300.00,100 גרם,false,6,27.90,9.3000,true,1,45668
8854404005220,false,רוטב קארי אדום 300 גרם,"בלו ספייס קו. בע""מ",TH,רוטב קארי אדום בלו אלפנט 300 גרם,גרמים,300.00,100 גרם,false,6,27.90,9.3000,true,1,27097
8854404005237,false,רוטב קארי ירוק 300 גרם,"בלו ספייס קו. בע""מ",TH,רוטב קארי ירוק בלו אלפנט 300 גרם,גרמים,300.00,100 גרם,false,6,27.90,9.3000,true,1,27096
8854404005664,false,ערכה להכנת פאד תאי ב,"בלו ספייס קו. בע""מ",TH,ערכה להכנת פאד תאי בלו אלפנט300 גרם,גרמים,300.00,100 גרם,false,6,27.90,9.3000,true,1,27107
8854404007002,false,בסיס להכנת מרק טום י,,,בסיס להכנת מרק טום יאם 250 גרם,גרמים,250.00,100 גרם,false,6,25.90,10.3600,true,1,38758
8854404007071,false,"רוטב פאד תאי בבקבוק 190 מ""ל.B.E","בלו ספייס קו. בע""מ",TH,רוטב פאד תאי בלו אלפנט 190 מל,גרמים,190.00,100 גרם,false,6,13.90,7.3158,true,1,47051
8857101301008,false,רוטב צילי מתוק וילי 700 מל יצרןמותג: פאן,פאן אינטר,TH,רוטב צילי מתוק 700 מל ויליפוד,מיליליטרים,700.00,"100 מ""ל",false,1,9.90,1.4143,true,1,4865
8857106430499,false,"אטריות אורז עם אורז שחור לל""ג 250 גרם",,TH,אטריות אורז עם אורז שחור 250 גרם,גרמים,250.00,100 גרם,false,48,8.90,3.5600,true,1,38599
8857106430505,false,"אטריות אורז עם אורז אדום לל""ג 250 גרם",,TH,אטריות אורז עם אורז אדום 250 גרם,גרמים,250.00,100 גרם,false,48,8.90,3.5600,true,1,38601
8857122559198,false,"סיאם רוטב למון גראס ובזיליקום 250 מ""ל",,TH,רוטב סיאם למון גראס ובזיליקום 250 מל,מיליליטרים,250.00,"100 מ""ל",false,6,15.90,6.3600,true,1,50118
8857122559556,false,"סיאם רוטב סאטה בוטנים וקוקוס 250 מ""ל",,TH,רוטב סאטה סיאם בוטנים וקוקס 250 מל,מיליליטרים,250.00,"100 מ""ל",false,6,15.90,6.3600,true,1,50120
8857122559679,false,"סיאם רוטב צ'ילי מתוק ואננס 250 מ""ל",,TH,רוטב צילי מתוק ואננס סיאם 250 מל,מיליליטרים,250.00,"100 מ""ל",false,6,12.90,5.1600,true,1,50121
8857122559815,false,"סיאם רוטב צדפות 200 מ""ל",,TH,רוטב צדפות סיאם 200 מל,מיליליטרים,200.00,"100 מ""ל",false,6,11.90,5.9500,true,1,50127
8858271002870,false,רוטב פאד תאי 250 מ'ל - מקסצ'אפ,"ייאן וואל יון בע""מ",TH,רוטב פאד תאי 250 מל מקסצאפ,מיליליטרים,250.00,"100 מ""ל",false,1,11.90,4.7600,true,1,8467
8858271002887,false,רוטב טריאקי 250 מ'ל - מקסצ'אפ,דאנינג יוה פודס קו,TH,רוטב טרייאקי 250 מל מקסצאפ,מיליליטרים,250.00,"100 מ""ל",false,1,11.90,4.7600,true,1,8469
8858271003020,false,רוטב סויה פורמולה 1 - 700 מ'ל מקסצ'אפ,יאן ונזל יון,TH,רוטב סויה פורמולה 1 700 מל מקסצאפ,מיליליטרים,700.00,"100 מ""ל",false,1,16.90,2.4143,true,1,8462
8858271003044,false,רוטב סויה כהה פורמולה 5 700 גרם מקסצאפ,מזרח ומערב,TH,רוטב סויה כהה פורמולה 5 700 מל מקסצאפ,מיליליטרים,700.00,"100 מ""ל",false,1,16.90,2.4143,true,1,8464
8858271003068,false,"רוטב סויה מתוקה כהה 250 מ""ל מקסצאפ",מזרח ומערב,,רוטב סויה מתוקה כהה 250 מל מקסצאפ,מיליליטרים,250.00,"100 מ""ל",false,1,11.90,4.7600,true,1,8468
8858271003136,false,רוטב פטריות צמחוני 250 מ'ל - מקסצ'אפ,מזרח ומערב,TH,רוטב פטריות צמחוני 250 מל מקסצאפ,מיליליטרים,250.00,"100 מ""ל",false,1,11.90,4.7600,true,1,8470
8858271003174,false,רוטב שזיפים 700 מ'ל-מקסצ'אפ,מזרח ומערב,,רוטב שזיפים 700 מל מקסצאפ,מיליליטרים,700.00,"100 מ""ל",false,1,16.90,2.4143,true,1,8460
8858271003921,false,רוטב קארי אדום 250 מ'ל - מקסצ'אפ,יאן וואל יאן,TH,רוטב קארי אדום 250 מל מקסצאפ,מיליליטרים,250.00,"100 מ""ל",false,1,11.90,4.7600,true,1,8466
8858271003938,false,רוטב קארי ירוק 250 מ'ל - מקסצ'אפ,"ייאן וואל יון בע""מ",TH,רוטב קארי ירוק 250 מל מקסצאפ,מיליליטרים,250.00,"100 מ""ל",false,1,11.90,4.7600,true,1,8465
8858271003945,false,"רוטב קארי צהוב 250 מ""ל מקסצאפ",Yan Wal Yun Corpora,TH,רוטב קארי צהוב 250 מל מקסצאפ,מיליליטרים,250.00,"100 מ""ל",false,12,11.90,4.7600,true,1,37448
8858271004034,false,רוטב צ'ילי חריף 700 מ'ל מקסצ'אפ,דאנינג יוה פודס קו,TH,רוטב צילי חריף 700 מל מקסצאפ,מיליליטרים,700.00,"100 מ""ל",false,1,16.90,2.4143,true,1,8463
8858271004126,false,רוטב חמוץ מתוק 700 מ'ל - מקסצ'אפ,יאן ונזל יון,TH,רוטב חמוץ מתוק 700 מל מקסצאפ,מיליליטרים,700.00,"100 מ""ל",false,1,16.90,2.4143,true,1,8461
8858271004300,false,רוטב טריאקי 700 מ'ל מקסצ'אפ,דאנינג יוה פודס קו,TH,רוטב טריאקי 700 מל מקסצאפ,מיליליטרים,700.00,"100 מ""ל",false,1,21.90,3.1286,true,1,9251
8858271004423,false,"רוטב טום ים 250 מ""ל מקסצ'אפ",מזרח ומערב,,רוטב טום יאם 250 מל מקסצאפ,מיליליטרים,250.00,"100 מ""ל",false,1,11.90,4.7600,true,1,9418
8858271004461,false,מחית תמרינד מאקסצאפ,Yan Wal Yun Corpora,,מחית תמרינד מאקסצאפ 454 גר,גרמים,454.00,100 גרם,false,1,24.00,5.2863,true,1,14867
8858271004799,false,"רוטב צילי מתוק אל פורפסיס 700 מ""ל",יאן ונזל יון,TH,רוטב צילי מתוק 700 מל מקסצאפ כשלפ,מיליליטרים,700.00,"100 מ""ל",false,1,12.90,1.8429,true,1,11606
8858271005451,false,"רוטב סויה פורמולה 1 - 250 מ""ל מקסצ'אפ",yan wal yun corpara,TH,רוטב סויה 250 מל מקסצאפ,מיליליטרים,250.00,"100 מ""ל",false,1,11.90,4.7600,true,1,13193
8858271005499,false,"רוטב ברביקיו 250 מ""ל מקצ'אפ",Yan Wal Yun Corpora,,רוטב בקביקיו 250 מל מקסצאפ,מיליליטרים,250.00,"100 מ""ל",false,1,11.90,4.7600,true,1,13194
8858271005772,false,"רוטב סויה ללא גלוטן (תמרי)300 מ""ל (כ)",יאן ונזל יון,TH,רוטב סויה תמרי ללא גלוטן 300 מל,מיליליטרים,300.00,"100 מ""ל",false,1,16.90,5.6333,true,1,27161
8858359000255,false,עלי קפיר ליים יבשים 30 גר (שופרא),סופר גיי,TH,עלי קפיר ליים יבשים 30 גרם,Unknown,0.00,Unknown,false,60,10.90,0.0000,true,1,30477
8858960302878,false,סיאם רוטב קוקוס ותמרהינדי 100 ג',,TH,רוטב קוקוס סיאם ותמרהינדי 100 גרם,גרמים,100.00,100 גרם,false,6,11.90,11.9000,true,1,50126
8858960302892,false,סיאם רוטב צ'ילי ובזיליקום תאילנדי 100 ג',,TH,רוטב צילי סיאם ובזיליקום תאילנדי 100 גרם,גרמים,100.00,100 גרם,false,6,11.90,11.9000,true,1,50124
8858960302915,false,רוטב צילי סיאם וסוכר,,TH,רוטב צילי סיאם וסוכר קוקוס 100 גרם,גרמים,100.00,100 גרם,false,6,11.90,11.9000,true,1,50125
8858960302939,false,סיאם ערכה להכנת קארי צהוב 260 ג',,TH,ערכת סיאם להכנת קארי צהוב 260 גרם,גרמים,260.00,100 גרם,false,6,24.90,9.5769,true,1,50122
8858960302953,false,סיאם ערכה להכנת קארי מאסאמן 260 ג',,TH,ערכת סיאם להכנת קארי מאסאמן 260 גרם,גרמים,260.00,100 גרם,false,6,24.90,9.5769,true,1,50123
8858960303233,false,"סיאם שמן בתיבול למון גראס 150 מ""ל",,TH,שמן למון גראס סיאם לבישול בווק 150 מל,מיליליטרים,150.00,"100 מ""ל",false,6,19.90,13.2667,true,1,50119
8858960303370,false,סיאם ערכה להכנת ספרינג רול 260 ג',,TH,ערכת סיאם להכנת ספרינג רול 260 גרם,גרמים,260.00,100 גרם,false,6,24.90,9.5769,true,1,50117
8859387802484,false,תערובת עשבי תיבול טו,שופרא,,תערובת עשבי תיבול טום ים 100גר כפיר,Unknown,0.00,Unknown,false,1,12.90,0.0000,true,1,51918
8888021200256,false,סוללות אנרג'ייזר AA מקס 8 יחידות,יצרן: אנרג'ייזר סינג,SG,סוללות אנרגייזר שמינייה AA,יחידה,8.00,יחידה,false,1,24.90,3.1125,true,1,3994
8888021200720,false,סוללות אנרג'ייזר AAA מקס 8 יחידות,יצרן: אנרג'ייזר סינג,SG,סוללות אנרגייזר AAA שמינייה,יחידה,8.00,יחידה,false,1,24.90,3.1125,true,1,3149
8888056700110,false,נודלס אינסטנט טעם ירקות קוקה 425 גרם,,SG,נודלס אינסטנט טעם ירקות 5 יח 425 גרם,גרמים,425.00,100 גרם,false,12,21.90,5.1529,true,1,45817
8888056701117,false,נודלס אינסטנט טעם עוף קוקה 425 גרם,,SG,נודלס אינסטנט טעם עוף 5 יח 425 גרם,גרמים,425.00,100 גרם,false,12,21.90,5.1529,true,1,45814
8888056702220,false,נודלס אינסטנט טעם בקר קוקה 425 גרם,,SG,נודלס אינסטנט טעם בקר 5 יח 425 גרם,גרמים,425.00,100 גרם,false,12,21.90,5.1529,true,1,45815
8888056706662,false,נודלס אינסטנט טעם פטריות קוקה 425 גרם,,SG,נודלס אינסטנט טעם פטריות 5 יח 425 גרם,גרמים,425.00,100 גרם,false,12,21.90,5.1529,true,1,45819
8888056708888,false,נודלס אינסטנט טעם טו,,SG,נודלס אינסטנט טעם טום יאם 5 יח 425 גרם,גרמים,425.00,100 גרם,false,12,21.90,5.1529,true,1,45818
8888056709991,false,נודלס אינסטנט טעם ספ,,SG,נודלס אינסטנט טעם ספייסי 5 יח 425 גרם,גרמים,425.00,100 גרם,false,12,21.90,5.1529,true,1,45816
8888757101506,false,100% שמן מזוכך משומשום קלוי,אוך אייק גואן פוד אי,,שמן שומשום טהור 150 מל,מיליליטרים,150.00,"100 מ""ל",false,1,12.00,8.0000,true,1,2744
8888757103005,false,"שמן שומשום טהור 300 מ""ל",אוך אייק גואן פוד אינדוס,SG,שמן שומשום טהור 300 מל,מיליליטרים,300.00,"100 מ""ל",false,1,18.90,6.3000,true,1,2745
8901138500306,false,משחת שיניים איורודית עם פלואוריד מן הטבע,הימלאיה Himalaya,IN,משחת שיניים הימלאיה 100 גרם,גרמים,100.00,100 גרם,false,1,17.90,17.9000,true,1,20200
8901138825577,false,"משחת שיניים הימלאיה להגנה מושלמת 75 מ""ל",הימלאיה Himalaya,IN,משחת שיניים הימלאיה הגנה מושלמת 75מל,מיליליטרים,75.00,"100 מ""ל",false,1,17.90,23.8667,true,1,20196
8901138825591,false,"משחת שיניים הימלאיה מלבינה 75 מ""ל",הימלאיה Himalaya,IN,משחת שיניים הימלאיה מלבינה 75מל,מיליליטרים,75.00,"100 מ""ל",false,1,17.90,23.8667,true,1,20197
8901138825614,false,"משחת שיניים הימלאיה מינט פרש 75 מ""ל",הימלאיה,IN,משחת שיניים הימלאיה מינט פרש 75מל,מיליליטרים,75.00,"100 מ""ל",false,1,17.90,23.8667,true,1,20199
8901537024014,false,"אורז בסמטי מובחר 1 ק""ג - דוואט) יורה דיעה",הנסיך- מפעל לייצור ט,IN,אורז בסמטי מובחר 1 קג דאוואט,קילוגרמים,1.00,"ק""ג",false,1,13.90,13.9000,true,1,6881
8901537076679,false,"אורז בסמטי חום מהדרין ויליפוד 1 ק""ג",האי נאם סי או אל.טי.,IN,אורז בסמטי דאוואט מלא 1 קג,קילוגרמים,1.00,"ק""ג",false,1,14.90,14.9000,true,1,22589
8904004402056,false,מהרג'ה - חטיף הודי הכל באחד,,IN,חטיף הודי הכל באחד 200 גרם,גרמים,200.00,100 גרם,false,40,10.90,5.4500,true,1,49035
8904004402810,false,חטיף הודי פנצרטן ביס,,IN,חטיף הודי פנצרטן ביסי תפוא 150גרם,גרמים,150.00,100 גרם,false,40,12.90,8.6000,true,1,49036
8904004403756,false,חטיף הודי מונג דל עד,,IN,חטיף הודי מונג דל עדשים 150 גרם,גרמים,150.00,100 גרם,false,40,10.90,7.2667,true,1,49034
8904004405316,false,ממתק חלבה סון פפדי ב,,IN,ממתק חלבה סון פפדי בסיס קמח חיטה250גרם,גרמים,250.00,100 גרם,false,36,14.90,5.9600,true,1,49039
8906000596999,false,"אורז בסמתי מלא 1ק""ג שוקחה",ציימן לאל סטיה,IN,אורז בסמטי מלא מיתאס 1 קג,קילוגרמים,1.00,"ק""ג",false,1,11.90,11.9000,true,1,16318
8906059700385,false,תבשיל הודי צאנה מסאלה עם חומוס 300 גרם,טייסט'ל פיין פוד פי,IN,תבשיל סייטל הודי מסאלה חומוס 300 גרם,גרמים,300.00,100 גרם,false,20,15.90,5.3000,true,1,27953
8906059700408,false,תבשיל הודי דאל מקאני עם שעועית 300 גרם,טייסט'ל פיין פוד פי,IN,תבשיל סייטל הודי מאקאני שעועית 300 גרם,גרמים,300.00,100 גרם,false,20,15.90,5.3000,true,1,27951
8906059700507,false,תבשיל הודי דאל טדקה עם עדשים 300 גרם,טייסט'ל פיין פוד פי,IN,תבשיל סייטל הודי טדקה עם עדשים 300 גרם,גרמים,300.00,100 גרם,false,20,15.90,5.3000,true,1,27950
8906059702648,false,תבשיל אורגני עדשים ושעועית עם קארי 285 ג,טייסט'ל פיין פוד פי,IN,תבשיל סייטל הודי שעועית ברוטב קארי285גר,גרמים,285.00,100 גרם,false,20,17.90,6.2807,true,1,45299
8906059702655,false,תבשיל אורגני עדשים אדומות בקארי 285 ג,טייסט'ל פיין פוד פי,IN,תבשיל סייטל הודי עדשים ברוטב קארי285גר,גרמים,285.00,100 גרם,false,20,17.90,6.2807,true,1,45300
8906059703614,false,תבשיל הודי דאל תרד 300 גרם,טייסט'ל פיין פוד פי,IN,תבשיל סייטל הודי דאל תרד 300 גרם,גרמים,300.00,100 גרם,false,20,15.90,5.3000,true,1,27952
8908001017213,false,חטיף תירס בטעם טבעי 150 גרם,,IN,חטיף קורנטי בטעם טבעי 150 גרם,גרמים,150.00,100 גרם,false,16,12.90,8.6000,true,1,49641
8908001017558,false,חטיף תירס בטעם צילי מתוק 150 גרם,,IN,חטיף קורנטי בטעם צילי מתוק 150 גרם,גרמים,150.00,100 גרם,false,16,12.90,8.6000,true,1,49643
8934878081811,false,"דפי אורז 22 ס""מ 400 גר'(Trav) ללא גלוטן",דאנינג יוה פודס קו,VN,דפי אורז עגול 22סמ 400 גרם,גרמים,400.00,100 גרם,false,1,13.90,3.4750,true,1,10446
8934878081866,false,"דפי אורז 22 ס""מ מרובעים 400 גרם TRAV",Chanh Khang Company,TH,דפי אורז מרובע 22סמ 400 גרם,גרמים,400.00,100 גרם,false,1,13.90,3.4750,true,1,14866
8936144250105,false,מי קוקוס אורגניים וי,,VN,ויקו מי קוקוס אורגני 100% 1 ליטר,ליטרים,1.00,ליטר,false,12,18.90,18.9000,true,1,40720
8938535541366,false,דפי אורז צבעוניים ללא גלוטן 400 גרם,Ltd Company Khang .Chanh,VN,דפי אורז צבעוני עגול 22 סמ 400 גרם,גרמים,400.00,100 גרם,false,25,14.90,3.7250,true,1,38602
9000100590693,false,"סאיוס - מוס לשיער לייצוב מקסימלי 250 מ""ל",שוורצקופ,DE,מוס לשיער סאיוס לייצוב מקסימלי 250מל,מיליליטרים,250.00,"100 מ""ל",false,1,24.90,9.9600,true,1,21345
9000100590938,false,"סאיוס - מוס לשיער ליצירת נפח 250 מ""ל",שוורצקוף,DE,מוס סאיוס ליצירת נפח 250מל,מיליליטרים,250.00,"100 מ""ל",false,1,24.90,9.9600,true,1,21343
9000100760591,false,"פה - דאודורנט רול און לגבר אינוויזיבל פאוואר 50 מ""ל",שוורצקופף והנקל,TR,דאו פה רול 50 מל כח ללא סימן,מיליליטרים,50.00,"100 מ""ל",false,1,11.90,23.8000,true,1,21327
9000100798709,false,"דאודורנט פה רול און כוח המשיכה 50 מ""ל",שוורצקופף והנקל,DE,דאו פה רול און כח המשיכה 50 מל,מיליליטרים,50.00,"100 מ""ל",false,1,11.90,23.8000,true,1,12528
9000100806657,false,"פה - דאודורנט רול און לאישה בלתי נראה 50 מ""ל",שוורצקופף והנקל,DE,דאו פה רול און ספורט ללא סימן 50 מל,מיליליטרים,50.00,"100 מ""ל",false,1,11.90,23.8000,true,1,10400
9000101329322,false,סבון אסלה בניחוח מתחלף תפוח נופר 50 ג' ברף,הנקל סוד,RS,סבון אסלה ברף ניחוח מתחלף תפוח נופר 50גר,Unknown,0.00,Unknown,false,10,9.90,0.0000,true,1,44698
9000101329742,false,סבון אסלה בניחוח מתחלף אפרסק תפוח 50 ג' ברף,הנקל סוד,RS,סבון אסלה ברף ניחוח מתחלף אפרסק תפוח50גר,Unknown,0.00,Unknown,false,10,9.90,0.0000,true,1,44699
9000101372878,false,קפסולות דיסקס לניקוי כביסה לבנה וצבעונית Deep Clean,פרסיל Persil,HU,קפסולות פרסיל דיסקס לכביסה לבנה 22יח,יחידה,22.00,יחידה,false,6,34.90,1.5864,true,1,39805
9000101375268,false,ברף דלקס שלישייה ניחוח יסמין,הנקל,RS,מארז 3 יח סבון אסלה סוד ברף יסמין מתחלף,יחידה,3.00,יחידה,false,1,14.90,4.9667,true,1,50311
9000101375299,false,ברף דלקס שלישייה ניחוח מגנוליה,הנקל,RS,מארז 3 יח סבון אסלה סוד ברף מגנוליה מתחל,יחידה,3.00,יחידה,false,1,14.90,4.9667,true,1,50310
9000101380255,false,פרסיל דיסקס לכביסה ניקיון היגייני 22 יחידות,פרסיל Persil,HU,קפסולות פרסיל דיסקס ניקיון היגייני 22יח,יחידה,22.00,יחידה,false,6,34.90,1.5864,true,1,44690
9000101417029,false,ברף דלקס סבון אסלה יסמין 50 גר,סוד,,סבון אסלה סוד ברף דלקס יסמין כדוריות,Unknown,0.00,Unknown,false,1,8.90,0.0000,true,1,35472
9000101417081,false,סבון אסלה ברף דלקס מגנוליה 50 גרם,גורי,RS,סבון אסלה סוד ברף דלקס מגנוליה כדוריות,Unknown,0.00,Unknown,false,1,8.90,0.0000,true,1,35473
9000101418163,false,"סבון אסלה בניחוח מתחלף תפוח ירוק נופר, 3 יחידות",ברף Bref,RS,מארז 3 יח סבון אסלה סוד ברף תפוח מתחלף,יחידה,3.00,יחידה,false,1,14.90,4.9667,true,1,48511
9000101504484,false,קולור קאצר +ניקיון הגייני 10 שקיות,"הנקל סוד בע""\מ",HU,דפי קולור קאצר ניקיון היגייני 10שקיות,יחידה,10.00,יחידה,false,1,15.90,1.5900,true,1,39804
9000101509069,false,ברף - סבון אסלה ג'ל גשם אביב שלשות,הנקל,RS,מארז 3יח סבון אסלה ברף בריליאנט גשם אביב,יחידה,3.00,יחידה,false,1,14.90,4.9667,true,1,51553
9000101509151,false,ברף - סבון אסלה ג'ל אוקיינוס הקרח הצפוני שלשות,הנקל,RS,מארז 3יח סבון אסלה ברף בריליאנט אוקיינוס,יחידה,3.00,יחידה,false,1,14.90,4.9667,true,1,51552
9000101511635,false,קפסולות ג'ל לכביסה פרסיל דיסקס לעור רגיש,פרסיל Persil,HU,פרסיל דיסקס סנסיטיב 22יח,יחידה,22.00,יחידה,false,6,34.90,1.5864,true,1,48482
9000101512526,false,פרסיל - פאוור קאפס קפסולות ג'ל מרוכזות לכביסה 26 יח',קריות זול,RS,קפסולות פרסיל פאוור כביסה לבנה צבע 26יח,יחידה,26.00,יחידה,false,6,34.90,1.3423,true,1,44694
9000101520965,false,"סבון אסלה בניחוח מתחלף לוטוס עדין במבוק, 3 יחידות",ברף Bref,RS,מארז 3 יח סבון אסלה סוד ברף לוטוס מתחלף,יחידה,3.00,יחידה,false,1,14.90,4.9667,true,1,48510
9000101521436,false,ברף בניחוח מתחלף לוטוס במבוק 50 גר,הנקל סוד,RS,סבון אסלה ברף ניחוח מתחלף לוטוס במבו50גר,Unknown,0.00,Unknown,false,10,9.90,0.0000,true,1,44700
9000101537550,false,פרסיל קאפסולות לכביסה לבנה וצבעונית 52 יח',הנקל סוד,HU,קפסולות גל כב. פרסיל פאוור 52יח,יחידה,52.00,יחידה,false,4,49.90,0.9596,true,1,49443
9000101537581,false,פרסיל קאפסולות לכביסה צבעונית 52 יחידו,הנקל סוד,HU,קפסולות גל כב. פרסיל פאוור 52יח,יחידה,52.00,יחידה,false,4,49.90,0.9596,true,1,49444
9000101548419,false,קולור קאצ`ר דפים למכונת לכביסה מחדש צבע לבן 18 יח',"הנקל סוד בע""\מ",IE,דפים למכונת כביסה למניעת מעבר צבעים 18דף,יחידה,18.00,יחידה,false,12,15.90,0.8833,true,1,50312
9000331607955,false,וופל טורצן בטעם קקאו,,AT,וופל מאנר מוס קרם אגוזים 400 גרם,גרמים,400.00,100 גרם,false,1,22.90,5.7250,true,1,46171
9000331607993,false,וופל מאנר קרם אגוזים,,AT,וופל מאנר קרם אגוזים מצופה 400 גרם,גרמים,400.00,100 גרם,false,1,22.90,5.7250,true,1,46252
9000331627540,false,וופל מאנר מילוי קרם,,AT,וופל מאנר מילוי קרם וניל 200 גרם,גרמים,200.00,100 גרם,false,1,13.90,6.9500,true,1,46237
9001511004823,false,"בירה גוסר בהירה 500 מ""ל",בראו יוניון,AT,בירה גוסר בהיר 500מל פקדון,מיליליטרים,500.00,"100 מ""ל",false,1,11.90,2.3800,true,1,10988
9001531947322,false,"מרכך כביסה פרוש לבנדר 750 מ""ל",ארדל רקס,,מרכך כביסה אקולוגי 750 מל לבנדר פרוש,מיליליטרים,750.00,"100 מ""ל",false,1,19.90,2.6533,true,1,25591
9001616202155,false,מוצץ לתינוק אולטי סיליקון ללא ביספנול 16+ מאם,מאם Mam,HU,זוג מוצצי מאמ סיליקון 16+ בן כחול,יחידה,2.00,יחידה,false,1,34.90,17.4500,true,1,22807
9001616202360,false,זוג מוצצי סיליקון זוהר בחושך 6+ חודשים Original Night,מאם Mam,HU,זוג מוצצי מאמ זוהרים בחושך 6+ בן תכלת,יחידה,2.00,יחידה,false,1,34.90,17.4500,true,1,22808
9001616203305,false,זוג פטמות X לבקבוק 6+ חודשים,מאם Mam,HU,זוג פטמות לבקבוק מאמ איקס,יחידה,2.00,יחידה,false,1,29.90,14.9500,true,1,24799
9001616203350,false,מאם זוג פטמות מס 1 זרימה איטית,General,AT,זוג פטמות לבקבוק מאמ שלב 1,יחידה,2.00,יחידה,false,1,29.90,14.9500,true,1,24796
9001616203367,false,מאם זוג פטמות מס 2 זרימה בינונית,General,AT,זוג פטמות לבקבוק מאמ שלב 2,יחידה,2.00,יחידה,false,1,29.90,14.9500,true,1,24797
9001616203626,false,מאם זוג פטמות מס 3 זרימה מהירה,General,AT,זוג פטמות לבקבוק מאמ שלב 3,יחידה,2.00,יחידה,false,1,29.90,14.9500,true,1,24798
9001616680991,false,"בקבוק לתינוק אנטי קוליק מאמ 260 מ""ל",מאם Mam,AT,בקבוק האכלה לתינוק מאמ 260מל תכלת,יחידה,1.00,יחידה,false,1,34.90,34.9000,true,1,24023
9001616681363,false,"בקבוק לתינוק אנטי קוליק מאמ 260 מ""ל",General,HU,בקבוק האכלה לתינוק מאמ 260מל ורוד,יחידה,1.00,יחידה,false,1,34.90,34.9000,true,1,24024
9001616702600,false,זוג מוצצים סיליקון מאמ 0-2 ורוד,General,HU,זוג מוצצי מאמ סיליקון 0-2 בת ורוד,יחידה,2.00,יחידה,false,1,34.90,17.4500,true,1,23995
9001616702655,false,מאם מוצצים סיליקון 0-6 לילה זוהרים ורוד,General,HU,זוג מוצצי מאמ זוהרים בחושך 0-6 בת ורוד,יחידה,2.00,יחידה,false,1,34.90,17.4500,true,1,23997
9001616702716,false,זוג מוצצים סיליקון זוהרים בלילה מאמ +6 ורוד,General,HU,זוג מוצצי מאמ זוהרים בחושך 6+ בת ורוד,יחידה,2.00,יחידה,false,1,34.90,17.4500,true,1,24002
9001616702877,false,זוג מוצצים סיליקון מאמ +16 ורוד,General,HU,זוג מוצצי מאמ סיליקון 16+ בן ורוד,יחידה,2.00,יחידה,false,1,34.90,17.4500,true,1,24022
9001616703010,false,"בקבוק תינוק 330 מ""ל ורוד",General,AT,בקבוק האכלה לתינוק מאמ 330מל ורוד,יחידה,1.00,יחידה,false,1,34.90,34.9000,true,1,24028
9001616703027,false,בקבוק האכלה לתינוק מ,General,AT,בקבוק האכלה לתינוק מאמ 330מל אפור,יחידה,1.00,יחידה,false,1,34.90,34.9000,true,1,24031
9002859026270,false,גונץ-מיץ לימון ליים(ירוק) 200 מל 1/12'(82981),GUNZ WARENHANDELS,,מיץ לימון ליים ירוק 200 מל,מיליליטרים,200.00,"100 מ""ל",false,1,4.50,2.2500,true,1,8416
9002859031434,false,גונץ - בוגי גילי פירות 250 גר,GUNZ WARENHANDELS,,סוכריות גלי פירות גונץ 250 גר,גרמים,250.00,100 גרם,false,1,11.00,4.4000,true,1,7017
9002859036583,false,לשונות חתול שוקולד חלב 100ג,GUNZ WARENHANDELS,,לשונות חתול חלב 100 גר גונץ,גרמים,100.00,100 גרם,false,1,11.00,11.0000,true,1,9090
9002859050671,false,לבבות שוקולד ברשת 100 גרם גונץ,GUNZ WARENHANDELS,DE,לבבות שוקולד גונץ ברשת 100 גרם,גרמים,100.00,100 גרם,false,24,11.00,11.0000,true,1,10855
9002859050725,false,תפזורת סנטה ברשת 100 גר גונץ,GUNZ WARENHANDELS,DE,שוקולד סנטה גונץ ברשת 100 גרם,Unknown,0.00,Unknown,false,22,11.00,0.0000,true,1,51468
9002859050749,false,גונץ-כדורי שוקולד קריסמיס רשת 100 גר,GUNZ WARENHANDELS,DE,כדורי שוקולד גונץ קריסמס ברשת 100 גרם,גרמים,100.00,100 גרם,false,24,11.00,11.0000,true,1,51466
9002859050763,false,חיפושיות שוקולד ברשת 100 גרם גונץ,GUNZ WARENHANDELS,DE,חיפושיות שוקולד גונץ ברשת 100 גרם,גרמים,100.00,100 גרם,false,24,11.00,11.0000,true,1,10852
9002859054099,false,גונץ בונבוניירת מוצרט משושה 300 גרם,GUNZ WARENHANDELS,AT,בונ.מוצרט כדורים משושה 297 גר גונץ,גרמים,300.00,100 גרם,false,1,32.90,10.9667,true,1,8100
9002859056963,false,אנשי שלג משוקולד ברשת 100 גר גונץ,GUNZ WARENHANDELS,DE,אנשי שלג משוקולד גונץ ברשת 100 גרם,גרמים,100.00,100 גרם,false,22,11.00,11.0000,true,1,51472
9002859058172,false,בונבוניירה בננה ציפוי שוקולד מריר 300 גר,GUNZ WARENHANDELS,AT,חטיף בננה בציפוי שוקולד מריר 300גר גונץ,גרמים,300.00,100 גרם,false,1,14.90,4.9667,true,1,8788
9002859061240,false,ניקו - שבבי בצל מטוגן 250 גרם,GUNZ WARENHANDELS,,שבבי בצל מטוגן 250 גר ניקו,גרמים,250.00,100 גרם,false,1,10.90,4.3600,true,1,9230
9002859067570,false,דפדפי שוקולד תפוז - גונץ 200 גרם,GUNZ WARENHANDELS,,דפדפי שוקולדה תפוז גונץ 200 גר,גרמים,100.00,100 גרם,false,1,18.00,18.0000,true,1,10018
9002859073298,false,כדורגל שוקולד ברשת 100 גרם גונץ,GUNZ WARENHANDELS,DE,כדורגל שוקולד גונץ ברשת 100 גר,גרמים,100.00,100 גרם,false,24,11.00,11.0000,true,1,10853
9002859099373,false,גונץ-מטבעות קריסמס ברשת 85 גרם,GUNZ WARENHANDELS,DE,מטבעות שוקולד גונץ קריסמס ברשת 85 גרם,Unknown,0.00,Unknown,false,24,11.00,0.0000,true,1,51465
9002859100536,false,בונבוניירה אצבעות שוקולד מוצרט 200 גרם,GUNZ WARENHANDELS,,בונ.מוצרט אצבעות 200 גרם,גרמים,200.00,100 גרם,false,1,16.90,8.4500,true,1,21279
9002975393812,false,סוכריות גילי הריבו האפי צירי 70 גרם,"האריבו , ג'\י.אם.בי.אייץ",AT,סוכריות גומי הריבו הפי צירי 70 גרם,Unknown,0.00,Unknown,false,30,6.90,0.0000,true,1,38610
9002975393829,false,סוכריות גילי הריבו פיציס 70 גרם,"האריבו , ג'\י.אם.בי.אייץ",AT,סוכריות גומי הריבו פיציס 70 גרם,Unknown,0.00,Unknown,false,30,6.90,0.0000,true,1,38612
9002975393836,false,סוכריות גילי הריבו האפי קולה 70 גרם,"האריבו , ג'\י.אם.בי.אייץ",AT,סוכריות גומי הריבו הפי קולה 70 גרם,Unknown,0.00,Unknown,false,30,6.90,0.0000,true,1,38611
9002975393843,false,סוכריות גילי הריבו גולדברס 70 גרם,"האריבו , ג'\י.אם.בי.אייץ",AT,סוכריות גומי הריבו גולדברס 70 גרם,Unknown,0.00,Unknown,false,30,6.90,0.0000,true,1,38609
9002975393850,false,סוכריות גילי הריבו וורמס 70 גרם,"האריבו , ג'\י.אם.בי.אייץ",AT,סוכריות גומי הריבו וורמס 70 גרם,Unknown,0.00,Unknown,false,30,6.90,0.0000,true,1,38613
9003100120037,false,"בירה קייזר פחית 500 מ""ל",,AT,בירה קייזר 500מל פח.פקדון,מיליליטרים,500.00,"100 מ""ל",false,24,8.90,1.7800,true,1,49735
9003400304939,false,"בירה שטיגל וייז חיטה 500 מ""ל",מבשלת שטיגל,AT,בירה שטיגל וייז חיטה 500מל פקדון,מיליליטרים,500.00,"100 מ""ל",false,1,11.90,2.3800,true,1,17645
9003400393032,false,"פחית בירה הל שטיגל 500 מ""ל",,AT,בירה הל שטיגל 500מל פח. פקדון,מיליליטרים,500.00,"100 מ""ל",false,24,10.00,2.0000,true,1,48206
9003402655084,false,"בירה שטיגל רדלר פטל פחית 500 מ""ל",,,בירה שטיגל רדלר פטל 500מל פחית פקדון,מיליליטרים,500.00,"100 מ""ל",false,24,7.90,1.5800,true,1,43516
9003402660088,false,"בירה שטיגל גולדבראו 500 מ""ל פחית",שטיגל Stiegl,AT,בירה שטיגל גולדברו 500מל פחית,מיליליטרים,500.00,"100 מ""ל",false,24,10.00,2.0000,true,1,23206
9003402663089,false,"בירה שטיגל רדלר אשכוליות 500 מ""ל פחית",,AT,בירה שטיגל רדלר 500מל פחית פקדון,מיליליטרים,500.00,"100 מ""ל",false,24,7.90,1.5800,true,1,23207
9003402664079,false,"בירה שטיגל רדלר לימון פחית 500 מ""ל",,,בירה שטיגל רדלר לימון 500מל פחית פקדון,מיליליטרים,500.00,"100 מ""ל",false,24,7.90,1.5800,true,1,43515
9005800343143,false,"ניוואה מן אפטר-שייב קול קיק פרש 100 מ""ל",ניואה,DE,אפטר שייב ניוואה מן קול קיק פרש 100מל,מיליליטרים,100.00,"100 מ""ל",false,1,49.90,49.9000,true,1,40713
9005835312602,false,טבליות למדיח קלרו 30 יח,קלרו,AT,טבליות למדיח כלים קלרו 30 יח,גרמים,600.00,100 גרם,false,5,29.90,4.9833,true,1,30586
9005835312626,false,קלרו 50 טבליות למדיח ללא פוספטים,יעקובי,AT,טבליות למדיח כלים קלרו 50 יח,קילוגרמים,1.00,"ק""ג",false,4,49.90,49.9000,true,1,30587
9005835312640,false,קלרו 80 טבליות למדיח ללא פוספטים,יעקובי,AT,טבליות למדיח כלים קלרו 80 יח,יחידה,80.00,יחידה,false,4,69.90,0.8738,true,1,30702
9005835312732,false,"קלרו נוזל הברקה למדיח כלים 500 מ""ל CLARO",יעקובי,AT,נוזל הברקה למדיח כלים קלרו 500מל,מיליליטרים,500.00,"100 מ""ל",false,12,14.90,2.9800,true,1,30590
9005835312756,false,"קלרו ניקוי יסודי למדיח כלים 250 מ""ל CLARO",יעקובי,AT,נוזל ניקוי למדיח כלים קלרו 250מל,מיליליטרים,250.00,"100 מ""ל",false,6,14.90,5.9600,true,1,30591
9005835313609,false,קלרו טבליות למדיח כלים 15 יחידות CLARO,קלרו,AT,טבליות קלרו למדיח כלים 15טבליות,יחידה,15.00,יחידה,false,5,9.90,0.6600,true,1,46663
9005835313661,false,טבליות ניקוי וחיטוי למדיח99.9% קלרו 30 יח',רלוי,AT,טבליות למדיח כלים קלרו 30 יח,יחידה,30.00,יחידה,false,5,29.90,0.9967,true,1,41247
9008700111546,false,נקטר דובדבנים חמוצים 1ל',Rauch fruchtsafte gm,HU,נקטר דובדבן 1 ל ראוך בקרטון,ליטרים,1.00,ליטר,false,1,11.90,11.9000,true,1,2871
9008700128971,false,מיץ חמוציות ראוך 1 ליטר,ראוך Rauch,,מיץ קרנברי ראוך 100% 1 ל בקרטון,ליטרים,1.00,ליטר,false,1,11.90,11.9000,true,1,34884
9008700146982,false,מיץ מולטיויטמין פרי אדומים 100% 1 ל ראוך,Rauch fruchtsafte gm,,מיץ 100% פירות אדומים 1 ל ראוך בקרטון,ליטרים,1.00,ליטר,false,1,11.90,11.9000,true,1,7433
9008700148146,false,נקטר ליצי 1 ליטר ראוך,Rauch fruchtsafte gm,HU,נקטר ליצי 1 ל ראוך בקרטון,ליטרים,1.00,ליטר,false,1,11.90,11.9000,true,1,31950
9028800139493,false,"בירה ציפפר לאגר 500 מ""ל פחית",,AT,בירה ציפפר 500מל פח.פקדון,מיליליטרים,500.00,"100 מ""ל",false,24,8.90,1.7800,true,1,49734
9028800627679,false,"בירה אדלוויס 500 מ""ל פחית",,,בירה אדלווייס 500מל פח. פקדון,מיליליטרים,500.00,"100 מ""ל",false,1,11.90,2.3800,true,1,49486
9028800639962,false,"אדלוויס בירה לבנה בקבוק 500 מ""ל",מבשלת בראו יוניון,AT,בירה אדלווייס הפטרובה 500מל פקדון,מיליליטרים,500.00,"100 מ""ל",false,1,12.90,2.5800,true,1,11615
9044400822320,false,מארז פז בובה + 10 סוכריות 85 גר,פז פרודוקשיין,HU,סוכריות פז 10יח +בובה שקית,Unknown,0.00,Unknown,false,1,14.90,0.0000,true,1,40027
9044400841000,false,סוכריות פז סוגים שונ,פופז,HU,סוכריות דמויות פז,Unknown,0.00,Unknown,false,1,13.00,0.0000,true,1,4229
9044400848931,false,מזודה פז מניונים 51 גרם,PEZ,HU,מזוודת פז מיניונים,Unknown,0.00,Unknown,false,1,59.90,0.0000,true,1,49728
9044400849105,false,סוכריות פז בשקית 10+1 85 גר,פז פרודוקשיין,HU,סוכריות פז 10יח +בובה שקית,Unknown,0.00,Unknown,false,1,14.90,0.0000,true,1,50048
9044400851672,false,סוכריות פז סוגים שונים + 3 מילויים,פז פרודקשיין יורו,HU,סוכריות דמויות פז,Unknown,0.00,Unknown,false,1,13.00,0.0000,true,1,48429
9044400885578,false,סוכריות פז בטעם פירות 82 ג',PEZ,HU,סוכריות פז מילוי פירות שמיניה,Unknown,0.00,Unknown,false,1,10.00,0.0000,true,1,50047
9120017115892,false,"יין קראכר גרונר ולטינר 750 מ""ל",,AT,יין קראכר גרונר ולטלינר 2018 750 מל,מיליליטרים,750.00,"100 מ""ל",false,1,65.00,8.6667,true,1,29419
9120025834723,false,חטיף אוראו מצונן 120 גרם רבנות,בובארד איטליה אס.פי.,IT,חטיף אוראו קפוא 120גר,גרמים,120.00,100 גרם,false,14,14.90,12.4167,true,1,50216
9120025839896,false,חטיף מילקה מצונן 128 גרם,בובארד איטליה אס.פי.,IT,חטיף מילקה קפוא 128גר,גרמים,128.00,100 גרם,false,14,14.90,11.6406,true,1,50388
9120066430014,false,טקילה סופרפרמיום בל,,MX,טקילה סופרפרמיום בלנקו 700 מל,מיליליטרים,700.00,"100 מ""ל",false,6,450.00,64.2857,true,1,29803
9120097310583,false,חטיף שוקו בננה מיניונים מצונן 108 גרם,בובארד איטליה אס.פי.,IT,חטיף שוקו בננה מיניונים 108גר קפוא,גרמים,108.00,100 גרם,false,14,14.90,13.7963,true,1,50219
9300621019711,false,מרסס שמן האוסטרלי המ,,DE,מרסס שמן אוסטרלי דקור מקורי,יחידה,1.00,יחידה,false,12,39.90,39.9000,true,1,51752
9300752030395,false,יין די בי שירז 750מל,,,יין די בי גוורטץ ריזלינג 750 מל,מיליליטרים,750.00,"100 מ""ל",false,1,45.00,6.0000,true,1,12616
9310072028743,false,טים טם ביסקוויט במילוי שוקולד 200 גרם,"ארנוטס ביסקוויטס בע""",AU,ביסקויט טים טם אורגינל 200 ג,גרמים,200.00,100 גרם,false,24,16.90,8.4500,true,1,15806
9310072028750,false,טים טם Tim Tam וופל שוקולד ציפוי כפול,"ארנוטס ביסקוויטס בע""",AU,ביסקויט טים טם דאבל 200 ג,גרמים,200.00,100 גרם,false,24,16.90,8.4500,true,1,15476
9310088007015,false,דיפנד תחבושות אוברנייט בלילה,קימברלי-קלארק,VN,תחבושות דיפנד אובר נייט 8 יחידות,Unknown,0.00,Unknown,false,1,19.90,0.0000,true,1,10288
9310297005239,false,"יין ראוסונס רטריט שרדונה 750 מ""ל",יינות מטואה,,יין שרדונה רונסונס סמיליון 2015 750 מל,מיליליטרים,750.00,"100 מ""ל",false,1,60.00,8.0000,true,1,16314
9310297010905,false,"פנפולדס קונונגה היל שיראז קברנה 750 מ""ל",,AU,יין פנפולדס קונונגה היל שיראז .ק 750 מל,מיליליטרים,750.00,"100 מ""ל",false,6,65.00,8.6667,true,1,38839
9310297028917,false,"יין פנפולדס קונונגה היל שרדונה 750 מ""ל",,AU,יין פנפולדס קונונגה היל שרדונה .ק50 מל,מיליליטרים,750.00,"100 מ""ל",false,6,65.00,8.6667,true,1,50344
9310297646258,false,יין ראוסונס רטריט שיראז קברנה 750 מל,יינות מטואה,,יין שיראז קברנה רונסונס 2015 750 מל,מיליליטרים,750.00,"100 מ""ל",false,1,60.00,8.0000,true,1,16315
9310297651887,false,יין פנפולדס קונונגה,,AU,יין פנפולדס קונונגה היל שיראז .ק 750 מל,מיליליטרים,750.00,"100 מ""ל",false,6,65.00,8.6667,true,1,49868
9311218109562,false,"יין לינדמנס בין 50 שיראז 750 מ""ל",יינות רוסונס,,יין שיראז 50 לינדמנס 2015 750 מל,מיליליטרים,750.00,"100 מ""ל",false,1,60.00,8.0000,true,1,16310
9311218110223,false,יין ס.בלאן 95 לינדמנ,יינות רוסונס,,יין ס.בלאן 95 לינדמנס 2015 750 מל,מיליליטרים,750.00,"100 מ""ל",false,1,60.00,8.0000,true,1,16313
9311218110995,false,יין לינדמנס בין 45 קברנה סובניון 750 מל,יינות רוסונס,,יין ק.סובניון 45 לינדמנס 2015 750 מל,מיליליטרים,750.00,"100 מ""ל",false,1,60.00,8.0000,true,1,16309
9312931720300,false,סכיני גילוח שיק אינטואישן לנשים שלישייה,שסטוביץ,CN,סכיני גילוח שיק אינטואישן 3 יחידות,יחידה,3.00,יחידה,false,1,32.90,10.9667,true,1,22448
9314820024957,false,רוטב בלסמי קולויטה מ,COLAVITA SpA,IT,רוטב בלסמי קולויטה מצומצם 225 מל,מיליליטרים,225.00,"100 מ""ל",false,12,29.90,13.2889,true,1,50116
9322969000015,false,פריכיות תירס בטעם אורגינל ריל פודס 150 ג',אף.סי תבליני בגליל ב,AU,פרכיות תירס אורגינל 150 גר,גרמים,150.00,100 גרם,false,1,12.90,8.6000,true,1,1772
9322969000022,false,"ריל פוד פריכיות תירס עם סויה וזרעי פשתן, ללא גלוטן 150 גרם",אף.סי תבליני בגליל ב,AU,פרכיות תירס סויה וזרעי פשתן 150 גר,גרמים,150.00,100 גרם,false,1,12.90,8.6000,true,1,1774
9322969000046,false,פריכיות תירס שומשום אורגני ריל פודס 150 ג',אף.סי תבליני בגליל ב,AU,פרכיות תירס אורגני שומשום 150 גר,גרמים,150.00,100 גרם,false,1,12.90,8.6000,true,1,1773
9322969000053,false,פריכיות אורז מלא ריל פוד 150 גר,סנו מפעלי ברונוס.,AU,פרכיות אורז מלא 150 גר,גרמים,150.00,100 גרם,false,1,12.90,8.6000,true,1,46146
9324054906394,false,כלורוקס מגבוני ניקוי אקספרט פלופאק 30 יח,כלורקס,US,מגבוני כלורקס אקספרט 30יח פלופאק,יחידה,30.00,יחידה,false,30,11.90,0.3967,true,1,44681
9324054906400,false,כלורוקס מגבוני ניקוי אקספרט במיכל 30 יח,כלורקס,US,מגבוני כלורקס אקספרט 30יח במיכל,יחידה,30.00,יחידה,false,30,18.90,0.6300,true,1,44680
9414416305528,false,יין פרייבט בין סוביניון בלאן 750 מל,ניו זילנד - וילה מרי,,יין פרייבט בין סוביניון בלאן 750 מל פקדו,מיליליטרים,750.00,"100 מ""ל",false,1,70.00,9.3333,true,1,9334
9414416306051,false,יין לבן פרייבט בין ג,ניו זילנד - וילה מרי,,יין לבן פרייבט בין גוורצטראמינר 750מל פק,מיליליטרים,750.00,"100 מ""ל",false,1,75.00,10.0000,true,1,8753
9414416501876,false,"יין פרייבט בין שרדונה 750 מ""ל וילה מריה",ניו זילנד - וילה מרי,,יין פרייבט בין שרדונה וילה מריה 750 מל,מיליליטרים,750.00,"100 מ""ל",false,1,70.00,9.3333,true,1,13689
9414416508158,false,יין פרייבט בין פינו,ניו זילנד - וילה מרי,,יין אדום פרייבט בין פינו נואר 750מל פק,מיליליטרים,750.00,"100 מ""ל",false,1,80.00,10.6667,true,1,8754
9415305122011,false,יין מטואה מרלבוך סוביניון בלאן 750 מל,יינות מטואה,,יין ס. בלאן מטואה מרלבוך 2015 750 מל,מיליליטרים,750.00,"100 מ""ל",false,1,80.00,10.6667,true,1,16316
9415305236053,false,"יין מטואה פינו נואר 750 מ""ל",יינות מטואה,,יין פינו נואר מטואה מרלבוך 2015 750 מל,מיליליטרים,750.00,"100 מ""ל",false,1,100.00,13.3333,true,1,16317
9419031002593,false,פרמניגהאם נובאדיז הירו סובניון בלאן 750מ,,NZ,יין הירו ס.בלאן פרמניגהאם נובאדיז 750 מל,מיליליטרים,750.00,"100 מ""ל",false,6,65.00,8.6667,true,1,48372
9419031002630,false,"פרמניגהאם נובאדיז הירו פינו גרי 750 מ""ל",,NZ,יין פינו גרי פרמניגהאם נובאדיז 750 מל,מיליליטרים,750.00,"100 מ""ל",false,6,65.00,8.6667,true,1,48373
9421018070396,false,יין מאד האוס ס.בלאן,,,יין מאד האוס ס.בלאן סינגל ויניארד 750 מל,מיליליטרים,750.00,"100 מ""ל",false,1,70.00,9.3333,true,1,21680
9421018071492,false,יין מאד האוס סוביניון בלאן לבן יבש 750 מ,קראכר אילמיץ,ES,יין מאד האוס סובניון בלאן לבן 750מל,מיליליטרים,750.00,"100 מ""ל",false,1,60.00,8.0000,true,1,31702
9421905673105,false,יין גסיקה פרקר רוזה,,FR,יין גסיקה פרקר רוזה אינביבו שרה 750 מל,מיליליטרים,750.00,"100 מ""ל",false,1,75.00,10.0000,true,1,40071
9555256600272,false,כפפות ניטריל מידה S,,MY,כפפות לטקס סמול 100יח עם אבקה,יחידה,100.00,יחידה,false,10,44.90,0.4490,true,1,36212
9720006678751,false,כבד דגים איסלנד 115 גרם,איטל איסלנד,IS,כבד דג שיבוט במיץ טבעי 115 גרם,גרמים,115.00,100 גרם,false,24,7.90,6.8696,true,1,24130
9720188050109,false,ממרח על בסיס סויה בסגנון גבינה טופוטי 225 גרם,טופוטי ברנדס אינק.ג',IL,ממרח טופו 225 גרם,גרמים,225.00,100 גרם,false,1,21.90,9.7333,true,1,1708
9720188060108,false,ממרח על בסיס סויה בסגון שמנת טופוטי 340 גרם,טופוטי ברנדס אינק.ג',IL,שמנת טופו בגביע 340 גרם,גרמים,340.00,100 גרם,false,1,21.90,6.4412,true,1,1709
9771565039125,false,עיתון לאישה יום ב,ידיעות אחרונות,,חוברת לאישה,Unknown,0.00,Unknown,false,1,21.90,0.0000,true,1,2623
9771565051066,false,עיתון ידיעות אחרונות,ידיעות אחרונות,,ידיעות שישי,Unknown,0.00,Unknown,false,1,20.00,0.0000,true,1,2688
9771565192431,false,עיתון מנטה יום ג`,,,מנטה,Unknown,0.00,Unknown,false,1,28.00,0.0000,true,1,2426
9999036214110,false,כיסוי הפלא של טפאל לקרש גיהוץ,,CN,כיסוי הפלא לקרש גיהוץ 44/120סמ,יחידה,1.00,יחידה,false,1,119.00,119.0000,true,1,23503
