code,internal_code,name,manufacturer_name,manufacture_country,manufacturer_item_description,unit_qty,quantity,unit_of_measure,weighted,qty_in_package,price,unit_of_measure_price,allow_discount,status,item_id
2,true,עגבניות,ביכורי שדה דרום 2002,,עגבניות,קילוגרמים,1.00,"ק""ג",true,,6.90,6.9000,true,1,116115
3,true,עגבניות שרי,ביכורי שדה דרום 2002,,עגבניות שרי,קילוגרמים,1.00,"ק""ג",true,,18.90,18.9000,true,1,116627
4,true,מלפפון,ביכורי שדה דרום 2002,,מלפפון,קילוגרמים,1.00,"ק""ג",true,,6.90,6.9000,true,1,117515
6,true,גזר ארוז,ביכורי שדה דרום 2002,,גזר ארוז,קילוגרמים,1.00,"ק""ג",true,,3.90,3.9000,true,1,117137
7,true,סלק,ביכורי שדה דרום 2002,,סלק,קילוגרמים,1.00,"ק""ג",true,,3.90,3.9000,true,1,115528
8,true,כרוב לבן,ביכורי שדה דרום 2002,,כרוב לבן,קילוגרמים,1.00,"ק""ג",true,,4.50,4.5000,true,1,115692
10,true,תפוח אדמה ירושלמי/כו,ירק הגליל,,תפוח אדמה ירושלמי/כוזביה,קילוגרמים,1.00,"ק""ג",true,,13.90,13.9000,true,1,114267
11,true,שזיף שגיב,ביכורי שדה דרום 2002,,שזיף שגיב,קילוגרמים,1.00,"ק""ג",true,,19.90,19.9000,true,1,152127
12,true,כרוב אדום,ביכורי שדה דרום 2002,,כרוב אדום,קילוגרמים,1.00,"ק""ג",true,,5.90,5.9000,true,1,116423
13,true,כרובית,ביכורי שדה דרום 2002,,כרובית,קילוגרמים,1.00,"ק""ג",true,,6.90,6.9000,true,1,116450
15,true,צנונית ארוזה,ביכורי שדה דרום 2002,,צנונית ארוזה,Unknown,0.00,Unknown,false,1,3.90,0.0000,true,1,116468
16,true,קישואים,ביכורי שדה דרום 2002,,קישואים,קילוגרמים,1.00,"ק""ג",true,,7.90,7.9000,true,1,114534
19,true,תרד,,,תרד,Unknown,0.00,Unknown,false,1,7.90,0.0000,true,1,116973
20,true,חציל,ביכורי שדה דרום 2002,,חציל,קילוגרמים,1.00,"ק""ג",true,,6.90,6.9000,true,1,116540
21,true,חצילון,,,חצילון,קילוגרמים,1.00,"ק""ג",true,,7.90,7.9000,true,1,159857
22,true,פלפל ירוק,ביכורי שדה דרום 2002,,פלפל ירוק,קילוגרמים,1.00,"ק""ג",true,,6.90,6.9000,true,1,117000
23,true,פלפל בהיר,ביכורי שדה דרום 2002,,פלפל בהיר,קילוגרמים,1.00,"ק""ג",true,,6.90,6.9000,true,1,117009
25,true,פלפל חריף ירוק,ביכורי שדה דרום 2002,,פלפל חריף ירוק,קילוגרמים,1.00,"ק""ג",true,,8.90,8.9000,true,1,115142
26,true,פלפל אדום,ביכורי שדה דרום 2002,,פלפל אדום,קילוגרמים,1.00,"ק""ג",true,,9.90,9.9000,true,1,114637
27,true,פלפל צהוב,ביכורי שדה דרום 2002,,פלפל צהוב,קילוגרמים,1.00,"ק""ג",true,,10.90,10.9000,true,1,115149
28,true,פלפל כתום,ביכורי שדה דרום 2002,,פלפל כתום,קילוגרמים,1.00,"ק""ג",true,,6.90,6.9000,true,1,145858
30,true,מלון,ביכורי שדה דרום 2002,,מלון,קילוגרמים,1.00,"ק""ג",true,,4.90,4.9000,true,1,115173
31,true,בצל יבש,ביכורי שדה דרום 2002,,בצל יבש,קילוגרמים,1.00,"ק""ג",true,,3.50,3.5000,true,1,115762
32,true,בצל יבש לבן,ביכורי שדה דרום 2002,,בצל יבש לבן,קילוגרמים,1.00,"ק""ג",true,,5.90,5.9000,true,1,150983
33,true,בצל יבש אדום,ביכורי שדה דרום 2002,,בצל יבש אדום,קילוגרמים,1.00,"ק""ג",true,,6.90,6.9000,true,1,116635
34,true,בצל ירוק,,,בצל ירוק ארוז,Unknown,0.00,Unknown,false,1,3.90,0.0000,true,1,116177
35,true,קולורבי,ביכורי שדה דרום 2002,,קולורבי,קילוגרמים,1.00,"ק""ג",true,,8.90,8.9000,true,1,114969
36,true,חסה ערבית,ביכורי שדה דרום 2002,,חסה ערבית,Unknown,0.00,Unknown,false,1,3.90,0.0000,true,1,115771
37,true,חסה עגולה,ביכורי שדה דרום 2002,,חסה עגולה,Unknown,0.00,Unknown,false,1,5.90,0.0000,true,1,117071
44,true,לוף,ביכורי שדה דרום 2002,,לוף,קילוגרמים,1.00,"ק""ג",true,,12.90,12.9000,true,1,117538
46,true,שעועית ירוקה,ביכורי שדה דרום 2002,,שעועית ירוקה,קילוגרמים,1.00,"ק""ג",true,,17.90,17.9000,true,1,161415
48,true,שעועית בולגרית,ביכורי שדה דרום 2002,,שעועית בולגרית,קילוגרמים,1.00,"ק""ג",true,,17.90,17.9000,true,1,156242
50,true,דלעת,ביכורי שדה דרום 2002,,דלעת,קילוגרמים,1.00,"ק""ג",true,,11.50,11.5000,true,1,115803
51,true,דלורית,ביכורי שדה דרום 2002,,דלורית,קילוגרמים,1.00,"ק""ג",true,,7.90,7.9000,true,1,116680
52,true,שמיר ארוז,,,שמיר ארוז,Unknown,0.00,Unknown,false,1,3.90,0.0000,true,1,115810
53,true,כוסברה ארוזה,,,כוסברה ארוזה,Unknown,0.00,Unknown,false,1,3.90,0.0000,true,1,117556
54,true,נענע ארוזה,,,נענע ארוזה,Unknown,0.00,Unknown,false,1,3.90,0.0000,true,1,115193
55,true,סלרי ראש ארוז,,,סלרי ראש ארוז,Unknown,0.00,Unknown,false,1,4.90,0.0000,true,1,117559
56,true,סלרי אמריקאי ארו,,,סלרי אמריקאי ארו,Unknown,0.00,Unknown,false,1,4.90,0.0000,true,1,117564
57,true,שורש פטרוזיליה ארוז,,,שורש פטרוזיליה ארוז,Unknown,0.00,Unknown,false,1,4.90,0.0000,true,1,117566
60,true,תפוח עץ זהב,ביכורי שדה דרום 2002,,תפוח זהב,קילוגרמים,1.00,"ק""ג",true,,9.90,9.9000,true,1,116248
61,true,תפוח עץ סמיט גרנד,ביכורי שדה דרום 2002,,"תפו""ע סמיט גרנד",קילוגרמים,1.00,"ק""ג",true,,9.90,9.9000,true,1,115496
66,true,נבטי אלפלפא,,,נבטי אלפלפא,Unknown,0.00,Unknown,false,1,5.90,0.0000,true,1,117603
67,true,תפוח עץ גלה,ביכורי שדה דרום 2002,,תפוח עץ גלה,קילוגרמים,1.00,"ק""ג",true,,11.90,11.9000,true,1,115233
71,true,דלעת ספגטי,,,דלעת ספגטי,קילוגרמים,1.00,"ק""ג",true,,13.90,13.9000,true,1,162564
87,true,מנגולד ארוז,,,מנגולד ארוז,Unknown,0.00,Unknown,false,1,5.90,0.0000,true,1,116397
89,true,ארטישוק,ביכורי שדה דרום 2002,,ארטישוק,קילוגרמים,1.00,"ק""ג",true,,19.90,19.9000,true,1,146315
90,true,נבטים,ביכורי שדה דרום 2002,,נבטים,Unknown,0.00,Unknown,false,1,5.90,0.0000,true,1,116401
91,true,נבטים אלפלפא,ביכורי שדה דרום 2002,,נבטים אלפלפא,Unknown,0.00,Unknown,false,1,5.90,0.0000,true,1,117277
96,true,פטריות במשקל,מרינה פטריות הגליל,,פטריות במשקל,קילוגרמים,1.00,"ק""ג",true,,29.90,29.9000,true,1,115994
97,true,שום יבש,,,שום יבש,Unknown,0.00,Unknown,false,1,5.90,0.0000,true,1,115741
99,true,שומר,ביכורי שדה דרום 2002,,שומר,קילוגרמים,1.00,"ק""ג",true,,5.90,5.9000,true,1,114922
101,true,תירס ארוז,ביכורי שדה דרום 2002,,תירס ארוז,קילוגרמים,1.00,"ק""ג",true,,9.90,9.9000,true,1,114339
102,true,בטטה,ביכורי שדה דרום 2002,,בטטה,קילוגרמים,1.00,"ק""ג",true,,8.90,8.9000,true,1,114145
103,true,ברוקולי ארוז,ביכורי שדה דרום 2002,,ברוקולי ארוז,קילוגרמים,1.00,"ק""ג",true,,14.90,14.9000,true,1,114229
104,true,תפוח אדמה לבן,ביכורי שדה דרום 2002,,"תפו""א לבן",קילוגרמים,1.00,"ק""ג",true,,2.90,2.9000,true,1,114151
105,true,תפוח אדמה אדום,ביכורי שדה דרום 2002,,"תפו""א אדום",קילוגרמים,1.00,"ק""ג",true,,3.90,3.9000,true,1,114152
106,true,תפוח עץ ורוד,ביכורי שדה דרום 2002,,"תפו""ע ורוד",קילוגרמים,1.00,"ק""ג",true,,13.90,13.9000,true,1,114345
107,true,תפוח עץ חרמון/סטרקינ,ביכורי שדה דרום 2002,,"תפו""ע חרמון/סטרקינג",קילוגרמים,1.00,"ק""ג",true,,11.90,11.9000,true,1,114248
108,true,אגס ירוק,ביכורי שדה דרום 2002,,אגס ירוק,קילוגרמים,1.00,"ק""ג",true,,9.90,9.9000,true,1,114250
109,true,אגס אדום,ביכורי שדה דרום 2002,,אגס אדום,קילוגרמים,1.00,"ק""ג",true,,16.90,16.9000,true,1,145794
110,true,בננה,ביכורי שדה דרום 2002,,בננה,קילוגרמים,1.00,"ק""ג",true,,6.90,6.9000,true,1,114170
111,true,ענב לבן,ביכורי שדה דרום 2002,,ענב לבן,קילוגרמים,1.00,"ק""ג",true,,19.90,19.9000,true,1,147895
112,true,ענב שחור,ביכורי שדה דרום 2002,,ענב שחור,קילוגרמים,1.00,"ק""ג",true,,19.50,19.5000,true,1,114482
113,true,שזיף אדום,ביכורי שדה דרום 2002,,שזיף אדום,קילוגרמים,1.00,"ק""ג",true,,17.90,17.9000,true,1,114368
115,true,פטריות יער במשקל,,,פטריות יער במשקל,קילוגרמים,1.00,"ק""ג",true,,29.90,29.9000,true,1,114191
116,true,אפרסק,ביכורי שדה דרום 2002,,אפרסק,קילוגרמים,1.00,"ק""ג",true,,11.90,11.9000,true,1,149429
117,true,נקטרינה,ביכורי שדה דרום 2002,,נקטרינה,קילוגרמים,1.00,"ק""ג",true,,11.90,11.9000,true,1,149428
118,true,מנגו,ביכורי שדה דרום 2002,,מנגו,קילוגרמים,1.00,"ק""ג",true,,12.90,12.9000,true,1,114201
119,true,תפוזים,ביכורי שדה דרום 2002,,תפוזים,קילוגרמים,1.00,"ק""ג",true,,5.90,5.9000,true,1,114200
120,true,תפוז ברשת,ביכורי שדה דרום 2002,,תפוז דם,קילוגרמים,1.00,"ק""ג",true,,5.90,5.9000,true,1,146040
123,true,אשכולית לבנה,ביכורי שדה דרום 2002,,אשכולית,קילוגרמים,1.00,"ק""ג",true,,7.90,7.9000,true,1,145512
125,true,לימון,ביכורי שדה דרום 2002,,לימון,קילוגרמים,1.00,"ק""ג",true,,7.90,7.9000,true,1,114285
126,true,קלמנטינה,ביכורי שדה דרום 2002,,קלמנטינה,קילוגרמים,1.00,"ק""ג",true,,7.50,7.5000,true,1,117335
127,true,פומלה אדומה,ביכורי שדה דרום 2002,,פומלה אדומה,קילוגרמים,1.00,"ק""ג",true,,7.90,7.9000,true,1,117336
128,true,פומלית,ביכורי שדה דרום 2002,,פומלית,קילוגרמים,1.00,"ק""ג",true,,7.90,7.9000,true,1,115034
129,true,אבוקדו,ביכורי שדה דרום 2002,,אבוקדו,קילוגרמים,1.00,"ק""ג",true,,12.90,12.9000,true,1,115417
130,true,פלפל שושקה,,,פלפל שושקה,קילוגרמים,1.00,"ק""ג",true,,13.90,13.9000,true,1,145510
131,true,אפרסמון,ביכורי שדה דרום 2002,,אפרסמון,קילוגרמים,1.00,"ק""ג",true,,14.90,14.9000,true,1,117337
132,true,קיווי,ביכורי שדה דרום 2002,,קיווי,קילוגרמים,1.00,"ק""ג",true,,16.90,16.9000,true,1,115431
134,true,אנונה,ביכורי שדה דרום 2002,,אנונה,קילוגרמים,1.00,"ק""ג",true,,21.90,21.9000,true,1,116908
138,true,סברס,ביכורי שדה דרום 2002,,סברס,קילוגרמים,1.00,"ק""ג",true,,26.90,26.9000,true,1,115438
139,true,רימון,ביכורי שדה דרום 2002,,רימון,קילוגרמים,1.00,"ק""ג",true,,8.90,8.9000,true,1,115439
141,true,לימון סיני/ליים,ביכורי שדה דרום 2002,,לימון סיני/ליים,קילוגרמים,1.00,"ק""ג",true,,11.90,11.9000,true,1,146148
143,true,אננס,ביכורי שדה דרום 2002,,אננס,Unknown,0.00,Unknown,false,1,29.90,0.0000,true,1,117347
146,true,פטאיה,,,פטאיה,קילוגרמים,1.00,"ק""ג",true,,29.90,29.9000,true,1,116046
149,true,צנון שחור,ביכורי שדה דרום 2002,,צנון שחור,קילוגרמים,1.00,"ק""ג",true,,9.90,9.9000,true,1,145687
151,true,קרמבולה,ביכורי שדה דרום 2002,,קרמבולה,קילוגרמים,1.00,"ק""ג",true,,29.90,29.9000,true,1,145602
152,true,אבטיח,ביכורי שדה דרום 2002,,אבטיח,קילוגרמים,1.00,"ק""ג",true,,5.90,5.9000,true,1,114524
153,true,פטרוזיליה ארוזה,,,פטרוזיליה ארוזה,Unknown,0.00,Unknown,false,1,3.90,0.0000,true,1,114526
157,true,קובו,ירק הגליל,,קובו,קילוגרמים,1.00,"ק""ג",true,,27.90,27.9000,true,1,115458
159,true,אפרסמון קרמבו,ירק הגליל,,אפרסמון קרמבו,קילוגרמים,1.00,"ק""ג",true,,14.90,14.9000,true,1,116475
160,true,תפוח עץ יונתן,ביכורי שדה דרום 2002,,"תפו""ע יונתן",קילוגרמים,1.00,"ק""ג",true,,9.90,9.9000,true,1,147992
162,true,ערמונים,,,ערמונים,קילוגרמים,1.00,"ק""ג",true,,17.90,17.9000,true,1,145684
163,true,פומלה לבנה,ביכורי שדה דרום 2002,,פומלה לבנה,קילוגרמים,1.00,"ק""ג",true,,7.90,7.9000,true,1,116068
171,true,תפוח אדמה למיקרו 700,ביכורי שדה דרום 2002,,"תפו""א למיקרו",גרמים,700.00,100 גרם,false,1,5.90,0.8429,true,1,114554
173,true,אוכמניות טריות,פרי וירק טמרה ושותפי,,אוכמניות,Unknown,0.00,Unknown,false,1,14.90,0.0000,true,1,114423
178,true,זוקיני,,,זוקיני,קילוגרמים,1.00,"ק""ג",true,,9.90,9.9000,true,1,116956
179,true,דלעת ערמונים,ירק הגליל,,דלעת ערמונים,קילוגרמים,1.00,"ק""ג",true,,14.90,14.9000,true,1,115073
185,true,אשכולית אדומה,ביכורי שדה דרום 2002,,אשכולית אדומה,קילוגרמים,1.00,"ק""ג",true,,7.90,7.9000,true,1,114579
186,true,גינגיר ארוז,,,"ג""ינג""יר ארוז",Unknown,0.00,Unknown,false,1,11.90,0.0000,true,1,115089
187,true,אגס חום,ביכורי שדה דרום 2002,,אגס חום,קילוגרמים,1.00,"ק""ג",true,,16.90,16.9000,true,1,115589
188,true,אגס נאשי לבן,ביכורי שדה דרום 2002,,אגס נאשי לבן,קילוגרמים,1.00,"ק""ג",true,,16.90,16.9000,true,1,117411
189,true,אגס נאשי חום,ביכורי שדה דרום 2002,,אגס נאשי חום,קילוגרמים,1.00,"ק""ג",true,,16.90,16.9000,true,1,117413
193,true,תפוח עץ אודם,ביכורי שדה דרום 2002,,תפוח עץ אודם,קילוגרמים,1.00,"ק""ג",true,,11.90,11.9000,true,1,151127
196,true,פטריות פורטובלו,ביכורי שדה דרום 2002,,פטריות פורטובלו,Unknown,0.00,Unknown,false,1,9.90,0.0000,true,1,116539
241,true,רו בייקון,ישרקו שיווק מותגי מז,,רו בייקון,קילוגרמים,1.00,"ק""ג",true,,269.00,269.0000,true,1,115139
244,true,חטיפי קבנוס רו,ישרקו שיווק מותגי מז,,חטיפי קבנוס רו,קילוגרמים,1.00,"ק""ג",true,,179.00,179.0000,true,1,117019
252,true,סלמי טורו,ישרקו שיווק מותגי מז,,סלמי סלמין,קילוגרמים,1.00,"ק""ג",true,,159.00,159.0000,true,1,116586
277,true,פסטרמה לבנה רומנית,ישרקו שיווק מותגי מז,,פסטרמה לבנה רומנית,קילוגרמים,1.00,"ק""ג",true,,119.00,119.0000,true,1,114645
301,true,שוק שלם,זילבר תעשיות מוצרי ב,,שוק שלם,קילוגרמים,1.00,"ק""ג",true,,129.00,129.0000,true,1,115758
302,true,נקניקיות קנקרס,זילבר תעשיות מוצרי ב,,קנקר,קילוגרמים,1.00,"ק""ג",true,,59.00,59.0000,true,1,115759
303,true,בוזנינה אוריגינל,זילבר תעשיות מוצרי ב,,"בוז""נינה אוריגינל",קילוגרמים,1.00,"ק""ג",true,,139.00,139.0000,true,1,115180
317,true,פסטרמה צוואר מעושן,זילבר תעשיות מוצרי ב,,פסטרמה צוואר מעושן,קילוגרמים,1.00,"ק""ג",true,,169.00,169.0000,true,1,115765
319,true,שפק מעושן,זילבר תעשיות מוצרי ב,,שפק,קילוגרמים,1.00,"ק""ג",true,,199.00,199.0000,true,1,159318
320,true,רולדה וינאית,זילבר תעשיות מוצרי ב,,רולדה וינאית/שולטר אמריקאי,קילוגרמים,1.00,"ק""ג",true,,109.00,109.0000,true,1,116633
321,true,בוזנינה טירימוק,זילבר תעשיות מוצרי ב,,"בוז""נינה טירימוק",קילוגרמים,1.00,"ק""ג",true,,119.00,119.0000,true,1,115185
323,true,נקניקיות קוקטייל בוא,זילבר תעשיות מוצרי ב,,נקניק דוקטורסקיה,קילוגרמים,1.00,"ק""ג",true,,59.00,59.0000,true,1,117501
330,true,חזה הודו ברביקיו/פלפ,זילבר תעשיות מוצרי ב,,חזה הודו ברביקיו/פלפ,קילוגרמים,1.00,"ק""ג",true,,59.00,59.0000,true,1,116636
331,true,חזה הודו פרפר מעושן,זילבר תעשיות מוצרי ב,,חזה הודו פרפר מעושן/,קילוגרמים,1.00,"ק""ג",true,,65.00,65.0000,true,1,114967
337,true,ישבן הודו מעושן,מעדני בשר יהודה,,ישבן הודו מעושן,קילוגרמים,1.00,"ק""ג",true,,22.00,22.0000,true,1,126945
338,true,כנף הודו מעושן,מעדני בשר יהודה,,כנף הודו מעושן,קילוגרמים,1.00,"ק""ג",true,,45.00,45.0000,true,1,126946
352,true,נקניק קרוביאנקה,,,נקניק סוגוק פרוס,קילוגרמים,1.00,"ק""ג",true,,85.00,85.0000,true,1,133586
354,true,סרדלקה קינדר,מעדני בשר יהודה,,סרדלקה קינדר,קילוגרמים,1.00,"ק""ג",true,,29.00,29.0000,true,1,115189
355,true,סלמי פרח/צרפתי/מסקוב,מעדני בשר יהודה,,נקניקים מעושנים פרוס,קילוגרמים,1.00,"ק""ג",true,,95.00,95.0000,true,1,114970
358,true,וטצינה עגל הודו,מעדני בשר יהודה,,"וטצ""ינה עגל-הודו",קילוגרמים,1.00,"ק""ג",true,,59.00,59.0000,true,1,115363
359,true,שפיקצקי,מעדני בשר יהודה,,"שפיקצ""קי",קילוגרמים,1.00,"ק""ג",true,,32.00,32.0000,true,1,114676
363,true,סרדלקה עגל,מעדני בשר יהודה,,סרדלקה עגל,קילוגרמים,1.00,"ק""ג",true,,35.00,35.0000,true,1,115773
364,true,נקניק ילדים,מעדני בשר יהודה,,נקניק ילדים,קילוגרמים,1.00,"ק""ג",true,,35.00,35.0000,true,1,114677
368,true,נקניק בייגלה,מעדני בשר יהודה,,נקניק בייגלה,קילוגרמים,1.00,"ק""ג",true,,59.00,59.0000,true,1,114678
371,true,נקניק מורטדלה,מעדני בשר יהודה,,נקניק מורטדלה,קילוגרמים,1.00,"ק""ג",true,,42.00,42.0000,true,1,115775
373,true,פריזר מיני/ עם שום/,מעדני בשר יהודה,,פריזר מיני,קילוגרמים,1.00,"ק""ג",true,,42.00,42.0000,true,1,115366
376,true,נקניק עוף,מעדני בשר יהודה,,נקניק עוף,קילוגרמים,1.00,"ק""ג",true,,49.00,49.0000,true,1,117509
378,true,חזה בקר מעושן/פלפל,מעדני בשר יהודה,,חזה בקר מעושן/פלפל,קילוגרמים,1.00,"ק""ג",true,,79.00,79.0000,true,1,117072
379,true,נקניק תה רוסי,זילבר תעשיות מוצרי ב,,נקניק תה רוסי,קילוגרמים,1.00,"ק""ג",true,,69.00,69.0000,true,1,117510
381,true,פסטרמה הודו פרפר מעו,מעדני בשר יהודה,,פסטרמה הודו פרפר חוט,קילוגרמים,1.00,"ק""ג",true,,65.00,65.0000,true,1,114679
382,true,חזה הודו מעודן,מעדני בשר יהודה,,חזה הודו מעודן,קילוגרמים,1.00,"ק""ג",true,,95.00,95.0000,true,1,115368
387,true,קבנוס/ קבנוס פיקנטי,מעדני בשר יהודה,,קבנוס/ קבנוס פיקנטי,קילוגרמים,1.00,"ק""ג",true,,59.00,59.0000,true,1,117511
389,true,נקניקיות פס אדום/ שח,מעדני בשר יהודה,,נקניקיות פס אדום/ שח,קילוגרמים,1.00,"ק""ג",true,,29.00,29.0000,true,1,117512
392,true,נקניק צרקסקיה,,,נקניק צרקסקיה,קילוגרמים,1.00,"ק""ג",true,,119.00,119.0000,true,1,116182
610,true,נקניק בראושווייגסקיה,,,נקניק בראושווייגסקיה פרוס,קילוגרמים,1.00,"ק""ג",true,,135.00,135.0000,true,1,115770
700,true,נקניק דוקטורסקיה,מעדני רובינשטיין תעש,,נקניק דוקטורסקיה,קילוגרמים,1.00,"ק""ג",true,,49.00,49.0000,true,1,116729
704,true,נקניק דוקטורסקיה מעו,,,נקניק דוקטורסקיה מעושן,קילוגרמים,1.00,"ק""ג",true,,49.00,49.0000,true,1,114802
783,true,קוטלט הודו,מעדני רובינשטיין תעש,,קוטלט הודו,קילוגרמים,1.00,"ק""ג",true,,129.00,129.0000,true,1,115329
800,true,תה מעושן רחב,נקניק נהריה כשר זוגל,,תה מעושן רחב,קילוגרמים,1.00,"ק""ג",true,,45.00,45.0000,true,1,116387
801,true,מעושן איטלקי,נקניק נהריה כשר זוגל,,מעושן איטלקי,קילוגרמים,1.00,"ק""ג",true,,75.00,75.0000,true,1,117273
811,true,נקניק פפרוני,נקניק נהריה כשר זוגל,,נקניק פפרוני,קילוגרמים,1.00,"ק""ג",true,,49.00,49.0000,true,1,115336
845,true,סרדלקי סביניה,מעדני בשר השוקת,,סרדלקי סביניה,קילוגרמים,1.00,"ק""ג",true,,75.00,75.0000,true,1,116836
846,true,דוקטורסקיה דימוב,מעדני בשר השוקת,,דוקטורסקיה דימוב,קילוגרמים,1.00,"ק""ג",true,,85.00,85.0000,true,1,117688
847,true,מולוצניה דימוב,מעדני בשר השוקת,,"מולוצ""ניה דימוב",קילוגרמים,1.00,"ק""ג",true,,85.00,85.0000,true,1,117689
849,true,ליברניה,מעדני בשר השוקת,,ליברניה,קילוגרמים,1.00,"ק""ג",true,,79.00,79.0000,true,1,115693
855,true,מוסקובסקיה דימוב,מעדני בשר השוקת,,מוסקובסקיה דימוב,קילוגרמים,1.00,"ק""ג",true,,135.00,135.0000,true,1,114904
856,true,סרוולט דימוב,מעדני בשר השוקת,,סרוולט דימוב,קילוגרמים,1.00,"ק""ג",true,,99.00,99.0000,true,1,114905
861,true,בראונשווייגסקיה חי,מעדני בשר השוקת,,בראונשווייגסקיה חי,קילוגרמים,1.00,"ק""ג",true,,159.00,159.0000,true,1,116839
862,true,מוסקובסקיה דימוב חי,מעדני בשר השוקת,,מוסקובסקיה דימוב חי,קילוגרמים,1.00,"ק""ג",true,,159.00,159.0000,true,1,115343
863,true,סרוולט דימוב חי,מעדני בשר השוקת,,סרוולט דימוב חי,קילוגרמים,1.00,"ק""ג",true,,159.00,159.0000,true,1,114906
865,true,וטצינה לארוחת בוקר,מעדני בשר השוקת,,"וטצ""ינה לארוחת בוקר",קילוגרמים,1.00,"ק""ג",true,,85.00,85.0000,true,1,116394
868,true,נקניק חי סרוולט בלגי,קרלברג ייצור ושיווק,,נקניק חי סרוולט בלגי דימוב,קילוגרמים,1.00,"ק""ג",true,,169.00,169.0000,true,1,116396
873,true,נקניק חי איטלקי דימו,מעדני בשר השוקת,,נקניק חי איטלקי דימוב,קילוגרמים,1.00,"ק""ג",true,,159.00,159.0000,true,1,117691
888,true,נקניק חי סלמי סוגוק,ישרקו שיווק מותגי מז,,נקניק חי סלמי סוגוק,קילוגרמים,1.00,"ק""ג",true,,155.00,155.0000,true,1,115345
892,true,נקניק סלמי פפרוני/הו,מעדני בשר השוקת,,נקניק סלמי פפרוני/הו,קילוגרמים,1.00,"ק""ג",true,,155.00,155.0000,true,1,115984
893,true,סרוולט איטלקי,,,סרוולט איטלקי,קילוגרמים,1.00,"ק""ג",true,,109.00,109.0000,true,1,117692
910,true,קוטלט מעושן חצי,מעדני בשר השוקת,,קוטלט מעושן חצי,קילוגרמים,1.00,"ק""ג",true,,99.00,99.0000,true,1,115347
911,true,פולקה איטלקי,מעדני בשר השוקת,,פולקה איטלקי,קילוגרמים,1.00,"ק""ג",true,,95.00,95.0000,true,1,115348
915,true,לוביטלסקיה חצי,מעדני בשר השוקת,,לוביטלסקיה חצי,קילוגרמים,1.00,"ק""ג",true,,85.00,85.0000,true,1,117281
917,true,דוקטורסקיה חצי,מעדני בשר השוקת,,דוקטורסקיה חצי,קילוגרמים,1.00,"ק""ג",true,,85.00,85.0000,true,1,115988
920,true,בוזנינה,מעדני בשר השוקת,,"בוז""נינה",קילוגרמים,1.00,"ק""ג",true,,109.00,109.0000,true,1,116848
921,true,יאזיקוביה חצי,מעדני בשר השוקת,,יזיקובה חצי,קילוגרמים,1.00,"ק""ג",true,,85.00,85.0000,true,1,116849
922,true,סינטה חצי עם פלפל/ ש,מעדני בשר השוקת,,סינטה חצי בטעמים,קילוגרמים,1.00,"ק""ג",true,,99.00,99.0000,true,1,117700
925,true,צוואר מעושן,מעדני בשר השוקת,,צוואר מעושן,קילוגרמים,1.00,"ק""ג",true,,109.00,109.0000,true,1,115357
943,true,אודסקיה,מעדני בשר השוקת,,אודסקיה,קילוגרמים,1.00,"ק""ג",true,,79.00,79.0000,true,1,116413
951,true,סלמי פיקולו,,,סלמי פיקולו,קילוגרמים,1.00,"ק""ג",true,,169.00,169.0000,true,1,115708
952,true,נקניק הרץ בעישון קר,,,נקניק הרץ בעישון קר,קילוגרמים,1.00,"ק""ג",true,,165.00,165.0000,true,1,115360
961,true,שפק מעושן חצי,מעדני בשר השוקת,,שפק מעושן -חצי,קילוגרמים,1.00,"ק""ג",true,,139.00,139.0000,true,1,115740
987,true,סרוולט הונגרי,,,פריט לא קיים,קילוגרמים,1.00,"ק""ג",true,,199.00,199.0000,true,1,156390
988,true,נקניק סרוולט,,,סרוולט,קילוגרמים,1.00,"ק""ג",true,,159.00,159.0000,true,1,155193
989,true,נקניק סלמי צרפתי,,,סלמי צרפתי,קילוגרמים,1.00,"ק""ג",true,,159.00,159.0000,true,1,155194
1000,true,שאריות נקניקים,,,שאריות נקניקים,קילוגרמים,1.00,"ק""ג",true,,39.00,39.0000,true,1,114268
1001,true,שאריות אסורטי,,,שאריות אסורטי,קילוגרמים,1.00,"ק""ג",true,,49.00,49.0000,true,1,114455
1079,true,חזה בקר מעושן,קרלברג ייצור ושיווק,,מוסקובסקייה,קילוגרמים,1.00,"ק""ג",true,,76.00,76.0000,true,1,114348
1080,true,חזה בקר צילי,,,נקניק פלרמו,קילוגרמים,1.00,"ק""ג",true,,76.00,76.0000,true,1,115997
1111,true,זרניסטיה שלם,מעדני מניה תעשיות בש,,זרניסטיה שלם,קילוגרמים,1.00,"ק""ג",true,,152.00,152.0000,true,1,114360
1115,true,נקניקיות וינה,מעדני מניה תעשיות בש,,נקניקיות וינה,קילוגרמים,1.00,"ק""ג",true,,35.00,35.0000,true,1,116866
1126,true,פרובנס שלם,מעדני מניה תעשיות בש,,פרובנס שלם,קילוגרמים,1.00,"ק""ג",true,,152.00,152.0000,true,1,114367
1137,true,פולני שלם,מעדני מניה תעשיות בש,,פולני שלם,קילוגרמים,1.00,"ק""ג",true,,56.00,56.0000,true,1,126881
1170,true,פסטרמה כפרית,קרלברג ייצור ושיווק,,פלרמו,קילוגרמים,1.00,"ק""ג",true,,69.00,69.0000,true,1,114199
1171,true,פסטרמה הודו בדבש,קרלברג ייצור ושיווק,,נקניק אגוזית,קילוגרמים,1.00,"ק""ג",true,,59.00,59.0000,true,1,129452
1172,true,פסטרמה הודו גחלים,קרלברג ייצור ושיווק,,נקניק צרסקיה,קילוגרמים,1.00,"ק""ג",true,,59.00,59.0000,true,1,116419
1173,true,פסטרמה הודו פלפל,קרלברג ייצור ושיווק,,נקניק דבוריאנסקיה,קילוגרמים,1.00,"ק""ג",true,,59.00,59.0000,true,1,116877
1175,true,חזה אווז מעושן,קרלברג ייצור ושיווק,,נקניק ונסקיה,קילוגרמים,1.00,"ק""ג",true,,175.00,175.0000,true,1,129453
1177,true,כתף בקר בצילי,קרלברג ייצור ושיווק,,טורינו חי,קילוגרמים,1.00,"ק""ג",true,,85.00,85.0000,true,1,116879
1178,true,כתף בקר בשום,קרלברג ייצור ושיווק,,נקניק הרץ שלם,קילוגרמים,1.00,"ק""ג",true,,85.00,85.0000,true,1,116421
1179,true,חזה בקר פלפל,קרלברג ייצור ושיווק,,נקניק מוסקובסקיה/לבו,קילוגרמים,1.00,"ק""ג",true,,76.00,76.0000,true,1,129451
1203,true,סלמי מילאנו שלם,ישרקו שיווק מותגי מז,,סלמי מילנו שלם,קילוגרמים,1.00,"ק""ג",true,,162.00,162.0000,true,1,116881
1230,true,רוסקי סרוולט שלם,ישרקו שיווק מותגי מז,,רוסקי סרוולט שלם,קילוגרמים,1.00,"ק""ג",true,,152.00,152.0000,true,1,116900
1273,true,קופה איטליאנה,,,קופה איטליאנה,קילוגרמים,1.00,"ק""ג",true,,259.00,259.0000,true,1,164663
1305,true,פסטרמה שייטל,זילבר תעשיות מוצרי ב,,"פסטרמה שייטל/צ""ך",קילוגרמים,1.00,"ק""ג",true,,119.00,119.0000,true,1,114296
1318,true,שוק איטלקי,,,"הרמיטז"" שלם",קילוגרמים,1.00,"ק""ג",true,,139.00,139.0000,true,1,151116
1319,true,פריזר ילדים,זילבר תעשיות מוצרי ב,,פריזר ילדים,קילוגרמים,1.00,"ק""ג",true,,65.00,65.0000,true,1,160998
1320,true,שולטר אמריקאי מעושן,זילבר תעשיות מוצרי ב,,שולטר אמריקאי מעושן,קילוגרמים,1.00,"ק""ג",true,,109.00,109.0000,true,1,155992
1323,true,נקניקיות וינר בואקום,,,נקניקיות וינר בואקום,קילוגרמים,1.00,"ק""ג",true,,59.00,59.0000,true,1,152398
1330,true,נקניקיות פרנקפורטר ב,זילבר תעשיות מוצרי ב,,נקניקיות עגל בואקום,קילוגרמים,1.00,"ק""ג",true,,59.00,59.0000,true,1,152399
1333,true,נקניקיות וינר,,,נקניקיות וינר,קילוגרמים,1.00,"ק""ג",true,,59.00,59.0000,true,1,145098
1364,true,סרדלקי עגל בוואקום,מעדני בשר יהודה,,סרדלקי עגל בוואקום,קילוגרמים,1.00,"ק""ג",true,,35.00,35.0000,true,1,116455
1366,true,סרדלקה סליבוצניה בוו,מעדני בשר יהודה,,סרדלקה סליווצניה בוואקום,קילוגרמים,1.00,"ק""ג",true,,35.00,35.0000,true,1,128675
1371,true,כתף בקר,מעדני בשר יהודה,,כתף בקר,קילוגרמים,1.00,"ק""ג",true,,95.00,95.0000,true,1,116640
1372,true,פריזר מעושן פרימיום,מעדני בשר יהודה,,פריזר מעושן פרימיום,קילוגרמים,1.00,"ק""ג",true,,45.00,45.0000,true,1,127124
1374,true,רוסטביף,מעדני בשר יהודה,,רוסטביף,קילוגרמים,1.00,"ק""ג",true,,95.00,95.0000,true,1,116909
1376,true,פסטרמה הודו פרפר בר,מעדני בשר יהודה,,פסטרמה פרפר הודו ברשת,קילוגרמים,1.00,"ק""ג",true,,65.00,65.0000,true,1,125935
1377,true,נקניק ביתי דיברובסקי,מעדני בשר יהודה,,נקניק ביתי דיברובסקיה,קילוגרמים,1.00,"ק""ג",true,,65.00,65.0000,true,1,127186
1379,true,נקניק תה רוסי מיני,זילבר תעשיות מוצרי ב,,פריזר ילדים,קילוגרמים,1.00,"ק""ג",true,,69.00,69.0000,true,1,126862
1389,true,נקניקיות פס אדום/שחו,מעדני בשר יהודה,,נקניקיות פס אדום/שחור בוואקום,קילוגרמים,1.00,"ק""ג",true,,29.00,29.0000,true,1,116457
1426,true,פולטבסקיה שלם,"ולדמן ביח""ר לנקניק ו",,פולטבסקיה שלם,קילוגרמים,1.00,"ק""ג",true,,116.00,116.0000,true,1,116464
1441,true,נקניק פרח שלם,"ולדמן ביח""ר לנקניק ו",,נקניק פרח שלם,קילוגרמים,1.00,"ק""ג",true,,99.00,99.0000,true,1,116911
1444,true,סרוולט קופצסקי שלם,"ולדמן ביח""ר לנקניק ו",,"סרוולט קופצ""סקי שלם",קילוגרמים,1.00,"ק""ג",true,,99.00,99.0000,true,1,114386
1458,true,לשון בקר מעושן,,,לשון בקר מעושן,קילוגרמים,1.00,"ק""ג",true,,79.00,79.0000,true,1,131855
1472,true,נקניק ליפצקיה שלם,"ולדמן ביח""ר לנקניק ו",,נקניק ליפצקיה שלם,קילוגרמים,1.00,"ק""ג",true,,95.00,95.0000,true,1,116913
1486,true,נקניק סרוולט אורחובי,"ולדמן ביח""ר לנקניק ו",,נקניק סרוולט אורחובי,קילוגרמים,1.00,"ק""ג",true,,99.00,99.0000,true,1,116467
1501,true,קרמליובסקיה שלם,מעדני מניה תעשיות בש,,קרמליובסקיה,קילוגרמים,1.00,"ק""ג",true,,152.00,152.0000,true,1,115046
1512,true,דליקטסנייה שלם,מעדני מניה תעשיות בש,,דליקטסנייה שלם,קילוגרמים,1.00,"ק""ג",true,,92.00,92.0000,true,1,114389
1530,true,שפק אוקראינסקי,מעדני מניה תעשיות בש,,מינסקייה חי שלם,קילוגרמים,1.00,"ק""ג",true,,125.00,125.0000,true,1,151145
1566,true,נקניק אוקראינסקיה של,מעדני מניה תעשיות בש,,"נקניק צ""רקסקייה שלם",קילוגרמים,1.00,"ק""ג",true,,96.00,96.0000,true,1,114396
1570,true,סרוולט שלם,מעדני מניה תעשיות בש,,סרוולט,קילוגרמים,1.00,"ק""ג",true,,156.00,156.0000,true,1,114397
1573,true,נקניק קייבסקיה שלם,מעדני מניה תעשיות בש,,נקניק קייבסקיה שלם,קילוגרמים,1.00,"ק""ג",true,,92.00,92.0000,true,1,114532
1576,true,בראונשבייסקייה שלם,מעדני מניה תעשיות בש,,בראונשבייסקייה שלם,קילוגרמים,1.00,"ק""ג",true,,152.00,152.0000,true,1,116473
1592,true,נקניקיות בוואריה,,,פירורי לחם,קילוגרמים,1.00,"ק""ג",true,,35.00,35.0000,true,1,149651
1600,true,סלמי רוונה שלם,קרלברג ייצור ושיווק,,סלמי רוונה,קילוגרמים,1.00,"ק""ג",true,,96.00,96.0000,true,1,116926
1601,true,סלמי פארמה שלם,קרלברג ייצור ושיווק,,סלמי פארמה שלם,קילוגרמים,1.00,"ק""ג",true,,96.00,96.0000,true,1,115049
1612,true,פריזר צאיניה מיני,קרלברג ייצור ושיווק,,כנפיים הודו מעושן,קילוגרמים,1.00,"ק""ג",true,,79.00,79.0000,true,1,159094
1703,true,בוט מולוצניה,מעדני רובינשטיין תעש,,בוט מולוצניה,קילוגרמים,1.00,"ק""ג",true,,69.00,69.0000,true,1,129724
1704,true,נקניקיות פס שחור/בוו,,,נקניק פס שחור/בוואקום,קילוגרמים,1.00,"ק""ג",true,,35.00,35.0000,true,1,129725
1705,true,נקניקיות קנקרס/בוואק,,,נקניקיות קנקרס/בוואקום,קילוגרמים,1.00,"ק""ג",true,,35.00,35.0000,true,1,174543
1831,true,רוחברג שלם,מעדני מניה תעשיות בש,,רוחברג,קילוגרמים,1.00,"ק""ג",true,,152.00,152.0000,true,1,116965
1834,true,נקניק הרץ שלם,מעדני מניה תעשיות בש,,נקניק הרץ שלם,קילוגרמים,1.00,"ק""ג",true,,92.00,92.0000,true,1,115086
1840,true,נקניקיות שמנת אישי ב,,,נקניקיות שמנת אישי בוואקום של דימוב,קילוגרמים,1.00,"ק""ג",true,,79.00,79.0000,true,1,159537
1841,true,נקניק סלמי גרמני שלם,מעדני בשר השוקת,,נקניק סלמי גרמני שלם,קילוגרמים,1.00,"ק""ג",true,,150.00,150.0000,true,1,127428
1842,true,נקניקיות שוויצרסקיה,,,נקניקיות שוויצרסקיה בוואקום,קילוגרמים,1.00,"ק""ג",true,,89.00,89.0000,true,1,144164
1846,true,נקניק דוקטורסקיה דימ,,,נקניק דוקטורסקיה דימוב,קילוגרמים,1.00,"ק""ג",true,,85.00,85.0000,true,1,136798
1847,true,נקניק מולוצניה דימוב,,,נקניק מולוצניה דימוב,קילוגרמים,1.00,"ק""ג",true,,85.00,85.0000,true,1,136799
1857,true,סלמי פינסקיה דימוב ש,מעדני בשר השוקת,,סלמי פינסקיה דימוב שלם,קילוגרמים,1.00,"ק""ג",true,,96.00,96.0000,true,1,116528
1861,true,בראונשווייגסקיה חי ש,מעדני בשר השוקת,,בראונשווייגסקיה חי ש,קילוגרמים,1.00,"ק""ג",true,,159.00,159.0000,true,1,114441
1862,true,מוסקובסקיה דימוב חי,מעדני בשר השוקת,,מוסקובסקיה דימוב חי,קילוגרמים,1.00,"ק""ג",true,,159.00,159.0000,true,1,115090
1863,true,סרוולט דימוב חי שלם,מעדני בשר השוקת,,סרוולט דימוב חי שלם,קילוגרמים,1.00,"ק""ג",true,,159.00,159.0000,true,1,116971
1865,true,ויטצינה לארוחת בוקר,,,ויטצינה לארוחת בוקר דימוב,קילוגרמים,1.00,"ק""ג",true,,85.00,85.0000,true,1,136800
1868,true,נקניק חי סרוולט בלגי,קרלברג ייצור ושיווק,,נקניק חי סרוולט בלגי דימוב שלם,קילוגרמים,1.00,"ק""ג",true,,165.00,165.0000,true,1,126488
1873,true,נקניק חי איטלקי דימו,מעדני בשר השוקת,,נקניק חי איטלקי דימוב,קילוגרמים,1.00,"ק""ג",true,,159.00,159.0000,true,1,127695
1888,true,נקניק חי סלמי סוגוק,ישרקו שיווק מותגי מז,,נקניק חי סלמי סוגוק,קילוגרמים,1.00,"ק""ג",true,,152.00,152.0000,true,1,114585
1892,true,נקניק סלמי פפרוני/הו,מעדני בשר השוקת,,נקניק סלמי פפרוני/הו,קילוגרמים,1.00,"ק""ג",true,,150.00,150.0000,true,1,114586
1895,true,גרודינקה,מעדני בשר השוקת,,גרודינקה,קילוגרמים,1.00,"ק""ג",true,,139.00,139.0000,true,1,116107
1910,true,קוטלט מעושן בואקום,,,קוטלט מעושן בואקום,קילוגרמים,1.00,"ק""ג",true,,99.00,99.0000,true,1,159534
1911,true,פולקה איטלקי גוש,,,פולקה איטלקי גוש,קילוגרמים,1.00,"ק""ג",true,,95.00,95.0000,true,1,146145
1925,true,צוואר מעושן בואקום,מעדני בשר השוקת,,צוואר מעושן ואקום,קילוגרמים,1.00,"ק""ג",true,,115.00,115.0000,true,1,114446
1943,true,נקניק אודסקיה אישי ב,,,נקניק אודסקיה אישי בואקום,קילוגרמים,1.00,"ק""ג",true,,79.00,79.0000,true,1,159536
1951,true,סלמי פיקולו שלם,,,סלמי פיקולו,קילוגרמים,1.00,"ק""ג",true,,166.00,166.0000,true,1,114592
1952,true,נקניק הרץ בעישון קר,,,נקניק הרץ בעישון קר,קילוגרמים,1.00,"ק""ג",true,,162.00,162.0000,true,1,138475
2000,true,גבינה קשקבל חצי קשה,,,גבינה קשקבל חצי קשה מחלב כבשים,קילוגרמים,1.00,"ק""ג",true,,119.00,119.0000,true,1,162160
2020,true,גבינה גאודה הולנדית,,,גבינה גאודה הולנדית לימונצלו חלב בקר,קילוגרמים,1.00,"ק""ג",true,,119.00,119.0000,true,1,116545
2085,true,בסגנון מאסדם,,,תחליף גבינה מאסדם גולד,קילוגרמים,1.00,"ק""ג",true,,69.00,69.0000,true,1,116123
2087,true,תחליף גבינה בלטיק פי,,,תחליף גבינה בלטיק פיארל,קילוגרמים,1.00,"ק""ג",true,,79.00,79.0000,true,1,116550
2088,true,תחליף גבינה בלאק ניי,,,תחליף גבינה בלאק נייט,קילוגרמים,1.00,"ק""ג",true,,79.00,79.0000,true,1,117435
2092,true,גבינה פטה כבשים 16%,מחלבת עברי,,גבינה פטה כבשים 16%,קילוגרמים,1.00,"ק""ג",true,,109.00,109.0000,true,1,115645
2111,true,גבינת טבורוג 16%,,,גבינת טבורוג 16%,קילוגרמים,1.00,"ק""ג",true,,42.00,42.0000,true,1,114495
2127,true,רולדה גבינת עיזים בט,,,רולדה גבינת עיזים בטעמים,קילוגרמים,1.00,"ק""ג",true,,149.00,149.0000,true,1,127823
2144,true,תחליף גבינה גאודה עם,,,תחליף גבינה גאודה עם חמניות,קילוגרמים,1.00,"ק""ג",true,,79.00,79.0000,true,1,132628
2148,true,בסגנון צדר אדום,,,תחליף גבינה צדר אדום,קילוגרמים,1.00,"ק""ג",true,,79.00,79.0000,true,1,117440
2149,true,תחליף גבינת פיצה בלו,,,תחליף גבינת גרנד פיצה,קילוגרמים,1.00,"ק""ג",true,,49.00,49.0000,true,1,114603
2153,true,גבינת רולדה עיזים בג,מחלבת ציפורי הגלילית,,גבינת רולדה עיזים בגחלים,קילוגרמים,1.00,"ק""ג",true,,149.00,149.0000,true,1,115646
2156,true,ברינזה,מחלבת ציפורי הגלילית,,ברינזה,קילוגרמים,1.00,"ק""ג",true,,55.00,55.0000,true,1,114604
2167,true,תחליף גבינה ריבר בלו,,,תחליף גבינה ריבר דליקט,קילוגרמים,1.00,"ק""ג",true,,79.00,79.0000,true,1,115117
2170,true,קאש 5%,טריקטה,,קאש 5%,קילוגרמים,1.00,"ק""ג",true,,49.00,49.0000,true,1,116559
2171,true,גבינה צדר עם חמוציות,טריקטה,,גבינה צדר עם חמוציות,קילוגרמים,1.00,"ק""ג",true,,159.00,159.0000,true,1,114605
2178,true,גבינה גאודה עגבניות,,,גבינה גאודה עגבניות זיתים ובזיליקום,קילוגרמים,1.00,"ק""ג",true,,129.00,129.0000,true,1,114606
2180,true,גבינת גאודה חרדל,,,גבינת גאודה חרדל,קילוגרמים,1.00,"ק""ג",true,,119.00,119.0000,true,1,115663
2185,true,גבינת צדר מעושן דורס,,,גבינת צדר מעושן דורסט רד,קילוגרמים,1.00,"ק""ג",true,,139.00,139.0000,true,1,115119
2186,true,גבינה גרוייר שוויצרי,,,גבינה גרוייר שוויצרי קלאסי,קילוגרמים,1.00,"ק""ג",true,,229.00,229.0000,true,1,116998
2189,true,גבינה אמנטל שוויצרי,,,גבינה אמנטל שוויצרי,קילוגרמים,1.00,"ק""ג",true,,209.00,209.0000,true,1,117443
2193,true,גבינה גאודה שום,,,גבינה גאודה שום,קילוגרמים,1.00,"ק""ג",true,,119.00,119.0000,true,1,114608
2196,true,גבינה צדר גרמני לבן,,,גבינת צדר גרמני לבן,קילוגרמים,1.00,"ק""ג",true,,89.00,89.0000,true,1,114500
2199,true,גבינה גאודה מיושנת ג,,,גבינת גאודה מיושנת גלגל,קילוגרמים,1.00,"ק""ג",true,,119.00,119.0000,true,1,163627
2236,true,גבינה אולד אמסטרדם ג,,,"גבינה באוסקס/ריז""סקי",קילוגרמים,1.00,"ק""ג",true,,149.00,149.0000,true,1,161644
2241,true,חטיפי גבינה מעושנת ב,,,חטיפי גבינה מעושנת בטעמים,קילוגרמים,1.00,"ק""ג",true,,99.00,99.0000,true,1,116565
2259,true,תחליף טבורוג דרבנסקי,,,תחליף טבורוג דרבנסקי,קילוגרמים,1.00,"ק""ג",true,,29.00,29.0000,true,1,117452
2268,true,גבינת עיזים גאודה מי,,,גבינה עיזים גאודה מיושן,קילוגרמים,1.00,"ק""ג",true,,129.00,129.0000,true,1,142003
2269,true,גבינה צדר אנגלי,,,גבינה צדר אנגלי,קילוגרמים,1.00,"ק""ג",true,,89.00,89.0000,true,1,142627
2275,true,גבינה גרוייר מילד מש,,,גבינה גרוייר מילד משולש,קילוגרמים,1.00,"ק""ג",true,,189.00,189.0000,true,1,150082
2277,true,גבינה גרוייר ריזרב מ,,,גבינה גרוייר ריזרב משולש,קילוגרמים,1.00,"ק""ג",true,,199.00,199.0000,true,1,150084
2510,true,גבינה עמק,,,עמק משקל,קילוגרמים,1.00,"ק""ג",true,,44.79,44.7900,true,1,116584
2512,true,גבינה טל העמק,,,גבינה טל העמק,קילוגרמים,1.00,"ק""ג",true,,65.00,65.0000,true,1,115143
2514,true,קולאז רוקפור חריץ,,,"קולאז"" רוקפור חריץ",קילוגרמים,1.00,"ק""ג",true,,149.00,149.0000,true,1,117460
2517,true,גבינה סקנדינבית,,,גבינה סקנדינבית,קילוגרמים,1.00,"ק""ג",true,,79.00,79.0000,true,1,114629
2520,true,גבינה בולגרית 24%,,,גבינה בולגרית 24%,קילוגרמים,1.00,"ק""ג",true,,59.00,59.0000,true,1,117462
2526,true,גבינה קולאז קשקבל חר,,,גבינה קולאז קשקבל חריץ 28%,קילוגרמים,1.00,"ק""ג",true,,149.00,149.0000,true,1,115145
2536,true,קולאז מוצרלה,,,קולאז מוצרלה,קילוגרמים,1.00,"ק""ג",true,,89.00,89.0000,true,1,116587
2655,true,גבינה שוויצרי,ספומלק,,גבינה שוויצרי,קילוגרמים,1.00,"ק""ג",true,,72.00,72.0000,true,1,125336
2656,true,גבינה סלמי,ספומלק,,גבינה סלמי,קילוגרמים,1.00,"ק""ג",true,,59.00,59.0000,true,1,125337
2657,true,פילה דג הרינג מלוח,,,תחליף גבינה דונסקוי,קילוגרמים,1.00,"ק""ג",true,,39.00,39.0000,true,1,125338
2689,true,תחליף גבינה גורמן מע,,,תחליף גבינה גורמן מעושן,קילוגרמים,1.00,"ק""ג",true,,69.00,69.0000,true,1,134967
2690,true,תחליף גבינה סבליה,סבליה,,תחליף גבינה סבליה,קילוגרמים,1.00,"ק""ג",true,,69.00,69.0000,true,1,135407
2691,true,תחליף גבינה דברו,סבליה,,תחליף גבינה דברו,קילוגרמים,1.00,"ק""ג",true,,69.00,69.0000,true,1,135408
2692,true,תחליף גבינה רוסייסקי,סבליה,,תחליף גבינה רוסייסקי,קילוגרמים,1.00,"ק""ג",true,,69.00,69.0000,true,1,135409
2704,true,תחליף גבינה שום שמיר,,,תחליף גבינה שום שמיר,קילוגרמים,1.00,"ק""ג",true,,45.00,45.0000,true,1,117475
2728,true,גבינת עיזים קברה יין,,,גבינת עיזים קברה יין,קילוגרמים,1.00,"ק""ג",true,,199.00,199.0000,true,1,136390
2729,true,גבינת קרם ציז פילדלפ,,,גבינת קרם ציז פילדלפיה,קילוגרמים,1.00,"ק""ג",true,,75.00,75.0000,true,1,136389
2743,true,גבינת גורגונזולה פיק,,,גבינת גורגונזולה פיקנטה,קילוגרמים,1.00,"ק""ג",true,,169.00,169.0000,true,1,114928
2749,true,גבינת סנט אגור,,,גבינת סנט אגור,קילוגרמים,1.00,"ק""ג",true,,239.00,239.0000,true,1,136367
2750,true,גבינת קרם ציז,,,גבינת קרם ציז,קילוגרמים,1.00,"ק""ג",true,,89.00,89.0000,true,1,136368
2787,true,גבינת סטילטון,,,גבינת סטילטון,קילוגרמים,1.00,"ק""ג",true,,209.00,209.0000,true,1,136379
2844,true,שאריות גבינה,,,שאריות גבינה,קילוגרמים,1.00,"ק""ג",true,,35.00,35.0000,true,1,115161
2846,true,חתיכות גבינה,,,פירורי גבינה,קילוגרמים,1.00,"ק""ג",true,,45.00,45.0000,true,1,117039
2894,true,גבינת ברי פטריות,,,גבינת ברי פטריות,קילוגרמים,1.00,"ק""ג",true,,189.00,189.0000,true,1,116612
2940,true,גבינת גאודה אגוזים,,,גבינת גאודה אגוזים ה,קילוגרמים,1.00,"ק""ג",true,,139.00,139.0000,true,1,114954
2943,true,גבינה גאודה עשבי תיב,,,גבינה גאודה עשבי תיבול,קילוגרמים,1.00,"ק""ג",true,,119.00,119.0000,true,1,117489
3111,true,נקניק לבובסקיה בוואק,,,נקניק לבובסקיה בוואקום גוש,קילוגרמים,1.00,"ק""ג",true,,79.00,79.0000,true,1,130534
3113,true,פרזסקיה אלכסון,מעדני בשר השוקת,,פרזסקיה אלכסון,קילוגרמים,1.00,"ק""ג",true,,145.00,145.0000,true,1,141402
3182,true,גבינה בולגרית עיזים,,,גבינה בולגרית עיזים 22%,קילוגרמים,1.00,"ק""ג",true,,95.00,95.0000,true,1,160062
4099,true,חלבה/מרמלדה שומשום ב,,,חלבה שומשום במשקל,קילוגרמים,1.00,"ק""ג",true,,39.00,39.0000,true,1,117077
4100,true,סוכריות 29.00,,,סוכריות 29.00,קילוגרמים,1.00,"ק""ג",true,,29.00,29.0000,true,1,117078
4101,true,סוכריות 39.00,,,סוכריות 39.00,קילוגרמים,1.00,"ק""ג",true,,39.00,39.0000,true,1,114692
4102,true,סוכריות 49.00,,,סוכריות 49.00,קילוגרמים,1.00,"ק""ג",true,,49.00,49.0000,true,1,116189
4103,true,סוכריות 59.00,,,סוכריות 59.00,קילוגרמים,1.00,"ק""ג",true,,59.00,59.0000,true,1,114693
4104,true,סוכריות 69.00,,,סוכריות 69.00,קילוגרמים,1.00,"ק""ג",true,,69.00,69.0000,true,1,117079
4105,true,סוכריות 79.00,,,סוכריות 79.00,קילוגרמים,1.00,"ק""ג",true,,79.00,79.0000,true,1,115785
4106,true,סוכריות 89.00,,,סוכריות 89.00,קילוגרמים,1.00,"ק""ג",true,,89.00,89.0000,true,1,114694
4107,true,סוכריות 99.00,,,סוכריות 99.00,קילוגרמים,1.00,"ק""ג",true,,99.00,99.0000,true,1,114983
4108,true,סוכריות 19.00,,,סוכריות 19.00,קילוגרמים,1.00,"ק""ג",true,,19.00,19.0000,true,1,117522
4109,true,סוכריות 119.00,,,סוכריות 119.00,קילוגרמים,1.00,"ק""ג",true,,119.00,119.0000,true,1,115786
4110,true,סוכריות 129.00,,,סוכריות 129.00,קילוגרמים,1.00,"ק""ג",true,,129.00,129.0000,true,1,117523
4111,true,סוכריות 25.00,,,סוכריות 25.00,קילוגרמים,1.00,"ק""ג",true,,25.00,25.0000,true,1,117524
4112,true,סוכריות 109.00,,,סוכריות 109.00,קילוגרמים,1.00,"ק""ג",true,,109.00,109.0000,true,1,171420
5741,true,ריבות בטעמים,ענבי ציון,,ריבות בטעמים,קילוגרמים,1.00,"ק""ג",true,,39.00,39.0000,true,1,117131
5750,true,חלווה חמניות בטעמים,סידשלף,,חלווה חמניות בטעמים,קילוגרמים,1.00,"ק""ג",true,,29.00,29.0000,true,1,116695
5870,true,חלווה ללא סוכר,,,חלבה ללא סוכר,קילוגרמים,1.00,"ק""ג",true,,49.00,49.0000,true,1,117134
5871,true,קוקוס/חלביצה/קריש,,,קוקוס/חלביצה/קריש,קילוגרמים,1.00,"ק""ג",true,,49.00,49.0000,true,1,117135
5872,true,חלווה שכבות/סנדוויץ,,,חלוה שכבות/סנדוויץ,קילוגרמים,1.00,"ק""ג",true,,49.00,49.0000,true,1,115205
5874,true,חלווה בטעמים,,,חלבה עם פיסטוק/שקדים/חמוציות/תפוז,קילוגרמים,1.00,"ק""ג",true,,49.00,49.0000,true,1,136680
6106,true,גזר קוריאני,סלטי עמים ברדה,,גזר קוריאני,קילוגרמים,1.00,"ק""ג",true,,39.00,39.0000,true,1,117579
6115,true,זית סורי,,,זית סורי,קילוגרמים,1.00,"ק""ג",true,,49.00,49.0000,true,1,117144
6116,true,זית על האש,,,זית על האש,קילוגרמים,1.00,"ק""ג",true,,59.00,59.0000,true,1,116704
6118,true,פלפל שיפקונית,,,פלפל שיפקונית,קילוגרמים,1.00,"ק""ג",true,,49.00,49.0000,true,1,116705
6123,true,כרוב בולגרי,סלטי עמים ברדה,,כרוב בולגרי,קילוגרמים,1.00,"ק""ג",true,,29.00,29.0000,true,1,116707
6127,true,אבטיח מוחמץ,,,אבטיח מוחמץ,קילוגרמים,1.00,"ק""ג",true,,49.00,49.0000,true,1,116259
6133,true,כרוב במלח עם חמוציות,סלטי עמים ברדה,,כרוב במלח עם חמוציות,קילוגרמים,1.00,"ק""ג",true,,29.00,29.0000,true,1,115840
6137,true,גבינה פרובולונה,,,גבינה פרובולונה,קילוגרמים,1.00,"ק""ג",true,,129.00,129.0000,true,1,115500
6140,true,גבינה אמנטל,,,גבינה אמנטל,קילוגרמים,1.00,"ק""ג",true,,129.00,129.0000,true,1,114776
6142,true,מלפפון בייבי מובחר ב,,,מלפפון בייבי מובחר במלח,קילוגרמים,1.00,"ק""ג",true,,39.00,39.0000,true,1,117146
6143,true,גבינה קממבר כבשים כמ,,,גבינה קממבר כבשים כמהין,קילוגרמים,1.00,"ק""ג",true,,159.00,159.0000,true,1,115501
6145,true,זיתים שחורים/ירוקים,,,זיתים שחורים/ירוקים ממולא גבינת שמנת,קילוגרמים,1.00,"ק""ג",true,,149.00,149.0000,true,1,115842
6159,true,גבינה טרופדו כמהין,,,פריט לא קיים,קילוגרמים,1.00,"ק""ג",true,,229.00,229.0000,true,1,117149
6160,true,גבינה מגורדת טריפל,,,גבינה מגורדת טריפל,קילוגרמים,1.00,"ק""ג",true,,69.00,69.0000,true,1,116262
6161,true,גבינה מגורדת עיזים ג,,,גבינה מגורדת עיזים גאודה,קילוגרמים,1.00,"ק""ג",true,,99.00,99.0000,true,1,117150
6166,true,גבינה מנצגו חום,,,גבינה מנצגו חום,קילוגרמים,1.00,"ק""ג",true,,139.00,139.0000,true,1,117151
6167,true,גבינה מנצגו רוזמרין/,,,גבינה מנצגו רוזמרין/יין אדום,קילוגרמים,1.00,"ק""ג",true,,159.00,159.0000,true,1,116263
6176,true,גבינה אל וינו,,,פריט לא קיים,קילוגרמים,1.00,"ק""ג",true,,179.00,179.0000,true,1,115504
6180,true,זית ירוק עם גרעין,,,זית ירוק עם גרעין,קילוגרמים,1.00,"ק""ג",true,,59.00,59.0000,true,1,115221
6181,true,זית שחור עם גרעין,,,זית שחור עם גרעין,קילוגרמים,1.00,"ק""ג",true,,59.00,59.0000,true,1,116265
6182,true,זית ירוק ממולא שום,,,זיתים ממולאים,קילוגרמים,1.00,"ק""ג",true,,59.00,59.0000,true,1,115222
6183,true,זית שחור מגולען,,,זית שחור מגולען,קילוגרמים,1.00,"ק""ג",true,,69.00,69.0000,true,1,115505
6184,true,זית שחור יבש מרוקאי,,,זית שחור יבש מרוקאי,קילוגרמים,1.00,"ק""ג",true,,59.00,59.0000,true,1,115223
6187,true,זית ירוק מעדן איטלקי,,,זית ירוק מעדן איטלקי,קילוגרמים,1.00,"ק""ג",true,,59.00,59.0000,true,1,115849
6194,true,גבינה גאודה טריקולור,,,ראש סלמון מעושן,קילוגרמים,1.00,"ק""ג",true,,189.00,189.0000,true,1,158060
6203,true,טבורוג 9% פרמרסקי,,,טבורוג 9% פרמרסקי,קילוגרמים,1.00,"ק""ג",true,,39.00,39.0000,true,1,159824
6208,true,כדורי לאבנה בשמן,,,סלט ירקות ברביקיו/בי,קילוגרמים,1.00,"ק""ג",true,,119.00,119.0000,true,1,159826
6214,true,גבינה בולגרית מסורתי,,,גבינה בולגרית מסורתית,קילוגרמים,1.00,"ק""ג",true,,79.00,79.0000,true,1,159836
6218,true,בולגרית כבשים,,,סלט תירס עם פיטריות,קילוגרמים,1.00,"ק""ג",true,,95.00,95.0000,true,1,159841
6219,true,פטה עיזים,,,פרשמק,קילוגרמים,1.00,"ק""ג",true,,95.00,95.0000,true,1,159842
6364,true,גבינה רוקפור דייניש,,,גבינה רוקפור דייניש בלו,קילוגרמים,1.00,"ק""ג",true,,145.00,145.0000,true,1,131942
6380,true,גבינה טבורוג שוקולד,,,מקרל קר,קילוגרמים,1.00,"ק""ג",true,,59.00,59.0000,true,1,116270
6383,true,שום כבוש,,,שום כבוש,קילוגרמים,1.00,"ק""ג",true,,89.00,89.0000,true,1,116717
6388,true,ירקות חמוצים מעורבים,,,ירקות חמוצים מעורבים,קילוגרמים,1.00,"ק""ג",true,,59.00,59.0000,true,1,116720
6393,true,גבינה צדר אנגלי,,,גבינה צדר אנגלי,קילוגרמים,1.00,"ק""ג",true,,149.00,149.0000,true,1,114794
6394,true,גבינה צדר כתום אנגלי,,,גבינה צדר כתום אנגלי,קילוגרמים,1.00,"ק""ג",true,,129.00,129.0000,true,1,114795
6395,true,גבינה שברה/בושה עיזי,,,גבינה שברה עיזים,קילוגרמים,1.00,"ק""ג",true,,159.00,159.0000,true,1,115514
6397,true,גבינה גאודה עיזים,,,גבינה גאודה עיזים,קילוגרמים,1.00,"ק""ג",true,,159.00,159.0000,true,1,116274
6398,true,גבינה אולד אמסטרדם,,,גבינה אולד אמסטרדם,קילוגרמים,1.00,"ק""ג",true,,189.00,189.0000,true,1,115861
6400,true,גבינה דנבלו,,,גבינה דנה בלו,קילוגרמים,1.00,"ק""ג",true,,99.00,99.0000,true,1,116275
6401,true,גבינה פטה בקר גרמני,,,גבינה פטה,קילוגרמים,1.00,"ק""ג",true,,38.00,38.0000,true,1,115515
6402,true,גבינה פרמזן איטלקי,,,גבינה פרמזן איטלקי,קילוגרמים,1.00,"ק""ג",true,,129.00,129.0000,true,1,116276
6405,true,כדורי מוצרלה,,,כדורי מוצרלה,קילוגרמים,1.00,"ק""ג",true,,99.00,99.0000,true,1,116277
6407,true,אצבעות שוקולד,,,אצבעות שוקולד בטעמים,קילוגרמים,1.00,"ק""ג",true,,69.00,69.0000,true,1,115228
6408,true,גבינה טבורוג וניל/דו,,,גבינה טבורוג וניל/דובדבן/חמוציות/צימוקים,קילוגרמים,1.00,"ק""ג",true,,49.00,49.0000,true,1,115516
6414,true,טבורוג כפרי,,,טבורוג כפרי,קילוגרמים,1.00,"ק""ג",true,,36.00,36.0000,true,1,116724
6419,true,זית קלמטה,,,זית קלמטה,קילוגרמים,1.00,"ק""ג",true,,69.00,69.0000,true,1,146012
6422,true,גבינה גרוזינית,,,גבינה גרוזינית,קילוגרמים,1.00,"ק""ג",true,,69.00,69.0000,true,1,139983
6424,true,גבינה חלומי,,,גבינה חלומי,קילוגרמים,1.00,"ק""ג",true,,89.00,89.0000,true,1,139985
6425,true,שמנת סליבקי,,,סליבקי,קילוגרמים,1.00,"ק""ג",true,,49.00,49.0000,true,1,139986
6426,true,שמנת חמוצה,,,שמנת חמוצה,קילוגרמים,1.00,"ק""ג",true,,22.00,22.0000,true,1,139987
6428,true,גבינה גאודה הולנדית,,,גבינה גאודה הולנדית,קילוגרמים,1.00,"ק""ג",true,,89.00,89.0000,true,1,139989
6429,true,גבינה מאסדם הולנדית,,,גבינה מסדאם הולנדית,קילוגרמים,1.00,"ק""ג",true,,89.00,89.0000,true,1,139990
6450,true,גבינה גאודה,,,גבינה גאודה,קילוגרמים,1.00,"ק""ג",true,,29.00,29.0000,true,1,117598
6460,true,זית ירוק מגולען,,,סלומון מעושן,קילוגרמים,1.00,"ק""ג",true,,69.00,69.0000,true,1,146016
6487,true,גבינה מנצגו כבשים,,,כרוב אדום מסעדות,קילוגרמים,1.00,"ק""ג",true,,169.00,169.0000,true,1,148925
6488,true,גבינת מנצגו עם שום פ,,,חציל במיונז,קילוגרמים,1.00,"ק""ג",true,,229.00,229.0000,true,1,148926
6491,true,גבינה גאודה פסטו עם,,,סלט טורקי,קילוגרמים,1.00,"ק""ג",true,,159.00,159.0000,true,1,146545
6511,true,כרוב צבוע/אביבי/סלט,סלטי עמים ברדה,,כרוב צבוע/אביבי/סלט,קילוגרמים,1.00,"ק""ג",true,,39.00,39.0000,true,1,117168
6516,true,חמוצים בטעם ביתי,סלטי עמים ברדה,,חמוצים בטעם ביתי,קילוגרמים,1.00,"ק""ג",true,,29.00,29.0000,true,1,117600
6713,true,דג קילקה בלי ראש,,,דג קילקה בלי ראש,קילוגרמים,1.00,"ק""ג",true,,65.00,65.0000,true,1,131484
6718,true,פילה הרינג מעושן,,,פילה הרינג מעושן,קילוגרמים,1.00,"ק""ג",true,,59.00,59.0000,true,1,134620
6723,true,סאלאקה מעושנת,,,סאלאקה מעושנת,קילוגרמים,1.00,"ק""ג",true,,69.00,69.0000,true,1,135425
6980,true,צוואר סלמון בעישון ח,,,צוואר סלמון בעישון חם,קילוגרמים,1.00,"ק""ג",true,,79.00,79.0000,true,1,174784
6982,true,דניס שלם מעושן,,,דניס שלם מעושן,קילוגרמים,1.00,"ק""ג",true,,139.00,139.0000,true,1,116290
6986,true,סלמון פרוס במליחות מ,,,סלמון פרוס במליחות מעודנת,קילוגרמים,1.00,"ק""ג",true,,199.00,199.0000,true,1,164737
6990,true,עגבניות שרי ממולאים,,,עגבניות שרי ממולאים שום ושמיר,קילוגרמים,1.00,"ק""ג",true,,79.00,79.0000,true,1,115527
7099,true,ממרח על בסיס שמנת עם,ג'אונפילס,,ממרח על בסיס שמנת,קילוגרמים,1.00,"ק""ג",true,,35.00,35.0000,true,1,132571
7108,true,קוויאר אדום גולד אקס,א.ר.ד.י.ו,,קוויאר אדום גולד אקסטרה,קילוגרמים,1.00,"ק""ג",true,,559.00,559.0000,true,1,131213
7140,true,קורנישון במשקל,,,קורנישון במשקל,קילוגרמים,1.00,"ק""ג",true,,35.00,35.0000,true,1,115249
7320,true,טשה סלמון,הרמס דגים,,טשה סלמון,קילוגרמים,1.00,"ק""ג",true,,89.00,89.0000,true,1,116822
7321,true,פילה סלמון,הרמס דגים,,סלמון שלם/פילה סלמון,קילוגרמים,1.00,"ק""ג",true,,149.00,149.0000,true,1,116377
7323,true,נילוס פרוס,הרמס דגים,,נילוס פרוס,קילוגרמים,1.00,"ק""ג",true,,169.00,169.0000,true,1,116823
7327,true,דג סלמון מעושן פרוס,הרמס דגים,,דג פורל/סלמון מעושן פרוס,קילוגרמים,1.00,"ק""ג",true,,149.00,149.0000,true,1,115958
7328,true,קילקה,הרמס דגים,,קילקה,קילוגרמים,1.00,"ק""ג",true,,45.00,45.0000,true,1,115650
7330,true,פילה הרינג מעושן,הרמס דגים,,פילה הרינג מעושן,קילוגרמים,1.00,"ק""ג",true,,49.00,49.0000,true,1,116824
7331,true,דג הרינג גמבו,הרמס דגים,,דג הרינג גמבו,קילוגרמים,1.00,"ק""ג",true,,35.00,35.0000,true,1,117261
7332,true,דג מקרל מעושן קר בשמ,הרמס דגים,,מקרל מעושן קר,קילוגרמים,1.00,"ק""ג",true,,89.00,89.0000,true,1,115321
7333,true,דג מקרל מעושן קטן אר,הרמס דגים,,דג מקרל מעושן קטן ארוז,קילוגרמים,1.00,"ק""ג",true,,65.00,65.0000,true,1,117262
7334,true,מקרל מעושן גדול,הרמס דגים,,מקרל מעושן גדול,קילוגרמים,1.00,"ק""ג",true,,89.00,89.0000,true,1,116825
7340,true,בייבי סלמון,הרמס דגים,,בייבי סלמון,קילוגרמים,1.00,"ק""ג",true,,129.00,129.0000,true,1,115323
7342,true,שאריות סלומון,הרמס דגים,,שאריות סלומון,קילוגרמים,1.00,"ק""ג",true,,89.00,89.0000,true,1,115653
7344,true,דג הליבוט (פלטוס),הרמס דגים,,דג הליבוט (פלטוס),קילוגרמים,1.00,"ק""ג",true,,159.00,159.0000,true,1,114883
7345,true,דג מויבה מעושן,הרמס דגים,,דג מויבה מעושן,קילוגרמים,1.00,"ק""ג",true,,89.00,89.0000,true,1,117264
7348,true,דג רוטבש,הרמס דגים,,דג רוטבש,קילוגרמים,1.00,"ק""ג",true,,95.00,95.0000,true,1,115654
7349,true,פילה הרינג לבן/אדום/,הרמס דגים,,פילה הרינג לבן/אדום/כבוש/עם שמיר,קילוגרמים,1.00,"ק""ג",true,,49.00,49.0000,true,1,116379
7350,true,בקלה מעושן חם,הרמס דגים,,בקלה מעושן חם,קילוגרמים,1.00,"ק""ג",true,,65.00,65.0000,true,1,145714
7351,true,דג מלוח גדול,הרמס דגים,,דג מלוח גדול,קילוגרמים,1.00,"ק""ג",true,,29.00,29.0000,true,1,116380
7381,true,דג פיקלינג,,,דג פיקלינג,קילוגרמים,1.00,"ק""ג",true,,79.00,79.0000,true,1,155507
7384,true,דג מויבה מיובש,,,דג מויבה מיובשת,קילוגרמים,1.00,"ק""ג",true,,99.00,99.0000,true,1,155511
7386,true,דג מויבה מעושנת,,,דג מויבה מעושנת,קילוגרמים,1.00,"ק""ג",true,,75.00,75.0000,true,1,155510
7389,true,וובלה מיובשת,,,וובלה מיובשת,קילוגרמים,1.00,"ק""ג",true,,75.00,75.0000,true,1,161419
7392,true,הרינג דונאי,,,הרינג דונאי,קילוגרמים,1.00,"ק""ג",true,,35.00,35.0000,true,1,169775
7393,true,לש מעושן,,,לש מעושן,קילוגרמים,1.00,"ק""ג",true,,75.00,75.0000,true,1,169776
7395,true,מקרל בעישון קר,,,מקרל בעישון קר,קילוגרמים,1.00,"ק""ג",true,,59.00,59.0000,true,1,169778
7413,true,גבינה גאודה שחורה לי,,,נבטים כבושים,קילוגרמים,1.00,"ק""ג",true,,239.00,239.0000,true,1,150105
7417,true,גבינה אמסטרדם פיסטוק,,,פטריות שמפניון/יער,קילוגרמים,1.00,"ק""ג",true,,159.00,159.0000,true,1,150106
7418,true,גבינה אמסטרדם כמהין,,NL,גבינה אמסטרדם כמהין,קילוגרמים,1.00,"ק""ג",true,,139.00,139.0000,true,1,150108
7435,true,גבינה גאודה כמהין,,,גבינה גאודה כמהין,קילוגרמים,1.00,"ק""ג",true,,199.00,199.0000,true,1,151204
7442,true,גבינה אולד אמסטרדם ר,,,גבינה אולד אמסטרדם ריזרב,קילוגרמים,1.00,"ק""ג",true,,199.00,199.0000,true,1,151211
7459,true,נקניק מוצרלה,,,נקניק מוצרלה,קילוגרמים,1.00,"ק""ג",true,,69.00,69.0000,true,1,154300
7464,true,גבינה מוצרלה איטלקית,,,גבינה מוצרלה איטלקית,קילוגרמים,1.00,"ק""ג",true,,89.00,89.0000,true,1,155189
7475,true,גבינה מנצגו דיאבלו,,,גבינה מנזגו דיאבלו,קילוגרמים,1.00,"ק""ג",true,,229.00,229.0000,true,1,156283
7601,true,דג מקרוסקה,,,דג מקרוסקה,קילוגרמים,1.00,"ק""ג",true,,129.00,129.0000,true,1,129407
10040,true,חלה רגילה 500 גר,מאפיית ברמן,,"חלה רגילה 500 גר""",גרמים,500.00,100 גרם,false,1,5.00,1.0000,true,1,114305
10044,true,לחמנית חי כפולה/לחמנ,,,לחמנית חי כפולה/לחמנ,Unknown,0.00,Unknown,false,1,3.90,0.0000,true,1,114217
10092,true,"פירושקי תפו""א",,,פירושקי תפוא,Unknown,0.00,Unknown,false,1,5.90,0.0000,true,1,114237
10094,true,פירושקי עם כרוב,,,פירושקי עם כרוב,Unknown,0.00,Unknown,false,1,5.90,0.0000,true,1,114219
10103,true,קרואסון ארוז בטעמים,,,קרואסון ארוז בטעמים,Unknown,0.00,Unknown,false,1,4.90,0.0000,true,1,114240
10130,true,פיתה לעובד,,,פיתה לעובד,Unknown,0.00,Unknown,false,1,2.00,0.0000,false,1,114166
10211,true,פירושקי אפוי עם בשר,,,פירושקי אפוי עם בשר,Unknown,0.00,Unknown,false,1,6.90,0.0000,true,1,114341
10301,true,חצי בגט,,,חצי בגט,Unknown,0.00,Unknown,false,1,3.90,0.0000,true,1,128398
10317,true,סופגנייה מטוגנת קטנה,,,סופגנייה מטוגנת קטנה,גרמים,40.00,100 גרם,false,1,2.90,7.2500,true,1,154867
10318,true,סופגנייה מטוגנת,,,סופגנייה מטוגנת,Unknown,0.00,Unknown,false,1,3.90,0.0000,true,1,128679
10323,true,לחם מחמצת 500 גר,,,לחם מחמצת 500 גר,גרמים,500.00,100 גרם,false,1,17.90,3.5800,true,1,153402
10500,true,ארוחה לעובד,,,ארוחה לעובד,Unknown,0.00,Unknown,false,1,10.00,0.0000,false,1,161999
11024,true,מזלגות חד פעמיות,,,מזלגות חד פעמיות,Unknown,0.00,Unknown,false,1,8.90,0.0000,true,1,114176
11044,true,שקית מתנה קטנה,,,שקיות מתנה קטנה,Unknown,0.00,Unknown,false,1,0.50,0.0000,true,1,114326
11098,true,שקית מתנה גדולה,,,שקית מתנה גדולה,Unknown,0.00,Unknown,false,1,0.80,0.0000,true,1,114183
11102,true,סל רב פעמי קשת טעמים,,,סל רב פעמי קשת טעמים,Unknown,0.00,Unknown,false,1,2.90,0.0000,true,1,114184
11111,true,שקיות גופייה מודפסות,,,שקיות גופייה מודפסות,Unknown,0.00,Unknown,false,1,0.10,0.0000,false,1,116864
11113,true,ציידנית קשת טעמים,,,תיק ציידנית קשת טעמים,Unknown,0.00,Unknown,false,1,14.90,0.0000,true,1,116007
11490,true,מצית,,,מצית,Unknown,0.00,Unknown,false,1,2.90,0.0000,true,1,114190
11491,true,מצית,,,מצית,Unknown,0.00,Unknown,false,1,5.00,0.0000,true,1,117310
11492,true,מצית עגול קליפר,,,"מצית עגול ""קליפר""",Unknown,0.00,Unknown,false,1,5.90,0.0000,true,1,116416
11857,true,פינסקיה אלכסון,מעדני בשר השוקת,,פינסקיה אלכסון,קילוגרמים,1.00,"ק""ג",true,,99.00,99.0000,true,1,128265
11918,true,פולני אלכסון,,,פולני אלכסון,קילוגרמים,1.00,"ק""ג",true,,89.00,89.0000,true,1,141399
12013,true,נר כריסמס,,,נר כריסמס,Unknown,0.00,Unknown,false,1,4.90,0.0000,true,1,145795
15856,true,עוף בקארי הודי,,,עוף בקארי הודי,קילוגרמים,1.00,"ק""ג",true,,59.00,59.0000,true,1,146381
15877,true,קציצות עוף אסייתיות,,,קציצות עוף אסייתיות,קילוגרמים,1.00,"ק""ג",true,,59.00,59.0000,true,1,142829
15899,true,רגל קרושה בקר,,,רגל קרושה בקר,קילוגרמים,1.00,"ק""ג",true,,59.00,59.0000,true,1,146166
15974,true,צלי בקר ביין,,,צלי בקר ביין,קילוגרמים,1.00,"ק""ג",true,,119.00,119.0000,true,1,142840
15975,true,אורז מוקפץ,,,אורז מוקפץ,קילוגרמים,1.00,"ק""ג",true,,39.00,39.0000,true,1,138079
15987,true,חציל עם בשר ברוטב קר,,,חציל עם בשר ברוטב קרמל,קילוגרמים,1.00,"ק""ג",true,,59.00,59.0000,true,1,138077
15992,true,לשון עגל עם פטריות ש,,,לשון עגל עם פטריות שיטאקי ושמפיניון,קילוגרמים,1.00,"ק""ג",true,,99.00,99.0000,true,1,149036
16000,true,כיסונים עם בשר,,,כיסונים עם בשר,קילוגרמים,1.00,"ק""ג",true,,59.00,59.0000,true,1,116927
16002,true,כרוב ממולא בשר,,,כרוב ממולא בשר,קילוגרמים,1.00,"ק""ג",true,,59.00,59.0000,true,1,116928
16006,true,פירושקי תפוחים,,,פירושקי עם תפוע,Unknown,0.00,Unknown,false,1,5.90,0.0000,true,1,116929
16007,true,"כיסונים עם תפו""א",,,כיסונים עם תפוא,קילוגרמים,1.00,"ק""ג",true,,55.00,55.0000,true,1,116477
16009,true,"בלינצ""יס עם בשר",,,בלינציס עם בשר,קילוגרמים,1.00,"ק""ג",true,,65.00,65.0000,true,1,114536
16010,true,סלט אוליביה,,,סלט אוליביה,קילוגרמים,1.00,"ק""ג",true,,55.00,55.0000,true,1,117363
16011,true,גפילטע פיש,,,גפילטע פיש,קילוגרמים,1.00,"ק""ג",true,,79.00,79.0000,true,1,116478
16012,true,אורז לבן,,,אורז לבן,קילוגרמים,1.00,"ק""ג",true,,35.00,35.0000,true,1,116930
16016,true,קציצות עוף עם הודו מ,,,קציצות עוף עם הודו מטוגנות,קילוגרמים,1.00,"ק""ג",true,,65.00,65.0000,true,1,116060
16023,true,עוף בסגנון סיני,,,עוף בסגנון סיני,קילוגרמים,1.00,"ק""ג",true,,69.00,69.0000,true,1,116479
16025,true,"צ""בורקי עם בשר",,,צבורקי עם בשר,Unknown,0.00,Unknown,false,1,7.90,0.0000,true,1,115460
16029,true,בלינצס גבינה,,,בלינצס גבינה,קילוגרמים,1.00,"ק""ג",true,,59.00,59.0000,true,1,114403
16032,true,גולש עגל הונגרי,,,גולש עגל הונגרי,קילוגרמים,1.00,"ק""ג",true,,85.00,85.0000,true,1,117368
16034,true,דג מרלוזה מטוגן,,,דג מרלוזה מטוגן,קילוגרמים,1.00,"ק""ג",true,,65.00,65.0000,true,1,114404
16040,true,קניידלך,,,קניידלך,קילוגרמים,1.00,"ק""ג",true,,49.00,49.0000,true,1,116482
16044,true,נקניק ביתי,,,נקניק ביתי,קילוגרמים,1.00,"ק""ג",true,,89.00,89.0000,true,1,116933
16045,true,אנזלה צוואר עוף ממול,,,אנזלה צוואר עוף ממולא,קילוגרמים,1.00,"ק""ג",true,,69.00,69.0000,true,1,115469
16052,true,תפוח אדמה אפוי,,,תפוח אדמה אפוי,קילוגרמים,1.00,"ק""ג",true,,35.00,35.0000,true,1,114541
16053,true,כבד עוף קצוץ,,,כבד עוף קצוץ,קילוגרמים,1.00,"ק""ג",true,,69.00,69.0000,true,1,115051
16054,true,סלט ויניגרט,,,סלט ויניגרט,קילוגרמים,1.00,"ק""ג",true,,49.00,49.0000,true,1,115470
16055,true,סלט שובה,,,סלט שובה,קילוגרמים,1.00,"ק""ג",true,,55.00,55.0000,true,1,114542
16056,true,כנפיים ברביקיו,,,כנפיים ברביקיו,קילוגרמים,1.00,"ק""ג",true,,35.00,35.0000,true,1,116063
16058,true,ציקן קייב,,,ציקן קייב,קילוגרמים,1.00,"ק""ג",true,,79.00,79.0000,true,1,116484
16063,true,קציצות דגים ברוטב,,,קציצות דגים,קילוגרמים,1.00,"ק""ג",true,,65.00,65.0000,true,1,116935
16065,true,סלט ריגה,,,סלט ריגה,קילוגרמים,1.00,"ק""ג",true,,65.00,65.0000,true,1,125485
16068,true,סלט ביצים,,,סלט ביצים,קילוגרמים,1.00,"ק""ג",true,,49.00,49.0000,true,1,115052
16071,true,סלט חצילים במרינדה,,,סלט חצילים במרינד,קילוגרמים,1.00,"ק""ג",true,,49.00,49.0000,true,1,125486
16076,true,סלט פרשמק,,,סלט פרשמק,קילוגרמים,1.00,"ק""ג",true,,49.00,49.0000,true,1,125490
16080,true,בקר בנוסח סצואן,,,בקר בנוסח סצואן,קילוגרמים,1.00,"ק""ג",true,,99.00,99.0000,true,1,125492
16081,true,רגל קרושה עוף,,,רגל כרושה עוף,קילוגרמים,1.00,"ק""ג",true,,59.00,59.0000,true,1,125495
16121,true,סלט טונה,,,סלט טונה,קילוגרמים,1.00,"ק""ג",true,,65.00,65.0000,true,1,128327
16124,true,פלפלים ממולאים,,,ירקות שוק ממולאים,קילוגרמים,1.00,"ק""ג",true,,59.00,59.0000,true,1,128330
16125,true,רטטוי,,,רטטוי,קילוגרמים,1.00,"ק""ג",true,,49.00,49.0000,true,1,128331
16127,true,ספריבס,,,ספריבס,קילוגרמים,1.00,"ק""ג",true,,99.00,99.0000,true,1,128333
16128,true,סלט סלמון,,,סלט סלמון,קילוגרמים,1.00,"ק""ג",true,,75.00,75.0000,true,1,128514
16132,true,סלט סורימי,,,סלט סורימי,קילוגרמים,1.00,"ק""ג",true,,59.00,59.0000,true,1,128861
16138,true,עוגה בחושה תפוזים 50,,,עוגה בחושה תפוזים,גרמים,500.00,100 גרם,false,1,12.90,2.5800,true,1,129047
16146,true,סלט עוף ואננס,,,סלט עוף ואננס,קילוגרמים,1.00,"ק""ג",true,,55.00,55.0000,true,1,129341
16151,true,לזניה בשר,,,לזניה בשר,קילוגרמים,1.00,"ק""ג",true,,79.00,79.0000,true,1,129335
16152,true,לביבות גבינה,,,לביבות גבינה,קילוגרמים,1.00,"ק""ג",true,,59.00,59.0000,true,1,129348
16154,true,קציצות עוף לילדים בר,,,קציצות עוף לילדים ברוטב עגבניות,קילוגרמים,1.00,"ק""ג",true,,59.00,59.0000,true,1,129336
16167,true,רולדת סלמון וגבינה,,,רולדת סלמון וגבינה,קילוגרמים,1.00,"ק""ג",true,,119.00,119.0000,true,1,114545
16180,true,עלי גפן ממולאים,,,עלי גפן ממולאים,קילוגרמים,1.00,"ק""ג",true,,59.00,59.0000,true,1,130675
16186,true,עוגת פס תפוחים,,,עוגת פס תפוע,קילוגרמים,1.00,"ק""ג",true,,39.00,39.0000,true,1,130755
16189,true,סלט שרימפס ברוטב שום,,,סלט בייבי שרימפס ברוטב שום ופלפלים,קילוגרמים,1.00,"ק""ג",true,,119.00,119.0000,true,1,114410
16205,true,כרעיים מתובלים,,,כרעיים מתובלים,קילוגרמים,1.00,"ק""ג",true,,49.00,49.0000,true,1,131113
16234,true,גלילת חצילים,,,גלילת חצילים וגבינה,קילוגרמים,1.00,"ק""ג",true,,59.00,59.0000,true,1,132275
16242,true,לחם שיפון ביתי 580 ג,,,לחם שיפון ביתי 580 גר,גרמים,580.00,100 גרם,false,1,13.90,2.3966,true,1,133893
16248,true,לחם אגוזים 500 גר,,,לחם אגוזים 500 גר,גרמים,500.00,100 גרם,false,1,13.90,2.7800,true,1,134374
16249,true,לחם איטלקי 500 גר,,,לחם איטלקי 500 גר,גרמים,500.00,100 גרם,false,1,13.90,2.7800,true,1,134373
16250,true,עוגת פס גבינה,,,עוגת פס גבינה,קילוגרמים,1.00,"ק""ג",true,,44.00,44.0000,true,1,134520
16251,true,שרימפס ברוטב שמנת,,,שרימפס ברוטב שמנת,קילוגרמים,1.00,"ק""ג",true,,129.00,129.0000,true,1,135265
16253,true,לחם בצל 600 גר,,,לחם בצל 600 גר,גרמים,600.00,100 גרם,false,1,13.90,2.3167,true,1,135289
16256,true,לקט ירקות מוקפצים,,,לקט ירקות מוקפצים,קילוגרמים,1.00,"ק""ג",true,,29.00,29.0000,true,1,135502
16261,true,"לטקס תפו""א",,,לטקס תפוא,קילוגרמים,1.00,"ק""ג",true,,55.00,55.0000,true,1,135507
16266,true,אורז איטריות,,,אורז איטריות,קילוגרמים,1.00,"ק""ג",true,,35.00,35.0000,true,1,135852
16267,true,סלט טבולה,,,סלט טבולה,קילוגרמים,1.00,"ק""ג",true,,49.00,49.0000,true,1,135853
16268,true,ביף סטרוגנוף,,,ביף סטרוגנוף,קילוגרמים,1.00,"ק""ג",true,,79.00,79.0000,true,1,135854
16269,true,פשטידת כרובית 600 גר,,,פשטידה כרובית,גרמים,600.00,100 גרם,false,1,29.90,4.9833,true,1,135855
16274,true,עוגה בחושה בננה 500,,,עוגה בחושה בננה,גרמים,500.00,100 גרם,false,1,12.90,2.5800,true,1,135863
16275,true,עוגה בחושה שוקו 500,,,עגה בחושה שוקו,גרמים,500.00,100 גרם,false,1,12.90,2.5800,true,1,135864
16276,true,עוגה בחושה פרג 500 ג,,,עוגה בחושה פרג,גרמים,500.00,100 גרם,false,1,12.90,2.5800,true,1,135865
16277,true,עוגת בחושה תפוע 500,,,עוגת בחושה תפוע,גרמים,500.00,100 גרם,false,1,12.90,2.5800,true,1,135866
16278,true,פירושקי דובדבן,,,פירושקי עם דובדובן,Unknown,0.00,Unknown,false,1,5.90,0.0000,true,1,135981
16279,true,פלוב - אורז עם בשר,,,פלוב - אורז עם בשר,קילוגרמים,1.00,"ק""ג",true,,55.00,55.0000,true,1,135860
16280,true,עוגת פס פרג,,,עוגת פס פרג,קילוגרמים,1.00,"ק""ג",true,,39.00,39.0000,true,1,135861
16282,true,עוגת מאפינס חלווה 50,,,עוגת מאפינס חלווה,גרמים,500.00,100 גרם,false,1,18.90,3.7800,true,1,135867
16283,true,עוגת מאפינס קפה 500,,,עוגת מאפינס קפה,גרמים,500.00,100 גרם,false,1,18.90,3.7800,true,1,135868
16284,true,עוגת מאפינס שוקולד ד,,,עוגת מאפינס שוקולד דובדובן,גרמים,500.00,100 גרם,false,1,18.90,3.7800,true,1,135869
16286,true,עוגת מאפינס תפוח 500,,,עוגת מאפינס תפוח,גרמים,500.00,100 גרם,false,1,18.90,3.7800,true,1,135871
16301,true,סלט פטריות אסייתי,,,סלט פטריות אסייתי,קילוגרמים,1.00,"ק""ג",true,,59.00,59.0000,true,1,136128
16316,true,לחם נרוצנסקי 600 גר,,,לחם שיפון נרוצינסקי קראי,גרמים,600.00,100 גרם,false,1,18.90,3.1500,true,1,153890
16317,true,לחם קומרובסקי 700 גר,,,לחם שיפון קומורובסקי,גרמים,700.00,100 גרם,false,1,18.90,2.7000,true,1,153891
16318,true,עוף שלם בגריל,,,עוף שלם בגריל,קילוגרמים,1.00,"ק""ג",true,,39.00,39.0000,true,1,137129
16330,true,כרעיים מתובלים אישי,,,כרעיים מתובלים בוואקום,קילוגרמים,1.00,"ק""ג",true,,45.00,45.0000,true,1,139577
16337,true,קיש אישי בצל 250 גר,,,קיש אישי בצל,גרמים,250.00,100 גרם,false,1,19.90,7.9600,true,1,139896
16338,true,קיש אישי ברוקולי 250,,,קיש אישי ברוקולי,גרמים,250.00,100 גרם,false,1,19.90,7.9600,true,1,139897
16339,true,קיש אישי כרובית 250,,,קיש אישי כרובית,גרמים,250.00,100 גרם,false,1,19.90,7.9600,true,1,139898
16340,true,קיש אישי פטריות 250,,,קיש אישי פטריות,גרמים,250.00,100 גרם,false,1,19.90,7.9600,true,1,139092
16341,true,קיש אישי פלפלים 250,,,קיש אישי פלפלים,גרמים,250.00,100 גרם,false,1,19.90,7.9600,true,1,139494
16389,true,אורז עם פטריות בזילי,,,אורז עם פטריות בזיליקום ועגבניות מיובשו,קילוגרמים,1.00,"ק""ג",true,,39.00,39.0000,true,1,143868
16391,true,כבד עוף עם בצל מטוגן,,,כבד עוף עם בצל מטוגן ויין,קילוגרמים,1.00,"ק""ג",true,,59.00,59.0000,true,1,144165
16401,true,פילה סלמון,,,קונפיטורות מיני,קילוגרמים,1.00,"ק""ג",true,,129.00,129.0000,true,1,148554
16434,true,חציל יווני,,,סנטה יושב על 2 מתנות,קילוגרמים,1.00,"ק""ג",true,,45.00,45.0000,true,1,150123
16447,true,עוף בגריל,,,עוף בגריל בואקום,קילוגרמים,1.00,"ק""ג",true,,29.00,29.0000,true,1,151961
16471,true,סלמון בעישון חם עם ח,,,6 כדורים 6סמ בשקית,קילוגרמים,1.00,"ק""ג",true,,129.00,129.0000,true,1,154661
16656,true,קציצות דג,,,קציצות דג,קילוגרמים,1.00,"ק""ג",true,,69.00,69.0000,true,1,163526
16666,true,סלט אוליביה ללא נקני,,,סלט אוליביה ללא נקניק,קילוגרמים,1.00,"ק""ג",true,,49.00,49.0000,true,1,170291
17000,true,עוף שלם טרי,פנדי עוף,,עוף טרי,קילוגרמים,1.00,"ק""ג",true,,17.90,17.9000,true,1,116070
17001,true,כרעיים עוף,פנדי עוף,,כרעיים עוף,קילוגרמים,1.00,"ק""ג",true,,19.90,19.9000,true,1,117373
17002,true,חזה עוף,פנדי עוף,,חזה עוף,קילוגרמים,1.00,"ק""ג",true,,33.90,33.9000,true,1,116941
17003,true,שניצל עוף,פנדי עוף,,שניצל עוף,קילוגרמים,1.00,"ק""ג",true,,39.90,39.9000,true,1,114412
17004,true,שוקיים עוף,פנדי עוף,,שוקיים עוף,קילוגרמים,1.00,"ק""ג",true,,26.90,26.9000,true,1,117374
17005,true,כנפיים עוף,פנדי עוף,,כנפיים עוף,קילוגרמים,1.00,"ק""ג",true,,15.90,15.9000,true,1,116492
17006,true,גב עוף,,,גב עוף,קילוגרמים,1.00,"ק""ג",true,,2.00,2.0000,true,1,115055
17011,true,טחון עוף,פנדי עוף,,טחון עוף,קילוגרמים,1.00,"ק""ג",true,,39.90,39.9000,true,1,116493
17014,true,שאריות עוף,,,שאריות עוף,קילוגרמים,1.00,"ק""ג",true,,7.00,7.0000,true,1,116943
17020,true,פרגיות עוף עם עור,,,פרגיות עוף עם עור,קילוגרמים,1.00,"ק""ג",true,,44.90,44.9000,true,1,115056
17025,true,טחון עוף והודו,,,טחון עוף והודו,קילוגרמים,1.00,"ק""ג",true,,32.90,32.9000,true,1,116074
17030,true,סטייק פרגית עוף טרי,,,פרגיות עוף בלי עור,קילוגרמים,1.00,"ק""ג",true,,49.90,49.9000,true,1,117378
17110,true,טחון הודו,,,טחון הודו,קילוגרמים,1.00,"ק""ג",true,,32.90,32.9000,true,1,114413
17116,true,שווארמה הודו ארוך,שיווק שווארמה הצפון,,שווארמה הודו ארוך,קילוגרמים,1.00,"ק""ג",true,,64.90,64.9000,true,1,115475
17119,true,חזה הודו,שיווק שווארמה הצפון,,חזה הודו,קילוגרמים,1.00,"ק""ג",true,,32.90,32.9000,true,1,115476
17120,true,שניצל הודו,,,שניצל הודו,קילוגרמים,1.00,"ק""ג",true,,32.90,32.9000,true,1,114557
17200,true,בשר עגל בלי עצם,,,בשר עגל בלי עצם,קילוגרמים,1.00,"ק""ג",true,,62.90,62.9000,true,1,115479
17206,true,בשר עגל מובחר,,,בשר עגל מובחר,קילוגרמים,1.00,"ק""ג",true,,64.90,64.9000,true,1,117384
17207,true,עצמות עגל,,,עצמות עגל,קילוגרמים,1.00,"ק""ג",true,,10.00,10.0000,true,1,115480
17208,true,אסאדו עגל עם עצם,בית מטבחיים דבאח,,אסדו עגל עם עצם,קילוגרמים,1.00,"ק""ג",true,,44.90,44.9000,true,1,117385
17212,true,לשון עגל טרי,בית מטבחיים דבאח,,לשון עגל טרי,קילוגרמים,1.00,"ק""ג",true,,42.90,42.9000,true,1,115061
17213,true,אוסובוקו עגל,בית מטבחיים דבאח,,אוסובוקו עגל,קילוגרמים,1.00,"ק""ג",true,,39.90,39.9000,true,1,115482
17215,true,לב עגל,בית מטבחיים דבאח,,לב עגל,קילוגרמים,1.00,"ק""ג",true,,17.90,17.9000,true,1,116084
17216,true,טחון בקר מבשר קפוא,,,טחון בקר מבשר קפוא,קילוגרמים,1.00,"ק""ג",true,,34.90,34.9000,true,1,116085
17218,true,כבד עגל טרי,בית מטבחיים דבאח,,כבד עגל טרי,קילוגרמים,1.00,"ק""ג",true,,19.90,19.9000,true,1,117386
17222,true,חזה עגל,בית מטבחיים דבאח,,חזה עגל,קילוגרמים,1.00,"ק""ג",true,,34.90,34.9000,true,1,116503
17227,true,פיקניה עגל טרי נתח ש,בית מטבחיים דבאח,,שפיץ צך עגל טרי,קילוגרמים,1.00,"ק""ג",true,,99.90,99.9000,true,1,115484
17229,true,טחון בקר וחזיר,,,טחון בקר וחזיר,קילוגרמים,1.00,"ק""ג",true,,49.90,49.9000,true,1,116504
17236,true,עגל עם עצם,,,עגל עם עצם,קילוגרמים,1.00,"ק""ג",true,,44.90,44.9000,true,1,115065
17246,true,אסאדו בקר דרום אמריק,בית מטבחיים דבאח,,אסאדו בקר,קילוגרמים,1.00,"ק""ג",true,,49.90,49.9000,true,1,116506
17248,true,שייטל בקר טרי,בית מטבחיים דבאח,,שייטל עגל טרי,קילוגרמים,1.00,"ק""ג",true,,79.90,79.9000,true,1,116087
17257,true,פורטר האוס משויש בקר,,,שניצל עגל,קילוגרמים,1.00,"ק""ג",true,,139.90,139.9000,true,1,146921
17270,true,אנטריקוט בקר משויש ע,,,וייסברטן עגל מצונן,קילוגרמים,1.00,"ק""ג",true,,149.90,149.9000,true,1,151026
17302,true,ספריבס לבן טרי,המפרק פירוק ושיווק ב,,ספריבס לבן טרי,קילוגרמים,1.00,"ק""ג",true,,84.90,84.9000,true,1,115068
17303,true,פולקה לבן,המפרק פירוק ושיווק ב,,פולקה לבן,קילוגרמים,1.00,"ק""ג",true,,54.90,54.9000,true,1,117395
17304,true,אוסובוקו לבן,המפרק פירוק ושיווק ב,,אוסובוקו לבן,קילוגרמים,1.00,"ק""ג",true,,34.90,34.9000,true,1,114562
17308,true,עצמות לבן,המפרק פירוק ושיווק ב,,עצמות לבן,קילוגרמים,1.00,"ק""ג",true,,14.90,14.9000,true,1,115487
17310,true,טחון לבן,המפרק פירוק ושיווק ב,,טחון לבן,קילוגרמים,1.00,"ק""ג",true,,52.90,52.9000,true,1,115553
17311,true,רגליים חזיר,המפרק פירוק ושיווק ב,,רגליים חזיר,קילוגרמים,1.00,"ק""ג",true,,12.90,12.9000,true,1,116089
17316,true,קוטלט לבן,המפרק פירוק ושיווק ב,,קוטלט לבן,קילוגרמים,1.00,"ק""ג",true,,71.90,71.9000,true,1,114565
17317,true,שולטר לבן,המפרק פירוק ושיווק ב,,שולטר לבן,קילוגרמים,1.00,"ק""ג",true,,54.90,54.9000,true,1,117396
17318,true,פילה לבן,המפרק פירוק ושיווק ב,,פילה לבן,קילוגרמים,1.00,"ק""ג",true,,84.90,84.9000,true,1,116510
17319,true,שולטר מובחר,המפרק פירוק ושיווק ב,,שולטר מובחר,קילוגרמים,1.00,"ק""ג",true,,56.90,56.9000,true,1,116511
17321,true,סטייק צוואר,המפרק פירוק ושיווק ב,,סטייק צוואר,קילוגרמים,1.00,"ק""ג",true,,84.90,84.9000,true,1,117397
17322,true,סינטה בלי עצם,המפרק פירוק ושיווק ב,,סינטה בלי עצם,קילוגרמים,1.00,"ק""ג",true,,79.90,79.9000,true,1,114424
17331,true,צוואר לבן בלי עצם,המפרק פירוק ושיווק ב,,צוואר לבן בלי עצם,קילוגרמים,1.00,"ק""ג",true,,109.90,109.9000,true,1,115554
17335,true,בייבי ריבס לבן,המפרק פירוק ושיווק ב,,בביריבס לבן,קילוגרמים,1.00,"ק""ג",true,,99.90,99.9000,true,1,128628
17357,true,שומן פנים,המפרק פירוק ושיווק ב,,שומן פנים,קילוגרמים,1.00,"ק""ג",true,,10.00,10.0000,true,1,114567
17400,true,אחורי טלה טרי,בית מטבחיים דבאח,,שוק טלה/אחורי טלה טרי,קילוגרמים,1.00,"ק""ג",true,,79.90,79.9000,true,1,115070
17401,true,צלעות טלה,בית מטבחיים דבאח,,צלעות טלה,קילוגרמים,1.00,"ק""ג",true,,139.90,139.9000,true,1,115555
17407,true,סטייק טיבון כבש,בית מטבחיים דבאח,,סטייק טיבון כבש,קילוגרמים,1.00,"ק""ג",true,,119.90,119.9000,true,1,126619
17410,true,צוואר כבש,בית מטבחיים דבאח,,צוואר כבש,קילוגרמים,1.00,"ק""ג",true,,79.90,79.9000,true,1,114428
17415,true,פלדה כבש,,,פלדה כבש,קילוגרמים,1.00,"ק""ג",true,,69.90,69.9000,true,1,134527
17501,true,כרעיים עוף טרי ארוז,,,כבד אווז,קילוגרמים,1.00,"ק""ג",true,,21.90,21.9000,true,1,145700
17502,true,חזה עוף טרי ארוז,,,חזה עוף טרי ארוז,קילוגרמים,1.00,"ק""ג",true,,36.90,36.9000,true,1,145702
17503,true,שניצל עוף טרי ארוז,,,שניצל עוף טרי ארוז,קילוגרמים,1.00,"ק""ג",true,,39.90,39.9000,true,1,145701
17504,true,שוקיים עוף טרי ארוז,פנדי עוף,,שוקיים עוף טרי ארוז,קילוגרמים,1.00,"ק""ג",true,,26.90,26.9000,true,1,145703
17505,true,כנפיים עוף טרי ארוז,,,כנפיים עוף טרי ארוז,קילוגרמים,1.00,"ק""ג",true,,17.90,17.9000,true,1,145707
17506,true,סטייק פרגית טרי ארוז,,,סטייק פרגית טרי ארוז,קילוגרמים,1.00,"ק""ג",true,,59.90,59.9000,true,1,145704
17507,true,כבד עוף טרי ארוז,,,כבד עוף טרי ארוז,קילוגרמים,1.00,"ק""ג",true,,19.90,19.9000,true,1,145705
19009,true,רגל עגל פרוס,בית מטבחיים דבאח,,רגל עגל פרוס דבאח,קילוגרמים,1.00,"ק""ג",true,,24.90,24.9000,true,1,115093
19043,true,מוח עגל קפוא במגש,בית מטבחיים דבאח,,מוח עגל קפוא במגש,קילוגרמים,1.00,"ק""ג",true,,74.90,74.9000,true,1,114588
19047,true,בשר בקר מס 2,,,בשר בקר מס 2,קילוגרמים,1.00,"ק""ג",true,,35.90,35.9000,true,1,145685
19058,true,בשר מס 4 קפוא,,,בשר מס 4 קפוא,קילוגרמים,1.00,"ק""ג",true,,36.90,36.9000,true,1,116975
19060,true,בשר מס 8 קפוא,,,בשר מס 8 קפוא,קילוגרמים,1.00,"ק""ג",true,,32.90,32.9000,true,1,116534
19193,true,צוריסוס לבן במגש,זילבר תעשיות מוצרי ב,,"צ""וריסוס לבן במגש",קילוגרמים,1.00,"ק""ג",true,,75.90,75.9000,true,1,117417
19641,true,לשון בקר,,,לשון בקר,קילוגרמים,1.00,"ק""ג",true,,29.90,29.9000,true,1,116978
20146,true,אייל תצוגה מוזהב 50,,,"אייל תצוגה מוזהב 50 ס""מ",Unknown,0.00,Unknown,false,1,99.90,0.0000,true,1,154639
20180,true,מסכה kn95,,,מסכה kn95,Unknown,0.00,Unknown,false,1,10.00,0.0000,true,1,156614
20502,true,לחם בורודינסקי 600 ג,,,לחם בורודינסקי 600 גר,גרמים,600.00,100 גרם,false,1,17.90,2.9833,true,1,157640
20504,true,לחם מינסקי 600 גר,,,לחם מינסקי 600 גר,גרמים,600.00,100 גרם,false,1,18.90,3.1500,true,1,161128
22846,true,פירורי גבינה,,,פירורי גבינה,קילוגרמים,1.00,"ק""ג",true,,45.00,45.0000,true,1,132172
110111,true,צוריסוס לבן במגש,זילבר תעשיות מוצרי ב,,"צ""וריסוס לבן במגש",קילוגרמים,1.00,"ק""ג",true,,69.90,69.9000,true,1,168950
110289,true,צוריסוס עגל קפוא,,,צוריסוס עגל קפוא,קילוגרמים,1.00,"ק""ג",true,,54.90,54.9000,true,1,135644
110319,true,צוריסוס דק במגש,זילבר תעשיות מוצרי ב,,"צ""וריסוס דק במגש",קילוגרמים,1.00,"ק""ג",true,,69.90,69.9000,true,1,114444
191187,true,דג הרינג שלם בוואקום,,,דג הרינג שלם בוואקום,קילוגרמים,1.00,"ק""ג",true,,32.00,32.0000,true,1,149082
532171,true,דג הרינג מלוח ואקום,הרמס דגים,,הרינג נורווגי מלוח ואקום,קילוגרמים,1.00,"ק""ג",true,,29.00,29.0000,true,1,131654
532188,true,מקרל מעושן גדול וואק,הרמס דגים,,מקרל מעושן גדול ואקום,קילוגרמים,1.00,"ק""ג",true,,89.00,89.0000,true,1,153508
10001752,false,לחם רוסי בטעמים 750,פורמן אפייה,,לחם רוסי בטעמים,גרמים,750.00,100 גרם,false,1,13.90,1.8533,true,1,119920
40111216,false,חטיף באונטי 57 גר,,,חטיף באונטי 57 גר,גרמים,57.00,100 גרם,false,1,3.90,6.8421,true,1,121577
40122076,false,חומץ עם מיץ לימון 75,,,חומץ עם מיץ לימון 750 מל,מיליליטרים,750.00,"100 מ""ל",false,6,7.90,1.0533,true,1,161964
40173351,false,בירה מייזל חיטה אורי,,DE,בירה מייזל חיטה אוריגינל 500 מל,מיליליטרים,500.00,"100 מ""ל",false,20,10.90,2.1800,true,1,159558
41019467,false,בירה גרמניה 500 מל,איכבאום,,"בירה גרמניה 0.5 ל"" פ",מיליליטרים,500.00,"100 מ""ל",false,12,7.90,1.5800,true,1,121609
41024355,false,בירה ביטבורגר פח 500,מבשלת ביטבורגר,,"בירה ביטבורגר פח 500 מ""ל",מיליליטרים,500.00,"100 מ""ל",false,1,7.90,1.5800,true,1,130566
42061939,false,בירה בקס בק 500 מל,,,"בירה בקס בק 500 מ""ל",מיליליטרים,500.00,"100 מ""ל",false,1,8.90,1.7800,true,1,141797
42123866,false,הובה בובה בטעם קלאסי,,,הובה בובה בטעם קלאסי,גרמים,35.00,100 גרם,false,1,3.00,8.5714,true,1,121613
42134978,false,סרגל מרציפן סנטה 100,,,סרגל מרציפן סנטה 100 גר,גרמים,100.00,100 גרם,false,21,10.90,10.9000,true,1,138722
42135012,false,סרגל איש קרח נוגט 10,,,סרגל איש קרח נוגט 100 גר,גרמים,100.00,100 גרם,false,1,10.90,10.9000,true,1,145549
42138105,false,וינסטון סופר סלימס כ,,,וינסטון סופר סלימס כחול,Unknown,0.00,Unknown,false,1,33.00,0.0000,false,1,121616
42138129,false,וינסטון סופר סלימס מ,,,וינסטון סופר סלימס מנטול,Unknown,0.00,Unknown,false,1,33.00,0.0000,false,1,121617
42370291,false,סמרטיז פינגווין גונץ,,,סמרטיז פינגווין גונץ 85 גר,גרמים,85.00,100 גרם,false,16,14.90,17.5294,true,1,167336
42370307,false,סמרטיז סנטה קלאוס גו,,,סמרטיז סנטה קלאוס גונץ 85 גר,גרמים,85.00,100 גרם,false,16,14.90,17.5294,true,1,167337
42370314,false,סמרטיז קלפר מולטי מי,,,סמרטיז קלפר מולטי מיקס גונץ 56 גר,גרמים,56.00,100 גרם,false,1,14.90,26.6071,true,1,174251
52070082,false,פאל מאל סופר סלימס ו,,,פאל מאל סופר סלימס ויולט,Unknown,0.00,Unknown,false,1,30.00,0.0000,false,1,144133
54051140,false,מעדן סויה וניל אלפרו,ALPRO,,"רביעיית מעדן ""אלפרו""",גרמים,500.00,100 גרם,false,1,15.90,3.1800,true,1,121683
59039549,false,ווג פריזון מנטול,,,ווג פריזון מנטול,Unknown,0.00,Unknown,false,1,38.50,0.0000,false,1,121685
59068907,false,פאל מאל כחול דמי סלי,,,פאל מאל כחול דמי סלימס,Unknown,0.00,Unknown,false,1,26.00,0.0000,false,1,142865
59455233,false,ווג כחול,,,ווג כחול,Unknown,0.00,Unknown,false,1,38.50,0.0000,false,1,121686
72940754,false,מילקי וניל 133 גר,STRAUSS-ISRAEL,,מילקי וניל 133 גר,גרמים,133.00,100 גרם,false,1,2.90,2.1805,true,1,122561
72940761,false,מילקי שוקולד 133 גר,STRAUSS-ISRAEL,,מילקי שוקולד 133 גר,גרמים,133.00,100 גרם,false,1,2.90,2.1805,true,1,122562
72940952,false,מילקי פי 2 קצפת 170,STRAUSS-ISRAEL,,"מילקי פי 2 קצפת 170 מ""ל",מיליליטרים,170.00,"100 מ""ל",false,1,3.80,2.2353,true,1,122563
72941041,false,מיני מילקי שוקולד 13,STRAUSS-ISRAEL,,מיני מילקי שוקולד,מיליליטרים,130.00,"100 מ""ל",false,1,2.00,1.5385,true,1,122566
72945308,false,שמרית קוביה 50 גר,"פאקא תעשיות בע""מ",,שמרית קוביה,גרמים,50.00,100 גרם,false,1,3.90,7.8000,true,1,122567
72961506,false,יוגורט עם תות פרילי,,,"פרילי תות 125 גר""",גרמים,125.00,100 גרם,false,1,3.90,3.1200,true,1,122568
72961520,false,יוגורט עם אננס פרילי,,,"פרילי אננס 125 גר""",גרמים,125.00,100 גרם,false,1,3.40,2.7200,true,1,122570
72961544,false,יוגורט בטעם תות 3% ב,,,באדי תות 3% 125 גר,גרמים,125.00,100 גרם,false,1,2.90,2.3200,true,1,122571
72963753,false,שמנת של פעם 27% 200,,,שמנת של פעם 27% 200 גר,מיליליטרים,200.00,"100 מ""ל",false,1,4.40,2.2000,true,1,122574
72964132,false,יוגורט עם גרונולה ופ,,,"פרילי טבע 200 גר""",גרמים,200.00,100 גרם,false,1,5.90,2.9500,true,1,122576
72964422,false,יוגורט טבעי 4.5% 206,,,שלי יוגורט 4.5%,גרמים,206.00,100 גרם,false,1,2.70,1.3107,true,1,122577
72986240,false,"מעדן ""באדי"" שוקו 125",,,"מעדן ""באדי"" שוקו 125",מיליליטרים,125.00,"100 מ""ל",false,1,2.80,2.2400,true,1,122586
72986370,false,גלידת יוגורט יווני א,,,גלידת יוגורט יווני אוכמניות ופירורי עוגי,מיליליטרים,500.00,"100 מ""ל",false,1,19.90,3.9800,true,1,126331
72986424,false,גלידת פיינט קרם עוגי,,,"גלידת קרם עוגיות 500 מ""ל",מיליליטרים,500.00,"100 מ""ל",false,1,19.90,3.9800,true,1,126335
72986448,false,גלידת פיינט טופי קרא,,,"גלידת טופ קראנץ"" 500 מ""ל",מיליליטרים,500.00,"100 מ""ל",false,1,19.90,3.9800,true,1,126339
72986455,false,גלידת פיינט ניו יורק,,,"גלידת ניו יורק סופר 500 מ""ל",מיליליטרים,500.00,"100 מ""ל",false,1,19.90,3.9800,true,1,126333
72986479,false,גלידת פיינט צאנקי מא,,,"גלידת צ""אנקי מנקי 500 מ""ל",מיליליטרים,500.00,"100 מ""ל",false,1,19.90,3.9800,true,1,126334
72989425,false,גלידת פיינט שוקולד ב,,,"גלידת שוקולד בראוניס 500 מ""ל",מיליליטרים,500.00,"100 מ""ל",false,1,19.90,3.9800,true,1,126336
72991886,false,גלידת פיינט דולצה דה,,,"גלידת דולצ""ה דה לצ""ה 500 מ""ל",מיליליטרים,500.00,"100 מ""ל",false,1,19.90,3.9800,true,1,126337
72993637,false,מעדן דני שוקולד 125,STRAUSS-ISRAEL,,"מעדן ""דני"" שוקולד",גרמים,125.00,100 גרם,false,1,2.60,2.0800,true,1,122609
72994061,false,חטיף שוקולד פסק זמן,SOLEN CIKOLATA GIDA,,פסק זמן 36 גרם,גרמים,36.00,100 גרם,false,1,4.90,13.6111,true,1,122614
76136184,false,פאל מאל סופר סלימס כ,,,פאל מאל סופר סלימס כחול,Unknown,0.00,Unknown,false,1,30.00,0.0000,false,1,122618
80050025,false,סוכריות טיק טק תפוז,,,סוכריות טיק טק תפוז,Unknown,0.00,Unknown,false,1,2.90,0.0000,true,1,122718
80050124,false,סוכריות טיק טק מנטה,,,סוכריות טיק טק מנטה,Unknown,0.00,Unknown,false,1,2.90,0.0000,true,1,122719
80136194,false,חטיף קינדר הפי היפו,,,חטיף קינדר הפי היפו אגוזי לוז חמישייה,גרמים,104.00,100 גרם,false,1,13.90,13.3654,true,1,139691
80176800,false,ממרח שוקולד נוטלה 75,,,ממרח שוקולד נוטלה 750 גר,גרמים,750.00,100 גרם,false,1,26.90,3.5867,true,1,122792
80177173,false,ממרח שוקולד נוטלה 35,,,ממרח שוקולד נוטלה 350 גר,גרמים,350.00,100 גרם,false,1,14.90,4.2571,true,1,122793
80177609,false,שוקולד אצבעות קינדר,,,שוקולד אצבעות קינדר 50 גר,גרמים,50.00,100 גרם,false,1,4.90,9.8000,true,1,122795
80177616,false,שוקולד אצבעות קינדר,,,שוקולד אצבעות קינדר 100 גר,גרמים,100.00,100 גרם,false,1,7.90,7.9000,true,1,122796
80273561,false,פלפל שחור במטחנה 45,,,פלפל שחור במטחנה 45 גר,גרמים,45.00,100 גרם,false,1,14.90,33.1111,true,1,165754
80273592,false,פלפל 4 עונות במטחנה,,,פלפל 4 עונות במטחנה 35 גר,גרמים,35.00,100 גרם,false,1,14.90,42.5714,true,1,165755
80310334,false,שוקולד קינדר סנטה 55,,,שוקולד קינדר סנטה 55 גר,גרמים,55.00,100 גרם,false,24,12.90,23.4545,true,1,167241
80310549,false,חטיף קינדר הפי היפו,,,חטיף קינדר הפי היפו אגוזי לוז 28 יח,Unknown,0.00,Unknown,false,1,2.90,0.0000,true,1,139690
80761761,false,חטיף קינדר בואנו בוד,,,חטיף קינדר בואנו בודד לבן 39 גר,גרמים,39.00,100 גרם,false,1,4.90,12.5641,true,1,122797
80768258,false,ביצת הפתעה קינדר גוי,,,ביצת הפתעה קינדר גוי ורוד 20 גר,גרמים,20.00,100 גרם,false,1,5.90,29.5000,true,1,130911
80773429,false,מסטיק מנטוס פיור תות,פרפטי ואן מלה הולנד,,מסטיק מנטוס פיור תות ללא סוכר 60 גר,גרמים,60.00,100 גרם,false,1,9.90,16.5000,true,1,140733
80773443,false,מסטיק מנטוס בטעם פיר,פרפטי ואן מלה הולנד,,מסטיק מנטוס בטעם פירות מנטה,גרמים,60.00,100 גרם,false,1,9.90,16.5000,true,1,137374
80790990,false,מסטיק מנטוס בטעם מנט,פרפטי ואן מלה הולנד,,מסטיק מנטוס בטעם מנטה עדינה,גרמים,60.00,100 גרם,false,1,9.90,16.5000,true,1,137373
80822141,false,בית קינדר קריסמס מינ,,,בית קינדר קריסמס מיני מיקס 76 גר,גרמים,76.00,100 גרם,false,1,22.90,30.1316,true,1,174029
80843184,false,מסטיק מנטוס פיור בטע,פרפטי ואן מלה הולנד,TR,מסטיק מנטוס פיור בטעם ענבים בק 60 גר,גרמים,60.00,100 גרם,false,1,9.90,16.5000,true,1,165047
80913467,false,מסטיק מנטוס בטעם מנט,פרפטי ואן מלה הולנד,,מסטיק מנטוס בטעם מנטה ללא סוכר 60 גר,גרמים,60.00,100 גרם,false,1,9.90,16.5000,true,1,137372
80974482,false,ביצת הפתעה קינדר גוי,,,ביצת הפתעה קינדר גוי כחול,גרמים,20.00,100 גרם,false,1,5.90,29.5000,true,1,130912
80979128,false,מסטיק מנטוס פיור בטע,פרפטי ואן מלה הולנד,TR,מסטיק מנטוס פיור בטעם דובדבן בק 60 גר,גרמים,60.00,100 גרם,false,1,9.90,16.5000,true,1,165046
80986348,false,מסטיק מנטוס בטעם מנט,פרפטי ואן מלה הולנד,,מסטיק מנטוס בטעם מנטה בק 30 יח,גרמים,60.00,100 גרם,false,1,9.90,16.5000,true,1,166255
90034107,false,בירה שטיגל גולדבראו,מבשלת שטיגל,,"בירה שטיגל גולדבראו 500 מ""ל",מיליליטרים,500.00,"100 מ""ל",false,1,10.90,2.1800,true,1,132793
90087011,false,מיץ תפוחים 1 ל,Rauch fruchtsafte gm,,מיץ תפוחים 1 ליטר,ליטרים,1.00,ליטר,false,1,12.90,12.9000,true,1,122853
90087066,false,מיץ תפוזים 100% טבעי,,,"מיץ ""ראוך"" תפוזים 10",Unknown,0.00,Unknown,false,1,12.90,0.0000,true,1,122854
90087271,false,נקטר אוכמניות 1 ל,Rauch fruchtsafte gm,,נקטר אוכמניות 1 ליטר,ליטרים,1.00,ליטר,false,1,12.90,12.9000,true,1,122855
90087547,false,מיץ עגבניות ראוך 1 ל,Rauch fruchtsafte gm,,"מיץ עגבניות ""ראוך"" 1",ליטרים,1.00,ליטר,false,1,12.90,12.9000,true,1,122856
90087769,false,מיץ אננס 1 ל,Rauch fruchtsafte gm,,מיץ אננס,ליטרים,1.00,ליטר,false,1,12.90,12.9000,true,1,122857
90087806,false,מיץ ראוך אשכוליות 10,,,מיץ ראוך אשכוליות 100% 1 ל,ליטרים,1.00,ליטר,false,1,12.90,12.9000,true,1,122858
90087974,false,חומץ תפוחים 1.5% 750,Rauch fruchtsafte gm,,חומץ תפוחים 1.5%,מיליליטרים,750.00,"100 מ""ל",false,1,12.90,1.7200,true,1,122859
90087998,false,מיץ לימון טבעי 250 מ,Rauch fruchtsafte gm,,מיץ לימון טבעי 250 מ,מיליליטרים,250.00,"100 מ""ל",false,1,7.90,3.1600,true,1,122860
90162602,false,משקה אנרגיה רד בול 2,REDBULL,AT,"משקה אנרגיה ""רד בול""",מיליליטרים,250.00,"100 מ""ל",false,24,6.90,2.7600,true,1,122861
90446269,false,משקה אנרגיה אבטיח רד,REDBULL,AT,משקה אנרגיה אבטיח רד בול 250 מל,מיליליטרים,250.00,"100 מ""ל",false,24,6.90,2.7600,true,1,163474
1206081608,false,מארז 3 איילים במגוון,,,מארז 3 איילים במגוון צבעים לקישוט,Unknown,0.00,Unknown,false,1,6.90,0.0000,true,1,166856
8112100298,false,שמן שומשום טהור 185,Flavor full foods in,,"שמן שומשום טהור 185 מ""ל",מיליליטרים,185.00,"100 מ""ל",false,1,14.90,8.0541,true,1,122801
11210000094,false,רוטב פלפל טבסקו אדום,,,רוטב פלפל טבסקו אדום,מיליליטרים,60.00,"100 מ""ל",false,1,11.90,19.8333,true,1,121456
11210002500,false,רוטב טבסקו בפאלו 150,,,"רוטב טבסקו בפאלו 150 מ""ל",מיליליטרים,150.00,"100 מ""ל",false,1,22.90,15.2667,true,1,137333
11210006508,false,רוטב טבסקו הבנרו אקס,,,רוטב טבסקו הבנרו,מיליליטרים,60.00,"100 מ""ל",false,1,17.90,29.8333,true,1,121458
11210007253,false,רוטב פלפל טבסקו שום,,,רוטב פלפל טבסקו שום,מיליליטרים,60.00,"100 מ""ל",false,1,11.90,19.8333,true,1,121459
11210009387,false,רוטב פלפל טבסקו ירוק,,,רוטב פלפל טבסקו ירוק,מיליליטרים,60.00,"100 מ""ל",false,1,11.90,19.8333,true,1,121460
11210607040,false,רוטב טבסקו ציפוטלה מ,,,"רוטב צ""יפוטלי טבסקו",מיליליטרים,60.00,"100 מ""ל",false,1,11.90,19.8333,true,1,121461
11210618503,false,רוטב טבסקו סקורפיון,,,רוטב טבסקו סקורפיון 60 מל,מיליליטרים,60.00,"100 מ""ל",false,1,17.90,29.8333,true,1,156795
11359650204,false,רוטב סלסה מקסיקנית 2,,,רוטב סלסה מקסיקנית 220 גר,גרמים,220.00,100 גרם,false,1,9.90,4.5000,true,1,165949
13300000113,false,ציפוי פאן פטי גלקסי,,,ציפוי פאן פטי גלקסי פילסברי 442 גר,גרמים,442.00,100 גרם,false,1,15.90,3.5973,true,1,171017
13300000120,false,מיקס פילסברי פאן פטי,,,מיקס פילסברי פאן פטי גלקסי 432 גר,גרמים,432.00,100 גרם,false,1,16.90,3.9120,true,1,171015
13300607961,false,מיקס גולדן פילסברי 4,,,מיקס גולדן פילסברי 432 גר,גרמים,432.00,100 גרם,false,1,16.90,3.9120,true,1,165346
13300609118,false,מיקס שוקולד פילסברי,,,מיקס שוקולד פילסברי 432 גר,גרמים,432.00,100 גרם,false,1,16.90,3.9120,true,1,165348
16000151284,false,דגני קוקו פאפס 294 ג,,,דגני קוקו פאפס 294 גר,גרמים,294.00,100 גרם,false,1,29.90,10.1701,true,1,171945
16000151963,false,דגני טוסט קראנץ פרנץ,,,דגני טוסט קראנץ פרנץ 314 גר,גרמים,314.00,100 גרם,false,1,29.90,9.5223,true,1,171946
16000185517,false,דגני בוקר פייבר וואן,,US,דגני בוקר פייבר וואן 555 גר,גרמים,555.00,100 גרם,false,6,25.90,4.6667,true,1,167713
16000423534,false,חטיף נטיור ואלי שיבו,,,"חטיף ""נטיור ואלי"" בט",גרמים,210.00,100 גרם,false,1,14.90,7.0952,true,1,122911
16000548404,false,חטיף גרנולה קראנצ שי,,,קראנצי חט.גרנולה ש.ש,גרמים,210.00,100 גרם,false,1,14.90,7.0952,true,1,122912
16000548503,false,חטיף נייטשר וואלי מי,,,קראנצי חט.גרנולה+מיי,גרמים,210.00,100 גרם,false,1,14.90,7.0952,true,1,122913
16229918354,false,ארוי די רוטב קארי אד,,,ארוי די רוטב קארי אדום 250 מל,מיליליטרים,250.00,"100 מ""ל",false,1,9.90,3.9600,true,1,157667
16229918378,false,ארוי די רוטב קארי מא,,,ארוי די רוטב קארי מאסמן 250 מל,מיליליטרים,250.00,"100 מ""ל",false,1,9.90,3.9600,true,1,157668
16229924263,false,קרם קוקוס 250 מל,,,קרם קוקוס 250 מל,מיליליטרים,250.00,"100 מ""ל",false,1,9.90,3.9600,true,1,157665
18000701223,false,תערובת עוגת שוקולד 5,,,תערובת עוגת שוקולד 500 גר,גרמים,500.00,100 גרם,false,1,16.90,3.3800,true,1,122916
18000703517,false,תערובת עוגת שיש 559,,,תערובת עוגת שיש,גרמים,559.00,100 גרם,false,1,16.90,3.0233,true,1,122918
18200004735,false,בירה באדוויזר בק אלו,,,בירה באדוויזר בק אלומיניום 473 מל,מיליליטרים,473.00,"100 מ""ל",false,1,10.90,2.3044,true,1,157546
21000052288,false,רוטב ברביקיו קראפט א,,,"רוטב ברביקיו קראפט אוריגינל 510 מ""ל",גרמים,510.00,100 גרם,false,12,12.90,2.5294,true,1,153609
21723758887,false,רוטב דגים טיפארוס 70,Tang sang hah co. lt,,רוטב דגים טיפארוס 700מל,מיליליטרים,700.00,"100 מ""ל",false,1,15.90,2.2714,true,1,127576
22014004607,false,רסק תפוחי עץ אורגני,,,רסק תפוחי עץ אורגני 452 גרם,גרמים,452.00,100 גרם,false,1,17.90,3.9602,true,1,163693
29801025203,false,עוגיות חמאה קריספי ב,HAMLET NV,,עוגיות חמאה קריספי 2,גרמים,200.00,100 גרם,false,1,17.90,8.9500,true,1,122937
30000315989,false,קוואקר פרוטאין חמוצי,,,קוואקר פרוטאין חמוציות ושקדים 372 גר,גרמים,372.00,100 גרם,false,1,21.90,5.8871,true,1,150469
33617322616,false,ואזה קלה מקמח שיפון,,,פת פריכה קלה מקמח שי,גרמים,270.00,100 גרם,false,1,13.90,5.1481,true,1,157685
37600207188,false,חמאת בוטנים סקיפי קל,,,"חמאת בוטנים ""סקיפי"" קלאסי 462 גר",גרמים,462.00,100 גרם,false,1,17.90,3.8745,true,1,128215
37600207256,false,חמאת בוטנים סקיפי שב,,,"חמאת בוטנים ""סקיפי"" עם שברי בוטנים 462גר",גרמים,462.00,100 גרם,false,1,17.90,3.8745,true,1,128216
38000138607,false,ציפס פרינגלס חומץ מל,פרינגלס מנופקצ'ורינג,US,ציפס פרינגלס חומץ מלח 158 גר,גרמים,158.00,100 גרם,false,14,8.90,5.6329,true,1,151501
38000138638,false,ציפס פרינגלס פיצה 15,,,ציפס פרינגלס פיצה 158 גר,גרמים,158.00,100 גרם,false,1,8.90,5.6329,true,1,135054
38000138720,false,פרינגלס ראנץ 158 גר,פרינגלס מנופקצ'ורינג,,פרינגלס ראנץ 158 גר,גרמים,158.00,100 גרם,false,1,8.90,5.6329,true,1,143449
38000197840,false,חטיף פרינגלס גלי בטע,פרינגלס מנופקצ'ורינג,US,חטיף פרינגלס גלי בטעם חריף מתוק 130 גרם,גרמים,137.00,100 גרם,false,8,8.90,6.4964,true,1,159871
38000202278,false,חטיף פרינגלס גלי אור,פרינגלס מנופקצ'ורינג,US,חטיף פרינגלס חרדל ודבש 158 גרם,גרמים,130.00,100 גרם,false,8,8.90,6.8462,true,1,159674
38000232152,false,חטיף פרינגלס ברביקיו,פרינגלס מנופקצ'ורינג,US,חטיף פרינגלס ברביקיו 158 גר,גרמים,158.00,100 גרם,false,14,8.90,5.6329,true,1,156015
38000232176,false,חטיף פרינגלס שמנת בצ,פרינגלס מנופקצ'ורינג,US,חטיף פרינגלס שמנת בצל 158 גר,גרמים,158.00,100 גרם,false,14,8.90,5.6329,true,1,156014
38000232183,false,חטיף פרינגלס אוריגינ,פרינגלס מנופקצ'ורינג,US,חטיף פרינגלס אוריגינל 149 גר,גרמים,149.00,100 גרם,false,14,8.90,5.9732,true,1,156017
38000845512,false,חטיף פרינגלס אוריגינ,,,פרינגלס מיני אוריגינל 37 גר,גרמים,37.00,100 גרם,false,12,4.50,12.1622,true,1,156752
38000849503,false,חטיף פרינגלס פיצה 40,,,חטיף פרינגלס פיצה 40 גר,גרמים,40.00,100 גרם,false,12,4.50,11.2500,true,1,156755
38527591053,false,דגני בוקר קוואקר קנמ,BEVERAGES FOODS & SE,,"דגני בוקר ""קוואקר"" קנמון 411גר",גרמים,411.00,100 גרם,false,1,18.90,4.5985,true,1,125266
39047001152,false,עוגיות ווקרס חמאה פי,,,עוגיות ווקרס חמאה פינגרס 150 גר,גרמים,150.00,100 גרם,false,1,16.90,11.2667,true,1,134907
40000512943,false,סוכריות מ&מס שוקולד,מרס,,סוכריות מ&מס שוקולד 303 גר,גרמים,303.00,100 גרם,false,1,19.90,6.5677,true,1,142542
40000513568,false,סוכריות מ&מס שוקו 15,מרס,,סוכריות מ&מס שוקו 156 גר,גרמים,156.00,100 גרם,false,1,11.90,7.6282,true,1,137596
40000514480,false,סוכריות מ&מס שוקו 48,מרס,,"סוכריות מ&מס"" שוקו 48 גר",גרמים,48.00,100 גרם,false,1,4.90,10.2083,true,1,134277
40000514510,false,סוכריות מ&מס בוטנים,מרס,,סוכריות מ&מס בוטנים 49 גר,גרמים,49.00,100 גרם,false,1,4.90,10.0000,true,1,134278
41390001079,false,רוטב קוקומן סויה 444,,,רוטב קוקומן סויה 444 מל,מיליליטרים,444.00,"100 מ""ל",false,1,19.90,4.4820,true,1,128742
46214372250,false,עוגיות מרבה שטרודל ת,Merba BV,,"עוגיות ""מרבה"" שטרודל תפוחים 225 גר",גרמים,200.00,100 גרם,false,1,8.90,4.4500,true,1,123487
46214731552,false,עוגיות מרבה 37% שוקו,Merba BV,,"עוגיות ""מרבה"" 37% שוקולד צ""יפס 225 גר",גרמים,225.00,100 גרם,false,1,8.90,3.9556,true,1,123489
48256214758,false,אבקת הפלא אסטוניש 40,אסטוניש,,"אבקת הפלא אסטוניש 400 מ""ל",מיליליטרים,400.00,"100 מ""ל",false,1,19.90,4.9750,true,1,135500
50000084500,false,פריסקיז מעדני השף בק,נסטלה פורינה USA מק,,פריסקיז מעדני השף 1.,קילוגרמים,1.42,"ק""ג",false,1,39.90,28.0986,true,1,123495
50000100347,false,פריסקיז מעדני חתול 1,נסטלה פורינה USA מק,,פריסקיז מעדני חתול 1,קילוגרמים,1.40,"ק""ג",false,1,39.90,28.5000,true,1,123497
50000168583,false,פריסקיז אקסטרא קראנץ,,,פריסקיז אקסטרא קראנץ 1.43 קג,קילוגרמים,1.43,"ק""ג",false,1,39.90,27.9021,true,1,163062
50000170180,false,מזון לחתולים פריסקיז,פריסקיז,,מזון לחתולים פריסקיז פילה עוף 156 גר,גרמים,156.00,100 גרם,false,1,6.90,4.4231,true,1,123498
50000225224,false,מזון לחתולים פריסקיז,פריסקיז,,מזון לחתולים פריסקיז פילה הודו 156 גר,גרמים,156.00,100 גרם,false,1,6.90,4.4231,true,1,131083
50000429042,false,פנסי פיסט כבד מעודן,נסטלה פורינה USA ג',,פנסי פיסט כבד מעודן,גרמים,85.00,100 גרם,false,1,5.90,6.9412,true,1,123504
50000429448,false,פנסי פיסט מוס סלמון,נסטלה פורינה USA סט,,פנסי פיסט מוס סלמון,גרמים,85.00,100 גרם,false,1,5.90,6.9412,true,1,123505
50000429646,false,פנסי פיסט דג אוקיינו,נסטלה פורינה USA ג',,פנסי פיסט דג אוקיינו,גרמים,85.00,100 גרם,false,1,5.90,6.9412,true,1,123506
50000571987,false,מזון לחתולים בטעם נת,נסטלה פורינה USA קר,,פריסקיז 156 גר,גרמים,156.00,100 גרם,false,1,6.90,4.4231,true,1,125591
51500000793,false,קונפיטורת אוכמניות 3,,,קונפיטורת אוכמניות 340 גר,גרמים,340.00,100 גרם,false,1,14.90,4.3824,true,1,169244
52100070865,false,תמצית וניל 29 מל,,,תמצית וניל 29 מל,מיליליטרים,29.00,"100 מ""ל",false,1,35.90,123.7931,true,1,173035
54881000048,false,תה אחמד מובחר פרי הד,Sunshine tea (pvt) l,,תה אחמד מובחר פרי הדר 20 שק,גרמים,40.00,100 גרם,false,1,10.90,27.2500,true,1,136208
54881000062,false,תה שחור לימונית וקמו,,,תה שחור לימונית וקמומיל 20 שק,גרמים,30.00,100 גרם,false,1,10.90,36.3333,true,1,135461
54881000109,false,תה אחמד ענבי שועל 20,Sunshine tea (pvt) l,,תה אחמד ענבי שועל 20 שק,גרמים,36.00,100 גרם,false,1,10.90,30.2778,true,1,136207
54881000208,false,תה שחור לימון וגינגר,,,תה שחור לימון וגינגר 20 שק,Unknown,0.00,Unknown,false,1,10.90,0.0000,true,1,135462
54881001779,false,תה 12 טעמים אחמד טי,,,"תה 12 סוגים 177 גר""",גרמים,120.00,100 גרם,false,1,29.90,24.9167,true,1,123675
54881003988,false,תה 4 סוגים 20 שק,,,"תה 4 סוגים 20 שק""",Unknown,0.00,Unknown,false,1,10.90,0.0000,true,1,123676
54881003995,false,תה בטעם פירות 20 שק,,,תה בטעם פירות 20 שק,גרמים,40.00,100 גרם,false,1,10.90,27.2500,true,1,137607
54881004787,false,תה ירוק אחמד 100 שק,Sunshine tea (pvt) l,,תה ירוק אחמד 100 שקי,גרמים,200.00,100 גרם,false,1,19.90,9.9500,true,1,126393
54881005654,false,תה ירוק אחמד יסמין 2,Sunshine tea (pvt) l,,תה ירוק אחמד יסמין 20 שק,גרמים,40.00,100 גרם,false,1,10.90,27.2500,true,1,136204
54881006941,false,תה שחור אחמד תפוח 20,גיבונג אינדסקיאלס,,תה שחור אחמד תפוח 20 שק,גרמים,40.00,100 גרם,false,1,10.90,27.2500,true,1,136202
54881006958,false,תה שחור קינמון 20 שק,Sunshine tea (pvt) l,,"תה שחור ""קינמון "" 20 שק",גרמים,40.00,100 גרם,false,1,10.90,27.2500,true,1,125166
54881006972,false,תה שחור לימון ליים 2,Sunshine tea (pvt) l,,"תה שחור ""לימון ליים ""20 שק",גרמים,40.00,100 גרם,false,1,10.90,27.2500,true,1,125167
54881006996,false,תה שחור אחמד אפרסק ו,Sunshine tea (pvt) l,,תה שחור אחמד אפרסק ופסיפלורה 20 שק,Unknown,0.00,Unknown,false,1,10.90,0.0000,true,1,136206
54881007108,false,תה שחור דומדמניות 20,Sunshine tea (pvt) l,,"תה שחור ""דומדמניות 20 שק",יחידה,1.00,יחידה,false,1,10.90,10.9000,true,1,125165
54881008167,false,תה אינגליש 100 שק,Sunshine tea (pvt) l,,"תה אינגליש 100 שק""",גרמים,200.00,100 גרם,false,1,19.90,9.9500,true,1,123685
54881008174,false,תה ארל גריי 100 שק,Sunshine tea (pvt) l,,"תה ארל גריי 100 שק""",גרמים,200.00,100 גרם,false,1,19.90,9.9500,true,1,123686
54881008181,false,תה אינגליש 100 שק,Sunshine tea (pvt) l,,"תה אינגליש 100 שק""",גרמים,200.00,100 גרם,false,1,19.90,9.9500,true,1,123687
54881008945,false,תה ירוק אחמד 20 שק,Sunshine tea (pvt) l,,תה ירוק אחמד 20 שק,Unknown,0.00,Unknown,false,1,10.90,0.0000,true,1,136203
54881009522,false,תה שחור אחמד פטל 20,Sunshine tea (pvt) l,,תה שחור אחמד פטל 20 שק,גרמים,40.00,100 גרם,false,1,10.90,27.2500,true,1,125168
54881012423,false,תה ירוק בטעם פטל ורי,,,תה ירוק בטעם פטל ורימונים 20 שק,Unknown,0.00,Unknown,false,1,10.90,0.0000,true,1,138436
55369901673,false,רביעית רסק תפוחים וא,Cherry growers inc,,רביעית רסק תפוח עץ ללא תוספת סוכר 113 גר,גרמים,452.00,100 גרם,false,1,16.90,3.7389,true,1,173848
62558202381,false,סירופ מייפל אורגני ט,,,סירופ מייפל אורגני טהור 236 מל,מיליליטרים,236.00,"100 מ""ל",false,12,29.90,12.6695,true,1,162122
71505022453,false,גבינת אריטאג קרם ציז,,,גבינת אריטאג קרם ציז בר 227 גר,גרמים,227.00,100 גרם,false,1,17.90,7.8855,true,1,158969
73490130359,false,קרקר הדר קרם רגיל 25,,,קרקר הדר קרם רגיל 250 גר,גרמים,250.00,100 גרם,false,1,6.90,2.7600,true,1,172725
74234531142,false,פלפל חלפניו פרוס כבו,סאן מרקוס,,פלפל חלפניו פרוס כבוש 210 גר,גרמים,210.00,100 גרם,false,1,11.90,5.6667,true,1,135687
76808009330,false,עוגיות ברילה סנדוויץ,,,עוגיות ברילה סנדוויץ אגוזי לוז 200 גר,גרמים,200.00,100 גרם,false,1,11.90,5.9500,true,1,173784
76808009354,false,עוגיות ברילה קקאו 20,,,עוגיות ברילה קקאו 200 גר,גרמים,200.00,100 גרם,false,1,11.90,5.9500,true,1,173785
76808009361,false,עוגיות ברילה לב שוקו,,,עוגיות ברילה לב שוקולד 200 גר,גרמים,200.00,100 גרם,false,1,11.90,5.9500,true,1,173782
76840001774,false,גלידת עוגיות חלב עם,,,גלידת עוגיות חלב עם חתיכות פאדג,מיליליטרים,473.00,"100 מ""ל",false,6,19.90,4.2072,true,1,156631
76840002351,false,גלידה פיינט מרשמלו פ,,,פיינט סקוטיש,מיליליטרים,500.00,"100 מ""ל",false,6,19.90,3.9800,true,1,161633
76840100583,false,גלידת בצק עוגיות 500,,,גלידת בצק עוגיות 500 מל,מיליליטרים,500.00,"100 מ""ל",false,1,19.90,3.9800,true,1,126341
76840400218,false,גלידת פיינט עוגת גבי,,,פיינט עוגת גבינה ותות,מיליליטרים,500.00,"100 מ""ל",false,1,19.90,3.9800,true,1,127474
77245110610,false,סוכריות מאסט ללא סוכ,MIESZKO S.A - MS. JO,,"סוכריות ""מאסט"" מנטה",גרמים,80.00,100 גרם,false,1,6.90,8.6250,true,1,123813
77975093085,false,חטיף בייגלה סניידרס,,,חטיף בייגלה סניידרס מצופה שוקולד חלב 141,גרמים,141.00,100 גרם,false,1,14.90,10.5674,true,1,172136
77975093108,false,חטיף בייגלה סניידרס,,,חטיף בייגלה סניידרס מצופה שוקולד לבן 141,גרמים,141.00,100 גרם,false,1,14.90,10.5674,true,1,172137
77975094631,false,סנדוויץ בייגלה סנייד,,,סנדוויץ בייגלה סניידרס במילוי קרם צדר,גרמים,227.00,100 גרם,false,12,14.90,6.5639,true,1,159782
77975094761,false,שברי בייגלה סניידרס,,,שברי בייגלה סניידרס בטעם צדר 340 גר,גרמים,340.00,100 גרם,false,1,14.90,4.3824,true,1,163421
77975094778,false,שברי בייגלה סניידרס,,,שברי בייגלה סניידרס בטעם דבש חרדל 340 גר,גרמים,340.00,100 גרם,false,1,14.90,4.3824,true,1,164673
80432402931,false,ויסקי שיבאס ריגאל 12,,,ויסקי שיבאס ריגאל 12 שנים 700 מל,מיליליטרים,700.00,"100 מ""ל",false,1,124.90,17.8429,true,1,126913
80432402979,false,ויסקי סקוטי גלאן גרא,,,"ויסקי סקוטי גלאן גראנט 10 שנים 700 מ""ל",מיליליטרים,700.00,"100 מ""ל",false,1,129.90,18.5571,true,1,140756
80432402993,false,ויסקי סקוטי גלן גראנ,,,"ויסקי סקוטי גלן גראנט 700 מ""ל",מיליליטרים,700.00,"100 מ""ל",false,1,99.90,14.2714,true,1,123844
80686034322,false,ויסקי גים בים ברבן ש,בים סנטורי,,"ויסקי גים בים ברבן שחור 750 מ""ל",מיליליטרים,750.00,"100 מ""ל",false,1,109.90,14.6533,true,1,147976
84279978727,false,יין גוורצטרמינר פאלץ,,,יין גוורצטרמינר פאלץ לבן חצי יבש 0.75לי,מיליליטרים,750.00,"100 מ""ל",false,1,49.90,6.6533,true,1,126840
85156515417,false,וודקה קטל וואן 750 מ,,,וודקה קטל וואן 0.75 ל,מיליליטרים,750.00,"100 מ""ל",false,1,99.90,13.3200,true,1,126636
85696608037,false,טופו רך ללא גלוטן 34,Morinaga NUTRITIONAL,,טופו רך ללא גלוטן 340גר,גרמים,340.00,100 גרם,false,1,14.90,4.3824,true,1,129309
85696608044,false,טופו ללא גלוטן 340 ג,Morinaga NUTRITIONAL,,טופו ללא גלוטן 340גר,גרמים,340.00,100 גרם,false,1,14.90,4.3824,true,1,129310
87000006928,false,רום קפטיין מורגן כהה,,,"רום ""קפטיין מורגן"" כהה 0.75 ל",מיליליטרים,750.00,"100 מ""ל",false,1,99.90,13.3200,true,1,124009
88586000720,false,יין טו ויינז קברנה 7,סנט מישל גרופ,,יין טו ויינז קברנה 750 גר,מיליליטרים,750.00,"100 מ""ל",false,1,44.90,5.9867,true,1,124012
88586001109,false,יין טו ויינז מרלו 75,סנט מישל גרופ,,יין טו ויינז מרלו 750מל,מיליליטרים,750.00,"100 מ""ל",false,1,44.90,5.9867,true,1,124013
88586403866,false,יין טו ויינז שרדונה,סנט מישל גרופ,,יין טו ויינז שרדונה 750מל,מיליליטרים,750.00,"100 מ""ל",false,1,44.90,5.9867,true,1,124015
88586421860,false,יין טו ויינז ריזלינג,סנט מישל גרופ,,יין טו ויינז ריזלינג 750מל,מיליליטרים,750.00,"100 מ""ל",false,1,44.90,5.9867,true,1,124017
89744770073,false,יין ריוניטה סנגריה ל,,,יין ריוניטה סנגריה לבנה פחית 250 מל,מיליליטרים,250.00,"100 מ""ל",false,1,8.90,3.5600,true,1,172945
89744770394,false,יין ריוניטה למברוסקו,,,יין ריוניטה למברוסקו אמיליה פחית 250 מל,מיליליטרים,250.00,"100 מ""ל",false,1,8.90,3.5600,true,1,172947
89819068227,false,יין ברינגר מיין אנד,ברינגר,US,יין ברינגר מיין אנד ויין קברנה סוביניון,מיליליטרים,750.00,"100 מ""ל",false,12,49.80,6.6400,true,1,143693
308910525744,false,אטריות אורז דקות 454,Oriental food co. lt,,אטריות אורז דקות 454 גר,גרמים,454.00,100 גרם,false,1,10.90,2.4009,true,1,169841
608614310395,false,קוסקוס אבאל בינוני 3,,,קוסקוס אבאל בינוני 350 גר,גרמים,350.00,100 גרם,false,1,4.90,1.4000,true,1,149769
608614330928,false,דבש טבעי ללא חימום 5,,,דבש טבעי ללא חימום 500 גר,גרמים,500.00,100 גרם,false,1,26.90,5.3800,true,1,164713
608614330935,false,דבש טבעי מיוחד ללא ח,,,דבש טבעי מיוחד ללא חימום 500 גר,גרמים,500.00,100 גרם,false,1,29.90,5.9800,true,1,164714
613008742409,false,משקה אריזונה אפרסק 1,,,אריזונה 1 ל אפרסק,ליטרים,1.00,ליטר,false,6,11.90,11.9000,true,1,161126
628154383659,false,דגני פוסט פרוטי פבלס,,,דגני פוסט פרוטי פבלס ללא גלוטן 311 גר,גרמים,311.00,100 גרם,false,1,25.90,8.3280,true,1,173039
633824913432,false,וודקה ואן גוך אסאי 7,מזקקת דירקזוואכר סכי,,"וודקה ""ואן גוג"" אסאי",מיליליטרים,750.00,"100 מ""ל",false,1,139.90,18.6533,true,1,123706
645173863337,true,שימורי ביצי דג זהבנו,,,שימורי ביצי דג זהבנון 185 גר,גרמים,185.00,100 גרם,false,1,10.90,5.8919,true,1,140536
645173863351,true,שימורי ביצי דג מעושן,,,שימורי ביצי דג מעושן זהבנון 185 גר,גרמים,185.00,100 גרם,false,1,10.90,5.8919,true,1,140537
645173863610,false,שום כבוש בחומץ 500 ג,,,שום כבוש בחומץ 500 גר,גרמים,500.00,100 גרם,false,1,14.90,2.9800,true,1,144750
645173911038,false,קורנישוון בחומץ 720,,,קורנישוון בחומץ 720 גר,גרמים,720.00,100 גרם,false,1,9.90,1.3750,true,1,123716
645173911427,false,מלפפון במלח 1 ל,,,מלפפון במלח 1 ליטר,קילוגרמים,1.00,"ק""ג",false,1,13.90,13.9000,true,1,123721
645173911465,false,קורנישון 1 ל,,,קורנישון 1 ל,ליטרים,1.00,ליטר,false,1,14.90,14.9000,true,1,137610
645173995618,false,רוטב שזיפים בר טקמלי,ארומה פרודקטס,,רוטב שזיפים בר טקמלי אדום 370 גר,גרמים,370.00,100 גרם,false,1,12.90,3.4865,true,1,138014
645173995656,false,רוטב פלפל ירוק 370 ג,,,רוטב פלפל ירוק 370 גר,גרמים,370.00,100 גרם,false,1,12.90,3.4865,true,1,138021
645173995847,true,חומץ תפוחים לא מסונן,,,"חומץ תפוחים לא מסונן אימרטי 6% 500 מ""ל",מיליליטרים,500.00,"100 מ""ל",false,1,11.90,2.3800,true,1,140517
660089001147,false,פותח סתימות נוזל 1 ל,סטרוכם,,פותח סתימות נוזל 1 ל,ליטרים,1.00,ליטר,false,1,23.90,23.9000,true,1,123738
693493028868,false,מלפפון בייבי,,,מלפפון בייבי,Unknown,0.00,Unknown,false,1,9.90,0.0000,true,1,159101
693493028875,false,פלפל טינקרבל,,,פלפל טינקרבל,Unknown,0.00,Unknown,false,1,6.90,0.0000,true,1,159100
693493028882,false,גינגר ארוז,,,גינגר ארוז,Unknown,0.00,Unknown,false,1,9.90,0.0000,true,1,159211
693493028929,false,סלרי חתוך,,,סלרי חתוך,Unknown,0.00,Unknown,false,1,5.90,0.0000,true,1,162907
693493138413,false,מיקס שורשים למרק,,,מיקס שורשים למרק,Unknown,0.00,Unknown,false,1,11.90,0.0000,true,1,162071
693493168649,false,זית קלמטה שלם במי מל,,,זית קלמטה שלם במי מלח 430 גר,גרמים,430.00,100 גרם,false,1,16.90,3.9302,true,1,169393
693493168861,false,צלחת מלבנית 110/220,,,צלחת מלבנית 110/220 ממ 10 יח,Unknown,0.00,Unknown,false,1,11.90,0.0000,true,1,171387
707596280204,false,יין בלו נאן רוזה 750,,,"יין ""בלו נאן"" רוזה 0",מיליליטרים,750.00,"100 מ""ל",false,1,44.90,5.9867,true,1,124687
710535495539,false,אורז בסמטי 1 קג,,,אורז בסמטי 1 קג,קילוגרמים,1.00,"ק""ג",false,1,11.90,11.9000,true,1,161557
721733000739,false,טקילה פטרון סילבר 70,פטרון,MX,"טקילה פטרון סילבר 700 מ""ל",מיליליטרים,700.00,"100 מ""ל",false,6,179.90,25.7000,true,1,138305
728229123590,false,חטיף ציפס טארה ירקות,Global Gourmet Produ,,חטיף ציפס טארה ירקות בטעם טבעי 110 גר,גרמים,110.00,100 גרם,false,1,14.90,13.5455,true,1,125852
728229123613,false,חטיף ציפס טארה תפוח,Global Gourmet Produ,,חטיף ציפס טארה תפוח אדמה כחול טבע 110 גר,גרמים,110.00,100 גרם,false,1,14.90,13.5455,true,1,125853
728229123811,false,חטיף ציפס טארה ירקות,Global Gourmet Produ,,חטיף ציפס טארה ירקות ים תיכוני 110 גר,גרמים,110.00,100 גרם,false,1,14.90,13.5455,true,1,125854
728229130154,false,חטיף ציפס טארה בטטה,Global Gourmet Produ,,"חטיף צ""יפס טארה בטטה וסלק 110 גר",גרמים,110.00,100 גרם,false,1,14.90,13.5455,true,1,125855
728229130444,false,חטיף ציפס טארה ירק ת,Global Gourmet Produ,,חטיף ציפס טארה ירק תפוא כחול סלק 110 גר,גרמים,110.00,100 גרם,false,1,14.90,13.5455,true,1,132906
744131016313,false,קנקן קופקט 2.4 ל+4 ס,,,קנקן קופקט 2.4 ל+4 סננים,Unknown,0.00,Unknown,false,1,129.90,0.0000,true,1,166582
753182340302,false,אבקת וואסבי 35 גר,,,אבקת וואסבי 35 גר,גרמים,35.00,100 גרם,false,1,13.90,39.7143,true,1,126109
765105430137,false,פילה סלמון מעושן 500,UFO,UA,פילה סלמון מעושן 500 גר,גרמים,500.00,100 גרם,false,17,59.90,11.9800,true,1,173305
768404001640,false,גלידת בן אנד גריס קפ,,,"גלידת בן אנד גריס קופי 500 מ""ל",מיליליטרים,500.00,"100 מ""ל",false,1,19.90,3.9800,true,1,131783
777696000033,false,מול שחור קנדי 907 גר,,,מול שחור קנדי 907 גר,גרמים,907.00,100 גרם,false,1,49.90,5.5017,true,1,124704
782706544933,false,זית ירוק ענק 500 גר,,,זית ירוק ענק 500 גר,גרמים,500.00,100 גרם,false,1,22.90,4.5800,true,1,172374
782706544940,false,זית שחור ענק 500 גר,,,זית שחור ענק 500 גר,גרמים,500.00,100 גרם,false,1,22.90,4.5800,true,1,172373
782706544957,false,זית סנטה 500 גר,,,זית סנטה 500 גר,גרמים,500.00,100 גרם,false,1,22.90,4.5800,true,1,172372
782706544964,false,זית סורי 500 גר,,,זית סורי 500 גר,גרמים,500.00,100 גרם,false,1,22.90,4.5800,true,1,172371
783495011309,false,פקעות ורדים 250 גר,,,פקעות ורדים 250 גר,גרמים,250.00,100 גרם,false,1,24.90,9.9600,true,1,170605
805278001847,false,אורז בסמטי תומר 1 קג,,,אורז בסמטי תומר 1 קג,קילוגרמים,1.00,"ק""ג",false,1,9.90,9.9000,true,1,164910
811538013031,false,רום מתובל קראקן 700,,,"רום מתובל קראקן 700 מ""ל",מיליליטרים,700.00,"100 מ""ל",false,12,119.90,17.1286,true,1,149274
835811002239,false,מאפינס צבעוני 200 יח,,,מאפינס צבעוני 200 יח מס 3,Unknown,0.00,Unknown,false,1,9.90,0.0000,true,1,135719
835811005377,false,כוס קריסטל 20 יח,,,כוס קריסטל 20 יח,Unknown,0.00,Unknown,false,1,10.90,0.0000,true,1,160460
835811005667,false,נטיפי ציפס בטעם שוקו,פינוקים תעשיות מזון,,נטיפי ציפס בטעם שוקולד 250 גר,גרמים,250.00,100 גרם,false,1,7.90,3.1600,true,1,130803
835811005728,false,עלים לקרמשניט 400 גר,,,עלים לקרמשניט,גרמים,400.00,100 גרם,false,1,26.90,6.7250,true,1,127244
835811006985,false,בורגול מרובע 500 גר,,,"בורגול מרובע 500 גר""",גרמים,500.00,100 גרם,false,1,4.90,0.9800,true,1,124722
835811007142,false,עדשים ירוקות 500 גר,,,"עדשים ירוקים 500 ג""ר",גרמים,500.00,100 גרם,false,1,7.90,1.5800,true,1,158216
835811007180,false,פופקורן הנמל 500 גר,,,"פופקורן 500 ג""ר",גרמים,500.00,100 גרם,false,1,5.90,1.1800,true,1,124726
835811007197,false,לקט עדשים אדומות 500,,,לקט עדשים אדומים 500,גרמים,500.00,100 גרם,false,1,7.90,1.5800,true,1,124727
835811007210,false,לקט חומוס 500 גר,,,"לקט חומוס 500 ג""ר",גרמים,500.00,100 גרם,false,1,5.90,1.1800,true,1,124729
835811007227,false,חיטה 500 גר,,,"חיטה 500 ג""ר",גרמים,500.00,100 גרם,false,1,4.90,0.9800,true,1,124730
835811007234,false,אפונה 500 גר,,,"אפונה 500 ג""ר",גרמים,500.00,100 גרם,false,1,5.90,1.1800,true,1,124731
835811007258,false,שעועית 500 גר,,,שעועית 500 גרם,גרמים,500.00,100 גרם,false,1,7.90,1.5800,true,1,124732
835811008927,false,כוס ויסקי גבוה 10 יח,,,כוס וויסקי גבוהה 10,Unknown,0.00,Unknown,false,1,14.90,0.0000,true,1,124744
839762000658,false,משקה איילנד בטעם גוי,The Egyptian Co. for,,משקה איילנד בטעם גויאבה 1ל,ליטרים,1.00,ליטר,false,1,11.90,11.9000,true,1,125701
842826001126,false,תבלין וגטה זכוכית 40,,,תבלין וגטה זכוכית 400 גר,גרמים,400.00,100 גרם,false,1,32.90,8.2250,true,1,159518
844510012227,false,יין רמת חברון פרדס 7,,,"יין רמת חברון פרדס 750 מ""ל",מיליליטרים,750.00,"100 מ""ל",false,1,99.90,13.3200,true,1,152531
844510012241,false,יין רמת חברון רמת יר,,,"יין רמת חברון רמת ירושלים 750 מ""ל",מיליליטרים,750.00,"100 מ""ל",false,1,99.90,13.3200,true,1,152528
844510013125,false,יין ירושלים הילס מרל,,,"יין גרוזלם הילס מרלו 750 מ""ל",מיליליטרים,750.00,"100 מ""ל",false,12,42.90,5.7200,true,1,148872
844510013149,false,יין ירושלים הילס קבר,,,יין גרוזלם הילס קברנה סוביניון שיראז 750,מיליליטרים,750.00,"100 מ""ל",false,12,42.90,5.7200,true,1,148873
844510013248,false,יין ירושלים הילס ריז,,,"יין גרוזלם הילס ריזלינג חצי יבש 750 מ""ל",מיליליטרים,750.00,"100 מ""ל",false,12,42.90,5.7200,true,1,148876
850307005617,false,אטריות ביצים ורמישל,א.ל.ב גולד,,איטריות ביצים ורמישל דק 500גר,גרמים,500.00,100 גרם,false,1,10.90,2.1800,true,1,133745
850307005624,false,אטריות ביצים ורמישל,א.ל.ב גולד,,איטריות ביצים ורמישל עבה 500גר,גרמים,500.00,100 גרם,false,1,10.90,2.1800,true,1,128266
850307005693,false,אטריות ביצים לפשה דק,א.ל.ב גולד,,איטריות ביצים לפשה דק 500גר,גרמים,500.00,100 גרם,false,1,10.90,2.1800,true,1,128270
850307005792,false,אטריות ביצים לפשה עב,א.ל.ב גולד,,איטריות ביצים לפשה עבה 500גר,גרמים,500.00,100 גרם,false,1,10.90,2.1800,true,1,128271
851621000050,false,בירה בלאנק 1664 בק 3,,,"בירה בלאנק 1664 בק 330 מ""ל שישייה",מיליליטרים,1980.00,"100 מ""ל",false,1,54.90,2.7727,true,1,151297
884912002372,false,סלקט קרנברי 396 גר,,,סלקט קרנברי 396 גר,גרמים,396.00,100 גרם,false,1,23.90,6.0354,true,1,173041
884912102102,false,דגני בוקר בלובלרי מו,,,דגני בוקר בלובלרי מורנינג 382 גר,גרמים,382.00,100 גרם,false,1,23.90,6.2565,true,1,173042
884912126115,false,סלקט גרייט גריינס די,,,סלקט גרייט גריינס דייטס 453 גר,גרמים,453.00,100 גרם,false,1,23.90,5.2759,true,1,173040
884912365200,false,דגני בוקר אוראו שחור,,,דגני בוקר אוראו שחור לבן 311 גר,גרמים,311.00,100 גרם,false,1,23.90,7.6849,true,1,173604
893594002051,false,פופקורנס גבינת צדר 2,,,פופקורנס גבינת צדר 28 גר,גרמים,28.00,100 גרם,false,1,5.90,21.0714,true,1,172424
893594002068,false,פופקורנס מלח ים 28 ג,,,פופקורנס מלח ים 28 גר,גרמים,28.00,100 גרם,false,1,5.90,21.0714,true,1,172423
3012993045040,false,רום נגריטה ספייס 750,ברדינה,,רום נגריטה ספייס,מיליליטרים,750.00,"100 מ""ל",false,1,84.90,11.3200,true,1,142934
3012999150496,false,ליקר קרם קסיס 700 מל,ברדינה,,"ברדינה קרם קסיס דיז""",מיליליטרים,700.00,"100 מ""ל",false,1,54.90,7.8429,true,1,121473
3014260023089,false,מברשות שיניים קלאסיק,,,מברשת שיניים שלישייה,Unknown,0.00,Unknown,false,1,12.90,0.0000,true,1,130892
3014260214692,false,גל גילוח גילט סירייס,,,"ג""ל גילוח ג""ילט סירי",מיליליטרים,200.00,"100 מ""ל",false,1,15.90,7.9500,true,1,121477
3014260240226,false,גילט קצף גילוח לעור,,,"ג""ילט קצף גילוח לעור 200מל",מיליליטרים,200.00,"100 מ""ל",false,1,13.90,6.9500,true,1,121480
3024482270109,false,קוניאק רמי מרטן 700,רמי מרטן,,"קוניאק ""רמי מרטין"" V",מיליליטרים,700.00,"100 מ""ל",false,1,219.90,31.4143,true,1,122939
3028130076457,false,קוניאק קמוס 700 מל V,,,קוניאק קמוס 700 מל,מיליליטרים,700.00,"100 מ""ל",false,1,199.90,28.5571,true,1,163433
3028130077751,false,קוניאק קמוס 700 מל,,,קוניאק קמוס 700 מל,מיליליטרים,700.00,"100 מ""ל",false,1,119.90,17.1286,true,1,163432
3035540001740,false,ליקר פסואה פסיפלורה,רמי קואנטרו,,ליקר פסואה פסיפלורה 0.7ל,מיליליטרים,700.00,"100 מ""ל",false,1,89.90,12.8429,true,1,127279
3045206360609,false,דזיטול נוזל מחטא בדי,רלוי,,דזיטול נוזל מחטא בדים בכביסה 1 ל,ליטרים,1.00,ליטר,false,1,22.90,22.9000,true,1,165370
3046920010856,false,שוקולד לינדט אקסלנס,לינדט,CH,שוקולד לינדט אקסלנס לימון גינגר 100 גר,גרמים,100.00,100 גרם,false,20,15.90,15.9000,true,1,156906
3046920016377,false,שוקולד לינדט אקסלנס,לינדט,FR,שוקולד לינדט אקסלנס 100% 50 גר,גרמים,50.00,100 גרם,false,18,15.90,31.8000,true,1,158577
3046920027281,false,שוקולד לינדט אקסלנס,לינדט,,שוקולד לינדט אקסלנס קרמלסולט 100 גר,גרמים,100.00,100 גרם,false,1,15.90,15.9000,true,1,130375
3046920028363,false,שוקולד מריר 85% לינד,לינדט,,"שוקולד ""לינדט אקסלנס",גרמים,100.00,100 גרם,false,1,15.90,15.9000,true,1,122948
3046920028721,false,שוקולד לינדט אקסלנס,לינדט,,שוקולד לינדט אקסלנס 99% 50 גר,גרמים,50.00,100 גרם,false,1,15.90,31.8000,true,1,137278
3046920028752,false,שוקולד מריר עם מנטה,לינדט,,"שוקולד ""לינדט אקסלנס",גרמים,100.00,100 גרם,false,1,15.90,15.9000,true,1,122950
3046920029674,false,שוקולד מריר שבבי מלח,לינדט,,"שוקולד ""לינדט"" אקסלנ",גרמים,100.00,100 גרם,false,1,15.90,15.9000,true,1,122951
3046920029681,false,שוקולד לינדט אקסלנס,לינדט,DE,שוקולד לינדט אקסלנס מילד 85% 100 גר,גרמים,100.00,100 גרם,false,20,15.90,15.9000,true,1,158578
3046920029759,false,שוקולד לינדט אקסלנס,לינדט,,שוקולד לינדט אקסלנס 90% 100 גר,גרמים,100.00,100 גרם,false,1,15.90,15.9000,true,1,130374
3049197110076,false,קוניאק קורווזיה 700,,,"קוניאק קורווזיה 700 מ""ל מארז עם כוסות",מיליליטרים,700.00,"100 מ""ל",false,1,139.90,19.9857,true,1,139260
3049197210776,false,קוניאק קורווזיה 700,,,קוניאק קורווזיה VSOP,מיליליטרים,700.00,"100 מ""ל",false,1,199.90,28.5571,true,1,142822
3059943015104,false,ספריי איירויק נטול ג,,,"מבשם אוויר ""אירוויק""",Unknown,0.00,Unknown,false,1,14.90,0.0000,true,1,122953
3059943015128,false,מטהר אוויר נטול גז ל,,,"מבשם אוויר ""אירוויק""",מיליליטרים,345.00,"100 מ""ל",false,1,14.90,4.3188,true,1,122954
3068320014067,false,מים מינרליים אוויאן,,,מים מינרליים אוויאן 750 מל,מיליליטרים,750.00,"100 מ""ל",false,1,9.90,1.3200,true,1,171157
3068320017846,false,מים מינרליים אוויאן,,,מים מינרליים אוויאן 1 ל,ליטרים,1.00,ליטר,false,1,10.90,10.9000,true,1,171158
3068320055008,false,מים מינרליים אוויאן,,,מים מינרליים אוויאן 500 מל,מיליליטרים,500.00,"100 מ""ל",false,1,6.90,1.3800,true,1,171156
3073780538442,false,גבינה לוואש קירי ממר,"מפעלי גבינות ""ביל",,"גבינה ""לוואש קירי"" ממרח 200 גר",גרמים,200.00,100 גרם,false,1,24.90,12.4500,true,1,122957
3073780574242,false,גבינה לה ואש קירי 16,,,גבינה לה ואש קירי 16 240 גר,גרמים,240.00,100 גרם,false,1,24.90,10.3750,true,1,122958
3073780574310,false,גבינה לה ואש קירי 24,,,גבינה לה ואש קירי 24 360 גר,גרמים,360.00,100 גרם,false,1,36.90,10.2500,true,1,122959
3073780591591,false,גבינה לואש קירי 192,"מפעלי גבינות ""ביל",,גבינה לואש קירי 192 גר,גרמים,192.00,100 גרם,false,48,19.90,10.3646,true,1,147395
3073780593083,false,גבינה לה ואש קירי 32,"מפעלי גבינות ""ביל",,גבינה לה ואש קירי 32 480 גר,גרמים,480.00,100 גרם,false,1,46.90,9.7708,true,1,122960
3073781162790,false,גבינת אדם בייבי בל 1,בל,,גבינת אדם בייבי בל 120 גר,גרמים,120.00,100 גרם,false,1,22.90,19.0833,true,1,170520
3120581430694,false,יין הנרי דה פלורט קו,,,יין הנרי דה פלורט קוט דו רון אדום יבש,מיליליטרים,750.00,"100 מ""ל",false,1,39.90,5.3200,true,1,158534
3141360054405,false,מפיץ ריח למדיח לימון,,,פיניש ציטרופרש ציטרו,גרמים,27.00,100 גרם,false,1,14.90,55.1852,true,1,140611
3147690014607,false,יין פורט קאלווארש דר,דרוז,,יין פורט דרוז ברדינה,מיליליטרים,750.00,"100 מ""ל",false,1,49.90,6.6533,true,1,128061
3161420001972,false,ברנדי סט רמי 700 מל,רמי קואנטרו,,"ברנדי ""סט רמי"" VSOP",מיליליטרים,700.00,"100 מ""ל",false,1,79.90,11.4143,true,1,128323
3161712996153,true,גבינה מיני ברי כחולה,,,גבינה מיני ברי כחולה 125 גר,גרמים,125.00,100 גרם,false,,24.90,19.9200,true,1,170939
3161911229199,false,חמאה רכה אלוויר 250,אלוויר,,"חמאה רכה ""אלוויר""",גרמים,250.00,100 גרם,false,1,22.90,9.1600,true,1,122972
3161911393210,false,חמאת נורמנדי מלוחה 2,,,חמאת נורמנדי מלוחה 200 גר,גרמים,200.00,100 גרם,false,1,19.90,9.9500,true,1,170770
3176780029382,false,יין לה שאטו סוביניון,,,יין לה שאטו סוביניון בלאן טוריין 750 מל,מיליליטרים,750.00,"100 מ""ל",false,6,59.90,7.9867,true,1,160261
3176780035376,false,יין לה סאבלה 750 מל,,,"יין לה סאבלה 750 מ""ל",מיליליטרים,750.00,"100 מ""ל",false,1,49.90,6.6533,true,1,153358
3177380046014,false,קוניאק קרויזט 700 מל,,,קוניאק קרויזט 700 מל,מיליליטרים,700.00,"100 מ""ל",false,1,169.90,24.2714,true,1,170171
3178530402353,false,עוגיות רכות מדלן 175,סן מישל,,עוגיות רכות מדלן 175 גר,גרמים,175.00,100 גרם,false,1,11.90,6.8000,true,1,137759
3178530407938,false,עוגיות רכות מדלן 175,סן מישל,,עוגיות רכות מדלן 175 גר,גרמים,175.00,100 גרם,false,1,12.90,7.3714,true,1,137758
3179732348913,false,מים מינרליים פרייה פ,,,מים מינרליים פרייה פלסטיק 1 ל,ליטרים,1.00,ליטר,false,1,9.90,9.9000,true,1,122979
3182280052522,false,סיידר אקוסון יבש 750,,,סיידר אקוסון יבש 750 מל,מיליליטרים,750.00,"100 מ""ל",false,6,24.90,3.3200,true,1,161233
3182280052577,false,סיידר אקוסון רוזה בק,,,סיידר אקוסון רוזה,מיליליטרים,750.00,"100 מ""ל",false,6,24.90,3.3200,true,1,161231
3185130071025,false,יין פפאפנהיים פינו ג,פפאפנהיים,,"יין פפאפנהיים פינו גרי לבן 750 מ""ל",מיליליטרים,750.00,"100 מ""ל",false,1,59.90,7.9867,true,1,142001
3185130081024,false,יין פפאפנהיים גוורצט,פפאפנהיים,,יין פפאפנהיים גוורצטרמינר 0.75ל,מיליליטרים,750.00,"100 מ""ל",false,1,59.90,7.9867,true,1,127286
3228022910023,false,חמאה צרפתית פריז 200,לקטליס,,חמאה צרפתית פריז,גרמים,200.00,100 גרם,false,1,12.90,6.4500,true,1,122985
3245995960015,false,קוניאק הנסי 40% 700,jas hennessy,,קוניאק הנסי V.S,מיליליטרים,700.00,"100 מ""ל",false,1,149.90,21.4143,true,1,127789
3252535355842,false,פתית שלג לקישוט,,,פתית שלג לקישוט,Unknown,0.00,Unknown,false,1,12.90,0.0000,true,1,166823
3256760106408,false,פלשארד בסגנון פטה קו,,,פלשארד קרטונית מנות,גרמים,500.00,100 גרם,false,1,11.90,2.3800,true,1,122988
3256761201003,false,תחליף גבינה פטה פלשא,,,"גבינה פטה ""פלשארד"" ב",גרמים,500.00,100 גרם,false,1,11.90,2.3800,true,1,122989
3263280107495,false,יין סנגריה מריה אולה,,,יין סנגריה מריה אולה 1.5 ל,ליטרים,1.50,ליטר,false,1,21.90,14.6000,true,1,168051
3263280111775,false,יין אינספריישן ליברא,,DE,"יין אינספריישן ליבראומליך 750 מ""ל",מיליליטרים,750.00,"100 מ""ל",false,1,34.80,4.6400,true,1,145517
3263286301323,false,יין גיי פי שנה קברנה,,,יין קברנה סירה JP,מיליליטרים,750.00,"100 מ""ל",false,1,39.90,5.3200,true,1,153639
3263286301385,false,יין גי פי גראנש סנסו,,,"יין JP CHENET גראנש סנסו 750 מ""ל",מיליליטרים,750.00,"100 מ""ל",false,1,39.90,5.3200,true,1,152717
3263286314989,false,יין ברון דאריניאק אד,,,"יין ברון דאריניאק אדום 750 מ""ל",מיליליטרים,750.00,"100 מ""ל",false,1,34.90,4.6533,true,1,130530
3263286321284,false,יין גיי פי שנה לבן ח,,,יין JP לבן חצי מתוק,מיליליטרים,750.00,"100 מ""ל",false,1,39.90,5.3200,true,1,133756
3263286328993,false,יין גיי פי שנה מרלו,,,יין מרלו JP CHENET,מיליליטרים,750.00,"100 מ""ל",false,1,39.90,5.3200,true,1,152977
3263286355906,false,יין גיי פי שנה סובינ,לנדר,FR,יין סוביניון בלאן לבן יבש JP,מיליליטרים,750.00,"100 מ""ל",false,6,39.90,5.3200,true,1,150966
3263289990203,false,יין גיי פי שנה שרדונ,,,יין JP לבן שרדונה,מיליליטרים,750.00,"100 מ""ל",false,1,39.90,5.3200,true,1,133755
3263289998711,false,ייין גיי פי שנה שירא,,,יין JP אדום שיראז,מיליליטרים,750.00,"100 מ""ל",false,1,39.90,5.3200,true,1,133754
3269863001891,false,ברנדי דרוסארק נפוליא,,,ברנדי דרוסארק נפוליאון באריזת שי 700 מל,מיליליטרים,700.00,"100 מ""ל",false,1,79.90,11.4143,true,1,159226
3270620001702,false,קוניאק לואי רוייה 70,,,קוניאק לואי רוייר,מיליליטרים,700.00,"100 מ""ל",false,1,159.90,22.8429,true,1,126640
3270620001757,false,קוניאק לואי רוייה 70,,,"קוניאק ""לואי רוייר"" 0.7 ל",מיליליטרים,700.00,"100 מ""ל",false,1,109.90,15.7000,true,1,126635
3278480396310,false,קוניאק גודה 700 מל V,COGNAC GODET,FR,"קוניאק גודה VS 700 מ""ל",מיליליטרים,700.00,"100 מ""ל",false,6,104.90,14.9857,true,1,143903
3328640121945,false,ויסקי היילנד קווין ב,,,ויסקי היילנד קווין בלנדד שרי פיניש 1 ל,ליטרים,1.00,ליטר,false,1,99.90,99.9000,true,1,137614
3387390320244,false,פיטנס דגנים עם פירות,נסטלה צרפת איטנקורט,,פיטנס דגנים עם פירות,גרמים,375.00,100 גרם,false,1,19.90,5.3067,true,1,122998
3387390525960,false,"דגני בוקר ""קראנץ"" מש",נסטלה צרפת רומילי,,"דגני בוקר ""קראנץ"" מש",גרמים,500.00,100 גרם,false,1,21.90,4.3800,true,1,122999
3428681000978,false,קוניאק דופוי 700 מל,,,קוניאק דופוי VSOP,מיליליטרים,700.00,"100 מ""ל",false,1,179.90,25.7000,true,1,155282
3472710055040,false,בונ טראפלס בלגי בטעם,,,בונ טראפלס בלגי בטעם קקאו 150 גר,גרמים,150.00,100 גרם,false,1,11.90,7.9333,true,1,154201
3472710058256,false,בונ טראפלס אגוזי לוז,,,בונ טראפלס אגוזי לוז 150 גר,גרמים,150.00,100 גרם,false,1,11.90,7.9333,true,1,171898
3500610051111,false,יין ברון דאריניאק רו,,FR,"יין ברון דאריניאק רוזה 750 מ""ל",מיליליטרים,750.00,"100 מ""ל",false,1,34.90,4.6533,true,1,145516
3500610054556,false,יין דומיין דה לה באו,דה לה באום,FR,יין דומיין דה לה באום פינו נואר רוזה יבש,מיליליטרים,750.00,"100 מ""ל",false,6,59.90,7.9867,true,1,156964
3500610063046,false,יין בורדו דומיין דה,גראן שר דה פראנס,,יין בורדו דומיין דה שבל בלאן לבן יבש 750,מיליליטרים,750.00,"100 מ""ל",false,1,55.90,7.4533,true,1,135536
3500610066122,false,יין שאטו דו פביליון,,,יין שאטו דו פביליון בורדו אדום יבש,מיליליטרים,750.00,"100 מ""ל",false,1,39.90,5.3200,true,1,158536
3500610079160,false,יין בורדו שאטו מולין,מק-דול אינטרנשיונל,,יין בורדו שאטו מולין פונטט אדום יבש 750,מיליליטרים,750.00,"100 מ""ל",false,1,49.90,6.6533,true,1,131389
3500610085338,false,יין מבעבע גי פי לבן,LANDIRAS JP CHENET,,"יין מבעבע גי פי לבן 750 מ""ל",מיליליטרים,750.00,"100 מ""ל",false,1,39.90,5.3200,true,1,130670
3500610093708,false,יין מבעבע גי פי רוזה,LANDIRAS JP CHENET,,"יין מבעבע גי פי רוזה 750 מ""ל",מיליליטרים,750.00,"100 מ""ל",false,1,39.90,5.3200,true,1,130669
3500610122644,false,יין גיי פי שנה גוורט,,,יין שנה לבן יבש גוורטטרמינר JP,מיליליטרים,750.00,"100 מ""ל",false,1,39.90,5.3200,true,1,139958
3500610137518,false,יין שאטו דו פר בורדו,,,יין שאטו דו פר בורדו אדום יבש,מיליליטרים,750.00,"100 מ""ל",false,1,39.90,5.3200,true,1,158535
3523230025638,false,גבינת עיזים בושה טבע,,,גבינת עיזים בושה טבעי 125 גר,גרמים,125.00,100 גרם,false,1,24.90,19.9200,true,1,136399
3523230025652,true,גבינה בושה עיזים שום,אוריאל,,גבינה בושה עיזים שום 125 גר,גרמים,125.00,100 גרם,false,1,24.90,19.9200,true,1,132132
3523230026826,true,גבינת פירמידה עיזים,אוריאל,,גבינת פירמידה עיזים טבעי 140 גר,גרמים,140.00,100 גרם,false,1,24.90,17.7857,true,1,132131
3523230026888,true,גבינת פירמידה עיזים,אוריאל,,גבינת פירמידה עיזים שום 140 גר,גרמים,140.00,100 גרם,false,1,24.90,17.7857,true,1,132130
3523230032278,false,גבינה עיזים למריחה 1,אוריאל,,גבינה עיזים למריחה 150 גר,גרמים,150.00,100 גרם,false,1,21.90,14.6000,true,1,130604
3525490010027,false,יין לה זאמל קברנה סו,,,"יין לה זאמל קברנה סוביניון 750 מ""ל",מיליליטרים,750.00,"100 מ""ל",false,1,49.90,6.6533,true,1,143662
3525490010034,false,יין לה זאמל סירה 750,,,"יין לה זאמל סירה 750 מ""ל",מיליליטרים,750.00,"100 מ""ל",false,1,49.90,6.6533,true,1,143666
3525490011987,false,יין לה זאמל שרדונה 7,,,"יין לה זאמל שרדונה 750 מ""ל",מיליליטרים,750.00,"100 מ""ל",false,1,49.90,6.6533,true,1,143665
3563490014898,false,חרדל דיזון לחיץ 265,,,"חרדל ""דיז""ון"" לחיץ 265 גר",גרמים,265.00,100 גרם,false,1,10.90,4.1132,true,1,123006
3574660089547,false,טמפון או.בי נורמל,Johnson Toilet-IT,,טמפון או.בי נורמל,Unknown,0.00,Unknown,false,1,19.90,0.0000,true,1,123012
3574660115154,false,טמפון או.בי נורמל,Johnson Toilet-IT,,טמפון או.בי נורמל,Unknown,0.00,Unknown,false,1,19.90,0.0000,true,1,123014
3574660333466,false,טמפונים ללא מוליך מי,Johnson Toilet-IT,,"טמפוני ""או.בי"" מיני 32 יח",גרמים,240.00,100 גרם,false,1,19.90,8.2917,true,1,125520
3574660464368,false,מגן תחתון קרפרי אוור,,,מגן תחתון קרפרי אוורירי אלוורה 76 יח,Unknown,0.00,Unknown,false,1,22.90,0.0000,true,1,143102
3574660464429,false,מגן תחתון קרפרי אוור,,,מגן תחתון קרפרי אוורירי 76 יח,Unknown,0.00,Unknown,false,1,22.90,0.0000,true,1,143104
3574661114637,false,מי פה ליסטרין זירו 5,,,"מי פה ליסטרין זירו 500 מ""ל",מיליליטרים,500.00,"100 מ""ל",false,1,19.90,3.9800,true,1,144072
3574661428048,false,סבון ידיים גונסון 50,,,סבון ידיים גונסון 500 מל,מיליליטרים,500.00,"100 מ""ל",false,1,11.90,2.3800,true,1,171784
3574661487328,false,מגני תחתון קרפרי רגי,Johnson Toilet-IT,,מגני תחתון קרפרי רגיל 56 יח,Unknown,0.00,Unknown,false,1,14.90,0.0000,true,1,152383
3574661487335,false,קרפרי מקסי לונג ריחנ,Johnson Toilet-IT,,קרפרי מקסי לונג ריחני 40 יח,Unknown,0.00,Unknown,false,1,14.90,0.0000,true,1,152386
3574661487618,false,מגן תחתון קרפרי מקסי,Johnson Toilet-IT,,מגן תחתון קרפרי מקסי מבושם 48 יח,Unknown,0.00,Unknown,false,1,14.90,0.0000,true,1,152385
3574661552804,false,מגני תחתון קרפרי אלו,Johnson Toilet-IT,IT,מגני תחתון קרפרי אלוורה 56 יח,Unknown,0.00,Unknown,false,5,14.90,0.0000,true,1,156828
3574669907972,false,שמפו גונסון טיפות של,ג'ונסונ'ס,IT,"שמפו גונסון טיפות של ברק 750 מ""ל",מיליליטרים,750.00,"100 מ""ל",false,1,24.90,3.3200,true,1,149748
3574669908481,false,אל סבון גונסונס בייב,Johnson Toilet-IT,IT,"אל סבון גונסונס בייבי אמבט 750 מ""ל",מיליליטרים,750.00,"100 מ""ל",false,1,19.90,2.6533,true,1,149746
3600523642489,false,מסיכה 6 שמנים 300 מל,"לוריאל ישראל בע""מ",,"מסיכה 6 שמנים 300 מ""ל",מיליליטרים,300.00,"100 מ""ל",false,1,24.90,8.3000,true,1,151319
3607343817547,false,דאו ספריי לגבר קליימ,,,דאו ספריי לגבר קליימקול 150 מל,מיליליטרים,150.00,"100 מ""ל",false,1,9.90,6.6000,true,1,161012
3614221653715,false,גל רחצה אדידס קליימק,קוטי ס.פ,,"גל רחצה אדידס קליימקול 400 מ""ל",מיליליטרים,400.00,"100 מ""ל",false,1,12.90,3.2250,true,1,140907
3614224050986,false,דאו ספריי לגבר אדיפא,,,דאו ספריי לגבר אדיפיור 72 ש 150 מל,מיליליטרים,150.00,"100 מ""ל",false,1,9.90,6.6000,true,1,161014
3700485100260,false,קוניאק פוסוני סלקשיי,,,"קוניאק פוסוני סלקשיין 700 מ""ל",מיליליטרים,700.00,"100 מ""ל",false,1,149.90,21.4143,true,1,151349
3701086304309,false,יין לה קוק סירה בלאק,,FR,יין לה קוק סירה בלאק 750 מל,מיליליטרים,750.00,"100 מ""ל",false,6,64.90,8.6533,true,1,171900
3701086305528,false,יין לה קוק קברנה סוב,,FR,יין לה קוק אדום יבש קברנה סוביניון 15%,מיליליטרים,750.00,"100 מ""ל",false,6,64.90,8.6533,true,1,165266
3760040420394,false,יין פול מאס קלו דה מ,פול מאס,,יין פול מאס קלו דה מור אדום,Unknown,0.00,Unknown,false,1,79.90,0.0000,true,1,126459
3760040421261,false,יין פול מאס רוזה סיר,פול מאס,,יין פול מאס רוזה סירה 0.75ל,מיליליטרים,750.00,"100 מ""ל",false,1,44.90,5.9867,true,1,127288
3760133900031,false,יין אדום יבש מלבק עמ,,,יין אדום יבש בורדו סופריור שאטו לסקו 750,מיליליטרים,750.00,"100 מ""ל",false,1,49.90,6.6533,true,1,172939
3760263790021,false,יין דומיין אלכסנדר ש,,,יין דומיין אלכסנדר שאבלי לבן יבש 750 מל,מיליליטרים,750.00,"100 מ""ל",false,1,79.90,10.6533,true,1,158206
3770012307042,false,יין לבן יבש פטי שאבל,,,יין לבן יבש פטי שאבלי 750 מל,מיליליטרים,750.00,"100 מ""ל",false,1,69.90,9.3200,true,1,172940
3770012307059,false,יין לבן יבש שאבלי 75,,,יין לבן יבש שאבלי 750 מל,מיליליטרים,750.00,"100 מ""ל",false,1,79.90,10.6533,true,1,172941
3800008311736,false,ברנדי פליסקה 500 מל,וינקס פרסלוב,,ברנדי פליסקה 0.5 לי,מיליליטרים,500.00,"100 מ""ל",false,1,59.90,11.9800,true,1,124031
3800020411957,false,קיט קט צאנקי נסטלה 4,,,רביעיית קיט קט צאנקי נסטלה,גרמים,160.00,100 גרם,false,1,12.90,8.0625,true,1,164465
3800034954150,false,מטהר אוויר לרכב שליש,,,מטהר אוויר לרכב שליש,Unknown,0.00,Unknown,false,1,11.90,0.0000,true,1,124039
3800034979030,false,מפיץ ריח לבית 50 מל,,,מפיץ ריח לבית 50 מל,מיליליטרים,50.00,"100 מ""ל",false,1,12.90,25.8000,true,1,166619
3800061605650,false,עוגיות בציפוי בטעם ק,,,עוגיות בציפוי בטעם קקאו תות שדה 200 גר,גרמים,200.00,100 גרם,false,1,9.90,4.9500,true,1,172308
3800061605674,false,עוגיות בציפוי בטעם ק,,,עוגיות בציפוי בטעם קקאו אוכמניות 200 גר,גרמים,200.00,100 גרם,false,1,9.90,4.9500,true,1,172310
3800065711289,false,ביסקוויט ריבת פירות,,,ביסקוויט במילוי ריבת פירות יער מצופה,גרמים,150.00,100 גרם,false,1,8.90,5.9333,true,1,171732
3800065711531,false,עוגיות דבש אגוז מלך,זרחני איזדליה ורנה (,,עוגיות דבש אגוז מלך וקינמון מצופה 170 גר,גרמים,170.00,100 גרם,false,1,8.90,5.2353,true,1,171730
3800065711609,false,עוגיות סנדוויץ בטעם,זרחני איזדליה ורנה (,,עוגיות סנדוויץ בטעם קקאו במילוי קרם 270,גרמים,270.00,100 גרם,false,1,11.90,4.4074,true,1,129440
3800065723015,false,סטיקס גריסיני קלאסי,,,סטיקס גריסיני קלאסי עם מלח 250 גר,גרמים,250.00,100 גרם,false,12,8.90,3.5600,true,1,131225
3800065723022,false,סטיקס גריסיני פרג 2,זרחני איזדליה ורנה (,,סטיקס גריסיני פרג 235 גר,גרמים,235.00,100 גרם,false,12,8.90,3.7872,true,1,134478
3800065781114,false,עוגת וופל במילוי קרם,זרחני איזדליה ורנה (,,עוגת ועוגת וופל במילוי קרם קקאו ובוטנים 250 גר,גרמים,250.00,100 גרם,false,1,11.90,4.7600,true,1,124041
3800065781206,false,מיני וופל במילוי קרם,זרחני איזדליה ורנה (,,מיני וופל במילוי קרם קקאו 260 גר,גרמים,260.00,100 גרם,false,1,11.90,4.5769,true,1,136509
3800065781268,false,עוגת וופל במילוי קרם,זרחני איזדליה ורנה (,,עוגת וופל במילוי קרם קקאו ובוטנים 180 גר,גרמים,180.00,100 גרם,false,1,9.90,5.5000,true,1,126927
3800065781275,false,אצבעות וופל במילוי ק,,,אצבעות וופל במילוי קרם קקאו מצופה 160 גר,גרמים,160.00,100 גרם,false,1,8.90,5.5625,true,1,171735
3800065781688,false,עוגת וופל במילוי קרם,זרחני איזדליה ורנה (,,עוגת וופל במילוי קרם אגוזי לוז 125 גר,גרמים,125.00,100 גרם,false,1,9.90,7.9200,true,1,128220
3800065781978,false,עוגת וופל במילוי קרם,זרחני איזדליה ורנה (,,עוגת וופל במילוי קרם בוטנים ותפוז 180 גר,גרמים,180.00,100 גרם,false,1,9.90,5.5000,true,1,171740
3800065784009,false,חטיפי וופל במילוי קר,,,חטיפי וופל במילוי קרם אגוזי לוז 120 גר,גרמים,120.00,100 גרם,false,1,8.90,7.4167,true,1,171734
3800065784122,false,ממתק וופל במילוי בצי,זרחני איזדליה ורנה (,,ממתק וופל במילוי בציפוי קרם קקאו 280 גר,גרמים,280.00,100 גרם,false,1,11.90,4.2500,true,1,171739
3800205875109,false,צנימים מרטי עגבניות,,,צנימים מרטי בטעם עגבניות זיתים ואורגנו,גרמים,70.00,100 גרם,false,1,5.90,8.4286,true,1,126738
3800205875208,false,צנימים מרטי בטעם פיט,,,צנימים מרטי בטעם פיטריות ושמנת 70 גר,גרמים,70.00,100 גרם,false,1,5.90,8.4286,true,1,126739
3800205875307,false,צנימים מרטי בטעם תער,,,צנימים מרטי בטעם תערובת ירקות 70 גר,גרמים,70.00,100 גרם,false,1,5.90,8.4286,true,1,126740
3800205877325,false,צנימים מרטי בטעם שמנ,,,צנימים מרטי בטעם שמנת בצל 70 גר,גרמים,70.00,100 גרם,false,1,5.90,8.4286,true,1,159600
3800233570137,false,שימורי עגבניות ביתי,,,שימורי עגבניות ביתי 1620 גר,גרמים,1620.00,100 גרם,false,1,24.90,1.5370,true,1,174570
3800233571288,false,שימורי עגבניות ביתי,,,שימורי עגבניות ביתי 950 גר,גרמים,950.00,100 גרם,false,1,14.90,1.5684,true,1,174571
3800727040115,false,לפתן משמש 700 גר,,,לפתן משמש 700 גר,גרמים,700.00,100 גרם,false,1,12.90,1.8429,true,1,163446
3800740010072,false,אסורטי טודורקה 1 קג,DERONI,,אסורטי טודורקה 1 קג,קילוגרמים,1.00,"ק""ג",false,1,19.90,19.9000,true,1,124050
3800740010928,false,עגבניות טודורקה 1 קג,DERONI,,עגבניות טודורקה עם פ,קילוגרמים,1.00,"ק""ג",false,1,19.90,19.9000,true,1,124052
3800740016661,false,עגבניות טודורקה 1 קג,DERONI,,"עגבניות ""טודורקה"" עם",קילוגרמים,1.00,"ק""ג",false,1,19.90,19.9000,true,1,124060
3800740021870,false,ממרח ירקות לוטניצה ב,,,ממרח ירקות לוטניצה בסגנון ביתי ווליקא,גרמים,265.00,100 גרם,false,1,20.90,7.8868,true,1,169349
3800740027155,false,שימורי ירקות ליוטיני,DERONI,,שימורי ירקות ליוטיניצה טודורקה 315 גר,גרמים,315.00,100 גרם,false,1,14.90,4.7302,true,1,136434
3838945007870,false,מיץ תפוזים פרוקטל עם,FRUCTAL,,מיץ תפוזים פרוקטל עם ויטמין סי 1 ל,ליטרים,1.00,ליטר,false,1,12.90,12.9000,true,1,165562
3838945027854,false,מיץ פרוקטל מולטיויטמ,FRUCTAL,,מיץ פרוקטל מולטיויטמין 1 ל,ליטרים,1.00,ליטר,false,1,12.90,12.9000,true,1,127753
3838945509015,false,נקטר פרוקטל אוכמניות,FRUCTAL,,נקטר פרוקטל אוכמניות שחורות 1 ל,ליטרים,1.00,ליטר,false,1,12.90,12.9000,true,1,127754
3838945509022,false,נקטר פרוקטל תות שדה,FRUCTAL,,נקטר פרוקטל תות שדה 1 ל,ליטרים,1.00,ליטר,false,1,12.90,12.9000,true,1,127756
3838945509060,false,מיץ תפוחים פרוקטל 10,FRUCTAL,,מיץ תפוחים פרוקטל 100% פרי 1 ל,ליטרים,1.00,ליטר,false,1,12.90,12.9000,true,1,129031
3838945509077,false,מיץ אננס פרוקטל 100%,FRUCTAL,,מיץ אננס פרוקטל 100% פרי 1 ל,ליטרים,1.00,ליטר,false,1,12.90,12.9000,true,1,129032
3850104008054,false,תבלין וגטה ירקות 75,פודרבקה ד.ד,,תבלין וגטה ירקות 75 גר,גרמים,75.00,100 גרם,false,1,6.90,9.2000,true,1,124063
3850104008443,false,תבלין וגטה תערובת עם,פודרבקה ד.ד,,תבלין וגטה תערובת עם ירקות 500 גר,גרמים,500.00,100 גרם,false,1,33.90,6.7800,true,1,124064
3850104008597,false,תערובת תבלינים וגטה,PODRAVKA POLSKA,,תערובת תבלינים וגטה עם ירקות 250 גר,גרמים,250.00,100 גרם,false,1,17.90,7.1600,true,1,124065
3850104008825,false,תבלין וגטה תערובת עם,פודרבקה ד.ד,,תבלין וגטה תערובת עם ירקות 125 גר,גרמים,125.00,100 גרם,false,1,10.90,8.7200,true,1,124066
3850104029189,false,תבלין וגטה פלוב 20 ג,,,"תבלין ""וגטה"" פלוב 30",גרמים,20.00,100 גרם,false,1,2.90,14.5000,true,1,152611
3850104294631,false,פפריקה מתוקה 100 גר,אולן,BG,פפריקה מתוקה 100 גר,גרמים,100.00,100 גרם,false,1,10.90,10.9000,true,1,172516
4000415004408,false,שוקולד שוגטן מריר אג,,,שוקולד שוגטן מריר אגוזים 100 גר,גרמים,100.00,100 גרם,false,1,5.90,5.9000,true,1,149456
4000415039707,false,שוקולד אוריו בלאק הנ,,,שוקולד אוריו בלאק הנד וואיט,גרמים,100.00,100 גרם,false,1,5.90,5.9000,true,1,129518
4000415040109,false,שוקולד קרמל חום 100,,,שוקולד קרמל חום 100 גר,גרמים,100.00,100 גרם,false,1,5.90,5.9000,true,1,129517
4000415143800,false,שוקולד טרילוגיה 100,,,שוקולד טרילוגיה 100,גרמים,100.00,100 גרם,false,1,5.90,5.9000,true,1,121494
4000415358303,false,חמישיית שוקו פאן ביס,,,חמישיית שוקו פאן ביסקוויט 210 גר,גרמים,210.00,100 גרם,false,1,8.90,4.2381,true,1,174260
4000415440701,false,שישיית שוקו פאן בוטנ,,,שישיית שוקו פאן בוטנים 216 גר,גרמים,216.00,100 גרם,false,1,8.90,4.1204,true,1,174259
4000415440909,false,שישיית שוקו פאן קרמל,,,שישיית שוקו פאן קרמל 216 גר,גרמים,216.00,100 גרם,false,1,8.90,4.1204,true,1,174261
4000415730109,false,שוקולד שוגטן מריר אג,,,שוקולד שוגטן מריר אגוזים קצוצים 100 גר,גרמים,100.00,100 גרם,false,1,5.90,5.9000,true,1,169619
4000415749606,false,שוקולד שוגטן יום הול,,,שוקולד שוגטן יום הולדת 100 גר,גרמים,100.00,100 גרם,false,15,5.90,5.9000,true,1,171154
4000415851705,false,שוקולד שוגטן נוגט 10,,,שוקולד שוגטן נוגט 10,גרמים,100.00,100 גרם,false,1,5.90,5.9000,true,1,121498
4000415856601,false,שוקולד לבן 100 גר,,,שוקולד לבן 100 גר,גרמים,100.00,100 גרם,false,1,5.90,5.9000,true,1,121499
4000417022004,false,שוקולד ריטר אגוז צימ,,,"שוקולד ""ריטר"" חלב עם",גרמים,100.00,100 גרם,false,1,8.90,8.9000,true,1,121500
4000417025005,false,שוקולד ריטר עם מרציפ,,,שוקולד ריטר עם מרציפן,גרמים,100.00,100 גרם,false,1,8.90,8.9000,true,1,121501
4000417026002,false,שוקולד ריטר ספורט עם,,,שוקולד ריטר ספורט עם פרלין 100 גר,גרמים,100.00,100 גרם,false,1,8.90,8.9000,true,1,121502
4000417211002,false,שוקולד ריטר מוס קרמל,,,שוקולד ריטר ספורט מוס קרמל ושברי שקדים,גרמים,100.00,100 גרם,false,1,8.90,8.9000,true,1,136553
4000504149027,false,גבינה קממבר דה לוקס,,,גבינה קממברט דה לוקס 125 גר,גרמים,125.00,100 גרם,false,1,24.90,19.9200,true,1,168613
4000504149324,false,גבינה רוגט 125 גר,,,גבינה רוגט 125 גר,גרמים,125.00,100 גרם,false,1,24.90,19.9200,true,1,163630
4000504149423,false,גבינה קמבוזולה כחולה,,,גבינה קמבוזולה כחולה 125 גר,גרמים,125.00,100 גרם,false,1,24.90,19.9200,true,1,163631
4000539280726,false,שוקולד לינדט מריר 70,לינדט,,שוקולד לינדט מריר 70% 100 גר,גרמים,100.00,100 גרם,false,1,15.90,15.9000,true,1,172121
4000607850004,false,שוקולד שוגטן חלב 100,,,שוקולד שוגטן חלב 100,גרמים,100.00,100 גרם,false,1,5.90,5.9000,true,1,121508
4000607851001,false,שוקולד שוגטן חלב אגו,,,שוקולד שוגטן חלב אגו,גרמים,100.00,100 גרם,false,1,5.90,5.9000,true,1,121509
4000607852008,false,שוקולד מריר 100 גר,,,"שוקולד מריר 100 ג""ר",גרמים,100.00,100 גרם,false,1,5.90,5.9000,true,1,121510
4000607854705,false,שוקולד שוגטן יוגורט,,,שוקולד שוגטן יוגורט,גרמים,100.00,100 גרם,false,1,5.90,5.9000,true,1,121512
4001242003015,false,מטבל סלסה ציו דיפ חר,,,מטבל סלסה ציו דיפ חריפות בינונית 200 מל,מיליליטרים,200.00,"100 מ""ל",false,1,14.90,7.4500,true,1,165393
4001507161948,false,פתיתי שיבולת שועל 50,FORTIN,,פתיתי שיבולת שועל 500 גר,גרמים,500.00,100 גרם,false,1,6.90,1.3800,true,1,131845
4001507161955,false,פתיתי שיבולת שועל עב,FORTIN,,פתיתי שיבולת שועל עבה קווקר 500 גר,גרמים,500.00,100 גרם,false,1,6.90,1.3800,true,1,140739
4001518003800,false,אצבעות מאפה מלח פלפל,,,אצבעות מאפה מלח פלפל גריסון טורינוס 125,גרמים,125.00,100 גרם,false,8,14.90,11.9200,true,1,167345
4001518106112,false,אצבעות מאפה רוזמרין,,,אצבעות מאפה רוזמרין מלח גריסון טורינוס,גרמים,125.00,100 גרם,false,12,14.90,11.9200,true,1,167346
4001724037514,false,פיצה 4 גבינות 340 גר,,,פיצה 4 גבינות 340 גר,גרמים,340.00,100 גרם,false,7,29.90,8.7941,true,1,173261
4001724037637,false,פיצה מוצרלה אפויה 35,,,פיצה מוצרלה אפויה 355 גר,גרמים,355.00,100 גרם,false,7,29.90,8.4225,true,1,173371
4001751035705,false,חרדל עם דבש 215 גר,Erich trapp,,חרדל עם דבש 215גר,גרמים,215.00,100 גרם,false,1,9.90,4.6047,true,1,129162
4001751038669,false,חזרת עם וואסבי 190 ג,Erich trapp,,חזרת עם וואסבי 190גר,גרמים,190.00,100 גרם,false,1,9.90,5.2105,true,1,129160
4001751064262,false,חזרת בשמנת 190 גר,Erich trapp,,חזרת בשמנת 200גר,גרמים,190.00,100 גרם,false,1,9.90,5.2105,true,1,129161
4001751073677,false,רוטב חזרת עם סלק 200,Erich trapp,,רוטב חזרת עם סלק 200 גר,גרמים,200.00,100 גרם,false,1,9.90,4.9500,true,1,131834
4001751094283,false,חרדל בטעם תפוזים 210,Erich trapp,,חרדל בטעם תפוזים 210גר,גרמים,210.00,100 גרם,false,1,9.90,4.7143,true,1,129163
4002103250487,false,בירה ארדינגר בהירה 5,ארדינגר,,"בירה ארדינגר בהירה 500 מ""ל",מיליליטרים,500.00,"100 מ""ל",false,1,11.90,2.3800,true,1,135843
4002309009100,false,ממרח דאבל אגוזי לוז,,,ממרח שוקולד KIDDY DUO,גרמים,350.00,100 גרם,false,12,14.90,4.2571,true,1,150587
4002309009131,false,ממרח דאבל אגוזי לוז,,,ממרח שוקולד KIDDY DUO,גרמים,700.00,100 גרם,false,8,24.90,3.5571,true,1,150588
4002448017684,false,סיליט באנג לניקוי כל,,,סיליט באנג ספריי רב,מיליליטרים,750.00,"100 מ""ל",false,1,16.90,2.2533,true,1,121522
4002448019480,false,סיליט באנג מסיר שומנ,,,סיליט באנג מסיר שומנ,מיליליטרים,750.00,"100 מ""ל",false,1,16.90,2.2533,true,1,121523
4002590000633,false,קלפני פירות 150 גר,,,"קלפני פירות 150 ג""ר",גרמים,150.00,100 גרם,false,1,9.90,6.6000,true,1,121528
4003301010125,false,יין אנדס צילה קברנה,,,"יין צ""ילה ""קברנה סוב",מיליליטרים,750.00,"100 מ""ל",false,1,29.90,3.9867,true,1,121534
4003301016912,false,יין אנדס צילה שרדונה,,,"יין צ""ילה ""שרדונה"" 0",מיליליטרים,750.00,"100 מ""ל",false,1,29.90,3.9867,true,1,121535
4003301016936,false,יין אנדס צילה מרלו 7,,,"יין צ""ילה ""מרלו"" 0.7",מיליליטרים,750.00,"100 מ""ל",false,1,29.90,3.9867,true,1,121536
4003301051340,false,יין מייבך ריזלינג יב,,DE,יין מייבך ריזלינג יבש 750 מל,מיליליטרים,750.00,"100 מ""ל",false,1,49.90,6.6533,true,1,165701
4003301051364,false,יין ריזלינג מייבך לב,,,יין ריזלינג מייבך לבן חצי מתוק 750 מל,מיליליטרים,750.00,"100 מ""ל",false,1,49.90,6.6533,true,1,126839
4003301055485,false,יין לבן יבש מייבאך ו,,,יין לבן יבש מייבאך וויסר בורגונד 750 מל,מיליליטרים,750.00,"100 מ""ל",false,1,49.90,6.6533,true,1,169007
4003301058486,false,יין מייבך סוביניון ב,,,יין מייבך סוביניון בלאן לבן חצי יבש 750,מיליליטרים,750.00,"100 מ""ל",false,1,49.90,6.6533,true,1,165700
4003301071720,false,יין מבעבע דונה אפרסק,,,"יין מבעבע דונה אפרסק 750 מ""ל",מיליליטרים,750.00,"100 מ""ל",false,1,14.90,1.9867,true,1,133798
4003301071744,false,יין מבעבע דונה אסאי,,,"יין מבעבע דונה אסאי 750 מ""ל",מיליליטרים,750.00,"100 מ""ל",false,1,14.90,1.9867,true,1,133800
4003301081835,false,יין מייבך שרדונה לבן,,,יין מייבך שרדונה לבן יבש 750 מל,מיליליטרים,750.00,"100 מ""ל",false,1,49.90,6.6533,true,1,165699
4003301085673,false,יין מייבך פורטוגיזר,,,יין מייבך פורטוגיזר רוזה מתוק 750 מל,מיליליטרים,750.00,"100 מ""ל",false,1,49.90,6.6533,true,1,165698
4003754021679,false,בונ קרסטנס מרציפן מח,,,בונ קרסטנס מרציפן מחית דובדבן בשוקולד חל,גרמים,210.00,100 גרם,false,1,24.90,11.8571,true,1,155964
4003754021693,false,בונ קרסטנס מרציפן מח,,,בונ קרסטנס מרציפן מחית תפוזים בשוקולד חל,גרמים,210.00,100 גרם,false,1,24.90,11.8571,true,1,155965
4003754081000,false,חטיף מרציפן קארסטנס,,,חטיף מרציפן קארסטנס ארסמי 100 גר,גרמים,100.00,100 גרם,false,1,7.90,7.9000,true,1,133298
4004666042004,false,מרסס מלרוד 500 מל,מרלוד,,"מרסס מלרוד 500 מ""ל",מיליליטרים,500.00,"100 מ""ל",false,1,27.90,5.5800,true,1,135495
4004666107819,false,מלרוד לניקוי וטיהור,,,"מלרוד לניקוי וטיהור המזגן 500 מ""ל",מיליליטרים,500.00,"100 מ""ל",false,1,24.90,4.9800,true,1,149919
4005808817405,false,ניוואה גל גילוח רגיש,,,ניוואה גל גילוח רגיש 200 מל,מיליליטרים,200.00,"100 מ""ל",false,1,17.90,8.9500,true,1,159710
4005900036476,false,ניוואה דאו רול און ב,,,ניוואה דאו רול און בלאק אנד וויט קליר 50,מיליליטרים,50.00,"100 מ""ל",false,1,14.90,29.8000,true,1,159695
4005900036506,false,ניוואה דאו רול און ג,,,ניוואה דאו רול און גבר שקוף בלאק וויט,מיליליטרים,50.00,"100 מ""ל",false,1,14.90,29.8000,true,1,159690
4005900138842,false,ניוואה תחליב רחצה סמ,,,ניוואה תחליב רחצה סמוד 750 מל,מיליליטרים,750.00,"100 מ""ל",false,1,14.90,1.9867,true,1,164915
4005900542557,false,ניוואה דאו רול און א,,,ניוואה דאו רול און אשה בלאק וויט 50 מל,מיליליטרים,50.00,"100 מ""ל",false,1,14.90,29.8000,true,1,163548
4005900555915,false,ניוואה תחליב רחצה קו,,,ניוואה תחליב רחצה קוקוס 750 מל,מיליליטרים,750.00,"100 מ""ל",false,1,14.90,1.9867,true,1,162925
4005900648181,false,ניוואה תחליב רחצה אל,,,ניוואה תחליב רחצה אלוורה 750 מל,מיליליטרים,750.00,"100 מ""ל",false,1,14.90,1.9867,true,1,164914
4005900828088,false,ניוואה דאו רול און ג,,,ניוואה דאו רול און גבר פרש 50 מל,מיליליטרים,50.00,"100 מ""ל",false,1,14.90,29.8000,true,1,159689
4005900845702,false,דאו רול און ניוואה מ,,,דאו רול און ניוואה מן קול קיק לגבר 50 מל,מיליליטרים,50.00,"100 מ""ל",false,1,14.90,29.8000,true,1,165749
4006387112363,false,קנקן בריטה מרלה +2 פ,,,קנקן בריטה מרלה +2 פילטרים ובקבוק,Unknown,0.00,Unknown,false,1,159.90,0.0000,true,1,172572
4006814000720,false,סנטה קלנדר 75 גר,,,סנטה קלנדר 75 גר,גרמים,75.00,100 גרם,false,1,9.90,13.2000,true,1,174082
4006814000751,false,סנטה בודד עם כובע 80,,,סנטה בודד עם כובע 80 גר,גרמים,80.00,100 גרם,false,40,12.90,16.1250,true,1,167167
4006814000829,false,מגף סנטה 100 גר,,,מגף סנטה 100 גר,גרמים,100.00,100 גרם,false,15,15.90,15.9000,true,1,167168
4006814000874,false,סנטה בודד עם כובע 20,,,סנטה בודד עם כובע 200 גר WAWI,גרמים,200.00,100 גרם,false,1,27.90,13.9500,true,1,145543
4006814011061,false,סנטה גונץ 60 גר,WAWI,,"סנטה ""גונץ"" 60 גר""",גרמים,60.00,100 גרם,false,30,4.90,8.1667,true,1,121554
4006814011108,false,"סנטה בודד 150 גר""",WAWI,,"סנטה בודד 150 גר""",גרמים,150.00,100 גרם,false,30,9.90,6.6000,true,1,121555
4006814071003,false,סנטה שקית 100 גר,WAWI,,סנטה שקית 100 גר,גרמים,100.00,100 גרם,false,1,9.90,9.9000,true,1,126932
4006814072000,false,סנטה שקית 200 גר,WAWI,,סנטה שקית 200 גר,גרמים,200.00,100 גרם,false,1,15.90,7.9500,true,1,126931
4007993031260,false,גלידה אוראו בכוס פיי,,,גלידה אוראו בכוס פיינט 324 גר,גרמים,324.00,100 גרם,false,1,29.90,9.2284,true,1,172525
4007993032533,false,גלידת טובלרון שוקו ש,,,גלידת טובלרון שוקו שקדים ודבש 264 גר,גרמים,264.00,100 גרם,false,1,29.90,11.3258,true,1,173516
4008287051032,false,בירה קרומבאכר פילס פ,,,בירה קרומבאכר פילס פחית 500 מל,מיליליטרים,500.00,"100 מ""ל",false,1,9.90,1.9800,true,1,164191
4008287905786,false,בירה קרומבאכר חיטה פ,,,בירה קרומבאכר חיטה פחית 500 מל,מיליליטרים,500.00,"100 מ""ל",false,1,9.90,1.9800,true,1,164193
4008400172224,false,פררו רושר אשוח 150 ג,,,פררו רושר אשוח 150 גר,גרמים,150.00,100 גרם,false,1,49.90,33.2667,true,1,174020
4008400510125,false,קינדר סנטה+ביצת הפתע,,,קינדר סנטה+ביצת הפתעה בנים 75 גר,גרמים,75.00,100 גרם,false,12,21.90,29.2000,true,1,167242
4008400511528,false,קינדר סנטה קישוט עץ,,,קינדר סנטה קישוט עץ 3*15 גר,גרמים,45.00,100 גרם,false,1,14.90,33.1111,true,1,174022
4008400511825,false,קינדר סנטה עומד 110,,,קינדר סנטה עומד 110 גר,גרמים,110.00,100 גרם,false,1,21.90,19.9091,true,1,174021
4008577000399,false,עוגת טארט תפוחים ואג,,,עוגת טארט תפוחים ואגוזים 1.1 קג,קילוגרמים,1.10,"ק""ג",false,1,69.90,63.5455,true,1,170929
4008577000412,false,עוגת טארט שזיפים 125,,,עוגת טארט שזיפים 1250 גר,גרמים,1250.00,100 גרם,false,1,69.90,5.5920,true,1,170930
4009211007378,false,אבקת קקאו ראקסים פלי,,,אבקת קקאו ראקסים פליפ טופ 20% 125 גר,גרמים,125.00,100 גרם,false,12,9.90,7.9200,true,1,161986
4009300529538,false,חליטת פירות לימון פו,,GR,חליטת פירות לימון פומפדור 45 גר,גרמים,45.00,100 גרם,false,1,19.90,44.2222,true,1,171168
4009300530206,false,חליטת תפוח טורקי פומ,TEEKANNE- POMPADOU,DE,חליטת תפוח טורקי פומפדור 20 שק,גרמים,50.00,100 גרם,false,10,15.90,31.8000,true,1,173792
4009900379564,false,הובה בובה טייפ בטעם,,,הובה בובה טייפ בטעם,גרמים,56.00,100 גרם,false,1,6.60,11.7857,true,1,121572
4009900385824,false,אורביט סטיקס פפרמינט,,,אורביט סטיקס פפרמינט חמישייה,Unknown,0.00,Unknown,false,1,9.90,0.0000,true,1,127011
4009900402965,false,מסטיק אורביט בקבוקון,,,"מסטיק ""אורביט"" בקבוקון בטעם פירות",Unknown,0.00,Unknown,false,1,9.90,0.0000,true,1,125860
4009900403023,false,מסטיק אורביט בקבוקון,,,"מסטיק ""אורביט"" בקבוקון בטעם מנטה",גרמים,64.00,100 גרם,false,1,9.90,15.4688,true,1,125859
4009900406918,false,מסטיק הובה בובה טייפ,,,"מסטיק ""הובה בובה טרי",גרמים,56.00,100 גרם,false,1,6.60,11.7857,true,1,121574
4009900420129,false,מסטיק אורביט פרופשיו,מרס,PL,מסטיק אורביט פרופשיונל פפרמינט בקבוקון,Unknown,0.00,Unknown,false,12,9.90,0.0000,true,1,148234
4009900426039,false,מסטיק איירוויז מנטה,מרס,,מסטיק איירוויז מנטה אקליפטוס,Unknown,0.00,Unknown,false,1,9.90,0.0000,true,1,134448
4009900426121,false,מסטיק איירוויז אוכמנ,מרס,,מסטיק איירוויז אוכמניות,Unknown,0.00,Unknown,false,1,9.90,0.0000,true,1,134449
4009900455299,false,סוכריות סקיטלס בטעם,,,סוכריות סקיטלס בטעם פירות 174גר,גרמים,174.00,100 גרם,false,1,8.90,5.1149,true,1,128443
4009900465304,false,סוכריות סקיטלס בטעם,,,סוכריות סקיטלס בטעם פירות חמוצים 174גר,גרמים,174.00,100 גרם,false,1,8.90,5.1149,true,1,128444
4009900479998,false,מסטיק אורביט בטעם או,,,מסטיק אורביט בטעם אוכמניות בקבוקון,לא מנהל יחידת מידה,0.00,לא מנהל יחידת מידה,false,1,9.90,0.0000,true,1,128442
4009900482417,false,מסטיק אורביט באבל מי,,,מסטיק אורביט באבל מינט בקבוקון,לא מנהל יחידת מידה,0.00,לא מנהל יחידת מידה,false,1,9.90,0.0000,true,1,126561
4009900483803,false,איירוויבז בקבוק מנטה,מרס,GB,איירוויבז בקבוק מנטה אקליפטוס,Unknown,0.00,Unknown,false,6,12.90,0.0000,true,1,149352
4009900484060,false,אורביט בקבוק 60 יח פ,,,אורביט בקבוק 60 יח פפרמינט,Unknown,0.00,Unknown,false,1,12.90,0.0000,true,1,126890
4009900484091,false,אורביט בקבוק 60 יח ס,,,אורביט בקבוק 60 יח ספירמינט,Unknown,0.00,Unknown,false,1,12.90,0.0000,true,1,126891
4009900484305,false,אורביט בקבוק 60 יח ס,,,אורביט בקבוק 60 יח סווירמינט,Unknown,0.00,Unknown,false,1,12.90,0.0000,true,1,126892
4009900487283,false,אורביט סטיקס פירות ח,,,אורביט סטיקס פירות חמישייה,Unknown,0.00,Unknown,false,1,9.90,0.0000,true,1,127013
4009900491044,false,איירוויבז בקבוק אוכמ,מרס,GB,איירוויבז בקבוק אוכמניות,Unknown,0.00,Unknown,false,6,12.90,0.0000,true,1,149353
4009900500166,false,סוכריות סקיטלס פירות,ריגלי,,סוכריות סקיטלס פירות בקבוקון,Unknown,0.00,Unknown,false,1,8.90,0.0000,true,1,135460
4009900509770,false,אורביט בקבוק 60 יח ת,,,אורביט בקבוק 60 יח תות,Unknown,0.00,Unknown,false,1,12.90,0.0000,true,1,132261
4009900521581,false,סוכריות אורביט מינטס,מרס,,סוכריות אורביט מינטס דובדבן בקבוקון,Unknown,0.00,Unknown,false,1,8.90,0.0000,true,1,138460
4009900521611,false,סוכריות אורביט מינטס,מרס,,סוכריות אורביט מינטס מנטה בקבוקון,Unknown,0.00,Unknown,false,1,8.90,0.0000,true,1,138461
4009900531122,false,מסטיק אורביט פרופשיו,מרס,PL,מסטיק אורביט פרופשיונל ספירמינט בקבוקו,Unknown,0.00,Unknown,false,12,9.90,0.0000,true,1,148235
4009900532327,false,סוכריות סקיטלס סמודי,,CZ,סוכריות סקיטלס סמודים 38 גר,גרמים,38.00,100 גרם,false,1,2.90,7.6316,true,1,149822
4009900534918,false,סוכריות סקיטלס גיינט,ריגלי,,סוכריות סקיטלס גיינט פירות בקבוקון,גרמים,141.00,100 גרם,false,1,8.90,6.3121,true,1,164436
4009900535519,false,אורביט רפרשרס ספירמי,,,אורביט רפרשרס ספירמינט 15.6 גר,גרמים,16.00,100 גרם,false,1,3.90,24.3750,true,1,162055
4009900535540,false,אורביט רפרשרס פפרמינ,,,אורביט רפרשרס פפרמינט 15.6 גר,גרמים,16.00,100 גרם,false,1,3.90,24.3750,true,1,162056
4009900536257,false,אורביט רפרשרס ספירמי,,,אורביט רפרשרס ספירמינט בק 67 גר,גרמים,67.00,100 גרם,false,1,11.90,17.7612,true,1,162052
4009900536288,false,אורביט רפרשרס פפרמינ,,,אורביט רפרשרס פפרמינט בק 67 גר,גרמים,67.00,100 גרם,false,1,11.90,17.7612,true,1,162053
4009900536486,false,אורביט רפרשרס באבלמי,,,אורביט רפרשרס באבלמינט בק 67 גר,גרמים,67.00,100 גרם,false,1,11.90,17.7612,true,1,162054
4009900539340,false,סוכריות סקיטלס גיינט,,,סוכריות סקיטלס גיינט סאוור 141 גר,גרמים,141.00,100 גרם,false,14,8.90,6.3121,true,1,167368
4009900539401,false,פייב באונס בטעם מנטה,,PL,פייב באונס בטעם מנטה 14.4 גר,גרמים,14.00,100 גרם,false,16,3.90,27.8571,true,1,169437
4009900539432,false,פייב באונס בטעם אבטי,,PL,פייב באונס בטעם אבטיח 14.4 גר,גרמים,14.00,100 גרם,false,16,3.90,27.8571,true,1,169438
4009900539685,false,פייב באונס בטעם מנטה,,PL,פייב באונס בטעם מנטה בק 61.8 גר,גרמים,62.00,100 גרם,false,6,11.90,19.1935,true,1,169435
4009900539746,false,פייב באונס בטעם אבטי,,PL,פייב באונס בטעם אבטיח בק 61.8 גר,גרמים,62.00,100 גרם,false,6,11.90,19.1935,true,1,169436
4011100001220,false,מיני חטיפי מרס שקית,מרס,,מיני חטיפי מרס שקית 403 גר,גרמים,403.00,100 גרם,false,1,22.90,5.6824,true,1,126815
4011800528416,false,קורני בייס סויט & סו,Schwartauer,,קורני בייס סויט & סולט 150 גר,גרמים,150.00,100 גרם,false,1,10.90,7.2667,true,1,159720
4011800567613,false,קורני סנדוויץ שחור ו,Schwartauer,,קורני סנדוויץ שחור ולבן עם קרם חלב,גרמים,120.00,100 גרם,false,1,10.90,9.0833,true,1,137559
4011800568610,false,קורני סנדוויץ קלאסי,Schwartauer,,קורני סנדוויץ קלאסי עם קרם חלב,גרמים,120.00,100 גרם,false,1,10.90,9.0833,true,1,137558
4011800628512,false,חטיף קורני בייס שוקו,Schwartauer,,"חטיף ""קורני"" עם שוקולד חלב 150 גר",גרמים,150.00,100 גרם,false,1,10.90,7.2667,true,1,128659
4011800629519,false,קורני בייס נאטס 150,Schwartauer,,"חטיף ""קורני"" עם אגוזים 6 יח",גרמים,150.00,100 גרם,false,1,10.90,7.2667,true,1,128657
4011800630515,false,חטיף קורני בייס שוקו,Schwartauer,,"חטיף ""קורני"" עם שוקולד חלב ובננה 150 גר",גרמים,150.00,100 גרם,false,1,10.90,7.2667,true,1,128658
4011800632519,false,קורני בייס קוקונט 15,Schwartauer,,"חטיף ""קורני"" עם שוקולד חלב וקוקוס 150 גר",גרמים,150.00,100 גרם,false,1,10.90,7.2667,true,1,128660
4011800633516,false,קורני בייס שוקולד מר,Schwartauer,,"חטיף ""קורני"" עם שוקולד מריר מעולה 150 גר",גרמים,138.00,100 גרם,false,1,10.90,7.8986,true,1,131322
4013197767034,false,סוכריות בטעם לימון ח,,,סוכריות בטעם לימון ב,גרמים,200.00,100 גרם,false,1,9.90,4.9500,true,1,121589
4013197767119,false,סוכריות בטעם מנטה קל,,,סוכריות בטעם מנטה קל,גרמים,200.00,100 גרם,false,1,9.90,4.9500,true,1,121590
4014086020308,false,בירה אותינגר לא מסונ,מבשלות אוטנגר -גוטא,,"בירה ""אותינגר"" פח"" צ",מיליליטרים,500.00,"100 מ""ל",false,1,7.90,1.5800,true,1,121592
4014086020483,false,בירה אותינגר סופרפור,מבשלות אוטנגר -גוטא,,"בירה ""אותינגר"" סופר",מיליליטרים,500.00,"100 מ""ל",false,1,8.90,1.7800,true,1,121595
4014400900217,false,בונבוניירה מרסי מעור,,,"בונבוניירות ""מרסי"" 4",גרמים,400.00,100 גרם,false,1,49.90,12.4750,true,1,123041
4014400901191,false,בונבוניירת מרסי 250,,,בונבוניירת מרסי 250 גר,גרמים,250.00,100 גרם,false,1,26.90,10.7600,true,1,123042
4014400914245,false,טבלת שוקולד מרסי חלב,MERCI,,טבלת שוקולד מרסי חלב 100 גר,גרמים,100.00,100 גרם,false,1,11.90,11.9000,true,1,164622
4014400914252,false,טבלת שוקולד מרסי אגו,MERCI,,טבלת שוקולד מרסי אגוזים 100 גר,גרמים,100.00,100 גרם,false,1,11.90,11.9000,true,1,164623
4014400914269,false,טבלת מרסי קפה 100 גר,,,טבלת מרסי קפה 100 גר,גרמים,100.00,100 גרם,false,1,11.90,11.9000,true,1,164625
4014400914276,false,טבלת שוקולד מרסי מרי,MERCI,,טבלת שוקולד מרסי מריר 72% 100 גר,גרמים,100.00,100 גרם,false,1,11.90,11.9000,true,1,132580
4014400923711,false,טופיפי 125 גר כשלפ,שטורק,,"טופיפי 125 גר כשל""פ",גרמים,125.00,100 גרם,false,1,13.90,11.1200,true,1,135172
4014400925265,false,שוקולד מרסי תפוז/שקד,,,שוקולד מרסי תפוז/שקד 100 גר,גרמים,100.00,100 גרם,false,1,11.90,11.9000,true,1,166361
4014600202593,false,סוכריות רגולדס בטעם,RAGOLDS GMBH,,סוכריות רגולדס בטעם פירות בפח 150 ג,גרמים,150.00,100 גרם,false,1,9.90,6.6000,true,1,133763
4014600202623,false,סוכריות רגולדס בטעם,RAGOLDS GMBH,,סוכריות רגולדס בטעם דובדבן בפח 150 גר,גרמים,150.00,100 גרם,false,1,9.90,6.6000,true,1,133758
4014600203149,false,סוכריות רגולדס בטעם,RAGOLDS GMBH,,סוכריות רגולדס בטעם פירות יער בפח 150 ג,גרמים,150.00,100 גרם,false,1,9.90,6.6000,true,1,133761
4014600204863,false,מיקס סוכריות רגולדס,Ragoids,,"מיקס סוכריות ""רגולדס"" פירות בצנצנת950 גר",גרמים,950.00,100 גרם,false,1,36.90,3.8842,true,1,133246
4015400564034,false,מגן תחתון אולוויז 58,,,מגן תחתון אולוויז,Unknown,0.00,Unknown,false,1,16.90,0.0000,true,1,125967
4015400564454,false,מגן תחתון אולוויז לא,,,מגן תחתון אולוויז,Unknown,0.00,Unknown,false,4,16.90,0.0000,true,1,125966
4015400681670,false,תחבושות אולוויז דואו,,,תחבושות אולוויז דואו לילה בטוח 18 יח,Unknown,0.00,Unknown,false,1,16.90,0.0000,true,1,132533
4015400731719,false,תחבושות אולוייז דואו,פרוקטר אנד גמבל,,תחבושות אולוייז דואו לילה 20 יח,Unknown,0.00,Unknown,false,1,16.90,0.0000,true,1,132672
4015400746812,false,מגן תחתון אולוויז נו,,,מגן תחתון אולוויז נורמל מגה פק 80 יח,Unknown,0.00,Unknown,false,1,16.90,0.0000,true,1,133310
4015400755241,false,תחבושות אולוייז דואו,פרוקטר אנד גמבל,,תחבושות אולוייז דואו נורמל פלוס 28 יח,Unknown,0.00,Unknown,false,1,16.90,0.0000,true,1,132673
4015400755487,false,תחבושות אולוייז דואו,פרוקטר אנד גמבל,,תחבושות אולוייז דואו לונג פלוס 24 יח,Unknown,0.00,Unknown,false,6,16.90,0.0000,true,1,132674
4015400824701,false,טמפקס פלאש רגיל 30,,,טמפקס פלאש רגיל 30,Unknown,0.00,Unknown,false,1,29.90,0.0000,true,1,123072
4015400824725,false,טמפקס פלאש סופר 30,,,טמפקס פלאש סופר 30,Unknown,0.00,Unknown,false,1,29.90,0.0000,true,1,123073
4015400824749,false,טמפקס פלאש סופר פלוס,,,טמפקס פלאש סופר פלוס,Unknown,0.00,Unknown,false,1,29.90,0.0000,true,1,123074
4015576156835,false,בירה לא מסוננת ברלינ,,,בירה בהירה לא מסוננת ברלינר גשיחטה 500 מ,מיליליטרים,500.00,"100 מ""ל",false,1,7.90,1.5800,true,1,171647
4015576235493,false,בירה בהירה ברלינר גש,,,בירה בהירה ברלינר גשיחטה הל פחית 500 מל,מיליליטרים,500.00,"100 מ""ל",false,1,7.90,1.5800,true,1,171648
4015600762742,false,שמפו הד & שולדרס קלא,,,"שמפו ""הד & שולדרס"" קלאסי 500 מל",מיליליטרים,500.00,"100 מ""ל",false,1,19.90,3.9800,true,1,126624
4015600762780,false,שמפו הד & שולדרס 2 ב,,,"שמפו ""הד & שולדרס"" 2 ב-1 500 מל",מיליליטרים,500.00,"100 מ""ל",false,1,19.90,3.9800,true,1,126625
4015600762902,false,שמפו הד & שולדרס מנט,,,"שמפו ""הד & שולדרס"" מנטול 500 מל",מיליליטרים,500.00,"100 מ""ל",false,1,19.90,3.9800,true,1,126626
4015600762940,false,שמפו הד & שולדרס תפו,,,"שמפו ""הד & שולדרס"" תפוח 500 מל",מיליליטרים,500.00,"100 מ""ל",false,1,19.90,3.9800,true,1,126629
4015600763022,false,שמפו הד & שולדרס מגע,,,"שמפו ""הד & שולדרס"" מגע משי 500 מל",מיליליטרים,500.00,"100 מ""ל",false,1,19.90,3.9800,true,1,126628
4015600766900,false,שמפו הד & שולדרס מנט,,,"שמפו ""הד & שולדרס"" מנטול 500 מל",מיליליטרים,500.00,"100 מ""ל",false,1,19.90,3.9800,true,1,127764
4017100160110,false,וופל בלזן קרמי שוקול,,,וופל בלזן קרמי שוקולד 75 גר,גרמים,75.00,100 גרם,false,1,7.90,10.5333,true,1,165589
4017100160417,false,וופל בלזן קרמי וניל,,,וופל בלזן קרמי וניל 75 גר,גרמים,75.00,100 גרם,false,1,7.90,10.5333,true,1,165588
4017100216800,false,וופל מיניס שוקולד 10,,,וופל מיניס שוקולד 100 גר,גרמים,100.00,100 גרם,false,1,7.90,7.9000,true,1,133870
4017100291005,false,בלזן ביסקוויט מצופה,,,בלזן ביסקוויט מצופה שוקולד מריר 125 גר,גרמים,125.00,100 גרם,false,1,10.90,8.7200,true,1,123078
4022025000137,false,יין בלו נאן גוורטצטר,,,"יין ""בלו נאן"" גוורטצ",מיליליטרים,750.00,"100 מ""ל",false,1,44.90,5.9867,true,1,123081
4022025000236,false,יין בלו נאן אותנטיק,,,יין בלו נאן אותנטיק 1 ל,ליטרים,1.00,ליטר,false,1,44.90,44.9000,true,1,133974
4022025002445,false,יין בלו נאן גוורטצטר,,,יין בלו נאן גוורטצטרמינר 750 מל,מיליליטרים,750.00,"100 מ""ל",false,1,44.90,5.9867,true,1,173368
4022025250006,false,יין בלו נאן 750 מל,,,"יין ""בלו נאן"" ריזלינ",מיליליטרים,750.00,"100 מ""ל",false,1,44.90,5.9867,true,1,123082
4022025372036,false,יין מבעבע בלו נאן מה,,,יין מבעבע בלו נאן מהדרות הזהב 750מל,מיליליטרים,750.00,"100 מ""ל",false,1,49.90,6.6533,true,1,128557
4022025379035,false,יין מבעבע בלו נאן רו,,,יין מבעבע בלו נאן רוזה 750 מל,מיליליטרים,750.00,"100 מ""ל",false,12,49.90,6.6533,true,1,159227
4022025390030,false,יין בלו נאן ריזלינג,,,"יין בלו נאן ריזלינג 750 מ""ל",מיליליטרים,750.00,"100 מ""ל",false,1,44.90,5.9867,true,1,130472
4023800231647,false,בונבוניירת מוצרט 200,,,בונבוניירת מוצרט 200 גר,גרמים,200.00,100 גרם,false,,24.90,12.4500,true,1,171053
4030011350289,false,סלט ירקות עם אורז 72,,,סלט ירקות עם אורז 720גר,גרמים,720.00,100 גרם,false,1,19.90,2.7639,true,1,123093
4030011410303,false,לצו איסיס 720 גר,,,"לצ""ו ""איסיס"" 720 ג""ר",גרמים,720.00,100 גרם,false,1,18.90,2.6250,true,1,123094
4030011420128,false,ממרח קישואים עם שום,,,ממרח קישואים עם שום,גרמים,720.00,100 גרם,false,1,14.90,2.0694,true,1,123096
4030011420203,false,ממרח קישואים איסיס 7,,,"ממרח קישואים ""איסיס""",גרמים,720.00,100 גרם,false,1,14.90,2.0694,true,1,123097
4030011420401,false,ממרח חצילים איסיס 72,,,"ממרח חצילים ""איסיס""",גרמים,720.00,100 גרם,false,1,14.90,2.0694,true,1,123098
4030011420500,false,ממרח חצילים מקוצץ 72,,,ממרח חצילים מקוצץ 720גר,גרמים,720.00,100 גרם,false,1,18.90,2.6250,true,1,123100
4030011500028,false,עגבניות עיסיס 1 ל,,,עגבניות עיסיס 1 ל,ליטרים,1.00,ליטר,false,1,14.90,14.9000,true,1,123103
4030011500042,false,עגבניות עיסיס חריף 1,,,עגבניות עיסיס חריף 1 ל,ליטרים,1.00,ליטר,false,1,14.90,14.9000,true,1,123104
4030011510034,false,מלפפון איסיס 1 ל,,,"מלפפון ""איסיס"" 1 ליט",ליטרים,1.00,ליטר,false,1,14.90,14.9000,true,1,123107
4030011510041,false,מלפפונים חריפים בחומ,,,מלפפון איסיס חריף 1 קג,קילוגרמים,1.00,"ק""ג",false,1,14.90,14.9000,true,1,123108
4030011620146,false,מיץ עץ לבנה 1 ל,,,מיץ עץ לבנה 1 ל,ליטרים,1.00,ליטר,false,1,18.90,18.9000,true,1,173705
4032900104508,false,אל די סופרסלימס כחול,,,אל די סופרסלימס כחול,Unknown,0.00,Unknown,false,1,26.00,0.0000,false,1,148787
4032900111292,false,וינסטון קומפקט כחול,,,וינסטון קומפקט כחול,Unknown,0.00,Unknown,false,1,29.00,0.0000,false,1,149888
4032900111308,false,וינסטון קומפקט סילבר,,,וינסטון קומפקט סילבר,Unknown,0.00,Unknown,false,1,29.00,0.0000,false,1,149889
4032900124254,false,וינסטון קומפקט ברי,,,וינסטון קומפורט ברי,Unknown,0.00,Unknown,false,1,29.00,0.0000,false,1,165110
4033100013348,false,אל די ארוך,,,אל די ארוך,Unknown,0.00,Unknown,false,1,28.00,0.0000,false,1,123114
4033100014468,false,אל די אדום,,,אל די אדום,Unknown,0.00,Unknown,false,1,28.00,0.0000,false,1,123115
4033100014499,false,אל די כחול,,,אל די כחול,Unknown,0.00,Unknown,false,1,28.00,0.0000,false,1,123116
4033100014529,false,אל די סלימס,,,אל די סלימס,Unknown,0.00,Unknown,false,1,26.00,0.0000,false,1,123117
4033100024146,false,וינסטון קוד,,,וינסטון קוד,Unknown,0.00,Unknown,false,1,31.00,0.0000,false,1,125690
4033100024252,false,וינסטון אקווה,,,וינסטון אקווה,Unknown,0.00,Unknown,false,1,31.00,0.0000,false,1,125691
4037719068317,false,סוכריות פירות יער פח,קוון דיש,,סוכריות פירות יער פחיות 200 גר,גרמים,200.00,100 גרם,false,1,9.90,4.9500,true,1,134044
4052197000017,false,בירה לבנה בנדיקטינר,,,"בירה לבנה ""בנדיקטינר",מיליליטרים,500.00,"100 מ""ל",false,1,10.90,2.1800,true,1,123120
4052197000369,false,בירה בנדיקטינר 330 מ,,,"בירה בנדיקטינר 330 מ""ל שישייה",מיליליטרים,1980.00,"100 מ""ל",false,1,45.90,2.3182,true,1,135535
4052197000390,false,בירה בנדיקטינר 5 ל,,,"בירה ""בנדיקטינר"" 5ל",ליטרים,5.00,ליטר,false,1,99.90,19.9800,true,1,126477
4052197000925,false,בירה בנדיקטינר דונקל,,,בירה בנדיקטינר דונקל בק 500מל,מיליליטרים,500.00,"100 מ""ל",false,1,10.90,2.1800,true,1,127549
4052197001281,false,בירה בנדיקטינר פח 50,,,בירה בנדיקטינר פח 500מל,מיליליטרים,500.00,"100 מ""ל",false,1,9.90,1.9800,true,1,129363
4052197001366,false,בירה בנדיקטינר ללא א,,,"בירה בנדיקטינר ללא אלכוהול 500 מ""ל",מיליליטרים,500.00,"100 מ""ל",false,1,9.90,1.9800,true,1,134161
4052197002806,false,בירה בנדיקטינר 500 מ,,,בירה בנדיקטינר רביעייה,מיליליטרים,2000.00,"100 מ""ל",false,1,34.90,1.7450,true,1,131652
4052197002844,false,בירה בנדיקטינר לאגר,,,בירה בנדיקטינר לאגר פחית רביעייה,מיליליטרים,2000.00,"100 מ""ל",false,6,34.90,1.7450,true,1,159809
4052197004466,false,בירה בנדיקטינר דונקל,,,בירה בנדיקטינר דונקל פחית רביעייה,מיליליטרים,2000.00,"100 מ""ל",false,6,34.90,1.7450,true,1,158525
4052197005272,false,בירה בנדיקטינר לאגר,,,בירה בנדיקטינר לאגר פחית 500 מל,מיליליטרים,500.00,"100 מ""ל",false,24,9.90,1.9800,true,1,159808
4054500101008,false,בירה אייל חיטה 5.3%,,,בירה אייל חיטה 5.3% אפוסטל ברו פח 500 מל,מיליליטרים,500.00,"100 מ""ל",false,24,7.90,1.5800,true,1,159189
4054500101305,false,בירה אייל חיטה 5.3%,,,בירה אייל חיטה 5.3% אפוסטל ברו בק 500 מל,מיליליטרים,500.00,"100 מ""ל",false,20,8.90,1.7800,true,1,159190
4054500114015,false,בירה אפוסטל בראון לא,,,"בירה אפוסטל בראון לאגר פח"" 500 מל",מיליליטרים,500.00,"100 מ""ל",false,1,7.90,1.5800,true,1,126645
4054500121372,false,בירה קראפט רד 500 מל,,,בירה קראפט רד 500 מל,מיליליטרים,500.00,"100 מ""ל",false,24,10.90,2.1800,true,1,159193
4054500121389,false,בירה קראפט 500 מל,,,בירה קראפט 500 מל,מיליליטרים,500.00,"100 מ""ל",false,24,10.90,2.1800,true,1,159192
4054500140434,false,בירה קראפט 500 מל,,,בירה קראפט 500 מל,מיליליטרים,500.00,"100 מ""ל",false,24,10.90,2.1800,true,1,163605
4054500527853,false,בירה דורלאכר חוף 500,מבשלת איכבאום,,"בירה דורלאכר חוף 500 מ""ל",מיליליטרים,500.00,"100 מ""ל",false,1,7.90,1.5800,true,1,142061
4056489379508,false,ביסקוויט סנדוויץ קרם,,,ביסקוויט סנדוויץ קרם חלב קונטיננטל 250,גרמים,250.00,100 גרם,false,15,7.90,3.1600,true,1,168998
4061445096689,false,קפה דוידוף אספרסו 57,דוידוף,,קפה דוידוף אספרסו 57 100 גרם,גרמים,100.00,100 גרם,false,1,22.90,22.9000,true,1,157625
4061445096702,false,קפה דוידוף פיין ארומ,דוידוף,,קפה דוידוף פיין ארומה 100 גרם,גרמים,100.00,100 גרם,false,1,22.90,22.9000,true,1,157624
4061445096726,false,קפה דוידוף ריץ ארומה,דוידוף,,קפה דוידוף ריץ ארומה 100 גרם,גרמים,100.00,100 גרם,false,1,22.90,22.9000,true,1,157623
4062400115483,false,טקילה סיארה סילבר 70,,,"טקילה ""סיארה"" סילבר",מיליליטרים,700.00,"100 מ""ל",false,1,94.90,13.5571,true,1,123122
4062400543125,false,טקילה סיארה זהב 700,,,"טקילה ""סיארה"" רפוסאד",מיליליטרים,700.00,"100 מ""ל",false,1,94.90,13.5571,true,1,123124
4063387464144,false,בובת ארנב נו פוגודי,,,בובת נמר עם שק מתנות 20 סמ,Unknown,0.00,Unknown,false,1,59.90,0.0000,true,1,167078
4063387464168,false,בובת ארנב עם גזר רגל,,,בובת נמר יושב 20 סמ במגוון צבעים,Unknown,0.00,Unknown,false,1,19.90,0.0000,true,1,167074
4063387464175,false,בובת ארנבון שוכב פפי,,,בובת נמר עיניים גדולות במגוון צבעים,Unknown,0.00,Unknown,false,1,24.90,0.0000,true,1,167077
4066600601920,false,בירה פאולנר לא מסונן,,,"בירה פאולנר לא מסונן פח 500 מ""ל",מיליליטרים,500.00,"100 מ""ל",false,1,10.90,2.1800,true,1,155920
4066600612049,false,בירה פאולנר בק 500 מ,,,"בירה פאולנר בק 500 מ""ל",מיליליטרים,500.00,"100 מ""ל",false,1,11.90,2.3800,true,1,138088
4066600999614,false,בירה פאולנר בק 500 מ,,,"בירה פאולנר בק 500 מ""ל",מיליליטרים,500.00,"100 מ""ל",false,1,11.90,2.3800,true,1,135608
4067700014849,false,ליקר ייגרייסטר 700 מ,יגרמייסטר,,"ליקר ייגרמייסטר 700 מ""ל כשר",מיליליטרים,700.00,"100 מ""ל",false,1,89.90,12.8429,true,1,133744
4072700001089,false,בירה ספאטן אוקטוברפס,Franziskaner,,בירה ספאטן אוקטוברספט 500 מל,מיליליטרים,500.00,"100 מ""ל",false,1,10.90,2.1800,true,1,158726
4072700001188,false,בירה פרנסיסקנר כהה ב,Franziskaner,,"בירה פרנסיסקנר דנקל 500 מ""ל",מיליליטרים,500.00,"100 מ""ל",false,1,11.90,2.3800,true,1,123127
4072700003649,false,בירה פרנסיסקנר בהירה,Franziskaner,,בירה פרנסיסקנר 500 מל,מיליליטרים,500.00,"100 מ""ל",false,1,11.90,2.3800,true,1,123131
4084500065536,false,קרם לחות פנטן מוגברת,,,קרם לחות פנטן מוגברת 300מל,מיליליטרים,300.00,"100 מ""ל",false,1,19.90,6.6333,true,1,129738
4084500065598,false,קרם לחות פנטן לתלתלי,,,קרם לחות פנטן לתלתלים מושלמים 300מל,מיליליטרים,300.00,"100 מ""ל",false,1,19.90,6.6333,true,1,134691
4084500853553,false,נוזל כלים פיירי אורי,פרוקטר אנד גמבל,,"נוזל כלים פיירי אוריגינל 650 מ""ל",מיליליטרים,650.00,"100 מ""ל",false,1,9.90,1.5231,true,1,130751
4084500853898,false,נוזל כלים פיירי אלוו,פרוקטר אנד גמבל,,"נוזל כלים פיירי אלוורה 515 מ""ל",מיליליטרים,515.00,"100 מ""ל",false,1,9.90,1.9223,true,1,130749
4100130924002,false,בירה בקס ללא אלכוהול,,,בירה בקס ללא אלכוהול 275 מל שישייה,מיליליטרים,1650.00,"100 מ""ל",false,4,27.90,1.6909,true,1,162105
4100130937163,false,בירה בקס 275 מל שישי,בקס,,"בירה בקס 275 מ""ל שישייה",מיליליטרים,1650.00,"100 מ""ל",false,1,29.90,1.8121,true,1,131260
4101540707353,false,עוגת סטולן קלאסי 500,,,עוגת סטולן קלאסי 500 גר,גרמים,500.00,100 גרם,false,1,27.90,5.5800,true,1,174699
4101540707933,false,עוגת שטולן עשירה עם,,,עוגת שטולן עשירה עם מרציפן 450 גר,גרמים,450.00,100 גרם,false,10,29.90,6.6444,true,1,153688
4101540710919,false,עוגת סטולן מרציפן 50,,,עוגת סטולן מרציפן 500 גר,גרמים,500.00,100 גרם,false,1,27.90,5.5800,true,1,174698
4101540719103,false,עוגת שטולן עם מרציפן,,,עוגת שטולן עם מרציפן ודובדבנים 700 גר,גרמים,700.00,100 גרם,false,7,42.90,6.1286,true,1,161604
4101540773655,false,עוגת שטולן מרציפן 18,,,עוגת שטולן מרציפן 180 גר,גרמים,180.00,100 גרם,false,1,15.90,8.8333,true,1,174433
4101540775413,false,עוגת שטולן עשירה עם,,,עוגת שטולן עשירה עם מרציפן 950 גר,גרמים,950.00,100 גרם,false,6,46.90,4.9368,true,1,161609
4101940131628,false,בירה סטפאנס בראו ווי,מבשלת איכבאום,,"בירה סטפאנס בראו וויסבר 500 מ""ל",מיליליטרים,500.00,"100 מ""ל",false,1,7.90,1.5800,true,1,142064
4101940426823,false,בירה אפוסטל בראון חז,,,"בירה אפוסטל בראון חזק פח"" 500 מ""ל",מיליליטרים,500.00,"100 מ""ל",false,1,7.90,1.5800,true,1,126646
4102430013615,false,בירה ביטבורגר 330 מל,,,"בירה ביטבורגר 330 מ""ל שישייה",מיליליטרים,1980.00,"100 מ""ל",false,1,39.90,2.0152,true,1,135533
4102430310615,false,בירה ביטבורגר ללא אל,,,"בירה ביטבורגר דרייב בק 330 מ""ל שישייה",מיליליטרים,1980.00,"100 מ""ל",false,1,45.90,2.3182,true,1,153479
4105120623941,false,בירה ווינשטפן בק 500,,,"בירה ווינשטפן בק 500 מ""ל",מיליליטרים,500.00,"100 מ""ל",false,1,11.90,2.3800,true,1,137708
4105120624412,false,בירה ויינשטפן ויטוס,,,"בירה וינשטפן ויטוס בק 500 מ""ל",מיליליטרים,500.00,"100 מ""ל",false,1,11.90,2.3800,true,1,150376
4260007240502,false,ממרח חצילים 680 גר,אולן,BG,ממרח חצילים 680 גר,גרמים,680.00,100 גרם,false,1,18.90,2.7794,true,1,123143
4260007240519,false,ממרח קישואים 680 גר,אולן,BG,ממרח קישואים 680 גר,גרמים,680.00,100 גרם,false,1,18.90,2.7794,true,1,123144
4260147890551,false,אטריות ביצים בינוניו,,,אטריות ביצים בינוניות אותנטי 500 גר,גרמים,500.00,100 גרם,false,1,11.90,2.3800,true,1,146420
4560198160055,false,צנון יפני טקואן 500,Qingdao Sun-growing,,צנון יפני טקואן 500 גר,גרמים,500.00,100 גרם,false,1,24.90,4.9800,true,1,123152
4600068009043,false,קוואס אוצקובסקויה 2,,,קוואס אוצקובסקויה 2 ל,ליטרים,2.00,ליטר,false,1,24.90,12.4500,true,1,127065
4600068009883,false,קוואס אוצקובסקויה 50,,,"קוואס אוצקובסקויה 500 מ""ל",מיליליטרים,500.00,"100 מ""ל",false,1,8.90,1.7800,true,1,123153
4600080279691,false,מבחר ממתקי שוקולד וק,,,מבחר ממתקי שוקולד וקרמל קונפטה 350 גר,גרמים,350.00,100 גרם,false,10,34.90,9.9714,true,1,145373
4600080279790,true,מבחר ממתקי שוקולד וק,,,מבחר ממתקי שוקולד וקרמל 701 גר,גרמים,701.00,100 גרם,false,6,79.90,11.3980,true,1,167932
4600080298470,false,שוקולד חלב אליונקה א,קרסניי אוקטברי,,שוקולד חלב אליונקה אגוזי לוז 90 גר,גרמים,90.00,100 גרם,false,15,7.90,8.7778,true,1,160805
4600080501013,false,וופל קורובקה בטעם חל,רוט פרונט,,וופל קורובקה בטעם חלב 250 גר,גרמים,250.00,100 גרם,false,1,15.90,6.3600,true,1,130913
4600080501037,false,וופל קורובקה מצופה ש,רוט פרונט,,וופל קורובקה מצופה שוקולד 250 גר,גרמים,250.00,100 גרם,false,1,15.90,6.3600,true,1,130914
4600080501075,false,וופלים ממולאים בטעם,רוט פרונט,,וופלים ממולאים בטעם ריבת חלב 150גר,גרמים,150.00,100 גרם,false,1,9.90,6.6000,true,1,128206
4600080501082,false,וופלים ממולאים עם קק,רוט פרונט,,וופלים ממולאים עם קקאו 150גר,גרמים,150.00,100 גרם,false,1,9.90,6.6000,true,1,128207
4600300000739,false,קקאו זולוטוי ירליק 1,קרסניי אוקטברי,,"קקאו ""זולוטוי ירליק"" 100 גר",גרמים,100.00,100 גרם,false,1,11.90,11.9000,true,1,123156
4600300071067,false,שוקולד מישקה קוסולפי,קרסניי אוקטברי,,"שוקולד ""מישקה קוסולו",גרמים,75.00,100 גרם,false,1,7.90,10.5333,true,1,123157
4600300071180,false,שוקולד מריר 80% קקאו,קרסניי אוקטברי,,שוקולד מריר 80% קקאו,גרמים,75.00,100 גרם,false,1,7.90,10.5333,true,1,123158
4600300079865,false,בונ חלב ציפור 200 גר,קרסניי אוקטברי,,בונ חלב ציפור 200 גר,גרמים,200.00,100 גרם,false,1,16.90,8.4500,true,1,123162
4600300080014,false,חטיף שוקולד אליונקה,קרסניי אוקטברי,,חטיף שוקולד אליונקה ריבת חלב 48 גר,גרמים,48.00,100 גרם,false,1,4.90,10.2083,true,1,123163
4600521002611,false,קוניאק קווינט *5 500,KVINT,,קוניאק קווינט *5 500,מיליליטרים,500.00,"100 מ""ל",false,1,64.90,12.9800,true,1,127054
4600528345629,false,מיונז פרובנסל 800 גר,,,מיונז פרובנסל 800 גר,גרמים,800.00,100 גרם,false,1,24.90,3.1125,true,1,134170
4600528347289,false,מיונז ריאבה פרובנסל,,,מיונז ריאבה פרובנסל 200 גר,גרמים,200.00,100 גרם,false,1,6.90,3.4500,true,1,155389
4600528347296,false,מיונז ריאבה זיתים 20,,,מיונז ריאבה זיתים 200 גר,גרמים,200.00,100 גרם,false,1,6.90,3.4500,true,1,155388
4600528357967,false,רוטב אסטוריה לתפוא 2,ניז'גורודסקי,,"רוטב אסטוריה לתפו""א 200 גר",גרמים,200.00,100 גרם,false,6,9.90,4.9500,true,1,161840
4600528357981,false,רוטב אסטוריה המבורגר,ניז'גורודסקי,,רוטב אסטוריה המבורגר 200 גר,גרמים,200.00,100 גרם,false,6,9.90,4.9500,true,1,161839
4600528359060,false,רוטב אסטוריה בצל עם,ניז'גורודסקי,,רוטב אסטוריה בצל עם שמנת 233 גר,גרמים,233.00,100 גרם,false,16,9.90,4.2489,true,1,158657
4600528359077,false,רוטב אסטוריה שום שמנ,ניז'גורודסקי,,רוטב אסטוריה שום שמנת 233 גר,גרמים,233.00,100 גרם,false,16,9.90,4.2489,true,1,158660
4600528359084,false,רוטב אסטוריה שמנת פט,ניז'גורודסקי,,רוטב אסטוריה שמנת פטריות 233 גר,גרמים,233.00,100 גרם,false,16,9.90,4.2489,true,1,158658
4600528359091,false,רוטב אסטוריה סנדוויץ,,,רוטב אסטוריה סנדוויץ 200 גר,גרמים,200.00,100 גרם,false,1,9.90,4.9500,true,1,163411
4600528359107,false,רוטב אסטוריה בטעם גב,ניז'גורודסקי,,רוטב אסטוריה בטעם גבינה 233 גר,גרמים,233.00,100 גרם,false,16,9.90,4.2489,true,1,158659
4600528359114,false,רוטב אסטוריה צסר גבי,ניז'גורודסקי,,רוטב אסטוריה צסר גבינה 233 גר,גרמים,233.00,100 גרם,false,16,9.90,4.2489,true,1,158656
4600545031031,false,אטריות להכנה מהירה ע,,RU,איטריות להכנה מהירה,גרמים,75.00,100 גרם,false,24,6.90,9.2000,true,1,150721
4600545033035,false,אטריות להכנה מהירה ב,,RU,איטריות להכנה מהירה,גרמים,75.00,100 גרם,false,24,6.90,9.2000,true,1,150722
4600545035039,false,אטריות להכנה מהירה פ,,RU,איטריות להכנה מהירה,גרמים,75.00,100 גרם,false,24,6.90,9.2000,true,1,150723
4600545833239,false,מרק אטריות כוס מרק ע,,RU,מרק אטריות כוס מרק עוף 50 גר,גרמים,50.00,100 גרם,false,24,5.90,11.8000,true,1,150728
4600545833246,false,מרק אטריות כוס מרק ב,,RU,מרק אטריות כוס מרק בקר 50 גר,גרמים,50.00,100 גרם,false,24,5.90,11.8000,true,1,150727
4600545833253,false,מרק אטריות כוס מרק פ,,RU,מרק אטריות כוס מרק פטריות 50 גר,גרמים,50.00,100 גרם,false,24,5.90,11.8000,true,1,150729
4600659010854,false,וודקה סטולי אדום 700,אס פי אי,,וודקה סטולי אדום 700,מיליליטרים,700.00,"100 מ""ל",false,1,54.90,7.8429,true,1,123168
4600682009450,false,בירה בלטיקה 9 450 מל,BALTIKA,,"בירה בלטיקה 9 450 מ""ל",מיליליטרים,450.00,"100 מ""ל",false,1,9.90,2.2000,true,1,134367
4600682023128,false,בירה גורקובסקיה חזקה,,,בירה גורקובסקיה חזקה לא מסוננת 440 מל,מיליליטרים,440.00,"100 מ""ל",false,1,8.90,2.0227,true,1,172998
4600682023524,false,בירה גורקובסקיה בוהמ,,,בירה גורקובסקיה בוהמיין לא מסוננת 440 מל,מיליליטרים,440.00,"100 מ""ל",false,1,8.90,2.0227,true,1,173000
4600682023654,false,בירה גורקובסקיה וויז,,,בירה גורקובסקיה וויזאן לא מסוננת 440 מל,מיליליטרים,440.00,"100 מ""ל",false,1,8.90,2.0227,true,1,172999
4600682191476,false,בירה בלטיקה 5 470 מל,BALTIKA,,"בירה בלטיקה 5 470 מ""ל",מיליליטרים,470.00,"100 מ""ל",false,1,9.90,2.1064,true,1,134371
4600682401476,false,בירה בלטיקה 0 ללא אל,BALTIKA,,בירה בלטיקה 0 ללא אלכוהול,מיליליטרים,470.00,"100 מ""ל",false,1,7.90,1.6809,true,1,134368
4600682407478,false,בירה בלטיקה 7 470 מל,BALTIKA,,"בירה בלטיקה 7 470 מ""ל",מיליליטרים,470.00,"100 מ""ל",false,1,9.90,2.1064,true,1,134369
4600699502494,false,שמן חמניות סלובודה מ,,,"שמן חמניות ""סלובודה"" מזוכך 1.8 ל",ליטרים,1.80,ליטר,false,1,29.90,16.6111,true,1,127347
4600699505518,false,מיונז סלובודה פרובנס,,,מיונז סלובודהפרובנסל 67% 375 גר,גרמים,375.00,100 גרם,false,1,11.90,3.1733,true,1,129367
4600699505525,false,מיונז סלובודה פרובנס,,,"מיונז סלובודה פרובנסל 67% 800 מ""ל",מיליליטרים,800.00,"100 מ""ל",false,1,19.90,2.4875,true,1,141414
4600699505532,false,מיונז סלובודה פרובנס,,,"מיונז ""סלובודה"" פרובנסל 67 % 800 מל",מיליליטרים,800.00,"100 מ""ל",false,1,19.90,2.4875,true,1,127348
4600699505563,false,מיונז סלובודה פרובנס,,,מיונז סלובודהפרובנסל זיתים 67% 400מל,גרמים,375.00,100 גרם,false,1,11.90,3.1733,true,1,129368
4600699505570,false,מיונז סלובודה פרובנס,,,"מיונז סלובודה פרובנסל זיתים 67% 800 מ""ל",מיליליטרים,800.00,"100 מ""ל",false,1,19.90,2.4875,true,1,141415
4600699505587,false,מיונז סלובודה בטעם ז,,,"מיונז ""סלובודה"" בטעם זיתים 67 % 800 מל",מיליליטרים,800.00,"100 מ""ל",false,1,19.90,2.4875,true,1,127349
4600699506911,false,רוטב תיבול בטעם שום,,,רוטב תיבול בטעם שום סלובודה 217 גר,גרמים,217.00,100 גרם,false,1,9.90,4.5622,true,1,169127
4600699507277,false,רוטב תיבול בטעם גבינ,,,רוטב תיבול בטעם גבינה סלובודה 217 גר,גרמים,217.00,100 גרם,false,1,9.90,4.5622,true,1,169128
4600699507352,false,רוטב תיבול בטעם פטרי,,,רוטב תיבול בטעם פטריות סלובודה 217 גר,גרמים,217.00,100 גרם,false,1,9.90,4.5622,true,1,169129
4600699508502,false,רוטב תיבול בטעם חרדל,,,רוטב תיבול בטעם חרדל סלובודה 217 גר,גרמים,217.00,100 גרם,false,1,9.90,4.5622,true,1,169131
4600699512363,false,מיונז פרובנסל סלובוד,,,מיונז פרובנסל סלובודה ביצי שליו 750 גר,גרמים,750.00,100 גרם,false,1,19.90,2.6533,true,1,166494
4600823009059,false,שוקולד ודוחנובניה קל,,,שוקולד ודוחנובניה קלאסי 100 גר,גרמים,100.00,100 גרם,false,1,9.90,9.9000,true,1,123176
4600823093010,false,שוקולד בבייבסקי מריר,בבייבסקי,,שוקולד בבייבסקי מריר,גרמים,100.00,100 גרם,false,1,8.90,8.9000,true,1,123179
4600823094017,false,שוקולד בבייבסקי פונד,בבייבסקי,,שוקולד בבייבסקי פונד,גרמים,100.00,100 גרם,false,1,8.90,8.9000,true,1,123180
4600823122017,false,שוקולד בבייבסקי אליט,בבייבסקי,,שוקולד בבייבסקי אליטני 75% 100 גר,גרמים,100.00,100 גרם,false,1,8.90,8.9000,true,1,123181
4600823125018,false,שוקולד באבייבסקי אור,,,שוקולד באבייבסקי אוריגינל 100 גר,גרמים,100.00,100 גרם,false,1,8.90,8.9000,true,1,138515
4600823143005,false,שוקולד בבייבסקי מריר,בבייבסקי,,שוקולד בבייבסקי מריר 100 גר,גרמים,100.00,100 גרם,false,1,8.90,8.9000,true,1,123183
4600823174016,false,שוקולד חלב אליונקה 1,בבייבסקי,,"שוקולד ""אליונקה"" חלב",גרמים,100.00,100 גרם,false,1,7.90,7.9000,true,1,123186
4600823179011,false,שוקולד מריר בבאיבסקי,בבייבסקי,,"שוקולד ""בבייבסקי"" פו",גרמים,100.00,100 גרם,false,1,8.90,8.9000,true,1,123187
4600823193109,false,שוקולד בבייבסקי שזיפ,,,שוקולד באבייבסקי חתיכות שזיפים מיובשים,גרמים,100.00,100 גרם,false,1,8.90,8.9000,true,1,138517
4600823197152,false,שוקולד אטרשיון שקדים,בבאיבסקי,,שוקולד אטרשיון שקדים 100 גר,גרמים,100.00,100 גרם,false,1,8.90,8.9000,true,1,130527
4600823197213,false,שוקולד דרקס אליטני 7,בבייבסקי,,שוקולד דרקס אליטני 75% 100גר,גרמים,100.00,100 גרם,false,1,8.90,8.9000,true,1,129127
4600823197244,false,שוקולד דרקס עם שקדים,בבייבסקי,,שוקולד דרקס עם שקדים ותפוזים 100גר,גרמים,100.00,100 גרם,false,1,11.90,11.9000,true,1,128204
4600823201033,false,בונבוניירות ודוחנובנ,בבייבסקי,,בונבוניירות ודוחנובניה 400 גר,גרמים,400.00,100 גרם,false,8,44.90,11.2250,true,1,149582
4600851005429,false,חרדל 100 גר,,,חרדל 100 גרם,גרמים,100.00,100 גרם,false,1,5.90,5.9000,true,1,123192
4600851005443,false,חרדל עם חזרת 100 גר,Moskovskiy Zirovoy K,,חרדל עם חזרת 100 גר,גרמים,100.00,100 גרם,false,1,5.90,5.9000,true,1,123193
4600851008758,false,חרדל 195 גר,,,חרדל 195 גרם,גרמים,195.00,100 גרם,false,1,7.90,4.0513,true,1,129840
4600851010669,false,מיונז פרובנסל 450 מל,סולנצ'ניי פרודוקטי,,"מיונז ""פרובנסל"" 450 מל",מיליליטרים,450.00,"100 מ""ל",false,1,14.90,3.3111,true,1,127111
4600851010676,false,מיונז פרובנסל 850 מל,סולנצ'ניי פרודוקטי,,"מיונז ""פרובנסל"" 850 מל",מיליליטרים,850.00,"100 מ""ל",false,1,26.90,3.1647,true,1,127110
4600851011185,false,חרדל עם דבש 100 גר,Moskovskiy Zirovoy K,,חרדל עם דבש 100 גר,גרמים,100.00,100 גרם,false,1,5.90,5.9000,true,1,130543
4600851011567,false,מיונז קלאסי 700 מל,סולנצ'ניי פרודוקטי,,מיונז קלאסי 700 מל,מיליליטרים,700.00,"100 מ""ל",false,1,17.90,2.5571,true,1,131928
4600851011604,false,מיונז פרובנסל זיתים,סולנצ'ניי פרודוקטי,,"מיונז ""פרובנסל"" זיתים 390 גר",גרמים,390.00,100 גרם,false,1,10.90,2.7949,true,1,131926
4600851013288,false,מיונז מוסקובסקי קלאס,Moskovskiy Zirovoy K,,"מיונז מוסקובסקי קלאסי דלי 800 מ""ל",מיליליטרים,800.00,"100 מ""ל",false,1,21.90,2.7375,true,1,142879
4600851014537,false,מיונז פרובנסל קלאסיק,סולנצ'ניי פרודוקטי,,"מיונז פרובנסל קלאסיק 400 מ""ל",מיליליטרים,400.00,"100 מ""ל",false,20,10.90,2.7250,true,1,153426
4600851014544,false,מיונז קלאסי 200 מל,סולנצ'ניי פרודוקטי,,"מיונז קלאסי 200 מ""ל",מיליליטרים,200.00,"100 מ""ל",false,40,5.90,2.9500,true,1,152215
4600874000623,false,תמצית ציקורי נמס טבע,,,תמצית ציקורי נמס טבעי 100 גר,גרמים,100.00,100 גרם,false,1,20.90,20.9000,true,1,143727
4600893900805,false,וודקה גרין מארק 700,TOPAZ,,"וודקה ""זליוניה מרקה""",מיליליטרים,700.00,"100 מ""ל",false,1,59.90,8.5571,true,1,123194
4600893900997,false,וודקה זליניה מרקה קד,TOPAZ,,וודקה זליניה מרקה קדרוביאה 0.7ל,מיליליטרים,700.00,"100 מ""ל",false,1,59.90,8.5571,true,1,123196
4600935020331,false,כוסמת אלטאי 800 גר,,,כוסמת אלטאי 800 גר,גרמים,800.00,100 גרם,false,1,15.90,1.9875,true,1,173706
4601021046051,false,וופל ארטק פלוס 225 ג,פנזה,,וופל ארטק פלוס 225 גר,גרמים,225.00,100 גרם,false,1,8.90,3.9556,true,1,162785
4601021048772,false,דובשניות ממולאות בטע,,,דובשניות ממולאות בטעם חמוציות 300 גר,גרמים,300.00,100 גרם,false,1,9.90,3.3000,true,1,166143
4601021049342,false,וופל ארטק 200 גר,,,וופל ארטק 200 גר,גרמים,200.00,100 גרם,false,1,7.90,3.9500,true,1,139919
4601021050225,false,דובשניות עם חלב מרוכ,,,דובשניות עם חלב מרוכז מבושל 300 גר,גרמים,300.00,100 גרם,false,1,9.90,3.3000,true,1,138803
4601021053387,false,דובשניות ממולאות בטע,,,דובשניות ממולאות בטעם דומדמניות שחורות,גרמים,300.00,100 גרם,false,1,9.90,3.3000,true,1,166159
4601021054865,false,ממתק סופלה בטעם לימו,,,ממתק סופלה בטעם לימון בציפוי שוקולד 200,גרמים,200.00,100 גרם,false,1,19.90,9.9500,true,1,166148
4601021054872,false,ממתק סופלה בטעם שוקו,,,ממתק סופלה בטעם שוקולדבציפוי שוקולד 200,גרמים,200.00,100 גרם,false,1,19.90,9.9500,true,1,166151
4601021055503,true,מבחר ממתקי שוקולד וק,,,מבחר ממתקי שוקולד וקרמל 800 גר,גרמים,800.00,100 גרם,false,3,94.90,11.8625,true,1,167933
4601513007997,false,רולדה קורובקה בטעם ח,יוז'נואורלקונדיטר,,רולדה קורובקה בטעם חלב מבושל 200גר,גרמים,200.00,100 גרם,false,1,9.90,4.9500,true,1,129566
4601513008253,false,ביסקוויט אליונקה בטע,,,ביסקוויט אליונקה בטעם קרם שוקולד 240 גר,גרמים,240.00,100 גרם,false,1,16.90,7.0417,true,1,123215
4601513012342,false,רולדה יגודה בטעם פטל,,,רולדה יגודה בטעם פטל 200 גר,גרמים,200.00,100 גרם,false,1,9.90,4.9500,true,1,139794
4601576004025,false,רוטב תיבול בטעם זיתי,OAO ZHIROVOY KOMBINA,,רוטב תיבול בטעם זיתים מצטה חוזייקי 480 מל,מיליליטרים,480.00,"100 מ""ל",false,1,12.90,2.6875,true,1,126366
4601576004032,false,רוטב תיבול בטעם זיתי,OAO ZHIROVOY KOMBINA,,רוטב תיבול בטעם זיתים מצטה חוזייקי 900 מל,מיליליטרים,900.00,"100 מ""ל",false,1,19.90,2.2111,true,1,126364
4601576004094,false,רוטב תיבול פרובנסל מ,OAO ZHIROVOY KOMBINA,,רוטב תיבול פרובנסל מצטה חוזייקי קלאסי 480 מל,מיליליטרים,480.00,"100 מ""ל",false,1,12.90,2.6875,true,1,126365
4601576004100,false,רוטב תיבול פרובנסל ק,OAO ZHIROVOY KOMBINA,,רוטב תיבול פרובנסל קלאסי מצטה חוזייקי 900 מל,מיליליטרים,900.00,"100 מ""ל",false,1,19.90,2.2111,true,1,126363
4601576009839,false,רוטב תיבול עם שמנת מ,OAO ZHIROVOY KOMBINA,,רוטב תיבול עם שמנת מצטה חוזייקי 900 מל,מיליליטרים,900.00,"100 מ""ל",false,1,19.90,2.2111,true,1,164194
4601576010101,false,רוטב תיבול עם ביצי ש,,,רוטב תיבול עם ביצי שליו מצטה חוזייקי,מיליליטרים,900.00,"100 מ""ל",false,1,19.90,2.2111,true,1,166139
4601576010170,false,רוטב תיבול עם ביצי ש,OAO ZHIROVOY KOMBINA,,רוטב תיבול עם ביצי שליו מצטה חוזייקי,מיליליטרים,480.00,"100 מ""ל",false,1,12.90,2.6875,true,1,166140
4601619000625,false,אבקת חרדל סארפתה 400,צרפתה,,אבקת חרדל סארפתה 400 גר,גרמים,400.00,100 גרם,false,21,11.90,2.9750,true,1,150018
4601713000873,false,קרקר ולשבני קליידוסק,,,קרקר ולשבני קליידוסקופ 400 גר,גרמים,400.00,100 גרם,false,1,11.90,2.9750,true,1,166144
4601713001054,false,קרקר בטעם גבינה בצור,,,קרקר בטעם גבינה בצורת דגים 400 גר,גרמים,400.00,100 גרם,false,1,11.90,2.9750,true,1,166155
4601713001702,false,דובשנית טולסקיי פריא,טולה,,דובשנית טולסקיי פריאניק פירות 140 גר,גרמים,140.00,100 גרם,false,1,6.90,4.9286,true,1,126448
4601713001719,false,דובשנית טולסקיי פריא,טולה,,דובשנית טולסקיי פריאניק חלב 140 גר,גרמים,140.00,100 גרם,false,1,6.90,4.9286,true,1,126449
4601713005755,false,מרמלד צודו יאגודה תפ,טולה,,"מרמלד ""צודו יאגודה"" תפוח תפוז מלון 250 ג",גרמים,250.00,100 גרם,false,1,8.90,3.5600,true,1,126227
4601713006813,false,קרקר וסיולי קליידוסק,,,קרקר וסיולי קליידוסקופ 400 גר,גרמים,400.00,100 גרם,false,1,11.90,2.9750,true,1,166154
4601713008190,false,דובשניות טולסקי פריא,,,דובשניות טולסקי פריאניק אוכמניות 140 גר,גרמים,140.00,100 גרם,false,22,6.90,4.9286,true,1,161057
4601713008206,false,דובשניות טולסקי פריא,,,דובשניות טולסקי פריאניק תפוז וקינמון 140,גרמים,140.00,100 גרם,false,22,6.90,4.9286,true,1,161059
4601728011079,false,וודקה חמישה אגמים 70,אומסקווינפרום,,"וודקה ""5 אגמים"" 0.7",מיליליטרים,700.00,"100 מ""ל",false,1,59.90,8.5571,true,1,123222
4601780000578,false,ספגטי דק מקפה 400 גר,MAKFA,,ספגטי דק מקפה 400 גר,גרמים,400.00,100 גרם,false,1,7.90,1.9750,true,1,128891
4601780002565,false,קמח מקפה חיטה 2 קג,MAKFA,,"קמח מקפה חיטה 2 ק""ג",קילוגרמים,2.00,"ק""ג",false,1,18.90,9.4500,true,1,123225
4601780002572,false,קמח חיטה 1 קג,מקפה,,"קמח חיטה 1 ק""ג",קילוגרמים,1.00,"ק""ג",false,1,9.90,9.9000,true,1,123226
4601780005399,false,כוסמת להכנה מהירה 80,מקפה,,כוסמת להכנה מהירה 800 גר,גרמים,800.00,100 גרם,false,1,16.90,2.1125,true,1,123227
4601780005429,false,אורז עגול 800 גר,,,אורז עגול 800 גר,גרמים,800.00,100 גרם,false,1,14.90,1.8625,true,1,141553
4601780005436,false,אפונה גרוסה 800 גר,מקפה,,אפונה גרוסה 800 גר,גרמים,800.00,100 גרם,false,1,9.90,1.2375,true,1,130376
4601780005443,false,דוחן 800 גר,מקפה,,דוחן 800 גר,גרמים,800.00,100 גרם,false,1,14.90,1.8625,true,1,123228
4601780005450,false,דגני חיטה ארטק 700 ג,מקפה,,דגני חיטה ארטק 700 גר,גרמים,700.00,100 גרם,false,1,11.90,1.7000,true,1,123229
4601780005689,false,אורז מאודה 800 גר,מקפה,,אורז מאודה 800 גרם,גרמים,800.00,100 גרם,false,1,12.90,1.6125,true,1,123230
4601780006211,false,סולת 700 גר,מקפה,,סולת 700 גר,גרמים,700.00,100 גרם,false,1,11.90,1.7000,true,1,123231
4601780006976,false,איטריות צדפות 400 גר,מקפה,,איטריות צדפות 400 גר,גרמים,400.00,100 גרם,false,1,7.90,1.9750,true,1,128240
4601780006990,false,אטריות ספירלות 400 ג,מקפה,,אטריות ספירלות 400 גר,גרמים,400.00,100 גרם,false,1,7.90,1.9750,true,1,128235
4601780007010,false,אטריות חלוזונות 400,מקפה,,אטריות חלוזונות 400 גר,גרמים,400.00,100 גרם,false,1,7.90,1.9750,true,1,128237
4601780007058,false,אטריות מסרקי תרנגול,מקפה,,אטריות מסרקי תרנגול 400 גר,גרמים,400.00,100 גרם,false,1,7.90,1.9750,true,1,130380
4601780007072,false,אטריות פיתולים 400 ג,מקפה,,אטריות פיתולים 400 גר,גרמים,400.00,100 גרם,false,1,7.90,1.9750,true,1,130379
4601780009861,false,אטריות קרנות 400 גר,מקפה,,אטריות קרנות 400 גר,גרמים,400.00,100 גרם,false,1,7.90,1.9750,true,1,128236
4601780009885,false,אטריות נוצות 400 גר,מקפה,,אטריות נוצות 400 גר,גרמים,400.00,100 גרם,false,1,7.90,1.9750,true,1,128238
4601780009922,false,אטריות צדפות 400 גר,מקפה,,אטריות צדפות 400 גר,גרמים,400.00,100 גרם,false,1,7.90,1.9750,true,1,128239
4601780010003,false,כוסמת 400 גר,מקפה,,כוסמת 400 גר,גרמים,400.00,100 גרם,false,1,10.90,2.7250,true,1,123234
4601780010089,false,אפונה 400 גר,מקפה,,אפונה 400 גר,גרמים,400.00,100 גרם,false,1,9.90,2.4750,true,1,130381
4601780010102,false,דוחן 400 גר,מקפה,,דוחן 400 גר,גרמים,400.00,100 גרם,false,1,8.90,2.2250,true,1,123236
4601780010126,false,גריסי חיטה פולטבסקיה,מקפה,,גריסי חיטה פולטבסקיה 80 גר חמישייה,גרמים,400.00,100 גרם,false,1,6.90,1.7250,true,1,123237
4601780010140,false,גריסי שעורה 400 גר,מקפה,,גריסי שעורה 400 גר,גרמים,400.00,100 גרם,false,1,9.90,2.4750,true,1,127706
4601780010508,false,אטריות ארוכות 400 גר,מקפה,,אטריות ארוכות 400 גר,גרמים,400.00,100 גרם,false,1,6.90,1.7250,true,1,128241
4601780010676,false,גריסי פנינה 400 גר,מקפה,,גריסי פנינה 400 גר,גרמים,400.00,100 גרם,false,1,9.90,2.4750,true,1,127705
4601780010690,false,גריסי פנינה 800 גר,מקפה,,גריסי פנינה 800 גר,גרמים,800.00,100 גרם,false,1,8.90,1.1125,true,1,127704
4601780010805,false,גריסי תירס 400 גר,מקפה,,גריסי תירס 400 גר,גרמים,400.00,100 גרם,false,1,7.90,1.9750,true,1,130378
4601780011048,false,אטריות טבעות 400 גר,מקפה,,אטריות טבעות 400 גר,גרמים,400.00,100 גרם,false,1,7.90,1.9750,true,1,160869
4602009007729,false,לש ארנה 300 גר,ARENA,,לש ארנה 300 גר,גרמים,300.00,100 גרם,false,1,25.90,8.6333,true,1,130959
4602009008399,false,דג ליבקית ארנה מיובש,ARENA,,דג ליבקית ארנה מיובש וממולח 150 גר,גרמים,150.00,100 גרם,false,1,27.90,18.6000,true,1,130960
4602009008412,false,דג קרפיון ארנה ללא ק,ARENA,,דג קרפיון ארנה ללא קרביים 150 גר,גרמים,150.00,100 גרם,false,1,18.90,12.6000,true,1,130962
4602009008443,false,דג קרפיון ארנה אדום,ARENA,,דג קרפיון ארנה אדום 150 גר,גרמים,150.00,100 גרם,false,1,18.90,12.6000,true,1,130961
4602009299742,false,זפיר בטעם וניל 420 ג,נבסקי קונדיטר,,זפיר בטעם וניל 420גר,גרמים,420.00,100 גרם,false,1,14.90,3.5476,true,1,128663
4602009299759,false,זפיר לבן ורוד 420 גר,נבסקי קונדיטר,,זפיר לבן ורוד 420גר,גרמים,420.00,100 גרם,false,1,14.90,3.5476,true,1,128662
4602009299766,false,זפיר קרם ברולה 420 ג,נבסקי קונדיטר,,זפיר קרם ברולה 420גר,גרמים,420.00,100 גרם,false,1,14.90,3.5476,true,1,128664
4602009299773,false,זפיר וניל מצופה שוקו,נבסקי קונדיטר,,זפיר וניל מצופה שוקולד 450גר,גרמים,450.00,100 גרם,false,1,15.90,3.5333,true,1,128665
4602041012736,false,מקלות תירס מתוקים 10,,,מקלות תירס מתוקים 100 גר,גרמים,100.00,100 גרם,false,1,8.90,8.9000,true,1,172243
4602112203612,false,חטיף תפוא בטעם בצל ו,,,"חטיף תפו""א בטעם בצל ושמנת חמוצה 70 גר",גרמים,70.00,100 גרם,false,1,7.90,11.2857,true,1,157633
4602112203636,false,חטיף תפוא בטעם גבינה,,,"חטיף תפו""א בטעם גבינה 70 גר",גרמים,70.00,100 גרם,false,1,7.90,11.2857,true,1,157634
4602112203674,false,חטיף תפוא בטעם בייקו,,,"חטיף תפו""א בטעם בייקון 70 גר",גרמים,70.00,100 גרם,false,1,7.90,11.2857,true,1,157635
4602112207726,false,חטיף תפוא בטעם סרטני,,,"חטיף תפו""א בטעם סרטנים 70 גר",גרמים,70.00,100 גרם,false,1,7.90,11.2857,true,1,157636
4602112212447,false,חטיף תפוא בטעם פטריו,,,"חטיף תפו""א בטעם פטריות יער ברוטב שמנת 60",גרמים,60.00,100 גרם,false,1,7.90,13.1667,true,1,157637
4602220000387,false,משקה מאלט חלבני 1.5,,,משקה מאלט חלבני 1.5 ל,ליטרים,1.50,ליטר,false,6,16.90,11.2667,true,1,160993
4602220000813,false,משקה מאלט דומשני 1.5,,,משקה מאלט דומשני 1.5 ל,ליטרים,1.50,ליטר,false,6,16.90,11.2667,true,1,160992
4602220003661,false,משקה מאלט שיפון 1.5,,,משקה מאלט שיפון 1.5 ל,ליטרים,1.50,ליטר,false,6,16.90,11.2667,true,1,160994
4602220005108,false,קוואס חלבני פחית 500,,,קוואס חלבני פחית 500 מל,מיליליטרים,500.00,"100 מ""ל",false,1,7.90,1.5800,true,1,170729
4602358003472,false,גלידה מגה בטעם וניל,ז'יטומרסקי זאבוד,,גלידה מגה בטעם וניל גביע 100 גר,גרמים,100.00,100 גרם,false,1,6.90,6.9000,true,1,170225
4602358003663,false,גלידת שמנת בטעם קרם,ז'יטומרסקי זאבוד,,גלידת שמנת בטעם קרם ברולה 100 גר,גרמים,100.00,100 גרם,false,1,6.90,6.9000,true,1,153662
4602358003670,false,גלידה מגה בטעם שוקול,ז'יטומרסקי זאבוד,,גלידה מגה בטעם שוקולד גביע 100 גר,גרמים,100.00,100 גרם,false,1,6.90,6.9000,true,1,170226
4602358003823,false,גלידה פלומביר בטעם ו,,,גלידה פלומביר בטעם וניל 400 גר,גרמים,400.00,100 גרם,false,1,28.90,7.2250,true,1,170254
4602358005346,false,גלידת שמנת בציפוי בט,ז'יטומרסקי זאבוד,,גלידת שמנת בציפוי בטעם שוקולד 90 גר,גרמים,90.00,100 גרם,false,1,6.90,7.6667,true,1,153663
4602358006909,false,שלגון גלידת שמנת בטע,ז'יטומרסקי זאבוד,,שלגון גלידת שמנת בטעם שוקולד שבבי קקאו,גרמים,70.00,100 גרם,false,1,6.90,9.8571,true,1,158320
4602441005093,false,משקה צירנוגולובקי בא,אקוואלייף,,משקה צירנוגולובקי באיקל 2ל,ליטרים,2.00,ליטר,false,1,16.90,8.4500,true,1,128259
4602441005109,false,משקה צירנוגולובקי דו,אקוואלייף,,משקה צירנוגולובקי דושס 2ל,ליטרים,2.00,ליטר,false,1,16.90,8.4500,true,1,128260
4602441005116,false,משקה צירנוגולובקי טר,אקוואלייף,,משקה צירנוגולובקי טרחון 2ל,ליטרים,2.00,ליטר,false,1,16.90,8.4500,true,1,128258
4602441011292,false,משקה מוגז בורטינו 50,CJSC AGUA,,"משקה מוגז בורטינו 500 מ""ל",מיליליטרים,500.00,"100 מ""ל",false,12,7.90,1.5800,true,1,144180
4602441014019,false,משקה מוגז למונד 500,CJSC AGUA,,"משקה מוגז למונד 500 מ""ל",מיליליטרים,500.00,"100 מ""ל",false,12,7.90,1.5800,true,1,144177
4602481010019,false,קמח חיטה לבן 1 קג,סויוזפישפרום,,קמח חיטה לבן 1קג,קילוגרמים,1.00,"ק""ג",false,1,12.90,12.9000,true,1,127230
4602481010026,false,קמח חיטה לבן 2 קג,סויוזפישפרום,,קמח חיטה לבן 2קג,קילוגרמים,2.00,"ק""ג",false,1,21.90,10.9500,true,1,127231
4602481010033,false,סולת 800 גר,סויוזפישפרום,,סולת 800גר,גרמים,800.00,100 גרם,false,1,12.90,1.6125,true,1,127233
4602481105128,false,תערובת צאר 7 דגנים 4,סיוז פישפרום,,תערובת צאר 7 דגנים 400 גר,גרמים,400.00,100 גרם,false,1,12.90,3.2250,true,1,131874
4602481107719,false,חטיף לחם מתערובת דגנ,דינמו ק מוסקבה,,חטיף לחם מתערובת דגנים 90 גר,גרמים,90.00,100 גרם,false,20,8.90,9.8889,true,1,149176
4602481107733,false,חטיף לחם שיפון עם סו,דינמו ק מוסקבה,,חטיף לחם שיפון עם סובין 90 גר,גרמים,90.00,100 גרם,false,20,8.90,9.8889,true,1,149178
4602481107740,false,חטיף לחם שיבולת שועל,דינמו ק מוסקבה,,חטיף לחם שיבולת שועל 90 גר,גרמים,90.00,100 גרם,false,20,8.90,9.8889,true,1,149177
4602481805264,false,שעורה 800 גר,סויוזפישפרום,,שעורה 800 גר,גרמים,800.00,100 גרם,false,1,9.90,1.2375,true,1,173523
4602486002057,false,וודקה בלנקאיה ללא גל,,,"וודקה בלנקאיה ללא גלוטן 700 מ""ל",מיליליטרים,700.00,"100 מ""ל",false,12,69.90,9.9857,true,1,156129
4602486002071,false,וודקה בלנקיה גולד 70,,,"וודקה בלנקיה גולד 700 מ""ל",מיליליטרים,700.00,"100 מ""ל",false,1,54.90,7.8429,true,1,153638
4602486002477,false,וודקה בלנקאיה אקסטרה,,,"וודקה בלנקאיה אקסטרה 700 מ""ל",מיליליטרים,700.00,"100 מ""ל",false,12,69.90,9.9857,true,1,155526
4603134002283,false,אפונה צאר יבש 800 גר,סיוז פישפרום,,אפונה צאר יבש 800 גר,גרמים,800.00,100 גרם,false,1,14.90,1.8625,true,1,131873
4603134002467,false,תערובת צאר 6 דגנים 4,סיוז פישפרום,,תערובת צאר 6 דגנים 400 גר,גרמים,400.00,100 גרם,false,1,12.90,3.2250,true,1,123248
4603134002801,false,דוחן 800 גר,סויוזפישפרום,,דוחן 800גר,גרמים,800.00,100 גרם,false,1,14.90,1.8625,true,1,127236
4603134003266,false,שבולת שועל 600 גר,סויוזפישפרום,,שבולת שועל 600גר,גרמים,600.00,100 גרם,false,1,11.90,1.9833,true,1,127234
4603400000043,false,וודקה רוסקי סטנדרט 7,RUSSIAN STANDART,,וודקה רוסקי סטנדרט 7,מיליליטרים,700.00,"100 מ""ל",false,1,54.90,7.8429,true,1,123250
4603400000180,false,וודקה רוסקי סטנדרט פ,RUSSIAN STANDART,,"וודקה ""רוסקי סטנדרט",מיליליטרים,700.00,"100 מ""ל",false,1,89.90,12.8429,true,1,123251
4603400000197,false,וודקה רוסקי סטנדרט 5,RUSSIAN STANDART,,וודקה רוסקי סטנדרט 5,מיליליטרים,500.00,"100 מ""ל",false,1,44.90,8.9800,true,1,123252
4603400001026,false,וודקה רוסקי סטנדרט ג,RUSSIAN STANDART,,וודקה רוסקי סטנדרט גולד 0.7,מיליליטרים,700.00,"100 מ""ל",false,1,79.90,11.4143,true,1,123253
4603514009277,false,גין באריסטר יבש 700,,,גין באריסטר יבש 700 מל,מיליליטרים,700.00,"100 מ""ל",false,6,84.90,12.1286,true,1,159576
4603552005606,false,פטריות יער יבשות 45,סיביר קלצאטקה,,פטריות יער יבשות 45 גר,גרמים,45.00,100 גרם,false,1,34.90,77.5556,true,1,140427
4603566907958,false,תבלינים סול מנות ראש,אגרואימפורט,,תבלינים סול מנות ראשונות 400 גר,גרמים,400.00,100 גרם,false,1,11.90,2.9750,true,1,136766
4603566908955,false,תבלינים סול שום ירוק,אגרואימפורט,,תבלינים סול שום ירוק 400 גר,גרמים,400.00,100 גרם,false,1,11.90,2.9750,true,1,136767
4603566921954,false,תבלינים סול 12 ירקות,אגרואימפורט,,תבלינים סול 12 ירקות 400 גר,גרמים,400.00,100 גרם,false,1,11.90,2.9750,true,1,136768
4603593012304,false,וופלים בטעם שמנת 200,,,וופלים בטעם שמנת 200 גר,גרמים,200.00,100 גרם,false,1,4.80,2.4000,true,1,171062
4603928000976,false,וודקה בלוגה 700 מל,סויוז,,"וודקה בלוגה 700 מ""ל",מיליליטרים,700.00,"100 מ""ל",false,1,135.90,19.4143,true,1,125449
4603955001830,false,שוקולד רוסקיי מריר 9,רוסקיי שוקולד,,שוקולד רוסקיי מריר 90 גר,גרמים,90.00,100 גרם,false,1,7.90,8.7778,true,1,123255
4603955001939,false,שוקולד רוסקיי מריר 9,רוסקיי שוקולד,,"שוקולד ""רוסקיי"" מריר 90 גר",גרמים,90.00,100 גרם,false,1,7.90,8.7778,true,1,123258
4604075032148,false,מיונז מיסטר ריקו פרו,,,"מיונז ""מיסטר ריקו"" פרובנסל 420 גר",גרמים,375.00,100 גרם,false,1,12.90,3.4400,true,1,130061
4604248000103,false,רוטב לסלט בטעם זיתים,אסן פרודקשן,,"מיונז ""מחייב"" זיתים",מיליליטרים,800.00,"100 מ""ל",false,1,18.90,2.3625,true,1,123259
4604248000349,false,רוטב לסלט פרובנסל 38,אסן פרודקשן,,"מיונז ""מחייב"" פרובנס",גרמים,380.00,100 גרם,false,1,11.90,3.1316,true,1,123260
4604248000554,false,רוטב לסלט פרובנסל מח,אסן פרודקשן,,"מיונז ""מחייב"" פרובנס",גרמים,800.00,100 גרם,false,1,18.90,2.3625,true,1,123261
4604248000844,false,מיונז עם שמן זית מחי,אסן פרודקשן,,"מיונז ""מחייב"" עם זיתים 380 גר",גרמים,380.00,100 גרם,false,1,11.90,3.1316,true,1,123262
4604248002671,false,רוטב לסלט פרובנסל מי,אסן פרודקשן,,"מיונז ""מחייב"" מיץ לי",גרמים,800.00,100 גרם,false,1,18.90,2.3625,true,1,123264
4604248003043,false,קטשופ שישליק 500 גר,אסן פרודקשן,,קטשופ שישליק 500גרם,גרמים,500.00,100 גרם,false,1,11.90,2.3800,true,1,123265
4604248003050,false,קטשופ צילי 500 גר,PRODEX,,קטשופ צילי 500 גרם,גרמים,500.00,100 גרם,false,1,11.90,2.3800,true,1,123266
4604248003067,false,קטשופ לצו 500 גר,אסן פרודקשן,,"קטשופ ""לצ""ו"" 500 גר",גרמים,500.00,100 גרם,false,1,11.90,2.3800,true,1,126728
4604248003081,false,רוטב לסלט עם ביצת של,אסן פרודקשן,,"מיונז ""מחייב"" על ביצ",גרמים,380.00,100 גרם,false,1,11.90,3.1316,true,1,123267
4604248003517,false,חרדל רוסקיה 140 גר,אסן פרודקשן,,"חרדל ""רוסקיה"" 140 גר",גרמים,140.00,100 גרם,false,1,4.90,3.5000,true,1,123269
4604248003845,false,קטשופ עגבניות 500 גר,אסן פרודקשן,,קטשופ עגבניות 500גרם,גרמים,500.00,100 גרם,false,1,11.90,2.3800,true,1,125383
4604248004316,false,ריבת אוכמניות 300 גר,אסן פרודקשן,,ריבת אוכמניות 300גר,גרמים,300.00,100 גרם,false,1,11.90,3.9667,true,1,128461
4604248005405,false,ריבת ענבי שועל 300 ג,אסן פרודקשן,,ריבת ענבי שועל 300גר,גרמים,300.00,100 גרם,false,1,11.90,3.9667,true,1,128459
4604248006204,false,ריבת תות 300 גר,אסן פרודקשן,,ריבת תות 300גר,גרמים,300.00,100 גרם,false,1,11.90,3.9667,true,1,129534
4604248006877,false,ריבת פטל 300 גר,אסן פרודקשן,,ריבת פטל 300גר,גרמים,300.00,100 גרם,false,1,12.90,4.3000,true,1,128460
4604248006914,false,ריבת מחייב פטל זכוכי,אסן פרודקשן,,ריבת מחייב פטל זכוכית 400 גר,גרמים,400.00,100 גרם,false,1,22.90,5.7250,true,1,140338
4604248006945,false,ריבת מחייב ענבי שועל,,,ריבת מחייב ענבי שועל בזכוכית 400 גר,גרמים,400.00,100 גרם,false,1,21.90,5.4750,true,1,141554
4604248006952,false,ריבת מחייב תות שדה ב,,,ריבת מחייב תות שדה בזכוכית 400 גר,גרמים,400.00,100 גרם,false,1,21.90,5.4750,true,1,160867
4604248007805,false,ריבת משמש 300 גר,,,ריבת משמש 300 גר,גרמים,300.00,100 גרם,false,1,11.90,3.9667,true,1,143089
4604248008635,false,ריבת מחייב אוכמניות,אסן פרודקשן,,ריבת מחייב אוכמניות זכוכית 400 גר,גרמים,400.00,100 גרם,false,1,21.90,5.4750,true,1,140337
4604248012601,false,חזרת 190 גר,אסן פרודקשן,,חזרת 190 גר,גרמים,190.00,100 גרם,false,1,9.90,5.2105,true,1,127768
4604248012618,false,חרדל רוסקיה 190 גר,אסן פרודקשן,,"חרדל ""רוסקיה"" 190 גר",גרמים,190.00,100 גרם,false,1,7.90,4.1579,true,1,127767
4604248013233,false,ריבת דובדבן 300 גר,אסן פרודקשן,,ריבת דובדבן 300גר,גרמים,300.00,100 גרם,false,1,11.90,3.9667,true,1,129535
4604248013240,false,ריבת פירות יער 300 ג,,,ריבת פירות יער 300 גר,גרמים,300.00,100 גרם,false,1,11.90,3.9667,true,1,143090
4604248014667,false,תערובת תבלינים תחמיץ,Maheev,,תערובת תבלינים תחמיץ לעוף בטעם חרדל 300,גרמים,300.00,100 גרם,false,1,7.90,2.6333,true,1,133188
4604248014674,false,תערובת תבלינים תחמיץ,Maheev,,תערובת תבלינים תחמיץ לשישליק 300 גר,גרמים,300.00,100 גרם,false,1,7.90,2.6333,true,1,133187
4604248014766,false,רוטב תיבול חריף אגיק,אסן פרודקשן,,רוטב תיבול חריף אגיקה 140 גר,גרמים,140.00,100 גרם,false,24,6.90,4.9286,true,1,140333
4604248014797,false,רוטב תיבול חריף אדזי,אסן פרודקשן,,רוטב תיבול חריף אדזיקה 190 גר,גרמים,190.00,100 גרם,false,1,9.90,5.2105,true,1,138095
4604248016197,false,תערובת תבלינים תחמיץ,Maheev,,תערובת תבלינים תחמיץ ברביקיו,גרמים,300.00,100 גרם,false,1,7.90,2.6333,true,1,137876
4604248016272,false,ריבת מחייב דובדבן זכ,אסן פרודקשן,,ריבת מחייב דובדבן זכוכית 400 גר,גרמים,400.00,100 גרם,false,1,21.90,5.4750,true,1,140339
4604248016289,false,ריבת מחייב פירות יער,אסן פרודקשן,,ריבת מחייב פירות יער זכוכית 400 גר,גרמים,400.00,100 גרם,false,1,21.90,5.4750,true,1,140336
4604248016876,false,ממתקי גלי מחייב בטעם,אסן פרודקשן,,ממתקי גלי מחייב בטעם פירות הדר 250 גר,גרמים,250.00,100 גרם,false,1,9.90,3.9600,true,1,140335
4604248016883,false,ממתקי גלי מחייב בטעם,אסן פרודקשן,,ממתקי גלי מחייב בטעם פירות שונים 250 גר,גרמים,250.00,100 גרם,false,1,9.90,3.9600,true,1,140334
4604248016920,false,ריבת מחייב אפרסק ומנ,אסן פרודקשן,,ריבת מחייב אפרסק ומנגו זכוכית 400 גר,גרמים,400.00,100 גרם,false,1,21.90,5.4750,true,1,156239
4604248018269,false,רוטב קיסר 200 גר,,,רוטב קיסר 200 גר,גרמים,200.00,100 גרם,false,1,7.90,3.9500,true,1,161746
4604248018276,false,רוטב בטעם גבינה 200,,,רוטב בטעם גבינה 200 גר,גרמים,200.00,100 גרם,false,1,7.90,3.9500,true,1,164104
4604248018283,false,רוטב בטעם שמנת חמוצה,,,רוטב בטעם שמנת חמוצה עם פטריות 200 גר,גרמים,200.00,100 גרם,false,1,7.90,3.9500,true,1,161745
4604248018290,false,רוטב בטעם שום ושמנת,,,רוטב בטעם שום ושמנת 200 גר,גרמים,200.00,100 גרם,false,1,7.90,3.9500,true,1,164105
4604248022709,false,רוטב לסלט עם ביצת של,אסן פרודקשן,,רוטב לסלט עם ביצת שליו מחייב 800 גר,גרמים,800.00,100 גרם,false,1,18.90,2.3625,true,1,153072
4604248024109,false,מרינדה אוניברסלית 30,Maheev,,מרינדה אוניברסלית 300 גר,גרמים,300.00,100 גרם,false,1,7.90,2.6333,true,1,164082
4605246003523,false,תה שחור גרינפילד גול,אורימי,,תה שחור גרינפילד גולדן ציילוני 25 שק,גרמים,50.00,100 גרם,false,1,11.90,23.8000,true,1,123286
4605246003585,false,תה ירוק גרינפילד סינ,אורימי,,תה ירוק גרינפילד סיני 25 שק,גרמים,50.00,100 גרם,false,1,11.90,23.8000,true,1,123288
4605246003738,false,תה ירוק גרינפילד יסמ,אורימי,,תה ירוק גרינפילד יסמין 25 שק,גרמים,50.00,100 גרם,false,1,11.90,23.8000,true,1,123289
4605246004261,false,תה גרינפילד גריי פנט,,,תה גרינפילד גריי פנטזי שחור 100 גר,גרמים,100.00,100 גרם,false,14,11.90,11.9000,true,1,160419
4605246004278,false,תה שחור גרינפילד ארל,אורימי,,תה שחור גרינפילד ארל גריי 25 שק,גרמים,50.00,100 גרם,false,1,11.90,23.8000,true,1,123290
4605246004322,false,תה גרינפילד תפוח וקי,אורימי,,תה גרינפילד תפוח וקינמון 25 שק,גרמים,38.00,100 גרם,false,1,11.90,31.3158,true,1,123291
4605246004339,false,תה גרינפילד פטל ללא,אורימי,,תה גרינפילד פטל ללא קפאין 25 שק,גרמים,50.00,100 גרם,false,1,11.90,23.8000,true,1,123292
4605246004346,false,תה גרינפילד קינמון 2,אורימי,,תה גרינפילד קינמון 25 שק,גרמים,38.00,100 גרם,false,1,11.90,31.3158,true,1,123293
4605246004353,false,תה ירוק גרינפילד מלי,אורימי,,תה ירוק גרינפילד מליסה 25 שק,גרמים,38.00,100 גרם,false,1,11.90,31.3158,true,1,123294
4605246004896,false,עלי תה שחור מקנייה ג,אורימי,,"תה ""גרינפילד"" 25 שק""",Unknown,0.00,Unknown,false,1,11.90,0.0000,true,1,160308
4605246005237,false,חליטת תה גרינפילד קמ,,,חליטת תה גרינפילד קמומיל דבש 37.5 גר,גרמים,38.00,100 גרם,false,1,11.90,31.3158,true,1,170281
4605246005251,false,תה שחור גרינפילד פיר,אורימי,,תה שחור גרינפילד פירות יער 25 שק,גרמים,38.00,100 גרם,false,1,11.90,31.3158,true,1,123301
4605246005817,false,תה גרינפילד גולדן צי,אורימי,,תה גרינפילד גולדן ציילון 100 גר,גרמים,200.00,100 גרם,false,1,29.90,14.9500,true,1,138704
4605246005855,false,תה ירוק דרקון גרינפי,אורימי,,תה ירוק דרקון גרינפילד 100 שק,גרמים,200.00,100 גרם,false,1,29.90,14.9500,true,1,131602
4605246005879,false,תה טס סנרייז 100 גר,,,"תה ""טס"" סנרייז 100 גר",גרמים,100.00,100 גרם,false,1,11.90,11.9000,true,1,136618
4605246006005,false,תה שחור מקנייה גרינפ,אורימי,,עלי תה שחור מקנייה גרינפילד 100 שק,גרמים,200.00,100 גרם,false,1,29.90,14.9500,true,1,160315
4605246006272,false,קפה נמס מיובש בהקפאה,אורימי,,קפה נמס מיובש בהקפאה זרדין קולומביה 95 ג,גרמים,95.00,100 גרם,false,1,25.90,27.2632,true,1,123302
4605246006289,false,קפה נמס מיובש בהקפאה,אורימי,,קפה נמס מיובש בהקפאה זרדין קילימנגרו 95,גרמים,95.00,100 גרם,false,1,25.90,27.2632,true,1,123303
4605246006296,false,קפה נמס מיובש בהקפאה,אורימי,,קפה נמס מיובש בהקפאה זרדין גואטמלה אטיטל,גרמים,95.00,100 גרם,false,1,25.90,27.2632,true,1,123304
4605246006333,false,תה טס ציילון 25 שק,,,"תה ""טס"" ציילון 25 שק",Unknown,0.00,Unknown,false,1,12.90,0.0000,true,1,141986
4605246007729,false,קפה קלוי שחור גוקיי,,,קפה קלוי שחור גוקיי לפינזאן 100 גר,גרמים,100.00,100 גרם,false,1,9.90,9.9000,true,1,136606
4605246008795,false,תה ירוק גרין מליסה 1,,,תה שחור גרין מליסה 100 שק,Unknown,0.00,Unknown,false,1,29.90,0.0000,true,1,166960
4605246008986,false,תה גרינפילד פירמידה,אורימי,,תה גרינפילד פירמידה ציילון 20 יח,גרמים,40.00,100 גרם,false,1,13.90,34.7500,true,1,138698
4605246009006,false,תה גרינפילד פירמידה,אורימי,,תה גרינפילד פירמידה ארל גריי 20 יח,גרמים,40.00,100 גרם,false,1,13.90,34.7500,true,1,138699
4605246009969,false,תה אוכמניות 1.5 גר 2,אורימי,,תה אוכמניות 1.5 גר 25 שק,גרמים,38.00,100 גרם,false,1,11.90,31.3158,true,1,139043
4605246010743,false,תה גרינפילד 30 סוגים,אורימי,,מארז מתנה תה גרינפילד 30 סוגים,גרמים,211.00,100 גרם,false,1,59.90,28.3886,true,1,138705
4605246011344,false,תערובת תה שחור צמחים,אורימי,,תערובת תה שחור צמחים גרינפילד אוכמניו,גרמים,36.00,100 גרם,false,1,13.90,38.6111,true,1,160314
4605246011450,false,תה טס בננה ספליט 20,,,"תה ""טס"" בננה ספליט 20 שק",גרמים,36.00,100 גרם,false,1,14.90,41.3889,true,1,141992
4605246012549,false,קפה נמס גוקיי פובורי,,,קפה נמס גוקיי פובורית מגורען 95 גר,גרמים,95.00,100 גרם,false,1,15.90,16.7368,true,1,137388
4605246013492,false,תה טס ארל גריי 200 ג,קרסניי אוקטברי,,"תה ""טס"" ארל גריי 200 גר",גרמים,200.00,100 גרם,false,1,18.90,9.4500,true,1,142145
4605246013690,false,תה גרינפילד סאמר בוא,,,תה גרינפילד סאמר בואוז 100 גר,גרמים,100.00,100 גרם,false,15,11.90,11.9000,true,1,160417
4605246013836,false,תה שחור אינגליש אדיש,,,תה שחור אינגליש אידישון 100 שק,גרמים,200.00,100 גרם,false,1,29.90,14.9500,true,1,166966
4605246013881,false,תה ירוק גרינפילד גינ,אורימי,,תה ירוק גרינפילד גינגר וחבושים 25 שק,Unknown,0.00,Unknown,false,1,11.90,0.0000,true,1,161430
4605246013904,false,תה גרינפילד תות שדה,אורימי,,תה גרינפילד תות שדה 25 שק,גרמים,50.00,100 גרם,false,1,11.90,23.8000,true,1,144731
4605246015267,false,תה שחור טס שוקולד קי,,,תה שחור טס שוקולד קיס 20 שק,Unknown,0.00,Unknown,false,1,14.90,0.0000,true,1,151506
4605246015274,false,תה שחור טס בלוברי טא,,,תה שחור טס בלוברי טארט 20 שק,Unknown,0.00,Unknown,false,12,14.90,0.0000,true,1,151507
4605246015380,false,תערובת צמחים ופירות,אורימי,,תערובת צמחים ופירות בטעם דובדבן גרינפיל,Unknown,0.00,Unknown,false,1,11.90,0.0000,true,1,160312
4605246015397,false,תערובת צמחים פירות י,אורימי,,תערובת צמחים פירות יער גרינפילד 25 שק,Unknown,0.00,Unknown,false,1,11.90,0.0000,true,1,160310
4605246016714,false,תה שחור טס 20 שק,,,תה שחור טס 20 שק,Unknown,0.00,Unknown,false,1,12.90,0.0000,true,1,172782
4605362008716,false,גרעינים בבקיני 300 ג,קה דה או קרסנודר,,גרעינים בבקיני 300 גר,גרמים,300.00,100 גרם,false,1,18.90,6.3000,true,1,164560
4605362008730,false,גרעינים בבקיני 500 ג,קה דה בה,,גרעינים בבקיני 500 גר,גרמים,500.00,100 גרם,false,1,21.90,4.3800,true,1,164561
4605362008839,false,גרעינים בבקיני עם מל,קה דה או קרסנודר,,גרעינים בבקיני עם מלח 250 גר,גרמים,250.00,100 גרם,false,10,16.90,6.7600,true,1,162005
4605504512378,false,עוגיות שמנת 200 גר,סורמובסקי,,"עוגיות שמנת 200 ג""ר",גרמים,200.00,100 גרם,false,1,5.90,2.9500,true,1,123322
4605504512620,false,עוגיות עם ריבת חלב 2,סורמובסקי,,עוגיות עם ריבת חלב 2,גרמים,200.00,100 גרם,false,1,5.90,2.9500,true,1,123324
4605504513382,false,זפיר וניל אקסטרה 280,סורמובסקי,,זפיר וניל אקסטרה 280 גר,גרמים,280.00,100 גרם,false,1,11.90,4.2500,true,1,123325
4605504513856,false,זפיר קפה עם חלב אובו,סורמובסקי,,זפיר קפה עם חלב אקסט,גרמים,280.00,100 גרם,false,1,11.90,4.2500,true,1,123326
4605504518646,false,זפיר וניל ורוד אקסטר,סורמובסקי,,זפיר וניל ורוד אקסטרה 280 גר,גרמים,280.00,100 גרם,false,1,11.90,4.2500,true,1,123327
4605504522711,false,וופל קורובקה ממולא ב,,,וופל קורובקה ממולא בטעם חלב מבושל 300 גר,גרמים,300.00,100 גרם,false,1,14.90,4.9667,true,1,139913
4605504522728,false,וופל קורובקה ממולא ב,,,וופל קורובקה ממולא בטעם שוקולד 300 גר,גרמים,300.00,100 גרם,false,1,14.90,4.9667,true,1,139914
4605516020120,false,מבחר ממתקי שוקולד וק,,,מבחר ממתקי שוקולד וקרמל פונריק 250 גר,גרמים,250.00,100 גרם,false,5,34.90,13.9600,true,1,145371
4605516020380,false,זפיר וודוחנובניה פיר,,,זפיר וודוחנובניה בטעם פירות יער מצופה,גרמים,245.00,100 גרם,false,1,29.90,12.2041,true,1,165611
4605516023947,false,וופל דוברי סווט בטעם,,,וופל דוברי סווט בטעם חלב פרוקטוז 73 גר,גרמים,73.00,100 גרם,false,1,5.90,8.0822,true,1,151109
4605516023954,false,וופל דובריי סובט טעם,,,וופל דובריי סובט טעם אגוזים פרוקטוז 73גר,גרמים,73.00,100 גרם,false,1,5.90,8.0822,true,1,151110
4605561010305,false,חתיכות פילה הרינג עם,,,חתיכות פילה הרינג עם שמיר בשמן 500 גר,גרמים,500.00,100 גרם,false,6,26.90,5.3800,true,1,160254
4605561010329,false,חתיכות פילה הרינג בט,,,חתיכות פילה הרינג בטעם מעושן בשמן 500 גר,גרמים,500.00,100 גרם,false,6,26.90,5.3800,true,1,160255
4605561010343,false,חתיכות פילה הרינג בש,,,חתיכות פילה הרינג בשמן 500 גר,גרמים,500.00,100 גרם,false,6,26.90,5.3800,true,1,160253
4605561011975,false,חתיכות פילה הרינג בש,,,חתיכות פילה הרינג בשמן 150 גר,גרמים,150.00,100 גרם,false,1,7.90,5.2667,true,1,157975
4605561012613,false,פילה הרינג קצוץ בשמן,,,פילה הרינג קצוץ בשמן 400 גר,גרמים,400.00,100 גרם,false,1,15.90,3.9750,true,1,157982
4605561013009,false,פילה הרינג בשמן 400,,,פילה הרינג בשמן 400 גר,גרמים,400.00,100 גרם,false,1,15.90,3.9750,true,1,157981
4605622008739,false,בירה מדבד 5% פח 450,אפיס ברברי,,"בירה מדבד 5% פח 450 מ""ל",מיליליטרים,450.00,"100 מ""ל",false,1,8.90,1.9778,true,1,141789
4605622010237,false,בירה בוצונוק מלניק 4,אפיס ברברי,,"בירה בוצונוק מלניק 4.3% 450 מ""ל",מיליליטרים,450.00,"100 מ""ל",false,12,9.90,2.2000,true,1,150828
4605622010268,false,בירה מלניק ברחטנויה,אפיס ברברי,,בירה מלניק ברחטנויה 4.2% 450 מל,מיליליטרים,450.00,"100 מ""ל",false,12,9.90,2.2000,true,1,150357
4605622010503,false,בירה מדבד 8% פחית 45,,,בירה מדבד 8% פחית 450 מל,מיליליטרים,450.00,"100 מ""ל",false,24,8.90,1.9778,true,1,157577
4605627003104,false,פרוטיס אפרסק/פסיפלור,,,פרוטיס אפרסק/פסיפלורה/דובדבן 115 גר,גרמים,115.00,100 גרם,false,1,4.90,4.2609,true,1,141861
4605627003128,false,פרוטיס אננס/מלון/פטל,,,פרוטיס אננס/מלון/פטל 115 גר,גרמים,115.00,100 גרם,false,1,4.90,4.2609,true,1,141859
4605627003142,false,פרוטיס משמש/מנגו/פיר,,,פרוטיס משמש/מנגו/פירות יער 115 גר,גרמים,115.00,100 גרם,false,1,4.90,4.2609,true,1,141858
4605627003166,false,פרוטיס תות שדה/תפוח/,,,פרוטיס תות שדה/תפוח/אגס 115 גר,גרמים,115.00,100 גרם,false,1,4.90,4.2609,true,1,141862
4605627006600,false,יוגורט פרוטיס תות שד,,,"יוגורט פרוטיס תות שדה 290 מ""ל",מיליליטרים,290.00,"100 מ""ל",false,1,9.90,3.4138,true,1,143852
4605627006624,false,יוגורט פרוטיס אפרסק,,,"יוגורט פרוטיס אפרסק 290 מ""ל",מיליליטרים,290.00,"100 מ""ל",false,1,9.90,3.4138,true,1,128906
4605627006747,false,יוגורט פרוטיס תות שד,,,יוגורט פרוטיס תות שדה עם קורנפלקס 165גר,גרמים,165.00,100 גרם,false,1,7.90,4.7879,true,1,129754
4605627007409,false,פרוטיס אגס/וניל/דובד,,,פרוטיס אגס/וניל/דובדבן פלומביר 115 גר,גרמים,115.00,100 גרם,false,1,4.90,4.2609,true,1,141860
4605627007485,false,פרוטיס בננה/ספליט/פי,,,פרוטיס בננה/ספליט/פינקולדה 115 גר,גרמים,115.00,100 גרם,false,1,4.90,4.2609,true,1,141863
4605664011261,false,בירה זולוטייה בוצקה,,,"בירה זולוטייה בוצקה בהירה 450 מ""ל",מיליליטרים,450.00,"100 מ""ל",false,1,8.90,1.9778,true,1,136778
4605664011308,false,בירה זולוטייה בוצקה,,,"בירה זולוטייה בוצקה קלאסיק 450 מ""ל",מיליליטרים,450.00,"100 מ""ל",false,1,8.90,1.9778,true,1,136777
4605664011803,false,בירה זולוטייה בוצקה,,,בירה זולוטייה בוצקה אקסטרה פח 450 מל,מיליליטרים,450.00,"100 מ""ל",false,24,8.90,1.9778,true,1,157576
4606495001414,false,דג יבש לש מקולף 150,,,דג יבש לש מקולף 150 גר,גרמים,150.00,100 גרם,false,1,24.90,16.6000,true,1,165194
4606598000659,false,תבלין צמח ברבריס מגי,PROFAGROTECHNIKA,,"תבלינים ""מגיה ווסטוק",גרמים,15.00,100 גרם,false,1,2.90,19.3333,true,1,123346
4606598001335,false,תבלין לאורז מגיה ווס,PROFAGROTECHNIKA,,"תבלינים ""מגיה ווסטוק",גרמים,15.00,100 גרם,false,1,2.90,19.3333,true,1,123347
4606598001342,false,תבלין לבשר מגיה ווסט,PROFAGROTECHNIKA,,"תבלין ""מגיה ווסטוקה""",גרמים,15.00,100 גרם,false,1,2.90,19.3333,true,1,123348
4606598001359,false,תבלין לעוף בגריל מגי,PROFAGROTECHNIKA,,"תבלין ""מגיה ווסטוקה""",גרמים,15.00,100 גרם,false,1,2.90,19.3333,true,1,123349
4606598001366,false,תבלין לדגים מגיה ווס,PROFAGROTECHNIKA,,"תבלין ""מגיה ווסטוקה""",גרמים,15.00,100 גרם,false,1,2.90,19.3333,true,1,123350
4606598001397,false,תבלין לתפוא מגיה ווס,PROFAGROTECHNIKA,,"תבלין ""מגיה ווסטוקה""",גרמים,15.00,100 גרם,false,1,2.90,19.3333,true,1,123351
4606598001427,false,תבלין לעוף מגיה ווסט,PROFAGROTECHNIKA,,"תבלין ""מגיה ווסטוקה""",גרמים,15.00,100 גרם,false,1,2.90,19.3333,true,1,123352
4606598001434,false,תבלין לבשר טחון קציצ,PROFAGROTECHNIKA,,"תבלין ""מגיה ווסטוקה""",גרמים,15.00,100 גרם,false,1,2.90,19.3333,true,1,123353
4606598001458,false,תבלין לשישליק מגיה ו,PROFAGROTECHNIKA,,"תבלין ""מגיה ווסטוקה""",גרמים,15.00,100 גרם,false,1,2.90,19.3333,true,1,123354
4606598001465,false,תבלין לבשר לבן מגיה,,,"תבלין ""מגיה ווסטוקה""",גרמים,15.00,100 גרם,false,1,2.90,19.3333,true,1,123355
4606598001717,false,תבלין לציר מרק מגיה,PROFAGROTECHNIKA,,"תבלין ""מגיה ווסטוקה""",גרמים,15.00,100 גרם,false,1,2.90,19.3333,true,1,123356
4606598001724,false,תבלין לגולש מגיה ווס,PROFAGROTECHNIKA,,"תבלין ""מגיה ווסטוקה""",גרמים,15.00,100 גרם,false,1,2.90,19.3333,true,1,123357
4606598001731,false,תבלין לגריל מגיה ווס,PROFAGROTECHNIKA,,"תבלין ""מגיה ווסטוקה""",גרמים,15.00,100 גרם,false,1,2.90,19.3333,true,1,123358
4606598002011,false,אבקת חרדל 200 גר,PROFAGROTECHNIKA,,אבקת חרדל 200 גר,גרמים,200.00,100 גרם,false,1,8.90,4.4500,true,1,162714
4606598002134,false,תבלין שמיר מגיה ווסט,PROFAGROTECHNIKA,,"תבלין ""מגיה ווסטוקה""",גרמים,15.00,100 גרם,false,1,2.90,19.3333,true,1,123359
4606598002677,false,תבלין לבשר בקר מגיה,PROFAGROTECHNIKA,,"תבלין ""מגיה ווסטוקה""",גרמים,15.00,100 גרם,false,1,2.90,19.3333,true,1,123361
4606598003162,false,תבלין לכבש מגיה ווסט,,,"תבלין לכבש ""מגיה ווסטוקה"" 40 גר",גרמים,40.00,100 גרם,false,1,2.90,7.2500,true,1,123363
4606598003391,false,תבלין לבורשט סלק מגי,PROFAGROTECHNIKA,,"תבלין ""מגיה ווסטוקה""",גרמים,15.00,100 גרם,false,1,2.90,19.3333,true,1,123364
4606598003612,false,תבלין לכרעיים עוף מג,PROFAGROTECHNIKA,,"תבלין ""מגיה ווסטוקה""",גרמים,15.00,100 גרם,false,1,2.90,19.3333,true,1,123365
4606598003681,false,תבלין לגזר קוריאני מ,PROFAGROTECHNIKA,,"תבלין ""מגיה ווסטוקה""",גרמים,15.00,100 גרם,false,1,2.90,19.3333,true,1,123366
4606598007399,false,גינגר 40 גר,PROFAGROTECHNIKA,,גינגר 40 גר,גרמים,40.00,100 גרם,false,1,2.90,7.2500,true,1,162732
4606598007412,false,תבלין זירה מגיה ווסט,PROFAGROTECHNIKA,,"תבלינים ""מגיה ווסטוק",גרמים,15.00,100 גרם,false,1,2.90,19.3333,true,1,123367
4606598007603,false,תבלין קינמון טחון 15,PROFAGROTECHNIKA,,תבלין קינמון טחון 15 גר,גרמים,15.00,100 גרם,false,1,2.90,19.3333,true,1,123368
4606598007610,false,כורכום 40 גר,PROFAGROTECHNIKA,,כורכום 40 גר,גרמים,40.00,100 גרם,false,1,2.90,7.2500,true,1,162735
4606598007641,false,תבלין פלפל רייחני של,PROFAGROTECHNIKA,,"תבלין ""מגיה ווסטוקה""",גרמים,15.00,100 גרם,false,1,2.90,19.3333,true,1,127381
4606598007672,false,שום מיובש טחון 40 גר,PROFAGROTECHNIKA,,שום מיובש טחון 40 גר,גרמים,40.00,100 גרם,false,1,2.90,7.2500,true,1,162715
4606598008679,false,תבלין קבקזי לשישליק,PROFAGROTECHNIKA,,"תבליני ""מגיה ווסטוקה",גרמים,15.00,100 גרם,false,1,2.90,19.3333,true,1,123369
4606599008883,false,חלב מרוכז ממותק בתוס,,,חלב מרוכז ממותק בתוספת שומן צמחי 370 גר,גרמים,370.00,100 גרם,false,45,9.90,2.6757,true,1,156025
4606599013320,false,חלב מרוכז ממותק בתוס,,,חלב מרוכז ממותק בתוספת שומן צמחי 500 גר,גרמים,500.00,100 גרם,false,12,10.90,2.1800,true,1,168438
4607001410324,false,רולדה אגדה פירות יער,רמנסקי,,רולדה אגדה פירות יער 200 גר,גרמים,200.00,100 גרם,false,1,6.90,3.4500,true,1,123371
4607001411666,false,רולדה אגדה ריבת חלב,,,רולדה אגדה ריבת חלב 200 גר,גרמים,200.00,100 גרם,false,1,6.90,3.4500,true,1,123373
4607001414445,false,טארטלט מתוק 180 גר,רמנסקי,,טארטלט מתוק 180 גר,גרמים,180.00,100 גרם,false,1,9.90,5.5000,true,1,130551
4607001414452,false,טארטלט רגיל 180 גר,רמנסקי,,טארטלט רגיל 180 גר,גרמים,180.00,100 גרם,false,1,9.90,5.5000,true,1,123375
4607001415442,false,עוגה אישית ארנבון במ,רמנסקי,,עוגה אישית ארנבון במילוי שוקולד 150 גר,גרמים,150.00,100 גרם,false,1,11.90,7.9333,true,1,131035
4607001415732,false,טורט סיציליה תפוזים,רמנסקי,,טורט סיציליה תפוזים 350 גר,גרמים,350.00,100 גרם,false,1,16.90,4.8286,true,1,130549
4607001416241,false,קקס עם קרם חלב מרוכז,רמנסקי,,קקס עם קרם חלב מרוכז 470 גר,גרמים,470.00,100 גרם,false,1,15.90,3.3830,true,1,135117
4607001416265,false,קקס בטעם תות 470 גר,רמנסקי,,קקס בטעם תות 470 גר,גרמים,470.00,100 גרם,false,1,15.90,3.3830,true,1,135527
4607001417569,false,טורט דבש במילוי ריבת,רמנסקי,,טורט דבש במילוי ריבת חלב 350 גר,גרמים,350.00,100 גרם,false,1,16.90,4.8286,true,1,166310
4607001850359,false,פסטה טליאטלה 3 צבעים,,,פסטה טליאטלה 3 צבעים 450 גר,גרמים,450.00,100 גרם,false,9,9.90,2.2000,true,1,167979
4607001850571,false,פסטה בצורות שונות 45,,,פסטה בצורות שונות 450 גר,גרמים,450.00,100 גרם,false,28,5.90,1.3111,true,1,167976
4607001852759,false,פסטה נודלס לאגמן 350,,,פסטה נודלס לאגמן 350 גר,גרמים,350.00,100 גרם,false,28,5.90,1.6857,true,1,167977
4607002990238,false,שעועית אדומה דוד וני,,RU,שעועית אדומה דוד וניה 400 גר,גרמים,400.00,100 גרם,false,12,9.90,2.4750,true,1,168938
4607002990252,false,שעועית לבנה דוד וניה,,RU,שעועית לבנה דוד וניה 400 גר,גרמים,400.00,100 גרם,false,12,9.90,2.4750,true,1,168939
4607002990290,false,מלפפון מוחמץ דיאדיה,,,מלפפון מוחמץ דיאדיה וניה 680 גר,גרמים,680.00,100 גרם,false,1,13.90,2.0441,true,1,139902
4607002990474,false,עגבניות מוחמצות 680,,,עגבניות מוחמצות 680 גר,גרמים,680.00,100 גרם,false,1,13.90,2.0441,true,1,141898
4607002990481,false,עגבניות במיץ עגבניות,,,עגבניות במיץ עגבניות דיאדיה וניה 680 גר,גרמים,680.00,100 גרם,false,1,13.90,2.0441,true,1,139903
4607002991235,false,אסורטי מוחמץ דיאדיה,,,אסורטי מוחמץ דיאדיה וניה 1.8 ל,ליטרים,1.80,ליטר,false,1,29.90,16.6111,true,1,141637
4607002991358,false,מלפפון מוחמץ דיאדיה,,,מלפפון מוחמץ דיאדיה וניה 1.8 ל,ליטרים,1.80,ליטר,false,1,29.90,16.6111,true,1,141635
4607002991587,false,עגבניות מוחמץ דיאדיה,,,עגבניות מוחמץ דיאדיה וניה 1.8 ל,ליטרים,1.80,ליטר,false,1,29.90,16.6111,true,1,141636
4607002995752,false,אסורטי עגבניות ומלפפ,,,אסורטי עגבניות ומלפפון דיאדיה וניה 680 ג,גרמים,680.00,100 גרם,false,1,13.90,2.0441,true,1,144727
4607002995868,false,לצו דיאדיה וניה 680,,,לצו דיאדיה וניה 680 גר,גרמים,680.00,100 גרם,false,1,13.90,2.0441,true,1,139901
4607002995943,false,ממרח קישואים קלויים,,,ממרח קישואים קלויים 460 גר,גרמים,460.00,100 גרם,false,1,11.90,2.5870,true,1,152940
4607002997558,false,סלט הונגרי דיאדיה ונ,,,סלט הונגרי דיאדיה וניה 460 גר,גרמים,460.00,100 גרם,false,1,11.90,2.5870,true,1,139899
4607002997633,false,אדגיקה ממרח פיקנטי ד,,,אדגיקה ממרח פיקנטי דיאדיה וניה 460 גר,גרמים,460.00,100 גרם,false,1,11.90,2.5870,true,1,141605
4607002998180,false,מלפפונים במלח דיאדיה,,,מלפפונים במלח דיאדיה וניה 950 גר,גרמים,950.00,100 גרם,false,1,16.90,1.7789,true,1,161722
4607002999187,false,מלפפונים קורנישונים,,,עגבניות מוחמצות 680 גר,גרמים,680.00,100 גרם,false,1,13.90,2.0441,true,1,141604
4607002999286,false,קישואים באדזיקה דיאד,,,קישואים באדזיקה דיאדיה וניה 460 גר,גרמים,460.00,100 גרם,false,1,11.90,2.5870,true,1,139900
4607002999309,false,שעועית לבנה אפויה 48,,,שעועית לבנה אפויה 480 גר,גרמים,480.00,100 גרם,false,1,11.90,2.4792,true,1,152937
4607002999323,false,ממרח חצילים 460 גר,,,ממרח חצילים 460 גר,גרמים,460.00,100 גרם,false,1,11.90,2.5870,true,1,152941
4607002999545,false,שעועית אדומה לוביו 4,,,שעועית אדומה לוביו 480 גר,גרמים,480.00,100 גרם,false,1,11.90,2.4792,true,1,152939
4607002999620,false,כוסמת עם פטריות שמפי,,,כוסמת עם פטריות שמפיניון 460 גר,גרמים,460.00,100 גרם,false,1,11.90,2.5870,true,1,152938
4607011260230,false,עוגיות שיבולת שועל ח,לובימיי קראי,,עוגיות שיבולת שועל חווטי קא קלאסי 400 גר,גרמים,400.00,100 גרם,false,1,9.90,2.4750,true,1,132197
4607011260247,false,עוגיות שיבולת שועל ח,לובימיי קראי,,עוגיות שיבולת שועל חוואטי קא חלב 400 גר,גרמים,400.00,100 גרם,false,1,9.90,2.4750,true,1,132198
4607011268687,false,עוגיות שיבולת שועל ע,"""lyubimiy kray""",,עוגיות שיבולת שועל עםחמוציות ופרוקטוזה 3,גרמים,300.00,100 גרם,false,1,11.90,3.9667,true,1,127464
4607012351005,false,גרעיני חמנייה מרטין,MARTIN,,גרעיני חמנייה מרטין 200גר,גרמים,200.00,100 גרם,false,1,12.90,6.4500,true,1,127936
4607012351128,false,גרעיני חמניות מרטין,MARTIN,,גרעיני חמניות מרטין 500גר,גרמים,500.00,100 גרם,false,1,29.90,5.9800,true,1,128312
4607012351999,false,גרעיני חמנייה מרטין,,,גרעיני חמנייה מרטין עם מלח 200גר,גרמים,200.00,100 גרם,false,1,12.90,6.4500,true,1,129716
4607012352095,false,גרעיני חמניות מרטין,MARTIN,,גרעיני חמניות מרטין עם מלח 500 גר,גרמים,500.00,100 גרם,false,1,29.90,5.9800,true,1,131424
4607012352538,false,גרעיני חמניות מרטין,MARTIN,,גרעיני חמניות מרטין מיקס 200 גר,גרמים,200.00,100 גרם,false,1,12.90,6.4500,true,1,141606
4607012353382,false,גרעיני חמניות לבן מר,,,גרעיני חמניות לבן מרטין עם מלח 250 גר,גרמים,250.00,100 גרם,false,1,14.90,5.9600,true,1,166534
4607012353702,false,גרעיני חמניות פסים מ,,,גרעיני חמניות פסים מרטין עם מלח 250 גר,גרמים,250.00,100 גרם,false,1,14.90,5.9600,true,1,170283
4607014780551,false,שמן חמניות בלאגו מזו,קליסה,,"שמן חמניות ""בלאגו"" מ",מיליליטרים,1000.00,"100 מ""ל",false,1,21.90,2.1900,true,1,123388
4607014782111,false,שמן חמניות בלאגו לא,קליסה,,"שמן חמניות ""בלאגו"" ל",מיליליטרים,1000.00,"100 מ""ל",false,1,21.90,2.1900,true,1,123389
4607014787611,false,שמן מעורב חמניות וקנ,,,שמן מעורב חמניות וקנולה מזוכך קרולינה,מיליליטרים,900.00,"100 מ""ל",false,15,12.90,1.4333,true,1,169001
4607014788014,false,שמן קנולה 1 ל,,,שמן קנולה 1 ל,ליטרים,1.00,ליטר,false,1,11.90,11.9000,true,1,168803
4607016240374,false,גריסים פנינה 800 גר,אובלקה,,גריסים פנינה 800 גר,גרמים,800.00,100 גרם,false,1,8.90,1.1125,true,1,123390
4607016240398,false,סולת 700 גר,אובלקה,,"סולת 700 גר""",גרמים,700.00,100 גרם,false,1,9.90,1.4143,true,1,123391
4607016240831,false,קמח כוסמת 500 גר,אובלקה,,קמח כוסמת 500 גר,גרמים,500.00,100 גרם,false,1,14.90,2.9800,true,1,123393
4607016240893,false,כוסמת 800 גר,אובלקה,,כוסמת 800 גר,גרמים,800.00,100 גרם,false,1,16.90,2.1125,true,1,123394
4607016240909,false,אפונה מרוסקת 800 גר,אובלקה,,"אפונה מרוסקת 800 גר""",גרמים,800.00,100 גרם,false,1,10.90,1.3625,true,1,123395
4607016240923,false,גריסי שעורה 600 גר,אובלקה,,גריסי שעורה 600גר,גרמים,600.00,100 גרם,false,1,8.90,1.4833,true,1,123396
4607016240930,false,דוחן 800 גר,אובלקה,,דוחן 800גר,גרמים,800.00,100 גרם,false,1,12.90,1.6125,true,1,123397
4607016241104,false,גריסי פנינה 80 גר חמ,אובלקה,,"גריסי פנינה 80 גר"" ח",גרמים,400.00,100 גרם,false,1,8.90,2.2250,true,1,123398
4607016241111,false,גריסי תירס 80 גר חמי,אובלקה,,"גריסי תירס 80 גר"" חמ",גרמים,400.00,100 גרם,false,1,8.90,2.2250,true,1,123399
4607016243047,false,שיבולת שועל עם תות 2,אובלקה,,שיבולת שועל עם תות 200 גר,גרמים,200.00,100 גרם,false,1,13.90,6.9500,true,1,123401
4607016243108,false,שיבולת שועל עם פטל 2,אובלקה,,דייסה שיבולת שועל עם פטל חמישייה,גרמים,200.00,100 גרם,false,1,13.90,6.9500,true,1,123403
4607016243160,false,שיבולת שועל עם אפרסק,אובלקה,,שיבולת שועל עם אפרסק 200 גר,גרמים,200.00,100 גרם,false,1,13.90,6.9500,true,1,123405
4607016243191,false,שיבולת שועל עם אוכמנ,אובלקה,,שיבולת שועל עם אוכמניות 200 גר,גרמים,200.00,100 גרם,false,1,13.90,6.9500,true,1,123406
4607016243221,false,שיבולת שועל עם תפוח,אובלקה,,שיבולתשועל עם תפוח 200 גר,גרמים,200.00,100 גרם,false,1,13.90,6.9500,true,1,123407
4607016244716,false,גריסי תירס 750 גר,אובלקה,,גריסי תירס 750 גר,גרמים,750.00,100 גרם,false,1,8.90,1.1867,true,1,125865
4607016244730,false,גריסי חיטה 650 גר,אובלקה,,גריסי חיטה 650גר,גרמים,650.00,100 גרם,false,1,11.90,1.8308,true,1,126101
4607016245324,false,תערובת 4 דגנים 350 ג,,,תערובת 4 דגנים 350 גר,גרמים,350.00,100 גרם,false,1,7.90,2.2571,true,1,138263
4607016245348,false,פתיתי 5 דגנים אובלקה,,,פתיתי 5 דגנים אובלקה דקים 350 גר,גרמים,350.00,100 גרם,false,1,7.90,2.2571,true,1,133171
4607016245430,false,תערובת 6 דגנים אובלק,או.או.או.רסורס,,תערובת 6 דגנים אובלקה 350 גר,גרמים,350.00,100 גרם,false,1,9.90,2.8286,true,1,132109
4607016245461,false,קטניות גריסי חיטה 80,אובלקה,,קטניות גריסי חיטה 80 גר חמישייה,גרמים,400.00,100 גרם,false,1,10.90,2.7250,true,1,133269
4607016245478,false,גריסי דוחן 80 גר חמי,אובלקה,,גריסי דוחן 80 גר חמישייה,גרמים,400.00,100 גרם,false,1,10.90,2.7250,true,1,133271
4607016245485,false,קטניות כוסמת 80 גר ח,אובלקה,,קטניות כוסמת 80 גר חמישייה,גרמים,400.00,100 גרם,false,1,12.90,3.2250,true,1,133272
4607016245508,false,גריסי שעורה 80 גר חמ,אובלקה,,גריסי שעורה 80 גר חמישייה,גרמים,400.00,100 גרם,false,1,9.90,2.4750,true,1,133270
4607016245522,false,עדשים 80 גר חמישיה,אובלקה,,עדשים 80 גר חמישיה,גרמים,400.00,100 גרם,false,1,15.90,3.9750,true,1,133739
4607016245539,false,אפונה מרוסקת 80 גר ח,אובלקה,,אפונה מרוסקת 80 גר חמישייה,גרמים,400.00,100 גרם,false,1,10.90,2.7250,true,1,133613
4607016245584,false,פתיתי כוסמת אובלקה 4,אובלקה,,פתיתי כוסמת אובלקה 400 גר,גרמים,400.00,100 גרם,false,1,16.90,4.2250,true,1,134166
4607016245805,false,שיבולת שועל עם תערוב,אובלקה,,דייסה שיבולת שועל עם תערובת פירות יער 5,גרמים,200.00,100 גרם,false,1,13.90,6.9500,true,1,133262
4607016246024,false,פתיתי שיבולת שועל לה,,,שיבולת שועל להכנה מהירה 500 גר,גרמים,500.00,100 גרם,false,1,9.90,1.9800,true,1,142526
4607016246031,false,פתיתי שיבולת שועל דק,,,שיבולת שועל שקה להכנה מיידית 500 גר,גרמים,500.00,100 גרם,false,1,9.90,1.9800,true,1,142527
4607016246420,false,פתית שיבולת שועל הרק,,,פתית שיבולת שועל הרקולס משביע 400 גר,גרמים,400.00,100 גרם,false,1,5.90,1.4750,true,1,157872
4607016246437,false,פתית שיבולת שועל הרק,,,פתית שיבולת שועל הרקולס 400 גר,גרמים,400.00,100 גרם,false,1,4.90,1.2250,true,1,157871
4607016246840,false,כוסמת 800 גר,,,כוסמת 800 גר,גרמים,800.00,100 גרם,false,1,16.90,2.1125,true,1,158329
4607016247335,false,דייסת שיבולת שועל עם,,,"דייסת שיבולת שועל עם תפו""ע חמישייה",גרמים,200.00,100 גרם,false,1,9.90,4.9500,true,1,157874
4607016247373,false,דייסת שיבולת שועל עם,,,דייסת שיבולת שועל עם פטל חמישייה,גרמים,200.00,100 גרם,false,1,9.90,4.9500,true,1,157876
4607016247397,false,דייסת שיבולת שועל עם,,,דייסת שיבולת שועל עם תות שדה חמישייה,גרמים,200.00,100 גרם,false,1,9.90,4.9500,true,1,157877
4607016247441,false,דייסת שיבולת שועל 5,,,דייסת שיבולת שועל 5 טעמים חמישייה,גרמים,200.00,100 גרם,false,1,9.90,4.9500,true,1,157879
4607016248448,false,שיבולת שועל עם בננה,אובלקה,,דייסה שיבולת שועל עם בננה ותות שדה,גרמים,200.00,100 גרם,false,1,13.90,6.9500,true,1,162826
4607016418322,false,דובשניות במילוי בטעם,,,דובשניות במילוי בטעם תות שדה 500 גר,גרמים,500.00,100 גרם,false,1,15.90,3.1800,true,1,165734
4607017090350,false,מים מינרליים יסנטוקי,,,מים מינרליים יסנטוקי 1.5 ל,ליטרים,1.50,ליטר,false,1,10.90,7.2667,true,1,136487
4607017091029,false,מים מינרליים יסנטוקי,,,מים מינרליים יסנטוקי 1.5 ל,ליטרים,1.50,ליטר,false,1,10.90,7.2667,true,1,136488
4607017097878,false,מים מינרליים סטארי א,,,מים מינרליים סטארי איסטוצניק מס 4 450 מל,מיליליטרים,450.00,"100 מ""ל",false,1,7.90,1.7556,true,1,161842
4607017097885,false,מים מינרליים סטארי א,,,מים מינרליים סטארי איסטוצניק 17 450 מל,מיליליטרים,450.00,"100 מ""ל",false,1,7.90,1.7556,true,1,161843
4607018271727,false,בלינציס במילוי מחית,,,בלינציס במילוי מחית תות 360 גר,גרמים,360.00,100 גרם,false,1,11.90,3.3056,true,1,125536
4607018271758,false,בלינציס במילוי דובדב,,,בלינציס במילוי דובדבנים 360 גר,גרמים,360.00,100 גרם,false,1,11.90,3.3056,true,1,125567
4607018271765,false,בלינציס במילוי גבינה,לינה,,בלינציס במילוי גבינה לבנה 360 גר,גרמים,360.00,100 גרם,false,1,11.90,3.3056,true,1,130308
4607018271819,false,בלינציס 450 גר,,,בלינציס 450 גר,גרמים,450.00,100 גרם,false,1,16.90,3.7556,true,1,125538
4607018272854,false,בלינציס ריק 360 גר,לינה,,בלינציס ריק 360 גר,גרמים,360.00,100 גרם,false,1,11.90,3.3056,true,1,130309
4607018272885,false,פנקייק עם צימוקים 28,,,פנקייק עם צימוקים 280 גר,גרמים,280.00,100 גרם,false,1,11.90,4.2500,true,1,126525
4607018276890,false,בלינציס במילוי מחית,לינה,,בלינציס במילוי מחית אוכמניות שחורות 360,גרמים,360.00,100 גרם,false,1,11.90,3.3056,true,1,159599
4607018277736,false,בלינצס במילוי מחית פ,,,בלינצס במילוי מחית פטל לינה 360 גר,גרמים,360.00,100 גרם,false,1,11.90,3.3056,true,1,157610
4607018771791,false,מים מינרליים טבעיים,טסטי פוד,RU,מים מינרליים טבעיים מוגז יסינטוקי מס 17,מיליליטרים,450.00,"100 מ""ל",false,20,9.90,2.2000,true,1,168666
4607018771821,false,מים מינרליים טבעיים,טסטי פוד,RU,מים מינרליים טבעיים מוגזים יסינטוקי מס 4,מיליליטרים,450.00,"100 מ""ל",false,20,9.90,2.2000,true,1,168665
4607023791029,false,קוויאר אדום 95 גר,א.ר.ד.י.ו,,קוויאר פחיות 95 גרם,גרמים,95.00,100 גרם,false,1,34.90,36.7368,true,1,123409
4607025280019,false,קמח 2 קג,אובלקה,,"קמח 2 ק""ג",גרמים,2000.00,100 גרם,false,1,20.90,1.0450,true,1,123411
4607025280026,false,קמח חיטה 1 קג,אובלקה,,"קמח חיטה 1 ק""ג",גרמים,1000.00,100 גרם,false,1,10.90,1.0900,true,1,123412
4607026342341,false,יין מבעבע לבן חצי מת,,,יין מבעבע לבן חצי מתוק אבראו דורסו 750,מיליליטרים,750.00,"100 מ""ל",false,1,39.90,5.3200,true,1,164725
4607029050373,false,שמן חמניות לא מזוכך,קובנוצ'קה,,שמן חמניות לא מזוכך פרימיום קובנוצקה 1 ל,ליטרים,1.00,ליטר,false,1,24.90,24.9000,true,1,132345
4607029051035,false,עגבניות אדומות בחומץ,קובנוצ'קה,,עגבניות אדומות בחומץ קובנוצקה 720 גר,גרמים,720.00,100 גרם,false,1,14.90,2.0694,true,1,132359
4607029051059,false,מלפפונים בחומץ קובנ,,,מלפפונים בחומץ קובנוצקה 720 גר,גרמים,720.00,100 גרם,false,1,14.90,2.0694,true,1,168044
4607029052650,false,מלפפון ועגבניות בחומ,,,מלפפון ועגבניות בחומץ קובנוצקה 1500 גר,גרמים,1500.00,100 גרם,false,1,26.90,1.7933,true,1,133162
4607029053077,false,ממרח קישואים קובנוצק,,,ממרח קישואים קובנוצקה 500 גר,גרמים,500.00,100 גרם,false,1,14.90,2.9800,true,1,168034
4607029053091,false,תבשיל ירקות ראגו הונ,,,תבשיל ירקות ראגו הונגרי קובנוצקה 500 גר,גרמים,500.00,100 גרם,false,1,14.90,2.9800,true,1,168039
4607029053428,false,ממרח סלק קובנוצקה 50,,,ממרח סלק קןבנוצקה 500 גר,גרמים,500.00,100 גרם,false,1,14.90,2.9800,true,1,170096
4607029053770,false,תערובת מלפפון ועגבני,,,תערובת מלפפון ועגבניה בחומץ קובנוצקה,גרמים,720.00,100 גרם,false,1,14.90,2.0694,true,1,168043
4607029054203,false,ממרח גזר קובנוצקה 50,,,ממרח גזר קןבנוצקה 500 גר,גרמים,500.00,100 גרם,false,1,14.90,2.9800,true,1,170097
4607029348166,false,סט עוגות אישיות מורא,,,סט עוגות אישיות מוראוויניק 420 גר,גרמים,420.00,100 גרם,false,1,25.90,6.1667,true,1,171458
4607030830520,false,פופקורן עם מלח 99 גר,,,פופקורן עם מלח 99 גר,גרמים,99.00,100 גרם,false,15,3.90,3.9394,true,1,152735
4607030830780,false,פופקורן בטעם גבינה צ,,,פופקורן בטעם גבינה צדר 99 גר,גרמים,99.00,100 גרם,false,15,3.90,3.9394,true,1,152734
4607032239963,false,ברנדי גולדן רזרב 500,,,ברנדי גולדן רזרב 500 מל,מיליליטרים,500.00,"100 מ""ל",false,1,54.90,10.9800,true,1,163550
4607036201560,false,ממרח קישואים פיקנטה,,,ממרח קישואים פיקנטה 520 גר,גרמים,520.00,100 גרם,false,1,10.90,2.0962,true,1,149007
4607037431164,false,זפיר לאנז סליבוצני 4,פקטורי נבה אל טי די,,זפיר לאנז סליבוצני 420 גר,גרמים,420.00,100 גרם,false,1,19.90,4.7381,true,1,131119
4607037431188,false,זפיר לאנז מצופה שוקו,NEVA,,זפיר מצופה שוקולד 45,גרמים,450.00,100 גרם,false,1,27.90,6.2000,true,1,123425
4607037431218,false,זפיר קרם ברולה 420 ג,NEVA,,זפיר קרם ברולה 420 ג,גרמים,420.00,100 גרם,false,1,19.90,4.7381,true,1,123426
4607037431225,false,זפיר ורוד לבן 420 גר,NEVA,,"זפיר ורוד לבן 420 ג""",גרמים,420.00,100 גרם,false,9,19.90,4.7381,true,1,123427
4607037431263,false,זפיר לאנז בטעם ריבת,פקטורי נבה אל טי די,,זפיר לאנז בטעם ריבת חלב 420 גר,גרמים,420.00,100 גרם,false,1,19.90,4.7381,true,1,131120
4607037431300,false,זפיר וניל 420 גר,NEVA,,זפיר וניל 420 גר,גרמים,420.00,100 גרם,false,1,19.90,4.7381,true,1,123428
4607037435797,false,ממתק מוקצף בטעם וניל,פנזה,,ממתק מוקצף בטעם וניל וחתיכות מרמלדה 220,גרמים,220.00,100 גרם,false,1,11.90,5.4091,true,1,162801
4607037437296,false,פסטילה וניל 200 גר,NEVA,,פסטילה וניל 200 גרי,גרמים,200.00,100 גרם,false,1,11.90,5.9500,true,1,127198
4607037437616,false,פסטילה לבן ורוד 200,פקטורי נבה אל טי די,,פסטילה לבן ורוד 200 גר,גרמים,200.00,100 גרם,false,1,11.90,5.9500,true,1,131122
4607037437647,false,זפיר לאנז חמוציות 42,,,זפיר לאנז חמוציות 420 גר,גרמים,420.00,100 גרם,false,1,19.90,4.7381,true,1,133542
4607037437777,false,זפיר בטעם תפוח 420 ג,NEVA,,זפיר בטעם תפוח 420 גר,גרמים,420.00,100 גרם,false,1,19.90,4.7381,true,1,133890
4607037439535,false,פסטילה בטעם וניל עם,פקטורי נבה אל טי די,,פסטילה בטעם וניל עם מרמלד 200 גר,גרמים,200.00,100 גרם,false,1,12.90,6.4500,true,1,131123
4607037439962,false,זפיר וניל פרוקטוזה מ,NEVA,,זפיר וניל פרוקטוזה מצופה שוקולד 200ג,גרמים,200.00,100 גרם,false,1,19.90,9.9500,true,1,127201
4607038060035,false,שימורי דג סיירה בשמן,אואואו רוסקי מיר,,שימורי דג סיירה בשמן,גרמים,250.00,100 גרם,false,1,16.90,6.7600,true,1,148698
4607038060080,false,שימורי דג גרבושה טבע,אואואו רוסקי מיר,,שימורי דג גרבושה טבעי 250 גר,גרמים,250.00,100 גרם,false,48,13.90,5.5600,true,1,172551
4607038060103,false,שימורי דג סיירה טבעי,אואואו רוסקי מיר,,שימורי דג סיירה טבעי 250גר,גרמים,250.00,100 גרם,false,1,16.90,6.7600,true,1,148699
4607038061056,false,שימורי קלמר 250 גר,ווו רוסיה פישינג וור,,שימורי קלמר 250 גר,גרמים,250.00,100 גרם,false,1,14.90,5.9600,true,1,123432
4607041130015,false,רוטב פפריצי חמוץ-מתו,,,רוטב פפריצי חמוץ-מתוק 320 גר,גרמים,320.00,100 גרם,false,1,8.90,2.7813,true,1,123435
4607041130268,false,רוטב פפריצי חריף מתו,,,רוטב פפריצי חריף-מתוק 320 גר,גרמים,320.00,100 גרם,false,1,8.90,2.7813,true,1,123438
4607041230630,false,צנימים פוסולסקי וניל,וופלשניה,,צנימים פוסולסקי וניל 250גר,גרמים,250.00,100 גרם,false,1,8.90,3.5600,true,1,128478
4607041230647,false,צנימים מיני פוסולסקי,וופלשניה,,צנימים מיני פוסולסקי צימוקים 250 גר,גרמים,250.00,100 גרם,false,1,8.90,3.5600,true,1,128479
4607041232641,false,צנימים בטעם וניל פוס,וופלשניה,,צנימים בטעם וניל פוסולסקי 300 גר,גרמים,300.00,100 גרם,false,1,10.90,3.6333,true,1,139056
4607041232665,false,צנימים עם צימוקים פו,וופלשניה,,צנימים עם צימוקים פוסולסקי 300 גר,גרמים,300.00,100 גרם,false,1,10.90,3.6333,true,1,139057
4607041232672,false,כעכים פוסולסקי מליוט,וופלשניה,,כעכים פוסולסקי מליוטקה מצופים 200 גר,גרמים,200.00,100 גרם,false,1,5.90,2.9500,true,1,137504
4607041232689,false,כעכים פוסולסקי מליוט,וופלשניה,,כעכים פוסולסקי מליוטקה עם פרג 200 גר,גרמים,200.00,100 גרם,false,1,5.90,2.9500,true,1,137503
4607041232979,false,צנימים פוסולסקי צימו,וופלשניה,,צנימים פוסולסקי צימוקים וסוכר 250 גר,גרמים,250.00,100 גרם,false,1,8.90,3.5600,true,1,143170
4607041310660,false,גרעיני חמניות קלויים,,,גרעיני חמניות קלויים בוגטירי 250 גר,גרמים,250.00,100 גרם,false,16,11.90,4.7600,true,1,154596
4607044600027,false,רוטב עשן קלאסיק 330,,,רוטב עשן קלאסיק 330,מיליליטרים,330.00,"100 מ""ל",false,1,21.90,6.6364,true,1,123439
4607051158092,false,תה קורטיס בננה 36 גר,או א.או מאי קומפני,,תה קורטיס בננה 36 גר,גרמים,36.00,100 גרם,false,1,12.90,35.8333,true,1,136703
4607051158221,false,תה ארל גריי 34 גר,או א.או מאי קומפני,,תה ארל גריי 34 גר,גרמים,34.00,100 גרם,false,1,12.90,37.9412,true,1,130716
4607051158269,false,תה לימון 34 גר,או א.או מאי קומפני,,תה לימון 34 גר,גרמים,34.00,100 גרם,false,1,12.90,37.9412,true,1,130717
4607051158306,false,תה ענבים 36 גר,או א.או מאי קומפני,,תה ענבים 36 גר,גרמים,36.00,100 גרם,false,1,12.90,35.8333,true,1,130718
4607051158481,false,תה מוחיטו 34 גר,או א.או מאי קומפני,,תה מוחיטו 34 גר,גרמים,34.00,100 גרם,false,1,12.90,37.9412,true,1,130720
4607051158672,false,תה קורטיס ברייס 34 ג,או א.או מאי קומפני,,תה קורטיס ברייס 34 גר,גרמים,34.00,100 גרם,false,1,12.90,37.9412,true,1,130721
4607051159945,false,תה RICHARD ROYAL CEY,או א.או מאי קומפני,,תה RICHARD ROYAL CEYLON 100,Unknown,0.00,Unknown,false,1,21.90,0.0000,true,1,140877
4607054450810,false,גרעיני חמניות עם מלח,,,גרעיני חמניות עם מלח 200 גר,גרמים,200.00,100 גרם,false,1,10.90,5.4500,true,1,165744
4607054450841,false,גרעינים שחורים מטוגנ,,,"גרעינים שחורים מטוגנ ""סטאניצ""ניה"" 400 גר",גרמים,400.00,100 גרם,false,1,24.90,6.2250,true,1,126631
4607054450865,false,גרעינים סטניצניה באי,אגרוסויוז,,גרעינים סטניצניה באיקי XXL,גרמים,400.00,100 גרם,false,1,22.90,5.7250,true,1,133924
4607054451718,false,גרעינים טמבובסקי וול,או.או.או אגרוסווז,,גרעינים טמבובסקי וולק 230 גר,גרמים,230.00,100 גרם,false,1,11.90,5.1739,true,1,131278
4607054451732,false,גרעינים XXL טמבובסקי,או.או.או אגרוסווז,,גרעינים טמבובסקי וולק XXL,גרמים,400.00,100 גרם,false,1,15.90,3.9750,true,1,131280
4607054451831,false,גרעינים טמבובסקי וול,או.או.או אגרוסווז,,גרעינים טמבובסקי וולק עם מלח 200 גר,גרמים,200.00,100 גרם,false,1,11.90,5.9500,true,1,131279
4607054452319,false,גרעיני דלעת 200 גר,,,גרעיני דלעת 200 גר,גרמים,200.00,100 גרם,false,1,20.90,10.4500,true,1,149002
4607054452371,false,גרעיני חמניות קלויים,,,גרעיני חמניות קלויים סטניצניה 250 גר,גרמים,250.00,100 גרם,false,1,17.90,7.1600,true,1,139061
4607054452395,false,גרעיני דלעת קלויים 2,אגרוסויוז,RU,גרעיני דלעת קלויים 200 גר,גרמים,200.00,100 גרם,false,15,22.90,11.4500,true,1,143880
4607054452470,false,גרעינים טמבובסקי וול,או.או.או אגרוסווז,,גרעינים טמבובסקי וולק 500 גר,גרמים,500.00,100 גרם,false,1,20.90,4.1800,true,1,142867
4607054452579,false,גרעיני חמניות קלויים,אגרוסויוז,RU,גרעיני חמניות קלויים ומלוחים 400 גר,גרמים,400.00,100 גרם,false,10,19.90,4.9750,true,1,143878
4607054452616,false,גרעיני חמניות סטאניצ,אגרוסויוז,,גרעיני חמניות סטאניצניה קלויים 500 גר,גרמים,500.00,100 גרם,false,1,27.90,5.5800,true,1,139388
4607054453255,false,גרעיני חמניות קלויים,אגרוסויוז,RU,גרעיני חמניות קלויים 250 גר,גרמים,250.00,100 גרם,false,15,11.90,4.7600,true,1,143879
4607054453651,false,בוטנים טמבובסקי וולק,,,בוטנים טמבובסקי וולק קלויים 250 גר,גרמים,250.00,100 גרם,false,1,15.90,6.3600,true,1,158148
4607056587507,false,משקה לתת מוגז חבית צ,,RU,משקה לתת מוגז חבית צהובה 1.5 ל,ליטרים,1.50,ליטר,false,6,17.90,11.9333,true,1,158523
4607065411398,false,פטריות שיטאקי פוסולס,,CN,"פטריות שיטקי 680 גר""",גרמים,680.00,100 גרם,false,6,14.90,2.1912,true,1,123459
4607065580070,false,אטריות דושירק להכנה,,,"לפשה ""קוויסטי"" בקר",גרמים,70.00,100 גרם,false,1,2.90,4.1429,true,1,152424
4607065580087,false,אטריות דושירק להכנה,,,"לפשה ""קוויסטי"" עוף",גרמים,70.00,100 גרם,false,1,2.90,4.1429,true,1,152425
4607065580094,false,אטריות דושירק להכנה,,,"לפשה ""קוויסטי"" פטריו",גרמים,70.00,100 גרם,false,1,2.90,4.1429,true,1,152426
4607065580193,false,איטריות דושירק בטעם,,,"איטריות ""דושירק"" עגל",גרמים,90.00,100 גרם,false,1,8.90,9.8889,true,1,123460
4607065580209,false,תבשיל איטריות דושירק,,,"איטריות ""דושירק"" עוף",גרמים,90.00,100 גרם,false,1,8.90,9.8889,true,1,151379
4607065580216,false,איטריות דושירק בטעם,,,"איטריות ""דושירק"" בקר",גרמים,90.00,100 גרם,false,1,8.90,9.8889,true,1,123461
4607065580223,false,איטריות דושירק בטעם,,,"איטריות ""דושירק"" עוף",גרמים,90.00,100 גרם,false,1,8.90,9.8889,true,1,123462
4607065580230,false,איטריות דושירק בטעם,,,"איטריות ""דושירק"" פטר",גרמים,90.00,100 גרם,false,1,8.90,9.8889,true,1,123463
4607065580247,false,איטריות דושירק בטעם,,,"איטריות ""דושירק"" בטע",גרמים,90.00,100 גרם,false,1,8.90,9.8889,true,1,123464
4607065580353,false,תבשיל איטריות דושירק,,,"איטריות ""דושירק"" קימ",גרמים,90.00,100 גרם,false,1,8.90,9.8889,true,1,151380
4607065580575,false,אטריות דושיראק להכנה,DOSHIRAK,,אטריות דושיראק להכנה מהירה בטעם בקר 110,גרמים,110.00,100 גרם,false,1,11.90,10.8182,true,1,137102
4607065580902,false,תבשיל איטריות דושירק,,,תבשיל איטריות דושירק פירות ים 90 גר,גרמים,90.00,100 גרם,false,1,8.90,9.8889,true,1,151384
4607067938558,false,גלידה פלומביר וולוגו,,,גלידה פלומביר וולוגודסקי שוקולד 250 גר,גרמים,250.00,100 גרם,false,1,9.90,3.9600,true,1,171712
4607069986823,false,גבינה מותכת בטעם שמנ,,,גבינה מותכת בטעם שמנת 17.5% 180 גר,גרמים,180.00,100 גרם,false,16,18.90,10.5000,true,1,166317
4607069986830,false,גבינה מותכת שוויצרית,,,גבינה מותכת שוויצרית 17.5% 180 גר,גרמים,180.00,100 גרם,false,16,18.90,10.5000,true,1,166167
4607069986861,false,גבינה מותכת דרוגבה 1,,,גבינה מותכת דרוגבה 180 גר,גרמים,180.00,100 גרם,false,16,18.90,10.5000,true,1,166696
4607083550468,false,שמן חמניות אידאל מזו,,,שמן חמניות אידאל מזוכך 1 ל,ליטרים,1.00,ליטר,false,1,18.90,18.9000,true,1,151532
4607083551755,false,שמן חמניות אידאל מזו,,,שמן חמניות אידאל מזוכך 2 ל,ליטרים,2.00,ליטר,false,1,37.90,18.9500,true,1,151533
4607084351385,false,עוגיות שוקו פאי 360,,,עוגיות שוקו פאי 360 גר,גרמים,360.00,100 גרם,false,1,15.90,4.4167,true,1,131741
4607084352115,false,עוגיות שוקו פאי תפוז,לוט.ק.פ,RU,עוגיות שוקו פאי תפוז 360 גר,גרמים,360.00,100 גרם,false,8,15.90,4.4167,true,1,158116
4607084352245,false,עוגיות שוקו פאי דובד,לוט.ק.פ,RU,עוגיות שוקו פאי דובדבן 360 גר,גרמים,360.00,100 גרם,false,8,15.90,4.4167,true,1,159151
4607084352511,false,עוגיות שוקו פאי אוכמ,לוט.ק.פ,RU,עוגיות שוקו פאי אוכמניות שחורות 360 גר,גרמים,360.00,100 גרם,false,8,15.90,4.4167,true,1,158114
4607084352542,false,עוגיות שוקו פאי מנגו,לוט.ק.פ,RU,עוגיות שוקו פאי מנגו 360 גר,גרמים,360.00,100 גרם,false,8,15.90,4.4167,true,1,159152
4607084352931,false,עוגיות שוקו פאי תפוח,לוט.ק.פ,RU,עוגיות שוקו פאי תפוח 360 גר,גרמים,360.00,100 גרם,false,8,15.90,4.4167,true,1,169053
4607084353631,false,עוגיות שוקו פאי תות,,,עוגיות שוקו פאי תות שדה 360 גר,גרמים,360.00,100 גרם,false,1,15.90,4.4167,true,1,172238
4607084419375,false,שעועית לבנה עם פטריו,,,שעועית לבנה עם פטריות סגנון יווני EKO,גרמים,510.00,100 גרם,false,1,12.90,2.5294,true,1,145499
4607084419382,false,חצילים מטוגנים עם יר,,,חצילים מטוגנים עם ירקות סגנון הונגרי EKO,גרמים,480.00,100 גרם,false,1,12.90,2.6875,true,1,145500
4607086730423,false,גרעיני חמניות קלויים,KARPAY,,גרעיני חמניות קלויים 200 גר,גרמים,200.00,100 גרם,false,24,12.90,6.4500,true,1,148822
4607086730782,false,גרעיני חמניות קלויים,KARPAY,,גרעיני חמניות קלויים במלח 200 גר,גרמים,200.00,100 גרם,false,30,12.90,6.4500,true,1,145608
4607093876251,false,צנימי שיפון בטעם בצל,,,צנימי שיפון בטעם בצל עם קטשופ 80 גר+25 ג,גרמים,105.00,100 גרם,false,15,11.90,11.3333,true,1,167774
4607093876275,false,צנימים בטעם קבב עם ר,,,צנימים בטעם קבב עם רוטב חמוץ 80 גר+25 גר,גרמים,105.00,100 גרם,false,15,11.90,11.3333,true,1,167776
4607093876534,false,צנימי שיפון בטעם בשר,,,צנימי שיפון בטעם בשר עגל 80 גר+25 גר,גרמים,105.00,100 גרם,false,15,11.90,11.3333,true,1,167777
4607097070150,false,פתיתי כוסמת אלטייסקי,מלניצ'ני קומפלקס,,פתיתי כוסמת אלטייסקיה סקזקה 400 גר,גרמים,400.00,100 גרם,false,1,10.90,2.7250,true,1,130714
4607097074769,false,כוסמת אלטייסקיה סקאז,מלניצ'ני קומפלקס,,"כוסמת ""אלטייסקיה סקא",גרמים,800.00,100 גרם,false,1,14.90,1.8625,true,1,123473
4607099091689,false,פופקורן בטעם חלב מרו,,,פופקורן בטעם חלב מרוכז 99 גר,גרמים,99.00,100 גרם,false,15,3.90,3.9394,true,1,152732
4607116765500,false,חמוציות מרוסקות 570,,,חמוציות מרוסקות 570 גר,גרמים,570.00,100 גרם,false,1,18.90,3.3158,true,1,136965
4607116765531,false,אוכמניות שחורות מרוס,,,אוכמניות שחורות מרוסקות 570 גר,גרמים,570.00,100 גרם,false,1,18.90,3.3158,true,1,136962
4607116766064,false,אוכמניות אדומות מרוס,,,אוכמניות אדומות מרוסקות 570 גר,גרמים,570.00,100 גרם,false,1,18.90,3.3158,true,1,136963
4607116766187,false,שעועית אדומה ברוטב ע,,,שעועית אדומה ברוטב עגבניות 360 גר,גרמים,360.00,100 גרם,false,1,9.90,2.7500,true,1,136971
4607116766194,false,שעועית לבנה טבעי 360,,,שעועית לבנה טבעי 360 גר,גרמים,360.00,100 גרם,false,1,9.90,2.7500,true,1,136972
4607116769560,false,לימונים מרוסקים 570,,,לימונים מרוסקים 570 גר,גרמים,570.00,100 גרם,false,1,18.90,3.3158,true,1,136966
4607123920220,false,ברנדי קיזליאר 5 שנים,,,"ברנדי ""קיזליאר"" 5שנים 0.5ל",מיליליטרים,500.00,"100 מ""ל",false,1,79.90,15.9800,true,1,123476
4607126190026,false,פת פריכה ילזבטה מקמח,,,פת פריכה ילזבטה מקמח חיטה ושיפון ויטמין,גרמים,80.00,100 גרם,false,1,8.90,11.1250,true,1,143721
4607126190064,false,פת פריכה ילזבטה מקמח,,,פת פריכה ילזבטה מקמח שיפון 75 גר,גרמים,75.00,100 גרם,false,1,8.90,11.8667,true,1,143723
4607135892317,false,עוגת וופל מצופה מישק,סרברניי בור,,"עוגת ופל ""מישקה קוסו",גרמים,250.00,100 גרם,false,1,17.90,7.1600,true,1,123478
4607135892973,false,וופל מצופה קורובקה 2,סרברניי בור,,וופל מצופה קורובקה 200גר,גרמים,200.00,100 גרם,false,1,17.90,8.9500,true,1,128532
4607144733526,false,זפיר סלדקיי איסטוריי,סמרה,,זפיר סלדקיי איסטוריי בטעם קראנץ 250גר,גרמים,250.00,100 גרם,false,1,13.90,5.5600,true,1,129569
4607144734370,false,עוגיות קורובקה סוכר,,,עוגיות קורובקה סוכר בטעם חלב 375 גר,גרמים,375.00,100 גרם,false,1,13.90,3.7067,true,1,132856
4607144734387,false,עוגיות קורובקה עם חל,,,עוגיות קורובקה עם חלב מרוכז 375 גר,גרמים,375.00,100 גרם,false,1,13.90,3.7067,true,1,132857
4607145720280,false,תערובת ירקות בחומץ 9,,,תערובת ירקות בחומץ 950 מל,גרמים,900.00,100 גרם,false,1,20.90,2.3222,true,1,165621
4607145722123,false,תערובת עגבניות שרי ו,,,תערובת עגבניות שרי ומלפפון בחומץ 950 מל,מיליליטרים,950.00,"100 מ""ל",false,1,20.80,2.1895,true,1,165623
4607149551675,false,ממתק טופי חלב עם בוט,,,ממתק טופי חלב עם בוטנים 200 גר,גרמים,200.00,100 גרם,false,24,7.90,3.9500,true,1,158446
4607149551835,false,ממתק טופי חלב עם בוט,,,ממתק טופי חלב עם בוטנים וצימוקיןם 200 גר,גרמים,200.00,100 גרם,false,24,7.90,3.9500,true,1,158447
4607149551842,false,ממתק טופי חלב עם בוט,,,ממתק טופי חלב עם בוטנים וקקאו 200 גר,גרמים,200.00,100 גרם,false,24,7.90,3.9500,true,1,158448
4607163091577,false,מיץ תפוע ירוקים 1 ל,,,מיץ תפוע ירוקים 1 ל,ליטרים,1.00,ליטר,false,1,13.90,13.9000,true,1,170146
4607163091591,false,מיץ משמש ותפוחים 1 ל,,,מיץ משמש ותפוחים 1 ל,ליטרים,1.00,ליטר,false,1,13.90,13.9000,true,1,170144
4607163091607,false,מיץ דובדבן ותפוחים 1,,,מיץ דובדבן ותפוחים 1 ל,ליטרים,1.00,ליטר,false,1,13.90,13.9000,true,1,170142
4607163091621,false,מיץ פירות טרופיים עם,,,מיץ פירות טרופיים עם כתישה 1 ל,ליטרים,1.00,ליטר,false,1,13.90,13.9000,true,1,170143
4607163093014,false,מיץ תפוע וענבים 1 ל,,,מיץ תפוע וענבים 1 ל,ליטרים,1.00,ליטר,false,1,13.90,13.9000,true,1,170141
4607163093076,false,מיץ דומדמניות ותפוחי,,,מיץ דומדמניות ותפוחים 1 ל,ליטרים,1.00,ליטר,false,1,13.90,13.9000,true,1,170138
4607167190054,false,ריבת אימפריה תות שדה,אימפריה ג'מוב,,"ריבת אימפריה תות שדה 1 ק""ג",קילוגרמים,1.00,"ק""ג",false,1,36.90,36.9000,true,1,139376
4607167190115,false,ריבת אימפריה פטל 1 ק,אימפריה ג'מוב,,"ריבת אימפריה פטל 1 ק""ג",קילוגרמים,1.00,"ק""ג",false,1,39.90,39.9000,true,1,139374
4607167190146,false,ריבת אימפריה חמוציות,אימפריה ג'מוב,,"ריבת אימפריה חמוציות 1 ק""ג",קילוגרמים,1.00,"ק""ג",false,1,36.90,36.9000,true,1,139372
4607167190177,false,ריבת אימפריה אגסים 1,אימפריה ג'מוב,,"ריבת אימפריה אגסים 1 ק""ג",קילוגרמים,1.00,"ק""ג",false,1,36.90,36.9000,true,1,139364
4607167191051,false,ריבת אימפריה דומדמני,אימפריה ג'מוב,,ריבת אימפריה דומדמניות שחורות 1 קג,קילוגרמים,1.00,"ק""ג",false,1,36.90,36.9000,true,1,170490
4607167191297,false,ריבת אימפריה אובלפיח,אימפריה ג'מוב,,"ריבת אימפריה אובלפיחה 1 ק""ג",קילוגרמים,1.00,"ק""ג",false,1,36.90,36.9000,true,1,139365
4607174180017,false,עוגיות סוכר בטעם שמנ,,RU,עוגיות מורוזובה בטעם שמנת 430 גר,גרמים,430.00,100 גרם,false,25,15.90,3.6977,true,1,142291
4607174184244,false,עוגיות סוכר בטעם גבי,,RU,עוגיות בטעם גבינה לבנה 430 גר,גרמים,430.00,100 גרם,false,25,15.90,3.6977,true,1,150524
4607175973427,false,סובין דגנים שיבולת ש,סיביר קלצאטקה,,סובין דגנים שיבולת שועל בטעם שזיף 200 גר,גרמים,200.00,100 גרם,false,1,11.90,5.9500,true,1,140421
4607931605210,false,משקה דושס 500 מל,RASSVET,,"משקה ""דושס"" 0.5 ל",מיליליטרים,500.00,"100 מ""ל",false,1,9.90,1.9800,true,1,129508
4607931605227,false,משקה טרחון 500 מל,RASSVET,,"משקה ""טרחון"" 0.5 ל",מיליליטרים,500.00,"100 מ""ל",false,1,9.90,1.9800,true,1,129510
4607931605234,false,משקה לימונד 500 מל,RASSVET,,"משקה ""לימונד"" 0.5 ל",מיליליטרים,500.00,"100 מ""ל",false,1,9.90,1.9800,true,1,129509
4607931605241,false,משקה ברבריס 500 מל,RASSVET,,"משקה ""ברבריס"" 0.5 ל",מיליליטרים,500.00,"100 מ""ל",false,1,9.90,1.9800,true,1,129511
4607931605654,false,משקה מוחיטו 500 מל,משקה,,"משקה מוחיטו 500 מ""ל",מיליליטרים,500.00,"100 מ""ל",false,1,9.90,1.9800,true,1,129989
4607952850156,false,קוויאר אדום צנצנת זכ,,,קוויאר אדום צנצנת זכוכית 230 גר,גרמים,230.00,100 גרם,false,1,129.90,56.4783,true,1,170525
4610017680551,false,בירה בהירה קרופטובוי,,,בירה בהירה קרופטובויה 750 מל,מיליליטרים,750.00,"100 מ""ל",false,6,19.90,2.6533,true,1,162253
4610017684627,false,בירה כהה קרופטובויה,,,בירה כהה קרופטובויה 750 מל,מיליליטרים,750.00,"100 מ""ל",false,6,19.90,2.6533,true,1,162254
4610017688793,false,בירה כהה מרוצינוה 50,חברה פרטית מבשלת ביר,,בירה כהה מרוצינוה 500 מל,מיליליטרים,500.00,"100 מ""ל",false,1,11.90,2.3800,true,1,170541
4610028071034,false,עוגיות מקרון בטעם תו,,,עוגיות מקרון בטעם תות שדה 60 גר,גרמים,60.00,100 גרם,false,12,11.90,19.8333,true,1,165038
4610082660045,false,שוקולד מריר אגוזי לו,,,שוקולד מריר אגוזי לוז 90 גר,גרמים,90.00,100 גרם,false,1,11.90,13.2222,true,1,172140
4610082660069,false,שוקולד מריר שקדים 90,,,שוקולד מריר שקדים 90 גר,גרמים,90.00,100 גרם,false,1,11.90,13.2222,true,1,172141
4610082660731,false,סוכריות טראפל שוקולד,,,סוכריות טראפל שוקולד ללא סוכר 150 גר,גרמים,150.00,100 גרם,false,1,15.90,10.6000,true,1,172139
4610082860056,false,דייסת 5 דגנים עם דבש,אובלקה,,דייסת 5 דגנים עם דבש ואגוזים 200 גר,גרמים,200.00,100 גרם,false,1,13.90,6.9500,true,1,173330
4610082860124,false,פתיתי 5 דגנים עם משמ,אובלקה,,פתיתי 5 דגנים עם משמש 240 גר,גרמים,240.00,100 גרם,false,1,13.90,5.7917,true,1,173327
4610082860131,false,פתיתי 5 דגנים עם שזי,אובלקה,,פתיתי 5 דגנים עם שזיף מיובש 240 גר,גרמים,240.00,100 גרם,false,1,13.90,5.7917,true,1,173328
4610103310232,false,סוויט בוקס צעצוע גיב,,,סוויט בוקס צעצוע גיבורים נצחיים,Unknown,0.00,Unknown,false,1,11.90,0.0000,true,1,170282
4612497002175,false,תערובת פטריות יער או,וולוגודסקיה יאגודה,RU,תערובת פטריות יער אופיאטה/מסליאטה/בורובי,גרמים,300.00,100 גרם,false,10,16.90,5.6333,true,1,153006
4612497002182,false,פטריות מיקס קפוא 300,,,פטריות מיקס קפוא 300 גר,גרמים,300.00,100 גרם,false,1,16.90,5.6333,true,1,153004
4612497002199,false,פטריות לבנות פורציני,,,פטריות לבנות פורציני קפוא 300 גר,גרמים,300.00,100 גרם,false,1,26.90,8.9667,true,1,151959
4612497003165,false,פטריות ליסיצקי קפוא,,,פטריות ליסיצקי קפוא 300 גר,גרמים,300.00,100 גרם,false,1,26.90,8.9667,true,1,153005
4620015850603,false,תה ירוק 200 גר,או א.או מאי קומפני,,תה ירוק RICHARD ROYAL GREEN 100,גרמים,200.00,100 גרם,false,1,21.90,10.9500,true,1,140879
4620015851044,false,תה לבן קורטיס 34 גר,או א.או מאי קומפני,,תה לבן קורטיס 34 גר,גרמים,34.00,100 גרם,false,1,12.90,37.9412,true,1,136707
4620015851068,false,תה שחור קורטיס טרופל,זא א או מאי קומפני,,תה שחור קורטיס טרופל 36 גר,גרמים,36.00,100 גרם,false,1,12.90,35.8333,true,1,133793
4620015851082,false,תה שחור ארל גריי 200,או א.או מאי קומפני,,תה שחור RICHARD ארל גריי 100 שק,גרמים,200.00,100 גרם,false,1,21.90,10.9500,true,1,140873
4620015851860,false,תה שחור ריצארד רויאל,או א.או מאי קומפני,,תה שחור RICHARD ROYAL MISS GREY,גרמים,34.00,100 גרם,false,1,12.90,37.9412,true,1,139233
4620015851877,false,תה שחור ריצארד רויאל,או א.או מאי קומפני,,תה שחור RICHARD ROYAL CEYLON,גרמים,34.00,100 גרם,false,1,12.90,37.9412,true,1,139232
4620015851884,false,תה שחור ריצארד רויאל,או א.או מאי קומפני,,תה שחור RICHARD ROYAL LIME+MINT,גרמים,34.00,100 גרם,false,1,12.90,37.9412,true,1,139234
4620015852454,false,תה שחור RICHARD ROYA,או א.או מאי קומפני,,תה שחור RICHARD ROYAL KENIA 100,Unknown,0.00,Unknown,false,1,21.90,0.0000,true,1,140878
4620015852546,false,תה שחור קורטיס ברברי,או א.או מאי קומפני,,תה שחור CURTIS BARBERRY MELODY,גרמים,36.00,100 גרם,false,1,12.90,35.8333,true,1,139230
4620015852553,false,תה שחור קורטיס אוכמנ,או א.או מאי קומפני,,תה שחור CURTIS BLUE BERRIES,גרמים,36.00,100 גרם,false,1,12.90,35.8333,true,1,139231
4620015852966,false,תה שחור ריצרד רואיל,או א.או מאי קומפני,,תה שחור ריצרד רואיל ענבים 36 גר,גרמים,36.00,100 גרם,false,12,12.90,35.8333,true,1,144788
4620015852973,false,תה פירות ריצרד רואיל,או א.או מאי קומפני,,תה פירות ריצרד רואיל אדום 34 גר,גרמים,34.00,100 גרם,false,12,12.90,37.9412,true,1,144789
4620015853031,false,תה שחור ריצרד רואיל,או א.או מאי קומפני,,תה שחור ריצרד רואיל הל 25 גר,גרמים,25.00,100 גרם,false,12,12.90,51.6000,true,1,144786
4620015854700,false,תה שחור רוייל צס 54.,,,תה שחור רוייל צס 54.4 גר,גרמים,54.00,100 גרם,false,1,39.90,73.8889,true,1,166530
4623720616311,false,זפיר אסורטי בטעם פיר,פטרבורג.קונדיטר,,זפיר אסורטי בטעם פירות 420גר,גרמים,420.00,100 גרם,false,1,14.90,3.5476,true,1,128661
4623721523441,false,זפיר בטעם קפוצינו 42,פטרבורג.קונדיטר,,זפיר בטעם קפוצינו 420 גר,גרמים,420.00,100 גרם,false,1,14.90,3.5476,true,1,132947
4623721523458,false,זפיר בטעם שמנת 420 ג,פטרבורג.קונדיטר,,זפיר בטעם שמנת 420 גר,גרמים,420.00,100 גרם,false,1,14.90,3.5476,true,1,132948
4623721717444,false,זפיר בטעם תפוח עץ יר,פטרבורג.קונדיטר,,זפיר בטעם תפוח עץ ירוק 420 גר,גרמים,420.00,100 גרם,false,1,14.90,3.5476,true,1,132945
4627084680346,false,רוטב רימונים 310 מל,,,רוטב רימונים 300 גר,מיליליטרים,310.00,"100 מ""ל",false,1,24.90,8.0323,true,1,138022
4630009187882,false,מיץ ירקות עם מלח וכת,,,מיץ ירקות עם מלח וכתישה 1 ל,ליטרים,1.00,ליטר,false,1,13.90,13.9000,true,1,170139
4630009189671,false,מחית תפוח אגס שזיף 1,,,מחית תפוח אגס שזיף 120 גר,גרמים,120.00,100 גרם,false,1,5.90,4.9167,true,1,170148
4630016490074,false,משקה מוגז סן סלוויה,SAN SLAVIA,,משקה מוגז סן סלוויה לימון ליים 500מל,מיליליטרים,500.00,"100 מ""ל",false,1,9.90,1.9800,true,1,131352
4630016490081,false,משקה מוגז סן סלוויה,SAN SLAVIA,,משקה מוגז סן סלוויה אגס 500מל,מיליליטרים,500.00,"100 מ""ל",false,1,9.90,1.9800,true,1,131347
4630016490159,false,משקה מוגז סן סלוויה,SAN SLAVIA,,משקה מוגז סן סלוויה טרחון 500מל,מיליליטרים,500.00,"100 מ""ל",false,1,9.90,1.9800,true,1,131353
4630016490166,false,משקה מוגז סן סלוויה,SAN SLAVIA,,משקה מוגז סן סלוויה אייבה 500מל,מיליליטרים,500.00,"100 מ""ל",false,1,9.90,1.9800,true,1,131346
4630016490173,false,משקה מוגז סן סלוויה,SAN SLAVIA,,משקה מוגז סן סלוויה תפוז 500מל,מיליליטרים,500.00,"100 מ""ל",false,1,9.90,1.9800,true,1,131349
4630038370828,false,עגבניות כבושות במלח,,,עגבניות כבושות במלח ואניה 950 גר,גרמים,950.00,100 גרם,false,1,16.90,1.7789,true,1,167618
4630049326746,false,שמן חמניות בראביטה 8,,,שמן חמניות בראביטה 870 מל,מיליליטרים,870.00,"100 מ""ל",false,,12.90,1.4828,true,1,171074
4630073800069,false,בלינצס קפוא במילוי מ,,,בלינצס קפוא במילוי מחית דובדבן לינה 350,גרמים,350.00,100 גרם,false,1,11.90,3.4000,true,1,159593
4630073800076,false,בלינצס קפוא במילוי ח,,,בלינצס קפוא במילוי חלב מרוכז לינה 350 גר,גרמים,350.00,100 גרם,false,1,11.90,3.4000,true,1,159594
4630073800083,false,בלינצס קפוא בטעם גבי,,,בלינצס קפוא בטעם גבינה לבנה לינה 350 גר,גרמים,350.00,100 גרם,false,1,11.90,3.4000,true,1,159595
4640001890031,false,סודה לשתיה 500 גר,או או או בשקיריה,,"סודה לשתיה 500 גר""",גרמים,500.00,100 גרם,false,1,7.90,1.5800,true,1,127379
4640013601007,false,ונילין 1.5 גר,PROFAGROTECHNIKA,,ונילין 1.5 גר,Unknown,0.00,Unknown,false,1,0.90,0.0000,true,1,162729
4640013601069,false,אבקת אפייה 12 גר,PROFAGROTECHNIKA,,אבקת אפייה 12 גר,גרמים,12.00,100 גרם,false,1,1.90,15.8333,true,1,162727
4640013602165,false,שמרים יבשים לאפייה 7,PROFAGROTECHNIKA,,שמרים יבשים לאפייה 75 גר,גרמים,75.00,100 גרם,false,1,6.90,9.2000,true,1,162723
4640013607313,false,תחליף אבקת חלב 150 ג,PROFAGROTECHNIKA,,תחליף אבקת חלב 150 גר,גרמים,150.00,100 גרם,false,1,12.90,8.6000,true,1,162724
4640018993343,false,קפסולות למדיח קוואנט,,,פיניש קוואנטום 30 יח קפסולות גל למדיח,Unknown,0.00,Unknown,false,1,39.90,0.0000,true,1,158084
4640018993398,false,גל קפסולות פיניש קוו,,,גל קפסולות פיניש קוואנטום 60 יח,Unknown,0.00,Unknown,false,1,54.90,0.0000,true,1,159109
4650058320139,false,דמוי קוויאר שחור 450,"גרינדי בע""מ",,דמוי קוויאר שחור 450 גר,גרמים,450.00,100 גרם,false,1,21.90,4.8667,true,1,131881
4650058320146,false,דמוי קוויאר אדום 450,"גרינדי בע""מ",,דמוי קוויאר אדום 450 גר,גרמים,450.00,100 גרם,false,1,21.90,4.8667,true,1,131880
4660011131023,false,עוגה פלומביר 750 גר,,,עוגה פלומביר 750 גר,גרמים,750.00,100 גרם,false,1,55.90,7.4533,true,1,171462
4660011134529,false,עוגה שמנת תותים 800,,,עוגה שמנת תותים 800 גר,גרמים,800.00,100 גרם,false,1,82.90,10.3625,true,1,171467
4660011135151,false,עוגה שמנת אוכמניות 7,,,עוגה שמנת אוכמניות 750 גר,גרמים,750.00,100 גרם,false,1,55.90,7.4533,true,1,171465
4660011135304,false,עוגה פראג 600 גר,,,עוגה פראג 600 גר,גרמים,600.00,100 גרם,false,1,55.90,9.3167,true,1,171463
4660115902291,false,תה שחור פטל 20 שק 34,או א.או מאי קומפני,,תה שחור פטל 20 שק 34 גר,גרמים,34.00,100 גרם,false,1,12.90,37.9412,true,1,174017
4660115904431,false,תה ירוק קרטיס 20 שק,קאן אגריטך פרייבט למ,,תה ירוק קרטיס 20 שק,Unknown,0.00,Unknown,false,1,12.90,0.0000,true,1,171137
4660115904479,false,תה ירוק קרטיס 20 שק,קאן אגריטך פרייבט למ,,תה ירוק קרטיס 20 שק,Unknown,0.00,Unknown,false,1,12.90,0.0000,true,1,171138
4665270950033,false,כוסמת סמייניה זאקרומ,או או או פמילי סטוק,,כוסמת סמייניה זאקרומה 800 גר,גרמים,800.00,100 גרם,false,12,14.90,1.8625,true,1,136721
4670001495035,false,קוואס יאחונט 2 ל,,,קוואס יאחונט 2 ל,ליטרים,2.00,ליטר,false,,12.90,6.4500,true,1,169905
4678599099161,false,ארנה דג גוסטרה 150 ג,MALBI CHOCOLATE,,ארנה דג גוסטרה 150 גר,גרמים,150.00,100 גרם,false,1,18.90,12.6000,true,1,157362
4680009030404,false,סלט כרוב ים 220 גר,ז אי או יוזמורריבפלו,,סלט כרוב ים 220 גר,גרמים,220.00,100 גרם,false,1,7.90,3.5909,true,1,134103
4680009730021,false,דובשניות סחרניה בטעם,,,דובשניות סחרניה בטעם וניל 500 גר,גרמים,500.00,100 גרם,false,1,12.90,2.5800,true,1,165738
4680009731318,false,בייגל מלוטקה 500 גר,BKK,RU,בייגל מלוטקה 500 גר,גרמים,500.00,100 גרם,false,10,12.90,2.5800,true,1,159249
4680009734395,false,בייגל בטעם וניל 500,BKK,RU,בייגל בטעם וניל 500 גר,גרמים,500.00,100 גרם,false,10,12.90,2.5800,true,1,159248
4680009734432,false,בייגל פרג 500 גר,BKK,RU,בייגל פרג 500 גר,גרמים,500.00,100 גרם,false,10,12.90,2.5800,true,1,159247
4680009735859,false,דובשניות במילוי בטעם,,,דובשניות במילוי בטעם דובדבנים 500 גר,גרמים,500.00,100 גרם,false,1,15.90,3.1800,true,1,165735
4680019560854,false,מיץ עגבניות עם מלח ו,,,מיץ עגבניות עם מלח וכתישה 1 ל,ליטרים,1.00,ליטר,false,1,13.90,13.9000,true,1,170140
4680019560922,false,משקה שיבולת שועל קלא,,,משקה שיבולת שועל קלאסי 1 ל,ליטרים,1.00,ליטר,false,1,12.90,12.9000,true,1,172197
4680019562018,false,משקה כוסמת 1 ל,,,משקה כוסמת 1 ל,ליטרים,1.00,ליטר,false,1,12.90,12.9000,true,1,172195
4680019563442,false,משקה אורז 1 ל,,,משקה אורז 1 ל,ליטרים,1.00,ליטר,false,1,12.90,12.9000,true,1,172200
4680019564432,false,מחית בננה 120 גר,,,מחית בננה 120 גר,גרמים,120.00,100 גרם,false,1,5.90,4.9167,true,1,170151
4680019565262,false,מיץ תפוע ירוקים 2 ל,,,מיץ תפוע ירוקים 2 ל,ליטרים,2.00,ליטר,false,1,22.90,11.4500,true,1,170132
4680019565408,false,מיץ עגבניות עם מלח,,,מיץ עגבניות עם מלח 2 ל,ליטרים,2.00,ליטר,false,1,22.90,11.4500,true,1,170137
4680019566450,false,משקה שקדים 1 ל,,,משקה שקדים 1 ל,ליטרים,1.00,ליטר,false,1,12.90,12.9000,true,1,172202
4680036910151,false,תמד עם נענע 4% נפראו,,,תמד עם נענע 4% נפראווילני מיוד 450 מל,מיליליטרים,450.00,"100 מ""ל",false,1,10.90,2.4222,true,1,167661
4680036910199,false,בירה קראפט APA וולפב,,,בירה קראפט וולפבריו APA,מיליליטרים,450.00,"100 מ""ל",false,1,10.90,2.4222,true,1,152701
4680036910298,false,בירה זיגולי 900 מל,,,"בירה זיגולי 900 מ""ל",מיליליטרים,900.00,"100 מ""ל",false,1,14.90,1.6556,true,1,137641
4680036910434,false,בירה קראפט וולפבריו,,,"בירה קראפט וולפבריו סבטלויה 450 מ""ל",מיליליטרים,450.00,"100 מ""ל",false,1,10.90,2.4222,true,1,152703
4680036910502,false,בירה זיגולי אקספורט,,,"בירה זיגולי אקספורט 450 מ""ל",מיליליטרים,450.00,"100 מ""ל",false,1,9.90,2.2000,true,1,137640
4680036912940,false,בירה זיגולי ללא אלכו,,,"בירה זיגולי ללא אלכוהול פח 450 מ""ל",מיליליטרים,450.00,"100 מ""ל",false,1,7.90,1.7556,true,1,144049
4680036913039,false,בירה זיגולי פחית 450,חברה פרטית מבשלת ביר,RU,"בירה זיגולי פחית 450 מ""ל שישייה",מיליליטרים,2700.00,"100 מ""ל",false,1,42.90,1.5889,true,1,144724
4680036913121,false,קוואס יאחונט 450 מל,,,קוואס יאחונט 450 מל,מיליליטרים,450.00,"100 מ""ל",false,1,8.90,1.9778,true,1,169867
4680036914036,false,בירה זיגולי קראפט לא,אוזרסקי סובניר,,"בירה זיגולי IPA לא מסוננת זכוכית 450 מ""ל",מיליליטרים,450.00,"100 מ""ל",false,1,10.90,2.4222,true,1,151878
4680036914395,false,בירה קראפט וולפבריו,,,בירה קראפט וולפבריו IPA לא מסוננת 450 מל,מיליליטרים,450.00,"100 מ""ל",false,1,10.90,2.4222,true,1,152700
4680036914913,false,בירה גיגולי ללא אלכו,,,בירה גיגולי ללא אלכוהול בק 450 מל,מיליליטרים,450.00,"100 מ""ל",false,1,7.90,1.7556,true,1,157613
4680036914982,false,בירה זיגולי משי 450,,,"בירה זיגולי משי 450 מ""ל",מיליליטרים,450.00,"100 מ""ל",false,1,9.90,2.2000,true,1,156378
4680036915002,false,בירה זיגולי חיטה בק,,,בירה זיגולי חיטה בק 450 מל,מיליליטרים,450.00,"100 מ""ל",false,1,9.90,2.2000,true,1,157612
4680036915231,false,בירה קראפט אייל חזקה,,,בירה קראפט אייל חזקה מישנקה פוד וישנקוי,מיליליטרים,450.00,"100 מ""ל",false,1,10.90,2.4222,true,1,158069
4680036915934,false,בירה זיגולי בק 450 מ,,,בירה זיגולי בק 500 מל,מיליליטרים,450.00,"100 מ""ל",false,1,9.90,2.2000,true,1,170655
4680036916870,false,בירה קראפט לא מסוננת,,,בירה קראפט לא מסוננת ללא אלכוהול 450 מל,מיליליטרים,450.00,"100 מ""ל",false,1,9.90,2.2000,true,1,168297
4680036917167,false,בירה קראפט כהה חזקה,,,בירה קראפט כהה חזקה סטאוט שוקולד 450 מל,מיליליטרים,450.00,"100 מ""ל",false,1,10.90,2.4222,true,1,168899
4680036919475,false,בירה זיגולי 1968 רכה,,,בירה זיגולי 1968 רכה במיוחד 430 מל,מיליליטרים,430.00,"100 מ""ל",false,1,9.90,2.3023,true,1,172588
4680046809247,false,שמן חמניות לוקס 870,,,שמן חמניות לוקס 870 מל,מיליליטרים,870.00,"100 מ""ל",false,1,14.90,1.7126,true,1,156813
4690329007765,false,צנימים לסלט ומרק 100,קה דה או נובוסיבירסק,,צנימים לסלט ומרק 100 גר,גרמים,100.00,100 גרם,false,1,3.90,3.9000,true,1,141782
4690329008274,false,צנימים לסלט עם שום 1,קה דה או נובוסיבירסק,,צנימים לסלט עם שום 100 גר,גרמים,100.00,100 גרם,false,28,4.90,4.9000,true,1,144769
4699302736913,false,חטיפי פיתה לבשיקי בט,,,חטיפי פיתה לבשיקי בטעם בצל ירוק 100 גר,גרמים,100.00,100 גרם,false,1,7.90,7.9000,true,1,171701
4699302736920,false,חטיפי פיתה לבשיקי בט,,,חטיפי פיתה לבשיקי בטעם נקניקיות שום 100,גרמים,100.00,100 גרם,false,1,7.90,7.9000,true,1,171702
4699302736937,false,חטיפי פיתה לבשיקי בט,,,חטיפי פיתה לבשיקי בטעם שישליק 90 גר,גרמים,90.00,100 גרם,false,1,7.90,8.7778,true,1,174409
4699302736944,false,חטיפי פיתה לבשיקי בט,,,חטיפי פיתה לבשיקי בטעם שמנת עם בצל 90 גר,גרמים,90.00,100 גרם,false,1,7.90,8.7778,true,1,174411
4699302736951,false,חטיפי פיתה לבשיקי בט,,,חטיפי פיתה לבשיקי בטעם גבינה עם שום 90 ג,גרמים,90.00,100 גרם,false,1,7.90,8.7778,true,1,174410
4710068001692,false,קפה קר מאסטר קפה לאט,L.S XILAGORA,,קפה קר מאסטר קפה לאטה 240מל,מיליליטרים,240.00,"100 מ""ל",false,1,7.90,3.2917,true,1,129017
4710068001715,false,קפה קר מאסטר קפה טרמ,L.S XILAGORA,,קפה קר מאסטר קפה טרמיסו 240מל,מיליליטרים,240.00,"100 מ""ל",false,1,7.90,3.2917,true,1,129019
4710068001739,false,קפה קר מאסטר קפה קול,L.S XILAGORA,,קפה קר מאסטר קפה קולומביאני 240מל,מיליליטרים,240.00,"100 מ""ל",false,1,7.90,3.2917,true,1,129018
4710068002798,false,קפה קר מאסטר קפה וני,L.S XILAGORA,,"קפה קר מאסטר קפה ונילה 240 מ""ל",מיליליטרים,240.00,"100 מ""ל",false,24,7.90,3.2917,true,1,151377
4711476002790,false,קפה קר פיפו לאטה 240,,,"קפה קר פיפו לאטה 240 מ""ל",מיליליטרים,240.00,"100 מ""ל",false,24,8.90,3.7083,true,1,155067
4711476002813,false,קפה קר פיפו מוקצינו,,,"קפה קר פיפו מוקצינו 240 מ""ל",מיליליטרים,240.00,"100 מ""ל",false,24,8.90,3.7083,true,1,155068
4740036005551,false,חמאה טארה 200 גר,,,חמאה טארה 200 גר,גרמים,200.00,100 גרם,false,1,12.90,6.4500,true,1,170033
4740056912365,false,פנקייק במילוי ריבת ת,,,פנקייק במילוי ריבת תות 280 גר,גרמים,280.00,100 גרם,false,1,14.90,5.3214,true,1,166742
4740056913362,false,פנקייק במילוי ריבת פ,,,פנקייק במילוי ריבת פירות יער 280 גר,גרמים,280.00,100 גרם,false,1,14.90,5.3214,true,1,166741
4740056913492,false,פנקייק ויסי קלאסי 50,,,פנקייק ויסי קלאסי 500 גר,גרמים,500.00,100 גרם,false,1,21.90,4.3800,true,1,155391
4740098079309,false,סידר פיז אוכמניות 4%,CESU ALUS,,"סידר פיז אוכמניות 4% פח 500 מ""ל",מיליליטרים,500.00,"100 מ""ל",false,1,8.90,1.7800,true,1,130451
4740098084440,false,סידר פיז תפוח עץ 4%,CESU ALUS,,"סידר פיז תפוח עץ 4% פח 500 מ""ל",מיליליטרים,500.00,"100 מ""ל",false,1,8.90,1.7800,true,1,135525
4740098098331,false,קוקטייל בלו לגון לה,,,קוקטייל בלו לגון לה קוק 330 מל,מיליליטרים,330.00,"100 מ""ל",false,1,9.90,3.0000,true,1,171457
4740098098355,false,קוקטייל לה קוק מוחיט,,,קוקטייל לה קוק מוחיטו 330 מל,מיליליטרים,330.00,"100 מ""ל",false,1,9.90,3.0000,true,1,170325
4740098098379,false,קוקטייל לה קוק מרגרי,,,קוקטייל לה קוק מרגריטה 330 מל,מיליליטרים,330.00,"100 מ""ל",false,1,9.90,3.0000,true,1,170324
4740098098393,false,קוקטייל סקס און דה ב,,,קוקטייל סקס און דה ביץ לה קוק 330 מל,מיליליטרים,330.00,"100 מ""ל",false,1,9.90,3.0000,true,1,170326
4744131010489,false,קנקן אמטיסט 2.8 ל,,,קנקן אמטיסט 2.8 ל,Unknown,0.00,Unknown,false,9,79.90,0.0000,true,1,160696
4744131014159,false,קנקן זאספר 2.8 ל,,,קנקן זאספר 2.8 ל,Unknown,0.00,Unknown,false,6,79.90,0.0000,true,1,160698
4744131014265,false,סט שלישיית סננים לקנ,,,סט שלישיית סננים לקנקן,Unknown,0.00,Unknown,false,12,69.90,0.0000,true,1,160700
4750001814743,false,אסורטי ורדים אדומים,LAIMA,,אסורטי ורדים אדומים 470 גר,גרמים,470.00,100 גרם,false,1,39.90,8.4894,true,1,124082
4750001948110,false,שוקולד לאימה חלב אסו,LAIMA,,שוקולד לאימה חלב אסורטי 70% 215 גר,גרמים,215.00,100 גרם,false,1,24.90,11.5814,true,1,129650
4750001948127,false,שוקולד לאימה מריר אס,LAIMA,,שוקולד לאימה מריר אסורטי 215 גר,גרמים,215.00,100 גרם,false,1,24.90,11.5814,true,1,129648
4750001955507,false,עוגת וופל טרופל 350,,,עוגת וופל טרופל 350 גר,גרמים,350.00,100 גרם,false,1,22.90,6.5429,true,1,172470
4750001955545,false,עוגת וופל בלוצקה 350,,,עוגת וופל בלוצקה 350 גר,גרמים,350.00,100 גרם,false,1,22.90,6.5429,true,1,172471
4750007897375,false,ביסקוויט לאימה חיות,,,ביסקוויט לאימה חיות 500 גר,גרמים,500.00,100 גרם,false,1,12.90,2.5800,true,1,139163
4750010011232,false,שפרוטים מטוגנים ברוט,אונדה אל טי די,,קילקה מטוגנת ברוטב עגבניות 240 גר,גרמים,240.00,100 גרם,false,24,7.90,3.2917,true,1,148542
4750010492826,false,דג שפרוטים מעושנים ר,,,דג שפרוטים מעושנים ריגה צנצנת 250 גר,גרמים,250.00,100 גרם,false,1,14.90,5.9600,true,1,151471
4750010502228,false,דג שפרוטים ריגה מעוש,אונדה אל טי די,,דג שפרוטים ריגה מעושנים 160 גר,גרמים,160.00,100 גרם,false,36,8.90,5.5625,true,1,148540
4750021003905,false,וודקה סטולי גולד 700,אס פי אי,,"וודקה סטולי גולד 700 מ""ל",מיליליטרים,700.00,"100 מ""ל",false,1,84.90,12.1286,true,1,139297
4750021538377,false,בלזאם ריגה בלאק דומד,אס פי אי,,בלזאם שחור עם דומדמניות 0.7 ל,מיליליטרים,700.00,"100 מ""ל",false,1,79.90,11.4143,true,1,158426
4750022001986,false,רוטב עגבניות 510 גר,,,רוטב עגבניות 510 גר,גרמים,510.00,100 גרם,false,6,15.90,3.1176,true,1,160949
4750022001993,false,רוטב עגבניות עם שום,,,רוטב עגבניות עם שום 510 גר,גרמים,510.00,100 גרם,false,6,15.90,3.1176,true,1,160950
4750022519214,false,רוטב קיסר 380 גר,,,רוטב קיסר 380 גר,גרמים,380.00,100 גרם,false,6,15.90,4.1842,true,1,167799
4750022615091,false,רוטב בולונז 510 גר,,,רוטב בולונז 510 גר,גרמים,510.00,100 גרם,false,6,15.90,3.1176,true,1,160948
4750022686190,false,רוטב מנגו צילי 285 ג,,,רוטב מנגו צילי 285 גר,גרמים,285.00,100 גרם,false,6,21.90,7.6842,true,1,160956
4750022694195,false,רוטב פרמזן שום 280 ג,,,רוטב פרמזן שום 280 גר,גרמים,280.00,100 גרם,false,6,21.90,7.8214,true,1,160957
4750022716019,false,רוטב טטרי 385 גר,,,רוטב טטרי 385 גר,גרמים,385.00,100 גרם,false,6,15.90,4.1299,true,1,160955
4750022740298,false,מחית תפוחים עם שמנת,,,מחית תפוחים עם שמנת מתוקה 510 גר,גרמים,510.00,100 גרם,false,6,15.90,3.1176,true,1,160945
4750022742292,false,מחית תפוחים 500 גר,,,מחית תפוחים 500 גר,גרמים,500.00,100 גרם,false,6,15.90,3.1800,true,1,173166
4750022745293,false,מחית תפוחים עם תות ש,,,מחית תפוחים עם תות שמנת מתוקה 510 גר,גרמים,510.00,100 גרם,false,6,15.90,3.1176,true,1,160946
4750022747297,false,מחית תפוחים עם בננה,,,מחית תפוחים עם בננה 500 גר,גרמים,500.00,100 גרם,false,6,15.90,3.1800,true,1,173165
4750024001144,false,חטיפי תירס בטעם כדור,,,חטיפי תירס בטעם כדורי גבינה נאצוס 190 גר,גרמים,190.00,100 גרם,false,15,17.90,9.4211,true,1,160934
4750024001908,false,טונגי תפוא בטעם שמיר,,,טונגי תפוא בטעם שמיר 130 גר,גרמים,130.00,100 גרם,false,1,15.90,12.2308,true,1,171901
4750024002189,false,טונגי תפוא בטעם שמנת,,,טונגי תפוא בטעם שמנת חמוצה ובצל 130 גר,גרמים,130.00,100 גרם,false,1,15.90,12.2308,true,1,173299
4750024002196,false,טונגי תפוא בטעם גבינ,,,טונגי תפוא בטעם גבינת שמנת 130 גר,גרמים,130.00,100 גרם,false,1,15.90,12.2308,true,1,173300
4750042000136,false,משקה אבטיח מלון 1.5,Cido,LV,משקה אבטיח מלון 1.5 ל פרוטו,ליטרים,1.50,ליטר,false,8,14.90,9.9333,true,1,155493
4750042000150,false,משקה פירות שדה 1.5 ל,Cido,LV,משקה פירות שדה 1.5 ל פרוטו,ליטרים,1.50,ליטר,false,8,14.90,9.9333,true,1,148169
4750042000167,false,משקה פירות יער 1.5 ל,Cido,LV,משקה פירות יער 1.5 ל פרוטו,ליטרים,1.50,ליטר,false,8,14.90,9.9333,true,1,148170
4750042000181,false,נקטר תפוחים 1.5 ל פר,Cido,LV,נקטר תפוחים 1.5 ל פרוטו,ליטרים,1.50,ליטר,false,8,14.90,9.9333,true,1,155492
4750042300878,false,מיץ עגבניות סידו עם,,,מיץ עגבניות סידו עם מלח ים 1 ל,ליטרים,1.00,ליטר,false,1,14.90,14.9000,true,1,124103
4750042303336,false,נקטר סידו רימונים 1,Cido,,נקטר סידו רימונים 1 ל,ליטרים,1.00,ליטר,false,1,14.90,14.9000,true,1,130373
4750042303947,false,מיץ דובדבנים 100% סי,,,מיץ דובדבנים 100% סידו 1ל,ליטרים,1.00,ליטר,false,1,14.90,14.9000,true,1,129728
4750042804215,false,מיץ תפוחים 100% סידו,,,מיץ תפוחים 100% סידו 1ל,ליטרים,1.00,ליטר,false,1,14.90,14.9000,true,1,129727
4750042804222,false,מיץ עגבניות 100% סיד,,,מיץ עגבניות 100% סידו 1ל,ליטרים,1.00,ליטר,false,1,14.90,14.9000,true,1,129726
4750042804321,false,נקטר סידו אננס 50% 1,Cido,,נקטר סידו אננס 50% 1 ל,ליטרים,1.00,ליטר,false,15,14.90,14.9000,true,1,150321
4750042804338,false,מיץ ירקות סידו 100%,Cido,,מיץ ירקות סידו 100% 1 ל,ליטרים,1.00,ליטר,false,1,14.90,14.9000,true,1,124104
4750042804505,false,נקטר סידו דומדמניות,Cido,,נקטר סידו דומדמניות שחורות ותפוח 1 ל,ליטרים,1.00,ליטר,false,1,14.90,14.9000,true,1,130372
4750042884668,false,נקטר סידו שזיפים 1 ל,Cido,,נקטר סידו שזיפים 1 ל,ליטרים,1.00,ליטר,false,1,14.90,14.9000,true,1,124105
4750050000128,false,חטיף גבינה קרומס פטל,PIENSAIMNIEKS,,חטיף גבינה קרומס פטל רימון 38 גר,גרמים,38.00,100 גרם,false,40,3.90,10.2632,true,1,153434
4750050341405,false,חטיף גבינה בטעם וניל,PIENSAIMNIEKS,,ממתק גבינה בשוקולד,גרמים,45.00,100 גרם,false,1,3.90,8.6667,true,1,124106
4750050341498,false,חטיף גבינה בשוקולד ע,PIENSAIMNIEKS,,חטיף גבינה בשוקולד עגוז לוז 45גר,גרמים,45.00,100 גרם,false,1,3.90,8.6667,true,1,127686
4750050341511,false,חטיף גבינה עם יוגורט,PIENSAIMNIEKS,,ממתק גבינה בשוקולד 5,גרמים,50.00,100 גרם,false,1,3.90,7.8000,true,1,124107
4750050342211,false,חטיף גבינה קרומס 45,PIENSAIMNIEKS,,חטיף גבינה קרומס 45 גר 6+1,גרמים,315.00,100 גרם,false,1,22.90,7.2698,true,1,129972
4750050342259,false,חטיף גבינה שוקולד קר,PIENSAIMNIEKS,,חטיף גבינה שוקולד קרומס 45 גר 6+1,גרמים,315.00,100 גרם,false,8,22.90,7.2698,true,1,150410
4750050526000,false,גבינה מותכת דזינטרס,,,"גבינה מותכת ""דזינטרס",גרמים,200.00,100 גרם,false,20,19.90,9.9500,true,1,152573
4750050526185,false,גבינה מותכת דזינטרס,,,"גבינה מותכת ""דזינטרס",גרמים,200.00,100 גרם,false,1,19.90,9.9500,true,1,152574
4750050526253,false,גבינה מותכת דזינטרס,,,גבינה מותכת דזינטרס עם שרימפס 200 גר,גרמים,200.00,100 גרם,false,20,19.90,9.9500,true,1,152575
4750072012604,false,גבינת קרם ציז 150 גר,,,גבינה סטרינגציז,גרמים,150.00,100 גרם,false,,9.90,6.6000,true,1,114453
4750072013335,false,תחליף פטה קומבי וויט,,,תחליף פטה קומבי וויט 250 גר,גרמים,250.00,100 גרם,false,1,16.90,6.7600,true,1,144597
4750093002837,false,גבינת גאודה מעושנת ק,,,גבינת גאודה מעושנת קשה למחצה 31% 125 גר,גרמים,125.00,100 גרם,false,1,13.90,11.1200,true,1,168387
4750093002974,false,גבינת צדר אדום פרוס,,,גבינת צדר אדום פרוס 125 גר,גרמים,125.00,100 גרם,false,1,12.90,10.3200,true,1,169906
4750093002981,false,גבינת מאסדם פרוס 125,,,גבינת מאסדם פרוס 125 גר,גרמים,125.00,100 גרם,false,1,12.90,10.3200,true,1,169907
4750108005259,false,משקה מוגז הפי ניו אי,,,משקה מוגז הפי ניו איר ללא אלכוהול 750 מל,מיליליטרים,750.00,"100 מ""ל",false,1,21.90,2.9200,true,1,133698
4750108005297,false,משקה מוגז סנטה קלאוס,,,משקה מוגז סנטה קלאוס ללא אלכוהול 750 מל,מיליליטרים,750.00,"100 מ""ל",false,1,21.90,2.9200,true,1,133699
4750108005310,false,משקה מוגז סנוו קווין,,,"משקה מוגז סנוו קווין ללא אלכוהול 750 מ""ל",מיליליטרים,750.00,"100 מ""ל",false,1,21.90,2.9200,true,1,133700
4750108005389,false,משקה מוגז גונגל בטעם,,,משקה מוגז גונגל בטעם פטל 750 מל,מיליליטרים,750.00,"100 מ""ל",false,1,21.90,2.9200,true,1,167743
4750108005402,false,משקה מוגז בטעם תות א,,,משקה מוגז בטעם תות אבראקדברה 750 מל,מיליליטרים,750.00,"100 מ""ל",false,1,21.90,2.9200,true,1,156957
4750109000338,false,ממרח על בסיס שמנת חמ,,,ממרח על בסיס שמנת חמוצה 20% 400 גר,גרמים,400.00,100 גרם,false,1,13.90,3.4750,true,1,158929
4750109157643,false,ממרח על בסיס שמנת חמ,,,ממרח על בסיס שמנת חמוצה 20% 200 גר,גרמים,200.00,100 גרם,false,1,7.90,3.9500,true,1,158928
4750142002078,false,בירה צסו יורמלה פחית,"""cesu alus""",,בירה צסו יורמלה פחית 500 מל,מיליליטרים,500.00,"100 מ""ל",false,1,6.90,1.3800,true,1,170523
4750142003426,false,בירה פילזנר אקסטרה פ,"""cesu alus""",,בירה פילזנר אקסטרה פחית 500 מל,מיליליטרים,500.00,"100 מ""ל",false,1,6.90,1.3800,true,1,156824
4750142004980,false,בירה ציסו פרמיום פח,"""cesu alus""",,בירה ציסו פרמיום פח 568 מל,מיליליטרים,568.00,"100 מ""ל",false,1,8.90,1.5669,true,1,170892
4750142005000,false,בירה ציסו כהה בוהמיי,"""cesu alus""",,בירה ציסו כהה בוהמיין פח 568 מל,מיליליטרים,568.00,"100 מ""ל",false,1,8.90,1.5669,true,1,170880
4750142005062,false,בירה צסו ברוזה לא מס,,,בירה צסו ברוזה לא מסוננת פח 568 מל,מיליליטרים,568.00,"100 מ""ל",false,1,8.90,1.5669,true,1,170792
4750142016518,false,בירה ציסו לא מסוננת,"""cesu alus""",,בירה ציסו לא מסוננת פח568מל,מיליליטרים,568.00,"100 מ""ל",false,1,8.90,1.5669,true,1,127937
4750142021505,false,בירה פילזנר בהירה 50,"""cesu alus""",,"בירה פילזנר בהירה 500 מ""ל",מיליליטרים,500.00,"100 מ""ל",false,1,6.90,1.3800,true,1,124109
4750163986647,false,צנימים מטוגנים מלחם,,,צנימים מטוגנים מלחם שיפון ברביקיו 180 גר,גרמים,180.00,100 גרם,false,1,15.90,8.8333,true,1,171903
4750163986661,false,צנימים מטוגנים מלחם,,,צנימים מטוגנים מלחם שיפון עם שום 180 גר,גרמים,180.00,100 גרם,false,1,15.90,8.8333,true,1,171902
4750192243544,false,עוגת דבש טרטיסימו 1,MAIZNIEKS,,"עוגת דבש טרטיסימו 1 ק""ג",קילוגרמים,1.00,"ק""ג",false,1,89.90,89.9000,true,1,134072
4750211417116,false,שימורי חמציץ קרוניס,,,שימורי חמציץ קרוניס 290 גר,גרמים,290.00,100 גרם,false,8,9.90,3.4138,true,1,151841
4750211710415,false,מרק קרוניקס בורש 500,,,מרק קרוניקס בורש 500 גר,גרמים,500.00,100 גרם,false,1,11.90,2.3800,true,1,131736
4750211730413,false,מרק קרוניס רסולניק 5,,,מרק קרוניס רסולניק 500 גר,גרמים,500.00,100 גרם,false,1,11.90,2.3800,true,1,138577
4750211740412,false,מרק קרוניס מכרוב כבו,,,מרק קרוניס מכרוב כבוש 500 גר,גרמים,500.00,100 גרם,false,1,11.90,2.3800,true,1,141613
4750211760410,false,מרק קרוניקס אפונה 50,,,מרק קרוניקס אפונה 500 גר,גרמים,500.00,100 גרם,false,1,11.90,2.3800,true,1,131734
4750211770419,false,מרק קרוניקס חרצו 500,,,מרק קרוניקס חרצו 500 גר,גרמים,500.00,100 גרם,false,1,11.90,2.3800,true,1,131733
4750240234517,false,סלט אצות ים עם גזר ס,,,סלט אצות ים עם גזר סגנון קוריאני 250 גר,גרמים,250.00,100 גרם,false,1,18.90,7.5600,true,1,173934
4750259881238,false,וופל לעוגיות קלאסי,,,וופל לעוגיות קלאסי,Unknown,0.00,Unknown,false,16,9.90,0.0000,true,1,152731
4750259881245,false,וופל לעוגיות בטעם קק,,,וופל לעוגיות בטעם קקאו,Unknown,0.00,Unknown,false,16,9.90,0.0000,true,1,152730
4750259881252,false,וופל לעוגיות 3 צבעים,,,וופל לעוגיות 3 צבעים,Unknown,0.00,Unknown,false,16,9.90,0.0000,true,1,152729
4750616000258,false,שפרוטים גדולים בשמן,BRINVAS VILNUS,,שפרוטים גדולים בשמן 190 גר,גרמים,190.00,100 גרם,false,1,8.90,4.6842,true,1,124113
4750616001217,false,סרדינים בשמן 240 גר,BRINVAS VILNUS,,סרדינים בשמן 240 גר,גרמים,240.00,100 גרם,false,1,6.90,2.8750,true,1,135886
4750616001439,false,סרדינים במיץ עגבניות,BRINVAS VILNUS,,סרדינים במיץ עגבניות 240 גר,גרמים,240.00,100 גרם,false,1,6.90,2.8750,true,1,135887
4750616001651,false,שפרוטים גדולים בשמן,BRINVAS VILNUS,,שפרוטים גדולים בשמן 240 גר,גרמים,240.00,100 גרם,false,1,8.90,3.7083,true,1,124116
4750616001989,false,פטה שפרוטים 250 גר,BRINVAS VILNUS,,פטה שפרוטים 250 גר,גרמים,250.00,100 גרם,false,1,6.90,2.7600,true,1,124117
4750616002337,false,קילקה במיץ עגבניות 2,BRINVAS VILNUS,,קילקה במיץ עגבניות 240 גר,גרמים,240.00,100 גרם,false,1,6.90,2.8750,true,1,124119
4750817111005,false,פילה סלמון במיץ טבעי,ZENTENE,LV,פילה סלמון במיץ טבעי 200 גר,גרמים,200.00,100 גרם,false,48,9.90,4.9500,true,1,150392
4750817111616,false,פילה סלמון ברוטב עגב,ZENTENE,LV,פילה סלמון ברוטב עגבניות 200 גר,גרמים,200.00,100 גרם,false,48,9.90,4.9500,true,1,150393
4750817130808,false,סאירה במיץ טבעי 240,,,סאירה במיץ טבעי 240 גר,גרמים,240.00,100 גרם,false,48,10.90,4.5417,true,1,167779
4750817132505,false,פילה קלמרי במיץ טבעי,,,פילה קלמרי במיץ טבעי BEST OF RIGA,גרמים,240.00,100 גרם,false,48,11.90,4.9583,true,1,154077
4750817133120,false,סרדינים בשמן 240 גר,ZENTENE,LV,סרדינים בשמן 240 גר,גרמים,240.00,100 גרם,false,48,8.90,3.7083,true,1,150386
4750817134929,false,שפרוטים מעושנים בשמן,,,שפרוטים מעושנים בשמן צמחי 240 גר,גרמים,240.00,100 גרם,false,48,11.90,4.9583,true,1,154527
4750817134943,false,שפרוטים גדולים מעושנ,,,שפרוטים גדולים מעושנים בשמן צמחי 240 גר,גרמים,240.00,100 גרם,false,48,11.90,4.9583,true,1,154528
4750817136817,false,סרדינים ברוטב עגבניו,ZENTENE,LV,סרדינים ברוטב עגבניות 240 גר,גרמים,240.00,100 גרם,false,48,8.90,3.7083,true,1,150387
4750817137821,false,מקרל בשמן 240 גר,ZENTENE,LV,מקרל בשמן 240 גר,גרמים,240.00,100 גרם,false,48,9.90,4.1250,true,1,150390
4750817138101,false,סאירה במיץ טבעי בתוס,,,סאירה במיץ טבעי בתוספת שמן 240 גר,גרמים,240.00,100 גרם,false,48,10.90,4.5417,true,1,167781
4750817138125,false,סאירה בשמן צמחי 240,,,סאירה בשמן צמחי 240 גר,גרמים,240.00,100 גרם,false,48,10.90,4.5417,true,1,167778
4750817138811,false,סאירה ברוטב עגבניות,,,סאירה ברוטב עגבניות 240 גר,גרמים,240.00,100 גרם,false,48,10.90,4.5417,true,1,167780
4750817140920,false,פילה סלמון על האש בר,,,פילה סלמון על האש ברוטב קרם 220 גר,גרמים,220.00,100 גרם,false,1,10.90,4.9545,true,1,164223
4751000171417,false,דובשניות עם מילוי חמ,ADUGS,,דובשניות במילוי חמוציות 250 גר,גרמים,250.00,100 גרם,false,1,9.90,3.9600,true,1,124121
4751000171424,false,דובשניות במילוי דובד,ADUGS,,דובשניות במילוי דובדבן 250 גר,גרמים,250.00,100 גרם,false,1,9.90,3.9600,true,1,124122
4751000837375,false,מאפה זאפירה תפוח עץ,סיא דאוגיליס פארטנרי,,מאפה זאפירה תפוח עץ 300 גר,גרמים,300.00,100 גרם,false,1,15.90,5.3000,true,1,133788
4751000837382,false,מאפה זאפירה בטעם פטל,סיא דאוגיליס פארטנרי,,מאפה זאפירה בטעם פטל 300 גר,גרמים,300.00,100 גרם,false,1,15.90,5.3000,true,1,133786
4751000837399,false,מאפה זאפירה עם חתיכו,סיא דאוגיליס פארטנרי,,מאפה זאפירה עם חתיכות שוקולד 300 גר,גרמים,300.00,100 גרם,false,1,15.90,5.3000,true,1,133789
4751000837610,false,מאפה זאפירה בטעם צימ,סיא דאוגיליס פארטנרי,,מאפה זאפירה בטעם צימוקים 320 גר,גרמים,320.00,100 גרם,false,1,15.90,4.9688,true,1,134429
4751002121601,false,לחם שחור 700 גר,MATSS,,לחם שחור 700 גר,גרמים,700.00,100 גרם,false,8,23.90,3.4143,true,1,158861
4751002121953,false,לחם שיפון חמוץ מתוק,גי.אף.סי,,לחם שיפון חמוץ מתוק לטבייסקי 500 גר,גרמים,500.00,100 גרם,false,1,12.90,2.5800,true,1,151609
4751002122325,false,לחם שיפון ריזסקי 500,גי.אף.סי,,לחם שיפון ריזסקי 500 גר,גרמים,500.00,100 גרם,false,1,12.90,2.5800,true,1,151610
4751002127467,false,לחם שיפון פרוס בורוד,סיא פוטרוס פוד,,לחם שיפון פרוס בורודינסקי 500 גר,גרמים,500.00,100 גרם,false,1,12.90,2.5800,true,1,135975
4751005703569,false,שפרוטים פיגיורה בשמן,PIEJURA,,שפרוטים פיגיורה בשמן 250גר,גרמים,250.00,100 גרם,false,1,16.90,6.7600,true,1,128170
4751007730488,false,טונה עם ירקות איטלקי,,,טונה עם ירקות איטלקי 185 גר,גרמים,185.00,100 גרם,false,1,11.90,6.4324,true,1,165326
4751007730495,false,טונה עם ירקות מקסיקנ,,,טונה עם ירקות מקסיקני 185 גר,גרמים,185.00,100 גרם,false,1,11.90,6.4324,true,1,165327
4751007730938,false,שפרוטים מעושנים בשמן,,,שפרוטים מעושנים בשמן צמחי 240 גר,גרמים,240.00,100 גרם,false,24,8.90,3.7083,true,1,143740
4751007732833,false,פילה סלומון ברוטב עג,KARAVELA,,פילה סלומון ברוטב עגבניות,גרמים,170.00,100 גרם,false,1,11.90,7.0000,true,1,124129
4751007732840,false,פילה סלמון 170 גר,KARAVELA,,פילה סלומון,גרמים,170.00,100 גרם,false,1,11.90,7.0000,true,1,124130
4751007732864,false,פילה סלמון ברוטב חרד,KARAVELA,,פילה סלמון ברוטב חרד,גרמים,170.00,100 גרם,false,1,11.90,7.0000,true,1,124131
4751007732970,false,סלט איטלקי עם סלומון,KARAVELA,,סלט איטלקי עם סלומון 220 גר,גרמים,220.00,100 גרם,false,1,11.90,5.4091,true,1,124132
4751007732994,false,סלט מקסיקני עם סלומו,KARAVELA,,סלט מקסיקני עם סלומון 220 גר,גרמים,220.00,100 גרם,false,1,11.90,5.4091,true,1,124133
4751007733007,false,סלט צרפתי עם סלומון,KARAVELA,,סלט צרפתי עם סלומון 220 גר,גרמים,220.00,100 גרם,false,1,11.90,5.4091,true,1,124134
4751007733236,false,פילה סלמון בקרם מנגו,,,פילה סלמון בקרם מנגו עם פלפל ארנולד,גרמים,170.00,100 גרם,false,1,11.90,7.0000,true,1,156954
4751007733991,false,פילה סלמון במיץ טבעי,,,פילה סלמון במיץ טבעי ארנולד,גרמים,200.00,100 גרם,false,1,13.90,6.9500,true,1,156955
4751007737111,false,דג סלמון במי מלח 240,ALTAYSKAYA KRUPA,,דג סלמון במי מלח 240 גר,מיליליטרים,240.00,"100 מ""ל",false,24,7.90,3.2917,true,1,167926
4751007737760,false,קילקה ברוטב עגבניות,SAIVA,,קילקה ברוטב עגבניות 240 גר,גרמים,240.00,100 גרם,false,24,6.90,2.8750,true,1,153677
4751007738064,false,שפרוטים מעושנים בשמן,,,שפרוטים מעושנים בשמן לארסן 160 גר,גרמים,160.00,100 גרם,false,1,12.90,8.0625,true,1,170987
4751007738385,false,קילקה ברוטב עגבניות,,,קילקה ברוטב עגבניות פתיחה קלה 240 גר,גרמים,240.00,100 גרם,false,24,5.90,2.4583,true,1,155505
4751007738392,false,שימורי דג שפרוטים מע,,,שימורי דג שפרוטים מעושנים 240 גר,גרמים,240.00,100 גרם,false,24,10.90,4.5417,true,1,160855
4751007738804,false,שימורי דג שפרוטים מע,,,שימורי דג שפרוטים מעושנים 190 גר,גרמים,190.00,100 גרם,false,21,10.90,5.7368,true,1,160854
4751007739917,false,נתחי דג סלמון במיץ ט,,,נתחי דג סלמון במיץ טבעי 185 גר,גרמים,185.00,100 גרם,false,1,9.90,5.3514,true,1,170996
4751007739924,false,נתחי דג סלמון ברוטב,,,נתחי דג סלמון ברוטב עגבניות 185 גר,גרמים,185.00,100 גרם,false,1,9.90,5.3514,true,1,170995
4751008660821,false,ממתק אומניה ללא סוכר,,,ממתק אומניה ללא סוכר עם אגוזי לוז 90,גרמים,90.00,100 גרם,false,1,6.90,7.6667,true,1,141908
4751008660838,false,ממתק אומניה שקדים לל,,,ממתק אומניה ללא סוכר 90 גר,גרמים,90.00,100 גרם,false,1,6.90,7.6667,true,1,141907
4751008660845,false,ממתק אומניה ללא סוכר,,,ממתק אומניה ללא סוכר עם שקדים 90 גר,גרמים,90.00,100 גרם,false,1,6.90,7.6667,true,1,141909
4751017400227,false,קילקה באנגה ברוטב עג,סיא בוגה,,קילקה באנגה ברוטב עגבניות 240 גר,גרמים,240.00,100 גרם,false,1,5.90,2.4583,true,1,130740
4751017401682,false,כבד דג שיבוט במיץ טב,,,כבד דג שיבוט במיץ טבעי בנגה 115 גר,גרמים,115.00,100 גרם,false,1,9.90,8.6087,true,1,151868
4751017402832,false,שימורי מולים מעושנים,סיא בוגה,LV,שימורי מולים מעושנים בשמן באנגה 120 גר,גרמים,120.00,100 גרם,false,14,12.90,10.7500,true,1,158723
4751017403419,false,כבד דג שיבוט במיץ טב,MALBI CHOCOLATE,,כבד דג שיבוט במיץ טבעי 115 גר,גרמים,115.00,100 גרם,false,1,9.90,8.6087,true,1,157364
4751019530809,false,מוזלי לייט גרסי 400,,,מוזלי לייט גרסי 400 גר,גרמים,400.00,100 גרם,false,1,15.90,3.9750,true,1,159821
4751019530984,false,מוזלי שוקולד גרסי 50,,,מוזלי שוקולד גרסי 500 גר,גרמים,500.00,100 גרם,false,1,21.90,4.3800,true,1,159818
4751019530991,false,מוזלי פירות מיובשים,,,מוזלי פירות מיובשים גרסי 500 גר,גרמים,500.00,100 גרם,false,1,21.90,4.3800,true,1,159819
4751019531035,false,מוזלי בוטנים 300 גר,,,מוזלי בוטנים 300 גר,גרמים,300.00,100 גרם,false,1,13.90,4.6333,true,1,170866
4751024270028,false,מקלוני גבינה קשה מעו,,,מקלוני גבינה קשה מעושנת 28% 100 גר,גרמים,100.00,100 גרם,false,1,19.90,19.9000,true,1,144009
4751024270059,false,צמת גבינה קשה מעושנת,,,צמת גבינה קשה מעושנת 28% 100 גר,גרמים,100.00,100 גרם,false,1,19.90,19.9000,true,1,144008
4751024270103,false,צמת גבינה קשה מעושנת,,,צמת גבינה קשה מעושנת 28% 200 גר,גרמים,200.00,100 גרם,false,1,29.90,14.9500,true,1,144010
4751027950026,false,שוקולד ללא סוכר מריר,PIEJURA,,שוקולד ללא סוכר מריר עם שקדים ותפוזים,גרמים,110.00,100 גרם,false,1,10.90,9.9091,true,1,162596
4751027950194,false,שוקולד ללא סוכר 60%,PIEJURA,,שוקולד ללא סוכר 60% מריר 100 גרם,גרמים,100.00,100 גרם,false,1,10.90,10.9000,true,1,162595
4751031690048,false,חתיכות סורימי 300 גר,,,חתיכות סורימי 300 גר,גרמים,300.00,100 גרם,false,1,16.90,5.6333,true,1,173468
4751031690277,false,מקלות סורימי אטלנטיק,,,מקלות סורימי אטלנטיקה 250 גר,גרמים,250.00,100 גרם,false,1,13.90,5.5600,true,1,173467
4751032740315,false,מרק סוליאנקה עם מלפפ,DIMDINI,LV,מרק סוליאנקה עם מלפפון כבוש 500 מל,מיליליטרים,500.00,"100 מ""ל",false,6,9.90,1.9800,true,1,161779
4751032740322,false,מרק חרצו עם תבלינים,DIMDINI,LV,מרק חרצו עם תבלינים קבקזיים 500 מל,מיליליטרים,500.00,"100 מ""ל",false,6,9.90,1.9800,true,1,161783
4751032740339,false,מרק בורשט עם כרוב חמ,DIMDINI,LV,מרק בורשט עם כרוב חמוץ 500 מל,מיליליטרים,500.00,"100 מ""ל",false,6,9.90,1.9800,true,1,161781
4751032740346,false,מרק בורשט עם כרוב טר,DIMDINI,LV,מרק בורשט עם כרוב טרי 500 מל,מיליליטרים,500.00,"100 מ""ל",false,6,9.90,1.9800,true,1,161778
4751032740353,false,מרק רסולניק עם מלפפו,DIMDINI,LV,מרק רסולניק עם מלפפון כבוש 500 מל,מיליליטרים,500.00,"100 מ""ל",false,6,9.90,1.9800,true,1,161782
4751032740360,false,מרק אפונה 500 מל,DIMDINI,LV,מרק אפונה 500 מל,מיליליטרים,500.00,"100 מ""ל",false,6,9.90,1.9800,true,1,161780
4751032740391,false,מרק ירקות קר 500 מל,DIMDINI,LV,מרק ירקות קר 500 מל,מיליליטרים,500.00,"100 מ""ל",false,6,9.90,1.9800,true,1,167465
4751033540235,false,שוקולד מריר 72% ללא,,,שוקולד מריר 72% ללא סוכר 100 גר,גרמים,100.00,100 גרם,false,20,9.90,9.9000,true,1,172017
4760001600024,false,רוטב רימונים זהב נרש,,,"רכז רימונים 250 מ""ל",גרמים,430.00,100 גרם,false,1,27.90,6.4884,true,1,151307
4760007300461,false,רוטב רימונים נרשרב 4,,,רוטב רימונים נרשרב 450 גר,גרמים,450.00,100 גרם,false,1,25.90,5.7556,true,1,134262
4760013403637,false,וופל בטעם לימון 200,,,וופל בטעם לימון 200 גר,גרמים,200.00,100 גרם,false,1,5.90,2.9500,true,1,173445
4760013404061,false,עוגיות בטעם שמנת וני,,,עוגיות בטעם שמנת וניל 370 גר,גרמים,370.00,100 גרם,false,1,6.90,1.8649,true,1,173440
4760013409554,false,וופל בטעם חלב 400 גר,,,וופל בטעם חלב 400 גר,גרמים,400.00,100 גרם,false,1,11.90,2.9750,true,1,173447
4760018504612,false,ריבת דובדבן 400 גר,BIZIM TARLA,,ריבת דובדבן 400 גר,גרמים,400.00,100 גרם,false,1,15.90,3.9750,true,1,166540
4760018504735,false,ריבת דובדבן לבן 400,BIZIM TARLA,,ריבת דובדבן לבן 400 גר,גרמים,400.00,100 גרם,false,1,17.90,4.4750,true,1,125756
4760018504773,false,ריבת אגוזי מלך 400 ג,BIZIM TARLA,,ריבת אגוזי מלך 400 גר,גרמים,400.00,100 גרם,false,1,17.90,4.4750,true,1,125754
4760062100846,false,תה שחור בוקט 250 גר,,,תה שחור בוקט 250 גר,גרמים,250.00,100 גרם,false,1,29.90,11.9600,true,1,155055
4760062101744,false,תה שחור עם טימין בוק,,,תה שחור עם טימין בוקט 100 גר,גרמים,100.00,100 גרם,false,1,12.90,12.9000,true,1,155052
4760062101775,false,תה שחור בוקט 200 גר,,,תה שחור בוקט 200 גר,גרמים,200.00,100 גרם,false,1,29.90,14.9500,true,1,155054
4760062105070,false,תה ירוק בוקט באריזה,,,תה ירוק בוקט באריזה שקופה 200 גר,גרמים,200.00,100 גרם,false,1,15.90,7.9500,true,1,155066
4760065704652,false,מיץ רימונים 1 ל,,,מיץ רימונים 1 ל,ליטרים,1.00,ליטר,false,1,21.90,21.9000,true,1,137202
4760065708957,false,עגבניות אדומות קלופו,BIZIM TARLA,,עגבניות אדומות קלופות במיץ עגבניות 680 ג,גרמים,680.00,100 גרם,false,1,13.90,2.0441,true,1,172122
4760065709145,false,מלפפון בחומץ 670 גר,אינטרקום יוון,,מלפפון בחומץ 670 גר,גרמים,670.00,100 גרם,false,12,14.90,2.2239,true,1,169164
4760065709749,false,ממרח פלפלים אדומים 3,,,ממרח פלפלים אדומים 320 גר,גרמים,320.00,100 גרם,false,1,12.90,4.0313,true,1,165760
4760068001710,false,ריבת תות שדה 400 גר,,,ריבת תות שדה 400 גר,גרמים,400.00,100 גרם,false,1,15.90,3.9750,true,1,166543
4760068002274,false,ריבת חבושים 400 גר,BIZIM TARLA,,ריבת חבושים 400 גר,גרמים,400.00,100 גרם,false,1,15.90,3.9750,true,1,166544
4760127703227,false,מאפינס בטעם טופי דרנ,,,מאפינס בטעם טופי דרנקה 500 גר,גרמים,500.00,100 גרם,false,1,19.90,3.9800,true,1,173427
4760127703777,false,מאפינס בטעם וניל ולי,,,מאפינס בטעם וניל ולימון דרנקה 500 גר,גרמים,500.00,100 גרם,false,1,19.90,3.9800,true,1,173428
4760127706976,false,עוגיות ממולאות בטעם,,,עוגיות ממולאות בטעם לימון דליציה 200 גר,גרמים,200.00,100 גרם,false,1,8.90,4.4500,true,1,173431
4760127706983,false,עוגיות ממולאות בטעם,,,עוגיות ממולאות בטעם תפוז דליציה 200 גר,גרמים,200.00,100 גרם,false,1,8.90,4.4500,true,1,173432
4760129500268,false,ריבת חבושים 400 גר,,,ריבת חבושים 400 גר,גרמים,400.00,100 גרם,false,1,18.90,4.7250,true,1,171061
4760129500961,false,ריבת דובדבן 400 גר,,,ריבת דובדבן 400 גר,גרמים,400.00,100 גרם,false,1,18.90,4.7250,true,1,171060
4760129500985,false,ריבת קורנל 400 גר,,,ריבת קורנל 400 גר,גרמים,400.00,100 גרם,false,1,18.90,4.7250,true,1,171057
4760156500118,false,אפרסמון מיובש 100 גר,,,אפרסמון מיובש 100 גר,גרמים,100.00,100 גרם,false,1,13.90,13.9000,true,1,172032
4770033221609,false,וודקה סטרקה ליטה 700,STUMBRAS,,וודקה סטרקה ליטה 0.7,מיליליטרים,700.00,"100 מ""ל",false,1,59.90,8.5571,true,1,124143
4770033223986,false,ברנדי גלוריה 700 מל,STUMBRAS,,"ברנדי ""גלוריה"" 0.7 ל",מיליליטרים,700.00,"100 מ""ל",false,1,69.90,9.9857,true,1,124145
4770033224846,false,וודקה פטל 700 מל,STUMBRAS,,וודקה פטל 0.7 ליטר,מיליליטרים,700.00,"100 מ""ל",false,1,49.90,7.1286,true,1,124149
4770033227472,false,ברנדי גלוריה 700 מל,STUMBRAS,,"ברנדי ""גלוריה"" XO 0.7 ל",מיליליטרים,700.00,"100 מ""ל",false,1,119.90,17.1286,true,1,125660
4770033228035,false,נסטויקה ליטא דובדבן,STUMBRAS,,"נסטויקה ""ליטא"" דובדבן 0.7ל",מיליליטרים,700.00,"100 מ""ל",false,1,49.90,7.1286,true,1,125750
4770075221162,false,סיידר KISS בטעם אגס,,,סיידר KISS בטעם אגס מותסס פחית 500 מל,מיליליטרים,500.00,"100 מ""ל",false,1,6.90,1.3800,true,1,151535
4770075447845,false,בירה בהירה אקסטרא פח,סוויטוריס-אוטנוס אלט,,בירה בהירה אקסטרא פח 568 מל,מיליליטרים,568.00,"100 מ""ל",false,1,8.90,1.5669,true,1,166293
4770075448071,false,בירה קוניג סטאדטר 5%,,,"בירה קוניג סטאדטר 5% פח 500 מ""ל",מיליליטרים,500.00,"100 מ""ל",false,1,6.90,1.3800,true,1,142385
4770179109991,false,בונבוניירה פרגלה עם,,,בונבוניירה פרגלה עם וודקה 190 גר,גרמים,190.00,100 גרם,false,1,16.90,8.8947,true,1,152133
4770179110126,false,בונבוניירה פרגלה עם,,,בונבוניירה פרגלה עם ליקר שרי 190 גר,גרמים,190.00,100 גרם,false,1,16.90,8.8947,true,1,152134
4770179998656,false,בונ פרליני שקולד קרם,,,בונ פרליני שקולד קרם בטעמים שונים 114 גר,גרמים,114.00,100 גרם,false,1,10.90,9.5614,true,1,165440
4770179998694,false,אסורטי פרגלה עם שוקו,PERGALE,,אסורטי פרגלה עם שוקולד חלב 343 גר,גרמים,343.00,100 גרם,false,1,32.90,9.5918,true,1,170742
4770179999042,false,בונ פרליני שקולד מרי,,,בונ פרליני שקולד מריר 114 גר,גרמים,114.00,100 גרם,false,1,10.90,9.5614,true,1,165441
4770190133210,false,מקלות סורימי עם בשר,,,מקלות סורימי עם בשר סרטן ים 200 גר,גרמים,200.00,100 גרם,false,14,16.90,8.4500,true,1,160937
4770190134781,false,בשר סורימי עם בשר סר,,,בשר סורימי עם בשר סרטן ים 120 גר,גרמים,120.00,100 גרם,false,20,10.90,9.0833,true,1,160936
4770190151832,false,נקניק סורימי 500 גר,,,נקניק סורימי 500 גר,גרמים,500.00,100 גרם,false,1,36.90,7.3800,true,1,173160
4770237048088,false,גלידת יוגורט אוכמניו,,,גלידת יוגורט אוכמניות בכוס 82 גר,גרמים,82.00,100 גרם,false,1,5.90,7.1951,true,1,129681
4770237049290,false,גלידה אסקימו פלומביר,,,גלידה אסקימו פלומביר 58 גר,גרמים,58.00,100 גרם,false,1,5.90,10.1724,true,1,124174
4770237049313,false,גלידה אסקימו פלומביר,,,גלידה אסקימו פלומביר עם שקדים 63 גר,גרמים,63.00,100 גרם,false,1,5.90,9.3651,true,1,124175
4770237049443,false,גלידת פלומביר קרם בר,,,גלידת פלומביר קרם ברולה בכוס 70 גר,גרמים,70.00,100 גרם,false,1,5.90,8.4286,true,1,129680
4770237049450,false,גלידת פלומביר בכוס 7,,,גלידת פלומביר בכוס 70 גר,גרמים,70.00,100 גרם,false,1,5.90,8.4286,true,1,129678
4770237050432,false,גלידת פלומביר שוקולד,,,גלידת פלומביר שוקולד בכוס 70 גר,גרמים,70.00,100 גרם,false,1,5.90,8.4286,true,1,129679
4770237051804,false,חטיף גבינה וניל 45 ג,פנו ז'ויגזדס,,חטיף גבינה וניל 45 גר,גרמים,45.00,100 גרם,false,1,3.90,8.6667,true,1,128598
4770237051811,false,חטיף גבינה ריבת חלב,פנו ז'ויגזדס,,חטיף גבינה ריבת חלב 45 גר,גרמים,45.00,100 גרם,false,1,3.90,8.6667,true,1,128601
4770237051828,false,חטיף גבינה תות שדה 4,פנו ז'ויגזדס,,חטיף גבינה תות שדה 45 גר,גרמים,45.00,100 גרם,false,1,3.90,8.6667,true,1,128600
4770237051842,false,חטיף גבינה שוקולד 45,פנו ז'ויגזדס,,חטיף גבינה שוקולד 45 גר,גרמים,45.00,100 גרם,false,1,3.90,8.6667,true,1,128599
4770237052092,false,גלידת סליבוצנויה גבי,,,גלידת סליבוצנויה גביע וופל 85 גר,גרמים,85.00,100 גרם,false,1,5.90,6.9412,true,1,129683
4770237054423,false,גלידה שרבט עם מנגו ו,,,גלידה שרבט עם מנגו ואפרסק בכוס 85 גר,גרמים,85.00,100 גרם,false,1,5.90,6.9412,true,1,132667
4770237055048,false,בסגנון שמנת 15% 350,,,בסגנון שמנת 15% 350 גר,גרמים,350.00,100 גרם,false,1,10.90,3.1143,true,1,144494
4770237055055,false,בסגנון שמנת 30% 200,,,בסגנון שמנת 30% 200 גר,גרמים,200.00,100 גרם,false,1,10.90,5.4500,true,1,144495
4770237055574,false,גלידת שמנת עם שקדים,,,גלידת שמנת עם שקדים 85 גר,גרמים,85.00,100 גרם,false,1,5.90,6.9412,true,1,143564
4770237055598,false,גלידה פלומביר וניל ס,,,גלידה פלומביר וניל סבליה דלי 400,גרמים,400.00,100 גרם,false,1,25.90,6.4750,true,1,144949
4770237056748,false,גלידת אסקימו עגול פל,ז'יטומרסקי זאבוד,,גלידת אסקימו עגול פלומביר מסטיק סבליה 58,גרמים,58.00,100 גרם,false,30,5.90,10.1724,true,1,158239
4770265045264,false,דייסת שיבולת שועל 20,,,דייסת שיבולת שועל 200 גר,גרמים,200.00,100 גרם,false,1,7.90,3.9500,true,1,142017
4770265046452,false,גבינה מותכת סבליה 28,,,גבינה מותכת סבליה 28% 185 גר,גרמים,185.00,100 גרם,false,1,19.90,10.7568,true,1,152420
4770265046568,false,דייסת אורז עם משמש 2,,,דייסת אורז עם משמש 200 גר,גרמים,200.00,100 גרם,false,1,7.90,3.9500,true,1,142020
4770265046575,false,דייסת סולת עם תותי ב,,,דייסת סולת עם תותי בר 200 גר,גרמים,200.00,100 גרם,false,1,7.90,3.9500,true,1,142019
4770265212024,false,גבינה מותכת דברו 22%,,,גבינה מותכת דברו 22% 135 גר,גרמים,135.00,100 גרם,false,1,14.90,11.0370,true,1,152419
4770265213786,false,ריאזנקה סבליה 500 מל,,,"ריאזנקה סבליה 500 מ""ל",מיליליטרים,500.00,"100 מ""ל",false,1,10.90,2.1800,true,1,136426
4770265214752,false,יוגורט יווני סבליה 2,,,יוגורט יווני סבליה 200 גר,גרמים,200.00,100 גרם,false,1,9.90,4.9500,true,1,142881
4770265214776,false,יוגורט יווני סבליה ת,,,יוגורט יווני סבליה תאנים 3% 150 גר,גרמים,150.00,100 גרם,false,1,9.90,6.6000,true,1,142882
4770265214783,false,יוגורט יווני סבליה ד,,,יוגורט יווני סבליה דובדבן 150 גר,גרמים,150.00,100 גרם,false,1,9.90,6.6000,true,1,142883
4770265215018,false,יוגורט יווני סבליה א,,,יוגורט יווני סבליה אפרסק 150 גר,גרמים,150.00,100 גרם,false,1,9.90,6.6000,true,1,142885
4770265219382,false,תחליף גבינה אנלוגי ג,,,ת.גבינה אנלוגי גורמן מעושנת 600 גר,גרמים,600.00,100 גרם,false,1,44.90,7.4833,true,1,165634
4770265219405,false,תחליף גבינה אנלוגי ס,,,ת.גבינה אנלוגי סבליה 600 גר,גרמים,600.00,100 גרם,false,1,44.90,7.4833,true,1,165631
4770265219429,false,תחליף גבינה אנלוגי ד,,,ת.גבינה אנלוגי דברו 600 גר,גרמים,600.00,100 גרם,false,1,44.90,7.4833,true,1,165632
4770265219443,false,תחליף גבינה אנלוגי ר,,,ת.גבינה אנלוגי רוסייסקי 600 גר,גרמים,600.00,100 גרם,false,1,44.90,7.4833,true,1,165633
4770265219535,false,תחליף גבינה מעושנת ג,,,תחליף גבינה אבלוגי מעושנת גורמן 150 גר,גרמים,150.00,100 גרם,false,1,11.90,7.9333,true,1,165591
4770266127907,false,חלבה בוטנים 300 גר,,,חלבה בוטנים 300 גר,גרמים,300.00,100 גרם,false,10,10.90,3.6333,true,1,167747
4770275048309,false,גבינת קוטג סבליה עם,,,גבינת קוטג סבליה עם תבלינים 15% 130 גר,גרמים,130.00,100 גרם,false,1,11.90,9.1538,true,1,152417
4770275048316,false,גבינת קוטג סבליה עם,,,גבינת קוטג סבליה עם מלפפון שמיר 15% 130,גרמים,130.00,100 גרם,false,1,11.90,9.1538,true,1,152418
4770275049580,false,בסגנון טבורוג סבליה,,,בסגנון טבורוג סבליה 5% 370 גר,גרמים,370.00,100 גרם,false,1,18.90,5.1081,true,1,133341
4770275049597,false,בסגנון טבורוג סבליה,,,בסגנון טבורוג סבליה 5% 900 גר,גרמים,900.00,100 גרם,false,1,39.90,4.4333,true,1,133342
4770275049603,false,בסגנון טבורוג סבליה,,,בסגנון טבורוג סבליה 9% 370 גר,גרמים,370.00,100 גרם,false,1,18.90,5.1081,true,1,133340
4770275049696,false,קפיר סבליה 900 מל,,,"קפיר סבליה 900 מ""ל",מיליליטרים,900.00,"100 מ""ל",false,1,14.90,1.6556,true,1,136425
4770299045100,false,ממרח חמאה לנקו ליטא,,,ממרח חמאה לנקו ליטא 200,גרמים,200.00,100 גרם,false,1,6.90,3.4500,true,1,124180
4770299045186,false,חמאה ליטאית דמיטיזוס,,,"חמאה ""ג""מיטוס"" 200 ג",גרמים,200.00,100 גרם,false,1,11.90,5.9500,true,1,124181
4770299047876,false,גבינה דזיוגס 180 גר,דז'וגס,,גבינה דזיוגס 180 גר,גרמים,180.00,100 גרם,false,1,24.90,13.8333,true,1,130070
4770299047890,false,גבינת פרמזן ברונזה 1,,,גבינת פרמזן ברונזה 1,גרמים,180.00,100 גרם,false,1,21.90,12.1667,true,1,124182
4770299394680,false,חטיפי גבינה מילד מעו,ג'ימטיוס,,חטיפי גבינה מילד מעושן 75 גר,גרמים,75.00,100 גרם,false,1,9.90,13.2000,true,1,130071
4770299399708,false,חמאת דזוגס 200 גר,,,חמאת דזוגס 200 גר,גרמים,200.00,100 גרם,false,1,11.90,5.9500,true,1,168418
4770301236861,false,משקה קוואס לבובסקי 1,,,משקה קוואס לבובסקי 1.5 ל,ליטרים,1.50,ליטר,false,1,13.90,9.2667,true,1,171703
4770337046427,false,גבינה מאסדם 24.7% פר,,,גבינה מאסדם 24.7% פרוסות 150 גר,גרמים,150.00,100 גרם,false,1,17.90,11.9333,true,1,168801
4770337046748,false,גבינה פרמזן 200 גר,,,גבינה פרמזן 200 גר,גרמים,200.00,100 גרם,false,1,23.90,11.9500,true,1,151363
4770337047264,false,גבינה 200 גר AGED GO,,,גבינה 200 גר OLD GILDIJA,גרמים,200.00,100 גרם,false,1,23.90,11.9500,true,1,152844
4770337047431,false,תחליף גבינה סבליה 15,,,תחליף גבינה סבליה 150 גר,גרמים,150.00,100 גרם,false,1,11.90,7.9333,true,1,135273
4770337047448,false,תחליף גבינה דברו 150,,,תחליף גבינה דברו 150 גר,גרמים,150.00,100 גרם,false,1,11.90,7.9333,true,1,135274
4770337047455,false,תחליף גבינה רוסייסקי,,,תחליף גבינה רוסייסקי 150 גר,גרמים,150.00,100 גרם,false,1,11.90,7.9333,true,1,135275
4770337048131,false,תחליף גבינה רוסייסקי,,,תחליף גבינה רוסייסקי 240 גר,גרמים,240.00,100 גרם,false,1,17.90,7.4583,true,1,149634
4770337048377,false,גבינה אולד וילנוס 27,,,גבינה אולד וילנוס 27.5% פרוסות 150 גר,גרמים,150.00,100 גרם,false,1,17.90,11.9333,true,1,168802
4770337048797,false,גבינה אמנטל 27% פרוס,,,גבינה אמנטל 27% פרוסות 150 גר,גרמים,150.00,100 גרם,false,1,17.90,11.9333,true,1,168800
4770349227203,false,בירה בלטס חפוויזן לא,,,"בירה בלטס חפוויזן לא מסונן 568 מ""ל",מיליליטרים,568.00,"100 מ""ל",false,1,8.90,1.5669,true,1,156397
4770349231316,false,בירה הלס בורג 5% פח,,,בירה הלס בורג 5% פח 500 מל,מיליליטרים,500.00,"100 מ""ל",false,1,6.90,1.3800,true,1,172364
4770477230052,false,בירה דובדבן 5% כהה 5,,,בירה דובדבן 5% כהה 500 מל,מיליליטרים,500.00,"100 מ""ל",false,1,9.90,1.9800,true,1,172465
4770583213727,false,מיונז פרבונסל 430 גר,KEDANEYSKI KONSERVNY,,מיונז פרבונסל 450 גר,גרמים,430.00,100 גרם,false,1,12.90,3.0000,true,1,124188
4770583213949,false,מיונז פרובנסל זיתים,KEDANEYSKI KONSERVNY,,מיונז פרובנסל זיתים,גרמים,430.00,100 גרם,false,1,12.90,3.0000,true,1,124190
4770583214052,false,מיונז פרובנסל 880 גר,KEDANEYSKI KONSERVNY,,מיונז פרובנסל 900 גר,גרמים,880.00,100 גרם,false,1,19.90,2.2614,true,1,124191
4770583219194,false,כרוב עם חמוציות 900,KEDANEYSKI KONSERVNY,,"כרוב עם חמוציות 900 מ""ל",מיליליטרים,900.00,"100 מ""ל",false,8,17.90,1.9889,true,1,144462
4770583221340,false,מיונז אמריקן 620 גר,,,מיונז אמריקן 620 גר,גרמים,620.00,100 גרם,false,1,23.90,3.8548,true,1,148231
4770583228219,false,ממרח סלמון בטעם לימו,,,ממרח סלמון בטעם לימון 280 גר,גרמים,280.00,100 גרם,false,1,17.90,6.3929,true,1,170846
4770583228226,false,ממרח סלמון בטעם מתוב,,,ממרח סלמון בטעם מתובל 280 גר,גרמים,280.00,100 גרם,false,1,17.90,6.3929,true,1,170847
4770583228233,false,ממרח סלמון בטעם פיקנ,,,ממרח סלמון בטעם פיקנטי 280 גר,גרמים,280.00,100 גרם,false,1,17.90,6.3929,true,1,170848
4771033017070,false,בגט צרפתי אפוי למחצה,סיא בוגה,,בגט צרפתי אפוי למחצה עם חמאה ושום 175 גר,גרמים,175.00,100 גרם,false,1,10.90,6.2286,true,1,158292
4771632000350,false,חליטת תה פירות יער א,,,חליטת תה פירות יער ארומה 20 שק 40 גר,גרמים,40.00,100 גרם,false,,9.90,24.7500,true,1,171075
4771632000367,false,חליטת תה פטל ותות אר,,,חליטת תה פטל ותות ארומה 20 שק 40 גר,גרמים,40.00,100 גרם,false,,9.90,24.7500,true,1,171076
4771632000374,false,חליטת תה פירות אקזוט,,,חליטת תה פירות אקזוטיים ארומה 20 שק 40 ג,גרמים,40.00,100 גרם,false,,9.90,24.7500,true,1,171078
4771632000398,false,חליטת תה אפרסק ומנגו,,,חליטת תה אפרסק ומנגו ארומה 20 שק 40 גר,גרמים,40.00,100 גרם,false,,9.90,24.7500,true,1,171077
4771632311944,false,בוטנים מצופים בטעם ש,,LT,בוטנים מצופים בטעם שמנת חמוצה ובצל 190 ג,גרמים,190.00,100 גרם,false,1,16.90,8.8947,true,1,166745
4779020987689,false,כבד שיבוט 240 גר,,,כבד שיבוט 240 גר,גרמים,240.00,100 גרם,false,1,19.90,8.2917,true,1,171262
4779027471143,false,חטיף גבינה לבנה בטעם,,,חטיף גבינה לבנה בטעם חלב מרוכז 43 גר,גרמים,43.00,100 גרם,false,,3.90,9.0698,true,1,171906
4779027471150,false,חטיף גבינה לבנה בטעם,,,חטיף גבינה לבנה בטעם פלומביר 43 גר,גרמים,43.00,100 גרם,false,,3.90,9.0698,true,1,171907
4779027471167,false,חטיף גבינה לבנה בטעם,,,חטיף גבינה לבנה בטעם קרם ברולה 43 גר,גרמים,43.00,100 גרם,false,,3.90,9.0698,true,1,171908
4779027471181,false,חטיף גבינה לבנה במיל,,,חטיף גבינה לבנה במילוי דובדבנים 43 גר,גרמים,43.00,100 גרם,false,,3.90,9.0698,true,1,171909
4779031277847,false,מאפה בסגנון איטלקי 3,,,מאפה בסגנון איטלקי 3 גבינות 125 גר,גרמים,125.00,100 גרם,false,24,7.90,6.3200,true,1,160920
4779031278738,false,פיצה מנטינגה 3 גבינו,MANTINGA,,פיצה מנטינגה 3 גבינות נפולטנה פטריות 315,גרמים,315.00,100 גרם,false,1,20.90,6.6349,true,1,164822
4779036941149,false,עוגיות גריבוצקי 170,,,עוגיות גריבוצקי 170 גר,גרמים,170.00,100 גרם,false,1,11.90,7.0000,true,1,171575
4779040612059,false,נתחי פילה הרינג מומל,,,נתחי פילה הרינג מומלח בשמן 210 גר,גרמים,210.00,100 גרם,false,1,13.90,6.6190,true,1,171586
4779040612073,false,נתחי פילה הרינג מומל,,,נתחי פילה הרינג מומלח בשמן עם שמיר 210 ג,גרמים,210.00,100 גרם,false,1,13.90,6.6190,true,1,171587
4779040612080,false,פילה הרינג מומלח בשמ,,,פילה הרינג מומלח בשמן 240 גר,גרמים,240.00,100 גרם,false,1,13.90,5.7917,true,1,171588
4780030111308,false,עגבניות בחומץ 720 מל,,,עגבניות בחומץ 720 מל,מיליליטרים,720.00,"100 מ""ל",false,1,12.90,1.7917,true,1,172795
4780030690063,false,עגבניות שרי ומלפפוני,,,עגבניות שרי ומלפפונים בחומץ 720 מל,מיליליטרים,720.00,"100 מ""ל",false,1,14.90,2.0694,true,1,172798
4780030690292,false,מלפפונים בחומץ שום ש,,,מלפפונים בחומץ שום שמיר 720 מל,מיליליטרים,720.00,"100 מ""ל",false,1,13.90,1.9306,true,1,172793
4780030690339,false,מלפפונים בחומץ שום ש,,,מלפפונים בחומץ שום שמיר 720 מל,מיליליטרים,720.00,"100 מ""ל",false,1,15.90,2.2083,true,1,172792
4780030690346,false,מלפפונים בחומץ שום ש,,,מלפפונים בחומץ שום שמיר 1000 מל,מיליליטרים,1000.00,"100 מ""ל",false,1,15.90,1.5900,true,1,172794
4780037060128,false,חצילים מטוגנים בשמן,,,חצילים מטוגנים בשמן עם עגבניות 500 מל,מיליליטרים,500.00,"100 מ""ל",false,1,14.90,2.9800,true,1,172802
4780047500515,false,עלי גפן טריים מעוכרי,,,עלי גפן טריים מעוכרים 1 ל,ליטרים,1.00,ליטר,false,1,16.90,16.9000,true,1,172807
4780047500584,false,מלפפונים בחומץ 1 ל,,,מלפפונים בחומץ 1 ל,ליטרים,1.00,ליטר,false,1,16.90,16.9000,true,1,172805
4780047500683,false,שום בחומץ 720 גר,,,שום בחומץ 720 גר,גרמים,720.00,100 גרם,false,1,19.90,2.7639,true,1,172804
4780047500843,false,לפתן שזיפים 1 ל,,,לפתן שזיפים 1 ל,ליטרים,1.00,ליטר,false,1,16.90,16.9000,true,1,172810
4791001052308,false,תה אדבין ארל גריי 10,,,תה אדבין ארל גריי 10,גרמים,150.00,100 גרם,false,1,21.90,14.6000,true,1,126360
4791001060266,false,תה אדבין אסורטי פירו,,,תה אדבין אסורטי פירו,גרמים,150.00,100 גרם,false,1,21.90,14.6000,true,1,124209
4791001062093,false,תה אדבין יסמין וירוק,,,תה אדבין יסמין וירוק,גרמים,150.00,100 גרם,false,1,21.90,14.6000,true,1,124211
4791021001096,false,תה סגול עטוף 100 שק,IMPRA,,"תה סגול עטוף 100יח""",גרמים,200.00,100 גרם,false,1,22.90,11.4500,true,1,124212
4791021002574,false,תה ארל גריי 250 גר,IMPRA,,"תה ""ארל גריי"" 250 ג""",גרמים,250.00,100 גרם,false,1,35.90,14.3600,true,1,124214
4791021002789,false,תה ירוק אימפרה 100 ש,IMPRA,,תה ירוק אימפרה 100 ש,גרמים,200.00,100 גרם,false,1,22.90,11.4500,true,1,124215
4791021003397,false,תה אימפרה שחור פירות,IMPRA,,"תה ""מתנה"" שחור פירות",גרמים,160.00,100 גרם,false,1,29.90,18.6875,true,1,124216
4791021003588,false,תה אימפרה צהוב 100 ש,IMPRA,,תה אימפרה צהוב 100 ש,גרמים,150.00,100 גרם,false,1,11.90,7.9333,true,1,124217
4791021004615,false,תה ירוק בטעמי פירות,IMPRA,,"תה ""מתנה"" ירוק פירות",גרמים,160.00,100 גרם,false,1,29.90,18.6875,true,1,124224
4791021006930,false,תה ירוק אימפרה 250 ג,IMPRA,,תה ירוק אימפרה 250 ג,גרמים,250.00,100 גרם,false,1,11.90,4.7600,true,1,124229
4791021008248,false,תה ירוק 250 גר,IMPRA,,"תה ירוק 250 ג""ר",גרמים,250.00,100 גרם,false,1,35.90,14.3600,true,1,124230
4791021009047,false,תה חלומות פלא 100 שק,IMPRA,,תה חלומות פלא 100 שק,גרמים,200.00,100 גרם,false,1,22.90,11.4500,true,1,124232
4791021012504,false,תה אימפרה אדום 250 ג,IMPRA,,תה אימפרה אדום 250 ג,גרמים,250.00,100 גרם,false,1,17.90,7.1600,true,1,124235
4791021015000,false,תה אימפרה אדום 500 ג,IMPRA,,תה אימפרה אדום 500 ג,גרמים,500.00,100 גרם,false,1,34.90,6.9800,true,1,124236
4791021112501,false,תה קלאסיק פיל 250 גר,IMPRA,,"תה קלאסיק פיל 250 ג""",גרמים,250.00,100 גרם,false,1,17.90,7.1600,true,1,124237
4791021917595,false,תה ארל גריי 250 גר,IMPRA,,תה ארל גריי 250 גר,גרמים,250.00,100 גרם,false,1,15.90,6.3600,true,1,125728
4791021944720,false,תה ארל גריי ספיישל 1,IMPRA,,תה ארל גריי ספיישל 200 גר,גרמים,200.00,100 גרם,false,1,22.90,11.4500,true,1,143372
4791045001539,false,תה הייליס אריסטוקרט,,,"תה ""הייליס אריסטוקרט",גרמים,250.00,100 גרם,false,1,19.90,7.9600,true,1,124246
4791045001867,false,תה שוטלנדסקי 100 שק,,,"תה שוטלנדסקי 100 שק""",גרמים,200.00,100 גרם,false,1,22.90,11.4500,true,1,124251
4791045001874,false,תה אריסטוקרט 100 שק,,,תה אריסטוקרט 100 שק,גרמים,200.00,100 גרם,false,1,22.90,11.4500,true,1,124252
4791045001997,false,תה צלטון רויאל אנגלי,,,"תה ""צ""לטון"" רויאל אנגלי 200 גר",גרמים,200.00,100 גרם,false,1,22.90,11.4500,true,1,124253
4791045002314,false,תה ירוק הייליס 100 ג,,,תה ירוק הייליס 100 ג,גרמים,100.00,100 גרם,false,1,11.90,11.9000,true,1,124255
4791045002536,false,תה אנגלי 230 גר,,,"תה אנגלי 230 ג""ר",גרמים,230.00,100 גרם,false,1,24.90,10.8261,true,1,124257
4791045002611,false,תה הייליס אריסטוקרט,,,תה הייליס אריסטוקרט 300גר,גרמים,300.00,100 גרם,false,1,34.90,11.6333,true,1,124258
4791045003311,false,תה היליס אריסטוקרט 1,,,תה היליס אריסטוקרט 125 גר,גרמים,125.00,100 גרם,false,1,24.90,19.9200,true,1,124263
4791045007128,false,תה ירוק הייליס פסיפל,,,תה ירוק הייליס פסיפלורה 100גר,גרמים,100.00,100 גרם,false,1,13.90,13.9000,true,1,129394
4791045010937,false,תה ארל גריי 250 גר,,,"תה ""ארל גריי"" 250 גר",גרמים,250.00,100 גרם,false,1,24.90,9.9600,true,1,125534
4791045011361,false,תה שחור הייליס ארל ג,,,תה שחור הייליס ארל גרי 100שק,גרמים,200.00,100 גרם,false,1,25.90,12.9500,true,1,129401
4791045019787,false,תה היליס אריסטוקרט פ,,,תה היליס אריסטוקרט פח 100 גר,גרמים,100.00,100 גרם,false,1,24.90,24.9000,true,1,170726
4791045024064,false,תה היליס ארל גריי פ,,,תה היליס ארל גריי פח 100 גר,גרמים,100.00,100 גרם,false,1,24.90,24.9000,true,1,170727
4791045024071,false,תה היליס ירוק יסמין,,,תה היליס ירוק יסמין פח 100 גר,גרמים,100.00,100 גרם,false,1,24.90,24.9000,true,1,170728
4792252001084,false,תה פטל שחור בסילור 2,בסילר,,תה פטל שחור 20 שקי,Unknown,0.00,Unknown,false,1,18.90,0.0000,true,1,125896
4792252002746,false,תה שחור קלאסי אסורטי,בסילר,,תה שחור קלאסי אסורטי 20 שקי,Unknown,0.00,Unknown,false,1,19.90,0.0000,true,1,125909
4792252007123,false,תה ציילון אובה בסילו,בסילר,,"תה שחור ""אובה"" 100 גר",גרמים,200.00,100 גרם,false,12,35.90,17.9500,true,1,125910
4792252007222,false,תה סיזון חורפי בסילו,בסילר,,תה שחור חמוציות 100 שק,גרמים,200.00,100 גרם,false,12,39.90,19.9500,true,1,125911
4792252100060,false,תה ציילון אובה בסילו,בסילור,,תה ציילון אובה 100 גר,גרמים,100.00,100 גרם,false,24,19.90,19.9000,true,1,130315
4792252100343,false,תה שחור תות קיווי בס,בסילר,,תה שחור תות קיווי 100 גר,גרמים,100.00,100 גרם,false,24,23.90,23.9000,true,1,125914
4792252100398,false,תה סיזון חורפי בסילו,בסילר,,תה שחור חמוציות 100 גר,גרמים,100.00,100 גרם,false,24,19.90,19.9000,true,1,125917
4792252915503,false,תה בסילור סזון אוסני,בסילר,,"תה ""בזילור"" סזון אוסני 100 גר",גרמים,100.00,100 גרם,false,24,19.90,19.9000,true,1,126745
4792252920705,false,תה בליסור ספישל קלאס,בליסור,,תה בליסור ספישל קלאסיק ארל גריי 100 גר,גרמים,100.00,100 גרם,false,1,23.90,23.9000,true,1,139280
4792252924659,false,תה אוריאנטל קולקשן 6,,,תה אוריאנטל קולקשן 60 שק,Unknown,0.00,Unknown,false,1,49.90,0.0000,true,1,169337
4792252925915,false,תה איסלנד ירוק בסילו,בסילור,,תה איסלנד ירוק 150 גר,גרמים,150.00,100 גרם,false,12,35.90,23.9333,true,1,130322
4792252925922,false,תה איסלנד ספיישל 100,בסילור,,תה איסלנד ספיישל 100 גר,גרמים,200.00,100 גרם,false,12,35.90,17.9500,true,1,130323
4792252925939,false,תה איסלנד גולד 200 ג,בסילור,,תה איסלנד גולד 100 גר,גרמים,200.00,100 גרם,false,12,35.90,17.9500,true,1,130324
4792252927308,false,תה בליסור פרסונל פרו,בליסור,,תה בליסור פרסונל פרוט שופ 100 גר,גרמים,100.00,100 גרם,false,1,23.90,23.9000,true,1,139281
4792252933514,false,תה בסילור פרוט פטל 1,בליסור,,תה בסילור פרוט פטל 100 גר,גרמים,100.00,100 גרם,false,1,23.90,23.9000,true,1,139289
4792252933545,false,תה בסילור פרוט חמוצי,בליסור,,תה בסילור פרוט חמוציות 100 גר,גרמים,100.00,100 גרם,false,24,23.90,23.9000,true,1,139290
4792252933637,false,תה ארל גריי ומנדרינה,,,תה ארל גריי ומנדרינה 100 גר,גרמים,100.00,100 גרם,false,24,23.90,23.9000,true,1,147061
4792252935228,false,תה אוריאנטל ארל גרי,בסילר,,תה אוריאנטל ארל גרי פרסי 100 גר בסילור,גרמים,100.00,100 גרם,false,1,23.90,23.9000,true,1,159023
4792252935495,false,תה פרוט אסורטי שי 11,,,תה פרוט אסורטי שי 110 גר בסילור,גרמים,110.00,100 גרם,false,1,41.90,38.0909,true,1,159022
4792252937628,false,תה סין חלב אולונג 10,,,תה סין חלב אולונג 100 גר,גרמים,100.00,100 גרם,false,1,23.90,23.9000,true,1,147066
4796001051672,false,תה שחור עלים אריזת מ,,,תה שחור עלים אריזת מתנה 200 גר,גרמים,200.00,100 גרם,false,1,39.90,19.9500,true,1,172222
4798810000605,false,תה סופר פיקו 250 גר,טורלטון,,תה סופר פיקו 250 גר פח,גרמים,250.00,100 גרם,false,1,39.90,15.9600,true,1,125881
4798810001985,false,תה ירוק עלים 250 גר,טורלטון,,תה ירוק עלים 250 גר פח,גרמים,250.00,100 גרם,false,1,39.90,15.9600,true,1,125883
4802431579003,false,לבש דק ארמני,,,לבש דק ארמני,Unknown,0.00,Unknown,false,1,16.90,0.0000,true,1,137573
4810014018412,false,בירה קריניצה זיגולוב,,,בירה קריניצה זיגולובסקויה אוסובויה פח,מיליליטרים,450.00,"100 מ""ל",false,24,6.90,1.5333,true,1,160323
4810014018658,false,קוואס סטארוזיטני 1.4,,,קוואס סטארוזיטני 1.4 ל,ליטרים,1.40,ליטר,false,1,15.90,11.3571,true,1,173754
4810014019808,false,קוואס סטארוזיטני לא,,,קוואס סטארוזיטני לא מסונן 1.4 ל,ליטרים,1.40,ליטר,false,1,15.90,11.3571,true,1,173755
4810065006987,false,חלב מרוכז ממותק רוגצ,,,חלב מרוכז ממותק רוגצוב 380 גר,גרמים,380.00,100 גרם,false,1,14.90,3.9211,true,1,139471
4810067007852,false,עוגיות ספרטק בצורת ח,SPARTAK,,עוגיות ספרטק בצורת חיות 450 גר,גרמים,450.00,100 גרם,false,1,14.90,3.3111,true,1,137089
4810073006344,false,חטיף גבינה בטעם וניל,,,חטיף גבינה טימושקה וניל 45 גר,גרמים,45.00,100 גרם,false,1,5.90,13.1111,true,1,146124
4810073007235,false,חטיף גבינה טימושקה ע,,,חטיף גבינה טימושקה על וופל בלגי עם אוכמנ,גרמים,65.00,100 גרם,false,1,6.90,10.6154,true,1,146123
4810073007259,false,חטיף גבינה טימושקה ע,,,חטיף גבינה טימושקה על וופל בלגי בטעם טרו,גרמים,65.00,100 גרם,false,1,6.90,10.6154,true,1,146120
4810073007785,false,חטיף גבינה בטעם קקאו,,,חטיף גבינה בטעם קקאו מילוי קרמל 45 גר,גרמים,45.00,100 גרם,false,1,5.90,13.1111,true,1,156126
4810073007792,false,חטיף גבינה בטעם קקאו,,,חטיף גבינה בטעם קקאו מילוי פטל 45 גר,גרמים,45.00,100 גרם,false,1,5.90,13.1111,true,1,156127
4810073007853,false,חטיף גבינה עם עוגיות,,,חטיף גבינה עם עוגיות בראוניס במילוי שוקו,גרמים,65.00,100 גרם,false,1,6.90,10.6154,true,1,169539
4810073008423,false,חטיף גבינה בטעם שוקו,,,חטיף גבינה בטעם שוקולד עם ביסקוויט 65 גר,גרמים,65.00,100 גרם,false,1,6.90,10.6154,true,1,169540
4810077001710,false,גלטין בקר 50 גר,,,גלטין בקר 50 גרם,גרמים,50.00,100 גרם,false,1,9.90,19.8000,true,1,164856
4810108007506,false,חלב מרוכז 380 גר,,,חלב מרוכז 380 גר,גרמים,380.00,100 גרם,false,1,14.90,3.9211,true,1,157384
4810165432136,false,לחם על בסיס מחמצת מא,ארדי שיווק וסיטונאות,,"לחם סטוליצ""ני",גרמים,500.00,100 גרם,false,1,9.90,1.9800,true,1,124290
4810165434321,false,לחם צרפתי/טעים/בריאו,ארדי שיווק וסיטונאות,,לחם צרפתי/טעים/בריאו,גרמים,650.00,100 גרם,false,1,12.90,1.9846,true,1,124291
4810168000011,false,פילה דג הרינג מלוח מ,,,פילה דג הרינג מלוח מצונן 250 גר,גרמים,250.00,100 גרם,false,1,13.90,5.5600,true,1,124292
4810168000066,false,פילה דג הרינג מלוח מ,,,דג מטיאס מתובל 250 גר,גרמים,250.00,100 גרם,false,1,13.90,5.5600,true,1,149098
4810168000103,false,פילה דג הרינג מלוח מ,,,דג מטיאס מעושן 250 גר,גרמים,250.00,100 גרם,false,1,13.90,5.5600,true,1,149099
4810168000998,false,חתיכות פילה דג הרינג,,,חתיכות פילה דג הרינג מלוח מצונן עם בצל,גרמים,260.00,100 גרם,false,1,17.90,6.8846,true,1,124293
4810168001056,false,חתיכות פילה דג הרינג,,,חתיכות פילה דג הרינג מלוח מצונן 260 גר,גרמים,260.00,100 גרם,false,1,17.90,6.8846,true,1,126780
4810168001933,false,מקלות סורימי בטעם סר,,,מקלות סורימי בטעם סרטן 200 גרם,גרמים,200.00,100 גרם,false,1,6.90,3.4500,true,1,164848
4810168001964,false,נתחי סורימי בטעם סרט,,,נתחי סורימי בטעם סרטן 200 גרם,גרמים,200.00,100 גרם,false,1,6.90,3.4500,true,1,164849
4810168004132,false,ביצי דג טרוטונית אטל,,,ביצי דג טרוטונית אטלנטי מומלח מצונן 180,גרמים,180.00,100 גרם,false,1,15.90,8.8333,true,1,124294
4810168004149,false,ביצי דג טרוטונית אטל,,,ביצי דג טרוטונית אטלנטי מעושן מצונן 180,גרמים,180.00,100 גרם,false,1,15.90,8.8333,true,1,124295
4810168004156,false,ביצי דג טרוטונית אטל,,,ביצי דג טרוטונית אטלנטי עם סלמון מעושן,גרמים,180.00,100 גרם,false,1,15.90,8.8333,true,1,124296
4810168011017,false,סורימי בטעם סרטן 150,,,סורימי בטעם סרטן 150 גר,גרמים,150.00,100 גרם,false,1,9.90,6.6000,true,1,173847
4810168016104,false,ביצי דג טרוטונית אטל,,,ביצי דג טרוטונית אטלנטי עם הסילונים 180,גרמים,180.00,100 גרם,false,1,15.90,8.8333,true,1,126778
4810168018795,false,חתיכות פילה דג הרינג,,,חתיכות פילה דג הרינג מלוח מצונן 200 גר,גרמים,200.00,100 גרם,false,1,13.90,6.9500,true,1,126779
4810168019051,false,חתיכות פילה הרינג מל,,,חתיכות פילה דג הרינג מלוח מצונן עם תבלי,גרמים,200.00,100 גרם,false,1,13.90,6.9500,true,1,149100
4810168020309,false,אצות ים מוחמצות 150,,,אצות ים מוחמצות 150 גר,גרמים,150.00,100 גרם,false,1,6.90,4.6000,true,1,124297
4810168020330,false,אצות ים מוחמצות עם פ,,,אצות ים מוחמצות עם פטריות 150 גר,גרמים,150.00,100 גרם,false,1,6.90,4.6000,true,1,124298
4810168020361,false,אצות ים מוחמצות עם ח,,,אצות ים מוחמצות עם חצילים 150 גר,גרמים,150.00,100 גרם,false,1,6.90,4.6000,true,1,124299
4810168020392,false,אצות ים מוחמצות עם ג,,,אצות ים מוחמצות עם גזר 150 גר,גרמים,150.00,100 גרם,false,1,6.90,4.6000,true,1,124300
4810168023478,false,סלט אצות ים צוקה 150,,,סלט אצות ים צוקה 150 גר,גרמים,150.00,100 גרם,false,1,14.90,9.9333,true,1,173846
4810168024260,false,ביצי דג שיבוט מומלח,,,ביצי דג שיבוט מומלח מצונן 130 גר,גרמים,130.00,100 גרם,false,1,15.90,12.2308,true,1,128116
4810168024512,false,חתיכות פילה דג הרינג,,,חתיכות פילה דג הרינג מלוח מצונן עם תבלין,גרמים,260.00,100 גרם,false,1,17.90,6.8846,true,1,126781
4810168025793,false,ביצי דג זהבנון מומלח,,,ביצי דג זהבנון מומלח מצונן 130 גר,גרמים,130.00,100 גרם,false,1,15.90,12.2308,true,1,128115
4810168031794,false,ביצי דג הרינג אטלנטי,,,ביצי דג הרינג אטלנטי מומלח מצונן 110 גר,גרמים,110.00,100 גרם,false,1,15.90,14.4545,true,1,129629
4810168035785,true,ממרח עם קריל מצונן 1,,,ממרח עם קריל מצונן 150 גר,גרמים,150.00,100 גרם,false,,14.90,9.9333,true,1,150191
4810168035792,true,ממרח עם קריל מעושן מ,,,ממרח עם קריל מעושן מצונן 150 גר,גרמים,150.00,100 גרם,false,,14.90,9.9333,true,1,150192
4810168035808,true,ממרח עם קריל ברוטב ש,,,ממרח עם קריל ברוטב שמנת ושום 150 גר,גרמים,150.00,100 גרם,false,,14.90,9.9333,true,1,150193
4810168037888,true,גלידת פלומביר אסקימו,,,גלידת פלומביר אסקימו עם אגוזי לוז,גרמים,65.00,100 גרם,false,42,5.90,9.0769,true,1,130474
4810168038250,false,גלידה אסקימו יוקי חל,,,"גלידה אסקימו ""יוקי"" חלב ציפורים 65 גר",גרמים,65.00,100 גרם,false,1,5.90,9.0769,true,1,130886
4810168038267,false,גלידה פלומביר אסקימו,,,"גלידה פלומביר אסקימו ""יוקי"" 65 גר",גרמים,65.00,100 גרם,false,1,5.90,9.0769,true,1,130649
4810168038977,false,גלידה פלומביר יוקי ב,,,גלידה פלומביר יוקי בכוס 75 גר,גרמים,75.00,100 גרם,false,1,5.90,7.8667,true,1,137492
4810168038984,false,גלידת פלומביר יוקי ב,,,"גלידת פלומביר ""יוקי"" בריקט 80 גר",גרמים,80.00,100 גרם,false,1,5.90,7.3750,true,1,130887
4810168038991,false,גלידת פלומביר יוקי ש,,,"גלידת פלומביר ""יוקי"" שוקולד בגביע 75 גר",גרמים,75.00,100 גרם,false,1,5.90,7.8667,true,1,130885
4810168039004,false,גלידת פלומביר יוקי מ,,,"גלידת פלומביר ""יוקי"" משפחתית 400 גר",גרמים,400.00,100 גרם,false,1,23.90,5.9750,true,1,130888
4810168045098,false,גלידה קרם ברולה פלומ,santa bremor,,גלידה קרם ברולה פלומביר בכוס יוקי 70 גר,גרמים,70.00,100 גרם,false,52,5.90,8.4286,true,1,143996
4810168045432,false,גלידת אסקימו יוקי טר,santa bremor,,גלידת אסקימו יוקי טרופל 65 גר,גרמים,65.00,100 גרם,false,1,5.90,9.0769,true,1,142933
4810168045906,true,גלידה סולטו שמנת וני,ז'יטומרסקי זאבוד,,גלידה סולטו שמנת וניל שקדים אסקימו 75 גר,גרמים,75.00,100 גרם,false,24,7.90,10.5333,true,1,167373
4810168045913,true,גלידה סולטו שמנת קקא,ז'יטומרסקי זאבוד,,גלידה סולטו שמנת קקאו בראונ אסקימו 75 גר,גרמים,75.00,100 גרם,false,24,7.90,10.5333,true,1,167374
4810168047351,false,בצק עלים מרודד מוקפא,,,בצק עלים מרודד מוקפא 450 גר,גרמים,450.00,100 גרם,false,1,8.90,1.9778,true,1,164529
4810168047368,false,בצק שמרים עלים מרודד,,,בצק שמרים עלים מרודד מוקפא 450 גר,גרמים,450.00,100 גרם,false,1,8.90,1.9778,true,1,164530
4810168049928,false,בלינצס במילוי תפוא ו,,,"בלינצס במילוי תפו""א ופטריות 420 גר",גרמים,420.00,100 גרם,false,1,12.90,3.0714,true,1,164523
4810168049959,false,בלינצס במילוי גבינת,,,בלינצס במילוי גבינת טבורוג מוקפא 360 גר,גרמים,360.00,100 גרם,false,1,12.90,3.5833,true,1,164525
4810168049966,false,בלינצס במילוי דובדבן,,,בלינצס במילוי דובדבן מוקפא 360 גר,גרמים,360.00,100 גרם,false,1,12.90,3.5833,true,1,164524
4810168051396,false,בצק שמרים מרודד מוקפ,,,בצק שמרים מרודד מוקפא 450 גר,גרמים,450.00,100 גרם,false,1,6.90,1.5333,true,1,164528
4810168051570,false,בלינצס במילוי תפוע ו,,,"בלינצס במילוי תפו""ע וקינמון 360 גר",גרמים,360.00,100 גרם,false,1,12.90,3.5833,true,1,164526
4810168052270,false,עלי בלינצס מוקפאים 3,,,עלי בלינצס מוקפאים 320 גר,גרמים,320.00,100 גרם,false,1,9.90,3.0938,true,1,164527
4810168053031,false,גלידה פלומביר יוקי ב,,,גלידה פלומביר יוקי בריקט שוקולד 80 גר,גרמים,80.00,100 גרם,false,1,5.90,7.3750,true,1,159085
4810168055004,false,כיסונים במילוי אוכמנ,,,כיסונים במילוי אוכמניות כחולות 450 גר,גרמים,450.00,100 גרם,false,1,18.90,4.2000,true,1,164515
4810168055011,false,כיסונים במילוי גבינת,,,כיסונים במילוי גבינת טבורוג מוקפא 450 ג,גרמים,450.00,100 גרם,false,1,15.90,3.5333,true,1,164518
4810168055028,false,כיסונים במילוי דובדב,,,כיסונים במילוי דובדבנים מוקפא 450 גר,גרמים,450.00,100 גרם,false,1,18.90,4.2000,true,1,164516
4810168055035,false,כיסונים במילוי טבורו,,,כיסונים במילוי טבורוג וצימוקים 450 גר,גרמים,450.00,100 גרם,false,1,15.90,3.5333,true,1,164557
4810168055042,false,כיסונים במילוי פטל מ,,,כיסונים במילוי פטל מוקפא 450 גר,גרמים,450.00,100 גרם,false,1,18.90,4.2000,true,1,164517
4810168055059,false,כיסונים במילוי גבינת,,,כיסונים במילוי גבינת ריקוטה ותרד 450 גר,גרמים,450.00,100 גרם,false,1,18.90,4.2000,true,1,164514
4810168055066,false,כיסונים במילוי תפוא,,,"כיסונים במילוי תפו""א ופטריות 450 גר",גרמים,450.00,100 גרם,false,1,12.90,2.8667,true,1,164520
4810168055073,false,כיסונים במילוי תפוא,,,"כיסונים במילוי תפו""א ובצל 450 גר",גרמים,450.00,100 גרם,false,1,12.90,2.8667,true,1,164521
4810168055080,false,כיסונים במילוי כרוב,,,כיסונים במילוי כרוב ופטריות 450 גר,גרמים,450.00,100 גרם,false,1,12.90,2.8667,true,1,164522
4810168055165,false,לביבות גבינת טבורוג,,,לביבות גבינת טבורוג מוקפא 450 גר,גרמים,450.00,100 גרם,false,1,18.90,4.2000,true,1,164513
4810168055875,false,חתיכות פילה הרינג מת,,,חתיכות פילה הרינג מתובל מלוח בשמן 1.2 קג,קילוגרמים,1.20,"ק""ג",false,1,39.90,33.2500,true,1,165840
4810168055882,false,חתיכות פילה דג הרינג,,,חתיכות פילה דג הרינג מומלח בשמן 1.2 קג,קילוגרמים,1.20,"ק""ג",false,1,39.90,33.2500,true,1,165839
4810168055899,false,פילה דג הרינג מומלח,,,פילה דג הרינג מומלח בשמן מצונן 1.2 קג,קילוגרמים,1.20,"ק""ג",false,1,39.90,33.2500,true,1,165837
4810168055905,false,פילה דג הרינג סקנדינ,,,פילה דג הרינג סקנדינבי מומלח בשמן 1.2 קג,קילוגרמים,1.20,"ק""ג",false,1,39.90,33.2500,true,1,165838
4810168056964,false,בלינצס במילוי ממרח ק,,,בלינצס במילוי ממרח קקאו אגוזי לוז 360 גר,גרמים,360.00,100 גרם,false,6,12.90,3.5833,true,1,167375
4810168057435,false,חתיכות פילה דג הרינג,,,חתיכות פילה דג הרינג מלוח בשמן 400 גר,גרמים,400.00,100 גרם,false,1,26.90,6.7250,true,1,167262
4810168057510,false,חתיכות פילה דג הרינג,,,חתיכות פילה דג הרינג מלוח בשמן 400 גר,גרמים,400.00,100 גרם,false,1,26.90,6.7250,true,1,168804
4810168058548,false,חתיכות פילה דג הרינג,,,חתיכות פילה דג הרינג מלוח בשמן 1.2 קג,קילוגרמים,1.20,"ק""ג",false,1,39.90,33.2500,true,1,168704
4810168058876,false,ביצי דג טרוטונית אטל,,,ביצי דג טרוטונית אטלנטי עם אבוקדו סלמון,גרמים,180.00,100 גרם,false,1,15.90,8.8333,true,1,173991
4810168058975,false,חתיכות פילה הרינג סק,,,חתיכות פילה הרינג סקנדינבי מצונן 260 גר,גרמים,260.00,100 גרם,false,1,17.90,6.8846,true,1,172268
4810168058982,false,חתיכות פילה הרינג סק,,,חתיכות פילה הרינג סקנדינבי בשמן 400 גר,גרמים,400.00,100 גרם,false,1,26.90,6.7250,true,1,172267
4810168058999,false,פילה דג הרינג סקנדינ,,,פילה דג הרינג סקנדינבי מלוח מצונן 250 גר,גרמים,250.00,100 גרם,false,10,13.90,5.5600,true,1,170960
4810168061142,false,בסיגנון קוויאר כדורי,פירסט קוואליטי תרייד,,בסיגנון קוויאר כדורי סלמון ופורל 230 גר,גרמים,230.00,100 גרם,false,1,14.90,6.4783,true,1,173844
4810168061159,false,בסיגנון קוויאר כדורי,פירסט קוואליטי תרייד,,בסיגנון קוויאר כדורי סלמון ופורל 230 גר,גרמים,230.00,100 גרם,false,1,14.90,6.4783,true,1,173845
4810168062125,false,כיסונים במילוי אוכמנ,,,כיסונים במילוי אוכמניות כחולות 450 גר,גרמים,450.00,100 גרם,false,1,18.90,4.2000,true,1,174632
4810168062187,false,בלינצס במילוי תפוא ו,,,בלינצס במילוי תפוא ופטריות 420 גר,גרמים,420.00,100 גרם,false,1,12.90,3.0714,true,1,174640
4810168062194,false,בלינצס במילוי גבינת,,,בלינצס במילוי גבינת טבורוג מוקפא 360 גר,גרמים,360.00,100 גרם,false,1,12.90,3.5833,true,1,174642
4810168062224,false,בלינצס במילוי ממרח ק,,,בלינצס במילוי ממרח קקאו אגוזי לוז 360 גר,גרמים,360.00,100 גרם,false,6,12.90,3.5833,true,1,174644
4810268027345,false,טבורוג קלאסי 9% סבוש,,,טבורוג קלאסי 9% סבושקין 300 גר,גרמים,300.00,100 גרם,false,1,21.90,7.3000,true,1,168960
4810268028847,false,טבורוג זרניסטי סבושק,,,טבורוג זרניסטי סבושקין 350 גר,גרמים,350.00,100 גרם,false,1,15.90,4.5429,true,1,168955
4810268028908,false,טבורוג זרניסטי 9% סב,,,טבורוג זרניסטי 9% סבושקין 350 גר,גרמים,350.00,100 גרם,false,1,24.90,7.1143,true,1,168959
4810268030178,false,טבורוג קלאסי 5% סבוש,,,טבורוג קלאסי 5% סבושקין 300 גר,גרמים,300.00,100 גרם,false,1,13.90,4.6333,true,1,168958
4810268041907,false,טבורוג קלאסי 5% סבוש,,,טבורוג קלאסי 5% סבושקין 200 גר,גרמים,200.00,100 גרם,false,1,9.90,4.9500,true,1,168957
4810268041914,false,טבורוג קלאסי 9% סבוש,,,טבורוג קלאסי 9% סבושקין 200 גר,גרמים,200.00,100 גרם,false,1,15.90,7.9500,true,1,168961
4810278003605,false,חליטת צמחים קמומיל ו,,,חליטת צמחים קמומיל ומרווה 20 שק,Unknown,0.00,Unknown,false,24,9.90,0.0000,true,1,160302
4810278003995,false,חליטת פירות וצמחים S,,,חליטת פירות וצמחים SWEET GINGER,Unknown,0.00,Unknown,false,1,10.90,0.0000,true,1,160289
4810279005127,false,ציפס בטעם פטריות 75,בלפרודוקט,BY,ציפס בטעם פטריות 75 גר,גרמים,75.00,100 גרם,false,25,5.90,7.8667,true,1,149961
4810285004008,false,קוואס לידסקיי לחם 1.,לידסקויה פיבו,,קוואס לידסקיי לחם 1.5 ל,ליטרים,1.50,ליטר,false,1,13.90,9.2667,true,1,132199
4810285006743,false,קוואס לידסקיי כהה 1.,לידסקויה פיבו,,קוואס לידסקיי כהה 1.5 ל,ליטרים,1.50,ליטר,false,1,13.90,9.2667,true,1,132200
4810319000105,false,לחם,,,לחם,Unknown,0.00,Unknown,false,1,9.90,0.0000,true,1,124301
4810319000259,false,לחם צימוקים 530 גר,ארדי שיווק וסיטונאות,,לחם צימוקים 530 גר,גרמים,530.00,100 גרם,false,1,12.90,2.4340,true,1,124302
4810350000027,false,לחם מאסטר 700 גר,ארדי שיווק וסיטונאות,,לחם מאסטר 500 גר,גרמים,700.00,100 גרם,false,1,13.90,1.9857,true,1,124303
4810410028954,false,שוקולד מריר ממולא קר,קמונרקה,BY,שוקולד מריר ממולא קרם בטעם טרופל 200 גר,גרמים,200.00,100 גרם,false,1,16.90,8.4500,true,1,167286
4810410046941,false,שוקולד חלב קומונרקה,קמונרקה,BY,שוקולד חלב קומונרקה לובימיה אליונקה 200,גרמים,200.00,100 גרם,false,17,16.90,8.4500,true,1,160322
4810410052294,false,שוקולד מריר מילוי בט,קמונרקה,BY,שוקולד מריר מילוי בטעם דובדבן 200 גר,גרמים,200.00,100 גרם,false,17,16.90,8.4500,true,1,159252
4810410054472,false,שוקולד מריר 68% קומו,קמונרקה,BY,שוקולד מריר 68% קומונרקה 200 גר,גרמים,200.00,100 גרם,false,17,16.90,8.4500,true,1,159251
4810410055752,false,ממתק מוקצף פטיציה מו,,,ממתק מוקצף פטיציה מולוקו 200 גר,גרמים,200.00,100 גרם,false,,17.90,8.9500,true,1,171763
4810410064891,false,שוקולד חלב מילוי בטע,קמונרקה,BY,שוקולד חלב מילוי בטעם טראפלס 200 גר,גרמים,200.00,100 גרם,false,17,16.90,8.4500,true,1,170883
4810410075293,false,שוקולד מריר קומונרקה,קמונרקה,BY,שוקולד מריר קומונרקה מילוי חמוציות 200 ג,גרמים,200.00,100 גרם,false,17,16.90,8.4500,true,1,160319
4810987100732,false,אקלר עם קרם ריבת חלב,,,אקלר עם קרם ריבת חלב בציפוי שוקולד 225 ג,גרמים,225.00,100 גרם,false,12,14.90,6.6222,true,1,146577
4810987106765,false,פרופיטרול עם קרם פטי,,,פרופיטרול עם קרם פטיסייר 240 גר,גרמים,240.00,100 גרם,false,12,14.90,6.2083,true,1,146580
4811018056028,false,באטון 450 גר,,,באטון 450 גר,גרמים,450.00,100 גרם,false,1,14.90,3.3111,true,1,162891
4811089000111,false,מיץ תפוח עץ סחוט 3 ל,,,מיץ תפוח עץ סחוט 3 ל,ליטרים,3.00,ליטר,false,1,41.90,13.9667,true,1,172087
4811168003989,false,וודקה בולבש אוסוביה,,,"וודקה ""בולבש"" אוסוביה 0.7 ל",מיליליטרים,700.00,"100 מ""ל",false,1,59.90,8.5571,true,1,126804
4811222003962,false,קוואס חתני אמיתי 900,,,קוואס חתני אמיתי 900 מל,מיליליטרים,900.00,"100 מ""ל",false,1,10.90,1.2111,true,1,172145
4811222003979,false,קוואס חתני אמיתי 1.4,,,קוואס חתני אמיתי 1.4 ל,ליטרים,1.40,ליטר,false,1,14.90,10.6429,true,1,172147
4811222005393,false,קוואס חתני כהה 900 מ,,,קוואס חתני כהה 900 מל,מיליליטרים,900.00,"100 מ""ל",false,1,10.90,1.2111,true,1,172146
4811222005409,false,קוואס חתני כהה 1.4 ל,,,קוואס חתני כהה 1.4 ל,ליטרים,1.40,ליטר,false,1,14.90,10.6429,true,1,172148
4811941002062,false,חטיף תירס מתוק 160 ג,,,חטיף תירס מתוק 160 גר,גרמים,160.00,100 גרם,false,1,9.90,6.1875,true,1,172086
4815387001849,false,תה שחור פירות ועלי כ,MALBI CHOCOLATE,,תה שחור פירות ועלי כותרת פרחים אפרסק 80,גרמים,80.00,100 גרם,false,1,14.90,18.6250,true,1,173266
4815387001887,false,תה ירוק פירות ועלי כ,MALBI CHOCOLATE,,תה ירוק פירות ועלי כותרת פרחים פטל 80 גר,גרמים,80.00,100 גרם,false,1,14.90,18.6250,true,1,173264
4815387001931,false,תה צמחים עם פירות בנ,MALBI CHOCOLATE,,תה צמחים עם פירות בניחוח דובדבן 80 גר,גרמים,80.00,100 גרם,false,1,14.90,18.6250,true,1,173268
4815387002136,false,תה שחור דאלאי 60 שק,,,תה שחור דאלאי 60 שק,גרמים,104.00,100 גרם,false,1,29.90,28.7500,true,1,155882
4815387003768,false,תערובת תה שחור וירוק,MALBI CHOCOLATE,,תערובת תה שחור וירוק עם חתיכות פירות 80,גרמים,80.00,100 גרם,false,1,14.90,18.6250,true,1,173265
4820000190954,false,בירה אובולון בהירה 5,OBOLON,,"בירה ""אובולון"" בהירה",מיליליטרים,500.00,"100 מ""ל",false,1,7.90,1.5800,true,1,124312
4820000190961,false,בירה אובולון פחית צה,OBOLON,,בירה אובולון צהוב בפ,מיליליטרים,500.00,"100 מ""ל",false,1,7.90,1.5800,true,1,124313
4820000191579,false,בירה אובולון בהירה 2,OBOLON,,"בירה ""אובולון"" בהירה",ליטרים,2.00,ליטר,false,1,21.90,10.9500,true,1,124316
4820000191586,false,בירה אובולון 1 ל,OBOLON,,בירה אובולון בהיר 1,מיליליטרים,1000.00,"100 מ""ל",false,1,11.90,1.1900,true,1,124317
4820000191708,false,בירה אובולון בהירה 5,OBOLON,,"בירה ""אובולון"" בהירה",מיליליטרים,500.00,"100 מ""ל",false,1,8.90,1.7800,true,1,124318
4820000191722,false,בירה אובולון ירוק 50,OBOLON,,"בירה ""אובולון"" ירוק",מיליליטרים,500.00,"100 מ""ל",false,1,8.90,1.7800,true,1,124320
4820000192101,false,בירה קלה בטעם לימון,OBOLON,,בירה קלה בטעם לימון 500 גר,גרמים,500.00,100 גרם,false,1,7.90,1.5800,true,1,126730
4820000192125,false,בירה קלה בטעם דובדבן,OBOLON,,בירה קלה בטעם דובדבן 500 מל,מיליליטרים,500.00,"100 מ""ל",false,1,7.90,1.5800,true,1,126729
4820000193238,false,בירה קלה בטעם פטל 50,OBOLON,,בירה קלה בטעם פטל 500 גר,גרמים,500.00,100 גרם,false,1,7.90,1.5800,true,1,126731
4820000195867,false,בירה זיגולובסקויה 2,OBOLON,,"בירה ""ז""יגולובסקויה""",ליטרים,2.00,ליטר,false,1,21.90,10.9500,true,1,124325
4820000453998,false,בירה לביבסקה בהירה 2,קרלסברג אוקראינה,,בירה לביבסקה בהירה 2.5 ל,ליטרים,2.50,ליטר,false,1,29.90,11.9600,true,1,132431
4820000455909,false,קוואס טאראס 1.5 ל,,,קוואס טאראס 1.5 ל,ליטרים,1.50,ליטר,false,1,19.90,13.2667,true,1,132435
4820000456272,false,בירה לביבסקי פרמיום,חרקוב ביסקוויט,,"בירה לביבסקי פרמיום בק 500 מ""ל",מיליליטרים,500.00,"100 מ""ל",false,1,9.90,1.9800,true,1,156238
4820000456401,false,בירה רוברט דומס בק 5,קלסברג אוקראינה,,"בירה רוברט דומס בק 500 מ""ל",מיליליטרים,500.00,"100 מ""ל",false,1,9.90,1.9800,true,1,131981
4820000456531,false,קוואס טאראס שחור 1.5,,,קוואס טאראס שחור 1.5 ל,ליטרים,1.50,ליטר,false,1,19.90,13.2667,true,1,141547
4820000458238,false,בירה אריה כהה בק 500,,,בירה אריה כהה בק 500 מל,מיליליטרים,500.00,"100 מ""ל",false,1,9.90,1.9800,true,1,160859
4820000458788,false,בירה רוברט דומס בלגי,,,בירה רוברט דומס בלגייסקי פח 500 מל,מיליליטרים,500.00,"100 מ""ל",false,1,9.90,1.9800,true,1,160860
4820000459617,false,בירה אריה לבן לא מסו,,,בירה אריה לבן לא מסוננת בק 500 מל,מיליליטרים,500.00,"100 מ""ל",false,1,9.90,1.9800,true,1,163209
4820002300306,false,וופל ארטק 130 גר,חרקוב בסקוויט,,"וופל ""ארטק"" 130 גר""",גרמים,130.00,100 גרם,false,1,5.90,4.5385,true,1,124345
4820002300764,false,עוגיות ללא סוכר 200,לקורנה,,עוגיות ללא סוכר 200,גרמים,200.00,100 גרם,false,1,5.90,2.9500,true,1,124346
4820002302058,false,קרקר עדין 400 גר,חרקוב בסקוויט,,"קרקר עדין 400 ג""ר",גרמים,400.00,100 גרם,false,1,12.90,3.2250,true,1,124349
4820002303727,false,וופל לימונציק על בסי,חרקוב בסקוויט,,"וופלים לימונצ""יק עם",גרמים,130.00,100 גרם,false,1,6.90,5.3077,true,1,124350
4820002305462,false,ביסקוויט על פרוקטוז,חרקוב בסקוויט,,ביסקוויט דיאט עם פרו,גרמים,400.00,100 גרם,false,1,12.90,3.2250,true,1,124355
4820002309538,false,עוגת וופל קפריזוליה,KHARKIV BISCUIT,,עוגת וופל קפריזוליה פרוקטוזה 210 גר,גרמים,210.00,100 גרם,false,1,12.90,6.1429,true,1,134713
4820002710242,false,בירה אובולון אוקסמיט,OBOLON,,בירה אובולון אוקסמיט,מיליליטרים,1000.00,"100 מ""ל",false,1,11.90,1.1900,true,1,124359
4820002710426,false,בירה אובולון לבנה 1,OBOLON,,"בירה ""אובולון"" לבנה",מיליליטרים,1000.00,"100 מ""ל",false,1,11.90,1.1900,true,1,124360
4820002710860,false,בירה אובלון פשניצינו,OBOLON,,"בירה ""אובלון פשניצינויה"" 1 ל",ליטרים,1.00,ליטר,false,1,11.90,11.9000,true,1,125711
4820003148358,false,רוטב מיונז בסגנון אד,,,רוטב מיונז בסגנון אדגיקה 180 גר,גרמים,180.00,100 גרם,false,1,8.90,4.9444,true,1,173244
4820003148365,false,רוטב מיונז בורגר סטי,,,רוטב מיונז בורגר סטייל 180 גר,גרמים,180.00,100 גרם,false,1,8.90,4.9444,true,1,173245
4820003149584,false,מיונז 67% פרובנסל 29,,,מיונז 67% פרובנסל 295 גר,גרמים,295.00,100 גרם,false,1,9.90,3.3559,true,1,173243
4820003353622,false,יין מבעבע ארטיומובסק,ARTWINER,,יין מבעבע ארטיומובסקויה לבן חצי מתוק 750,מיליליטרים,750.00,"100 מ""ל",false,1,39.90,5.3200,true,1,144463
4820003689189,false,נקטר ויטמארק עגבניות,,,"נקטר ""ויטמארק"" עגבניות 1.93 ל",ליטרים,1.93,ליטר,false,1,24.90,12.9016,true,1,128164
4820003689196,false,נקטר ויטמארק תפוחים,ויטמרק,,"נקטר ""ויטמארק"" תפוחים 1.93 ל",ליטרים,1.93,ליטר,false,1,22.90,11.8653,true,1,128162
4820003689325,false,נקטר מולטיפרוט נאש ס,נאש סוק,,נקטר מולטיפרוט 1.93 ל,ליטרים,1.93,ליטר,false,6,24.90,12.9016,true,1,136217
4820003689349,false,נקטר מולטיויטמין נאש,ויטמרק,,"נקטר ""ויטמארק""מולטי ויטמין 1.93 ל",ליטרים,1.93,ליטר,false,1,24.90,12.9016,true,1,128163
4820003689356,false,נקטר אפרסק נאש סוק 1,נאש סוק,,נקטר אפרסק נאש סוק 1.93 ל,ליטרים,1.93,ליטר,false,1,24.90,12.9016,true,1,135918
4820003689363,false,מיץ עגבניות עם מלח נ,נאש סוק,,נקטר עגבניות עם מלח 1.93 ל,ליטרים,1.93,ליטר,false,6,24.90,12.9016,true,1,135919
4820003689387,false,נקטר נאש סוק בטעם דו,ויטמרק,,נקטר נאש סוק בטעם דובדבן 1.93 ל,ליטרים,1.93,ליטר,false,1,24.90,12.9016,true,1,128160
4820005192946,false,שוקולד חלב מילניום ג,מלבי,,"שוקולד ""מילניום גולד",גרמים,100.00,100 גרם,false,1,7.90,7.9000,true,1,124376
4820005193059,false,שוקולד חלב מילניום ג,מלבי,,שוקולד עם אגוזים,גרמים,100.00,100 גרם,false,1,7.90,7.9000,true,1,124377
4820005193073,false,שוקולד מלניום גולד מ,מלבי,,"שוקולד ""מילניום גולד",גרמים,100.00,100 גרם,false,1,7.90,7.9000,true,1,124378
4820005193097,false,שוקולד לבן מילניום ג,מלבי,,שוקולד מילניום עם אגוזי לוז וחמוציות 100,גרמים,100.00,100 גרם,false,1,7.90,7.9000,true,1,124379
4820005194124,false,שוקולד מילניום חלב ע,מלבי,,שוקולד מילניום חלב עם שקדים 100 גר,גרמים,100.00,100 גרם,false,1,7.90,7.9000,true,1,124380
4820011186106,false,סוכ עם ויטמין C בטעם,,,סוכ עם ויטמין C בטעם תפוז בתוספת סוכר,גרמים,25.00,100 גרם,false,1,3.90,15.6000,true,1,149020
4820011186113,false,סוכ עם ויטמין C בטעם,,,סוכ עם ויטמין C בטעם תות בתוספת סוכר 25,גרמים,25.00,100 גרם,false,1,3.90,15.6000,true,1,149021
4820011186120,false,סוכ עם ויטמין C בתוס,,,סוכ עם ויטמין C בתוספת סוכר 25 גר,גרמים,25.00,100 גרם,false,1,3.90,15.6000,true,1,149022
4820012596294,false,אסקימו לב וניל עם אג,laska,,אסקימו לב וניל עם אגוזים,גרמים,80.00,100 גרם,false,22,5.90,7.3750,true,1,153438
4820012596300,false,אסקימו לב בטעם פיסטו,,,אסקימו לב בטעם פיסטוק 85 גר,גרמים,85.00,100 גרם,false,22,5.90,6.9412,true,1,157133
4820012598373,false,פלומביר אליסקה 80 גר,laska,,פלומביר אליסקה 80גר,גרמים,80.00,100 גרם,false,1,5.90,7.3750,true,1,129331
4820012599356,false,גלידה כוס וליקן קקאו,,,גלידה כוס וליקן קקאו 70 גר,גרמים,70.00,100 גרם,false,18,5.90,8.4286,true,1,154510
4820012790210,false,פטריות מיובשות חתוכו,,,פטריות מיובשות חתוכות לבנות 15 גר,גרמים,15.00,100 גרם,false,1,16.90,112.6667,true,1,129351
4820015165206,false,גלידת פלומביר בכוס ו,ז'יטומרסקי זאבוד,,גלידת פלומביר בכוס ו,Unknown,0.00,Unknown,false,30,5.90,0.0000,true,1,124400
4820015165213,false,גלידת בריקט פלומביר,ז'יטומרסקי זאבוד,,גלידת בריקט פלומביר,Unknown,0.00,Unknown,false,1,5.90,0.0000,true,1,124401
4820024797535,false,איקרה חצילים גספרוצק,גספודרוציקה,,איקרה חצילים גספרוצקיה 445 גר,גרמים,445.00,100 גרם,false,1,11.90,2.6742,true,1,130622
4820024798761,false,עגבניות לא מקולפות ב,אודסה קונדיטר,UA,עגבניות לא מקולפות במיץ עגבניות 875 גר,גרמים,875.00,100 גרם,false,1,15.90,1.8171,true,1,133983
4820029431083,false,משקה כהלי מוגז בטעם,OBOLON,,"משקה כהלי מוגז בטעם גין טוניק 330 מ""ל",מיליליטרים,330.00,"100 מ""ל",false,1,10.90,3.3030,true,1,140351
4820029431090,false,משקה כהלי מוגז בטעם,OBOLON,,"משקה כהלי מוגז בטעם ברנדי קולה 330 מ""ל",מיליליטרים,330.00,"100 מ""ל",false,1,10.90,3.3030,true,1,140352
4820029431106,false,משקה כהלי מוגז בטעם,OBOLON,,"משקה כהלי מוגז בטעם רום עם קולה 330 מ""ל",מיליליטרים,330.00,"100 מ""ל",false,1,10.90,3.3030,true,1,140350
4820029431175,false,משקה כהלי מוגז בטעם,OBOLON,,"משקה כהלי מוגז בטעם וודקה ליים 330 מ""ל",מיליליטרים,330.00,"100 מ""ל",false,1,10.90,3.3030,true,1,149511
4820029960897,false,קונפיטורה דומדמניות,,,קונפיטורה דומדמניות אדומות 1200 גר,גרמים,1200.00,100 גרם,false,1,32.90,2.7417,true,1,159507
4820029961238,false,קונפיטורה פירות יער,טסומאן,,קונפיטורה פירות יער עם לינגונברי 1200 גר,גרמים,1200.00,100 גרם,false,1,39.90,3.3250,true,1,174043
4820029961313,false,קונפיטורה פטל 1200 ג,טסומאן,,קונפיטורה פטל 1200 גר,גרמים,1200.00,100 גרם,false,1,39.90,3.3250,true,1,174039
4820029961320,false,קונפיטורה אוכמניות ב,טסומאן,,קונפיטורה אוכמניות בר 1200 גר,גרמים,1200.00,100 גרם,false,1,39.90,3.3250,true,1,174042
4820030561380,false,ממרח קישואים קיץ 500,אוריקה,,ממרח קישואים קיץ 200 גר,גרמים,500.00,100 גרם,false,1,11.90,2.3800,true,1,134235
4820030561526,false,שימורי אפונה ירוקה 5,אוריקה,,שימורי אפונה ירוקה 500 גר,גרמים,500.00,100 גרם,false,12,12.90,2.5800,true,1,133403
4820030561557,false,שעועית לבנה 540 גר,אוריקה,,שעועית לבנה 540 גר,גרמים,540.00,100 גרם,false,1,12.90,2.3889,true,1,132790
4820030561755,false,מיץ עגבניות 1 ל,,,מיץ עגבניות 1 ל,ליטרים,1.00,ליטר,false,6,16.90,16.9000,true,1,161263
4820039290038,false,פלפל אדום טחון 20 גר,,,תבליני פלפל אדום טחו,גרמים,20.00,100 גרם,false,1,2.90,14.5000,true,1,124445
4820039291103,false,תבלין כמון פריפרבקה,,,"תבלין כמון ""פריפרבקה"" 20 גר",גרמים,20.00,100 גרם,false,1,2.90,14.5000,true,1,126800
4820039294524,false,תבלין לדגים עם לימון,,,תבלין לדגים עם לימון 15 גר,גרמים,15.00,100 גרם,false,1,9.90,66.0000,true,1,142903
4820039294548,false,תבלין לבשר עם תימין,,,תבלין לבשר עם תימין ופלפל צילי 30 גר,גרמים,30.00,100 גרם,false,1,9.90,33.0000,true,1,142905
4820039710628,false,קונפיטורה פוסולסקי ד,,,קונפיטורה פוסולסקי דבור ארוניה 1.25 קג,קילוגרמים,1.25,"ק""ג",false,1,32.90,26.3200,true,1,160306
4820039710710,false,קונפיטורה פוסולסקי ד,,,"קונפיטורה פוסולסקי דבור פטל 1.25 ק""ג",קילוגרמים,1.25,"ק""ג",false,1,37.90,30.3200,true,1,138696
4820043010394,false,שמן חמניות אוקראיני,אגרוספרום,,"שמן חמניות אוקראיני 500 מ""ל",מיליליטרים,500.00,"100 מ""ל",false,1,34.90,6.9800,true,1,124461
4820043010455,false,שמן דלעת 350 מל,אגרוספרום,,"שמן דלעת 350 מ""ל",מיליליטרים,350.00,"100 מ""ל",false,1,69.90,19.9714,true,1,124462
4820043010585,false,שמן פשתן 350 מל,אגרוספרום,,"שמן פשתן 350 מ""ל",מיליליטרים,350.00,"100 מ""ל",false,1,34.90,9.9714,true,1,124464
4820043010745,false,שמן מגדילן מצוי 350,אגרוספרום,,"שמן מגדילן מצוי 350 מ""ל",מיליליטרים,350.00,"100 מ""ל",false,1,69.90,19.9714,true,1,124465
4820043011186,false,שמן אובלפיחה 350 מל,אגרוספרום,,"שמן אובלפיחה 350 מ""ל",מיליליטרים,350.00,"100 מ""ל",false,1,44.90,12.8286,true,1,124467
4820043011193,false,שמן חמניות 500 מל,אגרוספרום,,"שמן חמניות 500 מ""ל",מיליליטרים,500.00,"100 מ""ל",false,1,36.90,7.3800,true,1,124468
4820046962652,true,בירה בהירה בוצקובויה,,,בירה בהירה בוצקובויה 4.3% 500 מל לא מסונ,מיליליטרים,500.00,"100 מ""ל",false,20,11.90,2.3800,true,1,143027
4820046962782,true,בירה בטעם דובדבן טטר,,,בירה בטעם דובדבן טטרב 7% 500 מל,מיליליטרים,500.00,"100 מ""ל",false,20,11.90,2.3800,true,1,161080
4820046962829,true,בירה כהה בוצקובויה 4,,,בירה כהה בוצקובויה 4.3% 500 מל לא מסונ,מיליליטרים,500.00,"100 מ""ל",false,20,11.90,2.3800,true,1,159874
4820056380354,false,עולש ציקורי פלוס 100,ורחובינקה,UA,עולש ציקורי פלוס 100 גר,גרמים,100.00,100 גרם,false,24,7.90,7.9000,true,1,144716
4820056380361,false,עולש נמס עם אוכמניות,ורחובינקה,UA,עולש נמס עם אוכמניות להכנת משקה 100 גר,גרמים,100.00,100 גרם,false,24,7.90,7.9000,true,1,144715
4820061980174,false,ביצקי מטוגנים ברוטב,מפעל ניקולייבסקי,,ביצקי מטוגנים ברוטב עגבניות 250 גר,גרמים,250.00,100 גרם,false,1,7.90,3.1600,true,1,164775
4820061980433,false,ביצקי עם ירקות ברוטב,,,ביצקי עם ירקות ברוטב עגבניות 250 גר,גרמים,250.00,100 גרם,false,1,7.90,3.1600,true,1,170284
4820065703328,false,פילה דג סלמון אטלנטי,,,דג סלמון אטלנטי מעושן פילה פרוס 200 גר,גרמים,200.00,100 גרם,false,1,34.90,17.4500,true,1,152019
4820065706329,false,פילה סלמון אטלנטי מע,,,פילה סלמון אטלנטי מעושן קפוא 500 גר,גרמים,500.00,100 גרם,false,1,79.90,15.9800,true,1,139769
4820065920886,false,חטיף מקלות תירס 175,,,חטיף מקלות תירס 175 גר,גרמים,175.00,100 גרם,false,1,6.90,3.9429,true,1,158352
4820075504397,false,בונבוניירה פרסטיז אס,MALBI CHOCOLATE,,בונבוניירה פרסטיז אסורטי 286 גר,גרמים,286.00,100 גרם,false,1,29.90,10.4545,true,1,131184
4820075508678,false,סוכריות טרופל טרופל,MALBI CHOCOLATE,,סוכריות טרופל טרופל לוקסרי 195 גר,גרמים,195.00,100 גרם,false,1,19.90,10.2051,true,1,157361
4820077081124,false,שמן חמניות גארנה לא,,,"שמן חמניות גארנה לא מזוכך 850 מ""ל",מיליליטרים,850.00,"100 מ""ל",false,1,12.90,1.5176,true,1,136157
4820077081148,false,שמן חמניות גארנה מזו,,,"שמן חמניות גארנה מזוכך 850 מ""ל",מיליליטרים,850.00,"100 מ""ל",false,1,12.90,1.5176,true,1,136156
4820077081773,false,שמן חמניות דיקנקה מז,,,שמן חמניות דיקנקה מזוכך 1 ל,ליטרים,1.00,ליטר,false,1,14.90,14.9000,true,1,149025
4820077081780,false,שמן חמניות דיקנקה לא,,,שמן חמניות דיקנקה לא מזוכך 1 ל,ליטרים,1.00,ליטר,false,1,14.90,14.9000,true,1,149026
4820077083449,false,שמן חמניות לא מזוכך,,,שמן חמניות לא מזוכך 1 ל,ליטרים,1.00,ליטר,false,1,20.90,20.9000,true,1,172788
4820080720584,false,וודקה חלבני דאר קלאס,NATIONAL ALCOHOL COM,,"וודקה חלבני דאר קלאסיק 700 מ""ל",מיליליטרים,700.00,"100 מ""ל",false,1,54.90,7.8429,true,1,124503
4820080720768,false,וודקה חלבניי דאר חיט,NATIONAL ALCOHOL COM,,"וודקה ""חלבניי דאר"" פ",מיליליטרים,700.00,"100 מ""ל",false,1,54.90,7.8429,true,1,124504
4820080724735,false,וודקה חלבניי דאר נא,NATIONAL ALCOHOL COM,,"וודקה ""חלבניי דאר"" נא פרורושנום זרנה 0.7",מיליליטרים,700.00,"100 מ""ל",false,1,54.90,7.8429,true,1,125427
4820092131163,false,וופל מגולגל בטעם חלב,,,וופל מגולגל בטעם חלב אפוי רולו 100 גר,גרמים,100.00,100 גרם,false,1,4.90,4.9000,true,1,173246
4820097815563,false,תערובת תה עלים בטעם,MALBI CHOCOLATE,,תערובת תה עלים בטעם ענבים עם עלי כותרת,גרמים,80.00,100 גרם,false,1,14.90,18.6250,true,1,157376
4820097898030,false,סיידר הפס טבעי רביעי,,UA,מארז סיידר הפס טבעי רביעייה,מיליליטרים,1320.00,"100 מ""ל",false,6,25.90,1.9621,true,1,157829
4820103341543,false,חלב מרוכז מבושל 370,,,חלב מרוכז מבושל 370 גר,גרמים,370.00,100 גרם,false,1,11.90,3.2162,true,1,150928
4820103341574,false,חלב מרוכז 370 גר,,,"חלב מרוכז 400 גר""",גרמים,370.00,100 גרם,false,1,10.90,2.9459,true,1,127002
4820139474284,false,שכר חמוציות זלטוגור,,,שכר חמוציות זלטוגור 500מל,מיליליטרים,500.00,"100 מ""ל",false,1,19.90,3.9800,true,1,129387
4820139474307,false,שכר דובדבן זלטוגור 5,,,שכר דובדבן זלטוגור 500מל,מיליליטרים,500.00,"100 מ""ל",false,1,19.90,3.9800,true,1,129389
4820145960238,false,דג קילקה 240 גר,סופוי,,דג קילקה 240 גר,גרמים,240.00,100 גרם,false,24,5.90,2.4583,true,1,134410
4820146444621,false,מיץ אפרסק 1.9 ל,אקו ספרה אל.אל.סי,,מיץ אפרסק 1.9 ל,ליטרים,1.90,ליטר,false,1,17.90,9.4211,true,1,169839
4820154722148,false,גלידה לנינגרד שוקו 7,ז'יטומרסקי זאבוד,,גלידה לנינגרד 70שוקו גר,גרמים,70.00,100 גרם,false,1,5.90,8.4286,true,1,126170
4820154722162,false,גלידה לנינגרד 70 גר,ז'יטומרסקי זאבוד,,גלידה לנינגרד 70גר,גרמים,70.00,100 גרם,false,1,5.90,8.4286,true,1,126169
4820154722445,false,גלידה אסקימוס וניל 7,ז'יטומרסקי זאבוד,,גלידה אסקימוס וניל 750גר,גרמים,750.00,100 גרם,false,1,29.90,3.9867,true,1,127660
4820154722469,false,גלידה אסקימוס כוס ונ,ז'יטומרסקי זאבוד,,גלידה אסקימוס כוס וניל 85גר,גרמים,85.00,100 גרם,false,1,5.90,6.9412,true,1,127658
4820154723275,false,גלידה אסקימוס אסקימו,ז'יטומרסקי זאבוד,,גלידה אסקימוס אסקימו 85גר,גרמים,85.00,100 גרם,false,1,5.90,6.9412,true,1,127659
4820154723428,true,גלידה אמפרזה תות שדה,ז'יטומרסקי זאבוד,,גלידה אמפרזה תות שדה 100 גר,גרמים,100.00,100 גרם,false,1,7.90,7.9000,true,1,130096
4820154723442,true,גלידה אמפרזה טריפל ש,ז'יטומרסקי זאבוד,,גלידה אמפרזה טריפל שוקולד 100 גר,גרמים,100.00,100 גרם,false,1,7.90,7.9000,true,1,130095
4820154725187,false,גלידה אסקימוס אסקימו,ז'יטומרסקי זאבוד,,גלידה אסקימוס אסקימו 85גר,גרמים,85.00,100 גרם,false,1,5.90,6.9412,true,1,129349
4820154727938,false,גלידה אסקימו מלון לי,ז'יטומרסקי זאבוד,,גלידה אסקימו מלון ליים 85גר,גרמים,85.00,100 גרם,false,1,5.90,6.9412,true,1,137389
4820156631042,false,עוגיות גרונה זוו 250,GRONA,,עוגיות גרונה זוו 160 גר,גרמים,250.00,100 גרם,false,1,8.90,3.5600,true,1,132252
4820156631059,false,עוגיות גרונה מריה 31,GRONA,,עוגיות גרונה מריה 310 גר,גרמים,310.00,100 גרם,false,1,10.90,3.5161,true,1,132248
4820156631066,false,עוגיות גרונה נפוליאו,GRONA,,עוגיות גרונה נפוליאון 290 גר,גרמים,290.00,100 גרם,false,1,10.90,3.7586,true,1,132249
4820156633473,false,מאפה בצק עלים פלמנקו,GRONA,,מאפה בצק עלים פלמנקו 320 גר,גרמים,320.00,100 גרם,false,1,12.90,4.0313,true,1,141698
4820165641353,false,סושקה מליוטקה עם פרו,סלובוז'נסקי ברד בייק,,סושקה מליוטקה עם פרוקטוזה 300 גר,גרמים,300.00,100 גרם,false,1,6.90,2.3000,true,1,130517
4820165641360,false,סושקה מליוטקה פירמני,סלובוז'נסקי ברד בייק,,סושקה מליוטקה פירמניה 300 גר,גרמים,300.00,100 גרם,false,1,6.90,2.3000,true,1,130526
4820165641377,false,סושקה מליוטקה פלורה,סלובוז'נסקי ברד בייק,,סושקה מליוטקה פלורה 300 גר,גרמים,300.00,100 גרם,false,1,6.90,2.3000,true,1,130521
4820165641384,false,סושקה מליוטקה וניל פ,סלובוז'נסקי ברד בייק,,סושקה מליוטקה וניל פלורה 300 גר,גרמים,300.00,100 גרם,false,1,6.90,2.3000,true,1,130524
4820165641391,false,סושקה בטעם וניל פלור,סלובוז'נסקי ברד בייק,,סושקה בטעם וניל פלורה 300 גר,גרמים,300.00,100 גרם,false,1,6.90,2.3000,true,1,130518
4820165641421,false,סולומקה חרומטיק מתוק,סלובוז'נסקי ברד בייק,,סולומקה חרומטיק מתוקה 250 גר,גרמים,250.00,100 גרם,false,1,6.90,2.7600,true,1,130516
4820165641438,false,סולומקה בטעם פירות 2,סלובוז'נסקי ברד בייק,,סולומקה בטעם פירות 250 גר,גרמים,250.00,100 גרם,false,1,6.90,2.7600,true,1,130520
4820171991664,false,קרפלך עם תפוא 900 גר,לאסקה,,"קרפלך עם תפו""א 900 גר",גרמים,900.00,100 גרם,false,1,26.90,2.9889,true,1,130618
4820171991688,false,קרפלך עם כרוב 900 גר,לאסקה,,קרפלך עם כרוב 900 גר,גרמים,900.00,100 גרם,false,1,26.90,2.9889,true,1,130619
4820171991701,false,קרפלך במילוי דובדבן,,,קרפלך במילוי דובדבן 900 גר,גרמים,900.00,100 גרם,false,1,39.90,4.4333,true,1,149170
4820171993279,false,קרפלך עם תפוא ופטריו,לאסקה,,"קרפלך עם תפו""א ופטריות 900 גר",גרמים,900.00,100 גרם,false,1,26.90,2.9889,true,1,131458
4820171993293,false,קרפלך עם גבינה מלוחה,לאסקה,,קרפלך עם גבינה מלוחה 900 גר,גרמים,900.00,100 גרם,false,1,31.90,3.5444,true,1,131479
4820171997819,false,קרפלך תפוא עם בצל 90,לאסקה,,"קרפלך תפו""א עם בצל 900 גר",גרמים,900.00,100 גרם,false,1,26.90,2.9889,true,1,147886
4820171997833,false,קרפלך תפוא ושמיר 900,,,"קרפלך תפו""א ושמיר 900 גר",גרמים,900.00,100 גרם,false,1,26.90,2.9889,true,1,149169
4820176202659,false,עוגיות שיבולת שועל ק,,,עוגיות שיבולת שועל קלאסי 400 גר,גרמים,400.00,100 גרם,false,1,9.90,2.4750,true,1,172225
4820179251593,false,אטריות רולטון להכנה,MAREVEN FOOD,,אטריות רולטון להכנה מהירה בקר בכוס 75 גר,גרמים,75.00,100 גרם,false,1,6.90,9.2000,true,1,140344
4820179251616,false,אטריות רולטון להכנה,MAREVEN FOOD,,אטריות רולטון להכנה מהירה עוף בכוס 75 גר,גרמים,75.00,100 גרם,false,1,6.90,9.2000,true,1,140343
4820179254013,false,פירה רולטון בטעם שמנ,,,פירה רולטון בטעם שמנת בכוס 40 גר,גרמים,40.00,100 גרם,false,1,5.90,14.7500,true,1,154042
4820179254044,false,פירה רולטון בטעם עוף,,,פירה רולטון בטעם עוף בכוס 40 גר,גרמים,40.00,100 גרם,false,1,5.90,14.7500,true,1,154040
4820179254693,false,פירה רולטון להכנה מה,MAREVEN FOOD,,פירה רולטון להכנה מהירה בטעם שינקן גבינה,גרמים,55.00,100 גרם,false,1,8.90,16.1818,true,1,164095
4820179254716,false,פירה רולטון להכנה מה,MAREVEN FOOD,,פירה רולטון להכנה מהירה בטעם עוף בכוס,גרמים,55.00,100 גרם,false,1,8.90,16.1818,true,1,164094
4820179255003,false,אטריות רולטון להכנה,MAREVEN FOOD,,אטריות רולטון להכנה מהירה גבינה וירק 75,גרמים,75.00,100 גרם,false,1,6.90,9.2000,true,1,164092
4820180250042,false,צמות סולוגוני מעושן,,,צמות סולוגוני מעושן 100 גר,גרמים,100.00,100 גרם,false,1,18.90,18.9000,true,1,138223
4820180251018,false,צמות סולוגוני מעושן,,,צמות סולוגוני מעושן 100 גר,גרמים,100.00,100 גרם,false,1,18.90,18.9000,true,1,149388
4820182060175,false,גרעיני חמניות קלויים,סנאק פרודקשן,,גרעיני חמניות קלויים מקולפים 50 גר,גרמים,50.00,100 גרם,false,1,2.90,5.8000,true,1,129855
4820182740053,false,ציפס בטעם סרטן 70 גר,קלוס צ'פסוב,,ציפס בטעם סרטן 70 גר,גרמים,70.00,100 גרם,false,1,8.90,12.7143,true,1,131405
4820182740084,false,ציפס בטעם בייקון 70,קלוס צ'פסוב,,ציפס בטעם בייקון 70 גר,גרמים,70.00,100 גרם,false,1,8.90,12.7143,true,1,131404
4820182742897,false,קרוטונים פלינט בטעם,Snacks,,קרוטונים פלינט בטעם בייקון 35 גר,גרמים,35.00,100 גרם,false,1,2.90,8.2857,true,1,151584
4820182742903,false,קרוטונים פלינט בטעם,Snacks,,קרוטונים פלינט בטעם סרטן 35 גר,גרמים,35.00,100 גרם,false,1,2.90,8.2857,true,1,151585
4820182742972,false,קרוטונים פלינט בטעם,Snacks,,קרוטונים פלינט בטעם קוויאר 35 גר,גרמים,35.00,100 גרם,false,1,2.90,8.2857,true,1,151586
4820182742989,false,קרוטונים פלינט בטעם,Snacks,,קרוטונים פלינט בטעם גבינה 35 גר,גרמים,35.00,100 גרם,false,1,2.90,8.2857,true,1,157321
4820182742996,false,קרוטונים פלינט בטעם,Snacks,,קרוטונים פלינט בטעם סלמי 35 גר,גרמים,35.00,100 גרם,false,1,2.90,8.2857,true,1,157317
4820182743009,false,קרוטונים פלינט בטעם,Snacks,,קרוטונים פלינט בטעם שישליק 35 גר,גרמים,35.00,100 גרם,false,1,2.90,8.2857,true,1,153070
4820182743160,false,קרוטונים פלינט בטעם,MALBI CHOCOLATE,,קרוטונים פלינט בטעם שום 70 גר,גרמים,70.00,100 גרם,false,1,3.90,5.5714,true,1,157381
4820182746932,false,קרוטונים פלינט בטעם,MALBI CHOCOLATE,,קרוטונים פלינט בטעם עגבניות מתובלות 70 ג,גרמים,70.00,100 גרם,false,1,3.90,5.5714,true,1,172900
4820185100625,false,פילה הרינג בשמן צמחי,,,פילה הרינג בשמן צמחי 300 גר,גרמים,300.00,100 גרם,false,1,19.90,6.6333,true,1,165722
4820185101943,false,פילה מקרל בשמן צמחי,,,פילה מקרל בשמן צמחי 300 גר,גרמים,300.00,100 גרם,false,1,25.90,8.6333,true,1,166318
4820185102162,false,פילה פורל ים מעושן ע,UFO,UA,פילה פורל ים מעושן על עור 240 גר NORVEN,גרמים,240.00,100 גרם,false,15,42.90,17.8750,true,1,148164
4820185104128,false,פילה הרינג בשמן צמחי,,,פילה הרינג בשמן צמחי 250 גרם,גרמים,250.00,100 גרם,false,1,15.90,6.3600,true,1,162570
4820185104159,false,פילה הרינג בשמן צמחי,,,פילה הרינג בשמן צמחי עם תבלינים 250 גרם,גרמים,250.00,100 גרם,false,1,15.90,6.3600,true,1,162571
4820185104876,false,פילה פורל מעושן פרוס,UFO,UA,פילה פורל מעושן פרוס 350 גר NORVEN,גרמים,350.00,100 גרם,false,18,69.90,19.9714,true,1,148165
4820185104906,false,פילה סלמון נורבן מעו,,,פילה סלמון נורבן מעושן פרוס 350 גר,גרמים,350.00,100 גרם,false,1,69.90,19.9714,true,1,135616
4820185106207,false,פילה סלמון מעושן 500,UFO,UA,פילה סלמון מעושן 500 גר,גרמים,500.00,100 גרם,false,17,59.90,11.9800,true,1,148167
4820185230179,false,גלידה לקומקה עם קקאו,laska,,גלידה לקומקה עם קקאו 100גר,גרמים,100.00,100 גרם,false,1,5.90,5.9000,true,1,129328
4820185230186,false,גלידה לקומקה 100 גר,laska,,גלידה לקומקה 100גר,גרמים,100.00,100 גרם,false,1,5.90,5.9000,true,1,129329
4820185230384,false,פלומביר בלורוסי 90 ג,laska,,פלומביר בלורוסי 90גר,גרמים,90.00,100 גרם,false,1,5.90,6.5556,true,1,131338
4820185230643,false,פלומביר סובייטי 60 ג,,,פלומביר סובייטי 60 גר,גרמים,60.00,100 גרם,false,1,5.90,9.8333,true,1,130081
4820185230988,false,גלידה מקסימוס בריקט,laska,,גלידה מקסימוס 90 גר,גרמים,90.00,100 גרם,false,30,5.90,6.5556,true,1,157123
4820185231978,false,גלידה פלומביר בלורוס,לסקה,,גלידה פלומביר בלורוסקי 600 גר,גרמים,600.00,100 גרם,false,1,26.90,4.4833,true,1,132138
4820185232296,false,גלידה אסקימו גרנדי ל,,,גלידה אסקימו גרנדי לאסקה 80 גר,גרמים,80.00,100 גרם,false,1,5.90,7.3750,true,1,149550
4820185233330,false,גלידה לאסקה עם מילוי,לסקה,,"גלידה לאסקה עם מילוי בטעם תות 1 ק""ג",קילוגרמים,1.00,"ק""ג",false,1,32.90,32.9000,true,1,143282
4820185235013,false,גלידה אסקימו וניל במ,,,גלידה אסקימו וניל במילוי תות שדה 80 גר,גרמים,80.00,100 גרם,false,1,5.90,7.3750,true,1,149551
4820185236188,false,גלידה פלומביר בין שת,laska,,גלידה פלומביר בין שתי עוגיות בריקט 75 גר,גרמים,75.00,100 גרם,false,1,5.90,7.8667,true,1,168877
4820189290209,false,יין אזנאורי רקציטלי,,,"יין אזנאורי רקציטלי לבן יבש 750 מ""ל",מיליליטרים,750.00,"100 מ""ל",false,12,32.90,4.3867,true,1,154160
4820189290216,false,יין אזנאורי אדום חצי,,,"יין אזנאורי אדום חצי מתוק 750 מ""ל",מיליליטרים,750.00,"100 מ""ל",false,12,32.90,4.3867,true,1,154158
4820189290223,false,יין אזנאורי לבן חצי,,,"יין אזנאורי לבן חצי מתוק 750 מ""ל",מיליליטרים,750.00,"100 מ""ל",false,12,32.90,4.3867,true,1,154159
4820189290483,false,יין מבעבע אזנאורי לב,,,יין מבעבע אזנאור לבן חצי מתוק 750 מל,מיליליטרים,750.00,"100 מ""ל",false,6,32.90,4.3867,true,1,160414
4820189290629,false,יין מבעבע אזנאורי לב,,,יין מבעבע אזנאור לבן ברוט 750 מל,מיליליטרים,750.00,"100 מ""ל",false,6,32.90,4.3867,true,1,160415
4820189290865,false,יין מבעבע אזנאורי רו,,,יין מבעבע אזנאור רוזה חצי מתוק 750 מל,מיליליטרים,750.00,"100 מ""ל",false,6,32.90,4.3867,true,1,160416
4820189290896,false,יין אזנאורי רוזה חצי,,,"יין אזנאורי רוזה חצי מתוק 750 מ""ל",מיליליטרים,750.00,"100 מ""ל",false,12,32.90,4.3867,true,1,159137
4820189290919,false,ברנדי אזנאורי 8 שנים,,,ברנדי אזנאורי 8 שנים 500 מל,מיליליטרים,500.00,"100 מ""ל",false,1,79.90,15.9800,true,1,161726
4820193030303,false,בירה זיברט בהירה פח,Obolon,,"בירה זיברט בהירה פח 500 מ""ל",מיליליטרים,500.00,"100 מ""ל",false,1,7.90,1.5800,true,1,133189
4820193031706,false,בירה אובולון חזקה בה,OBOLON,,בירה אובולון חזקה בהירה פחית 500 מל,מיליליטרים,500.00,"100 מ""ל",false,1,8.90,1.7800,true,1,161747
4820193034707,false,בירה אובולון מחוזקת,OBOLON,,בירה אובולון מחוזקת 1 ל,ליטרים,1.00,ליטר,false,1,11.90,11.9000,true,1,163637
4820193551754,false,גלידה שמנת לסונקה בט,laska,,"גלידה שמנת לסונקה בטעם וניל 1 ק""ג",קילוגרמים,1.00,"ק""ג",false,4,35.90,35.9000,true,1,154511
4820193551990,false,גלידה כוס וליקן משמש,,,גלידה כוס וליקן משמש דובדבן 70 גר,גרמים,70.00,100 גרם,false,18,5.90,8.4286,true,1,154509
4820195096147,false,ביסקוויט עם תפוע וקי,ז'יטומיר,,"ביסקוויט עם תפו""ע וקינמון 680 גר",גרמים,680.00,100 גרם,false,1,17.90,2.6324,true,1,150047
4820198873271,false,תה שחור לדי גריי 25,,,תה שחור לדי גריי 25 שק,Unknown,0.00,Unknown,false,1,10.90,0.0000,true,1,153543
4820198873288,false,תה ירוק דאליי 25 שק,,,תה ירוק דאליי 25 שק,Unknown,0.00,Unknown,false,1,10.90,0.0000,true,1,153547
4820198873295,false,תה ירוק אורנג מינט 2,,,תה ירוק אורנג מינט 25 שק,Unknown,0.00,Unknown,false,1,10.90,0.0000,true,1,153548
4820198873301,false,תה שחור טייק בריק 25,,,תה שחור טייק בריק 25 שק,Unknown,0.00,Unknown,false,1,10.90,0.0000,true,1,153544
4820198873325,false,חליטת פירות וצמחים ס,,,חליטת פירות וצמחים סאמה טיים 25 שק,Unknown,0.00,Unknown,false,1,10.90,0.0000,true,1,153549
4820198873332,false,תה שחור אסורטי 4 פלו,,,תה שחור אסורטי 4 פלוורס 24 שק,Unknown,0.00,Unknown,false,1,10.90,0.0000,true,1,153546
4820198874063,false,חליטת פירות וצמחים ש,,,חליטת פירות וצמחים שרי דלייט 25 שק,Unknown,0.00,Unknown,false,1,10.90,0.0000,true,1,153550
4820198874575,false,תה שחור בניחוח קרם ב,,,תה שחור בניחוח קרם ברולה עם לפאצו ועלי פ,גרמים,30.00,100 גרם,false,1,9.90,33.0000,true,1,164099
4820199870019,false,סושקה וניל 300 גר,BKK,,סושקה וניל 300 גר,גרמים,300.00,100 גרם,false,1,6.90,2.3000,true,1,137293
4820199870026,false,סושקה מלוטקה 300 גר,BKK,,סושקה מלוטקה 300 גר,גרמים,300.00,100 גרם,false,1,6.90,2.3000,true,1,137294
4820199870774,false,דובשניות פרוקטוביי 3,BKK,,דובשניות פרוקטוביי 380 גר,גרמים,380.00,100 גרם,false,1,11.90,3.1316,true,1,137290
4820217240114,false,חמאה פרמה 82.5% 200,,,חמאה פרמה 82.5% 200 גר,גרמים,200.00,100 גרם,false,1,7.80,3.9000,true,1,152053
4820224230481,false,הרינג מומלח שלם 850,,,הרינג מומלח שלם 850 גר,גרמים,850.00,100 גרם,false,1,36.90,4.3412,true,1,173172
4820224231662,false,דג מקרל שלם מלוח ללא,,,דג מקרל שלם מלוח ללא ראש 850 גר,גרמים,850.00,100 גרם,false,1,42.90,5.0471,true,1,173173
4820224236339,false,פילה הרינג בשמן צמחי,,,פילה הרינג בשמן צמחי עם תבלינים 300 גר,גרמים,300.00,100 גרם,false,1,19.90,6.6333,true,1,165723
4820229031991,false,וודקה פרבק חיטה 700,,,וודקה פרבק חיטה 700 מל,מיליליטרים,700.00,"100 מ""ל",false,12,59.90,8.5571,true,1,156245
4820229033520,false,וודקה פרבק פלפל ודבש,,,וודקה פרבק פלפל ודבש 700 מל,מיליליטרים,700.00,"100 מ""ל",false,12,59.90,8.5571,true,1,156303
4820237030047,false,ממתק במבוק בטעם שוקו,,,ממתק במבוק בטעם שוקולד 270 גר,גרמים,270.00,100 גרם,false,1,9.90,3.6667,true,1,172346
4820237030061,false,ממתק במבוק בטעם חלב,,,ממתק במבוק בטעם חלב מרוכז 270 גר,גרמים,270.00,100 גרם,false,1,9.90,3.6667,true,1,172345
4820244330338,false,צלחת 230 ממ 10 יח,,,צלחת 230 ממ 10 יח,Unknown,0.00,Unknown,false,1,15.90,0.0000,true,1,171383
4823005000372,false,בירה לביבסקה 1715 פח,קלסברג אוקראינה,,"בירה לביבסקה 1715 פח. 500 מ""ל",מיליליטרים,500.00,"100 מ""ל",false,1,7.90,1.5800,true,1,127769
4823006801862,false,איקרה קישואים 450 גר,NEZHIN,,איקרה קישואים 450 גר,גרמים,450.00,100 גרם,false,1,14.90,3.3111,true,1,124540
4823006802050,false,אסורטי נזין 920 גר,NEZHIN,,"אסורטי ""נז""ין"" 920 ג",גרמים,920.00,100 גרם,false,1,21.90,2.3804,true,1,124541
4823006802135,false,איקרה חצילים 450 גר,NEZHIN,,"איקרה חצילים 450 גר""",גרמים,450.00,100 גרם,false,1,14.90,3.3111,true,1,124544
4823006802418,false,חציל יווני 450 גר,NEZHIN,,"חציל יווני 450 גר""",גרמים,450.00,100 גרם,false,1,14.90,3.3111,true,1,124547
4823063112987,false,נקטר סנדורה דובדבנים,סנדורה,,"נקטר סנדורה דובדבנים מפוסטר 950 מ""ל",מיליליטרים,950.00,"100 מ""ל",false,1,15.90,1.6737,true,1,141643
4823063113007,false,נקטר סנדורה רימונים,סנדורה,,"נקטר סנדורה רימונים 950 מ""ל",מיליליטרים,950.00,"100 מ""ל",false,1,15.90,1.6737,true,1,141644
4823063113038,false,מיץ סנדורה ירקות מעו,סנדורה,,"מיץ סנדורה ירקות מעוקר 950 מ""ל",מיליליטרים,950.00,"100 מ""ל",false,1,15.90,1.6737,true,1,141640
4823063113052,false,משקה סנדורה חמוציות,סנדורה,,"משקה סנדורה חמוציות מעוקר 950 מ""ל",מיליליטרים,950.00,"100 מ""ל",false,1,15.90,1.6737,true,1,141645
4823063113854,false,נקטר סאנדורה תפוחי ע,,,נקטר סאנדורה תפוחי עץ מעוקר 100% פרי 950,מיליליטרים,950.00,"100 מ""ל",false,1,15.90,1.6737,true,1,146118
4823063703420,false,חליטת צמחים ופירות 3,או א.או מאי קומפני,,חליטת צמחים ופירות 37.5 גר,גרמים,38.00,100 גרם,false,1,11.90,31.3158,true,1,162618
4823071515299,false,בלינצס במילוי משמש ו,,,בלינצס במילוי משמש ואפרסק 350 גר,גרמים,350.00,100 גרם,false,1,14.90,4.2571,true,1,172520
4823071515510,false,בלינצס במילוי גבינה,,,בלינצס במילוי גבינה לבנה וצימוקים 350 גר,גרמים,350.00,100 גרם,false,1,14.90,4.2571,true,1,172519
4823077604171,false,סוכ קארא קום 1 קג,,,סוכ קארא קום 1 קג,קילוגרמים,1.00,"ק""ג",false,1,54.90,54.9000,true,1,133064
4823077604416,false,סוכ קראסני מאק 1 קג,,,סוכ קראסני מאק 1 קג,קילוגרמים,1.00,"ק""ג",false,1,54.90,54.9000,true,1,133063
4823077608933,false,סוכ לצינה 1 קג,,,סוכ לצינה,Unknown,0.00,Unknown,false,1,54.90,0.0000,true,1,133065
4823077611308,false,עוגת רושן נפוליאון 1,,,"עוגת רושן נפוליאון 1 ק""ג",קילוגרמים,1.00,"ק""ג",false,1,65.90,65.9000,true,1,138113
4823077611933,false,בונבוניירה אסורטי אל,קייב קרמנציק,,בונבוניירה אסורטי אליגנט 145 גר,גרמים,145.00,100 גרם,false,1,18.90,13.0345,true,1,132056
4823077611940,false,בונבוניירה אסורטי קל,קייב קרמנציק,,בונבוניירה אסורטי קלאסיק 154 גר,גרמים,154.00,100 גרם,false,1,18.90,12.2727,true,1,132057
4823077613630,false,בטונציק שוקולד רושן,רושן,,בטונציק שוקולד רושן קרם ברולה 43 גר,גרמים,43.00,100 גרם,false,1,3.90,9.0698,true,1,132664
4823077614675,false,ביסקוויט חלב 185 גר,קייב קרמנציק,,ביסקוויט חלב 185 גר,גרמים,185.00,100 גרם,false,1,3.90,2.1081,true,1,133042
4823077614699,false,ביסקוויט וניל 185 גר,קייב קרמנציק,,ביסקוויט וניל 185 גר,גרמים,185.00,100 גרם,false,1,3.90,2.1081,true,1,133041
4823077615757,false,בונ סטרלה 200 גר,רושן,,בונ סטרלה 200 גר,גרמים,200.00,100 גרם,false,1,24.90,12.4500,true,1,133036
4823077616013,false,בונ וצרני קייב 176 ג,רושן,,בונ וצרני קייב 176 גר,גרמים,176.00,100 גרם,false,1,25.90,14.7159,true,1,134473
4823077617041,false,חטיף שוקולד רושן קרמ,רושן,,בטונציק שוקולד רושן קרמל 43 גר,גרמים,43.00,100 גרם,false,1,3.90,9.0698,true,1,133024
4823077617645,false,עוגת פרזסקי רושן 850,,,עוגת פרזסקי רושן 850 גר,גרמים,850.00,100 גרם,false,1,79.90,9.4000,true,1,146092
4823077617829,false,עוגת רושן קייבסקי 45,,,עוגת רושן קייבסקי 450 גר,גרמים,450.00,100 גרם,false,1,59.90,13.3111,true,1,138112
4823077617836,false,עוגת רושן קייבסקי 85,,,עוגת רושן קייבסקי 850 גר,גרמים,850.00,100 גרם,false,1,95.90,11.2824,true,1,138114
4823077618901,false,בונ שוטרס רום ליקר 1,רושן,,בונ שוטרס רום ליקר 150 גר,גרמים,150.00,100 גרם,false,1,12.90,8.6000,true,1,137507
4823077618918,false,בונ שוטרס ברנדי ליקר,רושן,,בונ שוטרס ברנדי ליקר 150 גר,גרמים,150.00,100 גרם,false,1,12.90,8.6000,true,1,137508
4823077620102,false,עוגת רושן גריליאז 45,,,עוגת רושן גריליאז 450 גר,גרמים,450.00,100 גרם,false,1,49.90,11.0889,true,1,138109
4823077620737,false,בונ וצרני קייב 352 ג,,,בונ בצרני קייב 352 גר,גרמים,352.00,100 גרם,false,1,39.90,11.3352,true,1,139067
4823077621154,false,בטונציק שוקולד רושן,רושן,,בטונציק שוקולד רושן ממולא 43 גר,גרמים,43.00,100 גרם,false,1,3.90,9.0698,true,1,140617
4823077621635,false,וופל רושן בטעם חלב 7,,,וופל רושן בטעם חלב 72 גר,גרמים,72.00,100 גרם,false,1,3.90,5.4167,true,1,166163
4823077621642,false,וופל רושן בטעם שוקול,,,וופל רושן בטעם שוקולד 72 גר,גרמים,72.00,100 גרם,false,1,3.90,5.4167,true,1,166164
4823077621659,false,וופל רושן בטעם אגוז,,,וופל רושן בטעם אגוז 72 גר,גרמים,72.00,100 גרם,false,1,3.90,5.4167,true,1,166165
4823077624223,false,גלי בוני פרוט סאמר מ,,,גלי בוני פרוט סאמר מיקס 200 גר,גרמים,200.00,100 גרם,false,1,6.90,3.4500,true,1,145538
4823077624247,false,גלי בוני פרוט ציטרוס,,,גלי בוני פרוט ציטרוס מיקס 200 גר,גרמים,200.00,100 גרם,false,1,6.90,3.4500,true,1,145536
4823077625145,false,בונ דובדבן+ליקר דובד,רושן,,בונ דובדבן+ליקר דובדבן 155 גר,גרמים,155.00,100 גרם,false,1,12.90,8.3226,true,1,149232
4823077625589,false,וופל רושן חלב 216 גר,,,וופל רושן חלב 216 גר,גרמים,216.00,100 גרם,false,1,6.90,3.1944,true,1,150088
4823077625602,false,וופל רושן שוקולד 216,,,וופל רושן שוקולד 216 גר,גרמים,216.00,100 גרם,false,1,6.90,3.1944,true,1,150089
4823077625626,false,וופל רושן אגוז 216 ג,,,וופל רושן אגוז 216 גר,גרמים,216.00,100 גרם,false,1,6.90,3.1944,true,1,150090
4823077626203,false,שוקולד אוורירי מריר,רושן,,שוקולד אוורירי מריר 80 גר,גרמים,80.00,100 גרם,false,20,6.90,8.6250,true,1,151089
4823077630422,false,קרקר סנדוויץ חלב וני,רושן,,קרקר סנדוויץ חלב וניל רושן 235 גר,גרמים,235.00,100 גרם,false,1,9.90,4.2128,true,1,164210
4823077630439,false,קרקר סנדוויץ שוקולד,רושן,,קרקר סנדוויץ שוקולד רושן 235 גר,גרמים,235.00,100 גרם,false,1,9.90,4.2128,true,1,164209
4823077630996,false,קרקר סנדוויץ קקאו אג,רושן,,קרקר סנדוויץ קקאו אגוז רושן 235 גר,גרמים,235.00,100 גרם,false,1,9.90,4.2128,true,1,164208
4823077631467,false,קרקר עם מלח ים רושן,רושן,,קרקר עם מלח ים רושן 168 גר,גרמים,168.00,100 גרם,false,1,4.90,2.9167,true,1,164207
4823077631474,false,קרקר קלאסי רושן 168,רושן,,קרקר קלאסי רושן 168 גר,גרמים,168.00,100 גרם,false,1,4.90,2.9167,true,1,164206
4823077631863,false,וופל רול קונאפטו וני,רושן,,וופל רול קונאפטו וניל 140 גר,גרמים,140.00,100 גרם,false,15,6.90,4.9286,true,1,161759
4823077632112,false,וופל רושן בטעם קקאו,,,וופל רושן בטעם קקאו חלב 216 גר,גרמים,216.00,100 גרם,false,1,6.90,3.1944,true,1,164201
4823077632259,false,בטונציק קרם בוטנים ר,רושן,,בטונציק קרם בוטנים רושן 38 גר,גרמים,38.00,100 גרם,false,30,3.90,10.2632,true,1,162327
4823077632570,false,שוקולד מריר ברוט 85,רושן,,שוקולד מריר ברוט 80 גר,גרמים,85.00,100 גרם,false,20,6.90,8.1176,true,1,164852
4823077632587,false,שוקולד רושן חלב שקד,רושן,,שוקולד רושן חלב שקד שלם 90 גר,גרמים,90.00,100 גרם,false,1,7.90,8.7778,true,1,164851
4823077633317,false,עוגיות שוקולד עם חתי,,,עוגיות שוקולד עם חתיכות שוקולד 150 גר,גרמים,150.00,100 גרם,false,16,6.90,4.6000,true,1,164197
4823077633324,false,עוגיות שוקוציפס חתיכ,,,עוגיות שוקוציפס חתיכות שוקולד 150 גר,גרמים,150.00,100 גרם,false,16,6.90,4.6000,true,1,164196
4823077633331,false,עוגיות רושן בטעם תפו,,,עוגיות רושן בטעם תפוז 150 גר,גרמים,150.00,100 גרם,false,16,6.90,4.6000,true,1,164195
4823077633348,false,עוגיות רושן לוויטה ע,,,עוגיות רושן לוויטה עם חתיכות בוטנים 150,גרמים,150.00,100 גרם,false,16,6.90,4.6000,true,1,163728
4823077633690,false,בונ שוטרס ויסקי רושן,רושן,,בונ שוטרס ויסקי רושן 150 גר,גרמים,150.00,100 גרם,false,1,12.90,8.6000,true,1,166580
4823077634116,false,סוכ קורובקה 1 קג,,,סוכ קורובקה 1 קג,קילוגרמים,1.00,"ק""ג",false,7,24.90,24.9000,true,1,164388
4823077634222,false,עוגיות תפוז 135 גר,,,עוגיות תפוז 135 גר,גרמים,135.00,100 גרם,false,1,6.90,5.1111,true,1,166576
4823077634246,false,עוגיות פטל 135 גר,,,עוגיות פטל 135 גר,גרמים,135.00,100 גרם,false,1,6.90,5.1111,true,1,166574
4823077634277,false,עוגיות תות שדה 135 ג,,,עוגיות תות שדה 135 גר,גרמים,135.00,100 גרם,false,1,6.90,5.1111,true,1,166575
4823077634413,false,עוגות אישיות תות שדה,,,עוגות אישיות תות שדה 270 גר,גרמים,270.00,100 גרם,false,1,13.90,5.1481,true,1,166579
4823077635489,false,חטיף וופל רושן קרם ק,,,חטיף וופל רושן קרם קקאו 350 גר,גרמים,350.00,100 גרם,false,1,16.90,4.8286,true,1,168755
4823077635533,false,חטיף וופל רושן קרם ח,,,חטיף וופל רושן קרם חלב 350 גר,גרמים,350.00,100 גרם,false,1,16.90,4.8286,true,1,168754
4823077636004,false,עוגיות קקאו דובדבן ל,,,עוגיות קקאו דובדבן לוביטה 135 גר,גרמים,135.00,100 גרם,false,1,6.90,5.1111,true,1,168759
4823077636059,false,עוגיות קקאו דובדבן ל,,,עוגיות קקאו דובדבן לוביטה 420 גר,גרמים,420.00,100 גרם,false,1,16.90,4.0238,true,1,168753
4823077636073,false,עוגיות תות שדה לוביט,,,עוגיות תות שדה לוביטה 420 גר,גרמים,420.00,100 גרם,false,1,16.90,4.0238,true,1,168751
4823077636097,false,עוגיות פטל לוביטה 42,,,עוגיות פטל לוביטה 420 גר,גרמים,420.00,100 גרם,false,1,16.90,4.0238,true,1,168750
4823077636110,false,עוגיות תפוז לוביטה 4,,,עוגיות תפוז לוביטה 420 גר,גרמים,420.00,100 גרם,false,1,16.90,4.0238,true,1,168752
4823077636172,false,וופל רושן בטעם לימון,,,וופל רושן בטעם לימון 216 גר,גרמים,216.00,100 גרם,false,20,6.90,3.1944,true,1,170959
4823077636608,false,סוכ טופליני 325 גר,רושן,,סוכ טופליני 325 גר,גרמים,325.00,100 גרם,false,12,11.90,3.6615,true,1,170504
4823077638183,false,מתנה מס 1 279 גר,,,מתנה מס 1 279 גר,גרמים,279.00,100 גרם,false,1,24.90,8.9247,true,1,174072
4823077638206,false,מתנה מס 9 600 גר,,,מתנה מס 9 600 גר,גרמים,600.00,100 גרם,false,1,49.90,8.3167,true,1,174080
4823077638220,false,מתנה מס 8 468 גר,,,מתנה מס 8 468 גר,גרמים,468.00,100 גרם,false,1,39.90,8.5256,true,1,174079
4823077638244,false,מתנה מס 7 423 גר,,,מתנה מס 7 423 גר,גרמים,423.00,100 גרם,false,1,39.90,9.4326,true,1,174078
4823077638268,false,מתנה מס 6 382 גר,,,מתנה מס 6 382 גר,גרמים,382.00,100 גרם,false,1,34.90,9.1361,true,1,174077
4823077638282,false,מתנה מס 5 385 גר,,,מתנה מס 5 385 גר,גרמים,385.00,100 גרם,false,1,34.90,9.0649,true,1,174076
4823077638305,false,מתנה מס 4 333 גר,,,מתנה מס 4 333 גר,גרמים,333.00,100 גרם,false,1,34.90,10.4805,true,1,174075
4823077638329,false,מתנה מס 3 298 גר,,,מתנה מס 3 298 גר,גרמים,298.00,100 גרם,false,1,29.90,10.0336,true,1,174073
4823077638343,false,מתנה מס 2 294 גר,,,מתנה מס 2 294 גר,גרמים,294.00,100 גרם,false,1,29.90,10.1701,true,1,174074
4823085702104,false,שוקולד חלב ללא סוכר,אבק,,שוקולד חלב ללא סוכר 90 גר,גרמים,90.00,100 גרם,false,1,8.90,9.8889,true,1,169107
4823090302436,false,פאי קרוסטטה ענבי שוע,KHARKIV BISCUIT,UA,פאי קרוסטטה ענבי שועל 370 גר,גרמים,370.00,100 גרם,false,8,17.90,4.8378,true,1,150033
4823090302481,false,ביסקוויט לוזוק בטעם,,,ביסקוויט לוזוק בטעם חלב אפוי 180 גר,גרמים,180.00,100 גרם,false,1,5.90,3.2778,true,1,149536
4823090302498,false,ביסקוויט לוזוק בטעם,,,ביסקוויט לוזוק בטעם שמנת 180 גר,גרמים,180.00,100 גרם,false,1,5.90,3.2778,true,1,149537
4823090302528,false,ביסקוויט לוזוק בטעם,,,ביסקוויט לוזוק בטעם ריבת חלב 180 גר,גרמים,180.00,100 גרם,false,1,5.90,3.2778,true,1,149535
4823097809754,false,גלידה בריקט צימוקים,ז'יטומרסקי זאבוד,,גלידה בריקט 90 גר צימוקים,גרמים,90.00,100 גרם,false,1,5.90,6.5556,true,1,163430
4823097809778,false,גלידה בריקט שוקולד 9,ז'יטומרסקי זאבוד,,גלידה בריקט שוקולד 90 גר,גרמים,90.00,100 גרם,false,25,5.90,6.5556,true,1,164175
4823097809785,false,גלידה בטעם וניל 1 קג,ז'יטומרסקי זאבוד,,גלידה וניל 1 קג,קילוגרמים,1.00,"ק""ג",false,1,36.90,36.9000,true,1,163429
4823097809792,false,גלידה שוקו 1 קג,ז'יטומרסקי זאבוד,,גלידה שוקו 1 קג,קילוגרמים,1.00,"ק""ג",false,6,36.90,36.9000,true,1,166407
4823097809808,false,גלידה וניל 500 גר,ז'יטומרסקי זאבוד,,גלידה וניל 500 גר,גרמים,500.00,100 גרם,false,1,21.90,4.3800,true,1,166406
4823097809815,false,גלידה חלבית אוכמניות,ז'יטומרסקי זאבוד,,גלידה חלבית אוכמניות 85 גר,גרמים,85.00,100 גרם,false,40,5.90,6.9412,true,1,164174
4823097809921,false,גלידת שמנת בטעם שוקו,ז'יטומרסקי זאבוד,,גלידת שמנת בטעם שוקולד 500 גר,גרמים,500.00,100 גרם,false,1,21.90,4.3800,true,1,163431
4823097810019,false,גלידת שמנת ונילה קרמ,,,גלידת שמנת ונילה קרמל וופל אמפרזה 100 גר,גרמים,100.00,100 גרם,false,1,7.90,7.9000,true,1,164781
4823097810026,false,גלידת בטעם קולה בגבי,,,גלידת בטעם קולה בגביע וופל אמפרזה 100 גר,גרמים,100.00,100 גרם,false,1,5.90,5.9000,true,1,164782
4823098200185,false,וודקה חלבני דאר קראפ,NATIONAL ALCOHOL COM,,וודקה חלבני דאר קראפטד גינגר ודבש 700 מל,מיליליטרים,700.00,"100 מ""ל",false,1,54.90,7.8429,true,1,143266
4823105400096,false,מלפפונים בחומץ 300 ג,,,מלפפונים בחומץ 300 גר,גרמים,300.00,100 גרם,false,1,12.90,4.3000,true,1,171517
4823105400119,false,מלפפונים בחומץ 770 ג,,,מלפפונים בחומץ 770 גר,גרמים,770.00,100 גרם,false,1,20.90,2.7143,true,1,171518
4823105400393,false,אגיקה בסגנון גרוזיני,,,אגיקה בסגנון גרוזיני 310 גר,גרמים,310.00,100 גרם,false,1,13.90,4.4839,true,1,171512
4823105400447,false,אגיקה בסגנון קווקזי,,,אגיקה בסגנון קווקזי חריפה 220 גר,גרמים,220.00,100 גרם,false,1,9.90,4.5000,true,1,171513
4823105400539,false,מרינדה לעוף 140 גר,,,מרינדה לעוף 140 גר,גרמים,140.00,100 גרם,false,1,6.90,4.9286,true,1,154912
4823105400614,false,עגבניות שרי בחומץ 50,,,עגבניות שרי בחומץ 500 גר,גרמים,500.00,100 גרם,false,1,13.90,2.7800,true,1,171520
4823105400713,false,חצילים ברוטב סלסה 50,,,חצילים ברוטב סלסה 500 גר,גרמים,500.00,100 גרם,false,1,14.90,2.9800,true,1,171525
4823105400737,false,לצו בסגנון בולגרי 50,,,לצו בסגנון בולגרי 500 גר,גרמים,500.00,100 גרם,false,1,13.90,2.7800,true,1,171527
4823105400768,false,פלפל מתוק בחומץ 500,,,פלפל מתוק בחומץ 500 גר,גרמים,500.00,100 גרם,false,1,13.90,2.7800,true,1,171528
4823105400775,false,עגבניות בחומץ 780 גר,,,עגבניות בחומץ 780 גר,גרמים,780.00,100 גרם,false,1,17.90,2.2949,true,1,171521
4823105401086,false,ממרח זוקיני עם פלפל,,,ממרח זוקיני עם פלפל חריף 500 גר,גרמים,500.00,100 גרם,false,1,13.90,2.7800,true,1,171524
4823105402625,false,חרדל עם חזרת פיקנטי,,,חרדל עם חזרת פיקנטי 190 גר,גרמים,190.00,100 גרם,false,1,6.90,3.6316,true,1,171506
4823105402960,false,רוטב עגבניות לתיבול,,,רוטב עגבניות לתיבול לבשר בקר 200 גר,גרמים,200.00,100 גרם,false,1,7.90,3.9500,true,1,171544
4823105402977,false,רוטב חרדל לתיבול פיק,,,רוטב חרדל לתיבול פיקנטי לעוף 200 גר,גרמים,200.00,100 גרם,false,1,7.90,3.9500,true,1,171545
4823105402991,false,פלפל שחור שלם 20 גר,,,פלפל שחור שלם 20 גר,גרמים,20.00,100 גרם,false,1,2.90,14.5000,true,1,171533
4823105403004,false,פלפל שחור טחון 20 גר,,,פלפל שחור טחון 20 גר,גרמים,20.00,100 גרם,false,1,2.90,14.5000,true,1,171532
4823105403028,false,גרגירי חרדל לבן 50 ג,,,גרגירי חרדל לבן 50 גר,גרמים,50.00,100 גרם,false,1,2.90,5.8000,true,1,171543
4823105403059,false,תערובת תיבול לשישליק,,,תערובת תיבול לשישליק 20 גר,גרמים,20.00,100 גרם,false,1,2.90,14.5000,true,1,171536
4823105403066,false,תערובת תיבול לבשר 20,,,תערובת תיבול לבשר 20 גר,גרמים,20.00,100 גרם,false,1,2.90,14.5000,true,1,171538
4823105403073,false,תערובת תיבול לפלוב 2,,,תערובת תיבול לפלוב 20 גר,גרמים,20.00,100 גרם,false,1,2.90,14.5000,true,1,171539
4823105403097,false,תערובת תיבול ירקות מ,,,תערובת תיבול ירקות מיובשים 15 גר,גרמים,15.00,100 גרם,false,1,2.90,19.3333,true,1,171540
4823105403622,false,עלי דפנה 7 גר,,,עלי דפנה 7 גר,גרמים,7.00,100 גרם,false,1,2.90,41.4286,true,1,171535
4823105404131,false,חרדל דיזון 200 גר,,,חרדל דיזון 200 גר,גרמים,200.00,100 גרם,false,1,6.90,3.4500,true,1,171507
4823105802913,false,בונ שוקולדני נוצ 170,,,בונ שוקולדני נוצ 170 גר,גרמים,170.00,100 גרם,false,1,29.90,17.5882,true,1,157934
4840008001199,false,סושקה מיני פרנזלוטה,FRANZELUTA,,סושקה מיני פרנזלוטה בטעם וניל 500 גר,גרמים,500.00,100 גרם,false,1,9.90,1.9800,true,1,127465
4840008001205,false,סושקה מיני פרנזלוטה,FRANZELUTA,,סושקה מיניע פרנזלוטה עם פרג 500גר,גרמים,500.00,100 גרם,false,1,9.90,1.9800,true,1,127466
4840008002431,false,דפי וופל פרנזולטה מל,Franzeluta,,דפי וופל פרנזולטה מלבן 350 גר,גרמים,350.00,100 גרם,false,1,13.90,3.9714,true,1,129875
4840008008624,false,סושקה מיני פרנזלוטה,FRANZELUTA,,סושקה מיניע פרנזלוטה לוביטלסקייה 500גר,גרמים,500.00,100 גרם,false,1,9.90,1.9800,true,1,127467
4840008012812,false,לחם שיפון בורודינסקי,,,לחם שיפון בורודינסקי 450 גר,גרמים,450.00,100 גרם,false,1,9.90,2.2000,true,1,164731
4840008017749,false,מיני סוחרי וניל פראנ,FRANZELUTA,,מיני סוחרי וניל פראנזלוטה 200 גר,גרמים,200.00,100 גרם,false,1,7.90,3.9500,true,1,135029
4840008017763,false,מיני צנימים פראנזלוצ,FRANZELUTA,,מיני צנימים פראנזלוצה עם צימוקים 200גר,גרמים,200.00,100 גרם,false,1,7.90,3.9500,true,1,127935
4840008018302,false,דובשניות קרסטיאנסקיה,Franzeluta,,דובשניות קרסטיאנסקיה 400 גר,גרמים,400.00,100 גרם,false,1,8.90,2.2250,true,1,137826
4840008018319,false,דובשניות עם שזיף 400,Franzeluta,,דובשניות עם שזיף 400 גר,גרמים,400.00,100 גרם,false,1,8.90,2.2250,true,1,137825
4840008018333,false,דובשניות פרנזולטה בט,Franzeluta,,דובשניות פרנזולטה בטעם דבש 400 גר,גרמים,400.00,100 גרם,false,1,8.90,2.2250,true,1,130385
4840008018371,false,דובשניות פרנזלוטה סב,FRANZELUTA,,דובשניות פרנזלוטה סברניה 400 גר,גרמים,400.00,100 גרם,false,1,8.90,2.2250,true,1,130808
4840008019521,false,עוגיות פרנזולטה בצק,FRANZELUTA,,עוגיות פרנזולטה בצק עלים לבבות דקל 350 ג,גרמים,350.00,100 גרם,false,1,9.90,2.8286,true,1,138254
4840008019897,false,דפי וופל פרנזולטה עג,Franzeluta,,דפי וופל פרנזולטה עגולים 100 גר,גרמים,100.00,100 גרם,false,1,9.90,9.9000,true,1,129874
4840008028028,false,צנימים פראנזלוצה עם,FRANZELUTA,,צנימים פראנזלוצה עם צימוקים 200גר,גרמים,200.00,100 גרם,false,1,7.90,3.9500,true,1,127934
4840008030243,false,לחם שיפון טאלין פרוס,,,לחם שיפון טאלין פרוס 500 גר,גרמים,500.00,100 גרם,false,1,9.90,1.9800,true,1,162896
4840008031806,false,דובשניות בטעם חלב מר,Franzeluta,,דובשניות בטעם חלב מרוכז 400 גר,גרמים,400.00,100 גרם,false,1,8.90,2.2250,true,1,135840
4840008037778,false,סופר מיני סושקה וניל,,MD,סופר מיני סושקה וניל 300 גר,גרמים,300.00,100 גרם,false,12,7.90,2.6333,true,1,167744
4840008037792,false,סופר מיני סושקה לובי,,MD,סופר מיני סושקה לוביטלסקיה 300 גר,גרמים,300.00,100 גרם,false,12,7.90,2.6333,true,1,167745
4840008040075,false,עוגיות אוזניים קינמו,FRANZELUTA,,עוגיות אוזניים קינמון 350 ג,גרמים,350.00,100 גרם,false,1,9.90,2.8286,true,1,166308
4840013000248,false,יין מבעבע קריקובה חצ,קריקובה,MD,שמפניה קריקובה חצי י,מיליליטרים,750.00,"100 מ""ל",false,12,39.90,5.3200,true,1,154497
4840013001054,false,יין מבעבע קריקובה מו,קריקובה,MD,שמפניה קריקובה מוסקט,מיליליטרים,750.00,"100 מ""ל",false,12,39.90,5.3200,true,1,154499
4840013006868,false,יין מבעבע קריקובה בר,קריקובה,MD,"יין מבעבע קריקובה ברוט 750 מ""ל",מיליליטרים,750.00,"100 מ""ל",false,12,39.90,5.3200,true,1,154500
4840013008077,false,יין מבעבע קריקובה רו,קריקובה,MD,יין מבעבע קריקובה רוזה חצי יבש 750 מל,מיליליטרים,750.00,"100 מ""ל",false,12,39.90,5.3200,true,1,163574
4840019004639,false,אסורטי עגבניות ומלפפ,,,אסורטי עגבניות ומלפפונים מוחמצים 980 גר,גרמים,980.00,100 גרם,false,1,13.90,1.4184,true,1,171751
4840019004660,false,עגבניות אדמדמות וחומ,,,עגבניות אדמדמות וחומות מוחמצות 670 גר,גרמים,670.00,100 גרם,false,1,10.90,1.6269,true,1,171748
4840022000956,false,מיץ ויטה פרמיום תפוח,,,מיץ ויטה פרמיום תפוח גזר 1ל,ליטרים,1.00,ליטר,false,1,12.90,12.9000,true,1,127640
4840022001199,false,מיץ ויטה פרמיום עגבנ,,,מיץ ויטה פרמיום עגבניות 1ל,ליטרים,1.00,ליטר,false,1,12.90,12.9000,true,1,127639
4840022004107,false,ריבת אוכמניות שחורות,,,ריבת אוכמניות שחורות 680גר,גרמים,670.00,100 גרם,false,1,26.90,4.0149,true,1,125254
4840022004152,false,נקטר ויטה נטורליס תפ,,,נקטר ויטה נטורליס תפוח משמש 1ל,ליטרים,1.00,ליטר,false,1,9.90,9.9000,true,1,127635
4840022004169,false,נקטר ויטה נטורליס תפ,,,נקטר ויטה נטורליס תפוח אגסים 1ל,ליטרים,1.00,ליטר,false,1,9.90,9.9000,true,1,127633
4840022004183,false,מיץ ויטה נטורליס שזי,,,מיץ ויטה נטורליסשזיפים 1 ליטר,ליטרים,1.00,ליטר,false,1,9.90,9.9000,true,1,124554
4840022004190,false,נקטר ויטה נטורליס אפ,,,נקטר ויטה נטורליס אפרסק 1 ל,ליטרים,1.00,ליטר,false,1,9.90,9.9000,true,1,144490
4840022004206,false,מיץ עגבניות ויטה נטו,,,מיץ עגבניות ויטה נטורליס 1ל,ליטרים,1.00,ליטר,false,1,9.90,9.9000,true,1,127906
4840022004589,false,מיץ ויטה נטורליס תפו,,,מיץ ויטה נטורליס תפוח-משמש 2 ליטר,ליטרים,2.00,ליטר,false,1,16.90,8.4500,true,1,124555
4840022004626,false,מיץ ויטה נטורליס עגב,,,מיץ ויטה נטורליס עגבניות 2 ליטר,ליטרים,2.00,ליטר,false,1,16.90,8.4500,true,1,124557
4840022005258,false,מיץ ויטה מולטיפרוט 1,,,מיץ ויטה מולטיפרוט 1ל,ליטרים,1.00,ליטר,false,1,10.90,10.9000,true,1,127903
4840022005265,false,מיץ תפוחים 1 ל,,,מיץ תפוחים 1 ליטר,ליטרים,1.00,ליטר,false,1,10.90,10.9000,true,1,125255
4840022005272,false,מיץ תפוח ענבים 1 ל,,,מיץ תפוח ענבים 1 ליטר,ליטרים,1.00,ליטר,false,1,10.90,10.9000,true,1,125256
4840022005289,false,נקטר ויטה משמש 1 ל,,,נקטר ויטה משמש 1ל,ליטרים,1.00,ליטר,false,1,10.90,10.9000,true,1,127630
4840022005326,false,מיץ עגבניות ויטה 1 ל,,,מיץ עגבניות 1 ליטר,ליטרים,1.00,ליטר,false,1,10.90,10.9000,true,1,125258
4840022005647,false,ריבת תותים 680 גר,,,ריבת תותים 680גר,גרמים,680.00,100 גרם,false,1,26.90,3.9559,true,1,125259
4840022005661,false,ריבת פטל 680 גר,,,ריבת פטל 680גר,גרמים,680.00,100 גרם,false,1,32.90,4.8382,true,1,125260
4840022005760,false,נקטר ויטה תות בננה 1,,,נקטר ויטה תות בננה 1 ל,ליטרים,1.00,ליטר,false,1,10.90,10.9000,true,1,150174
4840022006637,false,נקטר נטורליס תפוח דו,,,נקטר ויטה נטורליס תפוח דובדבן 1 ליטר,ליטרים,1.00,ליטר,false,1,9.90,9.9000,true,1,125264
4840022006651,false,נקטר ויטה נטורליס תפ,,,"נקטר ויטה נטורליס תפו""ע ענבים 1 ל",ליטרים,1.00,ליטר,false,1,9.90,9.9000,true,1,144491
4840022006668,false,נקטר ויטה נטוראליס ת,,,נקטר ויטה נטוראליס תפוח ענבים 2ל,ליטרים,2.00,ליטר,false,1,16.90,8.4500,true,1,127638
4840022006675,false,נקטר ויטה דובדבן 1 ל,,,נקטר ויטה דובדבן 1ל,ליטרים,1.00,ליטר,false,1,10.90,10.9000,true,1,127631
4840022006699,false,נקטר ויטה נטורליס תפ,,,נקטר ויטה נטורליס תפוח עץ אדום 1ל,ליטרים,1.00,ליטר,false,1,9.90,9.9000,true,1,127905
4840022006705,false,נקטר ויטה נטוראליס ת,,,נקטר ויטה נטוראליס תפוח אדום 2ל,ליטרים,2.00,ליטר,false,1,16.90,8.4500,true,1,127637
4840022007245,false,קונפיטיור ויטה משמש,סיא בוגה,,קונפיטיור ויטה משמש 360 גר,גרמים,360.00,100 גרם,false,1,9.90,2.7500,true,1,140949
4840022007993,false,ריבה משמש ויטה 690 ג,,,ריבה משמש ויטה 680 גר,גרמים,690.00,100 גרם,false,1,26.90,3.8986,true,1,141413
4840022008044,false,קונפיטיור ויטה פירות,סיא בוגה,,קונפיטיור ויטה פירות יער 360 גר,גרמים,360.00,100 גרם,false,1,9.90,2.7500,true,1,140951
4840022008709,false,משקה קל ויטה נטורליס,,,משקה קל ויטה נטורליס אפרסק מנגו 1 ל,ליטרים,1.00,ליטר,false,1,9.90,9.9000,true,1,144492
4840022008747,false,ריבה שזיפים ויטה 680,,,ריבה שזיפים ויטה 680 גר,גרמים,680.00,100 גרם,false,1,26.90,3.9559,true,1,141412
4840022009195,false,קונפיטיור ויטה דובדב,סיא בוגה,,קונפיטיור ויטה דובדבן 375 גר,גרמים,375.00,100 גרם,false,1,9.90,2.6400,true,1,145166
4840022009553,false,משקה קל נטורליס פירו,,,משקה קל נטורליס פירות טרופיים 1 ל,ליטרים,1.00,ליטר,false,1,9.90,9.9000,true,1,150056
4840022009560,false,משקה קל ויטה נטורליס,,,משקה קל ויטה נטורליס תפוחים פירות יער 1ל,ליטרים,1.00,ליטר,false,1,9.90,9.9000,true,1,150895
4840022009997,false,משקה קל נטורליס אפרס,,,משקה קל נטורליס אפרסק מנגו 2 ל,ליטרים,2.00,ליטר,false,1,16.90,8.4500,true,1,165998
4840022010436,false,ריבת דובדבן חמוץ ויט,,,ריבת דובדבן חמוץ ויטה 680 גר,גרמים,680.00,100 גרם,false,1,26.90,3.9559,true,1,162927
4840022010788,false,משקה קל תפוח ענבים נ,,,משקה קל תפוח ענבים נטורליס 1 ל,ליטרים,1.00,ליטר,false,1,9.90,9.9000,true,1,170871
4840022010795,false,משקה קל תפוח חמוציות,,,משקה קל תפוח חמוציות נטורליס 1 ל,ליטרים,1.00,ליטר,false,1,9.90,9.9000,true,1,170870
4840034001866,false,אפונה ירוקה ויטה 415,,,אפונה ירוקה ויטה 415גר,גרמים,415.00,100 גרם,false,1,8.90,2.1446,true,1,129366
4840048000299,false,ברנדי בליי אייסט 500,,,"ברנדי ""בליי אייסט"" 0",מיליליטרים,500.00,"100 מ""ל",false,1,69.90,13.9800,true,1,124558
4840095003090,false,מרמלד דולקי 350 גר,BUCURIA,,"מרמלד דולקי 350 ג""ר",גרמים,350.00,100 גרם,false,1,11.90,3.4000,true,1,124564
4840181001436,false,יין רטריו איזבלה אדו,,,"יין אדום ""רטריו"" איז",מיליליטרים,750.00,"100 מ""ל",false,1,31.90,4.2533,true,1,124565
4840181001559,false,יין לבן גראנד מוסקט,,,"יין לבן ""גראנד"" מוסק",מיליליטרים,750.00,"100 מ""ל",false,1,31.90,4.2533,true,1,124567
4840181001597,false,יין קגור 750 מל,,,"יין ""קגור"" 0.75 ליטר",מיליליטרים,750.00,"100 מ""ל",false,1,31.90,4.2533,true,1,124568
4840254002186,false,יין אדום בון וייז מר,,,"יין אדום ""בון וייז"" מרלו 1 ל",ליטרים,1.00,ליטר,false,1,39.90,39.9000,true,1,124569
4840259011039,false,כעכים עם פרג 300 גר,,,כעכים עם פרג 300 גר,גרמים,300.00,100 גרם,false,1,9.90,3.3000,true,1,172208
4840259011053,false,כעכים עם חיטה מונבטת,,,כעכים עם חיטה מונבטת 300 גר,גרמים,300.00,100 גרם,false,1,9.90,3.3000,true,1,172210
4840267006881,false,יין קברנה אדום חצי מ,אלבסטרילי ויינס אס א,,"יין קברנה אדום חצי מתוק 750 מ""ל",מיליליטרים,750.00,"100 מ""ל",false,1,32.90,4.3867,true,1,134644
4840267007031,false,יין שרדונה לבן חצי מ,אלבסטרילי ויינס אס א,,"יין שרדונה לבן חצי מתוק 750 מ""ל",מיליליטרים,750.00,"100 מ""ל",false,1,32.90,4.3867,true,1,134645
4840267007048,false,יין מרלו אדום חצי מת,אלבסטרילי ויינס אס א,,"יין מרלו אדום חצי מתוק 750 מ""ל",מיליליטרים,750.00,"100 מ""ל",false,1,32.90,4.3867,true,1,134643
4840267008168,false,יין אדום חצי מתוק אי,אלבסטרילי ויינס אס א,,"יין אדום חצי מתוק איזבלה 750 מ""ל",מיליליטרים,750.00,"100 מ""ל",false,1,32.90,4.3867,true,1,138544
4840472005556,false,יין פורקרי פינו נואר,,,"יין ""פורקארו"" פינות",מיליליטרים,750.00,"100 מ""ל",false,6,64.90,8.6533,true,1,162136
4840472012738,false,יין פורקרי פינו גריג,,,יין פורקרי פינו גריגיו 750 מל,מיליליטרים,750.00,"100 מ""ל",false,6,64.90,8.6533,true,1,162140
4840472013551,false,יין פורקרי ררה נגרה,,,יין פורקרי ררה נגרה 750 מל,מיליליטרים,750.00,"100 מ""ל",false,6,64.90,8.6533,true,1,162141
4840526000681,false,יין יבש סוביניון בלא,,,יין יבש סוביניון בלאן 750 מל,מיליליטרים,750.00,"100 מ""ל",false,1,31.90,4.2533,true,1,124577
4840526000711,false,יין יבש מרלו קזייק 7,,,יין יבש מרלו קזייק 750 מל,מיליליטרים,750.00,"100 מ""ל",false,1,31.90,4.2533,true,1,124578
4840526000728,false,יין יבש קברנה סוביני,,,יין יבש קברנה סוביניון קזייק 750 מל,מיליליטרים,750.00,"100 מ""ל",false,1,31.90,4.2533,true,1,124579
4840526001398,false,יין לבן בון וייג מתו,,,"יין לבן ""בון וייג"" מ",ליטרים,1.00,ליטר,false,1,39.90,39.9000,true,1,124580
4840526005761,false,יין סטורקס אדום חצי,,,יין סטורקס אדום חצי יבש מרלו 750 מל,מיליליטרים,750.00,"100 מ""ל",false,1,31.90,4.2533,true,1,129261
4840526006249,false,יין סטורקס לבן חצי י,,,יין סטורקס לבן חצי יבש שרדונה 750 מל,מיליליטרים,750.00,"100 מ""ל",false,1,31.90,4.2533,true,1,129262
4840709003393,false,ברנדי קווינט 500 מל,,,"ברנדי קווינט 500 מ""ל",מיליליטרים,500.00,"100 מ""ל",false,1,49.90,9.9800,true,1,133550
4840748000476,false,מלפפונים 6-9 מוחמצים,,,מלפפונים 6-9 מוחמצים 670 גר,גרמים,670.00,100 גרם,false,1,10.90,1.6269,true,1,172901
4840748000667,false,פטיסונים מוחמצים 670,,,פטיסונים מוחמצים 670 גר,גרמים,670.00,100 גרם,false,1,14.90,2.2239,true,1,172897
4840748000698,false,מלפפונים ועגבניות מו,,,מלפפונים ועגבניות מוחמצים 670 גר,גרמים,670.00,100 גרם,false,1,10.90,1.6269,true,1,170814
4840748002111,false,עגבניות מוחמצות 670,,,עגבניות מוחמצות 670 גר,גרמים,670.00,100 גרם,false,1,10.90,1.6269,true,1,170805
4840748002753,false,אפונה בראבו 420 גר,נטור ברבו,,אפונה בראבו 420 גר,גרמים,420.00,100 גרם,false,1,7.90,1.8810,true,1,146232
4840748005556,false,מלפפונים 6-9 במלח 92,,,מלפפונים 6-9 במלח 925 גר,גרמים,925.00,100 גרם,false,1,14.90,1.6108,true,1,170813
4841883000123,false,קוניאק XO קווינט דוי,,,קוניאק קווינט דוינה 9 שנים XO,מיליליטרים,500.00,"100 מ""ל",false,1,79.90,15.9800,true,1,152341
4850001001911,false,ברנדי אררט 3 שנים 70,ירוואן ברנדי קומפני,,"ברנדי אררט 3 שנים 700 מ""ל",מיליליטרים,700.00,"100 מ""ל",false,1,109.90,15.7000,true,1,132902
4850001001942,false,ברנדי אררט 5 שנים 70,,,"ברנדי אררט 5 שנים 700 מ""ל",מיליליטרים,700.00,"100 מ""ל",false,1,149.90,21.4143,true,1,140710
4850001032168,false,וודקה משמש 750 מל,,,וודקה משמש 750 מל,מיליליטרים,750.00,"100 מ""ל",false,1,119.90,15.9867,true,1,162502
4850001032540,false,קונפיטורת תאנים 600,,,קונפיטורת תאנים 600 גר,גרמים,600.00,100 גרם,false,1,25.90,4.3167,true,1,154135
4850001032595,false,ריבת אגוזי מלך ירוקי,,,ריבת אגוזי מלך ירוקים 600 גר,גרמים,600.00,100 גרם,false,1,25.90,4.3167,true,1,142764
4850001035190,false,עלי גפן במי מלח 700,,,עלי גפן במי מלח 700 גר,גרמים,700.00,100 גרם,false,1,16.90,2.4143,true,1,142768
4850001035275,false,ריבת דובדבני קורנילה,,,ריבת דובדבני קורנילה קיזיל 600 גר,גרמים,600.00,100 גרם,false,1,25.90,4.3167,true,1,147146
4850001035381,false,ריבת עלי ורדים 600 ג,,,ריבת עלי ורדים 600 גר,גרמים,600.00,100 גרם,false,1,25.90,4.3167,true,1,142767
4850001035602,false,ריבת דובדבן חמוץ 600,,,ריבת דובדבן חמוץ 600 גר,גרמים,600.00,100 גרם,false,1,25.90,4.3167,true,1,147145
4850001037668,false,ריבת שזיפי בר 600 גר,,,ריבת שזיפי בר 600 גר,גרמים,600.00,100 גרם,false,8,25.90,4.3167,true,1,161123
4850001110064,false,נקטר סיס דומדמניות ש,,,"נקטר ""סיס"" דומדמניות שחורות 1.6 ל",ליטרים,1.60,ליטר,false,1,18.90,11.8125,true,1,138677
4850001110439,false,ממרח חצילים יאן 470,,,"ממרח חצילים ""יאן"" 470 גר",גרמים,470.00,100 גרם,false,1,15.90,3.3830,true,1,137233
4850001110606,false,נקטר סיס רימונים 1.6,,,"נקטר ""סיס"" רימונים 1.6 ל",ליטרים,1.60,ליטר,false,1,18.90,11.8125,true,1,138669
4850001111009,false,מיץ רימונים יאן טבעי,,,"מיץ רימונים ""יאן"" טבעי 930 מ""ל",מיליליטרים,930.00,"100 מ""ל",false,1,18.90,2.0323,true,1,137209
4850001111016,false,מיץ יאן תפוזים טבעי,,,"מיץ ""יאן"" תפוזים טבעי 930 מ""ל",מיליליטרים,930.00,"100 מ""ל",false,1,18.90,2.0323,true,1,137215
4850001111061,false,מיץ יאן אפרסק טבעי 9,,,"מיץ ""יאן"" אפרסק טבעי 930 מ""ל",מיליליטרים,930.00,"100 מ""ל",false,1,18.90,2.0323,true,1,137214
4850001111085,false,מיץ יאן תפוח טבעי 93,,,"מיץ ""יאן"" תפוח טבעי 930 מ""ל",מיליליטרים,930.00,"100 מ""ל",false,1,18.90,2.0323,true,1,137212
4850001111153,false,מיץ יאן דובדבן 930 מ,,,"מיץ ""יאן"" דובדבן 930 מ""ל",מיליליטרים,930.00,"100 מ""ל",false,1,18.90,2.0323,true,1,137218
4850001111450,false,קונפיטורה יאן אגוז י,,,"קונפיטורה ""יאן"" אגוז ירוק 538 גר",גרמים,538.00,100 גרם,false,1,19.90,3.6989,true,1,137238
4850001111498,false,מיץ יאן מנגו טבעי 93,,,"מיץ ""יאן"" מנגו טבעי 930 מ""ל",מיליליטרים,930.00,"100 מ""ל",false,1,18.90,2.0323,true,1,137221
4850001111603,false,משקה כהלי רימונים וי,,,"משקה כהלי רימונים ויניאן 750 מ""ל",מיליליטרים,750.00,"100 מ""ל",false,1,34.90,4.6533,true,1,137697
4850001113874,false,קונפיטורה יאן דובדבנ,,,קונפיטורה יאן דובדבנים לבנים 567 גר,גרמים,567.00,100 גרם,false,1,19.90,3.5097,true,1,144670
4850001113881,false,קונפיטורה יאן מורן 5,,,קונפיטורה יאן מורן 567 גר,גרמים,567.00,100 גרם,false,1,19.90,3.5097,true,1,144668
4850001113911,false,פלפל ירוק חריף עם שו,,,פלפל ירוק חריף עם שום יאן 440 גר,גרמים,440.00,100 גרם,false,1,15.90,3.6136,true,1,162757
4850001114482,false,קונפיטורה יאן תאנים,,,קונפיטורה יאן תאנים 567 גר,גרמים,567.00,100 גרם,false,1,19.90,3.5097,true,1,144669
4850001115212,false,משקה כהלי דובדבנים ו,,,"משקה כהלי דובדבנים ויניאן 750 מ""ל",מיליליטרים,750.00,"100 מ""ל",false,1,34.90,4.6533,true,1,146365
4850001116486,false,אדגיקה חריפה יאן 250,,,אדגיקה חריפה יאן 250 גר,גרמים,250.00,100 גרם,false,1,15.90,6.3600,true,1,138679
4850001117704,false,רוטב שזיפים טקמאלי א,,,רוטב שזיפים טקמאלי אדום 330 גר,גרמים,330.00,100 גרם,false,1,10.90,3.3030,true,1,161566
4850001117773,false,ממרח קישואים יאן 470,,,ממרח קישואים יאן 470 גר,גרמים,470.00,100 גרם,false,1,15.90,3.3830,true,1,158117
4850001396635,false,רחת לוקום עם פיסטוק,,,רחת לוקום עם פיסטוק גויקו 250 גר,גרמים,250.00,100 גרם,false,1,10.90,4.3600,true,1,173771
4850001397649,false,דרזה שוקולד חלב פנדה,,,דרזה שוקולד חלב פנדה 150 גר,גרמים,150.00,100 גרם,false,20,8.90,5.9333,true,1,148154
4850001921622,false,ברנדי לגנד ארמני 3 ש,,,"ברנדי לגנד ארמני 3 שנים 500 מ""ל",מיליליטרים,500.00,"100 מ""ל",false,1,59.90,11.9800,true,1,137695
4850001921646,false,ברנדי לגנד ארמני 5 ש,,,"ברנדי לגנד ארמני 5 שנים 500 מ""ל",מיליליטרים,500.00,"100 מ""ל",false,1,69.90,13.9800,true,1,137696
4850001921660,false,ברנדי לגנד ארמניה 7,,,"ברנדי לגנד ארמניה 7 שנים 500 מ""ל",מיליליטרים,500.00,"100 מ""ל",false,1,84.90,16.9800,true,1,140038
4850008150728,false,שכר רימונים מתוק 750,ארמניה ויין פקטורי,,"שכר רימונים מתוק 750 מ""ל",מיליליטרים,750.00,"100 מ""ל",false,1,39.90,5.3200,true,1,130726
4850008150995,false,שכר רימונים חצי מתוק,ארמניה ויין פקטורי,,"שכר רימונים חצי מתוק 750 מ""ל",מיליליטרים,750.00,"100 מ""ל",false,1,39.90,5.3200,true,1,130727
4850008151886,false,ברנדי גרנד ירבן 7 שנ,ארמניה ויין פקטורי,,"ברנדי גרנד ירבן 7 שנים 500 מ""ל",מיליליטרים,500.00,"100 מ""ל",false,1,89.90,17.9800,true,1,132313
4850009742717,false,מיץ רימונים אררט 970,,,מיץ רימונים אררט 970 מל,מיליליטרים,970.00,"100 מ""ל",false,1,16.90,1.7423,true,1,173766
4850009744704,false,לפתן דובדבנים 1 ל,,,לפתן דובדבנים 1 ל,ליטרים,1.00,ליטר,false,1,14.90,14.9000,true,1,169257
4850010651510,false,ברנדי שכנזריאן חרב 2,,,ברנדי שכנזריאן חרב 250 מל,מיליליטרים,250.00,"100 מ""ל",false,1,59.90,23.9600,true,1,173765
4850011110528,false,קונפיטורה תמרה תות ש,תמרה פירות,,קונפיטורה תמרה תות שדה 400 גר,גרמים,400.00,100 גרם,false,1,21.90,5.4750,true,1,140187
4850011110818,false,קונפיטורה תמרה דובדב,תמרה פירות,,קונפיטורה תמרה דובדבן 400 גר,גרמים,400.00,100 גרם,false,1,22.90,5.7250,true,1,140184
4850011110825,false,קונפיטורה תמרה משמש,תמרה פירות,,קונפיטורה תמרה משמש 400 גר,גרמים,400.00,100 גרם,false,1,21.90,5.4750,true,1,140189
4850011110832,false,קונפיטורה תמרה פטל 4,תמרה פירות,,קונפיטורה תמרה פטל 400 גר,גרמים,400.00,100 גרם,false,1,24.90,6.2250,true,1,140183
4850011110849,false,קונפיטורה תמרה אפרסק,תמרה פירות,,קונפיטורה תמרה אפרסק 400 גר,גרמים,400.00,100 גרם,false,1,21.90,5.4750,true,1,140188
4850011110887,false,קונפיטורה תמרה אגוז,תמרה פירות,,קונפיטורה תמרה אגוז מלך 400 גר,גרמים,400.00,100 גרם,false,1,22.90,5.7250,true,1,140182
4850011110924,false,קונפיטורה תמרה עלי ש,תמרה פירות,,קונפיטורה תמרה עלי שושנים 400 גר,גרמים,400.00,100 גרם,false,1,21.90,5.4750,true,1,140190
4850011111297,false,קונפיטורה תמרה תות ש,תמרה פירות,,קונפיטורה תמרה תות שחור 400 גר,גרמים,400.00,100 גרם,false,1,21.90,5.4750,true,1,140191
4850011111587,true,עלי גפן טאמארה 720 ג,,,עלי גפן טאמארה 720 גר,גרמים,720.00,100 גרם,false,1,21.90,3.0417,true,1,140528
4850011113185,false,קונפיטורה תמרה דובדב,,,קונפיטורה תמרה דובדבן לבן 900 גר,גרמים,900.00,100 גרם,false,1,35.90,3.9889,true,1,168792
4850011113406,false,קונפיטורה תמרה תות ש,,,קונפיטורה תמרה תות שדה 900 גר,גרמים,900.00,100 גרם,false,1,35.90,3.9889,true,1,168793
4850011113918,false,קונפיטורה תמרה דובדב,,,קונפיטורה תמרה דובדבנים 900 גר,גרמים,900.00,100 גרם,false,1,35.90,3.9889,true,1,151074
4850016340142,false,מרק דגים פורל רואילי,או או או אקו פוד,,מרק דגים פורל רואילי 530 גר,גרמים,530.00,100 גרם,false,1,17.90,3.3774,true,1,133368
4850016340371,false,דג בלוגה במיץ טבעי 2,,,דג בלוגה במיץ טבעי 240 גר,גרמים,240.00,100 גרם,false,1,34.90,14.5417,true,1,135943
4850019024742,false,לפתן שזיפים 1 ל,,,לפתן שזיפים 1 ל,ליטרים,1.00,ליטר,false,1,14.90,14.9000,true,1,169261
4850022431841,false,דרזה שמנת 150 גר,,,דרזה שמנת 150 גר,גרמים,150.00,100 גרם,false,20,8.90,5.9333,true,1,150832
4850022432848,false,דרזה שוקולד עם גל פי,,,דרזה שוקולד עם גל פירות 150 גר,גרמים,150.00,100 גרם,false,20,8.90,5.9333,true,1,173757
4850026140619,false,עלי גפן הום לנד 720,,,עלי גפן הום לנד 720 גר,גרמים,720.00,100 גרם,false,1,14.90,2.0694,true,1,173804
4860001120239,false,משקה בטעם אגס 1 ל,,,משקה בטעם אגס 1 ל,ליטרים,1.00,ליטר,false,1,10.90,10.9000,true,1,152660
4860001120253,false,משקה בטעם טרחון 1 ל,,,משקה בטעם טרחון 1 ל,ליטרים,1.00,ליטר,false,1,10.90,10.9000,true,1,152658
4860001120437,false,משקה אגסים זכוכית 50,,,"משקה אגסים זכוכית 500 מ""ל",מיליליטרים,500.00,"100 מ""ל",false,1,7.90,1.5800,true,1,152656
4860001120451,false,משקה טרחון זכוכית 50,,,"משקה טרחון זכוכית 500 מ""ל",מיליליטרים,500.00,"100 מ""ל",false,1,7.90,1.5800,true,1,152657
4860001590124,false,מים מינרליים מוגזים,,,מים מינרליים מוגזים סאיירמה 500 מל,מיליליטרים,500.00,"100 מ""ל",false,1,6.90,1.3800,true,1,170950
4860001590162,false,מים מינרליים מוגזים,,,מים מינרליים מוגזים סאיירמה 1 ל,ליטרים,1.00,ליטר,false,1,7.90,7.9000,true,1,170949
4860004070173,false,יין גרוזיני אלזאני א,GWS,,יין גרוזיני אלזאני אדום 750מל,מיליליטרים,750.00,"100 מ""ל",false,1,35.90,4.7867,true,1,127480
4860004070227,false,יין גרוזיני אלזאני ל,GWS,,יין גרוזיני אלזאני לבן 750מל,מיליליטרים,750.00,"100 מ""ל",false,1,35.90,4.7867,true,1,127481
4860004073082,false,יין גרוזיני ספראבי 7,GWS,,יין גרוזיני ספראבי 750מל,מיליליטרים,750.00,"100 מ""ל",false,1,35.90,4.7867,true,1,127478
4860004073105,false,יין גרוזיני קינזמראו,GWS,,יין גרוזיני קינזמראולי 750מל,מיליליטרים,750.00,"100 מ""ל",false,1,35.90,4.7867,true,1,127479
4860008660196,false,יין קינזמראולי אדום,KVARELI CELLAR,,"יין קינזמראולי אדום 750 מ""ל",מיליליטרים,750.00,"100 מ""ל",false,1,32.90,4.3867,true,1,131297
4860008660202,false,יין חבנצקרה אדום חצי,KVARELI CELLAR,,"יין חבנצקרה אדום חצי מתוק 750 מ""ל",מיליליטרים,750.00,"100 מ""ל",false,1,32.90,4.3867,true,1,131298
4860008660479,false,יין סאפרבי אדום יבש,KVARELI CELLAR,,"יין סאפרבי אדום יבש 750 מ""ל",מיליליטרים,750.00,"100 מ""ל",false,1,32.90,4.3867,true,1,131300
4860008660486,false,יין מוקוזני אדום יבש,KVARELI CELLAR,,"יין מוקוזני אדום יבש 750 מ""ל",מיליליטרים,750.00,"100 מ""ל",false,1,32.90,4.3867,true,1,131301
4860008660974,false,יין אחאשני אדום מתוק,KVARELI CELLAR,GE,"יין אחאשני אדום מתוק 750 מ""ל",מיליליטרים,750.00,"100 מ""ל",false,12,32.90,4.3867,true,1,155547
4860008661759,false,יין ספרבי רוזה חצי מ,KVARELI CELLAR,,יין ספרבי רוזה חצי מתוק 750 מל,מיליליטרים,750.00,"100 מ""ל",false,12,32.90,4.3867,true,1,158467
4860008662183,false,יין פירוסמני אדום חצ,,,"יין פירוסמני אדום חצי יבש 750 מ""ל",מיליליטרים,750.00,"100 מ""ל",false,1,32.90,4.3867,true,1,135091
4860008662251,false,יין קינדזמראולי אדום,,,"יין קינדזמראולי אדום חצי מתוק 750 מ""ל",מיליליטרים,750.00,"100 מ""ל",false,1,39.90,5.3200,true,1,142389
4860008662282,false,יין ציננדלי לבן יבש,,,"יין ציננדלי לבן יבש 750 מ""ל",מיליליטרים,750.00,"100 מ""ל",false,1,39.90,5.3200,true,1,144301
4860008662305,false,יין סאפירבי אדום חצי,,,"יין סאפירבי אדום חצי יבש 750 מ""ל",מיליליטרים,750.00,"100 מ""ל",false,1,39.90,5.3200,true,1,142391
4860009000014,false,מיץ רימונים 100% 1 ל,Aromaproduct ltd,,מיץ רימונים גרוזיני,ליטרים,1.00,ליטר,false,1,18.90,18.9000,true,1,124592
4860009120170,false,נקטר רימונים קמפה 1,,,נקטר רימונים קמפה 1 ל,ליטרים,1.00,ליטר,false,1,11.90,11.9000,true,1,165405
4860009120187,false,נקטר דובדבנים קמפה 1,,,נקטר דובדבנים קמפה 1 ל,ליטרים,1.00,ליטר,false,1,11.90,11.9000,true,1,165406
4860009120194,false,מיץ תפוחי עץ 100% קמ,,,מיץ תפוחי עץ 100% קמפה 1 ל,ליטרים,1.00,ליטר,false,1,11.90,11.9000,true,1,165402
4860009120200,false,מיץ תפוזים 100% קמפה,,,מיץ תפוזים 100% קמפה 1 ל,ליטרים,1.00,ליטר,false,1,11.90,11.9000,true,1,165404
4860009120279,false,מיץ דובדבן ורימון קמ,,,מיץ דובדבן ורימון קמפה 1 ל,ליטרים,1.00,ליטר,false,1,11.90,11.9000,true,1,165403
4860009120460,false,נקטר פירות טרופיים ק,,GE,נקטר פירות טרופיים קמפה 1 ל,ליטרים,1.00,ליטר,false,12,11.90,11.9000,true,1,167205
4860009121047,false,נקטר פיגואה תפוח קמפ,,,נקטר פיגואה תפוח קמפה 1 ל,ליטרים,1.00,ליטר,false,1,11.90,11.9000,true,1,169730
4860009786253,false,גלידה משפחתית קרמל 9,,,גלידה משפחתית קרמל 900 מל,מיליליטרים,900.00,"100 מ""ל",false,1,21.90,2.4333,true,1,172412
4860013080538,false,ברנדי אולד קאחטי 5 ש,קחטיאן טרדיטיונל,,"ברנדי אולד קאחטי 5 שנים 500 מ""ל",מיליליטרים,500.00,"100 מ""ל",false,1,64.90,12.9800,true,1,131428
4860013080613,false,ברנדי אולד קאחטי 7 ש,,,ברנדי אולד קאחטי 7 שנים 500 מל,מיליליטרים,500.00,"100 מ""ל",false,1,75.90,15.1800,true,1,162158
4860013080682,false,ברנדי אולד קאחטי 10,,,ברנדי אולד קאחטי 10 שנים 500 מל,מיליליטרים,500.00,"100 מ""ל",false,1,84.90,16.9800,true,1,162159
4860018004454,false,ברנדי שרהגישוילי 5 כ,,,"ברנדי שרהגישוילי 5 כוכבים 700 מ""ל",מיליליטרים,700.00,"100 מ""ל",false,1,109.90,15.7000,true,1,154659
4860018004478,false,ברנדי שרהגישוילי וי,,,"ברנדי שרהגישוילי וי אס 7 שנים 700 מ""ל",מיליליטרים,700.00,"100 מ""ל",false,1,119.90,17.1286,true,1,152633
4860019001346,false,מים מינרליים בורזומי,BORJOMI,,"מים מינרליים ""בורג""ו",מיליליטרים,500.00,"100 מ""ל",false,1,7.90,1.5800,true,1,124593
4860019001414,false,מים מינירליים בורגומ,BORJOMI,,מים מינירליים בורגומי 750מל,מיליליטרים,750.00,"100 מ""ל",false,1,8.50,1.1333,true,1,127475
4860019001421,false,מים מינירליים בורגומ,,,מים מינירליים בורגומי 750מל שישייה,מיליליטרים,750.00,"100 מ""ל",false,1,39.90,5.3200,true,1,127485
4860053011110,false,צאצא אסקנלי פלטינום,"אחים אסקנלי בע""מ",RU,"צאצא אסקנלי פלטינום 45% 500 מ""ל",מיליליטרים,500.00,"100 מ""ל",false,12,59.90,11.9800,true,1,150940
4860053011967,false,ברנדי אסקנלי 3* 40%,"אחים אסקנלי בע""מ",,"ברנדי אסקנלי 3* 40% 500 מ""ל",מיליליטרים,500.00,"100 מ""ל",false,1,54.90,10.9800,true,1,140585
4860053011998,false,ברנדי אסקנלי 8 כוכבי,סקיני ברנדס,GE,"ברנדי אסקנלי 8 כוכבים 500 מ""ל",מיליליטרים,500.00,"100 מ""ל",false,12,69.90,13.9800,true,1,155537
4860053012032,false,ברנדי אסקנלי 5* 40%,"אחים אסקנלי בע""מ",,"ברנדי אסקנלי 5* 40% 500 מ""ל",מיליליטרים,500.00,"100 מ""ל",false,1,59.90,11.9800,true,1,140584
4860065010026,false,יין מוקוזאני מגאורגי,תליאני וולי,,יין מוקוזאני מגאורגיה 750 מל,מיליליטרים,750.00,"100 מ""ל",false,6,44.90,5.9867,true,1,157604
4860065010040,false,יין ספראבי אדום יבש,תליאני וולי,GE,יין ספראבי אדום יבש 750 מל,מיליליטרים,750.00,"100 מ""ל",false,6,44.90,5.9867,true,1,162142
4860065010071,false,יין קינדזמאראולי מגא,תליאני וולי,,יין קינזמראולי קרמיק,מיליליטרים,750.00,"100 מ""ל",false,6,44.90,5.9867,true,1,157599
4860065010088,false,יין אחאשני אדום מגאו,תליאני וולי,,יין אחאשני אדום מגאורגיה 750 מל,מיליליטרים,750.00,"100 מ""ל",false,6,44.90,5.9867,true,1,157605
4860065010101,false,יין ציננדלי לבן יבש,,,יין ציננדלי לבן יבש מגאורגיה,Unknown,0.00,Unknown,false,1,44.90,0.0000,true,1,164123
4860065010286,false,יין אודגלשי אדום חצי,תליאני וולי,GE,יין אטנורי קרמיקה 0.,מיליליטרים,750.00,"100 מ""ל",false,6,44.90,5.9867,true,1,161844
4860065010293,false,יין לבן חצי מתוק תבי,,,יין לבן חצי מתוק תבישי 750 מל,מיליליטרים,750.00,"100 מ""ל",false,6,44.90,5.9867,true,1,161835
4860065013164,false,יין מבעבע חצי יבש עמ,,,יין מבעבע חצי יבש עמק תליאני 750 מל,מיליליטרים,750.00,"100 מ""ל",false,1,39.90,5.3200,true,1,164708
4860065014093,false,יין מבעבע חצי מתוק ע,,,יין מבעבע חצי מתוק עמק תליאני 750 מל,מיליליטרים,750.00,"100 מ""ל",false,1,39.90,5.3200,true,1,164707
4860065014284,false,יין קיסי מצבאנה מגאו,תליאני וולי,,יין קיסי מצבאנה מגאורגיה 750 מל,מיליליטרים,750.00,"100 מ""ל",false,6,44.90,5.9867,true,1,157606
4860065014628,false,יין קיסי קווברי כתום,,GE,יין קיסי קווברי כתום יבש 750 מל,מיליליטרים,750.00,"100 מ""ל",false,6,99.80,13.3067,true,1,167519
4860065015205,false,יין פירוסמאני לבן חצ,תליאני וולי,GE,יין פירוסמאני לבן חצי יבש 750 מל,מיליליטרים,750.00,"100 מ""ל",false,6,44.90,5.9867,true,1,162144
4860102000157,false,גונגולי צלפים בסגנון,,,גונגולי צלפים בסגנון גאורגי 560 גר,גרמים,560.00,100 גרם,false,1,24.90,4.4464,true,1,166237
4860102000164,false,פלפל כבוש מומלח 540,,GE,פלפל כבוש מומלח 540 גר,גרמים,540.00,100 גרם,false,6,24.90,4.6111,true,1,168620
4860102000171,false,שום לבן גאורגי כבוש,,,שום לבן גאורגי כבוש 570 גר,גרמים,570.00,100 גרם,false,1,24.90,4.3684,true,1,166236
4860102000195,false,סלט גמבה גאורגי 580,,,סלט גמבה גאורגי 580 גר,גרמים,580.00,100 גרם,false,1,24.90,4.2931,true,1,166235
4860102000249,false,לוביו שעועית בסגנון,,,לוביו שעועית בסגנון גאורגי 570 גר,גרמים,570.00,100 גרם,false,1,24.90,4.3684,true,1,166234
4860102000515,false,אדגיקה סחוג אבחזי 12,,GE,אדגיקה סחוג אבחזי 120 גר,גרמים,120.00,100 גרם,false,12,9.90,8.2500,true,1,168619
4860102000522,false,רוטב טקמלי אדום גאור,,,רוטב טקמלי אדום גאורגי 270 גר,גרמים,270.00,100 גרם,false,1,9.90,3.6667,true,1,166232
4860102000539,false,רוטב טקמלי צהוב גאור,,,רוטב טקמלי צהוב גאורגי 270 גר,גרמים,270.00,100 גרם,false,1,9.90,3.6667,true,1,166231
4860102000553,false,רוטב סצבלי קלאסיק 27,,GE,רוטב סצבלי קלאסיק 270 גר,גרמים,270.00,100 גרם,false,6,9.90,3.6667,true,1,168617
4860102001017,false,רוטב טקמלי ירוק גאור,,,רוטב טקמלי ירוק גאורגי 270 גר,גרמים,270.00,100 גרם,false,1,9.90,3.6667,true,1,166230
4860102001116,false,מלח סוונטי 170 גר,,,מלח סוונטי 170 גר,גרמים,170.00,100 גרם,false,1,14.90,8.7647,true,1,166240
4860102001161,false,מלח סוונטי פיקנטי 17,,,מלח סוונטי פיקנטי 170 גר,גרמים,170.00,100 גרם,false,1,14.90,8.7647,true,1,166241
4860102001178,false,אדגיקה יבשה 120 גר,,GE,אדגיקה יבשה 120 גר,גרמים,120.00,100 גרם,false,12,14.90,12.4167,true,1,168621
4860102001192,false,תבלין סציבי לעוף 108,,GE,תבלין סציבי לעוף 108 גר,גרמים,108.00,100 גרם,false,12,14.90,13.7963,true,1,168622
4860102001208,false,תערובת תבלינים חרצו,,GE,תערובת תבלינים חרצו 108 גר,גרמים,108.00,100 גרם,false,12,14.90,13.7963,true,1,168623
4860102001314,false,תבלין חמלי סונלי גאו,,,תבלין חמלי סונלי גאורגי 108 גר,גרמים,108.00,100 גרם,false,1,14.90,13.7963,true,1,166238
4860102001321,false,תבלין אוצחו סונלי גא,,,תבלין אוצחו סונלי גאורגי 108 גר,גרמים,108.00,100 גרם,false,1,14.90,13.7963,true,1,166239
4860102001383,false,רוטב פטל שחור 270 גר,,GE,רוטב פטל שחור 270 גר,גרמים,270.00,100 גרם,false,6,9.90,3.6667,true,1,172580
4860102001413,false,אדגיקה סחוג יקור גאו,,GE,אדגיקה סחוג יקור גאורגי 120 גר,גרמים,120.00,100 גרם,false,12,9.90,8.2500,true,1,171233
4860108700198,true,רוטב שזיפי בר טקמלי,,,"רוטב שזיפי בר טקמלי צהוב 500 מ""ל",מיליליטרים,540.00,"100 מ""ל",false,12,13.90,2.5741,true,1,140520
4860108700617,true,רוטב עגבניות חריף סא,,,"רוטב עגבניות חריף סאציבלי 540 מ""ל",מיליליטרים,540.00,"100 מ""ל",false,12,13.90,2.5741,true,1,150359
4860108700624,true,רוטב עגבניות סאציבלי,,,"רוטב עגבניות סאציבלי 540 מ""ל",מיליליטרים,540.00,"100 מ""ל",false,12,13.90,2.5741,true,1,150358
4860108710531,false,לפתן תות שדה 100% 1,קחטיאן טרדיטיונל,,לפתן תות שדה 100% 1 ל,ליטרים,1.00,ליטר,false,1,14.90,14.9000,true,1,138009
4860111650633,false,משקה קזבגי גזוז אגס,,,משקה קזבגי גזוז אגס 500 מל,מיליליטרים,500.00,"100 מ""ל",false,1,7.90,1.5800,true,1,173026
4860111650657,false,משקה קזבגי גזוז לימו,,,משקה קזבגי גזוז לימון 500 מל,מיליליטרים,500.00,"100 מ""ל",false,1,7.90,1.5800,true,1,173024
4860111650671,false,משקה קזבגי גזוז קרם,,,משקה קזבגי גזוז קרם 500 מל,מיליליטרים,500.00,"100 מ""ל",false,1,7.90,1.5800,true,1,173023
4860111650749,false,בירה קזבגי גאורגית 5,,,בירה קזבגי גאורגית 500 מל,מיליליטרים,500.00,"100 מ""ל",false,1,9.90,1.9800,true,1,172410
4860111650800,false,משקה קזבגי גזוז פיגו,,GE,משקה קזבגי גזוז פיגואה 500 מל,מיליליטרים,500.00,"100 מ""ל",false,20,7.90,1.5800,true,1,174014
4860111650824,false,משקה מוגז קזבגי אגס,,GE,משקה מוגז קזבגי אגס 1 ל,ליטרים,1.00,ליטר,false,6,10.90,10.9000,true,1,172914
4860111650831,false,משקה מוגז קזבגי טרגו,,GE,משקה מוגז קזבגי טרגון 1 ל,ליטרים,1.00,ליטר,false,1,10.90,10.9000,true,1,172913
4860111650848,false,משקה מוגז קזבגי קרם,,,משקה מוגז קזבגי קרם 1 ל,ליטרים,1.00,ליטר,false,1,10.90,10.9000,true,1,172406
4860111650855,false,משקה מוגז קזבגי פיגו,,,משקה מוגז קזבגי פיגואה 1 ל,ליטרים,1.00,ליטר,false,1,10.90,10.9000,true,1,172409
4860111650862,false,משקה מוגז קזבגי לימו,,,משקה מוגז קזבגי לימון 1 ל,ליטרים,1.00,ליטר,false,1,10.90,10.9000,true,1,172407
4860115861363,false,רוטב עגבניות חריף סצ,דילאבר מוסקבה,,רוטב עגבניות חריף סציבי 330 גר,גרמים,330.00,100 גרם,false,1,11.90,3.6061,true,1,171783
4865602000010,false,מים מינרלים נבגלבי 5,NABEGLAVI,,"מים ""נבגלוי"" 0.5 ליט",מיליליטרים,500.00,"100 מ""ל",false,1,6.90,1.3800,true,1,124594
4865602000027,false,מים מינרליים נבגלבי,,,מים מינרליים נבגלבי מוגז 1 ל,ליטרים,1.00,ליטר,false,1,6.90,6.9000,true,1,124595
4867106070018,false,יין גרוזיני חבנצקרה,אליאנס,,"יין גרוזיני חבנצקרה 700 מ""ל",מיליליטרים,700.00,"100 מ""ל",false,1,34.90,4.9857,true,1,132033
4867106070025,false,יין גרוזיני קינזמראו,אליאנס,,"יין גרוזיני קינזמראולי 700 מ""ל",מיליליטרים,700.00,"100 מ""ל",false,1,34.90,4.9857,true,1,132034
4867106070032,false,יין אחשני אדום חצי מ,אליאנס,,"יין אחשני אדום חצי מתוק 700 מ""ל",מיליליטרים,700.00,"100 מ""ל",false,1,34.90,4.9857,true,1,132954
4867106070049,false,יין גרוזיני מוקוזני,אליאנס,,"יין גרוזיני מוקוזני 700 מ""ל",מיליליטרים,700.00,"100 מ""ל",false,1,34.90,4.9857,true,1,132035
4867106070056,false,יין ספראבי 700 מל,אליאנס,,"יין ספראבי 700 מ""ל",מיליליטרים,700.00,"100 מ""ל",false,1,34.90,4.9857,true,1,132955
4867106070063,false,יין גרוזיני אלזני וו,אליאנס,,"יין גרוזיני אלזני וולי 700 מ""ל",מיליליטרים,700.00,"100 מ""ל",false,1,34.90,4.9857,true,1,132036
4867106070070,false,יין גרוזיני ציננדלי,אליאנס,,"יין גרוזיני ציננדלי לבן יבש 700 מ""ל",מיליליטרים,700.00,"100 מ""ל",false,1,34.90,4.9857,true,1,132031
4867106070087,false,יין גרוזיני רקציטלי,אליאנס,,"יין גרוזיני רקציטלי לבן חצי מתוק 700 מ""ל",מיליליטרים,700.00,"100 מ""ל",false,1,34.90,4.9857,true,1,132032
4867258525695,false,יין קינזמראולי 750 מ,,,יין קינזמראולי 0.75ל,מיליליטרים,750.00,"100 מ""ל",false,1,59.90,7.9867,true,1,125764
4867258525701,false,יין חבנצקרה 750 מל,,,"יין חבנצ""קרה 0.75ל",מיליליטרים,750.00,"100 מ""ל",false,1,59.90,7.9867,true,1,125765
4891130001199,false,רוטב צדפות 530 גר,Pun chun sauce & pre,,"רוטב צדפות 450 מ""ל",גרמים,530.00,100 גרם,false,1,24.90,4.6981,true,1,124605
4901777020320,false,ליקר מידורי 700 מל,רמי קואנטרו,,ליקר מידורי 0.7,מיליליטרים,700.00,"100 מ""ל",false,1,99.90,14.2714,true,1,127278
5000111041065,false,היינץ רוטב וסטרשייר,,,היינץ רוטב וסטרשייר 150 מל,מיליליטרים,150.00,"100 מ""ל",false,1,11.90,7.9333,true,1,161178
5000111047364,false,רוטב HP ברביקיו דבש,היינץ,,רוטב HP ברביקיו דבש 465 גר,גרמים,465.00,100 גרם,false,1,14.90,3.2043,true,1,138327
5000111047371,false,רוטב HP ברביקיו קלאס,היינץ,,רוטב HP ברביקיו קלאסי 465 גר,גרמים,465.00,100 גרם,false,1,14.90,3.2043,true,1,138329
5000146057710,false,ספריי לניקוי חלונות,,,"גלסקס חלונות 750 מ""ל",מיליליטרים,750.00,"100 מ""ל",false,1,9.90,1.3200,true,1,150175
5000157143365,false,מתבל בטעם מיונז וקטש,,,"מתבל בטעם מיונז וקטשופ היינץ 425 מ""ל",מיליליטרים,425.00,"100 מ""ל",false,1,14.90,3.5059,true,1,154874
5000159020312,false,סוכריות מלטיזרס 37 ג,מרס,,סוכריות מלטיזרס 37 גר,גרמים,37.00,100 גרם,false,1,4.90,13.2432,true,1,127940
5000159344074,false,מאגדת גלידה סניקרס 2,,,גלידה סניקרס 48 גר שישייה,גרמים,288.00,100 גרם,false,12,24.90,8.6458,true,1,142339
5000159376655,false,סוכריות סקיטלס פירות,,,"סוכריות ""סקיטלס"" פירות 38 גר",גרמים,38.00,100 גרם,false,1,2.90,7.6316,true,1,127016
5000159376792,false,סוכריות סקיטלס חמוץ,,,"סוכריות ""סקיטלס"" חמוץ 38 גר",גרמים,38.00,100 גרם,false,1,2.90,7.6316,true,1,127017
5000159407236,false,חטיף מרס 51 גר,,,חטיף מרס 51 גר,גרמים,51.00,100 גרם,false,1,3.90,7.6471,true,1,121630
5000159459228,false,חטיף טוויקס 50 גר,,,חטיף טוויקס 50 גר,גרמים,50.00,100 גרם,false,1,3.90,7.8000,true,1,126474
5000159461122,false,חטיף סניקרס 50 גר,,,חטיף סניקרס 50 גר,גרמים,50.00,100 גרם,false,1,3.90,7.8000,true,1,126473
5000159461412,false,מארז מילקי ווי חטיף,,,מארז מילקי ווי חטיף נוגט וקרמל,Unknown,0.00,Unknown,false,1,9.90,0.0000,true,1,165974
5000159483063,false,גלידה באונטי שמנת שי,,,שישיית גלידה באונטי 234 גר,גרמים,234.00,100 גרם,false,12,24.90,10.6410,true,1,143480
5000159500692,false,בקבוק סלבריישן 312 ג,,,בקבוק סלבריישן 312 גר,גרמים,312.00,100 גרם,false,1,29.90,9.5833,true,1,161199
5000159538626,false,מאגדת שוקולד טוויקס,מרס,NL,מאגדת שוקולד טוויקס חמישייה,גרמים,250.00,100 גרם,false,18,10.90,4.3600,true,1,163523
5000159541152,false,חטיף טוויקס לבן 46 ג,,,חטיף טוויקס לבן 46 גר,גרמים,46.00,100 גרם,false,30,3.90,8.4783,true,1,168441
5000159541459,false,גלידת מרס שמנת עם קר,,,גלידת מרס שמנת עם קרמל מצופה 250 גר,גרמים,250.00,100 גרם,false,1,24.90,9.9600,true,1,173517
5000168199245,false,שוקולד גודיבה חלב מע,,,שוקולד גודיבה חלב מעולה עם חתיכות קרמל,גרמים,90.00,100 גרם,false,10,14.90,16.5556,true,1,146386
5000204048803,false,קיווי לניקוי נעלי ספ,,,קיווי לניקוי נעלי ספורט 75 מל,מיליליטרים,75.00,"100 מ""ל",false,1,17.90,23.8667,true,1,166325
5000204114867,false,גלייד ארוסול בניחוח,coster aerosol vail,,גלייד אירוסול בניחוח וניל,מיליליטרים,300.00,"100 מ""ל",false,1,8.90,2.9667,true,1,154962
5000204114959,false,גלייד ארוסול בניחוח,coster aerosol vail,,גלייד ארוסול בניחוח פריחה בלבן,מיליליטרים,300.00,"100 מ""ל",false,1,8.90,2.9667,true,1,154966
5000204196894,false,מילוי נוזל רייד אקלי,,,מילוי נוזל רייד אקליפטוס 45 לילות 36 מל,מיליליטרים,36.00,"100 מ""ל",false,24,14.90,41.3889,true,1,164584
5000204196924,false,נוזל מילוי להרחקת ית,SC Jonson,,רייד נוזל מילוי זוג 90 לילות,Unknown,0.00,Unknown,false,1,29.90,0.0000,true,1,164582
5000204220933,false,רייד קוטל מעופפים אי,SC Jonson,NL,רייד קוטל מעופפים אירוסול אקליפטוס 300 מ,מיליליטרים,300.00,"100 מ""ל",false,12,15.90,5.3000,true,1,169741
5000204657883,false,משחה לצחצוח נעליים ח,SC Jonson,,משחה לצחצוח נעליים ח,גרמים,44.00,100 גרם,false,1,6.90,15.6818,true,1,126763
5000204658125,false,קראון חום חדש 75 מל,SC Jonson,,"קראון חום חדש 75 מ""ל",מיליליטרים,75.00,"100 מ""ל",false,1,14.90,19.8667,true,1,126760
5000267014203,false,ויסקי גוני ווקר אדום,,,ויסקי JW,מיליליטרים,700.00,"100 מ""ל",false,1,79.90,11.4143,true,1,121633
5000267024202,false,ויסקי גוני ווקר בלאק,,,"ג""וני ווקר שחור",מיליליטרים,700.00,"100 מ""ל",false,1,124.90,17.8429,true,1,121634
5000267116426,false,ויסקי גיוני ווקר דאב,,,"ויסקי ""גיוני ווקר"" דאבל בלאק 700 מל",מיליליטרים,700.00,"100 מ""ל",false,1,159.90,22.8429,true,1,126634
5000267117560,false,ויסקי גולד לייבל רזר,,,"ויסקי ""גיוני ווקר"" גולד ריזרב 700 מ""ל",מיליליטרים,700.00,"100 מ""ל",false,1,189.90,27.1286,true,1,132743
5000281040899,false,רום קפטן מורגן ווייט,,,רום קפטן מורגן ווייט 700 מל,מיליליטרים,700.00,"100 מ""ל",false,6,99.90,14.2714,true,1,161146
5000289925440,false,גין גורדון 700 מל,,,"גין גורדון 700 מ""ל",מיליליטרים,700.00,"100 מ""ל",false,1,89.90,12.8429,true,1,135641
5000289929417,false,גין גורדון פינק 700,,,גין גורדון פינק 700 מל,מיליליטרים,700.00,"100 מ""ל",false,1,89.90,12.8429,true,1,159140
5000299223031,false,רום קפטיין מורגן ספי,,,רום קפטיין מורגן ספייסד 750מל,מיליליטרים,750.00,"100 מ""ל",false,1,99.90,13.3200,true,1,128120
5000299629253,false,מארז ויסקי בלנטיינס,,,מארז ויסקי בלנטיינס 700 מל+2 כוסות,מיליליטרים,700.00,"100 מ""ל",false,1,89.90,12.8429,true,1,169926
5000394140820,false,סוללות דורסל AA פלוס,,,סוללות דורסל AA פלוס פאור שישייה,Unknown,0.00,Unknown,false,1,18.90,0.0000,true,1,166412
5000394141209,false,סוללות דורסל AAA פלו,,,סוללות דורסל AAA פלוס פאור שישייה,Unknown,0.00,Unknown,false,1,18.90,0.0000,true,1,166413
5000396037531,false,ביסקוויט מקוויטיס מצ,ברנדס סרטרה נשיונל,,ביסקוויט מקוויטיס מצופה שוקולד חלב 200 ג,גרמים,200.00,100 גרם,false,1,9.90,4.9500,true,1,138840
5000396037944,false,ביסקוויט מקוויטיס קל,ברנדס סרטרה נשיונל,,ביסקוויט מקוויטיס קלאסי 250 גר,גרמים,250.00,100 גרם,false,1,9.90,3.9600,true,1,138838
5010182996799,false,גל אסלה טואלט דאק 55,DEOFLOR,,"ג""ל אסלה ""טואלט דאק""",מיליליטרים,55.00,"100 מ""ל",false,1,9.90,18.0000,true,1,121638
5010182996805,false,מונע עש מעורב רייד,,,מונע עש מעורב רייד,Unknown,0.00,Unknown,false,1,11.90,0.0000,true,1,148992
5010182997680,false,קוטל נמלים 2 ב-1 ריי,SC Jonson,,"ארוסול ""רייד"" קוטל נ",מיליליטרים,300.00,"100 מ""ל",false,1,15.90,5.3000,true,1,121643
5010314302863,false,ויסקי מקאלן דאבל 12,,,ויסקי מקאלן דאבל 12 שנים 700 מל,מיליליטרים,700.00,"100 מ""ל",false,12,299.90,42.8429,true,1,162103
5010327000046,false,ויסקי גרנטס 700 מל ב,ויליאם גראנט,,וויסקי גרנטיס באריזת,מיליליטרים,700.00,"100 מ""ל",false,1,79.90,11.4143,true,1,121648
5010327105215,false,ויסקי מנקיי שולדר 70,ויליאם גראנט,,וויסקי מוניק שולדר 0.7ל,מיליליטרים,700.00,"100 מ""ל",false,1,149.90,21.4143,true,1,127275
5010327399614,false,ויסקי גלנפידיך 12 שנ,ויליאם גראנט,,ויסקי גלנפידיך 12 שנה אמריקן אוק 700 מל,מיליליטרים,700.00,"100 מ""ל",false,1,179.90,25.7000,true,1,172420
5010327755014,false,גין הנדריקס 700 מל,,,"גין הנדריקס 700 מ""ל",מיליליטרים,700.00,"100 מ""ל",false,1,169.90,24.2714,true,1,154877
5010394984584,false,מזון לכלבים פדיגרי ד,,,"מזון לכלבים ""פדיגרי"" דנטה סטיקס 180 גר",גרמים,180.00,100 גרם,false,10,15.90,8.8333,true,1,126813
5010494560282,false,ויסקי גלנמורנגי אורי,גלנמורנג'י,,וויסקי גלנמורנגי אוריגינל 10 שנים 700 מל,מיליליטרים,700.00,"100 מ""ל",false,1,149.90,21.4143,true,1,130890
5010504100149,false,ויסקי קאטי סארק סטור,,,"ויסקי קאטי סארק סטורם 700 מ""ל",מיליליטרים,700.00,"100 מ""ל",false,1,114.90,16.4143,true,1,137118
5010677551281,false,בקרדי בריזר לימון 27,,,בקרדי בריזר לימון 275 מל,מיליליטרים,275.00,"100 מ""ל",false,1,14.90,5.4182,true,1,121658
5010677552387,false,בקרדי בריזר אננס 275,,,בקרדי בריזר אננס 275,מיליליטרים,275.00,"100 מ""ל",false,1,14.90,5.4182,true,1,121660
5010677714006,false,גין בומביי ספייר 700,,,"גין בומביי ספייר 700 מ""ל",מיליליטרים,700.00,"100 מ""ל",false,1,129.90,18.5571,true,1,140740
5010677850100,false,וודקה גריי גוס 700 מ,בקרדי מרטיני,FR,"וודקה גריי גוס 700 מ""ל",מיליליטרים,700.00,"100 מ""ל",false,6,119.90,17.1286,true,1,150419
5010852000917,false,ויסקי בארקליס 700 מל,CAMPBELL MEYER,,וויסקי בארקליס 0.7 ל,מיליליטרים,700.00,"100 מ""ל",false,1,64.90,9.2714,true,1,121662
5010867400054,false,יין פורט טאוני לבן 7,,,"יין פורט טאוני לבן 750 מ""ל",מיליליטרים,750.00,"100 מ""ל",false,1,69.90,9.3200,true,1,135634
5011007003005,false,ויסקי גיימסון 700 מל,,,"ויסקי ג""יימסון 0.7 ל",מיליליטרים,700.00,"100 מ""ל",false,1,99.90,14.2714,true,1,121663
5011013100132,false,ליקר אייריש קרם בייל,,,"אייריש קרים ""בייליס""",מיליליטרים,750.00,"100 מ""ל",false,1,89.90,11.9867,true,1,121664
5011013500680,false,ליקר שרידנס 700 מל,,,ליקר שרידנס 700 מל,מיליליטרים,700.00,"100 מ""ל",false,1,89.90,12.8429,true,1,128024
5011013500703,false,ליקר שרידנס 700 מל,,,ליקר שרידנס 700 מל,מיליליטרים,700.00,"100 מ""ל",false,1,89.90,12.8429,true,1,169063
5011026108033,false,ויסקי טולמור דיו 700,טולמור דיו,,וויסקי טולמור דיו 0.7ל,מיליליטרים,700.00,"100 מ""ל",false,1,89.90,12.8429,true,1,127270
5011157630281,false,אורז טילדה בסמטי 1 ק,TILDA,,אורז טילדה בסמטי 1קג,קילוגרמים,1.00,"ק""ג",false,1,24.90,24.9000,true,1,121665
5011166055709,false,ויסקי אירי פוגס 700,,,ויסקי אירי פוגס 700 מל,מיליליטרים,700.00,"100 מ""ל",false,1,89.90,12.8429,true,1,163017
5011166059745,false,ויסקי פוגס סינגל מאל,,,ויסקי אירי סינגל מאלט פוגס 700 מל,מיליליטרים,700.00,"100 מ""ל",false,1,114.90,16.4143,true,1,163018
5011311250546,false,ויסקי קנט 700 מל,WM Maxwell,,ויסקי קנט 0.7 ליטר,מיליליטרים,700.00,"100 מ""ל",false,1,74.90,10.7000,true,1,121668
5011348010335,false,בירה גינגר בירד 500,Wychwood,,"בירה גינגר בירד 500 מ""ל",מיליליטרים,500.00,"100 מ""ל",false,1,16.90,3.3800,true,1,129881
5011348015194,false,בירה הובגובלין גולד,,,"בירה הובגובלין גולד 500 מ""ל",מיליליטרים,500.00,"100 מ""ל",false,1,16.90,3.3800,true,1,137765
5011348019918,false,בירה דריי נאק 500 מל,Wychwood,,בירה דריי נאק 500 מל,מיליליטרים,500.00,"100 מ""ל",false,8,16.80,3.3600,true,1,160115
5014271300429,false,מעדן סנט דלפור משמש,סאנטדלפור,,"מעדן ""סנט דלפור"" משמ",גרמים,284.00,100 גרם,false,1,19.90,7.0070,true,1,121676
5014271310428,false,מעדן סנט דלפור דובדב,סאנטדלפור,,"מעדן ""סנט דלפור"" דוב",גרמים,284.00,100 גרם,false,1,19.90,7.0070,true,1,121677
5014271330426,false,מעדן סנט דלפור אוכמנ,סאנטדלפור,,"מעדן ""סנט דלפור"" אוכ",גרמים,284.00,100 גרם,false,1,19.90,7.0070,true,1,121678
5014271350424,false,מעדן סנט דלפור ארבע,סאנטדלפור,,"מעדן ""סנט דלפור"" ארב",גרמים,284.00,100 גרם,false,1,19.90,7.0070,true,1,123509
5014271400426,false,מעדן סנטדלפור תות 28,סאנטדלפור,,"מעדן ""סנטדלפור"" תות 284 גר",גרמים,284.00,100 גרם,false,1,19.90,7.0070,true,1,123514
5016840000211,false,ויסקי היי קומישיונר,,,ויסקי היי קומישנר,מיליליטרים,700.00,"100 מ""ל",false,1,59.90,8.5571,true,1,152011
5021349103103,false,ויסקי סקוטי פרקרס 40,,,ויסקי סקוטי פרקרס 40% 1 ל,ליטרים,1.00,ליטר,false,1,89.90,89.9000,true,1,162977
5021349700098,false,ויסקי טומינטול פיטי,טילינג,,"וויסקי טומינטול פיטי טאנג 700 מ""ל",מיליליטרים,700.00,"100 מ""ל",false,1,159.90,22.8429,true,1,121680
5024546356587,false,ויסקי מקניש 1 ל,,,ויסקי מקניש 1 ל,מיליליטרים,1000.00,"100 מ""ל",false,1,99.90,9.9900,true,1,123523
5024546366630,false,ויסקי סקוטש לאודרס 1,,,"וויסקי ""סקוטש לאודרס",מיליליטרים,1000.00,"100 מ""ל",false,1,99.90,9.9900,true,1,123526
5029053510811,false,תחבושות נורמל פלוס ע,KC Turkey,,"תחבושות ""קוטקס"" נורמ",Unknown,0.00,Unknown,false,1,15.90,0.0000,true,1,123538
5029053510828,false,תחבושות קוטקס אולטרא,KC Turkey,,"תחבושות ""קוטקס"" סופר",Unknown,0.00,Unknown,false,1,15.90,0.0000,true,1,123539
5029053523446,false,תחבושות קוטקס אולטרא,KC Turkey,,"תחבושות ""קוטקס"" נייט",Unknown,0.00,Unknown,false,1,15.90,0.0000,true,1,123540
5029053535210,false,טמפונים עם מוליך פלס,KC Czech,,"טמפון ""קוטקס"" מיני ע",Unknown,0.00,Unknown,false,1,21.90,0.0000,true,1,123544
5035766060253,false,בירה מרפיס סטאוט 500,,,"בירה מרפיס סטאוט 500 מ""ל",מיליליטרים,500.00,"100 מ""ל",false,1,12.90,2.5800,true,1,123548
5050083302862,false,דגני בוקר קלוגס פופס,,,דגני בוקר קלוגס פופס עם דבש 375 גר,גרמים,375.00,100 גרם,false,1,18.90,5.0400,true,1,165392
5051225005726,true,גבינה צדר קואסטל 360,,,גבינה צדר קואסטל 360 גר,גרמים,360.00,100 גרם,false,1,39.90,11.0833,true,1,137885
5053827109307,false,דגני בוקר קלוגס ספיי,,,דגני בוקר קלוגס ספיישל קי קלאסיק 300 גר,גרמים,300.00,100 גרם,false,1,18.90,6.3000,true,1,165389
5053827191753,false,דגני בוקר קלוגס 8 וו,,,דגני בוקר קלוגס 8 ווראייטי 190 גר,גרמים,190.00,100 גרם,false,24,18.90,9.9474,true,1,172275
5055966801005,false,ויסקי בושמילס אוריגי,אלב בושמילס,,"וויסקי אירי בושמילס אוריגינל 700 מ""ל",מיליליטרים,700.00,"100 מ""ל",false,1,99.90,14.2714,true,1,130419
5055966810014,false,ויסקי בושמילס בלאק ב,אלב בושמילס,,"וויסקי אירי בושמילס בלאק בוש 700 מ""ל",מיליליטרים,700.00,"100 מ""ל",false,1,119.90,17.1286,true,1,130420
5056235609230,false,בצל קצוץ טבעוני מטוג,,,בצל קצוץ טבעוני מטוגן מקורמל 425 גר,גרמים,425.00,100 גרם,false,1,10.90,2.5647,true,1,169556
5056235610052,false,בצל קצוץ טבעוני מוזה,,,בצל קצוץ טבעוני מוזהב 425 גר,גרמים,425.00,100 גרם,false,1,10.90,2.5647,true,1,169555
5060045588128,false,גים בים לבן כשר 700,בים סנטורי,,"גים בים לבן כשר 700 מ""ל",מיליליטרים,700.00,"100 מ""ל",false,1,99.90,14.2714,true,1,142547
5060045590190,false,ויסקי גים בים דבש 70,בים סנטורי,,ויסקי גים בים דבש 700 מל,מיליליטרים,700.00,"100 מ""ל",false,1,99.90,14.2714,true,1,164861
5060045590213,false,ויסקי גים בים תפוח 7,בים סנטורי,,ויסקי גים בים תפוח 700 מל,מיליליטרים,700.00,"100 מ""ל",false,1,99.90,14.2714,true,1,164860
5060045590275,false,ויסקי גים בים רד סטא,בים סנטורי,,ויסקי גים בים רד סטאג 700 מל,מיליליטרים,700.00,"100 מ""ל",false,1,99.90,14.2714,true,1,165112
5060108450003,false,מי טוניק פיבר טריי 2,,,מי טוניק פיבר טריי 200 מל,מיליליטרים,200.00,"100 מ""ל",false,1,7.90,3.9500,true,1,162611
5060250343741,false,הרשיז ראונדס קוקיס א,,,הרשיז ראונדס קוקיס אנד קרים 6 יח 96 גר,גרמים,96.00,100 גרם,false,1,10.90,11.3542,true,1,171026
5060250343765,false,ריסז ראונדס בוטנים 6,,,ריסז ראונדס בוטנים 6 יח 96 גר,גרמים,96.00,100 גרם,false,1,10.90,11.3542,true,1,171027
5060465390004,false,בירה סקיני ללא גלוטן,סקיני ברנדס,GB,"בירה סקיני ללא גלוטן 330 מ""ל",מיליליטרים,330.00,"100 מ""ל",false,24,10.90,3.3030,true,1,146306
5060517886486,false,משקה אנרגיה מונסטר פ,,RS,"משקה אנרגיה מונסטר פחית 500 מ""ל",מיליליטרים,500.00,"100 מ""ל",false,24,7.90,1.5800,true,1,155593
5060517886516,false,משקה אנרגיה מונסטר ז,,RS,"משקה אנרגיה מונסטר זירו פחית 500 מ""ל",מיליליטרים,500.00,"100 מ""ל",false,24,7.90,1.5800,true,1,155594
5060639128051,false,משקה אנרגיה מונסטר א,,RS,"משקה אנרגיה מונסטר אולטרה פחית 500 מ""ל",מיליליטרים,500.00,"100 מ""ל",false,24,7.90,1.5800,true,1,159139
5060639129102,false,משקה אנרגיה מונסטר מ,,RS,משקה אנרגיה מונסטר מנגו פחית 500 מל,מיליליטרים,500.00,"100 מ""ל",false,24,7.90,1.5800,true,1,161712
5060751218173,false,משקה אנרגיה מונסטר פ,,RS,משקה אנרגיה מונסטר פחית 500 מל,מיליליטרים,500.00,"100 מ""ל",false,24,7.90,1.5800,true,1,170768
5060751219033,false,משקה אנרגיה מונסטר א,,RS,משקה אנרגיה מונסטר אולטרה פחית 500 מל,מיליליטרים,500.00,"100 מ""ל",false,24,7.90,1.5800,true,1,170936
5099873017623,false,ויסקי גיק דניאלס טנס,,,וויסקי גיק דניאלס טנסי אפל 700 מל,מיליליטרים,700.00,"100 מ""ל",false,6,109.90,15.7000,true,1,161155
5200100943749,false,עוגיות סנדוויץ שיבול,,,עוגיות סנדוויץ שיבולת שועל קרם חמאת בוטנ,גרמים,180.00,100 גרם,false,12,10.90,6.0556,true,1,162344
5200100943763,false,עוגיות סנדוויץ שיבול,,,עוגיות סנדוויץ שיבולת שועל קרם טחינה 180,גרמים,180.00,100 גרם,false,12,10.90,6.0556,true,1,162345
5200100943787,false,עוגיות סנדוויץ שיבול,,,עוגיות סנדוויץ שיבולת שועל קרם שוקולד מר,גרמים,180.00,100 גרם,false,12,10.90,6.0556,true,1,162346
5200100943824,false,עוגיות סובין במילוי,,,עוגיות סובין במילוי קרם טחינה 170 גר,גרמים,170.00,100 גרם,false,12,10.90,6.4118,true,1,162348
5200106871121,false,יוגורט יווני 1 קג,,,"יוגורט יווני 1 ק""ג",קילוגרמים,1.00,"ק""ג",false,1,29.90,29.9000,true,1,149895
5200106871251,false,יוגורט יווני 350 גר,,,יוגורט יווני 350 גר,גרמים,350.00,100 גרם,false,1,11.90,3.4000,true,1,149894
5200133120476,false,גליליות וופלים אגוזי,,,גליליות וופלים אגוזים קקאו גולדן ברייק,גרמים,400.00,100 גרם,false,1,16.90,4.2250,true,1,142584
5201003110702,false,אוזו 12 700 מל,,,"אוזו 12 700 מ""ל",מיליליטרים,700.00,"100 מ""ל",false,1,89.90,12.8429,true,1,123558
5201004020338,false,וופל רולס קפריס קלאס,,,וופל רולס קפריס קלאסיק 400 גר,גרמים,400.00,100 גרם,false,1,19.90,4.9750,true,1,149639
5201178801054,false,ניוואה קרם רב שימושי,,,ניוואה קרם רב שימושי 250 מל,מיליליטרים,250.00,"100 מ""ל",false,1,29.90,11.9600,true,1,159686
5201184053614,false,נר מספר דיסני ליום ה,סודי,,נר מספר דיסני ליום הולדת,Unknown,0.00,Unknown,false,1,6.90,0.0000,true,1,125155
5201184055656,false,משרוקית קטנה,פיאסטה,,משרוקית קטנה דיסני,Unknown,0.00,Unknown,false,1,6.90,0.0000,true,1,146831
5201184968505,false,קישוטי עוגה כדורסל ו,MIGHTY B.M,,קישוטי עוגה כדורסל ושחקנים,Unknown,0.00,Unknown,false,1,10.90,0.0000,true,1,134554
5201306803400,false,זיתים מושחרים 465 גר,אינטרקום יוון,,זיתים מושחרים 465 גר,גרמים,465.00,100 גרם,false,12,26.90,5.7849,true,1,123568
5201340003088,false,טונה מעושנת וקינואה,,,טונה מעושנת וקינואה 160 גר,גרמים,160.00,100 גרם,false,36,14.90,9.3125,true,1,167266
5201583042028,false,טופי פירות ללא סוכר,,,טופי פירות ללא סוכר,גרמים,175.00,100 גרם,false,1,12.90,7.3714,true,1,123569
5201940040117,false,זיתים ירוקים במלח 70,,,זיתים ירוקים במלח 700 גר,גרמים,700.00,100 גרם,false,6,18.90,2.7000,true,1,144047
5201940050123,false,זיתים ירוקים ללא גלע,,,זיתים ירוקים ללא גלעין במלח 700 גר,גרמים,700.00,100 גרם,false,6,18.90,2.7000,true,1,144046
5201940090082,false,זיתים מעורבים במלח 7,,,זיתים מעורבים במלח 710 גר,גרמים,710.00,100 גרם,false,1,18.90,2.6620,true,1,171674
5202175001515,false,ציפס נאצו מלוח 225 ג,,,ציפס נאצו מלוח 225 גר,גרמים,225.00,100 גרם,false,1,10.90,4.8444,true,1,139477
5202175001546,false,ציפס נאצו בטעם ברביק,,,ציפס נאצו בטעם ברביקיו 225 גר,גרמים,225.00,100 גרם,false,1,10.90,4.8444,true,1,139476
5202795080709,false,אוזו מטקסה 700 מל,רמי קואנטרו,,אוזו מטקסה 0.7 ל,מיליליטרים,700.00,"100 מ""ל",false,1,79.90,11.4143,true,1,125392
5202795120054,false,ברנדי יווני מטאקסה 5,רמי קואנטרו,,"ברנדי יווני ""מטאקסה""",מיליליטרים,700.00,"100 מ""ל",false,1,94.90,13.5571,true,1,123573
5202795130022,false,ברנדי מטאקסה 700 מל,רמי קואנטרו,,ברנדי מטאקסה 0.7ל,מיליליטרים,700.00,"100 מ""ל",false,1,119.90,17.1286,true,1,127277
5203197122028,false,גבינה מנורי יווני צא,,,גבינה מנורי יווני צאן 200 גר,גרמים,200.00,100 גרם,false,1,21.90,10.9500,true,1,170224
5208049001841,false,פאל מאל סלימס דמי קפ,,,פאל מאל סלימס דמי קפסולה,Unknown,0.00,Unknown,false,1,26.00,0.0000,false,1,152343
5208049004781,false,פאל מאל ברי דמי סלימ,,,פאל מאל ברי דמי סלימס,Unknown,0.00,Unknown,false,1,26.00,0.0000,false,1,165109
5208049006594,false,פאל מאל אקסטרה כחול,,,פאל מאל אקסטרה כחול,Unknown,0.00,Unknown,false,1,28.00,0.0000,false,1,172590
5208049006655,false,פאל מאל אקסטרה מנדרי,,,פאל מאל אקסטרה מנדרינה,Unknown,0.00,Unknown,false,1,28.00,0.0000,false,1,174455
5310115000228,false,עוגת רולדה בטעם תות,,,עוגת רולדה בטעם תות,גרמים,300.00,100 גרם,false,1,6.90,2.3000,true,1,123578
5310115000235,false,עוגת רולדה בטעם שוקו,,,עוגת רולדה בטעם שוקו,גרמים,300.00,100 גרם,false,1,6.90,2.3000,true,1,123579
5310115000501,false,בסיס לעוגה וניל 400,,,בסיס לעוגה וניל 400 גר,גרמים,400.00,100 גרם,false,1,13.90,3.4750,true,1,123581
5310115000518,false,בסיס לעוגה שוקו 400,,,בסיס לעוגה שוקו,גרמים,400.00,100 גרם,false,1,13.90,3.4750,true,1,123582
5310115001065,false,טרנצטו שמיניות 200 ג,,,"טרנצ""טו שמיניות 200",גרמים,200.00,100 גרם,false,1,6.90,3.4500,true,1,123583
5310115001072,false,עוגת טורטינה בטעם תו,,,"עוגת ""טורטינה"" בטעם",גרמים,200.00,100 גרם,false,1,6.90,3.4500,true,1,123584
5310115001096,false,עוגת טורטינה בטעם שו,,,"עוגת ""טורטינה"" בטעם",גרמים,200.00,100 גרם,false,1,6.90,3.4500,true,1,123585
5310115001324,false,עוגת רולדה בטעם אוכמ,,,עוגת רולדה בטעם אוכמ,גרמים,300.00,100 גרם,false,1,6.90,2.3000,true,1,123586
5319990225511,false,עוגת רולדה עם אגוזים,,,עוגת רולדה עם אגוזים,גרמים,300.00,100 גרם,false,1,6.90,2.3000,true,1,123587
5319990225528,false,עוגת רולדה בטעם קרמל,,,עוגת רולדה בטעם קרמל,גרמים,300.00,100 גרם,false,1,6.90,2.3000,true,1,123588
5319990225535,false,עוגת רולדה בטעם תות,,,עוגת רולדה בטעם תות,גרמים,300.00,100 גרם,false,1,6.90,2.3000,true,1,123589
5390424121845,false,ויסקי דה דאבלינר בור,,,ויסקי דה דאבלינר בורבון קאסק 700 מל,מיליליטרים,700.00,"100 מ""ל",false,1,99.90,14.2714,true,1,158637
5390683100711,false,מוליס אייריש קרים 1,,,מוליס אייריש קרים 1 ל,ליטרים,1.00,ליטר,false,12,109.90,109.9000,true,1,160959
5391523270021,false,ויסקי אירי טילינג סמ,טילינג,,"וויסקי אירי טילינג סמול באטש 700 מ""ל",מיליליטרים,700.00,"100 מ""ל",false,1,159.90,22.8429,true,1,132399
5391523277891,false,ויסקי טילינג סמול בא,,,ויסקי טילינג סמול באטש 700 מל +2 כוסות,מיליליטרים,700.00,"100 מ""ל",false,1,174.90,24.9857,true,1,166225
5391524713152,false,רום כהה אייט איילנדס,,,רום כהה אייט איילנדס 700 מל,מיליליטרים,700.00,"100 מ""ל",false,1,109.90,15.7000,true,1,164876
5400265022819,false,המלט דפדפי שוקולד קר,HAMLET NV,,המלט דפדפי שוקולד קר,גרמים,125.00,100 גרם,false,1,16.90,13.5200,true,1,123603
5400265024226,false,קופידו פרלינים בלגים,HAMLET NV,,קופידו-פרלינים בלגים,גרמים,150.00,100 גרם,false,1,18.90,12.6000,true,1,123606
5400265024240,false,קופידו פרלינים בלגים,HAMLET NV,,קופידו-פרלינים בלגים,גרמים,150.00,100 גרם,false,1,18.90,12.6000,true,1,123608
5400265037998,false,בובת סנטה המלט 125 ג,,,בובת סנטה המלט 125 גר,גרמים,125.00,100 גרם,false,1,18.90,15.1200,true,1,174439
5400265039732,false,בונבוניירה המלט פרלי,,,בונבוניירה המלט פרלינים קריסמס 500 גר,גרמים,500.00,100 גרם,false,1,99.90,19.9800,true,1,174438
5400265040776,false,שוקולד סנטה על מקל ה,,,שוקולד סנטה על מקל המלט 35 גר,גרמים,35.00,100 גרם,false,28,9.90,28.2857,true,1,167333
5410126006087,false,ביסקוויט לוטוס קרמל,,,"ביסקוויט ""לוטוס"" קרמל 700 גר",גרמים,700.00,100 גרם,false,1,21.90,3.1286,true,1,127100
5410126006377,false,עוגיות במילוי קרם ונ,,,עוגיות במילוי קרם וניל לוטוס 150 גר,גרמים,150.00,100 גרם,false,1,9.90,6.6000,true,1,164961
5410126106022,false,מארז חגים עוגיות לוט,,,מארז חגים עוגיות לוטוס 2*250,גרמים,500.00,100 גרם,false,,15.90,3.1800,true,1,158950
5410126106183,false,ביסקויט קרמל לוטוס 3,,,ביסקויט קרמל לוטוס 3,גרמים,312.00,100 גרם,false,1,15.90,5.0962,true,1,123612
5410126116953,false,ממרח עוגיות לוטוס קר,,,"ממרח עוגיות ""לוטוס"" קרמל 400 גר",גרמים,400.00,100 גרם,false,1,19.90,4.9750,true,1,125864
5410126716016,false,ביסקוויט בטעם קרמל ל,,,ביסקויט בטעם קרמל לו,גרמים,250.00,100 גרם,false,1,11.90,4.7600,true,1,123613
5410126726947,false,ממרח עוגיות לוטוס קר,,,ממרח עוגיות לוטוס קראנץי 380 גר,גרמים,380.00,100 גרם,false,1,19.90,5.2368,true,1,128030
5410228141785,false,בירה הוגרדן 330 מל,קרלסברג יבוא יצוא,,"בירה הוגרדן 330 מ""ל",מיליליטרים,330.00,"100 מ""ל",false,24,10.90,3.3030,true,1,123616
5410228146162,false,בירה לף בראון 330 מל,קרלסברג יבוא יצוא,,"בירה לף בראון 330 מ""ל",מיליליטרים,330.00,"100 מ""ל",false,1,10.90,3.3030,true,1,123621
5410228267515,false,בירה באדוויזר בק 330,,,"בירה באדוויזר בק 330 מ""ל שישייה",מיליליטרים,1980.00,"100 מ""ל",false,1,34.90,1.7626,true,1,154204
5410291021991,false,ממרח צוקטה אגוזי לוז,נטרה,,ממרח צוקטה אגוזי לוז עם קקאו 700 גר,גרמים,700.00,100 גרם,false,1,19.90,2.8429,true,1,132868
5410291022011,false,ממרח צוקטה אגוזי לוז,נטרה,,ממרח צוקטה אגוזי לוז עם קקאו 350 גר,גרמים,350.00,100 גרם,false,1,11.90,3.4000,true,1,132867
5410291022738,false,ממרח דואו צוקטה 350,,,ממרח דואו צוקטה 350 גר,גרמים,350.00,100 גרם,false,1,11.90,3.4000,true,1,164927
5410316983693,false,אייס סמירנוף,IBBLS,,אייס סמירנוף,מיליליטרים,275.00,"100 מ""ל",false,1,12.90,4.6909,true,1,123625
5410316994019,false,וודקה סמירנוף 700 מל,,,וודקה סמירנוף 0.7 ל,מיליליטרים,700.00,"100 מ""ל",false,1,54.90,7.8429,true,1,126356
5410358459347,false,מרשמלו האריבו ברביקי,,,מרשמלו האריבו ברביקיו 175 גר,גרמים,175.00,100 גרם,false,1,9.90,5.6571,true,1,171032
5410481080005,false,נוגט אגוזים ושקדים ק,,,נוגט אגוזים ושקדים קרלייר 100 גר,גרמים,100.00,100 גרם,false,1,13.90,13.9000,true,1,165378
5410481080012,false,נוגט שוקולד קרלייר 1,,,נוגט שוקולד קרלייר 100 גר,גרמים,100.00,100 גרם,false,1,13.90,13.9000,true,1,165379
5410481080098,false,נוגט פירות אקזוטיים,,,נוגט פירות אקזוטיים פרוסה קרלייר 150 גר,גרמים,150.00,100 גרם,false,1,21.90,14.6000,true,1,165386
5410481080104,false,נוגט פיסטוק פרוסה קר,,,נוגט פיסטוק פרוסה קרלייר 150 גר,גרמים,150.00,100 גרם,false,1,21.90,14.6000,true,1,165387
5410481080166,false,נוגט וניל עם שקדים ק,,,נוגט וניל עם שקדים קרלייר 100 גר,גרמים,100.00,100 גרם,false,1,13.90,13.9000,true,1,170644
5410481080173,false,נוגט שקדים וניל שוקו,,,נוגט שקדים וניל שוקולד קרלייר 100 גר,גרמים,100.00,100 גרם,false,1,13.90,13.9000,true,1,170645
5410658902413,false,קפסולות קפה פורטיסימ,,,קפסולות קפה פורטיסימו אספרסו 08,Unknown,0.00,Unknown,false,1,11.90,0.0000,true,1,140376
5410658902420,false,קפסולות קפה פורטיסימ,,,קפסולות קפה פורטיסימו ריסטרטו 10,Unknown,0.00,Unknown,false,1,11.90,0.0000,true,1,140375
5410658902437,false,קפסולות קפה פורטיסימ,,,קפסולות קפה פורטיסימו לונגו פורטה 07,Unknown,0.00,Unknown,false,1,11.90,0.0000,true,1,140377
5410658902444,false,קפסולות קפה פורטיסימ,,,קפסולות קפה פורטיסימו לונגו קלאסיק 04,Unknown,0.00,Unknown,false,1,11.90,0.0000,true,1,140378
5410658902819,false,קפסולות קפה פורטיסימ,,,קפסולות קפה פורטיסימו ריסטרטו 12,Unknown,0.00,Unknown,false,1,11.90,0.0000,true,1,143575
5410769100098,false,בירה לה שוף בק 750 מ,,,"בירה לה שופ 0.75ל""",מיליליטרים,750.00,"100 מ""ל",false,1,29.90,3.9867,true,1,123627
5410769200088,false,בירה מק שוף 330 מל,,,"בירה מק שוף 330 מ""ל",מיליליטרים,330.00,"100 מ""ל",false,1,13.90,4.2121,true,1,135531
5410769800097,false,בירה צרי שוף 8% 330,,,"בירה צרי שוף 8% 330 מ""ל",מיליליטרים,330.00,"100 מ""ל",false,1,13.90,4.2121,true,1,137860
5410769800554,false,בירה צרי שוף בק 750,,,"בירה צרי שוף בק 750 מ""ל",מיליליטרים,750.00,"100 מ""ל",false,1,29.90,3.9867,true,1,151155
5410976823018,false,גיליאן שוקולד מריר פ,,,גיליאן שוקולד מריר פטל 100 גר,גרמים,100.00,100 גרם,false,1,14.90,14.9000,true,1,156664
5411081003661,false,בירה קסטיל רוז 750 מ,מבשלת קסטל ואן הונסב,,"בירה קסטיל רוז 750 מ""ל",מיליליטרים,750.00,"100 מ""ל",false,1,32.90,4.3867,true,1,123632
5411188081852,false,משקה סויה אלפרו וניל,ALPRO,,חלב סויה וניל 1 ל,ליטרים,1.00,ליטר,false,1,12.90,12.9000,true,1,127851
5411188094159,false,מעדן סויה אלפרו שוקו,ALPRO,,"רביעיית מעדן סויה ""א",גרמים,500.00,100 גרם,false,6,15.90,3.1800,true,1,123634
5411188110835,false,משקה שקדים אלפרו 1 ל,ALPRO,,חלב שקדים אלפרו 1 לי,ליטרים,1.00,ליטר,false,1,12.90,12.9000,true,1,126596
5411188112709,false,משקה אלפרו שקדים ללא,ALPRO,,אלפרו משקה שקדים ללא סוכר,ליטרים,1.00,ליטר,false,1,12.90,12.9000,true,1,133361
5411188115366,false,משקה שיבולת שועל אלפ,ALPRO,,"משקה שיבולת שועל ""אלפרו"" 1 ל",ליטרים,1.00,ליטר,false,1,12.90,12.9000,true,1,127884
5411188115434,false,משקה אלפרו בריסטה סו,ALPRO,,משקה אלפרו בריסטה סויה 1 ל,גרמים,141.00,100 גרם,false,1,12.90,9.1489,true,1,169237
5411188115472,false,משקה סויה אלפרו 1 ל,ALPRO,,משקה סויה אלפרו 1 ל,ליטרים,1.00,ליטר,false,1,12.90,12.9000,true,1,158974
5411188121978,false,משקה סויה אלפרו 250,ALPRO,,"משקה סויה אלפרו 250 מ""ל שלישייה",מיליליטרים,750.00,"100 מ""ל",false,1,13.90,1.8533,true,1,139120
5411188124689,false,משקה שיבולת שועל ללס,ALPRO,,משקה שיבולת שועל ללס אלפרו 1 ל,ליטרים,1.00,ליטר,false,8,12.90,12.9000,true,1,159645
5411188134985,false,משקה שיבולת שועל 3.5,,,משקה שיבולת שועל 3.5% אלפרו 1 ל,ליטרים,1.00,ליטר,false,1,13.90,13.9000,true,1,166110
5411188135005,false,משקה שיבולת שועל 1.8,,,משקה שיבולת שועל 1.8% אלפרו 1 ל,ליטרים,1.00,ליטר,false,1,13.90,13.9000,true,1,166111
5411188543398,false,משקה סויה אלפרו ללא,ALPRO,,משקה סויה אלפרו ללא סוכר 1 ל,ליטרים,1.00,ליטר,false,1,12.90,12.9000,true,1,158975
5411223100920,false,בירה לינדמנס קריק דו,,,"בירה לינדמנס קריק דובדבן 750 מ""ל",מיליליטרים,750.00,"100 מ""ל",false,1,29.90,3.9867,true,1,158896
5411616002190,false,בירה מרטנס חזק 500 מ,,,בירה מרטנס חזק 500מל,מיליליטרים,500.00,"100 מ""ל",false,1,7.90,1.5800,true,1,129445
5411616133245,false,בירה מרטנס ירוק 500,,,"בירה ""מרטנס ירוק"" 50",מיליליטרים,500.00,"100 מ""ל",false,1,7.90,1.5800,true,1,123636
5411616148546,false,בירה מרטנס גולד 500,,,"בירה ""מרטנס גולד"" 50",מיליליטרים,500.00,"100 מ""ל",false,1,7.90,1.5800,true,1,123637
5411686700118,false,בירה ליפמנס און דה ר,אודנרד,,"בירה ליפמנס און דה רוקס 250 מ""ל",מיליליטרים,250.00,"100 מ""ל",false,1,13.90,5.5600,true,1,132160
5412956120162,false,מקל סנטה קריסמס 100,,,מקל סנטה קריסמס 100 גר,גרמים,100.00,100 גרם,false,1,24.90,24.9000,true,1,174083
5412956214519,false,שוקולד מריר תפוז ושק,,,שוקולד מריר תפוז ושקדים קאשט 100 גר,גרמים,100.00,100 גרם,false,1,9.90,9.9000,true,1,143607
5412956214526,false,שוקולד מריר אגס ושקד,,,שוקולד מריר אגס ושקדים קאשט 100 גר,גרמים,100.00,100 גרם,false,1,9.90,9.9000,true,1,143604
5412956214533,false,שוקולד מריר לימון ופ,,,שוקולד מריר לימון ופלפל שחור קאשט 100 גר,גרמים,100.00,100 גרם,false,1,9.90,9.9000,true,1,143605
5412956214540,false,שוקולד מריר גינגר וא,,,שוקולד מריר גינגר ואוכמניות קאשט 100 גר,גרמים,100.00,100 גרם,false,1,9.90,9.9000,true,1,143606
5413121355082,false,שוקולד בלגי פרסטיז מ,BCG,,"פרסטיז"" שוקולד בלגי",גרמים,100.00,100 גרם,false,1,12.90,12.9000,true,1,123649
5413121355105,false,שוקולד בלגי פרסטיז ח,BCG,,"פרסטיז"" שוקולד בלגי",גרמים,100.00,100 גרם,false,1,12.90,12.9000,true,1,123651
5413121355143,false,שוקולד בלגי לבן משוב,BCG,,"פרסטיז"" שוקולד בלגי",גרמים,100.00,100 גרם,false,1,12.90,12.9000,true,1,123652
5413121356737,false,שוקולד מריר בלגי ללא,BCG,,"בלג""יאן שוקולד בלגי",גרמים,100.00,100 גרם,false,1,14.90,14.9000,true,1,123653
5413121356829,false,שוקולד חלב ללא סוכר,BCG,,"בלג""יאן שוקולד בלגי",גרמים,100.00,100 גרם,false,1,14.90,14.9000,true,1,123654
5413121359769,false,בונ צדפי שוקולד בלגי,BCG,,"צדפי שוקולד בלגי ""בל",גרמים,195.00,100 גרם,false,1,16.90,8.6667,true,1,123659
5413121363513,false,שוקולד מריר בלגיאן ד,BCG,,שוקולד מריר בלגיאן דובדבן 100 גר,גרמים,100.00,100 גרם,false,1,12.90,12.9000,true,1,138246
5413121365616,false,בלגיאן שוקולד מריר מ,BCG,,בלגיאן שוקולד מריר משובח 90% 100 גר,גרמים,100.00,100 גרם,false,1,12.90,12.9000,true,1,149583
5413149655522,false,אבקת כביסה אריאל 1.2,,,אבקת כביסה אריאל שוש,קילוגרמים,1.25,"ק""ג",false,1,14.90,11.9200,true,1,123661
5413149922907,false,אבקת כביסה אריאל 5 ק,,,אבקת כביסה אריאל 5 קג,קילוגרמים,5.00,"ק""ג",false,1,39.90,7.9800,true,1,123663
5413149922938,false,אבקת כביסה אריאל 5 ק,,,"אבקת כביסה ""אריאל"" ש",קילוגרמים,5.00,"ק""ג",false,1,39.90,7.9800,true,1,123664
5413165430226,true,קפה קלוי וטחון בטעם,,,קפה קלוי וטחון בטעם אייריש קרים 125 גר,גרמים,125.00,100 גרם,false,1,25.90,20.7200,true,1,159481
5413165430332,true,קפה קלוי וטחון בטעם,,,קפה קלוי וטחון בטעם טירמיסו 125 גר,גרמים,125.00,100 גרם,false,1,25.90,20.7200,true,1,159484
5413165430660,true,קפה קלוי וטחון בטעם,,,קפה קלוי וטחון בטעם דובדבן 125 גר,גרמים,125.00,100 גרם,false,1,25.90,20.7200,true,1,159477
5413165430684,true,קפה קלוי וטחון בטעם,,,קפה קלוי וטחון בטעם קרמל 125 גר,גרמים,125.00,100 גרם,false,1,25.90,20.7200,true,1,159479
5413548040479,false,בונבוניירה רפאלו 240,,,"בונבוניירה ""רפאלו"" 240 גר",גרמים,240.00,100 גרם,false,1,24.90,10.3750,true,1,123666
5414145035585,false,ויסקי בורבון קנטקי ג,סודיקו,US,וויסקי קנטוקי גיק 0.7ל,מיליליטרים,700.00,"100 מ""ל",false,6,74.90,10.7000,true,1,145762
5414145035622,false,ויסקי בורבון קנטקי ג,סודיקו,US,וויסקי קנטוקי גיק 1ל,מיליליטרים,1000.00,"100 מ""ל",false,6,99.90,9.9900,true,1,145763
5414359811210,false,ציפס מלח ים 150 גר ח,ROGER&ROGER,BE,ציפס מלח ים 150 גר חום,גרמים,150.00,100 גרם,false,9,9.90,6.6000,true,1,144608
5414359898679,false,ציפס צילי אדום 150 ג,ROGER&ROGER,BE,ציפס צילי 150 גר אדום,גרמים,150.00,100 גרם,false,9,9.90,6.6000,true,1,144611
5414359898686,false,ציפס חמוץ מלוח 150 ג,ROGER&ROGER,BE,ציפס חמוץ מלוח 150 גר כחול,גרמים,150.00,100 גרם,false,9,9.90,6.6000,true,1,144610
5420066330210,false,טרופל ביאנקה קקאו בא,Chocolate Q,,טרופל ביאנקה קקאו באריזת כסף 175 גר,גרמים,175.00,100 גרם,false,1,14.90,8.5143,true,1,130445
5420066370001,false,טרופל בלגי קרמל 150,,,טרופל בלגי קרמל 150 גר,גרמים,150.00,100 גרם,false,1,14.90,9.9333,true,1,133724
5420066370025,false,טרופל בלגי קפה 150 ג,,,טרופל בלגי קפה 150 גר,גרמים,150.00,100 גרם,false,1,14.90,9.9333,true,1,133723
5420066370032,false,טרופל בלגי מריר 150,,,טרופל בלגי מריר 150 גר,גרמים,150.00,100 גרם,false,1,14.90,9.9333,true,1,133720
5420066370049,false,טרופל בלגי תפוז 150,,,טרופל בלגי תפוז 150 גר,גרמים,150.00,100 גרם,false,1,14.90,9.9333,true,1,133725
5420066370384,false,טרופל בלגי אגוזים 15,,,טרופל בלגי אגוזים 150 גר,גרמים,150.00,100 גרם,false,1,14.90,9.9333,true,1,133722
5420066389010,false,שוקולד חלב עם קרמל ו,,,שוקולד חלב עם קרמל ומלח ים 150 גר,גרמים,150.00,100 גרם,false,1,14.90,9.9333,true,1,170310
5420066389034,false,שוקולד חלב עם חתיכות,,,שוקולד חלב עם חתיכות בראוני 150 גר,גרמים,150.00,100 גרם,false,1,14.90,9.9333,true,1,170308
5420066389058,false,שוקולד מריר 150 גר,,,שוקולד מריר 150 גר,גרמים,150.00,100 גרם,false,1,14.90,9.9333,true,1,170307
5420066389065,false,שוקולד מריר עם דובדב,,,שוקולד מריר עם דובדבן 150 גר,גרמים,150.00,100 גרם,false,1,14.90,9.9333,true,1,170306
5420066389072,false,שוקולד חלב עם חתיכות,,,שוקולד חלב עם חתיכות מרנג 150 גר,גרמים,150.00,100 גרם,false,1,14.90,9.9333,true,1,170313
5425017240013,false,בירה חזקה ברוז זוט ב,,,בירה חזקה ברוז זוט בלונד 330 מל,מיליליטרים,330.00,"100 מ""ל",false,1,13.90,4.2121,true,1,172664
5425017240075,false,בירה חזקה ברוז זוט ד,,,בירה חזקה ברוז זוט דאבל 330 מל,מיליליטרים,330.00,"100 מ""ל",false,1,13.90,4.2121,true,1,172665
5425017240457,false,בירה חזקה שטאפה הנדר,,,בירה חזקה שטאפה הנדריק טריפל 330 מל,מיליליטרים,330.00,"100 מ""ל",false,1,13.90,4.2121,true,1,172666
5425017240648,false,בירה חזקה שטאפה הנדר,,,בירה חזקה שטאפה הנדריק קוודרופל 330 מל,מיליליטרים,330.00,"100 מ""ל",false,1,13.90,4.2121,true,1,172667
5425019810061,false,בונבוניירה עץ שוקולד,,,בונבוניירה עץ שוקולד ליקר 240 גר,גרמים,240.00,100 גרם,false,1,51.90,21.6250,true,1,174085
5425019810122,false,מאגדת בקבוקוני שוקול,,,מאגדת בקבוקוני שוקולד ליקר 86 גר,גרמים,86.00,100 גרם,false,1,28.90,33.6047,true,1,174087
5600241519016,false,סרדין בלמר בשמן זית,,,סרדין בלמר בשמן זית 120 גר,גרמים,120.00,100 גרם,false,1,15.90,13.2500,true,1,165479
5600241519023,false,סרדין בלמר בשמן זית,,,סרדין בלמר בשמן זית ולימון 120 גר,גרמים,120.00,100 גרם,false,1,15.90,13.2500,true,1,165481
5600241519054,false,סרדין בלמר בשמן זית,,,סרדין בלמר בשמן זית פיקנטי 120 גר,גרמים,120.00,100 גרם,false,1,15.90,13.2500,true,1,165480
5600241519061,false,פילה מקרל בלמר בשמן,,,פילה מקרל בלמר בשמן זית 120 גר,גרמים,120.00,100 גרם,false,1,19.90,16.5833,true,1,165483
5600241519115,false,פילה טונה בלמר בשמן,,,פילה טונה בלמר בשמן זית 120 גר,גרמים,120.00,100 גרם,false,1,24.90,20.7500,true,1,165484
5600241519146,false,פילה טונה בלמר בשמן,,,פילה טונה בלמר בשמן זית פיקנטי 120 גר,גרמים,120.00,100 גרם,false,1,24.90,20.7500,true,1,165485
5600241519276,false,זוג נתחי טונה קרדום,,,זוג נתחי טונה קרדום בשמן חמניות 160 גר,גרמים,320.00,100 גרם,false,1,14.90,4.6563,true,1,165493
5600241519399,false,פילה מקרל קרדום בשמן,,,פילה מקרל קרדום בשמן זית 120 גר,גרמים,120.00,100 גרם,false,1,12.90,10.7500,true,1,165486
5600241519429,false,תמנון קרדום ברוטב עג,,,תמנון קרדום ברוטב עגבניות 120 גר,גרמים,120.00,100 גרם,false,1,10.90,9.0833,true,1,165487
5600241519436,false,סרדין קרדום בשמן זית,,,סרדין קרדום בשמן זית 120 גר,גרמים,120.00,100 גרם,false,1,8.90,7.4167,true,1,165488
5600241519450,false,סרדין קרדום ברוטב עג,,,סרדין קרדום ברוטב עגבניות 120 גר,גרמים,120.00,100 גרם,false,1,8.90,7.4167,true,1,165489
5600241519467,false,סרדין קרדום ברוטב עג,,,סרדין קרדום ברוטב עגבניות פיקנטי 120 גר,גרמים,120.00,100 גרם,false,1,8.90,7.4167,true,1,165490
5601008200451,false,עוגיות מרבה גודיס שו,Goodies,,"עוגיות ""מרבה"" גודיס שוקולד מריר 150 גר",גרמים,150.00,100 גרם,false,1,5.90,3.9333,true,1,123692
5601012837636,true,יין סילק אנד ספייס א,,,יין סילק אנד ספייס אדום 750 מל,מיליליטרים,750.00,"100 מ""ל",false,,59.90,7.9867,true,1,164666
5601217129420,false,דפים לכביסה שומרי צב,רקיט,,דפים לכביסה שומרי צבע וולייט 20 יח,Unknown,0.00,Unknown,false,1,18.90,0.0000,true,1,139573
5601560112254,false,צנימים עם חיטה מלאה,PRIMART,,צנימים עם חיטה מלאה 225 גר,גרמים,225.00,100 גרם,false,1,12.90,5.7333,true,1,172401
5601560112261,false,צנימים ללא תוספת מלח,PRIMART,,צנימים ללא תוספת מלח 225 גר,גרמים,225.00,100 גרם,false,1,12.90,5.7333,true,1,172402
5601560113169,false,צנימים עם שיפון מיקס,PRIMART,,צנימים עם שיפון מיקס 300 גר,גרמים,300.00,100 גרם,false,1,16.90,5.6333,true,1,172403
5601996023780,false,יין פורטה 6 רוזה 750,,,יין פורטה 6 רוזה 750 מל,מיליליטרים,750.00,"100 מ""ל",false,1,44.90,5.9867,true,1,157460
5601996289728,false,יין פורטה 6 אדום מגנ,,,יין פורטה 6 אדום מגנום 1.5 ל,ליטרים,1.50,ליטר,false,1,79.90,53.2667,true,1,165773
5601996355485,false,יין פורטה 6 לבן 750,,,יין פורטה 6 לבן 750 מל,מיליליטרים,750.00,"100 מ""ל",false,1,44.90,5.9867,true,1,157459
5601996547897,false,יין פורטה 6 אדום 750,,,יין פורטה 6 אדום 750 מל,מיליליטרים,750.00,"100 מ""ל",false,1,44.90,5.9867,true,1,157458
5652148952304,false,מנורה חגיגית במגוון,,,מנורה חגיגית במגוון צבעים,Unknown,0.00,Unknown,false,1,9.90,0.0000,true,1,168641
5694230223312,false,שימורי כבד דג במיץ ט,,IS,שימורי כבד דג במיץ טבעי 121 גר,גרמים,121.00,100 גרם,false,12,9.90,8.1818,true,1,150023
5701215042391,false,גבינת קממבר 125 גר,,,"גבינת ""קממברט"" 125 ג",גרמים,125.00,100 גרם,false,1,17.90,14.3200,true,1,127051
5701215042407,false,גבינת ברי 125 גר,,,"גבינת ""ברי"" 125 גר""",גרמים,125.00,100 גרם,false,1,16.90,13.5200,true,1,127097
5701932026964,false,הוטפופ מלוח 600 גר,,,"הוטפופ מלוח 600 ג""ר",גרמים,600.00,100 גרם,false,1,15.90,2.6500,true,1,124616
5701932026971,false,הוטפופ חמאה 600 גר,,,"הוטפופ חמאה 600 ג""ר",גרמים,600.00,100 גרם,false,1,15.90,2.6500,true,1,124617
5701932026995,false,הוטפופ לייט 510 גר,,,"הוטפופ לייט 510 ג""ר",גרמים,510.00,100 גרם,false,1,15.90,3.1176,true,1,124618
5703985072240,true,בסגנון דנבלו 100 גר,,,בסגנון דנאבלו 100 גר,גרמים,100.00,100 גרם,false,1,11.90,11.9000,true,1,130360
5704025020443,false,פטינה דניש קומבי ווי,,,פטינה דניש קומבי וויט 500 גר,גרמים,500.00,100 גרם,false,1,11.90,2.3800,true,1,154356
5704025032156,false,דניש קומבי בלו 100 ג,Lazur,,דניש קומבי בלו 100 גר,גרמים,100.00,100 גרם,false,1,10.90,10.9000,true,1,154028
5709120175852,true,גבינה ברי צרפתי 500,,,גבינה ברי צרפתי 500 גר,גרמים,500.00,100 גרם,false,1,46.90,9.3800,true,1,142631
5711953106583,false,גבינת שמנת ארלה טבעי,,,גבינת שמנת ארלה טבעי 200 גר,גרמים,200.00,100 גרם,false,1,14.90,7.4500,true,1,153127
5711953106590,false,גבינת שמנת ארלה שום,,,גבינת שמנת ארלה שום 200 גר,גרמים,200.00,100 גרם,false,1,14.90,7.4500,true,1,153129
5711953106606,false,גבינת שמנת ארלה עשבי,,,גבינת שמנת ארלה עשבי תיבול 200 גר,גרמים,200.00,100 גרם,false,1,14.90,7.4500,true,1,153128
5740900403215,false,ממרח מחמאת לורפק עם,,,ממרח מחמאת לורפק עם מלח 250 גר,גרמים,250.00,100 גרם,false,1,16.90,6.7600,true,1,150001
5740900403222,false,ממרח מחמאת לורפק עם,,,ממרח מחמאת לורפק עם מלח 27% פחות שומן,גרמים,250.00,100 גרם,false,1,16.90,6.7600,true,1,150003
5740900403239,false,ממרח מחמאת לורפק ללא,,,ממרח מחמאת לורפק ללא מלח 250 גר,גרמים,250.00,100 גרם,false,1,16.90,6.7600,true,1,150002
5740900403246,false,ממרח מחמאת לורפק ללא,,,ממרח מחמאת לורפק ללא מלח 500 גר,גרמים,500.00,100 גרם,false,1,27.90,5.5800,true,1,149999
5740900403253,false,ממרח מחמאה לורפק עם,,,ממרח מחמאת לורפק עם מלח 500 גר,גרמים,500.00,100 גרם,false,1,27.90,5.5800,true,1,150000
5740900403260,false,ממרח מחמאת לורפק ללא,,,ממרח מחמאת לורפק ללא מלח 27% פחות שומן,גרמים,250.00,100 גרם,false,1,16.90,6.7600,true,1,150004
5740900403284,false,חמאה לורפק ללא מלח 2,,,חמאה לורפק ללא מלח 200 גר,גרמים,200.00,100 גרם,false,1,11.90,5.9500,true,1,159288
5740900403864,false,חמאה לורפק מלח 200 ג,,,חמאה לורפק מלח 200 גר,גרמים,200.00,100 גרם,false,20,11.90,5.9500,true,1,165585
5774540694306,false,אנטון ברג בקבוקוני ל,,,אנטון ברג-16 בקבוקי,גרמים,250.00,100 גרם,false,1,49.90,19.9600,true,1,158507
5774540984056,false,שוק מריר מרציפן אנטו,,,שוק מריר מרציפן אנטון ברג תות ושמפניה,גרמים,220.00,100 גרם,false,1,39.90,18.1364,true,1,134461
5774540984155,false,שוק מריר מרציפן אנטו,,,שוק מריר מרציפן אנטון ברג שזיף במדרה 220,גרמים,220.00,100 גרם,false,1,39.90,18.1364,true,1,134460
5774540984254,false,שוק מריר מרציפן אנטו,,,שוק מריר מרציפן אנטון ברג משמש בברנדי,גרמים,220.00,100 גרם,false,1,39.90,18.1364,true,1,134458
5900020012814,false,נסקוויק דגני בוקר בט,נסטלה פולין דגני בוק,,נסקוויק דגני בוקר בט,גרמים,500.00,100 גרם,false,1,21.90,4.3800,true,1,124625
5900020025647,false,חטיפי דגנים פיטנס בר,נסטלה פולין ברים,,חטיפי דגנים פיטנס בר דליס שוקולד חלב,גרמים,135.00,100 גרם,false,1,13.90,10.2963,true,1,130340
5900020026552,false,דגני בוקר האני נאט צ,,,דגני בוקר האני נאט ציריוס 625 גר,גרמים,625.00,100 גרם,false,1,21.90,3.5040,true,1,132306
5900020032454,false,חטיפי דגנים פיטנס עו,נסטלה פולין ברים,PL,חטיפי דגנים פיטנס עוגיות שישייה,גרמים,141.00,100 גרם,false,8,13.90,9.8582,true,1,165218
5900020032539,false,חטיפי דגנים פיטנס שו,נסטלה פולין ברים,PL,חטיפי דגנים פיטנס שוקולד שישייה,גרמים,141.00,100 גרם,false,8,13.90,9.8582,true,1,165219
5900020033314,false,חטיף דגנים ליון שמינ,נסטלה פולין ברים,,חטיף דגנים ליון שמינייה 150 גר,גרמים,150.00,100 גרם,false,1,13.90,9.2667,true,1,146390
5900020034991,false,דגני בוקר קראנץ צדפי,ג.נרל מילס,,דגני בוקר קראנץ צדפים בטעם שוקולד 450 גר,גרמים,450.00,100 גרם,false,6,21.90,4.8667,true,1,156458
5900020036407,false,דגני בוקר ליון שוקול,נסטלה פולין דגני בוק,,דגני בוקר ליון שוקולד וקרמל 480 גר,גרמים,480.00,100 גרם,false,1,21.90,4.5625,true,1,157507
5900020037916,false,דגני בוקר ציריוס שיב,ג.נרל מילס,,דגני בוקר ציריוס שיבולת שועל 375 גר,גרמים,375.00,100 גרם,false,16,17.90,4.7733,true,1,161848
5900073020071,false,חטיפי תפוא בטעם בייק,,,חטיפי תפוא בטעם בייקון מעושן 135 גר,גרמים,135.00,100 גרם,false,1,12.90,9.5556,true,1,172767
5900073020088,false,חטיפי תפוא בטעם גבינ,,,חטיפי תפוא בטעם גבינה ובצל 135 גר,גרמים,135.00,100 גרם,false,1,12.90,9.5556,true,1,172766
5900073020293,false,חטיפי תירס בטעם בצל,,,חטיפי תירס בטעם בצל ירוק 150 גר,גרמים,150.00,100 גרם,false,1,12.90,8.6000,true,1,172763
5900073180935,false,חטיפי תפוא בטעם חמאה,,,חטיפי תפוא בטעם חמאה 135 גר,גרמים,135.00,100 גרם,false,1,12.90,9.5556,true,1,172765
5900073180959,false,חטיפי תפוא בטעם שמנת,,,חטיפי תפוא בטעם שמנת ובצל 135 גר,גרמים,135.00,100 גרם,false,1,12.90,9.5556,true,1,172768
5900084052092,false,חרדל עם חזרת 185 גר,,LT,חרדל עם חזרת 185 גר,גרמים,185.00,100 גרם,false,6,10.90,5.8919,true,1,169372
5900084204910,false,חרדל בסגנון רוסי 180,,LT,חרדל בסגנון רוסי 180 גר,גרמים,180.00,100 גרם,false,1,10.90,6.0556,true,1,166747
5900259056160,false,חטיפי תפוא בטעם פפרי,,,חטיפי תפוא בטעם פפריקה של לייס 125 ג,גרמים,125.00,100 גרם,false,1,18.90,15.1200,true,1,171496
5900352000770,false,גלרטקה דובדבן 190 גר,,,"גלרטקה דובדבן 190 ג""",גרמים,190.00,100 גרם,false,1,8.90,4.6842,true,1,124631
5900352001814,false,גלרטקה תפוז 190 גר,,,"גלרטקה תפוז 190 ג""ר",גרמים,190.00,100 גרם,false,1,8.90,4.6842,true,1,124632
5900352001821,false,גלרטקה לימון 190 גר,,,גלרטקה לימון 190 גר,גרמים,190.00,100 גרם,false,1,8.90,4.6842,true,1,124633
5900352002361,false,עוגיות יזיקי קלאסיק,,,עוגיות יזיקי קלאסיק 140 גר,גרמים,140.00,100 גרם,false,1,5.90,4.2143,true,1,165149
5900352002576,false,גלרטקה אוכמניות שחור,,,גלרטקה אוכמניות שחור,גרמים,190.00,100 גרם,false,1,8.90,4.6842,true,1,124634
5900352004044,false,עוגיות יזיקי קוקוס 1,,,עוגיות יזיקי קוקוס 140 גר,גרמים,140.00,100 גרם,false,1,5.90,4.2143,true,1,165147
5900352004457,false,עוגיות יזיקי קפה 140,,,עוגיות יזיקי קפה 140 גר,גרמים,140.00,100 גרם,false,1,5.90,4.2143,true,1,165146
5900352011356,false,עוגיות יזיקי מריר שר,,,עוגיות יזיקי מריר שרי 140 גר,גרמים,140.00,100 גרם,false,1,5.90,4.2143,true,1,169220
5900352014890,false,עוגיות יזיקי מריר תפ,,,עוגיות יזיקי מריר תפוז 140 גר,גרמים,140.00,100 גרם,false,20,5.90,4.2143,true,1,173527
5900352015125,false,עוגיות יזיקי קרמל מל,,,עוגיות יזיקי קרמל מלוח 140 גר,גרמים,140.00,100 גרם,false,20,5.90,4.2143,true,1,173526
5900353615683,false,בונ ויסקי בשוקולד מר,,,בונ ויסקי בשוקולד מריר 180 גר MIESZKO,גרמים,180.00,100 גרם,false,1,19.90,11.0556,true,1,145559
5900353615690,false,בונ ברנדי בשוקולד מר,,,בונ ברנדי בשוקולד מריר 180 גר MIESZKO,גרמים,180.00,100 גרם,false,1,19.90,11.0556,true,1,145558
5900353615706,false,בונ וודקה בשוקולד מר,,,בונ וודקה בשוקולד מריר 180 גר MIESZKO,גרמים,180.00,100 גרם,false,1,19.90,11.0556,true,1,145560
5900353618288,false,בונ שרי 285 גר,,,בונ שרי 285 גר,גרמים,285.00,100 גרם,false,1,34.90,12.2456,true,1,174090
5900353645895,false,בונ לב פח אמורטה 189,,,בונ לב פח אמורטה 189 גר,גרמים,189.00,100 גרם,false,1,39.90,21.1111,true,1,165442
5900353647219,false,סליוקה שזיפים בשוקול,,,סליוקה שזיפים בשוקולד קופסא 205 גר,גרמים,205.00,100 גרם,false,1,17.90,8.7317,true,1,164604
5900437005171,false,פיצה 4 גבינות 335 גר,,,פיצה 4 גבינות 335 גר,גרמים,335.00,100 גרם,false,5,24.90,7.4328,true,1,160939
5900437705125,false,פיצה 4 גבינות 325 גר,,,פיצה 4 גבינות 325 גר,גרמים,325.00,100 גרם,false,5,24.90,7.6615,true,1,160938
5900580000870,false,חזרת עם חמוצית פרובי,,,חזרת עם חמוצית פרוביטוס 170 גר,גרמים,170.00,100 גרם,false,1,9.90,5.8235,true,1,172376
5900580004168,false,רוטב חרדל חזק פרוביט,,,רוטב חרדל חזק פרוביטוס 160 גר,גרמים,160.00,100 גרם,false,1,6.90,4.3125,true,1,172386
5900627066715,false,טבליות למדיח פיניש 1,,PL,טבליות למדיח כלים פיניש 100 יח,Unknown,0.00,Unknown,false,1,59.90,0.0000,true,1,142016
5900675009023,false,תה חמוציות באלין 40,,,תה חמוציות באלין 40 גר,גרמים,40.00,100 גרם,false,18,3.90,9.7500,true,1,169464
5900675009030,false,תה ורד הבר באלין 35,,,תה ורד הבר באלין 35 גר,גרמים,35.00,100 גרם,false,18,3.90,11.1429,true,1,169465
5900675009047,false,תה פטל באלין 40 גר,,,תה פטל באלין 40 גר,גרמים,40.00,100 גרם,false,18,3.90,9.7500,true,1,169466
5900675009054,false,תה ענבי שועל שחורים,,PL,תה ענבי שועל שחורים באלין 40 גר,גרמים,40.00,100 גרם,false,18,3.90,9.7500,true,1,169467
5900675009061,false,תה אוכמניות שחורות ב,,PL,תה אוכמניות שחורות באלין 40 גר,גרמים,40.00,100 גרם,false,18,3.90,9.7500,true,1,169468
5900675009078,false,תה פירות יער באלין 3,,PL,תה פירות יער באלין 35 גר,גרמים,35.00,100 גרם,false,18,3.90,11.1429,true,1,169469
5900675009108,false,תה היביסקוס באלין 30,,PL,תה היביסקוס באלין 30 גר,גרמים,30.00,100 גרם,false,18,3.90,13.0000,true,1,169472
5900675009115,false,תה נענע באלין 30 גר,,PL,תה נענע באלין 30 גר,גרמים,30.00,100 גרם,false,18,3.90,13.0000,true,1,169473
5900675009122,false,תה בבונג באלין 30 גר,,PL,תה בבונג באלין 30 גר,גרמים,30.00,100 גרם,false,18,3.90,13.0000,true,1,169474
5900675009139,false,תה ירוק באלין 30 גר,,PL,תה ירוק באלין 30 גר,גרמים,30.00,100 גרם,false,18,3.90,13.0000,true,1,169475
5900675009146,false,תה פירות גן באלין 35,,PL,תה פירות גן באלין 35 גר,גרמים,35.00,100 גרם,false,18,3.90,11.1429,true,1,169476
5900675009160,false,תה מרווה באלין 20 גר,,PL,תה מרווה באלין 20 גר,גרמים,20.00,100 גרם,false,18,3.90,19.5000,true,1,169478
5900820000806,false,גבינה מותכת טפיאוני,,,"גבינה מותכת ""טפיאוני",גרמים,100.00,100 גרם,false,1,7.90,7.9000,true,1,124656
5900820014230,false,גבינה נורויסקי סלמון,מלקפול,,גבינה נורוויסקי סלמון 150 גר,גרמים,150.00,100 גרם,false,1,12.90,8.6000,true,1,130453
5900857007793,false,גבינה רדמר סרנדה פרו,,,ת.גבינה רדמר סרנדה פרוס 135 גר,גרמים,135.00,100 גרם,false,1,11.90,8.8148,true,1,149674
5900857007892,false,גבינה גאודה סרנדה פר,,,ת.גבינה גאודה סרנדה פרוס 135 גר,גרמים,135.00,100 גרם,false,1,11.90,8.8148,true,1,149678
5900857007953,false,גבינה סלמי סרנדה פרו,,,ת.גבינה סלמי סרנדה פרוס 135 גר,גרמים,135.00,100 גרם,false,1,11.90,8.8148,true,1,149676
5900907000101,false,תערובת מלפפונים ועגב,URBANEK,,תערובת מלפפונים ועגב,קילוגרמים,2.55,"ק""ג",false,1,32.90,12.9020,true,1,124658
5900907000347,false,פטריות בחומץ 500 גר,URBANEK,,"פטריות בחומץ 900 ג""ר",גרמים,500.00,100 גרם,false,1,18.90,3.7800,true,1,124661
5900907000477,false,ריבת שזיפים 330 גר,URBANEK,,ריבת שזיפים 330גר,גרמים,330.00,100 גרם,false,1,9.90,3.0000,true,1,124662
5900907000491,false,לצו 680 גר,URBANEK,,"לצ""ו",גרמים,680.00,100 גרם,false,1,13.90,2.0441,true,1,124663
5900907000521,false,חזרת לבנה 180 גר,URBANEK,,חזרת,גרמים,180.00,100 גרם,false,1,7.90,4.3889,true,1,124664
5900907000583,false,מלפפון בחומץ 900 גר,URBANEK,,"מלפפון בחומץ 900 ג""ר",גרמים,900.00,100 גרם,false,1,15.90,1.7667,true,1,124665
5900907000828,false,לצו פטריות 680 גר,URBANEK,,לצו פטריות 680 גר,גרמים,680.00,100 גרם,false,1,14.90,2.1912,true,1,124666
5900907000835,false,מלפפונים בחומץ 2.55,URBANEK,,מלפפונים בחומץ 2.55,קילוגרמים,2.55,"ק""ג",false,1,32.90,12.9020,true,1,124667
5900907000965,false,פטיסון בחומץ 910 גר,URBANEK,,פטיסון בחומץ 900 גר,גרמים,910.00,100 גרם,false,1,19.90,2.1868,true,1,124668
5900907001412,false,אסורטי אורבנק 2.55 ק,URBANEK,,"אסורטי 2.55 ק""ג",קילוגרמים,2.55,"ק""ג",false,1,32.90,12.9020,true,1,124670
5900907001429,false,אסורטי 920 גר,URBANEK,,"אסורטי 920 ג""ר",גרמים,900.00,100 גרם,false,1,15.90,1.7667,true,1,124671
5900907001450,false,מלפפונים במלח 900 גר,URBANEK,,מלפפונים במלח 900 גר,גרמים,900.00,100 גרם,false,1,15.90,1.7667,true,1,124672
5900907001474,false,עגבניות בחומץ 900 גר,URBANEK,,עגבניות בחומץ 900גר,גרמים,900.00,100 גרם,false,1,15.90,1.7667,true,1,124673
5900907001498,false,עלי חומעה כבושים 350,URBANEK,,עלי חומעה כבושים,גרמים,350.00,100 גרם,false,1,9.90,2.8286,true,1,124674
5900907001719,false,תערובת מלפפונים ועגב,URBANEK,,תערובת מלפפונים ועגב,גרמים,900.00,100 גרם,false,1,15.90,1.7667,true,1,124678
5900907003393,false,עגבניות שרי בחומץ 93,URBANEK,,עגבניות שרי בחומץ 930 גר,גרמים,930.00,100 גרם,false,12,16.90,1.8172,true,1,125725
5900951283963,false,חטיף סניקרס קרימי חמ,,,חטיף סניקרס קרימי חמאת בוטנים,Unknown,0.00,Unknown,false,24,3.90,0.0000,true,1,166018
5900951284571,false,אוכל לכלבים פדיגרי ב,,,אוכל לכלבים פדיגרי בקר פח 400 גר,גרמים,400.00,100 גרם,false,24,9.90,2.4750,true,1,161762
5901008990322,false,פטיסונים מוחמצים 860,,,פטיסונים מוחמצים 860 גר,גרמים,860.00,100 גרם,false,1,15.90,1.8488,true,1,127075
5901008990414,false,קורנישונים מוחמצים 8,,,קורנישונים מוחמצים 860 גר,גרמים,860.00,100 גרם,false,1,15.90,1.8488,true,1,127073
5901041003003,false,וודקה בלוודר פרמיום,polmos,,וודקה בלוודר פרמיום,מיליליטרים,700.00,"100 מ""ל",false,1,109.90,15.7000,true,1,125223
5901064000287,false,יין טוטינו ביאנקו 1,VINPOL,,יין טוטינו ביאנקו 1 ל,ליטרים,1.00,ליטר,false,1,34.90,34.9000,true,1,124926
5901064000331,false,שכר דובדבנים נלבקה ב,וינפוד,,שכר דובדבנים 750מל,מיליליטרים,750.00,"100 מ""ל",false,1,29.90,3.9867,true,1,127534
5901064761805,false,שכר פטל נלבקה באבוני,וינפוד,,שכר פטל 750מל,מיליליטרים,750.00,"100 מ""ל",false,1,29.90,3.9867,true,1,127536
5901064761911,false,שכר דמדמניות שחורות,וינפוד,,שכר אוכמניות 750מל,מיליליטרים,750.00,"100 מ""ל",false,1,29.90,3.9867,true,1,127535
5901064764103,false,יין טוטינו דובדבנים,VINPOL,,יין טוטינו דובדבנים 1 ל,ליטרים,1.00,ליטר,false,1,34.90,34.9000,true,1,124927
5901064774270,false,קוקטייל טוטינו נגרונ,הנקלנדקו פולסקה,,קוקטייל טוטינו נגרוני 1 ל,ליטרים,1.00,ליטר,false,6,34.90,34.9000,true,1,172321
5901064774287,false,קוקטייל טוטינו קובה,הנקלנדקו פולסקה,,קוקטייל טוטינו קובה ליברה 1 ל,ליטרים,1.00,ליטר,false,6,34.90,34.9000,true,1,172320
5901121000274,false,שוקולד חלב במילוי בט,,,שוקולד חלב במילוי בטעם ליקר 148 גר,גרמים,148.00,100 גרם,false,1,14.90,10.0676,true,1,172161
5901121000311,false,שוקולד חלב במילוי בט,,,שוקולד חלב במילוי בטעם ויסקי וקפה 148 גר,גרמים,148.00,100 גרם,false,1,14.90,10.0676,true,1,172163
5901121001837,false,בונ שוקולד בלטיק קול,,,בונ שוקולד בלטיק קולקשן 125 גר,גרמים,125.00,100 גרם,false,1,21.90,17.5200,true,1,172166
5901121002179,false,בונ שוקולד במילוי בט,,,בונ שוקולד במילוי בטעם ברנדי 150 גר,גרמים,150.00,100 גרם,false,1,21.90,14.6000,true,1,172167
5901121008331,false,שוקולד חלב במילוי בט,,,שוקולד חלב במילוי בטעם ברנדי 145 גר,גרמים,145.00,100 גרם,false,1,14.90,10.2759,true,1,172170
5901121008423,false,בונ שוקולד במילוי בט,,,בונ שוקולד במילוי בטעם נליבקה 180 גר,גרמים,180.00,100 גרם,false,,21.90,12.1667,true,1,172179
5901177155898,false,בונ אדומה משולשת בצו,,,בונ אדומה משולשת בצורת עץ ווברו 126 גר,גרמים,126.00,100 גרם,false,1,12.90,10.2381,true,1,160763
5901177155959,false,בונ שרי טראפז 210 גר,,,בונ שרי טראפז 210 גר,גרמים,210.00,100 גרם,false,10,19.90,9.4762,true,1,158608
5901177156376,false,בונ משולשת ירוקה בצו,,,בונ משולשת ירוקה בצורת עץ שוקולד עם אגוז,גרמים,126.00,100 גרם,false,12,12.90,10.2381,true,1,167174
5901177157274,false,בונ ירוקה בצורת עץ ע,,,בונ ירוקה בצורת עץ עם ממתקים 170 גר,גרמים,170.00,100 גרם,false,1,14.90,8.7647,true,1,174097
5901177157281,false,בונ זהב בצורת עץ עם,,,בונ זהב בצורת עץ עם ממתקים 170 גר,גרמים,170.00,100 גרם,false,1,14.90,8.7647,true,1,174098
5901237804407,false,מדבקה זר כריסמס 39.5,,,מדבקה זר כריסמס 39.5*39.5 סמ,Unknown,0.00,Unknown,false,1,8.90,0.0000,true,1,167083
5901237804421,false,מדבקה סנטה וסניגורוצ,,,מדבקה סנטה וסניגורוצקה 50*36 סמ,Unknown,0.00,Unknown,false,1,8.90,0.0000,true,1,167085
5901237804438,false,שרשרת סנטה/בית/פעמון,,,שרשרת סנטה/בית/פעמון/עץ אשוח 75סמ לתלייה,Unknown,0.00,Unknown,false,1,9.90,0.0000,true,1,167086
5901483020101,false,חליטת פטל סגל 25 שק,BIFIX,,"תה פטל 25 שק""",גרמים,38.00,100 גרם,false,1,9.90,26.0526,true,1,124941
5901483060107,false,חליטת עלי טיליה ללא,BIFIX,,חליטת טיליה 20 שק,Unknown,0.00,Unknown,false,1,9.90,0.0000,true,1,124946
5901483082970,false,חליטת ורדי בר פרי של,,,חליטת ורדי בר פרי שלם 100 גר,גרמים,100.00,100 גרם,false,1,13.90,13.9000,true,1,140574
5901483084752,false,קונפיטורת דובדבנים 3,,,קונפיטורת דובדבנים 330 גר,גרמים,330.00,100 גרם,false,1,14.90,4.5152,true,1,163530
5901483084776,false,קונפיטורת דומדמניות,,,קונפיטורת דומדמניות שחורות 330 גר,גרמים,330.00,100 גרם,false,1,14.90,4.5152,true,1,163532
5901598000814,false,חטיף שוקולד מרציפן 5,,,חטיף שוקולד מרציפן 50 גר,גרמים,50.00,100 גרם,false,,7.90,15.8000,true,1,170122
5901598002238,false,שוקולד מריר מרציפן 7,,,שוקולד מריר מרציפן 70 גר,גרמים,70.00,100 גרם,false,,9.90,14.1429,true,1,170123
5902162101234,false,פיצה קפוא משפחתית 10,,,פיצה קפוא משפחתית 1000 גר,גרמים,1000.00,100 גרם,false,1,33.90,3.3900,true,1,174068
5902162120716,false,פיצה קפוא פטריות 415,,,פיצה קפוא פטריות 415 גר,גרמים,415.00,100 גרם,false,1,21.90,5.2771,true,1,174063
5902162129313,false,פיצה קפוא 4 גבינות 3,,,פיצה קפוא 4 גבינות 390 גר,גרמים,390.00,100 גרם,false,1,21.90,5.6154,true,1,174064
5902162138414,false,פיצה קפוא מוצרלה 330,,,פיצה קפוא מוצרלה 330 גר,גרמים,330.00,100 גרם,false,1,21.90,6.6364,true,1,174062
5902198160403,false,משקה אנרגיה XL ten 2,,,משקה אנרגיה XL ten,מיליליטרים,250.00,"100 מ""ל",false,1,4.20,1.6800,true,1,136308
5902377000087,false,גבינה מותכת יאנטרני,JAL,,"גבינה מותכת טבעי ""יא",גרמים,100.00,100 גרם,false,1,5.90,5.9000,true,1,124956
5902377000612,false,ממרח קורובקינו גבינה,KOROVKINO,,ממרח קורובקינו גבינה מותכת עם אמנטל 100,גרמים,100.00,100 גרם,false,1,4.90,4.9000,true,1,137097
5902377000629,false,ממרח קורובקינו גבינה,KOROVKINO,,ממרח קורובקינו גבינה מותכת עם פטריות 100,גרמים,100.00,100 גרם,false,1,4.90,4.9000,true,1,137098
5902377000643,false,ממרח קורובקינו גבינה,KOROVKINO,,ממרח קורובקינו גבינה מותכת עם שינקה 100,גרמים,100.00,100 גרם,false,1,4.90,4.9000,true,1,137099
5902377000650,false,ממרח קורובקינו גבינה,KOROVKINO,,ממרח קורובקינו גבינה מותכת עם סלמון 100,גרמים,100.00,100 גרם,false,1,4.90,4.9000,true,1,137100
5902377001145,false,גבינה מותכת יאנטרני,JAL,,גבינה מותכת יאנטרני בטעם סלמון,גרמים,100.00,100 גרם,false,10,5.90,5.9000,true,1,153173
5902377001206,false,גבינה מותכת יאנטרני,JAL,,"גבינה מותכת טבעי ""יא",גרמים,100.00,100 גרם,false,10,5.90,5.9000,true,1,124957
5902377001244,false,גבינה מותכת יאנטרני,JAL,,גבינה מותכת בטעם פלפ,גרמים,100.00,100 גרם,false,10,5.90,5.9000,true,1,124958
5902377001268,false,גבינה מותכת יאנטרני,JAL,,גבינה מותכת בטעם בצל,גרמים,100.00,100 גרם,false,10,5.90,5.9000,true,1,124959
5902377001299,false,גבינה מותכת יאנטרני,JAL,,גבינה מותכת בטעם פטר,גרמים,100.00,100 גרם,false,10,5.90,5.9000,true,1,124960
5902510275341,false,ממרח בטעם כבד אווז ד,,,ממרח בטעם כבד אווז דליקטס 300 גר,גרמים,300.00,100 גרם,false,1,9.90,3.3000,true,1,171754
5902510275358,false,ממרח בטעם כבד ברווז,,PL,ממרח בטעם כבד ברווז מעודן 130 גר,גרמים,130.00,100 גרם,false,1,4.90,3.7692,true,1,162484
5902510275396,false,ממרח בטעם כבד עוף עד,,PL,ממרח בטעם כבד עוף עדין 130 גר,גרמים,130.00,100 גרם,false,1,4.90,3.7692,true,1,162486
5902510275402,false,ממרח בטעם כבד עוף עד,,,ממרח בטעם כבד עוף עדין 300 גר,גרמים,300.00,100 גרם,false,1,9.90,3.3000,true,1,171756
5902768879025,false,כבד דג שיבוט 240 גר,,,כבד דג שיבוט 240 גר,גרמים,240.00,100 גרם,false,1,15.90,6.6250,true,1,141313
5902781000024,false,חליטת היביסקוס מלווה,,,"תה קרקדה 25 שק""",Unknown,0.00,Unknown,false,1,7.90,0.0000,true,1,124962
5902781000048,false,חליטת פירות יער מלוו,,,תה חליטת פירות,Unknown,0.00,Unknown,false,1,7.90,0.0000,true,1,124963
5902781000062,false,תה ורד הבר 25 שק,,,"תה ורד הבר 25 שק""",גרמים,75.00,100 גרם,false,1,7.90,10.5333,true,1,124965
5902781000093,false,חליטת תה מלווה קמומל,,,"תה קמומיל 25 שק""",Unknown,0.00,Unknown,false,1,7.90,0.0000,true,1,124966
5902781000109,false,תה פרע (זברובוי) 25,,,תה פרע (זברובוי) 25,Unknown,0.00,Unknown,false,1,7.90,0.0000,true,1,124967
5902781000130,false,חליטת פטל מלווה 25 ש,,,"תה 25 שק""",גרמים,50.00,100 גרם,false,1,7.90,15.8000,true,1,124968
5902781000192,false,תה מרווה (שאלפי) 25,,,תה מרווה (שאלפי) 25,Unknown,0.00,Unknown,false,1,7.90,0.0000,true,1,124969
5902781000215,false,חליטת ענבי שועל שחור,,,תה דמדמניות שחורות 2,Unknown,0.00,Unknown,false,1,7.90,0.0000,true,1,124970
5902781000260,false,חליטת חמוציות מלווה,,,תה חמוציות,Unknown,0.00,Unknown,false,1,7.90,0.0000,true,1,124972
5902781000499,false,תה ירוק 50 גר,,,תה ירוק 50 גר,גרמים,50.00,100 גרם,false,1,7.90,15.8000,true,1,124974
5902781001281,false,תה נענע מלווה 25 שק,,,תה נענע,Unknown,0.00,Unknown,false,1,7.90,0.0000,true,1,124977
5902781001304,false,חליטת מליסה מלווה 25,,,תה מליסה,Unknown,0.00,Unknown,false,1,7.90,0.0000,true,1,124978
5902781001366,false,תה פיגורה לוקס מלווה,,,תה פיגורה לוקס,גרמים,40.00,100 גרם,false,1,9.90,24.7500,true,1,124980
5902781002219,false,תה אקסקלוסיב ורד אוכ,,,תה ורד הבר עם אוכמני,יחידה,20.00,יחידה,false,1,12.90,0.6450,true,1,125002
5902781002226,false,תה אקסקלוסיב גינגר ו,,,"תה ג""ינג""ר עם לימון",יחידה,20.00,יחידה,false,1,12.90,0.6450,true,1,125003
5902781002233,false,תה אקסקלוסיב חמוציות,,,תה חמוציות עם פרי חו,גרמים,40.00,100 גרם,false,1,12.90,32.2500,true,1,125004
5902781002240,false,תה סוד היער 20 שק,,,"תה סוד היער 20 שק""",יחידה,20.00,יחידה,false,1,12.90,0.6450,true,1,125005
5902781002257,false,תה אחינאצייה עם ורד,,,תה אחינאצייה עם ורד,גרמים,40.00,100 גרם,false,1,9.90,24.7500,true,1,125006
5902781002264,false,תה קוקטייל פירות 20,,,תה קוקטייל פירות 20,יחידה,20.00,יחידה,false,1,9.90,0.4950,true,1,125007
5902781002288,false,תה גינגר עם ורד הב,,,"תה ג""ינג""ר עם ורד הב",Unknown,0.00,Unknown,false,1,9.90,0.0000,true,1,125009
5902781002295,false,תה פטל עם אוכמניות מ,,,תה פטל עם אוכמניות כ,גרמים,40.00,100 גרם,false,1,9.90,24.7500,true,1,125010
5902781002325,false,תה קמומיל עם לימון 2,,,תה קמומיל עם לימון 2,יחידה,20.00,יחידה,false,1,9.90,0.4950,true,1,125013
5902781002332,false,תה שזיפים עם חוזרר 2,,,תה שזיפים עם חוזרר ש,יחידה,20.00,יחידה,false,1,9.90,0.4950,true,1,125014
5902781002349,false,תה חמוציות עם רימון,,,תה חמוציות עם רימון,גרמים,40.00,100 גרם,false,1,9.90,24.7500,true,1,125015
5902781002479,false,תה ופטל ותות שדה מלו,,,תה תות שדה ופטל,Unknown,0.00,Unknown,false,1,12.90,0.0000,true,1,126374
5902781002486,false,תה אקסקלוסיב ירוק עם,,,"תה ירוק עם ג""ינג""ר",Unknown,0.00,Unknown,false,1,12.90,0.0000,true,1,126373
5902781002509,false,תה מליסה ורד הבר,,,תה מליסה ורד הבר,Unknown,0.00,Unknown,false,1,9.90,0.0000,true,1,126376
5902781002578,false,תה ספוקויניי סון 20,,,תה ספוקויניי סון 20שק,Unknown,0.00,Unknown,false,1,9.90,0.0000,true,1,128487
5902781002592,false,תהב אקסקלוזיב שחור ע,,,תהב אקסקלוזיב שחור עם גינגיר 40גר,גרמים,40.00,100 גרם,false,1,12.90,32.2500,true,1,129265
5902781002684,false,תה ארל גריי עם גינגר,,,תה ארל גריי עם גינגר 20 שק,Unknown,0.00,Unknown,false,1,12.90,0.0000,true,1,131268
5902781002691,false,תה עם ליים 20 שק,,,"תה עם ליים 20 שק""",גרמים,40.00,100 גרם,false,1,12.90,32.2500,true,1,135888
5902781002707,false,תה לואיזה 25 שק,,,"תה לואיזה 25 שק""",גרמים,50.00,100 גרם,false,1,7.90,15.8000,true,1,134687
5902795033131,false,תבלין בזיליקום 10 גר,,,תבלין בזיליקום,Unknown,0.00,Unknown,false,1,2.90,0.0000,true,1,126221
5902795033179,false,עלי דפנה 5 גר,,,עלי דפנה 5 גר,גרמים,5.00,100 גרם,false,1,2.90,58.0000,true,1,125706
5902795033230,false,תבלין לעוף 25 גר,,,"תבלין לעוף 25 ג""ר",גרמים,25.00,100 גרם,false,1,2.90,11.6000,true,1,125637
5902795033247,false,תבלין שישליק 25 גר,,,"תבלין שישליק 25 ג""ר",גרמים,25.00,100 גרם,false,1,2.90,11.6000,true,1,125638
5902795033254,false,תבלין חמלי סונלי 25,,,תבלינים חמלי סונלי 25 גר,גרמים,25.00,100 גרם,false,1,2.90,11.6000,true,1,125639
5902795033261,false,תבלין לבורש 25 גר,,,"תבלין לבורש"" 25גר",גרמים,25.00,100 גרם,false,1,2.90,11.6000,true,1,125640
5902795033278,false,תבלין לתפוא 25 גר,,,"תבלין לתפו""א 25 גר""",גרמים,25.00,100 גרם,false,1,2.90,11.6000,true,1,125641
5902795033292,false,תבלין לטחון 25 גר,,,"תבלין לטחון 25 גר""",גרמים,25.00,100 גרם,false,1,2.90,11.6000,true,1,125643
5902795033308,false,תבלין לטיגון בשר 25,,,תבלין לטיגון בשר 25 גר,גרמים,25.00,100 גרם,false,1,2.90,11.6000,true,1,125644
5902795033315,false,תערובת תיבול לפירות,,,תבלין לפירות ים,Unknown,0.00,Unknown,false,1,2.90,0.0000,true,1,125653
5902795033322,false,תבלין לאורז 25 גר,,,תבלין לאורז 25גר,גרמים,25.00,100 גרם,false,1,2.90,11.6000,true,1,125645
5902795033339,false,תבלין לדגים 25 גר,,,"תבלין לדגים 25 גר""",גרמים,25.00,100 גרם,false,1,2.90,11.6000,true,1,125646
5902795033346,false,תבלין לסלט 25 גר,,,"תבלין לסלט 25 גר""",גרמים,25.00,100 גרם,false,1,2.90,11.6000,true,1,125647
5902795033353,false,תבלין לבשר לבן 25 גר,,,"תבלין לבשר לבן 25 ג""",גרמים,25.00,100 גרם,false,1,2.90,11.6000,true,1,125648
5902795033360,false,תבלין גרוזיני 25 גר,,,"תבלין גרוזיני 25 ג""ר",גרמים,25.00,100 גרם,false,1,2.90,11.6000,true,1,125649
5902795033377,false,תבלין קבקזי 25 גר,,,תבלין קבקזי 25גר,גרמים,25.00,100 גרם,false,1,2.90,11.6000,true,1,125650
5902795033384,false,תבלין ארמני 25 גר,,,"תבלין ארמני 25 ג""ר",גרמים,25.00,100 גרם,false,1,2.90,11.6000,true,1,125651
5902795033445,false,תבלין שמיר 7 גר,,,תבלין שמיר 7גר,גרמים,7.00,100 גרם,false,1,2.90,41.4286,true,1,129264
5902795033452,false,תבלין קוריאנדר 7 גר,,,תבלין קוריאנדר,יחידה,1.00,יחידה,false,1,2.90,2.9000,true,1,128156
5904277110958,false,קפה נמס נטול קפאין 1,INSTANTA,,קפה נמס,גרמים,100.00,100 גרם,false,1,19.90,19.9000,true,1,125025
5904277112044,false,קפה אספרסו 100 גר,INSTANTA,,קפה אספרסו 100 גר,גרמים,100.00,100 גרם,false,1,19.90,19.9000,true,1,125027
5904603190555,false,מלפפון בחומץ עם חזרת,,,מלפפון בחומץ עם שמיר 860 גר,גרמים,860.00,100 גרם,false,1,12.90,1.5000,true,1,159150
5904603190623,false,מלפפונים בחומץ עם שו,,,מלפפונים בחומץ עם עלי שום ושמיר 860גר,גרמים,860.00,100 גרם,false,8,12.90,1.5000,true,1,157651
5904603190654,false,עגבניות צהוב אדום בח,דבורק,,עגבניות צהוב אדום בחומץ דבוריק 880 גר,גרמים,880.00,100 גרם,false,8,12.90,1.4659,true,1,129057
5904603190715,false,עגבניות בחומץ פיקנטי,דבורק,,עגבניות בחומץ פיקנטי דבוריק 880 גר,גרמים,880.00,100 גרם,false,8,12.90,1.4659,true,1,125041
5904603191323,false,מלפפונים כבושים 860,דבורק,,מלפפונים כבושים 860גר,גרמים,860.00,100 גרם,false,1,12.90,1.5000,true,1,129060
5904603192054,false,מלפפונים בחומץ עם רו,,,מלפפונים בחומץ עם רוטב חרדל 700 גר,גרמים,700.00,100 גרם,false,8,12.90,1.8429,true,1,157652
5904941750312,false,משקה אנרגיה מוחיטו ל,,,"משקה אנרגיה ""בלו"" מוחיטו",Unknown,0.00,Unknown,false,1,3.90,0.0000,true,1,126318
5904941751302,false,משקה אנרגיה בלו 250,,,"משקה אנרגיה ""BLU""",מיליליטרים,250.00,"100 מ""ל",false,1,3.90,1.5600,true,1,125044
5904941751524,false,משקה אנרגיה בלו דיי,,,"משקה אנרגיה ""בלו"" אבטיח",Unknown,0.00,Unknown,false,1,3.90,0.0000,true,1,126317
5904941751715,false,משקה אנרגיה בטעם חמו,,,"משקה אנרגיה ""BLU"" קר",מיליליטרים,250.00,"100 מ""ל",false,1,3.90,1.5600,true,1,125045
5904941751920,false,משקה אנרגיה בלו דיי,,,"משקה אנרגיה ""בלו"" די",Unknown,0.00,Unknown,false,1,3.90,0.0000,true,1,125048
5904941753115,false,משקה אנרגיה בלו 24 י,,,משקה אנרגיה בלו 24 יח,מיליליטרים,6000.00,"100 מ""ל",false,1,69.90,1.1650,true,1,125049
5905643000590,false,קונפיטורה חמוציות 32,,,קונפיטורה חמוציות 320 גר,גרמים,320.00,100 גרם,false,1,13.90,4.3438,true,1,132965
5905643070852,false,פטל בסירופ קל 400 גר,,,פטל בסירופ קל 425 גר,גרמים,400.00,100 גרם,false,1,12.90,3.2250,true,1,134522
5905643070883,false,תות שדה בסירופ קל 40,,,תות שדה בסירופ קל 425 גר,גרמים,400.00,100 גרם,false,1,12.90,3.2250,true,1,132969
5906485301012,false,משקה אנרגיה XL 250 מ,,,משקה אנרגיה XL 250 מ,מיליליטרים,250.00,"100 מ""ל",false,1,4.20,1.6800,true,1,125051
5906747312138,false,עוגיות מילקה שוקוציפ,,,עוגיות מילקה שוקוציפס אגוז 135 גר,גרמים,135.00,100 גרם,false,24,6.90,5.1111,true,1,167222
5907042018732,false,עוגיות ממולאות בטעם,,,עוגיות ממולאות בטעם תות שדה 150 גר,גרמים,150.00,100 גרם,false,1,8.90,5.9333,true,1,171266
5907070001065,false,גבינה לאזור בלו 100,Lazur,,"גבינה ""לזור"" בלו 100 גר",גרמים,100.00,100 גרם,false,1,12.90,12.9000,true,1,127302
5907070001096,false,גבינה לאזור בלו פרוס,,,גבינה לאזור בלו פרוסות 100 גר,גרמים,100.00,100 גרם,false,1,12.90,12.9000,true,1,151249
5907070001133,false,גבינה לאזור טורקיז 1,Lazur,,"גבינה ""לזור"" טורקיז 100 גר",גרמים,100.00,100 גרם,false,1,12.90,12.9000,true,1,127301
5907070003137,false,גבינה לאזור גולדן 10,Lazur,,"גבינה ""לזור"" גולדן 100 גר",גרמים,100.00,100 גרם,false,1,12.90,12.9000,true,1,127299
5907070005124,false,גבינה לאזור סקלמרסקי,Lazur,,גבינה לזור סקלמירצסקי100גר,גרמים,100.00,100 גרם,false,1,12.90,12.9000,true,1,150599
5907070006121,false,גבינה לאזור גולדן פר,Lazur,,גבינה לזור גולדן פרוס 100 גר,גרמים,100.00,100 גרם,false,1,12.90,12.9000,true,1,128076
5907070007128,false,גבינה לאזור סילבר פר,Lazur,,גבינה לזור סילבר פרוס 100 גר,גרמים,100.00,100 גרם,false,1,12.90,12.9000,true,1,128077
5907377111344,false,גלידה בטעם קרמל משפח,,,גלידה בטעם קרמל משפחתית 430 גר,גרמים,490.00,100 גרם,false,6,19.90,4.0612,true,1,154264
5907573337845,false,תערובת תיבול עם ירקו,,,תערובת תיבול עם ירקות מיובשים 75 גר,גרמים,75.00,100 גרם,false,1,9.90,13.2000,true,1,159512
5907623350404,false,כבד דג שיבוט 240 גר,,,כבד דג שיבוט 240 גר,גרמים,240.00,100 גרם,false,1,16.90,7.0417,true,1,125176
5935824534507,false,עניבה עם דמויות כריס,,,עניבה עם דמויות כריסמס,Unknown,0.00,Unknown,false,1,9.90,0.0000,true,1,167904
5935824534521,false,שק לבקבוק במתנה מסנט,,,שק לבקבוק במתנה מסנטה 9*26 סמ,Unknown,0.00,Unknown,false,1,12.90,0.0000,true,1,168058
5941000025585,false,חטיפי תפוא הגל פלפל,,,חטיפי תפוא הגל פלפל חריף של לייס 130 גר,גרמים,130.00,100 גרם,false,1,18.90,14.5385,true,1,171498
5941000025592,false,חטיפי תפוא הגל בטעם,,,חטיפי תפוא הגל בטעם גבינה של לייס 130 גר,גרמים,130.00,100 גרם,false,1,18.90,14.5385,true,1,171499
5941000025608,false,חטיפי תפוא בטעם ברבי,,,חטיפי תפוא בטעם ברביקיו של לייס 140 גר,גרמים,140.00,100 גרם,false,1,18.90,13.5000,true,1,171502
5941000025615,false,חטיפי תפוא בטעם גבינ,,,חטיפי תפוא בטעם גבינה של לייס 140 גר,גרמים,140.00,100 גרם,false,1,18.90,13.5000,true,1,171503
5941000025622,false,חטיפי תפוא בטעם פפרי,,,חטיפי תפוא בטעם פפריקה של לייס 140 גר,גרמים,140.00,100 גרם,false,1,18.90,13.5000,true,1,171501
5941000025639,false,חטיפי תפוא עם מלח של,,,חטיפי תפוא עם מלח של לייס 140 גר,גרמים,140.00,100 גרם,false,1,18.90,13.5000,true,1,171500
5941000025646,false,חטיפי תפוא בטעם שמנת,,,חטיפי תפוא בטעם שמנת חמוצה של לייס 140 ג,גרמים,140.00,100 גרם,false,1,18.90,13.5000,true,1,171504
5941021000639,false,שוקולד חלב היידי גרא,,,שוקולד חלב בתוספת אג,גרמים,100.00,100 גרם,false,12,10.90,10.9000,true,1,148587
5941021000899,false,שוקולד מריר היידי גר,,,שוקולד מריר בתוספת א,גרמים,100.00,100 גרם,false,12,10.90,10.9000,true,1,148588
5941021001179,false,שוקולד סנטה היידי עו,,,קריסמס סנטה היידי 70 גר,גרמים,70.00,100 גרם,false,14,14.90,21.2857,true,1,139329
5941021001247,false,שוקולד היידי גראנדור,,,שוקולד מריר בטעם קפה,גרמים,80.00,100 גרם,false,20,10.90,13.6250,true,1,158863
5941021001254,false,שוקולד היידי גראנדור,,,שוקולד מריר תפוז 80,גרמים,80.00,100 גרם,false,20,10.90,13.6250,true,1,158864
5941021001674,false,שוקולד היידי גראנדור,,,"שוקולד ""היידי"" מריר",גרמים,80.00,100 גרם,false,20,10.90,13.6250,true,1,158866
5941021001735,false,שוקולד סנטה היידי שו,,,סנטה היידי שוכב 110 גר,גרמים,110.00,100 גרם,false,15,19.90,18.0909,true,1,146052
5941021002282,false,בונבוניירה היידי גור,,,בונבוניירה היידי גורמה דובדבן 100 גר,גרמים,100.00,100 גרם,false,1,11.90,11.9000,true,1,169789
5941021003531,false,שוקולד איש שלג היידי,,,איש שלג היידי 20 גר,גרמים,20.00,100 גרם,false,15,3.90,19.5000,true,1,145636
5941021003647,false,שוקולד איש שלג היידי,HEIDI,,איש שלג היידי חלב ולבן 150 גר,גרמים,150.00,100 גרם,false,20,26.90,17.9333,true,1,154618
5941021004446,false,שוקולד קריסמס סנטה ו,,,קריסמס סנטה ואיש שלג היידי 40 גר,גרמים,40.00,100 גרם,false,10,7.90,19.7500,true,1,145635
5941021004989,false,שוקולד איש שלג היידי,,,איש שלג היידי 70 גר,גרמים,70.00,100 גרם,false,14,14.90,21.2857,true,1,146053
5941021005122,false,שוקולד היידי גראנדור,,,שוקולד מריר חמוציות,גרמים,80.00,100 גרם,false,20,10.90,13.6250,true,1,158867
5941021007492,false,שוקולד אייל היידי 70,,,שוקולד אייל היידי 70 גר,גרמים,70.00,100 גרם,false,1,14.90,21.2857,true,1,146054
5941021011277,false,שוקולד פינגווין הייד,,,פינגווין היידי 70 גר,גרמים,70.00,100 גרם,false,14,14.90,21.2857,true,1,146055
5941021013493,false,שוקולד היידי אנגי 70,,,שוקולד היידי אנגי 70 גר,גרמים,70.00,100 גרם,false,14,14.90,21.2857,true,1,160544
5941021019341,false,פינגווין קריסמס היי,,,פינגווין קריסמס היידי 20 גר,גרמים,20.00,100 גרם,false,15,3.90,19.5000,true,1,160546
5941021019358,false,סנטה קריסמס היידי 19,HEIDI,,סנטה קריסמס היידי 190 גר,גרמים,190.00,100 גרם,false,22,29.90,15.7368,true,1,160545
5941021111564,false,קריסמס סנטה מגף הייד,,,קריסמס סנטה מגף היידי 20 גר,גרמים,20.00,100 גרם,false,15,3.90,19.5000,true,1,139330
5941974201961,false,בירה צשסקויה לאגר 50,מארטנס ס.א,,"בירה צשסקויה לאגר 500 מ""ל",מיליליטרים,500.00,"100 מ""ל",false,1,4.90,0.9800,true,1,142938
5941974201978,false,בירה נמטסקויה פילס 5,מארטנס ס.א,,"בירה נמטסקויה פילס 500 מ""ל",מיליליטרים,500.00,"100 מ""ל",false,1,4.90,0.9800,true,1,142939
5941974202494,false,בירה פילזנר בלגית 50,מארטנס ס.א,,"בירה פילזנר בלגית 500 מ""ל",מיליליטרים,500.00,"100 מ""ל",false,1,4.90,0.9800,true,1,152544
5942219000059,false,מים מינרליים בורסק 1,,,מים מינרליים בורסק 1.5 ליטר,ליטרים,1.50,ליטר,false,1,8.90,5.9333,true,1,125065
5996496002855,false,בונבוניירה שרי קווין,,,בונבוניירה שרי קווין 108 גר,גרמים,108.00,100 גרם,false,1,14.90,13.7963,true,1,169100
5997321701806,false,אבקה למניעת אבנית קל,,,"אבקה למניעת אבנית קלגון 1 ק""ג",קילוגרמים,1.00,"ק""ג",false,1,19.90,19.9000,true,1,139570
5998710131877,false,ממתק שוקולד שרי קווי,,,"חטיף ""בונבונטי"" דובדבן בשוקולד 36 גר",גרמים,36.00,100 גרם,false,1,3.90,10.8333,true,1,146582
5998749108536,false,חטיף לחתולים ויסקס ס,ויסקס,PL,"אוכל לחתולים ""ויסקס""",גרמים,60.00,100 גרם,false,1,11.90,19.8333,true,1,125066
5998749108574,false,מזון לחתולים ויסקס ח,ויסקס,PL,"מזון לחתולים ""ויסקס"" בקר 60 גר",גרמים,60.00,100 גרם,false,1,11.90,19.8333,true,1,126811
5998749129746,false,אוכל לחתולים ויסקס א,,,"אוכל לחתולים ויסקס אדולט ביף 1.4 ק""ג",קילוגרמים,1.40,"ק""ג",false,6,49.90,35.6429,true,1,132765
5998749129784,false,אוכל לחתולים ויסקס א,,,"אוכל לחתולים ויסקס אדולט צוקו 1.4 ק""ג",קילוגרמים,1.40,"ק""ג",false,6,49.90,35.6429,true,1,132766
6001067017523,false,מברשת שיניים קולגייט,CP- China-SH,,מברשת שיניים קולגייט לילדים 5,Unknown,0.00,Unknown,false,1,14.90,0.0000,true,1,126599
6001067017530,false,מברשת שיניים קולגייט,CP- China-SH,,מברשת שיניים קולגייט לילדים 2-5,Unknown,0.00,Unknown,false,1,14.90,0.0000,true,1,126598
6001495062577,false,ליקר אמרולה 700 מל,,,ליקר אמרולה 700 מל,מיליליטרים,700.00,"100 מ""ל",false,1,74.90,10.7000,true,1,163714
6003105002645,false,רוטב לסלט עם דבש וחר,INA PAARMANS,ZA,רוטב לסלט עם דבש וחרדל אינה פארמנס,מיליליטרים,300.00,"100 מ""ל",false,12,23.90,7.9667,true,1,146666
6003105003178,false,ציר עוף מרוכז למרק 2,,,ציר עוף מרוכז למרק 200 גר,גרמים,200.00,100 גרם,false,1,29.90,14.9500,true,1,148560
6008165003984,false,פאל מאל כחול סטרים פ,,,פאל מאל כחול סטרים פילטר,Unknown,0.00,Unknown,false,1,30.00,0.0000,false,1,127050
6008165274629,false,פאל מאל כחול ארוך סט,,,פאל מאל כחול ארוך סטרים פילטר,Unknown,0.00,Unknown,false,1,30.00,0.0000,false,1,130564
6009684861000,false,חטיף גרנולה בתוספת ד,,,חטיף גרנולה בתוספת דבש וסירופ מייפל,גרמים,175.00,100 גרם,false,1,9.90,5.6571,true,1,157746
6034114001350,false,מפיות כריסמס חגיגיות,,,מפיות כריסמס חגיגיות,Unknown,0.00,Unknown,false,1,6.90,0.0000,true,1,166756
6111094000198,false,קוסקוס דארי 350 גר,,,קוסקוס דארי 350 גר,גרמים,350.00,100 גרם,false,1,5.90,1.6857,true,1,137602
6111094000242,false,קוסקוס דק להכנה מהיר,Marchesi srl,,"קוסקוס ""דארי"" דק 500",גרמים,500.00,100 גרם,false,1,9.90,1.9800,true,1,123697
6191292305578,false,שלישיית כדורים כתומי,,,שלישיית כדורים כתומים מנצנצים לקישוט 8סמ,Unknown,0.00,Unknown,false,1,19.90,0.0000,true,1,166132
6192192304814,false,כדור חגיגי תלת מימד,,,כדור חגיגי תלת מימד לתלייה,Unknown,0.00,Unknown,false,1,4.90,0.0000,true,1,166653
6192192307877,false,כדור חגיגי כחול תלת,,,כדור חגיגי כחול תלת מימד לתלייה,Unknown,0.00,Unknown,false,1,12.90,0.0000,true,1,166648
6192923012414,false,מארז במגוון צורות אד,,,מארז במגוון צורות אדומות לקישוט,Unknown,0.00,Unknown,false,1,29.90,0.0000,true,1,166633
6192923013251,false,שלישיית קישוטי לב/פע,,IL,שלישיית קישוטי לב לתלייה,Unknown,0.00,Unknown,false,1,19.90,0.0000,true,1,166608
6192923014814,false,רביעיית קוביות במגוו,,IL,רביעיית קוביות במגוון צבעים לתלייה,Unknown,0.00,Unknown,false,1,19.90,0.0000,true,1,166614
6411401072703,false,פייזר שוקולד חלב גיי,,,"בונ"" ""פייזר גיישה"" 1",גרמים,150.00,100 גרם,false,12,19.90,13.2667,true,1,160777
6411401072758,false,פייזר פרליני שוקולד,,,פייזר פרליני שוקולד במילוי וודקה 150 גר,גרמים,150.00,100 גרם,false,12,19.90,13.2667,true,1,160785
6416453072817,false,פייזר שוקולד מריר גי,,,פייזר שוקולד מריר גיישה 150 גר,גרמים,150.00,100 גרם,false,12,19.90,13.2667,true,1,160784
6430016342872,true,חמאה טאוסנד לייק 200,,,חמאה טאוסנד לייק 200 גר,גרמים,200.00,100 גרם,false,,14.90,7.4500,true,1,161654
6569513465316,false,פטריות אופיטה בחומץ,china port,,פטריות אופיטה בחומץ,מיליליטרים,530.00,"100 מ""ל",false,1,14.90,2.8113,true,1,163090
6769798451039,false,עץ אשוח עם אצטרובלים,,,עץ אשוח עם אצטרובלים 210 סמ,Unknown,0.00,Unknown,false,1,799.90,0.0000,true,1,167697
6769798451053,false,עץ אשוח ורוד מושלג 1,,,עץ אשוח ורוד מושלג 150 סמ,Unknown,0.00,Unknown,false,1,399.90,0.0000,true,1,167572
6769798451060,false,עץ אשוח תכלת מושלג 1,,,עץ אשוח תכלת מושלג 150 סמ,Unknown,0.00,Unknown,false,1,399.90,0.0000,true,1,167573
6769798451107,false,עץ אשוח מושלג פירות,,,עץ אשוח מושלג פירות אדומים 180 סמ,Unknown,0.00,Unknown,false,1,499.90,0.0000,true,1,167586
6769798454436,false,זר כריסמס אצטרובלים,,IL,זר כריסמס אצטרובלים ופירות אדומים 40 סמ,Unknown,0.00,Unknown,false,1,69.90,0.0000,true,1,168023
6769798454924,false,זר כריסמס אצטרובלים,,,זר כריסמס אצטרובלים ופירות אדומים 50 סמ,Unknown,0.00,Unknown,false,1,99.90,0.0000,true,1,167684
6769798454993,false,עץ אשוח מושלג פירות,,,עץ אשוח מושלג פירות אדומים ואצטרובלים180,Unknown,0.00,Unknown,false,1,549.90,0.0000,true,1,167582
6865782496045,false,בובת נמר עם כובע 30,,,בובת נמר עם כובע 30 סמ,Unknown,0.00,Unknown,false,1,49.90,0.0000,true,1,167072
6892021500850,false,איש שלג חגיגי 70*22,,,איש שלג חגיגי 70*22 סמ,Unknown,0.00,Unknown,false,1,129.90,0.0000,true,1,166723
6900201973506,true,מתקן לייבוש כביסה 60,,,מתקן ליבוש כביסה 60*105 סמ,Unknown,0.00,Unknown,false,1,99.90,0.0000,true,1,173345
6901001104190,false,שרשרת נורות 10 מטר ש,,,שרשרת נורות 10 מטר שחורה,Unknown,0.00,Unknown,false,1,34.90,0.0000,true,1,166867
6901001104206,false,שרשרת נורות 10 מטר ש,,,שרשרת נורות 10 מטר שקופה,Unknown,0.00,Unknown,false,1,34.90,0.0000,true,1,166868
6901001104213,false,שרשרת נורות 5 מטר שק,,,שרשרת נורות 5 מטר שקופה,Unknown,0.00,Unknown,false,1,24.90,0.0000,true,1,166869
6901022100409,false,גינגר כתוש 95% גינגר,עבדו,,גינגר כתוש 95% גינגר טרי 100 גר,גרמים,100.00,100 גרם,false,1,6.90,6.9000,true,1,173541
6901022100416,false,שום כתוש 95% שום טרי,עבדו,,שום כתוש 95% שום טרי 100 גר,גרמים,100.00,100 גרם,false,1,6.90,6.9000,true,1,173540
6901248680877,false,דג עיט ים מיובש וממו,אקוואטיק,,"דג עיט ים 130 גר""",גרמים,130.00,100 גרם,false,1,16.90,13.0000,true,1,125067
6901248680891,false,טבעות דיונון מעושנים,אקוואטיק,,טבעות דיונן מעושנים 90גרי,גרמים,90.00,100 גרם,false,1,16.90,18.7778,true,1,125068
6901248894090,false,דג ארנה פס שחור 100,אקוואטיק,,דג ארנה פס שחור 100 גר,גרמים,100.00,100 גרם,false,1,15.90,15.9000,true,1,129463
6901248894106,false,זרועות מיובשות 90 גר,ארנה,,זרועות מיובשות 90 גר,גרמים,90.00,100 גרם,false,1,24.90,27.6667,true,1,147728
6901489340240,false,פטריות כבושות מיקס 8,,,פטריות כבושות מיקס 880 מל,מיליליטרים,840.00,"100 מ""ל",false,1,19.90,2.3690,true,1,149010
6901489340257,false,פטריות כבושות אופיאט,,,פטריות כבושות אופיאטה 880 מל,גרמים,840.00,100 גרם,false,1,19.90,2.3690,true,1,149012
6901489340264,false,פטריות כבושות גרוזדי,,,פטריות כבושות גרוזדי 880 מל,גרמים,840.00,100 גרם,false,1,19.90,2.3690,true,1,149011
6901489340271,false,פטריות כבושות בורובי,,,פטריות כבושות בורוביקי 880 מל,גרמים,840.00,100 גרם,false,1,19.90,2.3690,true,1,126528
6902102403939,false,פסלון רגליים תלויות,,,פסלון רגליים תלויות סנטה/אייל/איש שלג,Unknown,0.00,Unknown,false,1,19.90,0.0000,true,1,167136
6902102403984,false,פסלון נר בשק סנטה/אי,,,פסלון נר בשק סנטה/איש שלג 8*6.7*8.7 סמ,Unknown,0.00,Unknown,false,1,12.90,0.0000,true,1,167152
6902106051716,false,כובע סנטה 40*29 סמ ב,,,כובע סנטה 40*29 סמ במגוון דגמים,Unknown,0.00,Unknown,false,1,6.90,0.0000,true,1,166877
6902106052034,false,קשת חד קרן מאיר 23*1,,,קשת חד קרן מאיר 23*18 סמ,Unknown,0.00,Unknown,false,1,19.90,0.0000,true,1,166907
6902106052065,false,משקפיים קרניים של אי,,,משקפיים קרניים של אייל 18*12 סמ,Unknown,0.00,Unknown,false,1,6.90,0.0000,true,1,166910
6902106052072,false,משקפיים כובע סנטה וש,,,משקפיים כובע סנטה ושפם 13*13 סמ,Unknown,0.00,Unknown,false,1,6.90,0.0000,true,1,166911
6910191800287,false,דפי אצות נורי 10 דף,Nantong haida aquati,,דפי אצות נורי 10 דף,גרמים,25.00,100 גרם,false,1,11.90,47.6000,true,1,125519
6912006564889,false,תחפושת לחיות גלימה/ח,,,תחפושת לחיות גלימה/חצאית וכובע סנטה,Unknown,0.00,Unknown,false,1,19.90,0.0000,true,1,167054
6912977000140,false,אטריות שעועית דקות 2,Yantai Yinsida Longk,,אטריות שעועית דקות 250גר,גרמים,250.00,100 גרם,false,1,9.90,3.9600,true,1,127449
6916305932424,false,כדור כסוף דמוי קיפוד,,,כדור כסוף דמוי קיפוד לקישוט,Unknown,0.00,Unknown,false,1,29.90,0.0000,true,1,167613
6916305932486,false,קישוט לראש עץ קרן כח,,IL,קישוט לראש עץ קרן כחול עם תחרה,Unknown,0.00,Unknown,false,1,12.90,0.0000,true,1,167855
6916305932509,false,קישוט לראש עץ קרן זה,,IL,קישוט לראש עץ קרן זהב עם תחרה,Unknown,0.00,Unknown,false,1,12.90,0.0000,true,1,167852
6916305932530,false,קישוט לראש עץ קרן כח,,IL,קישוט לראש עץ קרן כחול/זהב/אדום מבריק,Unknown,0.00,Unknown,false,1,9.90,0.0000,true,1,167854
6916305932622,false,שלישיית בתים אדומים,,,שלישיית בתים אדומים גג מושלג לקישוט,Unknown,0.00,Unknown,false,1,12.90,0.0000,true,1,167875
6916305932677,false,רביעיית אצטרובלים לב,,,רביעיית אצטרובלים לבנים לקישוט,Unknown,0.00,Unknown,false,1,29.90,0.0000,true,1,167629
6916305932691,false,שישיית נטיפים כסופים,,,שישיית נטיפים כסופים לקישוט,Unknown,0.00,Unknown,false,1,24.90,0.0000,true,1,167882
6916305932707,false,חמישיית אצטרובלים כס,,,חמישיית אצטרובלים כסופים לקישוט,Unknown,0.00,Unknown,false,1,19.90,0.0000,true,1,167635
6916305932745,false,רביעיית עצי אשוח כחו,,,רביעיית עצי אשוח כחולים פס כסף לקישוט,Unknown,0.00,Unknown,false,1,19.90,0.0000,true,1,167883
6916305932783,false,מארז כדורים אדום וזה,,,מארז כדורים אדום וזהב לקישוט,Unknown,0.00,Unknown,false,1,19.90,0.0000,true,1,167860
6916305932936,false,מארז כדורים בגווני ס,,,מארז כדורים בגווני סגול וזהב לקישוט,Unknown,0.00,Unknown,false,1,59.90,0.0000,true,1,167639
6916305933087,false,שישיית כדורים אדומים,,,שישיית כדורים אדומים תחרה לבנה לקישוט,Unknown,0.00,Unknown,false,1,29.90,0.0000,true,1,167867
6916305933209,false,כדור כחול עם ציור אי,,,כדור כחול עם ציור אייל וכוכבים לתלייה,Unknown,0.00,Unknown,false,1,19.90,0.0000,true,1,167871
6920221673705,false,זוג ספלים וכפיות כחו,,,זוג ספלים וכפיות כחולים 7.2*7.2 סמ,Unknown,0.00,Unknown,false,1,24.90,0.0000,true,1,166987
6920510424926,false,סוויט בוקס צעצוע ודו,,,סוכ גלי סביט בוקס+מאשה ודוב,Unknown,0.00,Unknown,false,1,11.90,0.0000,true,1,141630
6920510504345,false,צעצוע פרוזן עם ממתק,,,צעצוע פרוזן עם ממתק סוויט בוקס 10 גר,Unknown,0.00,Unknown,false,1,11.90,0.0000,true,1,168882
6920510504369,false,צעצוע מכוניות עם ממת,,,צעצוע מכוניות עם ממתק סוויט בוקס 10 גר,Unknown,0.00,Unknown,false,1,11.90,0.0000,true,1,168883
6920510504383,false,צעצוע נסיכות עם ממתק,,,צעצוע נסיכות עם ממתק סוויט בוקס 10 גר,Unknown,0.00,Unknown,false,1,11.90,0.0000,true,1,168884
6920510504420,false,צעצוע ספיידרמן עם ממ,,,צעצוע ספיידרמן עם ממתק סוויט בוקס 10 גר,Unknown,0.00,Unknown,false,1,11.90,0.0000,true,1,168886
6920510504444,false,צעצוע הנוקמים עם ממת,,,צעצוע הנוקמים עם ממתק סוויט בוקס 10 גר,Unknown,0.00,Unknown,false,1,11.90,0.0000,true,1,168885
6921236832828,false,פיטריות אופיאטה במלח,דליאן ג'יי אנד אן פו,,פיטריות אופיאטה במלח880גר,גרמים,840.00,100 גרם,false,1,23.90,2.8452,true,1,125080
6921236832835,false,פטריות גרוזדי מוחמצו,דליאן ג'יי אנד אן פו,,פיטריות גרוזדי כבושי,גרמים,840.00,100 גרם,false,1,16.90,2.0119,true,1,125081
6921236832842,false,פטריות גרוזדי במלח,דליאן ג'יי אנד אן פו,,פיטריות גרוזדי במלח,גרמים,840.00,100 גרם,false,1,16.90,2.0119,true,1,125082
6921236832859,false,פטריות אופיאטה מוחמצ,דליאן ג'יי אנד אן פו,,פיטריות אופיאטה כבוש,גרמים,880.00,100 גרם,false,1,23.90,2.7159,true,1,125083
6921236832972,false,פטריות מוחמצות 840 ג,דליאן ג'יי אנד אן פו,,פטריות בחומץ 880 מל,גרמים,840.00,100 גרם,false,1,23.90,2.8452,true,1,125087
6921295003146,false,נתחי סורימי 200 גר,,,"נתחי סורימי 200 גר""",גרמים,200.00,100 גרם,false,1,4.90,2.4500,true,1,125092
6921476201088,false,מקלות סורימי 200 גר,,,מקלות סורימי 200 גרם,גרמים,200.00,100 גרם,false,1,5.90,2.9500,true,1,147068
6921476201095,false,נתחי סורימי 200 גר,,,נתחי סורימי 200 גר,גרמים,200.00,100 גרם,false,1,5.90,2.9500,true,1,146764
6922276100083,false,מחית וואסבי 43 גר,Qingdao Sun-growing,,מחית וואסבי 43 גר,גרמים,43.00,100 גרם,false,1,9.90,23.0233,true,1,126110
6922571300607,false,ארנה-דג פוטה עם צילי,ארנה,CN,ארנה-דג פוטה עם צילי 100 גר,גרמים,100.00,100 גרם,false,50,15.90,15.9000,true,1,149248
6922571302076,false,דג מינטאי ארנה מיובש,אקוואטיק,,דג מינטאי ארנה מיובש וממולח 100 גר,גרמים,100.00,100 גרם,false,1,16.90,16.9000,true,1,152107
6922571302083,false,ארנה-זרועות דיונון פ,ארנה,CN,ארנה-זרועות דיונון פרוסות 90 גר,גרמים,90.00,100 גרם,false,50,23.90,26.5556,true,1,149249
6926442680331,false,מקלות סורימי 200 גר,,,"מקלות סורימי 200 גר""",גרמים,200.00,100 גרם,false,1,4.90,2.4500,true,1,125098
6927388792881,false,זוג סנטות לקישוט,,,זוג סנטות לקישוט,Unknown,0.00,Unknown,false,1,3.90,0.0000,true,1,167826
6930642301187,false,גליל דבק להסרת כל לכ,לונג וואן,,גליל דבק להסרת כל לכלוך,Unknown,0.00,Unknown,false,1,9.90,0.0000,true,1,137319
6936745600462,false,רוטב מירין לתיבול מז,Qingdao Sun-growing,,"מירין מיזקאן 500 מ""ל",מיליליטרים,500.00,"100 מ""ל",false,1,24.90,4.9800,true,1,125663
6936745600783,false,חומץ אורז מיצוקאן 50,Qingdao Sun-growing,,"חומץ אורז מיצוקאן 500 מ""ל",מיליליטרים,500.00,"100 מ""ל",false,1,16.90,3.3800,true,1,125662
6942971507031,false,סוויט בוקס צעצוע ודו,גואנגדונג ויסקי פודס,,מארז סוכ גלי בטעם פירות וצעצוע חתולים,Unknown,0.00,Unknown,false,1,11.90,0.0000,true,1,137071
6942971507123,false,סוויט בוקס צעצוע ודו,גואנגדונג ויסקי פודס,,מארז סוכ גלי בטעם פירות וצעצוע כלבים,Unknown,0.00,Unknown,false,1,11.90,0.0000,true,1,137072
6942971508090,false,סוויט בוקס צעצוע ודו,,,מארז סוכ גלי עם צעצוע תינוקות,Unknown,0.00,Unknown,false,1,11.90,0.0000,true,1,138260
6944027000015,false,תה סיני 125 גר,זאינינג קריאלס אואיל,,"תה סיני 125 גר""",מיליליטרים,125.00,"100 מ""ל",false,1,6.90,5.5200,true,1,125105
6944027000428,false,תה ירוק סיני 250 גר,זאינינג קריאלס אואיל,,"תה סיני 250 גר""",גרמים,250.00,100 גרם,false,1,11.90,4.7600,true,1,125106
6944027000725,false,תה ירוק יסמין 100 גר,זאינינג קריאלס אואיל,,"תה סיני ""ג""אסמין"" 10",גרמים,100.00,100 גרם,false,1,9.90,9.9000,true,1,125108
6945620001270,false,אייל לבוש מרובעים 43,,,אייל לבוש מרובעים 43*33*18 סמ,Unknown,0.00,Unknown,false,1,59.90,0.0000,true,1,167132
6952022100081,true,חבילת שיפודים למנגל,,,חבילת שיפודים למנגל 30*0.5 סמ,Unknown,0.00,Unknown,false,1,3.90,0.0000,true,1,168710
6957763801525,false,סאיירה בשמן צמחי 425,,,סאיירה בשמן צמחי 425 גר,גרמים,425.00,100 גרם,false,1,12.90,3.0353,true,1,166147
6959123012329,false,בובת נמר שוכב 30 סמ,,,בובת נמר שוכב 30 סמ,Unknown,0.00,Unknown,false,1,49.90,0.0000,true,1,167101
6959123012459,false,בובת נמר לתלייה עם ע,,,בובת נמר לתלייה עם עניבה 23 סמ,Unknown,0.00,Unknown,false,1,24.90,0.0000,true,1,167111
6970779740091,false,סט דיג לילדים,,,שלישיית טרקטורים צהובים 43*10*9 סמ,Unknown,0.00,Unknown,false,1,24.90,0.0000,true,1,167033
6971289090010,false,פטריות מאסליאטה מוחמ,,,פטריות מאסליאטה מוחמצות שלמות 530 מל,מיליליטרים,530.00,"100 מ""ל",false,1,15.90,3.0000,true,1,142090
6971289090041,false,פטריות לבנות מוחמצות,,,"פטריות לבנות מוחמצות אלפא שלמות 840 מ""ל",מיליליטרים,840.00,"100 מ""ל",false,1,22.90,2.7262,true,1,142944
6971289090065,false,פטריות אופיאטה מוחמצ,,,פטריות אופיאטה מוחמצות שלמות 530 מל,מיליליטרים,530.00,"100 מ""ל",false,1,17.90,3.3774,true,1,142092
6971289090102,false,פטריות אסורטי מוחמצו,,,פטריות אסורטי מוחמצות שלמות 530 מל,מיליליטרים,530.00,"100 מ""ל",false,1,15.90,3.0000,true,1,142093
6978570004046,false,צלוחית ראש אייל לכף,,,צלוחית ראש אייל לכף מטבח 28*9.8*4 סמ,Unknown,0.00,Unknown,false,1,15.90,0.0000,true,1,167901
6989484561563,false,בובת נמר עם סינר נקו,,,בובת נמר עם סינר נקודות 30 סמ,Unknown,0.00,Unknown,false,1,49.90,0.0000,true,1,167112
7271730901261,false,ארוחת אטריות ווקי מא,,,ארוחת אטריות ווקי מאק עם גבינה 156 גר,גרמים,156.00,100 גרם,false,1,12.90,8.2692,true,1,146188
7290000000018,false,כרוב קייל,ירק הגליל,,כרוב קייל,Unknown,0.00,Unknown,false,1,12.90,0.0000,true,1,116516
7290000000169,false,תפוח אדמה לאפיה,ביכורי שדה דרום 2002,,"תפו""א לאפיה",קילוגרמים,1.00,"ק""ג",true,,2.90,2.9000,true,1,116940
7290000000202,false,סלמי כפרית פרוס,ישרקו שיווק מותגי מז,,סלמי כפרית פרוס,קילוגרמים,1.00,"ק""ג",true,,165.00,165.0000,true,1,117429
7290000000203,false,סלמי מילאנו פרוס,ישרקו שיווק מותגי מז,,סלמי מילנו פרוס,קילוגרמים,1.00,"ק""ג",true,,165.00,165.0000,true,1,114489
7290000000204,false,סלמי הרץ,ישרקו שיווק מותגי מז,,סלמי הרץ פרוס,קילוגרמים,1.00,"ק""ג",true,,149.00,149.0000,true,1,116985
7290000000205,false,מוסקובסקייה פרוס,ישרקו שיווק מותגי מז,,מוסקובסקייה פרוס,קילוגרמים,1.00,"ק""ג",true,,119.00,119.0000,true,1,114490
7290000000213,false,פריזר עגל,ישרקו שיווק מותגי מז,,פריזר עגל,קילוגרמים,1.00,"ק""ג",true,,49.00,49.0000,true,1,117439
7290000000217,false,סלמי פפרוני,ישרקו שיווק מותגי מז,,סלמי פפרוני,קילוגרמים,1.00,"ק""ג",true,,165.00,165.0000,true,1,115661
7290000000219,false,זלץ לבן,ישרקו שיווק מותגי מז,,זלץ לבן,קילוגרמים,1.00,"ק""ג",true,,85.00,85.0000,true,1,115121
7290000000220,false,נקניקיות קיבוצניה,ישרקו שיווק מותגי מז,,נקניקיות קיבוצניה,קילוגרמים,1.00,"ק""ג",true,,49.00,49.0000,true,1,116134
7290000000221,false,נקניק קרוביאנקה,ישרקו שיווק מותגי מז,,נקניק קרוביאנקה,קילוגרמים,1.00,"ק""ג",true,,75.00,75.0000,true,1,116136
7290000000222,false,וטצינה מוסקובסקיה,ישרקו שיווק מותגי מז,,"וטצ""ינה מוסקובסקיה",קילוגרמים,1.00,"ק""ג",true,,149.00,149.0000,true,1,114610
7290000000227,false,פודקובה,ישרקו שיווק מותגי מז,,פודקובה,קילוגרמים,1.00,"ק""ג",true,,72.00,72.0000,true,1,115131
7290000000228,false,סלמי הונגרי,ישרקו שיווק מותגי מז,,סלמי הונגרי,קילוגרמים,1.00,"ק""ג",true,,165.00,165.0000,true,1,117453
7290000000229,false,סלמי צרפתי,ישרקו שיווק מותגי מז,,סלמי צרפתי,קילוגרמים,1.00,"ק""ג",true,,165.00,165.0000,true,1,114615
7290000000230,false,רוסקי סרוולט,ישרקו שיווק מותגי מז,,רוסקי סרוולט,קילוגרמים,1.00,"ק""ג",true,,155.00,155.0000,true,1,115132
7290000000231,false,סרוולט מוסקובסקי,ישרקו שיווק מותגי מז,,סרוולט מוסקובסקי,קילוגרמים,1.00,"ק""ג",true,,155.00,155.0000,true,1,114509
7290000000234,false,סלה ביתי/הונגרי,ישרקו שיווק מותגי מז,,סלה כל הסוגים,קילוגרמים,1.00,"ק""ג",true,,105.00,105.0000,true,1,114712
7290000000238,false,רו סרוולט,ישרקו שיווק מותגי מז,,רו-סרוולט,קילוגרמים,1.00,"ק""ג",true,,155.00,155.0000,true,1,114714
7290000000239,false,סלמי ספרטק,ישרקו שיווק מותגי מז,,סלמי ספרטק,קילוגרמים,1.00,"ק""ג",true,,155.00,155.0000,true,1,115681
7290000000243,false,נקניק סבינייה,ישרקו שיווק מותגי מז,,נקניק סבינייה,קילוגרמים,1.00,"ק""ג",true,,179.00,179.0000,true,1,116576
7290000000246,false,סרוולט אוסטרי,ישרקו שיווק מותגי מז,,סרוולט אוסטרי,קילוגרמים,1.00,"ק""ג",true,,169.00,169.0000,true,1,114624
7290000000247,false,סלמי בקר גרנאדה,ישרקו שיווק מותגי מז,,סלמי נאפולי,קילוגרמים,1.00,"ק""ג",true,,79.00,79.0000,true,1,115713
7290000000248,false,פרושוטו רוסי,ישרקו שיווק מותגי מז,,פרושוטו רוסי,קילוגרמים,1.00,"ק""ג",true,,199.00,199.0000,true,1,114625
7290000000249,false,סרוולט קופצסקיי,ישרקו שיווק מותגי מז,,"סרוולט קופצ""סקי",קילוגרמים,1.00,"ק""ג",true,,115.00,115.0000,true,1,114722
7290000000250,false,סלמי פינלנד,ישרקו שיווק מותגי מז,,סלמי פינלנד,קילוגרמים,1.00,"ק""ג",true,,155.00,155.0000,true,1,116152
7290000000251,false,שינקן פולני חצי,ישרקו שיווק מותגי מז,,שינקן פולני חצי,קילוגרמים,1.00,"ק""ג",true,,125.00,125.0000,true,1,114628
7290000000255,false,פפרוני עגל,ישרקו שיווק מותגי מז,,פפרוני עגל,קילוגרמים,1.00,"ק""ג",true,,159.00,159.0000,true,1,117025
7290000000257,false,שוק מעושן,ישרקו שיווק מותגי מז,,שוק מעושן/חזירון חצי,קילוגרמים,1.00,"ק""ג",true,,109.00,109.0000,true,1,117466
7290000000267,false,אסאדו לבן,ישרקו שיווק מותגי מז,,אסאדו לבן,קילוגרמים,1.00,"ק""ג",true,,139.00,139.0000,true,1,117474
7290000000268,false,בסטורמה ארמנית,ישרקו שיווק מותגי מז,,בסטרומה ארמנית,קילוגרמים,1.00,"ק""ג",true,,219.00,219.0000,true,1,114926
7290000000271,false,שינקה מעושן,ישרקו שיווק מותגי מז,,שינקה מעושן,קילוגרמים,1.00,"ק""ג",true,,135.00,135.0000,true,1,117033
7290000000272,false,נקניקיות סליבוצניה,ישרקו שיווק מותגי מז,,"נקניקיות סליבוצ""ניה",קילוגרמים,1.00,"ק""ג",true,,59.00,59.0000,true,1,115730
7290000000273,false,פרושוטו,ישרקו שיווק מותגי מז,,פרושוטו,קילוגרמים,1.00,"ק""ג",true,,309.00,309.0000,true,1,117477
7290000000285,false,נקניק אגסי,ישרקו שיווק מותגי מז,,נקניק אגסי,קילוגרמים,1.00,"ק""ג",true,,179.00,179.0000,true,1,117040
7290000000289,false,לשון זליבנוי טילצי,ישרקו שיווק מותגי מז,,"לשון זליבנוי טילצ""י",קילוגרמים,1.00,"ק""ג",true,,89.00,89.0000,true,1,114939
7290000000390,false,נקניק בריאנסקיה,"ולדמן ביח""ר לנקניק ו",,נקניק בריאנסקיה,קילוגרמים,1.00,"ק""ג",true,,79.00,79.0000,true,1,114973
7290000000396,false,פריזר אליטניה,"ולדמן ביח""ר לנקניק ו",,פריזר אליטנאיה,קילוגרמים,1.00,"ק""ג",true,,85.00,85.0000,true,1,114683
7290000000403,false,עוף מעושן,"ולדמן ביח""ר לנקניק ו",,עוף מעושן,קילוגרמים,1.00,"ק""ג",true,,49.00,49.0000,true,1,114975
7290000000404,false,וטצינה רוסקיה,"ולדמן ביח""ר לנקניק ו",,"ויצ""ינה רוסקיה",קילוגרמים,1.00,"ק""ג",true,,119.00,119.0000,true,1,116186
7290000000406,false,קוסטיצה/מילאנו/אפוי,"ולדמן ביח""ר לנקניק ו",,קוסטיצה/מילנו/אפוי,קילוגרמים,1.00,"ק""ג",true,,199.00,199.0000,true,1,114689
7290000000409,false,בוזנינה הודו ביתית,"ולדמן ביח""ר לנקניק ו",,בוזנינה הודו ביתית,קילוגרמים,1.00,"ק""ג",true,,69.00,69.0000,true,1,114981
7290000000414,false,נקניק קרקובסקיה,"ולדמן ביח""ר לנקניק ו",,נקניק קרקובסקיה,קילוגרמים,1.00,"ק""ג",true,,109.00,109.0000,true,1,116647
7290000000423,false,ישבן הודו מעושן,"ולדמן ביח""ר לנקניק ו",,ישבן הודו מעושן,קילוגרמים,1.00,"ק""ג",true,,29.00,29.0000,true,1,115399
7290000000424,false,נקניק סרוולט,"ולדמן ביח""ר לנקניק ו",,נקניק סרוולד,קילוגרמים,1.00,"ק""ג",true,,99.00,99.0000,true,1,116198
7290000000425,false,בוט מלוצניה מעושן,"ולדמן ביח""ר לנקניק ו",,"בוט מלוצ""ניה מעושן (",קילוגרמים,1.00,"ק""ג",true,,79.00,79.0000,true,1,115787
7290000000426,false,נקניק פולטבסקיה,"ולדמן ביח""ר לנקניק ו",,נקניק פלטבסקיה,קילוגרמים,1.00,"ק""ג",true,,119.00,119.0000,true,1,114987
7290000000432,false,נקניק דטסקיה,"ולדמן ביח""ר לנקניק ו",,נקניק דטסקיה,קילוגרמים,1.00,"ק""ג",true,,69.00,69.0000,true,1,115401
7290000000436,false,בוט דיאטטי מעושן,"ולדמן ביח""ר לנקניק ו",,בוט דיאטטי מעושן,קילוגרמים,1.00,"ק""ג",true,,79.00,79.0000,true,1,116653
7290000000437,false,בוזנינה חזיר ביתית,"ולדמן ביח""ר לנקניק ו",,בוזנינה חזיר ביתית,קילוגרמים,1.00,"ק""ג",true,,119.00,119.0000,true,1,115789
7290000000440,false,פסטרמה מחולקת,"ולדמן ביח""ר לנקניק ו",,פסטרמה מחולקת,קילוגרמים,1.00,"ק""ג",true,,125.00,125.0000,true,1,117092
7290000000441,false,נקניק פרח פרוס,"ולדמן ביח""ר לנקניק ו",,נקניק פרח פרוס,קילוגרמים,1.00,"ק""ג",true,,99.00,99.0000,true,1,114705
7290000000444,false,קופצסקי סרוולט,"ולדמן ביח""ר לנקניק ו",,"קופצ""סקי סרוולד",קילוגרמים,1.00,"ק""ג",true,,99.00,99.0000,true,1,117094
7290000000445,false,בוזנינה כפרית,"ולדמן ביח""ר לנקניק ו",,"בוז""נינה כפרית",קילוגרמים,1.00,"ק""ג",true,,119.00,119.0000,true,1,115402
7290000000447,false,ציגיינר,"ולדמן ביח""ר לנקניק ו",,ציגיינר,קילוגרמים,1.00,"ק""ג",true,,119.00,119.0000,true,1,117095
7290000000448,false,קייזר גרודינקה,"ולדמן ביח""ר לנקניק ו",,קייזר גרודינקה,קילוגרמים,1.00,"ק""ג",true,,189.00,189.0000,true,1,117539
7290000000450,false,פריזר דוקטורסקייה/מי,"ולדמן ביח""ר לנקניק ו",,פריזר דוקטורסקייה/מיני,קילוגרמים,1.00,"ק""ג",true,,59.00,59.0000,true,1,116206
7290000000455,false,לקס לבן,"ולדמן ביח""ר לנקניק ו",,לקס לבן,קילוגרמים,1.00,"ק""ג",true,,159.00,159.0000,true,1,114994
7290000000456,false,פרלמנט,"ולדמן ביח""ר לנקניק ו",,פרלמנט,קילוגרמים,1.00,"ק""ג",true,,89.00,89.0000,true,1,114995
7290000000459,false,פסטרמה לבן עם פלפל/ג,"ולדמן ביח""ר לנקניק ו",,פסטרמה לבן (כל הסוגי,קילוגרמים,1.00,"ק""ג",true,,115.00,115.0000,true,1,115406
7290000000463,false,רולדה קרפצקיה,"ולדמן ביח""ר לנקניק ו",,רולדה קרפצקיה,קילוגרמים,1.00,"ק""ג",true,,189.00,189.0000,true,1,116660
7290000000468,false,כרעיים/שוקיים עוף מע,"ולדמן ביח""ר לנקניק ו",,כרעיים/שוקיים עוף מע,קילוגרמים,1.00,"ק""ג",true,,49.00,49.0000,true,1,116212
7290000000470,false,קייזר כפול/עם תבליני,"ולדמן ביח""ר לנקניק ו",,קייזר כפול/עם תבלחנים,קילוגרמים,1.00,"ק""ג",true,,189.00,189.0000,true,1,116213
7290000000472,false,ליפצקיה,"ולדמן ביח""ר לנקניק ו",,ליפצקיה,קילוגרמים,1.00,"ק""ג",true,,99.00,99.0000,true,1,117102
7290000000473,false,קבנוס בווארסקיי,"ולדמן ביח""ר לנקניק ו",,קבנוס בוורסקיי,קילוגרמים,1.00,"ק""ג",true,,109.00,109.0000,true,1,115421
7290000000478,false,לשון בקר מבושל,"ולדמן ביח""ר לנקניק ו",,לשון בקר מבושל,קילוגרמים,1.00,"ק""ג",true,,85.00,85.0000,true,1,114999
7290000000484,false,נקניקיות גבינה,"ולדמן ביח""ר לנקניק ו",,נקניקיות גבינה,קילוגרמים,1.00,"ק""ג",true,,65.00,65.0000,true,1,117109
7290000000485,false,בייקון חי/פרשוטו,"ולדמן ביח""ר לנקניק ו",,בייקון חי/פרשוטו,קילוגרמים,1.00,"ק""ג",true,,189.00,189.0000,true,1,115001
7290000000486,false,נקניק סרוולט אורחובי,"ולדמן ביח""ר לנקניק ו",,נקניק סרוולט אורחובי,קילוגרמים,1.00,"ק""ג",true,,99.00,99.0000,true,1,115800
7290000000489,false,נקניק גורודסקאיה,"ולדמן ביח""ר לנקניק ו",,נקניק גורודסקאיה,קילוגרמים,1.00,"ק""ג",true,,99.00,99.0000,true,1,115429
7290000000491,false,נקניקיות וטציניה טבע,"ולדמן ביח""ר לנקניק ו",,"נקניקיות ויצ""ינה טבע",קילוגרמים,1.00,"ק""ג",true,,69.00,69.0000,true,1,116676
7290000000495,false,קבנוס פראג,"ולדמן ביח""ר לנקניק ו",,קבנוס פראג,קילוגרמים,1.00,"ק""ג",true,,99.00,99.0000,true,1,115006
7290000000496,false,נקניק סלמי בוט,"ולדמן ביח""ר לנקניק ו",,נקניק סלמי בוט,קילוגרמים,1.00,"ק""ג",true,,109.00,109.0000,true,1,114742
7290000000497,false,וטצינה אוסטרי,"ולדמן ביח""ר לנקניק ו",,וטצינה אוסטרי,קילוגרמים,1.00,"ק""ג",true,,110.00,110.0000,true,1,116677
7290000000499,false,בוזנינה עוף,"ולדמן ביח""ר לנקניק ו",,בוזנינה עוף,קילוגרמים,1.00,"ק""ג",true,,59.00,59.0000,true,1,117553
7290000000500,false,פריזר רוסי גדול,מעדני מניה תעשיות בש,,פריזר רוסי גדול,קילוגרמים,1.00,"ק""ג",true,,69.00,69.0000,true,1,115804
7290000000501,false,קרמליובסקיה,מעדני מניה תעשיות בש,,קרמליובסקיה,קילוגרמים,1.00,"ק""ג",true,,155.00,155.0000,true,1,116228
7290000000511,false,גולן פרוס,מעדני מניה תעשיות בש,,גולן פרוס,קילוגרמים,1.00,"ק""ג",true,,109.00,109.0000,true,1,114744
7290000000512,false,דליקטסנייה פרוס,מעדני מניה תעשיות בש,,דליקטסנייה פרוס,קילוגרמים,1.00,"ק""ג",true,,95.00,95.0000,true,1,115806
7290000000513,false,אסאדו על האש,מעדני מניה תעשיות בש,,אסאדו על האש,קילוגרמים,1.00,"ק""ג",true,,129.00,129.0000,true,1,116681
7290000000518,false,וינר חדש,מעדני מניה תעשיות בש,,וינר חדש,קילוגרמים,1.00,"ק""ג",true,,69.00,69.0000,true,1,115808
7290000000521,false,בסטורמה בקר,מעדני מניה תעשיות בש,,בסטרומה בקר,קילוגרמים,1.00,"ק""ג",true,,135.00,135.0000,true,1,115447
7290000000522,false,וינר חדש עבה,מעדני מניה תעשיות בש,,וינר חדש עבה,קילוגרמים,1.00,"ק""ג",true,,69.00,69.0000,true,1,116230
7290000000524,false,פסטרמה הונגרית,מעדני מניה תעשיות בש,,פסטרמה הונגרית,קילוגרמים,1.00,"ק""ג",true,,129.00,129.0000,true,1,116683
7290000000526,false,קנקרס מעושן,מעדני מניה תעשיות בש,,"קנקרס לבן/מעושן, קוק",קילוגרמים,1.00,"ק""ג",true,,35.00,35.0000,true,1,115812
7290000000529,false,נקניק לוביטלסקיה לבן,מעדני מניה תעשיות בש,,נקניק לוביטלסקיה לבן,קילוגרמים,1.00,"ק""ג",true,,69.00,69.0000,true,1,115813
7290000000533,false,בייקון חי,מעדני מניה תעשיות בש,,בייקון חי,קילוגרמים,1.00,"ק""ג",true,,189.00,189.0000,true,1,116684
7290000000535,false,רולדה/רולדה פלפל/פפר,מעדני מניה תעשיות בש,,רולדה/רולדה פלפל/פפר,קילוגרמים,1.00,"ק""ג",true,,139.00,139.0000,true,1,116685
7290000000536,false,פרושוטו חי,מעדני מניה תעשיות בש,,פרושוטו חי,קילוגרמים,1.00,"ק""ג",true,,159.00,159.0000,true,1,114747
7290000000537,false,לקס צוואר,מעדני מניה תעשיות בש,,לקס צוואר,קילוגרמים,1.00,"ק""ג",true,,189.00,189.0000,true,1,115192
7290000000543,false,נקניק אוכוטניציה,מעדני מניה תעשיות בש,,"נקניק אוכוטניצ""יה",קילוגרמים,1.00,"ק""ג",true,,95.00,95.0000,true,1,115462
7290000000553,false,קייזר,מעדני מניה תעשיות בש,,קייזר,קילוגרמים,1.00,"ק""ג",true,,129.00,129.0000,true,1,115820
7290000000554,false,נקניק חי כפרי,מעדני מניה תעשיות בש,,נקניק חי כפרי,קילוגרמים,1.00,"ק""ג",true,,159.00,159.0000,true,1,116234
7290000000555,false,גרמני,מעדני מניה תעשיות בש,,גרמני,קילוגרמים,1.00,"ק""ג",true,,109.00,109.0000,true,1,115195
7290000000557,false,עצמות מעושנות,מעדני מניה תעשיות בש,,עצמות מעושנות,קילוגרמים,1.00,"ק""ג",true,,39.00,39.0000,true,1,117124
7290000000559,false,נקניק רוסקיה,מעדני מניה תעשיות בש,,נקניק רוסקיה,קילוגרמים,1.00,"ק""ג",true,,155.00,155.0000,true,1,117557
7290000000570,false,סרוולט,מעדני מניה תעשיות בש,,סרוולט,קילוגרמים,1.00,"ק""ג",true,,159.00,159.0000,true,1,117567
7290000000572,false,צוואר פיקנטי,מעדני מניה תעשיות בש,,צוואר פיקנטי,קילוגרמים,1.00,"ק""ג",true,,129.00,129.0000,true,1,117569
7290000000573,false,נקניק קייבסקיה,מעדני מניה תעשיות בש,,נקניק קייבסקיה,קילוגרמים,1.00,"ק""ג",true,,95.00,95.0000,true,1,115488
7290000000575,false,פסטרמה דליקטסניה,מעדני מניה תעשיות בש,,פסטרמה דליקטסניה,קילוגרמים,1.00,"ק""ג",true,,99.00,99.0000,true,1,115489
7290000000576,false,בראונשבייגסקייה,מעדני מניה תעשיות בש,,בראונשבייסקייה,קילוגרמים,1.00,"ק""ג",true,,155.00,155.0000,true,1,117132
7290000000579,false,שומן מעושן,מעדני מניה תעשיות בש,,שומן מעושן,קילוגרמים,1.00,"ק""ג",true,,99.00,99.0000,true,1,117133
7290000000585,false,צוואר מעושן,מעדני מניה תעשיות בש,,צוואר מעושן,קילוגרמים,1.00,"ק""ג",true,,129.00,129.0000,true,1,117572
7290000000587,false,נקניקיות עוף לילדים,מעדני מניה תעשיות בש,,נקניקיות עוף לילדים,קילוגרמים,1.00,"ק""ג",true,,35.00,35.0000,true,1,114764
7290000000593,false,גרודינקה בסרבסקיה,,,גרודינקה בסרבסקיה,קילוגרמים,1.00,"ק""ג",true,,79.00,79.0000,true,1,115206
7290000000600,false,סלמי רוונה,קרלברג ייצור ושיווק,,סלמי רוונה,קילוגרמים,1.00,"ק""ג",true,,99.00,99.0000,true,1,116249
7290000000601,false,סלמי פארמה,קרלברג ייצור ושיווק,,סלמי פארמה,קילוגרמים,1.00,"ק""ג",true,,99.00,99.0000,true,1,115208
7290000000602,false,נקניק מוסקובסקיה חצי,קרלברג ייצור ושיווק,,נקניק מוסקובסקיה חצי יבש,קילוגרמים,1.00,"ק""ג",true,,89.00,89.0000,true,1,117138
7290000000619,false,פסטרמה הודו מרובע,קרלברג ייצור ושיווק,,פסטרמה הודו מרובע,קילוגרמים,1.00,"ק""ג",true,,59.00,59.0000,true,1,117154
7290000000640,false,הודו פרפר רגיל/פלפל/,קרלברג ייצור ושיווק,,הודו פרפר רגיל/פלפל/,קילוגרמים,1.00,"ק""ג",true,,59.00,59.0000,true,1,115864
7290000000652,false,"עצמות ב"" מעושנות",קרלברג ייצור ושיווק,,"עצמות ב"" מעושנות",קילוגרמים,1.00,"ק""ג",true,,42.00,42.0000,true,1,115232
7290000000806,false,פסטרמה הודו סילאן מפ,,,פסטרמה הודו סילאן מפולפלת,קילוגרמים,1.00,"ק""ג",true,,79.00,79.0000,true,1,165435
7290000000807,false,סרוולט פרימיום בנוסח,,,סרוולד פרימיום בנוסח איטלקי,קילוגרמים,1.00,"ק""ג",true,,139.00,139.0000,true,1,165434
7290000000821,false,פסטרמה חזה הודו בדבש,,,פסטרמה רומנית,קילוגרמים,1.00,"ק""ג",true,,69.00,69.0000,true,1,153323
7290000000822,false,סלמי מעושן איטלקי טי,,,סלמי מעושן איטלקי טירת צבי,קילוגרמים,1.00,"ק""ג",true,,69.00,69.0000,true,1,116833
7290000000825,false,כתף בקר מפולפל טירת,,,נקניק בוקובינסקיה מעושן,קילוגרמים,1.00,"ק""ג",true,,95.00,95.0000,true,1,114901
7290000000830,false,בוזנינה רגילה,מעדני מניה תעשיות בש,,"בוז""נינה רגילה",קילוגרמים,1.00,"ק""ג",true,,129.00,129.0000,true,1,115974
7290000000831,false,רוחברג,מעדני מניה תעשיות בש,,רוחברג,קילוגרמים,1.00,"ק""ג",true,,155.00,155.0000,true,1,117274
7290000000832,false,פריזר ביצה,מעדני מניה תעשיות בש,,פריזר ביצה,קילוגרמים,1.00,"ק""ג",true,,39.00,39.0000,true,1,117275
7290000000834,false,נקניק הרץ,מעדני מניה תעשיות בש,,נקניק הרץ,קילוגרמים,1.00,"ק""ג",true,,95.00,95.0000,true,1,117686
7290000000841,false,נקניק סלמי גרמני,מעדני בשר השוקת,,נקניק סלמי גרמני,קילוגרמים,1.00,"ק""ג",true,,155.00,155.0000,true,1,115977
7290000000850,false,קרקובסקיה דימוב,מעדני בשר השוקת,,קרקובסקיה דימוב,קילוגרמים,1.00,"ק""ג",true,,99.00,99.0000,true,1,115694
7290000000853,false,נקניק וארשבסקיה דימו,מעדני בשר השוקת,,נקניק וארשבסקיה של דימוב,קילוגרמים,1.00,"ק""ג",true,,109.00,109.0000,true,1,116837
7290000000857,false,סלמי פינסקיה דימוב,מעדני בשר השוקת,,סלמי פינסקיה דימוב,קילוגרמים,1.00,"ק""ג",true,,99.00,99.0000,true,1,115695
7290000000858,false,בליקוביה דימוב,מעדני בשר השוקת,,בליקוביה דימוב,קילוגרמים,1.00,"ק""ג",true,,109.00,109.0000,true,1,115978
7290000000883,false,מרטדלה איטלקי עם זית,ישרקו שיווק מותגי מז,,מרטדלה איטלקית עם זיתים,קילוגרמים,1.00,"ק""ג",true,,62.00,62.0000,true,1,115980
7290000000885,false,נקניק מורטדלה איטלקי,ישרקו שיווק מותגי מז,,נקניק מורטדלה איטלקי,קילוגרמים,1.00,"ק""ג",true,,65.00,65.0000,true,1,115344
7290000000901,false,נקניקיות שפיקצקי,מעדני בשר השוקת,,"נקניקיות שפיקצ""קי",קילוגרמים,1.00,"ק""ג",true,,69.00,69.0000,true,1,117694
7290000000918,false,סלמי פולני,מעדני בשר השוקת,,סלמי פולני,קילוגרמים,1.00,"ק""ג",true,,85.00,85.0000,true,1,117282
7290000001010,false,נקניק אבא הרמן פרוס,מעדני מניה תעשיות בש,,נקניק אבא הרמן פרוס,קילוגרמים,1.00,"ק""ג",true,,155.00,155.0000,true,1,114220
7290000001011,false,זרניסטיה,מעדני מניה תעשיות בש,,זרניסטיה,קילוגרמים,1.00,"ק""ג",true,,155.00,155.0000,true,1,114221
7290000001012,false,טוסקנה,מעדני מניה תעשיות בש,,טוסקנה,קילוגרמים,1.00,"ק""ג",true,,159.00,159.0000,true,1,114241
7290000001016,false,מילאנו חי,מעדני מניה תעשיות בש,,מילנו חי,קילוגרמים,1.00,"ק""ג",true,,155.00,155.0000,true,1,114463
7290000001025,false,קוניאק ניקול,מעדני מניה תעשיות בש,,קוניאק ניקול,קילוגרמים,1.00,"ק""ג",true,,155.00,155.0000,true,1,114466
7290000001026,false,פרובנס,מעדני מניה תעשיות בש,,פרובנס,קילוגרמים,1.00,"ק""ג",true,,155.00,155.0000,true,1,114244
7290000001032,false,פריזר צהוב גדול,מעדני מניה תעשיות בש,,פריזר צהוב גדול,קילוגרמים,1.00,"ק""ג",true,,35.00,35.0000,true,1,114149
7290000001037,false,פולני,מעדני מניה תעשיות בש,,פולני,קילוגרמים,1.00,"ק""ג",true,,59.00,59.0000,true,1,114246
7290000001040,false,נקניק אקסטרה,מעדני מניה תעשיות בש,,נקניק אקסטרה,קילוגרמים,1.00,"ק""ג",true,,39.00,39.0000,true,1,114343
7290000001051,false,רולדה עוף,מעדני ויטו שיווק ויי,,רולדה עוף,קילוגרמים,1.00,"ק""ג",true,,65.00,65.0000,true,1,114469
7290000001053,false,לשון בקר בגל תאומים,מעדני ויטו שיווק ויי,,לשון בקר בגל תאומים,קילוגרמים,1.00,"ק""ג",true,,89.00,89.0000,true,1,114169
7290000001072,false,פסטרמה הודו מעושנת,קרלברג ייצור ושיווק,,נקניק צרסקיה,קילוגרמים,1.00,"ק""ג",true,,59.00,59.0000,true,1,114233
7290000001073,false,פסטרמה הודו מקסיקנית,קרלברג ייצור ושיווק,,נקניק דבוריאנסקיה,קילוגרמים,1.00,"ק""ג",true,,59.00,59.0000,true,1,114234
7290000001075,false,מעדן אווז,קרלברג ייצור ושיווק,,נקניק ונסקיה,קילוגרמים,1.00,"ק""ג",true,,95.00,95.0000,true,1,114235
7290000001077,false,כתף בקר מעושן,קרלברג ייצור ושיווק,,טורינו חי,קילוגרמים,1.00,"ק""ג",true,,85.00,85.0000,true,1,115995
7290000001078,false,כתף בקר פלפל,קרלברג ייצור ושיווק,,סלמי אוקראינסקיה,קילוגרמים,1.00,"ק""ג",true,,85.00,85.0000,true,1,115996
7290000001128,false,נקניקיות פרנקפורט בק,מעדני מניה תעשיות בש,,נקניקיות פרנקפורט בקר,קילוגרמים,1.00,"ק""ג",true,,49.00,49.0000,true,1,126046
7290000001132,false,פריזר צהוב קטן,מעדני מניה תעשיות בש,,פריזר צהוב קטן,קילוגרמים,1.00,"ק""ג",true,,35.00,35.0000,true,1,126880
7290000001140,false,פריזר תה בייבי,מעדני מניה תעשיות בש,,"נקניק פריזר תה צ""איניה בייבי",קילוגרמים,1.00,"ק""ג",true,,65.00,65.0000,true,1,126102
7290000001144,false,שייקה מוסקובסקיה,מעדני מניה תעשיות בש,,שייקה מוסקובסקיה,קילוגרמים,1.00,"ק""ג",true,,110.00,110.0000,true,1,128919
7290000001216,false,נקניקיות פרגית,ישרקו שיווק מותגי מז,,נקניקיות פרגית,קילוגרמים,1.00,"ק""ג",true,,36.00,36.0000,true,1,114369
7290000001219,false,רולדה פיטרסקייה,ישרקו שיווק מותגי מז,,רולדה פיטרסקייה,קילוגרמים,1.00,"ק""ג",true,,99.00,99.0000,true,1,116436
7290000001220,false,פטה כבד עוף בלוק,ישרקו שיווק מותגי מז,,פטה כבד עוף בלוק,קילוגרמים,1.00,"ק""ג",true,,85.00,85.0000,true,1,115407
7290000001257,false,שוק חזירון,ישרקו שיווק מותגי מז,,שוק חזירון,קילוגרמים,1.00,"ק""ג",true,,119.00,119.0000,true,1,156800
7290000001285,false,נקניק אגסי שלם,ישרקו שיווק מותגי מז,,נקניק אגסי,קילוגרמים,1.00,"ק""ג",true,,176.00,176.0000,true,1,132838
7290000001288,false,פטה אווז בלוק,ישרקו שיווק מותגי מז,,פטה אווז בלוק,קילוגרמים,1.00,"ק""ג",true,,69.00,69.0000,true,1,150952
7290000001391,false,שינקן מבושל/מעושן,"ולדמן ביח""ר לנקניק ו",,שינקן מבושל/מעושן,קילוגרמים,1.00,"ק""ג",true,,119.00,119.0000,true,1,114385
7290000001396,false,פריזר אליטניה מיני,"ולדמן ביח""ר לנקניק ו",,פריזר אליטניה מיני,קילוגרמים,1.00,"ק""ג",true,,85.00,85.0000,true,1,115041
7290000001401,false,נקניק סופר דומשניה,"ולדמן ביח""ר לנקניק ו",,נקניק סופר דומאשניה,קילוגרמים,1.00,"ק""ג",true,,119.00,119.0000,true,1,117344
7290000001417,false,נקניק ליברנייה,"ולדמן ביח""ר לנקניק ו",,נקניק ליברנייה,קילוגרמים,1.00,"ק""ג",true,,69.00,69.0000,true,1,128733
7290000001435,false,כנפיים הודו מעושנות,"ולדמן ביח""ר לנקניק ו",,כנפיים הודו מעושן,קילוגרמים,1.00,"ק""ג",true,,49.00,49.0000,true,1,128706
7290000001437,false,בוזנינה פסטיבל ביתי,"ולדמן ביח""ר לנקניק ו",,בוזנינה פסטיבל ביתי,קילוגרמים,1.00,"ק""ג",true,,119.00,119.0000,true,1,128709
7290000001438,false,אסאדו חזיר מעושן,"ולדמן ביח""ר לנקניק ו",,אסאדו חזיר מעושן,קילוגרמים,1.00,"ק""ג",true,,119.00,119.0000,true,1,128708
7290000001440,false,ציגיינר אפוי,"ולדמן ביח""ר לנקניק ו",,צגיינר אפוי,קילוגרמים,1.00,"ק""ג",true,,115.00,115.0000,true,1,128710
7290000001446,false,אוסובוקו מעושן עם עו,"ולדמן ביח""ר לנקניק ו",,אוסובוקו מעושן עם עור,קילוגרמים,1.00,"ק""ג",true,,55.00,55.0000,true,1,128711
7290000001447,false,סינטה בוזנינה ביתית,"ולדמן ביח""ר לנקניק ו",,סינטה בוזינינה ביתית,קילוגרמים,1.00,"ק""ג",true,,145.00,145.0000,true,1,116912
7290000001448,false,קייזר מחולק בוואקום,"ולדמן ביח""ר לנקניק ו",,קייזר מחולק בוואקום,קילוגרמים,1.00,"ק""ג",true,,179.00,179.0000,true,1,128719
7290000001455,false,פריזר לארוחת בוקר,"ולדמן ביח""ר לנקניק ו",,פריזר לארוחת בוקר,קילוגרמים,1.00,"ק""ג",true,,75.00,75.0000,true,1,128725
7290000001459,false,פסטרמה חזיר צאך עם ח,"ולדמן ביח""ר לנקניק ו",,פסטרמה חזיר צך בטעמים עם שומן,קילוגרמים,1.00,"ק""ג",true,,115.00,115.0000,true,1,128724
7290000001469,false,שוק רוסי מעושן,"ולדמן ביח""ר לנקניק ו",,שוק רוסי מעושן,קילוגרמים,1.00,"ק""ג",true,,115.00,115.0000,true,1,128717
7290000001499,false,כנפיים עוף מעושנים,"ולדמן ביח""ר לנקניק ו",,כנפיים עוף מעושנים,קילוגרמים,1.00,"ק""ג",true,,29.00,29.0000,true,1,129698
7290000001500,false,פריזר רוסי קטן,מעדני מניה תעשיות בש,,פריזר רוסי קטן,קילוגרמים,1.00,"ק""ג",true,,69.00,69.0000,true,1,116914
7290000001502,false,לחם בשר,מעדני מניה תעשיות בש,,לחם בשר,קילוגרמים,1.00,"ק""ג",true,,59.00,59.0000,true,1,115452
7290000001508,false,פריזר בייגלה,מעדני מניה תעשיות בש,,פריזר בייגלה,קילוגרמים,1.00,"ק""ג",true,,69.00,69.0000,true,1,116916
7290000001517,false,פריזר בייבי סנדוויץ,מעדני מניה תעשיות בש,,"פריזר ביבי סנדוויץ""",קילוגרמים,1.00,"ק""ג",true,,35.00,35.0000,true,1,115453
7290000001518,false,פסטרמה דליקטסניה לבנ,מעדני מניה תעשיות בש,,פסטרמה דליקטסניה לבנ,קילוגרמים,1.00,"ק""ג",true,,99.00,99.0000,true,1,114391
7290000001521,false,נקניק לבירה,מעדני מניה תעשיות בש,,"נקניק לבירה ""קפיבו""",קילוגרמים,1.00,"ק""ג",true,,155.00,155.0000,true,1,115048
7290000001523,false,דוקטורסקיה פרימיום ב,מעדני מניה תעשיות בש,,דוקטורסקיה פרימיום,קילוגרמים,1.00,"ק""ג",true,,59.00,59.0000,true,1,116470
7290000001524,false,מולוצנייה בייבי,מעדני מניה תעשיות בש,,מולוצנייה בייבי,קילוגרמים,1.00,"ק""ג",true,,35.00,35.0000,true,1,117352
7290000001527,false,גרודינקה ביתית/כפרית,מעדני מניה תעשיות בש,,פרס בייקון,קילוגרמים,1.00,"ק""ג",true,,145.00,145.0000,true,1,116917
7290000001529,false,נקניק מורטדלה חדשה,מעדני מניה תעשיות בש,,נקניק מורטדלה חדשה,קילוגרמים,1.00,"ק""ג",true,,69.00,69.0000,true,1,116918
7290000001532,false,נקניקיות ילדים,מעדני מניה תעשיות בש,,נקניקיות ילדים,קילוגרמים,1.00,"ק""ג",true,,35.00,35.0000,true,1,116919
7290000001535,false,פילה א,מעדני מניה תעשיות בש,,"פילה א""",קילוגרמים,1.00,"ק""ג",true,,119.00,119.0000,true,1,117355
7290000001546,false,פריזר בוקרים בייבי,מעדני מניה תעשיות בש,,פריזר בוקרים בייבי,קילוגרמים,1.00,"ק""ג",true,,55.00,55.0000,true,1,126886
7290000001547,false,רולדה לשון בקר בגל ע,מעדני מניה תעשיות בש,,רולדה לשון בקר בגל עם קורקבן עוף,קילוגרמים,1.00,"ק""ג",true,,69.00,69.0000,true,1,127121
7290000001549,false,בליק דרניצקי,מעדני מניה תעשיות בש,,בליק דרניצקי,קילוגרמים,1.00,"ק""ג",true,,169.00,169.0000,true,1,127120
7290000001553,false,קוסטיצה לבן/שחור,מעדני מניה תעשיות בש,,קוסטיצה לבן/שחור,קילוגרמים,1.00,"ק""ג",true,,129.00,129.0000,true,1,116921
7290000001562,false,קבנוס,מעדני מניה תעשיות בש,,קבנוס,קילוגרמים,1.00,"ק""ג",true,,59.00,59.0000,true,1,126883
7290000001564,false,בייקון אנגלי,מעדני מניה תעשיות בש,,בייקון אנגלי,קילוגרמים,1.00,"ק""ג",true,,105.00,105.0000,true,1,128320
7290000001587,false,נקניקיות עוף,מעדני מניה תעשיות בש,,נקניקיות עוף,קילוגרמים,1.00,"ק""ג",true,,35.00,35.0000,true,1,116474
7290000001597,false,פריזר עגל בייבי,מעדני מניה תעשיות בש,,פריזר עגל ביבי,קילוגרמים,1.00,"ק""ג",true,,55.00,55.0000,true,1,117361
7290000001602,false,נקניק מוסקובסקיה חצי,קרלברג ייצור ושיווק,,נקניק מוסקובסקיה חצי יבש,קילוגרמים,1.00,"ק""ג",true,,86.00,86.0000,true,1,126028
7290000001611,false,פריזר סליבוצניה מיני,,,פריזר סליבוצניה מיני,קילוגרמים,1.00,"ק""ג",true,,85.00,85.0000,true,1,159095
7290000001832,false,לוביטלסקיה בייבי,מעדני מניה תעשיות בש,,לוביטלסקיה בייבי,קילוגרמים,1.00,"ק""ג",true,,35.00,35.0000,true,1,116966
7290000001864,false,פיקוליני שום/חרדל/בי,מעדני בשר השוקת,,פיקוליני אישי שום/חרדל/ביקון/שישליק/גבינ,קילוגרמים,1.00,"ק""ג",true,,159.00,159.0000,true,1,125273
7290000001918,false,סלמי פולני שלם,מעדני בשר השוקת,,סלמי פולני שלם,קילוגרמים,1.00,"ק""ג",true,,82.00,82.0000,true,1,115636
7290000002013,false,גבינה פיאדר 3%,,,"גבינה ""פיאדר"" 3%",קילוגרמים,1.00,"ק""ג",true,,99.00,99.0000,true,1,116119
7290000002016,false,גבינה גולדן לאזור עם,Lazur,,"גבינה ""גולדן לאזור"" עם עובש כחול",קילוגרמים,1.00,"ק""ג",true,,99.00,99.0000,true,1,115642
7290000002018,false,גבינה בלו לאזור עם ע,Lazur,,"גבינה ""בלו לאזור"" עם עובש כחול",קילוגרמים,1.00,"ק""ג",true,,99.00,99.0000,true,1,115107
7290000002019,false,גבינה טורקיז לאזור ע,Lazur,,"גבינה ""טורקיז לאזור"" עם עובש כחול",קילוגרמים,1.00,"ק""ג",true,,99.00,99.0000,true,1,114452
7290000002030,false,בסגנון שוויצרי,,,תחליף גבינה שוויצרסקי,קילוגרמים,1.00,"ק""ג",true,,69.00,69.0000,true,1,116547
7290000002034,false,גבינת חלומי,מחלבת המושבה,,גבינת חלומי,קילוגרמים,1.00,"ק""ג",true,,99.00,99.0000,true,1,127010
7290000002035,false,גבינה רדמר,Spomlek,,גבינה רדמר,קילוגרמים,1.00,"ק""ג",true,,89.00,89.0000,true,1,127564
7290000002036,false,גבינה סלמי סרנדה,Spomlek,,גבינה סלמי סרנד,קילוגרמים,1.00,"ק""ג",true,,79.00,79.0000,true,1,127565
7290000002037,false,גבינה גרנד גאודה,Spomlek,,גבינה גרנד גאודה,קילוגרמים,1.00,"ק""ג",true,,89.00,89.0000,true,1,127566
7290000002038,false,גבינה גרנד רדמר,Spomlek,,גבינה גרנד רדמר,קילוגרמים,1.00,"ק""ג",true,,89.00,89.0000,true,1,127567
7290000002039,false,גבינה קשטן,Spomlek,,גבינה קשטן,קילוגרמים,1.00,"ק""ג",true,,119.00,119.0000,true,1,127568
7290000002044,false,גבינה סטרי אולדר,Spomlek,,גבינה סטרי אולדר,קילוגרמים,1.00,"ק""ג",true,,119.00,119.0000,true,1,127569
7290000002046,false,גבינה בורזטין,Spomlek,,גבינה בורזטין,קילוגרמים,1.00,"ק""ג",true,,119.00,119.0000,true,1,127571
7290000002056,false,תחליף גבינה גאודה עם,,,אופיר טבעי/מתובל,קילוגרמים,1.00,"ק""ג",true,,79.00,79.0000,true,1,116986
7290000002059,false,גבינה קשה פרובולונה,,,גבינה קשה פרובולונה 26%,קילוגרמים,1.00,"ק""ג",true,,149.00,149.0000,true,1,117432
7290000002069,false,בסגנון פרמזן גוזוס ג,Rokisko,,תחליב גבינה פרמזן גוזוס גולד 40%,קילוגרמים,1.00,"ק""ג",true,,79.00,79.0000,true,1,127749
7290000002098,false,תחליף גבינה מורמון,,,גבינות שוויצרסקי/קור,קילוגרמים,1.00,"ק""ג",true,,79.00,79.0000,true,1,154035
7290000002104,false,גבינת סולוגוני,מחלבת עברי,,גבינת סולוגוני,קילוגרמים,1.00,"ק""ג",true,,89.00,89.0000,true,1,115113
7290000002109,false,שמנת חמוצה 15%,,,שמנת חמוצה 15%,קילוגרמים,1.00,"ק""ג",true,,26.00,26.0000,true,1,114602
7290000002129,false,גבינה גיבנה צאן,מחלבת עברי,,גבינה גיבנה צאן,קילוגרמים,1.00,"ק""ג",true,,109.00,109.0000,true,1,128636
7290000002140,false,ירקות/פירות ממולא בג,גבינות עמיר ניצן,,טאפס שכונתי,קילוגרמים,1.00,"ק""ג",true,,169.00,169.0000,true,1,127844
7290000002141,false,גבינה לבנה אבו גוש,גבינות עמיר ניצן,,גבינה לבנה אבו גוש,קילוגרמים,1.00,"ק""ג",true,,49.00,49.0000,true,1,127845
7290000002142,false,סלט קוביות מעדן פטה,גבינות עמיר ניצן,,סלט קוביות מעדן פטה,קילוגרמים,1.00,"ק""ג",true,,79.00,79.0000,true,1,127846
7290000002150,false,גבינת חלומי 16%,מחלבת ציפורי הגלילית,,"גבינת ""חלומי"" 16%",קילוגרמים,1.00,"ק""ג",true,,89.00,89.0000,true,1,116992
7290000002152,false,צפתית 5%,מחלבת ציפורי הגלילית,,צפתית 5%,קילוגרמים,1.00,"ק""ג",true,,49.00,49.0000,true,1,116556
7290000002154,false,טבורוג 5%,מחלבת ציפורי הגלילית,,טבורוג 5%,קילוגרמים,1.00,"ק""ג",true,,35.00,35.0000,true,1,115647
7290000002155,false,טבורוג בטעמים,מחלבת ציפורי הגלילית,,טבורוג בטעמים,קילוגרמים,1.00,"ק""ג",true,,32.00,32.0000,true,1,116557
7290000002161,false,גבינה אורדה,מחלבת ציפורי הגלילית,,גבינה אורדה,קילוגרמים,1.00,"ק""ג",true,,46.00,46.0000,true,1,116995
7290000002202,false,גבינה מוצרלה איטלקית,,,גבינה מוצרלה איטלקית,קילוגרמים,1.00,"ק""ג",true,,79.00,79.0000,true,1,116135
7290000002203,false,תחליף גבינה סמוקרלה,,,סמוקרלה מעושנת,קילוגרמים,1.00,"ק""ג",true,,62.00,62.0000,true,1,114609
7290000002204,false,גבינה קורולבסקי/מרקי,,,גבינה קורולבסקי/מרקיז/מגנט,קילוגרמים,1.00,"ק""ג",true,,79.00,79.0000,true,1,115123
7290000002206,false,גבינה אדם כדור,,,גבינה אדם כדור,קילוגרמים,1.00,"ק""ג",true,,75.00,75.0000,true,1,116562
7290000002208,false,גבינת סליבקי,,,גבינת סליבקי,קילוגרמים,1.00,"ק""ג",true,,40.00,40.0000,true,1,115124
7290000002209,false,בסגנון פרמזן,,,בסגנון פרמזן,קילוגרמים,1.00,"ק""ג",true,,74.00,74.0000,true,1,115666
7290000002211,false,גאודה עיזים הולנדי ע,,,גאודה עיזים הולנדי עשבי תיבול,קילוגרמים,1.00,"ק""ג",true,,169.00,169.0000,true,1,114502
7290000002212,false,ריבת חלב,,,ריבת חלב,קילוגרמים,1.00,"ק""ג",true,,25.00,25.0000,true,1,115125
7290000002217,false,בסגנון בולגרית,,,בסגנון בולגרית,קילוגרמים,1.00,"ק""ג",true,,42.00,42.0000,true,1,114504
7290000002218,false,גבינת עיזים פריסלנד,,,גבינה עיזים פריסלנד,קילוגרמים,1.00,"ק""ג",true,,139.00,139.0000,true,1,115668
7290000002219,false,גבינה מאסדם,,,גבינה מאסדם,קילוגרמים,1.00,"ק""ג",true,,79.00,79.0000,true,1,116138
7290000002222,false,גבינה ברי צרפתי,,,גבינה ברי צרפתי,קילוגרמים,1.00,"ק""ג",true,,99.00,99.0000,true,1,117001
7290000002224,false,גבינת כבשים מנצגו,,,גבינת כבשים מנצגו,קילוגרמים,1.00,"ק""ג",true,,149.00,149.0000,true,1,117002
7290000002227,false,קרם ציז אמריקאי פאו,,,"קרם צ""יז אמריקאי פאו",קילוגרמים,1.00,"ק""ג",true,,64.00,64.0000,true,1,116139
7290000002232,false,גבינת גאודה,,,גבינת גאודה,קילוגרמים,1.00,"ק""ג",true,,75.00,75.0000,true,1,115673
7290000002234,false,תחליף גבינה דנבלו,,,גבינת דנאבלו,קילוגרמים,1.00,"ק""ג",true,,69.00,69.0000,true,1,114611
7290000002238,false,פטה מסורתי במשקל,,,פטה מסורתי במשקל,קילוגרמים,1.00,"ק""ג",true,,55.00,55.0000,true,1,117003
7290000002240,false,גבינה גאודה פסטו,,,גבינה גאודה פסטו,קילוגרמים,1.00,"ק""ג",true,,119.00,119.0000,true,1,116564
7290000002242,false,טריקולור בסירון,,,טריקולור בסירון,קילוגרמים,1.00,"ק""ג",true,,189.00,189.0000,true,1,162452
7290000002243,false,גבינה פושחונסקי,,,גבינות פושחונסקי,קילוגרמים,1.00,"ק""ג",true,,79.00,79.0000,true,1,115129
7290000002250,false,גבינת עיזים בושה דה,,,גבינת עיזים בושה דה שברה,קילוגרמים,1.00,"ק""ג",true,,124.00,124.0000,true,1,114613
7290000002255,false,תחליף גבינה רוסייסקי,,,תחליף גבינה רוסייסקי,קילוגרמים,1.00,"ק""ג",true,,55.00,55.0000,true,1,117008
7290000002285,false,גבינה מנורי צאן יוונ,,,גבינה מנורי צאן יווני בלוק,קילוגרמים,1.00,"ק""ג",true,,119.00,119.0000,true,1,155732
7290000002304,false,גבינה גאודה עגול,פריזלנד,,"גבינה ""גאודה"" עגול",קילוגרמים,1.00,"ק""ג",true,,79.00,79.0000,true,1,114616
7290000002306,false,גבינת עיזים גאודה,,,גבינת עיזים גאודה,קילוגרמים,1.00,"ק""ג",true,,129.00,129.0000,true,1,115678
7290000002313,false,גבינת מאסדם אמנטל,פריזלנד,,"גבינת ""אמנטל""",קילוגרמים,1.00,"ק""ג",true,,79.00,79.0000,true,1,117011
7290000002315,false,גבינה מעושנת,פריזלנד,,גבינה מעושן גדול,קילוגרמים,1.00,"ק""ג",true,,109.00,109.0000,true,1,114710
7290000002442,false,גבינת איבריקו,,,גבינת איבריקו,קילוגרמים,1.00,"ק""ג",true,,119.00,119.0000,true,1,117021
7290000002448,false,לאבנה בשמן זית,איי בי,,לאבנה בשמן זית,קילוגרמים,1.00,"ק""ג",true,,35.00,35.0000,true,1,127057
7290000002462,false,אצבעות/צמות גבינת מו,,,אצבעות/צמות גבינת מוצרלה,קילוגרמים,1.00,"ק""ג",true,,99.00,99.0000,true,1,131695
7290000002472,false,גבינת עיזים רכה 29%,,,גבינת עיזים רכה 29%,קילוגרמים,1.00,"ק""ג",true,,149.00,149.0000,true,1,139223
7290000002511,false,גבינת גלבוע 22%,,,גבינת גלבוע 22%,קילוגרמים,1.00,"ק""ג",true,,42.58,42.5800,true,1,116585
7290000002523,false,טוסטי ארוז,,,טוסטי ארוז,קילוגרמים,1.00,"ק""ג",true,,40.00,40.0000,true,1,114725
7290000002533,false,גבינה פיראוס בולגרית,,,גבינה פיראוס בולגרית,קילוגרמים,1.00,"ק""ג",true,,49.00,49.0000,true,1,114632
7290000002539,false,צפתית רגילה/מעודנת 5,,,צפתית רגילה/מעודנת 5,קילוגרמים,1.00,"ק""ג",true,,59.00,59.0000,true,1,117022
7290000002616,false,גבינה אמנטל נעם חריץ,,,גבינה אמנטל נעם חריץ,קילוגרמים,1.00,"ק""ג",true,,65.00,65.0000,true,1,136607
7290000002620,false,גבינה צהובה נעם 22%,,,גבינה צהובה נעם 22%,קילוגרמים,1.00,"ק""ג",true,,42.58,42.5800,true,1,117467
7290000002623,false,שמנת במשקל,,,שמנת במשקל,קילוגרמים,1.00,"ק""ג",true,,19.00,19.0000,true,1,117026
7290000002624,false,קוטג 5% במשקל,,,"קוטג"" 5% במשקל",קילוגרמים,1.00,"ק""ג",true,,29.00,29.0000,true,1,117468
7290000002636,false,גבינה צהובה נעם 28%,,,גבינה צהובה נעם 28%,קילוגרמים,1.00,"ק""ג",true,,44.79,44.7900,true,1,114731
7290000002700,false,מוצרלה/הולנדית/שוויצ,,,מוצרלה/הולנדית/שוויצרית/צדר,קילוגרמים,1.00,"ק""ג",true,,45.00,45.0000,true,1,117031
7290000002702,false,תחליף גבינה מעושנת נ,,,תחליף גבינה מעושן,קילוגרמים,1.00,"ק""ג",true,,49.00,49.0000,true,1,117032
7290000002703,false,תחליף גבינה מקסיקנית,,,תחליף גבינה מקסיקני,קילוגרמים,1.00,"ק""ג",true,,45.00,45.0000,true,1,116160
7290000002825,false,גבינה פול אפי,בונגראן,,גבינת פול אפי,קילוגרמים,1.00,"ק""ג",true,,219.00,219.0000,true,1,125202
7290000002830,false,גבינה צדר אנגלי כתום,שבינגטון,,גבינה צידר אנגלי כתום,קילוגרמים,1.00,"ק""ג",true,,139.00,139.0000,true,1,125206
7290000002831,false,גבינה צדר אנגלי,שבינגטון,,גבינה צידר אנגלי,קילוגרמים,1.00,"ק""ג",true,,139.00,139.0000,true,1,125207
7290000002860,false,גבינה דורבלו גלגל,,,גבינה דורבלו גלגל,קילוגרמים,1.00,"ק""ג",true,,169.00,169.0000,true,1,128569
7290000002867,false,גבינה מונטניולו גרמנ,,,גבינת מונטניולו גרמנ,קילוגרמים,1.00,"ק""ג",true,,169.00,169.0000,true,1,117041
7290000002869,false,גאודה כמון הולנדית,,,גאודה כמון הולנדית,קילוגרמים,1.00,"ק""ג",true,,109.00,109.0000,true,1,114936
7290000002871,false,גאודה הולנדית,,,גאודה הולנדית,קילוגרמים,1.00,"ק""ג",true,,79.00,79.0000,true,1,115742
7290000002872,false,גבינה מאסדם הולנדית,,,גבינת מאסדם הולנדית,קילוגרמים,1.00,"ק""ג",true,,79.00,79.0000,true,1,114937
7290000002874,false,גבינה קמברזולה,,,גבינה קמבוזולה,קילוגרמים,1.00,"ק""ג",true,,199.00,199.0000,true,1,116161
7290000002881,false,ברי צרפתי,,,ברי צרפתי,קילוגרמים,1.00,"ק""ג",true,,165.00,165.0000,true,1,117482
7290000002883,false,גבינה צדר גרמני אדום,,,גבינה צדר גרמני אדום,קילוגרמים,1.00,"ק""ג",true,,89.00,89.0000,true,1,114655
7290000002889,false,גורגונזולה פיקנטי/דו,,,גורגונזולה פיקנטי/דו,קילוגרמים,1.00,"ק""ג",true,,189.00,189.0000,true,1,115166
7290000002890,false,שמברי שקיל,,,שמברי שקיל,קילוגרמים,1.00,"ק""ג",true,,199.00,199.0000,true,1,116611
7290000002891,false,רוגט,,,"רוג""ט שקיל",קילוגרמים,1.00,"ק""ג",true,,195.00,195.0000,true,1,114940
7290000002895,false,גבינה מעושנת טבעי גל,,,גבינה מעושנת טבעי גל,קילוגרמים,1.00,"ק""ג",true,,99.00,99.0000,true,1,117047
7290000002897,false,גבינה גאודה עם רוטב,,,גבינה גאודה עם רוטב חריף סמבל,קילוגרמים,1.00,"ק""ג",true,,119.00,119.0000,true,1,114942
7290000002898,false,גבינת צדר מיושן,,,"גבינת צ""דר מיושן",קילוגרמים,1.00,"ק""ג",true,,119.00,119.0000,true,1,114657
7290000002922,false,בסגנון דנבלו,מאמן,,בסגנון דנאבלו,קילוגרמים,1.00,"ק""ג",true,,79.00,79.0000,true,1,115744
7290000002928,false,פטה עיזים,מחלבת המושבה,,פטה עיזים,קילוגרמים,1.00,"ק""ג",true,,109.00,109.0000,true,1,116617
7290000002929,false,ברינזה צאן,מחלבת המושבה,,ברינזה צאן,קילוגרמים,1.00,"ק""ג",true,,89.00,89.0000,true,1,117487
7290000002930,false,גבינה צפתית טבעי/צפת,מחלבת המושבה,,גבינה צפתית טבעי/צפת,קילוגרמים,1.00,"ק""ג",true,,49.00,49.0000,true,1,117051
7290000002931,false,גבינה בולגרית 5% מסו,מחלבת המושבה,,גבינה בולגרית קשה 5%,קילוגרמים,1.00,"ק""ג",true,,49.00,49.0000,true,1,116165
7290000002932,false,גבינת קאש,מחלבת המושבה,,גבינת קאש,קילוגרמים,1.00,"ק""ג",true,,49.00,49.0000,true,1,116618
7290000002934,false,גבינת שמנת 30% טבעי,מחלבת המושבה,,גבינת שמנת 30% טבעי,קילוגרמים,1.00,"ק""ג",true,,55.00,55.0000,true,1,116619
7290000002936,false,צפתית בטעמים שונים,מחלבת המושבה,,צפתית בטעמים שונים,קילוגרמים,1.00,"ק""ג",true,,49.00,49.0000,true,1,114951
7290000002937,false,טבורוג טבעי,מחלבת המושבה,,טבורוג טבעי,קילוגרמים,1.00,"ק""ג",true,,36.00,36.0000,true,1,114952
7290000002938,false,טבורוג צימוקים 9%,מחלבת המושבה,,טבורוג בטעמים שונים,קילוגרמים,1.00,"ק""ג",true,,36.00,36.0000,true,1,115171
7290000002949,false,גבינה גאודה פסטו הול,,,גבינת גאודה פסטו הול,קילוגרמים,1.00,"ק""ג",true,,159.00,159.0000,true,1,116620
7290000002952,false,גבינה צדר עם ויסקי,,,"גבינה צ""דר עם יין/ויסקי/חמוציות",קילוגרמים,1.00,"ק""ג",true,,159.00,159.0000,true,1,117054
7290000002960,false,גבינה בולגרית 5%/16%,מחלבת המושבה,,גבינה בולגרית חלקה 5,קילוגרמים,1.00,"ק""ג",true,,55.00,55.0000,true,1,117056
7290000002963,false,גבינת ברי,מחלבת המושבה,,גבינה ברי בקר,קילוגרמים,1.00,"ק""ג",true,,129.00,129.0000,true,1,115750
7290000002970,false,אצבעות שוקולד,מחלבת המושבה,,אצבעות שוקולד,קילוגרמים,1.00,"ק""ג",true,,69.00,69.0000,true,1,117059
7290000002984,false,גבינת קשקבל כבשים,מחלבת המושבה,,"גבינת קצ""קבל כבשים",קילוגרמים,1.00,"ק""ג",true,,149.00,149.0000,true,1,117492
7290000002995,false,גבינת שמנת שום שמיר,,,גבינת שמנת שום שמיר 30%,קילוגרמים,1.00,"ק""ג",true,,55.00,55.0000,true,1,116626
7290000003003,false,נקניק חי פרזסקיה,מעדני בשר השוקת,,"נקניק חי פרז""סקיה",קילוגרמים,1.00,"ק""ג",true,,139.00,139.0000,true,1,115175
7290000003009,false,סרדלקי טלינסקיה,מעדני בשר השוקת,,סרדלקי טלינסקיה,קילוגרמים,1.00,"ק""ג",true,,59.00,59.0000,true,1,115177
7290000003011,false,נקניק לבובסקיה,מעדני בשר השוקת,,נקניק לבובסקיה,קילוגרמים,1.00,"ק""ג",true,,79.00,79.0000,true,1,116629
7290000003021,false,אוקורוק קרשיאטיק,מעדני בשר השוקת,,אוקורוק קרשיאטיק,קילוגרמים,1.00,"ק""ג",true,,89.00,89.0000,true,1,117496
7290000003022,false,נקניק זפורוזסקיה,מעדני בשר השוקת,,"נקניק זפורוז""סקיה",קילוגרמים,1.00,"ק""ג",true,,79.00,79.0000,true,1,117061
7290000003024,false,פסטרמה יער שחור,מעדני בשר השוקת,,פסטרמה יער שחור,קילוגרמים,1.00,"ק""ג",true,,85.00,85.0000,true,1,116172
7290000003025,false,פסטרמה עננים,מעדני בשר השוקת,,פסטרמה עננים,קילוגרמים,1.00,"ק""ג",true,,85.00,85.0000,true,1,117062
7290000003034,false,שייקה הונגרי\צוואר מ,מעדני בשר השוקת,,שייקה הונגרי\צוואר מעושן,קילוגרמים,1.00,"ק""ג",true,,109.00,109.0000,true,1,117063
7290000003036,false,נקניק בוקובינסקיה/או,מעדני בשר השוקת,,נקניק בוקובינסקיה/אודסקיה,קילוגרמים,1.00,"ק""ג",true,,75.00,75.0000,true,1,128341
7290000003147,false,גבינה בימסטר קלאסיק,,,גבינה בימסטר קלאסיק,קילוגרמים,1.00,"ק""ג",true,,259.00,259.0000,true,1,141809
7290000003266,false,פילה סלמון,,,פילה סלמון,קילוגרמים,1.00,"ק""ג",true,,89.90,89.9000,true,1,174594
7290000005875,false,חלווה נוגט במשקל,,,חלווה נוגט במשקל,קילוגרמים,1.00,"ק""ג",true,,49.00,49.0000,true,1,142774
7290000006107,false,צימצה,,,"צ""ימצ""ה",קילוגרמים,1.00,"ק""ג",true,,59.00,59.0000,true,1,116255
7290000006129,false,מלפפון ירוק אדמה מוח,,,מלפפון ירוק אדמה,קילוגרמים,1.00,"ק""ג",true,,39.00,39.0000,true,1,114775
7290000006130,false,עגבניות שרי,סלטי עמים ברדה,,עגבניות שרי,קילוגרמים,1.00,"ק""ג",true,,49.00,49.0000,true,1,117582
7290000006131,false,פלפל אדום במרינדה,,,פלפל אדום במרינדה,קילוגרמים,1.00,"ק""ג",true,,49.00,49.0000,true,1,116709
7290000006132,false,עגבניות אדומות מוחמצ,סלטי עמים ברדה,,עגבניות אדומות,קילוגרמים,1.00,"ק""ג",true,,39.00,39.0000,true,1,117145
7290000006134,false,עגבניות ירוקות,,,עגבניות ירוקות,קילוגרמים,1.00,"ק""ג",true,,39.00,39.0000,true,1,117583
7290000006136,false,מלפפון במלח,,,מלפפון במלח,קילוגרמים,1.00,"ק""ג",true,,39.00,39.0000,true,1,115841
7290000006149,false,כרוב כבוש,סלטי עמים ברדה,,כרוב כבוש,קילוגרמים,1.00,"ק""ג",true,,29.00,29.0000,true,1,115217
7290000006150,false,גבינה מנצגו מיושן,,,סלט ויניגרט,קילוגרמים,1.00,"ק""ג",true,,189.00,189.0000,true,1,115502
7290000006173,false,פטריות במרינדה במשקל,,,פטריות במשקל,קילוגרמים,1.00,"ק""ג",true,,69.00,69.0000,true,1,117153
7290000006236,false,גבינת עיזים מעובדת,,,גבינה סבליה מעושנת מותכת 25%,קילוגרמים,1.00,"ק""ג",true,,89.00,89.0000,true,1,147453
7290000006331,false,גבינה מוצרלה נקניק ט,,,גבינה מוצרלה נקניק טבעי,קילוגרמים,1.00,"ק""ג",true,,79.00,79.0000,true,1,115857
7290000006351,false,מוצרלה נקניק מעושן,,,מוצרלה נקניק מעושן,קילוגרמים,1.00,"ק""ג",true,,89.00,89.0000,true,1,117159
7290000006352,false,גבינה מוצרלה במים גד,,,גבינה מוצרלה במים גדול/קטן/בייבי,קילוגרמים,1.00,"ק""ג",true,,99.00,99.0000,true,1,114791
7290000006354,false,גבינה קשקבל משולשים,,,גבינה קשקבל משולשים,קילוגרמים,1.00,"ק""ג",true,,124.00,124.0000,true,1,128615
7290000006360,false,גבינת שמנת 30%,,,גבינת שמנת 30% טבעי/זיתים/שום שמיר/ירקות,קילוגרמים,1.00,"ק""ג",true,,49.00,49.0000,true,1,128620
7290000006376,false,גבינה מסקרפונה,,,גבינה מסקרפונה,קילוגרמים,1.00,"ק""ג",true,,69.00,69.0000,true,1,117595
7290000006387,false,כרוב ארמני/מקסיקני,,,כרוב ארמני/מקסיקני,קילוגרמים,1.00,"ק""ג",true,,39.00,39.0000,true,1,116719
7290000006496,false,גבינה ערבית צאן,,,גבינת צאן,קילוגרמים,1.00,"ק""ג",true,,99.00,99.0000,true,1,148871
7290000006595,false,טבורוג קיבוצני,,,טבורוג קיבוצני,קילוגרמים,1.00,"ק""ג",true,,49.00,49.0000,true,1,149455
7290000006702,false,דג קאראס,,,דג קאראס,קילוגרמים,1.00,"ק""ג",true,,79.00,79.0000,true,1,115522
7290000006703,false,בייבי סלמון,,,בייבי סלמון,קילוגרמים,1.00,"ק""ג",true,,159.00,159.0000,true,1,117170
7290000006704,false,סלמון נורווגי פרוס,,,סלמון נורבגי פרוס,קילוגרמים,1.00,"ק""ג",true,,199.00,199.0000,true,1,116727
7290000006705,false,פלטוס,,,פלטוס,קילוגרמים,1.00,"ק""ג",true,,149.00,149.0000,true,1,115871
7290000006707,false,רוטבש בעישון חם,,,רוטבש בעישון חם,קילוגרמים,1.00,"ק""ג",true,,99.00,99.0000,true,1,116287
7290000007000,false,קילקה מלוח בתבלינים,,,קילקה מלוח בתבלינים,קילוגרמים,1.00,"ק""ג",true,,55.00,55.0000,true,1,164751
7290000007325,false,דג סלמון מעושן חם,הרמס דגים,,דג סלמון מעושן חם,קילוגרמים,1.00,"ק""ג",true,,159.00,159.0000,true,1,152643
7290000007387,false,דג רינגו מעושנת,,,דג רינגו מעושנת,קילוגרמים,1.00,"ק""ג",true,,39.00,39.0000,true,1,157109
7290000007388,false,דג סלמון בעישון קר פ,,,דג סלמון בעישון קר פרוס,קילוגרמים,1.00,"ק""ג",true,,189.00,189.0000,true,1,157110
7290000007410,false,סלט אצות ים בטעמים,,,סלט אצות ים בטעמים,קילוגרמים,1.00,"ק""ג",true,,55.00,55.0000,true,1,115657
7290000007602,false,דג מקרל מעושן גדול,,,דג מקרל מעושן גדול,קילוגרמים,1.00,"ק""ג",true,,89.00,89.0000,true,1,129408
7290000007603,false,דג מקרל בעישון חם גד,,,דג מקרל בעישון חם גדול פיקלינג,קילוגרמים,1.00,"ק""ג",true,,99.00,99.0000,true,1,129409
7290000007605,false,פילה הרינג לבן/אדום/,,,פילה הרינג לבן/אדום/כבוש,קילוגרמים,1.00,"ק""ג",true,,45.00,45.0000,true,1,129411
7290000007606,false,מויבה מעושנת,,,מויבה מעושנת,קילוגרמים,1.00,"ק""ג",true,,89.00,89.0000,true,1,129412
7290000007609,false,בטן סלמון,,,בטן סלמון,קילוגרמים,1.00,"ק""ג",true,,95.00,95.0000,true,1,129414
7290000007611,false,מקרל מלוח,,,מקרל מלוח,קילוגרמים,1.00,"ק""ג",true,,69.00,69.0000,true,1,129416
7290000009080,false,פרנה עגולה,,,פרנה עגולה,Unknown,0.00,Unknown,false,1,4.50,0.0000,true,1,165647
7290000010000,false,בגט לבן,בונז'ור,,באגט,Unknown,0.00,Unknown,false,1,4.90,0.0000,true,1,114301
7290000010035,false,חלה קלועה מתוקה,בונז'ור,,חלה קלועה מתוקה,Unknown,0.00,Unknown,false,1,11.90,0.0000,true,1,114272
7290000010042,false,לחמניה רגילה,,,לחמניה רגילה,Unknown,0.00,Unknown,false,1,1.90,0.0000,true,1,114163
7290000011559,false,נקניק רוסקיה/זרניסטי,מעדני מניה תעשיות בש,,נקניק רוסקיה/זרניסטיה 420 גר,גרמים,420.00,100 גרם,false,,64.90,15.4524,true,1,174049
7290000016665,false,נודלס אווז מעושן,,,נודלס אווז מעושן,קילוגרמים,1.00,"ק""ג",true,,99.00,99.0000,true,1,170868
7290000016668,false,שרימפס קארי תאילנדי,,,שרימפס קארי תאילנדי,קילוגרמים,1.00,"ק""ג",true,,129.00,129.0000,true,1,170852
7290000016669,false,חריימה דג,,,חריימה דג,קילוגרמים,1.00,"ק""ג",true,,89.00,89.0000,true,1,170853
7290000016670,false,עוף בגריל איטלקי,,,עוף בגריל איטלקי,קילוגרמים,1.00,"ק""ג",true,,49.00,49.0000,true,1,170958
7290000016671,false,עוף בגריל איטלקי ארו,,,עוף בגריל איטלקי ארוז,קילוגרמים,1.00,"ק""ג",true,,49.00,49.0000,true,1,171251
7290000017007,false,כבד עוף,,,כבד עוף,קילוגרמים,1.00,"ק""ג",true,,19.90,19.9000,true,1,116071
7290000017008,false,לבבות עוף,פנדי עוף,,לבבות עוף,קילוגרמים,1.00,"ק""ג",true,,34.90,34.9000,true,1,114551
7290000017100,false,גרון הודו,,,גרון הודו,קילוגרמים,1.00,"ק""ג",true,,32.90,32.9000,true,1,116079
7290000017101,false,חזה הודו מובחר,,,חזה הודו מובחר,קילוגרמים,1.00,"ק""ג",true,,32.90,32.9000,true,1,116496
7290000017103,false,כנפיים הודו,,,כנפיים הודו,קילוגרמים,1.00,"ק""ג",true,,14.90,14.9000,true,1,116080
7290000017104,false,כבד הודו,,,כבד הודו,קילוגרמים,1.00,"ק""ג",true,,21.90,21.9000,true,1,114555
7290000017105,false,לבבות הודו,,,לבבות הודו,קילוגרמים,1.00,"ק""ג",true,,21.90,21.9000,true,1,116081
7290000017106,false,קורקבני הודו,,,קורקבני הודו,קילוגרמים,1.00,"ק""ג",true,,14.90,14.9000,true,1,117379
7290000017112,false,זנבות הודו,,,זנבות הודו,קילוגרמים,1.00,"ק""ג",true,,7.90,7.9000,true,1,116947
7290000017117,false,ירך הודו,,,ירך הודו,קילוגרמים,1.00,"ק""ג",true,,59.90,59.9000,true,1,117381
7290000017230,false,צלי בקר מס 5 טרי,,,צלי בקר מס 5 טרי,קילוגרמים,1.00,"ק""ג",true,,74.90,74.9000,true,1,114560
7290000017244,false,סינטה עגל טרי מיושן,,,סינטה עגל מיושנת,קילוגרמים,1.00,"ק""ג",true,,99.90,99.9000,true,1,116950
7290000017260,false,אנטריקוט בקר מופשר מ,,,אנטריקוט בקר מופשר מיושן,קילוגרמים,1.00,"ק""ג",true,,109.90,109.9000,true,1,116088
7290000020506,false,לחם פשתן 500 גר קפוא,,,לחם פשתן 500 גר קפוא,גרמים,500.00,100 גרם,false,1,20.90,4.1800,true,1,166560
7290000023083,false,ערק אשקלון 40% 700 מ,,,ערק אשקלון 40% 0.7ל,מיליליטרים,700.00,"100 מ""ל",false,1,49.90,7.1286,true,1,127722
7290000023809,false,יין קלאסיק קברנה סוב,,,"יין ""קלאסיק"" קברנה ס",מיליליטרים,750.00,"100 מ""ל",false,1,32.90,4.3867,true,1,115252
7290000023816,false,יין קלאסיק אמרלד ריז,,,"יין ""קלאסיק"" אמרלד ר",מיליליטרים,750.00,"100 מ""ל",false,1,32.90,4.3867,true,1,115545
7290000023823,false,יין ברקן קלאסיק סובנ,,,"יין ""קלאסיק"" סוביניו",מיליליטרים,750.00,"100 מ""ל",false,1,32.90,4.3867,true,1,150949
7290000023847,false,יין קלאסיק שרדונה 75,,,"יין ""קלאסיק"" שרדונה",מיליליטרים,750.00,"100 מ""ל",false,1,32.90,4.3867,true,1,116740
7290000023977,false,יין קלאסיק מרלו 750,,,"יין ""קלאסיק"" מרלו 750 מ""ל",מיליליטרים,750.00,"100 מ""ל",false,1,32.90,4.3867,true,1,115253
7290000024121,false,סלרי עלים אדום ירוק,,,סלרי עלים אדום ירוק ארוז,Unknown,0.00,Unknown,false,1,5.90,0.0000,true,1,158917
7290000024523,false,מיץ ענבים ברקן 1 ל,,,מיץ ענבים ברקן 1ליטר,מיליליטרים,1000.00,"100 מ""ל",false,1,17.90,1.7900,true,1,115255
7290000040042,false,יוגורט תות יופלה 3%,,,יופלה תות 3%,גרמים,150.00,100 גרם,false,1,4.90,3.2667,true,1,115891
7290000040066,false,יוגורט דובדבן יופלה,,,יופלה דובדבן 3%,גרמים,150.00,100 גרם,false,1,4.90,3.2667,true,1,117195
7290000040080,false,יוגורט אפרסק יופלה 3,,,יופלה אפרסק 3%,גרמים,150.00,100 גרם,false,1,4.90,3.2667,true,1,115548
7290000040462,false,גבינת טוסטי אדם 200,,,גבינת טוסטי אדם,גרמים,200.00,100 גרם,false,1,19.90,9.9500,true,1,116745
7290000040974,false,חלב טרי דל לקטוז 1 ל,,,חלב טרי דל לקטוז 1 ל,ליטרים,1.00,ליטר,false,1,7.00,7.0000,true,1,115260
7290000041452,false,גבינת קוטג 9% 250 גר,,,"גבינת קוטג"" 9%",גרמים,250.00,100 גרם,false,1,5.50,2.2000,true,1,116746
7290000041858,false,שמנת חמוצה 15% 200 מ,STRAUSS-ISRAEL,,שמנת חמוצה 15%,מיליליטרים,200.00,"100 מ""ל",false,1,2.40,1.2000,true,1,115261
7290000042008,false,חלב 3% שקית 1 ל,,,חלב מפוסטר 3% שקית 1 לי,ליטרים,1.00,ליטר,false,1,5.43,5.4300,true,1,117616
7290000042015,false,חלב 3% מהדרין שקית 1,,,חלב שקית 1 ליטר מהדר,ליטרים,1.00,ליטר,false,1,5.43,5.4300,true,1,116747
7290000042404,false,חלב מועשר 3% בשקית 1,STRAUSS-ISRAEL,,חלב 3% 1 ליטר שקית,ליטרים,1.00,ליטר,false,1,5.90,5.9000,true,1,116302
7290000042435,false,חלב 1% קרטון 1 ל,,,חלב דל שומן בקרטון 1,ליטרים,1.00,ליטר,false,1,5.86,5.8600,true,1,116749
7290000042442,false,חלב מפוסטר 3% קרטון,,,חלב מפוסטר 3% קרטון 1 ליטר,ליטרים,1.00,ליטר,false,1,6.23,6.2300,true,1,117617
7290000042855,false,שוקו שקית 225 מל,STRAUSS-ISRAEL,,"שוקו שקית 225 מ""ל",מיליליטרים,225.00,"100 מ""ל",false,1,2.50,1.1111,true,1,114821
7290000043814,false,שמנת עמידה לקצפת 38%,,,שמנת עמידה לקצפת 38%,מיליליטרים,250.00,"100 מ""ל",false,1,6.47,2.5880,true,1,115893
7290000043890,false,רויון 1 ל,,,רויון 1 ליטר,ליטרים,1.00,ליטר,false,1,11.90,11.9000,true,1,116304
7290000044712,false,יוגורט עם תות פרילי,,,"פרילי תות 500 מ""ל",מיליליטרים,500.00,"100 מ""ל",false,1,11.90,2.3800,true,1,116305
7290000044880,false,יוגורט בטעם תות 3% ב,,,"באדי תות 500 מ""ל",גרמים,500.00,100 גרם,false,1,8.90,1.7800,true,1,115262
7290000045573,false,גבינה משולשת נעמה 20,,,גבינה משולשת נעמה 20,גרמים,200.00,100 גרם,false,1,15.90,7.9500,true,1,115263
7290000045580,false,גבינה משולשת חורש 24,,,גבינה משולשת חורש,גרמים,240.00,100 גרם,false,1,18.90,7.8750,true,1,115264
7290000047546,false,גבינה לבנה כנען 500,,,גבינה לבנה כנען 500 גר,גרמים,500.00,100 גרם,false,1,24.90,4.9800,true,1,114823
7290000048185,false,גבינה למריחה 5% 250,,,גבינה למריחה 5% 250,גרמים,250.00,100 גרם,false,1,4.90,1.9600,true,1,114824
7290000048192,false,גבינה למריחה 9% 250,,,גבינה למריחה 9% 250,גרמים,250.00,100 גרם,false,1,4.90,1.9600,true,1,114825
7290000048413,false,גבינה חמד 16% 250 גר,,,גבינה מלוחה חמד,גרמים,250.00,100 גרם,false,1,17.90,7.1600,true,1,115569
7290000048437,false,גבינה צפתית פיראוס 5,,,גבינה צפתית פיראוס 5% 200 גר,גרמים,200.00,100 גרם,false,1,14.90,7.4500,true,1,116309
7290000049458,false,גבינה פטה עיזים פירא,,,בולגרית פיראוס עזים,גרמים,250.00,100 גרם,false,1,29.90,11.9600,true,1,115570
7290000050447,false,יוגורט ביו בטעם תות,,,"יופלה ""YYY"" תות 3% 5",גרמים,500.00,100 גרם,false,1,13.90,2.7800,true,1,115265
7290000050454,false,יוגורט ביו 3% בטעם א,,,"יופלה ""YYY"" אפרסק 3%",מיליליטרים,500.00,"100 מ""ל",false,1,13.90,2.7800,true,1,115895
7290000051006,false,קישקע במגש,,,קישקע במגש,קילוגרמים,1.00,"ק""ג",true,,45.90,45.9000,true,1,114688
7290000051307,false,הפסקת אוכל דגני עוגי,,,הפסקת אוכל דגני עוגי,גרמים,150.00,100 גרם,false,1,8.90,5.9333,true,1,116310
7290000051352,false,חלב של פעם מלא 3.5%,,,חלב של פעם מלא 3.5%,ליטרים,1.00,ליטר,false,1,7.70,7.7000,true,1,114827
7290000051376,false,יוגורט ביו דיאט 0% א,,,יופלה דיאט אננס ספור,גרמים,150.00,100 גרם,false,1,4.90,3.2667,true,1,115897
7290000051710,false,גבינת לבנה עם שמן זי,,,פיראוס לבנה עם שמן ז,גרמים,263.00,100 גרם,false,1,13.90,5.2852,true,1,114828
7290000053981,false,יוגורט ביו 3% תות וא,,,מאגדת שמינייה יופלה 3% תות/אפרסק 150 גר,גרמים,1200.00,100 גרם,false,1,29.90,2.4917,true,1,117200
7290000055206,true,גבינה לבנה למריחה 5%,,,גבינה לבנה בטעם בצל,גרמים,250.00,100 גרם,false,1,5.50,2.2000,true,1,117122
7290000055329,false,משקה יוגורט בטעם תות,,,"משקה יוגורט ""יופלה""",גרמים,250.00,100 גרם,false,1,5.50,2.2000,true,1,117623
7290000055336,false,משקה יוגורט עם בננה,,,"משקה יוגורט ""יופלה""",גרמים,250.00,100 גרם,false,1,5.50,2.2000,true,1,114830
7290000055343,false,משקה יוגורט מנגו פסי,,,"משקה יוגורט ""יופלה""",גרמים,250.00,100 גרם,false,1,5.50,2.2000,true,1,115572
7290000055893,false,חמאה רגילה 200 גר,,,"חמאה רגילה 200 גר""",גרמים,200.00,100 גרם,false,1,7.90,3.9500,true,1,146961
7290000056081,false,יוגורט גרנולה ופירות,,,מאגדת פרילי טבע 200,גרמים,1200.00,100 גרם,false,1,23.90,1.9917,true,1,115901
7290000056845,false,חלב טרי הומוגני 3% 1,,,חלב טרי הומוגני 3% 1.5 ליטר,מיליליטרים,1500.00,"100 מ""ל",false,1,9.34,0.6227,true,1,115267
7290000056890,false,יוגורט דיאט שמיניה י,,,יופלה דיאט מארז 8 יח,גרמים,1200.00,100 גרם,false,1,31.90,2.6583,true,1,114831
7290000056906,true,יוגורט ביו 1.5% יופל,,,מאגדת שמינייה יופלה,גרמים,1200.00,100 גרם,false,1,16.90,1.4083,true,1,117565
7290000056951,false,שמנת לבישול 15% 500,,,שמנת לבישול 15% 500מ,מיליליטרים,500.00,"100 מ""ל",false,1,16.90,3.3800,true,1,117624
7290000057118,true,גבינה עמק קלאסית 400,,,גבינה סמי עמק 400 גר,גרמים,400.00,100 גרם,false,1,21.90,5.4750,true,1,116694
7290000057132,false,יוגורט ביו 1.5% 200,,,"יוגורט ""תנובה"" 1.5%",גרמים,200.00,100 גרם,false,1,3.10,1.5500,true,1,116314
7290000057149,false,יוגורט ביו 3% 200 גר,,,יוגורט תנובה טבעי 3% 200 גר,גרמים,200.00,100 גרם,false,1,3.10,1.5500,true,1,117203
7290000057552,true,יוגורט עוגת גבינה ות,,,דייאט יופלה עוגת גבינה ותות 0% 150 גר,גרמים,150.00,100 גרם,false,1,4.90,3.2667,true,1,125710
7290000058030,false,משקה יוגורט ביו עם ת,,,יופלה שטוזים משקה יוגורט תות 800,מיליליטרים,800.00,"100 מ""ל",false,1,21.90,2.7375,true,1,125313
7290000058047,true,שמנת 38% עמידה 500 מ,,,שמנת 38% עמידה 500 מל,מיליליטרים,500.00,"100 מ""ל",false,1,12.94,2.5880,true,1,147595
7290000060071,false,חטיפי פריכונים בטעם,פרח תעשיות,,חטיפי פריכונים בטעם,גרמים,80.00,100 גרם,false,1,6.90,8.6250,true,1,117204
7290000060088,false,בייגלה מקלות מלוחים,אסם,,בייגלה מקלות מלוחים 400 גר,גרמים,400.00,100 גרם,false,1,9.90,2.4750,true,1,115269
7290000060156,false,אטריות ביצים דקות 20,אסם,,אטריות ביצים דקות 200 גר,גרמים,200.00,100 גרם,false,1,4.90,2.4500,true,1,117625
7290000060163,false,אסם אטריות דקות 400,אסם,,אסם אטריות דקות 400,גרמים,400.00,100 גרם,false,1,4.90,1.2250,true,1,116756
7290000060200,false,פתיתים אפויים קוסקוס,אסם,,פתיתים אפויים קוסקוס,גרמים,500.00,100 גרם,false,1,7.90,1.5800,true,1,117626
7290000060217,false,"פסטה מקרוני 500 ג""ר",זארה,,"פסטה מקרוני 500 ג""ר",גרמים,500.00,100 גרם,false,1,5.90,1.1800,true,1,114832
7290000060248,false,אטריות אסם תלתלים 50,זארה,,אטריות אסם תלתלים 500 גר,גרמים,500.00,100 גרם,false,1,5.90,1.1800,true,1,114833
7290000060316,false,פרפקטו ספגטי 3 500 ג,זארה,,פרפקטו ספגטי (3) 500,גרמים,500.00,100 גרם,false,1,6.90,1.3800,true,1,117206
7290000060330,false,פרפקטו ספירלי 57 500,זארה,,פרפקטו ספירלי (57) 5,גרמים,500.00,100 גרם,false,1,6.90,1.3800,true,1,115573
7290000060385,false,פודינג אינסטנט בטעם,אסם,,פודינג אינסטנט טעם ו,גרמים,320.00,100 גרם,false,1,19.90,6.2187,true,1,116316
7290000060408,false,פתיתים אפויים טבעות,אסם,,פתיתים אפויים טבעות,גרמים,500.00,100 גרם,false,1,7.90,1.5800,true,1,117207
7290000060415,false,פרפקטו לזניה 500 גר,פסטה לנסי,,"פרפקטו לזאניה 500 ג""",גרמים,500.00,100 גרם,false,1,13.90,2.7800,true,1,115574
7290000060576,false,פתיתים אפויים כוכבים,אסם,,פתיתים אפויים כוכבים,גרמים,500.00,100 גרם,false,1,7.90,1.5800,true,1,117627
7290000060781,false,פתיתים אסם מסולסלים,זארה,,פתיתים אסם מסולסלים,גרמים,500.00,100 גרם,false,1,5.90,1.1800,true,1,117208
7290000060828,false,פסטה אסם קרניים בינו,זארה,,פסטה אסם קרניים בינו,גרמים,500.00,100 גרם,false,1,5.90,1.1800,true,1,117629
7290000060842,false,פסטה אסם צדפים גדולי,זארה,,פסטה אסם צדפים גדולי,גרמים,500.00,100 גרם,false,1,5.90,1.1800,true,1,116317
7290000060880,false,"ספגטי אסם (3) 500 ג""",זארה,,"ספגטי אסם (3) 500 ג""",גרמים,500.00,100 גרם,false,1,5.90,1.1800,true,1,114835
7290000060903,false,פתיתים אפויים אורז 5,אסם,,פתיתים אפויים אורז 5,גרמים,500.00,100 גרם,false,1,7.90,1.5800,true,1,115575
7290000060958,false,אסם אטריות בינוניות,אסם,,אסם אטריות בינוניות,גרמים,400.00,100 גרם,false,1,4.90,1.2250,true,1,115576
7290000060965,false,אסם אטריות רחבות 400,אסם,,אסם אטריות רחבות 400,גרמים,400.00,100 גרם,false,1,4.90,1.2250,true,1,115904
7290000061085,false,רוטב צילי מתוק 345 ג,אסם,,"רוטב צ""ילי מתוק 290",גרמים,345.00,100 גרם,false,1,10.90,3.1594,true,1,115577
7290000061108,false,רוטב טריאקי 360 גר,אסם,,"רוטב טריאקי 290 מ""ל",גרמים,360.00,100 גרם,false,1,10.90,3.0278,true,1,114837
7290000061214,false,פתיתי קוסקוס עם בצל,אסם,,פתיתי קוסקוס עם בצל,גרמים,500.00,100 גרם,false,1,7.90,1.5800,true,1,117630
7290000061450,false,פתיתים אפויים קוסקוס,אסם,,פתיתים אפויים קוסקוס,גרמים,500.00,100 גרם,false,1,7.90,1.5800,true,1,117209
7290000061764,false,קפה נמס רד מאג 200 ג,נסטלה ספרד קפה,,קפה נמס רד מאג 200 ג,גרמים,200.00,100 גרם,false,1,24.90,12.4500,true,1,115578
7290000063102,false,קמח תופח מאליו 350 ג,אסם,,קמח תופח מאליו 350 ג,גרמים,350.00,100 גרם,false,1,4.90,1.4000,true,1,116759
7290000063140,false,שקדי מרק רכיבים טבעי,אסם,,שקדי מרק רכיבים טבעי,גרמים,400.00,100 גרם,false,1,10.90,2.7250,true,1,116322
7290000063157,false,קמח תופח מאליו 1 קג,אסם,,"קמח תופח מאליו 1 ק""ג",גרמים,1000.00,100 גרם,false,1,9.90,0.9900,true,1,117212
7290000064758,false,קוסקוס אמיתי בשקית 3,קוסקוס,,קוסקוס אמיתי בשקית 3,גרמים,350.00,100 גרם,false,1,6.90,1.9714,true,1,115272
7290000064871,false,"מנה חמה פירה תפו""א ו",אסם,,"מנה חמה פירה תפו""א ו",גרמים,87.00,100 גרם,false,1,6.90,7.9310,true,1,116761
7290000065090,false,מיני קרוטונים למרק 4,עינת,,מיני קרוטונים למרק 400 גר,גרמים,400.00,100 גרם,false,1,22.90,5.7250,true,1,117633
7290000065335,false,"מנה חמה פירה תפו""א ע",אסם,,"מנה חמה פירה תפו""א ע",גרמים,55.00,100 גרם,false,1,6.90,12.5455,true,1,115580
7290000065391,false,פילה נסיכת הנילוס 10,,,פילה נסיכת הנילוס 100%,קילוגרמים,1.00,"ק""ג",true,,49.90,49.9000,true,1,173779
7290000065540,false,מנה חמה פסטה מוקרמת,אסם,,מנה חמה פסטה מוקרמת,גרמים,55.00,100 גרם,false,1,6.90,12.5455,true,1,116323
7290000065557,false,מנה חמה קוסקוס עם יר,אסם,,מנה חמה קוסקוס עם יר,גרמים,84.00,100 גרם,false,1,6.90,8.2143,true,1,115907
7290000065599,false,פילה מרלוזה,,,פילה מרלוזה,קילוגרמים,1.00,"ק""ג",true,,39.90,39.9000,true,1,168679
7290000066196,false,ביסלי בטעם גריל 200,אסם,,ביסלי בטעם גריל 200,גרמים,200.00,100 גרם,false,1,7.90,3.9500,true,1,115274
7290000066226,false,ביסלי בטעם פיצה 200,אסם,,ביסלי בטעם פיצה 200,גרמים,200.00,100 גרם,false,1,7.90,3.9500,true,1,115275
7290000066264,false,היסטרי דובונים חטיף,אסם,,היסטרי דובונים חטיף 40גר,גרמים,40.00,100 גרם,false,1,4.90,12.2500,true,1,115582
7290000066295,false,במבה מתוקה בטעם תות,אסם,,במבה מתוקה מחומרים ט,גרמים,30.00,100 גרם,false,1,2.90,9.6667,true,1,117215
7290000066332,false,חטיף אפרופו 50 גרם,אסם,,"אפרופו 50 ג""ר",גרמים,50.00,100 גרם,false,1,4.90,9.8000,true,1,114841
7290000066431,false,פופקו חטיף תירס בטעם,אסם,,פופקו חטיף תירס בטעם,גרמים,80.00,100 גרם,false,1,4.90,6.1250,true,1,116763
7290000067407,false,פירורית מתובלת בשקית,עינת,,פירורית מתובלת בשקית,גרמים,200.00,100 גרם,false,1,5.90,2.9500,true,1,116765
7290000067544,false,פירורי לחם מוזהבים פ,עינת,,"פירורית זהב 200 ג""ר",גרמים,200.00,100 גרם,false,1,5.90,2.9500,true,1,115584
7290000067599,false,מנה חמה ספגטי בולונז,אסם,,מנה חמה ספגטי בולונז,גרמים,65.00,100 גרם,false,1,6.90,10.6154,true,1,115913
7290000067735,false,נייוקי תפוא פרפקטו א,איטלניוקי,,"ניוקי בצקיות מתפו""א",גרמים,500.00,100 גרם,false,1,11.90,2.3800,true,1,117634
7290000068138,false,פודינג אינסטנט וניל,אסם,,פודינג אינסטנט בטעם,גרמים,80.00,100 גרם,false,1,4.90,6.1250,true,1,115277
7290000068190,false,גלי בטעם תות פרווה א,אסם,,"ג""לי בזק בטעם תות שד",גרמים,90.00,100 גרם,false,1,5.90,6.5556,true,1,116767
7290000068206,false,גלי בטעם משמש פרווה,אסם,,"ג""לי בזק בטעם משמש צ",גרמים,85.00,100 גרם,false,1,5.90,6.9412,true,1,116327
7290000068237,false,גלי בטעם פטל פרווה א,אסם,,"ג""לי בזק בטעם פטל צב",גרמים,85.00,100 גרם,false,1,5.90,6.9412,true,1,116768
7290000068251,false,גלי בטעם אננס פרווה,אסם,,"ג""לי בזק בטעם אננס צ",גרמים,85.00,100 גרם,false,1,5.90,6.9412,true,1,116769
7290000068343,false,פריכונים מאורז מלא 1,פרח תעשיות,,פריכונים מאורז מלא 1,גרמים,140.00,100 גרם,false,1,7.90,5.6429,true,1,114842
7290000068701,false,שקדי מרק רכיבים טבעי,אסם,,שקדי מרק רכיבים טבעי,גרמים,400.00,100 גרם,false,1,15.90,3.9750,true,1,115915
7290000069364,false,פריכונים עגולים אורז,פרח תעשיות,,פריכונים עגולים אורז,גרמים,140.00,100 גרם,false,1,7.90,5.6429,true,1,116770
7290000069583,false,סטייק סלומון נורבגי,,,סטייק סלומון נורבגי,קילוגרמים,1.00,"ק""ג",true,,69.90,69.9000,true,1,125216
7290000069609,false,חטיפי קרקר עם זעתר 3,אסם,,חטיפי קרקר עם זעתר 3,גרמים,300.00,100 גרם,false,1,9.90,3.3000,true,1,116328
7290000069715,false,חטיפי קרקר טעם מלוח,אסם,,חטיפי קרקר טעם מלוח,גרמים,300.00,100 גרם,false,1,9.90,3.3000,true,1,117635
7290000070308,false,אבקת מרק עוף אמיתי,אסם,,אבקת מרק עוף אמיתי בשרי אסם 400 גר,גרמים,400.00,100 גרם,false,1,19.90,4.9750,true,1,116772
7290000070322,false,אבקת מרק פטריות רכיב,אסם,,אבקת מרק פטריות רכיב,גרמים,400.00,100 גרם,false,1,21.90,5.4750,true,1,117217
7290000070353,false,אבקת מרק בצל רכיבים,אסם,,אבקת מרק בצל רכיבים,גרמים,400.00,100 גרם,false,1,21.90,5.4750,true,1,114845
7290000071008,false,בייגלה שטוחים עם מלח,אסם,,בייגלה שטוחים עם מלח,גרמים,80.00,100 גרם,false,1,3.00,3.7500,true,1,115600
7290000072067,false,במבה במילוי קרם חלוו,אסם,,במבה במילוי קרם חלבה,גרמים,60.00,100 גרם,false,1,4.90,8.1667,true,1,116331
7290000072241,false,רוטב פיצה 320 גרם,אסם,,"רוטב פיצה 290 מ""ל",גרמים,320.00,100 גרם,false,1,10.90,3.4063,true,1,115282
7290000072623,false,קטשופ בקבוק לחיץ 750,אסם,,קטשופ בקבוק לחיץ 750,גרמים,750.00,100 גרם,false,1,10.90,1.4533,true,1,117219
7290000072630,false,קטשופ חריף 750 גר,אסם,,"קטשופ חריף 750 ג""ר",גרמים,750.00,100 גרם,false,1,11.90,1.5867,true,1,115283
7290000072753,false,קפה טסטר צויס 200 גר,נסטלה קוריאה - קפה,,"קפה טסטר צ""ויס 200 גר",גרמים,200.00,100 גרם,false,1,28.90,14.4500,true,1,115601
7290000072777,false,קפה נמס נטול קפאין ט,נסטלה קוריאה - קפה,,"""טסטר צ""ויס"" נטול קו",גרמים,200.00,100 גרם,false,1,39.90,19.9500,true,1,115284
7290000072968,false,סיני מיניס דגני בוקר,נסטלה פולין דגני בוק,,סיני מיניס דגני בוקר 500 גר,גרמים,500.00,100 גרם,false,1,21.90,4.3800,true,1,116775
7290000073125,false,מנה חמה פסטה עם עגבנ,אסם,,מנה חמה פסטה עם עגבנ,גרמים,62.00,100 גרם,false,1,6.90,11.1290,true,1,115918
7290000073415,false,מנה חמה פסטה ברוטב פ,אסם,,מנה חמה פסטה ברוטב פ,גרמים,61.00,100 גרם,false,1,6.90,11.3115,true,1,115286
7290000073699,false,חומוס צבר 150 גר,צבר,,"חומוס ""צבר"" 150 גרם",גרמים,150.00,100 גרם,false,1,4.90,3.2667,true,1,125360
7290000073750,false,מנה חמה נודלס אטריות,טאי רזידנט,,מנה חמה נודלס - אטרי,גרמים,71.00,100 גרם,false,1,6.90,9.7183,true,1,117220
7290000073767,false,מנה חמה נודלס- אטריו,טאי רזידנט,,מנה חמה נודלס- אטריו,גרמים,71.00,100 גרם,false,1,6.90,9.7183,true,1,117636
7290000073774,false,מנה חמה נודלס פיקנטי,טאי רזידנט,,מנה חמה נודלס - אטרי,גרמים,71.00,100 גרם,false,1,6.90,9.7183,true,1,116776
7290000074153,false,פתי בר שוקו 500 גר,אסם,,"פתי בר שוקו 500 ג""ר",גרמים,500.00,100 גרם,false,1,9.90,1.9800,true,1,114849
7290000074184,false,פתי בר 500 גר,אסם,,"פתי בר 500 ג""ר",גרמים,500.00,100 גרם,false,1,11.90,2.3800,true,1,116777
7290000074245,false,קרם קרקר 250 גר,אסם,,"קרם קרקר 250 ג""ר",גרמים,250.00,100 גרם,false,1,9.90,3.9600,true,1,116335
7290000074252,false,קרקר שומשום 250 גרם,אסם,,"קרקר שומשום 250 ג""ר",גרמים,250.00,100 גרם,false,1,9.90,3.9600,true,1,115920
7290000074276,false,קרקר פיקנטי 250 גרם,אסם,,"קרקר פיקנטי 250 ג""ר",גרמים,250.00,100 גרם,false,1,9.90,3.9600,true,1,116336
7290000074375,false,קרקר זהב 150 גר,אסם,,"קרקר זהב 150 ג""ר",גרמים,150.00,100 גרם,false,1,6.90,4.6000,true,1,115287
7290000074481,false,לחמית עם אגוזים 160,אסם,,לחמית עם אגוזים 160,גרמים,160.00,100 גרם,false,1,9.90,6.1875,true,1,117221
7290000074696,false,קרם קרקר 1 קג,אסם,,"קרם קרקר 1 ק""ג",קילוגרמים,1.00,"ק""ג",false,1,28.90,28.9000,true,1,116778
7290000074764,false,קרקר זהב 900 גר,אסם,,"קרקר זהב 900 ג""ר",גרמים,900.00,100 גרם,false,1,28.90,3.2111,true,1,116780
7290000075204,false,לחמית חיטה מלאה 250,אסם,,לחמית חיטה מלאה 250,גרמים,250.00,100 גרם,false,1,8.90,3.5600,true,1,117224
7290000075693,false,עוגת בריוש שוקולד 36,אסם,,עוגת בריוש שוקולד 360 גר,גרמים,360.00,100 גרם,false,1,15.90,4.4167,true,1,114852
7290000076126,false,בייגלה שמיניות קטנות,אסם,,בייגלה שמיניות קטנות80גר,גרמים,80.00,100 גרם,false,1,3.00,3.7500,true,1,116781
7290000076133,false,בייגלה שמיניות קטנות,אסם,,בייגלה שמיניות קטנות 400 גר,גרמים,400.00,100 גרם,false,1,9.90,2.4750,true,1,116782
7290000077253,false,לחמית כפרית 190 גר,אסם,,לחמית כפרית 190 גרם,גרמים,190.00,100 גרם,false,1,9.90,5.2105,true,1,115921
7290000077925,false,טוסטעים צנימים עגולי,ון-דר-מולן,,טוסטעים צנימים עגולי,גרמים,125.00,100 גרם,false,1,9.90,7.9200,true,1,117637
7290000078762,false,פריכונים חטיפי אורז,הרטו בלגיה,,פריכונים חטיפי אורז,גרמים,80.00,100 גרם,false,1,6.90,8.6250,true,1,114853
7290000079233,false,קרם קרקר דל נתרן 250,אסם,,קרם קרקר דל נתרן 250,גרמים,250.00,100 גרם,false,1,9.90,3.9600,true,1,117225
7290000081663,false,בייגלה טבעות עם שומש,אסם,,בייגלה טבעות עם שומש,גרמים,300.00,100 גרם,false,1,9.90,3.3000,true,1,115605
7290000094530,false,דג בקלה ארוז,,,דג בקלה ארוז,קילוגרמים,1.00,"ק""ג",true,,21.90,21.9000,true,1,154173
7290000094745,false,פילה פורל ים מעושן,,,פילה פורל ים מעושן,קילוגרמים,1.00,"ק""ג",true,,129.90,129.9000,true,1,173016
7290000094882,false,פלאונדר דג סול שלם,,,פלאונדר דג סול שלם,קילוגרמים,1.00,"ק""ג",true,,24.90,24.9000,true,1,173015
7290000094899,false,פילה נסיכת הנילוס קפ,,,פילה נסיכת הנילוס קפוא בוואקום,קילוגרמים,1.00,"ק""ג",true,,49.90,49.9000,true,1,173014
7290000100128,false,תות שדה סנפרוסט קפוא,,,תות שדה סנפרוסט קפוא 300 גר,גרמים,300.00,100 גרם,false,1,14.90,4.9667,true,1,148657
7290000100135,false,דובדבן מתוק סנפרוסט,,,דובדבן מתוק סנפרוסט קפוא 300 גר,גרמים,300.00,100 גרם,false,1,14.90,4.9667,true,1,148658
7290000101927,false,אוכמניות כחולות סנפר,,,אוכמניות כחולות סנפרוסט קפוא 300 גר,גרמים,300.00,100 גרם,false,1,14.90,4.9667,true,1,137498
7290000101941,false,אננס סנפרוסט קפוא 30,,,אננס סנפרוסט קפוא 300 גר,גרמים,300.00,100 גרם,false,1,14.90,4.9667,true,1,137497
7290000101958,false,מנגו סנפרוסט קפוא 30,,,מנגו סנפרוסט קפוא 300 גר,גרמים,300.00,100 גרם,false,1,14.90,4.9667,true,1,137496
7290000103815,false,לקט להקפצה תאילנדי 8,,,לקט להקפצה תאילנדי,גרמים,800.00,100 גרם,false,1,19.90,2.4875,true,1,125289
7290000104072,false,עדשים ירוקות מבושלות,,,עדשים ירוקות מבושלות,גרמים,800.00,100 גרם,false,1,17.90,2.2375,true,1,116339
7290000104201,false,אפונה עדינה 600 גר,,,"אפונה עדינה 600 ג""ר",גרמים,600.00,100 גרם,false,1,17.90,2.9833,true,1,114856
7290000104676,false,אפונת גינה 800 גר,,,"אפונת גינה 800 ג""ר",גרמים,800.00,100 גרם,false,1,17.90,2.2375,true,1,115607
7290000104683,false,שעועית ירוקה שלמה 80,,,שעועית ירוקה שלמה 80,גרמים,800.00,100 גרם,false,1,17.90,2.2375,true,1,115922
7290000104690,false,גרעיני תירס 800 גר,,,"גרעיני תירס 800 ג""ר",גרמים,800.00,100 גרם,false,1,17.90,2.2375,true,1,117640
7290000104706,false,גזר גמדי 800 גר,,,"גזר גמדי 800 גר""",גרמים,800.00,100 גרם,false,1,15.90,1.9875,true,1,117641
7290000104713,false,פול ירוק 800 גר,,,"פול ירוק 800 גר""",גרמים,800.00,100 גרם,false,1,21.90,2.7375,true,1,117642
7290000104720,false,שעועית ירוקה חתוכה 8,,,שעועית ירוקה חתוכה 8,גרמים,800.00,100 גרם,false,1,15.90,1.9875,true,1,116785
7290000104737,false,שעועית צהובה חתוכה 8,,,שעועית צהובה חתוכה 8,גרמים,800.00,100 גרם,false,1,17.90,2.2375,true,1,117643
7290000104744,false,כרובית קפואה 800 גר,,,כרובית קפואה,גרמים,800.00,100 גרם,false,1,21.90,2.7375,true,1,115923
7290000104751,false,כרוב ניצנים 800 גר,,,"כרוב ניצנים 800 גר""",גרמים,800.00,100 גרם,false,1,21.90,2.7375,true,1,115608
7290000104768,false,עלי תרד מוקפאים 800,סנפרוסט,,עלי תרד מוקפאים 800 גר,גרמים,800.00,100 גרם,false,1,21.90,2.7375,true,1,115609
7290000104799,false,שעועית לבנה מבושלת 8,,,שעועית לבנה מבושלת 8,גרמים,800.00,100 גרם,false,1,17.90,2.2375,true,1,116340
7290000104805,false,גרגירי חומוס קפוא 80,,,גרגירי חומוס קפוא 80,גרמים,800.00,100 גרם,false,1,17.90,2.2375,true,1,116786
7290000104829,false,קלחוני תירס 1 קג,,,"קלחוני תירס 1 ק""""ג",גרמים,1000.00,100 גרם,false,1,19.90,1.9900,true,1,117228
7290000104836,false,שעועית עדינה שלמה 60,,,שעועית עדינה שלמה 60,גרמים,600.00,100 גרם,false,1,21.90,3.6500,true,1,114857
7290000104881,false,אפונה וגזר 800 גר,,,"אפונה וגזר 800 ג""ר",גרמים,800.00,100 גרם,false,1,15.90,1.9875,true,1,117644
7290000104911,false,לקט נורמנדי 800 גר,,,"לקט נורמנדי 800 ג""ר",גרמים,800.00,100 גרם,false,1,17.90,2.2375,true,1,115924
7290000106526,false,חגיגה ירוקה להקפצה 8,,,חגיגה ירוקה להקפצה 800 גר,גרמים,800.00,100 גרם,false,12,19.90,2.4875,true,1,151630
7290000107165,false,פולי סויה בתרמיל 400,,,פולי סויה בתרמיל 400,גרמים,400.00,100 גרם,false,1,13.90,3.4750,true,1,115293
7290000107295,false,תפרחות ברוקולי 800 ג,,,תפרחות ברוקולי 800 ג,גרמים,800.00,100 גרם,false,1,21.90,2.7375,true,1,114858
7290000110844,false,כיפלי גריל 70 גר בדץ,אתר שפע,,"כיפלי גריל 70 ג""ר בד",גרמים,70.00,100 גרם,false,1,4.90,7.0000,true,1,115925
7290000111063,false,מיונז תלמה 250 גר,אתר חיפה ממרחים,,"מיונז תלמה 250 ג""ר",גרמים,250.00,100 גרם,false,1,6.90,2.7600,true,1,117230
7290000111117,false,מרכך כביסה בדין לבן,אתר ליוור,,מרכך כביסה בדין לבן,ליטרים,4.00,ליטר,false,1,19.90,4.9750,true,1,116789
7290000111186,false,מיונז תלמה 500 גר,אתר חיפה ממרחים,,"מיונז תלמה 500 ג""ר",גרמים,500.00,100 גרם,false,1,8.90,1.7800,true,1,115296
7290000111353,false,מיונז תלמה 1 קג,אתר חיפה ממרחים,,"מיונז ""תלמה"" 1 ק""ג",קילוגרמים,1.00,"ק""ג",false,1,16.90,16.9000,true,1,115926
7290000111360,false,חרדל תלמה 250 גר,אתר חיפה ממרחים,,חרדל תלמה 250 גר,גרמים,250.00,100 גרם,false,1,5.90,2.3600,true,1,117232
7290000111384,false,חרדל תלמה 550 גר,אתר חיפה ממרחים,,"חרדל ""תלמה"" 550 ג""ר",גרמים,550.00,100 גרם,false,1,7.90,1.4364,true,1,116342
7290000112220,false,טחינה בארכה שומשום 1,,,טחינה בארכה שומשום 100% 500 גר,גרמים,500.00,100 גרם,false,1,13.90,2.7800,true,1,116790
7290000112237,false,טחינה בארכה שומשום 1,,,"טחינה בארכה שומשום 100% 1 ק""ג",קילוגרמים,1.00,"ק""ג",false,1,19.90,19.9000,true,1,117645
7290000112497,false,מרק עוף עם איטריות 7,אתר חיפה אבקות,,מרק עוף עם איטריות 6,גרמים,75.00,100 גרם,false,1,8.90,11.8667,true,1,116343
7290000112503,false,מרק עשיר ירקות 69 גר,אתר חיפה אבקות,,"מרק עשיר ירקות 61 ג""",גרמים,69.00,100 גרם,false,1,8.90,12.8986,true,1,117646
7290000113180,false,כפלי ציפס בדצ 50 גר,אתר שפע,,"כפלי ציפס בד""צ 50 גר",גרמים,50.00,100 גרם,false,1,4.90,9.8000,true,1,115927
7290000116204,false,מרק דגש תלמה בטעם עו,אתר חיפה אבקות,,"מרק דגש ""תלמה"" בטעם",קילוגרמים,1.00,"ק""ג",false,1,14.90,14.9000,true,1,115612
7290000116884,false,רוטב ברביקיו 350 גר,אתר חיפה 778,,"רוטב ברביקיו 350 ג""ר",גרמים,350.00,100 גרם,false,1,9.90,2.8286,true,1,115613
7290000116921,false,רוטב צילי מתוק 370 ג,אתר חיפה 778,,"רוטב צ""ילי מתוק 300 מ""ל",גרמים,370.00,100 גרם,false,1,9.90,2.6757,true,1,116347
7290000116945,false,רוטב סויה קנור 300 מ,אתר חיפה 778,,רוטב סויה קנור 340 ג,מיליליטרים,300.00,"100 מ""ל",false,1,9.90,3.3000,true,1,116348
7290000117171,false,מרק טעם עוף דל קלורי,אתר חיפה אבקות,,מרק טעם עוף דל קל 48,גרמים,48.00,100 גרם,false,1,6.90,14.3750,true,1,117233
7290000120836,false,מיונז הלמנס 394 גר,"יונילוור ארה""ב",,"מיונז הלמנס 394 ג""ר",גרמים,394.00,100 גרם,false,1,9.90,2.5127,true,1,115299
7290000120874,false,מיונז הלמנס לייט 424,"יונילוור ארה""ב",,מיונז הלמנס לייט 424,גרמים,424.00,100 גרם,false,1,9.90,2.3349,true,1,115930
7290000121147,false,גבינת מון בלאן פיקנט,שלושת האופים,,"גבינת ""מון בלאן פיקנ",גרמים,120.00,100 גרם,false,1,11.90,9.9167,true,1,116351
7290000121154,false,גבינת מון בלאן סלמון,שלושת האופים,,"גבינת ""מון בלאן סלומ",גרמים,120.00,100 גרם,false,1,11.90,9.9167,true,1,117649
7290000121239,false,מיוקל 5% שומן ללא כו,אתר חיפה ממרחים,,מיוקל 5% שומן ללא כו,גרמים,500.00,100 גרם,false,1,10.90,2.1800,true,1,116352
7290000122830,false,רוטב קנור סצואן 370,אתר חיפה 778,,"רוטב קנור סצ""ואן בקב",גרמים,370.00,100 גרם,false,1,9.90,2.6757,true,1,115618
7290000129785,false,מרכך כביסה בדין ירוק,אתר ליוור,,מרכך כביסה בדין ירוק,ליטרים,4.00,ליטר,false,1,19.90,4.9750,true,1,115619
7290000131782,false,פילה סלמון קפוא,,,פילה סלמון קפוא,קילוגרמים,1.00,"ק""ג",true,,89.90,89.9000,true,1,166186
7290000133645,false,משחת שיניים סודה לשת,,,אורביטול משחת שיניים,גרמים,435.00,100 גרם,false,1,17.90,4.1149,true,1,115621
7290000135045,false,משקה אנרגיה XL ten ת,,,משקה אנרגיה XL ten תפוח,מיליליטרים,250.00,"100 מ""ל",false,24,4.20,1.6800,true,1,150102
7290000135052,false,משקה אנרגיה XL ten מ,,,משקה אנרגיה XL ten מנגו,מיליליטרים,250.00,"100 מ""ל",false,24,4.20,1.6800,true,1,150101
7290000135113,false,משקה אנרגיה XL TEN נ,,,"משקה אנרגיה XL TEN נענע ליים 250 מ""ל",מיליליטרים,250.00,"100 מ""ל",false,24,4.20,1.6800,true,1,155288
7290000135311,false,פפסי מקס ליים 1.5 ל,,,פפסי מקס ליים 1.5 ליטר,ליטרים,1.50,ליטר,false,12,7.90,5.2667,true,1,158214
7290000135342,false,מי סודה טמפו 500 מל,,,מי סודה טמפו 500 מל,מיליליטרים,500.00,"100 מ""ל",false,1,2.90,0.5800,true,1,164359
7290000135595,false,פפסי מקס דובדבן 1.5,,,פפסי מקס דובדבן 1.5 ליטר,ליטרים,1.50,ליטר,false,1,7.90,5.2667,true,1,164187
7290000135625,false,גולדסטאר פח 500 מל ר,,,רביעיית פחיות גולדסטאר 500 מל,ליטרים,2.00,ליטר,false,1,32.90,16.4500,true,1,165556
7290000135632,false,גולדסטאר לא מסונן פח,,,רביעיית פחיות גולדסטאר לא מסונן 500 מל,ליטרים,2.00,ליטר,false,1,36.90,18.4500,true,1,165557
7290000136141,false,פפסי קולה 1.5 ל,,,פפסי קולה 1.5 ל,ליטרים,1.50,ליטר,false,1,7.90,5.2667,true,1,168128
7290000136158,false,פפסי מקס 1.5 ל,,,פפסי מקס 1.5 ל,ליטרים,1.50,ליטר,false,1,7.90,5.2667,true,1,168129
7290000136257,false,פאנק טוניק טמפו 1.5,,,פאנק טוניק טמפו 1.5 ל,ליטרים,1.50,ליטר,false,1,10.90,7.2667,true,1,168111
7290000136264,false,מי טוניק טמפו 1.5 ל,,,מי טוניק טמפו 1.5 ל,ליטרים,1.50,ליטר,false,1,10.90,7.2667,true,1,168110
7290000136516,false,גאמפ מנגו 1.5 ל,,,גאמפ מנגו 1.5 ל,מיליליטרים,1500.00,"100 מ""ל",false,1,7.90,0.5267,true,1,168112
7290000136523,false,גאמפ ענבים 1.5 ל,,,גאמפ ענבים 1.5 ל,מיליליטרים,1500.00,"100 מ""ל",false,1,7.90,0.5267,true,1,168115
7290000136561,false,גאמפ תות בננה 1.5 ל,,,גאמפ תות בננה 1.5 ל,מיליליטרים,1500.00,"100 מ""ל",false,1,7.90,0.5267,true,1,168116
7290000136585,false,משקה גאמפ תפוז 1.5 ל,,,משקה גאמפ תפוז 1.5 ל,ליטרים,1.50,ליטר,false,1,7.90,5.2667,true,1,168113
7290000136660,false,מי סודה 1.5 ל,,,מי סודה 1.5 ל,ליטרים,1.50,ליטר,false,1,3.90,2.6000,true,1,168545
7290000136677,false,פפסי קולה 1.5 ל,,,פפסי קולה 1.5 ל,ליטרים,1.50,ליטר,false,1,7.90,5.2667,true,1,168552
7290000136684,false,פפסי מקס 1.5 ל,,,פפסי מקס 1.5 ל,ליטרים,1.50,ליטר,false,1,7.90,5.2667,true,1,168553
7290000136707,false,מירינדה 1.5 ל,,,מירינדה 1.5 ל,ליטרים,1.50,ליטר,false,1,7.90,5.2667,true,1,168544
7290000136790,false,מי סודה טמפו 1.5 ל ש,,,מי סודה טמפו 1.5 ל שישיה,ליטרים,9.00,ליטר,false,1,15.90,1.7667,true,1,168097
7290000136844,false,מים מזוככים אקווה נו,,,מים מזוככים אקווה נובה 2 ל שישיה,ליטרים,12.00,ליטר,false,1,11.90,0.9917,true,1,168093
7290000136851,false,סבן אפ 1.5 ל,,,סבן אפ 1.5 ל,ליטרים,1.50,ליטר,false,1,7.90,5.2667,true,1,168551
7290000136868,false,מים מינרליים סאן בנד,,,מים מינרליים סאן בנדטו 1.5 ל שישיה,ליטרים,9.00,ליטר,false,1,18.90,2.1000,true,1,168094
7290000136875,false,מים מינרליים מוגזים,,,מים מינרליים מוגזים סאן בנאדטו 1.5 ל שיש,ליטרים,9.00,ליטר,false,1,18.90,2.1000,true,1,168096
7290000136936,false,סבן אפ דיאט 1.5 ל,,,סבן אפ דיאט 1.5 ל,ליטרים,1.50,ליטר,false,1,7.90,5.2667,true,1,168550
7290000137643,false,גלידה טעמקור שמיניה,,,גלידה טעמקור 8 יח,גרמים,416.00,100 גרם,false,1,29.90,7.1875,true,1,117242
7290000140580,false,פילה מקרל בעישון חם,,,פילה מקרל בעישון חם עם גבינה,קילוגרמים,1.00,"ק""ג",true,,119.00,119.0000,true,1,171484
7290000141006,false,פילה דיונון בעישון ח,,,פילה דיונון בעישון חם קפוא,קילוגרמים,1.00,"ק""ג",true,,129.00,129.0000,true,1,173469
7290000144160,false,שמן זית בטעם מודגש 7,שמן תעשיות,,שמן זית בטעם מודגש 750 מל,מיליליטרים,750.00,"100 מ""ל",false,1,29.90,3.9867,true,1,115941
7290000144467,false,שמן חמניות בריאות 1,שמן תעשיות,,שמן חמניות בריאות 1 ל,ליטרים,1.00,ליטר,false,1,15.90,15.9000,true,1,117657
7290000153469,false,קציצות עוף קלאסיות 6,עוף טוב,,קציצות עוף קלאסיות 6,גרמים,600.00,100 גרם,false,1,24.90,4.1500,true,1,117660
7290000158105,false,"שניצל דינוזאור ""עוף",עוף טוב,,"שניצל דינוזאור ""עוף טוב"" 700 גר",גרמים,700.00,100 גרם,false,1,29.90,4.2714,true,1,125373
7290000159010,false,"שניצל דובונים ""עוף",עוף טוב,,"שניצל דובונים ""עוף טוב"" 700 גר",גרמים,700.00,100 גרם,false,1,29.90,4.2714,true,1,125374
7290000161358,false,מיונז אמיתי משמן קנו,אתר חיפה ממרחים,,מיונז אמיתי משמן קנו,גרמים,500.00,100 גרם,false,1,12.90,2.5800,true,1,117249
7290000168173,false,ברנפלקס קרנצים 375 ג,אתר שפע,,"ברנפלקס קרנצ""ים 375 גר",גרמים,375.00,100 גרם,false,1,19.90,5.3067,true,1,126164
7290000169798,false,דגני בוקר עוגי מופחת,אתר שפע,,"דגני בוקר ""עוגי"" מופחת סוכר 500 גר",גרמים,500.00,100 גרם,false,1,15.90,3.1800,true,1,127116
7290000174723,false,שוקולית 500 גר,STRAUSS-ISRAEL,,"שוקולית 500 ג""ר",גרמים,500.00,100 גרם,false,1,11.90,2.3800,true,1,117251
7290000176079,false,קפה טורקי קלוי וטחון,STRAUSS-ISRAEL,,קפה טורקי עם הל,גרמים,100.00,100 גרם,false,1,8.90,8.9000,true,1,116811
7290000176116,false,קפה טורקי קלוי וטחון,STRAUSS-ISRAEL,,"קפה טורקי ואקום 1 ק""",קילוגרמים,1.00,"ק""ג",false,1,74.90,74.9000,true,1,117666
7290000176413,false,קפה נמס אבקתי עלית 5,STRAUSS-ISRAEL,,עלית קפה נמס אבקתי 50גר,גרמים,50.00,100 גרם,false,1,8.90,17.8000,true,1,117253
7290000176420,false,קפה נמס אבקתי עלית 2,STRAUSS-ISRAEL,,קפה נמס עלית 200 גר,גרמים,200.00,100 גרם,false,1,18.90,9.4500,true,1,115627
7290000176468,false,קפה האג נטול קפאין 5,STRAUSS-ISRAEL,,קפה נמס האג נטול קפא,גרמים,50.00,100 גרם,false,1,10.90,21.8000,true,1,115948
7290000178707,false,חטיף תפוציפס טבעי 50,STRAUSS-ISRAEL,,"תפוצ""יפס מלוח 50 גר""",גרמים,50.00,100 גרם,false,1,3.90,7.8000,true,1,116813
7290000178721,false,חטיף תפוציפס טבעי 20,STRAUSS-ISRAEL,,"תפוצ""יפס 200 גר""",גרמים,200.00,100 גרם,false,1,10.90,5.4500,true,1,116364
7290000185590,false,סילאן טבעי לחיץ 650,,,סילאן טבעי לחיץ 650 גר,גרמים,650.00,100 גרם,false,1,19.90,3.0615,true,1,163439
7290000186535,false,נייר טואלט לילי טריו,חוגלה קימברלי,,נייר טואלט לילי טריו לבן 32גל,יחידה,1.00,יחידה,false,1,37.90,37.9000,true,1,128454
7290000187921,false,נייר טואלט לילי 32 ג,חוגלה קימברלי,,"נייר טואלט ""לילי"" לב",יחידה,1.00,יחידה,false,1,39.90,39.9000,true,1,116365
7290000187938,false,נייר טואלט בגוון פסט,חוגלה קימברלי,,"נייר טואלט ""לילי"" פס",יחידה,1.00,יחידה,false,1,34.90,34.9000,true,1,115629
7290000187952,false,נייר טואלט לילי טריו,חוגלה קימברלי,,"נייר טואלט ""לילי"" טר",Unknown,0.00,Unknown,false,1,37.90,0.0000,true,1,116366
7290000188355,false,מגבות מטבח ניקול שיש,חוגלה קימברלי,,"שישיית מגבות מטבח ""נ",Unknown,0.00,Unknown,false,1,11.90,0.0000,true,1,115630
7290000188553,false,מגני תחתון נורמל קוט,KC China,,"מגיני תחתון ""קוטקס""",Unknown,0.00,Unknown,false,1,17.90,0.0000,true,1,116369
7290000188591,false,קוטקס יאנג מגני תחתו,KC China,,"מגיני תחתון ""קוטקס""",Unknown,0.00,Unknown,false,1,17.90,0.0000,true,1,116816
7290000189192,false,מטלית ניקול חכמה יומ,,,מטלית ניקול חכמה יומית 64 יח,Unknown,0.00,Unknown,false,1,17.90,0.0000,true,1,116370
7290000189536,false,שקיות אשפה עם שרוך 5,אשפלסט,,"אשפטון 40יח""",Unknown,0.00,Unknown,false,1,19.90,0.0000,true,1,115312
7290000189550,false,שקיות אשפה עם שרוך 7,אשפלסט,,אשפתון ענק זוגות 78*,Unknown,0.00,Unknown,false,1,21.90,0.0000,true,1,115313
7290000189659,false,מטליות לחות לניקוי ר,עלבד,,"מטליות לחות רצפה ""ני",Unknown,0.00,Unknown,false,1,9.90,0.0000,true,1,114874
7290000191225,false,חיתולים האגיס ליטל ב,KC TURKEY,,"טיטולי ""האגיס"" ליטל בייביס שלב 2 46 יח",Unknown,0.00,Unknown,false,1,29.90,0.0000,true,1,129901
7290000191539,false,מגבוני לילי צבעוני ח,חוגלה קימברלי,,מגבוני לילי צבעוני 5 יח,Unknown,0.00,Unknown,false,1,11.90,0.0000,true,1,115316
7290000191652,false,ממחטות קלינקס שלישיי,חוגלה קימברלי,,קלינקס קלאסיק שלישיי,Unknown,0.00,Unknown,false,1,9.90,0.0000,true,1,114876
7290000192581,false,מגבות נייר גליל כפול,,,מגבות נייר גליל כפול 6 יח,Unknown,0.00,Unknown,false,1,21.90,0.0000,true,1,143240
7290000193205,false,תחבושות לילי נטורל,Ontex,,תחבושות לילי נטורל,Unknown,0.00,Unknown,false,1,15.90,0.0000,true,1,116374
7290000193472,false,מגן תחתון לילי נורמל,,,מגן תחתון לילי נורמל,Unknown,0.00,Unknown,false,1,15.90,0.0000,true,1,115317
7290000193540,false,מגני תחתון לילי נטור,,,מגני תחתון לילי נטורל לונג 52 יח,Unknown,0.00,Unknown,false,1,15.90,0.0000,true,1,115633
7290000193649,false,תחבושות לילי נורמל ע,,,תחבושות לילי נורמל עם כנפיים 24 יח,Unknown,0.00,Unknown,false,1,15.90,0.0000,true,1,114878
7290000193656,false,מגן תחתון לילי סופר,,,מגן תחתון לילי סופר,Unknown,0.00,Unknown,false,1,15.90,0.0000,true,1,114879
7290000193793,false,תחבושת לילי נטורל נו,,,תחבושת לילי נטורל נורמל 24 יח,Unknown,0.00,Unknown,false,1,15.90,0.0000,true,1,115955
7290000194288,false,משטחי החתלה האגיס 10,ONTEX,,"משטח החטלה ""האגיס""",Unknown,0.00,Unknown,false,1,19.90,0.0000,true,1,114880
7290000195537,false,מגבונים ללא בישום הא,עלבד,,מארז מגבוני האגיס נט,Unknown,0.00,Unknown,false,1,17.90,0.0000,true,1,117256
7290000195773,false,מגבונים לעור רגיש לל,עלבד,,האגיס נטורל מילוי רב,Unknown,0.00,Unknown,false,1,17.90,0.0000,true,1,114881
7290000196039,false,מפות שולחן ניקול 120,דיספובד,,מפיות ניקול זוג,Unknown,0.00,Unknown,false,1,9.90,0.0000,true,1,116375
7290000196343,false,מפת ניקול מהודרת,דיספובד,,מפת ניקול מהודרת,Unknown,0.00,Unknown,false,1,11.90,0.0000,true,1,114882
7290000197081,false,ניילון נצמד ניקול 15,אופל,,ניילון נצמד ניקול 150 מטר,Unknown,0.00,Unknown,false,1,24.90,0.0000,true,1,117673
7290000197326,false,רדיד אלומיניום 30*7.,אופל,,רדיד אלומיניום 30*7.,Unknown,0.00,Unknown,false,1,9.90,0.0000,true,1,119352
7290000197425,false,חיתולים האגיס פרידום,חוגלה קימברלי,,"טיטולי ""האגיס"" פרידום דריי שלב 3 54 יח",Unknown,0.00,Unknown,false,1,42.90,0.0000,true,1,129902
7290000197432,false,שקיות אוכל סנדוויצון,אשפלסט,,"סנדוויצ""ון זוג",Unknown,0.00,Unknown,false,1,9.90,0.0000,true,1,117792
7290000197456,false,חיתולים האגיס פרידום,חוגלה קימברלי,,"טיטולי ""האגיס"" פרידום דריי שלב 4 44 יח",יחידה,1.00,יחידה,false,1,42.90,42.9000,true,1,129903
7290000197463,false,חיתולים האגיס פרידום,חוגלה קימברלי,,"טיטולי ""האגיס"" פרידום דריי שלב 4+ 42 יח",יחידה,1.00,יחידה,false,1,42.90,42.9000,true,1,129904
7290000197548,false,חיתולים האגיס פרידום,חוגלה קימברלי,,"טיטולי ""האגיס"" פרידום דריי שלב 5 38 יח",יחידה,1.00,יחידה,false,1,42.90,42.9000,true,1,129905
7290000197678,false,חיתולים האגיס פרידום,חוגלה קימברלי,,"טיטולי ""האגיס"" פרידום דריי שלב 6 34 יח",יחידה,1.00,יחידה,false,1,42.90,42.9000,true,1,129906
7290000197753,false,ניילון נצמד ניקול זו,אשפלסט,,ניילון נצמד ניקול זוג 30 מטר,Unknown,0.00,Unknown,false,1,9.90,0.0000,true,1,117794
7290000197999,false,רדיד אלומיניום 30*7.,אופל,,רדיד אלומיניום 30*7.,Unknown,0.00,Unknown,false,1,16.90,0.0000,true,1,117761
7290000199313,false,תחבושות קוטקס יאנג נ,KC Turkey,,תחבושות קוטקס יאנג נורמל פלוס 28 יח,Unknown,0.00,Unknown,false,1,15.90,0.0000,true,1,117796
7290000204086,false,כרית קרצוף ניקול,UFO,,כרית קרצוף ניקול 3 יח,Unknown,0.00,Unknown,false,1,9.90,0.0000,true,1,117797
7290000204215,false,כריות ניקוי יפניות נ,פלסטו פוליש,,כריות ניקוי יפניות ניקול 6 יח,Unknown,0.00,Unknown,false,1,9.90,0.0000,true,1,117748
7290000204253,false,מטליות ניקוי רב שימו,נ.אורים,,מטליות ניקוי רב שימושיות ניקול 9 יח,Unknown,0.00,Unknown,false,1,9.90,0.0000,true,1,118242
7290000207063,false,רסק פריכוז 260 גר,יכין,,פריכוז פלסטיק,גרמים,260.00,100 גרם,false,1,4.90,1.8846,true,1,117799
7290000207162,false,רסק עגבניות 100 גר 2,יכין,,פלסטיק רסק עגבניות 1,גרמים,100.00,100 גרם,false,1,2.50,2.5000,true,1,118249
7290000207438,false,עגבניות קוביות 800 ג,יכין,,עגבניות קוביות 850גר,גרמים,800.00,100 גרם,false,1,8.90,1.1125,true,1,119354
7290000208008,false,רסק פלפל חריף חריסה,יכין,,חריסה,גרמים,550.00,100 גרם,false,1,8.90,1.6182,true,1,117763
7290000208022,false,עגבניות מרוסקות 800,יכין,,עגבניות מרוסקות 800ג,גרמים,800.00,100 גרם,false,1,8.90,1.1125,true,1,119641
7290000208077,false,אפונת גינה גדולה יכי,יכין,,אפונת גינה,גרמים,550.00,100 גרם,false,1,7.90,1.4364,true,1,117800
7290000208114,false,אפונה גזר יכין 550 ג,יכין,,אפונה גזר,גרמים,550.00,100 גרם,false,1,7.90,1.4364,true,1,117764
7290000208138,false,סירופ ענבים דיאט יכי,יכין,,סירופ ענבים דיאט,ליטרים,1.00,ליטר,false,1,16.90,16.9000,true,1,118250
7290000208176,false,תפוחי אדמה קלופים יכ,יכין,,"תפו""א קלופים יכין 560 גר",גרמים,550.00,100 גרם,false,1,8.90,1.6182,true,1,119643
7290000208213,false,שעועית אפויה יכין 58,יכין,,שעועית אפויה,גרמים,580.00,100 גרם,false,1,8.90,1.5345,true,1,117776
7290000208220,false,שעועית צילי יכין 580,יכין,,"שעועית צ""ילי",גרמים,580.00,100 גרם,false,1,8.90,1.5345,true,1,117801
7290000208244,false,בסיס עגבניות לשקשוקה,יכין,,בסיס עגבניות לשקשוקה,גרמים,570.00,100 גרם,false,1,8.90,1.5614,true,1,117802
7290000208251,false,שעועית ירוקה יכין 55,,,שעועית ירוקה חתוכה,גרמים,550.00,100 גרם,false,1,8.90,1.6182,true,1,117777
7290000208268,false,שעועית צהובה יכין 55,,,שעועית צהובה חתוכה,גרמים,550.00,100 גרם,false,1,8.90,1.6182,true,1,119357
7290000208312,false,גרעיני תירס מתוק יכי,,,גרעיני תירס מתוק 325 גר,גרמים,400.00,100 גרם,false,1,6.90,1.7250,true,1,117750
7290000208329,false,גרעיני תירס יכין 550,יכין,,גרעיני תירס 560 גר,גרמים,550.00,100 גרם,false,1,7.90,1.4364,true,1,117751
7290000208336,false,רסק עגבניות 240 גר 2,יכין,,רסק עגבניות 240 גר,גרמים,240.00,100 גרם,false,1,3.90,1.6250,true,1,117872
7290000208343,false,עגבניות מרוסקות שום,יכין,,עגבניות מרוסקות,גרמים,800.00,100 גרם,false,1,8.90,1.1125,true,1,119358
7290000208350,false,עגבניות מרוסקות בצל,יכין,,"רסק עגבניות 500 ג""ר",גרמים,800.00,100 גרם,false,1,8.90,1.1125,true,1,117778
7290000208367,false,עגבניות מרוסקות בזיל,יכין,,עגבניות מרוסקות+בזיל,גרמים,800.00,100 גרם,false,1,8.90,1.1125,true,1,119644
7290000208404,false,פול יכין 580 גר,יכין,,פול מוצרי,גרמים,580.00,100 גרם,false,1,8.90,1.5345,true,1,119359
7290000208459,false,לקט ירקות יכין 550 ג,יכין,,"לקט תפו""א",גרמים,550.00,100 גרם,false,1,8.90,1.6182,true,1,119360
7290000208480,false,תירס חמאה יכין 550 ג,יכין,,תירס חמאה יכין,גרמים,550.00,100 גרם,false,1,8.90,1.6182,true,1,119646
7290000208534,false,גרעיני תירס קיד יכין,יכין,,A2 גרעיני תירס קיד,גרמים,550.00,100 גרם,false,1,8.90,1.6182,true,1,117803
7290000208855,false,רוטב פסטה קלאסי 240,יכין,,"רוטב פסטה 260 ג""ר",גרמים,240.00,100 גרם,false,1,5.90,2.4583,true,1,117873
7290000208930,false,עגבניות מרוסקות שום,יכין,,עגבניות מרוסקות עם ש,גרמים,240.00,100 גרם,false,1,5.90,2.4583,true,1,117878
7290000208947,false,עגבניות מרוסקות 240,יכין,,עגבניות מרוסקות 260,גרמים,240.00,100 גרם,false,1,5.90,2.4583,true,1,119361
7290000209043,false,רוטב לימון 1 ל,יכין,,מיץ לימון משומר 1 לי,ליטרים,1.00,ליטר,false,1,5.90,5.9000,true,1,118253
7290000209371,false,תירס יכין 200 גר שלי,יכין,,תירס יכין 140 גר שלישייה,גרמים,600.00,100 גרם,false,1,14.90,2.4833,true,1,130409
7290000209388,false,תירס יכין לייט 200 ג,יכין,,שלשות תירס יכין לייט 140 גר,גרמים,600.00,100 גרם,false,1,14.90,2.4833,true,1,130410
7290000209579,false,סירופ יכין דיאט אננס,,,סירופ יכין דיאט אננס 1 ל,ליטרים,1.00,ליטר,false,1,16.90,16.9000,true,1,118255
7290000209708,false,עגבניות מרוסקות בזיל,יכין,,עגבניות מרוסקות עם ב,גרמים,240.00,100 גרם,false,1,5.90,2.4583,true,1,119363
7290000209722,false,רסק עגבניות פריכוז 5,יכין,,A2 רסק עגבניות פריכו,גרמים,580.00,100 גרם,false,1,8.90,1.5345,true,1,117780
7290000209906,false,עגבניות מרוסקות בצל,יכין,,עגבניות מרוסקות עם ב,גרמים,240.00,100 גרם,false,1,5.90,2.4583,true,1,117888
7290000209913,false,עגבניות קוביות 240 ג,יכין,,עגבניות קוביות 260 ג,גרמים,240.00,100 גרם,false,1,5.90,2.4583,true,1,117781
7290000209944,false,רוטב מתובל לשקשוקה 2,יכין,,בסיס לעגבניות שקשוקה,גרמים,240.00,100 גרם,false,1,5.90,2.4583,true,1,117879
7290000209951,false,רוטב פיצה 240 גר,יכין,,רוטב פיצה 260 גר,מיליליטרים,240.00,"100 מ""ל",false,1,5.90,2.4583,true,1,117753
7290000209968,false,רוטב לזניה 240 גר,יכין,,"רוטב לזניה 260 ג""ר",גרמים,240.00,100 גרם,false,1,5.90,2.4583,true,1,118257
7290000210148,false,אפונה ירוקה אלפא 550,,,אפונה ירוקה אלפא 550,גרמים,550.00,100 גרם,false,1,7.90,1.4364,true,1,117880
7290000210469,false,עגבניות שלמות 800 גר,יכין,,עגבניות שלמות 850 גר,גרמים,800.00,100 גרם,false,1,8.90,1.1125,true,1,117881
7290000210896,false,רוטב פסטה בולונז 240,יכין,,"רוטב פסטה בולונז 260 ג""ר",גרמים,240.00,100 גרם,false,1,5.90,2.4583,true,1,126106
7290000211169,false,אורז תאילנדי 1 קג,,,"אורז תאילנדי 1 ק""ג",קילוגרמים,1.00,"ק""ג",false,1,6.90,6.9000,true,1,117889
7290000211312,false,אורז מלא 1 קג,,,"אורז מלא 1 ק""ג",קילוגרמים,1.00,"ק""ג",false,1,9.90,9.9000,true,1,119649
7290000211374,false,קמח מלא 1 קג,,,"קמח מלא 1 ק""ג",קילוגרמים,1.00,"ק""ג",false,1,6.90,6.9000,true,1,119365
7290000211381,false,סוכר חום 1 קג,,,סוכר חום 1קג,קילוגרמים,1.00,"ק""ג",false,1,12.90,12.9000,true,1,119650
7290000211442,false,אורז פרסי קלאסי 1 קג,,,"אורז פרסי קלאסי 1 ק""",קילוגרמים,1.00,"ק""ג",false,1,10.90,10.9000,true,1,117890
7290000211503,false,סוכר לבן 1 קג,,,"סוכר לבן 1 ק""ג",קילוגרמים,1.00,"ק""ג",false,1,3.90,3.9000,true,1,117882
7290000211626,false,אורז חיש 1 קג,,,"אורז חיש 1 ק""ג",קילוגרמים,1.00,"ק""ג",false,1,7.90,7.9000,true,1,119651
7290000211985,false,אורז עגול 1 קג,,,אורז עגול ריזוטו 1 ק,קילוגרמים,1.00,"ק""ג",false,1,9.90,9.9000,true,1,117782
7290000217950,false,נקניקיות וינר חדש בו,מעדני מניה תעשיות בש,,וינר חדש בואקום,קילוגרמים,1.00,"ק""ג",true,,75.00,75.0000,true,1,126756
7290000218100,false,נקניקיות גבינה בוואק,מעדני מניה תעשיות בש,,נקניקיות גבינה בוואקום,קילוגרמים,1.00,"ק""ג",true,,65.00,65.0000,true,1,136354
7290000219176,false,קנקרס מעושן בוואקום,מעדני מניה תעשיות בש,,קנקרס מעושן בוואקום,קילוגרמים,1.00,"ק""ג",true,,35.00,35.0000,true,1,136353
7290000219510,false,נקניקיות פרנקפורטר ב,מעדני מניה תעשיות בש,,נקניקיות פרנקפורטר בוואקום,קילוגרמים,1.00,"ק""ג",true,,45.00,45.0000,true,1,136355
7290000234218,false,ברווז טרי ארוז,סופר עוף,,ברווז טרי ארוז,קילוגרמים,1.00,"ק""ג",true,,59.90,59.9000,true,1,125559
7290000238029,false,בצק עלים צרפתי 1 קג,,,"בצק עלים צרפתי 1 ק""ג",קילוגרמים,1.00,"ק""ג",false,1,15.90,15.9000,true,1,119367
7290000238036,false,מלאווח עגול מעדנות 7,,,"מלווח עגול 700 ג""ר",גרמים,700.00,100 גרם,false,1,16.90,2.4143,true,1,117765
7290000238173,false,בורקס גבינה 800 גר,,,בורקס גבינה 800גר,גרמים,800.00,100 גרם,false,1,14.90,1.8625,true,1,119652
7290000238180,false,בורקס תפוא 800 גר,,,"בורקס תפו""א 800 ג""ר",גרמים,800.00,100 גרם,false,1,14.90,1.8625,true,1,118264
7290000240541,false,ריבועי בצק עלים 800,,,ריבועי בצק עלים 800 גר,גרמים,800.00,100 גרם,false,1,22.90,2.8625,true,1,118698
7290000244631,false,קרם ידיים ענוגה גליצ,,,"קרם ידיים ענוגה גליצרין 80 מ""ל",מיליליטרים,80.00,"100 מ""ל",false,1,10.90,13.6250,true,1,118266
7290000245270,false,אבקת כביסה פרסיל 1.2,,,אבקת כביסה פרסיל 1.25 קג,קילוגרמים,1.25,"ק""ג",false,12,16.90,13.5200,true,1,119372
7290000245515,false,אבקת כביסה סוד לבנדר,,,אבקת כביסה סוד לבנדר 1.25 קג,קילוגרמים,1.25,"ק""ג",false,1,13.90,11.1200,true,1,117767
7290000253091,false,גבינה סלמי עם עגבניו,,,גבינה סלמי עם עגבניות ובזיליקום,קילוגרמים,1.00,"ק""ג",true,,79.00,79.0000,true,1,141151
7290000253220,false,שוקולד אופנהיימר ציפ,אופנהיימר,,"אופנהיימר שוקוצ""יפס",גרמים,260.00,100 גרם,false,1,11.90,4.5769,true,1,119374
7290000253251,false,שוקולד אופנהיימר ציפ,אופנהיימר,,"אופנהיימר שוקוצ""יפס 300גר",גרמים,250.00,100 גרם,false,1,11.90,4.7600,true,1,117787
7290000253333,false,גבינה קורולבסקי,,,גבינה קורולבסקי,קילוגרמים,1.00,"ק""ג",true,,89.00,89.0000,true,1,141152
7290000253374,false,מיני שוקולד ציפס 250,,,מיני שוקולד ציפס 250 גר,גרמים,250.00,100 גרם,false,1,14.90,5.9600,true,1,163438
7290000253411,false,סוכריות לקישוט צבעונ,,,סוכריות קישוט לעוגה צבע 80 גר,גרמים,90.00,100 גרם,false,1,5.90,6.5556,true,1,118700
7290000254197,false,קפה אספרסו טחון 200,STRAUSS-ISRAEL,,קפה אספרסו טחון 200 ג,גרמים,200.00,100 גרם,false,1,25.90,12.9500,true,1,119375
7290000262161,false,נייר טואלט מולט לב א,חוגלה קימברלי,,מולט לב אדום 40 גליל,יחידה,1.00,יחידה,false,1,34.90,34.9000,true,1,119656
7290000265023,false,ברוסט סלמון בוואקום,,,ברוסט סלמון בוואקום,קילוגרמים,1.00,"ק""ג",true,,169.00,169.0000,true,1,168615
7290000265153,false,דג פלמידה מעושנת בוו,,,דג פלמידה מעושנת בוואקום,קילוגרמים,1.00,"ק""ג",true,,79.00,79.0000,true,1,157107
7290000265191,false,דג מקרוסקה בוואקום,,,דג מקרוסקה בוואקום,קילוגרמים,1.00,"ק""ג",true,,95.90,95.9000,true,1,157108
7290000265436,false,דג הרינג בוואקום,,,דג הרינג בוואקום,קילוגרמים,1.00,"ק""ג",true,,35.90,35.9000,true,1,157106
7290000265672,false,מויבה קפוא,,,מויבה קפוא,קילוגרמים,1.00,"ק""ג",true,,39.90,39.9000,true,1,153654
7290000265702,false,מקרל גדול קפוא,,,מקרל גדול קפוא,קילוגרמים,1.00,"ק""ג",true,,39.90,39.9000,true,1,153652
7290000265719,false,הרינג קפוא,,,הרינג קפוא,קילוגרמים,1.00,"ק""ג",true,,29.90,29.9000,true,1,153653
7290000267036,false,שקדים משובבים שקדיה,"דין שיווק וקליה בע""מ",,שקדים משובבים שקדיה 100 גר,גרמים,100.00,100 גרם,false,1,10.90,10.9000,true,1,146529
7290000267043,false,שקדים מולבנים פרוסים,"דין שיווק וקליה בע""מ",,שקדים מולבנים פרוסים שקדיה 100 גר,גרמים,100.00,100 גרם,false,1,10.90,10.9000,true,1,146527
7290000267050,false,שקדים טבעיים טחונים,"דין שיווק וקליה בע""מ",,שקדים טבעיים טחונים שקדיה 100 גר,גרמים,100.00,100 גרם,false,1,9.90,9.9000,true,1,146525
7290000267586,false,גרעיני חמניה טבעי קל,,,גרעיני חמניה טבעי קלופים השף 150 גר,גרמים,150.00,100 גרם,false,1,5.90,3.9333,true,1,146439
7290000272443,false,סירופ עסיס תפוזים די,בית השיטה,,"סירופ עסיס תפוזים דיאט 750 מ""ל",ליטרים,0.75,ליטר,false,1,17.90,23.8667,true,1,117909
7290000272696,false,מיץ לימון משומר מרכז,בית השיטה,,"מיץ לימון ""עסיס"" משו",ליטרים,1.00,ליטר,false,1,10.90,10.9000,true,1,119658
7290000272726,false,חומץ טבעי 5% עסיס 1,בית השיטה,,"חומץ טבעי 5% ""עסיס""",ליטרים,1.00,ליטר,false,1,6.90,6.9000,true,1,117771
7290000274468,false,גבינה באבוני,,,גבינה באבוני,קילוגרמים,1.00,"ק""ג",true,,89.00,89.0000,true,1,141153
7290000281382,false,נתחי פילה דג סלומון,,,נתחי פילה דג סלומון קפוא,קילוגרמים,1.00,"ק""ג",true,,99.90,99.9000,true,1,145725
7290000281436,false,סטייק טונה לבנה,,,סטייק טונה לבנה,קילוגרמים,1.00,"ק""ג",true,,49.90,49.9000,true,1,149222
7290000281443,false,סטייק דג טונה קפוא,,,סטייק דג טונה קפוא,קילוגרמים,1.00,"ק""ג",true,,49.90,49.9000,true,1,148084
7290000286228,false,סנו סושי כריות לניקו,,,סנו סושי כריות יפניו,Unknown,0.00,Unknown,false,1,11.90,0.0000,true,1,118281
7290000286761,false,סנו סושי ניילון נצמד,,,סנו סושי ניילון נצמד,Unknown,0.00,Unknown,false,1,9.90,0.0000,true,1,119660
7290000287430,false,סנובון אסלה בניחוח ל,,,סנובון אסלה שלישייה,גרמים,165.00,100 גרם,false,1,11.90,7.2121,true,1,117912
7290000287621,false,מנקה אסלות אנטי קאלק,,,סנו אנטי קאלק לאסלות,מיליליטרים,750.00,"100 מ""ל",false,1,10.90,1.4533,true,1,117914
7290000287956,false,פילה לברק 5-7 בוואקו,,,פילה לברק 5-7 בוואקום,קילוגרמים,1.00,"ק""ג",true,,44.90,44.9000,true,1,132316
7290000288017,false,אקונומיקה בריח לימון,,,"סנו ז""אוול לימון 1 ל",ליטרים,1.00,ליטר,false,1,7.90,7.9000,true,1,118285
7290000288024,false,אקונומיקה בריח לימון,,,"סנו ז""אוול לימון 4 ל",ליטרים,4.00,ליטר,false,1,16.90,4.2250,true,1,117900
7290000288031,false,אקונומיקה סנו 4 ל,,,סנו אקונומיקה 4 ליטר,ליטרים,4.00,ליטר,false,1,9.90,2.4750,true,1,117806
7290000288048,false,קצף ניקוי אקונומיקה,,,"סנו ז""אוול מרסס מונב",ליטרים,1.00,ליטר,false,1,16.90,16.9000,true,1,117807
7290000288109,false,אבקת כביסה מקסימה גא,,,אבקת כביסה סנו מקסימה,גרמים,1250.00,100 גרם,false,1,14.90,1.1920,true,1,119666
7290000288291,false,סנומט דוחה יתושים 30,,,סנומט - 30 טבליות,Unknown,0.00,Unknown,false,1,12.90,0.0000,true,1,119667
7290000288307,false,מכשיר סנומט לדחיית י,,,סנומט מכשיר + 30 טבל,Unknown,0.00,Unknown,false,1,24.90,0.0000,true,1,117836
7290000288352,false,K-300 קוטל חרקים 630,,,K-300,מיליליטרים,630.00,"100 מ""ל",false,1,19.90,3.1587,true,1,119382
7290000288413,false,סנו די נגד יתושים 50,,,סנו די דוחה יתושים,מיליליטרים,50.00,"100 מ""ל",false,1,19.90,39.8000,true,1,118286
7290000288727,false,אבקת כביסה סנו מקסימ,,,אבקת כביסה סנו מקסימ,גרמים,1250.00,100 גרם,false,1,14.90,1.1920,true,1,117837
7290000289069,false,קצף ניקוי אקונומיקה,,,"סנו ז""אוול מרסס לימו",ליטרים,1.00,ליטר,false,1,16.90,16.9000,true,1,117838
7290000289236,false,K-3 פיתיון גל קוטל נ,,,גל קוטל נמלים סנו K3,Unknown,0.00,Unknown,false,12,39.90,0.0000,true,1,155844
7290000289380,false,גל אקונומיקה בריח לי,,,"סנו ז""אוול מונטבלאן",מיליליטרים,750.00,"100 מ""ל",false,1,9.90,1.3200,true,1,118716
7290000289595,false,משחת שיניים לילדים ב,,,משחת שיניים אורביטול,גרמים,145.00,100 גרם,false,1,6.90,4.7586,true,1,118289
7290000289748,false,מסיר שומנים פורטה פל,,,מסיר שומנים סנו פורט,מיליליטרים,750.00,"100 מ""ל",false,1,12.90,1.7200,true,1,117904
7290000291963,false,אקונומיקה סמיכה בריח,,,"סנ ז""אוול סמיכה 1 לי",ליטרים,1.00,ליטר,false,1,7.90,7.9000,true,1,119669
7290000292502,false,K-800 קוטל נמלים,,,קוטל נמלים K-800,מיליליטרים,300.00,"100 מ""ל",false,1,17.90,5.9667,true,1,117934
7290000292533,false,גל לניקוי כללי סנו 1,,,גל לניקוי כללי סנו 1 ל,ליטרים,1.00,ליטר,false,1,16.90,16.9000,true,1,117842
7290000292557,false,סנומט מילוי נוזל,,,סנומט מילוי נוזל,Unknown,0.00,Unknown,false,1,17.90,0.0000,true,1,117844
7290000292564,false,K-2000 מדביר חרקים ל,,,K-2000 ללא ריח,מיליליטרים,750.00,"100 מ""ל",false,1,28.90,3.8533,true,1,117812
7290000292687,false,סנובון כחול שלישייה,,,סנובון כחול שלישייה,גרמים,165.00,100 גרם,false,1,12.90,7.8182,true,1,118718
7290000293073,false,מרכך כביסה מקסימה בי,,,מרכך כביסה סנו מקסימ,ליטרים,4.00,ליטר,false,1,21.90,5.4750,true,1,117919
7290000293561,false,ספריי מסיר עובש 750,,,סנו מסיר עובש,מיליליטרים,750.00,"100 מ""ל",false,1,14.90,1.9867,true,1,117817
7290000293820,false,גל רחצה קרמה מן אקטי,סנו,,"ג""ל רחצה קרמה מן אקטיב בלוק 700 מל",מיליליטרים,700.00,"100 מ""ל",false,1,18.90,2.7000,true,1,142307
7290000293943,false,אנטי קאלק מרסס סנו 1,,,סנו אנטי קאלק מרסס 1,ליטרים,1.00,ליטר,false,1,14.90,14.9000,true,1,119670
7290000294391,false,תרכיז גט לניקוי כללי,,,"סנו ג""ט יכול הכל סחל",ליטרים,4.00,ליטר,false,1,17.90,4.4750,true,1,118304
7290000294773,false,אקונומיקה בריח אילנג,,,"סנו ז""אוול מונבלאן 4",ליטרים,4.00,ליטר,false,1,16.90,4.2250,true,1,117845
7290000294780,false,אקונומיקה סמיכה מבוש,,,"סנו ז""אוול סמיכה 4 ל",ליטרים,4.00,ליטר,false,1,16.90,4.2250,true,1,117819
7290000295121,false,מטליות לניקוי רצפות,,,מטלית זיגזג שלישייה,Unknown,0.00,Unknown,false,1,11.90,0.0000,true,1,118306
7290000295336,false,אבקת כביסה מקסימה סנ,,,אבקת כביסה סנו מקסימ,גרמים,1250.00,100 גרם,false,1,14.90,1.1920,true,1,117846
7290000295343,false,אבקת כביסה ביו מקסימ,,,אבקת כביסה סנו מקסימ,גרמים,1250.00,100 גרם,false,1,14.90,1.1920,true,1,117820
7290000295367,false,אבקת כביסה מקסימה זא,,,אבקת כביסה סנו מקסימ,קילוגרמים,2.50,"ק""ג",false,1,24.90,9.9600,true,1,118720
7290000295404,false,שקיות אשפה חזקות עם,,,סנו סושי 60 שקיות אש,Unknown,0.00,Unknown,false,1,19.90,0.0000,true,1,118721
7290000295541,false,רב מגבת גמבו סנו סוש,,,"סנו רב מגבת ג""מבו",גרמים,390.00,100 גרם,false,1,16.90,4.3333,true,1,119672
7290000295565,false,סנו סושי רדיד אלומינ,,,רדיד אלומיניום סנו ס,Unknown,0.00,Unknown,false,1,14.90,0.0000,true,1,117821
7290000295794,false,סנו סושי ספוגית מתכת,,,סנו סושי ספוגית אל ח,Unknown,0.00,Unknown,false,1,9.90,0.0000,true,1,117922
7290000300900,false,טבעול שניצל תירס 750,טבעול ישראל,,טבעול שניצל תירס 750,גרמים,750.00,100 גרם,false,1,24.90,3.3200,true,1,119673
7290000303581,false,פול מצרי 560 גר,"פרי הגליל בע""""מ",,פול מצרי,גרמים,560.00,100 גרם,false,1,6.90,1.2321,true,1,117924
7290000303598,false,שעועית לבנה 570 גר,"פרי הגליל בע""""מ",,שעועית לבנה,גרמים,570.00,100 גרם,false,1,6.90,1.2105,true,1,117938
7290000307015,false,אפונה גינה גדולה 550,"פרי הגליל בע""""מ",,אפונה גינה גדולה 550גר,גרמים,550.00,100 גרם,false,1,6.90,1.2545,true,1,117925
7290000307046,false,אפונה וגזר גינה 550,"פרי הגליל בע""""מ",,אפונה וגזר גינה550גר,גרמים,550.00,100 גרם,false,1,6.90,1.2545,true,1,119387
7290000307220,false,תירס מתוק בואקוס 340,"פרי הגליל בע""""מ",,תירס מתוק בואקוס,גרמים,340.00,100 גרם,false,1,5.90,1.7353,true,1,119675
7290000307237,false,גרעיני תירס מתוק 550,"פרי הגליל בע""""מ",,"תירס מתוק 550 גר""",גרמים,550.00,100 גרם,false,1,6.90,1.2545,true,1,118729
7290000307343,false,שעועית ירוקה חתוכה,"פרי הגליל בע""""מ",,שעועית ירוקה חתוכה 560 גר,גרמים,560.00,100 גרם,false,1,6.90,1.2321,true,1,117940
7290000307800,false,פול ירוק 800 גר,"פרי הגליל בע""""מ",,פול ירוק 800גר,גרמים,800.00,100 גרם,false,1,14.90,1.8625,true,1,118309
7290000307985,false,גרעיני תירס ללא תוספ,"פרי הגליל בע""""מ",,גרעיני תירס ללא תוספת סוכר ומלח,גרמים,410.00,100 גרם,false,1,5.50,1.3415,true,1,118730
7290000311203,false,וופל בטעם שוקולד 200,,,וופל בטעם שוקולד 200 גר,גרמים,200.00,100 גרם,false,1,5.90,2.9500,true,1,170576
7290000311210,false,וופל בטעם לימון 200,,,וופל בטעם לימון 200 גר,גרמים,200.00,100 גרם,false,1,5.90,2.9500,true,1,170577
7290000311234,false,וופל בטעם וניל 200 ג,,,וופל בטעם וניל 200 גר,גרמים,200.00,100 גרם,false,1,5.90,2.9500,true,1,170578
7290000311272,false,וופל בטעם חלבה 180 ג,,,וופל בטעם חלבה 180 גר,גרמים,180.00,100 גרם,false,1,5.90,3.2778,true,1,170579
7290000311432,false,עוגיות גרנולה קינמון,,,עוגיות גרנולה קינמון ללא סוכר 200 גר,גרמים,200.00,100 גרם,false,1,10.90,5.4500,true,1,170590
7290000311463,false,עוגיות חיטה מלאה חמא,,,עוגיות חיטה מלאה חמאה ללא סוכר 200 גר,גרמים,200.00,100 גרם,false,1,10.90,5.4500,true,1,170591
7290000311845,false,עוגיות חיטה מלאה ללא,,,עוגיות חיטה מלאה ללא סוכר 200 גר,גרמים,200.00,100 גרם,false,1,10.90,5.4500,true,1,170592
7290000311869,false,וופל בטעם שוקולד ללא,,,וופל בטעם שוקולד ללא סוכר 180 גר,גרמים,180.00,100 גרם,false,1,8.90,4.9444,true,1,170586
7290000311876,false,וופל בטעם וניל ללא ס,,,וופל בטעם וניל ללא סוכר 180 גר,גרמים,180.00,100 גרם,false,1,8.90,4.9444,true,1,170587
7290000311883,false,עוגיות גרנולה ללא סו,,,עוגיות גרנולה ללא סוכר 200 גר,גרמים,200.00,100 גרם,false,1,10.90,5.4500,true,1,170589
7290000311890,false,וופל בטעם לימון ללא,,,וופל בטעם לימון ללא סוכר 180 גר,גרמים,180.00,100 גרם,false,1,8.90,4.9444,true,1,170588
7290000313160,false,עוגיות זהבה ושלושת ה,אסם,,עוגיות זהבה ושלושת ה,גרמים,250.00,100 גרם,false,1,7.90,3.1600,true,1,118731
7290000313184,false,עוגיות גן חיות טעם ו,אסם,,עוגיות גן חיות טעם ו,גרמים,250.00,100 גרם,false,1,7.90,3.1600,true,1,117941
7290000313290,false,נודלס איטריות מסולסל,טאי רזידנט,,נודלס איטריות מסולסל,גרמים,200.00,100 גרם,false,1,9.90,4.9500,true,1,118732
7290000315126,false,קנור ציר עוף משפחתי,אתר חיפה אבקות,,קנור ציר עוף משפחתי,גרמים,300.00,100 גרם,false,1,21.90,7.3000,true,1,118733
7290000318127,false,נקנקיות ביס 380 גר,מעדני יחיעם 1993,,נקנקיות ביס 380 גר,גרמים,380.00,100 גרם,false,1,10.90,2.8684,true,1,118270
7290000318479,false,פרושוטו בקר 100 גר,מעדני יחיעם 1993,,פרושוטו בקר 180 גרם,גרמים,100.00,100 גרם,false,1,24.90,24.9000,true,1,117827
7290000318677,false,סרוולט 150 גר,מעדני יחיעם 1993,,סרוולד 150 גרם,גרמים,150.00,100 גרם,false,1,24.90,16.6000,true,1,117957
7290000318707,false,סלמי מעושן 500 גר,מעדני יחיעם 1993,,סלמי מעושן,גרמים,500.00,100 גרם,false,1,29.90,5.9800,true,1,117828
7290000318943,false,פסטרמה של פעם 200 גר,מעדני יחיעם 1993,,"פסטרמה של פעם 200 ג""",גרמים,200.00,100 גרם,false,1,24.90,12.4500,true,1,119678
7290000319063,false,כתף בקר מפולפל יחיעם,,,כתף בקר מפולפל יחיעם 150 גר,גרמים,150.00,100 גרם,false,1,29.90,19.9333,true,1,118312
7290000319124,false,נקניק סרוולט 250 גר,מעדני יחיעם 1993,,נקניק סרוולט 250 גר,גרמים,250.00,100 גרם,false,1,34.90,13.9600,true,1,119679
7290000319131,false,נקניק עוף 400 גר,מעדני יחיעם 1993,,"נקניק עוף 400 ג""ר",גרמים,400.00,100 גרם,false,1,10.90,2.7250,true,1,117831
7290000319520,false,צרפתי 100 גר,מעדני יחיעם 1993,,צרפתי 100 גרם,גרמים,100.00,100 גרם,false,1,18.90,18.9000,true,1,118315
7290000319803,false,קבנוס יחיעם קלאסי 12,מעדני יחיעם 1993,,קבנוס יחיעם קלאסי 125 גר,גרמים,125.00,100 גרם,false,1,12.90,10.3200,true,1,129976
7290000319834,false,קבנוס פפרוני יחיעם ק,מעדני יחיעם 1993,,קבנוס פפרוני יחיעם קלאסי 125 גר,גרמים,125.00,100 גרם,false,1,12.90,10.3200,true,1,129977
7290000334042,false,ציפס תפוגן 2 קג,תפוגן,,"תפוגן 2ק""ג",קילוגרמים,2.00,"ק""ג",false,1,24.90,12.4500,true,1,117931
7290000334325,false,ציפס למיקרו תפוגן 12,תפוגן,,"תפוגן מארז שלישיה צ""",קילוגרמים,0.38,"ק""ג",false,1,12.90,33.9474,true,1,117942
7290000334684,false,תפוגן טבעות בצל 700,תפוגן,,תפוגן טבעות בצל 700,גרמים,700.00,100 גרם,false,1,16.90,2.4143,true,1,118739
7290000339566,false,מרכך כביסה בדין ורוד,אתר ליוור,,מרכך כביסה בדין ורוד,ליטרים,4.00,ליטר,false,1,19.90,4.9750,true,1,118316
7290000342856,false,מרכך כביסה בדין כחול,אתר ליוור,,מרכך כביסה בדין כחול,ליטרים,4.00,ליטר,false,1,19.90,4.9750,true,1,119399
7290000345055,false,תה ארל גריי ויסוצקי,,,"תה ""ארל גריי"" בתפזור",גרמים,100.00,100 גרם,false,1,13.90,13.9000,true,1,119686
7290000345116,false,תה ירוק בתפזורת 125,,,תה ירוק בתפזורת 125,גרמים,125.00,100 גרם,false,1,13.90,11.1200,true,1,117834
7290000345215,false,תה ויסוצקי קלאסי בטע,,,תה ויסוצקי קלאסיק 10,גרמים,100.00,100 גרם,false,1,15.90,15.9000,true,1,118741
7290000345282,false,נתחי פילה סלומון נור,,,נתחי פילה סלומון נורבגי,קילוגרמים,1.00,"ק""ג",true,,99.90,99.9000,true,1,140767
7290000345284,false,תה ויסוצקי קלאסיק מע,,,תה ויסוצקי קלאסיק 10,גרמים,150.00,100 גרם,false,1,16.90,11.2667,true,1,117962
7290000345291,false,תה ויסוצקי בלק לייבל,,,תה ויסוצקי בלק לייבל 25שקיות,גרמים,38.00,100 גרם,false,1,15.90,41.8421,true,1,118317
7290000345307,false,ויסוצקי ארל גריי 50,,,ויסוצקי ארל גריי 50 שק,גרמים,75.00,100 גרם,false,1,27.90,37.2000,true,1,117945
7290000345435,false,פילה מרלוזה,,,פילה מרלוזה,קילוגרמים,1.00,"ק""ג",true,,35.90,35.9000,true,1,173531
7290000346021,false,חליטת קמומיל הגן הקס,,,"""הגן הקסום"" קמומיל 5",גרמים,75.00,100 גרם,false,1,29.90,39.8667,true,1,118331
7290000346120,false,תה גן הקסום קסם הקינ,,,"""הגן הקסום"" קסם הקינ",גרמים,63.00,100 גרם,false,1,17.90,28.4127,true,1,119689
7290000346137,false,תה גן הקסום הילולי פ,,,"""הגן הקסום"" הילולי פ",גרמים,63.00,100 גרם,false,1,17.90,28.4127,true,1,118742
7290000346168,false,הגן הקסום שומר 25 שק,,,"""הגן הקסום"" שומר 25",גרמים,38.00,100 גרם,false,1,17.90,47.1053,true,1,117963
7290000346199,false,תה גן הקסום פירות יע,,,"""הגן הקסום"" פירות יע",גרמים,68.00,100 גרם,false,1,17.90,26.3235,true,1,118277
7290000346205,false,גן קסום קמומיל 25 שק,,,חליטת הגן הקסום קמומיל 25 שק,גרמים,38.00,100 גרם,false,1,17.90,47.1053,true,1,119401
7290000346960,false,תה ויסוצקי פירות נענ,,,תה ויסוצקי פירות נענ,גרמים,85.00,100 גרם,false,1,29.90,35.1765,true,1,117856
7290000347738,false,תה ירוק נענע 25 שק,,,"תה ירוק נענע 25 שק""",גרמים,38.00,100 גרם,false,1,24.90,65.5263,true,1,119402
7290000347752,false,תה ירוק לימונית/לואי,,,תה ירוק לימונית/לואי 25 שקיות,גרמים,38.00,100 גרם,false,1,24.90,65.5263,true,1,117964
7290000355382,false,עגבניות מרוסקות עם ב,"מילוז(1989)בע""""מ",,עגבניות מרוסקות עם ב,גרמים,800.00,100 גרם,false,1,7.90,0.9875,true,1,118333
7290000355405,false,עגבניות מרוסקות עם ב,"מילוז(1989)בע""""מ",,עגבניות מרוסקות בטעם,גרמים,800.00,100 גרם,false,1,7.90,0.9875,true,1,118755
7290000355412,false,עגבניות מרוסקות עם ש,"מילוז(1989)בע""""מ",,עגבניות מרוסקות בטעם,גרמים,800.00,100 גרם,false,1,7.90,0.9875,true,1,117949
7290000355481,false,רסק עגבניות טומטו,"מילוז(1989)בע""""מ",,רסק עגבניות טומטו 570 גר,גרמים,570.00,100 גרם,false,1,5.90,1.0351,true,1,117965
7290000355498,false,רסק עגבניות 28% 580,"מילוז(1989)בע""""מ",,רסק עגבניות 28% 580 גר,גרמים,580.00,100 גרם,false,1,5.90,1.0172,true,1,117966
7290000355757,false,עגבניות מרוסקות טל 8,"מילוז(1989)בע""""מ",,עגבניות מרוסקות טל 8,גרמים,800.00,100 גרם,false,1,7.90,0.9875,true,1,118278
7290000356234,false,מקרל מעושן בואקום,,,מקרל מעושן בואקום,קילוגרמים,1.00,"ק""ג",true,,89.00,89.0000,true,1,127944
7290000356708,false,דג כסיף פרוס בואקום,,,דג כסיף פרוס בואקום,קילוגרמים,1.00,"ק""ג",true,,129.00,129.0000,true,1,119753
7290000363899,false,נקניקיות פיקנטיות 40,טירת- צבי,,נקניקיות פיקנטיות 400 גר,גרמים,400.00,100 גרם,false,1,12.90,3.2250,true,1,126013
7290000364278,false,סלסולי סלמי איטלקי מ,טירת- צבי,,סלסולי סלמי איטלקי משובח 120 גר,גרמים,120.00,100 גרם,false,1,12.90,10.7500,true,1,125994
7290000364285,false,סלסולי פסטרמה הודו 1,טירת- צבי,,סלסולי פסטרמה הודו 120 גר,גרמים,120.00,100 גרם,false,1,12.90,10.7500,true,1,125995
7290000364292,false,סלסולי פסטרמה גחלים,טירת- צבי,,סלסולי פסטרמה גחלים 120 גר,גרמים,120.00,100 גרם,false,1,12.90,10.7500,true,1,125996
7290000364872,false,נקניקיות עוף 400 גר,טירת- צבי,,נקניקיות עוף 400 גר,גרמים,400.00,100 גרם,false,1,12.90,3.2250,true,1,126009
7290000367590,false,נקניק צמד כפרי 800 ג,טירת- צבי,,נקניק צמד כפרי 800 גר,גרמים,800.00,100 גרם,false,1,26.90,3.3625,true,1,126007
7290000369037,true,סלט קוביות בולגרית 2,,,סלט קוביות בולגרית 200 גר,גרמים,200.00,100 גרם,false,1,16.90,8.4500,true,1,141424
7290000369365,false,חציל ערוני 200 גר,גבינות עמיר ניצן,,חציל ערוני 200גר,גרמים,200.00,100 גרם,false,1,14.90,7.4500,true,1,119692
7290000369617,false,כדורי גבינה מעדן 150,גבינות עמיר ניצן,,כדורי גבינה מעדן 150גר,גרמים,230.00,100 גרם,false,1,20.90,9.0870,true,1,118336
7290000369709,false,ממרח חמאה בטעם שום 1,גבינות עמיר ניצן,,חמאה 100גר,גרמים,100.00,100 גרם,false,1,14.90,14.9000,true,1,119404
7290000408316,false,יוגורט דנונה ביו 3%,STRAUSS-ISRAEL,,יוגורט דנונה ביו 3%,גרמים,200.00,100 גרם,false,1,3.60,1.8000,true,1,117859
7290000408354,false,מעדן בר פיצפוצים 173,STRAUSS-ISRAEL,,מעדן בר פיצפוצים 173 גר,גרמים,173.00,100 גרם,false,1,4.50,2.6012,true,1,117952
7290000411402,false,גאודה בקר הולנדית,,,גאודה בקר הולנדית,קילוגרמים,1.00,"ק""ג",true,,79.00,79.0000,true,1,163159
7290000411457,false,מנצגו כמהין ספרדי,,,מנצגו כמהין ספרדי,קילוגרמים,1.00,"ק""ג",true,,219.00,219.0000,true,1,163163
7290000411495,false,מנצגו ספרדי,סלטי הכפר,,מנצגו ספרדי,קילוגרמים,1.00,"ק""ג",true,,129.00,129.0000,true,1,163158
7290000412481,false,מנקה אסלות 00 סנו 1,,,"""00"" מנקה אסלות 1 לי",ליטרים,1.00,ליטר,false,1,6.90,6.9000,true,1,117860
7290000412764,false,קוטל יתושים פזטוקס 6,,,פזטוקס מעופפים,מיליליטרים,630.00,"100 מ""ל",false,1,17.90,2.8413,true,1,119693
7290000416021,false,ממרח השחר 500 גר,,,ממרח השחר 500,גרמים,500.00,100 גרם,false,1,11.90,2.3800,true,1,117861
7290000419220,false,שלישית קפה טחון לנדו,קפה לנדוור,,לנדוור כחול מארז קפה,גרמים,300.00,100 גרם,false,1,14.90,4.9667,true,1,117953
7290000419923,false,קפה לנדוור אספרסו טח,קפה לנדוור,,"קפה ""לנדוור"" אספרסו",גרמים,200.00,100 גרם,false,1,19.90,9.9500,true,1,118295
7290000420325,false,פופקורן פופסטאר בטעם,Preston farms,,"פופקורן ""פופסטאר"" טב",גרמים,500.00,100 גרם,false,1,12.90,2.5800,true,1,118296
7290000420332,false,פופקורן פופסטאר בטעם,Preston farms,,"פופקורן פופסטאר בטעם חמאה 500 גר""",גרמים,500.00,100 גרם,false,1,12.90,2.5800,true,1,117863
7290000430102,false,קרח 2 קג,,,"קרח 2 ק""ג",קילוגרמים,2.00,"ק""ג",false,1,9.90,4.9500,true,1,118338
7290000437127,false,רגל עגל חלב פרוס במג,,,רגל עגל חלב פרוס במגש,קילוגרמים,1.00,"ק""ג",true,,31.90,31.9000,true,1,120708
7290000442640,false,פילה קט פיש פרמיום ב,,,פילה קט פיש פרמיום בוואקום,קילוגרמים,1.00,"ק""ג",true,,32.90,32.9000,true,1,144616
7290000453019,false,שמרית 50 גר,"פאקא תעשיות בע""מ",,שמרית,גרמים,50.00,100 גרם,false,1,3.90,7.8000,true,1,118350
7290000453781,false,שמרים יבשים 125 גר,STRAUSS-ISRAEL,,שמרים יבשים 125 גר,גרמים,125.00,100 גרם,false,12,5.90,4.7200,true,1,145326
7290000453798,false,שמרים אקטיביים 500 ג,,,שמרים אקטיביים 500 גר,גרמים,500.00,100 גרם,false,1,12.90,2.5800,true,1,132053
7290000453866,false,תחליף מרגרינה נטורינ,,,תחליף מרגרינה נטורינה קוקוס 200 גר,גרמים,200.00,100 גרם,false,1,7.90,3.9500,true,1,139101
7290000453897,false,מרגרינה שמרית בטעם ח,שטראוס,,מרגרינה שמרית בטעם חמאה 200 גר,גרמים,200.00,100 גרם,false,1,5.90,2.9500,true,1,132264
7290000462141,false,סחוג אדום חריף מאוד,"זהבי הכרם בועז בע""מ-",,סחוג אדום חריף מאוד 150 גר,גרמים,150.00,100 גרם,false,1,6.90,4.6000,true,1,119699
7290000462172,false,סחוג זהבי ירוק וחריף,"זהבי הכרם בועז בע""מ-",,סחוג זהבי ירוק וחריף,גרמים,150.00,100 גרם,false,1,6.90,4.6000,true,1,118769
7290000467320,false,חומוס צבר אבו מרוואן,צבר,,חומוס צבר אבו מרוואן 400גר,גרמים,400.00,100 גרם,false,1,11.90,2.9750,true,1,128025
7290000467511,false,ביסלי אסם בטעם ברביק,אסם,,ביסלי אסם בטעם ברביקיו 55גר,גרמים,55.00,100 גרם,false,1,3.90,7.0909,true,1,128005
7290000467887,false,ביסלי אסם בטעם פיצה,אסם,,ביסלי אסם בטעם פיצה 55גר,גרמים,55.00,100 גרם,false,1,3.90,7.0909,true,1,128007
7290000468747,false,ביסלי אסם בטעם גריל,אסם,,ביסלי אסם בטעם גריל 55גר,גרמים,55.00,100 גרם,false,1,3.90,7.0909,true,1,128004
7290000468877,false,ביסלי אסם בטעם בצל 5,אסם,,ביסלי אסם בטעם בצל 55גר,גרמים,55.00,100 גרם,false,1,3.90,7.0909,true,1,128006
7290000474090,false,חלב בקרטון 1% 1 ל,,,חלב בקרטון 1% 1 ליטר,ליטרים,1.00,ליטר,false,1,5.86,5.8600,true,1,117973
7290000474373,false,שמנת חמוצה לבישול וא,,,"שמנת חמוצה ""טרה"" 200",מיליליטרים,200.00,"100 מ""ל",false,1,2.40,1.2000,true,1,118357
7290000474502,false,גבינה לבנה 5% 250 גר,,,"גבינה לבנה 5% 250 ג""",גרמים,250.00,100 גרם,false,1,4.90,1.9600,true,1,117974
7290000474540,false,גבינה טוב טעם 3% 250,,,גבינה טוב טעם 3% 250 גר,גרמים,250.00,100 גרם,false,1,11.90,4.7600,true,1,118774
7290000480107,false,קוואקר שיבולת שועל פ,FRITO-LAY TRADING CO,,"קוואקר שיבולת שועל פחית 500 ג""ר",גרמים,500.00,100 גרם,false,1,10.90,2.1800,true,1,119705
7290000480442,false,קוואקר שיבולת שועל ש,FRITO-LAY TRADING CO,,"קוואקר שיבולת שועל שקית 500 ג""ר",גרמים,500.00,100 גרם,false,1,11.90,2.3800,true,1,119706
7290000483139,false,מרציפן המרשלג גולמי,המרשלג,,מרציפן המרשלג גולמי 100 גר,גרמים,100.00,100 גרם,false,1,9.90,9.9000,true,1,139245
7290000485306,false,עופיון טרי במגש,פריגוצאקו / פרגוואי,,עופיון טרי במגש,קילוגרמים,1.00,"ק""ג",true,,59.90,59.9000,true,1,126957
7290000493176,false,אבקה להכנת רוטב לצלי,אסם,,"רוטב צלי באבקה 22 ג""",גרמים,22.00,100 גרם,false,1,3.90,17.7273,true,1,119707
7290000493183,false,רוטב פטריות באבקה 30,אסם,,רוטב פטריות באבקה 30,גרמים,30.00,100 גרם,false,1,3.90,13.0000,true,1,118321
7290000496223,false,פילה נסיכת הנילוס 80,,,פילה נסיכת הנילוס 80%,קילוגרמים,1.00,"ק""ג",true,,49.90,49.9000,true,1,173778
7290000497044,false,לחם ברמן אקטיב 750 ג,מאפיית ברמן,,לחם ברמן אקטיב 750גר,גרמים,750.00,100 גרם,false,1,16.90,2.2533,true,1,128287
7290000497112,false,לחם אחיד פרוס 750 גר,מאפיית ברמן,,לחם אחיד פרוס 750 גר,גרמים,750.00,100 גרם,false,1,6.70,0.8933,true,1,118776
7290000497198,false,פיתות קלאסיות אסלי ב,מאפיית ברמן,,"פיתות ""ברמן אסלי"" 10",Unknown,0.00,Unknown,false,1,12.90,0.0000,true,1,118004
7290000497204,false,פיתה אסלי ברמן חמישי,מאפיית ברמן,,"פיתות ""ברמן אסלי "" 5",גרמים,500.00,100 גרם,false,1,9.90,1.9800,true,1,118005
7290000497228,false,לחמניות 450 גר שישיה,מאפיית ברמן,,6 לחמניות בשקית 450,גרמים,450.00,100 גרם,false,1,10.90,2.4222,true,1,118322
7290000497273,false,לחמניות ברמן אקטיב 4,,,לחמניות ברמן אקטיב 450 גר 6 יח,גרמים,450.00,100 גרם,false,1,14.90,3.3111,true,1,132914
7290000497303,false,לחמניות מקמח מלא 450,מאפיית ברמן,,6 לחמניות מקמח מלא 4,גרמים,450.00,100 גרם,false,1,11.90,2.6444,true,1,118365
7290000497358,false,חלה מתוקה קלועה בציפ,מאפיית ברמן,,"חלומית ארוזה 500 גר""",גרמים,500.00,100 גרם,false,1,14.90,2.9800,true,1,119708
7290000497426,false,לחם קל לעניין ברמן 5,מאפיית ברמן,,לחם קל לעניין ברמן 500 גר,גרמים,500.00,100 גרם,false,1,16.90,3.3800,true,1,119416
7290000497532,false,לחם ברמן לעניין 750,מאפיית ברמן,,לחם ברמן לעניין 750,גרמים,750.00,100 גרם,false,1,14.90,1.9867,true,1,119710
7290000498003,false,לחם ברמן מקמח מלא 75,,,לחם ברמן מקמח מלא 750 גר,גרמים,750.00,100 גרם,false,1,16.90,2.2533,true,1,141733
7290000498034,false,לחם מקמח כוסמין מלא,,,לחם מקמח כוסמין מלא ברמן 750 גר,גרמים,750.00,100 גרם,false,1,16.90,2.2533,true,1,152984
7290000504025,false,סוכרזית פטריה 300 יח,"סוכרזית בע""מ",,סוכרזית פטריה 300,גרמים,246.00,100 גרם,false,1,8.90,3.6179,true,1,119417
7290000504049,false,סוכרזית קנקן 1200 יח,"סוכרזית בע""מ",,סוכרזית קנקן 1200,גרמים,98.00,100 גרם,false,1,17.90,18.2653,true,1,119712
7290000518251,false,ממתיק דקסטרוזה וסכרי,,,ממתיק דקסטרוזה וסכרין שקיות 100 יח,Unknown,0.00,Unknown,false,1,19.90,0.0000,true,1,170854
7290000521008,false,יין סגל אדום יבש 750,,,"יין ""סגל"" אדום יבש 0",מיליליטרים,750.00,"100 מ""ל",false,1,22.90,3.0533,true,1,118325
7290000521015,false,יין סגל לבן יבש 750,,,"יין ""סגל"" לבן יבש 0.",מיליליטרים,750.00,"100 מ""ל",false,1,22.90,3.0533,true,1,118368
7290000521022,false,יין סגל לבן חצי יבש,,,"יין ""סגל"" לבן חצי יב",מיליליטרים,750.00,"100 מ""ל",false,1,22.90,3.0533,true,1,119714
7290000522104,false,חלב עמיד 3% 1 ל,"מחלבות רמת הגולן בע""",,חלב עמיד 3% 1 ל,ליטרים,1.00,ליטר,false,1,7.90,7.9000,true,1,118327
7290000522272,false,שמנת לקפה 10% 500 מל,,,"שמנת לקפה 10% 500 מ""ל",מיליליטרים,500.00,"100 מ""ל",false,1,9.90,1.9800,true,1,128946
7290000523125,false,מלח ים יבש 250 גר,,,"מלח ים יבש 250 ג""ר",גרמים,250.00,100 גרם,false,1,5.90,2.3600,true,1,119717
7290000523224,false,מלח הארץ ים יבש 500,,,מלח הארץ ים יבש 500,גרמים,500.00,100 גרם,false,1,7.90,1.5800,true,1,118205
7290000523804,false,צנצנת מלח עדין 1 קג,,,"צנצנת מלח עדין 1 ק""ג",קילוגרמים,1.00,"ק""ג",false,1,6.90,6.9000,true,1,119718
7290000523811,false,צנצנת מלח גס 1 קג,,,"צנצנת מלח גס 1 ק""ג",קילוגרמים,1.00,"ק""ג",false,1,6.90,6.9000,true,1,118206
7290000525969,false,מיץ פרימור תפוזים 1,"גניר (1992) בע""מ",,"מיץ ""פרימור"" תפוזים",מיליליטרים,1000.00,"100 מ""ל",false,1,16.90,1.6900,true,1,118795
7290000530086,false,נקניק סלמי מעושן 600,נקניק נהריה כשר זוגל,,נקניק סלמי מעושן 700,גרמים,600.00,100 גרם,false,1,28.90,4.8167,true,1,118796
7290000530109,false,קבנוס מארז זוג 360 ג,נקניק נהריה כשר זוגל,,קבנוס מארז זוג,גרמים,360.00,100 גרם,false,1,29.90,8.3056,true,1,118797
7290000530116,false,נקניק סלמי בשן זוגלו,נקניק נהריה כשר זוגל,,נקניק בשן 8000,גרמים,470.00,100 גרם,false,1,25.90,5.5106,true,1,118330
7290000530291,false,נקניק מבשר הודו אדום,נקניק נהריה כשר זוגל,,נקניק מבשר הודו אדום,גרמים,750.00,100 גרם,false,1,18.90,2.5200,true,1,117990
7290000530413,false,המבורגר זהב 400 גר,נקניק נהריה כשר זוגל,,המבורגר זהב,גרמים,400.00,100 גרם,false,1,19.90,4.9750,true,1,118371
7290000530598,false,נקניקיות וינר גוליבר,נקניק נהריה כשר זוגל,,נקניקיות וינר גוליבר,גרמים,500.00,100 גרם,false,1,11.90,2.3800,true,1,118341
7290000530703,false,תה מעושן 400 גר + פס,נקניק נהריה כשר זוגל,,"תה מעושן 400 ג""ר+חרמ",גרמים,800.00,100 גרם,false,1,24.90,3.1125,true,1,118207
7290000531601,false,סטייק בורגר 400 גר,נקניק נהריה כשר זוגל,,סטייק בורגר 400 גר,גרמים,400.00,100 גרם,false,1,19.90,4.9750,true,1,119719
7290000531977,false,בורקס גבינה 800 גר,נקניק נהריה כשר זוגל,,"בורקס גבינה 800 ג""ר",גרמים,800.00,100 גרם,false,1,17.90,2.2375,true,1,119418
7290000532034,false,פורל בעישון חם בוואק,הרמס דגים,,פורל בעישון חם בוואקום,קילוגרמים,1.00,"ק""ג",true,,159.00,159.0000,true,1,152520
7290000532065,false,דג טונה בעישון חם בו,,,דג טונה בעישון חם בוואקום,קילוגרמים,1.00,"ק""ג",true,,119.00,119.0000,true,1,141047
7290000533353,false,בצק עלים צרפתי 1 קג,נקניק נהריה כשר זוגל,,בצק עלים צרפתי,קילוגרמים,1.00,"ק""ג",false,1,17.90,17.9000,true,1,118798
7290000536743,false,קריספי סטיקס תירס 50,נקניק נהריה כשר זוגל,,קריספי סטיקס תירס 500גר,גרמים,500.00,100 גרם,false,1,11.90,2.3800,true,1,129323
7290000537566,false,נקניקיות עוף 400 גר,נקניק נהריה כשר זוגל,,"נקניקיות עוף 400 גר""",גרמים,400.00,100 גרם,false,1,9.90,2.4750,true,1,119419
7290000540092,false,קשים מתכלה לשתיה 100,,,קשים מתכלה לשתיה 100 יח,Unknown,0.00,Unknown,false,1,6.90,0.0000,true,1,173701
7290000540665,false,מפיות מודפסות 20 יח,,,מפיות מודפסות 20 יח,Unknown,0.00,Unknown,false,1,4.90,0.0000,true,1,172264
7290000554402,false,מלבי 5% 160 גר,,,מלבי 5% 160 גרם,גרמים,160.00,100 גרם,false,1,5.50,3.4375,true,1,117994
7290000554457,false,צפתית מיני 5% 350 גר,,,צפתית מיני 5% 350 גר,גרמים,350.00,100 גרם,false,1,19.90,5.6857,true,1,119421
7290000554532,false,צפתית מעודנת מלח ים,,,צפתית מעודנת מלח ים 200גר,גרמים,200.00,100 גרם,false,1,12.90,6.4500,true,1,118806
7290000554600,false,מוצרלה מגורדת 22% 30,,,מוצרלה מגורדת 22% 300גר,גרמים,300.00,100 גרם,false,1,23.90,7.9667,true,1,119422
7290000554624,false,ירח מתוק 3% 150 גר,,,ירח מתוק 3% 150 גרם,גרמים,150.00,100 גרם,false,1,5.50,3.6667,true,1,117995
7290000554686,false,לאבנה בשמן זית וזעתר,,,לאבנה בשמן זית וזעתר 5% 250 גר,גרמים,250.00,100 גרם,false,1,13.90,5.5600,true,1,118345
7290000554822,false,ריקוטה 5% 250 גר,,,ריקוטה 5% 250 גרם,גרמים,250.00,100 גרם,false,1,12.90,5.1600,true,1,118346
7290000554839,false,גבינה מסקרפונה 40% 2,,,גבינה מסקרפונה 40% 250 גרם,גרמים,250.00,100 גרם,false,1,19.90,7.9600,true,1,119722
7290000555502,false,בקבוק 1.20 ₪,,,בקבוק 1.20 ₪,Unknown,0.00,Unknown,false,1,1.20,0.0000,true,1,115335
7290000560021,false,גל לגילוח נגד חתכים,אנרג'ייזר,,אדג גל לגילוח נגד חתכים 200 גרם,גרמים,200.00,100 גרם,false,1,16.90,8.4500,true,1,119423
7290000560533,false,גל לגילוח ירוק לעור,אנרג'ייזר,,אדג גל לגילוח ירוק לעור רגיל 200 גרם,גרמים,200.00,100 גרם,false,1,16.90,8.4500,true,1,117996
7290000571232,false,גבינה גאודה פרוסה 15,,,גאודה פרוס 150 גר,גרמים,150.00,100 גרם,false,1,23.90,15.9333,true,1,118807
7290000571393,false,יוגורמה יוגורט כבשים,,,יוגורמה יוגורט כבשים 5% 140 גר,גרמים,140.00,100 גרם,false,1,5.90,4.2143,true,1,119424
7290000571478,false,גבינת תום עזים פרוס,,,גבינת תום עזים פרוס 150 גר,גרמים,150.00,100 גרם,false,1,36.90,24.6000,true,1,119725
7290000571485,false,משקה יוגורט עזים 1 ק,,,משקה יוגורט עזים 1 קג,קילוגרמים,1.00,"ק""ג",false,1,21.90,21.9000,true,1,147626
7290000571843,false,יוגורט עיזים יוגורמה,,,יוגורט עיזים יוגורמה 140 גר,גרמים,140.00,100 גרם,false,1,5.90,4.2143,true,1,146957
7290000571881,false,משקה יוגורט מחלב עיז,,,משקה יוגורט מחלב עיזים 500 מל,מיליליטרים,500.00,"100 מ""ל",false,1,11.90,2.3800,true,1,147367
7290000571928,false,יוגורמה כבשים אגוז ז,,,יוגורמה כבשים עם אגוז זרעים חמוציות 142,גרמים,142.00,100 גרם,false,12,5.90,4.1549,true,1,158838
7290000571935,false,יוגורמה כבשים עם גרנ,,,יוגורמה כבשים עם גרנולה 142 גר,גרמים,142.00,100 גרם,false,12,5.90,4.1549,true,1,158837
7290000572536,false,חלווה וניל אחוה 400,,,חלוה וניל 400 גרם,גרמים,400.00,100 גרם,false,1,13.90,3.4750,true,1,118389
7290000572543,false,חלווה בטעם שוקו וניל,,,חלוה שיש 400 גרם,גרמים,400.00,100 גרם,false,1,13.90,3.4750,true,1,118809
7290000572618,false,מכסה הצלע מס 77 מוכש,,,מכסה הצלע מס 77 מוכשר ארגנטינה,קילוגרמים,1.00,"ק""ג",true,,34.90,34.9000,true,1,172958
7290000598472,false,מנות פילה סלמון נורו,,,מנות פילה סלמון נורווגי פרוס,קילוגרמים,1.00,"ק""ג",true,,99.90,99.9000,true,1,137996
7290000604343,false,תמר דקל נור 400 גר,פרי וירק טמרה ושותפי,,תמר דקל נור 400 גרם,גרמים,400.00,100 גרם,false,1,9.90,2.4750,true,1,119427
7290000619080,false,פילה דג סלמון קפוא,,,פילה דג סלמון קפוא,קילוגרמים,1.00,"ק""ג",true,,89.90,89.9000,true,1,173519
7290000644783,false,מנות סלמון ממותג,,,מנות סלמון ממותג,קילוגרמים,1.00,"ק""ג",true,,99.90,99.9000,true,1,129271
7290000652177,false,נתחי פילה נסיכת הניל,,,נתחי פילה נסיכת הנילוס,קילוגרמים,1.00,"ק""ג",true,,59.90,59.9000,true,1,156475
7290000654546,false,פילה אמנון 7-9,,,פילה אמנון 7-9,קילוגרמים,1.00,"ק""ג",true,,29.90,29.9000,true,1,156471
7290000657866,false,פילה אמנון 5-7,דלידג,,פילה אמנון 5-7,קילוגרמים,1.00,"ק""ג",true,,29.90,29.9000,true,1,159157
7290000679188,false,דג קט פיש,,,דג קט פיש,קילוגרמים,1.00,"ק""ג",true,,34.90,34.9000,true,1,141384
7290000684345,false,פילטר בריטה,בריטה,,פילטר בריטה,יחידה,1.00,יחידה,false,1,99.90,99.9000,true,1,119730
7290000688381,false,מים מינרליים מי עדן,"מי עדן בע""מ",,שישיית סנופי 0.5 ליט,ליטרים,3.00,ליטר,false,1,13.90,4.6333,true,1,118813
7290000688503,false,מים מינרליים מי עדן,"מי עדן בע""מ",,מי עדן ספורט 0.75 לי,ליטרים,4.50,ליטר,false,1,16.90,3.7556,true,1,118814
7290000692203,false,נוזל לניקוי כללי אגק,Colgate - Greece,,"נוזל לניקוי כללי ""אג",ליטרים,2.00,ליטר,false,1,19.90,9.9500,true,1,118815
7290000692210,false,נוזל לניקוי כללי אגק,Colgate - Greece,,"נוזל לניקוי כללי ""אג",ליטרים,2.00,ליטר,false,1,19.90,9.9500,true,1,119429
7290000714339,false,וינר חדש עבה בואקום,מעדני מניה תעשיות בש,,וינר חדש עבה בואקום,קילוגרמים,1.00,"ק""ג",true,,69.00,69.0000,true,1,126755
7290000727252,false,דג טונה בעישון קר בו,,,דג טונה בעישון קרבוואקום,קילוגרמים,1.00,"ק""ג",true,,119.00,119.0000,true,1,159396
7290000775317,false,פילה זהבנון 1 קג,דלידג,,"פילה זהבנון 1 ק""""ג",קילוגרמים,1.00,"ק""ג",false,1,24.90,24.9000,true,1,116384
7290000776141,false,שיפודי פרגית,,,שיפודי פרגית,קילוגרמים,1.00,"ק""ג",true,,59.90,59.9000,true,1,162703
7290000776738,false,בשר עגל לגולש קפוא,,,בשר עגל לגולש קפוא,קילוגרמים,1.00,"ק""ג",true,,64.90,64.9000,true,1,166562
7290000776769,false,פרוסות כבד עגל קפוא,,,פרוסות כבד עגל קפוא,קילוגרמים,1.00,"ק""ג",true,,29.90,29.9000,true,1,166563
7290000803180,false,שטיפה דנטאלית מרידול,GABA THERW SWIZ,,שטיפה דנטאלית מרידול 400 מייל,מיליליטרים,400.00,"100 מ""ל",false,1,27.90,6.9750,true,1,119736
7290000805368,false,מזון גורים בונזו 3 ק,,,"בונזו גורים 3 ק""ג",קילוגרמים,3.00,"ק""ג",false,1,69.90,23.3000,true,1,119737
7290000805597,false,בונזו סניור 7+ 3 קג,,,"בונזו ""סניור 7+"" 3 קג",קילוגרמים,3.00,"ק""ג",false,1,49.90,16.6333,true,1,118011
7290000805900,false,לה קט עוף 2.85 קג,,,"לה קט עוף 2.85 ק""ג",קילוגרמים,2.85,"ק""ג",false,1,57.90,20.3158,true,1,118026
7290000805917,false,לה קט כבד 2.85 קג,,,"לה קט כבד 2.85 ק""ג",קילוגרמים,2.85,"ק""ג",false,1,57.90,20.3158,true,1,118403
7290000805924,false,לה קט דגים 2.85 קג,,,"לה קט דגים 2.85 ק""ג",קילוגרמים,2.85,"ק""ג",false,1,57.90,20.3158,true,1,119434
7290000825235,false,תפוא קטנטנים לאפייה,,,תפוא קטנטנים לאפייה לבנים,קילוגרמים,1.00,"ק""ג",true,,6.90,6.9000,true,1,173356
7290000835107,false,פילה מדומה מס 6 מוכש,,,פילה מדומה מס 6 מוכשר ארגנטינה,קילוגרמים,1.00,"ק""ג",true,,41.90,41.9000,true,1,172960
7290000835121,false,שריר הזרוע מס 8 ארגנ,,,שריר הזרוע מס 8 ארגנטינה,קילוגרמים,1.00,"ק""ג",true,,34.90,34.9000,true,1,169924
7290000835992,false,פילה דג נסיכת הנילוס,,,פילה דג נסיכת הנילוס פרוס גמבו בוואקום,קילוגרמים,1.00,"ק""ג",true,,69.90,69.9000,true,1,158614
7290000873519,false,פילה פורל קפוא,,,פילה פורל קפוא,קילוגרמים,1.00,"ק""ג",true,,79.90,79.9000,true,1,174010
7290000909804,false,פילה מרלוזה ללא עור,,,פילה מרלוזה ללא עור ארוז,קילוגרמים,1.00,"ק""ג",true,,36.90,36.9000,true,1,133011
7290000927105,false,צלי ברשת,,,צלי ברשת,קילוגרמים,1.00,"ק""ג",true,,39.90,39.9000,true,1,117286
7290000927464,false,גולש עגל,,,גולש עגל במגשים,קילוגרמים,1.00,"ק""ג",true,,34.90,34.9000,true,1,115990
7290000927471,false,צלי עגל,,,צלי עגל,קילוגרמים,1.00,"ק""ג",true,,41.90,41.9000,true,1,117288
7290000927518,false,טבעות עגל,,,טבעות עגל,קילוגרמים,1.00,"ק""ג",true,,41.90,41.9000,true,1,116409
7290000927655,false,שניצל עגל,,,שניצל עגל,קילוגרמים,1.00,"ק""ג",true,,39.90,39.9000,true,1,116850
7290000995601,false,סלרי אמריקאי,,,סלרי אמריקאי,Unknown,0.00,Unknown,false,1,5.90,0.0000,true,1,118363
7290000995953,false,כוסברה ארוז,,,כוסברה ארוז,Unknown,0.00,Unknown,false,1,3.90,0.0000,true,1,119436
7290000999984,false,הצטרפות מועדון מהקופ,,,הצטרפות מועדון מהקופה,Unknown,0.00,Unknown,false,1,0.01,0.0000,true,1,139576
7290001050064,false,אבקת סוכר 1 קג,ר.ס.,,"אבקת סוכר 1 ק""ג",קילוגרמים,1.00,"ק""ג",false,1,12.90,12.9000,true,1,118575
7290001121054,false,צמד חמד 700 גר,מעדני יחיעם 1993,,צמד חמד 700 גרם,גרמים,700.00,100 גרם,false,1,25.90,3.7000,true,1,118576
7290001121238,false,קורנדביף 180 גר,מעדני יחיעם 1993,,קורנדביף 180 גרם,גרמים,180.00,100 גרם,false,1,24.90,13.8333,true,1,118577
7290001121849,false,פסטרמה הודו 100% חומ,מעדני יחיעם 1993,,פסטרמה הודו 100% חומרים טבעיים 250 גר,גרמים,250.00,100 גרם,false,1,25.90,10.3600,true,1,126717
7290001121931,false,קבנוס מקסיקני דק דק,מעדני יחיעם 1993,,קבנוס מקסיקני דק דק 125 גר,גרמים,125.00,100 גרם,false,1,12.90,10.3200,true,1,126029
7290001123782,false,שווארמה הודו 500 גר,טיבון ויל,,שווארמה הודו 500 גרם,גרמים,500.00,100 גרם,false,1,25.90,5.1800,true,1,118421
7290001124611,false,שומן כבש 200 גר,טיבון ויל,,"שומן כבש 200 גר""",גרמים,200.00,100 גרם,false,1,19.90,9.9500,true,1,118018
7290001136287,false,שמפו לשיער רגיל נקה,,,נקה 7 שמפו רגיל ירוק,מיליליטרים,750.00,"100 מ""ל",false,1,11.90,1.5867,true,1,118578
7290001136294,false,שמפו לשיער יבש פרחים,,,שמפו נקה 7 לשיער צבו,מיליליטרים,750.00,"100 מ""ל",false,1,11.90,1.5867,true,1,118579
7290001136362,false,נקה תחליב רחצה ירוק,,,נקה תחליב רחצה ירוק אלוורה 1 ל,ליטרים,1.00,ליטר,false,1,13.90,13.9000,true,1,118039
7290001191194,true,דג נילוס מעושן פרוס,,,דג נילוס מעושן פרוס בוואקום 200 גר,גרמים,200.00,100 גרם,false,,49.90,24.9500,true,1,149083
7290001199039,false,סלט בולגרי 450 גר,סלטי עמים ברדה,,"סלט בולגרי 450 ג""ר",גרמים,450.00,100 גרם,false,1,14.90,3.3111,true,1,118028
7290001199053,false,חציל תאילנדי 500 גר,סלטי עמים ברדה,,"חציל תאילנדי 500 גר""",גרמים,500.00,100 גרם,false,1,16.90,3.3800,true,1,118587
7290001199084,false,גזר בסיגנון קוריאני,סלטי עמים ברדה,,גזר בסיגנון קוריאני,גרמים,450.00,100 גרם,false,1,15.90,3.5333,true,1,118042
7290001199107,false,סוטא אוקראיני 450 גר,סלטי עמים ברדה,,סוטא אוקראיני,גרמים,450.00,100 גרם,false,1,13.90,3.0889,true,1,119742
7290001199220,false,סלט בלקני ברדה 500 ג,,,"ממרח פטריות 250 גר""",גרמים,500.00,100 גרם,false,1,16.90,3.3800,true,1,158601
7290001199244,false,כרוב במלח 1 קג,סלטי עמים ברדה,,"כרוב במלח 1 ק""ג",קילוגרמים,1.00,"ק""ג",false,1,18.90,18.9000,true,1,118427
7290001199251,false,סלט סקנדינבי ברדה 50,,,סלט סקנדינבי ברדה 500 גר,גרמים,500.00,100 גרם,false,1,16.90,3.3800,true,1,158602
7290001199276,false,סלט קרימסקי ברדה 500,,,סלט קרימסקי ברדה 500 גר,גרמים,500.00,100 גרם,false,1,16.90,3.3800,true,1,158603
7290001199343,false,חזרת 180 גר,סלטי עמים ברדה,,"חזרת 180 ג""ר",גרמים,180.00,100 גרם,false,1,10.90,6.0556,true,1,118833
7290001199350,false,חרדל 180 גר,סלטי עמים ברדה,,"חרדל 180 ג""ר",גרמים,180.00,100 גרם,false,1,10.90,6.0556,true,1,119744
7290001199404,false,כרוב במלח עם חמוציות,סלטי עמים ברדה,,כרוב במלח עם חמוציות,קילוגרמים,1.00,"ק""ג",false,1,18.90,18.9000,true,1,118834
7290001199435,false,חציל פיקנטי 500 גר,סלטי עמים ברדה,,"חציל פיקנטי 500 גר""",גרמים,500.00,100 גרם,false,1,16.90,3.3800,true,1,119745
7290001199459,false,כרוב במלח עם תפוחי ע,סלטי עמים ברדה,,כרוב במלח עם תפוחי ע,קילוגרמים,1.00,"ק""ג",false,1,18.90,18.9000,true,1,118835
7290001199596,false,סלט בולגרי ברדה 1 קג,,,גזר ולימון חריף 250,קילוגרמים,1.00,"ק""ג",false,1,17.90,17.9000,true,1,156634
7290001230331,false,כאמל בוקס פילטר,,,כאמל בוקס פילטר,Unknown,0.00,Unknown,false,1,31.00,0.0000,false,1,117720
7290001230739,false,כאמל כחול,,,כאמל כחול,Unknown,0.00,Unknown,false,1,31.00,0.0000,false,1,117733
7290001231932,false,וינסטון כחול בוקס,,,וינסטון כחול בוקס,Unknown,0.00,Unknown,false,1,33.00,0.0000,false,1,117741
7290001235938,false,וינסטון לייט ארוך,,,וינסטון לייט ארוך,Unknown,0.00,Unknown,false,1,33.00,0.0000,false,1,118049
7290001245958,false,מרכך כביסה ורוד טאצ,,,מרכך כביסה ורוד 4 ל טאצ,ליטרים,4.00,ליטר,false,4,16.90,4.2250,true,1,159038
7290001246078,false,מרכך כביסה מרוכז סגו,,,מרכך פרמיום סנשואל 1 ל טאצ,ליטרים,1.00,ליטר,false,12,12.90,12.9000,true,1,159042
7290001246122,false,תרסיס ניקוי כללי 750,,,תרסיס ניקוי כללי 750 מל טאצ+אקונומיקה,מיליליטרים,750.00,"100 מ""ל",false,12,11.90,1.5867,true,1,159048
7290001246160,false,מבשם אויר נטול גז יר,,,מבשם נטול גז פרש 350 מל טאצ,מיליליטרים,350.00,"100 מ""ל",false,1,9.90,2.8286,true,1,160709
7290001246221,false,מטהר אוויר בניחוח לי,,,תרסיס מטהר אוויר 300 מל לימון טאצ,מיליליטרים,300.00,"100 מ""ל",false,1,4.90,1.6333,true,1,160705
7290001246528,false,מרכך כביסה מרוכז שחו,,,מרכך כביסה מרוכז פרפיום מיסטרי 1 ל טאצ,ליטרים,1.00,ליטר,false,12,12.90,12.9000,true,1,159043
7290001246801,false,נוזל רצפות טאץ פרקט,,,נוזל רצפות טאץ פרקט 2 ל,ליטרים,2.00,ליטר,false,1,18.90,9.4500,true,1,156048
7290001247068,false,ספרינג תות 1 ל,"יפאורה תבורי בע""מ",,ספרינג תות 1 ליטר,ליטרים,1.00,ליטר,false,1,6.90,6.9000,true,1,119445
7290001247082,false,ספרינג עגבניות 1 ל,"יפאורה תבורי בע""מ",,ספרינג עגבניות 1 ליט,מיליליטרים,1000.00,"100 מ""ל",false,1,6.90,0.6900,true,1,118436
7290001247099,false,ספרינג מנגו 1 ל,"יפאורה תבורי בע""מ",,ספרינג מנגו 1 ליטר,ליטרים,1.00,ליטר,false,1,6.90,6.9000,true,1,119747
7290001247105,false,ספרינג אפרסק 1 ל,"יפאורה תבורי בע""מ",,ספרינג אפרסק 1 ליטר,מיליליטרים,1000.00,"100 מ""ל",false,1,6.90,0.6900,true,1,118051
7290001247112,false,ספרינג לימון 1 ל,"יפאורה תבורי בע""מ",,ספרינג לימון 1 ליטר,מיליליטרים,1000.00,"100 מ""ל",false,1,6.90,0.6900,true,1,118836
7290001247129,false,ספרינג תפוזים 1 ל,"יפאורה תבורי בע""מ",,ספרינג תפוזים 1 ליטר,מיליליטרים,1000.00,"100 מ""ל",false,1,6.90,0.6900,true,1,118029
7290001247143,false,ספרינג תפוח 1 ל,"יפאורה תבורי בע""מ",,ספרינג תפוח 1 ליטר,מיליליטרים,1000.00,"100 מ""ל",false,1,6.90,0.6900,true,1,118052
7290001265642,false,מעדני לה קט פטה 400,,,מעדני לה קט פטה 3*40,גרמים,1200.00,100 גרם,false,1,23.90,1.9917,true,1,119748
7290001302194,false,ביסלי אסם בטעם פלפל,אסם,,ביסלי אסם בטעם פלפל 55גר,גרמים,55.00,100 גרם,false,1,3.90,7.0909,true,1,128008
7290001302279,false,במבה אסם קלאסי 60 גר,אסם,,במבה אסם קלאסי 60גר,גרמים,60.00,100 גרם,false,1,3.90,6.5000,true,1,128009
7290001305058,false,סבון נוזלי פלמוליב ח,CP - Turkey+60,,"סבון נוזלי ""פלמוליב""",מיליליטרים,500.00,"100 מ""ל",false,1,13.80,2.7600,true,1,118030
7290001305188,false,נוזל כלים בניחוח לימ,Colgate - Greece,,"נוזל כלים ""פלמוליב""",מיליליטרים,750.00,"100 מ""ל",false,1,10.90,1.4533,true,1,119446
7290001327180,false,גלידה קרמיסימו וניל,,,גלידה קרמיסימו וניל,ליטרים,1.33,ליטר,false,1,18.90,14.2105,true,1,119447
7290001327791,false,קרמיסימו עוגיות 1.33,,,קרמיסימו עוגיות 1.33,ליטרים,1.33,ליטר,false,1,18.90,14.2105,true,1,118592
7290001330265,false,עוגת ערב בפראג 800 ג,ברון מפעל לייצור עוג,,"עוגת ""ערב בפראג"" 900",גרמים,800.00,100 גרם,false,1,92.90,11.6125,true,1,119750
7290001330746,false,עוגת ליצן מלבן 450 ג,ברון מפעל לייצור עוג,,עוגת ליצן מלבן 450 ג,גרמים,450.00,100 גרם,false,1,49.90,11.0889,true,1,118439
7290001330753,false,עוגת שחרחורת מלבן 45,ברון מפעל לייצור עוג,,עוגת שחרחורת מלבן 450 גר,גרמים,450.00,100 גרם,false,1,49.90,11.0889,true,1,118855
7290001330760,false,עוגת תותי פרוטי מלבן,ברון מפעל לייצור עוג,,עוגת תותי פרוטי מלבן 450 גר,גרמים,550.00,100 גרם,false,1,49.90,9.0727,true,1,119751
7290001330838,false,עוגת בת קייב עגולה 6,ברון מפעל לייצור עוג,,"עוגת ""בת קייב"" עגולה",גרמים,650.00,100 גרם,false,1,69.90,10.7538,true,1,119449
7290001330876,false,עוגת בת קייב עגולה 6,ברון מפעל לייצור עוג,,עוגת בת קייב עגולה 7,גרמים,650.00,100 גרם,false,1,69.90,10.7538,true,1,118440
7290001330951,false,עוגת סיביר עגולה 800,ברון מפעל לייצור עוג,,עוגת סיביר עגולה 800 גר,גרמים,800.00,100 גרם,false,1,92.90,11.6125,true,1,118443
7290001334201,false,רוטב ברביקיו היינץ ב,,,רוטב ברביקיו היינץ בסגנון קרוליינה 527 ג,גרמים,527.00,100 גרם,false,1,27.90,5.2941,true,1,165229
7290001343845,false,גרנולה עם פירות השקד,,,"גרנולה עם פירות השקדיה 1 ק""ג",קילוגרמים,1.00,"ק""ג",false,1,21.90,21.9000,true,1,146433
7290001356166,false,דג סלמון 100 גר,,,"סלומון 100 גר""",גרמים,100.00,100 גרם,false,1,24.90,24.9000,true,1,119073
7290001356173,false,דג סלמון 200 גר,,,"סלומון 200 גר""",גרמים,200.00,100 גרם,false,1,45.90,22.9500,true,1,119752
7290001356562,false,פילה הרינג 160 גר,,,פילה הרינג 160 גר,גרמים,160.00,100 גרם,false,1,15.90,9.9375,true,1,125184
7290001361009,false,טורט קייבסקי 700 גר,נטלי פלוס,,טורט קייבסקי,גרמים,700.00,100 גרם,false,1,78.90,11.2714,true,1,118856
7290001361016,false,עוגות גינגית פס 600,נטלי פלוס,,עוגות גינגית פס 600 גר,גרמים,600.00,100 גרם,false,1,41.90,6.9833,true,1,118598
7290001361023,false,עוגת מולטית פס 600 ג,נטלי פלוס,,עוגת מולטית פס,גרמים,600.00,100 גרם,false,1,41.90,6.9833,true,1,119074
7290001361054,false,אקלרים 600 גר,נטלי פלוס,,אקלרים 600 גר,גרמים,600.00,100 גרם,false,1,42.90,7.1500,true,1,119754
7290001361061,false,אקלרים בציפוי שוקולד,נטלי פלוס,,אקלרים בציפוי שוקולד,גרמים,600.00,100 גרם,false,1,42.90,7.1500,true,1,117715
7290001361078,false,עוגה לילות קייב 900,נטלי פלוס,,לילות קייב,גרמים,900.00,100 גרם,false,1,94.90,10.5444,true,1,118857
7290001361085,false,עוגת נפוליאון פס 600,נטלי פלוס,,עוגת נפוליאון פס,גרמים,600.00,100 גרם,false,1,41.90,6.9833,true,1,119451
7290001361092,false,עוגת פיצוץ פס 400 גר,נטלי פלוס,,עוגת פיצוץ פס,גרמים,400.00,100 גרם,false,1,41.90,10.4750,true,1,118034
7290001361153,false,עוגת פיצוץ גדולה 1 ק,נטלי פלוס,,"עוגת פיצוץ גדולה 1 ק""ג",קילוגרמים,1.00,"ק""ג",false,1,94.90,94.9000,true,1,119452
7290001361160,false,עוגת מיסטיקה בטעם אנ,נטלי פלוס,,"עוגת ""מיסטיקה"" בטעם",גרמים,750.00,100 גרם,false,1,69.90,9.3200,true,1,118600
7290001361177,false,עוגת דובדבנים פס 650,נטלי פלוס,,עוגת דובדבנים פס,גרמים,650.00,100 גרם,false,1,45.90,7.0615,true,1,118057
7290001361207,false,עוגת פס אוכמניות 650,נטלי פלוס,,עוגת אוכמניות פס,גרמים,650.00,100 גרם,false,1,45.90,7.0615,true,1,119453
7290001361269,false,פס קייבסקי 350 גר,,,טורט קייב,גרמים,350.00,100 גרם,false,1,41.90,11.9714,true,1,154550
7290001361290,false,עוגה מוצרט 1 קג,נטלי פלוס,,"עוגה מוצרט 1 ק""ג",גרמים,1000.00,100 גרם,false,1,94.90,9.4900,true,1,119755
7290001361436,false,עוגת פס שמנת סמטניק,,,עוגת פס שמנת סמטניק נטלי 550 גר,גרמים,550.00,100 גרם,false,1,43.90,7.9818,true,1,161273
7290001361450,false,עוגת ריבת חלב מותק 6,נטלי פלוס,,עוגת ריבת חלב מותק 650 גר,גרמים,650.00,100 גרם,false,1,69.90,10.7538,true,1,118858
7290001361580,false,עוגת פס היער השחור נ,,,עוגת פס היער השחור נטלי 550 גר,גרמים,550.00,100 גרם,false,1,43.90,7.9818,true,1,161267
7290001361733,false,עוגת פס אלפחורס נטלי,,,עוגת פס אלפחורס נטלי 550 גר,גרמים,550.00,100 גרם,false,1,43.90,7.9818,true,1,161272
7290001361894,false,עוגת טרפלס שוקולד 45,נטלי פלוס,,עוגת טרפלס שוקולד 450גר,גרמים,450.00,100 גרם,false,1,39.90,8.8667,true,1,128019
7290001361924,false,עוגת פס גבינה פירורי,נטלי פלוס,,עוגת פס גבינה פירורים 450 גר,גרמים,450.00,100 גרם,false,1,39.90,8.8667,true,1,118601
7290001361931,false,פחזניות במילוי גבינה,נטלי פלוס,,פחזניות במילוי גבינה,גרמים,350.00,100 גרם,false,1,36.90,10.5429,true,1,118445
7290001361979,false,עוגת פס גבינה ללא סו,נטלי פלוס,,עוגת פס גבינה ללא סוכר 450 גר,גרמים,500.00,100 גרם,false,1,39.90,7.9800,true,1,118446
7290001407752,false,טחינה בארכה עם פטרוז,,,טחינה בארכה עם פטרוזיליה 500 גר,גרמים,500.00,100 גרם,false,1,12.90,2.5800,true,1,119756
7290001407769,false,טחינה בארכה עם שומשו,,,טחינה בארכה עם שומשום 500 גר,גרמים,500.00,100 גרם,false,1,12.90,2.5800,true,1,118447
7290001407936,false,טחינה בארכה מעודנת 3,רושדי,,טחינה בארכה מעודנת 310 גר,גרמים,310.00,100 גרם,false,1,10.90,3.5161,true,1,132174
7290001419793,false,גביעי גלידה 12 יח,,,"גביעי גלידה ""12 יח""",גרמים,132.00,100 גרם,false,1,10.90,8.2576,true,1,117710
7290001427019,false,מיץ תפוזים סחוט 500,,,מיץ תפוזים סחוט 500 מל,מיליליטרים,500.00,"100 מ""ל",false,1,15.90,3.1800,true,1,165208
7290001436790,false,מרגז מיני אקסטרה חרי,,,מרגז מיני אקסטרה חריף 500 גר,גרמים,500.00,100 גרם,false,1,29.90,5.9800,true,1,135280
7290001461112,true,לחם מחמצת דגנים 550,,,"סנטה 12 ס""מ 5 צבעים",גרמים,550.00,100 גרם,false,1,17.90,3.2545,true,1,150768
7290001468104,false,גפרורים,י.ד. יבוא,,גפרורים,Unknown,0.00,Unknown,false,1,4.90,0.0000,true,1,127095
7290001468159,false,ריבת חלב 450 גר,מ.א.מ השלושה,,ריבת חלב 450 גר,גרמים,450.00,100 גרם,false,1,13.90,3.0889,true,1,118457
7290001468272,false,פלסטרים מעורב,QUEST,,פלסטרים מעורב,Unknown,0.00,Unknown,false,1,7.50,0.0000,true,1,118458
7290001468319,false,מיץ לימון טבעי 200 מ,ITAL LEMON,,מיץ לימון טבעי 200 מל,מיליליטרים,200.00,"100 מ""ל",false,1,6.90,3.4500,true,1,118613
7290001468326,false,מיץ לימון 500 מל,ITAL LEMON,,50מיץ לימון,מיליליטרים,500.00,"100 מ""ל",false,1,12.90,2.5800,true,1,118459
7290001468463,false,ספוג לפנים,GANGEKSTIL,,ספוג לפנים,Unknown,0.00,Unknown,false,1,9.90,0.0000,true,1,119757
7290001468609,false,סוכר וניל 100 גר,ר.ס.,,סוכר וניל,גרמים,100.00,100 גרם,false,1,3.00,3.0000,true,1,118861
7290001468616,false,אבקת אפיה 100 גר,ר.ס.,,אבקת אפיה,גרמים,100.00,100 גרם,false,1,2.90,2.9000,true,1,118862
7290001468678,false,מפה חד פעמי,נ.ש.ם,,מפה חד פעמי+צלחות,Unknown,0.00,Unknown,false,1,11.90,0.0000,true,1,118864
7290001468708,false,קורנפלור 500 גר,ר.ס.,,"קורנפלור 500 ג""ר",גרמים,500.00,100 גרם,false,1,6.90,1.3800,true,1,118460
7290001468753,false,קמח תפוא 500 גר,ר.ס.,,"50קמח תפו""א ג",גרמים,500.00,100 גרם,false,1,6.90,1.3800,true,1,118461
7290001468760,false,פחם דחוס 3 קג,CARBONBRIQMA,,"פחם דחוס 3 ק""ג",קילוגרמים,3.00,"ק""ג",false,1,19.90,6.6333,true,1,119076
7290001468999,false,שקדי מרק 400 גר,חטיפים מן הטבע,,שקדי מרק 400 ג,גרמים,400.00,100 גרם,false,1,9.90,2.4750,true,1,119458
7290001482094,false,גבינה פרמזנו משולש 2,זנטי,,גבינה פרמזנו משולשים,גרמים,200.00,100 גרם,false,1,24.90,12.4500,true,1,114622
7290001485019,false,גבינת שמנת טבעי 5% 2,,,גבינת שמנת טבעי 5% 200 גר,גרמים,200.00,100 גרם,false,1,11.90,5.9500,true,1,118463
7290001491096,false,תה ירוק לימונית לואי,,,תה ירוק לימונית/לואי,גרמים,75.00,100 גרם,false,1,39.90,53.2000,true,1,118063
7290001567555,false,פסטרמה מעודנת עם דבש,,,פסטרמה מעודנת עם דבש 300 גר,גרמים,300.00,100 גרם,false,1,21.90,7.3000,true,1,140651
7290001567708,false,נקניקיות וינר ללא חו,,,נקניקיות וינר ללא חומרים משומרים 400 גר,גרמים,400.00,100 גרם,false,1,10.90,2.7250,true,1,140655
7290001567760,false,פסטרמה של פעם 300 גר,,,פסטרמה של פעם 300 גר,גרמים,300.00,100 גרם,false,1,25.90,8.6333,true,1,140642
7290001567807,false,כתף בקר מעושן 250 גר,,,כתף בקר מעושן 250 גר,גרמים,250.00,100 גרם,false,1,25.90,10.3600,true,1,140648
7290001567814,false,סלמי מעושן מבסגנון א,,,סלמי מעושן מבסגנון איטלקי 300 גר,גרמים,300.00,100 גרם,false,1,21.90,7.3000,true,1,140650
7290001581612,false,מינוט סטייק 400 גר,,,מינוט סטייק 400 גר,גרמים,400.00,100 גרם,false,1,39.90,9.9750,true,1,162686
7290001581773,false,קבב בלקני עם פיסטוק,,,קבב בלקני עם פיסטוק 500 גר,גרמים,500.00,100 גרם,false,1,34.90,6.9800,true,1,162678
7290001581780,false,נקניקיות מרגז פיקנטי,,,נקניקיות מרגז פיקנטיות 400 גר,גרמים,400.00,100 גרם,false,1,29.90,7.4750,true,1,162681
7290001581933,false,קבב טלה קווקזי 500 ג,,,קבב טלה קווקזי 500 גר,גרמים,500.00,100 גרם,false,1,34.90,6.9800,true,1,162679
7290001581940,false,המבורגר וואגיו מובחר,,,המבורגר וואגיו מובחר 300 גר,גרמים,300.00,100 גרם,false,1,29.90,9.9667,true,1,162680
7290001581957,false,שיפודי טלה 400 גר,,,שיפודי טלה 400 גר,גרמים,400.00,100 גרם,false,1,64.90,16.2250,true,1,162685
7290001594155,false,קוקה קולה 500 מל,קוקה קולה,,"קוקה קולה 500 מ""ל",מיליליטרים,500.00,"100 מ""ל",false,1,6.90,1.3800,true,1,118896
7290001594179,false,פאנטה 500 מל,קוקה קולה,,"פאנטה 500 מ""ל",מיליליטרים,500.00,"100 מ""ל",false,1,6.90,1.3800,true,1,119077
7290001594230,false,סודה קינלי 250 מל,קוקה קולה,,סודה קינלי 250 מל,מיליליטרים,250.00,"100 מ""ל",false,1,3.90,1.5600,true,1,119078
7290001594568,false,בירה קרלסברג פחית 50,קרלסברג ישראל,,"קרלסברג 500 מ""ל פחית",מיליליטרים,500.00,"100 מ""ל",false,1,9.90,1.9800,true,1,118624
7290001594575,false,בירה טובורג רד 500 מ,קרלסברג ישראל,,"טובורג 500 מ""ל פחית",מיליליטרים,500.00,"100 מ""ל",false,1,8.90,1.7800,true,1,119462
7290001594803,false,בירה טובורג גרין 330,קרלסברג ישראל,,שישיית טובורג גרין 3,ליטרים,1.98,ליטר,false,1,41.90,21.1616,true,1,119761
7290001594858,false,בירה טובורג רד 330 מ,קרלסברג ישראל,,"שישיית טובורג 330 מ""",ליטרים,1.98,ליטר,false,1,39.90,20.1515,true,1,118469
7290001594865,false,בירה קרלסברג 330 מל,קרלסברג ישראל,,בירה קרלסברג שישייה,ליטרים,1.98,ליטר,false,1,40.90,20.6566,true,1,118897
7290001651322,false,אוכמניות כחולות 250,,,אוכמניות כחולות 250 גר,גרמים,250.00,100 גרם,false,1,14.90,5.9600,true,1,169126
7290001670224,false,מלית פרג 400 גר,,,"מלית פרג 400 ג""ר",גרמים,400.00,100 גרם,false,1,10.90,2.7250,true,1,118072
7290001670507,false,ממרח תמרים הנמל 450,,,ממרח תמרים פוליבה 450 גר,גרמים,450.00,100 גרם,false,1,9.90,2.2000,true,1,119464
7290001670859,false,מלית דובדבנים 400 גר,,,"מלית דובדבנים 400 ג""",גרמים,400.00,100 גרם,false,1,10.90,2.7250,true,1,118048
7290001738771,false,טושיונקה בקר אדום 40,,,מעדן בקר ראש 400 גר,גרמים,400.00,100 גרם,false,1,19.90,4.9750,true,1,135078
7290001791349,false,אקונומיקה ריחנית 4 ל,,,סנו פיסגה אקונומיקה,ליטרים,4.00,ליטר,false,1,9.90,2.4750,true,1,118640
7290001791356,false,פרש אוטומטיק לבנדר 2,,,פרש אוטומטיק לבנדר,מיליליטרים,250.00,"100 מ""ל",false,1,14.90,5.9600,true,1,117716
7290001791776,false,סנו די רול און פלוס,,,סנו די רולאון עם אלו,מיליליטרים,50.00,"100 מ""ל",false,1,16.90,33.8000,true,1,119469
7290001813454,false,עוגיות חיוכים שוקו 9,אפיפית נצרת תעשיות ב,,"חיוכים שוקו 900 ג""ר",גרמים,900.00,100 גרם,false,1,19.90,2.2111,true,1,118065
7290001813478,false,עוגיות חיוכים וניל 9,אפיפית נצרת תעשיות ב,,"חיוכים וניל 900 ג""ר",גרמים,900.00,100 גרם,false,1,19.90,2.2111,true,1,118066
7290001817377,false,חטיף ציטוס איקס עיגו,STRAUSS-ISRAEL,,"צ""יטוס איקס עיגול 60",גרמים,60.00,100 גרם,false,1,3.40,5.6667,true,1,119470
7290001817728,false,חטיף ציטוס כאפה 55 ג,STRAUSS-ISRAEL,,"צ""יטוס כאפה 55 גר""",גרמים,55.00,100 גרם,false,1,3.40,6.1818,true,1,118067
7290001865453,false,אל סבון פמילי לבנדר,אינטרקוסמא,,"אל סבון ""פמילי"" עם מ",ליטרים,1.00,ליטר,false,1,11.90,11.9000,true,1,119087
7290001881040,false,מלפפונון במלח 1 קג,,,מלפפונון במלח 600 גר,קילוגרמים,1.00,"ק""ג",false,1,29.90,29.9000,true,1,118069
7290001881095,false,עגבניות שרי 500 גר,,,עגבניות שרי 500 גר,גרמים,500.00,100 גרם,false,1,29.90,5.9800,true,1,118650
7290001881873,false,כרוב כבוש עם חמוציות,,,כרוב כבוש עם חמוציות,קילוגרמים,1.00,"ק""ג",false,1,19.90,19.9000,true,1,118652
7290001975015,false,בירה טובורג גרין 500,קרלסברג ישראל,,בירה טובורג גרין 0.5,מיליליטרים,500.00,"100 מ""ל",false,1,8.90,1.7800,true,1,118907
7290001990094,false,סוכר חום קלאסי 1 קג,,,סוכר חום קלאסי,גרמים,1000.00,100 גרם,false,1,14.90,1.4900,true,1,118909
7290001990117,false,שומשום 100 גר,,,שומשום 100גר,גרמים,100.00,100 גרם,false,1,3.90,3.9000,true,1,118499
7290001990148,false,סוכר גולדן קלאסי 1 ק,,,סוכר גולדן קלסי,גרמים,1000.00,100 גרם,false,1,11.90,1.1900,true,1,119088
7290001990377,false,שעועית בובס 500 גר,,,"שעועית בובס 500 ג""ר",גרמים,500.00,100 גרם,false,1,10.90,2.1800,true,1,119089
7290001992050,false,בלינציס בשר 600 גר,מעדני מניה תעשיות בש,,בלינציס בשר 600 גר,גרמים,600.00,100 גרם,false,1,34.90,5.8167,true,1,125341
7290001992074,false,בלינציס גבינה 600 גר,מעדני מניה תעשיות בש,,בלינציס גבינה 600 גר,גרמים,600.00,100 גרם,false,1,34.90,5.8167,true,1,125339
7290001992081,false,קרפלך עגל 800 גר,מעדני מניה תעשיות בש,,קרפלך עגל 800 גר,גרמים,800.00,100 גרם,false,1,28.90,3.6125,true,1,125345
7290001992135,false,קרפלך תפוא 800 גר,מעדני מניה תעשיות בש,,קרפלך תפוייא 800גר,גרמים,800.00,100 גרם,false,1,16.90,2.1125,true,1,125354
7290001992500,false,קרפלך לילדים 800 גר,מעדני מניה תעשיות בש,,קרפלך לילדים 800 גר,גרמים,800.00,100 גרם,false,1,28.90,3.6125,true,1,125351
7290002007029,false,קוקוס 100 גר,,,קוקוס 100 גר,גרמים,100.00,100 גרם,false,1,3.90,3.9000,true,1,118106
7290002007036,false,כוסמת 500 גר,,,"כוסמת 500 גר""",גרמים,500.00,100 גרם,false,1,7.90,1.5800,true,1,119474
7290002007234,false,אבקת סוכר 100 גר,,,"אבקת סוכר 100 ג""ר",גרמים,100.00,100 גרם,false,1,2.50,2.5000,true,1,119475
7290002007371,false,פירורי לחם 500 גר,,,"פירורי לחם 500 ג""ר",גרמים,500.00,100 גרם,false,1,6.90,1.3800,true,1,118655
7290002007821,false,צבע מאכל אדום 55 מל,,,צבע מאכל אדום,מיליליטרים,55.00,"100 מ""ל",false,1,4.00,7.2727,true,1,119775
7290002008224,false,סוכריות לקישוט צבעונ,,,מזרה עגול,גרמים,100.00,100 גרם,false,1,5.90,5.9000,true,1,118114
7290002008439,false,דפים סנדביץ,,,דפים סנדביץ,Unknown,0.00,Unknown,false,1,6.90,0.0000,true,1,118087
7290002008569,false,מלבין קפה בקופסה 200,,,מלבין קפה בקופסה,גרמים,200.00,100 גרם,false,1,13.90,6.9500,true,1,118089
7290002008620,false,צבע מאכל ירוק 55 מל,,,"צבע מאכל ירוק 55 מ""ל",מיליליטרים,55.00,"100 מ""ל",false,1,4.00,7.2727,true,1,119099
7290002008750,false,אבקת אפיה 10 יח,,,"אבקת אפיה 10 יח""",גרמים,100.00,100 גרם,false,1,2.50,2.5000,true,1,119777
7290002008774,false,שומשום 200 גר,,,שומשום ג,גרמים,200.00,100 גרם,false,1,6.90,3.4500,true,1,118915
7290002019763,false,עגבניות מרוסקות פרינ,פריניר,,עגבניות מרוסקות פריניר 800 גר,גרמים,800.00,100 גרם,false,1,6.90,0.8625,true,1,118918
7290002019787,false,רסק עגבניות פריניר 2,פריניר,,רסק עגבניות פריניר 260 גר,גרמים,260.00,100 גרם,false,1,3.90,1.5000,true,1,119102
7290002019794,false,רסק עגבניות פריניר 1,פריניר,,רסק עגבניות פריניר 100 גר,גרמים,100.00,100 גרם,false,1,1.90,1.9000,true,1,119479
7290002026358,false,ציפס אריסטו זיג זג 5,,,ציפס אריסטו זיג זג 500 גר,גרמים,500.00,100 גרם,false,1,16.90,3.3800,true,1,135416
7290002026365,false,טבעות בצל אריסטו 500,,,טבעות בצל אריסטו 500 גר,גרמים,500.00,100 גרם,false,1,10.90,2.1800,true,1,135417
7290002026587,false,וופל בלגי קפוא 280 ג,בראנץ & קראנץ,,וופל בלגי קפוא 280 גר,גרמים,280.00,100 גרם,false,8,12.90,4.6071,true,1,155170
7290002026976,false,גלידת וניל עם עוגיות,,,"גלידת וניל עם עוגיות שוקולד ציפס 500 מ""ל",מיליליטרים,500.00,"100 מ""ל",false,1,19.90,3.9800,true,1,149571
7290002037057,false,לחם לבן ארוז 500 גר,מאפיית ודש,,"לחם לבן ארוז 500 גר""",גרמים,500.00,100 גרם,false,1,5.90,1.1800,true,1,118675
7290002037125,false,חלה פרוסה 500 גר,מאפיית ודש,,"חלה פרוסה 500 גר""",גרמים,500.00,100 גרם,false,1,8.90,1.7800,true,1,118098
7290002037309,false,חבילת המבורגר ארוז 4,מאפיית ודש,,חבילת המבורגר ארוז 4,גרמים,400.00,100 גרם,false,1,13.90,3.4750,true,1,119105
7290002037637,false,חבילת חלה מתוקה 360,מאפיית ודש,,חבילת חלה מתוקה 360,גרמים,360.00,100 גרם,false,1,12.90,3.5833,true,1,118099
7290002040019,false,קוסקוס רגיל 350 גר,,,קוסקוס רגיל 350גר,גרמים,350.00,100 גרם,false,1,5.90,1.6857,true,1,119107
7290002040064,false,קוסקוס דק 350 גר,,,35קוסקוס דק,גרמים,350.00,100 גרם,false,1,5.90,1.6857,true,1,119480
7290002050032,false,מיקס פיצוחים פרמיום,זארובי,,מיקס פיצוחים פרמיום 630 גר,גרמים,630.00,100 גרם,false,1,59.90,9.5079,true,1,173756
7290002050407,false,פפריקה 0.5 קג,,,פפריקה 0.5 קג,קילוגרמים,0.50,"ק""ג",false,1,14.90,29.8000,true,1,126050
7290002050551,false,אגוז פקאן טבעי 180 ג,,,אגוז פקאן טבעי 180 גר,גרמים,180.00,100 גרם,false,1,23.90,13.2778,true,1,166002
7290002050575,false,קשיו טבעי 220 גר,,,קשיו טבעי 220 גר,גרמים,220.00,100 גרם,false,1,23.90,10.8636,true,1,139885
7290002050612,false,פקאן סיני 220 גר,,,פקאן סיני 220 גר,גרמים,220.00,100 גרם,false,1,23.90,10.8636,true,1,166004
7290002050674,false,פלפל שחור גרוס 50 גר,,,פלפל שחור גרוס 50 גר,גרמים,50.00,100 גרם,false,1,4.90,9.8000,true,1,140365
7290002050803,false,סוכריות גומי זארובי,,,רביעיית ממתקים 550 גר,גרמים,550.00,100 גרם,false,1,25.90,4.7091,true,1,164700
7290002050872,false,שקד טבעי אמריקאי 240,,,שקד טבעי אמריקאי 240 גר,גרמים,240.00,100 גרם,false,1,25.90,10.7917,true,1,139888
7290002050896,false,צנובר 200 גר,,,צנובר 200 גר,גרמים,200.00,100 גרם,false,1,54.90,27.4500,true,1,139889
7290002050940,false,געלה פרמיום 500 גר,,,געלה פרמיום 500 גר,גרמים,500.00,100 גרם,false,1,34.90,6.9800,true,1,139890
7290002050964,false,חמוציות מופחת סוכר 2,,,חמוציות מופחת סוכר 200 גר,גרמים,200.00,100 גרם,false,1,13.90,6.9500,true,1,139893
7290002057017,false,זית נובו ענק יבנה 56,,,זית נובו ענק,גרמים,560.00,100 גרם,false,1,9.90,1.7679,true,1,119108
7290002057031,false,זיתים מבוקעים פיקנטי,,,זיתים מבוקעים,גרמים,560.00,100 גרם,false,1,8.90,1.5893,true,1,118526
7290002057093,false,זית מנזלינו גדול יבנ,,,זית מנזו. גדול,גרמים,560.00,100 גרם,false,1,7.90,1.4107,true,1,118921
7290002057109,false,זית מנזלינו גדול מאו,,,זית מנזולינו ג.מ.,גרמים,560.00,100 גרם,false,1,9.90,1.7679,true,1,119109
7290002057185,false,טבעות זיתים ירוקים י,,,טבעות זיתים ירוקים,גרמים,560.00,100 גרם,false,1,9.90,1.7679,true,1,119110
7290002057352,false,מלפפון במלח 7-9 יבנה,קבוצת יבנה,,מלפפון במלח 7-9,גרמים,560.00,100 גרם,false,1,6.50,1.1607,true,1,118131
7290002057376,false,מלפפונים במלח 13-17,קבוצת יבנה,,מלפפונים במלח 13-17,גרמים,560.00,100 גרם,false,1,9.90,1.7679,true,1,118685
7290002057383,false,מלפפון במלח 18-25 יב,,,מלפפון במלח 18-25,גרמים,600.00,100 גרם,false,1,11.90,1.9833,true,1,119113
7290002057475,false,מלפפון בחומץ 13-17 י,קבוצת יבנה,,מלפפון בחומץ 13-17,גרמים,560.00,100 גרם,false,1,9.90,1.7679,true,1,118132
7290002057482,false,מלפפון בחומץ 18-25 י,,,מלפפון בחומץ 18-25,גרמים,560.00,100 גרם,false,1,11.90,2.1250,true,1,118924
7290002057628,false,זית טבעות מושחר יבנה,,,טבעות מושחר,גרמים,560.00,100 גרם,false,1,9.90,1.7679,true,1,118103
7290002057734,false,זית חרוזת מושחר יבנה,,,חרוזת שחור,גרמים,560.00,100 גרם,false,1,9.90,1.7679,true,1,118529
7290002075233,false,שוקולדים אייסקונפקט,,,איס חום ריבוע 250גר,גרמים,250.00,100 גרם,false,1,18.90,7.5600,true,1,118532
7290002079033,false,לחם דגנים לייט 500 ג,,,לחם דגנים לייט,גרמים,500.00,100 גרם,false,1,13.90,2.7800,true,1,118927
7290002079156,false,פיתות דוידוביץ חמישי,,,פיתות חמישייה,גרמים,500.00,100 גרם,false,1,6.90,1.3800,true,1,119114
7290002079217,false,לחם מחמצת שיפון ואגו,,,לחם מחמצת שיפון ואגו,גרמים,650.00,100 גרם,false,1,13.90,2.1385,true,1,118140
7290002079316,false,חלה פרוסה 500 גר,,,חלה פרוסה,גרמים,500.00,100 גרם,false,1,9.90,1.9800,true,1,118928
7290002079361,false,לחמניה המבורגר פרוס,,,לחמניה המבורגר פרוס 480 גר,גרמים,480.00,100 גרם,false,1,16.90,3.5208,true,1,119115
7290002079408,false,קרוטונים לסלט 250 גר,חטיפים מן הטבע,,קרוטונים לסלט 250 גר,גרמים,250.00,100 גרם,false,1,9.90,3.9600,true,1,118533
7290002079477,false,שחור פרוס 750 גר,,,"שחור פרוס 750 גר""",גרמים,750.00,100 גרם,false,1,6.70,0.8933,true,1,118120
7290002079927,false,לחם דגנים מלא 750 גר,,,לחם דגנים מלא 750 גר,גרמים,750.00,100 גרם,false,1,13.90,1.8533,true,1,118690
7290002079996,false,לחם אחיד קל פרוס 750,,,לחם אחיד קל פרוס,גרמים,750.00,100 גרם,false,1,13.90,1.8533,true,1,119486
7290002096047,false,דובשניות חפץ 800 גר,,,"דובשניות חפץ 800 ג""ר",גרמים,800.00,100 גרם,false,1,18.90,2.3625,true,1,119487
7290002096498,false,דובשניות 600 גר,,,דובשניות 600 גר,גרמים,600.00,100 גרם,false,1,15.90,2.6500,true,1,125820
7290002107491,false,גבינת עיזים למריחה 5,,,גבינת עיזים למריחה 5,גרמים,250.00,100 גרם,false,1,14.90,5.9600,true,1,119785
7290002107798,false,בולגרית מעודנת 5% מ.,,,בולגרית קלאסית 5% בג,גרמים,250.00,100 גרם,false,1,21.90,8.7600,true,1,119489
7290002107965,false,גבינה טבורוג 5% 500,,,גבינה טבורוג 5% 500,גרמים,500.00,100 גרם,false,1,24.90,4.9800,true,1,118535
7290002129462,false,פיצה שלושת האופים דק,,,זוג פיצה שלושת האופים דקה 640 גר,גרמים,640.00,100 גרם,false,1,25.90,4.0469,true,1,135757
7290002129479,false,פיצה שלושת האופים דק,,,פיצה שלושת האופים דקה 320 גר,גרמים,320.00,100 גרם,false,1,14.90,4.6563,true,1,135756
7290002130567,false,דבש טהור יד מרדכי 35,STRAUSS-ISRAEL,,"דבש טהור 350 ג""ר",גרמים,350.00,100 גרם,false,1,17.90,5.1143,true,1,118538
7290002130574,false,דבש טהור יד מרדכי 50,STRAUSS-ISRAEL,,"דבש טהור 500 ג""ר",גרמים,500.00,100 גרם,false,1,24.90,4.9800,true,1,119225
7290002195054,false,המבורגר בלדי 400 גר,,,"המבורגר בלדי 400 גר""",גרמים,400.00,100 גרם,false,1,12.90,3.2250,true,1,119231
7290002195078,false,קבב כבש 400 גר,,,"קבב כבש 400 גר""",גרמים,400.00,100 גרם,false,1,12.90,3.2250,true,1,118547
7290002195085,false,קבב מזרחי 400 גר,,,"קבב מזרחי 400 גר""",גרמים,400.00,100 גרם,false,1,12.90,3.2250,true,1,118124
7290002195092,false,קבב רומני 400 גר,,,"קבב רומני 400 גר""",גרמים,400.00,100 גרם,false,1,12.90,3.2250,true,1,119232
7290002196884,false,משק לין רוטב דבש עם,משק לין,IL,משק לין רוטב דבש עם בוטנים וקארי 320 גר,גרמים,320.00,100 גרם,false,12,23.90,7.4687,true,1,146709
7290002208129,false,חלומי כבשים דוחן 250,,,חלומי כבשים דוחן 250 גר,גרמים,250.00,100 גרם,false,1,29.90,11.9600,true,1,119233
7290002239185,false,אפונת גינה ירוקה קפו,"פרי הגליל בע""""מ",,"אפונה 800 ג""ר",גרמים,800.00,100 גרם,false,1,10.90,1.3625,true,1,118931
7290002239215,false,אפונה וגזר 800 גר,"פרי הגליל בע""""מ",,"אפונה וגזר 800 ג""ר",גרמים,800.00,100 גרם,false,1,10.90,1.3625,true,1,118134
7290002239277,false,גזר גמדי 800 גר,"פרי הגליל בע""""מ",,"גזר גמדי 800 גר""",גרמים,800.00,100 גרם,false,1,8.90,1.1125,true,1,118548
7290002239307,false,שעועית צהובה 800 גר,"פרי הגליל בע""""מ",,שעועית צהובה 800ג,גרמים,800.00,100 גרם,false,1,10.90,1.3625,true,1,119234
7290002239338,false,שעועית ירוקה 800 גר,"פרי הגליל בע""""מ",,שעועית ירוקה 800גר,גרמים,800.00,100 גרם,false,1,10.90,1.3625,true,1,119118
7290002239369,false,שעועית שלמה 800 גר,"פרי הגליל בע""""מ",,"שעועית שלמה 800 גר""",גרמים,800.00,100 גרם,false,1,10.90,1.3625,true,1,119495
7290002239420,false,תירס גרעינים 800 גר,"פרי הגליל בע""""מ",,"תירס גרעינים 800 ג""ר",גרמים,800.00,100 גרם,false,1,10.90,1.3625,true,1,118932
7290002253006,false,דורות שום כתוש טרי 2,דורות,,דורות שום כתוש טרי 2,גרמים,200.00,100 גרם,false,1,15.90,7.9500,true,1,118933
7290002253105,false,דורות קוביות שום טרי,דורות,,דורות קוביות שום טרי,גרמים,80.00,100 גרם,false,1,12.90,16.1250,true,1,119119
7290002253150,false,דורות בזיליקום טרי 7,דורות,,דורות בזיליקום טרי ק,גרמים,70.00,100 גרם,false,1,9.90,14.1429,true,1,119790
7290002253167,false,דורות פטרוזליה טרייה,דורות,,דורות פטרוזליה טרייה,גרמים,70.00,100 גרם,false,1,9.90,14.1429,true,1,118549
7290002253174,false,דורות שמיר טרי קצוץ,דורות,,דורות שמיר טרי קצוץ,גרמים,70.00,100 גרם,false,1,9.90,14.1429,true,1,118135
7290002253181,false,דורות כוסברה טריה קצ,דורות,,דורות כוסברה טריה קצ,גרמים,70.00,100 גרם,false,1,9.90,14.1429,true,1,119120
7290002253198,false,גינגר כתוש קפוא דורו,דורות,,"דורות ג""ינג""ר טרי כת",גרמים,70.00,100 גרם,false,1,9.90,14.1429,true,1,118144
7290002253235,false,רוטב אסם פסטו 160 גר,דורות,,רוטב אסם פסטו 160 גר,גרמים,160.00,100 גרם,false,1,10.90,6.8125,true,1,129810
7290002260059,false,במבה אסם יום הולדת 6,אסם,,במבה אסם יום הולדת 60גר,גרמים,60.00,100 גרם,false,1,3.90,6.5000,true,1,128010
7290002281498,false,ריץ מגורדת על בסיס ח,,,ריץ מגורדת על בסיס חלב 500 גר,גרמים,500.00,100 גרם,false,,24.90,4.9800,true,1,154502
7290002291046,false,המבורגר מסעדות 480 ג,,,המבורגר מסעדות 480 גר,גרמים,480.00,100 גרם,false,1,26.90,5.6042,true,1,132321
7290002304203,false,קונפיטורה תות שדה לי,ענבי ציון,,"קונפיטורה ""ענבי ציון",גרמים,600.00,100 גרם,false,1,24.90,4.1500,true,1,118150
7290002304210,false,קונפיטורה משמש לייט,ענבי ציון,,"קונפיטורה ""ענבי ציון",גרמים,600.00,100 גרם,false,1,24.90,4.1500,true,1,118934
7290002304227,false,קונפיטורה דובדבן חמו,ענבי ציון,,"קונפיטורה ""ענבי ציון",גרמים,600.00,100 גרם,false,1,24.90,4.1500,true,1,118553
7290002304234,false,קונפיטורה אוכמניות ל,ענבי ציון,,"קונפיטורה ""ענבי ציון",גרמים,600.00,100 גרם,false,1,24.90,4.1500,true,1,119121
7290002304241,false,קונפיטורה פירות יער,ענבי ציון,,"קונפיטורה ""ענבי ציון",גרמים,600.00,100 גרם,false,1,24.90,4.1500,true,1,118554
7290002304418,false,קונפיטורת אוכמניות 1,ענבי ציון,,קונפיטורת אוכמניות 1,קילוגרמים,1.20,"ק""ג",false,1,29.90,24.9167,true,1,119122
7290002304425,false,קונפיטורת דובדבן 1.2,ענבי ציון,,קונפיטורת דובדבן 1.2,קילוגרמים,1.20,"ק""ג",false,1,29.90,24.9167,true,1,118555
7290002304432,false,קונפיטורת תות 1.2 קג,ענבי ציון,,"קונפיטורת תות 1.2 ק""",קילוגרמים,1.20,"ק""ג",false,1,29.90,24.9167,true,1,119237
7290002304463,false,קונפיטורת פירות יער,ענבי ציון,,קונפיטורת פירות יער,קילוגרמים,1.20,"ק""ג",false,1,29.90,24.9167,true,1,119123
7290002304470,false,קונפיטורת משמש 1.2 ק,ענבי ציון,,קונפיטורת משמש 1.2 ק,קילוגרמים,1.20,"ק""ג",false,1,29.90,24.9167,true,1,119496
7290002304487,false,מעדן אוכמניות עם סוכ,ענבי ציון,,מעדן אוכמניות עם סוכ,קילוגרמים,1.20,"ק""ג",false,1,29.90,24.9167,true,1,119124
7290002304609,false,קונפיטורת תותים ענבי,ענבי ציון,,"קונפיטורה ""ענבי ציון",גרמים,600.00,100 גרם,false,1,19.90,3.3167,true,1,119497
7290002304616,false,קונפיטורת משמשים ענב,ענבי ציון,,"קונפיטורה ""ענבי ציון",גרמים,600.00,100 גרם,false,1,19.90,3.3167,true,1,118556
7290002304623,false,קונפיטורת פירות יער,ענבי ציון,,"קונפיטורה ""ענבי ציון",גרמים,600.00,100 גרם,false,1,19.90,3.3167,true,1,119498
7290002304630,false,קונפיטורת דובדבן ענב,ענבי ציון,,"קונפיטורה ""ענבי ציון",גרמים,600.00,100 גרם,false,1,19.90,3.3167,true,1,118557
7290002304654,false,קונפיטורת שזיפים ענב,ענבי ציון,,"קונפיטורה ""ענבי ציון",גרמים,600.00,100 גרם,false,1,19.90,3.3167,true,1,118935
7290002304661,false,קונפיטורת אוכמניות ע,ענבי ציון,,"קונפיטורה ""ענבי ציון",גרמים,600.00,100 גרם,false,1,19.90,3.3167,true,1,118936
7290002304692,false,קונפיטורת חמוציות וד,ענבי ציון,,"קונפיטורת ""ענבי ציון",גרמים,600.00,100 גרם,false,1,19.90,3.3167,true,1,119792
7290002331025,false,מים מינרליים נביעות,נביעות,,"נביעות ספורט 500 מ""ל",מיליליטרים,500.00,"100 מ""ל",false,1,3.90,0.7800,true,1,118941
7290002331148,false,מים בטעם תפוח נביעות,נביעות,,"מים מינרליים ""נביעות",ליטרים,1.50,ליטר,false,1,9.90,6.6000,true,1,119500
7290002331162,false,מים מינרליים נביעות,נביעות,,"נביעות ל""",ליטרים,1.50,ליטר,false,1,3.90,2.6000,true,1,118560
7290002331360,false,מים מינרליים נביעות,נביעות,,נביעות ספורט שישייה,ליטרים,3.00,ליטר,false,1,14.90,4.9667,true,1,119501
7290002331483,false,מים נביעות בייבי 320,נביעות,,מים נביעות בייבי 320מל שישייה,מיליליטרים,1920.00,"100 מ""ל",false,1,14.90,0.7760,true,1,127292
7290002345015,false,סינטה דק דק אל גאוצו,ויליגר,,סינטה דק דק אל גאוצו 250 גר,גרמים,250.00,100 גרם,false,1,24.90,9.9600,true,1,141724
7290002345022,false,אנטריקוט דק דק אל גא,ויליגר,,אנטריקוט דק דק אל גאוצו 250 גר,גרמים,250.00,100 גרם,false,1,24.90,9.9600,true,1,141725
7290002371533,false,סלסולי פסטרמה דבש 12,טירת- צבי,,סלסולי פסטרמה דבש 120 גר,גרמים,120.00,100 גרם,false,1,12.90,10.7500,true,1,127104
7290002374268,false,שמן חמניות מילומור 1,שמן תעשיות,,שמן חמניות מילומור 1 ל,ליטרים,1.00,ליטר,false,1,11.90,11.9000,true,1,118566
7290002374312,false,שמן קנולה מילומור 1,שמן תעשיות,,שמן קנולה מילומור 1 ל,ליטרים,1.00,ליטר,false,1,11.90,11.9000,true,1,119800
7290002407461,false,שמן זית גהשאן זני נב,,,"שמן זית גהשאן זני נבאלי 750 מ""ל",מיליליטרים,750.00,"100 מ""ל",false,1,39.90,5.3200,true,1,141566
7290002408161,true,הולנדיה קרם 235 גר,,,הולנדיה קרם 235 גר,גרמים,235.00,100 גרם,false,1,16.90,7.1915,true,1,142629
7290002408178,true,גבינת קרם יאנטר 235,,,גבינת קרם יאנטר 235 גר,גרמים,235.00,100 גרם,false,1,16.90,7.1915,true,1,142628
7290002408352,true,בסגנון טבורוג בלטייס,,,בסגנון טבורוג בלטייסקי מולוצניק 275 גר,גרמים,275.00,100 גרם,false,,11.90,4.3273,true,1,150087
7290002408468,false,איירן 300 מל,,,"איירן 300 מ""ל",מיליליטרים,300.00,"100 מ""ל",false,1,6.90,2.3000,true,1,152033
7290002408505,false,ממרח על בסיס שמנת לט,,,ממרח על בסיס שמנת לטבייסקי 350 גר,גרמים,350.00,100 גרם,false,1,9.90,2.8286,true,1,153034
7290002408819,false,חמאה טלי 200 גר,,,חמאה טלי 200 גר,גרמים,200.00,100 גרם,false,1,11.90,5.9500,true,1,159175
7290002408826,false,חמאה מולן אדום 200 ג,,,חמאה מולן אדום 200 גר,גרמים,200.00,100 גרם,false,1,11.90,5.9500,true,1,159173
7290002408833,false,חמאה מולן זהב 200 גר,,,חמאה מולן זהב 200 גר,גרמים,200.00,100 גרם,false,1,11.90,5.9500,true,1,159174
7290002408895,true,חמאה טלי שחור 200 גר,,,חמאה טלי שחור 200 גר,גרמים,200.00,100 גרם,false,,11.90,5.9500,true,1,161653
7290002408956,false,חמאת כמהין 150 גר,,,חמאת כמהין 150 גר,גרמים,150.00,100 גרם,false,1,29.90,19.9333,true,1,168410
7290002479352,false,דבש עמק חפר 350 גר,מכוורת עמק חפר,,"דבש ""עמק חפר"" 350 גר",גרמים,350.00,100 גרם,false,1,18.90,5.4000,true,1,118168
7290002479925,false,דבש לחיץ 350 גר,מכוורת עמק חפר,,"דבש לחיץ 350 גר""",גרמים,350.00,100 גרם,false,1,23.90,6.8286,true,1,118568
7290002507277,false,קציצות דג 700 גר,דלידג,,"קציצות דג 700 ג""ר",גרמים,700.00,100 גרם,false,1,24.90,3.5571,true,1,138195
7290002507284,false,שניצל נסיכה במבינו 7,דלידג,,שניצל נסיכה במבינו 700 גר,גרמים,700.00,100 גרם,false,1,24.90,3.5571,true,1,139044
7290002507604,false,פיצה השף 320 גר,שלושת האופים,,פיצה השף 320 גר,גרמים,320.00,100 גרם,false,1,16.90,5.2812,true,1,141730
7290002511403,false,קפיר 2 ל,מחלבת המושבה,,"קפיר 2ל""",מיליליטרים,2000.00,"100 מ""ל",false,1,24.90,1.2450,true,1,118947
7290002511410,false,ראזינקה 2 ל,מחלבת המושבה,,"ראז""ינקה 2ל""",מיליליטרים,2000.00,"100 מ""ל",false,1,24.90,1.2450,true,1,119508
7290002542506,false,בירה קורונה 355 מל,,,"בירה קורונה 355 מ""ל",מיליליטרים,355.00,"100 מ""ל",false,1,9.90,2.7887,true,1,118949
7290002542780,false,בירה סטלה ארטואה 330,,,שישיית בירה סטלה ארטואה 330 מל,מיליליטרים,1980.00,"100 מ""ל",false,1,32.90,1.6616,true,1,163522
7290002542797,false,בירה לף בלונד בק 330,,,בירה לף בלונד בק 330 מל,מיליליטרים,330.00,"100 מ""ל",false,1,10.90,3.3030,true,1,170515
7290002542810,false,בירה הוגרדן בק 330 מ,,,בירה הוגרדן בק 330 מל,מיליליטרים,330.00,"100 מ""ל",false,1,10.90,3.3030,true,1,170517
7290002542827,false,בירה לף בלונד 750 מל,,,בירה לף בלונד 750 מל,מיליליטרים,750.00,"100 מ""ל",false,1,24.90,3.3200,true,1,169922
7290002543237,false,קורנפלקס קלוגס 750 ג,,,"קורנפלקס ""קלוגס"" 750 גר",גרמים,750.00,100 גרם,false,1,13.90,1.8533,true,1,118950
7290002603634,false,פיצה משולש 80 גר,טיבון ויל,,פיצה משולש 80 גר,גרמים,80.00,100 גרם,false,1,2.90,3.6250,true,1,141729
7290002608509,true,לחם מחמצת זיתי קלמטה,,,לחם מחמצת זיתי קלמטה,גרמים,550.00,100 גרם,false,1,17.90,3.2545,true,1,150772
7290002617709,false,שרימפס מקולף 16-20 1,,,שרימפס מקולף 16/20 1קג,קילוגרמים,1.00,"ק""ג",false,1,109.90,109.9000,true,1,148805
7290002627098,false,פיצה ביס 350 גר,,,פיצה ביס 350 גר,גרמים,350.00,100 גרם,false,1,15.90,4.5429,true,1,166168
7290002628064,false,טחון בקר קפוא 500 גר,,,טחון בקר קפוא 500 גר,גרמים,500.00,100 גרם,false,1,19.90,3.9800,true,1,118952
7290002654667,false,אבקה להכנת עוגת וניל,י.כהן,,אבקה להכנת עוגת וניל,גרמים,560.00,100 גרם,false,1,15.90,2.8393,true,1,118161
7290002654681,false,אבקה להכנת כדורי שוק,י.כהן,,אבקה להכנת כדורי שוק,גרמים,500.00,100 גרם,false,1,15.90,3.1800,true,1,118955
7290002661153,false,לחם דני קל,מאפיית ברמן,,לחם דני קל,Unknown,0.00,Unknown,false,1,17.90,0.0000,true,1,119250
7290002661214,false,לחם ברמן גלילי קל 75,מאפיית ברמן,,לחם ברמן גלילי קל 750גר,גרמים,750.00,100 גרם,false,1,15.90,2.1200,true,1,129208
7290002674238,false,משחת שיניים אקווה פר,,,משחת שיניים אקווה פרש מנטה 125 מל,מיליליטרים,125.00,"100 מ""ל",false,1,8.90,7.1200,true,1,148135
7290002674269,false,משחת שיניים אקווה פר,,,משחת שיניים אקווה פרש עדין 125 מל,מיליליטרים,125.00,"100 מ""ל",false,1,8.90,7.1200,true,1,148136
7290002692393,false,שמן קנולה מועשר עץ ה,שמן תעשיות,,שמן קנולה מועשר עץ הזית 1 ל,ליטרים,1.00,ליטר,false,1,15.90,15.9000,true,1,119511
7290002692478,false,שמן זית מעודן עץ הזי,שמן תעשיות,,שמן זית מעודן עץ הזית 750 מל,מיליליטרים,750.00,"100 מ""ל",false,1,29.90,3.9867,true,1,119806
7290002692775,false,תרסיס שמן קנולה בטעם,,,תרסיס שמן קנולה בטעם חמאה עץ הזית 200 מל,מיליליטרים,200.00,"100 מ""ל",false,1,15.90,7.9500,true,1,146765
7290002692782,false,תרסיס שמן זית כתית ל,שמן תעשיות,,תרסיס שמן זית כתית ללא תוספת גז 150 מל,מיליליטרים,150.00,"100 מ""ל",false,1,19.90,13.2667,true,1,118162
7290002730262,false,נוזל כלים קלאסי פלמו,Colgate - Greece,,"נוזל כלים ""פלמוליב""",מיליליטרים,750.00,"100 מ""ל",false,1,10.90,1.4533,true,1,118584
7290002730903,false,סבון מוצק פלמוליב רב,CP - Turkey+60,,סבון מוצק פלמוליב רביעייה,גרמים,400.00,100 גרם,false,1,15.90,3.9750,true,1,118164
7290002730941,false,צמר גפן פרוס 100 גר,SEPTONA,,צמר גפן פרוס,גרמים,100.00,100 גרם,false,1,6.90,6.9000,true,1,119807
7290002730958,false,סבון מוצק זיתים ואלו,CP - Turkey+60,,"סבון מוצק ""פלמוליב""",גרמים,400.00,100 גרם,false,1,15.90,3.9750,true,1,119808
7290002735007,false,בצק עלים ינון 1 קג,,,"בצק עלים 1 ק""ג ינון",קילוגרמים,1.00,"ק""ג",false,1,13.90,13.9000,true,1,118184
7290002735014,false,מלאווח ינון 800 גר,,,מלווח ינון,גרמים,800.00,100 גרם,false,1,13.90,1.7375,true,1,118165
7290002735274,false,גחנון אפוי ינון 600,,,"ג""חנון אפוי ינון",גרמים,600.00,100 גרם,false,1,19.90,3.3167,true,1,118958
7290002749059,true,מיני פולטבסקיה 290 ג,,,מיני פולטבסקיה 290 גר,גרמים,290.00,100 גרם,false,,44.90,15.4828,true,1,164664
7290002752349,false,מנטוס מנטה 40 גלילים,,,מנטוס מנטה 40 גלילים,גרמים,38.00,100 גרם,false,1,3.50,9.2105,true,1,119258
7290002757665,false,קבב מזרחי 400 גר,טיבון ויל,,"קבב מזרחי 400 גר""",גרמים,400.00,100 גרם,false,1,10.90,2.7250,true,1,118166
7290002757672,false,המבורגר 400 גר,טיבון ויל,,"המבורגר 400 גר""",גרמים,400.00,100 גרם,false,1,10.90,2.7250,true,1,118190
7290002757719,false,בצק עלים 1 קג,אופרה,,"בצק עלים 1 ק""ג",קילוגרמים,1.00,"ק""ג",false,1,14.90,14.9000,true,1,118961
7290002757726,false,בורקס גבינה 700 גר,אופרה,,"בורקס גבינה 700 גר""",גרמים,700.00,100 גרם,false,1,17.90,2.5571,true,1,119261
7290002757733,false,גחנון 650 גר,אופרה,,"ג""חנון 650 גר""",גרמים,650.00,100 גרם,false,1,12.90,1.9846,true,1,118191
7290002757740,false,בורקס תפוא 700 גר,אופרה,,"בורקס תפו""א 700 גר""",גרמים,700.00,100 גרם,false,1,12.90,1.8429,true,1,118962
7290002757757,false,מלאווח תימני 700 גר,אופרה,,מלאווח תימני 700 גרם,גרמים,700.00,100 גרם,false,1,12.90,1.8429,true,1,118192
7290002771104,false,קפה עם היל 500 גר,,,500קפה עם היל ג,גרמים,500.00,100 גרם,false,1,32.90,6.5800,true,1,118193
7290002771111,false,קפה עם היל 250 גר,,,250קפה עם היל,גרמים,250.00,100 גרם,false,1,16.90,6.7600,true,1,118194
7290002771128,false,קפה ללא היל 250 גר,,,קפה ללא היל,גרמים,250.00,100 גרם,false,1,16.90,6.7600,true,1,118963
7290002793311,false,בלון גז מילוי 60 ל,סודה סטרים,,בלון גז מילוי 60 ל,Unknown,0.00,Unknown,false,1,56.90,0.0000,true,1,118195
7290002824183,false,גבינת סקי 5% 500 גר,STRAUSS-ISRAEL,,"גבינת סקי 500 גר""",גרמים,500.00,100 גרם,false,1,8.90,1.7800,true,1,119523
7290002824466,false,יוגורט דנונה ביו 0%,STRAUSS-ISRAEL,,יוגורט דנונה ביו 0%,גרמים,200.00,100 גרם,false,1,3.60,1.8000,true,1,119814
7290002824640,false,גבינה לבנה סקי 5% 25,STRAUSS-ISRAEL,,גבינה לבנה סקי 5% 25,גרמים,250.00,100 גרם,false,1,4.90,1.9600,true,1,118605
7290002837817,false,גבינת סולוגוני 300 ג,,,גבינת סולוגוני 300 גר,גרמים,300.00,100 גרם,false,1,24.90,8.3000,true,1,163654
7290002839187,false,תבלין מעורב,,,תבלין מעורב,גרמים,0.00,100 גרם,false,1,4.90,0.0000,true,1,119266
7290002839248,false,תבלין שקית מעורב 100,,,תבלין שקית מעורב,גרמים,100.00,100 גרם,false,1,4.50,4.5000,true,1,118607
7290002842163,false,טונה יולה 185 גר,,,טונה יולה 185 גר,גרמים,185.00,100 גרם,false,1,14.90,8.0541,true,1,134850
7290002868996,false,קוטג ביו 5% מועשרת ב,,,קוטג ביו 5% מועשרת ב,גרמים,250.00,100 גרם,false,1,5.90,2.3600,true,1,119526
7290002871248,false,בירה טובורג רד 500 מ,קרלסברג ישראל,,"בירה טובורג 500מ""""ל",מיליליטרים,500.00,"100 מ""ל",false,1,8.90,1.7800,true,1,119817
7290002871361,false,בירה קרלסברג 500 מל,קרלסברג ישראל,,"בירה קרלסברג 500 מ""ל",מיליליטרים,500.00,"100 מ""ל",false,1,8.90,1.7800,true,1,118968
7290002879282,false,חטיף טורטיה ציפס תיר,,,חטיף טורטיה ציפס תירס טבעי 200 גר,גרמים,200.00,100 גרם,false,20,11.90,5.9500,true,1,161810
7290002881209,false,רסק תפוח עץ דיאט 720,Geurts conservenfabr,,רסק תפוח עץ דיאט 720,גרמים,720.00,100 גרם,false,1,10.90,1.5139,true,1,118374
7290002881216,false,רסק תפוחי עץ בצנצנת,Geurts conservenfabr,,רסק תפוחי עץ בצנצנת,גרמים,700.00,100 גרם,false,1,10.90,1.5571,true,1,118972
7290002881230,false,אננס חתוך תומר 850 ג,סאן רייז,,אננס חתוך,גרמים,850.00,100 גרם,false,1,10.90,1.2824,true,1,119270
7290002881247,false,אננס שלם 850 גר,סאן רייז,,אננס שלם,גרמים,850.00,100 גרם,false,1,10.90,1.2824,true,1,118618
7290002881506,false,חמאת בוטנים 510 גר,Niza s a,,"חמאת בוטנים 510 ג""ר",גרמים,510.00,100 גרם,false,1,12.90,2.5294,true,1,118210
7290002881513,false,חמאת בוטנים עם שברים,Niza s a,,חמאת בוטנים עם שברים,גרמים,510.00,100 גרם,false,1,11.90,2.3333,true,1,118620
7290002881612,false,לפתן דובדבנים חמוצים,Fructo sliven jsc,,לפתן דובדבנים חמוצים 680 גר,גרמים,680.00,100 גרם,false,1,10.90,1.6029,true,1,127218
7290002881735,false,לבבות דקל שלם 400 גר,Inaexpo,,לבבות דקל שלם,גרמים,400.00,100 גרם,false,1,11.90,2.9750,true,1,118378
7290002881742,false,לבבות דקל פרוסות,Inaexpo,,לבבות דקל פרוסות,Unknown,0.00,Unknown,false,1,7.90,0.0000,true,1,119532
7290002881803,false,שמן קנולה תומר 1 ל,,,שמן קנולה תומר 1 ל,ליטרים,1.00,ליטר,false,15,11.90,11.9000,true,1,167794
7290002881865,false,פטריות חתוכות 400 גר,Prochamp B.V,,פטריות חתוכות 400 גר,גרמים,400.00,100 גרם,false,1,4.90,1.2250,true,1,125455
7290002881940,false,סרדין מרוקאי בשמן 12,Union des pecheries,,סרדין מרוקאי בשמן,גרמים,125.00,100 גרם,false,1,5.90,4.7200,true,1,118211
7290002881957,false,סרדין מרוקאי חריף 12,Union des pecheries,,סרדין מרוקאי חריף,גרמים,125.00,100 גרם,false,1,5.90,4.7200,true,1,118212
7290002881964,false,סרדין מרוקאי ברוטב ע,Union des pecheries,,סרדין מרוקאי ברוטב ע,גרמים,125.00,100 גרם,false,1,5.90,4.7200,true,1,118621
7290002904694,false,דאודורנט טיטניום,,,"דאו טיטניום תרסיס קלאסי 180 מ""ל",מיליליטרים,180.00,"100 מ""ל",false,1,14.90,8.2778,true,1,119145
7290002921240,false,ניקוי שטיחים שמפוזר,קרבונה,,"ניקוי שטיחים שמפוזר קרבונה אדום 650 מ""ל",מיליליטרים,650.00,"100 מ""ל",false,1,24.90,3.8308,true,1,135469
7290002921332,false,סבון מסיר כתמים אסטו,אסטוניש,,סבון מסיר כתמים אסטוניש בקופסא 75 גר,גרמים,75.00,100 גרם,false,1,10.90,14.5333,true,1,135484
7290002927198,false,טחון בקר 500 גר,,,טחון בקר,גרמים,500.00,100 גרם,false,1,14.90,2.9800,true,1,119272
7290002927389,false,טחון עוף 500 גר,,,טחון עוף 500 גר,גרמים,500.00,100 גרם,false,1,11.90,2.3800,true,1,118219
7290002954026,false,שמן תירס 3 ל,בני ג'ורג' שוקחה חיפ,,שמן תירס 3 ליטר,ליטרים,3.00,ליטר,false,1,49.90,16.6333,true,1,119147
7290002954187,false,אורז יסמין מדליה 5 ק,בני ג'ורג' שוקחה חיפ,,אורז יסמין מדליה 5 ק,קילוגרמים,5.00,"ק""ג",false,1,46.90,9.3800,true,1,119274
7290002954200,false,אורז יסמין 1 קג,בני ג'ורג' שוקחה חיפ,,"אורז יסמין 1 ק""ג",קילוגרמים,1.00,"ק""ג",false,1,11.90,11.9000,true,1,119275
7290002954361,false,פטריות חתוכות 400 גר,,,פטריות חתוך 400 גר,גרמים,400.00,100 גרם,false,1,4.90,1.2250,true,1,118628
7290002954460,false,אורז אוסטרלי עגול 1,בני ג'ורג' שוקחה חיפ,,אורז אוסטרלי עגול 1,קילוגרמים,1.00,"ק""ג",false,1,9.90,9.9000,true,1,118629
7290002966005,false,דמוי קוויאר אדום 125,,,קוויאר אדום (דמוי) 125 גר,גרמים,125.00,100 גרם,false,1,13.90,11.1200,true,1,119538
7290002966012,false,דמוי קוויאר שחור 125,,,קוויאר שחור (דמוי) 130 גר,גרמים,125.00,100 גרם,false,1,13.90,11.1200,true,1,118384
7290002966029,false,דמוי קוויאר אדום 130,,,קוויאר אדום (דמוי) 130 גר,גרמים,130.00,100 גרם,false,1,12.90,9.9231,true,1,128930
7290002966036,false,דמוי קוויאר שחור 130,,,קוויאר שחור (דמוי) 130 גר,גרמים,130.00,100 גרם,false,1,12.90,9.9231,true,1,128929
7290002966784,false,מעדן סלט איקרה ורודה,,,מעדן סלט איקרה ורודה בטבעוני 200 גר,גרמים,200.00,100 גרם,false,1,13.90,6.9500,true,1,157121
7290002966791,false,מעדן סלט איקרה לבנה,,,מעדן סלט איקרה לבנה טבעוני 200 גר,גרמים,200.00,100 גרם,false,1,13.90,6.9500,true,1,157122
7290002971009,false,קמח מובחר שטיבל 1 קג,,,קמח מובחר שטיבל,קילוגרמים,1.00,"ק""ג",false,1,4.90,4.9000,true,1,118392
7290002971016,false,סולת שטיבל,,,סולת שטיבל,קילוגרמים,1.00,"ק""ג",false,1,4.90,4.9000,true,1,118220
7290002971030,false,קמח שיפון שטיבל מס 7,שטיבל,,"קמח שיפון מס"" 7",קילוגרמים,1.00,"ק""ג",false,1,6.90,6.9000,true,1,118393
7290002971092,false,קמח חיטה מלא 1 קג,שטיבל,,קמח חיטה מלא,קילוגרמים,1.00,"ק""ג",false,1,7.90,7.9000,true,1,119540
7290002971214,false,קמח לחם מועשר שטיבל,שטיבל,,"קמח לחם מס"" 2",קילוגרמים,1.00,"ק""ג",false,1,7.90,7.9000,true,1,118630
7290002977032,false,סוכר לבן 1 קג,,,"סוכר לבן 1 ק""ג",קילוגרמים,1.00,"ק""ג",false,1,3.90,3.9000,true,1,138427
7290002977087,false,קמח חיטה מלא 100% בר,,,"קמח חיטה מלא 100% בריאה 1 ק""ג",קילוגרמים,1.00,"ק""ג",false,1,4.90,4.9000,true,1,138506
7290002977094,false,קמח שיפון מלא 100% ב,,,"קמח שיפון מלא 100% בריאה 1 ק""ג",קילוגרמים,1.00,"ק""ג",false,1,4.90,4.9000,true,1,138505
7290002977100,false,קמח לבן בהיר 1 קג,,,"קמח לבן בהיר 1 ק""ג",קילוגרמים,1.00,"ק""ג",false,1,3.90,3.9000,true,1,119276
7290002977124,false,קמח חיטה כפרי בריאה,,,"קמח חיטה כפרי בריאה 1 ק""ג",קילוגרמים,1.00,"ק""ג",false,1,4.90,4.9000,true,1,138507
7290002977261,false,קמח כוסמין לבן 1 קג,,,"קמח כוסמין לבן 1 ק""ג",קילוגרמים,1.00,"ק""ג",false,1,10.90,10.9000,true,1,138509
7290003009640,false,מיץ תפוזים סחוט פריג,,,"""פריגת"" סחוט תפוזים",ליטרים,1.00,ליטר,false,1,18.90,18.9000,true,1,119278
7290003029181,false,שוקו יוטבתה 1 ל,STRAUSS-ISRAEL,,שוקו יוטבתה 1 ליטר,ליטרים,1.00,ליטר,false,1,11.90,11.9000,true,1,118228
7290003029372,false,משקה חלב בטעם בננה 1,STRAUSS-ISRAEL,,משקה חלב בננה בקבוקי,ליטרים,1.00,ליטר,false,1,11.90,11.9000,true,1,118398
7290003029389,false,משקה חלב בננה 250 מל,STRAUSS-ISRAEL,,"משקה חלב בננה 250 מ""",מיליליטרים,250.00,"100 מ""ל",false,1,5.30,2.1200,true,1,119547
7290003029433,false,משקה שוקו בקבוק 250,STRAUSS-ISRAEL,,משקה שוקו בקבוק 250,מיליליטרים,250.00,"100 מ""ל",false,1,5.30,2.1200,true,1,119835
7290003029532,false,מוקה יטבתה בקבוק 1 ל,STRAUSS-ISRAEL,,מוקה יטבתה בקבוק 1 ל,ליטרים,1.00,ליטר,false,1,11.90,11.9000,true,1,118637
7290003029792,false,שוקו בשקית 2% יטבתה,STRAUSS-ISRAEL,,מארז שוקו שמינייה,ליטרים,1.80,ליטר,false,1,18.90,10.5000,true,1,119281
7290003029815,false,חלב מועשר כד 2 ל,STRAUSS-ISRAEL,,חלב מועשר כד 2 ליטר,ליטרים,2.00,ליטר,false,1,14.90,7.4500,true,1,118230
7290003029907,false,משקה חלב בטעם קפה 2%,STRAUSS-ISRAEL,,"קפה יטבתה בקבוק 1 ל""",ליטרים,1.00,ליטר,false,1,11.90,11.9000,true,1,118981
7290003054657,false,חרדל דיזון אקסטרא פו,,,חרדל דיזון אקסטרא פורטה 370 גרם,גרמים,370.00,100 גרם,false,1,10.90,2.9459,true,1,119836
7290003060313,false,קמח כוסמין מנופה 1 ק,,,קמח כוסמין מנופה 1 קג,קילוגרמים,1.00,"ק""ג",false,1,14.90,14.9000,true,1,164319
7290003060344,false,קמח לפיצה מנופה 1 קג,,,קמח לפיצה מנופה 1 קג,קילוגרמים,1.00,"ק""ג",false,1,9.90,9.9000,true,1,164315
7290003069705,false,פיצה אישית עם גבינה,שלושת האופים,,פיצה אישית עם גבינה 80 גר,גרמים,80.00,100 גרם,false,1,2.90,3.6250,true,1,136524
7290003072804,false,פסטרמה של פעם 200 גר,,,פסטרמה של פעם 200 גר,גרמים,200.00,100 גרם,false,1,22.90,11.4500,true,1,152832
7290003075102,false,לאבנה אסלי מחלבת רגב,מחלבת רג'ב,,"לבנה גביע 1 ק""ג",קילוגרמים,1.00,"ק""ג",false,1,42.90,42.9000,true,1,125542
7290003075553,false,לבנה 11% 500 גר,מחלבת רג'ב,,לבנה 11% 500 גר,גרמים,500.00,100 גרם,false,1,23.90,4.7800,true,1,119839
7290003075652,false,לבנה 11% 250 גר,מחלבת רג'ב,,לבנה 11% 250 גר,גרמים,250.00,100 גרם,false,1,14.90,5.9600,true,1,118643
7290003075850,false,לבנה עם שמן וזעתר 25,מחלבת רג'ב,,לבנה עם שמן וזעתר 250 גר,גרמים,250.00,100 גרם,false,1,15.90,6.3600,true,1,119152
7290003094127,false,קוויאר פחיות צארסקיה,א.ר.ד.י.ו,,קוויאר פחיות צארסקיה 190 גר,גרמים,190.00,100 גרם,false,1,69.90,36.7895,true,1,127607
7290003094363,false,שרימפס מבושל 41-50 7,,,שרימפס מבושל 41-50 750 גר,גרמים,750.00,100 גרם,false,,49.90,6.6533,true,1,147818
7290003094400,false,קוויאר אדום 140 גר,א.ר.ד.י.ו,,קוויאר אדום 140 גר,גרמים,140.00,100 גרם,false,1,42.90,30.6429,true,1,133822
7290003094592,false,קוויאר אדום 250 גר,,,קוויאר אדום 250 גר,גרמים,250.00,100 גרם,false,1,134.90,53.9600,true,1,162191
7290003094783,false,רצועות סלמון מעושן 4,,,רצועות סלמון מעושן 400 גר,גרמים,400.00,100 גרם,false,1,39.90,9.9750,true,1,173011
7290003102136,false,צמר גפן,כוטון סופט,,צמר גפן,Unknown,0.00,Unknown,false,1,5.90,0.0000,true,1,119282
7290003102709,false,מטהר אויר 300 מל,הוסטס,,מטהר אויר,מיליליטרים,300.00,"100 מ""ל",false,1,8.90,2.9667,true,1,118232
7290003102723,false,מטהר אויר,הוסטס,,מטהר אויר,Unknown,0.00,Unknown,false,1,8.90,0.0000,true,1,118415
7290003102730,false,מטהר אויר,הוסטס,,מטהר אויר,Unknown,0.00,Unknown,false,1,8.90,0.0000,true,1,119153
7290003102990,false,פדים,כוטון סופט,,פדים,גרמים,40.00,100 גרם,false,1,8.90,22.2500,true,1,119284
7290003118113,false,פיתה בייבי 10 יח,,,פיתה בייבי 10 יח,Unknown,0.00,Unknown,false,1,15.90,0.0000,true,1,146282
7290003126712,false,יוגורט עיזים טבעי 15,,,יוגורט עיזים טבעי 150 גר,גרמים,150.00,100 גרם,false,1,6.50,4.3333,true,1,118647
7290003126958,false,טופו גולמי 300 גר,,,טופו גולמי 300 גר,גרמים,300.00,100 גרם,false,1,12.90,4.3000,true,1,118985
7290003133123,false,לחם שיפון אוקראיני 7,,,לחם שיפון אוקראיני 750 גר,גרמים,750.00,100 גרם,false,1,12.90,1.7200,true,1,119156
7290003133505,false,לחם שיפונטו 750 גר,,,לחם שיפונטו,גרמים,750.00,100 גרם,false,1,12.90,1.7200,true,1,118419
7290003133604,false,לחם סיבירסקי 500 גר,,,לחם סיבירסקי,גרמים,500.00,100 גרם,false,1,7.90,1.5800,true,1,119842
7290003143337,false,סילאן טבעי קליית גת,,,סילאן טבעי קליית גת 350גר,גרמים,350.00,100 גרם,false,1,14.90,4.2571,true,1,127434
7290003189076,false,פיצרלה מגורדת 500 גר,,,"פיצרלה אישית 500 ג""ר",גרמים,500.00,100 גרם,false,1,24.90,4.9800,true,1,119286
7290003189168,false,מעושנת 1 קג,,,"מעושנת 1 ק""ג",קילוגרמים,1.00,"ק""ג",false,1,39.90,39.9000,true,1,118429
7290003189281,false,הולנדי פרוס 500 גר,,,הולנדי פרוס 500 גר,גרמים,500.00,100 גרם,false,1,15.90,3.1800,true,1,118430
7290003208586,false,וורמוט מרטיני ביאנקו,,,"מרטיני לבן 750 מ""ל",מיליליטרים,750.00,"100 מ""ל",false,1,44.90,5.9867,true,1,118994
7290003208593,false,וורמוט מרטיני אקסרה,,,"מרטיני לבן יבש 750 מ""ל",מיליליטרים,750.00,"100 מ""ל",false,1,44.90,5.9867,true,1,118995
7290003208609,false,וורמוט מרטיני רוסו 7,,,"מרטיני אדום מתוק 750 מ""ל",מיליליטרים,750.00,"100 מ""ל",false,1,44.90,5.9867,true,1,119561
7290003208647,false,יין מבעבע מרטיני ברו,,,יין מבעבע מרטיני בר,מיליליטרים,750.00,"100 מ""ל",false,1,64.90,8.6533,true,1,118705
7290003208715,false,וורמוט מרטיני רוסטו,,,"מרטיני ""וורמוט"" רוסט",מיליליטרים,750.00,"100 מ""ל",false,1,44.90,5.9867,true,1,119849
7290003208777,false,יין ברון דארנייק 750,,,"יין ""ברון דאריניאק""",מיליליטרים,750.00,"100 מ""ל",false,1,34.90,4.6533,true,1,119563
7290003224036,false,אוכמניות כחולות 300,,,אוכמניות כחולות 300,גרמים,300.00,100 גרם,false,1,18.90,6.3000,true,1,119288
7290003224104,false,כיסונים במילוי כרוב,,,כיסונים במילוי כרוב כבוש 800 גר,גרמים,800.00,100 גרם,false,1,18.90,2.3625,true,1,167782
7290003224128,false,כיסוני תפוא 800 גר,,,"כיסונים תפו""א 800 ג""",גרמים,800.00,100 גרם,false,1,19.90,2.4875,true,1,118707
7290003224142,false,בלינצס פטריות ותפוא,,,"בלינצ""ס פטריות ותפו""",גרמים,400.00,100 גרם,false,1,18.90,4.7250,true,1,118708
7290003224159,false,בלינצס בשר 400 גר,,,"בלינצ""ס בשר 7 יח""",גרמים,400.00,100 גרם,false,1,22.90,5.7250,true,1,118433
7290003224173,false,בלינצס פטריות 7 יח 4,,,"בלינצ""ס פטריות 7 יח""",גרמים,400.00,100 גרם,false,1,18.90,4.7250,true,1,119164
7290003224357,false,קוואס 2 ל,,,קוואס 2 ליטר,ליטרים,2.00,ליטר,false,1,15.90,7.9500,true,1,119850
7290003224371,false,19041בצק פריך מלוח 8,,,בצק פריך מלוח 800 גר,גרמים,800.00,100 גרם,false,1,17.90,2.2375,true,1,162349
7290003224449,false,כיסונים קופצסקי בשר,,,ממרח דמדמניות שח,גרמים,800.00,100 גרם,false,1,24.90,3.1125,true,1,156461
7290003224456,false,כיסוני בשר סיבירסקיה,,,"כיסונים בשר ""סיבירסק",קילוגרמים,1.00,"ק""ג",false,1,29.90,29.9000,true,1,118661
7290003224463,false,כיסוני בשר אוקראינסק,,,"כיסונים בשר ""אוקראינ",קילוגרמים,1.00,"ק""ג",false,1,29.90,29.9000,true,1,118662
7290003224470,false,כיסוני בשר קייבסקיה,,,"כיסונים בשר ""קייבסקי",קילוגרמים,1.00,"ק""ג",false,1,29.90,29.9000,true,1,119851
7290003224487,false,כיסוני בשר מאמא מרי,,,כיסונים עם בשר מאמא,קילוגרמים,1.00,"ק""ג",false,1,29.90,29.9000,true,1,118663
7290003224555,false,פטל אדום 300 גר,,,"פטל אדום 300 ג""ר",גרמים,300.00,100 גרם,false,1,24.90,8.3000,true,1,119167
7290003224708,false,בלינצס גבינה 7 יח,,,בלינצס גבינה 7 יח,גרמים,400.00,100 גרם,false,1,22.90,5.7250,true,1,118664
7290003224821,false,כיסוני בשר ביתיים 1,,,כיסוני בשר ביתיים 1 קג,קילוגרמים,1.00,"ק""ג",false,1,29.90,29.9000,true,1,128748
7290003224845,false,קרפלוני תפוא ופטריות,,,"ריבת אפרסק 380 ג""ר",גרמים,800.00,100 גרם,false,1,19.90,2.4875,true,1,151237
7290003229109,false,פסטרמה בפפריקה 400 ג,טירת- צבי,,פסטרמה בפפריקה 400 גר,גרמים,400.00,100 גרם,false,1,24.90,6.2250,true,1,125997
7290003229116,false,פסטרמה בדבש 400 גר,טירת- צבי,,פסטרמה בדבש 400 גר,גרמים,400.00,100 גרם,false,1,24.90,6.2250,true,1,125998
7290003229123,false,פסטרמה על גחלים 400,טירת- צבי,,פסטרמה על גחלים 400 גר,גרמים,400.00,100 גרם,false,1,24.90,6.2250,true,1,125999
7290003229147,false,סלמי איטלקי 300 גר,טירת- צבי,,סלמי איטלקי 300 גר,גרמים,300.00,100 גרם,false,1,24.90,8.3000,true,1,126003
7290003229154,false,נקניק קוניאק מובחר 3,טירת- צבי,,נקניק קוניאק מובחר 300 גר,גרמים,300.00,100 גרם,false,1,24.90,8.3000,true,1,126004
7290003229208,false,פסטרמה ספרדית 360 גר,טירת- צבי,,פסטרמה ספרדית 360 גר,גרמים,360.00,100 גרם,false,1,24.90,6.9167,true,1,126000
7290003287284,false,קבב ביתי 600 גר,,,קבב ביתי 600 גר,גרמים,600.00,100 גרם,false,1,26.90,4.4833,true,1,132324
7290003287307,false,קבב רומני 600 גר,,,קבב רומני 600 גר,גרמים,600.00,100 גרם,false,1,26.90,4.4833,true,1,132326
7290003321155,false,מעדן פקאן סיני 183 ג,STRAUSS-ISRAEL,,מעדן פקאן סיני 183 גר,גרמים,183.00,100 גרם,false,1,4.50,2.4590,true,1,118678
7290003387410,false,פדים להסרת איפור בלו,SEPTONA,,מסיר איפור,Unknown,0.00,Unknown,false,1,19.90,0.0000,true,1,119169
7290003401376,false,קרם לחות אלוורה לשיע,,,קרם לחות ועיצוב לשיע,מיליליטרים,400.00,"100 מ""ל",false,1,17.90,4.4750,true,1,119004
7290003401635,false,קרם לשיער לפתיחת תלת,,,קרם לחות נטורל 400גר,מיליליטרים,400.00,"100 מ""ל",false,1,19.90,4.9750,true,1,119858
7290003427154,false,שמן זית זיתא כתית מע,,,"שמן זית זיתא כתית 750 מ""ל",מיליליטרים,750.00,"100 מ""ל",false,1,31.90,4.2533,true,1,119174
7290003450602,false,ממרח חרדל צהוב 255 ג,,,ממרח חרדל צהוב 255 גר,גרמים,255.00,100 גרם,false,1,7.90,3.0980,true,1,119303
7290003457861,false,גלידת סולרו פירות טר,,,גלידת סולרו פירות טרופיים,Unknown,0.00,Unknown,false,1,8.90,0.0000,true,1,118745
7290003457991,false,קורנטו קלאסיק 378 גר,,,קורנטו קלאסיק,גרמים,378.00,100 גרם,false,1,29.90,7.9101,true,1,119572
7290003514007,false,שקדי מרק מנה 400 גר,Mana,,"שקדי מרק ""מנה"" 400 ג",גרמים,400.00,100 גרם,false,1,9.90,2.4750,true,1,118472
7290003570928,false,קבב בלדי קצביה ארוז,,,קבב בלדי קצביה ארוז 500 גר,גרמים,500.00,100 גרם,false,1,26.90,5.3800,true,1,141278
7290003571215,false,ראש סלמון נורבגי ארו,,,ראש סלמון נורבגי ארוז,Unknown,0.00,Unknown,false,,9.90,0.0000,true,1,137778
7290003578290,false,מקלוני אורז 300 גר,XIMAN ZHONGSHI,,"מקלוני אורז 300 ג""ר",גרמים,300.00,100 גרם,false,1,7.90,2.6333,true,1,118751
7290003578313,false,דובדבן ללא חרצנים 68,יורוביקה,,דובדבן ללא חרצנים 680 גר,גרמים,680.00,100 גרם,false,1,10.90,1.6029,true,1,118476
7290003598311,false,מינוט סטייק 300 גר,,,מינוט סטייק 300 גר,גרמים,300.00,100 גרם,false,1,34.90,11.6333,true,1,138657
7290003643004,false,אורז בסמטי 1 קג,,,"אורז בסמטי 1 ק""ג",קילוגרמים,1.00,"ק""ג",false,1,12.90,12.9000,true,1,119578
7290003643158,false,קורנפלור 200 גר,,,"קורנפלור 200 ג""ר",גרמים,200.00,100 גרם,false,1,2.90,1.4500,true,1,119866
7290003643165,false,קונפלור 500 גר,,,קונפלור 500 גרם,גרמים,500.00,100 גרם,false,1,5.90,1.1800,true,1,119016
7290003643325,false,קוסקוס בינוני 350 גר,,,"קוסקוס בינוני 350 ג""ר",גרמים,350.00,100 גרם,false,1,4.90,1.4000,true,1,119310
7290003643387,false,סוכר לבן צנצנת 1 קג,,,סוכר לבן צנצנת,קילוגרמים,1.00,"ק""ג",false,1,6.90,6.9000,true,1,119311
7290003643646,false,סוכר חום דמררה 1 קג,,,סוכר חום דמררה,קילוגרמים,1.00,"ק""ג",false,1,11.90,11.9000,true,1,119580
7290003643684,false,אפונה 500 גר,,,"אפונה 500 ג""ר",גרמים,500.00,100 גרם,false,1,6.90,1.3800,true,1,119867
7290003643707,false,גריסים 500 גר,,,גריסים 500גר,גרמים,500.00,100 גרם,false,1,5.90,1.1800,true,1,119868
7290003643714,false,חומוס 500 גר,,,חומוס 500גר,גרמים,500.00,100 גרם,false,1,7.90,1.5800,true,1,119312
7290003643738,false,חיטה 500 גר,,,חיטה 500גר,גרמים,500.00,100 גרם,false,1,5.90,1.1800,true,1,119018
7290003643745,false,כוסמת 500 גר,,,"כוסמת 500 ג""ר",גרמים,500.00,100 גרם,false,1,7.90,1.5800,true,1,118478
7290003643752,false,עדשים ירוקות 500 גר,,,"עדשים ירוקים 500 ג""ר",גרמים,500.00,100 גרם,false,1,7.90,1.5800,true,1,119179
7290003643769,false,עדשים אדומות 500 גר,,,עדשים אדומים 500גר,גרמים,500.00,100 גרם,false,1,7.90,1.5800,true,1,119581
7290003643776,false,פופקורן סוגת 500 גר,,,פופקורן 500גר,גרמים,500.00,100 גרם,false,1,5.90,1.1800,true,1,119582
7290003643783,false,קוקוס טחון 100 גר,,,קוקוס טחון 100גר,גרמים,100.00,100 גרם,false,1,3.90,3.9000,true,1,118840
7290003643806,false,שעועית לבנה 500 גר,,,שעועית לבנה 500גר,גרמים,500.00,100 גרם,false,1,10.90,2.1800,true,1,118754
7290003643813,false,שעועית אדומה 500 גר,,,"שעועית אדומה 500 ג""ר",גרמים,500.00,100 גרם,false,1,10.90,2.1800,true,1,119180
7290003643820,false,חומוס ענק 500 גר,,,"חומוס ענק 500 ג""ר",גרמים,500.00,100 גרם,false,1,9.90,1.9800,true,1,119583
7290003706013,false,שורש פטרוזיליה,ביכורי שדה דרום 2002,,שורש פטרוזיליה,Unknown,0.00,Unknown,false,1,4.90,0.0000,true,1,118484
7290003706020,false,ראש סלרי,ביכורי שדה דרום 2002,,ראש סלרי,Unknown,0.00,Unknown,false,1,4.90,0.0000,true,1,118485
7290003706037,false,עלי סלרי,ביכורי שדה דרום 2002,,עלי סלרי,Unknown,0.00,Unknown,false,1,5.90,0.0000,true,1,119586
7290003706044,false,כוסברה,ביכורי שדה דרום 2002,,כוסברה,Unknown,0.00,Unknown,false,1,3.90,0.0000,true,1,119019
7290003715299,false,מעורב מובחר זארובי 3,,,מעורב מובחר זארובי 350 גר,גרמים,350.00,100 גרם,false,1,19.90,5.6857,true,1,118846
7290003715329,false,בוטן קלוי בקליפה 350,,,בוטן קלוי בקליפה 350 גר,גרמים,350.00,100 גרם,false,1,10.90,3.1143,true,1,119588
7290003715534,false,משמש 250 גר,,,משמש 250 גר,גרמים,250.00,100 גרם,false,1,22.90,9.1600,true,1,118760
7290003715541,false,שזיפים 250 גר,,,שזיפים 250גר,גרמים,250.00,100 גרם,false,1,13.90,5.5600,true,1,119872
7290003715558,false,תאנים 250 גר,,,תאנים 250גר,גרמים,250.00,100 גרם,false,1,16.90,6.7600,true,1,118489
7290003715565,false,צימוקים 250 גר,,,צימוקים 250גר,גרמים,250.00,100 גרם,false,1,11.90,4.7600,true,1,119589
7290003715572,false,תמר מגהול 250 גר,,,תמרים 250גר,גרמים,250.00,100 גרם,false,1,13.90,5.5600,true,1,119313
7290003715596,false,אגוז מלך 300 גר,,,"אגוז מלך 300 ג""ר",גרמים,300.00,100 גרם,false,1,28.90,9.6333,true,1,119314
7290003715688,false,שקד מלובן 100 גר,,,שקד מלובן,גרמים,100.00,100 גרם,false,1,11.90,11.9000,true,1,119873
7290003715695,false,גרעיני חמניות מקולפי,,,גרעיני חמניות מקולפי,גרמים,100.00,100 גרם,false,1,3.50,3.5000,true,1,119182
7290003715701,false,גרעיני דלעת קלוף 100,,,גרעיני דלעת קלוף,גרמים,100.00,100 גרם,false,1,6.90,6.9000,true,1,119183
7290003715732,false,שקד טחון 100 גר,,,1שקד טחון,גרמים,100.00,100 גרם,false,1,11.90,11.9000,true,1,119315
7290003715749,false,אגוז מלך גרוס 100 גר,,,"אגוז מלך גרוס 100 ג""",גרמים,100.00,100 גרם,false,1,12.90,12.9000,true,1,118761
7290003715787,false,צימוק שחור 250 גר,,,צימוק שחור 250גר,גרמים,250.00,100 גרם,false,1,9.90,3.9600,true,1,117757
7290003715817,false,חמוציות חצאים 150 גר,,,חמוציות חצאים 150 גר,גרמים,150.00,100 גרם,false,1,12.90,8.6000,true,1,117758
7290003715824,false,פרג טחון 100 גר,,,פרג טחון,גרמים,100.00,100 גרם,false,1,4.90,4.9000,true,1,118762
7290003719259,false,לחם שיפון מלא אקסקלו,מאפיית ליבו,,"לחם ""ליבו"" אקסקלוסיב",קילוגרמים,1.00,"ק""ג",false,1,16.90,16.9000,true,1,119591
7290003726141,false,טופו טבעי 300 גר,,,טופו טבעי 300גר,גרמים,300.00,100 גרם,false,1,9.90,3.3000,true,1,128613
7290003781652,false,צלפים 350 גר,טינטאש,,צלפים ג,גרמים,350.00,100 גרם,false,1,9.90,2.8286,true,1,119024
7290003864478,false,סרדינים בשמן צמחי 12,גולדן פריז,,סרדינים בשמן צמחי 120 גר,גרמים,110.00,100 גרם,false,1,4.90,4.4545,true,1,119882
7290003864485,false,סרדין ברוטב עגבניות,גולדן פריז,,סרדין ברוטב עגבניות,גרמים,110.00,100 גרם,false,1,4.90,4.4545,true,1,118495
7290003882922,false,עלי גפן ממולאים באור,פליריה,,עלי גפן ממולאים באורז 400 גר,גרמים,400.00,100 גרם,false,1,7.90,1.9750,true,1,119883
7290003903771,false,קפוצינו רגיל 200 גר,STRAUSS-ISRAEL,,"קפוצ""ינו רגיל 200 ג""",גרמים,200.00,100 גרם,false,1,23.90,11.9500,true,1,118781
7290003903788,false,קפוצינו וניל 200 גר,STRAUSS-ISRAEL,,"קפוצ""ינו וניל 200 ג""",גרמים,200.00,100 גרם,false,1,23.90,11.9500,true,1,119194
7290003980413,false,תה שקוף ציפור 500 גר,סי.בי.עם.קולומבו,,תה שקוף ציפור 500 גר,גרמים,500.00,100 גרם,false,1,39.90,7.9800,true,1,119598
7290003989539,false,רביולי גבינה 400 גר,STRAUSS-ISRAEL,,"רביולי גבינה 400 ג""ר",גרמים,400.00,100 גרם,false,1,19.90,4.9750,true,1,119196
7290004011338,false,קצפת ריץ חלבי 250 מל,ריץ',,"קצפת ""ריץ"" 250 מ""ל",מיליליטרים,250.00,"100 מ""ל",false,12,11.90,4.7600,true,1,119600
7290004026776,true,לחם מחמצת שיפון אגוז,,,לחם מחמצת שיפון אגוזים וצימוקים 550 גר,גרמים,550.00,100 גרם,false,1,17.90,3.2545,true,1,151133
7290004030810,false,שייק בננה פסיפלורה ת,,,שייק בננה פסיפלורה תפוז ללא סוכר 1 ל,ליטרים,1.00,ליטר,false,1,16.90,16.9000,true,1,118503
7290004033705,false,הבורגריה המבורגר ביג,,,הבורגריה המבורגר ביג 6 בשקית 600 גר,גרמים,600.00,100 גרם,false,1,16.90,2.8167,true,1,164239
7290004033712,false,לחם עננים ברמן מקמח,,,לחם עננים ברמן מקמח מלא 750 גר,גרמים,750.00,100 גרם,false,1,14.90,1.9867,true,1,167511
7290004033729,false,לחם עננים ברמן כוסמי,,,לחם עננים ברמן כוסמין 750 גר,גרמים,750.00,100 גרם,false,1,14.90,1.9867,true,1,167512
7290004033736,false,לחם עננים ברמן בסגנו,,,לחם עננים ברמן בסגנון בריוש 500 גר,גרמים,500.00,100 גרם,false,1,14.90,2.9800,true,1,167513
7290004033750,false,לחמניות עננים 360 גר,,,לחמניות עננים 360 גר,גרמים,360.00,100 גרם,false,1,14.90,4.1389,true,1,173967
7290004043108,false,סוכריות מ&מס שוקו 89,מרס,,סוכריות מ&מס שוקו 89 גר,גרמים,89.00,100 גרם,false,1,7.90,8.8764,true,1,138451
7290004043205,false,סוכריות מ&מס בוטנים,מרס,,סוכריות מ&מס בוטנים 93 גר,גרמים,93.00,100 גרם,false,1,7.90,8.4946,true,1,138452
7290004050788,false,בייקון פרוס 170 גר,ישרקו שיווק מותגי מז,,"בייקון פרוס 170 ג""ר",גרמים,170.00,100 גרם,false,1,49.90,29.3529,true,1,118787
7290004050856,false,סלמי מילאנו פרוס 170,ישרקו שיווק מותגי מז,,סלמי מילאנו פרוס 170,גרמים,170.00,100 גרם,false,1,34.90,20.5294,true,1,119036
7290004050863,false,סלמי הרץ פרוס 170 גר,ישרקו שיווק מותגי מז,,"סלמי הרץ פרוס 170 ג""",גרמים,170.00,100 גרם,false,1,35.90,21.1176,true,1,119037
7290004050887,false,פרושוטו פרוס 120 גר,ישרקו שיווק מותגי מז,,פרושוטו פרוס 120 גר,גרמים,120.00,100 גרם,false,1,39.90,33.2500,true,1,118866
7290004050948,false,סלמי כפרית פרוס 170,ישרקו שיווק מותגי מז,,סלמי כפרית פרוס 170,גרמים,170.00,100 גרם,false,1,34.90,20.5294,true,1,119602
7290004050955,false,פטה כבד עוף 170 גר,ישרקו שיווק מותגי מז,,"פטה כבד עוף 170 גר""",גרמים,170.00,100 גרם,false,1,16.90,9.9412,true,1,118788
7290004050986,false,רו בייקון פרוס 170 ג,ישרקו שיווק מותגי מז,,רו בייקון פרוס 170 גר,גרמים,170.00,100 גרם,false,1,59.90,35.2353,true,1,118504
7290004051044,false,סלמי הונגרי פרוס 170,ישרקו שיווק מותגי מז,,סלמי הונגרי פרוס 170,גרמים,170.00,100 גרם,false,1,35.90,21.1176,true,1,118505
7290004051136,false,סלמי צרפתי פרוס 170,ישרקו שיווק מותגי מז,,סלמי צרפתי פרוס 170,גרמים,170.00,100 גרם,false,1,34.90,20.5294,true,1,119891
7290004051150,false,רו סרוולט פרוס 170 ג,ישרקו שיווק מותגי מז,,רו סרוולט פרוס 170 ג,גרמים,170.00,100 גרם,false,1,34.90,20.5294,true,1,119892
7290004051334,false,פפרוני עגל פרוס 170,ישרקו שיווק מותגי מז,,פפרוני עגל פרוס 170,גרמים,170.00,100 גרם,false,1,34.90,20.5294,true,1,119198
7290004051365,false,קרפצו פרוס 120 גר,ישרקו שיווק מותגי מז,,"קרפצ""ו פרוס 120 ג""ר",גרמים,120.00,100 גרם,false,1,41.90,34.9167,true,1,118789
7290004051419,false,ממרח כבד מיני 220 גר,ישרקו שיווק מותגי מז,,"ממרח כבד מיני 220 ג""",גרמים,220.00,100 גרם,false,1,19.90,9.0455,true,1,118790
7290004051792,false,נקניקיות קוקטייל 900,ישרקו שיווק מותגי מז,,נקניקיות קוקטייל 900,גרמים,900.00,100 גרם,false,1,54.90,6.1000,true,1,119603
7290004052317,false,סלמי פפרוני פרוס 170,ישרקו שיווק מותגי מז,,סלמי פפרוני פרוס 170,גרמים,170.00,100 גרם,false,1,34.90,20.5294,true,1,119040
7290004052690,false,נקניקיות פרגית 600 ג,ישרקו שיווק מותגי מז,,נקניקיות פרגית 600 ג,גרמים,600.00,100 גרם,false,1,22.90,3.8167,true,1,119638
7290004053192,false,נקניקיות עגל בוואקום,,,נקניקיות עגל בוואקום 600 גר,גרמים,600.00,100 גרם,false,1,31.90,5.3167,true,1,166568
7290004054267,false,נקניקיות פרנקפורט 90,ישרקו שיווק מותגי מז,,נקניקיות פרנקפורט 90,גרמים,900.00,100 גרם,false,1,54.90,6.1000,true,1,118799
7290004054649,false,מיני מוסקובסקיה 300,ישרקו שיווק מותגי מז,,מיני מוסקובסקיה 300 גר,גרמים,300.00,100 גרם,false,1,39.90,13.3000,true,1,119199
7290004054885,false,נקניקיות איטלקיות עם,ישרקו שיווק מותגי מז,,נקניקיות איטלקיות עם,גרמים,400.00,100 גרם,false,1,28.90,7.2250,true,1,119606
7290004055271,false,פניני קבנוס רו 160 ג,,,פניני קבנוס רו,גרמים,160.00,100 גרם,false,1,32.90,20.5625,true,1,119639
7290004055745,false,נקניקיות סליבוצניה 6,,,נקניקיות סליבוצניה 600 גר,גרמים,600.00,100 גרם,false,1,34.90,5.8167,true,1,141173
7290004061449,false,שניצל אמריקאי 700 גר,,,שניצל אמריקאי 700 גר,גרמים,700.00,100 גרם,false,1,12.90,1.8429,true,1,119607
7290004061463,false,שניצל עוף אמיתי שומש,,,שניצל עוף אמיתי שומש,גרמים,700.00,100 גרם,false,1,29.90,4.2714,true,1,118867
7290004061487,false,טבעות עוף 700 גר,,,"טבעות עוף 700 גר""",גרמים,700.00,100 גרם,false,1,14.90,2.1286,true,1,119200
7290004061494,false,נגיסי עוף 700 גר,,,"נגיסי עוף 700 גר""",גרמים,700.00,100 גרם,false,1,14.90,2.1286,true,1,118506
7290004063016,false,מלח דק 1 קג,סלית,,"מלח דק 1 ק""ג",קילוגרמים,1.00,"ק""ג",false,1,1.70,1.7000,true,1,119332
7290004063115,false,מלח עבה 1 קג,סלית,,"מלח עבה 1 ק""ג",קילוגרמים,1.00,"ק""ג",false,1,1.70,1.7000,true,1,119042
7290004064082,false,מלח הארץ טבעי 250 גר,מלח הארץ,,מלח הארץ טבעי 250 גר,גרמים,250.00,100 גרם,false,1,12.90,5.1600,true,1,132286
7290004064099,false,מלח הארץ מהרי ההימלא,מלח הארץ,,מלח הארץ מהרי ההימלאיה 250 גר,גרמים,300.00,100 גרם,false,1,15.90,5.3000,true,1,132284
7290004064174,false,מלח ההימלאיה דק בצנצ,מלח הארץ,,"מלח ההימלאיה דק בצנצנת 1 ק""ג",קילוגרמים,1.00,"ק""ג",false,1,15.90,15.9000,true,1,139255
7290004064181,false,מלח ההימלאיה גס בצנצ,מלח הארץ,,"מלח ההימלאיה גס בצנצנת 1 ק""ג",קילוגרמים,1.00,"ק""ג",false,1,15.90,15.9000,true,1,139254
7290004064297,false,מלח הארץ מעושר ביודב,,,"מלח הארץ מעושר ביודבצנצנת 1 ק""ג",קילוגרמים,1.00,"ק""ג",false,1,8.90,8.9000,true,1,150553
7290004064303,false,מלח הארץ אטלנטי בצנצ,,,מלח הארץ אטלנטי בצנצנת 800 גר,גרמים,800.00,100 גרם,false,1,17.90,2.2375,true,1,150552
7290004068011,false,יוגורט כבשים בדלי 5%,,,יוגורט כבשים בדלי 5% 600 גרם,גרמים,600.00,100 גרם,false,1,16.90,2.8167,true,1,128611
7290004068028,false,ציזיקי 500 מל,,,ציזיקי 500מל,מיליליטרים,500.00,"100 מ""ל",false,1,9.90,1.9800,true,1,128608
7290004068035,false,איירן 500 מל,,,איירן 500מל,מיליליטרים,500.00,"100 מ""ל",false,1,7.90,1.5800,true,1,128609
7290004068172,false,יוגורט עיזים בדלי 5%,,,יוגורט עיזים בדלי 5% 600 גרם,גרמים,600.00,100 גרם,false,1,16.90,2.8167,true,1,128610
7290004078690,false,נוזל לניקוי אסלות אג,Colgate - Belgium,,"אג""קס ג"" ל לשרותים 7",מיליליטרים,750.00,"100 מ""ל",false,1,14.90,1.9867,true,1,119043
7290004119010,false,גבינת שדה מותכת 25%,,,שדה 500,גרמים,500.00,100 גרם,false,1,12.90,2.5800,true,1,118803
7290004119225,false,יוגורט אננס 3% יופלה,,,50 3%יופלה אננס,גרמים,150.00,100 גרם,false,1,4.90,3.2667,true,1,118519
7290004119928,false,מעדן בטעם וניל קרלו,,,"קרלו וניל 125 ג""ר",מיליליטרים,125.00,"100 מ""ל",false,1,2.90,2.3200,true,1,118520
7290004119973,false,מעדן בטעם שוקו קרלו,,,"קרלו שוקו 125 מ""ל",גרמים,125.00,100 גרם,false,1,2.90,2.3200,true,1,119337
7290004120061,false,מעדן שוניל קרלו 125,,,מעדן קרלו שוניל 3% 1,גרמים,125.00,100 גרם,false,1,2.90,2.3200,true,1,119046
7290004120108,false,יוגורט דובדבן דיאט י,,,יופלה דיאט דובדבן,גרמים,150.00,100 גרם,false,1,4.90,3.2667,true,1,118872
7290004120566,false,גבינה בולגרית פיראוס,,,גבינה בולגרית פיראוס,גרמים,250.00,100 גרם,false,1,23.90,9.5600,true,1,118521
7290004120573,false,גבינה בולגרית פיראוס,,,גבינה בולגרית פיראוס,גרמים,250.00,100 גרם,false,1,23.90,9.5600,true,1,119047
7290004120634,false,גבינה בולגרית פיראוס,,,גבינה בולגרית פיראוס,גרמים,250.00,100 גרם,false,1,23.90,9.5600,true,1,118522
7290004121488,false,יוגורט אפרסק דיאט יו,,,יופלה דיאט אפרסק,גרמים,150.00,100 גרם,false,1,4.90,3.2667,true,1,119048
7290004121754,false,יוגורט בטעם עוגת גבי,,,יופלה עוגת גבינה ותו,גרמים,150.00,100 גרם,false,1,4.90,3.2667,true,1,119897
7290004121853,false,גבינת בולגרית 5% קוב,,,גבינה בולגרית פיראוס,גרמים,200.00,100 גרם,false,1,21.90,10.9500,true,1,119898
7290004122270,false,גבינה עמק פרוס בקופס,,,עמק פרוס בקופסא 200,גרמים,200.00,100 גרם,false,1,16.90,8.4500,true,1,119899
7290004122683,false,אצבעות גבינה צהובה ע,,,אצבעות עמק,גרמים,172.00,100 גרם,false,1,16.90,9.8256,true,1,118875
7290004124205,false,יוגורט תות דיאט יופל,,,יופלה דיאט תות,גרמים,150.00,100 גרם,false,1,4.90,3.2667,true,1,118524
7290004125370,false,שמנת חמוצה 9% 200 גר,,,שמנת חמוצה 9% 200 גר,מיליליטרים,200.00,"100 מ""ל",false,1,3.90,1.9500,true,1,118810
7290004125400,false,אשל לבן 4.5% 200 מל,,,אשל שלי,מיליליטרים,200.00,"100 מ""ל",false,1,1.69,0.8450,true,1,118878
7290004125417,false,גיל לבן 3% 200 מל,,,גיל שלי,מיליליטרים,200.00,"100 מ""ל",false,1,1.51,0.7550,true,1,119340
7290004125455,false,שמנת חמוצה 15% 200 מ,,,שמנת חמוצה,מיליליטרים,200.00,"100 מ""ל",false,1,2.40,1.2000,true,1,119051
7290004125462,false,שמנת חמוצה 500 גר,,,שמנת חמוצה 500 גר,מיליליטרים,500.00,"100 מ""ל",false,1,6.00,1.2000,true,1,119204
7290004125509,false,שמנת חמוצה 15% תנובה,,,"שמנת חמוצה 15% תנובה 100 מ""ל",מיליליטרים,100.00,"100 מ""ל",false,1,1.70,1.7000,true,1,118879
7290004125578,false,משקה סויה מועשר בסיד,,,משקה סויה בוקר,ליטרים,1.00,ליטר,false,1,9.90,9.9000,true,1,118525
7290004125585,false,משקה סויה בטעם וניל,,,משקה סויה וניל,ליטרים,1.00,ליטר,false,1,10.90,10.9000,true,1,118811
7290004125721,false,שמנת לבישול 15% השף,,,שמנת לבישול 15% השף,מיליליטרים,250.00,"100 מ""ל",false,1,8.50,3.4000,true,1,119341
7290004125738,false,שמנת מתוקה להקצפה 32,,,שמנת עמידה להקצפה 32,מיליליטרים,250.00,"100 מ""ל",false,1,6.90,2.7600,true,1,118880
7290004126674,false,גבינה טל העמק 9% 200,,,9% טל העמק,גרמים,200.00,100 גרם,false,1,19.90,9.9500,true,1,119900
7290004126759,false,יוגורט פירות יער דיא,,,יופלה דיאט פירות יער,גרמים,150.00,100 גרם,false,1,4.90,3.2667,true,1,119613
7290004127077,false,גבינת קוטג 3% 250 גר,,,קוטג 3% 250גר,גרמים,250.00,100 גרם,false,1,5.50,2.2000,true,1,119902
7290004127329,false,גבינת קוטג 5% 250 גר,,,"קוטג"" ""תנובה"" 5%",גרמים,250.00,100 גרם,false,1,5.50,2.2000,true,1,118541
7290004127336,false,גבינת קוטג תנובה 9%,,,"קוטג"" ""תנובה"" 9%",גרמים,250.00,100 גרם,false,1,5.50,2.2000,true,1,118542
7290004127800,false,גבינה למריחה 5% 500,,,גבינה למריחה 5% 500ג,גרמים,500.00,100 גרם,false,1,9.90,1.9800,true,1,119903
7290004127862,false,גבינה למריחה 5% 750,,,גבינה למריחה 5% 750,גרמים,750.00,100 גרם,false,1,14.90,1.9867,true,1,119614
7290004128364,false,קרם גבינת עם זיתים ש,,,קרם גבינת עם זיתים שמנת 5% 225 גר,גרמים,225.00,100 גרם,false,1,10.90,4.8444,true,1,119616
7290004129101,false,גבינת שמנת נפוליאון,,,גבינה נפוליאון,גרמים,225.00,100 גרם,false,1,13.90,6.1778,true,1,118882
7290004129118,false,גבינת שמנת זיתים נפו,,,גבינה נפוליאון,גרמים,225.00,100 גרם,false,1,13.90,6.1778,true,1,119343
7290004129156,false,גבינת שמנת נפוליאון,,,גבינה נפוליאון,גרמים,225.00,100 גרם,false,1,13.90,6.1778,true,1,118883
7290004130695,false,משקה חלב אייס קפה 1,,,שוק אייס קפה 1 ליטר,ליטרים,1.00,ליטר,false,1,11.90,11.9000,true,1,118885
7290004130916,false,יוגורט פירות יער 3%,,,יופלה פירות יער בשמנ,גרמים,150.00,100 גרם,false,1,4.90,3.2667,true,1,118543
7290004131074,false,חלב 3% קרטון 1 ל,,,חלב 3%קרטון,ליטרים,1.00,ליטר,false,1,6.23,6.2300,true,1,119207
7290004131432,false,יוגורט ביו טבעי 3% י,,,יופלה לבן 3%,גרמים,200.00,100 גרם,false,1,3.90,1.9500,true,1,119209
7290004131456,false,יוגורט ביו לבן 1.5%,,,יופלה לבן 1.5%,גרמים,200.00,100 גרם,false,1,3.90,1.9500,true,1,119210
7290004131814,false,גבינת פיראוס צפתית מ,,,גבינת פיראוס צפתית מ,גרמים,200.00,100 גרם,false,1,14.90,7.4500,true,1,118887
7290004132552,false,משקה סויה טבעי לייט,,,משקה סויה טבעי לייט 1 ל,ליטרים,1.00,ליטר,false,1,10.90,10.9000,true,1,119053
7290004132712,false,אצבעות גבינת מוצרלה,,,אצבעות עמק,גרמים,172.00,100 גרם,false,1,16.90,9.8256,true,1,118820
7290004133511,false,יוגורט מעודן 1.5% יו,,,יופלה לבן מעודן מאגד,גרמים,1200.00,100 גרם,false,1,21.90,1.8250,true,1,118823
7290004134945,false,יוגורט מוקה 3% יופלה,,,יופלה מוקה 3%,גרמים,150.00,100 גרם,false,1,4.90,3.2667,true,1,119214
7290004135225,false,מעדן בטעם שוקולד דיא,,,מעדן תנובה דיאט שוקו,גרמים,150.00,100 גרם,false,1,3.90,2.6000,true,1,118552
7290004135614,false,גבינה בולגרית מעודנת,,,בולגרית פיראוס מעודנ,גרמים,250.00,100 גרם,false,1,23.90,9.5600,true,1,118889
7290004136154,false,משקה חלב אייס קפה 34,,,"שוק אייס קפה 340 מ""ל",מיליליטרים,340.00,"100 מ""ל",false,1,6.70,1.9706,true,1,119057
7290004136598,false,הפסקת אוכל חלב בטעם,,,מארז הפסקת אוכל,מיליליטרים,150.00,"100 מ""ל",false,1,8.90,5.9333,true,1,119620
7290004136857,false,מעדן גלי בטעם פטל 12,,,"ג""לי פטל",גרמים,125.00,100 גרם,false,1,2.50,2.0000,true,1,119347
7290004136864,false,מעדן גלי בטעם אננס 1,,,"ג""לי אננס עם חתיכות",גרמים,125.00,100 גרם,false,1,2.90,2.3200,true,1,118891
7290004136871,false,מעדן גלי בטעם אפרסק,,,"ג""לי אפרסק עם חתיכות",גרמים,125.00,100 גרם,false,1,2.90,2.3200,true,1,118843
7290004137021,false,שמנת לבישול 10% השף,,,שמנת לבישול מופחתת ש,מיליליטרים,250.00,"100 מ""ל",false,1,8.50,3.4000,true,1,119348
7290004137809,false,גבינת לאבנה פיראוס 5,,,"לאבנה 5% 250 ג""ר",גרמים,250.00,100 גרם,false,1,12.90,5.1600,true,1,119621
7290004199074,false,פלסטר,סאני פלסטר,,פלסטר,Unknown,0.00,Unknown,false,1,7.90,0.0000,true,1,119218
7290004199166,false,כפפות לטקס איזי טאץ,איזי טאצ',TH,כפפות,Unknown,0.00,Unknown,false,10,26.90,0.0000,true,1,119059
7290004199203,false,קיסמי שיניים מבמבוק,הוסטס,,קיסמי שיניים מבמבוק 300 גר,יחידה,300.00,יחידה,false,1,4.90,0.0163,true,1,119060
7290004199241,false,נרות חימום חסידים בק,חסידים,,נרות חימום חסידים בק,Unknown,0.00,Unknown,false,1,13.90,0.0000,true,1,119220
7290004199777,false,צימרוני אוזניים,כוטון סופט,,צימרוני אוזניים,Unknown,0.00,Unknown,false,1,9.90,0.0000,true,1,118892
7290004199784,false,כפפות לטקס סייף טאצ,,TH,"כפפות לטקס 100יח""",Unknown,0.00,Unknown,false,10,24.90,0.0000,true,1,158026
7290004199791,false,כפפות לטקס סייף טאצ,סייף טאצ,TH,100 כפפות לאטקס,Unknown,0.00,Unknown,false,10,24.90,0.0000,true,1,158025
7290004199807,false,כפפות לטקס סייף טאצ,סייף טאצ,TH,"כפפות לאטקס 100יח""",Unknown,0.00,Unknown,false,10,24.90,0.0000,true,1,158027
7290004200077,false,שקית הפתעה,,,שקית הפתעה,Unknown,0.00,Unknown,false,1,6.90,0.0000,true,1,119913
7290004200947,false,נר מנגן,,,נר מנגן,Unknown,0.00,Unknown,false,1,10.90,0.0000,true,1,119625
7290004200961,false,זיקוק דק,,,זיקוק דק,Unknown,0.00,Unknown,false,1,4.90,0.0000,true,1,119061
7290004219826,false,מלבין קפה הולנדי 440,פריסלנד,,מלבין קפה הולנדי 400,גרמים,440.00,100 גרם,false,1,19.90,4.5227,true,1,118893
7290004221409,false,רוטב חזרת 453 גר,וובר ספרינגפילד,,רוטב חזרת 453 גר,גרמים,453.00,100 גרם,false,1,24.90,5.4967,true,1,119223
7290004225285,false,גבינה בסגנון דנבלו 1,מאמן,,גבינה בסגנון דנאבלו 100 גר,גרמים,100.00,100 גרם,false,1,11.90,11.9000,true,1,125823
7290004228415,false,פיצה עבה סיציליה שגב,,,פיצה עבה סיציליה שגב 425 גר,גרמים,425.00,100 גרם,false,1,16.90,3.9765,true,1,162697
7290004228804,false,עלי סיגר 450 גר,,,עלי סיגר 450 גר,גרמים,450.00,100 גרם,false,1,12.90,2.8667,true,1,171042
7290004230081,false,קציצות עוף 800 גר,,,קציצות עוף 800 גר,גרמים,800.00,100 גרם,false,1,24.90,3.1125,true,1,156900
7290004256371,false,ריץ פרוס 400 גר,,,ריץ פרוס 400 גר,גרמים,400.00,100 גרם,false,,17.90,4.4750,true,1,154503
7290004419134,false,עוגת אוכמניות 400 גר,ברון מפעל לייצור עוג,,"עוגת אוכמניות 500 ג""",גרמים,400.00,100 גרם,false,1,38.90,9.7250,true,1,119939
7290004419141,false,עוגת דובדבן בשוקולד,ברון מפעל לייצור עוג,,עוגת דובדבן בשוקולד500 גר,גרמים,400.00,100 גרם,false,1,38.90,9.7250,true,1,119940
7290004419165,false,עוגת קרם ברולה 500 ג,ברון מפעל לייצור עוג,,עוגת קרם ברולה 500 ג,גרמים,500.00,100 גרם,false,1,38.90,7.7800,true,1,119941
7290004419370,false,עוגה עדינה וניל 400,ברון מפעל לייצור עוג,,עוגה עדינה וניל 400,גרמים,400.00,100 גרם,false,1,38.90,9.7250,true,1,119944
7290004419394,false,עוגה עדינה שוקולד 40,ברון מפעל לייצור עוג,,עוגה עדינה שוקולד 40,גרמים,400.00,100 גרם,false,1,38.90,9.7250,true,1,119945
7290004494315,false,יין דלתון מוסקט 750,דלתון,,יין דלתון מוסקאט 0.75ל,מיליליטרים,750.00,"100 מ""ל",false,1,39.90,5.3200,true,1,119961
7290004494919,false,יין דלתון כנען קברנה,דלתון,,כנען קברנה שיראז-דלתון 2015,מיליליטרים,750.00,"100 מ""ל",false,1,39.90,5.3200,true,1,134329
7290004502690,false,וודקה פינלנדיה 1 ל,,,פינלנדיה 1 ליטר,ליטרים,1.00,ליטר,false,1,89.90,89.9000,true,1,119965
7290004502997,false,וודקה פינלנדיה 500 מ,,,וודקה פינלנדיה 500 מ,מיליליטרים,500.00,"100 מ""ל",false,1,49.90,9.9800,true,1,119967
7290004584306,false,גבינה לבנה גמדים תות,STRAUSS-ISRAEL,,גבינה לבנה גמדים תות בננה 100 גר רביעיה,גרמים,400.00,100 גרם,false,1,10.90,2.7250,true,1,119984
7290004584351,false,גבינת סימפוניה טבעי,STRAUSS-ISRAEL,,גבינת סימפוניה טבעי,גרמים,200.00,100 גרם,false,1,10.90,5.4500,true,1,119985
7290004584528,false,יוגורט דנונה ביו 1.7,STRAUSS-ISRAEL,,יוגורט דנונה ביו 1.5,גרמים,200.00,100 גרם,false,1,3.60,1.8000,true,1,119986
7290004585907,false,מעדן חלב בטעם וניל ד,STRAUSS-ISRAEL,,מעדן דני וניל,גרמים,125.00,100 גרם,false,1,2.60,2.0800,true,1,119987
7290004658960,false,יין פרייבט קולקשן אמ,,,יין אמרלד ריזלינג לב,מיליליטרים,750.00,"100 מ""ל",false,1,39.90,5.3200,true,1,119992
7290004685010,false,לחם קל שיפון 100% 50,מאפיית לחם הארץ,,לחם קל שיפון 100% 500גר,גרמים,500.00,100 גרם,false,1,15.90,3.1800,true,1,126060
7290004685089,false,לחם חמניות 500 גר,מאפיית לחם הארץ,,לחם חמניות 500 גר,גרמים,500.00,100 גרם,false,1,15.90,3.1800,true,1,125608
7290004685126,false,לחם 5 דגנים פרוס לחם,מאפיית לחם הארץ,,"לחם 5 דגנים 750 גר""",גרמים,750.00,100 גרם,false,1,15.90,2.1200,true,1,119994
7290004685157,false,לחם שיפון 100% 750 ג,מאפיית לחם הארץ,,לחם שיפון 100% 750 ג,גרמים,750.00,100 גרם,false,1,15.90,2.1200,true,1,119997
7290004685195,false,לחם 10 דגנים פרוס לח,מאפיית לחם הארץ,,"לחם 10 דגנים 750 גר""",גרמים,750.00,100 גרם,false,1,14.90,1.9867,true,1,119998
7290004685225,false,לחם מקמח שיפון מלא 7,מאפיית לחם הארץ,,לחם מקמח שיפון מלא 750,גרמים,750.00,100 גרם,false,1,15.90,2.1200,true,1,120000
7290004685430,false,לחם ברמן כוסמין 100%,,,לחם ברמן כוסמין 100% 750גר,גרמים,750.00,100 גרם,false,1,15.90,2.1200,true,1,136501
7290004685454,false,לחם שיבולת שועל 500,,,לחם שיבולת שועל 500 גר,גרמים,500.00,100 גרם,false,1,16.90,3.3800,true,1,164241
7290004685478,false,פיתות כוסמין 10 יח,,,פיתות כוסמין 10 יח,Unknown,0.00,Unknown,false,1,16.90,0.0000,true,1,170073
7290004731076,false,אל סבון אלוורה כיף 1,,,כיף 1ליטר אלוורה,ליטרים,1.00,ליטר,false,1,11.90,11.9000,true,1,120002
7290004731083,false,אל סבון גינסנג כיף 1,,,"אל סבון כיף ג""נסינג",ליטרים,1.00,ליטר,false,1,11.90,11.9000,true,1,120003
7290004731472,false,אל סבון צבעוני כיף ש,,,אלסבון כיף שלישייה צ,מיליליטרים,1500.00,"100 מ""ל",false,1,16.90,1.1267,true,1,120010
7290004731519,false,סנו מקסימה למייבש סנ,,,סנו מקסימה למייבש סנ,מיליליטרים,750.00,"100 מ""ל",false,1,18.90,2.5200,true,1,120011
7290004731564,false,מקסימה למייבש בלו בל,,,סנו מקסימה מבשם ומרכך למייבש הכביסה BLUE,מיליליטרים,750.00,"100 מ""ל",false,1,18.90,2.5200,true,1,137379
7290004762827,false,קרוטונים למרק 250 גר,חטיפים מן הטבע,,קרוטונים למרק 250 גר,גרמים,250.00,100 גרם,false,1,9.90,3.9600,true,1,120021
7290004846558,false,אצבעות אנטריקוט 450,,,אצבעות אנטריקוט 450 גר,גרמים,450.00,100 גרם,false,1,31.90,7.0889,true,1,157120
7290004955397,false,פלדלפיה 110 גר,,,פלדלפיה 110 גר,גרמים,110.00,100 גרם,false,1,9.90,9.0000,true,1,165139
7290004955649,false,פירורי לחם 450 גר,,,פירורי לחם 450 גר,גרמים,450.00,100 גרם,false,1,5.90,1.3111,true,1,154410
7290004955762,false,טחינה 450 גר,,,טחינה 450 גר,גרמים,450.00,100 גרם,false,1,11.90,2.6444,true,1,164701
7290005020162,false,ויסקי בלנטיינס 700 מ,,,"ויסקי בלנטיינס 700 מ""ל",מיליליטרים,700.00,"100 מ""ל",false,1,89.90,12.8429,true,1,120060
7290005053023,false,רזנקה 1 ל,,,"רז""נקה 3% 1ל""",ליטרים,1.00,ליטר,false,1,14.90,14.9000,true,1,146020
7290005053054,false,גבינת שמנת 42% 300 ג,,,"שמנת סליבקי 300 גר""",גרמים,300.00,100 גרם,false,1,14.90,4.9667,true,1,146022
7290005053078,false,קפיר 1 ל,,,"קפיר 3% 1ל""",ליטרים,1.00,ליטר,false,1,14.90,14.9000,true,1,146023
7290005053085,false,שמנת חמוצה 15% 500 ג,,,שמנת חמוצה 15% 500 גר,גרמים,500.00,100 גרם,false,1,11.90,2.3800,true,1,120067
7290005068058,false,גרעיני תירס קל 550 ג,"פרי הגליל בע""""מ",,גרעיני תירס קל 550 גר,גרמים,550.00,100 גרם,false,1,6.90,1.2545,true,1,120068
7290005068447,false,גרעיני תירס קל 340 ג,"פרי הגליל בע""""מ",,גרעיני תירס קל 340 גר,גרמים,340.00,100 גרם,false,1,5.90,1.7353,true,1,120069
7290005068553,false,לקט בורגנדי 700 גר,"פרי הגליל בע""""מ",,"לקט בורגנדי 700 גר""",גרמים,700.00,100 גרם,false,1,9.90,1.4143,true,1,120071
7290005084355,false,משחת שיניים סנסודיין,,,משחת שיניים סנסודיין דואל קר 75 מל,מיליליטרים,75.00,"100 מ""ל",false,1,20.90,27.8667,true,1,120074
7290005095061,false,נר נשמה 24 שעות פחית,,,חטיף 0 גר,Unknown,0.00,Unknown,false,1,1.90,0.0000,true,1,120075
7290005095092,false,כוסות נייר לשתייה חמ,,,כוסות נייר לשתייה חמה 50 יח,Unknown,0.00,Unknown,false,1,7.90,0.0000,true,1,136460
7290005095269,false,נרות חימום שקד 50 יח,,,נרות חימום שקד 50 יח,Unknown,0.00,Unknown,false,1,12.90,0.0000,true,1,135143
7290005095351,false,סט קופסאות אחסון 3 י,,,"סט קופסאות אחסון 3 יח 500 מ""ל",Unknown,0.00,Unknown,false,1,11.90,0.0000,true,1,151020
7290005095368,false,סט קופסאות אחסון 3 י,,,סט קופסאות אחסון 3 יח,Unknown,0.00,Unknown,false,1,11.90,0.0000,true,1,151019
7290005095375,false,כוסות לשתייה קרה 100,,,כוסות לשתייה קרה 100 יח,Unknown,0.00,Unknown,false,1,6.90,0.0000,true,1,136461
7290005095450,false,נר נשמה 26 שעות בזכו,,,נר נשמה 26 שעות בזכוכית,Unknown,0.00,Unknown,false,1,3.90,0.0000,true,1,148112
7290005095504,false,מצית גדול לכיריים,דובק,,מצית גדול לכיריים,Unknown,0.00,Unknown,false,1,14.90,0.0000,true,1,126202
7290005095801,false,רוטב עמבה עם פרי 500,,,רוטב עמבה עם פרי 500 גר,גרמים,500.00,100 גרם,false,1,14.90,2.9800,true,1,137472
7290005095948,false,חנוכייה בינונית,"יודאיקה סנטר בע""מ",,חנוכייה בינונית,Unknown,0.00,Unknown,false,1,17.90,0.0000,true,1,120082
7290005113956,false,מלפפון במלח בתיבול ב,,,מלפפון במלח בתיבול ביתי פיקנטי 1.7 קג,קילוגרמים,1.70,"ק""ג",false,1,24.90,14.6471,true,1,170986
7290005174551,false,סלט חומוס יום יום 12,STRAUSS-ISRAEL,,סלט חומוס יום יום 12,גרמים,125.00,100 גרם,false,1,4.90,3.9200,true,1,120089
7290005174575,false,סלט טחינה יום יום 12,STRAUSS-ISRAEL,,סלט טחינה יום יום 12,גרמים,125.00,100 גרם,false,1,4.90,3.9200,true,1,120091
7290005175428,false,קמח תירס אינסטנט 500,ריבארה,,קמח תירס אינסטנט 500,גרמים,500.00,100 גרם,false,1,5.90,1.1800,true,1,120093
7290005175589,false,קמח תירס 1 קג,ריבארה,,"קמח תירס 1 ק""ג",קילוגרמים,1.00,"ק""ג",false,1,9.90,9.9000,true,1,120094
7290005197758,false,עוגיות סנדביץ שוקו ח,אפיפית נצרת תעשיות ב,,"חיוכים שוקו 150 ג""ר",גרמים,150.00,100 גרם,false,1,4.90,3.2667,true,1,120096
7290005199578,false,קפה נמס פלטינום נטול,STRAUSS-ISRAEL,,קפה נמס פלטינום נטול,גרמים,200.00,100 גרם,false,1,29.90,14.9500,true,1,120101
7290005199738,false,מסטיק מאסט בטעם פפרמ,STRAUSS-ISRAEL,,מסטיק מאסט בטעם פפרמינט 28 גר,גרמים,28.00,100 גרם,false,16,3.90,13.9286,true,1,120103
7290005200786,false,חטיף תפוציפס שמנת וב,STRAUSS-ISRAEL,,"תפוצ""יפס שמנת ובצל 50גר",גרמים,50.00,100 גרם,false,1,3.90,7.8000,true,1,120104
7290005201455,false,קפה נמס ארומה קלאסי,STRAUSS-ISRAEL,,"קפה נמס ארומה 200 ג""",גרמים,200.00,100 גרם,false,1,21.90,10.9500,true,1,120106
7290005201882,false,קפה טורקי קלוי וטחון,STRAUSS-ISRAEL,,עלית טורקי שקית 200,גרמים,200.00,100 גרם,false,1,14.90,7.4500,true,1,120107
7290005271410,false,ביצים 12 יח L,,,"ביצים 12 יח"" L",Unknown,0.00,Unknown,false,1,12.05,0.0000,true,1,120112
7290005271427,false,ביצים 12 יח M,,,"ביצים 12 יח"" M",Unknown,0.00,Unknown,false,1,11.15,0.0000,true,1,120113
7290005271656,false,ביצים אומגה 3 לבן 20,,,ביצים אומגה 3 לבן 20 יח XL,Unknown,0.00,Unknown,false,1,34.90,0.0000,true,1,125522
7290005271755,false,ביצים L חופש 12 יח,,,ביצים L חופש 12 יח,Unknown,0.00,Unknown,false,1,18.90,0.0000,true,1,138247
7290005271786,false,ביצים 30 יח M,,,ביצים 30 יח M,Unknown,0.00,Unknown,false,1,27.87,0.0000,true,1,133842
7290005287206,false,נתחי טונה בשמן סטארק,,,רביעיית טונה סטארקיס,גרמים,640.00,100 גרם,false,1,22.90,3.5781,true,1,120125
7290005287251,false,נתחי טונה במים סטארק,,,רביעיית טונה סטארקיס,גרמים,640.00,100 גרם,false,1,22.90,3.5781,true,1,120126
7290005296260,false,רסס נגב אסטוניש ירוק,אסטוניש,,"רסס נגב אסטוניש ירוק/תפוז אדום 750 מ""ל",מיליליטרים,750.00,"100 מ""ל",false,1,10.90,1.4533,true,1,135485
7290005317200,false,קרקר טופז רגיל הדר 1,,,קרקר טופז רגיל הדר 110 גר,גרמים,110.00,100 גרם,false,1,3.90,3.5455,true,1,120133
7290005326585,false,פסטו בזיליקום אוליבי,אוליביה,,פסטו בזיליקום אוליביה 180 גר,גרמים,180.00,100 גרם,false,1,11.90,6.6111,true,1,143307
7290005384837,false,מיץ לימון 500 מל,דריבדוס סיטרוס,,מיץ לימון 500מל,מיליליטרים,500.00,"100 מ""ל",false,1,6.90,1.3800,true,1,120137
7290005423055,false,נוזל מרוכז לניקוי בנ,,,מתז פורטה פלוס בניחוח לימון XL סנו 1 ל,ליטרים,1.00,ליטר,false,12,13.90,13.9000,true,1,149064
7290005423369,false,תחליב דוחה יתושים קי,,,תחליב דוחה יתושים קידס,Unknown,0.00,Unknown,false,12,19.90,0.0000,true,1,155845
7290005423567,false,מטליות לניקוי כללי ב,,,סנו סושי 30 בגליל צה,Unknown,0.00,Unknown,false,1,18.90,0.0000,true,1,120152
7290005423734,false,מרכך כביסה סנו מקסימ,,,מרכך כביסה סנו מקסימה 4 ל,ליטרים,4.00,ליטר,false,1,21.90,5.4750,true,1,120154
7290005423871,false,משחת שיניים מנטה שלי,,,אורביטול משחת שיניים,גרמים,435.00,100 גרם,false,1,17.90,4.1149,true,1,120156
7290005423888,false,אל סבון מועשר בלחות,,,אלסבון כיף שלישייה מ,מיליליטרים,1500.00,"100 מ""ל",false,1,14.90,0.9933,true,1,120157
7290005423918,false,מרכך כביסה סנו מקסימ,,,מרכך כביסה סנו מקסימ,ליטרים,4.00,ליטר,false,1,21.90,5.4750,true,1,120158
7290005424403,false,אל סבון נוזלי אצות י,,,1אלסבון כיף לי,ליטרים,1.00,ליטר,false,1,11.90,11.9000,true,1,120162
7290005424755,false,מטליות ריצפז פלוס דו,,,מטליות לחות לניקוי רצפות סנו דוחה תיקני,Unknown,0.00,Unknown,false,1,13.90,0.0000,true,1,143216
7290005424762,false,ריצפז פלוס דוחה תיקנ,,,ריצפז פלוס דוחה תקינ,ליטרים,2.00,ליטר,false,1,25.90,12.9500,true,1,120166
7290005424847,false,מפיות אירוח איכותיות,,,סנו סופט מפיות לבן 1,Unknown,0.00,Unknown,false,1,6.90,0.0000,true,1,120170
7290005424991,false,פרש אוטומטיק בניחוח,,,סנו פרש אוטומטיק בניחוח בייבי פאודר,מיליליטרים,250.00,"100 מ""ל",false,12,14.90,5.9600,true,1,153340
7290005425646,false,סנו קליר 1 ל,,,סנו קליר 1 ליטר,ליטרים,1.00,ליטר,false,1,9.90,9.9000,true,1,120181
7290005426230,false,מטלית הפלא לרצפה סנו,,,סנו סושי מטלית הפלא,Unknown,0.00,Unknown,false,1,11.90,0.0000,true,1,120189
7290005426575,false,קרם לחות לשיער יבש,,,לחות קרמה לשיער יבש,מיליליטרים,400.00,"100 מ""ל",false,1,16.90,4.2250,true,1,120196
7290005426964,false,סנובון כחול אפרסק של,,,סנובון כחול שלישייה,גרמים,165.00,100 גרם,false,1,12.90,7.8182,true,1,120203
7290005427107,false,מגבות הפלא סנו סושי,,,סנו סושי מגבות הפלא,Unknown,0.00,Unknown,false,1,11.90,0.0000,true,1,120205
7290005427985,false,תחליב רחצה קרמה לפני,,,תחליב רחצה פנים פילי,מיליליטרים,180.00,"100 מ""ל",false,1,14.90,8.2778,true,1,120233
7290005429286,false,אבקת כביסה מקסימה בי,,,אבקת כביסה סנו מקסימ,קילוגרמים,6.00,"ק""ג",false,1,39.90,6.6500,true,1,120241
7290005430602,false,ספריי להסרת כתמים סנ,,,"סנו אוקסיג""ן מסיר כת",מיליליטרים,750.00,"100 מ""ל",false,1,17.90,2.3867,true,1,120245
7290005431159,false,מעדן תותים בקצפת ליי,,,מעדן תותים בקצפת לייט 80 גר,גרמים,80.00,100 גרם,false,12,6.90,8.6250,true,1,166078
7290005431883,false,קינוח מלבי חלבי עדן,,,קינוח מלבי חלבי 165 גר,גרמים,165.00,100 גרם,false,1,6.90,4.1818,true,1,155362
7290005431913,false,עוגת גבינה פירורים ע,,,עוגת גבינה פירורים 92 גר,גרמים,92.00,100 גרם,false,1,6.90,7.5000,true,1,155365
7290005431920,false,עוגת גבינה פירורים ל,,,עוגת גבינה פירורים לייט 78 גר,גרמים,78.00,100 גרם,false,1,6.90,8.8462,true,1,155364
7290005431937,false,קינוח טירמיסו עדן 82,,,קינוח טירמיסו 82 גר,גרמים,82.00,100 גרם,false,1,6.90,8.4146,true,1,155361
7290005431968,false,קינוח מלבי שמנת עדן,,,מלבי שמנת 150 גר,גרמים,150.00,100 גרם,false,12,6.90,4.6000,true,1,158237
7290005559709,false,בורקס פיצה 700 גר,,,"בורקס פיצה 700 ג""ר",גרמים,700.00,100 גרם,false,1,25.90,3.7000,true,1,120264
7290005559907,false,פיצה משפחתית גבינה 5,,,פיצה משפחתית גבינה 500 גר,גרמים,500.00,100 גרם,false,1,19.90,3.9800,true,1,120266
7290005559914,false,פיצה משפחתית זיתים 5,,,פיצה משפחתית זיתים 550 גר,גרמים,550.00,100 גרם,false,1,19.90,3.6182,true,1,120267
7290005559990,false,בצק פילאס תורכי 600,,,בצק פילאס תורכי 600,גרמים,600.00,100 גרם,false,1,19.90,3.3167,true,1,120269
7290005591761,false,דבש טהור לחיץ יד מרד,STRAUSS-ISRAEL,,"דבש טהור לחיץ 400 ג""",גרמים,400.00,100 גרם,false,1,20.90,5.2250,true,1,120274
7290005651069,false,לה קט מיקס 2.85 קג,,,"לה קט מיקס 2.85 ק""ג",קילוגרמים,2.85,"ק""ג",false,1,57.90,20.3158,true,1,120281
7290005651366,false,מזון כלבים כבד בונזו,,,"בונזו בטעם כבד 3 ק""ג",קילוגרמים,3.00,"ק""ג",false,1,49.90,16.6333,true,1,120282
7290005651427,false,מזון כלבים כבד ברווז,,,בונזו מולטיפק 3*400,קילוגרמים,1.20,"ק""ג",false,1,21.90,18.2500,true,1,120283
7290005680052,false,טמפון או. בי. סופר פ,Johnson Toilet-IT,,טמפון או. בי. סופר פ,Unknown,0.00,Unknown,false,1,19.90,0.0000,true,1,120284
7290005686405,false,בננה ציפס 200 גר,,,בננה ציפס 200 גר,גרמים,200.00,100 גרם,false,1,7.90,3.9500,true,1,155258
7290005686436,false,תפוח עץ מיובש ששון ה,"דין שיווק וקליה בע""מ",,תפוח עץ מיובש ששון הקולה 200 גר,גרמים,200.00,100 גרם,false,1,11.90,5.9500,true,1,146538
7290005719783,false,סוכריות שוקולד 200 ג,,,סוכריות שוקולד 200 גר,גרמים,200.00,100 גרם,false,1,9.90,4.9500,true,1,158655
7290005786006,false,קרפלך האיש עם השפם 1,שבע-תעשיות בצקים קפו,,קרפלך ידני 600 גר,קילוגרמים,1.00,"ק""ג",false,20,38.90,38.9000,true,1,120294
7290005786020,false,קרפלך תפוא 1 קג,שבע-תעשיות בצקים קפו,,קרפלך תפוא 1 קג,קילוגרמים,1.00,"ק""ג",false,1,26.90,26.9000,true,1,129849
7290005786068,false,בלינצס גבינה מתוקה ו,שבע-תעשיות בצקים קפו,,בלינצס גבינה מתוקה וצימוקים 600 גר,גרמים,600.00,100 גרם,false,1,32.90,5.4833,true,1,129853
7290005786075,false,קרפלך סאן סאניץ בשר,שבע-תעשיות בצקים קפו,,קרפלך סאן סאניץ בשר עוף 1 קג,קילוגרמים,1.00,"ק""ג",false,1,39.90,39.9000,true,1,129848
7290005786082,false,קרפלך בשר אליטה 1 קג,,,קרפלך בשר אליטה 1 קג,קילוגרמים,1.00,"ק""ג",false,1,43.90,43.9000,true,1,142921
7290005786099,false,קרפלך שבע עגל 1 קג,שבע-תעשיות בצקים קפו,,קרפלך שבע עגל 600 גר,קילוגרמים,1.00,"ק""ג",false,1,39.90,39.9000,true,1,147442
7290005786105,false,קרפלך כבש 1 קג,שבע-תעשיות בצקים קפו,,קרפלך שבע כבש 1 קג,קילוגרמים,1.00,"ק""ג",false,1,43.90,43.9000,true,1,148093
7290005786129,false,בלינצס בשר 600 גר,שבע-תעשיות בצקים קפו,,בלינצס בשר 600 גר,גרמים,600.00,100 גרם,false,1,32.90,5.4833,true,1,129851
7290005786136,false,בלינצס תפוא ופטריות,שבע-תעשיות בצקים קפו,,"בלינצס תפו""א ופטריות 600 גר",גרמים,600.00,100 גרם,false,1,32.90,5.4833,true,1,129852
7290005786204,false,קרפלך ילדים 600 גר,נוריס,,קרפלך ילדים 600 גר,גרמים,600.00,100 גרם,false,1,20.90,3.4833,true,1,125395
7290005786730,false,קרפלך 3 חזרזירים 1 ק,,,"קרפלך 3 חזרזירים 1 ק""ג",קילוגרמים,1.00,"ק""ג",false,1,41.90,41.9000,true,1,149354
7290005786983,false,קרפלך רווק 1 קג,שבע-תעשיות בצקים קפו,,"קרפלך רווק 1 ק""ג",קילוגרמים,1.00,"ק""ג",false,1,41.90,41.9000,true,1,138103
7290005786990,false,קרפלך 10 500 גר,,,"קרפלך 3 חזרזירים 1 ק""ג",גרמים,500.00,100 גרם,false,1,10.00,2.0000,true,1,143570
7290005838002,false,מעדן גבינה דניאלה,STRAUSS-ISRAEL,,מעדן גבינה דניאלה,גרמים,88.00,100 גרם,false,1,4.10,4.6591,true,1,120298
7290005838613,false,מעדן גבינה סקי וניל,STRAUSS-ISRAEL,,"סקי וניל 125 ג""ר",גרמים,125.00,100 גרם,false,1,3.70,2.9600,true,1,120299
7290005839078,false,יוגורט לבן טבעי ביו,STRAUSS-ISRAEL,,מארז דנונה ביו 3% 15,קילוגרמים,1.20,"ק""ג",false,1,15.90,13.2500,true,1,120301
7290005839108,false,גבינת סימפוניה 5% עם,STRAUSS-ISRAEL,,גבינת סימפוניה 5% עם,גרמים,200.00,100 גרם,false,1,10.90,5.4500,true,1,120302
7290005839313,false,מעדן מילקי טופ מגולג,STRAUSS-ISRAEL,,מעדן מילקי טופ מגולגלת 141 גר,גרמים,141.00,100 גרם,false,1,4.70,3.3333,true,1,120303
7290005896415,false,בירה איגל ירוק פחית,,,"בירה איגל ירוק פחית 500 מ""ל",מיליליטרים,500.00,"100 מ""ל",false,1,6.90,1.3800,true,1,120305
7290005896439,false,בירה מכבי בק חוזר 50,,,"בירה ""מכבי"" בק"" חוזר",מיליליטרים,500.00,"100 מ""ל",false,1,7.90,1.5800,true,1,120306
7290005896453,false,בירה מכבי 7.9% בק חו,,,"בירה ""מכבי"" 7.9% בק"" חוזר 500 מ""ל",מיליליטרים,500.00,"100 מ""ל",false,1,7.90,1.5800,true,1,134151
7290005896460,false,בירה איגל איגל פחית,,,"בירה איגל איגל פחית 500 מ""ל",מיליליטרים,500.00,"100 מ""ל",false,1,7.90,1.5800,true,1,139464
7290005896620,false,מים סאן בנדטו מוגז 1,,,מים סאן בנדטו מוגז 1,ליטרים,1.50,ליטר,false,1,3.90,2.6000,true,1,120307
7290005896637,false,מים סן בנדטו בודד,,,מים סן בנדטו בודד,Unknown,0.00,Unknown,false,1,3.90,0.0000,true,1,120308
7290005938245,false,פסטו קלאסי 220 גר,פרסקו,,פסטו קלאסי 220 גר,גרמים,220.00,100 גרם,false,1,18.90,8.5909,true,1,125419
7290005966033,false,יין הר חרמון לבן 750,יקב רמת הגולן,,"יין ""הר חרמון"" לבן",מיליליטרים,750.00,"100 מ""ל",false,1,32.90,4.3867,true,1,120313
7290005966088,false,יין הר חרמון אדום 75,יקב רמת הגולן,,"יין ""הר חרמון"" אדום",מיליליטרים,750.00,"100 מ""ל",false,1,32.90,4.3867,true,1,120314
7290005966347,false,יין גמלא סוביניון בל,יקב רמת הגולן,,"יין ""גמלא"" סוביניון",Unknown,0.00,Unknown,false,1,59.90,0.0000,true,1,120316
7290005992018,false,יוגורט עיזים 3% 500,,,יוגורט עיזים 3% 500,גרמים,500.00,100 גרם,false,1,11.90,2.3800,true,1,120323
7290005992575,false,גבינה בולגרית למריחה,,,בולגרית למריחה 5% 250גר,גרמים,250.00,100 גרם,false,1,14.90,5.9600,true,1,120325
7290005992735,false,גבינת לאבנה טבעית 5%,,,לבנה טבעי 5% 250 גרם,גרמים,250.00,100 גרם,false,1,11.90,4.7600,true,1,120326
7290005996009,false,סלמי גלילי מעושן 400,,,סלמי גלילי מעושן 400 גר,גרמים,400.00,100 גרם,false,1,22.90,5.7250,true,1,150562
7290005996078,true,סרוולט הונגרי יחיעם,,,סרוולט הונגרי יחיעם 125 גר,גרמים,125.00,100 גרם,false,,24.90,19.9200,true,1,156391
7290005996153,false,נקניקיות צרפתיות פרמ,,,נקניקיות צרפתיות פרמיום יחיעם 280 גר,גרמים,280.00,100 גרם,false,1,23.90,8.5357,true,1,154876
7290005996221,false,פסטרמה של פעם דק דק,,,פסטרמה של פעם דק דק 120 גר,גרמים,120.00,100 גרם,false,1,14.90,12.4167,true,1,157510
7290005996276,false,פסטרמה ברביקיו דק דק,,,פסטרמה ברביקיו דק דק 120 גר,גרמים,120.00,100 גרם,false,1,14.90,12.4167,true,1,157511
7290005996740,false,סלמי פפרוני 300 גר,מעדני יחיעם 1993,,סלמי פפרוני 300 גר,גרמים,300.00,100 גרם,false,1,23.90,7.9667,true,1,163535
7290005996825,false,נקניקיות בקר 280 גר,מעדני יחיעם 1993,,נקניקיות בקר 280 גר,גרמים,280.00,100 גרם,false,1,24.90,8.8929,true,1,163536
7290006218131,false,מיני סמבוסק מניה עם,מעדני מניה תעשיות בש,,מיני סמבוסק מניה עם בשר 500 גר,גרמים,500.00,100 גרם,false,1,32.90,6.5800,true,1,137283
7290006218872,false,קרפלך ביתי בשר 800 ג,,,קפלצו עם בשר,גרמים,800.00,100 גרם,false,1,28.90,3.6125,true,1,141485
7290006229427,false,מים מינרליים סאן בנא,,,שישיית סן בנדטו 500,ליטרים,3.00,ליטר,false,1,13.90,4.6333,true,1,120328
7290006229588,false,בירה איגל זהב פחית 5,,,"בירה איגל זהב פחית 500 מ""ל",מיליליטרים,500.00,"100 מ""ל",false,1,6.90,1.3800,true,1,120329
7290006241511,false,מיץ לימון נענע קפוא,,,מיץ לימון נענע קפוא,גרמים,340.00,100 גרם,false,1,15.90,4.6765,true,1,120334
7290006241535,false,מיץ מנגו קפוא 340 גר,,,"מיץ מנגו קפוא 340 מ""",גרמים,340.00,100 גרם,false,1,15.90,4.6765,true,1,120335
7290006251107,false,תה ציאי מסאלה 25 שק,,,"תה ציאי מסאלה 25 שק""",גרמים,50.00,100 גרם,false,1,16.90,33.8000,true,1,120340
7290006251282,false,תה גן הקסום חמוציות,,,"""הגן הקסום"" נפלאות ה",גרמים,75.00,100 גרם,false,1,17.90,23.8667,true,1,120343
7290006251343,false,תה גן הקסום פסיפלורה,,,"""הגן הקסום"" מנגו פסי",גרמים,63.00,100 גרם,false,1,17.90,28.4127,true,1,120344
7290006251374,false,תה ירוק לימונית גינג,,,"תה ירוק לימונית וג""י",גרמים,38.00,100 גרם,false,1,24.90,65.5263,true,1,120345
7290006251589,false,תה ירוק נענע 50 שק,,,"תה ירוק נענע 50 שק""",גרמים,75.00,100 גרם,false,1,39.90,53.2000,true,1,120346
7290006256089,false,יין גאטו נגרו קברנה,,,גאטו נגרו קברנה,מיליליטרים,750.00,"100 מ""ל",false,1,39.90,5.3200,true,1,159269
7290006256102,false,יין גאטו נגרו מרלו 7,,,גאטו נגרו מרלו,מיליליטרים,750.00,"100 מ""ל",false,1,39.90,5.3200,true,1,159270
7290006256775,false,יין גאטו נגרו מלבק 7,,,יין מרלו גאטו נגרו,מיליליטרים,750.00,"100 מ""ל",false,1,39.90,5.3200,true,1,159268
7290006265500,false,פטריות ארוזות,מרינה פטריות הגליל,,פטריות ארוזות,Unknown,0.00,Unknown,false,1,7.90,0.0000,true,1,120350
7290006265890,false,נבטי חמניה יח,מרינה פטריות הגליל,,יח נבטי חמניה,Unknown,0.00,Unknown,false,1,8.90,0.0000,true,1,120355
7290006271181,false,גחנון אפוי 750 גר,,,"ג""חנון אפוי 750 ג""ר",גרמים,750.00,100 גרם,false,1,22.90,3.0533,true,1,120367
7290006271648,false,מיני בורקס תפוחי אדמ,,,"מיני בורקס תפו""א מוז",גרמים,800.00,100 גרם,false,1,19.90,2.4875,true,1,120369
7290006271655,false,מיני בורקס גבינה 800,,,מיני בורקס גבינה מוז,גרמים,800.00,100 גרם,false,1,19.90,2.4875,true,1,120370
7290006272072,false,חטיפי פיצה מוזל 650,,,חטיפי פיצה מוזל 650,גרמים,650.00,100 גרם,false,1,29.90,4.6000,true,1,120373
7290006299215,false,יין מוזס קברנה סובינ,,,יין מוזס קברנה סוביניון חצי יבש 750 מל,מיליליטרים,750.00,"100 מ""ל",false,1,36.90,4.9200,true,1,172975
7290006299239,false,יין גייקוב ריזלינג ח,,,יין גייקוב ריזלינג חצי יבש 750 מל,מיליליטרים,750.00,"100 מ""ל",false,1,36.90,4.9200,true,1,172976
7290006299499,false,יין יושוא פטיט סירה,,,יין יושוא פטיט סירה יבש 750 מל,מיליליטרים,750.00,"100 מ""ל",false,1,36.90,4.9200,true,1,172978
7290006306319,false,רביולי בטטה 400 גר,,,רביולי בטטה 400 גרי,גרמים,400.00,100 גרם,false,1,22.90,5.7250,true,1,126577
7290006322104,false,לחם ריחיים קל פרוס 5,,,לחם ריחיים קל פרוס,גרמים,500.00,100 גרם,false,1,9.90,1.9800,true,1,120378
7290006322111,false,לחמניות ריחיים שישיי,,,לחמניות ריחיים שישייה 450 גר,גרמים,450.00,100 גרם,false,1,11.90,2.6444,true,1,120379
7290006322128,false,לחמניות קלות שישייה,,,לחמניות קלות שישייה 450 גר,גרמים,450.00,100 גרם,false,1,12.90,2.8667,true,1,120380
7290006322197,false,מארז 4 לחמניות הבית,,,מארז 4 לחמניות הבית כפולות 120 גר,גרמים,120.00,100 גרם,false,1,14.90,12.4167,true,1,173007
7290006322838,false,לחם 100% קמח מלא 750,,,לחם 100% קמח מלא 750 גר,גרמים,750.00,100 גרם,false,1,12.90,1.7200,true,1,125746
7290006327284,false,סודה לשתיה אוני 1 קג,"ארוז ע""'.י.כהן בע""ם",,"סודה לשתיה ""אוני"" 1",גרמים,1000.00,100 גרם,false,1,14.90,1.4900,true,1,120390
7290006337016,false,בלינציס עם בשר 800 ג,מפעלי אירנה לבצק ממו,,בלינציס עם בשר 800 גר,גרמים,800.00,100 גרם,false,1,34.90,4.3625,true,1,131562
7290006337023,false,בלינציס עם גבינה 800,מפעלי אירנה לבצק ממו,,בלינציס עם גבינה 800 גר,גרמים,800.00,100 גרם,false,1,34.90,4.3625,true,1,131762
7290006337030,false,כרוב/פלפל ממולא 800,מפעלי אירנה לבצק ממו,,כרוב/פלפל ממולא 800 גר,גרמים,800.00,100 גרם,false,1,36.90,4.6125,true,1,131566
7290006337085,false,צבורקי 600 גר,מפעלי אירנה לבצק ממו,,צבורקי 600 גר,גרמים,600.00,100 גרם,false,1,31.90,5.3167,true,1,131565
7290006337115,false,פירושקי עם בשר 600 ג,מפעלי אירנה לבצק ממו,,פירושקי עם בשר 600 גר,גרמים,600.00,100 גרם,false,1,34.90,5.8167,true,1,131567
7290006337214,false,צבורצקי מיני 600 גר,מפעלי אירנה לבצק ממו,,צבורצקי מיני 600 גר,גרמים,600.00,100 גרם,false,18,31.90,5.3167,true,1,152001
7290006337399,false,קרפלך במילוי בשר עוף,,,"מאפה מטוגן במילוי תפו""א ופטריות קפוא",קילוגרמים,1.00,"ק""ג",false,1,34.90,34.9000,true,1,136443
7290006337436,false,כיסונים אירישקה 1 קג,,,"כיסונים אירישקה 1 ק""ג",קילוגרמים,1.00,"ק""ג",false,1,21.90,21.9000,true,1,140896
7290006337443,false,כיסוני בשר כבש 1.3 ק,מפעלי אירנה לבצק ממו,,"כיסוני בשר כבש 1.3 ק""ג",קילוגרמים,1.30,"ק""ג",false,1,38.90,29.9231,true,1,131549
7290006337450,false,כיסוני בשר לבן 1.3 ק,מפעלי אירנה לבצק ממו,,"כיסוני בשר לבן 1.3 ק""ג",קילוגרמים,1.30,"ק""ג",false,1,38.90,29.9231,true,1,131550
7290006337467,false,כיסוני בשר דומשניה 1,מפעלי אירנה לבצק ממו,,"כיסוני בשר דומשניה 1.3 ק""ג",קילוגרמים,1.30,"ק""ג",false,1,38.90,29.9231,true,1,131548
7290006337474,false,כיסוני בשר עגל 1.3 ק,מפעלי אירנה לבצק ממו,,"כיסוני בשר עגל/מיני 1.3 ק""ג",קילוגרמים,1.30,"ק""ג",false,1,38.90,29.9231,true,1,131551
7290006337481,false,כיסוני בשר מאלישוק 6,מפעלי אירנה לבצק ממו,,כיסוני בשר מאלישוק 600 גר,גרמים,600.00,100 גרם,false,1,18.90,3.1500,true,1,131553
7290006337504,false,כיסוני בשר משפחתי 1.,מפעלי אירנה לבצק ממו,,"כיסוני בשר משפחתי 1.3 ק""ג",קילוגרמים,1.30,"ק""ג",false,1,38.90,29.9231,true,1,131552
7290006337535,false,חינקליני 600 גר,,,חינקליני 600 גר,גרמים,600.00,100 גרם,false,20,31.90,5.3167,true,1,159488
7290006337832,false,קציצות אוקראינה 800,,,קציצות אוקראינה 800 גר,גרמים,800.00,100 גרם,false,1,44.90,5.6125,true,1,132939
7290006337979,false,בצק שמרים 700 גר,מפעלי אירנה לבצק ממו,,כיסוני בשר לחיים 600 גר,גרמים,700.00,100 גרם,false,28,13.90,1.9857,true,1,131547
7290006342072,false,גרעין דלעת קלוי ששון,,,גרעין דלעת קלוי ששון הקולה 200 גר,גרמים,200.00,100 גרם,false,1,10.90,5.4500,true,1,146435
7290006342089,false,גרעיני חמניה קלויים,,,גרעיני חמניה קלויים ששון הקולה 200 גר,גרמים,200.00,100 גרם,false,1,4.90,2.4500,true,1,146440
7290006342553,false,קבוקים עם שומשום ששו,"דין שיווק וקליה בע""מ",,קבוקים עם שומשום ששון הקולה 200 גר,גרמים,200.00,100 גרם,false,1,6.90,3.4500,true,1,146497
7290006342560,false,בוטנים אמריקאים מצופ,,,בוטנים אמריקאים מצופים ששון הקולה 200 גר,גרמים,200.00,100 גרם,false,1,6.90,3.4500,true,1,146423
7290006374738,false,קונפיטורת תות שדה יד,"בית אל מזון בע""מ",,"קונפיטורת תות 340 ג""",גרמים,340.00,100 גרם,false,1,12.90,3.7941,true,1,120399
7290006376022,false,קורנפלור 200 גר,,,קורנפלור 200 גר,גרמים,200.00,100 גרם,false,1,3.90,1.9500,true,1,154372
7290006376039,false,שיבולת שועל פרמיום ה,,,שיבולת שועל פרמיום הילדה 500 גר,גרמים,500.00,100 גרם,false,1,8.90,1.7800,true,1,120401
7290006376046,false,סוכר דמררה שקית 1 קג,רג'ואן,IL,סוכר דמררה שקית 1 קג,קילוגרמים,1.00,"ק""ג",false,24,10.90,10.9000,true,1,148623
7290006376312,false,שוקו כיף אבקה להכנת,ר.ס.,,פרימיום שוקו כיף שקי,קילוגרמים,1.00,"ק""ג",false,1,11.90,11.9000,true,1,120407
7290006376626,false,אבקת סוכר 100 גר,,,אבקת סוכר 100 גר,גרמים,100.00,100 גרם,false,1,3.90,3.9000,true,1,148619
7290006376688,false,עשיריית סוכר וניל,,,עשיריית סוכר וניל,Unknown,0.00,Unknown,false,1,3.90,0.0000,true,1,148606
7290006376695,false,עשיריית אבקת אפיה 10,,,עשיריית אבקת אפיה,גרמים,100.00,100 גרם,false,1,3.90,3.9000,true,1,168760
7290006376718,false,אבקת גלטין 12 גר זוג,,,אבקת גלטין 12 גר זוג,גרמים,24.00,100 גרם,false,1,10.90,45.4167,true,1,120408
7290006376862,false,קפה טורקי 100 גר שלי,ר.ס.,,קפה טורקי 100 גר שלישייה,גרמים,300.00,100 גרם,false,1,16.90,5.6333,true,1,120410
7290006439444,false,אורז בסמטי גולד 1 קג,,,"אורז בסמטי גולד 1 ק""ג",קילוגרמים,1.00,"ק""ג",false,1,11.90,11.9000,true,1,134500
7290006459442,false,מנגל ארוז בקרטון שקד,,,מנגל ארוז בקרטון שקד,Unknown,0.00,Unknown,false,12,39.90,0.0000,true,1,159402
7290006459497,false,פחם גריל שקד 2 קג,E&C Charcoal LTD,,"פחם גריל שקד 2 ק""ג",קילוגרמים,2.00,"ק""ג",false,1,29.90,14.9500,true,1,120415
7290006459503,false,כוסות שקופות לבירה 3,,,"כוסות שקופות לבירה 330 מ""ל",Unknown,0.00,Unknown,false,1,8.90,0.0000,true,1,152578
7290006459510,false,נרות חנוכה 44 יח,מנורה,,נרות חנוכה 44 יח,Unknown,0.00,Unknown,false,1,3.90,0.0000,true,1,167660
7290006459527,false,נרות חנוכה מיוחד 45,,,נרות חנוכה מיוחד 45 יח,Unknown,0.00,Unknown,false,1,6.90,0.0000,true,1,154514
7290006459800,false,אשפתון 78*90 שרוך בג,,,אשפתון 78*90 שרוך בגליל,Unknown,0.00,Unknown,false,1,14.90,0.0000,true,1,165425
7290006492432,false,מוצרלה בייבי 18% 150,,,מוצרלה בייבי 18% 150,גרמים,150.00,100 גרם,false,1,14.90,9.9333,true,1,120416
7290006492616,false,גבינה בולגרית 5% פרו,,,בולגרית 5% פרוסות 250גר,גרמים,250.00,100 גרם,false,1,25.90,10.3600,true,1,120417
7290006492852,false,גבינת עיזים למריחה 5,,,גבינת עיזים למריחה 5% 250גר,גרמים,250.00,100 גרם,false,1,15.90,6.3600,true,1,120421
7290006492913,false,לאבנה ציזיקי 5% 250,,,לבנה ציזיקי 5% 250 ג,גרמים,250.00,100 גרם,false,1,11.90,4.7600,true,1,120422
7290006511157,false,פטריות שלמות וילי פו,אוקוצמפ,,"פטריות שלמות ""גולדפו",גרמים,400.00,100 גרם,false,1,5.90,1.4750,true,1,120432
7290006511751,false,פטריות חתוכות 290 גר,לוטס,,פטריות חתוכות 290 גר שלישייה,גרמים,870.00,100 גרם,false,1,11.90,1.3678,true,1,127183
7290006546371,false,במיה 600 גר,"פרי הגליל בע""""מ",,"במיה 600 גר""",גרמים,600.00,100 גרם,false,1,13.90,2.3167,true,1,120439
7290006546388,false,תחתיות ארטישוק 400 ג,"פרי הגליל בע""""מ",,תחתיות ארטישוק 400 ג,גרמים,400.00,100 גרם,false,1,13.90,3.4750,true,1,120440
7290006546395,false,לקט העונה 800 גר,"פרי הגליל בע""""מ",,לקט העונה 800 גר,גרמים,800.00,100 גרם,false,1,10.90,1.3625,true,1,120441
7290006546500,false,ציפס זיגזג 800 גר,"פרי הגליל בע""""מ",,"צ""יפס זיגזג",גרמים,800.00,100 גרם,false,1,9.90,1.2375,true,1,120442
7290006546524,false,ציפס מובחר 800 גר,"פרי הגליל בע""""מ",,"צ""יפס מובחר 800גר",גרמים,800.00,100 גרם,false,1,9.90,1.2375,true,1,120444
7290006567048,false,פתיתי קוסקוס ישראלי,קוסקוס,,פתיתי קוסקוס ישראלי,גרמים,350.00,100 גרם,false,1,6.90,1.9714,true,1,120454
7290006582799,false,גינגר מיובש שקדיה 20,,,גינגר מיובש שקדיה 200 גר,גרמים,200.00,100 גרם,false,1,11.90,5.9500,true,1,146429
7290006618078,false,מרסס לניקוי מטבח אסט,אסטוניש,,"מרסס לניקוי מטבח אסטוניש צהוב 750 מ""ל",מיליליטרים,750.00,"100 מ""ל",false,1,10.90,1.4533,true,1,135486
7290006652027,false,במבה מולטי פק 15 גר,אסם,,"במבה מולטי פק"" 15 ג""",גרמים,300.00,100 גרם,false,1,22.90,7.6333,true,1,120474
7290006653765,false,פרפקטו פסטה פטוציני,זארה,,"פרפקטו פסטה פטוצ""יני",גרמים,500.00,100 גרם,false,1,6.90,1.3800,true,1,120476
7290006653819,false,קוסקוס דק בשקית 350,קוסקוס,,קוסקוס דק בשקית 350,גרמים,350.00,100 גרם,false,1,6.90,1.9714,true,1,120477
7290006664051,false,מארז אקטימל 14 יח,STRAUSS-ISRAEL,,"מארז אקטימל 14חי""",גרמים,1512.00,100 גרם,false,1,28.90,1.9114,true,1,120480
7290006664402,false,גבינת סקי 5% 750 גר,STRAUSS-ISRAEL,,"גבינת סקי 5% 750 ג""ר",גרמים,750.00,100 גרם,false,1,12.90,1.7200,true,1,120482
7290006664532,false,דנונה תות 1.5% 150 מ,STRAUSS-ISRAEL,,דנונה תות 1.5%,מיליליטרים,150.00,"100 מ""ל",false,1,3.90,2.6000,true,1,120483
7290006664655,false,משקה יוגורט טבעי אקט,STRAUSS-ISRAEL,,אקטימל טבעי שמינייה,גרמים,864.00,100 גרם,false,1,19.90,2.3032,true,1,120485
7290006664990,false,יוגורט לבן פרוביוטי,STRAUSS-ISRAEL,,מארז דנונה ביו 1.5%,קילוגרמים,1.20,"ק""ג",false,1,15.90,13.2500,true,1,120488
7290006681003,false,קרמיסימו סורבה תות ל,,,קרמיסימו סורבה תות ל,ליטרים,1.33,ליטר,false,1,18.90,14.2105,true,1,120490
7290006681553,false,קרמבו וניל 8 יח,,,"קרמבו וניל 8יח""",גרמים,200.00,100 גרם,false,1,14.90,7.4500,true,1,120492
7290006681560,false,קרמבו מוקה 8 יח,,,"קרמבו מוקה 8 יח""",גרמים,200.00,100 גרם,false,1,14.90,7.4500,true,1,120493
7290006704153,false,ביבי מיקס,,,ביבי מיקס,Unknown,0.00,Unknown,false,1,7.90,0.0000,true,1,120500
7290006738615,false,קבב זהב 400 גר,נקניק נהריה כשר זוגל,,"קבב זהב 400 גר""",גרמים,400.00,100 גרם,false,1,19.90,4.9750,true,1,120512
7290006739346,false,נקניקיות פרגיות 400,נקניק נהריה כשר זוגל,,נקניקיות פרגיות 400,גרמים,400.00,100 גרם,false,1,11.90,2.9750,true,1,120514
7290006739407,false,שניצל תירס לייט 630,נקניק נהריה כשר זוגל,,שניצל תירס לייט 630,גרמים,630.00,100 גרם,false,1,24.90,3.9524,true,1,120515
7290006739414,false,סלמי קוניאק 300 גר,נקניק נהריה כשר זוגל,,"סלמי קוניאק 300 גר""",גרמים,300.00,100 גרם,false,1,24.90,8.3000,true,1,120516
7290006739421,false,סלמי איטלקי 300 גר,נקניק נהריה כשר זוגל,,"סלמי איטלקי 300 גר""",גרמים,300.00,100 גרם,false,1,25.90,8.6333,true,1,120517
7290006739445,false,שניצל תירס קלאסי 750,נקניק נהריה כשר זוגל,,שניצל תירס קלאסי 750,גרמים,750.00,100 גרם,false,1,21.90,2.9200,true,1,120518
7290006741363,false,בורקס תפוא 800 גר,נקניק נהריה כשר זוגל,,"בורקס תפו""א 800 גר",גרמים,800.00,100 גרם,false,1,17.90,2.2375,true,1,120522
7290006741387,false,מלאווח תימני 700 גר,נקניק נהריה כשר זוגל,,מלאווח תימני,גרמים,700.00,100 גרם,false,1,17.90,2.5571,true,1,120523
7290006742162,false,המבורגר מזרחי 400 גר,נקניק נהריה כשר זוגל,,המבורגר מזרחי 400 גר,גרמים,400.00,100 גרם,false,1,19.90,4.9750,true,1,120525
7290006742278,false,פסטרממיה צלויה על לב,נקניק נהריה כשר זוגל,,פסטרממיה צלויה על לב,גרמים,330.00,100 גרם,false,1,25.90,7.8485,true,1,120527
7290006742292,false,פסטרממיה בדבש 330 גר,נקניק נהריה כשר זוגל,,פסטרממיה בדבש 330 גר,גרמים,330.00,100 גרם,false,1,25.90,7.8485,true,1,120528
7290006742315,false,חזה הודו ברביקיו 330,נקניק נהריה כשר זוגל,,חזה הודו ברביקיו 330,גרמים,330.00,100 גרם,false,1,25.90,7.8485,true,1,120530
7290006748072,false,זר פרחים,,,זר פרחים,יחידה,1.00,יחידה,false,1,35.00,35.0000,true,1,127805
7290006748096,false,זר פרחים,,,זר פרחים,יחידה,1.00,יחידה,false,1,50.00,50.0000,true,1,147693
7290006748119,false,זר פרחים,,,זר פרחים,Unknown,0.00,Unknown,false,1,59.00,0.0000,true,1,134074
7290006748133,false,זר פרחים,,,זר פרחים,יחידה,1.00,יחידה,false,1,25.00,25.0000,true,1,127804
7290006748157,false,זר פרחים,,,זר פרחים,יחידה,1.00,יחידה,false,1,30.00,30.0000,true,1,127806
7290006748218,false,פרחים בקופסא,,,פרחים בקופסא,Unknown,0.00,Unknown,false,1,119.00,0.0000,true,1,155009
7290006748249,false,זר פרחים 75 שח,,,זר פרחים 75 שח,Unknown,0.00,Unknown,false,1,75.00,0.0000,true,1,155008
7290006764065,false,נשר מאלט 500 מל חוזר,,,נשר מאלט 500 חוזר,מיליליטרים,500.00,"100 מ""ל",false,1,5.70,1.1400,true,1,120534
7290006764072,false,בירה גולדסטאר 500 מל,,,"בירה גולדסטאר 500מ""""",מיליליטרים,500.00,"100 מ""ל",false,1,7.90,1.5800,true,1,120535
7290006764096,false,בירה איגל בק חוזר 50,,,"בירה איגל בק חוזר 500 מ""ל",מיליליטרים,500.00,"100 מ""ל",false,1,5.90,1.1800,true,1,133832
7290006764119,false,ארגז פלסטיק איגל,,,ארגז פלסטיק איגל,Unknown,0.00,Unknown,false,1,23.30,0.0000,true,1,133819
7290006764157,false,בירה גולדסטאר לא מסו,,,"בירה גולדסטאר לא מסונן חוזר 500 מ""ל",מיליליטרים,500.00,"100 מ""ל",false,1,7.90,1.5800,true,1,151962
7290006764737,false,דיאט נשר מאלט 500 מל,,,דיאט נשר מאלט 500 מל,מיליליטרים,500.00,"100 מ""ל",false,1,5.70,1.1400,true,1,120539
7290006765000,false,טורטיות חיטה מלאה די,,,טורטיות חיטה מלאה דין שיווק וקליה 45 גר,גרמים,540.00,100 גרם,false,1,8.90,1.6481,true,1,146453
7290006765772,false,אננס מסוכר 200 גר קו,,,אננס מסוכר 200 גר קופסא,גרמים,200.00,100 גרם,false,1,11.90,5.9500,true,1,155260
7290006765895,false,בוטנים קלויים בקליפה,,,בוטנים קלויים בקליפה ששון הקולה 200 גר,גרמים,200.00,100 גרם,false,1,5.90,2.9500,true,1,146427
7290006766014,false,קוקוס מיובש 160 גר ק,,,קוקוס מיובש 160 גר קופסא,גרמים,160.00,100 גרם,false,1,14.90,9.3125,true,1,155266
7290006770561,false,לקט לקוסקוס 800 גר,"פרי הגליל בע""""מ",,לקט לקוסקוס 800גר,גרמים,800.00,100 גרם,false,1,14.90,1.8625,true,1,120545
7290006775016,false,עוגת אחווה תפוז 450,,,עוגת אחווה תפוז 450,גרמים,450.00,100 גרם,false,1,11.90,2.6444,true,1,120547
7290006775023,false,עוגת אחווה אנגלית 45,,,עוגת אחווה אנגלית 45,גרמים,450.00,100 גרם,false,1,11.90,2.6444,true,1,120548
7290006775030,false,עוגת שוקו ציפס אחוה,,,"עוגת אחווה שוקולד צ""",גרמים,450.00,100 גרם,false,1,11.90,2.6444,true,1,120549
7290006775047,false,עוגת אחווה שוקולד 45,,,עוגת אחווה שוקולד 45,גרמים,450.00,100 גרם,false,1,11.90,2.6444,true,1,120550
7290006775054,false,עוגת אחווה שיש 450 ג,,,עוגת אחווה שיש 450 ג,גרמים,450.00,100 גרם,false,1,11.90,2.6444,true,1,120551
7290006775337,false,עוגת שמרים פרג אחוה,,,"עוגת שמרים ""אחווה"" פ",גרמים,400.00,100 גרם,false,1,13.90,3.4750,true,1,120554
7290006775344,false,עוגת שמרים קרם קינמו,,,"עוגת שמרים ""אחווה"" ק",גרמים,400.00,100 גרם,false,1,13.90,3.4750,true,1,120555
7290006785633,false,שקית 10 נקניק,גמר,,שקית 10 נקניק,Unknown,0.00,Unknown,false,1,8.90,0.0000,true,1,134568
7290006788429,false,דאו קרליין נושם רול,,,"דאו קרליין נושם רול און כתום 75 מ""ל",מיליליטרים,75.00,"100 מ""ל",false,1,9.90,13.2000,true,1,132025
7290006788443,false,דאו קרליין נושם רול,,,"דאו קרליין נושם רול און סגול 75 מ""ל",מיליליטרים,75.00,"100 מ""ל",false,1,9.90,13.2000,true,1,132026
7290006788481,false,דאו קרליין נושם ספרי,,,"דאו קרליין נושם ספריי כתום 200 מ""ל",מיליליטרים,200.00,"100 מ""ל",false,1,9.90,4.9500,true,1,120570
7290006788504,false,דאו קרליין נושם ספרי,,,"דאו קרליין נושם ספריי סגול 200 מ""ל",מיליליטרים,200.00,"100 מ""ל",false,1,9.90,4.9500,true,1,120571
7290006804907,false,פיתה קלאסית 5 יח,,,פיתה חמישייה,Unknown,0.00,Unknown,false,50,7.90,0.0000,true,1,155528
7290006866363,false,מיץ פרימור אשכולית 1,"גניר (1992) בע""מ",,"מיץ ""פרימור"" אשכולית",ליטרים,1.00,ליטר,false,1,16.90,16.9000,true,1,120590
7290006960023,false,כרוב כבוש 400 גר,,,כרוב כבוש,גרמים,400.00,100 גרם,false,1,19.90,4.9750,true,1,120595
7290006960047,false,מלפפון במלח 680 גר,,,מלפפון במלח 680 גר,גרמים,680.00,100 גרם,false,1,10.90,1.6029,true,1,154605
7290006960146,false,חזרת מאמא מרי 150 גר,,,פרשמק 200גר,גרמים,150.00,100 גרם,false,1,7.90,5.2667,true,1,150786
7290006960153,false,חרדל מאמא מרי 150 גר,,,איקרה מינטאי,גרמים,150.00,100 גרם,false,1,7.90,5.2667,true,1,150788
7290006960160,false,שום כתוש מאמא מרי 15,,,ממרח קוויאר,גרמים,150.00,100 גרם,false,1,7.90,5.2667,true,1,150787
7290006960429,false,כרוב בולגרי 1 קג,,,כרוב בולגרי 1 קייג,קילוגרמים,1.00,"ק""ג",false,1,19.90,19.9000,true,1,120599
7290006960641,false,סלט אצות ים טבעי 400,,,"סלט אצות ים 350 גר""",גרמים,400.00,100 גרם,false,1,22.90,5.7250,true,1,156353
7290006963314,false,עוגת שטולן קלאסית 75,,,עוגת שטולן קלאסית 750 גר,גרמים,750.00,100 גרם,false,1,34.90,4.6533,true,1,174099
7290006963321,false,עוגת שטולן עם מרציפן,,,עוגת שטולן עם מרציפן 750 גר,גרמים,750.00,100 גרם,false,1,37.90,5.0533,true,1,174100
7290006963413,false,עוגת שטולן עם חמאה 5,,,עוגת שטולן עם חמאה 500 גר,גרמים,500.00,100 גרם,false,1,31.90,6.3800,true,1,174101
7290006963420,false,עוגת שטולן קלאסית 50,,,עוגת שטולן קלאסית 500 גר,גרמים,500.00,100 גרם,false,1,26.90,5.3800,true,1,174102
7290006983152,false,קרוטונים מתובלים למר,עינת,,קרוטונים מתובלים למר,גרמים,400.00,100 גרם,false,1,17.90,4.4750,true,1,120601
7290006983176,false,לחמית שיפון 230 גר,אסם,,"לחמית שיפון 230 ג""ר",גרמים,230.00,100 גרם,false,1,8.90,3.8696,true,1,120602
7290006983527,false,עוגת הבית תפוחי עץ ע,אסם,,עוגת הבית תפוחי עץ ע,גרמים,400.00,100 גרם,false,1,15.90,3.9750,true,1,120604
7290006983763,false,עוגת הבית שוקולד 400,אסם,,עוגת הבית שוקולד 400,גרמים,400.00,100 גרם,false,1,12.90,3.2250,true,1,120605
7290006983770,false,עוגת הבית שיש 400 גר,אסם,,"עוגת הבית שיש 400 ג""",גרמים,400.00,100 גרם,false,1,12.90,3.2250,true,1,120606
7290006983787,false,עוגת הבית שוקולד ציפ,אסם,,"עוגת הבית שוקו צ""יפס",גרמים,400.00,100 גרם,false,1,12.90,3.2250,true,1,120607
7290006983794,false,עוגת הבית תפוז 400 ג,אסם,,עוגת הבית תפוז 400 ג,גרמים,400.00,100 גרם,false,1,12.90,3.2250,true,1,120608
7290006992161,false,מטרנה דייסת קרונפלור,מטרנה,,מטרנה דייסת קרונפלור,גרמים,200.00,100 גרם,false,1,13.90,6.9500,true,1,120610
7290006992192,false,דייסת סולת 200 גר,מטרנה,,דייסת סולת,גרמים,200.00,100 גרם,false,1,13.90,6.9500,true,1,120612
7290006992390,false,דייסת מטרנה וניל פרו,מטרנה,,דייסת מטרנה וניל פרוביוטיקה 200גר,גרמים,200.00,100 גרם,false,1,13.90,6.9500,true,1,120614
7290008000826,false,משחת שיניים לילדים ב,,,משחת שיניים לילדים ברבי 50 מל,מיליליטרים,50.00,"100 מ""ל",false,1,11.90,23.8000,true,1,169315
7290008104050,false,תחליב רחצה אינטימית,,,תחליב רחצה אינטימית פמינה קלאסיק 220 מל,מיליליטרים,220.00,"100 מ""ל",false,1,22.90,10.4091,true,1,169312
7290008116534,false,מי פה ליסטרין קולמינ,,,"מי פה ליסטרין קולמינט 250 מ""ל",מיליליטרים,250.00,"100 מ""ל",false,1,10.90,4.3600,true,1,149538
7290008116541,false,מי פה ליסטרין קול מי,,,"מי פה ליסטרין קול מינט 500 מ""ל",מיליליטרים,500.00,"100 מ""ל",false,1,19.90,3.9800,true,1,144069
7290008116565,false,מי פה ליסטרין פרש בו,,,"מי פה ליסטרין פרש בורסט 500 מ""ל",מיליליטרים,500.00,"100 מ""ל",false,1,19.90,3.9800,true,1,144070
7290008154222,false,שניצלונים עוף טוב 70,עוף טוב,,שניצלונים עוף טוב 70,גרמים,700.00,100 גרם,false,1,13.90,1.9857,true,1,120629
7290008175173,false,חמאה מפינלנד 200 גר,ואליו,FI,"חמאה ""לורפק"" ללא מלח",גרמים,200.00,100 גרם,false,20,11.90,5.9500,true,1,120631
7290008175210,false,גבינת פרמזן מגורדת 9,זנטי,,גבינת פרמזן מגורדת 9,גרמים,90.00,100 גרם,false,1,14.90,16.5556,true,1,120632
7290008175814,false,פטריות חתוכות 400 גר,אוקוצמפ,,"פטריות חתוך 400 ג""ר",גרמים,400.00,100 גרם,false,1,4.90,1.2250,true,1,120636
7290008323857,false,דג בקלה פרוס,,,דג בקלה פרוס,קילוגרמים,1.00,"ק""ג",true,,42.90,42.9000,true,1,157223
7290008323871,false,דג פורל ים שלם בלי ר,,,דג פורל ים שלם בלי ראש,קילוגרמים,1.00,"ק""ג",true,,56.90,56.9000,true,1,157222
7290008329217,false,צלחת צבענית 20 יח,,,צלחת צבענית 20 יח,Unknown,0.00,Unknown,false,1,5.90,0.0000,true,1,120653
7290008329293,false,סכינים פרמיום שקוף 5,,,סכינים פרמיום שקוף 5,Unknown,0.00,Unknown,false,1,8.90,0.0000,true,1,120660
7290008329316,false,כפות פרמיום שקוף/קרם,,,כפות פרמיום שקוף/קרם 50יח,Unknown,0.00,Unknown,false,1,8.90,0.0000,true,1,120662
7290008329354,false,צלחת צבעונית 20 יח,,,צלחת צבעונית 20 יח,Unknown,0.00,Unknown,false,1,9.90,0.0000,true,1,120665
7290008330107,false,מרכך כביסה בדין סגול,אתר ליוור,,מרכך כביסה בדין סגול,ליטרים,4.00,ליטר,false,1,19.90,4.9750,true,1,120669
7290008333115,false,אבקת גלטין טהור 28 ג,ויינברג,,אבקת גלטין טהור 28 גר,גרמים,28.00,100 גרם,false,1,10.90,38.9286,true,1,120673
7290008341981,false,טושונקה בקר 400 גר,גוד פוד,,"טושונקה בקר 400 ג""ר",גרמים,400.00,100 גרם,false,1,22.90,5.7250,true,1,120674
7290008343558,false,סיגרים בשר 1 קג,שלושת האופים,,"סיגרים בשר 1 ק""ג",קילוגרמים,1.00,"ק""ג",false,1,19.90,19.9000,true,1,120676
7290008343565,false,סיגרים תפוא 1 קג,שלושת האופים,,"סיגרים תפו""א 1 ק""ג",קילוגרמים,1.00,"ק""ג",false,1,19.90,19.9000,true,1,120677
7290008343572,false,אגרול סיני 1 קג,שלושת האופים,,אגרול סיני,קילוגרמים,1.00,"ק""ג",false,1,19.90,19.9000,true,1,120678
7290008343602,false,קובה בשר 1 קג,שלושת האופים,,"קובה בשר 1 ק""ג",קילוגרמים,1.00,"ק""ג",false,1,19.90,19.9000,true,1,120681
7290008343626,false,כדורי פלאפל 1 קג,שלושת האופים,,"כדורי פלאפל 1 ק""""ג",קילוגרמים,1.00,"ק""ג",false,1,19.90,19.9000,true,1,120683
7290008345576,false,איקרה ביתית לבנה 300,דלידג,,איקרה ביתית לבנה 300,גרמים,300.00,100 גרם,false,6,19.90,6.6333,true,1,120686
7290008345583,false,איקרה ביתית ורודה 30,דלידג,,איקרה ביתית ורוד 300,גרמים,300.00,100 גרם,false,6,19.90,6.6333,true,1,120687
7290008409049,false,מיני שניצלונים בציפו,,,מיני שניצלונים בציפוי שומשום 500 גר,גרמים,500.00,100 גרם,false,1,24.90,4.9800,true,1,125665
7290008409124,false,שניצל גונגל מאמא עוף,,,"שניצל ג""ונגל מאמא עו",גרמים,700.00,100 גרם,false,1,29.90,4.2714,true,1,120692
7290008409216,false,שניצל מאמא עוף דק 70,,,"שניצל ""מאמא עוף"" דק",גרמים,700.00,100 גרם,false,1,39.90,5.7000,true,1,120693
7290008409223,false,שניצל דק מתובל מאמא,,,"שניצל דק מתובל ""מאמא",גרמים,700.00,100 גרם,false,1,39.90,5.7000,true,1,120694
7290008409315,false,מיני שניצלונים בציפו,,,מיני שניצלונים בציפוי פריך 500 גר,גרמים,500.00,100 גרם,false,1,24.90,4.9800,true,1,125664
7290008409407,false,שניצל דק בציפוי ציפס,,,שניצל דק בציפוי ציפס,גרמים,700.00,100 גרם,false,1,39.90,5.7000,true,1,120695
7290008409551,false,שניצל אמיתי מעודן 70,,,שניצל אמיתי מעודן,גרמים,700.00,100 גרם,false,1,39.90,5.7000,true,1,120697
7290008409582,false,שניצל אמיתי ביתי מאמ,,,שניצל אמיתי ביתי מאמא עוף 700 גר,גרמים,700.00,100 גרם,false,1,39.90,5.7000,true,1,120700
7290008409773,false,קציצות עוף 700 גר,,,קציצות עוף,גרמים,700.00,100 גרם,false,1,31.90,4.5571,true,1,120703
7290008415071,false,צבר חומוס עם טחינה 1,צבר,,צבר חומוס עם טחינה 1,גרמים,150.00,100 גרם,false,1,4.90,3.2667,true,1,120705
7290008415514,false,צבר חומוס עם חריף 15,צבר,,צבר חומוס עם חריף 15,גרמים,150.00,100 גרם,false,1,4.90,3.2667,true,1,120706
7290008415576,false,חומוס צבר 850 גר,צבר,,חומוס צבר 850גרם,גרמים,850.00,100 גרם,false,1,13.90,1.6353,true,1,120707
7290008443616,false,מרכך לשיער יבש נקה 7,,,נקה 7 מרכך לשיער יבש,מיליליטרים,750.00,"100 מ""ל",false,1,11.90,1.5867,true,1,120709
7290008443630,false,שמפו לשיער מתולתל נק,,,נקה 7 שמפו לשיער מתו,מיליליטרים,750.00,"100 מ""ל",false,1,11.90,1.5867,true,1,120711
7290008461238,false,סרדין רוברט בשמן חמנ,קונסוורס,,"סרדין ""רוברט"" בשמן ח",גרמים,115.00,100 גרם,false,1,7.90,6.8696,true,1,120715
7290008461283,false,גבינת טריפל צדר 200,,,גבינת טריפל צדר 200 גר,גרמים,200.00,100 גרם,false,1,24.90,12.4500,true,1,136392
7290008462204,false,חרדל דיזון מקורי 380,מיילי,,"חרדל ""דיז""ון"" מקורי",גרמים,380.00,100 גרם,false,1,16.90,4.4474,true,1,120717
7290008462259,false,חרדל דיזון גרגרים 38,מיילי,,"חרדל ""דיז""ון"" גרגרים",גרמים,380.00,100 גרם,false,1,18.90,4.9737,true,1,120718
7290008464024,false,בירה גולדסטאר לא מסו,,,בירה גולדסטאר לא מסונן פח 500מל,מיליליטרים,500.00,"100 מ""ל",false,1,9.50,1.9000,true,1,127389
7290008464345,false,בירה גולדסטאר 330 מל,,,"בירה גולדסטאר 330 מ""",מיליליטרים,330.00,"100 מ""ל",false,1,6.90,2.0909,true,1,120722
7290008464468,false,בירה גולדסטאר פחית 5,,,בירה גולדסטאר פחית 5,מיליליטרים,500.00,"100 מ""ל",false,1,8.50,1.7000,true,1,120723
7290008464505,false,מים מינרלים סאן בנדט,,,"מים סאן בנדטו 500 מ""",מיליליטרים,500.00,"100 מ""ל",false,1,3.90,0.7800,true,1,120726
7290008464604,false,בירה היינקן פחית 500,,,בירה היינקן פחית 500,מיליליטרים,500.00,"100 מ""ל",false,1,9.90,1.9800,true,1,120727
7290008464673,false,בירה גולדסטאר סלואו,,,בירה ויקסה וויטה,מיליליטרים,500.00,"100 מ""ל",false,1,9.50,1.9000,true,1,148511
7290008464703,false,בירה מכבי בק 330 מל,,,שישיית מכבי בקבוק 33,ליטרים,1.98,ליטר,false,1,34.90,17.6263,true,1,120728
7290008464734,false,בירה גולדסטאר סלוב ב,,,"בירה גולדסטאר סלוב בריו 330 מ""ל שישייה",ליטרים,1.98,ליטר,false,1,42.90,21.6667,true,1,120729
7290008464741,false,בירה גולדסטאר 330 מל,,,שישיית בירה גולדסטאר,ליטרים,1.98,ליטר,false,1,35.90,18.1313,true,1,120730
7290008464796,false,בירה היינקן 330 מל ש,,,שישיית בירה היינקן ב,ליטרים,1.98,ליטר,false,1,39.90,20.1515,true,1,120731
7290008614849,false,דג בקלה ארגנטינאי 1,,,דג בקלה ארגנטינאי,קילוגרמים,0.00,"ק""ג",false,,21.90,0.0000,true,1,127519
7290008634267,false,ספוג מתכת,יוניסן,,ספוג מתכת,Unknown,0.00,Unknown,false,1,6.90,0.0000,true,1,120754
7290008634533,false,ספוג + סקוטש הוסטס ע,יוניסן,,ספוג + סקוטש עשירייה,Unknown,0.00,Unknown,false,1,8.90,0.0000,true,1,120758
7290008634557,false,ספוג רחצה רך עם מסג,הוסטס,,"ספוג רחצה רך עם מסג""",Unknown,0.00,Unknown,false,1,5.90,0.0000,true,1,120760
7290008634908,false,שמפו אל דמע לתינוק ל,לנדר,,"שמפו לתינוק אל דמע """,מיליליטרים,445.00,"100 מ""ל",false,1,16.90,3.7978,true,1,120765
7290008644112,false,מטבוחה יום יום 125 ג,STRAUSS-ISRAEL,,מטבוחה יום יום,גרמים,125.00,100 גרם,false,1,4.90,3.9200,true,1,120766
7290008644235,false,עלי בייבי טעם הטבע 1,STRAUSS-ISRAEL,IL,"עלי בייבי ""שטראוס"" 1",גרמים,120.00,100 גרם,false,8,9.90,8.2500,true,1,120767
7290008644945,false,סלט המושבה טעם הטבע,STRAUSS-ISRAEL,IL,"לקט לסלט ""שטראוס"" המ",גרמים,450.00,100 גרם,false,8,11.90,2.6444,true,1,120769
7290008645935,false,חומוס אחלה ניגוב 750,STRAUSS-ISRAEL,,חומוס אחלה ניגוב 750 גר,גרמים,750.00,100 גרם,false,1,9.90,1.3200,true,1,120770
7290008670005,false,יין רקנאטי גליל עליו,,,יין רקנאטי גליל עליון שרדונה 2017,מיליליטרים,750.00,"100 מ""ל",false,12,55.90,7.4533,true,1,148076
7290008670135,false,יין רקנאטי גליל עליו,,,יין רקנאטי גליל עליון סוביניון בלאן,מיליליטרים,750.00,"100 מ""ל",false,12,55.90,7.4533,true,1,157487
7290008670852,false,יין רקנאטי יונתן אדו,,,"יין רקנאטי יונתן אדום 750 מ""ל",מיליליטרים,750.00,"100 מ""ל",false,1,39.90,5.3200,true,1,143668
7290008670937,false,יין רקנאטי גליל עליו,,,יין רקנאטי גליל עליון שיראז 2017,מיליליטרים,750.00,"100 מ""ל",false,12,55.90,7.4533,true,1,148075
7290008679411,false,כפפות לבית ולמטבח קט,,,כפפות לבית ולמטבח,Unknown,0.00,Unknown,false,1,4.90,0.0000,true,1,157679
7290008679435,false,כפפות לבית ולמטבח גד,,,כפפות לבית ולמטבח,Unknown,0.00,Unknown,false,1,4.90,0.0000,true,1,157681
7290008690713,false,נקטר אושן ספריי חמוצ,פריגת,,פריגת אושן ספריי חמו,ליטרים,1.00,ליטר,false,1,13.90,13.9000,true,1,120776
7290008693134,false,דניאלה תות 88 גר,STRAUSS-ISRAEL,,דניאלה תות,גרמים,88.00,100 גרם,false,1,4.10,4.6591,true,1,120777
7290008745239,false,חטיף תפוציפס קראנצ ט,STRAUSS-ISRAEL,,"תפוצ""יפס אקסי טבעי 50גר",גרמים,50.00,100 גרם,false,1,3.90,7.8000,true,1,120778
7290008747547,false,חטיף תפוציפס קראנצ ט,STRAUSS-ISRAEL,,"תפוצ""יפס 200 גר""",גרמים,200.00,100 גרם,false,1,10.90,5.4500,true,1,120784
7290008750264,false,מסטיק מאסט בטעם דובד,STRAUSS-ISRAEL,,מסטיק מאסט בטעם דובדבן 28 גר,גרמים,28.00,100 גרם,false,16,3.90,13.9286,true,1,120788
7290008752244,false,חטיף תפוציפס גריל קר,STRAUSS-ISRAEL,,"תפוצ""יפס אקסטרה גריל",גרמים,50.00,100 גרם,false,1,3.90,7.8000,true,1,120791
7290008753111,false,חטיף תפוציפס מקסיקני,STRAUSS-ISRAEL,,"תפוצ""יפס מקסיקני 50",גרמים,50.00,100 גרם,false,1,3.90,7.8000,true,1,120792
7290008753364,false,חטיף דוריטוס גליל 55,STRAUSS-ISRAEL,,"דוריטוס גליל 55 גר""",גרמים,55.00,100 גרם,false,1,3.20,5.8182,true,1,120793
7290008753371,false,דוריטוס נאצו 55 גר,STRAUSS-ISRAEL,,דוריטוס נאצו 55 גר,גרמים,55.00,100 גרם,false,48,3.20,5.8182,true,1,120794
7290008753388,false,חטיף דוריטוס טבעי 55,STRAUSS-ISRAEL,,"דוריטוס טבעי 55 גר""",גרמים,55.00,100 גרם,false,1,3.20,5.8182,true,1,120795
7290008754415,false,מסטיק מאסט ספירמינט,STRAUSS-ISRAEL,,מסטיק מאסט ספירמינט עדין 28 גר,גרמים,28.00,100 גרם,false,16,3.90,13.9286,true,1,120801
7290008757980,false,ספרינג רימונים 1 ל,"יפאורה תבורי בע""מ",,ספרינג רימונים 1 ליט,מיליליטרים,1000.00,"100 מ""ל",false,1,6.90,0.6900,true,1,120812
7290008775816,false,ערגליות שוקו 300 גר,אסם,IL,ערגליות שוקו 300 גר,גרמים,300.00,100 גרם,false,12,9.90,3.3000,true,1,120815
7290008775823,false,ערגליות תות שדה 300,אסם,IL,ערגליות תות שדה 300,גרמים,300.00,100 גרם,false,12,9.90,3.3000,true,1,120816
7290008776400,false,צוריסוס עגל 500 גר,,,צוריסוס עגל 500 גר,גרמים,500.00,100 גרם,false,1,29.90,5.9800,true,1,164565
7290008801010,false,יין פרייבט קולקשן קב,,,יין קברנה/מרלו אדום,מיליליטרים,750.00,"100 מ""ל",false,1,39.90,5.3200,true,1,120820
7290008801119,false,יין סלקטד סוביניון ב,,,סוביניון בלאן לבן יבש,מיליליטרים,750.00,"100 מ""ל",false,1,29.90,3.9867,true,1,120821
7290008801157,false,יין סלקטד מרלו 750 מ,,,יין מרלו אדום יבש 75,מיליליטרים,750.00,"100 מ""ל",false,1,29.90,3.9867,true,1,120822
7290008801522,false,יין קינג דוד קונקורד,,,יין קונקורד אדום מתו,מיליליטרים,750.00,"100 מ""ל",false,1,22.90,3.0533,true,1,120826
7290008801539,false,יין קינג דוד כרמל 12,,,יין כרמל 120 אדום מת,מיליליטרים,750.00,"100 מ""ל",false,1,22.90,3.0533,true,1,120827
7290008801546,false,יין קינג דוד מוסקט 7,,,יין מוסקט לבן מתוק 7,מיליליטרים,750.00,"100 מ""ל",false,1,22.90,3.0533,true,1,120828
7290008801843,false,יין קברנה סוביניון ס,,,יין קברנה סוביניון סלקטד 750 מל,מיליליטרים,750.00,"100 מ""ל",false,1,29.90,3.9867,true,1,120829
7290008802291,false,יין פרייבט קולקשן מר,,,יין מרלו אדום יבש 75,מיליליטרים,750.00,"100 מ""ל",false,1,39.90,5.3200,true,1,120831
7290008802895,false,יין פרייבט קולקשן קב,,,יין קברנה סובניון אד,מיליליטרים,750.00,"100 מ""ל",false,1,39.90,5.3200,true,1,120833
7290008804332,false,יין פריבט קולקשיין ש,,,יין שיראז אדום יבש 7,מיליליטרים,750.00,"100 מ""ל",false,1,39.90,5.3200,true,1,120839
7290008805049,false,יין סלקטד זינפנדל רו,,,יין זינפנדל סמוק חצי,מיליליטרים,750.00,"100 מ""ל",false,1,29.90,3.9867,true,1,120842
7290008805520,false,יין סלקטד קברנה סובי,,,יין קברנה מרלו אדום,מיליליטרים,750.00,"100 מ""ל",false,1,29.90,3.9867,true,1,120844
7290008806961,false,קרמיסימו שוקולד ציפ,,,קרמיסימו פרה (שוקולד,ליטרים,1.33,ליטר,false,1,18.90,14.2105,true,1,120849
7290008807449,false,יין יוגב סוביניון בל,בניאמינה,,"יין יוגב סוביניון בלאן שרדונה 750 מ""ל",מיליליטרים,750.00,"100 מ""ל",false,1,39.90,5.3200,true,1,130681
7290008807487,false,יין יוגב קברנה סובינ,בניאמינה,,"יין יוגב קברנה סוביניון מרלו 750 מ""ל",מיליליטרים,750.00,"100 מ""ל",false,1,39.90,5.3200,true,1,130677
7290008841016,false,פפריקה מתוקה 100 גר,,,"פפריקה מתוקה 100 גר""",גרמים,100.00,100 גרם,false,1,9.90,9.9000,true,1,120872
7290008841023,false,פפריקה חריפה 100 גר,,,"פפריקה חריפה 100 גר""",גרמים,100.00,100 גרם,false,1,9.90,9.9000,true,1,120873
7290008841030,false,פלפל שחור טחון 100 ג,,,פלפל שחור טחון 100 ג,גרמים,100.00,100 גרם,false,1,9.90,9.9000,true,1,120874
7290008841047,false,כמון טחון 100 גר,,,"כמון טחון 100 ג""ר",גרמים,100.00,100 גרם,false,1,9.90,9.9000,true,1,120875
7290008841078,false,פלפל אנגלי טחון 100,,,פלפל אנגלי טחון 100,גרמים,100.00,100 גרם,false,1,9.90,9.9000,true,1,120878
7290008841092,false,קינמון טחון 120 גר,,,"קינמון טחון 120 ג""ר",גרמים,120.00,100 גרם,false,1,9.90,8.2500,true,1,120880
7290008841108,false,זעתר ביתי 80 גר,,,"זעתר ביתי 80 גר""",גרמים,80.00,100 גרם,false,1,9.90,12.3750,true,1,120881
7290008841115,false,כורכום טחון 100 גר,,,"כורכום טחון 100 גר""",גרמים,100.00,100 גרם,false,1,9.90,9.9000,true,1,120882
7290008841122,false,סומק 110 גר,,,"סומק 110 ג""ר",גרמים,110.00,100 גרם,false,1,9.90,9.0000,true,1,120883
7290008841139,false,קארי 120 גר,,,"קארי 120 גר""",גרמים,120.00,100 גרם,false,1,9.90,8.2500,true,1,120884
7290008841153,false,מוסקט טחון 100 גר,,,"מוסקט טחון 100 ג""ר",גרמים,100.00,100 גרם,false,1,17.90,17.9000,true,1,120885
7290008841191,false,שום גבישי 130 גר,,,"שום גבישי 130 גר""",גרמים,130.00,100 גרם,false,1,9.90,7.6154,true,1,120888
7290008841221,false,ציפורן שלם במטחנה 40,,,ציפורן שלם ב מטחנה 40 גר,גרמים,40.00,100 גרם,false,1,9.90,24.7500,true,1,164686
7290008841276,false,תבלין על האש 90 גר,,,"תבלין על האש 90 ג""ר",גרמים,90.00,100 גרם,false,1,9.90,11.0000,true,1,120893
7290008841313,false,פלפל שחור גרוס 100 ג,,,פלפל שחור גרוס 100 גרם,גרמים,100.00,100 גרם,false,1,9.90,9.9000,true,1,120896
7290008841337,false,תבלין לדג 100 גר,,,"תבלין לדג 100 גר""",גרמים,100.00,100 גרם,false,1,9.90,9.9000,true,1,120898
7290008841351,false,פפריקה מתוקה 400 גר,,,"פפריקה מתוקה 400 ג""ר",גרמים,400.00,100 גרם,false,1,21.90,5.4750,true,1,120900
7290008841399,false,מלח לימון 700 גר,,,"מלח לימון 700 גר""",גרמים,700.00,100 גרם,false,1,21.90,3.1286,true,1,120902
7290008841528,false,פלפל שחור שלם 80 גר,,,פלפל שחור שלם 100 גר,גרמים,80.00,100 גרם,false,1,9.90,12.3750,true,1,120906
7290008841603,false,עלי דפנה 60 גר,,,"עלי דפנה 60 ג""ר",גרמים,60.00,100 גרם,false,1,9.90,16.5000,true,1,120907
7290008841634,false,קשיו חריף מתוק קופסא,,,קשיו חריף מתוק קופסא 200 גר,גרמים,200.00,100 גרם,false,1,17.90,8.9500,true,1,167434
7290008841689,false,תבלין לעוף 100 גר,,,"תבלין לעוף 100 גר""",גרמים,100.00,100 גרם,false,1,9.90,9.9000,true,1,120909
7290008841795,false,קוקטייל טבע 200 גר,,,קוקטייל טבע 200גר,גרמים,200.00,100 גרם,false,1,19.90,9.9500,true,1,121439
7290008841818,false,פלפל שחור גרוס 100 ג,,,פלפל שחור גרוס 100 ג,גרמים,100.00,100 גרם,false,1,9.90,9.9000,true,1,120913
7290008841887,false,קשיו קלוי קופסא 180,,,קשיו קלוי קופסא 180 גר,גרמים,180.00,100 גרם,false,1,14.90,8.2778,true,1,167674
7290008841894,false,אגוז מלך 250 גר,,,אגוז מלך 250 גר,גרמים,250.00,100 גרם,false,1,19.90,7.9600,true,1,169768
7290008841900,false,שזיף מגולען 200 גר,,,שזיף מגולען 200 גרם,גרמים,200.00,100 גרם,false,1,14.90,7.4500,true,1,120916
7290008849661,false,ממרח עגבניות מיובשות,אוליביה,,ממרח עגבניות מיובשות פיקנטי אוליביה 180,גרמים,180.00,100 גרם,false,1,11.90,6.6111,true,1,143305
7290008863001,false,עוגת גינגי בציפוי פי,קונדיטוריה וולפסון,,עוגת גינגי בציפוי פירורים 450 גר 450 גר,גרמים,450.00,100 גרם,false,1,39.90,8.8667,true,1,120920
7290008863049,false,עוגת אריסטוקרט 800 ג,קונדיטוריה וולפסון,,עוגת אריסטוקרט 800 גר,גרמים,800.00,100 גרם,false,1,79.90,9.9875,true,1,120922
7290008863063,false,עוגת ריבת חלב 600 גר,קונדיטוריה וולפסון,,עוגת ריבת חלב 600 גר,גרמים,600.00,100 גרם,false,1,46.90,7.8167,true,1,120923
7290008863070,false,אקלרים 350 גר,קונדיטוריה וולפסון,,אקלרים 350 גר,גרמים,350.00,100 גרם,false,1,31.90,9.1143,true,1,121441
7290008863087,false,נשיקות 130 גר,קונדיטוריה וולפסון,,נשיקות 130 גר,גרמים,130.00,100 גרם,false,1,19.90,15.3077,true,1,120924
7290008863100,false,עוגת פראג 600 גר,קונדיטוריה וולפסון,,עוגת פראג 600 גר,גרמים,600.00,100 גרם,false,1,59.90,9.9833,true,1,120925
7290008863117,false,עוגת אריסטוקרט 380 ג,קונדיטוריה וולפסון,,עוגת וולפסון 500 גר,גרמים,380.00,100 גרם,false,1,39.90,10.5000,true,1,120926
7290008863179,false,עוגת אריסטוקרט 600 ג,קונדיטוריה וולפסון,,עוגת וולפסון 600 גר,גרמים,600.00,100 גרם,false,1,64.90,10.8167,true,1,120927
7290008909853,false,קוקה קולה זירו 500 מ,קוקה קולה,,"קוקה קולה ""זירו"" 0.5",מיליליטרים,500.00,"100 מ""ל",false,1,6.90,1.3800,true,1,120935
7290008921169,false,יין תשבי קברנה סובינ,,,יין אדום יבש קברנה ס,מיליליטרים,750.00,"100 מ""ל",false,1,44.90,5.9867,true,1,120941
7290008921213,false,יין תישבי אסטייט ויו,,,"יין ""ויוניה"" לבן 0.75 ל",מיליליטרים,750.00,"100 מ""ל",false,1,54.90,7.3200,true,1,120945
7290008921459,false,יין שיראז אסטייט 750,,,יין שיראז אסטייט 0.75 ל,מיליליטרים,750.00,"100 מ""ל",false,1,79.90,10.6533,true,1,132005
7290008940214,false,גבינת צדר אנגלי כתום,,,גבינת צדר אנגלי כתום 200 גר,גרמים,200.00,100 גרם,false,1,17.90,8.9500,true,1,171043
7290008961110,false,בשר בקר במיץ טבעי 40,פרוטרי,,בשר בקר במיץ טבעי 40,גרמים,400.00,100 גרם,false,1,21.90,5.4750,true,1,120954
7290008961127,false,טושונקה רוסי 400 גר,גוד פוד ג'.א'.ג'י. ב,,טושונקה רוסי 400גר,גרמים,400.00,100 גרם,false,1,21.90,5.4750,true,1,121442
7290008961134,false,קונפיטורה תות שדה 1.,,UA,לשון בקר פיטריות,קילוגרמים,1.25,"ק""ג",false,1,32.90,26.3200,true,1,121443
7290008961141,false,קונפיטורה משמש 1.25,,UA,טושונקה חזיר,קילוגרמים,1.25,"ק""ג",false,1,32.90,26.3200,true,1,121444
7290008961158,false,קונפיטורה דובדבן 1.2,,,טושונקה עם אפונה,קילוגרמים,1.25,"ק""ג",false,1,32.90,26.3200,true,1,121445
7290008961165,false,קונפיטוקה דובדבנים ל,,UA,טושונקה עם שעועי,קילוגרמים,1.25,"ק""ג",false,1,32.90,26.3200,true,1,120955
7290008961172,false,קונפיטורה דובדבנים מ,,UA,"קונפיטורה דובדבנים מתוקים 1.25 ק""ג",קילוגרמים,1.25,"ק""ג",false,1,32.90,26.3200,true,1,143865
7290008961387,false,עגבניות שלמות במיץ ע,,,עגבניות שלמות במיץ עגבניות פ דבור 650 גר,גרמים,650.00,100 גרם,false,1,8.90,1.3692,true,1,166537
7290008961479,false,ריבת שזיפים פוסולסקי,,UA,ענבים במיץ טבעי ללא,קילוגרמים,1.25,"ק""ג",false,1,32.90,26.3200,true,1,152929
7290008961486,false,ריבה קרנית דובדבן פו,פרוטרי,UA,"חלב ממותק 400 ג""ר",קילוגרמים,1.25,"ק""ג",false,1,32.90,26.3200,true,1,152930
7290008961493,false,ריבה אוכמניות שחורות,,UA,סגושונקה ריבת חלב 70,קילוגרמים,1.25,"ק""ג",false,1,32.90,26.3200,true,1,152931
7290008961561,false,קוואקר 500 גר,פרוטרי,,"קוואקר 500 ג""ר",גרמים,500.00,100 גרם,false,1,7.90,1.5800,true,1,120957
7290008961585,false,כוסמת פוסולסקי דבור,סנקי,,כוסמת פוסולסקי דבור 800 גר,גרמים,800.00,100 גרם,false,1,12.90,1.6125,true,1,130383
7290008975780,false,מזון לכלבים מגזע קטן,,,"בונזו בשר 3 ק""ג",קילוגרמים,3.00,"ק""ג",false,1,49.90,16.6333,true,1,120963
7290010018062,false,טושונקה בקר במיץ טבע,,,טושונקה בקר במיץ טבעי 400 גר,גרמים,400.00,100 גרם,false,1,19.90,4.9750,true,1,127212
7290010018239,false,טושונקה עם כוסמת 400,,,טושונקה עם כוסמת 400 גר,גרמים,400.00,100 גרם,false,1,18.90,4.7250,true,1,143711
7290010018543,false,טושונקה בטעם כפרי 40,,,טושונקה בטעם כפרי 400 גר,גרמים,400.00,100 גרם,false,1,19.90,4.9750,true,1,120979
7290010023141,false,תה גן הקסום לימונענע,,,"""הגן הקסום"" לימון נע",גרמים,55.00,100 גרם,false,1,17.90,32.5455,true,1,120980
7290010051519,false,כוסברה ארוזה,,,כוסברה ארוזה,Unknown,0.00,Unknown,false,1,2.90,0.0000,true,1,136228
7290010051533,false,נענע ארוזה,,,נענע ארוזה,Unknown,0.00,Unknown,false,1,2.90,0.0000,true,1,136229
7290010051540,false,סלרי עלים,,,סלרי עלים,Unknown,0.00,Unknown,false,1,5.90,0.0000,true,1,136233
7290010051557,false,בצל ירוק,,,בצל ירוק,Unknown,0.00,Unknown,false,1,3.90,0.0000,true,1,136232
7290010051571,false,סלרי ראש,,,סלרי ראש,Unknown,0.00,Unknown,false,1,4.90,0.0000,true,1,136234
7290010051595,false,חסה לבבות קיסר,,,חסה לבבות קיסר,Unknown,0.00,Unknown,false,1,8.90,0.0000,true,1,136248
7290010065318,false,גוניור תפוח עץ 190 ג,,,"""פרינוק"" ג""וניור מחי",גרמים,190.00,100 גרם,false,1,5.90,3.1053,true,1,157656
7290010065332,false,גוניור תפוח עץ ובננה,,,"""פרינוק"" ג""וניור מחי",גרמים,190.00,100 גרם,false,1,5.90,3.1053,true,1,157657
7290010065745,false,גוניור לפתן פירות 19,,,"""פרינוק"" ג""וניור מחי",גרמים,190.00,100 גרם,false,1,5.90,3.1053,true,1,157660
7290010116980,false,שוקולית 850 גר,STRAUSS-ISRAEL,,שוקולית 850 גר,גרמים,850.00,100 גרם,false,1,14.90,1.7529,true,1,121008
7290010117857,false,חטיף דוריטוס חריף אש,STRAUSS-ISRAEL,,דוריטוס חריף אש 55 ג,גרמים,55.00,100 גרם,false,1,3.20,5.8182,true,1,121009
7290010117970,false,בוטנים קלוים מצופים,STRAUSS-ISRAEL,,"פינאטס 50 ג""ר",גרמים,50.00,100 גרם,false,1,1.90,3.8000,true,1,121010
7290010119950,false,חטיף דוריטוס חמוץ חר,STRAUSS-ISRAEL,,דוריטוס חמוץ חריף 55,גרמים,55.00,100 גרם,false,1,3.20,5.8182,true,1,121013
7290010124107,false,סטייק בורגר 400 גר,,,סטייק בורגר 400 גר,גרמים,400.00,100 גרם,false,,19.90,4.9750,true,1,150429
7290010124503,false,שומן כבש 200 גר,,,שומן כבש 200 גר,גרמים,200.00,100 גרם,false,1,12.90,6.4500,true,1,125295
7290010129003,false,עוגיות אוזן בצק עלים,,,עוגיות אוזן בצק עלים,גרמים,600.00,100 גרם,false,1,18.90,3.1500,true,1,121014
7290010129010,false,עוגיות כתר ריבה 600,,,"עוגיות ריבה 600 גר""",גרמים,600.00,100 גרם,false,1,18.90,3.1500,true,1,121015
7290010129027,false,עוגיות מרוקאיות 600,,,עוגיות מרוקאיות 600,גרמים,600.00,100 גרם,false,1,18.90,3.1500,true,1,121016
7290010129324,false,עוגיות מעמול 600 גר,,,עוגיות מעמול 600גר,גרמים,600.00,100 גרם,false,1,18.90,3.1500,true,1,121029
7290010129348,false,עוגיות ממולאות בטעם,,,עוגיות שוקולד 600 גר,גרמים,600.00,100 גרם,false,1,18.90,3.1500,true,1,121030
7290010154012,false,לימון כבוש 250 גר,יוחאי ביטון,,"""לימון כבוש"" 250 ג""ר",גרמים,250.00,100 גרם,false,1,13.90,5.5600,true,1,121035
7290010154685,false,שום כתוש 250 גר,יוחאי ביטון,,שום כתוש 250 גר,גרמים,250.00,100 גרם,false,1,13.90,5.5600,true,1,143183
7290010154692,false,סחוג אדום 250 גר,מיילי,,סחוג אדום 250 גר,גרמים,250.00,100 גרם,false,1,13.90,5.5600,true,1,162879
7290010163069,false,צנובר שקדיה 100 גר,מרינה פטריות הגליל,,צנובר שקדיה 100 גר,גרמים,100.00,100 גרם,false,1,23.90,23.9000,true,1,149332
7290010195268,false,פופקורן פופסטאר טבעי,Preston farms,,פופקורן פופסטאר טבעי מופחת שומן 425 גר,גרמים,425.00,100 גרם,false,1,12.90,3.0353,true,1,121044
7290010237548,false,פפסי מקס 500 מל,,,פפסי מקס 0.5 ליטר,מיליליטרים,500.00,"100 מ""ל",false,1,3.90,0.7800,true,1,121051
7290010237562,false,מירינדה 500 מל,,,מירינדה 0.5 ליטר,מיליליטרים,500.00,"100 מ""ל",false,1,3.90,0.7800,true,1,121052
7290010237685,false,בירה הייניקן 330 מל,,,בירה הייניקן 330מל צ,מיליליטרים,330.00,"100 מ""ל",false,1,8.90,2.6970,true,1,121057
7290010237890,false,בירה היינקן בקבוק חו,,,בירה היינקן בקבוק חו,מיליליטרים,500.00,"100 מ""ל",false,1,8.90,1.7800,true,1,121060
7290010259366,false,אטריות להקפצה מסולסל,פוג'יאן לונגאי,,אטריות להקפצה מסולסל,גרמים,200.00,100 גרם,false,1,4.90,2.4500,true,1,121067
7290010259823,false,מנת השף מרק עם נודלס,נמצ'או,,מנת השף מרק עם נודלס,גרמים,70.00,100 גרם,false,1,4.90,7.0000,true,1,121069
7290010259830,false,מנת השף מרק עם נודלס,נמצ'או,,מנת השף מרק עם נודלס,גרמים,70.00,100 גרם,false,1,4.90,7.0000,true,1,121070
7290010259847,false,מנת השף מרק עם נודלס,נמצ'או,,מנת השף מרק עם נודלס,גרמים,70.00,100 גרם,false,1,4.90,7.0000,true,1,121071
7290010259854,false,מנת השף מרק עם נודלס,נמצ'או,,מנת השף מרק עם נודלס,גרמים,70.00,100 גרם,false,1,4.90,7.0000,true,1,121072
7290010259977,false,שמן קנולה 1 ל,ברקולמן,,שמן קנולה 1ל,ליטרים,1.00,ליטר,false,1,10.90,10.9000,true,1,121077
7290010259991,false,צנימים 250 גר,דן קייק,,צנימים 250גר,גרמים,250.00,100 גרם,false,1,8.90,3.5600,true,1,121078
7290010278916,false,שקית מודפס 10 יח,גמר,,שקית מודפס 10 יח,Unknown,0.00,Unknown,false,1,9.90,0.0000,true,1,134651
7290010300211,false,מפת דובדבן ניילון 24,אשפלסט,,מפת דובדבן ניילון 24,Unknown,0.00,Unknown,false,1,19.90,0.0000,true,1,121085
7290010300334,false,טלק ריחני לתינוקות ק,מעבדות קליאו,,"טלק 200 גר""",גרמים,200.00,100 גרם,false,1,14.90,7.4500,true,1,121087
7290010300365,false,מטליות מיקרופייבר מו,מ.א. מטליות,,מטליות מיקרופייבר מו,Unknown,0.00,Unknown,false,1,11.90,0.0000,true,1,121089
7290010300532,false,חומץ 5% 1 ל,הילל תעשיות,,חומץ 5%,מיליליטרים,1000.00,"100 מ""ל",false,1,4.90,0.4900,true,1,121094
7290010300563,false,שקיות צליה 10 יח,oylum,,"שקיות צליה 10 יח""",Unknown,0.00,Unknown,false,1,5.90,0.0000,true,1,121097
7290010300570,false,קוקוס טחון 200 גר,ר.ס.,,"קוקוס טחון 200 ג""ר",גרמים,200.00,100 גרם,false,1,8.90,4.4500,true,1,121098
7290010300587,false,שומשום 200 גר,ר.ס.,,"שומשום 200 ג""ר",גרמים,200.00,100 גרם,false,1,8.90,4.4500,true,1,121099
7290010300594,false,גלטין בקופסה,ר.ס.,,"ג""לטין בקופסה",גרמים,24.00,100 גרם,false,1,11.90,49.5833,true,1,121100
7290010300747,false,קסמים דנטליים 200 יח,THAI FONG,,קסמים דנטליים 200 יח,Unknown,0.00,Unknown,false,1,9.90,0.0000,true,1,121103
7290010300860,false,אציטון 100 מל,מעבדות קליאו,,"אציטון 100 מ""ל",מיליליטרים,100.00,"100 מ""ל",false,1,3.90,3.9000,true,1,121106
7290010328680,false,עוגת אחווה שוקוציפס,,,עוגת אחווה שוקוציפס לבן מריר 450,גרמים,450.00,100 גרם,false,1,11.90,2.6444,true,1,129242
7290010367009,false,שמנת חמוצה 15% 500 ג,,,"שמנת גביע 0.5 ק""ג",גרמים,500.00,100 גרם,false,1,12.90,2.5800,true,1,121121
7290010471669,false,דנונה בר תות קורנפלק,STRAUSS-ISRAEL,,דנונה בר תות קורנפלק,גרמים,175.00,100 גרם,false,1,4.50,2.5714,true,1,121131
7290010472307,false,גמדים לשתיה תות בננה,STRAUSS-ISRAEL,,גמדים לשתיה תות בננה,מיליליטרים,800.00,"100 מ""ל",false,1,19.90,2.4875,true,1,121133
7290010472390,false,דני שוקולד שטראוס 12,STRAUSS-ISRAEL,,מארז 8 דני שוקולד,ליטרים,1.00,ליטר,false,1,14.90,14.9000,true,1,121134
7290010502202,false,קפה טורקי 1 קג,ר.ס.,,"קפה טורקי 1ק""""ג",קילוגרמים,1.00,"ק""ג",false,1,43.90,43.9000,true,1,121137
7290010513703,false,מקלות צופסטיק חד פעמ,Guilin fengzhu tradi,,"מקלות צ""ופסטיק חד פעמיות 20 יח",Unknown,0.00,Unknown,false,1,6.90,0.0000,true,1,121138
7290010513727,false,פנקו פרורי לחם יפניי,Qingdao Sun-growing,,פנקו-פרורי לחם וומטר,גרמים,200.00,100 גרם,false,1,8.90,4.4500,true,1,126379
7290010520244,false,ממרח חמאה הולנדית 50,,,חמאה 500 גר,גרמים,500.00,100 גרם,false,1,26.90,5.3800,true,1,145370
7290010520435,false,שמנת חמוצה 15% 450 ג,,,שמנת חמוצה 15% 450 גר,גרמים,450.00,100 גרם,false,1,10.90,2.4222,true,1,172722
7290010548514,false,עשבי תיבול לבישול אי,דורות,,עשבי תיבול לבישול אי,גרמים,70.00,100 גרם,false,1,9.90,14.1429,true,1,121139
7290010589012,false,עוגות וופל במילוי קר,,,עוגות וופל במילוי קרם 315 גר,גרמים,315.00,100 גרם,false,1,29.90,9.4921,true,1,121144
7290010589036,false,עוגות וופל במילוי קר,,,עוגות וופל במילוי קרם 315 גר,גרמים,315.00,100 גרם,false,1,29.90,9.4921,true,1,121145
7290010589043,false,עוגות וופל במילוי קר,,,עוגות וופל במילוי קרם 315 גר,גרמים,315.00,100 גרם,false,1,29.90,9.4921,true,1,121146
7290010627004,false,טחינה ירושלים 500 גר,בראשית ירושלים,,טחינה ירושלים 500 גר,גרמים,500.00,100 גרם,false,1,13.90,2.7800,true,1,132476
7290010627844,false,טחינה ירושלים מלא 50,בראשית ירושלים,,טחינה ירושלים מלא 500 גר,גרמים,500.00,100 גרם,false,1,13.90,2.7800,true,1,132475
7290010632787,false,צימרוני אוזניים 300,כוטון סופט,,צימרוני אוזניים 300,Unknown,0.00,Unknown,false,1,4.90,0.0000,true,1,121150
7290010650828,false,פטריות שימאגי לבן/חו,ביכורי שדה דרום 2002,,שימגי לבן/חום 150 גר,גרמים,150.00,100 גרם,false,1,12.90,8.6000,true,1,152036
7290010650996,false,פטריות שימגי חומות 1,,,פטריות שימגי חומות 150 גר,גרמים,150.00,100 גרם,false,1,12.90,8.6000,true,1,164648
7290010679010,false,קוקטייל פירות ים 500,,,קוקטייל פירות ים 500,גרמים,500.00,100 גרם,false,1,28.90,5.7800,true,1,121162
7290010679027,false,טבעות קלמרי 500 גר,,,"טבעות קלמרי 500 גר""",גרמים,500.00,100 גרם,false,1,39.90,7.9800,true,1,121163
7290010679034,false,בייבי שרימפס 500 גר,,,"בייבי שרימפס 500 גר""",גרמים,500.00,100 גרם,false,1,32.90,6.5800,true,1,121164
7290010679065,false,שרימפס גמבו עם ראש 1,,,שרימפס גמבו עם ראש 16-20 1קג,קילוגרמים,1.00,"ק""ג",false,1,149.90,149.9000,true,1,121165
7290010679256,false,פילה דג ברבוניה 500,אקוואטיק,,פילה דג ברבוניה 500 גר,גרמים,500.00,100 גרם,false,1,34.90,6.9800,true,1,152410
7290010679409,false,ראשי קלמרי 500 גר,,,"ראשי קלמרי 500 גר""",גרמים,500.00,100 גרם,false,1,26.90,5.3800,true,1,121169
7290010679416,false,שרימפס מקולף 41-50 5,,,שרימפס מקולף 41-50 5,גרמים,500.00,100 גרם,false,1,44.90,8.9800,true,1,121170
7290010679447,false,הקאו שרימפס 240 גר,,,הקאו שרימפס 240 גר,גרמים,240.00,100 גרם,false,1,25.90,10.7917,true,1,121172
7290010679485,false,שרימפס מקולף 31-40 1,,,שרימפס מקולף 31-40 1 קג,קילוגרמים,1.00,"ק""ג",false,1,94.90,94.9000,true,1,131452
7290010679553,false,שרימפס מבושל מקולף 4,,,שרימפס מקולף ומבושל,גרמים,500.00,100 גרם,false,1,42.90,8.5800,true,1,121173
7290010679560,false,דים סאם פירות ים 200,,,דים סאם פירות ים 200,גרמים,200.00,100 גרם,false,1,19.90,9.9500,true,1,121174
7290010679621,false,שרימפס מבושל מקולף 4,,,שרימפס מבושל מקולף 4,גרמים,1000.00,100 גרם,false,1,84.90,8.4900,true,1,121176
7290010679737,false,שרימפס וויט 26-30 מק,,,שרימפס וויט 26/30 מק,גרמים,1000.00,100 גרם,false,,99.90,9.9900,true,1,121177
7290010679768,false,קלמרי 1 קג,,,קלמרי 1 קג,קילוגרמים,1.00,"ק""ג",false,1,94.90,94.9000,true,1,125396
7290010679782,false,פופקורן שרימפס 500 ג,פיש וון,,פופקורן שרימפס 500 גר,גרמים,500.00,100 גרם,false,1,49.90,9.9800,true,1,131195
7290010679829,false,שרימפס 16-20 מקולף 1,,,שרימפס 16-20 מקולף בתפזורת 1 קג,קילוגרמים,1.00,"ק""ג",false,1,119.90,119.9000,true,1,126671
7290010679836,false,סטייק דג בסה 1 קג,אינדיאן אושן,,"סטייק דג בסה 1 ק""ג",קילוגרמים,1.00,"ק""ג",false,1,29.90,29.9000,true,1,121179
7290010679874,false,לחמניה באו מאודה עגו,,,לחמניה באו מאודה עגולה 240 גר,גרמים,240.00,100 גרם,false,1,14.90,6.2083,true,1,150081
7290010679904,false,שרימפס מבושל עם ראש,,,שרימפס מבושל עם ראש 500 גר,גרמים,500.00,100 גרם,false,1,34.90,6.9800,true,1,126670
7290010679942,false,שרימפס מקולף 51-60 1,VIETNAM CLEAN SEAFOO,,"שרימפס מקולף 51-60 1 ק""ג",קילוגרמים,1.00,"ק""ג",false,1,84.90,84.9000,true,1,130405
7290010701131,false,גפילטע פיש 400 גר,,,גפילטע פיש 400 גר,גרמים,400.00,100 גרם,false,1,25.90,6.4750,true,1,121180
7290010701353,false,רגל קרושה 400 גר,,,"רגל קרושה 400 גר""",גרמים,400.00,100 גרם,false,1,26.90,6.7250,true,1,121183
7290010701360,false,עוף קרוש 400 גר,,,עוף קרוש 400 גרי,גרמים,400.00,100 גרם,false,1,26.90,6.7250,true,1,121184
7290010701377,false,לשון בקר בגל 400 גר,,,"לשון בקר בג""ל 400 גר",גרמים,400.00,100 גרם,false,1,27.90,6.9750,true,1,121185
7290010701384,false,רגל קרושה מעורבת 400,,,רגל קרושה מעורבת 400,גרמים,400.00,100 גרם,false,1,26.90,6.7250,true,1,121186
7290010701421,false,ממרח כבד בקר עם פטרי,,,ממרח כבד בקר עם פטרי,גרמים,200.00,100 גרם,false,1,14.90,7.4500,true,1,121190
7290010701513,false,טושונקה בשר בקר 340,,,טושונקה בשר בקר 340 גר,גרמים,340.00,100 גרם,false,1,21.90,6.4412,true,1,172981
7290010701520,false,טושונקה בשר לבן 340,,,טושונקה בשר לבן 340 גר,גרמים,340.00,100 גרם,false,1,21.90,6.4412,true,1,172980
7290010701551,false,נקניקיות עוף 1 קג,,,נקניקיות עוף 1 קג,קילוגרמים,1.00,"ק""ג",false,1,25.90,25.9000,true,1,169569
7290010701612,false,קורקבן עוף בגל 500 ג,מעדני מניה תעשיות בש,,קורקבן עוף בגל 500 גר,גרמים,500.00,100 גרם,false,1,19.90,3.9800,true,1,143122
7290010701636,false,פטה כבד עוף נקניק 20,,,פטה כבד עוף נקניק 210 גר,גרמים,200.00,100 גרם,false,1,12.90,6.4500,true,1,143125
7290010701704,false,נקניק דוקטורסקיה 450,,,נקניק דוקטורסקיה 450 גר,גרמים,450.00,100 גרם,false,1,22.90,5.0889,true,1,169570
7290010701711,false,ממרח כבד ביתי 200 גר,,,ממרח כבד ביתי 210 גר,גרמים,200.00,100 גרם,false,1,12.90,6.4500,true,1,143124
7290010701902,false,ממרח כבד בקר נקניק 2,,,ממרח כבד בקר נקניק 210 גר,גרמים,200.00,100 גרם,false,1,12.90,6.4500,true,1,143126
7290010701919,false,פטה כבד צרפתי ביין ל,,,פטה כבד צרפתי ביין לבן 180 גר,גרמים,180.00,100 גרם,false,1,22.90,12.7222,true,1,143123
7290010838219,false,מרמולייט סטיביה 100,,,מרמולייט סטיביה 100 שקיות,Unknown,0.00,Unknown,false,1,29.90,0.0000,true,1,140664
7290010886210,false,סט 4 זיקוק עבה צבעונ,,,סט 4 זיקוק עבה צבעוני 18סמ,יחידה,1.00,יחידה,false,1,14.90,14.9000,true,1,128534
7290010903801,false,אצבעות שניצל בציפוי,,,אצבעות שניצל בציפוי שוםשום 1 קג,קילוגרמים,1.00,"ק""ג",false,1,34.90,34.9000,true,1,159717
7290010945146,false,קוטג 3% מועשר 250 גר,,,"קוטג"" 3% מועשר 250גר",גרמים,250.00,100 גרם,false,1,5.90,2.3600,true,1,121215
7290010945450,false,גבינה לבנה 3% 250 גר,,,גבינה לבנה 3% 250 גר,גרמים,250.00,100 גרם,false,1,4.90,1.9600,true,1,121217
7290011017866,false,קוקה קולה פח 330 מל,קוקה קולה,,"קוקה קולה פח 330 מ""ל",מיליליטרים,330.00,"100 מ""ל",false,1,4.90,1.4848,true,1,125416
7290011017873,false,קוקה קולה זירו פחי 3,קוקה קולה,,קוקה קולה זירו פחי 330 מל,מיליליטרים,330.00,"100 מ""ל",false,1,4.90,1.4848,true,1,125418
7290011018368,false,בירה ויינשטפן 330 מל,ויינשטפן,,"בירה ויינשטפן 330 מ""ל שישייה",מיליליטרים,1980.00,"100 מ""ל",false,1,59.90,3.0253,true,1,130552
7290011064020,false,גבינה בולגרית בעיר 2,,,גבינה בולגרית בעיר 200 גר,גרמים,200.00,100 גרם,false,1,16.90,8.4500,true,1,121238
7290011064099,false,טאפס שכונתי 125 גר,,,טאפס שכונתי 125גר,גרמים,125.00,100 גרם,false,1,21.90,17.5200,true,1,127163
7290011090340,false,בייבי מיקס 120 גר,,,בייבי מיקס,גרמים,120.00,100 גרם,false,1,6.90,5.7500,true,1,136239
7290011090418,false,בזיליקום 40 גר,,,בזיליקום,גרמים,40.00,100 גרם,false,1,4.90,12.2500,true,1,136242
7290011090494,false,חמציץ,,,חמציץ,Unknown,0.00,Unknown,false,1,9.90,0.0000,true,1,136247
7290011090746,false,תרד 120 גר,,,תרד,גרמים,120.00,100 גרם,false,1,7.90,6.5833,true,1,136240
7290011090821,false,שורש פטרוזיליה,,,שורש פטרוזיליה,Unknown,0.00,Unknown,false,1,4.90,0.0000,true,1,136235
7290011090913,false,פלפל צילי,,,פלפל צילי,Unknown,0.00,Unknown,false,1,5.90,0.0000,true,1,159099
7290011090920,false,כרוב סיני,,,כרוב סיני,Unknown,0.00,Unknown,false,1,6.90,0.0000,true,1,136251
7290011115173,false,נקה תחליב רחצה וניל,,,נקה תחליב רחצה וניל שקד 1 ל,ליטרים,1.00,ליטר,false,1,13.90,13.9000,true,1,121246
7290011126209,false,תה גן הקסום תפוח קינ,,,"""הגן הקסום"" תפוח וקי",גרמים,68.00,100 גרם,false,1,17.90,26.3235,true,1,121255
7290011126452,false,תה קמומיל ונענע 25 ש,,,תה קמומיל ונענע 1.5ג,גרמים,38.00,100 גרם,false,1,17.90,47.1053,true,1,121263
7290011126469,false,תה קמומיל ודבש 25 שק,,,תה קמומיל ודבש 25 שק,גרמים,38.00,100 גרם,false,1,17.90,47.1053,true,1,121264
7290011132309,false,בירה גולדסטאר 330 מל,,,בירה גולדסטאר 330 מל שישייה,ליטרים,1.98,ליטר,false,1,39.90,20.1515,true,1,171171
7290011132507,false,מים מינרליים מוגז עד,,,"מים מוגז עדין ""סאןבנ",מיליליטרים,500.00,"100 מ""ל",false,1,3.90,0.7800,true,1,121278
7290011133375,false,בירה שנדי בטעם אפרסק,,,מארז בירה מכבי שנדי בטעם אפרסק שישייה,ליטרים,1.98,ליטר,false,1,33.90,17.1212,true,1,121282
7290011142001,false,לחם שיפון 550 גר,מאפיית דואט,,"לחם ""דואט""",גרמים,550.00,100 גרם,false,1,13.90,2.5273,true,1,121287
7290011142018,false,לחם שיפון נבסקי 600,מאפיית דואט,,"לחם שיפון ""נבסקי""",גרמים,600.00,100 גרם,false,1,13.90,2.3167,true,1,121288
7290011142025,false,לחם שיפון כפרי 600 ג,מאפיית דואט,,"לחם שיפון ""אוקראינסק",גרמים,600.00,100 גרם,false,1,13.90,2.3167,true,1,121289
7290011142070,false,לחם שיפון מחמצת 600,מאפיית דואט,,לחם בטעמים,גרמים,600.00,100 גרם,false,1,14.90,2.4833,true,1,121294
7290011142087,false,לחם שיפון בלורוסקי 6,מאפיית דואט,,לחם,גרמים,600.00,100 גרם,false,1,15.90,2.6500,true,1,121295
7290011142094,false,לחם שיפון פטרובסקי 6,מאפיית דואט,,"לחם שיפון ""פטרובסקי",גרמים,630.00,100 גרם,false,1,15.90,2.5238,true,1,125818
7290011142148,false,לחמניות עם שומשום 45,מאפיית דואט,,לחמים/לחמניות,גרמים,450.00,100 גרם,false,1,13.90,3.0889,true,1,121296
7290011142193,false,לחמניות מתוקות 400 ג,מאפיית דואט,,לחמניות מתוקות,גרמים,400.00,100 גרם,false,1,13.90,3.4750,true,1,121299
7290011142315,false,פרנה 550 גר,מאפיית דואט,,פרנה,גרמים,550.00,100 גרם,false,1,15.90,2.8909,true,1,125594
7290011142322,false,פיתה 10 יח 1000 גר,מאפיית דואט,,פיתה 10 יח,גרמים,1000.00,100 גרם,false,1,14.90,1.4900,true,1,126193
7290011142407,false,לחם שבע דגנים 1.1קג,מאפיית דואט,,לחם שבע דגנים 1.1קג,קילוגרמים,1.10,"ק""ג",false,1,18.90,17.1818,true,1,129140
7290011142445,false,לחם כוסמין 620 גר,,,לחם כוסמין 600 גר,גרמים,620.00,100 גרם,false,1,16.90,2.7258,true,1,141482
7290011142513,false,לחם שיפון כפרי 750 ג,,,לחם מיוחד 600 גר,גרמים,750.00,100 גרם,false,1,15.90,2.1200,true,1,130462
7290011142650,false,לחם שיפון 100% 900 ג,,,לחם שיפון 100% 900 גר,גרמים,900.00,100 גרם,false,1,17.90,1.9889,true,1,137491
7290011142827,false,פיתה כוסמין 500 גר,,,פיתה כוסמין 500 גר,גרמים,500.00,100 גרם,false,1,16.90,3.3800,true,1,146279
7290011142834,false,פיתה חיטה 500 גר,,,פיתה חיטה 500 גר,גרמים,500.00,100 גרם,false,1,15.90,3.1800,true,1,146280
7290011174866,false,ציפס בטטה פרי הגליל,,,ציפס בטטה פרי הגליל 700 גר,גרמים,700.00,100 גרם,false,1,15.90,2.2714,true,1,135031
7290011174897,false,אפונה עדינה 600 גר,"פרי הגליל בע""""מ",,"אפונה עדינה 600גר""",גרמים,600.00,100 גרם,false,1,13.90,2.3167,true,1,121313
7290011194215,false,דניאלה בננה 88 גר,STRAUSS-ISRAEL,,דניאלה בננה,גרמים,88.00,100 גרם,false,1,4.10,4.6591,true,1,121314
7290011194246,false,קוטג 5% עם סידן 250,STRAUSS-ISRAEL,,"קוטג"" 5% עם סידן 250",גרמים,250.00,100 גרם,false,1,5.80,2.3200,true,1,121315
7290011223045,false,בישקוטים 200 גר,Bonomi,,בישקוטים 200 גרם,גרמים,200.00,100 גרם,false,1,6.90,3.4500,true,1,121319
7290011237301,false,כוסמת ידריצה מדגן 80,קיטניות העמקים,,כוסמת ידריצה מדגן 800 גר,גרמים,800.00,100 גרם,false,1,10.90,1.3625,true,1,121327
7290011312381,false,סטייק פורטובלה על הא,מרינה פטריות הגליל,,סטייק פורטובלה על הא,גרמים,320.00,100 גרם,false,1,13.90,4.3438,true,1,121354
7290011378257,false,חלווה בארכה פקאן ללא,,,חלבה בארכה פקאן ללא סוכר שביעייה,גרמים,126.00,100 גרם,false,1,9.90,7.8571,true,1,126938
7290011379018,false,פטריות מארז צמד חמד,מרינה פטריות הגליל,,פטריות מארז צמד חמד,Unknown,0.00,Unknown,false,1,14.90,0.0000,true,1,121357
7290011379841,false,סלרי עלים,מרינה פטריות הגליל,,סלרי עלים,Unknown,0.00,Unknown,false,1,5.90,0.0000,true,1,121360
7290011391843,false,יין פלטר קברנה שיראז,,,יין פלטר קברנה שיראז 2016 750 מל,מיליליטרים,750.00,"100 מ""ל",false,1,89.90,11.9867,true,1,145442
7290011435226,false,דבש טהור לחיץ יד מרד,STRAUSS-ISRAEL,,דבש לחיץ 650 גר,גרמים,650.00,100 גרם,false,1,33.90,5.2154,true,1,121362
7290011438142,false,אייס קפה בבקבוק 350,STRAUSS-ISRAEL,,אייס קפה בבקבוק 350,מיליליטרים,350.00,"100 מ""ל",false,1,6.40,1.8286,true,1,121364
7290011447267,false,מטרנה חלבי שלב 1 700,מטרנה,,מטרנה חלבי שלב 1 700,גרמים,700.00,100 גרם,false,1,49.90,7.1286,true,1,121369
7290011447281,false,מטרנה חלבי שלב 2 700,מטרנה,,מטרנה חלבי שלב 2 700,גרמים,700.00,100 גרם,false,1,49.90,7.1286,true,1,121370
7290011447304,false,מטרנה חלבי שלב 3 700,מטרנה,,מטרנה חלבי שלב 3 700,גרמים,700.00,100 גרם,false,1,49.90,7.1286,true,1,121371
7290011499051,false,פטה כבשים בגביע 250,,,פטה כבשים בגביע 250גר,גרמים,250.00,100 גרם,false,1,23.90,9.5600,true,1,121379
7290011499112,false,גבינה בולגרית 16% בג,,,בולגרית 16% בגביע 250גר,גרמים,250.00,100 גרם,false,1,21.90,8.7600,true,1,121381
7290011499303,false,גבינת פטה עיזים מעוד,,,בולגרית מעודנת 5% עיזים 250גר,גרמים,250.00,100 גרם,false,1,29.90,11.9600,true,1,121385
7290011499327,false,גבינה בולגרית מעודנת,,,בולגרית מעודנת 5% 250גר,גרמים,250.00,100 גרם,false,1,21.90,8.7600,true,1,121386
7290011499341,false,גבינה קשקבל ארוז 26%,,,קשקבל ארוז 22% 250 ג,גרמים,200.00,100 גרם,false,1,25.90,12.9500,true,1,121388
7290011499358,false,גבינת עיזים פטה 20%,,,פטה עיזים -בואקום 200גר,גרמים,200.00,100 גרם,false,1,24.90,12.4500,true,1,121389
7290011499365,false,גבינה חלומי 24% 200,,,גבינה חלומי 24% 200גר,גרמים,200.00,100 גרם,false,1,19.90,9.9500,true,1,121390
7290011499419,false,קרם שמנת טבעי ניו יו,,,קרם שמנת טבעי ניו יורק 5% 200 גרם,גרמים,200.00,100 גרם,false,1,11.90,5.9500,true,1,121391
7290011499624,false,גבינת שמנת טבעית 30%,,,שמנת טבעית 30% 200גר,גרמים,200.00,100 גרם,false,1,12.90,6.4500,true,1,128605
7290011499853,false,גבינת שמנת זיתים 30%,,,שמנת זיתים 30% 200גר,גרמים,200.00,100 גרם,false,1,12.90,6.4500,true,1,128607
7290011501556,false,קיווי מיובש 160 גר,,,קיווי מיובש 160 גר,גרמים,160.00,100 גרם,false,1,11.90,7.4375,true,1,155264
7290011501617,false,חמוציות ברכז תפוחים,,,חמוציות ברכז תפוחים ללא סוכר קופסא 250 ג,גרמים,250.00,100 גרם,false,1,14.90,5.9600,true,1,168812
7290011505073,false,מטלית הפלא יוניסן 5,יוניסן,,"מטלית הפלא ""יוניסאן""",Unknown,0.00,Unknown,false,1,22.90,0.0000,true,1,121394
7290011505493,false,כף מהודרת עבה במיוחד,הוסטס,,"כפות חד פעמי 50 יח""",Unknown,0.00,Unknown,false,1,8.90,0.0000,true,1,121401
7290011515683,false,אקסטרים וניל 6 יח,,,אקסטרים וניל 6 יח,גרמים,342.00,100 גרם,false,1,29.90,8.7427,true,1,121407
7290011518561,false,משקה יוגורט תות אקטי,STRAUSS-ISRAEL,,"אקטימל 14 יח"" תות",גרמים,1512.00,100 גרם,false,1,28.90,1.9114,true,1,121409
7290011524548,false,גרגירי חומוס 800 גר,"פרי הגליל בע""""מ",,גרגירי חומוס 800 גרם,גרמים,800.00,100 גרם,false,1,9.90,1.2375,true,1,121415
7290011524555,false,שעועית לבנה מבושלת 8,"פרי הגליל בע""""מ",,שעועית לבנה מבושלת 800 גר,גרמים,800.00,100 גרם,false,1,9.90,1.2375,true,1,121416
7290011524968,false,פולי סויה 1 קג,"פרי הגליל בע""""מ",,פולי סויה 1 קג,קילוגרמים,1.00,"ק""ג",false,1,14.90,14.9000,true,1,126777
7290011530549,false,שייק איט ורוד 450 גר,,,שייק איט ורוד 450 גר,גרמים,450.00,100 גרם,false,1,29.90,6.6444,true,1,157452
7290011585198,false,כיסונים השף במילוי ב,,,כיסונים השף במילוי בשר 1400 גר,גרמים,1400.00,100 גרם,false,1,46.90,3.3500,true,1,167428
7290011585228,false,כיסונים במילוי בשר 1,,,כיסונים במילוי בשר 1500 גר,גרמים,1500.00,100 גרם,false,1,40.90,2.7267,true,1,167429
7290011585235,false,מיני צבורק במילוי בש,,,מיני צבורק במילוי בשר 600 גר,גרמים,600.00,100 גרם,false,1,31.90,5.3167,true,1,157513
7290011585242,false,צבורקי במילוי בשר וי,,,צבורקי במילוי בשר וירק 600 גר,גרמים,600.00,100 גרם,false,1,31.90,5.3167,true,1,157514
7290011585723,false,כיסונים ביתי במילוי,,,כיסונים ביתי במילוי בשר 900 גר,גרמים,900.00,100 גרם,false,1,31.90,3.5444,true,1,167435
7290011585754,false,כיסונים סיבירסקי במי,,,כיסונים סיבירסקי במילוי בשר 900 גר,גרמים,900.00,100 גרם,false,1,31.90,3.5444,true,1,167436
7290011585778,false,קרפלך במילוי תפוא 70,,,קרפלך במילוי תפוא 700 גר,גרמים,700.00,100 גרם,false,1,20.90,2.9857,true,1,168911
7290011585785,false,צבורקי קלאסי 600 גר,,,צבורקי קלאסי 600 גר,גרמים,600.00,100 גרם,false,,31.90,5.3167,true,1,156335
7290011585815,false,מאפה מטוגן במילוי בש,,,מאפה מטוגן במילוי בשר 600 גר,גרמים,600.00,100 גרם,false,1,31.90,5.3167,true,1,157489
7290011585839,false,מאפה מטוגן במילוי תפ,,,"מאפה מטוגן במילוי תפו""א 600 גר",גרמים,600.00,100 גרם,false,1,31.90,5.3167,true,1,157491
7290011585853,false,בלינצס במילוי בשר 60,,,בלינצס במילוי בשר 600 גר,גרמים,600.00,100 גרם,false,1,31.90,5.3167,true,1,159856
7290011585914,false,בצק עלים מרודד קלאסי,,,בצק עלים מרודד קלאסי 1 קג,קילוגרמים,1.00,"ק""ג",false,1,21.90,21.9000,true,1,157519
7290011585921,false,בצק שמרים קלאסי 1 קג,,,בצק שמרים קלאסי 1 קג,קילוגרמים,1.00,"ק""ג",false,1,15.90,15.9000,true,1,157520
7290011587079,false,חרדל דיזון גרגירים 3,Covinor sas,,חרדל דיזון גרגירים 370גר,גרמים,370.00,100 גרם,false,1,11.90,3.2162,true,1,127442
7290011587123,false,קרם קוקוס 400 מל,Thai coconut co ltd,,קרם קוקוס,מיליליטרים,400.00,"100 מ""ל",false,1,9.90,2.4750,true,1,121419
7290011587130,false,נוזל קוקוס 400 מל,Thai coconut co ltd,,נוזל קוקוס,מיליליטרים,400.00,"100 מ""ל",false,1,9.90,2.4750,true,1,121420
7290011587222,false,רוטב טריאקי 500 מל,,,רוטב טאריאקי,מיליליטרים,500.00,"100 מ""ל",false,1,10.90,2.1800,true,1,121425
7290011587307,false,תחתיות ארטישוק 400 ג,Egyptian spanish co,,תחתיות ארטישוק,גרמים,400.00,100 גרם,false,1,10.90,2.7250,true,1,121426
7290011587444,false,מוזלי קראנצ עם 35% פ,,,"מוזלי קראנצ""י עם פיר",גרמים,600.00,100 גרם,false,1,16.90,2.8167,true,1,121429
7290011587451,false,גרנולה עם פירות ואגו,,,גרנולה עם פירות ואגו,גרמים,600.00,100 גרם,false,1,16.90,2.8167,true,1,121430
7290011587581,false,פילה אנשובי צנצנת תו,Inversiones prisco s,,פילה אנשובי צנצנת תומר 100 גר,גרמים,100.00,100 גרם,false,1,9.90,9.9000,true,1,121695
7290011587826,false,חרדל דיזון 370 גר,Covinor sas,,חרדל דיזון 370גר,גרמים,370.00,100 גרם,false,1,11.90,3.2162,true,1,127441
7290011587857,false,עגבניות מיובשות מתוב,Sunto gida sun ve ti,,עגבניות מיובשות מתובלות 250 גר,גרמים,250.00,100 גרם,false,1,11.90,4.7600,true,1,126387
7290011587956,false,רוטב צילי מתוק 700 מ,,,"רוטב צ""ילי מתוק 700 מ""ל",מיליליטרים,700.00,"100 מ""ל",false,1,9.90,1.4143,true,1,121706
7290011587963,false,רוטב צילי חריף תומר,Baaeco v food ltd pa,,"רוטב צ""ילי חריף",מיליליטרים,700.00,"100 מ""ל",false,1,10.90,1.5571,true,1,121707
7290011593087,false,שמן זית סבא חביב בלד,שמן זית סבא חביב,,שמן זית סבא חביב בלדי 750 מל,מיליליטרים,750.00,"100 מ""ל",false,12,29.90,3.9867,true,1,121710
7290011598211,false,ספריי אנטי קאלק רב ש,,,סנו אנטי קאלק רב שימ,מיליליטרים,700.00,"100 מ""ל",false,1,16.90,2.4143,true,1,121713
7290011598372,false,מטלית לרצפה מיקרופיי,,,סנו סושי מטלית מיקרו,Unknown,0.00,Unknown,false,1,11.90,0.0000,true,1,121714
7290011615406,false,בולגריה בקוביות 325,קוליוס,,בולגריה בקוביות 325 גר,גרמים,325.00,100 גרם,false,1,13.90,4.2769,true,1,121722
7290011644000,false,מקלות תירס מתוקים 80,,,מקלות תירס מתוקים 80,גרמים,80.00,100 גרם,false,1,4.90,6.1250,true,1,121729
7290011644505,false,כבד דג שיבוט 115 גר,יאקן איאצאפי,,כבד דג שיבוט 120 גר,גרמים,115.00,100 גרם,false,24,8.90,7.7391,true,1,143484
7290011695286,false,קיסם הפלא 250 גר,YANGCHENG DILING,,"קיסם הפלא 250 ג""ר",Unknown,0.00,Unknown,false,1,10.90,0.0000,true,1,121735
7290011695385,false,תמצית רום 50 מל,עבדו,,"תמצית רום 50 מ""ל",מיליליטרים,50.00,"100 מ""ל",false,1,3.90,7.8000,true,1,121741
7290011695392,false,תמצית וניל 50 מל,עבדו,,"תמצית וניל 50 מ""ל",מיליליטרים,50.00,"100 מ""ל",false,1,3.90,7.8000,true,1,121742
7290011695439,false,רוטב סויה 295 מל,BAAECO,,"רוטב סויה 295 מ""ל",מיליליטרים,295.00,"100 מ""ל",false,1,9.90,3.3559,true,1,121745
7290011695620,false,סירופ מייפל 700 גר,מיטב תעשיות,,סירופ מייפל,גרמים,700.00,100 גרם,false,1,12.90,1.8429,true,1,121752
7290011695637,false,סירופ שוקולד 700 גר,מיטב תעשיות,,סירופ שוקולד,גרמים,700.00,100 גרם,false,1,12.90,1.8429,true,1,121753
7290011695644,false,מנקה חלונות 1 ל,קום תיאום בינלאומי,,"מנקה חלונות 1 ל""",ליטרים,1.00,ליטר,false,1,9.90,9.9000,true,1,121754
7290011695651,false,צנימים עגולים 300 גר,NEWLAT,,צנימים עגולים 300 גר,גרמים,300.00,100 גרם,false,1,12.90,4.3000,true,1,121755
7290011695712,false,חמאת בוטנים קרמי/קרא,SUPER NUTRI,,חמאת בוטנים קרמי/קראנצ 510 גר,גרמים,510.00,100 גרם,false,1,14.90,2.9216,true,1,136001
7290011695729,false,צבע מאכל לאפייה,עבדו,,צבע מאכל לאפייה,Unknown,0.00,Unknown,false,1,3.90,0.0000,true,1,146959
7290011695934,false,נייר אפיה 50 יח,אופל,,"נייר אפיה 50 יח""",Unknown,0.00,Unknown,false,1,10.90,0.0000,true,1,121761
7290011695958,false,חומץ תפוחים 750 מל,הילל תעשיות,,חומץ תפוחים 750 מל,מיליליטרים,750.00,"100 מ""ל",false,1,13.90,1.8533,true,1,121763
7290011695972,false,טוסטים טעימים 100 גר,NEWLAT,,טוסטים טעימים,גרמים,100.00,100 גרם,false,1,7.90,7.9000,true,1,121764
7290011765095,false,גל גילוח קרמה מן 200,,,"ג""ל גילוח ""קרמה מן""",מיליליטרים,200.00,"100 מ""ל",false,1,12.90,6.4500,true,1,121767
7290011765392,false,שמפו לשיער בוב ספוג,,,"שמפו ""כיף""בוב ספוג 7",מיליליטרים,750.00,"100 מ""ל",false,1,9.90,1.3200,true,1,121780
7290011772055,false,נייר טואלט אסותא 32,,,נייר טואלט אסותא 32 יח,Unknown,0.00,Unknown,false,1,29.90,0.0000,true,1,165789
7290011772079,false,נייר טואלט אסותא 3 ש,,,נייר טואלט אסותא 3 שכבות 32 גל,Unknown,0.00,Unknown,false,1,44.90,0.0000,true,1,168701
7290011772086,false,מגבות מטבח אסותא שיש,,,מגבות מטבח אסותא שישייה,Unknown,0.00,Unknown,false,1,9.90,0.0000,true,1,168702
7290011772468,false,אקונומיקה גוול 4 ל,,,אקונומיקה גוול 4ל,ליטרים,4.00,ליטר,false,1,8.90,2.2250,true,1,129665
7290011800840,false,טחינה לבנה צבר 400 ג,צבר,,"טחינה לבנה ""צבר"" 400",גרמים,400.00,100 גרם,false,1,11.90,2.9750,true,1,121789
7290011870720,false,סוללה פוגיקום גדול D,ג'ואן,,זוג סוללה פוגיקום גדול D,Unknown,0.00,Unknown,false,1,19.90,0.0000,true,1,160266
7290011876388,false,קציצות עוף ובקר מאמא,,,"קציצות עוף ובקר ""מאמא עוף"" 600גר",גרמים,600.00,100 גרם,false,1,31.90,5.3167,true,1,125482
7290011876494,false,שניצל עוף ותירס 750,,,שניצל עוף ותירס 750 גר,גרמים,750.00,100 גרם,false,1,34.90,4.6533,true,1,121791
7290011877859,false,אינסטלטור פותח סתימו,,,סנו אינסטלטור פותח ס,גרמים,200.00,100 גרם,false,1,13.90,6.9500,true,1,121800
7290011912642,false,מי פה ליסטרין טאגד 5,,,"מי פה ליסטרין טאגד 500 מ""ל",מיליליטרים,500.00,"100 מ""ל",false,1,19.90,3.9800,true,1,144071
7290011931162,false,סוכרלייט נוזלי 220 מ,"סוכרזית בע""מ",,סוכרלייט נוזלי,מיליליטרים,220.00,"100 מ""ל",false,1,22.90,10.4091,true,1,121809
7290011947309,false,זית סורי זיתא מבוקע,,,זית סורי זיתא מבוקע עם לימון כבוש 220 גר,גרמים,220.00,100 גרם,false,1,13.90,6.3182,true,1,127542
7290011947316,false,זיתים קלמטה 215 גר,,,זיתים קלמטה 215 גר,גרמים,215.00,100 גרם,false,1,13.90,6.4651,true,1,129347
7290011947521,false,שמן זית זיתא כתית מע,,,"שמן זית זיתא כתית מעולה בטעם מודגש בד""ץ",מיליליטרים,750.00,"100 מ""ל",false,1,32.90,4.3867,true,1,137137
7290011947743,false,מיקס זית ירוק וזית ק,,,מיקס זית ירוק וזית קלמטה 215 גר,גרמים,215.00,100 גרם,false,8,13.90,6.4651,true,1,154408
7290011947798,false,זית קלמטה זיתא ללא ג,,,זית קלמטה זיתא ללא גלעין עם שמן זית,גרמים,190.00,100 גרם,false,8,13.90,7.3158,true,1,161032
7290011987268,false,סלמון פרוס 100 גר,,,סלמון פרוס 100 גר,גרמים,100.00,100 גרם,false,1,23.90,23.9000,true,1,166019
7290011987466,false,דג סלמון 200 גר,,,סלמון פרוס 200 גרם,גרמים,200.00,100 גרם,false,1,44.90,22.4500,true,1,157097
7290011996000,false,אטריות עגבניות 454 ג,,,אטריות עגבניות 454 גר,גרמים,454.00,100 גרם,false,20,10.90,2.4009,true,1,121821
7290011996017,false,אטריות תרד 454 גר,,,אטריות תרד 454 גר,גרמים,454.00,100 גרם,false,10,10.90,2.4009,true,1,121822
7290011996031,false,אטריות ביצים 454 גר,,,אטריות ביצים 454 גר,גרמים,454.00,100 גרם,false,10,10.90,2.4009,true,1,121824
7290011996062,false,אורז לסושי 1 קג,,,אורז לסושי 1 קג,קילוגרמים,1.00,"ק""ג",false,15,15.90,15.9000,true,1,121825
7290011996086,false,רוטב צילי חריף 700 מ,,,רוטב צילי חריף 700 מל,מיליליטרים,700.00,"100 מ""ל",false,6,14.90,2.1286,true,1,121826
7290011996109,false,רוטב צילי מתוק 700 מ,,,רוטב צילי מתוק 700 מל,מיליליטרים,700.00,"100 מ""ל",false,6,9.90,1.4143,true,1,121827
7290011996123,false,אצות נורי גולד 10 דפ,,,אצות נורי גולד 10 דפים,גרמים,25.00,100 גרם,false,10,12.90,51.6000,true,1,136279
7290011996130,false,אצות נורי סילוור 10,,,אצות נורי סילוור 10 דפים,Unknown,0.00,Unknown,false,10,10.90,0.0000,true,1,156144
7290011996185,false,חומץ אורז לסושי 250,,,חומץ אורז לסושי 250 מל,מיליליטרים,250.00,"100 מ""ל",false,6,9.90,3.9600,true,1,121829
7290011996222,false,חלב קוקוס 400 מל,,,חלב קוקוס 400 מל,מיליליטרים,400.00,"100 מ""ל",false,24,7.90,1.9750,true,1,121830
7290011996277,false,מחצלת עגולה לסושי,,,מחצלת עגולה לסושי,Unknown,0.00,Unknown,false,10,5.90,0.0000,true,1,121831
7290011996499,false,אטריות אורז דקות 400,,,אטריות אורז דקות 400 גר,גרמים,400.00,100 גרם,false,15,10.90,2.7250,true,1,121833
7290011996550,false,רוטב הויסין 240 גר,קיי.אר.אס.ספייסי פוד,,רוטב הויסין 240 גר,גרמים,240.00,100 גרם,false,6,17.90,7.4583,true,1,149518
7290011996567,false,רוטב סאטה 240 גר,קיי.אר.אס.ספייסי פוד,,רוטב סאטה 240 גר,גרמים,240.00,100 גרם,false,6,17.90,7.4583,true,1,149517
7290011996581,false,רוטב חמוץ מתוק 300 מ,,,רוטב חמוץ מתוק 300 מל,מיליליטרים,300.00,"100 מ""ל",false,6,12.90,4.3000,true,1,136940
7290011996604,false,רוטב פד תאי בקבוק 30,,,רוטב פד תאי בקבוק 300 מל,מיליליטרים,300.00,"100 מ""ל",false,6,17.90,5.9667,true,1,136942
7290011996703,false,אצות וואקמה 100 גר,קינגדאו,,אצות וואקמה 100 גר,גרמים,100.00,100 גרם,false,6,21.90,21.9000,true,1,131503
7290011996741,false,חומץ אורז לסושי 500,,,חומץ אורז לסושי 500 מל,מיליליטרים,500.00,"100 מ""ל",false,1,13.90,2.7800,true,1,145671
7290011996758,false,תערובת קמחים לטמפורה,פוג'יאן לונגאי,,תערובת קמחים לטמפורה 500 גר,גרמים,500.00,100 גרם,false,12,13.90,2.7800,true,1,131780
7290011996765,false,משחת ואסאבי 43 גר,דאליאן טיאנפנג,,משחת ואסאבי 43 גר,גרמים,43.00,100 גרם,false,10,12.90,30.0000,true,1,121834
7290011996789,false,פירורי לחם פנקו 200,,,פירורי לחם פנקו 200 גר,גרמים,200.00,100 גרם,false,10,8.90,4.4500,true,1,121835
7290011996819,false,אטריות שעועית סיני 2,פוג'יאן לונגאי,,אטריות שעועית סיני 250 גר,גרמים,250.00,100 גרם,false,24,7.90,3.1600,true,1,131779
7290011996888,false,רוטב טריאקי 300 מל,קיי.אר.אס.ספייסי פוד,,רוטב טריאקי 300 מל,מיליליטרים,300.00,"100 מ""ל",false,6,12.90,4.3000,true,1,131502
7290012001994,false,חרדל דיזון גרעינים 3,,,"חרדל דיז""ון גרעינים",גרמים,350.00,100 גרם,false,1,10.90,3.1143,true,1,121838
7290012013003,false,עוגת ריזיק 450 גר,,,עוגת ריזיק 450 גר,גרמים,450.00,100 גרם,false,1,42.90,9.5333,true,1,121839
7290012013010,false,עוגת שמנת 550 גר,,,עוגת שמנת,גרמים,550.00,100 גרם,false,1,46.90,8.5273,true,1,121840
7290012013034,false,עוגה קייבסקי,,,עוגיות,Unknown,0.00,Unknown,false,1,42.90,0.0000,true,1,121842
7290012013041,false,פחזניות,,,פחזניות,Unknown,0.00,Unknown,false,1,42.90,0.0000,true,1,121843
7290012013058,false,עוגיות שמרים העולם ה,,,דובשניות מטולה,גרמים,400.00,100 גרם,false,1,26.90,6.7250,true,1,156798
7290012013089,false,עוגיות אגוזים עם ריב,,,עוגיות אגוזים עם ריבה 280 גר,גרמים,280.00,100 גרם,false,1,24.90,8.8929,true,1,121846
7290012013225,false,עוגת גבינה עגולה 420,,,עוגת גבינה עגולה 420,גרמים,420.00,100 גרם,false,1,42.90,10.2143,true,1,121849
7290012019036,false,שיני שום כבושות בחומ,Qingdao canned foods,,שיני שום בצנצנת,גרמים,330.00,100 גרם,false,1,10.90,3.3030,true,1,121850
7290012019050,false,שום צעיר ושיני שום כ,Qingdao canned foods,,שום צעיר ובוגר וציפו,גרמים,330.00,100 גרם,false,1,10.90,3.3030,true,1,121852
7290012019258,false,רסק תפוח עץ 113 גר ר,Cherry growers inc,,רביעיית רסק תפוח עץ 113 גרם,גרמים,452.00,100 גרם,false,1,12.90,2.8540,true,1,121857
7290012019265,false,רסק תפוח עץ ללא סוכר,Cherry growers inc,,רביעיית רסק תפוח עץ,גרמים,452.00,100 גרם,false,1,12.90,2.8540,true,1,121858
7290012019401,false,מיץ דובדבן 100% 1 ל,Aromaproduct ltd,,מיץ דובדבן 100% 1 ל,ליטרים,1.00,ליטר,false,1,18.90,18.9000,true,1,127019
7290012022203,false,פריכיות קליליות חיטה,,,פריכיות קליליות חיטה מלאה 100 גר,גרמים,100.00,100 גרם,false,1,14.00,14.0000,true,1,144006
7290012022227,false,פריכיות קליליות בטעם,,,פריכיות קליליות בטעם טבעי 70 גר,גרמים,70.00,100 גרם,false,1,12.90,18.4286,true,1,144004
7290012022272,false,פריכיות קליליות קידס,,,פריכיות קליליות קידס 30 גר,גרמים,30.00,100 גרם,false,1,10.90,36.3333,true,1,144007
7290012030413,false,ביצי שליו 20 יח,,,"ביצי שליו 20 יח""",Unknown,0.00,Unknown,false,1,21.90,0.0000,true,1,158629
7290012031137,false,סיגריות ל.מ.נייט מוש,,,סיגריות ל.מ.נייט מושיין,Unknown,0.00,Unknown,false,1,26.00,0.0000,false,1,156751
7290012052323,false,מוזלי תענוג מיקס לא,,,"מוזלי תענוג מיקס לא קלוי 1 ק""ג",קילוגרמים,1.00,"ק""ג",false,1,24.90,24.9000,true,1,141230
7290012116612,false,מברשת שיניים אורביטו,,,מברשת שיניים אורביטול רביעייה,יחידה,4.00,יחידה,false,1,9.90,2.4750,true,1,129173
7290012116735,false,נייר טואלט סנו סופט,,,נייר טואלט סנו סופט גמבו 24 גל,יחידה,1.00,יחידה,false,1,39.90,39.9000,true,1,121882
7290012117039,false,מסיר אבנית ומנקה סנו,,,"סנו ""00"" לאמבטיה 1 ל",ליטרים,1.00,ליטר,false,1,4.90,4.9000,true,1,121884
7290012117091,false,אבקת כביסה סנו מקסימ,,,"אבקת כביסה ""מקסימה ס",גרמים,6000.00,100 גרם,false,1,34.90,0.5817,true,1,121886
7290012117275,false,סנו קליר מילוי 750 מ,,,סנוקליר שקית מילוי 7,מיליליטרים,750.00,"100 מ""ל",false,1,5.90,0.7867,true,1,121887
7290012117428,false,שמפו וגל רחצה מנטה ל,,,"שמפו וגל רחצה ""קרמה",מיליליטרים,700.00,"100 מ""ל",false,1,18.90,2.7000,true,1,121892
7290012117534,false,מרכך כביסה מרוכז קול,,,"מרכך ""מקסימה"" סופר מ",מיליליטרים,1000.00,"100 מ""ל",false,1,16.90,1.6900,true,1,121894
7290012117558,false,מרכך כביסה מרוכז מאס,,,"מרכך ""מקסימה"" סופר מ",מיליליטרים,1000.00,"100 מ""ל",false,1,16.90,1.6900,true,1,121896
7290012117626,false,מי פה לילדים בוב ספו,,,"מי פה ""אורביטול"" קיד",מיליליטרים,250.00,"100 מ""ל",false,1,11.90,4.7600,true,1,121900
7290012117732,false,מרכך כביסה סנו מקסימ,,,מרכך כביסה סנו מקסימה קול שחור 4 ל,ליטרים,4.00,ליטר,false,1,21.90,5.4750,true,1,121904
7290012117916,false,אינסטלטור נוזלי סנו,,,סנו אינסטלטור נוזלי,ליטרים,1.00,ליטר,false,1,25.90,25.9000,true,1,121906
7290012139482,false,עצם לחוצה מעושנת בצי,,,עצם לחוצה מעושנת בציפוי עוף בונזו גוי,גרמים,160.00,100 גרם,false,1,21.90,13.6875,true,1,137692
7290012139567,false,ביסקוויט עוף בונזו ג,,,ביסקוויט עוף בונזו גוי 90 גר,גרמים,90.00,100 גרם,false,1,15.90,17.6667,true,1,137691
7290012159039,false,פטריות אורניה 440 גר,דליאן,,פטריות אורניה 440 גר,גרמים,440.00,100 גרם,false,1,9.90,2.2500,true,1,129843
7290012159060,false,פטריות נמקו 440 גר,דליאן,,פטריות נמקו 440 גר,גרמים,440.00,100 גרם,false,1,9.90,2.2500,true,1,129844
7290012159275,false,מיונז לינה 430 גר,,,מיונז לינה 430 גר,גרמים,430.00,100 גרם,false,1,7.90,1.8372,true,1,131821
7290012159763,false,ריאזנקה דן 500 מל,,,"ריאז""נקה דן 0.5 ליטר",מיליליטרים,500.00,"100 מ""ל",false,1,8.90,1.7800,true,1,121912
7290012159787,false,קפיר דן 1 ל,,,קפיר דן 1 ליטר,ליטרים,1.00,ליטר,false,1,14.90,14.9000,true,1,121914
7290012159794,false,ריזנקה דן 1 ל,,,"ריאז""נקה דן 1 ליטר",ליטרים,1.00,ליטר,false,1,14.90,14.9000,true,1,121915
7290012159886,false,תחליף גבינה מותכת דר,,,תחליף גבינה מותכת דרוזבה 100 גר,גרמים,100.00,100 גרם,false,1,4.00,4.0000,true,1,121918
7290012159893,false,תחליף גבינה מותכת דר,,,תחליף גבינה מותכת דרוזבה פטריות 100 גר,גרמים,100.00,100 גרם,false,1,4.00,4.0000,true,1,121919
7290012159909,false,תחליף גבינה מותכת ינ,,,תחליף גבינה מותכת ינטאר 100 גר,גרמים,100.00,100 גרם,false,1,4.00,4.0000,true,1,121920
7290012159916,false,תחליף גבינה מותכת ינ,,,תחליף גבינה מותכת ינטאר סלמון 100 גר,גרמים,100.00,100 גרם,false,1,4.00,4.0000,true,1,121921
7290012173059,false,מנצס 350 גר,,,"מנצ""ס 350 ג""ר",גרמים,350.00,100 גרם,false,1,10.90,3.1143,true,1,121922
7290012173257,false,צימוק כהה 350 גר,,,צימוק כהה 350גר,גרמים,350.00,100 גרם,false,1,12.90,3.6857,true,1,128854
7290012173318,false,תבלין פפריקה מתוקה 8,,,תבלין פפריקה מתוקה 80גר,גרמים,80.00,100 גרם,false,1,4.90,6.1250,true,1,129582
7290012173325,false,בוטנים קלופים קופסא,,,בוטנים קלופים קופסא 350 גר,גרמים,350.00,100 גרם,false,1,16.90,4.8286,true,1,167433
7290012173332,false,תבלין פלפל שחור טחון,,,תבלין פלפל שחור טחון 60גר,גרמים,60.00,100 גרם,false,1,4.90,8.1667,true,1,129580
7290012173349,false,תבלין פפריקה חריפה 6,,,תבלין פפריקה חריפה 60גר,גרמים,60.00,100 גרם,false,1,4.90,8.1667,true,1,129581
7290012173387,false,תבלין על האש 70 גר,,,תבלין על האש 70גר,גרמים,70.00,100 גרם,false,1,4.90,7.0000,true,1,129587
7290012173417,false,תבלין כורכום טחון 70,,,תבלין כורכום טחון 70גר,גרמים,70.00,100 גרם,false,1,4.90,7.0000,true,1,129577
7290012173424,false,תבלין כמון טחון 70 ג,,,תבלין כמון טחון 70גר,גרמים,70.00,100 גרם,false,1,4.90,7.0000,true,1,129578
7290012173431,false,מלח לימון 100 גר,,,מלח לימון 100גר,גרמים,100.00,100 גרם,false,1,4.90,4.9000,true,1,129579
7290012173455,false,תבלין לעוף 70 גר,,,תבלין לעוף 70גר,גרמים,70.00,100 גרם,false,1,4.90,7.0000,true,1,129586
7290012173493,false,תערובת אגוזים 300 גר,,,תערובת אגוזים 300 גר,גרמים,300.00,100 גרם,false,1,29.90,9.9667,true,1,169767
7290012173721,false,מוסקט שבור במטחנה 45,,,מוסקט שבור במטחנה 45 גר,גרמים,45.00,100 גרם,false,1,9.90,22.0000,true,1,164691
7290012173745,false,ארבע עונות במטחנה 50,,,ארבע עונות במטחנה 50 גר,גרמים,50.00,100 גרם,false,1,9.90,19.8000,true,1,164690
7290012173752,false,שום מעושן במטחנה 60,,,שום מעושן במטחנה 60 גר,גרמים,60.00,100 גרם,false,1,9.90,16.5000,true,1,164689
7290012173806,false,פלפל שחור שלם במטחנה,,,פלפל שחור שלם במטחנה 60 גר,גרמים,60.00,100 גרם,false,1,9.90,16.5000,true,1,164692
7290012173882,false,גרעיני חמניות 350 גר,,,גרעיני חמניות 350 גר,גרמים,350.00,100 גרם,false,1,10.90,3.1143,true,1,128418
7290012173905,false,מעורב פרמיום 350 גר,,,מעורב פרמיום 350 גר,גרמים,350.00,100 גרם,false,1,34.90,9.9714,true,1,139891
7290012173912,false,חמוציות 300 גר,,,חמוציות 300גר,גרמים,300.00,100 גרם,false,1,12.90,4.3000,true,1,128852
7290012173998,false,צימוק בהיר 350 גר,,,צימוק בהיר 350גר,גרמים,350.00,100 גרם,false,1,12.90,3.6857,true,1,128855
7290012226014,false,נקניקיות וינר 800 גר,נקניק נהריה כשר זוגל,,נקניקיות וינר 800 גר,גרמים,800.00,100 גרם,false,1,23.90,2.9875,true,1,121931
7290012226021,false,סלמי מעושן פראג 400,נקניק נהריה כשר זוגל,,סאלמי מעושן פראג 400,גרמים,400.00,100 גרם,false,1,14.90,3.7250,true,1,147153
7290012226120,false,קבנוס 135 גר,נקניק נהריה כשר זוגל,,"קבנוס 135 גר""",גרמים,135.00,100 גרם,false,1,9.90,7.3333,true,1,121932
7290012226342,false,נקניקיה מן הצומח עשי,זוגלובק,,נקניקיה מן הצומח עשירה בחלבון 460 גר,גרמים,460.00,100 גרם,false,1,24.90,5.4130,true,1,140673
7290012226922,false,קבנוס בטעם שום 135 ג,נקניק נהריה כשר זוגל,,קבנוס בטעם שום 135 ג,גרמים,135.00,100 גרם,false,1,9.90,7.3333,true,1,121933
7290012226939,false,קבנוס עם צילי חריף 1,נקניק נהריה כשר זוגל,,"קבנוס בטעם צ""ילי 135",גרמים,135.00,100 גרם,false,1,9.90,7.3333,true,1,121934
7290012226991,false,נקניקיות גמבו זוגלוב,נקניק נהריה כשר זוגל,,"נקניקיות ג""מבו 1.5 ק",קילוגרמים,1.50,"ק""ג",false,1,26.90,17.9333,true,1,121938
7290012227172,false,מארז פםטרמה כפרית 30,נקניק נהריה כשר זוגל,,מארז פםטרמה כפרית 300גר + חרמון 300 גר,גרמים,600.00,100 גרם,false,1,26.90,4.4833,true,1,125400
7290012227325,false,סלמי מעושן איטלקי דק,,,סלמי מעושן איטלקי דק דק 120 גר,גרמים,120.00,100 גרם,false,1,12.90,10.7500,true,1,145960
7290012227400,false,נקניקיות עוף 800 גר,נקניק נהריה כשר זוגל,,נקניקיות עוף 800 גר,גרמים,800.00,100 גרם,false,1,23.90,2.9875,true,1,126421
7290012227653,false,חרמון הודו ועוף בווא,זוגלובק,,חרמון הודו ועוף בוואקום 400 גר,גרמים,400.00,100 גרם,false,1,16.90,4.2250,true,1,130989
7290012227660,false,סלמי תה מעושן בוואקו,זוגלובק,,סלמי תה מעושן בוואקום 400 גר,גרמים,400.00,100 גרם,false,1,16.90,4.2250,true,1,130988
7290012227677,false,סלמי תה מעושן 140 גר,זוגלובק,,סלמי תה מעושן 140 גר,גרמים,140.00,100 גרם,false,1,9.90,7.0714,true,1,130991
7290012227912,false,קבנוס מעודן 135 גר,,,קבנוס מעודן 135 גר,גרמים,135.00,100 גרם,false,1,9.90,7.3333,true,1,137486
7290012227974,false,פסטרמה בדבש דק דק 12,,,פסטרמה בדבש דק דק 120 גר,גרמים,120.00,100 גרם,false,1,12.90,10.7500,true,1,145962
7290012227981,false,פסטרמה ברביקיו דק דק,,,פסטרמה ברביקיו דק דק 120 גר,גרמים,120.00,100 גרם,false,1,12.90,10.7500,true,1,145963
7290012227998,false,חזה בקר דק דק 120 גר,,,חזה בקר דק דק 120 גר,גרמים,120.00,100 גרם,false,1,12.90,10.7500,true,1,145961
7290012228124,false,קבנוס סטיקס זוגלובק,,,קבנוס סטיקס זוגלובק 50 גר,גרמים,50.00,100 גרם,false,1,9.90,19.8000,true,1,139671
7290012228247,false,טכססבורגר זוגלובק 1.,זוגלובק,,"טכססבורגר זוגלובק 1.4 ק""ג",קילוגרמים,1.40,"ק""ג",false,1,49.90,35.6429,true,1,151402
7290012228261,false,נקניקיות הודו פרמיום,,,נקניקיות הודו פרמיום קנקרס 300 גר,גרמים,300.00,100 גרם,false,1,19.90,6.6333,true,1,145965
7290012228278,false,נקניקיות בוקוורסט הו,,,נקניקיות בוקוורסט הודו 300 גר,גרמים,300.00,100 גרם,false,1,19.90,6.6333,true,1,145966
7290012228728,false,קבנוסטיקס בטעם מקסיק,,,קבנוסטיקס בטעם מקסיקני 50 גר,גרמים,50.00,100 גרם,false,1,9.90,19.8000,true,1,152550
7290012228971,false,נקניק סלמי תה פפרוני,,,נקניק סלמי תה פפרוני 180 גר,גרמים,180.00,100 גרם,false,6,15.90,8.8333,true,1,157861
7290012245176,false,וופל ציפס קריספי 700,,,וופל ציפס קריספי 700 גר,גרמים,700.00,100 גרם,false,1,14.90,2.1286,true,1,171104
7290012245275,false,גולד ציפס בטטה קריספ,,,גולד ציפס בטטה קריספי 1 קג,קילוגרמים,1.00,"ק""ג",false,1,29.90,29.9000,true,1,163422
7290012245312,false,ציפס אמריקאי גולד 1.,,,"ציפס אמריקאי גולד 1.5 ק""ג",קילוגרמים,1.50,"ק""ג",false,1,19.90,13.2667,true,1,155560
7290012245336,false,סטייק ציפס גולד 1.5,,,"סטייק ציפס גולד 1.5 ק""ג",קילוגרמים,1.50,"ק""ג",false,1,19.90,13.2667,true,1,155562
7290012251047,false,קבנוס כפרי 250 גר,,,קבנוס כפרי 250 גר,גרמים,250.00,100 גרם,false,1,19.90,7.9600,true,1,133165
7290012251146,false,מיני סרוולט קופצסקי,ישרקו שיווק מותגי מז,,מיני סרוולט קופציסקי 280 גר,גרמים,280.00,100 גרם,false,1,31.90,11.3929,true,1,129361
7290012251160,false,מיני סרוולט קרמליובס,ישרקו שיווק מותגי מז,,מיני סרוולט קרמליובסקי 360גר,גרמים,360.00,100 גרם,false,1,35.90,9.9722,true,1,129360
7290012251177,false,מיני סרוולט איטלקי 4,ישרקו שיווק מותגי מז,,מיני סרוולט איטלקי 400גר,גרמים,400.00,100 גרם,false,1,49.90,12.4750,true,1,129359
7290012251474,false,שרימפס מקולף 26-30 5,,,שרימפס מקולף 26/30 500גר,גרמים,500.00,100 גרם,false,1,45.90,9.1800,true,1,127859
7290012251481,false,שרימפס מקולף 31-40 5,,,שרימפס מקולף 31/40 500גר,גרמים,500.00,100 גרם,false,1,39.90,7.9800,true,1,127863
7290012251498,false,שרימפס מקולף 41-50 5,,,שרימפס מקולף 41/50 500גר,גרמים,500.00,100 גרם,false,1,39.90,7.9800,true,1,127861
7290012306204,false,אורז עגול לפלוב 1 קג,,,"אורז עגול לפלוב 1 ק""ג",קילוגרמים,1.00,"ק""ג",false,1,19.90,19.9000,true,1,137325
7290012306501,false,פריכיות כוסמת 150 גר,כל בו מכבי,,פריכיות כוסמת 150גר,גרמים,150.00,100 גרם,false,1,13.90,9.2667,true,1,128234
7290012306532,false,פריכיות כוסמת עם מלח,כל בו מכבי,,פריכיות כוסמת עם מלח 150גר,גרמים,150.00,100 גרם,false,1,13.90,9.2667,true,1,129275
7290012306723,false,אורז עגול לאוש פלוב,,,אורז עגול לאוש פלוב 1 קג,קילוגרמים,1.00,"ק""ג",false,15,17.90,17.9000,true,1,161757
7290012309311,false,ערמונים קלופים שלמים,,,ערמונים קלופים שלמים 100 גר,גרמים,100.00,100 גרם,false,1,6.90,6.9000,true,1,171792
7290012309878,false,חלווה פיסטוק 500 גר,,,חלבה פיסטוק 500 גר,גרמים,500.00,100 גרם,false,1,12.90,2.5800,true,1,157739
7290012309892,false,חלווה וניל 500 גר,,,חלבה וניל 500 גר,גרמים,500.00,100 גרם,false,1,12.90,2.5800,true,1,157740
7290012313424,false,זית קלמטה שלם 215 גר,,,זית קלמטה שלם 215 גר,גרמים,215.00,100 גרם,false,1,12.90,6.0000,true,1,170981
7290012313431,false,זית מרוקאי יבש 215 ג,,,זית מרוקאי יבש 215 גר,גרמים,215.00,100 גרם,false,1,12.90,6.0000,true,1,170982
7290012313554,false,עלי גפן ממולאים יבנה,,,עלי גפן ממולאים יבנה 400 גר,גרמים,400.00,100 גרם,false,1,7.90,1.9750,true,1,143954
7290012362026,false,עוגות בזה 500 גר,קונסטנטין שיווק מוצר,,עוגות בזה,גרמים,500.00,100 גרם,false,1,44.90,8.9800,true,1,121942
7290012362033,false,עוגיות קוברינסקי סוג,קונסטנטין שיווק מוצר,,עוגיות טעמים שונים,גרמים,450.00,100 גרם,false,1,26.90,5.9778,true,1,121943
7290012362064,false,עוגות קוברינסקי עגול,קונסטנטין שיווק מוצר,,עוגות קוברינסקי עגולות 900גר,גרמים,900.00,100 גרם,false,1,89.90,9.9889,true,1,128672
7290012362095,false,גליליות בצק עלים במי,,,גליליות בצק עלים 400 גר,גרמים,350.00,100 גרם,false,1,44.90,12.8286,true,1,146350
7290012404955,false,נקטר חמוציות ספרינג,"יפאורה תבורי בע""מ",,נקטר ספרינג קולקשן,מיליליטרים,1250.00,"100 מ""ל",false,1,12.90,1.0320,true,1,121950
7290012404993,false,נקטר חמוציות דייט ספ,"יפאורה תבורי בע""מ",,נקטר ספרינג קולקשן,מיליליטרים,1250.00,"100 מ""ל",false,1,12.90,1.0320,true,1,121952
7290012413643,false,תה ירוק קמומיל 25 שק,,,תה ירוק קמומיל 25 שק,גרמים,38.00,100 גרם,false,1,24.90,65.5263,true,1,125575
7290012561405,false,בצל מוזהב דורות 18 ג,דורות,,"בצל מוזהב ""דורות"" 18",גרמים,180.00,100 גרם,false,1,9.90,5.5000,true,1,121967
7290012576362,false,יין ספיישל רזרב קברנ,,,"יין ספיישל רזרב קברנה סוביניון 750 מ""ל",מיליליטרים,750.00,"100 מ""ל",false,1,74.90,9.9867,true,1,131773
7290012576607,false,יין פרימייר קברנה סו,,,יין פרימייר קברנה סוביניון ומלבק 750מל,מיליליטרים,750.00,"100 מ""ל",false,1,27.90,3.7200,true,1,127930
7290012576614,false,יין פרימייר ריזלינג,,,יין פרימייר ריזלינג קולומברד 750מל,מיליליטרים,750.00,"100 מ""ל",false,1,27.90,3.7200,true,1,127931
7290012588242,false,מים מינרליים כדורגל,,,"מים מינרליים כדורגל 500 מ""ל שישייה",מיליליטרים,3000.00,"100 מ""ל",false,1,14.90,0.4967,true,1,141038
7290012588259,false,מים מינרליים כדורגל,,,"מים מינרליים כדורגל 500 מ""ל",מיליליטרים,500.00,"100 מ""ל",false,1,3.90,0.7800,true,1,141342
7290012602627,false,דבש יערה 500 גר,,,"דבש יערה 500 גר""",גרמים,500.00,100 גרם,false,1,31.90,6.3800,true,1,129749
7290012642036,false,ספגטי לה פסטה 400 גר,,,ספגטי לה פסטה 400גר,גרמים,400.00,100 גרם,false,1,3.90,0.9750,true,1,128538
7290012645112,false,יוגורט עיזים דלי 750,,,יוגורט עיזים דלי 750 גרם,גרמים,750.00,100 גרם,false,1,17.90,2.3867,true,1,140682
7290012645129,false,יוגורט כבשים דלי 750,,,יוגורט כבשים דלי 750 גרם,גרמים,750.00,100 גרם,false,1,17.90,2.3867,true,1,140681
7290012697241,false,סוכרזית סטיוויה נוזל,"סוכרזית בע""מ",,"סוכרזית ""סטיוויה ""נוזלי",מיליליטרים,220.00,"100 מ""ל",false,1,28.90,13.1364,true,1,125149
7290012803055,false,ממתיק על בסיס סוכרלו,קיפל,,"סוכרלוז ""מרמולייט"" 1",Unknown,0.00,Unknown,false,1,26.90,0.0000,true,1,121984
7290012803215,false,טוסו וופל בלגי בטעם,גילרו,,טוסו וופל בלגי בטעם שוקולד 200 גר,גרמים,200.00,100 גרם,false,1,9.90,4.9500,true,1,125847
7290012803352,false,רייד קוטל מעפפים ארו,SC Jonson,,"ארוסול ""רייד"" קוטל מ",מיליליטרים,300.00,"100 מ""ל",false,1,15.90,5.3000,true,1,121987
7290012803765,false,טוסו שוקולד מריר 100,ALTINMARKA,,טוסו שוקולד מריר 100 גר,גרמים,100.00,100 גרם,false,1,10.90,10.9000,true,1,125845
7290012803772,false,טוסו שוקולד חלב 100,ALTINMARKA,,טוסו שוקולד חלב 100 גר,גרמים,100.00,100 גרם,false,1,10.90,10.9000,true,1,125844
7290012803789,false,טוסו שוקולד מריר עם,ALTINMARKA,,טוסו שוקולד מריר עם אגוזים 100 גר,גרמים,100.00,100 גרם,false,1,10.90,10.9000,true,1,137561
7290012823381,false,מרכך כביסה מרוכז סנס,,,"מרכך כביסה ""סנו מקסי",מיליליטרים,1000.00,"100 מ""ל",false,1,16.90,1.6900,true,1,121997
7290012823398,false,מטליות לחות לניקוי ה,,,ריצפז מטליות לחות לניקוי הרצפה בניחוח מר,Unknown,0.00,Unknown,false,1,10.90,0.0000,true,1,137513
7290012823541,false,מטליות ריצפז פרש בני,,,ריצפז פרש מטליות ינק,Unknown,0.00,Unknown,false,1,9.90,0.0000,true,1,121998
7290012823602,false,נייר טואלט סופט סילק,,,נייר טואלט סופט סילק,Unknown,0.00,Unknown,false,1,32.90,0.0000,true,1,122001
7290012850011,false,מחית לתינוקות בלווד,,,מחית לתינוקות בלווד תפוחי עץ 190 גר,גרמים,190.00,100 גרם,false,1,5.90,3.1053,true,1,144056
7290012850073,false,מחית לתינוקות בלווד,,,מחית לתינוקות בלווד סלט פירות 190 גר,גרמים,190.00,100 גרם,false,1,5.90,3.1053,true,1,144058
7290012887017,false,עוגת שמרים 390 גר,,,עוגת שמרים 390 גר,גרמים,390.00,100 גרם,false,1,19.90,5.1026,true,1,122011
7290012887031,false,עוגיות מזורקה באריזה,,,עוגיות מזורקה באריזה,גרמים,270.00,100 גרם,false,1,24.90,9.2222,true,1,156799
7290012899591,false,מלפפון אלפא 7-9 670,,,"מלפפון ""אלפא"" 7-9 670גר",גרמים,670.00,100 גרם,false,1,7.90,1.1791,true,1,125316
7290012899607,false,מלפפון אלפא 10-12 67,,IL,"מלפפון ""אלפא"" 10.-12 670גר",גרמים,670.00,100 גרם,false,12,7.90,1.1791,true,1,125317
7290012899874,false,מלפפון אלפא בחומץ 67,,IL,מלפפון אלפא בחומץ 670 גר,גרמים,670.00,100 גרם,false,12,7.90,1.1791,true,1,158575
7290012911255,false,שיכר שזיפים עם פרי 7,,,שיכר שזיפים עם פרי 750 מל,מיליליטרים,750.00,"100 מ""ל",false,8,39.90,5.3200,true,1,156147
7290012911293,false,דפי אורז 300 גר,סאפוקו פודסטאף,,דפי אורז 300 גר,גרמים,300.00,100 גרם,false,10,14.90,4.9667,true,1,131504
7290012911477,false,קרם קוקוס 400 מל,אסיאטיק אגרו אינדסטר,,קרם קוקוס 400 מל,מיליליטרים,400.00,"100 מ""ל",false,24,10.90,2.7250,true,1,131505
7290012911675,false,פטריות שטאקי 85 גר,,,פטריות שטאקי 85 גר,גרמים,85.00,100 גרם,false,1,18.90,22.2353,true,1,136600
7290012911729,false,גינגיר לסושי 250 גר,,,גינגיר לסושי 250 גר,גרמים,250.00,100 גרם,false,6,9.90,3.9600,true,1,127854
7290012911941,false,רוטב צילי מתוק ללא ס,,,רוטב צילי מתוק ללא סוכר 700 מל,מיליליטרים,700.00,"100 מ""ל",false,6,20.90,2.9857,true,1,142134
7290012911965,false,גינגיר לסושי ללא צבע,,,גינגיר לסושי ללא צבע 250 גר,גרמים,250.00,100 גרם,false,6,9.90,3.9600,true,1,137833
7290012921025,false,בירת אייל בהירה מלכה,,,"בירה ""מלכה"" בהירה 330 מ""ל",מיליליטרים,330.00,"100 מ""ל",false,1,13.90,4.2121,true,1,122017
7290012921032,false,בירת אייל אדמונית 5.,,,"בירה ""מלכה"" אדמונית",מיליליטרים,330.00,"100 מ""ל",false,1,13.90,4.2121,true,1,122018
7290012938580,false,משחת שיניים סנסודיין,,,משחת שיניים סנסודיין הלבנה עדינה 75 מל,מיליליטרים,75.00,"100 מ""ל",false,1,20.90,27.8667,true,1,135239
7290012938597,false,משחת שיניים סנסודיין,,,משחת שיניים סנסודיין רפיד רליף 75 מל,מיליליטרים,75.00,"100 מ""ל",false,1,22.90,30.5333,true,1,148179
7290012938740,false,משחת שיניים סנסודיין,,,משחת שיניים סנסודיין פרש מינט 75 מל,מיליליטרים,75.00,"100 מ""ל",false,1,20.90,27.8667,true,1,148178
7290012956188,false,ערק קעואר כחול 43% 7,,,"ערק כחול 43% 700 מ""ל",מיליליטרים,700.00,"100 מ""ל",false,1,59.90,8.5571,true,1,125668
7290012956737,false,ערק גלילי משובח 700,,,ערק גלילי משובח,מיליליטרים,700.00,"100 מ""ל",false,1,59.90,8.5571,true,1,164612
7290012956829,false,יין לבן חצי יבש גליל,,,יין לבן חצי יבש גלילי 750 מל,מיליליטרים,750.00,"100 מ""ל",false,1,39.90,5.3200,true,1,165143
7290012956843,false,יין אדום יבש גלילי 7,,,יין אדום יבש גלילי 750 מל,מיליליטרים,750.00,"100 מ""ל",false,1,39.90,5.3200,true,1,165145
7290012956850,false,יין אדום יבש גלילי 7,,,יין אדום יבש גלילי 750 מל,מיליליטרים,750.00,"100 מ""ל",false,1,39.90,5.3200,true,1,165144
7290012962165,false,כפפות איזי טאץ משק ב,,,כפפות איזי טאצק משק בית,Unknown,0.00,Unknown,false,1,5.90,0.0000,true,1,132136
7290012962448,false,מדליק פחם נוזלי איזי,איזי לייט,,מדליק פחם נוזלי איזי לייט 250מל,מיליליטרים,250.00,"100 מ""ל",false,1,15.90,6.3600,true,1,128016
7290012962455,false,רדיד אלומיניום עבה ב,הוסטס,,רדיד אלומיניום עבה במיוחד 50מטר,יחידה,1.00,יחידה,false,1,46.90,46.9000,true,1,128015
7290012962561,false,קיסמי שיניים 500 יח,הוסטס,,קיסמי שיניים 500יח,יחידה,1.00,יחידה,false,1,4.90,4.9000,true,1,128577
7290012962578,false,צימרוני אוזניים עץ 3,כוטון סופט,,צימרוני אוזניים עץ 300יח,Unknown,0.00,Unknown,false,1,9.90,0.0000,true,1,128229
7290012962592,false,מדליק פחם אקולוגי 32,איזי לייט,,מדליק פחם אקולוגי 32 יח 165 גר,גרמים,165.00,100 גרם,false,1,9.90,6.0000,true,1,129491
7290012962677,false,ניילון נצמד 150 מ,הוסטס,,ניילון נצמד 150מט,מטרים,150.00,מטר,false,1,29.90,0.1993,true,1,129108
7290012962974,false,כפיות הוסטס עבה במיו,F.P.S,,כפיות הוסטס עבה במיוחד 50 יח,Unknown,0.00,Unknown,false,1,8.90,0.0000,true,1,130818
7290012971839,false,כוסמת עם בשר 400 גר,,,כוסמת עם בשר 400 גר,גרמים,400.00,100 גרם,false,1,14.90,3.7250,true,1,135938
7290012983320,false,מלית תמרים בגביע 450,,,מלית תמרים בגביע 450 גר,גרמים,450.00,100 גרם,false,1,5.90,1.3111,true,1,143530
7290012996450,false,מרכך כביסה הפי מרוכז,מיפא,,מרכך כביסה הפי מרוכז פרחי אביב 1 ל,ליטרים,1.00,ליטר,false,1,9.90,9.9000,true,1,135448
7290012996610,false,טבליות לניקוי אסלה 1,בודיך,,טבליות לניקוי אסלה 14 יח,גרמים,400.00,100 גרם,false,1,14.90,3.7250,true,1,135445
7290013038432,false,אקווה נובה 2 ל,,,אקווה נובה 2 ליטר,מיליליטרים,2000.00,"100 מ""ל",false,1,3.90,0.1950,true,1,122028
7290013083661,false,מטרנה אקסטרה קר שלב,מטרנה,,מטרנה אקסטרה קר שלב,גרמים,700.00,100 גרם,false,1,59.90,8.5571,true,1,122029
7290013083678,false,מטרנה אקסטרה קר שלב,מטרנה,,מטרנה אקסטרה קר שלב,גרמים,700.00,100 גרם,false,1,59.90,8.5571,true,1,122030
7290013083685,false,מטרנה אקסטרה קר שלב,מטרנה,,מטרנה אקסטרה קר שלב,גרמים,700.00,100 גרם,false,1,59.90,8.5571,true,1,122031
7290013083999,false,חול קריסטלי לחתולים,,,חול קריסטלי לחתולים,ליטרים,3.80,ליטר,false,1,19.90,5.2368,true,1,122032
7290013107015,false,ממרח בטעם כבד קלאסי,,,ממרח בטעם כבד קלאסי 130 גר,גרמים,130.00,100 גרם,false,1,6.90,5.3077,true,1,173746
7290013107039,false,ממרח בטעם כבד עם פטר,,,ממרח בטעם כבד עם פטריות 130 גר,גרמים,130.00,100 גרם,false,1,6.90,5.3077,true,1,173748
7290013117212,false,בורקס פילוי גבינה מע,,,בורקס פילוי במילוי ג,גרמים,600.00,100 גרם,false,1,18.90,3.1500,true,1,122033
7290013117236,false,בורקס פילו פיצה 600,,,בורקס פילו פיצה 600,גרמים,600.00,100 גרם,false,1,18.90,3.1500,true,1,122035
7290013117410,false,בצק פריך מתוק 900 גר,,,בצק פריך מתוק 900 גר,גרמים,900.00,100 גרם,false,1,19.90,2.2111,true,1,122037
7290013117427,false,בצק פריך מלוח 900 גר,,,בצק פריך מלוח 900 גר,גרמים,900.00,100 גרם,false,1,19.90,2.2111,true,1,122038
7290013117526,false,בצק שמרים למאפים מתו,,,בצק שמרים למאפים מתוקים 900 גר,גרמים,900.00,100 גרם,false,1,19.90,2.2111,true,1,122039
7290013146755,false,מימונס קצפת 24% 500,,,מימונס קצפת 24% 500 גר,גרמים,500.00,100 גרם,false,1,13.90,2.7800,true,1,164917
7290013146762,false,מימונס קצפת 24% 200,,,מימונס קצפת 24% 200 גר,גרמים,200.00,100 גרם,false,1,6.90,3.4500,true,1,164916
7290013153418,false,מיץ פריגת סחוט לימונ,,,מיץ פריגת סחוט לימונענע 1 ל,ליטרים,1.00,ליטר,false,1,18.90,18.9000,true,1,130820
7290013153593,false,רכז פריגת תפוזים מתק,,,רכז פריגת תפוזים מתקתק 1 ל,ליטרים,1.00,ליטר,false,1,13.90,13.9000,true,1,136640
7290013187871,false,נקניק סרוולט אוסטרי,,,נקניק סרוולט אוסטרי 170 גר,גרמים,170.00,100 גרם,false,1,35.90,21.1176,true,1,134700
7290013187888,false,נקניק סרוולט רוסקי 1,,,נקניק סרוולט רוסקי 170 גר,גרמים,170.00,100 גרם,false,1,36.90,21.7059,true,1,134701
7290013220103,false,דובדבן 500 גר,,,דובדבן 500 גר,גרמים,500.00,100 גרם,false,1,19.90,3.9800,true,1,126694
7290013220110,false,פטל אדום קפוא 500 גר,,,פטל אדום קפוא 500 גר,גרמים,500.00,100 גרם,false,1,29.90,5.9800,true,1,126688
7290013220127,false,דומדמניות שחורות 500,,,דומדמניות שחורות 500 גר,גרמים,500.00,100 גרם,false,1,19.90,3.9800,true,1,126696
7290013220134,false,מיקס פירות שדה 500 ג,,,מיקס פירות שדה 500 גר,גרמים,500.00,100 גרם,false,1,19.90,3.9800,true,1,126697
7290013220196,false,אוכמניות צהובות אובל,,,אוכמניות צהובות אובלפיחה 400 גר,גרמים,400.00,100 גרם,false,1,29.90,7.4750,true,1,148475
7290013220301,false,פטל שחור 500 גר,,,פטל שחור 500 גר,גרמים,500.00,100 גרם,false,1,24.90,4.9800,true,1,126689
7290013220318,false,חמוציות גן 400 גר,,,חמוציות גן 400 גר,גרמים,400.00,100 גרם,false,1,24.90,6.2250,true,1,126690
7290013220349,false,דומדמניות אדומות 500,,,דומדמניות אדומות 500 גר,גרמים,500.00,100 גרם,false,1,19.90,3.9800,true,1,126695
7290013220400,false,מיקס פירות יער 500 ג,,,מיקס פירות יער 500 גר,גרמים,500.00,100 גרם,false,1,24.90,4.9800,true,1,126698
7290013220486,false,תות עץ 400 גר,,,תות עץ 400 גר,גרמים,400.00,100 גרם,false,1,29.90,7.4750,true,1,170011
7290013220905,false,אוכמניות אדומות 400,,,אוכמניות אדומות 400 גר,גרמים,400.00,100 גרם,false,1,29.90,7.4750,true,1,126693
7290013220912,false,חמוציות יער 400 גר,,,חמוציות יער 400 גר,גרמים,400.00,100 גרם,false,1,29.90,7.4750,true,1,145970
7290013220929,false,אוכמניות כחולות 400,,,אוכמניות כחולות 400 גר,גרמים,400.00,100 גרם,false,1,29.90,7.4750,true,1,126692
7290013221018,false,מנגו קפוא 500 גר,,,מנגו קפוא 500 גר,גרמים,500.00,100 גרם,false,1,24.90,4.9800,true,1,143431
7290013268020,false,מרכך כביסה מרוכז אול,,,"מרכך כביסה ""מקסימה""",מיליליטרים,1000.00,"100 מ""ל",false,1,16.90,1.6900,true,1,122048
7290013268242,false,ריצפז פרש הום מלון מ,,,ריצפז פרש הום מלון מפנק 2 ל,ליטרים,2.00,ליטר,false,8,17.90,8.9500,true,1,155603
7290013268372,false,פוליויקס פרקט בניחוח,,,סנו פוליויקס פרקט בתוספת שמן ארגן 2 ל,ליטרים,2.00,ליטר,false,8,19.90,9.9500,true,1,157125
7290013268570,false,דאודורנט ספריי לגבר,,,דאודורנט ספריי לגבר קאלם קרמה 200 מל,מיליליטרים,200.00,"100 מ""ל",false,1,14.90,7.4500,true,1,122054
7290013268594,false,דאודורנט ספריי לגבר,,,דאודורנט ספריי לגבר פוור קרמה 200 מל,מיליליטרים,200.00,"100 מ""ל",false,1,14.90,7.4500,true,1,122055
7290013268884,false,נוזל לרצפות ריצפז פר,,,"נוזל לניקוי רצפה ""סנ",ליטרים,2.00,ליטר,false,1,17.90,8.9500,true,1,122063
7290013268891,false,גל להסרת כתמים סנו א,,,"סנו ג""ל ""אוקסיג""ן"" 3",ליטרים,3.00,ליטר,false,1,26.90,8.9667,true,1,122064
7290013268907,false,גל כביסה מרוכז ביו ס,,,"ג""ל כביסה ""מקסימה"" ק",ליטרים,3.00,ליטר,false,1,28.90,9.6333,true,1,122065
7290013268983,false,מרכך מקסימה מרוכז בב,,,מרכך מקסימה מרוכז בבישום עוצמתי 1 ל,ליטרים,1.00,ליטר,false,1,16.90,16.9000,true,1,165010
7290013269003,false,מרכך כביסה סנו מקסימ,,,"מרכך כביסה ""סנו מקסימה"" בייבי 1 ל",מיליליטרים,1000.00,"100 מ""ל",false,1,16.90,1.6900,true,1,122068
7290013269263,false,גל כביסה מקסימה קריס,,,"ג""ל כביסה ""מקסימה"" קריסטל 3 ל",מיליליטרים,3000.00,"100 מ""ל",false,1,28.90,0.9633,true,1,122070
7290013269287,false,גל כביסה מקסימה מאסק,,,"ג""ל כביסה ""מקסימה"" מאסק 3 ל",Unknown,0.00,Unknown,false,1,28.90,0.0000,true,1,126224
7290013269621,false,תרכיז לניקוי רצפות ס,,,תרכיז לניקוי רצפות סנו ריצפז פרש הום 2ל,ליטרים,2.00,ליטר,false,8,17.90,8.9500,true,1,144857
7290013269645,false,מטליות לחות לרצפה,,,"מטליות לחות לרצפה ""ריצפז פרש"" מאסק",Unknown,0.00,Unknown,false,1,9.90,0.0000,true,1,126664
7290013269690,false,גל לאסלה סנובון בניח,,,גל לאסלה סנובון בניחוח לימון,מיליליטרים,55.00,"100 מ""ל",false,1,6.90,12.5455,true,1,128086
7290013269706,false,גל לאסלה סנובון בניח,,,גל לאסלה סנובון בניחוח אוקיינוס,מיליליטרים,55.00,"100 מ""ל",false,1,6.90,12.5455,true,1,128087
7290013269751,false,מטליות לחות לניקוי,,,ריצפז מטליות לחות לניקוי הרצפה בניחוח מל,Unknown,0.00,Unknown,false,12,9.90,0.0000,true,1,144856
7290013269911,false,K-300 קוטל חרקים תרס,,,תרסיס לקטילה מיידית,מיליליטרים,750.00,"100 מ""ל",false,1,28.90,3.8533,true,1,122073
7290013284075,false,זיתים פריניר טבעות מ,פריניר,,זיתים פריניר טבעות מושחר 560 גר,גרמים,560.00,100 גרם,false,1,9.90,1.7679,true,1,135120
7290013284082,false,זיתים פריניר חרוזית,פריניר,,זיתים פריניר חרוזית מושחר 560 גר,גרמים,560.00,100 גרם,false,1,9.90,1.7679,true,1,135121
7290013284112,false,זיתים פריניר חרוזית,פריניר,,זיתים פריניר חרוזית ירוק 560 גר,גרמים,560.00,100 גרם,false,1,9.90,1.7679,true,1,135124
7290013284136,false,מלפפונים פריניר במלח,פריניר,,מלפפונים פריניר במלח 7-9 560 גר,גרמים,560.00,100 גרם,false,1,5.90,1.0536,true,1,135125
7290013284143,false,מלפפונים פריניר במלח,פריניר,,מלפפונים פריניר במלח 10-12 560 גר,גרמים,560.00,100 גרם,false,1,7.90,1.4107,true,1,135127
7290013284150,false,מלפפונים פריניר במלח,פריניר,,מלפפונים פריניר במלח 13-17 560 גר,גרמים,560.00,100 גרם,false,1,8.90,1.5893,true,1,135129
7290013284174,false,מלפפונים פריניר בחומ,פריניר,,מלפפונים פריניר בחומץ 7-9 560 גר,גרמים,560.00,100 גרם,false,1,5.90,1.0536,true,1,135126
7290013284198,false,מלפפונים פריניר בחומ,פריניר,,מלפפונים פריניר בחומץ 13-17 560 גר,גרמים,560.00,100 גרם,false,12,8.90,1.5893,true,1,135130
7290013284310,false,רוטב פסטה פריניר ליל,פריניר,,רוטב פסטה פריניר לילדים 240 גר,גרמים,240.00,100 גרם,false,1,5.90,2.4583,true,1,135133
7290013310019,false,קסמי שיניים רפואיים,הוסטס,,קסמי שיניים רפואיים,Unknown,0.00,Unknown,false,1,7.90,0.0000,true,1,122075
7290013310163,false,מדליק פחם מוצק איזי,איזי לייט,,מדליק פחם מוצק איזי לייט 40יח,יחידה,1.00,יחידה,false,1,9.90,9.9000,true,1,128576
7290013310590,false,מטלית הפלא מיקרו פיי,יוניסן,,"מטלית הפלא ""יוניסאן"" חמישייה",Unknown,0.00,Unknown,false,1,11.90,0.0000,true,1,126025
7290013318091,false,צנימים בייגלה 400 גר,פורמן אפייה,,צנימים בייגלה 400 גר,גרמים,400.00,100 גרם,false,1,13.90,3.4750,true,1,125532
7290013358356,false,פירורי לחם מנה מוזהב,EinatFood,,"פירורי לחם ""מנה""מוזהבים 350 גר",גרמים,320.00,100 גרם,false,1,5.90,1.8438,true,1,125624
7290013358363,false,פירורי לחם מנה פנקו,Mana,,"פירורי לחם ""מנה"" פנקו מוזהבים 300 גר",גרמים,300.00,100 גרם,false,1,9.90,3.3000,true,1,125625
7290013358431,false,קרוטוני סלט מנה עגבנ,EinatFood,,קרוטונים מנה לסלט עגבניות בזיליקום 200גר,גרמים,200.00,100 גרם,false,1,11.90,5.9500,true,1,129037
7290013358462,false,מיני קרוטונים למרק מ,EinatFood,,מיני קרוטונים למרק מנה שום בצל 350גר,גרמים,350.00,100 גרם,false,1,18.90,5.4000,true,1,129150
7290013358530,false,רוטב צילי מתוק מאסטר,,,רוטב צילי מתוק מאסטר שף 700מל,מיליליטרים,700.00,"100 מ""ל",false,1,12.90,1.8429,true,1,129773
7290013358547,false,רוטב צילי חריף מאסטר,,,רוטב צילי חריף מאסטר שף 700מל,מיליליטרים,700.00,"100 מ""ל",false,1,9.80,1.4000,true,1,129774
7290013358585,false,נודלס ביצים מאסטר שף,,,נודלס ביצים מאסטר שף 400גר,גרמים,400.00,100 גרם,false,1,9.90,2.4750,true,1,129771
7290013361981,false,ציפס פרי הגליל 2 קג,"פרי הגליל בע""""מ",,"ציפס קייטרינג ק""ג",קילוגרמים,2.00,"ק""ג",false,1,21.90,10.9500,true,1,125152
7290013381088,false,עמבה הודית 500 גר,,,עמבה הודית 500 גר,גרמים,500.00,100 גרם,false,1,9.90,1.9800,true,1,137702
7290013381187,false,אל סבון אלפא 1 ל,אלפא,,אל סבון אלפא 1 ל,ליטרים,1.00,ליטר,false,1,8.90,8.9000,true,1,138541
7290013381194,false,פותח סתימות 220 גר,סטרוכם,,פותח סתימות 220 גרם,גרמים,220.00,100 גרם,false,1,12.90,5.8636,true,1,122091
7290013381217,false,גפרון ארוך,י.ד. יבוא,,גפרון ארוך,Unknown,0.00,Unknown,false,1,7.90,0.0000,true,1,122092
7290013381293,false,שקיות פתח סגור גדול,QINGDAO XIRONG,,שקיות פתח סגור גדול,Unknown,0.00,Unknown,false,1,9.90,0.0000,true,1,122095
7290013381545,false,פירורי לחם מוזהבים 8,חטיפים מן הטבע,,פירורי לחם מוזהבים 800גר,גרמים,800.00,100 גרם,false,1,12.90,1.6125,true,1,129321
7290013381736,false,מטליות רצפה מיקרו של,"מ.א. בע""מ",,מטליות רצפה מיקרו שלישייה,Unknown,0.00,Unknown,false,1,19.90,0.0000,true,1,132782
7290013381996,false,סרדינים בשמן זית 125,Erg Conserve Sarl,,סרדינים בשמן זית 125 גר,גרמים,125.00,100 גרם,false,1,5.90,4.7200,true,1,130277
7290013389114,false,ניוקי תפוא 500 גר,Ciemme alimentari sr,,"ניוקי תפו""א 500 גר""",גרמים,500.00,100 גרם,false,1,7.90,1.5800,true,1,122101
7290013389138,false,ניוקי שלושה צבעים 50,Ciemme alimentari sr,,ניוקי שלושה צבעים 50,גרמים,500.00,100 גרם,false,1,7.90,1.5800,true,1,122103
7290013389145,false,מיני ניוקי 500 גר,Ciemme alimentari sr,,"מיני ניוקי 500 גר""",גרמים,500.00,100 גרם,false,1,7.90,1.5800,true,1,122104
7290013389398,false,קמח תירס דק 1 קג,,,"קמח תירס דק 1 ק""ג",קילוגרמים,1.00,"ק""ג",false,1,13.90,13.9000,true,1,136186
7290013411013,false,סלט כרוב 1 קג,,,"סלט כרוב 1 ק""ג",קילוגרמים,1.00,"ק""ג",false,1,19.90,19.9000,true,1,133092
7290013411143,false,סלט גזר קוריאני 500,,,סלט גזר קוריאני 500 גר,גרמים,500.00,100 גרם,false,1,16.90,3.3800,true,1,133091
7290013411150,false,מלפפון בייבי 1 קג,,,"מלפפון בייבי 1 ק""ג",קילוגרמים,1.00,"ק""ג",false,1,25.90,25.9000,true,1,133088
7290013411198,false,סלטי אסורטי 1 קג,,,"סלטי אסורטי 1 ק""ג",קילוגרמים,1.00,"ק""ג",false,1,25.90,25.9000,true,1,133086
7290013411204,false,סלט כרוב בולגרי 1 קג,,,"סלט כרוב בולגרי 1 ק""ג",קילוגרמים,1.00,"ק""ג",false,1,24.90,24.9000,true,1,133097
7290013411211,false,עגבניות שרי 1 קג,,,"עגבניות שרי 1 ק""ג",קילוגרמים,1.00,"ק""ג",false,1,25.90,25.9000,true,1,133089
7290013411303,false,צימצה ברוטב אדגיקה 1,,,"צמצה ברוטב אדגיקה 1 ק""ג",קילוגרמים,1.00,"ק""ג",false,1,26.90,26.9000,true,1,144413
7290013411341,false,פטריות אופייטה 500 ג,,,פטריות אופייטה 500 גר,גרמים,500.00,100 גרם,false,1,22.90,4.5800,true,1,172365
7290013411365,false,גבינת סמוקרלה פרוס 2,,,גבינת סמוקרלה פרוס 200 גר,גרמים,200.00,100 גרם,false,1,19.90,9.9500,true,1,170175
7290013411518,false,גבינה גאודה בקר הולנ,,,גבינה גאודה בקר הולנדית 200 גר,גרמים,200.00,100 גרם,false,1,15.90,7.9500,true,1,163166
7290013411525,false,גבינה אמנטל שוויצרי,,,גבינה אמנטל שוויצרי 200 גר,גרמים,200.00,100 גרם,false,1,19.90,9.9500,true,1,163167
7290013411532,false,גבינה גאודה עיזים הו,,,גבינה גאודה עיזים הולנדית 200 גר,גרמים,200.00,100 גרם,false,1,26.90,13.4500,true,1,163168
7290013411556,false,גבינה צדר כתום אנגלי,,,גבינה צדר כתום אנגלי 200 גר,גרמים,200.00,100 גרם,false,1,22.90,11.4500,true,1,163170
7290013411754,false,פטריות שיטאקי 500 גר,,,פטריות שיטאקי 500 גר,גרמים,500.00,100 גרם,false,1,22.90,4.5800,true,1,172369
7290013411778,false,פטריות שמפניון 500 ג,,,פטריות שמפניון 500 גר,גרמים,500.00,100 גרם,false,1,22.90,4.5800,true,1,172367
7290013451927,false,פריכיות כוסמת ללא מל,,,פריכיות כוסמת ללא מלח 175 גר,גרמים,175.00,100 גרם,false,1,11.90,6.8000,true,1,128995
7290013453624,false,עוגיות קמח שקדים שוק,,,עוגיות קמח שקדים שוקוציפס ללא גלוטן 230,גרמים,230.00,100 גרם,false,1,25.90,11.2609,true,1,158398
7290013472199,false,ערמונים קלופים וקלוי,הבי ליקואן,,ערמונים קלופים וקלוי 100 גר,גרמים,100.00,100 גרם,false,1,4.90,4.9000,true,1,122109
7290013472892,false,הבולגריה בקוביות 200,קוליוס,,הבולגריה בקוביות 200 גר,גרמים,200.00,100 גרם,false,1,10.90,5.4500,true,1,125797
7290013520067,false,לחמניית אצבע 10 יח 7,,,לחמניית אצבע 10 יח 750 גר,גרמים,750.00,100 גרם,false,1,15.90,2.1200,true,1,134193
7290013531117,false,רוטב פסטה לילדים 240,יכין,,"רוטב פסטה לילדים 260 ג""ר",גרמים,240.00,100 גרם,false,1,5.90,2.4583,true,1,125964
7290013531377,false,תורמוס יכין 560 גר,,,תורמוס יכין 560 גר,גרמים,560.00,100 גרם,false,1,8.90,1.5893,true,1,141133
7290013531582,false,זיתים מגולענים יכין,,,זיתים מגולענים יכין 3*200 גר,גרמים,600.00,100 גרם,false,1,13.90,2.3167,true,1,170743
7290013531612,false,רוטב עגבניות לפסטה נ,,,רוטב עגבניות לפסטה נפוליטנה יכין 260 גר,גרמים,240.00,100 גרם,false,1,5.90,2.4583,true,1,141129
7290013531629,false,רוטב עגבניות לפסטה פ,,,רוטב עגבניות לפסטה פומודורו יכין 260 גר,גרמים,240.00,100 גרם,false,1,5.90,2.4583,true,1,141128
7290013531759,false,שעועית לבנה במים יכי,יכין,,שעועית אפויה במים,גרמים,550.00,100 גרם,false,1,8.90,1.6182,true,1,130408
7290013542144,false,כוסות נייר 4 אוז 50,,,כוסות נייר 4 אוז 50 יח,Unknown,0.00,Unknown,false,1,5.90,0.0000,true,1,122125
7290013542168,false,כוס נייר 10 אוז 50 י,,,כוס נייר 10 אוז 50 יח,Unknown,0.00,Unknown,false,1,12.90,0.0000,true,1,128752
7290013542236,false,כוסות חד פעמיות פלסט,,,כוסות חד פעמיות פלסטיק דנטס 100 יח,Unknown,0.00,Unknown,false,1,6.90,0.0000,true,1,122127
7290013542342,false,נייר אפיה ביתי 50 יח,,,נייר אפיה ביתי 50 יח,Unknown,0.00,Unknown,false,1,8.90,0.0000,true,1,128850
7290013542540,false,תבניות אלומיניום 5,,,תבניות אלומיניום 5,Unknown,0.00,Unknown,false,1,9.90,0.0000,true,1,128776
7290013542564,false,תבניות אלומיניום 15,,,תבניות אלומיניום 15,Unknown,0.00,Unknown,false,1,9.90,0.0000,true,1,128773
7290013542571,false,תבניות אלומיניום 10,,,תבניות אלומיניום 10,Unknown,0.00,Unknown,false,1,9.90,0.0000,true,1,128775
7290013542588,false,תבניות אלומיניום 8,,,תבניות אלומיניום 8,Unknown,0.00,Unknown,false,1,9.90,0.0000,true,1,128774
7290013542632,false,מפת שולחן ראנר מעוצב,,,מפת שולחן ראנר מעוצבת 137,Unknown,0.00,Unknown,false,1,6.90,0.0000,true,1,128786
7290013580009,false,המבורגר זהב 400 גר,,,המבורגר זהב 400 גר,גרמים,400.00,100 גרם,false,,19.90,4.9750,true,1,150428
7290013585233,false,ספרייט זירו פח סליק,,,ספרייט זירו פח סליק 330מל,מיליליטרים,330.00,"100 מ""ל",false,1,4.90,1.4848,true,1,129711
7290013585257,false,ספרייט זירו 500 מל,,,ספרייט זירו 500מל,מיליליטרים,500.00,"100 מ""ל",false,1,6.90,1.3800,true,1,129710
7290013585387,false,קוקה קולה זירו 1 ל,קוקה קולה,,קוקה קולה זירו 1ל,ליטרים,1.00,ליטר,false,1,7.50,7.5000,true,1,129539
7290013608260,false,מיץ פרימור רימונים 1,"גניר (1992) בע""מ",,מיץ פרימור רימונים 1ל,ליטרים,1.00,ליטר,false,1,24.90,24.9000,true,1,127925
7290013675194,false,שניצל מאמא עוף אמיתי,מאמא עוף,,שניצל מאמא עוף אמיתי ביתי 700 גר,גרמים,700.00,100 גרם,false,1,39.90,5.7000,true,1,130819
7290013675545,false,שניצל כלי תחבורה מאמ,,,שניצל כלי תחבורה מאמא עוף 700 גר,גרמים,700.00,100 גרם,false,1,31.90,4.5571,true,1,142614
7290013710215,false,שמן פשתן 250 מל,BETTER FLEX,,שמן פשתן 250מל,מיליליטרים,250.00,"100 מ""ל",false,1,32.90,13.1600,true,1,129634
7290013710314,false,סובין חיטה 200 גר,BETTER FLEX,,סובין חיטה 200גר,גרמים,200.00,100 גרם,false,1,10.90,5.4500,true,1,129641
7290013710338,false,סובין פישתן3 200 גר,BETTER FLEX,,סובין פישתן3 200גר,גרמים,200.00,100 גרם,false,1,10.90,5.4500,true,1,129642
7290013710352,false,סובין שיבולת שועל 20,BETTER FLEX,,סובין שיבולת שועל 200גר,גרמים,200.00,100 גרם,false,1,10.90,5.4500,true,1,129644
7290013710406,false,זרעי פישתן טחונים 40,BETTER FLEX,,זרעי פישתן טחונים 400גר,גרמים,400.00,100 גרם,false,1,11.90,2.9750,true,1,129646
7290013713049,false,בירה גמס חזקה בק 330,,,בירה גמס חזקה בק 330 מל,מיליליטרים,330.00,"100 מ""ל",false,1,12.90,3.9091,true,1,140408
7290013720771,false,שרימפס בייבי 500 גר,,,שרימפס בייבי 500גר,גרמים,500.00,100 גרם,false,1,29.90,5.9800,true,1,127860
7290013720801,false,שרימפס מקולף מבשל 1,,,שרימפס מקולף מבשל 1 קג,קילוגרמים,1.00,"ק""ג",false,1,79.90,79.9000,true,1,127998
7290013720924,false,ממרח פטה אווז 140 גר,,,ממרח פטה אווז 140 גר,גרמים,140.00,100 גרם,false,1,15.90,11.3571,true,1,129804
7290013724816,false,חטיף דגנים בתוספת צי,,,חטיף דגנים בתוספת צימוקים ותמרים 175 גר,גרמים,175.00,100 גרם,false,1,9.90,5.6571,true,1,157744
7290013847454,false,טונה בשמן קנולה סטאר,,,רביעיית טונה סטארקיס בשמן קנולה 160 גר,גרמים,640.00,100 גרם,false,1,23.90,3.7344,true,1,164998
7290013848437,false,דאודורנט קרמה מן ספר,,,"דאודורנט ""קרמה מן"" ספרי 180 מל",מיליליטרים,180.00,"100 מ""ל",false,1,14.90,8.2778,true,1,126212
7290013848611,false,סנו סושי רדיר אלומינ,,,"רדיד אלומיניום ""סנו סושי"" 61 מטר",Unknown,0.00,Unknown,false,1,36.90,0.0000,true,1,125950
7290013848758,false,גל כביסה מקסימה מרוכ,,,"ג""ל כביסה ""סנו מקסימה"" מרוכז בייבי סנסיט",ליטרים,3.00,ליטר,false,1,29.90,9.9667,true,1,126951
7290013883407,false,ספריי מחטא ומשמיד חי,מרקה,,"חיטוי כללי מרסס דזיטול 750 מ""ל",מיליליטרים,750.00,"100 מ""ל",false,1,14.90,1.9867,true,1,135440
7290013885173,false,יוגורט 850 גר,,,יוגורט 850 גר,גרמים,850.00,100 גרם,false,1,18.90,2.2235,true,1,148868
7290013906052,false,נקניקיות פרגיות 300,,,נקניקיות פרגיות 300 גר,גרמים,300.00,100 גרם,false,1,12.90,4.3000,true,1,126015
7290013906205,false,פסטרמה טירת צבי שום,טירת- צבי,,"פסטרמה ""טירת צבי"" שום וצילי 400 גר",גרמים,400.00,100 גרם,false,1,24.90,6.2250,true,1,126111
7290013906212,false,נקניקיות וינר 1 קג,טירת- צבי,,נקניקיות וינר 1 קג,קילוגרמים,1.00,"ק""ג",false,1,24.90,24.9000,true,1,126296
7290013906441,false,קבנוס טירת צבי 120 ג,טירת- צבי,,"קבנוס ""טירת צבי"" 120 גר",גרמים,120.00,100 גרם,false,1,11.90,9.9167,true,1,127129
7290013906489,false,חטיפי קבנוס טירת צבי,טירת- צבי,,"חטיפי קבנוס ""טירת צבי"" 120 גר",גרמים,120.00,100 גרם,false,1,11.90,9.9167,true,1,127131
7290013906687,false,נקניק צמד כפרית ברבי,טירת- צבי,,נקניק צמד כפרית ברביקיו דבש 600 גר,גרמים,600.00,100 גרם,false,1,25.90,4.3167,true,1,132924
7290013906694,false,נקניקיות עוף 1.5 קג,זארובי,,נקניקיות עוף 1.5 קג,קילוגרמים,1.50,"ק""ג",false,1,35.90,23.9333,true,1,169581
7290013927156,false,עוגת פירות יער ללא ס,אחווה,,עוגת פירות יער ללא סוכר 450 גר,גרמים,450.00,100 גרם,false,1,17.90,3.9778,true,1,125730
7290013927996,false,עוגת שמרים אחווה קרא,,,עוגת שמרים אחווה קראנץ שוקו 400 גר,גרמים,400.00,100 גרם,false,1,13.90,3.4750,true,1,157185
7290014002197,false,חליטות תה גן הקסום ק,,,"חליטות תה ""גן הקסום"" קמומיל ולימונית 25",גרמים,38.00,100 גרם,false,1,17.90,47.1053,true,1,125627
7290014002203,false,חליטות תהגן הקסום לי,,,"חליטות תה""גן הקסום"" לימונית לואיזה 25 שק",גרמים,38.00,100 גרם,false,1,17.90,47.1053,true,1,125600
7290014002944,false,תה גן קסום חליטת חמד,,,תה גן קסום חליטת פירות וצמחים 25שק,גרמים,58.00,100 גרם,false,1,17.90,30.8621,true,1,128245
7290014002982,false,תה ירוק ויסוצקי לימו,,,תה ירוק ויסוצקי לימונית לואיזה עלי סטיבי,יחידה,1.00,יחידה,false,1,24.90,24.9000,true,1,127539
7290014016002,false,לחם פרוס 450 גר,,,לחם פרוס 450 גר,גרמים,450.00,100 גרם,false,8,15.90,3.5333,true,1,161793
7290014016040,false,לחם רך במיוחד ללא תו,,,לחם רך במיוחד ללא תוספת סוכר 450 גר,גרמים,450.00,100 גרם,false,8,15.90,3.5333,true,1,161794
7290014016057,false,לחם כפרי ללא תוספת ס,,,לחם כפרי ללא תוספת סוכר 600 גר,גרמים,600.00,100 גרם,false,8,19.90,3.3167,true,1,161795
7290014016071,false,לחמניות נקניקיה 420,,,שישיית לחמניות נקניקיה 420 גר,גרמים,420.00,100 גרם,false,8,15.90,3.7857,true,1,161797
7290014016118,false,לחמניות סנדויץ ללא ג,,,רביעיית לחמניות סנדוויץ 400 גר,גרמים,400.00,100 גרם,false,8,15.90,3.9750,true,1,161798
7290014016231,false,פיתות רכות ללא גלוטן,,,חמישיית פיתות רכות 450 גר,גרמים,450.00,100 גרם,false,8,15.90,3.5333,true,1,161792
7290014017269,false,דגנים במילוי קרם נוג,,,דגנים במילוי קרם נוגט 375 גר,גרמים,375.00,100 גרם,false,10,14.90,3.9733,true,1,161807
7290014017276,false,דגנים במילוי קרם שוק,,,דגנים במילוי קרם שוקולד 375 גר,גרמים,375.00,100 גרם,false,10,14.90,3.9733,true,1,161808
7290014046016,false,פסטרמה של פעם 100% 2,,,פסטרמה של פעם 100% 250 גר,גרמים,250.00,100 גרם,false,1,25.90,10.3600,true,1,140646
7290014046047,false,פסטרמה הודו מעודנת צ,מעדני יחיעם 1993,,פסטרמה הודו מעודנת צבר 600גר,גרמים,600.00,100 גרם,false,1,25.90,4.3167,true,1,127787
7290014046474,false,נקניקיות עוף 1.5 קג,,,"נקניקיות עוף 1.5 ק""ג",קילוגרמים,1.50,"ק""ג",false,1,25.90,17.2667,true,1,140657
7290014046580,false,פסטרמה מעודנת על גחל,מעדני יחיעם 1993,,פסטרמה מעודנת על גחלים 300גר,גרמים,300.00,100 גרם,false,1,21.90,7.3000,true,1,129224
7290014066366,false,קפסולות קפה לנדוור א,,IL,קפסולות קפה לנדוור אספרסו ריסטרטו 10 יח,Unknown,0.00,Unknown,false,12,16.90,0.0000,true,1,156601
7290014066380,false,קפסולות קפה לנדוור א,,IL,קפסולות קפה לנדוור אספרסו סופרימו 10 יח,Unknown,0.00,Unknown,false,12,16.90,0.0000,true,1,156598
7290014066441,false,קפסולות קפה לנדוור א,,IL,קפסולות קפה לנדוור אספרסו נטול קפאין 10,Unknown,0.00,Unknown,false,12,16.90,0.0000,true,1,156596
7290014066526,false,קפסולות קפה לנדוור א,,IL,קפסולות קפה לנדוור אספרסו תערובת בית 10,Unknown,0.00,Unknown,false,12,16.90,0.0000,true,1,156602
7290014079014,false,לבבות קיסר,ביכורי שדה דרום 2002,,לבבות קיסר,יחידה,1.00,יחידה,false,1,8.90,8.9000,true,1,125265
7290014079847,false,צמד בייבי בלה,,,צמד בייבי בלה,Unknown,0.00,Unknown,false,1,14.90,0.0000,true,1,131670
7290014079854,false,לבבות חסה ארץ הגליל,,,לבבות חסה ארץ הגליל,Unknown,0.00,Unknown,false,1,7.90,0.0000,true,1,131671
7290014088443,false,פירורי לחם מוזהבים 8,,,פירורי לחם מוזהבים 800 גר,גרמים,800.00,100 גרם,false,1,11.90,1.4875,true,1,168764
7290014088993,false,סודה לשתיה 1 קג,,,סודה לשתיה 1 קג,קילוגרמים,1.00,"ק""ג",false,15,11.90,11.9000,true,1,159031
7290014094260,false,שיני שום קלופים 170,,,שיני שום קלופים 170 גר,גרמים,170.00,100 גרם,false,1,11.90,7.0000,true,1,139817
7290014094338,false,גרעיני דלעת קלופים ש,,,גרעיני דלעת קלופים ששון הקולה 200 גר,גרמים,200.00,100 גרם,false,1,12.90,6.4500,true,1,146438
7290014094345,false,גרעיני חמניה קלופים,,,גרעיני חמניה קלופים ששון הקולה שקדיה 200,גרמים,200.00,100 גרם,false,1,10.90,5.4500,true,1,146443
7290014094352,false,אגוז מלך טבעי ששון ה,,,אגוז מלך טבעי ששון הקולה 200 גר,גרמים,200.00,100 גרם,false,1,14.90,7.4500,true,1,146411
7290014094369,false,שקד טבעי קופסא 200 ג,"דין שיווק וקליה בע""מ",,שקד טבעי קופסא 200 גר,גרמים,200.00,100 גרם,false,1,19.90,9.9500,true,1,168813
7290014094376,false,שזיפים ללא גלעין ששו,"דין שיווק וקליה בע""מ",,שזיפים ללא גלעין ששון הקולה 330 גר,גרמים,250.00,100 גרם,false,1,17.90,7.1600,true,1,146517
7290014094383,false,משמש מיובש ששון הקול,,,משמש מיובש ששון הקולה 330 גר,גרמים,250.00,100 גרם,false,1,17.90,7.1600,true,1,146472
7290014094406,false,צימוק בהיר ששון הקול,"דין שיווק וקליה בע""מ",,צימוק בהיר ששון הקולה 250 גר,גרמים,250.00,100 גרם,false,1,14.90,5.9600,true,1,146492
7290014094505,false,אורז בסמטי אהרוני די,,,"אורז בסמטי אהרוני דין שיווק וקליה 1 ק""ג",קילוגרמים,1.00,"ק""ג",false,1,9.90,9.9000,true,1,146418
7290014094512,false,רוטב טריאקי אהרוני 3,,,"רוטב טריאקי אהרוני 300 מ""ל",מיליליטרים,300.00,"100 מ""ל",false,1,10.90,3.6333,true,1,149331
7290014094529,false,רוטב סויה אהרוני 300,,,"רוטב סויה אהרוני 300 מ""ל",מיליליטרים,300.00,"100 מ""ל",false,1,10.90,3.6333,true,1,149330
7290014094628,false,פקאן טבעי קופסא 200,,,פקאן טבעי 200 גר קופסא,גרמים,200.00,100 גרם,false,1,24.90,12.4500,true,1,155270
7290014094635,false,אגוזי ברזיל טבעי בדץ,,,"אגוזי ברזיל טבעי בד""ץ ששון הקולה 200 גר",גרמים,200.00,100 גרם,false,1,34.90,17.4500,true,1,146412
7290014094642,false,אגוזי קשיו טבעי ששון,,,אגוזי קשיו טבעי ששון הקולה 200 גר,גרמים,200.00,100 גרם,false,1,24.90,12.4500,true,1,146415
7290014094833,false,צימוקים בהירים ששון,"דין שיווק וקליה בע""מ",,צימוקים בהירים ששון הקולה 300 גר,גרמים,300.00,100 גרם,false,1,11.90,3.9667,true,1,146494
7290014095472,false,חטיף דגנים עם חמוציו,,,חטיף דגנים עם חמוציות ושוקולד מריר 125 ג,גרמים,125.00,100 גרם,false,1,9.90,7.9200,true,1,157747
7290014095496,false,חטיף דגנים עם אגוזים,,,חטיף דגנים עם אגוזים ושוקולד מריר 125 גר,גרמים,125.00,100 גרם,false,1,9.90,7.9200,true,1,157745
7290014095861,false,שיבולת שועל שקדיה דק,,,שיבולת שועל שקדיה דקה 500 גר,גרמים,500.00,100 גרם,false,1,3.90,0.7800,true,1,135141
7290014095960,false,שיבולת שועל שקדיה עב,,,שיבולת שועל שקדיה עבה 500 גר,גרמים,500.00,100 גרם,false,1,3.90,0.7800,true,1,135142
7290014218932,false,חטיפי פיצה בתוספת זי,,,חטיפי פיצה בתוספת זיתים 710 גר,גרמים,710.00,100 גרם,false,1,29.90,4.2113,true,1,151651
7290014256620,false,יין מבעבע באז קריניא,,,יין בוז קריניאנו 750מל,מיליליטרים,750.00,"100 מ""ל",false,1,29.90,3.9867,true,1,128965
7290014256637,false,יין מבעבע באז מוסקטו,,,יין בוז מוסקטו 750מל,מיליליטרים,750.00,"100 מ""ל",false,1,29.90,3.9867,true,1,128964
7290014318090,false,מיני ניוקי ללא גלוטן,,,מיני ניוקי ללא גלוטן 500 גר,גרמים,500.00,100 גרם,false,1,15.90,3.1800,true,1,134793
7290014318113,false,ניוקי תפוח אדמה ללא,,,ניוקי תפוח אדמה ללא גלוטן 500 גר,גרמים,500.00,100 גרם,false,1,15.90,3.1800,true,1,134794
7290014318137,false,עגבניות מיובשות בשמן,,,עגבניות מיובשות בשמן 285 גר,גרמים,285.00,100 גרם,false,1,19.90,6.9825,true,1,134725
7290014318168,false,ממרח פסטו 190 גר,,,ממרח פסטו 190 גר,גרמים,190.00,100 גרם,false,1,13.90,7.3158,true,1,134903
7290014318250,false,פולנטה איטלקית מקורי,,,"פולנטה איטלקית מקורית 1 ק""ג",קילוגרמים,1.00,"ק""ג",false,1,11.90,11.9000,true,1,134874
7290014318281,false,מחית פטריות כמהין 5%,,,מחית פטריות כמהין 5% 90 גר,גרמים,90.00,100 גרם,false,1,44.90,49.8889,true,1,134905
7290014318311,false,עגבניות פולפה 400 גר,,,עגבניות פולפה 400 גר שלישייה,גרמים,1200.00,100 גרם,false,1,16.90,1.4083,true,1,134726
7290014318410,false,צלפים 190 גר,,,צלפים 190 גר,גרמים,190.00,100 גרם,false,1,21.90,11.5263,true,1,134904
7290014318458,false,עגבניות פולפה פיניסי,,,עגבניות פולפה פיניסימה 680 גר,גרמים,680.00,100 גרם,false,1,12.90,1.8971,true,1,134927
7290014318670,false,רכז רימונים 250 מל,,,"רכז רימונים 250 מ""ל",מיליליטרים,250.00,"100 מ""ל",false,1,24.90,9.9600,true,1,143455
7290014318748,false,סירופ אגבה 330 מל,,,"סירופ אגבה 330 מ""ל",מיליליטרים,330.00,"100 מ""ל",false,12,19.90,6.0303,true,1,151726
7290014318762,false,מיץ רימונים אורגני 9,,,"מיץ רימונים אורגני 946 מ""ל",מיליליטרים,946.00,"100 מ""ל",false,1,22.90,2.4207,true,1,153296
7290014318861,false,קרם קוקוס אורגני,,,"קרם קוקוס אורגני 18% 250 מ""ל",מיליליטרים,250.00,"100 מ""ל",false,1,10.90,4.3600,true,1,153308
7290014397163,false,מטהר אוויר סנו פרש פ,,,מטהר אוויר סנו פרש פלורל הרמוני,מיליליטרים,250.00,"100 מ""ל",false,1,14.90,5.9600,true,1,139669
7290014397279,false,שקיות מזון גדולות 21,,,"שקיות מזון ""סנו סושי"" גדולות במיוחד 300",Unknown,0.00,Unknown,false,1,11.90,0.0000,true,1,125952
7290014397873,false,מרכך כביסה מקסימה גנ,,,מרכך כביסה סנו מקסימה GENTLE BREEZE,ליטרים,4.00,ליטר,false,6,21.90,5.4750,true,1,153337
7290014455245,false,גבינה גרנה פדנו משול,מחלבות גד שיווק 1992,,גבינה גרנה פדנו משולש 200 גר,גרמים,200.00,100 גרם,false,1,22.90,11.4500,true,1,130904
7290014455320,false,גבינת מוצרלה כדור 10,,,גבינת מוצרלה כדור 100גר,גרמים,100.00,100 גרם,false,1,8.90,8.9000,true,1,129669
7290014455467,true,מעדן שיבולת שועל וחל,מחלבות גד שיווק 1992,,מעדן שיבולת שועל וחלב 2% 150 גר,גרמים,150.00,100 גרם,false,1,5.50,3.6667,true,1,131116
7290014455610,false,יוגורט עיזים עם תות,,,יוגורט עיזים עם תות 125 גר,גרמים,125.00,100 גרם,false,1,5.90,4.7200,true,1,133103
7290014455627,false,יוגורט עיזים עם דובד,,,יוגורט עיזים עם דובדבן 125 גר,גרמים,125.00,100 גרם,false,1,5.90,4.7200,true,1,133104
7290014459205,false,סטייק ציפס תפוגן 1.8,תפוגן,,סטייק ציפס תפוגן 1.8קג,קילוגרמים,1.80,"ק""ג",false,1,24.90,13.8333,true,1,127415
7290014459267,false,ציפס תפוגן פרוסות 1.,תפוגן,,ציפס תפוגן פרוסות 1.5קג,קילוגרמים,1.50,"ק""ג",false,1,22.90,15.2667,true,1,129472
7290014466128,false,יין הר חרמון אינדיגו,יקב רמת הגולן,,"יין ""הר חרמון אינדיגו 750 מל",מיליליטרים,750.00,"100 מ""ל",false,1,32.90,4.3867,true,1,126021
7290014466463,false,יין הר חרמון מוסקטו,יקב רמת הגולן,,"יין ""הר חרמון"" מוסקטו",Unknown,0.00,Unknown,false,1,32.90,0.0000,true,1,127001
7290014466609,false,יין מרלו גמלא 12 750,,,"יין מרלו גמלא 12 750 מ""ל",מיליליטרים,750.00,"100 מ""ל",false,1,59.90,7.9867,true,1,131296
7290014466890,false,יין גמלא השמורה קברנ,,,"יין גמלא השמורה קברנה מרלו 750 מ""ל",מיליליטרים,750.00,"100 מ""ל",false,12,59.90,7.9867,true,1,156248
7290014471412,false,מוזלי בוטנים אגוזי ל,,,מוזלי בוטנים אגוזי לוז שקדים וגרעיני חמ,קילוגרמים,1.00,"ק""ג",false,1,19.90,19.9000,true,1,146458
7290014471429,false,מוזלי צימוק בננה ציפ,,,"מוזלי צימוק בננה ציפס תמר אננס 1 ק""ג",קילוגרמים,1.00,"ק""ג",false,1,19.90,19.9000,true,1,146460
7290014471436,false,מוזלי צימוק תפוח קינ,,,מוזלי צימוק תפוח קינמון וגרעיני חמנייה,קילוגרמים,1.00,"ק""ג",false,1,19.90,19.9000,true,1,146459
7290014472136,false,גרעיני חמניה קלויים,,,גרעיני חמניה קלויים ששון הקולה 150 גר,גרמים,150.00,100 גרם,false,1,2.90,1.9333,true,1,146442
7290014472228,false,תאנים קופסא 250 גר,"דין שיווק וקליה בע""מ",,תאנים קופסא 250 גר,גרמים,250.00,100 גרם,false,1,19.90,7.9600,true,1,168814
7290014472235,false,פקאן סיני 200 גר קופ,,,פקאן סיני 200 גר קופסא,גרמים,200.00,100 גרם,false,1,24.90,12.4500,true,1,155271
7290014472433,false,קונפיטורה תות שדה 70,"דין שיווק וקליה בע""מ",,קונפיטורה תות שדה 70% פרי שקדיה 450 גר,גרמים,450.00,100 גרם,false,1,11.90,2.6444,true,1,146503
7290014472440,false,קונפיטורה תפוז 70% פ,"דין שיווק וקליה בע""מ",,קונפיטורה תפוז 70% פרי שקדיה 450 גר,גרמים,450.00,100 גרם,false,1,11.90,2.6444,true,1,146504
7290014472990,false,ממרח שקדים 100% 300,,,ממרח שקדים 100% 300 גר,גרמים,300.00,100 גרם,false,1,34.90,11.6333,true,1,149328
7290014503137,false,יין דלתון כנען אדום,דלתון,,כנען אדום-דלתון 2015,מיליליטרים,750.00,"100 מ""ל",false,1,39.90,5.3200,true,1,134326
7290014503144,false,יין דלתון כנען לבן 7,דלתון,,כנען לבן-דלתון 2015,מיליליטרים,750.00,"100 מ""ל",false,1,39.90,5.3200,true,1,134327
7290014525023,false,חטיף מרבה סלים פרוט,Vndmer,,חטיף מרבה סלים פרוט פירוט יער,גרמים,215.00,100 גרם,false,1,11.90,5.5349,true,1,129155
7290014525177,false,חטיף מרבה סלים פרוט,Vndmer,,חטיף מרבה סלים פרוט יוגורט ופירות יער,גרמים,180.00,100 גרם,false,1,11.90,6.6111,true,1,129158
7290014525290,false,חטיף מרבה סלים דליס,מרבה,,חטיף מרבה סלים דליס קריספי תות 125 גר,גרמים,125.00,100 גרם,false,1,11.90,9.5200,true,1,131929
7290014525306,false,חטיף מרבה סלים דליס,מרבה,,חטיף מרבה סלים דליס קריספי אוכמניות,גרמים,125.00,100 גרם,false,1,11.90,9.5200,true,1,131930
7290014525313,false,חטיף מרבה סלים דליס,מרבה,,חטיף מרבה סלים דליס קריספי שוקולד 125 גר,גרמים,125.00,100 גרם,false,1,11.90,9.5200,true,1,131931
7290014534650,false,ספגטי לה פסטה צינור,,,ספגטי לה פסטה צינור 400גר,גרמים,400.00,100 גרם,false,1,3.90,0.9750,true,1,128542
7290014534667,false,ספגטי לה פסטה קונכיה,,,ספגטי לה פסטה קונכיה 400גר,גרמים,400.00,100 גרם,false,1,3.90,0.9750,true,1,128539
7290014534674,false,ספגטי לה פסטה פרפר 4,,,ספגטי לה פסטה פרפר 400גר,גרמים,400.00,100 גרם,false,1,3.90,0.9750,true,1,128543
7290014534681,false,ספגטי לה פסטה בורג 4,,,ספגטי לה פסטה בורג 400גר,גרמים,400.00,100 גרם,false,1,3.90,0.9750,true,1,128541
7290014534698,false,ספגטי לה פסטה תלתל 4,,,ספגטי לה פסטה תלתל 400גר,גרמים,400.00,100 גרם,false,1,3.90,0.9750,true,1,128540
7290014534704,false,ספגטי לה פסטה אטריות,,,ספגטי לה פסטה אטריות מרק 400גר,גרמים,400.00,100 גרם,false,1,3.90,0.9750,true,1,128544
7290014603028,false,שלגון סולרו תות 76 ג,,,שלגון סולרו תות 76 גר,גרמים,76.00,100 גרם,false,1,8.90,11.7105,true,1,162508
7290014692299,false,גבינה ברי 125 גר,ארלה,DE,גבינה ברי 125 גר,גרמים,125.00,100 גרם,false,36,19.90,15.9200,true,1,126483
7290014692305,false,גבינה קממבר 125 גר,ארלה,DE,גבינה קממבר 125 גר,גרמים,125.00,100 גרם,false,36,19.90,15.9200,true,1,126484
7290014692541,false,צהובה גולדן מגורדת 5,איי בי,,אמה מגורדת 500 גר,גרמים,500.00,100 גרם,false,1,21.90,4.3800,true,1,126486
7290014692565,false,גרעיני תירס מתוק 320,מג'סטיק פוד,,גרעיני תירס מתוק 320 גר,גרמים,320.00,100 גרם,false,1,5.90,1.8438,true,1,126439
7290014692749,false,שמן זית כתית מעולה ק,אסטיאס בורגס,,"שמן זית כתית מעולה ""קוסטה דורו"" 750 מ""ל",מיליליטרים,750.00,"100 מ""ל",false,1,29.90,3.9867,true,1,147492
7290014692817,false,גבינה מוצרלה מגורדת,איי בי,,גבינה מוצרלה מגורדת 200 גר,גרמים,200.00,100 גרם,false,1,12.90,6.4500,true,1,126485
7290014693005,false,קמח תפוא 500 גר,לוקס פרודקטס,,"קמח תפו""א 500 גר",גרמים,500.00,100 גרם,false,1,9.90,1.9800,true,1,130138
7290014693012,false,סודה לשתייה 1 קג,לוקס פרודקטס,,"סודה לשתייה 1 ק""ג",קילוגרמים,1.00,"ק""ג",false,1,10.90,10.9000,true,1,130139
7290014693036,false,מלח לימון 80 גר,לוקס פרודקטס,,מלח לימון 80 גר,גרמים,80.00,100 גרם,false,1,2.90,3.6250,true,1,130183
7290014693043,false,אבקת סוכר 80 גר,,,אבקת סוכר 80 גר,גרמים,80.00,100 גרם,false,1,2.90,3.6250,true,1,130278
7290014693050,false,סודה לשתייה 80 גר,לוקס פרודקטס,,סודה לשתייה 80 גר,גרמים,80.00,100 גרם,false,1,2.90,3.6250,true,1,130162
7290014693098,false,פירורי לחם זהב 200 ג,לוקס פרודקטס,,פירורי לחם זהב 200 גר,גרמים,200.00,100 גרם,false,1,4.90,2.4500,true,1,130141
7290014693104,false,פירורי לחם 200 גר,,,פירורי לחם 200 גר,גרמים,200.00,100 גרם,false,1,4.90,2.4500,true,1,130142
7290014693111,false,פירורי לחם בתיבול קב,לוקס פרודקטס,,פירורי לחם בתיבול קבקזי 350 גר,גרמים,350.00,100 גרם,false,1,12.90,3.6857,true,1,130143
7290014693128,false,פירורי לחם אוניברסלי,לוקס פרודקטס,,פירורי לחם אוניברסלי 350 גר,גרמים,350.00,100 גרם,false,1,12.90,3.6857,true,1,130144
7290014693210,false,עלי דפנה 10 גר,,,עלי דפנה 10 גר,גרמים,10.00,100 גרם,false,1,2.90,29.0000,true,1,130279
7290014693234,false,פלפל אדום חריף 20 גר,לוקס פרודקטס,,פלפל אדום חריף 20 גר,גרמים,20.00,100 גרם,false,1,2.90,14.5000,true,1,130184
7290014693241,false,פפריקה מתוקה 20 גר,לוקס פרודקטס,,פפריקה מתוקה 20 גר,גרמים,20.00,100 גרם,false,1,2.90,14.5000,true,1,130185
7290014693258,false,קינמון 20 גר,לוקס פרודקטס,,קינמון 20 גר,גרמים,20.00,100 גרם,false,1,2.90,14.5000,true,1,130186
7290014693272,false,קארי 30 גר,לוקס פרודקטס,,קארי 30 גר,גרמים,30.00,100 גרם,false,1,2.90,9.6667,true,1,130188
7290014693289,false,תבלין קבקזי 30 גר,לוקס פרודקטס,,תבלין קבקזי 30 גר,גרמים,30.00,100 גרם,false,1,2.90,9.6667,true,1,130189
7290014693296,false,טימין 20 גר,לוקס פרודקטס,,טימין 20 גר,גרמים,20.00,100 גרם,false,1,2.90,14.5000,true,1,130190
7290014693302,false,תערובת פלפלים 30 גר,,,תערובת פלפלים 30 גר,גרמים,30.00,100 גרם,false,1,2.90,9.6667,true,1,130281
7290014693319,false,תבלין אוניברסלי 30 ג,לוקס פרודקטס,,תבלין אוניברסלי 30 גר,גרמים,30.00,100 גרם,false,1,2.90,9.6667,true,1,130191
7290014693326,false,פלפל שחור טחון 20 גר,,,פלפל שחור טחון 20 גר,גרמים,20.00,100 גרם,false,1,2.90,14.5000,true,1,130282
7290014693333,false,תבלין לעוף 30 גר,לוקס פרודקטס,,תבלין לעוף 30 גר,גרמים,30.00,100 גרם,false,1,2.90,9.6667,true,1,130192
7290014693340,false,תבלין לכרעיים 30 גר,לוקס פרודקטס,,תבלין לכרעיים 30 גר,גרמים,30.00,100 גרם,false,1,2.90,9.6667,true,1,130193
7290014693357,false,תבלין לבשר טחון 30 ג,לוקס פרודקטס,,תבלין לבשר טחון 30 גר,גרמים,30.00,100 גרם,false,1,2.90,9.6667,true,1,130194
7290014693364,false,תבלין לבשר בקר 30 גר,לוקס פרודקטס,,תבלין לבשר בקר 30 גר,גרמים,30.00,100 גרם,false,1,2.90,9.6667,true,1,130195
7290014693371,false,תבלין לשישליק 30 גר,לוקס פרודקטס,,תבלין לשישליק 30 גר,גרמים,30.00,100 גרם,false,1,2.90,9.6667,true,1,130196
7290014693388,false,תבלין לפלוב 30 גר,לוקס פרודקטס,,תבלין לפלוב 30 גר,גרמים,30.00,100 גרם,false,1,2.90,9.6667,true,1,130197
7290014693395,false,תבלין לבשר לבן 30 גר,לוקס פרודקטס,,תבלין לבשר לבן 30 גר,גרמים,30.00,100 גרם,false,1,2.90,9.6667,true,1,130198
7290014693401,false,תבלין לדג 30 גר,לוקס פרודקטס,,תבלין לדג 30 גר,גרמים,30.00,100 גרם,false,1,2.90,9.6667,true,1,130163
7290014693418,false,תבלין חמלי סונלי 30,לוקס פרודקטס,,תבלין חמלי סונלי 30 גר,גרמים,30.00,100 גרם,false,1,2.90,9.6667,true,1,130164
7290014693425,false,תבלין לגולש 30 גר,לוקס פרודקטס,,תבלין לגולש 30 גר,גרמים,30.00,100 גרם,false,1,2.90,9.6667,true,1,130165
7290014693432,false,תבלין לכבש 30 גר,לוקס פרודקטס,,תבלין לכבש 30 גר,גרמים,30.00,100 גרם,false,1,2.90,9.6667,true,1,130166
7290014693449,false,תבלין להודו 30 גר,לוקס פרודקטס,,תבלין להודו 30 גר,גרמים,30.00,100 גרם,false,1,2.90,9.6667,true,1,130167
7290014693470,false,תבלין לסטייק 30 גר,לוקס פרודקטס,,תבלין לסטייק 30 גר,גרמים,30.00,100 גרם,false,1,2.90,9.6667,true,1,130170
7290014693487,false,תערובת 14 ירקות 30 ג,לוקס פרודקטס,,תערובת 14 ירקות 30 גר,גרמים,30.00,100 גרם,false,1,2.90,9.6667,true,1,130171
7290014693517,true,תבלין לפלוב 100 גר,,,תבלין לפלוב 100 גר,גרמים,100.00,100 גרם,false,1,10.90,10.9000,true,1,130369
7290014693623,false,פלפל שחור טחון 100 ג,לוקס פרודקטס,,פלפל שחור טחון 100 גר,גרמים,100.00,100 גרם,false,1,10.90,10.9000,true,1,130211
7290014693715,false,טימין 40 גר,לוקס פרודקטס,,טימין 40 גר,גרמים,40.00,100 גרם,false,1,10.90,27.2500,true,1,130219
7290014693760,false,מלח לימון 200 גר,לוקס פרודקטס,,מלח לימון 200 גר,גרמים,200.00,100 גרם,false,1,10.90,5.4500,true,1,130224
7290014693869,false,מלח ים עבה 400 גר,לוקס פרודקטס,,מלח ים עבה 400 גר,גרמים,400.00,100 גרם,false,1,5.90,1.4750,true,1,130156
7290014693883,false,מלח ים מעושר ביוד400,לוקס פרודקטס,,מלח ים מעושר ביוד400 גר,גרמים,400.00,100 גרם,false,1,5.90,1.4750,true,1,130158
7290014693982,false,מלח גורמה לכל המנות,לוקס פרודקטס,,מלח גורמה לכל המנות 400 גר,גרמים,400.00,100 גרם,false,1,15.90,3.9750,true,1,130152
7290014693999,false,מלח גורמה לתיבול בשר,לוקס פרודקטס,,מלח גורמה לתיבול בשר 400 גר,גרמים,400.00,100 גרם,false,1,15.90,3.9750,true,1,130153
7290014712539,false,יוגורט בטעם תות שדה,,,יוגורט בטעם תות שדה 500 מל,מיליליטרים,500.00,"100 מ""ל",false,1,15.90,3.1800,true,1,162320
7290014712546,false,יוגורט בטעם פירות יע,,,יוגורט בטעם פירות יער 500 מל,מיליליטרים,500.00,"100 מ""ל",false,1,15.90,3.1800,true,1,162321
7290014717411,false,יין פלטר שיראז גראנש,,,יין פלטר שיראז גראנש טי סלקשן 750 מל,מיליליטרים,750.00,"100 מ""ל",false,1,139.90,18.6533,true,1,162760
7290014717770,false,פלטר קברנה סוביניון,,,פלטר קברנה סוביניון טי סלקשן 750 מל,מיליליטרים,750.00,"100 מ""ל",false,1,139.90,18.6533,true,1,162759
7290014725294,false,סוכרלוז מבושל 100 גר,"סוכרזית בע""מ",,סוכרלוז מבושל 100גר,גרמים,100.00,100 גרם,false,1,16.90,16.9000,true,1,127671
7290014748613,false,דג טוב מקלוני דגים ב,דג טוב,IL,דג טוב מקלוני דגים בציפוי ציפס 600 גר,גרמים,600.00,100 גרם,false,12,29.90,4.9833,true,1,145336
7290014748651,false,פילה אמנון נתח שלם 3,דג טוב,IL,פילה אמנון נתח שלם 360 גר,גרמים,360.00,100 גרם,false,8,34.90,9.6944,true,1,148964
7290014748958,false,דג מיני אמנון ציפס נ,דג טוב,IL,דג מיני אמנון ציפס נתח שלם 400 גר,גרמים,400.00,100 גרם,false,8,34.90,8.7250,true,1,148963
7290014749245,false,עוף טוב ספיישל רצועו,עוף טוב,,עוף טוב ספיישל רצועות שניצל שומשום 600 ג,גרמים,600.00,100 גרם,false,1,29.90,4.9833,true,1,155149
7290014749764,false,שניצל עוף ביתי עדין,עוף טוב,IL,שניצל עוף ביתי עדין עוף טוב 700 גר,גרמים,700.00,100 גרם,false,12,39.90,5.7000,true,1,156989
7290014749788,false,עוף טוב צונגו רצועות,עוף טוב,IL,עוף טוב צונגו רצועות שניצל ציפס 600 ג,גרמים,600.00,100 גרם,false,12,29.90,4.9833,true,1,156986
7290014749849,false,שניצל דק ענק קריספי,עוף טוב,,שניצל דק ענק קריספי שומשום עוף טוב 720 ג,גרמים,720.00,100 גרם,false,10,34.90,4.8472,true,1,163049
7290014749863,false,שניצל דק ענק קריספי,עוף טוב,,שניצל דק ענק קריספי ציפס עוף טוב 720 גר,גרמים,720.00,100 גרם,false,10,34.90,4.8472,true,1,163048
7290014749887,false,שניצל דק ענק קריספי,עוף טוב,,שניצל דק ענק קריספי קלאסי עוף טוב 720 גר,גרמים,720.00,100 גרם,false,10,34.90,4.8472,true,1,163047
7290014758100,false,יוגורט ביו 3% שמיניה,,,מאגדת שמיניית יוגורט ביו 3% תנובה,גרמים,1200.00,100 גרם,false,1,16.90,1.4083,true,1,126048
7290014758117,false,יוגורט ביו 1.5% שמינ,,,מאגדת יוגורט*8 1.5% BIO,גרמים,1200.00,100 גרם,false,1,16.90,1.4083,true,1,126047
7290014758162,false,חלב עיזים מלא 3.6% 1,,,חלב עיזים מלא 3.6% 1לי,ליטרים,1.00,ליטר,false,1,13.90,13.9000,true,1,126537
7290014759084,false,גבינת שמנת נפוליאון,,,גבינת שמנת נפוליאון 16% 225 גר,גרמים,225.00,100 גרם,false,1,13.90,6.1778,true,1,127055
7290014760134,false,מעדן סויה בטעם וניל,,,מעדן סויה בטעם וניל 125 גר,גרמים,125.00,100 גרם,false,1,3.90,3.1200,true,1,127835
7290014760141,false,משקה שקדים 1 ל,תנובה,,משקה שקדים 1 ל,ליטרים,1.00,ליטר,false,1,11.90,11.9000,true,1,129845
7290014761056,false,מעדן יולו שוקולד חלב,,,מעדן יולו שוקולד חלב מעולה 123גר,גרמים,123.00,100 גרם,false,1,4.90,3.9837,true,1,129000
7290014761063,false,מעדן יולו שוקולד מרי,,,מעדן יולו שוקולד מריר מעולה 123גר,גרמים,123.00,100 גרם,false,1,4.90,3.9837,true,1,129002
7290014761070,false,מעדן יולו שוקולד לבן,,,מעדן יולו שוקולד לבן מעולה 123גר,גרמים,123.00,100 גרם,false,1,4.90,3.9837,true,1,129001
7290014761193,false,יוגורט פירות יער פרי,,,יוגורט פרילי פירות יער 125גר,גרמים,125.00,100 גרם,false,1,3.90,3.1200,true,1,129246
7290014761414,false,מעדן יולו שוקולד חלב,,,מעדן יולו שוקולד חלב ולבן 123גר,גרמים,123.00,100 גרם,false,1,4.90,3.9837,true,1,129003
7290014761612,false,מעדן יולו שכבות שוקו,,,מעדן יולו שכבות שוקולד מריר לבן 120גר,גרמים,120.00,100 גרם,false,1,4.90,4.0833,true,1,129624
7290014762756,false,גבינת שמנת נפוליאון,תנובה,,גבינת שמנת נפוליאון בטעם בצל 225 גר,גרמים,225.00,100 גרם,false,1,13.90,6.1778,true,1,131379
7290014762800,false,מעדן סויה בטעם שוקול,,,"מעדן סויה בטעם שוקולד בגביע 125 מ""ל",גרמים,125.00,100 גרם,false,1,3.90,3.1200,true,1,137793
7290014762831,false,גבינת שמנת נפוליאון,,,גבינת שמנת נפוליאון 25% 225 גר,גרמים,225.00,100 גרם,false,1,13.90,6.1778,true,1,132145
7290014762848,false,פתיתי גלבוע 22% 500,,,פתיתי גלבוע 22% 500 גר,גרמים,500.00,100 גרם,false,1,34.90,6.9800,true,1,137460
7290014762909,false,פתיתי מוצרלה 200 גר,תנובה,,גבינת פתיתי מוצרלה 200 גר,גרמים,200.00,100 גרם,false,1,17.90,8.9500,true,1,132013
7290014763098,false,קרם גבינת שמנת טוסקנ,תנובה,,קרם גבינת שמנת טוסקנה 5% 200 גר,גרמים,200.00,100 גרם,false,1,11.90,5.9500,true,1,132014
7290014763272,false,משקה סויה ביו עם תות,,,"משקה סויה ביו עם תות ובננה 250 מ""ל",מיליליטרים,250.00,"100 מ""ל",false,1,5.90,2.3600,true,1,132463
7290014785052,false,רוטב פטריות צמחוני 5,,,רוטב פטריות צמחוני 500 מל,מיליליטרים,500.00,"100 מ""ל",false,12,17.90,3.5800,true,1,136943
7290014785441,false,אטריות ביצים 450 גר,,,אטריות ביצים 450 גר,גרמים,450.00,100 גרם,false,1,9.90,2.2000,true,1,138170
7290014785588,false,אטריות ראמן מוכנות 1,,,אטריות ראמן מוכנות 180 גר,גרמים,180.00,100 גרם,false,15,4.90,2.7222,true,1,150816
7290014785984,false,רוטב סויה ללא גלוטן,,,רוטב סויה ללא גלוטן 150 מל,מיליליטרים,150.00,"100 מ""ל",false,6,9.90,6.6000,true,1,143441
7290014789913,false,עוגיות אוראו קרם וני,,,"עוגיות ""אוראו"" ממולאות קרם וניל 176 גר ש",גרמים,528.00,100 גרם,false,1,21.90,4.1477,true,1,127063
7290014791336,false,מים מינרליים מי עדן,,,מים מינרליים מי עדן 1 ל,ליטרים,1.00,ליטר,false,1,3.90,3.9000,true,1,136547
7290014803237,false,ערמונים קלופים וקלוי,TANGSHAN,,ערמונים קלופים וקלויים 100גר,גרמים,100.00,100 גרם,false,1,5.90,5.9000,true,1,129320
7290014803565,false,צנימים עגולים עם חיט,NEWLAT,,צנימים עגולים עם חיטה מלאה 300גר,גרמים,300.00,100 גרם,false,1,12.90,4.3000,true,1,128629
7290014803756,false,רוטב טריאקי פתאי 300,Baaeco v food ltd pa,,"רוטב טריאקי פתאי 300 מ""ל",מיליליטרים,300.00,"100 מ""ל",false,1,9.90,3.3000,true,1,130638
7290014803770,false,סילאן סירופ תמרים 90,ערבה,,סילאן סירופ תמרים 900 גר,גרמים,900.00,100 גרם,false,1,14.90,1.6556,true,1,139877
7290014803794,false,ריבת חלב בצנצנת 830,מ.א.מ,,ריבת חלב בצנצנת 830 גר,גרמים,830.00,100 גרם,false,1,32.90,3.9639,true,1,130999
7290014803961,false,ספוג מסאג+חוט צבעוני,סדובסקי,IL,ספוג מסאג+חוט צבעוני,Unknown,0.00,Unknown,false,1,6.90,0.0000,true,1,144612
7290014855434,false,מגבוני בייביסיטר מבו,,,מגבוני בייביסיטר מבושום 72 יח רביעייה,Unknown,0.00,Unknown,false,1,16.90,0.0000,true,1,144088
7290014855458,false,מגבוני בייביסיטר ללא,,,מגבוני בייביסיטר ללא בישום 72 יח רביעייה,Unknown,0.00,Unknown,false,1,16.90,0.0000,true,1,144087
7290014860063,false,מקלוני אורז ללא גלוט,Oriental food co. lt,,מקלוני אורז ללא גלוטן 454 גר,גרמים,454.00,100 גרם,false,1,9.90,2.1806,true,1,127295
7290014866966,false,עוגת פאי אקזוטי,,,עוגת פאי אקזוטי,Unknown,0.00,Unknown,false,1,44.90,0.0000,true,1,158630
7290014901308,false,משחת שיניים סנסודיין,,,משחת שיניים סנסודיין הלבנה מלאה 75 מל,מיליליטרים,75.00,"100 מ""ל",false,1,22.90,30.5333,true,1,135241
7290014901315,false,משחת שיניים סנסודיין,,,משחת שיניים סנסודיין אקסטרה פרש 75 מל,מיליליטרים,75.00,"100 מ""ל",false,1,22.90,30.5333,true,1,135240
7290014910300,false,בסגנון טבורוג חלבן ל,גימטוס,,בסגנון טבורוג חלבן ליטאי 300 גר,גרמים,300.00,100 גרם,false,1,14.90,4.9667,true,1,133405
7290014910515,false,שפרוטים מעושנים 250,,,שפרוטים מעושנים 250 גר,גרמים,250.00,100 גרם,false,1,12.90,5.1600,true,1,139074
7290014947047,false,פריכיות כוסמת בתוספת,,,פריכיות כוסמת בתוספת מלח 175 גר,גרמים,175.00,100 גרם,false,1,11.90,6.8000,true,1,130646
7290014947092,false,פריכיות תירס עם קצח,,,פריכיות תירס עם קצח 120 גר,גרמים,95.00,100 גרם,false,1,11.90,12.5263,true,1,168766
7290014947207,false,פריכיות כוסמין דקות,,,פריכיות כוסמין דקות 160 גר,גרמים,160.00,100 גרם,false,1,11.90,7.4375,true,1,164685
7290014947214,false,פריכיות כוסמת דקות 1,,,פריכיות כוסמת דקות 160 גר,גרמים,160.00,100 גרם,false,1,11.90,7.4375,true,1,164684
7290014967458,false,מארז קפסולות אספרסו,אספרסו מור,,מארז קפסולות אספרסו מור קרמה 10 יח,Unknown,0.00,Unknown,false,1,11.90,0.0000,true,1,132494
7290014967465,false,מארז קפסולות אספרסו,אספרסו מור,,מארז קפסולות אספרסו מור אינטנסו 10 יח,Unknown,0.00,Unknown,false,1,11.90,0.0000,true,1,132491
7290014967472,false,מארז קפסולות אספרסו,אספרסו מור,,מארז קפסולות אספרסו מור ארומה 10 יח,גרמים,50.00,100 גרם,false,1,11.90,23.8000,true,1,132493
7290014967762,false,קפסולות קפה אספרסו מ,אספרסו מור,,קפסולות קפה אספרסו מור מיקס 100 יח,Unknown,0.00,Unknown,false,1,79.90,0.0000,true,1,158681
7290014967922,false,מארז קפסולות אספרסו,אספרסו מור,,מארז קפסולות אספרסו מור שוקו 10 יח,גרמים,80.00,100 גרם,false,1,11.90,14.8750,true,1,139450
7290014973060,false,סלמון הילטון בוואקום,הרמס דגים,,סלמון הילטון 100 גר,גרמים,100.00,100 גרם,false,1,18.90,18.9000,true,1,126497
7290014973077,false,סלמון הילטון בוואקום,הרמס דגים,,סלמון הילטון 200 גר,גרמים,200.00,100 גרם,false,1,36.90,18.4500,true,1,126498
7290014973374,false,פילה מקרל בשמן 200 ג,,,פילה מקרל בשמן 200 גר,גרמים,200.00,100 גרם,false,1,22.90,11.4500,true,1,170479
7290014973381,false,ממרח סלמון 200 גר,,,ממרח סלמון 200 גר,גרמים,200.00,100 גרם,false,1,22.90,11.4500,true,1,170480
7290014973558,false,דג גרבלקס בוואקום 20,,,דג גרבלקס 200 גר,גרמים,200.00,100 גרם,false,1,36.90,18.4500,true,1,141042
7290014974562,false,גביעי גלידה עלמה 24,,,גביעי גלידה עלמה 24 יח,Unknown,0.00,Unknown,false,1,9.90,0.0000,true,1,137779
7290015009225,false,ריבת חלב מקורית בצנצ,,,ריבת חלב מקורית בצנצנצ 450 גרם,גרמים,450.00,100 גרם,false,1,19.90,4.4222,true,1,158846
7290015009577,false,רוטב חריף מפולפל הבנ,,,רוטב חריף מפולפל הבנרו 148 מל,מיליליטרים,148.00,"100 מ""ל",false,1,19.90,13.4459,true,1,172457
7290015009584,false,רוטב חריף מפולפל חלפ,,,רוטב חריף מפולפל חלפיניו 148 מל,מיליליטרים,148.00,"100 מ""ל",false,1,19.90,13.4459,true,1,172458
7290015009645,false,רוטב פלפל הבנרו עם ח,,,רוטב פלפל הבנרו עם חרדל ודבש 365 מל,מיליליטרים,365.00,"100 מ""ל",false,1,26.90,7.3699,true,1,172464
7290015039055,false,רוטב צילי חריף 700 מ,פאן אינטר,,"רוטב צ""ילי חריף 700 מל",מיליליטרים,700.00,"100 מ""ל",false,1,9.90,1.4143,true,1,127181
7290015039246,false,נתחי טונה בשמן 160 ג,טרופיקל,,נתחי טונה בשמן 160גר רביעייה,גרמים,640.00,100 גרם,false,1,19.90,3.1094,true,1,128642
7290015039253,false,עלי גפן במי מלח 620,קורהאן,,עלי גפן במי מלח 620גר,גרמים,620.00,100 גרם,false,1,8.90,1.4355,true,1,127908
7290015039338,false,נתחי טונה במי מלח 16,טרופיקל,,נתחי טונה במי מלח 160גר רביעייה,גרמים,640.00,100 גרם,false,1,19.90,3.1094,true,1,128643
7290015039482,false,גבינת אדם פלח 24% 23,ברגלנדמיל,,גבינת אדם פלח 24% 230 גר,גרמים,230.00,100 גרם,false,1,19.90,8.6522,true,1,127913
7290015150088,false,מחית עגבניות 700 גר,,,מחית עגבניות 700 גר,גרמים,700.00,100 גרם,false,1,11.90,1.7000,true,1,133558
7290015150118,false,עגבניות חתוכות 400 ג,,,עגבניות חתוכות 400גר שלישייה,גרמים,1200.00,100 גרם,false,1,14.90,1.2417,true,1,129615
7290015150200,false,עגבניות חתוכות דק גר,,,עגבניות חתוכות דק גרנד איטליה 400 גר,גרמים,400.00,100 גרם,false,1,5.80,1.4500,true,1,138844
7290015155021,false,פרמיו דנטל מיני 110,,,פרמיו דנטל מיני 110 גר,גרמים,110.00,100 גרם,false,1,9.90,9.0000,true,1,171325
7290015155243,false,פרמיו כריות אנטי היי,,,פרמיו כריות אנטי היירבול 60 גר,גרמים,60.00,100 גרם,false,1,9.90,16.5000,true,1,171308
7290015155250,false,פרמיו כריות סלמון 60,,,פרמיו כריות סלמון 60 גר,גרמים,60.00,100 גרם,false,1,9.90,16.5000,true,1,171307
7290015155427,false,פרמיו עוף וכבד 15 גר,,,פרמיו עוף וכבד 15 גר,גרמים,15.00,100 גרם,false,1,6.90,46.0000,true,1,171306
7290015155830,false,פאוץ פרינוק תפוח ובנ,,,פאוץ פרינוק תפוח ובננה 120 גר,גרמים,120.00,100 גרם,false,1,4.90,4.0833,true,1,157670
7290015155847,false,פאוץ פרינוק סלט פירו,,,פאוץ פרינוק סלט פירות 120 גר,גרמים,120.00,100 גרם,false,1,4.90,4.0833,true,1,157671
7290015156769,false,פאוץ פרינוק תפוח ואו,,,פאוץ פרינוק תפוח ואוכמניות 120 גר,גרמים,120.00,100 גרם,false,1,4.90,4.0833,true,1,157673
7290015156776,false,פאוץ פרינוק פירות טר,,,פאוץ פרינוק פירות טרופיים 120 גר,גרמים,120.00,100 גרם,false,1,4.90,4.0833,true,1,157672
7290015156790,false,פאוץ פרינוק לפתן פיר,,,פאוץ פרינוק לפתן פירות 120 גר,גרמים,120.00,100 גרם,false,1,4.90,4.0833,true,1,159672
7290015156813,false,פאוץ פרינוק פירות מע,,,פאוץ פרינוק פירות מעורבים 120 גר,גרמים,120.00,100 גרם,false,1,4.90,4.0833,true,1,159673
7290015161855,false,פת פריכה אורגנית ללא,,,פת פריכה אורגנית ללא גלוטן קינואה חרובים,גרמים,100.00,100 גרם,false,1,14.90,14.9000,true,1,157035
7290015161879,false,פת פריכה אורגנית פרו,,,פת פריכה אורגנית פרו ללא גלוטן עדשים,גרמים,100.00,100 גרם,false,1,16.90,16.9000,true,1,157039
7290015178174,false,פסטו בטעם פרמזן אולי,אוליביה,,פסטו בטעם פרמזן אוליביה 180 גר,גרמים,180.00,100 גרם,false,1,11.90,6.6111,true,1,161222
7290015178228,false,ארטישוק בסלסת עגבניו,אוליביה,,ארטישוק בסלסת עגבניות אוליביה 190 גר,גרמים,190.00,100 גרם,false,6,11.90,6.2632,true,1,165249
7290015178235,false,זיתים מושחרים בסלסת,אוליביה,,זיתים מושחרים בסלסת עגבניות אוליביה 180,גרמים,180.00,100 גרם,false,6,11.90,6.6111,true,1,165248
7290015223867,false,קרם לאחר גילוח אסותא,,,"קרם לאחר גילוח אסותא 100 מ""ל",מיליליטרים,100.00,"100 מ""ל",false,1,12.90,12.9000,true,1,142121
7290015250078,false,בצק עלים צרפתי מרודד,,,בצק עלים צרפתי מרודד 1 קג,קילוגרמים,1.00,"ק""ג",false,10,17.90,17.9000,true,1,158240
7290015320054,false,עוגיות בטעם חמאה 340,,,עוגיות בטעם חמאה 340גר,גרמים,340.00,100 גרם,false,1,10.90,3.2059,true,1,128414
7290015320481,false,שוקולד מריר 60% 100,,,שוקולד מריר 60% 100 גר,גרמים,100.00,100 גרם,false,45,5.90,5.9000,true,1,156433
7290015325745,false,מגבונים מאשה ודוב 72,,,מגבונים משה ודוב 72 יח רביעייה,Unknown,0.00,Unknown,false,1,11.90,0.0000,true,1,136165
7290015325752,false,מגבונים אסותא 72 יח,,,מגבונים אסותא 72 יח רביעייה,Unknown,0.00,Unknown,false,1,14.90,0.0000,true,1,136166
7290015342001,true,עוגיות בטעמים 500 גר,מאפה מילניום 2000,,עוגיות בטעמים 500 גר,גרמים,500.00,100 גרם,false,1,16.90,3.3800,true,1,131815
7290015342605,true,עוגיות בטעמים ללא סו,מאפה מילניום 2000,,עוגיות בטעמים ללא סוכר 300 גר,גרמים,300.00,100 גרם,false,1,16.90,5.6333,true,1,157494
7290015348300,false,יין אסמבלאז ריחן 200,,,"יין ""אסמבלאז"" ריחן 2008 750 מל",מיליליטרים,750.00,"100 מ""ל",false,1,69.90,9.3200,true,1,133339
7290015350150,false,יין סגל אדום חצי יבש,,,יין סגל אדום חצי יבש 750 מל,מיליליטרים,750.00,"100 מ""ל",false,12,22.90,3.0533,true,1,158209
7290015437431,false,רכז רימונים תומר 420,יכין,,רכז רימונים תומר 420 גר,גרמים,420.00,100 גרם,false,1,18.90,4.5000,true,1,141140
7290015468107,false,חלב מלא 3.8% 2 ל,,,חלב מלא 3.8% 2 ל,ליטרים,2.00,ליטר,false,1,18.90,9.4500,true,1,159662
7290015468206,false,משקה מצוני 1 ל,ארגמן,,משקה מצוני 1 ל,ליטרים,1.00,ליטר,false,1,13.90,13.9000,true,1,130458
7290015468374,false,קפיר 1 ל,ארגמן,,קפיר 1 ל,ליטרים,1.00,ליטר,false,1,13.90,13.9000,true,1,159665
7290015468817,false,ראזנקה 1 ל,,,ראזנקה 1 ל,ליטרים,1.00,ליטר,false,1,13.90,13.9000,true,1,159663
7290015470094,false,טוסו שוקולד מריר תפו,ALTINMARKA,,טוסו שוקולד מריר תפוז ללא סוכר 100 גר,גרמים,100.00,100 גרם,false,1,10.90,10.9000,true,1,132866
7290015508391,false,יין מטר פטי ורדו אדו,,,יין מטר פטי ורדו אדום 750 מל,מיליליטרים,750.00,"100 מ""ל",false,1,149.90,19.9867,true,1,168689
7290015528320,false,צלחת לבנה קטנה מודפס,,,צלחת לבנה קטנה מודפס זהב 20,Unknown,0.00,Unknown,false,1,9.90,0.0000,true,1,128818
7290015528344,false,צלחת קרם בינונית מוד,,,צלחת קרם בינונית מודפס זהב 20 יח,Unknown,0.00,Unknown,false,1,14.90,0.0000,true,1,128820
7290015528368,false,צלחת גדולה קרם מודפס,,,צלחת גדולה קרם מודפס זהב 20 יח,Unknown,0.00,Unknown,false,1,18.90,0.0000,true,1,128822
7290015528429,false,קסרול קרם מודפס כסף,,,קסרול קרם מודפס כסף 20 יח,Unknown,0.00,Unknown,false,1,6.90,0.0000,true,1,128828
7290015528467,false,מגש אובלי עמוק קרם מ,,,מגש אובלי עמוק קרם מודפס זהב 10,Unknown,0.00,Unknown,false,1,15.90,0.0000,true,1,128832
7290015528825,false,צלחת 7 מתכלה אריזה 2,,,"צלחת 7"" מתכלה אריזה 25 יח",Unknown,0.00,Unknown,false,1,7.90,0.0000,true,1,159425
7290015528832,false,צלחת 9 מתכלה אריזה 2,,,"צלחת 9"" מתכלה אריזה 25 יח",Unknown,0.00,Unknown,false,1,11.90,0.0000,true,1,159426
7290015528849,false,צלחת 10 מתכלה אריזה,,,"צלחת 10"" מתכלה אריזה 25 יח",Unknown,0.00,Unknown,false,1,15.90,0.0000,true,1,159427
7290015528863,false,מרקיה מתכלה 340 מל,,,מרקיה מתכלה 340 מל,Unknown,0.00,Unknown,false,1,7.90,0.0000,true,1,159428
7290015537247,false,חומץ טבעי 1 ל,רג'ואן,IL,חומץ טבעי 1 ל,ליטרים,1.00,ליטר,false,24,6.90,6.9000,true,1,152665
7290015537254,false,חומץ 10% 1 ל,רג'ואן,IL,חומץ 10% 1 ל,ליטרים,1.00,ליטר,false,24,6.90,6.9000,true,1,152669
7290015603188,false,איטריות ביצים 454 גר,Xiamen xing ng foods,,איטריות ביצים 454 גר,גרמים,454.00,100 גרם,false,1,10.90,2.4009,true,1,131047
7290015603201,false,אטריות חיטה מלאה 454,,,אטריות חיטה מלאה 454גר,גרמים,454.00,100 גרם,false,1,10.90,2.4009,true,1,130367
7290015603218,false,אטריות בתוספת עגבניו,Xiamen xing ng foods,,אטריות בתוספת עגבניו 454 גר,גרמים,454.00,100 גרם,false,1,10.90,2.4009,true,1,133200
7290015603225,false,אטריות בתוספת גזר 45,Xiamen xing ng foods,,אטריות בתוספת גזר 454 גר,גרמים,454.00,100 גרם,false,1,10.90,2.4009,true,1,133198
7290015603232,false,אטריות בתוספת דלעת 4,Xiamen xing ng foods,,אטריות בתוספת דלעת 454 גר,גרמים,454.00,100 גרם,false,1,10.90,2.4009,true,1,133199
7290015603522,false,נוזל אגוזי קוקוס 400,Celebes coconut corp,,נוזל אגוזי קוקוס 400 מל,מיליליטרים,400.00,"100 מ""ל",false,24,6.90,1.7250,true,1,131049
7290015603546,false,קרם קוקוס 400 מל,אסיאטיק אגרו אינדסטר,,"שימורי קרם קוקוס 400 מ""ל",מיליליטרים,400.00,"100 מ""ל",false,1,8.90,2.2250,true,1,143262
7290015603560,false,שימורי קרם קוקוס 400,Kodanmal group co.lt,,שימורי קרם קוקוס 400 מל,מיליליטרים,400.00,"100 מ""ל",false,1,9.90,2.4750,true,1,131048
7290015603584,false,גינגר לבן כבוש ללא מ,,,"ג""ינג""ר לבן כבוש ללא מונוסודיום 160 גר",גרמים,160.00,100 גרם,false,1,7.90,4.9375,true,1,131134
7290015603591,false,גינגר ורוד כבוש ללא,,,גינגר ורוד כבוש ללא מונוסודיום 160 גר,גרמים,160.00,100 גרם,false,1,7.90,4.9375,true,1,137831
7290015603638,false,אורז קרלוז 1 קג,מינה פונג גרין,,"אורז קרלוז 1 ק""ג",קילוגרמים,1.00,"ק""ג",false,1,12.90,12.9000,true,1,130964
7290015611008,false,מלח גורמה לתיבול עוף,לוקס פרודקטס,,מלח גורמה לתיבול עוף 400 גר,גרמים,400.00,100 גרם,false,1,15.90,3.9750,true,1,130154
7290015611022,false,פלפל בניחוח לימון 20,,,פלפל בניחוח לימון 20 גר,גרמים,20.00,100 גרם,false,1,2.90,14.5000,true,1,130284
7290015611046,false,פלפל אנגלי טחון 20 ג,,,פלפל אנגלי טחון 20 גר,גרמים,20.00,100 גרם,false,1,2.90,14.5000,true,1,130286
7290015611053,false,בזיליקום 10 גר,לוקס פרודקטס,,בזיליקום 10 גר,גרמים,10.00,100 גרם,false,1,2.90,29.0000,true,1,130172
7290015611060,false,רוזמרין 10 גר,לוקס פרודקטס,,רוזמרין 10 גר,גרמים,10.00,100 גרם,false,1,2.90,29.0000,true,1,130173
7290015611077,false,אורגנו 10 גר,לוקס פרודקטס,,אורגנו 10 גר,גרמים,10.00,100 גרם,false,1,2.90,29.0000,true,1,130174
7290015611084,false,פטרוזיליה 10 גר,לוקס פרודקטס,,פטרוזיליה 10 גר,גרמים,10.00,100 גרם,false,1,2.90,29.0000,true,1,130175
7290015611091,false,כורכום 20 גר,לוקס פרודקטס,,כורכום 20 גר,גרמים,20.00,100 גרם,false,1,2.90,14.5000,true,1,130176
7290015611107,false,זנגביל טחון 20 גר,לוקס פרודקטס,,זנגביל טחון 20 גר,גרמים,20.00,100 גרם,false,1,2.90,14.5000,true,1,130177
7290015611114,false,ציפורן שלם 10 גר,,,ציפורן שלם 10 גר,גרמים,10.00,100 גרם,false,1,2.90,29.0000,true,1,130287
7290015611121,false,כמון טחון 20 גר,לוקס פרודקטס,,כמון טחון 20 גר,גרמים,20.00,100 גרם,false,1,2.90,14.5000,true,1,130178
7290015611145,false,ברבריס 10 גר,,,ברבריס 10 גר,גרמים,10.00,100 גרם,false,1,2.90,29.0000,true,1,130289
7290015611152,false,כוסברה טחונה 20 גר,לוקס פרודקטס,,כוסברה טחונה 20 גר,גרמים,20.00,100 גרם,false,1,2.90,14.5000,true,1,130179
7290015611169,false,תבלין לתפוחי אדמה 30,לוקס פרודקטס,,תבלין לתפוחי אדמה 30 גר,גרמים,30.00,100 גרם,false,1,2.90,9.6667,true,1,130180
7290015611176,false,תבלין לגזר קוריאני 3,לוקס פרודקטס,,תבלין לגזר קוריאני 30 גר,גרמים,30.00,100 גרם,false,1,2.90,9.6667,true,1,130181
7290015611183,false,תבלין לגזר קוריאני ח,לוקס פרודקטס,,תבלין לגזר קוריאני חריף 30 גר,גרמים,30.00,100 גרם,false,1,2.90,9.6667,true,1,130182
7290015611299,false,עשבי פרובנס 10 גר,,,עשבי פרובנס 10 גר,גרמים,10.00,100 גרם,false,1,2.90,29.0000,true,1,132539
7290015611305,false,מלח גורמה בסגנון איט,,,מלח גורמה בסגנון איטלקי 400 גר,גרמים,400.00,100 גרם,false,1,15.90,3.9750,true,1,132548
7290015611312,false,מלח גורמה שום ועשבי,,,מלח גורמה שום ועשבי תיבול 400 גר,גרמים,400.00,100 גרם,false,1,15.90,3.9750,true,1,132549
7290015611336,false,מלח גורמה לתיבול דג,,,מלח גורמה לתיבול דג 400 גר,גרמים,400.00,100 גרם,false,1,15.90,3.9750,true,1,132551
7290015611374,false,תיבול אוניברסלי לוקס,,,תיבול אוניברסלי לוקס 80 גר,גרמים,80.00,100 גרם,false,1,5.90,7.3750,true,1,165693
7290015611381,false,תיבול אוניברסלי לוקס,,,תיבול אוניברסלי לוקס 240 גר,גרמים,240.00,100 גרם,false,1,14.90,6.2083,true,1,132547
7290015611398,false,גריסי פנינה 800 גר,,,גריסי פנינה 800 גר,גרמים,800.00,100 גרם,false,1,9.90,1.2375,true,1,132540
7290015611411,false,גריסי תירס 700 גר,,,גריסי תירס 800 גר,גרמים,700.00,100 גרם,false,1,9.90,1.4143,true,1,132542
7290015611435,false,גריסי חיטה 800 גר,,,גריסי חיטה 800 גר,גרמים,800.00,100 גרם,false,1,9.90,1.2375,true,1,132544
7290015611459,false,כוסמת 800 גר,,,כוסמת 800 גר,גרמים,800.00,100 גרם,false,1,14.90,1.8625,true,1,132916
7290015611466,false,תבלין שמיר 10 גר,,,תבלין שמיר 10 גר,גרמים,10.00,100 גרם,false,1,2.90,29.0000,true,1,132917
7290015611473,false,תבלין להמלחת סלמון 3,,,תבלין להמלחת סלמון 30 גר,גרמים,30.00,100 גרם,false,1,2.90,9.6667,true,1,132918
7290015611480,false,סודה לשתייה 500 גר,,,סודה לשתייה 500 גר,גרמים,500.00,100 גרם,false,1,8.90,1.7800,true,1,136879
7290015611558,false,אגוז מוסקט טחון 20 ג,,,אגוז מוסקט טחון 20 גר,גרמים,20.00,100 גרם,false,1,2.90,14.5000,true,1,138062
7290015611565,false,שום גבישי 20 גר,,,שום גבישי 20 גר,גרמים,20.00,100 גרם,false,1,2.90,14.5000,true,1,138061
7290015611572,false,מלח לימון 700 גר,,,מלח לימון 700 גר,גרמים,700.00,100 גרם,false,1,29.90,4.2714,true,1,137679
7290015611596,false,אפונה ירוקה 800 גר,,,דוחן 500 גר,גרמים,800.00,100 גרם,false,1,9.90,1.2375,true,1,156393
7290015611619,false,שעועית אדומה 800 גר,,,גריסי שעורה 350 גר,גרמים,800.00,100 גרם,false,1,13.90,1.7375,true,1,139711
7290015611626,false,אורז יסמין 800 גר,,,גריסי חיטה 350 גר,גרמים,800.00,100 גרם,false,1,12.90,1.6125,true,1,139712
7290015611633,false,אורז עגול 800 גר,,,גריסי תירס 350 גר,גרמים,800.00,100 גרם,false,1,12.90,1.6125,true,1,155576
7290015611657,false,פשתן 400 גר,,,פשתן 400 גר,גרמים,400.00,100 גרם,false,1,9.90,2.4750,true,1,139713
7290015611664,false,ציא 400 גר,,,ציא 400 גר,גרמים,400.00,100 גרם,false,1,13.90,3.4750,true,1,139714
7290015611671,false,קינואה 400 גר,,,קינואה 400 גר,גרמים,400.00,100 גרם,false,1,11.90,2.9750,true,1,139715
7290015611688,false,כוסמין 500 גר,,,כוסמין 500 גר,גרמים,500.00,100 גרם,false,1,8.90,1.7800,true,1,139716
7290015611695,false,בורגול 800 גר,,,פירה בטעם עוף 32 גר,גרמים,800.00,100 גרם,false,1,9.90,1.2375,true,1,143138
7290015611701,false,סולת 800 גר,,,פירה בטעם בקר 32 גר,גרמים,800.00,100 גרם,false,1,9.90,1.2375,true,1,143139
7290015611725,false,פלפל 4 עונות 45 גר,,,פלפל 4 עונות 45 גר,גרמים,45.00,100 גרם,false,1,11.90,26.4444,true,1,143141
7290015611749,false,סוכר דמררה 1 קג,,,"סוכר דמררה 1 ק""ג",קילוגרמים,1.00,"ק""ג",false,1,13.90,13.9000,true,1,143163
7290015611756,false,מלח ים 100 גר,,,מלח ים 100 גר,גרמים,100.00,100 גרם,false,1,11.90,11.9000,true,1,143144
7290015611787,false,גריסי חיטה 600 גר,,,גרעיני חמניה קלופים 250 גר,גרמים,250.00,100 גרם,false,1,9.90,3.9600,true,1,143147
7290015611893,false,פרג שלם 250 גר,,,פרג שלם 250 גר,גרמים,250.00,100 גרם,false,1,12.90,5.1600,true,1,143152
7290015611947,false,גריסי כוסמת 700 גר,,,גריסי כוסמת 700 גר,גרמים,700.00,100 גרם,false,1,14.90,2.1286,true,1,143154
7290015611961,false,שיבולת שועל 400 גר,,,שיבולת שועל 400 גר,גרמים,400.00,100 גרם,false,1,5.90,1.4750,true,1,143156
7290015652254,false,גרעיני חמניה קלויים,,,גרעיני חמניה קלויים ששון הקולה 400 גר,גרמים,400.00,100 גרם,false,1,9.90,2.4750,true,1,146441
7290015652278,false,תערובת פיצוחים ששון,"דין שיווק וקליה בע""מ",,תערובת פיצוחים ששון הקולה 250 גר,גרמים,250.00,100 גרם,false,1,19.90,7.9600,true,1,146535
7290015652292,false,קבוקים עם שומשום ששו,"דין שיווק וקליה בע""מ",,קבוקים עם שומשום ששון הקולה 400 גר,גרמים,400.00,100 גרם,false,1,9.90,2.4750,true,1,146498
7290015652308,false,מנצס ששון הקולה 300,,,מנצס ששון הקולה 300 גר,גרמים,300.00,100 גרם,false,1,9.90,3.3000,true,1,146461
7290015652322,false,בוטנים אמריקאים מצופ,,,בוטנים אמריקאים מצופים ששון הקולה 400 גר,גרמים,400.00,100 גרם,false,1,9.90,2.4750,true,1,146424
7290015652407,false,פיסטוק קלוי ששון הקו,"דין שיווק וקליה בע""מ",,פיסטוק קלוי ששון הקולה 250 גר,גרמים,250.00,100 גרם,false,1,19.90,7.9600,true,1,146483
7290015652520,false,תערובת השף עשבי תיבו,"דין שיווק וקליה בע""מ",,תערובת השף עשבי תיבול ושום לתיבול דגים ו,גרמים,70.00,100 גרם,false,1,9.90,14.1429,true,1,146532
7290015652537,false,פלפל לימון פרסי ושום,"דין שיווק וקליה בע""מ",,פלפל לימון פרסי ושום אהרוני 130 גר,גרמים,130.00,100 גרם,false,1,9.90,7.6154,true,1,146487
7290015652544,false,גריל עוף ארומטי אהרו,,,גריל עוף ארומטי אהרוני 130 גר,גרמים,130.00,100 גרם,false,1,9.90,7.6154,true,1,146432
7290015699730,false,נוזל רצפות הפי מבושמ,וונדפוט,,נוזל רצפות הפי מבושמת ורוד 1.5 ליטר,ליטרים,1.50,ליטר,false,1,12.90,8.6000,true,1,135456
7290015733427,false,מטרנה דייסת גם וגם ו,מטרנה,,מטרנה דייסת גם וגם וניל פרו 300 גר,גרמים,300.00,100 גרם,false,1,18.90,6.3000,true,1,155118
7290015733441,false,מטרנה דייסת גם וגם ד,מטרנה,,מטרנה דייסת גם וגם דגנים פרו 300 גר,גרמים,300.00,100 גרם,false,1,18.90,6.3000,true,1,155117
7290015733465,false,מטרנה דייסת גם וגם ק,מטרנה,,מטרנה דייסת גם וגם קורנפלקס פרו 300 גר,גרמים,300.00,100 גרם,false,1,18.90,6.3000,true,1,155119
7290015804394,false,רסק עגבניות טל 260 ג,טל,,רסק עגבניות טל 260 גר,גרמים,260.00,100 גרם,false,1,3.90,1.5000,true,1,130992
7290015804400,false,עגבניות מרוסקות טל 2,טל,,עגבניות מרוסקות טל 260 גר,גרמים,250.00,100 גרם,false,1,3.90,1.5600,true,1,130993
7290015804417,false,עגבניות מרוסקות טל ש,טל,,עגבניות מרוסקות טל שום 250 גר,גרמים,250.00,100 גרם,false,1,3.90,1.5600,true,1,130995
7290015804424,false,עגבניות מרוסקות טל ב,טל,,עגבניות מרוסקות טל בזיליקום 250 גר,גרמים,250.00,100 גרם,false,1,3.90,1.5600,true,1,130994
7290015804486,false,עגבניות מרוסקות טל ש,טל,,עגבניות מרוסקות טל שקשוקה 250גר,גרמים,250.00,100 גרם,false,1,3.90,1.5600,true,1,130997
7290015839006,false,שטרודל במילוי תפוחים,,,שטרודל במילוי תפוחים 560 גר,גרמים,560.00,100 גרם,false,1,27.90,4.9821,true,1,153634
7290015839013,false,שטרודל במילוי גבינה,,,שטרודל במילוי גבינה 560 גר,גרמים,560.00,100 גרם,false,1,27.90,4.9821,true,1,153633
7290015839051,false,שטרודל תפוחים ללא תו,,,שטרודל תפוחים ללא תוספת סוכר קפוא 500 גר,גרמים,500.00,100 גרם,false,1,27.90,5.5800,true,1,159792
7290015839068,false,שטרודל פרג ללא תוספת,,,שטרודל פרג ללא תוספת סוכר קפוא 500 גר,גרמים,500.00,100 גרם,false,1,27.90,5.5800,true,1,159794
7290015839075,false,שטרודל גבינה ללא תוס,,,שטרודל גבינה ללא תוספת סוכר קפוא 500 גר,גרמים,500.00,100 גרם,false,1,27.90,5.5800,true,1,159793
7290015839099,false,שטרודל גבינה שוקו קפ,,,שטרודל גבינה שוקו קפוא 500 גר,גרמים,500.00,100 גרם,false,1,27.90,5.5800,true,1,159796
7290015850018,false,שרימפס טייגר עם ראש,פיש וון,,שרימפס טייגר עם ראש 31/40 500 גר,גרמים,500.00,100 גרם,false,1,42.90,8.5800,true,1,131194
7290015850148,true,דג סמלט 454 גר,Tai Dexi Distribiuto,,דג סמלט 454 גר,גרמים,454.00,100 גרם,false,1,21.90,4.8238,true,1,131198
7290015850230,false,בשר מולים 500 גר,,,בשר מולים 500 גר,גרמים,500.00,100 גרם,false,1,24.90,4.9800,true,1,144643
7290015850452,false,גיוזה עוף 240 גר,,,גיוזה עוף 240 גר,גרמים,240.00,100 גרם,false,1,25.90,10.7917,true,1,149510
7290015850520,false,קוביות דג בסה קפוא 5,,,קוביות דג בסה קפוא 500 גר,גרמים,500.00,100 גרם,false,,16.90,3.3800,true,1,156229
7290015856171,false,בייגלה הדר שמיניות מ,,,בייגלה הדר שמיניות מלח 200 גר,גרמים,200.00,100 גרם,false,1,3.90,1.9500,true,1,172734
7290015856492,false,קרקר הדר חטיפית מלח,,,קרקר הדר חטיפית מלח 180 גר,גרמים,180.00,100 גרם,false,1,3.90,2.1667,true,1,172726
7290015856508,false,קרקר הדר חטיפית שומש,,,קרקר הדר חטיפית שומשום 180 גר,גרמים,180.00,100 גרם,false,1,3.90,2.1667,true,1,172727
7290015858106,false,פסטו ביתי עללחם 180,,,פסטו ביתי עללחם 180 גר,גרמים,180.00,100 גרם,false,1,15.90,8.8333,true,1,151913
7290015858328,false,רוטב איולי פסטו עללח,אסם,,רוטב איולי פסטו עללחם 295 גר,גרמים,295.00,100 גרם,false,1,15.90,5.3898,true,1,173841
7290015858441,false,רוטב איולי פלפלים על,אסם,,רוטב איולי פלפלים עללחם 295 גר,גרמים,295.00,100 גרם,false,1,15.90,5.3898,true,1,173840
7290015858687,false,רוטב איולי שום עללחם,אסם,,רוטב איולי שום עללחם 295 גר,גרמים,295.00,100 גרם,false,1,15.90,5.3898,true,1,173843
7290015858694,false,רוטב איולי שום לימון,אסם,,רוטב איולי שום לימון עללחם 295 גר,גרמים,295.00,100 גרם,false,1,15.90,5.3898,true,1,173842
7290015888196,false,שמן חמניות שוקחה 1 ל,,,שמן חמניות שוקחה 1 ל,ליטרים,1.00,ליטר,false,1,14.90,14.9000,true,1,139622
7290015888301,false,שמן חמניות 3 ל,,,שמן חמניות 3 ל,ליטרים,3.00,ליטר,false,1,43.90,14.6333,true,1,145796
7290015951227,false,יין גמלא סירה 750 מל,,,"יין גמלא סירה 750 מ""ל",מיליליטרים,750.00,"100 מ""ל",false,1,59.90,7.9867,true,1,152638
7290015951616,false,יין גמלא סנגובזה 201,,,"יין גמלא סנגובזה 2015 750 מ""ל",מיליליטרים,750.00,"100 מ""ל",false,1,59.90,7.9867,true,1,137891
7290015968102,false,קיסמי שיניים רפואיים,W.H.J.C.CO,,קיסמי שיניים רפואיים עם חוט דנטאלי 100 י,Unknown,0.00,Unknown,false,1,18.90,0.0000,true,1,133378
7290015968119,false,משטח מיקרופייבר דו צ,T.M.J.T.CO,,משטח מיקרופייבר דו צדדי לייבוש כלים,Unknown,0.00,Unknown,false,1,14.90,0.0000,true,1,133375
7290015968140,false,אטבי אחיזה רחבה בעיצ,H.J.E,,אטבי אחיזה רחבה בעיצוב איטלקי 36 יח,Unknown,0.00,Unknown,false,1,18.90,0.0000,true,1,133377
7290015968324,false,נורת לד 12 וולט אור,F.E.CO,,נורת לד 12 וולט אור לבן,Unknown,0.00,Unknown,false,1,19.90,0.0000,true,1,135008
7290015968331,false,נורת לד 6 וולט אור ל,F.E.CO,,נורת לד 6 וולט אור לבן,Unknown,0.00,Unknown,false,1,14.90,0.0000,true,1,135003
7290015968348,false,נורת לד 9 וולט אור ל,F.E.CO,,נורת לד 9 וולט אור לבן,Unknown,0.00,Unknown,false,1,14.90,0.0000,true,1,135004
7290015968355,false,נורת לד נר 5.5 וולט,F.E.CO,,נורת לד נר 5.5 וולט אור לבן,Unknown,0.00,Unknown,false,1,14.90,0.0000,true,1,135005
7290015968362,false,נורת לד כדור 5.5 וול,F.E.CO,,נורת לד כדור 5.5 וולט אור לבן,Unknown,0.00,Unknown,false,1,14.90,0.0000,true,1,135006
7290015968584,false,נר נשמה 24 שעות,,,נר נשמה 24 שעות,Unknown,0.00,Unknown,false,1,1.90,0.0000,true,1,142922
7290015968782,false,פדים להסרת איפור 80,S.T.O.CO,,פדים להסרת איפור 80 יח שלישייה,Unknown,0.00,Unknown,false,1,19.90,0.0000,true,1,138539
7290015968805,false,מפיות מודפסות 20 יח,W.W.P.CO,,מפיות מודפסות 20 יח,Unknown,0.00,Unknown,false,1,8.90,0.0000,true,1,138521
7290015968874,false,מפיות מודפסות 20 יח,W.W.P.CO,,מפיות מודפסות 20 יח,Unknown,0.00,Unknown,false,1,8.90,0.0000,true,1,138528
7290015989060,false,לחם סמאצני 660 גר,,,לחם סמאצני 660 גר,גרמים,660.00,100 גרם,false,1,16.90,2.5606,true,1,156350
7290015989084,false,לחם בולוטובסקוי פרוס,,,לחם בולוטובסקוי פרוס 450 גר,גרמים,450.00,100 גרם,false,1,13.90,3.0889,true,1,131959
7290015989169,false,לחם בלורוסקי 650 גר,,,לחם בלורוסקי 650 גר,גרמים,650.00,100 גרם,false,1,15.90,2.4462,true,1,131957
7290015989190,false,לחם מינסקי 450 גר,,,לחם מינסקי 450 גר,גרמים,450.00,100 גרם,false,1,15.90,3.5333,true,1,139493
7290016006025,false,סודה שוופס 500 מל,,,"סודה שוופס 500 מ""ל",מיליליטרים,500.00,"100 מ""ל",false,1,2.90,0.5800,true,1,132394
7290016006292,false,ספרינג מנגו בננה מלו,"יפאורה תבורי בע""מ",,ספרינג מנגו בננה מלון 1 ליטר,ליטרים,1.00,ליטר,false,1,6.90,6.9000,true,1,131902
7290016006339,false,רביעית מים מינרליים,,,מים מינרליים מי עדן 1 ל רביעייה,ליטרים,4.00,ליטר,false,1,12.90,3.2250,true,1,132073
7290016006346,false,סודה שוופס אוריגינל,,,"סודה שוופס אוריגינל 500 מ""ל שישייה",ליטרים,3.00,ליטר,false,1,15.90,5.3000,true,1,131747
7290016028003,false,קינוחי סורבה 12 יח,,,קינוחי סורבה 12 יח,Unknown,0.00,Unknown,false,1,17.90,0.0000,true,1,133856
7290016028157,false,כוס ליקר 50 יח דנטס,,,כוס ליקר 50 יח,Unknown,0.00,Unknown,false,1,8.90,0.0000,true,1,159411
7290016028683,false,קיסמי מעוטרים 50 יח,,,קיסמי מעוטרים 50 יח,Unknown,0.00,Unknown,false,1,5.90,0.0000,true,1,133866
7290016028867,false,נר מחליף 4 צבעים,,,נר מחליף 4 צבעים,Unknown,0.00,Unknown,false,1,10.90,0.0000,true,1,134966
7290016035025,false,לחם פשתן ללא סוכר 45,ביכורים,IL,לחם פשתן ללא סוכר 450 גר,גרמים,450.00,100 גרם,false,15,25.90,5.7556,true,1,148768
7290016076011,false,לבש ארמני 330 גר,,,לבש ארמני 330 גר,גרמים,330.00,100 גרם,false,1,15.90,4.8182,true,1,154617
7290016077759,false,רוטב היינץ ברביקיו ק,,,רוטב היינץ ברביקיו קלאסי 480 גר,גרמים,480.00,100 גרם,false,1,16.90,3.5208,true,1,139184
7290016080551,false,מתבל עגבניות היינץ א,היינץ,,מתבל עגבניות היינץ אורגני 580 גר,גרמים,580.00,100 גרם,false,1,14.90,2.5690,true,1,134108
7290016087222,false,עגבניות מרוסקות פרינ,,,עגבניות מרוסקות פריניר לשקשוקה 230 גר,גרמים,230.00,100 גרם,false,1,5.90,2.5652,true,1,138573
7290016114300,false,נייר טואלט לילי לבן,,,נייר טואלט לילי לבן דאבל 16 גל,Unknown,0.00,Unknown,false,1,32.90,0.0000,true,1,133343
7290016144024,false,קמח 100% כוסמין 1 קג,,,קמח 100% כוסמין 1 קג,קילוגרמים,1.00,"ק""ג",false,1,14.90,14.9000,true,1,171666
7290016150117,false,סלק אדום מקולף ומבוש,ג'ואן,,סלק אדום מקולף ומבושל 500 גר,גרמים,500.00,100 גרם,false,1,6.90,1.3800,true,1,139880
7290016150711,false,נוזל קוקוס אבאל פחית,,,נוזל קוקוס אבאל פחית 400 גר,גרמים,400.00,100 גרם,false,1,5.90,1.4750,true,1,149770
7290016188585,false,יין מבעבע למברוסקו ר,,,"יין מבעבע למברוסקו רוזה חצי יבש 750 מ""ל",מיליליטרים,750.00,"100 מ""ל",false,1,29.90,3.9867,true,1,131090
7290016188592,false,יין מבעבע למברוסקו א,,,"יין מבעבע למברוסקו אדום חצי יבש 750 מ""ל",מיליליטרים,750.00,"100 מ""ל",false,1,29.90,3.9867,true,1,131088
7290016197488,false,מטליות קסם ניקול לשי,,,מטליות קסם ניקול לשיש שלישייה,Unknown,0.00,Unknown,false,1,10.90,0.0000,true,1,132613
7290016197495,false,מטליות קסם ניקול לרצ,,,מטליות קסם ניקול לרצפה מארז זוג,Unknown,0.00,Unknown,false,1,15.90,0.0000,true,1,132232
7290016197617,false,תחבושת דיפנד אקסטרה,,,תחבושת דיפנד אקסטרה 10 יח,Unknown,0.00,Unknown,false,1,16.80,0.0000,true,1,148537
7290016197839,false,שקיות אשפה חזקות,ניקול,,שקיות אשפה חזקות במיוחד 10 יח,Unknown,0.00,Unknown,false,1,19.90,0.0000,true,1,131512
7290016233384,false,גפילטע פיש 7 קציצות,,,גפילטע פיש 7 קציצות 555 גר,גרמים,555.00,100 גרם,false,1,14.90,2.6847,true,1,133159
7290016233575,false,שיבולת שועל 600 גר,,,שיבולת שועל 600 גר,גרמים,600.00,100 גרם,false,1,6.90,1.1500,true,1,136195
7290016233711,false,לה פסטה לינגוויני 40,,,לה פסטה לינגוויני 400 גר,גרמים,400.00,100 גרם,false,1,3.90,0.9750,true,1,141655
7290016234008,false,פילה אנשובי צנצנת שמ,Inversiones prisco s,,פילה אנשובי צנצנת שמן זית 100 גר,גרמים,100.00,100 גרם,false,1,12.90,12.9000,true,1,137155
7290016245929,false,לחם טחינה עשיר בחלבו,,,לחם טחינה עשיר בחלבון 450 גר,גרמים,450.00,100 גרם,false,1,27.90,6.2000,true,1,169554
7290016246025,false,חלווה בארכה פינוקיות,רושדי,,חלבה בארכה פינוקיות ללא סוכר 20גר עשיריה,גרמים,200.00,100 גרם,false,1,11.90,5.9500,true,1,131645
7290016276848,false,מנה חמה אטריות טעם ע,,,מנה חמה אטריות טעם עוף 70 גר,גרמים,70.00,100 גרם,false,1,5.90,8.4286,true,1,171788
7290016276855,false,מנה חמה אטריות טעם י,,,מנה חמה אטריות טעם ירקות 70 גר,גרמים,70.00,100 גרם,false,1,5.90,8.4286,true,1,171787
7290016304404,false,לחם כוסמין 600 גר,,,לחם כוסמין 600 גר,גרמים,600.00,100 גרם,false,1,13.90,2.3167,true,1,141190
7290016304596,false,לחמניות רגילות 75 גר,מאפיית דווידוביץ ובנ,,לחמניות רגילות 75 גר 10 יח,גרמים,750.00,100 גרם,false,1,12.90,1.7200,true,1,157559
7290016319194,false,עוגיות סנדוויץ שוקו,,,טוסו עוגיות סנדוויץ שוקו קרם וניל זוג,גרמים,300.00,100 גרם,false,1,16.90,5.6333,true,1,158640
7290016321678,false,מגבונים לחים פרש ווא,גניר,,מגבונים לחים פרש וואנס רביעייה,Unknown,0.00,Unknown,false,1,16.90,0.0000,true,1,151538
7290016370089,false,מלפפון פיקנטי 13-17,קבוצת יבנה,,מלפפון פיקנטי 13-17 יבנה 560 גר,גרמים,560.00,100 גרם,false,12,9.90,1.7679,true,1,164717
7290016370096,false,זית מרוקאי גדול 340,,,זית מרוקאי גדול 340 גר,גרמים,340.00,100 גרם,false,12,12.90,3.7941,true,1,167395
7290016370119,false,מלפפון בטעם ביתי צנצ,,,מלפפון בטעם ביתי צנצנת 540 גר,גרמים,540.00,100 גרם,false,1,8.90,1.6481,true,1,164639
7290016370317,false,זית קלמטה ללא גלעין,,,זית קלמטה ללא גלעין 560 גר,גרמים,560.00,100 גרם,false,12,14.90,2.6607,true,1,161357
7290016370973,false,פלפל קלוי צנצנת 580,,,פלפל קלוי צנצנת 580 גר,גרמים,580.00,100 גרם,false,1,10.90,1.8793,true,1,143960
7290016372373,false,רסק עגבניות גרנד איט,,,רסק עגבניות גרנד איטליה 135 גר זוג,גרמים,280.00,100 גרם,false,1,7.90,2.8214,true,1,138842
7290016372397,false,תה ירוק תפוז גינגר ו,ויסוצקי,,תה ירוק תפוז גינגר וכורכום 25 שק,גרמים,38.00,100 גרם,false,1,24.90,65.5263,true,1,138626
7290016372458,false,הגן הקסום לימונית ול,ויסוצקי,,הגן הקסום לימונית ולואיזה 50 שק,גרמים,75.00,100 גרם,false,1,29.90,39.8667,true,1,137648
7290016372496,false,חליטת תה הגן הקסום ג,,,חליטת תה סודות הצמחים גינגר ודבש 20 שק,Unknown,0.00,Unknown,false,1,17.90,0.0000,true,1,138827
7290016448399,false,אפונה ירוקה במי מלח,,,אפונה ירוקה במי מלח 685 גר,גרמים,685.00,100 גרם,false,1,11.90,1.7372,true,1,166012
7290016448634,false,שפרוטים מעושנים בשמן,,,שפרוטים מעושנים בשמן 240 גר,גרמים,240.00,100 גרם,false,1,14.90,6.2083,true,1,162626
7290016509786,false,גל כביסה פרסיל ירוק,,,גל כביסה פרסיל ירוק 2.5 ל,ליטרים,2.50,ליטר,false,6,29.90,11.9600,true,1,148180
7290016509809,false,גל כביסה פרסיל קולור,,,גל כביסה פרסיל קולור 2.5 ל,ליטרים,2.50,ליטר,false,6,29.90,11.9600,true,1,148181
7290016509823,false,גל כביסה פרסיל בלו 2,,,גל כביסה פרסיל בלו 2.5 ל,ליטרים,2.50,ליטר,false,6,29.90,11.9600,true,1,148182
7290016513042,false,אובליפיחה קפוא 250 ג,,,מיקס פירות גן קפוא 250 גר,גרמים,250.00,100 גרם,false,1,15.90,6.3600,true,1,139342
7290016513233,false,אוכמניות אדומות 250,,,אוכמניות אדומות 250 גר,גרמים,250.00,100 גרם,false,1,14.90,5.9600,true,1,134355
7290016513240,false,אוכמניות כחולות 250,,,אוכמניות כחולות 250 גר,גרמים,250.00,100 גרם,false,1,14.90,5.9600,true,1,134356
7290016513264,false,חמוציות בר 250 גר,,,חמוציות בר 250 גר,גרמים,250.00,100 גרם,false,1,14.90,5.9600,true,1,134357
7290016513288,false,פטל אדום 250 גר,,,פטל אדום 250 גר,גרמים,250.00,100 גרם,false,1,19.90,7.9600,true,1,134358
7290016513295,false,דומדמנית אדומה 250 ג,,,דומדמנית אדומה 250 גר,גרמים,250.00,100 גרם,false,1,11.90,4.7600,true,1,134348
7290016513301,false,דומדמנית שחורה 250 ג,,,דומדמנית שחורה 250 גר,גרמים,250.00,100 גרם,false,1,11.90,4.7600,true,1,134349
7290016513318,false,אוכמניות שחורות 250,,,אוכמניות שחורות 250 גר,גרמים,250.00,100 גרם,false,1,14.90,5.9600,true,1,134359
7290016513325,false,דובדבן 250 גר,,,דובדבן 250 גר,גרמים,250.00,100 גרם,false,1,11.90,4.7600,true,1,134350
7290016513332,false,מיקס פירות 250 גר,,,מיקס פירות 250 גר,גרמים,250.00,100 גרם,false,1,11.90,4.7600,true,1,134351
7290016523195,false,סטימר עץ 8,Fujian fuzhou tian s,,סטימר עץ 8,Unknown,0.00,Unknown,false,1,39.90,0.0000,true,1,134147
7290016523447,false,אטריות ביצים 300 גר,,,אטריות ביצים 300 גר,גרמים,300.00,100 גרם,false,1,7.90,2.6333,true,1,137829
7290016580792,false,צלחת פרח 7 קרם עם עי,,,"צלחת פרח 7"" קרם עם עיטור זהב 10 יח",Unknown,0.00,Unknown,false,1,16.90,0.0000,true,1,159430
7290016580976,false,מנגל חד פעמי,,,מנגל חד פעמי,Unknown,0.00,Unknown,false,1,9.90,0.0000,true,1,152568
7290016584011,false,חטיפוני גזר 350 גר,,,חטיפוני גזר 350 גר,גרמים,350.00,100 גרם,false,1,9.90,2.8286,true,1,133135
7290016584103,false,גזר צבעוני,,,גזר צבעוני,Unknown,0.00,Unknown,false,1,12.90,0.0000,true,1,159982
7290016584219,false,שעועית ירוקה שלמה טר,,,שעועית ירוקה שלמה טריה 410 גר,גרמים,410.00,100 גרם,false,1,12.90,3.1463,true,1,159981
7290016617207,false,שמיר אדום ירוק ארוז,,,שמיר אדום ירוק ארוז,Unknown,0.00,Unknown,false,1,4.90,0.0000,true,1,158923
7290016617214,false,כוסברה אדום ירוק ארו,,,כוסברה אדום ירוק ארוז,Unknown,0.00,Unknown,false,1,4.90,0.0000,true,1,158913
7290016617221,false,פטרוזיליה אדום ירוק,,,פטרוזיליה אדום ירוק ארוז,Unknown,0.00,Unknown,false,1,4.90,0.0000,true,1,158920
7290016617238,false,נענע אדום ירוק ארוז,,,נענע אדום ירוק ארוז,Unknown,0.00,Unknown,false,1,4.90,0.0000,true,1,158916
7290016617269,false,סלרי ראש אדום ירוק א,,,סלרי ראש אדום ירוק ארוז,Unknown,0.00,Unknown,false,1,5.90,0.0000,true,1,158918
7290016667042,false,קשיות פספסים רב פעמי,עבדו,,קשיות פספסים רב פעמי 20 יח,Unknown,0.00,Unknown,false,1,9.90,0.0000,true,1,173539
7290016667066,false,סוכריות לקישוט עוגות,מזון דני,,סוכריות לקישוט עוגות 90 גר,גרמים,90.00,100 גרם,false,1,6.90,7.6667,true,1,133702
7290016667165,false,חרדל דיזון גרגירים 3,קובינור,,חרדל דיזון גרגירים 350 גר,גרמים,350.00,100 גרם,false,1,9.90,2.8286,true,1,134950
7290016667271,false,משאבה מסיר לאק 150 מ,,,"משאבה מסיר לאק 150 מ""ל",מיליליטרים,150.00,"100 מ""ל",false,1,10.90,7.2667,true,1,137318
7290016667431,false,טורטיה ענק 30 סמ 540,SINNACK,DE,"טורטיה ענק 30 ס""מ 540 גר",גרמים,540.00,100 גרם,false,12,11.90,2.2037,true,1,144607
7290016667448,false,דובדבן מסוכר 100 גר,פוליבה,,דובדבן מסוכר 100 גר,גרמים,100.00,100 גרם,false,1,8.90,8.9000,true,1,142920
7290016667462,false,מארז פריכיות אורז 26,פרח תעשיות,,מארז פריכיות אורז 265 גר,גרמים,265.00,100 גרם,false,1,12.90,4.8679,true,1,142993
7290016667479,false,פריכיות כוסמת 130 גר,פרח תעשיות,,פריכיות כוסמת 130 גר,גרמים,130.00,100 גרם,false,1,10.90,8.3846,true,1,142994
7290016667486,false,מארז פריכיות כוסמת ד,פרח תעשיות,,מארז פריכיות כוסמת דל נתרן 130 גר,גרמים,130.00,100 גרם,false,1,10.90,8.3846,true,1,142995
7290016667523,false,סוכריות ענק לעוגה 20,,,סוכריות ענק לעוגה 200 גר,גרמים,200.00,100 גרם,false,1,8.90,4.4500,true,1,154869
7290016667547,false,סילאן לחיץ 100% טבעי,,,סילאן לחיץ 100% טבעי 500 גר,גרמים,500.00,100 גרם,false,1,16.90,3.3800,true,1,156018
7290016667561,false,שמן קוקוס כבישה קרה,,,"שמן קוקוס כבישה קרה 500 מ""ל",מיליליטרים,500.00,"100 מ""ל",false,1,29.90,5.9800,true,1,152156
7290016667615,false,ביסקוויט סנדוויץ שוק,,,ביסקוויט סנדוויץ שוקולד 250 גר שלישייה,גרמים,750.00,100 גרם,false,1,14.90,1.9867,true,1,152154
7290016667646,false,רוטב סרירצה חריף מאו,,,"רוטב סרירצה חריף מאוד 360 מ""ל",מיליליטרים,360.00,"100 מ""ל",false,1,11.90,3.3056,true,1,153521
7290016682083,false,מיץ תות בננה 400 מל,,,"מיץ תות בננה 400 מ""ל",מיליליטרים,400.00,"100 מ""ל",false,1,9.90,2.4750,true,1,155857
7290016682182,false,שייק תמר בננה מופחת,,,שייק תמר בננה מופחת סוכר 1 ל,ליטרים,1.00,ליטר,false,1,15.90,15.9000,true,1,135658
7290016682199,false,שייק תות בננה מופחת,,,שייק תות בננה מופחת סוכר 1 ל,ליטרים,1.00,ליטר,false,1,15.90,15.9000,true,1,135659
7290016682366,false,מיץ תפוחים צלול 2 ל,,,מיץ תפוחים צלול 2 ל,ליטרים,2.00,ליטר,false,1,24.90,12.4500,true,1,168397
7290016682397,false,נקטר פריניב חמוציות,,,נקטר פרי ניב חמוציות 2 ל,ליטרים,2.00,ליטר,false,1,19.90,9.9500,true,1,168400
7290016689198,false,יין רוזה קאפריס סט ט,,,יין רוזה קאפריס סט טרופה 750 מל,מיליליטרים,750.00,"100 מ""ל",false,1,54.90,7.3200,true,1,150803
7290016717631,false,יין מבעבע פרייבט קול,,,"יין מבעבע פרייבט קולקשן מוסקטו 750 מ""ל",מיליליטרים,750.00,"100 מ""ל",false,1,39.90,5.3200,true,1,139972
7290016823011,false,רוקולה,,,רוקולה,Unknown,0.00,Unknown,false,1,4.90,0.0000,true,1,136256
7290016823059,false,טימין,,,טימין,Unknown,0.00,Unknown,false,1,4.90,0.0000,true,1,136259
7290016823349,true,סלק בוואקום 525 גר,ביכורי שדה דרום 2002,,סלק בוואקום 525 גר,גרמים,525.00,100 גרם,false,1,6.90,1.3143,true,1,159352
7290016866643,false,משחת שיניים פרודונטק,,,משחת שיניים פרודונטקס פרש 75 מל,מיליליטרים,75.00,"100 מ""ל",false,1,29.90,39.8667,true,1,149787
7290016866650,false,משחת שיניים פרודונטק,,,משחת שיניים פרודונטקס אוריגינל 75 מל,מיליליטרים,75.00,"100 מ""ל",false,1,29.90,39.8667,true,1,149789
7290016866674,false,משחת שיניים פרדונטקס,,,משחת שיניים פרדונטקס מלבינה 75 מל,מיליליטרים,75.00,"100 מ""ל",false,1,29.90,39.8667,true,1,149790
7290016875102,true,יוגורט עיזים פירות י,,,יוגורט עיזים פירות יער שדה 330 מל,מיליליטרים,330.00,"100 מ""ל",false,,11.90,3.6061,true,1,168062
7290016875119,true,יוגורט עיזים תות שדה,,,יוגורט עיזים תות שדה 330 מל,מיליליטרים,330.00,"100 מ""ל",false,,11.90,3.6061,true,1,168061
7290016875409,true,יוגורט עיזים אפרסק 3,,,יוגורט עיזים אפרסק 330 מל,מיליליטרים,330.00,"100 מ""ל",false,,11.90,3.6061,true,1,168063
7290016883107,false,חרדל דיזון גרגרים 35,,,חרדל דיזון גרגרים 350 גר,גרמים,350.00,100 גרם,false,1,10.90,3.1143,true,1,171790
7290017023182,false,משקה מוגז שוופס תפוח,,,"משקה מוגז שוופס תפוח פחית סליק 330 מ""ל",מיליליטרים,330.00,"100 מ""ל",false,1,4.90,1.4848,true,1,141467
7290017023199,false,משקה מוגז שוופס תות,,,משקה מוגז שוופס תות ליים פחית סליק 330 מ,מיליליטרים,330.00,"100 מ""ל",false,1,4.90,1.4848,true,1,141469
7290017023205,false,משקה מוגז שוופס ענבי,,,"משקה מוגז שוופס ענבים פחית סליק 330 מ""ל",מיליליטרים,330.00,"100 מ""ל",false,1,4.90,1.4848,true,1,141468
7290017023670,false,שוופס מוגז למונייד פ,,,"שוופס מוגז למונייד פחית סליק 330 מ""ל",מיליליטרים,330.00,"100 מ""ל",false,1,4.90,1.4848,true,1,143451
7290017031705,false,משחת שיניים סנסודיין,,,משחת שיניים סנסודיין 75 מל,מיליליטרים,75.00,"100 מ""ל",false,1,20.90,27.8667,true,1,148177
7290017034065,false,אסותא אבקת כביסה 1.2,,,"אסותא אבקת כביסה 1.25 ק""ג",קילוגרמים,1.25,"ק""ג",false,1,8.90,7.1200,true,1,149850
7290017044019,false,מטליות לחות אסותא לנ,,,מטליות לחות אסותא לניקוי כללי 400 יח,Unknown,0.00,Unknown,false,1,19.90,0.0000,true,1,136164
7290017044071,false,מטליות לחים אסותא לנ,,,מטליות לחים אסותא לניקוי כללי תפוח דלי,יחידה,400.00,יחידה,false,1,19.90,0.0497,true,1,140180
7290017044293,false,אסותא דלי מטליות לרצ,,,אסותא דלי מטליות לרצפה 50 יח,Unknown,0.00,Unknown,false,6,29.90,0.0000,true,1,160526
7290017058092,false,שיבולת שועל שלמים 60,,,שיבולת שועל שלמים 600 גר,גרמים,600.00,100 גרם,false,1,6.90,1.1500,true,1,138433
7290017058115,false,קורנישון בסגנון צרפת,Satko ltd,,קורנישון בסגנון צרפתי 670 גרם,גרמים,670.00,100 גרם,false,1,9.90,1.4776,true,1,137611
7290017058139,false,רסק תפוח עץ עם תות ש,Cherry growers inc,,רביעיית רסק תפוח עץ עם תות שדה 113 גרם,גרמים,452.00,100 גרם,false,1,12.90,2.8540,true,1,139811
7290017062754,false,נוזל כלים לימון 36%,,,נוזל כלים לימון 36% 750 מל טאצ+משאבה,מיליליטרים,750.00,"100 מ""ל",false,1,9.90,1.3200,true,1,160717
7290017065137,false,גבינה למריחה ריקוטה,,,גבינה למריחה ריקוטה 5% טבעי 200 גר,גרמים,200.00,100 גרם,false,1,9.90,4.9500,true,1,139489
7290017065144,false,גבינה למריחה ריקוטה,,,גבינה למריחה ריקוטה 5% בזיליקום 200 גר,גרמים,200.00,100 גרם,false,1,9.90,4.9500,true,1,139796
7290017065168,false,גבינה כחולה גד 100 ג,,,גבינה כחולה גד 100 גר,גרמים,100.00,100 גרם,false,1,14.90,14.9000,true,1,141864
7290017065212,false,קרם מסקרפונה להקפצה,,,קרם מסקרפונה להקפצה גד 38% 250 גר,גרמים,250.00,100 גרם,false,1,19.90,7.9600,true,1,141867
7290017065236,false,בולגרית מעודנת 24% 2,,,בולגרית מעודנת 24% 250 גר,גרמים,250.00,100 גרם,false,1,21.90,8.7600,true,1,141947
7290017065434,false,גבינה גאודה בקר פרוס,,,גבינה גאודה בקר פרוסות 200 גר,גרמים,200.00,100 גרם,false,1,19.90,9.9500,true,1,149983
7290017065588,true,יוגורט יווני 600 גר,,,יוגורט יווני 600 גרם,גרמים,600.00,100 גרם,false,,14.90,2.4833,true,1,156492
7290017065618,true,גבינה פקורינו פרוס 1,,,גבינה פקורינו פרוס 150 גר,גרמים,150.00,100 גרם,false,,19.90,13.2667,true,1,156491
7290017065649,true,קרם פטיסייר 250 גר,,,קרם פטיסייר 250 גר,גרמים,250.00,100 גרם,false,,19.90,7.9600,true,1,156489
7290017065663,false,פטה עיזים מעודנת 16%,,,פטה עיזים מעודנת 16% 250 גר,גרמים,250.00,100 גרם,false,1,29.90,11.9600,true,1,159652
7290017065731,false,גבינת שמנת ניו יורק,,,גבינת שמנת ניו יורק כמהין 30% 200 גר,גרמים,200.00,100 גרם,false,1,12.90,6.4500,true,1,163131
7290017065786,false,גבינת צדר אנגלית 210,,IL,גבינת צדר אנגלית 210 גר,גרמים,210.00,100 גרם,false,12,19.90,9.4762,true,1,166216
7290017088914,false,מגבוני בייביסיטר מבו,,,שישיית מגבוני בייביסיטר מבושם 66 יח,Unknown,0.00,Unknown,false,1,17.90,0.0000,true,1,163129
7290017105048,false,זיתים טבעות יכין 3*2,,,זיתים טבעות יכין 3*200 גר,גרמים,600.00,100 גרם,false,1,13.90,2.3167,true,1,170744
7290017105550,false,מאגדת רסק עגבניות 10,,,מאגדת רסק עגבניות 100% 4*100 גר,גרמים,400.00,100 גרם,false,8,11.90,2.9750,true,1,158665
7290017105895,false,גרגירי חומוס מסעדות,,,גרגרי חומוס מסעדות יכין 550 גר,גרמים,550.00,100 גרם,false,12,9.90,1.8000,true,1,158664
7290017106069,false,קוביות סלק יכין 550,יכין,,קוביות סלק יכין 550 גר,גרמים,550.00,100 גרם,false,1,8.90,1.6182,true,1,156912
7290017121086,false,אריסה ביתית מתוקה על,,,אריסה ביתית מתוקה עללחם 250 גר,גרמים,250.00,100 גרם,false,1,14.90,5.9600,true,1,169241
7290017142012,false,שמן קוקוס עץ הזית או,,,שמן קוקוס עץ הזית אורגני כתית 500 מל,מיליליטרים,500.00,"100 מ""ל",false,1,39.90,7.9800,true,1,136555
7290017142128,false,שמן זית כתית מעולה ק,שמן תעשיות,,שמן זית כתית מעולה קלאסי עץ הזית 750 מל,מיליליטרים,750.00,"100 מ""ל",false,1,29.90,3.9867,true,1,140049
7290017142159,false,נתחי טונה עץ הזית בש,,,נתחי טונה עץ הזית בשמן זית שלישייה,גרמים,240.00,100 גרם,false,1,23.90,9.9583,true,1,158385
7290017142289,false,תרסיס שמן חמניות עץ,שמן תעשיות,,תרסיס שמן חמניות עץ הזית 200 מל,מיליליטרים,200.00,"100 מ""ל",false,1,15.90,7.9500,true,1,146766
7290017142340,false,שמן זרעי ענבים 1 ל,,,שמן זרעי ענבים 1 ל,ליטרים,1.00,ליטר,false,1,27.90,27.9000,true,1,154588
7290017142388,false,שמן חמניות עץ הזית פ,,,שמן חמניות עץ הזית פלוס אומגה 1.3 ל,ליטרים,1.00,ליטר,false,1,15.90,15.9000,true,1,152089
7290017142418,false,אורז ועדשים עם טונה,,,אורז ועדשים עם טונה טו גו עץ הזית בשמן ז,גרמים,160.00,100 גרם,false,1,13.90,8.6875,true,1,154579
7290017189413,false,גולד רינג טבעות בצל,,,גולד רינג טבעות בצל 600 גר,גרמים,600.00,100 גרם,false,1,14.90,2.4833,true,1,163423
7290017189543,false,עוגיות כוסמין מלא גר,,,עוגיות כוסמין מלא גרנולה ללא תוספת סוכר,גרמים,230.00,100 גרם,false,1,17.90,7.7826,true,1,166511
7290017189550,false,עוגיות כוסמין מלא טח,,,עוגיות כוסמין מלא טחינה ללא תוספת סוכר,גרמים,230.00,100 גרם,false,1,17.90,7.7826,true,1,166512
7290017197456,false,מגבוני נייר טואלט אס,,,מגבוני נייר טואלט אסותא שלישייה,Unknown,0.00,Unknown,false,1,11.90,0.0000,true,1,142123
7290017217154,false,תבנית אלומיניום ענקי,,,תבנית אלומיניום ענקית 4 יח,Unknown,0.00,Unknown,false,1,11.90,0.0000,true,1,144149
7290017217161,false,תבנית אלומיניום גדול,,,תבנית אלומיניום גדולה 7 יח,Unknown,0.00,Unknown,false,1,11.90,0.0000,true,1,144154
7290017217192,false,תבנית אלומיניום אינג,,,תבנית אלומיניום אינגליש 13 יח,Unknown,0.00,Unknown,false,1,11.90,0.0000,true,1,144151
7290017217598,false,גלילי עץ אקולוגיים ל,,,גלילי עץ אקולוגיים להדלקת פחם 300 גר,גרמים,300.00,100 גרם,false,1,19.90,6.6333,true,1,153164
7290017217611,false,נייר אפייה נשלף הוסט,,,נייר אפייה נשלף הוסטס 50 יח,Unknown,0.00,Unknown,false,1,10.90,0.0000,true,1,154252
7290017232218,false,לחם כפרי דווידוביץ 4,,,לחם כפרי דווידוביץ 430 גר,גרמים,430.00,100 גרם,false,1,25.90,6.0233,true,1,167462
7290017232225,false,לחם גלילי דווידוביץ,,,לחם גלילי דווידוביץ 450 גר,גרמים,450.00,100 גרם,false,1,25.90,5.7556,true,1,167463
7290017297149,false,גרגירי חומוס להכנה ב,,,גרגירי חומוס להכנה ביתית 550 גר,גרמים,550.00,100 גרם,false,1,6.90,1.2545,true,1,161147
7290017297187,false,לקט ירקות להקפצה 800,,,לקט ירקות להקפצה 800 גר,גרמים,800.00,100 גרם,false,1,15.90,1.9875,true,1,161149
7290017297200,false,לקט ירקות לצד העוף 8,,,לקט ירקות לצד העוף 800 גר,גרמים,800.00,100 גרם,false,1,15.90,1.9875,true,1,161151
7290017297620,false,רוטב עגבניות 22% טל,"מילוז(1989)בע""""מ",,רסק עגבניות 22% טל 600 גר,גרמים,570.00,100 גרם,false,1,5.90,1.0351,true,1,117967
7290017297637,false,רוטב עגבניות 28% טל,"מילוז(1989)בע""""מ",,רכז עגבניות 580 גר,גרמים,580.00,100 גרם,false,12,5.90,1.0172,true,1,119690
7290017297644,false,ברוקולי מוקפא גרין פ,,,ברוקולי מוקפא גרין פרש 800 גר,גרמים,800.00,100 גרם,false,12,14.90,1.8625,true,1,166211
7290017297682,false,כרובית גרין פרש 800,,,כרובית גרין פרש 800 גר,גרמים,800.00,100 גרם,false,12,14.90,1.8625,true,1,168690
7290017297743,false,ציפס אמריקאי 800 גר,"פרי הגליל בע""""מ",,ציפס אמריקאי 800 גר,גרמים,800.00,100 גרם,false,15,9.90,1.2375,true,1,168947
7290017389011,false,מנגו מיובש ללא סוכר,,,מנגו מיובש ללא סוכר 160 גר קופסא,גרמים,160.00,100 גרם,false,1,17.90,11.1875,true,1,155268
7290017389028,false,אננס מיובש ללא סוכר,,,אננס מיובש ללא סוכר 160 גר קופסא,גרמים,160.00,100 גרם,false,1,17.90,11.1875,true,1,155269
7290017389073,false,תות שדה מיובש 160 גר,,,תות שדה מיובש 160 גר קופסא,גרמים,160.00,100 גרם,false,1,14.90,9.3125,true,1,155267
7290017426020,false,פחם פרמיום רויאל 9 ק,,,פחם פרמיום רויאל 9 קג,קילוגרמים,9.00,"ק""ג",false,1,69.90,7.7667,true,1,164512
7290017426143,false,מזלג שקוף/קרם 50 יח,,,מזלג שקוף/קרם 50 יח,Unknown,0.00,Unknown,false,1,5.90,0.0000,true,1,151009
7290017426273,false,מארז שקיות אוכל 300,,,מארז שקיות אוכל 300 יח,Unknown,0.00,Unknown,false,1,11.90,0.0000,true,1,153285
7290017426402,false,טישיו חמישייה,,,טישיו חמישייה,Unknown,0.00,Unknown,false,1,9.90,0.0000,true,1,172265
7290017426440,false,כוסות נייר לשתיה 12,,,כוסות נייר OZ 12 שקד 50 יח,Unknown,0.00,Unknown,false,1,16.90,0.0000,true,1,151015
7290017457734,false,מרכך כביסה סוד ורוד,,,מרכך כביסה סוד ורוד 900 מל,מיליליטרים,900.00,"100 מ""ל",false,1,13.90,1.5444,true,1,169318
7290017477596,false,תמר מגהול פרמיום 400,,,תמר מגהול פרמיום 400 גר,גרמים,400.00,100 גרם,false,1,23.90,5.9750,true,1,161773
7290017487038,false,נבטים סינים שדות בעמ,,,נבטים סינים שדות בעמק,Unknown,0.00,Unknown,false,1,6.90,0.0000,true,1,168500
7290017487045,false,עירית בנספק שדות בעמ,,,עירית בנספק שדות בעמק,Unknown,0.00,Unknown,false,1,5.90,0.0000,true,1,168482
7290017487076,false,נבטי חמניה שדות בעמק,,,נבטי חמניה שדות בעמק,Unknown,0.00,Unknown,false,1,11.90,0.0000,true,1,168499
7290017487090,false,שיבה בנספק שדות בעמק,,,שיבה בנספק שדות בעמק,Unknown,0.00,Unknown,false,1,5.90,0.0000,true,1,168483
7290017487137,false,אורגנו בנספק שדות בע,,,אורגנו בנספק שדות בעמק,Unknown,0.00,Unknown,false,1,5.90,0.0000,true,1,168486
7290017487151,false,נבטי אלפלפא שדות בעמ,,,נבטי אלפלפא שדות בעמק,Unknown,0.00,Unknown,false,1,6.90,0.0000,true,1,168504
7290017487168,false,עלי בייבי שדות בעמק,,,עלי בייבי שדות בעמק,Unknown,0.00,Unknown,false,1,11.90,0.0000,true,1,168479
7290017487175,false,רוזמרין בנספק שדות ב,,,רוזמרין בנספק שדות בעמק,Unknown,0.00,Unknown,false,1,5.90,0.0000,true,1,168487
7290017487205,false,מרווה בנספק שדות בעמ,,,מרווה בנספק שדות בעמק,Unknown,0.00,Unknown,false,1,5.90,0.0000,true,1,168485
7290017487229,false,קורנית בנספק שדות בע,,,קורנית בנספק שדות בעמק,Unknown,0.00,Unknown,false,1,5.90,0.0000,true,1,168488
7290017487267,false,חסה לאליק שדות בעמק,,,חסה לאליק שדות בעמק,Unknown,0.00,Unknown,false,1,14.90,0.0000,true,1,168474
7290017487281,false,קורנית לימון בנספק ש,,,קורנית לימון בנספק שדות בעמק,Unknown,0.00,Unknown,false,1,5.90,0.0000,true,1,168493
7290017487380,false,נשנושי סלרי שדות בעמ,,,נשנושי סלרי שדות בעמק,Unknown,0.00,Unknown,false,1,5.90,0.0000,true,1,168495
7290017487403,false,בזיליקום שדות בעמק,,,בזיליקום שדות בעמק,Unknown,0.00,Unknown,false,1,11.90,0.0000,true,1,168481
7290017487410,false,רוקולה שדות בעמק,,,רוקולה שדות בעמק,Unknown,0.00,Unknown,false,1,11.90,0.0000,true,1,168480
7290017487434,false,לוף בשקית שדות בעמק,,,לוף בשקית שדות בעמק,Unknown,0.00,Unknown,false,1,9.90,0.0000,true,1,168459
7290017487441,false,בצל ירוק בשקית שדות,,,בצל ירוק בשקית שדות בעמק,Unknown,0.00,Unknown,false,1,5.90,0.0000,true,1,168460
7290017487458,false,פזיל/מנגולד בשקית שד,,,פזיל/מנגולד בשקית שדות בעמק,Unknown,0.00,Unknown,false,1,5.90,0.0000,true,1,168461
7290017487472,false,חסה סלנובה שדות בעמק,,,חסה סלנובה שדות בעמק,Unknown,0.00,Unknown,false,1,14.90,0.0000,true,1,168471
7290017487502,false,סלרי חתוך שדות בעמק,,,סלרי חתוך שדות בעמק,Unknown,0.00,Unknown,false,1,6.90,0.0000,true,1,168454
7290017487526,false,עלי חסה רומית בנספק,,,עלי חסה רומית בנספק שדות בעמק,Unknown,0.00,Unknown,false,1,11.90,0.0000,true,1,168464
7290017487533,false,שורש פטרוזיליה שדות,,,שורש פטרוזיליה שדות בעמק,Unknown,0.00,Unknown,false,1,5.90,0.0000,true,1,168484
7290017487557,false,בזיליקום בנספק שדות,,,בזיליקום בנספק שדות בעמק,Unknown,0.00,Unknown,false,1,5.90,0.0000,true,1,168494
7290017487571,false,לבבות קיסר בנספק שדו,,,לבבות קיסר בנספק שדות בעמק,Unknown,0.00,Unknown,false,1,11.90,0.0000,true,1,168463
7290017487588,false,חסה לבבות בשקית שדות,,,חסה לבבות בשקית שדות בעמק,Unknown,0.00,Unknown,false,1,11.90,0.0000,true,1,168462
7290017487595,false,נענע בשקית שדות בעמק,,,נענע בשקית שדות בעמק,Unknown,0.00,Unknown,false,1,3.90,0.0000,true,1,168465
7290017487601,false,פטרוזיליה בשקית שדות,,,פטרוזיליה בשקית שדות בעמק,Unknown,0.00,Unknown,false,1,3.90,0.0000,true,1,168467
7290017487618,false,כוסברה בשקית שדות בע,,,כוסברה בשקית שדות בעמק,Unknown,0.00,Unknown,false,1,3.90,0.0000,true,1,168468
7290017487625,false,שמיר בשקית שדות בעמק,,,שמיר בשקית שדות בעמק,Unknown,0.00,Unknown,false,1,3.90,0.0000,true,1,168466
7290017487755,false,חמציץ שדות בעמק,,,חמציץ שדות בעמק,Unknown,0.00,Unknown,false,1,11.90,0.0000,true,1,168475
7290017487823,false,סלרי עלים בשקית שדות,,,סלרי עלים בשקית שדות בעמק,Unknown,0.00,Unknown,false,1,5.90,0.0000,true,1,168457
7290017487830,false,סלרי ראש בשקית שדות,,,סלרי ראש בשקית שדות בעמק,Unknown,0.00,Unknown,false,1,5.90,0.0000,true,1,168458
7290017487892,false,צנונית שדות בעמק,,,צנונית שדות בעמק,Unknown,0.00,Unknown,false,1,5.90,0.0000,true,1,168455
7290017510552,false,נוזל לניקוי כלים בני,,,"אסותא נוזל כלים 750 מ""ל לימון",מיליליטרים,750.00,"100 מ""ל",false,1,7.90,1.0533,true,1,149851
7290017513485,false,מחית עגבניות רוסטיקה,,IT,מחית עגבניות רוסטיקה 680 גר,גרמים,680.00,100 גרם,false,12,11.90,1.7500,true,1,154273
7290017513775,false,חטיף בייגלה פליפס מצ,,,חטיף בייגלה פליפס מצופה שוקולד חלב 140 ג,גרמים,140.00,100 גרם,false,1,9.90,7.0714,true,1,154615
7290017516332,false,חטיף פנגיאה פרוטאין,,,חטיף פנגיאה פרוטאין חמאת בוטנים,גרמים,50.00,100 גרם,false,1,9.90,19.8000,true,1,157077
7290017589565,false,יין קלאסיק גוורץ 750,,,יין קלאסיק גוורץ 750 מל,מיליליטרים,750.00,"100 מ""ל",false,12,32.90,4.3867,true,1,149112
7290017589633,false,יין ברקן רזרב קברנה,,,יין ברקן רזרב קברנה סוביניון גולד,מיליליטרים,750.00,"100 מ""ל",false,12,52.90,7.0533,true,1,149111
7290017599229,false,סוכרלוז 200 טבליות,"סוכרזית בע""מ",,סוכרלוז 200 טבליות,Unknown,0.00,Unknown,false,15,23.90,0.0000,true,1,167289
7290017599250,false,סוכרזית קלאסי 120 גר,,,סוכרזית קלאסי 120 גר,גרמים,120.00,100 גרם,false,1,17.90,14.9167,true,1,172077
7290017599274,false,סוכרזית סטיביה 120 ג,,,סוכרזית סטיביה 120 גר,גרמים,120.00,100 גרם,false,1,36.90,30.7500,true,1,172079
7290017617046,false,טונה בשמן זית סטארקי,,,טונה סטארקיסט בשמן זית 140 גר,גרמים,560.00,100 גרם,false,1,25.90,4.6250,true,1,154873
7290017631073,false,מעדן בשר עגל 400 גר,,,מעדן בשר עגל 400 גר,גרמים,400.00,100 גרם,false,1,19.90,4.9750,true,1,172724
7290017631127,true,נקניק דוקטורסקיה 400,,,נקניק דוקטורסקיה 400 גר,גרמים,400.00,100 גרם,false,,19.90,4.9750,true,1,171481
7290017631301,true,נקניק דוקטורסקיה מעו,,,נקניק דוקטורסקיה מעושן 400 גר,גרמים,400.00,100 גרם,false,1,19.90,4.9750,true,1,174544
7290017631325,true,נקניק מולוצניה קרמל,,,נקניק מולוצניה קרמל 400 גר,גרמים,400.00,100 גרם,false,1,19.90,4.9750,true,1,174545
7290017631905,false,מעדן בקר עם כבש 400,,,מעדן בשר עם כבש 400 גר,גרמים,400.00,100 גרם,false,1,20.90,5.2250,true,1,147010
7290017647425,false,יין גמלא קברנה סובינ,יקב רמת הגולן,,יין גמלא קברנה סוביניון 2018,מיליליטרים,750.00,"100 מ""ל",false,1,64.90,8.6533,true,1,158679
7290017647722,false,יין גמלא בלאנקו 750,יקב רמת הגולן,,יין גמלא בלאנקו 750 מל,מיליליטרים,750.00,"100 מ""ל",false,1,59.90,7.9867,true,1,171801
7290017677804,false,רוטב קיקומן סויה 444,,,"רוטב קוקומן סויה 444 מ""ל",מיליליטרים,444.00,"100 מ""ל",false,1,19.90,4.4820,true,1,151732
7290017677811,false,רוטב סויה קיקומן 296,,,"רוטב סויה קיקומן 296 מ""ל",מיליליטרים,296.00,"100 מ""ל",false,1,12.90,4.3581,true,1,151761
7290017712130,false,פרמיו פאוץ סלמון קיט,,,פרמיו פאוץ סלמון קיטן 85 גר,גרמים,85.00,100 גרם,false,1,3.90,4.5882,true,1,171312
7290017712161,false,פרמיו פאוץ סלמון בגל,,,פרמיו פאוץ סלמון בגלי 85 גר,גרמים,85.00,100 גרם,false,1,3.90,4.5882,true,1,171310
7290017712628,false,הורייזן סלמון לחתול,,,הורייזן סלמון לחתול פאוץ 85 גר,גרמים,85.00,100 גרם,false,1,4.90,5.7647,true,1,173464
7290017712864,false,פרמיו מקלות סלמון 10,,,פרמיו מקלות סלמון 100 גר,גרמים,100.00,100 גרם,false,1,14.90,14.9000,true,1,171324
7290017712949,false,פרמיו כריות סטרילייז,,,פרמיו כריות סטרילייז 60 גר,גרמים,60.00,100 גרם,false,1,9.90,16.5000,true,1,172877
7290017715285,false,רסק תפוח עץ עם דובדב,Cherry growers inc,,רביעיית רסק תפוח עץ עם דובדבן 113 גרם,גרמים,452.00,100 גרם,false,1,12.90,2.8540,true,1,152120
7290017715353,false,זית שחור טאטוס 700 ג,,,זית שחור טאטוס 700 גר,גרמים,700.00,100 גרם,false,1,19.90,2.8429,true,1,152118
7290017715889,false,גרנולה עם אגוזים 600,,,גרנולה עם אגוזים 600 גר,גרמים,600.00,100 גרם,false,1,19.90,3.3167,true,1,158576
7290017715995,false,מלפפון בחומץ 10-12 +,,,מלפפון בחומץ 10-12 +20% תומר 670 גר,גרמים,670.00,100 גרם,false,1,6.90,1.0299,true,1,157270
7290017744162,false,שפרוטים מעושנים ברוט,,,שפרוטים מעושנים ברוטב עגבניות 250 גר,גרמים,250.00,100 גרם,false,12,12.90,5.1600,true,1,156525
7290017746128,false,פיתות ביס לבן מארז 1,,,פיתות ביס לבן מארז 10 יח,גרמים,550.00,100 גרם,false,1,8.90,1.6182,true,1,160802
7290017746135,false,פיתות ביס כוסמין מאר,,,פיתות ביס כוסמין מארז 10 יח,גרמים,550.00,100 גרם,false,1,14.90,2.7091,true,1,160803
7290017746258,false,לחמניות פרינה 400 גר,,,לחמניות פרינה 400 גר רביעייה,גרמים,400.00,100 גרם,false,1,12.90,3.2250,true,1,162182
7290017746586,false,פיתות קמח לבן 10 יח,,,פיתות קמח לבן 10 יח,Unknown,0.00,Unknown,false,1,12.90,0.0000,true,1,170733
7290017812571,false,מיץ ענבים אדום 100%,,,מיץ ענבים אדום 100% 1 ליטר,ליטרים,1.00,ליטר,false,1,22.90,22.9000,true,1,155700
7290017812830,false,יין פרייבט קולקשן רו,,,יין פרייבט קולקשן רוזה יבש 750 מל,מיליליטרים,750.00,"100 מ""ל",false,12,39.90,5.3200,true,1,161775
7290017812847,false,יין סלקטד פרנץ גוורצ,,,יין סלקטד פרנץ גוורצטרמינר 750 מל,מיליליטרים,750.00,"100 מ""ל",false,12,29.90,3.9867,true,1,161776
7290017871370,false,סבון ידיים פמלי יהלו,,,סבון ידיים פמלי יהלום מעושר בשמן אבוקדו,מיליליטרים,500.00,"100 מ""ל",false,1,9.90,1.9800,true,1,155567
7290017872193,false,טוסו עוגיות שקדים וק,,,טוסו עוגיות שקדים וקינמון 200 גר,גרמים,200.00,100 גרם,false,1,15.90,7.9500,true,1,158653
7290017888019,false,משקה פרויט & וג תפוח,,,"משקה פרויט & וג תפוח רימון וסלק 350 מ""ל",מיליליטרים,350.00,"100 מ""ל",false,1,6.90,1.9714,true,1,150444
7290017888026,false,משקה פרויט & וג אננס,,,"משקה פרויט & וג אננס תפוח וגזר 350 מ""ל",מיליליטרים,350.00,"100 מ""ל",false,1,6.90,1.9714,true,1,150445
7290017888033,false,משקה פרויט & וג בננה,,,"משקה פרויט & וג בננה מלון ונענע 350 מ""ל",מיליליטרים,350.00,"100 מ""ל",false,1,6.90,1.9714,true,1,150446
7290017888071,false,משקה מוגז שוופס פירו,,,משקה מוגז שוופס פירות יער פח סליק 330 מל,מיליליטרים,330.00,"100 מ""ל",false,1,4.90,1.4848,true,1,151470
7290017888347,false,מים מינרליים בקבוק ס,"מי עדן בע""מ",,"מים מי עדן 500 מ""ל",מיליליטרים,500.00,"100 מ""ל",false,1,3.90,0.7800,true,1,151378
7290017888354,false,מים מינרליים בקבוק ס,"מי עדן בע""מ",,"מי עדן ספורט 750 מ""ל",מיליליטרים,750.00,"100 מ""ל",false,1,3.90,0.5200,true,1,151236
7290017888644,false,משקה פרויט & וג אננס,,,"משקה פרויט & וג אננס בננה כורכום 350 מ""ל",מיליליטרים,350.00,"100 מ""ל",false,1,6.90,1.9714,true,1,156613
7290017888729,false,סודה שוופס בק 1 ל,,,סודה שוופס בק 1 ל,ליטרים,1.00,ליטר,false,1,4.90,4.9000,true,1,157556
7290017888972,false,מים מינרליים מי עדן,,,מים מינרליים מי עדן 1 ל,ליטרים,1.00,ליטר,false,1,3.90,3.9000,true,1,157819
7290017913094,false,אסותא נוזל רצפות סגו,,,אסותא נוזל רצפות סגול 4 ל,ליטרים,4.00,ליטר,false,1,14.90,3.7250,true,1,149859
7290017913117,false,אסותא נוזל רצפות צהו,,,אסותא נוזל רצפות צהוב 4 ל,ליטרים,4.00,ליטר,false,1,14.90,3.7250,true,1,149861
7290017913131,false,אסותא מרכך לכביסה שח,,,אסותא מרכך כביסה 4 ל לכביסה שחורה,ליטרים,4.00,ליטר,false,1,14.90,3.7250,true,1,149854
7290017913148,false,אסותא מרכך כביסה סגו,,,אסותא מרכך כביסה 4 ל סגול,ליטרים,4.00,ליטר,false,1,14.90,3.7250,true,1,149855
7290017913155,false,אסותא מרכך כביסה לבן,,,אסותא מרכך כביסה 4 ל לבן,ליטרים,4.00,ליטר,false,1,14.90,3.7250,true,1,149856
7290017913162,false,אסותא מרכך כביסה כחו,,,אסותא מרכך כביסה 4 ל כחול,ליטרים,4.00,ליטר,false,1,14.90,3.7250,true,1,149857
7290017913179,false,אסותא מרכך כביסה ורו,,,אסותא מרכך כביסה 4 ל ורוד,ליטרים,4.00,ליטר,false,1,14.90,3.7250,true,1,149858
7290017913230,false,גל כביסה אסותא כחול,,,גל כביסה אסותא כחול 3 ל,ליטרים,3.00,ליטר,false,16,24.90,8.3000,true,1,150763
7290017913490,false,סבון מוצק ורדים אסות,,,סבון מוצק ורדים אסותא 4 יח,Unknown,0.00,Unknown,false,1,11.90,0.0000,true,1,165785
7290017913513,false,סבון מוצק שחור אסותא,,,סבון מוצק שחור אסותא 4 יח,Unknown,0.00,Unknown,false,1,11.90,0.0000,true,1,165787
7290017913520,false,סבון מוצק לבנדר אסות,,,סבון מוצק לבנדר אסותא 4 יח,Unknown,0.00,Unknown,false,1,11.90,0.0000,true,1,165786
7290017913728,false,קפסולות מרוכזות לכבי,,,קפסולות מרוכזות לכביסה אסותא,Unknown,0.00,Unknown,false,1,26.90,0.0000,true,1,165788
7290017925028,false,בירה שוף צרי 330 מל,,,מארז בירה שוף צרי שלישייה,Unknown,0.00,Unknown,false,1,39.90,0.0000,true,1,149584
7290017925318,false,בירה בלו מון בק 330,,,"בירה בלו מון בק 330 מ""ל רביעייה",מיליליטרים,1320.00,"100 מ""ל",false,1,39.90,3.0227,true,1,155902
7290017925554,false,בירה באדוויזר חמישה,,,בירה באדוויזר חמישה בקבוק 330 מל+כוס,מיליליטרים,1650.00,"100 מ""ל",false,1,29.90,1.8121,true,1,164535
7290017925967,false,רביעיית בירה מלכה 33,,,רביעיית בירה מלכה 330 מל,מיליליטרים,1320.00,"100 מ""ל",false,1,49.90,3.7803,true,1,173008
7290017928036,false,בייגל מאיר מקלות גרי,,,בייגל מאיר מקלות גריסיני שומשום 175 גר,גרמים,175.00,100 גרם,false,1,11.90,6.8000,true,1,155229
7290017928043,false,בייגל מאיר גריסיני ק,,,בייגל מאיר גריסיני קראנץ מלח 175 גר,גרמים,175.00,100 גרם,false,1,11.90,6.8000,true,1,155230
7290017928210,false,בייגל מאיר גדול שומש,,,בייגל מאיר גדול שומשום 250 גר,גרמים,250.00,100 גרם,false,1,11.90,4.7600,true,1,155223
7290017928272,false,בייגל מאיר פרוטאין ש,,IL,בייגל מאיר פרוטאין שטוח שומשום 170 גר,גרמים,170.00,100 גרם,false,1,11.90,7.0000,true,1,164566
7290017973975,false,רצועות קלמר מיובש ומ,,,רצועות קלמר מיובש ומומלח עם פלפל צילי 90,גרמים,90.00,100 גרם,false,1,13.90,15.4444,true,1,166202
7290017973982,false,פרוסות דג שיבוט אלבי,,,פרוסות דג שיבוט אלבין מיובש עם צילי 100,גרמים,100.00,100 גרם,false,1,13.90,13.9000,true,1,166204
7290017973999,false,פרוסות דג שיבוט אלבי,,,פרוסות דג שיבוט אלבין מיובש ומומלח 100,גרמים,100.00,100 גרם,false,1,13.90,13.9000,true,1,166203
7290018023495,false,טחינה גולמית 500 מל,,,טחינה גולמית 500 מל,מיליליטרים,500.00,"100 מ""ל",false,12,14.90,2.9800,true,1,161349
7290018045893,false,דגנים במילוי קרם נוג,,,דגנים במילוי קרם נוגט בון אנד בון מאנד,גרמים,480.00,100 גרם,false,1,23.90,4.9792,true,1,170548
7290018071205,false,S כפפות ניטרו כחולות,,,S כפפות ניטרו כחולות ללא אבקה 100 יח,Unknown,0.00,Unknown,false,1,19.90,0.0000,true,1,163655
7290018071212,false,M כפפות ניטרו כחולות,,,M כפפות ניטרו כחולות ללא אבקה 100 יח,Unknown,0.00,Unknown,false,1,19.90,0.0000,true,1,163656
7290018071229,false,L כפפות ניטרו כחולות,,,L כפפות ניטרו כחולות ללא אבקה 100 יח,Unknown,0.00,Unknown,false,1,19.90,0.0000,true,1,163657
7290018071236,false,XL כפפות ניטרו כחולו,,,XL כפפות ניטרו כחולות ללא אבקה 100 יח,Unknown,0.00,Unknown,false,1,19.90,0.0000,true,1,163658
7290018071281,false,נייר אפיה גליל 25מ*3,,,נייר אפיה גליל 25מ*37סמ עם סכין חיתוך,Unknown,0.00,Unknown,false,1,19.90,0.0000,true,1,163659
7290018071311,false,כיסוי ניילון עם גומי,אשפלסט,,כיסוי ניילון עם גומי נצמד 30 יח,Unknown,0.00,Unknown,false,1,12.90,0.0000,true,1,164870
7290018071397,false,M כפפות שחורות ללא א,איזי טאצ',,M כפפות שחורות ללא אבקה 100 יח,Unknown,0.00,Unknown,false,10,22.90,0.0000,true,1,167143
7290018071403,false,L כפפות שחורות ללא א,איזי טאצ',,L כפפות שחורות ללא אבקה 100 יח,Unknown,0.00,Unknown,false,10,22.90,0.0000,true,1,167145
7290018071564,false,שקיות אשפה עם שרוך 2,,,שקיות אשפה עם שרוך 20 יח 75*90,Unknown,0.00,Unknown,false,1,14.90,0.0000,true,1,170627
7290018091081,false,מאפה פילו תרד וגבינו,,,מאפה פילו תרד וגבינות 320 גר,גרמים,320.00,100 גרם,false,1,19.90,6.2187,true,1,171110
7290018091234,false,פיצה מקסיקנית 260 גר,מעדנות,,פיצה מקסיקנית 260 גר,גרמים,260.00,100 גרם,false,12,12.90,4.9615,true,1,159552
7290018091616,false,מקלות פילו גבינה 450,,,מקלות פילו גבינה 450 גר,גרמים,450.00,100 גרם,false,1,16.90,3.7556,true,1,159080
7290018091821,false,פיצה נפוליטנה 200 גר,מעדנות,,פיצה נפוליטנה 200 גר,גרמים,200.00,100 גרם,false,12,14.90,7.4500,true,1,159551
7290018091876,false,מאפה פילו גבינה 320,,,מאפה פילו גבינה 320 גר,גרמים,320.00,100 גרם,false,1,19.90,6.2187,true,1,171109
7290018131855,false,אקסטרים בראוניז 6 יח,,,אקסטרים בראוניז 6 יח,גרמים,432.00,100 גרם,false,1,32.90,7.6157,true,1,163538
7290018131879,false,אקסטרים ריבת חלב 6 י,,,אקסטרים ריבת חלב 6 יח,גרמים,432.00,100 גרם,false,1,32.90,7.6157,true,1,163539
7290018131954,false,מאגדת גלידה לה פרוטה,,IL,מאגדת גלידה לה פרוטה תות שוקולד 5 יח,גרמים,350.00,100 גרם,false,8,29.90,8.5429,true,1,162372
7290018165010,false,יין רזרב גולד גווצטר,,,"יין רזרב גולד גווצטרימנר 750 מ""ל",מיליליטרים,750.00,"100 מ""ל",false,12,52.90,7.0533,true,1,155852
7290018165027,false,יין רזרב גולד רוזה 7,,,"יין רזרב גולד רוזה 750 מ""ל",מיליליטרים,750.00,"100 מ""ל",false,12,52.90,7.0533,true,1,155853
7290018165447,false,יין רזרב גולד מרלו כ,,,יין רזרב גולד מרלו כרם עין זיתים 750 מל,מיליליטרים,750.00,"100 מ""ל",false,12,52.90,7.0533,true,1,161303
7290018192023,false,סלרי עלים חתוך,ביכורי שדה דרום 2002,,סלרי עלים חתוך,Unknown,0.00,Unknown,false,1,5.90,0.0000,true,1,153805
7290018192658,false,צמד איטלקי,,,צמד איטלקי,Unknown,0.00,Unknown,false,1,14.90,0.0000,true,1,159937
7290018219287,false,פירורי לחם עם שומשום,,,פירורי לחם עם שומשום 400 גר,גרמים,400.00,100 גרם,false,1,6.90,1.7250,true,1,157314
7290018219294,false,פירורי לחם בתיבול עד,,,פירורי לחם בתיבול עדין 400 גר,גרמים,400.00,100 גרם,false,1,6.90,1.7250,true,1,157315
7290018219362,false,תערובת תיבול מלח ורו,,,תערובת תיבול מלח ורוזמרין במטחנה 100 גר,גרמים,100.00,100 גרם,false,1,9.90,9.9000,true,1,164695
7290018219386,false,תערובת תיבול מלח שום,,,תערובת תיבול מלח שום פלפל שחור שלם 100 ג,גרמים,100.00,100 גרם,false,1,9.90,9.9000,true,1,164694
7290018219393,false,תערובת תיבול מלח ופל,,,תערובת תיבול מלח ופלפל שחור שלם 100 גר,גרמים,100.00,100 גרם,false,1,9.90,9.9000,true,1,164693
7290018219584,false,ערמונים אורגניים קלו,,,ערמונים אורגניים קלויים 100 גר,גרמים,100.00,100 גרם,false,1,5.90,5.9000,true,1,169769
7290018219812,false,פולי קפה אדסו 1 קג,,,פולי קפה אדסו 1 קג,קילוגרמים,1.00,"ק""ג",false,1,49.90,49.9000,true,1,164687
7290018219966,false,אנטי פסטי 65 גר,,,אנטי פסטי 65 גר,גרמים,65.00,100 גרם,false,1,9.90,15.2308,true,1,164696
7290018219973,false,טוסקנה 50 גר,,,טוסקנה 50 גר,גרמים,50.00,100 גרם,false,1,9.90,19.8000,true,1,164697
7290018236635,false,שניצל עוף טוב צונגו,עוף טוב,,שניצל עוף טוב צונגו פופקורן מצופה 600 גר,גרמים,600.00,100 גרם,false,1,29.90,4.9833,true,1,161674
7290018249123,false,סביטאנגו פודינג בטעם,,,סביטאנגו פודינג בטעם וניל 50 גר,גרמים,50.00,100 גרם,false,1,11.90,23.8000,true,1,161561
7290018249802,false,תחליף סוכר סביטאנגו,,,תחליף סוכר סביטאנגו צנצנת 280 גר,גרמים,280.00,100 גרם,false,1,26.90,9.6071,true,1,161558
7290018282151,false,אסותא סבון נוזלי 500,,,אסותא סבון נוזלי 500 מל משאבה ירוק שלישי,מיליליטרים,1500.00,"100 מ""ל",false,6,12.90,0.8600,true,1,165989
7290018282359,false,אסותא סבון נוזלי 500,,,אסותא סבון נוזלי 500 מל משאבה סגול שלישי,מיליליטרים,1500.00,"100 מ""ל",false,6,12.90,0.8600,true,1,165988
7290018282748,false,אסותא סבון נוזלי 500,,,אסותא סבון נוזלי 500 מל משאבה מעורב שליש,מיליליטרים,1500.00,"100 מ""ל",false,6,12.90,0.8600,true,1,165994
7290018282762,false,אסותא סבון נוזלי 500,,,אסותא סבון נוזלי 500 מל משאבה לבן שלישיה,מיליליטרים,1500.00,"100 מ""ל",false,6,12.90,0.8600,true,1,165993
7290018282816,false,מגבונים אסותא להסרת,,,מגבונים אסותא להסרת איפור שלישייה,Unknown,0.00,Unknown,false,12,16.90,0.0000,true,1,167714
7290018293041,false,רבעי ארטישוק בשמן חמ,,,רבעי ארטישוק בשמן חמניות 530 גר,גרמים,530.00,100 גרם,false,1,22.90,4.3208,true,1,167255
7290018294192,false,יין בלנד היינן 750 מ,,,יין בלנד היינן 750 מל,מיליליטרים,750.00,"100 מ""ל",false,1,39.90,5.3200,true,1,169247
7290018294208,false,יין סלקטד אדום ישראל,,,יין סלקטד אדום ישראלי 750 מל,מיליליטרים,750.00,"100 מ""ל",false,12,29.90,3.9867,true,1,165323
7290018294901,false,יין מונלייט אדום יבש,,,יין מונלייט אדום יבש 750 מל,מיליליטרים,750.00,"100 מ""ל",false,1,34.90,4.6533,true,1,172261
7290018333976,false,חטיף אגוזים רפאלס קש,,,חטיף אגוזים רפאלס קשיו וקוקוס 150 גר,גרמים,150.00,100 גרם,false,1,15.90,10.6000,true,1,166210
7290018351741,false,כיסונים תפוא 800 גר,,,כיסונים תפוא 800 גר,גרמים,800.00,100 גרם,false,1,24.90,3.1125,true,1,170976
7290018351765,false,כיסונים תפוא ובצל מט,,,כיסונים תפוא ובצל מטוגן 800 גר,גרמים,800.00,100 גרם,false,1,24.90,3.1125,true,1,170978
7290018359129,false,פולטה עגבניות חתוכות,,,פולטה עגבניות חתוכות דק יכין 690 גר,גרמים,690.00,100 גרם,false,1,8.90,1.2899,true,1,161523
7290018359495,false,תירס מהשדה ללא סוכר,,,תירס מהשדה ללא סוכר יכין 550 גר,גרמים,550.00,100 גרם,false,1,8.90,1.6182,true,1,161521
7290018359716,false,רוטב פיצה טוסקנה 240,יכין,,רוטב פיצה טוסקנה 240 גר,מיליליטרים,240.00,"100 מ""ל",false,1,5.90,2.4583,true,1,172577
7290018359938,false,רוטב עגבניות לשקשוקה,,,רוטב עגבניות לשקשוקה יכין 400 גר,גרמים,400.00,100 גרם,false,1,11.90,2.9750,true,1,171145
7290018359952,false,רוטב עגבניות לפסטה י,,,רוטב עגבניות לפסטה יכין 400 גר,גרמים,400.00,100 גרם,false,1,11.90,2.9750,true,1,171147
7290018359969,false,רוטב עגבניות לפיצה י,,,רוטב עגבניות לפיצה יכין 400 גר,גרמים,400.00,100 גרם,false,1,11.90,2.9750,true,1,171146
7290018380017,false,מלפפון בחומץ תומר 13,,,מלפפון בחומץ תומר 13-17 670 גר,גרמים,670.00,100 גרם,false,1,8.90,1.3284,true,1,158133
7290018380031,false,מלפפון בחומץ תומר 18,,,מלפפון בחומץ תומר 18-25 670 גר,גרמים,670.00,100 גרם,false,1,9.90,1.4776,true,1,158136
7290018380079,false,אפונה תומר 550 גר,,,אפונה תומר 550 גר,גרמים,550.00,100 גרם,false,1,4.90,0.8909,true,1,158131
7290018380215,false,קורנישוון מיני פיקנט,,,קורנישוון מיני פיקנטי 670 גר,גרמים,670.00,100 גרם,false,1,9.90,1.4776,true,1,160247
7290018380222,false,קורנישוון בינוני פיק,,,קורנישוון בינוני פיקנטי 670 גר,גרמים,670.00,100 גרם,false,1,9.90,1.4776,true,1,160246
7290018380253,false,מזון לכלב עוף 400 גר,,,מזון לכלב עוף 400 גר,גרמים,400.00,100 גרם,false,24,4.90,1.2250,true,1,160819
7290018380260,false,מזון לכלב כבד 400 גר,Effeffe pet food,,מזון לכלב כבד 400 גר,גרמים,400.00,100 גרם,false,24,4.90,1.2250,true,1,160820
7290018380277,false,מזון לכלב בשר ציד 40,Effeffe pet food,,מזון לכלב בשר ציד 400 גר,גרמים,400.00,100 גרם,false,1,4.90,1.2250,true,1,160818
7290018380284,false,מזון לחתול בקר 400 ג,Effeffe pet food,,מזון לחתול בקר 400 גר,גרמים,400.00,100 גרם,false,24,4.90,1.2250,true,1,160824
7290018380307,false,מזון לחתול בשר כבד 4,,,מזון לחתול בשר כבד 400 גר,גרמים,400.00,100 גרם,false,24,4.90,1.2250,true,1,160822
7290018380314,false,מזון לחתול דגים 400,Effeffe pet food,,מזון לחתול דגים 400 גר,גרמים,400.00,100 גרם,false,24,4.90,1.2250,true,1,160826
7290018380321,false,מזון לחתול בשר ציד 4,Effeffe pet food,,מזון לחתול בשר ציד 400 גר,גרמים,400.00,100 גרם,false,24,4.90,1.2250,true,1,160825
7290018380383,false,שיבולת שועל 510 גר,,,שיבולת שועל 510 גר,גרמים,510.00,100 גרם,false,12,9.90,1.9412,true,1,167269
7290018380499,false,אורז יסמין הום מלי ת,,,אורז יסמין הום מלי תומר 1 קג,קילוגרמים,1.00,"ק""ג",false,1,9.90,9.9000,true,1,164909
7290018380727,false,דפי בצק פילו עגולים,,,דפי בצק פילו עגולים 400 גר,גרמים,400.00,100 גרם,false,1,15.90,3.9750,true,1,171006
7290018380734,false,דפי בצק פילו משולשים,,,דפי בצק פילו משולשים 360 גר,גרמים,360.00,100 גרם,false,1,15.90,4.4167,true,1,171005
7290018380741,false,דפי בצק פילו עגולים,,,דפי בצק פילו עגולים 500 גר,גרמים,500.00,100 גרם,false,1,15.90,3.1800,true,1,171007
7290018380772,false,שמן סויה תומר 1 ל,,,שמן סויה תומר 1 ל,ליטרים,1.00,ליטר,false,1,10.90,10.9000,true,1,169799
7290018380802,false,תבשיל הודי חומוס 300,,,תבשיל הודי חומוס 300 גר,גרמים,300.00,100 גרם,false,1,11.90,3.9667,true,1,171009
7290018380819,false,תבשיל הודי חצילים 30,,,תבשיל הודי חצילים 300 גר,גרמים,300.00,100 גרם,false,1,11.90,3.9667,true,1,171010
7290018380826,false,תבשיל הודי שעועית אד,,,תבשיל הודי שעועית אדומה 300 גר,גרמים,300.00,100 גרם,false,1,11.90,3.9667,true,1,171008
7290018380871,false,פטיסון כבוש שלם תומר,Polan polsko francus,,פטיסון כבוש שלם תומר 670 גרם,גרמים,670.00,100 גרם,false,1,16.90,2.5224,true,1,167641
7290018394021,false,פטריות מלך היער תקוע,,,פטריות מלך היער תקוע 150 גר,גרמים,150.00,100 גרם,false,1,14.90,9.9333,true,1,170170
7290018440223,false,תה חווית צאי מסאלה 2,,,תה חווית צאי מסאלה 25 שק,Unknown,0.00,Unknown,false,1,17.90,0.0000,true,1,166221
7290018440230,false,תה חווית צאי ורדים 2,,,תה חווית צאי ורדים 25 שק,Unknown,0.00,Unknown,false,1,17.90,0.0000,true,1,166223
7290018440247,false,תה חווית צאי שקדים 2,,,תה חווית צאי שקדים 25 שק,Unknown,0.00,Unknown,false,1,17.90,0.0000,true,1,166222
7290018440254,false,תה חווית צאי קרמל מל,,,תה חווית צאי קרמל מלוח 25 שק,Unknown,0.00,Unknown,false,1,17.90,0.0000,true,1,166224
7290018440384,false,תה ירוק מאטה לימון נ,,,תה ירוק מאטה לימון נענע 25 שק,Unknown,0.00,Unknown,false,8,24.90,0.0000,true,1,166213
7290018440483,false,חטיף בייגלה פליפס מצ,,,בייגלה פליפז מצופה קרמל מלוח ושוקולד 140,גרמים,140.00,100 גרם,false,8,9.90,7.0714,true,1,165315
7290018440896,false,חליטת תה גינגר וכורכ,,,חליטת תה גינגר וכורכום 25 שק,Unknown,0.00,Unknown,false,1,17.90,0.0000,true,1,168783
7290018441626,false,גלידת מנטה עוגיות בט,,,גלידת מנטה עוגיות בטעם שוקולד 500 מל,מיליליטרים,500.00,"100 מ""ל",false,1,19.90,3.9800,true,1,167642
7290018468326,false,נקניקיה צמחית בסגנון,,,נקניקיה צמחית בסגנון אמריקאי 400 גר,גרמים,400.00,100 גרם,false,1,39.90,9.9750,true,1,171108
7290018471029,false,סודה שוופס לימון 500,,,סודה שוופס לימון 500 מל שישייה,ליטרים,3.00,ליטר,false,1,15.90,5.3000,true,1,160730
7290018471036,false,סודה שוופס לימון 500,,,סודה שוופס לימון 500 מל,מיליליטרים,500.00,"100 מ""ל",false,1,4.90,0.9800,true,1,160731
7290018471180,false,פרוט ווג אננס תפוח ג,,,פרוט ווג אננס תפוח גזר 1 ל,ליטרים,1.00,ליטר,false,1,12.90,12.9000,true,1,163669
7290018471197,false,פרוט ווג תפוח בננה מ,,,פרוט ווג תפוח בננה מלון נענע 1 ל,ליטרים,1.00,ליטר,false,1,12.90,12.9000,true,1,163670
7290018471210,false,ספרינג אגס סברס תפוח,"יפאורה תבורי בע""מ",,ספרינג אגס סברס תפוח 1 ל,ליטרים,1.00,ליטר,false,1,6.90,6.9000,true,1,162909
7290018471395,false,פרוט ווג תפוח רימון,,,פרוט ווג תפוח רימון סלק גינגר 1 ל,ליטרים,1.00,ליטר,false,1,12.90,12.9000,true,1,163672
7290018471401,false,פרוט ווג אננס בננה כ,,,פרוט ווג אננס בננה כורכום 1 ל,ליטרים,1.00,ליטר,false,1,12.90,12.9000,true,1,163671
7290018471456,false,ספרינג שייק אננס מנג,,,ספרינג שייק אננס מנגו פסיפלורה 1 ל,ליטרים,1.00,ליטר,false,1,12.90,12.9000,true,1,165512
7290018471463,false,נקטר תפוזינה תפוז מנ,,,נקטר תפוזינה תפוז מנגו 1 ל,ליטרים,1.00,ליטר,false,1,6.90,6.9000,true,1,163666
7290018471470,false,נקטר תפוזינה תפוז פס,,,נקטר תפוזינה תפוז פסיפלורה 1 ל,ליטרים,1.00,ליטר,false,1,6.90,6.9000,true,1,163667
7290018471487,false,נקטר תפוזינה תפוז אנ,,,נקטר תפוזינה תפוז אננס 1 ל,ליטרים,1.00,ליטר,false,1,6.90,6.9000,true,1,163665
7290018471494,false,נקטר תפוזינה תפוז גז,,,נקטר תפוזינה תפוז גזר 1 ל,ליטרים,1.00,ליטר,false,1,6.90,6.9000,true,1,163668
7290018471616,false,שוופס אינדיאן טוניק,,,שוופס אינדיאן טוניק 1 ל,ליטרים,1.00,ליטר,false,1,9.90,9.9000,true,1,164862
7290018471623,false,שוופס טוניק אשכוליות,,,שוופס טוניק אשכוליות ליצי 1 ל,ליטרים,1.00,ליטר,false,1,9.90,9.9000,true,1,164864
7290018471630,false,שוופס טוניק מלפפון ל,,,שוופס טוניק מלפפון ליים 1 ל,ליטרים,1.00,ליטר,false,1,9.90,9.9000,true,1,164863
7290018471692,false,ספרינג שייק בננה קוק,,,ספרינג שייק בננה קוקוס פירות יער 1 ל,ליטרים,1.00,ליטר,false,1,12.90,12.9000,true,1,165510
7290018471906,false,מים שוופס מוגז לימונ,"יפאורה תבורי בע""מ",,מים שוופס מוגז לימונדה ורודה 1.5 ל,ליטרים,1.50,ליטר,false,1,8.90,5.9333,true,1,168252
7290018471913,false,משקה פירות מוגז שוופ,"יפאורה תבורי בע""מ",,משקה פירות מוגז שוופס 1.5 ל,ליטרים,1.50,ליטר,false,1,8.90,5.9333,true,1,168253
7290018471920,false,משקה ענבים מוגז שוופ,"יפאורה תבורי בע""מ",,משקה ענבים מוגז שוופס 1.5 ל,ליטרים,1.50,ליטר,false,1,8.90,5.9333,true,1,168254
7290018471937,false,משקה מוגז שוופס תות,"יפאורה תבורי בע""מ",,משקה מוגז שוופס תות ליים 1.5 ל,ליטרים,1.50,ליטר,false,1,8.90,5.9333,true,1,168255
7290018471944,false,מים שוופס מוגז לימונ,"יפאורה תבורי בע""מ",,מים שוופס מוגז לימונדה 1.5 ל,ליטרים,1.50,ליטר,false,1,8.90,5.9333,true,1,168256
7290018471951,false,משקה פירות מוגז שוופ,"יפאורה תבורי בע""מ",,משקה פירות מוגז שוופס 1.5 ל,ליטרים,1.50,ליטר,false,1,8.90,5.9333,true,1,168257
7290018515020,false,סויה מיובשת בצורת כנ,,,סויה מיובשת בצורת כנפי עוף 300 גר,גרמים,300.00,100 גרם,false,1,21.90,7.3000,true,1,163124
7290018516324,false,פאוץ פרינוק תפוח ושי,,,פאוץ פרינוק תפוח ושיבולת שועל 120 גר,גרמים,120.00,100 גרם,false,1,4.90,4.0833,true,1,164643
7290018516331,false,פאוץ פרינוק תפוח בננ,,,פאוץ פרינוק תפוח בננה ושיבולת שועל 120 ג,גרמים,120.00,100 גרם,false,1,4.90,4.0833,true,1,164644
7290018516348,false,פאוץ פרינוק סלט פירו,,,פאוץ פרינוק סלט פירות ושיבולת שועל 120 ג,גרמים,120.00,100 גרם,false,1,4.90,4.0833,true,1,164645
7290018516355,false,גוניור תפוע ושיבולת,,,גוניור תפוע ושיבולת שועל 190 גר,גרמים,190.00,100 גרם,false,1,5.90,3.1053,true,1,169374
7290018516362,false,גוניור תפוע בננה ושי,,,גוניור תפוע בננה ושיבולת שועל 190 גר,גרמים,190.00,100 גרם,false,1,5.90,3.1053,true,1,169375
7290018516379,false,גוניור סלט פירות ושי,,,גוניור סלט פירות ושיבולת שועל 190 גר,גרמים,190.00,100 גרם,false,1,5.90,3.1053,true,1,169376
7290018516393,false,פרמיו סופרים מיקס 3,,,פרמיו סופרים מיקס 3 קג,קילוגרמים,3.00,"ק""ג",false,1,59.90,19.9667,true,1,171301
7290018516959,false,פרמיו סופרים עופות ל,,,פרמיו סופרים עופות לכלב מגזע ננסי 3 קג,קילוגרמים,3.00,"ק""ג",false,1,49.90,16.6333,true,1,173460
7290018517024,false,בסיס לפיצה בנוסח איט,,,"בסיס לפיצה בנוסח איטלקי 30 ס""מ 4 יח",גרמים,440.00,100 גרם,false,1,11.90,2.7045,true,1,162586
7290018517215,false,רסק תפוע ללא תוספת ס,,,"רסק תפו""ע ללא תוספת סוכר 710 גר",גרמים,710.00,100 גרם,false,1,10.90,1.5352,true,1,165302
7290018517246,false,רוטב רימונים מרוכז 3,,,רוטב רימונים מרוכז 340 גר,גרמים,340.00,100 גרם,false,1,9.90,2.9118,true,1,165301
7290018517321,false,שיבולת שועל בשקית 50,ר.ס.,,שיבולת שועל בשקית 500 גר,גרמים,500.00,100 גרם,false,1,9.90,1.9800,true,1,170403
7290018517529,false,עוגיות קרם סנדוויץ ח,,,עוגיות קרם סנדוויץ חסכוני 900 גר,גרמים,900.00,100 גרם,false,1,17.90,1.9889,true,1,173534
7290018517543,false,עוגיות וניל ממולאות,,,עוגיות וניל ממולאות קרם בטעם שוקולד 160,גרמים,160.00,100 גרם,false,1,5.90,3.6875,true,1,173535
7290018564615,false,שף הטבע צילי חריף בצ,,,שף הטבע צילי חריף בצנצנת 200 גרם,גרמים,200.00,100 גרם,false,12,15.90,7.9500,true,1,167649
7290018565896,false,כוסות נייר שתייה חמה,,,כוסות נייר שתייה חמה 50 יח,Unknown,0.00,Unknown,false,1,9.90,0.0000,true,1,171234
7290018614822,false,נתחי טונה בהירה בשמן,,,נתחי טונה בהירה בשמן פאוץ אישי 5 יח,גרמים,450.00,100 גרם,false,1,31.90,7.0889,true,1,169916
7290018652039,false,לה קרמריה קרמל מלוח,,,לה קרמריה קרמל מלוח ונוגט 1.4 ל,ליטרים,1.40,ליטר,false,1,19.90,14.2143,true,1,163540
7290018652671,false,לה קרמריה תו אייל 1.,,,לה קרמריה תו אייל 1.4 ל,ליטרים,1.40,ליטר,false,1,19.90,14.2143,true,1,169230
7290018652688,false,לה קרמריה טרופי ופיר,,,לה קרמריה טרופי ופירות אדומים 1.4 ל,ליטרים,1.40,ליטר,false,1,19.90,14.2143,true,1,169231
7290018677179,false,מחית עגבניות נוטרה ז,,,מחית עגבניות נוטרה זן אורגני ללא גלוטן,גרמים,695.00,100 גרם,false,1,10.90,1.5683,true,1,169283
7290018710166,false,פולי קפה כסף נגרו 50,,,פולי קפה כסף נגרו 500 גר,גרמים,500.00,100 גרם,false,1,29.90,5.9800,true,1,165309
7290018710173,false,פולי קפה זהב נגרו 50,,,פולי קפה זהב נגרו 500 גר,גרמים,500.00,100 גרם,false,1,29.90,5.9800,true,1,165308
7290018710395,false,סוכר דמררה צנצנת 1 ק,,,סוכר דמררה צנצנת 1 קג,קילוגרמים,1.00,"ק""ג",false,1,13.90,13.9000,true,1,168763
7290018724804,false,זרעי ציה 230 גר נטור,,,זרעי ציה 230 גר נטורל,גרמים,230.00,100 גרם,false,1,14.90,6.4783,true,1,161186
7290018749005,false,כיסונים עבודת יד בית,,,כיסונים עבודת יד ביתי 600 גר,גרמים,600.00,100 גרם,false,1,31.90,5.3167,true,1,161423
7290018749050,false,חינקלי גאורגי במילוי,,,חינקלי גאורגי במילוי בשר 500 גר,גרמים,500.00,100 גרם,false,1,31.90,6.3800,true,1,162657
7290018749067,false,מנטי קלאסי במילוי בש,,,מנטי קלאסי במילוי בשר 500 גר,גרמים,500.00,100 גרם,false,1,31.90,6.3800,true,1,162655
7290018749081,false,כיסונים עבודת יד בסי,,,כיסונים עבודת יד בסיגנון יפני 600 גר,גרמים,500.00,100 גרם,false,1,31.90,6.3800,true,1,166282
7290018749098,false,כיסונים עבודת יד בסי,,,כיסונים עבודת יד בסיגנון קווקזי 600 גר,גרמים,500.00,100 גרם,false,1,31.90,6.3800,true,1,166283
7290018749104,false,קרפלך במילוי תפוא וב,,,קרפלך במילוי תפוא ובצל 700 גר,גרמים,700.00,100 גרם,false,1,20.90,2.9857,true,1,168912
7290018749111,false,קרפלך במילוי תפוא ופ,,,קרפלך במילוי תפוא ופטריות 700 גר,גרמים,700.00,100 גרם,false,1,20.90,2.9857,true,1,168913
7290018749227,false,כיסונים לארוחה טעימה,,,כיסונים לארוחה טעימה 1 קג,קילוגרמים,1.00,"ק""ג",false,1,29.90,29.9000,true,1,174050
7290018770023,false,שמן זית כתית מעולה ק,,,שמן זית כתית מעולה קורניאקי 750 מל,מיליליטרים,750.00,"100 מ""ל",false,1,39.90,5.3200,true,1,163067
7290018825020,true,תפוח אדמה לבן גורמה,ביכורי שדה דרום 2002,,תפוח אדמה לבן גורמה דוד משה,קילוגרמים,1.00,"ק""ג",true,,6.90,6.9000,true,1,166284
7290018860984,false,אטריות ביצים דקות 40,,,אטריות ביצים דקות 400 גר,גרמים,400.00,100 גרם,false,1,9.90,2.4750,true,1,171802
7290018889305,false,קריסטלית לב רד וולוט,,,קריסטלית לב רד וולוט חלבי 225 גר,גרמים,225.00,100 גרם,false,1,22.90,10.1778,true,1,171470
7290018889404,false,פס רד וולוט 550 גר,,,פס רד וולוט 550 גר,גרמים,550.00,100 גרם,false,1,43.90,7.9818,true,1,171472
7290018889473,false,קריסטלית לב מוס גבינ,,,קריסטלית לב מוס גבינה מצופה פררו 170 גר,גרמים,170.00,100 גרם,false,1,22.90,13.4706,true,1,171471
7290018893005,false,בייגלה צוקטה שטוח חר,,RO,בייגלה צוקטה שטוח חרדל ודבש 160 גר,גרמים,160.00,100 גרם,false,12,6.90,4.3125,true,1,166699
7290018893036,false,ביסקוויט שוקולד מילו,,,ביסקוויט שוקולד מילוי וניל צוקטה 176 גר,גרמים,176.00,100 גרם,false,1,5.90,3.3523,true,1,166701
7290018893081,false,עוגה אישית צוקטה מגו,צ'וקטה,,עוגה אישית צוקטה מגולגלת חלב 222 גר,גרמים,222.00,100 גרם,false,1,8.90,4.0090,true,1,166280
7290018893289,false,עוגה אישית צוקטה מגו,צ'וקטה,,עוגה אישית צוקטה מגולגלת קקאו 222 גר,גרמים,222.00,100 גרם,false,1,8.90,4.0090,true,1,166279
7290018893340,false,צוקטה גריסיני שומשום,,,צוקטה גריסיני שומשום 120 גר,גרמים,120.00,100 גרם,false,1,7.90,6.5833,true,1,171806
7290018893401,false,שוקולד צקטה מריר 70%,,,שוקולד צקטה מריר 70% 100 גר,גרמים,100.00,100 גרם,false,20,8.90,8.9000,true,1,167815
7290018893456,false,עוגות אישיות חלב צוק,צ'וקטה,,עוגות אישיות חלב צוקטה 300 גר,גרמים,300.00,100 גרם,false,12,11.90,3.9667,true,1,165650
7290018893494,false,עלי וופל חמאה דקים צ,,,עלי וופל חמאה דקים צוקטה 100 גר,גרמים,100.00,100 גרם,false,1,9.90,9.9000,true,1,166702
7290018893609,false,שוקולד צקטה מריר 85%,,,שוקולד צקטה מריר 85% 100 גר,גרמים,100.00,100 גרם,false,20,8.90,8.9000,true,1,167816
7290018893654,false,בייגלה צוקטה בתוספת,,,בייגלה צוקטה בתוספת מלח 200 גר,גרמים,200.00,100 גרם,false,1,6.90,3.4500,true,1,166278
7290018893708,false,עוגיות סנדוויץ שוקו,,,עוגיות סנדוויץ שוקו צוקטה 250 גר,גרמים,250.00,100 גרם,false,1,6.90,2.7600,true,1,172711
7290018893746,false,בייגלה צוקטה עגבניות,,RO,בייגלה צוקטה עגבניות ועשבי תיבול 180 גר,גרמים,180.00,100 גרם,false,12,6.90,3.8333,true,1,172918
7290018893753,false,עלי וופל חמאה דקים ל,,,עלי וופל חמאה דקים לימון צוקטה 100 גר,גרמים,100.00,100 גרם,false,1,9.90,9.9000,true,1,172573
7290018893807,false,שוקולד מריר 60% צוק,,,שוקולד מריר 60% צוקטה 300 גר,גרמים,300.00,100 גרם,false,1,12.90,4.3000,true,1,166700
7290018893906,false,עוגיות סנדוויץ וניל,,,עוגיות סנדוויץ וניל צוקטה 250 גר,גרמים,250.00,100 גרם,false,1,6.90,2.7600,true,1,172712
7290018893951,false,עוגיות וופל חמאה קינ,,BE,עוגיות וופל חמאה קינמון צוקטה 100 גר,גרמים,100.00,100 גרם,false,12,9.90,9.9000,true,1,172917
7290018894071,false,מארז סביבון לחנוכה 2,,,מארז סביבון לחנוכה 225 גר,גרמים,225.00,100 גרם,false,1,15.90,7.0667,true,1,174548
7290018894248,false,שוקולד חלב צוקטה 300,,FR,שוקולד חלב צוקטה 300 גר,גרמים,300.00,100 גרם,false,21,12.90,4.3000,true,1,173791
7290018925065,false,מיץ תפוזים סחוט פרימ,,,מיץ תפוזים סחוט פרימור 2 ל,ליטרים,2.00,ליטר,false,4,29.90,14.9500,true,1,168561
7290018925072,false,משקה קל לימונים ונענ,,,משקה קל לימונים ונענע פרימור 2 ל,ליטרים,2.00,ליטר,false,4,29.90,14.9500,true,1,168563
7290018925089,false,מיץ תפוחים צלול מיוצ,,,מיץ תפוחים צלול מיוצר מרכז פרימור 2 ל,ליטרים,2.00,ליטר,false,4,29.90,14.9500,true,1,168562
7290018965818,false,טבורוג דרבנסקי 450 ג,,,טבורוג דרבנסקי 450 גר,גרמים,450.00,100 גרם,false,1,21.90,4.8667,true,1,168920
7290018965825,false,לאבנה 450 גר,,,לאבנה 450 גר,גרמים,450.00,100 גרם,false,1,21.90,4.8667,true,1,168922
7290018965832,false,טבורוג עם דובדבן 450,,,טבורוג עם דובדבן 450 גר,גרמים,450.00,100 גרם,false,1,21.90,4.8667,true,1,168916
7290018965849,false,טבורוג עם משמש 450 ג,,,טבורוג עם משמש 450 גר,גרמים,450.00,100 גרם,false,1,21.90,4.8667,true,1,168917
7290018965856,false,טבורוג עם חמוציות 45,,,טבורוג עם חמוציות 450 גר,גרמים,450.00,100 גרם,false,1,21.90,4.8667,true,1,168918
7290018965863,false,טבורוג עם צימוקים 45,,,טבורוג עם צימוקים 450 גר,גרמים,450.00,100 גרם,false,1,21.90,4.8667,true,1,168919
7290018972144,false,שניצל תירס 500 גר,,,שניצל תירס 500 גר,גרמים,500.00,100 גרם,false,1,16.90,3.3800,true,1,168685
7290018972182,false,פלאפל 500 גר,,,פלאפל 500 גר,גרמים,500.00,100 גרם,false,1,16.90,3.3800,true,1,168686
7290018972786,false,נודלס מנה חמה ירקות,,,נודלס מנה חמה ירקות 72 גר,גרמים,72.00,100 גרם,false,1,5.90,8.1944,true,1,171012
7290018989005,false,פולפה טבעית 3*400 גר,,,פולפה טבעית 3*400 גר,גרמים,1200.00,100 גרם,false,1,16.90,1.4083,true,1,170746
7290018989128,false,סירופ בטעם ענבים יכי,,,סירופ בטעם ענבים יכין 1 ל,ליטרים,1.00,ליטר,false,1,19.90,19.9000,true,1,171143
7290018989135,false,סירופ בטעם פטל יכין,,,סירופ בטעם פטל יכין 1 ל,ליטרים,1.00,ליטר,false,1,19.90,19.9000,true,1,171142
7290019003199,false,גינגר שדות בעמק,,,גינגר שדות בעמק,Unknown,0.00,Unknown,false,1,14.90,0.0000,true,1,168512
7290019003274,false,כרוב סיני שדות בעמק,,,כרוב סיני שדות בעמק,Unknown,0.00,Unknown,false,1,11.90,0.0000,true,1,168515
7290019003496,false,לבבות קיסר שדות בעמק,,,לבבות קיסר שדות בעמק,Unknown,0.00,Unknown,false,1,11.90,0.0000,true,1,173201
7290019056027,false,משקה פירות מוגז שוופ,"יפאורה תבורי בע""מ",,משקה פירות מוגז שוופס תפוח ללא סוכר 1.5,ליטרים,1.50,ליטר,false,1,8.90,5.9333,true,1,168258
7290019056034,false,משקה פירות מוגז אננס,"יפאורה תבורי בע""מ",,משקה פירות מוגז אננס 1.5 ל,ליטרים,1.50,ליטר,false,1,8.90,5.9333,true,1,168259
7290019056041,false,משקה פירות מוגז שוופ,"יפאורה תבורי בע""מ",,משקה פירות מוגז שוופס למונייד ללא סוכר,ליטרים,1.50,ליטר,false,1,8.90,5.9333,true,1,168260
7290019056058,false,שוופס מוגז עדין תפוח,"יפאורה תבורי בע""מ",,שוופס מוגז עדין תפוח 1.5 ל,ליטרים,1.50,ליטר,false,1,8.90,5.9333,true,1,168246
7290019056065,false,שוופס מוגז עדין פירו,"יפאורה תבורי בע""מ",,שוופס מוגז עדין פירות יער 1.5 ל,ליטרים,1.50,ליטר,false,1,8.90,5.9333,true,1,168247
7290019056072,false,מים שוופס מוגז עדין,"יפאורה תבורי בע""מ",,מים שוופס מוגז עדין אננס 1.5 ל,מיליליטרים,1500.00,"100 מ""ל",false,1,8.90,0.5933,true,1,168248
7290019056089,false,שוופס מוגז עדין ריזל,"יפאורה תבורי בע""מ",,שוופס מוגז עדין ריזלינג 1.5 ל,ליטרים,1.50,ליטר,false,1,8.90,5.9333,true,1,168249
7290019056096,false,שוופס מוגז עדין אפרס,"יפאורה תבורי בע""מ",,שוופס מוגז עדין אפרסק 1.5 ל,ליטרים,1.50,ליטר,false,1,8.90,5.9333,true,1,168250
7290019056126,false,שוופס סודה בטעם לימו,"יפאורה תבורי בע""מ",,שוופס סודה בטעם לימו,ליטרים,1.50,ליטר,false,1,3.90,2.6000,true,1,168239
7290019056133,false,סודה שוופס נענע ליים,"יפאורה תבורי בע""מ",,סודה שוופס נענע ליים 1.5ל,ליטרים,1.50,ליטר,false,1,3.90,2.6000,true,1,168241
7290019056157,false,סודה שוופס פירות יער,,,סודה שוופס פירות יער 1.5 ל,ליטרים,1.50,ליטר,false,1,3.90,2.6000,true,1,168245
7290019056164,false,שוופס סודה 1.5 ל רבי,"יפאורה תבורי בע""מ",,שוופס סודה 1.5 ל רביעיה,ליטרים,6.00,ליטר,false,1,11.90,1.9833,true,1,168236
7290019056171,false,סודה שוופס לימון 1.5,,,סודה שוופס לימון 1.5 ל רביעיה,ליטרים,6.00,ליטר,false,1,11.90,1.9833,true,1,168238
7290019056188,false,סודה שוופס נענע ליים,"יפאורה תבורי בע""מ",,סודה שוופס נענע ליים 1.5 ל רביעיה,ליטרים,6.00,ליטר,false,1,11.90,1.9833,true,1,168240
7290019056201,false,סודה שוופס פירות יער,"יפאורה תבורי בע""מ",,סודה שוופס פירות יער 1.5 ל רביעיה,ליטרים,6.00,ליטר,false,1,11.90,1.9833,true,1,168244
7290019056232,false,שוופס ליים מוחיטו 1.,,,שוופס ליים מוחיטו 1.5 ל,ליטרים,1.50,ליטר,false,1,8.90,5.9333,true,1,168251
7290019056249,false,מים שוופס ענבים 1.5,"יפאורה תבורי בע""מ",,מים שוופס ענבים 1.5 ל,ליטרים,1.50,ליטר,false,1,7.90,5.2667,true,1,168231
7290019056256,false,מים שוופס ווטר בטעם,"יפאורה תבורי בע""מ",,מים שוופס ווטר בטעם תפוח 1.5 ל,מיליליטרים,1500.00,"100 מ""ל",false,1,7.90,0.5267,true,1,168232
7290019056263,false,מים שוופס אפרסק 1.5,"יפאורה תבורי בע""מ",,מים שוופס אפרסק 1.5 ל,ליטרים,1.50,ליטר,false,1,7.90,5.2667,true,1,168233
7290019056270,false,מים שוופס פירות יער,"יפאורה תבורי בע""מ",,מים שוופס פירות יער 1.5 ל,ליטרים,1.50,ליטר,false,1,7.90,5.2667,true,1,168234
7290019056287,false,משקה שוופס ווטר אפרס,"יפאורה תבורי בע""מ",,משקה שוופס ווטר אפרסק 0 קולוריות 1.5 ל,ליטרים,1.50,ליטר,false,1,7.90,5.2667,true,1,168235
7290019056294,false,שוופס גינגר 1.5 לי,"יפאורה תבורי בע""מ",,שוופס גינגר 1.5 לי,ליטרים,1.50,ליטר,false,1,13.90,9.2667,true,1,168269
7290019056300,false,שוופס ביטר 1.5 ל,"יפאורה תבורי בע""מ",,שוופס ביטר 1.5 ל,ליטרים,1.50,ליטר,false,1,13.90,9.2667,true,1,168270
7290019056317,false,שוופס רוסציאן 1.5 ל,"יפאורה תבורי בע""מ",,שוופס רוסציאן 1.5 ל,ליטרים,1.50,ליטר,false,1,13.90,9.2667,true,1,168271
7290019056324,false,שוופס טוניק 1.5 ל,"יפאורה תבורי בע""מ",,שוופס טוניק 1.5 ל,ליטרים,1.50,ליטר,false,1,13.90,9.2667,true,1,168272
7290019056331,false,שוופס טוניק ללא סוכר,"יפאורה תבורי בע""מ",,שוופס טוניק ללא סוכר 1.5 ל,ליטרים,1.50,ליטר,false,1,13.90,9.2667,true,1,168273
7290019056355,false,משקה תפוזינה מיקס לי,"יפאורה תבורי בע""מ",,משקה תפוזינה מיקס לימונענע 1.5 ל,ליטרים,1.50,ליטר,false,1,8.90,5.9333,true,1,168212
7290019056379,false,תפוזינה תפוזים 1.5 ל,"יפאורה תבורי בע""מ",,תפוזינה תפוזים 1.5 ל,ליטרים,1.50,ליטר,false,1,8.90,5.9333,true,1,168214
7290019056386,false,תפוזינה אשכולית 1.5,"יפאורה תבורי בע""מ",,תפוזינה אשכולית 1.5 ל,ליטרים,1.50,ליטר,false,1,8.90,5.9333,true,1,168215
7290019056393,false,תפוזינה תות בננה 1.5,"יפאורה תבורי בע""מ",,תפוזינה תות בננה 1.5 ל,ליטרים,1.50,ליטר,false,1,8.90,5.9333,true,1,168216
7290019056416,false,תפוזינה לימונדה 1.5,"יפאורה תבורי בע""מ",,תפוזינה לימונדה 1.5 ל,ליטרים,1.50,ליטר,false,1,8.90,5.9333,true,1,168218
7290019056423,false,משקה תפוזינה תפוח 1.,"יפאורה תבורי בע""מ",,משקה תפוזינה תפוח 1.5 ל,ליטרים,1.50,ליטר,false,1,8.90,5.9333,true,1,168219
7290019056478,false,תה ספרינג אפרסק 1.5,"יפאורה תבורי בע""מ",,תה ספרינג אפרסק 1.5 ל,ליטרים,1.50,ליטר,false,1,7.90,5.2667,true,1,168222
7290019056485,false,תה ספרינג תה ירוק 1.,"יפאורה תבורי בע""מ",,תה ספרינג תה ירוק 1.5 ל,מיליליטרים,1500.00,"100 מ""ל",false,1,7.90,0.5267,true,1,168223
7290019056492,false,תה ספרינג מנגו אפרסק,"יפאורה תבורי בע""מ",,תה ספרינג מנגו אפרסק 1.5 ל,ליטרים,1.50,ליטר,false,1,7.90,5.2667,true,1,168224
7290019056508,false,משקה פרויט ווטר ענבי,,,משקה פרויט ווטר ענבים 1.5 ל,ליטרים,1.50,ליטר,false,1,8.90,5.9333,true,1,168226
7290019056515,false,משקה פרויט ווטר אננס,,,משקה פרויט ווטר אננס 1.5 ל,ליטרים,1.50,ליטר,false,1,8.90,5.9333,true,1,168227
7290019056522,false,משקה פרויט ווטר תות,,,משקה פרויט ווטר תות 1.5 ל,ליטרים,1.50,ליטר,false,1,8.90,5.9333,true,1,168228
7290019056539,false,משקה פרויט ווטר אפרס,,,משקה פרויט ווטר אפרסק 1.5 ל,ליטרים,1.50,ליטר,false,1,8.90,5.9333,true,1,168229
7290019056546,false,משקה פרויט ווטר אבטי,,,משקה פרויט ווטר אבטיח 1.5 ל,ליטרים,1.50,ליטר,false,1,8.90,5.9333,true,1,168230
7290019056553,false,מים מינרלים עין גדי,עין גדי מים מינרליים,,מים מינרלים עין גדי 2 ל שישיה,ליטרים,12.00,ליטר,false,1,12.90,1.0750,true,1,168289
7290019056560,false,מים מינרליים טבעיים,,,מים מינרליים טבעיים עין גדי 2 ל,ליטרים,2.00,ליטר,false,1,3.90,1.9500,true,1,168290
7290019056577,false,ספרינג מנגו 1.5 ל,,,ספרינג מנגו 1.5 ל,מיליליטרים,1500.00,"100 מ""ל",false,1,8.90,0.5933,true,1,168202
7290019056584,false,ספרינג תפוז 1.5 ל,,,ספרינג תפוז 1.5 ל,מיליליטרים,1500.00,"100 מ""ל",false,1,8.90,0.5933,true,1,168657
7290019056591,false,ספרינג ענבים 1.5 ל,,,ספרינג ענבים 1.5 ל,מיליליטרים,1500.00,"100 מ""ל",false,1,8.90,0.5933,true,1,168203
7290019056607,false,ספרינג תפוחים 1.5 ל,,,ספרינג תפוחים 1.5 ל,מיליליטרים,1500.00,"100 מ""ל",false,1,8.90,0.5933,true,1,168204
7290019056614,false,ספרינג אפרסק 1.5 ל,,,ספרינג אפרסק 1.5 ל,ליטרים,1.50,ליטר,false,1,8.90,5.9333,true,1,168205
7290019056621,false,ספרינג פירות קיץ טרו,,,ספרינג פירות קיץ טרופי 1.5 ל,מיליליטרים,1500.00,"100 מ""ל",false,1,8.90,0.5933,true,1,168206
7290019056638,false,ספרינג תות בננה 1.5,,,ספרינג תות בננה 1.5 ל,מיליליטרים,1500.00,"100 מ""ל",false,1,8.90,0.5933,true,1,168207
7290019056645,false,ספרינג אגס סברס תפוח,,,ספרינג אגס סברס תפוח 1.5 ל,מיליליטרים,1500.00,"100 מ""ל",false,1,8.90,0.5933,true,1,168208
7290019056652,false,ספרינג אננס בננה 1.5,,,ספרינג אננס בננה 1.5 ל,מיליליטרים,1500.00,"100 מ""ל",false,1,8.90,0.5933,true,1,168209
7290019056669,false,ספרינג תפוחים דיאט 1,,,ספרינג תפוחים דיאט 1.5 ל,מיליליטרים,1500.00,"100 מ""ל",false,1,8.90,0.5933,true,1,168210
7290019056676,false,ספרינג אשכוליות אננס,,,ספרינג אשכוליות אננס 1.5 ל,מיליליטרים,1500.00,"100 מ""ל",false,1,8.90,0.5933,true,1,168211
7290019056720,false,קריסטל ענבים 2 ל,,,קריסטל ענבים,ליטרים,2.00,ליטר,false,1,7.90,3.9500,true,1,168274
7290019056737,false,קריסטל אשכוליות 2 ל,,,קריסטל אשכוליות,ליטרים,2.00,ליטר,false,1,7.90,3.9500,true,1,168275
7290019056744,false,קריסטל תפוזים 2 ל,,,קריסטל תפוזים,ליטרים,2.00,ליטר,false,1,7.90,3.9500,true,1,168276
7290019056799,false,קריסטל אקזוטי מוגז 2,,,קריסטל אקזוטי מוגז,ליטרים,2.00,ליטר,false,1,7.90,3.9500,true,1,168281
7290019056805,false,קריסטל תפוחים 2 ל,,,קריסטל תפוחים,ליטרים,2.00,ליטר,false,1,7.90,3.9500,true,1,168282
7290019056812,false,קריסטל מנטה 2 ל,,,קריסטל מנטה,ליטרים,2.00,ליטר,false,1,7.90,3.9500,true,1,168283
7290019056829,false,קריסטל תפוז 2 ל,,,קריסטל תפוז 2 ל,ליטרים,2.00,ליטר,false,1,7.90,3.9500,true,1,168284
7290019056836,false,קריסטל תות 2 ל,,,קריסטל תות 2 ל,ליטרים,2.00,ליטר,false,1,7.90,3.9500,true,1,168285
7290019056843,false,קריסטל קולה 2 ל,,,קריסטל קולה,ליטרים,2.00,ליטר,false,1,7.90,3.9500,true,1,168286
7290019056850,false,תה ספרינג דיאט אפרסק,"יפאורה תבורי בע""מ",,תה ספרינג דיאט אפרסק 1.5 ל,מיליליטרים,1500.00,"100 מ""ל",false,1,7.90,0.5267,true,1,168225
7290019056881,false,שוופס סודה 1.5 ל,"יפאורה תבורי בע""מ",,שוופס סודה 1.5 ל,ליטרים,6.00,ליטר,false,1,3.90,0.6500,true,1,170253
7290019056935,false,משקה ארסי קולה 1.5 ל,,,משקה ארסי קולה 1.5 ל,ליטרים,1.50,ליטר,false,1,6.90,4.6000,true,1,171398
7290019056942,false,מים מינרליים טבעיים,,,מים מינרליים טבעיים עין גדי 2 ל,ליטרים,2.00,ליטר,false,1,3.90,1.9500,true,1,168647
7290019056966,false,מי עדן 1.5 ל,"מי עדן בע""מ",,מי עדן 1.5 ל,ליטרים,1.50,ליטר,false,1,3.90,2.6000,true,1,168646
7290019056973,false,מים מינרלים מי עדן 1,"מי עדן בע""מ",,מים מינרלים מי עדן 1.5 ל שישיה,ליטרים,9.00,ליטר,false,1,12.90,1.4333,true,1,168200
7290019153078,false,שוופס ביטר למון לייט,"יפאורה תבורי בע""מ",,שוופס ביטר למון לייט 1.5 ל,ליטרים,1.50,ליטר,false,1,13.90,9.2667,true,1,169061
7290019153085,false,שוופס ליים מוחיטו לל,"יפאורה תבורי בע""מ",,שוופס ליים מוחיטו ללא סוכר 1.5 ל,ליטרים,1.50,ליטר,false,1,8.90,5.9333,true,1,169060
7290019153252,false,שוופס סודה תפוח 1.5,"יפאורה תבורי בע""מ",,שוופס סודה תפוח 1.5 ל רביעיה,ליטרים,6.00,ליטר,false,1,11.90,1.9833,true,1,170877
7290019153269,false,שוופס סודה אננס 1.5,"יפאורה תבורי בע""מ",,שוופס סודה אננס 1.5 ל רביעיה,ליטרים,6.00,ליטר,false,1,11.90,1.9833,true,1,170876
7290019153313,false,משקה פרויט & ווג תפו,,,משקה פרויט & ווג תפוח חמוציות 350 מל,מיליליטרים,350.00,"100 מ""ל",false,1,6.90,1.9714,true,1,170875
7290019153344,false,תפוזינה סנגרייה 1.5,"יפאורה תבורי בע""מ",,תפוזינה סנגרייה 1.5 ל,ליטרים,1.50,ליטר,false,1,8.90,5.9333,true,1,170872
7290019153351,false,תפוזינה פינק אוזו 1.,"יפאורה תבורי בע""מ",,תפוזינה פינק אוזו 1.5 ל,ליטרים,1.50,ליטר,false,1,8.90,5.9333,true,1,170873
7290019153375,false,תפוזינה מוחיטו 1.5 ל,"יפאורה תבורי בע""מ",,תפוזינה מוחיטו 1.5 ל,ליטרים,1.50,ליטר,false,1,8.90,5.9333,true,1,170874
7290019167020,false,קינוח עוגת גבינה פיר,,,קינוח עוגת גבינה פירות יער לייט 82 גר,גרמים,82.00,100 גרם,false,12,6.90,8.4146,true,1,173459
7290019167037,false,קינוח תותים בקצפת עד,,,קינוח תותים בקצפת עדן 82 גר,גרמים,82.00,100 גרם,false,12,6.90,8.4146,true,1,173457
7290019167044,false,קינוח קצפת עם קרם בי,,,קינוח קצפת עם קרם בייגלה מתוק מלוח 82 גר,גרמים,82.00,100 גרם,false,12,6.90,8.4146,true,1,173458
7290019176039,false,פילה טונה בשמן קנולה,,,פילה טונה בשמן קנולה פלפל לימון 160 גר,גרמים,160.00,100 גרם,false,1,15.90,9.9375,true,1,167935
7290019176046,false,פילה טונה בשמן זית 1,,,פילה טונה בשמן זית 160 גר,גרמים,160.00,100 גרם,false,1,16.90,10.5625,true,1,167939
7290019176053,false,פילה טונה במי מלח 16,,,פילה טונה במי מלח 160 גר,גרמים,160.00,100 גרם,false,1,15.90,9.9375,true,1,167938
7290019176060,false,שמן חמניות מזוכך חמנ,,,שמן חמניות מזוכך חמניית זהב 1 ל,ליטרים,1.00,ליטר,false,1,17.90,17.9000,true,1,171895
7290019176077,false,שמן חמניות מזוכך טיפ,,,שמן חמניות מזוכך טיפת שמש 1 ל,ליטרים,1.00,ליטר,false,1,17.90,17.9000,true,1,171894
7290019226093,false,אננס חתוך תומר 565 ג,,,אננס חתוך תומר 565 גר,גרמים,565.00,100 גרם,false,1,7.90,1.3982,true,1,171218
7290019226109,false,אננס פרוס תומר 565 ג,,,אננס פרוס תומר 565 גר,גרמים,565.00,100 גרם,false,1,7.90,1.3982,true,1,171219
7290019226123,false,קניידלך כופתאות מצה,,,קניידלך כופתאות מצה מוקפאים 400 גר,גרמים,400.00,100 גרם,false,12,19.90,4.9750,true,1,169567
7290019232155,false,תה ויסוצקי לילה טוב,,,תה ויסוצקי לילה טוב קמומיל לבנדר 25 שק,Unknown,0.00,Unknown,false,1,24.90,0.0000,true,1,173862
7290019232162,false,תה ויסוצקי לילה טוב,,,תה ויסוצקי לילה טוב קמומיל מליסה 25 שק,Unknown,0.00,Unknown,false,1,24.90,0.0000,true,1,173863
7290019232353,false,תה ירוק סיני 50 שק,,,תה ירוק סיני 50 שק,גרמים,75.00,100 גרם,false,12,39.90,53.2000,true,1,171651
7290019232834,false,בייגלה פליפז מצופה ק,,,בייגלה פליפז מצופה קרם עוגיות שוקולד 140,גרמים,140.00,100 גרם,false,8,9.90,7.0714,true,1,171609
7290019233008,false,רוטב עגבניות שקשוקה,,,רוטב עגבניות שקשוקה ארטישוק 420 גר,גרמים,420.00,100 גרם,false,1,13.90,3.3095,true,1,171662
7290019233015,false,שקשוקה ירוקה תבשיל י,,,שקשוקה ירוקה תבשיל ירקות 420 גר,גרמים,420.00,100 גרם,false,1,13.90,3.3095,true,1,171660
7290019233046,false,זית קלמטה בלונד מרינ,,,זית קלמטה בלונד מרינד עם שמן זית 215 גר,גרמים,215.00,100 גרם,false,1,13.90,6.4651,true,1,168781
7290019297246,false,שזיף מיובש עם גרעין,"דין שיווק וקליה בע""מ",,שזיף מיובש עם גרעין ששון הקולה 250 גר,גרמים,250.00,100 גרם,false,1,17.90,7.1600,true,1,146516
7290019297406,false,מעדן דובדבן 100% פרי,,,מעדן דובדבן 100% פרי שקדיה 284 גר,גרמים,284.00,100 גרם,false,1,8.90,3.1338,true,1,146465
7290019297413,false,מעדן אפרסק 100% פרי,,,מעדן אפרסק 100% פרי שקדיה 284 גר,גרמים,284.00,100 גרם,false,1,8.90,3.1338,true,1,146464
7290019297628,false,שקד טבעי 150 גר,,,שקד טבעי 150 גר,גרמים,150.00,100 גרם,false,1,14.90,9.9333,true,1,153022
7290019302315,false,יין מבעבע באזז אבטיח,,,יין מבעבע באזז אבטיח מלון 750 מל,מיליליטרים,750.00,"100 מ""ל",false,12,29.90,3.9867,true,1,171713
7290019302636,false,מארז רביעיית קרומבאכ,,,מארז רביעיית קרומבאכר+כוס 330 מל,מיליליטרים,1320.00,"100 מ""ל",false,1,24.90,1.8864,true,1,173992
7290030947694,false,פילה הרינג מעושן 200,,,פילה הרינג מעושן 200 גר,גרמים,200.00,100 גרם,false,1,13.90,6.9500,true,1,173013
7290089617074,false,פטריות מסליאטה מוחמצ,,CN,פטריות מסליאטה מוחמצות 680 גר,גרמים,680.00,100 גרם,false,6,14.90,2.1912,true,1,162190
7290089617142,false,פטריות אופיאטה מוחמצ,,CN,פטריות אופיאטה מוחמצות 680 גר,גרמים,680.00,100 גרם,false,6,14.90,2.1912,true,1,162188
7290089617210,false,פטריות אסורטי מוחמצו,,CN,פטריות אסורטי מוחמצות 680 גר,גרמים,680.00,100 גרם,false,6,14.90,2.1912,true,1,164892
7290089617388,false,פטריות בורוביצקי מוח,,CN,פטריות בורוביצקי מוחמצות 680 גר,גרמים,680.00,100 גרם,false,6,14.90,2.1912,true,1,162189
7290100240137,false,תרסיס בדין כחול 500,זוהר דליה,,"תרסיס ""בדין"" כחול 50",מיליליטרים,500.00,"100 מ""ל",false,1,14.90,2.9800,true,1,122149
7290100240144,false,תרסיס בדין ורוד 500,זוהר דליה,,"תרסיס ""בדין"" ורוד 50",מיליליטרים,500.00,"100 מ""ל",false,1,14.90,2.9800,true,1,122150
7290100243084,false,מיונז אמיתי הלמנס 78,"יונילוור ארה""ב",,מיונז אמיתי הלמנס 789 גר,גרמים,789.00,100 גרם,false,1,22.90,2.9024,true,1,122156
7290100243671,false,מרכך כביסה בדין אקסט,יונילוור - תורכיה,,"מרכך כביסה ""בדין"" אק",מיליליטרים,960.00,"100 מ""ל",false,1,14.90,1.5521,true,1,122159
7290100412442,false,מגבונים לניקוי שרותי,,,מגבונים לניקוי שרותים ואמבט קוויק מנטה,Unknown,0.00,Unknown,false,1,8.90,0.0000,true,1,144078
7290100412459,false,מגבונים לניקוי שרותי,,,מגבונים לניקוי שרותים ואמבט קוויק לוונדר,Unknown,0.00,Unknown,false,1,8.90,0.0000,true,1,144079
7290100412466,false,מגבונים לחים קוויק ל,,,מגבונים לחים קוויק לניקוי רצפות לימון 10,Unknown,0.00,Unknown,false,1,10.90,0.0000,true,1,155832
7290100412763,false,תחליב רחצה קלאסי דוק,,,תחליב רחצה קלאסי דוקטור אור לוונדר 700 מ,מיליליטרים,700.00,"100 מ""ל",false,1,14.90,2.1286,true,1,144102
7290100412787,false,תחליב רחצה קלאסי דוק,,,"תחליב רחצה קלאסי דוקטור אור פרח 700 מ""ל",מיליליטרים,700.00,"100 מ""ל",false,1,14.90,2.1286,true,1,144104
7290100658338,false,נוזל כלים אוקסי פלוס,Colgate - Greece,,"נוזל כלים ""פלמוליב""",מיליליטרים,750.00,"100 מ""ל",false,1,10.90,1.4533,true,1,122204
7290100680650,false,מנה חמה נודלס - אטרי,טאי רזידנט,,מנה חמה נודלס - אטרי,גרמים,76.00,100 גרם,false,1,6.90,9.0789,true,1,122208
7290100680667,false,מנה חמה נודלס אטריות,טאי רזידנט,,מנה חמה נודלס - אטרי,גרמים,77.00,100 גרם,false,1,6.90,8.9610,true,1,122209
7290100680711,false,פירורי לחם מוזהבים פ,עינת,,"פירורית זהב 350 ג""ר",גרמים,350.00,100 גרם,false,1,7.90,2.2571,true,1,122211
7290100680728,false,פירורי לחם לבנים פיר,אסם,,"פירורית 350 ג""ר",גרמים,350.00,100 גרם,false,1,6.90,1.9714,true,1,122212
7290100681503,false,סירופ בטעם לימונענע,בית השיטה,,"""עסיס"" סירופ לימונענ",ליטרים,1.00,ליטר,false,1,17.90,17.9000,true,1,122217
7290100683880,false,פירה להכנה מהירה אסם,אסם,,"אוסם פירה 260 ג""ר",גרמים,260.00,100 גרם,false,1,13.90,5.3462,true,1,122225
7290100684139,false,אסם מיני מקרוני 500,זארה,,אסם מיני מקרוני 500,גרמים,500.00,100 גרם,false,1,5.90,1.1800,true,1,122226
7290100684306,false,רוטב צילי מתוק 720 ג,אסם,,"רוטב צ""לי מתוק 600 מ",גרמים,720.00,100 גרם,false,1,16.90,2.3472,true,1,122228
7290100685136,false,אבקת מרק בטעם עוף,אסם,,אבקת מרק בטעם עוף 1 קג,קילוגרמים,1.00,"ק""ג",false,1,15.90,15.9000,true,1,122231
7290100685334,false,מרק עוף רכיבים טבעיי,אסם,,מרק עוף רכיבים טבעיי,גרמים,400.00,100 גרם,false,1,21.90,5.4750,true,1,122233
7290100685341,false,אבקת מרק בטעם עוף זך,אסם,,אבקת מרק בטעם עוף זך,גרמים,400.00,100 גרם,false,1,15.90,3.9750,true,1,122234
7290100685938,false,הבית עוגת דבש ותפוח,אסם,,הבית עוגת דבש ותפוח עץ 400 גר,גרמים,400.00,100 גרם,false,1,15.90,3.9750,true,1,125526
7290100687109,false,במבה במילוי קרם נוגט,אסם,,במבה במילוי קרם נוגט,גרמים,60.00,100 גרם,false,1,4.90,8.1667,true,1,122241
7290100700068,false,שעועית צבעונית 500 ג,,,שעועית צבעונית,גרמים,500.00,100 גרם,false,1,7.90,1.5800,true,1,122248
7290100700075,false,פירורי לחם מוזהב 200,,,פירורי לחם מוזהב 200,גרמים,200.00,100 גרם,false,1,3.90,1.9500,true,1,122249
7290100700242,false,אורז מלא עגול 1 קג,,,"אורז מלא עגול 1 ק""ג",קילוגרמים,1.00,"ק""ג",false,1,9.90,9.9000,true,1,122250
7290100700273,false,קינואה 500 גר,,,קינואה 500 גר,גרמים,500.00,100 גרם,false,1,12.90,2.5800,true,1,122252
7290100700310,false,כוסמת 1 קג,,,כוסמת 1 קג,קילוגרמים,1.00,"ק""ג",false,1,15.90,15.9000,true,1,122253
7290100700372,false,אורז בסמטי מלא 1 קג,,,"אורז בסמטי מלא 1 ק""ג",קילוגרמים,1.00,"ק""ג",false,1,12.90,12.9000,true,1,122256
7290100700396,false,אורז יסמין קלאסי 1 ק,,,אורז יסמין קלאסי 1 ק,קילוגרמים,1.00,"ק""ג",false,1,11.90,11.9000,true,1,122258
7290100700563,false,אורז מיקס סוגת 1 קג,,,אורז מיקס 1 קג סוגת,קילוגרמים,1.00,"ק""ג",false,1,12.90,12.9000,true,1,122263
7290100700587,false,בורגול 500 גר,,,"בורגול 500 גר""",גרמים,500.00,100 גרם,false,1,5.90,1.1800,true,1,122264
7290100701126,false,שעועית מש 500 גר,,,שעועית מש 500 גרם,גרמים,500.00,100 גרם,false,1,10.90,2.1800,true,1,122271
7290100701140,false,אורז ריזוטו ארבוריו,,,אורז ריזוטו ארבוריו,קילוגרמים,1.00,"ק""ג",false,1,13.90,13.9000,true,1,122272
7290100701157,false,אורז סושי 1 קג,,,"אורז סושי 1 ק""ג",קילוגרמים,1.00,"ק""ג",false,1,13.90,13.9000,true,1,122273
7290100701300,false,קינואה אדומה 500 גר,,,קינואה אדומה 500 גרם,גרמים,500.00,100 גרם,false,1,12.90,2.5800,true,1,122276
7290100701348,false,קמח שיפון מלא 1 קג,,,"קמח שיפון מלא 1 ק""ג",גרמים,1000.00,100 גרם,false,1,6.90,0.6900,true,1,122278
7290100701409,false,קמח תירס 500 גר,,,קמח תירס 500גר,גרמים,500.00,100 גרם,false,1,5.90,1.1800,true,1,127241
7290100701454,false,גרישה 500 גר,,,גרישה 500 גרם,קילוגרמים,0.50,"ק""ג",false,1,5.90,11.8000,true,1,122282
7290100701577,false,קמח לחם 1 קג,,,"קמח לחם 1 ק""ג",גרמים,1000.00,100 גרם,false,1,6.90,0.6900,true,1,122283
7290100701874,false,קמח סוגת כוסמין מלא,,,"קמח סוגת כוסמין מלא 1 ק""ג",קילוגרמים,1.00,"ק""ג",false,1,12.90,12.9000,true,1,133695
7290100701881,false,קמח פיצה ופוקצה 1 קג,,,"קמח פיצה ופוקצ""ה 1 ק",גרמים,1000.00,100 גרם,false,1,6.90,0.6900,true,1,122286
7290100702260,false,קוסקוס דק 350 גר,,,"קוסקוס דק 350 ג""ר",גרמים,350.00,100 גרם,false,1,4.90,1.4000,true,1,125549
7290100702277,false,קוסקוס עבה 350 גר,,,"קוסקוס עבה 350 ג""ר",גרמים,350.00,100 גרם,false,1,4.90,1.4000,true,1,125550
7290100702284,false,קוסקוס מלא 350 גר,,,"קוסקוס מלא 350 ג""ר",גרמים,350.00,100 גרם,false,1,4.90,1.4000,true,1,125551
7290100702314,false,שעועית שחור 500 גר,,,שעועית שחור 500 גר,גרמים,500.00,100 גרם,false,1,7.90,1.5800,true,1,125975
7290100702383,false,קמח תופח 1 קג,,,קמח תופח 1 קג,קילוגרמים,1.00,"ק""ג",false,1,6.90,6.9000,true,1,125768
7290100702611,false,פתיתים אפויים אורז 5,,,פתיתים אפויים אורז 500 גר,גרמים,500.00,100 גרם,false,1,5.90,1.1800,true,1,126514
7290100702628,false,פתיתים אפויים קוסוקס,,,פתיתים אפויים קוסוקס 500 גר,גרמים,500.00,100 גרם,false,1,5.90,1.1800,true,1,126515
7290100702635,false,פתיתים אפויים כוכבים,,,פתיתים אפויים כוכבים 400 גר,גרמים,500.00,100 גרם,false,1,5.90,1.1800,true,1,126516
7290100702741,false,סוכר חום בהיר צנצנת,,,סוכר חום בהיר צנצנת 1קג,קילוגרמים,1.00,"ק""ג",false,1,11.90,11.9000,true,1,127623
7290100702987,false,שיבולת שועל 500 גר,סוגת,,שיבולת שועל 500 גר,גרמים,500.00,100 גרם,false,1,5.90,1.1800,true,1,131601
7290100702994,false,סוכר דמררה קלאסי 500,סוגת,,סוכר דמררה קלאסי 500 גר,גרמים,500.00,100 גרם,false,1,4.90,0.9800,true,1,130299
7290100703007,false,עדשים שחורות בלוגה 5,סוגת,,עדשים שחורות בלוגה 500 גר,גרמים,500.00,100 גרם,false,1,7.90,1.5800,true,1,130300
7290100703458,false,כוסמת לא קלויה 500 ג,,,כוסמת לא קלויה 500 גר,גרמים,500.00,100 גרם,false,1,7.90,1.5800,true,1,133565
7290100703489,false,פירורי לחם לבנים סוג,,,פירורי לחם לבנים סוגת 500 גר,גרמים,500.00,100 גרם,false,1,6.90,1.3800,true,1,135010
7290100703533,false,קמח קסם סוגת 1 קג,,,"קמח קסם סוגת 1 ק""ג",קילוגרמים,1.00,"ק""ג",false,1,7.90,7.9000,true,1,135012
7290100703557,false,קמח פוקצה 1 קג,,,"קמח פוקצה 1 ק""ג",קילוגרמים,1.00,"ק""ג",false,1,6.90,6.9000,true,1,134160
7290100703564,false,שיבולת שועל עבה 500,,,שיבולת שועל עבה 500 גר,גרמים,500.00,100 גרם,false,1,5.90,1.1800,true,1,134159
7290100703632,false,קמח סוגת מלא ללא ניפ,,,"קמח סוגת מלא ללא ניפוי 1 ק""ג",קילוגרמים,1.00,"ק""ג",false,1,7.90,7.9000,true,1,136139
7290100703649,false,קמח סוגת מלא חיטה 80,,,"קמח סוגת מלא חיטה 80% ללא ניפוי 1 ק""ג",קילוגרמים,1.00,"ק""ג",false,1,7.90,7.9000,true,1,136142
7290100703687,false,קמח סוגת חלה ללא ניפ,,,"קמח סוגת חלה ללא ניפוי 1 ק""ג",קילוגרמים,1.00,"ק""ג",false,1,7.90,7.9000,true,1,136140
7290100703854,false,קוביות סוכר דמררה 50,,,קוביות סוכר דמררה 500 גר,גרמים,500.00,100 גרם,false,1,9.90,1.9800,true,1,139566
7290100703908,false,סוכר חום דמררה סוגת,,,סוכר חום דמררה סוגת 1 קג,קילוגרמים,1.00,"ק""ג",false,1,10.90,10.9000,true,1,138514
7290100703915,false,מארז פופקורן למיקרו,,,מארז פופקורן למיקרו חמאה 5+1 540 גר,גרמים,540.00,100 גרם,false,1,9.90,1.8333,true,1,142074
7290100703922,false,מארז פופקורן למיקרו,,,מארז פופקורן למיקרו טבעי 5+1 540 גר,גרמים,540.00,100 גרם,false,1,9.90,1.8333,true,1,142075
7290100704066,false,עדשים צהובות סוגת 50,,,עדשים צהובות סוגת 500 גר,גרמים,500.00,100 גרם,false,1,7.90,1.5800,true,1,143118
7290100704141,false,סודה לשתיה 100 גר,,,סודה לשתיה 100 גר,גרמים,100.00,100 גרם,false,1,2.90,2.9000,true,1,146883
7290100704660,false,קינואה מיקס 500 גר,,,קינואה מיקס 500 גר,גרמים,500.00,100 גרם,false,1,12.90,2.5800,true,1,165108
7290100704684,false,קמח שמרים כוסמין 1 ק,,,קמח שמרים כוסמין 1 קג,קילוגרמים,1.00,"ק""ג",false,1,19.90,19.9000,true,1,171400
7290100858592,false,קקאו עלית 150 גר,STRAUSS-ISRAEL,,"קקאו עלית 150 ג""ר",גרמים,150.00,100 גרם,false,1,9.90,6.6000,true,1,122304
7290100927717,false,אבקת כביסה פרסיל קול,,,אבקת כביסה פרסיל קולור 5 קג,קילוגרמים,5.00,"ק""ג",false,1,44.90,8.9800,true,1,122322
7290100941416,false,יין פורט גראמס טאוני,,,"יין פורט גראמס טאוני אדום 750 מ""ל",מיליליטרים,750.00,"100 מ""ל",false,1,69.90,9.3200,true,1,135633
7290101453963,false,נר מספר 9,סודי,,נר מספר 9,Unknown,0.00,Unknown,false,1,3.90,0.0000,true,1,134616
7290101551027,false,קפסולות קפה חזק במיו,,,קפסולות קפה עלית חזק במיוחד 50 גר,גרמים,50.00,100 גרם,false,1,15.90,31.8000,true,1,148002
7290101551263,false,סילאן טבעי יד מרדכי,,,סילאן יד מרדכי טבעי 700 גר,גרמים,700.00,100 גרם,false,6,19.90,2.8429,true,1,144255
7290101551539,false,יוגורט דנונה פרו 20,,,יוגורט דנונה פרו 20 אפרסק 200 גר,גרמים,200.00,100 גרם,false,12,5.90,2.9500,true,1,145108
7290101551584,false,חטיף תפוציפס קידס מא,,,מארז תפוציפס קידס 20 גר 10 יח,גרמים,200.00,100 גרם,false,1,12.90,6.4500,true,1,144601
7290101551614,false,חטיף ציטוס קראנץ גבי,,,מארז ציטוס קראנץ גבינה 30 גר 8 יח,גרמים,240.00,100 גרם,false,1,11.90,4.9583,true,1,144603
7290101551638,false,חטיף ציטוס כאפה מארז,,,מארז ציטוס כאפה 20 גר 10 יח,גרמים,200.00,100 גרם,false,1,12.90,6.4500,true,1,144599
7290101812166,false,נקניקיות צוריסוס מצו,,,נקניקיות צוריסוס מצונן 700 גר,גרמים,700.00,100 גרם,false,1,56.90,8.1286,true,1,145307
7290101812340,false,פטרוצאן מצונן מזרע 7,,,פטרוצאן מצונן מזרע 700 גר,גרמים,700.00,100 גרם,false,,59.90,8.5571,true,1,147004
7290101812883,false,נקניקיות כבש מצונן 7,,,נקניקיות כבש מצונן 700 גר,גרמים,700.00,100 גרם,false,1,36.90,5.2714,true,1,151511
7290101812890,false,נקניקיות מרגז מצונן,,,נקניקיות מרגז מצונן 700 גר,גרמים,700.00,100 גרם,false,1,44.90,6.4143,true,1,151510
7290101812999,false,נקניק מיני סלמי פיין,,,נקניק מיני סלמי פיין 350 גר,גרמים,350.00,100 גרם,false,1,34.90,9.9714,true,1,155948
7290101863410,false,סיליט ספריי אקונומיק,,,סיליט ספריי אקונומיק,מיליליטרים,750.00,"100 מ""ל",false,1,12.90,1.7200,true,1,122346
7290101864127,false,ספריי וניש קליה 750,,,"ספריי ""וניש קליה"" 750 מל",מיליליטרים,750.00,"100 מ""ל",false,1,16.90,2.2533,true,1,122347
7290101865261,false,נוזל הברקה למדיח פינ,,,"נוזל הברקה למדיח ""פי",מיליליטרים,800.00,"100 מ""ל",false,1,19.90,2.4875,true,1,122348
7290101866633,false,גל מסיר כתמים וניש ק,,,"ג""ל מסיר כתמים ""וניש קליה "" 3ל",ליטרים,3.00,ליטר,false,1,29.90,9.9667,true,1,125470
7290101866787,false,נוזל להסרת כתמים קלי,,,"נוזל להסרת כתמים ""קליה לבן"" 3ל",ליטרים,3.00,ליטר,false,1,29.90,9.9667,true,1,125469
7290101869702,false,גל למדיח פיניש 600 מ,פיניש רקיט בנקיזר,,"גל למדיח פיניש 600 מ""ל",מיליליטרים,600.00,"100 מ""ל",false,1,29.90,4.9833,true,1,130965
7290101869719,false,גל למדיח פיניש לימון,פיניש רקיט בנקיזר,,"גל למדיח פיניש לימון 600 מ""ל",מיליליטרים,600.00,"100 מ""ל",false,1,29.90,4.9833,true,1,130966
7290101869788,false,פרשמטיק מילוי תלת מי,,,פרשמטיק מילוי תלת מימד אואזיס,Unknown,0.00,Unknown,false,1,14.90,0.0000,true,1,132771
7290101952121,false,מארז פטרוצאן עם שומן,,,מארז פטרוצאן עם שומן כבש 500 גר,גרמים,500.00,100 גרם,false,1,24.90,4.9800,true,1,156697
7290101952176,false,מארז קבנוס ציידים 20,,,מארז קבנוס ציידים 200 גר,גרמים,200.00,100 גרם,false,1,26.90,13.4500,true,1,172997
7290101952343,false,המבורגר מזרע מסעדות,,,המבורגר מזרע מסעדות 400 גר,גרמים,400.00,100 גרם,false,1,26.90,6.7250,true,1,143378
7290101952442,false,קבב מזרע רומני 600 ג,,,קבב מזרע רומני 600 גר,גרמים,600.00,100 גרם,false,1,38.90,6.4833,true,1,143381
7290101952657,false,נקניקיות פטרוצאן אמי,,,נקניקיות פטרוצן אמיתי קפוא 700 גר,גרמים,700.00,100 גרם,false,1,51.90,7.4143,true,1,143379
7290101980919,false,ביצי שוקולד עם הפתעה,,,שלישיית ביצי שוקולד,Unknown,0.00,Unknown,false,1,14.90,0.0000,true,1,122352
7290101985778,false,צמד ספריי נחש 16 מל,פאן טיים,,צמד ספריי נחש,מיליליטרים,16.00,"100 מ""ל",false,1,8.90,55.6250,true,1,134627
7290101998877,false,תותח קונפטי סמי הכבא,,,תותח קונפטי סמי הכבאי,Unknown,0.00,Unknown,false,1,9.90,0.0000,true,1,130956
7290101999591,false,נר גמבו כוכבים מיקי,סודי,,נר ג`מבו כוכבים מיקי,Unknown,0.00,Unknown,false,1,6.90,0.0000,true,1,134583
7290101999638,false,נרות מטה כוכבים הלו,סודי,,נרות מטה כוכבים הלו קיטי,Unknown,0.00,Unknown,false,1,6.90,0.0000,true,1,134594
7290102003822,false,נר גמבו מאויירים מיק,סודי,,נר ג`מבו מאויירים מיקי,Unknown,0.00,Unknown,false,1,6.90,0.0000,true,1,134587
7290102030330,false,חטיף תפוציפס קראנץ מ,STRAUSS-ISRAEL,,"תפוצ""יפס קראנץ מקסיק",גרמים,200.00,100 גרם,false,1,10.90,5.4500,true,1,122364
7290102031276,false,משקה יוגורט אקטימל ת,STRAUSS-ISRAEL,,שמיניית אקטימל תות ב,גרמים,864.00,100 גרם,false,1,19.90,2.3032,true,1,122365
7290102032334,false,קפה נמס בטעם וניל 20,STRAUSS-ISRAEL,,קפה נמס עלית בטעם ונ,גרמים,200.00,100 גרם,false,1,19.90,9.9500,true,1,122366
7290102060764,false,מברשות שיניים מרידול,,,"מברשת שיניים ""מרידול",Unknown,0.00,Unknown,false,10,34.90,0.0000,true,1,151396
7290102300822,false,גבינת צידר אנגלית כת,בפלו,,"גבינת ""צידר"" אנגלית כתומה 200 גר",גרמים,200.00,100 גרם,false,1,24.90,12.4500,true,1,125201
7290102300860,false,גבינת צידר אנגלית 20,בפלו,,"גבינת ""צידר"" אנגלית 200 גר",גרמים,200.00,100 גרם,false,1,24.90,12.4500,true,1,125200
7290102390427,false,יוגורט מולר תות 150,,,יוגורט מולר תות 150 מל,מיליליטרים,150.00,"100 מ""ל",false,1,4.90,3.2667,true,1,122376
7290102390465,false,יוגורט בטעם אפרסק ופ,,,"יוגורט ""מולר"" אפרסק",מיליליטרים,150.00,"100 מ""ל",false,1,4.90,3.2667,true,1,122377
7290102390489,false,יוגורט ביו בטעם לימו,,,"יוגורט ""מולר"" לימון",מיליליטרים,150.00,"100 מ""ל",false,1,4.90,3.2667,true,1,122378
7290102391844,false,יוגורט ביו פרופ בטעם,,,"יוגורט ""מולר"" פרי די",מיליליטרים,150.00,"100 מ""ל",false,1,4.90,3.2667,true,1,122381
7290102392049,false,תבור לאפיה 5%,,,תבור לאפיה 5% 500 גר,גרמים,500.00,100 גרם,false,1,24.90,4.9800,true,1,122382
7290102392094,false,חלב עיזים בקרטון 1 ל,,,חלב עיזים בקרטון 1 ל,מיליליטרים,1000.00,"100 מ""ל",false,1,15.90,1.5900,true,1,122383
7290102392254,false,חלב 1% בקרטון 2 ל,,,חלב 2 ליטר 1%,ליטרים,2.00,ליטר,false,1,11.72,5.8600,true,1,122384
7290102393039,false,יוגורט מיקס עם פצפוצ,,,יוגורט מיקס עם פצפוצי שוקולד מולר 150 גר,גרמים,150.00,100 גרם,false,1,5.90,3.9333,true,1,122389
7290102393060,false,יוגורט מיקס גלילי וו,,,"יוגורט ""מולר"" מיקס ק",גרמים,170.00,100 גרם,false,1,5.90,3.4706,true,1,122390
7290102393169,false,יוגורט סימפלי פרוט ת,,,"יוגורט ""מולר"" סימפלי",גרמים,150.00,100 גרם,false,1,5.50,3.6667,true,1,122392
7290102393176,false,יוגורט סימפלי פרוט א,,,"יוגורט ""מולר"" סימפלי",גרמים,150.00,100 גרם,false,1,5.50,3.6667,true,1,122393
7290102393190,false,יוגורט סימפלי פרוט פ,,,"יוגורט ""מולר"" סימפלי",גרמים,150.00,100 גרם,false,1,5.50,3.6667,true,1,122394
7290102393268,false,גבינה לבנה 5% טרה 7,,,"גבינה לבנה ""טרה"" 5%",גרמים,750.00,100 גרם,false,1,14.90,1.9867,true,1,122395
7290102393299,false,יוגורט עיזים לשתייה,,,יוגורט עיזים לשתייה,גרמים,500.00,100 גרם,false,1,12.90,2.5800,true,1,122396
7290102393848,false,יוגורט עיזים תות 150,,,יוגורט עיזים תות 150,גרמים,150.00,100 גרם,false,1,6.50,4.3333,true,1,122398
7290102393855,false,יוגורט עיזים אפרסק 1,,,יוגורט עיזים אפרסק 1,גרמים,150.00,100 גרם,false,1,6.50,4.3333,true,1,122399
7290102393947,false,מולר סימפלי פרוט בטע,,,מולר סימפלי פרוט בטע,גרמים,150.00,100 גרם,false,1,5.50,3.6667,true,1,122400
7290102394081,false,יוגורט מולר מיקס קרמ,,,יוגורט מולר מיקס קרמי קורנפלקס מצופה 170,גרמים,170.00,100 גרם,false,1,5.90,3.4706,true,1,122401
7290102394463,false,גבינה צהובה 28% פרוס,,,גבינה צהובה 28% פרוס 500 גרי,גרמים,500.00,100 גרם,false,1,29.90,5.9800,true,1,126539
7290102394821,false,גבינה צהובה נעם דק ד,,,גבינה צהובה דק דק 28,גרמים,200.00,100 גרם,false,1,16.90,8.4500,true,1,122405
7290102394845,false,גבינה צהובה אדם לייט,,,גבינה צהובה אדם לייט,גרמים,200.00,100 גרם,false,1,17.90,8.9500,true,1,122406
7290102395224,false,יוגורט ביו נטורל מול,,,"מאגדת שמיניית ""מולר"" נטורל 1.7%",גרמים,1200.00,100 גרם,false,1,18.90,1.5750,true,1,125828
7290102395231,false,יוגורט ביו נטורל 2.8,,,"מאגדת שמיניית ""מולר"" נטורל 2.8%",גרמים,1200.00,100 גרם,false,1,18.90,1.5750,true,1,125829
7290102395262,false,יוגורט תות ואפרסק 3%,,,מולר סימפלי פרוט מאג,גרמים,1200.00,100 גרם,false,1,29.90,2.4917,true,1,126035
7290102395439,false,יוגורט 3% פירות יער,,,מולר סימפלי פרוט מאגדת שמינייה,גרמים,1200.00,100 גרם,false,1,29.90,2.4917,true,1,126036
7290102395446,false,מעדן מו וניל עם קצפת,,,"מעדן ""מו"" וניל עם קצפת 142גר",גרמים,123.00,100 גרם,false,1,2.90,2.3577,true,1,125816
7290102395477,false,מעדן מו שוקולד עם קצ,,,"מעדן ""מו"" שוקולד עם קצפת 123 גר",גרמים,123.00,100 גרם,false,1,2.90,2.3577,true,1,125814
7290102395521,false,שמנת לבישול 15% 500,,,שמנת לבישול 15% 500מל,מיליליטרים,500.00,"100 מ""ל",false,1,16.90,3.3800,true,1,127626
7290102396399,false,מעדן שוקולד 100 גר ש,,,מעדן שוקולד100 גר שמינייה,גרמים,800.00,100 גרם,false,1,14.90,1.8625,true,1,128035
7290102396405,false,מעדן וניל 100 גר שמי,,,מעדן וניל 100 גר שמינייה,גרמים,800.00,100 גרם,false,1,14.90,1.8625,true,1,128036
7290102396580,false,מעדן מוו שוקולד ומוס,,,מעדן מוו שוקולד ומוס שוקולד 123 גר,גרמים,123.00,100 גרם,false,1,2.90,2.3577,true,1,128037
7290102396597,false,מעדן מוו וניל ומוס ש,,,מעדן מוו וניל ומוס שוקולד 123 גר,גרמים,123.00,100 גרם,false,1,2.90,2.3577,true,1,128038
7290102396665,true,גבינה נעם פרוסות 15%,,,גבינה נעם 15% 200 גר,גרמים,200.00,100 גרם,false,1,16.90,8.4500,true,1,130477
7290102396672,true,גבינה נעם 9% 360 גר,,,גבינה נעם 9% 360 גר,גרמים,360.00,100 גרם,false,1,27.90,7.7500,true,1,130478
7290102396719,false,יוגורט מולר סימפלי ת,,,יוגורט מולר סימפלי תות 0% 150גר,גרמים,150.00,100 גרם,false,1,5.50,3.6667,true,1,128682
7290102396726,false,יוגורט מולר סימפלי א,,,יוגורט מולר סימפלי אפרסק 0% 150גר,גרמים,150.00,100 גרם,false,1,4.90,3.2667,true,1,128683
7290102396740,false,יוגורט מולר סימפלי ת,,,יוגורט מולר סימפלי תות אפרסק 0% מארז,גרמים,1200.00,100 גרם,false,1,29.90,2.4917,true,1,128685
7290102397075,false,יוגורט טרה טבעי 4% ק,,,יוגורט טרה טבעי 4% קר 1.5ל,ליטרים,1.50,ליטר,false,1,15.90,10.6000,true,1,129715
7290102397204,true,גבינה נעם פרוסות 22%,,,גבינה נעם 22% 200 גר,גרמים,200.00,100 גרם,false,1,16.90,8.4500,true,1,130476
7290102397310,false,מיני מעדן מוו שוקולד,,,מיני מעדן מוו שוקולד קצפת 70 גר שמינייה,גרמים,560.00,100 גרם,false,1,13.90,2.4821,true,1,131661
7290102397334,false,גבינה בולגרית גלילית,,,בולגרית גלילית 5% בגביע 250 גר,גרמים,250.00,100 גרם,false,1,21.90,8.7600,true,1,131252
7290102397464,false,יוגורט מולר נטורל פק,מילקו,,יוגורט מולר נטורל פקאן גרעינים וחמוציות,גרמים,170.00,100 גרם,false,1,5.90,3.4706,true,1,136006
7290102397600,false,יוגורט מולר מיקס שקד,,,יוגורט מולר מיקס שקדים ובוטנים בקרמל,גרמים,170.00,100 גרם,false,1,5.90,3.4706,true,1,132758
7290102397617,false,יוגורט מולר מיקס קלי,,,יוגורט מולר מיקס קליק,גרמים,170.00,100 גרם,false,1,5.90,3.4706,true,1,132759
7290102397679,false,קוטג וחצי 5% 375 גר,,,קוטג וחצי 5% 375 גר,גרמים,375.00,100 גרם,false,1,8.50,2.2667,true,1,169750
7290102397730,false,גבינה אמנטל נעם 200,,,גבינה אמנטל נעם 200 גר,גרמים,200.00,100 גרם,false,1,18.90,9.4500,true,1,136602
7290102397747,false,גבינה מוצרלה נעם 200,,,גבינה מוצרלה נעם 200 גר,גרמים,200.00,100 גרם,false,1,19.90,9.9500,true,1,136601
7290102397891,false,גבינה מותכת צוריאל 1,מילקו,,גבינה מותכת צוריאל 100 גר,גרמים,100.00,100 גרם,false,1,7.90,7.9000,true,1,136007
7290102398065,false,חלב 3% בקרטון 2 ל,,,חלב 3% בקרטון 2 ליטר,ליטרים,2.00,ליטר,false,1,12.46,6.2300,true,1,137494
7290102398072,false,חלב בקרטון 3% מהדרין,,,חלב בקרטון 3% 1 ליטר,ליטרים,1.00,ליטר,false,1,6.23,6.2300,true,1,137493
7290102398331,false,חלב מועשר דל לקטוז 1,,,חלב מועשר דל לקטוז 1 ל,ליטרים,1.00,ליטר,false,1,7.90,7.9000,true,1,140368
7290102398553,false,שוקו טרה בקבוק 1.5 ל,,,שוקו טרה בקבוק 1.5 ל,ליטרים,1.50,ליטר,false,6,16.90,11.2667,true,1,155736
7290102398560,false,שוקו טרה מועשר בק 1,,,שוקו טרה מועשר בק 1 ל,ליטרים,1.00,ליטר,false,1,11.90,11.9000,true,1,143576
7290102398577,false,שוקו טרה מועשר בק 25,,,"שוקו טרה מועשר בק 250 מ""ל",מיליליטרים,250.00,"100 מ""ל",false,1,5.90,2.3600,true,1,143579
7290102398614,false,משקה חלב טרה בטעם בנ,,,משקה חלב טרה בטעם בננה בק 1 ל,ליטרים,1.00,ליטר,false,1,11.90,11.9000,true,1,143577
7290102398669,false,משקה אייס קפוצינו טר,,,משקה אייס קפוצינו טרה בק 1 ל,ליטרים,1.00,ליטר,false,1,11.90,11.9000,true,1,157205
7290102398805,false,משקה סויה בטעם וניל,,,משקה סויה בטעם וניל 1 ל,ליטרים,1.00,ליטר,false,1,10.90,10.9000,true,1,169751
7290102399048,false,גבינה קשקבל נעם פתיח,,,גבינה קשקבל נעם פתיחה חוזרת 200 גר,גרמים,200.00,100 גרם,false,1,22.90,11.4500,true,1,149689
7290102399635,false,יוגורט מולר פרופ קוק,,,יוגורט מולר פרופ קוקוס אננס 4.1%,מיליליטרים,150.00,"100 מ""ל",false,1,4.90,3.2667,true,1,157207
7290102399772,false,מולר ספרדבל ממרח חמא,,,מולר ספרדבל ממרח חמאה במליחות עדינה 250,גרמים,250.00,100 גרם,false,1,17.90,7.1600,true,1,158121
7290102399789,false,מולר ספרדבל ממרח חמא,,,מולר ספרדבל ממרח חמאה ללא מלח 250 גר,גרמים,250.00,100 גרם,false,1,17.90,7.1600,true,1,158122
7290102399796,false,יוגורט מולר אקטיב לב,,,יוגורט מולר אקטיב לבן מועשר 200 גר,גרמים,200.00,100 גרם,false,24,5.90,2.9500,true,1,155762
7290102399802,false,יוגורט מולר אקטיב תו,,,יוגורט מולר תות מועשר 200 גר,גרמים,200.00,100 גרם,false,24,5.90,2.9500,true,1,155754
7290102399819,false,יוגורט מולר אקטיב פי,,,יוגורט מולר פירות יער מועשר 200 גר,גרמים,200.00,100 גרם,false,24,5.90,2.9500,true,1,155760
7290102399857,false,מולר אקטיב יוגורט מו,,,מולר אקטיב יוגורט מועשר בחלבון תות 0%,גרמים,200.00,100 גרם,false,1,5.90,2.9500,true,1,158125
7290102601547,false,כפיות פרמיום שקוף/קר,,,כפיות פרמיום שקוף/קרם 50יח,Unknown,0.00,Unknown,false,1,8.90,0.0000,true,1,128761
7290103091460,false,דאו ספריי אדם בייסיק,,,דאו ספריי אדם בייסיק לגבר 200 מל,מיליליטרים,200.00,"100 מ""ל",false,12,13.80,6.9000,true,1,167813
7290103128739,false,מקלות אוזניים בלוס ל,SEPTONA,,מקלות אוזניים בלוס לתינוקות 50יח,יחידה,50.00,יחידה,false,1,6.90,0.1380,true,1,127995
7290103129378,false,דאודורנט גל ספיד סטי,,,ספיד סטיק גל X5,גרמים,85.00,100 גרם,false,1,18.90,22.2353,true,1,137044
7290103243302,false,עוגת שוקולד 450 גר,,,עוגת שוקולד 450 גר,גרמים,450.00,100 גרם,false,1,9.90,2.2000,true,1,135625
7290103243319,false,עוגה אנגלית 450 גר,,,עוגה אנגלית 450 גר,גרמים,450.00,100 גרם,false,1,9.90,2.2000,true,1,135626
7290103243326,false,עוגת שיש 450 גר,,,עוגת שיש 450 גר,גרמים,450.00,100 גרם,false,1,9.90,2.2000,true,1,135624
7290103243333,false,עוגת תפוז 450 גר,,,עוגת תפוז 450 גר,גרמים,450.00,100 גרם,false,1,9.90,2.2000,true,1,135623
7290103400255,false,סלט קולסלאו טעם הטבע,STRAUSS-ISRAEL,IL,סלט קולסלאו טעם הטבע 400 גר,גרמים,400.00,100 גרם,false,8,8.90,2.2250,true,1,144839
7290103401429,false,קפה נמס קצב ברזילאי,STRAUSS-ISRAEL,,"קפה ""קצב ברזילאי"" 20",גרמים,200.00,100 גרם,false,1,24.90,12.4500,true,1,122427
7290103404758,false,סלט כרוב 120 גר,STRAUSS-ISRAEL,,"סלט כרוב 120 גר""",גרמים,120.00,100 גרם,false,1,4.90,4.0833,true,1,122435
7290103408206,false,עלי חסה בקופסא טעם ה,שטראוס,IL,עלי חסה ערבית שטופים,גרמים,250.00,100 גרם,false,8,9.90,3.9600,true,1,122444
7290103681173,false,יין תבור הר קברנה סו,,,"יין תבור הר קברנה סוביניון 750 מ""ל",מיליליטרים,750.00,"100 מ""ל",false,1,35.90,4.7867,true,1,152244
7290103681180,false,יין תבור הר מרלו 750,,,"יין תבור הר מרלו 750 מ""ל",מיליליטרים,750.00,"100 מ""ל",false,1,35.90,4.7867,true,1,152242
7290103681210,false,יין תבור הר שרדונה 7,,,"יין תבור הר שרדונה 750 מ""ל",מיליליטרים,750.00,"100 מ""ל",false,1,35.90,4.7867,true,1,152245
7290103681227,false,יין תבור הר גוורצטרמ,,,"יין תבור הר גוורצטרמינר 750 מ""ל",מיליליטרים,750.00,"100 מ""ל",false,1,35.90,4.7867,true,1,152246
7290103681234,false,יין תבור הר רוזה 750,,,"יין תבור הר רוזה 750 מ""ל",מיליליטרים,750.00,"100 מ""ל",false,1,35.90,4.7867,true,1,152247
7290103681241,false,יין תבור הר מוסקטו 7,,,"יין תבור הר מוסקטו 750 מ""ל",מיליליטרים,750.00,"100 מ""ל",false,1,35.90,4.7867,true,1,152248
7290103681623,false,יין תבור הר מוסקטו ר,יקבי תבור,IL,"יין תבור הר מוסקטו רוזה 750 מ""ל",מיליליטרים,750.00,"100 מ""ל",false,12,35.90,4.7867,true,1,158050
7290103704681,false,שקיות קוקי גדולות טא,,,שקיות קוקי גדולות טאצ 10 יח,Unknown,0.00,Unknown,false,1,3.90,0.0000,true,1,170896
7290104061417,false,חומוס טחינה 400 גר,STRAUSS-ISRAEL,,חומוס טחינה 400 גר,גרמים,400.00,100 גרם,false,1,9.90,2.4750,true,1,122467
7290104061424,false,חומוס זעתר 400 גר,STRAUSS-ISRAEL,,חומוס זעתר 400 גר,גרמים,400.00,100 גרם,false,1,9.90,2.4750,true,1,122468
7290104061431,false,חומוס צנובר 400 גר,STRAUSS-ISRAEL,,חומוס צנובר 400 גר,גרמים,400.00,100 גרם,false,1,10.90,2.7250,true,1,122469
7290104061448,false,חומוס חריף 400 גר,STRAUSS-ISRAEL,,חומוס חריף 400 גר,גרמים,400.00,100 גרם,false,1,9.90,2.4750,true,1,122470
7290104064012,false,חטיף פסק זמן גוד 2 ל,SOLEN CIKOLATA GIDA,,חטיף פסק זמן גוד 2 לבן 36 גר,גרמים,36.00,100 גרם,false,20,4.90,13.6111,true,1,122473
7290104065187,false,קפה נמס בטעם מוקה 20,STRAUSS-ISRAEL,,קפה נמס בטעם מוקה 20,גרמים,200.00,100 גרם,false,1,21.90,10.9500,true,1,122474
7290104065934,false,עלי רוקט טעם הטבע 15,STRAUSS-ISRAEL,IL,עלי רוקט טעם הטבע 150 גר,גרמים,150.00,100 גרם,false,8,9.90,6.6000,true,1,144851
7290104067679,false,טחינה אחלה 400 גר,STRAUSS-ISRAEL,,טחינה אחלה 400 גרי,גרמים,400.00,100 גרם,false,1,10.90,2.7250,true,1,127094
7290104068539,false,מסטיק מאסט מלון ואבט,STRAUSS-ISRAEL,,מסטיק מאסט מלון ואבטיח 28 גר,גרמים,28.00,100 גרם,false,16,3.90,13.9286,true,1,122478
7290104068546,false,מסטיק מאסט בטעם קולה,STRAUSS-ISRAEL,,מסטיק מאסט בטעם קולה קרח ולימון 28 גר,גרמים,28.00,100 גרם,false,16,3.90,13.9286,true,1,122479
7290104500572,false,אפרופו איטליאנו 50 ג,אסם,,אפרופו איטליאנו 50 ג,גרמים,50.00,100 גרם,false,1,4.90,9.8000,true,1,122482
7290104501661,false,פודינג בטעם וניל צרפ,אסם,,פודינג בטעם וניל צרפ,גרמים,80.00,100 גרם,false,1,4.90,6.1250,true,1,122483
7290104504228,false,דובונים 20 גר חמישיי,אסם,,"דובונים 5 יח""*20 גר""",גרמים,100.00,100 גרם,false,1,11.90,11.9000,true,1,122487
7290104508202,false,גביעי גלידה אמריקאים,גילרו,,גביעי גלידה אמריקאים,גרמים,120.00,100 גרם,false,1,12.90,10.7500,true,1,122491
7290104508943,false,במבה כתומה 200 גר,אסם,,"במבה כתומה 200 גר""",גרמים,200.00,100 גרם,false,1,9.90,4.9500,true,1,122493
7290104570513,false,תמר מגהול 1 קג,פרי וירק טמרה ושותפי,,תמר מגהול 1קג,קילוגרמים,1.00,"ק""ג",false,1,15.90,15.9000,true,1,146968
7290104720499,false,דני וניל שטראוס 125,STRAUSS-ISRAEL,,מארז דני וניל 20% הנ,מיליליטרים,1000.00,"100 מ""ל",false,1,14.90,1.4900,true,1,122495
7290104722530,false,חטיף תפוציפס שמנת בצ,STRAUSS-ISRAEL,,"תפוצ""יפס שמנת בצל 20",גרמים,200.00,100 גרם,false,1,10.90,5.4500,true,1,122500
7290104726262,false,דני לשתייה שוקולד רב,STRAUSS-ISRAEL,,דני שלוק 4 שוקולד דיסני V1,גרמים,500.00,100 גרם,false,1,10.90,2.1800,true,1,122504
7290104726712,false,מעדן מילקי שוקולד עם,STRAUSS-ISRAEL,,מעדן מילקי מארז שמיניה,גרמים,1064.00,100 גרם,false,1,19.90,1.8703,true,1,126061
7290104728310,false,שמנת עמידה לקצפת 38%,STRAUSS-ISRAEL,,שמנת עמידה לקצפת 38%,מיליליטרים,250.00,"100 מ""ל",false,1,6.47,2.5880,true,1,122510
7290104729003,false,שמן זית כתית מעולה 7,STRAUSS-ISRAEL,,שמן זית כתית מעולה 750 מל,מיליליטרים,750.00,"100 מ""ל",false,1,31.90,4.2533,true,1,122512
7290104960253,false,תחליב רחצה נקה 7 סגו,נקה 7,,"תחליב רחצה נקה 7 סגול לבנדר 750 מ""ל",מיליליטרים,750.00,"100 מ""ל",false,1,11.90,1.5867,true,1,130774
7290104960338,false,תחליב רחצה נקה 7 ירו,נקה 7,,"תחליב רחצה נקה 7 ירוק אלוורה 750 מ""ל",מיליליטרים,750.00,"100 מ""ל",false,1,11.90,1.5867,true,1,130771
7290104960970,false,דאו טיטניום תרסיס מט,,,"דאו טיטניום תרסיס מטאל 180 מ""ל",מיליליטרים,180.00,"100 מ""ל",false,1,14.90,8.2778,true,1,132029
7290104961205,false,תחליב רחצה נקה 7 מלפ,נקה 7,,"תחליב רחצה נקה 7 מלפפון ליים 750 מ""ל",מיליליטרים,750.00,"100 מ""ל",false,1,11.90,1.5867,true,1,130776
7290104961526,false,דאו טיטניום ספריי קל,,,"דאו טיטניום ספריי קלאסי 150 מ""ל",מיליליטרים,150.00,"100 מ""ל",false,1,9.90,6.6000,true,1,132028
7290104961540,false,דאו טיטניום ספריי מט,,,"דאו טיטניום ספריי מטאל 150 מ""ל",מיליליטרים,150.00,"100 מ""ל",false,1,9.90,6.6000,true,1,132027
7290104961878,false,שמפו נטורל קרטין אינ,,,"שמפו ""נטורל קרטין אינטנס"" 400 מל",מיליליטרים,400.00,"100 מ""ל",false,1,29.90,7.4750,true,1,125961
7290104961885,false,מרכך קרטין לשיער שעב,,,"מרכך ""נטורל קרטין אינטנס"" 400 מל",מיליליטרים,400.00,"100 מ""ל",false,1,29.90,7.4750,true,1,125962
7290104962660,false,דאו קרליין נושם ספרי,,,"דאו קרליין נושם ספריי 0% 200 מ""ל",מיליליטרים,200.00,"100 מ""ל",false,1,9.90,4.9500,true,1,132022
7290104962684,false,דאו קרליין נושם רול,,,"דאו קרליין נושם רול און 0% 75 מ""ל",מיליליטרים,75.00,"100 מ""ל",false,1,9.90,13.2000,true,1,132021
7290105360335,false,קפסולות קפה עדין וקט,STRAUSS-ISRAEL,,קפסולות למכונת אספרסו בטעם אספרסו 50 גר,גרמים,50.00,100 גרם,false,1,15.90,31.8000,true,1,125872
7290105360878,false,חטיף תפוציפס טבעי רב,STRAUSS-ISRAEL,,תפוציפס טבעי 50גר מארז רביעייה,גרמים,200.00,100 גרם,false,1,11.90,5.9500,true,1,128119
7290105362339,false,שמנת יטבתה לבישול 25,STRAUSS-ISRAEL,,"שמנת ""יטבתה"" לבישול",מיליליטרים,250.00,"100 מ""ל",false,1,7.90,3.1600,true,1,122516
7290105363602,false,חטיף כיף כף מקלות קל,SOLEN CIKOLATA GIDA,,שוקולד כיף כף מקלות קלאסי 42 גר,גרמים,40.00,100 גרם,false,1,4.90,12.2500,true,1,125679
7290105364289,false,חטיף כיף כף מקלות פצ,SOLEN CIKOLATA GIDA,,שוקולד כיף כף מקלות פצפוצים 42 גר,גרמים,40.00,100 גרם,false,1,4.90,12.2500,true,1,125680
7290105364302,false,חטיף כיף כף מקלות אג,,,שוקולד כיף כף מקלות אגוזים 42 גר,גרמים,42.00,100 גרם,false,1,4.90,11.6667,true,1,125678
7290105364678,false,משקה אקטיביה בטעם אפ,STRAUSS-ISRAEL,,משקה אקטיביה בטעם אפ,גרמים,265.00,100 גרם,false,1,4.90,1.8491,true,1,122519
7290105366023,false,חצילים בטעם כבד אחלה,STRAUSS-ISRAEL,,"סלט ""אחלה"" חציל בטעם",גרמים,400.00,100 גרם,false,1,14.90,3.7250,true,1,122520
7290105366993,false,גבינת סימפוניה פלפל,STRAUSS-ISRAEL,,"גבינת ""סימפוניה"" פלפל שיפקה חריף 200 גר",גרמים,200.00,100 גרם,false,1,10.90,5.4500,true,1,127132
7290105368331,false,מילקי תות 133 גר,STRAUSS-ISRAEL,,"מילקי תות 170 מ""ל",גרמים,133.00,100 גרם,false,1,2.90,2.1805,true,1,125218
7290105368904,false,שמנת מתוקה 32% 258 ג,STRAUSS-ISRAEL,,שמנת מתוקה 32% 258 גר,גרמים,258.00,100 גרם,false,1,6.90,2.6744,true,1,125471
7290105368928,false,שמנת %9 יטבתה 200 מל,STRAUSS-ISRAEL,,"שמנת ""יטבתה"" 9% 200מ",מיליליטרים,200.00,"100 מ""ל",false,1,2.90,1.4500,true,1,122524
7290105369130,false,גבינת קרם סימפוניה ע,STRAUSS-ISRAEL,,"גבינת קרם ""סימפוניה"" עם בצל ירוק 5% 200",גרמים,200.00,100 גרם,false,1,10.90,5.4500,true,1,125879
7290105369451,false,חטיף ציטוס דולפינים,STRAUSS-ISRAEL,,"חטיף ""צ""יטוס"" דולפינ",גרמים,55.00,100 גרם,false,1,3.40,6.1818,true,1,122527
7290105434050,false,דאודורנט גל 24/7 ספי,Colgate - USA,,דאודורנט גל 24/7 ספיד סטיק 85 גר,Unknown,0.00,Unknown,false,1,18.90,0.0000,true,1,171816
7290105434067,false,דאודורנט גל 24/7 ספי,Colgate - USA,,דאודורנט גל 24/7 ספיד סטיק 85 גר,Unknown,0.00,Unknown,false,1,18.90,0.0000,true,1,171817
7290105438539,false,נייר אפייה קוקי 40 י,,,נייר אפייה קוקי 40 יח,Unknown,0.00,Unknown,false,1,9.90,0.0000,true,1,155519
7290105439499,false,מיונז מאסטר שף הולנד,REMIA,,מיונז מאסטר שף הולנדי 481 גר,גרמים,483.00,100 גרם,false,1,10.90,2.2567,true,1,131509
7290105439505,false,מיונז מאסטר שף לייט,REMIA,,מיונז מאסטר שף לייט 479 גר,גרמים,521.00,100 גרם,false,1,9.90,1.9002,true,1,134092
7290105439581,false,חרדל דיזון מאסטר שף,Covinor sas,,חרדל דיזון מאסטר שף 370 גר,גרמים,370.00,100 גרם,false,1,9.90,2.6757,true,1,131510
7290105475787,false,מעדני לה קט נתחונים,,,מעדני לה קט נתחונים בגלי 3*40,גרמים,1200.00,100 גרם,false,1,23.90,1.9917,true,1,131480
7290105500151,false,וודקה פינלנדיה 700 מ,,,"וודקה ""פינלנדיה"" 0.7 ל",מיליליטרים,700.00,"100 מ""ל",false,1,54.90,7.8429,true,1,125524
7290105500236,false,ויסקי גק דניאלס 700,בראון,,ויסקי גק דניאלס 700 מל,מיליליטרים,700.00,"100 מ""ל",false,6,109.90,15.7000,true,1,125866
7290105500748,false,ויסקי פיימוס גראוס 7,,,"וויסקי ""פיימוס גראוס"" 700 מל",מיליליטרים,700.00,"100 מ""ל",false,1,79.90,11.4143,true,1,126877
7290105500953,false,ויסקי גיק דניאלס דבש,,,וויסקי גיק דניאלס דבש 700מל,מיליליטרים,700.00,"100 מ""ל",false,1,109.90,15.7000,true,1,127484
7290105691248,false,חטיפי טורטייה תירס 6,פרח תעשיות,,חטיפי טורטייה בטעם ת,גרמים,60.00,100 גרם,false,1,6.90,11.5000,true,1,122534
7290105691712,false,עוגיות הפסקת קפה 230,אסם,,עוגיות הפסקת קפה 230,גרמים,230.00,100 גרם,false,1,9.90,4.3043,true,1,122536
7290105691934,false,קמח שמרים 1 קג,תחנת קמח המפרץ,,קמח שמרים 1 קג,קילוגרמים,1.00,"ק""ג",false,1,8.90,8.9000,true,1,125375
7290105693341,false,במבה 25 גר עשירייה,אסם,,במבה אריזת עשירייה,גרמים,250.00,100 גרם,false,1,15.90,6.3600,true,1,127136
7290105693952,false,פירורי לחם זהב עם שו,עינת,,פירורית זהב עם שומשום 200 גר,גרמים,200.00,100 גרם,false,1,5.90,2.9500,true,1,125133
7290105694614,false,ספגטי אסם מהיר הכנה,זארה,,"ספגטי ""אסם"" מהיר הכנה 500 גר",גרמים,500.00,100 גרם,false,1,6.90,1.3800,true,1,125414
7290105695024,false,פתיתים אפויים אורז ע,אסם,,פתיתים אפויים אורז עם אטריות 500 גר,גרמים,500.00,100 גרם,false,1,7.90,1.5800,true,1,125724
7290105695321,false,עוגת בראוניס פאדג 38,אסם,,עוגת בראוניס פאדג 380 גר,גרמים,380.00,100 גרם,false,1,15.90,4.1842,true,1,125743
7290105695895,false,עוגת הבית דמקה בטעם,אסם,,עוגת הבית דמקה בטעם דבש 320 גר,גרמים,320.00,100 גרם,false,1,12.90,4.0313,true,1,125457
7290105962331,false,סחוג חריף מאוד 220 ג,"זהבי הכרם בועז בע""מ-",,סחוג חריף מאוד 220 גר,גרמים,220.00,100 גרם,false,1,11.90,5.4091,true,1,125676
7290105962980,false,כרוב אדום אחלה 400 ג,STRAUSS-ISRAEL,,"כרוב אדום ""אחלה"" 400 גר",גרמים,400.00,100 גרם,false,1,10.90,2.7250,true,1,125221
7290105962997,false,חצילים במיונז אחלה 4,STRAUSS-ISRAEL,,"חצילים במיונז ""אחלה"" 400 גר",גרמים,400.00,100 גרם,false,1,10.90,2.7250,true,1,125220
7290105963000,false,מטבוחה אחלה 400 גר,STRAUSS-ISRAEL,,"מטבוחה ""אחלה"" 400 גר",גרמים,400.00,100 גרם,false,1,10.90,2.7250,true,1,125219
7290105964564,false,חומוס אחלה 400 גר,,,חומוס אחלה 400 גר,גרמים,400.00,100 גרם,false,1,7.90,1.9750,true,1,125518
7290105965738,false,יוגורט דנונה לשתייה,STRAUSS-ISRAEL,,יוגורט דנונה לשתייה תות בננה 267מל,מיליליטרים,267.00,"100 מ""ל",false,1,5.00,1.8727,true,1,127545
7290105966469,false,חומץ בלסמי יד מרדכי,ACATAIA GIUSEPPE CRE,,"חומץ בלסמי ""יד מרדכי"" 250 מל",מיליליטרים,250.00,"100 מ""ל",false,1,14.90,5.9600,true,1,126116
7290105968777,false,פריכיות אנרגי תחתית,STRAUSS-ISRAEL,,"פריכיות ""אנרגי"" תחתית שוקולד מריר 70 גר",גרמים,70.00,100 גרם,false,1,7.90,11.2857,true,1,126228
7290106520066,false,גלילי וופל רבע לשבע,הגביע מוצרי וופלים ב,,"גלילי וופל ""רבע לשבע"" בציפוי שוקולד במיל",גרמים,160.00,100 גרם,false,1,9.90,6.1875,true,1,125681
7290106520288,false,יוגורט דנונה פרו בטע,STRAUSS-ISRAEL,,יוגורט דנונה פרו בטעם תות 150 גר,גרמים,150.00,100 גרם,false,1,4.60,3.0667,true,1,131539
7290106520912,false,שמנת לבישול יטבתה 9%,STRAUSS-ISRAEL,,"שמנת לבישול ""יטבתה"" 9%",מיליליטרים,250.00,"100 מ""ל",false,1,7.90,3.1600,true,1,126229
7290106521049,false,קוביות סלק אחלה 400,STRAUSS-ISRAEL,,"קוביות סלק ""אחלה"" 400 גר",גרמים,400.00,100 גרם,false,1,14.90,3.7250,true,1,126968
7290106521926,false,קפה טורקי קלוי וטחון,,,קפה טורקי עלית 150 גר,גרמים,150.00,100 גרם,false,35,10.90,7.2667,true,1,157295
7290106524439,false,חטיף תפוציפס פופס 60,,,חטיף תפוציפס פופס 60 גר,גרמים,60.00,100 גרם,false,1,3.90,6.5000,true,1,140015
7290106525320,false,שוקולית עלית לאפיה 5,STRAUSS-ISRAEL,,שוקולית עלית לאפיה 500גר,גרמים,500.00,100 גרם,false,1,14.90,2.9800,true,1,128289
7290106525399,false,קפסולות קפה ברזיל 50,,,קפסולות קפה עלית ברזיל 06 למכונת נספרסו,גרמים,50.00,100 גרם,false,1,15.90,31.8000,true,1,132471
7290106526822,false,פריכיות אנרגי תחתית,STRAUSS-ISRAEL,,פריכיות אנרגי תחתית שוקולד חלב 80 גר,גרמים,80.00,100 גרם,false,1,7.90,9.8750,true,1,127258
7290106528567,false,חטיף דוריטוס גריל 18,STRAUSS-ISRAEL,,חטיף דוריטוס גריל 185 גר,גרמים,185.00,100 גרם,false,1,6.90,3.7297,true,1,131912
7290106528628,false,חטיף דוריטוס דיפאס ט,STRAUSS-ISRAEL,,חטיף דוריטוס טבעי 185 גר,גרמים,185.00,100 גרם,false,12,6.90,3.7297,true,1,131913
7290106528949,false,סלט ערוגות טעם הטבע,STRAUSS-ISRAEL,IL,סלט ערוגות טעם הטבע 450 גר,גרמים,450.00,100 גרם,false,8,11.90,2.6444,true,1,144836
7290106571921,false,עוגיות אסם חמוציות 1,אסם,,עוגיות אסם חמוציות 180גר,גרמים,180.00,100 גרם,false,1,10.90,6.0556,true,1,127840
7290106572027,false,לחמית קרקר חמישה דגנ,אסם,,לחמית קרקר חמישה דגנים 190 גר,גרמים,190.00,100 גרם,false,1,8.90,4.6842,true,1,125723
7290106572959,false,אפרופו 25 גר חמישייה,אסם,,אפרופו מארז חמישייה,גרמים,125.00,100 גרם,false,1,11.90,9.5200,true,1,126195
7290106573277,false,קרקר קריספי טאפאס זי,אסם,,"קרקר ""קריספי"" טאפאס זיתים 150 גר",גרמים,150.00,100 גרם,false,1,10.90,7.2667,true,1,127023
7290106573314,false,קרקר קריספי טאפאס פי,אסם,,"קרקר ""קריספי"" טאפאס פיזורים 150 גר",גרמים,150.00,100 גרם,false,1,10.90,7.2667,true,1,127025
7290106573628,false,חומוס צבר עם טחינה 4,צבר,,"חומוס ""צבר"" עם טחינה 400 גר",גרמים,400.00,100 גרם,false,1,11.90,2.9750,true,1,126508
7290106574953,false,בייגלה שטוחים שומשום,אסם,,בייגלה שטוחים שומשום 300 גר,גרמים,300.00,100 גרם,false,1,9.90,3.3000,true,1,126941
7290106574977,false,בייגלה שטוחים עם מלח,אסם,,בייגלה שטוחים עם מלח 300 גר,גרמים,300.00,100 גרם,false,1,9.90,3.3000,true,1,126943
7290106576537,false,חומוס מסעדה צבר 700,צבר,,"חומוס מסעדה ""צבר"" 700 גר",גרמים,700.00,100 גרם,false,1,10.90,1.5571,true,1,126940
7290106576797,false,לה קרמריה וניל איטלק,,,לה קרמריה וניל איטלקי 1.4ל,ליטרים,1.40,ליטר,false,1,19.90,14.2143,true,1,128095
7290106576834,false,לה קרמריה וניל פונטש,,,לה קרמריה וניל פונטש בננה,גרמים,700.00,100 גרם,false,1,19.90,2.8429,true,1,128101
7290106576858,false,לה קרמריה תותים בשמנ,,,לה קרמריה תותים בשמנת,ליטרים,1.40,ליטר,false,1,19.90,14.2143,true,1,128098
7290106576919,false,לה קרמריה סורבה תות,,,לה קרמריה סורבה תות לימון,גרמים,840.00,100 גרם,false,1,19.90,2.3690,true,1,128104
7290106576957,false,לה קרמריה שוקו וניל,,,לה קרמריה שוקו וניל פליק פרווה,ליטרים,1.40,ליטר,false,1,19.90,14.2143,true,1,128105
7290106576971,false,לה קרמריה שוקולד בלג,,,לה קרמריה שוקולד בלגי,ליטרים,1.40,ליטר,false,1,19.90,14.2143,true,1,128097
7290106576995,false,לה קרמריה לייט סורבה,,,לה קרמריה לייט סורבה תות מנגו,ליטרים,1.40,ליטר,false,1,19.90,14.2143,true,1,128102
7290106577039,false,לה קרמריה שוקו וניל,,,לה קרמריה שוקו וניל פליק,ליטרים,1.40,ליטר,false,1,19.90,14.2143,true,1,128099
7290106577282,false,טחינה צבר 400 גר,צבר,,"טחינה ""צבר"" 400 גר",גרמים,400.00,100 גרם,false,1,11.90,2.9750,true,1,127028
7290106577527,false,כרוב קולסלאו צבר 400,צבר,,"כרוב קולסלאו ""צבר"" 400 גר",גרמים,400.00,100 גרם,false,1,11.90,2.9750,true,1,127033
7290106577541,false,כרוב אדום צבר 400 גר,צבר,,"כרוב אדום ""צבר"" 400 גר",גרמים,400.00,100 גרם,false,1,11.90,2.9750,true,1,127032
7290106577572,false,מטבוחה צבר 400 גר,צבר,,מטבוחה צבר 400 גר,גרמים,400.00,100 גרם,false,1,12.90,3.2250,true,1,127027
7290106578241,false,חטיף דובונים 100 גר,אסם,,"חטיף ""דובונים"" 100 גר",גרמים,10000.00,100 גרם,false,1,8.90,0.0890,true,1,127101
7290106578692,false,חטיף ביסלי במבה מיקס,,,חטיף ביסלי במבה מיקס 80גר,גרמים,80.00,100 גרם,false,1,4.90,6.1250,true,1,127601
7290106578821,false,עוגת הבית שמרים טעם,אסם,,עוגת הבית שמרים טעם שוקולד 350 גר,גרמים,350.00,100 גרם,false,1,15.90,4.5429,true,1,127145
7290106652996,false,חטיף כיף כף מקלות קו,,,חטיף כיף כף מקלות קוקוס 40 גר,גרמים,40.00,100 גרם,false,1,4.90,12.2500,true,1,173811
7290106653689,false,לקט לסלט אסייתי טעם,שטראוס,IL,לקט לסלט אסייתי טעם הטבע 350 גר,גרמים,350.00,100 גרם,false,8,9.90,2.8286,true,1,144841
7290106654099,false,עוגת מילקי קרם חלב 2,STRAUSS-ISRAEL,,עוגת מילקי קרם חלב 272 גר שמינייה,גרמים,272.00,100 גרם,false,1,19.90,7.3162,true,1,131538
7290106662025,false,חטיף תפוציפס מלח פלפ,,,חטיף תפוציפס טבעי מלח פלפל 50 גר,גרמים,50.00,100 גרם,false,1,3.90,7.8000,true,1,153893
7290106663183,false,חטיף ציטוס גבינה 65,,,חטיף ציטוס גבינה 65 גר,גרמים,65.00,100 גרם,false,1,4.30,6.6154,true,1,136266
7290106664555,false,רוטב שמנת יטבתה עגבנ,STRAUSS-ISRAEL,,"רוטב שמנת יטבתה עגבניות 9% 250 מ""ל",מיליליטרים,250.00,"100 מ""ל",false,1,10.90,4.3600,true,1,130893
7290106664562,false,רוטב שמנת יטבתה פטרי,STRAUSS-ISRAEL,,רוטב שמנת יטבתה פטריות 250מל,גרמים,250.00,100 גרם,false,1,10.90,4.3600,true,1,129553
7290106666788,false,סוכריות דבש ממולאות,,,סוכריות עלית ממולאות בטעם דבש 80 גר,גרמים,80.00,100 גרם,false,1,4.90,6.1250,true,1,129982
7290106667266,false,חטיף דוריטוס חמוץ חר,STRAUSS-ISRAEL,,חטיף דוריטוס חמוץ חריף 185 גר,גרמים,185.00,100 גרם,false,1,6.90,3.7297,true,1,131911
7290106668577,false,מיץ לימון טבעי יד מר,,,"מיץ לימון יד מרדכי טבעי 250 מ""ל",מיליליטרים,250.00,"100 מ""ל",false,1,7.90,3.1600,true,1,130254
7290106669857,false,קפסולות קפה בטעם וני,,,קפסולות עלית אספרסו בטעם וניל 50 גר,גרמים,50.00,100 גרם,false,1,15.90,31.8000,true,1,135767
7290106721807,false,סלט חציל פיקנטי אחלה,STRAUSS-ISRAEL,,סלט חציל פיקנטי אחלה 400 גר,גרמים,400.00,100 גרם,false,1,10.90,2.7250,true,1,129288
7290106721913,false,מסטיק מאסט בטעם מנטה,,,מסטיק מאסט בטעם מנטה 66 גר,גרמים,66.00,100 גרם,false,12,9.90,15.0000,true,1,129985
7290106721920,false,מסטיק מאסט מנטה עדינ,,,מסטיק מאסט מנטה עדינה 66 גר,גרמים,66.00,100 גרם,false,12,9.90,15.0000,true,1,129984
7290106723689,false,עלי תרד בייבי טעם הט,STRAUSS-ISRAEL,IL,עלי תרד בייבי טעם הטבע 200 גר,גרמים,200.00,100 גרם,false,8,9.90,4.9500,true,1,144852
7290106725867,false,סירופ מייפל טבעי יד,STRAUSS-ISRAEL,,"סירופ מייפל יד מרדכי טבעי 189 מ""ל",מיליליטרים,189.00,"100 מ""ל",false,1,29.90,15.8201,true,1,131099
7290106725874,false,סירופ מייפל טבעי יד,STRAUSS-ISRAEL,,"סירופ מייפל יד מרדכי טבעי 236 מ""ל",מיליליטרים,236.00,"100 מ""ל",false,1,39.90,16.9068,true,1,131100
7290106726178,false,יוגורט דנונה פרו פיר,STRAUSS-ISRAEL,,יוגורט דנונה פרו פירות יער 150 גר,גרמים,150.00,100 גרם,false,1,4.60,3.0667,true,1,131075
7290106727984,false,חטיף ביסקוויט כיף כף,,,"חטיפי ביסקוויט ""כיף כף"" פצפצים 135 גר",גרמים,135.00,100 גרם,false,1,9.90,7.3333,true,1,133227
7290107280013,false,מגבונים לחים ליטופים,,,מגבונים לחים ליטופים לא מבושם חמישייה,מיליליטרים,1500.00,"100 מ""ל",false,1,17.90,1.1933,true,1,169351
7290107280020,false,מטליות לחות לניקוי כ,,,מגבונים לחים סנו סושי לניקוי כללי שלישיה,Unknown,0.00,Unknown,false,1,16.90,0.0000,true,1,127290
7290107280341,false,מטליות לחות לניקוי,סנו,IL,ריצפז מטליות לחות מלון מפנק,Unknown,0.00,Unknown,false,12,9.90,0.0000,true,1,155604
7290107280563,false,מסיר כתמים סנו אוקסי,,,מסיר כתמים סנו אוקסיגין בייבי 3ל,ליטרים,3.00,ליטר,false,1,26.90,8.9667,true,1,128508
7290107280570,false,גיל כביסה מקסימה לכב,,,גיל כביסה סנו מקסימה לכביסה צבעונית 3ל,ליטרים,3.00,ליטר,false,1,28.90,9.6333,true,1,128507
7290107280587,false,סבון אסלה סנובון פרח,,,סבון אסלה סנובון דאבל אקשן פרחים ורודים,גרמים,165.00,100 גרם,false,1,11.90,7.2121,true,1,130261
7290107280716,false,מלח למדיח סנו ספארק,,,מלח למדיח סנו ספארק 2 קג,קילוגרמים,2.00,"ק""ג",false,1,9.90,4.9500,true,1,129706
7290107280761,false,נוזל כלים ספארק לימו,,,נוזל כלים ספארק לימון משאבה 1ל,ליטרים,1.00,ליטר,false,12,9.90,9.9000,true,1,129077
7290107645584,false,מרק קנור עוף אמיתי ט,,,מרק קנור עוף אמיתי טבעי 400 גר,גרמים,400.00,100 גרם,false,1,21.90,5.4750,true,1,141367
7290107646062,false,מרק קנור בצל אמיתי ט,,,מרק קנור בצל אמיתי טבעי 400 גר,גרמים,400.00,100 גרם,false,1,19.90,4.9750,true,1,141369
7290107646147,false,חטיף תלמה שוגי קורנפ,,,חטיף תלמה שוגי קורנפלקס 156 גר שישייה,גרמים,156.00,100 גרם,false,1,11.90,7.6282,true,1,141361
7290107646154,false,חטיף תלמה קוקומן שוק,,,חטיף תלמה קוקומן שוקו 126 גר שישייה,גרמים,126.00,100 גרם,false,1,11.90,9.4444,true,1,141362
7290107646826,false,חטיף תלמה שוגי שוקו,,,חטיף תלמה שוגי שוקו 156 גר שישייה,גרמים,156.00,100 גרם,false,1,11.90,7.6282,true,1,141363
7290107646925,false,דגני בוקר ברנפלקס אק,מולינו - איטליה,,דגני בוקר ברנפלקס אקסטרה פייבר 410 גר,גרמים,410.00,100 גרם,false,1,21.90,5.3415,true,1,139488
7290107647366,false,סבון אסלה דומסטוס בנ,,,סבון אסלה דומסטוס בניחוח ליים 3 יח,Unknown,0.00,Unknown,false,1,14.90,0.0000,true,1,140363
7290107647731,false,דגני בוקר קוקומן חום,אתר שפע,,דגני בוקר קוקומן חום לבן בדצ 375 גר,גרמים,375.00,100 גרם,false,1,15.90,4.2400,true,1,138368
7290107647816,false,ברנפלקס ללא סוכר 500,אתר שפע,,ברנפלקס ללא סוכר 500,גרמים,500.00,100 גרם,false,1,19.90,3.9800,true,1,139801
7290107647823,false,ברנפלקס 500 גר בדצ,אתר שפע,,"ברנפלקס 500 ג""ר בד""צ",גרמים,500.00,100 גרם,false,1,19.90,3.9800,true,1,139800
7290107647854,false,שוגי בדצ 500 גר,אתר שפע,,שוגי בדצ 500 גר,גרמים,500.00,100 גרם,false,1,15.90,3.1800,true,1,138372
7290107648943,false,ברנפלקס קרנצים מייפל,יוניליוור,IL,ברנפלקס קרנצים מייפל 375 גר,גרמים,375.00,100 גרם,false,12,19.90,5.3067,true,1,142557
7290107648981,false,רוטב לפסטה קנור פומו,,,רוטב לפסטה קנור פומודורו 415 גר,גרמים,415.00,100 גרם,false,1,12.90,3.1084,true,1,141366
7290107649605,false,טבלת שוקולד קליק קור,אתר צפת טבלאות ותעשי,,טבלת שוקולד קליק קורנפלקס 85 גר,גרמים,85.00,100 גרם,false,1,5.90,6.9412,true,1,142224
7290107649858,false,טילון מגנום לבן,,,טילון מגנום לבן,Unknown,0.00,Unknown,false,20,9.90,0.0000,true,1,162515
7290107871990,false,"פסטה צינורות 500 ג""ר",זארה,,"פסטה צינורות 500 ג""ר",גרמים,500.00,100 גרם,false,1,5.90,1.1800,true,1,128262
7290107874502,false,ביסלי אסם גריל 55 גר,אסם,,ביסלי אסם גריל 55גר מארז רביעייה,גרמים,220.00,100 גרם,false,1,11.90,5.4091,true,1,145450
7290107875271,false,ביסלי אסם ברביקיו 55,,,ביסלי אסם ברביקיו 55 גר מארז רביעייה,גרמים,220.00,100 גרם,false,1,11.90,5.4091,true,1,132304
7290107875400,false,לה קרמריה מוקה פיסטו,,,לה קרמריה מוקה פיסטוק 1.4ל,ליטרים,1.40,ליטר,false,1,19.90,14.2143,true,1,129137
7290107877619,false,במבה אסם נוגט 30גר 5,אסם,,במבה אסם נוגט 30גר 5 יח,גרמים,150.00,100 גרם,false,1,12.90,8.6000,true,1,130897
7290107879521,false,גלידה לה פרוטה תות 5,,,גלידה לה פרוטה תות 5 יח,גרמים,350.00,100 גרם,false,1,24.90,7.1143,true,1,132086
7290107879569,false,גלידה לה פרוטה מנגו,,,גלידה לה פרוטה מנגו 5 יח,גרמים,350.00,100 גרם,false,1,24.90,7.1143,true,1,132087
7290107930321,false,קונפיטורת דובדבן יד,STRAUSS-ISRAEL,,קונפיטורה יד מרדכי דובדבן 340 גר,גרמים,340.00,100 גרם,false,1,12.90,3.7941,true,1,130645
7290107932080,false,חלב יטבתה מעושר 3% ב,STRAUSS-ISRAEL,,חלב יטבתה מעושר 3% בק 1 ל,ליטרים,1.00,ליטר,false,1,6.90,6.9000,true,1,131069
7290107932134,false,חלב יטבתה מעושר 1% ב,STRAUSS-ISRAEL,,חלב יטבתה מעושר 1% בק 1 ל,ליטרים,1.00,ליטר,false,1,6.90,6.9000,true,1,131070
7290107933155,false,לקט סלנובה טעם הטבע,STRAUSS-ISRAEL,IL,לקט סלנובה טעם הטבע 200 גר,גרמים,200.00,100 גרם,false,8,13.90,6.9500,true,1,144853
7290107933193,false,סלק מבושל 500 גר,STRAUSS-ISRAEL,,סלק מבושל 500 גר,גרמים,500.00,100 גרם,false,1,8.90,1.7800,true,1,131934
7290107934473,false,יוגורט אקטיביה 1.5%,STRAUSS-ISRAEL,,"יוגורט ""אקטיביה"" 1.5% 150 גר שמינייה",גרמים,1200.00,100 גרם,false,1,19.90,1.6583,true,1,130783
7290107936309,false,יוגורט דנונה יווני ל,,,יוגורט דנונה יווני לבן 130 גר,גרמים,130.00,100 גרם,false,1,3.50,2.6923,true,1,134037
7290107936958,false,ביסקוויט עד חצות אצב,STRAUSS-ISRAEL,,ביסקוויט עד חצות אצבעות 125 גר,גרמים,125.00,100 גרם,false,1,11.90,9.5200,true,1,139195
7290107937542,false,משקה אקטיביה תות 1.2,,,משקה אקטיביה תות 1.2% 265 גר,גרמים,265.00,100 גרם,false,1,4.90,1.8491,true,1,132461
7290107937627,false,מסטיק מאסט מנטה עדינ,STRAUSS-ISRAEL,,מסטיק מאסט מנטה עדינה קוביות 58 גר,גרמים,58.00,100 גרם,false,12,9.90,17.0690,true,1,134024
7290107937634,false,מסטיק מאסט מנטה קובי,STRAUSS-ISRAEL,,מסטיק מאסט מנטה קוביות 58 גר,גרמים,58.00,100 גרם,false,12,9.90,17.0690,true,1,134023
7290107937641,false,מסטיק בזוקה קוביות 5,STRAUSS-ISRAEL,,מסטיק בזוקה ללא סוכר 58 גר,גרמים,58.00,100 גרם,false,1,9.90,17.0690,true,1,134022
7290107937856,false,קפסולות קפה גואטמלה,STRAUSS-ISRAEL,,קפסולות עלית מס 11 50 גר,גרמים,50.00,100 גרם,false,1,15.90,31.8000,true,1,133899
7290107938396,false,משקה יוגורט תות אקטי,,,משקה יוגורט תות אקטימל 108 גר 8 יח,גרמים,864.00,100 גרם,false,1,19.90,2.3032,true,1,132994
7290107940467,false,יוגורט אקטיביה 1.5%,,,יוגורט אקטיביה 1.5% 200 גר,גרמים,200.00,100 גרם,false,1,3.90,1.9500,true,1,132991
7290107941259,false,עדשים ירוקות מבושלות,שטראוס,IL,עדשים ירוקות מבושלות טעם הטבע 475 גר,גרמים,475.00,100 גרם,false,12,9.90,2.0842,true,1,144843
7290107941266,false,שעועית אדומה מבושלת,שטראוס,IL,שעועית אדומה מבושלת טעם הטבע 475 גר,גרמים,475.00,100 גרם,false,12,12.90,2.7158,true,1,144845
7290107941273,false,חומוס מבושל טעם הטבע,שטראוס,IL,חומוס מבושל טעם הטבע 475 גר,גרמים,475.00,100 גרם,false,12,9.90,2.0842,true,1,144844
7290107942355,false,חטיף תפוציפס מקלות ט,,,חטיף תפוציפס מקלות טעם טבעי 60 גר,גרמים,60.00,100 גרם,false,1,3.90,6.5000,true,1,134267
7290107943192,false,שמנת חמוצה יטבתה מהע,,,שמנת חמוצה יטבתה מהערבה 27% 390 גר,מיליליטרים,200.00,"100 מ""ל",false,1,3.90,1.9500,true,1,139099
7290107943369,false,קוואקר שיבולת שועל ל,,,קוואקר שיבולת שועל ללא גלוטן 511 גר,גרמים,511.00,100 גרם,false,1,18.90,3.6986,true,1,138155
7290107944472,false,גבינת שמנת סימפוניה,,,גבינת שמנת סימפוניה שום שמיר 5% 200 גר,גרמים,200.00,100 גרם,false,1,10.90,5.4500,true,1,134321
7290107945165,false,קונפיטורת משמש יד מר,,,קונפיטורה יד מרדכי משמש 340 גר,גרמים,340.00,100 גרם,false,1,12.90,3.7941,true,1,135762
7290107950190,false,מעדן שטראוס דיאט שוק,,,מעדן שטראוס דיאט שוקולד מריר 130 גר,גרמים,130.00,100 גרם,false,1,3.20,2.4615,true,1,134036
7290107950206,false,מעדן שטראוס דיאט שוק,,,מעדן שטראוס דיאט שוקולד 130 גר,גרמים,130.00,100 גרם,false,1,3.20,2.4615,true,1,134035
7290107951104,false,וופל בטעם שוקולד 200,,,בפלות עלית שוקולד 200 גר,גרמים,200.00,100 גרם,false,1,4.90,2.4500,true,1,134378
7290107951111,false,וופל בטעם לימון 200,,,בפלות עלית לימון 200 גר,גרמים,200.00,100 גרם,false,1,4.90,2.4500,true,1,134377
7290107951715,false,מסטיק מאסט בטעם ענבי,,,מסטיק מאסט בטעם ענבים קוביות 58 גר,גרמים,58.00,100 גרם,false,12,9.90,17.0690,true,1,135758
7290107953559,false,קפה טורקי קלוי וטחון,STRAUSS-ISRAEL,,"קפה טורקי ""עלית"" לדרך 168 גר",גרמים,168.00,100 גרם,false,1,16.90,10.0595,true,1,135330
7290107954709,false,קונפיטורת פירות יער,,,קונפיטורה יד מרדכי פירות יער 340 גר,גרמים,340.00,100 גרם,false,1,12.90,3.7941,true,1,137343
7290107954976,false,משקה יטבתה פרו קפה 3,,,"משקה יטבתה פרו קפה 350 מ""ל",מיליליטרים,350.00,"100 מ""ל",false,8,6.50,1.8571,true,1,137625
7290107956543,false,דבש טהור יד מרדכי 90,STRAUSS-ISRAEL,,דבש טהור 900 גר,גרמים,900.00,100 גרם,false,1,39.90,4.4333,true,1,152471
7290107956925,false,קפסולות קפה אוגנדה 5,,,קפסולות קפה עלית אוגנדה 13 למכונת נספרסו,גרמים,50.00,100 גרם,false,12,15.90,31.8000,true,1,145111
7290107957069,false,גומי לעיסה עלמה בטעם,STRAUSS-ISRAEL,,גומי לעיסה עלמה בטעם אוכמניות 66 גר,גרמים,66.00,100 גרם,false,1,9.90,15.0000,true,1,139197
7290107957229,false,נטיפי שוקולד ציפס מר,,,שוקולד ציפס מריר עלית 250 גר,גרמים,250.00,100 גרם,false,1,11.90,4.7600,true,1,141840
7290107957991,false,עוגיות אישיות מילקי,,,עוגיות אישי מילקי קייק מיניס במילוי קרם,גרמים,144.00,100 גרם,false,1,14.90,10.3472,true,1,143899
7290107958035,false,יוגורט דנונה מתיקות,,,יוגורט דנונה מתיקות מעודנת לא סוכר 8 יח,גרמים,1200.00,100 גרם,false,1,17.90,1.4917,true,1,139652
7290107973014,false,סבון ידיים פלמוליב ח,,,"סבון ידיים פלמוליב חלב ודבש 300 מ""ל",מיליליטרים,300.00,"100 מ""ל",false,1,10.90,3.6333,true,1,133125
7290107973038,false,סבון ידיים פלמוליב א,,,"סבון ידיים פלמוליב אקווריום 300 מ""ל",מיליליטרים,300.00,"100 מ""ל",false,1,10.90,3.6333,true,1,133124
7290107973861,false,עגבניות מנה קצוצות ד,קונסורזיו קסלאסקו,,עגבניות מנה קצוצות דק 400 גר שלישייה,גרמים,1200.00,100 גרם,false,1,14.90,1.2417,true,1,133421
7290107974073,false,עלי טורטיה מאסטר שף,אלקטי קורביישיסי,,עלי טורטיה מאסטר שף קמח לבן 320 גר,גרמים,320.00,100 גרם,false,1,8.90,2.7813,true,1,132526
7290107974080,false,עלי טורטיה מאסטר שף,אלקטי קורביישיסי,,עלי טורטיה מאסטר שף קמח לבן 840 גר,גרמים,756.00,100 גרם,false,1,15.90,2.1032,true,1,132528
7290107974820,false,מיונז מאסטר שף מתובל,REMIA,,מיונז מאסטר שף מתובל ספייסי 252 גר,גרמים,248.00,100 גרם,false,1,7.90,3.1855,true,1,134094
7290107974837,false,מיונז מאסטר שף מתובל,REMIA,,מיונז מאסטר שף מתובל שום 253 גר,גרמים,246.00,100 גרם,false,1,7.90,3.2114,true,1,134093
7290107975544,false,משחת שיניים קולגייט,,,"משחת שיניים קולגייט ברבי סמיילס 50 מ""ל",מיליליטרים,50.00,"100 מ""ל",false,1,11.90,23.8000,true,1,136320
7290107976848,false,סבון פלמוליב קמומיל,CP - Turkey+60,,סבון פלמוליב קמומיל 90 גר רביעייה,גרמים,360.00,100 גרם,false,1,15.90,4.4167,true,1,139086
7290107976916,false,סבון ידיים פלמוליב ח,,,"סבון ידיים פלמוליב חלב זיתים 300 מ""ל",מיליליטרים,300.00,"100 מ""ל",false,1,10.90,3.6333,true,1,138299
7290107977456,false,גל רחצה ושמפו ספורט,CP - Turkey+60,TR,"גל רחצה ושמפו ספורט פלמוליב לגבר 750 מ""ל",מיליליטרים,750.00,"100 מ""ל",false,12,18.90,2.5200,true,1,153011
7290107978637,false,משחת שיניים מרידול 7,,,"משחת שיניים מרידול 75 מ""ל",מיליליטרים,75.00,"100 מ""ל",false,1,17.90,23.8667,true,1,140905
7290108350128,false,שקיות אשפה סנו סושי,,,שקיות אשפה סנו סושי חזקות במיוחד 40יח,יחידה,40.00,יחידה,false,1,22.90,0.5725,true,1,129302
7290108350555,false,נוזל כלים סנו ספארק,,,נוזל כלים סנו ספארק שקד 1 ל,ליטרים,1.00,ליטר,false,1,9.90,9.9000,true,1,130265
7290108350586,false,נוזל כלים סנו ספארק,,,נוזל כלים סנו ספארק 1.5 ל,ליטרים,1.50,ליטר,false,1,14.90,9.9333,true,1,132016
7290108350616,false,מרכך כביסה מקסימה פר,,,מרכך כביסה מקסימה סופר מרוכז BLUE BLOSSO,ליטרים,1.00,ליטר,false,1,16.90,16.9000,true,1,132671
7290108350623,false,מרכך כביסה מקסימה סו,,,"מרכך כביסה ""מקסימה"" סופר מרוכז SOFT SILK",ליטרים,1.00,ליטר,false,1,16.90,16.9000,true,1,132670
7290108350647,false,קרם כיף פיות להתרת ק,,,"קרם כיף פיות להתרת קשרים 350 מ""ל",מיליליטרים,350.00,"100 מ""ל",false,1,19.90,5.6857,true,1,131849
7290108350715,false,מסיר שומנים סנו פורט,,,"מסיר שומנים סנו פורטה פרי 750 מ""ל",מיליליטרים,750.00,"100 מ""ל",false,1,9.90,1.3200,true,1,134288
7290108351507,false,מרכך כביסה סנו מקסימ,,,מרכך כביסה סנו מקסימה 4 ל,ליטרים,4.00,ליטר,false,1,21.90,5.4750,true,1,134415
7290108351514,false,מרכך כביסה סנו מקסימ,,,מרכך כביסה סנו מקסימה 4 ל,ליטרים,4.00,ליטר,false,1,21.90,5.4750,true,1,134414
7290108351552,false,נוזל ניקוי סנו גט בת,,,"נוזל ניקוי סנו ג""ט בתוספת חומץ 750 מ""ל",מיליליטרים,750.00,"100 מ""ל",false,1,10.90,1.4533,true,1,139667
7290108351583,false,גל לניקוי אסלות סנו,,,"גל לניקוי אסלות סנו גט 750 מ""ל",מיליליטרים,750.00,"100 מ""ל",false,1,10.90,1.4533,true,1,143008
7290108351613,false,נוזל לניקוי רצפות סנ,,,נוזל לניקוי רצפות סנו ריצפז פרש הום 2ל,ליטרים,2.00,ליטר,false,1,17.90,8.9500,true,1,136498
7290108351699,false,מטליות סנו לחות לניק,,,מטליות סנו לחות לניקוי כללי+חומץ שלישיי,Unknown,0.00,Unknown,false,1,17.90,0.0000,true,1,147225
7290108351804,false,מרכך כבישה מקסימה גנ,,,מרכך מקסימה סופר מרוכז GENTLE BREEZE,ליטרים,1.00,ליטר,false,12,16.90,16.9000,true,1,151884
7290108351811,false,מרכך כביסה מקסימה פל,,,מרכך מקסימה סופר מרוכז FLORAL TOUCH,ליטרים,1.00,ליטר,false,1,16.90,16.9000,true,1,151883
7290108351835,false,מרכך כביסה מקסימה פל,,,מרכך כביסה סנו מקסימה FLORAL TOUCH,ליטרים,4.00,ליטר,false,6,21.90,5.4750,true,1,153336
7290108351903,false,מארז שטיפת מי פה פרו,,,מארז שטיפת מי פה חד פעמית,Unknown,0.00,Unknown,false,1,19.90,0.0000,true,1,158501
7290108351934,false,סבון אסלה מוצק רינגס,,,סבון אסלה מוצק רינגס ניחוח לימון שלישייה,Unknown,0.00,Unknown,false,1,13.90,0.0000,true,1,151938
7290108351996,false,מתז מחטא ומשמיד חייד,,,"מתז בייבי לחיטוי בסביבת תינוקות 750 מ""ל",מיליליטרים,750.00,"100 מ""ל",false,12,12.90,1.7200,true,1,150911
7290108352207,false,קפסולות לכביסה מקסימ,,,קפסולות לכביסה מקסימה בניחוח פלורל בורסט,Unknown,0.00,Unknown,false,1,29.90,0.0000,true,1,157177
7290108352214,false,קפסולות לכביסה מקסימ,,,קפסולות לכביסה מקסימה בניחוח פרש בריז 40,Unknown,0.00,Unknown,false,1,29.90,0.0000,true,1,157176
7290108352269,false,מטליות לחיטוי וניקוי,,,מטליות לחיטוי וניקוי משמיד 99.9% 400 יח,Unknown,0.00,Unknown,false,1,29.90,0.0000,true,1,156802
7290108352337,false,סנו פרש הום אוטומטיק,,,סנו פרש הום אוטומטיק מלון מפנק 250 מל,מיליליטרים,250.00,"100 מ""ל",false,12,14.90,5.9600,true,1,157428
7290108352405,false,מבשם אוויר פרש הום 3,,,פרש הום מטהר אויר בניחוח טבע ארומטי 300,מיליליטרים,300.00,"100 מ""ל",false,1,9.90,3.3000,true,1,158491
7290108352450,false,סנו ריצפז פרש הום בל,,,סנו ריצפז פרש הום בלו בלוסום 2 ל,מיליליטרים,700.00,"100 מ""ל",false,1,17.90,2.5571,true,1,173544
7290108352566,false,מרכך כביסה גוי 4 ל,,,מרכך כביסה גוי 4 ל,ליטרים,4.00,ליטר,false,1,21.90,5.4750,true,1,173545
7290108352573,false,מרכך כביסה מקסימה קל,,,מרכך כביסה מקסימה קלאם 4 ל,ליטרים,4.00,ליטר,false,1,21.90,5.4750,true,1,173547
7290108352641,false,סנו סושי מטליות הפלא,,,סנו סושי מטליות הפלא לניקוי כללי שלישיה,Unknown,0.00,Unknown,false,1,13.90,0.0000,true,1,137375
7290108352672,false,מטלית הפלא לרצפה,,,סנו סושי צמד מטליות הפלא לרצפה,Unknown,0.00,Unknown,false,1,19.90,0.0000,true,1,137376
7290108352702,false,מגבוני טואלט לחים סנ,,,"מגבוני טואלט לחים ""סנו סופט"" שלישייה",Unknown,0.00,Unknown,false,1,14.90,0.0000,true,1,132004
7290108352825,false,סנו סושי ספוג הפלא נ,,,ספוג הפלא נירוסטה סנו סושי 3 יח,Unknown,0.00,Unknown,false,1,9.90,0.0000,true,1,143218
7290108352870,false,שקיות צלייה XL סנו ס,,,שקיות צלייה XL סנו סושי 10 יח,Unknown,0.00,Unknown,false,1,7.90,0.0000,true,1,147230
7290108352900,false,מגבות הפלא גליל כפול,,,סנו סושי מגבות הפלא,Unknown,0.00,Unknown,false,1,22.90,0.0000,true,1,150915
7290108353068,false,סנו סושי כרית קרצוף,,,כרית קרצוף עם סיבי נירוסטה סנו סושי זוג,Unknown,0.00,Unknown,false,12,8.90,0.0000,true,1,151886
7290108353099,false,ממחטות אף דו שכבתיות,,,ממחטות אף סנו סופט חמישייה,Unknown,0.00,Unknown,false,1,12.90,0.0000,true,1,151952
7290108353402,false,מברשות שיניים אורביט,,,צמד מברשת שיניים אורביטול צארקול,Unknown,0.00,Unknown,false,1,16.90,0.0000,true,1,155978
7290108353419,false,מברשות שיניים אורביט,,,צמד מברשת שיניים אורביטול וויטנינג,Unknown,0.00,Unknown,false,1,16.90,0.0000,true,1,155979
7290108353426,false,מברשות שיניים סנסטיב,,,צמד מברשת שיניים אורביטול פרוכיגניסט 808,Unknown,0.00,Unknown,false,1,19.90,0.0000,true,1,155981
7290108353488,false,סבון אסלה סנובון דיז,,,סבון אסלה מוצק רינגס ניחוח מרכך כביסה,Unknown,0.00,Unknown,false,1,5.90,0.0000,true,1,151943
7290108353549,false,דפי נייר אפייה סנו ס,,,דפי נייר אפייה סנו סושי 100 יח,Unknown,0.00,Unknown,false,1,19.90,0.0000,true,1,155614
7290108353556,false,נייר טואלט סנו סופט,,,נייר טואלט סנו סופט 3 שכבות 32 גל,Unknown,0.00,Unknown,false,1,44.90,0.0000,true,1,157180
7290108353662,false,מפת שולחן מוטבעת,,,מפת שולחן מוטבעת,Unknown,0.00,Unknown,false,1,7.90,0.0000,true,1,170047
7290108353716,false,תחליב רחצה קרמה חימר,,,תחליב רחצה קרמה חימר פיטאיה 500 מל,מיליליטרים,500.00,"100 מ""ל",false,1,12.90,2.5800,true,1,170029
7290108353723,false,תחליב רחצה קרמה חימר,,,תחליב רחצה קרמה חימר תה ירוק 500 מל,מיליליטרים,500.00,"100 מ""ל",false,1,12.90,2.5800,true,1,170025
7290108353730,false,תחליב רחצה קרמה חימר,,,תחליב רחצה קרמה חימר אוכמניות 500 מל,מיליליטרים,500.00,"100 מ""ל",false,1,12.90,2.5800,true,1,170024
7290108353761,false,תחליב רחצה זן בניחוח,,,תחליב רחצה זן בניחוח קשמיר 600 מל,מיליליטרים,600.00,"100 מ""ל",false,1,17.90,2.9833,true,1,173588
7290108353969,false,דאו ספריי קרמה מאסק,,,דאו ספריי קרמה מאסק 150 מל,מיליליטרים,150.00,"100 מ""ל",false,1,12.90,8.6000,true,1,173566
7290108354164,false,אל סבון מועשר בשמנים,,,אל סבון מועשר בשמנים כיף שלישיה 500 מל,ליטרים,3.00,ליטר,false,1,14.90,4.9667,true,1,169354
7290108354270,false,מרכך כביסה מקסימה בנ,,,מרכך כביסה מקסימה בניחוח קאלם 1 ל,ליטרים,1.00,ליטר,false,1,16.90,16.9000,true,1,169353
7290108354713,false,תחליב רחצה קרמה קלאס,,,תחליב רחצה קרמה קלאסי 500 מל,מיליליטרים,500.00,"100 מ""ל",false,1,12.90,2.5800,true,1,170027
7290108354768,false,קרמה קרם גוף דבש 500,,,קרמה קרם גוף דבש 500 מל,מיליליטרים,500.00,"100 מ""ל",false,1,21.90,4.3800,true,1,173561
7290108354911,false,שמפו גל רחצה וגילוח,,,"שמפו/גל רחצה וגילוח 700 מ""ל",מיליליטרים,700.00,"100 מ""ל",false,1,18.90,2.7000,true,1,156423
7290108354973,false,סבון ידיים קרמה ורד,,,סבון ידיים קרמה ורד וניל 300 מל,מיליליטרים,300.00,"100 מ""ל",false,1,9.90,3.3000,true,1,159751
7290108355260,false,שמפו גל רחצה וסבון פ,,,שמפו גל רחצה וסבון פנים 750 מל,מיליליטרים,750.00,"100 מ""ל",false,12,11.90,1.5867,true,1,144647
7290108355277,false,שמפו ומרכך לגבר 750,,,שמפו ומרכך לגבר 750 מל,מיליליטרים,750.00,"100 מ""ל",false,12,11.90,1.5867,true,1,144646
7290108355949,false,תחליב רחצה קרמה נרול,,,תחליב רחצה קרמה נרולי ומגנוליה 700 מל,מיליליטרים,700.00,"100 מ""ל",false,1,14.90,2.1286,true,1,159764
7290108356014,false,תחליב רחצה בניחוח מס,,,תחליב רחצה כיף בניחוח מסקרפונה ופירות יע,מיליליטרים,700.00,"100 מ""ל",false,12,8.90,1.2714,true,1,151544
7290108356045,false,תחליב רחצה כיף בניחו,,,תחליב רחצה כיף בניחוח גלידת סוכריות גלי,מיליליטרים,1500.00,"100 מ""ל",false,1,8.90,0.5933,true,1,147216
7290108356052,false,תחליב רחצה כיף בניחו,,,"תחליב רחצה כיף בניחוח מנטה קפואה 700 מ""ל",מיליליטרים,700.00,"100 מ""ל",false,12,8.90,1.2714,true,1,150913
7290108356083,false,תחליב רחצה כיף בניחו,,,"תחליב רחצה כיף בניחוח סורבה מנגו 700 מ""ל",מיליליטרים,700.00,"100 מ""ל",false,12,8.90,1.2714,true,1,150912
7290108356106,false,תחליב רחצה כיף שקד 7,סנו,IL,"תחליב רחצה כיף שקד 700 מ""ל",מיליליטרים,700.00,"100 מ""ל",false,12,11.90,1.7000,true,1,146930
7290108356120,false,תחליב רחצה כיף קוקוס,סנו,IL,"תחליב רחצה כיף קוקוס וניל 700 מ""ל",מיליליטרים,700.00,"100 מ""ל",false,12,11.90,1.7000,true,1,146932
7290108356151,false,תחליב רחצה כיף מאסק,סנו,IL,"תחליב רחצה כיף מאסק יסמין 700 מ""ל",מיליליטרים,700.00,"100 מ""ל",false,12,11.90,1.7000,true,1,146934
7290108356168,false,תחליב רחצה כיף אוקיי,סנו,IL,"תחליב רחצה כיף אוקיינוס 700 מ""ל",מיליליטרים,700.00,"100 מ""ל",false,12,11.90,1.7000,true,1,146933
7290108356175,false,אל סבון כיף אבטיח ומ,,,אל סבון כיף אבטיח ומנטה לי,ליטרים,1.00,ליטר,false,1,11.90,11.9000,true,1,159744
7290108356182,false,אל סבון כיף תאנה ותה,,,אל סבון כיף תאנה ותה ירוק 1 לי,ליטרים,1.00,ליטר,false,1,11.90,11.9000,true,1,159745
7290108356229,false,גל גילוח קרבון פאוור,,,"גל גילוח קרבון פאוור קרמה מן 200 מ""ל",מיליליטרים,200.00,"100 מ""ל",false,1,12.90,6.4500,true,1,156422
7290108356489,false,תחליב רחצה כיף אפרס,,,תחליב רחצה כיף אפרסק חמאת מורומורו 700,מיליליטרים,700.00,"100 מ""ל",false,1,11.90,1.7000,true,1,170039
7290108356854,false,מגבוני בייבי כיף בני,,,מגבוני בייבי כיף בניחוח עדין חמישייה,Unknown,0.00,Unknown,false,1,14.90,0.0000,true,1,162273
7290108356861,false,מגבוני בייבי כיף ללא,,,מגבוני בייבי כיף ללא בישום חמישייה,Unknown,0.00,Unknown,false,1,14.90,0.0000,true,1,162274
7290108357004,false,שמפו ורד ושמן קוקוי,סנו,IL,שמפו כיף לשיער וורד ושמן קוקי 700 גר,מיליליטרים,700.00,"100 מ""ל",false,12,11.90,1.7000,true,1,155609
7290108357011,false,מרכך כיף ורד ושמן קו,סנו,IL,מרכך כיף לשיער וורד ושמן קוקי 700 גר,מיליליטרים,700.00,"100 מ""ל",false,12,11.90,1.7000,true,1,155610
7290108357059,false,דאו קרליין רול און נ,,,דאו קרליין רול און נושם ביו סקרט גרדן,Unknown,0.00,Unknown,false,1,12.90,0.0000,true,1,170031
7290108357080,false,דאו קרליין ספריי נוש,,,דאו קרליין ספריי נושם ביו סקרט גרדן,Unknown,0.00,Unknown,false,1,12.90,0.0000,true,1,170035
7290108357110,false,דאו קרליין רול און נ,,,דאו קרליין רול און נושם ביו ולוט רוז,Unknown,0.00,Unknown,false,1,12.90,0.0000,true,1,170032
7290108357189,false,מבשם ומרכך למייבש פל,סנו,IL,"מבשם ומרכך למייבש פלורל טאצ 750 מ""ל",מיליליטרים,750.00,"100 מ""ל",false,12,18.90,2.5200,true,1,155606
7290108357271,false,סנובון נוזלי עם כח ח,,,סנובון נוזלי עם כח חמצן 750 מל,מיליליטרים,750.00,"100 מ""ל",false,12,10.90,1.4533,true,1,173548
7290108357295,false,ספריי להסרת כתמים סנ,,,ספריי להסרת כתמים סנו אוקסיגן 750 מל,מיליליטרים,750.00,"100 מ""ל",false,1,17.90,2.3867,true,1,173546
7290108357509,false,קרם גוף קרמה וניל ופ,,,קרם גוף קרמה וניל ופלפל ורוד 500 מל,מיליליטרים,500.00,"100 מ""ל",false,1,21.90,4.3800,true,1,162279
7290108357707,false,שמפו כיף לשיער רגיל,,,שמפו כיף לשיער רגיל תפוח זרעי ציה 700 גר,מיליליטרים,700.00,"100 מ""ל",false,1,11.90,1.7000,true,1,148700
7290108357769,false,מרכך כיף לשיער רגיל,,,מרכך כיף לשיער רגיל תפוח זרעי ציה 700 גר,מיליליטרים,700.00,"100 מ""ל",false,1,11.90,1.7000,true,1,148701
7290108357776,false,מרכך כיף לשיער יבש ר,,,מרכך כיף לשיער יבש רימונים ושמן ארגן 700,מיליליטרים,700.00,"100 מ""ל",false,1,11.90,1.7000,true,1,148703
7290108357837,false,אל סבון כיף שקית מיל,,,אל סבון כיף שקית מילוי+פקק חסכונית,Unknown,0.00,Unknown,false,1,8.90,0.0000,true,1,170045
7290108357875,false,שמפו כיף לחות מוגברת,,,שמפו כיף לחות מוגברת אפרסק חמאת מורומורו,מיליליטרים,700.00,"100 מ""ל",false,1,11.90,1.7000,true,1,170037
7290108357882,false,מרכך כיף לחות מוגברת,,,מרכך כיף לחות מוגברת אפרסק חמאת מורומורו,מיליליטרים,700.00,"100 מ""ל",false,1,11.90,1.7000,true,1,170038
7290108359046,false,שקיות אשפה חזקות במי,,,סנו סושי שקיות חזקות וענקיות,Unknown,0.00,Unknown,false,1,25.90,0.0000,true,1,165319
7290108359077,false,ממחטות אף סופט לושן,,,ממחטות אף סופט לושן 3 שכבות,Unknown,0.00,Unknown,false,1,12.90,0.0000,true,1,173576
7290108359848,false,שמפו אל דמע בייבי כי,,,שמפו אל דמע בייבי כיף 1 ל,ליטרים,1.00,ליטר,false,1,22.90,22.9000,true,1,147236
7290108359985,false,מרסס אקונומיקה פריחה,,,מרסס אקונומיקה פריחה לבנה סנו גאוול,ליטרים,1.00,ליטר,false,1,16.90,16.9000,true,1,169154
7290108500264,false,נתחי טונה וילי פוד ב,,,נתחי טונה וילי פוד בשמן צמחי 95 גר,גרמים,95.00,100 גרם,false,1,3.90,4.1053,true,1,133388
7290108500677,false,כבד דג שיבוט בשמן הד,,,כבד דג שיבוט בשמן הדג 115 גר,גרמים,115.00,100 גרם,false,1,8.90,7.7391,true,1,144020
7290108501964,false,חטיף הפי נוטס שקדים,,,חטיף הפי נוטס שקדים וצימוקים 140 גר 4 יח,גרמים,140.00,100 גרם,false,1,14.90,10.6429,true,1,142403
7290108501988,false,חטיף הפי נוטס שקדים,,,חטיף הפי נוטס שקדים וחמוציות 140 גר 4 יח,גרמים,140.00,100 גרם,false,1,14.90,10.6429,true,1,142402
7290108502305,false,גבינה גרנה פדנו משול,,,גבינה גרנה פדנו משולש 150 גר,גרמים,150.00,100 גרם,false,1,23.90,15.9333,true,1,145749
7290108502329,false,נתחי טונה בשמן זית 1,,,רביעיית נתחי טונה בשמן זית 160 גר,גרמים,640.00,100 גרם,false,1,26.90,4.2031,true,1,144019
7290108502510,false,קרקרים טבעי 500 גר,,,קרקרים טבעי 500 גר,גרמים,500.00,100 גרם,false,1,9.90,1.9800,true,1,144032
7290108502527,false,קרקרים מליחות מעודנת,,,קרקרים מליחות מעודנת 500 גר,גרמים,500.00,100 גרם,false,1,9.90,1.9800,true,1,144031
7290108502725,false,גבינת גאודה פרוסות 4,,,גבינת גאודה פרוסות 400 גר,גרמים,400.00,100 גרם,false,1,19.90,4.9750,true,1,143978
7290108502763,false,גבינת קממבר 200 גר,,,גבינת קממבר 200 גר,גרמים,200.00,100 גרם,false,1,19.90,9.9500,true,1,143977
7290108503067,false,גבינה פרמזנו משולש 1,,,גבינה פרמזנו משולש 150 גר,גרמים,150.00,100 גרם,false,1,18.90,12.6000,true,1,145752
7290108503159,false,גבינה כחולה עם עובש,,,גבינה כחולה עם עובש 31% 100 גר,גרמים,100.00,100 גרם,false,1,13.90,13.9000,true,1,145754
7290108503647,false,אורז בסמטי דאווט 1 ק,lt foods,,"אורז בסמטי דאווט 1 ק""ג",קילוגרמים,1.00,"ק""ג",false,1,12.90,12.9000,true,1,151106
7290108503692,true,פיצה מרגריטה עם מוצר,,,פיצה מרגריטה 380 גר,גרמים,380.00,100 גרם,false,,15.90,4.1842,true,1,150300
7290108503715,true,פיצה דקה עם זיתים ומ,,,פיצה זיתים 385 גר,גרמים,385.00,100 גרם,false,,15.90,4.1299,true,1,150298
7290108503814,false,גבינה מותכת למריחה 2,לוטס,,גבינה מותכת למריחה 200 גר,גרמים,200.00,100 גרם,false,1,12.90,6.4500,true,1,148574
7290108503999,true,פרוסות גבינה בטעם גא,,,פרוסות גבינה בטעם גאודה לכריכים וטוסטים,גרמים,150.00,100 גרם,false,,10.90,7.2667,true,1,150297
7290108504187,true,פרוסות גבינה בטעם צד,,,פרוסות גבינה בטעם צדר לכריכים וטוסטים,גרמים,800.00,100 גרם,false,,39.90,4.9875,true,1,150294
7290108504279,true,גבינה קשקבל צאנק 150,,,גבינה קשקבל צאנק 150 גר,גרמים,150.00,100 גרם,false,,19.90,13.2667,true,1,150306
7290108504293,true,גבינה מנצגו צאנק 150,,,גבינה מנצגו צאנק 150 גר,גרמים,150.00,100 גרם,false,,19.90,13.2667,true,1,150308
7290108504378,false,גבינת שמנת זיתים יור,אטלסר ואלפרי,DE,גבינת שמנת זיתים 200 גר,גרמים,200.00,100 גרם,false,12,11.90,5.9500,true,1,153347
7290108504699,false,נתחי טונה בשמן קנולה,טרופיקל,,נתחי טונה בשמן קנולה 160 גר רביעייה,גרמים,640.00,100 גרם,false,12,19.90,3.1094,true,1,151928
7290108505092,false,יוגורט בטעם טבעי 10%,דלתא פודס,GR,יוגורט בטעם טבעי 10% 1 קג,קילוגרמים,1.00,"ק""ג",false,6,24.90,24.9000,true,1,157028
7290108505153,false,יוגורט בטעם טבעי 10%,דלתא פודס,GR,יוגורט בטעם טבעי 10% 150 גר,גרמים,150.00,100 גרם,false,6,5.90,3.9333,true,1,157017
7290108505160,false,יוגורט אגס 4% 150 גר,דלתא פודס,GR,יוגורט אגס 4% 150 גר,גרמים,150.00,100 גרם,false,6,5.90,3.9333,true,1,157023
7290108505177,false,יוגורט אננס 0% 150 ג,דלתא פודס,GR,יוגורט אננס 0% 150 גר,גרמים,150.00,100 גרם,false,6,5.90,3.9333,true,1,157022
7290108505184,false,יוגורט עם קוקוס 5% 1,דלתא פודס,GR,יוגורט עם קוקוס 5% 150 גר,גרמים,150.00,100 גרם,false,6,5.90,3.9333,true,1,157025
7290108505191,false,יוגורט עם פצפוצי שוק,דלתא פודס,GR,יוגורט עם פצפוצי שוקולד 5% 150 גר,גרמים,150.00,100 גרם,false,6,5.90,3.9333,true,1,157024
7290108505207,false,יוגורט אוכמניות 0% 1,דלתא פודס,GR,יוגורט אוכמניות 0% 150 גר,גרמים,150.00,100 גרם,false,6,5.90,3.9333,true,1,157020
7290108505214,false,יוגורט אפרסק 0% 150,דלתא פודס,GR,יוגורט אפרסק 0% 150 גר,גרמים,150.00,100 גרם,false,6,5.90,3.9333,true,1,157021
7290108505689,false,גבינה גרנה פדנו מגור,,,גבינה גרנה פדנו מגורדת 100 גר,גרמים,100.00,100 גרם,false,1,9.90,9.9000,true,1,155185
7290108505719,false,גבינה מוצרלה מגורדת,ארן גידה,TR,גבינה מוצרלה מגורדת 25% 200 גר,גרמים,200.00,100 גרם,false,12,14.90,7.4500,true,1,157012
7290108505726,false,גבינה אצבעות חצי קשה,ארן גידה,TR,גבינה אצבעות חצי קשה 25% 200 גר,גרמים,200.00,100 גרם,false,12,14.90,7.4500,true,1,157010
7290108505733,false,גבינה צמות חצי קשה 2,ארן גידה,TR,גבינה צמות חצי קשה 25% 200 גר,גרמים,200.00,100 גרם,false,12,14.90,7.4500,true,1,157009
7290108505740,false,גבינה קשקבל חצי קשה,ארן גידה,TR,גבינה קשקבל חצי קשה 25% 200 גר,גרמים,200.00,100 גרם,false,12,14.90,7.4500,true,1,157011
7290108505962,false,שזיפים מיובשים וילי,,,שזיפים מיובשים וילי פוד 400 גר,גרמים,400.00,100 גרם,false,1,19.90,4.9750,true,1,155874
7290108506532,false,גליליות וופל במילוי,,GR,גליליות וופל במילוי קרם אגוזי לוז 400 גר,גרמים,400.00,100 גרם,false,12,14.90,3.7250,true,1,157016
7290108506549,false,גליליות וופל במילוי,,GR,גליליות וופל במילוי קרם וניל 400 גר,גרמים,400.00,100 גרם,false,12,14.90,3.7250,true,1,157014
7290108506624,true,גבינה עיזים צאנק 150,,,גבינה עיזים צאנק 150 גר,גרמים,150.00,100 גרם,false,8,19.90,13.2667,true,1,162378
7290108507065,false,גבינה פרמגאנו רגיאנו,,,גבינה פרמגאנו רגיאנו מגורדת 100 גר,גרמים,100.00,100 גרם,false,20,12.90,12.9000,true,1,162032
7290108508369,false,גבינה ציז לונג 200 ג,גידה,TR,גבינה ציז לונג 200 גר,גרמים,200.00,100 גרם,false,12,19.90,9.9500,true,1,162069
7290108508451,true,משקה יוגורט טבעי 3.2,,,משקה יוגורט טבעי 3.2% 200 מל,מיליליטרים,200.00,"100 מ""ל",false,,4.90,2.4500,true,1,163141
7290108508499,true,משקה איירן בסגנון טו,,,משקה איירן בסגנון טורקי 293 מל,מיליליטרים,293.00,"100 מ""ל",false,,4.90,1.6724,true,1,163137
7290108509090,false,גבינה מותכת משולשים,,,גבינה מותכת משולשים 200 גר,גרמים,200.00,100 גרם,false,1,14.90,7.4500,true,1,165122
7290108509120,false,גבינה בולגרית מעודנת,,,גבינה בולגרית מעודנת 500 גר,גרמים,500.00,100 גרם,false,1,19.90,3.9800,true,1,165125
7290108509205,false,חטיף אורז אפוי בטעם,,,חטיף אורז אפוי בטעם טבעי לתינוקות 50 גר,גרמים,50.00,100 גרם,false,12,11.90,23.8000,true,1,167847
7290108509212,false,חטיף אורז אפוי בטעם,,,חטיף אורז אפוי בטעם ירקות לתינוקות 50 ג,גרמים,50.00,100 גרם,false,12,11.90,23.8000,true,1,167849
7290108509229,false,חטיף אורז אפוי בטעם,,,חטיף אורז אפוי בטעם בננה לתינוקות 50 גר,גרמים,50.00,100 גרם,false,12,11.90,23.8000,true,1,167848
7290108509267,true,ארוחת פסטה עם רוטב ג,,,ארוחת פסטה עם רוטב גבינה 206 גר,גרמים,206.00,100 גרם,false,1,9.90,4.8058,true,1,164547
7290108509700,false,אורז פרסי דאווט 1 קג,,,אורז פרסי דאווט 1 קג,קילוגרמים,1.00,"ק""ג",false,1,9.90,9.9000,true,1,165328
7290108509731,false,משקה יוגורט איירן בס,MEVGAL,,משקה יוגורט איירן בסגנון טורקי 1 ל,ליטרים,1.00,ליטר,false,1,14.90,14.9000,true,1,169095
7290108509762,false,חמאת בוטנים 340 גר,,,חמאת בוטנים 340 גר,גרמים,340.00,100 גרם,false,12,9.90,2.9118,true,1,167838
7290108509793,false,גליליות וופל במילוי,,GR,גליליות וופל במילוי שוקולד מריר 400 גר,גרמים,400.00,100 גרם,false,12,14.90,3.7250,true,1,169397
7290108509953,false,פולי קפה 100% קלויים,,,פולי קפה 100% קלויים 250 גר,גרמים,250.00,100 גרם,false,1,19.90,7.9600,true,1,170749
7290108509984,false,רוטב סויה 300 מל,,,רוטב סויה 300 מל,מיליליטרים,300.00,"100 מ""ל",false,1,8.90,2.9667,true,1,169091
7290108509991,false,רוטב טריאקי 300 מל,,,רוטב טריאקי 300 מל,מיליליטרים,300.00,"100 מ""ל",false,1,8.90,2.9667,true,1,169092
7290108620320,false,יין אימפריאל סוביניו,,,יין אימפריאל סוביניון בלאן 375 מל,מיליליטרים,375.00,"100 מ""ל",false,1,17.90,4.7733,true,1,168738
7290109351025,false,צבר חומוסטחינה 400 ג,,,צבר חומוסטחינה 400 גר,גרמים,400.00,100 גרם,false,1,13.90,3.4750,true,1,131101
7290109351971,false,פריכיות פיטנס בר שוק,כרמית,,פריכיות פיטנס בר שוקולד חלב 84 גר,גרמים,84.00,100 גרם,false,1,12.90,15.3571,true,1,132835
7290109352916,false,פריכיות פיטנס בר שוק,כרמית,,פריכיות פיטנס בר שוקולד לבן 84 גר,גרמים,84.00,100 גרם,false,1,12.90,15.3571,true,1,132836
7290109354996,false,פתי בר שוקו ללא גלוט,אסם,,"פתי בר שוקו ללא גלוטן 200 ג""ר",גרמים,200.00,100 גרם,false,1,9.90,4.9500,true,1,132860
7290109358130,false,שלגון נסטלה יוגורט ו,,,שלגון נסטלה יוגורט וסורבה מחית מנגו אננס,גרמים,300.00,100 גרם,false,1,24.90,8.3000,true,1,140579
7290109358260,false,נקניקיות טבעול עם חל,,,נקניקיות טבעול עם חלבון 600 גר,גרמים,600.00,100 גרם,false,1,29.90,4.9833,true,1,137346
7290109358482,false,קרמוגית אסם במילוי ח,,,קרמוגית אסם במילוי חלווה 200 גר,גרמים,200.00,100 גרם,false,1,9.90,4.9500,true,1,147026
7290109358765,false,דגני בוקר קראנץ רולס,,,דגני בוקר קראנץ רולס 450 גר,גרמים,450.00,100 גרם,false,1,21.90,4.8667,true,1,136519
7290109580012,false,בורגר אנטריקוט זוגלו,,,בורגר אנטריקוט זוגלובק קלאסי 360 גר,גרמים,360.00,100 גרם,false,1,23.90,6.6389,true,1,156482
7290109580050,false,נקניקיות צוריסוס וונ,,,נקניקיות צוריסוס וונדרס 226 גר,גרמים,226.00,100 גרם,false,1,29.90,13.2301,true,1,164576
7290109580098,false,קבנוס בטעם סרירצה 13,,,קבנוס בטעם סרירצה 135 גר,גרמים,135.00,100 גרם,false,1,10.90,8.0741,true,1,169371
7290109580104,false,רוסטביף פרימיום 150,,,רוסטביף פרימיום 150 גר,גרמים,150.00,100 גרם,false,1,24.90,16.6000,true,1,169368
7290109580111,false,צלעות אסאדו מעושן פר,,,צלעות אסאדו מעושן פרימיום 120 גר,גרמים,120.00,100 גרם,false,1,24.90,20.7500,true,1,171447
7290109580135,false,קורנדביף פרימיום 180,,,קורנדביף פרימיום 180 גר,גרמים,180.00,100 גרם,false,1,24.90,13.8333,true,1,169370
7290109580159,false,פסטרמה בנוסח טוסקנה,,,פסטרמה בנוסח טוסקנה פרימיום 180 גר,גרמים,180.00,100 גרם,false,1,24.90,13.8333,true,1,169366
7290109580166,false,סרוולד קלאסי פרימיום,,,סרוולד קלאסי פרימיום 150 גר,גרמים,150.00,100 גרם,false,1,24.90,16.6000,true,1,169367
7290109580227,false,נקניקיות ריינהולדס ק,,,נקניקיות ריינהולדס קאריוורסט 300 גר,גרמים,300.00,100 גרם,false,1,20.90,6.9667,true,1,166322
7290109580234,false,נקניקיות מרגז וונדרס,,,נקניקיות מרגז וונדרס 226 גר,גרמים,226.00,100 גרם,false,1,29.90,13.2301,true,1,169364
7290109580241,false,נאגטס מן הצומח 500 ג,,,נאגטס מן הצומח 500 גר,גרמים,500.00,100 גרם,false,1,22.90,4.5800,true,1,171421
7290109580319,false,בורגר וונדרס 280 גר,,,בורגר וונדרס 280 גר,גרמים,280.00,100 גרם,false,1,29.90,10.6786,true,1,169365
7290109580432,false,פסטרמה חזה הודו מעוש,,,פסטרמה חזה הודו מעושן דק דק 120 גר,גרמים,120.00,100 גרם,false,1,12.90,10.7500,true,1,171957
7290109580449,false,סלמי בטעם כמהין פרימ,,,סלמי בטעם כמהין פרימיום 180 גר,גרמים,180.00,100 גרם,false,1,24.90,13.8333,true,1,171446
7290109920146,false,מסיר אבנית מקומקום ד,דורינג,,"מסיר אבנית מקומקום דורגול 750 מ""ל",מיליליטרים,750.00,"100 מ""ל",false,1,17.90,2.3867,true,1,135474
7290109920313,false,מרסס מבריק שמשות אסט,אסטוניש,,"אסטוניש מרסס מבריק שמשות 750 מ""ל",מיליליטרים,750.00,"100 מ""ל",false,1,11.90,1.5867,true,1,139443
7290109920597,false,מרסס למקלחון אסטוניש,אסטוניש,,"אסטוניש מרסס למקלחון 750 מ""ל",מיליליטרים,750.00,"100 מ""ל",false,1,10.90,1.4533,true,1,139445
7290109920603,false,קרם מטבח אסטוניש 500,,,"קרם מטבח אסטוניש 500 מ""ל",מיליליטרים,500.00,"100 מ""ל",false,1,10.90,2.1800,true,1,140882
7290109920740,false,מרכך כביסה הפי מרוכז,מיפא,,מרכך כביסה הפי מרוכז לבנדר 1 ל,ליטרים,1.00,ליטר,false,1,9.90,9.9000,true,1,139441
7290109920757,false,מרכך כביסה הפי מרוכז,מיפא,,מרכך כביסה הפי מרוכז ורדים 1 ל,ליטרים,1.00,ליטר,false,1,9.90,9.9000,true,1,139440
7290109920825,false,ניקוי והסרת אבנית למ,מרקה,,ניקוי והסרת אבנית למכונת אספרסו דורגול,מיליליטרים,500.00,"100 מ""ל",false,1,29.90,5.9800,true,1,146726
7290109920917,false,גל לניקוי אסלות הפי,אורו,,"גל לניקוי אסלות הפי עם כלור 750 מ""ל",מיליליטרים,750.00,"100 מ""ל",false,1,6.90,0.9200,true,1,143318
7290109921303,false,טורבול סלים סופג לחו,,,טורבול סלים סופג לחות 2 מגשיות,Unknown,0.00,Unknown,false,1,29.90,0.0000,true,1,162916
7290109921334,false,דפי בד לכביסה אידאל,מרקה,,דפי בד לכביסה אידאל פרוטקט 15 יח,Unknown,0.00,Unknown,false,1,15.90,0.0000,true,1,148824
7290109921488,false,מסיר אבנית למכונת כב,,,"מסיר אבנית למכונת כביסה דורגול 500 מ""ל",מיליליטרים,500.00,"100 מ""ל",false,1,29.90,5.9800,true,1,152149
7290109921563,false,נוזל רצפות יעקובי שי,,,נוזל רצפות יעקובי שיש מבריק 1.25 ל,ליטרים,1.25,ליטר,false,1,14.90,11.9200,true,1,153154
7290109921570,false,נוזל רצפות יעקובי פר,,,נוזל רצפות יעקובי פרקט 1.25 ל,ליטרים,1.25,ליטר,false,1,14.90,11.9200,true,1,153155
7290109921853,false,משחת אסטוניש פרימיום,,,משחת אסטוניש פרימיום עם עוצמה 150 גר,גרמים,150.00,100 גרם,false,1,15.90,10.6000,true,1,161957
7290109922010,false,מחטא אוויר משמיד חיי,,,מחטא אוויר משמיד חיידקים 500 מל,מיליליטרים,500.00,"100 מ""ל",false,1,19.90,3.9800,true,1,162914
7290109922911,false,דזיטול לחיטוי נעליים,,,דזיטול לחיטוי נעליים מפטריות חיידקים,מיליליטרים,150.00,"100 מ""ל",false,1,19.90,13.2667,true,1,168524
7290109923031,false,מרסס ארומטיק למקלחון,,,מרסס ארומטיק למקלחון אסטוניש 750 מל,מיליליטרים,750.00,"100 מ""ל",false,1,16.90,2.2533,true,1,169761
7290109923147,false,מרסס פלא של אקונומיק,,,מרסס פלא של אקונומיקה אסטוניש 500 מל,מיליליטרים,750.00,"100 מ""ל",false,1,16.90,2.2533,true,1,169758
7290110110277,false,סיידר סומרסבי 330 מל,,,"סיידר סומרסבי 330 מ""ל רביעייה",ליטרים,1.32,ליטר,false,1,35.90,27.1970,true,1,142590
7290110110369,false,בירה קרלסברג לומה 33,,,בירה קרלסברג לומה 330 מל שישייה,מיליליטרים,1980.00,"100 מ""ל",false,1,45.90,2.3182,true,1,158029
7290110110659,false,סליק ספרייט ליים 330,קוקה קולה,,"סליק ספרייט 330 מ""ל",מיליליטרים,330.00,"100 מ""ל",false,1,4.90,1.4848,true,1,141921
7290110113476,false,בירה קרלסברג ללא אלכ,,,"בירה קרלסברג ללא אלכוהול 330 מ""ל שישייה",מיליליטרים,1980.00,"100 מ""ל",false,1,29.90,1.5101,true,1,156027
7290110113629,false,בירה שקמה אייל ענברי,,,בירה שקמה אייל ענברי בק 330 מל,מיליליטרים,330.00,"100 מ""ל",false,1,13.90,4.2121,true,1,170862
7290110113636,false,בירה שקמה מרצן לאגר,,,בירה שקמה מרצן לטגר בק 330 מל,מיליליטרים,330.00,"100 מ""ל",false,1,13.90,4.2121,true,1,170863
7290110114855,false,מים מינרליים נביעות,נביעות,,מים מינרליים נביעות 1.5 ל שישיה,ליטרים,9.00,ליטר,false,1,12.90,1.4333,true,1,168141
7290110114893,false,מיץ סחוט תפוזים פריג,,,מיץ סחוט תפוזים פריגת 2 ל,ליטרים,2.00,ליטר,false,1,29.90,14.9500,true,1,167677
7290110114954,false,משקה פריגת תפוזים מת,,,משקה פריגת תפוזים מתקתק 100% 2 ל,ליטרים,2.00,ליטר,false,1,24.90,12.4500,true,1,167675
7290110114961,false,פריגת תפוזים 1.5 ליט,פריגת,,פריגת תפוזים 1.5 ליט,ליטרים,1.50,ליטר,false,1,8.90,5.9333,true,1,168143
7290110114985,false,פריגת אשכוליות 1.5 ל,פריגת,,פריגת אשכוליות 1.5 ל,ליטרים,1.50,ליטר,false,1,8.90,5.9333,true,1,168145
7290110114992,false,משקה קל אשכולית דיאט,פריגת,,משקה קל אשכולית דיאט פריגת 1.5 ל,ליטרים,1.50,ליטר,false,1,8.90,5.9333,true,1,168133
7290110115005,false,פריגת ענבים 1.5 ל,פריגת,,פריגת ענבים 1.5 ל,ליטרים,1.50,ליטר,false,1,8.90,5.9333,true,1,168146
7290110115036,false,פריגת מנגו 1.5 ל,פריגת,,פריגת מנגו 1.5 ל,ליטרים,1.50,ליטר,false,1,8.90,5.9333,true,1,168149
7290110115043,false,משקה פריגת לימונענע,פריגת,,משקה פריגת לימונענע 1.5ל,ליטרים,1.50,ליטר,false,1,8.90,5.9333,true,1,168150
7290110115050,false,פריגת תות בננה 1.5 ל,פריגת,,פריגת תות בננה 1.5 ל,ליטרים,1.50,ליטר,false,1,8.90,5.9333,true,1,168151
7290110115180,false,מים מינרליים נביעות,נביעות,,מים מינרליים נביעות 1.5 ל,ליטרים,1.50,ליטר,false,1,3.90,2.6000,true,1,168664
7290110115203,false,קוקה קולה 1.5 ל,קוקה קולה,,קוקה קולה 1.5 ל,ליטרים,1.50,ליטר,false,1,8.90,5.9333,true,1,168166
7290110115210,false,דיאט קוקה קולה 1.5 ל,קוקה קולה,,דיאט קוקה קולה 1.5 ל,ליטרים,1.50,ליטר,false,1,8.90,5.9333,true,1,168167
7290110115241,false,קולה זירו לימון 1.5,קוקה קולה,,קולה זירו לימון 1.5 ל,ליטרים,1.50,ליטר,false,1,8.90,5.9333,true,1,168170
7290110115265,false,ספרייט ליים 1.5 ל,קוקה קולה,,ספרייט ליים 1.5 ל,ליטרים,1.50,ליטר,false,1,8.90,5.9333,true,1,168177
7290110115272,false,ספרייט זירו 1.5 ל,,,ספרייט זירו 1.5 ל,ליטרים,1.50,ליטר,false,1,8.90,5.9333,true,1,168178
7290110115289,false,ספרייט לימון נענע 1.,קוקה קולה,,ספרייט לימון נענע 1.5 ל,ליטרים,1.50,ליטר,false,1,8.90,5.9333,true,1,168181
7290110115296,false,פאנטה אורנג 1.5 ל,קוקה קולה,,פאנטה אורנג 1.5 ליט,מיליליטרים,1500.00,"100 מ""ל",false,1,8.90,0.5933,true,1,168182
7290110115302,false,פאנטה זירו אורנג 1.5,קוקה קולה,,פאנטה זירו אורנג 1.5 ל,ליטרים,1.50,ליטר,false,1,8.90,5.9333,true,1,168183
7290110115319,false,פאנטה אקזוטיק 1.5 ל,קוקה קולה,,פאנטה אקזוטיק 1.5 ל,ליטרים,1.50,ליטר,false,1,8.90,5.9333,true,1,168185
7290110115333,false,פאנטה תות 1.5 ל,קוקה קולה,,פאנטה תות 1.5 ל,מיליליטרים,1500.00,"100 מ""ל",false,1,8.90,0.5933,true,1,168187
7290110115340,false,פאנטה ענבים 1.5 ל,,,פאנטה ענבים 1.5 ל,ליטרים,1.50,ליטר,false,1,8.90,5.9333,true,1,168188
7290110115364,false,קוקה קולה 1.5 ל שישי,קוקה קולה,,קוקה קולה 1.5 ל שישיה,ליטרים,9.00,ליטר,false,1,46.90,5.2111,true,1,168172
7290110115401,false,סודה קינלי 1.5 ל שיש,,,סודה קינלי 1.5 ל שישיה,ליטרים,9.00,ליטר,false,1,15.90,1.7667,true,1,168191
7290110115418,false,קוקה קולה זירו דל קל,קוקה קולה,,קוקה קולה זירו דל קלוריות 1.5 ל שישיה,ליטרים,9.00,ליטר,false,1,44.90,4.9889,true,1,168174
7290110115456,false,תה קר פיוז טי אפרסק,FUZE TEA,,תה קר פיוז טי אפרסק 1.5 ל,מיליליטרים,1500.00,"100 מ""ל",false,1,8.90,0.5933,true,1,168195
7290110115463,false,תה קר פיוז אפרסק 1.5,FUZE TEA,,תה קר פיוז אפרסק 1.5ל,מיליליטרים,1500.00,"100 מ""ל",false,1,8.90,0.5933,true,1,168196
7290110115494,false,תה קר פיוז ענבים 1.5,FUZE TEA,,תה קר פיוז ענבים 1.5ל,מיליליטרים,1500.00,"100 מ""ל",false,1,8.90,0.5933,true,1,168199
7290110115586,false,משקה קל פריגת תפוזים,פריגת,,משקה קל פריגת תפוזים 19 קל 1.5 ל,ליטרים,1.50,ליטר,false,1,8.90,5.9333,true,1,168153
7290110115593,false,משקה קל פריגת אשכולי,פריגת,,משקה קל פריגת אשכוליות 19 קל 1.5 ל,ליטרים,1.50,ליטר,false,1,8.90,5.9333,true,1,168154
7290110115623,false,תה קר פיוז טי זירו א,FUZE TEA,,תה קר פיוז טי זירו אפרסק 1.5 ל,מיליליטרים,1500.00,"100 מ""ל",false,1,8.90,0.5933,true,1,168293
7290110115838,false,ספרייט זירו 1.5 ל,,,ספרייט זירו 1.5 ל,ליטרים,1.50,ליטר,false,1,8.90,5.9333,true,1,168896
7290110115845,false,קוקה קולה 1.5 ל,קוקה קולה,,קוקה קולה 1.5 ל,ליטרים,1.50,ליטר,false,1,8.90,5.9333,true,1,168542
7290110115869,false,קוקה קולה זירו 1.5 ל,קוקה קולה,,קוקה קולה זירו 1.5 ל,ליטרים,1.50,ליטר,false,1,8.90,5.9333,true,1,168616
7290110115876,false,סודה קינלי 1.5 ל,קוקה קולה,,סודה קינלי 1.5 ל,ליטרים,1.50,ליטר,false,1,4.50,3.0000,true,1,172549
7290110115890,false,מים מינרליים נביעות,נביעות,,מים מינרליים נביעות 500 מל,מיליליטרים,500.00,"100 מ""ל",false,1,3.90,0.7800,true,1,172548
7290110115920,false,שישיית קוקה קולה 1 ל,קוקה קולה,,שישיית קוקה קולה 1 ל,ליטרים,6.00,ליטר,false,1,44.90,7.4833,true,1,169947
7290110116064,false,פאנטה זירו פירות ירו,קוקה קולה,,פאנטה זירו פירות ירוק 1.5 ל,מיליליטרים,1500.00,"100 מ""ל",false,1,8.90,0.5933,true,1,171707
7290110116132,false,סירופ בטעם לימון 750,,,סירופ בטעם לימון 750 מל,מיליליטרים,750.00,"100 מ""ל",false,1,19.90,2.6533,true,1,172342
7290110116194,false,נביעות+ סדרת 0 קלורי,נביעות,,נביעות+ סדרת 0 קלוריות לימון ליים 1.5 ל,ליטרים,1.50,ליטר,false,12,9.90,6.6000,true,1,172329
7290110116217,false,נביעות+ סדרת 0 קלורי,נביעות,,נביעות+ סדרת 0 קלוריות אשכולית 1.5 ל,ליטרים,1.50,ליטר,false,12,9.90,6.6000,true,1,172328
7290110116316,false,שישיית קוקה קולה 1.5,,,שישיית קוקה קולה 1.5 ל,ליטרים,9.00,ליטר,false,1,46.90,5.2111,true,1,170333
7290110116392,false,סירופ בטעם תפוזים 75,,,סירופ בטעם תפוזים 750 מל,מיליליטרים,750.00,"100 מ""ל",false,1,19.90,2.6533,true,1,172344
7290110116569,false,ספרייט זירו למון היט,,IL,ספרייט זירו למון היט 1.5 ל,ליטרים,1.50,ליטר,false,1,8.90,5.9333,true,1,174060
7290110116637,false,בירה שקמה ביטר וויט,,,בירה שקמה ביטר וויט בק 330 מל,מיליליטרים,330.00,"100 מ""ל",false,1,13.90,4.2121,true,1,172915
7290110320850,false,פתיתי עמק 200 גר,,,פתיתי עמק 200 גר,גרמים,200.00,100 גרם,false,1,17.90,8.9500,true,1,137458
7290110321277,false,גבינת קוטג בקטנה 5%,,,קוטג בקטנה תנובה 5% 100 גר,גרמים,100.00,100 גרם,false,1,2.60,2.6000,true,1,140042
7290110321284,false,גבינת קוטג בקטנה 9%,,,קוטג בקטנה תנובה 9% 100 גר,גרמים,100.00,100 גרם,false,1,2.60,2.6000,true,1,140043
7290110321680,false,יוגורט יופלה גו תות,,,יוגורט יופלה גו תות 200 גר,גרמים,200.00,100 גרם,false,1,5.90,2.9500,true,1,140593
7290110321697,false,יוגורט יופלה גו אפרס,,,יוגורט יופלה גו אפרסק 200 גר,גרמים,200.00,100 גרם,false,1,5.90,2.9500,true,1,140594
7290110321703,false,יוגורט יופלה גו פירו,,,יוגורט יופלה גו פירות יער 200 גר,גרמים,200.00,100 גרם,false,1,5.90,2.9500,true,1,142742
7290110321789,false,גבינת מסקרפונה השף ה,,,גבינת מסקרפונה השף הלבן 38% 250 גר,גרמים,250.00,100 גרם,false,1,18.90,7.5600,true,1,141910
7290110323073,false,משקה יוגורט מעושר בח,,,משקה יוגורט מעושר בחלבון תות פטל 250 גר,גרמים,250.00,100 גרם,false,1,6.90,2.7600,true,1,144342
7290110323585,false,יוגורט יופלה גו דובד,,,יוגורט יופלה גו דובדבן מופחת קלוריות,גרמים,200.00,100 גרם,false,1,5.90,2.9500,true,1,146857
7290110323592,false,יוגורט יופלה גו אפרס,,,יוגורט יופלה גו אפרסק מופחת קלוריות,גרמים,200.00,100 גרם,false,1,5.90,2.9500,true,1,146858
7290110323714,false,משקה קוקוס שקדים 1 ל,תנובה,,משקה קוקוס שקדים 1 ל,ליטרים,1.00,ליטר,false,1,11.90,11.9000,true,1,148055
7290110324353,false,יוגורט יופלה גו לייט,,,יוגורט יופלה גו לייט בטעם אננס 200 גר,גרמים,200.00,100 גרם,false,24,5.90,2.9500,true,1,150962
7290110324551,false,יוגורט יופלה טיוב במ,,,יוגורט יופלה טיוב במרקם תות 348 גר,גרמים,348.00,100 גרם,false,1,10.90,3.1322,true,1,150162
7290110324711,false,ממרח סויה 9% בטעם טב,,,ממרח סויה 9% בטעם טבעי 250 גר,גרמים,250.00,100 גרם,false,24,7.90,3.1600,true,1,151392
7290110324841,false,מעדן שקדים עם שוקולד,,,מעדן שקדים עם שוקולד מריר 125 גר,גרמים,125.00,100 גרם,false,1,3.90,3.1200,true,1,155357
7290110324926,false,משקה סויה ללא תוספת,,,משקה סויה ללא תוספת סוכר 1 ל,ליטרים,1.00,ליטר,false,16,10.90,10.9000,true,1,153446
7290110325084,false,מעדן מיני קרלו בטעם,,,מאגדת שמינייה מיני קרלו שוניל,גרמים,800.00,100 גרם,false,2,13.90,1.7375,true,1,152467
7290110325114,false,משקה יוגורט גו לייט,,,משקה יוגורט גו לייט תות בננה 250 גר,גרמים,250.00,100 גרם,false,30,6.90,2.7600,true,1,152468
7290110325305,false,מעדן סויה גו במתיקות,,,מעדן סויה גו במתיקות מעודנת 200 גר,מיליליטרים,200.00,"100 מ""ל",false,36,5.90,2.9500,true,1,154400
7290110325312,false,מעדן סויה גו בטעם תו,,,"מעדן סויה בטעם תות בגביע 125 מ""ל",מיליליטרים,200.00,"100 מ""ל",false,36,5.90,2.9500,true,1,154399
7290110325510,false,יוגורט יופלה טיוב בט,,,יוגורט יופלה טיוב בטעם וניל 348 גר,גרמים,348.00,100 גרם,false,16,10.90,3.1322,true,1,155026
7290110325619,false,משקה שיבולת שועל 1 ל,תנובה,,משקה שיבולת שועל 1 ל,ליטרים,1.00,ליטר,false,16,11.90,11.9000,true,1,155720
7290110325701,false,צזיקי יווני פיראוס 9,,,צזיקי יווני פיראוס 9% 250 גר,גרמים,250.00,100 גרם,false,18,12.90,5.1600,true,1,156442
7290110325893,false,משקה חלב תנובה גו אי,,,"משקה חלב תנובה גו אייס קפה 340 מ""ל",מיליליטרים,340.00,"100 מ""ל",false,20,8.50,2.5000,true,1,155717
7290110326210,false,יוגורט יופלה און טופ,,,יוגורט יופלה און טופ פצפוצים 157 גר,גרמים,157.00,100 גרם,false,1,4.90,3.1210,true,1,156620
7290110326227,false,יוגורט יופלה און טופ,,,יוגורט יופלה און טופ קורנפלקס 157 גר,גרמים,157.00,100 גרם,false,1,4.90,3.1210,true,1,156622
7290110326234,false,יוגורט יופלה און טופ,,,יוגורט יופלה און טופ כוכבים 157 גר,גרמים,157.00,100 גרם,false,1,4.90,3.1210,true,1,156621
7290110326241,false,יוגורט יופלה און טופ,,,יוגורט יופלה און טופ גרנולה 157 גר,גרמים,157.00,100 גרם,false,1,4.90,3.1210,true,1,156623
7290110326456,true,יוגורט בננה וקרמל די,,,דיאט יופלה בננה וקרמל 0% 150 גר,גרמים,150.00,100 גרם,false,24,4.90,3.2667,true,1,156959
7290110327033,false,משקה סויה מועשר בחלב,תנובה,,משקה סויה תנובה גו מועשר בחלבון במתיקות,ליטרים,1.00,ליטר,false,16,11.90,11.9000,true,1,159373
7290110327064,false,משקה קפה שיבולת שועל,תנובה,,משקה קפה שיבולת שועל בטעם קרמל 1 ל,ליטרים,1.00,ליטר,false,16,12.90,12.9000,true,1,158825
7290110327125,false,גבינה פטה 21% מחלב צ,,,פטה 21% מחלב צאן במי מלח 200 גר,גרמים,200.00,100 גרם,false,8,21.90,10.9500,true,1,162367
7290110327514,false,משקה שיבולת שועל בטע,תנובה,,משקה שיבולת שועל בטעם אגוזי לוז 1 ל,גרמים,225.00,100 גרם,false,16,11.90,5.2889,true,1,165467
7290110327545,false,יוגורט יופלה און טופ,,,יוגורט יופלה און טופ תות פצפוצי שוקולד,גרמים,157.00,100 גרם,false,1,4.90,3.1210,true,1,161120
7290110328504,false,פתיתים מוצרלה/סקנדינ,,,מיקס מוצרלה/סקנדינבית וגאודה 300 גר,גרמים,300.00,100 גרם,false,1,26.90,8.9667,true,1,162981
7290110328627,false,יוגורט גו יופלה סמיך,,,יוגורט יופלה גו במרקם סמיך בננה קרמל 0%,גרמים,200.00,100 גרם,false,12,5.90,2.9500,true,1,164532
7290110328764,false,יוגורט גו במרקם סמיך,,,יוגורט יופלה גו במרקם סמיך תות 0% 200 גר,גרמים,200.00,100 גרם,false,12,5.90,2.9500,true,1,164534
7290110328771,false,יוגורט יופלה גו סמיך,,,יוגורט יופלה גו במרקם סמיך פירות יער 0%,גרמים,200.00,100 גרם,false,12,5.90,2.9500,true,1,164533
7290110328788,false,יוגורט גו יופלה סמיך,,,יוגורט יופלה גו במרקם סמיך אפרסק 0% 200,גרמים,200.00,100 גרם,false,12,5.90,2.9500,true,1,164531
7290110328955,false,קוביות גבינת עזים בש,,,קוביות גבינה עזים בשמן מתובל 350 גר,גרמים,350.00,100 גרם,false,6,26.90,7.6857,true,1,170303
7290110329136,false,מעדן חלב גו בטעם שוק,,,מעדן חלב גו בטעם שוקולד 12ג חלבון 120 גר,גרמים,120.00,100 גרם,false,20,4.90,4.0833,true,1,167557
7290110329143,false,מעדן חלב גו בטעם וני,,,מעדן חלב גו בטעם וניל 12ג חלבון 120 גר,גרמים,120.00,100 גרם,false,20,4.90,4.0833,true,1,167555
7290110329266,false,יוגורט מחלב עיזים מל,,,יוגורט תנובה מחלב עיזים מלא 140 גר,גרמים,140.00,100 גרם,false,1,5.90,4.2143,true,1,165465
7290110329273,false,יוגורט מחלב עיזים מל,,,יוגורט תנובה מחלב עיזים מלא 750 גר,גרמים,750.00,100 גרם,false,1,19.90,2.6533,true,1,165466
7290110329303,false,פרוסות בטעם צהובה קל,,,פרוסות בטעם צהובה קלאסית אלטרנטיב 200 גר,גרמים,200.00,100 גרם,false,1,22.90,11.4500,true,1,165470
7290110329426,false,טופו תנובה טבעי עם ר,,,טופו תנובה טבעי עם רוטב קרם קוקוס 310 גר,גרמים,310.00,100 גרם,false,1,13.90,4.4839,true,1,171721
7290110329433,false,טופו תנובה טבעי עם ר,,,טופו תנובה טבעי עם רוטב סצואן 310 גר,גרמים,310.00,100 גרם,false,1,13.90,4.4839,true,1,171722
7290110329686,false,משקה חלב תנובה גו בט,,,משקה חלב תנובה גו בטעם עוגיות 340 מל,מיליליטרים,340.00,"100 מ""ל",false,20,8.50,2.5000,true,1,167554
7290110329792,false,מעדן סויה ביו אפרסק,,,מעדן סויה ביו אפרסק 150 גר,גרמים,150.00,100 גרם,false,1,4.90,3.2667,true,1,169067
7290110329808,false,מעדן סויה ביו תות 15,,,מעדן סויה ביו תות 150 גר,גרמים,150.00,100 גרם,false,1,4.90,3.2667,true,1,169066
7290110329815,false,מעדן סויה ביו מתיקות,,,מעדן סויה ביו מתיקות מעודנת 150 גר,גרמים,150.00,100 גרם,false,1,4.50,3.0000,true,1,169065
7290110329822,false,מעדן סויה ביו פירות,,,מעדן סויה ביו פירות יער 150 גר,גרמים,150.00,100 גרם,false,1,4.90,3.2667,true,1,169064
7290110329846,false,מעדן סויה ביו טבעי 1,,,מעדן סויה ביו טבעי 150 גר,גרמים,150.00,100 גרם,false,1,4.90,3.2667,true,1,169068
7290110550202,false,מטבעות שוקולד חלב לא,,,מטבעות שוקולד חלב לאפיה 400 גר,גרמים,400.00,100 גרם,false,1,34.90,8.7250,true,1,170535
7290110550219,false,מטבעות שוקולד חלב לא,,,מטבעות שוקולד חלב לאפיה 400 גר,גרמים,400.00,100 גרם,false,1,34.90,8.7250,true,1,170537
7290110552220,false,יוגורט דנונה פרו 20,,,יוגורט דנונה פרו 20 תות ללא סוכר 200 גר,גרמים,200.00,100 גרם,false,12,5.90,2.9500,true,1,168728
7290110552237,false,יוגורט דנונה פרו 20,,,יוגורט דנונה פרו 20 אפרסק מנגו ללס 200 ג,גרמים,200.00,100 גרם,false,12,5.90,2.9500,true,1,168729
7290110552817,false,מסטיק מאסט בטעם גליד,STRAUSS-ISRAEL,,מסטיק מאסט בטעם גלידה לימון 58 גר,גרמים,58.00,100 גרם,false,12,9.90,17.0690,true,1,171888
7290110553012,false,מארז פלטינום קלאסיק,STRAUSS-ISRAEL,,מארז פלטינום קלאסיק עם ריפיל פסח 250 גר,גרמים,250.00,100 גרם,false,6,24.90,9.9600,true,1,169963
7290110553098,false,מיקס אגוזים אנרגי 10,,,מיקס אגוזים אנרגי 100 גר,גרמים,100.00,100 גרם,false,1,17.90,17.9000,true,1,172568
7290110553180,false,פריכיות אנרגי בטעם ת,,,פריכיות אנרגי בטעם תפוח קינמון 40 גר,גרמים,40.00,100 גרם,false,1,6.90,17.2500,true,1,172989
7290110553340,false,אייס נמס מילקשייק מל,,,אייס נמס מילקשייק מלבי 200 גר,גרמים,200.00,100 גרם,false,8,15.90,7.9500,true,1,171239
7290110553425,false,קפה נמס עלית 200 גר+,STRAUSS-ISRAEL,,קפה נמס עלית 200 גר+20% תוספת,גרמים,240.00,100 גרם,false,12,19.90,8.2917,true,1,168954
7290110554262,false,מלבין קפה 350 גר,,,מלבין קפה 350 גר,גרמים,350.00,100 גרם,false,1,24.90,7.1143,true,1,169855
7290110554422,false,רוטב עגבניות ופלפלים,,,רוטב עגבניות ופלפלים לשקשוקה יד מרדכי,גרמים,350.00,100 גרם,false,1,10.90,3.1143,true,1,169225
7290110554460,false,חטיף ציטוס קראנץ צדר,,,חטיף ציטוס קראנץ צדר חלפיניו 65 גר,גרמים,65.00,100 גרם,false,48,4.30,6.6154,true,1,171159
7290110554477,false,קפסולות קפה אספרסו ל,,,קפסולות קפה אספרסו לאפוגטו מייפל פקאן 50,גרמים,50.00,100 גרם,false,12,15.90,31.8000,true,1,171241
7290110554507,false,קפה טורקי תימני 100,STRAUSS-ISRAEL,,קפה טורקי תימני 100 גר,גרמים,100.00,100 גרם,false,25,9.90,9.9000,true,1,171236
7290110554514,false,קפה טורקי אתיופי 100,STRAUSS-ISRAEL,,קפה טורקי אתיופי 100 גר,גרמים,100.00,100 גרם,false,25,9.90,9.9000,true,1,171237
7290110554545,false,קפסולות קפה אספרסו ל,,,קפסולות קפה אספרסו לאפוגטו קוקוס 50 גר,גרמים,50.00,100 גרם,false,12,15.90,31.8000,true,1,171240
7290110554705,false,קפסולות קפה בתי קליה,,,קפסולות קפה בתי קליה יוניקו 50 גר,גרמים,50.00,100 גרם,false,1,19.90,39.8000,true,1,172985
7290110554712,false,קפסולות קפה בתי קליה,,,קפסולות קפה בתי קליה נחת 50 גר,גרמים,50.00,100 גרם,false,1,19.90,39.8000,true,1,172986
7290110555009,false,מחית עגבניות פסאטה ז,,,מחית עגבניות פסאטה זוגות 700 גר,גרמים,700.00,100 גרם,false,1,14.90,2.1286,true,1,170539
7290110556242,false,שוקולד מריר פרה 100,STRAUSS-ISRAEL,,שוקולד מריר פרה 100 גר,גרמים,100.00,100 גרם,false,1,4.90,4.9000,true,1,173045
7290110557102,false,מעדן חלב עם שוקולד מ,,,מעדן חלב עם שוקולד מועשר בחלבון 150 גר,גרמים,150.00,100 גרם,false,1,4.90,3.2667,true,1,166011
7290110557133,false,מעדן הגולן וניל 125,,,מעדן הגולן וניל 125 גר,גרמים,125.00,100 גרם,false,24,2.90,2.3200,true,1,167308
7290110557645,false,מיקס צימוקים חמוציות,,,מיקס צימוקים חמוציות אנרגי 100 גר,גרמים,100.00,100 גרם,false,1,17.90,17.9000,true,1,172569
7290110558130,false,יוגורט אקטיביה עם שי,,,יוגורט אקטיביה עם שיבולת שועל ודבש 150 ג,גרמים,150.00,100 גרם,false,24,4.60,3.0667,true,1,171242
7290110558284,false,יוגורט דנונה ביו מול,STRAUSS-ISRAEL,,יוגורט דנונה ביו מולטי 200 גר,גרמים,200.00,100 גרם,false,24,3.90,1.9500,true,1,171882
7290110558314,false,דנונה פרו 20 גר ללא,,,דנונה פרו 20 גר ללא סוכר פיסטוק 200 גר,גרמים,200.00,100 גרם,false,12,5.90,2.9500,true,1,172562
7290110558666,false,מעדן גבינה דניאלה בט,STRAUSS-ISRAEL,,מעדן גבינה דניאלה בטעם תפוח 88 גר,גרמים,88.00,100 גרם,false,24,4.10,4.6591,true,1,173819
7290110559007,false,שעועית חומה טעם הטבע,,,שעועית חומה טעם הטבע 380 גר,גרמים,380.00,100 גרם,false,16,6.90,1.8158,true,1,172555
7290110559014,false,שעועית שחורה טעם הטב,,,שעועית שחורה טעם הטבע 380 גר,גרמים,380.00,100 גרם,false,16,6.90,1.8158,true,1,172554
7290110559748,false,מאגדת רייל שקד קוקוס,,,מאגדת רייל שקד קוקוס שוקולד מריר 105 גר,גרמים,105.00,100 גרם,false,1,16.90,16.0952,true,1,172074
7290110559755,false,מאגדת רייל בוטנים פי,,,מאגדת רייל בוטנים פיסטוק חמוציות 105 גר,גרמים,105.00,100 גרם,false,1,16.90,16.0952,true,1,172073
7290110559762,false,מאגדת רייל אגוזים תמ,,,מאגדת רייל אגוזים תמרים קוקוס 105 גר,גרמים,105.00,100 גרם,false,1,16.90,16.0952,true,1,172072
7290110560317,false,פריכיות משולש מלח ים,,,פריכיות משולש אנרגי מלח ים 30 גר,גרמים,30.00,100 גרם,false,1,5.90,19.6667,true,1,146769
7290110560324,false,פריכיות משולש אפונה,,,פריכיות משולש אנרגי אפונה ירוקה 30 גר,גרמים,30.00,100 גרם,false,1,4.90,16.3333,true,1,146770
7290110561352,false,יוגורט דנונה דל לקטו,,,יוגורט דנונה דל לקטוז 200 גר,גרמים,200.00,100 גרם,false,1,3.60,1.8000,true,1,142315
7290110561604,false,מעדן גמדים תות בננה,,,מעדן גמדים תות בננה 100 גר שמינייה,גרמים,800.00,100 גרם,false,1,17.90,2.2375,true,1,140678
7290110563431,false,משקה אייס קפה יטבתה,,,"משקה אייס קפה יטבתה בסגנון קלאסי 230 מ""ל",מיליליטרים,230.00,"100 מ""ל",false,1,7.90,3.4348,true,1,148853
7290110563448,false,משקה אייס קפה יטבתה,,,"משקה אייס קפה יטבתה בסגנון מעודן 230 מ""ל",מיליליטרים,230.00,"100 מ""ל",false,1,7.90,3.4348,true,1,148852
7290110563462,false,חלב נטול לקטוז 2% 1,,,חלב נטול לקטוז 2% 1 ל,ליטרים,1.00,ליטר,false,1,8.50,8.5000,true,1,149485
7290110564339,false,חומוס אחלה עשיר 30%,,,חומוס אחלה עשיר 30% טחינה 400 גר,גרמים,400.00,100 גרם,false,1,13.90,3.4750,true,1,140686
7290110564360,false,חומוס אחלה עשיר 40%,,,חומוס אחלה עשיר 40% טחינה 400 גר,גרמים,400.00,100 גרם,false,1,13.90,3.4750,true,1,140687
7290110564742,false,משקה אייס קפה יטבתה,,,"משקה אייס קפה יטבתה חזק 230 מ""ל",מיליליטרים,230.00,"100 מ""ל",false,1,7.90,3.4348,true,1,148851
7290110565435,false,גלי לימבו פטל חלבי ש,STRAUSS-ISRAEL,,"ג""לי לימבו בטעם פטל",גרמים,125.00,100 גרם,false,1,2.00,1.6000,true,1,140493
7290110565527,false,יוגורט דנונה פרו עשי,,,יוגורט דנונה פרו עשיר בחלבון 200 גר,גרמים,200.00,100 גרם,false,1,5.90,2.9500,true,1,139650
7290110566623,false,קפסולות קפה קולומביה,STRAUSS-ISRAEL,,קפסולות קולומביה 50 גר,גרמים,50.00,100 גרם,false,1,15.90,31.8000,true,1,143335
7290110566975,false,יוגורט דנונה פרו תות,,,יוגורט דנונה פרו תות 200 גר,גרמים,200.00,100 גרם,false,1,5.90,2.9500,true,1,141753
7290110568238,false,קצפת צמחית יטבתה 21%,שטראוס,,קצפת צמחית יטבתה 21% 250 גר,גרמים,250.00,100 גרם,false,1,7.90,3.1600,true,1,143354
7290110568276,false,משקה יטבתה פרו וניל,,,משקה יטבתה פרו וניל 350 גר,מיליליטרים,350.00,"100 מ""ל",false,8,6.50,1.8571,true,1,142986
7290110568498,false,קונפיטורת תות שדה במ,,,קונפיטורת תות במתיקות מעדנת יד מרדכי,גרמים,265.00,100 גרם,false,6,12.90,4.8679,true,1,150119
7290110568511,false,קונפיטורת פירות יער,,,קונפיטורת פירות יער יד מרדכי 265 גר,גרמים,265.00,100 גרם,false,6,12.90,4.8679,true,1,150118
7290110570224,false,משקה קפה קר יטבתה בט,,,משקה קפה קר יטבתה בטעם עוגיות 230 מל,מיליליטרים,230.00,"100 מ""ל",false,10,7.90,3.4348,true,1,171089
7290110571184,false,עדשים חומות טעם הטבע,,,עדשים חומות טעם הטבע 380 גר,גרמים,380.00,100 גרם,false,16,6.90,1.8158,true,1,172556
7290110571375,false,שקדים קוקוס ושוקולד,,,שקדים קוקוס ושוקולד אנרגי 100 גר,גרמים,100.00,100 גרם,false,1,17.90,17.9000,true,1,172570
7290110571382,false,מעדן חלב בטעם וניל מ,,,מעדן חלב בטעם וניל מועשר בחלבון 150 גר,גרמים,150.00,100 גרם,false,12,4.90,3.2667,true,1,169623
7290110571399,false,מסטיק מאסט בטעם גליד,STRAUSS-ISRAEL,,מסטיק מאסט בטעם גלידה תות 58 גר,גרמים,58.00,100 גרם,false,12,9.90,17.0690,true,1,171889
7290110571405,false,מיני פינוקיות בגביע,,,מיני פינוקיות בגביע פסק זמן 180 גר,גרמים,180.00,100 גרם,false,12,10.90,6.0556,true,1,173224
7290110571412,false,מיני פינוקיות בגביע,,,מיני פינוקיות בגביע פאדג 180 גר,גרמים,180.00,100 גרם,false,12,10.90,6.0556,true,1,173225
7290110571474,false,גלילי וופל רבע לשבע,הגביע מוצרי וופלים ב,,גלילי וופל רבע לשבע פופקורן 125 גר,גרמים,200.00,100 גרם,false,14,9.90,4.9500,true,1,171885
7290110572129,false,חטיף כיף כף מקלות שו,,,חטיף כיף כף מקלות שוקולד לבן 40 גר,גרמים,40.00,100 גרם,false,1,4.90,12.2500,true,1,173812
7290110572884,false,קפסולות קפה אספרסו 5,STRAUSS-ISRAEL,,קפסולות קפה אספרסו 50 גר,גרמים,50.00,100 גרם,false,1,15.90,31.8000,true,1,173813
7290110572976,false,חטיף כיף כף פצפצים ק,,,חטיף כיף כף פצפצים קרם לבן 135 גר,גרמים,135.00,100 גרם,false,24,9.90,7.3333,true,1,172552
7290110576356,false,שוקולד ספלנדיד מריר,,,שוקולד ספלנדיד מריר פרו 100 גר,גרמים,100.00,100 גרם,false,1,8.90,8.9000,true,1,172070
7290110576363,false,שוקולד ספלנדיד מריר,,,שוקולד ספלנדיד מריר אוגנדה 100 גר,גרמים,100.00,100 גרם,false,1,8.90,8.9000,true,1,172071
7290110576370,false,שלישיית שוקולד אגוז,,,שלישיית שוקולד אגוז מריר 100 גר,גרמים,300.00,100 גרם,false,1,24.90,8.3000,true,1,172983
7290110576387,false,שלישיית שוקולד אגוז,,,שלישיית שוקולד אגוז חלב 100 גר,גרמים,300.00,100 גרם,false,1,24.90,8.3000,true,1,172982
7290110576752,false,שוקולד ספלנדיד מריר,STRAUSS-ISRAEL,,שוקולד ספלנדיד מריר 70% 100 גר,גרמים,100.00,100 גרם,false,1,9.90,9.9000,true,1,173814
7290110576776,false,שוקולד ספלנדיד מריר,STRAUSS-ISRAEL,,שוקולד ספלנדיד מריר 85% 100 גר,גרמים,100.00,100 גרם,false,1,9.90,9.9000,true,1,173815
7290110576868,false,גבינה לבנה גמדים סלט,STRAUSS-ISRAEL,,גבינה לבנה גמדים סלט פירות 100 גר רביעיה,גרמים,400.00,100 גרם,false,12,10.90,2.7250,true,1,173822
7290110577230,false,משקה חלב בטעם פיסטוק,STRAUSS-ISRAEL,,משקה חלב בטעם פיסטוק 1 ל,ליטרים,1.00,ליטר,false,12,11.90,11.9000,true,1,173816
7290110577247,false,משקה חלב בטעם פיסטוק,STRAUSS-ISRAEL,,משקה חלב בטעם פיסטוק 350 מל,מיליליטרים,350.00,"100 מ""ל",false,6,6.40,1.8286,true,1,173817
7290111093005,false,מגבונים להסרת איפור,,,מגבונים I-CARE להסרת איפור 25 יח,Unknown,0.00,Unknown,false,24,7.90,0.0000,true,1,148082
7290111093760,false,מגבונים לחים קוויק ל,,,מגבונים לחים קוויק לניקוי רצפות מרכך 10,Unknown,0.00,Unknown,false,12,10.90,0.0000,true,1,169532
7290111097546,false,מגבונים לניקוי כללי,,,מגבונים לניקוי כללי קוויק בניחוח מרכך 50,Unknown,0.00,Unknown,false,18,8.90,0.0000,true,1,169533
7290111097836,false,מגבוני קוויק דוחה אב,,,מגבוני קוויק דוחה אבק בניחוח מרכך 50 יח,Unknown,0.00,Unknown,false,18,8.90,0.0000,true,1,169534
7290111340178,false,מטליות לחות לניקוי כ,עלבד,,מטליות לחות לניקוי כללי דוחה אבק 50 יח,Unknown,0.00,Unknown,false,1,9.90,0.0000,true,1,137520
7290111341984,false,נייר טואלט לח לילי ר,,,נייר טואלט לח לילי רביעייה,Unknown,0.00,Unknown,false,1,19.90,0.0000,true,1,153289
7290111341991,false,נייר טואלט לח לילי ס,עלבד,,נייר טואלט לח לילי סופרים 48 יח,Unknown,0.00,Unknown,false,1,7.90,0.0000,true,1,151371
7290111342004,false,נייר טואלט לח לילי ק,עלבד,,נייר טואלט לח לילי קידס 56 יח,Unknown,0.00,Unknown,false,1,7.90,0.0000,true,1,151370
7290111342059,false,מטליות לחות אנטיבקטר,,,מטליות לחות אנטיבקטריאלי ניקול,Unknown,0.00,Unknown,false,1,9.90,0.0000,true,1,155850
7290111344206,false,רביעיית מגבוני האגיס,,,רביעיית מגבוני האגיס נטורל קייר מבושם,Unknown,0.00,Unknown,false,1,17.90,0.0000,true,1,168057
7290111344879,false,מגן תחתון קוטקס 2 ב,,,מגן תחתון קוטקס 2 ב 1 לארג,Unknown,0.00,Unknown,false,1,16.80,0.0000,true,1,169573
7290111344930,false,מטליות לחות רצפה ספא,עלבד,,מטליות לחות רצפה ספא בניחוח מרכך כביסה,Unknown,0.00,Unknown,false,12,10.90,0.0000,true,1,167323
7290111346293,false,נייר מגבת מהדורה 6 י,,,נייר מגבת מהדורה 6 יח,Unknown,0.00,Unknown,false,1,11.90,0.0000,true,1,170802
7290111350030,false,רסק תפוחי עץ 670 גר,,,רסק תפוחי עץ 670 גר,גרמים,670.00,100 גרם,false,1,10.90,1.6269,true,1,172944
7290111350665,false,דבש טהור לחיץ קליית,,,דבש טהור לחיץ קליית גת 350 גר,גרמים,350.00,100 גרם,false,1,19.90,5.6857,true,1,152534
7290111350672,false,דבש טהור קליית גת 70,,,דבש טהור קליית גת 700 גר בצנצנת,גרמים,700.00,100 גרם,false,1,29.90,4.2714,true,1,152535
7290111350726,false,חטיף תירס נאצוס בסגנ,,,חטיף תירס נאצוס בסגנון מקסיקני 322 גר,גרמים,322.00,100 גרם,false,1,15.90,4.9379,true,1,150847
7290111354038,false,עגבניות חתוכות דק 40,,,עגבניות חתוכות דק 400 גר שלישייה,גרמים,1200.00,100 גרם,false,1,14.90,1.2417,true,1,170069
7290111354243,false,טורטייה מקמח חיטה 54,,,טורטייה מקמח חיטה 540 גר,גרמים,540.00,100 גרם,false,1,11.90,2.2037,true,1,170421
7290111563492,false,סלטי צבר מטבוחה חריפ,צבר,,סלטי צבר מטבוחה חריפה 400 גר,גרמים,400.00,100 גרם,false,1,12.90,3.2250,true,1,141975
7290111564277,false,פריכיות פיטנס 3 דגני,,,פריכיות פיטנס 3 דגנים דקות 120 גר,גרמים,120.00,100 גרם,false,1,9.90,8.2500,true,1,137352
7290111564291,false,פריכיות פיטנס דקות ע,,,פריכיות פיטנס דקות עם קינואה 120 גר,גרמים,120.00,100 גרם,false,1,9.90,8.2500,true,1,137353
7290111564666,false,כדורי בשר טבעול מן ה,טבעול ישראל,,כדורי בשר טבעול מן הצומח 500 גר,גרמים,500.00,100 גרם,false,1,29.90,5.9800,true,1,140832
7290111564727,false,עוגיות קרמוגית במילו,אסם,,עוגיות קרמוגית במילוי קרם אגוזים 200 גר,גרמים,200.00,100 גרם,false,1,9.90,4.9500,true,1,139737
7290111565038,false,לה קרמריה וניל קוקיל,,,לה קרמריה וניל קוקילידה 1.4 ל,ליטרים,1.40,ליטר,false,1,18.90,13.5000,true,1,142579
7290111566103,false,פלאפל ביתי טבעול 590,טבעול ישראל,,פלאפל ביתי טבעול 590 גר,גרמים,590.00,100 גרם,false,1,29.90,5.0678,true,1,140814
7290111566226,false,טבעול שניצל ברוקולי,טבעול ישראל,,טבעול שניצל ברוקולי 667 גר,גרמים,667.00,100 גרם,false,1,29.90,4.4828,true,1,140811
7290111566271,false,חטיפי תירס טבעול 657,טבעול ישראל,,חטיפי תירס טבעול 657 גר,גרמים,657.00,100 גרם,false,1,29.90,4.5510,true,1,140831
7290111566318,false,טבעול שניצל דק מן הצ,טבעול ישראל,,טבעול שניצל דק מן הצומח 564 גר,גרמים,564.00,100 גרם,false,1,29.90,5.3014,true,1,140807
7290111566332,false,טבעול נקניקיה וינר 6,טבעול ישראל,,טבעול נקניקיה וינר 680 גר,גרמים,680.00,100 גרם,false,1,29.90,4.3971,true,1,140809
7290111566417,false,טבעול טחון מן הצומח,טבעול ישראל,,טבעול טחון מן הצומח 500 גר,גרמים,500.00,100 גרם,false,1,29.90,5.9800,true,1,140822
7290111566547,false,טבעול חזה בגריל צמחי,טבעול ישראל,,טבעול חזה בגריל צמחי 560 גר,גרמים,560.00,100 גרם,false,1,29.90,5.3393,true,1,140820
7290111566585,false,טבעול שניצל מן הצומח,טבעול ישראל,,טבעול שניצל מן הצומח 650 גר,גרמים,650.00,100 גרם,false,1,29.90,4.6000,true,1,140819
7290111566691,false,שניצל תרד טבעול 99 ק,,,שניצל תרד טבעול 99 קלוריות 560 גר,גרמים,560.00,100 גרם,false,1,29.90,5.3393,true,1,140817
7290111566714,false,טבעול המבורגר לייט 6,טבעול ישראל,,טבעול המבורגר לייט 600 גר,גרמים,600.00,100 גרם,false,1,29.90,4.9833,true,1,140818
7290111566752,false,שניצל תירס לייט טבעו,טבעול ישראל,,שניצל תירס לייט טבעול 693 גר,גרמים,693.00,100 גרם,false,1,29.90,4.3146,true,1,140815
7290111566776,false,טבעול נקניקיה קוקטיי,טבעול ישראל,,טבעול נקניקיה קוקטייל 680 גר,גרמים,680.00,100 גרם,false,1,29.90,4.3971,true,1,140810
7290111568206,false,ביסלי פארטי מיקס 150,אסם,,ביסלי פארטי מיקס 150 גר,גרמים,150.00,100 גרם,false,1,7.90,5.2667,true,1,141956
7290111568275,false,אטריות נודלס אסם אור,,,אטריות נודלס אסם אורז רחבות 300 גר,גרמים,300.00,100 גרם,false,1,9.90,3.3000,true,1,142209
7290111568299,false,אטריות נודלס אסם עם,,,אטריות נודלס אסם עם תרד 300 גר,גרמים,300.00,100 גרם,false,1,9.90,3.3000,true,1,142212
7290111568961,false,בייגלה טבעות מלח 400,אסם,,בייגלה טבעות מלח 400 גר,גרמים,400.00,100 גרם,false,1,9.90,2.4750,true,1,143320
7290111932502,false,משחת שיניים קולגייט,,MX,משחת שיניים קולגייט אופטיק וויט אקספרט,מיליליטרים,75.00,"100 מ""ל",false,48,27.90,37.2000,true,1,144195
7290111932779,false,קרם גוף בלונס במרקם,,,קרם גוף בלונס במרקם מוס מעושר בפטאיה 150,מיליליטרים,150.00,"100 מ""ל",false,1,19.90,13.2667,true,1,173718
7290111932786,false,גל לניקוי פנים בלונס,,,גל לניקוי פנים בלונס רגיל יבש 250 מל,מיליליטרים,250.00,"100 מ""ל",false,1,19.90,7.9600,true,1,173720
7290111932793,false,גל לניקוי פנים בלונס,,,גל לניקוי פנים בלונס שמן מעורב 250 מל,מיליליטרים,250.00,"100 מ""ל",false,1,19.90,7.9600,true,1,173721
7290111932823,false,קרם גוף בלונס במרקם,,,קרם גוף בלונס במרקם מוס מעושר בפינגרליים,מיליליטרים,150.00,"100 מ""ל",false,1,19.90,13.2667,true,1,173719
7290111933554,false,עגבניות מאסטר שף קוב,,IT,עגבניות מאסטר שף קוביות 400 גר שלישייה,גרמים,1200.00,100 גרם,false,8,14.90,1.2417,true,1,144197
7290111935923,false,זיתים חרוזית מאסטר ש,אסיטורנס קזורלה,ES,זיתים חרוזית מאסטר שף 370 גר,גרמים,370.00,100 גרם,false,12,7.90,2.1351,true,1,150603
7290111935961,false,מחית עגבניות מאסטר ש,קליסה,IT,מחית עגבניות מאסטר שף 690 גר,גרמים,690.00,100 גרם,false,12,9.90,1.4348,true,1,149832
7290111937729,false,קרם גוף בלונס שקדים,,,קרם גוף בלונס שקדים 200 מל,מיליליטרים,200.00,"100 מ""ל",false,1,19.90,9.9500,true,1,173717
7290112000736,false,טבליות פיניש אול אין,רקיט,,טבליות פיניש אול אין וואן 80 יח,גרמים,1280.00,100 גרם,false,1,54.90,4.2891,true,1,143063
7290112001016,false,מכשיר איירוויק פרשמט,,,מכשיר איירוויק פרשמטיק פיור תענוגות האב,Unknown,0.00,Unknown,false,1,39.90,0.0000,true,1,146683
7290112001122,false,טבליות למדיח פיניש א,,,טבליות למדיח פיניש אול ין ואן 52 יח,Unknown,0.00,Unknown,false,1,37.90,0.0000,true,1,149587
7290112002099,false,גל כביסה קולון כחול,,,גל כביסה קולון כחול 2.5 ל,ליטרים,2.50,ליטר,false,1,24.90,9.9600,true,1,154302
7290112002112,false,גל כביסה קולון בניחו,,,גל כביסה קולון בניחוח ורדים ורוד 2.5 ל,ליטרים,2.50,ליטר,false,1,24.90,9.9600,true,1,154301
7290112002136,false,גל כביסה קולון כחול,,,גל כביסה קולון כחול 4 ל,ליטרים,4.00,ליטר,false,1,35.90,8.9750,true,1,154857
7290112002150,false,קולון גל בניחוח ורדי,,,קולון גל 4 ל בניחוח ורדים,ליטרים,4.00,ליטר,false,1,35.90,8.9750,true,1,159106
7290112003140,false,אירוויק מילוי פרשמטי,,,אירוויק מילוי פרשמטיק פיור בניחוח מנגו,Unknown,0.00,Unknown,false,12,14.90,0.0000,true,1,162387
7290112003188,false,קולון גל קפסולות 60,,IT,קולון גל קפסולות 60 יח,Unknown,0.00,Unknown,false,1,49.90,0.0000,true,1,159983
7290112003959,false,אבקה להסרת כתמים וני,,,אבקה להסרת כתמים וניש ורוד 470 גר,גרמים,470.00,100 גרם,false,12,14.80,3.1489,true,1,167403
7290112003973,false,אבקה להסרת כתמים וני,,,אבקה להסרת כתמים וניש ורוד 1.35 קג,קילוגרמים,1.35,"ק""ג",false,6,29.80,22.0741,true,1,167401
7290112004413,false,וניש אוקסי ספריי לבן,,,וניש אוקסי ספריי לבן להסרת כתמים 750 מל,מיליליטרים,750.00,"100 מ""ל",false,1,16.90,2.2533,true,1,170730
7290112004611,false,גל מרוכז לטיפול בכתמ,,,גל מרוכז לטיפול בכתמים וניש 200 מל,מיליליטרים,200.00,"100 מ""ל",false,1,16.90,8.4500,true,1,169575
7290112004970,false,קפסולות פיניש אולטימ,,,קפסולות פיניש אולטימיט 50 יח,Unknown,0.00,Unknown,false,1,59.90,0.0000,true,1,172937
7290112005045,false,אבקה לבן וניש גולד 4,,,אבקה לבן וניש גולד 480 גר,גרמים,480.00,100 גרם,false,1,16.90,3.5208,true,1,173971
7290112005052,false,אבקה לבן וניש גולד א,,,אבקה לבן וניש גולד אריזת חיסכון 1.5 קג,קילוגרמים,1.50,"ק""ג",false,1,39.90,26.6000,true,1,173973
7290112005076,false,אבקה ורוד וניש גולד,,,אבקה ורוד וניש גולד 480 גר,גרמים,480.00,100 גרם,false,1,16.90,3.5208,true,1,173970
7290112005083,false,אבקה ורוד וניש גולד,,,אבקה ורוד וניש גולד אריזת חיסכון 1.5 קג,קילוגרמים,1.50,"ק""ג",false,1,39.90,26.6000,true,1,173972
7290112012371,false,רוטב עגבניות לפסטה 3,,,רוטב עגבניות לפסטה 390 גר,גרמים,390.00,100 גרם,false,9,9.90,2.5385,true,1,160401
7290112190635,false,מגבונים לחים ירוק 72,,,מגבונים לחים ירוק 72 יח,Unknown,0.00,Unknown,false,1,3.90,0.0000,true,1,169327
7290112330352,false,יוגורט דנונה פרו וני,,,יוגורט דנונה פרו וניל 0% 200 גר,גרמים,200.00,100 גרם,false,12,5.90,2.9500,true,1,150887
7290112330390,false,יוגורט דנונה פרו פיר,,,יוגורט דנונה פרו פירות יער0% 200 גר,גרמים,200.00,100 גרם,false,12,5.90,2.9500,true,1,150888
7290112332585,false,פריכיות משולש סלק ומ,,,"פריכיות משולש תפו""א/אורז סלק ומלח ים 30",גרמים,30.00,100 גרם,false,24,4.90,16.3333,true,1,151325
7290112332691,false,עוגיות עלית קרם פסק,,,עוגיות עלית קרם פסק זמן 200 גר,גרמים,200.00,100 גרם,false,14,10.90,5.4500,true,1,151712
7290112332899,false,מסטיק בזוקה פופים קל,STRAUSS-ISRAEL,,מסטיק בזוקה פופיס קלאסי 58 גר,גרמים,58.00,100 גרם,false,12,9.90,17.0690,true,1,151324
7290112334749,false,קפה טורקי קלוי וטחון,STRAUSS-ISRAEL,,קפה טורקי עלית שקית תוספת 10%,גרמים,220.00,100 גרם,false,24,14.90,6.7727,true,1,151469
7290112335043,false,מרשמלו עלית בזוקה 15,STRAUSS-ISRAEL,,"מרשמלו עלית בזוקה 150 גר כשל""פ",גרמים,150.00,100 גרם,false,1,5.90,3.9333,true,1,149762
7290112335050,false,מרשמלו עלית בטעם וני,STRAUSS-ISRAEL,,"מרשמלו עלית בטעם וניל 150 גר כשל""פ",גרמים,150.00,100 גרם,false,1,5.90,3.9333,true,1,149761
7290112335487,false,הפריכיות הטעימות קצח,,,הפריכיות הטעימות קצח ודגנים 135 גר,גרמים,135.00,100 גרם,false,12,9.90,7.3333,true,1,150877
7290112335494,false,הפריכיות הטעימות פוט,,,הפריכיות הטעימות פוטטוס 135 גר,גרמים,135.00,100 גרם,false,12,9.90,7.3333,true,1,150876
7290112335500,false,הפריכיות הטעימות חלב,,,הפריכיות הטעימות חלבון 135 גר,גרמים,135.00,100 גרם,false,12,9.90,7.3333,true,1,150879
7290112336637,false,סוכריות מאסט יוגורט,MIESZKO S.A - MS. JO,,סוכריות מאסט יוגורט תות אוכמניות ללא סוכ,גרמים,80.00,100 גרם,false,12,6.90,8.6250,true,1,153080
7290112336644,false,סוכריות מאסט ללא סוכ,MIESZKO S.A - MS. JO,,סוכריות מאסט לימון ללא סוכר 80 גר,גרמים,80.00,100 גרם,false,12,6.90,8.6250,true,1,153081
7290112336651,false,סוכריות מאסט ללא סוכ,MIESZKO S.A - MS. JO,,סוכריות מאסט ריבת חלב ללא סוכר 80 גר,גרמים,80.00,100 גרם,false,12,6.90,8.6250,true,1,153084
7290112337474,false,סוכריות מאסט ללא סוכ,MIESZKO S.A - MS. JO,,סוכריות מאסט פטל לימון ללא סוכר 80 גר,גרמים,80.00,100 גרם,false,12,6.90,8.6250,true,1,153082
7290112337481,false,סוכריות מאסט ללא סוכ,MIESZKO S.A - MS. JO,,סוכריות מאסט קפוצינו ללא סוכר 80 גר,גרמים,80.00,100 גרם,false,12,6.90,8.6250,true,1,153083
7290112338877,false,מעדן גבינה סקי תות 1,STRAUSS-ISRAEL,,מעדן גבינה סקי תות 125 גר,גרמים,125.00,100 גרם,false,24,3.70,2.9600,true,1,147355
7290112339171,false,מעדן מילקי מוס שוקול,,,מעדן מילקי מוס שוקולד וקצפת 81 גר,גרמים,81.00,100 גרם,false,24,3.40,4.1975,true,1,147359
7290112339362,false,יוגורט דנונה לייט אנ,,,יוגורט דנונה לייט אנד פריי בטעם קפוצינו,גרמים,150.00,100 גרם,false,24,4.90,3.2667,true,1,154094
7290112339867,false,גבינה לבנה גמדים סקו,,,גבינה לבנה גמדים סקוויז תות לדרך 100 גר,גרמים,100.00,100 גרם,false,1,5.90,5.9000,true,1,148845
7290112339874,false,גבינה לבנה גמדים סקו,,,גבינה לבנה גמדים סקוויז תות בננה לדרך,גרמים,100.00,100 גרם,false,1,5.90,5.9000,true,1,148846
7290112340122,false,הפריכיות הטעימות 3 ד,,,הפריכיות הטעימות 3 דגנים 135 גר,גרמים,135.00,100 גרם,false,12,9.90,7.3333,true,1,150878
7290112340245,false,מסטיק מאסט בטעם דובד,,,מסטיק מאסט דובדבן בצנצנת 66 גר,גרמים,66.00,100 גרם,false,12,9.90,15.0000,true,1,150116
7290112341556,false,יוגורט אקטיביה עם צי,,,יוגורט אקטיביה עם ציה ותות 150 גר,גרמים,150.00,100 גרם,false,24,4.60,3.0667,true,1,153046
7290112341679,false,יוגורט אקטיביה 3% 20,,,יוגורט אקטיביה 3% 200 גר,גרמים,200.00,100 גרם,false,24,3.90,1.9500,true,1,153048
7290112341686,false,יוגורט פרוביוטי 3% א,STRAUSS-ISRAEL,,מארז אקטיביה 3% 150 גר שמינייה,גרמים,1200.00,100 גרם,false,3,19.90,1.6583,true,1,153042
7290112342195,false,חטיף תפוציפס מקלות ט,STRAUSS-ISRAEL,,תפוציפס מקלות טבעי 200 גר,גרמים,200.00,100 גרם,false,12,10.90,5.4500,true,1,155110
7290112342515,false,דוריטוס קול ראנצ 55,STRAUSS-ISRAEL,,דוריטוס קול ראנצ 55 גר,גרמים,55.00,100 גרם,false,48,3.20,5.8182,true,1,155017
7290112343420,false,משקה חלב יטבתה פרו א,,,"משקה חלב יטבתה פרו ארוחת בוקר 350 מ""ל",מיליליטרים,350.00,"100 מ""ל",false,6,7.90,2.2571,true,1,154932
7290112343499,false,חטיף ציטוס פאפס בטעם,STRAUSS-ISRAEL,,ציטוס פאפס בטעם גבינה 55 גר,גרמים,55.00,100 גרם,false,48,3.40,6.1818,true,1,166245
7290112343512,false,חטיף ציטוס פאפס בטעם,STRAUSS-ISRAEL,,חטיף ציטוס פאפס בטעם גבינה 160 גר,גרמים,160.00,100 גרם,false,9,6.90,4.3125,true,1,166246
7290112344724,false,מעדן מילקי בטעם שוקו,,,מעדן מילקי בטעם שוקולד בלונדי 170 גר,גרמים,170.00,100 גרם,false,24,3.40,2.0000,true,1,154940
7290112344755,false,מילקי 26% פחות סוכר,STRAUSS-ISRAEL,,מילקי 26% פחות סוכר 135 גר,גרמים,135.00,100 גרם,false,24,2.90,2.1481,true,1,161887
7290112344786,false,קפה פלטינום קלאסיק 2,STRAUSS-ISRAEL,,קפה פלטינום קלאסיק 200 גר,גרמים,200.00,100 גרם,false,6,24.90,12.4500,true,1,155928
7290112346360,false,בפלות אחת אחת בציפוי,הגביע מוצרי וופלים ב,,בפלות אחת אחת בציפוי שוקולד 240 גר,גרמים,180.00,100 גרם,false,10,13.90,7.7222,true,1,169861
7290112346537,false,עוגיות פינוקיות טורט,,,פינוקיות עוגיות עלית בטעם טורטית 200 גר,גרמים,200.00,100 גרם,false,14,9.90,4.9500,true,1,154967
7290112346629,false,יוגורט עם קורנפלקס מ,STRAUSS-ISRAEL,,יוגורט עם קורנפלקס מצופה שוקולד חלב ולבן,גרמים,172.00,100 גרם,false,24,4.50,2.6163,true,1,158036
7290112346797,false,יוגורט אקטיביה שיבול,,,יוגורט אקטיביה שיבולת שועל ושזיף 150 גר,גרמים,150.00,100 גרם,false,24,4.60,3.0667,true,1,156781
7290112346827,false,משקה יוגורט פטל אקטי,STRAUSS-ISRAEL,,אקטימל ויטמין סי פטל שמינייה,גרמים,864.00,100 גרם,false,1,20.90,2.4190,true,1,161107
7290112347008,false,גמדים ארוחת בוקר תות,,,גמדים ארוחת בוקר תות סקוויז 100 גר,גרמים,100.00,100 גרם,false,7,5.90,5.9000,true,1,154928
7290112348142,false,שעועית לבנה 380 גר,,,שעועית לבנה 380 גר,גרמים,380.00,100 גרם,false,1,6.90,1.8158,true,1,157472
7290112349606,false,מעדן גבינה דניאלה תו,STRAUSS-ISRAEL,,מעדן גבינה דניאלה תות בננה 88 גר,גרמים,88.00,100 גרם,false,24,4.10,4.6591,true,1,168724
7290112349705,false,רוטב עגבניות פומודור,,,רוטב עגבניות פומודורו לפסטה יד מרדכי,גרמים,350.00,100 גרם,false,1,10.90,3.1143,true,1,155941
7290112349736,false,רוטב עגבניות לפסטה ב,,,רוטב עגבניות לפסטה בזיליקום יד מרדכי,גרמים,350.00,100 גרם,false,1,10.90,3.1143,true,1,155940
7290112349750,false,רוטב עגבניות לפיצה י,,,רוטב עגבניות לפיצה יד מרדכי 350 גר,גרמים,350.00,100 גרם,false,1,10.90,3.1143,true,1,155938
7290112349903,false,רוטב שמנת יטבתה עם ג,STRAUSS-ISRAEL,,רוטב שמנת יטבתה עם גרגירי וניל 260 גר,גרמים,260.00,100 גרם,false,18,10.90,4.1923,true,1,170451
7290112350312,false,קפסולות קפה חזק במיו,,,קפסולות קפה עלית חזק במיוחד 50 גר,גרמים,50.00,100 גרם,false,1,15.90,31.8000,true,1,158034
7290112351258,false,עוגיות עלית פינוקיות,,,עוגיות עלית פינוקיות שחור לבן 200 גר,גרמים,200.00,100 גרם,false,14,10.90,5.4500,true,1,159368
7290112351463,false,סוכריות פרש פטל ולימ,ALPRO,,שלישייה סוכריות בטעם פטל ולימון 45 גר,גרמים,45.00,100 גרם,false,8,8.90,19.7778,true,1,158100
7290112351470,false,סוכריות בטעם רימון ת,,,שלישייה סוכריות בטעם רימון תות 45 גר,גרמים,45.00,100 גרם,false,8,7.90,17.5556,true,1,158101
7290112353412,false,פריכיות משולש תפוא/ת,,,"פריכיות משולש תפו""א/תירס/אפונה/סלק/מלח",גרמים,30.00,100 גרם,false,24,4.90,16.3333,true,1,158972
7290112353887,false,משקה אייס קפה יטבתה,,,משקה אייס קפה יטבתה בטעם אגוזים 230 מל,מיליליטרים,230.00,"100 מ""ל",false,1,7.90,3.4348,true,1,158710
7290112354211,false,פיצה מרגריטה קפוא דל,,,פיצה מרגריטה קפוא דלישס 400 גר,גרמים,400.00,100 גרם,false,1,25.90,6.4750,true,1,166621
7290112354945,false,חטיף תפוציפס טבעי 50,STRAUSS-ISRAEL,,חטיף תפוציפס טבעי 50 גר,גרמים,50.00,100 גרם,false,1,3.90,7.8000,true,1,173611
7290112354952,false,חטיף תפוציפס בטעם פפ,STRAUSS-ISRAEL,,חטיף תפוציפס בטעם פפריקה 50 גר,גרמים,50.00,100 גרם,false,1,3.90,7.8000,true,1,173612
7290112354969,false,חטיף תפוציפס טבעי יב,STRAUSS-ISRAEL,,חטיף תפוציפס טבעי יבול חול 200 גר,גרמים,200.00,100 גרם,false,12,10.90,5.4500,true,1,173613
7290112355027,false,יוגורט דנונה פרו קרמ,,,יוגורט דנונה פרו קרמל מלוח 200 גר,גרמים,200.00,100 גרם,false,12,5.90,2.9500,true,1,161885
7290112355102,false,גמדים פאוץ סלט פירות,,,גמדים פאוץ סלט פירות 100 גר,גרמים,100.00,100 גרם,false,7,5.90,5.9000,true,1,162168
7290112355263,false,רוטב שמנת יטבתה עם ש,STRAUSS-ISRAEL,,רוטב שמנת יטבתה עם שוקולד 265 גר,גרמים,265.00,100 גרם,false,18,10.90,4.1132,true,1,170450
7290112355386,false,רוטב שמנת יטבתה בטעם,STRAUSS-ISRAEL,,רוטב שמנת יטבתה בטעם קרמל מלוח 260 גר,גרמים,260.00,100 גרם,false,18,10.90,4.1923,true,1,170449
7290112357045,false,עגבניות איטלקיות מרו,,,עגבניות איטלקיות מרוסקות 390 גר,גרמים,390.00,100 גרם,false,1,6.90,1.7692,true,1,157477
7290112357069,false,מחית עגבניות איטלקיו,,,מחית עגבניות איטלקיות 390 גר,גרמים,390.00,100 גרם,false,1,6.90,1.7692,true,1,157478
7290112357076,false,קוביות עגבניות איטלק,,,קוביות עגבניות איטלקיות 390 גר,גרמים,390.00,100 גרם,false,16,6.90,1.7692,true,1,159369
7290112357083,false,אפונה גינה 380 גר,,,אפונה גינה 380 גר,גרמים,380.00,100 גרם,false,1,6.90,1.8158,true,1,157475
7290112357113,false,גרגרי חומוס 380 גר,,,גרגרי חומוס 380 גר,גרמים,380.00,100 גרם,false,1,6.90,1.8158,true,1,157474
7290112357892,false,סוכריות פרש מנטה 15,,,שלישייה סוכריות מנטה 45 גר,גרמים,45.00,100 גרם,false,8,9.90,22.0000,true,1,158099
7290112358004,false,חטיף שוקולד פסק זמן,STRAUSS-ISRAEL,,פסק זמן קראנץ 32 גר,גרמים,32.00,100 גרם,false,1,4.90,15.3125,true,1,161103
7290112358127,false,יוגורט דנונה פרו 20,,,יוגורט דנונה פרו 20 גר עם מגנזיום 200 גר,גרמים,200.00,100 גרם,false,1,5.90,2.9500,true,1,161098
7290112358219,false,רוטב יד מרדכי צילי מ,,,רוטב יד מרדכי צילי מתוק 300 גר,גרמים,300.00,100 גרם,false,1,13.90,4.6333,true,1,158700
7290112358233,false,רוטב יד מרדכי צילי ח,,,רוטב יד מרדכי צילי חריף 300 גר,גרמים,300.00,100 גרם,false,1,13.90,4.6333,true,1,158979
7290112359735,false,חטיף דוריטוס פלמין ה,STRAUSS-ISRAEL,,דוריטוס פלמין הוט לימון 55 גר,גרמים,55.00,100 גרם,false,48,3.20,5.8182,true,1,164830
7290112490032,false,נמס בכוס תירס 45 גר,יוניליוור,IL,נמס בכוס תירס,גרמים,45.00,100 גרם,false,72,6.90,15.3333,true,1,144469
7290112490117,false,טבלת קליק וופל אגוזי,אתר צפת טבלאות ותעשי,,טבלת קליק וופל אגוזים 85 גר,גרמים,85.00,100 גרם,false,1,5.90,6.9412,true,1,144136
7290112490599,false,חרדל צרפתי עם גרגרים,יוניליוור,,חרדל צרפתי עם גרגרים הלמנס 350 גר,גרמים,350.00,100 גרם,false,1,12.90,3.6857,true,1,143561
7290112490650,false,קונפיטורה 778 תות שד,,,קונפיטורה 778 תות שדה 340 גר,גרמים,340.00,100 גרם,false,1,11.90,3.5000,true,1,143552
7290112490667,false,קונפיטורה 778 משמש 3,אתר חיפה 778,,קונפיטורה 778 משמש 340 גר,גרמים,340.00,100 גרם,false,1,11.90,3.5000,true,1,143554
7290112490674,false,קונפיטורת דובדבן 778,אתר חיפה 778,,קונפיטורת דובדבן 778 340 גר,גרמים,340.00,100 גרם,false,1,11.90,3.5000,true,1,143555
7290112490728,false,מרק עשיר ירקות בורגו,יוניליוור,IL,מרק עשיר ירקות בורגול רכיבים טבעי,גרמים,95.00,100 גרם,false,60,12.90,13.5789,true,1,144475
7290112490742,false,מרק עשיר פטריות גריס,יוניליוור,IL,מרק עשיר פטריות גריסים רכיבים טבע,גרמים,104.00,100 גרם,false,60,12.90,12.4038,true,1,144472
7290112490759,false,מרק עשיר עוף אטריות,יוניליוור,IL,מרק עשיר עוף אטריות רכיבים טבעי,גרמים,74.00,100 גרם,false,60,12.90,17.4324,true,1,144473
7290112490827,false,תרסיס בדין למייבש בי,יוניליוור,IL,"תרסיס בדין למייבש בייבי 500 מ""ל",מיליליטרים,500.00,"100 מ""ל",false,12,14.90,2.9800,true,1,144480
7290112490896,false,רוטב צילי חריף קנור,אתר חיפה 778,,רוטב צילי חריף קנור 370 גר,גרמים,370.00,100 גרם,false,12,9.90,2.6757,true,1,146681
7290112491794,false,בייגל דקים דקים שמנת,BB,IL,בייגל דקים דקים שמנת בצל 300 גר,גרמים,300.00,100 גרם,false,12,9.90,3.3000,true,1,147815
7290112492449,false,פינוק שמפו לשיער רגי,יוניליוור,,פינוק שמפו לשיער רגיל 700 מל,מיליליטרים,700.00,"100 מ""ל",false,12,9.90,1.4143,true,1,157190
7290112492456,false,פינוק שמפו לשיער יבש,יוניליוור,,פינוק שמפו לשיער יבש 700 מל,מיליליטרים,700.00,"100 מ""ל",false,12,9.90,1.4143,true,1,157191
7290112492463,false,פונוק 2 ב-1 לשיער רג,יוניליוור,,פונוק 2 ב-1 לשיער רגיל 700 מל,מיליליטרים,700.00,"100 מ""ל",false,12,9.90,1.4143,true,1,157192
7290112492487,false,שמפו פינוק שמן מרוקא,יוניליוור,,שמפו פינוק שמן מרוקאי 700 מל,מיליליטרים,700.00,"100 מ""ל",false,12,9.90,1.4143,true,1,157193
7290112492531,false,מרכך לשיער רגיל פינו,יוניליוור,IL,"מרכך לשיער רגיל פינוק 700 מ""ל",מיליליטרים,700.00,"100 מ""ל",false,12,9.90,1.4143,true,1,154811
7290112492548,false,מרכך פינוק לשיער יבש,יוניליוור,IL,"מרכך פינוק לשיער יבש 700 מ""ל",מיליליטרים,700.00,"100 מ""ל",false,12,9.90,1.4143,true,1,154815
7290112492722,false,פינוק שמפו ומרכך 2 ב,יוניליוור,IL,פינוק שמפו ומרכך 2 ב-1 לסירוק קל לילדים,מיליליטרים,700.00,"100 מ""ל",false,12,11.90,1.7000,true,1,158263
7290112492968,false,מרק בצל קנור 400 גר,אתר חיפה אבקות,,"מרק בצל קנור 400 גר כשל""פ",גרמים,400.00,100 גרם,false,1,21.80,5.4500,true,1,156156
7290112492999,false,מרק קנור טעם עוף 400,יוניליוור,IL,מרק קנור טעם עוף 400 גרם,גרמים,400.00,100 גרם,false,12,12.90,3.2250,true,1,154792
7290112493088,false,מרק קנור נמס בכוס עד,יוניליוור,IL,מרק קנור נמס בכוס עדשים רכיבים טבעיים,גרמים,54.00,100 גרם,false,72,6.90,12.7778,true,1,151933
7290112493927,false,קרמיסימו ריבת חלב 1.,שטראוס,IL,קרמיסימו ריבת חלב 1.33 ליטר,ליטרים,1.33,ליטר,false,6,18.90,14.2105,true,1,154820
7290112493934,false,קרמיסימו וניל 1.33 ל,שטראוס,IL,קרמיסימו וניל 1.33 ליטר,ליטרים,1.33,ליטר,false,6,18.90,14.2105,true,1,154817
7290112494016,false,מיונז תלמה מופחת שומ,יוניליוור,IL,מיונז תלמה מופחת שומן 500 גר,גרמים,500.00,100 גרם,false,1,10.90,2.1800,true,1,151115
7290112494344,false,קורנפלקס של אלופים 8,יוניליוור,IL,קורנפלקס של אלופים 850 גר,גרמים,850.00,100 גרם,false,8,16.90,1.9882,true,1,156244
7290112494382,false,פירה בטעם ביתי 260 ג,יוניליוור,IL,פירה בטעם ביתי 260 גרם,גרמים,260.00,100 גרם,false,24,10.90,4.1923,true,1,154761
7290112494610,false,רוטב פיקנטי לדג 415,יוניליוור,IT,רוטב פיקנטי לדג 415 גרם,גרמים,415.00,100 גרם,false,6,12.90,3.1084,true,1,154762
7290112494795,false,גל כביסה בדין כחול 2,,,גל כביסה בדין כחול 2.5 ליטר,ליטרים,2.50,ליטר,false,1,29.90,11.9600,true,1,154188
7290112494818,false,גל כביסה בדין בייבי,,,גל כביסה בדין בייבי 2.5 ליטר,ליטרים,2.50,ליטר,false,1,29.90,11.9600,true,1,154190
7290112494825,false,תרחיץ פנים דאב לעור,דאב,IL,תרחיץ פנים דאב לעור רגיש 180 מל,מיליליטרים,180.00,"100 מ""ל",false,12,13.90,7.7222,true,1,160726
7290112495037,false,קוקומן כדורים 375 גר,אתר שפע,,קוקומן כדורים 375 גר,גרמים,375.00,100 גרם,false,1,15.90,4.2400,true,1,153453
7290112495044,false,קוקומן פיצפוצים 375,אתר שפע,,קוקומן פיצפוצים 375 גר,גרמים,375.00,100 גרם,false,1,15.90,4.2400,true,1,153454
7290112495150,false,נשנושי קרקר עיגולים,אתר בייגל,,נשנושי קרקר עיגולים מלוחים 300 גר,גרמים,300.00,100 גרם,false,1,10.90,3.6333,true,1,153457
7290112495167,false,נשנושי קרקר משולשי ש,אתר בייגל,,נשנושי קרקר משולשי שומשום 300 גר,גרמים,300.00,100 גרם,false,1,10.90,3.6333,true,1,153459
7290112495174,false,נשנושי קרקר קוקטייל,אתר בייגל,,נשנושי קרקר קוקטייל שומשום 300 גר,גרמים,300.00,100 גרם,false,1,10.90,3.6333,true,1,153460
7290112495280,false,ריבועי ברנפלקס קינמו,יוניליוור,IL,ריבועי ברנפלקס קינמון 400 גרם,גרמים,400.00,100 גרם,false,12,19.90,4.9750,true,1,155378
7290112495433,false,דליפקאן 400 גר,אתר שפע,,דליפקאן 400 גר,גרמים,400.00,100 גרם,false,1,21.90,5.4750,true,1,152688
7290112495747,false,רוטב צילי מופחת סוכר,יוניליוור,IL,"רוטב צ""ילי מופחת סוכר 340 גר",גרמים,340.00,100 גרם,false,12,9.90,2.9118,true,1,155371
7290112495754,false,רוטב הלמנס אלף האיים,יוניליוור,IL,רוטב הלמנס אלף האיים 305 גרם,גרמים,305.00,100 גרם,false,12,9.90,3.2459,true,1,155384
7290112495761,false,רוטב הלמנס אלף האיים,יוניליוור,IL,רוטב הלמנס אלף האיים לייט 305 גרם,גרמים,305.00,100 גרם,false,12,9.90,3.2459,true,1,155383
7290112495785,false,רוטב הלמנס שום 300 ג,יוניליוור,IL,רוטב הלמנס שום 300 גרם,גרמים,300.00,100 גרם,false,12,9.90,3.3000,true,1,155381
7290112495792,false,רוטב הלמנס לסלט שום,יוניליוור,IL,רוטב הלמנס לסלט שום לייט 300 גרם,גרמים,300.00,100 גרם,false,12,9.90,3.3000,true,1,155380
7290112495815,false,רוטב הלמנס חרדל ודבש,יוניליוור,IL,רוטב הלמנס חרדל ודבש לייט 305 גרם,גרמים,305.00,100 גרם,false,12,9.90,3.2459,true,1,155385
7290112496027,false,סירופ שוקולד 580 גר,יוניליוור,IL,סירופ שוקולד 580 גרם,גרמים,580.00,100 גרם,false,12,10.90,1.8793,true,1,155397
7290112496034,false,סירופ מייפל 580 גר,יוניליוור,IL,סירופ מייפל 580 גרם,גרמים,580.00,100 גרם,false,12,10.90,1.8793,true,1,155396
7290112496331,false,קורנפלקס בננה 448 גר,אתר שפע,,קורנפלקס בננה 448 גר,גרמים,448.00,100 גרם,false,12,17.90,3.9955,true,1,164476
7290112497031,false,רוטב עגבניות לקציצות,יוניליוור,IT,רוטב עגבניות לקציצות 415 גרם,גרמים,415.00,100 גרם,false,6,12.90,3.1084,true,1,164477
7290112497710,false,שמפו פינוק אל דנע תי,יוניליוור,IL,שמפו פינוק אל דנע תינוק 700 מל,מיליליטרים,700.00,"100 מ""ל",false,1,16.90,2.4143,true,1,172129
7290112497727,false,אל סבון פינוק תינוק,אתר ליוור,,אל סבון פינוק תינוק 700 מל,מיליליטרים,700.00,"100 מ""ל",false,1,16.90,2.4143,true,1,172130
7290112498007,false,גרנולה תלמה פרוטאין,יוניליוור,IL,גרנולה תלמה פרוטאין חמוציות שקדים 300 גר,גרמים,300.00,100 גרם,false,10,14.90,4.9667,true,1,163646
7290112498267,false,סבון ידיים נוזלי קלא,,,סבון ידיים נוזלי קלאסי פינוק 950 מל,מיליליטרים,950.00,"100 מ""ל",false,1,11.90,1.2526,true,1,164968
7290112498298,false,סבון ידיים נוזלי מרו,,,סבון ידיים נוזלי מרוקאי פינוק 950 מל,מיליליטרים,950.00,"100 מ""ל",false,1,11.90,1.2526,true,1,164971
7290112498441,false,רוטב קנור אסייתי למו,אתר חיפה 778,,רוטב קנור אסייתי למוקפץ 370 גרם,גרמים,370.00,100 גרם,false,12,9.90,2.6757,true,1,163648
7290112498922,false,מאגדת מיני מגנום לבן,שטראוס,IL,מאגדת מיני מגנום לבן 250 גר,גרמים,250.00,100 גרם,false,8,27.90,11.1600,true,1,164662
7290112499127,false,שלגון גלידה לבן ותות,,,שלגון גלידה לבן ותות 77 גר,גרמים,77.00,100 גרם,false,30,9.90,12.8571,true,1,169165
7290112499189,false,קרמיסימו חד קרן 1.33,שטראוס,IL,קרמיסימו חד קרן 1.33 ל,ליטרים,1.33,ליטר,false,6,18.90,14.2105,true,1,172340
7290112499196,false,קרמיסימו טעם חלב קור,שטראוס,IL,קרמיסימו טעם חלב קורנפלקס 1.33 ל,ליטרים,1.33,ליטר,false,6,18.90,14.2105,true,1,172339
7290112499448,false,מרכך לשיער שמן מרוקא,יוניליוור,IL,מרכך לשיער שמן מרוקאי פינוק 700 מל,גרמים,240.00,100 גרם,false,12,9.90,4.1250,true,1,164486
7290112499455,false,תחליב רחצה פינוק מרו,יוניליוור,IL,תחליב רחצה פינוק מרוקאי 700 מל,מיליליטרים,700.00,"100 מ""ל",false,12,9.90,1.4143,true,1,164480
7290112499639,false,טילון מגנום וניל ציה,,,טילון מגנום וניל ציה ושוקולד,Unknown,0.00,Unknown,false,20,9.90,0.0000,true,1,162516
7290112499646,false,טילון קורנטו סופר פק,,,טילון קורנטו סופר פקאנים,Unknown,0.00,Unknown,false,20,9.90,0.0000,true,1,162517
7290112499677,false,גלידה מגנום שוקולד ל,,,גלידה מגנום שוקולד לבן,Unknown,0.00,Unknown,false,20,9.90,0.0000,true,1,162512
7290112499837,false,גלידה מגנום דואט שוק,,,גלידה מגנום דואט שוקולד נוגט,Unknown,0.00,Unknown,false,20,9.90,0.0000,true,1,162511
7290112499844,false,מיני מגנום דאבל חמיש,שטראוס,IL,מיני מגנום דאבל חמישייה 310 גר,גרמים,310.00,100 גרם,false,8,27.90,9.0000,true,1,155370
7290112499943,false,מיני מגנום שוקו וניל,שטראוס,IL,מיני מגנום שוקו וניל חמישייה 250 גר,גרמים,250.00,100 גרם,false,8,27.90,11.1600,true,1,155368
7290112499974,false,מאגדת מיני פסק זמן 2,שטראוס,IL,מאגדת מיני פסק זמן 280 גרם,גרמים,280.00,100 גרם,false,8,27.90,9.9643,true,1,157450
7290112770004,true,צימיצורי 250 גר,,,צימיצורי 250 גרם,גרמים,250.00,100 גרם,false,1,10.90,4.3600,true,1,140247
7290112770011,true,סלט פלפלים קלויים 40,,,סלט פלפלים קלויים 400 גרם,גרמים,400.00,100 גרם,false,1,15.90,3.9750,true,1,140248
7290112770042,true,מוס סלמון מעושן 250,,,מוס סלמון מעושן 250 גרם,גרמים,250.00,100 גרם,false,1,19.90,7.9600,true,1,140251
7290112770059,true,מטבוחה 400 גר,,,מטבוחה 400 גרם,גרמים,400.00,100 גרם,false,1,12.90,3.2250,true,1,140252
7290112770073,true,חציל רומני 400 גר,,,חציל רומני 400 גרם,גרמים,400.00,100 גרם,false,1,14.90,3.7250,true,1,140254
7290112770080,true,חומוס ביתי 400 גר,,,חומוס ביתי 400 גרם,גרמים,400.00,100 גרם,false,1,12.90,3.2250,true,1,140255
7290112770103,true,סלט גזר אסייתי 400 ג,,,סלט גזר אסייתי 400 גרם,גרמים,400.00,100 גרם,false,1,12.90,3.2250,true,1,140257
7290112770110,true,חציל במיונז 400 גר,,,חציל במיונז 400 גרם,גרמים,400.00,100 גרם,false,1,14.90,3.7250,true,1,140258
7290112770127,true,חציל בטחינה 400 גר,,,חציל בטחינה 400 גרם,גרמים,400.00,100 גרם,false,1,14.90,3.7250,true,1,140259
7290112770158,true,חמוצים סינים 400 גר,,,חמוצים סינים 400 גר,גרמים,400.00,100 גרם,false,1,12.90,3.2250,true,1,140410
7290112770240,true,פשטידת כרובית 600 גר,,,פשטידת כרובית 600 גר,גרמים,600.00,100 גרם,false,1,36.90,6.1500,true,1,142346
7290112770264,true,פשטידת פלפלים 600 גר,,,פשטידת פלפלים 600 גר,גרמים,600.00,100 גרם,false,1,36.90,6.1500,true,1,142344
7290112770271,true,פשטידת בצל 600 גר,,,פשטידת בצל 600 גר,גרמים,600.00,100 גרם,false,1,36.90,6.1500,true,1,142343
7290112770288,true,פשטידת ברוקולי 600 ג,,,פשטידת ברוקולי 600 גר,גרמים,600.00,100 גרם,false,1,36.90,6.1500,true,1,142345
7290112770325,true,פשטידת פטריות 600 גר,,,פשטידה פטריות 600 גר,גרמים,600.00,100 גרם,false,1,36.90,6.1500,true,1,142347
7290112770332,true,סלט כרוב אדום 400 גר,,,סלט כרוב אדום 400 גרם,גרמים,400.00,100 גרם,false,1,13.90,3.4750,true,1,143582
7290112770349,true,סלט קולסלאו 400 גר,,,סלט קולסלאו 400 גרם,גרמים,400.00,100 גרם,false,1,12.90,3.2250,true,1,143583
7290112770356,true,סלט טורקי 400 גר,,,סלט טורקי 400 גרם,גרמים,400.00,100 גרם,false,1,13.90,3.4750,true,1,143584
7290112770387,true,סלט אבוקדו וביצים 40,,,סלט אבוקדו וביצים 400 גרם,גרמים,400.00,100 גרם,false,1,19.90,4.9750,true,1,147979
7290112770394,true,פשטידת תירס 600 גר,,,פשטידת תירס 600 גר,גרמים,600.00,100 גרם,false,1,36.90,6.1500,true,1,147977
7290112770400,true,פשטידת תרד 600 גר,,,פשטידת תרד 600 גר,גרמים,600.00,100 גרם,false,1,36.90,6.1500,true,1,147978
7290112770868,true,סלט תירס 400 גר,,,סלט תירס 400 גרם,גרמים,400.00,100 גרם,false,1,12.90,3.2250,true,1,155643
7290112770875,true,מרק בורשט 400 גר,,,מרק בורשט 400 גרם,גרמים,400.00,100 גרם,false,,19.90,4.9750,true,1,156030
7290112770882,true,מרק פטריות 400 גר,,,מרק פטריות 400 גר,גרמים,400.00,100 גרם,false,,15.00,3.7500,true,1,156029
7290112770943,true,סלט משוויה 400 גרם,,,סלט משוויה 400 גרם,גרמים,400.00,100 גרם,false,1,14.90,3.7250,true,1,156773
7290112771018,false,חציל מטוגן בטחינה 40,,,חציל מטוגן בטחינה 400 גר,גרמים,400.00,100 גרם,false,1,14.90,3.7250,true,1,163407
7290112771032,false,חצילים ופלפלים קלויי,,,חצילים ופלפלים קלויים 400 גר,גרמים,400.00,100 גרם,false,1,14.90,3.7250,true,1,163409
7290112771377,false,סלט תפוא אוליביה 400,,,סלט תפוא אוליביה 400 גר,גרמים,400.00,100 גרם,false,1,15.90,3.9750,true,1,170850
7290112961143,false,נתחי תבשיל כפרי טבעו,,,נתחי בקר טבעול צמחונים 470 גר,גרמים,470.00,100 גרם,false,1,29.90,6.3617,true,1,147025
7290112961266,false,בייגלה כפיות פיזור א,אסם,,בייגלה כפיות פיזור איטלקי 300 גר,גרמים,300.00,100 גרם,false,1,9.90,3.3000,true,1,150156
7290112961327,false,בייגלה כפיות פיזור כ,אסם,,בייגלה כפיות פיזור כפרי 300 גר,גרמים,300.00,100 גרם,false,1,9.90,3.3000,true,1,150157
7290112961372,false,חטיפי פריכיות דקות פ,,,חטיפי פריכיות דקות פיטנס קינמון 60 גר,גרמים,60.00,100 גרם,false,12,8.90,14.8333,true,1,150785
7290112961440,false,פריכיות פיטנס בר שוק,,,פריכיות פיטנס בר שוקולד מריר 84 גר,גרמים,84.00,100 גרם,false,12,12.90,15.3571,true,1,157502
7290112962287,false,שווארמה צמחונית טבעו,טבעול ישראל,,שווארמה צמחונית טבעול 450 גר,גרמים,450.00,100 גרם,false,1,29.90,6.6444,true,1,165034
7290112962324,false,טבעול שניצל כרובית 5,טבעול ישראל,,טבעול שניצל כרובית 500 גר,גרמים,500.00,100 גרם,false,1,29.90,5.9800,true,1,151710
7290112963918,false,קרקר פיטנס דק רוזמרי,אסם,,קרקר פיטנס דק רוזמרין 140 גר,גרמים,140.00,100 גרם,false,1,10.90,7.7857,true,1,151707
7290112964410,false,רוטב אלף האיים 290 ג,אסם,,רוטב אלף האיים 290 גר,גרמים,290.00,100 גרם,false,1,10.90,3.7586,true,1,151699
7290112964434,false,רוטב לסלט קיסר 295 ג,אסם,,"רוטב לסלט קיסר 295 מ""ל",גרמים,295.00,100 גרם,false,1,10.90,3.6949,true,1,151693
7290112964458,false,רוטב וינגרט 295 גר,אסם,,"רוטב וינגרט 295 מ""ל",גרמים,295.00,100 גרם,false,1,10.90,3.6949,true,1,151694
7290112964472,false,רוטב שום לסלט 290 גר,אסם,,"רוטב שום לסלט 290 מ""ל",גרמים,290.00,100 גרם,false,1,10.90,3.7586,true,1,151692
7290112964502,false,רוטב אלף האיים 600 ג,אסם,,רוטב אלף האיים 600 גר,גרמים,600.00,100 גרם,false,1,16.90,2.8167,true,1,151698
7290112964601,false,רוטב אסם בנוסח סצואן,,,"רוטב אסם בנוסח סצואן 290 מ""ל",גרמים,360.00,100 גרם,false,9,13.90,3.8611,true,1,150919
7290112964724,false,טבעול המבורגר טיבעונ,טבעול ישראל,,טבעול המבורגר טיבעוני 580 גר,גרמים,580.00,100 גרם,false,1,29.90,5.1552,true,1,151705
7290112965103,false,קוסקוס עם ירקות 146,אסם,,קוסקוס עם ירקות 146 גר,גרמים,146.00,100 גרם,false,1,9.90,6.7808,true,1,155127
7290112965240,false,מרק נמס אסם עגבניות,אסם,,מרק נמס אסם עגבניות 60 גר זוג,גרמים,60.00,100 גרם,false,1,5.90,9.8333,true,1,155123
7290112965264,false,מרק נמס אפונה אסם 52,אסם,,זוג מרק נמס אפונה אסם 30 גר,גרמים,52.00,100 גרם,false,1,5.90,11.3462,true,1,159998
7290112965288,false,מרק נמס ירקות אסם 56,אסם,,זוג מרק נמס ירקות אסם 30 גר,גרמים,56.00,100 גרם,false,1,5.90,10.5357,true,1,159999
7290112965301,false,מרק נמס אסם בטעם עוף,אסם,,מרק נמס אסם בטעם עוף 52 גר זוג,גרמים,52.00,100 גרם,false,1,5.90,11.3462,true,1,155121
7290112965660,false,חטיף קראנצי עם מלח י,אסם,IL,פיטנס חטיף מולטיגריין מלח פלפל 25 גר,גרמים,25.00,100 גרם,false,24,4.90,19.6000,true,1,160754
7290112965684,false,חטיף קראנצי עם עשבי,אסם,IL,פיטנס חטיף מולטיגריין עשבי תיבול 25 גר,גרמים,25.00,100 גרם,false,24,4.90,19.6000,true,1,160755
7290112965707,false,חטיף קראנצי עם צילי,אסם,IL,פיטנס חטיף מולטיגריין צילי מעודן 25 גר,גרמים,25.00,100 גרם,false,24,4.90,19.6000,true,1,160756
7290112965745,false,ביסלי פריסטייל בצל מ,אסם,,ביסלי פריסטייל בצל מעושן 60 גר,גרמים,60.00,100 גרם,false,24,3.90,6.5000,true,1,164794
7290112966247,false,לחמית כוסמין 200 גר,אסם,IL,לחמית כוסמין 200 גר,גרמים,200.00,100 גרם,false,12,9.90,4.9500,true,1,158075
7290112966766,false,טחינה צבר בלדי חציל,,,טחינה צבר בלדי חציל עגבניות 350 גר,גרמים,350.00,100 גרם,false,1,11.90,3.4000,true,1,153279
7290112966803,false,פודינג אינסטנט בטעם,אסם,,פודינג אינסטנט בטעם שוקולד 88 גר,גרמים,88.00,100 גרם,false,1,4.90,5.5682,true,1,155115
7290112966841,false,פודינג אינסטנט בטעם,אסם,,פודינג אינסטנט בטעם שוקולד מריר 90 גר,גרמים,90.00,100 גרם,false,1,4.90,5.4444,true,1,155116
7290112967138,false,בייגלה שמיניות ללא ג,אסם,,בייגלה שמיניות ללא גלוטן 250 גר,גרמים,250.00,100 גרם,false,1,10.90,4.3600,true,1,155113
7290112967381,false,חטיפי פריכיות פיטנס,,IL,חטיפי פריכיות פיטנס קטניות ומלח 60 גר,גרמים,60.00,100 גרם,false,12,8.90,14.8333,true,1,156969
7290112967572,false,רוטב ברביקיו 335 גר,אסם,,"רוטב ברביקיו 290 מ""ל",גרמים,335.00,100 גרם,false,1,10.90,3.2537,true,1,155114
7290112968340,false,חומוס צבר גרוס גס גס,צבר,IL,חומוס צבר גרוס גס גס 400 גר,גרמים,400.00,100 גרם,false,6,11.90,2.9750,true,1,155711
7290112968784,false,טבעול חטיפי כרובית 4,טבעול ישראל,IL,טבעול חטיפי כרובית 450 גר,גרמים,450.00,100 גרם,false,6,29.90,6.6444,true,1,157092
7290112968807,false,קרקר פיטנס דק סלק 14,אסם,IL,קרקר פיטנס דק סלק 140 גר,גרמים,140.00,100 גרם,false,12,10.90,7.7857,true,1,160747
7290112968821,false,קרקר פיטנס דק בטטה 1,אסם,IL,קרקר פיטנס דק בטטה 140 גר,גרמים,140.00,100 גרם,false,12,10.90,7.7857,true,1,160748
7290112969286,false,רוטב בישולים חרדל וד,,,רוטב בישולים חרדל ודבש 330 גר,גרמים,330.00,100 גרם,false,1,14.90,4.5152,true,1,161201
7290113190450,false,ממרח תמרים 450 גר שק,,,ממרח תמרים 450 גר שקדיה,גרמים,450.00,100 גרם,false,1,5.90,1.3111,true,1,153002
7290113190863,false,סילאן טבעי לחיץ 385,,,סילאן טבעי לחיץ 385 גר,גרמים,385.00,100 גרם,false,1,14.90,3.8701,true,1,164263
7290113192171,false,מיקס אגוזים שקדים וח,,,מיקס אגוזים שקדים וחמוציות 150 גר,גרמים,150.00,100 גרם,false,1,16.90,11.2667,true,1,155278
7290113192300,false,חרוזית מושחר בית השי,בית השיטה,IL,חרוזית מושחר בית השיטה 275 גר,גרמים,560.00,100 גרם,false,12,8.90,1.5893,true,1,157387
7290113192317,false,טבעות זיתים מושחרים,בית השיטה,IL,טבעות זיתים מושחרים בית השיטה 280 גר,גרמים,560.00,100 גרם,false,12,10.90,1.9464,true,1,157388
7290113192324,false,זית ירוק בית השיטה 5,בית השיטה,IL,זית ירוק בית השיטה 340 גר,גרמים,560.00,100 גרם,false,12,9.90,1.7679,true,1,157389
7290113192331,false,זית ירוק גדול בית הש,בית השיטה,IL,זית ירוק גדול בית השיטה 340 גר,גרמים,560.00,100 גרם,false,12,9.90,1.7679,true,1,157390
7290113192348,false,זית ירוק שום בית ישי,בית השיטה,IL,זית ירוק שום בית ישיטה 340 גר,גרמים,560.00,100 גרם,false,12,9.90,1.7679,true,1,157391
7290113192355,false,חרוזית ירוק בית השיט,בית השיטה,IL,חרוזית ירוק בית השיטה 275 גר,גרמים,560.00,100 גרם,false,12,9.90,1.7679,true,1,157392
7290113192362,false,טבעות זיתים ירק בית,בית השיטה,IL,טבעות זיתים ירק בית השיטה 280 גר,גרמים,560.00,100 גרם,false,12,9.90,1.7679,true,1,157393
7290113192379,false,זיתים ירוקים מבוקעים,בית השיטה,IL,זיתים ירוקים מבוקעים בית השיטה 340 גר,גרמים,560.00,100 גרם,false,12,10.90,1.9464,true,1,157396
7290113192386,false,זית סורי מבוקע בית ה,בית השיטה,IL,זית סורי מבוקע בית השיטה 340 גר,גרמים,560.00,100 גרם,false,12,10.90,1.9464,true,1,157399
7290113192393,false,קוקטייל זיתים בית הש,בית השיטה,IL,קוקטייל זיתים בית השיטה 336 גר,גרמים,560.00,100 גרם,false,12,9.90,1.7679,true,1,157401
7290113192478,false,מלפפון במלח 10-12 בי,בית השיטה,IL,מלפפון במלח 10-12 בית השיטה 320 גר,גרמים,560.00,100 גרם,false,12,7.90,1.4107,true,1,157410
7290113192485,false,מלפפון חומץ 10-12 בי,בית השיטה,IL,מלפפון חומץ 10-12 בית השיטה 290 גר,גרמים,560.00,100 גרם,false,12,7.90,1.4107,true,1,157411
7290113192492,false,מלפפון חומץ 13-17 בי,בית השיטה,IL,מלפפון חומץ 13-17 בית השיטה 290 גר,גרמים,560.00,100 גרם,false,12,9.90,1.7679,true,1,157412
7290113192508,false,בית השיטה מלפפון במל,בית השיטה,IL,בית השיטה מלפפון במלח 13-17 320 גר,גרמים,560.00,100 גרם,false,12,9.90,1.7679,true,1,157413
7290113192515,false,מלפפון מלח 18-25 בית,בית השיטה,IL,מלפפון מלח 18-25 בית השיטה 320 גר,גרמים,560.00,100 גרם,false,12,11.90,2.1250,true,1,157414
7290113192522,false,מלפפון חומץ 18-25 בי,בית השיטה,IL,מלפפון חומץ 18-25 בית השיטה 290 גר,גרמים,560.00,100 גרם,false,12,11.90,2.1250,true,1,157415
7290113192539,false,מלפפון בית השיטה מלח,בית השיטה,IL,מלפפון בית השיטה מלח 7-9 320 גר,גרמים,560.00,100 גרם,false,12,5.90,1.0536,true,1,157416
7290113192546,false,מלפפון חומץ 7-9 בית,בית השיטה,IL,מלפפון חומץ 7-9 בית השיטה 290 גר,גרמים,560.00,100 גרם,false,12,5.90,1.0536,true,1,157417
7290113192560,false,פלפל שיפקה בית השיטה,בית השיטה,IL,פלפל שיפקה בית השיטה 230 גר,גרמים,560.00,100 גרם,false,12,5.90,1.0536,true,1,157419
7290113192577,false,כרוב כבוש בית השיטה,בית השיטה,IL,כרוב כבוש בית השיטה 430 גר,גרמים,560.00,100 גרם,false,12,6.90,1.2321,true,1,157420
7290113192881,false,טורטיה חיטה מופחת קל,,,טורטיה חיטה מופחת קלוריות 6 יח 270 גר,גרמים,270.00,100 גרם,false,1,9.90,3.6667,true,1,171793
7290113192997,false,זית מרוקאי בית השיטה,,,זית מרוקאי בית השיטה 340 גר,גרמים,340.00,100 גרם,false,12,11.90,3.5000,true,1,156265
7290113193017,false,קוקטייל זיתים בית הש,,,קוקטייל זיתים בית השיטה 275 גר,גרמים,560.00,100 גרם,false,12,11.90,2.1250,true,1,156263
7290113193031,false,חרוזית קלמטה בית השי,,,חרוזית קלמטה בית השיטה 275 גר,גרמים,560.00,100 גרם,false,12,11.90,2.1250,true,1,156264
7290113193321,false,שמן זית בית השיטה 75,,,שמן זית בית השיטה 750 מל,מיליליטרים,750.00,"100 מ""ל",false,1,31.90,4.2533,true,1,158082
7290113193406,false,טבעות קוקטייל זיתים,בית השיטה,IL,טבעות קוקטייל זיתים בית השיטה 280 גר,גרמים,560.00,100 גרם,false,12,9.90,1.7679,true,1,156992
7290113193888,false,חצילים מוחמצים בית ה,,,חצילים מוחמצים בית השיטה 320 גר,גרמים,320.00,100 גרם,false,12,9.90,3.0938,true,1,161864
7290113194090,false,טבעות קלמטה בית השיט,,IL,טבעות קלמטה בית השיטה 280 גר,גרמים,560.00,100 גרם,false,12,12.90,2.3036,true,1,160758
7290113195073,false,חלווה טורקית עם פיסט,,,חלבה טורקית עם פיסטוק 400 גר,גרמים,400.00,100 גרם,false,10,17.90,4.4750,true,1,161540
7290113195196,false,רסק תפוע 710 גר,,,"רסק תפו""ע",גרמים,710.00,100 גרם,false,12,11.90,1.6761,true,1,161543
7290113195479,false,קמח שקדים 200 גר שקד,,,קמח שקדים 200 גר שקדיה,גרמים,200.00,100 גרם,false,20,13.90,6.9500,true,1,161530
7290113196414,false,אורז בסמטי 1 קג,,,אורז בסמטי 1 קג,קילוגרמים,1.00,"ק""ג",false,1,11.90,11.9000,true,1,166289
7290113196896,false,תרסיס שמן זית 170 גר,,,תרסיס שמן זית 170 גר,גרמים,170.00,100 גרם,false,1,13.90,8.1765,true,1,166291
7290113196940,false,חטיפי תירס טורטיה בט,,,חטיפי תירס טורטיה בטעם טבעי 300 גר,גרמים,300.00,100 גרם,false,1,13.90,4.6333,true,1,171225
7290113197169,false,חמאת בוטנים טבעית 45,,,חמאת בוטנים טבעית 450 גר,גרמים,450.00,100 גרם,false,1,16.90,3.7556,true,1,171231
7290113198616,false,ברנפלקס דגנים מחיטה,,,ברנפלקס דגנים מחיטה מלאה וסובין 500 גר,גרמים,500.00,100 גרם,false,1,14.90,2.9800,true,1,171224
7290113199675,false,גרנולה שיבולת שועל צ,,,גרנולה שיבולת שועל צימוק ושקד 500 גר,גרמים,500.00,100 גרם,false,1,12.90,2.5800,true,1,171223
7290113199699,false,מוזלי שיבולת שועל עם,,,מוזלי שיבולת שועל עם אגוז לוז שקד 500 גר,גרמים,500.00,100 גרם,false,1,12.90,2.5800,true,1,171221
7290113199767,false,ממרח 100% שקדים 300,,,ממרח 100% שקדים 300 גר,גרמים,300.00,100 גרם,false,1,29.90,9.9667,true,1,171230
7290113199798,false,ממרח 100% אגוזי קשיו,,,ממרח 100% אגוזי קשיו 200 גר,גרמים,200.00,100 גרם,false,1,25.90,12.9500,true,1,171227
7290113300224,false,שימורים לחתולים לה ק,,,שימורים לחתולים לה קט פאונץ סלמון ברוטב,גרמים,85.00,100 גרם,false,1,4.90,5.7647,true,1,155237
7290113300231,false,שימורים לחתולים לה ק,,,שימורים לחתולים לה קט פאונץ בקר בגלי 85,גרמים,85.00,100 גרם,false,1,4.90,5.7647,true,1,155238
7290113661721,false,קינוחיות כוס פרח 20,,,קינוחיות כוס פרח 20 יח,Unknown,0.00,Unknown,false,1,13.90,0.0000,true,1,159437
7290114310215,false,שמנת מתוקה 38% 250 מ,,IL,שמנת מתוקה 38% 250 מל בקבוק,מיליליטרים,250.00,"100 מ""ל",false,12,6.47,2.5880,true,1,156935
7290114310222,false,חלב מועשר בסידן 3% 1,,,חלב מועשר בסידן 3% 1.5 ל,ליטרים,1.50,ליטר,false,1,12.90,8.6000,true,1,158123
7290114310239,false,חלב נטול לקטוז מועשר,,,חלב נטול לקטוז מועשר בויטמין 2% 1.5 ל,ליטרים,1.50,ליטר,false,1,12.90,8.6000,true,1,158124
7290114310246,false,גרנה פדנו צאנק 125 ג,,,גרנה פדנו צאנק 125 גר,גרמים,125.00,100 גרם,false,1,19.90,15.9200,true,1,161142
7290114310253,false,גרנה פדנו מגורדת 100,,,גרנה פדנו מגורדת 100 גר,גרמים,100.00,100 גרם,false,1,13.90,13.9000,true,1,161143
7290114310338,false,גבינה צפתית מעודנת 5,,,צפתית מעודנת 5% 225 גר,גרמים,225.00,100 גרם,false,1,17.90,7.9556,true,1,161144
7290114310536,false,יוגורט לייט מעושר חל,,,יוגורט לייט מעושר חלבון בטעם וניל 200 גר,גרמים,200.00,100 גרם,false,1,5.90,2.9500,true,1,162339
7290114310567,false,לאבנה עיזים 5% 200 ג,,,לאבנה עיזים 5% 200 גר,גרמים,200.00,100 גרם,false,1,14.90,7.4500,true,1,163568
7290114310611,false,משקה חלב בננה 250 מל,,,משקה חלב בננה 250 מל,מיליליטרים,250.00,"100 מ""ל",false,1,5.90,2.3600,true,1,163569
7290114310628,false,משקה חלב בטעם וניל ע,,,משקה חלב בטעם וניל עוגיות טרה בק 1 ל,ליטרים,1.00,ליטר,false,12,11.90,11.9000,true,1,163368
7290114310895,false,שמיניית יוגורט סימפל,,,שמיניית יוגורט סימפלי מנגו תות 1.5% מולר,גרמים,1200.00,100 גרם,false,1,29.90,2.4917,true,1,166188
7290114310901,false,גבינה לבנה מהדרין 5%,,,גבינה לבנה מהדרין 5% 250 גר,גרמים,250.00,100 גרם,false,12,4.90,1.9600,true,1,165500
7290114310963,false,יוגורט מחלב עיזים מל,,,יוגורט מחלב עיזים מלא כ-3.8% שומן 500 גר,גרמים,500.00,100 גרם,false,1,14.90,2.9800,true,1,167627
7290114311014,false,משקה חלב אייס קפוצינ,,,משקה חלב אייס קפוצינו 250 מל,מיליליטרים,250.00,"100 מ""ל",false,1,5.90,2.3600,true,1,170496
7290114311021,false,משקה חלב וניל עוגיות,,,משקה חלב וניל עוגיות 250 מל,מיליליטרים,250.00,"100 מ""ל",false,1,5.90,2.3600,true,1,170497
7290114311038,false,שמנת מתוקה להקפצה 32,,,שמנת מתוקה להקפצה 32% טרה 250 גר,גרמים,250.00,100 גרם,false,1,7.90,3.1600,true,1,170495
7290114311069,false,יוגורט מולר אקטיב 0%,,,יוגורט מולר אקטיב 0% מועשר בחלבון 150 גר,גרמים,150.00,100 גרם,false,24,5.90,3.9333,true,1,169720
7290114311076,false,חמאה צהובה עם שום מו,,,חמאה צהובה עם שום מולר 200 גר,גרמים,200.00,100 גרם,false,30,11.90,5.9500,true,1,170354
7290114311083,false,חמאה צהובה עם מלח מו,,,חמאה צהובה עם מלח מולר 200 גר,גרמים,200.00,100 גרם,false,30,11.90,5.9500,true,1,170353
7290114311298,false,יוגורט מולר פרופ תות,,,יוגורט מולר פרופ תות בננה מלון 150 גר,מיליליטרים,150.00,"100 מ""ל",false,1,4.90,3.2667,true,1,171454
7290114311304,false,יוגורט מולר פרופ מנג,,,יוגורט מולר פרופ מנגו פסיפלורה בננה 150,מיליליטרים,150.00,"100 מ""ל",false,1,4.90,3.2667,true,1,171455
7290114311328,false,חלב מועשר 2% נטול לק,,,חלב מועשר 2% נטול לקטוז 1 ל,ליטרים,1.00,ליטר,false,1,7.90,7.9000,true,1,172413
7290114311359,false,יוגורט מולר פרופ מנג,,,יוגורט מולר פרופ מנגו 150 גר,מיליליטרים,150.00,"100 מ""ל",false,1,4.90,3.2667,true,1,171456
7290114311458,false,חלב מועשר 3% ויטמין,,,חלב מועשר 3% ויטמין די 1 ל,ליטרים,1.00,ליטר,false,12,7.70,7.7000,true,1,172817
7290114600989,false,רוטב אלף האיים מאסטר,קפה לנדוור,,רוטב אלף האיים מאסטר שף 250 מל,מיליליטרים,250.00,"100 מ""ל",false,1,9.90,3.9600,true,1,158550
7290114600996,false,רוטב שום מאסטר שף 25,קפה לנדוור,,רוטב שום מאסטר שף 250 מל,מיליליטרים,250.00,"100 מ""ל",false,1,9.90,3.9600,true,1,158549
7290114602778,false,פרי סלייסים ציפס ירק,,,פרי סלייסים ציפס ירקות שורש 90 גר,גרמים,90.00,100 גרם,false,1,12.90,14.3333,true,1,164454
7290114602785,false,פרי סלייסים ציפס בננ,,,פרי סלייסים ציפס בננה מלוח 90 גר,גרמים,90.00,100 גרם,false,1,12.90,14.3333,true,1,164453
7290114603508,false,רוטב להקפצה מאסטר שף,,TH,"רוטב להקפצה מאסטר שף 300 מ""ל",מיליליטרים,300.00,"100 מ""ל",false,12,9.90,3.3000,true,1,159817
7290114603539,false,קרוטונים למרק שום בצ,EinatFood,IL,קרוטונים למרק שום בצל מאסטר שף 350 גר,גרמים,350.00,100 גרם,false,12,18.90,5.4000,true,1,159815
7290114604895,false,ממרח ספייסי לחיץ מאס,,,ממרח ספייסי לחיץ מאסטר שף 446 גר,גרמים,446.00,100 גרם,false,1,14.90,3.3408,true,1,163598
7290114604901,false,ממרח שום לחיץ מאסטר,,,ממרח שום לחיץ מאסטר שף 444 גר,גרמים,444.00,100 גרם,false,1,14.90,3.3559,true,1,163599
7290114604932,false,רוטב ברביקיו דבש מאס,,,רוטב ברביקיו דבש מאסטר שף 520 גר,גרמים,520.00,100 גרם,false,1,12.90,2.4808,true,1,163604
7290114604949,false,רוטב ברביקיו מאסטר ש,,,רוטב ברביקיו מאסטר שף 524 גר,גרמים,524.00,100 גרם,false,1,12.90,2.4618,true,1,163603
7290114606530,false,רוטב בטעם מיונז וקטש,,,רוטב בטעם מיונז וקטשופ מאסטר שף 515 גר,גרמים,515.00,100 גרם,false,1,14.90,2.8932,true,1,163601
7290114606547,false,מיונז עם פטריות כמהי,,,מיונז עם פטריות כמהין מאסטר שף 242 גר,גרמים,242.00,100 גרם,false,1,14.90,6.1570,true,1,163600
7290114606554,false,ממרח מיונז לייט לחיץ,,,ממרח מיונז לייט לחיץ מאסטר שף 470 גר,גרמים,470.00,100 גרם,false,1,14.90,3.1702,true,1,163602
7290114606592,false,רוטב סויה מאסטר שף מ,,,רוטב סויה מאסטר שף מסורתית 620 גר,גרמים,620.00,100 גרם,false,1,15.90,2.5645,true,1,164726
7290115180251,false,סיגריות אייקוס אמבר,,,סיגריות אייקוס אמבר,Unknown,0.00,Unknown,false,1,27.00,0.0000,false,1,164652
7290115180268,false,סיגריות אייקוס צהוב,,,סיגריות אייקוס צהוב,Unknown,0.00,Unknown,false,1,27.00,0.0000,false,1,164653
7290115180275,false,סיגריות אייקוס טורקי,,,סיגריות אייקוס טורקיז,Unknown,0.00,Unknown,false,1,27.00,0.0000,false,1,164655
7290115180282,false,סיגריות אייקוס ברונז,,,סיגריות אייקוס ברונז,Unknown,0.00,Unknown,false,1,27.00,0.0000,false,1,164650
7290115180688,false,סיגריות אייקוס סגול,,,סיגריות אייקוס סגול,Unknown,0.00,Unknown,false,1,27.00,0.0000,false,1,164654
7290115181531,false,סיגריות אייקוס טיק,,,סיגריות אייקוס טיק,Unknown,0.00,Unknown,false,1,27.00,0.0000,false,1,170230
7290115190014,false,מרלבורו רד,,,מרלבורו רד,Unknown,0.00,Unknown,false,1,36.00,0.0000,false,1,160281
7290115190076,false,מלבורו גולד ארוך,,,מלבורו גולד ארוך,Unknown,0.00,Unknown,false,1,36.00,0.0000,false,1,161193
7290115190090,false,מרלבורו גולד,,,מרלבורו גולד,Unknown,0.00,Unknown,false,1,36.00,0.0000,false,1,160270
7290115190137,false,מרלבורו פיין טאץ,,,מרלבורו פיין טאץ,Unknown,0.00,Unknown,false,1,31.00,0.0000,false,1,160280
7290115190151,false,מרלבורו טאץ,,,מרלבורו טאץ,Unknown,0.00,Unknown,false,1,31.00,0.0000,false,1,160277
7290115190175,false,פרלמנט סופר סלימס,,,פרלמנט סופר סלימס,Unknown,0.00,Unknown,false,1,41.00,0.0000,false,1,159630
7290115190199,false,פרלמנט רגיל ארוך RCB,,,פרלמנט רגיל ארוך RCB,Unknown,0.00,Unknown,false,1,41.00,0.0000,false,1,163527
7290115190212,false,פרלמנט בלו ארוך,,,פרלמנט בלו,Unknown,0.00,Unknown,false,1,41.00,0.0000,false,1,160272
7290115190236,false,פרלמנט בלו,,,פרלמנט בלו,Unknown,0.00,Unknown,false,1,41.00,0.0000,false,1,160271
7290115190250,false,פרלמנט רגיל קצר,,,פרלמנט רגיל קצר,Unknown,0.00,Unknown,false,1,41.00,0.0000,false,1,159633
7290115190274,false,פרלמנט סילבר,,,פרלמנט סילבר,Unknown,0.00,Unknown,false,1,41.00,0.0000,false,1,160278
7290115190335,false,ל.מ כחול לייבל ארוך,,,ל.מ כחול לייבל ארוך,Unknown,0.00,Unknown,false,1,30.00,0.0000,false,1,163712
7290115190359,false,ל.מ כחול לייבל קצר,,,ל.מ כחול לייבל קצר,Unknown,0.00,Unknown,false,1,31.00,0.0000,false,1,159631
7290115190373,false,סיגריות ל.מ קפסולה,,,סיגריות ל.מ קפסולה,Unknown,0.00,Unknown,false,1,31.00,0.0000,false,1,160279
7290115190397,false,ל.מ אדום לייבל קצר,,,ל.מ אדום לייבל קצר,Unknown,0.00,Unknown,false,1,31.00,0.0000,false,1,159628
7290115190410,false,ל.מ סילבר,,,ל.מ סילבר,Unknown,0.00,Unknown,false,1,31.00,0.0000,false,1,160273
7290115190434,false,ל.מ. וויב סלימס,,,ל.מ. וויב סלימס,Unknown,0.00,Unknown,false,1,31.00,0.0000,false,1,159634
7290115190458,false,סיגריות נקסט אדג,,,סיגריות נקסט אדג,Unknown,0.00,Unknown,false,1,27.00,0.0000,false,1,161194
7290115190472,false,סיגריות נקסט פיין אד,,,סיגריות נקסט פיין אדג,Unknown,0.00,Unknown,false,1,27.00,0.0000,false,1,161617
7290115190496,false,נקסט לייט ארוך,,,נקסט לייט ארוך,Unknown,0.00,Unknown,false,1,30.00,0.0000,false,1,162389
7290115190519,false,נקסט פיין,,,נקסט פיין,Unknown,0.00,Unknown,false,1,30.00,0.0000,false,1,160274
7290115190533,false,סיגריות נקסט ריסס 10,,,סיגריות נקסט ריסס 100,Unknown,0.00,Unknown,false,1,28.00,0.0000,false,1,161192
7290115190557,false,סיגריות נקסט ריסס קצ,,,סיגריות נקסט ריסס קצר,Unknown,0.00,Unknown,false,1,28.00,0.0000,false,1,160275
7290115190571,false,נקסט לילך,,,נקסט לילך,Unknown,0.00,Unknown,false,1,30.00,0.0000,false,1,159629
7290115190595,false,נקסט אורגינל,,,נקסט אורגינל,Unknown,0.00,Unknown,false,1,30.00,0.0000,false,1,160269
7290115190892,false,סיגריות מרלבורו פיוז,,,סיגריות מרלבורו פיוזן קפסולה,Unknown,0.00,Unknown,false,1,29.00,0.0000,false,1,164906
7290115190939,false,סיגריות ל.מ קליק קפס,,,סיגריות ל.מ קליק קפסולה,Unknown,0.00,Unknown,false,1,27.00,0.0000,false,1,167260
7290115190977,false,מרלבורו טאץ אדום,,,מרלבורו טאץ אדום,Unknown,0.00,Unknown,false,1,31.00,0.0000,false,1,172109
7290115191035,false,מרלבורו סאמר ספלאש,,,מרלבורו סאמר ספלאש,Unknown,0.00,Unknown,false,1,31.00,0.0000,false,1,170732
7290115200003,false,פתי בר פינוקי וניל 2,אסם,PL,פתי בר פינוקי וניל 220 גרם,גרמים,220.00,100 גרם,false,16,9.90,4.5000,true,1,158668
7290115200027,false,פתי בר פינוקי שוקו 2,אסם,PL,פתי בר פינוקי שוקו 220 גרם,גרמים,220.00,100 גרם,false,16,9.90,4.5000,true,1,158669
7290115200676,false,עוגיות קרמוגית קרמל,אסם,IL,עוגיות קרמוגית קרמל מלוח 200 גר,גרמים,200.00,100 גרם,false,12,9.90,4.9500,true,1,159589
7290115201031,false,פתי בר דובי שוקולד 1,אסם,PL,פתי בר דובי שוקולד 175 גר,גרמים,175.00,100 גרם,false,16,9.90,5.6571,true,1,162995
7290115201703,false,ביסלי ברביקיו 200 גר,אסם,IL,ביסלי ברביקיו 200 גר,גרמים,200.00,100 גרם,false,25,7.90,3.9500,true,1,160753
7290115201727,false,ביסלי בצל 200 גר,אסם,IL,ביסלי בצל 200 גר,גרמים,200.00,100 גרם,false,25,7.90,3.9500,true,1,160752
7290115202236,false,טופו קראנצים טבעול 4,,IL,טופו קראנציים טבעול 470 גר,גרמים,470.00,100 גרם,false,6,29.90,6.3617,true,1,165028
7290115202250,false,טופו קראנצים צילי פי,,IL,טופו קראנצים צילי פיקנטי טבעול 470 גר,גרמים,470.00,100 גרם,false,6,29.90,6.3617,true,1,165029
7290115202434,false,חומוס זעתר צבר 375 ג,צבר,,חומוס זעתר צבר 375 גר,גרמים,375.00,100 גרם,false,1,11.90,3.1733,true,1,163059
7290115202786,false,מנה חמה פאוצ אטריות,,,מנה חמה פאוצ אטריות בטעם בקר 70 גר,גרמים,70.00,100 גרם,false,1,4.90,7.0000,true,1,163099
7290115202816,false,מנה חמה פאוצ אטריות,,,מנה חמה פאוצ אטריות בטעם עוף 70 גר,גרמים,70.00,100 גרם,false,1,4.90,7.0000,true,1,163100
7290115202847,false,מנה חמה פאוצ אטריות,,,מנה חמה פאוצ אטריות ספייסי 70 גר,גרמים,70.00,100 גרם,false,1,4.90,7.0000,true,1,163101
7290115203295,false,פרפקטו פסטה ריציאולי,,IT,פרפקטו פסטה ריציאולי 500 גר,גרמים,500.00,100 גרם,false,12,9.90,1.9800,true,1,163056
7290115203806,false,רוטב בסיס 290 מל,אסם,,רוטב בסיס 290 מל,מיליליטרים,290.00,"100 מ""ל",false,1,13.90,4.7931,true,1,166496
7290115204056,false,קטשופ אסם מופחת סוכר,אסם,,קטשופ אסם מופחת סוכר 690 גר,גרמים,690.00,100 גרם,false,9,10.90,1.5797,true,1,165033
7290115205176,false,קרקר פיטנס דק כפרי 1,אסם,IL,קרקר פיטנס דק כפרי 140 גר,גרמים,140.00,100 גרם,false,12,10.90,7.7857,true,1,167369
7290115207941,false,ויטמינציק אננס 1 ל,בית השיטה,,ויטמינציק אננס 1 ל,ליטרים,1.00,ליטר,false,1,19.90,19.9000,true,1,169250
7290115207965,false,ויטמינציק מנגו אפרסק,בית השיטה,,ויטמינציק מנגו אפרסק 1 ל,ליטרים,1.00,ליטר,false,1,19.90,19.9000,true,1,169253
7290115207989,false,ויטמינציק לימון 1 ל,בית השיטה,,ויטמינציק לימון 1 ל,ליטרים,1.00,ליטר,false,1,19.90,19.9000,true,1,169251
7290115208009,false,ויטמינציק ענבים 1 ל,בית השיטה,,ויטמינציק ענבים 1 ל,ליטרים,1.00,ליטר,false,1,19.90,19.9000,true,1,169254
7290115208047,false,ויטמינציק פטל 1 ל,בית השיטה,,ויטמינציק פטל 1 ל,ליטרים,1.00,ליטר,false,1,19.90,19.9000,true,1,169249
7290115254105,false,סוכריות פרוזן 120 גר,,,סוכריות פרוזן 120 גר,גרמים,120.00,100 גרם,false,12,19.90,16.5833,true,1,167721
7290115670684,false,גרנולה אגוזים 400 גר,,,גרנולה אגוזים 400 גר,גרמים,400.00,100 גרם,false,1,14.90,3.7250,true,1,163580
7290115670691,false,גרנולה פירות יער 400,,,גרנולה פירות יער 400 גר,גרמים,400.00,100 גרם,false,1,14.90,3.7250,true,1,163581
7290115670707,false,גרנולה שוקולד ואגוזי,,,גרנולה שוקולד ואגוזים 400 גר,גרמים,400.00,100 גרם,false,1,14.90,3.7250,true,1,163582
7290115671155,false,שלישיית סוכריות פרש,ALPRO,,שלישיית סוכריות פרש ענבים 15 גר,גרמים,45.00,100 גרם,false,4,7.90,17.5556,true,1,168807
7290115671162,false,סוכריות גלי עלית ברכ,STRAUSS-ISRAEL,,סוכריות גלי עלית ברכות 540 גר,גרמים,540.00,100 גרם,false,16,19.90,3.6852,true,1,163555
7290115671223,false,מסטיק מאסט פאן אבטיח,STRAUSS-ISRAEL,,מסטיק מאסט פאן אבטיח מנגו 58 גר,גרמים,58.00,100 גרם,false,12,9.90,17.0690,true,1,168794
7290115671308,false,מסטיק מאסט פאן תות ד,STRAUSS-ISRAEL,,מסטיק מאסט פאן תות דובדבן 58 גר,גרמים,58.00,100 גרם,false,12,9.90,17.0690,true,1,168795
7290115671346,false,מיני פינוקיות טופי ק,,,מיני פינוקיות טופי קרמל מלוח 180 גר,גרמים,180.00,100 גרם,false,12,9.90,5.5000,true,1,165568
7290115671353,false,מיני פינוקיות שחור ל,,,מיני פינוקיות שחור לבן 180 גר,גרמים,45.00,100 גרם,false,12,9.90,22.0000,true,1,168810
7290115671421,false,פולי אספרסו עוצמה 10,,,פולי אספרסו עוצמה 10 250 גר,גרמים,250.00,100 גרם,false,1,24.90,9.9600,true,1,169857
7290115675696,false,קוואקר אגוזים 375 גר,,,קוואקר אגוזים 375 גר,גרמים,375.00,100 גרם,false,6,18.90,5.0400,true,1,165182
7290115675702,false,קוואקר פירות 375 גר,,,קוואקר פירות 375 גר,גרמים,375.00,100 גרם,false,6,19.90,5.3067,true,1,165183
7290115676051,false,משקה אקטיביה מתיקות,,,משקה אקטיביה מתיקות מעודנת 265 גר,גרמים,265.00,100 גרם,false,12,4.90,1.8491,true,1,167307
7290115676082,false,משקה יוגורט דנונה פר,,,משקה יוגורט דנונה פרו תות 255 גר,גרמים,255.00,100 גרם,false,12,6.90,2.7059,true,1,164386
7290115676099,false,משקה יוגורט דנונה פר,,,משקה יוגורט דנונה פרו וניל 255 גר,גרמים,255.00,100 גרם,false,12,6.90,2.7059,true,1,164385
7290115676273,false,קקאו בתוספת 10% 550,STRAUSS-ISRAEL,,קקאו עלית 500 גר+10%,גרמים,550.00,100 גרם,false,10,23.90,4.3455,true,1,163556
7290115677089,false,קונפיטורת תפוח וקינמ,,,קונפיטורה יד מרדכי תפוח וקינמון 340 גר,גרמים,340.00,100 גרם,false,6,12.90,3.7941,true,1,165578
7290115677140,false,חטיף תפוציפס בטעם פפ,STRAUSS-ISRAEL,,חטיף תפוציפס בטעם פפריקה 200 גר,גרמים,200.00,100 גרם,false,12,10.90,5.4500,true,1,173614
7290115677966,false,ממרח אבוקדו 200 גר,STRAUSS-ISRAEL,,ממרח אבוקדו 200 גר,גרמים,200.00,100 גרם,false,1,14.90,7.4500,true,1,166273
7290115678376,false,מעדן הגולן שוקולד 12,,,מעדן הגולן שוקולד 125 גר,גרמים,125.00,100 גרם,false,24,2.90,2.3200,true,1,165584
7290115678383,false,מעדן הגולן שוקולד מר,,,מעדן הגולן שוקולד מריר 125 גר,גרמים,125.00,100 גרם,false,24,2.90,2.3200,true,1,165583
7290115678970,false,סוכריות ללא סוכר בטע,,,שלישיית סוכריות פרש בטעם בזוקה 45 גר,גרמים,45.00,100 גרם,false,4,9.90,22.0000,true,1,165576
7290115679960,false,חטיף ציטוס פופקורן ב,,,חטיף ציטוס פופקורן בטעם טבעי 60 גר,גרמים,60.00,100 גרם,false,24,3.90,6.5000,true,1,166247
7290116530062,false,רוטב הלמנס ויניגרט 2,יוניליוור,IL,רוטב הלמנס ויניגרט 295 גר,גרמים,65.00,100 גרם,false,12,9.90,15.2308,true,1,164997
7290116530185,false,דלישקד תלמה 400 גר,אתר שפע,,דלישקד תלמה 400 גר,גרמים,400.00,100 גרם,false,12,21.90,5.4750,true,1,166379
7290116530871,false,נשנושים מיקס 240 גר,,IL,נשנושים מיקס 240 גר,גרמים,240.00,100 גרם,false,1,10.90,4.5417,true,1,164478
7290116531083,false,ברנפלקס ללא סוכר שקד,אתר שפע,,ברנפלקס ללא סוכר שקדים ודבש 400 גר,גרמים,400.00,100 גרם,false,1,19.90,4.9750,true,1,168072
7290116531496,false,קינמונים 375 גר,אתר שפע,,קינמונים 375 גר,גרמים,375.00,100 גרם,false,10,16.90,4.5067,true,1,169752
7290116531779,false,בדין דפים למייבש כחו,קלינטסט,,בדין דפים למייבש כחול,Unknown,0.00,Unknown,false,1,15.90,0.0000,true,1,170882
7290116531885,false,ממרח הלמנס טבעוני 50,יוניליוור,TR,ממרח הלמנס טבעוני 500 גר,גרמים,500.00,100 גרם,false,8,12.90,2.5800,true,1,172128
7290116531939,false,גלידונית תות שדה קרמ,,,גלידונית תותקרמיסימו 703 גר,גרמים,630.00,100 גרם,false,6,44.90,7.1270,true,1,169943
7290116532219,false,קורנפלקס תות 448 גר,אתר שפע,,קורנפלקס תות 448 גר,גרמים,448.00,100 גרם,false,12,17.90,3.9955,true,1,171090
7290116532264,false,מאגדת גלידות גודיז י,שטראוס,IL,מאגדת גלידות גודיז יוגורט אפרסק 342 גר,גרמים,300.00,100 גרם,false,8,23.90,7.9667,true,1,169942
7290116532387,false,סבון ידיים נוזלי חמא,,,סבון ידיים נוזלי חמאת שיאה פינוק 950 מל,מיליליטרים,950.00,"100 מ""ל",false,12,11.90,1.2526,true,1,169756
7290116532394,false,סבון ידיים נוזלי חמא,,,סבון ידיים נוזלי חמאת קקאו פינוק 950 מל,מיליליטרים,950.00,"100 מ""ל",false,12,11.90,1.2526,true,1,169755
7290116532462,false,גלידה קליק שוקולד בנ,,,גלידה קליק שוקולד בננה 384 גר,גרמים,384.00,100 גרם,false,1,19.90,5.1823,true,1,171435
7290116532486,false,גלידה קליק וניל קרמל,,,גלידה קליק וניל קרמל 384 גר,גרמים,384.00,100 גרם,false,1,19.90,5.1823,true,1,171433
7290116532585,false,קרנצים ברנפלקס דבש ק,יוניליוור,IL,קרנצים ברנפלקס דבש קינמון 400 גר,גרמים,400.00,100 גרם,false,12,19.90,4.9750,true,1,171371
7290116533063,false,דגני בוקר שוגי בטעם,יוניליוור,IL,דגני בוקר שוגי בטעם קרטיב ענבים 400 גר,גרמים,400.00,100 גרם,false,12,15.90,3.9750,true,1,172336
7290116930244,false,יוגורט 1.5% שמיניה 1,,,יוגורט 1.5% שמיניה 150 גר,גרמים,1200.00,100 גרם,false,1,16.90,1.4083,true,1,170435
7290116930282,false,ארוחה בקטנה לאבנה עם,,,ארוחה בקטנה לאבנה עם קרקרים 150 גר,גרמים,150.00,100 גרם,false,1,7.90,5.2667,true,1,172742
7290116930435,false,יוגורט גו במרקם סמיך,,,יוגורט גו במרקם סמיך 0% דובדבן 200 גר,גרמים,200.00,100 גרם,false,12,5.90,2.9500,true,1,170437
7290116930442,false,יופלה שייק בננה מנגו,,,יופלה סנייק בננה מנגו תפוז גזר 230 מל,מיליליטרים,230.00,"100 מ""ל",false,1,7.90,3.4348,true,1,171715
7290116930459,false,יופלה שייק בננה אננס,,,יופלה סנייק בננה אננס וקוקוס 230 מל,מיליליטרים,230.00,"100 מ""ל",false,1,7.90,3.4348,true,1,171718
7290116930466,false,יופלה שייק מנגו בננה,,,יופלה סנייק מנגו בננה פסיפלורה הל 230 מל,מיליליטרים,230.00,"100 מ""ל",false,1,7.90,3.4348,true,1,171717
7290116930480,false,יופלה שייק בננה קיוו,,,יופלה סנייק בננה קיווי תפוח 230 מל,מיליליטרים,230.00,"100 מ""ל",false,1,7.90,3.4348,true,1,171716
7290116930626,false,ארוחה בקטנה ציזיקי ע,,,ארוחה בקטנה ציזיקי עם קרקרים 150 גר,גרמים,150.00,100 גרם,false,1,7.90,5.2667,true,1,172743
7290116930701,false,מעדן חלב גו בטעם קרמ,,,מעדן חלב גו בטעם קרמל מלוח 120 גר,גרמים,120.00,100 גרם,false,20,4.90,4.0833,true,1,171714
7290116930718,false,מעדן דיאט בטעם שוקול,,,מעדן דיאט בטעם שוקולד וקרמל מלוח 150 גר,גרמים,150.00,100 גרם,false,1,3.90,2.6000,true,1,171729
7290116930725,false,מעדן סויה ביו קוקוס,,,מעדן סויה ביו קוקוס 150 גר,גרמים,150.00,100 גרם,false,1,4.50,3.0000,true,1,172326
7290116931081,false,מעדן סויה בטעם טופי,,,מעדן סויה בטעם טופי קרמל 125 גר,גרמים,125.00,100 גרם,false,1,3.90,3.1200,true,1,172744
7290116931104,false,יוגורט גו במרקם סמיך,,,יוגורט גו במרקם סמיך 0% אננס 200 גר,גרמים,200.00,100 גרם,false,12,5.90,2.9500,true,1,172327
7290117260104,false,חטיף גבינה בטעם תות,,,חטיף גבינה בטעם תות בציפוי שוקולד 120 גר,גרמים,120.00,100 גרם,false,1,11.90,9.9167,true,1,172497
7290117260449,false,גבינה בולגרית למריחה,,,גבינה בולגרית למריחה 5% טבעי 200 גר,גרמים,200.00,100 גרם,false,1,9.90,4.9500,true,1,170757
7290117260456,false,גבינה בולגרית למריחה,,,גבינה בולגרית למריחה 5% זיתים 200 גר,גרמים,200.00,100 גרם,false,1,9.90,4.9500,true,1,170759
7290117260463,false,גבינה בולגרית למריחה,,,גבינה בולגרית למריחה 5% חלפיניו 200 גר,גרמים,200.00,100 גרם,false,1,9.90,4.9500,true,1,170760
7290117260470,false,גבינה בולגרית למריחה,,,גבינה בולגרית למריחה 5% שום 200 גר,גרמים,200.00,100 גרם,false,1,9.90,4.9500,true,1,170758
7290117260814,false,חטיף מוקפץ תן בו בצי,,DK,חטיף מוקפץ תן בו בציפוי בטעם שוקולד קוקו,גרמים,300.00,100 גרם,false,16,19.90,6.6333,true,1,168744
7290117261088,false,גבינת מוצרלה בוראטה,,,גבינת מוצרלה בוראטה רכה 125 גר,גרמים,125.00,100 גרם,false,1,19.90,15.9200,true,1,172495
7290117261187,false,ארוחת פסטה בהקפאה פנ,,,ארוחת פסטה בהקפאה פנה ותרד 600 גר,גרמים,600.00,100 גרם,false,1,21.90,3.6500,true,1,172500
7290117261224,false,ארוחת אורז בהקפאה עם,,,ארוחת אורז בהקפאה עם פטריות 600 גר,גרמים,600.00,100 גרם,false,1,21.90,3.6500,true,1,172502
7290117261347,false,חטיף מוקצף תן בו שו,,DK,חטיף מוקצף תן בו שוקולד לבן וקוקוס 300,גרמים,300.00,100 גרם,false,16,19.90,6.6333,true,1,169405
7290117261354,false,גבינת ריקוטה 5% 200,,,גבינת ריקוטה 5% 200 גר,גרמים,200.00,100 גרם,false,1,9.90,4.9500,true,1,172505
7290117261774,false,כדורי גבינת בייבי מו,,,כדורי גבינת בייבי מוצרלה 14% 150 גר,גרמים,150.00,100 גרם,false,1,14.90,9.9333,true,1,173998
7290117261927,false,גבינת פקורינו מחלב כ,,,גבינת פקורינו מחלב כבשים צאנק 150 גר,גרמים,150.00,100 גרם,false,1,19.90,13.2667,true,1,171680
7290117262030,true,וופל במילוי קרם בטעם,,,וופל במילוי קרם בטעם שוקולד תפוז 200 גר,גרמים,200.00,100 גרם,false,1,11.90,5.9500,true,1,171686
7290117262054,true,וופל במילוי שוקולד ש,,,וופל במילוי שוקולד שוויצרי 200 גר,גרמים,200.00,100 גרם,false,1,11.90,5.9500,true,1,171685
7290117262221,true,משקה יוגורט פרוביוטי,,,משקה יוגורט פרוביוטי אננס 2.3% 200 מל,מיליליטרים,200.00,"100 מ""ל",false,6,4.90,2.4500,true,1,172912
7290117262238,true,משקה יוגורט פרוביוטי,,,משקה יוגורט פרוביוטי תות שדה 2.3% 200 מל,מיליליטרים,200.00,"100 מ""ל",false,6,4.90,2.4500,true,1,172910
7290117262245,true,משקה יוגורט אפרסק ומ,,,משקה יוגורט אפרסק ומשמש 2.3% 200 מל,מיליליטרים,200.00,"100 מ""ל",false,,4.90,2.4500,true,1,172911
7290117380154,false,רוטב אסייתי סויה ושו,,NL,רוטב אסייתי סויה ושומשום מאסטר שף 264 גר,גרמים,264.00,100 גרם,false,6,9.90,3.7500,true,1,170485
7290117380185,false,סוויט פוף שוקולד חלב,,GR,סוויט פוף שוקולד חלב לבן 50 גר,גרמים,50.00,100 גרם,false,1,4.90,9.8000,true,1,171163
7290117380857,false,חטיף מרבה סלים דליס,מרבה,,חטיף מרבה סלים דליס פייבר לימון 120 גר,גרמים,120.00,100 גרם,false,1,11.90,9.9167,true,1,171080
7290117381205,false,שמן שומשום מאסטר שף,,,שמן שומשום מאסטר שף 370 מל,מיליליטרים,370.00,"100 מ""ל",false,1,24.90,6.7297,true,1,173786
7290117381229,false,פריכיות מצופות שוקול,,,פריכיות מצופות שוקולד חלב פוף 70 גר,גרמים,70.00,100 גרם,false,1,7.90,11.2857,true,1,172710
7290117381236,false,פריכיות מצופות שוקול,,,פריכיות מצופות שוקולד מריר פוף 70 גר,גרמים,70.00,100 גרם,false,1,7.90,11.2857,true,1,172709
7290117381250,false,פריכיות מצופות שוקול,,,פריכיות מצופות שוקולד מריר ותפוז פוף 70,גרמים,70.00,100 גרם,false,1,7.90,11.2857,true,1,172708
7290117560013,true,קופון ציפר,,,קופון ציפר,Unknown,0.00,Unknown,false,1,0.01,0.0000,true,1,166421
7290117560020,true,קופון ציפר,,,קופון ציפר,Unknown,0.00,Unknown,false,1,0.01,0.0000,true,1,166422
7290117560037,true,קופון ציפר,,,קופון ציפר,Unknown,0.00,Unknown,false,1,0.01,0.0000,true,1,166423
7290117560051,true,קופון ציפר,,,קופון ציפר,Unknown,0.00,Unknown,false,1,0.01,0.0000,true,1,166425
7290117560068,true,קופון ציפר,,,קופון ציפר,Unknown,0.00,Unknown,false,1,0.01,0.0000,true,1,166426
7290117560112,true,קופון ציפר,,,קופון ציפר,Unknown,0.00,Unknown,false,1,0.01,0.0000,true,1,166431
7290117560259,true,קופון ציפר,,,קופון ציפר,Unknown,0.00,Unknown,false,1,0.01,0.0000,true,1,166445
7290117560310,true,קופון ציפר,,,קופון ציפר,Unknown,0.00,Unknown,false,1,0.01,0.0000,true,1,166451
7290117560327,true,קופון ציפר,,,קופון ציפר,Unknown,0.00,Unknown,false,1,0.01,0.0000,true,1,166452
7290117560334,true,קופון ציפר,,,קופון ציפר,Unknown,0.00,Unknown,false,1,0.01,0.0000,true,1,166453
7290117560341,true,קופון ציפר,,,קופון ציפר,Unknown,0.00,Unknown,false,1,0.01,0.0000,true,1,166454
7290117560358,true,קופון ציפר,,,קופון ציפר,Unknown,0.00,Unknown,false,1,0.01,0.0000,true,1,166455
7290117560365,true,קופון ציפר,,,קופון ציפר,Unknown,0.00,Unknown,false,1,0.01,0.0000,true,1,166456
7290117560372,true,קופון ציפר,,,קופון ציפר,Unknown,0.00,Unknown,false,1,0.01,0.0000,true,1,166457
7290117560389,true,קופון ציפר,,,קופון ציפר,Unknown,0.00,Unknown,false,1,0.01,0.0000,true,1,166458
7290117560396,true,קופון ציפר,,,קופון ציפר,Unknown,0.00,Unknown,false,1,0.01,0.0000,true,1,166459
7290117560402,true,קופון ציפר,,,קופון ציפר,Unknown,0.00,Unknown,false,1,0.01,0.0000,true,1,166460
7290117560419,true,קופון ציפר,,,קופון ציפר,Unknown,0.00,Unknown,false,1,0.01,0.0000,true,1,166461
7290117560426,true,קופון ציפר,,,קופון ציפר,Unknown,0.00,Unknown,false,1,0.01,0.0000,true,1,166462
7290117560433,true,קופון ציפר,,,קופון ציפר,Unknown,0.00,Unknown,false,1,0.01,0.0000,true,1,166463
7290117560440,true,קופון ציפר,,,קופון ציפר,Unknown,0.00,Unknown,false,1,0.01,0.0000,true,1,166464
7290117560457,true,קופון ציפר,,,קופון ציפר,Unknown,0.00,Unknown,false,1,0.01,0.0000,true,1,166465
7290117560464,true,קופון ציפר,,,קופון ציפר,Unknown,0.00,Unknown,false,1,0.01,0.0000,true,1,166466
7290117560471,true,קופון ציפר,,,קופון ציפר,Unknown,0.00,Unknown,false,1,0.01,0.0000,true,1,166467
7290117560488,true,קופון ציפר,,,קופון ציפר,Unknown,0.00,Unknown,false,1,0.01,0.0000,true,1,166468
7290117560495,true,קופון ציפר,,,קופון ציפר,Unknown,0.00,Unknown,false,1,0.01,0.0000,true,1,166469
7290117560501,true,קופון ציפר,,,קופון ציפר,Unknown,0.00,Unknown,false,1,0.01,0.0000,true,1,166470
7290117560518,true,קופון ציפר,,,קופון ציפר,Unknown,0.00,Unknown,false,1,0.01,0.0000,true,1,166471
7290117560525,true,קופון ציפר,,,קופון ציפר,Unknown,0.00,Unknown,false,1,0.01,0.0000,true,1,166472
7290117560532,true,קופון ציפר,,,קופון ציפר,Unknown,0.00,Unknown,false,1,0.01,0.0000,true,1,166473
7290117560549,true,קופון ציפר,,,קופון ציפר,Unknown,0.00,Unknown,false,1,0.01,0.0000,true,1,166474
7290117560556,true,קופון ציפר,,,קופון ציפר,Unknown,0.00,Unknown,false,1,0.01,0.0000,true,1,166475
7290117560563,true,קופון ציפר,,,קופון ציפר,Unknown,0.00,Unknown,false,1,0.01,0.0000,true,1,166476
7290117560570,true,קופון ציפר,,,קופון ציפר,Unknown,0.00,Unknown,false,1,0.01,0.0000,true,1,166477
7290117560587,true,קופון ציפר,,,קופון ציפר,Unknown,0.00,Unknown,false,1,0.01,0.0000,true,1,166478
7290117560594,true,קופון ציפר,,,קופון ציפר,Unknown,0.00,Unknown,false,1,0.01,0.0000,true,1,166479
7290117560600,true,קופון ציפר,,,קופון ציפר,Unknown,0.00,Unknown,false,1,0.01,0.0000,true,1,166480
7290117560617,true,קופון ציפר,,,קופון ציפר,Unknown,0.00,Unknown,false,1,0.01,0.0000,true,1,166481
7290117560624,true,קופון ציפר,,,קופון ציפר,Unknown,0.00,Unknown,false,1,0.01,0.0000,true,1,166482
7290117560631,true,קופון ציפר,,,קופון ציפר,Unknown,0.00,Unknown,false,1,0.01,0.0000,true,1,166483
7290117560648,true,קופון ציפר,,,קופון ציפר,Unknown,0.00,Unknown,false,1,0.01,0.0000,true,1,166489
7290117560655,true,קופון ציפר,,,קופון ציפר,Unknown,0.00,Unknown,false,1,0.01,0.0000,true,1,166484
7290117560662,true,קופון ציפר,,,קופון ציפר,Unknown,0.00,Unknown,false,1,0.01,0.0000,true,1,166486
7290117560679,true,קופון ציפר,,,קופון ציפר,Unknown,0.00,Unknown,false,1,0.01,0.0000,true,1,166487
7290117560686,true,קופון ציפר,,,קופון ציפר,Unknown,0.00,Unknown,false,1,0.01,0.0000,true,1,166491
7290117560693,true,קופון ציפר,,,קופון ציפר,Unknown,0.00,Unknown,false,1,0.01,0.0000,true,1,166485
7290117560716,true,קופון ציפר,,,קופון ציפר,Unknown,0.00,Unknown,false,1,0.01,0.0000,true,1,166490
7290117560723,true,קופון ציפר,,,קופון ציפר,Unknown,0.00,Unknown,false,1,0.01,0.0000,true,1,166492
7290117560730,true,קופון ציפר,,,קופון ציפר,Unknown,0.00,Unknown,false,1,0.01,0.0000,true,1,167157
7290117560747,true,קופון ציפר,,,קופון ציפר,Unknown,0.00,Unknown,false,1,0.01,0.0000,true,1,167183
7290117560754,true,קופון ציפר,,,קופון ציפר,Unknown,0.00,Unknown,false,1,0.01,0.0000,true,1,167184
7290117560761,true,קופון ציפר,,,קופון ציפר,Unknown,0.00,Unknown,false,1,0.01,0.0000,true,1,167185
7290117560778,true,קופון ציפר,,,קופון ציפר,Unknown,0.00,Unknown,false,1,0.01,0.0000,true,1,167186
7290117560785,true,קופון ציפר,,,קופון ציפר,Unknown,0.00,Unknown,false,1,0.01,0.0000,true,1,167187
7290117560792,true,קופון ציפר,,,קופון ציפר,Unknown,0.00,Unknown,false,1,0.01,0.0000,true,1,167188
7290117560808,true,קופון ציפר,,,קופון ציפר,Unknown,0.00,Unknown,false,1,0.01,0.0000,true,1,167189
7290117560815,true,קופון ציפר,,,קופון ציפר,Unknown,0.00,Unknown,false,1,0.01,0.0000,true,1,167190
7290117560822,true,קופון ציפר,,,קופון ציפר,Unknown,0.00,Unknown,false,1,0.01,0.0000,true,1,167191
7290117560839,true,קופון ציפר,,,קופון ציפר,Unknown,0.00,Unknown,false,1,0.01,0.0000,true,1,167192
7290117560846,true,קופון ציפר,,,קופון ציפר,Unknown,0.00,Unknown,false,1,0.01,0.0000,true,1,167193
7290117560853,true,קופון ציפר,,,קופון ציפר,Unknown,0.00,Unknown,false,1,0.01,0.0000,true,1,167194
7290117560860,true,קופון ציפר,,,קופון ציפר,Unknown,0.00,Unknown,false,1,0.01,0.0000,true,1,167195
7290117560877,true,קופון ציפר,,,קופון ציפר,Unknown,0.00,Unknown,false,1,0.01,0.0000,true,1,167196
7290117560884,true,קופון ציפר,,,קופון ציפר,Unknown,0.00,Unknown,false,1,0.01,0.0000,true,1,167197
7290117560891,true,קופון ציפר,,,קופון ציפר,Unknown,0.00,Unknown,false,1,0.01,0.0000,true,1,167198
7290117560907,true,קופון ציפר,,,קופון ציפר,Unknown,0.00,Unknown,false,1,0.01,0.0000,true,1,167203
7290117560914,true,קופון ציפר,,,קופון ציפר,Unknown,0.00,Unknown,false,1,0.01,0.0000,true,1,167200
7290117560921,true,קופון ציפר,,,קופון ציפר,Unknown,0.00,Unknown,false,1,0.01,0.0000,true,1,167201
7290117560952,true,קופון ציפר,,,קופון ציפר,Unknown,0.00,Unknown,false,1,0.01,0.0000,true,1,167298
7290117560969,true,קופון ציפר,,,קופון ציפר,Unknown,0.00,Unknown,false,1,0.01,0.0000,true,1,167299
7290117560976,true,קופון ציפר,,,קופון ציפר,Unknown,0.00,Unknown,false,1,0.01,0.0000,true,1,167300
7290117560983,true,קופון ציפר,,,קופון ציפר,Unknown,0.00,Unknown,false,1,0.01,0.0000,true,1,167301
7290117560990,true,קופון ציפר,,,קופון ציפר,Unknown,0.00,Unknown,false,1,0.01,0.0000,true,1,167302
7290117561003,true,קופון ציפר,,,קופון ציפר,Unknown,0.00,Unknown,false,1,0.01,0.0000,true,1,167303
7290117561010,true,קופון ציפר,,,קופון ציפר,Unknown,0.00,Unknown,false,1,0.01,0.0000,true,1,167528
7290117561027,true,קופון ציפר,,,קופון ציפר,Unknown,0.00,Unknown,false,1,0.01,0.0000,true,1,167529
7290117561034,true,קופון ציפר,,,קופון ציפר,Unknown,0.00,Unknown,false,1,0.01,0.0000,true,1,167530
7290117561058,true,קופון ציפר,,,קופון ציפר,Unknown,0.00,Unknown,false,1,0.01,0.0000,true,1,167532
7290117561065,true,קופון ציפר,,,קופון ציפר,Unknown,0.00,Unknown,false,1,0.01,0.0000,true,1,167533
7290117561089,true,קופון ציפר,,,קופון ציפר,Unknown,0.00,Unknown,false,1,0.01,0.0000,true,1,167535
7290117561096,true,קופון ציפר,,,קופון ציפר,Unknown,0.00,Unknown,false,1,0.01,0.0000,true,1,167536
7290117561102,true,קופון ציפר,,,קופון ציפר,Unknown,0.00,Unknown,false,1,0.01,0.0000,true,1,167537
7290117561119,true,קופון ציפר,,,קופון ציפר,Unknown,0.00,Unknown,false,1,0.01,0.0000,true,1,167538
7290117561126,true,קופון ציפר,,,קופון ציפר,Unknown,0.00,Unknown,false,1,0.01,0.0000,true,1,167539
7290117561133,true,קופון ציפר,,,קופון ציפר,Unknown,0.00,Unknown,false,1,0.01,0.0000,true,1,167540
7290117561140,true,קופון ציפר,,,קופון ציפר,Unknown,0.00,Unknown,false,1,0.01,0.0000,true,1,167541
7290117561157,true,קופון ציפר,,,קופון ציפר,Unknown,0.00,Unknown,false,1,0.01,0.0000,true,1,167542
7290117561164,true,קופון ציפר,,,קופון ציפר,Unknown,0.00,Unknown,false,1,0.01,0.0000,true,1,167543
7290117561188,true,קופון ציפר,,,קופון ציפר,Unknown,0.00,Unknown,false,1,0.01,0.0000,true,1,167545
7290117561195,true,קופון ציפר,,,קופון ציפר,Unknown,0.00,Unknown,false,1,0.01,0.0000,true,1,167546
7290117561201,true,קופון ציפר,,,קופון ציפר,Unknown,0.00,Unknown,false,1,0.01,0.0000,true,1,167547
7290117561218,true,קופון ציפר,,,קופון ציפר,Unknown,0.00,Unknown,false,1,0.01,0.0000,true,1,167548
7290117561225,true,קופון ציפר,,,קופון ציפר,Unknown,0.00,Unknown,false,1,0.01,0.0000,true,1,167549
7290117561232,true,קופון ציפר,,,קופון ציפר,Unknown,0.00,Unknown,false,1,0.01,0.0000,true,1,167550
7290117561249,true,קופון ציפר,,,קופון ציפר,Unknown,0.00,Unknown,false,1,0.01,0.0000,true,1,167551
7290117561256,true,קופון ציפר,,,קופון ציפר,Unknown,0.00,Unknown,false,1,0.01,0.0000,true,1,168298
7290117561263,true,קופון ציפר,,,קופון ציפר,Unknown,0.00,Unknown,false,1,0.01,0.0000,true,1,168299
7290117561270,true,קופון ציפר,,,קופון ציפר,Unknown,0.00,Unknown,false,1,0.01,0.0000,true,1,168300
7290117561294,true,קופון ציפר,,,קופון ציפר,Unknown,0.00,Unknown,false,1,0.01,0.0000,true,1,168302
7290117561331,true,קופון ציפר,,,קופון ציפר,Unknown,0.00,Unknown,false,1,0.01,0.0000,true,1,168306
7290117561355,true,קופון ציפר,,,קופון ציפר,Unknown,0.00,Unknown,false,1,0.01,0.0000,true,1,168308
7290117569122,false,קופון ציפר,,,קופון ציפר,Unknown,0.00,Unknown,false,1,0.01,0.0000,true,1,173616
7290117569153,false,קופון ציפר,,,קופון ציפר,Unknown,0.00,Unknown,false,1,0.01,0.0000,true,1,173703
7290117569177,false,קופון ציפר,,,קופון ציפר,Unknown,0.00,Unknown,false,1,0.01,0.0000,true,1,173618
7290117569207,false,קופון ציפר,,,קופון ציפר,Unknown,0.00,Unknown,false,1,0.01,0.0000,true,1,173621
7290117569290,false,קופון ציפר,,,קופון ציפר,Unknown,0.00,Unknown,false,1,0.01,0.0000,true,1,173630
7290117569320,true,קופון ציפר,,,קופון ציפר,Unknown,0.00,Unknown,false,1,0.01,0.0000,true,1,174407
7290117569382,false,קופון ציפר,,,קופון ציפר,Unknown,0.00,Unknown,false,1,0.01,0.0000,true,1,173638
7290117569399,false,קופון ציפר,,,קופון ציפר,Unknown,0.00,Unknown,false,1,0.01,0.0000,true,1,173639
7290117569474,false,קופון ציפר,,,קופון ציפר,Unknown,0.00,Unknown,false,1,0.01,0.0000,true,1,173647
7290117569481,false,קופון ציפר,,,קופון ציפר,Unknown,0.00,Unknown,false,1,0.01,0.0000,true,1,173648
7290117569511,false,קופון ציפר,,,קופון ציפר,Unknown,0.00,Unknown,false,1,0.01,0.0000,true,1,173651
7290117569542,false,קופון ציפר,,,קופון ציפר,Unknown,0.00,Unknown,false,1,0.01,0.0000,true,1,173654
7290117569566,false,קופון ציפר,,,קופון ציפר,Unknown,0.00,Unknown,false,1,0.01,0.0000,true,1,173656
7290117569665,false,קופון ציפר,,,קופון ציפר,Unknown,0.00,Unknown,false,1,0.01,0.0000,true,1,173723
7290117569672,true,קופון ציפר,,,קופון ציפר,Unknown,0.00,Unknown,false,1,0.01,0.0000,true,1,174408
7290117569689,false,קופון ציפר,,,קופון ציפר,Unknown,0.00,Unknown,false,1,0.01,0.0000,true,1,173667
7290117569788,false,קופון ציפר,,,729קופון ציפר,Unknown,0.00,Unknown,false,1,0.01,0.0000,true,1,173677
7290117569917,false,קופון ציפר,,,729קופון ציפר,Unknown,0.00,Unknown,false,1,0.01,0.0000,true,1,173689
7290117569962,false,קופון ציפר,,,729קופון ציפר,Unknown,0.00,Unknown,false,1,0.01,0.0000,true,1,173694
7290117900932,false,גרעיני אבטיח קלויים,,,גרעיני אבטיח קלויים 130 גר,גרמים,130.00,100 גרם,false,1,9.90,7.6154,true,1,170610
7290117900949,false,בוטנים מצופים אמריקא,,,בוטנים מצופים אמריקאים 250 גר,גרמים,250.00,100 גרם,false,1,9.90,3.9600,true,1,170609
7290117900956,false,תערובת פיצוחים קלויי,,,תערובת פיצוחים קלויים 180 גר,גרמים,180.00,100 גרם,false,1,14.90,8.2778,true,1,170620
7290117900963,false,בוטנים קלויים 270 גר,,,בוטנים קלויים 270 גר,גרמים,270.00,100 גרם,false,1,9.90,3.6667,true,1,170612
7290117900994,false,פקאן סיני מסוכר 140,,,פקאן סיני מסוכר 140 גר,גרמים,140.00,100 גרם,false,1,14.90,10.6429,true,1,170615
7290117901007,false,פיסטוק קלוי 130 גר,,,פיסטוק קלוי 130 גר,גרמים,130.00,100 גרם,false,1,14.90,11.4615,true,1,170616
7290117901014,false,קשיו קלוי 160 גר,,,קשיו קלוי 160 גר,גרמים,160.00,100 גרם,false,1,14.90,9.3125,true,1,170617
7290117901021,false,קבוקים בוטנים מצופים,,,קבוקים בוטנים מצופים עם שומשום 220 גר,גרמים,220.00,100 גרם,false,1,9.90,4.5000,true,1,170611
7290117901045,false,בוטן רביולי 200 גר,,,בוטן רביולי 200 גר,גרמים,200.00,100 גרם,false,1,14.90,7.4500,true,1,170618
7290118350361,false,כוסות לשתייה קרה 50,,,כוסות לשתייה קרה 50 יח,Unknown,0.00,Unknown,false,1,4.90,0.0000,true,1,173700
7290165456412,false,לחם ליטאי עם תוספות,ארדי שיווק וסיטונאות,,"לחם ליטאי עם תוספות 1.1 ק""ג",גרמים,1100.00,100 גרם,false,1,16.90,1.5364,true,1,126536
7290166887215,false,לחם שיפון מיוחד פרוס,,,לחם שיפון מיוחד פרוס 350 גר,גרמים,350.00,100 גרם,false,1,9.90,2.8286,true,1,168629
7290166887239,false,לחם שיפון מיוחד גרעי,,,לחם שיפון מיוחד גרעיני חמניות פרוס 350 ג,גרמים,350.00,100 גרם,false,1,11.90,3.4000,true,1,168630
7290900010367,false,טורטייה אבאל שמינייה,,,טורטייה אבאל שמינייה,גרמים,360.00,100 גרם,false,1,8.90,2.4722,true,1,140322
7296051099015,false,מצית גז בשלל צבעים,,,מצית גז בשלל צבעים,Unknown,0.00,Unknown,false,1,8.90,0.0000,false,1,141344
7296150000028,false,עלי גפן ממולאים 425,,,עלי גפן ממולאים 425 גר,גרמים,425.00,100 גרם,false,12,14.90,3.5059,true,1,134471
7297488199590,false,פצפוצי אורז דגש 450,,,פצפוצי אורז דגש 450 גר,גרמים,450.00,100 גרם,false,10,19.90,4.4222,true,1,149161
7312040017683,false,וודקה אבסולוט 700 מל,,,וודקה אבסולוט 0.7 ל,מיליליטרים,700.00,"100 מ""ל",false,1,54.90,7.8429,true,1,126447
7394376620294,false,משקה שיבולת שועל בטע,,NL,משקה שיבולת שועל בטעם וניל 1 ל,ליטרים,1.00,ליטר,false,6,15.90,15.9000,true,1,173790
7401005007088,false,רום בוטראן ריזרבה בל,,,רום בוטראן ריזרבה בלאנקה לבן 700 מל,מיליליטרים,700.00,"100 מ""ל",false,1,129.90,18.5571,true,1,162934
7500162900000,false,בירה סול 330 מל בודד,,,בירה סול 330 מל בודד,גרמים,330.00,100 גרם,false,1,9.90,3.0000,true,1,158090
7501013101348,false,נקטר גומקס מנגו 473,,,"נקטר גומקס מנגו 473 מ""ל",מיליליטרים,473.00,"100 מ""ל",false,12,8.90,1.8816,true,1,153237
7501013101355,false,נקטר גומקס אפרסק 473,,,"נקטר גומקס אפרסק 473 מ""ל",מיליליטרים,473.00,"100 מ""ל",false,12,8.90,1.8816,true,1,153235
7501013101362,false,משקה גומקס קוקוס אננ,,,"משקה גומקס קוקוס אננס 473 מ""ל",מיליליטרים,473.00,"100 מ""ל",false,12,8.90,1.8816,true,1,153238
7501013101393,false,משקה גומקס אננס 473,,,"משקה גומקס אננס 473 מ""ל",מיליליטרים,473.00,"100 מ""ל",false,12,8.90,1.8816,true,1,153236
7501013122039,false,נקטר גיומקס מנגו קרט,COMERCIALIZADORA ELO,,נקטר גיומקס מנגו קרטונית 1 ל,ליטרים,1.00,ליטר,false,12,9.90,9.9000,true,1,153243
7501013122053,false,נקטר גיומקס אפרסק קר,COMERCIALIZADORA ELO,,נקטר גיומקס אפרסק קרטונית 1 ל,ליטרים,1.00,ליטר,false,12,9.90,9.9000,true,1,153241
7501013122114,false,משקה גיומקס אננס קרט,COMERCIALIZADORA ELO,,משקה גיומקס אננס קרטונית 1 ל,ליטרים,1.00,ליטר,false,12,9.90,9.9000,true,1,153242
7501013122190,false,משקה גיומקס תפוחים ק,COMERCIALIZADORA ELO,,משקה גיומקס תפוחים קרטונית 1 ל,ליטרים,1.00,ליטר,false,12,9.90,9.9000,true,1,153245
7501013122992,false,משקה גיומקס קוקוס אנ,,,משקה גיומקס קוקוס אננס קרטונית 1 ל,ליטרים,1.00,ליטר,false,12,9.90,9.9000,true,1,153244
7501013138184,false,משקה גומקס יוניקו פר,COMERCIALIZADORA ELO,,נקטר יוניקו פרסקו חמוציות 1ל,ליטרים,1.00,ליטר,false,1,9.90,9.9000,true,1,153270
7501013138856,false,מיץ תפוזים סחוט 1 ל,,,מיץ תפוזים סחוט 1 ל,ליטרים,1.00,ליטר,false,12,13.90,13.9000,true,1,161880
7501049936945,false,בירה סול 330 מל שישי,,,שישיית בירה סול 0.33,ליטרים,1.98,ליטר,false,1,39.90,20.1515,true,1,156845
7501064191398,false,בירה קורונה 355 מל ש,סובסריה מודלו,,"בירה קורונה 355 מ""ל שישייה",מיליליטרים,2130.00,"100 מ""ל",false,1,34.90,1.6385,true,1,151306
7509546061160,false,משחת שיניים קולגייט,,,משחת שיניים קולגייט לילדים מיניונים 2-5,מיליליטרים,75.00,"100 מ""ל",false,1,14.90,19.8667,true,1,165471
7509546063515,false,ליידי ספיד סטיק פרו,,MX,ליידי ספיד סטיק פרו 5 ספריי 150 מל,מיליליטרים,150.00,"100 מ""ל",false,12,14.90,9.9333,true,1,174533
7509546666846,false,משחת שיניים קולגייט,קולגייט פלמוליב,MX,משחת שיניים קולגייט טוטל פחם 75 מל,מיליליטרים,75.00,"100 מ""ל",false,48,19.90,26.5333,true,1,164437
7509546678702,false,משחת שיניים טוטאל אנ,,,משחת שיניים טוטאל אנטי טרטר 100 מל,מיליליטרים,100.00,"100 מ""ל",false,48,15.90,15.9000,true,1,172575
7610008005384,false,בונ רגוסה בלונד 400,,,בונ רגוסה בלונד 400 גר,גרמים,400.00,100 גרם,false,6,49.90,12.4750,true,1,158889
7610008059073,false,שוק רגוזה פרלין ואגו,,,שוק רגוזה פרלין ואגוזי לוז קלאסי 100 גר,גרמים,100.00,100 גרם,false,1,19.90,19.9000,true,1,159656
7610008059080,false,שוק מריר רגוזה נויר,,,שוק מריר רגוזה נויר טראפל ואגוזי לוז 100,גרמים,100.00,100 גרם,false,1,19.90,19.9000,true,1,159657
7610008708506,false,בונ רגוסה מריר 400 ג,,,בונ רגוסה מריר 400 גר,גרמים,400.00,100 גרם,false,6,49.90,12.4750,true,1,158888
7610008709008,false,בונ רגוסה קלאסיק 400,,,בונ רגוסה קלאסיק 400 גר,גרמים,400.00,100 גרם,false,6,49.90,12.4750,true,1,158887
7610008713500,false,בונבוניירה טורינו חל,,,בונבוניירה טורינו חלב 300 גר,גרמים,300.00,100 גרם,false,1,49.90,16.6333,true,1,169788
7610100034084,false,מיונז טומי 265 גר,,,מיונז טומי 265 גר,גרמים,265.00,100 גרם,false,1,10.90,4.1132,true,1,165506
7610113000175,false,בקרדי מוחיטו 700 מל,,,"בקרדי מוחיטו 700 מ""ל",מיליליטרים,700.00,"100 מ""ל",false,1,74.90,10.7000,true,1,142531
7610400010481,false,שוקולד לינדט אקסלנס,לינדט,FR,"שוקולד ""לינדט אקסלנס",גרמים,100.00,100 גרם,false,20,15.90,15.9000,true,1,147657
7610400014649,false,שוקולד לינדט לינדור,לינדט,,"שוקולד ""לינדור"" חלב",גרמים,100.00,100 גרם,false,1,15.90,15.9000,true,1,123777
7610400029858,false,עלי שוקולד דקדקים חל,,,עלי שוקולד דקדקים חלב תפוז לינדט 125 גר,גרמים,125.00,100 גרם,false,1,34.90,27.9200,true,1,172269
7610400066037,false,בונבוניירות לינדור ס,לינדט,,"בונבוניירות ""לינדור"" סטרטצ""לה 200 גר",גרמים,200.00,100 גרם,false,1,29.90,14.9500,true,1,127140
7610400068369,false,שוקולד לינדור אגוזים,לינדט,,"שוקולד ""לינדור"" עם א",גרמים,100.00,100 גרם,false,1,15.90,15.9000,true,1,123778
7610400068505,false,בונבוניירה לינדור מי,לינדט,,בונבוניירות לינדור,גרמים,200.00,100 גרם,false,1,29.90,14.9500,true,1,123779
7610400068529,false,בונבוניירות אסורטד ל,לינדט,,"בונבוניירות ""לינדור""",גרמים,200.00,100 גרם,false,1,29.90,14.9500,true,1,123780
7610400070577,false,שוקולד לינדט אקסלנס,לינדט,,"שוקולד ""לינדט אקסלנס",גרמים,100.00,100 גרם,false,1,15.90,15.9000,true,1,128893
7610400074155,false,שוקולד לינדור מריר 6,לינדט,,"שוקולד ""לינדור"" בודד",גרמים,100.00,100 גרם,false,1,15.90,15.9000,true,1,123781
7610400075770,false,שוקולד לינדט לה גרנד,לינדט,,שוקולד לינדט לה גרנד מריר אגוזים 150 גר,גרמים,150.00,100 גרם,false,1,24.90,16.6000,true,1,123782
7610400075787,false,שוקולד לינדט לגרנד 1,לינדט,,"שוקולד ""לינדט"" לה גרנד 150 גר",גרמים,150.00,100 גרם,false,1,24.90,16.6000,true,1,123783
7610563208374,true,גבינה גרוייר שוויצרי,,,גבינה גרוייר שוויצרי פרוס 150 גר,גרמים,150.00,100 גרם,false,1,39.90,26.6000,true,1,137886
7610700002681,false,סוכריות ריקולה צמחים,,,סוכריות ריקולה צמחים ללא סוכר 50 גר,גרמים,50.00,100 גרם,false,1,12.90,25.8000,true,1,171049
7610700009956,false,סוכריות ריקולה פרחי,,,סוכריות ריקולה פרחי סמבוקוס ללא סוכר 50,גרמים,50.00,100 גרם,false,1,12.90,25.8000,true,1,171050
7610700013083,false,סוכריות ריקולה מרעננ,,,סוכריות ריקולה מרעננת ללא סוכר 50 גר,גרמים,50.00,100 גרם,false,1,12.90,25.8000,true,1,171048
7610700607046,false,סוכ צמחים ללא סוכר ל,,,"סוכריות ""ריקולה"" בטע",גרמים,50.00,100 גרם,false,1,12.90,25.8000,true,1,123788
7610700614914,false,סוכריות ללא סוכר צמח,,,"סוכריות ""ריקולה"" ללא",גרמים,50.00,100 גרם,false,1,12.90,25.8000,true,1,123792
7613030979647,false,דגני בוקר טריקס 480,ג.נרל מילס,,דגני בוקר טריקס 480 גר,גרמים,480.00,100 גרם,false,1,21.90,4.5625,true,1,141961
7613032045753,false,פיטנס שוקולד 375 גרם,נסטלה צרפת איטנקורט,,פיטנס שוקולד,גרמים,375.00,100 גרם,false,1,19.90,5.3067,true,1,123794
7613033548192,false,דגני בוקר פיטנס שוקו,נסטלה צרפת איטנקורט,,"דגני בוקר ""פיטנס"" שו",גרמים,375.00,100 גרם,false,1,19.90,5.3067,true,1,123797
7613033635571,false,אוכל חתולים פורינה O,,,אוכל חתולים פורינה ONE לסטרילייז סלמון,גרמים,800.00,100 גרם,false,8,39.90,4.9875,true,1,154053
7613035027022,false,אוכל כלבים מיני פורי,,,אוכל כלבים מיני פורינה ONE גור עוף 800 ג,גרמים,800.00,100 גרם,false,8,34.90,4.3625,true,1,154056
7613035548374,false,דגני בוקר גולדן מיני,נסטלה צרפת איטנקורט,,דגני בוקר גולדן מיניס 570 גר,גרמים,570.00,100 גרם,false,1,21.90,3.8421,true,1,131080
7613035614482,false,אוכל חתולים פורינה O,,,אוכל חתולים פורינה ONE לגורים 800 גר,גרמים,800.00,100 גרם,false,8,39.90,4.9875,true,1,154050
7613035622623,false,גרנולה פיטנס שקדים ו,NESTLE WATERS,,גרנולה פיטנס שקדים ודבש 300 גר,גרמים,300.00,100 גרם,false,1,13.90,4.6333,true,1,131812
7613035758834,false,גרנולה פיטנס חמוציות,NESTLE WATERS,,גרנולה פיטנס חמוציות 300 גר,גרמים,300.00,100 גרם,false,1,13.90,4.6333,true,1,133538
7613035807778,false,רוטב עגבניות פרפקטו,נסטלה ספרד קפה,,רוטב עגבניות פרפקטו לבולונז 400 גר,גרמים,400.00,100 גרם,false,1,8.90,2.2250,true,1,133080
7613035809109,false,רוטב פרפקטו עגבניות,נסטלה ספרד קפה,,רוטב פרפקטו עגבניות ובזיליקום 400 גר,גרמים,400.00,100 גרם,false,1,8.90,2.2250,true,1,133083
7613035809123,false,רוטב עגבניות פרפקטו,נסטלה ספרד קפה,,רוטב עגבניות פרפקטו עם פלפל 400 גר,גרמים,400.00,100 גרם,false,1,8.90,2.2250,true,1,133082
7613035809857,false,רוטב עגבניות פרפקטו,נסטלה ספרד קפה,,רוטב עגבניות פרפקטו לפסטה 400 גר,גרמים,400.00,100 גרם,false,1,8.90,2.2250,true,1,133081
7613036105545,false,אוכל לכלבים דוגלי 3,נסטלה פורינה באק הונ,,"אוכל לכלבים ""דוגלי 3 קג""",קילוגרמים,3.00,"ק""ג",false,1,49.90,16.6333,true,1,138082
7613036105576,false,אוכל לכלבים דוגלי 3,נסטלה פורינה באק הונ,,אוכל לכלבים דוגלי 3 קג,קילוגרמים,3.00,"ק""ג",false,1,49.90,16.6333,true,1,138083
7613036105606,false,אוכל לכלבים דוגלי 3,נסטלה פורינה באק הונ,,אוכל לכלבים דוגלי 3 קג,קילוגרמים,3.00,"ק""ג",false,1,49.90,16.6333,true,1,138084
7613036288958,false,אוכל לכלבים דוגלי אק,נסטלה פורינה באק הונ,,"אוכל לכלבים דוגלי אקטיב 3 ק""ג",קילוגרמים,3.00,"ק""ג",false,1,49.90,16.6333,true,1,140835
7613036737623,false,דגני בוקר קראנץ מקס,,,דגני בוקר קראנץ מקס 450 גר,גרמים,450.00,100 גרם,false,1,21.90,4.8667,true,1,145456
7613036760195,true,קפסולות דולצה גוסטו,ארבלה,,קפסולות דולצה גוסטו אספרס 112 גר,גרמים,112.00,100 גרם,false,1,28.90,25.8036,true,1,149151
7613036867870,true,קפסולות דולצה גוסטו,ארבלה,,קפסולות דולצה גוסטו אספרס בריסטה 112 גר,גרמים,112.00,100 גרם,false,3,28.90,25.8036,true,1,149152
7613036880534,false,גרבר מחית מרק ירקות,נסטלה פולסקה אס.איי,,גרבר מחית מרק ירקות מעורבים 190 גר,גרמים,190.00,100 גרם,false,1,6.90,3.6316,true,1,155131
7613036976671,false,מזון לחתולים פריסקיז,,,מזון לחתולים פריסקיז פאוצ עוף 85 גר,גרמים,85.00,100 גרם,false,26,4.90,5.7647,true,1,158943
7613036976718,false,מזון לחתולים פריסקיז,,,מזון לחתולים פריסקיז פאוצ ברווז 85 גר,גרמים,85.00,100 גרם,false,26,4.90,5.7647,true,1,158944
7613037012200,false,"מחית תפו""ע מנגו גזר",,IL,"מחית תפו""ע מנגו גזר פאוץ 90 גר",גרמים,90.00,100 גרם,false,16,5.90,6.5556,true,1,155727
7613037204797,false,סטארבקס פולי קפה בלו,,,סטארבקס פולי קפה בלונד אספרסו 450 גר,גרמים,450.00,100 גרם,false,1,49.90,11.0889,true,1,163096
7613037204889,false,סטארבקס פולי קפה אספ,,,סטארבקס פולי קפה אספרסו 450 גר,גרמים,450.00,100 גרם,false,1,49.90,11.0889,true,1,163097
7613037686906,false,פיטנס שקדים ודבש 355,נסטלה צרפת איטנקורט,,פיטנס שקדים ודבש 355 גר,גרמים,355.00,100 גרם,false,1,19.90,5.6056,true,1,155111
7613037811629,false,קורנפלקס נסטלה גו פר,,,קורנפלקס נסטלה גו פרי 500 גר,גרמים,500.00,100 גרם,false,1,12.90,2.5800,true,1,156298
7613039547731,false,"מחית תפו""ע משמש פאוץ",,ES,"מחית תפו""ע משמש פאוץ 90 גר",גרמים,90.00,100 גרם,false,16,5.90,6.5556,true,1,159285
7613039771174,false,טבעול טחון צמחוני 40,טבעול ישראל,CZ,טבעול טחון צמחוני 400 גר,גרמים,400.00,100 גרם,false,6,29.90,7.4750,true,1,159606
7613039879382,false,"גרבר מחית תפו""ע 190",,,"גרבר מחית תפו""ע 190 גר",גרמים,190.00,100 גרם,false,12,6.90,3.6316,true,1,162322
7613039880807,false,גרבר מחית תפוח גזר 1,נסטלה פולסקה אס.איי,,גרבר מחית תפוח גזר 190 גר,גרמים,190.00,100 גרם,false,12,6.90,3.6316,true,1,161851
7613039881521,false,גרבר מחית מנגו 190 ג,נסטלה פולסקה אס.איי,,גרבר מחית מנגו 190 גר,גרמים,190.00,100 גרם,false,12,6.90,3.6316,true,1,161850
7613287008497,false,סטארבקס פולי קפה פיי,,,סטארבקס פולי קפה פייק פלייס 450 גר,גרמים,450.00,100 גרם,false,1,49.90,11.0889,true,1,163098
7613287155832,false,מחית תפוע פאוץ 90 גר,,IL,"מחית תפו""ע פאוץ 90 גר",גרמים,90.00,100 גרם,false,16,5.90,6.5556,true,1,162634
7613287155863,false,מחית אגס פאוץ 90 גר,,IL,מחית אגס פאוץ 90 גר,גרמים,90.00,100 גרם,false,16,5.90,6.5556,true,1,162635
7613287155894,false,מחית אפרסק פאוץ 90 ג,,IL,מחית אפרסק פאוץ 90 גר,גרמים,90.00,100 גרם,false,16,5.90,6.5556,true,1,162633
7613287155924,false,מחית תפוח גזר פאוץ 9,,IL,מחית תפוח גזר פאוץ 90 גר,גרמים,90.00,100 גרם,false,16,5.90,6.5556,true,1,162636
7613287181411,false,מחית ויטמינציק סלט פ,,,מחית ויטמינציק סלט פירות 110 גר,גרמים,110.00,100 גרם,false,1,5.90,5.3636,true,1,165844
7613287182326,false,מחית ויטמינציק בננה,,,מחית ויטמינציק בננה תפוח 110 גר,גרמים,110.00,100 גרם,false,1,5.90,5.3636,true,1,165841
7613287182357,false,מחית ויטמינציק אגס ת,,,מחית ויטמינציק אגס תפוח פירות יער 110 גר,גרמים,110.00,100 גרם,false,1,5.90,5.3636,true,1,165845
7613287182425,false,מחית ויטמינציק בננה,,,מחית ויטמינציק בננה תפוח ותות 110 גר,גרמים,110.00,100 גרם,false,1,5.90,5.3636,true,1,165842
7613287182456,false,מחית ויטמינציק בננה,,,מחית ויטמינציק בננה תפוח ואגס 110 גר,גרמים,110.00,100 גרם,false,1,5.90,5.3636,true,1,165843
7613287186928,false,קפסולות סטארבקס ברקפ,נסטלה שוויץ - קפה,CH,קפסולות סטארבקס ברקפסט רוסט 56 גר,גרמים,56.00,100 גרם,false,12,21.90,39.1071,true,1,165030
7613287325808,false,רוטב איולי שום לחיץ,אסם,,רוטב איולי שום לחיץ אסם 295 גר,גרמים,295.00,100 גרם,false,1,12.90,4.3729,true,1,166684
7613287325822,false,רוטב מיקס לחיץ 295 ג,אסם,,רוטב מיקס לחיץ 295 גר,גרמים,295.00,100 גרם,false,1,12.90,4.3729,true,1,166686
7613287325853,false,רוטב ספייסי איולי לח,אסם,,רוטב ספייסי איולי לחיץ 295 גר,גרמים,295.00,100 גרם,false,1,12.90,4.3729,true,1,166685
7613287325952,false,רוטב ברביקיו לחיץ 34,אסם,,רוטב ברביקיו לחיץ 345 גר,גרמים,345.00,100 גרם,false,1,12.90,3.7391,true,1,166689
7613287394323,false,דגני בוקר מולטי צירי,פרומבראפ - אנגליה,GB,דגני בוקר מולטי ציריוס 600 גר,גרמים,600.00,100 גרם,false,14,21.90,3.6500,true,1,165027
7613287476494,false,מיונז לחיץ 280 גר,אסם,,מיונז לחיץ 280 גר,גרמים,280.00,100 גרם,false,1,12.90,4.6071,true,1,166687
7613287476678,false,דגני בוקר סיני מיניס,ג.נרל מילס,PT,דגני בוקר סיני מיניס צורוס 360 גר,גרמים,360.00,100 גרם,false,12,21.90,6.0833,true,1,165564
7613287525758,false,מים מינרלים פריה 500,,,מים מינרלים פריה 500 מל,מיליליטרים,500.00,"100 מ""ל",false,1,4.90,0.9800,true,1,170244
7613287821348,false,נתחוני עוף טבעוני סנ,טבעול ישראל,CZ,נתחוני עוף טבעוני סנסשיונל 350 גר,גרמים,350.00,100 גרם,false,6,33.90,9.6857,true,1,165566
7614500010013,false,טובלרון חלב 100 גר,,,"טובלרון חלב 100 ג""ר",גרמים,100.00,100 גרם,false,1,9.90,9.9000,true,1,158152
7614500010310,false,בר טובלרון לבן 100 ג,,,"בר טובלרון לבן 100 ג""ר",גרמים,100.00,100 גרם,false,20,9.90,9.9000,true,1,158153
7614500010617,false,טובלרון מריר 100 גר,,,"טובלרון מריר 100 ג""ר",גרמים,100.00,100 גרם,false,1,9.90,9.9000,true,1,158154
7617400098358,false,וופל קרם אגוזים ושוק,,,וופל קרם אגוזים ושוקולד חלב טרופינו 100,גרמים,100.00,100 גרם,false,1,9.90,9.9000,true,1,174429
7617400098839,false,וופל קרם קוקוס ושוקו,,,וופל קרם קוקוס ושוקולד לבן טרופינו 75 גר,גרמים,75.00,100 גרם,false,1,9.90,13.2000,true,1,174430
7622201120931,false,שוקולד אוראו לבן מיל,,,שוקולד אוראו לבן מילקה 100 גר,גרמים,100.00,100 גרם,false,1,5.90,5.9000,true,1,171348
7622201401900,false,עוגיות סנסיישן אוראו,,,עוגיות סנסיישן אוראו מילקה 156 גר,גרמים,156.00,100 גרם,false,1,9.90,6.3462,true,1,159869
7622201500733,false,אוראו רמיקס דאבל קרם,,,אוראו רמיקס דאבל קרם קרמל וניל 157 גר,גרמים,157.00,100 גרם,false,1,8.90,5.6688,true,1,172593
7622201502515,false,עוגיות מילקה קוקי לו,מונדולז,,עוגיות מילקה קוקי לופ 132 גר,גרמים,132.00,100 גרם,false,12,9.90,7.5000,true,1,166411
7622201801809,false,שוקולד מילקה חלב שבר,,,שוקולד מילקה חלב שברי אגוזים 100 גר,גרמים,100.00,100 גרם,false,1,5.90,5.9000,true,1,165166
7622201802363,false,שוקולד מילקה צימוקים,,,שוקולד מילקה צימוקים ואגוזים 100 גר,גרמים,100.00,100 גרם,false,1,5.90,5.9000,true,1,165165
7622201802394,false,שוקולד חלב מילקה 100,,,שוקולד חלב מילקה 100 גר,גרמים,100.00,100 גרם,false,1,5.90,5.9000,true,1,165164
7622201809188,false,מילקה ביסקוויט 150 ג,מונדולז,,מילקה ביסקוויט 150 גר,גרמים,150.00,100 גרם,false,1,9.90,6.6000,true,1,163473
7622210078131,false,מילקה שוקולד חלב עם,,,מילקה שוקולד חלב עם דאיים 100 גר,גרמים,100.00,100 גרם,false,1,5.90,5.9000,true,1,136807
7622210137234,false,עוגיות אוראו עם דאבל,,,עוגיות אוראו עם דאבל קרם וניל 170 גר,גרמים,170.00,100 גרם,false,1,8.90,5.2353,true,1,133344
7622210163899,false,שוקולד חלב מילקה עם,מונדולז,,שוקולד חלב מילקה עם עדשים 100 גר,גרמים,100.00,100 גרם,false,1,5.90,5.9000,true,1,133954
7622210453327,false,עוגיות מילקה סנסיישן,מונדולז,,עוגיות מילקה סנסיישן 156 גר,גרמים,156.00,100 גרם,false,1,9.90,6.3462,true,1,139187
7622210464729,false,עוגיות אוראו גולדן 1,מונדולז,UA,עוגיות אוראו גולדן 154 גר,גרמים,154.00,100 גרם,false,16,7.90,5.1299,true,1,154345
7622210539489,false,גומי לעיסה בטעם פטל,,,גומי לעיסה בטעם פטל לימון ללא תוספת סוכ,גרמים,18.00,100 גרם,false,1,7.90,43.8889,true,1,162790
7622210609724,false,סוכריות קשות בטעם דו,,,סוכריות קשות בטעם דובדבן 25.2 גר,גרמים,25.00,100 גרם,false,1,5.90,23.6000,true,1,162794
7622210624284,false,אוראו מצופה שוקולד ק,,,קדבורי אוראו מצופה שוקולד 204 גר,גרמים,204.00,100 גרם,false,1,12.90,6.3235,true,1,171932
7622210635105,false,עוגיות אוראו בטעם תו,,,עוגיות אוראו בטעם תות 154 גר,גרמים,154.00,100 גרם,false,1,7.90,5.1299,true,1,152488
7622210638021,false,עוגיות אוראו ביס קרא,,,עוגיות אוראו ביס קראנצי בציפוי שוקולד,גרמים,110.00,100 גרם,false,1,7.90,7.1818,true,1,159873
7622210640062,false,ממרח גבינה פילדלפיה,,,ממרח גבינה פילדלפיה למריחה פלפל חלפינו,גרמים,175.00,100 גרם,false,1,14.90,8.5143,true,1,162695
7622210671035,false,סוכריות קשות בטעם פי,,,סוכריות קשות בטעם פירות יער 25.2 גר,גרמים,25.00,100 גרם,false,1,5.90,23.6000,true,1,162797
7622210806529,false,גומי לעיסה בטעם מנדר,,,גומי לעיסה בטעם מנדרינה ללא תוספת סוכר,גרמים,18.00,100 גרם,false,1,7.90,43.8889,true,1,162787
7622210806567,false,גומי לעיסה בטעם אבטי,,,גומי לעיסה בטעם אבטיח ללא תוספת סוכר,גרמים,18.00,100 גרם,false,1,7.90,43.8889,true,1,162789
7622210826053,false,שוקולד מילקה אוראו ס,,,שוקולד מילקה אוראו סנדוויץ 92 גר,גרמים,92.00,100 גרם,false,1,5.90,6.4130,true,1,159870
7622210835338,false,עוגיות אוראו בראוניז,מונדולז,,עוגיות אוראו בראוניז 176 גר,גרמים,176.00,100 גרם,false,1,8.90,5.0568,true,1,142325
7622210855657,false,גומי לעיסה בטעם אוכמ,,,גומי לעיסה בטעם אוכמניות הדר ללא תוספת,גרמים,18.00,100 גרם,false,1,7.90,43.8889,true,1,162793
7622210961778,false,גומי לעיסה בטעם תות,,,גומי לעיסה בטעם תות ללא תוספת סוכר 18 ג,גרמים,18.00,100 גרם,false,1,7.90,43.8889,true,1,162788
7622210996299,false,שוקולד קוטדור מריר א,,,שוקולד קוטדור מריר אגוזים שלמים 180 גר,גרמים,180.00,100 גרם,false,16,24.90,13.8333,true,1,168962
7622300107949,false,טובלרון חלב פרוט נאט,,,טובלרון צימוק 100 גר,גרמים,100.00,100 גרם,false,1,9.90,9.9000,true,1,158166
7622300270506,false,עוגיות שיבולת שועל ש,,,"עוגיות ""מילקה גריינס",גרמים,168.00,100 גרם,false,1,9.90,5.8929,true,1,123805
7622300340285,false,ממרח גבינה פילדלפיה,מונדולז,,ממרח גבינה פילדלפיה 22% 175 גר,גרמים,175.00,100 גרם,false,1,14.90,8.5143,true,1,142624
7622300340292,false,ממרח גבינה פילדלפיה,מונדולז,,ממרח גבינה פילדלפיה 11% 175 גר,גרמים,175.00,100 גרם,false,1,14.90,8.5143,true,1,142625
7622300441715,false,עוגיות מילקה שוקומינ,מוביל בעל מוניטין,,עוגיות מילקה שוקומינס 150 גר,גרמים,150.00,100 גרם,false,1,9.90,6.6000,true,1,134106
7622300495046,false,שוקולד מילקה אקסטרה,,,"שוקולד ""מילקה"" אקסטרה קקאו 100 גר",גרמים,100.00,100 גרם,false,1,5.90,5.9000,true,1,125863
7622300498429,false,שוקולד מילקה יוגורט,,,"שוקולד ""מילקה"" יוגורט תות 100 גר",גרמים,100.00,100 גרם,false,1,5.90,5.9000,true,1,126463
7622300503079,false,ביסקוויט מצופה שוקול,,,"עוגיות ""מילקה מו"" מצ",גרמים,200.00,100 גרם,false,1,9.90,4.9500,true,1,123807
7622300617820,false,שוקולד מילקה אוראו 1,,,"שוקולד ""מילקה"" אוראו 100 גר",גרמים,100.00,100 גרם,false,1,5.90,5.9000,true,1,125862
7622300756383,false,ממרח גבינה פילדלפיה,,,ממרח גבינה פילדלפיה עם ממרח שוקולד מילקה,גרמים,175.00,100 גרם,false,1,14.90,8.5143,true,1,162694
7622300756413,false,ממרח גבינה פילדלפיה,מונדולז,,ממרח גבינה פילדלפיה עם תבלינים 20% 175 ג,גרמים,175.00,100 גרם,false,1,14.90,8.5143,true,1,142626
7630477891615,false,קפסולות סטארבקס סומט,נסטלה שוויץ - קפה,CH,קפסולות סטארבקס סומטרה 55 גרם,גרמים,55.00,100 גרם,false,12,21.90,39.8182,true,1,158675
7630477891639,false,קפסולות סטארבקס ורונ,נסטלה שוויץ - קפה,CH,קפסולות סטארבקס ורונה 55 גרם,גרמים,55.00,100 גרם,false,12,21.90,39.8182,true,1,158676
7630477891677,false,קפסולות סטארבקס פייק,נסטלה שוויץ - קפה,CH,קפסולות סטארבקס פייק פלייס 53 גרם,גרמים,53.00,100 גרם,false,12,21.90,41.3208,true,1,158673
7630477891691,false,קפסולות סטארבקס קולו,נסטלה שוויץ - קפה,CH,קפסולות סטארבקס קולומביה 57 גרם,גרמים,57.00,100 גרם,false,12,21.90,38.4211,true,1,158677
7630477891714,false,קפסולות סטארבקס אספר,נסטלה שוויץ - קפה,CH,קפסולות סטארבקס אספרסו 57 גרם,גרמים,57.00,100 גרם,false,12,21.90,38.4211,true,1,158678
7630477891738,false,קפסולות סטארבקס אספר,נסטלה שוויץ - קפה,CH,קפסולות סטארבקס אספרסו בלונד 53 גרם,גרמים,53.00,100 גרם,false,12,21.90,41.3208,true,1,158674
7702018980833,false,גל גילוח סירייס מעוש,,,"גל גילוח סירייס מעושר בלחות 200 מ""ל",מיליליטרים,200.00,"100 מ""ל",false,1,15.90,7.9500,true,1,133307
7702024074625,false,חטיפי קרקר פיטנס חיט,אסם,,חטיפי קרקר פיטנס חיטה מלאה 234 גר,גרמים,234.00,100 גרם,false,1,9.90,4.2308,true,1,143284
7702024258322,false,קרקר פיטנס חטיפי ציה,אסם,IL,קרקר פיטנס חטיפי ציה ופשתן 234 גר,גרמים,234.00,100 גרם,false,24,9.90,4.2308,true,1,160749
7790387800043,false,תה פרגוואי מאטה 20 ש,,,תה פרגוואי מאטה 20 שק 60 גר,גרמים,60.00,100 גרם,false,12,14.90,24.8333,true,1,168994
7791875005353,false,ריבת חלב הוואנה 450,,,ריבת חלב הוואנה 450 גר,גרמים,450.00,100 גרם,false,1,18.90,4.2000,true,1,169851
7792860006218,false,לקקן בייבי דול 20 גר,לרטייר,,"לקקן בייבי דול 20 ג""",גרמים,24.00,100 גרם,false,1,2.90,12.0833,true,1,124706
7794450002570,false,יין קאטנה קברנה 750,,,יין קאטנה קברנה 750 מל,מיליליטרים,750.00,"100 מ""ל",false,1,69.90,9.3200,true,1,170803
7794450008060,false,יין אלאמוס קברנה 750,קאטנה זפאטה,,יין קאטנה זאפאטה קברנה 0.75ל,מיליליטרים,750.00,"100 מ""ל",false,1,44.90,5.9867,true,1,125696
7794450008077,false,יין אלאמוס שרדנה 750,קאטנה זפאטה,,יין קאטנה זאפאטה שרדנה 0.75ל,מיליליטרים,750.00,"100 מ""ל",false,1,44.90,5.9867,true,1,127283
7794450008084,false,יין אלאמוס מאלבק 750,קאטנה זפאטה,,יין קאטנה זאפאטה מאלבק 0.75ל,מיליליטרים,750.00,"100 מ""ל",false,1,44.90,5.9867,true,1,125697
7798074860257,false,יין פורטילו מרלו 750,,,יין פורטילו מרלו 750 מל,מיליליטרים,750.00,"100 מ""ל",false,1,39.90,5.3200,true,1,170385
7798130463187,false,יין ארגנטו קלאסיק רו,,,יין ארגנטו קלאסיק רוזה יבש 750 מל,מיליליטרים,750.00,"100 מ""ל",false,1,39.90,5.3200,true,1,156933
7798159560096,false,יין ארגנטו קלאסיק קב,,,יין ארגנטו קלאסיק קברנה סוביניון אדום,מיליליטרים,750.00,"100 מ""ל",false,6,39.90,5.3200,true,1,159258
7798159560126,false,יין ארגנטו קלאסיק מל,,,יין ארגנטו קלאסיק מלבן אדום יבש 750 מל,מיליליטרים,750.00,"100 מ""ל",false,1,39.90,5.3200,true,1,156931
7798159560157,false,יין ארגנטו קלאסיק פי,,,יין ארגנטו קלאסיק פינו גריגין לבן יבש,מיליליטרים,750.00,"100 מ""ל",false,1,39.90,5.3200,true,1,156932
7804414000860,false,יין דון חוליו קברנה,לואיס פליפה אדוארדס,,קברנה דון חולין אדוא,מיליליטרים,750.00,"100 מ""ל",false,1,29.90,3.9867,true,1,124710
7804414000877,false,יין דון חוליו צרלו 7,לואיס פליפה אדוארדס,,יין מרלו דון חוליו א,מיליליטרים,750.00,"100 מ""ל",false,1,29.90,3.9867,true,1,124711
7804414001614,false,יין דון חוליו שיראז,לואיס פליפה אדוארדס,,דון חוליו שיראז,מיליליטרים,750.00,"100 מ""ל",false,1,29.90,3.9867,true,1,124713
7804414012344,false,יין דון חולין סוביני,לואיס פליפה אדוארדס,,דון חולין סוביניון בלאן,מיליליטרים,750.00,"100 מ""ל",false,1,29.90,3.9867,true,1,137149
7804414012351,false,יין דון חולין מלבק 7,לואיס פליפה אדוארדס,,יין דון חולין מלבק,מיליליטרים,750.00,"100 מ""ל",false,1,29.90,3.9867,true,1,137150
7804414012368,false,יין דון חולין רוזה 7,לואיס פליפה אדוארדס,,יין דון חולין רוזה,מיליליטרים,750.00,"100 מ""ל",false,1,29.90,3.9867,true,1,137151
7869126548611,false,קישוט שק לבקבוק סנטה,,,קישוט שק לבקבוק סנטה/אייל/איש שלג,Unknown,0.00,Unknown,false,1,14.90,0.0000,true,1,166793
7890202102366,false,מארז 4 יח פופיונים ז,,,מארז 4 יח פופיונים זהב מנצנץ לקישוט,Unknown,0.00,Unknown,false,1,12.90,0.0000,true,1,166026
7890202102502,false,בובת סנטה/איש שלג זו,,,בובת סנטה/איש שלג זוהר 30*16 סמ,Unknown,0.00,Unknown,false,1,39.90,0.0000,true,1,166035
7890202102670,false,כוכב לראש עץ כסף תחר,,,כוכב לראש עץ כסף תחרה כחול ואדום 20 סמ,Unknown,0.00,Unknown,false,1,9.90,0.0000,true,1,166050
7890202102717,false,שלישיית דובים לבנים,,,שלישיית דובים לבנים כפתור כוכב לקישוט,Unknown,0.00,Unknown,false,1,29.90,0.0000,true,1,166053
7890202102724,false,שלישיית דובים לבנים,,,שלישיית דובים לבנים כפתור חרוז לקישוט,Unknown,0.00,Unknown,false,1,29.90,0.0000,true,1,166054
7890202102922,false,פופיון אדום עם ציורי,,,פופיון אדום עם ציורים בזהב 20 סמ,Unknown,0.00,Unknown,false,1,14.90,0.0000,true,1,166094
7890202102939,false,שלושה פופיונים כסף/ז,,,שלושה פופיונים כסף/זהב/אדום 20 סמ,Unknown,0.00,Unknown,false,1,29.90,0.0000,true,1,166095
7890202102984,false,זוג כוכבים 11 סמ לקי,,,זוג כוכבים 11 סמ לקישוט,Unknown,0.00,Unknown,false,1,19.90,0.0000,true,1,166100
7890305606518,false,מטריה משפטים בינונית,,,מטריה משפטים בינונית 55 סמ,Unknown,0.00,Unknown,false,1,29.90,0.0000,true,1,166672
7890305606532,false,מטריה בינונית 55 סמ,,,מטריה בינונית 55 סמ,Unknown,0.00,Unknown,false,1,29.90,0.0000,true,1,166670
7891024027998,false,מי פה קולגייט טוטאל,Colgate - Brazil,,מי פה קולגייט טוטאל אנטי טרטר 500 מל,מיליליטרים,500.00,"100 מ""ל",false,1,29.90,5.9800,true,1,172574
7891024179482,false,מי פה קולגייט אופטיק,Colgate - Brazil,,"קולגייט שטיפת פה אופטיק וויט 500 מ""ל",מיליליטרים,500.00,"100 מ""ל",false,1,24.90,4.9800,true,1,141585
8000020000280,false,וורמוט צינזנו אסטי 7,,,"צ""ינזנו מבעבע אסטי 0",מיליליטרים,750.00,"100 מ""ל",false,1,54.90,7.3200,true,1,122630
8000020000365,false,וורמוט צינזנו ביאנקו,,,"צ""ינזנו ורמוט ביאנקו",מיליליטרים,750.00,"100 מ""ל",false,1,34.90,4.6533,true,1,122631
8000020000389,false,וורמוט צינזנו אקסטרה,,,"צ""ינזנו ורמוט אקסטרה דריי",מיליליטרים,750.00,"100 מ""ל",false,1,34.90,4.6533,true,1,126358
8000040001106,false,ליקר קמפרי 700 מל,,,קמפרי 700 מל,מיליליטרים,700.00,"100 מ""ל",false,1,89.90,12.8429,true,1,126942
8000040500012,false,ויסקי ווילד טרקי בור,אוסטין ניקולס,,"וויסקי ווילד טרקי בורבון 81 700 מ""ל",מיליליטרים,700.00,"100 מ""ל",false,1,99.90,14.2714,true,1,131199
8000070081000,false,קפסולות קפה לוואצה ה,,,קפסולות קפה לוואצה הרמוניקו 8,Unknown,0.00,Unknown,false,1,16.90,0.0000,true,1,152538
8000070081109,false,קפסולות קפה לוואצה ר,,,קפסולות קפה לוואצה ריקו נטול קפאין 6,Unknown,0.00,Unknown,false,1,16.90,0.0000,true,1,152542
8000070081154,false,קפסולות קפה לוואצה ל,,,קפסולות קפה לוואצה לגרו 4,Unknown,0.00,Unknown,false,1,16.90,0.0000,true,1,152540
8000070081161,false,קפסולות קפה לוואצה א,,,קפסולות קפה לוואצה אבולגנטה 5,Unknown,0.00,Unknown,false,1,16.90,0.0000,true,1,152541
8000350005351,false,עוגיות פרחים עם מחית,,,עוגיות פרחים עם מחית פטל וישנזי 120 גר,גרמים,120.00,100 גרם,false,1,9.90,8.2500,true,1,171113
8000380003723,false,וופל אגוז גרנד פטיסר,,,וופל שוקולד גרנד פטי,גרמים,100.00,100 גרם,false,1,11.90,11.9000,true,1,122642
8000380003754,false,גרנד פטיסרי קפוצינו,,,גרנד פטיסרי קפוצינו 100 גר,גרמים,100.00,100 גרם,false,1,11.90,11.9000,true,1,164491
8000380003761,false,וופל קוקוס גרנד פטיס,,,וופל שוקולד גרנד פטי,גרמים,100.00,100 גרם,false,1,11.90,11.9000,true,1,122643
8000380004669,false,ופל קוביות קקאו לואק,,,"וופל ""לואקר"" בטעם קק",גרמים,200.00,100 גרם,false,1,10.90,5.4500,true,1,122645
8000380004881,false,קואדרטיני טרמיסו 250,,,קואדרטיני טרמיסו 250,גרמים,220.00,100 גרם,false,1,13.90,6.3182,true,1,122647
8000380004911,false,קואדרטיני אגוז 250 ג,,,קואדרטיני אגוז 250 ג,גרמים,250.00,100 גרם,false,1,13.90,5.5600,true,1,122648
8000380004966,false,קואדרטיני קקאו 250 ג,,,קואדרטיני קקאו 250 ג,גרמים,250.00,100 גרם,false,1,13.90,5.5600,true,1,122650
8000380005598,false,עוגיות שוקולד טורטינ,,,עוגיות שוקולד טורטינ,גרמים,125.00,100 גרם,false,1,15.90,12.7200,true,1,122651
8000380007219,false,וופל לואקר אגוז 175,,,וופל לואקר אגוז 175,גרמים,175.00,100 גרם,false,1,10.90,6.2286,true,1,122653
8000380007257,false,וופל גרדנה אגוז 200,,,"וופל גרדנה 200 ג""ר",גרמים,200.00,100 גרם,false,1,13.90,6.9500,true,1,122654
8000380007264,false,וופל לואקר קקאו 175,,,וופל לואקר קקאו 175,גרמים,175.00,100 גרם,false,1,10.90,6.2286,true,1,122655
8000380007271,false,וופל לואקר חלב 175 ג,,,וופל לואקר חלב 175 ג,גרמים,175.00,100 גרם,false,1,10.90,6.2286,true,1,122656
8000380106028,false,עוגיות שוקולד טורטינ,,,"עוגיות שוקולד ""טורטי",גרמים,125.00,100 גרם,false,1,15.90,12.7200,true,1,122657
8000380144044,false,וופל גרדנה שוקולד 20,,,"גרדנה שוקולד 200 ג""ר",גרמים,200.00,100 גרם,false,1,13.90,6.9500,true,1,122659
8000380148035,false,וופל גרנד פטיסרי מרי,,,וופל גרנד פטיסרי מריר אגוז 100 גר,גרמים,100.00,100 גרם,false,1,11.90,11.9000,true,1,164492
8000380152728,false,חטיפי אצבעות גרנדה ש,,,"חטיפי אצבעות ""גרנדה"" שוקולד 125 גר",גרמים,125.00,100 גרם,false,1,16.90,13.5200,true,1,125379
8000380153534,false,עוגיות שוקולד טורטינ,,,עוגיות שוקולד טורטינה שוקולד לבן,גרמים,125.00,100 גרם,false,1,15.90,12.7200,true,1,127532
8000380156009,false,שוקולד הדולמיטים חלב,,,שוקולד הדולמיטים חלב 150 גר,גרמים,150.00,100 גרם,false,1,21.90,14.6000,true,1,143993
8000380156825,false,שוקולד לואקר חלב 87,,,שוקולד לואקר חלב 87 גר,גרמים,87.00,100 גרם,false,1,7.90,9.0805,true,1,170408
8000380156856,false,שוקולד לואקר לבן 87,,,שוקולד לואקר לבן 87 גר,גרמים,87.00,100 גרם,false,1,7.90,9.0805,true,1,170409
8000380157440,false,שוקולד לואקר אגוז 85,,,שוקולד לואקר אגוז 85 גר,גרמים,85.00,100 גרם,false,1,7.90,9.2941,true,1,133871
8000380157570,false,וופל לואקר אגוז 262.,,,וופל לואקר אגוז 262.5 גר,גרמים,263.00,100 גרם,false,1,10.90,4.1445,true,1,161637
8000380157587,false,וופל לואקר שוקולד 26,,,וופל לואקר שוקולד 262.5 גר,גרמים,263.00,100 גרם,false,1,10.90,4.1445,true,1,161638
8000380201396,false,עוגיות שוקולד טורטינ,,,שישיית שוקולד טורטינה קרמל 126 גרם,גרמים,126.00,100 גרם,false,24,15.90,12.6190,true,1,163414
8000380205400,false,קואדרטיני חמאת בוטני,,,קואדרטיני חמאת בוטנים 250 גר,גרמים,250.00,100 גרם,false,1,13.90,5.5600,true,1,170412
8000380206896,false,וופל גרדנה חמאת בוטנ,,,וופל גרדנה חמאת בוטנים 200 גר,גרמים,200.00,100 גרם,false,10,13.90,6.9500,true,1,170413
8000380207183,false,עוגיות טורטינה חמאת,,,עוגיות טורטינה חמאת בוטנים 126 גר,גרמים,126.00,100 גרם,false,24,15.90,12.6190,true,1,170414
8000420000538,false,יין מבעבע ברוט לבן י,GANCIA,,יין מבעבע ברוט לבן יבש 750מל,מיליליטרים,750.00,"100 מ""ל",false,1,49.90,6.6533,true,1,128647
8000420019158,false,יין מבעבע יבש מאוד ג,,,יין מבעבע יבש מאוד גאנציה פרוסקו רוזה,מיליליטרים,750.00,"100 מ""ל",false,1,49.90,6.6533,true,1,164681
8000420201300,false,וורמונט גנציה ביאנק,GANCIA,,וורמונט גנציה ביאנק לבן 700 מל,מיליליטרים,700.00,"100 מ""ל",false,1,39.90,5.7000,true,1,125766
8000420501295,false,וורמונט רוסו אדום מת,GANCIA,,וורמונט רוסו אדום מתוק 1ל,ליטרים,1.00,ליטר,false,1,39.90,39.9000,true,1,128650
8000420742193,false,יין מבעבע פרוסקו לבן,GANCIA,,יין מבעבע פרוסקו לבן יבש 750מל,מיליליטרים,750.00,"100 מ""ל",false,1,49.90,6.6533,true,1,128648
8000420864321,false,וורמונט דרי אקסטרה ל,GANCIA,,וורמונט דרי אקסטרה לבן יבש 1ל,ליטרים,1.00,ליטר,false,1,39.90,39.9000,true,1,128651
8000500023624,false,חטיף קינדר הפי היפו,,,חטיף קינדר הפי היפו חמישייה,גרמים,104.00,100 גרם,false,1,13.90,13.3654,true,1,122664
8000500023976,false,בונבוניירת רפאלו 150,,,"בונבוניירת ""רפאלו"" 150 גר",גרמים,150.00,100 גרם,false,1,16.90,11.2667,true,1,122665
8000500026731,false,ביצת הפתעה קינדר סופ,,,ביצת הפתעה קינדר סופרייז שלישייה,Unknown,0.00,Unknown,false,1,15.90,0.0000,true,1,122666
8000500029350,false,חטיף קינדר בואנו שלי,,,חטיף קינדר בואנו שלישייה,גרמים,129.00,100 גרם,false,1,10.90,8.4496,true,1,122667
8000500032237,false,בונבוניירה פררו רושר,,,בונבוניירה פררו רושר 375 גר,גרמים,375.00,100 גרם,false,1,44.90,11.9733,true,1,122668
8000500037874,false,בונבוניירה פררו רושר,,,בונבוניירה פררו רושר 200 גר,גרמים,200.00,100 גרם,false,1,25.90,12.9500,true,1,122670
8000500071083,false,שוקולד אצבעות קינדר,,,שוקולד אצבעות קינדר 200 גר,גרמים,200.00,100 גרם,false,1,13.90,6.9500,true,1,122671
8000500075708,false,ביצה קינדר גוי כחול,,,"ביצה קינדר ג""וי כחול שלישייה",גרמים,60.00,100 גרם,false,1,15.90,26.5000,true,1,127929
8000500121436,false,חטיף קינדר בואנו לבן,,,חטיף קינדר בואנו לבן שלישייה,גרמים,117.00,100 גרם,false,1,10.90,9.3162,true,1,122673
8000500127728,false,עוגת ספוג במילוי קינ,,,עוגת ספוג במילוי קינדר מילק סלייס 112 גר,גרמים,112.00,100 גרם,false,1,11.90,10.6250,true,1,164474
8000500167656,false,שוקולד עם דגנים קינד,,,שוקולד עם דגנים קינדר רביעייה 94 גר,גרמים,94.00,100 גרם,false,24,8.90,9.4681,true,1,154116
8000500227848,false,חטיף עוגיות נוטלה בי,,,חטיף עוגיות נוטלה בי ראדי,גרמים,132.00,100 גרם,false,1,11.90,9.0152,true,1,137463
8000500266557,false,ביצת שוקולד קינדר ענ,,,ביצת שוקולד קינדר ענקית קריסמס בנות 220,גרמים,220.00,100 גרם,false,1,79.90,36.3182,true,1,174025
8000500266564,false,ביצת שוקולד קינדר ענ,,,ביצת שוקולד קינדר ענקית קריסמס בנים 220,גרמים,220.00,100 גרם,false,1,79.90,36.3182,true,1,174024
8000500267103,false,עוגיות קינדר דליס 42,,,עוגיות קינדר דליס 420 גר,גרמים,390.00,100 גרם,false,1,18.90,4.8462,true,1,137518
8000500269169,false,מארז פררו קינדר קארד,,,מארז פררו קינדר קארד 128 גר,גרמים,128.00,100 גרם,false,1,13.90,10.8594,true,1,164960
8000500350768,false,שוקולד לב קינדר קריס,,,שוקולד לב קינדר קריסמס עם הפתעה 53 גר,גרמים,53.00,100 גרם,false,1,18.90,35.6604,true,1,174026
8000500359556,false,שוקולד לבן קוקוס ושק,,,שוקולד לבן קוקוס ושקדים רפאלו 90 גר,גרמים,90.00,100 גרם,false,14,16.90,18.7778,true,1,169987
8000500363515,false,גלידה פררו רושר מריר,,,גלידה פררו רושר מריר 200 גר,גרמים,200.00,100 גרם,false,1,32.90,16.4500,true,1,164640
8000500371435,false,מגף קינדר קריסמס מיק,,,מגף קינדר קריסמס מיקס 219 גר,גרמים,219.00,100 גרם,false,1,79.90,36.4840,true,1,174028
8000500384718,false,גלידת קינדר שוקולד ל,,,גלידת קינדר שוקולד לבן רביעייה 248 גר,גרמים,248.00,100 גרם,false,1,42.90,17.2984,true,1,172522
8000500386941,false,ממרח שוקולד נוטלה 90,,,ממרח שוקולד נוטלה 900 גר,גרמים,900.00,100 גרם,false,1,28.90,3.2111,true,1,170608
8000500390993,false,שקית קינדר קריסמס מי,,,שקית קינדר קריסמס מיני מיקס 54 גר,גרמים,54.00,100 גרם,false,1,15.90,29.4444,true,1,174023
8000570048022,false,וורמוט מרטיני פיירו,בקרדי מרטיני,IT,"מרטיני פיירו 750 מ""ל",מיליליטרים,750.00,"100 מ""ל",false,6,44.90,5.9867,true,1,150418
8000570283607,false,יין מבעבע מרטיני אסט,,,"יין מבעבע מרטיני מתוק 750 מ""ל",מיליליטרים,750.00,"100 מ""ל",false,1,64.90,8.6533,true,1,146252
8000570812708,false,יין מבעבע מרטיני רוז,,,יין מבעבע מרטיני רוזה,מיליליטרים,750.00,"100 מ""ל",false,1,64.90,8.6533,true,1,139955
8000698036642,false,בונבוניירת אלינור 45,HDI FELETTI,,בונבוניירת אלינור 450גר,גרמים,450.00,100 גרם,false,1,69.90,15.5333,true,1,125357
8000698466265,false,בונבוניירה אליזה פיל,,,בונבוניירה אליזה פילטי 400 גר,גרמים,400.00,100 גרם,false,4,84.90,21.2250,true,1,161422
8001090016003,false,טבליות למדיח כלים פי,,,טבליות למדיח כלים פיירי 84 יח,גרמים,1135.00,100 גרם,false,1,49.90,4.3965,true,1,134083
8001090184412,false,סבון כלים פיירי לימו,,,סבון כלים פיירי לימון 900 מל,מיליליטרים,900.00,"100 מ""ל",false,1,12.90,1.4333,true,1,170506
8001090222428,false,שמפו הרבל אסנסס חלב,,,"שמפו הרבל אסנסס חלב קוקוס 400 מ""ל",מיליליטרים,400.00,"100 מ""ל",false,1,19.90,4.9750,true,1,151489
8001090222541,false,שמפו הרבל אסנסס תות,,,"שמפו הרבל אסנסס תות שדה ומנטה 400 מ""ל",מיליליטרים,400.00,"100 מ""ל",false,1,19.90,4.9750,true,1,151490
8001090222572,false,מרכך הרבל אסנסס תות,,,"מרכך הרבל אסנסס תות שדה ומנטה 400 מ""ל",מיליליטרים,400.00,"100 מ""ל",false,1,19.90,4.9750,true,1,151494
8001090222756,false,מרכך הרבל אסנסס שמן,,,"מרכך הרבל אסנסס שמן מורינגה 400 מ""ל",מיליליטרים,400.00,"100 מ""ל",false,1,19.90,4.9750,true,1,151496
8001090222879,false,מרכך הרבל אסנסס שיקו,,,"מרכך הרבל אסנסס שיקום שמן ארגן 400 מ""ל",מיליליטרים,400.00,"100 מ""ל",false,1,19.90,4.9750,true,1,151495
8001090290830,false,משחת שיניים אורל בי,,,משחת שיניים אורל בי פנינה בוהקת,מיליליטרים,75.00,"100 מ""ל",false,1,24.90,33.2000,true,1,164943
8001090336446,false,חיתולי פמפרס בייבי ד,פרוקטר אנד גמבל,,חיטולי פמפרס בייבי דריי מידה 4 34 יח,Unknown,0.00,Unknown,false,1,37.90,0.0000,true,1,154337
8001090336521,false,חיתולי פמפרס בייבי ד,פרוקטר אנד גמבל,,חיטולי פמפרס בייבי דריי מידה 5 30 יח,Unknown,0.00,Unknown,false,1,37.90,0.0000,true,1,154339
8001090580122,false,שמפו הד & שולדרס סופ,,,"שמפו האד אנד שולדרס סופרים משקם 400 מ""ל",מיליליטרים,400.00,"100 מ""ל",false,1,19.90,4.9750,true,1,148917
8001090678614,false,שמפו הד & שולדרס סופ,,,"שמפו האד אנד שולדרס סופרים לחות 400 מ""ל",מיליליטרים,400.00,"100 מ""ל",false,1,19.90,4.9750,true,1,148918
8001090721099,false,קפסולות לכביסה אריאל,,,קפסולות לכביסה אריאל 27 יח,גרמים,729.00,100 גרם,false,1,29.90,4.1015,true,1,143056
8001090721129,false,קפסולות לכביסה קולור,,,קפסולות לכביסה קולור אריאל 27 יח,גרמים,729.00,100 גרם,false,1,31.90,4.3759,true,1,143057
8001090734044,false,מגן תחתון אולוויז מג,,,מגן תחתון אולוויז מגה פק לארג פרש 64 יח,Unknown,0.00,Unknown,false,1,16.90,0.0000,true,1,141003
8001090737809,false,מגן תחתון אולוויז סי,,DE,מגן תחתון אולוויז סינגל טנגה 36 יח,Unknown,0.00,Unknown,false,4,18.90,0.0000,true,1,172935
8001090740717,false,מגן תחתון אולוויז נו,,,מגן תחתון אולוויז נורמל מגה פק פרש 76 יח,Unknown,0.00,Unknown,false,1,16.90,0.0000,true,1,141017
8001090745903,false,אבקת כביסה טייד אלפי,פרוקטר אנד גמבל,,"אבקת כביסה טייד אלפיין פרש 4 ק""ג",קילוגרמים,4.00,"ק""ג",false,1,29.90,7.4750,true,1,154334
8001090748607,false,מרכך כביסה לנור מרוכ,,,מרכך כביסה לנור מרוכז מיסתרי 1 ל,ליטרים,1.00,ליטר,false,1,24.90,24.9000,true,1,151497
8001090802385,false,קפסולות גל כביסה טיי,,,קפסולות גל כביסה טייד בניחוח לנור 26 יח,גרמים,645.00,100 גרם,false,1,24.90,3.8605,true,1,150559
8001090832450,false,פנטן שמפו נוסחה קלאס,,,פנטן שמפו נוסחה קלאסית 660 מל,מיליליטרים,660.00,"100 מ""ל",false,1,19.90,3.0152,true,1,161162
8001090832535,false,פנטן שמפו שמן מרוקאי,,,פנטן שמפו שמן מרוקאי משקם 660 מל,מיליליטרים,660.00,"100 מ""ל",false,1,19.90,3.0152,true,1,161163
8001090832573,false,פנטן שמפו שמן לחות מ,,,פנטן שמפו שמן לחות מוגברת 660 מל,מיליליטרים,660.00,"100 מ""ל",false,1,19.90,3.0152,true,1,161164
8001090832610,false,פנטן שמפו למגע רך כמ,,,פנטן שמפו למגע רך כמשי 660 מל,מיליליטרים,660.00,"100 מ""ל",false,1,19.90,3.0152,true,1,161165
8001090832696,false,פנטן שמפו לתלתלים מו,,,פנטן שמפו לתלתלים מושלמים 660 מל,מיליליטרים,660.00,"100 מ""ל",false,1,19.90,3.0152,true,1,161166
8001090832771,false,פנטן שמפו הזנת קרטין,,,פנטן שמפו הזנת קרטין 660 מל,מיליליטרים,660.00,"100 מ""ל",false,1,19.90,3.0152,true,1,161167
8001090832818,false,פנטן מרכך נוסחה קלאס,,,פנטן מרכך נוסחה קלאסית 660 מל,מיליליטרים,660.00,"100 מ""ל",false,1,19.90,3.0152,true,1,161169
8001090832856,false,פנטן מרכך מרוקאי משק,,,פנטן מרכך מרוקאי משקם 660 מל,מיליליטרים,660.00,"100 מ""ל",false,1,19.90,3.0152,true,1,161170
8001090832894,false,פנטן מרכך לחות מוגבר,,,פנטן מרכך לחות מוגברת 660 מל,מיליליטרים,660.00,"100 מ""ל",false,1,19.90,3.0152,true,1,161171
8001090832931,false,פנטן מרכך למגע רך כמ,,,פנטן מרכך למגע רך כמשי 660 מל,מיליליטרים,660.00,"100 מ""ל",false,1,19.90,3.0152,true,1,161172
8001090832979,false,פנטן מרכך לתלתלים מו,,,פנטן מרכך לתלתלים מושלמים 660 מל,מיליליטרים,660.00,"100 מ""ל",false,1,19.90,3.0152,true,1,161173
8001090833136,false,גל כביסה אריאל בייבי,,FR,גל כביסה אריאל בייבי 2.25 ל,ליטרים,2.25,ליטר,false,4,26.90,11.9556,true,1,146819
8001090833167,false,גל כביסה אריאל ניחוח,,FR,גל כביסה אריאל ניחוח הרים 2.36 ל,ליטרים,2.36,ליטר,false,4,26.90,11.3983,true,1,146817
8001090833198,false,גל כביסה אריאל ניחוח,,FR,גל כביסה אריאל ניחוח מרענן 2.36 ל,ליטרים,2.36,ליטר,false,4,26.90,11.3983,true,1,146816
8001090833228,false,גל כביסה אריאל קולור,,FR,גל כביסה אריאל קולור 2.36 ל,ליטרים,2.36,ליטר,false,4,26.90,11.3983,true,1,146818
8001090833259,false,גל כביסה אריאל ניחוח,,FR,גל כביסה אריאל ניחוח הרים 3.74 ל,ליטרים,3.74,ליטר,false,3,39.90,10.6684,true,1,146820
8001090886385,false,מרכך כביסה לינור כדו,פרוקטר אנד גמבל,GB,מרכך כביסה לינור כדוריות הריח בניחוח רענ,גרמים,140.00,100 גרם,false,6,19.90,14.2143,true,1,159866
8001090899224,false,תחבושות אולוויז פלטי,,,תחבושות אולוויז פלטינום לונג 20 יח,Unknown,0.00,Unknown,false,1,19.90,0.0000,true,1,154323
8001090961907,false,אבקת כביסה אריאל שוש,פרוקטר אנד גמבל,,"אבקת כביסה אריאל שושן צחור 9 ק""ג",קילוגרמים,9.00,"ק""ג",false,1,69.90,7.7667,true,1,154332
8001110016303,false,ליקר אמרטו דיסרונו 7,,,"ליקר אמרטו דיסרונו 700 מ""ל",מיליליטרים,700.00,"100 מ""ל",false,1,79.90,11.4143,true,1,134437
8001620011935,false,מים מוגזים עדין סאן,,,"מים מוגז עדין ""סאן ב",ליטרים,3.00,ליטר,false,1,13.90,4.6333,true,1,122687
8001620017456,false,מים מינרלים סאן בנדט,,,"מים מינרל סאן בנדטו ספורט 500 מ""ל שישייה",מיליליטרים,3000.00,"100 מ""ל",false,1,15.90,0.5300,true,1,144241
8001720313090,false,פנתוני באולי פרופיטר,,,"פנתוני ""באולי פרופיטרול"" 750 גר",גרמים,750.00,100 גרם,false,12,94.90,12.6533,true,1,122690
8001720425717,false,פנתוני קרם פיסטוק ופ,,,פנתוני קרם פיסטוק ופיצפוצי שוקול באולי,גרמים,750.00,100 גרם,false,16,79.90,10.6533,true,1,167177
8001720425847,false,פנתוני קלאסיק 700 גר,BAULI,,פנתוני קלאסיק 700 גר,גרמים,700.00,100 גרם,false,16,55.90,7.9857,true,1,174106
8001841053646,false,תחבושות אולוויז עבה,,HU,תחבושות אולוויז עבה נורמל פלוס 14 יח,Unknown,0.00,Unknown,false,8,9.90,0.0000,true,1,150755
8001841053684,false,תחבושות אולוויז עבה,,HU,תחבושות אולוויז עבה לונג פלוס 12 יח,Unknown,0.00,Unknown,false,8,9.90,0.0000,true,1,150756
8001841053806,false,תחבושות אולוויז עבה,,DE,תחבושות אולוויז עבה לילה עבה 9 יח,Unknown,0.00,Unknown,false,10,9.90,0.0000,true,1,150757
8001841137179,false,מרכך הד אנד שולדרס ה,,RO,מרכך הד אנד שולדרס הנוסחה הקלאסית 275 מל,מיליליטרים,275.00,"100 מ""ל",false,6,17.90,6.5091,true,1,152478
8001841137216,false,מרכך הד אנד שולדרס ל,,RO,"מרכך הד אנד שולדרס למגע רך כמשי 400 מ""ל",מיליליטרים,275.00,"100 מ""ל",false,6,17.90,6.5091,true,1,152479
8001841500799,false,שמפו הרבל אסנס אלוור,,FR,שמפו הרבל אסנס אלוורה ומנגו 380 מל,מיליליטרים,380.00,"100 מ""ל",false,6,16.90,4.4474,true,1,161360
8001841500942,false,שמפו הרבל אסנס אלוור,,FR,שמפו הרבל אסנס אלוורה ובמבוק 380 מל,מיליליטרים,380.00,"100 מ""ל",false,6,16.90,4.4474,true,1,161361
8001841502298,false,מרכך הרבל אסנס אלוור,,FR,מרכך הרבל אסנס אלוורה ומנגו 275 מל,מיליליטרים,275.00,"100 מ""ל",false,6,16.90,6.1455,true,1,161362
8001841502601,false,מרכך הרבל אסנס אלוור,,FR,מרכך הרבל אסנס אלוורה ובמבוק 275 מל,מיליליטרים,275.00,"100 מ""ל",false,6,16.90,6.1455,true,1,161363
8001841625188,false,נוזל כלים פיירי פלטי,פרוקטר אנד גמבל,,"נוזל כלים פיירי פלטינום לימון 515 מ""ל",מיליליטרים,515.00,"100 מ""ל",false,16,9.90,1.9223,true,1,156410
8001841625362,false,סבון כלים פיירי פלטי,,,סבון כלים פיירי פלטינום לימון 780 מל,מיליליטרים,780.00,"100 מ""ל",false,1,12.90,1.6538,true,1,170507
8001841625461,false,נוזל כלים פיירי פלטי,פרוקטר אנד גמבל,,"נוזל כלים פיירי פלטינום אורגינל 515 מ""ל",מיליליטרים,515.00,"100 מ""ל",false,16,9.90,1.9223,true,1,156411
8001841669465,false,קפסולות אריאל בניחוח,,,קפסולות אריאל בניחוח לנור 24 יח,Unknown,0.00,Unknown,false,1,29.90,0.0000,true,1,162087
8001841680989,false,מגן תחתון אולוויז מג,,DE,מגן תחתון אולוויז מגה פק פרו פרש לארג,Unknown,0.00,Unknown,false,4,16.90,0.0000,true,1,159676
8001841716312,false,גל רחצה ושמפו שולדרס,,,גל רחצה ושמפו שולדרס ספורט 360 מל,מיליליטרים,360.00,"100 מ""ל",false,1,19.90,5.5278,true,1,164945
8001841716435,false,גל רחצה ושמפו שולדרס,,,גל רחצה ושמפו שולדרס לעור רגיש 360 מל,מיליליטרים,360.00,"100 מ""ל",false,1,19.90,5.5278,true,1,164946
8001841716596,false,גל רחצה ושמפו שולדרס,,,גל רחצה ושמפו שולדרס מרענן 360 מל,מיליליטרים,360.00,"100 מ""ל",false,1,19.90,5.5278,true,1,164947
8001841941929,false,תחבושות אולוייז וליו,פרוקטר אנד גמבל,,תחבושות אולוייז וליו פק לילה אקסטרא 16 י,Unknown,0.00,Unknown,false,8,16.90,0.0000,true,1,165000
8001841958460,false,טבליות למדיח כלים פי,,,טבליות למדיח כלים פיירי 48 יח,Unknown,0.00,Unknown,false,4,39.90,0.0000,true,1,161352
8001841960081,false,טבליות למדיח כלים פי,,,טבליות למדיח כלים פיירי פלטינום 37 יח,Unknown,0.00,Unknown,false,4,39.90,0.0000,true,1,161353
8001900234054,false,יין מבעבע למברוסקו ר,קאויקיולי,,יין מבעבע למברוסקו רוזה,מיליליטרים,750.00,"100 מ""ל",false,1,27.90,3.7200,true,1,122693
8001900527057,false,יין מבעבע למברוסקו א,קאויקיולי,,יין מבעבע למברוסקו אדום,מיליליטרים,750.00,"100 מ""ל",false,1,27.90,3.7200,true,1,122694
8001900628051,false,יין מבעבע למברוסקו ל,קאויקיולי,,יין מבעבע למברוסקו לבן,מיליליטרים,750.00,"100 מ""ל",false,1,27.90,3.7200,true,1,122695
8001931120944,false,פסטה קן לציפור דק 50,GUACCI,,פסטה קן לציפור דק 500 גר,גרמים,500.00,100 גרם,false,1,8.90,1.7800,true,1,137701
8001931120982,false,פסטה קן לציפור עבה 5,GUACCI,,פסטה קן לציפור עבה 500 גר,גרמים,500.00,100 גרם,false,1,8.90,1.7800,true,1,137700
8001935221401,false,יין איטלקי וילה אדום,אנטינורי,,יין איטלקי וילה אדום,Unknown,0.00,Unknown,false,1,79.90,0.0000,true,1,126455
8001935353201,false,יין וילה אנטינורי לב,אנטינורי,,יין וילה אנטינורי לבן 0.75ל,מיליליטרים,750.00,"100 מ""ל",false,1,59.90,7.9867,true,1,127282
8002205319835,false,אוכל חתולים פורינה O,,,אוכל חתולים פורינה ONE לבוגרים סלמון 800,גרמים,800.00,100 גרם,false,8,39.90,4.9875,true,1,154052
8002205319903,false,אוכל חתולים פורינה O,,,אוכל חתולים פורינה ONE לבוגרים עוף 800 ג,גרמים,800.00,100 גרם,false,8,39.90,4.9875,true,1,154051
8002230000012,false,ליקר אפרול 1 ל,,,ליקר אפרול 1ל,ליטרים,1.00,ליטר,false,1,99.90,99.9000,true,1,130756
8002235041225,false,יין קיילי מינוג פרוס,,,יין קיילי מינוג פרוסקו 750 מל,מיליליטרים,750.00,"100 מ""ל",false,1,79.90,10.6533,true,1,171127
8002267016673,false,ביצת שוקולד עם הפתעה,,,ביצת שוקולד עם הפתעה ברבי 110 גר,גרמים,110.00,100 גרם,false,1,15.90,14.4545,true,1,169024
8002270015656,false,מים מינרליים מוגזים,,,"סאן פלגרינו 750מ""""ל",מיליליטרים,750.00,"100 מ""ל",false,1,10.20,1.3600,true,1,122698
8002270436581,false,מים מוגזים סאן פלגרי,סן-פלגרינו,,"מים מוגזים סאן פלגרינו 500 מ""ל שישייה",מיליליטרים,3000.00,"100 מ""ל",false,1,30.90,1.0300,true,1,139876
8002270846472,false,מים מינרליים סאן פלג,,,"מים מינרליים ""סאן פלגרינו"" 0.5 ל",מיליליטרים,500.00,"100 מ""ל",false,1,5.90,1.1800,true,1,125569
8002270866524,false,מים מינרלים סן פלגרי,,,מים מינרלים סן פלגרינו 1ל,ליטרים,1.00,ליטר,false,1,9.90,9.9000,true,1,129745
8002371000650,false,קרואסון במילוי ריבת,,,קרואסון במילוי ריבת משמש 250 גר,גרמים,250.00,100 גרם,false,1,12.90,5.1600,true,1,173239
8002371004061,false,קרואסון במילוי קרם ב,,,קרואסון במילוי קרם ביגוסטו 250 גר,גרמים,250.00,100 גרם,false,1,12.90,5.1600,true,1,173240
8002371007888,false,קוראסון עם קרם שוקול,,,קוראסון במילוי קרם שוקולד ללא סוכר 300 ג,גרמים,300.00,100 גרם,false,1,18.90,6.3000,true,1,173236
8002371007895,false,קוראסון במילוי ריבת,,,קוראסון במילוי ריבת משמש ללא סוכר 300 גר,גרמים,300.00,100 גרם,false,1,18.90,6.3000,true,1,173237
8002371007901,false,קוראסון עם קרם פטיסי,,,קוראסון עם מילוי קרם,גרמים,300.00,100 גרם,false,1,18.90,6.3000,true,1,173238
8002450208304,false,משקה כהלי מוגז ורדי,בוסקה,,"ימשקה כהלי מוגז ורדי גוורצטרמינר 750 מ""ל",מיליליטרים,750.00,"100 מ""ל",false,1,24.90,3.3200,true,1,151971
8002793000504,false,יין פיציני קיאנטי כת,,,יין פיציני קיאנטי כתום 750 מל,מיליליטרים,750.00,"100 מ""ל",false,1,34.90,4.6533,true,1,132891
8002793000986,false,יין אורבייטו קלאסיק,,,יין אורבייטו קלאסיק 750 מל,מיליליטרים,750.00,"100 מ""ל",false,1,34.90,4.6533,true,1,132893
8002793014228,false,יין פיציני נרו דאבול,,,יין פיציני נרו דאבולה סיציליה 750 מל,מיליליטרים,750.00,"100 מ""ל",false,1,59.90,7.9867,true,1,170945
8002793015164,false,יין פיציני אפסימנטו,,,"יין פיציני אפסימנטו פולייה 750 מ""ל",מיליליטרים,750.00,"100 מ""ל",false,1,59.90,7.9867,true,1,153357
8002793018776,false,יין פראפאסו פרימיטיב,,,יין פראפאסו פרימיטיבו די מנדורייה 750 מל,מיליליטרים,750.00,"100 מ""ל",false,1,59.90,7.9867,true,1,164859
8002793959239,false,יין פיציני קיאנטי קל,,,יין פיציני קיאנטי קלאסיק 750 מל,מיליליטרים,750.00,"100 מ""ל",false,1,59.90,7.9867,true,1,132896
8002793959789,false,יין פינו גריגיו 750,,,יין פינו גריגיו 750 מל,מיליליטרים,750.00,"100 מ""ל",false,1,34.90,4.6533,true,1,132892
8003007800712,false,פסטה פיורי 4 טעמים 5,,,פסטה פיורי 4 טעמים 500 גר,גרמים,500.00,100 גרם,false,1,12.90,2.5800,true,1,134756
8003007811473,false,פסטה פנוני 4 טעמים 5,,,פסטה פנוני 4 טעמים 500 גר,גרמים,500.00,100 גרם,false,1,12.90,2.5800,true,1,134761
8003405002558,false,וודקה רוברטו קוואלי,מזקקה פרנקולי,,"וודקה רוברטו קוואלי 700 מ""ל",מיליליטרים,700.00,"100 מ""ל",false,1,129.90,18.5571,true,1,132400
8003405006051,false,וודקה קאוולי אסאי 1,,IT,וודקה קאוולי אסאי 1 ל,ליטרים,1.00,ליטר,false,6,159.90,159.9000,true,1,155884
8003405006235,false,וודקה קאוולי אננס 1,,IT,וודקה קאוולי אננס 1 ל,ליטרים,1.00,ליטר,false,6,159.90,159.9000,true,1,155885
8003405006259,false,וודקה קאוולי אבטיח 1,,IT,וודקה קאוולי אבטיח 1 ל,ליטרים,1.00,ליטר,false,6,159.90,159.9000,true,1,155887
8003740005054,false,ספגטי אריגי 500 גר,,,ספגטי אריגי 500 גר,גרמים,500.00,100 גרם,false,1,6.50,1.3000,true,1,155311
8003740005801,false,ספגטי חיטה מלאה אריג,,,ספגטי חיטה מלאה אריגי 500 גר,גרמים,500.00,100 גרם,false,1,6.50,1.3000,true,1,142330
8003740009052,false,פסטה אריגי פטוציני 5,,,פסטה אריגי פטוציני 500 גר,גרמים,500.00,100 גרם,false,1,6.50,1.3000,true,1,171419
8003740014063,false,פסטה אריגי בוקטיני 5,,,פסטה אריגי בוקטיני 500 גר,גרמים,500.00,100 גרם,false,1,6.50,1.3000,true,1,165220
8003740024079,false,פסטה אריגי טורטיליונ,,,פסטה אריגי טורטיליוני 500 גר,גרמים,500.00,100 גרם,false,1,6.50,1.3000,true,1,155307
8003740031077,false,פסטה אריגי פנה ריגטה,,,פסטה אריגי פנה ריגטה 500 גר,גרמים,500.00,100 גרם,false,1,6.50,1.3000,true,1,155304
8003740036072,false,פסטה אריגי פוזילי 50,,,פסטה אריגי פוזילי 500 גר,גרמים,500.00,100 גרם,false,1,6.50,1.3000,true,1,155306
8003740036805,false,פסטה אריגי פוזילי חי,,,פסטה פוזילי חיטה מלאה אריגאי איטליה 500,גרמים,500.00,100 גרם,false,1,6.50,1.3000,true,1,142332
8003740037079,false,פסטה אריגי פוזליני 5,,IT,פסטה אריגי פוזליני 500 גר,גרמים,500.00,100 גרם,false,1,6.50,1.3000,true,1,155305
8003740039073,false,פסטה אריגי קונציליונ,,,פסטה אריגי קונציליוני 500 גר,גרמים,500.00,100 גרם,false,1,6.50,1.3000,true,1,155308
8003740047078,false,פסטה אריגי קרסטה 500,,,פסטה אריגי קרסטה 500 גר,גרמים,500.00,100 גרם,false,1,6.50,1.3000,true,1,157098
8003740050306,false,פסטה אריגי פוזילי טר,,,פסטה אריגי פוזילי טריקולור 500 גר,גרמים,500.00,100 גרם,false,1,6.90,1.3800,true,1,157112
8003740058081,false,ספגטי אריגי פרפלה 50,,,ספגטי אריגי פרפלה 500 גר,גרמים,500.00,100 גרם,false,1,6.50,1.3000,true,1,155312
8003740067199,false,רביולי עם גבינה אריג,,,רביולי עם גבינה אריגי 250 גר,גרמים,250.00,100 גרם,false,1,12.90,5.1600,true,1,173316
8003740067281,false,קנלוני אריגי 250 גר,,,קנלוני אריגי 250 גר,גרמים,250.00,100 גרם,false,1,8.90,3.5600,true,1,157252
8003740077075,false,פסטה אריגי ביאווטה 5,,,פסטה אריגי ביאווטה 500 גר,גרמים,500.00,100 גרם,false,1,6.50,1.3000,true,1,157103
8003740131074,false,פדליני אטריות למרק א,,,פסטה אריגי פידליני 500 גר,גרמים,500.00,100 גרם,false,1,6.50,1.3000,true,1,157101
8003740190071,false,פסטה אריגי אמוריני 5,,,פסטה אריגי אמוריני 500 גר,גרמים,500.00,100 גרם,false,1,6.50,1.3000,true,1,157099
8003740191009,false,דפי לזניה אריגי 500,,,דפי לזניה אריגי 500 גר,גרמים,500.00,100 גרם,false,1,12.90,2.5800,true,1,155313
8003740651060,false,ניוקי אריגי 500 גר,,,ניוקי אריגי 500 גר,גרמים,500.00,100 גרם,false,1,8.90,1.7800,true,1,155314
8003740660666,false,פסטו אדום 190 גר,,,פסטו עגבניות 190 גר,גרמים,190.00,100 גרם,false,1,12.90,6.7895,true,1,158941
8003740660765,false,פסטו ירוק 190 גר,,,פסטו ירוק 190 גר,גרמים,190.00,100 גרם,false,1,12.90,6.7895,true,1,155318
8003740662462,false,עגבניות מרוסקות אריג,,,עגבניות מרוסקות אריגי 680 גר,גרמים,680.00,100 גרם,false,1,10.90,1.6029,true,1,173319
8003740667467,false,רוטב פסטה בזיליקום א,,,רוטב פסטה בזיליקום אריגי 320 גר,גרמים,320.00,100 גרם,false,1,9.90,3.0938,true,1,155315
8003740667566,false,רוטב פסטה ארבייאטה א,,,רוטב פסטה ארבייאטה אריגי 320 גר,גרמים,320.00,100 גרם,false,1,9.90,3.0938,true,1,155316
8003740669263,false,רוטב בולונז צמחי ארי,,,רוטב בולונז צמחי אריגי 320 גר,גרמים,320.00,100 גרם,false,1,10.90,3.4063,true,1,165221
8003740669362,false,רוטב פטריות אריגי 32,,,רוטב פטריות אריגי 320 גר,גרמים,320.00,100 גרם,false,1,10.90,3.4063,true,1,172414
8003753158556,false,קפסולות אילי אספרסו,,,קפסולות אילי אספרסו קלאסיקו 10 יח,גרמים,57.00,100 גרם,false,1,23.90,41.9298,true,1,163501
8003753158587,false,קפסולות אילי אספרסו,,,קפסולות אילי אספרסו פורטה 10 יח,גרמים,57.00,100 גרם,false,1,23.90,41.9298,true,1,163503
8003753158648,false,קפסולות אילי אספרסו,,,קפסולות אילי אספרסו אינטנסו 10 יח,גרמים,57.00,100 גרם,false,1,23.90,41.9298,true,1,163502
8003896080028,false,פאנטונה סאנטאנגלו בק,SANTANGELO,,פאנטונה סאנטאנגלו בקופסא 500 גר,גרמים,500.00,100 גרם,false,1,32.90,6.5800,true,1,122707
8003896080059,false,פאנטונה סאנטאנגלו 90,SANTANGELO,,פאנטונה סאנטאנגלו 908 גר,גרמים,908.00,100 גרם,false,1,49.90,5.4956,true,1,167673
8003896080172,false,פאנטונה סאנטאנגלו לי,SANTANGELO,,פאנטונה סאנטאנגלו לימונצלו 908 גר,גרמים,908.00,100 גרם,false,1,59.90,6.5969,true,1,133774
8003896080189,false,פאנטונה סאנטאנגלו קר,SANTANGELO,,פאנטונה סאנטאנגלו קרם שוקולד 908 גר,גרמים,908.00,100 גרם,false,1,59.90,6.5969,true,1,133775
8004030344938,false,טונה ריו מרה בשמן זי,BOLTON GROUP- RIO,,טונה ריו מרה בשמן זית 80גר שלישיה,גרמים,240.00,100 גרם,false,1,26.90,11.2083,true,1,129041
8004708018987,false,מלח ורוד הימלאיה במט,,,מלח ורוד הימלאיה במטחנה 90 גר,גרמים,90.00,100 גרם,false,1,14.90,16.5556,true,1,165762
8005200256587,false,תה קר נסטי אפרסק 1.5,סן-פלגרינו,,תה קר נסטי אפרסק 1.5 ל,ליטרים,1.50,ליטר,false,1,8.90,5.9333,true,1,168130
8005200286584,false,תה קר נסטי מנגו אננס,סן-פלגרינו,,תה קר נסטי מנגו אננס 1.5 ל,ליטרים,1.50,ליטר,false,1,8.90,5.9333,true,1,168131
8005200316588,false,תה קר נסטי דיאט אפרס,סן-פלגרינו,,תה קר נסטי דיאט אפרסק 1.5 ל,ליטרים,1.50,ליטר,false,1,8.90,5.9333,true,1,168132
8005268020175,false,שעועית אדומה במי מלח,,,שעועית אדומה במי מלח 400 גר,גרמים,400.00,100 גרם,false,12,6.90,1.7250,true,1,162250
8005380070041,false,עוגת רולדה במילוי קר,,,עוגת רולדה במילוי קרם אגוזי לוז 200 גר,גרמים,200.00,100 גרם,false,1,7.90,3.9500,true,1,172091
8005840020296,false,גלידה לואקר אגוזי לו,,,גלידה לואקר אגוזי לוז 264 גר,גרמים,264.00,100 גרם,false,1,44.90,17.0076,true,1,174067
8005840096703,false,מעדן קפוא שמנת קקאו,,,מעדן קפוא שמנת קקאו וניל קפה 1 ק,קילוגרמים,1.00,"ק""ג",false,1,39.90,39.9000,true,1,169953
8005840096710,false,מעדן קפוא אגוז לוז ק,,,מעדן קפוא אגוז לוז קקאו פנקוטה וניל 1 ק,קילוגרמים,1.00,"ק""ג",false,1,39.90,39.9000,true,1,169952
8006227000399,false,לחם פרוס לבן סמנצאטו,,,לחם פרוס לבן סמנצאטו 400 גר,גרמים,400.00,100 גרם,false,1,14.90,3.7250,true,1,163626
8006227000405,false,לחם פרוס חיטה מלאה ס,,,לחם פרוס חיטה מלאה סמנצאטו 400 גר,גרמים,400.00,100 גרם,false,1,14.90,3.7250,true,1,163624
8006227000412,false,לחם פרוס חיטת דורום,,,לחם פרוס חיטת דורום סמנצאטו 400 גר,גרמים,400.00,100 גרם,false,1,14.90,3.7250,true,1,163625
8006227000733,false,לחם סמנצאטו טראמציני,,,לחם סמנצאטו טראמציני חיטה מלאה 250 גר,גרמים,250.00,100 גרם,false,1,16.90,6.7600,true,1,163619
8006227000870,false,סמנצאטו כיכר לחם חיט,,,סמנצאטו כיכר לחם חיטת דורום 350 גר,גרמים,350.00,100 גרם,false,1,14.90,4.2571,true,1,163623
8006227001372,false,לחם לבן עם שמן זית ל,,,לחם לבן עם שמן זית ללא קשה סמנצאטו 400 ג,גרמים,400.00,100 גרם,false,1,19.90,4.9750,true,1,164958
8006227270945,false,לחם סמנצאטו טראמציני,,,לחם סמנצאטו טראמציני לבן 250 גר,גרמים,250.00,100 גרם,false,1,16.90,6.7600,true,1,163620
8006423301856,false,בונבוניירה דפילה סור,HDI SORINI,,"בונבוניירות ""דפילה""",גרמים,450.00,100 גרם,false,1,79.90,17.7556,true,1,122727
8006423461666,false,בונבוניירה סוריני קו,,,בונבוניירה סוריני קווין 430 גר,גרמים,430.00,100 גרם,false,1,79.90,18.5814,true,1,149935
8006423461987,false,בונבוניירות סילין סו,HDI SORINI,,"בונבוניירות סילין ""ס",גרמים,300.00,100 גרם,false,1,39.90,13.3000,true,1,122731
8006423462397,false,בונבוניירות לב מיוחד,HDI SORINI,,בונבוניירות לב מיוחד,גרמים,475.00,100 גרם,false,1,69.90,14.7158,true,1,122735
8006423462502,false,בונבוניירת סוריני קל,HDI SORINI,,בונבוניירת סוריני קלאסיק 265 גר,גרמים,265.00,100 גרם,false,1,49.90,18.8302,true,1,122736
8006423463066,false,בונ ולנטיין 195 גר,,,בונ ולנטיין 195 גר,גרמים,195.00,100 גרם,false,1,54.90,28.1538,true,1,155523
8006423464889,false,בונבוניירה סוריני מנ,HDI SORINI,,בונבוניירות פח מניפה,גרמים,400.00,100 גרם,false,1,69.90,17.4750,true,1,122739
8006423466388,false,בונ סוריני תיק זהב/כ,,,בונ תיק גליטר זהב/כסף 150 גר סוריני,גרמים,150.00,100 גרם,false,6,39.90,26.6000,true,1,158606
8006423466456,false,בונ אליזבטה 3 צבעים,,,בונ אליזבטה 3 צבעים 184 גר סוריני,גרמים,184.00,100 גרם,false,6,54.90,29.8370,true,1,158604
8006423467866,false,בונ קריסמס טיפאני 18,,,בונ קריסמס טיפאני 180 גר,גרמים,180.00,100 גרם,false,1,17.90,9.9444,true,1,174089
8006423468801,false,בונבוניירה סוריני כד,HDI SORINI,,בונבוניירות כדור,גרמים,320.00,100 גרם,false,1,34.90,10.9062,true,1,122742
8006423469617,false,בונבוניירה ונציה סור,HDI SORINI,,בונבוניירות ונציה,גרמים,190.00,100 גרם,false,1,34.90,18.3684,true,1,122743
8006540027011,false,לנור מרכך כביסה אמאט,,,לנור מרכך כביסה אמאטיסט 897 מל,מיליליטרים,897.00,"100 מ""ל",false,,16.90,1.8841,true,1,163471
8006540091906,false,כדוריות הבושם בניחוח,פרוקטר אנד גמבל,GB,כדוריות הבושם בניחוח אריאל לנור 140 גר,גרמים,140.00,100 גרם,false,6,19.90,14.2143,true,1,166410
8006540112793,false,מרכך כביסה לנור מרוכ,,,מרכך כביסה לנור מרוכז בניחוח יסמין 900 מ,מיליליטרים,900.00,"100 מ""ל",false,1,16.90,1.8778,true,1,163467
8006540112823,false,מרכך כביסה לנור מרוכ,,,מרכך כביסה לנור מרוכז בניחוח האוקיינוס,מיליליטרים,900.00,"100 מ""ל",false,1,16.90,1.8778,true,1,163466
8006540112854,false,מרכך כביסה לנור מרוכ,,,מרכך כביסה לנור מרוכז בניחוח סחלב 900 מל,מיליליטרים,900.00,"100 מ""ל",false,1,16.90,1.8778,true,1,163468
8006540222089,false,מגבונים היגיינים ליל,,,מגבונים היגיינים לילדים טו גו פמפרס 40 י,Unknown,0.00,Unknown,false,1,7.90,0.0000,true,1,166409
8006540383018,false,טבליות למדיח פיירי פ,,BE,טבליות למדיח פיירי פלטינום פלוס 23 יח,Unknown,0.00,Unknown,false,5,39.90,0.0000,true,1,172024
8006540383087,false,טבליות למדיח פיירי פ,,BE,טבליות למדיח פיירי פלטינום פלוס 42 יח,Unknown,0.00,Unknown,false,4,54.90,0.0000,true,1,172025
8006540425930,false,קפסולות אריאל לכתמים,פרוקטר אנד גמבל,FR,קפסולות אריאל לכתמים קשים 24 יח,גרמים,400.00,100 גרם,false,3,29.90,7.4750,true,1,168074
8006540463550,false,טבליות למדיח כלים פי,,BE,טבליות למדיח כלים פיירי פלטינום 63 יח,Unknown,0.00,Unknown,false,4,49.90,0.0000,true,1,172023
8006540491539,false,סבון כלים פיירי פלטי,,,סבון כלים פיירי פלטינום אוריגינל 780 מל,מיליליטרים,780.00,"100 מ""ל",false,1,12.90,1.6538,true,1,170508
8006540495186,false,מרכך כביסה לנור בייב,,,מרכך כביסה לנור בייבי 900 מל,מיליליטרים,900.00,"100 מ""ל",false,1,16.90,1.8778,true,1,171368
8006540495216,false,מרכך כביסה לנור אמאט,,,מרכך כביסה לנור אמאטיסט 900 מל,מיליליטרים,900.00,"100 מ""ל",false,1,16.90,1.8778,true,1,171369
8006540495247,false,מרכך כביסה לנור פרחי,,,מרכך כביסה לנור פרחי בר 900 מל,מיליליטרים,900.00,"100 מ""ל",false,1,16.90,1.8778,true,1,171370
8006540566701,false,גל כביסה אריאל כתמים,,IT,גל כביסה אריאל כתמים קשים 1.925 ל,ליטרים,1.93,ליטר,false,4,29.90,15.4922,true,1,172650
8006922010464,false,מעדן בטעם שמנת וקפה,,,מעדן בטעם שמנת וקפה 500 גר,גרמים,500.00,100 גרם,false,1,29.90,5.9800,true,1,171798
8006922085325,false,מעדן בטעם שמנת קרמל,,,גלידה חלבית בטעם קרמל עם קרמל ושוקולד 1,קילוגרמים,1.00,"ק""ג",false,4,44.90,44.9000,true,1,140499
8006922085356,false,מעדן בטעם שמנת דובדב,,,"גלידה חלבית בטעם שמנת עם דובדבן 1 ק""ג",קילוגרמים,1.00,"ק""ג",false,1,44.90,44.9000,true,1,140497
8006922085370,false,מעדן בטעם לימון 1 קג,,,מעדן בטעם לימון 1 קג,קילוגרמים,1.00,"ק""ג",false,1,44.90,44.9000,true,1,171796
8007150901623,false,שמן זרעי ענבים 1.5 ל,,,מארז זוג שמן זרעי ענבים 1.5 ל,ליטרים,1.50,ליטר,false,1,54.90,36.6000,true,1,138208
8007150906338,false,חומץ בלסמי ממודנה 50,,,"חומץ בלסמי ממודנה 500 מ""ל",מיליליטרים,500.00,"100 מ""ל",false,1,22.90,4.5800,true,1,134844
8007153006943,false,שמן זית כתית מעולה 7,,,שמן זית כתית מעולה 750 מל,מיליליטרים,750.00,"100 מ""ל",false,1,34.90,4.6533,true,1,159422
8007153006950,false,שמן זית כתית מעולה 1,,,שמן זית כתית מעולה 1 ל,ליטרים,1.00,ליטר,false,1,44.90,44.9000,true,1,159401
8007153007117,false,שמן זית כתית מעולה פ,,,שמן זית כתית מעולה פירותי וארומטי 1 ל,ליטרים,1.00,ליטר,false,1,44.90,44.9000,true,1,167220
8007153034113,false,שמן זרעי ענבים פרציו,,,שמן זרעי ענבים פרציוני 1 ל,ליטרים,1.00,ליטר,false,1,29.90,29.9000,true,1,161338
8008164002016,false,גלידה גלטי שמנת אגוז,,,גלידה גלטי שמנת אגוזי לוז ושוקולד 1 קג,קילוגרמים,1.00,"ק""ג",false,1,39.90,39.9000,true,1,161341
8008164002399,false,גלידה גלטי דובדבן שח,,,גלידה גלטי דובדבן שחור 1 קג,קילוגרמים,1.00,"ק""ג",false,1,39.90,39.9000,true,1,161343
8008245004847,false,ממרח אגוזי לוז וקקאו,,,ממרח אגוזי לוז וקקאו 300 גר,גרמים,300.00,100 גרם,false,1,16.90,5.6333,true,1,162193
8008440522016,false,בירה פרוני 5.1% 330,,,בירה פרוני 5.1% 330 מל שישייה,מיליליטרים,1980.00,"100 מ""ל",false,1,39.90,2.0152,true,1,168056
8008620009313,false,קריץ קרקר מלוח 250 ג,,,קרקר מלוח 250 גר,גרמים,250.00,100 גרם,false,12,8.90,3.5600,true,1,160771
8008620009337,false,קריץ קרקר חיטה מלאה,,,קרקר חיטה מלאה 250גר,גרמים,250.00,100 גרם,false,12,8.90,3.5600,true,1,160772
8008620063049,false,קריץ קרקר דגנים ושומ,,,קרקרים עם שומשום 250,גרמים,250.00,100 גרם,false,12,9.90,3.9600,true,1,160774
8008660210014,false,מעדן ריבת משמש 300 ג,מנז אנד גאסר,,מעדן ריבת משמש 300 גר,גרמים,300.00,100 גרם,false,1,13.90,4.6333,true,1,132279
8008660210021,false,מעדן ריבת דובדבן 320,מנז אנד גאסר,,מעדן ריבת דובדבן 300 גר,גרמים,320.00,100 גרם,false,1,13.90,4.3438,true,1,132278
8008660210038,false,מעדן ריבת תות שדה 30,מנז אנד גאסר,,מעדן ריבת תות שדה 300 גר,גרמים,300.00,100 גרם,false,1,13.90,4.6333,true,1,132281
8008685002908,false,בישקוטים 200 גר,Bonomi,,בישקוטים 200 גר,גרמים,200.00,100 גרם,false,1,8.90,4.4500,true,1,172301
8008900007763,false,יין צלו אבסיומנטה 75,,IT,"יין צלו אבסיומנטה 750 מ""ל",מיליליטרים,750.00,"100 מ""ל",false,6,64.90,8.6533,true,1,155901
8008900009613,false,יין פאסיה טוסקנה רוס,,,יין פאסיה טוסקנה רוסו 750 מל,מיליליטרים,750.00,"100 מ""ל",false,6,59.90,7.9867,true,1,162554
8009470006613,false,מעדן לחתול להשאט טונ,,,מעדן לחתול להשאט טונה וסלמון 80 גר,גרמים,80.00,100 גרם,false,48,6.90,8.6250,true,1,161710
8009470006637,false,מעדן לחתול להשאט טונ,,,מעדן לחתול להשאט טונה וסורימי 80 גר,גרמים,80.00,100 גרם,false,48,6.90,8.6250,true,1,161709
8009470009010,false,אוכל כלבים סימבה בשר,אמ.או.אן.ג'י.אי.אמונ,,אוכל כלבים סימבה בשר 415 גר,גרמים,415.00,100 גרם,false,1,4.90,1.1807,true,1,137307
8009470009027,false,אוכל כלבים סימבה עוף,אמ.או.אן.ג'י.אי.אמונ,,אוכל כלבים סימבה עוף והודו 415 גר,גרמים,415.00,100 גרם,false,1,4.90,1.1807,true,1,137310
8009470009072,false,אוכל לחתולים סימבה ע,אמ.או.אן.ג'י.אי.אמונ,,אוכל לחתולים סימבה עוף 415 גר,גרמים,415.00,100 גרם,false,1,4.90,1.1807,true,1,137313
8009470009096,false,אוכל לחתולים סימבה ד,אמ.או.אן.ג'י.אי.אמונ,,אוכל לחתולים סימבה דג 415 גר,גרמים,415.00,100 גרם,false,1,4.90,1.1807,true,1,137311
8009470009164,false,אוכל כלבים סימבה כבש,אמ.או.אן.ג'י.אי.אמונ,,אוכל כלבים סימבה כבש 415 גר,גרמים,415.00,100 גרם,false,1,4.90,1.1807,true,1,137309
8009470009232,false,מעדן לחתולים סימבה ד,,,מעדן לחתולים סימבה דגים 100 גר,גרמים,100.00,100 גרם,false,1,4.90,4.9000,true,1,167217
8009470009348,false,סימבה פאוץ בשר 100 ג,חטיפים מן הטבע,,סימבה פאוץ בשר 100 גר,גרמים,100.00,100 גרם,false,1,4.90,4.9000,true,1,171875
8009470009355,false,סימבה פאוץ עוף 100 ג,חטיפים מן הטבע,,סימבה פאוץ עוף 100 גר,גרמים,100.00,100 גרם,false,1,4.90,4.9000,true,1,171877
8009470009362,false,סימבה פאוץ דג 100 גר,חטיפים מן הטבע,,סימבה פאוץ דג 100 גר,גרמים,100.00,100 גרם,false,1,4.90,4.9000,true,1,171874
8009470009379,false,סימבה פאוץ סלמון 100,חטיפים מן הטבע,,סימבה פאוץ סלמון 100 גר,גרמים,100.00,100 גרם,false,1,4.90,4.9000,true,1,171876
8009470009423,false,מעדן לחתול להשאט ירו,,,מעדן לחתול להשאט ירוק טונה וגזר 80 גר,גרמים,80.00,100 גרם,false,48,6.90,8.6250,true,1,164119
8009470009461,false,מעדן לחתול להשאט צהו,,,מעדן לחתול להשאט צהוב טונה ועוף 80 גר,גרמים,80.00,100 גרם,false,48,6.90,8.6250,true,1,164122
8009470009546,false,אוכל לחתולים סימבה כ,אמ.או.אן.ג'י.אי.אמונ,,אוכל לחתולים סימבה כבש 415 גר,גרמים,415.00,100 גרם,false,1,4.90,1.1807,true,1,137312
8009470016063,false,אוכל לחתולים סימבה ע,אמ.או.אן.ג'י.אי.אמונ,,"אוכל לחתולים סימבה עוף 2 ק""ג",קילוגרמים,2.00,"ק""ג",false,1,34.90,17.4500,true,1,137316
8009621006073,false,ניוקי תפוחי אדמה 500,,,ניוקי תפוחי אדמה 500 גר,גרמים,500.00,100 גרם,false,1,9.90,1.9800,true,1,134735
8009730900088,false,ספריי תיבול בטעם זעפ,,,"ספריי תיבול בטעם זעפרן 40 מ""ל",מיליליטרים,40.00,"100 מ""ל",false,6,12.90,32.2500,true,1,139965
8010706700854,false,עגבניות פולפה פיין ע,,,עגבניות פולפה פיין עם בזיליקום 400 גר,גרמים,400.00,100 גרם,false,1,5.90,1.4750,true,1,170371
8010706724966,false,עגבניות פולפה פיין ע,,,עגבניות פולפה פיין עם שום 400 גר,גרמים,400.00,100 גרם,false,1,5.90,1.4750,true,1,170372
8013399145315,false,סט דיטורל תות שקית ר,,,סט דיטורל תות שקית רך 70 גר,גרמים,70.00,100 גרם,false,1,9.90,14.1429,true,1,157698
8015997000911,false,בישקוטים מאריני 200,Biscottificio Verona,,בישקוטים מאריני 200 גר,גרמים,200.00,100 גרם,false,1,6.90,3.4500,true,1,129965
8016608003437,false,יין קיאנטי לה קיאנטי,איטליה לה קיאנטי ג'י,,"יין ""קיאנטי "" לוגיה",Unknown,0.00,Unknown,false,1,39.90,0.0000,true,1,123828
8017746286539,false,יין קיאנטי בקש פוגיו,סלבדורי,,"יין קיאנטי בקש פוגיו סו וינצי 750 מ""ל",מיליליטרים,750.00,"100 מ""ל",false,1,44.90,5.9867,true,1,142058
8018075001237,false,יין מתובל מבעבע חצי,,IT,יין מתובל מבעבע חצי מתוק פרגולינו מוחיטו,מיליליטרים,330.00,"100 מ""ל",false,24,11.90,3.6061,true,1,169546
8018075001299,false,יין מתובל מבעבע פרגו,,IT,יין מתובל מבעבע פרגולינו קוקטייל שפריץ,מיליליטרים,330.00,"100 מ""ל",false,24,11.90,3.6061,true,1,169547
8018075001312,false,יין מתובל מבעבע פרגו,,IT,יין מתובל מבעבע פרגולינו פינה קולדה 330,מיליליטרים,330.00,"100 מ""ל",false,24,11.90,3.6061,true,1,169548
8019428000013,false,משקה אורז אורגני 1 ל,,,משקה אורז אורגני 1 ליטר,ליטרים,1.00,ליטר,false,1,11.90,11.9000,true,1,134861
8019428000099,false,משקה אורז אורגני שקד,,,משקה אורז אורגני שקדים 1 ליטר,ליטרים,1.00,ליטר,false,1,11.90,11.9000,true,1,134862
8019428000105,false,משקה שיבולת שועל 1 ל,,,משקה שיבולת שועל 1 ליטר,ליטרים,1.00,ליטר,false,1,11.90,11.9000,true,1,134863
8019428007005,false,משקה סויה אורגני 1 ל,,,משקה סויה אורגני 1 ליטר,ליטרים,1.00,ליטר,false,1,11.90,11.9000,true,1,134864
8019428007173,false,משקה אורז אורגני קוק,,,משקה אורז אורגני קוקוס 1 ל,ליטרים,1.00,ליטר,false,12,14.90,14.9000,true,1,154949
8022470213386,false,דרגיה פריסקו שקד חלב,ITALIANA CONFETTI-PR,,דרגיה פריסקו שקד חלב 500גר,גרמים,500.00,100 גרם,false,1,34.90,6.9800,true,1,127398
8022470213416,false,דרגיה פריסקו לוז חלב,ITALIANA CONFETTI-PR,,דרגיה פריסקו לוז חלב 500גר,גרמים,500.00,100 גרם,false,1,34.90,6.9800,true,1,127400
8022470213485,false,דרגיה פריסקו דובדבן,ITALIANA CONFETTI-PR,,דרגיה פריסקו דובדבן מריר 500גר,גרמים,500.00,100 גרם,false,1,34.90,6.9800,true,1,127399
8023492004518,false,שוקולד מריר עם שקדים,,,שוקולד מריר עם שקדים 225 גר,גרמים,225.00,100 גרם,false,1,12.90,5.7333,true,1,169734
8026327430124,false,ממחטות אף כיס 10 יח,,,"ממחטות אף כיס 10 יח""",יחידה,10.00,יחידה,false,1,6.90,0.6900,true,1,123830
8032523531299,false,ממרח קקאו עם אגוזי ל,,,ממרח קקאו עם אגוזי לוז 200 גר,גרמים,200.00,100 גרם,false,1,25.90,12.9500,true,1,163679
8032755322481,false,ביסקוויט במילוי בטעם,,,ביסקוויט במילוי בטעם תפוחי עץ 250 גר,גרמים,250.00,100 גרם,false,1,13.90,5.5600,true,1,172093
8032755324232,false,ביסקוויט במילוי בטעם,,,ביסקוויט במילוי בטעם משמש 250 גר,גרמים,250.00,100 גרם,false,1,13.90,5.5600,true,1,172092
8032793153320,false,יין טלאמונטי מודה מו,,,יין טלאמונטי מודה מונטפולצינו דאברוצו,מיליליטרים,750.00,"100 מ""ל",false,1,42.90,5.7200,true,1,165051
8033028910053,false,שעועית לבנה במי מלח,,,שעועית לבנה במי מלח 400 גר,גרמים,400.00,100 גרם,false,12,6.90,1.7250,true,1,162248
8033116407502,false,יין מתובל מבעבע חצי,,,יין מתובל מבעבע חצי מתוק פרגולינו ביאנקו,מיליליטרים,330.00,"100 מ""ל",false,24,11.90,3.6061,true,1,159196
8033413430708,false,ליקר לימונצלו וילה מ,וילה מסה,,ליקר לימונצלו וילה מסה 700מל,מיליליטרים,700.00,"100 מ""ל",false,1,99.90,14.2714,true,1,128501
8034023209272,false,ארטישוק א-לה רומנה ב,,,ארטישוק א-לה רומנה בשמן חמניות 510 גר,גרמים,510.00,100 גרם,false,1,34.90,6.8431,true,1,134727
8034097876424,false,פנתוני קלאסיק 700 גר,BAULI,,פנתוני קלאסיק 700 גר,גרמים,700.00,100 גרם,false,16,55.90,7.9857,true,1,174108
8050705431106,false,עוגיות במילוי קרם בט,,,עוגיות במילוי קרם בטעם שוקולד 300 גר,גרמים,300.00,100 גרם,false,1,18.90,6.3000,true,1,166595
8050705434459,false,מאפה קרואסון קורנטו,,,מאפה קרואסון קורנטו מילוי שוקןלד 300 גר,גרמים,300.00,100 גרם,false,1,14.90,4.9667,true,1,166592
8050705434466,false,מאפה קרואסון קורנטו,,,מאפה קרואסון קורנטו מילוי פירות 300 גר,גרמים,300.00,100 גרם,false,1,14.90,4.9667,true,1,166593
8050705434541,false,עוגיות קרם קקאו ובצי,,,עוגיות קרם קקאו ובציפוי שוקולד 240 גר,גרמים,240.00,100 גרם,false,1,13.90,5.7917,true,1,170091
8050705434770,false,עוגה ממולאת קרם קקאו,,,עוגה ממולאת קרם קקאו 300 גר,גרמים,300.00,100 גרם,false,1,16.90,5.6333,true,1,170087
8050705435906,false,עוגה עם קרם פטיסייר,,,עוגה עם קרם פטיסייר 300 גר,גרמים,300.00,100 גרם,false,1,22.90,7.6333,true,1,170085
8050705436255,false,טארטלט מאסימו במילוי,,,טארטלט מאסימו במילוי קרם קקאו אגוז 240 ג,גרמים,240.00,100 גרם,false,1,14.90,6.2083,true,1,170083
8051407911170,false,יין מבעבע פרוסקו לבן,,,"יין מבעבע פרוסקו לבן יבש 700 מ""ל",מיליליטרים,700.00,"100 מ""ל",false,1,44.90,6.4143,true,1,144825
8052021063412,false,גרלנדה כסופה עם קצוו,,,גרלנדה כסופה עם קצוות צבעוניים 2מ*5סמ,Unknown,0.00,Unknown,false,1,3.90,0.0000,true,1,166761
8052021063436,false,גרלנדה במגוון צבעים,,CN,גרלנדה במגוון צבעים 2מ*8סמ,Unknown,0.00,Unknown,false,1,5.90,0.0000,true,1,166763
8052021063504,false,גרלנדה עם פתיתי שלג,,,גרלנדה עם פתיתי שלג במגוון צבעים 2מ*10סמ,Unknown,0.00,Unknown,false,1,5.90,0.0000,true,1,166769
8076800195019,false,פסטה ברילה 500 גר,BARILLA,,פסטה ברילה 500,גרמים,500.00,100 גרם,false,1,6.90,1.3800,true,1,123857
8076800195033,false,ספגטיני ברילה 500 גר,BARILLA,,ספגטיני ברילה 500 גר,גרמים,500.00,100 גרם,false,1,6.90,1.3800,true,1,123858
8076800195057,false,ספגטי ברילה מס 5 500,BARILLA,,ספגטי ברילה מס 5 500 גר,גרמים,500.00,100 גרם,false,1,6.90,1.3800,true,1,123859
8076800195132,false,ספגטי ברילה 500 גר,BARILLA,,ספגטי ברילה,גרמים,500.00,100 גרם,false,1,6.90,1.3800,true,1,123860
8076800315097,false,ספגטי בוקטיני מספר 9,BARILLA,,"פסטה ""ברילה"" בוקטיני",גרמים,500.00,100 גרם,false,1,6.90,1.3800,true,1,123861
8076802085738,false,פסטה ברילה פנה רגטה,BARILLA,,"פסטה ""ברילה"" פנה רגט",גרמים,500.00,100 גרם,false,1,6.90,1.3800,true,1,123862
8076802085837,false,פסטה ברילה טורטליוני,BARILLA,IT,פסטה ברילה צינור 500 גר,גרמים,500.00,100 גרם,false,15,6.90,1.3800,true,1,123863
8076802085936,false,פסטה קונצילי ריגטה ב,BARILLA,,"פסטה ""ברילה"" קונצילי",גרמים,500.00,100 גרם,false,1,6.90,1.3800,true,1,123864
8076802085981,false,פסטה ברילה פוזילי 50,BARILLA,,פסטה ברילה פוזילי 500 גר,גרמים,500.00,100 גרם,false,1,6.90,1.3800,true,1,123865
8076808050440,false,פסטה מקרוני מספר 44,BARILLA,,"פסטה ""ברילה"" מקרוני",גרמים,500.00,100 גרם,false,1,6.90,1.3800,true,1,123866
8076808060654,false,פסטה פרפלה מספר 64 ב,BARILLA,,"פסטה ""ברילה"" פרפלה",גרמים,500.00,100 גרם,false,1,6.90,1.3800,true,1,123867
8076808150072,false,פסטה ספגטי מספר 7 בר,BARILLA,,"ספגטי ""ברילה"" עבה מס",גרמים,500.00,100 גרם,false,1,6.90,1.3800,true,1,123869
8076809512268,false,פסטה גירנדולה מספר 3,BARILLA,,"פסטה ""ברילה"" גירנדול",גרמים,500.00,100 גרם,false,1,6.90,1.3800,true,1,123871
8076809513388,false,רוטב עגבניות ארביאטה,BARILLA,,"רוטב ""ברילה"" ארביאטה",גרמים,400.00,100 גרם,false,1,12.90,3.2250,true,1,123872
8076809523714,false,פסטה ברילה טליאטלה 5,BARILLA,,"פסטה ""ברילה"" טליאטלה",גרמים,500.00,100 גרם,false,1,22.90,4.5800,true,1,123879
8076809523738,false,לזניה ברילה 500 גר,BARILLA,,"לזניה ""ברילה""",גרמים,500.00,100 גרם,false,1,21.90,4.3800,true,1,123880
8076809547956,false,פסטה ברילה קיפרי 500,ברילה ג'.אי.אר פרטלי,IT,פסטה ברילה קיפרי 500 גר,גרמים,500.00,100 גרם,false,14,6.90,1.3800,true,1,156590
8076809578998,false,פסטה ברילה סטלינה 50,BARILLA,,פסטה ברילה סטלינה 500 גר,גרמים,500.00,100 גרם,false,1,6.90,1.3800,true,1,164310
8410024700015,false,ליקר מליבו 700 מל,,,"ליקר מליבו 700 מ""ל",מיליליטרים,700.00,"100 מ""ל",false,1,95.90,13.7000,true,1,142190
8410028228706,false,ברנדי מרקיז דה מיסה,ויליאמס אנד המברט,,ברנדי מרקיז דה מיסה,מיליליטרים,700.00,"100 מ""ל",false,1,79.90,11.4143,true,1,123884
8410076610379,false,חטיף נייטשר ואלי פרו,,,חטיף נייטשר ואלי פרוטאין בוטנים שבבי שוק,Unknown,0.00,Unknown,false,1,19.90,0.0000,true,1,152536
8410076610386,false,חטיף נייטשר ואלי פרו,,,חטיף נייטשר ואלי פרוטאין בוטנים קרמל מלו,גרמים,160.00,100 גרם,false,1,19.90,12.4375,true,1,152537
8410076621047,false,חטיף פייבר 1 בטעם שו,FIBER ONE,,חטיף פייבר 1 בטעם שוקולד פאדג 120 גר,גרמים,120.00,100 גרם,false,5,14.90,12.4167,true,1,161631
8410104035112,false,נוזל הברקה למדיח פינ,,,פיניש נוזל הברקה רגי,מיליליטרים,400.00,"100 מ""ל",false,1,9.90,2.4750,true,1,123887
8410104039134,false,פיניש מנקה ומחדש מדי,,,פיניש מנקה ומחדש מדי,מיליליטרים,250.00,"100 מ""ל",false,1,14.90,5.9600,true,1,123888
8410104045111,false,מלח למדיח פיניש 2 קג,,,"מלח למדיח פיניש 2 ק""",קילוגרמים,2.00,"ק""ג",false,1,11.90,5.9500,true,1,156771
8410113000071,false,ברנדי טורס 10 700 מל,,,ברנדי טורס 10 700 מל,מיליליטרים,700.00,"100 מ""ל",false,1,94.90,13.5571,true,1,165712
8410113001122,false,יין ויניה אזמרלדה 75,,,יין ויניה אזמרלדה 750 מל,מיליליטרים,750.00,"100 מ""ל",false,6,54.90,7.3200,true,1,162107
8410113003089,false,יין קורונאס 750 מל,,,יין קורונאס 750 מל,מיליליטרים,750.00,"100 מ""ל",false,6,54.90,7.3200,true,1,162109
8410113009012,false,יין ויניה אזמרלדה רו,,,יין ויניה אזמרלדה רוזה 750 מל,מיליליטרים,750.00,"100 מ""ל",false,6,54.90,7.3200,true,1,162108
8410128768324,false,משקה שקדים ויוה סוי,,,משקה שקדים ויוה סוי קרטונית 1 ל,ליטרים,1.00,ליטר,false,1,12.90,12.9000,true,1,156850
8410128783587,false,משקה שיבולת שועל וי,,,משקה שיבולת שועל וי סוי קרטונית 1 ל,ליטרים,1.00,ליטר,false,6,12.90,12.9000,true,1,171649
8410134002580,false,זיתים ירוקים עם טונה,אנגל קמצ'ו אלימנטסיו,,זיתים ירוקים עם טונה 300 גר,גרמים,300.00,100 גרם,false,1,8.90,2.9667,true,1,128252
8410134016839,false,זיתים ירוקים עם סלמו,אנגל קמצ'ו אלימנטסיו,,זיתים ירוקים עם סלמון 300 גר,גרמים,300.00,100 גרם,false,1,8.90,2.9667,true,1,128253
8410134119509,false,זיתים שחורים 350 גר,אנגל קמצ'ו אלימנטסיו,,זיתים שחורים 350 גר,גרמים,350.00,100 גרם,false,1,8.90,2.5429,true,1,129618
8410161511253,false,ברנדי דה חרז רומטה 7,רומטה,,"ברנדי דה חרז רומטה 700 מ""ל",מיליליטרים,700.00,"100 מ""ל",false,1,74.90,10.7000,true,1,130653
8410179002651,false,זיתים שחורים מגולעני,,,"זיתים שחורים בלי חרצנים 350 מ""ל",גרמים,314.00,100 גרם,false,1,9.90,3.1529,true,1,139275
8410179002767,false,זיתים ירוקים עם אנשו,,,זיתים ירוקים עם אנשובי 300 גר,מיליליטרים,300.00,"100 מ""ל",false,12,9.90,3.3000,true,1,123890
8410179002798,false,זיתים ירוקים ממולאים,,,זיתים ירוקים עם לימון 314 מל,גרמים,314.00,100 גרם,false,1,9.90,3.1529,true,1,161428
8410179002804,false,זיתים ירוקים ממולאים,,,זיתים ירוקים עם גבינה 300 גר,גרמים,314.00,100 גרם,false,1,9.90,3.1529,true,1,161427
8410179002828,false,זיתים ירוקים עם סלמו,,,זיתים ירוקים עם סלמון 300 גר,גרמים,300.00,100 גרם,false,12,9.90,3.3000,true,1,123891
8410179002873,false,זיתים ירוקים ממולאים,,,זיתים ירוקים ממולאים בשרימפס 300 גר,מיליליטרים,300.00,"100 מ""ל",false,12,9.90,3.3000,true,1,123893
8410179002880,false,זיתים ירוקים ממולאים,,,זיתים ירוקים ממולאים בלובסטר 300 גר,מיליליטרים,300.00,"100 מ""ל",false,12,9.90,3.3000,true,1,123894
8410261151625,false,יין סנגריה 1.5 ל,,,"יין ""סנגריה"" 1.5 ליט",מיליליטרים,1500.00,"100 מ""ל",false,1,22.90,1.5267,true,1,123899
8410300104612,false,קוביות למרק גלינה בל,,,"קוביות למרק ""גלינה בלנקה"" בטעם פטריות 8",Unknown,0.00,Unknown,false,1,12.90,0.0000,true,1,125834
8410300207665,false,קוביות למרק גלינה בל,,,"קוביות למרק ""גלינה בלנקה"" בטעם עוף 8 יח",Unknown,0.00,Unknown,false,1,12.90,0.0000,true,1,125836
8410300233954,false,מרק גלינה בלנקה להכנ,,,"מרק ""גלינה בלנקה"" להכנה מהירה בטעם עוף",גרמים,15.00,100 גרם,false,1,3.90,26.0000,true,1,123902
8410300233978,false,מרק גלינה בלנקה להכנ,,,"מרק ""גלינה בלנקה"" להכנה מהירה בטעם שמפני",גרמים,15.00,100 גרם,false,1,3.90,26.0000,true,1,123904
8410300233985,false,מרק גלינה בלנקה להכנ,,,"מרק ""גלינה בלנקה"" להכנה מהירה בטעם פטריו",גרמים,15.00,100 גרם,false,1,3.90,26.0000,true,1,123905
8410300233992,false,מרק פירה אפונה גלינה,,,"מרק ""גלינה בלנקה"" פירה להכנה מהירה בטעם",גרמים,17.00,100 גרם,false,1,3.90,22.9412,true,1,123906
8410300234005,false,מרק גלינה בלנקה להכנ,,,"מרק ""גלינה בלנקה"" להכנה מהירה בטעם בשר",גרמים,15.00,100 גרם,false,1,3.90,26.0000,true,1,123907
8410300238164,false,קוביות למרק גלינה בל,,,"קוביות למרק ""גלינה בלנקה"" בטעם עוף עם יר",Unknown,0.00,Unknown,false,1,12.90,0.0000,true,1,125835
8410300340232,false,קוביות למרק גלינה בל,,,"קוביות למרק ""גלינה בלנקה"" בטעם בקר על עצ",Unknown,0.00,Unknown,false,1,12.90,0.0000,true,1,125832
8410300351382,false,קוביות מרק עוף ללא מ,יורופוד,,קוביות מרק עוף ללא מלח 8 גר,גרמים,8.00,100 גרם,false,1,12.90,161.2500,true,1,133327
8410342004796,false,שוקולד מריר טוראס 85,,,שוקולד מריר טוראס 85% ללא סוכר 100 גר,גרמים,100.00,100 גרם,false,12,14.90,14.9000,true,1,152958
8410376006070,false,ביסקוויט גולון מריה,,,"ביסקוויט ""גולון"" מר""",גרמים,800.00,100 גרם,false,10,12.90,1.6125,true,1,158862
8410376009392,false,ביסקוויט חיטה מלאה ל,GULLON,,גולון ביסקוויט מחיטה,גרמים,170.00,100 גרם,false,1,10.90,6.4118,true,1,123915
8410376010701,false,ביסקוויט מריה ללא תו,GULLON,,גולון ביסקוויט מרי ל,גרמים,400.00,100 גרם,false,1,16.90,4.2250,true,1,123918
8410376013191,false,קרקר פיק קוקטייל גול,GULLON,,"קרקר פיק קוקטייל ""גו",גרמים,350.00,100 גרם,false,12,15.90,4.5429,true,1,123922
8410376014051,false,קרקר פיק מיניס גולון,GULLON,,קרקר פיק מיניס גולון 350 גר,גרמים,350.00,100 גרם,false,12,13.90,3.9714,true,1,155301
8410376014068,false,קרקר פיק דגים גולון,GULLON,,קרקר פיק דגים גולון 350 גר,גרמים,350.00,100 גרם,false,12,13.90,3.9714,true,1,155302
8410376016789,false,ביסקוויט גולון חיטה,,,ביסקוויט גולון חיטה מלאה 400 גר,גרמים,400.00,100 גרם,false,20,12.90,3.2250,true,1,146569
8410376023831,false,גולן ביסקוויט מחיטה,GULLON,,גולן ביסקוויט מחיטה,גרמים,400.00,100 גרם,false,1,15.90,3.9750,true,1,123928
8410376031898,false,עוגיות גולון טווינס,,,עוגיות גולון טווינס קרם 176 גר,גרמים,176.00,100 גרם,false,1,5.90,3.3523,true,1,159539
8410376032581,false,עוגיות גולון באטר פל,GULLON,,עוגיות גולון באטרפליי 495 גר,גרמים,495.00,100 גרם,false,10,10.90,2.2020,true,1,155756
8410376036862,false,עוגיות גולון מגה סנד,GULLON,,גולון מגה דואו וניל 500 גר,גרמים,500.00,100 גרם,false,20,10.90,2.1800,true,1,153156
8410376042481,false,ביסקוויט קרם יוגורט,GULLON,,ביסקוויט גולון קרם יוגורט ללא סוכר,גרמים,220.00,100 גרם,false,1,14.90,6.7727,true,1,130910
8410376044393,false,עוגיות שוקולד גולון,,,עוגיות שוקולד גולון ללא סוכר 210 גר,גרמים,210.00,100 גרם,false,10,18.90,9.0000,true,1,146566
8410376052633,false,עוגיות שוקוציפס ללא,VIRGINIAS INDUSTRIAS,,עוגיות שוקוציפס ללא תוספת סוכר גולון 150,גרמים,150.00,100 גרם,false,12,12.90,8.6000,true,1,157768
8410376057270,false,ביסקוויט גולון ללא ס,,,ביסקוויט גולון ללא סוכר שוקולד מריר 150,גרמים,150.00,100 גרם,false,1,16.90,11.2667,true,1,156663
8410376059380,false,גולון וופל וניל ללא,,,גולון וופל וניל ללא תוספת סוכר 180 גר,גרמים,180.00,100 גרם,false,12,16.90,9.3889,true,1,161246
8410441231000,false,יין פאוסטינו לבן 750,,,"יין פאוסטינו לבן 750 מ""ל",מיליליטרים,750.00,"100 מ""ל",false,1,49.90,6.6533,true,1,135604
8410655000423,false,רביעיית בירה סאן מיג,,,רביעיית בירה סאן מיגל פילסנר 330 מל,מיליליטרים,1320.00,"100 מ""ל",false,1,24.90,1.8864,true,1,129604
8410702004312,false,יין ויניה לאנזאר אדו,ספרד פליקס סוליס,,"יין ""וינייה לאנזר"" ק",ליטרים,1.00,ליטר,false,1,24.90,24.9000,true,1,123932
8410702004329,false,יין ויניה לאנזאר לבן,ספרד פליקס סוליס,,"יין ""וינייה לאנזר"" ק",ליטרים,1.00,ליטר,false,1,24.90,24.9000,true,1,123933
8410707001255,false,נקטר פירות אדומים לל,,,נקטר פירות אדומים ללא תוספת סוכר 1 ל,ליטרים,1.00,ליטר,false,1,9.90,9.9000,true,1,171054
8410707001286,false,נקטר מנגו ללא תוספת,,,נקטר מנגו ללא תוספת סוכר 1 ל,ליטרים,1.00,ליטר,false,1,9.90,9.9000,true,1,171055
8410793262936,false,בירה דאורה דאם ללא ג,דאם,,"בירה דאם דאורה ללא גלוטן 330 מ""ל",מיליליטרים,330.00,"100 מ""ל",false,1,10.90,3.3030,true,1,130891
8411514802608,false,חול לחתולים סניקאט 4,טולסה,,חול לחתולים סניקאט 4 ל,ליטרים,4.00,ליטר,false,1,21.90,5.4750,true,1,144823
8413376022965,false,גבינת עיזים פאסטור 2,,,גבינת עיזים פאסטור 29% 110 גר,גרמים,110.00,100 גרם,false,1,14.90,13.5455,true,1,139219
8413376024839,false,גבינת עיזים פאסטור ע,,,גבינת עיזים פאסטור עם עשבי תיבול 29%,גרמים,110.00,100 גרם,false,1,14.90,13.5455,true,1,139220
8413664511447,false,פאפאס ארגנטה ברוסקטה,,,פאפאס ארגנטה ברוסקטה שום ופטרוזיליה,גרמים,150.00,100 גרם,false,12,10.90,7.2667,true,1,161971
8413664811844,false,פאפאס ארגנטה ציפס עם,,,פאפאס ארגנטה ציפס עם שמן זית 160 גר,גרמים,160.00,100 גרם,false,12,19.90,12.4375,true,1,161975
8413664811905,false,פאפאס ארגנטה ציפס עם,,,פאפאס ארגנטה ציפס עם שמן זית קינואה מלח,גרמים,150.00,100 גרם,false,12,17.90,11.9333,true,1,161976
8420822130600,false,מסיר שומנים סופר 750,,,מסיר שומנים סופר 750 מל,מיליליטרים,750.00,"100 מ""ל",false,1,15.90,2.1200,true,1,168528
8423207206488,false,חטיף מרבה סלים דליס,Biocentury,,חטיף מרבה סלים דליס שוקולד חלב,גרמים,120.00,100 גרם,false,1,11.90,9.9167,true,1,129151
8423207206501,false,חטיף מרבה סלים דליס,Biocentury,,חטיף מרבה סלים דליס חצי מצופה,גרמים,78.00,100 גרם,false,1,11.90,15.2564,true,1,129153
8423207207362,false,חטיף מרבה סלים דליס,Biocentury,,חטיף מרבה סלים דליס,גרמים,120.00,100 גרם,false,1,11.90,9.9167,true,1,129157
8423207208680,false,חטיף מרבה סלים דליס,Biocentury,,חטיף מרבה סלים דליס לילדים עם שוקולד חלב,גרמים,120.00,100 גרם,false,1,11.90,9.9167,true,1,132097
8423207210287,false,חטיף סלים דליס מצופה,,,חטיף סלים דליס מצופה שוקולד לבן בטעם יוג,גרמים,120.00,100 גרם,false,16,11.90,9.9167,true,1,144707
8423207210928,false,חטיף סלים דליס טופינ,מרבה,ES,חטיף סלים דליס טופינג אגוזי לוז 90 גר,גרמים,90.00,100 גרם,false,16,11.90,13.2222,true,1,158899
8423453905739,false,בירה ווילדר לאגר בק,ווילדר,ES,"בירה ווילדר לאגר בק 330 מ""ל שישייה",מיליליטרים,1980.00,"100 מ""ל",false,4,34.90,1.7626,true,1,148863
8436024290097,false,זיתים עם סלמון 300 ג,,,זיתים עם סלמון 300 גרם,גרמים,300.00,100 גרם,false,12,10.90,3.6333,true,1,167670
8437000906209,false,טורטייה קמח חיטה 320,Azteca foods europe,,טורטייה קמח חיטה 320 גר,גרמים,320.00,100 גרם,false,1,6.90,2.1563,true,1,123943
8437008915456,false,עלי טורטיה 5 דגנים 8,יכין,,עלי טורטיה 5 דגנים 8 יח,גרמים,320.00,100 גרם,false,1,6.90,2.1563,true,1,141134
8593868000302,false,בירה סטארופרמן פרמיו,,,בירה סטרופראמן בקבוק,מיליליטרים,500.00,"100 מ""ל",false,1,10.90,2.1800,true,1,123948
8593868002368,false,בירה סטארופראמן אנפי,,,בירה סטארופראמן אנפילטר בק 500 מל,מיליליטרים,500.00,"100 מ""ל",false,1,10.90,2.1800,true,1,156816
8594009923429,false,בירה קרושוביצה בהירה,,,"בירה קרושוביצה בהירה פח 500 מ""ל",מיליליטרים,500.00,"100 מ""ל",false,1,9.90,1.9800,true,1,123953
8594053490212,false,בירה בקלר מדובי בהיר,,,"בירה בקלר מדובי בהירה 500 מ""ל",מיליליטרים,500.00,"100 מ""ל",false,1,10.90,2.1800,true,1,141453
8594053490403,false,בירה בקלר זה סטודני,,,"בירה בקלר זה סטודני חמלני בהירה 500 מ""ל",מיליליטרים,500.00,"100 מ""ל",false,1,10.90,2.1800,true,1,141452
8594053490441,false,בירה צרנובר בהיר 500,טרדיצ'ני פיבובר ורקו,,"בירה ""צ""רנובר"" בהיר 500 מל",מיליליטרים,500.00,"100 מ""ל",false,1,10.90,2.1800,true,1,126758
8594053490458,false,בירה צרנובר כהה 500,טרדיצ'ני פיבובר ורקו,,"בירה ""צ""רנובר"" כהה 500 מל",מיליליטרים,500.00,"100 מ""ל",false,1,10.90,2.1800,true,1,126759
8594053490465,false,בירה פראזצקה בהירה מ,,,"בירה פראזצקה בהירה מפוסטר 500 מ""ל",מיליליטרים,500.00,"100 מ""ל",false,1,10.90,2.1800,true,1,141454
8594071650292,false,עוגיות דבש מרלנקה 23,Marlenka,,עוגיות דבש מרלנקה 235 גר,גרמים,235.00,100 גרם,false,1,34.90,14.8511,true,1,128151
8594071650308,false,עוגיות דבש מרלנקה בט,Marlenka,,עוגיות דבש מרלנקה בטעם קקאו 235 גר,גרמים,235.00,100 גרם,false,1,34.90,14.8511,true,1,128153
8594071650452,false,עוגת דבש מרלנקה בטעם,Marlenka,,עוגת דבש מרלנקה בטעם לימון 800 גר,גרמים,800.00,100 גרם,false,1,74.90,9.3625,true,1,128149
8594071650483,false,עוגיות דבש מרלנקה בט,Marlenka,,עוגיות דבש מרלנקה בטעם לימון 235 גר,גרמים,235.00,100 גרם,false,1,34.90,14.8511,true,1,128152
8594071650858,false,רולדה מרלנקה עם אוכמ,,,רולדה מרלנקה עם אוכמניות 300 גר,גרמים,300.00,100 גרם,false,1,36.90,12.3000,true,1,131792
8594071650865,false,רולדה מרלנקה עם פטל,,,רולדה מרלנקה עם פטל 300 גר,גרמים,300.00,100 גרם,false,1,36.90,12.3000,true,1,131793
8594071651381,false,עוגת נפוליאון קקאו מ,Marlenka,,עוגת נפוליאון קקאו מרלנקה,גרמים,300.00,100 גרם,false,1,34.90,11.6333,true,1,152344
8594071651435,false,עוגיות דבש קינמון 23,,,עוגיות דבש קינמון 235 גר,גרמים,235.00,100 גרם,false,1,34.90,14.8511,true,1,165728
8594071651459,false,עוגת דבש בטעם קינמון,,,עוגת דבש בטעם קינמון 800 גר,גרמים,800.00,100 גרם,false,1,74.90,9.3625,true,1,165727
8594071651749,false,עוגיות אישיות בטעם מ,Marlenka,,עוגיות אישיות בטעם משמש 235 גר,גרמים,235.00,100 גרם,false,1,34.90,14.8511,true,1,158301
8594200060015,false,בירה צסקה פינטה 568,,,בירה צסקה פינטה 568 מל,מיליליטרים,568.00,"100 מ""ל",false,1,8.90,1.5669,true,1,171704
8594405105429,false,ליקר בחרובקה 700 מל,,,"ליקר בחרובקה 700 מ""ל",מיליליטרים,700.00,"100 מ""ל",false,1,99.90,14.2714,true,1,132370
8606018615865,false,גלידה פיינט מילקה קר,,,גלידה פיינט מילקה קרמל שוקולד 480 מל,מיליליטרים,480.00,"100 מ""ל",false,1,17.90,3.7292,true,1,169228
8606109023593,false,מיץ פרוויטה תפוע ואג,,,"מיץ פרוויטה תפו""ע ואגס 750 מל",מיליליטרים,750.00,"100 מ""ל",false,1,10.90,1.4533,true,1,158632
8606109023609,false,מיץ פרוויטה תפוע ודו,,,"מיץ פרוויטה תפו""ע ודובדבן חמוץ 750 מל",מיליליטרים,750.00,"100 מ""ל",false,1,10.90,1.4533,true,1,158633
8606109023623,false,מיץ פרוויטה תפוע ולי,,,"מיץ פרוויטה תפו""ע ולימון ליים 750 מל",מיליליטרים,750.00,"100 מ""ל",false,1,10.90,1.4533,true,1,158635
8606109023715,false,מיץ פרוויטה תפוע ואפ,,,"מיץ פרוויטה תפו""ע ואפרסק 750 מל",מיליליטרים,750.00,"100 מ""ל",false,1,10.90,1.4533,true,1,160690
8606109023722,false,מיץ פרוויטה תפוע ומש,,,"מיץ פרוויטה תפו""ע ומשמש 750 מל",מיליליטרים,750.00,"100 מ""ל",false,1,10.90,1.4533,true,1,160689
8680202110824,false,שמרים נמסים בוואקום,,,שמרים נמסים בוואקום,גרמים,125.00,100 גרם,false,1,5.90,4.7200,true,1,126774
8680395195837,false,ביסקוויט פתי בר אלוו,,,ביסקוויט פתי בר אלוויאן 500 גר,גרמים,500.00,100 גרם,false,1,9.90,1.9800,true,1,170807
8681823380054,false,כוסות לשתיה חמה 50 י,,,כוסות לשתיה חמה 50 יח,Unknown,0.00,Unknown,false,1,9.90,0.0000,true,1,151136
8683130008355,false,מיונז הלמנס שום לחיץ,יוניליוור,TR,מיונז הלמנס שום לחיץ 400 גר,גרמים,400.00,100 גרם,false,8,12.90,3.2250,true,1,166374
8683130008935,false,קטשיונז הלמנס 425 גר,יוניליוור,TR,קטשיונז הלמנס 425 גר,גרמים,425.00,100 גרם,false,8,12.90,3.0353,true,1,169044
8683130012666,false,גלידת מגנום דאבל לבן,,TR,גלידת מגנום דאבל לבן עוגיות,גרמים,74.00,100 גרם,false,20,9.90,13.3784,true,1,169944
8690504081913,false,עוגיות מקוויטיס טינס,,,עוגיות מקוויטיס טינס מצופה שוקולד חלב,גרמים,150.00,100 גרם,false,1,9.90,6.6000,true,1,142007
8690504081920,false,עוגיות מקוויטיס טינס,,,עוגיות מקוויטיס טינס מצופה שוקולד מריר,גרמים,150.00,100 גרם,false,1,9.90,6.6000,true,1,142006
8690504081937,false,עוגיות מקוויטיס טינס,,,עוגיות מקוויטיס טינס שוקולד חלב וקפוצינו,גרמים,150.00,100 גרם,false,1,9.90,6.6000,true,1,142008
8690530274471,false,נייר טואלט סלפאק דו,,,נייר טואלט סלפאק דו שכבתי 32 גל 100%,Unknown,0.00,Unknown,false,1,34.90,0.0000,true,1,143820
8690530284463,false,נייר טואלט סלפאק 3 ש,,,נייר טואלט סלפאק 3 שכבות 32 גלילים,Unknown,0.00,Unknown,false,1,44.90,0.0000,true,1,145099
8690531018715,false,מלפפונים כבושים במי,BAAECO,,מלפפונים כבושים במי מלח 680 גר,גרמים,680.00,100 גרם,false,1,9.90,1.4559,true,1,153522
8690558010006,false,נקטר דובדבן דימס 1 ל,,,נקטר דובדבן 1 ליטר,ליטרים,1.00,ליטר,false,1,8.90,8.9000,true,1,149718
8690558010020,false,נקטר אפרסק דימס 1 ל,,,נקטר אפרסק 1 ליטר,ליטרים,1.00,ליטר,false,12,8.90,8.9000,true,1,149719
8690558010037,false,מיץ תפוחים 100% דימס,,,מיץ תפוחים 1 ליטר,ליטרים,1.00,ליטר,false,1,8.90,8.9000,true,1,149725
8690558010044,false,נקטר תפוזים 40% דימס,,,נקטר תפוזים 1 ליטר,ליטרים,1.00,ליטר,false,1,8.90,8.9000,true,1,149720
8690558020036,false,נקטר רימונים דימס 1,,,נקטר רימונים 1 ליטר,ליטרים,1.00,ליטר,false,1,8.90,8.9000,true,1,149726
8690558020210,false,משקה פירות אדומים פר,,,נקטר מיקס אדום 1 ליט,ליטרים,1.00,ליטר,false,12,8.90,8.9000,true,1,149722
8690558021811,false,משקה בטעם מנגו דימס,,,משקה מנגו דימס 1 ל,ליטרים,1.00,ליטר,false,12,8.90,8.9000,true,1,149727
8690637073434,false,תה ליפטון ארל גריי 2,,,"תה ""ליפטון"" ארל גריי",גרמים,200.00,100 גרם,false,1,21.90,10.9500,true,1,123974
8690637503856,false,ממרח הלמנס בק לחיץ 3,יוניליוור,TR,ממרח הלמנס בק לחיץ 355 גר,גרמים,355.00,100 גרם,false,8,12.90,3.6338,true,1,161564
8690637505614,false,מרכך כביסה בדין אקסט,יונילוור - תורכיה,,מרכך כביסה בדין אקסטרה פינוק קוקוס 960 מ,מיליליטרים,960.00,"100 מ""ל",false,16,14.90,1.5521,true,1,165258
8690637555084,false,מרכך כביסה בדין אקסט,יונילוור - תורכיה,,"מרכך כביסה ""בדין"" אקסטרה תפוז 960מל",מיליליטרים,960.00,"100 מ""ל",false,1,14.90,1.5521,true,1,123979
8690637704277,false,שמפו דאב יום יומי 2,יונילוור - תורכיה,,שמפו דאב יום יומי 2 ב-1 600מל,מיליליטרים,600.00,"100 מ""ל",false,1,15.90,2.6500,true,1,129447
8690637704376,false,שמפו דאב יום יומי 60,יונילוור - תורכיה,,שמפו דאב יום יומי 600מל,מיליליטרים,600.00,"100 מ""ל",false,1,15.90,2.6500,true,1,128924
8690637704390,false,מרכך דאב יום יומי 60,יונילוור - תורכיה,,מרכך דאב יום יומי 600מל,מיליליטרים,600.00,"100 מ""ל",false,1,15.90,2.6500,true,1,128925
8690637842382,false,גלידת מגנום דאבל פרי,,,גלידת מגנום דאבל פרי יער,Unknown,0.00,Unknown,false,1,9.90,0.0000,true,1,141447
8690637842399,false,מיני מגנום דאבל פרי,,,שלגון שמנת בטעם וניל מצופה עם פירות יער,גרמים,379.00,100 גרם,false,1,27.90,7.3615,true,1,141331
8690637858741,false,גל אקונומיקה סיף רוח,יוניליוור,,"גל אקונומיקה סיף רוח ים 750 מ""ל",מיליליטרים,750.00,"100 מ""ל",false,1,10.90,1.4533,true,1,143556
8690637866654,false,תה ירוק ליפטון קלאסי,,,תה ירוק ויסוצקי קלאסי 50 יח,Unknown,0.00,Unknown,false,1,24.90,0.0000,true,1,147581
8690637871245,false,מיונז הלמנס אמיתי לח,יוניליוור,TR,מיונז הלמנס אמיתי לחיץ 395 גר,גרמים,395.00,100 גרם,false,8,12.90,3.2658,true,1,150443
8690637890666,false,מאגדת מגנום דאבל פיס,,,מאגדת מגנום דאבל פיסטוק 282 גר,גרמים,282.00,100 גרם,false,4,27.90,9.8936,true,1,150145
8690637946301,false,מרכך כביסה בדין אקסט,יונילוור - תורכיה,TR,מרכך כביסה בדין אקסטרה בייבי כחל 960 מל,מיליליטרים,960.00,"100 מ""ל",false,16,14.90,1.5521,true,1,157189
8690637976995,false,מרכך כביסה בדין אקסט,יונילוור - תורכיה,TR,מרכך כביסה בדין אקסטרה ורוד 960 מל,מיליליטרים,960.00,"100 מ""ל",false,16,14.90,1.5521,true,1,159527
8690637989612,false,מאגדת מיני מגנום דאב,,TR,מאגדת מיני מגנום דאבל דולצה גולד 246 גר,גרמים,246.00,100 גרם,false,4,27.90,11.3415,true,1,163041
8690637989629,false,גלידת מגנום דאבל דול,,TR,גלידת מגנום דאבל דולצה גולד אימפלס,גרמים,63.00,100 גרם,false,20,9.90,15.7143,true,1,163043
8690757002475,false,נוזל להברקת נעליים ג,סילבר,,נוזל להברקת נעליים גדול,יחידה,1.00,יחידה,false,1,7.90,7.9000,true,1,128587
8690757002819,false,תרסיס מונע ריח לנעלי,,,"תרסיס מונע ריח לנעליים סילבר 100 מ""ל",מיליליטרים,100.00,"100 מ""ל",false,1,24.90,24.9000,true,1,155703
8690758961023,false,צמר גפן מסיר איפור ש,,,צמר גפן מסיר איפור שלישייה אסותא 300 יח,Unknown,0.00,Unknown,false,8,19.90,0.0000,true,1,167716
8690766156367,false,שוקולד גודיבה חלב מע,,,שוקולד גודיבה חלב מעולה 90 גר,גרמים,90.00,100 גרם,false,1,14.90,16.5556,true,1,155171
8690766156374,false,שוקולד גודיבה מריר מ,,,שוקולד גודיבה מריר מעולה 72% 90 גר,גרמים,90.00,100 גרם,false,1,14.90,16.5556,true,1,155173
8690766156381,false,שוקולד גודיבה מריר מ,,,שוקולד גודיבה מריר מעולה 90% 90 גר,גרמים,90.00,100 גרם,false,1,14.90,16.5556,true,1,155174
8690766156411,false,שוקולד גודיבה מריר מ,,,שוקולד גודיבה מריר מעולה בטעם פלפל תות,גרמים,90.00,100 גרם,false,1,14.90,16.5556,true,1,155175
8690777203012,false,פלפל ירוק כבוש ללא ח,קורהאן,,פלפל ירוק כבוש ללא ח,גרמים,600.00,100 גרם,false,1,10.90,1.8167,true,1,123984
8690792016512,false,ריבת פטל שחור 700 גר,,,ריבת פטל שחור 700 גר,גרמים,700.00,100 גרם,false,1,19.90,2.8429,true,1,171292
8690792027785,false,ריבת דובדבן 700 גר,,,ריבת דובדבן 700 גר,גרמים,700.00,100 גרם,false,1,19.90,2.8429,true,1,171296
8690792027808,false,ריבת משמש 700 גר,,,ריבת משמש 700 גר,גרמים,700.00,100 גרם,false,1,19.90,2.8429,true,1,171293
8690792033779,false,ריבת אבטיח 700 גר,,,ריבת אבטיח 700 גר,גרמים,700.00,100 גרם,false,1,19.90,2.8429,true,1,171297
8690799020192,false,ממתק צורקחלה 80 גר,בוזטופרק גידה סאנאי,,ממתק צורקחלה 80 גר,גרמים,80.00,100 גרם,false,1,6.90,8.6250,true,1,130738
8690799021595,false,ריבת תות 1 קג,בוזטופרק גידה סאנאי,,"ריבת תות 1 ק""ג",קילוגרמים,1.00,"ק""ג",false,1,22.90,22.9000,true,1,125367
8690799021618,false,ריבת דובדבן 1 קג,בוזטופרק גידה סאנאי,,"ריבת דובדבן 1 ק""ג",קילוגרמים,1.00,"ק""ג",false,1,22.90,22.9000,true,1,125364
8690799021625,false,ריבת פירות יער 1 קג,בוזטופרק גידה סאנאי,,"ריבת פירות יער 1 ק""ג",קילוגרמים,1.00,"ק""ג",false,1,22.90,22.9000,true,1,125365
8690799022875,false,ריבת שזיפים 1 קג,בוזטופרק גידה סאנאי,,"ריבת שזיפים 1 ק""ג",קילוגרמים,1.00,"ק""ג",false,6,22.90,22.9000,true,1,151551
8690799023018,false,ריבת דובדבנים לבנים,בוזטופרק גידה סאנאי,,ריבת דובדבנים לבנים 1 קג,קילוגרמים,1.00,"ק""ג",false,6,22.90,22.9000,true,1,159799
8690799023216,false,ריבת תות שדה ודובדבן,,,ריבת תות שדה ודובדבן,Unknown,0.00,Unknown,false,1,22.90,0.0000,true,1,171129
8691058141238,false,ערמונים אבאל שלמים ק,,,ערמונים אבאל שלמים קלויים וקלופים 100 גר,גרמים,100.00,100 גרם,false,1,4.90,4.9000,true,1,140328
8691707036014,false,ממתק אוזמו ביצת הפתע,,,ממתק אוזמו ביצת הפתעה 20 גר,גרמים,20.00,100 גרם,false,1,4.90,24.5000,true,1,172824
8691707066035,false,ממתק אוזמו בורגר 40,,,ממתק אוזמו בורגר 40 גר,גרמים,40.00,100 גרם,false,1,3.90,9.7500,true,1,172818
8691707088006,false,ממתק אוזמו גו 30 גר,,,ממתק אוזמו גו 30 גר,גרמים,30.00,100 גרם,false,1,4.90,16.3333,true,1,172825
8691707140117,false,ממתק אוזמו הוקסי פוק,,,ממתק אוזמו הוקסי פוקסי 36 גר,גרמים,36.00,100 גרם,false,1,3.90,10.8333,true,1,172821
8691707190495,false,ממתק אוזמו ספייס פתי,,,ממתק אוזמו ספייס פתיתים 325 גר,גרמים,325.00,100 גרם,false,1,9.90,3.0462,true,1,172828
8691707590042,false,ממתק אוזמו טילון 3+1,,,ממתק אוזמו טילון 3+1 100 גר,גרמים,100.00,100 גרם,false,1,6.90,6.9000,true,1,172829
8693495051255,false,מברשות שיניים קולגיי,,,זוג מברשות שיניים קולגייט סלים סופט זהב,Unknown,0.00,Unknown,false,1,29.90,0.0000,true,1,138337
8693495052931,false,מברשות שיניים קולגיי,קולגייט פלמוליב,CN,זוג מברשות שיניים קולגייט 360 אדוונס,Unknown,0.00,Unknown,false,12,29.90,0.0000,true,1,151398
8693495054034,false,פלמוליב גל רחצה לומי,,TR,פלמוליב גל רחצה לומינוס אבוקדו 750 מל,מיליליטרים,750.00,"100 מ""ל",false,12,18.90,2.5200,true,1,167666
8693495054058,false,סבון נוזלי פלמוליב ל,,TR,סבון נוזלי פלמוליב לומינוס מקדמיה 750 מל,מיליליטרים,750.00,"100 מ""ל",false,12,18.90,2.5200,true,1,167667
8693638984730,false,קונפיטורה משמש 1 קג,,,קונפיטורה משמש 1 קג,קילוגרמים,1.00,"ק""ג",false,1,19.90,19.9000,true,1,163486
8693638984754,false,קונפיטורה דובדבנים 1,,,קונפיטורה דובדבנים 1 קג,קילוגרמים,1.00,"ק""ג",false,1,19.90,19.9000,true,1,163485
8694732009275,false,סבון לאסלה אסותא בני,,,סבון לאסלה אסותא בניחוח לימון שלישייה,Unknown,0.00,Unknown,false,1,9.90,0.0000,true,1,155775
8694732009381,false,סבון לאסלה אסותא בני,,,סבון לאסלה אסותא בניחוח אורנים שלישייה,Unknown,0.00,Unknown,false,1,9.90,0.0000,true,1,155776
8694732009398,false,סבון לאסלה אסותא בני,,,סבון לאסלה אסותא בניחוח לבנדר שלישייה,Unknown,0.00,Unknown,false,1,9.90,0.0000,true,1,155777
8697040108975,false,סבון נוזלי אסותא להי,,,"סבון נוזלי אסותא להיגיינה אישית 400 מ""ל",מיליליטרים,400.00,"100 מ""ל",false,1,21.90,5.4750,true,1,133276
8697040109323,false,סבון אסותא 100 גר,אטש סונמז,,סבון אסוטא 100 גר,גרמים,100.00,100 גרם,false,1,5.90,5.9000,true,1,130690
8697040109859,false,אסותא סבון נוזלי משא,,,אסותא סבון נוזלי 1 ל משאבה סגול,ליטרים,1.00,ליטר,false,12,9.90,9.9000,true,1,160516
8697040109866,false,אסותא סבון נוזלי משא,,,אסותא סבון נוזלי 1 ל משאבה ירוק,ליטרים,1.00,ליטר,false,12,9.90,9.9000,true,1,160517
8697040109873,false,אסותא סבון נוזלי משא,,,אסותא סבון נוזלי 1 ל משאבה כחול,ליטרים,1.00,ליטר,false,12,9.90,9.9000,true,1,160518
8697040109903,false,אסותא גל רחצה אלוורה,,,אסותא גל רחצה אלוורה 700 מל,מיליליטרים,700.00,"100 מ""ל",false,12,10.90,1.5571,true,1,160521
8697040109996,false,שמפו אלוורה אסותא 70,,,שמפו אלוורה אסותא 700 מל,מיליליטרים,700.00,"100 מ""ל",false,1,10.90,1.5571,true,1,165782
8697040110039,false,גל רחצה גבר מנטה אסו,,,גל רחצה גבר מנטה אסותא 700 מל,מיליליטרים,700.00,"100 מ""ל",false,1,10.90,1.5571,true,1,165774
8697040110077,false,מרכך לשיער רגיל אסות,,,מרכך לשיער רגיל אסותא 700 מל,מיליליטרים,700.00,"100 מ""ל",false,1,10.90,1.5571,true,1,165784
8697406274702,false,עגבניות מרוסקות פאסט,חטיפים מן הטבע,,עגבניות מרוסקות פאסטה 700 גר,גרמים,700.00,100 גרם,false,1,8.90,1.2714,true,1,171878
8697431460064,false,קונפיטורת משמש 70% 4,Barhan gida sanayi v,,קונפיטורת משמש 70%,גרמים,450.00,100 גרם,false,1,12.90,2.8667,true,1,124765
8697431460217,false,קונפיטורת תפוזים 70%,Barhan gida sanayi v,,קונפיטורת תפוזים 70%,גרמים,450.00,100 גרם,false,1,12.90,2.8667,true,1,124766
8697431460378,false,קונפיטורה שזיפים 70%,Barhan gida sanayi v,,קונפיטורה שזיפים 70%,גרמים,450.00,100 גרם,false,1,12.90,2.8667,true,1,124769
8697431921701,false,קונפיטורה תות שדה פר,Barhan gida sanayi v,,קונפיטורה תות70%,גרמים,450.00,100 גרם,false,1,12.90,2.8667,true,1,128363
8697431921718,false,קונפיטורה דובדבן 70%,Barhan gida sanayi v,,קונפיטורה דובדבן70%,גרמים,450.00,100 גרם,false,1,12.90,2.8667,true,1,128360
8697431925143,false,קונפיטורה פירות יער,Barhan gida sanayi v,,קונפיטורה פירות יער 450 גר,גרמים,450.00,100 גרם,false,1,12.90,2.8667,true,1,128411
8697437855802,false,מארז כפיות שוקולד לב,,,מארז כפיות שוקולד לבן קרמל 54 גר,גרמים,54.00,100 גרם,false,1,12.90,23.8889,true,1,172777
8697530910743,false,פאל מאל כחול,,,פאל מאל כחול,Unknown,0.00,Unknown,false,1,30.00,0.0000,false,1,124772
8697530910750,false,פאל מאל כחול ארוך,,,פאל מאל כחול ארוך,Unknown,0.00,Unknown,false,1,30.00,0.0000,false,1,124773
8697530910781,false,פאל מאל אדום,,,פאל מאל אדום,Unknown,0.00,Unknown,false,1,30.00,0.0000,false,1,124776
8697659225179,false,מטהר אוויר עלי נענע,ATAK,,"מטהר אוויר עלי נענע פירות יער 250 מ""ל",מיליליטרים,250.00,"100 מ""ל",false,1,12.90,5.1600,true,1,137146
8697659225186,false,מטהר אוויר יעקובי מש,ATAK,,"מטהר אוויר יעקובי משב הכותנה 250 מ""ל",מיליליטרים,250.00,"100 מ""ל",false,1,12.90,5.1600,true,1,137144
8697659229825,false,מטהר אוויר יעקובי פר,ATAK,,מטהר אוויר יעקובי פרש מור וניל וסחלב 250,מיליליטרים,250.00,"100 מ""ל",false,1,12.90,5.1600,true,1,144452
8697659238100,false,מטהר אוויר יעקובי פר,,,מטהר אוויר יעקובי פרש מור הכוכב הסגול,מיליליטרים,400.00,"100 מ""ל",false,1,16.90,4.2250,true,1,154647
8697659238117,false,מטהר אוויר יעקובי פר,,,מטהר אוויר יעקובי פרש מור הכוכב הצהוב,מיליליטרים,400.00,"100 מ""ל",false,1,16.90,4.2250,true,1,154648
8697659238124,false,מטהר אוויר יעקובי פר,,,מטהר אוויר יעקובי פרש מור הכוכב האדום,מיליליטרים,400.00,"100 מ""ל",false,1,19.90,4.9750,true,1,154649
8697659244408,false,מילוי מטהר אוויר בני,,,מילוי מטהר אוויר בניחוח יסמין אסותא,Unknown,0.00,Unknown,false,1,8.90,0.0000,true,1,165791
8697659244422,false,מילוי מטהר אוויר בני,,,מילוי מטהר אוויר בניחוח עוד אסותא,Unknown,0.00,Unknown,false,1,8.90,0.0000,true,1,165793
8697659244446,false,מילוי מטהר אוויר בני,,,מילוי מטהר אוויר בניחוח לבנדר אסותא,Unknown,0.00,Unknown,false,1,8.90,0.0000,true,1,165795
8697659244453,false,מילוי מטהר אוויר אנט,,,מילוי מטהר אוויר אנטי טבק אסותא,Unknown,0.00,Unknown,false,1,8.90,0.0000,true,1,165796
8697659244491,false,ספריי מטהר אוויר בני,,,ספריי מטהר אוויר בניחוח העוד אסותא 300 מ,מיליליטרים,300.00,"100 מ""ל",false,1,9.90,3.3000,true,1,165799
8697659244521,false,ספריי מטהר אוויר בני,,,ספריי מטהר אוויר בניחוח לבנדר אסותא 300,מיליליטרים,300.00,"100 מ""ל",false,1,9.90,3.3000,true,1,165802
8698313521538,false,גלידת שמנת בין שכבות,,,גלידת שמנת בין שכבות ביסקוויט 99 גר,גרמים,99.00,100 גרם,false,1,9.90,10.0000,true,1,169956
8698313596659,false,גלידה שמנת בטעם פיסט,,,גלידה שמנת בטעם פיסטוק 500 מל,מיליליטרים,500.00,"100 מ""ל",false,1,26.90,5.3800,true,1,158588
8698313596666,false,גלידת שמנת עם חתיכות,,,גלידת שמנת עם חתיכות פיסטוק 555 גר,גרמים,555.00,100 גרם,false,1,35.90,6.4685,true,1,169954
8699141054595,false,אוזמו האפי 37.5 גר,,,אוזמו האפי 37.5 גר,גרמים,38.00,100 גרם,false,1,1.90,5.0000,true,1,172840
8699141057138,false,ממתק אוזמו הופו 90 ג,,,ממתק אוזמו הופו 90 גר,גרמים,90.00,100 גרם,false,1,6.90,7.6667,true,1,172826
8699141058098,false,אוזמו אוגובוגו 30 גר,,,אוזמו אוגובוגו 30 גר,גרמים,30.00,100 גרם,false,1,1.90,6.3333,true,1,172839
8699141157104,false,ממתק אוזמו הופו 40 ג,,,ממתק אוזמו הופו 40 גר,גרמים,40.00,100 גרם,false,1,3.90,9.7500,true,1,172820
8699141158095,false,ממתק אוזמו אוגובוגו,,,ממתק אוזמו אוגובוגו 24 יח 30 גר,גרמים,720.00,100 גרם,false,1,24.90,3.4583,true,1,172834
8710243961533,true,חטיף אולד אמסטרדם לב,,,חטיף אולד אמסטרדם לבן בשקית 90 גר,גרמים,90.00,100 גרם,false,,25.90,28.7778,true,1,161647
8710243962400,true,גבינת קרם אולד אמסטר,,,קרם אולד אמסטרדם אפור 125 גר,גרמים,125.00,100 גרם,false,,23.90,19.1200,true,1,161648
8710418111213,false,עוגיות טעם חמאה ספרי,CONTINENTAL BAKERIES,,עוגיות טעם חמאה ספריטס 400 גר,גרמים,400.00,100 גרם,false,1,9.90,2.4750,true,1,124786
8710447224342,false,שמפו טרזמה קרטין 400,יוניליוור,PL,"שמפו טרזמה קרטין 400 מ""ל",מיליליטרים,400.00,"100 מ""ל",false,1,15.90,3.9750,true,1,148734
8710448580089,false,מיונז לחיץ רמייה 500,,,"מיונז לחיץ רמייה 500 מ""ל",מיליליטרים,500.00,"100 מ""ל",false,1,12.90,2.5800,true,1,155678
8710448588740,false,רוטב חרדל דבש רמייה,וואן האוטן,,"רוטב חרדל דבש רמייה 500 מ""ל",מיליליטרים,500.00,"100 מ""ל",false,1,12.90,2.5800,true,1,155691
8710502100864,false,עוגיות מרבה פטיסרי מ,,GR,עוגיות מרבה פטיסרי מאפין רכות 210 גר,גרמים,200.00,100 גרם,false,1,10.90,5.4500,true,1,171165
8710502231018,false,מרבה עוגיות שוקולד צ,,,מרבה עוגיות שוקולד ציפס מיני 175 גר,גרמים,175.00,100 גרם,false,1,9.90,5.6571,true,1,161856
8710502285509,false,עוגיות לימון ושוקולד,Merba BV,NL,עוגיות לימון ושוקולד ציפס מרבה 175 גר,גרמים,175.00,100 גרם,false,22,8.90,5.0857,true,1,166115
8710502405204,false,עוגיות מרבה ממולאות,Merba BV,,"עוגיות ""מרבה"" ממולאות קרם שוקולד 225 גר",גרמים,175.00,100 גרם,false,1,8.90,5.0857,true,1,127003
8710502470028,false,עוגיות מרבה נוגטלי 1,Merba BV,,עוגיות מרבה נוגטלי 225 גר,גרמים,160.00,100 גרם,false,1,8.90,5.5625,true,1,124790
8710502470035,false,עוגיות מרבה פטיסרי ש,,GR,עוגיות מרבה פטיסרי שוקולד ציפס מצופה 180,גרמים,200.00,100 גרם,false,1,10.90,5.4500,true,1,171167
8710625282164,false,קוקטייל פור טו פינה,team products,,קוקטייל פור טו פינה קולדה 700מל,מיליליטרים,700.00,"100 מ""ל",false,1,59.90,8.5571,true,1,127647
8710847942679,false,שמפו טרזמה שמן המפ 4,יוניליוור,PL,שמפו טרזמה שמן המפ 400 מל,מיליליטרים,400.00,"100 מ""ל",false,6,15.90,3.9750,true,1,165159
8710847942693,false,מרכך טרזמה שמן המפ 4,יוניליוור,PL,מרכך טרזמה שמן המפ 400 מל,מיליליטרים,400.00,"100 מ""ל",false,6,15.90,3.9750,true,1,165160
8710912637493,false,גבינה מעושן קטן 200,פריזלנד,,גבינה מעושן קטן 200 גר,גרמים,200.00,100 גרם,false,1,24.90,12.4500,true,1,124688
8711000362679,false,קפסולות קפה לור אספר,JDE,FR,קפסולות קפה לור אספרסו קולומביה 10 יח,Unknown,0.00,Unknown,false,8,19.90,0.0000,true,1,151502
8711000362693,false,קפסולות קפה לור אספר,JDE,FR,קפסולות קפה לור אספרסו פפואה 10 יח,Unknown,0.00,Unknown,false,7,19.90,0.0000,true,1,151503
8711000371176,false,קפסולות קפה גייקובס,JDE,FR,קפסולות קפה גייקובס אספרסו קלאסיקו 52 ג,גרמים,52.00,100 גרם,false,10,14.90,28.6538,true,1,146827
8711000371183,false,קפסולות קפה גייקובס,JDE,FR,קפסולות קפה גייקובס אספרסו אינטנסו 52 ג,גרמים,52.00,100 גרם,false,10,14.90,28.6538,true,1,146828
8711000371206,false,קפסולות קפה גייקובס,JDE,FR,קפסולות קפה גייקובס אספרסו ריסטרטו 52 ג,גרמים,52.00,100 גרם,false,10,14.90,28.6538,true,1,146829
8711000371244,false,קפסולות קפה גייקובס,JDE,FR,קפסולות קפה לור אספרסו לונגו 10 יח,Unknown,0.00,Unknown,false,10,14.90,0.0000,true,1,154978
8711000431108,false,קפסולות קפה לור אספר,JDE,FR,קפסולות קפה לור אספרסו הודו 10 יח,Unknown,0.00,Unknown,false,10,19.90,0.0000,true,1,151504
8711000471296,false,קפסולות קפה לור אספר,JDE,FR,קפסולות קפה לור אספרסו אולטימו 10 יח,Unknown,0.00,Unknown,false,10,19.90,0.0000,true,1,157135
8711000472040,false,קפסולות קפה גייקובס,JDE,FR,קפסולות קפה גייקובס אספרסו סלקשיין,גרמים,52.00,100 גרם,false,10,14.90,28.6538,true,1,165415
8711000495933,false,קפסולות קפה גייקובס,JDE,FR,קפסולות קפה גייקובס בריסטה קלייה כהה 52,גרמים,52.00,100 גרם,false,10,16.90,32.5000,true,1,172030
8711327475618,false,מגנום פיינט וניל קלא,,,מגנום פיינט וניל קלאסיק 440 מל,מיליליטרים,440.00,"100 מ""ל",false,1,21.90,4.9773,true,1,161910
8711327475663,false,מגנום פיינט וניל שוק,,,מגנום פיינט וניל שוקולד לבן 440 מל,מיליליטרים,440.00,"100 מ""ל",false,1,21.90,4.9773,true,1,161908
8711327475717,false,מגנום פיינט וניל שקד,,,מגנום פיינט וניל שקדים 440 מל,מיליליטרים,440.00,"100 מ""ל",false,1,21.90,4.9773,true,1,161909
8711327475762,false,מגנום פיינט שוקולד ל,,,מגנום פיינט שוקולד ךבן עוגיות 440 מל,מיליליטרים,440.00,"100 מ""ל",false,1,21.90,4.9773,true,1,161911
8711406129777,false,בירה לה טראפ דאבל 75,לה טראפ,,בירה לה טראפ דאבל 750מל,מיליליטרים,750.00,"100 מ""ל",false,1,29.90,3.9867,true,1,129611
8711406135723,false,בירה לה טראפ קואדריפ,לה טראפ,,"בירה לה טראפ קואדריפל 750 מ""ל",מיליליטרים,750.00,"100 מ""ל",false,1,29.90,3.9867,true,1,135978
8711406137192,false,בירה לה טראפ טריפל 7,,,בירה לה טראפ טריפל 750מל,מיליליטרים,750.00,"100 מ""ל",false,1,29.90,3.9867,true,1,129612
8711700665834,false,סבון מוצק דאב מלפפונ,יוניליוור גרמניה (בו,,סבון מוצק דאב מלפפונים שישייה,יחידה,1.00,יחידה,false,1,19.90,19.9000,true,1,125175
8712000050146,false,בירה היינקן 0% אלכוה,,,"בירה היינקן 330 מ""ל",מיליליטרים,330.00,"100 מ""ל",false,1,5.90,1.7879,true,1,141810
8712000051099,false,בירה היינקן 0% 330 מ,,,"בירה היינקן 0%330 מ""ל שישייה",מיליליטרים,1980.00,"100 מ""ל",false,1,32.90,1.6616,true,1,141189
8712400802499,false,נוטרילון שלב 1 800 ג,,,נוטרילון שלב 1 800 גר,גרמים,800.00,100 גרם,false,1,69.90,8.7375,true,1,137034
8712400802512,false,נוטרילון שלב 2 800 ג,,,נוטרילון שלב 2 800 גר,גרמים,800.00,100 גרם,false,1,69.90,8.7375,true,1,137035
8712400802536,false,נוטרילון שלב 3 800 ג,,,נוטרילון שלב 3 800 גר,גרמים,800.00,100 גרם,false,1,69.90,8.7375,true,1,137036
8712561594608,false,תחליב רחצה דאב להזנה,,,"תחליב רחצה דאב להזנה עמוקה 750 מ""ל",מיליליטרים,750.00,"100 מ""ל",false,1,19.90,2.6533,true,1,130089
8712561611411,false,תחליב רחצה דאב תה יר,,,"תחליב רחצה דאב תה ירוק ומלפפון 750 מ""ל",מיליליטרים,750.00,"100 מ""ל",false,1,19.90,2.6533,true,1,130090
8712561626286,false,תחליב רחצה דאב זוהר,,,"תחליב רחצה דאב זוהר כמשי 750 מ""ל",מיליליטרים,750.00,"100 מ""ל",false,1,19.90,2.6533,true,1,130091
8713323093490,true,אדם הולנדי ירוק פרוס,,,אדם הולנדי ירוק פרוס 150 גר,גרמים,150.00,100 גרם,false,,15.90,10.6000,true,1,161650
8713323093506,true,מאסדם הולנדי כחול פר,,,מאסדם הולנדי כחול פרוס 150 גר,גרמים,150.00,100 גרם,false,,15.90,10.6000,true,1,161652
8714599410530,false,קפה גייקובס קרוננג ש,JDE,,קפה גייקובס קרוננג שקית 200 גר,גרמים,200.00,100 גרם,false,1,19.90,9.9500,true,1,138323
8714599410578,false,קפה גייקובס גולד 47.,,,קפה גייקובס גולד 47.5 גר,גרמים,48.00,100 גרם,false,1,7.90,16.4583,true,1,162089
8714599410806,false,קפה גייקובס קרוננג ר,JDE,RU,קפה גייקובס קרוננג ריפיל 160 גר עם סרירה,גרמים,160.00,100 גרם,false,9,19.90,12.4375,true,1,146826
8714599412220,false,קפה גייקובס וולווט מ,,,קפה גייקובס וולווט מיובש בהקפאה 95 גר,גרמים,95.00,100 גרם,false,1,17.90,18.8421,true,1,163500
8714599412336,false,קפה גייקובס בריסטה 1,,,קפה גייקובס בריסטה 160 גר,גרמים,160.00,100 גרם,false,1,27.90,17.4375,true,1,165411
8714599513781,false,גייקובס גולד מיובש ב,,,"יעקובס גולד מיובש בהקפאה 200 גר כשל""פ",גרמים,200.00,100 גרם,false,1,24.90,12.4500,true,1,131413
8714599513828,false,קפה גייקובס קרוננג מ,,,קפה גייקובס גולד צנצנת 47.5 גר,גרמים,48.00,100 גרם,false,1,7.90,16.4583,true,1,162027
8714599513835,false,קפה גייקובס נטול קופ,,,קפה יעקובס נטול קופאין 200 גר,גרמים,200.00,100 גרם,false,1,32.90,16.4500,true,1,132802
8714599513866,false,גייקובס קרוננג מיובש,,,"יעקובס קרוננג מיובש בהקפאה 200 גר כשל""פ",גרמים,200.00,100 גרם,false,1,23.90,11.9500,true,1,131412
8714789177229,false,מברשת שיניים קולגייט,CP- China-SH,,"מברשת שיניים ""קולגיי",Unknown,0.00,Unknown,false,1,9.90,0.0000,true,1,124808
8714789303925,false,מברשת שיניים סנסטיב,CP- China-SH,,"מברשת שיניים ""קולגיי",Unknown,0.00,Unknown,false,1,29.90,0.0000,true,1,124815
8714789402970,false,נוזל לניקוי כללי אגק,Colgate - Greece,,"נוזל לניקוי כללי ""אג",ליטרים,1.50,ליטר,false,1,17.90,11.9333,true,1,124818
8714789450315,false,נוזל כלים פלמוליב לי,Colgate - Greece,,נוזל כלים פלמוליב לימון 1.5ל,ליטרים,1.50,ליטר,false,1,14.90,9.9333,true,1,129035
8714789834467,false,נוזל כלים פלמוליב קל,Colgate - Greece,,נוזל כלים פלמוליב קלאסי 1.5ל,ליטרים,1.50,ליטר,false,1,14.90,9.9333,true,1,129034
8714789930848,false,משחת שיניים קולגייט,CP-Poland swidnica,,"משחת שיניים ""קולגייט"" אופטיק וייט 75 מל",מיליליטרים,75.00,"100 מ""ל",false,1,19.90,26.5333,true,1,128356
8715035150300,false,רוטב סויה קיקומן ללא,,NL,"רוטב סויה קיקומן ללא גלוטן 250 מ""ל",מיליליטרים,250.00,"100 מ""ל",false,6,19.90,7.9600,true,1,144139
8715700110141,false,ממרח היינץ צנצנת 460,היינץ,,ממרח היינץ צנצנת 460 גר,גרמים,460.00,100 גרם,false,1,11.90,2.5870,true,1,139188
8715700110158,false,ממרח היינץ לייט צנצנ,היינץ,,ממרח היינץ לייט צנצנת 490 גר,גרמים,490.00,100 גרם,false,1,11.90,2.4286,true,1,139189
8715700115641,false,היינץ ממרח במרקם קרמ,היינץ,,היינץ ממרח במרקם קרמי 420 גר,גרמים,420.00,100 גרם,false,1,14.90,3.5476,true,1,137285
8715700117805,false,מתבל עגבניות היינץ ל,היינץ,NL,"מתבל עגבניות היינץ ללא סוכר ומלח 425 מ""ל",מיליליטרים,425.00,"100 מ""ל",false,10,9.90,2.3294,true,1,156012
8715700419695,false,רוטב היינץ ברביקיו מ,,,רוטב היינץ ברביקיו מתוק 500 גר,גרמים,500.00,100 גרם,false,1,16.90,3.3800,true,1,139186
8715700419732,false,קטשופ היינץ 700 גר,,,קטשופ היינץ 700 גר,גרמים,700.00,100 גרם,false,1,9.90,1.4143,true,1,127793
8715700421032,false,ממרח סנדוויץ טבעי הי,,,ממרח סנדוויץ טבעי היינץ 300 גר,גרמים,300.00,100 גרם,false,1,15.90,5.3000,true,1,155687
8715700421322,false,רוטב היינץ ברביקיו צ,,,רוטב היינץ ברביקיו צילי 490 גר,גרמים,490.00,100 גרם,false,1,16.90,3.4490,true,1,139185
8715700422473,false,ממרח היינץ לחיץ 395,היינץ,,ממרח היינץ לחיץ 395 גר,גרמים,395.00,100 גרם,false,1,14.90,3.7722,true,1,134436
8715700423906,false,מתבל עגבניות היינץ 5,היינץ,,מתבל עגבניות היינץ 50% פחות סוכר 555 גר,גרמים,555.00,100 גרם,false,1,9.90,1.7838,true,1,141018
8717163655825,false,דאודורנט רקסונה ספרי,יוניליוור,,דאודורנט רקסונה ספריי כותנה 150 מל,מיליליטרים,150.00,"100 מ""ל",false,1,11.90,7.9333,true,1,157212
8717545620236,true,גבינה אולד אמסטרדם י,,,גבינה אולד אמסטרדם ירוק פרוס 150 גר,גרמים,150.00,100 גרם,false,,29.90,19.9333,true,1,161645
8717545623077,true,גבינה אולד אמסטרדם א,,,גבינה אולד אמסטרדם אדום פרוס 150 גר,גרמים,150.00,100 גרם,false,,28.90,19.2667,true,1,161646
8717677336593,false,שוקולד חלב טוניס 180,,,שוקולד חלב טוניס 180 גר,גרמים,180.00,100 גרם,false,1,19.90,11.0556,true,1,169614
8717677336616,false,שוקולד מריר שקדים ומ,,,שוקולד מריר שקדים ומלח טוניס 180 גר,גרמים,180.00,100 גרם,false,1,19.90,11.0556,true,1,169618
8717677336630,false,שוקולד חלב עם שקדים,,,שוקולד חלב עם שקדים ודבש טוניס 180 גר,גרמים,180.00,100 גרם,false,1,19.90,11.0556,true,1,169616
8718104903326,false,בירה רואיל דאצ 16% פ,,,"בירה רואיל דאצ 16% פח 500 מ""ל",מיליליטרים,500.00,"100 מ""ל",false,1,10.90,2.1800,true,1,140265
8718114734484,false,מיונז מיילי 320 גר,,,מיונז מיילי 320 גר,גרמים,320.00,100 גרם,false,1,18.90,5.9062,true,1,140759
8718700495515,true,בסגנון צדר פרוס 150,,,בסגנון צדר פרוס 150 גר,גרמים,150.00,100 גרם,false,1,8.90,5.9333,true,1,142630
8718951160897,false,אקונומיקה אגקס אופטי,,,"אקונומיקה אגקס אופטימל 7 500 מ""ל",מיליליטרים,500.00,"100 מ""ל",false,1,12.80,2.5600,true,1,137429
8718951166288,false,משחת שיניים קולגייט,CP-Poland swidnica,PL,"משחת שיניים קולגייט מקס וייט 125 מ""ל",מיליליטרים,125.00,"100 מ""ל",false,12,16.90,13.5200,true,1,146065
8718951166561,false,משחת שיניים קולגייט,CP-Poland swidnica,PL,"משחת שיניים קולגייט מקס פרש כחול 125 מ""ל",מיליליטרים,125.00,"100 מ""ל",false,12,16.90,13.5200,true,1,146064
8718951236813,false,משחת שיניים קולגייט,,,משחת שיניים קולגייט טוטל ניקוי מתקדם 100,מיליליטרים,100.00,"100 מ""ל",false,48,14.90,14.9000,true,1,147888
8718951240742,false,משחת שיניים קולגייט,,,משחת שיניים קולגייט פסים מרעננים לפה ברי,מיליליטרים,100.00,"100 מ""ל",false,48,14.90,14.9000,true,1,147891
8718951247871,false,נוזל לשירותים אגקס 5,,,"נוזל לשירותים אגקס 500 מ""ל",מיליליטרים,500.00,"100 מ""ל",false,1,12.80,2.5600,true,1,155520
8718951286733,false,מ שיניים קולגייט אופ,CP-Poland swidnica,PL,מ שיניים קולגייט אופטיק וייט לסטינג 75 מ,מיליליטרים,75.00,"100 מ""ל",false,48,27.90,37.2000,true,1,166113
8718951289833,false,סבון מוצק פלמוליב לו,,,סבון מוצק פלמוליב לומינוס רביעייה,גרמים,360.00,100 גרם,false,18,15.90,4.4167,true,1,154548
8718951314009,false,תחליב רחצה פלמוליב נ,,,תחליב רחצה פלמוליב נטורלס פטל שחור 750מל,מיליליטרים,750.00,"100 מ""ל",false,1,18.90,2.5200,true,1,167668
8718951314023,false,תחליב רחצה פלמוליב נ,,,תחליב רחצה פלמוליב נטורלס אפרסק 750 מל,מיליליטרים,750.00,"100 מ""ל",false,1,15.90,2.1200,true,1,167669
8718951315303,false,משחת שיניים עם פלואו,,,משחת שיניים קולגייט זוג,Unknown,0.00,Unknown,false,1,17.90,0.0000,true,1,157715
8718951319806,false,גל רחצה ושמפו מרענן,CP - Turkey+60,TR,"גל רחצה ושמפו מרענן פלמוליב לגבר 750 מ""ל",מיליליטרים,750.00,"100 מ""ל",false,12,18.90,2.5200,true,1,156054
8718951333048,false,סבון ידיים פלמוליב ל,,,סבון ידיים פלמוליב למטבח 300 מל,מיליליטרים,300.00,"100 מ""ל",false,1,10.90,3.6333,true,1,162653
8718951334151,false,מרכך כביסה סופלין מר,,GR,מרכך כביסה סופלין מרוכז היפואלרגני 650 מ,מיליליטרים,650.00,"100 מ""ל",false,12,10.90,1.6769,true,1,171160
8718951338128,false,ליידי ספיד סטיק רול,Colgate - Mexico,,ליידי ספיד סטיק רול און שאוור פרש 50 מל,מיליליטרים,50.00,"100 מ""ל",false,1,13.80,27.6000,true,1,165430
8718951338364,false,אגקס טריגר פיור הום,,GR,אגקס טריגר פיור הום תפוח 500 מל,מיליליטרים,500.00,"100 מ""ל",false,12,15.90,3.1800,true,1,159812
8718951338395,false,אגקס טריגר פיור הום,,GR,אגקס טריגר פיור הום סמבוק שחור 500 מל,מיליליטרים,500.00,"100 מ""ל",false,12,15.90,3.1800,true,1,159813
8718951370135,false,סבון נוזלי פלמוליב א,CP - Turkey+60,TR,סבון נוזלי פלמוליב ארומה סנסיישן גלואו,מיליליטרים,750.00,"100 מ""ל",false,12,18.90,2.5200,true,1,158307
8718951382718,false,גל רחצה פלמוליב חימר,קולגייט פלמוליב,TR,גל רחצה פלמוליב חימר התחדשות 750 מל,מיליליטרים,750.00,"100 מ""ל",false,12,18.90,2.5200,true,1,158906
8718951382787,false,מ שיניים קולגייט אופ,CP-Poland swidnica,PL,מ שיניים קולגייט אופטיק וויט חימר ומינרל,מיליליטרים,75.00,"100 מ""ל",false,48,27.90,37.2000,true,1,169017
8718951409798,false,מברשת שיניים מקס ווי,קולגייט פלמוליב,CN,זוג מברשת שיניים מקס וויט פחם,Unknown,0.00,Unknown,false,12,22.90,0.0000,true,1,164438
8718951428492,false,סבון רחצה פלמוליב לג,CP - Turkey+60,TR,סבון רחצה פלמוליב לגבר 4 ב 1 פחם 750 מל,מיליליטרים,750.00,"100 מ""ל",false,12,18.90,2.5200,true,1,169015
8718951470323,false,מברשות שיניים סופט פ,קולגייט פלמוליב,CN,מברשות שיניים סופט פואם פחם זוג,Unknown,0.00,Unknown,false,12,29.90,0.0000,true,1,171818
8718951477384,false,משחת שיניים קולגייט,קולגייט פלמוליב,PL,משחת שיניים קולגייט טוטל גל 75 מל,מיליליטרים,75.00,"100 מ""ל",false,48,19.90,26.5333,true,1,169018
8718951498754,false,מברשת שיניים קולגייט,,GR,מברשת שיניים קולגייט שישייה,Unknown,0.00,Unknown,false,1,19.90,0.0000,true,1,171161
8718951509627,false,מ שיניים קולגייט אופ,CP-Poland swidnica,PL,מ שיניים קולגייט אופטיק וייט לאוהבי קפה,מיליליטרים,75.00,"100 מ""ל",false,48,27.90,37.2000,true,1,170486
8719128117256,false,סירופ סבן אפ 440 מל,,,סירופ סבן אפ 440 מל,מיליליטרים,440.00,"100 מ""ל",false,1,22.90,5.2045,true,1,164149
8719200997998,false,מרגרינה בלובנד עם מל,יוניליוור,IL,בלובנד עם מלח 200 גרם,גרמים,200.00,100 גרם,false,60,4.50,2.2500,true,1,154777
8719200998018,false,מחמאה בלובנד 200 גר,יוניליוור,IL,מחמאה בלובנד 200 גרם,גרמים,200.00,100 גרם,false,60,4.30,2.1500,true,1,154786
8719200998032,false,מרגרינה מזולה גלורי,יוניליוור,IL,מזולה גלורי טעם חמאה 250 גרם,גרמים,250.00,100 גרם,false,48,9.90,3.9600,true,1,154783
8719200998049,false,מרגרינה מזולה גלורי,יוניליוור,IL,מזולה גלורי רגיל 250 גרם,גרמים,250.00,100 גרם,false,48,9.70,3.8800,true,1,154780
8719200998094,false,מרגרינה מזולה לאפיה,יוניליוור,IL,מזולה לאפיה ללא מלח 200 גרם,גרמים,200.00,100 גרם,false,60,5.90,2.9500,true,1,154785
8719326361901,false,חלב מלא הולנדי 6% שו,,,חלב מלא הולנדי 6% שומן 1 ל,ליטרים,1.00,ליטר,false,1,14.90,14.9000,true,1,172325
8720100012445,false,בקרסלנד וופל טוסט בל,DE BANKETGROEP,,בקרסלנד וופל טוסט בל,גרמים,250.00,100 גרם,false,1,12.90,5.1600,true,1,124831
8721200060107,false,בקרסלנד סטרופ וופל ה,VAN DER BREGGEN,,בקרסלנד סטרופ וופל 2,גרמים,250.00,100 גרם,false,1,12.90,5.1600,true,1,124832
8801043028158,false,נודלס בטעם קימצי בכו,,,נודלס בטעם קימצי בכוס 75 גר,גרמים,75.00,100 גרם,false,1,12.90,17.2000,true,1,172539
8801043029353,false,נודלס אודון טמפורה ב,,,נודלס אודון טמפורה בכוס 75 גר,גרמים,75.00,100 גרם,false,1,14.90,19.8667,true,1,172543
8801043031011,false,נודלס שין חריף בכוס,,,נודלס שין חריף בכוס 68 גר,גרמים,68.00,100 גרם,false,1,12.90,18.9706,true,1,172538
8801043049566,false,נודלס שין חריף מאוד,,,נודלס שין חריף מאוד בכוס 68 גר,גרמים,68.00,100 גרם,false,1,12.90,18.9706,true,1,172540
8801043150620,false,נודלס שין חריף שקית,,,נודלס שין חריף שקית 120 גר,גרמים,120.00,100 גרם,false,1,10.90,9.0833,true,1,172536
8801043157735,false,נודלס אנסונג חריף בש,,,נודלס אנסונג חריף בשקית 125 גר,גרמים,125.00,100 גרם,false,1,12.90,10.3200,true,1,172541
8801043157742,false,נודלס בטעם קימצי שקי,,,נודלס בטעם קימצי שקית 120 גר,גרמים,120.00,100 גרם,false,1,10.90,9.0833,true,1,172537
8801043157759,false,נודלס צמפונג פירות י,,,נודלס צמפונג פירות ים פיקנטי 124 גר,גרמים,124.00,100 גרם,false,1,14.90,12.0161,true,1,172544
8801043157773,false,נודלס נאוגר פירות ים,,,נודלס נאוגר פירות ים 120 גר,גרמים,120.00,100 גרם,false,1,12.90,10.7500,true,1,172542
8801055707966,false,"קפה טסטר צ""ויס בריסט",נסטלה קוריאה - קפה,,"קפה טסטר צ""ויס בריסטה 180 גר",גרמים,180.00,100 גרם,false,1,29.90,16.6111,true,1,132553
8801055709458,false,נס קפה קפוצינו בטעם,נסטלה קוריאה - קפה,,נס קפה קפוצינו בטעם קרמל 170 גר,גרמים,170.00,100 גרם,false,1,19.90,11.7059,true,1,170265
8801055709465,false,נס קפה קפוצינו בטעם,נסטלה קוריאה - קפה,,נס קפה קפוצינו בטעם וניל 185 גר,גרמים,185.00,100 גרם,false,1,19.90,10.7568,true,1,170266
8801055709472,false,נס קפה קפוצינו קלאסי,נסטלה קוריאה - קפה,,נס קפה קפוצינו קלאסיק 125 גר,גרמים,125.00,100 גרם,false,1,19.90,15.9200,true,1,170267
8801055709489,false,נסקפה קפוצינו בטעם א,נסטלה קוריאה - קפה,,נסקפה קפוצינו בטעם אגוזים 180 גר,גרמים,180.00,100 גרם,false,1,19.90,11.0556,true,1,170268
8801073210776,false,נודלס ראמן סאמינג בט,,,נודלס ראמן סאמינג בטעם עוף חריף 70 גר,גרמים,70.00,100 גרם,false,30,11.90,17.0000,true,1,160065
8801085020301,false,אטריות נאמן אודון 20,Alpha international,,אטריות נאמן אודון 200גר,גרמים,200.00,100 גרם,false,1,6.90,3.4500,true,1,127575
8802241131664,false,חטיף אצות ים קלויות,,,חטיף אצות ים קלויות עם מלח 40 גר,גרמים,40.00,100 גרם,false,18,32.90,82.2500,true,1,137522
8809168840471,false,חטיף אצות מיובשות 4.,Theppadungporn cocon,,חטיף אצות מיובשות 4.5 גר*9 יח,Unknown,0.00,Unknown,false,1,24.90,0.0000,true,1,162525
8850006932964,false,מברשת שיניים קולגייט,,,מברשת שיניים קולגייט חמישייה,Unknown,0.00,Unknown,false,1,24.80,0.0000,true,1,161859
8850025000026,false,משקה מי קוקוס 1 ל,,,משקה מי קוקוס 1 ל,ליטרים,1.00,ליטר,false,12,25.90,25.9000,true,1,134260
8850180040028,false,טמפורה 500 גר,Malinee Food Product,,טמפורה 500גר,גרמים,500.00,100 גרם,false,1,10.90,2.1800,true,1,127585
8850206250592,false,רוטב צילי סיראצה 540,,,רוטב צילי סיראצה 530 גר,גרמים,540.00,100 גרם,false,1,19.90,3.6852,true,1,138198
8850206280049,false,רוטב צילי חריף 250 ג,,,רוטב צילי חריף 250 גר,גרמים,250.00,100 גרם,false,12,17.90,7.1600,true,1,167314
8850291105531,false,חטיף אצות ים עם שקדי,,,חטיף אצות ים עם שקדים פרוסים 40 גר,גרמים,40.00,100 גרם,false,1,12.90,32.2500,true,1,163187
8850291105548,false,חטיף אצות ים עם שקדי,,,חטיף אצות ים עם שקדים פרוסים פיקנטי 40 ג,גרמים,40.00,100 גרם,false,1,12.90,32.2500,true,1,163190
8850291105555,false,חטיף אצות ים עם גרעי,,,חטיף אצות ים עם גרעיני דלעת ושומשום 40 ג,גרמים,40.00,100 גרם,false,1,12.90,32.2500,true,1,163189
8850291105562,false,חטיף אצות ים עם שומש,,,חטיף אצות ים עם שומשום 40 גר,גרמים,40.00,100 גרם,false,1,12.90,32.2500,true,1,163188
8850389105825,false,משקה סאפה בטעם ענבים,SAPPE PUBLIC COMPANY,,משקה סאפה בטעם ענבים 1ל,ליטרים,1.00,ליטר,false,1,13.90,13.9000,true,1,125698
8850389105832,false,משקה סאפה בטעם תפוחי,SAPPE PUBLIC COMPANY,,משקה סאפה בטעם תפוחים 1ל,ליטרים,1.00,ליטר,false,1,13.90,13.9000,true,1,129015
8850389105849,false,משקה סאפה בטעם אפרסק,SAPPE PUBLIC COMPANY,,משקה סאפה בטעם אפרסק 1ל,ליטרים,1.00,ליטר,false,1,13.90,13.9000,true,1,129016
8850389115336,false,נקטר סאפה בטעם מלון,SAPPE PUBLIC COMPANY,,נקטר סאפה בטעם מלון 1 ל,ליטרים,1.00,ליטר,false,1,13.90,13.9000,true,1,141040
8850632604259,false,חיספוסים מקלות בטעם,,,יוגטה חמצוצים 50 גרם,גרמים,50.00,100 גרם,false,1,3.90,7.8000,true,1,124847
8850632604402,false,חיספוסים רצועות בטעם,,,יוגטה חמצוצים 50 גרם,גרמים,50.00,100 גרם,false,1,3.90,7.8000,true,1,124850
8850854002239,false,רוטב סויה מתוק 700 מ,,,רוטב סויה מתוק 700 מל,מיליליטרים,700.00,"100 מ""ל",false,12,14.90,2.1286,true,1,162048
8851019210117,false,מקלות פוקי שוקולד חל,,,מקלות פוקי שוקולד חלב 47 גר,גרמים,47.00,100 גרם,false,1,7.90,16.8085,true,1,166387
8851613101378,false,חלב קוקוס 250 מל,,,חלב קוקוס 250 מל,מיליליטרים,250.00,"100 מ""ל",false,1,9.90,3.9600,true,1,157664
8851613101385,false,חלב קוקוס 500 מל,,,חלב קוקוס 500 מל,מיליליטרים,500.00,"100 מ""ל",false,1,12.90,2.5800,true,1,157663
8852633119039,false,רוטב דגים 300 מל,,,רוטב דגים 300 מל,מיליליטרים,300.00,"100 מ""ל",false,6,10.90,3.6333,true,1,132221
8852633119077,false,רוטב דגים 700 מל,,,רוטב דגים 700 מל,מיליליטרים,700.00,"100 מ""ל",false,1,13.90,1.9857,true,1,148676
8853484008817,false,אנשובי מיובשים 130 ג,טורקה,,"אנשובי 130 גר""",גרמים,130.00,100 גרם,false,1,14.90,11.4615,true,1,124856
8853662056661,false,רוטב סריראצה מיו 455,,,"רוטב סריראצה מיו 455 מ""ל",מיליליטרים,455.00,"100 מ""ל",false,1,21.90,4.8132,true,1,139541
8853662060316,false,סריראצה רוטב צילי חר,,,סריראצה רוטב צילי חריף עם קרם קוקוס 455מ,מיליליטרים,455.00,"100 מ""ל",false,1,21.90,4.8132,true,1,163692
8853662060385,false,סריראצה שחור רוטב על,,,סריראצה שחור רוטב על בסיס צילי 455 מל,מיליליטרים,455.00,"100 מ""ל",false,1,21.90,4.8132,true,1,163691
8854661001850,false,קוקטייל פירות ים 500,,,קוקטייל פירות ים 500,גרמים,500.00,100 גרם,false,1,28.90,5.7800,true,1,124859
8854661003786,false,שרימפס מבושל עם ראש,,,שרימפס מבושל עם ראש,גרמים,500.00,100 גרם,false,1,29.90,5.9800,true,1,124863
8854692000976,false,רוטב צילי מתוק 700 ג,,,"רוטב צ""ילי מתוק 700",גרמים,700.00,100 גרם,false,1,9.90,1.4143,true,1,157661
8855072002603,false,דג צנינית צהובת פס צ,טורקה,,דג צנינית צהובת פס צ,גרמים,100.00,100 גרם,false,1,16.90,16.9000,true,1,124864
8855301214418,false,סרדינים בשמן צמחי 24,גולדן פריזה קנינג,,שימורי סרדינים בשמן צמחי 240 גר,גרמים,240.00,100 גרם,false,1,8.90,3.7083,true,1,159805
8855301214449,false,שימורי דג מקרל שמן צ,גולדן פריזה קנינג,,שימורי דג מקרל שמן צמחי 240 גר,גרמים,240.00,100 גרם,false,24,8.90,3.7083,true,1,159802
8857101301008,false,רוטב צילי מתוק 700 מ,פאן אינטר,,רוטב צילי מתוק 700 ג,מיליליטרים,700.00,"100 מ""ל",false,1,9.90,1.4143,true,1,124866
8858271003020,false,רוטב סויה פורמולה 70,Yan Wal Yun Corpora,,"רוטב סויה פורמולה 700 מ""ל",מיליליטרים,700.00,"100 מ""ל",false,1,15.90,2.2714,true,1,124869
8858271003174,false,רוטב שזיפים מקסצאפ 7,Yan Wal Yun Corpora,,"רוטב שזיפים מקסצ""אפ 700 מ""ל",מיליליטרים,700.00,"100 מ""ל",false,1,15.90,2.2714,true,1,124874
8858271003921,false,רוטב קארי אדום 250 מ,Yan Wal Yun Corpora,,רוטב קארי אדום 250 מל,מיליליטרים,250.00,"100 מ""ל",false,1,12.90,5.1600,true,1,169842
8858271004126,false,רוטב חמוץ מתוק מקסצו,Yan Wal Yun Corpora,,"רוטב חמוץ מתוק מקסצופ 700 מ""ל",מיליליטרים,700.00,"100 מ""ל",false,1,15.90,2.2714,true,1,124877
8858271004300,false,רוטב טריאקי 700 מל,Yan Wal Yun Corpora,,רוטב טריאקי 700 מל,מיליליטרים,700.00,"100 מ""ל",false,1,19.90,2.8429,true,1,169843
8858271004799,false,רוטב צילי מתוק 700 מ,Yan Wal Yun Corpora,,"רוטב צילי מתוק 700 מ""ל",מיליליטרים,700.00,"100 מ""ל",false,1,12.90,1.8429,true,1,127453
8859103400697,false,דג בברית צנינית צהוב,,,דג בברית צנינית צהובה פסים מיובש 100 גר,גרמים,100.00,100 גרם,false,1,13.90,13.9000,true,1,132143
8859103400727,false,דג ברקודה עם צילי מל,,,דג ברקודה עם צילי מלוח מיובש 100 גר,גרמים,100.00,100 גרם,false,1,13.90,13.9000,true,1,132144
8859103400734,false,דג צנינון מלוח מיובש,,,דג צנינון מלוח מיובש 100 גר,גרמים,100.00,100 גרם,false,1,13.90,13.9000,true,1,132142
8859103401199,false,דג ברקודה מלוח מיובש,,,דג ברקודה מלוח מיובש 100 גר,גרמים,100.00,100 גרם,false,1,13.90,13.9000,true,1,137164
8859103401991,false,דג צלופח מטוגן עם צי,,,דג צלופח מטוגן עם צילי מלוח מיובש 80 גר,גרמים,80.00,100 גרם,false,1,13.90,17.3750,true,1,146889
8886303210504,false,רוטב קארה קרם קוקונט,ג'ומא,,רוטב קארה קרם קוקונט 24% 500 גר,גרמים,500.00,100 גרם,false,1,14.90,2.9800,true,1,140167
8886303210542,false,רוטב קארה קרם קוקונט,ג'ומא,,רוטב קארה קרם קוקונט 17% 400 גר,גרמים,400.00,100 גרם,false,1,9.90,2.4750,true,1,140166
8888021200256,false,סוללות אנרגייזר שמינ,אנרג'ייזר,,סוללות אנרגייזר שמינייה AA,Unknown,0.00,Unknown,false,1,24.90,0.0000,true,1,124881
8888021200720,false,סוללת אנרגייזר שמיני,אנרג'ייזר,,סוללת אנרגייזר שמינייה AAA,Unknown,0.00,Unknown,false,1,24.90,0.0000,true,1,124882
8888111030053,false,מיץ אננס רביעייה 240,,,"מיץ אננס SW רביעייה 240 מ""ל",מיליליטרים,960.00,"100 מ""ל",false,1,14.90,1.5521,true,1,151482
8888111555013,false,משקה אננס 100% פח 24,פילפק,,"משקה אננס 100% פח 240 מ""ל",מיליליטרים,240.00,"100 מ""ל",false,1,4.90,2.0417,true,1,134156
8901047001024,false,אורז בסמטי קוהינור 1,,,אורז בסמטי קוהינור 1 קג,קילוגרמים,1.00,"ק""ג",false,1,15.90,15.9000,true,1,167376
8901537024014,false,אורז בסמטי דאווט 1 ק,lt foods,,"אורז בסמטי ""דאווט"" 1",קילוגרמים,1.00,"ק""ג",false,1,12.90,12.9000,true,1,125126
8904180001456,false,רוטב קארי אדום 283 ג,,,רוטב קארי אדום 283 גר,גרמים,283.00,100 גרם,false,1,15.80,5.5830,true,1,153299
8904180001494,false,רוטב טנדורי 250 גר,,,רוטב טנדורי 250 גר,גרמים,250.00,100 גרם,false,1,15.80,6.3200,true,1,153304
8906000596999,false,אורז בסמטי מלא 1 קג,,,"אורז בסמטי מלא 1 ק""ג",קילוגרמים,1.00,"ק""ג",false,1,10.90,10.9000,true,1,134498
8906118240388,false,קורנישונים כבושים 68,אנגל קמצ'ו אלימנטסיו,,קורנישונים כבושים 680 גר,גרמים,680.00,100 גרם,false,1,11.90,1.7500,true,1,171132
8908000959361,false,קורנישונים כבושים בח,,,קורנישונים כבושים בחומץ 680 גר,גרמים,680.00,100 גרם,false,1,11.90,1.7500,true,1,131737
8908000959613,false,מלפפונים כבושים 680,קאן אגריטך פרייבט למ,,מלפפונים כבושים 680 גר,גרמים,680.00,100 גרם,false,1,14.90,2.1912,true,1,133373
8934878081736,false,אטריות אורז 450 גר,Chanh Khang Company,,אטריות אורז 450גר,מיליליטרים,450.00,"100 מ""ל",false,1,10.90,2.4222,true,1,127580
8934878081811,false,דפי אורז 400 גר,Chanh Khang Company,,דפי אורז 400 גר,גרמים,400.00,100 גרם,false,1,16.90,4.2250,true,1,126639
8936018435256,false,דג ירח מלוח מיובש תכ,,,דג ירח מלוח מיובש תכלת 100 גר,גרמים,100.00,100 גרם,false,30,13.90,13.9000,true,1,156947
9000331607917,false,וופל בטעם קרם אגוזים,,,וופל בטעם קרם אגוזים מאנר 400 גר,גרמים,400.00,100 גרם,false,1,21.90,5.4750,true,1,167383
9001395807015,false,סוכ בננית 300 גר,האוסוירט,,סוכ בננית 300 גר,גרמים,300.00,100 גרם,false,1,10.90,3.6333,true,1,122820
9001414041116,false,פלפל שחור קוטניה 36,,,פלפל שחור קוטניה 36 גר,גרמים,36.00,100 גרם,false,1,15.90,44.1667,true,1,132186
9001414041369,false,מלח ים 92 גר,,,מלח ים 92 גר,גרמים,92.00,100 גרם,false,4,15.90,17.2826,true,1,153578
9002859026270,false,מיץ לימון ליים ירוק,GUNZ WARENHANDELS,,מיץ לימון ליים (ירוק,מיליליטרים,200.00,"100 מ""ל",false,1,6.90,3.4500,true,1,122822
9002859031328,false,גונץ חטיף בטעם בייקו,,,גונץ חטיף בטעם בייקון 125 גר,גרמים,125.00,100 גרם,false,20,10.90,8.7200,true,1,161596
9002859037023,false,לקקנים גונץ 150 גר,GUNZ WARENHANDELS,,"לקקנים ""גונץ"" 150גר",גרמים,150.00,100 גרם,false,1,10.90,7.2667,true,1,125321
9002859038419,false,קרקרים בתוספת שמן זי,GUNZ WARENHANDELS,,קרקרים עם שמן זית ור,גרמים,250.00,100 גרם,false,1,10.90,4.3600,true,1,122835
9002859042799,false,מוצרט גונץ שקית 300,Gunz BV,,מוצרט גונץ שקית 300 גר,גרמים,300.00,100 גרם,false,1,36.90,12.3000,true,1,130448
9002859047510,false,מרשמלו ורוד לבן גונץ,GUNZ WARENHANDELS,,מרשמלו ורוד לבן גונץ 200 גר,גרמים,200.00,100 גרם,false,1,9.90,4.9500,true,1,162937
9002859049224,false,תבלין פלפלים במטחנה,Gunz,,תבלין פלפלים במטחנה גונץ ניקו מיקס 45 גר,גרמים,45.00,100 גרם,false,1,14.90,33.1111,true,1,132635
9002859049354,false,גונץ חטיף טבעות בצל,,,גונץ חטיף טבעות בצל 125 גר,גרמים,125.00,100 גרם,false,20,9.90,7.9200,true,1,161597
9002859050725,false,סנטה גונץ ברשת 100 ג,GUNZ WARENHANDELS,,סנטה גונץ ברשת 100גר,גרמים,100.00,100 גרם,false,1,10.90,10.9000,true,1,128467
9002859055553,false,סוכריות בוגי מטעם פי,GUNZ WARENHANDELS,,"סוכריות ""בוגי"" מטעם פירות בפחי 200גר",גרמים,200.00,100 גרם,false,1,10.90,5.4500,true,1,125324
9002859056963,false,אנשי שלג גונץ שוקולד,GUNZ WARENHANDELS,,אנשי שלג גונץ שוקולד ברשת 100גר,גרמים,100.00,100 גרם,false,1,10.90,10.9000,true,1,128471
9002859061240,false,שבבי בצל מטוגן 250 ג,,,שבבי בצל מטוגן 250 גר,גרמים,250.00,100 גרם,false,20,10.90,4.3600,true,1,151658
9002859062131,false,בונבוניירה פרלינים ו,GUNZ WARENHANDELS,,"בונבוניירה פרלינים ""ורד"" 400גר",גרמים,400.00,100 גרם,false,1,24.90,6.2250,true,1,128309
9002859064982,false,שוקולד קריסמס גונץ ח,GUNZ WARENHANDELS,,שוקולד קריסמס גונץ חמישייה 75גר,גרמים,75.00,100 גרם,false,1,8.90,11.8667,true,1,128470
9002859066894,false,חטיף גונץ מרציפן מצו,Gunz,,חטיף גונץ מרציפן מצופה שוקולד 100 גר,גרמים,100.00,100 גרם,false,1,9.90,9.9000,true,1,132634
9002859067570,false,דפדפי שוקולד תפוז גו,GUNZ WARENHANDELS,,"דפדפי שוקולד תפוז ""גונץ"" 200 גר",גרמים,200.00,100 גרם,false,1,16.90,8.4500,true,1,125688
9002859067907,false,עוגיות גונץ עם קרם ו,Gunz,,עוגיות גונץ עם קרם וניל ומשמש 380 גר,גרמים,380.00,100 גרם,false,1,17.90,4.7105,true,1,130443
9002859071911,false,סנטה גונץ שוקולד חלב,GUNZ WARENHANDELS,,סנטה גונץ שוקולד חלב 100גר,גרמים,100.00,100 גרם,false,1,11.90,11.9000,true,1,128469
9002859072741,false,מלח היאלייה במטחנה ג,Gunz,,מלח היאלייה במטחנה גונץ ניקו 95 גר,גרמים,95.00,100 גרם,false,1,12.90,13.5789,true,1,132637
9002859079375,false,ממתק חמצמץ גונץ בטעם,gunz,,ממתק חמצמץ גונץ בטעם תות 85 גר,גרמים,85.00,100 גרם,false,1,6.90,8.1176,true,1,129967
9002859081590,false,שוקולד גונץ סנטה על,GUNZ WARENHANDELS,,שוקולד גונץ סנטה על מקל 90 גר שישייה,גרמים,540.00,100 גרם,false,1,10.90,2.0185,true,1,130594
9002859088490,false,עוגיות גונץ עם קרם א,Gunz,,עוגיות גונץ עם קרם אוכמניות 380 גר,גרמים,380.00,100 גרם,false,1,15.90,4.1842,true,1,130442
9002859090851,false,מרשמלו לבבות גונץ 20,GUNZ WARENHANDELS,,מרשמלו לבבות גונץ 200 גר,גרמים,200.00,100 גרם,false,1,11.90,5.9500,true,1,162966
9002859093876,false,עוגיות גונץ עם קרם ש,GUNZ WARENHANDELS,,עוגיות גונץ עם קרם שוקולד ודובדבן 380 גר,גרמים,380.00,100 גרם,false,1,15.90,4.1842,true,1,136278
9002859103117,false,גונץ מקלות בייגלה עם,,,גונץ מקלות בייגלה עם מלח 200 גר,גרמים,200.00,100 גרם,false,1,8.90,4.4500,true,1,158477
9002859110139,false,גונץ ארומה מיקס תבלי,,,גונץ ארומה מיקס תבלינים 300 גר,גרמים,300.00,100 גרם,false,1,9.90,3.3000,true,1,158475
9002859110153,false,עוגיות גונץ קרם תות,Gunz,,עוגיות גונץ קרם תות 380 גר,גרמים,380.00,100 גרם,false,9,15.90,4.1842,true,1,162264
9003400304939,false,בירה שטיגל וויז חיטה,מבשלת שטיגל,,"בירה שטיגל וויז חיטה 500 מ""ל",מיליליטרים,500.00,"100 מ""ל",false,1,10.90,2.1800,true,1,134618
9005835312732,false,נוזל הברקה קלרו מזרז,,,"נוזל הברקה קלרו מזרז ייבוש למדיח 500 מ""ל",מיליליטרים,500.00,"100 מ""ל",false,1,10.90,2.1800,true,1,153151
9008700111546,false,נקטר דובדבן 1 ל,Rauch fruchtsafte gm,,נקטר דובדבן 1 ליטר,ליטרים,1.00,ליטר,false,1,12.90,12.9000,true,1,122851
9008700128971,false,מיץ חמוציות ראוך 1 ל,,,מיץ קרנברי ראוך 1 לי,ליטרים,1.00,ליטר,false,1,12.90,12.9000,true,1,158092
9008700146982,false,נקטר פירות אדומים רא,Rauch fruchtsafte gm,,"מיץ ""ראוך"" מולטיוויט",Unknown,0.00,Unknown,false,1,12.90,0.0000,true,1,122852
9008700148146,false,נקטר ראוך ליצי 1 ל,Rauch fruchtsafte gm,,"נקטר ""ראוך"" ליצי ""1 ליטר",ליטרים,1.00,ליטר,false,1,12.90,12.9000,true,1,148971
9008700155458,false,נקטר ראוך גויאבה 1 ל,Rauch fruchtsafte gm,,"נקטר ""ראוך"" גויאבה 1 ל",ליטרים,1.00,ליטר,false,1,12.90,12.9000,true,1,148934
9008700170666,false,נקטר ראוך תפוח פטל 1,Rauch fruchtsafte gm,,נקטר ראוך תפוח פטל 1 ל,ליטרים,1.00,ליטר,false,1,12.90,12.9000,true,1,158094
9013100053303,false,ליקר מוצארט קרם שוקו,,,ליקר מוצארט קרם שוקולד לבן 500 מל,מיליליטרים,500.00,"100 מ""ל",false,1,79.90,15.9800,true,1,159204
9015340100458,false,רביעיית מיץ בטעם תפו,,,רביעיית מיץ בטעם תפוח 200 מל,מיליליטרים,800.00,"100 מ""ל",false,1,9.90,1.2375,true,1,172833
9015340100465,false,רביעיית מיץ בטעם פיר,,,רביעיית מיץ בטעם פירות יער 200 מל,מיליליטרים,800.00,"100 מ""ל",false,1,9.90,1.2375,true,1,172832
9015340100472,false,רביעיית מיץ בטעם פטל,,,רביעיית מיץ בטעם פטל 200 מל,מיליליטרים,800.00,"100 מ""ל",false,1,9.90,1.2375,true,1,172831
9015340103794,false,רביעיית מיץ בטעם אננ,,,רביעיית מיץ בטעם אננס אקזוטי 200 מל,מיליליטרים,800.00,"100 מ""ל",false,1,9.90,1.2375,true,1,172830
9028800639962,false,בירה אדלווייס 500 מל,,,"בירה אדלווייס 500 מ""ל",מיליליטרים,500.00,"100 מ""ל",false,1,10.90,2.1800,true,1,127460
9310072028750,false,חטיף שוקולד טים טם ד,ארנולטס,,חטיף ביסקוויט טים טם,גרמים,200.00,100 גרם,false,1,19.90,9.9500,true,1,131709
9312631801118,false,תה פרמיום שחור סלקשן,דילמח,,"תה ""פרמיום"" שחור סלקשן 200 גר",גרמים,200.00,100 גרם,false,24,19.90,9.9500,true,1,125894
9322969000015,false,פריכיות תירס אורגינל,Algam Gil - Agent,,פריכיות תירס אורגינל 150 גר,גרמים,150.00,100 גרם,false,1,11.90,7.9333,true,1,125849
9322969000039,false,פריכיות תירס עם 4 דג,,AU,פריכיות תירס עם 4 דגנים מלאים 150 גר,גרמים,150.00,100 גרם,false,6,11.90,7.9333,true,1,144240
9322969000046,false,פריכיות תירס עם שומש,Algam Gil - Agent,,פריכיות תירס עם שומשום 150 גר,גרמים,150.00,100 גרם,false,1,11.90,7.9333,true,1,125851
9556771006921,false,קפוצינו אונו מומנטו,,MY,קפוצינו אונו מומנטו 20 שק,גרמים,510.00,100 גרם,false,12,24.90,4.8824,true,1,167746
9670221996461,false,כדור שקוף ציור איש ש,,IL,כדור שקוף ציור איש שלג ועץ אשוח לקישוט,Unknown,0.00,Unknown,false,1,6.90,0.0000,true,1,167064
9720188050109,false,ממרח טופו 225 גר,,,ממרח טופו 225 גר,גרמים,225.00,100 גרם,false,1,19.90,8.8444,true,1,124884
9720188060108,false,ממרח טופו טעם שמנת 3,,,ממרח טופו טעם שמנת 2,גרמים,340.00,100 גרם,false,1,19.90,5.8529,true,1,124885
9781968129002,false,ספר/לוח שנה 12.90,,,ספר 12.90,Unknown,0.00,Unknown,false,1,12.90,0.0000,true,1,132849
9781968149901,false,ספר 14.90,,,ספר 14.90,Unknown,0.00,Unknown,false,1,14.90,0.0000,true,1,126871
9781968199906,false,ספר 19.90,,,ספר 19.90,Unknown,0.00,Unknown,false,1,19.90,0.0000,true,1,126872
9781968229002,false,ספר 22.90,,,ספר 22.90,Unknown,0.00,Unknown,false,1,22.90,0.0000,true,1,171581
9781968299002,false,ספר 29.90,,,ספר 29.90,Unknown,0.00,Unknown,false,1,29.90,0.0000,true,1,171583
