code,internal_code,name,manufacturer_name,manufacture_country,manufacturer_item_description,unit_qty,quantity,unit_of_measure,weighted,qty_in_package,price,unit_of_measure_price,allow_discount,status,item_id
319,true,תו סיבוס פטור מעמ,ספקים שונים,,,יח`,1,,false,1,0.01,0.01,false,1,
321,true,תן ביס פטור מעמ,ספקים שונים,,,יח`,1,,false,1,0.01,0.01,false,1,
501,true,ראש קוקוס,בכורי שדה דרום 2002 בעמ,,,יח`,1,,false,1,10.90,10.90,false,1,
2001,true,אשכולית,פירות בני דרור בעמ,,,"ק""ג",1,,true,1,6.90,6.90,false,1,
2002,true,אשכולית אדומה,תעשיות תוצרת חקלאית אביטן בני,,,"ק""ג",1,,true,1,6.90,6.90,false,1,
2003,true,אבוקדו,גליל שוק מקומי אגשח*שיק ל60 יו,,,"ק""ג",1,,true,1,13.90,13.90,false,1,
2006,true,ארטישוק,אנונה שיווק בעמ*שיק 45 יום*,,,"ק""ג",1,,true,1,25,25,false,1,
2007,true,בטטה,משק כרמי ייצור ושיווק תוצרת*שי,,,"ק""ג",1,,true,1,9.90,9.90,false,1,
2009,true,בננות,גליל שוק מקומי אגשח*שיק ל60 יו,,,"ק""ג",1,,true,1,6.90,6.90,false,1,
2010,true,בצל יבש,רביבו יהודה חקלאות ונכסים בעמ,,,"ק""ג",1,,true,1,5.90,5.90,false,1,
2012,true,אננס,פירות הכרמל אגשח בעמ*שיק 45 יו,,,יח`,1,,false,1,40,40,false,1,
2013,true,גויאבה,אלדד קליימן שיווק בעמ*שיק 40 י,,,"ק""ג",1,,true,1,19.90,19.90,false,1,
2015,true,דלעת,שוסטר תעשיות מזון בעמ*שיק ל 60,,,"ק""ג",1,,true,1,9.90,9.90,false,1,
2016,true,דלורית,שוסטר תעשיות מזון בעמ*שיק ל 60,,,"ק""ג",1,,true,1,7.90,7.90,false,1,
2017,true,תפוח זהוב,בראשית - אגודה שיתופית חקלאית-,,,"ק""ג",1,,true,1,10.90,10.90,false,1,
2019,true,חסה עגולה,הירוקים של רצון בעמ,,,יח`,1,,false,1,5.90,5.90,false,1,
2020,true,חסה רגילה,הירוקים של רצון בעמ,,,יח`,1,,false,1,5.90,5.90,false,1,
2021,true,חצילים,שיווק העשור ירקות הזהב בעמ - (,,,"ק""ג",1,,true,1,7.90,7.90,false,1,
2024,true,כרוב לבן,תעשיות תוצרת חקלאית אביטן בני,,,"ק""ג",1,,true,1,3.90,3.90,false,1,
2025,true,כרובית,ד.ע. ימין גידול ושיווק ירקות*ש,,,"ק""ג",1,,true,1,8.90,8.90,false,1,
2027,true,לימון,אתרוג תוצרת חקלאית*שיק 30 יום*,,,"ק""ג",1,,true,1,9.90,9.90,false,1,
2028,true,מלפפון,נסים מאיר חקלאי בעמ*שיק 30 יום,,,"ק""ג",1,,true,1,7.90,7.90,false,1,
2029,true,מלון,בננות החוף אגשח בעמ,,,"ק""ג",1,,true,1,8.90,8.90,false,1,
2033,true,תפוח סמיט,בראשית - אגודה שיתופית חקלאית-,,,"ק""ג",1,,true,1,10.90,10.90,false,1,
2034,true,תפוח סטארקינג חרמון,בראשית - אגודה שיתופית חקלאית-,,,"ק""ג",1,,true,1,10.90,10.90,false,1,
2035,true,סלק,מלוא הסל שיווק ירקות בעמ*שיק 3,,,"ק""ג",1,,true,1,6.90,6.90,false,1,
2036,true,עגבניה,שיווק העשור ירקות הזהב בעמ - (,,,"ק""ג",1,,true,1,4.90,4.90,false,1,
2038,true,פטריות שמפיניון יחידה,מרינה פטריות הגליל בעמ,,,יח`,1,,false,1,9.90,9.90,true,1,
2039,true,פומלה,מהדרין תנופורט ייצוא פרי אור -,,,"ק""ג",1,,true,1,9.90,9.90,false,1,
2040,true,פלפל ירוק,ינאי - מרכז פרי והירק בעמ*שיק,,,"ק""ג",1,,true,1,8.90,8.90,false,1,
2041,true,פלפל חריף,שיווק העשור ירקות הזהב בעמ - (,,,"ק""ג",1,,true,1,9.90,9.90,false,1,
2046,true,קולורבי,תעשיות תוצרת חקלאית אביטן בני,,,"ק""ג",1,,true,1,7.90,7.90,false,1,
2047,true,קלמנטינה,תעשיות תוצרת חקלאית אביטן בני,,,"ק""ג",1,,true,1,7.90,7.90,false,1,
2048,true,קישואים,אשר שי אלבז *שיק 30 יום*,,,"ק""ג",1,,true,1,9.90,9.90,false,1,
2049,true,קיווי,בראשית - אגודה שיתופית*שיק 45,,,"ק""ג",1,,true,1,19.90,19.90,false,1,
2050,true,פומלית,תעשיות תוצרת חקלאית אביטן בני,,,"ק""ג",1,,true,1,9.90,9.90,false,1,
2051,true,לפת,מלוא הסל שיווק ירקות בעמ*שיק 3,,,"ק""ג",1,,true,1,7.90,7.90,false,1,
2052,true,לוף ארוז,א.אדמה (2007) בעמ,,,יח`,1,,false,1,9.90,9.90,false,1,
2055,true,שורש,מובילי ההר,,,יח`,1,,false,1,6.90,6.90,false,1,
2058,true,תפוא לבן,עוגן שיווק ואריזות בעמ,,,"ק""ג",1,,true,1,3.90,3.90,false,1,
2059,true,תפוזים,הדרי קטיף אריזה ושיווק בעמ*שיק,,,"ק""ג",1,,true,1,6.90,6.90,false,1,
2060,true,תירס ארוז,צמח שיווק תוצרת חקלאית *שיק 30,,,"ק""ג",1,,true,1,10.90,10.90,false,1,
2061,true,פלפל אדום,י.ל. החקלאים שיווק והפצה בעמ*ש,,,"ק""ג",1,,true,1,9.90,9.90,false,1,
2063,true,אגס,טריפל סל בעמ,,,"ק""ג",1,,true,1,13.90,13.90,false,1,
2064,true,כרוב אדום,תעשיות תוצרת חקלאית אביטן בני,,,"ק""ג",1,,true,1,6.90,6.90,false,1,
2065,true,פלפל חריף אדום,דובדבן שיווק בעמ*שיק 60 יום*,,,"ק""ג",1,,true,1,10.90,10.90,false,1,
2066,true,פלפל בהיר,שיווק העשור ירקות הזהב בעמ - (,,,"ק""ג",1,,true,1,10.90,10.90,false,1,
2067,true,פלפל צהוב,ב.ד. גידול ירקות בעמ*שיק 30 יו,,,"ק""ג",1,,true,1,9.90,9.90,false,1,
2068,true,אפרסמון,מור פירות השרון בעמ-לא לחייב,,,"ק""ג",1,,true,1,12.90,12.90,false,1,
2072,true,בצל אדום,רביבו יהודה חקלאות ונכסים בעמ,,,"ק""ג",1,,true,1,7.90,7.90,false,1,
2074,true,שרי ארוז,צימן עגבניות שיווק רמת הנגב בע,,,יח`,1,,false,1,9.90,9.90,false,1,
2080,true,נקטרינה,מיטב פרי הרמה (1995) בעמ*שיק 3,,,"ק""ג",1,,true,1,12.90,12.90,false,1,
2082,true,תפוח פינק,בראשית - אגודה שיתופית חקלאית-,,,"ק""ג",1,,true,1,13.90,13.90,false,1,
2092,true,פלפל שושקה,י.ל. החקלאים שיווק והפצה בעמ*ש,,,"ק""ג",1,,true,1,10.90,10.90,false,1,
2094,true,תפוח ענה,ח.ע בסד שיווק פירות בעמ,,,"ק""ג",1,,true,1,10.90,10.90,false,1,
2099,true,שזיף אדום,בועז את עמיר בעמ*שיק 40 יום*,,,"ק""ג",1,,true,1,16.90,16.90,false,1,
2111,true,בטטה ירושלמית כסביה,הררי מאיר ובניו הובלות בקרור ב,,,"ק""ג",1,,true,1,13.90,13.90,false,1,
2113,true,פלפל כתום,י.ל. החקלאים שיווק והפצה בעמ*ש,,,"ק""ג",1,,true,1,9.90,9.90,false,1,
2114,true,ערמונים תפזורת,בכורי שדה דרום 2002 בעמ,,,"ק""ג",1,,true,1,19.90,19.90,false,1,
2116,true,קישואים עגולים,עמית בראון שיווק עמ*שיק 40 יום,,,"ק""ג",1,,true,1,10.90,10.90,false,1,
2120,true,תפוא אדום,עוגן שיווק ואריזות בעמ,,,"ק""ג",1,,true,1,4.90,4.90,false,1,
2127,true,ענבים ירוקים טלי,לכיש מושב עובדים להתישבות*30 י,,,"ק""ג",1,,true,1,29.90,29.90,false,1,
2130,true,אנונה,גליל שוק מקומי אגשח*שיק ל60 יו,,,"ק""ג",1,,true,1,19.90,19.90,false,1,
2132,true,ברוקולי ארוז,בננות החוף אגשח בעמ,,,יח`,1,,false,1,10,10,false,1,
2134,true,תפוח נאשי,בראשית - אגודה שיתופית חקלאית-,,,"ק""ג",1,,true,1,15.90,15.90,false,1,
2144,true,קישוא זוקיני,שיווק העשור ירקות הזהב*שיק 30,,,"ק""ג",1,,true,1,10.90,10.90,false,1,
2158,true,תפוזים ברשת,מהדרין תנופורט ייצוא פרי אור -,,,"ק""ג",1,,true,1,5.90,5.90,false,1,
2165,true,פטריות תפזורת גדולות למילוי,חוות השמפיניון בעמ,,,"ק""ג",1,,true,1,39.90,39.90,false,1,
2168,true,תפוח ברשת,אמצע השוק בעמ,,,"ק""ג",1,,true,1,9.90,9.90,false,1,
2170,true,שעועית ירוקה,בננות החוף אגשח בעמ,,,יח`,1,,false,1,10,10,false,1,
2173,true,חציל בלדי,י.ל. החקלאים שיווק והפצה בעמ*ש,,,"ק""ג",1,,true,1,8.90,8.90,false,1,
2178,true,חצילונים,נווה ירק בעמ,,,"ק""ג",1,,true,1,7.90,7.90,false,1,
2186,true,תפוח גלה,בראשית - אגודה שיתופית חקלאית-,,,"ק""ג",1,,true,1,10.90,10.90,false,1,
40145,true,חזה טרי וולט,ספקים שונים,,,יח`,1,,false,1,42.40,42.40,false,1,
40147,true,שניצל דק טרי וולט,ספקים שונים,,,יח`,1,,false,1,38.90,38.90,false,1,
50001,true,אבוקדו וולט,ספקים שונים,,,יח`,1,,false,1,2.90,2.90,true,1,
50002,true,ארטישוק וולט,ספקים שונים,,,יח`,1,,false,1,9.90,9.90,false,1,
50003,true,בטטה וולט,ספקים שונים,,,יח`,10,100 גרם,false,1,2.30,0.23,false,1,
50004,true,בצל אדום וולט,ספקים שונים,,,יח`,1,,false,1,2,2,false,1,
50005,true,בצל וולט,ספקים שונים,,,יח`,1,,false,1,1.10,1.10,false,1,
50007,true,גזר וולט,ספקים שונים,,,יח`,1,,false,1,1,1,false,1,
50013,true,חצילים וולט,ספקים שונים,,,יח`,1,,false,1,2,2,false,1,
50014,true,כרוב אדום וולט,ספקים שונים,,,יח`,1,,false,1,7.80,7.80,false,1,
50015,true,כרוב לבן וולט,ספקים שונים,,,יח`,1,,false,1,4.90,4.90,false,1,
50016,true,כרובית וולט,ספקים שונים,,,יח`,1,,false,1,12,12,false,1,
50017,true,לימון וולט,ספקים שונים,,,יח`,1,,false,1,1.50,1.50,false,1,
50019,true,מלפפון וולט,ספקים שונים,,,יח`,1,,false,1,0.70,0.70,false,1,
50020,true,סלק אדום וולט,ספקים שונים,,,יח`,1,,false,1,1.70,1.70,false,1,
50022,true,עגבניה וולט,ספקים שונים,,,יח`,1,,false,1,1,1,false,1,
50023,true,עגבניה שרי וולט,ספקים שונים,,,יח`,1,,false,1,10.80,10.80,false,1,
50025,true,פלפל אדום וולט,ספקים שונים,,,יח`,1,,false,1,2,2,false,1,
50030,true,פלפל צהוב וולט,ספקים שונים,,,יח`,1,,false,1,3,3,false,1,
50035,true,קישואים וולט,ספקים שונים,,,יח`,1,,false,1,1.70,1.70,false,1,
50038,true,שרי מנומר וולט,ספקים שונים,,,יח`,1,,false,1,10.80,10.80,false,1,
50040,true,תפוא אדום וולט,ספקים שונים,,,יח`,1,,false,1,1.50,1.50,false,1,
50042,true,תפוא לבן וולט,ספקים שונים,,,יח`,1,,false,1,1.40,1.40,false,1,
50044,true,אגסים וולט,ספקים שונים,,,יח`,1,,false,1,2.80,2.80,false,1,
50045,true,אוכמניות וולט,ספקים שונים,,,יח`,1,,false,1,16.50,16.50,true,1,
50046,true,בננות וולט,ספקים שונים,,,יח`,1,,false,1,1,1,false,1,
50050,true,תפוח זהוב וולט,ספקים שונים,,,יח`,1,,false,1,2,2,false,1,
50051,true,תפוח חרמון וולט,ספקים שונים,,,יח`,1,,false,1,2,2,false,1,
50059,true,ענבים שחורים וולט,ספקים שונים,,,יח`,1,,false,1,39.90,39.90,false,1,
50060,true,ענבים ירוקים וולט,ספקים שונים,,,יח`,1,,false,1,39.90,39.90,false,1,
1230331,true,כאמל בוקס,גלוברנדס בעמ - שיווק סיגריות,,,יח`,1,,false,1,34,34,true,1,
1230739,true,כאמל כחול,גלוברנדס בעמ - שיווק סיגריות,,,יח`,1,,false,1,34,34,true,1,
1231932,true,וינסטון כחול בוקס,גלוברנדס בעמ - שיווק סיגריות,,,יח`,1,,false,1,33.50,33.50,true,1,
1235938,true,וינסטון כחול ארוך,גלוברנדס בעמ - שיווק סיגריות,,,יח`,1,,false,1,33.50,33.50,true,1,
1385098,true,שריר טרי ארוז מוכשר,אדום אדום - תנובה בקר,,,"ק""ג",0,100 גרם,true,1,64.90,64.90,false,1,
1385159,true,קוביות לגולש טרי ארוז מוכשר,אדום אדום - תנובה בקר,,,"ק""ג",0,100 גרם,true,1,69.90,69.90,false,1,
2139898,true,סטייק טרי ארוז מוכשר אנטריקוט,אדום אדום - תנובה בקר,,,"ק""ג",0,100 גרם,true,1,139,139,false,1,
2206019,true,כרעיים עוף טרי ארוז,קורניש חן (1987) בעמ,,,"ק""ג",1,,true,1,26.90,26.90,true,1,
2206033,true,שוקיים עוף טרי ארוז,קורניש חן (1987) בעמ,,,"ק""ג",1,,true,1,29.90,29.90,true,1,
2206040,true,כנפיים עוף טרי ארוז,קורניש חן (1987) בעמ,,,"ק""ג",1,,true,1,12.90,12.90,false,1,
2206057,true,חזה עוף טרי שלם ארוז,קורניש חן (1987) בעמ,,,"ק""ג",1,,true,1,32.90,32.90,true,1,
2206064,true,חזה עוף פרוס טרי ארוז שניצל,קורניש חן (1987) בעמ,,,"ק""ג",1,,true,1,34.90,34.90,false,1,
2206101,true,סטייק פרגית ללא עור,קורניש חן (1987) בעמ,,,"ק""ג",1,,true,1,54.90,54.90,false,1,
2209071,true,פילה עוף טרי ארוז,קורניש חן (1987) בעמ,,,"ק""ג",1,,true,1,34.90,34.90,false,1,
2332343,true,דג אמנון טרי שלם מגש ארוז,דגת הארץ - אגודה שיתופית חקלאי,,,"ק""ג",1,,true,1,49.90,49.90,false,1,
2447085,true,רצועות לשווארמה טרי ארוז מוכשר,אדום אדום - תנובה בקר,,,"ק""ג",0,100 גרם,true,1,74.90,74.90,false,1,
3423909,true,חטיף שוקולד לבן עם שברי עוגיות הרשי 43 ג,ליימן שליסל בעמ,,,יח`,1,,false,1,5.70,5.70,false,1,
3444009,true,חטיף שוקולד חלב עם חמאת בוטנים הרשי 42 ג,ליימן שליסל בעמ,,,יח`,1,,false,1,4.60,4.60,false,1,
3632404,true,פילה מרלוזה ארגנטיני ללא עור מוביל,בלדי בעמ,,,"ק""ג",1,,true,1,32.90,32.90,false,1,
3893843,true,פילה מושט ללא עור,בלו פיש גורמה סולושנס בעמ,,,"ק""ג",1,,true,1,29.90,29.90,false,1,
4033712,true,לחם עננים מקמח מלא 750 גרם.,י.את א. ברמן בעמ,,,יח`,7.50,100 גרם,false,1,15.50,2.07,false,1,
4033736,true,לחם עננים בסגנון בריוש 500 גר`,י.את א. ברמן בעמ,,,יח`,5,100 גרם,false,1,14.90,2.98,false,1,
6131188,true,פילה סלמון,נ.ת.נ.ג.ב החזקות יעוץ וניהול ב,,,"ק""ג",1,,true,1,69.90,69.90,false,1,
6131706,true,פילה אמנון (מושט) קפוא,נ.ת.נ.ג.ב החזקות יעוץ וניהול ב,,,"ק""ג",1,,true,1,24.90,24.90,false,1,
6131829,true,פילה סלמון מנות,נ.ת.נ.ג.ב החזקות יעוץ וניהול ב,,,"ק""ג",1,,true,1,84.90,84.90,false,1,
8577267,true,עוף טרי שלם ארוז,קורניש חן (1987) בעמ,,,"ק""ג",1,,true,1,19.90,19.90,false,1,
8618007,true,דג פילה סלמון טרי פרוס מגש,מאסטרפוד בעמ,,,"ק""ג",1,,true,1,99,99,false,1,
8618021,true,דג פילה דניס טרי מגש,מאסטרפוד בעמ,,,"ק""ג",1,,true,1,119,119,false,1,
8618038,true,פילה לברק טרי מגש,מאסטרפוד בעמ,,,"ק""ג",1,,true,1,126,126,false,1,
8618083,true,פילה אמנון טרי מגש,מאסטרפוד בעמ,,,"ק""ג",1,,true,1,69.90,69.90,false,1,
40084107,true,קינדר ביצת הפתעה,פרימיום-חברה לדברי מתיקה ולמסח,,,יח`,1,,false,1,5.50,5.50,false,1,
40111216,true,באונטי חטיף שוקולד קוקוס 57 גרם,מרס ריגלי ישראל בעמ,,,יח`,0.57,100 גרם,false,1,4,7.02,true,1,
41001356,true,בירה בקס פחית 500 מל,הכרם - משקאות חריפים בעמ,,,יח`,5,"100 מ""ל",false,1,11.90,2.32,true,1,
42149996,true,בירה בקס בקבוק 275 מל י.ד עסקים,י.ד.עסקים (1986) בעמ,,,יח`,2.75,"100 מ""ל",false,1,9.10,3.20,false,1,
59039549,true,ווג פריזון לייט,גלוברנדס בעמ - שיווק סיגריות,,,יח`,1,,false,1,41,41,true,1,
72940761,true,מילקי שוקו,שטראוס גרופ בעמ/מצונן,,,יח`,1.30,"100 מ""ל",false,1,2.90,2.23,false,1,
72940952,true,מילקי פי 2 קצפת,שטראוס גרופ בעמ/מצונן,,,יח`,1.70,"100 מ""ל",false,1,3.90,2.29,false,1,
72986370,true,גלידת פיינטים וניל צרפתי בן אנד גריס,מוצרי איכות אמריקאיים בעמ,,,יח`,4.20,"100 מ""ל",false,1,20.30,4.83,true,1,
72986424,true,גלידת פיינטים קרם עוגיות,מוצרי איכות אמריקאיים בעמ,,,יח`,4.20,"100 מ""ל",false,1,20.30,4.83,true,1,
72986448,true,גלידת פיינטים טופי קרנץ,מוצרי איכות אמריקאיים בעמ,,,יח`,4.20,"100 מ""ל",false,1,20.30,4.83,true,1,
72986455,true,גלידת פיינטים ניו-יורק סופר,מוצרי איכות אמריקאיים בעמ,,,יח`,4.20,"100 מ""ל",false,1,20.30,4.83,true,1,
72986479,true,גלידת פיינטים צאנקי מנקי,מוצרי איכות אמריקאיים בעמ,,,יח`,4.20,"100 מ""ל",false,1,20.30,4.83,true,1,
72989425,true,גלידת פיינטים שוקולד בראוניס,מוצרי איכות אמריקאיים בעמ,,,יח`,4.20,"100 מ""ל",false,1,20.30,4.83,true,1,
72991886,true,גלידת פיינטים בן אנד גריס פיינט 500 מל,מוצרי איכות אמריקאיים בעמ,,,יח`,5,"100 מ""ל",false,1,20.30,4.06,true,1,
72993637,true,דני שוקולד בודד,שטראוס גרופ בעמ/מצונן,,,יח`,1.25,"100 מ""ל",false,1,2.60,2.08,false,1,
80042563,true,פאסטה עגבניות 700mutti גרם,רסטרטו יבוא ושיווק בעמ*אין החז,,,יח`,7,100 גרם,false,1,13.50,1.93,false,1,
80176800,true,ממרח אגוזי לוז נוטלה (750 גרם),פרימיום-חברה לדברי מתיקה ולמסח,,,יח`,7.50,100 גרם,false,1,25.90,3.45,false,1,
80177173,true,ממרח אגוזי לוז נוטלה (350 גרם),פרימיום-חברה לדברי מתיקה ולמסח,,,יח`,3.50,100 גרם,false,1,15.90,4.54,false,1,
80177616,true,אצבעות שוקולד קינדר (8 יח`- 100 גרם),פרימיום-חברה לדברי מתיקה ולמסח,,,יח`,1,,false,1,7.90,7.90,false,1,
80761761,true,קינדר בואנו לבן בודד 0.43 גר`,פרימיום-חברה לדברי מתיקה ולמסח,,,יח`,0.43,100 גרם,false,1,3.90,9.07,false,1,
80773429,true,מסטיק מנטוס פיור פרש בטעם תות ללס 60 גר,ליימן שליסל בעמ,,,יח`,0.60,100 גרם,false,1,10.50,17.50,false,1,
80773443,true,מסטיק מנטוס בטעם מנטה עדין ללס,ליימן שליסל בעמ,,,יח`,0.60,100 גרם,false,1,10.50,17.50,false,1,
80790990,true,מסטיק מנטוס טעם פירות מנטה ללס,ליימן שליסל בעמ,,,יח`,0.60,100 גרם,false,1,10.50,17.50,false,1,
80913467,true,מסטיק מנטוס טעם מנטה ללס 60 גר,ליימן שליסל בעמ,,,יח`,0.60,100 גרם,false,1,10.50,17.50,false,1,
85942707,true,נייר קצר לגלגול ללא פילטר עבה,צפניה ברזילי בעמ,,,יח`,1,,false,1,2,2,false,1,
85966611,true,נייר גלגול גדול Black כולל פילטר,צפניה ברזילי בעמ,,,יח`,1,,false,1,6,6,false,1,
85967069,true,נייר גלגול גדול כולל פילטר חום,צפניה ברזילי בעמ,,,יח`,1,,false,1,7,7,false,1,
87108538,true,סוכריות לעיסה בטעם תות מנטוס (37.5 גרם),ליימן שליסל בעמ,,,יח`,0.37,100 גרם,false,1,4,10.81,false,1,
90162602,true,משקה אנרגיה רד בול (250 מל),דיפלומט היינץ,,,יח`,2.50,"100 מ""ל",false,1,6.90,2.64,false,1,
90162800,true,רד בול משקה אנרגיה 250 מל ללס,דיפלומט היינץ,,,יח`,2.50,"100 מ""ל",false,1,6.90,2.64,false,1,
90446269,true,משקה אנרגיה רד בול (250 מל),דיפלומט היינץ,,,יח`,2.50,"100 מ""ל",false,1,6.90,2.64,false,1,
9800800056,true,נוטלה אנד גו 52 גרם,פרימיום-חברה לדברי מתיקה ולמסח,,,יח`,0.52,100 גרם,false,1,5.50,10.58,false,1,
11182700930,true,קינג קול שעועית אדומה כהה 439 גרם,מור-ים מרקטינג בעמ,,,יח`,4.39,100 גרם,false,1,10.90,2.48,false,1,
11182700954,true,קינג קול שעועית שחורה 454 גרם,מור-ים מרקטינג בעמ,,,יח`,4.39,100 גרם,false,1,10.90,2.48,false,1,
13495113506,true,חטיף ביסקויט שוקולד חלב קליק (75 גרם),יוניליוור ישראל שיווק בעמ,,,יח`,0.75,100 גרם,false,1,6.90,9.20,false,1,
13495113513,true,חטיף כדורים שוקולד חלב קליק (75 גרם),יוניליוור ישראל שיווק בעמ,,,יח`,0.75,100 גרם,false,1,6.90,9.20,false,1,
13495113520,true,חטיף קורנפלקס שוקולד חלב קליק (75 גרם),יוניליוור ישראל שיווק בעמ,,,יח`,0.75,100 גרם,false,1,6.90,9.20,false,1,
13495113537,true,חטיף שוקולד חום לבן קליק (75 גרם),יוניליוור ישראל שיווק בעמ,,,יח`,0.75,100 גרם,false,1,6.90,9.20,false,1,
13495113551,true,קליק שקיות עוגי,יוניליוור ישראל שיווק בעמ,,,יח`,0.75,100 גרם,false,1,6.90,9.20,false,1,
13495113582,true,חטיף כריות שוקולד חלב קליק (75 גרם),יוניליוור ישראל שיווק בעמ,,,יח`,0.75,100 גרם,false,1,6.90,9.20,false,1,
16000185517,true,פייבר וואן 555 גר`,קבוצת אסם סחר שות. מוגבלת,,,יח`,5.55,100 גרם,false,1,27.60,4.97,false,1,
16000548404,true,נייטשר וואלי 210 גר`שיבולת שועל ודבש,ליימן שליסל בעמ,,,יח`,1.75,100 גרם,false,1,14.90,8.51,false,1,
16000548503,true,נייטשר וואלי 210 גר`מייפל וסוכר חום,ליימן שליסל בעמ,,,יח`,2.10,100 גרם,false,1,14.90,7.10,false,1,
22200956949,true,ספיד סטיק 24/7 ג`ל קול פיוזן יבוא מקביל,בית הצעצוע בעמ,,,יח`,0.51,100 גרם,false,1,15.90,31.18,false,1,
38000232152,true,פרינגלס ברביקיו 158 גר`,דיפלומט היינץ,,,יח`,1.58,100 גרם,false,1,9.90,6.27,true,1,
38000232176,true,פרינגלס שמנת בצל 158 גר`,דיפלומט היינץ,,,יח`,1.58,100 גרם,false,1,9.90,6.27,true,1,
38000232183,true,פרינגלס אורגינל 149 גר`,דיפלומט היינץ,,,יח`,1.49,100 גרם,false,1,9.90,6.64,true,1,
38000845253,true,פרינגלס מידי שמנת בצל 71 גר,דיפלומט היינץ,,,יח`,0.67,100 גרם,false,1,5.90,8.81,false,1,
40000514480,true,עדשי שוקולד אם אנד אם (48 גרם),מרס ריגלי ישראל בעמ,,,יח`,1,,false,1,5,5,true,1,
40000514510,true,עדשי שוקולד בוטנים אם אנד אם (49 גרם),מרס ריגלי ישראל בעמ,,,יח`,0.49,100 גרם,false,1,5,10.20,true,1,
41190007097,true,חומץ תפוחים 946 מל גאלה,מור-ים מרקטינג בעמ,,,יח`,9.46,"100 מ""ל",false,1,14.90,1.58,false,1,
41390001079,true,רוטב סויה דל נתרן קיקומן (444 מל),דיפלומט היינץ,,,יח`,4.44,"100 מ""ל",false,1,32.60,7.34,false,1,
46214731552,true,עוגיות שוקולד צ`יפס מרבה (225 גרם),ש.שסטוביץ בעמ,,,יח`,2.25,100 גרם,false,1,10.90,4.84,true,1,
50000429042,true,פנסי פיסט 85 גר`כבד ועוף,שחורי אריה ואנסטסיה,,,יח`,0.85,100 גרם,false,1,5.90,6.94,false,1,
55369901673,true,רסק תפוחי עץ+אפרסק ללתס רביעייה 452 גר`,מור-ים מרקטינג בעמ,,,יח`,4.52,100 גרם,false,1,14.90,3.30,false,1,
55369902564,true,רסק תפוחי עץ ללתס רביעייה 452 גר`אלפסנ,מור-ים מרקטינג בעמ,,,יח`,4.52,100 גרם,false,1,14.50,3.21,false,1,
64144090051,true,תרסיס שמן קנולה פאם (148 מל),ליימן שליסל בעמ,,,יח`,1.48,"100 מ""ל",false,1,20.90,14.12,true,1,
72600007123,true,הר חטיף תפוח אדמה קטל טבעי 142 גר`,מור-ים מרקטינג בעמ,,,יח`,1.42,100 גרם,false,1,20.90,14.72,false,1,
76840100583,true,גלידה וניל+בצק עוגיות ושוקולד ציפס 473ג,מוצרי איכות אמריקאיים בעמ,,,יח`,4.73,"100 מ""ל",false,1,20.30,4.29,true,1,
76840400218,true,גלידת פיינטים בן אנד גריס פיינט תות,מוצרי איכות אמריקאיים בעמ,,,יח`,7.50,"100 מ""ל",false,1,20.30,2.71,true,1,
77245110610,true,סוכריות ללס בטעם מנטה מאסט (80 גרם),שטראוס גרופ בעמ,,,יח`,0.80,100 גרם,false,1,9.70,12.13,false,1,
77343000127,true,נר נשמה 26 שעות.,אבאל יזמות בעמ,,,יח`,1,,false,1,2.90,2.90,false,1,
77343000233,true,נרות חימום מנורה שי נר (50),אבאל יזמות בעמ,,,יח`,1,,false,1,10.50,10.50,false,1,
77975094624,true,סניידרס שברי בייגלה במילוי חמאת בוטנים 2,ליימן שליסל בעמ,,,יח`,2.8350,100 גרם,false,1,15.90,5.61,true,1,
77975094761,true,סניידרס שברי בייגל בטעם גבינת צ`אדר,ליימן שליסל בעמ,,,יח`,3.40,100 גרם,false,1,16.90,4.97,true,1,
608011104269,true,חלה מיוחדת מתוקה לשבת וחג,מגוון שיווק והפצת מאפים בעמ,,,יח`,1,,false,1,12.90,12.90,false,1,
649660432020,true,שזיפים מיובשים מגולענים 567 גר`היל ויו,מור-ים מרקטינג בעמ,,,יח`,5.67,100 גרם,false,1,30.90,5.45,false,1,
649870166166,true,נייטיב פטה עוף לחתול בוגר,שחורי אריה ואנסטסיה,,,יח`,1,,false,1,4.90,4.90,false,1,
649870166180,true,נייטיב פטה סלמון ברוטב לחתול,שחורי אריה ואנסטסיה,,,יח`,1,,false,1,4.90,4.90,false,1,
651080647519,true,ג`ורדן פלקרס קיסם עם חוט-מנטה,דנשר (1963) בעמ,,,יח`,1,,false,1,13.20,13.20,false,1,
693493065641,true,טחינה הר כנען 100% 500 גר,אבאל יזמות בעמ,,,יח`,5,100 גרם,false,1,15.90,3.18,false,1,
693493168786,true,תמר מג`הול גמבו 1קג,סהר ותמר בעמ,,,יח`,10,100 גרם,false,1,25,2.50,false,1,
710535495539,true,אורז בסמטי 96% ( 1 קג ) AVEL,אבאל יזמות בעמ,,,יח`,1,"ק""ג",false,1,12.90,12.90,false,1,
728229123590,true,חטיף צ`יפס אורגינל טרה (110 גרם)כשר ל,משה סידס ובנו בעמ,,,יח`,1.10,100 גרם,false,1,14.90,13.55,false,1,
728229124771,true,חטיף טרה מבטטה בטעם ברבקיו 110 גר,משה סידס ובנו בעמ,,,יח`,1.10,100 גרם,false,1,14.90,13.55,false,1,
732494000524,true,קרטורס פופקורן קרמל וגבינה 213 גר`,מור-ים מרקטינג בעמ,,,יח`,2.13,100 גרם,false,1,26.90,12.63,false,1,
768404001640,true,גלידת פיינטים בטעם קפה,מוצרי איכות אמריקאיים בעמ,,,יח`,4.20,"100 מ""ל",false,1,20.30,4.83,true,1,
835811000402,true,כפות 50 יח`קרם עבה הנמל,הנמל אריזות ושיווק (1984) בעמ,,,יח`,1,,false,1,16.90,16.90,false,1,
835811000419,true,כפיות 50 יח`קרם עבה הנמל,הנמל אריזות ושיווק (1984) בעמ,,,יח`,1,,false,1,16.90,16.90,false,1,
835811000426,true,מזלגות 50 יח`שקוף עבה הנמל,הנמל אריזות ושיווק (1984) בעמ,,,יח`,1,,false,1,16.90,16.90,false,1,
835811000433,true,סכינים 50 יח`קרם עבה הנמל,הנמל אריזות ושיווק (1984) בעמ,,,יח`,1,,false,1,16.90,16.90,false,1,
835811003588,true,צלחות קלאסי גדול לבן 65 יח` הנמל,הנמל אריזות ושיווק (1984) בעמ,,,יח`,1,,false,1,35.90,35.90,false,1,
835811005810,true,מגש הכסף תבנית מרובע קטן+מכסה 10 יח`,הנמל אריזות ושיווק (1984) בעמ,,,יח`,1,,false,1,10.90,10.90,true,1,
835811005940,true,מגש הכסף תבנית אלומ` גדולה+ מכסה 8 יח`,הנמל אריזות ושיווק (1984) בעמ,,,יח`,1,,false,1,10.90,10.90,true,1,
835811005964,true,מגש הכסף תבנית אלומ`מאורך 20 יח`,הנמל אריזות ושיווק (1984) בעמ,,,יח`,1,,false,1,10.90,10.90,true,1,
835811006213,true,קערות למרק מקנה סוכר טבעי 25 יח`הנמל,הנמל אריזות ושיווק (1984) בעמ,,,יח`,1,,false,1,10.90,10.90,false,1,
835811006220,true,צלחות ענק מקנה סוכר טבעי 25 יח`הנמל,הנמל אריזות ושיווק (1984) בעמ,,,יח`,1,,false,1,13.90,13.90,false,1,
835811006244,true,צלחות גדולות מקנה סוכר טבעי 25 יח`הנמל,הנמל אריזות ושיווק (1984) בעמ,,,יח`,1,,false,1,12.90,12.90,false,1,
835811006435,true,מגש הכסף תבנית מלבןעמוק+ מכסה 9 יח`,הנמל אריזות ושיווק (1984) בעמ,,,יח`,1,,false,1,10.90,10.90,true,1,
835811008996,true,כוסות קרטון 50 יח` OZ הנמל,הנמל אריזות ושיווק (1984) בעמ,,,יח`,1,,false,1,19.90,19.90,false,1,
835811009368,true,מרקיות צבע 25 יח`מעורב הנמל,הנמל אריזות ושיווק (1984) בעמ,,,יח`,1,,false,1,10.90,10.90,false,1,
855958006662,true,צורו סלמון 56 גרם,שחורי אריה ואנסטסיה,,,יח`,1,,false,1,15.90,15.90,false,1,
856591000062,true,עוגיות מזרחיות עם מלח עבאדי (400 גרם),תה ויסוצקי (ישראל) בעמ,,,יח`,4,100 גרם,false,1,18.50,4.63,false,1,
856591000109,true,עוגיות מזרחיות עבאדי 400 גר`,תה ויסוצקי (ישראל) בעמ,,,יח`,4,100 גרם,false,1,18.50,4.63,false,1,
893594002068,true,פופקורנס צ`יפס עם מלח ים .,שטראוס פריטו ליי בעמ,,,יח`,0.32,100 גרם,false,1,6.90,21.56,false,1,
3014260228842,false,"קצף גילוח ג'ילט לעור רגיל 200 מ""ל",דיפלומט מפיצים (1968) בעמ,,,יח`,2,"100 מ""ל",false,1,14.90,7.45,false,1,
3046920028004,false,לינדט שוקולד אקסלנס מריר 70% 100 גר,לינדט ושפרונגלי קילשברג,,,יח`,1,100 גרם,false,1,15.90,15.90,true,1,
3046920028363,false,לינדט אקסלנס 85% מוצקי קקאו 100 גרם,לינדט ושפרונגלי קילשברג,,,יח`,1,100 גרם,false,1,16.60,16.60,true,1,
3046920029674,false,אקסלנס עם שבבי מלח לינדט (100 גרם),לינדט ושפרונגלי קילשברג,,,יח`,1,100 גרם,false,1,16.60,16.60,true,1,
3046920029759,false,אקסלנס שוקולד מריר 90% לינדט (100 גרם),לינדט ושפרונגלי קילשברג,,,יח`,1,100 גרם,false,1,16.30,16.30,true,1,
3068320014067,false,אוויאן מים מינרליים ספורט 750 מל,קריניציה ויטמינה אס,,,יח`,7.50,"100 מ""ל",false,1,10.90,1.41,false,1,
3083681142983,false,שעועית עדינה קפואה בונדואל 600 גר`,קפוא-זן תעשיות מזון בעמ - תפוג,,,יח`,6,100 גרם,false,1,22.90,3.82,false,1,
3083681143010,false,אפונת גן קפואה בונדואל 600 גר`,קפוא-זן תעשיות מזון בעמ - תפוג,,,יח`,6,100 גרם,false,1,14.90,2.48,false,1,
3083681143041,false,גרעיני תירס קפואים בונדואל 600 גר`,קפוא-זן תעשיות מזון בעמ - תפוג,,,יח`,6,100 גרם,false,1,15.90,2.65,false,1,
3083681143652,false,פרוסות חציל בגריל קפואים בונדואל 600ג,קפוא-זן תעשיות מזון בעמ - תפוג,,,יח`,6,100 גרם,false,1,25.90,4.32,false,1,
3083681143690,false,פרוסות זוקיני בגריל קפואים בונדואל 600ג,קפוא-זן תעשיות מזון בעמ - תפוג,,,יח`,6,100 גרם,false,1,25.90,4.32,false,1,
3083681143720,false,חצאי פלפלים בגריל קפואים בונדואל 60,קפוא-זן תעשיות מזון בעמ - תפוג,,,יח`,6,100 גרם,false,1,25.90,4.32,false,1,
3179110001140,false,מצת גדול לגריל קריקט,צפניה ברזילי בעמ,,,יח`,1,,false,1,16,16,false,1,
3387390320244,false,פיטנס דגני בוקר מחיטה מלאה עם פירות נסטלה 375 גרם,קבוצת אוסם סחר שותפות מוגבלת,,,יח`,3.75,100 גרם,false,1,20.30,5.41,true,1,
3387390730852,false,פיטנס דגנים מחיטה מלאה ואורז נסטלה 375 גרם,קבוצת אוסם סחר-שות.מוגבלת,,,יח`,3.75,100 גרם,false,1,21.90,5.84,true,1,
3523230025638,false,"גבינת עיזים בושה טבעי, 125 גרם",א. סיימן סחר בעמ,,,יח`,1.25,100 גרם,false,1,24.90,19.92,false,1,
3523230025652,false,"גבינת מיני בושה עם שום ועשי תיבול ועשבי, 125 גרם",א. סיימן סחר בעמ,,,יח`,1.25,100 גרם,false,1,24.90,19.92,false,1,
3574660240030,false,טמפונים או בה פרו קומפורט נורמל 32 יח,פארמה דיל (פ.א.ב.) שיווק והפצה,,,יח`,1,,false,1,20.50,20.50,false,1,
3574660649987,false,"ליסטרין קול מינט מילדר טייסט זירו 500 מ""ל",בית הצעצוע בעמ,,,יח`,5,"100 מ""ל",false,1,15.90,3.18,false,1,
3574661203577,false,ליסטרין אדוונס וויט 500 מל-יבוא מקביל,בית הצעצוע בעמ,,,יח`,5,"100 מ""ל",false,1,15.90,3.18,false,1,
4000351109380,false,שמן קנולה 1 ליטר BROLIO.,המותג-לא פעיל להקלדה,,,יח`,1,1 ליטר,false,1,9.90,9.90,false,1,
4000417022004,false,ריטר ספורט שוקולד חלב מעולה עם צימוקים ואגוזי לוז 100 גרם,ריטר ספורט Ritter sport,,,יח`,1,100 גרם,false,1,10.50,10.50,false,1,
4000417224002,false,"ריטר ספורט טבלת שוקולד מריר אגוזים, 100 גרם",ריטר ספורט Ritter sport,,,יח`,1,100 גרם,false,1,10.90,10.90,false,1,
4005808890507,false,ניוואה קרם סופט רב שימושי 200 מל יבוא,פארמה דיל (פ.א.ב.) שיווק והפצה,,,יח`,2,"100 מ""ל",false,1,16.90,8.45,false,1,
4008600241850,false,קונדומים דקים במיוחד למקסימום תחושה,שקד תבל בעמ,,,יח`,1,,false,1,34.90,34.90,true,1,
4009900403023,false,אורביט וויט בטעם מנטה בקבוקון 46 מלבניות,"מרס ריגלי ישראל בע""מ",,,יח`,1,,false,1,11.50,11.50,true,1,
4009900465304,false,סוכריות סקיטלס פירות חמוצים 174 גרם,"מרס ריגלי ישראל בע""מ",,,יח`,1.74,100 גרם,false,1,9.90,5.69,true,1,
4009900484060,false,מסטיק אורביט פרופשיונל בטעם מנטה ללא סוכר,"מרס ריגלי ישראל בע""מ",,,יח`,0.84,100 גרם,false,1,14.30,17.02,false,1,
4009900484091,false,מסטיק אורביט פרופשיונל בטעם מנטה ללא סוכר,"מרס ריגלי ישראל בע""מ",,,יח`,0.84,100 גרם,false,1,14.30,17.02,false,1,
4009900484305,false,מסטיק אורביט פרופשיונל סוויטמינט ביגי לבן 60יח',"מרס ריגלי ישראל בע""מ",,,יח`,0.84,100 גרם,false,1,14.30,17.02,false,1,
4009900531122,false,"מסטיק בטעם מנטה ספירמינט, 64 ג' פרופשיונל אורפיט","מרס ריגלי ישראל בע""מ",,,יח`,1,,false,1,11.50,11.50,true,1,
4011800528416,false,קורני חטיף דגנים עם בוטנים מתוק-מלוח*6,משה סידס ובנו בעמ,,,יח`,1.50,100 גרם,false,1,10.90,7.27,true,1,
4011800617615,false,קורני ביג שוקולד 50 גר`,משה סידס ובנו בעמ,,,יח`,0.50,100 גרם,false,1,5.90,11.80,true,1,
4011800617714,false,"""קורני"" ביג שוקו בננה50 גרם",מיוצר עי קונדיטוריית,,,יח`,0.50,100 גרם,false,1,5.90,11.80,true,1,
4011800618315,false,קורני ביג דארק אנד וואיט 40 גר`,משה סידס ובנו בעמ,,,יח`,0.40,100 גרם,false,1,5.90,14.75,true,1,
4011800630515,false,חטיף קורני שוקולד חלב ובננה 6 יח 150 גר,מיוצר עי קונדיטוריית,,,יח`,1.50,100 גרם,false,1,10.90,7.27,true,1,
4011800633516,false,קורני שוקולד מריר מעולה 58% קקאו 6*1,משה סידס ובנו בעמ,,,יח`,1.50,100 גרם,false,1,10.90,7.27,true,1,
4011800636517,false,קורני פרי שוקולד חלב מעולה ללא סוכר 6*1,מיוצר עי קונדיטוריית,,,יח`,1.20,100 גרם,false,1,10.90,9.08,true,1,
4014400910063,false,סוכריות חמאה וורטרס אורגינל (135 גרם),ליימן שליסל בע`מ,,,יח`,1.35,100 גרם,false,1,9.50,7.04,false,1,
4014400914696,false,וורטרס אורגינל סוכריות ללא סוכר 80 גרם,ליימן שליסל בע`מ,,,יח`,0.80,100 גרם,false,1,9.50,11.88,false,1,
4014400923711,false,בונבוניירה שוקולד אגוזים טופיפי 125 גרם,ליימן שליסל בע`מ,,,יח`,1.25,100 גרם,false,1,13.50,10.80,true,1,
4015400598329,false,תחבושות אולוויז קוואטרו נורמל פלוס 56 יחידות,דיפלומט מפיצים (1968) בעמ,,,יח`,1,,false,1,42.90,42.90,false,1,
4015400690498,false,טמפונים פרל סופר פלוס טמפקס קומפאק 18 יח,דיפלומט מפיצים (1968) בעמ,,,יח`,1,,false,1,22.90,22.90,false,1,
4015400731719,false,תחבושות היגייניות אולוויז יום ולילה Day & Night,דיפלומט מפיצים (1986) בע`מ,,,יח`,1,,false,1,21.40,21.40,true,1,
4015400755241,false,תחבושות היגייניות אולוויז אולטרה נורמל - 28 יח',דיפלומט מפיצים (1986) בע`מ,,,יח`,1,,false,1,21.40,21.40,true,1,
4015400755487,false,תחבושות היגייניות אולוויז אולטרה לונג - 24 יח',דיפלומט מפיצים (1986) בע`מ,,,יח`,1,,false,1,19.90,19.90,true,1,
4015600762742,false,שמפו יומיומי למניעת קשקשים הנוסחה הקלאסית,דיפלומט מפיצים (1986) בע`מ,,,יח`,5,"100 מ""ל",false,1,20.90,4.18,false,1,
4015600762902,false,"שמפו האד אנד שולדרס מנטול 500 מ""ל",דיפלומט מפיצים (1986) בע`מ,,,יח`,5,"100 מ""ל",false,1,20.90,4.18,false,1,
4015600763022,false,שמפו יומיומי למניעת קשקשים לשיער יבש/פגום לשיער רך כמשי,דיפלומט מפיצים (1986) בע`מ,,,יח`,5,"100 מ""ל",false,1,21.90,4.38,false,1,
4017100198151,false,בלזן היט ביסקוויט עם מלית קרם בטעם וניל (41%) 220 גרם,הדקלאים אגודת שיתופי,,,יח`,2.20,100 גרם,false,1,10.50,4.77,false,1,
4017100219900,false,בלזן וופלטן וופל מגולגל מצופה שוקולד חלב 100 גרם,הדקלאים אגודת שיתופי,,,יח`,1,100 גרם,false,1,13.90,13.90,false,1,
4022025261002,false,"בלו ווין גוורצטרמינר כשר 750 מ""ל",היכל היין שקד גולן בעמ,,,יח`,7.50,"100 מ""ל",false,1,52,6.89,true,1,
4025700001962,false,מילקה טבלה 100 גר' לבן 1/22 (4248023),דיפלומט מפיצים (1968) בעמ**,,,יח`,1,100 גרם,false,1,7.90,7.90,false,1,
4028208000284,false,נייר פילטר מספר 4 - BRIGITTA ובו 80 יחידות,דנשר (1963) בעמ,,,יח`,1,,false,1,11.90,11.90,false,1,
4033100024146,false,סיגריות ווינסטון קוד בודד,גלוברנדס בעמ - שיווק סיגריות,,,יח`,1,,false,1,32,32,true,1,
4033100024252,false,סיגריות ווינסטון אקווה בודד,גלוברנדס בעמ - שיווק סיגריות,,,יח`,1,,false,1,32,32,true,1,
4033100038914,false,טבק כאמל צהוב + נייר גלגול 30ג',גלוברנדס בעמ - שיווק סיגריות,,,יח`,1,,false,1,67,67,false,1,
4033100047350,false,טבק כאמל כחול + נייר גלגול 30ג',גלוברנדס בעמ - שיווק סיגריות,,,יח`,1,,false,1,67,67,false,1,
4079400182742,false,בירה פילסנר 4.9% שישייה בקבוק 330 מל,אבאל יזמות בעמ,,,יח`,1.98,1 ליטר,false,1,29.90,14.19,false,1,
4079400330129,false,"בירה פילסנר וולטרס 4.9% 500 מ""ל בפחית",אבאל יזמות בעמ,,,יח`,5,"100 מ""ל",false,1,6.90,1.32,false,1,
4084500088917,false,נוזל לניקוי כלים לימון פיירי (650 מל),דיפלומט מפיצים (1986) בע`מ,,,יח`,6.50,"100 מ""ל",false,1,11.90,1.83,false,1,
4084500178137,false,נוזל כביסה טייד 4 ליטר,דיפלומט מפיצים (1968) בעמ,,,יח`,4,1 ליטר,false,1,31.90,7.98,false,1,
4084500853836,false,"נוזל כלים פיירי ורדים ומשי 515 מ""ל בד""צ",דיפלומט מפיצים (1986) בע`מ,,,יח`,5.15,"100 מ""ל",false,1,11.90,2.31,false,1,
4084500854048,false,נוזל לניקוי כלים לימון פיירי (1.24 ליטר),דיפלומט מפיצים (1968) בעמ,,,יח`,1.24,1 ליטר,false,1,19.30,15.56,false,1,
4105120623941,false,"בירה ויינשטפן בק' ח""פ 500 מ""ל",החברה המרכזית להפצת משקאות בעמ,,,יח`,5,"100 מ""ל",false,1,13.50,2.64,false,1,
4600659010854,false,וודקה סטוליצ`יניה (700 מל),הכרם -משקאות חריפים בע`מ,,,יח`,7,"100 מ""ל",false,1,81.50,11.60,false,1,
4603928000983,false,וודקה בלוגה נובל 1 ליטר,מרינסקי ליקרו-וודאצ'ני ז,,,יח`,1,1 ליטר,false,1,152,152,false,1,
4710068001692,false,מאסטר קפה בטעם לאטה בפחית 240מ`ל,תאיט מרקטינג אנד דיסטריב,,,יח`,2.50,"100 מ""ל",false,1,7.20,2.88,true,1,
4710068001715,false,משקה בטעם טירמיסו מאסטר קפה (240 מל),יוני פרזינדנט אנטרפר,,,יח`,2.40,"100 מ""ל",false,1,7.20,3,true,1,
4710068001739,false,מאסטר קפה בטעם קולומביאני בפחית 240מ`ל,יוני פרזינדנט אנטרפר,,,יח`,2.50,"100 מ""ל",false,1,7.20,2.88,true,1,
4823077613203,false,שוקולד רושן מריר + פונדוק שלם 90 גר רושן,דילר בי.אמ.די.אינטרנשויונל בעמ,,,יח`,0.90,100 גרם,false,1,8.90,9.89,false,1,
4823077614767,false,שוקולד רושן חלב נוגט בטעם אגוזי לוז 90 גרם,דילר בי.אמ.די.אינטרנשויונל בעמ,,,יח`,0.90,100 גרם,false,1,5.90,6.56,true,1,
4823077636172,false,וופל רושן בטעם לימון 216 גרם,דילר בי.אמ.די.אינטרנשויונל בעמ,,,יח`,2.16,100 גרם,false,1,7.90,3.66,false,1,
4903001904192,false,רוטב סויה יאמאסה פרימיום 500מ`ל,הדקלאים אגודת שיתופי,,,יח`,5,"100 מ""ל",false,1,18.30,3.66,false,1,
4987176071545,false,מברשת שיניים אורל בי 6 יח`BACTERIA FIGH,פארמה דיל (פ.א.ב.) שיווק והפצה,,,יח`,1,,false,1,10.90,10.90,false,1,
5000157143365,false,מתבל בטעם מיונז וקטשופ היינץ 425 גרם,דיפלומט מפיצים (1968) בעמ**,,,יח`,4.25,100 גרם,false,1,14.90,3.51,false,1,
5000159452977,false,מיקס שקית מיניס 400 גרם מרס-באונטי-טוויק,"מרס ריגלי ישראל בע""מ",,,יח`,4,100 גרם,false,1,19.90,4.98,false,1,
5000267024233,false,"וויסקי ג'וני בלאק לייבל עם פורר 700מ""ל",החברה המרכזית להפצת משקאות בעמ,,,יח`,7,"100 מ""ל",false,1,129.90,18.51,false,1,
5010038454831,false,"בקבוק בירה בלומון 330 מ""ל",הכרם - משקאות חריפים בעמ,,,יח`,3.30,"100 מ""ל",false,1,13.90,4.12,true,1,
5010123703547,false,ליסטרין פרש בורסט 500 מל-יבוא מקביל,בית הצעצוע בעמ,,,יח`,5,"100 מ""ל",false,1,15.90,3.18,false,1,
5010123703585,false,ליסטרין קולמינט 500 מל-יבוא מקביל,רותם מיטרו יבוא וסחר,,,יח`,5,"100 מ""ל",false,1,15.90,3.18,false,1,
5010123730222,false,ליסטרין טוטאל קר 500 מל-יבוא מקביל,בית הצעצוע בעמ,,,יח`,5,"100 מ""ל",false,1,15.90,3.18,false,1,
5010622005029,false,חוט דנטלי אורל בי עם שעווה מנטה,פארמה דיל (פ.א.ב.) שיווק והפצה,,,יח`,1,,false,1,10.90,10.90,false,1,
5010677552387,false,"בקרדי בריזר אננס 275 מ""ל בקבוק",בקרדי בריזר Bacardi Breezer,,,יח`,2.75,"100 מ""ל",false,1,15.30,5.45,true,1,
5010677554398,false,בריזר אבטיח בבקבוק בקרדי (275 מל),בקרדי בריזר Bacardi Breezer,,,יח`,2.75,"100 מ""ל",false,1,16.20,5.78,true,1,
5013931016359,false,דיש מטיק - ספוגי החלפה לניקוי קשה מארז 3 יחידות,דנשר (1963) בעמ,,,יח`,1,,false,1,19.90,19.90,true,1,
5014271300429,false,"מעדן משמש 100% פרי סנטדלפור 284 גרם לל""ס",סאן דלפור - שמבור,,,יח`,2.84,100 גרם,false,1,21.90,7.71,true,1,
5014271400426,false,"מעדן בטעם תות שדה לל""ס סאן דלפור 284 גרם",סאן דלפור - שמבור,,,יח`,2.84,100 גרם,false,1,21.90,7.71,true,1,
5014379009972,false,בירה לאגר באדוויזר פחית 500 מל,הכרם -משקאות חריפים בע`מ,,,יח`,5,"100 מ""ל",false,1,9.90,1.92,true,1,
5029053032658,false,שמיניית ממחטות טישו קלינקס 9 יחידות,קימברלי קלארק ישראל שיווק בעמ,,,יח`,2.40,100 גרם,false,1,9.90,4.13,false,1,
5029053510811,false,תחבושות נורמל פלוס עם כנפיים קוטקס 28 יחידות,קימברלי קלארק ישראל שיווק בעמ,,,יח`,1,,false,1,22.40,22.40,false,1,
5060255492154,false,חול חתולים תורכיז6ל ספיגה מוגברת,שחורי אריה ואנסטסיה,,,יח`,1,,false,1,69.90,69.90,false,1,
5201004020338,false,גליליות קפריס קרם אגוזים שוקולד 400 גר,משה סידס ובנו בעמ,,,יח`,4,100 גרם,false,1,20.90,5.23,false,1,
5201360724147,false,7 DAYS - מארז רולדות אישיות מצופות במילוי קקאו 32ג'*8יח',דיפלומט מפיצים (1968) בע`מ,,,יח`,1,,false,1,12.90,12.90,false,1,
5202390015618,false,גבינה צהובה טבעונית אורגינל ויאו לייף 200 ג',דיפלומט מפיצים (1968) בעמ**,,,יח`,2,100 גרם,false,1,24.40,12.20,true,1,
5208049006594,false,פאל מאל אקסטרה כחול קופסה,גלוברנדס בעמ - שיווק סיגריות,,,יח`,1,,false,1,32,32,true,1,
5208049006624,false,פאל מאל אקסטרה סילבר קופסה,גלוברנדס בעמ - שיווק סיגריות,,,יח`,1,,false,1,32,32,true,1,
5410076933129,false,אריאל אבקת כביסה שושן צחור 3 קג,דיפלומט מפיצים (1986) בע`מ,,,יח`,30,100 גרם,false,1,35.60,1.19,false,1,
5410126006087,false,ביסקויט ביסקפה לוטוס בטעם קרמל 700גר`ב,דיפלומט מפיצים (1968) בעמ**,,,יח`,7,100 גרם,false,1,29.90,4.27,true,1,
5410126006360,false,לוטוס עוגיות סנדוויץ' במילוי לוטוס 150 גר',דיפלומט מפיצים (1968) בעמ**,,,יח`,1.50,100 גרם,false,1,9.90,6.60,false,1,
5410126106183,false,עוגיות לוטוס 50 יחידות ארוזות בנפרד 312 גרם,דיפלומט מפיצים (1968) בעמ**,,,יח`,3.12,100 גרם,false,1,15.90,5.10,false,1,
5410126116953,false,ממרח ביסקוויט קרמל לוטוס (400 גרם),דיפלומט מפיצים (1968) בעמ**,,,יח`,4,100 גרם,false,1,23.90,5.98,false,1,
5410126726947,false,ממרח ביסקוויט קרמל קראנץ' לוטוס 380 גרם,דיפלומט מפיצים (1968) בעמ**,,,יח`,3.80,100 גרם,false,1,24.40,6.42,false,1,
5410228217732,false,"בירה סטלה ארטואה 440מ""ל פחית.",מנדלז סי.אר. פרודקשן,,,יח`,4.40,"100 מ""ל",false,1,13.90,3.09,false,1,
5410228267515,false,"שישיית בירה לאגר באדוויזר 6*330 מ""ל",הכרם - משקאות חריפים בעמ,,,יח`,1.98,1 ליטר,false,1,38.70,18.64,true,1,
5410316983693,false,וודקה סמירנוף אייס בודד 275 מ``ל.,החברה המרכזית להפצת משקאות בעמ,,,יח`,2.75,"100 מ""ל",false,1,13.90,4.95,false,1,
5410658902413,false,קפסולות קפה אלומיניום דרגת חוזק 08 Fortisimo- Espresso,אבאל יזמות בעמ,,,יח`,1,,false,1,13.20,13.20,false,1,
5410658902420,false,קפסולות קפה אלומיניום דרגת חוזק 10 Fortisimo- Espresso,אבאל יזמות בעמ,,,יח`,1,,false,1,13.20,13.20,false,1,
5410658902444,false,קפסולות קפה אלומיניום דרגת חוזק 14 Fortisimo- Espresso,אבאל יזמות בעמ,,,יח`,1,,false,1,13.20,13.20,false,1,
5410658902819,false,קפסולות קפה אלומיניום דרגת חוזק 12 Fortisimo- Espresso,אבאל יזמות בעמ,,,יח`,1,,false,1,13.20,13.20,false,1,
5410769800097,false,"בירה לה צרי שוף 8% 330 מ""ל בקבוק",הכרם -משקאות חריפים בע`מ,,,יח`,3.30,"100 מ""ל",false,1,16.50,4.91,true,1,
5411188106159,false,אלפרו סויה לייט מופחת שומן 1.2% 1 ליטר,הנסיך- מפעל לייצור ט,,,יח`,1,1 ליטר,false,1,13.90,13.90,true,1,
5411188110835,false,אלפרו חלב סויה שקדים וניל 1ל',הנסיך- מפעל לייצור ט,,,יח`,1,1 ליטר,false,1,13.90,13.90,true,1,
5411188112709,false,"משקה קוקוס אלפרו 1 ליטר משקה שקדים לל""ס",הנסיך- מפעל לייצור ט,,,יח`,1,1 ליטר,false,1,13.90,13.90,true,1,
5411188115366,false,משקה קוקוס אלפרו 1 ליטר משקה שיבולת שועל 1 ליטר,הנסיך- מפעל לייצור ט,,,יח`,1,1 ליטר,false,1,13.90,13.90,true,1,
5411188115434,false,משקה אלפרו בריסטה סויה 1 ליטר,"שטראוס גרופ בע""מ",,,יח`,1,1 ליטר,false,1,13.90,13.90,true,1,
5411188115472,false,משקה סויה אלפרו 1 ליטר,הנסיך- מפעל לייצור ט,,,יח`,1,1 ליטר,false,1,13.90,13.90,true,1,
5411188118732,false,משקה קוקוס ושקדים אלפרו (1 ליטר),הנסיך- מפעל לייצור ט,,,יח`,1,1 ליטר,false,1,13.90,13.90,true,1,
5411188124689,false,משקה אלפרו שיבולת שועל ללא סוכר 1 ליטר,שטראוס גרופ בע`מ,,,יח`,1,1 ליטר,false,1,14.90,14.90,true,1,
5411188124726,false,משקה שיבולת שועל שקדים 1 ליטר אלפרו,הדקלאים אגודת שיתופי,,,יח`,1,1 ליטר,false,1,13.90,13.90,true,1,
5411188126195,false,אלפרו משקה שקדים אורגני 1ל מפוקח סקאל,שטראוס גרופ בע`מ,,,יח`,1,1 ליטר,false,1,13.90,13.90,true,1,
5411188129899,false,משקה אלפרו בריסטה שקדים 1 ליטר,הנסיך- מפעל לייצור ט,,,יח`,1,1 ליטר,false,1,13.90,13.90,true,1,
5411188134985,false,אלפרו 3.5% NOT M*LK שיבולת שועל 1 ליטר בית יוסף,שטראוס גרופ בעמ/מצונן,,,יח`,1,1 ליטר,false,1,14.90,14.90,false,1,
5411188135005,false,אלפרו 1.8% NOT M*LK שיבולת שועל 1 ליטר בית יוסף,שטראוס גרופ בעמ/מצונן,,,יח`,1,1 ליטר,false,1,13.90,13.90,false,1,
5411188543398,false,משקה סויה ללא סוכר אלפרו 1 ליטר,הנסיך- מפעל לייצור ט,,,יח`,1,1 ליטר,false,1,13.90,13.90,true,1,
5411681038001,false,"מרדסו מעורפלת מאוד330מ""ל",הכרם - משקאות חריפים בעמ,,,יח`,3.30,"100 מ""ל",false,1,16.50,4.91,true,1,
5413149922907,false,"אבקת כביסה קולור וסטייל 5 ק""ג אריאל",דיפלומט מפיצים (1986) בע`מ,,,יח`,5,"ק""ג",false,1,45.90,9.18,true,1,
5413149922938,false,"אריאל אבקת כביסה שושן צחור, 5 ק""ג",דיפלומט מפיצים (1986) בע`מ,,,יח`,5,"ק""ג",false,1,45.90,9.18,true,1,
5601008200451,false,עוגיות גודיס טבעות מצופות שוקולד מריר מרבה 150 גרם,ש. שסטוביץ בע`מ,,,יח`,1.50,100 גרם,false,1,9.10,6.07,false,1,
5701932026964,false,"הוטפופ גרעיני תירס להכנת פופקורן במיקרוגל בטעם טבעי, בתוספת מלח, 600 גרם",ליימן שליסל בע`מ,,,יח`,6,100 גרם,false,1,16.90,2.82,false,1,
5701932026971,false,הוטפופ גרעיני תירס להכנת פופקורן במיקרוגל בטעם חמאה 600 גרם,ליימן שליסל בע`מ,,,יח`,6,100 גרם,false,1,16.90,2.82,false,1,
5711953106583,false,גבינת שמנת בטעם טבעי 200 גרם ארלה,שטראוס גרופ בעמ/מצונן,,,יח`,2,100 גרם,false,1,16.90,8.45,true,1,
5711953106590,false,גבינת שמנת ארלה שמנת שום 200 גרם,שטראוס גרופ בעמ/מצונן,,,יח`,2,100 גרם,false,1,16.90,8.45,true,1,
5740900403215,false,ממרח חמאה דנית לורפק עם מלח 250 גרם,שטראוס גרופ בעמ/מצונן,,,יח`,2.50,100 גרם,false,1,17.90,7.16,false,1,
5740900403239,false,ממרח חמאה דנית לורפק ללא מלח 250 גרם,שטראוס גרופ בעמ/מצונן,,,יח`,2.50,100 גרם,false,1,17.90,7.16,false,1,
5740900403253,false,ממרח מחמאת לורפק עם מלח 500 ג',שטראוס גרופ בעמ/מצונן,,,יח`,5,100 גרם,false,1,28.90,5.78,false,1,
5740900403284,false,חמאה ללא מלח 200 גרם לורפק כשרות או קיי,שטראוס גרופ בעמ/מצונן,,,יח`,2,100 גרם,false,1,12.50,6.25,false,1,
5740900403864,false,חמאה +מלח 200 גרם לורפק כשרות או קיי,שטראוס גרופ בעמ/מצונן,,,יח`,2,100 גרם,false,1,12.50,6.25,false,1,
5900020012814,false,דגנים תפוחים בטעם שוקולד נסקוויק נסטלה 500 גרם,קבוצת אוסם סחר שותפות מוגבלת,,,יח`,5,100 גרם,false,1,24.90,4.98,true,1,
5900020025647,false,חטיף דגנים פיטנס שוקולד חלב 135 גרם מארז 6 יחידות,קבוצת אוסם סחר שותפות מוגבלת,,,יח`,1.35,100 גרם,false,1,17.50,12.96,true,1,
5900020026552,false,דגני בוקר האני נאט צ'יריוס בטעם דבש ושקדים,קבוצת אוסם סחר שותפות מוגבלת,,,יח`,6.25,100 גרם,false,1,25.90,4.14,true,1,
5900020032539,false,מארז חטיף פיטנס שוקולד 8 X 23.5 גרם,קבוצת אוסם סחר שותפות מוגבלת,,,יח`,1.40,100 גרם,false,1,17.50,12.50,true,1,
5900020034991,false,דגני בוקר צדפים בטעם שוקולד 450 ג' קראנץ',קבוצת אוסם סחר שותפות מוגבלת,,,יח`,4.50,100 גרם,false,1,22.90,5.09,true,1,
5900020036407,false,ליון דגני בוקר שוקולד וקרמל נסטלה 480 גרם,קבוצת אוסם סחר שותפות מוגבלת,,,יח`,4.80,100 גרם,false,1,27.90,5.81,true,1,
5900020037916,false,דגני בוקר שיבולת שועל צ'ריוס 375ג',קבוצת אוסם סחר שותפות מוגבלת,,,יח`,3.75,100 גרם,false,1,16.90,4.51,false,1,
5900020039590,false,פיטנס חטיף דגנים קלאסי 6.8*23.5גר פרווה,קבוצת אוסם סחר-שות.מוגבלת,,,יח`,1.41,100 גרם,false,1,17.50,12.41,true,1,
5901414200411,false,בלזן היט מיני ביסקוויט סנדוויץ' עם מילוי קרם בטעם שוקולד 130 גרם,ליימן שליסל בע`מ,,,יח`,1.30,100 גרם,false,1,8.40,6.46,false,1,
5902198160403,false,XL משקה אנרגיה מוגז ללא סוכר עד 10 קלוריות לפחית 250 מל,"טמפו משקאות בע""\מ",,,יח`,2.50,"100 מ""ל",false,1,4.90,1.84,true,1,
5906485301012,false,משקה אנרגיה XL מוגז פחית 250 מל,טמפו משקאות בע`מ,,,יח`,2.50,"100 מ""ל",false,1,4.90,1.84,true,1,
6901022100409,false,ג'ינג'ר כתוש לירון 100 גרם,ביג פוד כחול לבן בעמ*שיק 30 יו,,,יח`,1,100 גרם,false,1,6,6,false,1,
6901022100416,false,שום כתוש לירון 100 גרם,ביג פוד כחול לבן בעמ*שיק 30 יו,,,יח`,1,100 גרם,false,1,6,6,false,1,
6901022100584,false,רצועות פלפלים אדומים קלויים,ביג פוד כחול לבן בעמ*שיק 30 יו,,,יח`,3.50,100 גרם,false,1,13.90,3.97,false,1,
6901022100591,false,רצועות מיקס פלפלים קלויים,ביג פוד כחול לבן בעמ*שיק 30 יו,,,יח`,3.50,100 גרם,false,1,13.90,3.97,false,1,
7290000000374,false,"פטריות שמפיניון בד""ץ (רביבים)",ביכורי השדה צפון 1994 ג.ד. בעמ,,,יח`,1,,false,1,10.10,10.10,true,1,
7290000023083,false,ערק אשקלון בקבוק 700,טמפו משקאות בע`מ,,,יח`,7,"100 מ""ל",false,1,54.90,7.80,false,1,
7290000023816,false,קלאסיק אמרלד ריזלינג יקבי ברקן (750 מל),יקבי ברקן שיווק והפצה בע,,,יח`,7.50,"100 מ""ל",false,1,33.90,4.48,false,1,
7290000040066,false,יופלה יוגורט דובדבן %3 גביע 150 גרם,תנובה מרכז שיתופי לש,,,יח`,1.50,"100 מ""ל",false,1,5.20,3.47,false,1,
7290000040080,false,יופלה יוגורט אפרסק %3 גביע 150 גרם,"תנובה בע""מ ***",,,יח`,1.50,"100 מ""ל",false,1,5.20,3.47,false,1,
7290000040301,false,תנובה עין גדי קממבר מחלב בקר 24% שומן,תנובה מרכז שיתופי לש,,,יח`,1.25,100 גרם,false,1,18.90,15.12,false,1,
7290000040318,false,גבינת עדי ברי 24% קולאז` (125 גרם)קולקש,תנובה מרכז שיתופי לש,,,יח`,1.25,100 גרם,false,1,18.90,15.12,false,1,
7290000040974,false,חלב 2% דל לקטוז בקרטון תנובה (1 ליטר),תנובה מרכז שיתופי לש,,,יח`,1,1 ליטר,false,1,7.10,7.10,false,1,
7290000041858,false,"שמנת חמוצה 15% מועשרת יטבתה 200 מ""ל",שטראוס גרופ בעמ/מצונן,,,יח`,2,"100 מ""ל",false,1,2.40,1.20,false,1,
7290000042435,false,חלב דל שומן 1% בקרטון תנובה (1 ליטר)פיק,תנובה מרכז שיתופי לש,,,יח`,10,"100 מ""ל",false,1,5.86,0.59,false,1,
7290000042855,false,"שוקו בשקית 250 מ""ל ""יטבתה""",שטראוס גרופ בעמ/מצונן,,,יח`,2.25,"100 מ""ל",false,1,2.50,1.11,false,1,
7290000043111,false,תנובה חמאה 200 גרם - מוצר בפיקוח,תנובה מרכז שיתופי לש,,,יח`,2,100 גרם,false,1,7.80,3.90,false,1,
7290000043814,false,השף הלבן שמנת להקצפה 38% שומן 250 מל - מוצר בפיקוח,תנובה מרכז שיתופי לש,,,יח`,2.50,"100 מ""ל",false,1,6.47,2.59,false,1,
7290000043890,false,תנובה רויון לבן מחלב מפסוטר 1.5%,תנובה מרכז שיתופי לש,,,יח`,1,1 ליטר,false,1,11.50,11.50,false,1,
7290000043944,false,כד יוגורט תנובה 4% שומן 1.5 ליטר,מיוצר עי קונדיטוריית,,,יח`,1.50,1 ליטר,false,1,16.50,11,false,1,
7290000046327,false,גלבוע גבינה צהובה פרוסה 22% תנובה 200 גרם,תנובה מרכז שיתופי לש,,,יח`,2,100 גרם,false,1,12.90,6.45,false,1,
7290000048185,false,גבינה לבנה 5% תנובה 250 גרם מהדרין,מיוצר עי קונדיטוריית,,,יח`,2.50,100 גרם,false,1,4.98,1.99,false,1,
7290000048192,false,גבינה לבנה 9% תנובה 250 גרם מהדרין,מחלבת אלון תבור,,,יח`,2.50,100 גרם,false,1,4.75,1.90,false,1,
7290000048413,false,גבינה חמד (25016% גרם)פיראוס תנובה,תנובה מרכז שיתופי לש,,,יח`,2.50,100 גרם,false,1,18.60,7.44,false,1,
7290000049458,false,גבינה בולגרית עיזים (25016% גרם)פיראוס,תנובה מרכז שיתופי לש,,,יח`,2.50,100 גרם,false,1,29.30,11.72,false,1,
7290000050447,false,"יוגורט ביו בטעם תות YYY יופלה 500 מ""ל",מיוצר עי קונדיטוריית,,,יח`,1,1 ליטר,false,1,13.50,13.50,false,1,
7290000050454,false,יוגורט יופלה אפרסק 3% שומן 500 גרם,מיוצר עי קונדיטוריית,,,יח`,5,"100 מ""ל",false,1,13.50,2.70,false,1,
7290000051352,false,חלב מלא בטעם של פעם 3.4% תנובה קרטון 1 ל',תנובה מרכז שיתופי לש,,,יח`,1,1 ליטר,false,1,7.60,7.60,false,1,
7290000051376,false,יוגורט יופלה דיאט אננס 0% שומן 150 גרם,תנובה מרכז שיתופי לש,,,יח`,1.50,"100 מ""ל",false,1,5.20,3.47,false,1,
7290000051710,false,פיראוס גבינת לאבנה אסלית על בסיס יוגורט תנובה 263 גרם,"תנובה, מחלבת אלון תב",,,יח`,2.63,100 גרם,false,1,14.20,5.40,false,1,
7290000052311,false,גבינה צהובה עמק לייט 15% שומן 200 גרם,תנובה מרכז שיתופי לש,,,יח`,2,100 גרם,false,1,16.30,8.15,false,1,
7290000055329,false,"משקה בוקר יוגורט 1.5% בטעם תות מלון יופלה 250 מ""ל",תנובה מרכז שיתופי לש,,,יח`,2.50,100 גרם,false,1,5.80,2.32,false,1,
7290000055336,false,"משקה יוגורט 1.5% בטעם בננה אפרסק יופלה 250 מ""ל",תנובה מרכז שיתופי לש,,,יח`,2.50,100 גרם,false,1,5.90,2.36,false,1,
7290000055343,false,משקה יוגורט יופלה פירות טרופיים 250 גרם,תנובה מרכז שיתופי לש,,,יח`,2.50,100 גרם,false,1,5.90,2.36,false,1,
7290000055893,false,חמאה משמנת מפוסטרת 200גרם 82% כ.מהדרין - מוצר בפיקוח,תנובה מרכז שיתופי לש,,,יח`,1,,false,1,7.80,7.80,false,1,
7290000056845,false,תנובה חלב טרי 3% שומן 1.5 ליטר - מוצר בפיקוח,פארייפאבה אגרואינדוס,,,יח`,1500,1 ליטר,false,1,9.35,0.01,false,1,
7290000057088,false,עמק גבינה צהובה פרוסה דק דק 28% תנובה 200 גרם,תנובה מרכז שיתופי לש,,,יח`,2,100 גרם,false,1,16.30,8.15,false,1,
7290000057132,false,יוגורט תנובה טבעי 1.5% גביע 200 גרם,מחלבת אלון תבור,,,יח`,2,100 גרם,false,1,3.20,1.60,false,1,
7290000057149,false,יוגורט תנובה טבעי 3% גביע 200 גרם,מיוצר עי קונדיטוריית,,,יח`,2,100 גרם,false,1,3.20,1.60,false,1,
7290000060088,false,בייגלה מקלות עם מלח אסם (400 גרם),קבוצת אוסם סחר שותפות מוגבלת,,,יח`,4,100 גרם,false,1,11.50,2.88,false,1,
7290000060156,false,פסטה אסם אטריות ביצים דקות 200גר,קבוצת אוסם סחר-שות.מוגבלת,,,יח`,2,100 גרם,false,1,8.50,4.25,true,1,
7290000060163,false,פסטה אסם אטריות דקות 400גר,קבוצת אוסם סחר שותפות מוגבלת,,,יח`,4,100 גרם,false,1,6.90,1.73,true,1,
7290000060200,false,פסטה אסם פתיתים אפויים קוסקוס 500גר,קבוצת אוסם סחר שותפות מוגבלת,,,יח`,5,100 גרם,false,1,7.70,1.54,true,1,
7290000060217,false,פסטה מקרוני מספר 7 אסם (500 גרם),קבוצת אוסם סחר שותפות מוגבלת,,,יח`,5,100 גרם,false,1,6.10,1.22,false,1,
7290000060248,false,פסטה אסם פתיתים תלתלים 500 גר',קבוצת אוסם סחר שותפות מוגבלת,,,יח`,5,100 גרם,false,1,6.10,1.22,false,1,
7290000060316,false,פרפקטו ספגטי מס' 8 אסם 500 גרם,קבוצת אוסם סחר שותפות מוגבלת,,,יח`,5,100 גרם,false,1,8.90,1.78,false,1,
7290000060408,false,פסטה אסם פתיתים אפויים טבעות 500 גר,קבוצת אוסם סחר שותפות מוגבלת,,,יח`,5,100 גרם,false,1,7.70,1.54,true,1,
7290000060781,false,פרומנטי פתיתים מסולסלים אוסם,קבוצת אוסם סחר שותפות מוגבלת,,,יח`,5,100 גרם,false,1,5.90,1.18,false,1,
7290000060828,false,פסטה קרניים בינוניות אסם (500 גרם),קבוצת אוסם סחר שותפות מוגבלת,,,יח`,5,100 גרם,false,1,5.90,1.18,false,1,
7290000060842,false,פסטה אסם פתיתים צדפים גדולים 500גר,קבוצת אוסם סחר שותפות מוגבלת,,,יח`,5,100 גרם,false,1,5.90,1.18,false,1,
7290000060880,false,פסטה ספגטי מספר 8 אסם 500 גרם,קבוצת אוסם סחר שותפות מוגבלת,,,יח`,5,100 גרם,false,1,5.90,1.18,false,1,
7290000060903,false,פסטה אסם פתיתים אפויים אורז 500גר,קבוצת אוסם סחר שותפות מוגבלת,,,יח`,5,100 גרם,false,1,7.70,1.54,true,1,
7290000060958,false,אטריות מובחרות בינוניות אסם (400 גרם),קבוצת אוסם סחר שותפות מוגבלת,,,יח`,4,100 גרם,false,1,8.50,2.13,true,1,
7290000061061,false,קרקר חיטה עם בצל אסם,קבוצת אוסם סחר שותפות מוגבלת,,,יח`,2.50,100 גרם,false,1,11.90,4.76,true,1,
7290000061214,false,פתיתים אפויים קוסקוס עם בצל אסם 500 גרם,קבוצת אסם סחר שות. מוגבלת,,,יח`,5,100 גרם,false,1,7.70,1.54,true,1,
7290000062952,false,אוסם - מיני קרוטונים למרק ולסלט 250 גרם,קבוצת אוסם סחר שותפות מוגבלת,,,יח`,2.50,100 גרם,false,1,17.30,6.92,false,1,
7290000063102,false,קמח עוגה תופח מאליו אסם 350 גרם,קבוצת אוסם סחר שותפות מוגבלת,,,יח`,3.50,100 גרם,false,1,5.30,1.51,false,1,
7290000063157,false,"קמח עוגה תופח מאליו אסם 1 ק""ג",קבוצת אוסם סחר שותפות מוגבלת,,,יח`,1,"ק""ג",false,1,9.50,9.50,false,1,
7290000064758,false,קוסקוס בינוני אמיתי אסם 350 ג',קבוצת אוסם סחר שותפות מוגבלת,,,יח`,3.50,100 גרם,false,1,7.70,2.20,false,1,
7290000065090,false,מיני קרוטונים מתובלים למרק ולסלט אסם 400 גרם,קבוצת אוסם סחר שותפות מוגבלת,,,יח`,4,100 גרם,false,1,27.50,6.88,false,1,
7290000065335,false,אוסם - מנה חמה פירה עם ירקות 55 גרם,קבוצת אוסם סחר שותפות מוגבלת,,,יח`,0.55,100 גרם,false,1,7.50,13.64,true,1,
7290000065540,false,אוסם - מנה חמה פסטה מוקרמת בטעם עוף 55 גרם,קבוצת אוסם סחר שותפות מוגבלת,,,יח`,0.55,100 גרם,false,1,7.50,13.64,true,1,
7290000065557,false,אוסם - מנה חמה קוסקוס עם ירקות 84 גרם,קבוצת אוסם סחר שותפות מוגבלת,,,יח`,0.62,100 גרם,false,1,7.50,12.10,true,1,
7290000066141,false,ביסלי חטיף בטעם גריל אסם (70 גרם),קבוצת אוסם סחר שותפות מוגבלת,,,יח`,0.70,100 גרם,false,1,4,5.71,true,1,
7290000066196,false,ביסלי חטיף בטעם גריל אסם (200 גרם),קבוצת אוסם סחר שותפות מוגבלת,,,יח`,2,100 גרם,false,1,9.10,4.55,true,1,
7290000066295,false,במבה מתוקה מחומרים טבעיים 30 גרם,קבוצת אוסם סחר שותפות מוגבלת,,,יח`,0.30,100 גרם,false,1,3,10,false,1,
7290000066318,false,במבה חטיף בוטנים אסם 80 גרם,קבוצת אוסם סחר שותפות מוגבלת,,,יח`,0.80,100 גרם,false,1,4.40,5.50,true,1,
7290000066332,false,אפרופו חטיף תירס אסם (50 גרם),קבוצת אוסם סחר שותפות מוגבלת,,,יח`,0.50,100 גרם,false,1,5.50,11,true,1,
7290000066349,false,אפרופו חטיף תירס אסם (100 גרם),קבוצת אוסם סחר-שות.מוגבלת,,,יח`,1,100 גרם,false,1,9.40,9.40,false,1,
7290000066431,false,פופקו חטיף פופקורן בטעם חמאה ודבש אסם 80 גרם,קבוצת אוסם סחר שותפות מוגבלת,,,יח`,0.80,100 גרם,false,1,5.50,6.88,true,1,
7290000067599,false,מנה חמה ספגטי ברוטב בולונז אסם 65 גרם,קבוצת אוסם סחר שותפות מוגבלת,,,יח`,0.65,100 גרם,false,1,7.50,11.54,true,1,
7290000067735,false,פרפקטו ניוקי בצקיות תפוחי אדמה 500 ג' אסם,קבוצת אוסם סחר שותפות מוגבלת,,,יח`,5,100 גרם,false,1,13.90,2.78,false,1,
7290000068138,false,אינסטנט פודינג בטעם וניל אסם 80 גרם,קבוצת אוסם סחר שותפות מוגבלת,,,יח`,0.80,100 גרם,false,1,6.50,8.13,false,1,
7290000068237,false,אבקה להכנת ג`לי בטעם פטל אסם (85 גרם),קבוצת אוסם סחר שותפות מוגבלת,,,יח`,0.85,100 גרם,false,1,7.80,9.18,false,1,
7290000068343,false,אסם פריכונים פרוסות קלויות מלא,קבוצת אוסם סחר שותפות מוגבלת,,,יח`,1.40,100 גרם,false,1,7.90,5.64,false,1,
7290000068701,false,אסם שקדי מרק רכיבים טבע.מיכל 400 גרם,קבוצת אוסם סחר שותפות מוגבלת,,,יח`,4,100 גרם,false,1,18.50,4.63,false,1,
7290000068787,false,במבה יום הולדת חטיף בוטנים אסם 25 גרם,קבוצת אוסם סחר שותפות מוגבלת,,,יח`,0.25,100 גרם,false,1,3.30,13.20,false,1,
7290000070308,false,אבקת מרק עוף אמיתי בשרי אסם 400 גרם,קבוצת אוסם סחר שותפות מוגבלת,,,יח`,4,100 גרם,false,1,22.90,5.73,false,1,
7290000070353,false,אבקת מרק בצל רכיבים טבעיים אסם 400 גרם,קבוצת אוסם סחר שותפות מוגבלת,,,יח`,4,100 גרם,false,1,24.90,6.23,false,1,
7290000072067,false,במבה חטיף בוטנים במילוי קרם חלבה 60 גרם,קבוצת אסם סחר שות. מוגבלת,,,יח`,0.60,100 גרם,false,1,4.80,8,true,1,
7290000072753,false,קפה נמס מגורען טסטרס צ'ויס 200 גרם-,קבוצת אוסם סחר שותפות מוגבלת,,,יח`,2,100 גרם,false,1,31.90,15.95,false,1,
7290000072777,false,קפה נמס מגורען נטול קפאין טסטרס צ'ויס 200 גרם,קבוצת אוסם סחר שותפות מוגבלת,,,יח`,2,100 גרם,false,1,37.90,18.95,false,1,
7290000072968,false,דגני בוקר סיני מיניס חיטה מלאה וקינמון נסטלה 500 גרם,קבוצת אוסם סחר-שות.מוגבלת,,,יח`,3.75,100 גרם,false,1,24.90,6.64,true,1,
7290000073125,false,מנה חמה פסטה ברוטב עגבניות אסם (62 גרם),קבוצת אוסם סחר שותפות מוגבלת,,,יח`,0.62,100 גרם,false,1,7.50,12.10,true,1,
7290000073699,false,סלט חומוס צבר 150 גרם,קבוצת אוסם סחר שותפות מוגבלת,,,יח`,1.50,100 גרם,false,1,5.50,3.67,false,1,
7290000073750,false,מנה חמה נודלס אטר+ירקות טעם עוף 70 גרם,קבוצת אוסם סחר שותפות מוגבלת,,,יח`,0.70,100 גרם,false,1,7.90,11.29,true,1,
7290000073767,false,מנה חמה נודלס אטר.+ירקות טעם בקר 70 גרם,קבוצת אוסם סחר שותפות מוגבלת,,,יח`,0.70,100 גרם,false,1,8.50,12.14,true,1,
7290000073774,false,מנה חמה נודלס אטר+ירקות טעם צילי 70 גרם,קבוצת אוסם סחר שותפות מוגבלת,,,יח`,0.76,100 גרם,false,1,7.90,10.39,true,1,
7290000074153,false,ביסקוויט פתי בר שוקולד אסם (500 גרם),קבוצת אוסם סחר שותפות מוגבלת,,,יח`,5,100 גרם,false,1,12.90,2.58,false,1,
7290000074184,false,ביסקוויט פתי בר אסם (500 גרם),קבוצת אוסם סחר שותפות מוגבלת,,,יח`,5,100 גרם,false,1,12.90,2.58,true,1,
7290000074245,false,אוסם - קרם קרקר אסם 250 גרם,קבוצת אוסם סחר שותפות מוגבלת,,,יח`,2.50,100 גרם,false,1,11.20,4.48,true,1,
7290000074375,false,אוסם - קרקר זהב 150 גרם,קבוצת אוסם סחר שותפות מוגבלת,,,יח`,1.50,100 גרם,false,1,7.90,5.27,true,1,
7290000075204,false,קרקר לחמית חיטה מלאה אסם (250 גרם),קבוצת אוסם סחר שותפות מוגבלת,,,יח`,2.50,100 גרם,false,1,9.90,3.96,false,1,
7290000075693,false,עוגת הבית שמרים בריוש שוקולד אסם 360 גרם,קבוצת אסם סחר שות. מוגבלת,,,יח`,3.60,100 גרם,false,1,19.30,5.36,false,1,
7290000076133,false,בייגלה שמיניות קטנות עם מלח אסם 400 גרם,קבוצת אוסם סחר שותפות מוגבלת,,,יח`,4,100 גרם,false,1,10.10,2.53,false,1,
7290000077017,false,עוגיות קרמוגית במילוי קרם שוקולד אסם 200 גרם,קבוצת אוסם סחר שותפות מוגבלת,,,יח`,2,100 גרם,false,1,12.50,6.25,false,1,
7290000077253,false,אוסם - לחמית כפרית עם דגנים מלאים 190 גרם,קבוצת אסם סחר שות. מוגבלת,,,יח`,1.90,100 גרם,false,1,12.20,6.42,false,1,
7290000078762,false,אוסם - חטיפי פריכונים מאורז מלא בטעם דבש 80גר,קבוצת אוסם סחר-שות.מוגבלת,,,יח`,0.80,100 גרם,false,1,7.90,9.88,false,1,
7290000079233,false,קרם קרקר דיאטטי דל נתרן 250 גרם,קבוצת אוסם סחר שותפות מוגבלת,,,יח`,2.50,100 גרם,false,1,11.90,4.76,true,1,
7290000080758,false,פת קלויה טוסטעים אסם (100 גרם),קבוצת אוסם סחר שותפות מוגבלת,,,יח`,1,100 גרם,false,1,10.90,10.90,false,1,
7290000080765,false,פת קלויה טוסטעים עם שומשום אסם (100 גרם),קבוצת אוסם סחר שותפות מוגבלת,,,יח`,1,100 גרם,false,1,10.90,10.90,false,1,
7290000081663,false,"בייגלה טבעות שומשום אסם 300 גרם בד""ץ",קבוצת אוסם סחר שותפות מוגבלת,,,יח`,3,100 גרם,false,1,10.10,3.37,false,1,
7290000100128,false,פירות קפואים תות 300 גר`סנפרוסט,תנובה ענף ב.ע.ד,,,יח`,3,100 גרם,false,1,16.90,5.63,false,1,
7290000100135,false,פירות קפואים סנפרוסט דובדבן 300 גר,תנובה ענף ב.ע.ד,,,יח`,3,100 גרם,false,1,16.90,5.63,false,1,
7290000101927,false,אוכמניות כחולות מוקפאות סנפרוסט 300 גרם,תנובה ענף ב.ע.ד,,,יח`,3,100 גרם,false,1,16.90,5.63,false,1,
7290000101934,false,מיקס פירות יער מוקפאים 300 גר סנפרוסט,תנובה ענף ב.ע.ד,,,יח`,3,100 גרם,false,1,16.90,5.63,false,1,
7290000104201,false,אפונה עדינה מוקפאת סנפרוסט (600 גרם),תנובה ענף ב.ע.ד,,,יח`,6,100 גרם,false,1,20.90,3.48,false,1,
7290000104683,false,שעועית ירוקה שלמה סנפרוסט (800 גרם),תנובה מרכז שיתופי לשיווק תוצרת,,,יח`,8,100 גרם,false,1,22.90,2.86,false,1,
7290000104690,false,גרעיני תירס מוקפאים סנפרוסט (800 גרם),תנובה מרכז שיתופי לשיווק תוצרת,,,יח`,8,100 גרם,false,1,18.90,2.36,false,1,
7290000104720,false,שעועית ירוקה חתוכה סנפרוסט (800 גרם),תנובה מרכז שיתופי לשיווק תוצרת,,,יח`,8,100 גרם,false,1,20.90,2.61,false,1,
7290000104805,false,גרגרי חומוס מבושלים סנפרוסט (800 גרם),תנובה מרכז שיתופי לשיווק תוצרת,,,יח`,8,100 גרם,false,1,20.90,2.61,false,1,
7290000104881,false,לקט אפונה וגזר מוקפאים סנפרוסט (800 גרם),תנובה מרכז שיתופי לשיווק תוצרת,,,יח`,8,100 גרם,false,1,17.90,2.24,false,1,
7290000107165,false,חטיף סויה אדממה סנפרוסט (400 גרם),תנובה מרכז שיתופי לשיווק תוצרת,,,יח`,4,100 גרם,false,1,15.30,3.83,false,1,
7290000111117,false,מרכך כביסה לבן בדין (4 ליטר),יוניליוור ישראל שיווק בע`מ,,,יח`,4,1 ליטר,false,1,19.90,4.98,false,1,
7290000111186,false,"מיונז אמיתי תלמה 500 גרם בד""צ","יוניליוור ישראל שיווק בע""מ",,,יח`,5,100 גרם,false,1,11.90,2.38,false,1,
7290000111353,false,מיונז אמיתי תלמה (1 קג),"יוניליוור ישראל שיווק בע""מ",,,יח`,1,"ק""ג",false,1,17.90,17.90,false,1,
7290000112220,false,טחינה גולמית שומשום טהור בארכה 500 גרם,קבוצת אוסם סחר שותפות מוגבלת,,,יח`,5,100 גרם,false,1,14.90,2.98,false,1,
7290000112497,false,מרק עשיר עוף אטריות קנור 75 גרם - שקיות,יוניליוור ישראל שיווק בע`מ,,,יח`,0.75,100 גרם,false,1,10.90,14.53,false,1,
7290000116921,false,"קנור רוטב צילי מתוק 300 מ""ל כשלפ",יוניליוור ישראל שיווק בע`מ,,,יח`,3.40,"100 מ""ל",false,1,13.90,4.09,false,1,
7290000116945,false,"רוטב סויה קלאסי קנור בד""צ 350 גרם",יוניליוור ישראל שיווק בע`מ,,,יח`,3,"100 מ""ל",false,1,13.90,4.63,false,1,
7290000117171,false,מרק טעם עוף דל קלוריות 48 גרם-קופסא,יוניליוור ישראל שיווק בע`מ,,,יח`,0.46,100 גרם,false,1,7.50,16.30,false,1,
7290000117720,false,נמס בכוס פטריות קנור 21.5 גרם מארז זוגי,יוניליוור ישראל שיווק בע`מ,,,יח`,0.43,100 גרם,false,1,7.60,17.67,false,1,
7290000120836,false,מיונז אמיתי הלמנס (394 גרם),"יוניליוור ישראל שיווק בע""מ",,,יח`,4.33,100 גרם,false,1,12.90,2.98,false,1,
7290000120874,false,מיונז הלמנס לייט מופחת קלוריות 424ג,"יוניליוור ישראלשיווק בע""מ",,,יח`,4.76,100 גרם,false,1,12.90,2.71,false,1,
7290000121031,false,החתול המחייך גבינה מותכת 14% מון בלאן 120 גרם,נטו מילנדה סחר בעמ*,,,יח`,1.20,100 גרם,false,1,12.20,10.17,true,1,
7290000121239,false,מיוקל 5% שומן ללא כולסטרול תלמה 500ג',יוניליוור ישראל שיווק בע`מ,,,יח`,5,100 גרם,false,1,13.20,2.64,false,1,
7290000133645,false,שלישיית משחת שיניים סודה אורביטול 145 גרם,טרופיקל דגיל תעשיות קוסמ,,,יח`,4.35,100 גרם,false,1,21.40,4.92,false,1,
7290000134123,false,"פלפל שחור טחון 40 גרם ""טעם וריח""",תבליני טעם וריח בעמ,,,יח`,0.40,100 גרם,false,1,9.90,24.75,false,1,
7290000134147,false,טעם וריח מוסקט טחון מיכל 40גר,"תבליני טעם וריח בע""מ",,,יח`,0.40,100 גרם,false,1,13.90,34.75,false,1,
7290000134307,false,קינמון טחון 50 גרם טעם וריח,"תבליני טעם וריח בע""מ",,,יח`,0.50,100 גרם,false,1,6.90,13.80,false,1,
7290000134376,false,פפריקה בשמן בקופ' 90 גר' טעם וריח,"תבליני טעם וריח בע""מ",,,יח`,0.90,100 גרם,false,1,9.90,11,true,1,
7290000134550,false,עלי דפנה 20 גר' טעם וריח,"תבליני טעם וריח בע""מ",,,יח`,0.20,100 גרם,false,1,6.90,34.50,false,1,
7290000134673,false,זנגויל טחון מיכל 30 גרם,"תבליני טעם וריח בע""מ",,,יח`,0.30,100 גרם,false,1,6.90,23,false,1,
7290000134758,false,"תיבול לתפו""א בקופ' 100 גר' טעם וריח","תבליני טעם וריח בע""מ",,,יח`,1,100 גרם,false,1,9.90,9.90,true,1,
7290000134826,false,זעתר מעורב בקופ' 100 גר' טעם וריח,"תבליני טעם וריח בע""מ",,,יח`,1,100 גרם,false,1,9.90,9.90,true,1,
7290000134833,false,כמון טחון בקופ' 100 גר' טעם וריח,"תבליני טעם וריח בע""מ",,,יח`,1,100 גרם,false,1,9.90,9.90,true,1,
7290000134840,false,כורכום טחון בקופ' 100 גר' טעם וריח,"תבליני טעם וריח בע""מ",,,יח`,1,100 גרם,false,1,9.90,9.90,true,1,
7290000134857,false,פפריקה מתוקה בקופ' 100 גר' טעם וריח,"תבליני טעם וריח בע""מ",,,יח`,1,100 גרם,false,1,10.90,10.90,true,1,
7290000134871,false,פלפל שחור טחון בקופ' 100 גר' טעם וריח,"תבליני טעם וריח בע""מ",,,יח`,1,100 גרם,false,1,14.90,14.90,true,1,
7290000134970,false,חוואיג' בקופ' 100 גר' טעם וריח,"תבליני טעם וריח בע""מ",,,יח`,1,100 גרם,false,1,9.90,9.90,true,1,
7290000134987,false,פלפל שחור גרוס בקופ' 90 גר' טעם וריח,"תבליני טעם וריח בע""מ",,,יח`,0.90,100 גרם,false,1,13.90,15.44,true,1,
7290000135052,false,"XL TEN משקה אנרגיה מנגו ללא סוכר 250 מ""ל","טמפו משקאות בע""\מ",,,יח`,2.50,"100 מ""ל",false,1,4.90,1.84,true,1,
7290000136141,false,פפסי קולה 1.5 ליטר פיקדון,"טמפו משקאות בע""\מ",,,יח`,1.50,1 ליטר,false,1,9.90,6.40,false,1,
7290000136158,false,פפסי מקס משקה מוגז דל קלוריות בטעם קולה,"טמפו משקאות בע""\מ",,,יח`,1.50,1 ליטר,false,1,8.90,5.73,false,1,
7290000136172,false,משקה 7UP בקבוק 1.5 ליטר פיקדון,"טמפו משקאות בע""\מ",,,יח`,1.50,1 ליטר,false,1,9.90,6.40,false,1,
7290000136240,false,סודה 1.5 ליטר שישייה בודד,"טמפו משקאות בע""\מ",,,יח`,1.50,1 ליטר,false,1,3,1.80,false,1,
7290000136653,false,בירה שחורה נשר מאלט דיאט בקבוק 1.5ל`,"טמפו משקאות בע""\מ",,,יח`,15,"100 מ""ל",false,1,9.90,0.64,false,1,
7290000136776,false,שישיית פפסי מקס דל קלוריות 1.5 ליטר,טמפו משקאות בע`מ,,,יח`,9,1 ליטר,false,1,38.90,4.12,false,1,
7290000144474,false,שמן עץ הזית קנולה 1 ליטר בריאות מהטבע,סוגת תעשיות בעמ,,,יח`,1,1 ליטר,false,1,16.90,16.90,false,1,
7290000149905,false,טקסטיל שמפו נוזלי לאריגים עדינים1ליט,החברה הדרומית לשיווק בעמ,,,יח`,1,1 ליטר,false,1,13.90,13.90,false,1,
7290000168173,false,"ברנפלקס קרנצ'ים תלמה בד""ץ 375 גרם",יוניליוור ישראל שיווק בעמ,,,יח`,3.75,100 גרם,false,1,23.90,6.37,false,1,
7290000168630,false,קליק שקיות דג דג שוקלד חלבי דצ,יוניליוור ישראל שיווק בעמ,,,יח`,0.75,100 גרם,false,1,6.90,9.20,false,1,
7290000169798,false,"עוגי מופחת סוכר 20% פצפוצי שוקו' 500ג' בד""צ",יוניליוור ישראל שיווק בע`מ,,,יח`,5,100 גרם,false,1,22.90,4.58,false,1,
7290000174723,false,שוקולית אבקה להכנת משקה שוקו 500 גרם,הנסיך- מפעל לייצור ט,,,יח`,5,100 גרם,false,1,13.90,2.78,false,1,
7290000176062,false,קפה טורקי בשקית 100 ג' עלית,שטראוס קפה בי.ויn\.,,,יח`,1,100 גרם,false,1,9.10,9.10,false,1,
7290000176079,false,קפה טורקי עם הל עלית (100 גרם),הנסיך- מפעל לייצור ט,,,יח`,1,100 גרם,false,1,9.90,9.90,false,1,
7290000176116,false,קפה טורקי בוואקום עלית (1 קג),הנסיך- מפעל לייצור ט,,,יח`,1,"ק""ג",false,1,78.50,78.50,false,1,
7290000178707,false,חטיף צ`יפס בטעם טבעי תפוצ`יפס (50 גרם),"שטראוס פריטו ליי בע""\מ )",,,יח`,0.50,100 גרם,false,1,4.40,8.80,false,1,
7290000185590,false,סילאן טבעי בבקבוק לחיץ 650 גרם,"טעמי הגליל בע""\מ עבור וי",,,יח`,6.35,100 גרם,false,1,20.90,3.29,false,1,
7290000188355,false,ניקול מגבות נייר לבנות 6 גלילים,קימברלי קלארק ישראל שיווק בעמ,,,יח`,1,,false,1,12.90,12.90,false,1,
7290000188553,false,קוטקס מגן תחתון יאנג ביג 60 יחידות,קימברלי קלארק ישראל שיווק בעמ,,,יח`,1,יח`,false,1,16.90,16.90,false,1,
7290000188591,false,קוטקס מגן תחתון יאנג ביג 60 יחידות,קימברלי קלארק ישראל שיווק בעמ,,,יח`,1,יח`,false,1,16.90,16.90,false,1,
7290000190150,false,מפיות מודפסות תלת שכבתיות ניקול 20 יחידות,קימברלי קלארק ישראל שיווק בעמ,,,יח`,1.02,100 גרם,false,1,10.90,10.69,false,1,
7290000190198,false,מטליות לחות לניקוי וחיטוי 99.9% ניקול 50 יחידה,קימברלי קלארק ישראל שיווק בעמ,,,יח`,1,,false,1,12.90,12.90,false,1,
7290000190853,false,לילי פיור נייר טואלט דו שכבתי לבן 30 גלילים,קימברלי קלארק ישראל שיווק בעמ,,,יח`,23,100 גרם,false,1,42.90,1.87,false,1,
7290000191225,false,חיתולים ליטל בייביז מידה 2 האגיס 46 יחידות,קימברלי קלארק ישראל שיווק בעמ,,,יח`,1,,false,1,35.60,35.60,false,1,
7290000191546,false,ממחטות טישו צבעוני 2 שכבות לילי מארז 100X3יח',קימברלי קלארק ישראל שיווק בעמ,,,יח`,4.20,100 גרם,false,1,11.90,2.83,false,1,
7290000195537,false,האגיס - מגבוני האגיס דיילי קר לא מבושם 64 יח' * 4,קימברלי קלארק ישראל שיווק בעמ,,,יח`,1,,false,1,21.90,21.90,false,1,
7290000197012,false,שקיות ריצ'רץ' אחסון למזון ניקול 15 יחידות,קימברלי קלארק ישראל שיווק בעמ,,,יח`,15,יח`,false,1,15.90,1.06,false,1,
7290000197029,false,שקיות ריצ'רץ' רב תכליתיות ניקול 12 יחידות,קימברלי קלארק ישראל שיווק בעמ,,,יח`,12,יח`,false,1,15.90,1.33,false,1,
7290000197463,false,חיתולים פרידום דריי שלב +4 האגיס 40 יחידות,קימברלי קלארק ישראל שיווק בעמ,,,יח`,1,,false,1,44.90,44.90,false,1,
7290000197470,false,שקיות רב שימושיות מתכלות ניקול 250 יחידות,קימברלי קלארק ישראל שיווק בעמ,,,יח`,200,יח`,false,1,15.90,0.08,false,1,
7290000197548,false,חיתולים פרידום דריי שלב 5 האגיס 36 יחידות,קימברלי קלארק ישראל שיווק בעמ,,,יח`,1,,false,1,44.90,44.90,false,1,
7290000201849,false,חיתולי פרימיום שלב 4 טיטולים) (40,קימברלי קלארק ישראל שיווק בעמ,,,יח`,1,,false,1,40.70,40.70,false,1,
7290000204512,false,מטליות לחות לניקוי רצפה בריח לימון ניקול 10 יחידות,קימברלי קלארק ישראל שיווק בעמ,,,יח`,1,,false,1,15.90,15.90,false,1,
7290000207162,false,רוטב עגבניות מרכיב טבעי 100 ג' יכין,זנלכול יכין,,,יח`,1,100 גרם,false,1,2.50,2.50,false,1,
7290000208077,false,אפונת גינה גדולה יכין (550 גרם),זנלכול יכין,,,יח`,5.50,100 גרם,false,1,8.50,1.55,false,1,
7290000208114,false,"אפונה וגזר יכין A2 פ""ק בית יוסף",זנלכול יכין,,,יח`,5.50,100 גרם,false,1,8.50,1.55,false,1,
7290000208145,false,גרעיני תירס מתוק לייט 550 גרם יכין,זנלכול יכין,,,יח`,5.50,100 גרם,false,1,10.90,1.98,false,1,
7290000208213,false,שעועית לבנה אפויה A2 ברוטב עגבניות יכין 560ג',היינץ צפון אמריקה מק,,,יח`,5.80,100 גרם,false,1,9.50,1.64,false,1,
7290000208220,false,שעועית צ`ילי מקסיקני חריף יכין (550 גרם),היינץ צפון אמריקה מק,,,יח`,5.80,100 גרם,false,1,10.50,1.81,false,1,
7290000208312,false,גרעיני תירס מתוק בואקום יכין 400 גר',"זנלכל בע""\מ",,,יח`,4,100 גרם,false,1,7.50,1.88,false,1,
7290000208329,false,גרעיני תירס מתוק יכין (550 גרם),זנלכול יכין,,,יח`,5.50,100 גרם,false,1,9.50,1.73,false,1,
7290000208336,false,רסק יכין 240גר 22% יכין בית יוסף,"זנלכל בע""\מ",,,יח`,2.40,100 גרם,false,1,4.50,1.88,false,1,
7290000208428,false,גרגרי חומוס שלם 550 גרם יכין,היינץ צפון אמריקה מק,,,יח`,5.50,100 גרם,false,1,9.50,1.73,false,1,
7290000208855,false,רוטב לפסטה קלאסי יכין (240 גרם),זנלכול יכין,,,יח`,2.40,100 גרם,false,1,6.50,2.71,false,1,
7290000208893,false,גרעיני תירס מתוק לייט 400 גרם יכין,היינץ צפון אמריקה מק,,,יח`,3.40,100 גרם,false,1,7.50,2.21,false,1,
7290000209906,false,עגבניות מרוסקות בתוספת בצל 240 גרם יכין,זנלכול יכין,,,יח`,2.40,100 גרם,false,1,6.50,2.71,false,1,
7290000209944,false,רוטב לעגבניות בסיס לשקשוקה 240 ג' יכין,"זנלכל בע""\מ",,,יח`,2.40,100 גרם,false,1,6.50,2.71,false,1,
7290000211442,false,אורז בסגנון פרסי קלאסי סוגת (1 קג),האי נאם סי או אל.טי.,,,יח`,1,"ק""ג",false,1,9.90,9.90,false,1,
7290000211503,false,סוכר לבן ארוז בשקית,"סוגת תעשיות בע""\מ",,,יח`,1,"ק""ג",false,1,4.40,4.40,false,1,
7290000238036,false,מלאווח מעדנות 6 יח`700 גרם קפוא,תנובה מרכז שיתופי לשיווק תוצרת,,,יח`,7,100 גרם,false,1,17.90,2.56,false,1,
7290000238180,false,בורקס במילוי תפוא 800 גרם מעדנות,מיוצר עי קונדיטוריית,,,יח`,8,100 גרם,false,1,22.90,2.86,false,1,
7290000253374,false,מיני שוקולד צ`יפס 66% מוצקי קקאו אופנהיי,תה ויסוצקי (ישראל) בעמ,,,יח`,2.50,100 גרם,false,1,15.90,6.36,false,1,
7290000272696,false,מיץ לימון טבעי משומר 1 ליטר עסיס כלפ,קבוצת אוסם סחר שותפות מוגבלת,,,יח`,1,1 ליטר,false,1,10.10,10.10,false,1,
7290000272726,false,חומץ רכיבים רכיבים טבעיים 5% עסיס 1 ליטר,קבוצת אוסם סחר שותפות מוגבלת,,,יח`,1,1 ליטר,false,1,7.90,7.90,false,1,
7290000286228,false,ספוגיות לניקוי כללי סנו סושי 6 יחידות,החברה הדרומית לשיווק בעמ,,,יח`,6,יח`,false,1,12.90,2.15,false,1,
7290000286549,false,מטליות לניקוי כללי סנו סושי 9 יחידות,החברה הדרומית לשיווק בעמ,,,יח`,9,יח`,false,1,12.90,1.43,false,1,
7290000286761,false,ניילון נצמד סנו סושי פלסטיק מארז 30X2 מ',החברה הדרומית לשיווק בעמ,,,יח`,1,,false,1,11.90,11.90,false,1,
7290000287102,false,סנו שטיחים קצף לניקוי שטיחים 600 סמק,החברה הדרומית לשיווק בעמ,,,יח`,6,"100 מ""ל",false,1,20.90,3.48,false,1,
7290000287430,false,סנובון צבעוני לאסלה בריח לימון שלישייה,החברה הדרומית לשיווק בעמ,,,יח`,1.65,100 גרם,false,1,12.90,7.82,false,1,
7290000287485,false,"שלישיית סנובון לובר לאסלה ""סנו""",החברה הדרומית לשיווק בעמ,,,יח`,1.65,100 גרם,false,1,12.90,7.82,false,1,
7290000288017,false,אקונומיקה בריח לימון סנו ז'אוול 1 ליטר,החברה הדרומית לשיווק בעמ,,,יח`,1,1 ליטר,false,1,9.90,9.90,false,1,
7290000288079,false,סנו - ז'אוול אקונומיקה לימון 2 ליטר,החברה הדרומית לשיווק בעמ,,,יח`,2,1 ליטר,false,1,11.90,5.95,false,1,
7290000292687,false,סנובון מוצק לניקוי אסלה קלאסיק כחול סנו 3 יחידות,החברה הדרומית לשיווק בעמ,,,יח`,1.65,100 גרם,false,1,17.90,10.85,false,1,
7290000295121,false,מטליות זיגזג סנו סושי לניקוי רצפות 3יח',החברה הדרומית לשיווק בעמ,,,יח`,1,,false,1,10.90,10.90,false,1,
7290000295367,false,"מקסימה אבקת כביסה אפקט ז'אוול סנו 2.5 ק""ג",החברה הדרומית לשיווק בעמ,,,יח`,2.50,"ק""ג",false,1,25.90,10.36,false,1,
7290000295404,false,שקיות אשפה עם שרוך 54 * 65 סנו סושי 60 יחידות,החברה הדרומית לשיווק בעמ,,,יח`,1,,false,1,22.90,22.90,false,1,
7290000295541,false,רב מגבת ג'מבו סנו סושי 75 יחידות,החברה הדרומית לשיווק בעמ,,,יח`,3.90,100 גרם,false,1,20.90,5.36,false,1,
7290000295558,false,"רדיד אלומיניום רוחב 30 ס""מ סנו סושי 2 יח' 7.5 מטר",החברה הדרומית לשיווק בעמ,,,יח`,1,,false,1,12.90,12.90,false,1,
7290000295565,false,"רדיד אלומיניום רוחב 45 ס""מ סנו 2 יח' 7.5 מטר",החברה הדרומית לשיווק בעמ,,,יח`,1,,false,1,18.90,18.90,false,1,
7290000295794,false,ספוגיות מתכת אל חלד לניקוי סנו 3 יחידות,החברה הדרומית לשיווק בעמ,,,יח`,1,,false,1,10.90,10.90,false,1,
7290000313290,false,אסם נודלס נודלס איטריות מסולסלות 200גר,קבוצת אוסם סחר שותפות מוגבלת,,,יח`,2,100 גרם,false,1,9.90,4.95,false,1,
7290000315133,false,קנור ציר בקר משחתי 300ג,יוניליוור ישראל שיווק בע`מ,,,יח`,3,100 גרם,false,1,27.50,9.17,false,1,
7290000315140,false,קורנפלקס קמח מלא בד''ץ תלמה 500 גרם,יוניליוור ישראל שיווק בע`מ,,,יח`,5,100 גרם,false,1,16.30,3.26,false,1,
7290000318127,false,נקניקיות ביס יחיעם (380 גרם),מעדני יחיעם (1993) בעמ,,,יח`,3.80,100 גרם,false,1,11.20,2.95,false,1,
7290000318677,false,נקניק סלמי סרוולט יחיעם 150 גרם,מעדני יחיעם (1993) בעמ,,,יח`,1.50,100 גרם,false,1,25.40,16.93,false,1,
7290000319124,false,סלמי סרוולט מאפ יחיעם 250 גרם,מעדני יחיעם ( 1993 ) בע`מ,,,יח`,2.50,100 גרם,false,1,35.60,14.24,false,1,
7290000319803,false,קבנוס קלאסי יחיעם (125 גרם),מעדני יחיעם ( 1993 ) בע`מ,,,יח`,1.25,100 גרם,false,1,13.90,11.12,false,1,
7290000342856,false,מרכך כביסה כחול בדין (4 ליטר),יוניליוור ישראל שיווק בע`מ,,,יח`,4,1 ליטר,false,1,19.90,4.98,false,1,
7290000345260,false,תה קלאסיק מעטפות ויסוצקי 25 יחידות,תה ויסוצקי (ישראל) בעמ,,,יח`,0.3750,100 גרם,false,1,8,21.33,false,1,
7290000345291,false,תה ארל גרי 1.5/ 25 שקיקים ויסוצקי,תה ויסוצקי (ישראל) בעמ,,,יח`,0.3750,100 גרם,false,1,17.30,46.13,false,1,
7290000345307,false,תה ארל גרי 1.5/ 50 שקיקים ויסוצקי,תה ויסוצקי (ישראל) בעמ,,,יח`,0.75,100 גרם,false,1,27.90,37.20,false,1,
7290000345536,false,תה נענע 1.5/ 25 שקיקים ויסוצקי,תה ויסוצקי (ישראל) בעמ,,,יח`,0.3750,100 גרם,false,1,18.10,48.27,false,1,
7290000346137,false,חליטת הילולי פירות הגן הקסום ויסוצקי 25 יחידות,תה ויסוצקי (ישראל) בעמ,,,יח`,0.6250,100 גרם,false,1,17.90,28.64,false,1,
7290000346199,false,חליטת פירות יער הגן הקסום ויסוצקי 25 יחידות,תה ויסוצקי (ישראל) בעמ,,,יח`,0.6750,100 גרם,false,1,17.90,26.52,false,1,
7290000346205,false,חליטת קמומיל הגן הקסום ויסוצקי 25 יחידות,תה ויסוצקי (ישראל) בעמ,,,יח`,0.3750,100 גרם,false,1,17.90,47.73,false,1,
7290000347752,false,תה ירוק לימונית ולואיזה 25 שקיקים *1.5 ג'' ויסוצקי,תה ויסוצקי (ישראל) בעמ,,,יח`,1,,false,1,27.90,27.90,false,1,
7290000364261,false,"דקניקים, סלסולי פסטרמה כתף בקר מעושנת 120 גרם",תנובה מרכז שיתופי לשיווק תוצרת,,,יח`,1.20,100 גרם,false,1,16.90,14.08,false,1,
7290000364285,false,דקניקים סלסולי פסטרמה הודו טירת צבי 120 גרם,תנובה מרכז שיתופי לשיווק תוצרת,,,יח`,1.20,100 גרם,false,1,16.90,14.08,false,1,
7290000364803,false,נקניקיות בקר אמריקאיות טירת צבי 500 גרם,הנסיך- מפעל לייצור ט,,,יח`,5,100 גרם,false,1,30.50,6.10,false,1,
7290000364872,false,נקניקיות עוף טירת צבי (400 גרם),טיב טירת צבי 2000,,,יח`,4,100 גרם,false,1,15.20,3.80,false,1,
7290000367590,false,פסטרמה כפרית וסלמי פריזר כפרי טירת צבי 2*400 גרם,תנובה מרכז שיתופי לשיווק תוצרת,,,יח`,8,100 גרם,false,1,37.70,4.71,false,1,
7290000408316,false,יוגורט דנונה דל לקטוז 200 גרם,שטראוס גרופ בעמ/מצונן,,,יח`,2,"100 מ""ל",false,1,3.60,1.80,false,1,
7290000408354,false,יוגורט עם אורז מצופה שוקולד קקאו 175 ג' דנונה,שטראוס גרופ בעמ/מצונן,,,יח`,1.73,"100 מ""ל",false,1,4.60,2.66,false,1,
7290000416021,false,ממרח בטעם שוקולד השחר העולה (500 גרם),השחר העולה תעשית ממתקים בעמ,,,יח`,5,100 גרם,false,1,14.50,2.90,false,1,
7290000416045,false,ממרח בטעם שוקולד השחר העולה (1 קג),השחר העולה תעשית ממתקים בעמ,,,יח`,1,"ק""ג",false,1,25.90,25.90,false,1,
7290000416632,false,"ממרח שוקולד פרווה השחר 1 ק""ג כשל""פ",השחר העולה תעשית ממתקים בעמ,,,יח`,1,"ק""ג",false,1,25.90,25.90,false,1,
7290000416922,false,השחר ממרח חלב 350 גרם,השחר העולה תעשית ממתקים בעמ,,,יח`,3.50,100 גרם,false,1,12.90,3.69,false,1,
7290000446547,false,חמאת בוטנים טבעית בטר אנד דיפרנט 350 גרם,"בטר אנד דיפרנט בע""מ",,,יח`,3.50,100 גרם,false,1,14.90,4.26,false,1,
7290000446554,false,"חמאת בוטנים טבעית בטר אנד דיפרנט 1 ק""ג",בטר אנד דיפרנט בעמ,,,יח`,5.10,100 גרם,false,1,27.90,5.47,false,1,
7290000461625,false,בייגלה שמיניות מלח בייגל בייגל 400 ג',יוניליוור ישראל שיווק בע`מ,,,יח`,4,100 גרם,false,1,11.50,2.88,false,1,
7290000461724,false,בייגלה שמיניות גדולות שומשום בייגל בייגל,"יוניליוור ישראל שיווק בע""מ",,,יח`,4,100 גרם,false,1,15.20,3.80,false,1,
7290000462172,false,סחוג זחוק ירוק תימני חריף זהבי (150 גרם),שטראוס גרופ בעמ/מצונן,,,יח`,1.40,100 גרם,false,1,9.10,6.50,false,1,
7290000474090,false,"חלב בקרטון 1%- 1 ליטר בד""צ - מוצר בפיקוח",החברה המרכזית טלהפצת משקאות בע,,,יח`,1,1 ליטר,false,1,5.86,5.86,false,1,
7290000474502,false,גבינה לבנה טרה 5% מרכיבים טבעיים,החברה המרכזית טלהפצת משקאות בע,,,יח`,2.50,100 גרם,false,1,4.98,1.99,false,1,
7290000474540,false,טוב טעם גבינה לבנה 3% טרה 250 גרם,החברה המרכזית טלהפצת משקאות בע,,,יח`,2.50,100 גרם,false,1,12.20,4.88,false,1,
7290000480107,false,קוואקר שיבולת שועל פחית 500 גרם,שטראוס פריטו ליי בעמ,,,יח`,5,100 גרם,false,1,13.90,2.78,false,1,
7290000481029,false,10 פיתות בטעם ביתי דגנית עין בר,דגנית עין בר תעשיות מזון ואפיה,,,יח`,10,100 גרם,false,1,9.90,0.99,false,1,
7290000481531,false,דגנית עין בר לחמניות אצבע מחיטה מלאה בשקית 750 ג',דגנית עין בר תעשיות מזון ואפיה,,,יח`,7.50,100 גרם,false,1,12.90,1.72,false,1,
7290000481883,false,דגנית עין בר מארז לחמניות 10 יח'*75 ג',דגנית עין בר תעשיות מזון ואפיה,,,יח`,7.50,100 גרם,false,1,12.90,1.72,false,1,
7290000497044,false,לחם אקטיב ברמן (750 גרם),מאפית י את א ברמן בע,,,יח`,7.50,100 גרם,false,1,15.90,2.12,false,1,
7290000497112,false,"לחם כהה פרוס וארוז ""ברמן""-מוצר בפיקוח",מאפית י את א ברמן בע,,,יח`,7.50,100 גרם,false,1,6.90,0.92,false,1,
7290000497198,false,מארז פיתות עשירייה אסלי,מאפית י את א ברמן בע,,,יח`,10,100 גרם,false,1,10.90,1.09,false,1,
7290000497204,false,פיתות בשקית חמישיה. ברמן,מאפית י את א ברמן בע,,,יח`,5,100 גרם,false,1,7.50,1.50,false,1,
7290000498393,false,חלה רגילה (500 גרם) פיקוח,י.את א. ברמן בעמ,,,יח`,5,100 גרם,false,1,4.90,0.98,false,1,
7290000521008,false,יין אדום יבש של סגל (750 מל),"כרמי צבי - אחים סגל בע""\",,,יח`,7.50,"100 מ""ל",false,1,22.90,3.01,false,1,
7290000523125,false,מלח הארץ הים האדום 250 ג' עדין,"חברת מלח הארץ אילת בע""\מ",,,יח`,2,100 גרם,false,1,5.90,2.95,false,1,
7290000523521,false,מלח ים מלח הארץ 250 גרם מועשר ביוד,חברת מלח הארץ אילת ב,,,יח`,2,100 גרם,false,1,5.90,2.95,false,1,
7290000523804,false,"מלח עדין צנצנת 1 ק""ג מלח הארץ","חברת מלח הארץ אילת בע""\מ",,,יח`,1,"ק""ג",false,1,7.20,7.20,false,1,
7290000525969,false,מיץ תפוזים סחוט רכיבים טבעיים פרימור 1 ליטר,שטראוס גרופ בעמ/מצונן,,,יח`,1,1 ליטר,false,1,16.90,16.90,false,1,
7290000530086,false,נקניק סלמי מעושן 7000 זוגלובק (600 גרם),נקניק נהריה כשר זוגל,,,יח`,8,100 גרם,false,1,37.70,4.71,false,1,
7290000530598,false,נקניקיות עוף וינר זוגלובק 500 גרם,נקניק נהריה כשר זוגל,,,יח`,5,100 גרם,false,1,17.50,3.50,false,1,
7290000530703,false,פסטרמה חרמון כפרית ונקניק תה מעושן זוגלובק 2*400 גרם,נקניק נהריה כשר זוגל,,,יח`,8,100 גרם,false,1,35.60,4.45,false,1,
7290000537566,false,נקניקיות עוף טרי 400 ג' זוגלובק,נקניק נהריה כשר זוגל,,,יח`,4,100 גרם,false,1,13.90,3.48,false,1,
7290000554471,false,נקניק מוצרלה 22 אחוז 180גרם גד מהדרין,מחלבות גד שיווק 1992 בעמ,,,יח`,1.80,100 גרם,false,1,17.90,9.94,false,1,
7290000554532,false,גבינה צפתית מעודנת במלח ים 5% 200 ג' גד,מחלבות גד שיווק 1992 בעמ,,,יח`,2,100 גרם,false,1,15.40,7.70,false,1,
7290000554600,false,מוצרלה מגורדת 22 אחוז 300גרם גד מהדרין,מחלבות גד שיווק 1992 בעמ,,,יח`,3,100 גרם,false,1,24.90,8.30,false,1,
7290000554686,false,גבינת לאבנה בתוספת שמן זית וזעתר 5% גד 250 גרם,מחלבות גד שיווק 1992 בעמ,,,יח`,2.50,100 גרם,false,1,14.90,5.96,false,1,
7290000554839,false,מסקרפונה שמנת מתוקה קשה בסגנון איטלקי 40% גד 250 גרם,מחלבות גד שיווק 1992 בעמ,,,יח`,2.50,100 גרם,false,1,21.90,8.76,false,1,
7290000571232,false,גבינת גאודה טבעית פרוס 30% המחלווה 150ג',גבינות משק אחים מאיר בית,,,יח`,1.50,100 גרם,false,1,23.90,15.93,false,1,
7290000571386,false,המחלבה יוגורמה יוגורט מחלב כבשים 5% 850 גרם,גבינות משק אחים מאיר בית,,,יח`,8.50,"100 מ""ל",false,1,25.90,3.05,false,1,
7290000574035,false,לחם אחיד פרוס דגנית עין בר (750 גרם),דגנית עין בר תעשיות מזון ואפיה,,,יח`,7.50,100 גרם,false,1,6.90,0.92,false,1,
7290000574141,false,לחם חיטה מלא 750ג' דגנית עין בר,דגנית עין בר תעשיות מזון ואפיה,,,יח`,7.50,100 גרם,false,1,14.90,1.99,false,1,
7290000574172,false,לחם קל מחיטה מלאה 750 ג' דגנית עין בר,דגנית עין בר תעשיות מזון ואפיה,,,יח`,7.50,100 גרם,false,1,15.90,2.12,false,1,
7290000654973,false,גזר ארוז,מפעלי יופי אגשח בעמ*שיק 45 יום,,,"ק""ג",1,,true,1,5.90,5.90,false,1,
7290000688084,false,מי עדן פקק ספורטאים500מל,יפאורה שותפות מוגבלת לשיווק,,,יח`,5,"100 מ""ל",false,1,2.50,0.44,false,1,
7290000688381,false,מים מינרלים פקק ספורט מי עדן (500x6 מל),יפאורה שותפות מוגבלת לשיווק,,,יח`,3,1 ליטר,false,1,12.90,3.70,false,1,
7290000688466,false,מי עדן 0.75 ליטר ספורט בודד,יפאורה שותפות מוגבלת לשיווק,,,יח`,7.50,"100 מ""ל",false,1,2.50,0.29,false,1,
7290000841557,false,"סטרילי נוזל חיטוי 500 מ""ל לניקוי פירות וירקות",סטרילי מעבדות בעמ,,,יח`,7,"100 מ""ל",false,1,13.30,1.90,false,1,
7290000993560,false,עגבניות שרי שוקו \מנומר 500ג' ארוז,צימן עגבניות *לא פעיל*,,,יח`,5,100 גרם,false,1,9.90,1.98,false,1,
7290000995410,false,נבטים סיניים נבטי העמק,"בכורי השדה צפון1994 ג.ד. בע""מ",,,יח`,1,,false,1,7.90,7.90,false,1,
7290001041147,false,חומוס גדול יבש מיה 1 ק'ג,מיה תעשיות מזון מ.ת.מ. בעמ,,,יח`,1,"ק""ג",false,1,12.90,12.90,false,1,
7290001041178,false,"אפונה ירוקה מיה 1 ק""ג",מיה תעשיות מזון מ.ת.מ. בעמ,,,יח`,1,"ק""ג",false,1,9.10,9.10,false,1,
7290001041192,false,"עדשים אדומים יבשים מיה 1 ק""ג",מיה תעשיות מזון מ.ת.מ. בעמ,,,יח`,1,"ק""ג",false,1,12.90,12.90,false,1,
7290001201510,false,ביצים ארוזות M מ. לסר) (30 פיקוח,מ לסר בעמ - חברה לשיווק ביצים,,,יח`,1,,false,1,27.87,27.87,false,1,
7290001201596,false,ביצים ארוזות M 12 יחידות,מ לסר בעמ - חברה לשיווק ביצים,,,יח`,1,,false,1,11.15,11.15,false,1,
7290001201602,false,ביצים 18 יח גדול לסר,מ לסר בעמ - חברה לשיווק ביצים,,,יח`,1,,false,1,18.07,18.07,false,1,
7290001201824,false,תבנית ביצים 12 יח' לארג' אורגני,מ לסר בעמ - חברה לשיווק ביצים,,,יח`,1,,false,1,19.30,19.30,false,1,
7290001201893,false,ביצים אומגה M 12 יח,מ לסר בעמ - חברה לשיווק ביצים,,,יח`,1,,false,1,17.30,17.30,false,1,
7290001216040,false,טחינה גולמית שומשום טהור אל ארז 500 גרם,אגס ירוק מסחר ושירותים,,,יח`,5,100 גרם,false,1,16.90,3.38,false,1,
7290001216101,false,"טחינה שומשום מלא אל ארז 1 ק""ג",סוגת תעשיות בעמ,,,יח`,10,100 גרם,false,1,34.90,3.49,false,1,
7290001216231,false,טחינה גולמית שומשום מלא אל ארז 500 גרם,אגס ירוק מסחר ושירותים,,,יח`,5,100 גרם,false,1,18.90,3.78,false,1,
7290001247143,false,קרטונית נקטר ספרינג תפוחים 1 ליטר,יפאורה שותפות מוגבלת לשיווק,,,יח`,1,1 ליטר,false,1,7.30,7.30,false,1,
7290001327180,false,שטראוס קרמיסימו וניל ציפ 1.33 ליטר,"גלידת שטראוס בע""\מ, רחוב",,,יח`,1.33,1 ליטר,false,1,20.90,15.71,false,1,
7290001327197,false,שטראוס קרמיסימו שוקולד וניל,"גלידת שטראוס בע""\מ, רח'\",,,יח`,1.33,1 ליטר,false,1,20.90,15.71,false,1,
7290001327791,false,גלידה קרמיסימו וניל עוגיות 1.33 ליטר,"גלידת שטראוס בע""\מ, רחוב",,,יח`,1.33,1 ליטר,false,1,20.90,15.71,false,1,
7290001482094,false,גבינה פרמז'נו משולשים ויליפוד 200ג',ג.וילי-פוד אינטרנשיונל **גבינו,,,יח`,2,100 גרם,false,1,21.90,10.95,false,1,
7290001482506,false,וילי פוד חומץ בלסמי בדץ 500מל,ג. וילי-פוד אינטרנשיונל בע`מ,,,יח`,5,"100 מ""ל",false,1,19.90,3.98,false,1,
7290001567760,false,פסטרמה של פעם יחיעם 300 גרם,מעדני יחיעם ( 1993 ) בע`מ,,,יח`,3,100 גרם,false,1,27.50,9.17,false,1,
7290001594568,false,בירה בפחית קרלסברג (500 מל),החברה המרכזית להפצת משקאות בעמ,,,יח`,5,"100 מ""ל",false,1,9.90,1.92,false,1,
7290001670057,false,כפיות לבן 100 יח`הנמל,הנמל אריזות ושיווק (1984) בעמ,,,יח`,1,,false,1,11.90,11.90,true,1,
7290001670071,false,כפות חד פעמי לבן 100 יח',הנמל אריזות ושיווק (1984) בעמ,,,יח`,1,,false,1,11.90,11.90,true,1,
7290001670255,false,כוס קרטון שתייה חמה 8B 50 יח',הנמל אריזות ושיווק (1984) בעמ,,,יח`,1,,false,1,10.90,10.90,true,1,
7290001670873,false,"צלחות גדולות לבנות קשיח ח""פ הנמל 66יח'",הנמל אריזות ושיווק (1984) בעמ,,,יח`,1,,false,1,39.90,39.90,false,1,
7290001791349,false,אקונומיקה פיסגה ריחנית סנו (4 ליטר),החברה הדרומית לשיווק בעמ,,,יח`,4,1 ליטר,false,1,12.90,3.23,false,1,
7290001865439,false,פמילי אל סבון נוזלי בניחוח וניל 1 ליטר,אף.סי תבליני בגליל ב,,,יח`,1,1 ליטר,false,1,15.90,15.90,true,1,
7290001865453,false,פמילי לקשרי 1 ליטר לבנדר ארומטי+משאבה,מיוצר עי קונדיטוריית,,,יח`,1,1 ליטר,false,1,15.90,15.90,true,1,
7290001990094,false,"סוכר חום כהה צנצנת קלאסי סוגת 1ק""ג",האי נאם סי או אל.טי.,,,יח`,10,100 גרם,false,1,15.90,1.59,false,1,
7290001990148,false,"סוכר גולדן קלאסי בצנצנת סוגת 1 ק""ג",האי נאם סי או אל.טי.,,,יח`,1,"ק""ג",false,1,14.90,14.90,false,1,
7290002007890,false,כוסות חד פעמיות מפלסטיק 100 יח`,הנמל אריזות ושיווק (1984) בעמ,,,יח`,100,יח`,false,1,9.90,0.10,false,1,
7290002008507,false,נייר אפיה הנמל 50 יחידות,הנמל אריזות ושיווק (1984) בעמ,,,יח`,1,,false,1,9.90,9.90,true,1,
7290002019763,false,עגבניות מרוסקות 800ג פריניר ה.מכירה *,ח.כהן סוכנות מזון ומשקאות בע,,,יח`,8,100 גרם,false,1,7.90,0.99,false,1,
7290002019787,false,רוטב עגבניות מרוכז מאוד 260 גרם פריניר,ח.כהן סוכנות מזון ומשקאות בע,,,יח`,2.60,100 גרם,false,1,3.90,1.50,false,1,
7290002019794,false,רוטב עגבניות מרוכז מאוד 100 גרם פריניר,ח.כהן סוכנות מזון ומשקאות בע,,,יח`,1,100 גרם,false,1,1.90,1.90,false,1,
7290002037637,false,לחמניות הבית מתוקות מאפיית ודש) (4,מאפית י את א ברמן בע,,,יח`,4,100 גרם,false,1,11.90,2.98,false,1,
7290002040019,false,קוסקוס רגיל מזון קוסקוס (350 גרם),הנמל אריזות ושיווק (1984) בעמ,,,יח`,3.50,100 גרם,false,1,6.90,1.97,false,1,
7290002040064,false,קוסקוס דק להכנה מהירה בשקית 350 גרם,הנמל אריזות ושיווק (1984) בעמ,,,יח`,3.50,100 גרם,false,1,5.90,1.69,false,1,
7290002065555,false,שישיית לחמנייה הכי רכה בהפסקה אנג'ל 450 גרם,מאפיית שלמה א. אנג'\ל בע,,,יח`,4.50,100 גרם,false,1,10.90,2.42,false,1,
7290002077725,false,סלומון נורווגי מצונן דלידג 100ג',נטו מלינדה סחר בע`מ,,,יח`,1,100 גרם,false,1,19.90,19.90,false,1,
7290002107071,false,גבינת פטה עיזים מעודנת 16% משק צוריאל 200 גרם,החברה המרכזית טלהפצת משקאות בע,,,יח`,2,100 גרם,false,1,27.60,13.80,false,1,
7290002107491,false,גבינה לבנה מחלב עיזים למריחה 5% משק צוריאל 250 גרם,החברה המרכזית טלהפצת משקאות בע,,,יח`,2.50,100 גרם,false,1,17.60,7.04,true,1,
7290002128311,false,נר נשמה בכוס זכוכית שבועי מנורה שי נר,"מנורה שי נר בע""מ",,,יח`,1,,false,1,10.90,10.90,false,1,
7290002128403,false,נרות שבת אורה מס 4 מנורה שי נר,אבאל יזמות בעמ,,,יח`,1,,false,1,3.50,3.50,false,1,
7290002128762,false,נר נשמה בכוס ל72 שעות מנורה שי נר,"מנורה שי נר בע""מ",,,יח`,1,,false,1,6.50,6.50,false,1,
7290002128946,false,נר נשמה בכוס ל48 שעות מנורה שי נר,מנורה אור חדש בעמ,,,יח`,1,,false,1,5.50,5.50,false,1,
7290002130567,false,דבש דבורים טהור פרחי בר יד מרדכי 350 גרם,מכוורת יד מרדכי שטראוס ב,,,יח`,3.50,100 גרם,false,1,18.90,5.40,false,1,
7290002130581,false,דבש טהור מפרחי בר יד מרדכי (1 קג),מכוורת יד מרדכי שטראוס ב,,,יח`,1,"ק""ג",false,1,45.90,45.90,false,1,
7290002132011,false,עוגיות מזרחיות עם שומשום עבאדי (400 גר),מאפיית יוסף ושמחה עבאדי,,,יח`,4,100 גרם,false,1,18.50,4.63,false,1,
7290002195054,false,המבורגר קפוא בלדי (400 גרם),יוליניבר,,,יח`,4,100 גרם,false,1,12.90,3.23,false,1,
7290002195092,false,קבב רומני קפוא בלדי (400 גרם),בלדי בעמ,,,יח`,4,100 גרם,false,1,12.90,3.23,false,1,
7290002281498,false,גבינה צהובה מגורדת על בסיס חלב 500 ג' ריץ,נטו מילנדה סחר בעמ*,,,יח`,5,100 גרם,false,1,25.90,5.18,false,1,
7290002291046,false,המבורגר מסעדות 480 גרם הקצביה בלדי,יוליניבר,,,יח`,4.80,100 גרם,false,1,25.50,5.31,false,1,
7290002317081,false,זיתים נטולי גלעין +20% 670ג A2 מטולה,שימורי מוטולה בעמ,,,יח`,5.60,100 גרם,false,1,10.90,1.95,false,1,
7290002317128,false,מלפפון 560ג במלח 10-12 A2 מטולה,שימורי מוטולה בעמ,,,יח`,5.60,100 גרם,false,1,10.90,1.95,false,1,
7290002317135,false,מלפפון 560ג במלח 13-17 A2 מטולה,שימורי מוטולה בעמ,,,יח`,5.60,100 גרם,false,1,10.90,1.95,false,1,
7290002317166,false,מלפפון 560ג בחומץ 10-12 A2 מטולה,שימורי מוטולה בעמ,,,יח`,5.60,100 גרם,false,1,10.90,1.95,false,1,
7290002317265,false,מלפפון 650ג במלח +20% 7-9 A2 מטולה,שימורי מוטולה בעמ,,,יח`,5.60,100 גרם,false,1,8.90,1.59,false,1,
7290002317289,false,חצילים מוחמצים 560 גרם,שימורי מוטולה בעמ,,,יח`,5.60,100 גרם,false,1,9.90,1.77,false,1,
7290002317319,false,מלפפון 650ג בחומץ +20% 7-9 A2 מטולה,שימורי מוטולה בעמ,,,יח`,3.48,100 גרם,false,1,8.90,2.56,false,1,
7290002317326,false,זיתים מנזולינו 12-15 +20% 670ג A2 מטולה,שימורי מוטולה בעמ,,,יח`,5.60,100 גרם,false,1,9.90,1.77,false,1,
7290002317371,false,זיתים מושחר נטול גלעין 560ג A2 מטולה,שימורי מוטולה בעמ,,,יח`,5.60,100 גרם,false,1,10.90,1.95,false,1,
7290002317388,false,ירקות מעורבים בתיבול מזרחי מוטולה 900 גר,אבאל יזמות בעמ,,,יח`,9,100 גרם,false,1,30.90,3.43,false,1,
7290002317579,false,זיתים טבעות ירוק 560ג A2 מטולה,שימורי מוטולה בעמ,,,יח`,5.60,100 גרם,false,1,10.90,1.95,false,1,
7290002317609,false,כרוב כבוש 560ג A2 מטולה,שימורי מוטולה בעמ,,,יח`,5.60,100 גרם,false,1,9.90,1.77,false,1,
7290002317616,false,זיתים מרינט 17-19 560ג A2 מטולה,שימורי מוטולה בעמ,,,יח`,5.60,100 גרם,false,1,10.90,1.95,false,1,
7290002317661,false,זיתים מנזולינו גדול מאוד זכוכית מוטולה,שימורי מוטולה בעמ,,,יח`,5.60,100 גרם,false,1,10.90,1.95,false,1,
7290002317753,false,זית טבעות ירוק בצנצנת זכוכית מוטולה,אבאל יזמות בעמ,,,יח`,5.60,100 גרם,false,1,10.90,1.95,false,1,
7290002319016,false,אבקת אפיה עשיריות מיה 100 גרם,מיה תעשיות מזון מ.ת.מ. בעמ,,,יח`,1,100 גרם,false,1,3.30,3.30,false,1,
7290002319023,false,סוכר וניל עשיריות מיה 100 גרם,מיה תבליני החיים ירושלים בע`מ,,,יח`,1,100 גרם,false,1,2.90,2.90,false,1,
7290002319061,false,קוקוס טחון מיה (100 גרם),מיה תעשיות מזון מ.ת.מ. בעמ,,,יח`,1,100 גרם,false,1,4,4,false,1,
7290002319078,false,שומשום מיה 100 גרם,מיה תעשיות מזון מ.ת.מ. בעמ,,,יח`,1,100 גרם,false,1,4,4,false,1,
7290002319375,false,"קורנפלור 200 ג' בד""ץ מיה",מיה תעשיות מזון מ.ת.מ. בעמ,,,יח`,2,100 גרם,false,1,5.10,2.55,false,1,
7290002319610,false,שקדים טחונים מיה 100 גרם,מיה תעשיות מזון מ.ת.מ. בעמ,,,יח`,1,100 גרם,false,1,12.50,12.50,false,1,
7290002319771,false,תמצית אפיה בטעם וניל מיה (50 מל),מיה תעשיות מזון מ.ת.מ. בעמ,,,יח`,0.50,"100 מ""ל",false,1,4,8,false,1,
7290002319788,false,תמצית אפיה בטעם רום כשלפ בדצ העדח,מיה תעשיות מזון מ.ת.מ. בעמ,,,יח`,0.60,"100 מ""ל",false,1,4,6.67,false,1,
7290002319825,false,"אבקת סוכר 100 ג`בד""ץ מיה",מיה תעשיות מזון מ.ת.מ. בעמ,,,יח`,1,100 גרם,false,1,2.70,2.70,false,1,
7290002327073,false,בורקס גבינה 800 גר' שלושת האופים קהילות,נטו מלינדה סחר בע`מ,,,יח`,8,100 גרם,false,1,20.90,2.61,true,1,
7290002331025,false,"מים מינרלים נביעות ספורט 500 מ""ל פקדון",החברה המרכזית להפצת משקאות בעמ,,,יח`,5,"100 מ""ל",false,1,3.40,0.62,false,1,
7290002331094,false,"מים מינרליים GO TO נביעות 755 מ""ל",החברה המרכזית להפצת משקאות בעמ,,,יח`,7.50,"100 מ""ל",false,1,4,0.49,false,1,
7290002331360,false,"נביעות מים מינרליים טו גו מארז 500X6מ""ל",החברה המרכזית להפצת משקאות בעמ,,,יח`,3,1 ליטר,false,1,17,5.07,false,1,
7290002331490,false,מים מינרלים נביעות (1 ליטר),החברה המרכזית להפצת משקאות בעמ,,,יח`,1,1 ליטר,false,1,3.30,3.30,false,1,
7290002353836,false,סרדינים רוברט בשמן זית 115 גרם,קונסרבס פורטוגל נורטה,,,יח`,1.15,100 גרם,false,1,8.90,7.74,false,1,
7290002371533,false,דקניקים סלסולי פסטרמה דבש טירת צבי 120 גרם,תנובה מרכז שיתופי לשיווק תוצרת,,,יח`,1.20,100 גרם,false,1,16.90,14.08,false,1,
7290002371540,false,דקניקים קורנדביף ללא גלוטן טירת צבי 120 גרם,תנובה מרכז שיתופי לשיווק תוצרת,,,יח`,1.20,100 גרם,false,1,16.90,14.08,false,1,
7290002374312,false,שמן קנולה מזוכך 6% מילומור (1 ליטר),"נארז ע""י : א.ג. גילר",,,יח`,1,1 ליטר,false,1,11.90,11.90,false,1,
7290002374640,false,שמן בריאות קנולה פלוס אומגה 3 עץ הזית 1 ליטר,סוגת תעשיות בעמ,,,יח`,1,1 ליטר,false,1,17.90,17.90,false,1,
7290002407034,false,זית סורי ירוק( 800 גר`)גהשאן סורי,אבאל יזמות בעמ,,,יח`,8,100 גרם,false,1,22.90,2.86,false,1,
7290002407348,false,"שמן זית כתית מעולה 750 מ""ל ג'השאן",משק משפחת ג'השאן,,,יח`,7.50,"100 מ""ל",false,1,35.90,4.79,false,1,
7290002407645,false,שמן זית כתית מעולה ( 750 מל) ארץ הגליל,אבאל יזמות בעמ,,,יח`,7.50,"100 מ""ל",false,1,30.90,4.12,false,1,
7290002407676,false,זית תערובת אריזת( 800 גר`גהשאן,אבאל יזמות בעמ,,,יח`,8,100 גרם,false,1,22.90,2.86,false,1,
7290002517276,false,פלפל אנגלי שלם 25 גר' טעם וריח,תבליני טעם וריח בעמ,,,יח`,0.25,100 גרם,false,1,9.90,39.60,false,1,
7290002517283,false,תבלין פלפל שחור גרוס 40 גר' מיכל,תבליני טעם וריח בעמ,,,יח`,0.40,100 גרם,false,1,9.90,24.75,false,1,
7290002517290,false,תבלין קינמון טחון 40 גר' מיכל,"תבליני טעם וריח בע""מ",,,יח`,0.40,100 גרם,false,1,6.90,17.25,false,1,
7290002517658,false,תבלין כורכום 40 גרם מיכל קטן,"תבליני טעם וריח בע""\מ",,,יח`,0.40,100 גרם,false,1,6.90,17.25,false,1,
7290002517801,false,תבלין צ'ילי כתוש - חריף (פלפל קיינה) 30 ג',"תבליני טעם וריח בע""מ",,,יח`,0.30,100 גרם,false,1,6.90,23,false,1,
7290002517849,false,תבלין שום גבישי 50 גר,תבליני טעם וריח בעמ,,,יח`,0.50,100 גרם,false,1,6.90,13.80,false,1,
7290002517863,false,תבלין ציפורן טחון 80ג',"תבליני טעם וריח בע""מ",,,יח`,0.40,100 גרם,false,1,9.90,24.75,false,1,
7290002542506,false,"בקבוק בירה קורונה 355 מ""ל",קריניציה ויטמינה אס,,,יח`,3.55,"100 מ""ל",false,1,9.90,2.70,false,1,
7290002542780,false,"שישייה בירה סטלה ארטואה בקבוק 330X6 מ""ל","אינבב, ברוורייפליין",,,יח`,1.98,1 ליטר,false,1,38.70,18.64,false,1,
7290002543237,false,דגני בוקר קלוגס קורנפלקס 750 גרם,קלוגס קומפני אוף גרייט ב,,,יח`,7.50,100 גרם,false,1,16.90,2.25,false,1,
7290002627210,false,גפילטע פיש קציצות מדגי קרפיון וכסיף בצנצנת 560 גרם,האי נאם סי או אל.טי.,,,יח`,5.60,100 גרם,false,1,10.90,1.95,false,1,
7290002628064,false,בשר בקר טחון קפוא בלדי (500 גרם),יוליניבר,,,יח`,5,100 גרם,false,1,16.90,3.38,false,1,
7290002692393,false,שמן קנולה מזוכך מועשר עץ הזית (1 ליטר),סוגת תעשיות בעמ,,,יח`,1,1 ליטר,false,1,16.90,16.90,false,1,
7290002692768,false,"תרסיס שמן קנולה מזוכך ללא תוספת גז עץ הזית 200 מ""ל",טרנסומס פוד איי בי,,,יח`,2,"100 מ""ל",false,1,21.90,10.95,true,1,
7290002752332,false,"סוכריות מנטוס פירות בגליל, 37.5 גרם",הדקלאים אגודת שיתופי,,,יח`,0.3750,100 גרם,false,1,4,10.67,false,1,
7290002752349,false,סוכריות מנטוס מנטה 40יח' בגליל 38ג',ליימן שליסל בעמ,,,יח`,0.3750,100 גרם,false,1,4,10.67,false,1,
7290002824183,false,"גבינה לבנה סקי 500 גרם 5% ""שטראוס"" -מוצר בפיקוח",שטראוס גרופ בעמ/מצונן,,,יח`,5,100 גרם,false,1,9.50,1.90,false,1,
7290002824466,false,יוגורט דנונה ביו לבן 0% שומן 200 גרם,שטראוס גרופ בעמ/מצונן,,,יח`,2,"100 מ""ל",false,1,3.60,1.80,false,1,
7290002824640,false,"גבינת סקי 250 גרם 5% ""שטראוס"" -מוצר בפיקוח",שטראוס גרופ בעמ/מצונן,,,יח`,2.50,100 גרם,false,1,4.97,1.99,false,1,
7290002825722,false,כרוב אדום במיונז אחלה (500 גרם),שטראוס גרופ בעמ/מצונן,,,יח`,5.75,100 גרם,false,1,15.60,2.71,true,1,
7290002830948,false,גבינת עיזים מותכת 30% מון בלאן 120 גרם,סלס קרית מלאכי ישראל,,,יח`,1.20,100 גרם,false,1,14.20,11.83,true,1,
7290002868996,false,"קוטג' 5% שומן, רכיבים טבעיים, 250 גרם",החברה המרכזית טלהפצת משקאות בע,,,יח`,2.50,100 גרם,false,1,5.90,2.36,false,1,
7290002971993,false,קמח כוסמין מלא ללא צורך בניפוי 1 קג שטיב,טחנות קמח שטיבל בש בעמ,,,יח`,10,100 גרם,false,1,14.90,1.49,false,1,
7290002972006,false,קמח בהיר(405) ללא צורך בניפוי ( 1 קג ),טחנות קמח שטיבל בש בעמ,,,יח`,1,"ק""ג",false,1,9.50,9.50,false,1,
7290002972365,false,קמח תופח שטיבל 13 ללא צורך בניפוי 1 קג,טחנות קמח שטיבל בש בעמ,,,יח`,1,"ק""ג",false,1,8.90,8.90,false,1,
7290002973669,false,"קמח שטיבל ללחם 2 ללא ניפוי 1 ק""ג",טחנת קמח דגן-שטיבל,,,יח`,1,"ק""ג",false,1,9.50,9.50,false,1,
7290002973812,false,קמח כוסמין (80% 1 קג)ללא צורך בניפוי ש,טחנות קמח שטיבל בש בעמ,,,יח`,10,100 גרם,false,1,14.90,1.49,false,1,
7290002973829,false,קמח כוסמין לבן( 1 קג) ללא צורך ניפוי ש,טחנות קמח שטיבל בש בעמ,,,יח`,10,100 גרם,false,1,14.90,1.49,false,1,
7290002974222,false,קמח עוגיות ללא צורך בניפוי 1 קג שטיבל,טחנות קמח שטיבל בש בעמ,,,יח`,1,"ק""ג",false,1,9.50,9.50,false,1,
7290002974239,false,"קמח עוגות ללא צ.בניפוי שטיבל 1 ק""ג*",טחנות קמח שטיבל בש בעמ,,,יח`,1,"ק""ג",false,1,9.50,9.50,false,1,
7290003009640,false,מיץ תפוזים סחוט רכיבים טבעיים פריגת 1 ליטר,החברה המרכזית טלהפצת משקאות בע,,,יח`,1,1 ליטר,false,1,16.90,16.90,true,1,
7290003015627,false,"נוזל רצפות אפרסק 2 ליטר ""ריצפז פרש""",החברה הדרומית לשיווק בעמ,,,יח`,2,1 ליטר,false,1,20.90,10.45,false,1,
7290003029181,false,משקה יטבתה שוקו' בקבוק 1ל מהדרין,שטראוס גרופ בעמ/מצונן,,,יח`,1,1 ליטר,false,1,11.90,11.90,false,1,
7290003029372,false,יטבתה משקה בטעם בננה %3 בקבוק 1 ליטר,שטראוס גרופ בעמ/מצונן,,,יח`,1,1 ליטר,false,1,11.90,11.90,false,1,
7290003029433,false,"משקה יטבתה שוקו פקק 250 מ""ל מהדרין",שטראוס גרופ בעמ/מצונן,,,יח`,2.50,"100 מ""ל",false,1,5.50,2.20,false,1,
7290003029532,false,מוקה בבקבוק יטבתה 1 ליטר מהדרין,שטראוס גרופ בעמ/מצונן,,,יח`,1,1 ליטר,false,1,11.90,11.90,false,1,
7290003029815,false,כד חלב 3% יטבתה 2 ליטר מהדרין,שטראוס גרופ בעמ/מצונן,,,יח`,20,"100 מ""ל",false,1,15.20,0.76,false,1,
7290003107247,false,שמרים יבשים אינסטנט33גרם,אבאל יזמות בעמ,,,יח`,0.33,100 גרם,false,1,7.90,23.94,false,1,
7290003107315,false,סולת בשקית טחנת קמח דגן (1 קג),טחנות קמח דגן (2006) בעמ,,,יח`,1,"ק""ג",false,1,4.40,4.40,false,1,
7290003107346,false,קמח חיטה לבן בדץ טחנת קמח דגן (1 קג),טחנות קמח דגן (2006) בעמ,,,יח`,1,"ק""ג",false,1,4.40,4.40,false,1,
7290003107353,false,שטיבל משפר אפייה ביתי 3 * 10 גרם,ט.ק דגן טכנולוגיות ב,,,יח`,0.30,100 גרם,false,1,6.90,23,false,1,
7290003107360,false,קמח לבן בהיר 1 קג ללא צורך בניפוי,טחנת קמח דגן לישראל,,,יח`,10,100 גרם,false,1,8.90,0.89,false,1,
7290003126712,false,יוגורט עיזים מחלב מלא 3.7% משק צוריאל 150 גרם,החברה המרכזית טלהפצת משקאות בע,,,יח`,1.50,"100 מ""ל",false,1,7.10,4.73,false,1,
7290003126958,false,טופו גבינה גוש בואקום צוריאל 300 ג',החברה המרכזית טלהפצת משקאות בע,,,יח`,3,100 גרם,false,1,13.10,4.37,false,1,
7290003217014,false,פיתות תנעמי בטעם ביתי דגנית עין בר) (5,דגנית עין בר תעשיות מזון ואפיה,,,יח`,5,100 גרם,false,1,5.50,1.10,false,1,
7290003229123,false,פסטרמה הודו על גחלים 2% טירת צבי 400 גרם,תנובה מרכז שיתופי לשיווק תוצרת,,,יח`,4,100 גרם,false,1,31.90,7.98,false,1,
7290003229192,false,נקניק כתף בקר מעושן 2% טירת צבי 400 גרם,תנובה מרכז שיתופי לשיווק תוצרת,,,יח`,4,100 גרם,false,1,37.70,9.43,false,1,
7290003321155,false,יוגורט בר עם פקאן מצופה שוקולד 183 ג' דנונה,שטראוס גרופ בעמ/מצונן,,,יח`,1.75,"100 מ""ל",false,1,4.60,2.63,false,1,
7290003411696,false,מרקיות פלסטיק חד פעמיות 25 יח`,הנמל אריזות ושיווק (1984) בעמ,,,יח`,25,יח`,false,1,9.90,0.40,true,1,
7290003427154,false,"שמן זית כתית מעולה טעם מעודן זיתא 750 מ""ל",תה ויסוצקי (ישראל) בעמ,,,יח`,7.50,"100 מ""ל",false,1,32.90,4.39,false,1,
7290003438006,false,ממרח אולביה פסטו וצנובר איטלקי 190ג',תה ויסוצקי (ישראל) בעמ,,,יח`,1.90,100 גרם,false,1,14.90,7.84,false,1,
7290003438013,false,7290003אוליביה ממרח זיתים ירוקים 190 גרם,תה ויסוצקי (ישראל) בעמ,,,יח`,1.90,100 גרם,false,1,14.90,7.84,false,1,
7290003438020,false,אוליביה ממרח עגבניות מיובשות (190 גרם),תה ויסוצקי (ישראל) בעמ,,,יח`,1.90,100 גרם,false,1,14.90,7.84,false,1,
7290003550753,false,נתחי טונה בהירה בשמן פוסידון (108x4 גרם),נטו מילנדה סחר בעמ*,,,יח`,4.32,100 גרם,false,1,22.90,5.30,true,1,
7290003578061,false,לבבות דקל שלמים וילי פוד (400 גרם),ג.וילי-פוד אינטרנשיונל בעמ,,,יח`,4,100 גרם,false,1,13.90,3.48,false,1,
7290003578078,false,קוקטייל פירות טרופי בסירופ קל ויליפוד 850 גרם,ג. וילי-פוד אינטרנשיונל בע`מ,,,יח`,8.50,100 גרם,false,1,10.90,1.28,false,1,
7290003643004,false,אורז בסמטי קלאסי סוגת (1 קג),האי נאם סי או אל.טי.,,,יח`,1,"ק""ג",false,1,14.90,14.90,false,1,
7290003643387,false,סוכר לבן בצנצנת פלסטיק 1 ק`ג,האי נאם סי או אל.טי.,,,יח`,1,"ק""ג",false,1,8.90,8.90,false,1,
7290003643646,false,"סוכר דמררה קלאסי בצנצנת סוגת 1 ק""ג",האי נאם סי או אל.טי.,,,יח`,10,100 גרם,false,1,13.50,1.35,false,1,
7290003643684,false,אפונה יבשה סוגת 500 גר',האי נאם סי או אל.טי.,,,יח`,5,100 גרם,false,1,7.50,1.50,true,1,
7290003643707,false,גריסים סוגת (500 גרם),"סוגת תעשיות בע""מ",,,יח`,5,100 גרם,false,1,6.50,1.30,true,1,
7290003643738,false,חיטה סוגת (500 גרם),האי נאם סי או אל.טי.,,,יח`,5,100 גרם,false,1,6.50,1.30,true,1,
7290003643752,false,עדשים ירוקים יבש סוגת 500 גר',האי נאם סי או אל.טי.,,,יח`,5,100 גרם,false,1,8.90,1.78,true,1,
7290003643806,false,שעועית לבנה יבשה סוגת (500 גרם),האי נאם סי או אל.טי.,,,יח`,5,100 גרם,false,1,13.90,2.78,true,1,
7290003643813,false,שעועית אדומה יבשה סוגת 500 גר',האי נאם סי או אל.טי.,,,יח`,5,100 גרם,false,1,11.50,2.30,true,1,
7290003643820,false,חומוס ענק יבש סוגת 500 גרם,"סוגת תעשיות בע""\מ",,,יח`,5,100 גרם,false,1,13.90,2.78,true,1,
7290003681365,false,קישוט לעוגה צבעוני בבצנצנת מיה 80 גרם,מיה תעשיות מזון מ.ת.מ. בעמ,,,יח`,2,100 גרם,false,1,7.10,3.55,false,1,
7290003726141,false,טופו אמיתי כפרי בריא 300 גרם,מחלבות גד שיווק 1992 בעמ,,,יח`,3.20,100 גרם,false,1,12.90,4.03,false,1,
7290003726615,false,"טופו ויילר 300 גרם ""שטראוס""",שטראוס גרופ בעמ/מצונן,,,יח`,3,100 גרם,false,1,12.50,4.17,true,1,
7290003781850,false,גבינת קשקבל פרוסות 200 גרם - דיספליי (18),ג.וילי-פוד אינטרנשיונל **גבינו,,,יח`,2,100 גרם,false,1,20.90,10.45,false,1,
7290003804252,false,תיבוליות לאורז בנוסח הודי קנור 80גרם,יוניליוור ישראל שיווק בע`מ,,,יח`,0.80,100 גרם,false,1,10.90,13.63,false,1,
7290003804368,false,תיבוליות בזיליקום קנור (8 יח`- 72 גרם),יוניליוור ישראל שיווק בע`מ,,,יח`,0.72,100 גרם,false,1,10.90,15.14,false,1,
7290003805501,false,"פתית בסגנון שוודי תלמה בד""צ 300 גרם",יוניליוור ישראל שיווק בע`מ,,,יח`,3,100 גרם,false,1,18.70,6.23,false,1,
7290003807482,false,קנור רוטב טריאקי מופחת נתרן 370 גרם,יוניליוור ישראל שיווק בע`מ,,,יח`,3,"100 מ""ל",false,1,13.90,4.63,false,1,
7290003864478,false,סרדינים בשמן צמחי פתח קל ויליפוד 110 גרם,ג.וילי-פוד אינטרנשיונל בעמ,,,יח`,1.10,100 גרם,false,1,6.10,5.55,false,1,
7290003864492,false,סרדינים בשמן צמחי חריף פתח קל ויליפוד 110ג',ג. וילי-פוד אינטרנשיונל בע`מ,,,יח`,1.10,100 גרם,false,1,5.90,5.36,false,1,
7290003882922,false,עלי גפן ממולאים באורז וילי פוד 360 גרם,ג. וילי-פוד אינטרנשיונל בע`מ,,,יח`,4,100 גרם,false,1,9.90,2.48,false,1,
7290003903771,false,קפה נמס קפוצ'ינו רגיל 200 ג',שטראוס גרופ בע`מ,,,יח`,2,100 גרם,false,1,24.90,12.45,false,1,
7290003989096,false,סלט חצילים פיקנטי אחלה 500 גרם,שטראוס גרופ בעמ/מצונן,,,יח`,5.75,100 גרם,false,1,16.60,2.89,true,1,
7290004011284,false,בסיס להכנת קצפת צמחי ריץ` (212 מל),ריצ' פרודקטס קורפריי,,,יח`,2.12,"100 מ""ל",false,1,10.10,4.76,true,1,
7290004011338,false,קצפת מתוקה מוכנה ספריי ריץ` (250 מל),נטו מלינדה סחר בע`מ,,,יח`,2.50,"100 מ""ל",false,1,17.90,7.16,true,1,
7290004011345,false,"ספריי קצפת מתוקה מוכנה פרווה ריץ' 238 מ""ל",האי נאם סי או אל.טי.,,,יח`,2.50,"100 מ""ל",false,1,17.90,7.16,true,1,
7290004030445,false,מיץ תפוזים סחוט רכיבים טבעיים 1 ליטר פרי ניב,הנסיך- מפעל לייצור ט,,,יח`,1,1 ליטר,false,1,14.90,14.90,false,1,
7290004063016,false,מלח שולחן מעולה סלית (1 קג)פיקוח,האי נאם סי או אל.טי.,,,יח`,1,"ק""ג",false,1,1.90,1.90,false,1,
7290004063115,false,"מלח מטבח עבה להמלחת בשר ובישול 1 ק""ג 1ק""ג",האי נאם סי או אל.טי.,,,יח`,1,"ק""ג",false,1,1.90,1.90,false,1,
7290004064297,false,"מלח מועשר ביוד בצנצנת מלח הארץ 1 ק""ג","חברת מלח הארץ אילת בע""\מ",,,יח`,10,100 גרם,false,1,9.90,0.99,false,1,
7290004064310,false,מלח פלוס בצל מלחייה מלח הארץ 175 גרם,"חברת מלח הארץ אילת בע""\מ",,,יח`,1.75,100 גרם,false,1,12.90,7.37,true,1,
7290004064334,false,מלח פלוס שום מלחייה 175 ג' מלח הארץ,"חברת מלח הארץ אילת בע""\מ",,,יח`,1.75,100 גרם,false,1,12.90,7.37,true,1,
7290004064389,false,מלח הימלאיה דק 250ג מלחיה סוגת*,"חברת מלח הארץ אילת בע""\מ",,,יח`,2.50,100 גרם,false,1,12.90,5.16,false,1,
7290004068011,false,יוגורט כבשים בדלי 5% שומן 600 ג' גד,מחלבות גד שיווק 1992 בעמ,,,יח`,6,100 גרם,false,1,17.90,2.98,false,1,
7290004068035,false,"איירן יוגורט לשתייה 3% גד 500 מ""ל",מחלבות גד שיווק 1992 בעמ,,,יח`,5,"100 מ""ל",false,1,8.90,1.78,false,1,
7290004068172,false,"יוגורט עיזים בדלי 5% 600 מ""ל רובין",מחלבות גד שיווק 1992 בעמ,,,יח`,6,100 גרם,false,1,17.90,2.98,false,1,
7290004119225,false,יופלה יוגורט בטעם אננס %3 150 גרם,תנובה מרכז שיתופי לש,,,יח`,1.50,"100 מ""ל",false,1,5,3.33,false,1,
7290004120566,false,גבינה בולגרית (25024% גרם)פיראוס תנובה,"תנובה בע""מ ***",,,יח`,2.50,100 גרם,false,1,23.20,9.28,false,1,
7290004120573,false,גבינה בולגרית (25016% גרם)פיראוס תנובה,תנובה מרכז שיתופי לש,,,יח`,2.50,100 גרם,false,1,23.90,9.56,false,1,
7290004121488,false,יוגורט ביו דיאט 0% אפרסק יופלה (150 גרם),תנובה מרכז שיתופי לש,,,יח`,1.50,"100 מ""ל",false,1,5.20,3.47,false,1,
7290004121853,false,גבינה בולגרית קוביות (2005% גרם)פיראוס,תנובה מרכז שיתופי לש,,,יח`,2,100 גרם,false,1,22.90,11.45,false,1,
7290004122119,false,פתיתי פרמזן לפסטה 23% השף הלבן 100 גרם,"תנובה בע""מ ***",,,יח`,1,100 גרם,false,1,12.90,12.90,false,1,
7290004122195,false,גוש חלב גבינה צהובה פרוסה 28% תנובה 200 גרם,"תנובה בע""מ ***",,,יח`,2,100 גרם,false,1,14.20,7.10,false,1,
7290004122270,false,עמק קלאסית פרוסות גבינה חצי קשה 28% 200 גרם,תנובה מרכז שיתופי לש,,,יח`,2,100 גרם,false,1,16.30,8.15,false,1,
7290004122348,false,גבינה צהובה מופחתת שומן 9% עמק (200 גרם),תנובה מרכז שיתופי לש,,,יח`,2,100 גרם,false,1,16.90,8.45,false,1,
7290004122676,false,גבינה חמד לייט (2505% גרם)פיראוס תנובה,"תנובה,מחלבת טנא נוגה",,,יח`,2.50,100 גרם,false,1,17.90,7.16,false,1,
7290004122683,false,עמק חטיף אצבעות גבינה חצי קשה 28% שומן,תנובה מרכז שיתופי לש,,,יח`,1.72,100 גרם,false,1,16.80,9.77,false,1,
7290004124205,false,יופלה דיאט יוגורט תות %0 גביע 150 גרם,תנובה מרכז שיתופי לש,,,יח`,1.50,"100 מ""ל",false,1,5.20,3.47,false,1,
7290004125370,false,"שמנת חמוצה 9% מופחתת שומן תנובה 200 מ""ל מהדרין",תנובה מרכז שיתופי לש,,,יח`,2,"100 מ""ל",false,1,3.70,1.85,false,1,
7290004125400,false,"אשל שלי מהדרין 200 מ""ל 4.5% ""תנובה""- מוצר בפיקוח",פארייפאבה אגרואינדוס,,,יח`,2,"100 מ""ל",false,1,1.69,0.85,false,1,
7290004125417,false,"גיל 3% שלי 200 מ""ל ""תנובה"" -מוצר בפיקוח",תנובה מרכז שיתופי לש,,,יח`,2,"100 מ""ל",false,1,1.51,0.76,false,1,
7290004125455,false,"שמנת חמוצה 200 מ""ל 15% ""תנובה"" -מוצר בפיקוח",תנובה מרכז שיתופי לש,,,יח`,2,"100 מ""ל",false,1,2.40,1.20,false,1,
7290004125509,false,"שמנת חמוצה 15% מועשרת תנובה 100 מ""ל",תנובה מרכז שיתופי לש,,,יח`,1,"100 מ""ל",false,1,1.70,1.70,false,1,
7290004125578,false,משקה סויה מעושר בסידן תנובה 1ל',תנובה מרכז שיתופי לש,,,יח`,1,1 ליטר,false,1,11.50,11.50,false,1,
7290004125585,false,משקה סויה בטעם וניל תנובה 1 ליטר,תנובה מרכז שיתופי לש,,,יח`,1,1 ליטר,false,1,11.50,11.50,false,1,
7290004125721,false,"השף הלבן שמנת עמידה לבישול 15% תנובה 250 מ""ל",תנובה מרכז שיתופי לש,,,יח`,2.50,"100 מ""ל",false,1,8.20,3.28,false,1,
7290004125738,false,שמנת מתוקה להקצפה32% 250מל עמיד השף הלבן,תנובה מרכז שיתופי לש,,,יח`,2.50,"100 מ""ל",false,1,6.60,2.64,false,1,
7290004125776,false,גבינה צהובה קלאסית 28% עמק (400 גרם),"תנובה בע""מ ***",,,יח`,4,100 גרם,false,1,28.80,7.20,false,1,
7290004126674,false,טל העמק פרוסות גבינה חצי קשה לייט %9 200 גרם בקופסא,תנובה מרכז שיתופי לש,,,יח`,2,100 גרם,false,1,18.90,9.45,false,1,
7290004126872,false,משקאות חלב תנובה שוקו בקבוק 250מל,תנובה - חלב,,,יח`,2.50,"100 מ""ל",false,1,5.90,2.36,false,1,
7290004127077,false,קוטג תנובה 3% גביע 250 גרם מהדרין,מיוצר עי קונדיטוריית,,,יח`,2.50,100 גרם,false,1,5.70,2.28,false,1,
7290004127329,false,קוטג תנובה גביע 250 גרם %5 ו.מהדרין,מיוצר עי קונדיטוריית,,,יח`,2.50,100 גרם,false,1,5.70,2.28,false,1,
7290004127336,false,קוטג תנובה גביע 250 גרם %9 ו.מהדרין,מיוצר עי קונדיטוריית,,,יח`,2.50,100 גרם,false,1,5.50,2.20,false,1,
7290004127800,false,"גבינה לבנה 500 גרם 5% ""תנובה"" -מוצר בפיקוח",מיוצר עי קונדיטוריית,,,יח`,5,100 גרם,false,1,9.96,1.99,false,1,
7290004127817,false,גבינה לבנה 9% שומן 500 ג' תנובה,מיוצר עי קונדיטוריית,,,יח`,5,100 גרם,false,1,9.50,1.90,false,1,
7290004127862,false,"גבינה לבנה 750 גרם 5% ""תנובה"" - מוצר בפיקוח",תנובה מרכז שיתופי לש,,,יח`,7.50,100 גרם,false,1,14.94,1.99,false,1,
7290004129156,false,גבינת שמנת25% עם שום שמיר 225 ג' נפוליאון,תנובה מרכז שיתופי לש,,,יח`,2.25,100 גרם,false,1,14.50,6.44,false,1,
7290004130794,false,משקה סויה במתיקות מופחתת תנובה (1 ליטר),תנובה מרכז שיתופי לש,,,יח`,1,1 ליטר,false,1,11.50,11.50,false,1,
7290004130916,false,יוגורט יופלה פירות יער בשמנת 3% 150 גרם,תנובה מרכז שיתופי לש,,,יח`,1.50,"100 מ""ל",false,1,5,3.33,false,1,
7290004131074,false,"חלב 1 ליטר 3% קרטון ""תנובה""- מוצר בפיקוח",תנובה מרכז שיתופי לש,,,יח`,1,1 ליטר,false,1,6.23,6.23,false,1,
7290004131432,false,יוגורט יופלה לבן ביו 3% 200 גרם,מיוצר עי קונדיטוריית,,,יח`,2,"100 מ""ל",false,1,3.90,1.95,false,1,
7290004131456,false,יוגורט ביו 1.5% שומן 200 ג' יופלה,מיוצר עי קונדיטוריית,,,יח`,2,"100 מ""ל",false,1,3.90,1.95,false,1,
7290004131531,false,שוקו 30% פחות תוספת סוכר תנובה (1 ליטר),פארייפאבה אגרואינדוס,,,יח`,1,1 ליטר,false,1,12.90,12.90,false,1,
7290004131814,false,גבינת צפתית מעודנת (2005% גרם)פיראוס ת,פארייפאבה אגרואינדוס,,,יח`,2,100 גרם,false,1,15.90,7.95,false,1,
7290004132552,false,משקה סויה בטעם טבעי לייט תנובה 1 ליטר,תנובה מרכז שיתופי לש,,,יח`,1,1 ליטר,false,1,11.50,11.50,false,1,
7290004132712,false,חטיף אצבעות גבינת מוצרלה 20% 172 ג' עמק,תנובה מרכז שיתופי לש,,,יח`,1.74,100 גרם,false,1,16.90,9.71,false,1,
7290004132903,false,גבינה לבנה 3% מהדרין תנובה 250 גרם,תנובה מרכז שיתופי לש,,,יח`,2.50,100 גרם,false,1,4.70,1.88,false,1,
7290004135614,false,גבינה בולגרית מעודנת 5% פיראוס 250 גרם,"תנובה בע""מ ***",,,יח`,2.50,100 גרם,false,1,22.30,8.92,false,1,
7290004137021,false,"שמנת עמידה לבישול מופחת שומן 10% השף הלבן 250 מ""ל",תנובה מרכז שיתופי לש,,,יח`,2.50,"100 מ""ל",false,1,8.20,3.28,false,1,
7290004137311,false,גבינה צהובה מופחתת שומן 9% עמק (400 גרם),"תנובה בע""מ ***",,,יח`,4,100 גרם,false,1,30.80,7.70,false,1,
7290004225285,false,גבינה בסגנון דנאבלו 100 גר,האי נאם סי או אל.טי.,,,יח`,1,100 גרם,false,1,14.50,14.50,true,1,
7290004229931,false,"אורז הבמאי הימליה 1ק""ג",נטו מילנדה סחר בעמ*,,,יח`,10,100 גרם,false,1,11.20,1.12,false,1,
7290004255428,false,נר נשמה בפחית 24 שעות מנורה,"מנורה שי נר בע""מ",,,יח`,1,,false,1,1.90,1.90,false,1,
7290004256371,false,ריץ פרוס 400 ג' -צהובה פרוסה,נטו מילנדה סחר בעמ*,,,יח`,4,100 גרם,false,1,20.90,5.23,false,1,
7290004324605,false,גבינה מותכת למריחה בטעם רוקפור 7% מון בלאן 120 ג',נטו מילנדה סחר בעמ*,,,יח`,1.20,100 גרם,false,1,16.30,13.58,true,1,
7290004494377,false,יין אדום יבש שיראז יקב דלתון (750 מל),הכרם - משקאות חריפים בעמ,,,יח`,7.50,"100 מ""ל",false,1,65.90,8.75,false,1,
7290004494919,false,יין כנען קברנה שיראז 750 מל דלתון,הכרם - משקאות חריפים בעמ,,,יח`,7.50,"100 מ""ל",false,1,50.90,6.75,true,1,
7290004554330,false,שלגון אסקימו דובדבן שטראוס 75 גרם,"מיוצר ע""\י גלידת שטראוס",,,יח`,0,100 גרם,false,1,1.90,1.90,false,1,
7290004584351,false,גבינה לבנה סימפוניה עם תוספות 200 ג' חמישית 200,שטראוס גרופ בעמ/מצונן,,,יח`,2,100 גרם,false,1,11.90,5.95,false,1,
7290004584528,false,יוגורט דנונה ביו לבן 1.7% שומן 200 גרם,שטראוס גרופ בעמ/מצונן,,,יח`,2,"100 מ""ל",false,1,3.60,1.80,false,1,
7290004585907,false,דני ועדן וניל 1.5% 125ג' שטראוס,שטראוס גרופ בעמ/מצונן,,,יח`,1.30,"100 מ""ל",false,1,2.60,2,false,1,
7290004685010,false,לחם 100% שיפון פלוס לחם הארץ 500 גר',מאפית י את א ברמן בע,,,יח`,5,100 גרם,false,1,16.20,3.24,false,1,
7290004685089,false,לחם הארץ לחם חמניות 500 גר',מאפית י את א ברמן בע,,,יח`,1,,false,1,16.20,16.20,false,1,
7290004685126,false,לחם 5 דגנים פרוס לחם הארץ (750 גרם),מאפית י את א ברמן בע,,,יח`,7.50,100 גרם,false,1,16.20,2.16,false,1,
7290004685157,false,לחם שיפון 100% פרוס לחם הארץ (750 גרם),מאפית י את א ברמן בע,,,יח`,7.50,100 גרם,false,1,16.20,2.16,false,1,
7290004685195,false,לחם 10 דגנים פרוס לחם הארץ (750 גרם),מאפית י את א ברמן בע,,,יח`,7.50,100 גרם,false,1,16.20,2.16,false,1,
7290004685430,false,100% לחם כומסין 500 גר לחם הארץ,מאפית י את א ברמן בע,,,יח`,5,100 גרם,false,1,16.20,3.24,false,1,
7290004685447,false,לחמניות כוסמין 6 יח בשקית מלא 450 גר`E,מאפית ברמן מקבוצת י. את,,,יח`,4.50,100 גרם,false,1,15.90,3.53,false,1,
7290004685478,false,פיתות כוסמין 10 יח בשקית 550 גרם,מאפיית י.את א. ברמן בעמ,,,יח`,5.50,100 גרם,false,1,16.90,3.07,false,1,
7290004731472,false,"שלישיית אלסבון צבעוני כיף 500 מ""ל",החברה הדרומית לשיווק בעמ,,,יח`,1.50,1 ליטר,false,1,21.90,14.60,false,1,
7290005084355,false,סנסודין משחת שיניים דואל קר פלואוריד 75,גלקסו סמית קליין,,,יח`,0.75,100 גרם,false,1,22.90,30.53,true,1,
7290005174513,false,חציל על האש במיונז אחלה 400 גרם+225גר,שטראוס גרופ בעמ/מצונן,,,יח`,5,100 גרם,false,1,16.20,3.24,true,1,
7290005174551,false,סלט חומוס עם צנוברים 125 ג' אחלה,שטראוס גרופ בעמ/מצונן,,,יח`,1.25,100 גרם,false,1,5.50,4.40,false,1,
7290005174568,false,אחלה יום יום חצילים במיונז 125 גרם,שטראוס גרופ בעמ/מצונן,,,יח`,1.25,100 גרם,false,1,5.10,4.08,false,1,
7290005174575,false,טחינה אחלה יום יום משובחת 125ג',שטראוס גרופ בעמ/מצונן,,,יח`,1.25,100 גרם,false,1,5,4,false,1,
7290005200786,false,תפוצ'יפס בטעם שמנת בצל עלית 50 גרם,"שטראוס פריטו ליי בע""\מ )",,,יח`,0.50,100 גרם,false,1,4.40,8.80,false,1,
7290005230066,false,ליפתניות לבן 25 יח פאלאס,פאלאס תעשיות נטו (2014) בעמ,,,יח`,1,,false,1,5.90,5.90,true,1,
7290005230769,false,צלחת גדולה לבן 50 יח פאלאס,פאלאס תעשיות נטו (2014) בעמ,,,יח`,1,,false,1,16.90,16.90,false,1,
7290005230813,false,קערית אובלית לבן 25 יח פאלאס,פאלאס תעשיות נטו (2014) בעמ,,,יח`,1,,false,1,9.20,9.20,true,1,
7290005287206,false,רביעיית טונה בשמן סטארקיסט 160 גרם,דיפלומט מפיצים (1968) בעמ**,,,יח`,6.40,100 גרם,false,1,26.90,4.20,true,1,
7290005287251,false,רביעיית טונה במים סטארקיסט 160 גרם,דיפלומט מפיצים (1968) בעמ**,,,יח`,6.40,100 גרם,false,1,26.90,4.20,true,1,
7290005424847,false,"מפיות סופט לבנות לשולחן (150 יח') ""סנו""",החברה הדרומית לשיווק בעמ,,,יח`,150,יח`,false,1,8.90,0.06,true,1,
7290005425110,false,"חיטוי משטחים 99.9% מתז מחטא ומשמיד 750 מ""ל",החברה הדרומית לשיווק בעמ,,,יח`,7.50,"100 מ""ל",false,1,15.90,2.12,false,1,
7290005425127,false,"חיטוי משטחים 99.9% מתז לשומנים ואבנית 750 מ""ל",החברה הדרומית לשיווק בעמ,,,יח`,7.50,"100 מ""ל",false,1,15.90,2.12,false,1,
7290005425646,false,קליר נוזל לניקוי חלונות רב תכליתי סנו 1 ליטר,החברה הדרומית לשיווק בעמ,,,יח`,1,1 ליטר,false,1,11.90,11.90,false,1,
7290005427107,false,סנו - סושי מגבות נייר הפלא 6 יחידות,החברה הדרומית לשיווק בעמ,,,יח`,5.70,100 גרם,false,1,13.90,2.44,false,1,
7290005431883,false,מלבי חלבי עדן קינוחים 165 גרם,עדן קינוחים Eden,,,יח`,1.65,"100 מ""ל",false,1,7.20,4.36,false,1,
7290005431906,false,מארז קדאיף 82 גר` עדן קינוחים,עדן קינוחים Eden,,,יח`,1.24,100 גרם,false,1,7.20,5.81,false,1,
7290005431968,false,מלבי שמנת עדן קינוחים 150 גרם,עדן קינוחים Eden,,,יח`,1.50,"100 מ""ל",false,1,7.50,5,false,1,
7290005559907,false,פיצה משפחתית 100% גבינה מעדנות 500 גרם,תנובה מרכז שיתופי לשיווק תוצרת,,,יח`,5,100 גרם,false,1,23.90,4.78,false,1,
7290005559914,false,פיצה משפחתית עם 100% גבינה בתוספת זיתים מעדנות 550 גרם,תנובה מרכז שיתופי לשיווק תוצרת,,,יח`,5.50,100 גרם,false,1,27.50,5,false,1,
7290005559990,false,בצק עלים פילאס תורכי 600 גרם קפוא,תנובה מרכז שיתופי לשיווק תוצרת,,,יח`,6,100 גרם,false,1,25.90,4.32,false,1,
7290005591761,false,דבש טהור מפרחי בר בלחיץ 400 ג' יד מרדכי,מכוורת יד מרדכי שטרא,,,יח`,4,100 גרם,false,1,22.90,5.73,false,1,
7290005610509,false,צנונית ארוז דוד משה 500ג',תוצרת הנגב אגודה שיתופית חקלאי,,,יח`,1,,false,1,6.90,6.90,false,1,
7290005651069,false,"מזון חתולים לה קט מיקס 2.85 ק""ג",דיפלומט מפיצים (1968) בעמ**,,,יח`,0.0290,100 גרם,false,1,59.90,2065.52,false,1,
7290005838002,false,מעדן גבינה ויוגורט בטעם וניל 88 ג' דניאלה,שטראוס גרופ בעמ/מצונן,,,יח`,1.50,"100 מ""ל",false,1,4,2.67,false,1,
7290005839078,false,שמיניית יוגורט לבן 3% ביו דנונה 150 גרם,שטראוס גרופ בעמ/מצונן,,,יח`,1.20,1 ליטר,false,1,17.20,14.33,false,1,
7290005839108,false,גבינה לבנה סימפוניה עם תוספות 200 ג'+זיתים 5%,שטראוס גרופ בעמ/מצונן,,,יח`,2,100 גרם,false,1,11.90,5.95,false,1,
7290005839313,false,מילקי Top עם שוקולדה מגולגלת 140 גרם,שטראוס גרופ בעמ/מצונן,,,יח`,1.30,"100 מ""ל",false,1,4.90,3.77,false,1,
7290005854606,false,קרחון אסקימו שטראוס אננס,גלידות שטראוס בעמ,,,יח`,1,,false,1,1.90,1.90,false,1,
7290005896439,false,"בירה מכבי, בקבוק חוזר 500 מ''ל","טמפו משקאות בע""מ",,,יח`,5,"100 מ""ל",false,1,7.50,1.26,false,1,
7290005938245,false,ממרח פסטו קלאסי פרסקו 220ג' מצונן,מיוצר עי פרסקו חצבה,,,יח`,1.90,100 גרם,false,1,20.30,10.68,false,1,
7290005966088,false,"יין הר חרמון אדום עברית 750 מ""ל",היכל היין שקד גולן בעמ,,,יח`,7.50,"100 מ""ל",false,1,37.90,5.01,true,1,
7290005992018,false,"יוגורט עיזים לשתיה 3% מחלבות גד 500 מ""ל",מחלבות גד שיווק 1992 בעמ,,,יח`,5,"100 מ""ל",false,1,14.90,2.98,false,1,
7290005992575,false,גבינה בולגרית למריחה 5% גד (250 גרם),מחלבות גד שיווק 1992 בעמ,,,יח`,2.50,100 גרם,false,1,17.90,7.16,false,1,
7290005992735,false,לאבנה טבעית 5% 250 גר' - רבנות,מחלבות גד שיווק 1992 בעמ,,,יח`,2.50,100 גרם,false,1,12.40,4.96,false,1,
7290005996221,false,פסטרמה של פעם דק דק (120 גר`)יחיעם,מעדני יחיעם (1993) בעמ,,,יח`,1.20,100 גרם,false,1,11.20,9.33,false,1,
7290005996238,false,פסטרמה בדבש דק דק (120 גר`)יחיעם,מעדני יחיעם (1993) בעמ,,,יח`,1.20,100 גרם,false,1,11.20,9.33,false,1,
7290005996276,false,פסטרמה ברביקין דק דק (120 גר`)יחיעם,מעדני יחיעם (1993) בעמ,,,יח`,1.20,100 גרם,false,1,11.20,9.33,false,1,
7290006229427,false,סן בנדטו - מים מינרלים - מארז שישיית 500 מל,טמפו משקאות בע`מ,,,יח`,3,1 ליטר,false,1,15,4.40,false,1,
7290006251107,false,תה צ'אי מסאלה ויסוצקי 25 יחידות,תה ויסוצקי (ישראל) בעמ,,,יח`,0.50,100 גרם,false,1,17.90,35.80,false,1,
7290006251275,false,תה ירוק סיני קלאסי ויסוצקי 25 יחידות,תה ויסוצקי (ישראל) בעמ,,,יח`,0.3750,100 גרם,false,1,27.90,74.40,true,1,
7290006265500,false,פטריות שמפיניון ארוז מרינה,קונס`-מרינה פטריות הגליל בעמ*ש,,,יח`,2.50,1 ליטר,false,1,9.90,3.96,true,1,
7290006271655,false,מיני בורקס במילוי גבינה מעדנות (800 גרם),תנובה מרכז שיתופי לשיווק תוצרת,,,יח`,8,100 גרם,false,1,26.90,3.36,false,1,
7290006306302,false,רביולי במילוי גבינות פרמזן ריקוטה 400 ג' פסטה נונה,דורום תעשיות מזון ופסטה,,,יח`,4,100 גרם,false,1,24.90,6.23,false,1,
7290006374738,false,קונפיטורה תות יד מרדכי בטעם תות,אף.סי תבליני בגליל ב,,,יח`,3.40,100 גרם,false,1,12.90,3.79,false,1,
7290006492432,false,גבינה מוצרלה בייבי 18% גד (150 גרם),מחלבות גד שיווק 1992 בעמ,,,יח`,1.70,100 גרם,false,1,14.90,8.76,false,1,
7290006492616,false,גבינה בולגרית מעודנת פרוסות 5% גד 250 גרם,מחלבות גד שיווק 1992 בעמ,,,יח`,2.50,100 גרם,false,1,27.50,11,false,1,
7290006492630,false,גבינת פרומעז עיזים 22% גד 180 גרם,מחלבות גד שיווק 1992 בעמ,,,יח`,1.80,100 גרם,false,1,23.90,13.28,false,1,
7290006492647,false,מטבעות גבינה עזים 22 אחוז 150גרם גד,מחלבות גד שיווק 1992 בעמ,,,יח`,1.50,100 גרם,false,1,25.90,17.27,false,1,
7290006492685,false,גבינת לאבנה עיזים 5% גד (250 גרם),מחלבות גד שיווק 1992 בעמ,,,יח`,2.50,100 גרם,false,1,18.90,7.56,false,1,
7290006511751,false,פטריות שמפניון חתוך ויליפוד 290X3 ג' בד”צ,ג.וילי-פוד אינטרנשיונל בעמ,,,יח`,8.70,100 גרם,false,1,12.50,1.44,false,1,
7290006567048,false,פתיתי קוסקוס ישראלי אסם (350 גרם),קבוצת אוסם סחר שותפות מוגבלת,,,יח`,3.50,100 גרם,false,1,9.10,2.60,false,1,
7290006644480,false,תפוזינה תפוזים 0.5 ליטר,יפאורה שותפות מוגבלת לשיווק,,,יח`,5,"100 מ""ל",false,1,5.90,1.12,false,1,
7290006644510,false,"מיץ ענבים 500 מ""ל תפוזינה",יפאורה שותפות מוגבלת לשיווק,,,יח`,5,"100 מ""ל",false,1,5.90,1.12,false,1,
7290006652027,false,במבה חטיף בוטנים אסם 20*15 גרם,קבוצת אוסם סחר שותפות מוגבלת,,,יח`,3,100 גרם,false,1,25.40,8.47,false,1,
7290006653819,false,קוסקוס אמיתי דק בשקית 350 גרם,קבוצת אוסם סחר שותפות מוגבלת,,,יח`,3.50,100 גרם,false,1,8.90,2.54,false,1,
7290006660596,false,קמח עדשים אדומות ללא גלוטן דגש 500 גרם,אף.סי תבליני בגליל ב,,,יח`,1,,false,1,17.90,17.90,false,1,
7290006664655,false,דנונה Actimel יוגורט טבעי 8*100 מ``ל,שטראוס גרופ בעמ/מצונן,,,יח`,8,"100 מ""ל",false,1,21.70,2.71,false,1,
7290006664990,false,"יוגורט דנונה ביו לבן 1.7% שומן 8*150 מ""ל",שטראוס גרופ בעמ/מצונן,,,יח`,1.20,1 ליטר,false,1,17.20,14.33,false,1,
7290006681003,false,גלידה תות לימון סורבה 1.33 ל' קרמיסימו,"גלידת שטראוס בע""\מ, רחוב",,,יח`,1.33,1 ליטר,false,1,20.90,15.71,false,1,
7290006681065,false,"קסטה שוקו וניל ""שטראוס""","מיוצר ע""\י גלידת שטראוס",,,יח`,1,100 גרם,false,1,6.90,6.90,true,1,
7290006681553,false,קרמבו בטעם וניל שטראוס 8 יחידות,"גלידות שטראוס בע""מ",,,יח`,2,100 גרם,false,1,17.90,8.95,false,1,
7290006681966,false,שטראוס קרמיסימו,גלידות שטראוס בעמ,,,יח`,1.33,1 ליטר,false,1,20.90,15.71,false,1,
7290006681980,false,שטראוס קרמיסימו פירות יער,"גלידת שטראוס בע""\מ",,,יח`,1.33,1 ליטר,false,1,20.90,15.71,false,1,
7290006704061,false,עירית ארוזה,א.אדמה (2007) בעמ,,,יח`,1,,false,1,5.90,5.90,false,1,
7290006739414,false,נקניק סלמי קוניאק זוגלובק 300 גרם,נקניק נהריה כשר זוגל,,,יח`,3.50,100 גרם,false,1,29.90,8.54,false,1,
7290006739421,false,נקניק סלמי מעושן איטלקי זוגלובק 300 גרם,נקניק נהריה כשר זוגל,,,יח`,3,100 גרם,false,1,29.90,9.97,false,1,
7290006739544,false,כתף בקר 3% שומן זוגלובק (300 גרם),נקניק זוגלובק נהריה,,,יח`,3,100 גרם,false,1,37.70,12.57,false,1,
7290006742278,false,פסטרמה הודו צלויה על לבנים 330 ג' זוגלובק,נקניק נהריה כשר זוגל,,,יח`,3.30,100 גרם,false,1,30.50,9.24,false,1,
7290006764065,false,בירה שחורה נשר מאלט חוזר (500 מל),"טמפו משקאות בע""\ם.",,,יח`,5,"100 מ""ל",false,1,5.90,0.94,false,1,
7290006764072,false,"בירה גולדסטאר בקבוק 500 מ""ל חוזר","טמפו משקאות בע""\מ",,,יח`,5,"100 מ""ל",false,1,8.70,1.50,false,1,
7290006983152,false,קרוטונים מתובלים למרק אסם (400 גרם),קבוצת אוסם סחר שותפות מוגבלת,,,יח`,4,100 גרם,false,1,21.40,5.35,false,1,
7290006983176,false,קרקר לחמית שיפון אסם (230 גרם),קבוצת אוסם סחר שותפות מוגבלת,,,יח`,2.30,100 גרם,false,1,9.90,4.30,false,1,
7290006983763,false,עוגת הבית בטעם שוקולד אסם (400 גרם),קבוצת אוסם סחר שותפות מוגבלת,,,יח`,4,100 גרם,false,1,12.50,3.13,false,1,
7290006983770,false,עוגת הבית שיש אסם (400 גרם),קבוצת אוסם סחר שותפות מוגבלת,,,יח`,4,100 גרם,false,1,12.50,3.13,false,1,
7290006983787,false,עוגת הבית שוקולד צ'יפס אסם 400 גרם,קבוצת אוסם סחר שותפות מוגבלת,,,יח`,4,100 גרם,false,1,12.50,3.13,false,1,
7290006983794,false,עוגת הבית בטעם תפוז אסם 400 גרם,קבוצת אוסם סחר שותפות מוגבלת,,,יח`,4,100 גרם,false,1,12.50,3.13,false,1,
7290006992208,false,מטרנה דייסת 8 דגנים מעורבים 200 גרם,קבוצת אוסם סחר שותפות מוגבלת,,,יח`,2,100 גרם,false,1,14.50,7.25,false,1,
7290008175210,false,גבינת פרמזן מגורדת 90ג' ויליפוד,ג.וילי-פוד אינטרנשיונל **גבינו,,,יח`,0.90,100 גרם,false,1,17.90,19.89,false,1,
7290008175692,false,וילי פוד נודלס אטר.ביצים להקפצה בדץ 400ג,ג. וילי-פוד אינטרנשיונל בע`מ,,,יח`,4,100 גרם,false,1,8.90,2.23,false,1,
7290008175814,false,וילי פוד פטריות שמפיניון חתוך בדץ 400ג,ג.וילי-פוד אינטרנשיונל בעמ,,,יח`,4,100 גרם,false,1,4.90,1.23,false,1,
7290008268455,false,קיווי ישראלי בראשית,בראשית - אגודה שיתופית חקלאית-,,,יח`,1,,false,1,15,15,false,1,
7290008409124,false,מאמא עוף קפוא שניצל ג'ונגל פריך 700 גרם,תנובה מרכז שיתופי לשיווק תוצרת,,,יח`,7,100 גרם,false,1,38.80,5.54,false,1,
7290008409551,false,שניצל עוף אמיתי בציפוי מעודן 700 ג' מאמא עוף,תנובה מרכז שיתופי לשיווק תוצרת,,,יח`,7,100 גרם,false,1,42.90,6.13,false,1,
7290008464130,false,"בירה גולדסטאר Unfiltered, בירה לא מסוננת, מארז שישייה, בקבוק 330 מ""ל",טמפו משקאות בעמ,,,יח`,1.98,1 ליטר,false,1,44.70,21.67,true,1,
7290008464222,false,"בירה מכבי 7.9%, בירה חזקה, פחית 500 מ""ל","טמפו משקאות בע""\מ",,,יח`,5,"100 מ""ל",false,1,7.90,1.52,false,1,
7290008464475,false,"בירה מכבי, פחית 500 מ""ל","טמפו משקאות בע""\מ",,,יח`,5,"100 מ""ל",false,1,7.50,1.44,false,1,
7290008464505,false,סאן בנדטו מים מינרלים להחזרה 0.5 ל`,אקווה מינרלה סאן בנדטו ב,,,יח`,5,"100 מ""ל",false,1,4.90,0.92,false,1,
7290008464604,false,"בירה הייניקן פחית 500 מ""ל",טמפו משקאות בע''מ,,,יח`,5,"100 מ""ל",false,1,12.50,2.44,false,1,
7290008464697,false,"בירה מכבי 7.9%, בירה חזקה, מארז שישייה, בקבוק 330 מ""ל",טמפו משקאות בעמ,,,יח`,1.98,1 ליטר,false,1,37.70,18.13,false,1,
7290008464703,false,"שישיית בירה מכבי בקבוק 330 מ""ל",טמפו משקאות בע''מ,,,יח`,1.98,1 ליטר,false,1,36.60,17.58,false,1,
7290008464734,false,"שישיית בירה גולדסטאר לאגר SLOW BREW בקבוק 330 מ""ל",טמפו משקאות בע''מ,,,יח`,1.98,1 ליטר,false,1,44.70,21.67,false,1,
7290008464741,false,"בירה גולדסטאר, מארז שישייה, בקבוק 330 מ''ל","טמפו משקאות בע""\מ",,,יח`,1.98,1 ליטר,false,1,40.70,19.65,false,1,
7290008464796,false,"בירה היינקן, מארז שישייה, בקבוק 330 מ''ל",טמפו משקאות בע''מ,,,יח`,1.98,1 ליטר,false,1,35.90,17.22,true,1,
7290008636964,false,שקדים מולבנים שביבים 100 גר' מיה,מיה תעשיות מזון מ.ת.מ. בעמ,,,יח`,1,100 גרם,false,1,12.50,12.50,false,1,
7290008636988,false,גרעיני חמניות קלופים 100 גר' מיה,מיה תעשיות מזון מ.ת.מ. בעמ,,,יח`,1,100 גרם,false,1,5,5,false,1,
7290008644112,false,אחלה יום יום סלט מטבוחה יום יום 125 גרם,שטראוס גרופ בעמ/מצונן,,,יח`,1.25,100 גרם,false,1,5.50,4.40,false,1,
7290008644235,false,מבחר עלי בייבי 120 גרם-טעם הטבע,שטראוס בריאות ירקות טריי,,,יח`,1.20,100 גרם,false,1,10.10,8.42,false,1,
7290008644945,false,סלט המושבה שטראוס 450 גר`-טעם הטבע,שטראוס בריאות ירקות טריי,,,יח`,4.50,100 גרם,false,1,11.20,2.49,false,1,
7290008645935,false,אחלה חומוס לניגוב 750 גרם,שטראוס גרופ בעמ/מצונן,,,יח`,7.50,100 גרם,false,1,10.90,1.45,false,1,
7290008670012,false,"יין אדום קברנה סוביניון רקנאטי 750 מ""ל",היכל היין שקד גולן בעמ,,,יח`,7.50,"100 מ""ל",false,1,54.90,7.28,false,1,
7290008670142,false,"יין רקנאטי יסמין אדום 2019 750 מ""ל",היכל היין שקד גולן בעמ,,,יח`,7.50,"100 מ""ל",false,1,39.90,5.28,true,1,
7290008690713,false,נקטר חמוציות אושן ספריי פריגת (1 ליטר),החברה המרכזית להפצת משקאות בעמ,,,יח`,1,1 ליטר,false,1,13.90,13.90,false,1,
7290008693134,false,מעדן גבינה ויוגורט בטעם תות 5% שומן 88 ג' דניאלה,שטראוס גרופ בעמ/מצונן,,,יח`,1.50,"100 מ""ל",false,1,4,2.67,false,1,
7290008745239,false,תפוצ'יפס קראנצ' בטעם טבעי עלית 50 גרם,"שטראוס פריטו ליי בע""\מ )",,,יח`,0.55,100 גרם,false,1,4,7.27,false,1,
7290008747547,false,תפוצ'יפס קראנץ' בטעם טבעי עלית 200 גרם,"שטראוס פריטו ליי בע""\מ )",,,יח`,2,100 גרם,false,1,10.90,5.45,false,1,
7290008757034,false,"שוופס סודה זכוכית 250 מ""ל",יפאורה שותפות מוגבלת לשיווק,,,יח`,2.50,"100 מ""ל",false,1,2.90,1.04,false,1,
7290008757980,false,קרטונית ספרינג נקטר רימונים 1 ליטר,יפאורה שותפות מוגבלת לשיווק,,,יח`,1,1 ליטר,false,1,7.30,7.30,false,1,
7290008775816,false,ערגליות עוגיות במילוי שוקולד אסם 300 גרם,קבוצת אוסם סחר שותפות מוגבלת,,,יח`,3,100 גרם,false,1,11.50,3.83,false,1,
7290008801119,false,סלקטד סוביניון בלאן יקבי כרמל (750 מל),אגודת הכורמים הקואופרטיב,,,יח`,7.50,"100 מ""ל",false,1,30.90,4.08,true,1,
7290008801157,false,"יין מרלו סלקטד כרמל כרמל 750 מ""ל",אגודת הכורמים -כרמל מזרחי,,,יח`,7.50,"100 מ""ל",false,1,30.90,4.08,true,1,
7290008801522,false,יין קינג דויד קונקורד אדום מתוק 750 מל,אגודת הכורמים הקואופרטיב,,,יח`,7.50,"100 מ""ל",false,1,22.90,3.01,false,1,
7290008801843,false,סלקטד קברנה סובניון יקבי כרמל (750 מל),אגודת הכורמים בעמ,,,יח`,7.50,"100 מ""ל",false,1,30.90,4.08,true,1,
7290008801850,false,סלקטד אמרלד ריזלינג לבן חצי יבש 750 מל,אגודת הכורמים הקואופרטיב,,,יח`,7.50,"100 מ""ל",false,1,30.90,4.08,true,1,
7290008802291,false,יין מרלו פרייבט קולקשן יקבי כרמל,אגודת הכורמים הקואופרטיב,,,יח`,7.50,"100 מ""ל",false,1,41.90,5.55,true,1,
7290008802529,false,"יין לבן חצי יבש וינו 750 מ""ל",אגודת הכורמים בעמ,,,יח`,7.50,"100 מ""ל",false,1,20.90,2.75,true,1,
7290008802895,false,יין קברנה סוביניון פרייבט קולקשן יקבי כרמל,אגודת הכורמים הקאופורטיב,,,יח`,7.50,"100 מ""ל",false,1,43.20,5.72,true,1,
7290008805384,false,סלקטד מוסקטו לבן יקבי כרמל (750 מל),אגודת הכורמים הקואופרטיב,,,יח`,7.50,"100 מ""ל",false,1,30.90,4.08,true,1,
7290008806305,false,"שלגון פצפצים ""שטראוס""","מיוצר ע"" גלידת שטראו",,,יח`,1,,false,1,6.90,6.90,true,1,
7290008806961,false,גלידה שוקולד שבבי שוקולד פרה 1.33 ל' קרמיסימו,"גלידת שטראוס בע""\מ, רחוב",,,יח`,1.33,1 ליטר,false,1,20.90,15.71,false,1,
7290008806985,false,נישנושים גלידה שוקו וניל בציפוי שוקולד 60 יח' קרמיסימו,"גלידת שטראוס בע""\מ, רחוב",,,יח`,6.30,100 גרם,false,1,52,8.25,false,1,
7290008989091,false,שלישיית פירכוני אורז בטר אנד דיפרנט 310 גרם,"בטר אנד דיפרנט בע""מ",,,יח`,3,100 גרם,false,1,13.50,4.50,false,1,
7290010045013,false,עוגיות חמאה צרפתיות לחמי (200 גרם),קונדטוריות לחמי,,,יח`,2,100 גרם,false,1,19.90,9.95,false,1,
7290010051021,false,בזיליקום ארוז א.אדמה,א.אדמה (2007) בעמ,,,יח`,1,,false,1,5.90,5.90,false,1,
7290010051045,false,עלי בייבי ארוז א.אדמה,א.אדמה (2007) בעמ,,,יח`,1,,false,1,9.90,9.90,false,1,
7290010051052,false,פטרוזיליה ארוז א.אדמה,א.אדמה (2007) בעמ,,,יח`,1.20,100 גרם,false,1,4.90,4.08,false,1,
7290010051076,false,לבבות חסה ארוז א.אדמה,א.אדמה (2007) בעמ,,,יח`,1,,false,1,11.90,11.90,false,1,
7290010051120,false,מרווה ארוז א.אדמה,א.אדמה (2007) בעמ,,,יח`,1,,false,1,5.90,5.90,false,1,
7290010051144,false,תרד עלים א.אדמה,ביכורי השדה צפון 1994 ג.ד. בעמ,,,יח`,1.80,100 גרם,false,1,9.90,5.50,false,1,
7290010051168,false,כוסברה ארוז א.אדמה,א.אדמה (2007) בעמ,,,יח`,1,,false,1,4.90,4.90,false,1,
7290010051175,false,כוסברה/שמיר ארוז,א.אדמה (2007) בעמ,,,יח`,1,,false,1,4.90,4.90,false,1,
7290010051182,false,נענע ארוז א.אדמה,א.אדמה (2007) בעמ,,,יח`,1,,false,1,4.90,4.90,false,1,
7290010051199,false,שורש פטרוזיליה ארוז א.אדמה,א.אדמה (2007) בעמ,,,יח`,1,,false,1,5.90,5.90,false,1,
7290010051205,false,סלרי עלים ארוז א.אדמה,א.אדמה (2007) בעמ,,,יח`,1,,false,1,5.90,5.90,false,1,
7290010051212,false,ראש סלרי א.אדמה,א.אדמה (2007) בעמ,,,יח`,3,100 גרם,false,1,5.90,1.97,false,1,
7290010051243,false,תרד ניוזילנדי א. אדמה,א.אדמה (2007) בעמ,,,יח`,1,,false,1,11.90,11.90,false,1,
7290010051267,false,לוף בשקית א.אדמה,א.אדמה (2007) בעמ,,,יח`,1,,false,1,10.90,10.90,false,1,
7290010051281,false,רוקולה ארוז א.אדמה,ביכורי השדה צפון 1994 ג.ד. בעמ,,,יח`,1.10,100 גרם,false,1,9.90,9,false,1,
7290010051298,false,סלק עלים ארוז מנגולד א.אד,א.אדמה (2007) בעמ,,,יח`,1,,false,1,5.90,5.90,false,1,
7290010051311,false,סלרי חתוך א.אדמה,ביכורי השדה צפון 1994 ג.ד. בעמ,,,יח`,1,,false,1,6.90,6.90,false,1,
7290010051328,false,חסה באק צ`וי א. אדמה,א.אדמה (2007) בעמ,,,יח`,1,,false,1,12.90,12.90,false,1,
7290010051335,false,בצל ירוק ארוז א.אדמה,א.אדמה (2007) בעמ,,,יח`,1,,false,1,6.90,6.90,false,1,
7290010051403,false,סלרי אמריקאי ביכורי שדה ארוז,א.אדמה (2007) בעמ,,,יח`,1,,false,1,5.90,5.90,false,1,
7290010051434,false,חסה סלנובה ארוז א.אדמה,ביכורי שדה דרום,,,יח`,1,,false,1,11.90,11.90,false,1,
7290010051687,false,רוזמרין ארוז א.אדמה,א.אדמה (2007) בעמ,,,יח`,3,100 גרם,false,1,5.90,1.97,false,1,
7290010051724,false,מלפפון בייבי,א.אדמה (2007) בעמ,,,יח`,1,,false,1,9.90,9.90,false,1,
7290010066513,false,נתחי טונה בשמן צמחי רביעיה *158ג' פילטונה,תעשיות פילטונה בעמ,,,יח`,6.32,100 גרם,false,1,23.90,3.78,false,1,
7290010066575,false,נתחי טונה במים רביעיה *158ג' פילטונה,תעשיות פילטונה בעמ,,,יח`,6.32,100 גרם,false,1,23.90,3.78,false,1,
7290010066582,false,נתחי טונה בשמן קנולה רביעיה * 158 ג' פילטונה,תעשיות פילטונה בעמ,,,יח`,6.32,100 גרם,false,1,23.90,3.78,false,1,
7290010066599,false,רביעיית נתחי טונה בשמן זית פילטונה 158X4 גרם,תעשיות פילטונה בעמ,,,יח`,6.40,100 גרם,false,1,28.90,4.52,false,1,
7290010118328,false,חטיף צ`יפס בטעם טבעי תפוצ`יפס (40x6 גרם),"שטראוס פריטו ליי בע""מ",,,יח`,2.40,100 גרם,false,1,13.20,5.50,false,1,
7290010129652,false,עוגיות לקפה 350ג מאפים של אדל,שיבולים יצור ושיווק מוצרי מאפה,,,יח`,3.50,100 גרם,false,1,15.90,4.54,false,1,
7290010153688,false,חומץ רכיבים טבעיים 1 ליטר,מיה תעשיות מזון מ.ת.מ. בעמ,,,יח`,1,1 ליטר,false,1,8.10,8.10,false,1,
7290010154425,false,סחוג ירוק תבליני ביטון 130 גרם,תבליני יוחאי ביטון,,,יח`,1.30,100 גרם,false,1,9.40,7.23,true,1,
7290010237548,false,"פפסי מקס דל קלוריות 500 מ""ל בקבוק",טמפו משקאות בע`מ,,,יח`,5,"100 מ""ל",false,1,4,0.74,true,1,
7290010237562,false,משקה מוגז בטעם תפוזים מירנדה (500 מל),טמפו משקאות בע`מ,,,יח`,5,"100 מ""ל",false,1,4,0.74,true,1,
7290010237685,false,"הייניקן בירה צואר ארוך 330מ""ל",טמפו משקאות בע''מ,,,יח`,3.30,"100 מ""ל",false,1,10.80,3.18,false,1,
7290010259823,false,מנת השף נודלס בטעם עוף וילי פוד (70 גרם),ג. וילי-פוד אינטרנשיונל בע`מ,,,יח`,0.70,100 גרם,false,1,5.50,7.86,false,1,
7290010259830,false,מנת השף נודלס בסגנון סיני פיקנטי וילי פוד 70 גרם,ג. וילי-פוד אינטרנשיונל בע`מ,,,יח`,0.70,100 גרם,false,1,5.50,7.86,false,1,
7290010259991,false,צנימים מיוחדים בטעם טבעי 250 ג',ג. וילי-פוד אינטרנשיונל בע`מ,,,יח`,2.50,100 גרם,false,1,9.10,3.64,false,1,
7290010471669,false,יוגורט תות עם קורנפלקס מצופה שוקולד ללא גלוטן 3.9%,שטראוס גרופ בעמ/מצונן,,,יח`,1.75,"100 מ""ל",false,1,4.50,2.57,false,1,
7290010569717,false,שטראוס קרמיסימו,גלידות שטראוס בעמ,,,יח`,1.33,1 ליטר,false,1,20.90,15.71,false,1,
7290010690527,false,קייל ארוז גן ירק,א.אדמה (2007) בעמ,,,יח`,1,,false,1,11.90,11.90,false,1,
7290010849505,false,די לואיג`י רוסו דולצ`ה 750 מל למברוסקו,הכרם - משקאות חריפים בעמ,,,יח`,7.50,"100 מ""ל",false,1,32.90,4.35,true,1,
7290010945146,false,קוטג' 3% מועשר בסידן טרה 250 ג' מהדרין,החברה המרכזית טלהפצת משקאות בע,,,יח`,2.50,100 גרם,false,1,5.90,2.36,false,1,
7290010945306,false,חלב טרה קרטון 2 ליטר מהדרין*%*3,החברה המרכזית טלהפצת משקאות בע,,,יח`,2,1 ליטר,false,1,12.46,6.23,false,1,
7290010945450,false,גבינה לבנה 3% 250 גר מועשר בסידן וויטמין,החברה המרכזית טלהפצת משקאות בע,,,יח`,2.50,100 גרם,false,1,4.98,1.99,false,1,
7290011017866,false,פחית קולה סליק קוקה-קולה (330 מל),החברה המרכזית להפצת משקאות בעמ,,,יח`,3.30,"100 מ""ל",false,1,4.30,1.21,true,1,
7290011017873,false,פחית זירו סליק קוקה-קולה (330 מל),החברה המרכזית להפצת משקאות בעמ,,,יח`,3.30,"100 מ""ל",false,1,4.30,1.21,true,1,
7290011017880,false,פחית דיאט קולה סליק קוקה-קולה (330 מל),החברה המרכזית להפצת משקאות בעמ,,,יח`,3.30,"100 מ""ל",false,1,4.30,1.21,true,1,
7290011051358,false,"שוופס סודה לימון זכוכית 250 מ""ל",יפאורה - שותפות מוגבלת לשיווק,,,יח`,1,,false,1,3.90,3.90,false,1,
7290011081041,false,שטראוס קרמיסימו וניל גורמה,גלידות שטראוס בעמ,,,יח`,1.30,1 ליטר,false,1,20.90,16.08,false,1,
7290011081492,false,גלידה בטעם שלושה שוקולדים 1.33ל' קרמיסימו,"גלידת שטראוס בע""\מ, רחוב",,,יח`,1.33,1 ליטר,false,1,20.90,15.71,false,1,
7290011081690,false,קרמיסימו פרווה שוקו ציפ+וניל ציפ 1.33ל,"גלידת שטראוס בע""\מ, רחוב",,,יח`,1.33,1 ליטר,false,1,20.90,15.71,false,1,
7290011126469,false,חליטת צמחים וקמומיל הגן הקסום ויסוצקי 25 יחידות,תה ויסוצקי (ישראל) בעמ,,,יח`,0.3750,100 גרם,false,1,17.90,47.73,false,1,
7290011128050,false,השורשים של שליט גזר צבעוני מובחר,גזר שליט (חוות מיכאל)בעמ,,,יח`,1,,false,1,9.90,9.90,false,1,
7290011132507,false,סן בנדטו- מים מנרליים - מוגז עדין 500 מל,אקווה מינרלה סאן בנדטו ב,,,יח`,5,"100 מ""ל",false,1,3.50,0.64,false,1,
7290011194215,false,מעדן גבינה ויוגורט בטעם בננה 5% שומן 88 ג' דניאלה,שטראוס גרופ בעמ/מצונן,,,יח`,1.50,"100 מ""ל",false,1,4,2.67,false,1,
7290011194246,false,קוטג 5% 250 גרם עם סידן שטראוס,שטראוס גרופ בעמ/מצונן,,,יח`,2.50,100 גרם,false,1,5.90,2.36,false,1,
7290011223205,false,ריבת חלב ארגנטינאית 454 גרם,אשבל מזון פונקציונלי,,,יח`,4.54,100 גרם,false,1,18.60,4.10,false,1,
7290011254254,false,נטיפי שוקולד צ'יפס בטעם שוקולד מיה 300 גרם,מיה תעשיות מזון מ.ת.מ. בעמ,,,יח`,3,100 גרם,false,1,8.10,2.70,false,1,
7290011254698,false,"שמן זית כתית מעולה 750מ""ל בד''ץ",מיה תעשיות מזון מ.ת.מ. בעמ,,,יח`,7.50,"100 מ""ל",false,1,31.60,4.21,false,1,
7290011254728,false,ג'לטין טהור בקרטוני מיה 25 גרם,מיה תעשיות מזון מ.ת.מ. בעמ,,,יח`,0.25,100 גרם,false,1,12.90,51.60,false,1,
7290011438142,false,"משקה יטבתה אייס קפה בבקבוק אישי 350 מ""ל",שטראוס גרופ בעמ/מצונן,,,יח`,3.50,"100 מ""ל",false,1,6.30,1.80,false,1,
7290011447304,false,מטרנה פרימיום חלבי שלב 3 700 גרם חיסכון,קבוצת אוסם סחר שותפות מוגבלת,,,יח`,7,100 גרם,false,1,57.10,8.16,false,1,
7290011499105,false,בולגרית מסורתית 5% 250 גרם -רבנות,מחלבות גד שיווק 1992 בעמ,,,יח`,2.50,100 גרם,false,1,24.50,9.80,false,1,
7290011499112,false,בולגרית מסורתית 16% 250 גרם - רבנות,מחלבות גד שיווק 1992 בעמ,,,יח`,2.50,100 גרם,false,1,23.90,9.56,false,1,
7290011499129,false,גבינה בולגרית מעודנת קוביות קטנות 5% גד 200 גרם,מחלבות גד שיווק 1992 בעמ,,,יח`,2,100 גרם,false,1,22.90,11.45,false,1,
7290011499327,false,גבינה בולגרית מעודנת 5% 250 גרם - רבנות,מחלבות גד שיווק 1992 בעמ,,,יח`,2.50,100 גרם,false,1,23.30,9.32,false,1,
7290011499358,false,פטה עיזים מסורתית 20% בגביע 200 גרם - רובין,מחלבות גד שיווק 1992 בעמ,,,יח`,2,100 גרם,false,1,27.90,13.95,false,1,
7290011499365,false,גבינת חלומי 24% מחלב בקר גד (200 גרם),מחלבות גד שיווק 1992 בעמ,,,יח`,2,100 גרם,false,1,21.90,10.95,false,1,
7290011499419,false,גבינה במרקם שמנת בטעם טבעי 5% ניו יורק,מחלבות גד שיווק 1992 בעמ,,,יח`,2,100 גרם,false,1,11.90,5.95,false,1,
7290011570507,false,קמח נטול גלוטן-כרגיל קונדיטור,תומר ייבוא ושיווק מוצרי מזון [,,,יח`,4.50,100 גרם,false,1,16.90,3.76,false,1,
7290011598211,false,"סנו - אנטי קאלק מרסס ניקוי כללי 4 ב-1 700 מ""ל",החברה הדרומית לשיווק בעמ,,,יח`,7,"100 מ""ל",false,1,19.90,2.84,false,1,
7290011598402,false,מקסימה מרכך כביסה ארומתרפי מאסק סנו 4 ליטר,החברה הדרומית לשיווק בעמ,,,יח`,4,1 ליטר,false,1,22.40,5.60,false,1,
7290011800840,false,רפי כהן סלט טחינה בלאדי צבר 400 גרם,קבוצת אוסם סחר שותפות מוגבלת,,,יח`,4,100 גרם,false,1,16.50,4.13,false,1,
7290011923303,false,טופו טבעי ליב (300 גרם),ל.י.ב. (לחיות יותר בטבע) בעמ,,,יח`,3,100 גרם,false,1,10.50,3.50,false,1,
7290011947798,false,זית קלמטה ללא גלעין עם שמן זית כתית מעולה,תה ויסוצקי (ישראל) בעמ,,,יח`,1.90,100 גרם,false,1,14.40,7.58,false,1,
7290011964702,false,שווארמה ללא מונסודיום 100 גרם מיכל גדול,"תבליני טעם וריח בע""מ",,,יח`,1,100 גרם,false,1,9.90,9.90,true,1,
7290011996062,false,אורז לבן עגול מתאים להכנת סושי,טחנת האבן קואופ בעמ,,,יח`,1,"ק""ג",false,1,14.90,14.90,false,1,
7290011996109,false,רוטב צ`ילי מתוק טעמי אסיה (700 מל),טחנת האבן קואופ בעמ,,,יח`,7,"100 מ""ל",false,1,10.90,1.56,false,1,
7290011996178,false,"רוטב סויה בסגנון יפני 300 מ""ל",טחנת האבן קואופ בעמ,,,יח`,3,"100 מ""ל",false,1,10.90,3.63,false,1,
7290011996222,false,מי קוקוס טעמי אסיה (400 מל),טחנת האבן קואופ בעמ,,,יח`,4,"100 מ""ל",false,1,9.90,2.48,false,1,
7290011996512,false,"טעם אסיה טעם אסיה אטריות אורז 3מ""מ 400ג'",טחנת האבן קואופ בעמ,,,יח`,4,100 גרם,false,1,11.90,2.98,false,1,
7290011996529,false,אטריות אורז 5 סמ טעמי אסיה (400 גרם),טחנת האבן קואופ בעמ,,,יח`,4,100 גרם,false,1,11.90,2.98,false,1,
7290012001994,false,חרדל דיז'ון גרעינים 350 ג' ריין דיזון,דיפלומט מפיצים (1968) בעמ**,,,יח`,3.40,100 גרם,false,1,12.90,3.79,false,1,
7290012116537,false,"מקסימה אבקת כביסה בניחוח מאסק סנו 2.5 ק""ג",החברה הדרומית לשיווק בעמ,,,יח`,2.50,"ק""ג",false,1,25.90,10.36,false,1,
7290012117350,false,"נוזל רצפות לילך 2 ליטר ""ריצפז פרש""",החברה הדרומית לשיווק בעמ,,,יח`,2,1 ליטר,false,1,20.90,10.45,false,1,
7290012117428,false,"ג'ל רחצה ושמפו מעיינות מנטה קרמה מן 700 מ""ל",החברה הדרומית לשיווק בעמ,,,יח`,7,"100 מ""ל",false,1,16,2.29,false,1,
7290012117534,false,מרכך כביסה מרוכז תכלת קול סנו מקסימה 1 ליטר,החברה הדרומית לשיווק בעמ,,,יח`,1,1 ליטר,false,1,18.90,18.90,false,1,
7290012117558,false,מקסימה מרכך כביסה מרוכז ורוד בניחוח מאסק סנו 1 ליטר,החברה הדרומית לשיווק בעמ,,,יח`,1,1 ליטר,false,1,18.90,18.90,false,1,
7290012117732,false,מקסימה מרכך כביסה ארומתרפי קול סנו 4 ליטר,החברה הדרומית לשיווק בעמ,,,יח`,4,1 ליטר,false,1,22.40,5.60,false,1,
7290012191985,false,גפרור קטן מנורה,אבאל יזמות בעמ,,,יח`,1,,false,1,2.90,2.90,false,1,
7290012212154,false,מלפפון במלח קטן צנצנת זכוכית,אבאל יזמות בעמ,,,יח`,5.60,100 גרם,false,1,12.90,2.30,false,1,
7290012226120,false,קבנוס זוגלובק (45x3 גרם),נקניק נהריה כשר זוגל,,,יח`,1.35,100 גרם,false,1,12.50,9.26,true,1,
7290012227172,false,חרמן הודו בדבש וברביקיו זוג במארז 600 ג' זוגלובק,נקניק נהריה כשר זוגל,,,יח`,6,100 גרם,false,1,35.60,5.93,false,1,
7290012227974,false,פסטרמה הודו בדבש טהור דק דק דק,זוגלובק שיווק בעמ,,,יח`,1.20,100 גרם,false,1,13.90,11.58,true,1,
7290012227981,false,פסטרמה דק דק ברביקיו 120 ג' זוגלובק,זוגלובק שיווק בעמ,,,יח`,1.20,100 גרם,false,1,13.90,11.58,true,1,
7290012228278,false,נקנקיות בוקוורסט עוף ובקר ריינהולד'ס 310 ג' זוגלובק,זוגלובק שיווק בעמ,,,יח`,3.10,100 גרם,false,1,21.90,7.06,false,1,
7290012309311,false,ערמונים קלופים ששון הקולה 100 גרם,דין שיווק וקליה 2021 בעמ,,,יח`,1,100 גרם,false,1,6.90,6.90,false,1,
7290012309878,false,חלבה עם פיסטוקים 500 גר`ששון הקולה,דין שיווק וקליה 2021 בעמ,,,יח`,5,100 גרם,false,1,13.90,2.78,false,1,
7290012413636,false,תה ירוק צ'אי מסאלה ויסוצקי 25 יחידות,תה ויסוצקי (ישראל) בעמ,,,יח`,0.3750,100 גרם,false,1,27.90,74.40,false,1,
7290012645112,false,יוגורט עיזים 2.8% בדלי חלב הארץ 750 גרם,שטראוס גרופ בעמ/מצונן,,,יח`,7.50,"100 מ""ל",false,1,20.90,2.79,false,1,
7290012645129,false,יוגורט כבשים 5% בדלי חלב הארץ 750 גרם,שטראוס גרופ בעמ/מצונן,,,יח`,7.50,"100 מ""ל",false,1,20.90,2.79,false,1,
7290012759468,false,חטיף אישי חמאת בוטנים 50 גר`,טחנת האבן קואופ בעמ,,,יח`,0.50,100 גרם,false,1,8.90,17.80,false,1,
7290012759727,false,חטיף בראוניז תמר שוקולד פקאן ופולי קקאו 40 גר' - ממה,טחנת האבן קואופ בעמ,,,יח`,0.50,100 גרם,false,1,7.90,15.80,false,1,
7290012759734,false,חטיף בראוניז חמאת בוטנים קשיו וגוג'י ברי 2 שכבות 40 גר' - ממה,טחנת האבן קואופ בעמ,,,יח`,0.30,100 גרם,false,1,7.90,26.33,false,1,
7290012823602,false,נייר טואלט סופט סילק לבן 32 גלילים סנו,החברה הדרומית לשיווק בעמ,,,יח`,1,,false,1,35.90,35.90,false,1,
7290012864001,false,נבטי חמנייה ארוז א.אדמה,ביכורי השדה צפון 1994 ג.ד. בעמ,,,יח`,1,,false,1,10.90,10.90,false,1,
7290012901355,false,דודלס ארוחת אטריות עם גבינה 206 גרם,האי נאם סי או אל.טי.,,,יח`,2.06,100 גרם,false,1,11.90,5.78,false,1,
7290012911293,false,דפי אורז 22 סמ טעמי אסיה (300 גרם)-ללא,טחנת האבן קואופ בעמ,,,יח`,3,100 גרם,false,1,12.90,4.30,false,1,
7290012911415,false,ממרח קארי ירוק טעמי אסיה (400 גרם),קיי אר אס ספייסי פוד,,,יח`,4,100 גרם,false,1,19.50,4.88,false,1,
7290012911477,false,קרם קוקוס טעמי אסיה (400 מל),אסיאטיק אגרו אינדסטר,,,יח`,4,100 גרם,false,1,10.90,2.73,false,1,
7290012911675,false,פטריות שטאקה טעמי אסיה (85 גרם),טחנת האבן קואופ בעמ,,,יח`,0.85,100 גרם,false,1,22.90,26.94,false,1,
7290012911941,false,רוטב צ'ילי מתוק ללא תוספת סוכר,טחנת האבן קואופ בעמ,,,יח`,7,"100 מ""ל",false,1,15.90,2.27,false,1,
7290012921025,false,"בקבוק בירה מלכה בהירה 330 מ""ל",הכרם - משקאות חריפים בעמ,,,יח`,3.30,"100 מ""ל",false,1,14.90,4.42,true,1,
7290012921032,false,"בקבוק בירה מלכה אדמונית 330 מ""ל",הכרם - משקאות חריפים בעמ,,,יח`,3.30,"100 מ""ל",false,1,14.90,4.42,true,1,
7290012931116,false,מגב מיוחד איכותי חד להב עם מקל,מ.א.ייצור ויבוא מטליות בעמ,,,יח`,1,,false,1,23.70,23.70,false,1,
7290012938580,false,"סנסודיין משחת שיניים להלבנה עדינה 75 מ""ל",גלקסוסמית'\קליין קונסיומ,,,יח`,0.75,"100 מ""ל",false,1,22.90,30.53,true,1,
7290013027399,false,לחם קמח מלא קל בתוספת שיפון 750 ג' אנג'ל,מאפיית שלמה א. אנג'\ל בע,,,יח`,7.50,100 גרם,false,1,13.90,1.85,false,1,
7290013117243,false,בורקס פילו בולגרית מעדנות 600 גרם,תנובה מרכז שיתופי לשיווק תוצרת,,,יח`,6,100 גרם,false,1,24.40,4.07,false,1,
7290013121127,false,לחמניות מיני ללא גלוטן גרין לייט 6 יחידות,אביב קונדיטוריה מעול,,,יח`,4.80,100 גרם,false,1,18.90,3.94,false,1,
7290013128324,false,ענב פליים ללא חרצנים,לכיש מושב עובדים להתישבות*30 י,,,"ק""ג",1,,true,1,15.90,15.90,false,1,
7290013153418,false,מיץ סחוט טרי 1ל לימונענע פרי גת,החברה המרכזית טלהפצת משקאות בע,,,יח`,1,1 ליטר,false,1,16.90,16.90,true,1,
7290013153593,false,תפוזים מתקתק 100% פריגת 1 ליטר,החברה המרכזית טלהפצת משקאות בע,,,יח`,10,"100 מ""ל",false,1,11.90,1.16,false,1,
7290013215017,false,פטריות זוגות חוות השמפניון,ביכורי השדה צפון 1994 ג.ד. בעמ,,,יח`,1,,false,1,18.90,18.90,false,1,
7290013268020,false,מקסימה מרכך כביסה מרוכז בניחוח אולטרא פרש סנו 1 ליטר,החברה הדרומית לשיווק בעמ,,,יח`,1,1 ליטר,false,1,18.90,18.90,false,1,
7290013268037,false,מקסימה מרכך כביסה מרוכז בניחוח לבנדר פצ'ולי סנו 1 ליטר,החברה הדרומית לשיווק בעמ,,,יח`,1,1 ליטר,false,1,18.90,18.90,false,1,
7290013268242,false,תרכיז ריחני לניקוי רצפות בריח מלון מפנק ריצפז פרש,החברה הדרומית לשיווק בעמ,,,יח`,2,1 ליטר,false,1,22.90,11.45,false,1,
7290013268372,false,פוליוויקס פרקט סנו בתוספת שמן ארגן (2 לי,החברה הדרומית לשיווק בעמ,,,יח`,20,"100 מ""ל",false,1,20.90,1.05,false,1,
7290013268983,false,מרכך כביסה סופר מרוכז בבישום עוצמתי סנו מקסימה 1 ל',החברה הדרומית לשיווק בעמ,,,יח`,1,1 ליטר,false,1,18.90,18.90,false,1,
7290013269263,false,ג'ל כביסה מרוכז מקסימה בבישום קריסטל נואר,החברה הדרומית לשיווק בעמ,,,יח`,3,1 ליטר,false,1,34.60,11.53,false,1,
7290013269287,false,סנו - מקסימה ג'ל כביסה מרוכז מאסק 3 ליטר,החברה הדרומית לשיווק בעמ,,,יח`,3000,1 ליטר,false,1,34.60,0.01,false,1,
7290013269300,false,סושי ניילון נצמד פלוס סנו (150 מטר),החברה הדרומית לשיווק בעמ,,,יח`,1,,false,1,21.90,21.90,false,1,
7290013269751,false,מטליות לחותריצפז פרש לניקוי ריצפה בניחות מלון בוטיק 10 יח' סנו,החברה הדרומית לשיווק בעמ,,,יח`,1,,false,1,12.90,12.90,false,1,
7290013284310,false,רוטב פסטה לילדים פריניר 240 גרם,ח.כהן סוכנות מזון ומשקאות בע,,,יח`,2.40,100 גרם,false,1,5.90,2.46,false,1,
7290013284662,false,רוטב פיצה פיתה לילדים 240 ג' פריניר,ח.כהן סוכנות מזון ומשקאות בע,,,יח`,2.40,100 גרם,false,1,5.90,2.46,false,1,
7290013310392,false,כפפות ניטריל L כחולות ללא אבקה 80 יח' EASY TOUCH,אינטרסן (1996) בעמ,,,יח`,80,יח`,false,1,25.90,0.32,false,1,
7290013358356,false,פירורי לחם מוזהבים מאסטר שף (320גרם),ש. שסטוביץ בע`מ,,,יח`,3.20,100 גרם,false,1,7.90,2.47,false,1,
7290013358363,false,מאסטר שף פרורי לחם פנקו עבים בסגנון יפני 300 גר,קריניציה ויטמינה אס,,,יח`,3,100 גרם,false,1,10.90,3.63,false,1,
7290013358585,false,מנה אסייאתי נודלס ביצים להקפצה 400 מ.שף,הנסיך- מפעל לייצור ט,,,יח`,4,100 גרם,false,1,10.90,2.73,false,1,
7290013531759,false,שעועית לבנה מבושלת במים יכין (550 גרם),זנלכול יכין,,,יח`,5.50,100 גרם,false,1,8.50,1.55,false,1,
7290013585233,false,"ספרייט זירו פחית סליק 330 מ""ל",החברה המרכזית להפצת משקאות בעמ,,,יח`,3.30,"100 מ""ל",false,1,4.30,1.21,false,1,
7290013585394,false,בקבוק קוקה-קולה (1 ליטר),החברה המרכזית להפצת משקאות בעמ,,,יח`,10,"100 מ""ל",false,1,7.90,0.76,false,1,
7290013608260,false,מיץ רימונים 100%מיץ סחוט טרי מצונן 1ליט,שטראוס גרופ בעמ/מצונן,,,יח`,1,1 ליטר,false,1,21.90,21.90,false,1,
7290013702036,false,"שוופס וואטר אפרסק 500מ""ל",יפאורה שותפות מוגבלת לשיווק,,,יח`,5,"100 מ""ל",false,1,5.90,1.12,false,1,
7290013702050,false,"שוופס וואטר ענבים 500מ""ל",יפאורה שותפות מוגבלת לשיווק,,,יח`,5,"100 מ""ל",false,1,5.90,1.12,false,1,
7290013702388,false,"שוופס מים ט.תפוח 500 מ""ל",יפאורה שותפות מוגבלת לשיווק,,,יח`,5,"100 מ""ל",false,1,5.90,1.12,false,1,
7290013725769,false,נודלס עבה הכנה מהירה400ג,דין שיווק וקליה 2021 בעמ,,,יח`,4,100 גרם,false,1,8.50,2.13,false,1,
7290013847454,false,טונה סטאריקיסט בשמן קנולה רביעייה 160 גר,דיפלומט מפיצים (1968) בעמ**,,,יח`,6.40,100 גרם,false,1,26.90,4.20,true,1,
7290013848345,false,מארז מטליות לחיטוי וניקוי יסודי אנטיבקטריאלי 99.9%,החברה הדרומית לשיווק בעמ,,,יח`,1,,false,1,20.90,20.90,false,1,
7290013848611,false,רדיד אלומיניום סנו סושי (61 מטר),החברה הדרומית לשיווק בעמ,,,יח`,1,,false,1,42.90,42.90,false,1,
7290013903310,false,טופו אורגני 500 יח 2 יח נפרדות ליב,ל.י.ב. (לחיות יותר בטבע) בעמ,,,יח`,5,100 גרם,false,1,18.90,3.78,false,1,
7290013903327,false,טופו טבעי 500 יח 2 יח נפרדות ליב,ל.י.ב. (לחיות יותר בטבע) בעמ,,,יח`,5,100 גרם,false,1,16.90,3.38,false,1,
7290013903594,false,רסק תפוחים טבעי 670 גרם ליב,ל.י.ב. (לחיות יותר בטבע) בעמ,,,יח`,6.70,100 גרם,false,1,12.20,1.82,false,1,
7290013906205,false,פסטרמה שום וצילי טירת צבי (400 גרם),תנובה מרכז שיתופי לשיווק תוצרת,,,יח`,4,100 גרם,false,1,34.60,8.65,false,1,
7290014002197,false,חליטת קמומיל ולימונית הגן הקסום ויסוצקי 25 יחידות,תה ויסוצקי (ישראל) בעמ,,,יח`,0.3750,100 גרם,false,1,17.90,47.73,false,1,
7290014002203,false,חליטת לימונית ולואיזה הגן הקסום ויסוצקי 25 יחידות,תה ויסוצקי (ישראל) בעמ,,,יח`,0.3750,100 גרם,false,1,17.90,47.73,false,1,
7290014002944,false,גן קסום חליטת פירות וצמחים חמדת שקד 25 שקיקים,תה ויסוצקי (ישראל) בעמ,,,יח`,1,,false,1,17.90,17.90,false,1,
7290014046436,false,נשנושי קבנוס יחיעם (125 גרם),מעדני יחיעם ( 1993 ) בע`מ,,,יח`,1.25,100 גרם,false,1,13.90,11.12,false,1,
7290014046580,false,פסטרמה מעודנת על גחלים יחיעם (300 גרם),מעדני יחיעם (1993) בעמ,,,יח`,3,100 גרם,false,1,25.40,8.47,false,1,
7290014083813,false,וילי פוד מריגה שפרוטים מעושנים בשמן 190ג,ג. וילי-פוד אינטרנשיונל בע`מ,,,יח`,1.90,100 גרם,false,1,8.90,4.68,false,1,
7290014094390,false,חמוציות מסוכרות ששון הקולה 250 גר`,דין שיווק וקליה 2021 בעמ,,,יח`,2.50,100 גרם,false,1,13.90,5.56,false,1,
7290014094406,false,צימוק לבן בקופסא ששון הקולה 330 גרם,דין שיווק וקליה 2021 בעמ,,,יח`,3.30,100 גרם,false,1,18.90,5.73,false,1,
7290014095861,false,שיבולת שועל דקה בשקית שקדיה 500 גרם,דין שיווק וקליה 2021 בעמ,,,יח`,5,100 גרם,false,1,6.90,1.38,true,1,
7290014095960,false,שיבולת שועל עבה בשקית שקדיה 500 גרם,דין שיווק וקליה 2021 בעמ,,,יח`,5,100 גרם,false,1,6.90,1.38,true,1,
7290014217010,false,דגים T130 -BUL בקופ' 90 גר' טעם וריח,"תבליני טעם וריח בע""מ",,,יח`,0.90,100 גרם,false,1,12.90,14.33,true,1,
7290014217065,false,אורגנו עלים בקופ' 30 גר' טעם וריח,"תבליני טעם וריח בע""מ",,,יח`,0.30,100 גרם,false,1,9.90,33,true,1,
7290014217119,false,תערובת לצ'יפס בקופ' 100 גר' טעם וריח,"תבליני טעם וריח בע""מ",,,יח`,1,100 גרם,false,1,9.90,9.90,true,1,
7290014217157,false,תיבול טוסקנה בקופ' 120 גר' טעם וריח,"תבליני טעם וריח בע""מ",,,יח`,1.20,100 גרם,false,1,10.90,9.08,true,1,
7290014217171,false,תערובת תיבול תיבול גריל דג מיכל 100ג',"תבליני טעם וריח בע""מ",,,יח`,1,100 גרם,false,1,9.90,9.90,true,1,
7290014217225,false,גריל עוף בקופ' 120 גר' טעם וריח,"תבליני טעם וריח בע""מ",,,יח`,1.20,100 גרם,false,1,10.90,9.08,true,1,
7290014217263,false,תיבול לפרגית בקופ' 100 גר' טעם וריח,"תבליני טעם וריח בע""מ",,,יח`,1,100 גרם,false,1,9.90,9.90,true,1,
7290014217348,false,"מיכל צ'ילי כתוש 70 גר' ""טעם וריח""","תבליני טעם וריח בע""מ",,,יח`,0.70,100 גרם,false,1,9.90,14.14,true,1,
7290014217355,false,קרי אבקה בקופ' 100 גר' טעם וריח,"תבליני טעם וריח בע""מ",,,יח`,1,100 גרם,false,1,9.90,9.90,true,1,
7290014217362,false,תיבול לקציצות בקופ' 100 גר' טעם וריח,"תבליני טעם וריח בע""מ",,,יח`,1,100 גרם,false,1,9.90,9.90,true,1,
7290014217409,false,תערובת עשבי תיבול הרבס דה פרובנס טעם וריח 100 ג',"תבליני טעם וריח בע""מ",,,יח`,0.30,100 גרם,false,1,10.90,36.33,false,1,
7290014325050,false,קורנפלור 500 גר` מיה ג.,מיה תעשיות מזון מ.ת.מ. בעמ,,,יח`,5,100 גרם,false,1,9.40,1.88,false,1,
7290014471429,false,"מוזלי עם פירות 1 ק""ג - 429 סגול שקדיה",דין שיווק וקליה 2021 בעמ,,,יח`,1,"ק""ג",false,1,21.40,21.40,false,1,
7290014471436,false,"מוזלי צימוקים תפוח קינמון וגרעיני חמניה 1 ק""ג כחול שקדיה",דין שיווק וקליה 2021 בעמ,,,יח`,1,"ק""ג",false,1,21.40,21.40,false,1,
7290014471443,false,"גרנולה צימוקים אגוזים ושקדים1 ק""ג חדש - 443 כתום שקדיה (כתום)",דין שיווק וקליה 2021 בעמ,,,יח`,1,"ק""ג",false,1,21.40,21.40,false,1,
7290014472990,false,ממרח 100% שקדים שקדיה (300 גרם),דין שיווק וקליה 2021 בעמ,,,יח`,3,100 גרם,false,1,36.70,12.23,false,1,
7290014503137,false,יין אדום יבש יובלים יקב דלתון (750 מל),הכרם - משקאות חריפים בעמ,,,יח`,7.50,"100 מ""ל",false,1,50.90,6.75,true,1,
7290014503144,false,יין לבן יובלים יקב דלתון (750 מל),הכרם - משקאות חריפים בעמ,,,יח`,7.50,"100 מ""ל",false,1,50.90,6.75,true,1,
7290014603028,false,שלגון סולרו שרבט תות-חלבי,"מיוצר ע""י גלידת שטרא",,,יח`,0.76,100 גרם,false,1,7.90,10.39,false,1,
7290014603813,false,שטראוס קרמסימו מסטיגם 1.33 ליטר,גלידות שטראוס בעמ,,,יח`,1.33,1 ליטר,false,1,20.90,15.71,false,1,
7290014648395,false,פלסטרים שקופים בדלים שונים 30 יח`PHARMA,פארמה דיל (פ.א.ב.) שיווק והפצה,,,יח`,1,,false,1,10.90,10.90,false,1,
7290014648593,false,מקלוני אוזניים פלסטיק 300 יח`LA BELLE,פארמה דיל (פ.א.ב.) שיווק והפצה,,,יח`,1,,false,1,3.90,3.90,false,1,
7290014648906,false,LA BELLEמסיר לק מהציפורניים 100 מל,פארמה דיל (פ.א.ב.) שיווק והפצה,,,יח`,1,"100 מ""ל",false,1,3.90,3.90,false,1,
7290014648913,false,פדים קוסמטיים 80 יח LA BELLE מארז שליישי,פארמה דיל (פ.א.ב.) שיווק והפצה,,,יח`,1,,false,1,13.90,13.90,false,1,
7290014648920,false,קיסמיים דנטלים 200 יח pharma dent,פארמה דיל (פ.א.ב.) שיווק והפצה,,,יח`,1,,false,1,9.90,9.90,false,1,
7290014649033,false,שלישיית ספוגי רחצה עדינים לאמבט מפנק,פארמה דיל (פ.א.ב.) שיווק והפצה,,,יח`,1,,false,1,10.90,10.90,false,1,
7290014692299,false,גבינת ברי EURO CHEESE ויליפוד 125 גרם,ג.וילי-פוד אינטרנשיונל **גבינו,,,יח`,1.25,100 גרם,false,1,19.90,15.92,false,1,
7290014692541,false,צהובה מגורדת גולדן 500 גרם ויליפוד,ג.וילי-פוד אינטרנשיונל **גבינו,,,יח`,5,100 גרם,false,1,20.90,4.18,false,1,
7290014692565,false,גרעיני תירס מתוק וילי פוד (320 גרם),ג.וילי-פוד אינטרנשיונל בעמ,,,יח`,3.20,100 גרם,false,1,5.50,1.72,false,1,
7290014758162,false,חלב עיזים מלא 3.6% שומן תנובה (1 ליטר),תנובה מרכז שיתופי לש,,,יח`,1,1 ליטר,false,1,15.50,15.50,false,1,
7290014758681,false,גבינת קוטג`1% בגביע תנובה (250 גרם),מיוצר עי קונדיטוריית,,,יח`,2.50,100 גרם,false,1,5.70,2.28,false,1,
7290014759084,false,גבינת שמנת נפוליאון 16% מופחת שומן תנובה 225 גרם,תנובה מרכז שיתופי לש,,,יח`,2.25,100 גרם,false,1,14.50,6.44,false,1,
7290014759909,false,פטה עיזים 5% 250 גר`גביע פיראוס תנובה,"תנובה, מחלבת טנא נוג",,,יח`,2.50,100 גרם,false,1,28.50,11.40,false,1,
7290014759978,false,קצ`קאבל פלח גלעד 200 גר`קולקשיין תנובה,"תנובה בע""מ ***",,,יח`,2,100 גרם,false,1,27.90,13.95,false,1,
7290014759985,false,פרמזן פלח גבע 23% 200 גר`קולקשיין תנובה,תנובה - חלב,,,יח`,2,100 גרם,false,1,23.90,11.95,false,1,
7290014760134,false,"מעדן סויה בטעם וניל תנובה 125 מ""ל","תנובה בע""מ ***",,,יח`,1.25,100 גרם,false,1,4.50,3.60,false,1,
7290014760141,false,משקה שקדים טרי תנובה (1 ליטר),"תנובה בע""מ ***",,,יח`,10,"100 מ""ל",false,1,13.90,1.39,false,1,
7290014760448,false,גבינה צהובה גלבוע 400 גרם 22% שומן תנובה,מחלבת בית יצחק,,,יח`,4,100 גרם,false,1,22.90,5.73,false,1,
7290014760912,false,גבינה צהובה 28% מהדרין גוש חלב (400 גרם),תנובה מרכז שיתופי לש,,,יח`,4,100 גרם,false,1,26.10,6.53,false,1,
7290014761056,false,מעדן שוקולד חלב יולו תנובה 123 גרם,מיוצר עי קונדיטוריית,,,יח`,1.23,"100 מ""ל",false,1,4.80,3.90,false,1,
7290014761070,false,מעדן שוקולד לבן יולו תנובה 123 גרם,מיוצר עי קונדיטוריית,,,יח`,1.23,"100 מ""ל",false,1,4.90,3.98,false,1,
7290014761414,false,יולו מעדן שכבות שוקולד חלב ולבן 123 גר,מיוצר עי קונדיטוריית,,,יח`,1.23,"100 מ""ל",false,1,4.80,3.90,false,1,
7290014761612,false,מעדן שכבות שוקולד מריר ולבן יולו 122 גרם,מיוצר עי קונדיטוריית,,,יח`,1.23,"100 מ""ל",false,1,4.90,3.98,false,1,
7290014762756,false,גבינת שמנת נפוליאון 16% עם בצל תנובה 225 גרם,תנובה - חלב,,,יח`,2.25,100 גרם,false,1,14.90,6.62,false,1,
7290014762800,false,מעדן סויה שוקולד גביע 125 גרם אלטרנטיב,תנובה מרכז שיתופי לש,,,יח`,1.25,100 גרם,false,1,4.40,3.52,false,1,
7290014762831,false,גבינת שמנת נפוליאון 16% עם פלפל חלפיניו תנובה 225 גרם,תנובה מרכז שיתופי לש,,,יח`,2.25,100 גרם,false,1,14.90,6.62,false,1,
7290014762909,false,פתיתי מוצרלה השף הלבן 10% תוספת מתנה,"תנובה, מחלבת תל יוסף",,,יח`,2,100 גרם,false,1,15.90,7.95,false,1,
7290014763098,false,קרם גבינת שמנת 5% עם פלפל שום ובצל 200 ג' תנובה,תנובה - חלב,,,יח`,2,100 גרם,false,1,11.50,5.75,false,1,
7290014763272,false,יוגורט סויה BIO לשתיה תות ובננה אלטרנטיב,תות תעשיות מזון (201,,,יח`,2.50,100 גרם,false,1,6.80,2.72,false,1,
7290014763418,false,"כד יוגרט תנובה 4% שומן 1.5 ליטר, מהדרין",תנובה מרכז שיתופי לש,,,יח`,1.50,1 ליטר,false,1,16.90,11.27,false,1,
7290014785076,false,"קרם קוקוס ללא תוספות חומר משמר 400 מ""ל",טחנת האבן קואופ בעמ,,,יח`,4,"100 מ""ל",false,1,10.90,2.73,false,1,
7290014785564,false,אטריות אודון מוכנות 200 גר`,קינגדאן פרימה פודס ק,,,יח`,2,100 גרם,false,1,5.50,2.75,false,1,
7290014785571,false,"אטריות מוכנות מתאים להקפצה, מרקים ומנות קרות",טחנת האבן קואופ בעמ,,,יח`,2,100 גרם,false,1,5.50,2.75,false,1,
7290014785991,false,רוטב סויה ללא גולטן 500 מל טעמי אסיה,טחנת האבן קואופ בעמ,,,יח`,5,"100 מ""ל",false,1,14.90,2.98,false,1,
7290014940901,false,לחם פשוט מלא לילדים פרוס אנג`ל (750 גרם),מאפיית שלמה א. אנג'\ל בע,,,יח`,5,100 גרם,false,1,14.50,2.90,false,1,
7290015025959,false,מגבונים לחים בניחוח עדין מכיל תמציות קשמיר ומשי,עלבד משואות יצחק,,,יח`,1,,false,1,16.90,16.90,false,1,
7290015039246,false,נתחי טונה בשמן צמחי רביעיה * 160 ג' וילי פוד,ג.וילי-פוד אינטרנשיונל בעמ,,,יח`,6.40,100 גרם,false,1,22.90,3.58,false,1,
7290015039338,false,נתחי טונה במי מלח רביעיה * 160 ג' וילי פוד,ג.וילי-פוד אינטרנשיונל בעמ,,,יח`,6.40,100 גרם,false,1,22.90,3.58,false,1,
7290015129251,false,איטריות גל קונג`אק בצורת פסטה פטוצ`יני ס,אף.סי תבליני בגליל ב,,,יח`,2.70,100 גרם,false,1,10.90,4.04,false,1,
7290015150088,false,מחית עגבניות קלה גרנד איטליה 700 גרם,תה ויסוצקי (ישראל) בעמ,,,יח`,7,100 גרם,false,1,15.20,2.17,false,1,
7290015150118,false,שלישיית עגבניות חתוכות דק גרנד איטליה 400 גרם,תה ויסוצקי (ישראל) בעמ,,,יח`,1.20,"ק""ג",false,1,17.90,14.92,false,1,
7290015161558,false,קמח שיבולת שועל מלאה אורגני ללא גלוטן,י.איטליאנו אחזקות בעמ,,,יח`,5,100 גרם,false,1,28,5.60,false,1,
7290015161978,false,פסטPRO עדשים אדומות חומוס ופשתן GF אורגנית 250 ג,י.איטליאנו אחזקות בעמ,,,יח`,2.50,100 גרם,false,1,18.90,7.56,false,1,
7290015253277,false,"פחם איכותי 2 ק""ג",פחם קוואנגו סחר בעמ,,,יח`,20,100 גרם,false,1,11.90,0.60,false,1,
7290015324014,false,"פלפל שחור טחון בשקית 80 גרם ""טעם וריח""","תבליני טעם וריח בע""מ",,,יח`,0.80,100 גרם,false,1,10.90,13.63,false,1,
7290015324045,false,תבלין פפריקה חריפה 80 גר' שק',"תבליני טעם וריח בע""מ",,,יח`,0.80,100 גרם,false,1,5.90,7.38,false,1,
7290015324052,false,פפריקה מתוקה 80 גר' טעם וריח,"תבליני טעם וריח בע""מ",,,יח`,0.80,100 גרם,false,1,5.90,7.38,false,1,
7290015324076,false,זעתר מעורב 80 גר' טעם וריח,"תבליני טעם וריח בע""מ",,,יח`,0.80,100 גרם,false,1,5.90,7.38,false,1,
7290015324090,false,כמון טחון 80 גר' טעם וריח,"תבליני טעם וריח בע""מ",,,יח`,0.80,100 גרם,false,1,5.90,7.38,false,1,
7290015324106,false,כורכום טחון 80 גר' טעם וריח,"תבליני טעם וריח בע""מ",,,יח`,0.80,100 גרם,false,1,5.90,7.38,false,1,
7290015324427,false,סודה לשתיה טעם וריח 80 גר',"תבליני טעם וריח בע""מ",,,יח`,0.80,100 גרם,false,1,4.90,6.13,false,1,
7290015324533,false,רוזמרין מיכל גדול 55 גרם,"תבליני טעם וריח בע""מ",,,יח`,0.55,100 גרם,false,1,9.90,18,true,1,
7290015324540,false,טימין מיכל גדול 30 גרם,"תבליני טעם וריח בע""מ",,,יח`,0.30,100 גרם,false,1,9.90,33,true,1,
7290015324571,false,פפריקה מתוקה בשמן בסגנון מרוקאי 400גרם.,"תבליני טעם וריח בע""\מ",,,יח`,4,100 גרם,false,1,19.90,4.98,false,1,
7290015324663,false,צ'ילי גרוס חריף אש 70 גרם,"תבליני טעם וריח בע""מ",,,יח`,0.70,100 גרם,false,1,9.90,14.14,true,1,
7290015324724,false,מחית צ`ילי חריף `טעם וריח' 230 גרם,ליני קאטייאמה פודסטאפס ב,,,יח`,2.30,100 גרם,false,1,14.90,6.48,false,1,
7290015324748,false,"מחית שום וג`ינגר `טעם וריח', 210 גרם",ליני קאטייאמה פודסטאפס ב,,,יח`,2.10,100 גרם,false,1,14.90,7.10,false,1,
7290015366670,false,משחת שיניים בטעם מנטה אקוהפרש (100 מל),גלקסוסמיתקליין,,,יח`,1,"100 מ""ל",false,1,7.90,7.90,true,1,
7290015597548,false,קרמיסימו בננה שוקולד צ`יפ,"גלידת שטראוס בע""\מ",,,יח`,133,1 ליטר,false,1,20.90,0.16,false,1,
7290015597555,false,קרמיסימו וניל פירות טרופיים סולרו,גלידות שטראוס בעמ,,,יח`,133,1 ליטר,false,1,20.90,0.16,false,1,
7290015673198,false,המבורגר טקסס עם פטריות טבע דלי 400 גרם,ל.י.ב. (לחיות יותר בטבע) בעמ,,,יח`,4,100 גרם,false,1,25.90,6.48,false,1,
7290015781008,false,"יין VISION מרלו אדום טפרברג 750 מ""ל",יקב טפרברג 1870 בעמ (יינות ומש,,,יח`,7.50,"100 מ""ל",false,1,41.90,5.55,false,1,
7290015781091,false,"יין VISION קברנה סוביניון טפרברג 750 מ""ל",יקב טפרברג 1870 בעמ (יינות ומש,,,יח`,7.50,"100 מ""ל",false,1,41.90,5.55,false,1,
7290015781114,false,יין אדום אימפרשיין מרלו טפרברג (750 מל),יקב טפרברג 1870 בעמ (יינות ומש,,,יח`,7.50,"100 מ""ל",false,1,51.90,6.88,false,1,
7290015855013,false,פלפלונים -טינקרבל א.אדמה,א.אדמה (2007) בעמ,,,יח`,1,,false,1,9.90,9.90,false,1,
7290015855143,false,שיני שום קלופות בנספ,א.אדמה (2007) בעמ,,,יח`,1.70,100 גרם,false,1,12.90,7.59,false,1,
7290015855181,false,גינג`ר יחידה טרי,א.אדמה (2007) בעמ,,,יח`,1,,false,1,8.90,8.90,false,1,
7290015855228,false,אספרגוס א.אדמה,א.אדמה (2007) בעמ,,,יח`,1,,false,1,29.90,29.90,false,1,
7290015855273,false,בזיליקום מארז גדול א.אדמה,א.אדמה (2007) בעמ,,,יח`,1,,false,1,9.90,9.90,false,1,
7290015858441,false,עללחם ממרח איולי פלפלים 295 גרם,"מדשא תעשיות מזון בע""\מ",,,יח`,2.95,100 גרם,false,1,14.90,5.05,false,1,
7290015865715,false,ענבי ציון תענוג פרי פירות יער 400 גר`,אבאל יזמות בעמ,,,יח`,4,100 גרם,false,1,17.90,4.48,false,1,
7290015865746,false,ענבי ציון קונפיטורה לייט פירות יער 400 ג,אבאל יזמות בעמ,,,יח`,4,100 גרם,false,1,20.90,5.23,false,1,
7290015951869,false,"יין הר חרמון רוזה 750 מ""ל",מיוצר וממולא על ידי יקב,,,יח`,7.50,"100 מ""ל",false,1,37.90,5.01,true,1,
7290016006292,false,נקטר מנגו בננה מלון קרטונית 1 ל' ספרינג,יפאורה שותפות מוגבלת לשיווק,,,יח`,1,1 ליטר,false,1,7.30,7.30,false,1,
7290016077759,false,רוטב ברביקיו קלאסי היינץ 480 גרם,דיפלומט מפיצים (1968) בעמ**,,,יח`,4.80,100 גרם,false,1,18.50,3.85,false,1,
7290016096491,false,נתחי טונה בהירה בשמן צמחי שלישיה *80ג' פילטונה,תעשיות פיל טונה בעמ,,,יח`,2.40,100 גרם,false,1,9.90,4.13,false,1,
7290016150117,false,סלק אדום מבושל 500 ג' בוואקום,ביג פוד כחול לבן בעמ*שיק 30 יו,,,יח`,1,,false,1,8.90,8.90,false,1,
7290016150711,false,נוזל קוקוס פחית 400 גר` AVEL,אבאל יזמות בעמ,,,יח`,4,100 גרם,false,1,6.90,1.73,false,1,
7290016197877,false,שקיות אשפה לפחים בינוניים עם שרוך 50 * 53 ניקול 50 יחידות,קימברלי קלארק ישראל שיווק בעמ,,,יח`,1,,false,1,22.90,22.90,false,1,
7290016246445,false,בארכה טחינה גולמית מעודנת שומשום מלא 310 גם,קבוצת אוסם סחר שותפות מוגבלת,,,יח`,3.10,100 גרם,false,1,12.10,3.90,false,1,
7290016246773,false,בארכה טחינה מתובלת גולמית מעודנת משומשום מלא זעתר 310 גרם,קבוצת אוסם סחר שותפות מוגבלת,,,יח`,3.10,100 גרם,false,1,14.90,4.81,false,1,
7290016276855,false,תבשיל אטריות בטעם ירקות 70 גרם סו שף,דין שיווק וקליה 2021 בעמ,,,יח`,0.70,100 גרם,false,1,6.90,9.86,true,1,
7290016277470,false,שיבולת שועל דקה 350 גר' שקית (3 ב- 10),דין שיווק וקליה 2021 בעמ,,,יח`,3.50,100 גרם,false,1,4.60,1.31,false,1,
7290016321661,false,פרש וואנס SENSITIVE מגבונים ללא בישום רביעייה 72 יחידות,עלבד משואות יצחק,,,יח`,1,,false,1,16.90,16.90,false,1,
7290016321678,false,מגבונים לחים בניחוח מרענן עם תמציות קמומיל ואלוורה,עלבד משואות יצחק,,,יח`,1,,false,1,16.90,16.90,false,1,
7290016372342,false,עגבניות חתוך קוביות גראנד איטליה מארז 400X3ג',תה ויסוצקי (ישראל) בעמ,,,יח`,1.20,"ק""ג",false,1,17.90,14.92,false,1,
7290016372373,false,רסק עגבניות ללא תוספת סוכר ומלח - מארז זוג,תה ויסוצקי (ישראל) בעמ,,,יח`,2.80,100 גרם,false,1,9.90,3.54,false,1,
7290016509786,false,פרסיל גל לכביסה לבנה וצבעונית-ירוק 2.5 ל,גורי שיווק בעמ,,,יח`,2.50,1 ליטר,false,1,35.90,14.36,false,1,
7290016509830,false,ג'ל כביסה לבגדי תינוקות ובעלי עור רגיש Sensitive,גורי שיווק בעמ,,,יח`,2.50,1 ליטר,false,1,35.90,14.36,false,1,
7290016545012,false,חתול שמן בירה קראפט סגנון פייל אייל 330,מבשלת הארץ (בירבזאר),,,יח`,3.30,"100 מ""ל",false,1,14.90,4.42,false,1,
7290016545050,false,עשר בירה קראפט בסגנון טריפל בלגי 330 מל,מבשלת הארץ (בירבזאר),,,יח`,3.30,"100 מ""ל",false,1,14.90,4.42,false,1,
7290016545067,false,וויטני בירה קראפט בסגנון חיטה 330 מל,מבשלת הארץ (בירבזאר),,,יח`,3.30,"100 מ""ל",false,1,14.90,4.42,false,1,
7290016564006,false,מבריקל הפלא ספוגיות להסרת כתמים קשים ושומנים 3יח,ח.כהן סוכנות מזון ומשקאות בע,,,יח`,1,,false,1,9.90,9.90,false,1,
7290016564075,false,מבריקל הפלא זוג מטליות מיקרופייבר לניקוי והברקה 30*30,אבאל יזמות בעמ,,,יח`,1,,false,1,10.10,10.10,false,1,
7290016564204,false,מארז 6 כריות יפניות מבריקל,אבאל יזמות בעמ,,,יח`,1,,false,1,8.90,8.90,false,1,
7290016564280,false,כריות קרצוף מבריקל הפלא,אבאל יזמות בעמ,,,יח`,1,,false,1,8.90,8.90,false,1,
7290016564310,false,ניילון נצמד זוגות 60 מטר מבריקל,אבאל יזמות בעמ,,,יח`,1,,false,1,9.90,9.90,false,1,
7290016564426,false,מבריקל שקיות אשפה ג`מבו XXL עם ידית 25,אבאל יזמות בעמ,,,יח`,1,,false,1,15.90,15.90,false,1,
7290016564433,false,מבריקל מארז רביעית כרית יפנית,אבאל יזמות בעמ,,,יח`,1,,false,1,10.90,10.90,false,1,
7290016564440,false,ספוגית הפלא גדול מארז שישייה מבריקל,אבאל יזמות בעמ,,,יח`,1,,false,1,8.90,8.90,false,1,
7290016682342,false,מיץ תפוזים וולנסיה פרי ניב 2 ליטר-,תנובה - פריניב,,,יח`,2,1 ליטר,false,1,28.90,14.30,false,1,
7290016717099,false,"יין כרמל סלקטד אדום חצי יבש, 750 מ""ל",אגודת הכורמים בעמ,,,יח`,7.50,"100 מ""ל",false,1,30.90,4.08,true,1,
7290016717754,false,יין היובל ישן נושן יקבי כרמל (750 מל),אגודת הכורמים הקואופרטיב,,,יח`,7.50,"100 מ""ל",false,1,20.90,2.75,false,1,
7290016866643,false,פרודונטקס מ.שיניים אקסטרה פרש 75 מל,פרודונטקס Parodontax,,,יח`,0.75,"100 מ""ל",false,1,31.90,42.53,true,1,
7290016967074,false,לחם חיטה מלאה עם גרעינים ודגנים,מאפיית שלמה א. אנג'\ל בע,,,יח`,7.50,100 גרם,false,1,15.90,2.12,false,1,
7290017065137,false,ריקוטה למריחה 5% טבעית 200 גר`מחלבות גד,מחלבות גד שיווק 1992 בעמ,,,יח`,2,100 גרם,false,1,10.70,5.35,false,1,
7290017065144,false,ריקוטה למריחה בתוספת בזיליקום 5% גד 200 גם,מחלבות גד שיווק 1992 בעמ,,,יח`,2,100 גרם,false,1,10.90,5.45,false,1,
7290017065663,false,גבינת פטה עיזים מעודנת 16% גד 200 גרם,מחלבות גד שיווק 1992 בעמ,,,יח`,2.50,100 גרם,false,1,31.90,12.76,false,1,
7290017065731,false,גבינת שמנת 30% ניו יורק +כמהין 200 גרם רבנות,מחלבות גד שיווק 1992 בעמ,,,יח`,2,100 גרם,false,1,13.90,6.95,false,1,
7290017068374,false,שמרים יבשים בואקום מיה 500 גרם,מיה תעשיות מזון מ.ת.מ. בעמ,,,יח`,5,100 גרם,false,1,13.50,2.70,false,1,
7290017068848,false,סוכריות קישוט לעוגה צבעוני מיה 200 גרם,מיה תעשיות מזון מ.ת.מ. בעמ,,,יח`,2,100 גרם,false,1,10.90,5.45,false,1,
7290017105895,false,גרגרי חומוס להכנת חומוס משובח יכין 560 ג,זנלכל בעמ,,,יח`,5.50,100 גרם,false,1,9.90,1.80,false,1,
7290017142005,false,"שמן קוקוס אורגני עץ הזית צנצנת 320מ""ל",סוגת תעשיות בעמ,,,יח`,3.20,"100 מ""ל",false,1,31.90,9.97,false,1,
7290017142159,false,"שלישיית נתחי טונה בהירה בשמן זית 80 גרם ""עץ הזית""",הנסיך- מפעל לייצור ט,,,יח`,2.40,100 גרם,false,1,23.90,9.96,false,1,
7290017142166,false,"פילה טונה פרוס עם שמן זית 120 גרם ""עץ הזית""","יוניקורד ח.צ בע""מ",,,יח`,1.20,100 גרם,false,1,15.90,13.25,true,1,
7290017142289,false,תרסיס שמן חמניות 200 מל ללא תוספת גז עץ,י.ב טכנולוגיות אריזה בעמ,,,יח`,2,"100 מ""ל",false,1,21.90,10.95,true,1,
7290017142395,false,"LUNCH TO GO פסטה עם טונה בשמן זית 160 גרם ""עץ הזית""",יוניקורד ח.צ בעמ,,,יח`,1.60,100 גרם,false,1,14.90,9.31,true,1,
7290017197029,false,אל סבון la belle מאסק לבן 1 ל,פארמה דיל (פ.א.ב.) שיווק והפצה,,,יח`,1,1 ליטר,false,1,9.50,9.50,false,1,
7290017197036,false,אל סבון מלון פפאיה כתום לבן 1 ליטר,פארמה דיל (פ.א.ב.) שיווק והפצה,,,יח`,1,1 ליטר,false,1,9.50,9.50,false,1,
7290017291123,false,שום ייבוא ליח,",חברת יוסף אופנהימר 1986 בעמ",,,יח`,1,,false,1,5,5,false,1,
7290017291338,false,שום סולו יחידה,איגל טרייטדינג שיווק חקלאי בעמ,,,יח`,1,,false,1,9.90,9.90,false,1,
7290017297095,false,סטייק ציפס 2 קג,ויטה -פרי גליל (החדשה) בעמ,,,יח`,20,100 גרם,false,1,22.90,1.15,false,1,
7290017297118,false,ציפס אמריקאי 2 קג,ויטה -פרי גליל (החדשה) בעמ,,,יח`,20,100 גרם,false,1,22.90,1.15,false,1,
7290017297149,false,גרגירי חומוס להכנת חומוס ביתי פרי הגליל 550 גרם,ויטה- פרי גליל (החדשה) בעמ,,,יח`,5.50,100 גרם,false,1,6.90,1.25,false,1,
7290017374390,false,סט שירותים טורינו,מ.א.ייצור ויבוא מטליות בעמ,,,יח`,1,,false,1,22.40,22.40,false,1,
7290017477305,false,זרעי צ`יה 250 גר`שקדיה,דין שיווק וקליה 2021 בעמ,,,יח`,2.50,100 גרם,false,1,10.90,4.36,false,1,
7290017513775,false,פליפז בייגלה מצופה שוקולד חלב מקוויטיס 140 גרם,תה ויסוצקי (ישראל) בעמ,,,יח`,1.40,100 גרם,false,1,8.90,6.36,false,1,
7290017513782,false,פליפז בייגלה מצופה שוקולד מריר מקוויטיס 140 גרם,תה ויסוצקי (ישראל) בעמ,,,יח`,1.40,100 גרם,false,1,8.90,6.36,false,1,
7290017516295,false,חטיף חלבון פרוטאין אגוז לוז שוקולד 50 גר,י.איטליאנו אחזקות בעמ,,,יח`,0.50,100 גרם,false,1,11.90,23.80,false,1,
7290017516318,false,חטיפ בריאות פרוטאין שוקולד 50 גר`פנגיאה,י.איטליאנו אחזקות בעמ,,,יח`,0.50,100 גרם,false,1,11.90,23.80,false,1,
7290017516332,false,חטיפ בריאות פרוטאין חמאת בוטנים 50 גר`פ,י.איטליאנו אחזקות בעמ,,,יח`,0.50,100 גרם,false,1,11.90,23.80,false,1,
7290017536521,false,מארז סופגניות ללא גלוטן רביעייה קפוא,דויטש,,,יח`,1,,false,1,19.90,19.90,false,1,
7290017599250,false,סוכרזית קלאסי 120 גר`שקיות,שטראוס גרופ בע`מ,,,יח`,1.20,100 גרם,false,1,16.90,14.08,false,1,
7290017617046,false,נתחי טונה בשמן זית כתית מעולה רביעיה * 140 ג',דיפלומט מפיצים (1968) בעמ**,,,יח`,5.60,100 גרם,false,1,28.90,5.16,true,1,
7290017618111,false,עוגיות שקדים עם טריפל שוקולד 200 גר לחמי,קונדטוריות לחמי,,,יח`,1.80,100 גרם,false,1,19.90,11.06,false,1,
7290017647425,false,"יין גמלא קברנה סוביניון שנת 2018 750 מ""ל",היכל היין שקד גולן בעמ,,,יח`,7.50,"100 מ""ל",false,1,69.90,9.28,true,1,
7290017677804,false,"רוטב סויה קיקומן ללא חומרים משמרים 444 מ""ל",דיפלומט מפיצים (1968) בעמ**,,,יח`,4.44,"100 מ""ל",false,1,32.90,7.41,false,1,
7290017682617,false,"מגב 40 ס""מ עם תפס להצמדה סחבה",מ.א.ייצור ויבוא מטליות בעמ,,,יח`,1,,false,1,16.90,16.90,false,1,
7290017712277,false,פרמיו שימורי מזון מלא עם כבש במרקם פטה פ,שחורי אריה ואנסטסיה,,,יח`,1.50,100 גרם,false,1,5.90,3.93,false,1,
7290017812571,false,מיץ ענבים תירוש אדום 100% טבעי כרמל 1 ליטר,אגודת הכורמים -כרמל מזרחי,,,יח`,1,1 ליטר,false,1,21.20,21.20,false,1,
7290017812588,false,מיץ ענבים תירוש לבן 100% טבעי כרמל 1 ליטר,אגודת הכורמים -כרמל מזרחי,,,יח`,1,1 ליטר,false,1,20.90,20.90,false,1,
7290017812830,false,יין רוזה פרייבט קולקשיין 750מל יקבי כרמל,"כד בני דרום בע""מ",,,יח`,7.50,"100 מ""ל",false,1,41.90,5.55,true,1,
7290017872650,false,"פמלי יהלום-סבון ידיים עם שמן לבנדר 500 מ""ל",המאפיה של הרמן,,,יח`,5,"100 מ""ל",false,1,10.90,2.18,false,1,
7290017888729,false,שוופס סודה בקבוק 1 ל',יפאורה שותפות מוגבלת לשיווק,,,יח`,1,1 ליטר,false,1,4.90,4.90,false,1,
7290017907208,false,תערובת קמח רב תכליתי לנמנעים מגלוטן,י.איטליאנו אחזקות בעמ,,,יח`,5,100 גרם,false,1,19.90,3.98,false,1,
7290017907222,false,תערובת קמח תופח לנמנעים מגלוטן,י.איטליאנו אחזקות בעמ,,,יח`,5,100 גרם,false,1,19.90,3.98,false,1,
7290017947105,false,לחם אנג'ל בסגנון אמריקה 500 גרם,מאפיית שלמה א. אנג'\ל בע,,,יח`,5,100 גרם,false,1,14.90,2.98,false,1,
7290017947495,false,לחמניות כוסמין 6 יח(450 גר`)אנג`ל,מאפיית שלמה א.אנג'\ל,,,יח`,4.50,100 גרם,false,1,14.90,3.31,false,1,
7290017947891,false,לחם אנג'ל כוסמין וחיטה מלאה 750 גרם,מאפיית שלמה א. אנג'\ל בע,,,יח`,7.50,100 גרם,false,1,16.90,2.25,false,1,
7290017947921,false,לחמניות המבורגר בסגנון אמריקאי מארז 6 יח',מאפיית שלמה א. אנג'\ל בע,,,יח`,4.50,100 גרם,false,1,14.90,3.31,false,1,
7290018011034,false,קרחון סורבה טבעוני ת,תמרה ארטיק בעמ,,,יח`,1,,false,1,9.90,9.90,false,1,
7290018011058,false,ארטיק עוגת גבינה ופטל,תמרה ארטיק בעמ,,,יח`,1,,false,1,9.90,9.90,false,1,
7290018011126,false,מאגדת שלגון אננס פסיפלורה ומנגו 5יח`,תמרה ארטיק בעמ,,,יח`,4,100 גרם,false,1,42.90,10.73,false,1,
7290018011225,false,קרחון סורבה טבעוני ת,תמרה ארטיק בעמ,,,יח`,1,,false,1,9.90,9.90,true,1,
7290018011256,false,ארטיק יוגורט תות ומקופלת,תמרה ארטיק בעמ,,,יח`,1,,false,1,9.90,9.90,false,1,
7290018011324,false,מאגדת ארטיק סורבה קוקוס 5*80 גרם,תמרה ארטיק בעמ,,,יח`,4,100 גרם,false,1,42.90,10.73,false,1,
7290018011607,false,קרחון סורבה טבעוני ת,תמרה ארטיק בעמ,,,יח`,1,,false,1,9.90,9.90,true,1,
7290018011737,false,גלידת אייס קפה בננה,תמרה ארטיק בעמ,,,יח`,4.75,100 גרם,false,1,34.90,7.35,false,1,
7290018011867,false,גלידה שוקולד קרמל מלוח,תמרה ארטיק בעמ,,,יח`,1,,false,1,9.90,9.90,false,1,
7290018011935,false,גלידת יוגורט בתוספת דובדבני אמרה,תמרה ארטיק בעמ,,,יח`,4.75,100 גרם,false,1,34.90,7.35,false,1,
7290018043844,false,חטיף חלבון בוטנים קרמל קראנץ 60 ג' פראוד,דיפלומט מפיצים (1968) בעמ**,,,יח`,0.60,100 גרם,false,1,13.90,23.17,true,1,
7290018098486,false,פיצה מרגריטה מקמח כוסמין טבעוני 350 גרם פרווה,גורי מוצרי צריכה (1991) בעמ,,,יח`,3.50,100 גרם,false,1,22.90,6.54,true,1,
7290018098592,false,שווארמה טבעוניות ביף,גורי מוצרי צריכה (1991) בעמ,,,יח`,3,100 גרם,false,1,22.90,7.63,true,1,
7290018249802,false,ממתיק סוויטאנגו צנצנת 280 גרם,י.איטליאנו אחזקות בעמ,,,יח`,2.80,100 גרם,false,1,27.90,9.96,false,1,
7290018282731,false,אל סבון מרובעים שלישה סוגים שונים500 מל,פארמה דיל (פ.א.ב.) שיווק והפצה,,,יח`,5,"100 מ""ל",false,1,9.90,1.98,false,1,
7290018344101,false,חטיף חלבון בטעם קקאו וקפה 50 ג' VEG PROTEIN,אבאל יזמות בעמ,,,יח`,0.50,100 גרם,false,1,10.90,21.80,false,1,
7290018344125,false,חטיף חלבון אגוזי לוז קקאו טבע ירוק 50 גר,אבאל יזמות בעמ,,,יח`,0.50,100 גרם,false,1,10.90,21.80,false,1,
7290018344736,false,"טבע ירוק עוגיות כוסמין שוקולד לל""ס 200 ג",אבאל יזמות בעמ,,,יח`,2,100 גרם,false,1,25.90,12.95,false,1,
7290018344774,false,"טבע ירוק עוגיות כוסמין שוקולד לל""ס 200 ג",אבאל יזמות בעמ,,,יח`,2,100 גרם,false,1,25.90,12.95,false,1,
7290018359495,false,תירס מהשדה בלי תוספת סוכר יכין 550 גרם,היינץ צפון אמריקה מק,,,יח`,5.50,100 גרם,false,1,10.90,1.98,false,1,
7290018440193,false,פליפז בייגלה בציפוי קרם בטעם חמאת בוטנים מקוויטיס 140 גרם,תה ויסוצקי (ישראל) בעמ,,,יח`,1.40,100 גרם,false,1,8.90,6.36,false,1,
7290018440223,false,תה צ'אי מסאלה 25 שקיקים ויסוצקי,תה ויסוצקי (ישראל) בעמ,,,יח`,1,,false,1,20.90,20.90,false,1,
7290018440230,false,תה צ'אי ורדים 25 שקיקים ויסוצקי,תה ויסוצקי (ישראל) בעמ,,,יח`,1,,false,1,20.90,20.90,false,1,
7290018440476,false,פליפז בייגלה מצופה בקרם עוגת גבינה ותותים מקוויטיס 140 גרם,תה ויסוצקי (ישראל) בעמ,,,יח`,1.40,100 גרם,false,1,8.90,6.36,false,1,
7290018440483,false,פליפז בייגלה מצופה בקרמל מלוח ושוקולד מקוויטיס 140 גרם,תה ויסוצקי (ישראל) בעמ,,,יח`,1.40,100 גרם,false,1,8.90,6.36,false,1,
7290018471449,false,קרטונית ספרינג שייק בננה תמר תפוז 1 ליטר,יפאורה - שותפות מוגבלת לשיווק,,,יח`,1,1 ליטר,false,1,12.90,12.90,false,1,
7290018471906,false,שוופס מוגז פירות לימונדה ורודה 1.5 ליטר פיקדון,יפאורה - שותפות מוגבלת לשיווק,,,יח`,1.50,1 ליטר,false,1,9.50,6.13,false,1,
7290018471937,false,שוופס מוגז פירות תות ליים 1.5 ליטר פיקדון,יפאורה - שותפות מוגבלת לשיווק,,,יח`,1.50,1 ליטר,false,1,9.50,6.13,false,1,
7290018471944,false,שוופס מוגז פירות לימונייד 1.5 ליטר פיקדון,יפאורה - שותפות מוגבלת לשיווק,,,יח`,1.50,1 ליטר,false,1,9.50,6.13,false,1,
7290018516966,false,פרמיו סופרים עם בקר לכלב בוגר 3קג,שחורי אריה ואנסטסיה,,,יח`,1,,false,1,49.90,49.90,false,1,
7290018641439,false,ערק אשכולית אדומה מוגז 330 מל אוק אנד,טחנת האבן קואופ בעמ,,,יח`,3.30,"100 מ""ל",false,1,13.90,4.12,false,1,
7290018677124,false,גרנולה קראנצ'י חמוציות ודובדבנים ללא גלוטן וללא תוספת סוכר נוטרה זן-300 גרם,י.איטליאנו אחזקות בעמ,,,יח`,3,100 גרם,false,1,23.90,7.97,false,1,
7290018677131,false,גרנולה קראנצ'י אגוזים ושקדים ללא גלוטן וללא תוספת סוכר נוטרה זן-300 גרם,י.איטליאנו אחזקות בעמ,,,יח`,3,100 גרם,false,1,23.90,7.97,false,1,
7290018703182,false,פראוד חטיף חלבון שוקולד בוטנים קרמל 29 ג,דיפלומט היינץ,,,יח`,0.29,100 גרם,false,1,9.90,34.14,false,1,
7290018703496,false,פראוד - חטיף חלבון בטעם בננה טופי 60 גרם,דיפלומט מפיצים (1968) בעמ**,,,יח`,0.60,100 גרם,false,1,13.90,23.17,true,1,
7290018777268,false,חטיף חלבון בננה קקאו טבע ירוק 50 גרם,"ממתקי השלום בעולם בע""\מ\",,,יח`,0.50,100 גרם,false,1,10.90,21.80,false,1,
7290018825419,false,תפוח אדמה קטן אדום ברשת,תוצרת הנגב אגודה שיתופית חקלאי,,,"ק""ג",1,,true,1,3.90,3.90,false,1,
7290018878743,false,חמישיות שוקולד מריר (5*100 גר`) כרמית,כרמית תעשיות ממתקים בעמ,,,יח`,5,100 גרם,false,1,18.90,3.78,false,1,
7290018893456,false,צ'וקטה עוגות אישיות במילוי קרם ובציפוי בטעם שוקולד 300 גרם,"פרדי קונדיטוריה אס,פי.אי",,,יח`,3,100 גרם,false,1,13.90,4.63,false,1,
7290018893876,false,עוגות אישיות רכות עם מילוי קרם בטעם וניל,פרדי קונדיטוריה אס.פ,,,יח`,2,100 גרם,false,1,13.90,6.95,false,1,
7290018925065,false,מיץ תפוזים סחוט פרימור (2 ליטר),שטראוס גרופ בעמ/מצונן,,,יח`,2,1 ליטר,false,1,27.90,13.80,false,1,
7290018949009,false,גרופר משקה קל מוגז אורגני תפוזזה 330 מל,טחנת האבן קואופ בעמ,,,יח`,3.30,"100 מ""ל",false,1,8.90,2.70,false,1,
7290018949023,false,גרופר משקה קל מוגז אורגני לימוננדה 330 מ,טחנת האבן קואופ בעמ,,,יח`,3.30,"100 מ""ל",false,1,8.90,2.70,false,1,
7290019056096,false,שוופס מוגז עדין אפרסק 1.5 ליטר פיקדון,יפאורה - שותפות מוגבלת לשיווק,,,יח`,1.50,1 ליטר,false,1,9.50,6.13,false,1,
7290019056119,false,שוופס סודה 1.5 ליטר פיקדון,יפאורה שותפות מוגבלת לשיווק,,,יח`,1.50,1 ליטר,false,1,3.90,2.40,false,1,
7290019056294,false,שוופס ג`ינג`ר אייל 1.5 ליטר פיקדון,יפאורה - שותפות מוגבלת לשיווק,,,יח`,1.50,1 ליטר,false,1,12.90,8.40,false,1,
7290019056300,false,משקה בטעם ביטר לימון 1.5 ל' שוויפס,יפאורה - שותפות מוגבלת לשיווק,,,יח`,1.50,1 ליטר,false,1,12.90,8.40,false,1,
7290019056331,false,שוופס טוניק ללא סוכר 1.5 ליטר פיקדון,יפאורה - שותפות מוגבלת לשיווק,,,יח`,0.0150,"100 מ""ל",false,1,12.90,840,false,1,
7290019056621,false,משקה קל פירות טרופיים ספרינג 1.5 ליטר,יפאורה - שותפות מוגבלת לשיווק,,,יח`,1.50,1 ליטר,false,1,9.50,6.13,false,1,
7290019056638,false,משקה קל תות בננה ספרינג 1.5 ליטר,יפאורה - שותפות מוגבלת לשיווק,,,יח`,1.50,1 ליטר,false,1,9.50,6.13,false,1,
7290019056973,false,מי עדן שישיה בק `1.5ליטר פיקדון,יפאורה - שותפות מוגבלת לשיווק,,,יח`,9,1 ליטר,false,1,14.90,1.46,false,1,
7290019105107,false,רביעיות מגבונים לתינוק ויקטורי פרימיום מ,טרופיקל-דגיל תעשיות קוסמטיקה ב,,,יח`,1,,false,1,14.90,14.90,false,1,
7290019167020,false,עוגת גבינה עם פירות יער לייט עדן קינוחים 82 גרם,"תנובה בע""מ ***",,,יח`,0.82,100 גרם,false,1,7.20,8.78,false,1,
7290019303701,false,טבע ירוק פינוקית שומשום מיקס ישראלי 250ג,אבאל יזמות בעמ,,,יח`,2.50,100 גרם,false,1,18.90,7.56,false,1,
7290100240632,false,קרקר פתית 200-300ג' 6 דגנים 250 גרם,יוניליוור ישראל שיווק בע`מ,,,יח`,2.50,100 גרם,false,1,18.70,7.48,false,1,
7290100240656,false,"פתית שיפון בד""צ חדש 300X24 גר'",יוניליוור ישראל שיווק בע`מ,,,יח`,3,100 גרם,false,1,19.30,6.43,false,1,
7290100245231,false,נמס בכוס מרק בטעם עוף עם אטריות ושקדי מרק-2 שקיות,יוניליוור ישראל שיווק בע`מ,,,יח`,0.50,100 גרם,false,1,7.60,15.20,false,1,
7290100247969,false,קליק שקיות כריות צ`וקולדה,יוניליוור ישראל שיווק בעמ,,,יח`,0.75,100 גרם,false,1,6.90,9.20,false,1,
7290100680650,false,מנה חמה נודלס-אטריות ירקות טעם תאילנדי אסם 76 ג',קבוצת אוסם סחר שותפות מוגבלת,,,יח`,0.76,100 גרם,false,1,8.50,11.18,true,1,
7290100680711,false,פירורית זהב אסם זהב 350ג',קבוצת אוסם סחר שותפות מוגבלת,,,יח`,3.50,100 גרם,false,1,8.90,2.54,false,1,
7290100681138,false,מארז אפרופו חטיף תירס 3 יחידות,קבוצת אוסם סחר שותפות מוגבלת,,,יח`,1.50,100 גרם,false,1,13.90,9.27,true,1,
7290100685341,false,אבקת מרק טעם עוף זך רכיבים טבעיים אסם 400 גרם,קבוצת אוסם סחר שותפות מוגבלת,,,יח`,4,100 גרם,false,1,18.30,4.58,false,1,
7290100685938,false,עוגת הבית דבש ותפוח עץ עם פירורים 400 גר,קבוצת אוסם סחר-שות.מוגבלת,,,יח`,4,100 גרם,false,1,19.60,4.90,false,1,
7290100686171,false,מארז מולטיפק ביסלי גריל 6 יח 35 גר ליח,קבוצת אוסם סחר שותפות מוגבלת,,,יח`,2.10,100 גרם,false,1,17.30,8.24,false,1,
7290100689301,false,אבקת מרק בטעם עוף זך עדיף אסם 400 גרם,קבוצת אוסם סחר שותפות מוגבלת,,,יח`,4,100 גרם,false,1,17.30,4.33,false,1,
7290100700020,false,גריסי פנינה סוגת (500 גרם),האי נאם סי או אל.טי.,,,יח`,2,100 גרם,false,1,7.50,3.75,true,1,
7290100700075,false,פירורי לחם מוזהבים סוגת (200 גרם),"סוגת תעשיות בע""\מ",,,יח`,2,100 גרם,false,1,4.90,2.45,true,1,
7290100700242,false,אורז מלא עגול סוגת (1 קג),"סוגת תעשיות בע""\מ",,,יח`,10,100 גרם,false,1,10.90,1.09,false,1,
7290100700273,false,קינואה לבנה 500 ג סו,האי נאם סי או אל.טי.,,,יח`,5,100 גרם,false,1,15.90,3.18,true,1,
7290100700396,false,"סוגת אורז יסמין קלאסי 1 ק""ג",האי נאם סי או אל.טי.,,,יח`,1,"ק""ג",false,1,12.40,12.40,false,1,
7290100700587,false,בורגול סוגת (500 גרם),האי נאם סי או אל.טי.,,,יח`,5,100 גרם,false,1,6.50,1.30,true,1,
7290100701140,false,"אורז ריזוטו ארבוריו 1 ק""ג ""סוגת""","סוגת תעשיות בע""מ",,,יח`,1,"ק""ג",false,1,13.90,13.90,false,1,
7290100701300,false,קינואה אדומה סוגת (500 גרם),"סוגת תעשיות בע""\מ",,,יח`,5,100 גרם,false,1,16.90,3.38,true,1,
7290100701454,false,בורגול דק גרישה סוגת (500 גרם),"סוגת תעשיות בע""\מ",,,יח`,5,100 גרם,false,1,5.90,1.18,true,1,
7290100703007,false,עדשים שחורות בלוגה סוגת (500 גרם),האי נאם סי או אל.טי.,,,יח`,5,100 גרם,false,1,8.90,1.78,true,1,
7290100850916,false,דוריטוס חמוץ חריף מעודן 70 גרם כשר לפסח,"שטראוס פריטו ליי בע""\מ )",,,יח`,0.70,100 גרם,false,1,4.20,6,true,1,
7290100850923,false,חטיף תירס גריל דוריטוס (70 גרם),"שטראוס פריטו ליי בע""\מ )",,,יח`,0.70,100 גרם,false,1,4.20,6,true,1,
7290100850930,false,חטיף תירס בטעם טבעי דוריטוס (70 גרם),"שטראוס פריטו ליי בע""\מ )",,,יח`,0.70,100 גרם,false,1,4.20,6,true,1,
7290100858592,false,אבקת קקאו עלית שקית 150 ג',הנסיך- מפעל לייצור ט,,,יח`,1.50,100 גרם,false,1,9.90,6.60,false,1,
7290100858608,false,עלית אבקת קקאו כשלפ 500 גרם,שטראוס קפה בי.ויn\.,,,יח`,5,100 גרם,false,1,24.50,4.90,false,1,
7290100921616,false,סוד סבון לאסלה 4 כדוריות בניחוח אורנים 50 ג',גורי שיווק בעמ,,,יח`,1,,false,1,8.90,8.90,false,1,
7290100921623,false,מנקה אסלה סוד 4 כדוריות נתלה אקונומיקה נתלה 50 ג',גורי שיווק בעמ,,,יח`,1,,false,1,8.90,8.90,false,1,
7290101551027,false,קפסולות קפה אספרסו חזק במיוחד 14 עלית 10 יח',הנסיך- מפעל לייצור ט,,,יח`,0.50,100 גרם,false,1,18.50,37,true,1,
7290101551300,false,סילאן טבעי ללא תוספת סוכר בקבוק לחיץ,מכוורת יד מרדכי שטראוס ב,,,יח`,3.80,100 גרם,false,1,15.90,4.18,false,1,
7290101864127,false,ספריי להסרת כתמים וניש קליה (750 מל),רקיט בנקיזר (ניר איסט) בעמ,,,יח`,7.50,"100 מ""ל",false,1,17.90,2.39,false,1,
7290101866787,false,וניש קליה נוזל מסיר כתמים לכביסה לבנה 3 ליטר,רקיט בנקיזר (ניר איסט) בעמ,,,יח`,3,1 ליטר,false,1,30.90,10.30,false,1,
7290101869733,false,פיניש ג'ל למדיח כלים בניחוח לימון 1 ליטר ALL IN 1,רקיט בנקיזר (ניר איסט) בעמ,,,יח`,1,1 ליטר,false,1,44.90,44.90,false,1,
7290101999584,false,נרות ג'מבו כוכבים - הלו קיטי(1X32),שמחה זה אנחנו בעמ,,,יח`,1,,false,1,6.90,6.90,false,1,
7290102030330,false,תפוצ`יפס אקסטרא מקסיקני 200 גרם +20 תו,"שטראוס פריטו ליי בע""\מ )",,,יח`,2,100 גרם,false,1,10.90,5.45,false,1,
7290102032334,false,אבקה להכנת משקה קפה בטעם וניל,שטראוס קפה בי.וי,,,יח`,2,100 גרם,false,1,21.90,10.95,false,1,
7290102300822,false,גבינת צ`דר אנגלית כתומה 200 גרם,דאולי צ'יסמייקרס,,,יח`,2,100 גרם,false,1,25.90,12.95,true,1,
7290102300860,false,"גבינת צ'דר אנגלית לבן, 200 גרם",א. סיימן סחר בעמ,,,יח`,2,100 גרם,false,1,23.90,11.95,true,1,
7290102390427,false,יוגורט ביו עם קציפת תות 3% שומן 150 ג' מולר,החברה המרכזית טלהפצת משקאות בע,,,יח`,1.50,"100 מ""ל",false,1,5.60,3.73,false,1,
7290102390465,false,יוגורט ביו עם קציפת אפרסק ופסיפלורה 3% שומן 150 ג' מולר,החברה המרכזית טלהפצת משקאות בע,,,יח`,1.50,"100 מ""ל",false,1,5.60,3.73,false,1,
7290102390489,false,יוגורט ביו עם קציפת לימון 3% שומן 150 ג' מולר,החברה המרכזית טלהפצת משקאות בע,,,יח`,1.50,"100 מ""ל",false,1,5.60,3.73,false,1,
7290102391844,false,יוגורט ביו עם קציפת פירות יער3% שומן 150 ג' מולר,החברה המרכזית טלהפצת משקאות בע,,,יח`,1.50,"100 מ""ל",false,1,5.60,3.73,false,1,
7290102393039,false,"יוגורט ביו קרמי מיקס פצפוצי שוקולד 7.6% מולר 170 מ""ל",החברה המרכזית טלהפצת משקאות בע,,,יח`,1.70,100 גרם,false,1,6.60,3.88,false,1,
7290102393169,false,"יוגורט סימפלי פרוט בטעם תות 3% מולר 150 מ""ל",*החברה המרכזית להפצת משקאותבעמ,,,יח`,1.50,100 גרם,false,1,5.60,3.73,false,1,
7290102393190,false,"יוגורט סימפלי פרוט בטעם פירות יער 3% מולר 150 מ""ל",*החברה המרכזית להפצת משקאותבעמ,,,יח`,1.50,100 גרם,false,1,5.60,3.73,false,1,
7290102393268,false,"גבינה לבנה 5% שומן, רכיבים טבעיים 750 גרם",*החברה המרכזית להפצת משקאותבעמ,,,יח`,7.50,100 גרם,false,1,14.94,1.99,false,1,
7290102393299,false,יוגורט עיזים לשתייה 3% משק צוריאל 500 גרם,*החברה המרכזית להפצת משקאותבעמ,,,יח`,5,100 גרם,false,1,14.20,2.84,false,1,
7290102393947,false,סימפלי פרוט יוגורט בטעם קיווי 3% שומן 150 ג' מולר,*החברה המרכזית להפצת משקאותבעמ,,,יח`,1.50,"100 מ""ל",false,1,5.60,3.73,false,1,
7290102394463,false,נעם גבינה צהובה פרוסה ואקום 28% טרה 500 גרם,החברה המרכזית טלהפצת משקאות בע,,,יח`,5,100 גרם,false,1,31,6.20,false,1,
7290102394821,false,גבינה צהובה 28% דק דק לפתיחה חוזרת 200,החברה המרכזית טלהפצת משקאות בע,,,יח`,2,100 גרם,false,1,18.40,9.20,false,1,
7290102394845,false,נעם גבינה צהובה לייט פרוסה דק דק 9% טרה 200 גרם,החברה המרכזית טלהפצת משקאות בע,,,יח`,2,100 גרם,false,1,18.80,9.40,false,1,
7290102395231,false,שמיניית יוגורט ביו ביאנקו 2.8% מולר 150 גרם,*החברה המרכזית להפצת משקאותבעמ,,,יח`,1,,false,1,19.80,19.80,false,1,
7290102395262,false,מארז 8 גביעים יוגורט בטעם תות שדה ואפרסק 3% Simply Fruit,החברה המרכזית טלהפצת משקאות בע,,,יח`,1,,false,1,33.10,33.10,false,1,
7290102395477,false,מעדן חלב בטעם שוקולד עם קצפת 123 ג' טרה,החברה המרכזית טלהפצת משקאות בע,,,יח`,1.23,100 גרם,false,1,3.20,2.60,false,1,
7290102395521,false,"שמנת לבישול 15% שומן 500 מ""ל טרה",החברה המרכזית טלהפצת משקאות בע,,,יח`,5,"100 מ""ל",false,1,18.40,3.68,false,1,
7290102396665,false,צהובה פרוסות דקדק פתח סגור 15% 200 גר`,החברה המרכזית טלהפצת משקאות בע,,,יח`,2,100 גרם,false,1,18.80,9.40,false,1,
7290102397334,false,גבינה בולגרית גלילית 5% משק צוריאל 250 גרם,החברה המרכזית טלהפצת משקאות בע,,,יח`,2.50,100 גרם,false,1,25.40,10.16,false,1,
7290102397464,false,יוגורט ביו בתוספת גרעינים אגוזים וחמוציות 170 ג' מולר,החברה המרכזית טלהפצת משקאות בע,,,יח`,1.50,100 גרם,false,1,6.60,4.40,false,1,
7290102397600,false,מיקס יוגורט בתוספת שקדים ובוטנים מקורמלים 170 ג' מולר,החברה המרכזית טלהפצת משקאות בע,,,יח`,1.70,100 גרם,false,1,6.60,3.88,false,1,
7290102397617,false,יוגורט ביו קרמי עם כדורים מצופים שוקולד חום לבן,החברה המרכזית טלהפצת משקאות בע,,,יח`,1.70,100 גרם,false,1,6.60,3.88,false,1,
7290102397679,false,קוטג' וחצי טרה 5% מרכיבים טבעיים,החברה המרכזית טלהפצת משקאות בע,,,יח`,3.75,100 גרם,false,1,8.80,2.35,false,1,
7290102397730,false,פרוסות גבינה אמנטל חצי קשה 30% שומן 200 ג' נעם,החברה המרכזית טלהפצת משקאות בע,,,יח`,2,100 גרם,false,1,18.80,9.40,false,1,
7290102397747,false,פרוסות גבינת מוצרלה נעם מחלב בקר 22%,החברה המרכזית טלהפצת משקאות בע,,,יח`,2,100 גרם,false,1,21,10.50,false,1,
7290102397891,false,גבינה ניו יורק מותכת %16 4*25 גרם,החברה המרכזית טלהפצת משקאות בע,,,יח`,1,100 גרם,false,1,8.40,8.40,false,1,
7290102398065,false,חלב טרה בקרטון 2 ליטר מהדרין 3% - מוצר בפיקוח,החברה המרכזית טלהפצת משקאות בע,,,יח`,2,1 ליטר,false,1,12.46,6.23,false,1,
7290102398331,false,חלב מועשר דל לקטוז 2% שומן טרה 1 ליטר,החברה המרכזית טלהפצת משקאות בע,,,יח`,1,1 ליטר,false,1,7.90,7.90,false,1,
7290102398782,false,.משקה סויה קלאסי 1ל בקבוק משק צוריא,החברה המרכזית טלהפצת משקאות בע,,,יח`,1,1 ליטר,false,1,10.50,10.50,false,1,
7290102398799,false,משקה סויה במתיקות מופחתת משק צוריאל 1 ליטר,החברה המרכזית טלהפצת משקאות בע,,,יח`,1,1 ליטר,false,1,10.50,10.50,false,1,
7290102398805,false,משקה סויה בטעם וניל 1ל בקבוק משק צוריא,החברה המרכזית טלהפצת משקאות בע,,,יח`,1,1 ליטר,false,1,10.50,10.50,false,1,
7290102398836,false,משקה שקדים קלאסי משק צוריאל 1 ליטר,החברה המרכזית טלהפצת משקאות בע,,,יח`,10,"100 מ""ל",false,1,12.60,1.26,false,1,
7290102399048,false,פרוסות גבינת קשקבל נעם 200 ג' טרה,*החברה המרכזית להפצת משקאותבעמ,,,יח`,2,100 גרם,false,1,24.30,12.15,false,1,
7290102399635,false,"מולר פרופ יוגורט ביו עם קציפת קוקוס ואננס 150 מ""ל",החברה המרכזית טלהפצת משקאות בע,,,יח`,1.50,"100 מ""ל",false,1,5.60,3.73,false,1,
7290102399772,false,מולר ספרדבל-ממרח חמאת מולר במליחות עדינה 250 גרם,החברה המרכזית טלהפצת משקאות בע,,,יח`,2.50,100 גרם,false,1,18.80,7.52,false,1,
7290102399789,false,מולר ספרדבל-ממרח חמאת מולר ללא מלח 250 גרם,החברה המרכזית טלהפצת משקאות בע,,,יח`,2.50,100 גרם,false,1,18.80,7.52,false,1,
7290102399796,false,מעדן יוגורט לבן מועשר בחלבון 200 ג' מולר אקטיב,החברה המרכזית טלהפצת משקאות בע,,,יח`,2,100 גרם,false,1,6.60,3.30,true,1,
7290102840182,false,פודינג בטעם שוקולד 85 גר`מיה,מיה תעשיות מזון מ.ת.מ. בעמ,,,יח`,0.85,100 גרם,false,1,5,5.88,false,1,
7290103126797,false,"משחת שיניים קולגייט סנסיטיב פרו רליף 75 מ""ל",הנסיך- מפעל לייצור ט,,,יח`,1.10,100 גרם,false,1,19.90,18.09,false,1,
7290103156466,false,כפות חד פעמיות לפיד) (100,פאלאס תעשיות נטו (2014) בעמ,,,יח`,1,,false,1,10.90,10.90,true,1,
7290103156473,false,כפיות חד פעמי 100 יח,פאלאס תעשיות נטו (2014) בעמ,,,יח`,1,,false,1,10.90,10.90,true,1,
7290103401429,false,קפה קצב ברזילאי אוריגינס 200 גר,הנסיך- מפעל לייצור ט,,,יח`,2,100 גרם,false,1,26.90,13.45,false,1,
7290103404758,false,סלט כרוב אדום במיונז אחלה 120 גרם,שטראוס גרופ בעמ/מצונן,,,יח`,1.20,100 גרם,false,1,5.50,4.58,false,1,
7290103408206,false,עלי חסה ערבית שטופים 250 גר טעם הטבע,שטראוס בריאות ירקות טריי,,,יח`,2.50,100 גרם,false,1,10.10,4.04,false,1,
7290103704155,false,נייר מגבת טאצ' 6 גלילים מהדורת 2021,שניב תעשיות נייר בעמ,,,יח`,1,,false,1,11.90,11.90,false,1,
7290104061417,false,סלט חומוס עם טחינה אחלה 400 גרם,שטראוס גרופ בעמ/מצונן,,,יח`,4,100 גרם,false,1,12.10,3.03,false,1,
7290104061424,false,סלט חומוס עם זעתר אחלה 400 גרם,שטראוס גרופ בעמ/מצונן,,,יח`,4,100 גרם,false,1,12.10,3.03,false,1,
7290104061431,false,סלט חומוס עם צנובר אחלה 400 גרם,שטראוס גרופ בעמ/מצונן,,,יח`,4,100 גרם,false,1,11.50,2.88,false,1,
7290104061448,false,סלט חומוס עם חריף אחלה 400 גרם,שטראוס גרופ בעמ/מצונן,,,יח`,4,100 גרם,false,1,11.50,2.88,false,1,
7290104065934,false,עלי רוקט שטראוס 150 גר`-טעם הטבע,שטראוס בריאות ירקות טריי,,,יח`,1.50,100 גרם,false,1,10.50,7,false,1,
7290104066566,false,סלט טחינה שומשום מלא 500גר אחלה,שטראוס גרופ בעמ/מצונן,,,יח`,5,100 גרם,false,1,15.60,3.12,true,1,
7290104067693,false,חומוס אחלה עם תוספת חריף 150 גר,שטראוס גרופ בעמ/מצונן,,,יח`,1.50,100 גרם,false,1,6.10,4.07,false,1,
7290104500572,false,אפרופו חטיף תירס איטליאנו אסם 50 גרם,קבוצת אוסם סחר-שות.מוגבלת,,,יח`,0.50,100 גרם,false,1,5.50,11,true,1,
7290104501661,false,אינסטנט פודינג בטעם וניל צרפתי אסם 80 גרם,קבוצת אוסם סחר-שות.מוגבלת,,,יח`,0.80,100 גרם,false,1,6.80,8.50,false,1,
7290104508943,false,במבה חטיף בוטנים אסם 200 גרם,קבוצת אוסם סחר-שות.מוגבלת,,,יח`,2,100 גרם,false,1,9.90,4.95,false,1,
7290104721762,false,מארז שלשות קפה טורקי עלית 85 ג',שטראוס גרופ בע`מ,,,יח`,2.55,100 גרם,false,1,19.90,7.80,false,1,
7290104722530,false,תפוצ'יפס בטעם שמנת בצל עלית 200 גרם,"שטראוס פריטו ליי בע""\מ )",,,יח`,2,100 גרם,false,1,10.90,5.45,false,1,
7290104728310,false,"שמנת מתוקה עמידה 38% שומן ""יטבתה"" -מוצר בפיקוח",שטראוס גרופ בעמ/מצונן,,,יח`,2.50,"100 מ""ל",false,1,6.47,2.59,false,1,
7290104729003,false,שמן זית כתית יד מרדכי 750 גרם [מוצר מדבקה],מכוורת יד מרדכי שטרא,,,יח`,7.50,"100 מ""ל",false,1,34.90,4.65,true,1,
7290104857041,false,כוסות חד פעמיות לשתיה קרה פאלאס) (100,פאלאס תעשיות נטו (2014) בעמ,,,יח`,1,,false,1,6.90,6.90,false,1,
7290104857416,false,כוסות נייר B8 לפיד) (50,פאלאס תעשיות נטו (2014) בעמ,,,יח`,1,,false,1,7.90,7.90,false,1,
7290104960246,false,נקה 7 ארומה תחליב רחצה ורד יסמין 750 מ,טרופיקל דגיל תעשיות קוסמ,,,יח`,7.50,"100 מ""ל",false,1,11.90,1.59,false,1,
7290104961526,false,דאודורנט ספריי גוף טיטניום קלאסיק Titanium Classic,החברה הדרומית לשיווק בעמ,,,יח`,1.50,"100 מ""ל",false,1,10.90,7.27,false,1,
7290105360250,false,קפסולות 09 עשיר וארומטי למכונת נספרסו עלית 10יח',הנסיך- מפעל לייצור ט,,,יח`,1,,false,1,18.50,18.50,true,1,
7290105360335,false,קפסולות אספרסו למכונות נספרסו 50 גר,הנסיך- מפעל לייצור ט,,,יח`,0.50,100 גרם,false,1,18.50,37,true,1,
7290105362339,false,"שמנת לבישול 15% 250 מ""ל יטבתה מהדרין",שטראוס גרופ בעמ/מצונן,,,יח`,2.50,"100 מ""ל",false,1,8.40,3.36,true,1,
7290105366993,false,סימפוניה גבינת שמנת פלפל שיפקה 5% שטראוס 200 גרם,שטראוס גרופ בעמ/מצונן,,,יח`,2,100 גרם,false,1,11.90,5.95,false,1,
7290105368225,false,חומוס עם פלפל שיפקה אחלה (400 גרם),שטראוס גרופ בעמ/מצונן,,,יח`,4,100 גרם,false,1,12.10,3.03,false,1,
7290105369130,false,סימפוניה גבינת שמנת בצל ירוק 5% שטראוס 200 גרם,שטראוס גרופ בעמ/מצונן,,,יח`,2,100 גרם,false,1,12.20,6.10,false,1,
7290105439499,false,מאסטר שף מאסטר שף מיונז 480 גר כשלפ,רמיה סי.וי. הולנד,,,יח`,4.83,100 גרם,false,1,12.50,2.59,false,1,
7290105474018,false,לה קט פטה עוף 100 גרם,שחורי אריה ואנסטסיה,,,יח`,1,,false,1,4.90,4.90,false,1,
7290105691248,false,אסם חטיפי פריכונים טורטייה תירס 60 גרם,קבוצת אוסם סחר שותפות מוגבלת,,,יח`,0.60,100 גרם,false,1,9,15,false,1,
7290105691934,false,קמח שמרים אסם 1 קילו,קבוצת אוסם סחר שותפות מוגבלת,,,יח`,1,"ק""ג",false,1,10.90,10.90,false,1,
7290105693341,false,מארז עשיריית במבה אסם 25*10 גרם,קבוצת אוסם סחר שותפות מוגבלת,,,יח`,2.50,100 גרם,false,1,17.30,6.92,true,1,
7290105693952,false,פירורית זהב אסם זהב שומשום 200 ג',קבוצת אוסם סחר שותפות מוגבלת,,,יח`,2,100 גרם,false,1,7.50,3.75,false,1,
7290105694614,false,פסטה אוסם ספגטי מהיר הכנה 500 גרם,קבוצת אוסם סחר שותפות מוגבלת,,,יח`,5,100 גרם,false,1,6.10,1.22,false,1,
7290105695024,false,פתיתים אפויים אורז עם אטריות אסם 500 גרם,קבוצת אוסם סחר שותפות מוגבלת,,,יח`,1,,false,1,7.70,7.70,true,1,
7290105695321,false,עוגת הבית בראוניס פאדג' אסם 380 גרם,קבוצת אוסם סחר שותפות מוגבלת,,,יח`,4,100 גרם,false,1,19.60,4.90,false,1,
7290105964564,false,חומוס אחלה 400 גרם. שטראוס,שטראוס גרופ בעמ/מצונן,,,יח`,4,100 גרם,false,1,9.10,2.28,false,1,
7290105965738,false,יוגורט לשתיה בטעם תות בננה267 ג' דנונה,שטראוס גרופ בעמ/מצונן,,,יח`,2.63,"100 מ""ל",false,1,5,1.90,false,1,
7290106520066,false,"רבע לשבע שוקולד חלב במילוי אגוזים עלית 160 גרם בד""צ","הגביע מוצרי וופלים בע""\מ",,,יח`,1.60,100 גרם,false,1,14.20,8.88,false,1,
7290106520912,false,שמנת לבישול 9% שומן 258גר מהדרין יטבתה,שטראוס גרופ בעמ/מצונן,,,יח`,2.58,"100 מ""ל",false,1,8.40,3.26,true,1,
7290106521049,false,אחלה טעמי השוק קוביות סלק 400 גר,שטראוס גרופ בעמ/מצונן,,,יח`,4,100 גרם,false,1,16.20,4.05,true,1,
7290106524439,false,"תפוצ'יפס פופס 60 גרם ""עלית""","שטראוס פריטו ליי בע""\מ )",,,יח`,0.60,100 גרם,false,1,4,6.67,false,1,
7290106526822,false,פריכיות אורז חום מלא תחתית שוקולד חלב 80 גרם,"טחנת האבן תעשיות בע""",,,יח`,0.70,100 גרם,false,1,9.40,13.43,true,1,
7290106528567,false,חטיף תירס גריל דוריטוס (185 גרם),"שטראוס פריטו ליי בע""\מ )",,,יח`,1.85,100 גרם,false,1,7.90,4.27,false,1,
7290106528949,false,סלט ערוגות שטראוס 450 גר`-טעם הטבע,שטראוס בריאות ירקות טריי,,,יח`,4.50,100 גרם,false,1,11.80,2.62,false,1,
7290106571921,false,פיטנס עוגיות עם חמוציות נסטלה (180 גרם),קבוצת אוסם סחר שותפות מוגבלת,,,יח`,1.80,100 גרם,false,1,12.90,7.17,false,1,
7290106572027,false,קרקר לחמית חמישה דגנים אסם (190 גרם),קבוצת אוסם סחר-שות.מוגבלת,,,יח`,1.90,100 גרם,false,1,10,5.26,false,1,
7290106572065,false,חטיפי טורטיה בטעם חמוץ מתוק אסם (60 גרם),קבוצת אוסם סחר שותפות מוגבלת,,,יח`,0.60,100 גרם,false,1,9,15,false,1,
7290106573277,false,חטיף קרקר קריספי עם זיתים כבושים,קבוצת אוסם סחר שותפות מוגבלת,,,יח`,1.50,100 גרם,false,1,12.90,8.60,false,1,
7290106573598,false,חומוס לבנוני צבר (400 גרם),קבוצת אוסם סחר שותפות מוגבלת,,,יח`,4,100 גרם,false,1,12,3,false,1,
7290106573628,false,חומוס עם טחינה צבר (400 גרם),קבוצת אוסם סחר שותפות מוגבלת,,,יח`,4,100 גרם,false,1,12,3,false,1,
7290106574793,false,עוגת הבית בטעם שוקו-שוקוצ'יפס 350 ג' אסם,קבוצת אוסם סחר שותפות מוגבלת,,,יח`,3.50,100 גרם,false,1,12.50,3.57,false,1,
7290106574953,false,בייגלה שטוחים כעכים שטוחים עם שומשום,קבוצת אוסם סחר שותפות מוגבלת,,,יח`,3,100 גרם,false,1,10.90,3.63,false,1,
7290106574977,false,בייגלה שטוחים טבעות עם מלח אסם (300 גרם),קבוצת אוסם סחר שותפות מוגבלת,,,יח`,3,100 גרם,false,1,10.90,3.63,false,1,
7290106575257,false,עוגת הבית סופלה בטעם שוקולד 340 ג' אסם,קבוצת אוסם סחר שותפות מוגבלת,,,יח`,3.40,100 גרם,false,1,12.50,3.68,false,1,
7290106575431,false,עוגת הבית סופלה בטעם שוקוניל 340 ג' אסם,קבוצת אוסם סחר-שות.מוגבלת,,,יח`,3.40,100 גרם,false,1,12.50,3.68,false,1,
7290106576513,false,סלט רק חומוס צבר 400 גרם,קבוצת אוסם סחר שותפות מוגבלת,,,יח`,5,100 גרם,false,1,11.90,2.38,false,1,
7290106576537,false,חומוס מסעדות צבר 700 גרם,קבוצת אוסם סחר שותפות מוגבלת,,,יח`,7,100 גרם,false,1,11.90,1.70,false,1,
7290106577282,false,טחינה אמיתית מרובע 400 ג' צבר,קבוצת אוסם סחר-שות.מוגבלת,,,יח`,4,100 גרם,false,1,12.50,3.13,false,1,
7290106577527,false,סלט קולסלאו כרוב לבן וגזר 400 ג' צבר,קבוצת אוסם סחר-שות.מוגבלת,,,יח`,4,100 גרם,false,1,12.90,3.23,false,1,
7290106578692,false,ביסלי במבה מיקס מהדורת אליפות אסם 80 גרם,קבוצת אוסם סחר שותפות מוגבלת,,,יח`,0.80,100 גרם,false,1,4.80,6,true,1,
7290106578821,false,עוגת הבית שמרים קלאסית שוקולד אסם 350 גרם,קבוצת אוסם סחר שותפות מוגבלת,,,יח`,3.50,100 גרם,false,1,19.30,5.51,false,1,
7290106653689,false,לקט לסלט אסייתי 350 גר`-טעם הטבע,שטראוס בריאות ירקות טריי,,,יח`,3.50,100 גרם,false,1,11.20,3.20,false,1,
7290106658479,false,עלית וופל בטעם טורטית אגוזים 360גר,"שטראוס גרופ בע""\מ",,,יח`,0.40,100 גרם,false,1,4.30,10.75,false,1,
7290106663121,false,"עוגה אישית במילוי קרם חלב ""מילקי קייק"" שטראוס",בובארד איטליה אס.פי.איי,,,יח`,1,,false,1,3,3,false,1,
7290106663558,false,"רוטב טריאקי ורימון יד מרדכי 280מ""ל",אף.סי תבליני בגליל ב,,,יח`,3.20,100 גרם,false,1,14.90,4.66,false,1,
7290106664067,false,לאבנה עם שמן זית וזעתר 10% שטראוס 400 ג',שטראוס גרופ בעמ/מצונן,,,יח`,4,100 גרם,false,1,15.90,3.98,false,1,
7290106667266,false,חטיף תירס חמוץ חריף דוריטוס (185 גרם),"שטראוס פריטו ליי בע""\מ )",,,יח`,1.85,100 גרם,false,1,7.90,4.27,false,1,
7290106668577,false,"מיץ לימון טיבעי 250 מ""ל יד מרדכי",האי נאם סי או אל.טי.,,,יח`,2.50,"100 מ""ל",false,1,7.90,3.16,false,1,
7290106720626,false,חטיף תירס בטעם גבינה צ`יטוס (80 גרם),"שטראוס פריטו ליי בע""\מ )",,,יח`,0.80,100 גרם,false,1,4.90,6.13,false,1,
7290106723689,false,עלי תרד בייבי 200 גר`שטראוס טעם הטבע,שטראוס בריאות ירקות טריי,,,יח`,2,100 גרם,false,1,11.20,5.60,false,1,
7290106725867,false,סירופ מייפל טהור ללס יד מרדכי 189 גר,שטראוס גרופ בע`מ,,,יח`,1.89,"100 מ""ל",false,1,32.90,17.41,false,1,
7290106727984,false,"כיף כף פצפצים בגביע 135 גרם ""עלית""",שולן צ'\יקולטה גידה סאן.,,,יח`,1.35,100 גרם,false,1,10.90,8.07,false,1,
7290107280020,false,שלישיית מטליות לחות לניקוי כללי סנו סושי 50 יחידות,החברה הדרומית לשיווק בעמ,,,יח`,1,,false,1,19.90,19.90,false,1,
7290107280099,false,שלישיית מגובנים נשטפים באסלה סופט סוד 48 יחידות,החברה הדרומית לשיווק בעמ,,,יח`,1,,false,1,15.90,15.90,false,1,
7290107280341,false,ריצפז מטליות לחות לניקוי הרצפה בניחוח מלון מפנק,החברה הדרומית לשיווק בעמ,,,יח`,1,,false,1,12.90,12.90,false,1,
7290107280723,false,נוזל לניקוי כלים סנו ספארק Spark בניחוח לימון רענן,החברה הדרומית לשיווק בעמ,,,יח`,7,"100 מ""ל",false,1,8.90,1.27,false,1,
7290107280730,false,נוזל לניקוי כלים סנו ספארק Spark בניחוח לבנדר,החברה הדרומית לשיווק בעמ,,,יח`,7,"100 מ""ל",false,1,8.90,1.27,false,1,
7290107280747,false,נוזל לניקוי כלים סנו ספארק Spark קלאסי,החברה הדרומית לשיווק בעמ,,,יח`,7,"100 מ""ל",false,1,8.90,1.27,false,1,
7290107280761,false,נוזל לניקוי כלים בניחוח לימון רענן סנו ספארק Spark,החברה הדרומית לשיווק בעמ,,,יח`,1,1 ליטר,false,1,12.20,12.20,false,1,
7290107645584,false,אבקת מרק עוף אמיתי רכיבים טבעיים 400 גרם - רבנות,יוניליוור ישראל שיווק בע`מ,,,יח`,4,100 גרם,false,1,29.50,7.38,false,1,
7290107645591,false,אבקת מרק בטעם עוף 100% רכיבים טבעיים 400 גרם,יוניליוור ישראל שיווק בע`מ,,,יח`,4,100 גרם,false,1,18.30,4.58,false,1,
7290107645928,false,קליק ביסקוויט לבן 75 גרם,יוניליוור ישראל שיווק בעמ,,,יח`,0.75,100 גרם,false,1,6.90,9.20,false,1,
7290107646062,false,אבקת מרק בצל רכיבים טבעיים קנור 400 ג',יוניליוור ישראל שיווק בע`מ,,,יח`,4,100 גרם,false,1,29.50,7.38,false,1,
7290107647076,false,קרמיסימו תותים ושוקולד לבן,גלידות שטראוס בעמ,,,יח`,1.33,1 ליטר,false,1,20.90,15.71,false,1,
7290107647366,false,דומסטוס סבון אסלה 5 הפועלות בניחות ליים 3 יח' * 55 ג',יוניליוור ישראל שיווק בע`מ,,,יח`,0,100 גרם,false,1,15.90,15.90,false,1,
7290107647663,false,שטראוס קרמיסימו בננה טופי,גלידות שטראוס בעמ,,,יח`,13.30,"100 מ""ל",false,1,20.90,1.57,false,1,
7290107647816,false,"דגני ברנפלקס ללא תוספת סוכר 500 גרם בד""צ",יוניליוור ישראל שיווק בע`מ,,,יח`,5,100 גרם,false,1,23.40,4.68,false,1,
7290107649643,false,קליק חטיף שוקולד בטעפ כדורי שוקולד 70 גר,יוניליוור ישראל שיווק בעמ,,,יח`,0.70,100 גרם,false,1,6.90,9.86,false,1,
7290107649681,false,טילון פסק זמן - נוגט קראנץ',"מיוצר ע""\י גלידת שטראוס",,,יח`,1,,false,1,6.90,6.90,true,1,
7290107649773,false,שטראוס קרמיסימו טעם פיסטוק ושוקולד עם רי,גלידות שטראוס בעמ,,,יח`,1.33,1 ליטר,false,1,20.90,15.71,false,1,
7290107649858,false,טילון סופר מגנום וניל ושוקלד לבן,"מיוצר ע""\י גלידת שטראוס",,,יח`,1,,false,1,9.90,9.90,true,1,
7290107871990,false,פסטה צינורות מהדרין אסם (500 גרם),קבוצת אוסם סחר שותפות מוגבלת,,,יח`,5,100 גרם,false,1,5.90,1.18,false,1,
7290107874427,false,מיני פריכונים בטעם זעתר אסם (25 גרם),קבוצת אוסם סחר שותפות מוגבלת,,,יח`,1,,false,1,4.90,4.90,false,1,
7290107874441,false,פריכונים מיני בצל מקורמל אסם (25 גרם),קבוצת אוסם סחר שותפות מוגבלת,,,יח`,1,,false,1,4.90,4.90,false,1,
7290107875820,false,קרוטונים אפויים בתיבול ביתי אוסם 180 ג',קבוצת אוסם סחר שותפות מוגבלת,,,יח`,1.80,100 גרם,false,1,12.20,6.78,false,1,
7290107877619,false,מארז במבה במילוי קרם נוגט 5*30ג' אסם,קבוצת אוסם סחר שותפות מוגבלת,,,יח`,1.50,100 גרם,false,1,16.30,10.87,true,1,
7290107932080,false,חלב מועשר יוטבתה בבקבוק 3% 1 ליטר,שטראוס גרופ בעמ/מצונן,,,יח`,10,"100 מ""ל",false,1,7.90,0.79,false,1,
7290107932134,false,חלב מועשר יוטבתה בבקבוק 1% 1 ליטר,שטראוס גרופ בעמ/מצונן,,,יח`,10,"100 מ""ל",false,1,7.90,0.79,false,1,
7290107933193,false,סלק בוואקום מבושל שטראוס (500 גרם),ביכורי השדה הצפון בעמ` 1964,,,יח`,5,100 גרם,false,1,7.90,1.58,false,1,
7290107936309,false,דנונה יוגורט 7% יווני לבן 130 ג',שטראוס גרופ בעמ/מצונן,,,יח`,1.30,100 גרם,false,1,3.50,2.69,false,1,
7290107937634,false,צנצנית מסטיק מאסט קוביות פפירמינט 58 ג' עלית,שטראוס גרופ בע`מ,,,יח`,0.58,100 גרם,false,1,11.50,19.83,false,1,
7290107937641,false,צנצנת קוביות בזוקה גומי לעיסה 58גר,שטראוס גרופ בע`מ,,,יח`,0.58,100 גרם,false,1,11.50,19.83,false,1,
7290107937856,false,קפסולות 11חזק למכונות נספרסו עלית 10יח',הנסיך- מפעל לייצור ט,,,יח`,0.50,100 גרם,false,1,18.50,37,true,1,
7290107938396,false,שמיניית אקטימל תות דיסני בנים 108 גרם,שטראוס גרופ בעמ/מצונן,,,יח`,8.64,100 גרם,false,1,21.70,2.51,false,1,
7290107940467,false,אקטיביה יוגורט קרמי 1.5% דנונה (200 גרם),שטראוס גרופ בעמ/מצונן,,,יח`,2,100 גרם,false,1,4.20,2.10,false,1,
7290107943369,false,קוואקר שיבולת שועל ללא גלוטן 511 גרם,שטראוס פריטו ליי בע`מ,,,יח`,5.11,100 גרם,false,1,21.40,4.19,false,1,
7290107944472,false,סימפוניה גבינה במרקם שמנת 5% שום שמיר,שטראוס גרופ בעמ/מצונן,,,יח`,2,100 גרם,false,1,11.90,5.95,false,1,
7290107945165,false,קונפיטורת משמש יד מרדכי 340 גרם,אף.סי תבליני בגליל ב,,,יח`,3.40,100 גרם,false,1,12.90,3.79,false,1,
7290107951104,false,בפלות ופלים ארוכים בטעם שוקולד,"שטראוס גרופ בע""\מ",,,יח`,2,100 גרם,false,1,4.90,2.45,false,1,
7290107953559,false,"מארז קפה טורקי עלית לדרך כשל""פ 168 גרם",הנסיך- מפעל לייצור ט,,,יח`,1.68,100 גרם,false,1,19.50,11.61,false,1,
7290107954709,false,"קונפיטורת פירות יער ""יד מרדכי"" 340 גר'",שטראוס גרופ בע`מ,,,יח`,3.40,100 גרם,false,1,13.90,4.09,false,1,
7290107956642,false,"תרסיס שמן זית 150 מ""ל יד מרדכי כשלפ",פארייפאבה אגרואינדוס,,,יח`,1.50,"100 מ""ל",false,1,19.50,13,false,1,
7290107956932,false,קפסולות אספרסו אידונזיה למכונות 50 גר,שטראוס קפה בי.וי.,,,יח`,0.50,100 גרם,false,1,18.50,37,true,1,
7290107957991,false,מילקי CAKE מיניס קרם חלב בציפוי שוקולד חלב שקית 16X9ג',בובארד איטליה אס.פי.איי,,,יח`,1.44,100 גרם,false,1,13.90,9.65,false,1,
7290107973861,false,מאסטר שף עגבניות קצוצות דק שלישיה 400ג*3 כשלפ,קונסרזיו קאסאלאסקו ד,,,יח`,12,100 גרם,false,1,16.90,1.41,false,1,
7290107974066,false,"עלי טורטיה קמח מלא 20ס""מ 8יח' מאסטר שף 320ג'",אלקאטי קורביישיסי גי,,,יח`,3.20,100 גרם,false,1,11.20,3.50,false,1,
7290107974073,false,עלי טורטיה קמח לבן 320 גר`מנה מאסטר שף,אלקאטי קורביישיסי גי,,,יח`,3.20,100 גרם,false,1,11.20,3.50,false,1,
7290107974080,false,עלי טורטיה קמח לבן 744 גר`מנה מאסטר שף,הדקלאים אגודת שיתופי,,,יח`,7.44,100 גרם,false,1,16.90,2.27,false,1,
7290108350128,false,סנו סושי שקיות אשפה חזקות במיוחד 40 יח',החברה הדרומית לשיווק בעמ,,,יח`,1,,false,1,29.90,29.90,false,1,
7290108350203,false,"סנו סושי כריות קרצוף+ספוג מקציף 6 יחידות 12X9 ס""מ",החברה הדרומית לשיווק בעמ,,,יח`,1,,false,1,11.90,11.90,false,1,
7290108350616,false,סנו - מקסימה מרכך כביסה מרוכז פריחה כחולה 1 ליטר,החברה הדרומית לשיווק בעמ,,,יח`,1,1 ליטר,false,1,18.90,18.90,false,1,
7290108352047,false,אורביטול - צמד מברשות שיניים 808 + חוט דנטלי במתנה,החברה הדרומית לשיווק בעמ,,,יח`,1,,false,1,20.90,20.90,false,1,
7290108352573,false,מרכך כביסה סנו מקסימה בבישום עוצמתי 4 ליטר,החברה הדרומית לשיווק בעמ,,,יח`,4,1 ליטר,false,1,20.40,5.10,false,1,
7290108353099,false,ממחטות אף במארז ניילון סנו סופט 5 יח' * 100 דף,החברה הדרומית לשיווק בעמ,,,יח`,1,,false,1,12.90,12.90,false,1,
7290108353549,false,נייר אפיה 100 דפים סנו סושי,החברה הדרומית לשיווק בעמ,,,יח`,1,,false,1,20.90,20.90,false,1,
7290108353679,false,מפות ניילוון שקופות סנו סושי 10 יח,החברה הדרומית לשיווק בעמ,,,יח`,1,,false,1,15.90,15.90,false,1,
7290108353808,false,"תחליב רחצה מדגסקר נקה 7 בניחוח אמבר 750 מ""ל",החברה הדרומית לשיווק בעמ,,,יח`,7.50,"100 מ""ל",false,1,11.90,1.59,false,1,
7290108354164,false,"כיף שלישיית אל סבון קטיפתי מועשר בשמנים 3*500 מ""ל",החברה הדרומית לשיווק בעמ,,,יח`,15,"100 מ""ל",false,1,20.90,1.39,false,1,
7290108354430,false,"שמפו כיף לשיקום והזנה שמן קוקוס וקרטין 700 מ""ל",החברה הדרומית לשיווק בעמ,,,יח`,7,"100 מ""ל",false,1,12.90,1.84,true,1,
7290108354447,false,"מרכך כיף לשיקום והזנה שמן קוקוס וקרטין 700 מ""ל",החברה הדרומית לשיווק בעמ,,,יח`,7,"100 מ""ל",false,1,12.90,1.84,true,1,
7290108354591,false,"תחליב רחצה בניחוח מי קקטוס ושמן באבאסו 750 מ""ל נקה 7",החברה הדרומית לשיווק בעמ,,,יח`,7.50,"100 מ""ל",false,1,11.90,1.59,false,1,
7290108354751,false,"סנו - ג'ט מרסס לניקוי כללי בתוספת אבקת סודה 750 מ""ל",החברה הדרומית לשיווק בעמ,,,יח`,7.50,"100 מ""ל",false,1,13.90,1.85,false,1,
7290108356113,false,תחליב רחצה כיף ניחוח דבש 700 מל,החברה הדרומית לשיווק בעמ,,,יח`,7,"100 מ""ל",false,1,12.90,1.84,true,1,
7290108356168,false,תחליב רחצה כיף ניחוח אוקיינס700 מל,החברה הדרומית לשיווק בעמ,,,יח`,7,"100 מ""ל",false,1,12.90,1.84,true,1,
7290108357868,false,"כיף - ג'ל רחצה אליקסיר אויל מועשר בשמן מקדמיה 700 מ""ל",החברה הדרומית לשיווק בעמ,,,יח`,7,"100 מ""ל",false,1,12.90,1.84,true,1,
7290108500677,false,כבד דג שיבוט בשמן דג וילי פוד 115 גרם,ג. וילי-פוד אינטרנשיונל בע`מ,,,יח`,1.15,100 גרם,false,1,10.90,9.48,false,1,
7290108501360,false,גבינת צ`דר בשלה 200 גר`matured orange ו,ג.וילי-פוד אינטרנשיונל **גבינו,,,יח`,2,100 גרם,false,1,19.90,9.95,false,1,
7290108501490,false,גבינת מוצרלה פרוסות 150 גר`וילי פוד,ג.וילי-פוד אינטרנשיונל **גבינו,,,יח`,1.50,100 גרם,false,1,13.90,9.27,false,1,
7290108502305,false,גבינת גרנה פדנו משולש ויליפוד 150 גרם,ג.וילי-פוד אינטרנשיונל **גבינו,,,יח`,1.50,100 גרם,false,1,20.90,13.93,false,1,
7290108502763,false,גבינת קממבר ויליפוד 200 גרם,ג.וילי-פוד אינטרנשיונל **גבינו,,,יח`,2,100 גרם,false,1,20.90,10.45,false,1,
7290108504286,false,איבריקו צ`אנק 150 גר` וילי פוד,ג.וילי-פוד אינטרנשיונל **גבינו,,,יח`,1.50,100 גרם,false,1,17.90,11.93,false,1,
7290108504293,false,מנצ`גו צ`אנק 150 גרם ויליפוד,ג.וילי-פוד אינטרנשיונל **גבינו,,,יח`,1.50,100 גרם,false,1,17.90,11.93,false,1,
7290108505689,false,גבינת גרנה פדנו מגורדת ויליפוד 100 גרם,ג.וילי-פוד אינטרנשיונל **גבינו,,,יח`,1,100 גרם,false,1,10.90,10.90,false,1,
7290108505740,false,קשקבל גבינה חצי קשה EURO CHEESE ויליפוד 200 גרם,ג.וילי-פוד אינטרנשיונל **גבינו,,,יח`,2,100 גרם,false,1,14.90,7.45,false,1,
7290108506624,false,גבינת עיזים צ'אנק ויליפוד 150 גרם,ג.וילי-פוד אינטרנשיונל **גבינו,,,יח`,1.50,100 גרם,false,1,17.90,11.93,false,1,
7290108506709,false,גבינת פרמג`אנו ר`גיאנו 150 גר וילי פוד,ג.וילי-פוד אינטרנשיונל **גבינו,,,יח`,1.50,100 גרם,false,1,22.90,15.27,false,1,
7290108508703,false,טורטיה ללא גלוטן 270 גרם ויליפוד,ג.וילי-פוד אינטרנשיונל בעמ,,,יח`,2.70,100 גרם,false,1,8.90,3.30,false,1,
7290108509090,false,גבינה מותכת משולשים EUROויליפוד 200 גרם,ג.וילי-פוד אינטרנשיונל **גבינו,,,יח`,2,100 גרם,false,1,15.90,7.95,false,1,
7290109351025,false,מלך החומוס חומוסטחינה 40% טחינה גולמית,קבוצת אוסם סחר שותפות מוגבלת,,,יח`,4,100 גרם,false,1,13.90,3.48,false,1,
7290109354101,false,קרקר לחמית ללא גלוטן 200 גר אסם,קבוצת אוסם סחר שותפות מוגבלת,,,יח`,2,100 גרם,false,1,11.20,5.60,false,1,
7290109354996,false,פתי בר ללא גלוטן שוקו 200 גרם אסם,קבוצת אוסם סחר שותפות מוגבלת,,,יח`,2,100 גרם,false,1,11.20,5.60,false,1,
7290109358482,false,עוגיות קרמוגית במילוי קרם בטעם חלבה,קבוצת אוסם סחר שותפות מוגבלת,,,יח`,2,100 גרם,false,1,13.20,6.60,false,1,
7290109580050,false,נקניקיות צ'וריסוס וונדרס 0% בשר טבעוני ללא גלוטן,זוגלובק שיווק בעמ ו/או וונדרס,,,יח`,2.26,100 גרם,false,1,30.90,13.67,true,1,
7290109580067,false,וונדרס טחון מן הצומח 340 גר`,זוגלובק שיווק בעמ ו/או וונדרס,,,יח`,3.40,100 גרם,false,1,30.90,9.09,true,1,
7290109580104,false,רוסטביף פרימיום זוגלובק 150 גרם,נקניק זוגלובק נהריה,,,יח`,1.50,100 גרם,false,1,25.90,17.27,false,1,
7290109580135,false,קורנדביף פרימיום 180 גרם זוגלובק,נקניק זוגלובק נהריה,,,יח`,1.80,100 גרם,false,1,25.90,14.39,false,1,
7290109580166,false,סרוולד קלאסי פרימיום זוגלובק 150 גרם,נקניק זוגלובק נהריה,,,יח`,1.50,100 גרם,false,1,25.90,17.27,false,1,
7290109580227,false,נקניקיות עוף ובקר בסגנון ברלינאי קאריוורסט,נקניק זוגלובק נהריה,,,יח`,3,100 גרם,false,1,21.40,7.13,false,1,
7290109580319,false,"בורגר וונדרס 0% בשר , טבעוני",זוגלובק שיווק בעמ ו/או וונדרס,,,יח`,2.80,100 גרם,false,1,30.90,11.04,true,1,
7290109920849,false,"אסטוניש - מרסס לניקוי כללי בניחוח תפוז 750 מ""ל",יעקב יעקבי ובניו בע`מ,,,יח`,7.50,"100 מ""ל",false,1,11.90,1.59,false,1,
7290110000493,false,חמאת בוטנים טבעית קרנצ`י 350 גרם),"בטר אנד דיפרנט בע""מ",,,יח`,3.50,100 גרם,false,1,14.90,4.26,false,1,
7290110055257,false,זר לראש עם פרחים ורוד,שמחה זה אנחנו בעמ,,,יח`,1,,false,1,14.90,14.90,false,1,
7290110110369,false,"שישייה בירה קרלסברג LUMA בקבוק 330 מ""ל",החברה המרכזית להפצת משקאות בעמ,,,יח`,19.80,"100 מ""ל",false,1,34.90,1.67,false,1,
7290110111564,false,"משקה ספורט איזוטוני בטעם הדרים ליין 500 מ""ל פאוורייד",החברה המרכזית להפצת משקאות בעמ,,,יח`,5,"100 מ""ל",false,1,9.90,1.92,false,1,
7290110114855,false,"נביעות מים מינרליים, שישיה 6 * 1.5 ליטר פקדון",החברה המרכזית להפצת משקאות בעמ,,,יח`,9,1 ליטר,false,1,13.90,1.34,false,1,
7290110114893,false,מיץ תפוזים מפוסטר סחוט 2 ליטר,החברה המרכזית טלהפצת משקאות בע,,,יח`,2,1 ליטר,false,1,30.90,15.30,true,1,
7290110114954,false,מיץ תפוזים מתקתקים פריגת 2 ליטר,החברה המרכזית טלהפצת משקאות בע,,,יח`,2,1 ליטר,false,1,25.90,12.80,true,1,
7290110114961,false,משקה קל בטעם תפוזים פריגת (1.5 ליטר),החברה המרכזית להפצת משקאות בעמ,,,יח`,15,"100 מ""ל",false,1,9.90,0.64,false,1,
7290110114985,false,משקה קל בטעם אשכוליות פריגת (1.5 ליטר),החברה המרכזית להפצת משקאות בעמ,,,יח`,15,"100 מ""ל",false,1,9.90,0.64,false,1,
7290110114992,false,משקה קל בטעם אשכוליות לייט פריגת (1.5 לי,החברה המרכזית להפצת משקאות בעמ,,,יח`,15,"100 מ""ל",false,1,9.90,0.64,false,1,
7290110115036,false,משקה קל בטעם מנגו פריגת (1.5 ליטר),החברה המרכזית להפצת משקאות בעמ,,,יח`,15,"100 מ""ל",false,1,9.90,0.64,false,1,
7290110115180,false,נביעות מים מינרלים שקט 1.5 ליטר פיקדון,החברה המרכזית להפצת משקאות בעמ,,,יח`,0.0150,"100 מ""ל",false,1,3,180,true,1,
7290110115203,false,קוקה קולה 1.5 ליטר פיקדון,החברה המרכזית להפצת משקאות בעמ,,,יח`,0,1 ליטר,false,1,9.20,9.20,false,1,
7290110115210,false,קוקה קולה דיאט 1.5 ליטר פיקדון,החברה המרכזית להפצת משקאות בעמ,,,יח`,1.50,1 ליטר,false,1,9.20,5.93,false,1,
7290110115227,false,קוקה קולה Zero בקבוק 1.5 ליטר פיקדון,החברה המרכזית להפצת משקאות בעמ,,,יח`,1.50,1 ליטר,false,1,9.20,5.93,false,1,
7290110115234,false,קוקה קולה דיאט זירו 1.5 ליטר פיקדון,החברה המרכזית להפצת משקאות בעמ,,,יח`,15,"100 מ""ל",false,1,9.20,0.59,false,1,
7290110115241,false,קוקה קולה דיאט לימון 1.5 ליטר פיקדון,החברה המרכזית להפצת משקאות בעמ,,,יח`,15,"100 מ""ל",false,1,9.20,0.59,false,1,
7290110115265,false,ספרייט לימון ליים 1.5 ליטר-,החברה המרכזית להפצת משקאות בעמ,,,יח`,1.50,1 ליטר,false,1,9.20,5.93,false,1,
7290110115289,false,ספרייט 19 קל' לימון-נענע 1.5 ליטר פיקדון,החברה המרכזית להפצת משקאות בעמ,,,יח`,1.50,1 ליטר,false,1,8.80,5.67,false,1,
7290110115319,false,פאנטה אקזוטי פירות טרופיים 1.5ל פיקדון,החברה המרכזית להפצת משקאות בעמ,,,יח`,1.50,1 ליטר,false,1,9.90,6.40,false,1,
7290110115449,false,פיוז-טי תה מנגו אננס 1.5 ליטר פיקדון,החברה המרכזית להפצת משקאות בעמ,,,יח`,1.50,1 ליטר,false,1,9.70,6.27,false,1,
7290110115463,false,פיוז-טי תה אפרסק 1.5 ליטר פיקדון,החברה המרכזית להפצת משקאות בעמ,,,יח`,1.50,1 ליטר,false,1,9.70,6.27,false,1,
7290110116194,false,נביעות+ סדרת 0 קלוריות לימון-ליים 1.5 ליטר,החברה המרכזית להפצת משקאות בעמ,,,יח`,1.50,1 ליטר,false,1,9.90,6.40,false,1,
7290110116484,false,פריגת סחוט מיקס תות בננה 1ליטר,*החברה המרכזית להפצת משקאותבעמ,,,יח`,1,1 ליטר,false,1,16.90,16.90,false,1,
7290110116552,false,ספרייט לימון היט 1.5 ליטר LIME פיקדון,החברה המרכזית להפצת משקאות בעמ,,,יח`,1.50,1 ליטר,false,1,9.20,5.93,false,1,
7290110116569,false,ספרייט זירו 1.5 ליטר LEMON HIT פיקדון,החברה המרכזית להפצת משקאות בעמ,,,יח`,1.50,1 ליטר,false,1,9.20,5.93,false,1,
7290110320850,false,פתיתים גבינה חצי קשה מגורדת 28% שומן,תנובה מרכז שיתופי לש,,,יח`,2,100 גרם,false,1,15.20,7.60,false,1,
7290110320867,false,פתיתים גבינה חצי קשה מגורדת 28% שומן,תנובה מרכז שיתופי לש,,,יח`,5,100 גרם,false,1,35.60,7.12,false,1,
7290110321277,false,קוטג' בקטנה 5% תנובה 100 גרם מהדרין,פארייפאבה אגרואינדוס,,,יח`,1,100 גרם,false,1,2.70,2.70,false,1,
7290110321680,false,יוגורט GO בטעם תות 20 גרם חלבון בגביע,מיוצר עי קונדיטוריית,,,יח`,2,"100 מ""ל",false,1,5.90,2.95,false,1,
7290110321697,false,יוגורט GO בטעם אפרסק 20 גרם חלבון בגביע,מיוצר עי קונדיטוריית,,,יח`,2,"100 מ""ל",false,1,5.70,2.85,false,1,
7290110322014,false,טופו בטעם טבעי תנובה ALTERNATIVE,שוורצקוף& הנקל דיסלד,,,יח`,3,100 גרם,false,1,12.50,4.17,false,1,
7290110322021,false,"תנובה טופו בזיליקום 300 גר' בד""צ",שוורצקוף& הנקל דיסלד,,,יח`,3,100 גרם,false,1,11.90,3.97,false,1,
7290110322038,false,טופו בטעם פיקנטי 300 גר`תנובה,"תנובה בע""מ ***",,,יח`,3,100 גרם,false,1,12.50,4.17,false,1,
7290110323073,false,"משקה יוגורט יופלה גו תות פטל 250 מ""ל - רבנות",מיוצר עי קונדיטוריית,,,יח`,2.50,"100 מ""ל",false,1,6.20,2.48,false,1,
7290110323301,false,טל העמק בסגנון אמנטל 32% שומן 200 גרם,"תנובה בע""מ ***",,,יח`,2,100 גרם,false,1,19.40,9.70,false,1,
7290110323592,false,יופלה יוגורט עם אפרסק מופחת קלוריות 200 ג' GO,תנובה בעמ ***,,,יח`,2,100 גרם,false,1,5.70,2.85,false,1,
7290110323714,false,משקה קוקוס שקדים תנובה E אלטרנטיב,מיוצר עי קונדיטוריית,,,יח`,10,"100 מ""ל",false,1,12.50,1.25,false,1,
7290110324353,false,יוגורט GO לייט בטעם אננס 20 גרם חלבון בגביע,מיוצר עי קונדיטוריית,,,יח`,2,"100 מ""ל",false,1,5.90,2.95,false,1,
7290110324711,false,ממרח סויה 9% שומן בטעם טבעי תנובה 250 גרם,מיוצר עי קונדיטוריית,,,יח`,2.50,100 גרם,false,1,9.90,3.96,true,1,
7290110324841,false,מעדן שקדים עם שוקולד מריר תנובה 125 גרם,מיוצר עי קונדיטוריית,,,יח`,1.25,100 גרם,false,1,3.90,3.12,false,1,
7290110324872,false,גבינה צהובה גלבוע (5% 200 גר`)תנובה,גלבוע - תנובה,,,יח`,2,100 גרם,false,1,18.90,9.45,false,1,
7290110324926,false,משקה סויה ללא תוספת סוכר E אלטרנטיב,תנובה מרכז שיתופי לש,,,יח`,0.01,"100 מ""ל",false,1,11.50,1150,false,1,
7290110325305,false,יופלה GO סויה 20 גרם חלבון במתיקות מעודנת תנובה 200 גרם,מיוצר עי קונדיטוריית,,,יח`,2,"100 מ""ל",false,1,5.80,2.90,false,1,
7290110325312,false,יופלה GO סויה 20 גרם חלבון בטעם תות תנובה 200 גרם,תנובה בעמ ***,,,יח`,2,"100 מ""ל",false,1,5.90,2.95,false,1,
7290110325619,false,משקה שיבולת שועל תנובה E אלטרנטיב,מיוצר עי קונדיטוריית,,,יח`,10,"100 מ""ל",false,1,13.50,1.35,false,1,
7290110325893,false,משקה חלב GO מועשר בחלבון בטעם אייס קפה,מיוצר עי קונדיטוריית,,,יח`,3.40,100 גרם,false,1,7.90,2.32,false,1,
7290110326227,false,יופלה און טופ קורנפלקס תנובה 157 גרם,מיוצר עי קונדיטוריית,,,יח`,1.57,100 גרם,false,1,4.90,3.12,false,1,
7290110326906,false,חלב נטול לקטוז 3% שומן( 1 ליטר)תנובה,מיוצר עי קונדיטוריית,,,יח`,0.01,"100 מ""ל",false,1,7.30,730,false,1,
7290110327033,false,משקה סויה תנובה גו מועשר בחלבון במתיקות מופחתת,מיוצר עי קונדיטוריית,,,יח`,10,"100 מ""ל",false,1,12.50,1.25,false,1,
7290110327514,false,alternative משקה שיבולת שועל בטעם אגוזי לוז תנובה 1 ליטר,תנובה מרכז שיתופי לש,,,יח`,10,"100 מ""ל",false,1,12.20,1.22,false,1,
7290110328504,false,טריו - מיקס גבינות מוצרלה סקנדינבית וגאודה 300 גרם,מיוצר עי קונדיטוריית,,,יח`,3,100 גרם,false,1,26.90,8.97,false,1,
7290110328627,false,יוגורט יופלה GO במרקם סמיך בטעם בננה קרמל 0%,מיוצר עי קונדיטוריית,,,יח`,2,100 גרם,false,1,5.90,2.95,false,1,
7290110328641,false,טופו טבעי 500 גר`אלטרנטיב 2*250 גר`,"תנובה בע""מ ***",,,יח`,5,100 גרם,false,1,17.90,3.58,false,1,
7290110328771,false,יוגורט יופלה GO במרקם סמיך עם פירות יער 0%,מיוצר עי קונדיטוריית,,,יח`,2,100 גרם,false,1,5.90,2.95,false,1,
7290110328788,false,יוגורט יופלה GO במרקם סמיך בטעם אפרסק 0%,תנובה מרכז שיתופי לש,,,יח`,2,100 גרם,false,1,5.90,2.95,false,1,
7290110329136,false,מעדן חלב מעושר בחלבון בטעם שוקולד 120 ג' GO,תנובה מרכז שיתופי לש,,,יח`,1.20,100 גרם,false,1,5.90,4.92,false,1,
7290110329143,false,מעדן חלב מעושר בחלבון בטעם וניל גביע 120 ג' GO,תנובה מרכז שיתופי לש,,,יח`,1.20,100 גרם,false,1,5.90,4.92,false,1,
7290110329686,false,משקה GO חלב בטעם עוגיות 27 גר`חלבון,מיוצר עי קונדיטוריית,,,יח`,3.40,100 גרם,false,1,8.90,2.62,false,1,
7290110329723,false,משקה חלב קר בטעם לאטה 230 גרם תנובה,תנובה מרכז שיתופי לש,,,יח`,2.30,"100 מ""ל",false,1,7.90,3.43,false,1,
7290110329792,false,יוגורט סויה BIO Alternative אפרסק 150 ג' תנובה,מיוצר עי קונדיטוריית,,,יח`,1.50,100 גרם,false,1,4.50,3,true,1,
7290110329808,false,יוגורט סויה BIO Alternative תות 150 ג' תנובה,מיוצר עי קונדיטוריית,,,יח`,1.50,100 גרם,false,1,4.50,3,true,1,
7290110329815,false,סויה BIO מתיקות מעודנת גביע 150 גרם אלטרנטיב,מיוצר עי קונדיטוריית,,,יח`,1.50,100 גרם,false,1,4.50,3,true,1,
7290110329822,false,יוגורט סויה BIO Alternative פירות יער 150 ג' תנובה,מיוצר עי קונדיטוריית,,,יח`,1.50,100 גרם,false,1,4.50,3,true,1,
7290110329839,false,פרוסות צהובה בטעם זיתים 200 ג' אלטרנטיב אלטרנטיב,מיוצר עי קונדיטוריית,,,יח`,2,100 גרם,false,1,22.90,11.45,false,1,
7290110329846,false,יוגורט סויה BIO Alternative בטעם טבעי 150 ג' תנובה,מיוצר עי קונדיטוריית,,,יח`,1.50,100 גרם,false,1,4.50,3,true,1,
7290110329914,false,מאגדת משקה שיבולת שועל ושקדים 100 גרם*6 יח' ביו אלטרנטיב,תנובה מרכז שיתופי לש,,,יח`,6,100 גרם,false,1,18.90,3.15,false,1,
7290110551261,false,נשנושי תירס 500 גר`טעם הטבע שטראוס,שטראוס גרופ בעמ/מצונן,,,יח`,5,100 גרם,false,1,13.90,2.78,false,1,
7290110552220,false,יוגורט PRO בטעם תות 0% סוכר לבן 20 גרם חלבון בגביע,שטראוס גרופ בעמ/מצונן,,,יח`,2,"100 מ""ל",false,1,5.90,2.95,false,1,
7290110552237,false,יוגורט פרו בטעם אפרסק מנגו ללא סוכר 200 ג' דנונה,שטראוס גרופ בעמ/מצונן,,,יח`,2,"100 מ""ל",false,1,5.90,2.95,false,1,
7290110553425,false,קפה נמס 200 גרם +20% תוספת עלית,שטראוס קפה בי.וי,,,יח`,2.40,100 גרם,false,1,19.90,8.29,false,1,
7290110556242,false,"שוקולד מריר פרווה 100 גר' בד""ץ תוצרת חוץ","שטראוס גרופ בע""מ.",,,יח`,1,100 גרם,false,1,5.90,5.90,false,1,
7290110557027,false,חומוס עשיר 50% טחינה גולמית 400 ג' אחלה,שטראוס גרופ בעמ/מצונן,,,יח`,4,100 גרם,false,1,15.20,3.80,false,1,
7290110557102,false,מעדן חלב עם שוקולד מועשר בחלבון 150 ג' שטראוס,שטראוס גרופ בעמ/מצונן,,,יח`,1.50,100 גרם,false,1,5.40,3.60,true,1,
7290110557133,false,מעדן הגולן וניל 125 ג' שטראוס,שטראוס גרופ בעמ/מצונן,,,יח`,1.25,"100 מ""ל",false,1,2.90,2.32,true,1,
7290110557478,false,חומוס גלילי במרקם מעודן 600 גרם,שטראוס גרופ בעמ/מצונן,,,יח`,6,100 גרם,false,1,13.90,2.32,false,1,
7290110557645,false,מאגדת חטיפים אנרג'י מיקס צימוקים חמוציות 100X4 גרם,שטראוס גרופ בע`מ,,,יח`,1.05,100 גרם,false,1,15.90,15.14,true,1,
7290110558284,false,דנונה ביו מולטי שטראוס 200 גרם,שטראוס גרופ בעמ/מצונן,,,יח`,2,100 גרם,false,1,3.90,1.95,false,1,
7290110558338,false,דנונה פרו 25 ג' חלבון 200 ג' שטראוס,שטראוס גרופ בעמ/מצונן,,,יח`,2,100 גרם,false,1,6.70,3.35,false,1,
7290110559755,false,ריל מאגדת בוטנים פיסטוק וחמוציות שטראוס 105 גרם,"ואמואליס פודס אס.איי,",,,יח`,1.05,100 גרם,false,1,15.90,15.14,true,1,
7290110560300,false,"הפריכיות הטעימות חומוס, עדשים שחורות, קינואה ופלפל שחור",אנרג'י Energy - שטראוס,,,יח`,0.30,100 גרם,false,1,4.90,16.33,false,1,
7290110560317,false,"הפריכיות הטעימות חומוס, עדשים שחורות, קינואה ומלח ים","פרח תעשיו מזון בע""מ",,,יח`,0.30,100 גרם,false,1,4.90,16.33,false,1,
7290110560324,false,"הפריכיות הטעימות תפו""א, אורז, אפונה ומלח ים","פרח תעשיו מזון בע""מ",,,יח`,0.30,100 גרם,false,1,4.90,16.33,false,1,
7290110563431,false,"משקה קפה קר בסגנון קלאסי 230 מ""ל 1.6% יוטבתה",שטראוס גרופ בעמ/מצונן,,,יח`,2.30,"100 מ""ל",false,1,7.90,3.43,true,1,
7290110563462,false,חלב 2% דל לקטוז בבקבוק יטבתה 1 ליטר.,שטראוס גרופ בעמ/מצונן,,,יח`,1,1 ליטר,false,1,7.90,7.90,false,1,
7290110563820,false,סלק מבושל שטראוס (1 קג)`,שטראוס גרופ בעמ/מצונן,,,יח`,10,100 גרם,false,1,10,1,false,1,
7290110564339,false,חומוס אחלה הסידרה המובחר 30% טחינה 400 גר',שטראוס גרופ בעמ/מצונן,,,יח`,4,100 גרם,false,1,14.50,3.63,false,1,
7290110564742,false,"משקה קפה קר בסגנון חזק 230 מ""ל 1.2% יוטבתה",שטראוס גרופ בעמ/מצונן,,,יח`,2.30,"100 מ""ל",false,1,7.90,3.43,true,1,
7290110565527,false,יוגורט PRO פרו 1.5% 20 גרם חלבון בגביע,שטראוס גרופ בעמ/מצונן,,,יח`,2,"100 מ""ל",false,1,5.90,2.95,false,1,
7290110566623,false,קפסולות קולומביה עלית 08 למכונת נספרסו מארז 5X10ג',שטראוס קפה בי.וי.,,,יח`,0.50,100 גרם,false,1,18.50,37,true,1,
7290110566975,false,דנונה פרו יוגורט 0% תות עשיר בחלבון 200ג',שטראוס גרופ בעמ/מצונן,,,יח`,2,"100 מ""ל",false,1,5.90,2.95,false,1,
7290110571375,false,"אנרג'י מיקס תערובת צימוקים, תמרים, טופי ושברי פקאן",אנרג'י Energy - שטראוס,,,יח`,1.05,100 גרם,false,1,15.90,15.14,true,1,
7290110571382,false,מעדן חלב בטעם וניל מעושר בחלבון 150 ג' שטראוס,שטראוס גרופ בעמ/מצונן,,,יח`,1.50,100 גרם,false,1,5.40,3.60,true,1,
7290110571405,false,עלית - מיני פינוקיות בגביע פסק זמן 180 גרם,שטראוס גרופ בע`מ,,,יח`,1.80,100 גרם,false,1,11.90,6.61,false,1,
7290111340178,false,מטליות לחות ניקול לניקוי כללי בניחוח מרכך כביסה 50 יח',קימברלי קלארק ישראל שיווק בעמ,,,יח`,1,,false,1,13.90,13.90,false,1,
7290111340185,false,מטליות לחות רצפה ניחוח מרכך כביסה ניקול 10 יחידות,קימברלי קלארק ישראל שיווק בעמ,,,יח`,1,,false,1,14.90,14.90,false,1,
7290111341366,false,מפיות אירוח איכותיות ונעימות למגע ניקול,קימברלי קלארק ישראל שיווק בעמ,,,יח`,1,,false,1,9.90,9.90,false,1,
7290111343117,false,קלינקס ממחטות לושן סופט פק זוגות 140דף,קימברלי קלארק ישראל שיווק בעמ,,,יח`,1,,false,1,14.90,14.90,false,1,
7290111344930,false,מטליות לחות לרצפה בניחוח כביסה ארומתרפיה ניקול 10 יח',קימברלי קלארק ישראל שיווק בעמ,,,יח`,1,,false,1,14.90,14.90,false,1,
7290111346293,false,מגבת נייר ניקול 6 יחידות מהדורה חגיגית,קימברלי קלארק ישראל שיווק בעמ,,,יח`,1,,false,1,13.90,13.90,false,1,
7290111352973,false,יוגוטה קוביות חמוצות ממולאות בטעם פירות,ליימן שליסל בע`מ,,,יח`,2.20,100 גרם,false,1,8.90,4.05,false,1,
7290111564277,false,פריכיות דקות ונימוחות 3 דגנים פיטנס Fitness,קבוצת אוסם סחר שותפות מוגבלת,,,יח`,1.20,100 גרם,false,1,13.20,11,false,1,
7290111564291,false,פריכיות דקות ונימוחות 3 דגנים וקינואה פיטנס Fitness,קבוצת אוסם סחר שותפות מוגבלת,,,יח`,1.20,100 גרם,false,1,13.20,11,false,1,
7290111566226,false,שניצל ברוקולי טבעול 667 גרם,קבוצת אוסם סחר-שות.מוגבלת,,,יח`,6.67,100 גרם,false,1,33.90,5.08,true,1,
7290111566318,false,שניצל דק מן הצומח בטעם ביתי 700 גרם,קבוצת אוסם סחר שותפות מוגבלת,,,יח`,5.64,100 גרם,false,1,33.90,6.01,true,1,
7290111566332,false,"נקניקיות וינר מן הצומח 680 גרם ""טבעול""",קבוצת אוסם סחר שותפות מוגבלת,,,יח`,6.80,100 גרם,false,1,32.90,4.84,true,1,
7290111566547,false,טבעול חזה בגריל צמחוני 99 קלוריות 560ג',קבוצת אוסם סחר שותפות מוגבלת,,,יח`,5.60,100 גרם,false,1,30.90,5.52,true,1,
7290111566752,false,טבעול שניצל תירס 99 קלוריות 693 גרם,קבוצת אוסם סחר שותפות מוגבלת,,,יח`,6.93,100 גרם,false,1,34.90,5.04,true,1,
7290111566776,false,"נקניקיות קוקטייל מן הצומח 680 גרם ""טבעול""",קבוצת אוסם סחר שותפות מוגבלת,,,יח`,6.80,100 גרם,false,1,34.60,5.09,true,1,
7290111568206,false,ביסלי פארטי מיקס אסם 150 גר',קבוצת אוסם סחר שותפות מוגבלת,,,יח`,1.50,100 גרם,false,1,8.90,5.93,true,1,
7290111568251,false,אטריות נודלס להקפצה אסם אסייתי 350 גר',קבוצת אוסם סחר שותפות מוגבלת,,,יח`,3.50,100 גרם,false,1,10.90,3.11,false,1,
7290111568299,false,אטריות נודלס עם תרד אסם אסייתי 300 גר',קבוצת אוסם סחר שותפות מוגבלת,,,יח`,3,100 גרם,false,1,10.90,3.63,false,1,
7290111938498,false,"מנה אסייאתי רוטב סויה בהירה 700 מ""ל מ.שף",קי.אר.אס. ספייסי פוד,,,יח`,7,"100 מ""ל",false,1,14.90,2.13,false,1,
7290112002099,false,קולון גל כביסה מרוכז 2.5 ליטר קלאסי,רקיט בנקיזר (ניר איסט) בעמ,,,יח`,2.50,1 ליטר,false,1,25.90,10.36,false,1,
7290112003188,false,קולון קפסולות ג'ל 60 יח' אריזת חיסכון,רקיט בנקיזר (ניר איסט) בעמ,,,יח`,1,,false,1,55.90,55.90,false,1,
7290112004413,false,"ספריי וניש קליה להסרת כתמים לבגדים לבנים 750 מ""ל",רקיט בנקיזר (ניר איסט) בעמ,,,יח`,7.50,"100 מ""ל",false,1,17.90,2.39,false,1,
7290112005076,false,וניש תוסף כביסה רב תכליתי צבעוני 480 גרם,רקיט בנקיזר (ניר איסט) בעמ,,,יח`,4.80,100 גרם,false,1,17.90,3.73,false,1,
7290112330352,false,"יוגורט PRO בטעם וניל 0% , 20 גרם חלבון בגביע",שטראוס גרופ בעמ/מצונן,,,יח`,2,"100 מ""ל",false,1,6.10,3.05,false,1,
7290112330390,false,דנונה פרו פירות יער 20 גרם חלבון 0% שומן 200 גרם,שטראוס גרופ בעמ/מצונן,,,יח`,2,"100 מ""ל",false,1,6.10,3.05,false,1,
7290112332585,false,פריכיות משולש תפוא אורז בתיבול סלק ומלח ים אנרג'י 30 גרם,"פרח תעשיו מזון בע""מ",,,יח`,0.30,100 גרם,false,1,4.90,16.33,false,1,
7290112332691,false,פינוקיות עוגיות קרם פסק זמן אגוזים 200 גרם,"הגביע מוצרי וופלים בע""\מ",,,יח`,2,100 גרם,false,1,11.90,5.95,false,1,
7290112334749,false,קפה טורקי בצלופן עלית 200 גרם+ 10% תוספת,שטראוס קפה בי.וי,,,יח`,2.20,100 גרם,false,1,16.30,7.41,false,1,
7290112335050,false,מרשמלו וניל 150 גרם ווסטהים,טופגאם תעשיות ממתקים,,,יח`,1.50,100 גרם,false,1,8.10,5.40,false,1,
7290112335487,false,הפריכיות הטעימות קצח ודגנים אנרג'י 135 גרם,אנרג'י Energy - שטראוס,,,יח`,1.35,100 גרם,false,1,14.20,10.52,false,1,
7290112335494,false,הפריכיות הטעימות תפוחי אדמה בטעם פוטטוס,"פרח תעשיות מזון בע""\מ",,,יח`,1.35,100 גרם,false,1,14.20,10.52,false,1,
7290112335500,false,"פרכיות אנרג'י חומוס,אורז,עדשים שחורות וקינואה 135 גרם","פרח תעשיות מזון בע""\מ",,,יח`,1.35,100 גרם,false,1,14.20,10.52,false,1,
7290112336644,false,סוכריות מאסט ללא סוכר לימון 80 ג' עלית,שטראוס גרופ בע`מ,,,יח`,0.80,100 גרם,false,1,9.70,12.13,false,1,
7290112336712,false,יוגורט PRO לבן 0% 21 גרם חלבון בגביע,שטראוס גרופ בעמ/מצונן,,,יח`,2,"100 מ""ל",false,1,6.10,3.05,false,1,
7290112339171,false,מעדן מוס שוקולד 81 גר`מילקי,שטראוס גרופ בעמ/מצונן,,,יח`,0.81,100 גרם,false,1,3.50,4.32,false,1,
7290112339867,false,גמדים לדרך גבינה לבנה עם מחית תות,שטראוס גרופ בעמ/מצונן,,,יח`,1,100 גרם,false,1,6,6,false,1,
7290112339874,false,גמדים לדרך גבינה לבנה עם מחיות תות ובננה,שטראוס גרופ בעמ/מצונן,,,יח`,1,100 גרם,false,1,6,6,false,1,
7290112340122,false,הפריכיות הטעימות 3 דגנים אנרג'י 135 גרם,"פרח תעשיות מזון בע""\מ",,,יח`,1.35,100 גרם,false,1,12.90,9.56,false,1,
7290112342102,false,סימפוניה גבינה במרקם שמנת בצל מקורמל 5%,שטראוס גרופ בעמ/מצונן,,,יח`,2,100 גרם,false,1,11.90,5.95,false,1,
7290112343420,false,"משקה חלב עם דגנים מלאים ובננה פרו יטבתה 350מ""ל",שטראוס גרופ בעמ/מצונן,,,יח`,3.50,"100 מ""ל",false,1,7.90,2.26,false,1,
7290112343499,false,חטיף צ'יטוס פאפס אפוי בטעם גבינה,"שטראוס פריטו ליי בע""\מ )",,,יח`,0.60,100 גרם,false,1,3.90,6.50,true,1,
7290112344755,false,מילקי עם 26% פחות סוכר 135 גר}שטראוס{,שטראוס גרופ בעמ/מצונן,,,יח`,1.35,100 גרם,false,1,2.80,2.07,false,1,
7290112344786,false,קפה פלטינום קלאסיק עלית 200 גרם,הנסיך- מפעל לייצור ט,,,יח`,2,100 גרם,false,1,26.90,13.45,false,1,
7290112348142,false,שעועית לבנה 380 גר' בקופסה טעם הטבע,שטראוס גרופ בע`מ,,,יח`,3.80,100 גרם,false,1,7.90,2.08,false,1,
7290112348999,false,הפריכיות הטעימות תירס דקות אנרג'י 135 גרם,שטראוס גרופ בע`מ,,,יח`,1.35,100 גרם,false,1,12.90,9.56,false,1,
7290112349545,false,קפה טורקי בצלופן עלית 200 גרם+ 20% תוספת,שטראוס גרופ בע`מ,,,יח`,2.40,100 גרם,false,1,16.30,6.79,false,1,
7290112349705,false,פומודורו רוטב עגבניות קלאסי לפסטה יד מרדכי 350 גרם,אמיליאנה קונסרב סוסייטה,,,יח`,3.50,100 גרם,false,1,11.90,3.40,false,1,
7290112349736,false,בזיליקום רוטב עגבניות לפסטה יד מרדכי 350 גרם,אמיליאנה קונסרב סוסייטה,,,יח`,3.50,100 גרם,false,1,11.90,3.40,false,1,
7290112349750,false,פיצה רוטב עגבניות לפיצה יד מרדכי 350 גרם,אמיליאנה קונסרב סוסייטה,,,יח`,3.50,100 גרם,false,1,11.90,3.40,false,1,
7290112350312,false,קפסולות 15 קפה יותר למכונות נספרסו עלית 10יח',הנסיך- מפעל לייצור ט,,,יח`,0.50,100 גרם,false,1,18.50,37,true,1,
7290112351067,false,סילאן טבעי 100% תמר מג'הול ללא תוספת סוכר,שטראוס גרופ בע`מ,,,יח`,6.30,100 גרם,false,1,24.90,3.95,false,1,
7290112351258,false,עוגיית קקאו פינוקיות שחור לבן 200 גר,"הגביע מוצרי ופלים בע""\מ",,,יח`,2,100 גרם,false,1,11.90,5.95,false,1,
7290112351524,false,עלי סלנובה 200 גר' שטראוס טעם הטבע,שטראוס בריאות ירקות טריי,,,יח`,2,100 גרם,false,1,12.90,6.45,false,1,
7290112354174,false,"פסטה רוזה 280 ג""ר ""דלישס"" שטראוס",קפוא-זן תעשיות מזון בעמ - תפוג,,,יח`,2.80,100 גרם,false,1,23.90,8.54,false,1,
7290112354945,false,תפוצ'יפס WAVY בטעם טבעי 50 גרם,שטראוס פריטו ליי בע”,,,יח`,0.50,100 גרם,false,1,4.40,8.80,false,1,
7290112354952,false,תפוצ`יפס פפריקה (50 גרם)היתר מכירה,שטראוס פריטו ליי בע”,,,יח`,0.50,100 גרם,false,1,4.40,8.80,false,1,
7290112354969,false,תפוצ'יפס בטעם טבעי 200 גרם היתר מכירה,שטראוס פריטו ליי בע”,,,יח`,2,100 גרם,false,1,10.90,5.45,false,1,
7290112355027,false,דנונה פרו 20 גרם חלבון בטעם קרמל מלוח 200 גרם,שטראוס גרופ בעמ/מצונן,,,יח`,2,"100 מ""ל",false,1,5.90,2.95,false,1,
7290112355102,false,גמדים סקוויז 100 גרם פאוץ סלט פירות 100 גרם,שטראוס גרופ בעמ/מצונן,,,יח`,1,100 גרם,false,1,6,6,false,1,
7290112357069,false,מחית עגבניות איטלקיות בקופסה 500 גר' טעם הטבע,שטראוס גרופ בע`מ,,,יח`,5,100 גרם,false,1,7.90,1.58,false,1,
7290112358004,false,פסק זמן חטיף קראנץ עלית( 32 גר`),שולן צ'\יקולטה גידה סאן.,,,יח`,0.32,100 גרם,false,1,5,15.63,false,1,
7290112358127,false,דנונה פרו חלבון+מגנזיום- וניל ועוגיות 200 גרם,שטראוס גרופ בעמ/מצונן,,,יח`,2,100 גרם,false,1,6.50,3.25,false,1,
7290112358431,false,עד חצות דאבל ביסקוויט עם שוקולד חלב -8 אריזות אישיות,ביסקוויטס טור ד'\אלבון,,,יח`,2,100 גרם,false,1,14.50,7.25,false,1,
7290112483454,false,מזלגות שקופות לפיד 50 יח,פאלאס תעשיות נטו (2014) בעמ,,,יח`,1,,false,1,7.90,7.90,true,1,
7290112483461,false,סכינים שקופות לפיד 50 יח,פאלאס תעשיות נטו (2014) בעמ,,,יח`,1,,false,1,7.90,7.90,true,1,
7290112485793,false,צלחת גדולה עגול 10 יח` מקאו לפיד,פאלאס תעשיות נטו (2014) בעמ,,,יח`,1,,false,1,19.90,19.90,false,1,
7290112490032,false,"נמס בכוס טעם תירס קנור 31 גרם מארז זוגי בד""צ",יוניליוור ישראל שיווק בע`מ,,,יח`,0.45,100 גרם,false,1,7.60,16.89,false,1,
7290112490209,false,נמס בכוס מרק עגבניות עם קרוטונים רכיבים טבעיים,יוניליוור ישראל שיווק בע`מ,,,יח`,0.56,100 גרם,false,1,7.60,13.57,false,1,
7290112490216,false,מרק נמס בכוס בטעם עוף קנור 100% רכיבים טבעיים,יוניליוור ישראל שיווק בע`מ,,,יח`,0.48,100 גרם,false,1,7.60,15.83,false,1,
7290112490230,false,מרק נמס בכוס אפונה קנור 100% רכיבים טבעיים,יוניליוור ישראל שיווק בע`מ,,,יח`,0.50,100 גרם,false,1,7.60,15.20,false,1,
7290112490698,false,קונפיטורה תות שדה לייט 300 גרם-צנצנת,יוניליוור ישראל שיווק בע`מ,,,יח`,2.60,100 גרם,false,1,14.50,5.58,false,1,
7290112490735,false,מרק עשיר עגבניות עם פסטה ר.טבעיים 105 גרם קנור,יוניליוור ישראל שיווק בע`מ,,,יח`,1.05,100 גרם,false,1,13.90,13.24,false,1,
7290112490742,false,מרק עשיר פטריות עם גריסים רכיבים טבעיים 104 ג' קנור,יוניליוור ישראל שיווק בע`מ,,,יח`,1.04,100 גרם,false,1,13.90,13.37,false,1,
7290112490803,false,קליק שקית עוגיות קרמל,יוניליוור ישראל שיווק בעמ,,,יח`,0.70,100 גרם,false,1,6.90,9.86,false,1,
7290112490810,false,קליק שקית עוגיות טעם חמאה,יוניליוור ישראל שיווק בעמ,,,יח`,0.70,100 גרם,false,1,6.90,9.86,false,1,
7290112491268,false,קליק כדורים פרווה 75 גר,יוניליוור ישראל שיווק בעמ,,,יח`,0.75,100 גרם,false,1,6.90,9.20,false,1,
7290112491701,false,ברנפלקס בטעם וניל מעודן 20% חלבון Extra Protein,יוניליוור ישראל שיווק בע`מ,,,יח`,3.75,100 גרם,false,1,23.40,6.24,false,1,
7290112491770,false,בייגלה דקים דקים מלח ים בייגל בייגל 300 גרם.,יוניליוור ישראל שיווק בע`מ,,,יח`,3,100 גרם,false,1,11.50,3.83,false,1,
7290112492449,false,פינוק שמפו שיער רגיל 700 מל-חדש,"יוניליוור ישראל שיווק בע""מ",,,יח`,7,100 גרם,false,1,12.90,1.84,false,1,
7290112492463,false,"שמפו ומרכך 2 ב-1 לשיער רגיל פינוק 700 מ""ל.",יוניליוור ישראל שיווק בע`מ,,,יח`,7,"100 מ""ל",false,1,12.90,1.84,false,1,
7290112492500,false,פינוק שמפו לשיער עם שמן קוקוס 700 מל,יוניליוור ישראל שיווק בע`מ,,,יח`,7,"100 מ""ל",false,1,13.50,1.93,false,1,
7290112492593,false,תחליב רחצה פינוק בניחוח פינוק קלאסי 700,יוניליוור ישראל שיווק בע`מ,,,יח`,7,"100 מ""ל",false,1,12.90,1.84,false,1,
7290112492609,false,"תחליב רחצה פינוק 700 מ""ל לבנדר ווניל",יוניליוור ישראל שיווק בע`מ,,,יח`,7,"100 מ""ל",false,1,12.90,1.84,false,1,
7290112492630,false,"שמפו ג'ל רחצה וסבון פנים 3 ב-1 לגבר פינוק 700 מ""ל",יוניליוור ישראל שיווק בע`מ,,,יח`,7,"100 מ""ל",false,1,13.50,1.93,false,1,
7290112493163,false,חטיף קליק מיקס כריות וגלילית (65 גרם),יוניליוור ישראל שיווק בעמ,,,יח`,0.65,100 גרם,false,1,6.90,10.62,false,1,
7290112493170,false,חטיף כריות נוגט לבן (75 גרם),יוניליוור ישראל שיווק בעמ,,,יח`,0.75,100 גרם,false,1,6.90,9.20,false,1,
7290112493293,false,קנור - נמס ירקות וקרוטונים ר.טבעי 44 גרם,יוניליוור ישראל שיווק בע`מ,,,יח`,0.44,100 גרם,false,1,7.90,17.95,false,1,
7290112493927,false,גלידה בטעם ריבת חלב 1.33ל' קרמיסימו,"גלידת שטראוס בע""\מ, רחוב",,,יח`,1.33,1 ליטר,false,1,20.90,15.71,false,1,
7290112493934,false,קרמיסימו מעדן קפוא טעם וניל צרפתי,"גלידת שטראוס בע""\מ, רחוב",,,יח`,1.33,1 ליטר,false,1,20.90,15.71,false,1,
7290112493965,false,קרמיסימו חלבית בטעם מסטיק וניל 665 גר,"גלידת שטראוס בע""\מ, רחוב",,,יח`,1.33,1 ליטר,false,1,20.90,15.71,false,1,
7290112494153,false,תיבוליות ניחוח צלי קנור( 72 גרם),יוניליוור ישראל שיווק בע`מ,,,יח`,0.72,100 גרם,false,1,10.90,15.14,false,1,
7290112494214,false,חטיף קליק ביסקוויט לבן 65 גר`,יוניליוור ישראל שיווק בעמ,,,יח`,0.65,100 גרם,false,1,6.90,10.62,false,1,
7290112494221,false,חטיף ביסקויט שוקולד חלב קליק (65 גרם),יוניליוור ישראל שיווק בע`מ,,,יח`,0.65,100 גרם,false,1,6.90,10.62,false,1,
7290112494238,false,חטיף כדורים שוקולד חלב קליק (65 גרם),יוניליוור ישראל שיווק בע`מ,,,יח`,0.65,100 גרם,false,1,6.90,10.62,false,1,
7290112494269,false,חטיף קליק כריות צוקולטה 65 גר`,יוניליוור ישראל שיווק בעמ,,,יח`,0.65,100 גרם,false,1,6.90,10.62,false,1,
7290112494276,false,קליק כריות בתפזורת כשר לפסח,יוניליוור ישראל שיווק בע`מ,,,יח`,0.65,100 גרם,false,1,6.90,10.62,false,1,
7290112494283,false,חטיף כדורים מעורב חום לבו 65 גר`קליק,יוניליוור ישראל שיווק בע`מ,,,יח`,0.65,100 גרם,false,1,6.90,10.62,false,1,
7290112494290,false,קליק שקיות עוגי 65 גר`,יוניליוור ישראל שיווק בעמ,,,יח`,0.75,100 גרם,false,1,6.90,9.20,false,1,
7290112494313,false,קליק - קורנפלקס תפזורת 65 גרם,יוניליוור ישראל שיווק בע`מ,,,יח`,0.65,100 גרם,false,1,6.90,10.62,false,1,
7290112494344,false,קורנפלקס של אלופים תלמה (850 גרם)רבנות,יוניליוור ישראל שיווק בע`מ,,,יח`,8.50,100 גרם,false,1,19.90,2.34,false,1,
7290112494351,false,קורנפלקס של אלופים תלמה (850 גרם).בדצ,יוניליוור ישראל שיווק בע`מ,,,יח`,8.50,100 גרם,false,1,19.90,2.34,false,1,
7290112495006,false,כריות דגנים במילוי נוגט בדצ 686 גרם,יוניליוור ישראל שיווק בע`מ,,,יח`,6.86,100 גרם,false,1,28.90,4.21,false,1,
7290112495037,false,דגני בוקר בטעם שוקולד כדורים 375 ג' קוקומן,יוניליוור ישראל שיווק בע`מ,,,יח`,3.75,100 גרם,false,1,22.40,5.97,false,1,
7290112495105,false,נשנושים טעם שמנת בצל בייגל בייגל 260 גרם,יוניליוור ישראל שיווק בע`מ,,,יח`,2.60,100 גרם,false,1,14.50,5.58,false,1,
7290112495112,false,נשנושים טעם זעתר בייגל בייגל 260 גרם,יוניליוור ישראל שיווק בע`מ,,,יח`,2.60,100 גרם,false,1,14.50,5.58,false,1,
7290112495143,false,נשנושי קרקר קוקטייל מלוח בייגל בייגל 300 גרם,יוניליוור ישראל שיווק בע`מ,,,יח`,3,100 גרם,false,1,14.50,4.83,false,1,
7290112495150,false,נשנושי קרקר עיגולים מלח בייגל בייגל 300 גרם,יוניליוור ישראל שיווק בע`מ,,,יח`,3,100 גרם,false,1,14.50,4.83,false,1,
7290112495266,false,קליק דאבל קרם עוגיות 65 גר`,יוניליוור ישראל שיווק בעמ,,,יח`,0.65,100 גרם,false,1,6.90,10.62,false,1,
7290112495273,false,קליק דאבל קרם חלב 65 גר`,יוניליוור ישראל שיווק בעמ,,,יח`,0.65,100 גרם,false,1,6.90,10.62,false,1,
7290112495433,false,דגני דליפקאן תוספת אגוזי פקאן ושקדים 400 גר,יוניליוור ישראל שיווק בע`מ,,,יח`,4,100 גרם,false,1,23.90,5.98,false,1,
7290112495754,false,רוטב לסלט אלף האיים הלמנס (305 מל),יוניליוור ישראל שיווק בע`מ,,,יח`,3.05,"100 מ""ל",false,1,13.90,4.56,false,1,
7290112495808,false,רוטב לסלט חרדל ודבש הלמנס (305 מל),יוניליוור ישראל שיווק בע`מ,,,יח`,3.05,"100 מ""ל",false,1,13.90,4.56,false,1,
7290112495983,false,פרכיות פתיתבציפוי שוקולד חלב ושבבי קרמל מלוח 39 גר',יוניליוור ישראל שיווק בע`מ,,,יח`,0.39,100 גרם,false,1,5.90,15.13,false,1,
7290112496430,false,קנור נמס בכוס אקסטרה עגבניות+איטריות 37 גרם - רבנות,יוניליוור ישראל שיווק בע`מ,,,יח`,0.37,100 גרם,false,1,5.90,15.95,false,1,
7290112496461,false,נמס בכוס אקסטרה מרק ירקות עם המון אטריות,יוניליוור ישראל שיווק בע`מ,,,יח`,0.32,100 גרם,false,1,5.90,18.44,false,1,
7290112496584,false,קליק כריות Black מצופה שוקולד לבן ועוגיות,יוניליוור ישראל שיווק בע`מ,,,יח`,0.65,100 גרם,false,1,6.90,10.62,false,1,
7290112496591,false,חטיף קליק כריות בלאק חלב 65 גר,יוניליוור ישראל שיווק בעמ,,,יח`,0.65,100 גרם,false,1,6.90,10.62,false,1,
7290112498069,false,#קוקומן ללא גלוטן כשלפ 375ג - חדש,יוניליוור ישראל שיווק בע`מ,,,יח`,3.75,100 גרם,false,1,23.50,6.27,false,1,
7290112498847,false,שטראוס קרמיסימו בטעמי נוגט וניל שוקולד,גלידות שטראוס בעמ,,,יח`,1.33,1 ליטר,false,1,20.90,15.71,false,1,
7290112498915,false,מאגדת מיני מגנום שקדים מובחר שטראוס 250 גרם,"מיוצר ע""\י גלידת שטראוס",,,יח`,2.50,100 גרם,false,1,30.50,12.20,false,1,
7290112498939,false,שלגון בומבה בטעם וניל 80 גרם,"מיוצר ע""\י גלידת שטראוס",,,יח`,1,,false,1,7.90,7.90,false,1,
7290112499059,false,"קרמיסימו שוקולד לבן עם תות ""שטראוס""","גלידת שטראוס בע""מ, ר",,,יח`,1.33,1 ליטר,false,1,20.90,15.71,false,1,
7290112499066,false,שטראוס קרמיסימו שוקולד לבן ופיסטוק,"גלידת שטראוס בע""מ, ר",,,יח`,1.33,1 ליטר,false,1,20.90,15.71,false,1,
7290112499189,false,"גלידת קרמיסימו חד קרן וניל תות, 1.33 ליטר","גלידת שטראוס בע""\מ, רחוב",,,יח`,1.33,1 ליטר,false,1,20.90,15.71,false,1,
7290112499196,false,גלידה בטעם החלב של הקורנפלקס 1.33 ל' קרמיסימו,"גלידת שטראוס בע""\מ, רחוב",,,יח`,1.33,1 ליטר,false,1,20.90,15.71,false,1,
7290112499448,false,"מרכך פינוק בתוספת שמן מרוקאי 700 מ""ל",יוניליוור ישראל שיווק בע`מ,,,יח`,7,"100 מ""ל",false,1,13.50,1.93,false,1,
7290112499455,false,פינוק תחליב רחצה 700 בתוספת שמן מרוקאי,יוניליוור ישראל שיווק בע`מ,,,יח`,7,"100 מ""ל",false,1,12.90,1.84,false,1,
7290112499462,false,פינוק תחליב רחצה 700 בתוספת שמן קוקוס,יוניליוור ישראל שיווק בע`מ,,,יח`,7,"100 מ""ל",false,1,12.90,1.84,false,1,
7290112499479,false,"פינוק - שמפו בתוספת קרטין 700 מ""ל",יוניליוור ישראל שיווק בע`מ,,,יח`,7,"100 מ""ל",false,1,13.50,1.93,false,1,
7290112499639,false,טילון סופר מגנום וניל צ'יפ שוקולד 110 גרם,"מיוצר ע""\י גלידת שטראוס",,,יח`,1,,false,1,9.90,9.90,true,1,
7290112499837,false,מגנום דואט שוקו לד עם נוגט שטראוס,"מיוצר ע""\י גלידת שטראוס",,,יח`,0.90,100 גרם,false,1,9.90,11,true,1,
7290112499929,false,מגנום שוקולד אימפלס פסח 120מל,"מיוצר ע""\י גלידת שטראוס",,,יח`,1,,false,1,9.90,9.90,true,1,
7290112499936,false,מגנום שקדים אימפלס פסח 125מל,"מיוצר ע""\י גלידת שטראוס",,,יח`,1,,false,1,9.90,9.90,true,1,
7290112499943,false,מיני מאגדת מיני מגנום טעמים שונים וניל+שוקו,"מיוצר ע""\י גלידת שטראוס",,,יח`,1,,false,1,35.60,35.60,false,1,
7290112961266,false,בייגלה כפיות פיזור איטלקי אסם 300 גרם,קבוצת אוסם סחר שותפות מוגבלת,,,יח`,3,100 גרם,false,1,10.10,3.37,false,1,
7290112961372,false,פיטנס חטיפי פריכיות דקות קינמון 60 גרם,קבוצת אוסם סחר שותפות מוגבלת,,,יח`,0.60,100 גרם,false,1,8.90,14.83,false,1,
7290112963918,false,פיטנס חטיפי קרקר דק רוזמרין 140 גרם,קבוצת אוסם סחר שותפות מוגבלת,,,יח`,1.40,100 גרם,false,1,12.90,9.21,true,1,
7290112964410,false,אסם רוטב אלף האיים חדש לסלט 290 גרם,קבוצת אוסם סחר שותפות מוגבלת,,,יח`,2.90,"100 מ""ל",false,1,13.20,4.55,true,1,
7290112964724,false,המבורגר צמחוני עם המון חלבון 580 גר,קבוצת אוסם סחר שותפות מוגבלת,,,יח`,5.04,100 גרם,false,1,33.90,6.73,true,1,
7290112965585,false,פרפקטו פסטה קסרצה אסם 500 גרם,קבוצת אוסם סחר שותפות מוגבלת,,,יח`,5,100 גרם,false,1,8.90,1.78,false,1,
7290112965660,false,פיטנס - חטיף מולטיגריין מלח פלפל 25 גרם,קבוצת אוסם סחר שותפות מוגבלת,,,יח`,1,,false,1,5,5,false,1,
7290112965745,false,אוסם - ביסלי פריסטייל בצל מעושן 60 גרם,קבוצת אוסם סחר שותפות מוגבלת,,,יח`,0.60,100 גרם,false,1,4.40,7.33,true,1,
7290112966803,false,אינסטנט פודינג בטעם שוקולד אסם (88 גרם),קבוצת אוסם סחר שותפות מוגבלת,,,יח`,0.88,100 גרם,false,1,6.50,7.39,false,1,
7290112967381,false,פיטנס חטיפי פריכיות קטניות ומלח ים 60 גרם,קבוצת אוסם סחר שותפות מוגבלת,,,יח`,0.60,100 גרם,false,1,8.90,14.83,false,1,
7290112967572,false,"אסם רוטב ברביקיו 290 מ""ל אסם",קבוצת אוסם סחר שותפות מוגבלת,,,יח`,2.50,100 גרם,false,1,13.20,5.28,true,1,
7290112968807,false,80018416694פיטנס חטיפי קרקר דק סלק 150גר,קבוצת אוסם סחר שותפות מוגבלת,,,יח`,1.40,100 גרם,false,1,12.90,9.21,true,1,
7290112968821,false,חטיפי קרקר דק בטטה 140 גר` פיטנס,קבוצת אוסם סחר שותפות מוגבלת,,,יח`,1.40,100 גרם,false,1,12.90,9.21,true,1,
7290113191747,false,"דפי אורז מרובעים 22 ס""מ שקדיה 250 גרם",דין שיווק וקליה 2021 בעמ,,,יח`,2.50,100 גרם,false,1,9.90,3.96,true,1,
7290113192317,false,זיתים מושחרים טבעות בית השיטה (280 גרם),קבוצת אוסם סחר שותפות מוגבלת,,,יח`,2.80,100 גרם,false,1,12,4.29,false,1,
7290113192355,false,חרוזית זיתים ירוקים ללא גלעין 275 ג' בית השיטה,קבוצת אוסם סחר שותפות מוגבלת,,,יח`,5.60,100 גרם,false,1,11.50,2.05,false,1,
7290113192393,false,בית השיטה קוקטייל זיתים א2 336 גרם,קבוצת אוסם סחר שותפות מוגבלת,,,יח`,3.36,100 גרם,false,1,12.40,3.69,false,1,
7290113192478,false,בית השיטה מלפפונים במלח בינוני 10-12 320 גרם,קבוצת אוסם סחר שותפות מוגבלת,,,יח`,3.20,100 גרם,false,1,8.50,2.66,false,1,
7290113192485,false,בית השיטה מלפפונים בחומץ בינוני 10-12 290 גרם,קבוצת אוסם סחר שותפות מוגבלת,,,יח`,2.90,100 גרם,false,1,8.50,2.93,false,1,
7290113192492,false,בית השיטה מלפפונים בחומץ קטנים 1317 290 גרם,קבוצת אוסם סחר שותפות מוגבלת,,,יח`,3.20,100 גרם,false,1,11.50,3.59,false,1,
7290113192508,false,בית השיטה מלפפונים במלח קטן 1317 320 גרם,קבוצת אוסם סחר שותפות מוגבלת,,,יח`,3.20,100 גרם,false,1,11.50,3.59,false,1,
7290113192515,false,בית השיטה מלפפונים במלח קטן מאוד 1825 320 גרם,קבוצת אוסם סחר שותפות מוגבלת,,,יח`,3.20,100 גרם,false,1,13.50,4.22,false,1,
7290113192522,false,בית השיטה מלפפונים בחומץ קטן מאוד 1825 290 גרם,קבוצת אוסם סחר שותפות מוגבלת,,,יח`,3.20,100 גרם,false,1,13.50,4.22,false,1,
7290113192560,false,פלפל חריף כבוש שיפקה בית השיטה (430 גר`),קבוצת אוסם סחר שותפות מוגבלת,,,יח`,4.30,100 גרם,false,1,7.90,1.84,false,1,
7290113192577,false,בית השיטה כרוב כבוש א2 12*430גרם חדש,קבוצת אוסם סחר שותפות מוגבלת,,,יח`,4.30,100 גרם,false,1,8.50,1.98,false,1,
7290113193017,false,בית השיטה חרוזית קוקטייל זיתים 275 גרם,קבוצת אוסם סחר שותפות מוגבלת,,,יח`,2.75,100 גרם,false,1,13.50,4.91,false,1,
7290113193321,false,שמן זית כתית מעולה בית השיטה 750 מייל,קבוצת אוסם סחר שותפות מוגבלת,,,יח`,7.50,"100 מ""ל",false,1,30.90,4.12,false,1,
7290113194090,false,בית השיטה טבעות זיתים קלמטה 280 גרם,קבוצת אוסם סחר שותפות מוגבלת,,,יח`,2.80,100 גרם,false,1,11.90,4.25,false,1,
7290113195066,false,חלבה טורקית בטעם וניל שקדיה 400 גרם,דין שיווק וקליה 2021 בעמ,,,יח`,4,100 גרם,false,1,15.90,3.98,false,1,
7290113196001,false,פסטה ספגטי שקדיה 500 גר` .,דין שיווק וקליה 2021 בעמ,,,יח`,5,100 גרם,false,1,4.90,0.98,true,1,
7290113196018,false,פסטה ביסלי שקדיה 500 גרם,דין שיווק וקליה 2021 בעמ,,,יח`,5,100 גרם,false,1,4.90,0.98,true,1,
7290113196414,false,"אורז בסמטי 1 ק""ג - שקדיה כחול מטאלי",דין שיווק וקליה 2021 בעמ,,,יח`,1,"ק""ג",false,1,10.90,10.90,false,1,
7290113198579,false,סוכריות גומי דובונים בטעמי פירות 200 ג' שקדיה,דין שיווק וקליה 2021 בעמ,,,יח`,2,100 גרם,false,1,10.90,5.45,true,1,
7290113199606,false,חטיף בוטנים עם דלעת חמוציות ושומשום ללא סוכר,דין שיווק וקליה 2021 בעמ,,,יח`,1,,false,1,15.90,15.90,false,1,
7290113199897,false,סוכריות חמצוצים בטעם תות שדה 180 ג' שקדיה,דין שיווק וקליה 2021 בעמ,,,יח`,1.80,100 גרם,false,1,10.90,6.06,true,1,
7290113199903,false,סוכריות חמצוצים בטעם תות בננה 180 ג' שקדיה,דין שיווק וקליה 2021 בעמ,,,יח`,1.80,100 גרם,false,1,10.90,6.06,true,1,
7290113199910,false,סוכריות חמצוצים בטעם קולה 180 ג' שקדיה,דין שיווק וקליה 2021 בעמ,,,יח`,1.80,100 גרם,false,1,10.90,6.06,true,1,
7290114310215,false,"שמנת מתוקה 38% רמת הגולן 250 מ""ל ווסטהיים - מוצר בפיקוח",החברה המרכזית טלהפצת משקאות בע,,,יח`,2.50,"100 מ""ל",false,1,6.47,2.59,false,1,
7290114310239,false,חלב נטול לקטוז מועשר בוויטמין D י 2% 1.5 ל' טרה,החברה המרכזית טלהפצת משקאות בע,,,יח`,0.0150,"100 מ""ל",false,1,13.20,880,false,1,
7290114310338,false,צפתית מעודנת 5% בגביע 225 גרם משק צוריאל,החברה המרכזית טלהפצת משקאות בע,,,יח`,2.55,100 גרם,false,1,20.20,7.92,false,1,
7290114310536,false,יוגורט לייט מעושר חלבון 25 גרם חלבון וניל MULLER ACTIVE,החברה המרכזית טלהפצת משקאות בע,,,יח`,2,100 גרם,false,1,6.60,3.30,true,1,
7290114311069,false,יוגורט לבן מועשר בחלבון 0% שומן 200 גרם muller active,החברה המרכזית טלהפצת משקאות בע,,,יח`,2,100 גרם,false,1,6.60,3.30,true,1,
7290114311298,false,יוגורט מולר פרופ בטעם תות בננה מלון 150,החברה המרכזית טלהפצת משקאות בע,,,יח`,1.50,"100 מ""ל",false,1,5.60,3.73,false,1,
7290114311304,false,יוגורט קציפת מנגו פסיפלורה בננה 150 ג' מולר,החברה המרכזית טלהפצת משקאות בע,,,יח`,1.50,"100 מ""ל",false,1,5.60,3.73,false,1,
7290114311328,false,חלב מועשר דל לקטוז מעושר בויטמין Dי 2% שומן טרה 1 ליטר,החברה המרכזית טלהפצת משקאות בע,,,יח`,1,1 ליטר,false,1,7.90,7.90,false,1,
7290114600927,false,עלי טורטייה חיטה מלאה מאסטר שף 320 גרם,אלקאטי קורביישיסי גי,,,יח`,3.20,100 גרם,false,1,11.20,3.50,false,1,
7290115190014,false,סיגריות מרלבורו רד קצר בוקס,פיליפ מוריס בעמ,,,יח`,1,,false,1,38.50,38.50,true,1,
7290115190076,false,סיגריות מרלבורו גולד ארוך 100 בוקס,פיליפ מוריס בעמ,,,יח`,1,,false,1,38.50,38.50,true,1,
7290115190090,false,סיגריות מרלבורו קצר בוקס בודד,פיליפ מוריס בעמ,,,יח`,1,,false,1,38.50,38.50,true,1,
7290115190137,false,סיגריות מרלבורו טאצ סילבר יחידה,פיליפ מוריס בעמ,,,יח`,1,,false,1,33.50,33.50,true,1,
7290115190151,false,סיגריות מרלבורו טאצ גולד,פיליפ מוריס בעמ,,,יח`,1,,false,1,33.50,33.50,true,1,
7290115190199,false,פרלמנט נייט ארוך חפיסה) (20,פיליפ מוריס בעמ,,,יח`,1,,false,1,43.50,43.50,true,1,
7290115190236,false,סיגריות פרלמנט קצר בלו בודד,פיליפ מוריס בעמ,,,יח`,1,,false,1,43.50,43.50,true,1,
7290115190250,false,סיגריות פרלמנט קצר בודד,פיליפ מוריס בעמ,,,יח`,1,,false,1,43.50,43.50,true,1,
7290115190359,false,אל.אמ בלו לייבל קצר חפיסה) (20,פיליפ מוריס בעמ,,,יח`,1,,false,1,33,33,true,1,
7290115190472,false,סיגריות נקסט פיין אדג',פיליפ מוריס בעמ,,,יח`,1,,false,1,29.50,29.50,true,1,
7290115190571,false,סיגריות נקסט לילך בודד,פיליפ מוריס בעמ,,,יח`,1,,false,1,32,32,true,1,
7290115190595,false,סיגריות נקסט אוריגינ,פיליפ מוריס בעמ,,,יח`,1,,false,1,32,32,true,1,
7290115191073,false,נקסט ריץ' ריסס חפיסה,פיליפ מוריס בעמ,,,יח`,1,,false,1,26.50,26.50,true,1,
7290115200027,false,אסם פתי בר פינוקים שוקו 220 גרם,קבוצת אוסם סחר שותפות מוגבלת,,,יח`,2.20,100 גרם,false,1,11.40,5.18,false,1,
7290115200676,false,עוגיות קרמוגית במילוי קרם בטעם קרמל מלוח,קבוצת אוסם סחר שותפות מוגבלת,,,יח`,2,100 גרם,false,1,13.20,6.60,false,1,
7290115201550,false,חטיף ביסלי קרנבל מיקס 150 גר אסם,קבוצת אוסם סחר שותפות מוגבלת,,,יח`,1.50,100 גרם,false,1,8.90,5.93,true,1,
7290115201680,false,ביסלי חטיף בטעם ברביקין אסם (70 גרם),קבוצת אוסם סחר שותפות מוגבלת,,,יח`,0.70,100 גרם,false,1,4,5.71,true,1,
7290115201703,false,ביסלי חטיף בטעם ברביקין אסם (200 גרם),קבוצת אוסם סחר שותפות מוגבלת,,,יח`,2,100 גרם,false,1,9.10,4.55,true,1,
7290115201741,false,ביסלי חטיף בטעם בצל אסם (70 גרם),קבוצת אוסם סחר שותפות מוגבלת,,,יח`,0.70,100 גרם,false,1,4,5.71,true,1,
7290115202786,false,מנה חמה פאוצ' נדלס.אטר.טעם בקר 70 גרם,קבוצת אוסם סחר שותפות מוגבלת,,,יח`,0.70,100 גרם,false,1,4.50,6.43,false,1,
7290115202816,false,מנה חמה פאוץ נודלס אטריות טעם עוף 70 גרם,קבוצת אוסם סחר שותפות מוגבלת,,,יח`,0.70,100 גרם,false,1,4.50,6.43,false,1,
7290115202847,false,מנה חמה פאוצ' נדלס ספייסי אסם 70 ג',קבוצת אוסם סחר שותפות מוגבלת,,,יח`,0.70,100 גרם,false,1,4.50,6.43,false,1,
7290115202939,false,מנה חמה רייס נודלס עוף פטריות אסם 50 גרם,קבוצת אוסם סחר שותפות מוגבלת,,,יח`,0.50,100 גרם,false,1,8.90,17.80,false,1,
7290115203134,false,חטיף פופקו פופקורן במבה אסם (80 גרם),קבוצת אוסם סחר שותפות מוגבלת,,,יח`,0.80,100 גרם,false,1,6.10,7.63,true,1,
7290115203172,false,במבה PRO מכיל 18 גרם חלבון בשקית,קבוצת אוסם סחר שותפות מוגבלת,,,יח`,0.80,100 גרם,false,1,4.40,5.50,true,1,
7290115204056,false,"קטשופ מופחת סוכר אסם 690 גרם כשל""פ",קבוצת אוסם סחר שותפות מוגבלת,,,יח`,6.90,100 גרם,false,1,12.20,1.77,false,1,
7290115205176,false,729001032825פיטנס חטיפי קרקר כפרי 140גר.,קבוצת אוסם סחר שותפות מוגבלת,,,יח`,1.40,100 גרם,false,1,12.90,9.21,false,1,
7290115205312,false,קרקר פיטנס דק עם זיתי קלמטה ועשבי תיבול,קבוצת אוסם סחר שותפות מוגבלת,,,יח`,1.40,100 גרם,false,1,12.90,9.21,true,1,
7290115206173,false,אסם פתי בר קרמל 500 גרם חדש,קבוצת אוסם סחר שותפות מוגבלת,,,יח`,5,100 גרם,false,1,11.90,2.38,false,1,
7290115207484,false,צבר סלט חציל על האש היתר 360 גרם,קבוצת אוסם סחר שותפות מוגבלת,,,יח`,4,100 גרם,false,1,16.90,4.23,false,1,
7290115207682,false,אסם רוטב בסגנון סויה סיני 9*290מל חדש,קבוצת אוסם סחר שותפות מוגבלת,,,יח`,2.90,"100 מ""ל",false,1,12.90,4.45,true,1,
7290115207941,false,סירופ אננס ויטמינצ'יק 1 ליטר,קבוצת אוסם סחר שותפות מוגבלת,,,יח`,10,"100 מ""ל",false,1,20.90,2.09,false,1,
7290115208009,false,סירופ ענבים ויטמינצ'יק 1 ליטר,קבוצת אוסם סחר שותפות מוגבלת,,,יח`,10,"100 מ""ל",false,1,20.90,2.09,false,1,
7290115208047,false,סירופ פטל ויטמינצ`יק (1 ליטר),קבוצת אוסם סחר שותפות מוגבלת,,,יח`,10,"100 מ""ל",false,1,20.90,2.09,false,1,
7290115208320,false,אפרופו חטיף בטעם ביסלי בצל 50 גרם,קבוצת אוסם סחר שותפות מוגבלת,,,יח`,0.50,100 גרם,false,1,5.50,11,true,1,
7290115208344,false,שטוחים בייגלה כפיות שמנת בצל 300גר,קבוצת אוסם סחר שותפות מוגבלת,,,יח`,3,100 גרם,false,1,10.90,3.63,false,1,
7290115209198,false,במבה אוורירית אסם 80 גרם,קבוצת אוסם סחר שותפות מוגבלת,,,יח`,0.80,100 גרם,false,1,4.40,5.50,true,1,
7290115209235,false,ביסקוויט פתי בר קפה אסם (500 גרם),קבוצת אוסם סחר שותפות מוגבלת,,,יח`,5,100 גרם,false,1,12.90,2.58,false,1,
7290115209358,false,במבה במילוי בראוניז אסם (60 גרם),קבוצת אוסם סחר שותפות מוגבלת,,,יח`,0.60,100 גרם,false,1,4.80,8,true,1,
7290115209372,false,במבה במילוי בראוניז 150 גרם אוסם,קבוצת אוסם סחר שותפות מוגבלת,,,יח`,1.50,100 גרם,false,1,10.90,7.27,false,1,
7290115403312,false,עוגיות מלוחות קריספי עגול 450ג דל,שיבולים יצור ושיווק מוצרי מאפה,,,יח`,4.50,100 גרם,false,1,15.90,3.53,false,1,
7290115403350,false,עוגיות רשת שוקו מסוכרות 450ג דל,שיבולים יצור ושיווק מוצרי מאפה,,,יח`,4.50,100 גרם,false,1,15.90,3.53,false,1,
7290115403404,false,עוגיות פרפריות שוקו 450ג דל,שיבולים יצור ושיווק מוצרי מאפה,,,יח`,4.50,100 גרם,false,1,15.90,3.53,false,1,
7290115403435,false,עוגיות מעמול תמר 500ג דל,שיבולים יצור ושיווק מוצרי מאפה,,,יח`,5,100 גרם,false,1,15.90,3.18,false,1,
7290115403442,false,עוגיות ממולאות טעם שוקולד 500ג דל,שיבולים יצור ושיווק מוצרי מאפה,,,יח`,5,100 גרם,false,1,15.90,3.18,false,1,
7290115403459,false,עוגיות נסיכה בטעם תות 500 גר`,שיבולים יצור ושיווק מוצרי מאפה,,,יח`,5,100 גרם,false,1,15.90,3.18,false,1,
7290115403473,false,עוגיות עינוגי שוקולד 500ג דל,שיבולים יצור ושיווק מוצרי מאפה,,,יח`,5,100 גרם,false,1,15.90,3.18,false,1,
7290115403480,false,עוגיות בסגנון מרוקאי מיני 500ג דל,שיבולים יצור ושיווק מוצרי מאפה,,,יח`,5,100 גרם,false,1,15.90,3.18,false,1,
7290115403527,false,עוגיות עינוגי תמרים 500ג דל,שיבולים יצור ושיווק מוצרי מאפה,,,יח`,5,100 גרם,false,1,15.90,3.18,false,1,
7290115403565,false,עוגיות קיפל וניל 500ג דל,שיבולים יצור ושיווק מוצרי מאפה,,,יח`,5,100 גרם,false,1,15.90,3.18,false,1,
7290115670684,false,גרנולה שיבולת שועל עם אגוזי לוז,אנרג'י Energy - שטראוס,,,יח`,4,100 גרם,false,1,13.90,3.48,false,1,
7290115671223,false,מסטיק מאסט פאן אבטיח מנגו צנצנת 58 גרם,שטראוס גרופ בע`מ,,,יח`,1,,false,1,11.50,11.50,false,1,
7290115675696,false,דגני בוקר קראנצ'ים שיבולת שועל עם אגוזים ושקדים,שטראוס פריטו ליי בע`מ,,,יח`,3.75,100 גרם,false,1,20.90,5.57,true,1,
7290115676099,false,משקה דנונה פרו 20 יוגורט וניל 255 ג' רבנות,שטראוס גרופ בעמ/מצונן,,,יח`,2.25,100 גרם,false,1,6.90,3.07,false,1,
7290115677140,false,תפוצ'יפס בטעם פפריקה 200 גרם היתר מכירה,שטראוס פריטו ליי בע”,,,יח`,2,100 גרם,false,1,10.90,5.45,false,1,
7290115677362,false,"נודלס טריאקי ""דלישס"" שטראוס",קפוא-זן תעשיות מזון בעמ - תפוג,,,יח`,3.50,100 גרם,false,1,28.90,8.26,false,1,
7290115677966,false,ממרח אבוקדו טעם הטבע 200 גרם,שטראוס גרופ בעמ/מצונן,,,יח`,2,100 גרם,false,1,14.90,7.45,false,1,
7290115678376,false,מעדן הגולן שוקולד 125 גרם,שטראוס גרופ בעמ/מצונן,,,יח`,1,,false,1,2.90,2.90,true,1,
7290115678383,false,מעדן הגולן שוקולד מריר בודד 125גר,שטראוס גרופ בעמ/מצונן,,,יח`,1,,false,1,2.90,2.90,true,1,
7290115678598,false,חסה אייסברג חיתוך גס 300 שטראוס טעם הטבע,שטראוס בריאות ירקות טריי,,,יח`,3,100 גרם,false,1,9.30,3.10,false,1,
7290116530185,false,"קורנפלקס דלישקד קרמל מלוח 400 גרם בד""ץ",יוניליוור ישראל שיווק בע`מ,,,יח`,4,100 גרם,false,1,24.40,6.10,false,1,
7290116530314,false,קליק כריות דאבל בלק שוקולד לבן 65גר,יוניליוור ישראל שיווק בעמ,,,יח`,0.65,100 גרם,false,1,6.90,10.62,false,1,
7290116530321,false,קליק כריות דאבל בלק שוקולד חלב 65גר,יוניליוור ישראל שיווק בעמ,,,יח`,0.65,100 גרם,false,1,6.90,10.62,false,1,
7290116530482,false,תלמה מארז קורנפלקס אלופים 30 גרם*5 יחידו,יוניליוור ישראל שיווק בע`מ,,,יח`,1.50,100 גרם,false,1,10.90,7.27,false,1,
7290116531045,false,קורנפלקס דליפקאן 350ג ללא גלוטן,יוניליוור ישראל שיווק בע`מ,,,יח`,3.50,100 גרם,false,1,20.90,5.97,false,1,
7290116531083,false,"ברנפלקס ללא ת.סוכר בטעם דבש בתוספת שקדים, 400 גרם",יוניליוור ישראל שיווק בע`מ,,,יח`,4,100 גרם,false,1,23.40,5.85,false,1,
7290116531748,false,קליק שוקו מיקס חום לבן כשר לפסח 65 גרם,יוניליוור ישראל שיווק בעמ,,,יח`,0.65,100 גרם,false,1,6.90,10.62,false,1,
7290116532035,false,קליק קורנפלקס חום לבן כשר לפסח 65 גרם,יוניליוור ישראל שיווק בעמ,,,יח`,0.65,100 גרם,false,1,6.90,10.62,false,1,
7290116532042,false,קליק כריות נוגט כשר לפסח 65 גרם,יוניליוור ישראל שיווק בעמ,,,יח`,0.65,100 גרם,false,1,6.90,10.62,false,1,
7290116532585,false,דגני בוקר ברנפלקס קרנצ'ים בטעם דבש וקינמון,יוניליוור ישראל שיווק בע`מ,,,יח`,3.75,100 גרם,false,1,23.90,6.37,false,1,
7290116532721,false,רוטב הלמנס ישראלי לסלט לימון וזעתר 305 ג,יוניליוור ישראל שיווק בע`מ,,,יח`,2.95,"100 מ""ל",false,1,13.90,4.71,false,1,
7290116532738,false,רוטב איטלקי לסלט בזיליקום ואורגנו 305 גרם,יוניליוור ישראל שיווק בע`מ,,,יח`,2.95,"100 מ""ל",false,1,13.90,4.71,false,1,
7290116930435,false,יופלה גו במרקם סמיך עם דובדבן 0% 200מל,תנובה מרכז שיתופי לש,,,יח`,2,100 גרם,false,1,5.90,2.95,false,1,
7290116930459,false,"יופלה שייק מנגו בננה אננס וקוקוס 230 מ""ל",קבוצת המזון אקטשלאר,,,יח`,2.30,"100 מ""ל",false,1,7.90,3.43,false,1,
7290116930480,false,"משקה SHAKE בננה קיווי תפוח 230 מ""ל יופלה",קבוצת המזון אקטשלאר,,,יח`,2.30,"100 מ""ל",false,1,7.90,3.43,false,1,
7290116930657,false,"משקה חלב גו בטעם בננה תמר בתוספת שיבולת שועל במרקם חלק 340 מ""ל",תנובה מרכז שיתופי לש,,,יח`,3.40,100 גרם,false,1,8.90,2.62,false,1,
7290116930725,false,סויה BIO קוקוס גביע 150 גרם אלטרנטיב,תנובה בעמ ***,,,יח`,1.50,100 גרם,false,1,4.50,3,false,1,
7290116931081,false,מעדן סויה - טופי קרמל 125 גרם אלטרנטיב,תנובה מרכז שיתופי לש,,,יח`,1.25,100 גרם,false,1,4.40,3.52,false,1,
7290116931104,false,יופלה GO במרקם סמיך עם אננס 0% תנובה 200 גרם,"תנובה בע""מ ***",,,יח`,2,100 גרם,false,1,5.90,2.95,false,1,
7290117260937,false,קרקרים עם עגבניות ואורגנו ללא גלוטן 125 ג' ויליפוד,ג.וילי-פוד אינטרנשיונל בעמ,,,יח`,1.25,100 גרם,false,1,10.90,8.72,false,1,
7290117260944,false,מיני גריסיני עם שמן זית ללא גלוטן ויליפוד 125 גרם,ג. וילי-פוד אינטרנשיונל בע`מ,,,יח`,1.25,100 גרם,false,1,10.90,8.72,false,1,
7290117261705,false,חמאת עיזים 200 גרם ויליפוד,ג.וילי-פוד אינטרנשיונל **גבינו,,,יח`,2,100 גרם,false,1,13.90,6.95,false,1,
7290117900932,false,גרעיני אבטיח קלויים 130 גרם,דין שיווק וקליה 2021 בעמ,,,יח`,1.30,100 גרם,false,1,10,7.69,false,1,
7290117900949,false,בוטנים מצופים אמריקאים 250 גרם,דין שיווק וקליה 2021 בעמ,,,יח`,2.50,100 גרם,false,1,10,4,false,1,
7290117900970,false,שקדים קלויים ששון הקולה 180 גם,דין שיווק וקליה 2021 בעמ,,,יח`,1.80,100 גרם,false,1,15,8.33,false,1,
7290117900987,false,אגוז פקאן קלוף ששון הקולה 140 גרם,דין שיווק וקליה 2021 בעמ,,,יח`,1.40,100 גרם,false,1,15,10.71,false,1,
7290117900994,false,פקאן סיני מסוכר ששון הקולה 140 גרם,דין שיווק וקליה 2021 בעמ,,,יח`,1.40,100 גרם,false,1,15,10.71,false,1,
7290117901007,false,פיסטוקים קלויים ששון הקולה 130 גרם,דין שיווק וקליה 2021 בעמ,,,יח`,1.30,100 גרם,false,1,15,11.54,false,1,
7290117901014,false,אגוזי קשיו קלויים 160 גר ששון הקולה,דין שיווק וקליה 2021 בעמ,,,יח`,1.60,100 גרם,false,1,15,9.38,false,1,
7290117901038,false,אגוזי מלך קלופים ששון הקולה 190 גרם,דין שיווק וקליה 2021 בעמ,,,יח`,1.90,100 גרם,false,1,15,7.89,false,1,
7290117901045,false,בוטן רביולי ששון הקולה 200 גרם,דין שיווק וקליה 2021 בעמ,,,יח`,2,100 גרם,false,1,15,7.50,false,1,
7290118420415,false,קטשופ אסם קלאסי (750 גרם)היתר מכירה,קבוצת אסם סחר שות. מוגבלת,,,יח`,7.50,100 גרם,false,1,11.90,1.59,false,1,
7290118420477,false,אסם בייגלה שטוחים בטעם ביסלי בצל 300 גרם,קבוצת אוסם סחר שותפות מוגבלת,,,יח`,3,100 גרם,false,1,10.90,3.63,false,1,
7290900010367,false,טורטייה שמינייה משקל נקי 360 ג' Avel,אבאל יזמות בעמ,,,יח`,3.60,100 גרם,false,1,9.90,2.75,false,1,
7297488098183,false,קמח אורז ללא גלוטן דוכן גן שמואל 500 גרם,"תבליני העליון בע""מ",,,יח`,5,100 גרם,false,1,10.90,2.18,false,1,
7394376123337,false,"משקה שיבולת שועל אורגני מפוקח ע""י סקאל",טרנסומס פוד איי.בי,,,יח`,1,1 ליטר,false,1,13.90,13.90,true,1,
7394376615825,false,אוטלי משקה שיבולת שועל מועשר בסידן וויטמינים 1 ליטר,ש. שסטוביץ בע`מ,,,יח`,1,1 ליטר,false,1,13.90,13.90,true,1,
7394376615832,false,אוטלי משקה שיבולת שועל בטעם שוקולד 1 ליטר,ש. שסטוביץ בע`מ,,,יח`,1,1 ליטר,false,1,16.90,16.90,true,1,
7394376616778,false,אוטלי משקה שיבולת שועל להקצפה בריסטה 1 ליטר,ש. שסטוביץ בע`מ,,,יח`,1,1 ליטר,false,1,16.90,16.90,true,1,
7501013122039,false,ג'ומקס מיץ מנגו קרטונית ליטר תריסר,חומקס קומר קומרסאליזדורה,,,יח`,1000,1 ליטר,false,1,10.60,0.01,true,1,
7501013122992,false,ג'ומקס מיץ קוקוס אננס קרטונית ליטר תריסר,חומקס קומר קומרסאליזדורה,,,יח`,1,1 ליטר,false,1,10.60,10.60,true,1,
7501064191398,false,שישיית בירה קורונה אקסטרא *355 מל,קריניציה ויטמינה אס,,,יח`,2.13,1 ליטר,false,1,38.70,17.32,false,1,
7610113011652,false,בריזר - משקה כוהלי מוגז בטעם תפוח,בקרדי בריזר Bacardi Breezer,,,יח`,2.75,"100 מ""ל",false,1,15.30,5.45,true,1,
7610400014649,false,לינדור קוביות במילוי קרם שוקולד חלב 100 גרם,לינדט ושפרונגלי קילשברג,,,יח`,1,100 גרם,false,1,16.60,16.60,false,1,
7610400074155,false,לינדט לינדור קוביות במילוי קרם שוקולד 60% מוצקי קקאו 100 גרם,לינדט ושפרונגלי קילשברג,,,יח`,1,100 גרם,false,1,16.60,16.60,false,1,
7610400075770,false,לינדט לה גרנד שוקולד מריר אגוז 150 גרם,לינדט ושפרונגלי קילשברג,,,יח`,1.50,100 גרם,false,1,26.50,17.67,false,1,
7610400091060,false,שוקולד מריר לינדט אקסלנס בתוספת תפוז ושקדים,לינדט ושפרונגלי קילש,,,יח`,1,100 גרם,false,1,16.60,16.60,true,1,
7613032045753,false,פיטנס דגנים מחיטה מלאה שוקולד 375גרם,קבוצת אוסם סחר שותפות מוגבלת,,,יח`,3.75,100 גרם,false,1,21.90,5.84,true,1,
7613033548192,false,פיטנס - דגני בוקר שוקולד מריר 375 גרם,קבוצת אוסם סחר שותפות מוגבלת,,,יח`,3.75,100 גרם,false,1,21.90,5.84,true,1,
7613035622623,false,פיטנס גרנולה שקדים ודבש נסטלה (300 גרם),קבוצת אוסם סחר-שות.מוגבלת,,,יח`,3,100 גרם,false,1,15.90,5.30,false,1,
7613035635845,false,פיטנס גרנולה שוקולד 300 גר`אסם,קבוצת אוסם סחר-שות.מוגבלת,,,יח`,3,100 גרם,false,1,15.90,5.30,false,1,
7613035807778,false,פרפקטו רוטב עגבניות לבולונז אסם 400 גרם,קבוצת אוסם סחר שותפות מוגבלת,,,יח`,4,100 גרם,false,1,11.20,2.80,false,1,
7613035809109,false,פרפקטו רוטב עגבניות ובזיליקום אסם 400 גרם,קבוצת אוסם סחר שותפות מוגבלת,,,יח`,4,100 גרם,false,1,11.20,2.80,false,1,
7613035809857,false,פרפקטו רוטב עגבניות לפסטה ולבישול אסם 400 גרם,קבוצת אוסם סחר שותפות מוגבלת,,,יח`,4,100 גרם,false,1,11.20,2.80,false,1,
7613036314114,false,נסקפה גולד Gold קפה נמס מיובש בתוספת קפה קלוי,קבוצת אוסם סחר-שות.מוגבלת,,,יח`,2,100 גרם,false,1,46.90,23.45,false,1,
7613036880534,false,גרבר מחית ירקות מעורבים מטרנה 190 גר',קבוצת אוסם סחר שותפות מוגבלת,,,יח`,1.90,100 גרם,false,1,8.10,4.26,false,1,
7613287186928,false,קפסולות קפה סומטרה (10 יח) סטארבקס (56 ג,קבוצת אוסם סחר שותפות מוגבלת,,,יח`,0.56,100 גרם,false,1,21.90,39.11,true,1,
7613287325808,false,אוסם - דיפ אנד ספרד מטבל איולי שום 295 גרם,קבוצת אוסם סחר שותפות מוגבלת,,,יח`,2.95,100 גרם,false,1,15.90,5.39,true,1,
7613287325822,false,אוסם - דיפ אנד ספרד מטבל מיקס 295 גרם,קבוצת אוסם סחר שותפות מוגבלת,,,יח`,2.95,100 גרם,false,1,15.90,5.39,true,1,
7613287325853,false,אוסם - דיפ אנד ספרד מטבל איולי ספייסי 295 גרם,קבוצת אוסם סחר שותפות מוגבלת,,,יח`,2.95,100 גרם,false,1,15.90,5.39,true,1,
7613287476494,false,אוסם - דיפ אנד ספרד מיונז בסגנון צרפתי 280 גרם,קבוצת אוסם סחר שותפות מוגבלת,,,יח`,2.80,100 גרם,false,1,15.90,5.68,true,1,
7613287821348,false,נתחוני עוף טבעוני סנסשיונל טבעול 350 גרם,קבוצת אוסם סחר-שות.מוגבלת,,,יח`,3.50,100 גרם,false,1,34.60,9.89,true,1,
7613287855640,false,סטארבקס קפסולות קפה גוואטמלה 10 יחידות,קבוצת אוסם סחר שותפות מוגבלת,,,יח`,0.52,100 גרם,false,1,21.90,42.12,false,1,
7622010001858,false,עוגיות אוראו ממולאות קרם וניל 176 גרם.,דיפלומט מפיצים (1968) בעמ**,,,יח`,1.76,100 גרם,false,1,9.90,5.63,true,1,
7622201050757,false,מילקה שוקולד חלב במילוי קרם קרמל 100 ג,דיפלומט מפיצים (1968) בעמ**,,,יח`,1,100 גרם,false,1,7.90,7.90,false,1,
7622201802363,false,מילקה טבלת שוקולד חלב וצימוקים ואגוזים 100ג',מנדלז דויצ'\לנד סנקס פרו,,,יח`,1,100 גרם,false,1,7.90,7.90,false,1,
7622201802394,false,שוקולד מילקה חלב מסרונים 100 גרם,מנדלז דויצ'\לנד סנקס פרו,,,יח`,1,100 גרם,false,1,7.90,7.90,false,1,
7622201813390,false,עוגיות מילקה וואפל במילוי קרם קקאו 150 ג,דיפלומט מפיצים (1968) בעמ**,,,יח`,1.50,100 גרם,false,1,12.90,8.60,true,1,
7622210078131,false,שוקולד חלב עם שבבי קרמל מילקה דיים 100 גרם,מנדלז דויצ'\לנד סנקס פרו,,,יח`,1,100 גרם,false,1,7.90,7.90,false,1,
7622210137234,false,אוראו עוגיות עם דאבל קרם בטעם וניל 170ג,דיפלומט מפיצים (1968) בעמ**,,,יח`,1.70,100 גרם,false,1,11.20,6.59,true,1,
7622210826053,false,מילקה שוקולד אוראו סנדוויץ 100 גרם,דיפלומט מפיצים (1968) בעמ**,,,יח`,0.92,100 גרם,false,1,7.90,8.59,false,1,
7622210835338,false,אוראו עוגיות ממולאות טעם בראוניז 176 גרם,דיפלומט מפיצים (1968) בעמ**,,,יח`,1.76,100 גרם,false,1,10.10,5.74,true,1,
7622300315283,false,אוראו עוגיות ממולאות קרם וניל 154 גרם,דיפלומט מפיצים (1968) בעמ**,,,יח`,1.54,100 גרם,false,1,8.90,5.78,false,1,
7622300441715,false,עוגיות מילקה ביסקוויט ממולא קרם חלב מצופה למחצה בשוקולד חלב 150 גר',דיפלומט מפיצים (1968) בעמ**,,,יח`,1.50,100 גרם,false,1,13.50,9,true,1,
7622300495046,false,מילקה שוקולד חלב עם אקסטרה קקאו 100 גרם,מנדלז דויצ'\לנד סנקס פרו,,,יח`,1,100 גרם,false,1,7.90,7.90,false,1,
7622300503079,false,עוגיות ביסקוויט מצופה שוקולד חלב מילקה 200 גרם,דיפלומט מפיצים (1968) בעמ**,,,יח`,2,100 גרם,false,1,13.50,6.75,true,1,
7622300617820,false,מילקה שוקולד חלב במילוי קרם חלב ווניל ושבבי עוגיות אוראו 100 גרם,מנדלז דויצ'\לנד סנקס פרו,,,יח`,1,100 גרם,false,1,7.90,7.90,false,1,
7622400005190,false,שוקולד חלב נגיעות שוקולד לבן מילקה 100 ג,מנדלז דויצ'\לנד סנקס פרו,,,יח`,1,100 גרם,false,1,7.90,7.90,false,1,
7630477891653,false,סטארבקס קפסולות קפה אספרסו נטול 10 יחידו,קבוצת אוסם סחר שותפות מוגבלת,,,יח`,0.57,100 גרם,false,1,21.90,38.42,true,1,
7630477891714,false,סטארבקס קפסולות קפה אספרסו 10 יחידות,קבוצת אוסם סחר שותפות מוגבלת,,,יח`,0.57,100 גרם,false,1,21.90,38.42,true,1,
7702018404476,false,קצף גילוח סירייס הגנה גילט 250 מל,דיפלומט מפיצים (1968) בעמ,,,יח`,2.50,100 גרם,false,1,15.90,6.36,false,1,
7702018482740,false,וונוס סכיני גילוח חדפ חמישייה יבוא מקבי,פארמה דיל (פ.א.ב.) שיווק והפצה,,,יח`,1,,false,1,9.90,9.90,false,1,
7702018978106,false,"ג'ילט - דאודורנט ג'ל לגבר ארטיק אייס 70 מ""ל",פארמה דיל (פ.א.ב.) שיווק והפצה,,,יח`,0.70,"100 מ""ל",false,1,18.90,27,false,1,
7702018978120,false,"ג'ילט - דאודורנט ג'ל לגבר קול וייב 70 מ""ל",פארמה דיל (פ.א.ב.) שיווק והפצה,,,יח`,0.70,"100 מ""ל",false,1,18.90,27,false,1,
7702024074625,false,פיטנס - חטיפי קרקר חיטה מלאה 234 גרם,קבוצת אוסם סחר שותפות מוגבלת,,,יח`,2.34,100 גרם,false,1,12.90,5.51,false,1,
7702024258322,false,"חטיפי קרקר עם חיטה מלאה, צ'יה וזרעי פשתן פיטנס",קבוצת אוסם סחר שותפות מוגבלת,,,יח`,2.34,100 גרם,false,1,12.90,5.51,false,1,
7702174068826,false,יוגטה מבחר סוכריות לקקן קשות ממולאות טופי בטעמי יוגורט ופירות 204 גרם,הדקלאים אגודת שיתופי,,,יח`,2.16,100 גרם,false,1,11.90,5.51,false,1,
7702174070201,false,יוגטה לקקן בטעם מסטיק ממולא טופי בטעם תות 12 יח' 204 גרם,הדקלאים אגודת שיתופי,,,יח`,1,,false,1,11.90,11.90,false,1,
7798304600011,false,אוכמניות- טרי 125 גר,בראשית - אגודה שיתופית*שיק 45,,,יח`,1.25,100 גרם,false,1,10,8,false,1,
7804414000860,false,קברנה סוביניון דון חוליו (750 מל),צ'ילה לואיס פיליפה אדוארדס,,,יח`,7.50,"100 מ""ל",false,1,31.50,4.16,true,1,
7804414000884,false,שרדונה BIN דון חוליו (750 מל),צ'ילה לואיס פיליפה אדוארדס,,,יח`,7.50,"100 מ""ל",false,1,31.50,4.16,true,1,
7804414001614,false,שיראז חצי יבש דון חוליו (750 מל),צ'ילה לואיס פיליפה אדוארדס,,,יח`,7.50,"100 מ""ל",false,1,31.50,4.16,true,1,
7804414012351,false,יין מלבק 750 מל דון חוליו,הכרם - משקאות חריפים בעמ,,,יח`,7.50,"100 מ""ל",false,1,31.50,4.16,true,1,
7804414012368,false,יין רוזה 750 מל דון חוליו,הכרם - משקאות חריפים בעמ,,,יח`,7.50,"100 מ""ל",false,1,31.50,4.16,true,1,
7804632390255,false,אוכמניות טרי 125 גר,בראשית - אגודה שיתופית*שיק 45,,,יח`,1.25,100 גרם,false,1,10,8,false,1,
7804651030026,false,אוכמניות טריות יחידה,איגל טרייטדינג שיווק חקלאי בעמ,,,יח`,1.25,100 גרם,false,1,10,8,false,1,
8000215204219,false,משקה אורז ביו אורגני ויטאריז 1 ליטר,בטר אנד דיפרנט,,,יח`,1,1 ליטר,false,1,13.90,13.90,true,1,
8000215204240,false,משקה אורז ושקדים ביו אורגני ויטאריז 1 לי,בטר אנד דיפרנט,,,יח`,1,1 ליטר,false,1,13.90,13.90,true,1,
8000215204394,false,משקה אורז ואגוזי לוז ביו אורגני ויטאריז,בטר אנד דיפרנט,,,יח`,1,1 ליטר,false,1,16.90,16.90,false,1,
8000215204561,false,משקה שקדים אורגני וללא גלוטן ויטאסי 1 לי,בטר אנד דיפרנט,,,יח`,1,,false,1,15.90,15.90,false,1,
8000215204714,false,משקה שיבולת שועל אורגני פרימונה 1 ליטר,בטר אנד דיפרנט,,,יח`,1,1 ליטר,false,1,13.90,13.90,false,1,
8000380003761,false,וופל גרנד פטיסרי שוקולד וקוקוס לואקר 100 גרם,קריניציה ויטמינה אס,,,יח`,1,100 גרם,false,1,13.90,13.90,false,1,
8000380004669,false,וופל לואקר סנדוויץ קוביות ושוקולד 200ג',"א. לואקר, קונפקט ג'י",,,יח`,2,100 גרם,false,1,15.20,7.60,false,1,
8000380004911,false,קוביות וופל קואדרטיני Quadratini קרם אגוזים,קריניציה ויטמינה אס,,,יח`,2.50,100 גרם,false,1,14.90,5.96,true,1,
8000380004966,false,וופל קוארדטיני לואקר קוביות שוקולד 250ג',קריניציה ויטמינה אס,,,יח`,2.50,100 גרם,false,1,14.90,5.96,true,1,
8000380007257,false,וופל גרדנה במילוי קרם אגוזים מצופה,קריניציה ויטמינה אס,,,יח`,2,100 גרם,false,1,14.70,7.35,false,1,
8000380007264,false,וופל לואקר ממולא קרם קקאו 175 גרם,קריניציה ויטמינה אס,,,יח`,1.75,100 גרם,false,1,11.90,6.80,true,1,
8000380007271,false,וופל במילוי קרם חלב לואקר (175 גרם),ליימן שליסל בע`מ,,,יח`,1.75,100 גרם,false,1,11.90,6.80,true,1,
8000380106028,false,טורטינה לואקר וופל שוקולד ואגוזים שישיה 125ג',קריניציה ויטמינה אס,,,יח`,1.25,100 גרם,false,1,18.90,15.12,true,1,
8000380153534,false,מארז וופל שוקולד טורטינה Tortina שוקולד לבן,א. לואקר אס. פי. אי-אי.,,,יח`,1.25,100 גרם,false,1,18.90,15.12,false,1,
8000380180721,false,לואקר וופל קקאו במילוי קרם חלבי 175 גר,קריניציה ויטמינה אס,,,יח`,1.75,100 גרם,false,1,11.90,6.80,true,1,
8000500023624,false,חטיפי הפי היפו Happy Hippo במילוי קרם חלב וקקאו,פרימיום-חברה לדברי מתיקה ולמסח,,,יח`,0.90,100 גרם,false,1,12.50,13.89,false,1,
8000500029350,false,מארז וופל מצופה 3יח' *43 גרם קינדר בואנו,פרימיום-חברה לדברי מתיקה ולמסח,,,יח`,1.29,100 גרם,false,1,10.90,8.45,false,1,
8000500037874,false,בונבונרייה פררו רושר 200 גרם,פרימיום-חברה לדברי מתיקה ולמסח,,,יח`,2,100 גרם,false,1,25.90,12.95,false,1,
8000500071083,false,אצבעות שוקולד קינדר Kinder שש עשרה יחידות,פרימיום-חברה לדברי מתיקה ולמסח,,,יח`,2,100 גרם,false,1,12.90,6.45,false,1,
8000500094976,false,"בונבוניירה פררו רושר רושה קונוס, 212 גרם T17X4",פרימיום-חברה לדברי מתיקה ולמסח,,,יח`,2.12,100 גרם,false,1,40.90,19.29,false,1,
8000500121436,false,מארז קינדר בואנו Kinder Bueno לבן שלוש יחידות,פרימיום-חברה לדברי מתיקה ולמסח,,,יח`,1.17,100 גרם,false,1,10.90,9.32,false,1,
8000500227848,false,נוטלה - בי רדי אצבעות ביסקוויט במילוי שוקולד 6 יח' * 22 גרם,פרימיום-חברה לדברי מתיקה ולמסח,,,יח`,1.32,100 גרם,false,1,12.50,9.47,false,1,
8000500249352,false,קינדר בואנו מיני מיקס שקית 205 ג',פרימיום-חברה לדברי מתיקה ולמסח,,,יח`,0,100 גרם,false,1,19.90,19.90,false,1,
8000500256213,false,קינדר שוקולד חלב במילוי קרם חלבי,פרימיום-חברה לדברי מתיקה ולמסח,,,יח`,1.20,100 גרם,false,1,9.90,8.25,false,1,
8000500267103,false,קינדר דליס עוגת ספוג קקאו במילוי חלבי*10,פרימיום-חברה לדברי מתיקה ולמסח,,,יח`,3.90,100 גרם,false,1,20.90,5.36,false,1,
8000500269169,false,קינדר קארדס Kinder Cards - חמישייה,פרימיום-חברה לדברי מתיקה ולמסח,,,יח`,1.28,100 גרם,false,1,14.90,11.64,false,1,
8001090379399,false,פמפרס פרימיום קר חיתולים שלב 5 30 יח VP,דיפלומט מפיצים (1986) בע`מ,,,יח`,1,,false,1,33.90,33.90,false,1,
8001090458353,false,סבון כלים פעולה אנטי-בקטריאלית אקליפטוס,דיפלומט מפיצים (1986) בע`מ,,,יח`,5.15,"100 מ""ל",false,1,11.90,2.31,false,1,
8001090678614,false,"שמפו סופרים לחות הד אנד שולדרס 400 מ""ל",דיפלומט מפיצים (1986) בע`מ,,,יח`,4,"100 מ""ל",false,1,21.90,5.48,false,1,
8001090832450,false,"שמפו פנטן הנוסחה הקלאסית 660 מ""ל",דיפלומט מפיצים (1986) בע`מ,,,יח`,6.60,"100 מ""ל",false,1,20.90,3.17,true,1,
8001090832573,false,שמפו שמן לחות מוגברת 660 מל פנטן,דיפלומט מפיצים (1986) בע`מ,,,יח`,6.60,"100 מ""ל",false,1,20.90,3.17,true,1,
8001090832894,false,מרכך לשיער חלש ופגום לחות מוגברת,דיפלומט מפיצים (1986) בע`מ,,,יח`,6.60,"100 מ""ל",false,1,20.90,3.17,true,1,
8001090833136,false,אריאל ג`ל כביסה 2.255 ליטר בייבי,דיפלומט מפיצים (1986) בע`מ,,,יח`,2.2550,1 ליטר,false,1,34.60,15.34,false,1,
8001090886385,false,לנור כדוריות הבושם בניחוח רענן 140 גרם,דיפלומט מפיצים (1968) בעמ,,,יח`,1.40,100 גרם,false,1,20.90,14.93,false,1,
8001090992338,false,פיירי טבליות למדיח פלטינום פלוס 50 יחידו,דיפלומט מפיצים (1968) בעמ,,,יח`,1,,false,1,44.90,44.90,false,1,
8001100011752,false,וופלים בלוקו במילוי שוקולד 175 גר,אבאל יזמות בעמ,,,יח`,1.75,100 גרם,false,1,10.90,6.23,false,1,
8001100011769,false,וופלים במילוי קרם אגוזים 175 ג בלוקו,אבאל יזמות בעמ,,,יח`,1.75,100 גרם,false,1,10.90,6.23,false,1,
8001100059259,false,קוביות וואפל בטעם אגוזי לוז באלוקו 250 ג',אבאל יזמות בעמ,,,יח`,2.50,100 גרם,false,1,13.90,5.56,false,1,
8001160001786,false,"משקה אנרגיה גטורייד ספורט כחול 500מ""ל",אקווה מינרלה סאן בנדטו,,,יח`,5,"100 מ""ל",false,1,10.90,2.12,true,1,
8001160001892,false,"משקה אנרגיה גטורייד ספורט תפוז אדום 500מ""ל",אקווה מינרלה סאן בנדטו,,,יח`,5,"100 מ""ל",false,1,10.90,2.12,true,1,
8001620011935,false,"סן בנדטו- מים מינרלים מוגז - מארז שישיית 500 מ""ל",אקווה מינרלה סאן בנד,,,יח`,3,1 ליטר,false,1,15,4.40,false,1,
8001841625188,false,סבון כלים פלטינום לימון X3 פעולות להסרת שומנים,דיפלומט מפיצים (1986) בע`מ,,,יח`,5.15,"100 מ""ל",false,1,11.90,2.31,true,1,
8001841941929,false,אולוויז וליו פק לילה בטוח אקסטרא 16 יחידות,דיפלומט מפיצים (1986) בע`מ,,,יח`,1,,false,1,21.40,21.40,true,1,
8002270846472,false,סן פלגרינו מים מינרליים טבעיים מוגזים,טמפו משקאות בעמ,,,יח`,5,"100 מ""ל",false,1,6,1.14,false,1,
8004030022010,false,ירקות גינה עם טונה ריו מרה אינסלטיסימי 160 ג',"בולטון אלימנטרי בע""\מ",,,יח`,1.60,100 גרם,false,1,19.50,12.19,false,1,
8004030381681,false,ריו מרה נתחי טונה בהירה בשמן זית זוג 160 גר,ש. שסטוביץ בע`מ,,,יח`,3.20,100 גרם,false,1,34.90,10.91,false,1,
8005110002243,false,רכז עגבניות Doppio Concentr בשפופרת 185 ג' MUTTI,רסטרטו יבוא ושיווק בעמ*אין החז,,,יח`,1.85,100 גרם,false,1,7.90,4.27,false,1,
8005110170300,false,עגבניות מרוסקות חתוכות מוטי MUTTI שלישיה *400,רסטרטו יבוא ושיווק בעמ*אין החז,,,יח`,12,100 גרם,false,1,18.90,1.58,false,1,
8006540112823,false,"לנור מרכך כביסה מרוכז בניחוח האוקיינוס 900 מ""ל",דיפלומט מפיצים (1968) בעמ,,,יח`,9,"100 מ""ל",false,1,15.90,1.77,true,1,
8006540425930,false,אריאל קפסולות לכביסה ג'ל 24 יח' לכתמים קשים,דיפלומט מפיצים (1986) בע`מ,,,יח`,1,,false,1,35.90,35.90,true,1,
8007178120310,false,"חומץ בלסמי 500 מ""ל (דיפלומט)",דיפלומט מפיצים (1968) בעמ**,,,יח`,5,"100 מ""ל",false,1,24.90,4.98,false,1,
8008698003503,false,עוגיות שיבולת שועל עם צימוקים 250 גר,ל.י.ב. (לחיות יותר בטבע) בעמ,,,יח`,2.10,100 גרם,false,1,23.40,11.14,false,1,
8008698008157,false,שר עוגיות שוקולד במילוי קרם שמנת ללא גלוטן 100 גר',ל.י.ב. (לחיות יותר בטבע) בעמ,,,יח`,1,100 גרם,false,1,12.20,12.20,false,1,
8008698012857,false,ביסקויט פתי בר בטעם חמאה 165 גרם ללא גלוטן petit,ל.י.ב. (לחיות יותר בטבע) בעמ,,,יח`,1.65,100 גרם,false,1,14.20,8.61,false,1,
8024985003988,false,מחית פירות סמוצ`י תפוחים ובננה אורגנית ל,נטורפוד בעמ,,,יח`,1,100 גרם,false,1,5.90,5.90,true,1,
8024985008037,false,מחית פירות סמוצ`י תפוח אורגנית ללא תוספת,"נטורפוד בע""מ",,,יח`,1,100 גרם,false,1,5.90,5.90,true,1,
8024985008051,false,מחית פירות סמוצ`י פירות אדומים אורגנית ל,"נטורפוד בע""מ",,,יח`,1,100 גרם,false,1,5.90,5.90,true,1,
8076800195057,false,ברילה - צ.א ספגטי מס5 חדש 500 גרם,ברילה גי.אי.אר פרטלי ס.פ,,,יח`,5,100 גרם,false,1,7.50,1.50,false,1,
8076802085738,false,ברילה צ.ק פנה רגטה מס' 73 500 גרם,ברילה גי.אי.אר פרטלי ס.פ,,,יח`,5,100 גרם,false,1,7.50,1.50,false,1,
8076802085837,false,ברילה - צ.ק טורטליוני מס83 500 גרם,הנסיך- מפעל לייצור ט,,,יח`,5,100 גרם,false,1,7.50,1.50,false,1,
8076802085981,false,ברילה - צ.ק פוזילי חדש 500 גרם,ברילה גי.אי.אר פרטלי ס.פ,,,יח`,5,100 גרם,false,1,7.50,1.50,false,1,
8076808070882,false,קנלוני מספר 88 ברילה (250 גרם),פאסטיפיקו ריגו אס.אר,,,יח`,2.50,100 גרם,false,1,15.90,6.36,false,1,
8076808150072,false,ברילה - צ.א ספגטוני מס7 חדש 500 גרם,ברילה גי.אי.אר פרטלי ס.פ,,,יח`,5,100 גרם,false,1,7.50,1.50,false,1,
8076809513388,false,ברילה רוטב אראביאטה צילי לפסטה 400 ג,ברילה גי.אי.אר פרטלי ס.פ,,,יח`,4,100 גרם,false,1,15.90,3.98,false,1,
8076809513395,false,ברילה פומודורו רוטב עגבניות קלאסי 400 גר,ברילה גי.אי.אר פרטלי ס.פ,,,יח`,4,100 גרם,false,1,14.90,3.73,false,1,
8076809513654,false,בסיס רוטב עגבניות לבולונז ברילה 400 גרם,ברילה גי.אי.אר פרטלי ס.פ,,,יח`,4,100 גרם,false,1,15.90,3.98,false,1,
8076809513739,false,ברילה רוטב עגבניות עם בזיליקום 400 גרם,ברילה גי.אי.אר פרטלי ס.פ,,,יח`,4,100 גרם,false,1,15.90,3.98,false,1,
8076809523714,false,איטריות טליאטלה ברילה 500 גרם,"ש. שסטוביץ בע""\מ",,,יח`,5,100 גרם,false,1,26.90,5.38,false,1,
8076809529419,false,ספגטי מחיטה מלאה מס' 5 500 ג' ברילה,ברילה גי. אי. אר פרט,,,יח`,5,100 גרם,false,1,14.90,2.98,false,1,
8076809529433,false,פסטה פנה ריגטה חיטה מלאה ברילה (500 גרם),"ש. שסטוביץ בע""\מ",,,יח`,5,100 גרם,false,1,15.90,3.18,false,1,
8410076600622,false,חטיפי גרנולה קראנצ'י עם שוקולד מריר נייצ'ר ואלי 210 גרם,ג'נרל מילס סאן אדריאן,,,יח`,2.10,100 גרם,false,1,14.90,7.10,false,1,
8410655000409,false,מארז בירה סאן מיגל- שישייה 250 מל,אבאל יזמות בעמ,,,יח`,15,"100 מ""ל",false,1,30.90,1.94,false,1,
8410655000423,false,בירה רביעייה 5.4% אלכוהול 330 מל סאן מי,סרבסס סאן מיגל אס.אל.יו,,,יח`,1.32,1 ליטר,false,1,25.90,18.71,false,1,
8410655002458,false,"בירה סאן מיגל ללא גלוטן 330 מ""ל",אבאל יזמות בעמ,,,יח`,3.30,"100 מ""ל",false,1,10.90,3.21,false,1,
8423207206488,false,סלים דליס חטיף דגנים מצופה שוקולד חלב מרבה 6*20 גרם,אף.סי תבליני בגליל ב,,,יח`,1.20,100 גרם,false,1,14.90,12.42,true,1,
8423207206495,false,סלים דליס חטיף דגנים מצופה שוקולד מריר מרבה 6*20 גרם,אף.סי תבליני בגליל ב,,,יח`,1.20,100 גרם,false,1,14.90,12.42,true,1,
8423207208680,false,חטיף דגנים שוקולד סלים דליס לילדים מרבה 6 יחידות,ביסנצ'ורי אס.אל.יו,,,יח`,0.78,100 גרם,false,1,14.90,19.10,true,1,
8423207208697,false,חטיפי סלים דליס לילדים שוקולד לבן מרבה 6 יחידות,ביסנצ'ורי אס.אל.יו,,,יח`,0.78,100 גרם,false,1,14.90,19.10,true,1,
8423207208703,false,חטיפי סלים דליס שוקולד מריר מרבה 6 יחידות,ביסנצ'ורי אס.אל.יו,,,יח`,0.78,100 גרם,false,1,14.90,19.10,true,1,
8423207210928,false,חטיף דגנים מצופה שוקולד חלב ואגוזי לוז - 5 במארז,נוטרישן אנד סנטה קוב,,,יח`,0.90,100 גרם,false,1,14.90,16.56,true,1,
8435495807636,false,תינוקלין ג`ל כביסה בייבי סנסטיב היפואל,ליימן שליסל בע`מ,,,יח`,2,1 ליטר,false,1,35.90,17.95,false,1,
8435495819363,false,תינוקלין מרכך כביסה היפואלרגני 1 ליטר,ליימן שליסל בע`מ,,,יח`,1,1 ליטר,false,1,20.90,20.90,false,1,
8593868006014,false,"בירה בלו מון 500מ""ל פחית 5.4%",הכרם - משקאות חריפים בעמ,,,יח`,5,"100 מ""ל",false,1,10.90,2.12,false,1,
8681873024519,false,כוסות חד פעמיות לשתיה קרה פאלאס) (100,פאלאס תעשיות נטו (2014) בעמ,,,יח`,1,,false,1,6.90,6.90,false,1,
8683130008935,false,"הלמנס קטשיונז 425 גר{הרב רלב""ג}",יוניליוור ישראל שיווק בע`מ,,,יח`,4.25,100 גרם,false,1,16.30,3.84,false,1,
8683130012666,false,שלגון מגנום דאבל לבן עוגיות 72 גרם,"מיוצר ע""\י יונילוור סנאי",,,יח`,0.90,100 גרם,false,1,9.90,11,true,1,
8690521016882,false,דאב תארפי שמפו לשיער 400 רגיל מל,יוניליוור ישראל שיווק בע`מ,,,יח`,4,"100 מ""ל",false,1,17.30,4.33,false,1,
8690637007705,false,מסטיגם וניל מסטיק על מקל ללא סוכר,"מיוצר ע""י יוניליוור",,,יח`,1,,false,1,4.90,4.90,true,1,
8690637073434,false,תה ארל גריי בטעם ברגמוט ללא שקית100ש,יוניליוור ישראל שיווק בע`מ,,,יח`,2,100 גרם,false,1,21.90,10.95,false,1,
8690637505607,false,מרכך כביסה מרוכז בדין אקסטרה בניחוח פינוק כחול,יוניליוור ישראל שיווק בע`מ,,,יח`,9.60,"100 מ""ל",false,1,17.90,1.86,false,1,
8690637842382,false,מגנום דאבל פרי יער שטראוס 82 גר,"מיוצר ע""\י יונילוור סנאי",,,יח`,0.90,100 גרם,false,1,9.90,11,true,1,
8690637871061,false,"דאב שמפו עם שמן אבוקדו ותמצית קלנדולה 600 מ""ל",יוניליוור ישראל שיווק בע`מ,,,יח`,6,"100 מ""ל",false,1,15.90,2.65,false,1,
8690637946301,false,"בדין - מרכך כביסה אקסטרא בייביי כחול 960 מ""ל",יוניליוור ישראל שיווק בע`מ,,,יח`,9.60,"100 מ""ל",false,1,17.90,1.86,false,1,
8690637989612,false,שלגון שמנת בטעם וניל עם ריפל בטעם שוקולד 246 גרם,יונילוור סנאיי וי טיג'\,,,יח`,2.82,100 גרם,false,1,32.90,11.67,false,1,
8690637989629,false,מגנום דאבל דולצ'ה גולד בטעם וניל עם ריפל בטעם שוקולד 246 גרם,יונילוור סנאיי וי טיג'\,,,יח`,0.90,100 גרם,false,1,9.90,11,true,1,
8690766156374,false,גודייבה שוקולד מריר מעולה 72% מוצקי קקאו 72גרם,תה ויסוצקי (ישראל) בעמ,,,יח`,0.90,100 גרם,false,1,15.90,17.67,false,1,
8690766156381,false,גודייבה שוקולד מריר 90% מוצקי קקאו 90 גרם,תה ויסוצקי (ישראל) בעמ,,,יח`,0.90,100 גרם,false,1,15.90,17.67,false,1,
8690777204071,false,פלפלים כבושים חריפים סרה 320 גרם,ג. וילי-פוד אינטרנשיונל בע`מ,,,יח`,6.40,100 גרם,false,1,14.20,2.22,true,1,
8690777206051,false,חציל קלוי על האש סרה ויליפוד 650 גרם,ג. וילי-פוד אינטרנשיונל בע`מ,,,יח`,6.50,100 גרם,false,1,12.90,1.98,true,1,
8690777221405,false,פלפל אדום קלוי על האש 650 גר` ויליפוד,ג. וילי-פוד אינטרנשיונל בע`מ,,,יח`,6.50,100 גרם,false,1,12.90,1.98,true,1,
8691058141238,false,ערמונים שלמים קלויים וקלופים 100 גר` Ave,אבאל יזמות בעמ,,,יח`,1,100 גרם,false,1,5.50,5.50,false,1,
8693495002325,false,אג`קס נוזל ניקוי רצפות פרחים ורוד 2 ליטר,פארמה דיל (פ.א.ב.) שיווק והפצה,,,יח`,2,1 ליטר,false,1,15.90,7.95,false,1,
8693495048019,false,מברשת שיניים קולגייט 360 צ`רקואל זהב,פארמה דיל (פ.א.ב.) שיווק והפצה,,,יח`,1,,false,1,10.90,10.90,false,1,
8697480070177,false,האופה פסטה מחיטת דורום ספגטי 400 גר`,אבאל יזמות בעמ,,,יח`,4,100 גרם,false,1,5.90,1.48,false,1,
8697480070207,false,האופה פסטה מחיטת דורום מסולסלת 400 גר`,אבאל יזמות בעמ,,,יח`,4,100 גרם,false,1,5.90,1.48,false,1,
8697480070214,false,האופה פסטה מחיטת דורום פנה 400 גר`,אבאל יזמות בעמ,,,יח`,4,100 גרם,false,1,5.90,1.48,false,1,
8697530910781,false,סיגריות פאל מאל אדום מטאליק,גלוברנדס בעמ - שיווק סיגריות,,,יח`,1,,false,1,30,30,true,1,
8710502064814,false,עוגיות מרבה שוקולד ציפס במרקם רך 175 גר,בנקטבקריי מרבה בי.וי,,,יח`,1.75,100 גרם,false,1,10.90,6.23,true,1,
8710502279010,false,מרבה עוגיות שוקולד צ'יפס מצופות שוקולד 175 גרם,"י.מרבה ישראל בע""מ",,,יח`,1.75,100 גרם,false,1,10.90,6.23,true,1,
8710502470028,false,עוגיות שוקולד צ'יפס ממולאות בקרם נוגט,קריניציה ויטמינה אס,,,יח`,1.60,100 גרם,false,1,10.90,6.81,true,1,
8710732228918,false,מצת לסיגריה cricket יח,צפניה ברזילי בעמ,,,יח`,1,,false,1,5,5,false,1,
8710908882463,false,תחליב רחצה Invigorating Ritual עם שמן אבוקדו וקלנדולה,"יוניליוור ישראל שיווק בע""מ",,,יח`,5,"100 מ""ל",false,1,14.90,2.98,false,1,
8711000362570,false,קפסולות קפה תואמות נספרסו פורזה 9 ל'אור 10 יחידות,דיפלומט מפיצים (1968) בעמ**,,,יח`,0,100 גרם,false,1,20.90,20.90,false,1,
8711000371244,false,"ג'ייקובס קפסולות אספרסו (8) 10 יח', 52ג' לונגו",דיפלומט מפיצים (1968) בעמ**,,,יח`,1,,false,1,16.90,16.90,false,1,
8711327475717,false,מגנום פיינט וניל שקדים 260 גרם,"מפעל גלידות בווספרם, רחו",,,יח`,2.60,"100 מ""ל",false,1,19.90,7.65,false,1,
8712000051099,false,"שישיית בירה היינקן 0% אלכוהל בקבוק 330 מ""ל","מבשלת היינקן, ריטבלדנברג",,,יח`,1.98,1 ליטר,false,1,32.40,15.45,false,1,
8712400802499,false,תרכובת מזון המשך לפעוטות על בסיס חלב שלב 1,דיפלומט מפיצים (1968) בעמ**,,,יח`,8,100 גרם,false,1,64.90,8.11,true,1,
8712561594240,false,"דאב תחליב רחצה להזנה עמוקה500 מ""ל-מרכז",יוניליוור ישראל שיווק בע`מ,,,יח`,5,"100 מ""ל",false,1,14.90,2.98,false,1,
8712561594608,false,"דאב תחליב רחיצה להזנה עמוקה 750 מ""ל",יוניליוור ישראל שיווק בע`מ,,,יח`,7.50,"100 מ""ל",false,1,18.90,2.52,false,1,
8712561611183,false,דאב סבון נוזלי 500 תמציות מלפפונים ותה,יוניליוור ישראל שיווק בע`מ,,,יח`,5,"100 מ""ל",false,1,16.90,3.38,false,1,
8712561611411,false,"תחליב רחצה בניחוח מלפפון ותה ירוק דאב 750 מ""ל",יוניליוור ישראל שיווק בע`מ,,,יח`,7.50,"100 מ""ל",false,1,18.90,2.52,false,1,
8712561626286,false,תחליב רחצה זוהר כמשי דאב (750 מל),יוניליוור ישראל שיווק בע`מ,,,יח`,7.50,"100 מ""ל",false,1,18.90,2.52,false,1,
8714599513781,false,"קפה נמס מיובש בהקפאה זהב צנצנת ג'ייקובס 200 גרם לל""ס",דיפלומט מפיצים (1968) בעמ**,,,יח`,2,100 גרם,false,1,24.90,12.45,false,1,
8714599513866,false,"קפה נמס מיובש בהקפאה קרונג צנצנת ג'ייקובס 200 גרם לל""ס",דיפלומט מפיצים (1968) בעמ**,,,יח`,2,100 גרם,false,1,27.90,13.95,false,1,
8714789183800,false,קולגייט 360 מברשת שיניים+ מנקה לשון,פארמה דיל (פ.א.ב.) שיווק והפצה,,,יח`,1,,false,1,10.90,10.90,false,1,
8714789529561,false,"משחת שיניים סנסטיב פרו ריליף להלבנה קולגייט 75 מ""ל",קולגייט-פלמוליב,,,יח`,0.75,100 גרם,false,1,23.90,31.87,false,1,
8714789930848,false,"משחת שיניים אופטיק וייט הלבנה מיידית קולגייט 75 מ""ל",איינשטיין-צור יבוא-יצוא וסחר ב,,,יח`,0.75,100 גרם,false,1,14.90,19.87,false,1,
8715700110141,false,מיונז קרמי היינץ צנצנת 460ג',דיפלומט מפיצים (1968) בעמ**,,,יח`,4.60,100 גרם,false,1,12.90,2.80,false,1,
8715700117805,false,"קטשופ היינץ מתבל עגבניות ללא תוספת סוכר ומלח 425 מ""ל",דיפלומט מפיצים (1968) בעמ**,,,יח`,4,100 גרם,false,1,12.90,3.23,false,1,
8715700419732,false,מתבל עגבניות היינץ (700 גרם),דיפלומט מפיצים (1968) בעמ**,,,יח`,7,100 גרם,false,1,12.90,1.84,false,1,
8715700423906,false,היינץ מתבל עגבניות מופחת סוכר ומלח 50/50 550 גרם,דיפלומט מפיצים (1968) בעמ**,,,יח`,5.55,100 גרם,false,1,11.90,2.14,false,1,
8717644390566,false,דאב סבון מוצק רביעייה- מלפפונים ותה ירו,יוניליוור ישראל שיווק בע`מ,,,יח`,4,100 גרם,false,1,14.90,3.73,false,1,
8717677336593,false,טוניס שוקולד חלב 180 גרם רבנות - נוכרי,ליימן שליסל בע`מ,,,יח`,1.80,100 גרם,false,1,20.90,11.61,true,1,
8717677336616,false,שוקולד מריר עם שקדים ומלח טוניס' שוקולונלי 180 גרם,ליימן שליסל בע`מ,,,יח`,1.80,100 גרם,false,1,20.90,11.61,true,1,
8717677336630,false,שוקולד חלב עם שקדים ודבש טוניס' שוקולונלי 180 גרם,ליימן שליסל בע`מ,,,יח`,1.80,100 גרם,false,1,20.90,11.61,true,1,
8717677338436,false,שוקולד חלב עם אגוזי לוז טוניס' שוקולונלי 180 גרם,ליימן שליסל בע`מ,,,יח`,1.80,100 גרם,false,1,20.90,11.61,true,1,
8718951159402,false,"קולגייט משחת שיניים אופטיק וויט - אקסטרה פאוור 75 מ""ל",איינשטיין-צור יבוא-יצוא וסחר ב,,,יח`,0.75,"100 מ""ל",false,1,14.90,19.87,false,1,
8718951236783,false,קולגייט משחת שיניים טוטל פרש סטריפ 100 מ,איינשטיין-צור יבוא-יצוא וסחר ב,,,יח`,1,"100 מ""ל",false,1,13.90,13.90,false,1,
8718951312722,false,"קולגייט מקס פרש וויט קריסטל משחת שיניים 100 מ""ל",איינשטיין-צור יבוא-יצוא וסחר ב,,,יח`,1,"100 מ""ל",false,1,14.90,14.90,false,1,
8719200998001,false,מרגרינה לאפיה ובישול בלי מלח 200 ג' בלו בנד,יוניליוור ישראל מזון בע\,,,יח`,2,100 גרם,false,1,4.50,2.25,false,1,
8719200998018,false,מחמאה מרגרינה בטעם חמאה בלובנד 200 גרם,"מיוצר ע""\י יוניליוור ישר",,,יח`,2,100 גרם,false,1,4.90,2.45,false,1,
8719200998049,false,"מרגרינה מזולה גלורי רגיל 250גר 8 יחידות -כשל""פ","מיוצר ע""\י יוניליוור ישר",,,יח`,2.50,100 גרם,false,1,11.20,4.48,false,1,
8720181114465,false,"אקס - דאודורנט ספריי לגבר אנרכי 150 מ""ל",איינשטיין-צור יבוא-יצוא וסחר ב,,,יח`,1.50,"100 מ""ל",false,1,10.90,7.27,false,1,
8720181114489,false,"אקס - דאודורנט ספריי לגבר בלק 150 מ""ל",איינשטיין-צור יבוא-יצוא וסחר ב,,,יח`,1.50,"100 מ""ל",false,1,10.90,7.27,false,1,
8720181114496,false,"אקס - דאודורנט ספריי לגבר שוקולד 150 מ""ל",איינשטיין-צור יבוא-יצוא וסחר ב,,,יח`,1.50,"100 מ""ל",false,1,10.90,7.27,false,1,
8801055707966,false,קפה טייסטרס צ`ויס בריסטה נסקפה (180 גרם),קבוצת אוסם סחר שותפות מוגבלת,,,יח`,1.80,100 גרם,false,1,32.90,18.28,false,1,
8801055709458,false,אבקה להכנת משקה קפה בטעם קפוצ'ינו קרמל,קבוצת אוסם סחר שותפות מוגבלת,,,יח`,1.70,100 גרם,false,1,19.90,11.71,false,1,
8801055709526,false,אבקה להכנת משקה קפה בטעם קפוצ'ינו שוקולד לבן,קבוצת אוסם סחר שותפות מוגבלת,,,יח`,1.80,100 גרם,false,1,19.90,11.06,false,1,
8802241131664,false,חטיף אצות קלויות עם מלח ים Laverland Crunch,טחנת האבן קואופ בעמ,,,יח`,0.4050,100 גרם,false,1,31.90,78.77,false,1,
8850389105832,false,סאפה משקה אלוורה בטעם תפוח עם קוביות אלוורה 1 ליטר,סאפה פובליק קומפני לימיט,,,יח`,1,1 ליטר,false,1,14.90,14.90,false,1,
8901314116345,false,מברשת שיניים קולגייט סלים סופט צ`ארקואל,פארמה דיל (פ.א.ב.) שיווק והפצה,,,יח`,1,,false,1,10.90,10.90,false,1,
8901314517487,false,מברשת שיניים קולגייט 360 וויזבל וויט 4 י,פארמה דיל (פ.א.ב.) שיווק והפצה,,,יח`,1,,false,1,20.90,20.90,false,1,
8901537024014,false,"אורז בסמטי מובחר 1 ק""ג - דוואט) יורה דיעה",ג. וילי-פוד אינטרנשיונל בע`מ,,,יח`,1,"ק""ג",false,1,12.90,12.90,false,1,
9002975393836,false,סוכריות גילי הריבו האפי קולה 70 גרם,"האריבו , ג'\י.אם.בי.אייץ",,,יח`,0.70,100 גרם,false,1,7.90,11.29,true,1,
9002975393843,false,סוכריות גילי הריבו גולדברס 70 גרם,"האריבו , ג'\י.אם.בי.אייץ",,,יח`,0.70,100 גרם,false,1,7.90,11.29,true,1,
9002975393850,false,סוכריות גילי הריבו וורמס 70 גרם,"האריבו , ג'\י.אם.בי.אייץ",,,יח`,0.70,100 גרם,false,1,7.90,11.29,true,1,
9120025839896,false,חטיף מילקה מצונן 128 גרם,ג.וילי-פוד אינטרנשיונל **גבינו,,,יח`,1.28,100 גרם,false,1,15.90,12.42,false,1,
9310072028743,false,טים טם ביסקוויט במילוי שוקולד 200 גרם,"ארנוטס ביסקוויטס בע""",,,יח`,2,100 גרם,false,1,20.90,10.45,false,1,
9310072028750,false,חטיף שוקולד דאבל קרם טים טם (200 גרם),"ארנוטס ביסקוויטס בע""",,,יח`,2,100 גרם,false,1,20.90,10.45,false,1,
