code,internal_code,name,manufacturer_name,manufacture_country,manufacturer_item_description,unit_qty,quantity,unit_of_measure,weighted,qty_in_package,price,unit_of_measure_price,allow_discount,status,item_id
165455,true,סבון נוזלי פינוק ילד,,,"סבון נוזלי פינוק ילדים דבש 700 מ""ל",מיליליטרים,700.00,"100 מ""ל",false,1,12.50,1.7857,true,1,64619
3015917,true,סנו מט מגו רולאון,,,סנו מט מגו רולאון,מיליליטרים,50.00,"100 מ""ל",false,1,19.90,39.8000,true,1,48757
54051140,false,מארז מעדן סויה וניל,אלפרו,BE,מארז מעדן סויה וניל,גרמים,500.00,100 גרם,false,,15.90,3.1800,true,1,60081
54051157,false,מארז מעדן סויה שוקול,אלפרו,BE,מארז מעדן סויה שוקול,גרמים,500.00,100 גרם,false,,15.90,3.1800,true,1,74270
72940754,false,מילקי וניל 133 גרם,שטראוס,IL,מילקי וניל 133 גרם,גרמים,133.00,100 גרם,false,,2.70,2.0301,true,1,57235
72940761,false,מילקי שוקולד 133 גרם,שטראוס,IL,מילקי שוקולד 133 גרם,מיליליטרים,133.00,"100 מ""ל",false,,2.70,2.0301,true,1,47273
72940952,false,מילקי אקסטרה קצפת 17,שטראוס,IL,מילקי אקסטרה קצפת 17,מיליליטרים,170.00,"100 מ""ל",false,,3.50,2.0588,true,1,47274
72945308,false,קוביות שמרים טריים ש,פאקא תעשיות בעמ,IL,קוביות שמרים טריים ש,גרמים,50.00,100 גרם,false,,2.90,5.8000,true,1,47275
72961209,false,שמנית חמוצה 15% תנוב,תנובה מרכז שיתופי לש,IL,שמנית חמוצה 15% תנוב,מיליליטרים,200.00,"100 מ""ל",false,,2.40,1.2000,true,1,47278
72961223,false,"גיל תנובה 200 מ""ל",תנובה מרכז שיתופי לש,IL,"גיל תנובה 200 מ""ל",מיליליטרים,200.00,"100 מ""ל",false,,1.50,0.7500,true,1,47280
72961520,false,פרילי אננס 125 גרם,תנובה מרכז שיתופי לש,IL,פרילי אננס 125 גרם,מיליליטרים,125.00,"100 מ""ל",false,,2.90,2.3200,true,1,47290
72986370,false,גלידת שמנת בן אנד גר,מוצרי איכות אמריקאיי,IL,גלידת שמנת בן אנד גר,מיליליטרים,500.00,"100 מ""ל",false,,17.50,3.5000,true,1,98036
72986424,false,גלידת שמנת בן אנד גר,מוצרי איכות אמריקאיי,IL,גלידת שמנת בן אנד גר,מיליליטרים,500.00,"100 מ""ל",false,,17.50,3.5000,true,1,98038
72989425,false,גלידת שמנת בן אנד גר,מוצרי איכות אמריקאיי,IL,גלידת שמנת בן אנד גר,מיליליטרים,500.00,"100 מ""ל",false,,17.50,3.5000,true,1,100564
72991886,false,גלידת שמנת בן אנד גר,מוצרי איכות אמריקאיי,IL,גלידת שמנת בן אנד גר,מיליליטרים,500.00,"100 מ""ל",false,,17.50,3.5000,true,1,98039
72993637,false,דני שוקולד 125 גרם,שטראוס,IL,דני שוקולד 125 גרם,גרמים,125.00,100 גרם,false,,2.50,2.0000,true,1,57355
80773429,false,מסטיק מנטוס צנצנת בט,פרפטי ואן מלה ברדה,NL,מסטיק מנטוס צנצנת בט,גרמים,60.00,100 גרם,false,,8.90,14.8333,true,1,97889
80773443,false,מסטיק מנטוס ספרמנט ב,פרפטי ואן מלה ברדה,NL,מסטיק מנטוס ספרמנט ב,גרמים,60.00,100 גרם,false,,8.90,14.8333,true,1,93981
80790990,false,מסטיק מנטוס בבלפרש ב,פרפטי ואן מלה ברדה,NL,מסטיק מנטוס בבלפרש ב,גרמים,60.00,100 גרם,false,,8.90,14.8333,true,1,93980
80843184,false,מסטיק מנטוס פיור פרש,פרפטי ואן מלה ברדה,TR,מסטיק מנטוס פיור פרש,Unknown,0.00,יחידה,false,,8.90,0.0000,true,1,113449
80862260,false,מסטיק מנטוס פיור מנט,פרפטי ואן מלה ברדה,TR,מסטיק מנטוס פיור מנט,גרמים,150.00,100 גרם,false,,15.90,10.6000,true,1,116919
80864295,false,מסטיק מנטוס פיור ווי,פרפטי ואן מלה ברדה,TR,מסטיק מנטוס פיור ווי,גרמים,60.00,100 גרם,false,,8.90,14.8333,true,1,113447
80896081,false,מסטיק מנטוס צנצנת בט,פרפטי ואן מלה ברדה,TR,מסטיק מנטוס צנצנת בט,גרמים,60.00,100 גרם,false,,8.90,14.8333,true,1,98739
80913467,false,מסטיק מנטוס מנטה בבק,פרפטי ואן מלה ברדה,NL,מסטיק מנטוס מנטה בבק,גרמים,60.00,100 גרם,false,,8.90,14.8333,true,1,93982
80929277,false,מסטיק מנטוס פיור מנט,פרפטי ואן מלה ברדה,TR,מסטיק מנטוס פיור מנט,גרמים,150.00,100 גרם,false,,15.90,10.6000,true,1,116920
80945468,false,מסטיק מנטוס פיור ווי,פרפטי ואן מלה ברדה,TR,מסטיק מנטוס פיור ווי,גרמים,60.00,100 גרם,false,,8.90,14.8333,true,1,113448
80957706,false,מסטיק מנטוס פיור מנט,פרפטי ואן מלה ברדה,TR,מסטיק מנטוס פיור מנט,גרמים,150.00,100 גרם,false,,15.90,10.6000,true,1,116921
80979128,false,מסטיק מנטוס פיור פרש,פרפטי ואן מלה ברדה,TR,מסטיק מנטוס פיור פרש,Unknown,0.00,יחידה,false,,8.90,0.0000,true,1,113450
80986348,false,מסטיק מנטוס פיור ווי,פרפטי ואן מלה ברדה,TR,מסטיק מנטוס פיור ווי,גרמים,64.00,100 גרם,false,,8.90,13.9063,true,1,113451
80995128,false,מסטיק מנטוס צנצנת בט,פרפטי ואן מלה ברדה,TR,מסטיק מנטוס צנצנת בט,גרמים,60.00,100 גרם,false,,8.90,14.8333,true,1,119266
87108651,false,מנטוס מנטה 4 יח,פרפטי ואן מלה ברדה,NL,מנטוס מנטה 4 יח,גרמים,150.00,100 גרם,false,,9.90,6.6000,true,1,47642
87108712,false,מנטוס טעם פירות 4 יח,פרפטי ואן מלה ברדה,NL,מנטוס טעם פירות 4 יח,גרמים,150.00,100 גרם,false,,9.90,6.6000,true,1,47643
11210000155,false,רוטב טבסקו אדום 150,ניצן,US,רוטב טבסקו אדום 150,מיליליטרים,150.00,"100 מ""ל",false,,17.90,11.9333,true,1,97382
11210002500,false,רוטב טבסקו באפלו 150,גבינות עמיר ניצן,US,רוטב טבסקו באפלו 150,מיליליטרים,150.00,"100 מ""ל",false,,17.90,11.9333,true,1,68039
11210009219,false,רוטב טבסקו ירוק 150,ניצן,US,רוטב טבסקו ירוק 150,מיליליטרים,150.00,"100 מ""ל",false,,17.90,11.9333,true,1,105248
11210698055,false,רוטב סרירצ'ה טבסקו 5,ניצן,US,רוטב סרירצ'ה טבסקו 5,גרמים,566.00,100 גרם,false,,24.90,4.3993,true,1,97381
16000185517,false,דגני בוקר פייבר וואן,גנרל מילס,US,דגני בוקר פייבר וואן,גרמים,555.00,100 גרם,false,,19.90,3.5856,true,1,114094
16000292819,false,מארז נייטשר ואלי ש.ש,גנרל מילס,ES,מארז נייטשר ואלי ש.ש,גרמים,252.00,100 גרם,false,,11.90,4.7222,true,1,117459
18000701223,false,תערובת לעוגת שוקולד,פוליבה,IL,תערובת לעוגת שוקולד,גרמים,500.00,100 גרם,false,,14.90,2.9800,true,1,44454
18000703494,false,תערובת לעוגת וניל 50,פוליבה,IL,תערובת לעוגת וניל 50,גרמים,500.00,100 גרם,false,,14.90,2.9800,true,1,44455
18000703517,false,תערובת לעוגת שיש פרו,פוליבה,IL,תערובת לעוגת שיש פרו,גרמים,550.00,100 גרם,false,,14.90,2.7091,true,1,44456
18000766413,false,תערובת לעוגה בראוניס,פוליבה,IL,תערובת לעוגה בראוניס,גרמים,550.00,100 גרם,false,,14.90,2.7091,true,1,44457
18176785508,false,שוקולד טורינו חלב 10,שוקולה קמיל בלוך,CH,שוקולד טורינו חלב 10,גרמים,100.00,100 גרם,false,,9.90,9.9000,true,1,44475
21248165894,false,תערובת תבלינים לבייג,קוסקו הולסייל,US,תערובת תבלינים לבייג,גרמים,326.00,100 גרם,false,,34.90,10.7055,true,1,110450
21723339994,false,רוטב דגים מזרח ומערב,טאנג סאנג ראר קי,TH,רוטב דגים מזרח ומערב,מיליליטרים,300.00,"100 מ""ל",false,,9.50,3.1667,true,1,104172
21859046209,false,דגני בוקר קירספי ריי,KEMOCH FOOD,US,דגני בוקר קירספי ריי,גרמים,369.00,100 גרם,false,,24.90,6.7480,true,1,101989
22200956932,false,דאו גל ספיד סטיק כחו,קולגייט פלמוליב,BY,דאו גל ספיד סטיק כחו,גרמים,85.00,100 גרם,false,,16.90,19.8824,true,1,67594
25675094703,false,לקקן טופי דובדבן פשק,DORI ALIMENTOS LTDA,NL,לקקן טופי דובדבן פשק,גרמים,540.00,100 גרם,false,,14.90,2.7593,true,1,50783
25675094710,false,לקקן טופי יוגורט פשק,DORI ALIMENTOS LTDA,NL,לקקן טופי יוגורט פשק,גרמים,540.00,100 גרם,false,,14.90,2.7593,true,1,67246
25675094727,false,לקקן טופי תות 50 יח,DORI ALIMENTOS LTDA,NL,לקקן טופי תות 50 יח,גרמים,540.00,100 גרם,false,,14.90,2.7593,true,1,50784
25675094741,false,לקקן טופי פטל פשקס 5,DORI ALIMENTOS LTDA,NL,לקקן טופי פטל פשקס 5,גרמים,540.00,100 גרם,false,,14.90,2.7593,true,1,50782
25675125926,false,מיני סמירק חטיפי שוק,Natra Zahor,ES,מיני סמירק חטיפי שוק,גרמים,300.00,100 גרם,false,,17.90,5.9667,true,1,50873
25675300101,false,חטיף מילק מאנץ' פשקס,NATRA,ES,חטיף מילק מאנץ' פשקס,גרמים,45.00,100 גרם,false,,3.90,8.6667,true,1,118054
25675300125,false,חטיף סמירק פשקס 50 ג,NATRA,ES,חטיף סמירק פשקס 50 ג,גרמים,50.00,100 גרם,false,,3.90,7.8000,true,1,118056
25675705654,false,בצל מטוגן פריך שקית,TOP TASTE B.V.,NL,בצל מטוגן פריך שקית,גרמים,400.00,100 גרם,false,,11.90,2.9750,true,1,81924
25675950313,false,סוכריות אודלס פשקס ב,ג'ודילינג פודס קומפנ,CN,סוכריות אודלס פשקס ב,גרמים,224.00,100 גרם,false,,11.90,5.3125,true,1,87773
25675950351,false,סוכריות אודלס פשקס ב,ג'ודילינג פודס קומפנ,CN,סוכריות אודלס פשקס ב,גרמים,224.00,100 גרם,false,,11.90,5.3125,true,1,87774
26638002643,true,גבינה מוצרלה מגורד,אנדרסון אינטנשיונל,,גבינת מוצרלה מגורדת 170 גרם,גרמים,170.00,100 גרם,false,1,28.90,17.0000,true,1,90671
34000544028,false,טוויזלרס ממתק בטעם ת,הרשי שוקולד,US,טוויזלרס ממתק בטעם ת,גרמים,198.00,100 גרם,false,,6.90,3.4848,true,1,63406
34000544431,false,טוויזלרס ממתק בטעם ד,הרשי שוקולד,US,טוויזלרס ממתק בטעם ד,גרמים,170.00,100 גרם,false,,6.90,4.0588,true,1,114432
35000458476,false,מברשת קולגייט ילדים,קולגייט פלמוליב,VN,מברשת קולגייט ילדים,Unknown,0.00,יחידה,false,,17.90,0.0000,true,1,100542
37600207188,false,חמאת בוטנים קלאסי סק,סקיפי,US,חמאת בוטנים קלאסי סק,גרמים,462.00,100 גרם,false,,17.90,3.8745,true,1,110988
37600207256,false,חמאת בוטנים עם שברי,סקיפי,US,חמאת בוטנים עם שברי,גרמים,462.00,100 גרם,false,,17.90,3.8745,true,1,110989
38000202278,false,פרינגלס קלאסי וויבי,פרינגלס,US,פרינגלס קלאסי וויבי,גרמים,130.00,100 גרם,false,,7.90,6.0769,true,1,109493
38000232183,false,פרינגלס אורגינל 149,פרינגלס,US,פרינגלס אורגינל 149,גרמים,149.00,100 גרם,false,,7.90,5.3020,true,1,104103
40232885518,false,מארז אוכמניות,אראל תוצרת חקלאית בע,IL,מארז אוכמניות,Unknown,0.00,יחידה,false,,11.90,0.0000,true,1,93245
41190007097,false,חומץ תפוחים שופרייט,,,חומץ תפוחים שופרייט,מיליליטרים,946.00,"100 מ""ל",false,,11.90,1.2579,true,1,117451
41390001451,false,רוטב סויה קיקומן 1.2,קיקומן פודז אינק,US,רוטב סויה קיקומן 1.2,קילוגרמים,1.20,ליטר,false,,29.90,24.9167,true,1,118058
43427004619,false,רוטב ברווז חמוץ מתוק,ווברס קומפני,US,רוטב ברווז חמוץ מתוק,גרמים,793.00,100 גרם,false,,19.90,2.5095,true,1,73186
43427007887,false,חומץ יין אדום ליברס,אקובינאל,ES,חומץ יין אדום ליברס,מיליליטרים,500.00,"100 מ""ל",false,,9.90,1.9800,true,1,116365
43427017107,false,"רסק תפו""ע ליברס 6*11",בורנייט פודס,US,"רסק תפו""ע ליברס 6*11",גרמים,678.00,100 גרם,false,,14.90,2.1976,true,1,107150
43427019002,false,"רסק תפו""ע ללא סוכר ל",בורנייט פודס,US,"רסק תפו""ע ללא סוכר ל",פריט,1.30,"ק""ג",false,,18.90,14.5385,true,1,110436
43427101332,false,סירופ תירס ליברס 340,סי ברייז,US,סירופ תירס ליברס 340,גרמים,340.00,100 גרם,false,,14.90,4.3824,true,1,108922
43427170024,false,עוגיות סנדוויץ בטעם,טרי האוז פוד,US,עוגיות סנדוויץ בטעם,גרמים,368.00,100 גרם,false,,11.90,3.2337,true,1,117093
43427180016,false,"רסק תפו""ע ללא סוכר ל",בורנייט פודס,US,"רסק תפו""ע ללא סוכר ל",גרמים,678.00,100 גרם,false,,14.90,2.1976,true,1,107151
43427182034,false,בייגלה ביס ליברס 340,בנזל פוד,US,בייגלה ביס ליברס 340,גרמים,340.00,100 גרם,false,,10.90,3.2059,true,1,117952
43427182119,false,בייגלה צמות ליברס 34,בנזל פוד,US,בייגלה צמות ליברס 34,גרמים,340.00,100 גרם,false,,10.90,3.2059,true,1,117950
43427189002,false,"רסק תפו""ע ליברס 1.36",בורנייט פודס,US,"רסק תפו""ע ליברס 1.36",פריט,1.36,"ק""ג",false,,18.90,13.8971,true,1,110437
43427199001,false,חומץ תפוחים אורגני,אקווינאל אס. אל.,ES,חומץ תפוחים אורגני,מיליליטרים,500.00,"100 מ""ל",false,,16.90,3.3800,true,1,116282
43427201483,false,רוטב ספייסי ליברס 45,באיו,TH,רוטב ספייסי ליברס 45,גרמים,454.00,100 גרם,false,,19.90,4.3833,true,1,112283
43427245005,false,"מחית תפו""ע עם פקק לי",ליברס,US,"מחית תפו""ע עם פקק לי",גרמים,360.00,100 גרם,false,,11.90,3.3056,true,1,116285
43427246002,false,"מחית תפו""ע ללא סוכר",ליברס,US,"מחית תפו""ע ללא סוכר",גרמים,360.00,100 גרם,false,,11.90,3.3056,true,1,116283
43427247009,false,"מחית תפו""ע ותות עם פ",ליברס,US,"מחית תפו""ע ותות עם פ",גרמים,360.00,100 גרם,false,,11.90,3.3056,true,1,117653
43427351003,false,"רסק תפו""ע ללא סוכר 6",בורנייט פודס,US,"רסק תפו""ע ללא סוכר 6",גרמים,678.00,100 גרם,false,,14.90,2.1976,true,1,110439
44164102385,false,נרונים 4 שעות שרגא 7,שרגא שווק ויצור נרות,IL,נרונים 4 שעות שרגא 7,Unknown,0.00,יחידה,false,,25.90,0.0000,true,1,45817
44164102453,false,נרונים 6 שעות שרגא 7,שרגא שווק ויצור נרות,IL,נרונים 6 שעות שרגא 7,Unknown,0.00,יחידה,false,,31.90,0.0000,true,1,45818
44164234345,false,שמן פראפין למאור סגו,שרגא שווק ויצור נרות,IL,שמן פראפין למאור סגו,קילוגרמים,1.00,ליטר,false,,19.90,19.9000,true,1,113614
44164267695,false,שמן פראפין למאור אדו,שרגא שווק ויצור נרות,IL,שמן פראפין למאור אדו,קילוגרמים,1.00,ליטר,false,,19.90,19.9000,true,1,113616
44164290129,false,שמן פראפין למאור שקו,שרגא שווק ויצור נרות,IL,שמן פראפין למאור שקו,קילוגרמים,1.00,ליטר,false,,19.90,19.9000,true,1,113617
44164290907,false,שמן פראפין למאור צהו,שרגא שווק ויצור נרות,IL,שמן פראפין למאור צהו,קילוגרמים,1.00,ליטר,false,,19.90,19.9000,true,1,113618
44164341142,false,נר זכרון 7 ימים שרגא,שרגא שווק ויצור נרות,IL,נר זכרון 7 ימים שרגא,Unknown,0.00,יחידה,false,,8.90,0.0000,true,1,89583
44164369962,false,נר זכרון 9 ימים שרגא,שרגא שווק ויצור נרות,IL,נר זכרון 9 ימים שרגא,Unknown,0.00,יחידה,false,,11.90,0.0000,true,1,89582
44600300580,false,תרסיס כלורקס קלין אפ,כלורקס,US,תרסיס כלורקס קלין אפ,מיליליטרים,946.00,"100 מ""ל",false,,19.90,2.1036,true,1,110931
48256219456,false,תרסיס אסטוניש לניקוי,יעקב יעקובי,IL,תרסיס אסטוניש לניקוי,מיליליטרים,750.00,"100 מ""ל",false,,9.90,1.3200,true,1,114986
48256296181,false,תרסיס אסטוניש לניקוי,יעקב יעקובי,IL,תרסיס אסטוניש לניקוי,מיליליטרים,750.00,"100 מ""ל",false,,9.90,1.3200,true,1,114987
48256297164,false,תרסיס אסטוניש לניקוי,יעקב יעקובי,IL,תרסיס אסטוניש לניקוי,מיליליטרים,750.00,"100 מ""ל",false,,9.90,1.3200,true,1,87321
48256299557,false,תרסיס אסטוניש מסיר ע,יעקב יעקובי,IL,תרסיס אסטוניש מסיר ע,מיליליטרים,750.00,"100 מ""ל",false,,9.90,1.3200,true,1,87322
52100570075,false,תערובת תיבול סטייק ו,קוסקו הולסייל,US,תערובת תיבול סטייק ו,גרמים,760.00,100 גרם,false,,44.90,5.9079,true,1,111261
64144090020,false,תרסיס שמן זית פאם 14,קונגרה,,תרסיס שמן זית פאם 14,מיליליטרים,148.00,"100 מ""ל",false,,13.90,9.3919,true,1,62832
64144090051,false,תרסיס שמן קנולה פאם,קונגרה,,תרסיס שמן קנולה פאם,מיליליטרים,148.00,"100 מ""ל",false,,13.90,9.3919,true,1,75198
70970471254,false,סוכריות ג'לי פירות מ,גאסט בורן,US,סוכריות ג'לי פירות מ,גרמים,141.00,100 גרם,false,,8.90,6.3121,true,1,107335
70970471285,false,סוכריות ג'לי רד רייג,גאסט בורן,US,סוכריות ג'לי רד רייג,גרמים,141.00,100 גרם,false,,8.90,6.3121,true,1,109841
70970471308,false,סוכריות ג'לי ענבים מ,גאסט בורן,US,סוכריות ג'לי ענבים מ,גרמים,141.00,100 גרם,false,,8.90,6.3121,true,1,111007
70970473609,false,סוכריות ג'לי מגה מיק,גאסט בורן,US,סוכריות ג'לי מגה מיק,גרמים,141.00,100 גרם,false,,8.90,6.3121,true,1,107337
73490128493,false,מיץ ענבים מוגז אפרסק,קדם,IL,מיץ ענבים מוגז אפרסק,מיליליטרים,750.00,"100 מ""ל",false,,19.90,2.6533,true,1,53560
73490153396,false,מיץ ענבים מוגז קונקו,קדם,IL,מיץ ענבים מוגז קונקו,מיליליטרים,750.00,"100 מ""ל",false,,19.90,2.6533,true,1,41794
73490154027,false,מיץ ענבים גאולה 2.84,קדם,IL,מיץ ענבים גאולה 2.84,קילוגרמים,2.84,ליטר,false,,38.90,13.6972,true,1,66206
73490154317,false,מיץ ענבים לבן גאולה,,,מיץ ענבים לבן גאולה,קילוגרמים,1.89,ליטר,false,,27.20,14.3915,true,1,108148
76840620029,false,גלידת שמנת בן אנד גר,מוצרי איכות אמריקאיי,IL,גלידת שמנת בן אנד גר,מיליליטרים,424.00,"100 מ""ל",false,,17.50,4.1274,true,1,99359
77245110610,false,סוכריות מאסט מנטה 80,שטראוס,IL,סוכריות מאסט מנטה 80,גרמים,80.00,100 גרם,false,,6.90,8.6250,true,1,47408
80432400432,false,ויסקי שיבאס 12 שנה 1,מזקקת האחים שיבאס,,ויסקי שיבאס 12 שנה 1,קילוגרמים,1.00,ליטר,false,,129.90,129.9000,true,1,96489
80432402825,false,ויסקי גלנליווט 12 שנ,מזקקת גלנליווט,GB,ויסקי גלנליווט 12 שנ,מיליליטרים,700.00,"100 מ""ל",false,,149.90,21.4143,true,1,114101
87752005644,false,יין ברטנורא מוסקטו,מיסזקו אס.איי,IT,יין ברטנורא מוסקטו,מיליליטרים,750.00,"100 מ""ל",false,,44.90,5.9867,true,1,56126
87752006474,false,יין  JOYVIN אדום תוס,ארלדיקה קסטלברו אס.ס,IT,יין  JOYVIN אדום תוס,מיליליטרים,750.00,"100 מ""ל",false,,49.90,6.6533,true,1,98970
87752006481,false,יין JOYVIN לבן תוסס,ארלדיקה קסטלברו אס.ס,IT,יין JOYVIN לבן תוסס,מיליליטרים,750.00,"100 מ""ל",false,,49.90,6.6533,true,1,98969
87752017159,false,ליקר וולדרס וודקה ונ,ולדרס,NL,ליקר וולדרס וודקה ונ,מיליליטרים,750.00,"100 מ""ל",false,,89.90,11.9867,true,1,96692
87752017173,false,ליקר וולדרס סקוטש וק,ולדרס,NL,ליקר וולדרס סקוטש וק,מיליליטרים,750.00,"100 מ""ל",false,,89.90,11.9867,true,1,96538
87752017227,false,ליקר שמרלינג שוקולד,שמרלינג,IT,ליקר שמרלינג שוקולד,מיליליטרים,750.00,"100 מ""ל",false,,89.90,11.9867,true,1,75066
87752017234,false,ליקר שמרלינג קפה 750,ביקלס,IT,ליקר שמרלינג קפה 750,מיליליטרים,750.00,"100 מ""ל",false,,89.90,11.9867,true,1,105990
87752018620,false,ליקר וולדרס בנופי 75,ולדרס,NL,ליקר וולדרס בנופי 75,מיליליטרים,750.00,"100 מ""ל",false,,89.90,11.9867,true,1,96536
96619115471,false,קפסולות ג'ל כביסה או,מקברייד,BE,קפסולות ג'ל כביסה או,גרמים,882.00,100 גרם,false,,44.90,5.0907,true,1,118648
96619164998,false,פלפל שחור גרוס קירקל,קוסקו הולסייל,US,פלפל שחור גרוס קירקל,גרמים,359.00,100 גרם,false,,19.90,5.5432,true,1,107612
96619194025,false,נייר אפיה קירקלנד 50,קוסקו הולסייל,US,נייר אפיה קירקלנד 50,מטרים,50.00,מטר,false,,39.90,0.7980,true,1,115775
96619194162,false,נוזל כביסה בניחוח לב,קוסקו הולסייל,US,נוזל כביסה בניחוח לב,קילוגרמים,5.73,ליטר,false,,69.90,12.1990,true,1,109519
96619199914,false,וודקה קירקלנד 1.75 ל,,,וודקה קירקלנד 1.75 ל,קילוגרמים,1.75,ליטר,false,,99.90,57.0857,true,1,82726
96619206841,false,תרסיס שמן קנולה קירק,,,תרסיס שמן קנולה קירק,מיליליטרים,394.00,"100 מ""ל",false,,22.90,5.8122,true,1,103055
96619215645,false,שקיות אשפה ענק קירקל,,,שקיות אשפה ענק קירקל,Unknown,0.00,יחידה,false,,99.90,0.0000,true,1,101849
96619232017,false,שקיות אשפה קירקלנד 1,קוסקו הולסייל,US,שקיות אשפה קירקלנד 1,Unknown,0.00,יחידה,false,,79.90,0.0000,true,1,111401
96619263424,false,שבבי בצל קירקלנד 335,קוסקו הולסייל,US,שבבי בצל קירקלנד 335,גרמים,335.00,100 גרם,false,,19.90,5.9403,true,1,110516
96619316809,false,נייר אלומניום עבה 30,,,נייר אלומניום עבה 30,מטרים,304.00,מטר,false,,129.90,0.4273,true,1,74254
96619316861,false,דפי נייר אלומניום קי,,,דפי נייר אלומניום קי,Unknown,0.00,יחידה,false,,69.90,0.0000,true,1,103710
96619332700,false,מלח גס הימלאיה ורוד,קוסקו הולסייל,US,מלח גס הימלאיה ורוד,גרמים,737.00,100 גרם,false,,19.90,2.7001,true,1,107609
96619338696,false,קמח שקדים קירקלנד 1.,הוגסטון נט אי אן סי,US,קמח שקדים קירקלנד 1.,פריט,1.36,"ק""ג",false,,79.90,58.7500,true,1,118543
97643044546,false,שוקולד שמרלינג מריר,,,שוקולד שמרלינג מריר,גרמים,100.00,100 גרם,false,,11.50,11.5000,true,1,56442
97643044553,false,שוקולד שמרלינג מריר,,,שוקולד שמרלינג מריר,גרמים,100.00,100 גרם,false,,11.50,11.5000,true,1,88798
97643044584,false,שוקולד שמרלינג מריר,,,שוקולד שמרלינג מריר,גרמים,100.00,100 גרם,false,,11.50,11.5000,true,1,115716
97643051445,false,שוקולד שמרלינג פרלין,,,שוקולד שמרלינג פרלין,גרמים,100.00,100 גרם,false,,11.50,11.5000,true,1,56435
97643070040,false,שוקולד שמרלינג לבן ש,,,שוקולד שמרלינג לבן ש,גרמים,100.00,100 גרם,false,,11.50,11.5000,true,1,56438
97643070248,false,שוקולד שמרלינג לבן פ,,,שוקולד שמרלינג לבן פ,גרמים,100.00,100 גרם,false,,11.50,11.5000,true,1,56433
97643071542,false,חטיפי שוקולד מינור ש,,,חטיפי שוקולד מינור ש,גרמים,92.00,100 גרם,false,,14.90,16.1957,true,1,70562
97643082142,false,שוקולד שמרלינג קידס,,,שוקולד שמרלינג קידס,גרמים,100.00,100 גרם,false,,11.50,11.5000,true,1,56430
97643082449,false,שוקולד שמרלינג פרלין,,,שוקולד שמרלינג פרלין,גרמים,100.00,100 גרם,false,,11.50,11.5000,true,1,56431
97643082548,false,שוקולד שמרלינג מריר,,,שוקולד שמרלינג מריר,גרמים,100.00,100 גרם,false,,11.50,11.5000,true,1,56432
97643083040,false,שוקולד שמרלינג פרלין,,,שוקולד שמרלינג פרלין,גרמים,100.00,100 גרם,false,,11.50,11.5000,true,1,56429
97643083859,false,שוקולד שמרלינג קרמל,,,שוקולד שמרלינג קרמל,גרמים,100.00,100 גרם,false,,11.50,11.5000,true,1,88662
97643084047,false,שוקולד שמרלינג פרלין,,,שוקולד שמרלינג פרלין,גרמים,100.00,100 גרם,false,,11.50,11.5000,true,1,56434
97643090345,false,שוקולד שמרלינג חלב ל,,,שוקולד שמרלינג חלב ל,גרמים,100.00,100 גרם,false,,13.90,13.9000,true,1,69232
97643090444,false,שוקולד שמרלינג פרווה,,,שוקולד שמרלינג פרווה,גרמים,100.00,100 גרם,false,,13.90,13.9000,true,1,69233
183837123408,false,אורז בסמטי אוצרות הו,צימאן לטל סטיה,IN,אורז בסמטי אוצרות הו,פריט,5.00,"ק""ג",false,,32.90,6.5800,true,1,107632
194961000398,false,ביסקוויט בציפוי שוקו,שניידרס,FR,ביסקוויט בציפוי שוקו,גרמים,150.00,100 גרם,false,,12.90,8.6000,true,1,113808
194961000404,false,ביסקוויט בציפוי שוקו,שניידרס,FR,ביסקוויט בציפוי שוקו,גרמים,150.00,100 גרם,false,,12.90,8.6000,true,1,113809
194961000411,false,ממרח שוקולד וניל שני,SHNEIDER'S,NL,ממרח שוקולד וניל שני,גרמים,700.00,100 גרם,false,,21.90,3.1286,true,1,108889
194961001432,false,עוגיות פתיבר חמאה שנ,שניידרס,FR,עוגיות פתיבר חמאה שנ,גרמים,167.00,100 גרם,false,,12.90,7.7246,true,1,117152
194961001500,false,עוגיות חמאה שניידס 1,שניידרס,FR,עוגיות חמאה שניידס 1,גרמים,125.00,100 גרם,false,,12.90,10.3200,true,1,117153
194961001517,false,עוגיות סבלה חמאה שני,שניידרס,FR,עוגיות סבלה חמאה שני,גרמים,130.00,100 גרם,false,,12.90,9.9231,true,1,117155
194961001524,false,"מחית פרי תפו""ע לל""ס",שניידרס,FR,"מחית פרי תפו""ע לל""ס",גרמים,360.00,100 גרם,false,,12.90,3.5833,true,1,117300
194961001531,false,"מחית פרי תפו""ע  ותות",שניידרס,FR,"מחית פרי תפו""ע  ותות",גרמים,360.00,100 גרם,false,,12.90,3.5833,true,1,117301
194961001548,false,"מחית פרי תפו""ע ואפרס",שניידרס,FR,"מחית פרי תפו""ע ואפרס",גרמים,360.00,100 גרם,false,,12.90,3.5833,true,1,117299
194961001647,false,עוגיות חמאה שוקולד צ,שניידרס,FR,עוגיות חמאה שוקולד צ,גרמים,167.00,100 גרם,false,,12.90,7.7246,true,1,117590
305215251002,false,צמרוני אוזניים קיו ט,יוניליוור,US,צמרוני אוזניים קיו ט,Unknown,0.00,יחידה,false,,19.90,0.0000,true,1,99455
308910525744,false,אטריות אורז דקות מזר,ליאן תאי רייס,TH,אטריות אורז דקות מזר,מיליליטרים,454.00,"100 מ""ל",false,,9.90,2.1806,true,1,104173
608614254125,false,ביסבס חריף אש 120 גר,לימון אוכל מוכן לשיו,IL,ביסבס חריף אש 120 גר,גרמים,120.00,100 גרם,false,,10.90,9.0833,true,1,96740
608614254132,false,ביסבס חריף עדין 120,לימון אוכל מוכן לשיו,IL,ביסבס חריף עדין 120,גרמים,120.00,100 גרם,false,,10.90,9.0833,true,1,96742
608614254149,false,ביסבס חריף פיקנטי 12,לימון אוכל מוכן לשיו,IL,ביסבס חריף פיקנטי 12,גרמים,120.00,100 גרם,false,,10.90,9.0833,true,1,96741
608614255214,false,מורינגה,,,מורינגה,Unknown,0.00,יחידה,false,,45.90,0.0000,true,1,117325
628154383659,false,דגני בוקר פרוטי פאבל,פוסט לקיוויל,US,דגני בוקר פרוטי פאבל,גרמים,311.00,100 גרם,false,,19.90,6.3987,true,1,117959
659824938089,false,כפפות לטקס 100 יח',,TH,כפפות לטקס 100 יח',Unknown,0.00,יחידה,false,,27.90,0.0000,true,1,107201
675470000142,false,נייר אפיה קשת 72 יח,טופ פלסט 2002 בעמ,IL,נייר אפיה קשת 72 יח,Unknown,0.00,יחידה,false,,9.90,0.0000,true,1,83281
681131129855,false,בירה פילזנר שלוס קרו,מבשלת מרטנס,BE,בירה פילזנר שלוס קרו,מיליליטרים,500.00,"100 מ""ל",false,,5.90,1.1800,true,1,113436
689076444668,false,פסטה ספגטי אורז חום,ריזופיה פוד פרודקטס,CA,פסטה ספגטי אורז חום,גרמים,454.00,100 גרם,false,,16.90,3.7225,true,1,117105
693493001007,false,תרסיס ניקוי גאון בני,אריסטוקרט,IL,תרסיס ניקוי גאון בני,מיליליטרים,350.00,"100 מ""ל",false,,18.90,5.4000,true,1,99276
693493008686,false,פרוביוטיקה 50B,,,פרוביוטיקה 50B,Unknown,0.00,יחידה,false,,59.90,0.0000,true,1,117388
693493015110,false,שום כתוש ביסבס 120 ג,לימון אוכל מוכן לשיו,IL,שום כתוש ביסבס 120 ג,גרמים,120.00,100 גרם,false,,6.90,5.7500,true,1,104809
693493034456,false,סרדין מרוקאי בשמן זי,אטלנטיק הום סרדינס א,MA,סרדין מרוקאי בשמן זי,גרמים,125.00,100 גרם,false,,5.90,4.7200,true,1,105122
693493034470,false,פילה מקרל בשמן סויה,,,פילה מקרל בשמן סויה,גרמים,125.00,100 גרם,false,,5.90,4.7200,true,1,105930
693493034487,false,פילה סרדין בשמן זית,אטלנטיק הום סרדינס א,MA,פילה סרדין בשמן זית,גרמים,125.00,100 גרם,false,,6.50,5.2000,true,1,105124
693493034494,false,פילה אנשובי בשמן חמנ,פטינה פוד,MA,פילה אנשובי בשמן חמנ,גרמים,100.00,100 גרם,false,,14.90,14.9000,true,1,104114
693493034524,false,מארז פילה אנשובי בשמ,פאטינה פוד,MA,מארז פילה אנשובי בשמ,גרמים,200.00,100 גרם,false,,21.90,10.9500,true,1,113599
693493057820,false,חלה חצי מתוקה 500 גר,ספיישל בייקרי,IL,חלה חצי מתוקה 500 גר,גרמים,500.00,100 גרם,false,,12.90,2.5800,true,1,103174
693493057844,false,חלה כוסמין 500 גרם,ספיישל בייקרי,IL,חלה כוסמין 500 גרם,גרמים,500.00,100 גרם,false,,15.90,3.1800,true,1,103176
693493057851,false,חלה קמח מלא 500 גרם,ספיישל בייקרי,IL,חלה קמח מלא 500 גרם,גרמים,500.00,100 גרם,false,,15.90,3.1800,true,1,103177
693493089272,false,אבץ בתוספת ויטמין C,,,אבץ בתוספת ויטמין C,Unknown,0.00,יחידה,false,,33.90,0.0000,true,1,113713
693493089333,false,"ברזל עדין 30 מ""ג אקס",,,"ברזל עדין 30 מ""ג אקס",Unknown,0.00,יחידה,false,,59.90,0.0000,true,1,113408
693493089364,false,מגנזיום ציטראט 400 מ,,,מגנזיום ציטראט 400 מ,Unknown,0.00,יחידה,false,,59.90,0.0000,true,1,113410
693493089371,false,ויטמין C לא חומצי 10,,,ויטמין C לא חומצי 10,Unknown,0.00,יחידה,false,,59.90,0.0000,true,1,113412
693493089388,false,"חומצה פולית 400 מק""ג",,,"חומצה פולית 400 מק""ג",Unknown,0.00,יחידה,false,,59.90,0.0000,true,1,113418
693493089395,false,"ויטמין B12 מק""ג 1000",,,"ויטמין B12 מק""ג 1000",Unknown,0.00,יחידה,false,,59.90,0.0000,true,1,113413
693493089418,false,"ויטמין D3 יחב""ל 1000",,,"ויטמין D3 יחב""ל 1000",Unknown,0.00,יחידה,false,,59.90,0.0000,true,1,113415
693493089470,false,דובוני ויטמין C לילד,,,דובוני ויטמין C לילד,Unknown,0.00,יחידה,false,,39.90,0.0000,true,1,113440
693493089487,false,דובוני מולטי ויטמין,,,דובוני מולטי ויטמין,Unknown,0.00,יחידה,false,,39.90,0.0000,true,1,113419
693493089494,false,דגי אומגה 3 לילדים א,,,דגי אומגה 3 לילדים א,Unknown,0.00,יחידה,false,,39.90,0.0000,true,1,113420
693493089562,false,דובונים+ויטמין D אקס,,,דובונים+ויטמין D אקס,Unknown,0.00,יחידה,false,,39.90,0.0000,true,1,117333
693493089579,false,מגה מולטי ויטמינים ל,,,מגה מולטי ויטמינים ל,Unknown,0.00,יחידה,false,,39.90,0.0000,true,1,115590
693493089586,false,מולטי ויטמין + ברזל,,,מולטי ויטמין + ברזל,Unknown,0.00,יחידה,false,,39.90,0.0000,true,1,115591
693493089661,false,קולגן פלוס ויטל,,,קולגן פלוס ויטל,Unknown,0.00,יחידה,false,,89.90,0.0000,true,1,117326
693493089685,false,תוסף ברזל נוזלי אקסט,,,תוסף ברזל נוזלי אקסט,Unknown,0.00,יחידה,false,,59.90,0.0000,true,1,118132
693493113687,false,מארז פילה אנשובי וצל,,,מארז פילה אנשובי וצל,גרמים,200.00,100 גרם,false,,21.90,10.9500,true,1,119298
693493191692,false,פסטו בזיליקום 200 גר,לימון אוכל מוכן לשיו,IL,פסטו בזיליקום 200 גר,גרמים,200.00,100 גרם,false,,19.90,9.9500,true,1,116415
710069082236,false,חרדל גפן  454 גרם,,,חרדל גפן  454 גרם,גרמים,454.00,100 גרם,false,,8.90,1.9604,true,1,86785
710069305175,false,רסק תפוחים פטל גפן 6,,,רסק תפוחים פטל גפן 6,גרמים,672.00,100 גרם,false,,15.90,2.3661,true,1,60019
710069812000,false,רוטב עגבניות לפסטה ג,,,רוטב עגבניות לפסטה ג,גרמים,680.00,100 גרם,false,,13.90,2.0441,true,1,71313
710069812017,false,רוטב עגבניות ובזילקו,,,רוטב עגבניות ובזילקו,גרמים,680.00,100 גרם,false,,13.90,2.0441,true,1,71331
710069812031,false,רוטב פיצה רגיל גפן 7,,,רוטב פיצה רגיל גפן 7,גרמים,737.00,100 גרם,false,,13.90,1.8860,true,1,71262
710069812048,false,רוטב פיצה אורגנו גפן,,,רוטב פיצה אורגנו גפן,גרמים,737.00,100 גרם,false,,13.90,1.8860,true,1,71387
710069812147,false,"רסק תפו""ע גפן 1.36 ק",,,"רסק תפו""ע גפן 1.36 ק",פריט,1.36,"ק""ג",false,,19.90,14.6324,true,1,110791
710069812154,false,"רסק תפו""ע גפן ללא סו",,,"רסק תפו""ע גפן ללא סו",פריט,1.36,"ק""ג",false,,19.90,14.6324,true,1,112564
712963001818,false,עלי שוקולד מריר תפוז,,,עלי שוקולד מריר תפוז,גרמים,125.00,100 גרם,false,,16.90,13.5200,true,1,70824
712963001849,false,עלי שוקולד חלב אגוזי,,,עלי שוקולד חלב אגוזי,גרמים,125.00,100 גרם,false,,16.90,13.5200,true,1,70822
712963001856,false,עלי שוקולד חלב קרמל,,,עלי שוקולד חלב קרמל,גרמים,125.00,100 גרם,false,,16.90,13.5200,true,1,70823
712963002945,false,שוקולד גרוס חלב 100,,,שוקולד גרוס חלב 100,גרמים,100.00,100 גרם,false,,8.90,8.9000,true,1,69700
712963003034,false,שוקולד גרוס מריר אגו,,,שוקולד גרוס מריר אגו,גרמים,100.00,100 גרם,false,,8.90,8.9000,true,1,69702
712963003843,false,חטיף שוקולד חלבי גרו,,,חטיף שוקולד חלבי גרו,גרמים,250.00,100 גרם,false,,17.90,7.1600,true,1,89131
712963004482,false,עלי שוקולד חלב קרמל,,,עלי שוקולד חלב קרמל,גרמים,125.00,100 גרם,false,,16.90,13.5200,true,1,103454
712963004758,false,שוקולד גרוס חלב במיל,גרוסליין,HR,שוקולד גרוס חלב במיל,גרמים,100.00,100 גרם,false,,7.90,7.9000,true,1,116766
712963004772,false,שוקולד גרוס חלב במיל,גרוסליין,HR,שוקולד גרוס חלב במיל,גרמים,100.00,100 גרם,false,,7.90,7.9000,true,1,116767
712963004963,false,שוקולד גרוס מריר 90,גרוסליין,HR,שוקולד גרוס מריר 90,גרמים,90.00,100 גרם,false,,6.90,7.6667,true,1,103747
712963004970,false,שוקולד מריר 60% גרוס,זוקו,,שוקולד מריר 60% גרוס,גרמים,90.00,100 גרם,false,,6.90,7.6667,true,1,103748
712963005410,false,שוקולד GO גרוס במילו,גרוסליין,HR,שוקולד GO גרוס במילו,גרמים,80.00,100 גרם,false,,6.80,8.5000,true,1,116818
712963005441,false,שוקולד GO גרוס במילו,גרוסליין,HR,שוקולד GO גרוס במילו,גרמים,80.00,100 גרם,false,,6.80,8.5000,true,1,116819
712963005472,false,שוקולד GO גרוס במילו,גרוסליין,HR,שוקולד GO גרוס במילו,גרמים,80.00,100 גרם,false,,6.80,8.5000,true,1,116820
712963005502,false,שוקולד GO גרוס במילו,גרוסליין,HR,שוקולד GO גרוס במילו,גרמים,80.00,100 גרם,false,,6.80,8.5000,true,1,116821
712963005557,false,"שוקולד גרוס חלב ללת""",גרוסליין,HR,"שוקולד גרוס חלב ללת""",גרמים,100.00,100 גרם,false,,14.90,14.9000,true,1,117340
712963005588,false,שוקולד גרוס מריר ללת,גרוסליין,HR,שוקולד גרוס מריר ללת,גרמים,100.00,100 גרם,false,,14.90,14.9000,true,1,117342
712963005724,false,שוקולד גרוס חלב במיל,גרוסליין,HR,שוקולד גרוס חלב במיל,גרמים,100.00,100 גרם,false,,7.90,7.9000,true,1,116764
712963005755,false,שוקולד גרוס חלב במיל,גרוסליין,HR,שוקולד גרוס חלב במיל,גרמים,100.00,100 גרם,false,,7.90,7.9000,true,1,116765
712963005922,false,עלי שוקולד מריר מנטה,,,עלי שוקולד מריר מנטה,גרמים,125.00,100 גרם,false,,16.90,13.5200,true,1,119248
722776001509,false,ממתיק ספלנדה 1200 יח,,,ממתיק ספלנדה 1200 יח,פריט,1.20,"ק""ג",false,,129.90,108.2500,true,1,91536
722776002445,false,מארז ממתיק ספלנדה שק,,,מארז ממתיק ספלנדה שק,גרמים,715.00,100 גרם,false,,89.90,12.5734,true,1,96542
732973000878,false,רולדה וויט פיש קלאסי,איי אנד בי פיימוס גפ,US,רולדה וויט פיש קלאסי,גרמים,567.00,100 גרם,false,,31.90,5.6261,true,1,118140
732973006009,false,קציצות דג וויט פיש א,Ocean Gourmet,US,קציצות דג וויט פיש א,גרמים,624.00,100 גרם,false,,34.90,5.5929,true,1,42011
753182231761,false,משקה אנרגיה בלו סיקס,אקווה ויט,PL,משקה אנרגיה בלו סיקס,מיליליטרים,250.00,"100 מ""ל",false,,4.50,1.8000,true,1,39959
768404001640,false,גלידת שמנת בן אנד גר,מוצרי איכות אמריקאיי,IL,גלידת שמנת בן אנד גר,מיליליטרים,500.00,"100 מ""ל",false,,17.50,3.5000,true,1,98037
769904000607,false,"שקדי מרק משובח כל""פ",גיי אפ פי ייצור מזון,IL,"שקדי מרק משובח כל""פ",גרמים,200.00,100 גרם,false,,8.90,4.4500,true,1,54060
769904000645,false,"שקדי מרק משובח כשל""פ",גיי אפ פי ייצור מזון,IL,"שקדי מרק משובח כשל""פ",גרמים,200.00,100 גרם,false,,4.90,2.4500,true,1,75467
769904001000,false,אטריות דקות משובח 18,גיי אפ פי ייצור מזון,IL,אטריות דקות משובח 18,גרמים,200.00,100 גרם,false,,1.90,0.9500,true,1,56735
769904001024,false,אטריות רחבות משובח 1,גיי אפ פי ייצור מזון,IL,אטריות רחבות משובח 1,גרמים,200.00,100 גרם,false,,1.90,0.9500,true,1,56737
769904001116,false,פתיתים קוסקוס משובח,גיי אפ פי ייצור מזון,IL,פתיתים קוסקוס משובח,גרמים,200.00,100 גרם,false,,1.90,0.9500,true,1,56740
811146030161,false,טופי ממולא בטעם תות,גוגרנולא פוד אינדסטר,PK,טופי ממולא בטעם תות,גרמים,288.00,100 גרם,false,,9.90,3.4375,true,1,98462
811146030178,false,טופי ממולא בטעם פטל,גוגרנולא פוד אינדסטר,PK,טופי ממולא בטעם פטל,גרמים,288.00,100 גרם,false,,9.90,3.4375,true,1,98463
811146030185,false,טופי ממולא בטעם דובד,גוגרנולא פוד אינדסטר,PK,טופי ממולא בטעם דובד,גרמים,288.00,100 גרם,false,,9.90,3.4375,true,1,98464
811146030390,false,סוכריות קשות בצורת ש,פרימיום פודס,CN,סוכריות קשות בצורת ש,גרמים,180.00,100 גרם,false,,11.90,6.6111,true,1,103395
811146030666,false,לקקן טוויסטי פופ בור,פרימיום פודס,CN,לקקן טוויסטי פופ בור,גרמים,408.00,100 גרם,false,,29.90,7.3284,true,1,103290
811146030680,false,לקקן טוויסטי פופ עגו,פרימיום פודס,CN,לקקן טוויסטי פופ עגו,גרמים,408.00,100 גרם,false,,29.90,7.3284,true,1,103292
811146030697,false,לקקן טוויסטי פופ כוכ,פרימיום פודס,CN,לקקן טוויסטי פופ כוכ,Unknown,0.00,יחידה,false,,29.90,0.0000,true,1,103293
811146030741,false,לקקן בטעם פירות לילו,גואנגדונג צאואן פוד,CN,לקקן בטעם פירות לילו,גרמים,150.00,100 גרם,false,,11.90,7.9333,true,1,109633
811146030758,false,סוכריות טופי פרוזיפס,גוגרנולא פוד אינדסטר,PK,סוכריות טופי פרוזיפס,גרמים,255.00,100 גרם,false,,9.90,3.8824,true,1,113553
811146030765,false,סוכריות טופי פרוזיפס,גוגרנולא פוד אינדסטר,PK,סוכריות טופי פרוזיפס,גרמים,255.00,100 גרם,false,,9.90,3.8824,true,1,113554
811146031007,false,לקקן טוויסטי פופ לב,פרימיום פודס,CN,לקקן טוויסטי פופ לב,גרמים,408.00,100 גרם,false,,29.90,7.3284,true,1,118771
835811000068,false,מגבוני טואלט קשת 3*4,עלבד משואות יצחק,IL,מגבוני טואלט קשת 3*4,Unknown,0.00,יחידה,false,,11.90,0.0000,true,1,102624
835811000075,false,עדשים ירוקות הנמל 1.,הנמל,IL,עדשים ירוקות הנמל 1.,פריט,1.20,"ק""ג",false,,13.90,11.5833,true,1,106822
835811000099,false,עדשים אדומות הנמל 1.,הנמל,IL,עדשים אדומות הנמל 1.,פריט,1.20,"ק""ג",false,,13.90,11.5833,true,1,106823
835811000112,false,שעועית לחמין הנמל 1.,הנמל,IL,שעועית לחמין הנמל 1.,פריט,1.20,"ק""ג",false,,14.90,12.4167,true,1,106829
835811000136,false,"כוסמת הנמל 1.2 ק""ג",הנמל,IL,"כוסמת הנמל 1.2 ק""ג",פריט,1.20,"ק""ג",false,,12.90,10.7500,true,1,106824
835811000143,false,מפת ניילון בגליל 1.5,,IL,מפת ניילון בגליל 1.5,Unknown,0.00,יחידה,false,,29.90,0.0000,true,1,115774
835811000150,false,"בורגול הנמל 1.2 ק""ג",הנמל,IL,"בורגול הנמל 1.2 ק""ג",פריט,1.20,"ק""ג",false,,8.90,7.4167,true,1,106825
835811000174,false,שעועית לבנה הנמל 1.2,הנמל,IL,שעועית לבנה הנמל 1.2,פריט,1.20,"ק""ג",false,,13.90,11.5833,true,1,106830
835811000204,false,צמרוני אזניים עץ הנמ,גרנג יוניברס,CN,צמרוני אזניים עץ הנמ,Unknown,0.00,יחידה,false,,4.90,0.0000,true,1,101466
835811000228,false,"חומוס הנמל 1.2 ק""ג",הנמל,IL,"חומוס הנמל 1.2 ק""ג",פריט,1.20,"ק""ג",false,,13.90,11.5833,true,1,106833
835811000280,false,גריסי פנינה הנמל 1.2,הנמל,IL,גריסי פנינה הנמל 1.2,פריט,1.20,"ק""ג",false,,9.90,8.2500,true,1,106826
835811000303,false,"אפונה הנמל 1.2 ק""ג",הנמל,IL,"אפונה הנמל 1.2 ק""ג",פריט,1.20,"ק""ג",false,,8.90,7.4167,true,1,106827
835811000310,false,ספוג לניקוי קשת 4 יח,,IL,ספוג לניקוי קשת 4 יח,Unknown,0.00,יחידה,false,,10.90,0.0000,true,1,104144
835811000327,false,חומוס ענק הנמל 1.2 ק,הנמל,IL,חומוס ענק הנמל 1.2 ק,פריט,1.20,"ק""ג",false,,21.90,18.2500,true,1,106832
835811000334,false,ספוגיות לניקוי קשת 1,סדובסקי,IL,ספוגיות לניקוי קשת 1,Unknown,0.00,יחידה,false,,10.90,0.0000,true,1,104142
835811000341,false,"חיטה הנמל 1.2 ק""ג",הנמל,IL,"חיטה הנמל 1.2 ק""ג",פריט,1.20,"ק""ג",false,,8.90,7.4167,true,1,106828
835811000358,false,מטליות לניקוי כללי מ,סדובסקי,IL,מטליות לניקוי כללי מ,Unknown,0.00,יחידה,false,,19.90,0.0000,true,1,104716
835811000365,false,מטליות רצפה מיקרופיי,סדובסקי,IL,מטליות רצפה מיקרופיי,Unknown,0.00,יחידה,false,,29.90,0.0000,true,1,104717
835811000372,false,שקיות הקפאה עבות הנמ,זמזמ תעשיות פלסטיק,IL,שקיות הקפאה עבות הנמ,Unknown,0.00,יחידה,false,,9.90,0.0000,true,1,100122
835811000389,false,שקיות אוכל עבות הנמל,זמזמ תעשיות פלסטיק,IL,שקיות אוכל עבות הנמל,Unknown,0.00,יחידה,false,,9.90,0.0000,true,1,100123
835811000396,false,נייר אפיה לתבנית מאו,,CN,נייר אפיה לתבנית מאו,Unknown,0.00,יחידה,false,,9.90,0.0000,true,1,102895
835811000464,false,תמצית רום הנמל 250 מ,,IL,תמצית רום הנמל 250 מ,מיליליטרים,250.00,"100 מ""ל",false,,8.90,3.5600,true,1,100562
835811000471,false,תמצית בטעם וניל הנמל,,IL,תמצית בטעם וניל הנמל,מיליליטרים,250.00,"100 מ""ל",false,,8.90,3.5600,true,1,100563
835811000501,false,סירופ מייפל 100% דלי,פרסטייל מייפל,CA,סירופ מייפל 100% דלי,גרמים,250.00,100 גרם,false,,21.90,8.7600,true,1,118531
835811000549,false,מגבוני טואלט מועשר ב,עלבד משואות יצחק,IL,מגבוני טואלט מועשר ב,Unknown,0.00,יחידה,false,,11.90,0.0000,true,1,119035
835811000693,false,כוסיות לחיים מרובעות,ביירט,CN,כוסיות לחיים מרובעות,Unknown,0.00,יחידה,false,,17.90,0.0000,true,1,101881
835811000709,false,מטליות לניקוי רצפה ק,,,מטליות לניקוי רצפה ק,Unknown,0.00,יחידה,false,,6.90,0.0000,true,1,101477
835811000723,false,נרות חימום 100 יח הנ,מולר פבריקה נרות,PL,נרות חימום 100 יח הנ,Unknown,0.00,יחידה,false,,17.90,0.0000,true,1,101459
835811000747,false,מזלגות איכותיות קרם,מיקרו,TR,מזלגות איכותיות קרם,Unknown,0.00,יחידה,false,,26.90,0.0000,true,1,101946
835811000754,false,כפות איכותיות קרם בל,מיקרו,TR,כפות איכותיות קרם בל,Unknown,0.00,יחידה,false,,26.90,0.0000,true,1,101947
835811000761,false,כפיות איכותיות קרם ב,מיקרו,TR,כפיות איכותיות קרם ב,Unknown,0.00,יחידה,false,,26.90,0.0000,true,1,101948
835811000785,false,מזלגות איכותיות שקוף,מיקרו,TR,מזלגות איכותיות שקוף,Unknown,0.00,יחידה,false,,26.90,0.0000,true,1,101950
835811000792,false,כפות איכותיות שקוף ב,מיקרו,TR,כפות איכותיות שקוף ב,Unknown,0.00,יחידה,false,,26.90,0.0000,true,1,101951
835811000808,false,כפיות איכותיות שקוף,מיקרו,TR,כפיות איכותיות שקוף,Unknown,0.00,יחידה,false,,26.90,0.0000,true,1,101952
835811000815,false,סכינים איכותיים שקוף,מיקרו,TR,סכינים איכותיים שקוף,Unknown,0.00,יחידה,false,,26.90,0.0000,true,1,101945
835811000860,false,מפיות מודפסות תלת שכ,דקו פרינט,DE,מפיות מודפסות תלת שכ,Unknown,0.00,יחידה,false,,9.90,0.0000,true,1,103718
835811000907,false,כוסות יין מעוטרות כס,,TR,כוסות יין מעוטרות כס,Unknown,0.00,יחידה,false,,7.90,0.0000,true,1,107371
835811001096,false,סוכריות לקישוט מיני,ממתקי עלה,IL,סוכריות לקישוט מיני,גרמים,400.00,100 גרם,false,,17.90,4.4750,true,1,104386
835811001232,false,נייר אפיה לתבנית עגו,,CN,נייר אפיה לתבנית עגו,Unknown,0.00,יחידה,false,,9.90,0.0000,true,1,110242
835811001300,false,סט אירוח צלחות ונציה,מיקרון מקינה,TR,סט אירוח צלחות ונציה,Unknown,0.00,יחידה,false,,36.90,0.0000,true,1,107171
835811001317,false,סט צלחות שטוחות נצנצ,מיקרון מקינה,TR,סט צלחות שטוחות נצנצ,Unknown,0.00,יחידה,false,,36.90,0.0000,true,1,107172
835811001324,false,סט מרקיות ולפתניות צ,מיקרון מקינה,TR,סט מרקיות ולפתניות צ,Unknown,0.00,יחידה,false,,34.90,0.0000,true,1,108029
835811001331,false,סט מרקיות ולפתניות נ,מיקרון מקינה,TR,סט מרקיות ולפתניות נ,Unknown,0.00,יחידה,false,,34.90,0.0000,true,1,108030
835811001409,false,"תבנית ח""פ עבה רוסטר",אופל אריזות בעמ,IL,"תבנית ח""פ עבה רוסטר",Unknown,0.00,יחידה,false,,19.90,0.0000,true,1,110509
835811001423,false,"תבנית ח""פ עבה רוסטר",אופל אריזות בעמ,IL,"תבנית ח""פ עבה רוסטר",Unknown,0.00,יחידה,false,,19.90,0.0000,true,1,110511
835811001430,false,"תבנית ח""פ עבה רוסטר",אופל אריזות בעמ,IL,"תבנית ח""פ עבה רוסטר",Unknown,0.00,יחידה,false,,19.90,0.0000,true,1,110512
835811001454,false,גפרורים ארוך מאוד הנ,נור,SE,גפרורים ארוך מאוד הנ,Unknown,0.00,יחידה,false,,9.90,0.0000,true,1,110793
835811001461,false,גפרורים בינוני הנרות,,IL,גפרורים בינוני הנרות,Unknown,0.00,יחידה,false,,5.90,0.0000,true,1,111268
835811001621,false,"קינואה הנמל 1.2 ק""ג",הנמל,IL,"קינואה הנמל 1.2 ק""ג",פריט,1.20,"ק""ג",false,,19.90,16.5833,true,1,109608
835811001713,false,ניילון נצמד הנמל 150,ווינפאק סחר בעמ,IL,ניילון נצמד הנמל 150,מטרים,150.00,מטר,false,,14.90,0.0993,true,1,83350
835811001805,false,כוס קינוח אלגנטית +,מיקרו,CN,כוס קינוח אלגנטית +,Unknown,0.00,יחידה,false,,11.90,0.0000,true,1,81720
835811001812,false,כוס קינוח אלגנטית +,,,כוס קינוח אלגנטית +,Unknown,0.00,יחידה,false,,11.90,0.0000,true,1,81721
835811001928,false,תבניות אישיות לאפיה,בי רייט,CN,תבניות אישיות לאפיה,Unknown,0.00,יחידה,false,,6.90,0.0000,true,1,73564
835811001935,false,תבניות אישיות לאפיה,בי רייט,CN,תבניות אישיות לאפיה,Unknown,0.00,יחידה,false,,6.90,0.0000,true,1,73565
835811002239,false,מאפינס צבעוני 200 יח,יונק,,מאפינס צבעוני 200 יח,Unknown,0.00,יחידה,false,,8.90,0.0000,true,1,89704
835811002253,false,מאפינס צבעוני 200 יח,יונק,,מאפינס צבעוני 200 יח,Unknown,0.00,יחידה,false,,6.90,0.0000,true,1,89702
835811002277,false,שיפודי במבוק עבים הנ,גרנג יוניברס,CN,שיפודי במבוק עבים הנ,Unknown,0.00,יחידה,false,,5.90,0.0000,true,1,111673
835811002406,false,מטליות רצפה מותאם למ,עופרטקס תעשיות 1997,IL,מטליות רצפה מותאם למ,Unknown,0.00,יחידה,false,,19.90,0.0000,true,1,84752
835811002451,false,נרות צבעוני 6 שעות 2,מולר פבריקה נרות,PL,נרות צבעוני 6 שעות 2,Unknown,0.00,יחידה,false,,12.90,0.0000,true,1,83871
835811002628,false,ופל קראנץ עלמה 60 יח,גילרו,IL,ופל קראנץ עלמה 60 יח,גרמים,720.00,100 גרם,false,,17.90,2.4861,true,1,108936
835811002970,false,סט אירוח צלחות ונציה,מיקרון מקינה,TR,סט אירוח צלחות ונציה,Unknown,0.00,יחידה,false,,36.90,0.0000,true,1,111053
835811002987,false,סט אירוח צלחות ונציה,מיקרון מקינה,TR,סט אירוח צלחות ונציה,Unknown,0.00,יחידה,false,,36.90,0.0000,true,1,111054
835811002994,false,סט מרקיות ולפתניות צ,מיקרון מקינה,TR,סט מרקיות ולפתניות צ,Unknown,0.00,יחידה,false,,34.90,0.0000,true,1,111055
835811003052,false,כפפות TPE שחור 100 י,מוטלו,CN,כפפות TPE שחור 100 י,Unknown,0.00,יחידה,false,,4.90,0.0000,true,1,117295
835811003069,false,כפפות TPE שחור 100 י,מוטלו,CN,כפפות TPE שחור 100 י,Unknown,0.00,יחידה,false,,4.90,0.0000,true,1,117296
835811003106,false,כפות הגשה מפלסטיק שק,מיקרון מקינה,TR,כפות הגשה מפלסטיק שק,Unknown,0.00,יחידה,false,,12.90,0.0000,true,1,115808
835811003113,false,מזלגות איכותיות שקוף,מיקרו,TR,מזלגות איכותיות שקוף,Unknown,0.00,יחידה,false,,26.90,0.0000,true,1,112216
835811003120,false,כפות איכותיות שקוף נ,מיקרו,TR,כפות איכותיות שקוף נ,Unknown,0.00,יחידה,false,,26.90,0.0000,true,1,112213
835811003137,false,כפיות איכותיות שקוף,מיקרו,TR,כפיות איכותיות שקוף,Unknown,0.00,יחידה,false,,26.90,0.0000,true,1,112214
835811003199,false,נייר אפיה לתבנית מלב,,CN,נייר אפיה לתבנית מלב,Unknown,0.00,יחידה,false,,17.90,0.0000,true,1,113093
835811003328,false,"תבנית ח""פ עבות במיוח",,IL,"תבנית ח""פ עבות במיוח",Unknown,0.00,יחידה,false,,44.90,0.0000,true,1,114849
835811003601,false,צמרוני אוזניים לתינו,ספה,TR,צמרוני אוזניים לתינו,Unknown,0.00,יחידה,false,,5.90,0.0000,true,1,96841
835811003670,false,סירופ בטעם שוקולד 60,O.S,,סירופ בטעם שוקולד 60,גרמים,600.00,100 גרם,false,,9.90,1.6500,true,1,95087
835811003694,false,טישו הנמל 10*140 יח,לילה,TR,טישו הנמל 10*140 יח,Unknown,0.00,יחידה,false,,23.90,0.0000,true,1,94732
835811003878,false,שקיות אשפה עם ידיות,זמזמ תעשיות פלסטיק,IL,שקיות אשפה עם ידיות,Unknown,0.00,יחידה,false,,11.90,0.0000,true,1,92606
835811004189,false,פירורי לחם מוזהבים ה,הנמל,IL,פירורי לחם מוזהבים ה,גרמים,800.00,100 גרם,false,,9.90,1.2375,true,1,119093
835811004226,false,מפת ניילון בגליל 45,,IL,מפת ניילון בגליל 45,Unknown,0.00,יחידה,false,,29.90,0.0000,true,1,110878
835811004233,false,מפות ניילון  18 יח ה,זמזמ תעשיות פלסטיק,IL,מפות ניילון  18 יח ה,Unknown,0.00,יחידה,false,,16.90,0.0000,true,1,97023
835811004240,false,מפות ניילון 22 יח הנ,זמזמ תעשיות פלסטיק,IL,מפות ניילון 22 יח הנ,Unknown,0.00,יחידה,false,,16.90,0.0000,true,1,97022
835811004257,false,נייר אלומיניום הנמל,גי.טי,CN,נייר אלומיניום הנמל,מטרים,30.00,מטר,false,,19.90,0.6633,true,1,96183
835811004271,false,צלחות סלטינה אמריקאי,ביירט,CN,צלחות סלטינה אמריקאי,Unknown,0.00,יחידה,false,,20.90,0.0000,true,1,98935
835811004400,false,סילאן לחיץ הנמל 800,פוליבה,IL,סילאן לחיץ הנמל 800,גרמים,800.00,100 גרם,false,,11.90,1.4875,true,1,96613
835811004417,false,ריבת חלב הנמל 340 גר,,,ריבת חלב הנמל 340 גר,גרמים,340.00,100 גרם,false,,11.90,3.5000,true,1,103866
835811004424,false,חלב מרוכז הנמל 340 ג,פוליבה,IL,חלב מרוכז הנמל 340 ג,גרמים,340.00,100 גרם,false,,11.90,3.5000,true,1,97478
835811004523,false,קשים לשייק הנמל 75 י,,CN,קשים לשייק הנמל 75 י,Unknown,0.00,יחידה,false,,6.90,0.0000,true,1,99606
835811004653,false,"תבניות ח""פ הנמל 4 יח",,,"תבניות ח""פ הנמל 4 יח",Unknown,0.00,יחידה,false,,8.90,0.0000,true,1,98936
835811004660,false,מנגטים  לאפייה כסף/ז,הנג טון,CN,מנגטים  לאפייה כסף/ז,Unknown,0.00,יחידה,false,,4.90,0.0000,true,1,56609
835811004684,false,מנגטים לאפייה כסף/זה,הנג טון,CN,מנגטים לאפייה כסף/זה,Unknown,0.00,יחידה,false,,6.90,0.0000,true,1,56611
835811004691,false,מנגטים לאפייה כסף/זה,הנג טון,CN,מנגטים לאפייה כסף/זה,Unknown,0.00,יחידה,false,,5.90,0.0000,true,1,56610
835811004707,false,פירורי לחם מוזהבים ה,ברמן שוקולד ועוגיות,IL,פירורי לחם מוזהבים ה,גרמים,440.00,100 גרם,false,,6.70,1.5227,true,1,42054
835811004943,false,קסרול שקוף אלגנט 10,אינפלסטיק בעמ,IL,קסרול שקוף אלגנט 10,Unknown,0.00,יחידה,false,,10.90,0.0000,true,1,39810
835811005025,false,סיר אלומיניום בינוני,קינפויל גאנגזו,CN,סיר אלומיניום בינוני,Unknown,0.00,יחידה,false,,14.90,0.0000,true,1,55134
835811005247,false,קערה שקופה 4 יח 4 או,הנג טונג,CN,קערה שקופה 4 יח 4 או,Unknown,0.00,יחידה,false,,7.90,0.0000,true,1,61357
835811005421,false,"שיפודים עבים 25 ס""מ",הנג טונג,CN,"שיפודים עבים 25 ס""מ",Unknown,0.00,יחידה,false,,2.50,0.0000,true,1,58234
835811005704,false,נייר עטיפה לכריכים 1,טופ פלסט 2002 בעמ,IL,נייר עטיפה לכריכים 1,Unknown,0.00,יחידה,false,,8.90,0.0000,true,1,42344
835811005728,false,עלים לקרמשניט 400 גר,רונית מאפים בעמ,IL,עלים לקרמשניט 400 גר,גרמים,400.00,100 גרם,false,,14.90,3.7250,true,1,66975
835811005735,false,כריות לכלים הנמל 12,סדובסקי,IL,כריות לכלים הנמל 12,Unknown,0.00,יחידה,false,,9.90,0.0000,true,1,65866
835811005773,false,מטליות לניקוי אבק הנ,מ.א.יצור ויבוא מטליו,IL,מטליות לניקוי אבק הנ,Unknown,0.00,יחידה,false,,19.90,0.0000,true,1,65862
835811005803,false,שקיות אשפה עם ידיות,תעשיות והשקעה אל רסא,IL,שקיות אשפה עם ידיות,Unknown,0.00,יחידה,false,,11.90,0.0000,true,1,72797
835811006046,false,לפתניות אמריקאיות 10,בי רייט,CN,לפתניות אמריקאיות 10,Unknown,0.00,יחידה,false,,17.90,0.0000,true,1,65518
835811006497,false,אבקת סוכר הנמל 500 ג,ר.ס. חברה ליבוא ויצו,IL,אבקת סוכר הנמל 500 ג,גרמים,500.00,100 גרם,false,,5.90,1.1800,true,1,83282
835811006534,false,כוסות נייר 50 יח 16,אכוף,CN,כוסות נייר 50 יח 16,Unknown,0.00,יחידה,false,,22.90,0.0000,true,1,71910
835811006589,false,כוס קינוח נאפולי 60C,מיקרו,CN,כוס קינוח נאפולי 60C,Unknown,0.00,יחידה,false,,11.90,0.0000,true,1,117896
835811006596,false,לפתן הגשה 6 אונז + מ,מיקרון מקינה,TR,לפתן הגשה 6 אונז + מ,Unknown,0.00,יחידה,false,,11.90,0.0000,true,1,69545
835811006763,false,"תבניות ח""פ לאפיה איש",האנוי ואיוין אינטרנש,CN,"תבניות ח""פ לאפיה איש",Unknown,0.00,יחידה,false,,5.90,0.0000,true,1,68384
835811007166,false,כוסות לקפה + מכסה 16,הנג טונג,IL,כוסות לקפה + מכסה 16,Unknown,0.00,יחידה,false,,12.90,0.0000,true,1,47528
835811007494,false,אבקת גלטין טהור הנמל,טופ גאם,IL,אבקת גלטין טהור הנמל,גרמים,28.00,100 גרם,false,,8.90,31.7857,true,1,47533
835811007562,false,תבניות קרטון אינגליש,דוקרט תעשיית אריזות,IL,תבניות קרטון אינגליש,Unknown,0.00,יחידה,false,,8.90,0.0000,true,1,47534
835811007661,false,שקיות הקפאה הנמל 200,סאם גלובל תורכיה,CN,שקיות הקפאה הנמל 200,Unknown,0.00,יחידה,false,,6.90,0.0000,true,1,47535
835811007678,false,שקיות אוכל הנמל 200,סאם גלובל תורכיה,CN,שקיות אוכל הנמל 200,Unknown,0.00,יחידה,false,,2.80,0.0000,true,1,47536
835811008132,false,ספוג מתכת הנמל 6 יח,הנג טון,CN,ספוג מתכת הנמל 6 יח,Unknown,0.00,יחידה,false,,9.90,0.0000,true,1,47541
835811008606,false,סיר אלומיניום 3 יחיד,קינפויל גאנגזו,CN,סיר אלומיניום 3 יחיד,Unknown,0.00,יחידה,false,,12.90,0.0000,true,1,48265
835811008729,false,צלחות אמריקאיות ענק,בי רייט,CN,צלחות אמריקאיות ענק,Unknown,0.00,יחידה,false,,59.90,0.0000,true,1,54559
835811008736,false,צלחות אמריקאיות גדול,בי רייט,CN,צלחות אמריקאיות גדול,Unknown,0.00,יחידה,false,,48.90,0.0000,true,1,50686
835811008774,false,צלחות אמריקאיות קטנו,בי רייט,CN,צלחות אמריקאיות קטנו,Unknown,0.00,יחידה,false,,29.90,0.0000,true,1,50685
835811008781,false,"מרקיות אמריקאיות ח""פ",בי רייט,CN,"מרקיות אמריקאיות ח""פ",Unknown,0.00,יחידה,false,,29.90,0.0000,true,1,50684
835811008910,false,לפתניות הגשה 8 יח',בי רייט,CN,לפתניות הגשה 8 יח',Unknown,0.00,יחידה,false,,7.90,0.0000,true,1,48250
835811008927,false,כוס ויסקי הנמל 10 יח,בי רייט,CN,כוס ויסקי הנמל 10 יח,Unknown,0.00,יחידה,false,,11.50,0.0000,true,1,119094
835811008996,false,כוסות נייר 50 יח 300,אכוף,CN,כוסות נייר 50 יח 300,Unknown,0.00,יחידה,false,,13.90,0.0000,true,1,48246
835811009016,false,כוסות נייר 50 יח 120,אכוף,CN,כוסות נייר 50 יח 120,Unknown,0.00,יחידה,false,,6.90,0.0000,true,1,48247
835811009139,false,לפתניות מרובע קטן 10,בי רייט,CN,לפתניות מרובע קטן 10,Unknown,0.00,יחידה,false,,9.90,0.0000,true,1,48283
835811009146,false,קערה קטן אובלי אלגנט,מיקרון מקינה,CN,קערה קטן אובלי אלגנט,Unknown,0.00,יחידה,false,,13.90,0.0000,true,1,48279
835811009443,false,מפיות מודפסות תלת שכ,גאט פיפר,DE,מפיות מודפסות תלת שכ,Unknown,0.00,יחידה,false,,5.90,0.0000,true,1,47554
838948000048,false,ממרח שוקולד אגוזים ש,SHNEIDER'S,NL,ממרח שוקולד אגוזים ש,גרמים,700.00,100 גרם,false,,21.90,3.1286,true,1,82952
838948002257,false,עוגיות שוקולד ציפס א,SHNEIDER'S,FR,עוגיות שוקולד ציפס א,גרמים,200.00,100 גרם,false,,8.90,4.4500,true,1,72951
838948002271,false,עוגיות שוקולד ציפס ק,SHNEIDER'S,FR,עוגיות שוקולד ציפס ק,גרמים,200.00,100 גרם,false,,8.90,4.4500,true,1,72949
838948002769,false,"מחית פרי תפו""ע שנייד",שניידרס,FR,"מחית פרי תפו""ע שנייד",גרמים,360.00,100 גרם,false,,12.90,3.5833,true,1,88843
838948002783,false,"מחית פרי תפו""ע ותות",שניידרס,FR,"מחית פרי תפו""ע ותות",גרמים,360.00,100 גרם,false,,12.90,3.5833,true,1,88844
838948004497,false,עוגיות שוקולד ציפס ש,SHNEIDER'S,FR,עוגיות שוקולד ציפס ש,גרמים,200.00,100 גרם,false,,8.90,4.4500,true,1,72950
838948008181,false,עוגיות גרנינו מצופות,שניידרס,FR,עוגיות גרנינו מצופות,גרמים,150.00,100 גרם,false,,12.90,8.6000,true,1,111783
838948008969,false,קרקר יו מרובע שניידר,שניידרס,FR,קרקר יו מרובע שניידר,גרמים,300.00,100 גרם,false,,9.90,3.3000,true,1,97330
844510012111,false,יין רמת יהודה קברנה,אגדת,IL,יין רמת יהודה קברנה,מיליליטרים,750.00,"100 מ""ל",false,,69.90,9.3200,true,1,107106
844510012135,false,יין רמת יהודה פטיט ו,אגדת,IL,יין רמת יהודה פטיט ו,מיליליטרים,750.00,"100 מ""ל",false,,69.90,9.3200,true,1,107108
844510013101,false,יין ג'רוזלם הילז קבר,אגדת,IL,יין ג'רוזלם הילז קבר,מיליליטרים,750.00,"100 מ""ל",false,,39.90,5.3200,true,1,107092
844510013125,false,יין ג'רוזלם הילז מרל,אגדת,IL,יין ג'רוזלם הילז מרל,מיליליטרים,750.00,"100 מ""ל",false,,39.90,5.3200,true,1,107093
854928007067,false,שוקולד מריר 41% רוקה,מאונטיין צוקולט ק.פ.,HK,שוקולד מריר 41% רוקה,גרמים,600.00,100 גרם,false,,13.90,2.3167,true,1,108300
856591000055,false,עוגיות מזרחיות קריספ,עבאדי,IL,עוגיות מזרחיות קריספ,גרמים,400.00,100 גרם,false,,14.90,3.7250,true,1,103294
856591000062,false,עוגיות מזרחיות מלח ע,עבאדי,IL,עוגיות מזרחיות מלח ע,גרמים,400.00,100 גרם,false,,14.90,3.7250,true,1,78996
856591000109,false,עוגיות מזרחיות פריכו,עבאדי,IL,עוגיות מזרחיות פריכו,גרמים,400.00,100 גרם,false,,14.90,3.7250,true,1,103275
856591000512,false,עוגיות מזרחיות מקלונ,עבאדי,IL,עוגיות מזרחיות מקלונ,גרמים,400.00,100 גרם,false,,14.90,3.7250,true,1,109616
856591000949,false,עוגיות קטנטנים עבאדי,עבאדי,IL,עוגיות קטנטנים עבאדי,גרמים,350.00,100 גרם,false,,12.90,3.6857,true,1,114487
856591000970,false,עוגיות מזרחיות מקלונ,עבאדי,IL,עוגיות מזרחיות מקלונ,גרמים,400.00,100 גרם,false,,14.90,3.7250,true,1,118074
884912129512,false,דגני בוקר קוקו פאבלס,פוסט לקיוויל,US,דגני בוקר קוקו פאבלס,גרמים,311.00,100 גרם,false,,19.90,6.3987,true,1,117961
884912359162,false,דגני  בוקר האני בנצ',פוסט לקיוויל,US,דגני  בוקר האני בנצ',גרמים,340.00,100 גרם,false,,21.90,6.4412,true,1,117965
884912359414,false,דגני  בוקר האני בנצ',פוסט לקיוויל,US,דגני  בוקר האני בנצ',גרמים,340.00,100 גרם,false,,21.90,6.4412,true,1,117966
884912359421,false,דגני  בוקר האני בנצ',פוסט לקיוויל,US,דגני  בוקר האני בנצ',גרמים,340.00,100 גרם,false,,21.90,6.4412,true,1,117967
884912365200,false,דגני בוקר עם פירורי,פוסט לקיוויל,US,דגני בוקר עם פירורי,גרמים,311.00,100 גרם,false,,19.90,6.3987,true,1,118060
884912378118,false,דגני בוקר רייזן ברן,פוסט לקיוויל,US,דגני בוקר רייזן ברן,גרמים,471.00,100 גרם,false,,22.90,4.8620,true,1,117963
3014260022730,false,מברשת אורל בי אדוונט,פרוקטר & גמבל,DE,מברשת אורל בי אדוונט,Unknown,0.00,יחידה,false,,16.90,0.0000,true,1,75994
3014400012157,false,ליקר פסטיס אפרון בטע,פיטר הרינג,DK,ליקר פסטיס אפרון בטע,קילוגרמים,1.00,ליטר,false,,79.90,79.9000,true,1,87866
3035542001908,false,ליקר קואנטרו 1 ליטר,קואנטרו,FR,ליקר קואנטרו 1 ליטר,קילוגרמים,1.00,ליטר,false,,119.90,119.9000,true,1,106664
3141360054405,false,מפיג ריח פיניש לימון,רקיט בנקיזר,PL,מפיג ריח פיניש לימון,Unknown,0.00,יחידה,false,,14.90,0.0000,true,1,90101
3281461407172,false,קוניאק ברון רולאנד V,יקב בית אל,IL,קוניאק ברון רולאנד V,מיליליטרים,750.00,"100 מ""ל",false,,199.90,26.6533,true,1,114967
3387390320244,false,דגני בוקר פיטנס עם פ,נסטלה צרפת איטנקורט,FR,דגני בוקר פיטנס עם פ,גרמים,375.00,100 גרם,false,,19.90,5.3067,true,1,56300
3387390525960,false,דגני בוקר קראנצ 500,אסם,FR,דגני בוקר קראנצ 500,גרמים,500.00,100 גרם,false,,19.90,3.9800,true,1,67900
3428681000916,false,"קוניאק דופוי 750 מ""ל",באך גבריאלסון,FR,"קוניאק דופוי 750 מ""ל",מיליליטרים,700.00,"100 מ""ל",false,,119.90,17.1286,true,1,104120
3574660058857,false,שמן גונסונס בייבי 50,גונסון אנד גונסון,IT,שמן גונסונס בייבי 50,גרמים,500.00,100 גרם,false,,29.90,5.9800,true,1,100196
3574660089547,false,טמפונים אובה פרוקומפ,גונסון אנד גונסון,IT,טמפונים אובה פרוקומפ,Unknown,0.00,יחידה,false,,19.90,0.0000,true,1,60084
3574660115154,false,טמפונים אובה פרוקומפ,גונסון אנד גונסון,IT,טמפונים אובה פרוקומפ,Unknown,0.00,יחידה,false,,19.90,0.0000,true,1,60086
3574660239829,false,קרם ידיים ניוטרוג'ינ,גונסון אנד גונסון,FR,קרם ידיים ניוטרוג'ינ,מיליליטרים,75.00,"100 מ""ל",false,,19.90,26.5333,true,1,118983
3574660464337,false,מגן תחתון קרפרי נורמ,גונסון אנד גונסון,IT,מגן תחתון קרפרי נורמ,Unknown,0.00,יחידה,false,,19.90,0.0000,true,1,75991
3574660464368,false,מגן תחתון קרפרי אלוו,גונסון אנד גונסון,IT,מגן תחתון קרפרי אלוו,Unknown,0.00,יחידה,false,,19.90,0.0000,true,1,75992
3574660514643,false,קרם לחות מרגיע ניוטר,גונסון אנד גונסון,FR,קרם לחות מרגיע ניוטר,מיליליטרים,300.00,"100 מ""ל",false,,19.90,6.6333,true,1,118986
3574660520132,false,מי פה ליסטרין מנטה 1,גונסון אנד גונסון,IT,מי פה ליסטרין מנטה 1,קילוגרמים,1.00,ליטר,false,,29.90,29.9000,true,1,83157
3574661098531,false,תחליב גוף ניוטרוג'ינ,גונסון אנד גונסון,GR,תחליב גוף ניוטרוג'ינ,מיליליטרים,400.00,"100 מ""ל",false,,19.90,4.9750,true,1,118987
3574661226491,false,מי פה ליסטרין טוטאל,גונסון אנד גונסון,IT,מי פה ליסטרין טוטאל,קילוגרמים,1.00,ליטר,false,,29.90,29.9000,true,1,110998
3574661487632,false,מגן תחתון קרפרי לארג,קרפרי,IT,מגן תחתון קרפרי לארג,Unknown,0.00,יחידה,false,,19.90,0.0000,true,1,103100
3574661491950,false,מי פה ליסטרין הלבנה,גונסון אנד גונסון,IT,מי פה ליסטרין הלבנה,קילוגרמים,1.00,ליטר,false,,34.90,34.9000,true,1,114907
3574669907682,false,טלק גונסונס בייבי 50,גונסון אנד גונסון,IT,טלק גונסונס בייבי 50,גרמים,500.00,100 גרם,false,,29.90,5.9800,true,1,102035
3574669907729,false,שמפו גונסונס בייבי ג,גונסון אנד גונסון,IT,שמפו גונסונס בייבי ג,מיליליטרים,750.00,"100 מ""ל",false,,14.90,1.9867,true,1,116595
3574669908665,false,אל סבון לפני השינה ג,גונסון אנד גונסון,IT,אל סבון לפני השינה ג,מיליליטרים,750.00,"100 מ""ל",false,,17.90,2.3867,true,1,101992
3574669908948,false,תחליב רחצה עדין גונס,גונסון אנד גונסון,IT,תחליב רחצה עדין גונס,מיליליטרים,750.00,"100 מ""ל",false,,17.90,2.3867,true,1,101993
3607343817547,false,דאו אדידס ספריי לגבר,קולפ,PT,דאו אדידס ספריי לגבר,מיליליטרים,150.00,"100 מ""ל",false,,11.90,7.9333,true,1,118428
3607349687458,false,דאו אדידס ספריי לגבר,קולפ,PT,דאו אדידס ספריי לגבר,מיליליטרים,150.00,"100 מ""ל",false,,11.90,7.9333,true,1,118429
3614223736003,false,דאו אדידס ספריי לגבר,קולפ,PT,דאו אדידס ספריי לגבר,מיליליטרים,150.00,"100 מ""ל",false,,11.90,7.9333,true,1,118430
3661163991146,false,דאו אדידס ספריי לאיש,קולפ,PT,דאו אדידס ספריי לאיש,מיליליטרים,150.00,"100 מ""ל",false,,11.90,7.9333,true,1,41773
3661163991344,false,דאו אדידס ספריי לאיש,קולפ,PT,דאו אדידס ספריי לאיש,מיליליטרים,150.00,"100 מ""ל",false,,11.90,7.9333,true,1,41777
4001432773230,false,יין בלו ווין מוסקטו,יקב רמת הגולן,IL,יין בלו ווין מוסקטו,מיליליטרים,750.00,"100 מ""ל",false,,44.90,5.9867,true,1,115743
4002448017684,false,תרסיס סיליט באנג 750,רקיט בנקיזר,PL,תרסיס סיליט באנג 750,מיליליטרים,750.00,"100 מ""ל",false,,12.50,1.6667,true,1,77391
4002448019480,false,תרסיס סיליט באנג מסי,רקיט בנקיזר,PL,תרסיס סיליט באנג מסי,מיליליטרים,750.00,"100 מ""ל",false,,12.50,1.6667,true,1,77392
4008287051032,false,בירה קרומבאכר פילס פ,יקבי כרמל,IL,בירה קרומבאכר פילס פ,מיליליטרים,500.00,"100 מ""ל",false,,9.90,1.9800,true,1,110847
4008287058161,false,מארז בירה קרומבאכר פ,יקבי כרמל,IL,מארז בירה קרומבאכר פ,קילוגרמים,1.98,ליטר,false,,29.90,15.1010,true,1,110848
4008287762020,false,בירה קרומבאכר חיטה ב,יקבי כרמל,IL,בירה קרומבאכר חיטה ב,מיליליטרים,500.00,"100 מ""ל",false,,9.90,1.9800,true,1,110849
4008287905786,false,בירה קרומבאכר חיטה פ,יקבי כרמל,IL,בירה קרומבאכר חיטה פ,מיליליטרים,500.00,"100 מ""ל",false,,9.90,1.9800,true,1,110842
4008496884896,false,מארז 10 סוללות ורטה,,,מארז 10 סוללות ורטה,Unknown,0.00,יחידה,false,,14.90,0.0000,true,1,106795
4008496927364,false,מארז 10 סוללות ורטה,,,מארז 10 סוללות ורטה,Unknown,0.00,יחידה,false,,14.90,0.0000,true,1,106796
4008535095351,false,בננית מצופה שוקולד ש,שקדיה,IL,בננית מצופה שוקולד ש,גרמים,300.00,100 גרם,false,,12.90,4.3000,true,1,112770
4009300522935,false,תה ירוק פומפדור לימו,טייקנה,DE,תה ירוק פומפדור לימו,גרמים,30.00,100 גרם,false,,14.90,49.6667,true,1,70051
4009300522966,false,תה ירוק פומפדור נענע,טייקנה,DE,תה ירוק פומפדור נענע,גרמים,30.00,100 גרם,false,,14.90,49.6667,true,1,70050
4009300524588,false,חליטת צמחים פומפדור,טייקנה,DE,חליטת צמחים פומפדור,גרמים,60.00,100 גרם,false,,11.90,19.8333,true,1,70046
4009300524625,false,תה פומפדר צאי מסאלה,TEEKANNE- POMPADOU,DE,תה פומפדר צאי מסאלה,גרמים,40.00,100 גרם,false,,11.90,29.7500,true,1,70049
4009300525011,false,תה ירוק פומפדור תפוז,TEEKANNE- POMPADOU,,תה ירוק פומפדור תפוז,גרמים,30.00,100 גרם,false,,14.90,49.6667,true,1,70055
4009300525684,false,חליטת פירות פומפדור,טייקנה,DE,חליטת פירות פומפדור,גרמים,35.00,100 גרם,false,,11.90,34.0000,true,1,70043
4009300526438,false,תה ירוק פומפדור קלאס,טייקנה,DE,תה ירוק פומפדור קלאס,גרמים,30.00,100 גרם,false,,14.90,49.6667,true,1,73665
4009900402965,false,מסטיק אורביט בבקבוק,ריגלי,PL,מסטיק אורביט בבקבוק,Unknown,0.00,יחידה,false,,9.40,0.0000,true,1,83266
4009900403023,false,מסטיק אורביט בבקבוק,ריגלי,PL,מסטיק אורביט בבקבוק,Unknown,0.00,יחידה,false,,9.40,0.0000,true,1,83262
4009900420129,false,מסטיק אורביט בבקבוק,ריגלי,PL,מסטיק אורביט בבקבוק,Unknown,0.00,יחידה,false,,9.40,0.0000,true,1,100387
4009900455299,false,סוכריות סקיטלס פירות,ריגלי,PL,סוכריות סקיטלס פירות,גרמים,174.00,100 גרם,false,,7.90,4.5402,true,1,74517
4009900465304,false,סוכריות סקיטלס פירות,ריגלי,PL,סוכריות סקיטלס פירות,גרמים,174.00,100 גרם,false,,7.90,4.5402,true,1,74518
4009900479998,false,מסטיק אורביט בבקבוק,ריגלי,PL,מסטיק אורביט בבקבוק,Unknown,0.00,יחידה,false,,9.40,0.0000,true,1,83264
4009900482417,false,מסטיק אורביט בבקבוק,ריגלי,PL,מסטיק אורביט בבקבוק,גרמים,64.00,100 גרם,false,,9.40,14.6875,true,1,83263
4009900483803,false,מסטיק אירוובס פרופשי,ריגלי,PL,מסטיק אירוובס פרופשי,גרמים,84.00,100 גרם,false,,10.90,12.9762,true,1,100262
4009900484060,false,מסטיק אורביט פרופשיו,ריגלי,PL,מסטיק אורביט פרופשיו,גרמים,84.00,100 גרם,false,,10.90,12.9762,true,1,74519
4009900491044,false,מסטיק אירוובס  אוכמנ,ריגלי,PL,מסטיק אירוובס  אוכמנ,גרמים,84.00,100 גרם,false,,10.90,12.9762,true,1,100268
4009900496247,false,מסטיק אורביט בבלימנט,ריגלי,PL,מסטיק אורביט בבלימנט,גרמים,84.00,100 גרם,false,,10.90,12.9762,true,1,100263
4009900531122,false,מסטיק אורביט בבקבוק,ריגלי,PL,מסטיק אורביט בבקבוק,Unknown,0.00,יחידה,false,,9.40,0.0000,true,1,100388
4012273123009,false,קרם ידיים ניוטרוג'ינ,גונסון אנד גונסון,FR,קרם ידיים ניוטרוג'ינ,מיליליטרים,50.00,"100 מ""ל",false,,19.90,39.8000,true,1,118984
4015400564454,false,מגן תחתון אולוויז מג,פרוקטר & גמבל,,מגן תחתון אולוויז מג,Unknown,0.00,יחידה,false,,16.90,0.0000,true,1,66797
4015400598329,false,תחבושות אלוויז קוואט,פרוקטר & גמבל,HU,תחבושות אלוויז קוואט,Unknown,0.00,יחידה,false,,29.90,0.0000,true,1,67529
4015400598381,false,תחבושות אלוויז קוואט,פרוקטר & גמבל,HU,תחבושות אלוויז קוואט,Unknown,0.00,יחידה,false,,29.90,0.0000,true,1,67528
4015400598411,false,תחבושות אלוויז קוואט,פרוקטר & גמבל,HU,תחבושות אלוויז קוואט,Unknown,0.00,יחידה,false,,29.90,0.0000,true,1,67527
4015400695677,false,חיתולי פמפרס בייבי ד,פרוקטר & גמבל,TR,חיתולי פמפרס בייבי ד,Unknown,0.00,יחידה,false,,64.90,0.0000,true,1,115707
4015400695691,false,חיתולי פמפרס בייבי ד,פרוקטר & גמבל,TR,חיתולי פמפרס בייבי ד,Unknown,0.00,יחידה,false,,64.90,0.0000,true,1,115710
4015400746812,false,מגן תחתון אולוויז מג,פרוקטר & גמבל,,מגן תחתון אולוויז מג,Unknown,0.00,יחידה,false,,16.90,0.0000,true,1,87924
4015600762742,false,שמפו הד&שולדרס קלאסי,פרוקטר & גמבל,,שמפו הד&שולדרס קלאסי,מיליליטרים,500.00,"100 מ""ל",false,,17.90,3.5800,true,1,68877
4015600762780,false,שמפו ומרכך הד&שולדרס,פרוקטר & גמבל,,שמפו ומרכך הד&שולדרס,מיליליטרים,500.00,"100 מ""ל",false,,17.90,3.5800,true,1,68878
4015600762902,false,שמפו הד&שולדרס מנטול,פרוקטר & גמבל,,שמפו הד&שולדרס מנטול,מיליליטרים,500.00,"100 מ""ל",false,,17.90,3.5800,true,1,68879
4015600762940,false,שמפו הד&שולדרס תפוח,,,שמפו הד&שולדרס תפוח,מיליליטרים,500.00,"100 מ""ל",false,,17.90,3.5800,true,1,68883
4015600763022,false,שמפו הד&שולדרס מגע מ,פרוקטר & גמבל,,שמפו הד&שולדרס מגע מ,מיליליטרים,500.00,"100 מ""ל",false,,17.90,3.5800,true,1,68882
4015600810849,false,דאו גל גילט קליר פאו,פרוקטר & גמבל,,דאו גל גילט קליר פאו,גרמים,70.00,100 גרם,false,,17.90,25.5714,true,1,85306
4022025001905,false,יין בלו ווין זהב 24K,יקב רמת הגולן,IL,יין בלו ווין זהב 24K,מיליליטרים,750.00,"100 מ""ל",false,,49.90,6.6533,true,1,115744
4022025001929,false,יין בלו ווין כחול מב,יקב רמת הגולן,IL,יין בלו ווין כחול מב,מיליליטרים,750.00,"100 מ""ל",false,,49.90,6.6533,true,1,115745
4022025002100,false,יין בלו ווין רוזה 24,יקב רמת הגולן,IL,יין בלו ווין רוזה 24,מיליליטרים,750.00,"100 מ""ל",false,,49.90,6.6533,true,1,115746
4022025261002,false,יין לבן בלו ווין גוו,לנגוט טראבן,DE,יין לבן בלו ווין גוו,מיליליטרים,750.00,"100 מ""ל",false,,44.90,5.9867,true,1,108384
4052197000017,false,בירה בנדיקטינר 5.4%,,,בירה בנדיקטינר 5.4%,מיליליטרים,500.00,"100 מ""ל",false,,8.90,1.7800,true,1,115028
4053700292455,false,רצועות שעווה לעור רג,רקיט בנקיזר,FR,רצועות שעווה לעור רג,Unknown,0.00,יחידה,false,,19.90,0.0000,true,1,103923
4066600999614,false,בירה מעוננת פאולנר 5,פאולנר,DE,בירה מעוננת פאולנר 5,מיליליטרים,500.00,"100 מ""ל",false,,10.90,2.1800,true,1,92255
4084500371453,false,אבקת טייד אלפיין 8 ק,פרוקטר & גמבל,FR,אבקת טייד אלפיין 8 ק,פריט,8.00,"ק""ג",false,,39.90,4.9875,true,1,74492
4105120623941,false,בירה ויינשטפן 5.4% 5,קרלסברג ישראל,IL,בירה ויינשטפן 5.4% 5,מיליליטרים,500.00,"100 מ""ל",false,,9.90,1.9800,true,1,93416
4105120624412,false,בירה ויינשטפן 7.7% 5,קרלסברג ישראל,IL,בירה ויינשטפן 7.7% 5,מיליליטרים,500.00,"100 מ""ל",false,,9.90,1.9800,true,1,108794
4210201176688,false,ראש חשמלי למברשת שינ,פרוקטר & גמבל,IE,ראש חשמלי למברשת שינ,Unknown,0.00,יחידה,false,,69.90,0.0000,true,1,114260
4210201262183,false,מברשת שיניים חשמלית,פרוקטר & גמבל,DE,מברשת שיניים חשמלית,Unknown,0.00,יחידה,false,,79.90,0.0000,true,1,104965
4210201320111,false,מברשת שיניים חשמלית,פרוקטר & גמבל,DE,מברשת שיניים חשמלית,Unknown,0.00,יחידה,false,,79.90,0.0000,true,1,114991
4210201320210,false,ראש חשמלי למברשת שינ,פרוקטר & גמבל,IE,ראש חשמלי למברשת שינ,Unknown,0.00,יחידה,false,,69.90,0.0000,true,1,114994
4210201360742,false,ראש חשמלי למברשת שינ,פרוקטר & גמבל,IE,ראש חשמלי למברשת שינ,Unknown,0.00,יחידה,false,,69.90,0.0000,true,1,114261
4210201403319,false,מברשת שיניים חשמלית,פרוקטר & גמבל,DE,מברשת שיניים חשמלית,Unknown,0.00,יחידה,false,,79.90,0.0000,true,1,114993
4260147890513,false,אטריות ביצים דקות שק,קאוו אס,PL,אטריות ביצים דקות שק,גרמים,500.00,100 גרם,false,,9.90,1.9800,true,1,58011
4260147890537,false,אטריות ביצים רחבות ש,קאוו אס,PL,אטריות ביצים רחבות ש,גרמים,500.00,100 גרם,false,,9.90,1.9800,true,1,58010
4260147890551,false,אטריות ביצים רצועות,קאוו אס,PL,אטריות ביצים רצועות,גרמים,500.00,100 גרם,false,,9.90,1.9800,true,1,58007
4260147890711,false,אטריות ביצים מגולגלו,קאוו אס,PL,אטריות ביצים מגולגלו,גרמים,500.00,100 גרם,false,,9.90,1.9800,true,1,58006
4602486000954,false,וודקה בלנקאיה גולד 1,מזקקת גורגיבסקי,RU,וודקה בלנקאיה גולד 1,קילוגרמים,1.00,ליטר,false,,69.90,69.9000,true,1,112920
4603400000067,false,וודקה רוסקי סטנדרט 1,רוסקי סטנדרט,RU,וודקה רוסקי סטנדרט 1,קילוגרמים,1.00,ליטר,false,,79.90,79.9000,true,1,101820
4603400000937,false,וודקה רוסקי סטנדרט ג,,RU,וודקה רוסקי סטנדרט ג,קילוגרמים,1.00,ליטר,false,,99.90,99.9000,true,1,116739
4603400002542,false,וודקה רוסקי סטנדרט מ,רוסקי סטנדרט,RU,וודקה רוסקי סטנדרט מ,קילוגרמים,1.00,ליטר,false,,74.90,74.9000,true,1,114404
4603928000983,false,וודקה בלוגה 1 ליטר,מרינסק דיסטילרי,,וודקה בלוגה 1 ליטר,קילוגרמים,1.00,ליטר,false,,129.90,129.9000,true,1,93688
4640018993398,false,טבליות פיניש קוואנטו,רקיט בנקיזר,PL,טבליות פיניש קוואנטו,Unknown,0.00,יחידה,false,,54.90,0.0000,true,1,105608
4710964104916,false,שמן שומשום טהור מזרח,פלייבור פול פודס טיי,TW,שמן שומשום טהור מזרח,מיליליטרים,370.00,"100 מ""ל",false,,19.90,5.3784,true,1,104186
4710964170799,false,שומשום שחור קלוי מזר,פלייבור פול פודס טיי,TW,שומשום שחור קלוי מזר,גרמים,91.00,100 גרם,false,,16.50,18.1319,true,1,104187
4751007730938,false,שפורט מעושן בשמן דבר,karavela,LV,שפורט מעושן בשמן דבר,גרמים,240.00,100 גרם,false,,7.90,3.2917,true,1,97116
4791021002789,false,תה ירוק 100 שקיקים,IMPERIAL TEA EXPORT,,תה ירוק 100 שקיקים,גרמים,200.00,100 גרם,false,,19.90,9.9500,true,1,79282
4791021003588,false,תה שחור אימפרה 100 ש,IMPERIAL TEA EXPORT,,תה שחור אימפרה 100 ש,גרמים,150.00,100 גרם,false,,9.90,6.6000,true,1,74363
4791021004462,false,תה ירוק תפוח 25 שקיק,IMPERIAL TEA EXPORT,,תה ירוק תפוח 25 שקיק,גרמים,50.00,100 גרם,false,,9.90,19.8000,true,1,95556
4791021004554,false,תה ירוק מנטה 25 שקיק,IMPERIAL TEA EXPORT,,תה ירוק מנטה 25 שקיק,גרמים,50.00,100 גרם,false,,9.90,19.8000,true,1,95557
4791021006695,false,תה ירוק יסמין 25 שקי,IMPERIAL TEA EXPORT,,תה ירוק יסמין 25 שקי,גרמים,50.00,100 גרם,false,,9.90,19.8000,true,1,95558
4791021009399,false,תה ירוק קלאסי 25 שקי,IMPERIAL TEA EXPORT,,תה ירוק קלאסי 25 שקי,גרמים,50.00,100 גרם,false,,9.90,19.8000,true,1,95555
4791021901969,false,תה ירוק חמוציות 25 ש,IMPERIAL TEA EXPORT,,תה ירוק חמוציות 25 ש,גרמים,50.00,100 גרם,false,,9.90,19.8000,true,1,95553
4791021901983,false,תה ירוק צאי מסלה 25,IMPERIAL TEA EXPORT,,תה ירוק צאי מסלה 25,גרמים,50.00,100 גרם,false,,9.90,19.8000,true,1,95554
4791021904861,false,תה ירוק גינגר 25 שקי,IMPERIAL TEA EXPORT,,תה ירוק גינגר 25 שקי,גרמים,50.00,100 גרם,false,,9.90,19.8000,true,1,95552
4791021944720,false,תה ארל גריי  שחור 10,IMPERIAL TEA EXPORT,,תה ארל גריי  שחור 10,גרמים,200.00,100 גרם,false,,19.90,9.9500,true,1,96507
4891228430054,false,סכיני גילוח לנשים שי,שיק,CN,סכיני גילוח לנשים שי,Unknown,0.00,יחידה,false,,9.90,0.0000,true,1,90118
4891228430092,false,סכיני גילוח לנשים שי,שיק,CN,סכיני גילוח לנשים שי,Unknown,0.00,יחידה,false,,14.90,0.0000,true,1,92233
4891228460242,false,סכיני גילוח לנשים 4,שיק,CN,סכיני גילוח לנשים 4,Unknown,0.00,יחידה,false,,19.90,0.0000,true,1,103269
4903001904192,false,רוטב סויה יאמאסה 500,יאמאסה,JP,רוטב סויה יאמאסה 500,גרמים,500.00,100 גרם,false,,17.50,3.5000,true,1,116889
4903001925784,false,רוטב סויה מופחת נתרן,יאמאסה,JP,רוטב סויה מופחת נתרן,גרמים,500.00,100 גרם,false,,17.50,3.5000,true,1,116890
4903001930993,false,רוטב טריאקי יאמאסה 5,יאמאסה,JP,רוטב טריאקי יאמאסה 5,גרמים,500.00,100 גרם,false,,17.50,3.5000,true,1,116891
4987176128188,false,מברשת שיניים אורל בי,פרוקטר & גמבל,IN,מברשת שיניים אורל בי,Unknown,0.00,יחידה,false,,9.90,0.0000,true,1,118505
5000146048671,false,סילבו מטליות לניקוי,RB פורטוגל,PT,סילבו מטליות לניקוי,Unknown,0.00,יחידה,false,,12.90,0.0000,true,1,65996
5000157143365,false,רוטב בטעם מיונז וקטש,היינץ,PL,רוטב בטעם מיונז וקטש,גרמים,425.00,100 גרם,false,,14.90,3.5059,true,1,109820
5000281005416,false,ויסקי טליסקר סינגל מ,טליסקר,GB,ויסקי טליסקר סינגל מ,מיליליטרים,700.00,"100 מ""ל",false,,179.90,25.7000,true,1,111769
5000299211243,false,ויסקי שיבאס 21 רויאל,,,ויסקי שיבאס 21 רויאל,מיליליטרים,700.00,"100 מ""ל",false,,349.90,49.9857,true,1,93685
5000299225004,false,ויסקי שיבאס ריגל 18,מזקקת האחים שיבאס,,ויסקי שיבאס ריגל 18,מיליליטרים,700.00,"100 מ""ל",false,,199.90,28.5571,true,1,89174
5000299225028,false,ויסקי שיבאס ריגל 18,,,ויסקי שיבאס ריגל 18,מיליליטרים,750.00,"100 מ""ל",false,,199.90,26.6533,true,1,87846
5000299609347,false,ויסקי גלנליווט פאונד,גורג וגיי גי סמית,,ויסקי גלנליווט פאונד,מיליליטרים,700.00,"100 מ""ל",false,,119.90,17.1286,true,1,96490
5000394093812,false,סוללות דורסל סימפלי,דורסל,,סוללות דורסל סימפלי,Unknown,0.00,יחידה,false,,24.90,0.0000,true,1,96132
5000394093836,false,סוללות דורסל סימפלי,דורסל,,סוללות דורסל סימפלי,Unknown,0.00,יחידה,false,,24.90,0.0000,true,1,96133
5000488108422,false,ספאטון תוסף תזונה המ,,,ספאטון תוסף תזונה המ,גרמים,816.00,100 גרם,false,,79.90,9.7917,true,1,117329
5010029000252,false,דגני בוקר וויטביקס א,וויטביקס,GB,דגני בוקר וויטביקס א,גרמים,430.00,100 גרם,false,,21.90,5.0930,true,1,117977
5010106111956,false,ויסקי בלנטיינס 1 ליט,גורג בלנטיין,US,ויסקי בלנטיינס 1 ליט,קילוגרמים,1.00,ליטר,false,,89.90,89.9000,true,1,96497
5010327105215,false,ויסקי מאנקי שולדר 70,וויליאם גרנט ובניו,,ויסקי מאנקי שולדר 70,מיליליטרים,700.00,"100 מ""ל",false,,109.90,15.7000,true,1,111710
5010391101007,false,ליקר דרמבוי 1 ליטר,גלזגו,GB,ליקר דרמבוי 1 ליטר,קילוגרמים,1.00,ליטר,false,,139.90,139.9000,true,1,112807
5010677551281,false,בקרדי בריזר לימון 27,בקרדי מרטיני,BE,בקרדי בריזר לימון 27,מיליליטרים,275.00,"100 מ""ל",false,,12.90,4.6909,true,1,53475
5010677551397,false,בקרדי בריזר ליים 275,בקרדי מרטיני,BE,בקרדי בריזר ליים 275,מיליליטרים,275.00,"100 מ""ל",false,,12.90,4.6909,true,1,104016
5010677552387,false,בקרדי בריזר אננס 275,בקרדי מרטיני,BE,בקרדי בריזר אננס 275,מיליליטרים,275.00,"100 מ""ל",false,,12.90,4.6909,true,1,53476
5010677554398,false,בקרדי בריזר אבטיח 27,בקרדי מרטיני,BE,בקרדי בריזר אבטיח 27,מיליליטרים,275.00,"100 מ""ל",false,,12.90,4.6909,true,1,53474
5011007003227,false,ויסקי גיימסון 1 ליטר,אייריש דיסטלריז,,ויסקי גיימסון 1 ליטר,קילוגרמים,1.00,ליטר,false,,99.90,99.9000,true,1,96506
5024546356587,false,ויסקי גראנד מקניש 1,אגדת,IL,ויסקי גראנד מקניש 1,קילוגרמים,1.00,ליטר,false,,74.90,74.9000,true,1,111277
5024546366630,false,ויסקי לאודרס סקוטי 1,אגדת,IL,ויסקי לאודרס סקוטי 1,קילוגרמים,1.00,ליטר,false,,79.90,79.9000,true,1,111666
5029053538426,false,חיתולי שחייה האגיס ל,חוגלה קימברלי,IL,חיתולי שחייה האגיס ל,Unknown,0.00,יחידה,false,,28.50,0.0000,true,1,111573
5050083559761,false,קלוגס קוקו פופס שוקו,קלוגס,DE,קלוגס קוקו פופס שוקו,גרמים,500.00,100 גרם,false,,14.90,2.9800,true,1,60662
5053827215862,false,קלוגס קוקו פופס שוקו,קלוגס,DE,קלוגס קוקו פופס שוקו,גרמים,500.00,100 גרם,false,,14.90,2.9800,true,1,111407
5060060210219,false,תרסיס אסטוניש מבריק,יעקב יעקובי,IL,תרסיס אסטוניש מבריק,מיליליטרים,750.00,"100 מ""ל",false,,9.90,1.3200,true,1,87323
5060060211605,false,קרם אסטוניש לניקוי ב,יעקב יעקובי,IL,קרם אסטוניש לניקוי ב,מיליליטרים,500.00,"100 מ""ל",false,,9.90,1.9800,true,1,114988
5060060211612,false,קרם אסטוניש לניקוי ע,יעקב יעקובי,IL,קרם אסטוניש לניקוי ע,מיליליטרים,500.00,"100 מ""ל",false,,9.90,1.9800,true,1,114989
5060809351371,false,כפפות ויניל 100 יח מ,,,כפפות ויניל 100 יח מ,Unknown,0.00,יחידה,false,,14.90,0.0000,true,1,112759
5060809351395,false,כפפות ויניל 100 יח מ,,,כפפות ויניל 100 יח מ,Unknown,0.00,יחידה,false,,14.90,0.0000,true,1,112761
5060809351401,false,כפפות ויניל 100 יח מ,,,כפפות ויניל 100 יח מ,Unknown,0.00,יחידה,false,,14.90,0.0000,true,1,112762
5060809354747,false,כפפות ניטריל 100 יחי,,,כפפות ניטריל 100 יחי,Unknown,0.00,יחידה,false,,21.90,0.0000,true,1,115110
5060809354761,false,כפפות ניטריל 100 יחי,,,כפפות ניטריל 100 יחי,Unknown,0.00,יחידה,false,,21.90,0.0000,true,1,115112
5060809354778,false,כפפות ניטריל 100 יחי,,,כפפות ניטריל 100 יחי,Unknown,0.00,יחידה,false,,21.90,0.0000,true,1,115113
5099864006384,false,סימילאק מהדרין שלב 2,אבוט,NL,סימילאק מהדרין שלב 2,גרמים,900.00,100 גרם,false,,69.90,7.7667,true,1,57645
5099864006391,false,סימילאק מהדרין שלב 3,אבוט,NL,סימילאק מהדרין שלב 3,גרמים,900.00,100 גרם,false,,69.90,7.7667,true,1,57646
5201085540084,false,סוכריות גילו מיקס 70,אולמפיק,GR,סוכריות גילו מיקס 70,גרמים,700.00,100 גרם,false,,13.90,1.9857,true,1,59178
5201347400545,false,רצועות שעווה פנים וי,רקיט בנקיזר,FR,רצועות שעווה פנים וי,Unknown,0.00,יחידה,false,,19.90,0.0000,true,1,103991
5202175001515,false,נאצ'וס בטעם מלוח אל,אל סבור מקסיקן פוד,TW,נאצ'וס בטעם מלוח אל,גרמים,225.00,100 גרם,false,,4.90,2.1778,true,1,104164
5202175001546,false,נאצ'וס בטעם ברביקיו,אל סבור מקסיקן פוד,TW,נאצ'וס בטעם ברביקיו,גרמים,225.00,100 גרם,false,,4.90,2.1778,true,1,104165
5290074003198,false,מיץ תפוזים 100% פאן,קהאן,קפריסין,מיץ תפוזים 100% פאן,קילוגרמים,1.00,ליטר,false,,9.90,9.9000,true,1,118024
5290074003211,false,מיץ אננס 100% פאן 1,קהאן,קפריסין,מיץ אננס 100% פאן 1,קילוגרמים,1.00,ליטר,false,,9.90,9.9000,true,1,118026
5290074003228,false,מיץ תפוחים 100% פאן,קהאן,קפריסין,מיץ תפוחים 100% פאן,קילוגרמים,1.00,ליטר,false,,9.90,9.9000,true,1,118027
5290074004225,false,מיץ מיקס תפוזים תפוח,קהאן,קפריסין,מיץ מיקס תפוזים תפוח,קילוגרמים,1.00,ליטר,false,,9.90,9.9000,true,1,118028
5391523062152,false,סימילאק מהדרין שלב 1,אבוט,IE,סימילאק מהדרין שלב 1,גרמים,400.00,100 גרם,false,,29.90,7.4750,true,1,118059
5410126006087,false,ביסקוויט קרמל לוטוס,לוטוס ביקרי,BE,ביסקוויט קרמל לוטוס,גרמים,700.00,100 גרם,false,,19.90,2.8429,true,1,71767
5410126006360,false,עוגיות סנדוויץ בטעם,,,עוגיות סנדוויץ בטעם,גרמים,150.00,100 גרם,false,,8.90,5.9333,true,1,113729
5410126116953,false,ממרח עוגיות לוטוס 40,לוטוס,BE,ממרח עוגיות לוטוס 40,גרמים,400.00,100 גרם,false,,19.90,4.9750,true,1,65744
5410126666038,false,ביסקוויט קרמל לוטוס,לוטוס ביקרי,BE,ביסקוויט קרמל לוטוס,גרמים,279.00,100 גרם,false,,9.90,3.5484,true,1,97585
5410126726947,false,ממרח עוגיות קראנצ לו,לוטוס,BE,ממרח עוגיות קראנצ לו,גרמים,380.00,100 גרם,false,,19.90,5.2368,true,1,72801
5410228141785,false,"בירה הוגרדן 330 מ""ל",,BE,"בירה הוגרדן 330 מ""ל",מיליליטרים,330.00,"100 מ""ל",false,,6.90,2.0909,true,1,103333
5410228142089,false,בירה לף בלונד 6.6%,קרלסברג יבוא יצוא,,בירה לף בלונד 6.6%,מיליליטרים,330.00,"100 מ""ל",false,,6.90,2.0909,true,1,74174
5410316983693,false,"סמירנוף אייס 275 מ""ל",דיאגו,GB,"סמירנוף אייס 275 מ""ל",מיליליטרים,275.00,"100 מ""ל",false,,12.90,4.6909,true,1,108105
5411081003654,false,בירה קסטיל רוז 330 מ,ואן הונסברוק,BE,בירה קסטיל רוז 330 מ,מיליליטרים,330.00,"100 מ""ל",false,,11.90,3.6061,true,1,117154
5411188080268,false,משקה סויה אורגני אלפ,אלפרו,BE,משקה סויה אורגני אלפ,קילוגרמים,1.00,ליטר,false,,11.90,11.9000,true,1,72232
5411188081852,false,משקה סויה וניל אלפרו,אלפרו,BE,משקה סויה וניל אלפרו,קילוגרמים,1.00,ליטר,false,,11.90,11.9000,true,1,72231
5411188094159,false,מארז מעדן סויה שוקול,אלפרו,BE,מארז מעדן סויה שוקול,גרמים,500.00,100 גרם,false,,15.90,3.1800,true,1,60082
5411188094173,false,מארז מעדן סויה בטעם,אלפרו,BE,מארז מעדן סויה בטעם,גרמים,500.00,100 גרם,false,,15.90,3.1800,true,1,119022
5411188096108,false,סויה לבישול 4.7% אלפ,אלפרו,BE,סויה לבישול 4.7% אלפ,מיליליטרים,250.00,"100 מ""ל",false,,7.90,3.1600,true,1,74267
5411188110835,false,משקה שקדים אלפרו 1 ל,אלפרו,BE,משקה שקדים אלפרו 1 ל,קילוגרמים,1.00,ליטר,false,,11.90,11.9000,true,1,74263
5411188112549,false,משקה אורז ללא סוכר א,אלפרו,BE,משקה אורז ללא סוכר א,קילוגרמים,1.00,ליטר,false,,11.90,11.9000,true,1,74261
5411188112709,false,משקה שקדים לא ממותק,אלפרו,BE,משקה שקדים לא ממותק,קילוגרמים,1.00,ליטר,false,,11.90,11.9000,true,1,97146
5411188115366,false,משקה שיבולת שועל אלפ,אלפרו,BE,משקה שיבולת שועל אלפ,קילוגרמים,1.00,ליטר,false,,12.90,12.9000,true,1,74260
5411188115434,false,משקה בריסטה סויה אלפ,אלפרו,BE,משקה בריסטה סויה אלפ,קילוגרמים,1.00,ליטר,false,,12.90,12.9000,true,1,116581
5411188115472,false,משקה סויה אלפרו 1 לי,אלפרו,BE,משקה סויה אלפרו 1 לי,קילוגרמים,1.00,ליטר,false,,11.90,11.9000,true,1,108203
5411188118732,false,משקה קוקוס שקדים אלפ,אלפרו,BE,משקה קוקוס שקדים אלפ,קילוגרמים,1.00,ליטר,false,,12.90,12.9000,true,1,86314
5411188120742,false,משקה שקדים וניל אלפר,אלפרו,BE,משקה שקדים וניל אלפר,קילוגרמים,1.00,ליטר,false,,12.90,12.9000,true,1,86315
5411188120957,false,קוקוס לבישול 14% אלפ,שטראוס,IL,קוקוס לבישול 14% אלפ,מיליליטרים,250.00,"100 מ""ל",false,,7.90,3.1600,true,1,115394
5411188124689,false,משקה שיבולת שועל ללא,אלפרו,BE,משקה שיבולת שועל ללא,קילוגרמים,1.00,ליטר,false,,12.90,12.9000,true,1,109092
5411188127697,false,משקה בריסטה שיבולת ש,אלפרו,BE,משקה בריסטה שיבולת ש,קילוגרמים,1.00,ליטר,false,,12.90,12.9000,true,1,109093
5411188134985,false,משקה שיבולת שועל 3.5,שטראוס,IL,משקה שיבולת שועל 3.5,קילוגרמים,1.00,ליטר,false,,12.90,12.9000,true,1,115395
5411188135005,false,משקה שיבולת  1.8% שו,שטראוס,IL,משקה שיבולת  1.8% שו,קילוגרמים,1.00,ליטר,false,,12.90,12.9000,true,1,115396
5411188300328,false,משקה סויה שוקו אלפרו,אלפרו,BE,משקה סויה שוקו אלפרו,קילוגרמים,1.00,ליטר,false,,11.90,11.9000,true,1,72230
5411188513483,false,סויה לבישול 14% אלפר,שטראוס,IL,סויה לבישול 14% אלפר,מיליליטרים,250.00,"100 מ""ל",false,,9.90,3.9600,true,1,115397
5411188543398,false,משקה סויה ללא תוספת,אלפרו,BE,משקה סויה ללא תוספת,קילוגרמים,1.00,ליטר,false,,11.90,11.9000,true,1,107535
5711953106583,false,גבינת שמנת טבעי 24.5,שטראוס,IL,גבינת שמנת טבעי 24.5,גרמים,200.00,100 גרם,false,,13.90,6.9500,true,1,103681
5711953106590,false,גבינת שמנת שום 24% א,שטראוס,IL,גבינת שמנת שום 24% א,גרמים,200.00,100 גרם,false,,13.90,6.9500,true,1,103682
5711953106606,false,גבינת שמנת עשבי תיבו,שטראוס,IL,גבינת שמנת עשבי תיבו,גרמים,200.00,100 גרם,false,,13.90,6.9500,true,1,103683
5772739450139,false,דבש באריזות אישיות ג,גייקובס,DK,דבש באריזות אישיות ג,גרמים,96.00,100 גרם,false,,3.90,4.0625,true,1,118165
5900020026552,false,דגני בוקר האני נאט צ,נסטלה צרפת איטנקורט,FR,דגני בוקר האני נאט צ,גרמים,625.00,100 גרם,false,,19.90,3.1840,true,1,104433
5900020039590,false,חטיף דגנים קלאסי פיט,אסם,IL,חטיף דגנים קלאסי פיט,גרמים,141.00,100 גרם,false,,13.90,9.8582,true,1,113276
5900020039620,false,חטיף דגנים שקדים ודב,אסם,IL,חטיף דגנים שקדים ודב,גרמים,141.00,100 גרם,false,,13.90,9.8582,true,1,113277
5900907000835,false,מלפפון בחומץ אורבנק,urbanek,PL,מלפפון בחומץ אורבנק,פריט,2.55,"ק""ג",false,,29.90,11.7255,true,1,83297
5901483010102,false,"חליטת תפו""ע פירות יע",bifix,,"חליטת תפו""ע פירות יע",גרמים,50.00,100 גרם,false,,7.90,15.8000,true,1,74042
5901483020309,false,חליטת פירות יער 25 ש,bifix,,חליטת פירות יער 25 ש,גרמים,50.00,100 גרם,false,,7.90,15.8000,true,1,74145
5901483060022,false,חליטת עלי מרווה 20 ש,bifix,,חליטת עלי מרווה 20 ש,גרמים,40.00,100 גרם,false,,7.90,19.7500,true,1,74150
5901483060060,false,חליטת שומר 20 שקיקים,bifix,,חליטת שומר 20 שקיקים,גרמים,40.00,100 גרם,false,,7.90,19.7500,true,1,95559
5901483060206,false,חליטת מנטה 20 שקיקים,bifix,,חליטת מנטה 20 שקיקים,גרמים,40.00,100 גרם,false,,7.90,19.7500,true,1,74148
5901483060404,false,חליטת בבונג 20 שקיקי,bifix,,חליטת בבונג 20 שקיקי,גרמים,35.00,100 גרם,false,,7.90,22.5714,true,1,74040
5901483081027,false,חליטת לואיזה 20 שקיק,bifix,,חליטת לואיזה 20 שקיק,גרמים,35.00,100 גרם,false,,7.90,22.5714,true,1,74821
5902198160403,false,משקה אנרגיה אקסל ללא,טמפו,IL,משקה אנרגיה אקסל ללא,מיליליטרים,250.00,"100 מ""ל",false,,3.90,1.5600,true,1,91720
5904941750312,false,משקה אנרגיה בלו דיי,אקו ביט,,משקה אנרגיה בלו דיי,מיליליטרים,250.00,"100 מ""ל",false,,4.50,1.8000,true,1,67864
5904941751302,false,משקה אנרגיה בלו 250,אקו ביט,PL,משקה אנרגיה בלו 250,מיליליטרים,250.00,"100 מ""ל",false,,4.50,1.8000,true,1,50249
5904941751920,false,משקה אנרגיה בלו דיי,אקו ביט,,משקה אנרגיה בלו דיי,מיליליטרים,250.00,"100 מ""ל",false,,4.50,1.8000,true,1,67399
5904941752262,false,משקה אנרגיה בלו סיקס,אקווה ויט,PL,משקה אנרגיה בלו סיקס,מיליליטרים,250.00,"100 מ""ל",false,,4.50,1.8000,true,1,108012
5906485301012,false,משקה אנרגיה אקסל 250,טמפו,IL,משקה אנרגיה אקסל 250,מיליליטרים,250.00,"100 מ""ל",false,,3.90,1.5600,true,1,54872
5997321770307,false,רצועות שעווה לעור רג,רקיט בנקיזר,FR,רצועות שעווה לעור רג,Unknown,0.00,יחידה,false,,19.90,0.0000,true,1,103924
6009684861000,false,חטיף דגנים בטעם דבש,,MK,חטיף דגנים בטעם דבש,גרמים,125.00,100 גרם,false,,9.90,7.9200,true,1,40400
6102021100869,false,מארז 19 סוללות כפתור,,,מארז 19 סוללות כפתור,Unknown,0.00,יחידה,false,,14.90,0.0000,true,1,114121
6102022100202,false,מארז 12 סוללות אלקלי,,,מארז 12 סוללות אלקלי,Unknown,0.00,יחידה,false,,11.90,0.0000,true,1,117273
6111049000150,false,סרדין בשמן ולימון 12,אטלנטיק הום סרדינס א,MA,סרדין בשמן ולימון 12,גרמים,125.00,100 גרם,false,,4.90,3.9200,true,1,66358
6111049003106,false,מארז סרדין מרוקאי בש,אטלנטיק הום סרדינס א,MA,מארז סרדין מרוקאי בש,גרמים,500.00,100 גרם,false,,14.90,2.9800,true,1,101470
6111049003113,false,מארז סרדין מרוקאי בש,אטלנטיק הום סרדינס א,MA,מארז סרדין מרוקאי בש,גרמים,500.00,100 גרם,false,,14.90,2.9800,true,1,101471
6111119000011,false,קוסקוס מרוקאי פרידה,,,קוסקוס מרוקאי פרידה,פריט,1.00,"ק""ג",false,,12.90,12.9000,true,1,43733
6112014100301,false,נר הבדלה פמוט פירמיד,,,נר הבדלה פמוט פירמיד,Unknown,0.00,יחידה,false,,14.90,0.0000,true,1,74993
6112014100318,false,נר הבדלה דלוקס,,,נר הבדלה דלוקס,Unknown,0.00,יחידה,false,,5.90,0.0000,true,1,74992
6112015100072,false,ליפה חבלים,,,ליפה חבלים,Unknown,0.00,יחידה,false,,14.90,0.0000,true,1,81692
6112017100513,false,נר הבדלה דגם מס 7,,,נר הבדלה דגם מס 7,Unknown,0.00,יחידה,false,,12.90,0.0000,true,1,90225
6112017103811,false,כדוריות אולינהום לאס,yiwu kai yun,CN,כדוריות אולינהום לאס,גרמים,224.00,100 גרם,false,,12.90,5.7589,true,1,97662
6112017103996,false,שקיות הקפאה פסגור או,יואן קאי יון,CN,שקיות הקפאה פסגור או,Unknown,0.00,יחידה,false,,14.90,0.0000,true,1,98718
6112017104016,false,שקיות אוכל פסגור אול,,,שקיות אוכל פסגור אול,Unknown,0.00,יחידה,false,,14.90,0.0000,true,1,98985
6112017104030,false,ספוג מסאג אמבטיה 2 י,,,ספוג מסאג אמבטיה 2 י,Unknown,0.00,יחידה,false,,13.90,0.0000,true,1,97720
6112017105358,false,שקיות הקפאה 30 יח,,,שקיות הקפאה 30 יח,Unknown,0.00,יחידה,false,,14.90,0.0000,true,1,102102
6112017105549,false,כריות קרצוף זוג מסיל,,,כריות קרצוף זוג מסיל,Unknown,0.00,יחידה,false,,16.90,0.0000,true,1,102205
6112017105723,false,חוט דנטלי זוג,,,חוט דנטלי זוג,Unknown,0.00,יחידה,false,,9.90,0.0000,true,1,102640
6112017105860,false,אטבי כביסה מסיליקון,,,אטבי כביסה מסיליקון,Unknown,0.00,יחידה,false,,17.90,0.0000,true,1,103606
6112017105877,false,אטבי כביסה אולינהום,,,אטבי כביסה אולינהום,Unknown,0.00,יחידה,false,,17.90,0.0000,true,1,103607
6112017106256,false,אטבי כביסה אולינהום,,,אטבי כביסה אולינהום,Unknown,0.00,יחידה,false,,17.90,0.0000,true,1,104157
6112017106294,false,כפפות גומי L אולינהו,,,כפפות גומי L אולינהו,Unknown,0.00,יחידה,false,,8.90,0.0000,true,1,103915
6112017106782,false,ספוג למקלחת זוג,,,ספוג למקלחת זוג,Unknown,0.00,יחידה,false,,19.90,0.0000,true,1,108757
6112017106799,false,זוג מברשות לניקוי בק,,,זוג מברשות לניקוי בק,Unknown,0.00,יחידה,false,,11.90,0.0000,true,1,107132
6112017106898,false,כפפות גומי 4 יח' M א,,,כפפות גומי 4 יח' M א,Unknown,0.00,יחידה,false,,8.90,0.0000,true,1,107208
6224009175062,false,תחתיות ארטישוק קפוא,O.K FRUIT,EG,תחתיות ארטישוק קפוא,פריט,1.00,"ק""ג",false,,9.90,9.9000,true,1,104303
6224009175123,false,"פול קפוא 1 ק""ג",O.K FRUIT,EG,"פול קפוא 1 ק""ג",פריט,1.00,"ק""ג",false,,9.90,9.9000,true,1,104304
6224009175147,false,"במיה קפואה 1 ק""ג",O.K FRUIT,EG,"במיה קפואה 1 ק""ג",פריט,1.00,"ק""ג",false,,9.90,9.9000,true,1,104305
6224009175192,false,"תות שדה קפוא 1 ק""ג",O.K FRUIT,EG,"תות שדה קפוא 1 ק""ג",פריט,1.00,"ק""ג",false,,14.90,14.9000,true,1,104306
6345983184618,false,מסכות כירורגיות 50 י,,,מסכות כירורגיות 50 י,Unknown,0.00,יחידה,false,,5.90,0.0000,true,1,107872
6412700021027,false,וודקה פינלנדיה 1 ליט,,,וודקה פינלנדיה 1 ליט,קילוגרמים,1.00,ליטר,false,,79.90,79.9000,true,1,92296
6540056915566,false,מסכות כירורגיות 50 י,,,מסכות כירורגיות 50 י,Unknown,0.00,יחידה,false,,5.90,0.0000,true,1,107375
6910191800287,false,אצות נורי לסושי מזרח,ננטונג הידה אקוטיק פ,CN,אצות נורי לסושי מזרח,Unknown,0.00,יחידה,false,,10.90,0.0000,true,1,104177
6912977000140,false,אטריות שעועית מזרח ו,יאנטאי ינסידה לנוגקא,CN,אטריות שעועית מזרח ו,גרמים,250.00,100 גרם,false,,8.90,3.5600,true,1,104166
6921052701001,false,אצות ווקאמה מיובשות,ננטונג הידה אקוטיק פ,CN,אצות ווקאמה מיובשות,גרמים,40.00,100 גרם,false,,8.50,21.2500,true,1,119158
6922276100083,false,מחית וואסבי חזרת מזר,דליאן ג'ינדה קונדימנ,CN,מחית וואסבי חזרת מזר,גרמים,43.00,100 גרם,false,,8.70,20.2326,true,1,104178
6923634954621,false,ממתק סטיקס בטעם פטל,שנטו גאבט פודס' ושו,CN,ממתק סטיקס בטעם פטל,גרמים,390.00,100 גרם,false,,19.90,5.1026,true,1,108031
6923634954690,false,ממתק סטיקס בטעם אבטי,שנטו גאבט פודס' ושו,CN,ממתק סטיקס בטעם אבטי,גרמים,390.00,100 גרם,false,,19.90,5.1026,true,1,108320
6923634954713,false,מאגדת סטיקס 130 גרם,שנטו גאבט פודס ושות,CN,מאגדת סטיקס 130 גרם,גרמים,130.00,100 גרם,false,,9.90,7.6154,true,1,107494
6923634954850,false,ממתק סטיקס בטעם תות,שנטו גאבט פודס' ושו,CN,ממתק סטיקס בטעם תות,גרמים,390.00,100 גרם,false,,19.90,5.1026,true,1,108033
6934731200078,false,אטריות טריות דקות מז,יאנטאי ינסידה לנוגקא,CN,אטריות טריות דקות מז,גרמים,200.00,100 גרם,false,,5.90,2.9500,true,1,119153
6934731210138,false,אטריות טריות עבות מז,יאנטאי ינסידה לנוגקא,CN,אטריות טריות עבות מז,גרמים,200.00,100 גרם,false,,5.90,2.9500,true,1,119154
6934930849016,false,שמן חמניות אורו 1 לי,גומא,RU,שמן חמניות אורו 1 לי,קילוגרמים,1.00,ליטר,false,,8.90,8.9000,true,1,117663
6935487561246,false,מסכות כירורגיות 50 י,,,מסכות כירורגיות 50 י,Unknown,0.00,יחידה,false,,5.90,0.0000,true,1,109474
6936613888664,false,שום 4 ראשים,אראל תוצרת חקלאית בע,IL,שום 4 ראשים,Unknown,4.00,יחידה,false,,6.90,1.7250,true,1,105412
6936613888667,false,שום 4 ראשים,אראל תוצרת חקלאית בע,IL,שום 4 ראשים,Unknown,4.00,יחידה,false,,5.90,1.4750,true,1,111076
6936745600462,false,מירין מזרח ומערב 500,דאנינג יוה פודס קו,CN,מירין מזרח ומערב 500,מיליליטרים,500.00,"100 מ""ל",false,,17.90,3.5800,true,1,104189
6936745600783,false,חומץ אורז מזרח ומערב,דאנינג יוה פודס קו,CN,חומץ אורז מזרח ומערב,מיליליטרים,500.00,"100 מ""ל",false,,14.90,2.9800,true,1,104179
6952379521317,false,ספוג רחצה 3 יח',,,ספוג רחצה 3 יח',Unknown,0.00,יחידה,false,,12.90,0.0000,true,1,72509
6974800740104,false,"טבעות תפו""ע טבעי עם",היאגואן,CN,"טבעות תפו""ע טבעי עם",גרמים,88.00,100 גרם,false,,12.90,14.6591,true,1,118051
6974800740203,false,"טבעות תפו""ע טבעי עם",היאגואן,CN,"טבעות תפו""ע טבעי עם",גרמים,88.00,100 גרם,false,,12.90,14.6591,true,1,118050
6974800740302,false,"טבעות תפו""ע טבעי מיו",היאגואן,CN,"טבעות תפו""ע טבעי מיו",גרמים,88.00,100 גרם,false,,12.90,14.6591,true,1,118052
6985425120165,false,ליפה לרחצה,,,ליפה לרחצה,Unknown,0.00,יחידה,false,,7.90,0.0000,true,1,41995
7290000000282,false,שום 12 ראשים,אראל תוצרת חקלאית בע,IL,שום 12 ראשים,Unknown,12.00,יחידה,false,,17.90,1.4917,true,1,45047
7290000000411,false,שום 4 ראשים,אראל תוצרת חקלאית בע,IL,שום 4 ראשים,Unknown,4.00,יחידה,false,,5.90,1.4750,true,1,84611
7290000000428,false,שום 4 ראשים,אראל תוצרת חקלאית בע,IL,שום 4 ראשים,Unknown,4.00,יחידה,false,,7.90,1.9750,true,1,88853
7290000000978,false,חסה גלאט ברכת קטיף,ברכת קטיף,IL,חסה גלאט ברכת קטיף,Unknown,0.00,יחידה,false,,5.90,0.0000,true,1,48557
7290000000985,false,פטרוזיליה גלאט ברכת,ברכת קטיף,IL,פטרוזיליה גלאט ברכת,Unknown,0.00,יחידה,false,,5.90,0.0000,true,1,48558
7290000001043,false,כרוב לבן ברכת קטיף,ברכת קטיף,IL,כרוב לבן ברכת קטיף,קילוגרמים,1.00,"ק""ג",true,,14.90,14.9000,true,1,48564
7290000001074,false,כרוב אדום ברכת קטיף,ברכת קטיף,IL,כרוב אדום ברכת קטיף,קילוגרמים,1.00,"ק""ג",true,,13.90,13.9000,true,1,48566
7290000001524,false,בצל ירוק,ברכת קטיף,IL,בצל ירוק,Unknown,0.00,יחידה,false,,5.90,0.0000,true,1,48563
7290000001579,false,סלרי גלאט ברכת קטיף,ברכת קטיף,IL,סלרי גלאט ברכת קטיף,Unknown,0.00,יחידה,false,,5.90,0.0000,true,1,48561
7290000001586,false,שמיר גלאט ברכת קטיף,ברכת קטיף,IL,שמיר גלאט ברכת קטיף,Unknown,0.00,יחידה,false,,5.90,0.0000,true,1,48559
7290000001616,false,כוסברה גלאט ברכת קטי,ברכת קטיף,IL,כוסברה גלאט ברכת קטי,Unknown,0.00,יחידה,false,,5.90,0.0000,true,1,41926
7290000023007,false,"ברנדי שטוק 84 750 מ""",יינות סגל,IL,"ברנדי שטוק 84 750 מ""",מיליליטרים,750.00,"100 מ""ל",false,,64.90,8.6533,true,1,44747
7290000023083,false,ארק אשקלון 40% 700 מ,יקבי ברקן,IL,ארק אשקלון 40% 700 מ,מיליליטרים,700.00,"100 מ""ל",false,,46.90,6.7000,true,1,72379
7290000023410,false,ליקר סטוק גלה קפה 75,יקבי ברקן,,ליקר סטוק גלה קפה 75,מיליליטרים,750.00,"100 מ""ל",false,,49.90,6.6533,true,1,55007
7290000023427,false,ליקר סטוק אמרטו 750,יקבי ברקן,,ליקר סטוק אמרטו 750,מיליליטרים,750.00,"100 מ""ל",false,,49.90,6.6533,true,1,55008
7290000023434,false,ליקר סטוק וישניאק 75,יקבי ברקן,,ליקר סטוק וישניאק 75,מיליליטרים,750.00,"100 מ""ל",false,,49.90,6.6533,true,1,55011
7290000023472,false,ליקר סטוק טריפל סק 7,יקבי ברקן,,ליקר סטוק טריפל סק 7,מיליליטרים,750.00,"100 מ""ל",false,,49.90,6.6533,true,1,55009
7290000023809,false,יין קלאסיק קברנה,יקבי ברקן,IL,יין קלאסיק קברנה,מיליליטרים,750.00,"100 מ""ל",false,,24.90,3.3200,true,1,54165
7290000023816,false,יין קלאסיק אמרלד ריז,יקבי ברקן,IL,יין קלאסיק אמרלד ריז,מיליליטרים,750.00,"100 מ""ל",false,,24.90,3.3200,true,1,53509
7290000023977,false,יין קלאסיק מרלו,יקבי ברקן,IL,יין קלאסיק מרלו,מיליליטרים,750.00,"100 מ""ל",false,,24.90,3.3200,true,1,49828
7290000024202,false,יין רזרב קברנה סובני,יקבי ברקן,IL,יין רזרב קברנה סובני,מיליליטרים,750.00,"100 מ""ל",false,,38.90,5.1867,true,1,68612
7290000024264,false,יין רזרב מרלו,יקבי ברקן,IL,יין רזרב מרלו,מיליליטרים,750.00,"100 מ""ל",false,,38.90,5.1867,true,1,68613
7290000024523,false,מיץ ענבים תירוש אדום,יינות סגל,IL,מיץ ענבים תירוש אדום,קילוגרמים,1.00,ליטר,false,,12.90,12.9000,true,1,110987
7290000024554,false,יין ריחן אסמבלאז,יקבי ברקן,IL,יין ריחן אסמבלאז,מיליליטרים,750.00,"100 מ""ל",false,,49.90,6.6533,true,1,96519
7290000024561,false,יין אסמבלאז איתן,יקבי ברקן,IL,יין אסמבלאז איתן,מיליליטרים,750.00,"100 מ""ל",false,,49.90,6.6533,true,1,96517
7290000024905,false,וודקה קגלביץ קלאסיקה,יקבי ברקן,IL,וודקה קגלביץ קלאסיקה,מיליליטרים,700.00,"100 מ""ל",false,,49.90,7.1286,true,1,49438
7290000025346,false,יין אדום גפן היין מר,יקבי ברקן,IL,יין אדום גפן היין מר,מיליליטרים,750.00,"100 מ""ל",false,,16.90,2.2533,true,1,114768
7290000034256,false,ביסקוויט חצי מצופה ת,אפיפית נצרת תעשיות ב,IL,ביסקוויט חצי מצופה ת,גרמים,175.00,100 גרם,false,,5.90,3.3714,true,1,40493
7290000040301,false,גבינה קממבר 24% תנוב,תנובה מרכז שיתופי לש,IL,גבינה קממבר 24% תנוב,גרמים,125.00,100 גרם,false,,16.90,13.5200,true,1,45651
7290000040318,false,גבינת עדי/ברי תנובה,תנובה מרכז שיתופי לש,,גבינת עדי/ברי תנובה,גרמים,125.00,100 גרם,false,,17.90,14.3200,true,1,57441
7290000040462,false,גבינה טעם אמריקאי 22,תנובה מרכז שיתופי לש,IL,גבינה טעם אמריקאי 22,גרמים,200.00,100 גרם,false,,16.90,8.4500,true,1,45652
7290000041407,false,"גיל תנובה 125 מ""ל",תנובה מרכז שיתופי לש,IL,"גיל תנובה 125 מ""ל",מיליליטרים,125.00,"100 מ""ל",false,,0.80,0.6400,true,1,45743
7290000041445,false,קוטג 5% תנובה 250 גר,תנובה מרכז שיתופי לש,IL,קוטג 5% תנובה 250 גר,גרמים,250.00,100 גרם,false,,5.50,2.2000,true,1,45744
7290000041452,false,קוטג 9% תנובה 250 גר,תנובה מרכז שיתופי לש,IL,קוטג 9% תנובה 250 גר,גרמים,250.00,100 גרם,false,,5.50,2.2000,true,1,45745
7290000041858,false,שמנת חמוצה 15% יטבתה,שטראוס,IL,שמנת חמוצה 15% יטבתה,מיליליטרים,200.00,"100 מ""ל",false,,2.30,1.1500,true,1,57351
7290000042015,false,חלב שקית 3% תנובה 1,תנובה מרכז שיתופי לש,IL,חלב שקית 3% תנובה 1,קילוגרמים,1.00,ליטר,false,,4.90,4.9000,true,1,45757
7290000042367,false,חלב בבקבוק 3% תנובה,תנובה מרכז שיתופי לש,IL,חלב בבקבוק 3% תנובה,קילוגרמים,1.00,ליטר,false,,5.90,5.9000,true,1,93359
7290000042671,false,חלב עמיד 3% תנובה 1,תנובה מרכז שיתופי לש,IL,חלב עמיד 3% תנובה 1,קילוגרמים,1.00,ליטר,false,,5.90,5.9000,true,1,45795
7290000042855,false,שוקו שקית יטבתה 225,יטבתה,IL,שוקו שקית יטבתה 225,מיליליטרים,225.00,"100 מ""ל",false,,2.50,1.1111,true,1,43942
7290000043012,false,שוקו עמיד תנובה 250,תנובה מרכז שיתופי לש,IL,שוקו עמיד תנובה 250,מיליליטרים,250.00,"100 מ""ל",false,,4.40,1.7600,true,1,43406
7290000043890,false,רויון 1.5% תנובה 1 ל,תנובה מרכז שיתופי לש,IL,רויון 1.5% תנובה 1 ל,קילוגרמים,1.00,ליטר,false,,9.90,9.9000,true,1,45809
7290000044712,false,פרילי תות 500 גרם,תנובה מרכז שיתופי לש,IL,פרילי תות 500 גרם,מיליליטרים,500.00,"100 מ""ל",false,,9.90,1.9800,true,1,45836
7290000044880,false,"באדי תות 500 מ""ל",תנובה מרכז שיתופי לש,IL,"באדי תות 500 מ""ל",מיליליטרים,500.00,"100 מ""ל",false,,7.90,1.5800,true,1,45837
7290000047546,false,גבינת כנען 5% 500 גר,תנובה מרכז שיתופי לש,IL,גבינת כנען 5% 500 גר,גרמים,500.00,100 גרם,false,,21.90,4.3800,true,1,45950
7290000047621,false,גבינה 5% תנובה 250 ג,תנובה מרכז שיתופי לש,IL,גבינה 5% תנובה 250 ג,גרמים,250.00,100 גרם,false,,4.90,1.9600,true,1,45952
7290000047942,false,גבינה 9% תנובה 250 ג,תנובה מרכז שיתופי לש,IL,גבינה 9% תנובה 250 ג,גרמים,250.00,100 גרם,false,,4.90,1.9600,true,1,45953
7290000048185,false,גבינה 5% תנובה 250 ג,תנובה מרכז שיתופי לש,IL,גבינה 5% תנובה 250 ג,גרמים,250.00,100 גרם,false,,4.90,1.9600,true,1,45955
7290000048413,false,גבינת חמד 16% פיראוס,תנובה מרכז שיתופי לש,IL,גבינת חמד 16% פיראוס,גרמים,250.00,100 גרם,false,,16.90,6.7600,true,1,45957
7290000048437,false,גבינה צפתית 5% פיראו,תנובה מרכז שיתופי לש,IL,גבינה צפתית 5% פיראו,גרמים,200.00,100 גרם,false,,13.90,6.9500,true,1,42666
7290000048444,false,גבינת חמד 16% פיראוס,תנובה מרכז שיתופי לש,IL,גבינת חמד 16% פיראוס,פריט,1.00,"ק""ג",false,,49.90,49.9000,true,1,45963
7290000048451,false,גבינת חרמון 16% פירא,תנובה מרכז שיתופי לש,IL,גבינת חרמון 16% פירא,גרמים,250.00,100 גרם,false,,16.90,6.7600,true,1,45964
7290000050447,false,יופלה תות 3% 500 גרם,תנובה מרכז שיתופי לש,IL,יופלה תות 3% 500 גרם,מיליליטרים,500.00,"100 מ""ל",false,,12.60,2.5200,true,1,42768
7290000050454,false,יופלה אפרסק 3% 500 ג,תנובה מרכז שיתופי לש,IL,יופלה אפרסק 3% 500 ג,מיליליטרים,500.00,"100 מ""ל",false,,12.60,2.5200,true,1,42759
7290000050966,false,גבינה 5% תנובה 850 ג,תנובה מרכז שיתופי לש,IL,גבינה 5% תנובה 850 ג,גרמים,850.00,100 גרם,false,,15.50,1.8235,true,1,50531
7290000051307,false,מארז הפסקת אוכל דגני,תנובה מרכז שיתופי לש,IL,מארז הפסקת אוכל דגני,מיליליטרים,150.00,"100 מ""ל",false,,8.90,5.9333,true,1,68213
7290000051376,false,יופלה דיאט 0% אננס 1,תנובה מרכז שיתופי לש,IL,יופלה דיאט 0% אננס 1,גרמים,150.00,100 גרם,false,,4.70,3.1333,true,1,101754
7290000052311,false,גבינה עמק מופחת שומן,תנובה מרכז שיתופי לש,IL,גבינה עמק מופחת שומן,גרמים,200.00,100 גרם,false,,14.90,7.4500,true,1,44112
7290000052649,false,לאבנה על בסיס יוגורט,תנובה מרכז שיתופי לש,IL,לאבנה על בסיס יוגורט,גרמים,500.00,100 גרם,false,,17.80,3.5600,true,1,54557
7290000052946,false,מארז יופלה וניל במתי,תנובה מרכז שיתופי לש,IL,מארז יופלה וניל במתי,גרמים,800.00,100 גרם,false,,19.90,2.4875,true,1,55000
7290000055015,false,גבינת פטה כבשים 5% פ,תנובה מרכז שיתופי לש,IL,גבינת פטה כבשים 5% פ,גרמים,250.00,100 גרם,false,,24.90,9.9600,true,1,56786
7290000055329,false,משקה יוגורט יופלה תו,תנובה מרכז שיתופי לש,IL,משקה יוגורט יופלה תו,גרמים,250.00,100 גרם,false,,4.90,1.9600,true,1,68342
7290000055336,false,משקה יוגורט יופלה בנ,תנובה מרכז שיתופי לש,IL,משקה יוגורט יופלה בנ,גרמים,250.00,100 גרם,false,,4.90,1.9600,true,1,68343
7290000055343,false,משקה יוגורט יופלה טר,תנובה מרכז שיתופי לש,IL,משקה יוגורט יופלה טר,גרמים,250.00,100 גרם,false,,4.90,1.9600,true,1,68344
7290000055756,false,מארז גבינה 5% תנובה,תנובה מרכז שיתופי לש,IL,מארז גבינה 5% תנובה,פריט,1.70,"ק""ג",false,,28.90,17.0000,true,1,56787
7290000055893,false,חמאה תנובה 200 גרם,תנובה מרכז שיתופי לש,IL,חמאה תנובה 200 גרם,גרמים,200.00,100 גרם,false,,7.60,3.8000,true,1,59081
7290000056845,false,חלב 3% תנובה 1.5 ליט,תנובה מרכז שיתופי לש,IL,חלב 3% תנובה 1.5 ליט,קילוגרמים,1.50,ליטר,false,,8.80,5.8667,true,1,113508
7290000056883,false,מארז יופלה פרי 8*150,תנובה מרכז שיתופי לש,IL,מארז יופלה פרי 8*150,פריט,1.20,"ק""ג",false,,27.90,23.2500,true,1,59615
7290000056890,false,מארז יופלה פרי דיאט,תנובה מרכז שיתופי לש,IL,מארז יופלה פרי דיאט,קילוגרמים,1.20,ליטר,false,,27.90,23.2500,true,1,59950
7290000057088,false,גבינה עמק דק דק 28%,תנובה מרכז שיתופי לש,IL,גבינה עמק דק דק 28%,גרמים,200.00,100 גרם,false,,14.90,7.4500,true,1,69817
7290000057477,false,חלב 3% תנובה 1.5 ליט,תנובה מרכז שיתופי לש,IL,חלב 3% תנובה 1.5 ליט,קילוגרמים,1.50,ליטר,false,,8.80,5.8667,true,1,62559
7290000057934,false,משקה שוקו תנובה 1 לי,תנובה מרכז שיתופי לש,IL,משקה שוקו תנובה 1 לי,קילוגרמים,1.00,ליטר,false,,11.90,11.9000,true,1,63234
7290000058047,false,שמנת להקצפה 38% השף,תנובה מרכז שיתופי לש,IL,שמנת להקצפה 38% השף,גרמים,500.00,100 גרם,false,,12.80,2.5600,true,1,63570
7290000058979,false,גיל בטעם תות תנובה 1,תנובה מרכז שיתופי לש,IL,גיל בטעם תות תנובה 1,גרמים,125.00,100 גרם,false,,1.30,1.0400,true,1,65395
7290000060088,false,בייגלה מקלות מלח אסם,אסם,IL,בייגלה מקלות מלח אסם,גרמים,400.00,100 גרם,false,,7.90,1.9750,true,1,44034
7290000060200,false,פתיתים קוסקוס אסם 50,אסם,IL,פתיתים קוסקוס אסם 50,גרמים,500.00,100 גרם,false,,4.90,0.9800,true,1,46390
7290000060217,false,מקרוני 7 אסם 500 גרם,זארה,IL,מקרוני 7 אסם 500 גרם,גרמים,500.00,100 גרם,false,,4.90,0.9800,true,1,46391
7290000060248,false,פסטה תלתלים אסם 500,זארה,IL,פסטה תלתלים אסם 500,גרמים,500.00,100 גרם,false,,4.90,0.9800,true,1,46392
7290000060408,false,פתיתים טבעות אסם 500,אסם,IL,פתיתים טבעות אסם 500,גרמים,500.00,100 גרם,false,,4.90,0.9800,true,1,46395
7290000060415,false,לזניה פרפקטו 500 גרם,פסטה לנסי,IL,לזניה פרפקטו 500 גרם,גרמים,500.00,100 גרם,false,,9.90,1.9800,true,1,46396
7290000060576,false,פתיתים כוכבים אסם 50,אסם,IL,פתיתים כוכבים אסם 50,גרמים,500.00,100 גרם,false,,4.90,0.9800,true,1,46399
7290000060781,false,פסטה מסולסלת אסם 500,זארה,IL,פסטה מסולסלת אסם 500,גרמים,500.00,100 גרם,false,,4.90,0.9800,true,1,46403
7290000060828,false,פסטה קרניים אסם 500,זארה,IL,פסטה קרניים אסם 500,גרמים,500.00,100 גרם,false,,4.90,0.9800,true,1,46404
7290000060842,false,פסטה צדפים גדולים אס,זארה,IL,פסטה צדפים גדולים אס,גרמים,500.00,100 גרם,false,,4.90,0.9800,true,1,46405
7290000060880,false,ספגטי אסם 500 גרם,זארה,IL,ספגטי אסם 500 גרם,גרמים,500.00,100 גרם,false,,4.90,0.9800,true,1,39486
7290000060958,false,אטריות בינוניות אסם,אסם,IL,אטריות בינוניות אסם,גרמים,400.00,100 גרם,false,,4.90,1.2250,true,1,46408
7290000060965,false,אטריות רחבות אסם 400,אסם,IL,אטריות רחבות אסם 400,גרמים,400.00,100 גרם,false,,4.90,1.2250,true,1,46409
7290000061061,false,קרקר בצל אסם 250 גרם,אסם,IL,קרקר בצל אסם 250 גרם,גרמים,250.00,100 גרם,false,,8.90,3.5600,true,1,46413
7290000061108,false,רוטב טריאקי אסם 360,אסם,IL,רוטב טריאקי אסם 360,גרמים,360.00,100 גרם,false,,8.90,2.4722,true,1,43679
7290000061214,false,פתיתים עם בצל אסם 50,אסם,IL,פתיתים עם בצל אסם 50,גרמים,500.00,100 גרם,false,,4.90,0.9800,true,1,49991
7290000061245,false,עוגיות שוקולד ציפס מ,אסם,IL,עוגיות שוקולד ציפס מ,גרמים,220.00,100 גרם,false,,7.90,3.5909,true,1,40583
7290000062129,false,פודינג אינסטנט וניל,אסם,IL,פודינג אינסטנט וניל,פריט,1.00,"ק""ג",false,,19.90,19.9000,true,1,46420
7290000063140,false,שקדי מרק אסם 400 גרם,אסם,IL,שקדי מרק אסם 400 גרם,גרמים,400.00,100 גרם,false,,9.90,2.4750,true,1,46447
7290000063157,false,"קמח תופח אסם 1 ק""ג",אסם,IL,"קמח תופח אסם 1 ק""ג",פריט,1.00,"ק""ג",false,,7.90,7.9000,true,1,46448
7290000064871,false,מנה חמה פירה בצל אסם,אסם,IL,מנה חמה פירה בצל אסם,גרמים,56.00,100 גרם,false,,4.90,8.7500,true,1,46475
7290000065090,false,מיני קרוטונים למרק/ס,עינת,IL,מיני קרוטונים למרק/ס,גרמים,400.00,100 גרם,false,,19.90,4.9750,true,1,46509
7290000065335,false,מנה חמה פירה עם ירקו,אסם,IL,מנה חמה פירה עם ירקו,גרמים,55.00,100 גרם,false,,4.90,8.9091,true,1,46514
7290000065540,false,מנה חמה פסטה מוקרמת,אסם,IL,מנה חמה פסטה מוקרמת,גרמים,55.00,100 גרם,false,,4.90,8.9091,true,1,83354
7290000065557,false,מנה חמה קוסקוס וירקו,אסם,IL,מנה חמה קוסקוס וירקו,גרמים,84.00,100 גרם,false,,4.90,5.8333,true,1,83355
7290000066141,false,ביסלי גריל 70 גרם,אסם,IL,ביסלי גריל 70 גרם,גרמים,70.00,100 גרם,false,,3.90,5.5714,true,1,46529
7290000066189,false,ביסלי פלאפל 200 גרם,אסם,IL,ביסלי פלאפל 200 גרם,גרמים,200.00,100 גרם,false,,6.50,3.2500,true,1,46533
7290000066196,false,ביסלי גריל 200 גרם,אסם,IL,ביסלי גריל 200 גרם,גרמים,200.00,100 גרם,false,,6.50,3.2500,true,1,46534
7290000066226,false,ביסלי פיצה 200 גרם,אסם,IL,ביסלי פיצה 200 גרם,גרמים,200.00,100 גרם,false,,6.50,3.2500,true,1,46537
7290000066264,false,דובונים 40 גרם,אסם,IL,דובונים 40 גרם,גרמים,40.00,100 גרם,false,,3.90,9.7500,true,1,46542
7290000066318,false,במבה 80 גרם,גבעול,IL,במבה 80 גרם,גרמים,80.00,100 גרם,false,,3.90,4.8750,true,1,46544
7290000066332,false,אפרופו 50 גרם,אסם,IL,אפרופו 50 גרם,גרמים,50.00,100 גרם,false,,4.50,9.0000,true,1,63725
7290000066431,false,פופקו 80 גרם,גבעול,IL,פופקו 80 גרם,גרמים,80.00,100 גרם,false,,4.50,5.6250,true,1,46545
7290000067599,false,מנה חמה ספגטי בולונז,אסם,IL,מנה חמה ספגטי בולונז,גרמים,65.00,100 גרם,false,,4.90,7.5385,true,1,46577
7290000068138,false,פודינג אינסטנט וניל,אסם,IL,פודינג אינסטנט וניל,גרמים,80.00,100 גרם,false,,4.90,6.1250,true,1,46622
7290000068190,false,גלי בטעם תות אסם 85,אסם,IL,גלי בטעם תות אסם 85,גרמים,85.00,100 גרם,false,,5.90,6.9412,true,1,46624
7290000068206,false,גלי בטעם משמש אסם 80,אסם,IL,גלי בטעם משמש אסם 80,גרמים,85.00,100 גרם,false,,5.90,6.9412,true,1,46625
7290000068343,false,פריכונים מאורז מלא א,פרח תעשיות,IL,פריכונים מאורז מלא א,גרמים,140.00,100 גרם,false,,6.90,4.9286,true,1,57124
7290000068770,false,במבה יום הולדת 80 גר,גבעול,IL,במבה יום הולדת 80 גר,גרמים,80.00,100 גרם,false,,3.90,4.8750,true,1,46645
7290000070308,false,מרק עוף אמיתי אסם 40,אסם,IL,מרק עוף אמיתי אסם 40,גרמים,400.00,100 גרם,false,,14.90,3.7250,true,1,46670
7290000070322,false,מרק פטריות ר.טבעיים,אסם,IL,מרק פטריות ר.טבעיים,גרמים,400.00,100 גרם,false,,18.90,4.7250,true,1,46672
7290000070353,false,מרק בצל ר.טבעיים אסם,אסם,IL,מרק בצל ר.טבעיים אסם,גרמים,400.00,100 גרם,false,,18.90,4.7250,true,1,43680
7290000072067,false,במבה חלוה 60 גרם,אסם,IL,במבה חלוה 60 גרם,גרמים,60.00,100 גרם,false,,4.50,7.5000,true,1,53489
7290000072241,false,רוטב לפיצה אסם 320 מ,אסם,IL,רוטב לפיצה אסם 320 מ,מיליליטרים,320.00,"100 מ""ל",false,,8.90,2.7813,true,1,43681
7290000072623,false,קטשופ לחיץ אסם 750 ג,אסם,IL,קטשופ לחיץ אסם 750 ג,גרמים,750.00,100 גרם,false,,9.90,1.3200,true,1,46692
7290000072630,false,קטשופ חריף אסם 750 ג,אסם,IL,קטשופ חריף אסם 750 ג,גרמים,750.00,100 גרם,false,,11.90,1.5867,true,1,46693
7290000072753,false,קפה נמס טסטרס צויס 2,גלידות נסטלה,IL,קפה נמס טסטרס צויס 2,גרמים,200.00,100 גרם,false,,29.90,14.9500,true,1,46695
7290000072777,false,קפה נמס טסטרס צויס נ,נסטלה קוריאה קפה,IL,קפה נמס טסטרס צויס נ,גרמים,200.00,100 גרם,false,,35.90,17.9500,true,1,46696
7290000073415,false,מנה חמה פסטה רוטב פי,אסם,IL,מנה חמה פסטה רוטב פי,גרמים,61.00,100 גרם,false,,4.90,8.0328,true,1,47376
7290000073750,false,מנה חמה נודלס בטעם ע,טאי רזידנט,CN,מנה חמה נודלס בטעם ע,גרמים,70.00,100 גרם,false,,4.90,7.0000,true,1,41882
7290000073767,false,מנה חמה נודלס בטעם ב,טאי רזידנט,CN,מנה חמה נודלס בטעם ב,גרמים,71.00,100 גרם,false,,4.90,6.9014,true,1,41881
7290000073774,false,מנה חמה נודלס פיקנטי,טאי רזידנט,CN,מנה חמה נודלס פיקנטי,גרמים,76.00,100 גרם,false,,4.90,6.4474,true,1,41883
7290000074153,false,פתיבר שוקו אסם 500 ג,,,פתיבר שוקו אסם 500 ג,גרמים,500.00,100 גרם,false,,8.90,1.7800,true,1,40885
7290000074184,false,פתיבר אסם 500 גרם,אסם,IL,פתיבר אסם 500 גרם,גרמים,500.00,100 גרם,false,,8.90,1.7800,true,1,40886
7290000074245,false,קרם קרקר 250 גרם,אסם,IL,קרם קרקר 250 גרם,גרמים,250.00,100 גרם,false,,7.80,3.1200,true,1,47378
7290000074252,false,קרקר שומשום אסם 250,אסם,IL,קרקר שומשום אסם 250,גרמים,250.00,100 גרם,false,,7.90,3.1600,true,1,47379
7290000074276,false,קרקר פיקנטי אסם 250,אסם,IL,קרקר פיקנטי אסם 250,גרמים,250.00,100 גרם,false,,8.90,3.5600,true,1,47380
7290000074375,false,קרקר זהב 150 גרם,אסם,IL,קרקר זהב 150 גרם,גרמים,150.00,100 גרם,false,,6.50,4.3333,true,1,47382
7290000074481,false,לחמית אגוזים 160 גרם,אסם,IL,לחמית אגוזים 160 גרם,גרמים,160.00,100 גרם,false,,8.90,5.5625,true,1,60637
7290000074696,false,"קרם קרקר 1 ק""ג",אסם,IL,"קרם קרקר 1 ק""ג",פריט,1.00,"ק""ג",false,,19.90,19.9000,true,1,47383
7290000074764,false,קרקר זהב 900 גרם,אסם,IL,קרקר זהב 900 גרם,גרמים,900.00,100 גרם,false,,19.90,2.2111,true,1,47387
7290000075204,false,לחמית חיטה מלאה 250,אסם,IL,לחמית חיטה מלאה 250,גרמים,250.00,100 גרם,false,,7.50,3.0000,true,1,47389
7290000075693,false,עוגת שמרים בריוש שוק,אסם,IL,עוגת שמרים בריוש שוק,גרמים,360.00,100 גרם,false,,14.90,4.1389,true,1,58769
7290000076133,false,בייגלה שמיניות מלח א,אסם,IL,בייגלה שמיניות מלח א,גרמים,300.00,100 גרם,false,,7.90,2.6333,true,1,44031
7290000077017,false,עוגיות ממולאות שוקול,אסם,IL,עוגיות ממולאות שוקול,גרמים,200.00,100 גרם,false,,7.90,3.9500,true,1,40763
7290000077253,false,לחמית כפרית 190 גרם,אסם,IL,לחמית כפרית 190 גרם,גרמים,190.00,100 גרם,false,,8.90,4.6842,true,1,39232
7290000077925,false,צנימים חיטה מלאה טוס,ון דר מולן,NL,צנימים חיטה מלאה טוס,גרמים,125.00,100 גרם,false,,7.90,6.3200,true,1,56307
7290000078762,false,פריכונים אורז מלא וד,הרטו בלגיה,BE,פריכונים אורז מלא וד,גרמים,80.00,100 גרם,false,,6.90,8.6250,true,1,57123
7290000081663,false,בייגלה טבעות שומשום,אסם,IL,בייגלה טבעות שומשום,גרמים,300.00,100 גרם,false,,7.90,2.6333,true,1,44032
7290000100197,false,לקט אפונה תירס וגזר,סנפרוסט בעמ,IL,לקט אפונה תירס וגזר,גרמים,700.00,100 גרם,false,,12.90,1.8429,true,1,94262
7290000100289,false,לקט ירקות השדה סנפרו,סנפרוסט בעמ,IL,לקט ירקות השדה סנפרו,גרמים,700.00,100 גרם,false,,17.90,2.5571,true,1,97644
7290000100302,false,פול ירוק קלוף סנפרוס,סנפרוסט בעמ,IL,פול ירוק קלוף סנפרוס,גרמים,600.00,100 גרם,false,,19.90,3.3167,true,1,99406
7290000103525,false,גזר גמדי סנפרוסט 700,סנפרוסט בעמ,IL,גזר גמדי סנפרוסט 700,גרמים,700.00,100 גרם,false,,10.90,1.5571,true,1,72385
7290000103532,false,גרעיני תירס סנפרוסט,סנפרוסט בעמ,IL,גרעיני תירס סנפרוסט,גרמים,700.00,100 גרם,false,,12.90,1.8429,true,1,72386
7290000103556,false,גרגירי חומוס מבושלים,סנפרוסט בעמ,IL,גרגירי חומוס מבושלים,גרמים,700.00,100 גרם,false,,12.90,1.8429,true,1,72388
7290000104218,false,במיה סנפרוסט 600 גרם,סנפרוסט בעמ,IL,במיה סנפרוסט 600 גרם,גרמים,600.00,100 גרם,false,,14.90,2.4833,true,1,39886
7290000104713,false,פול ירוק סנפרוסט 800,סנפרוסט בעמ,IL,פול ירוק סנפרוסט 800,גרמים,800.00,100 גרם,false,,19.90,2.4875,true,1,39890
7290000104799,false,שעועית לבנה סנפרוסט,סנפרוסט בעמ,IL,שעועית לבנה סנפרוסט,גרמים,800.00,100 גרם,false,,14.90,1.8625,true,1,39893
7290000107189,false,תחתיות ארטישוק סנפרו,סנפרוסט בעמ,IL,תחתיות ארטישוק סנפרו,גרמים,400.00,100 גרם,false,,15.90,3.9750,true,1,39898
7290000111353,false,"מיונז תלמה 1 ק""ג",יוניליוור,IL,"מיונז תלמה 1 ק""ג",פריט,1.00,"ק""ג",false,,15.90,15.9000,true,1,44233
7290000112237,false,"טחינה בארכה 1 ק""ג",רושדי תעשיות מזון,IL,"טחינה בארכה 1 ק""ג",פריט,1.00,"ק""ג",false,,19.90,19.9000,true,1,70184
7290000121079,false,גבינה מותכת שום שמיר,גהשאן,IL,גבינה מותכת שום שמיר,גרמים,120.00,100 גרם,false,,8.90,7.4167,true,1,58213
7290000121093,false,גבינה מותכת שוויצרי,גהשאן,IL,גבינה מותכת שוויצרי,גרמים,120.00,100 גרם,false,,8.90,7.4167,true,1,58214
7290000121109,false,גבינה מותכת זיתים 7%,גהשאן,IL,גבינה מותכת זיתים 7%,גרמים,120.00,100 גרם,false,,8.90,7.4167,true,1,58215
7290000133645,false,משחת אורביטול הלבנה,טרופיקל דגיל,IL,משחת אורביטול הלבנה,גרמים,435.00,100 גרם,false,,14.90,3.4253,true,1,42032
7290000135045,false,משקה אנרגיה אקסל תן,טמפו,IL,משקה אנרגיה אקסל תן,מיליליטרים,250.00,"100 מ""ל",false,,3.90,1.5600,true,1,100946
7290000135052,false,משקה אנרגיה אקסל תן,טמפו,IL,משקה אנרגיה אקסל תן,מיליליטרים,250.00,"100 מ""ל",false,,3.90,1.5600,true,1,100947
7290000135113,false,משקה אנרגיה אקסל נענ,טמפו,IL,משקה אנרגיה אקסל נענ,מיליליטרים,250.00,"100 מ""ל",false,,3.90,1.5600,true,1,103957
7290000135182,false,מארז סבן אפ פרי 6*33,אלפא S.A,AL,מארז סבן אפ פרי 6*33,קילוגרמים,1.98,ליטר,false,,16.90,8.5354,true,1,108465
7290000135311,false,פפסי מקס ליים 1.5 לי,טמפו,IL,פפסי מקס ליים 1.5 לי,קילוגרמים,1.50,ליטר,false,,6.90,4.6000,true,1,117740
7290000135465,false,מארז סודה טמפו 12*50,טמפו,IL,מארז סודה טמפו 12*50,קילוגרמים,6.00,ליטר,false,,24.90,4.1500,true,1,111222
7290000135595,false,פפסי מקס דובדבן 1.5,טמפו,IL,פפסי מקס דובדבן 1.5,קילוגרמים,1.50,ליטר,false,,6.90,4.6000,true,1,111223
7290000136141,false,פפסי קולה 1.5 ליטר,טמפו,IL,פפסי קולה 1.5 ליטר,קילוגרמים,1.50,ליטר,false,,6.90,4.6000,true,1,113986
7290000136158,false,פפסי מקס 1.5 ליטר,טמפו,IL,פפסי מקס 1.5 ליטר,קילוגרמים,1.50,ליטר,false,,6.50,4.3333,true,1,113987
7290000136165,false,מירינדה 1.5 ליטר,טמפו,IL,מירינדה 1.5 ליטר,קילוגרמים,1.50,ליטר,false,,6.90,4.6000,true,1,113981
7290000136172,false,סבן אפ 1.5 ליטר,טמפו,IL,סבן אפ 1.5 ליטר,קילוגרמים,1.50,ליטר,false,,6.90,4.6000,true,1,113988
7290000136189,false,סבן אפ דיאט 1.5 ליטר,טמפו,IL,סבן אפ דיאט 1.5 ליטר,קילוגרמים,1.50,ליטר,false,,6.50,4.3333,true,1,113982
7290000136240,false,סודה טמפו 1.5 ליטר,טמפו,IL,סודה טמפו 1.5 ליטר,קילוגרמים,1.50,ליטר,false,,2.90,1.9333,true,1,113980
7290000136455,false,גאמפ אשכוליות 1.5 לי,טמפו,IL,גאמפ אשכוליות 1.5 לי,קילוגרמים,1.50,ליטר,false,,6.90,4.6000,true,1,113951
7290000136516,false,גאמפ מנגו פסיפלורה 1,טמפו,IL,גאמפ מנגו פסיפלורה 1,קילוגרמים,1.50,ליטר,false,,6.90,4.6000,true,1,113948
7290000136523,false,גאמפ ענבים 1.5 ליטר,טמפו,IL,גאמפ ענבים 1.5 ליטר,קילוגרמים,1.50,ליטר,false,,6.90,4.6000,true,1,113953
7290000136561,false,גאמפ תות בננה 1.5 לי,טמפו,IL,גאמפ תות בננה 1.5 לי,קילוגרמים,1.50,ליטר,false,,6.90,4.6000,true,1,113954
7290000136585,false,גאמפ תפוז 1.5 ליטר,טמפו,IL,גאמפ תפוז 1.5 ליטר,קילוגרמים,1.50,ליטר,false,,6.90,4.6000,true,1,113949
7290000136608,false,גאמפ תפוח 1.5 ליטר,טמפו,IL,גאמפ תפוח 1.5 ליטר,קילוגרמים,1.50,ליטר,false,,6.90,4.6000,true,1,113976
7290000136646,false,בירה נשר מאלט 1.5 לי,טמפו,IL,בירה נשר מאלט 1.5 לי,קילוגרמים,1.50,ליטר,false,,8.80,5.8667,true,1,113945
7290000136691,false,מארז סבן אפ 6 *1.5 ל,טמפו,IL,מארז סבן אפ 6 *1.5 ל,קילוגרמים,9.00,ליטר,false,,36.90,4.1000,true,1,113983
7290000136752,false,מארז סבן אפ דיאט 6*,טמפו,IL,מארז סבן אפ דיאט 6*,קילוגרמים,9.00,ליטר,false,,33.90,3.7667,true,1,113984
7290000136769,false,מארז פפסי קולה 6*1.5,טמפו,IL,מארז פפסי קולה 6*1.5,קילוגרמים,9.00,ליטר,false,,35.90,3.9889,true,1,113989
7290000136776,false,מארז פפסי מקס 6*1.5,טמפו,IL,מארז פפסי מקס 6*1.5,קילוגרמים,9.00,ליטר,false,,35.90,3.9889,true,1,113990
7290000136783,false,מארז מירינדה 6*1.5 ל,טמפו,IL,מארז מירינדה 6*1.5 ל,קילוגרמים,9.00,ליטר,false,,36.90,4.1000,true,1,113985
7290000136790,false,מארז סודה טמפו 6*1.5,טמפו,IL,מארז סודה טמפו 6*1.5,קילוגרמים,9.00,ליטר,false,,15.90,1.7667,true,1,113978
7290000136806,false,מארז סודה לימון ליים,טמפו,IL,מארז סודה לימון ליים,קילוגרמים,6.00,ליטר,false,,10.90,1.8167,true,1,114712
7290000136813,false,מארז סודה אננס טמפו,טמפו,IL,מארז סודה אננס טמפו,קילוגרמים,6.00,ליטר,false,,10.90,1.8167,true,1,114714
7290000136820,false,מארז סודה פירות יער,טמפו,IL,מארז סודה פירות יער,קילוגרמים,6.00,ליטר,false,,10.90,1.8167,true,1,114715
7290000136837,false,מארז סודה אפרסק טמפו,טמפו,IL,מארז סודה אפרסק טמפו,קילוגרמים,6.00,ליטר,false,,10.90,1.8167,true,1,114713
7290000136844,false,מים אקווה נובה 6*2 ל,טמפו,IL,מים אקווה נובה 6*2 ל,קילוגרמים,12.00,ליטר,false,,10.70,0.8917,true,1,113947
7290000137643,false,מארז קסטה טעמקור 8 י,גלידות שטראוס,IL,מארז קסטה טעמקור 8 י,גרמים,416.00,100 גרם,false,,27.50,6.6106,true,1,43296
7290000139104,false,שלווה חיטה תפוחה ומת,אשבל,IL,שלווה חיטה תפוחה ומת,גרמים,230.00,100 גרם,false,,7.50,3.2609,true,1,44348
7290000139227,false,תירס תפוח מתוק אשבול,אשבול בעמ,IL,תירס תפוח מתוק אשבול,גרמים,150.00,100 גרם,false,,7.50,5.0000,true,1,44350
7290000143187,false,שמפו הוואי לגבר 700,הנקל סוד,IL,שמפו הוואי לגבר 700,מיליליטרים,700.00,"100 מ""ל",false,,8.90,1.2714,true,1,58950
7290000143200,false,מרכך הוואי לשיער יבש,הנקל סוד,IL,מרכך הוואי לשיער יבש,מיליליטרים,700.00,"100 מ""ל",false,,8.90,1.2714,true,1,55257
7290000143217,false,שמפו הוואי לשיער יבש,הנקל סוד,IL,שמפו הוואי לשיער יבש,מיליליטרים,700.00,"100 מ""ל",false,,8.90,1.2714,true,1,55256
7290000143255,false,שמפו הוואי לשיער רגי,הנקל סוד,IL,שמפו הוואי לשיער רגי,מיליליטרים,700.00,"100 מ""ל",false,,8.90,1.2714,true,1,53468
7290000143262,false,שמפו הוואי לילדים 70,הנקל סוד,IL,שמפו הוואי לילדים 70,מיליליטרים,700.00,"100 מ""ל",false,,8.90,1.2714,true,1,55254
7290000143279,false,שמפו הוואי למניעת קש,הנקל סוד,IL,שמפו הוואי למניעת קש,מיליליטרים,700.00,"100 מ""ל",false,,8.90,1.2714,true,1,53469
7290000143293,false,מרכך הוואי לילדים 70,הנקל סוד,IL,מרכך הוואי לילדים 70,מיליליטרים,700.00,"100 מ""ל",false,,8.90,1.2714,true,1,44358
7290000144467,false,שמן חמניות בריאות עץ,שמן תעשיות,IL,שמן חמניות בריאות עץ,קילוגרמים,1.00,ליטר,false,,13.90,13.9000,true,1,44360
7290000144474,false,שמן קנולה בריאות עץ,שמן תעשיות,IL,שמן קנולה בריאות עץ,קילוגרמים,1.00,ליטר,false,,12.90,12.9000,true,1,44361
7290000149615,false,סבון מוצק נקה 7 לתינ,גליל כימיקלים בעמ,IL,סבון מוצק נקה 7 לתינ,גרמים,400.00,100 גרם,false,,8.90,2.2250,true,1,44377
7290000149905,false,טקסטיל שמפו נוזלי 1,סנו,IL,טקסטיל שמפו נוזלי 1,קילוגרמים,1.00,ליטר,false,,12.90,12.9000,true,1,40949
7290000151885,false,נקניק הודו עוף טוב 7,עוף טוב,IL,נקניק הודו עוף טוב 7,גרמים,700.00,100 גרם,false,,14.90,2.1286,true,1,42979
7290000152288,false,נקניקיות עוף טוב 400,עוף טוב,IL,נקניקיות עוף טוב 400,גרמים,400.00,100 גרם,false,,9.90,2.4750,true,1,74327
7290000152943,false,מארז פסטרמה/סלמי כפר,אסם,IL,מארז פסטרמה/סלמי כפר,גרמים,700.00,100 גרם,false,,18.90,2.7000,true,1,99626
7290000158105,false,שניצל עוף דינוזאור ע,עוף טוב,IL,שניצל עוף דינוזאור ע,גרמים,700.00,100 גרם,false,,29.90,4.2714,true,1,64484
7290000174723,false,שוקולית 500 גרם,שטראוס גרופ,IL,שוקולית 500 גרם,גרמים,500.00,100 גרם,false,,11.90,2.3800,true,1,76649
7290000176079,false,קפה טורקי הל עלית 10,שטראוס קפה בי.וי,IL,קפה טורקי הל עלית 10,גרמים,100.00,100 גרם,false,,8.90,8.9000,true,1,114665
7290000176420,false,קפה נמס 200 גרם,שטראוס,PL,קפה נמס 200 גרם,גרמים,200.00,100 גרם,false,,18.90,9.4500,true,1,44437
7290000176475,false,קפה נמס האג נטול קפא,שטראוס,IL,קפה נמס האג נטול קפא,גרמים,200.00,100 גרם,false,,33.90,16.9500,true,1,44438
7290000178707,false,תפוציפס טבעי 50 גרם,,,תפוציפס טבעי 50 גרם,גרמים,50.00,100 גרם,false,,3.50,7.0000,true,1,60191
7290000178721,false,תפוציפס מלוח 200 גרם,שטראוס,IL,תפוציפס מלוח 200 גרם,גרמים,200.00,100 גרם,false,,8.80,4.4000,true,1,44444
7290000186337,false,מטליות לחות לניקוי כ,עלבד משואות יצחק,IL,מטליות לחות לניקוי כ,Unknown,0.00,יחידה,false,,19.90,0.0000,true,1,82202
7290000186535,false,נייר טואלט לילי טריפ,קימברלי קלארק,IL,נייר טואלט לילי טריפ,מטרים,537.00,מטר,false,,37.90,0.0706,true,1,108096
7290000187921,false,נייר טואלט לבן לילי,קימברלי קלארק,IL,נייר טואלט לבן לילי,מטרים,588.00,מטר,false,,37.90,0.0645,true,1,49625
7290000187938,false,נייר טואלט פסטל לילי,קימברלי קלארק,IL,נייר טואלט פסטל לילי,מטרים,0.00,מטר,false,,38.90,0.0000,true,1,49624
7290000187952,false,נייר טואלט לילי טריפ,קימברלי קלארק,IL,נייר טואלט לילי טריפ,מטרים,537.00,מטר,false,,37.90,0.0706,true,1,108097
7290000188386,false,מגבות נייר ניקול 12,חוגלה קימברלי,IL,מגבות נייר ניקול 12,מטרים,129.00,מטר,false,,19.90,0.1543,true,1,73774
7290000188553,false,מגן תחתון קוטקס נורמ,חוגלה קימברלי,CN,מגן תחתון קוטקס נורמ,Unknown,0.00,יחידה,false,,15.90,0.0000,true,1,73792
7290000188591,false,מגן תחתון קוטקס יאנג,חוגלה קימברלי,CN,מגן תחתון קוטקס יאנג,Unknown,0.00,יחידה,false,,15.90,0.0000,true,1,73793
7290000189680,false,מטליות לחות לרצפה ני,חוגלה קימברלי,,מטליות לחות לרצפה ני,Unknown,0.00,יחידה,false,,19.90,0.0000,true,1,82201
7290000191225,false,חיתולי האגיס 44 יח ש,חוגלה קימברלי,IL,חיתולי האגיס 44 יח ש,Unknown,0.00,יחידה,false,,28.90,0.0000,true,1,81982
7290000191539,false,טישו צבעוני לילי 5*9,חוגלה קימברלי,IL,טישו צבעוני לילי 5*9,גרמים,593.00,100 גרם,false,,11.90,2.0067,true,1,73748
7290000191652,false,טישו קלינקס 3*90 יח,חוגלה קימברלי,IL,טישו קלינקס 3*90 יח,Unknown,0.00,יחידה,false,,9.90,0.0000,true,1,73772
7290000193014,false,מגן תחתון לילי אינטר,חוגלה קימברלי,IL,מגן תחתון לילי אינטר,Unknown,0.00,יחידה,false,,9.90,0.0000,true,1,73749
7290000193083,false,תחבושות לילי נובה לי,חוגלה קימברלי,IL,תחבושות לילי נובה לי,Unknown,0.00,יחידה,false,,8.90,0.0000,true,1,73750
7290000193472,false,מגן תחתון לילי נטורל,חוגלה קימברלי,IL,מגן תחתון לילי נטורל,Unknown,0.00,יחידה,false,,11.90,0.0000,true,1,73754
7290000193540,false,מגן תחתון לילי נטורל,חוגלה קימברלי,IL,מגן תחתון לילי נטורל,Unknown,0.00,יחידה,false,,11.90,0.0000,true,1,73755
7290000194172,false,חטיפים מעורב 250 גרם,ממתקי השלום,IL,חטיפים מעורב 250 גרם,גרמים,300.00,100 גרם,false,,12.90,4.3000,true,1,39321
7290000195537,false,מגבונים האגיס ללא בי,חוגלה קימברלי,IL,מגבונים האגיס ללא בי,Unknown,0.00,יחידה,false,,18.90,0.0000,true,1,73760
7290000197425,false,חיתולי האגיס פרידום,חוגלה קימברלי,IL,חיתולי האגיס פרידום,Unknown,0.00,יחידה,false,,39.90,0.0000,true,1,108891
7290000197456,false,חיתולי האגיס פרידום,חוגלה קימברלי,IL,חיתולי האגיס פרידום,Unknown,0.00,יחידה,false,,39.90,0.0000,true,1,108892
7290000197463,false,חיתולי האגיס פרידום,חוגלה קימברלי,IL,חיתולי האגיס פרידום,Unknown,0.00,יחידה,false,,39.90,0.0000,true,1,108893
7290000197548,false,חיתולי האגיס פרידום,חוגלה קימברלי,IL,חיתולי האגיס פרידום,Unknown,0.00,יחידה,false,,39.90,0.0000,true,1,108894
7290000197678,false,חיתולי האגיס פרידום,חוגלה קימברלי,IL,חיתולי האגיס פרידום,Unknown,0.00,יחידה,false,,39.90,0.0000,true,1,108895
7290000201818,false,חיתולי טיטולים פרימי,חוגלה קימברלי,IL,חיתולי טיטולים פרימי,Unknown,0.00,יחידה,false,,29.90,0.0000,true,1,101865
7290000201832,false,חיתולי טיטולים פרימי,חוגלה קימברלי,IL,חיתולי טיטולים פרימי,Unknown,0.00,יחידה,false,,29.90,0.0000,true,1,101866
7290000201849,false,חיתולי טיטולים פרימי,חוגלה קימברלי,IL,חיתולי טיטולים פרימי,Unknown,0.00,יחידה,false,,29.90,0.0000,true,1,101867
7290000201856,false,חיתולי טיטולים פרימי,חוגלה קימברלי,IL,חיתולי טיטולים פרימי,Unknown,0.00,יחידה,false,,29.90,0.0000,true,1,101868
7290000201863,false,חיתולי טיטולים פרימי,חוגלה קימברלי,IL,חיתולי טיטולים פרימי,Unknown,0.00,יחידה,false,,29.90,0.0000,true,1,101869
7290000201870,false,חיתולי טיטולים פרימי,חוגלה קימברלי,IL,חיתולי טיטולים פרימי,Unknown,0.00,יחידה,false,,29.90,0.0000,true,1,101870
7290000204086,false,כריות קרצוף ניקול 3,חוגלה קימברלי,IL,כריות קרצוף ניקול 3,Unknown,0.00,יחידה,false,,9.90,0.0000,true,1,73762
7290000204215,false,כריות יפניות ניקול 6,חוגלה קימברלי,IL,כריות יפניות ניקול 6,Unknown,0.00,יחידה,false,,9.90,0.0000,true,1,73763
7290000204253,false,מטליות לניקוי כללי נ,נ אורים,IL,מטליות לניקוי כללי נ,Unknown,0.00,יחידה,false,,9.90,0.0000,true,1,73764
7290000208077,false,אפונה גדולה יכין 550,זנלכל,IL,אפונה גדולה יכין 550,גרמים,550.00,100 גרם,false,,6.90,1.2545,true,1,64550
7290000208114,false,אפונה וגזר יכין 550,זנלכל,IL,אפונה וגזר יכין 550,גרמים,550.00,100 גרם,false,,6.90,1.2545,true,1,64670
7290000208138,false,סירופ יכין ענבים דיא,זנלכל,IL,סירופ יכין ענבים דיא,קילוגרמים,1.00,ליטר,false,,16.70,16.7000,true,1,58136
7290000208213,false,שעועית לבנה ברוטב יכ,זנלכל,IL,שעועית לבנה ברוטב יכ,גרמים,560.00,100 גרם,false,,6.90,1.2321,true,1,64666
7290000208220,false,שעועית צילי חריף יכי,זנלכל,IL,שעועית צילי חריף יכי,גרמים,580.00,100 גרם,false,,9.90,1.7069,true,1,64667
7290000208329,false,תירס גרעינים יכין 55,זנלכל,IL,תירס גרעינים יכין 55,גרמים,550.00,100 גרם,false,,6.90,1.2545,true,1,64664
7290000208428,false,חומוס שלם יכין 550 ג,זנלכל,IL,חומוס שלם יכין 550 ג,גרמים,550.00,100 גרם,false,,6.90,1.2545,true,1,64668
7290000209012,false,חומץ  5% יכין 1 ליטר,זנלכל,IL,חומץ  5% יכין 1 ליטר,קילוגרמים,1.00,ליטר,false,,6.90,6.9000,true,1,44645
7290000209043,false,רוטב לימון משומר יכי,זנלכל,IL,רוטב לימון משומר יכי,קילוגרמים,1.00,ליטר,false,,4.90,4.9000,true,1,44646
7290000209524,false,סירופ יכין פטל דיאט,זנלכל,IL,סירופ יכין פטל דיאט,קילוגרמים,1.00,ליטר,false,,16.70,16.7000,true,1,58137
7290000209555,false,סירופ יכין תפוע דיאט,זנלכל,IL,סירופ יכין תפוע דיאט,קילוגרמים,1.00,ליטר,false,,16.70,16.7000,true,1,58138
7290000209579,false,סירופ יכין אננס דיאט,זנלכל,IL,סירופ יכין אננס דיאט,קילוגרמים,1.00,ליטר,false,,16.70,16.7000,true,1,58142
7290000209722,false,תרכיז עגבניות פריכוז,זנלכל,IL,תרכיז עגבניות פריכוז,גרמים,580.00,100 גרם,false,,9.90,1.7069,true,1,44648
7290000211442,false,"אורז פרסי סוגת 1 ק""ג",סוגת,IL,"אורז פרסי סוגת 1 ק""ג",פריט,1.00,"ק""ג",false,,7.90,7.9000,true,1,44681
7290000211503,false,"סוכר סוגת 1 ק""ג",סוגת,IL,"סוכר סוגת 1 ק""ג",פריט,1.00,"ק""ג",false,,4.90,4.9000,true,1,44682
7290000211985,false,אורז ריזוטו עגול סוג,סוגת,IL,אורז ריזוטו עגול סוג,פריט,1.00,"ק""ג",false,,7.90,7.9000,true,1,44687
7290000226514,false,עוגת דובוש ריבת חלב,קפולסקי אדל בעמ,IL,עוגת דובוש ריבת חלב,גרמים,450.00,100 גרם,false,,38.90,8.6444,true,1,44736
7290000226545,false,עוגת טורט היער השחור,קפולסקי אדל בעמ,IL,עוגת טורט היער השחור,פריט,1.00,"ק""ג",false,,63.90,63.9000,true,1,44738
7290000226552,false,עוגת טורט בטעם ריבת,קפולסקי אדל בעמ,IL,עוגת טורט בטעם ריבת,פריט,1.00,"ק""ג",false,,63.90,63.9000,true,1,44739
7290000226569,false,עוגת טורט קצפת בטעם,קפולסקי אדל בעמ,IL,עוגת טורט קצפת בטעם,פריט,1.00,"ק""ג",false,,63.90,63.9000,true,1,44740
7290000226576,false,עוגת טורט בטעם שוקול,קפולסקי אדל בעמ,IL,עוגת טורט בטעם שוקול,פריט,1.00,"ק""ג",false,,63.90,63.9000,true,1,44741
7290000226613,false,עוגת דובוש מצופה שוק,קפולסקי אדל בעמ,IL,עוגת דובוש מצופה שוק,גרמים,400.00,100 גרם,false,,38.90,9.7250,true,1,44743
7290000238029,false,בצק עלים מרודד מעדנו,מעדנות,IL,בצק עלים מרודד מעדנו,פריט,1.00,"ק""ג",false,,15.90,15.9000,true,1,43391
7290000238036,false,מלוואח מעדנות 700 גר,מעדנות,IL,מלוואח מעדנות 700 גר,גרמים,700.00,100 גרם,false,,12.90,1.8429,true,1,43463
7290000238173,false,בורקס גבינה מעדנות 8,מעדנות,IL,בורקס גבינה מעדנות 8,גרמים,800.00,100 גרם,false,,17.90,2.2375,true,1,43392
7290000238180,false,בורקס תפוא מעדנות 80,מעדנות,IL,בורקס תפוא מעדנות 80,גרמים,800.00,100 גרם,false,,14.90,1.8625,true,1,43393
7290000245089,false,מרכך סוד סגול 4 ליטר,הנקל סוד,IL,מרכך סוד סגול 4 ליטר,קילוגרמים,4.00,ליטר,false,,16.90,4.2250,true,1,57309
7290000245157,false,מרכך סוד לבן 4 ליטר,הנקל סוד,IL,מרכך סוד לבן 4 ליטר,קילוגרמים,4.00,ליטר,false,,16.90,4.2250,true,1,57436
7290000245782,false,מרכך סוד ורוד 4 ליטר,הנקל סוד,IL,מרכך סוד ורוד 4 ליטר,קילוגרמים,4.00,ליטר,false,,16.90,4.2250,true,1,57311
7290000245799,false,מרכך סוד כחול 4 ליטר,הנקל סוד,IL,מרכך סוד כחול 4 ליטר,קילוגרמים,4.00,ליטר,false,,16.90,4.2250,true,1,57312
7290000253084,false,שוקולד ציפס חום לבן,אופנהיימר,IL,שוקולד ציפס חום לבן,גרמים,750.00,100 גרם,false,,19.90,2.6533,true,1,76243
7290000253107,false,צמקאו לבישול ואפיה א,אופנהיימר,IL,צמקאו לבישול ואפיה א,גרמים,900.00,100 גרם,false,,16.90,1.8778,true,1,75803
7290000253206,false,שוקולד ציפס אופנהיימ,אופנהיימר,IL,שוקולד ציפס אופנהיימ,גרמים,680.00,100 גרם,false,,19.90,2.9265,true,1,70585
7290000253251,false,שוקולד ציפס לבן אופנ,אופנהיימר,IL,שוקולד ציפס לבן אופנ,גרמים,250.00,100 גרם,false,,9.90,3.9600,true,1,56196
7290000253329,false,צמקאו חום/לבן לבישול,אופנהיימר,IL,צמקאו חום/לבן לבישול,גרמים,900.00,100 גרם,false,,16.90,1.8778,true,1,76244
7290000253565,false,מזרה צבעוני ארוך אופ,אופנהיימר,IL,מזרה צבעוני ארוך אופ,גרמים,170.00,100 גרם,false,,6.90,4.0588,true,1,109548
7290000253589,false,מזרה חום ארוך אופנהי,אופנהיימר,IL,מזרה חום ארוך אופנהי,גרמים,200.00,100 גרם,false,,6.90,3.4500,true,1,107543
7290000253596,false,מזרה צבעוני עגול אופ,אופנהיימר,IL,מזרה צבעוני עגול אופ,גרמים,200.00,100 גרם,false,,6.90,3.4500,true,1,107544
7290000263359,false,חיתולי האגיס 40 יח ש,חוגלה קימברלי,IL,חיתולי האגיס 40 יח ש,Unknown,0.00,יחידה,false,,28.90,0.0000,true,1,73780
7290000272443,false,סירופ עסיס תפוז דיאט,בית השיטה עסיס תעשיו,IL,סירופ עסיס תפוז דיאט,קילוגרמים,1.00,ליטר,false,,14.90,14.9000,true,1,67701
7290000272467,false,סירופ עסיס פטל דיאט,בית השיטה עסיס תעשיו,IL,סירופ עסיס פטל דיאט,קילוגרמים,1.00,ליטר,false,,14.90,14.9000,true,1,65505
7290000272696,false,מיץ לימון משומר עסיס,בית השיטה עסיס תעשיו,IL,מיץ לימון משומר עסיס,קילוגרמים,1.00,ליטר,false,,8.30,8.3000,true,1,61722
7290000272726,false,חומץ 5% עסיס 1 ליטר,בית השיטה עסיס תעשיו,IL,חומץ 5% עסיס 1 ליטר,קילוגרמים,1.00,ליטר,false,,5.90,5.9000,true,1,61723
7290000286228,false,ספוגיות סנו סושי 6 י,סדובסקי,IL,ספוגיות סנו סושי 6 י,Unknown,0.00,יחידה,false,,9.90,0.0000,true,1,45058
7290000286297,false,נוזל אנטי קאלק מסיר,סנו,IL,נוזל אנטי קאלק מסיר,מיליליטרים,700.00,"100 מ""ל",false,,9.90,1.4143,true,1,45059
7290000286488,false,ספוג כיף פיראט,קוסמופארם,IL,ספוג כיף פיראט,Unknown,0.00,יחידה,false,,4.90,0.0000,true,1,45060
7290000286525,false,ספוג כיף רחצה פרינה,קוסמופארם,IL,ספוג כיף רחצה פרינה,Unknown,0.00,יחידה,false,,8.90,0.0000,true,1,45063
7290000286549,false,מטליות לניקוי כללי ס,נועם אורים,IL,מטליות לניקוי כללי ס,Unknown,0.00,יחידה,false,,8.90,0.0000,true,1,45064
7290000286761,false,ניילון נצמד סנו סושי,FV HK,IL,ניילון נצמד סנו סושי,מטרים,60.00,מטר,false,,9.90,0.1650,true,1,45067
7290000286921,false,תרסיס רסס כבס סנוקל,סנו,IL,תרסיס רסס כבס סנוקל,מיליליטרים,750.00,"100 מ""ל",false,,9.90,1.3200,true,1,48773
7290000287102,false,תרסיס סנו שטיחים איר,סנו,IL,תרסיס סנו שטיחים איר,מיליליטרים,600.00,"100 מ""ל",false,,17.90,2.9833,true,1,42037
7290000287195,false,תרסיס סנו רהיט 305 מ,סנו,IL,תרסיס סנו רהיט 305 מ,מיליליטרים,305.00,"100 מ""ל",false,,12.90,4.2295,true,1,45083
7290000287409,false,סבון אסלה סנובון תות,סנו,IL,סבון אסלה סנובון תות,גרמים,165.00,100 גרם,false,,9.90,6.0000,true,1,45085
7290000287430,false,סבון אסלה סנובון צבע,סנו,IL,סבון אסלה סנובון צבע,גרמים,165.00,100 גרם,false,,9.90,6.0000,true,1,45086
7290000287485,false,סבון אסלה סנובון לוב,סנו,IL,סבון אסלה סנובון לוב,גרמים,165.00,100 גרם,false,,9.90,6.0000,true,1,45087
7290000287492,false,סנובון נוזלי לימון 7,סנו,IL,סנובון נוזלי לימון 7,מיליליטרים,750.00,"100 מ""ל",false,,8.90,1.1867,true,1,71651
7290000288024,false,אקונומיקה סנו גאוול,סנו,IL,אקונומיקה סנו גאוול,קילוגרמים,4.00,ליטר,false,,15.90,3.9750,true,1,45092
7290000288048,false,תרסיס ניקוי סנו ז'או,סנו,IL,תרסיס ניקוי סנו ז'או,קילוגרמים,1.00,ליטר,false,,13.90,13.9000,true,1,45094
7290000288086,false,אבקת ניקוי סנו גאוול,סנו,IL,אבקת ניקוי סנו גאוול,גרמים,600.00,100 גרם,false,,9.90,1.6500,true,1,45095
7290000288291,false,סנומט דוחה יתושים 30,זובאלה,IL,סנומט דוחה יתושים 30,Unknown,0.00,יחידה,false,,11.90,0.0000,true,1,45100
7290000288307,false,מכשיר סנומט + 30 טבל,זובאלה,IL,מכשיר סנומט + 30 טבל,Unknown,1.00,יחידה,false,,24.90,24.9000,true,1,45102
7290000288352,false,"קוטל K300 סנו 630 מ""",סנו,IL,"קוטל K300 סנו 630 מ""",מיליליטרים,630.00,"100 מ""ל",false,,17.90,2.8413,true,1,45103
7290000288383,false,קוטל K500 נמלים סנו,סנו,IL,קוטל K500 נמלים סנו,מיליליטרים,400.00,"100 מ""ל",false,,19.90,4.9750,true,1,45104
7290000288390,false,"קוטל K600 סנו 500 מ""",סנו,IL,"קוטל K600 סנו 500 מ""",מיליליטרים,500.00,"100 מ""ל",false,,19.90,3.9800,true,1,45105
7290000288420,false,"סנו די תרסיס 125 מ""ל",קוסמופארם,IL,"סנו די תרסיס 125 מ""ל",מיליליטרים,125.00,"100 מ""ל",false,,17.90,14.3200,true,1,45107
7290000288529,false,משחת כלים סנוסאן ברי,סנו,IL,משחת כלים סנוסאן ברי,פריט,3.50,"ק""ג",false,,19.90,5.6857,true,1,45109
7290000288642,false,מרכך מקסימה סנסטיב 4,סנו,IL,מרכך מקסימה סנסטיב 4,קילוגרמים,4.00,ליטר,false,,19.80,4.9500,true,1,45110
7290000289052,false,פוליויקס סחלבים 4 לי,סנו,IL,פוליויקס סחלבים 4 לי,קילוגרמים,4.00,ליטר,false,,34.90,8.7250,true,1,45112
7290000289069,false,תרסיס ניקוי סנו גאוו,סנו,IL,תרסיס ניקוי סנו גאוו,קילוגרמים,1.00,ליטר,false,,13.90,13.9000,true,1,45113
7290000289472,false,שקיות אשפה 76*90 סנו,אשפלסט,IL,שקיות אשפה 76*90 סנו,Unknown,0.00,יחידה,false,,16.90,0.0000,true,1,45118
7290000289595,false,משחת אורביטול ילדים,טרופיקל דגיל,IL,משחת אורביטול ילדים,גרמים,145.00,100 גרם,false,,6.90,4.7586,true,1,45120
7290000291932,false,סנובון נוזלי לבנדר 7,סנו,IL,סנובון נוזלי לבנדר 7,מיליליטרים,750.00,"100 מ""ל",false,,8.90,1.1867,true,1,71653
7290000292007,false,גל פיתיון K3 סנו,סנו,IL,גל פיתיון K3 סנו,גרמים,10.00,100 גרם,false,,39.90,399.0000,true,1,99899
7290000292137,false,תחליב סנו לניקוי עור,סנו,IL,תחליב סנו לניקוי עור,מיליליטרים,500.00,"100 מ""ל",false,,28.90,5.7800,true,1,45137
7290000292557,false,מילוי סנומט נוזלי 45,זובאלה,IL,מילוי סנומט נוזלי 45,Unknown,0.00,יחידה,false,,14.90,0.0000,true,1,45146
7290000292564,false,קוטל K2000 ללא ריח ס,סנו,IL,קוטל K2000 ללא ריח ס,מיליליטרים,750.00,"100 מ""ל",false,,28.90,3.8533,true,1,45147
7290000292595,false,סופר פוליש סנו 2 ליט,סנו,IL,סופר פוליש סנו 2 ליט,קילוגרמים,2.00,ליטר,false,,39.90,19.9500,true,1,45149
7290000292687,false,סנובון כחול 3 יח,סנו,IL,סנובון כחול 3 יח,גרמים,165.00,100 גרם,false,,12.90,7.8182,true,1,45151
7290000292694,false,מגן קריסטל סנו 2 ליט,סנו,IL,מגן קריסטל סנו 2 ליט,קילוגרמים,2.00,ליטר,false,,39.90,19.9500,true,1,45152
7290000292915,false,תרסיס סנו רסס ונגב 7,סנו,IL,תרסיס סנו רסס ונגב 7,מיליליטרים,750.00,"100 מ""ל",false,,12.90,1.7200,true,1,45153
7290000293073,false,מרכך מקסימה ביו 4 לי,סנו,IL,מרכך מקסימה ביו 4 לי,קילוגרמים,4.00,ליטר,false,,19.80,4.9500,true,1,45156
7290000293943,false,תרסיס אנטי קאלק מסיר,סנו,IL,תרסיס אנטי קאלק מסיר,קילוגרמים,1.00,ליטר,false,,14.90,14.9000,true,1,45171
7290000294780,false,אקונומיקה סנו גאוול,סנו,IL,אקונומיקה סנו גאוול,קילוגרמים,4.00,ליטר,false,,15.90,3.9750,true,1,45192
7290000295503,false,שקיות אוכל סנו סושי,אשפלסט,IL,שקיות אוכל סנו סושי,Unknown,0.00,יחידה,false,,13.70,0.0000,true,1,45199
7290000295558,false,נייר אלומיניום סנו ס,בורסה פזרי,IL,נייר אלומיניום סנו ס,מטרים,15.00,מטר,false,,9.90,0.6600,true,1,45201
7290000295565,false,נייר אלומניום סנו סו,בורסה פזרי,IL,נייר אלומניום סנו סו,מטרים,15.00,מטר,false,,15.90,1.0600,true,1,45202
7290000295749,false,ספוג כיף סאקי מסאז,קוסמופארם,IL,ספוג כיף סאקי מסאז,Unknown,0.00,יחידה,false,,8.90,0.0000,true,1,45205
7290000295824,false,נייר אלומיניום סנו ס,,IL,נייר אלומיניום סנו ס,Unknown,0.00,יחידה,false,,47.90,0.0000,true,1,61384
7290000305882,false,סלט אס ירקות עם דגים,יונה,IL,סלט אס ירקות עם דגים,גרמים,120.00,100 גרם,false,,4.90,4.0833,true,1,45266
7290000311067,false,מיני ופלים בטעם שוקו,מן,IL,מיני ופלים בטעם שוקו,גרמים,200.00,100 גרם,false,,6.70,3.3500,true,1,40484
7290000311098,false,ופל מן לימון 3*200 ג,רוקחמן,IL,ופל מן לימון 3*200 ג,גרמים,600.00,100 גרם,false,,12.90,2.1500,true,1,106114
7290000311128,false,עוגיות בטעם חמאה מן,רוקחמן,IL,עוגיות בטעם חמאה מן,גרמים,300.00,100 גרם,false,,6.70,2.2333,true,1,40485
7290000311135,false,עוגיות סטיקס שוקו מן,רוקחמן,IL,עוגיות סטיקס שוקו מן,גרמים,300.00,100 גרם,false,,6.70,2.2333,true,1,40486
7290000311180,false,ופלית מן 10 יח,רוקחמן,IL,ופלית מן 10 יח,גרמים,250.00,100 גרם,false,,6.90,2.7600,true,1,45295
7290000311258,false,ופלים מצופים בטעם שו,מן,IL,ופלים מצופים בטעם שו,גרמים,250.00,100 גרם,false,,6.70,2.6800,true,1,97126
7290000311326,false,ופל קפה מן 3*200 גרם,רוקחמן,IL,ופל קפה מן 3*200 גרם,גרמים,600.00,100 גרם,false,,12.90,2.1500,true,1,106115
7290000311357,false,ופל אגוזית מן 10 יח,רוקחמן,IL,ופל אגוזית מן 10 יח,גרמים,280.00,100 גרם,false,,9.90,3.5357,true,1,45300
7290000311364,false,ופל שוקולד מן 10 יח,רוקחמן,,ופל שוקולד מן 10 יח,גרמים,210.00,100 גרם,false,,6.80,3.2381,true,1,45301
7290000311425,false,ופל מצופה מן 10 יח,רוקחמן,IL,ופל מצופה מן 10 יח,גרמים,220.00,100 גרם,false,,6.90,3.1364,true,1,45302
7290000311487,false,ופל בטעם שוקולד קמח,רוקחמן,IL,ופל בטעם שוקולד קמח,גרמים,140.00,100 גרם,false,,6.90,4.9286,true,1,119053
7290000311500,false,ופל שוקולד מן 500 גר,רוקחמן,IL,ופל שוקולד מן 500 גר,גרמים,500.00,100 גרם,false,,8.90,1.7800,true,1,45303
7290000311517,false,ופל לימון מן 500 גרם,רוקחמן,IL,ופל לימון מן 500 גרם,גרמים,500.00,100 גרם,false,,8.90,1.7800,true,1,45304
7290000311708,false,עוגיות חיטה מלאה מן,רוקחמן,IL,עוגיות חיטה מלאה מן,גרמים,300.00,100 גרם,false,,6.70,2.2333,true,1,40487
7290000311715,false,עוגיות כוכבים שוקולד,רוקחמן,IL,עוגיות כוכבים שוקולד,גרמים,300.00,100 גרם,false,,6.70,2.2333,true,1,40488
7290000311722,false,עוגיות כוכבים וניל מ,רוקחמן,IL,עוגיות כוכבים וניל מ,גרמים,300.00,100 גרם,false,,6.70,2.2333,true,1,40489
7290000311746,false,עוגיות בטעם קרמל מן,רוקחמן,IL,עוגיות בטעם קרמל מן,גרמים,300.00,100 גרם,false,,6.70,2.2333,true,1,84018
7290000311753,false,עוגיות חיטה מלאה בטע,רוקחמן,IL,עוגיות חיטה מלאה בטע,גרמים,250.00,100 גרם,false,,6.70,2.6800,true,1,103325
7290000311845,false,עוגיות חיטה ללא סוכר,רוקחמן,IL,עוגיות חיטה ללא סוכר,גרמים,200.00,100 גרם,false,,8.70,4.3500,true,1,84019
7290000311869,false,ופל ללא סוכר בטעם שו,רוקחמן,IL,ופל ללא סוכר בטעם שו,גרמים,180.00,100 גרם,false,,7.90,4.3889,true,1,84021
7290000311876,false,ופל ללא סוכר בטעם ונ,רוקחמן,IL,ופל ללא סוכר בטעם ונ,גרמים,180.00,100 גרם,false,,7.90,4.3889,true,1,84020
7290000311883,false,עוגיות גרנולה ללא סו,רוקחמן,IL,עוגיות גרנולה ללא סו,גרמים,200.00,100 גרם,false,,8.70,4.3500,true,1,40491
7290000311890,false,ופל ללא סוכר בטעם לי,רוקחמן,,ופל ללא סוכר בטעם לי,גרמים,180.00,100 גרם,false,,7.90,4.3889,true,1,108213
7290000311975,false,ופל מן 5*200 גרם,רוקחמן,IL,ופל מן 5*200 גרם,פריט,1.00,"ק""ג",false,,19.70,19.7000,true,1,45307
7290000312767,false,בייגלה שטוחים מלוח מ,מאיר בייגל,IL,בייגלה שטוחים מלוח מ,גרמים,200.00,100 גרם,false,,4.90,2.4500,true,1,71093
7290000312842,false,בייגלה שמיניות מלך ה,מאיר בייגל,IL,בייגלה שמיניות מלך ה,גרמים,300.00,100 גרם,false,,3.90,1.3000,true,1,110781
7290000312859,false,גריסיני קלאסי מלך הג,מאיר בייגל,IL,גריסיני קלאסי מלך הג,גרמים,180.00,100 גרם,false,,5.90,3.2778,true,1,110782
7290000312866,false,גריסיני שומשום מלך ה,מאיר בייגל,IL,גריסיני שומשום מלך ה,גרמים,160.00,100 גרם,false,,5.90,3.6875,true,1,110783
7290000312873,false,בייגלה שטוח שומשום מ,מאיר בייגל,IL,בייגלה שטוח שומשום מ,גרמים,180.00,100 גרם,false,,4.90,2.7222,true,1,117842
7290000312880,false,בייגלה שטוח כפרי מלך,מאיר בייגל,IL,בייגלה שטוח כפרי מלך,גרמים,180.00,100 גרם,false,,4.90,2.7222,true,1,117843
7290000313290,false,נודלס אטריות מסולסלו,אסם,IL,נודלס אטריות מסולסלו,גרמים,200.00,100 גרם,false,,8.90,4.4500,true,1,59957
7290000327020,false,"מארז פפסי 6*330 מ""ל",מודרן גרופ משקאות בע,IL,"מארז פפסי 6*330 מ""ל",קילוגרמים,1.98,ליטר,false,,18.90,9.5455,true,1,116128
7290000327037,false,מארז מירינדה 6*330 מ,מודרן גרופ משקאות בע,IL,מארז מירינדה 6*330 מ,קילוגרמים,1.98,ליטר,false,,18.90,9.5455,true,1,116129
7290000327044,false,"מארז סבן אפ 6*330 מ""",מודרן גרופ משקאות בע,IL,"מארז סבן אפ 6*330 מ""",קילוגרמים,1.98,ליטר,false,,18.90,9.5455,true,1,116127
7290000345048,false,תה 74 ויסוצקי 125 גר,ויסוצקי,IL,תה 74 ויסוצקי 125 גר,גרמים,125.00,100 גרם,false,,11.90,9.5200,true,1,39943
7290000345055,false,תה ארל גריי תה עלים,ויסוצקי,IL,תה ארל גריי תה עלים,גרמים,100.00,100 גרם,false,,12.90,12.9000,true,1,45451
7290000345215,false,תה ויסוצקי טעם מעודן,ויסוצקי,IL,תה ויסוצקי טעם מעודן,גרמים,100.00,100 גרם,false,,15.90,15.9000,true,1,39989
7290000345307,false,תה ארל גריי ויסוצקי,ויסוצקי,IL,תה ארל גריי ויסוצקי,גרמים,75.00,100 גרם,false,,24.90,33.2000,true,1,39913
7290000345536,false,תה נענע 1.5 גרם 25 ש,ויסוצקי,IL,תה נענע 1.5 גרם 25 ש,גרמים,38.00,100 גרם,false,,16.50,43.4211,true,1,77270
7290000347738,false,תה ירוק נענע 25 שקיק,ויסוצקי,IL,תה ירוק נענע 25 שקיק,גרמים,38.00,100 גרם,false,,21.50,56.5789,true,1,55611
7290000347752,false,תה ירוק לימון ולואיז,ויסוצקי,IL,תה ירוק לימון ולואיז,גרמים,38.00,100 גרם,false,,21.50,56.5789,true,1,55612
7290000369037,false,סלט קוביות בולגרית ב,נטורל קייקס,IL,סלט קוביות בולגרית ב,גרמים,200.00,100 גרם,false,,12.90,6.4500,true,1,90697
7290000369617,false,כדורי פטה בשמן ניצן,גבינות עמיר ניצן,IL,כדורי פטה בשמן ניצן,גרמים,150.00,100 גרם,false,,16.90,11.2667,true,1,55969
7290000379203,false,לחם עינן קל אנגל 500,מאפית אנגל,IL,לחם עינן קל אנגל 500,גרמים,500.00,100 גרם,false,,14.90,2.9800,true,1,97444
7290000379258,false,חלה קונדיטוריה אנגל,מאפית אנגל,IL,חלה קונדיטוריה אנגל,גרמים,500.00,100 גרם,false,,12.90,2.5800,true,1,97450
7290000396224,false,תפוח אדמה גורמה,אראל תוצרת חקלאית בע,IL,תפוח אדמה גורמה,Unknown,0.00,יחידה,false,,14.90,0.0000,true,1,91480
7290000408354,false,דנונה בר פצפוצים,שטראוס,IL,דנונה בר פצפוצים,מיליליטרים,175.00,"100 מ""ל",false,,4.30,2.4571,true,1,42835
7290000412481,false,מנקה אסלות 00 1 ליטר,סנו,IL,מנקה אסלות 00 1 ליטר,קילוגרמים,1.00,ליטר,false,,6.90,6.9000,true,1,45679
7290000416632,false,ממרח בטעם שוקולד השח,השחר העולה תעשית ממת,IL,ממרח בטעם שוקולד השח,פריט,1.00,"ק""ג",false,,22.90,22.9000,true,1,50529
7290000416861,false,ממרח בטעם שוקולד השח,השחר העולה תעשית ממת,IL,ממרח בטעם שוקולד השח,גרמים,750.00,100 גרם,false,,19.90,2.6533,true,1,106312
7290000418155,false,תחבושות טופ פד סופר,מוצרי נייר עמיר,IL,תחבושות טופ פד סופר,Unknown,0.00,יחידה,false,,5.90,0.0000,true,1,45753
7290000419220,false,מארז קפה טורקי לנדוו,קפה לנדוור,IL,מארז קפה טורקי לנדוו,גרמים,300.00,100 גרם,false,,18.90,6.3000,true,1,59119
7290000419374,false,מארז קפה טורקי לנדוו,קפה לנדוור,IL,מארז קפה טורקי לנדוו,גרמים,300.00,100 גרם,false,,18.90,6.3000,true,1,59120
7290000426150,false,כרובית פרחים בודק 60,"מטר ארצכם בע""מ",IL,כרובית פרחים בודק 60,גרמים,600.00,100 גרם,false,,24.90,4.1500,true,1,103692
7290000426181,false,תרד קצוץ בודק 907 גר,"מטר ארצכם בע""מ",IL,תרד קצוץ בודק 907 גר,גרמים,907.00,100 גרם,false,,26.90,2.9658,true,1,112919
7290000426921,false,ברוקולי פרחים בודק 9,"מטר ארצכם בע""מ",IL,ברוקולי פרחים בודק 9,גרמים,709.00,100 גרם,false,,34.90,4.9224,true,1,112917
7290000432359,false,נר נשמה בכוס שבועי פ,פאלאס,CN,נר נשמה בכוס שבועי פ,Unknown,0.00,יחידה,false,,9.90,0.0000,true,1,82918
7290000436326,false,עוגיות שוקולד ציפס ב,ברמן שוקולד ועוגיות,IL,עוגיות שוקולד ציפס ב,פריט,1.00,"ק""ג",false,,19.90,19.9000,true,1,95302
7290000436340,false,עוגיות במילוי שוקולד,ברמן שוקולד ועוגיות,IL,עוגיות במילוי שוקולד,גרמים,900.00,100 גרם,false,,19.90,2.2111,true,1,95304
7290000436357,false,עוגיות ממולאות בטעם,ברמן שוקולד ועוגיות,IL,עוגיות ממולאות בטעם,פריט,1.00,"ק""ג",false,,19.90,19.9000,true,1,96935
7290000436364,false,עוגיות כתר במילוי תו,ברמן שוקולד ועוגיות,IL,עוגיות כתר במילוי תו,גרמים,900.00,100 גרם,false,,19.90,2.2111,true,1,96936
7290000436371,false,עוגיות סהר בציפוי שו,ברמן שוקולד ועוגיות,IL,עוגיות סהר בציפוי שו,פריט,1.00,"ק""ג",false,,19.90,19.9000,true,1,96934
7290000442310,false,משחת החתלה לתינוק 10,"רצט שקיים בע""מ",IL,משחת החתלה לתינוק 10,גרמים,100.00,100 גרם,false,,10.90,10.9000,true,1,100075
7290000446325,false,תרכיז ב.ד תפוחים טבע,בטר אנד דיפרנט,IL,תרכיז ב.ד תפוחים טבע,קילוגרמים,1.20,ליטר,false,,41.90,34.9167,true,1,42080
7290000446394,false,דייסת שיבולת שועל ב.,בטר אנד דיפרנט,IL,דייסת שיבולת שועל ב.,גרמים,200.00,100 גרם,false,,9.90,4.9500,true,1,45825
7290000446523,false,חמאת בוטנים מתוקה ב.,בטר אנד דיפרנט,IL,חמאת בוטנים מתוקה ב.,גרמים,350.00,100 גרם,false,,13.90,3.9714,true,1,45826
7290000446530,false,חמאת בוטנים מתוקה ב.,בטר אנד דיפרנט,IL,חמאת בוטנים מתוקה ב.,פריט,1.00,"ק""ג",false,,26.90,26.9000,true,1,45827
7290000446547,false,חמאת בוטנים טבעית ב.,בטר אנד דיפרנט,IL,חמאת בוטנים טבעית ב.,גרמים,350.00,100 גרם,false,,13.90,3.9714,true,1,45828
7290000446554,false,חמאת בוטנים טבעית ב.,בטר אנד דיפרנט,IL,חמאת בוטנים טבעית ב.,פריט,1.00,"ק""ג",false,,26.90,26.9000,true,1,45829
7290000446721,false,מארז פריכיות אורז ב.,בטר אנד דיפרנט,IL,מארז פריכיות אורז ב.,גרמים,420.00,100 גרם,false,,14.90,3.5476,true,1,40016
7290000446745,false,חמאת שקדים ב.ד 350 ג,בטר אנד דיפרנט,IL,חמאת שקדים ב.ד 350 ג,גרמים,350.00,100 גרם,false,,38.90,11.1143,true,1,65490
7290000446776,false,פצפוצי אורז ללא תוספ,בטר אנד דיפרנט,IL,פצפוצי אורז ללא תוספ,גרמים,450.00,100 גרם,false,,18.90,4.2000,true,1,45830
7290000446936,false,פירורי קורנפלקס לציפ,בטר אנד דיפרנט,IL,פירורי קורנפלקס לציפ,גרמים,250.00,100 גרם,false,,7.90,3.1600,true,1,65524
7290000453019,false,שמרים טריים שמרית 50,פאקא תעשיות בעמ,IL,שמרים טריים שמרית 50,גרמים,50.00,100 גרם,false,,3.90,7.8000,true,1,45852
7290000453125,false,שמרים טריים+משפר אפי,פאקא תעשיות בעמ,IL,שמרים טריים+משפר אפי,גרמים,100.00,100 גרם,false,,6.90,6.9000,true,1,45853
7290000453385,false,שמרים יבשים פאקא 500,פאקא תעשיות בעמ,IL,שמרים יבשים פאקא 500,גרמים,500.00,100 גרם,false,,11.90,2.3800,true,1,59652
7290000453408,false,בצק פיצה מוכן לאפיה,פאקא תעשיות בעמ,FR,בצק פיצה מוכן לאפיה,גרמים,415.00,100 גרם,false,,13.90,3.3494,true,1,108180
7290000453415,false,בצק עלים מוכן לאפיה,פאקא תעשיות בעמ,FR,בצק עלים מוכן לאפיה,גרמים,300.00,100 גרם,false,,14.80,4.9333,true,1,108181
7290000453422,false,בצק פילו מוכן לאפיה,פאקא תעשיות בעמ,GR,בצק פילו מוכן לאפיה,גרמים,300.00,100 גרם,false,,14.80,4.9333,true,1,108182
7290000453484,false,בצק קדאיף שמרית 350,פאקא תעשיות בעמ,GR,בצק קדאיף שמרית 350,גרמים,350.00,100 גרם,false,,12.90,3.6857,true,1,116538
7290000453866,false,נטורינה תחליף מרגרינ,פאקא תעשיות בעמ,IL,נטורינה תחליף מרגרינ,גרמים,200.00,100 גרם,false,,6.50,3.2500,true,1,103148
7290000453897,false,מרגרינה בטעם חמאה שמ,פאקא תעשיות בעמ,IL,מרגרינה בטעם חמאה שמ,גרמים,200.00,100 גרם,false,,4.60,2.3000,true,1,85782
7290000462103,false,סחוג תימני זהבי 150,זהבי הכרם,IL,סחוג תימני זהבי 150,גרמים,150.00,100 גרם,false,,6.90,4.6000,true,1,48967
7290000462141,false,סחוג תימני חריף זהבי,זהבי הכרם,IL,סחוג תימני חריף זהבי,גרמים,150.00,100 גרם,false,,6.90,4.6000,true,1,48968
7290000462172,false,סחוג ירוק זהבי 150 ג,זהבי הכרם,IL,סחוג ירוק זהבי 150 ג,גרמים,140.00,100 גרם,false,,6.90,4.9286,true,1,48969
7290000467153,false,חומוס עם המון טחינה,צבר,IL,חומוס עם המון טחינה,גרמים,400.00,100 גרם,false,,11.90,2.9750,true,1,72090
7290000467320,false,חומוס אבו מרוואן צבר,צבר,IL,חומוס אבו מרוואן צבר,גרמים,400.00,100 גרם,false,,11.90,2.9750,true,1,72091
7290000469638,false,ספריי לגיהוץ מריטו 5,בולטון,,ספריי לגיהוץ מריטו 5,מיליליטרים,500.00,"100 מ""ל",false,,16.90,3.3800,true,1,60071
7290000474502,false,גבינה 5% טרה 250 גרם,טרה,IL,גבינה 5% טרה 250 גרם,גרמים,250.00,100 גרם,false,,4.90,1.9600,true,1,49386
7290000474540,false,גבינה 3% טוב טעם 250,טרה,IL,גבינה 3% טוב טעם 250,גרמים,250.00,100 גרם,false,,9.80,3.9200,true,1,42702
7290000474830,false,גבינה מגורדת 28% טרה,טרה,IL,גבינה מגורדת 28% טרה,גרמים,500.00,100 גרם,false,,29.90,5.9800,true,1,45946
7290000480107,false,שיבולת שועל קוואקר 5,קואקר אוטס,GB,שיבולת שועל קוואקר 5,גרמים,500.00,100 גרם,false,,9.90,1.9800,true,1,59266
7290000484747,false,"עלית הארק 40% 700 מ""",יקב הגליל שווק בעמ,IL,"עלית הארק 40% 700 מ""",מיליליטרים,700.00,"100 מ""ל",false,,49.90,7.1286,true,1,86295
7290000490601,false,מאגדת גלידל  שלגון ב,הגלידות של פלדמן,IL,מאגדת גלידל  שלגון ב,גרמים,400.00,100 גרם,false,,28.90,7.2250,true,1,118936
7290000490762,false,מאגדת גלידל שלגון בט,הגלידות של פלדמן,IL,מאגדת גלידל שלגון בט,גרמים,400.00,100 גרם,false,,28.90,7.2250,true,1,118937
7290000493176,false,אבקה להכנת רוטב צלי,אסם,IL,אבקה להכנת רוטב צלי,גרמים,22.00,100 גרם,false,,3.60,16.3636,true,1,45978
7290000493183,false,אבקת רוטב פטריות אסם,אסם,IL,אבקת רוטב פטריות אסם,גרמים,30.00,100 גרם,false,,3.50,11.6667,true,1,45979
7290000494760,false,קפה טורקי בוואקום כת,רוני רג'ואן,IL,קפה טורקי בוואקום כת,פריט,1.00,"ק""ג",false,,39.90,39.9000,true,1,49586
7290000497044,false,לחם אקטיב ברמן 750 ג,מאפית י את א ברמן בע,IL,לחם אקטיב ברמן 750 ג,גרמים,750.00,100 גרם,false,,14.90,1.9867,true,1,73687
7290000497198,false,פיתות ברמן 10 יח,מאפית י את א ברמן בע,IL,פיתות ברמן 10 יח,פריט,1.00,"ק""ג",false,,9.90,9.9000,true,1,49788
7290000497228,false,לחמניות אצבע ברמן 6,מאפית י את א ברמן בע,IL,לחמניות אצבע ברמן 6,גרמים,450.00,100 גרם,false,,8.90,1.9778,true,1,45991
7290000497273,false,לחמניות קמח מלא אקטי,מאפית י את א ברמן בע,IL,לחמניות קמח מלא אקטי,גרמים,450.00,100 גרם,false,,11.90,2.6444,true,1,87308
7290000497303,false,לחמניות קמח מלא ברמן,מאפית י את א ברמן בע,IL,לחמניות קמח מלא ברמן,גרמים,450.00,100 גרם,false,,11.90,2.6444,true,1,45992
7290000497358,false,חלה מתוקה חלומית ברמ,מאפית י את א ברמן בע,IL,חלה מתוקה חלומית ברמ,גרמים,500.00,100 גרם,false,,11.90,2.3800,true,1,49802
7290000497426,false,לחם לעניין פלוס ברמן,מאפית י את א ברמן בע,IL,לחם לעניין פלוס ברמן,גרמים,500.00,100 גרם,false,,12.90,2.5800,true,1,49793
7290000497488,false,חלה קלה ברמן 500 גרם,מאפית י את א ברמן בע,IL,חלה קלה ברמן 500 גרם,גרמים,500.00,100 גרם,false,,14.90,2.9800,true,1,45993
7290000497532,false,לחם קמח מלא לעניין ב,מאפית י את א ברמן בע,IL,לחם קמח מלא לעניין ב,גרמים,750.00,100 גרם,false,,12.90,1.7200,true,1,45994
7290000497570,false,לחם דגנים פלוס ברמן,מאפית י את א ברמן בע,IL,לחם דגנים פלוס ברמן,גרמים,500.00,100 גרם,false,,12.90,2.5800,true,1,49796
7290000498003,false,לחם קמח מלא E-FREE ב,מאפית י את א ברמן בע,IL,לחם קמח מלא E-FREE ב,גרמים,750.00,100 גרם,false,,14.70,1.9600,true,1,95206
7290000498034,false,לחם קמח מלא כוסמין E,מאפית י את א ברמן בע,IL,לחם קמח מלא כוסמין E,גרמים,750.00,100 גרם,false,,14.70,1.9600,true,1,102484
7290000498058,false,חלה כוסמין חלומית בר,מאפית י את א ברמן בע,IL,חלה כוסמין חלומית בר,גרמים,500.00,100 גרם,false,,15.90,3.1800,true,1,116680
7290000498300,false,חלה מתוקה ברמן 500 ג,מאפית י את א ברמן בע,IL,חלה מתוקה ברמן 500 ג,גרמים,500.00,100 גרם,false,,10.90,2.1800,true,1,110409
7290000504049,false,ממתיק קלאסי סוכרזית,שטראוס,IL,ממתיק קלאסי סוכרזית,גרמים,984.00,100 גרם,false,,17.90,1.8191,true,1,46029
7290000504209,false,ממתיק נוזלי קלאסי סו,שטראוס,IL,ממתיק נוזלי קלאסי סו,מיליליטרים,220.00,"100 מ""ל",false,,14.80,6.7273,true,1,46030
7290000504278,false,ממתיק קלאסי סוכרזית,שטראוס,IL,ממתיק קלאסי סוכרזית,Unknown,0.00,יחידה,false,,13.90,0.0000,true,1,46031
7290000521008,false,יין סגל אדום יבש,יקבי ברקן,IL,יין סגל אדום יבש,מיליליטרים,750.00,"100 מ""ל",false,,21.50,2.8667,true,1,46062
7290000521022,false,יין סגל לבן חצי יבש,,,יין סגל לבן חצי יבש,מיליליטרים,750.00,"100 מ""ל",false,,21.50,2.8667,true,1,49442
7290000521404,false,יין סגל מרום גליל קב,יקבי ברקן,IL,יין סגל מרום גליל קב,מיליליטרים,750.00,"100 מ""ל",false,,28.90,3.8533,true,1,68610
7290000521428,false,יין מרום גליל שרדונה,יקבי ברקן,IL,יין מרום גליל שרדונה,מיליליטרים,750.00,"100 מ""ל",false,,28.90,3.8533,true,1,68609
7290000523224,false,מלח עדין הים האדום 5,תעשיות מלח לישראל,IL,מלח עדין הים האדום 5,גרמים,500.00,100 גרם,false,,6.90,1.3800,true,1,57264
7290000523804,false,"מלח עדין 1 ק""ג בצנצנ",ויסוצקי,IL,"מלח עדין 1 ק""ג בצנצנ",פריט,1.00,"ק""ג",false,,5.90,5.9000,true,1,68721
7290000523811,false,"מלח גס 1 ק""ג בצנצנת",תעשיות מלח לישראל,IL,"מלח גס 1 ק""ג בצנצנת",פריט,1.00,"ק""ג",false,,5.90,5.9000,true,1,68722
7290000533353,false,בצק עלים זוגלובק 1 ק,זוגלובק,IL,בצק עלים זוגלובק 1 ק,פריט,1.00,"ק""ג",false,,13.90,13.9000,true,1,46079
7290000536316,false,שניצל מן הצומח זוגלו,זוגלובק,IL,שניצל מן הצומח זוגלו,פריט,1.00,"ק""ג",false,,23.90,23.9000,true,1,46082
7290000536743,false,קריספי סטיקס טבעי זו,זוגלובק,IL,קריספי סטיקס טבעי זו,גרמים,500.00,100 גרם,false,,14.90,2.9800,true,1,73918
7290000536774,false,נקניקיות מן הצומח זו,זוגלובק,IL,נקניקיות מן הצומח זו,פריט,1.00,"ק""ג",false,,23.90,23.9000,true,1,46084
7290000536781,false,קבב מן הצומח זוגלובק,זוגלובק,IL,קבב מן הצומח זוגלובק,פריט,1.00,"ק""ג",false,,23.90,23.9000,true,1,46085
7290000554402,false,מלבי גד 160 גרם,מחלבות גד,IL,מלבי גד 160 גרם,מיליליטרים,160.00,"100 מ""ל",false,,5.60,3.5000,true,1,46275
7290000554471,false,גבינת מוצרלה 22% גד,מחלבות גד,IL,גבינת מוצרלה 22% גד,גרמים,180.00,100 גרם,false,,15.90,8.8333,true,1,46277
7290000554600,false,גבינת מוצרלה מגורדת,מחלבות גד,IL,גבינת מוצרלה מגורדת,גרמים,300.00,100 גרם,false,,19.90,6.6333,true,1,46278
7290000554624,false,מעדן ירח מתוק  3% גד,מחלבות גד,IL,מעדן ירח מתוק  3% גד,מיליליטרים,150.00,"100 מ""ל",false,,4.50,3.0000,true,1,46279
7290000554822,false,גבינת ריקוטה 5% גד 2,מחלבות גד,IL,גבינת ריקוטה 5% גד 2,גרמים,250.00,100 גרם,false,,9.90,3.9600,true,1,46281
7290000554839,false,גבינת מסקרפונה 40% ג,מחלבות גד,IL,גבינת מסקרפונה 40% ג,גרמים,250.00,100 גרם,false,,18.90,7.5600,true,1,60599
7290000571386,false,יוגורמה 5% המחלבה 85,מחלבת בית יצחק,IL,יוגורמה 5% המחלבה 85,מיליליטרים,850.00,"100 מ""ל",false,,24.90,2.9294,true,1,69064
7290000571812,false,גבינה פרמזן מגורדת ה,מחלבת בית יצחק,IL,גבינה פרמזן מגורדת ה,גרמים,200.00,100 גרם,false,,19.90,9.9500,true,1,71768
7290000572055,false,חלוה אגוזים ללא סוכר,אחדות ביחר לטחינה חל,IL,חלוה אגוזים ללא סוכר,גרמים,400.00,100 גרם,false,,14.90,3.7250,true,1,46331
7290000572086,false,טחינה אורגנית אחוה 5,אחדות ביחר לטחינה חל,IL,טחינה אורגנית אחוה 5,גרמים,500.00,100 גרם,false,,10.90,2.1800,true,1,46332
7290000572215,false,חטיף חלוה מצופה אחוה,אחדות ביחר לטחינה חל,IL,חטיף חלוה מצופה אחוה,גרמים,80.00,100 גרם,false,,2.90,3.6250,true,1,43089
7290000572222,false,חלוה בטעם וניל אחוה,אחדות ביחר לטחינה חל,IL,חלוה בטעם וניל אחוה,גרמים,500.00,100 גרם,false,,9.80,1.9600,true,1,46333
7290000572529,false,חלוה פיסטוק אחוה 400,אחדות ביחר לטחינה חל,IL,חלוה פיסטוק אחוה 400,גרמים,400.00,100 גרם,false,,11.90,2.9750,true,1,46334
7290000572536,false,חלוה וניל אחוה 400 ג,אחדות ביחר לטחינה חל,IL,חלוה וניל אחוה 400 ג,גרמים,400.00,100 גרם,false,,9.80,2.4500,true,1,46335
7290000572543,false,חלוה שוקו וניל אחוה,אחדות ביחר לטחינה חל,IL,חלוה שוקו וניל אחוה,גרמים,400.00,100 גרם,false,,9.80,2.4500,true,1,46336
7290000572628,false,חטיפי חלוה ללא סוכר,אחדות ביחר לטחינה חל,IL,חטיפי חלוה ללא סוכר,גרמים,275.00,100 גרם,false,,11.90,4.3273,true,1,46338
7290000572673,false,חטיפי חלוה בטעמים אח,אחדות ביחר לטחינה חל,IL,חטיפי חלוה בטעמים אח,גרמים,300.00,100 גרם,false,,11.90,3.9667,true,1,40785
7290000572819,false,"טחינה אחוה 1 ק""ג",אחדות ביחר לטחינה חל,IL,"טחינה אחוה 1 ק""ג",פריט,1.00,"ק""ג",false,,18.90,18.9000,true,1,46341
7290000596020,false,פתיבר בטעם שוקו הדר,מגדנית הדר,IL,פתיבר בטעם שוקו הדר,פריט,1.80,"ק""ג",false,,21.90,12.1667,true,1,40560
7290000598116,false,מצות חמץ יהודה 1.5 ק,מצות יהודה,IL,מצות חמץ יהודה 1.5 ק,פריט,1.50,"ק""ג",false,,24.90,16.6000,true,1,46364
7290000598130,false,מצות חמץ יהודה 400 ג,מצות יהודה,IL,מצות חמץ יהודה 400 ג,גרמים,400.00,100 גרם,false,,15.90,3.9750,true,1,50103
7290000598147,false,קמח מצה חמץ יהודה 50,מצות יהודה,IL,קמח מצה חמץ יהודה 50,גרמים,500.00,100 גרם,false,,4.90,0.9800,true,1,54768
7290000598680,false,"פתיבר יהודה 1.8 ק""ג",מצות יהודה,IL,"פתיבר יהודה 1.8 ק""ג",פריט,1.80,"ק""ג",false,,23.90,13.2778,true,1,40571
7290000598918,false,עוגיות בטעם חמאה יהו,מצות יהודה,IL,עוגיות בטעם חמאה יהו,פריט,1.50,"ק""ג",false,,24.90,16.6000,true,1,40579
7290000598949,false,מצות חמץ חיטה מלאה י,מצות יהודה,IL,מצות חמץ חיטה מלאה י,גרמים,300.00,100 גרם,false,,16.50,5.5000,true,1,46376
7290000630076,false,עוף מס 2 קפוא עטרה,עטרה,IL,עוף מס 2 קפוא עטרה,קילוגרמים,1.00,"ק""ג",true,,21.90,21.9000,true,1,46434
7290000631035,false,כבד עוף קפוא עטרה,עטרה,IL,כבד עוף קפוא עטרה,קילוגרמים,1.00,"ק""ג",true,,29.90,29.9000,true,1,46442
7290000631226,false,כבד עוף טרי עטרה,,,כבד עוף טרי עטרה,קילוגרמים,1.00,"ק""ג",true,,32.90,32.9000,true,1,46444
7290000631271,false,לבבות עוף קפוא עטרה,עטרה,IL,לבבות עוף קפוא עטרה,קילוגרמים,1.00,"ק""ג",true,,29.90,29.9000,true,1,46445
7290000631295,false,לבבות עוף טרי עטרה,,,לבבות עוף טרי עטרה,קילוגרמים,1.00,"ק""ג",true,,32.90,32.9000,true,1,46446
7290000632209,false,חזה עוף קפוא עטרה,עטרה,IL,חזה עוף קפוא עטרה,קילוגרמים,1.00,"ק""ג",true,,29.90,29.9000,true,1,46449
7290000632391,false,כרעיים עוף קפוא עטרה,עטרה,IL,כרעיים עוף קפוא עטרה,קילוגרמים,1.00,"ק""ג",true,,31.90,31.9000,true,1,46450
7290000632599,false,ירכיים עוף קפוא עטרה,עטרה,IL,ירכיים עוף קפוא עטרה,קילוגרמים,1.00,"ק""ג",true,,29.90,29.9000,true,1,46451
7290000632698,false,שוקיים עוף קפוא עטרה,עטרה,IL,שוקיים עוף קפוא עטרה,קילוגרמים,1.00,"ק""ג",true,,31.90,31.9000,true,1,46452
7290000633800,false,כנפיים עוף קפוא עטרה,עטרה,IL,כנפיים עוף קפוא עטרה,קילוגרמים,1.00,"ק""ג",true,,11.90,11.9000,true,1,46455
7290000644516,false,גרונות הודו קפוא עטר,,,גרונות הודו קפוא עטר,קילוגרמים,1.00,"ק""ג",true,,29.90,29.9000,true,1,46469
7290000646114,false,כנפיים הודו קפוא עטר,,,כנפיים הודו קפוא עטר,קילוגרמים,1.00,"ק""ג",true,,16.90,16.9000,true,1,46472
7290000688381,false,"מים מי עדן 6*500 מ""ל",מי עדן,IL,"מים מי עדן 6*500 מ""ל",קילוגרמים,3.00,ליטר,false,,12.90,4.3000,true,1,46646
7290000688503,false,מים מי עדן ספורט 6*7,מי עדן,IL,מים מי עדן ספורט 6*7,קילוגרמים,4.50,ליטר,false,,14.90,3.3111,true,1,67118
7290000692135,false,דאו ספיד סטיק פאואר,קולגייט פלמוליב,BY,דאו ספיד סטיק פאואר,מיליליטרים,51.00,"100 מ""ל",false,,16.90,33.1373,true,1,67612
7290000692203,false,נוזל אג'קס לימון 2 ל,קולגייט פלמוליב,BY,נוזל אג'קס לימון 2 ל,קילוגרמים,2.00,ליטר,false,,19.90,9.9500,true,1,60062
7290000692210,false,נוזל אג'קס לבנדר 2 ל,קולגייט פלמוליב,BY,נוזל אג'קס לבנדר 2 ל,קילוגרמים,2.00,ליטר,false,,19.90,9.9500,true,1,60060
7290000694108,false,מקלוני חומוס דאבייל,חטיפי יעקובי,IL,מקלוני חומוס דאבייל,גרמים,230.00,100 גרם,false,,9.90,4.3043,true,1,55989
7290000803180,false,"מי פה מרידול 400 מ""ל",גאבה,,"מי פה מרידול 400 מ""ל",מיליליטרים,400.00,"100 מ""ל",false,,22.90,5.7250,true,1,69219
7290000901046,false,מיחזור אריזה,,,מיחזור אריזה,Unknown,0.00,יחידה,false,,0.30,0.0000,true,1,39236
7290000901091,false,מיחזור אריזה פלסטיק,,,מיחזור אריזה פלסטיק,Unknown,0.00,יחידה,false,,1.80,0.0000,true,1,46647
7290000901107,false,מיחזור אריזה זכוכית,,,מיחזור אריזה זכוכית,Unknown,0.00,יחידה,false,,1.80,0.0000,true,1,41334
7290000901114,false,מיחזור אריזה פחית שי,,,מיחזור אריזה פחית שי,Unknown,0.00,יחידה,false,,1.80,0.0000,true,1,46827
7290000901121,false,צלעות טרי בלי עצם עט,,,צלעות טרי בלי עצם עט,קילוגרמים,1.00,"ק""ג",true,,59.90,59.9000,true,1,42395
7290000901152,false,צלעות כבש טרי  עטרה,,,צלעות כבש טרי  עטרה,קילוגרמים,1.00,"ק""ג",true,,199.90,199.9000,true,1,50435
7290000902203,false,בשר עגל טחון טרי עטר,,,בשר עגל טחון טרי עטר,קילוגרמים,1.00,"ק""ג",true,,49.90,49.9000,true,1,43482
7290000902241,false,אנטריקוט עגל טרי עטר,,,אנטריקוט עגל טרי עטר,קילוגרמים,1.00,"ק""ג",true,,79.90,79.9000,true,1,52832
7290000902258,false,צלי כתף עגל טרי עטרה,,,צלי כתף עגל טרי עטרה,קילוגרמים,1.00,"ק""ג",true,,79.90,79.9000,true,1,52834
7290000902265,false,פילה מדומה עגל טרי ע,,,פילה מדומה עגל טרי ע,קילוגרמים,1.00,"ק""ג",true,,79.90,79.9000,true,1,52835
7290000902272,false,כתף עגל טרי עטרה,,,כתף עגל טרי עטרה,קילוגרמים,1.00,"ק""ג",true,,69.90,69.9000,true,1,52836
7290000902289,false,אוסובוקו עגל טרי עטר,,,אוסובוקו עגל טרי עטר,קילוגרמים,1.00,"ק""ג",true,,59.90,59.9000,true,1,52837
7290000902296,false,שריר עגל טרי עטרה,,,שריר עגל טרי עטרה,קילוגרמים,1.00,"ק""ג",true,,64.90,64.9000,true,1,52838
7290000902609,false,מיחזור אריזה בקבוק 1,,,מיחזור אריזה בקבוק 1,Unknown,0.00,יחידה,false,,3.60,0.0000,true,1,54166
7290000902616,false,מיחזור אריזה 4 יח,,,מיחזור אריזה 4 יח,Unknown,0.00,יחידה,false,,1.20,0.0000,true,1,39851
7290000904900,false,מגבות נייר קירקלנד 1,,,מגבות נייר קירקלנד 1,מטרים,28.30,מטר,false,,9.90,0.3498,true,1,68019
7290000909387,false,"ניוקי דרומי 1 ק""ג",Ciemme Alimentari SR,IT,"ניוקי דרומי 1 ק""ג",פריט,1.00,"ק""ג",false,,9.90,9.9000,true,1,85386
7290000961804,false,דלעת,ברכת קטיף,IL,דלעת,Unknown,0.00,יחידה,false,,7.90,0.0000,true,1,67186
7290000976433,false,קשיו טבעי במשקל,דין שיווק,VN,קשיו טבעי במשקל,קילוגרמים,1.00,"ק""ג",true,,85.00,85.0000,true,1,102608
7290000976471,false,גרעין דלעת מקולפת במ,דין שיווק,IL,גרעין דלעת מקולפת במ,קילוגרמים,1.00,"ק""ג",true,,55.00,55.0000,true,1,48746
7290000976785,false,קשיו מסוכר במשקל,דין שיווק,VN,קשיו מסוכר במשקל,קילוגרמים,1.00,"ק""ג",true,,85.00,85.0000,true,1,89088
7290000976846,false,פיסטוק מקולף,,,פיסטוק מקולף,קילוגרמים,1.00,"ק""ג",true,,150.00,150.0000,true,1,53547
7290000977102,false,תערובת פיצוחים במשקל,דין שיווק,TR,תערובת פיצוחים במשקל,קילוגרמים,1.00,"ק""ג",true,,85.00,85.0000,true,1,49962
7290000977713,false,אגוז קליפה טבעי במשק,דין שיווק,IL,אגוז קליפה טבעי במשק,קילוגרמים,1.00,"ק""ג",true,,45.00,45.0000,true,1,48533
7290000977812,false,תמר דקל נור במשקל,דין שיווק,IL,תמר דקל נור במשקל,קילוגרמים,1.00,"ק""ג",true,,10.00,10.0000,true,1,112008
7290000977881,false,"תפו""ע במשקל",דין שיווק,CN,"תפו""ע במשקל",קילוגרמים,1.00,"ק""ג",true,,45.00,45.0000,true,1,49949
7290000978307,false,חמוציות ללא סוכר במש,דין שיווק,US,חמוציות ללא סוכר במש,קילוגרמים,1.00,"ק""ג",true,,69.00,69.0000,true,1,48822
7290000978574,false,פרלינים במשקל,דין שיווק,,פרלינים במשקל,קילוגרמים,1.00,"ק""ג",true,,75.00,75.0000,true,1,48815
7290000978703,false,סוכריות קשות במשקל,,GB,סוכריות קשות במשקל,קילוגרמים,1.00,"ק""ג",true,,36.00,36.0000,true,1,48702
7290000978864,false,תבלינים קבוצה 5,נפטון,IL,תבלינים קבוצה 5,קילוגרמים,1.00,"ק""ג",true,,200.00,200.0000,true,1,48677
7290000989778,false,חמוציות במשקל,דין שיווק,IL,חמוציות במשקל,קילוגרמים,1.00,"ק""ג",true,,45.00,45.0000,true,1,48818
7290001022153,false,חמאה יורו וילי פוד ב,דותן,IL,חמאה יורו וילי פוד ב,קילוגרמים,1.00,"ק""ג",true,,49.00,49.0000,true,1,118456
7290001041017,false,חוואיג תימני מיה 50,מיה תעשיות מזון בעמ,IL,חוואיג תימני מיה 50,גרמים,50.00,100 גרם,false,,5.80,11.6000,true,1,44189
7290001041048,false,תבלין על האש מיה 50,מיה תעשיות מזון בעמ,IL,תבלין על האש מיה 50,גרמים,50.00,100 גרם,false,,5.80,11.6000,true,1,44192
7290001041291,false,לקקנים בטעם פירות מי,מיה תעשיות מזון בעמ,IL,לקקנים בטעם פירות מי,גרמים,600.00,100 גרם,false,,16.90,2.8167,true,1,44208
7290001041482,false,זנגוויל מיה 50 גרם,מיה תעשיות מזון בעמ,IL,זנגוויל מיה 50 גרם,גרמים,50.00,100 גרם,false,,5.80,11.6000,true,1,44209
7290001041888,false,פפריקה מתוקה מיה 300,מיה תעשיות מזון בעמ,IL,פפריקה מתוקה מיה 300,גרמים,300.00,100 גרם,false,,14.90,4.9667,true,1,44217
7290001041895,false,פלפל שחור מיה 300 גר,מיה תעשיות מזון בעמ,IL,פלפל שחור מיה 300 גר,גרמים,300.00,100 גרם,false,,24.90,8.3000,true,1,44218
7290001072882,false,שמפו לסירוק קל נובו,סאסאטק,IL,שמפו לסירוק קל נובו,מיליליטרים,700.00,"100 מ""ל",false,,5.90,0.8429,true,1,119057
7290001072899,false,מרכך לסירוק קל נובו,סאסאטק,IL,מרכך לסירוק קל נובו,מיליליטרים,700.00,"100 מ""ל",false,,5.90,0.8429,true,1,119058
7290001123041,false,בשר מס 5 צלי כתף קפו,פריזא,,בשר מס 5 צלי כתף קפו,קילוגרמים,1.00,"ק""ג",true,,69.90,69.9000,true,1,44237
7290001123058,false,בשר מס 6 פילה מדומה,פניסקור בארת,,בשר מס 6 פילה מדומה,קילוגרמים,1.00,"ק""ג",true,,34.90,34.9000,true,1,44238
7290001123072,false,בשר מס 8 שריר קפוא ח,טאק טורו,,בשר מס 8 שריר קפוא ח,קילוגרמים,1.00,"ק""ג",true,,34.90,34.9000,true,1,44239
7290001124680,false,לשון בקר קפוא חלק,קונספסיון פניסקור,,לשון בקר קפוא חלק,קילוגרמים,1.00,"ק""ג",true,,44.90,44.9000,true,1,44242
7290001134153,false,גרונות הודו קפוא כשר,,,גרונות הודו קפוא כשר,קילוגרמים,1.00,"ק""ג",true,,19.90,19.9000,true,1,102821
7290001136287,false,שמפו נקה 7 לשיער רגי,אמיליה קוסמטיקס,IL,שמפו נקה 7 לשיער רגי,מיליליטרים,750.00,"100 מ""ל",false,,9.90,1.3200,true,1,44246
7290001136294,false,שמפו נקה 7 לשיער יבש,אמיליה קוסמטיקס,IL,שמפו נקה 7 לשיער יבש,מיליליטרים,700.00,"100 מ""ל",false,,9.90,1.4143,true,1,44247
7290001136362,false,תחליב נקה 7 אלוורה ו,אמיליה קוסמטיקס,IL,תחליב נקה 7 אלוורה ו,קילוגרמים,1.00,ליטר,false,,12.70,12.7000,true,1,44250
7290001136683,false,מרכך נקה 7 לשיער רגי,אמיליה קוסמטיקס,IL,מרכך נקה 7 לשיער רגי,מיליליטרים,750.00,"100 מ""ל",false,,9.90,1.3200,true,1,44253
7290001136799,false,תחליב נקה 7 ורד ויסמ,אמיליה קוסמטיקס,IL,תחליב נקה 7 ורד ויסמ,קילוגרמים,1.00,ליטר,false,,12.70,12.7000,true,1,44255
7290001136973,false,תחליב נקה 7 קמומיל 1,אמיליה קוסמטיקס,IL,תחליב נקה 7 קמומיל 1,קילוגרמים,1.00,ליטר,false,,12.70,12.7000,true,1,44256
7290001201510,false,ביצים 30 יח בינוני ל,לסר,IL,ביצים 30 יח בינוני ל,Unknown,30.00,יחידה,false,,27.80,0.9267,true,1,101660
7290001201602,false,ביצים 18 יח גדול לסר,לסר,IL,ביצים 18 יח גדול לסר,Unknown,18.00,יחידה,false,,18.00,1.0000,true,1,44165
7290001201619,false,ביצים 18 יח בינוני ל,לסר,IL,ביצים 18 יח בינוני ל,Unknown,18.00,יחידה,false,,16.70,0.9278,true,1,55508
7290001201657,false,ביצים אומגה 30 יח בי,לסר,IL,ביצים אומגה 30 יח בי,Unknown,30.00,יחידה,false,,37.90,1.2633,true,1,44167
7290001201671,false,מארז ביצים בינוני 2*,לסר,IL,מארז ביצים בינוני 2*,Unknown,60.00,יחידה,false,,55.50,0.9250,true,1,44166
7290001201855,false,ביצים אומגה 12 יח גד,לסר,IL,ביצים אומגה 12 יח גד,Unknown,12.00,יחידה,false,,16.90,1.4083,true,1,104644
7290001201862,false,ביצים חופש 12 יח גדו,לסר,IL,ביצים חופש 12 יח גדו,Unknown,12.00,יחידה,false,,16.90,1.4083,true,1,104645
7290001208403,false,חמצוצים / ליקריץ במש,,ES,חמצוצים / ליקריץ במש,קילוגרמים,1.00,"ק""ג",true,,50.00,50.0000,true,1,48678
7290001209042,false,רוסטביף מעובד קפוא ע,עטרה,IL,רוסטביף מעובד קפוא ע,קילוגרמים,1.00,"ק""ג",true,,56.90,56.9000,true,1,44269
7290001209103,false,עוף טחון עטרה 500 גר,עטרה,IL,עוף טחון עטרה 500 גר,גרמים,500.00,100 גרם,false,,12.90,2.5800,true,1,44272
7290001209158,false,שניצל עוף קפוא עטרה,עטרה,IL,שניצל עוף קפוא עטרה,קילוגרמים,1.00,"ק""ג",true,,34.90,34.9000,true,1,44273
7290001209189,false,נקניקיות חריפות קפוא,עטרה,IL,נקניקיות חריפות קפוא,גרמים,400.00,100 גרם,false,,9.90,2.4750,true,1,44274
7290001209271,false,חזה עוף פרימיום טרי,,,חזה עוף פרימיום טרי,קילוגרמים,1.00,"ק""ג",true,,33.90,33.9000,true,1,83943
7290001209349,false,עוף שלם טרי עטרה,,,עוף שלם טרי עטרה,קילוגרמים,1.00,"ק""ג",true,,23.90,23.9000,true,1,44278
7290001209356,false,כרעיים עוף טרי עטרה,,,כרעיים עוף טרי עטרה,קילוגרמים,1.00,"ק""ג",true,,34.90,34.9000,true,1,44279
7290001209363,false,שניצל עוף טרי עטרה,,,שניצל עוף טרי עטרה,קילוגרמים,1.00,"ק""ג",true,,35.90,35.9000,true,1,44280
7290001209370,false,ירכיים עוף טרי עטרה,,,ירכיים עוף טרי עטרה,קילוגרמים,1.00,"ק""ג",true,,31.90,31.9000,true,1,44281
7290001209387,false,שוקיים עוף טרי עטרה,,,שוקיים עוף טרי עטרה,קילוגרמים,1.00,"ק""ג",true,,36.90,36.9000,true,1,44282
7290001209394,false,כנפיים עוף טרי עטרה,,,כנפיים עוף טרי עטרה,קילוגרמים,1.00,"ק""ג",true,,15.90,15.9000,true,1,44283
7290001209516,false,סטייק עין עטרה 800 ג,עטרה,IL,סטייק עין עטרה 800 ג,גרמים,800.00,100 גרם,false,,49.90,6.2375,true,1,44286
7290001209585,false,גרונות עוף קפוא עטרה,,,גרונות עוף קפוא עטרה,קילוגרמים,1.00,"ק""ג",true,,5.90,5.9000,true,1,49531
7290001216057,false,"טחינה אל ארז  1 ק""ג",טחינה אל ארז,IL,"טחינה אל ארז  1 ק""ג",פריט,1.00,"ק""ג",false,,26.90,26.9000,true,1,55439
7290001216101,false,טחינה מלאה אל ארז  1,טחינה אל ארז,IL,טחינה מלאה אל ארז  1,פריט,1.00,"ק""ג",false,,28.90,28.9000,true,1,108633
7290001245613,false,מטליות לחות לניקוי כ,סאסאטק,IL,מטליות לחות לניקוי כ,Unknown,0.00,יחידה,false,,14.90,0.0000,true,1,99124
7290001246061,false,מרכך מרוכז טאצ' כחול,סאסאטק,IL,מרכך מרוכז טאצ' כחול,קילוגרמים,1.00,ליטר,false,,9.90,9.9000,true,1,117863
7290001246078,false,מרכך מרוכז טאצ' סגול,סאסאטק,IL,מרכך מרוכז טאצ' סגול,קילוגרמים,1.00,ליטר,false,,9.90,9.9000,true,1,118963
7290001246498,false,נוזל רצפות מגיק סחלב,סאסאטק,IL,נוזל רצפות מגיק סחלב,קילוגרמים,4.00,ליטר,false,,9.90,2.4750,true,1,56720
7290001246504,false,אקונומיקה מגיק מבושמ,סאסאטק,IL,אקונומיקה מגיק מבושמ,קילוגרמים,4.00,ליטר,false,,6.90,1.7250,true,1,72688
7290001246528,false,מרכך מרוכז טאצ' שחור,סאסאטק,IL,מרכך מרוכז טאצ' שחור,קילוגרמים,1.00,ליטר,false,,9.90,9.9000,true,1,117864
7290001247068,false,נקטר ספרינג תות בננה,יפאורה תבורי,IL,נקטר ספרינג תות בננה,קילוגרמים,1.00,ליטר,false,,6.50,6.5000,true,1,44304
7290001247082,false,נקטר ספרינג עגבניות,יפאורה תבורי,IL,נקטר ספרינג עגבניות,קילוגרמים,1.00,ליטר,false,,6.50,6.5000,true,1,44306
7290001247099,false,נקטר ספרינג מנגו 1 ל,יפאורה תבורי,IL,נקטר ספרינג מנגו 1 ל,קילוגרמים,1.00,ליטר,false,,6.50,6.5000,true,1,44307
7290001247105,false,נקטר ספרינג אפרסק 1,יפאורה תבורי,IL,נקטר ספרינג אפרסק 1,קילוגרמים,1.00,ליטר,false,,6.50,6.5000,true,1,44308
7290001247112,false,נקטר ספרינג לימון 1,יפאורה תבורי,IL,נקטר ספרינג לימון 1,קילוגרמים,1.00,ליטר,false,,6.50,6.5000,true,1,44309
7290001247129,false,נקטר ספרינג תפוז 1 ל,יפאורה תבורי,IL,נקטר ספרינג תפוז 1 ל,קילוגרמים,1.00,ליטר,false,,6.50,6.5000,true,1,44310
7290001247143,false,נקטר ספרינג תפוח 1 ל,יפאורה תבורי,IL,נקטר ספרינג תפוח 1 ל,קילוגרמים,1.00,ליטר,false,,6.50,6.5000,true,1,44312
7290001274934,false,מאגדת גלידל פרי לימו,הגלידות של פלדמן,IL,מאגדת גלידל פרי לימו,גרמים,640.00,100 גרם,false,,18.90,2.9531,true,1,106399
7290001274941,false,מאגדת גלידל פרי פטל,הגלידות של פלדמן,IL,מאגדת גלידל פרי פטל,גרמים,640.00,100 גרם,false,,18.90,2.9531,true,1,106400
7290001327180,false,גלידה קרמיסימו וניל,גלידות שטראוס,IL,גלידה קרמיסימו וניל,קילוגרמים,1.33,ליטר,false,,16.90,12.7068,true,1,43290
7290001335895,false,שיפודי כבד עגל ארוז,נתח אדום,IL,שיפודי כבד עגל ארוז,גרמים,500.00,100 גרם,false,,29.90,5.9800,true,1,117901
7290001342183,false,סלמון אפוי על גחלים,אלדג,IL,סלמון אפוי על גחלים,קילוגרמים,1.00,"ק""ג",true,,230.00,230.0000,true,1,112928
7290001342350,false,פילה הרינג עם בצל אל,אלדג,IL,פילה הרינג עם בצל אל,גרמים,700.00,100 גרם,false,,44.90,6.4143,true,1,76591
7290001342565,false,חזרת ללא סוכר אלדג 3,אלדג,IL,חזרת ללא סוכר אלדג 3,גרמים,300.00,100 גרם,false,,16.90,5.6333,true,1,54604
7290001343845,false,גרנולה עם פירות יבשי,דין שיווק,IL,גרנולה עם פירות יבשי,פריט,1.00,"ק""ג",false,,19.90,19.9000,true,1,40399
7290001407936,false,טחינה מעודנת בארכה ל,אסם,IL,טחינה מעודנת בארכה ל,גרמים,310.00,100 גרם,false,,9.90,3.1935,true,1,86666
7290001476208,false,גבינה ברי פקאן גד במ,מחלבות גד,IL,גבינה ברי פקאן גד במ,קילוגרמים,1.00,"ק""ג",true,,99.00,99.0000,true,1,62422
7290001482094,false,פרמזנו משולש ויליפוד,זנטי,IT,פרמזנו משולש ויליפוד,גרמים,200.00,100 גרם,false,,17.90,8.9500,true,1,76126
7290001482186,false,לפתן אננס חתוך ויליפ,טקרנג,TH,לפתן אננס חתוך ויליפ,גרמים,565.00,100 גרם,false,,5.90,1.0442,true,1,107720
7290001482506,false,חומץ בלסמי ויליפוד 5,אצטום,IT,חומץ בלסמי ויליפוד 5,מיליליטרים,500.00,"100 מ""ל",false,,14.90,2.9800,true,1,60773
7290001485019,false,גבינת שמנת טבעי 5% ט,טרה,IL,גבינת שמנת טבעי 5% ט,גרמים,200.00,100 גרם,false,,9.90,4.9500,true,1,44368
7290001491096,false,תה ירוק לימונית לואי,ויסוצקי,IL,תה ירוק לימונית לואי,גרמים,75.00,100 גרם,false,,36.90,49.2000,true,1,39912
7290001532010,false,סלמון בעישון חם הרמס,"הרמס דגים בע""מ",IL,סלמון בעישון חם הרמס,קילוגרמים,1.00,"ק""ג",true,,149.00,149.0000,true,1,103312
7290001532027,false,סלמון מעושן פרוס הרמ,"הרמס דגים בע""מ",IL,סלמון מעושן פרוס הרמ,קילוגרמים,1.00,"ק""ג",true,,159.00,159.0000,true,1,103313
7290001532065,false,טונה מעושנת הרמס במש,"הרמס דגים בע""מ",IL,טונה מעושנת הרמס במש,קילוגרמים,1.00,"ק""ג",true,,109.00,109.0000,true,1,103314
7290001532225,false,פילה מקרל מעושן הרמס,"הרמס דגים בע""מ",IL,פילה מקרל מעושן הרמס,קילוגרמים,1.00,"ק""ג",true,,109.00,109.0000,true,1,103369
7290001532249,false,מקרל מקרוסקה מעושן ה,"הרמס דגים בע""מ",IL,מקרל מקרוסקה מעושן ה,קילוגרמים,1.00,"ק""ג",true,,109.00,109.0000,true,1,103370
7290001546666,false,ענבים לבנים,אראל תוצרת חקלאית בע,IL,ענבים לבנים,קילוגרמים,1.00,"ק""ג",true,,19.90,19.9000,true,1,98457
7290001591840,false,גבינה גאודה עלמה 1 ק,,,גבינה גאודה עלמה 1 ק,פריט,1.00,"ק""ג",false,,32.90,32.9000,true,1,116622
7290001594568,false,בירה קרלסברג פחית 5%,מבשלות בירה בינלאומי,TR,בירה קרלסברג פחית 5%,מיליליטרים,500.00,"100 מ""ל",false,,8.90,1.7800,true,1,112409
7290001594575,false,בירה טובורג רד פחית,מבשלות בירה בינלאומי,IL,בירה טובורג רד פחית,מיליליטרים,500.00,"100 מ""ל",false,,7.90,1.5800,true,1,112437
7290001594810,false,"בירה מאלטי 6*330 מ""ל",,,"בירה מאלטי 6*330 מ""ל",קילוגרמים,1.98,ליטר,false,,26.90,13.5859,true,1,44397
7290001594858,false,מארז בירה טובורג רד,קרלסברג ישראל,IL,מארז בירה טובורג רד,קילוגרמים,1.98,ליטר,false,,29.90,15.1010,true,1,44398
7290001594865,false,מארז בירה קרלסברג 5%,קרלסברג ישראל,IL,מארז בירה קרלסברג 5%,קילוגרמים,1.98,ליטר,false,,29.90,15.1010,true,1,44399
7290001648285,false,אבקה להכנת שוקו מוקו,רוני רג'ואן,IL,אבקה להכנת שוקו מוקו,פריט,1.30,"ק""ג",false,,11.90,9.1538,true,1,114549
7290001670514,false,מלית אוכמניות הנמל 4,הנמל,IL,מלית אוכמניות הנמל 4,גרמים,400.00,100 גרם,false,,9.90,2.4750,true,1,44420
7290001670668,false,שקיות הקפאה לקרח הנמ,סאדאת איסטנבול,TR,שקיות הקפאה לקרח הנמ,Unknown,0.00,יחידה,false,,2.90,0.0000,true,1,44422
7290001670859,false,מלית דובדבנים הנמל 4,פוליבה,IL,מלית דובדבנים הנמל 4,גרמים,400.00,100 גרם,false,,9.90,2.4750,true,1,44426
7290001670873,false,צלחות גדולות עבות במ,אריזות מדף פלזית אגש,IL,צלחות גדולות עבות במ,Unknown,0.00,יחידה,false,,38.90,0.0000,true,1,44427
7290001679609,false,מארז עוגיות אוראו 4*,מונדליז,CZ,מארז עוגיות אוראו 4*,גרמים,704.00,100 גרם,false,,23.90,3.3949,true,1,96942
7290001780428,false,שלגוני לייט נסטלה שו,גלידות נסטלה,IL,שלגוני לייט נסטלה שו,גרמים,312.00,100 גרם,false,,22.90,7.3397,true,1,44443
7290001791349,false,אקונומיקה פסגה 4 ליט,סנו,IL,אקונומיקה פסגה 4 ליט,קילוגרמים,4.00,ליטר,false,,9.90,2.4750,true,1,44445
7290001791356,false,מבשם אויר סנו פרש או,סנו,IL,מבשם אויר סנו פרש או,מיליליטרים,250.00,"100 מ""ל",false,,11.90,4.7600,true,1,44446
7290001791776,false,סנו די רול און אלוור,קוסמופארם,IL,סנו די רול און אלוור,מיליליטרים,50.00,"100 מ""ל",false,,17.90,35.8000,true,1,48756
7290001813454,false,עוגיות חיוכים שוקו ע,אפיפית נצרת תעשיות ב,IL,עוגיות חיוכים שוקו ע,גרמים,900.00,100 גרם,false,,18.90,2.1000,true,1,40442
7290001813478,false,עוגיות חיוכים וניל ע,אפיפית נצרת תעשיות ב,IL,עוגיות חיוכים וניל ע,גרמים,900.00,100 גרם,false,,18.90,2.1000,true,1,40443
7290001820926,false,ליקר שוקולד ביתי 700,,,ליקר שוקולד ביתי 700,מיליליטרים,700.00,"100 מ""ל",false,,49.90,7.1286,true,1,56066
7290001855232,false,שמן למאור מרום הגליל,ירושלים שיווק שמן זי,IL,שמן למאור מרום הגליל,קילוגרמים,1.00,ליטר,false,,9.90,9.9000,true,1,65030
7290001867655,false,תפוח אדמה פרימיום,אראל תוצרת חקלאית בע,IL,תפוח אדמה פרימיום,Unknown,0.00,יחידה,false,,17.90,0.0000,true,1,110936
7290001873984,false,טונה בשמן ויליגר 6*1,ויליגר,,טונה בשמן ויליגר 6*1,גרמים,840.00,100 גרם,false,,27.90,3.3214,true,1,110641
7290001884935,false,כנפיים חצוי עוף קפוא,קהילות,IL,כנפיים חצוי עוף קפוא,קילוגרמים,1.00,"ק""ג",true,,16.90,16.9000,true,1,118598
7290001886618,false,שניצל עוף פרימיום טר,,IL,שניצל עוף פרימיום טר,קילוגרמים,1.00,"ק""ג",true,,42.90,42.9000,true,1,108880
7290001901045,false,רולדה גפילטע פיש ירו,דג טעים בעמ,IL,רולדה גפילטע פיש ירו,גרמים,600.00,100 גרם,false,,24.90,4.1500,true,1,44498
7290001901052,false,רולדה גפילטע פיש הונ,דג טעים בעמ,IL,רולדה גפילטע פיש הונ,גרמים,600.00,100 גרם,false,,24.90,4.1500,true,1,44499
7290001901410,false,רולדה גפילטע פיש הונ,דג טעים בעמ,IL,רולדה גפילטע פיש הונ,גרמים,500.00,100 גרם,false,,22.90,4.5800,true,1,53382
7290001901427,false,רולדה גפילטע פיש הדג,דג טעים בעמ,IL,רולדה גפילטע פיש הדג,גרמים,500.00,100 גרם,false,,22.90,4.5800,true,1,53381
7290001901656,false,גפילטע פיש היימיש פי,דג טעים בעמ,IL,גפילטע פיש היימיש פי,גרמים,555.00,100 גרם,false,,8.90,1.6036,true,1,87532
7290001901670,false,גפילטע פיש קלאסי 4 י,דג טעים בעמ,IL,גפילטע פיש קלאסי 4 י,גרמים,510.00,100 גרם,false,,12.90,2.5294,true,1,84236
7290001943496,false,כורכומין טרימוורה MP,,,כורכומין טרימוורה MP,Unknown,0.00,יחידה,false,,114.90,0.0000,true,1,113509
7290001946121,false,פפריקה מרוקאית יוחאי,תבליני ביטון,IL,פפריקה מרוקאית יוחאי,גרמים,400.00,100 גרם,false,,17.90,4.4750,true,1,55876
7290001970263,false,רחת לוקום במשקל,דין שיווק,IL,רחת לוקום במשקל,קילוגרמים,1.00,"ק""ג",true,,79.00,79.0000,true,1,98111
7290001970768,false,פקאן קלוי במשקל,דין שיווק,IL,פקאן קלוי במשקל,קילוגרמים,1.00,"ק""ג",true,,130.00,130.0000,true,1,97025
7290001979136,false,פירות קפואים במשקל,,,פירות קפואים במשקל,קילוגרמים,1.00,"ק""ג",true,,24.90,24.9000,true,1,109532
7290002003168,false,קרם ידיים פנגל 3*80,אינטרקוסמא 1985 במ,IL,קרם ידיים פנגל 3*80,גרמים,240.00,100 גרם,false,,13.90,5.7917,true,1,53525
7290002007296,false,צמר פלדה הנמל 350 גר,פלסטו פוליש,IL,צמר פלדה הנמל 350 גר,גרמים,350.00,100 גרם,false,,8.90,2.5429,true,1,44536
7290002007357,false,שקיות לצליה דליקטס 1,הנמל,IL,שקיות לצליה דליקטס 1,Unknown,0.00,יחידה,false,,3.90,0.0000,true,1,44538
7290002007487,false,צמר פלדה הנמל 100 גר,פלסטו פוליש,IL,צמר פלדה הנמל 100 גר,Unknown,0.00,יחידה,false,,2.90,0.0000,true,1,44541
7290002007500,false,קיסמי שיניים הנמל 50,הנג טונג,CN,קיסמי שיניים הנמל 50,Unknown,0.00,יחידה,false,,2.70,0.0000,true,1,44542
7290002007623,false,כוסיות ליין 50 יח,סאם גלובל תורכיה,TR,כוסיות ליין 50 יח,Unknown,0.00,יחידה,false,,3.90,0.0000,true,1,44543
7290002007760,false,"פירורי לחם הנמל 1 ק""",הנמל,IL,"פירורי לחם הנמל 1 ק""",פריט,1.00,"ק""ג",false,,9.90,9.9000,true,1,44545
7290002008040,false,שיפודים 100 יח,גרנג יוניברס,CN,שיפודים 100 יח,Unknown,0.00,יחידה,false,,2.50,0.0000,true,1,44554
7290002008071,false,עטרות חום בקופסא מס2,הנמל,IL,עטרות חום בקופסא מס2,Unknown,0.00,יחידה,false,,3.90,0.0000,true,1,44555
7290002008149,false,מדליק פחם מוצק 40 קו,מ.א.יצור ויבוא מטליו,IL,מדליק פחם מוצק 40 קו,מיליליטרים,300.00,"100 מ""ל",false,,5.90,1.9667,true,1,44557
7290002008156,false,עטרות חום בקופסא מס5,הנמל,IL,עטרות חום בקופסא מס5,Unknown,0.00,יחידה,false,,4.90,0.0000,true,1,44558
7290002008170,false,עטרות מס 3 חום בקופס,הנמל,IL,עטרות מס 3 חום בקופס,Unknown,0.00,יחידה,false,,4.90,0.0000,true,1,44559
7290002008309,false,עטרות מס 4 חום בקופס,הנמל,IL,עטרות מס 4 חום בקופס,Unknown,0.00,יחידה,false,,4.90,0.0000,true,1,44562
7290002008460,false,עטרות חום מס 1.5 קופ,הנמל,IL,עטרות חום מס 1.5 קופ,Unknown,0.00,יחידה,false,,3.30,0.0000,true,1,44566
7290002008903,false,נייר טואלט חתוך הנמל,הויזהו טאימי פפר,CN,נייר טואלט חתוך הנמל,Unknown,0.00,יחידה,false,,14.90,0.0000,true,1,44575
7290002008989,false,קישקשים בקופסא 225 י,הנג טונג,CN,קישקשים בקופסא 225 י,Unknown,0.00,יחידה,false,,6.90,0.0000,true,1,44577
7290002015444,false,זית חרוזית בני דרום,בני דרום,IL,זית חרוזית בני דרום,פריט,1.25,"ק""ג",false,,15.90,12.7200,true,1,44618
7290002015475,false,זית מנזלינו בני דרום,בני דרום,IL,זית מנזלינו בני דרום,פריט,1.25,"ק""ג",false,,13.90,11.1200,true,1,44620
7290002015765,false,חציל במלח בני דרום 5,בני דרום,IL,חציל במלח בני דרום 5,גרמים,560.00,100 גרם,false,,5.90,1.0536,true,1,44629
7290002015833,false,זית חרוזית בני דרום,בני דרום,IL,זית חרוזית בני דרום,פריט,3.00,"ק""ג",false,,29.90,9.9667,true,1,44631
7290002016830,false,כרוב כבוש בני דרום 5,בני דרום,IL,כרוב כבוש בני דרום 5,גרמים,550.00,100 גרם,false,,5.90,1.0727,true,1,57515
7290002022923,false,סוכריות על מקל בטעם,כרמית,IL,סוכריות על מקל בטעם,גרמים,500.00,100 גרם,false,,12.90,2.5800,true,1,44635
7290002024002,false,"חומוס שמיר 3 ק""ג",סלטי שמיר 2006 בעמ,IL,"חומוס שמיר 3 ק""ג",פריט,3.00,"ק""ג",false,,29.90,9.9667,true,1,93372
7290002026365,false,טבעות בצל קראנצ 500,פספרוסט,IL,טבעות בצל קראנצ 500,גרמים,500.00,100 גרם,false,,8.90,1.7800,true,1,83739
7290002026402,false,בלינצס גבינה ב.קראנצ,מוצרי איכות אמריקאיי,IL,בלינצס גבינה ב.קראנצ,גרמים,350.00,100 גרם,false,,10.90,3.1143,true,1,76360
7290002026440,false,פרצל ב.קראנצ 280 גרם,מוצרי איכות אמריקאיי,IL,פרצל ב.קראנצ 280 גרם,גרמים,280.00,100 גרם,false,,10.90,3.8929,true,1,76358
7290002026587,false,וופל בלגי  ב.קראנצ 2,ביסקוטר ת.ס,BE,וופל בלגי  ב.קראנצ 2,גרמים,280.00,100 גרם,false,,10.90,3.8929,true,1,105492
7290002026914,false,גלידה בן אנד גריס קר,מוצרי איכות אמריקאיי,IL,גלידה בן אנד גריס קר,גרמים,400.00,100 גרם,false,,19.90,4.9750,true,1,98035
7290002035121,false,מטיאס בשמן אלדג 300,אלדג,IL,מטיאס בשמן אלדג 300,גרמים,300.00,100 גרם,false,,44.90,14.9667,true,1,76781
7290002035138,false,מקרל שלם אלדג במשקל,אלדג,IL,מקרל שלם אלדג במשקל,קילוגרמים,1.00,"ק""ג",true,,119.00,119.0000,true,1,76782
7290002035145,false,מקרל מעושן לקרדה אלד,אלדג,IL,מקרל מעושן לקרדה אלד,קילוגרמים,1.00,"ק""ג",true,,129.00,129.0000,true,1,76783
7290002035169,false,פילה מקרל מקרוסקה אל,אלדג,IL,פילה מקרל מקרוסקה אל,קילוגרמים,1.00,"ק""ג",true,,149.00,149.0000,true,1,76784
7290002035206,false,חזרת אלדג 360 גרם,אלדג,IL,חזרת אלדג 360 גרם,גרמים,360.00,100 גרם,false,,16.90,4.6944,true,1,44636
7290002035312,false,טונה מעושנת אלדג במש,אלדג,IL,טונה מעושנת אלדג במש,קילוגרמים,1.00,"ק""ג",true,,199.00,199.0000,true,1,76786
7290002035336,false,פילה הרינג הולנדי אל,אלדג,IL,פילה הרינג הולנדי אל,גרמים,300.00,100 גרם,false,,24.90,8.3000,true,1,76787
7290002035770,false,מקרל בשמן אלדג 300 ג,,IL,מקרל בשמן אלדג 300 ג,גרמים,300.00,100 גרם,false,,44.90,14.9667,true,1,113174
7290002035862,false,פילה הרינג הולנדי אל,אלדג,IL,פילה הרינג הולנדי אל,גרמים,700.00,100 גרם,false,,44.90,6.4143,true,1,112926
7290002035947,false,מעדן נסיכת הנילוס מע,אלדג,IL,מעדן נסיכת הנילוס מע,קילוגרמים,1.00,"ק""ג",true,,199.00,199.0000,true,1,112929
7290002037194,false,לחם שחור מלא ודש 750,מאפית י את א ברמן בע,IL,לחם שחור מלא ודש 750,גרמים,750.00,100 גרם,false,,7.90,1.0533,true,1,54715
7290002037309,false,לחמניות המבורגר ודש,מאפית י את א ברמן בע,IL,לחמניות המבורגר ודש,גרמים,400.00,100 גרם,false,,11.50,2.8750,true,1,50039
7290002040064,false,קוסקוס דק מזון 350 ג,קוסקוס מזון,IL,קוסקוס דק מזון 350 ג,גרמים,350.00,100 גרם,false,,3.90,1.1143,true,1,44638
7290002040071,false,קוסקוס עבה מזון 350,קוסקוס מזון,IL,קוסקוס עבה מזון 350,גרמים,350.00,100 גרם,false,,3.90,1.1143,true,1,44639
7290002040088,false,קוסקוס מלא מזון 350,קוסקוס מזון,IL,קוסקוס מלא מזון 350,גרמים,350.00,100 גרם,false,,6.30,1.8000,true,1,44640
7290002040095,false,מארז קוסקוס מזון 3*3,קוסקוס מזון,IL,מארז קוסקוס מזון 3*3,פריט,1.05,"ק""ג",false,,11.90,11.3333,true,1,48292
7290002044628,false,שומן כבש קפוא עטרה 2,,,שומן כבש קפוא עטרה 2,גרמים,200.00,100 גרם,false,,24.90,12.4500,true,1,41460
7290002065555,false,לחמניות רגילות אנגל,מאפית אנגל,IL,לחמניות רגילות אנגל,גרמים,450.00,100 גרם,false,,10.90,2.4222,true,1,97464
7290002065616,false,לחם שיפון בתוספת גרע,מאפית אנגל,IL,לחם שיפון בתוספת גרע,גרמים,750.00,100 גרם,false,,12.90,1.7200,true,1,97443
7290002065623,false,לחם שיפון כפרי אחדות,מאפית אורנים,IL,לחם שיפון כפרי אחדות,גרמים,750.00,100 גרם,false,,12.90,1.7200,true,1,97448
7290002075035,false,אובלטים בשקית 500 גר,שוקוטרייד בעמ,IL,אובלטים בשקית 500 גר,גרמים,500.00,100 גרם,false,,16.90,3.3800,true,1,44642
7290002077268,false,מיני קציצות דג לבישו,דלידג,IL,מיני קציצות דג לבישו,גרמים,500.00,100 גרם,false,,18.90,3.7800,true,1,64674
7290002077725,false,סלמון מעושן ויקינג 1,דלידג,IL,סלמון מעושן ויקינג 1,גרמים,100.00,100 גרם,false,,16.90,16.9000,true,1,61816
7290002096498,false,דובשניות חפץ 600 גרם,דובשנית,IL,דובשניות חפץ 600 גרם,גרמים,600.00,100 גרם,false,,10.70,1.7833,true,1,41259
7290002107071,false,גבינת בולגרית עיזים,מחלבת משק צוריאל,IL,גבינת בולגרית עיזים,גרמים,200.00,100 גרם,false,,22.90,11.4500,true,1,49388
7290002107385,false,גבינה מה עז 20% צורי,מחלבת משק צוריאל,IL,גבינה מה עז 20% צורי,גרמים,180.00,100 גרם,false,,19.90,11.0556,true,1,49389
7290002107491,false,גבינת עיזים 5% למריח,מחלבת משק צוריאל,IL,גבינת עיזים 5% למריח,גרמים,250.00,100 גרם,false,,13.90,5.5600,true,1,44655
7290002107798,false,גבינה בולגרית מעודנת,מחלבת משק צוריאל,IL,גבינה בולגרית מעודנת,גרמים,250.00,100 גרם,false,,19.90,7.9600,true,1,44659
7290002109037,false,טחון עוף נתח בקר 500,טיבון ויל,IL,טחון עוף נתח בקר 500,גרמים,500.00,100 גרם,false,,8.90,1.7800,true,1,60688
7290002109044,false,הודו טחון נתח בקר 50,טיבון ויל,IL,הודו טחון נתח בקר 50,גרמים,500.00,100 גרם,false,,8.90,1.7800,true,1,60687
7290002109051,false,בקר טחון נתח בקר 500,טיבון ויל,IL,בקר טחון נתח בקר 500,גרמים,500.00,100 גרם,false,,10.90,2.1800,true,1,60689
7290002109068,false,גולש עגל נתח בקר במש,טיבון ויל,IL,גולש עגל נתח בקר במש,קילוגרמים,1.00,"ק""ג",true,,36.90,36.9000,true,1,60692
7290002109372,false,בורקס פילו גבינה בול,שלושת האופים,IL,בורקס פילו גבינה בול,גרמים,700.00,100 גרם,false,,14.90,2.1286,true,1,72764
7290002111085,false,רוטב עגבניות מרוכז מ,זנלכל,IL,רוטב עגבניות מרוכז מ,גרמים,100.00,100 גרם,false,,2.20,2.2000,true,1,44661
7290002111122,false,"רסק תפו""ע בתוספת סוכ",זנלכל,IL,"רסק תפו""ע בתוספת סוכ",גרמים,560.00,100 גרם,false,,8.90,1.5893,true,1,44662
7290002111139,false,"רסק תפו""ע ללא תוספת",זנלכל,IL,"רסק תפו""ע ללא תוספת",גרמים,560.00,100 גרם,false,,8.90,1.5893,true,1,44663
7290002111214,false,תירס גרעינים לייט מב,זנלכל,IL,תירס גרעינים לייט מב,גרמים,550.00,100 גרם,false,,8.90,1.6182,true,1,44664
7290002111313,false,עגבניות קוביות מבורך,זנלכל,IL,עגבניות קוביות מבורך,גרמים,800.00,100 גרם,false,,9.90,1.2375,true,1,44666
7290002111337,false,רוטב עגבניות מרוכז מ,זנלכל,IL,רוטב עגבניות מרוכז מ,גרמים,240.00,100 גרם,false,,3.90,1.6250,true,1,44667
7290002111474,false,אפונה גדולה מבורך 55,זנלכל,IL,אפונה גדולה מבורך 55,גרמים,550.00,100 גרם,false,,6.90,1.2545,true,1,44668
7290002111511,false,אפונה וגזר מבורך 550,זנלכל,IL,אפונה וגזר מבורך 550,גרמים,550.00,100 גרם,false,,6.90,1.2545,true,1,39289
7290002111634,false,חומוס שלם מבורך 550,זנלכל,IL,חומוס שלם מבורך 550,גרמים,550.00,100 גרם,false,,6.90,1.2545,true,1,44669
7290002111665,false,רוטב עגבניות 28% מבו,זנלכל,IL,רוטב עגבניות 28% מבו,גרמים,600.00,100 גרם,false,,9.90,1.6500,true,1,44670
7290002111672,false,רוטב עגבניות 22% מבו,זנלכל,IL,רוטב עגבניות 22% מבו,גרמים,570.00,100 גרם,false,,7.90,1.3860,true,1,39216
7290002111696,false,עגבניות מרוסקות מבור,זנלכל,IL,עגבניות מרוסקות מבור,גרמים,800.00,100 גרם,false,,9.90,1.2375,true,1,44672
7290002111764,false,שעועית לבנה ברוטב מב,זנלכל,IL,שעועית לבנה ברוטב מב,גרמים,560.00,100 גרם,false,,6.90,1.2321,true,1,44674
7290002111818,false,תירס גרעינים מבורך 4,זנלכל,IL,תירס גרעינים מבורך 4,גרמים,400.00,100 גרם,false,,5.50,1.3750,true,1,44675
7290002111825,false,תירס גרעינים מבורך 5,זנלכל,IL,תירס גרעינים מבורך 5,גרמים,550.00,100 גרם,false,,6.90,1.2545,true,1,44676
7290002111948,false,שעועית ירוקה מבורך 5,זנלכל,IL,שעועית ירוקה מבורך 5,גרמים,550.00,100 גרם,false,,9.90,1.8000,true,1,44678
7290002118435,false,צמרוני אוזניים ביוטי,ספה,TR,צמרוני אוזניים ביוטי,Unknown,0.00,יחידה,false,,4.90,0.0000,true,1,48293
7290002129424,false,שניצל דג מצופה דלידג,דלידג,IL,שניצל דג מצופה דלידג,פריט,1.00,"ק""ג",false,,29.90,29.9000,true,1,88558
7290002129493,false,מארז פיצה איטלקית דק,,,מארז פיצה איטלקית דק,גרמים,960.00,100 גרם,false,,23.90,2.4896,true,1,90573
7290002132011,false,עוגיות מזרחיות עבאדי,עבאדי,IL,עוגיות מזרחיות עבאדי,גרמים,400.00,100 גרם,false,,14.90,3.7250,true,1,76856
7290002133506,false,יוגורט עיזים שומרון,מחלבת השומרון,IL,יוגורט עיזים שומרון,גרמים,400.00,100 גרם,false,,9.90,2.4750,true,1,60920
7290002133551,false,לאבנה עם שמן זית וזע,מחלבת השומרון,IL,לאבנה עם שמן זית וזע,גרמים,500.00,100 גרם,false,,14.90,2.9800,true,1,60922
7290002133889,false,גבינה בולגרית מעודנת,מחלבת השומרון,IL,גבינה בולגרית מעודנת,גרמים,250.00,100 גרם,false,,17.90,7.1600,true,1,60915
7290002157427,false,סינטה בקר טרי עטרה,,,סינטה בקר טרי עטרה,קילוגרמים,1.00,"ק""ג",true,,79.90,79.9000,true,1,85418
7290002157694,false,כבד עוף צלוי טרי עטר,,,כבד עוף צלוי טרי עטר,גרמים,200.00,100 גרם,false,,24.90,12.4500,true,1,83888
7290002157953,false,טונה בשמן קנולה וילי,,,טונה בשמן קנולה וילי,גרמים,560.00,100 גרם,false,,18.90,3.3750,true,1,86073
7290002157960,false,טונה במים ויליגר 4*1,ויליגר,,טונה במים ויליגר 4*1,גרמים,560.00,100 גרם,false,,18.90,3.3750,true,1,85019
7290002206682,false,שניצל עוף פרימיום טר,,,שניצל עוף פרימיום טר,קילוגרמים,1.00,"ק""ג",true,,45.90,45.9000,true,1,83591
7290002206736,false,עצמות עגל קהילות,,,עצמות עגל קהילות,קילוגרמים,1.00,"ק""ג",true,,19.90,19.9000,true,1,98942
7290002253006,false,שום כתוש דורות 200 ג,דורות,IL,שום כתוש דורות 200 ג,גרמים,200.00,100 גרם,false,,12.90,6.4500,true,1,44725
7290002253105,false,שום קוביות דורות 80,דורות,IL,שום קוביות דורות 80,גרמים,80.00,100 גרם,false,,8.90,11.1250,true,1,44727
7290002253150,false,בזיליקום קצוץ דורות,דורות,IL,בזיליקום קצוץ דורות,גרמים,70.00,100 גרם,false,,8.90,12.7143,true,1,44728
7290002253167,false,פטרוזיליה קצוצה דורו,דורות,IL,פטרוזיליה קצוצה דורו,גרמים,70.00,100 גרם,false,,8.90,12.7143,true,1,44729
7290002253181,false,כוסברה קצוצה דורות 7,דורות,IL,כוסברה קצוצה דורות 7,גרמים,70.00,100 גרם,false,,8.90,12.7143,true,1,63793
7290002253198,false,גינגר כתוש דורות 70,דורות,IL,גינגר כתוש דורות 70,גרמים,70.00,100 גרם,false,,9.50,13.5714,true,1,63794
7290002253235,false,רוטב פסטו דורות 160,דורות,IL,רוטב פסטו דורות 160,גרמים,160.00,100 גרם,false,,10.90,6.8125,true,1,102612
7290002255048,false,קובה למרק אלקיים 800,חטיפי אלקיים בעמ,IL,קובה למרק אלקיים 800,גרמים,800.00,100 גרם,false,,21.90,2.7375,true,1,52756
7290002255055,false,פלאפל אלקיים 700 גרם,חטיפי אלקיים בעמ,IL,פלאפל אלקיים 700 גרם,גרמים,700.00,100 גרם,false,,13.90,1.9857,true,1,52759
7290002255086,false,קובה ביתית אלקיים 70,חטיפי אלקיים בעמ,IL,קובה ביתית אלקיים 70,גרמים,700.00,100 גרם,false,,21.90,3.1286,true,1,52755
7290002255116,false,קרפלך בשר אלקיים 800,חטיפי אלקיים בעמ,IL,קרפלך בשר אלקיים 800,גרמים,800.00,100 גרם,false,,21.90,2.7375,true,1,43633
7290002255215,false,עלי סיגר אלקיים 500,חטיפי אלקיים בעמ,IL,עלי סיגר אלקיים 500,גרמים,500.00,100 גרם,false,,7.90,1.5800,true,1,52760
7290002255284,false,קובה חמוסטה אלקיים 8,חטיפי אלקיים בעמ,IL,קובה חמוסטה אלקיים 8,גרמים,800.00,100 גרם,false,,21.90,2.7375,true,1,52757
7290002281405,false,סלט סלמון מעושן וילי,ויליגר,IL,סלט סלמון מעושן וילי,גרמים,320.00,100 גרם,false,,9.90,3.0938,true,1,101987
7290002281429,false,סטייק טונה אדומה דלי,בון צון פישארי,VN,סטייק טונה אדומה דלי,קילוגרמים,1.00,"ק""ג",true,,54.90,54.9000,true,1,98613
7290002281436,false,סטייק טונה בהירה דלי,דלידג,IL,סטייק טונה בהירה דלי,קילוגרמים,1.00,"ק""ג",true,,44.90,44.9000,true,1,99080
7290002281443,false,סטייק טונה דלידג,בון צון פישארי,VN,סטייק טונה דלידג,קילוגרמים,1.00,"ק""ג",true,,39.90,39.9000,true,1,98614
7290002281474,false,מארז פיצה דקה טעם מה,שלושת האופים,IL,מארז פיצה דקה טעם מה,פריט,2.00,"ק""ג",false,,49.90,24.9500,true,1,100189
7290002281498,false,צהובה מגורדת ריצ 500,שלושת האופים,IL,צהובה מגורדת ריצ 500,גרמים,500.00,100 גרם,false,,17.90,3.5800,true,1,98653
7290002285052,false,סינטה בקר מעובד מופש,,,סינטה בקר מעובד מופש,קילוגרמים,1.00,"ק""ג",true,,89.90,89.9000,true,1,49523
7290002285069,false,קבב חריף אש עטרה 500,,,קבב חריף אש עטרה 500,גרמים,500.00,100 גרם,false,,14.90,2.9800,true,1,50738
7290002285816,false,שניצל עוף פרימיום טר,,,שניצל עוף פרימיום טר,קילוגרמים,1.00,"ק""ג",true,,42.90,42.9000,true,1,83592
7290002285830,false,פילה עוף טרי עטרה,,,פילה עוף טרי עטרה,קילוגרמים,1.00,"ק""ג",true,,38.90,38.9000,true,1,59459
7290002292142,false,קבב אנגוס עטרה 700 ג,טיבון ויל,IL,קבב אנגוס עטרה 700 ג,גרמים,700.00,100 גרם,false,,29.90,4.2714,true,1,114902
7290002292159,false,המבורגר אנגוס עטרה 7,טיבון ויל,IL,המבורגר אנגוס עטרה 7,גרמים,700.00,100 גרם,false,,29.90,4.2714,true,1,114903
7290002292166,false,קבבוני טלה עטרה 700,טיבון ויל,IL,קבבוני טלה עטרה 700,גרמים,700.00,100 גרם,false,,29.90,4.2714,true,1,114904
7290002292173,false,שיפודי קבב עטרה 700,טיבון ויל,IL,שיפודי קבב עטרה 700,גרמים,700.00,100 גרם,false,,29.90,4.2714,true,1,114905
7290002292203,false,פילה עוף  פרימיום טר,,,פילה עוף  פרימיום טר,קילוגרמים,1.00,"ק""ג",true,,44.90,44.9000,true,1,114912
7290002292210,false,שניצל פרימיום טרי מה,,,שניצל פרימיום טרי מה,קילוגרמים,1.00,"ק""ג",true,,49.90,49.9000,true,1,114913
7290002292227,false,כנפיים עוף פרימיום ח,,,כנפיים עוף פרימיום ח,קילוגרמים,1.00,"ק""ג",true,,17.90,17.9000,true,1,114914
7290002292234,false,שוקיים עוף פרימיום ב,,,שוקיים עוף פרימיום ב,קילוגרמים,1.00,"ק""ג",true,,39.90,39.9000,true,1,114915
7290002292265,false,"פרגית לתנור ע""ע טרי",,,"פרגית לתנור ע""ע טרי",קילוגרמים,1.00,"ק""ג",true,,59.90,59.9000,true,1,115047
7290002292289,false,"פרגית לתנור ע""ע טרי",,,"פרגית לתנור ע""ע טרי",קילוגרמים,1.00,"ק""ג",true,,48.90,48.9000,true,1,115731
7290002292456,false,עצמות בשר לחמין לנדא,,IL,עצמות בשר לחמין לנדא,קילוגרמים,1.00,"ק""ג",true,,39.90,39.9000,true,1,116353
7290002292548,false,כבד עוף צלוי טרי לנד,,,כבד עוף צלוי טרי לנד,גרמים,200.00,100 גרם,false,,29.90,14.9500,true,1,116004
7290002292982,false,מרגז אמיתי עטרה 700,טיבון ויל,IL,מרגז אמיתי עטרה 700,גרמים,700.00,100 גרם,false,,29.90,4.2714,true,1,118119
7290002296003,false,נקניקיות עוף קראנץ',עטרה,IL,נקניקיות עוף קראנץ',פריט,1.00,"ק""ג",false,,23.90,23.9000,true,1,118200
7290002319016,false,אבקת אפיה מיה 10 יח,מיה תעשיות מזון בעמ,IL,אבקת אפיה מיה 10 יח,גרמים,100.00,100 גרם,false,,1.90,1.9000,true,1,44765
7290002319030,false,אבקת בצל מיה 80 גרם,מיה תעשיות מזון בעמ,IL,אבקת בצל מיה 80 גרם,גרמים,80.00,100 גרם,false,,5.80,7.2500,true,1,44767
7290002319115,false,חומוס מיה 500 גרם,מיה תעשיות מזון בעמ,IL,חומוס מיה 500 גרם,גרמים,500.00,100 גרם,false,,6.90,1.3800,true,1,119295
7290002319139,false,שעועית לבנה מיה 500,מיה תעשיות מזון בעמ,IL,שעועית לבנה מיה 500,גרמים,500.00,100 גרם,false,,6.90,1.3800,true,1,76950
7290002319405,false,קינמון מיה 80 גרם,מיה תעשיות מזון בעמ,IL,קינמון מיה 80 גרם,גרמים,80.00,100 גרם,false,,5.80,7.2500,true,1,44778
7290002319412,false,פפריקה חריפה מיה 80,מיה תעשיות מזון בעמ,IL,פפריקה חריפה מיה 80,גרמים,80.00,100 גרם,false,,5.80,7.2500,true,1,44779
7290002319429,false,פפריקה מתוקה מיה 80,מיה תעשיות מזון בעמ,IL,פפריקה מתוקה מיה 80,גרמים,80.00,100 גרם,false,,5.80,7.2500,true,1,44780
7290002319436,false,פלפל שחור מיה 70 גרם,מיה תעשיות מזון בעמ,IL,פלפל שחור מיה 70 גרם,גרמים,70.00,100 גרם,false,,8.90,12.7143,true,1,44781
7290002319443,false,כמון מיה 80 גרם,מיה תעשיות מזון בעמ,IL,כמון מיה 80 גרם,גרמים,80.00,100 גרם,false,,5.80,7.2500,true,1,44782
7290002319450,false,כורכום מיה 80 גרם,מיה תעשיות מזון בעמ,IL,כורכום מיה 80 גרם,גרמים,80.00,100 גרם,false,,5.80,7.2500,true,1,44783
7290002319467,false,אורגנו מיה 35 גרם,מיה תעשיות מזון בעמ,IL,אורגנו מיה 35 גרם,גרמים,35.00,100 גרם,false,,5.80,16.5714,true,1,44784
7290002319474,false,אבקת שום מיה 80 גרם,מיה תעשיות מזון בעמ,IL,אבקת שום מיה 80 גרם,גרמים,80.00,100 גרם,false,,7.90,9.8750,true,1,44785
7290002319580,false,מלח לימון מיה 100 גר,מיה תעשיות מזון בעמ,IL,מלח לימון מיה 100 גר,גרמים,100.00,100 גרם,false,,5.80,5.8000,true,1,44786
7290002319597,false,כוסברה מיה 80 גרם,מיה תעשיות מזון בעמ,IL,כוסברה מיה 80 גרם,גרמים,80.00,100 גרם,false,,5.80,7.2500,true,1,44787
7290002319658,false,תבלין לסטייק מיה 80,מיה תעשיות מזון בעמ,IL,תבלין לסטייק מיה 80,גרמים,80.00,100 גרם,false,,5.80,7.2500,true,1,44793
7290002319689,false,סודה לשתיה מיה 150 ג,מיה תעשיות מזון בעמ,IL,סודה לשתיה מיה 150 ג,גרמים,150.00,100 גרם,false,,5.80,3.8667,true,1,44794
7290002319801,false,שבבי בצל מיה 50 גרם,מיה תעשיות מזון בעמ,IL,שבבי בצל מיה 50 גרם,גרמים,50.00,100 גרם,false,,5.80,11.6000,true,1,44801
7290002327042,false,בורקס תפוא ש.האופים,שלושת האופים,IL,בורקס תפוא ש.האופים,גרמים,800.00,100 גרם,false,,16.90,2.1125,true,1,44820
7290002327059,false,בצק עלים ש.האופים 1,שלושת האופים,IL,בצק עלים ש.האופים 1,פריט,1.00,"ק""ג",false,,16.90,16.9000,true,1,44821
7290002327066,false,קונכיות בצק למילוי ש,שלושת האופים,IL,קונכיות בצק למילוי ש,גרמים,625.00,100 גרם,false,,14.90,2.3840,true,1,44822
7290002327073,false,בורקס גבינה ש.האופים,שלושת האופים,IL,בורקס גבינה ש.האופים,גרמים,800.00,100 גרם,false,,16.90,2.1125,true,1,44823
7290002331360,false,מים נביעות טו גו 6*5,נביעות,IL,מים נביעות טו גו 6*5,קילוגרמים,3.00,ליטר,false,,14.70,4.9000,true,1,76396
7290002345299,false,פילה סלמון טרי דלידג,,,פילה סלמון טרי דלידג,קילוגרמים,1.00,"ק""ג",true,,89.90,89.9000,true,1,94173
7290002360124,false,חליטת צמחים פומפדור,טייקנה,DE,חליטת צמחים פומפדור,גרמים,70.00,100 גרם,false,,11.90,17.0000,true,1,70044
7290002360155,false,חליטת צמחים פומפדור,טייקנה,DE,חליטת צמחים פומפדור,גרמים,40.00,100 גרם,false,,11.90,29.7500,true,1,70048
7290002360278,false,חליטת צמחים פומפדור,טייקנה,DE,חליטת צמחים פומפדור,גרמים,45.00,100 גרם,false,,11.90,26.4444,true,1,70045
7290002360285,false,חליטת צמחים פומפדור,טייקנה,DE,חליטת צמחים פומפדור,גרמים,30.00,100 גרם,false,,11.90,39.6667,true,1,70047
7290002381808,false,נר נשמה בפח 24 שעות,,CN,נר נשמה בפח 24 שעות,Unknown,0.00,יחידה,false,,1.20,0.0000,true,1,48381
7290002385738,false,גבינה מנצגו גד במשקל,מחלבות גד,IL,גבינה מנצגו גד במשקל,קילוגרמים,1.00,"ק""ג",true,,99.00,99.0000,true,1,61075
7290002385745,false,גבינה פקורינו גד במש,מחלבות גד,IL,גבינה פקורינו גד במש,קילוגרמים,1.00,"ק""ג",true,,99.00,99.0000,true,1,61076
7290002386636,false,בשר מס 5 צלי כתף קפו,,,בשר מס 5 צלי כתף קפו,קילוגרמים,1.00,"ק""ג",true,,109.90,109.9000,true,1,43379
7290002386674,false,בשר מס 9 פלאנקען קפו,,,בשר מס 9 פלאנקען קפו,קילוגרמים,1.00,"ק""ג",true,,79.90,79.9000,true,1,43383
7290002386834,false,נקניקיות עוף קפוא קה,,,נקניקיות עוף קפוא קה,גרמים,400.00,100 גרם,false,,11.90,2.9750,true,1,44154
7290002386872,false,רולדה חזה הודו קהילו,,,רולדה חזה הודו קהילו,קילוגרמים,1.00,"ק""ג",true,,44.90,44.9000,true,1,66585
7290002405757,false,פת בוקר חיטה מלאה 1,מצות כרמל,IL,פת בוקר חיטה מלאה 1,פריט,1.00,"ק""ג",false,,19.90,19.9000,true,1,39494
7290002487364,false,בורקס פילו גבינה וזי,שלושת האופים,IL,בורקס פילו גבינה וזי,גרמים,700.00,100 גרם,false,,14.90,2.1286,true,1,72765
7290002505013,false,כרעיים עוף קפוא קהיל,קהילות,IL,כרעיים עוף קפוא קהיל,קילוגרמים,1.00,"ק""ג",true,,35.90,35.9000,true,1,41407
7290002505020,false,שוקיים עוף קפוא קהיל,קהילות,IL,שוקיים עוף קפוא קהיל,קילוגרמים,1.00,"ק""ג",true,,38.90,38.9000,true,1,41408
7290002505044,false,חזה עוף קפוא קהילות,קהילות,IL,חזה עוף קפוא קהילות,קילוגרמים,1.00,"ק""ג",true,,35.90,35.9000,true,1,41410
7290002505051,false,כנפיים עוף קפוא קהיל,קהילות,IL,כנפיים עוף קפוא קהיל,קילוגרמים,1.00,"ק""ג",true,,16.90,16.9000,true,1,41411
7290002505068,false,שניצל עוף קפוא קהילו,,,שניצל עוף קפוא קהילו,קילוגרמים,1.00,"ק""ג",true,,37.90,37.9000,true,1,41412
7290002505075,false,גרונות עוף קפוא קהיל,,,גרונות עוף קפוא קהיל,קילוגרמים,1.00,"ק""ג",true,,9.90,9.9000,true,1,41413
7290002505105,false,עוף שלם טרי קהילות,,,עוף שלם טרי קהילות,קילוגרמים,1.00,"ק""ג",true,,24.90,24.9000,true,1,41429
7290002505112,false,שוקיים עוף טרי קהילו,,,שוקיים עוף טרי קהילו,קילוגרמים,1.00,"ק""ג",true,,39.90,39.9000,true,1,41430
7290002505129,false,ירכיים עוף טרי קהילו,,,ירכיים עוף טרי קהילו,קילוגרמים,1.00,"ק""ג",true,,34.90,34.9000,true,1,41431
7290002505136,false,כנפיים עוף טרי קהילו,,,כנפיים עוף טרי קהילו,קילוגרמים,1.00,"ק""ג",true,,16.90,16.9000,true,1,41432
7290002505143,false,שניצל עוף טרי קהילות,,,שניצל עוף טרי קהילות,קילוגרמים,1.00,"ק""ג",true,,42.90,42.9000,true,1,41433
7290002505167,false,גרונות עוף טרי קהילו,,,גרונות עוף טרי קהילו,קילוגרמים,1.00,"ק""ג",true,,8.90,8.9000,true,1,41434
7290002505198,false,פרגיות עוף קפוא קהיל,,,פרגיות עוף קפוא קהיל,קילוגרמים,1.00,"ק""ג",true,,69.90,69.9000,true,1,41416
7290002505204,false,פרגית עוף טרי קהילות,,,פרגית עוף טרי קהילות,קילוגרמים,1.00,"ק""ג",true,,74.90,74.9000,true,1,41437
7290002505266,false,חזה עוף חצוי טרי קהי,,,חזה עוף חצוי טרי קהי,קילוגרמים,1.00,"ק""ג",true,,22.90,22.9000,true,1,41438
7290002505297,false,עוף מס 2 קפוא קהילות,קהילות,IL,עוף מס 2 קפוא קהילות,קילוגרמים,1.00,"ק""ג",true,,23.90,23.9000,true,1,41405
7290002505433,false,כבד עוף צלוי טרי קהי,,,כבד עוף צלוי טרי קהי,גרמים,200.00,100 גרם,false,,28.90,14.4500,true,1,42308
7290002505464,false,כרעיים עוף טרי קהילו,,,כרעיים עוף טרי קהילו,קילוגרמים,1.00,"ק""ג",true,,36.90,36.9000,true,1,41440
7290002505471,false,חזה עוף טרי קהילות,,,חזה עוף טרי קהילות,קילוגרמים,1.00,"ק""ג",true,,39.90,39.9000,true,1,41441
7290002505600,false,גרונות הודו קפוא קהי,,,גרונות הודו קפוא קהי,קילוגרמים,1.00,"ק""ג",true,,34.90,34.9000,true,1,41419
7290002505617,false,כנפיים הודו קפוא קהי,,,כנפיים הודו קפוא קהי,קילוגרמים,1.00,"ק""ג",true,,12.90,12.9000,true,1,41420
7290002505624,false,שוקיים הודו קפוא קהי,,,שוקיים הודו קפוא קהי,קילוגרמים,1.00,"ק""ג",true,,24.90,24.9000,true,1,41421
7290002507451,false,קציצות דג סלמון לביש,דלידג,IL,קציצות דג סלמון לביש,גרמים,750.00,100 גרם,false,,24.90,3.3200,true,1,91343
7290002512004,false,מלוואח צנעני 900 גרם,צנעני,IL,מלוואח צנעני 900 גרם,גרמים,900.00,100 גרם,false,,19.90,2.2111,true,1,59004
7290002512011,false,גחנון צנעני 900 גרם,צנעני,IL,גחנון צנעני 900 גרם,גרמים,900.00,100 גרם,false,,19.90,2.2111,true,1,59005
7290002512257,false,מלוואח מופחת שומן רו,צנעני,IL,מלוואח מופחת שומן רו,גרמים,700.00,100 גרם,false,,16.90,2.4143,true,1,117481
7290002512264,false,ג'חנון מופחת שומן רו,צנעני,IL,ג'חנון מופחת שומן רו,גרמים,700.00,100 גרם,false,,16.90,2.4143,true,1,117482
7290002512509,false,מלוואח אלפא 700 גרם,,,מלוואח אלפא 700 גרם,גרמים,700.00,100 גרם,false,,5.90,0.8429,true,1,88793
7290002512547,false,בצק עלים אלפא 750 גר,צנעני,IL,בצק עלים אלפא 750 גר,גרמים,750.00,100 גרם,false,,4.90,0.6533,true,1,109479
7290002512554,false,גחנון אלפא 700 גרם,,,גחנון אלפא 700 גרם,גרמים,700.00,100 גרם,false,,5.90,0.8429,true,1,88794
7290002538110,false,קרמבו 32 יח',,,קרמבו 32 יח',Unknown,0.00,יחידה,false,,26.90,0.0000,true,1,113338
7290002538158,false,גלידה חמה 15 יח',,,גלידה חמה 15 יח',גרמים,225.00,100 גרם,false,,15.90,7.0667,true,1,92417
7290002538899,false,קרמבו 12 יח',,,קרמבו 12 יח',גרמים,300.00,100 גרם,false,,7.90,2.6333,true,1,76997
7290002542780,false,מארז בירה סטלה 5% 6*,,,מארז בירה סטלה 5% 6*,קילוגרמים,1.98,ליטר,false,,24.90,12.5758,true,1,113628
7290002543237,false,קורנפלקס קלוגס 750 ג,קלוגס,DE,קורנפלקס קלוגס 750 ג,גרמים,750.00,100 גרם,false,,13.90,1.8533,true,1,60064
7290002552345,false,שלגוני גלי גל 8 יח',"גלידות ריאו ביח""ר לג",IL,שלגוני גלי גל 8 יח',גרמים,600.00,100 גרם,false,,12.90,2.1500,true,1,44924
7290002552499,false,קרחוני ריאו פרי מנגו,"גלידות ריאו ביח""ר לג",IL,קרחוני ריאו פרי מנגו,גרמים,720.00,100 גרם,false,,14.50,2.0139,true,1,44927
7290002603474,false,פיצת השף רוטב פטריות,סוילה אס.אר.אל,IT,פיצת השף רוטב פטריות,גרמים,200.00,100 גרם,false,,14.90,7.4500,true,1,95310
7290002603634,false,משולש פיצה מרגריטה ש,שמגור בעמ,IL,משולש פיצה מרגריטה ש,גרמים,80.00,100 גרם,false,,2.80,3.5000,true,1,93483
7290002657408,false,טונה בשמן פוסידון 96,פוסידון,IL,טונה בשמן פוסידון 96,גרמים,960.00,100 גרם,false,,29.90,3.1146,true,1,44097
7290002657866,false,פילה אמנון דלידג העד,דלידג,IL,פילה אמנון דלידג העד,קילוגרמים,1.00,"ק""ג",true,,24.90,24.9000,true,1,54286
7290002661115,false,"לחם הולנדי ברמן 1 ק""",מאפית י את א ברמן בע,IL,"לחם הולנדי ברמן 1 ק""",פריט,1.00,"ק""ג",false,,15.90,15.9000,true,1,49974
7290002661153,false,"לחם דני קל ברמן 1 ק""",מאפית י את א ברמן בע,IL,"לחם דני קל ברמן 1 ק""",פריט,1.00,"ק""ג",false,,14.90,14.9000,true,1,50058
7290002661214,false,לחם קל גלילי ברמן 75,מאפית י את א ברמן בע,IL,לחם קל גלילי ברמן 75,גרמים,750.00,100 גרם,false,,9.90,1.3200,true,1,56103
7290002661535,false,פירורי לחם מוזהבים 1,מאפית י את א ברמן בע,IL,פירורי לחם מוזהבים 1,פריט,1.00,"ק""ג",false,,9.90,9.9000,true,1,96554
7290002661900,false,מארז 6 לחמניות 720 ג,מאפית י את א ברמן בע,IL,מארז 6 לחמניות 720 ג,גרמים,720.00,100 גרם,false,,10.90,1.5139,true,1,96719
7290002661924,false,מארז 6 לחמניות מזונו,מאפית י את א ברמן בע,IL,מארז 6 לחמניות מזונו,גרמים,540.00,100 גרם,false,,10.90,2.0185,true,1,96721
7290002661931,false,מארז 6 לחמניות פרג 7,מאפית י את א ברמן בע,IL,מארז 6 לחמניות פרג 7,גרמים,720.00,100 גרם,false,,10.90,1.5139,true,1,97110
7290002661948,false,מארז 6 לחמניות כפריו,מאפית י את א ברמן בע,IL,מארז 6 לחמניות כפריו,גרמים,720.00,100 גרם,false,,10.90,1.5139,true,1,97111
7290002664987,false,שוקונית בפח 500 גרם,דרומה י.א.ט בעמ,IL,שוקונית בפח 500 גרם,גרמים,500.00,100 גרם,false,,9.90,1.9800,true,1,44961
7290002692768,false,תרסיס שמן קנולה עץ ה,טרנסומס פוד איי בי,IL,תרסיס שמן קנולה עץ ה,מיליליטרים,200.00,"100 מ""ל",false,,12.50,6.2500,true,1,57624
7290002692782,false,תרסיס שמן זית כתית ע,י.ב טכנולוגיות אריזה,IL,תרסיס שמן זית כתית ע,מיליליטרים,150.00,"100 מ""ל",false,,12.50,8.3333,true,1,57625
7290002701026,false,פערפיל בתנור משובח 4,גיי אפ פי ייצור מזון,IL,פערפיל בתנור משובח 4,גרמים,400.00,100 גרם,false,,7.90,1.9750,true,1,44969
7290002703068,false,"דבש עין חרוד 1 ק""ג",עין חרוד,IL,"דבש עין חרוד 1 ק""ג",פריט,1.00,"ק""ג",false,,39.90,39.9000,true,1,40416
7290002703358,false,דבש עין חרוד 350 גרם,עין חרוד,IL,דבש עין חרוד 350 גרם,גרמים,350.00,100 גרם,false,,14.90,4.2571,true,1,40417
7290002716280,false,שבבי תפוא דרומה 500,דרומה י.א.ט בעמ,IL,שבבי תפוא דרומה 500,גרמים,500.00,100 גרם,false,,9.90,1.9800,true,1,44985
7290002716600,false,דבש דרומה 500 גרם,נחלת ראובן,IL,דבש דרומה 500 גרם,גרמים,500.00,100 גרם,false,,19.90,3.9800,true,1,44995
7290002730811,false,משחת קולגייט טריפל ג,קולגייט פלמוליב,PL,משחת קולגייט טריפל ג,גרמים,100.00,100 גרם,false,,11.90,11.9000,true,1,60042
7290002730903,false,סבון מוצק פלמוליב ור,קולגייט פלמוליב,,סבון מוצק פלמוליב ור,גרמים,360.00,100 גרם,false,,14.90,4.1389,true,1,60096
7290002730958,false,סבון מוצק פלמוליב יר,קולגייט פלמוליב,,סבון מוצק פלמוליב יר,גרמים,360.00,100 גרם,false,,14.90,4.1389,true,1,60098
7290002739173,false,גולש עגל קהילות,,,גולש עגל קהילות,קילוגרמים,1.00,"ק""ג",true,,59.90,59.9000,true,1,57230
7290002739357,false,בשר מס 4 כתף מרכזי ק,,,בשר מס 4 כתף מרכזי ק,קילוגרמים,1.00,"ק""ג",true,,69.90,69.9000,true,1,69907
7290002739685,false,נקניקיות מרגז קפוא ע,עטרה,IL,נקניקיות מרגז קפוא ע,גרמים,400.00,100 גרם,false,,19.90,4.9750,true,1,85376
7290002739692,false,נקניקיות צוריסוס קפו,עטרה,IL,נקניקיות צוריסוס קפו,גרמים,500.00,100 גרם,false,,24.90,4.9800,true,1,85377
7290002739906,false,עצמות עוף קפוא קהילו,,,עצמות עוף קפוא קהילו,קילוגרמים,1.00,"ק""ג",true,,6.90,6.9000,true,1,70753
7290002752493,false,סוכריות טיק טק מנטה,פררו,ZA,סוכריות טיק טק מנטה,גרמים,64.00,100 גרם,false,,9.90,15.4688,true,1,72220
7290002753223,false,סוכריות טיק טק תפוז,פררו,ZA,סוכריות טיק טק תפוז,גרמים,64.00,100 גרם,false,,9.90,15.4688,true,1,82668
7290002757139,false,מלוואח ש.האופים 700,שלושת האופים,IL,מלוואח ש.האופים 700,גרמים,700.00,100 גרם,false,,12.90,1.8429,true,1,52732
7290002757146,false,קובה חמוסטה ש.האופים,שלושת האופים,IL,קובה חמוסטה ש.האופים,פריט,1.00,"ק""ג",false,,16.90,16.9000,true,1,44039
7290002757511,false,קציצות דג לבישול דלי,דלידג,IL,קציצות דג לבישול דלי,גרמים,750.00,100 גרם,false,,24.90,3.3200,true,1,50292
7290002757535,false,בורקס פילו אצבעות גב,שלושת האופים,IL,בורקס פילו אצבעות גב,גרמים,700.00,100 גרם,false,,16.90,2.4143,true,1,50290
7290002768036,false,"מי פה תיאדנט 150 מ""ל",אמיליה קוסמטיקס,IL,"מי פה תיאדנט 150 מ""ל",מיליליטרים,150.00,"100 מ""ל",false,,13.90,9.2667,true,1,45017
7290002768043,false,מי פה תיאדנט פלואורי,אמיליה קוסמטיקס,IL,מי פה תיאדנט פלואורי,מיליליטרים,150.00,"100 מ""ל",false,,13.90,9.2667,true,1,45018
7290002768074,false,דרמפון 1 ליטר,אמיליה קוסמטיקס,IL,דרמפון 1 ליטר,קילוגרמים,1.00,ליטר,false,,14.90,14.9000,true,1,45019
7290002775317,false,פילה זהבנון ל.עור דל,דלידג,IL,פילה זהבנון ל.עור דל,פריט,1.00,"ק""ג",false,,22.90,22.9000,true,1,54452
7290002780007,false,מלפפון במלח 30-36 בנ,בני דרום,IL,מלפפון במלח 30-36 בנ,פריט,3.00,"ק""ג",false,,16.90,5.6333,true,1,45027
7290002780045,false,מלפפון בחומץ 30-36 ב,בני דרום,IL,מלפפון בחומץ 30-36 ב,פריט,3.00,"ק""ג",false,,16.90,5.6333,true,1,45029
7290002780571,false,מלפפון במלח 15-20 בנ,בני דרום,IL,מלפפון במלח 15-20 בנ,פריט,1.25,"ק""ג",false,,11.90,9.5200,true,1,45036
7290002780588,false,זית חרוזית מושחר בני,בני דרום,IL,זית חרוזית מושחר בני,גרמים,560.00,100 גרם,false,,7.90,1.4107,true,1,45037
7290002780601,false,מלפפון בחומץ 15-20 ב,בני דרום,IL,מלפפון בחומץ 15-20 ב,פריט,1.25,"ק""ג",false,,11.90,9.5200,true,1,45038
7290002781264,false,סירופ בטעם שוקולד מי,מיטב,,סירופ בטעם שוקולד מי,גרמים,700.00,100 גרם,false,,10.90,1.5571,true,1,59900
7290002781271,false,סירופ בטעם מייפל מיט,מיטב,,סירופ בטעם מייפל מיט,גרמים,700.00,100 גרם,false,,10.90,1.5571,true,1,59901
7290002781691,false,ממרח קקאו בטעם שוקול,מיטב,IL,ממרח קקאו בטעם שוקול,גרמים,400.00,100 גרם,false,,4.90,1.2250,true,1,59903
7290002804758,false,כרעיים עוף קפוא דליק,,,כרעיים עוף קפוא דליק,קילוגרמים,1.00,"ק""ג",true,,29.90,29.9000,true,1,66590
7290002804765,false,חזה עוף קפוא דליקטסו,,,חזה עוף קפוא דליקטסו,קילוגרמים,1.00,"ק""ג",true,,31.90,31.9000,true,1,66591
7290002804772,false,כנפיים עוף קפוא דליק,,,כנפיים עוף קפוא דליק,קילוגרמים,1.00,"ק""ג",true,,12.90,12.9000,true,1,66592
7290002804796,false,שוקיים עוף קפוא דליק,,,שוקיים עוף קפוא דליק,קילוגרמים,1.00,"ק""ג",true,,32.90,32.9000,true,1,66594
7290002804802,false,ירכיים עוף קפוא דליק,,,ירכיים עוף קפוא דליק,קילוגרמים,1.00,"ק""ג",true,,29.90,29.9000,true,1,66595
7290002804819,false,שניצל עוף קפוא דליקט,,,שניצל עוף קפוא דליקט,קילוגרמים,1.00,"ק""ג",true,,35.90,35.9000,true,1,66596
7290002814016,false,תרסיס סנט מוריץ מסיר,אלמוג דיל בעמ,IL,תרסיס סנט מוריץ מסיר,מיליליטרים,750.00,"100 מ""ל",false,,12.90,1.7200,true,1,50243
7290002814603,false,תרסיס סנט מוריץ מסיר,אלמוג דיל בעמ,IL,תרסיס סנט מוריץ מסיר,מיליליטרים,750.00,"100 מ""ל",false,,9.90,1.3200,true,1,94731
7290002824183,false,גבינה 5% סקי 500 גרם,שטראוס,IL,גבינה 5% סקי 500 גרם,גרמים,500.00,100 גרם,false,,8.90,1.7800,true,1,45048
7290002824466,false,יוגורט ביו דנונה 0%,שטראוס,IL,יוגורט ביו דנונה 0%,גרמים,200.00,100 גרם,false,,3.40,1.7000,true,1,81701
7290002824640,false,גבינה 5% סקי 250 גרם,שטראוס,IL,גבינה 5% סקי 250 גרם,גרמים,250.00,100 גרם,false,,4.50,1.8000,true,1,45050
7290002825722,false,כרוב אדום אחלה 500 ג,שטראוס,IL,כרוב אדום אחלה 500 ג,גרמים,500.00,100 גרם,false,,12.90,2.5800,true,1,48949
7290002868996,false,קוטג 5% טרה 250 גרם,טרה,IL,קוטג 5% טרה 250 גרם,גרמים,250.00,100 גרם,false,,4.90,1.9600,true,1,45073
7290002871248,false,בירה טובורג רד ב.חוז,קרלסברג ישראל,IL,בירה טובורג רד ב.חוז,מיליליטרים,500.00,"100 מ""ל",false,,7.50,1.5000,true,1,64819
7290002871361,false,בירה קרלסברג ב.חוזר,קרלסברג ישראל,IL,בירה קרלסברג ב.חוזר,מיליליטרים,500.00,"100 מ""ל",false,,7.50,1.5000,true,1,64818
7290002904694,false,דאו ספריי טיטניום 18,אמיליה קוסמטיקס,IL,דאו ספריי טיטניום 18,מיליליטרים,180.00,"100 מ""ל",false,,14.90,8.2778,true,1,45125
7290002920311,false,גבינה קממבר צאן גד ב,מחלבות גד,IL,גבינה קממבר צאן גד ב,קילוגרמים,1.00,"ק""ג",true,,99.00,99.0000,true,1,62423
7290002922797,false,חזה הודו טרי עטרה,עטרה,,חזה הודו טרי עטרה,קילוגרמים,1.00,"ק""ג",true,,32.90,32.9000,true,1,49509
7290002922865,false,קבב מזרחי טאק טורו 5,,,קבב מזרחי טאק טורו 5,גרמים,500.00,100 גרם,false,,12.90,2.5800,true,1,49718
7290002922872,false,המבורגר טאק טורו 500,,,המבורגר טאק טורו 500,גרמים,500.00,100 גרם,false,,12.90,2.5800,true,1,49717
7290002922964,false,קוקטייל עוף טרי קהיל,,,קוקטייל עוף טרי קהיל,קילוגרמים,1.00,"ק""ג",true,,37.90,37.9000,true,1,83590
7290002922971,false,חזה עוף חצוי  עם עצם,,,חזה עוף חצוי  עם עצם,קילוגרמים,1.00,"ק""ג",true,,19.90,19.9000,true,1,54879
7290002929642,false,טונה בשמן ויליגר 4*1,,,טונה בשמן ויליגר 4*1,גרמים,560.00,100 גרם,false,,18.90,3.3750,true,1,72876
7290002929734,false,גפילטע פיש דלידג 7 מ,דלידג,,גפילטע פיש דלידג 7 מ,גרמים,570.00,100 גרם,false,,8.90,1.5614,true,1,72936
7290002930235,false,בשר לחמין עטרה,,,בשר לחמין עטרה,קילוגרמים,1.00,"ק""ג",true,,45.90,45.9000,true,1,75383
7290002939108,false,חזה עוף טרי עטרה,,,חזה עוף טרי עטרה,קילוגרמים,1.00,"ק""ג",true,,33.90,33.9000,true,1,45163
7290002939122,false,פרגית עוף טרי עטרה,,,פרגית עוף טרי עטרה,קילוגרמים,1.00,"ק""ג",true,,69.90,69.9000,true,1,45165
7290002939139,false,כנפיים הודו טרי עטרה,עטרה,IL,כנפיים הודו טרי עטרה,קילוגרמים,1.00,"ק""ג",true,,19.90,19.9000,true,1,45166
7290002939153,false,שווארמה הודו טרי עטר,עטרה,IL,שווארמה הודו טרי עטר,קילוגרמים,1.00,"ק""ג",true,,74.90,74.9000,true,1,45168
7290002939160,false,בשר אדום טרי עטרה,עטרה,IL,בשר אדום טרי עטרה,קילוגרמים,1.00,"ק""ג",true,,59.90,59.9000,true,1,45169
7290002939498,false,בשר מס 8 שריר קפוא ע,עטרה,IL,בשר מס 8 שריר קפוא ע,קילוגרמים,1.00,"ק""ג",true,,49.90,49.9000,true,1,45175
7290002939511,false,רגל בקר קפוא עטרה,עטרה,IL,רגל בקר קפוא עטרה,קילוגרמים,1.00,"ק""ג",true,,39.90,39.9000,true,1,50613
7290002939528,false,גידים בקר קפוא עטרה,,,גידים בקר קפוא עטרה,קילוגרמים,1.00,"ק""ג",true,,54.90,54.9000,true,1,45177
7290002939542,false,לשון בקר קפוא עטרה,עטרה,IL,לשון בקר קפוא עטרה,קילוגרמים,1.00,"ק""ג",true,,39.90,39.9000,true,1,45179
7290002954187,false,אורז יסמין שוקחה 5 ק,קפיטל רייס אל טי די,IN,אורז יסמין שוקחה 5 ק,פריט,5.00,"ק""ג",false,,39.90,7.9800,true,1,93187
7290003011087,false,אורז בסמטי אלפנט 1 ק,,IN,אורז בסמטי אלפנט 1 ק,פריט,1.00,"ק""ג",false,,9.90,9.9000,true,1,74020
7290003015627,false,ריצפז פרש אפרסק 2 לי,סנו,IL,ריצפז פרש אפרסק 2 לי,קילוגרמים,2.00,ליטר,false,,14.90,7.4500,true,1,45245
7290003029181,false,משקה שוקו יטבתה 1 לי,שטראוס,IL,משקה שוקו יטבתה 1 לי,קילוגרמים,1.00,ליטר,false,,10.90,10.9000,true,1,58537
7290003029372,false,משקה בננה יטבתה 1 לי,שטראוס,IL,משקה בננה יטבתה 1 לי,קילוגרמים,1.00,ליטר,false,,10.90,10.9000,true,1,62299
7290003029389,false,משקה בננה בקבוק יטבת,יטבתה,IL,משקה בננה בקבוק יטבת,גרמים,250.00,100 גרם,false,,5.20,2.0800,true,1,102117
7290003029433,false,משקה שוקו בקבוק יטבת,יטבתה,IL,משקה שוקו בקבוק יטבת,גרמים,250.00,100 גרם,false,,5.20,2.0800,true,1,59315
7290003029532,false,משקה מוקה יטבתה 1 לי,יטבתה,IL,משקה מוקה יטבתה 1 לי,קילוגרמים,1.00,ליטר,false,,10.90,10.9000,true,1,62297
7290003029792,false,מארז שוקו שקית יטבתה,יטבתה,IL,מארז שוקו שקית יטבתה,קילוגרמים,1.80,ליטר,false,,17.50,9.7222,true,1,41347
7290003029815,false,חלב מועשר 3% יטבתה 2,שטראוס,IL,חלב מועשר 3% יטבתה 2,קילוגרמים,2.00,ליטר,false,,13.90,6.9500,true,1,48956
7290003029907,false,משקה אייס קפה יטבתה,שטראוס,IL,משקה אייס קפה יטבתה,קילוגרמים,1.00,ליטר,false,,10.90,10.9000,true,1,62298
7290003031689,false,מארז פסטרמה סלמי/כפר,טירת צבי,IL,מארז פסטרמה סלמי/כפר,פריט,1.00,"ק""ג",false,,29.90,29.9000,true,1,109462
7290003031702,false,נקניקיות הודו חלק טי,טירת צבי,IL,נקניקיות הודו חלק טי,פריט,1.00,"ק""ג",false,,24.90,24.9000,true,1,45252
7290003031733,false,פסטרמה גחלים טירת צב,טירת צבי,IL,פסטרמה גחלים טירת צב,גרמים,400.00,100 גרם,false,,24.90,6.2250,true,1,45254
7290003031740,false,פסטרמה בדבש טירת צבי,טירת צבי,IL,פסטרמה בדבש טירת צבי,גרמים,400.00,100 גרם,false,,24.90,6.2250,true,1,45255
7290003031757,false,פסטרמה הודו פפריקה ט,טירת צבי,IL,פסטרמה הודו פפריקה ט,גרמים,400.00,100 גרם,false,,18.90,4.7250,true,1,45256
7290003031849,false,מארז פסטרמה כפרית דב,טירת צבי,IL,מארז פסטרמה כפרית דב,גרמים,600.00,100 גרם,false,,22.90,3.8167,true,1,82790
7290003054657,false,חרדל דיזון אקסטרא פו,ריין דיזון,FR,חרדל דיזון אקסטרא פו,גרמים,370.00,100 גרם,false,,9.90,2.6757,true,1,53170
7290003060009,false,קמח בהיר טחנות ישראל,טחנות ישראליות,IL,קמח בהיר טחנות ישראל,פריט,1.00,"ק""ג",false,,2.90,2.9000,true,1,49553
7290003060023,false,סולת טחנות ישראליות,טחנות ישראליות,IL,סולת טחנות ישראליות,פריט,1.00,"ק""ג",false,,4.90,4.9000,true,1,49554
7290003060047,false,קמח תופח טחנות ישראל,טחנות ישראליות,IL,קמח תופח טחנות ישראל,פריט,1.00,"ק""ג",false,,5.90,5.9000,true,1,49555
7290003069705,false,פיצה מרגריטה ש.האופי,שמגור בעמ,IL,פיצה מרגריטה ש.האופי,גרמים,80.00,100 גרם,false,,2.80,3.5000,true,1,55493
7290003072521,false,פסטרמה כתף בקר מעושנ,טירת צבי,IL,פסטרמה כתף בקר מעושנ,גרמים,300.00,100 גרם,false,,24.90,8.3000,true,1,101778
7290003078042,false,אריסה פרג 250 גרם,תבליני הדור השלישי,IL,אריסה פרג 250 גרם,גרמים,250.00,100 גרם,false,,14.90,5.9600,true,1,45274
7290003078066,false,שום כתוש פרג 250 גרם,תבליני הדור השלישי,IL,שום כתוש פרג 250 גרם,גרמים,250.00,100 גרם,false,,14.90,5.9600,true,1,45276
7290003078073,false,תיבול לשניצל פרג 400,תבליני הדור השלישי,IL,תיבול לשניצל פרג 400,גרמים,400.00,100 גרם,false,,12.90,3.2250,true,1,45277
7290003078516,false,פלפל צומה פרג 250 גר,תבליני הדור השלישי,IL,פלפל צומה פרג 250 גר,גרמים,250.00,100 גרם,false,,14.90,5.9600,true,1,45280
7290003078554,false,תיבול לשניצל מקסיקני,תבליני הדור השלישי,IL,תיבול לשניצל מקסיקני,גרמים,400.00,100 גרם,false,,12.90,3.2250,true,1,45281
7290003078561,false,תיבול לשניצל אמריקאי,תבליני הדור השלישי,IL,תיבול לשניצל אמריקאי,גרמים,400.00,100 גרם,false,,12.90,3.2250,true,1,45282
7290003078639,false,פפריקה מתוקה בשמן פר,תבליני הדור השלישי,IL,פפריקה מתוקה בשמן פר,גרמים,500.00,100 גרם,false,,34.90,6.9800,true,1,45285
7290003078684,false,פלפל שחור פרג 400 גר,תבליני הדור השלישי,IL,פלפל שחור פרג 400 גר,גרמים,400.00,100 גרם,false,,39.90,9.9750,true,1,45286
7290003078721,false,סחוג פרג 250 גרם,תבליני הדור השלישי,IL,סחוג פרג 250 גרם,גרמים,250.00,100 גרם,false,,14.90,5.9600,true,1,45287
7290003078738,false,לימון בלאדי פרג 250,תבליני הדור השלישי,IL,לימון בלאדי פרג 250,גרמים,250.00,100 גרם,false,,14.90,5.9600,true,1,48124
7290003087945,false,בולי 80 גרם,א מ חטיפי העמק בעמ,IL,בולי 80 גרם,גרמים,80.00,100 גרם,false,,2.90,3.6250,true,1,50177
7290003087952,false,מארז בולי 10*25 גרם,א מ חטיפי העמק בעמ,IL,מארז בולי 10*25 גרם,גרמים,250.00,100 גרם,false,,7.90,3.1600,true,1,52265
7290003107216,false,"קמח לבן דגן 1 ק""ג",טחנות קמח דגן 2006,IL,"קמח לבן דגן 1 ק""ג",פריט,1.00,"ק""ג",false,,5.90,5.9000,true,1,59415
7290003107223,false,"סולת דגן 1 ק""ג",טחנות קמח דגן 2006,IL,"סולת דגן 1 ק""ג",פריט,1.00,"ק""ג",false,,6.50,6.5000,true,1,68436
7290003107353,false,משפר אפיה שטיבל 30 ג,ט.ק דגן טכנולוגיות ב,IL,משפר אפיה שטיבל 30 ג,גרמים,30.00,100 גרם,false,,4.90,16.3333,true,1,58282
7290003119509,false,פקדון בקבוק בירה ריק,,,פקדון בקבוק בירה ריק,Unknown,0.00,יחידה,false,,1.20,0.0000,true,1,64817
7290003126712,false,יוגורט עיזים צוריאל,מחלבת משק צוריאל,IL,יוגורט עיזים צוריאל,מיליליטרים,150.00,"100 מ""ל",false,,5.90,3.9333,true,1,49391
7290003203086,false,גרונות הודיות קפוא ג,מ ב גלאט עוף למהדרין,IL,גרונות הודיות קפוא ג,קילוגרמים,1.00,"ק""ג",true,,33.90,33.9000,true,1,45344
7290003203369,false,שוקיים עוף קפוא גלאט,גלאט עוף,IL,שוקיים עוף קפוא גלאט,קילוגרמים,1.00,"ק""ג",true,,29.90,29.9000,true,1,54306
7290003203581,false,בשר מס 9 פלאנקען לחמ,ביראניצקי,PL,בשר מס 9 פלאנקען לחמ,קילוגרמים,1.00,"ק""ג",true,,89.90,89.9000,true,1,117707
7290003222100,false,פיתות המכבים 25 יח,מאפיית המכבים,IL,פיתות המכבים 25 יח,פריט,2.50,"ק""ג",false,,14.90,5.9600,true,1,45349
7290003222568,false,פיתות המכבים 5 יח,מאפיית המכבים,IL,פיתות המכבים 5 יח,גרמים,500.00,100 גרם,false,,4.90,0.9800,true,1,45350
7290003318100,false,ופל שוקולד מנעמים 20,מנעמים תעשיות מזון,IL,ופל שוקולד מנעמים 20,גרמים,200.00,100 גרם,false,,2.50,1.2500,true,1,54736
7290003318131,false,ופל אגוז מנעמים 200,מנעמים תעשיות מזון,IL,ופל אגוז מנעמים 200,גרמים,200.00,100 גרם,false,,2.50,1.2500,true,1,54738
7290003318155,false,ופל לימון מנעמים 200,מנעמים תעשיות מזון,IL,ופל לימון מנעמים 200,גרמים,200.00,100 גרם,false,,2.50,1.2500,true,1,54737
7290003318162,false,ופל מצופה בריידמן 80,מנעמים תעשיות מזון,IL,ופל מצופה בריידמן 80,גרמים,800.00,100 גרם,false,,13.90,1.7375,true,1,99275
7290003318599,false,ופל וניל מנעמים 200,מנעמים תעשיות מזון,IL,ופל וניל מנעמים 200,גרמים,200.00,100 גרם,false,,2.50,1.2500,true,1,41324
7290003319084,false,גפילטע פיש הדג המיוח,דג טעים בעמ,IL,גפילטע פיש הדג המיוח,פריט,1.45,"ק""ג",false,,21.90,15.1034,true,1,41134
7290003319145,false,גפילטע פיש הדג המיוח,דג טעים בעמ,IL,גפילטע פיש הדג המיוח,פריט,1.01,"ק""ג",false,,14.90,14.7525,true,1,84235
7290003321155,false,דנונה בר פקאן,שטראוס,IL,דנונה בר פקאן,מיליליטרים,175.00,"100 מ""ל",false,,4.30,2.4571,true,1,42834
7290003384129,false,צלעות בקר טרי קהילות,,,צלעות בקר טרי קהילות,קילוגרמים,1.00,"ק""ג",true,,89.90,89.9000,true,1,110547
7290003384136,false,בריסקט טרי קהילות,,,בריסקט טרי קהילות,קילוגרמים,1.00,"ק""ג",true,,79.90,79.9000,true,1,110548
7290003387373,false,דאו ספיד סטיק קלאסיק,קולגייט פלמוליב,BY,דאו ספיד סטיק קלאסיק,גרמים,70.00,100 גרם,false,,16.90,24.1429,true,1,67613
7290003387410,false,פדים להסרת איפור בלו,SEPTONA,,פדים להסרת איפור בלו,Unknown,0.00,יחידה,false,,16.90,0.0000,true,1,83605
7290003411054,false,שקיות לצליה רוסטי ענ,סאדאת איסטנבול,TR,שקיות לצליה רוסטי ענ,Unknown,0.00,יחידה,false,,3.90,0.0000,true,1,45417
7290003411726,false,קיסמי שיניים מלחיה ה,הנג טונג,CN,קיסמי שיניים מלחיה ה,Unknown,0.00,יחידה,false,,3.50,0.0000,true,1,45430
7290003411948,false,צמר גפן הנמל 100 גרם,ספה,TR,צמר גפן הנמל 100 גרם,Unknown,0.00,יחידה,false,,3.90,0.0000,true,1,45436
7290003411993,false,גפרורים 10 יח,נור,SE,גפרורים 10 יח,Unknown,0.00,יחידה,false,,2.80,0.0000,true,1,45437
7290003424245,false,מרלוזה צ'ירינה קפוא,,AR,מרלוזה צ'ירינה קפוא,קילוגרמים,1.00,"ק""ג",true,,27.90,27.9000,true,1,117748
7290003424283,false,פילה סלמון קפוא צ'יר,,,פילה סלמון קפוא צ'יר,קילוגרמים,1.00,"ק""ג",true,,64.90,64.9000,true,1,116530
7290003424986,false,מנות נסיכת הילוס פרי,,AR,מנות נסיכת הילוס פרי,קילוגרמים,1.00,"ק""ג",true,,49.90,49.9000,true,1,117749
7290003427154,false,שמן זית כתית פיית מז,זיתא,IL,שמן זית כתית פיית מז,מיליליטרים,750.00,"100 מ""ל",false,,27.90,3.7200,true,1,68510
7290003450602,false,ממרח חרדל לחיץ היינץ,היינץ,US,ממרח חרדל לחיץ היינץ,גרמים,255.00,100 גרם,false,,7.50,2.9412,true,1,60008
7290003457991,false,טילוני קורנטו וניל 6,גלידות שטראוס,IL,טילוני קורנטו וניל 6,גרמים,360.00,100 גרם,false,,21.90,6.0833,true,1,43300
7290003521197,false,סרקל תרסיס מתיר קשרי,פישר מעבדות פרמצבטיו,IL,סרקל תרסיס מתיר קשרי,מיליליטרים,340.00,"100 מ""ל",false,,20.90,6.1471,true,1,63439
7290003521210,false,"מרכך סרקל ד""ר פישר 2",פישר מעבדות פרמצבטיו,IL,"מרכך סרקל ד""ר פישר 2",קילוגרמים,2.00,ליטר,false,,35.90,17.9500,true,1,66842
7290003521340,false,"אל סבון קמיל בלו ד""ר",פישר מעבדות פרמצבטיו,IL,"אל סבון קמיל בלו ד""ר",קילוגרמים,2.00,ליטר,false,,35.90,17.9500,true,1,66843
7290003521395,false,אל סבון קמיל בלו סנס,פישר מעבדות פרמצבטיו,IL,אל סבון קמיל בלו סנס,קילוגרמים,2.00,ליטר,false,,35.90,17.9500,true,1,67124
7290003521463,false,שמפו אלדמע קמיל בלו,פישר מעבדות פרמצבטיו,IL,שמפו אלדמע קמיל בלו,קילוגרמים,2.00,ליטר,false,,35.90,17.9500,true,1,66844
7290003521760,false,ג'ל לחות אלוורה אולט,פישר מעבדות פרמצבטיו,IL,ג'ל לחות אלוורה אולט,מיליליטרים,200.00,"100 מ""ל",false,,17.90,8.9500,true,1,117269
7290003550753,false,טונה בשמן פוסידון  4,פוסידון,IL,טונה בשמן פוסידון  4,גרמים,432.00,100 גרם,false,,19.90,4.6065,true,1,45475
7290003578177,false,תירס גמדי ויליפוד 41,מגסטיק פוד,TH,תירס גמדי ויליפוד 41,גרמים,410.00,100 גרם,false,,6.50,1.5854,true,1,39200
7290003578313,false,דובדבנים חמוצים מגול,יורוביקה,HR,דובדבנים חמוצים מגול,גרמים,680.00,100 גרם,false,,7.90,1.1618,true,1,60215
7290003578672,false,שמן חמניות וילי פוד,,,שמן חמניות וילי פוד,קילוגרמים,1.00,ליטר,false,,8.90,8.9000,true,1,77308
7290003643004,false,"אורז בסמטי סוגת 1 ק""",סוגת,IL,"אורז בסמטי סוגת 1 ק""",פריט,1.00,"ק""ג",false,,12.90,12.9000,true,1,45488
7290003643646,false,"סוכר דמררה סוגת 1 ק""",סוגת,IL,"סוכר דמררה סוגת 1 ק""",פריט,1.00,"ק""ג",false,,8.90,8.9000,true,1,45491
7290003648344,false,מטיאס הולנדי בשמן שמ,סלטי שמיר 2006 בעמ,IL,מטיאס הולנדי בשמן שמ,גרמים,550.00,100 גרם,false,,29.90,5.4364,true,1,39366
7290003648351,false,הרינג כבוש שמיר 750,סלטי שמיר 2006 בעמ,IL,הרינג כבוש שמיר 750,גרמים,550.00,100 גרם,false,,29.90,5.4364,true,1,39367
7290003648849,false,מקרל בשמן שמיר 750 ג,סלטי שמיר 2006 בעמ,IL,מקרל בשמן שמיר 750 ג,גרמים,550.00,100 גרם,false,,39.90,7.2545,true,1,55237
7290003648856,false,מטיאס הולנדי שמיר 75,סלטי שמיר 2006 בעמ,IL,מטיאס הולנדי שמיר 75,גרמים,550.00,100 גרם,false,,29.90,5.4364,true,1,39368
7290003672073,false,פילה אמנון פאר הדג 5,,,פילה אמנון פאר הדג 5,קילוגרמים,1.00,"ק""ג",true,,29.90,29.9000,true,1,69900
7290003681228,false,עלי דפנה מיה 10 גרם,מיה תעשיות מזון בעמ,IL,עלי דפנה מיה 10 גרם,גרמים,10.00,100 גרם,false,,5.80,58.0000,true,1,45512
7290003681242,false,זעתר מיה 50 גרם,מיה תעשיות מזון בעמ,IL,זעתר מיה 50 גרם,גרמים,50.00,100 גרם,false,,5.80,11.6000,true,1,45514
7290003681723,false,תבלין לפיצה מיה 80 ג,מיה תעשיות מזון בעמ,IL,תבלין לפיצה מיה 80 ג,גרמים,80.00,100 גרם,false,,5.80,7.2500,true,1,45532
7290003681730,false,תבלין גריל דג מיה 80,מיה תעשיות מזון בעמ,IL,תבלין גריל דג מיה 80,גרמים,80.00,100 גרם,false,,5.80,7.2500,true,1,45533
7290003681754,false,תבלין קארי מיה 80 גר,מיה תעשיות מזון בעמ,IL,תבלין קארי מיה 80 גר,גרמים,80.00,100 גרם,false,,5.80,7.2500,true,1,45535
7290003681761,false,גבישי שום מיה 80 גרם,מיה תעשיות מזון בעמ,IL,גבישי שום מיה 80 גרם,גרמים,100.00,100 גרם,false,,7.90,7.9000,true,1,45536
7290003719259,false,"לחם שיפון ליבו 1 ק""ג",מאפית י את א ברמן בע,IL,"לחם שיפון ליבו 1 ק""ג",פריט,1.00,"ק""ג",false,,13.90,13.9000,true,1,49972
7290003726141,false,טופו גולמי גאיה 300,משק ויילר,IL,טופו גולמי גאיה 300,גרמים,300.00,100 גרם,false,,8.90,2.9667,true,1,49966
7290003726592,false,טופו מתובל בפסטו משק,שטראוס,IL,טופו מתובל בפסטו משק,מיליליטרים,300.00,"100 מ""ל",false,,9.90,3.3000,true,1,115391
7290003726615,false,טופו הבית משק ויילר,שטראוס,IL,טופו הבית משק ויילר,מיליליטרים,300.00,"100 מ""ל",false,,9.90,3.3000,true,1,115392
7290003726684,false,טופו חומוס בטעם טבעי,שטראוס,IL,טופו חומוס בטעם טבעי,מיליליטרים,300.00,"100 מ""ל",false,,12.90,4.3000,true,1,115393
7290003751105,false,כרעיים עוף קפוא גלאט,מ ב גלאט עוף למהדרין,IL,כרעיים עוף קפוא גלאט,קילוגרמים,1.00,"ק""ג",true,,39.90,39.9000,true,1,45551
7290003751112,false,עוף טחון 100% גלאט ע,,,עוף טחון 100% גלאט ע,גרמים,500.00,100 גרם,false,,21.90,4.3800,true,1,77343
7290003751136,false,כנפיים עוף קפוא גלאט,מ ב גלאט עוף למהדרין,IL,כנפיים עוף קפוא גלאט,קילוגרמים,1.00,"ק""ג",true,,12.90,12.9000,true,1,45553
7290003751150,false,חזה עוף קפוא גלאט עו,גלאט עוף,IL,חזה עוף קפוא גלאט עו,קילוגרמים,1.00,"ק""ג",true,,44.90,44.9000,true,1,45555
7290003751174,false,גולש עגל גלאט עוף,מ ב גלאט עוף למהדרין,IL,גולש עגל גלאט עוף,קילוגרמים,1.00,"ק""ג",true,,79.90,79.9000,true,1,45556
7290003751204,false,רולדה הודו גלאט עוף,מ ב גלאט עוף למהדרין,IL,רולדה הודו גלאט עוף,קילוגרמים,1.00,"ק""ג",true,,51.90,51.9000,true,1,45558
7290003751242,false,הודו טחון גלאט עוף 5,מ ב גלאט עוף למהדרין,IL,הודו טחון גלאט עוף 5,גרמים,500.00,100 גרם,false,,21.90,4.3800,true,1,45561
7290003751532,false,עוף מס 2 קפוא גלאט ע,מ ב גלאט עוף למהדרין,IL,עוף מס 2 קפוא גלאט ע,קילוגרמים,1.00,"ק""ג",true,,24.90,24.9000,true,1,45565
7290003751600,false,שניצל עוף קפוא גלאט,גלאט עוף,IL,שניצל עוף קפוא גלאט,קילוגרמים,1.00,"ק""ג",true,,49.90,49.9000,true,1,45567
7290003751846,false,ירכיים עוף קפוא גלאט,מ ב גלאט עוף למהדרין,IL,ירכיים עוף קפוא גלאט,קילוגרמים,1.00,"ק""ג",true,,29.90,29.9000,true,1,45576
7290003779499,false,גינגר ארוז 200 גרם,מרינה,IL,גינגר ארוז 200 גרם,גרמים,200.00,100 גרם,false,,8.90,4.4500,true,1,75403
7290003882922,false,עלי גפן ממולאים וילי,פליריה,,עלי גפן ממולאים וילי,גרמים,400.00,100 גרם,false,,7.90,1.9750,true,1,60219
7290003989096,false,חציל פיקנטי אחלה 500,שטראוס גרופ,IL,חציל פיקנטי אחלה 500,גרמים,500.00,100 גרם,false,,14.90,2.9800,true,1,48939
7290003989539,false,רביולי גבינה קלאסי ש,שטראוס,IL,רביולי גבינה קלאסי ש,גרמים,400.00,100 גרם,false,,18.90,4.7250,true,1,62286
7290003989553,false,טורטליני פטריות שטרא,שטראוס,IL,טורטליני פטריות שטרא,גרמים,400.00,100 גרם,false,,18.90,4.7250,true,1,62287
7290003996018,false,חסה ערבית גלאט,יעל ירק עלים,IL,חסה ערבית גלאט,Unknown,0.00,יחידה,false,,7.90,0.0000,true,1,45607
7290003996049,false,פטרוזיליה מהדרין,יעל ירק עלים,IL,פטרוזיליה מהדרין,Unknown,0.00,יחידה,false,,6.90,0.0000,true,1,45608
7290003996056,false,כוסברה מהדרין,יעל ירק עלים,IL,כוסברה מהדרין,Unknown,0.00,יחידה,false,,6.90,0.0000,true,1,45609
7290003996070,false,נענע מהדרין,יעל ירק עלים,IL,נענע מהדרין,Unknown,0.00,יחידה,false,,6.90,0.0000,true,1,45611
7290003996094,false,סלרי מהדרין,יעל ירק עלים,IL,סלרי מהדרין,Unknown,0.00,יחידה,false,,7.90,0.0000,true,1,47814
7290003996117,false,כרוב לבן חסלט,יעל ירק עלים,IL,כרוב לבן חסלט,קילוגרמים,1.00,"ק""ג",true,,14.90,14.9000,true,1,45613
7290003996124,false,כרוב אדום חסלט,יעל ירק עלים,IL,כרוב אדום חסלט,קילוגרמים,1.00,"ק""ג",true,,15.60,15.6000,true,1,45614
7290003996186,false,בזיליקום חסלט,יעל ירק עלים,IL,בזיליקום חסלט,Unknown,0.00,יחידה,false,,7.90,0.0000,true,1,45617
7290003996506,false,כרוב לבן 400 גרם,יעל ירק עלים,IL,כרוב לבן 400 גרם,גרמים,400.00,100 גרם,false,,11.90,2.9750,true,1,45620
7290003996513,false,כרוב אדום 400 גרם,יעל ירק עלים,IL,כרוב אדום 400 גרם,גרמים,400.00,100 גרם,false,,11.90,2.9750,true,1,45621
7290003996544,false,חסה קצוצה 300 גרם,יעל ירק עלים,IL,חסה קצוצה 300 גרם,גרמים,310.00,100 גרם,false,,12.90,4.1613,true,1,45623
7290003996551,false,סלט קולסלאו 400 גרם,יעל ירק עלים,IL,סלט קולסלאו 400 גרם,גרמים,400.00,100 גרם,false,,11.90,2.9750,true,1,45624
7290003996605,false,לקט ים תיכוני 350 גר,יעל ירק עלים,IL,לקט ים תיכוני 350 גר,גרמים,350.00,100 גרם,false,,12.90,3.6857,true,1,45625
7290003996742,false,עלי תרד שטופים 200 ג,יעל ירק עלים,IL,עלי תרד שטופים 200 ג,גרמים,300.00,100 גרם,false,,13.90,4.6333,true,1,45629
7290003996971,false,"כרוב לבן קצוץ 1 ק""ג",יעל ירק עלים,IL,"כרוב לבן קצוץ 1 ק""ג",פריט,1.00,"ק""ג",false,,19.90,19.9000,true,1,45634
7290003996995,false,"סלט  קולסלאו 1 ק""ג",יעל ירק עלים,IL,"סלט  קולסלאו 1 ק""ג",פריט,1.00,"ק""ג",false,,17.90,17.9000,true,1,45636
7290004011277,false,בסיס לבישול והקרמה 1,ריץ,IL,בסיס לבישול והקרמה 1,מיליליטרים,220.00,"100 מ""ל",false,,7.90,3.5909,true,1,54275
7290004011284,false,בסיס להכנת קצפת 25%,ריץ,IL,בסיס להכנת קצפת 25%,מיליליטרים,212.00,"100 מ""ל",false,,6.90,3.2547,true,1,54272
7290004011345,false,תרסיס קצפת צמחית ריץ,ריץ,IL,תרסיס קצפת צמחית ריץ,מיליליטרים,250.00,"100 מ""ל",false,,7.90,3.1600,true,1,59331
7290004030018,false,מיץ לימון טבעי פריני,פריניב,,מיץ לימון טבעי פריני,מיליליטרים,500.00,"100 מ""ל",false,,6.90,1.3800,true,1,40435
7290004030612,false,מיץ תפוח קיווי ואגס,פריניב,IL,מיץ תפוח קיווי ואגס,קילוגרמים,1.00,ליטר,false,,13.90,13.9000,true,1,71954
7290004030834,false,מיץ רימונים 100% פרי,פריניב,IL,מיץ רימונים 100% פרי,קילוגרמים,1.00,ליטר,false,,19.90,19.9000,true,1,58043
7290004033705,false,לחמניות המבורגר הבור,מאפית י את א ברמן בע,IL,לחמניות המבורגר הבור,גרמים,600.00,100 גרם,false,,12.90,2.1500,true,1,112005
7290004033712,false,לחם עננים קמח חיטה מ,מאפית י את א ברמן בע,IL,לחם עננים קמח חיטה מ,גרמים,750.00,100 גרם,false,,14.90,1.9867,true,1,112007
7290004033729,false,לחם עננים מקמח כוסמי,מאפית י את א ברמן בע,IL,לחם עננים מקמח כוסמי,גרמים,750.00,100 גרם,false,,14.90,1.9867,true,1,112006
7290004033736,false,לחם עננים לבן בסגנון,מאפית י את א ברמן בע,IL,לחם עננים לבן בסגנון,גרמים,500.00,100 גרם,false,,12.90,2.5800,true,1,115203
7290004033804,false,לחם פרוס בסגנון כפרי,מאפית י את א ברמן בע,IL,לחם פרוס בסגנון כפרי,גרמים,320.00,100 גרם,false,,15.90,4.9688,true,1,111070
7290004033811,false,לחם פרוס מיוחד ללא ג,מאפית י את א ברמן בע,IL,לחם פרוס מיוחד ללא ג,גרמים,320.00,100 גרם,false,,15.90,4.9688,true,1,111071
7290004048525,false,פילה אמנון דלידג 5-7,דלידג,IL,פילה אמנון דלידג 5-7,קילוגרמים,1.00,"ק""ג",true,,24.90,24.9000,true,1,42026
7290004048679,false,קובה למרק ש.האופים 1,שלושת האופים,IL,קובה למרק ש.האופים 1,פריט,1.00,"ק""ג",false,,16.90,16.9000,true,1,45654
7290004063016,false,"מלח שולחן 1 ק""ג בד""צ",מלחי סלית עתלית,,"מלח שולחן 1 ק""ג בד""צ",פריט,1.00,"ק""ג",false,,1.30,1.3000,true,1,45655
7290004063115,false,"מלח בישול 1 ק""ג בד""צ",מלחי סלית עתלית,IL,"מלח בישול 1 ק""ג בד""צ",פריט,1.00,"ק""ג",false,,1.30,1.3000,true,1,66631
7290004064174,false,"מלח דק הימלאיה 1 ק""ג",מלח הארץ,IL,"מלח דק הימלאיה 1 ק""ג",פריט,1.00,"ק""ג",false,,14.90,14.9000,true,1,99382
7290004064181,false,"מלח גס הימלאיה 1 ק""ג",מלח הארץ,IL,"מלח גס הימלאיה 1 ק""ג",פריט,1.00,"ק""ג",false,,14.90,14.9000,true,1,99383
7290004064280,false,מלח מופחת נתרן 600 ג,מלח הארץ,IL,מלח מופחת נתרן 600 ג,גרמים,600.00,100 גרם,false,,15.90,2.6500,true,1,100589
7290004064297,false,מלח ים מועשר ביוד 1,מלח הארץ,IL,מלח ים מועשר ביוד 1,פריט,1.00,"ק""ג",false,,8.90,8.9000,true,1,100590
7290004064303,false,מלח ים אטלנטי 800 גר,מלח הארץ,IL,מלח ים אטלנטי 800 גר,גרמים,800.00,100 גרם,false,,17.90,2.2375,true,1,100591
7290004068172,false,יוגורט עיזים ביו גד,מחלבות גד,IL,יוגורט עיזים ביו גד,גרמים,600.00,100 גרם,false,,15.90,2.6500,true,1,67111
7290004068196,false,גבינה מוצרלה לפיצה 2,מחלבות גד,IL,גבינה מוצרלה לפיצה 2,גרמים,500.00,100 גרם,false,,25.90,5.1800,true,1,66951
7290004068332,false,גבינה קממבר גד במשקל,מחלבות גד,IL,גבינה קממבר גד במשקל,קילוגרמים,1.00,"ק""ג",true,,99.00,99.0000,true,1,71741
7290004078942,false,דאו גל ליידי ספיד סט,קולגייט פלמוליב,BY,דאו גל ליידי ספיד סט,גרמים,65.00,100 גרם,false,,16.90,26.0000,true,1,84890
7290004091217,false,מבריק גודרס לכלי כסף,אס סי גונסון פורטוגל,PT,מבריק גודרס לכלי כסף,גרמים,125.00,100 גרם,false,,14.90,11.9200,true,1,45657
7290004091255,false,וזלין פטרולאום גלי 2,יוניליוור,IL,וזלין פטרולאום גלי 2,גרמים,212.00,100 גרם,false,,16.90,7.9717,true,1,42029
7290004093006,false,עוף שלם טרי עוף הכפר,,,עוף שלם טרי עוף הכפר,קילוגרמים,1.00,"ק""ג",true,,19.90,19.9000,true,1,88813
7290004093013,false,כרעיים עוף טרי עוף ה,,,כרעיים עוף טרי עוף ה,קילוגרמים,1.00,"ק""ג",true,,26.90,26.9000,true,1,88814
7290004093020,false,חזה עוף טרי עוף הכפר,,,חזה עוף טרי עוף הכפר,קילוגרמים,1.00,"ק""ג",true,,29.90,29.9000,true,1,88816
7290004093037,false,כנפיים עוף טרי עוף ה,,,כנפיים עוף טרי עוף ה,קילוגרמים,1.00,"ק""ג",true,,12.90,12.9000,true,1,88817
7290004093044,false,שוקיים עוף טרי עוף ה,,,שוקיים עוף טרי עוף ה,קילוגרמים,1.00,"ק""ג",true,,29.90,29.9000,true,1,88818
7290004093051,false,ירכיים עוף טרי עוף ה,,,ירכיים עוף טרי עוף ה,קילוגרמים,1.00,"ק""ג",true,,26.90,26.9000,true,1,88815
7290004093068,false,שניצל עוף טרי עוף הכ,,,שניצל עוף טרי עוף הכ,קילוגרמים,1.00,"ק""ג",true,,31.90,31.9000,true,1,88819
7290004093082,false,כבד עוף טרי עוף הכפר,,,כבד עוף טרי עוף הכפר,קילוגרמים,1.00,"ק""ג",true,,24.90,24.9000,true,1,88821
7290004093112,false,כרעיים עוף קפוא עוף,,,כרעיים עוף קפוא עוף,קילוגרמים,1.00,"ק""ג",true,,23.90,23.9000,true,1,90453
7290004093150,false,ירכיים עוף קפוא עוף,,,ירכיים עוף קפוא עוף,קילוגרמים,1.00,"ק""ג",true,,23.90,23.9000,true,1,90457
7290004093167,false,שניצל עוף קפוא עוף ה,,,שניצל עוף קפוא עוף ה,קילוגרמים,1.00,"ק""ג",true,,27.90,27.9000,true,1,90458
7290004093181,false,סטייק פרגית עוף קפוא,,,סטייק פרגית עוף קפוא,קילוגרמים,1.00,"ק""ג",true,,49.90,49.9000,true,1,90460
7290004093198,false,סטייק פרגית עוף טרי,,,סטייק פרגית עוף טרי,קילוגרמים,1.00,"ק""ג",true,,59.90,59.9000,true,1,88881
7290004093501,false,פילה עוף טרי  דליקטס,,,פילה עוף טרי  דליקטס,קילוגרמים,1.00,"ק""ג",true,,36.90,36.9000,true,1,100171
7290004119225,false,"יופלה אננס 3% 150 מ""",תנובה מרכז שיתופי לש,IL,"יופלה אננס 3% 150 מ""",מיליליטרים,150.00,"100 מ""ל",false,,4.70,3.1333,true,1,42707
7290004119973,false,קרלו שוקולדה 125 גרם,תנובה מרכז שיתופי לש,IL,קרלו שוקולדה 125 גרם,מיליליטרים,125.00,"100 מ""ל",false,,2.50,2.0000,true,1,45660
7290004120061,false,קרלו שוקולד וניל 125,תנובה מרכז שיתופי לש,IL,קרלו שוקולד וניל 125,מיליליטרים,125.00,"100 מ""ל",false,,2.50,2.0000,true,1,45661
7290004120108,false,יופלה דיאט 0% דובדבן,תנובה מרכז שיתופי לש,IL,יופלה דיאט 0% דובדבן,גרמים,150.00,100 גרם,false,,4.70,3.1333,true,1,42708
7290004120573,false,גבינה בולגרית 16% פי,תנובה מרכז שיתופי לש,IL,גבינה בולגרית 16% פי,גרמים,250.00,100 גרם,false,,17.90,7.1600,true,1,45666
7290004120634,false,גבינה בולגרית 5% פיר,תנובה מרכז שיתופי לש,IL,גבינה בולגרית 5% פיר,גרמים,250.00,100 גרם,false,,17.90,7.1600,true,1,45667
7290004121488,false,יופלה דיאט 0% אפרסק,תנובה מרכז שיתופי לש,IL,יופלה דיאט 0% אפרסק,גרמים,150.00,100 גרם,false,,4.70,3.1333,true,1,42709
7290004121525,false,מארז יופלה אפרסק/תות,תנובה מרכז שיתופי לש,IL,מארז יופלה אפרסק/תות,קילוגרמים,1.20,ליטר,false,,27.90,23.2500,true,1,42710
7290004121839,false,גבינת פטה כבשים 20%,תנובה מרכז שיתופי לש,IL,גבינת פטה כבשים 20%,גרמים,250.00,100 גרם,false,,24.90,9.9600,true,1,45671
7290004121853,false,גבינה בולגרית קוביות,תנובה מרכז שיתופי לש,IL,גבינה בולגרית קוביות,גרמים,200.00,100 גרם,false,,17.90,8.9500,true,1,45672
7290004122348,false,גבינה עמק 9% 200 גרם,תנובה מרכז שיתופי לש,IL,גבינה עמק 9% 200 גרם,גרמים,200.00,100 גרם,false,,16.90,8.4500,true,1,42712
7290004122676,false,גבינת חמד לייט 5% פי,תנובה מרכז שיתופי לש,IL,גבינת חמד לייט 5% פי,גרמים,250.00,100 גרם,false,,16.90,6.7600,true,1,62142
7290004122683,false,אצבעות גבינת עמק 172,תנובה מרכז שיתופי לש,IL,אצבעות גבינת עמק 172,גרמים,172.00,100 גרם,false,,15.30,8.8953,true,1,45675
7290004124205,false,יופלה דיאט 0% תות 15,תנובה מרכז שיתופי לש,IL,יופלה דיאט 0% תות 15,גרמים,150.00,100 גרם,false,,4.70,3.1333,true,1,42715
7290004125370,false,שמנת חמוצה 9% תנובה,תנובה מרכז שיתופי לש,IL,שמנת חמוצה 9% תנובה,מיליליטרים,200.00,"100 מ""ל",false,,3.30,1.6500,true,1,45681
7290004125400,false,"אשל תנובה 200 מ""ל",תנובה מרכז שיתופי לש,IL,"אשל תנובה 200 מ""ל",מיליליטרים,200.00,"100 מ""ל",false,,1.65,0.8250,true,1,45682
7290004125417,false,"גיל תנובה 200 מ""ל",תנובה מרכז שיתופי לש,IL,"גיל תנובה 200 מ""ל",מיליליטרים,206.00,"100 מ""ל",false,,1.50,0.7282,true,1,45683
7290004125455,false,שמנת חמוצה 15% תנובה,תנובה מרכז שיתופי לש,IL,שמנת חמוצה 15% תנובה,מיליליטרים,200.00,"100 מ""ל",false,,2.40,1.2000,true,1,45684
7290004125462,false,שמנת חמוצה 15% תנובה,תנובה מרכז שיתופי לש,IL,שמנת חמוצה 15% תנובה,מיליליטרים,500.00,"100 מ""ל",false,,5.90,1.1800,true,1,45685
7290004125509,false,שמנת חמוצה 15% תנובה,תנובה מרכז שיתופי לש,IL,שמנת חמוצה 15% תנובה,גרמים,100.00,100 גרם,false,,1.60,1.6000,true,1,56361
7290004125578,false,משקה סויה אלטרנטיב 1,תנובה מרכז שיתופי לש,IL,משקה סויה אלטרנטיב 1,קילוגרמים,1.00,ליטר,false,,9.90,9.9000,true,1,45686
7290004125585,false,משקה סויה וניל אלטרנ,תנובה מרכז שיתופי לש,IL,משקה סויה וניל אלטרנ,קילוגרמים,1.00,ליטר,false,,9.90,9.9000,true,1,45687
7290004125721,false,שמנת לבישול 15% השף,תנובה מרכז שיתופי לש,IL,שמנת לבישול 15% השף,מיליליטרים,250.00,"100 מ""ל",false,,7.90,3.1600,true,1,42717
7290004125738,false,שמנת להקצפה 32% השף,תנובה מרכז שיתופי לש,IL,שמנת להקצפה 32% השף,מיליליטרים,250.00,"100 מ""ל",false,,5.90,2.3600,true,1,45689
7290004126674,false,גבינה עמק בסגנון אמנ,תנובה מרכז שיתופי לש,IL,גבינה עמק בסגנון אמנ,גרמים,200.00,100 גרם,false,,17.90,8.9500,true,1,45691
7290004127077,false,קוטג 3% תנובה 250 גר,תנובה מרכז שיתופי לש,IL,קוטג 3% תנובה 250 גר,גרמים,250.00,100 גרם,false,,5.50,2.2000,true,1,45692
7290004127329,false,קוטג 5% תנובה 250 גר,תנובה מרכז שיתופי לש,IL,קוטג 5% תנובה 250 גר,גרמים,250.00,100 גרם,false,,5.50,2.2000,true,1,45693
7290004127800,false,גבינה 5% תנובה 500 ג,תנובה מרכז שיתופי לש,IL,גבינה 5% תנובה 500 ג,גרמים,500.00,100 גרם,false,,9.70,1.9400,true,1,45697
7290004127817,false,גבינה 9% תנובה 500 ג,תנובה מרכז שיתופי לש,IL,גבינה 9% תנובה 500 ג,גרמים,500.00,100 גרם,false,,8.90,1.7800,true,1,45698
7290004127916,false,גבינה 1/2% תנובה 500,תנובה מרכז שיתופי לש,IL,גבינה 1/2% תנובה 500,גרמים,500.00,100 גרם,false,,8.90,1.7800,true,1,45700
7290004129101,false,גבינת שמנת טבעי 25%,תנובה מרכז שיתופי לש,IL,גבינת שמנת טבעי 25%,גרמים,225.00,100 גרם,false,,11.90,5.2889,true,1,45704
7290004129156,false,גבינת שמנת שום שמיר,תנובה מרכז שיתופי לש,IL,גבינת שמנת שום שמיר,גרמים,225.00,100 גרם,false,,11.90,5.2889,true,1,45706
7290004130695,false,משקה אייס קפה תנובה,תנובה מרכז שיתופי לש,IL,משקה אייס קפה תנובה,קילוגרמים,1.00,ליטר,false,,11.90,11.9000,true,1,49215
7290004130794,false,משקה סויה במתיקות מו,תנובה מרכז שיתופי לש,IL,משקה סויה במתיקות מו,קילוגרמים,1.00,ליטר,false,,9.90,9.9000,true,1,45708
7290004130916,false,יופלה פירות יער 3% 1,תנובה מרכז שיתופי לש,IL,יופלה פירות יער 3% 1,מיליליטרים,150.00,"100 מ""ל",false,,4.70,3.1333,true,1,42767
7290004131074,false,חלב 3% תנובה 1 ליטר,תנובה מרכז שיתופי לש,IL,חלב 3% תנובה 1 ליטר,קילוגרמים,1.00,ליטר,false,,5.90,5.9000,true,1,45710
7290004131814,false,גבינה צפתית מעודנת 5,תנובה מרכז שיתופי לש,IL,גבינה צפתית מעודנת 5,גרמים,200.00,100 גרם,false,,13.90,6.9500,true,1,42664
7290004131845,false,לאבנה 9% פיראוס 750,תנובה מרכז שיתופי לש,IL,לאבנה 9% פיראוס 750,גרמים,750.00,100 גרם,false,,20.90,2.7867,true,1,61362
7290004132552,false,משקה סויה לייט אלטרנ,תנובה מרכז שיתופי לש,IL,משקה סויה לייט אלטרנ,קילוגרמים,1.00,ליטר,false,,9.90,9.9000,true,1,45720
7290004132712,false,אצבעות גבינת מוצרלה,תנובה מרכז שיתופי לש,IL,אצבעות גבינת מוצרלה,גרמים,172.00,100 גרם,false,,15.30,8.8953,true,1,45722
7290004132903,false,גבינה 3% תנובה 250 ג,תנובה מרכז שיתופי לש,IL,גבינה 3% תנובה 250 ג,גרמים,250.00,100 גרם,false,,4.90,1.9600,true,1,45724
7290004134945,false,יופלה מוקה 3% גביע 1,תנובה מרכז שיתופי לש,IL,יופלה מוקה 3% גביע 1,מיליליטרים,150.00,"100 מ""ל",false,,4.70,3.1333,true,1,42766
7290004135072,false,מארז קרלו מיני שוקול,תנובה מרכז שיתופי לש,IL,מארז קרלו מיני שוקול,מיליליטרים,800.00,"100 מ""ל",false,,11.90,1.4875,true,1,45733
7290004135119,false,מארז קרלו מיני וניל,תנובה מרכז שיתופי לש,IL,מארז קרלו מיני וניל,מיליליטרים,800.00,"100 מ""ל",false,,11.90,1.4875,true,1,45734
7290004136598,false,מארז הפסקת אוכל חלב,תנובה מרכז שיתופי לש,IL,מארז הפסקת אוכל חלב,מיליליטרים,150.00,"100 מ""ל",false,,8.90,5.9333,true,1,68212
7290004136857,false,גלי פטל תנובה 125 גר,תנובה מרכז שיתופי לש,IL,גלי פטל תנובה 125 גר,מיליליטרים,125.00,"100 מ""ל",false,,2.30,1.8400,true,1,69222
7290004137021,false,שמנת לבישול 10% השף,תנובה מרכז שיתופי לש,IL,שמנת לבישול 10% השף,מיליליטרים,250.00,"100 מ""ל",false,,7.90,3.1600,true,1,42729
7290004150112,false,חומוס מזרחי פיקנטי 3,סלטי שמיר 2006 בעמ,,חומוס מזרחי פיקנטי 3,גרמים,300.00,100 גרם,false,,11.90,3.9667,true,1,118414
7290004150181,false,חמוצים סיני  פיקנטי,סלטי שמיר 2006 בעמ,,חמוצים סיני  פיקנטי,גרמים,300.00,100 גרם,false,,11.90,3.9667,true,1,118415
7290004150273,false,חומוס גזר פיקנטי 300,סלטי שמיר 2006 בעמ,,חומוס גזר פיקנטי 300,גרמים,300.00,100 גרם,false,,11.90,3.9667,true,1,118419
7290004150280,false,חומוס עם לימון כבוש,סלטי שמיר 2006 בעמ,,חומוס עם לימון כבוש,גרמים,300.00,100 גרם,false,,11.90,3.9667,true,1,118420
7290004150358,false,חומוס סלק פיקנטי 300,סלטי שמיר 2006 בעמ,,חומוס סלק פיקנטי 300,גרמים,300.00,100 גרם,false,,11.90,3.9667,true,1,118421
7290004150365,false,חומוס דלעת פיקנטי 30,סלטי שמיר 2006 בעמ,,חומוס דלעת פיקנטי 30,גרמים,300.00,100 גרם,false,,11.90,3.9667,true,1,118422
7290004193850,false,סטייק פרגית עוף טרי,,,סטייק פרגית עוף טרי,קילוגרמים,1.00,"ק""ג",true,,69.90,69.9000,true,1,91532
7290004193980,false,פרגיות עוף קפוא דליק,,,פרגיות עוף קפוא דליק,קילוגרמים,1.00,"ק""ג",true,,64.90,64.9000,true,1,84634
7290004220013,false,"בקר טחון קהילות 1 ק""",,,"בקר טחון קהילות 1 ק""",פריט,1.00,"ק""ג",false,,34.90,34.9000,true,1,63381
7290004220037,false,סטייק אנטריקוט עטרה,,,סטייק אנטריקוט עטרה,גרמים,800.00,100 גרם,false,,49.90,6.2375,true,1,68010
7290004220105,false,שניצלוני עוף עטרה 60,,,שניצלוני עוף עטרה 60,גרמים,600.00,100 גרם,false,,24.90,4.1500,true,1,100587
7290004220259,false,עוף שלם טרי דליקטסו,,,עוף שלם טרי דליקטסו,קילוגרמים,1.00,"ק""ג",true,,22.90,22.9000,true,1,72396
7290004220266,false,כרעיים עוף טרי דליקט,,,כרעיים עוף טרי דליקט,קילוגרמים,1.00,"ק""ג",true,,31.90,31.9000,true,1,72397
7290004220273,false,חזה עוף טרי דליקטסו,,,חזה עוף טרי דליקטסו,קילוגרמים,1.00,"ק""ג",true,,35.90,35.9000,true,1,72398
7290004220280,false,כנפיים עוף טרי דליקט,,,כנפיים עוף טרי דליקט,קילוגרמים,1.00,"ק""ג",true,,13.90,13.9000,true,1,72399
7290004220297,false,שוקיים עוף טרי דליקט,,,שוקיים עוף טרי דליקט,קילוגרמים,1.00,"ק""ג",true,,33.90,33.9000,true,1,72400
7290004220310,false,ירכיים עוף טרי דליקט,,,ירכיים עוף טרי דליקט,קילוגרמים,1.00,"ק""ג",true,,30.90,30.9000,true,1,72401
7290004220327,false,שניצל עוף טרי דליקטס,,,שניצל עוף טרי דליקטס,קילוגרמים,1.00,"ק""ג",true,,39.90,39.9000,true,1,72402
7290004220495,false,סטייק עין מיושן עטרה,עטרה,IL,סטייק עין מיושן עטרה,קילוגרמים,1.00,"ק""ג",true,,79.90,79.9000,true,1,106558
7290004220761,false,קבב כבש ביתי עטרה 50,,,קבב כבש ביתי עטרה 50,גרמים,500.00,100 גרם,false,,14.90,2.9800,true,1,69648
7290004220778,false,המבורגר קהילות 500 ג,,,המבורגר קהילות 500 ג,גרמים,500.00,100 גרם,false,,22.90,4.5800,true,1,82821
7290004226619,false,שישליק הודו טרי ארוז,,,שישליק הודו טרי ארוז,קילוגרמים,1.00,"ק""ג",true,,34.90,34.9000,true,1,98046
7290004234218,false,ברווז טרי,,,ברווז טרי,קילוגרמים,1.00,"ק""ג",true,,48.90,48.9000,true,1,118436
7290004244644,false,פילה סלמון קפוא הדיי,"דגי בר אילן בע""מ",IL,פילה סלמון קפוא הדיי,קילוגרמים,1.00,"ק""ג",true,,64.90,64.9000,true,1,114634
7290004244743,false,מנות פילה סלמון הדיי,"דגי בר אילן בע""מ",,מנות פילה סלמון הדיי,קילוגרמים,1.00,"ק""ג",true,,69.90,69.9000,true,1,115594
7290004252182,false,ופלים מצופים סוויט 6,עדין,TR,ופלים מצופים סוויט 6,פריט,1.08,"ק""ג",false,,21.90,20.2778,true,1,109663
7290004256883,false,פילה סלמון טרי פרימי,,,פילה סלמון טרי פרימי,קילוגרמים,1.00,"ק""ג",true,,99.90,99.9000,true,1,100135
7290004257101,false,אנטריקוט דקדק עטרה 2,עטרה,IL,אנטריקוט דקדק עטרה 2,גרמים,250.00,100 גרם,false,,29.90,11.9600,true,1,98147
7290004257118,false,מילנסה דק דק עטרה 25,,,מילנסה דק דק עטרה 25,גרמים,250.00,100 גרם,false,,29.90,11.9600,true,1,98512
7290004257125,false,סינטה דק דק עטרה 250,,,סינטה דק דק עטרה 250,גרמים,250.00,100 גרם,false,,29.90,11.9600,true,1,103617
7290004257132,false,אנטריקוט דקדק קהילות,,,אנטריקוט דקדק קהילות,גרמים,250.00,100 גרם,false,,34.90,13.9600,true,1,99131
7290004257422,false,חזה עוף טחון 100% קה,,,חזה עוף טחון 100% קה,פריט,1.00,"ק""ג",false,,37.90,37.9000,true,1,102680
7290004257439,false,טחון הודו 100% קהילו,,,טחון הודו 100% קהילו,פריט,1.00,"ק""ג",false,,37.90,37.9000,true,1,102681
7290004257446,false,טחון בקר 100% קהילות,,,טחון בקר 100% קהילות,פריט,1.00,"ק""ג",false,,49.90,49.9000,true,1,102682
7290004257477,false,חזה עוף טחון 100% עט,,,חזה עוף טחון 100% עט,פריט,1.00,"ק""ג",false,,34.90,34.9000,true,1,102683
7290004257484,false,טחון הודו 100% עטרה,,,טחון הודו 100% עטרה,פריט,1.00,"ק""ג",false,,34.90,34.9000,true,1,102684
7290004257491,false,טחון בקר 100% עטרה 1,,,טחון בקר 100% עטרה 1,פריט,1.00,"ק""ג",false,,39.90,39.9000,true,1,102685
7290004263041,false,גולש עגל עטרה,עטרה,IL,גולש עגל עטרה,קילוגרמים,1.00,"ק""ג",true,,39.90,39.9000,true,1,45771
7290004263096,false,צלי כתף מעובד קפוא ע,עטרה,IL,צלי כתף מעובד קפוא ע,קילוגרמים,1.00,"ק""ג",true,,49.90,49.9000,true,1,45774
7290004263201,false,צלעות כבש קפוא עטרה,עטרה,IL,צלעות כבש קפוא עטרה,קילוגרמים,1.00,"ק""ג",true,,169.90,169.9000,true,1,45779
7290004263393,false,קישקע ירושלמי עטרה 5,עטרה,IL,קישקע ירושלמי עטרה 5,גרמים,500.00,100 גרם,false,,12.90,2.5800,true,1,45782
7290004263485,false,בשר מס 2 צלעות קפוא,עטרה,IL,בשר מס 2 צלעות קפוא,קילוגרמים,1.00,"ק""ג",true,,39.90,39.9000,true,1,45785
7290004263515,false,מעורב ירושלמי קפוא ע,,,מעורב ירושלמי קפוא ע,גרמים,800.00,100 גרם,false,,19.90,2.4875,true,1,45786
7290004263553,false,בשר מס 3 חזה בקר צרכ,עטרה,IL,בשר מס 3 חזה בקר צרכ,קילוגרמים,1.00,"ק""ג",true,,29.90,29.9000,true,1,45787
7290004263621,false,בשר מס 4 כתף מרכזי צ,עטרה,IL,בשר מס 4 כתף מרכזי צ,קילוגרמים,1.00,"ק""ג",true,,54.90,54.9000,true,1,41569
7290004263652,false,נקניקיות עוף קפוא עט,עטרה,IL,נקניקיות עוף קפוא עט,גרמים,400.00,100 גרם,false,,9.90,2.4750,true,1,45789
7290004263676,false,הודו טחון עטרה 500 ג,עטרה,IL,הודו טחון עטרה 500 ג,גרמים,500.00,100 גרם,false,,11.90,2.3800,true,1,45790
7290004263782,false,עצמות מח קפוא עטרה,,,עצמות מח קפוא עטרה,קילוגרמים,1.00,"ק""ג",true,,29.90,29.9000,true,1,70752
7290004263799,false,בשר מס 5 צלי כתף קפו,עטרה,IL,בשר מס 5 צלי כתף קפו,קילוגרמים,1.00,"ק""ג",true,,74.90,74.9000,true,1,41570
7290004263867,false,בשר מס 6 פילה מדומה,עטרה,IL,בשר מס 6 פילה מדומה,קילוגרמים,1.00,"ק""ג",true,,39.90,39.9000,true,1,41571
7290004263935,false,בשר מס 7 מכסה הצלע ק,עטרה,IL,בשר מס 7 מכסה הצלע ק,קילוגרמים,1.00,"ק""ג",true,,29.90,29.9000,true,1,45793
7290004367077,false,בקלוואה 800 גרם,,,בקלוואה 800 גרם,גרמים,800.00,100 גרם,false,,29.90,3.7375,true,1,63084
7290004436056,false,גולש לחמין 100% הקר,א. הקר,IL,גולש לחמין 100% הקר,קילוגרמים,1.00,"ק""ג",true,,74.90,74.9000,true,1,55262
7290004436186,false,המבורגר הקר 500 גרם,א. הקר,IL,המבורגר הקר 500 גרם,גרמים,500.00,100 גרם,false,,19.90,3.9800,true,1,55275
7290004436193,false,בשר מס 8 שריר קפוא ה,א. הקר,IL,בשר מס 8 שריר קפוא ה,קילוגרמים,1.00,"ק""ג",true,,84.90,84.9000,true,1,56727
7290004436216,false,קבב בקר הקר 500 גרם,א. הקר,IL,קבב בקר הקר 500 גרם,גרמים,500.00,100 גרם,false,,19.90,3.9800,true,1,55274
7290004436223,false,סטייק עין הקר במשקל,א. הקר,IL,סטייק עין הקר במשקל,קילוגרמים,1.00,"ק""ג",true,,99.90,99.9000,true,1,39853
7290004436261,false,קישקע הקר 500 גרם,א. הקר,IL,קישקע הקר 500 גרם,גרמים,500.00,100 גרם,false,,16.90,3.3800,true,1,55268
7290004436742,false,בשר מס 9 אסאדו עם עצ,א. הקר,IL,בשר מס 9 אסאדו עם עצ,קילוגרמים,1.00,"ק""ג",true,,79.90,79.9000,true,1,94750
7290004460846,false,קורנפלקס עוז 750 גרם,אלטונאן טוריזם,TR,קורנפלקס עוז 750 גרם,גרמים,750.00,100 גרם,false,,7.90,1.0533,true,1,115019
7290004460877,false,סרדין בשמן סויה גולד,,CN,סרדין בשמן סויה גולד,גרמים,125.00,100 גרם,false,,2.90,2.3200,true,1,114056
7290004460884,false,סרדין בשמן עם פלפל צ,,CN,סרדין בשמן עם פלפל צ,גרמים,125.00,100 גרם,false,,2.90,2.3200,true,1,114057
7290004480332,false,גבינה גאודה משולשים,מחלבות גד,IL,גבינה גאודה משולשים,קילוגרמים,1.00,"ק""ג",true,,99.00,99.0000,true,1,115496
7290004537241,false,אפונת גינה שדה בשקית,בסט מייסטר,IL,אפונת גינה שדה בשקית,גרמים,800.00,100 גרם,false,,8.90,1.1125,true,1,117659
7290004544065,false,עוגיות טבעות בטעם לי,מאפיית ישראל חיפה,IL,עוגיות טבעות בטעם לי,גרמים,500.00,100 גרם,false,,10.90,2.1800,true,1,113327
7290004544072,false,עוגיות טבעות עם שומש,מאפיית ישראל חיפה,IL,עוגיות טבעות עם שומש,גרמים,500.00,100 גרם,false,,10.90,2.1800,true,1,113328
7290004544089,false,עוגיות טבעות עם פרג,מאפיית ישראל חיפה,IL,עוגיות טבעות עם פרג,גרמים,500.00,100 גרם,false,,10.90,2.1800,true,1,113329
7290004551193,false,קמח מצה חמץ דרומה 40,דרומה י.א.ט בעמ,IL,קמח מצה חמץ דרומה 40,גרמים,400.00,100 גרם,false,,4.50,1.1250,true,1,45866
7290004551926,false,אבקת פלאפל דרומה 1 ק,דרומה י.א.ט בעמ,IL,אבקת פלאפל דרומה 1 ק,פריט,1.00,"ק""ג",false,,18.90,18.9000,true,1,45872
7290004575007,false,טילוני ריאו בטעמים 5,"גלידות ריאו ביח""ר לג",IL,טילוני ריאו בטעמים 5,גרמים,350.00,100 גרם,false,,14.50,4.1429,true,1,45874
7290004575069,false,חטיפי גלידה מיניס שו,"גלידות ריאו ביח""ר לג",IL,חטיפי גלידה מיניס שו,גרמים,700.00,100 גרם,false,,29.90,4.2714,true,1,45876
7290004575335,false,שלגוני מיני מגיק 8 י,"גלידות ריאו ביח""ר לג",IL,שלגוני מיני מגיק 8 י,גרמים,360.00,100 גרם,false,,16.90,4.6944,true,1,45884
7290004575373,false,שלגוני ריאו מצופים ש,"גלידות ריאו ביח""ר לג",IL,שלגוני ריאו מצופים ש,גרמים,480.00,100 גרם,false,,14.50,3.0208,true,1,45887
7290004575397,false,גלידה טריו 1.8 ליטר,"גלידות ריאו ביח""ר לג",IL,גלידה טריו 1.8 ליטר,קילוגרמים,1.80,ליטר,false,,14.90,8.2778,true,1,45888
7290004575403,false,גלידה טריו 1.8 ליטר,"גלידות ריאו ביח""ר לג",IL,גלידה טריו 1.8 ליטר,קילוגרמים,1.80,ליטר,false,,14.90,8.2778,true,1,45889
7290004575502,false,שלגוני גלי גל 8 יח,ריאו,IL,שלגוני גלי גל 8 יח,גרמים,600.00,100 גרם,false,,14.90,2.4833,true,1,99356
7290004575632,false,קרמבו בטעם וניל ריאו,"גלידות ריאו ביח""ר לג",IL,קרמבו בטעם וניל ריאו,גרמים,480.00,100 גרם,false,,21.50,4.4792,true,1,45892
7290004584351,false,גבינת שמנת 5% סימפונ,שטראוס,IL,גבינת שמנת 5% סימפונ,גרמים,200.00,100 גרם,false,,10.40,5.2000,true,1,42837
7290004585907,false,דני וניל 125 גרם,שטראוס,IL,דני וניל 125 גרם,גרמים,125.00,100 גרם,false,,2.50,2.0000,true,1,57354
7290004603175,false,מלח גס הים האדום 500,תעשיות מלח לישראל,IL,מלח גס הים האדום 500,גרמים,500.00,100 גרם,false,,6.90,1.3800,true,1,71073
7290004645069,false,הליבוט פרוס ל.עור רו,,,הליבוט פרוס ל.עור רו,קילוגרמים,1.00,"ק""ג",true,,79.90,79.9000,true,1,83614
7290004645106,false,מנות סלמון 100% רוזנ,,,מנות סלמון 100% רוזנ,קילוגרמים,1.00,"ק""ג",true,,89.90,89.9000,true,1,75377
7290004645137,false,פילה טונה אלבקור ללא,,,פילה טונה אלבקור ללא,קילוגרמים,1.00,"ק""ג",true,,49.90,49.9000,true,1,88579
7290004645175,false,פילה טונה פרוס רוזנר,,VN,פילה טונה פרוס רוזנר,קילוגרמים,1.00,"ק""ג",true,,39.90,39.9000,true,1,101846
7290004645267,false,מנות נסיכת הנילוס רו,,,מנות נסיכת הנילוס רו,קילוגרמים,1.00,"ק""ג",true,,49.90,49.9000,true,1,75374
7290004645274,false,פילה נסיכת הנילוס ע.,,,פילה נסיכת הנילוס ע.,קילוגרמים,1.00,"ק""ג",true,,44.90,44.9000,true,1,116369
7290004645328,false,פילה סלמון  100% רוז,,,פילה סלמון  100% רוז,קילוגרמים,1.00,"ק""ג",true,,89.90,89.9000,true,1,75376
7290004645434,false,מנות סלמון 100% ל.עו,,,מנות סלמון 100% ל.עו,קילוגרמים,1.00,"ק""ג",true,,89.90,89.9000,true,1,88735
7290004645748,false,פילה אמנון רוזנרס לל,,CN,פילה אמנון רוזנרס לל,קילוגרמים,1.00,"ק""ג",true,,19.90,19.9000,true,1,110977
7290004645786,false,פילה אמנון ל.עור דגי,,,פילה אמנון ל.עור דגי,קילוגרמים,1.00,"ק""ג",true,,39.90,39.9000,true,1,113762
7290004645854,false,פילה פורל ים רוזנרס,,,פילה פורל ים רוזנרס,קילוגרמים,1.00,"ק""ג",true,,69.90,69.9000,true,1,115788
7290004645878,false,פילה אמנון רוזנרס לל,,CN,פילה אמנון רוזנרס לל,קילוגרמים,1.00,"ק""ג",true,,19.90,19.9000,true,1,117746
7290004645915,false,מנות סלמון ל.עור רוז,,,מנות סלמון ל.עור רוז,קילוגרמים,1.00,"ק""ג",true,,99.90,99.9000,true,1,119296
7290004652517,false,פילה בורי טרי אושר פ,,,פילה בורי טרי אושר פ,גרמים,400.00,100 גרם,false,,49.90,12.4750,true,1,110481
7290004652524,false,פילה אמנון טרי אושר,,,פילה אמנון טרי אושר,גרמים,400.00,100 גרם,false,,39.90,9.9750,true,1,110482
7290004652531,false,פילה דניס טרי אושר פ,,,פילה דניס טרי אושר פ,גרמים,400.00,100 גרם,false,,59.90,14.9750,true,1,110483
7290004652579,false,פילה אדמונית טרי אוש,,,פילה אדמונית טרי אוש,גרמים,400.00,100 גרם,false,,39.90,9.9750,true,1,110485
7290004652593,false,אמנון שלם טרי אושר פ,,,אמנון שלם טרי אושר פ,גרמים,400.00,100 גרם,false,,19.90,4.9750,true,1,110489
7290004652609,false,קרפיון פרוס טרי אושר,,,קרפיון פרוס טרי אושר,גרמים,750.00,100 גרם,false,,39.90,5.3200,true,1,110490
7290004652616,false,דניס שלם טרי אושר פי,,,דניס שלם טרי אושר פי,גרמים,450.00,100 גרם,false,,39.90,8.8667,true,1,110491
7290004652623,false,פילה ברמונדי טרי אוש,,,פילה ברמונדי טרי אוש,גרמים,400.00,100 גרם,false,,59.90,14.9750,true,1,111936
7290004658953,false,יין פ.קולקשיין סובינ,,,יין פ.קולקשיין סובינ,מיליליטרים,750.00,"100 מ""ל",false,,32.90,4.3867,true,1,50065
7290004685010,false,לחם שיפון קל לחם האר,מאפית י את א ברמן בע,IL,לחם שיפון קל לחם האר,גרמים,500.00,100 גרם,false,,15.90,3.1800,true,1,63392
7290004685027,false,לחם חיטה מלאה קל לחם,מאפית י את א ברמן בע,IL,לחם חיטה מלאה קל לחם,גרמים,500.00,100 גרם,false,,15.90,3.1800,true,1,63393
7290004685089,false,לחם חמניות לחם הארץ,מאפית י את א ברמן בע,IL,לחם חמניות לחם הארץ,גרמים,500.00,100 גרם,false,,15.90,3.1800,true,1,63394
7290004685126,false,לחם 5 דגנים לחם הארץ,מאפית י את א ברמן בע,IL,לחם 5 דגנים לחם הארץ,גרמים,750.00,100 גרם,false,,15.90,2.1200,true,1,45914
7290004685157,false,לחם שיפון לחם הארץ 7,מאפית י את א ברמן בע,IL,לחם שיפון לחם הארץ 7,גרמים,750.00,100 גרם,false,,15.90,2.1200,true,1,45916
7290004685195,false,לחם 10 דגנים לחם האר,מאפית י את א ברמן בע,IL,לחם 10 דגנים לחם האר,גרמים,750.00,100 גרם,false,,15.90,2.1200,true,1,50066
7290004685225,false,לחם פומפרניקל לחם הא,מאפית י את א ברמן בע,IL,לחם פומפרניקל לחם הא,גרמים,750.00,100 גרם,false,,15.90,2.1200,true,1,45918
7290004685430,false,לחם כוסמין לחם הארץ,מאפית י את א ברמן בע,IL,לחם כוסמין לחם הארץ,גרמים,500.00,100 גרם,false,,15.90,3.1800,true,1,90512
7290004685447,false,לחמניות כוסמין לחם ה,מאפית י את א ברמן בע,IL,לחמניות כוסמין לחם ה,גרמים,450.00,100 גרם,false,,13.50,3.0000,true,1,102481
7290004685454,false,לחם שיבולת שועל לחם,מאפית י את א ברמן בע,IL,לחם שיבולת שועל לחם,גרמים,500.00,100 גרם,false,,15.90,3.1800,true,1,106891
7290004731076,false,אלסבון כיף אלוורה 1,סנו,IL,אלסבון כיף אלוורה 1,קילוגרמים,1.00,ליטר,false,,6.90,6.9000,true,1,63270
7290004731083,false,אלסבון כיף גינסנג 1,סנו,IL,אלסבון כיף גינסנג 1,קילוגרמים,1.00,ליטר,false,,6.90,6.9000,true,1,45920
7290004731472,false,אל סבון כיף מעורב 3*,קוסמופארם,IL,אל סבון כיף מעורב 3*,קילוגרמים,1.50,ליטר,false,,16.90,11.2667,true,1,42171
7290004731557,false,תרסיס מקסימה למייבש,סנו,IL,תרסיס מקסימה למייבש,מיליליטרים,750.00,"100 מ""ל",false,,14.90,1.9867,true,1,45929
7290004731564,false,תרסיס מקסימה למייבש,סנו,IL,תרסיס מקסימה למייבש,מיליליטרים,750.00,"100 מ""ל",false,,14.90,1.9867,true,1,93353
7290004731670,false,מטהר סנו דאופרש לבנד,סנו,IL,מטהר סנו דאופרש לבנד,מיליליטרים,300.00,"100 מ""ל",false,,9.90,3.3000,true,1,57505
7290004731687,false,מטהר סנו דאופרש וניל,סנו,IL,מטהר סנו דאופרש וניל,מיליליטרים,300.00,"100 מ""ל",false,,9.90,3.3000,true,1,57506
7290004737719,false,אספרגוס שלם ויליפוד,heze sanqing food,CN,אספרגוס שלם ויליפוד,גרמים,330.00,100 גרם,false,,8.90,2.6970,true,1,60211
7290004758028,false,אנטריקוט פרימיום דק,,,אנטריקוט פרימיום דק,קילוגרמים,1.00,"ק""ג",true,,149.90,149.9000,true,1,100032
7290004758172,false,בריסקט טרי עטרה,,,בריסקט טרי עטרה,קילוגרמים,1.00,"ק""ג",true,,59.90,59.9000,true,1,103935
7290004944032,false,חומוס אסלי 400 גרם,סלטי שמיר 2006 בעמ,IL,חומוס אסלי 400 גרם,גרמים,400.00,100 גרם,false,,10.90,2.7250,true,1,53196
7290004944049,false,טחינה אסלי 400 גרם,סלטי שמיר 2006 בעמ,IL,טחינה אסלי 400 גרם,גרמים,400.00,100 גרם,false,,10.90,2.7250,true,1,53199
7290004944056,false,חציל במיונז אסלי 400,סלטי שמיר 2006 בעמ,IL,חציל במיונז אסלי 400,גרמים,400.00,100 גרם,false,,10.90,2.7250,true,1,53197
7290004944063,false,סלט טורקי אסלי 400 ג,סלטי שמיר 2006 בעמ,IL,סלט טורקי אסלי 400 ג,גרמים,400.00,100 גרם,false,,10.90,2.7250,true,1,53200
7290005008481,false,דאו גל ספיד סטיק ספו,קולגייט פלמוליב,BY,דאו גל ספיד סטיק ספו,גרמים,85.00,100 גרם,false,,16.90,19.8824,true,1,67081
7290005011405,false,עמבה עם פרי 500 גרם,תבליני שמש בעמ,IL,עמבה עם פרי 500 גרם,גרמים,500.00,100 גרם,false,,8.90,1.7800,true,1,46014
7290005017483,false,שיפודי פרגית מתובל ק,נתח אדום,IL,שיפודי פרגית מתובל ק,גרמים,600.00,100 גרם,false,,49.90,8.3167,true,1,107654
7290005017742,false,חזה טלה לתנור ולמעשנ,נתח אדום,IL,חזה טלה לתנור ולמעשנ,קילוגרמים,1.00,"ק""ג",true,,59.90,59.9000,true,1,105998
7290005017889,false,קציצות ריב אנטריקוט,נתח אדום,IL,קציצות ריב אנטריקוט,גרמים,600.00,100 גרם,false,,29.90,4.9833,true,1,107658
7290005017902,false,נקניקיות מרגז פרימיו,נתח אדום,IL,נקניקיות מרגז פרימיו,גרמים,600.00,100 גרם,false,,29.90,4.9833,true,1,107659
7290005017919,false,המבורגר אנטריקוט XL,נתח אדום,IL,המבורגר אנטריקוט XL,גרמים,600.00,100 גרם,false,,29.90,4.9833,true,1,107660
7290005017926,false,המבורגר טלה XL  פרימ,נתח אדום,IL,המבורגר טלה XL  פרימ,גרמים,600.00,100 גרם,false,,29.90,4.9833,true,1,107661
7290005017933,false,טחול ממולא נתח אדום,נתח אדום,IL,טחול ממולא נתח אדום,גרמים,400.00,100 גרם,false,,39.90,9.9750,true,1,107653
7290005017940,false,נקניקיות מרגז כבד פר,נתח אדום,IL,נקניקיות מרגז כבד פר,גרמים,600.00,100 גרם,false,,29.90,4.9833,true,1,107662
7290005017957,false,קבב בקר פרימיום בית,נתח אדום,IL,קבב בקר פרימיום בית,גרמים,600.00,100 גרם,false,,29.90,4.9833,true,1,107663
7290005017964,false,קבב טלה פרימיום בית,נתח אדום,IL,קבב טלה פרימיום בית,גרמים,600.00,100 גרם,false,,29.90,4.9833,true,1,107666
7290005017971,false,קבב עיראקי פרימיום ב,נתח אדום,IL,קבב עיראקי פרימיום ב,גרמים,600.00,100 גרם,false,,29.90,4.9833,true,1,107664
7290005017988,false,נקניקיות צ'וריסוס פר,נתח אדום,IL,נקניקיות צ'וריסוס פר,גרמים,600.00,100 גרם,false,,29.90,4.9833,true,1,107656
7290005168284,false,יין גן עדן עתיק,יקבי ציון,IL,יין גן עדן עתיק,מיליליטרים,750.00,"100 מ""ל",false,,19.90,2.6533,true,1,46039
7290005168420,false,מיץ ענבים אדום בית ס,יקבי ציון,IL,מיץ ענבים אדום בית ס,קילוגרמים,1.00,ליטר,false,,16.90,16.9000,true,1,46041
7290005168475,false,מיץ ענבים תירוש אדום,יקבי ציון,IL,מיץ ענבים תירוש אדום,קילוגרמים,1.00,ליטר,false,,16.90,16.9000,true,1,105934
7290005174513,false,חציל במיונז אחלה 500,שטראוס,IL,חציל במיונז אחלה 500,גרמים,500.00,100 גרם,false,,14.90,2.9800,true,1,48943
7290005200786,false,תפוציפס שמנת בצל 50,שטראוס,IL,תפוציפס שמנת בצל 50,גרמים,50.00,100 גרם,false,,3.50,7.0000,true,1,43906
7290005287510,false,טונה בשמן פלפל חריף,סטארקיסט,IL,טונה בשמן פלפל חריף,גרמים,160.00,100 גרם,false,,6.90,4.3125,true,1,68101
7290005287527,false,טונה בשמן לימון ס.ק,סטארקיסט,IL,טונה בשמן לימון ס.ק,גרמים,160.00,100 גרם,false,,6.90,4.3125,true,1,68102
7290005287534,false,טונה בשמן עישון טבעי,סטארקיסט,IL,טונה בשמן עישון טבעי,גרמים,160.00,100 גרם,false,,6.90,4.3125,true,1,68100
7290005317125,false,ביסקויט חצי מצופה בט,אפיפית נצרת תעשיות ב,IL,ביסקויט חצי מצופה בט,גרמים,175.00,100 גרם,false,,5.50,3.1429,true,1,40545
7290005325465,false,פקעלך,קינד,IL,פקעלך,Unknown,0.00,יחידה,false,,3.90,0.0000,true,1,68485
7290005325618,false,מארז ממתקים ביג בול,,,מארז ממתקים ביג בול,Unknown,0.00,יחידה,false,,3.90,0.0000,true,1,93782
7290005325861,false,מארז ממתקים ביג בול,,,מארז ממתקים ביג בול,Unknown,0.00,יחידה,false,,3.90,0.0000,true,1,104105
7290005358371,false,בשר מס 8 שריר קפוא ח,,,בשר מס 8 שריר קפוא ח,קילוגרמים,1.00,"ק""ג",true,,34.90,34.9000,true,1,92659
7290005358739,false,בשר ראש קפוא חלק,פריגוצאקו,,בשר ראש קפוא חלק,קילוגרמים,1.00,"ק""ג",true,,69.90,69.9000,true,1,103487
7290005358883,false,בשר מס 8 שריר קפוא ח,טאק טורו,,בשר מס 8 שריר קפוא ח,קילוגרמים,1.00,"ק""ג",true,,34.90,34.9000,true,1,99456
7290005416019,false,חלב עיזים מחלבת טל 1,"ל.ד בר אל בע""מ",IL,חלב עיזים מחלבת טל 1,קילוגרמים,1.00,ליטר,false,,14.90,14.9000,true,1,54569
7290005416033,false,משקה יוגורט עיזים טל,"ל.ד בר אל בע""מ",IL,משקה יוגורט עיזים טל,מיליליטרים,500.00,"100 מ""ל",false,,12.90,2.5800,true,1,54575
7290005416095,false,גבינה עיזים 5% טל 20,"ל.ד בר אל בע""מ",IL,גבינה עיזים 5% טל 20,גרמים,200.00,100 גרם,false,,14.80,7.4000,true,1,54571
7290005416262,false,משקה יוגורט עיזים תו,"ל.ד בר אל בע""מ",IL,משקה יוגורט עיזים תו,גרמים,200.00,100 גרם,false,,12.90,6.4500,true,1,54577
7290005416279,false,משקה יוגורט עיזים פי,"ל.ד בר אל בע""מ",IL,משקה יוגורט עיזים פי,גרמים,500.00,100 גרם,false,,12.90,2.5800,true,1,54576
7290005416286,false,משקה יוגורט עיזים אנ,"ל.ד בר אל בע""מ",IL,משקה יוגורט עיזים אנ,מיליליטרים,500.00,"100 מ""ל",false,,12.90,2.5800,true,1,54578
7290005416293,false,משקה יוגורט עיזים מש,"ל.ד בר אל בע""מ",IL,משקה יוגורט עיזים מש,גרמים,200.00,100 גרם,false,,12.90,6.4500,true,1,54579
7290005416491,false,משקה יוגורט עיזים טל,מחלבת טל טלה,IL,משקה יוגורט עיזים טל,גרמים,750.00,100 גרם,false,,14.90,1.9867,true,1,76151
7290005416613,false,יוגורט כבשים מחלב מל,מחלבת טל טלה,IL,יוגורט כבשים מחלב מל,מיליליטרים,400.00,"100 מ""ל",false,,12.90,3.2250,true,1,115541
7290005418709,false,קרם לחות נטורל לשיער,אמיליה קוסמטיקס,IL,קרם לחות נטורל לשיער,מיליליטרים,400.00,"100 מ""ל",false,,20.70,5.1750,true,1,46101
7290005423253,false,תרסיס מקסימה למייבש,סנו,IL,תרסיס מקסימה למייבש,מיליליטרים,750.00,"100 מ""ל",false,,14.90,1.9867,true,1,46104
7290005423567,false,מטליות לניקוי כללי ב,זינרגד,IL,מטליות לניקוי כללי ב,Unknown,0.00,יחידה,false,,18.90,0.0000,true,1,46116
7290005423734,false,מרכך מקסימה אולטרא פ,סנו,IL,מרכך מקסימה אולטרא פ,קילוגרמים,4.00,ליטר,false,,19.80,4.9500,true,1,46118
7290005423871,false,משחת אורביטול פלואור,טרופיקל דגיל,IL,משחת אורביטול פלואור,גרמים,435.00,100 גרם,false,,14.90,3.4253,true,1,46120
7290005423918,false,מרכך מקסימה בייבי אל,סנו,IL,מרכך מקסימה בייבי אל,קילוגרמים,4.00,ליטר,false,,19.80,4.9500,true,1,46121
7290005424472,false,מי פה אורביטול הלבנה,סנו,IL,מי פה אורביטול הלבנה,קילוגרמים,1.00,ליטר,false,,26.90,26.9000,true,1,89697
7290005424700,false,תרסיס פורטה פלוס מסי,סנו,IL,תרסיס פורטה פלוס מסי,קילוגרמים,1.00,ליטר,false,,14.90,14.9000,true,1,96853
7290005424762,false,ריצפז + דוחה תיקנים,סנו,IL,ריצפז + דוחה תיקנים,קילוגרמים,2.00,ליטר,false,,24.90,12.4500,true,1,46130
7290005424991,false,מבשם אויר סנו פרש או,סנו,IL,מבשם אויר סנו פרש או,מיליליטרים,250.00,"100 מ""ל",false,,11.90,4.7600,true,1,103430
7290005425073,false,מטהר סנו דאופרש יסמי,סנו,IL,מטהר סנו דאופרש יסמי,גרמים,300.00,100 גרם,false,,9.90,3.3000,true,1,46139
7290005425110,false,תרסיס סנו 99.9 חיטוי,סנו,IL,תרסיס סנו 99.9 חיטוי,מיליליטרים,750.00,"100 מ""ל",false,,10.90,1.4533,true,1,99895
7290005425127,false,תרסיס סנו 99.9 חיטוי,סנו,IL,תרסיס סנו 99.9 חיטוי,מיליליטרים,750.00,"100 מ""ל",false,,10.90,1.4533,true,1,99896
7290005425646,false,תרסיס סנוקליר 1 ליטר,סנו,IL,תרסיס סנוקליר 1 ליטר,קילוגרמים,1.00,ליטר,false,,8.90,8.9000,true,1,46147
7290005425912,false,גל אוקסיגן 4 ליטר,סנו,IL,גל אוקסיגן 4 ליטר,קילוגרמים,4.00,ליטר,false,,29.90,7.4750,true,1,40958
7290005426018,false,אל סבון בייבי כיף 2,קוסמופארם,IL,אל סבון בייבי כיף 2,קילוגרמים,2.00,ליטר,false,,24.90,12.4500,true,1,46151
7290005426193,false,ספוג הפלא סנו סושי 6,U F O,IL,ספוג הפלא סנו סושי 6,Unknown,0.00,יחידה,false,,8.90,0.0000,true,1,46153
7290005426568,false,קרם לחות קרמה לשיער,קוסמופארם,IL,קרם לחות קרמה לשיער,מיליליטרים,400.00,"100 מ""ל",false,,16.90,4.2250,true,1,46159
7290005426575,false,קרם לחות קרמה לשיער,קוסמופארם,IL,קרם לחות קרמה לשיער,מיליליטרים,400.00,"100 מ""ל",false,,16.90,4.2250,true,1,46160
7290005426629,false,מטהר סנו דאופרש דובד,סנו,IL,מטהר סנו דאופרש דובד,מיליליטרים,300.00,"100 מ""ל",false,,9.90,3.3000,true,1,57507
7290005426803,false,מ.כביסה מקסימה פצולי,סנו,,מ.כביסה מקסימה פצולי,קילוגרמים,4.00,ליטר,false,,19.80,4.9500,true,1,46164
7290005426940,false,קוטל K300 פלוס 8 סנו,סנו,IL,קוטל K300 פלוס 8 סנו,מיליליטרים,400.00,"100 מ""ל",false,,17.90,4.4750,true,1,46168
7290005426971,false,סנובון כחול תפוח 3 י,סנו,IL,סנובון כחול תפוח 3 י,גרמים,165.00,100 גרם,false,,12.90,7.8182,true,1,46170
7290005427633,false,גל כיף לעיצוב שיער 1,קוסמופארם,IL,גל כיף לעיצוב שיער 1,פריט,1.00,"ק""ג",false,,19.90,19.9000,true,1,46195
7290005427732,false,אלסבון כיף קמומיל 2,קוסמופארם,IL,אלסבון כיף קמומיל 2,קילוגרמים,2.00,ליטר,false,,13.90,6.9500,true,1,46198
7290005427749,false,אלסבון כיף אצות ים 2,קוסמופארם,IL,אלסבון כיף אצות ים 2,קילוגרמים,2.00,ליטר,false,,13.90,6.9500,true,1,46199
7290005427756,false,אלסבון כיף אלוורה 2,קוסמופארם,IL,אלסבון כיף אלוורה 2,קילוגרמים,2.00,ליטר,false,,13.90,6.9500,true,1,63281
7290005427763,false,אלסבון כיף גינסינג 2,קוסמופארם,IL,אלסבון כיף גינסינג 2,קילוגרמים,2.00,ליטר,false,,13.90,6.9500,true,1,46200
7290005427770,false,קרם לחות קרמה לשיער,קוסמופארם,IL,קרם לחות קרמה לשיער,מיליליטרים,400.00,"100 מ""ל",false,,16.90,4.2250,true,1,46201
7290005427848,false,מטליות לניקוי כללי ב,זינרגד,IL,מטליות לניקוי כללי ב,Unknown,0.00,יחידה,false,,18.90,0.0000,true,1,46203
7290005429279,false,אבקת מקסימה גאוול 6,סנו,IL,אבקת מקסימה גאוול 6,פריט,6.00,"ק""ג",false,,39.90,6.6500,true,1,46226
7290005429286,false,"אבקת מקסימה ביו 6 ק""",סנו,IL,"אבקת מקסימה ביו 6 ק""",פריט,6.00,"ק""ג",false,,39.90,6.6500,true,1,46227
7290005430602,false,"תרסיס אוקסיגן 750 מ""",סנו,IL,"תרסיס אוקסיגן 750 מ""",מיליליטרים,750.00,"100 מ""ל",false,,14.90,1.9867,true,1,46231
7290005437069,false,שמן זית למאור טעמן 1,,,שמן זית למאור טעמן 1,קילוגרמים,1.00,ליטר,false,,15.90,15.9000,true,1,46241
7290005437168,false,שמן זית זך טעמן 1 לי,סובנה,ES,שמן זית זך טעמן 1 לי,קילוגרמים,1.00,ליטר,false,,35.90,35.9000,true,1,46243
7290005437502,false,פטריות חתוכות טעמן 4,פרוצאמפ,NL,פטריות חתוכות טעמן 4,גרמים,400.00,100 גרם,false,,4.90,1.2250,true,1,46247
7290005437755,false,פסטה צינורות טעמן 50,מוטלו,TR,פסטה צינורות טעמן 50,גרמים,500.00,100 גרם,false,,3.90,0.7800,true,1,46248
7290005437762,false,פסטה ספירלה טעמן 500,מוטלו,TR,פסטה ספירלה טעמן 500,גרמים,500.00,100 גרם,false,,3.90,0.7800,true,1,46249
7290005437861,false,לפתן קוקטייל טעמן 90,פ.ת גרייט פנאפל,ID,לפתן קוקטייל טעמן 90,גרמים,900.00,100 גרם,false,,11.70,1.3000,true,1,46255
7290005437939,false,ספגטיני טעמן 500 גרם,,,ספגטיני טעמן 500 גרם,גרמים,500.00,100 גרם,false,,3.90,0.7800,true,1,46256
7290005559990,false,בצק פילאס תורכי מעדנ,מעדנות,IL,בצק פילאס תורכי מעדנ,גרמים,600.00,100 גרם,false,,17.90,2.9833,true,1,55500
7290005576010,false,חסה ערבית גלאט,רביבים,IL,חסה ערבית גלאט,Unknown,0.00,יחידה,false,,7.90,0.0000,true,1,41080
7290005576027,false,פטרוזיליה מהדרין,רביבים,IL,פטרוזיליה מהדרין,Unknown,0.00,יחידה,false,,6.90,0.0000,true,1,56104
7290005576034,false,כוסברה מהדרין,רביבים,IL,כוסברה מהדרין,Unknown,0.00,יחידה,false,,6.90,0.0000,true,1,56105
7290005576041,false,שמיר מהדרין,רביבים,IL,שמיר מהדרין,Unknown,0.00,יחידה,false,,6.90,0.0000,true,1,56106
7290005576065,false,סלרי מהדרין,רביבים,IL,סלרי מהדרין,Unknown,0.00,יחידה,false,,7.90,0.0000,true,1,56108
7290005576072,false,עלי סלק מהדרין,רביבים,IL,עלי סלק מהדרין,Unknown,0.00,יחידה,false,,7.90,0.0000,true,1,56109
7290005576089,false,בצל ירוק גלאט,רביבים,IL,בצל ירוק גלאט,Unknown,0.00,יחידה,false,,7.90,0.0000,true,1,56110
7290005576096,false,כרוב לבן גלאט עלים,רביבים,IL,כרוב לבן גלאט עלים,קילוגרמים,1.00,"ק""ג",true,,14.90,14.9000,true,1,56111
7290005576171,false,כרוב אדום גלאט עלים,רביבים,IL,כרוב אדום גלאט עלים,קילוגרמים,1.00,"ק""ג",true,,15.60,15.6000,true,1,62703
7290005576201,false,כרוב לבן 400 גרם,רביבים,IL,כרוב לבן 400 גרם,גרמים,400.00,100 גרם,false,,11.90,2.9750,true,1,46289
7290005610127,false,תפוח אדמה גורמה,אראל תוצרת חקלאית בע,IL,תפוח אדמה גורמה,Unknown,0.00,יחידה,false,,17.90,0.0000,true,1,88273
7290005678059,false,ענבים ירוקים ענבי טל,,IL,ענבים ירוקים ענבי טל,קילוגרמים,1.00,"ק""ג",true,,19.90,19.9000,true,1,117836
7290005678318,false,ענבי בוטיק אוטום קרי,אראל תוצרת חקלאית בע,IL,ענבי בוטיק אוטום קרי,קילוגרמים,1.00,"ק""ג",true,,19.90,19.9000,true,1,112982
7290005678653,false,ענבים צבעוניים ענבי,אראל תוצרת חקלאית בע,IL,ענבים צבעוניים ענבי,קילוגרמים,1.00,"ק""ג",true,,19.90,19.9000,true,1,117915
7290005680052,false,טמפונים אובה פרוקומפ,גונסון אנד גונסון,IT,טמפונים אובה פרוקומפ,Unknown,0.00,יחידה,false,,19.90,0.0000,true,1,60083
7290005816017,false,פילה סלמון קפוא צ'יר,,,פילה סלמון קפוא צ'יר,קילוגרמים,1.00,"ק""ג",true,,64.90,64.9000,true,1,116531
7290005816413,false,פילה נסיכת הנילוס צ',,AR,פילה נסיכת הנילוס צ',קילוגרמים,1.00,"ק""ג",true,,39.90,39.9000,true,1,117750
7290005816505,false,פילה אמנון צ'ירינה ל,,,פילה אמנון צ'ירינה ל,קילוגרמים,1.00,"ק""ג",true,,29.90,29.9000,true,1,115739
7290005838002,false,דניאלה וניל 88 גרם,שטראוס,IL,דניאלה וניל 88 גרם,Unknown,0.00,יחידה,false,,3.90,0.0000,true,1,42838
7290005838613,false,מעדן גבינה בטעם וניל,שטראוס,IL,מעדן גבינה בטעם וניל,גרמים,125.00,100 גרם,false,,3.70,2.9600,true,1,66298
7290005839078,false,מארז יוגורט פרוביוטי,שטראוס,IL,מארז יוגורט פרוביוטי,קילוגרמים,1.20,ליטר,false,,15.90,13.2500,true,1,46344
7290005839108,false,גבינת שמנת זיתים 5%,שטראוס,IL,גבינת שמנת זיתים 5%,גרמים,200.00,100 גרם,false,,10.40,5.2000,true,1,42839
7290005896439,false,בירה מכבי ב.חוזר 5%,טמפו,IL,בירה מכבי ב.חוזר 5%,מיליליטרים,500.00,"100 מ""ל",false,,6.90,1.3800,true,1,67187
7290005966033,false,יין הר חרמון לבן,יקב רמת הגולן,IL,יין הר חרמון לבן,מיליליטרים,750.00,"100 מ""ל",false,,29.90,3.9867,true,1,46354
7290006065049,false,פילה לברק הדייג שלי,,IL,פילה לברק הדייג שלי,קילוגרמים,1.00,"ק""ג",true,,42.90,42.9000,true,1,117969
7290006199027,false,מאגדת גלידל  שלגון ב,הגלידות של פלדמן,IL,מאגדת גלידל  שלגון ב,גרמים,400.00,100 גרם,false,,28.90,7.2250,true,1,118941
7290006199218,false,מאגדת גלידל  שלגון ב,הגלידות של פלדמן,IL,מאגדת גלידל  שלגון ב,גרמים,400.00,100 גרם,false,,28.90,7.2250,true,1,118942
7290006199942,false,מאגדת גלידל פרי דובד,הגלידות של פלדמן,IL,מאגדת גלידל פרי דובד,גרמים,640.00,100 גרם,false,,18.90,2.9531,true,1,106408
7290006214003,false,חלוה ממולאת במשקל,אל מנאר,JO,חלוה ממולאת במשקל,קילוגרמים,1.00,"ק""ג",true,,59.00,59.0000,true,1,101454
7290006222497,false,פקאן מצופה בטעמים במ,שקדיה,IL,פקאן מצופה בטעמים במ,קילוגרמים,1.00,"ק""ג",true,,99.00,99.0000,true,1,104160
7290006241511,false,תרכיז לימונענע קפוא,פריגת מצוננים,IL,תרכיז לימונענע קפוא,גרמים,340.00,100 גרם,false,,9.90,2.9118,true,1,39967
7290006241535,false,תרכיז מנגו קפוא פריג,פריגת מצוננים,IL,תרכיז מנגו קפוא פריג,גרמים,350.00,100 גרם,false,,9.90,2.8286,true,1,39966
7290006251275,false,תה ירוק סיני 25 שקיק,ויסוצקי,IL,תה ירוק סיני 25 שקיק,גרמים,38.00,100 גרם,false,,21.50,56.5789,true,1,61034
7290006251343,false,תה פסיפלורה מנגו הגן,ויסוצקי,IL,תה פסיפלורה מנגו הגן,גרמים,63.00,100 גרם,false,,15.90,25.2381,true,1,61083
7290006251374,false,תה ירוק לימונית וגינ,ויסוצקי,IL,תה ירוק לימונית וגינ,גרמים,38.00,100 גרם,false,,21.50,56.5789,true,1,61036
7290006251589,false,תה ירוק נענע 50 שקיק,ויסוצקי,IL,תה ירוק נענע 50 שקיק,גרמים,75.00,100 גרם,false,,36.90,49.2000,true,1,39919
7290006265500,false,פטריות שמפיניון ארוז,מרינה פטריות,IL,פטריות שמפיניון ארוז,Unknown,0.00,יחידה,false,,8.90,0.0000,true,1,62866
7290006265548,false,נבטים סינים יח,מרינה,IL,נבטים סינים יח,Unknown,0.00,יחידה,false,,5.90,0.0000,true,1,66423
7290006265890,false,נבטי חמניה יח,מרינה,IL,נבטי חמניה יח,Unknown,0.00,יחידה,false,,8.90,0.0000,true,1,66425
7290006271648,false,מיני בורקס תפוא מעדנ,מעדנות,IL,מיני בורקס תפוא מעדנ,גרמים,800.00,100 גרם,false,,19.90,2.4875,true,1,43397
7290006271655,false,מיני בורקס גבינה מעד,מעדנות,IL,מיני בורקס גבינה מעד,גרמים,800.00,100 גרם,false,,19.90,2.4875,true,1,43396
7290006299604,false,יין ירושלים קולקשיין,אנטי  פוד משקאות,IL,יין ירושלים קולקשיין,מיליליטרים,750.00,"100 מ""ל",false,,69.90,9.3200,true,1,109102
7290006299642,false,יין ירושלים קולקשיין,אנטי  פוד משקאות,IL,יין ירושלים קולקשיין,מיליליטרים,750.00,"100 מ""ל",false,,99.90,13.3200,true,1,109106
7290006306296,false,רביולי גבינה נונה 40,פסטה נונה,IL,רביולי גבינה נונה 40,גרמים,400.00,100 גרם,false,,18.90,4.7250,true,1,59058
7290006306302,false,רביולי פרמזן וריקוטה,פסטה נונה,IL,רביולי פרמזן וריקוטה,גרמים,400.00,100 גרם,false,,18.90,4.7250,true,1,46437
7290006306319,false,רביולי בטטה נונה 400,פסטה נונה,IL,רביולי בטטה נונה 400,גרמים,400.00,100 גרם,false,,18.90,4.7250,true,1,46438
7290006306326,false,רביולי פטריות ופרמזן,פסטה נונה,IL,רביולי פטריות ופרמזן,גרמים,400.00,100 גרם,false,,18.90,4.7250,true,1,46439
7290006306357,false,רביולי גבינת עיזים נ,פסטה נונה,IL,רביולי גבינת עיזים נ,גרמים,400.00,100 גרם,false,,18.90,4.7250,true,1,39962
7290006342072,false,גרעין לבן 200 גרם יח,דין שיווק,IL,גרעין לבן 200 גרם יח,גרמים,200.00,100 גרם,false,,6.50,3.2500,true,1,48612
7290006342447,false,גרעין אבטיח 200 גרם,דין שיווק,IL,גרעין אבטיח 200 גרם,גרמים,200.00,100 גרם,false,,12.40,6.2000,true,1,48615
7290006342645,false,טורטיות 12*70 גרם,,TR,טורטיות 12*70 גרם,מיליליטרים,840.00,"100 מ""ל",false,,14.90,1.7738,true,1,65965
7290006374660,false,שמן זית קלאסי יד מרד,יד מרדכי,IL,שמן זית קלאסי יד מרד,קילוגרמים,1.00,ליטר,false,,39.90,39.9000,true,1,77939
7290006374738,false,קונפיטורה תות יד מרד,יד מרדכי,IL,קונפיטורה תות יד מרד,גרמים,340.00,100 גרם,false,,12.90,3.7941,true,1,77941
7290006429506,false,לפתן אפרסק טעמן 820,,,לפתן אפרסק טעמן 820,גרמים,820.00,100 גרם,false,,9.70,1.1829,true,1,46464
7290006449955,false,מלפפון בייבי מארז,מרינה,IL,מלפפון בייבי מארז,Unknown,0.00,יחידה,false,,8.90,0.0000,true,1,73681
7290006492432,false,גבינת מוצרלה בייבי 1,מחלבות גד,IL,גבינת מוצרלה בייבי 1,גרמים,150.00,100 גרם,false,,12.90,8.6000,true,1,60600
7290006492685,false,לאבנה עיזים 5% גד 25,מחלבות גד,IL,לאבנה עיזים 5% גד 25,גרמים,250.00,100 גרם,false,,12.90,5.1600,true,1,46479
7290006492852,false,גבינה עיזים 5% גד 25,מחלבות גד,IL,גבינה עיזים 5% גד 25,גרמים,250.00,100 גרם,false,,15.90,6.3600,true,1,46481
7290006497130,false,קישקע פרווה רובינפלד,,,קישקע פרווה רובינפלד,גרמים,500.00,100 גרם,false,,15.90,3.1800,true,1,83855
7290006560988,false,קערה מעוטרת בינונית,בי רייט,CN,קערה מעוטרת בינונית,Unknown,0.00,יחידה,false,,19.90,0.0000,true,1,95990
7290006561039,false,קערה מרובעת שקופה קט,הנג טונג,CN,קערה מרובעת שקופה קט,Unknown,0.00,יחידה,false,,19.90,0.0000,true,1,95992
7290006561121,false,קערה 2 פסים ענקית לס,הנג טונג,CN,קערה 2 פסים ענקית לס,Unknown,0.00,יחידה,false,,19.90,0.0000,true,1,97693
7290006561138,false,קערה 3 פסים קטנות לס,הנג טונג,CN,קערה 3 פסים קטנות לס,Unknown,0.00,יחידה,false,,19.90,0.0000,true,1,97694
7290006582355,false,סילאן שקדיה 900 גרם,,IL,סילאן שקדיה 900 גרם,גרמים,900.00,100 גרם,false,,9.90,1.1000,true,1,59438
7290006664051,false,אקטימל דנונה 14*100,שטראוס,IL,אקטימל דנונה 14*100,קילוגרמים,1.40,ליטר,false,,28.90,20.6429,true,1,42841
7290006664402,false,גבינה 5% סקי 750 גרם,שטראוס,IL,גבינה 5% סקי 750 גרם,גרמים,750.00,100 גרם,false,,12.90,1.7200,true,1,48974
7290006664532,false,דנונה פרי תות 150 גר,שטראוס,IL,דנונה פרי תות 150 גר,גרמים,150.00,100 גרם,false,,3.50,2.3333,true,1,76193
7290006664655,false,אקטימל דנונה 8*100 מ,שטראוס,IL,אקטימל דנונה 8*100 מ,מיליליטרים,800.00,"100 מ""ל",false,,19.90,2.4875,true,1,42846
7290006664693,false,דנונה פרי אפרסק 150,שטראוס,IL,דנונה פרי אפרסק 150,מיליליטרים,150.00,"100 מ""ל",false,,3.50,2.3333,true,1,76194
7290006664990,false,מארז יוגורט פרוביוטי,שטראוס,IL,מארז יוגורט פרוביוטי,קילוגרמים,1.20,ליטר,false,,15.90,13.2500,true,1,46561
7290006681003,false,שרבט קרמיסימו תות לי,גלידות שטראוס,IL,שרבט קרמיסימו תות לי,קילוגרמים,1.33,ליטר,false,,16.90,12.7068,true,1,43303
7290006681553,false,קרמבו וניל שטראוס 8,שטראוס,IL,קרמבו וניל שטראוס 8,גרמים,200.00,100 גרם,false,,12.90,6.4500,true,1,113531
7290006681560,false,קרמבו מוקה שטראוס 8,שטראוס,IL,קרמבו מוקה שטראוס 8,גרמים,200.00,100 גרם,false,,12.90,6.4500,true,1,113532
7290006696717,false,תירוש לבן אפרת 1 ליט,יקב טפרברג 1870 בעמ,IL,תירוש לבן אפרת 1 ליט,קילוגרמים,1.00,ליטר,false,,14.90,14.9000,true,1,61687
7290006712981,false,משחת קולגייט ילדים ב,קולגייט פלמוליב,PL,משחת קולגייט ילדים ב,מיליליטרים,50.00,"100 מ""ל",false,,11.90,23.8000,true,1,73996
7290006730084,false,שלוקים פופלי אייס 8,קלית סיטבון בעמ,IL,שלוקים פופלי אייס 8,מיליליטרים,800.00,"100 מ""ל",false,,5.90,0.7375,true,1,89849
7290006730398,false,טרופיק קש 40 יח,קלית סיטבון בעמ,IL,טרופיק קש 40 יח,מיליליטרים,200.00,"100 מ""ל",false,,29.90,14.9500,true,1,61820
7290006730473,false,איגלו קרטיבון 50 יח,קלית סיטבון בעמ,IL,איגלו קרטיבון 50 יח,קילוגרמים,1.50,ליטר,false,,7.90,5.2667,true,1,116412
7290006739131,false,בצק פילו זוגלובק 500,מאפיית אריאל,IL,בצק פילו זוגלובק 500,גרמים,500.00,100 גרם,false,,11.90,2.3800,true,1,71531
7290006739407,false,שניצל תירס לייט זוגל,זוגלובק,IL,שניצל תירס לייט זוגל,גרמים,630.00,100 גרם,false,,21.90,3.4762,true,1,55492
7290006739445,false,שניצל תירס זוגלובק 7,זוגלובק,IL,שניצל תירס זוגלובק 7,גרמים,750.00,100 גרם,false,,21.90,2.9200,true,1,49614
7290006741363,false,בורקס תפוא זוגלובק 8,זוגלובק,IL,בורקס תפוא זוגלובק 8,גרמים,800.00,100 גרם,false,,13.90,1.7375,true,1,46568
7290006741387,false,מלוואח זוגלובק 700 ג,זוגלובק,IL,מלוואח זוגלובק 700 ג,גרמים,700.00,100 גרם,false,,12.90,1.8429,true,1,46569
7290006764065,false,בירה נשר מאלט ב.חוזר,טמפו,IL,בירה נשר מאלט ב.חוזר,מיליליטרים,500.00,"100 מ""ל",false,,4.80,0.9600,true,1,59482
7290006764072,false,בירה גולדסטאר ב.חוזר,טמפו,IL,בירה גולדסטאר ב.חוזר,מיליליטרים,500.00,"100 מ""ל",false,,7.90,1.5800,true,1,59481
7290006764157,false,בירה גולדסטאר לא מסו,טמפו,IL,בירה גולדסטאר לא מסו,מיליליטרים,500.00,"100 מ""ל",false,,7.90,1.5800,true,1,101659
7290006764270,false,מארז סודה בטעם אשכול,טמפו,IL,מארז סודה בטעם אשכול,קילוגרמים,6.00,ליטר,false,,10.90,1.8167,true,1,118166
7290006765000,false,טורטיות חיטה מלאה 12,,TR,טורטיות חיטה מלאה 12,גרמים,540.00,100 גרם,false,,9.90,1.8333,true,1,65966
7290006775016,false,עוגת תפוז אחוה 450 ג,אחדות ביחר לטחינה חל,IL,עוגת תפוז אחוה 450 ג,גרמים,450.00,100 גרם,false,,8.90,1.9778,true,1,40610
7290006775023,false,עוגה אנגלית אחוה 450,אחדות ביחר לטחינה חל,IL,עוגה אנגלית אחוה 450,גרמים,450.00,100 גרם,false,,8.90,1.9778,true,1,40611
7290006775030,false,עוגת שוקולד ציפס אחו,אחדות ביחר לטחינה חל,IL,עוגת שוקולד ציפס אחו,גרמים,450.00,100 גרם,false,,8.90,1.9778,true,1,40612
7290006775047,false,עוגת שוקולד אחוה 450,אחדות ביחר לטחינה חל,IL,עוגת שוקולד אחוה 450,גרמים,450.00,100 גרם,false,,8.90,1.9778,true,1,40613
7290006775054,false,עוגת שיש אחוה 450 גר,אחדות ביחר לטחינה חל,IL,עוגת שיש אחוה 450 גר,גרמים,450.00,100 גרם,false,,8.90,1.9778,true,1,40614
7290006775085,false,עוגת שמרים שוקולד אח,אחדות ביחר לטחינה חל,IL,עוגת שמרים שוקולד אח,גרמים,400.00,100 גרם,false,,8.90,2.2250,true,1,40616
7290006775191,false,מאפין במילוי שוקולד,אחדות ביחר לטחינה חל,IL,מאפין במילוי שוקולד,גרמים,50.00,100 גרם,false,,1.30,2.6000,true,1,40619
7290006775306,false,מאפין במילוי תות אחו,אחדות ביחר לטחינה חל,IL,מאפין במילוי תות אחו,גרמים,50.00,100 גרם,false,,1.30,2.6000,true,1,40780
7290006775344,false,עוגת שמרים במילוי קר,אחדות ביחר לטחינה חל,IL,עוגת שמרים במילוי קר,גרמים,400.00,100 גרם,false,,8.90,2.2250,true,1,40626
7290006775764,false,עוגת שוקולד ציפס ללא,אחדות ביחר לטחינה חל,IL,עוגת שוקולד ציפס ללא,גרמים,400.00,100 גרם,false,,10.90,2.7250,true,1,40631
7290006775801,false,רוגעלך בטעם שוקולד א,אחדות ביחר לטחינה חל,IL,רוגעלך בטעם שוקולד א,גרמים,400.00,100 גרם,false,,8.90,2.2250,true,1,55967
7290006788429,false,דאו רול און קרליין ס,אמיליה קוסמטיקס,IL,דאו רול און קרליין ס,גרמים,75.00,100 גרם,false,,11.70,15.6000,true,1,60292
7290006788436,false,דאו רול און קרליין פ,אמיליה קוסמטיקס,IL,דאו רול און קרליין פ,גרמים,75.00,100 גרם,false,,11.70,15.6000,true,1,60293
7290006788443,false,דאו רול און קרליין א,אמיליה קוסמטיקס,IL,דאו רול און קרליין א,גרמים,75.00,100 גרם,false,,11.70,15.6000,true,1,60294
7290006788498,false,דאו ספריי קרליין נוש,אמיליה קוסמטיקס,IL,דאו ספריי קרליין נוש,מיליליטרים,200.00,"100 מ""ל",false,,11.70,5.8500,true,1,46610
7290006788504,false,דאו ספריי קרליין נוש,אמיליה קוסמטיקס,IL,דאו ספריי קרליין נוש,מיליליטרים,200.00,"100 מ""ל",false,,11.70,5.8500,true,1,46611
7290006805355,false,תערובת להכנת כדורי ש,פוליבה,IL,תערובת להכנת כדורי ש,גרמים,500.00,100 גרם,false,,14.90,2.9800,true,1,46614
7290006822192,false,נקטר חמוציות דיאט או,פריגת,IL,נקטר חמוציות דיאט או,קילוגרמים,1.00,ליטר,false,,9.90,9.9000,true,1,49235
7290006873460,false,מיץ ענבים אדום 100%,יקב ירושלים,IL,מיץ ענבים אדום 100%,קילוגרמים,1.00,ליטר,false,,12.90,12.9000,true,1,63673
7290006983152,false,קרוטונים למרק אסם 40,עינת,IL,קרוטונים למרק אסם 40,גרמים,400.00,100 גרם,false,,16.90,4.2250,true,1,46654
7290006983176,false,לחמית שיפון 230 גרם,אסם,IL,לחמית שיפון 230 גרם,גרמים,230.00,100 גרם,false,,7.50,3.2609,true,1,46655
7290006983206,false,אבקת פלאפל אסם 180 ג,אסם,IL,אבקת פלאפל אסם 180 ג,גרמים,180.00,100 גרם,false,,9.50,5.2778,true,1,56302
7290006983527,false,עוגת תפוח עץ פרורים,אסם,IL,עוגת תפוח עץ פרורים,גרמים,400.00,100 גרם,false,,14.90,3.7250,true,1,40636
7290006983770,false,עוגת שיש אסם 400 גרם,אסם,IL,עוגת שיש אסם 400 גרם,גרמים,400.00,100 גרם,false,,10.90,2.7250,true,1,40638
7290006983787,false,עוגת שוקולד ציפס אסם,אסם,IL,עוגת שוקולד ציפס אסם,גרמים,400.00,100 גרם,false,,10.90,2.7250,true,1,40639
7290006983794,false,עוגת תפוז אסם 380 גר,אסם,IL,עוגת תפוז אסם 380 גר,גרמים,400.00,100 גרם,false,,10.90,2.7250,true,1,40640
7290006992161,false,דייסת קורנפלור מטרנה,מטרנה,IL,דייסת קורנפלור מטרנה,גרמים,200.00,100 גרם,false,,12.90,6.4500,true,1,46658
7290006992185,false,דייסת אורז מטרנה 200,מטרנה,IL,דייסת אורז מטרנה 200,גרמים,200.00,100 גרם,false,,12.90,6.4500,true,1,46660
7290006992208,false,דייסת דגנים מעורבים,מטרנה,IL,דייסת דגנים מעורבים,גרמים,200.00,100 גרם,false,,12.90,6.4500,true,1,46662
7290006992390,false,דייסת וניל מטרנה 200,מטרנה,IL,דייסת וניל מטרנה 200,גרמים,200.00,100 גרם,false,,12.90,6.4500,true,1,46664
7290008154222,false,שניצלונים עוף טוב 70,עוף טוב,IL,שניצלונים עוף טוב 70,גרמים,700.00,100 גרם,false,,14.90,2.1286,true,1,47440
7290008190985,false,סוכריות על מקל בטעם,כרמית,IL,סוכריות על מקל בטעם,גרמים,500.00,100 גרם,false,,12.90,2.5800,true,1,47452
7290008194266,false,חטיפים מעורב 350 גרם,ממתקי השלום,IL,חטיפים מעורב 350 גרם,גרמים,350.00,100 גרם,false,,12.90,3.6857,true,1,41751
7290008194501,false,בוטנים קרמל מלוח/ציפ,ממתקי השלום,IL,בוטנים קרמל מלוח/ציפ,גרמים,250.00,100 גרם,false,,12.90,5.1600,true,1,105938
7290008194754,false,מארז שומשום וחמוציות,ממתקי השלום,IL,מארז שומשום וחמוציות,גרמים,200.00,100 גרם,false,,12.90,6.4500,true,1,93736
7290008194761,false,מארז בוטנים וחמוציות,ממתקי השלום,IL,מארז בוטנים וחמוציות,גרמים,200.00,100 גרם,false,,12.90,6.4500,true,1,93737
7290008194839,false,חטיפים מצופים 300 גר,ממתקי השלום,IL,חטיפים מצופים 300 גר,גרמים,300.00,100 גרם,false,,12.90,4.3000,true,1,85871
7290008257008,false,מסרק סמיך אריסטוקרט,אריסטוקרט,CN,מסרק סמיך אריסטוקרט,Unknown,0.00,יחידה,false,,10.90,0.0000,true,1,48883
7290008257138,false,פטמות לבקבוק צר אריס,אריסטוקרט,,פטמות לבקבוק צר אריס,Unknown,0.00,יחידה,false,,4.90,0.0000,true,1,47458
7290008257169,false,פלסטר אריסטוקרט 100,אריסטוקרט,CN,פלסטר אריסטוקרט 100,Unknown,0.00,יחידה,false,,6.90,0.0000,true,1,47460
7290008257206,false,מברשת לניקוי בקבוקים,אריסטוקרט,,מברשת לניקוי בקבוקים,Unknown,0.00,יחידה,false,,4.90,0.0000,true,1,47463
7290008257275,false,פטמות לבקבוק רחב ארי,אריסטוקרט,,פטמות לבקבוק רחב ארי,Unknown,0.00,יחידה,false,,11.90,0.0000,true,1,47469
7290008257411,false,סינר מגבת לתינוק ארי,אריסטוקרט,,סינר מגבת לתינוק ארי,Unknown,0.00,יחידה,false,,13.90,0.0000,true,1,66463
7290008257558,false,מבריק נעליים אריסטוק,אריסטוקרט,TR,מבריק נעליים אריסטוק,Unknown,0.00,יחידה,false,,5.90,0.0000,true,1,47476
7290008257688,false,נשכן לתינוק אריסטוקר,אריסטוקרט,,נשכן לתינוק אריסטוקר,Unknown,0.00,יחידה,false,,6.90,0.0000,true,1,47479
7290008257718,false,רפידות הנקה אריסטוקר,אריסטוקרט,CN,רפידות הנקה אריסטוקר,Unknown,0.00,יחידה,false,,18.90,0.0000,true,1,47480
7290008257770,false,בקבוק רחב לתינוק ארי,אריסטוקרט,,בקבוק רחב לתינוק ארי,Unknown,0.00,יחידה,false,,19.90,0.0000,true,1,47483
7290008336796,false,בשר ראש קפוא טאק טור,פריגוצאי,,בשר ראש קפוא טאק טור,קילוגרמים,1.00,"ק""ג",true,,69.90,69.9000,true,1,47495
7290008343466,false,בצק פילו ש.האופים 50,שלושת האופים,IL,בצק פילו ש.האופים 50,גרמים,500.00,100 גרם,false,,16.90,3.3800,true,1,47503
7290008343558,false,סיגרים בשר ש.האופים,שלושת האופים,IL,סיגרים בשר ש.האופים,פריט,1.00,"ק""ג",false,,16.90,16.9000,true,1,47506
7290008343565,false,סיגרים תפוא ש.האופים,שלושת האופים,IL,סיגרים תפוא ש.האופים,פריט,1.00,"ק""ג",false,,16.90,16.9000,true,1,47507
7290008343572,false,אגרול סיני ש.האופים,שלושת האופים,IL,אגרול סיני ש.האופים,פריט,1.00,"ק""ג",false,,16.90,16.9000,true,1,47508
7290008343602,false,קובה בשר ש.האופים 1,שלושת האופים,IL,קובה בשר ש.האופים 1,פריט,1.00,"ק""ג",false,,16.90,16.9000,true,1,47511
7290008343619,false,פסטלים תפוא ש.האופים,שלושת האופים,IL,פסטלים תפוא ש.האופים,פריט,1.00,"ק""ג",false,,16.90,16.9000,true,1,47512
7290008343626,false,כדורי פלאפל ש.האופים,שלושת האופים,IL,כדורי פלאפל ש.האופים,פריט,1.00,"ק""ג",false,,16.90,16.9000,true,1,47513
7290008409049,false,שניצלונים מיני מאמא,תנובה,IL,שניצלונים מיני מאמא,גרמים,500.00,100 גרם,false,,24.90,4.9800,true,1,65530
7290008409223,false,שניצל דק דק מתובל מא,תנובה גליל,IL,שניצל דק דק מתובל מא,גרמים,700.00,100 גרם,false,,34.90,4.9857,true,1,59153
7290008409407,false,שניצל דק דק ציפס מאמ,תנובה גליל,IL,שניצל דק דק ציפס מאמ,גרמים,700.00,100 גרם,false,,34.90,4.9857,true,1,59154
7290008423014,false,פלפל שחור גרוס פרג 1,תבליני הדור השלישי,IL,פלפל שחור גרוס פרג 1,גרמים,100.00,100 גרם,false,,15.90,15.9000,true,1,47563
7290008423021,false,כמון פרג 400 גרם,תבליני הדור השלישי,IL,כמון פרג 400 גרם,גרמים,400.00,100 גרם,false,,34.90,8.7250,true,1,47564
7290008423045,false,תבלין לקציצות פרג 10,תבליני הדור השלישי,IL,תבלין לקציצות פרג 10,גרמים,100.00,100 גרם,false,,16.90,16.9000,true,1,47565
7290008423052,false,עגבניות מיובשות פרג,תבליני הדור השלישי,IL,עגבניות מיובשות פרג,גרמים,250.00,100 גרם,false,,14.90,5.9600,true,1,47566
7290008423243,false,מלח שולחן הים האדום,מלח הארץ,IL,מלח שולחן הים האדום,גרמים,650.00,100 גרם,false,,7.50,1.1538,true,1,82210
7290008423250,false,מלח גס הים האדום 630,מלח הארץ,IL,מלח גס הים האדום 630,גרמים,630.00,100 גרם,false,,7.50,1.1905,true,1,82209
7290008443616,false,מרכך נקה 7 לשיער יבש,אמיליה קוסמטיקס,IL,מרכך נקה 7 לשיער יבש,מיליליטרים,750.00,"100 מ""ל",false,,9.90,1.3200,true,1,47571
7290008455619,false,עוף מס 2 קפוא לנדא,,IL,עוף מס 2 קפוא לנדא,קילוגרמים,1.00,"ק""ג",true,,25.90,25.9000,true,1,116320
7290008455626,false,עוף מס 3 קפוא לנדא,,IL,עוף מס 3 קפוא לנדא,קילוגרמים,1.00,"ק""ג",true,,25.90,25.9000,true,1,116321
7290008455725,false,עצמות עוף קפוא לנדא,,IL,עצמות עוף קפוא לנדא,קילוגרמים,1.00,"ק""ג",true,,4.90,4.9000,true,1,115926
7290008455879,false,גרונות עוף טרי לנדא,,,גרונות עוף טרי לנדא,קילוגרמים,1.00,"ק""ג",true,,9.90,9.9000,true,1,115877
7290008464024,false,בירה גולדסטאר פחית 4,טמפו,IL,בירה גולדסטאר פחית 4,מיליליטרים,500.00,"100 מ""ל",false,,7.90,1.5800,true,1,74170
7290008464468,false,בירה גולדסטאר פחית 4,טמפו,IL,בירה גולדסטאר פחית 4,מיליליטרים,500.00,"100 מ""ל",false,,7.90,1.5800,true,1,74169
7290008464703,false,מארז בירה מכבי 5% 6,טמפו,,מארז בירה מכבי 5% 6,קילוגרמים,1.98,ליטר,false,,29.90,15.1010,true,1,47575
7290008464734,false,מארז בירה גולדסטאר 1,טמפו,IL,מארז בירה גולדסטאר 1,קילוגרמים,1.98,ליטר,false,,29.90,15.1010,true,1,90925
7290008464741,false,מארז בירה גולדסטאר 4,טמפו,IL,מארז בירה גולדסטאר 4,קילוגרמים,1.98,ליטר,false,,29.90,15.1010,true,1,47578
7290008464796,false,מארז בירה היינקן 5%,טמפו,IL,מארז בירה היינקן 5%,קילוגרמים,1.98,ליטר,false,,29.90,15.1010,true,1,47580
7290008464987,false,מארז סודה טמפו 6*1.5,טמפו,IL,מארז סודה טמפו 6*1.5,קילוגרמים,9.00,ליטר,false,,15.90,1.7667,true,1,47581
7290008466561,false,עוגיות חמניות ללא סו,אנטיקביץ,IL,עוגיות חמניות ללא סו,גרמים,350.00,100 גרם,false,,11.90,3.4000,true,1,117555
7290008466769,false,שנייק קינמון אנטקובי,אנטיקביץ,IL,שנייק קינמון אנטקובי,גרמים,600.00,100 גרם,false,,12.90,2.1500,true,1,117529
7290008466776,false,שנייק וניל אנטקוביץ,אנטיקביץ,IL,שנייק וניל אנטקוביץ,גרמים,600.00,100 גרם,false,,12.90,2.1500,true,1,117530
7290008466783,false,שנייק שוקולד אנטקובי,אנטיקביץ,IL,שנייק שוקולד אנטקובי,גרמים,600.00,100 גרם,false,,12.90,2.1500,true,1,117531
7290008466790,false,רוגלך שוקולד אנטקובי,אנטיקביץ,IL,רוגלך שוקולד אנטקובי,גרמים,600.00,100 גרם,false,,12.90,2.1500,true,1,117532
7290008470759,false,אורביט סטיקס 8*5 יח,ריגלי,FR,אורביט סטיקס 8*5 יח,גרמים,124.00,100 גרם,false,,13.90,11.2097,true,1,69480
7290008470766,false,אורביט סטיקס 8*5 יח,ריגלי,FR,אורביט סטיקס 8*5 יח,גרמים,124.00,100 גרם,false,,13.90,11.2097,true,1,69479
7290008507059,false,קציצות מרוקאיות חריפ,נתח אדום,IL,קציצות מרוקאיות חריפ,גרמים,600.00,100 גרם,false,,29.90,4.9833,true,1,114876
7290008507288,false,שווארמה הודו מתובל נ,נתח אדום,IL,שווארמה הודו מתובל נ,גרמים,400.00,100 גרם,false,,29.90,7.4750,true,1,114874
7290008507295,false,שווארמה עגל מתובל נת,נתח אדום,IL,שווארמה עגל מתובל נת,גרמים,400.00,100 גרם,false,,29.90,7.4750,true,1,114875
7290008507301,false,בריסקט עגל מתובל לתנ,נתח אדום,IL,בריסקט עגל מתובל לתנ,קילוגרמים,1.00,"ק""ג",true,,59.90,59.9000,true,1,114877
7290008507448,false,שיפודי אנטריקוט נתח,נתח אדום,IL,שיפודי אנטריקוט נתח,גרמים,400.00,100 גרם,false,,49.90,12.4750,true,1,118608
7290008545181,false,בשר עגל טחון דל שומן,,,בשר עגל טחון דל שומן,קילוגרמים,1.00,"ק""ג",true,,69.90,69.9000,true,1,114850
7290008545204,false,דלמוניקו סטייק טרי ע,,,דלמוניקו סטייק טרי ע,קילוגרמים,1.00,"ק""ג",true,,89.90,89.9000,true,1,117211
7290008597906,false,אורז יסמין שקדיה 5 ק,,TH,אורז יסמין שקדיה 5 ק,פריט,5.00,"ק""ג",false,,39.60,7.9200,true,1,49472
7290008611046,false,פילה סלמון נורווגי,,,פילה סלמון נורווגי,קילוגרמים,1.00,"ק""ג",true,,64.90,64.9000,true,1,110642
7290008611091,false,מנות פילה סלמון,,,מנות פילה סלמון,קילוגרמים,1.00,"ק""ג",true,,79.90,79.9000,true,1,117835
7290008631556,false,כרעיים עוף קפוא לנדא,,,כרעיים עוף קפוא לנדא,קילוגרמים,1.00,"ק""ג",true,,39.90,39.9000,true,1,116325
7290008631563,false,חזה עוף קפוא לנדא,,IL,חזה עוף קפוא לנדא,קילוגרמים,1.00,"ק""ג",true,,44.90,44.9000,true,1,116328
7290008631570,false,שוקיים עוף קפוא לנדא,,IL,שוקיים עוף קפוא לנדא,קילוגרמים,1.00,"ק""ג",true,,41.90,41.9000,true,1,116326
7290008631594,false,כנפיים עוף קפוא לנדא,,IL,כנפיים עוף קפוא לנדא,קילוגרמים,1.00,"ק""ג",true,,16.90,16.9000,true,1,116333
7290008631617,false,פרגיות עוף קפוא לנדא,,IL,פרגיות עוף קפוא לנדא,קילוגרמים,1.00,"ק""ג",true,,59.90,59.9000,true,1,116329
7290008636018,false,כפתורי צמקאו עם סוכר,מיה תעשיות מזון בעמ,IL,כפתורי צמקאו עם סוכר,גרמים,240.00,100 גרם,false,,9.90,4.1250,true,1,47590
7290008636193,false,כמון מיה 300 גרם,מיה תעשיות מזון בעמ,IL,כמון מיה 300 גרם,גרמים,300.00,100 גרם,false,,14.90,4.9667,true,1,47593
7290008636209,false,כורכום מיה 300 גרם,מיה תעשיות מזון בעמ,IL,כורכום מיה 300 גרם,גרמים,300.00,100 גרם,false,,14.90,4.9667,true,1,47594
7290008636216,false,אבקת שום מיה 300 גרם,מיה תעשיות מזון בעמ,IL,אבקת שום מיה 300 גרם,גרמים,300.00,100 גרם,false,,24.90,8.3000,true,1,47595
7290008645935,false,חומוס אחלה 750 גרם,,IL,חומוס אחלה 750 גרם,גרמים,750.00,100 גרם,false,,9.90,1.3200,true,1,47616
7290008670012,false,יין רקנאטי קברנה סוב,יקב רקאנטי,IL,יין רקנאטי קברנה סוב,מיליליטרים,750.00,"100 מ""ל",false,,49.90,6.6533,true,1,89565
7290008670029,false,יין רקנאטי מרלו 2016,יקב רקאנטי,IL,יין רקנאטי מרלו 2016,מיליליטרים,750.00,"100 מ""ל",false,,49.90,6.6533,true,1,89566
7290008670159,false,יין רקנאטי יסמין לבן,יקב רקאנטי,IL,יין רקנאטי יסמין לבן,מיליליטרים,750.00,"100 מ""ל",false,,29.90,3.9867,true,1,89569
7290008670210,false,יין רקנאטי שיראז 201,יקב רקאנטי,IL,יין רקנאטי שיראז 201,מיליליטרים,750.00,"100 מ""ל",false,,49.90,6.6533,true,1,89567
7290008690713,false,נקטר חמוציות אושן ספ,פריגת,IL,נקטר חמוציות אושן ספ,קילוגרמים,1.00,ליטר,false,,9.90,9.9000,true,1,47630
7290008693134,false,דניאלה תות 88 גרם,שטראוס,IL,דניאלה תות 88 גרם,Unknown,0.00,יחידה,false,,3.90,0.0000,true,1,47638
7290008713900,false,לחם שיפון עגול אחדות,מאפית אורנים,IL,לחם שיפון עגול אחדות,גרמים,750.00,100 גרם,false,,12.90,1.7200,true,1,97449
7290008713917,false,לחם שיפון כהה אחדות,מאפית אורנים,IL,לחם שיפון כהה אחדות,גרמים,750.00,100 גרם,false,,12.90,1.7200,true,1,97447
7290008745239,false,תפוציפס אקסטרא טבעי,שטראוס,IL,תפוציפס אקסטרא טבעי,גרמים,55.00,100 גרם,false,,3.50,6.3636,true,1,43885
7290008747547,false,תפוציפס קראנצ טבעי 2,שטראוס,IL,תפוציפס קראנצ טבעי 2,גרמים,200.00,100 גרם,false,,8.80,4.4000,true,1,47655
7290008753111,false,תפוציפס אקסטרא מקסיק,שטראוס,IL,תפוציפס אקסטרא מקסיק,גרמים,50.00,100 גרם,false,,3.50,7.0000,true,1,43905
7290008757980,false,נקטר ספרינג רימון 1,יפאורה תבורי,IL,נקטר ספרינג רימון 1,קילוגרמים,1.00,ליטר,false,,6.50,6.5000,true,1,47664
7290008761925,false,"בקר טחון עטרה 1.2 ק""",טיבון ויל,IL,"בקר טחון עטרה 1.2 ק""",פריט,1.20,"ק""ג",false,,29.90,24.9167,true,1,83882
7290008761956,false,קבב בקר קהילות 500 ג,,,קבב בקר קהילות 500 ג,גרמים,500.00,100 גרם,false,,24.90,4.9800,true,1,90483
7290008775816,false,ערגליות שוקו אסם 300,אסם,IL,ערגליות שוקו אסם 300,גרמים,300.00,100 גרם,false,,7.90,2.6333,true,1,40773
7290008775823,false,ערגליות תות אסם 300,אסם,IL,ערגליות תות אסם 300,גרמים,300.00,100 גרם,false,,7.90,2.6333,true,1,40774
7290008801010,false,יין פ. קולקשיין קברנ,יקבי כרמל,IL,יין פ. קולקשיין קברנ,מיליליטרים,750.00,"100 מ""ל",false,,32.90,4.3867,true,1,47687
7290008801119,false,יין סלקטד סוביניון ב,יקבי כרמל,IL,יין סלקטד סוביניון ב,מיליליטרים,750.00,"100 מ""ל",false,,28.90,3.8533,true,1,47688
7290008801157,false,יין סלקטד מרלו,יקבי כרמל,IL,יין סלקטד מרלו,מיליליטרים,750.00,"100 מ""ל",false,,28.90,3.8533,true,1,47689
7290008801522,false,יין קינג דיוויד קונק,יקבי כרמל,IL,יין קינג דיוויד קונק,מיליליטרים,750.00,"100 מ""ל",false,,18.90,2.5200,true,1,47693
7290008801539,false,יין קינג דיוויד 120,יקבי כרמל,IL,יין קינג דיוויד 120,מיליליטרים,750.00,"100 מ""ל",false,,18.90,2.5200,true,1,47694
7290008801546,false,יין קינג דיוויד מוסק,יקבי כרמל,IL,יין קינג דיוויד מוסק,מיליליטרים,750.00,"100 מ""ל",false,,18.90,2.5200,true,1,47695
7290008801843,false,יין סלקטד קברנה סובי,יקבי כרמל,IL,יין סלקטד קברנה סובי,מיליליטרים,750.00,"100 מ""ל",false,,28.90,3.8533,true,1,47696
7290008801850,false,יין סלקטד אמרלד ריזל,יקבי כרמל,IL,יין סלקטד אמרלד ריזל,מיליליטרים,750.00,"100 מ""ל",false,,28.90,3.8533,true,1,47697
7290008802291,false,יין פ. קולקשיין מרלו,יקבי כרמל,IL,יין פ. קולקשיין מרלו,מיליליטרים,750.00,"100 מ""ל",false,,32.90,4.3867,true,1,47698
7290008802512,false,יין וינו אדום יבש,יקבי כרמל,IL,יין וינו אדום יבש,מיליליטרים,750.00,"100 מ""ל",false,,17.90,2.3867,true,1,47699
7290008802529,false,יין וינו לבן יבש,יקבי כרמל,IL,יין וינו לבן יבש,מיליליטרים,750.00,"100 מ""ל",false,,17.90,2.3867,true,1,47700
7290008802895,false,יין פ. קולקשיין קברנ,יקבי כרמל,IL,יין פ. קולקשיין קברנ,מיליליטרים,750.00,"100 מ""ל",false,,32.90,4.3867,true,1,47701
7290008804189,false,יין גליל עליון קברנה,יקבי כרמל,IL,יין גליל עליון קברנה,מיליליטרים,750.00,"100 מ""ל",false,,54.90,7.3200,true,1,65767
7290008804332,false,יין פ.קולקשיין שיראז,יקבי כרמל,IL,יין פ.קולקשיין שיראז,מיליליטרים,750.00,"100 מ""ל",false,,32.90,4.3867,true,1,48181
7290008805049,false,יין סלקטד רוזה מתוק,יקבי כרמל,IL,יין סלקטד רוזה מתוק,מיליליטרים,750.00,"100 מ""ל",false,,28.90,3.8533,true,1,48182
7290008805384,false,יין סלקטד לבן מבעבע,יקבי כרמל,IL,יין סלקטד לבן מבעבע,מיליליטרים,750.00,"100 מ""ל",false,,28.90,3.8533,true,1,48183
7290008805520,false,יין סלקטד קברנה מרלו,יקבי כרמל,IL,יין סלקטד קברנה מרלו,מיליליטרים,750.00,"100 מ""ל",false,,28.90,3.8533,true,1,47708
7290008805964,false,יין גליל עליון קברנה,יקבי כרמל,IL,יין גליל עליון קברנה,מיליליטרים,750.00,"100 מ""ל",false,,54.90,7.3200,true,1,65769
7290008830690,false,מובחרים מן הטבע,דין שיווק,IL,מובחרים מן הטבע,Unknown,0.00,יחידה,false,,9.90,0.0000,true,1,76324
7290008836272,false,יין המבורג נינוה מוס,יקב טפרברג 1870 בעמ,IL,יין המבורג נינוה מוס,מיליליטרים,750.00,"100 מ""ל",false,,24.90,3.3200,true,1,63906
7290008836401,false,יין ישן נושן אדום אפ,יקב טפרברג 1870 בעמ,IL,יין ישן נושן אדום אפ,קילוגרמים,1.00,ליטר,false,,21.90,21.9000,true,1,61023
7290008836425,false,יין אפרת קל 1 ליטר,יקב טפרברג 1870 בעמ,IL,יין אפרת קל 1 ליטר,קילוגרמים,1.00,ליטר,false,,21.90,21.9000,true,1,61030
7290008836494,false,תירוש אדום אפרת 1 לי,יקב טפרברג 1870 בעמ,IL,תירוש אדום אפרת 1 לי,קילוגרמים,1.00,ליטר,false,,14.90,14.9000,true,1,61688
7290008975551,false,מטרנה מהדרין שלב 3 7,מטרנה,IL,מטרנה מהדרין שלב 3 7,גרמים,700.00,100 גרם,false,,46.90,6.7000,true,1,47788
7290008989015,false,דייסת אורז ב.ד 400 ג,בטר אנד דיפרנט,IL,דייסת אורז ב.ד 400 ג,גרמים,400.00,100 גרם,false,,16.90,4.2250,true,1,47789
7290008989022,false,דייסת סולת ב.ד 400 ג,בטר אנד דיפרנט,IL,דייסת סולת ב.ד 400 ג,גרמים,400.00,100 גרם,false,,16.90,4.2250,true,1,47790
7290008989039,false,דייסת קורנפלור ב.ד 4,בטר אנד דיפרנט,IL,דייסת קורנפלור ב.ד 4,גרמים,400.00,100 גרם,false,,16.90,4.2250,true,1,47791
7290008989053,false,דייסת דגנים מעורבים,בטר אנד דיפרנט,IL,דייסת דגנים מעורבים,גרמים,400.00,100 גרם,false,,16.90,4.2250,true,1,47792
7290008989169,false,פצפוצי אורז ב.ד 500,בטר אנד דיפרנט,IL,פצפוצי אורז ב.ד 500,גרמים,500.00,100 גרם,false,,18.90,3.7800,true,1,47793
7290008989473,false,ממרח חרובים שוקולד ב,בטר אנד דיפרנט,IL,ממרח חרובים שוקולד ב,גרמים,350.00,100 גרם,false,,13.90,3.9714,true,1,47795
7290008989671,false,פירורי קורנפלקס פריך,בטר אנד דיפרנט,IL,פירורי קורנפלקס פריך,גרמים,250.00,100 גרם,false,,7.90,3.1600,true,1,65525
7290008989695,false,שלווה מצופה דבש 400,בטר אנד דיפרנט,IL,שלווה מצופה דבש 400,גרמים,400.00,100 גרם,false,,12.90,3.2250,true,1,43127
7290008989848,false,חמאת בוטנים קרנצ'י ב,בטר אנד דיפרנט,IL,חמאת בוטנים קרנצ'י ב,גרמים,350.00,100 גרם,false,,13.90,3.9714,true,1,41330
7290008989855,false,פריכוני אורז מלא ב.ד,בטר אנד דיפרנט,IL,פריכוני אורז מלא ב.ד,גרמים,80.00,100 גרם,false,,3.90,4.8750,true,1,54790
7290008989893,false,דייסת כוסמת ב.ד 200,בטר אנד דיפרנט,IL,דייסת כוסמת ב.ד 200,גרמים,200.00,100 גרם,false,,9.90,4.9500,true,1,75448
7290008989909,false,סירופ ב.ד תפוחים 1.2,בטר אנד דיפרנט,IL,סירופ ב.ד תפוחים 1.2,קילוגרמים,1.20,ליטר,false,,27.40,22.8333,true,1,42076
7290008989916,false,סירופ אננס 1.2 ליטר,בטר אנד דיפרנט,IL,סירופ אננס 1.2 ליטר,קילוגרמים,1.20,ליטר,false,,27.40,22.8333,true,1,42077
7290008989954,false,סירופ ב.ד תפוז 1.2 ל,בטר אנד דיפרנט,IL,סירופ ב.ד תפוז 1.2 ל,קילוגרמים,1.20,ליטר,false,,27.40,22.8333,true,1,42082
7290008989985,false,מארז 4 קופסאות אחסון,בטר אנד דיפרנט,IL,מארז 4 קופסאות אחסון,Unknown,0.00,יחידה,false,,11.90,0.0000,true,1,54600
7290009000115,false,עגבניות שרי,אראל תוצרת חקלאית בע,IL,עגבניות שרי,קילוגרמים,1.00,"ק""ג",true,,14.90,14.9000,true,1,44225
7290009000122,false,עגבניה,אראל תוצרת חקלאית בע,IL,עגבניה,קילוגרמים,1.00,"ק""ג",true,,4.90,4.9000,true,1,44263
7290009000207,false,מלפפון,אראל תוצרת חקלאית בע,IL,מלפפון,קילוגרמים,1.00,"ק""ג",true,,5.90,5.9000,true,1,44531
7290009000306,false,קישוא מיני,אראל תוצרת חקלאית בע,IL,קישוא מיני,Unknown,0.00,יחידה,false,,8.90,0.0000,true,1,85629
7290009000313,false,גזר,אראל תוצרת חקלאית בע,IL,גזר,קילוגרמים,1.00,"ק""ג",true,,3.90,3.9000,true,1,45288
7290009000405,false,סלק,אראל תוצרת חקלאית בע,IL,סלק,קילוגרמים,1.00,"ק""ג",true,,3.90,3.9000,true,1,45637
7290009000504,false,כרוב לבן,אראל תוצרת חקלאית בע,IL,כרוב לבן,קילוגרמים,1.00,"ק""ג",true,,3.90,3.9000,true,1,46000
7290009000511,false,כרוב אדום,אראל תוצרת חקלאית בע,IL,כרוב אדום,קילוגרמים,1.00,"ק""ג",true,,5.90,5.9000,true,1,46037
7290009000566,false,מלפפון בייבי,אראל תוצרת חקלאית בע,IL,מלפפון בייבי,Unknown,0.00,יחידה,false,,7.90,0.0000,true,1,85657
7290009000627,false,כרובית יחידה,אראל תוצרת חקלאית בע,IL,כרובית יחידה,Unknown,0.00,יחידה,false,,9.90,0.0000,true,1,83568
7290009000702,false,לפת,אראל תוצרת חקלאית בע,IL,לפת,קילוגרמים,1.00,"ק""ג",true,,5.90,5.9000,true,1,46666
7290009000719,false,צנון,אראל תוצרת חקלאית בע,IL,צנון,קילוגרמים,1.00,"ק""ג",true,,6.90,6.9000,true,1,46677
7290009000764,false,שקיות הקפאה ענק זיפל,,,שקיות הקפאה ענק זיפל,Unknown,0.00,יחידה,false,,19.90,0.0000,true,1,85150
7290009000771,false,שקיות הקפאה בינוני ז,,,שקיות הקפאה בינוני ז,Unknown,0.00,יחידה,false,,19.90,0.0000,true,1,85152
7290009000788,false,שקיות אוכל זיפלוק 14,,,שקיות אוכל זיפלוק 14,Unknown,0.00,יחידה,false,,16.90,0.0000,true,1,85151
7290009000832,false,בצל לבן פנינה,אראל תוצרת חקלאית בע,IL,בצל לבן פנינה,קילוגרמים,1.00,"ק""ג",true,,4.90,4.9000,true,1,47487
7290009000887,false,סלרי ראש שקיל,אראל תוצרת חקלאית בע,IL,סלרי ראש שקיל,קילוגרמים,1.00,"ק""ג",true,,19.90,19.9000,true,1,113864
7290009000900,false,בצל,אראל תוצרת חקלאית בע,IL,בצל,קילוגרמים,1.00,"ק""ג",true,,3.90,3.9000,true,1,47798
7290009000924,false,כרוב אדום ברכת דוד,,IL,כרוב אדום ברכת דוד,קילוגרמים,1.00,"ק""ג",true,,14.90,14.9000,true,1,117719
7290009000931,false,בצל אדום,אראל תוצרת חקלאית בע,IL,בצל אדום,קילוגרמים,1.00,"ק""ג",true,,5.90,5.9000,true,1,47810
7290009000948,false,כרוב לבן ברכת דוד,,IL,כרוב לבן ברכת דוד,קילוגרמים,1.00,"ק""ג",true,,14.90,14.9000,true,1,117720
7290009000962,false,בצל ירוק יח,ברכת קטיף,IL,בצל ירוק יח,Unknown,0.00,יחידה,false,,4.90,0.0000,true,1,47811
7290009001006,false,אפונה,אראל תוצרת חקלאית בע,IL,אפונה,קילוגרמים,1.00,"ק""ג",true,,29.90,29.9000,true,1,44187
7290009001105,false,בטטה,אראל תוצרת חקלאית בע,IL,בטטה,קילוגרמים,1.00,"ק""ג",true,,9.90,9.9000,true,1,44226
7290009001310,false,דלורית,אראל תוצרת חקלאית בע,IL,דלורית,קילוגרמים,1.00,"ק""ג",true,,5.90,5.9000,true,1,44328
7290009001327,false,דלעת ערמונים,אראל תוצרת חקלאית בע,IL,דלעת ערמונים,קילוגרמים,1.00,"ק""ג",true,,9.90,9.9000,true,1,63295
7290009001334,false,דלעת אקזוטי,אראל תוצרת חקלאית בע,IL,דלעת אקזוטי,קילוגרמים,1.00,"ק""ג",true,,14.90,14.9000,true,1,63296
7290009001419,false,חציל,אראל תוצרת חקלאית בע,IL,חציל,קילוגרמים,1.00,"ק""ג",true,,4.90,4.9000,true,1,44354
7290009001426,false,חציל ננסי,אראל תוצרת חקלאית בע,IL,חציל ננסי,קילוגרמים,1.00,"ק""ג",true,,9.90,9.9000,true,1,44356
7290009001440,false,חציל מנומר/כוכב/נקני,אראל תוצרת חקלאית בע,IL,חציל מנומר/כוכב/נקני,קילוגרמים,1.00,"ק""ג",true,,4.90,4.9000,true,1,69783
7290009001501,false,פלפל אדום,אראל תוצרת חקלאית בע,IL,פלפל אדום,קילוגרמים,1.00,"ק""ג",true,,7.90,7.9000,true,1,44381
7290009001518,false,פלפל ירוק בהיר,אראל תוצרת חקלאית בע,IL,פלפל ירוק בהיר,קילוגרמים,1.00,"ק""ג",true,,7.90,7.9000,true,1,44382
7290009001525,false,פלפל חריף,אראל תוצרת חקלאית בע,IL,פלפל חריף,קילוגרמים,1.00,"ק""ג",true,,7.90,7.9000,true,1,44383
7290009001532,false,פלפל חריף אדום,אראל תוצרת חקלאית בע,IL,פלפל חריף אדום,קילוגרמים,1.00,"ק""ג",true,,13.90,13.9000,true,1,44385
7290009001549,false,פלפל ירוק כהה,אראל תוצרת חקלאית בע,IL,פלפל ירוק כהה,קילוגרמים,1.00,"ק""ג",true,,7.90,7.9000,true,1,44386
7290009001556,false,פלפל כתום,אראל תוצרת חקלאית בע,IL,פלפל כתום,קילוגרמים,1.00,"ק""ג",true,,8.90,8.9000,true,1,44387
7290009001570,false,פלפל צהוב,אראל תוצרת חקלאית בע,IL,פלפל צהוב,קילוגרמים,1.00,"ק""ג",true,,8.90,8.9000,true,1,44394
7290009001594,false,פלפל שושקה,אראל תוצרת חקלאית בע,IL,פלפל שושקה,קילוגרמים,1.00,"ק""ג",true,,11.90,11.9000,true,1,44396
7290009001709,false,קולורבי,אראל תוצרת חקלאית בע,IL,קולורבי,קילוגרמים,1.00,"ק""ג",true,,7.90,7.9000,true,1,44430
7290009001808,false,קישוא,אראל תוצרת חקלאית בע,IL,קישוא,קילוגרמים,1.00,"ק""ג",true,,7.90,7.9000,true,1,44453
7290009001822,false,קישוא קרעה,אראל תוצרת חקלאית בע,IL,קישוא קרעה,קילוגרמים,1.00,"ק""ג",true,,7.90,7.9000,true,1,44481
7290009001853,false,קישוא זוקיני,אראל תוצרת חקלאית בע,IL,קישוא זוקיני,קילוגרמים,1.00,"ק""ג",true,,7.90,7.9000,true,1,44495
7290009001907,false,"שעועית צהובה ק""ג",אראל תוצרת חקלאית בע,IL,"שעועית צהובה ק""ג",קילוגרמים,1.00,"ק""ג",true,,24.90,24.9000,true,1,44497
7290009001914,false,שעועית,אראל תוצרת חקלאית בע,IL,שעועית,קילוגרמים,1.00,"ק""ג",true,,24.90,24.9000,true,1,44507
7290009001921,false,שעועית בולגרית,אראל תוצרת חקלאית בע,IL,שעועית בולגרית,קילוגרמים,1.00,"ק""ג",true,,19.90,19.9000,true,1,44509
7290009001952,false,לוביה,אראל תוצרת חקלאית בע,IL,לוביה,קילוגרמים,1.00,"ק""ג",true,,29.90,29.9000,true,1,44517
7290009002409,false,פול,אראל תוצרת חקלאית בע,IL,פול,קילוגרמים,1.00,"ק""ג",true,,15.90,15.9000,true,1,44857
7290009002843,false,שום ירוק טרי,אראל תוצרת חקלאית בע,IL,שום ירוק טרי,קילוגרמים,1.00,"ק""ג",true,,19.90,19.9000,true,1,45053
7290009002850,false,שום בתפזורת,אראל תוצרת חקלאית בע,IL,שום בתפזורת,קילוגרמים,1.00,"ק""ג",true,,39.90,39.9000,true,1,41358
7290009002898,false,תפוח אדמה לאפייה,אראל תוצרת חקלאית בע,IL,תפוח אדמה לאפייה,Unknown,0.00,יחידה,false,,9.90,0.0000,true,1,84640
7290009002935,false,תפוח אדמה לבן,אראל תוצרת חקלאית בע,IL,תפוח אדמה לבן,פריט,5.00,"ק""ג",false,,21.90,4.3800,true,1,45154
7290009002980,false,תפוח אדמה אדום,אראל תוצרת חקלאית בע,IL,תפוח אדמה אדום,Unknown,0.00,יחידה,false,,25.90,0.0000,true,1,57263
7290009002997,false,תפוח אדמה תפזורת,אראל תוצרת חקלאית בע,IL,תפוח אדמה תפזורת,קילוגרמים,1.00,"ק""ג",true,,9.90,9.9000,true,1,45211
7290009003079,false,שומר,אראל תוצרת חקלאית בע,IL,שומר,קילוגרמים,1.00,"ק""ג",true,,5.90,5.9000,true,1,45272
7290009003109,false,מלון,אראל תוצרת חקלאית בע,IL,מלון,קילוגרמים,1.00,"ק""ג",true,,5.90,5.9000,true,1,45289
7290009003116,false,מלון ספרדי,אראל תוצרת חקלאית בע,IL,מלון ספרדי,קילוגרמים,1.00,"ק""ג",true,,5.90,5.9000,true,1,86168
7290009003154,false,אבטיח,אראל תוצרת חקלאית בע,IL,אבטיח,קילוגרמים,1.00,"ק""ג",true,,4.90,4.9000,true,1,45327
7290009003246,false,פטריות במשקל,מרינה פטריות,IL,פטריות במשקל,קילוגרמים,1.00,"ק""ג",true,,31.90,31.9000,true,1,45365
7290009003338,false,פלפל טינקרבל,אראל תוצרת חקלאית בע,IL,פלפל טינקרבל,קילוגרמים,1.00,"ק""ג",true,,19.90,19.9000,true,1,95360
7290009003369,false,אפרסמון קרמבו,אראל תוצרת חקלאית בע,IL,אפרסמון קרמבו,קילוגרמים,1.00,"ק""ג",true,,11.90,11.9000,true,1,107820
7290009003406,false,פטרוזיליה יח,ברכת קטיף,IL,פטרוזיליה יח,Unknown,0.00,יחידה,false,,3.90,0.0000,true,1,45408
7290009003413,false,כוסברה יח,ברכת קטיף,IL,כוסברה יח,Unknown,0.00,יחידה,false,,3.90,0.0000,true,1,45413
7290009003451,false,סלרי ראש יח,ברכת קטיף,IL,סלרי ראש יח,Unknown,0.00,יחידה,false,,4.90,0.0000,true,1,45450
7290009004007,false,במיה,אראל תוצרת חקלאית בע,IL,במיה,קילוגרמים,1.00,"ק""ג",true,,29.90,29.9000,true,1,45638
7290009004519,false,שום סולו 250 גרם,אראל תוצרת חקלאית בע,IL,שום סולו 250 גרם,גרמים,250.00,100 גרם,false,,9.90,3.9600,true,1,101523
7290009005059,false,תפוז ברשת,אראל תוצרת חקלאית בע,IL,תפוז ברשת,קילוגרמים,1.00,"ק""ג",true,,3.90,3.9000,true,1,46033
7290009005080,false,תפוז,אראל תוצרת חקלאית בע,IL,תפוז,קילוגרמים,1.00,"ק""ג",true,,4.90,4.9000,true,1,46035
7290009005172,false,קלמנטינה,אראל תוצרת חקלאית בע,IL,קלמנטינה,קילוגרמים,1.00,"ק""ג",true,,4.90,4.9000,true,1,46046
7290009005196,false,אשכולית אדומה,אראל תוצרת חקלאית בע,IL,אשכולית אדומה,קילוגרמים,1.00,"ק""ג",true,,4.90,4.9000,true,1,46052
7290009005202,false,אשכולית לבנה,אראל תוצרת חקלאית בע,IL,אשכולית לבנה,קילוגרמים,1.00,"ק""ג",true,,4.90,4.9000,true,1,46053
7290009005226,false,פומלה,אראל תוצרת חקלאית בע,IL,פומלה,קילוגרמים,1.00,"ק""ג",true,,7.90,7.9000,true,1,46064
7290009005301,false,לימון,אראל תוצרת חקלאית בע,IL,לימון,קילוגרמים,1.00,"ק""ג",true,,7.90,7.9000,true,1,46068
7290009005325,false,לימון ברשת,אראל תוצרת חקלאית בע,IL,לימון ברשת,קילוגרמים,1.00,"ק""ג",true,,6.90,6.9000,true,1,48553
7290009005387,false,תפוח עץ גולד רוז,אראל תוצרת חקלאית בע,IL,תפוח עץ גולד רוז,קילוגרמים,1.00,"ק""ג",true,,14.90,14.9000,true,1,93582
7290009005417,false,בננות,אראל תוצרת חקלאית בע,IL,בננות,קילוגרמים,1.00,"ק""ג",true,,4.90,4.9000,true,1,46095
7290009005615,false,אבוקדו,אראל תוצרת חקלאית בע,IL,אבוקדו,קילוגרמים,1.00,"ק""ג",true,,9.90,9.9000,true,1,46309
7290009005707,false,רימון,אראל תוצרת חקלאית בע,IL,רימון,קילוגרמים,1.00,"ק""ג",true,,5.90,5.9000,true,1,46326
7290009005806,false,חבושים,אראל תוצרת חקלאית בע,IL,חבושים,קילוגרמים,1.00,"ק""ג",true,,7.90,7.9000,true,1,46342
7290009005912,false,אבוקדו ברשת,אראל תוצרת חקלאית בע,IL,אבוקדו ברשת,קילוגרמים,1.00,"ק""ג",true,,8.90,8.9000,true,1,69566
7290009005950,false,אפרסק,אראל תוצרת חקלאית בע,IL,אפרסק,קילוגרמים,1.00,"ק""ג",true,,9.90,9.9000,true,1,49969
7290009006032,false,אגס נאשי,אראל תוצרת חקלאית בע,IL,אגס נאשי,קילוגרמים,1.00,"ק""ג",true,,11.90,11.9000,true,1,48550
7290009006049,false,אגס חום,אראל תוצרת חקלאית בע,IL,אגס חום,קילוגרמים,1.00,"ק""ג",true,,13.90,13.9000,true,1,46394
7290009006056,false,אגס אדום,אראל תוצרת חקלאית בע,IL,אגס אדום,קילוגרמים,1.00,"ק""ג",true,,11.90,11.9000,true,1,46397
7290009006063,false,אגס,אראל תוצרת חקלאית בע,IL,אגס,קילוגרמים,1.00,"ק""ג",true,,11.90,11.9000,true,1,46400
7290009006209,false,גויאבה,אראל תוצרת חקלאית בע,IL,גויאבה,קילוגרמים,1.00,"ק""ג",true,,11.90,11.9000,true,1,46418
7290009006308,false,קיווי,אראל תוצרת חקלאית בע,IL,קיווי,קילוגרמים,1.00,"ק""ג",true,,11.90,11.9000,true,1,46432
7290009006322,false,קוקוס יחידה,אראל תוצרת חקלאית בע,IL,קוקוס יחידה,Unknown,0.00,יחידה,false,,6.90,0.0000,true,1,48546
7290009006551,false,מנגו,אראל תוצרת חקלאית בע,IL,מנגו,קילוגרמים,1.00,"ק""ג",true,,8.90,8.9000,true,1,46523
7290009006803,false,אננס יחידה,אראל תוצרת חקלאית בע,IL,אננס יחידה,Unknown,0.00,יחידה,false,,25.90,0.0000,true,1,46613
7290009006810,false,אפרסמון,אראל תוצרת חקלאית בע,IL,אפרסמון,קילוגרמים,1.00,"ק""ג",true,,9.90,9.9000,true,1,46616
7290009007015,false,תפוח עץ סמיט,אראל תוצרת חקלאית בע,IL,תפוח עץ סמיט,קילוגרמים,1.00,"ק""ג",true,,9.90,9.9000,true,1,46667
7290009007022,false,תפוח עץ מוזהב,אראל תוצרת חקלאית בע,IL,תפוח עץ מוזהב,קילוגרמים,1.00,"ק""ג",true,,9.90,9.9000,true,1,46668
7290009007039,false,תפוח עץ יונתן,אראל תוצרת חקלאית בע,IL,תפוח עץ יונתן,קילוגרמים,1.00,"ק""ג",true,,9.90,9.9000,true,1,46669
7290009007046,false,תפוח עץ חרמון,אראל תוצרת חקלאית בע,IL,תפוח עץ חרמון,קילוגרמים,1.00,"ק""ג",true,,9.90,9.9000,true,1,46675
7290009007053,false,תפוח עץ גאלה,אראל תוצרת חקלאית בע,IL,תפוח עץ גאלה,קילוגרמים,1.00,"ק""ג",true,,9.90,9.9000,true,1,46676
7290009007077,false,תפוח עץ רשת,אראל תוצרת חקלאית בע,IL,תפוח עץ רשת,קילוגרמים,1.00,"ק""ג",true,,6.90,6.9000,true,1,48540
7290009007107,false,תפוח עץ ענה,אראל תוצרת חקלאית בע,IL,תפוח עץ ענה,קילוגרמים,1.00,"ק""ג",true,,7.90,7.9000,true,1,48543
7290009007138,false,תפוח עץ פינק,אראל תוצרת חקלאית בע,IL,תפוח עץ פינק,קילוגרמים,1.00,"ק""ג",true,,10.90,10.9000,true,1,92543
7290009007206,false,נקטרינה,אראל תוצרת חקלאית בע,IL,נקטרינה,קילוגרמים,1.00,"ק""ג",true,,5.90,5.9000,true,1,48552
7290009007336,false,כרוב שטוח,אראל תוצרת חקלאית בע,IL,כרוב שטוח,קילוגרמים,1.00,"ק""ג",true,,4.90,4.9000,true,1,114570
7290009007503,false,ערמונים,אראל תוצרת חקלאית בע,IL,ערמונים,קילוגרמים,1.00,"ק""ג",true,,17.90,17.9000,true,1,47388
7290009007787,false,ענבים רד גלוב,אראל תוצרת חקלאית בע,IL,ענבים רד גלוב,קילוגרמים,1.00,"ק""ג",true,,15.90,15.9000,true,1,118392
7290009008302,false,ענבים לבנים,אראל תוצרת חקלאית בע,IL,ענבים לבנים,קילוגרמים,1.00,"ק""ג",true,,19.90,19.9000,true,1,47488
7290009008319,false,ענבים שחורים,אראל תוצרת חקלאית בע,IL,ענבים שחורים,קילוגרמים,1.00,"ק""ג",true,,13.90,13.9000,true,1,47489
7290009008401,false,שזיף לבן/צהוב,אראל תוצרת חקלאית בע,IL,שזיף לבן/צהוב,קילוגרמים,1.00,"ק""ג",true,,13.90,13.9000,true,1,47556
7290009008418,false,שזיף אדום,אראל תוצרת חקלאית בע,IL,שזיף אדום,קילוגרמים,1.00,"ק""ג",true,,12.90,12.9000,true,1,47557
7290009008739,false,תמר צהוב,אראל תוצרת חקלאית בע,IL,תמר צהוב,קילוגרמים,1.00,"ק""ג",true,,12.90,12.9000,true,1,50308
7290009008821,false,"מארז תפוז כ 2.5 ק""ג",אראל תוצרת חקלאית בע,IL,"מארז תפוז כ 2.5 ק""ג",פריט,2.50,"ק""ג",false,,6.90,2.7600,true,1,119535
7290009028768,false,שקית ענק אושר עד,,,שקית ענק אושר עד,Unknown,0.00,יחידה,false,,0.60,0.0000,true,1,41699
7290009068818,false,אגוז ברזיל טבעי במשק,דין שיווק,IL,אגוז ברזיל טבעי במשק,קילוגרמים,1.00,"ק""ג",true,,89.00,89.0000,true,1,48654
7290009068825,false,אגוז קלוף במשקל,דין שיווק,IL,אגוז קלוף במשקל,קילוגרמים,1.00,"ק""ג",true,,59.00,59.0000,true,1,48656
7290009068849,false,בוטן מסוכר במשקל,דין שיווק,IL,בוטן מסוכר במשקל,קילוגרמים,1.00,"ק""ג",true,,30.00,30.0000,true,1,48657
7290009068856,false,בוטן קלוי במשקל,דין שיווק,CN,בוטן קלוי במשקל,קילוגרמים,1.00,"ק""ג",true,,24.00,24.0000,true,1,48658
7290009068863,false,בונדוק טבעי במשקל,דין שיווק,TR,בונדוק טבעי במשקל,קילוגרמים,1.00,"ק""ג",true,,77.00,77.0000,true,1,48659
7290009068870,false,בונדוק קלוי במשקל,דין שיווק,TR,בונדוק קלוי במשקל,קילוגרמים,1.00,"ק""ג",true,,88.00,88.0000,true,1,48660
7290009068887,false,גרעין אבטיח קלוי במש,דין שיווק,IL,גרעין אבטיח קלוי במש,קילוגרמים,1.00,"ק""ג",true,,55.00,55.0000,true,1,48662
7290009068894,false,גרעין לבן קלוי במשקל,דין שיווק,IL,גרעין לבן קלוי במשקל,קילוגרמים,1.00,"ק""ג",true,,39.00,39.0000,true,1,48663
7290009068917,false,גרעין שחור קלוי במשק,דין שיווק,US,גרעין שחור קלוי במשק,קילוגרמים,1.00,"ק""ג",true,,19.00,19.0000,true,1,48664
7290009068955,false,גרעין חמניה קלוף טבע,דין שיווק,IL,גרעין חמניה קלוף טבע,קילוגרמים,1.00,"ק""ג",true,,39.00,39.0000,true,1,48666
7290009068962,false,מנצס במשקל,דין שיווק,CN,מנצס במשקל,קילוגרמים,1.00,"ק""ג",true,,47.00,47.0000,true,1,48667
7290009069006,false,פיסטוק ענק קלוי במשק,דין שיווק,US,פיסטוק ענק קלוי במשק,קילוגרמים,1.00,"ק""ג",true,,69.00,69.0000,true,1,48668
7290009069051,false,פקאן טבעי במשקל,דין שיווק,US,פקאן טבעי במשקל,קילוגרמים,1.00,"ק""ג",true,,119.00,119.0000,true,1,48669
7290009069068,false,פקאן סיני במשקל,דין שיווק,IL,פקאן סיני במשקל,קילוגרמים,1.00,"ק""ג",true,,118.00,118.0000,true,1,48670
7290009069075,false,צנובר במשקל,דין שיווק,CN,צנובר במשקל,קילוגרמים,1.00,"ק""ג",true,,195.00,195.0000,true,1,48671
7290009069112,false,קשיו קלוי במשקל,דין שיווק,VN,קשיו קלוי במשקל,קילוגרמים,1.00,"ק""ג",true,,69.00,69.0000,true,1,48683
7290009069129,false,שקד שבבים במשקל,דין שיווק,US,שקד שבבים במשקל,קילוגרמים,1.00,"ק""ג",true,,115.00,115.0000,true,1,48684
7290009069143,false,שקד טבעי ענק במשקל,דין שיווק,US,שקד טבעי ענק במשקל,קילוגרמים,1.00,"ק""ג",true,,85.00,85.0000,true,1,48686
7290009069174,false,שקד מסוכר במשקל,דין שיווק,IL,שקד מסוכר במשקל,קילוגרמים,1.00,"ק""ג",true,,75.00,75.0000,true,1,48688
7290009069181,false,שקד ספרדי קלוי במשקל,דין שיווק,US,שקד ספרדי קלוי במשקל,קילוגרמים,1.00,"ק""ג",true,,90.00,90.0000,true,1,48687
7290009069235,false,חטיפים יפני במשקל,דין שיווק,TH,חטיפים יפני במשקל,קילוגרמים,1.00,"ק""ג",true,,65.00,65.0000,true,1,48690
7290009069242,false,בוטן אמריקאי במשקל,דין שיווק,IL,בוטן אמריקאי במשקל,קילוגרמים,1.00,"ק""ג",true,,26.00,26.0000,true,1,48691
7290009069259,false,קבוקים במשקל,דין שיווק,IL,קבוקים במשקל,קילוגרמים,1.00,"ק""ג",true,,26.00,26.0000,true,1,48692
7290009069266,false,בוטן בקליפה במשקל,דין שיווק,IL,בוטן בקליפה במשקל,קילוגרמים,1.00,"ק""ג",true,,15.00,15.0000,true,1,48693
7290009069273,false,משמש במשקל,דין שיווק,TR,משמש במשקל,קילוגרמים,1.00,"ק""ג",true,,54.00,54.0000,true,1,48694
7290009069280,false,צימוק חום במשקל,דין שיווק,TR,צימוק חום במשקל,קילוגרמים,1.00,"ק""ג",true,,28.00,28.0000,true,1,48695
7290009069297,false,צימוק לבן ענק במשקל,דין שיווק,US,צימוק לבן ענק במשקל,קילוגרמים,1.00,"ק""ג",true,,44.00,44.0000,true,1,48696
7290009069303,false,צימוק לבן במשקל,דין שיווק,US,צימוק לבן במשקל,קילוגרמים,1.00,"ק""ג",true,,37.00,37.0000,true,1,48697
7290009069310,false,שזיף מיובש ענק במשקל,דין שיווק,AR,שזיף מיובש ענק במשקל,קילוגרמים,1.00,"ק""ג",true,,45.00,45.0000,true,1,48698
7290009069327,false,תאנים גדולות במשקל,דין שיווק,TR,תאנים גדולות במשקל,קילוגרמים,1.00,"ק""ג",true,,47.00,47.0000,true,1,48699
7290009069334,false,שזיף ללא גרעין במשקל,דין שיווק,AR,שזיף ללא גרעין במשקל,קילוגרמים,1.00,"ק""ג",true,,45.00,45.0000,true,1,48701
7290009069426,false,אננס פלחים במשקל,,,אננס פלחים במשקל,קילוגרמים,1.00,"ק""ג",true,,24.00,24.0000,true,1,48742
7290009069440,false,בננה ציפס במשקל,דין שיווק,PH,בננה ציפס במשקל,קילוגרמים,1.00,"ק""ג",true,,33.00,33.0000,true,1,48743
7290009069471,false,מנגו מיובש במשקל,דין שיווק,GH,מנגו מיובש במשקל,קילוגרמים,1.00,"ק""ג",true,,28.00,28.0000,true,1,48700
7290009069495,false,פאפיה במשקל,דין שיווק,TH,פאפיה במשקל,קילוגרמים,1.00,"ק""ג",true,,29.00,29.0000,true,1,98106
7290009069501,false,תמר מגהול ענק,דין שיווק,IL,תמר מגהול ענק,קילוגרמים,1.00,"ק""ג",true,,45.00,45.0000,true,1,48594
7290009069518,false,גינגר במשקל,דין שיווק,TH,גינגר במשקל,קילוגרמים,1.00,"ק""ג",true,,50.00,50.0000,true,1,98107
7290009069990,false,תבלינים בקבוצה 2 במש,נפטון,IL,תבלינים בקבוצה 2 במש,קילוגרמים,1.00,"ק""ג",true,,50.00,50.0000,true,1,48672
7290009077162,false,מלפפון/ירקות במשקל,דין שיווק,IL,מלפפון/ירקות במשקל,קילוגרמים,1.00,"ק""ג",true,,40.00,40.0000,true,1,57748
7290009077483,false,זית ירוק במשקל,דין שיווק,GR,זית ירוק במשקל,קילוגרמים,1.00,"ק""ג",true,,54.00,54.0000,true,1,57746
7290009077575,false,זית סורי במשקל,דין שיווק,GR,זית סורי במשקל,קילוגרמים,1.00,"ק""ג",true,,40.00,40.0000,true,1,59654
7290009077681,false,זית יווני במשקל,דין שיווק,GR,זית יווני במשקל,קילוגרמים,1.00,"ק""ג",true,,59.00,59.0000,true,1,57747
7290009090017,false,תבלינים בקבוצה 4 במש,נפטון,IL,תבלינים בקבוצה 4 במש,קילוגרמים,1.00,"ק""ג",true,,100.00,100.0000,true,1,48673
7290009951431,false,פירות טרופיים במשקל,דין שיווק,VN,פירות טרופיים במשקל,קילוגרמים,1.00,"ק""ג",true,,80.00,80.0000,true,1,48745
7290009951455,false,תבלינים / פלפל,,IL,תבלינים / פלפל,קילוגרמים,1.00,"ק""ג",true,,75.00,75.0000,true,1,42149
7290009951479,false,תערובת הבית,נפטון,IL,תערובת הבית,קילוגרמים,1.00,"ק""ג",true,,100.00,100.0000,true,1,53549
7290010066599,false,טונה בשמן זית פילטונ,תעשיות פילטונה,IL,טונה בשמן זית פילטונ,גרמים,640.00,100 גרם,false,,27.90,4.3594,true,1,71191
7290010116980,false,שוקולית 850 גרם,שטראוס קפה בי.וי,IL,שוקולית 850 גרם,גרמים,850.00,100 גרם,false,,14.90,1.7529,true,1,46725
7290010117864,false,דוריטוס בטעם חריף אש,עלית,IL,דוריטוס בטעם חריף אש,גרמים,70.00,100 גרם,false,,2.90,4.1429,true,1,46726
7290010153688,false,חומץ טבעי 5% מיה 1 ל,פרידמן תעשיות חומץ,IL,חומץ טבעי 5% מיה 1 ל,קילוגרמים,1.00,ליטר,false,,4.90,4.9000,true,1,46742
7290010153817,false,ריבת חלב מיה 400 גרם,מיה תעשיות מזון בעמ,IL,ריבת חלב מיה 400 גרם,גרמים,400.00,100 גרם,false,,9.90,2.4750,true,1,46753
7290010153848,false,פפריקה מתוקה בשמן מי,מיה תעשיות מזון בעמ,IL,פפריקה מתוקה בשמן מי,גרמים,80.00,100 גרם,false,,5.80,7.2500,true,1,46756
7290010153855,false,פפריקה מרוקאית בשמן,מיה תעשיות מזון בעמ,IL,פפריקה מרוקאית בשמן,גרמים,300.00,100 גרם,false,,14.90,4.9667,true,1,46757
7290010153862,false,פלפל שחור גרוס מיה 7,מיה תעשיות מזון בעמ,IL,פלפל שחור גרוס מיה 7,גרמים,70.00,100 גרם,false,,6.90,9.8571,true,1,46758
7290010153879,false,ריבת חלב בטעם שמנת מ,מיה תעשיות מזון בעמ,IL,ריבת חלב בטעם שמנת מ,גרמים,300.00,100 גרם,false,,9.90,3.3000,true,1,46759
7290010154012,false,לימון בלאדי ביטון 25,תבליני ביטון,IL,לימון בלאדי ביטון 25,גרמים,250.00,100 גרם,false,,13.50,5.4000,true,1,60968
7290010154029,false,אריסה מתוקה ביטון 25,תבליני ביטון,IL,אריסה מתוקה ביטון 25,גרמים,250.00,100 גרם,false,,13.50,5.4000,true,1,46765
7290010154265,false,פלפל צומה ביטון 250,תבליני ביטון,IL,פלפל צומה ביטון 250,גרמים,250.00,100 גרם,false,,13.50,5.4000,true,1,57064
7290010154678,false,אריסה חריף פיקנטי בי,תבליני ביטון,IL,אריסה חריף פיקנטי בי,גרמים,250.00,100 גרם,false,,13.50,5.4000,true,1,95231
7290010154685,false,שום כתוש ביטון 250 ג,תבליני ביטון,IL,שום כתוש ביטון 250 ג,גרמים,250.00,100 גרם,false,,13.50,5.4000,true,1,95232
7290010175819,false,חמאת בוטנים קלאסית ט,ניצה אס סיי,AR,חמאת בוטנים קלאסית ט,גרמים,510.00,100 גרם,false,,11.90,2.3333,true,1,46791
7290010175826,false,חמאת בוטנים שברי בוט,ניצה אס סיי,AR,חמאת בוטנים שברי בוט,גרמים,510.00,100 גרם,false,,11.90,2.3333,true,1,46792
7290010175840,false,לבבות דקל שלם טעים 4,אינאקספו,UY,לבבות דקל שלם טעים 4,גרמים,400.00,100 גרם,false,,10.90,2.7250,true,1,53057
7290010175857,false,לבבות דקל פרוס טעים,אינאקספו,UY,לבבות דקל פרוס טעים,גרמים,400.00,100 גרם,false,,10.50,2.6250,true,1,53056
7290010176212,false,תאי נודלס בטעם עוף ט,זיזיאנג גרין הום פוד,CN,תאי נודלס בטעם עוף ט,גרמים,65.00,100 גרם,false,,3.90,6.0000,true,1,46795
7290010176229,false,תאי נודלס בטעם בקר ט,זיזיאנג גרין הום פוד,CN,תאי נודלס בטעם בקר ט,גרמים,65.00,100 גרם,false,,3.90,6.0000,true,1,50793
7290010176236,false,תאי נודלס בטעם ירקות,זיזיאנג גרין הום פוד,CN,תאי נודלס בטעם ירקות,גרמים,65.00,100 גרם,false,,3.90,6.0000,true,1,46796
7290010176243,false,תאי נודלס בטעם סיני,זיזיאנג גרין הום פוד,CN,תאי נודלס בטעם סיני,גרמים,65.00,100 גרם,false,,3.90,6.0000,true,1,50792
7290010193288,false,קישקע גלאט עוף 500 ג,מ ב גלאט עוף למהדרין,IL,קישקע גלאט עוף 500 ג,גרמים,500.00,100 גרם,false,,14.90,2.9800,true,1,49342
7290010193318,false,המבורגר גלאט עוף 400,מ ב גלאט עוף למהדרין,IL,המבורגר גלאט עוף 400,גרמים,400.00,100 גרם,false,,21.90,5.4750,true,1,49341
7290010193325,false,קבב עגל גלאט עוף 400,מ ב גלאט עוף למהדרין,IL,קבב עגל גלאט עוף 400,גרמים,400.00,100 גרם,false,,21.90,5.4750,true,1,49340
7290010193448,false,פסטרמה רומנית ג.עוף,מ ב גלאט עוף למהדרין,IL,פסטרמה רומנית ג.עוף,גרמים,400.00,100 גרם,false,,29.90,7.4750,true,1,65065
7290010193479,false,מעדן שווארמה ג.עוף 2,מ ב גלאט עוף למהדרין,IL,מעדן שווארמה ג.עוף 2,גרמים,200.00,100 גרם,false,,13.90,6.9500,true,1,65064
7290010193493,false,חזה הודו מעושן ג.עוף,מ ב גלאט עוף למהדרין,IL,חזה הודו מעושן ג.עוף,גרמים,200.00,100 גרם,false,,15.90,7.9500,true,1,65061
7290010193530,false,נקניק קבנוס ג.עוף 18,מ ב גלאט עוף למהדרין,IL,נקניק קבנוס ג.עוף 18,גרמים,180.00,100 גרם,false,,12.90,7.1667,true,1,65068
7290010193608,false,מארז נקניקיות ג.עוף,מ ב גלאט עוף למהדרין,IL,מארז נקניקיות ג.עוף,גרמים,900.00,100 גרם,false,,19.90,2.2111,true,1,65070
7290010193615,false,מארז פסטרמה חזה הודו,מ ב גלאט עוף למהדרין,IL,מארז פסטרמה חזה הודו,גרמים,600.00,100 גרם,false,,22.90,3.8167,true,1,65073
7290010193806,false,נקניקיות עוף קפוא גל,גלאט עוף,IL,נקניקיות עוף קפוא גל,גרמים,400.00,100 גרם,false,,9.90,2.4750,true,1,65071
7290010193837,false,נגיסי עוף גלאט עוף 2,מ ב גלאט עוף למהדרין,IL,נגיסי עוף גלאט עוף 2,פריט,2.00,"ק""ג",false,,59.90,29.9500,true,1,68129
7290010193851,false,שניצל אמריקאי גלאט ע,מ ב גלאט עוף למהדרין,IL,שניצל אמריקאי גלאט ע,פריט,2.00,"ק""ג",false,,59.90,29.9500,true,1,68128
7290010193875,false,נקניקיות עוף ג.עוף 1,מ ב גלאט עוף למהדרין,IL,נקניקיות עוף ג.עוף 1,פריט,1.50,"ק""ג",false,,29.90,19.9333,true,1,66564
7290010193929,false,שניצלונים בשומשום גל,מ ב גלאט עוף למהדרין,IL,שניצלונים בשומשום גל,פריט,1.30,"ק""ג",false,,59.90,46.0769,true,1,70731
7290010193967,false,קישקע גלאט עוף 600 ג,מ ב גלאט עוף למהדרין,IL,קישקע גלאט עוף 600 ג,גרמים,600.00,100 גרם,false,,18.90,3.1500,true,1,74299
7290010237890,false,בירה היינקן ב.חוזר 5,טמפו,IL,בירה היינקן ב.חוזר 5,מיליליטרים,500.00,"100 מ""ל",false,,8.90,1.7800,true,1,59823
7290010259991,false,צנימים ויליפוד 250 ג,דן קייק,PT,צנימים ויליפוד 250 ג,גרמים,250.00,100 גרם,false,,5.90,2.3600,true,1,64236
7290010328093,false,ממרח חלוה אחוה 400 ג,אחדות ביחר לטחינה חל,IL,ממרח חלוה אחוה 400 ג,גרמים,400.00,100 גרם,false,,9.90,2.4750,true,1,46839
7290010328178,false,חלוה מסולסלת אחוה 25,אחדות ביחר לטחינה חל,IL,חלוה מסולסלת אחוה 25,גרמים,250.00,100 גרם,false,,10.90,4.3600,true,1,46840
7290010328239,false,טחינה מתובלת אחוה 50,אחדות ביחר לטחינה חל,IL,טחינה מתובלת אחוה 50,גרמים,500.00,100 גרם,false,,10.90,2.1800,true,1,46842
7290010328345,false,חטיף חלוה וניל אחוה,אחדות ביחר לטחינה חל,IL,חטיף חלוה וניל אחוה,גרמים,50.00,100 גרם,false,,1.60,3.2000,true,1,43511
7290010328468,false,חטיפי מיני חלוה אחוה,אחדות ביחר לטחינה חל,IL,חטיפי מיני חלוה אחוה,גרמים,216.00,100 גרם,false,,9.80,4.5370,true,1,72880
7290010328505,false,חטיפי מיני חלוה ללא,אחדות ביחר לטחינה חל,IL,חטיפי מיני חלוה ללא,גרמים,150.00,100 גרם,false,,9.80,6.5333,true,1,72881
7290010328680,false,עוגת שוקולד ציפס מרי,אחדות ביחר לטחינה חל,IL,עוגת שוקולד ציפס מרי,גרמים,450.00,100 גרם,false,,8.90,1.9778,true,1,75238
7290010328710,false,קצפיות אחוה 180 גרם,אחדות ביחר לטחינה חל,IL,קצפיות אחוה 180 גרם,גרמים,180.00,100 גרם,false,,6.90,3.8333,true,1,89848
7290010328727,false,ממרח שומשום עם שוקול,אחדות ביחר לטחינה חל,IL,ממרח שומשום עם שוקול,גרמים,400.00,100 גרם,false,,9.90,2.4750,true,1,85013
7290010328734,false,ממרח שומשום עם סילאן,אחדות ביחר לטחינה חל,IL,ממרח שומשום עם סילאן,גרמים,400.00,100 גרם,false,,9.90,2.4750,true,1,85846
7290010328765,false,חטיף חלוה שוקו וניל,אחדות ביחר לטחינה חל,IL,חטיף חלוה שוקו וניל,גרמים,50.00,100 גרם,false,,1.60,3.2000,true,1,90210
7290010328789,false,עוגת וניל אחדות 350,אחדות ביחר לטחינה חל,IL,עוגת וניל אחדות 350,גרמים,350.00,100 גרם,false,,6.50,1.8571,true,1,87970
7290010328796,false,עוגת שוקולד אחדות 35,אחדות ביחר לטחינה חל,IL,עוגת שוקולד אחדות 35,גרמים,350.00,100 גרם,false,,6.50,1.8571,true,1,87971
7290010328802,false,עוגת שוקולד ציפס אחד,אחדות ביחר לטחינה חל,IL,עוגת שוקולד ציפס אחד,גרמים,350.00,100 גרם,false,,6.50,1.8571,true,1,87972
7290010328819,false,ממרח שומשום עם שוקול,אחדות ביחר לטחינה חל,IL,ממרח שומשום עם שוקול,גרמים,400.00,100 גרם,false,,9.90,2.4750,true,1,88666
7290010328895,false,מאפין שוקולד אחוה 45,אחדות ביחר לטחינה חל,IL,מאפין שוקולד אחוה 45,גרמים,45.00,100 גרם,false,,1.30,2.8889,true,1,89289
7290010328901,false,מאפין וניל אחוה 45 ג,אחדות ביחר לטחינה חל,IL,מאפין וניל אחוה 45 ג,גרמים,45.00,100 גרם,false,,1.30,2.8889,true,1,90375
7290010471669,false,דנונה בר תות וקורנפל,שטראוס,IL,דנונה בר תות וקורנפל,גרמים,175.00,100 גרם,false,,4.30,2.4571,true,1,42868
7290010472307,false,מארז משקה גמדים תות,שטראוס,IL,מארז משקה גמדים תות,גרמים,800.00,100 גרם,false,,19.90,2.4875,true,1,88570
7290010472390,false,מארז דני שוקולד 8*12,שטראוס,IL,מארז דני שוקולד 8*12,קילוגרמים,1.00,ליטר,false,,14.90,14.9000,true,1,63623
7290010513703,false,צופסטיקס מזרח ומערב,גולין  פנגזו,CN,צופסטיקס מזרח ומערב,Unknown,0.00,יחידה,false,,6.40,0.0000,true,1,105421
7290010513727,false,פנקו פירורי לחם מזרח,קינגדאו גוניון פודס,CN,פנקו פירורי לחם מזרח,גרמים,200.00,100 גרם,false,,7.90,3.9500,true,1,104167
7290010561148,false,שליש באגט ל.גלוטן בר,"ל.ד בר אל בע""מ",IL,שליש באגט ל.גלוטן בר,גרמים,360.00,100 גרם,false,,9.90,2.7500,true,1,83599
7290010561193,false,לחמניות נקניקיה ל.גל,"ל.ד בר אל בע""מ",IL,לחמניות נקניקיה ל.גל,גרמים,330.00,100 גרם,false,,4.90,1.4848,true,1,83597
7290010561216,false,פיתות ל.גלוטן בראל 5,"ל.ד בר אל בע""מ",IL,פיתות ל.גלוטן בראל 5,גרמים,420.00,100 גרם,false,,9.90,2.3571,true,1,84627
7290010561247,false,לחם ביתי ל.גלוטן ברא,"ל.ד בר אל בע""מ",IL,לחם ביתי ל.גלוטן ברא,גרמים,500.00,100 גרם,false,,4.90,0.9800,true,1,83596
7290010561278,false,לחמניות המבורגר ל.גל,"ל.ד בר אל בע""מ",IL,לחמניות המבורגר ל.גל,גרמים,370.00,100 גרם,false,,4.90,1.3243,true,1,83598
7290010608096,false,יין יפו קברנה סובניו,יקב טרנקבל,IL,יין יפו קברנה סובניו,מיליליטרים,750.00,"100 מ""ל",false,,89.90,11.9867,true,1,116459
7290010617203,false,סינר האכלה לתינוק אר,אריסטוקרט,,סינר האכלה לתינוק אר,Unknown,0.00,יחידה,false,,11.90,0.0000,true,1,48886
7290010617241,false,מוצץ בינוני סדרת פרח,אריסטוקרט,,מוצץ בינוני סדרת פרח,Unknown,0.00,יחידה,false,,16.90,0.0000,true,1,46856
7290010617258,false,מוצץ קטן סדרת פרחים,אריסטוקרט,,מוצץ קטן סדרת פרחים,Unknown,0.00,יחידה,false,,16.90,0.0000,true,1,46857
7290010617395,false,מתז לניקוי התינוק אר,אריסטוקרט,IL,מתז לניקוי התינוק אר,מיליליטרים,500.00,"100 מ""ל",false,,11.90,2.3800,true,1,42176
7290010617609,false,מוצץ סיליקון בינוני,אריסטוקרט,,מוצץ סיליקון בינוני,Unknown,0.00,יחידה,false,,13.90,0.0000,true,1,48879
7290010617623,false,כוס אימון פרימיום לת,אריסטוקרט,,כוס אימון פרימיום לת,Unknown,0.00,יחידה,false,,14.90,0.0000,true,1,49628
7290010617906,false,מברשת פרימיום לניקוי,אריסטוקרט,,מברשת פרימיום לניקוי,Unknown,0.00,יחידה,false,,12.90,0.0000,true,1,52233
7290010617913,false,בקבוק רחב לתינוק ארי,אריסטוקרט,,בקבוק רחב לתינוק ארי,Unknown,0.00,יחידה,false,,18.90,0.0000,true,1,52232
7290010617920,false,מחזיק למוצץ אריסטוקר,אריסטוקרט,,מחזיק למוצץ אריסטוקר,Unknown,0.00,יחידה,false,,12.90,0.0000,true,1,52235
7290010627523,false,לפתן אננס חתוך רויאמ,טקרנג,TH,לפתן אננס חתוך רויאמ,גרמים,850.00,100 גרם,false,,9.90,1.1647,true,1,116448
7290010650019,false,אנדיב - עולש,חוות פטריות תקוע,IL,אנדיב - עולש,Unknown,0.00,יחידה,false,,13.90,0.0000,true,1,49663
7290010650828,false,פטריות שימגי,חוות פטריות תקוע,IL,פטריות שימגי,Unknown,0.00,יחידה,false,,13.90,0.0000,true,1,97216
7290010650996,false,פטריות שימגי חומות,חוות פטריות תקוע,IL,פטריות שימגי חומות,Unknown,0.00,יחידה,false,,13.90,0.0000,true,1,111571
7290010656592,false,מיץ ענבים תירוש אדום,יקב טפרברג 1870 בעמ,IL,מיץ ענבים תירוש אדום,קילוגרמים,1.00,ליטר,false,,16.90,16.9000,true,1,61028
7290010656615,false,מיץ ענבים תירוש לבן,יקב טפרברג 1870 בעמ,IL,מיץ ענבים תירוש לבן,קילוגרמים,1.00,ליטר,false,,16.90,16.9000,true,1,61029
7290010676712,false,פילה סול פאר הדג,,,פילה סול פאר הדג,פריט,1.00,"ק""ג",false,,27.90,27.9000,true,1,65425
7290010748877,false,קרם גוף אפקטיב קר לע,פישר מעבדות פרמצבטיו,IL,קרם גוף אפקטיב קר לע,מיליליטרים,700.00,"100 מ""ל",false,,25.90,3.7000,true,1,78311
7290010748891,false,קרם גוף אפקטיב קר לע,פישר מעבדות פרמצבטיו,IL,קרם גוף אפקטיב קר לע,מיליליטרים,700.00,"100 מ""ל",false,,25.90,3.7000,true,1,78312
7290010757893,false,"בורקס תפו""א ל.גלוטן",מאפיית ישראל חיפה,IL,"בורקס תפו""א ל.גלוטן",גרמים,500.00,100 גרם,false,,19.90,3.9800,true,1,114825
7290010757909,false,בורקס גבינה ל.גלוטן,מאפיית ישראל חיפה,IL,בורקס גבינה ל.גלוטן,גרמים,500.00,100 גרם,false,,19.90,3.9800,true,1,114826
7290010757916,false,בורקס פיצה ל.גלוטן א,מאפיית ישראל חיפה,IL,בורקס פיצה ל.גלוטן א,גרמים,500.00,100 גרם,false,,19.90,3.9800,true,1,114822
7290010757923,false,ריבועי בצק עלים ל.גל,מאפיית ישראל חיפה,IL,ריבועי בצק עלים ל.גל,גרמים,450.00,100 גרם,false,,19.90,4.4222,true,1,114823
7290010757930,false,מלוואח ל.גלוטן אריאל,מאפיית ישראל חיפה,IL,מלוואח ל.גלוטן אריאל,גרמים,500.00,100 גרם,false,,19.90,3.9800,true,1,114827
7290010757947,false,בורקס פטריות ל.גלוטן,מאפיית ישראל חיפה,IL,בורקס פטריות ל.גלוטן,גרמים,500.00,100 גרם,false,,19.90,3.9800,true,1,114824
7290010757961,false,ג'חנון ל.גלוטן אריאל,מאפיית ישראל חיפה,IL,ג'חנון ל.גלוטן אריאל,גרמים,450.00,100 גרם,false,,19.90,4.4222,true,1,114829
7290010777150,false,פיתות מרובעות קמח מל,שאשא,IL,פיתות מרובעות קמח מל,גרמים,800.00,100 גרם,false,,13.90,1.7375,true,1,59936
7290010777280,false,פיתות מרובעות פיתה א,שאשא,IL,פיתות מרובעות פיתה א,פריט,1.00,"ק""ג",false,,12.90,12.9000,true,1,59437
7290010777297,false,פיתות פיתה אקספרס 10,שאשא,IL,פיתות פיתה אקספרס 10,גרמים,600.00,100 גרם,false,,12.90,2.1500,true,1,59435
7290010777358,false,מארז פיתות 100% כוסמ,שאשא,IL,מארז פיתות 100% כוסמ,גרמים,400.00,100 גרם,false,,15.90,3.9750,true,1,96896
7290010777488,false,מארז פיתות מחמצת קמח,שאשא,IL,מארז פיתות מחמצת קמח,גרמים,500.00,100 גרם,false,,15.90,3.1800,true,1,116787
7290010777525,false,מארז פיתות חוכמת הפי,שאשא,IL,מארז פיתות חוכמת הפי,גרמים,300.00,100 גרם,false,,15.90,5.3000,true,1,116788
7290010883356,false,כפפות אלוורה L סנו ס,Z H RUBBER,IL,כפפות אלוורה L סנו ס,Unknown,0.00,יחידה,false,,8.90,0.0000,true,1,46893
7290010883363,false,כפפות אלוורה S סנו ס,Z H RUBBER,IL,כפפות אלוורה S סנו ס,Unknown,0.00,יחידה,false,,8.90,0.0000,true,1,46894
7290010883370,false,כפפות אלוורה M סנו ס,Z H RUBBER,IL,כפפות אלוורה M סנו ס,Unknown,0.00,יחידה,false,,8.90,0.0000,true,1,46895
7290010931330,false,מטבוחה אחלה 500 גרם,שטראוס,IL,מטבוחה אחלה 500 גרם,גרמים,500.00,100 גרם,false,,13.90,2.7800,true,1,48950
7290010945146,false,קוטג 3% טרה 250 גרם,טרה,IL,קוטג 3% טרה 250 גרם,גרמים,250.00,100 גרם,false,,4.90,1.9600,true,1,46900
7290010945306,false,חלב 3% טרה 2 ליטר,טרה,IL,חלב 3% טרה 2 ליטר,קילוגרמים,2.00,ליטר,false,,10.90,5.4500,true,1,46903
7290010945450,false,גבינה 3% טרה 250 גרם,טרה,IL,גבינה 3% טרה 250 גרם,גרמים,250.00,100 גרם,false,,4.90,1.9600,true,1,46904
7290010984565,false,זית חרוזית בני דרום,בני דרום,IL,זית חרוזית בני דרום,גרמים,820.00,100 גרם,false,,9.90,1.2073,true,1,93743
7290010984572,false,זית טבעות בני דרום 8,בני דרום,IL,זית טבעות בני דרום 8,גרמים,820.00,100 גרם,false,,9.90,1.2073,true,1,93744
7290010984596,false,זית מנזלינו בני דרום,בני דרום,IL,זית מנזלינו בני דרום,גרמים,820.00,100 גרם,false,,7.90,0.9634,true,1,93739
7290010984602,false,זית סורי מבוקע בני ד,בני דרום,IL,זית סורי מבוקע בני ד,גרמים,820.00,100 גרם,false,,12.90,1.5732,true,1,93740
7290010984619,false,זית מבוקע בני דרום 8,בני דרום,IL,זית מבוקע בני דרום 8,גרמים,820.00,100 גרם,false,,9.90,1.2073,true,1,109808
7290010984626,false,מלפפון במלח גדול בני,בני דרום,IL,מלפפון במלח גדול בני,גרמים,820.00,100 גרם,false,,6.90,0.8415,true,1,93749
7290010984633,false,מלפפון במלח בינוני ב,בני דרום,IL,מלפפון במלח בינוני ב,גרמים,820.00,100 גרם,false,,7.90,0.9634,true,1,93750
7290010984640,false,מלפפון במלח קטן בני,בני דרום,IL,מלפפון במלח קטן בני,גרמים,820.00,100 גרם,false,,9.50,1.1585,true,1,93751
7290010984657,false,מלפפון במלח קטן מאוד,בני דרום,IL,מלפפון במלח קטן מאוד,גרמים,820.00,100 גרם,false,,11.90,1.4512,true,1,93752
7290010984671,false,מלפפון בחומץ גדול בנ,בני דרום,IL,מלפפון בחומץ גדול בנ,גרמים,820.00,100 גרם,false,,6.90,0.8415,true,1,93745
7290010984688,false,מלפפון בחומץ בינוני,בני דרום,IL,מלפפון בחומץ בינוני,גרמים,820.00,100 גרם,false,,7.90,0.9634,true,1,93746
7290010984695,false,מלפפון בחומץ קטן בני,בני דרום,IL,מלפפון בחומץ קטן בני,גרמים,820.00,100 גרם,false,,9.50,1.1585,true,1,93747
7290010984701,false,מלפפון בחומץ קטן מאו,בני דרום,IL,מלפפון בחומץ קטן מאו,גרמים,820.00,100 גרם,false,,11.90,1.4512,true,1,93748
7290010984794,false,פלפל שיפקה בני דרום,בני דרום,IL,פלפל שיפקה בני דרום,גרמים,820.00,100 גרם,false,,7.50,0.9146,true,1,100545
7290011017866,false,"קוקה קולה 330 מ""ל",קוקה קולה,IL,"קוקה קולה 330 מ""ל",מיליליטרים,330.00,"100 מ""ל",false,,3.90,1.1818,true,1,105634
7290011017873,false,קוקה קולה זירו 330 מ,קוקה קולה,IL,קוקה קולה זירו 330 מ,מיליליטרים,330.00,"100 מ""ל",false,,3.90,1.1818,true,1,105635
7290011018917,false,מארז קוקה קולה זירו,קוקה קולה,IL,מארז קוקה קולה זירו,קילוגרמים,1.98,ליטר,false,,21.90,11.0606,true,1,85533
7290011022976,false,נייר אלומיניום אור 1,גי.טי,IL,נייר אלומיניום אור 1,מטרים,60.00,מטר,false,,23.90,0.3983,true,1,118997
7290011064099,false,טאפס פלפלים ממולאים,נטורל קייקס,IL,טאפס פלפלים ממולאים,גרמים,125.00,100 גרם,false,,16.90,13.5200,true,1,90702
7290011081492,false,גלידה קרמיסימו שלושה,גלידות שטראוס,IL,גלידה קרמיסימו שלושה,קילוגרמים,1.33,ליטר,false,,16.90,12.7068,true,1,43321
7290011081690,false,גלידה קרמיסימו שוקו,גלידות שטראוס,IL,גלידה קרמיסימו שוקו,קילוגרמים,1.33,ליטר,false,,16.90,12.7068,true,1,43324
7290011091057,false,פפריקה מתוקה פרג 500,תבליני הדור השלישי,IL,פפריקה מתוקה פרג 500,גרמים,500.00,100 גרם,false,,34.90,6.9800,true,1,48130
7290011091071,false,פפריקה חריפה בשמן פר,תבליני הדור השלישי,IL,פפריקה חריפה בשמן פר,גרמים,500.00,100 גרם,false,,34.90,6.9800,true,1,48129
7290011091118,false,גריל עוף פרג 500 גרם,תבליני הדור השלישי,IL,גריל עוף פרג 500 גרם,גרמים,500.00,100 גרם,false,,34.90,6.9800,true,1,48125
7290011091392,false,בהרט לקובה פרג 120 ג,תבליני הדור השלישי,IL,בהרט לקובה פרג 120 ג,גרמים,100.00,100 גרם,false,,16.90,16.9000,true,1,50342
7290011091507,false,פלפל שחור טחון פרג 1,תבליני הדור השלישי,IL,פלפל שחור טחון פרג 1,גרמים,100.00,100 גרם,false,,15.90,15.9000,true,1,48121
7290011091620,false,קימל טחון פרג 120 גר,תבליני הדור השלישי,IL,קימל טחון פרג 120 גר,גרמים,120.00,100 גרם,false,,15.90,13.2500,true,1,60162
7290011091651,false,שום גבישי פרג 150 גר,תבליני הדור השלישי,IL,שום גבישי פרג 150 גר,גרמים,150.00,100 גרם,false,,16.90,11.2667,true,1,48109
7290011115166,false,תחליב נקה 7 לבנדר 1,אמיליה קוסמטיקס,IL,תחליב נקה 7 לבנדר 1,קילוגרמים,1.00,ליטר,false,,12.70,12.7000,true,1,46933
7290011115173,false,תחליב נקה 7 וניל שקד,אמיליה קוסמטיקס,IL,תחליב נקה 7 וניל שקד,קילוגרמים,1.00,ליטר,false,,12.70,12.7000,true,1,46934
7290011115203,false,סבון מוצק נקה 7 ורוד,גליל כימיקלים בעמ,IL,סבון מוצק נקה 7 ורוד,גרמים,400.00,100 גרם,false,,8.90,2.2250,true,1,46935
7290011115241,false,סבון מוצק נקה 7 ורד,גליל כימיקלים בעמ,IL,סבון מוצק נקה 7 ורד,גרמים,400.00,100 גרם,false,,8.90,2.2250,true,1,46936
7290011115258,false,סבון מוצק נקה 7 ירוק,גליל כימיקלים בעמ,IL,סבון מוצק נקה 7 ירוק,גרמים,400.00,100 גרם,false,,8.90,2.2250,true,1,46937
7290011115265,false,סבון מוצק נקה 7 לבנד,גליל כימיקלים בעמ,IL,סבון מוצק נקה 7 לבנד,גרמים,400.00,100 גרם,false,,8.90,2.2250,true,1,46938
7290011115401,false,סבון מוצק נקה 7 קמומ,סנו,IL,סבון מוצק נקה 7 קמומ,גרמים,400.00,100 גרם,false,,8.90,2.2250,true,1,50069
7290011126209,false,חליטת תפוח וקינמון ס,ויסוצקי,IL,חליטת תפוח וקינמון ס,גרמים,68.00,100 גרם,false,,15.90,23.3824,true,1,74651
7290011126452,false,תה קמומיל נענע הגן ק,ויסוצקי,IL,תה קמומיל נענע הגן ק,גרמים,38.00,100 גרם,false,,15.90,41.8421,true,1,55613
7290011126469,false,תה קמומיל ודבש הגן ק,ויסוצקי,IL,תה קמומיל ודבש הגן ק,גרמים,38.00,100 גרם,false,,15.90,41.8421,true,1,66580
7290011133375,false,מארז בירה שנדי אפרסק,טמפו,IL,מארז בירה שנדי אפרסק,קילוגרמים,1.98,ליטר,false,,24.90,12.5758,true,1,54869
7290011133450,false,פקדון בקבוק חוזר 500,,,פקדון בקבוק חוזר 500,Unknown,0.00,יחידה,false,,1.20,0.0000,true,1,59478
7290011133634,false,מארז פפסי מקס 6*330,אלפא S.A,AL,מארז פפסי מקס 6*330,קילוגרמים,1.98,ליטר,false,,16.90,8.5354,true,1,101554
7290011148959,false,פלפל טינקרבל מארז,מרינה,IL,פלפל טינקרבל מארז,Unknown,0.00,יחידה,false,,8.90,0.0000,true,1,63582
7290011154028,false,סירופ תפוע 1.2 ליטר,טעמי הגליל,IL,סירופ תפוע 1.2 ליטר,קילוגרמים,1.20,ליטר,false,,39.90,33.2500,true,1,42073
7290011154301,false,ממרח תמרים טעמי הגלי,טעמי הגליל,IL,ממרח תמרים טעמי הגלי,גרמים,450.00,100 גרם,false,,5.90,1.3111,true,1,48159
7290011154318,false,סילאן טבעי טעמי הגלי,טעמי הגליל,IL,סילאן טבעי טעמי הגלי,גרמים,900.00,100 גרם,false,,16.90,1.8778,true,1,85155
7290011164164,false,לקקן סודה טעמן 40 יח,גואנגדונג צאואן פוד,CN,לקקן סודה טעמן 40 יח,גרמים,310.00,100 גרם,false,,14.90,4.8065,true,1,46950
7290011164539,false,סוכריות פרוטמילה טופ,פאסין אס אי,BR,סוכריות פרוטמילה טופ,גרמים,600.00,100 גרם,false,,7.90,1.3167,true,1,46954
7290011164546,false,סוכריות פרוטמילה טופ,פאסין אס אי,BR,סוכריות פרוטמילה טופ,גרמים,600.00,100 גרם,false,,7.90,1.3167,true,1,46955
7290011164980,false,לקקן ממולא טופי 34 י,פאסין אס אי,BR,לקקן ממולא טופי 34 י,גרמים,612.00,100 גרם,false,,7.90,1.2908,true,1,46961
7290011174392,false,שעועית לבנה ברוטב וי,ויטה,IL,שעועית לבנה ברוטב וי,גרמים,570.00,100 גרם,false,,2.90,0.5088,true,1,55318
7290011194215,false,דניאלה בננה 88 גרם,שטראוס,IL,דניאלה בננה 88 גרם,Unknown,0.00,יחידה,false,,3.90,0.0000,true,1,46981
7290011194246,false,קוטג 5% שטראוס 250 ג,שטראוס,IL,קוטג 5% שטראוס 250 ג,גרמים,250.00,100 גרם,false,,5.60,2.2400,true,1,46982
7290011240905,false,יין מוסקטו לבן  מבעב,יקבי ציון,IL,יין מוסקטו לבן  מבעב,מיליליטרים,750.00,"100 מ""ל",false,,24.90,3.3200,true,1,75069
7290011249212,false,ופלים קראנץ' במילוי,,IL,ופלים קראנץ' במילוי,גרמים,200.00,100 גרם,false,,2.90,1.4500,true,1,118130
7290011253448,false,יין גוש עציון דרך הא,יקב גוש עציון,IL,יין גוש עציון דרך הא,מיליליטרים,750.00,"100 מ""ל",false,,79.90,10.6533,true,1,114787
7290011254070,false,פלפל שחור שקית מיה 5,מיה תעשיות מזון בעמ,IL,פלפל שחור שקית מיה 5,גרמים,50.00,100 גרם,false,,6.90,13.8000,true,1,56888
7290011254087,false,קינמון שקית מיה 80 ג,מיה תעשיות מזון בעמ,IL,קינמון שקית מיה 80 ג,גרמים,80.00,100 גרם,false,,3.90,4.8750,true,1,56889
7290011254094,false,כמון שקית מיה 80 גרם,מיה תעשיות מזון בעמ,IL,כמון שקית מיה 80 גרם,גרמים,80.00,100 גרם,false,,3.90,4.8750,true,1,56927
7290011254100,false,כורכום שקית מיה 80 ג,מיה תעשיות מזון בעמ,IL,כורכום שקית מיה 80 ג,גרמים,80.00,100 גרם,false,,3.90,4.8750,true,1,56890
7290011254117,false,פפריקה מתוקה שקית מי,מיה תעשיות מזון בעמ,IL,פפריקה מתוקה שקית מי,גרמים,80.00,100 גרם,false,,3.90,4.8750,true,1,56891
7290011254124,false,פפריקה חריפה שקית מי,מיה תעשיות מזון בעמ,IL,פפריקה חריפה שקית מי,גרמים,80.00,100 גרם,false,,3.90,4.8750,true,1,56892
7290011254131,false,אורגנו שקית מיה 20 ג,מיה תעשיות מזון בעמ,IL,אורגנו שקית מיה 20 ג,גרמים,20.00,100 גרם,false,,3.90,19.5000,true,1,56921
7290011254148,false,אבקת שום שקית מיה 80,מיה תעשיות מזון בעמ,IL,אבקת שום שקית מיה 80,גרמים,80.00,100 גרם,false,,6.90,8.6250,true,1,56893
7290011254155,false,מלח לימון שקית מיה 8,מיה תעשיות מזון בעמ,IL,מלח לימון שקית מיה 8,גרמים,100.00,100 גרם,false,,3.90,3.9000,true,1,56894
7290011254162,false,פלפל לבן שקית מיה 50,מיה תעשיות מזון בעמ,IL,פלפל לבן שקית מיה 50,גרמים,50.00,100 גרם,false,,6.90,13.8000,true,1,56895
7290011254179,false,גריל עוף שקית מיה 80,מיה תעשיות מזון בעמ,IL,גריל עוף שקית מיה 80,גרמים,80.00,100 גרם,false,,3.90,4.8750,true,1,56896
7290011254193,false,שבבי שום שקית מיה 50,מיה תעשיות מזון בעמ,IL,שבבי שום שקית מיה 50,גרמים,80.00,100 גרם,false,,6.90,8.6250,true,1,56925
7290011254209,false,גבישי שום שקית מיה 8,מיה תעשיות מזון בעמ,IL,גבישי שום שקית מיה 8,גרמים,80.00,100 גרם,false,,6.90,8.6250,true,1,56923
7290011254247,false,מארז תן צאפ גלגלים 8,מיה תעשיות מזון בעמ,IL,מארז תן צאפ גלגלים 8,גרמים,120.00,100 גרם,false,,7.90,6.5833,true,1,46990
7290011254698,false,שמן זית כתית מיה 750,MUELOLIVA,ES,שמן זית כתית מיה 750,מיליליטרים,750.00,"100 מ""ל",false,,27.90,3.7200,true,1,56899
7290011312381,false,פטריות סטייק פורטובל,מרינה פטריות,IL,פטריות סטייק פורטובל,Unknown,0.00,יחידה,false,,10.90,0.0000,true,1,60157
7290011379018,false,מארז פטריות צמד חמד,מרינה פטריות,IL,מארז פטריות צמד חמד,Unknown,0.00,יחידה,false,,15.90,0.0000,true,1,53193
7290011447359,false,מטרנה מהדרין שלב 1 7,מטרנה,IL,מטרנה מהדרין שלב 1 7,גרמים,700.00,100 גרם,false,,46.90,6.7000,true,1,47013
7290011447373,false,מטרנה מהדרין שלב 2 7,מטרנה,IL,מטרנה מהדרין שלב 2 7,גרמים,700.00,100 גרם,false,,46.90,6.7000,true,1,47014
7290011489861,false,פתיבר בטעם וניל הדר,מגדנית הדר,IL,פתיבר בטעם וניל הדר,פריט,1.80,"ק""ג",false,,21.90,12.1667,true,1,105131
7290011499358,false,גבינת פטה עיזים 20%,מחלבות גד,IL,גבינת פטה עיזים 20%,גרמים,200.00,100 גרם,false,,22.90,11.4500,true,1,60604
7290011499365,false,גבינה חלומי 24% גד 2,מחלבות גד,IL,גבינה חלומי 24% גד 2,גרמים,200.00,100 גרם,false,,18.90,9.4500,true,1,48635
7290011499419,false,גבינה במרקם שמנת טבע,מחלבות גד,IL,גבינה במרקם שמנת טבע,גרמים,200.00,100 גרם,false,,11.40,5.7000,true,1,59054
7290011499686,false,גבינה צפתית 5% גד 35,מחלבות גד,IL,גבינה צפתית 5% גד 35,גרמים,350.00,100 גרם,false,,19.90,5.6857,true,1,43203
7290011499723,false,גבינה בולגרית פרוסות,דשן,IL,גבינה בולגרית פרוסות,גרמים,250.00,100 גרם,false,,24.90,9.9600,true,1,43202
7290011499730,false,גבינה בולגרית 5% גד,דשן,IL,גבינה בולגרית 5% גד,גרמים,250.00,100 גרם,false,,21.90,8.7600,true,1,43264
7290011499822,false,גבינה בולגרית מעודנת,דשן,IL,גבינה בולגרית מעודנת,גרמים,250.00,100 גרם,false,,21.90,8.7600,true,1,62443
7290011499846,false,גבינת ריקוטה פרסקה 9,מחלבות גד,IL,גבינת ריקוטה פרסקה 9,גרמים,300.00,100 גרם,false,,13.90,4.6333,true,1,61305
7290011501570,false,מיץ שזיפים פרון 946,,US,מיץ שזיפים פרון 946,מיליליטרים,946.00,"100 מ""ל",false,,14.90,1.5751,true,1,65955
7290011514839,false,ספוג רחצה 5 יח',,,ספוג רחצה 5 יח',Unknown,0.00,יחידה,false,,9.90,0.0000,true,1,43060
7290011515683,false,טילוני אקסטרים וניל,גלידות נסטלה,IL,טילוני אקסטרים וניל,גרמים,432.00,100 גרם,false,,23.90,5.5324,true,1,47036
7290011515911,false,שלגוני לייט נסטלה רי,גלידות נסטלה,IL,שלגוני לייט נסטלה רי,גרמים,312.00,100 גרם,false,,22.90,7.3397,true,1,53364
7290011518561,false,אקטימל תות דנונה 14*,שטראוס,IL,אקטימל תות דנונה 14*,קילוגרמים,1.40,ליטר,false,,28.90,20.6429,true,1,42854
7290011537371,false,פסטה קונכיות טעמן 50,מוטלו,TR,פסטה קונכיות טעמן 50,גרמים,500.00,100 גרם,false,,3.90,0.7800,true,1,47050
7290011598211,false,תרסיס אנטי קאלק 4 ב-,סנו,IL,תרסיס אנטי קאלק 4 ב-,מיליליטרים,700.00,"100 מ""ל",false,,14.90,2.1286,true,1,47059
7290011598402,false,מרכך מקסימה מאסק 4 ל,סנו,IL,מרכך מקסימה מאסק 4 ל,קילוגרמים,4.00,ליטר,false,,19.80,4.9500,true,1,47064
7290011725006,false,פטרוזליה ברכת דוד,ברכת קטיף,IL,פטרוזליה ברכת דוד,Unknown,0.00,יחידה,false,,5.90,0.0000,true,1,107560
7290011725013,false,כוסברה ברכת דוד,ברכת קטיף,IL,כוסברה ברכת דוד,Unknown,0.00,יחידה,false,,5.90,0.0000,true,1,97346
7290011725020,false,שמיר ברכת דוד,ברכת קטיף,IL,שמיר ברכת דוד,Unknown,0.00,יחידה,false,,5.90,0.0000,true,1,67248
7290011725037,false,נענע ברכת דוד,ברכת קטיף,IL,נענע ברכת דוד,Unknown,0.00,יחידה,false,,5.90,0.0000,true,1,107561
7290011725044,false,סלרי ברכת דוד,ברכת קטיף,IL,סלרי ברכת דוד,Unknown,0.00,יחידה,false,,6.90,0.0000,true,1,107510
7290011725051,false,חסה ברכת דוד,ברכת קטיף,IL,חסה ברכת דוד,Unknown,0.00,יחידה,false,,6.90,0.0000,true,1,66368
7290011725068,false,מנגולד ברכת דוד,ברכת קטיף,IL,מנגולד ברכת דוד,Unknown,0.00,יחידה,false,,6.90,0.0000,true,1,107419
7290011725136,false,דלעת ברכת דוד,ברכת קטיף,IL,דלעת ברכת דוד,Unknown,0.00,יחידה,false,,8.90,0.0000,true,1,117717
7290011725143,false,לבבות חסה ברכת דוד,ברכת קטיף,IL,לבבות חסה ברכת דוד,Unknown,0.00,יחידה,false,,12.90,0.0000,true,1,107558
7290011725167,false,בצל ירוק ברכת דוד,,,בצל ירוק ברכת דוד,Unknown,0.00,יחידה,false,,6.90,0.0000,true,1,65236
7290011732172,false,סוכריות שרשרת טעמן 2,גואנגדונג צאואן פוד,CN,סוכריות שרשרת טעמן 2,גרמים,422.00,100 גרם,false,,14.90,3.5308,true,1,47065
7290011732189,false,סוכריות צמיד טעמן 48,גואנגדונג צאואן פוד,CN,סוכריות צמיד טעמן 48,גרמים,422.00,100 גרם,false,,14.90,3.5308,true,1,47066
7290011732264,false,סוכריות פירמידה טעמן,גואנגדונג צאואן פוד,CN,סוכריות פירמידה טעמן,גרמים,432.00,100 גרם,false,,14.90,3.4491,true,1,47069
7290011732271,false,סוכריות פירות טעמן 3,גואנגדונג צאואן פוד,CN,סוכריות פירות טעמן 3,גרמים,432.00,100 גרם,false,,14.90,3.4491,true,1,47070
7290011765392,false,שמפו כיף לילדים בוב,קוסמופארם,IL,שמפו כיף לילדים בוב,מיליליטרים,750.00,"100 מ""ל",false,,9.90,1.3200,true,1,47099
7290011765415,false,מרכך כיף רוזמרין בוב,קוסמופארם,,מרכך כיף רוזמרין בוב,מיליליטרים,750.00,"100 מ""ל",false,,9.90,1.3200,true,1,47101
7290011765446,false,משחת אורביטול ילדים,טרופיקל דגיל,IL,משחת אורביטול ילדים,גרמים,70.00,100 גרם,false,,6.90,9.8571,true,1,47102
7290011800840,false,טחינה בלאדי רפי 400,צבר,IL,טחינה בלאדי רפי 400,גרמים,400.00,100 גרם,false,,14.90,3.7250,true,1,50194
7290011877859,false,פותח סתימות סנו אינס,סנו,IL,פותח סתימות סנו אינס,מיליליטרים,200.00,"100 מ""ל",false,,9.90,4.9500,true,1,48772
7290011877866,false,אבקת מקסימה מאסק 6 ק,סנו,IL,אבקת מקסימה מאסק 6 ק,פריט,6.00,"ק""ג",false,,39.90,6.6500,true,1,48777
7290011931162,false,ממתיק נוזלי סוכרלוז,"סוכרזית בע""מ",IL,ממתיק נוזלי סוכרלוז,מיליליטרים,220.00,"100 מ""ל",false,,22.90,10.4091,true,1,61521
7290011947521,false,שמן זית כתית זיתא טע,זיתא,IL,שמן זית כתית זיתא טע,מיליליטרים,750.00,"100 מ""ל",false,,27.90,3.7200,true,1,107688
7290011977924,false,פסטה קרניים טעמן 500,מוטלו,TR,פסטה קרניים טעמן 500,גרמים,500.00,100 גרם,false,,3.90,0.7800,true,1,48908
7290012001994,false,חרדל דיזון גרגירים ר,ריין דיזון,FR,חרדל דיזון גרגירים ר,גרמים,350.00,100 גרם,false,,9.90,2.8286,true,1,55228
7290012025822,false,סלט סלק אסלי 400 גרם,סלטי שמיר 2006 בעמ,IL,סלט סלק אסלי 400 גרם,גרמים,400.00,100 גרם,false,,10.90,2.7250,true,1,55294
7290012025839,false,מטבוחה אסלי 400 גרם,סלטי שמיר 2006 בעמ,IL,מטבוחה אסלי 400 גרם,גרמים,400.00,100 גרם,false,,10.90,2.7250,true,1,55295
7290012071003,false,"משחה לתינוק ד""ר פישר",פישר מעבדות פרמצבטיו,IL,"משחה לתינוק ד""ר פישר",גרמים,200.00,100 גרם,false,,18.90,9.4500,true,1,103719
7290012116551,false,נוזל אנטי קאלק 4 ב-1,סנו,IL,נוזל אנטי קאלק 4 ב-1,קילוגרמים,2.00,ליטר,false,,17.90,8.9500,true,1,48759
7290012116612,false,מברשת אורביטול סופט,z h plastic,IL,מברשת אורביטול סופט,Unknown,0.00,יחידה,false,,9.90,0.0000,true,1,48791
7290012117039,false,נוזל 00 לאמבט 1 ליטר,סנו,IL,נוזל 00 לאמבט 1 ליטר,קילוגרמים,1.00,ליטר,false,,6.90,6.9000,true,1,48771
7290012117091,false,אבקת מקסימה סנסטיב 6,סנו,IL,אבקת מקסימה סנסטיב 6,פריט,6.00,"ק""ג",false,,39.90,6.6500,true,1,48778
7290012117275,false,"מילוי סנוקליר 750 מ""",סנו,IL,"מילוי סנוקליר 750 מ""",מיליליטרים,750.00,"100 מ""ל",false,,5.70,0.7600,true,1,48769
7290012117350,false,ריצפז פרש לילך 2 ליט,סנו,IL,ריצפז פרש לילך 2 ליט,קילוגרמים,2.00,ליטר,false,,14.90,7.4500,true,1,48762
7290012117411,false,גל רחצה קרמה מן במבו,קוסמופארם,IL,גל רחצה קרמה מן במבו,מיליליטרים,700.00,"100 מ""ל",false,,16.50,2.3571,true,1,48801
7290012117428,false,שמפו וגל רחצה לגבר ק,קוסמופארם,IL,שמפו וגל רחצה לגבר ק,מיליליטרים,700.00,"100 מ""ל",false,,16.50,2.3571,true,1,48802
7290012117435,false,גל רחצה קרמה מן אלוו,קוסמופארם,IL,גל רחצה קרמה מן אלוו,מיליליטרים,700.00,"100 מ""ל",false,,16.50,2.3571,true,1,48803
7290012117534,false,מרכך מקסימה סופר מרו,סנו,IL,מרכך מקסימה סופר מרו,קילוגרמים,1.00,ליטר,false,,14.90,14.9000,true,1,53175
7290012117541,false,מרכך מקסימה סופר מרו,סנו,IL,מרכך מקסימה סופר מרו,קילוגרמים,1.00,ליטר,false,,14.90,14.9000,true,1,53176
7290012117558,false,מרכך מקסימה סופר מרו,סנו,IL,מרכך מקסימה סופר מרו,קילוגרמים,1.00,ליטר,false,,14.90,14.9000,true,1,53177
7290012117732,false,מרכך מקסימה קול 4 לי,סנו,IL,מרכך מקסימה קול 4 לי,קילוגרמים,4.00,ליטר,false,,19.80,4.9500,true,1,60158
7290012117916,false,פותח סתימות סנו אינס,סנו,IL,פותח סתימות סנו אינס,קילוגרמים,1.00,ליטר,false,,26.70,26.7000,true,1,73398
7290012227592,false,מארז תה מעושן וחרמון,זוגלובק,IL,מארז תה מעושן וחרמון,גרמים,700.00,100 גרם,false,,25.90,3.7000,true,1,74198
7290012227608,false,מארז חרמון וברביקיו,זוגלובק,IL,מארז חרמון וברביקיו,גרמים,600.00,100 גרם,false,,24.90,4.1500,true,1,74197
7290012227615,false,נקניקיות עוף זוגלובק,זוגלובק,IL,נקניקיות עוף זוגלובק,גרמים,800.00,100 גרם,false,,18.90,2.3625,true,1,74196
7290012227622,false,פסטרמה בדבש זוגלובק,זוגלובק,IL,פסטרמה בדבש זוגלובק,גרמים,400.00,100 גרם,false,,18.90,4.7250,true,1,74195
7290012227738,false,סלמי תה מעושן זוגלוב,זוגלובק,IL,סלמי תה מעושן זוגלוב,גרמים,370.00,100 גרם,false,,19.90,5.3784,true,1,83661
7290012227769,false,פסטרמה ברביקיו זוגלו,זוגלובק,IL,פסטרמה ברביקיו זוגלו,גרמים,400.00,100 גרם,false,,18.90,4.7250,true,1,75678
7290012227776,false,פסטרמה הודו זוגלובק,זוגלובק,IL,פסטרמה הודו זוגלובק,גרמים,400.00,100 גרם,false,,18.90,4.7250,true,1,75679
7290012227783,false,נקניק תה מעושן זוגלו,זוגלובק,IL,נקניק תה מעושן זוגלו,גרמים,400.00,100 גרם,false,,17.90,4.4750,true,1,75680
7290012228407,false,נקניקיות ג'מבו זוגלו,זוגלובק,IL,נקניקיות ג'מבו זוגלו,פריט,1.50,"ק""ג",false,,29.90,19.9333,true,1,102856
7290012228612,false,מארז חרמון ברביקיו ו,זוגלובק,IL,מארז חרמון ברביקיו ו,גרמים,600.00,100 גרם,false,,28.90,4.8167,true,1,95196
7290012228629,false,נקניקיות עוף זוגלובק,זוגלובק,IL,נקניקיות עוף זוגלובק,גרמים,800.00,100 גרם,false,,23.90,2.9875,true,1,95194
7290012228766,false,קבנוס זוגלובק 120 גר,זוגלובק,IL,קבנוס זוגלובק 120 גר,גרמים,120.00,100 גרם,false,,9.90,8.2500,true,1,106896
7290012260827,false,שערות קדאיף מזאווי 4,ממתקי מזאוי,,שערות קדאיף מזאווי 4,גרמים,475.00,100 גרם,false,,13.90,2.9263,true,1,88392
7290012275401,false,"בירה מולר 500 מ""ל",הלניק בריויריס אוף א,GR,"בירה מולר 500 מ""ל",מיליליטרים,500.00,"100 מ""ל",false,,3.90,0.7800,true,1,69676
7290012295034,false,בזיליקום מהדרין,ברכת קטיף,IL,בזיליקום מהדרין,Unknown,0.00,יחידה,false,,6.90,0.0000,true,1,73622
7290012309311,false,ערמונים קלופים ששון,דין שיווק,IL,ערמונים קלופים ששון,גרמים,100.00,100 גרם,false,,4.90,4.9000,true,1,40413
7290012309366,false,אורז בסמטי הודי שקדי,,IN,אורז בסמטי הודי שקדי,פריט,5.00,"ק""ג",false,,36.90,7.3800,true,1,61624
7290012309878,false,חלוה פיסטוק ששון הקו,אקאר,IL,חלוה פיסטוק ששון הקו,גרמים,500.00,100 גרם,false,,12.90,2.5800,true,1,40408
7290012309939,false,חלוה מסולסלת ששון הק,אקאר,IL,חלוה מסולסלת ששון הק,גרמים,500.00,100 גרם,false,,13.90,2.7800,true,1,40407
7290012313585,false,זית טבעות ירוק בני ד,בני דרום,IL,זית טבעות ירוק בני ד,פריט,1.25,"ק""ג",false,,14.90,11.9200,true,1,107186
7290012313820,false,רוטב צ'ילי מתוק בני,בני דרום,IL,רוטב צ'ילי מתוק בני,מיליליטרים,500.00,"100 מ""ל",false,,10.90,2.1800,true,1,119331
7290012313837,false,רוטב סויה בני דרום 5,בני דרום,IL,רוטב סויה בני דרום 5,מיליליטרים,500.00,"100 מ""ל",false,,10.90,2.1800,true,1,119332
7290012313844,false,רוטב אלף האיים בני ד,בני דרום,IL,רוטב אלף האיים בני ד,מיליליטרים,500.00,"100 מ""ל",false,,10.90,2.1800,true,1,119333
7290012335006,false,סוכריות רול מיני  טע,גואנגדונג צאואן פוד,CN,סוכריות רול מיני  טע,גרמים,326.00,100 גרם,false,,14.90,4.5706,true,1,48920
7290012335020,false,סוכריות סודה שעון  ט,גואנגדונג צאואן פוד,CN,סוכריות סודה שעון  ט,גרמים,420.00,100 גרם,false,,14.90,3.5476,true,1,48918
7290012338960,false,יין תניא עברי קברנה,יקב תניא,IL,יין תניא עברי קברנה,מיליליטרים,750.00,"100 מ""ל",false,,89.90,11.9867,true,1,109701
7290012359033,false,"דבש מן הטבע 1.5 ק""ג",מכוורת עמק חפר,IL,"דבש מן הטבע 1.5 ק""ג",פריט,1.50,"ק""ג",false,,49.90,33.2667,true,1,89740
7290012359606,false,דבש מן הטבע 700 גרם,מכוורת עמק חפר,IL,דבש מן הטבע 700 גרם,גרמים,700.00,100 גרם,false,,24.90,3.5571,true,1,89732
7290012359613,false,דבש לחיץ מן הטבע 500,מכוורת עמק חפר,IL,דבש לחיץ מן הטבע 500,גרמים,500.00,100 גרם,false,,19.90,3.9800,true,1,89733
7290012413643,false,תה ירוק קמומיל 25 שק,ויסוצקי,IL,תה ירוק קמומיל 25 שק,גרמים,38.00,100 גרם,false,,21.50,56.5789,true,1,64347
7290012439155,false,פתיבר צבעוני גלילית,הגביע מוצרי ופלים,IL,פתיבר צבעוני גלילית,פריט,1.75,"ק""ג",false,,16.90,9.6571,true,1,117095
7290012483011,false,פולי סויה אדממה וילי,קו אל טי די קיאוניונ,CN,פולי סויה אדממה וילי,פריט,1.00,"ק""ג",false,,9.90,9.9000,true,1,87531
7290012483608,false,אורז בסמטי דוואט 5 ק,lt foods,IN,אורז בסמטי דוואט 5 ק,פריט,5.00,"ק""ג",false,,49.90,9.9800,true,1,61299
7290012522581,false,שניצל תירס ל.גלוטן ט,טבעול ישראל,IL,שניצל תירס ל.גלוטן ט,גרמים,664.00,100 גרם,false,,19.90,2.9970,true,1,60642
7290012561313,false,בצל קצוץ מטוגן דורות,אסם,IL,בצל קצוץ מטוגן דורות,גרמים,400.00,100 גרם,false,,16.90,4.2250,true,1,103280
7290012576607,false,יין פרימייר קברנה סו,יקבי ברקן,IL,יין פרימייר קברנה סו,מיליליטרים,750.00,"100 מ""ל",false,,25.90,3.4533,true,1,71249
7290012602665,false,דבש הכוורת 350 גרם,מכוורת דבורים שחר,IL,דבש הכוורת 350 גרם,גרמים,350.00,100 גרם,false,,8.90,2.5429,true,1,87518
7290012645112,false,משקה יוגורט עיזים חל,חלב הארץ,IL,משקה יוגורט עיזים חל,מיליליטרים,750.00,"100 מ""ל",false,,17.90,2.3867,true,1,97095
7290012645129,false,משקה יוגורט כבשים חל,חלב הארץ,IL,משקה יוגורט כבשים חל,מיליליטרים,750.00,"100 מ""ל",false,,17.90,2.3867,true,1,97096
7290012738524,false,מצות חמץ כוסמין יהוד,מצות יהודה,IL,מצות חמץ כוסמין יהוד,גרמים,300.00,100 גרם,false,,23.90,7.9667,true,1,71971
7290012738807,false,ביסקוויט ספארי יהודה,מצות יהודה,IL,ביסקוויט ספארי יהודה,פריט,1.20,"ק""ג",false,,19.90,16.5833,true,1,58707
7290012738838,false,ביסקוויט מצופה 1.2 ק,,,ביסקוויט מצופה 1.2 ק,פריט,1.20,"ק""ג",false,,27.90,23.2500,true,1,58709
7290012738845,false,עוגיות/ביסקויט בטעמי,מצות יהודה,IL,עוגיות/ביסקויט בטעמי,פריט,1.20,"ק""ג",false,,19.90,16.5833,true,1,58705
7290012760204,false,אומגה 3 סופרהב 90 כמ,,,אומגה 3 סופרהב 90 כמ,Unknown,0.00,יחידה,false,,49.90,0.0000,true,1,113433
7290012803451,false,שוקולד מריר 62% ללא,,TR,שוקולד מריר 62% ללא,גרמים,100.00,100 גרם,false,,8.90,8.9000,true,1,115052
7290012803765,false,שוקולד מריר ללא סוכר,,TR,שוקולד מריר ללא סוכר,גרמים,100.00,100 גרם,false,,8.90,8.9000,true,1,115053
7290012823251,false,אל סבון כיף יסמין לב,סנו,IL,אל סבון כיף יסמין לב,קילוגרמים,1.00,ליטר,false,,6.90,6.9000,true,1,84586
7290012823343,false,משחת אורביטול ילדים,טרופיקל דגיל,IL,משחת אורביטול ילדים,גרמים,70.00,100 גרם,false,,6.90,9.8571,true,1,105753
7290012823381,false,מרכך מקסימה סופר מרו,סנו,IL,מרכך מקסימה סופר מרו,קילוגרמים,1.00,ליטר,false,,14.90,14.9000,true,1,54932
7290012823558,false,מטליות לחות לרצפה סנ,דינאמיק,IL,מטליות לחות לרצפה סנ,Unknown,0.00,יחידה,false,,10.70,0.0000,true,1,54951
7290012823794,false,אלסבון כיף יסמין לבנ,קוסמופארם,IL,אלסבון כיף יסמין לבנ,קילוגרמים,2.00,ליטר,false,,13.90,6.9500,true,1,54928
7290012823916,false,גל מקסימה קריסטל 5 ל,סנו,IL,גל מקסימה קריסטל 5 ל,קילוגרמים,5.00,ליטר,false,,34.90,6.9800,true,1,71367
7290012881589,false,מטהר מגיק אורנים 300,סאסאטק,IL,מטהר מגיק אורנים 300,מיליליטרים,300.00,"100 מ""ל",false,,3.90,1.3000,true,1,72609
7290012881787,false,מרכך כביסה כחול 4 לי,,,מרכך כביסה כחול 4 לי,קילוגרמים,4.00,ליטר,false,,14.90,3.7250,true,1,56724
7290012881794,false,מרכך כביסה ורוד 4 לי,,,מרכך כביסה ורוד 4 לי,קילוגרמים,4.00,ליטר,false,,14.90,3.7250,true,1,56726
7290012881800,false,מרכך כביסה לבן 4 ליט,,,מרכך כביסה לבן 4 ליט,קילוגרמים,4.00,ליטר,false,,14.90,3.7250,true,1,56725
7290012881817,false,מטהר מגיק לימון 300,סאסאטק,IL,מטהר מגיק לימון 300,מיליליטרים,300.00,"100 מ""ל",false,,3.90,1.3000,true,1,72611
7290012881824,false,מטהר מגיק לבנדר 300,סאסאטק,IL,מטהר מגיק לבנדר 300,מיליליטרים,300.00,"100 מ""ל",false,,3.90,1.3000,true,1,72610
7290012929779,false,פסטה ספירלה מחיטה מל,מוטלו,TR,פסטה ספירלה מחיטה מל,גרמים,500.00,100 גרם,false,,3.90,0.7800,true,1,54911
7290012929786,false,פסטה צינורות מחיטה מ,מוטלו,TR,פסטה צינורות מחיטה מ,גרמים,500.00,100 גרם,false,,3.90,0.7800,true,1,54912
7290012929793,false,ספגטי חיטה מלאה טעמן,מוטלו,TR,ספגטי חיטה מלאה טעמן,גרמים,500.00,100 גרם,false,,3.90,0.7800,true,1,54913
7290012929960,false,מארז טונה בשמן טעמן,דיאמוד פוד פרודקט סי,TH,מארז טונה בשמן טעמן,גרמים,420.00,100 גרם,false,,14.90,3.5476,true,1,54895
7290013010001,false,עגבניות מרוסקות מבור,זנלכל,IL,עגבניות מרוסקות מבור,גרמים,240.00,100 גרם,false,,5.50,2.2917,true,1,39793
7290013010018,false,רוטב לפסטה מבורך 240,זנלכל,IL,רוטב לפסטה מבורך 240,גרמים,240.00,100 גרם,false,,5.50,2.2917,true,1,39795
7290013010025,false,רוטב לפיצה מבורך 240,זנלכל,IL,רוטב לפיצה מבורך 240,גרמים,240.00,100 גרם,false,,5.50,2.2917,true,1,53240
7290013010032,false,רוטב לשקשוקה מבורך 2,זנלכל,IL,רוטב לשקשוקה מבורך 2,גרמים,240.00,100 גרם,false,,5.50,2.2917,true,1,39794
7290013010094,false,רוטב בולונז מבורך 24,זנלכל,IL,רוטב בולונז מבורך 24,גרמים,240.00,100 גרם,false,,5.50,2.2917,true,1,57992
7290013010322,false,עגבניות שלמות מבורך,זנלכל,IL,עגבניות שלמות מבורך,גרמים,800.00,100 גרם,false,,9.90,1.2375,true,1,88633
7290013010339,false,עגבניות מרוסקות עם ב,זנלכל,IL,עגבניות מרוסקות עם ב,גרמים,800.00,100 גרם,false,,9.90,1.2375,true,1,88636
7290013010353,false,עגבניות מרוסקות עם ב,זנלכל,IL,עגבניות מרוסקות עם ב,גרמים,800.00,100 גרם,false,,9.90,1.2375,true,1,88635
7290013027399,false,לחם קל קמח מלא ושיפו,מאפית אנגל,IL,לחם קל קמח מלא ושיפו,גרמים,750.00,100 גרם,false,,14.90,1.9867,true,1,97437
7290013080295,false,מארז באגסי ברביקיו 2,א מ חטיפי העמק בעמ,IL,מארז באגסי ברביקיו 2,גרמים,400.00,100 גרם,false,,8.90,2.2250,true,1,42486
7290013080318,false,מארז באגסי פלאפל 20*,א מ חטיפי העמק בעמ,,מארז באגסי פלאפל 20*,גרמים,400.00,100 גרם,false,,8.90,2.2250,true,1,42488
7290013080479,false,מארז באגסי בצל 20*20,א מ חטיפי העמק בעמ,IL,מארז באגסי בצל 20*20,גרמים,400.00,100 גרם,false,,8.90,2.2250,true,1,65301
7290013080486,false,מארז באגסי פיצה 20*2,א מ חטיפי העמק בעמ,IL,מארז באגסי פיצה 20*2,גרמים,400.00,100 גרם,false,,8.90,2.2250,true,1,65300
7290013117212,false,בורקס פילו גבינה מעד,מעדנות,IL,בורקס פילו גבינה מעד,גרמים,600.00,100 גרם,false,,15.90,2.6500,true,1,43398
7290013117229,false,בורקס פילו תפוא מעדנ,מעדנות,IL,בורקס פילו תפוא מעדנ,גרמים,600.00,100 גרם,false,,15.90,2.6500,true,1,43399
7290013117410,false,בצק פריך מתוק מעדנות,מעדנות,IL,בצק פריך מתוק מעדנות,גרמים,900.00,100 גרם,false,,15.90,1.7667,true,1,56656
7290013117427,false,בצק פריך מלוח מעדנות,מעדנות,IL,בצק פריך מלוח מעדנות,גרמים,900.00,100 גרם,false,,15.90,1.7667,true,1,56655
7290013117526,false,בצק שמרים עלים מעדנו,מעדנות,IL,בצק שמרים עלים מעדנו,גרמים,900.00,100 גרם,false,,15.90,1.7667,true,1,63365
7290013195272,false,רולדה הונגרי 500 גרם,,,רולדה הונגרי 500 גרם,גרמים,500.00,100 גרם,false,,19.90,3.9800,true,1,75381
7290013195289,false,רולדה ירושלמי 500 גר,,,רולדה ירושלמי 500 גר,גרמים,500.00,100 גרם,false,,19.90,3.9800,true,1,75382
7290013195296,false,רולדה וייט פיש רוזנר,,,רולדה וייט פיש רוזנר,גרמים,500.00,100 גרם,false,,27.90,5.5800,true,1,75755
7290013215017,false,דואט פטריות,אראל תוצרת חקלאית בע,IL,דואט פטריות,Unknown,0.00,יחידה,false,,15.90,0.0000,true,1,52794
7290013215024,false,פטריות שישית השף,,,פטריות שישית השף,Unknown,0.00,יחידה,false,,10.90,0.0000,true,1,52795
7290013215031,false,פטריות פורטבלו שישיי,,,פטריות פורטבלו שישיי,Unknown,0.00,יחידה,false,,12.90,0.0000,true,1,52796
7290013215062,false,פטריות יער הירדן,,,פטריות יער הירדן,Unknown,0.00,יחידה,false,,10.60,0.0000,true,1,52799
7290013215123,false,פטריות שמפיניון שישי,,,פטריות שמפיניון שישי,Unknown,0.00,יחידה,false,,12.90,0.0000,true,1,117956
7290013220042,false,מיקס טרופי קפוא 500,א.מ שרון,PL,מיקס טרופי קפוא 500,גרמים,500.00,100 גרם,false,,19.90,3.9800,true,1,100324
7290013220080,false,בננה חתיכות קפוא 500,א.מ שרון,PL,בננה חתיכות קפוא 500,גרמים,500.00,100 גרם,false,,19.90,3.9800,true,1,108958
7290013220103,false,דובדבן קפוא 500 גרם,א.מ שרון,PL,דובדבן קפוא 500 גרם,גרמים,500.00,100 גרם,false,,19.90,3.9800,true,1,100318
7290013220127,false,דומדמנית שחורה קפוא,א.מ שרון,PL,דומדמנית שחורה קפוא,גרמים,500.00,100 גרם,false,,19.90,3.9800,true,1,100320
7290013220134,false,מיקס פירות שדה קפוא,א.מ שרון,PL,מיקס פירות שדה קפוא,גרמים,500.00,100 גרם,false,,19.90,3.9800,true,1,100321
7290013220318,false,חמוצית קפוא 400 גרם,א.מ שרון,PL,חמוצית קפוא 400 גרם,גרמים,400.00,100 גרם,false,,19.90,4.9750,true,1,100326
7290013220349,false,דומדמנית קפוא 500 גר,א.מ שרון,PL,דומדמנית קפוא 500 גר,גרמים,500.00,100 גרם,false,,19.90,3.9800,true,1,100322
7290013220462,false,גרגירי רימון קפוא 50,א.מ שרון,PL,גרגירי רימון קפוא 50,גרמים,500.00,100 גרם,false,,19.90,3.9800,true,1,114998
7290013220899,false,תות שדה קפוא 500 גרם,א.מ שרון,PL,תות שדה קפוא 500 גרם,גרמים,500.00,100 גרם,false,,19.90,3.9800,true,1,100327
7290013220929,false,אוכמניות כחולות קפוא,א.מ שרון,PL,אוכמניות כחולות קפוא,גרמים,400.00,100 גרם,false,,19.90,4.9750,true,1,100328
7290013221001,false,חתיכות אננס קפוא 500,א.מ שרון,PL,חתיכות אננס קפוא 500,גרמים,500.00,100 גרם,false,,19.90,3.9800,true,1,100329
7290013221018,false,חתיכות מנגו קפוא 500,א.מ שרון,PL,חתיכות מנגו קפוא 500,גרמים,500.00,100 גרם,false,,19.90,3.9800,true,1,100330
7290013221032,false,מלון קפוא 500 גרם,א.מ שרון,PL,מלון קפוא 500 גרם,גרמים,500.00,100 גרם,false,,19.90,3.9800,true,1,102874
7290013221056,false,אפרסק פרוסות קפוא 50,א.מ שרון,PL,אפרסק פרוסות קפוא 50,גרמים,500.00,100 גרם,false,,19.90,3.9800,true,1,108959
7290013221087,false,שייק מיקס קיווי פסיפ,א.מ שרון,PL,שייק מיקס קיווי פסיפ,גרמים,500.00,100 גרם,false,,19.90,3.9800,true,1,108962
7290013221100,false,שייק מיקס מנגו אננס,א.מ שרון,PL,שייק מיקס מנגו אננס,גרמים,500.00,100 גרם,false,,19.90,3.9800,true,1,108964
7290013267665,false,שלגוני סולרו פירות ט,גלידות שטראוס,IL,שלגוני סולרו פירות ט,גרמים,354.00,100 גרם,false,,19.50,5.5085,true,1,60883
7290013268020,false,מרכך מקסימה סופר מרו,סנו,IL,מרכך מקסימה סופר מרו,קילוגרמים,1.00,ליטר,false,,14.90,14.9000,true,1,54930
7290013268440,false,מברשת אורביטול ילדים,סנו,IL,מברשת אורביטול ילדים,Unknown,0.00,יחידה,false,,16.90,0.0000,true,1,82862
7290013268839,false,פוליויקס פרקט מלון ח,סנו,IL,פוליויקס פרקט מלון ח,קילוגרמים,2.00,ליטר,false,,19.90,9.9500,true,1,97141
7290013268884,false,ריצפז פרש מאסק 2 ליט,סנו,IL,ריצפז פרש מאסק 2 ליט,קילוגרמים,2.00,ליטר,false,,14.90,7.4500,true,1,42071
7290013268938,false,סבון אסלה סנובון סופ,NICOLS,IL,סבון אסלה סנובון סופ,גרמים,165.00,100 גרם,false,,9.90,6.0000,true,1,58035
7290013268983,false,מרכך מקסימה סופר מרו,סנו,IL,מרכך מקסימה סופר מרו,קילוגרמים,1.00,ליטר,false,,14.90,14.9000,true,1,113179
7290013268990,false,מרכך מקסימה סופר מרו,סנו,IL,מרכך מקסימה סופר מרו,קילוגרמים,1.00,ליטר,false,,14.90,14.9000,true,1,95473
7290013269003,false,מרכך מקסימה סופר מרו,סנו,IL,מרכך מקסימה סופר מרו,קילוגרמים,1.00,ליטר,false,,14.90,14.9000,true,1,67085
7290013269348,false,תחנת פיתיון לתיקנים,סנו,IL,תחנת פיתיון לתיקנים,Unknown,0.00,יחידה,false,,39.90,0.0000,true,1,101605
7290013269621,false,ריצפז פרש הום בניחוח,סנו,IL,ריצפז פרש הום בניחוח,קילוגרמים,2.00,ליטר,false,,17.90,8.9500,true,1,97913
7290013269669,false,ריצפז פנטזיה 3 ליטר,סנו,IL,ריצפז פנטזיה 3 ליטר,קילוגרמים,3.00,ליטר,false,,7.90,2.6333,true,1,62193
7290013269911,false,תרסיס קוטל K333 זוחל,סנו,IL,תרסיס קוטל K333 זוחל,מיליליטרים,750.00,"100 מ""ל",false,,26.90,3.5867,true,1,58686
7290013302243,false,פסטה מסולסלת טעמן 50,מוטלו,TR,פסטה מסולסלת טעמן 50,גרמים,500.00,100 גרם,false,,3.90,0.7800,true,1,41905
7290013302748,false,סוכריות זיסי טופי ממ,פאסין אס אי,BR,סוכריות זיסי טופי ממ,גרמים,600.00,100 גרם,false,,7.90,1.3167,true,1,55974
7290013358035,false,שקדי מרק מנה 800 גרם,מנה,IL,שקדי מרק מנה 800 גרם,גרמים,800.00,100 גרם,false,,10.90,1.3625,true,1,44181
7290013358417,false,רוטב טריאקי מאסטר שף,קי אר אס ספייסי פוד,,רוטב טריאקי מאסטר שף,גרמים,300.00,100 גרם,false,,7.90,2.6333,true,1,81996
7290013358462,false,מיני קרוטונים למרק ש,עינת,IL,מיני קרוטונים למרק ש,גרמים,350.00,100 גרם,false,,14.90,4.2571,true,1,69205
7290013358530,false,רוטב צילי מתוק מאסטר,קי אר אס ספייסי פוד,,רוטב צילי מתוק מאסטר,גרמים,700.00,100 גרם,false,,11.90,1.7000,true,1,81998
7290013358547,false,רוטב צילי חריף מאסטר,קי אר אס ספייסי פוד,,רוטב צילי חריף מאסטר,גרמים,700.00,100 גרם,false,,11.90,1.7000,true,1,81999
7290013424914,false,אפרסק פלחים קפוא פיל,א.מ שרון,PL,אפרסק פלחים קפוא פיל,גרמים,500.00,100 גרם,false,,11.90,2.3800,true,1,110415
7290013424921,false,קיווי פרוסות קפוא פי,א.מ שרון,PL,קיווי פרוסות קפוא פי,גרמים,500.00,100 גרם,false,,11.90,2.3800,true,1,110416
7290013424945,false,מנגו קפוא פילד גוד 5,א.מ שרון,PL,מנגו קפוא פילד גוד 5,גרמים,500.00,100 גרם,false,,11.90,2.3800,true,1,110918
7290013424952,false,אננס קפוא פילד גוד 5,א.מ שרון,PL,אננס קפוא פילד גוד 5,גרמים,500.00,100 גרם,false,,11.90,2.3800,true,1,111398
7290013430083,false,בירה אלכסנדר בלונד 5,יקבי כרמל,IL,בירה אלכסנדר בלונד 5,מיליליטרים,330.00,"100 מ""ל",false,,12.90,3.9091,true,1,110843
7290013430090,false,בירה אלכסנדר אמברה 5,יקבי כרמל,IL,בירה אלכסנדר אמברה 5,מיליליטרים,330.00,"100 מ""ל",false,,12.90,3.9091,true,1,110844
7290013430250,false,בירה אלכסנדר חיטה יש,יקבי כרמל,IL,בירה אלכסנדר חיטה יש,מיליליטרים,330.00,"100 מ""ל",false,,12.90,3.9091,true,1,110845
7290013440648,false,שלגוני שרבט אבטיח 5,גלידות נסטלה,IL,שלגוני שרבט אבטיח 5,גרמים,468.00,100 גרם,false,,19.90,4.2521,true,1,67191
7290013472908,false,בולגרית קוביות 22% ה,קוליוס,TW,בולגרית קוביות 22% ה,גרמים,400.00,100 גרם,false,,19.90,4.9750,true,1,65403
7290013492005,false,תפוח אדמה למיקרוגל,ברכת קטיף,IL,תפוח אדמה למיקרוגל,Unknown,0.00,יחידה,false,,6.90,0.0000,true,1,58281
7290013531346,false,סירופ יכין לימונענע,יכין,IL,סירופ יכין לימונענע,קילוגרמים,1.00,ליטר,false,,16.70,16.7000,true,1,69135
7290013534057,false,ציפס בטטה 100 גרם,מיה תעשיות מזון בעמ,IL,ציפס בטטה 100 גרם,גרמים,100.00,100 גרם,false,,7.90,7.9000,true,1,73458
7290013536303,false,קמח חיטה מלאה 100% ה,קמח עץ השדה,IL,קמח חיטה מלאה 100% ה,פריט,1.00,"ק""ג",false,,6.90,6.9000,true,1,99639
7290013536310,false,קמח חיטה מלאה 80% הנ,קמח עץ השדה,IL,קמח חיטה מלאה 80% הנ,פריט,1.00,"ק""ג",false,,6.90,6.9000,true,1,99640
7290013536327,false,קמח לבן מנופה הנחתום,קמח עץ השדה,IL,קמח לבן מנופה הנחתום,פריט,1.00,"ק""ג",false,,4.90,4.9000,true,1,99641
7290013536334,false,קמח כוסמין מלא הנחתו,קמח עץ השדה,IL,קמח כוסמין מלא הנחתו,פריט,1.00,"ק""ג",false,,7.90,7.9000,true,1,99642
7290013536341,false,קמח כוסמין 80% הנחתו,קמח עץ השדה,IL,קמח כוסמין 80% הנחתו,פריט,1.00,"ק""ג",false,,11.90,11.9000,true,1,108420
7290013536433,false,חלה מתוקה 400 גרם,מאפיית אפעל,IL,חלה מתוקה 400 גרם,גרמים,400.00,100 גרם,false,,10.90,2.7250,true,1,112608
7290013536457,false,קמח לחלות הנחתום 1 ק,קמח עץ השדה,IL,קמח לחלות הנחתום 1 ק,פריט,1.00,"ק""ג",false,,5.90,5.9000,true,1,113058
7290013536464,false,קמח חלות כוסמין  הנח,קמח עץ השדה,IL,קמח חלות כוסמין  הנח,פריט,1.00,"ק""ג",false,,12.90,12.9000,true,1,118202
7290013584328,false,פקדון בקבוק בירה ריק,,,פקדון בקבוק בירה ריק,Unknown,0.00,יחידה,false,,1.20,0.0000,true,1,71659
7290013585233,false,"ספרייט זירו 330 מ""ל",קוקה קולה,IL,"ספרייט זירו 330 מ""ל",מיליליטרים,330.00,"100 מ""ל",false,,3.90,1.1818,true,1,105638
7290013585387,false,קוקה קולה זירו  1 לי,קוקה קולה,IL,קוקה קולה זירו  1 לי,קילוגרמים,1.00,ליטר,false,,6.30,6.3000,true,1,105614
7290013585394,false,קוקה קולה 1 ליטר,קוקה קולה,IL,קוקה קולה 1 ליטר,קילוגרמים,1.00,ליטר,false,,6.70,6.7000,true,1,105574
7290013585967,false,מארז ספרייט זירו 6*3,קוקה קולה,IL,מארז ספרייט זירו 6*3,קילוגרמים,1.98,ליטר,false,,21.90,11.0606,true,1,85535
7290013608260,false,מיץ רימונים פרימור 1,גניר,IL,מיץ רימונים פרימור 1,קילוגרמים,1.00,ליטר,false,,20.50,20.5000,true,1,72917
7290013610492,false,פבלובה במגש רוקה צבע,רות פטיפורים,IL,פבלובה במגש רוקה צבע,גרמים,150.00,100 גרם,false,,4.90,3.2667,true,1,118432
7290013625458,false,פטריות שלמות טעמן 40,פרוצאמפ,NL,פטריות שלמות טעמן 40,גרמים,400.00,100 גרם,false,,7.50,1.8750,true,1,102829
7290013625922,false,אטריות דקות טעמן 400,מוטלו,TR,אטריות דקות טעמן 400,גרמים,400.00,100 גרם,false,,4.90,1.2250,true,1,62936
7290013625939,false,אטריות דקיקות טעמן 4,מוטלו,TR,אטריות דקיקות טעמן 4,גרמים,400.00,100 גרם,false,,4.90,1.2250,true,1,62937
7290013677006,false,חומוס גדול סלקטד 500,מיה תעשיות מזון בעמ,IL,חומוס גדול סלקטד 500,גרמים,500.00,100 גרם,false,,9.90,1.9800,true,1,59035
7290013677020,false,שעועית לבנה סלקטד 50,מיה תעשיות מזון בעמ,IL,שעועית לבנה סלקטד 50,גרמים,500.00,100 גרם,false,,9.50,1.9000,true,1,59029
7290013677037,false,עדשים ירוקות סלקטד 5,מיה תעשיות מזון בעמ,IL,עדשים ירוקות סלקטד 5,גרמים,500.00,100 גרם,false,,9.50,1.9000,true,1,59026
7290013677044,false,עדשים אדומות סלקטד 5,מיה תעשיות מזון בעמ,IL,עדשים אדומות סלקטד 5,גרמים,500.00,100 גרם,false,,9.90,1.9800,true,1,59027
7290013677051,false,פופקורן סלקטד 500 גר,מיה תעשיות מזון בעמ,IL,פופקורן סלקטד 500 גר,גרמים,500.00,100 גרם,false,,9.50,1.9000,true,1,59024
7290013677068,false,כוסמת סלקטד 500 גרם,מיה תעשיות מזון בעמ,IL,כוסמת סלקטד 500 גרם,גרמים,500.00,100 גרם,false,,9.90,1.9800,true,1,59030
7290013677075,false,חיטה סלקטד 500 גרם,מיה תעשיות מזון בעמ,IL,חיטה סלקטד 500 גרם,גרמים,500.00,100 גרם,false,,8.50,1.7000,true,1,59031
7290013677082,false,שעועית אדומה סלקטד 5,מיה תעשיות מזון בעמ,IL,שעועית אדומה סלקטד 5,גרמים,500.00,100 גרם,false,,9.90,1.9800,true,1,59032
7290013677099,false,גריסי פנינה סלקטד 50,מיה תעשיות מזון בעמ,IL,גריסי פנינה סלקטד 50,גרמים,500.00,100 גרם,false,,8.50,1.7000,true,1,59033
7290013677105,false,אפונה סלקטד 500 גרם,מיה תעשיות מזון בעמ,IL,אפונה סלקטד 500 גרם,גרמים,500.00,100 גרם,false,,8.50,1.7000,true,1,59034
7290013677112,false,בורגול סלקטד 500 גרם,מיה תעשיות מזון בעמ,IL,בורגול סלקטד 500 גרם,גרמים,500.00,100 גרם,false,,8.50,1.7000,true,1,59036
7290013677129,false,שעועית מעורבת סלקטד,מיה תעשיות מזון בעמ,IL,שעועית מעורבת סלקטד,גרמים,500.00,100 גרם,false,,10.90,2.1800,true,1,59037
7290013677136,false,חומוס ענק סלקטד 500,מיה תעשיות מזון בעמ,IL,חומוס ענק סלקטד 500,גרמים,500.00,100 גרם,false,,12.70,2.5400,true,1,59038
7290013677174,false,אורז מלא סלקטד 500 ג,מיה תעשיות מזון בעמ,IL,אורז מלא סלקטד 500 ג,גרמים,500.00,100 גרם,false,,9.50,1.9000,true,1,59025
7290013677259,false,זעתר שקית מיה 50 גרם,מיה תעשיות מזון בעמ,IL,זעתר שקית מיה 50 גרם,גרמים,80.00,100 גרם,false,,3.90,4.8750,true,1,64840
7290013677266,false,תבלין לפיצה שקית מיה,מיה תעשיות מזון בעמ,IL,תבלין לפיצה שקית מיה,גרמים,80.00,100 גרם,false,,3.90,4.8750,true,1,64850
7290013677303,false,תבלין חוואיג תימני ש,מיה תעשיות מזון בעמ,IL,תבלין חוואיג תימני ש,גרמים,80.00,100 גרם,false,,3.90,4.8750,true,1,64841
7290013677334,false,תבלין על האש שקית מי,מיה תעשיות מזון בעמ,IL,תבלין על האש שקית מי,גרמים,50.00,100 גרם,false,,3.90,7.8000,true,1,64851
7290013677648,false,שמן זית למאור מיה 1,מיה תעשיות מזון בעמ,IL,שמן זית למאור מיה 1,קילוגרמים,1.00,ליטר,false,,15.90,15.9000,true,1,64849
7290013677655,false,סודה לשתיה מיה 600 ג,מיה תעשיות מזון בעמ,IL,סודה לשתיה מיה 600 ג,גרמים,600.00,100 גרם,false,,14.90,2.4833,true,1,57636
7290013677662,false,מלח לימון מיה 300 גר,מיה תעשיות מזון בעמ,IL,מלח לימון מיה 300 גר,גרמים,300.00,100 גרם,false,,14.90,4.9667,true,1,57635
7290013677679,false,סודה לשתיה שקית מיה,מיה תעשיות מזון בעמ,IL,סודה לשתיה שקית מיה,גרמים,80.00,100 גרם,false,,3.90,4.8750,true,1,56920
7290013677686,false,פפריקה מרוקאית שקית,מיה תעשיות מזון בעמ,IL,פפריקה מרוקאית שקית,גרמים,100.00,100 גרם,false,,3.90,3.9000,true,1,56922
7290013677693,false,פלפל שחור גרוס שקית,מיה תעשיות מזון בעמ,IL,פלפל שחור גרוס שקית,גרמים,50.00,100 גרם,false,,6.90,13.8000,true,1,56926
7290013677747,false,שוקו מיה 500 גרם כשל,,,שוקו מיה 500 גרם כשל,גרמים,500.00,100 גרם,false,,5.90,1.1800,true,1,56918
7290013677822,false,"גריסי פנינה מיה 1 ק""",מיה תעשיות מזון בעמ,IL,"גריסי פנינה מיה 1 ק""",פריט,1.00,"ק""ג",false,,6.90,6.9000,true,1,104749
7290013713049,false,בירה ג'מס 8.8% 330 מ,יקבי כרמל,IL,בירה ג'מס 8.8% 330 מ,מיליליטרים,330.00,"100 מ""ל",false,,11.90,3.6061,true,1,117726
7290013724939,false,חמוציות בשוקולד שקדי,שקדיה,IL,חמוציות בשוקולד שקדי,גרמים,140.00,100 גרם,false,,9.90,7.0714,true,1,58546
7290013724946,false,שקדים בשוקולד שקדיה,שקדיה,IL,שקדים בשוקולד שקדיה,גרמים,140.00,100 גרם,false,,9.90,7.0714,true,1,58551
7290013724953,false,חמוציות בציפוי שוקול,שקדיה,IL,חמוציות בציפוי שוקול,גרמים,140.00,100 גרם,false,,9.90,7.0714,true,1,118917
7290013724977,false,צימוק בשוקולד מריר 1,שקדיה,IL,צימוק בשוקולד מריר 1,גרמים,140.00,100 גרם,false,,9.90,7.0714,true,1,60482
7290013725639,false,רוטב צילי חריף סו שף,,TH,רוטב צילי חריף סו שף,מיליליטרים,700.00,"100 מ""ל",false,,9.90,1.4143,true,1,65960
7290013725646,false,רוטב צילי מתוק סו שף,,TH,רוטב צילי מתוק סו שף,מיליליטרים,700.00,"100 מ""ל",false,,9.90,1.4143,true,1,65961
7290013725653,false,קרם קוקוס סו שף 400,,TH,קרם קוקוס סו שף 400,מיליליטרים,400.00,"100 מ""ל",false,,6.90,1.7250,true,1,65962
7290013725707,false,שמן שומשום סו שף 150,,CN,שמן שומשום סו שף 150,מיליליטרים,150.00,"100 מ""ל",false,,14.90,9.9333,true,1,83935
7290013725752,false,נודלס דק סו שף 400 ג,,CN,נודלס דק סו שף 400 ג,גרמים,400.00,100 גרם,false,,6.60,1.6500,true,1,74125
7290013725769,false,נודלס עבה סו שף 400,,CN,נודלס עבה סו שף 400,גרמים,400.00,100 גרם,false,,6.60,1.6500,true,1,74126
7290013771216,false,גבינה פטאקי 16% שומר,מחלבת השומרון,IL,גבינה פטאקי 16% שומר,גרמים,250.00,100 גרם,false,,12.90,5.1600,true,1,66888
7290013771261,false,גבינה בולגרית מעודנת,מחלבת השומרון,IL,גבינה בולגרית מעודנת,גרמים,250.00,100 גרם,false,,12.90,5.1600,true,1,75882
7290013771285,false,גבינה בולגרית קלאסית,מחלבת השומרון,IL,גבינה בולגרית קלאסית,גרמים,200.00,100 גרם,false,,12.90,6.4500,true,1,75880
7290013771292,false,גבינה פטאקי 16% שומר,מחלבת השומרון,IL,גבינה פטאקי 16% שומר,גרמים,250.00,100 גרם,false,,12.90,5.1600,true,1,75883
7290013771308,false,גבינה בולגרית קלאסית,מחלבת השומרון,IL,גבינה בולגרית קלאסית,גרמים,200.00,100 גרם,false,,12.90,6.4500,true,1,75881
7290013771391,false,גבינה צפתית 5% שומרו,מחלבת השומרון,IL,גבינה צפתית 5% שומרו,גרמים,200.00,100 גרם,false,,13.90,6.9500,true,1,91244
7290013847379,false,טונה בשמן ס.ק 6*140,סטארקיסט,IL,טונה בשמן ס.ק 6*140,גרמים,840.00,100 גרם,false,,29.90,3.5595,true,1,101891
7290013847492,false,טונה במים ס.ק 6*140,סטארקיסט,IL,טונה במים ס.ק 6*140,גרמים,840.00,100 גרם,false,,29.90,3.5595,true,1,100058
7290013847980,false,טונה בשמן ס.ק 425 גר,תאי יוניון,TH,טונה בשמן ס.ק 425 גר,גרמים,425.00,100 גרם,false,,15.90,3.7412,true,1,102778
7290013848345,false,מטליות לחיטוי וניקוי,סנו,IL,מטליות לחיטוי וניקוי,Unknown,0.00,יחידה,false,,17.90,0.0000,true,1,104428
7290013848727,false,סנו פרש מכשיר אוטומט,סנו,IL,סנו פרש מכשיר אוטומט,Unknown,0.00,יחידה,false,,39.90,0.0000,true,1,96860
7290013848758,false,גל מקסימה בייבי 3 לי,סנו,IL,גל מקסימה בייבי 3 לי,קילוגרמים,3.00,ליטר,false,,32.90,10.9667,true,1,69878
7290013861054,false,צימוק בציפוי שוקולד,שקדיה,IL,צימוק בציפוי שוקולד,גרמים,140.00,100 גרם,false,,9.90,7.0714,true,1,118920
7290013906281,false,נקניקיות טירת צבי 1,טירת צבי,IL,נקניקיות טירת צבי 1,פריט,1.00,"ק""ג",false,,24.90,24.9000,true,1,68139
7290013906304,false,פסטרמה גחלים טירת צב,טירת צבי,IL,פסטרמה גחלים טירת צב,גרמים,400.00,100 גרם,false,,26.90,6.7250,true,1,68140
7290013906311,false,פסטרמה מעושנת טירת צ,טירת צבי,IL,פסטרמה מעושנת טירת צ,גרמים,400.00,100 גרם,false,,26.90,6.7250,true,1,68141
7290013906335,false,מארז סלמי הודו+כפרית,טירת צבי,IL,מארז סלמי הודו+כפרית,גרמים,600.00,100 גרם,false,,19.90,3.3167,true,1,68142
7290013906601,false,מארז פסטרמה כפרית דב,טירת צבי,IL,מארז פסטרמה כפרית דב,גרמים,600.00,100 גרם,false,,19.90,3.3167,true,1,104279
7290013906700,false,נקניקיות הודו טירת צ,טירת צבי,IL,נקניקיות הודו טירת צ,פריט,1.50,"ק""ג",false,,29.90,19.9333,true,1,98113
7290013906922,false,נקניקיות הודו חריפות,טירת צבי,IL,נקניקיות הודו חריפות,פריט,1.00,"ק""ג",false,,24.90,24.9000,true,1,98114
7290013906939,false,קורנדביף טירת צבי 12,טירת צבי,IL,קורנדביף טירת צבי 12,גרמים,120.00,100 גרם,false,,13.90,11.5833,true,1,93541
7290013906946,false,פסטרמה כתף בקר מעושנ,טירת צבי,IL,פסטרמה כתף בקר מעושנ,גרמים,120.00,100 גרם,false,,13.90,11.5833,true,1,93539
7290013906991,false,סלמי מהדרין טירת צבי,טירת צבי,IL,סלמי מהדרין טירת צבי,גרמים,400.00,100 גרם,false,,14.90,3.7250,true,1,83367
7290013927156,false,עוגת פירות יער ללא ס,אחדות ביחר לטחינה חל,IL,עוגת פירות יער ללא ס,גרמים,450.00,100 גרם,false,,10.90,2.4222,true,1,72884
7290013927200,false,עוגת שוקולד ציפס אחו,אחדות ביחר לטחינה חל,IL,עוגת שוקולד ציפס אחו,גרמים,400.00,100 גרם,false,,10.90,2.7250,true,1,69546
7290013927323,false,עוגת בראוניס אחוה 40,אחדות ביחר לטחינה חל,IL,עוגת בראוניס אחוה 40,גרמים,400.00,100 גרם,false,,10.90,2.7250,true,1,71351
7290013927514,false,רוגעלך קינמון אחוה 4,אחדות ביחר לטחינה חל,IL,רוגעלך קינמון אחוה 4,גרמים,400.00,100 גרם,false,,8.90,2.2250,true,1,94250
7290013927637,false,חלוה ל.סוכר אחוה 400,אחדות ביחר לטחינה חל,IL,חלוה ל.סוכר אחוה 400,גרמים,400.00,100 גרם,false,,11.90,2.9750,true,1,98174
7290013927804,false,טחינה שומשום מלא אחו,אחדות ביחר לטחינה חל,IL,טחינה שומשום מלא אחו,פריט,1.00,"ק""ג",false,,18.90,18.9000,true,1,101751
7290013927989,false,מאפין במילוי קרמל אח,אחדות ביחר לטחינה חל,IL,מאפין במילוי קרמל אח,גרמים,50.00,100 גרם,false,,1.30,2.6000,true,1,106326
7290013927996,false,עוגת שמרים קראנץ שוק,אחדות ביחר לטחינה חל,IL,עוגת שמרים קראנץ שוק,גרמים,400.00,100 גרם,false,,8.90,2.2250,true,1,105529
7290013946089,false,תרסיס מגיק חלונות 1,סאסאטק,IL,תרסיס מגיק חלונות 1,קילוגרמים,1.00,ליטר,false,,4.90,4.9000,true,1,75352
7290013946171,false,מטהר מגיק פריחה 300,סאסאטק,IL,מטהר מגיק פריחה 300,מיליליטרים,300.00,"100 מ""ל",false,,3.90,1.3000,true,1,72687
7290013946829,false,נוזל כלים מגיק תפוח,סאסאטק,IL,נוזל כלים מגיק תפוח,קילוגרמים,4.00,ליטר,false,,17.90,4.4750,true,1,72613
7290014002197,false,תה קמומיל ולימונית ה,ויסוצקי,IL,תה קמומיל ולימונית ה,גרמים,38.00,100 גרם,false,,15.90,41.8421,true,1,66581
7290014016248,false,פיתות ל.גלוטן נטורל,נטורל קייקס,IL,פיתות ל.גלוטן נטורל,גרמים,720.00,100 גרם,false,,14.90,2.0694,true,1,104697
7290014016279,false,פיצה מרגריטה ל.גלוטן,נטורל קייקס,IL,פיצה מרגריטה ל.גלוטן,גרמים,400.00,100 גרם,false,,19.90,4.9750,true,1,73705
7290014016286,false,פיצה מרגריטה עם זיתי,נטורל קייקס,IL,פיצה מרגריטה עם זיתי,גרמים,400.00,100 גרם,false,,19.90,4.9750,true,1,73706
7290014016309,false,לחם פרוס ל.גלוטן נטו,נטורל קייקס,IL,לחם פרוס ל.גלוטן נטו,גרמים,450.00,100 גרם,false,,4.90,1.0889,true,1,84047
7290014016316,false,לחם רך במיוחד ל.גלוט,נטורל קייקס,IL,לחם רך במיוחד ל.גלוט,גרמים,450.00,100 גרם,false,,4.90,1.0889,true,1,84765
7290014016323,false,לחמניות ל.גלוטן נטור,נטורל קייקס,IL,לחמניות ל.גלוטן נטור,גרמים,390.00,100 גרם,false,,4.90,1.2564,true,1,84048
7290014017009,false,קמח אורז ל.גלוטן רי,נטורל קייקס,IL,קמח אורז ל.גלוטן רי,גרמים,500.00,100 גרם,false,,8.90,1.7800,true,1,63419
7290014017689,false,דגני בוקר בטעם נוגט,נטורל קייקס,IL,דגני בוקר בטעם נוגט,גרמים,750.00,100 גרם,false,,19.90,2.6533,true,1,107877
7290014079014,false,לבבות קיסר ארוז נספק,מרינה,IL,לבבות קיסר ארוז נספק,Unknown,0.00,יחידה,false,,10.90,0.0000,true,1,68035
7290014079076,false,נבטי אלפלפא יח,מרינה,IL,נבטי אלפלפא יח,Unknown,0.00,יחידה,false,,5.90,0.0000,true,1,66424
7290014079540,false,"שום קלוף 1 ק""ג",מרינה,IL,"שום קלוף 1 ק""ג",פריט,1.00,"ק""ג",false,,29.90,29.9000,true,1,104942
7290014079847,false,פטריות צמד בייבי בלה,מרינה פטריות,IL,פטריות צמד בייבי בלה,Unknown,0.00,יחידה,false,,14.90,0.0000,true,1,84558
7290014083806,false,עוגיות בטעם חמאה בקו,דן קייק,,עוגיות בטעם חמאה בקו,גרמים,350.00,100 גרם,false,,10.50,3.0000,true,1,65269
7290014083813,false,שפרוט מעושן בשמן מרי,Briavais Vilns,LV,שפרוט מעושן בשמן מרי,גרמים,190.00,100 גרם,false,,7.90,4.1579,true,1,65432
7290014092532,false,דלעת,מרינה,IL,דלעת,Unknown,0.00,יחידה,false,,7.90,0.0000,true,1,96926
7290014094260,false,שום קלוף מרינה 170 ג,מרינה,IL,שום קלוף מרינה 170 ג,גרמים,170.00,100 גרם,false,,11.90,7.0000,true,1,75723
7290014094307,false,סילאן טבעי שקדיה 360,,TR,סילאן טבעי שקדיה 360,מיליליטרים,360.00,"100 מ""ל",false,,13.90,3.8611,true,1,65971
7290014094505,false,אורז בסמטי אהרוני 1,,IN,אורז בסמטי אהרוני 1,פריט,1.00,"ק""ג",false,,9.90,9.9000,true,1,67823
7290014094543,false,תרסיס שמן קנולה שקדי,שקדיה,IL,תרסיס שמן קנולה שקדי,מיליליטרים,186.00,"100 מ""ל",false,,14.90,8.0108,true,1,90092
7290014094567,false,שמן זית כתית אהרוני,,ES,שמן זית כתית אהרוני,מיליליטרים,750.00,"100 מ""ל",false,,29.90,3.9867,true,1,67821
7290014094864,false,פיסטוק קלוי 170 גרם,דין שיווק,IL,פיסטוק קלוי 170 גרם,גרמים,170.00,100 גרם,false,,13.90,8.1765,true,1,66434
7290014095472,false,חטיף דגנים עם חמוציו,,MK,חטיף דגנים עם חמוציו,גרמים,125.00,100 גרם,false,,9.90,7.9200,true,1,63633
7290014095496,false,חטיף דגנים עם שקד אג,,MK,חטיף דגנים עם שקד אג,גרמים,125.00,100 גרם,false,,9.90,7.9200,true,1,63634
7290014095861,false,שיבולת שועל דקה שקדי,שקדיה,IL,שיבולת שועל דקה שקדי,גרמים,500.00,100 גרם,false,,4.90,0.9800,true,1,67842
7290014095946,false,פקאן בשוקולד מריר שק,שקדיה,IL,פקאן בשוקולד מריר שק,גרמים,140.00,100 גרם,false,,9.90,7.0714,true,1,68678
7290014095953,false,פקאן בציפוי שוקולד ח,שקדיה,IL,פקאן בציפוי שוקולד ח,גרמים,140.00,100 גרם,false,,9.90,7.0714,true,1,118916
7290014095960,false,שיבולת שועל עבה שקדי,שקדיה,IL,שיבולת שועל עבה שקדי,גרמים,500.00,100 גרם,false,,4.90,0.9800,true,1,67841
7290014218505,false,מארז פיצה מעדנות 3*3,מעדנות,IL,מארז פיצה מעדנות 3*3,פריט,1.08,"ק""ג",false,,29.90,27.6852,true,1,86330
7290014236936,false,שקיות אשפה 75*90 רזפ,,TR,שקיות אשפה 75*90 רזפ,Unknown,0.00,יחידה,false,,11.90,0.0000,true,1,118763
7290014256620,false,יין באז קריניאנו מבע,יקבי כרמל,IL,יין באז קריניאנו מבע,מיליליטרים,750.00,"100 מ""ל",false,,21.90,2.9200,true,1,75095
7290014256637,false,יין באז מוסקטו מבעבע,יקבי כרמל,IL,יין באז מוסקטו מבעבע,מיליליטרים,750.00,"100 מ""ל",false,,21.90,2.9200,true,1,75094
7290014258716,false,מטרנה צמחי 700 גרם,מטרנה,IL,מטרנה צמחי 700 גרם,גרמים,700.00,100 גרם,false,,47.90,6.8429,true,1,74825
7290014308626,false,פלפל שחור גרוס פרג 1,,,פלפל שחור גרוס פרג 1,גרמים,100.00,100 גרם,false,,15.90,15.9000,true,1,75230
7290014309012,false,אגוז מוסקט טחון פרג,תבליני הדור השלישי,IL,אגוז מוסקט טחון פרג,גרמים,40.00,100 גרם,false,,16.90,42.2500,true,1,75393
7290014325043,false,פודינג בטעם וניל מיה,מיה תעשיות מזון בעמ,IL,פודינג בטעם וניל מיה,פריט,1.00,"ק""ג",false,,14.90,14.9000,true,1,72093
7290014325234,false,קוקוס מיה 800 גרם,מיה תעשיות מזון בעמ,IL,קוקוס מיה 800 גרם,גרמים,800.00,100 גרם,false,,19.90,2.4875,true,1,68067
7290014325241,false,שומשום מיה בשקית 800,מיה תעשיות מזון בעמ,IL,שומשום מיה בשקית 800,גרמים,800.00,100 גרם,false,,17.90,2.2375,true,1,68068
7290014325258,false,אורז פרסי אינדירה 1.,מיה תעשיות מזון בעמ,IL,אורז פרסי אינדירה 1.,פריט,1.40,"ק""ג",false,,7.90,5.6429,true,1,68125
7290014325326,false,חומוס גדול אינדירה 1,מיה תעשיות מזון בעמ,IL,חומוס גדול אינדירה 1,פריט,1.40,"ק""ג",false,,14.90,10.6429,true,1,69275
7290014325333,false,שעועית לבנה אינדירה,מיה תעשיות מזון בעמ,IL,שעועית לבנה אינדירה,פריט,1.40,"ק""ג",false,,14.90,10.6429,true,1,69276
7290014325357,false,"חיטה אינדירה 1.4 ק""ג",מיה תעשיות מזון בעמ,IL,"חיטה אינדירה 1.4 ק""ג",פריט,1.40,"ק""ג",false,,8.90,6.3571,true,1,69278
7290014325371,false,"אפונה אינדירה 1.4 ק""",מיה תעשיות מזון בעמ,IL,"אפונה אינדירה 1.4 ק""",פריט,1.40,"ק""ג",false,,9.90,7.0714,true,1,69280
7290014325395,false,עדשים אדומות אינדירה,מיה תעשיות מזון בעמ,IL,עדשים אדומות אינדירה,פריט,1.40,"ק""ג",false,,14.90,10.6429,true,1,69281
7290014325401,false,עדשים ירוקות אינדירה,מיה תעשיות מזון בעמ,IL,עדשים ירוקות אינדירה,פריט,1.40,"ק""ג",false,,14.90,10.6429,true,1,69282
7290014325418,false,חומוס ענק אינדירה 1.,מיה תעשיות מזון בעמ,IL,חומוס ענק אינדירה 1.,פריט,1.40,"ק""ג",false,,24.90,17.7857,true,1,69283
7290014325425,false,בורגול אינדירה 1.4 ק,מיה תעשיות מזון בעמ,IL,בורגול אינדירה 1.4 ק,פריט,1.40,"ק""ג",false,,8.90,6.3571,true,1,69284
7290014325432,false,"כוסמת אינדירה 1.4 ק""",מיה תעשיות מזון בעמ,IL,"כוסמת אינדירה 1.4 ק""",פריט,1.40,"ק""ג",false,,17.90,12.7857,true,1,69285
7290014325562,false,פופקורן אינדירה 1.4,מיה תעשיות מזון בעמ,IL,פופקורן אינדירה 1.4,פריט,1.40,"ק""ג",false,,12.90,9.2143,true,1,70021
7290014355729,false,נקניקיות קנקרס גלאט,מ ב גלאט עוף למהדרין,IL,נקניקיות קנקרס גלאט,גרמים,375.00,100 גרם,false,,27.90,7.4400,true,1,110921
7290014355736,false,נקניקיות קראנץ גלאט,מ ב גלאט עוף למהדרין,IL,נקניקיות קראנץ גלאט,גרמים,375.00,100 גרם,false,,19.90,5.3067,true,1,110922
7290014355781,false,נקניקיות קנקרס חריפו,מ ב גלאט עוף למהדרין,IL,נקניקיות קנקרס חריפו,גרמים,375.00,100 גרם,false,,27.90,7.4400,true,1,110923
7290014355798,false,נקניקיות צ'וריסוס גל,מ ב גלאט עוף למהדרין,IL,נקניקיות צ'וריסוס גל,גרמים,375.00,100 גרם,false,,27.90,7.4400,true,1,110924
7290014397279,false,שקיות מזון גדולות סנ,אשפלסט,IL,שקיות מזון גדולות סנ,Unknown,0.00,יחידה,false,,8.90,0.0000,true,1,66396
7290014397453,false,גל אוקסיגן כביסה לבנ,סנו,IL,גל אוקסיגן כביסה לבנ,קילוגרמים,3.00,ליטר,false,,24.90,8.3000,true,1,67086
7290014397491,false,מבשם סנופרש הום וניל,סנו,IL,מבשם סנופרש הום וניל,מיליליטרים,350.00,"100 מ""ל",false,,9.90,2.8286,true,1,65468
7290014397507,false,מבשם סנופרש הום יסמי,סנו,IL,מבשם סנופרש הום יסמי,מיליליטרים,350.00,"100 מ""ל",false,,9.90,2.8286,true,1,65465
7290014397514,false,מבשם סנופרש הום כותנ,סנו,IL,מבשם סנופרש הום כותנ,מיליליטרים,350.00,"100 מ""ל",false,,9.90,2.8286,true,1,65464
7290014397521,false,מבשם סנופרש הום לבנד,סנו,IL,מבשם סנופרש הום לבנד,מיליליטרים,350.00,"100 מ""ל",false,,9.90,2.8286,true,1,65467
7290014397538,false,מבשם סנופרש הום בוקר,סנו,IL,מבשם סנופרש הום בוקר,מיליליטרים,350.00,"100 מ""ל",false,,9.90,2.8286,true,1,65466
7290014397675,false,מרכך מקסימה חלב ודבש,סנו,IL,מרכך מקסימה חלב ודבש,קילוגרמים,4.00,ליטר,false,,19.80,4.9500,true,1,67087
7290014397699,false,פוליויקס גרניט פורצל,סנו,IL,פוליויקס גרניט פורצל,קילוגרמים,3.00,ליטר,false,,19.90,6.6333,true,1,68151
7290014397767,false,ריצפז פרש הום כותנה,סנו,IL,ריצפז פרש הום כותנה,קילוגרמים,2.00,ליטר,false,,17.90,8.9500,true,1,68429
7290014397842,false,מכשיר סנומט + מילוי,סנו,IL,מכשיר סנומט + מילוי,Unknown,0.00,יחידה,false,,39.90,0.0000,true,1,76327
7290014397873,false,מרכך מקסימה ג'נטל 4,סנו,IL,מרכך מקסימה ג'נטל 4,קילוגרמים,4.00,ליטר,false,,19.80,4.9500,true,1,103413
7290014399006,false,שקיות אשפה 75*85 בגל,פאלאס,IL,שקיות אשפה 75*85 בגל,Unknown,0.00,יחידה,false,,5.90,0.0000,true,1,111915
7290014434790,false,מאגדת סוכריות קטנטנו,סוויט טיים פודסטופ ב,,מאגדת סוכריות קטנטנו,גרמים,160.00,100 גרם,false,,9.90,6.1875,true,1,81638
7290014435360,false,חומוס עם רוטב חריף ש,סלטי שמיר 2006 בעמ,,חומוס עם רוטב חריף ש,גרמים,400.00,100 גרם,false,,10.90,2.7250,true,1,70025
7290014435377,false,חומוס עם רוטב מסבחה,סלטי שמיר 2006 בעמ,,חומוס עם רוטב מסבחה,גרמים,400.00,100 גרם,false,,10.90,2.7250,true,1,70026
7290014435384,false,חומוס עם טחינה מיוחד,סלטי שמיר 2006 בעמ,,חומוס עם טחינה מיוחד,גרמים,400.00,100 גרם,false,,10.90,2.7250,true,1,70027
7290014435391,false,חומוס עם גרגירים שמי,סלטי שמיר 2006 בעמ,,חומוס עם גרגירים שמי,גרמים,400.00,100 גרם,false,,10.90,2.7250,true,1,70028
7290014435704,false,סלמון מעושן שמיר סבן,סלטי שמיר 2006 בעמ,IL,סלמון מעושן שמיר סבן,גרמים,100.00,100 גרם,false,,16.90,16.9000,true,1,72062
7290014435803,false,מטיאס הולנדי פרובנצי,סלטי שמיר 2006 בעמ,IL,מטיאס הולנדי פרובנצי,גרמים,200.00,100 גרם,false,,16.90,8.4500,true,1,72076
7290014435810,false,הרינג כבוש שמיר 220,סלטי שמיר 2006 בעמ,IL,הרינג כבוש שמיר 220,גרמים,220.00,100 גרם,false,,16.90,7.6818,true,1,72078
7290014435827,false,פילה מקרל מעושן שמיר,סלטי שמיר 2006 בעמ,IL,פילה מקרל מעושן שמיר,גרמים,180.00,100 גרם,false,,21.90,12.1667,true,1,72074
7290014435834,false,מקרל מעושן שמיר 180,סלטי שמיר 2006 בעמ,IL,מקרל מעושן שמיר 180,גרמים,180.00,100 גרם,false,,21.90,12.1667,true,1,72075
7290014435841,false,פילה מטיאס שמיר 200,סלטי שמיר 2006 בעמ,IL,פילה מטיאס שמיר 200,גרמים,200.00,100 גרם,false,,16.90,8.4500,true,1,72077
7290014435872,false,סלט הרינג שמיר 200 ג,סלטי שמיר 2006 בעמ,IL,סלט הרינג שמיר 200 ג,גרמים,200.00,100 גרם,false,,16.90,8.4500,true,1,72082
7290014435889,false,סלט מטיאס שמיר 200 ג,סלטי שמיר 2006 בעמ,IL,סלט מטיאס שמיר 200 ג,גרמים,200.00,100 גרם,false,,16.90,8.4500,true,1,72083
7290014435896,false,סלט סלמון שמיר 200,סלטי שמיר 2006 בעמ,IL,סלט סלמון שמיר 200,גרמים,200.00,100 גרם,false,,16.90,8.4500,true,1,72081
7290014455245,false,גבינה גרנה פדנו גד 2,מחלבות גד,IL,גבינה גרנה פדנו גד 2,גרמים,200.00,100 גרם,false,,17.90,8.9500,true,1,83289
7290014455320,false,גבינת מוצרלה פרסקה 1,מחלבות גד,IL,גבינת מוצרלה פרסקה 1,גרמים,100.00,100 גרם,false,,7.90,7.9000,true,1,95203
7290014459939,false,צ'יפס אמריקאי טוגן 1,אסם,IL,צ'יפס אמריקאי טוגן 1,פריט,1.70,"ק""ג",false,,19.90,11.7059,true,1,102909
7290014459953,false,צ'יפס זיגזג טוגן 1.7,אסם,IL,צ'יפס זיגזג טוגן 1.7,פריט,1.70,"ק""ג",false,,19.90,11.7059,true,1,103477
7290014471412,false,מוזלי בוטנים אגוזים,דין שיווק,IL,מוזלי בוטנים אגוזים,פריט,1.00,"ק""ג",false,,19.90,19.9000,true,1,68359
7290014471429,false,מוזלי פירות שקדיה 1,דין שיווק,IL,מוזלי פירות שקדיה 1,פריט,1.00,"ק""ג",false,,19.90,19.9000,true,1,68360
7290014471436,false,מוזלי צימוקים תפוח ק,דין שיווק,IL,מוזלי צימוקים תפוח ק,פריט,1.00,"ק""ג",false,,19.90,19.9000,true,1,68361
7290014471443,false,גרנולה אגוזים שקדיה,דין שיווק,IL,גרנולה אגוזים שקדיה,פריט,1.00,"ק""ג",false,,19.90,19.9000,true,1,68362
7290014472426,false,קונפיטורה דובדבן 70%,שקדיה,IL,קונפיטורה דובדבן 70%,גרמים,450.00,100 גרם,false,,11.90,2.6444,true,1,90958
7290014472433,false,קונפיטורה תות שדה 70,שקדיה,IL,קונפיטורה תות שדה 70,גרמים,450.00,100 גרם,false,,11.90,2.6444,true,1,90959
7290014472440,false,קונפיטורה תפוז 70% פ,שקדיה,IL,קונפיטורה תפוז 70% פ,גרמים,450.00,100 גרם,false,,11.90,2.6444,true,1,90960
7290014472464,false,קונפיטורה משמש 70% פ,שקדיה,IL,קונפיטורה משמש 70% פ,גרמים,450.00,100 גרם,false,,11.90,2.6444,true,1,90962
7290014472990,false,ממרח שקדים שקדיה 300,דין שיווק,IL,ממרח שקדים שקדיה 300,גרמים,300.00,100 גרם,false,,27.90,9.3000,true,1,90956
7290014555013,false,נוזל רצפות מגיק מאסק,סאסאטק,IL,נוזל רצפות מגיק מאסק,קילוגרמים,4.00,ליטר,false,,9.90,2.4750,true,1,72619
7290014555082,false,מים מזוקקים מקסול 4,סאסאטק,IL,מים מזוקקים מקסול 4,קילוגרמים,4.00,ליטר,false,,9.90,2.4750,true,1,64436
7290014555686,false,שמפו נובו לשיער רגיל,סאסאטק,IL,שמפו נובו לשיער רגיל,מיליליטרים,700.00,"100 מ""ל",false,,5.90,0.8429,true,1,75246
7290014555693,false,שמפו נובו לשיער יבש/,סאסאטק,IL,שמפו נובו לשיער יבש/,מיליליטרים,700.00,"100 מ""ל",false,,5.90,0.8429,true,1,75247
7290014555709,false,שמפו ומרכך נובו 700,סאסאטק,IL,שמפו ומרכך נובו 700,מיליליטרים,700.00,"100 מ""ל",false,,5.90,0.8429,true,1,76100
7290014555716,false,מרכך נובו לכל סוגי ה,סאסאטק,IL,מרכך נובו לכל סוגי ה,מיליליטרים,700.00,"100 מ""ל",false,,5.90,0.8429,true,1,75248
7290014555723,false,תחליב נובו אקזוטי 70,סאסאטק,IL,תחליב נובו אקזוטי 70,מיליליטרים,700.00,"100 מ""ל",false,,5.90,0.8429,true,1,75249
7290014555730,false,תחליב נובו דבש 700 מ,סאסאטק,IL,תחליב נובו דבש 700 מ,מיליליטרים,700.00,"100 מ""ל",false,,5.90,0.8429,true,1,75250
7290014555747,false,תחליב נובו הרבל 700,סאסאטק,IL,תחליב נובו הרבל 700,מיליליטרים,700.00,"100 מ""ל",false,,5.90,0.8429,true,1,75251
7290014555754,false,תחליב נובו בלוסום 70,סאסאטק,IL,תחליב נובו בלוסום 70,מיליליטרים,700.00,"100 מ""ל",false,,5.90,0.8429,true,1,75252
7290014555778,false,גל רחצה נובו לגבר בל,סאסאטק,IL,גל רחצה נובו לגבר בל,מיליליטרים,700.00,"100 מ""ל",false,,5.90,0.8429,true,1,75253
7290014555785,false,גל רחצה נובו לגבר וו,סאסאטק,IL,גל רחצה נובו לגבר וו,מיליליטרים,700.00,"100 מ""ל",false,,5.90,0.8429,true,1,75254
7290014562370,false,פריכוני כוסמת ב.ד 50,בטר אנד דיפרנט,IL,פריכוני כוסמת ב.ד 50,גרמים,50.00,100 גרם,false,,3.90,7.8000,true,1,71539
7290014562387,false,תה גרגירים נמס טעם ק,סילקו אם איי ספולקה,,תה גרגירים נמס טעם ק,גרמים,200.00,100 גרם,false,,17.90,8.9500,true,1,66862
7290014562394,false,תה גרגירים נמס טעם ש,סילקו אם איי ספולקה,,תה גרגירים נמס טעם ש,גרמים,200.00,100 גרם,false,,17.90,8.9500,true,1,66863
7290014562585,false,דייסת וניל ב.ד 200 ג,בטר אנד דיפרנט,IL,דייסת וניל ב.ד 200 ג,גרמים,200.00,100 גרם,false,,9.90,4.9500,true,1,82884
7290014562998,false,דייסת קטניות מעורבות,בטר אנד דיפרנט,IL,דייסת קטניות מעורבות,גרמים,200.00,100 גרם,false,,9.90,4.9500,true,1,84635
7290014581036,false,"פחם דליק 2 ק""ג",,,"פחם דליק 2 ק""ג",פריט,2.00,"ק""ג",false,,9.90,4.9500,true,1,74460
7290014581340,false,"פחם עץ הדרים 9 ק""ג",,,"פחם עץ הדרים 9 ק""ג",פריט,9.00,"ק""ג",false,,49.90,5.5444,true,1,74461
7290014692299,false,גבינה ברי 25% יורו 1,אלפנהון,DE,גבינה ברי 25% יורו 1,גרמים,125.00,100 גרם,false,,14.90,11.9200,true,1,75694
7290014692305,false,גבינה קממבר 25% יורו,אלפנהון,DE,גבינה קממבר 25% יורו,גרמים,125.00,100 גרם,false,,14.90,11.9200,true,1,75695
7290014738935,false,יין בראשית מרלו  202,יקב בראשית,IL,יין בראשית מרלו  202,מיליליטרים,750.00,"100 מ""ל",false,,69.90,9.3200,true,1,115614
7290014738980,false,יין בראשית קברנה 202,יקב בראשית,IL,יין בראשית קברנה 202,מיליליטרים,750.00,"100 מ""ל",false,,69.90,9.3200,true,1,115615
7290014749245,false,רצועות שניצל שומשום,עוף טוב,IL,רצועות שניצל שומשום,גרמים,600.00,100 גרם,false,,29.80,4.9667,true,1,105956
7290014749764,false,שניצל עוף ביתי מעודן,עוף טוב,IL,שניצל עוף ביתי מעודן,גרמים,700.00,100 גרם,false,,29.90,4.2714,true,1,105504
7290014749863,false,שניצל דק ענק קריספי,עוף טוב,IL,שניצל דק ענק קריספי,גרמים,700.00,100 גרם,false,,27.90,3.9857,true,1,111612
7290014749887,false,שניצל דק ענק קריספי,עוף טוב,IL,שניצל דק ענק קריספי,גרמים,700.00,100 גרם,false,,27.90,3.9857,true,1,111613
7290014758681,false,קוטג 1% תנובה 250 גר,תנובה מרכז שיתופי לש,IL,קוטג 1% תנובה 250 גר,גרמים,250.00,100 גרם,false,,5.50,2.2000,true,1,66279
7290014759084,false,גבינת שמנת טבעי 16%,תנובה מרכז שיתופי לש,IL,גבינת שמנת טבעי 16%,גרמים,225.00,100 גרם,false,,11.90,5.2889,true,1,70661
7290014759701,false,מארז יופלה וניל 8*15,עדן קינוחים בעמ,IL,מארז יופלה וניל 8*15,פריט,1.20,"ק""ג",false,,19.90,16.5833,true,1,69307
7290014760141,false,משקה שקדים אלטרנטיב,סוי מגיק,IL,משקה שקדים אלטרנטיב,קילוגרמים,1.00,ליטר,false,,11.60,11.6000,true,1,81926
7290014760912,false,גבינה גוש חלב 400 גר,תנובה מרכז שיתופי לש,IL,גבינה גוש חלב 400 גר,גרמים,400.00,100 גרם,false,,24.90,6.2250,true,1,72652
7290014761018,false,גיל בטעם וניל תנובה,תנובה מרכז שיתופי לש,IL,גיל בטעם וניל תנובה,גרמים,125.00,100 גרם,false,,1.30,1.0400,true,1,72854
7290014761056,false,יולו שוקולד חלב 123,תנובה מרכז שיתופי לש,IL,יולו שוקולד חלב 123,גרמים,123.00,100 גרם,false,,3.90,3.1707,true,1,74917
7290014761070,false,יולו שוקולד לבן 123,תנובה מרכז שיתופי לש,IL,יולו שוקולד לבן 123,גרמים,123.00,100 גרם,false,,3.90,3.1707,true,1,74918
7290014761193,false,פרילי פירות יער 125,תנובה מרכז שיתופי לש,IL,פרילי פירות יער 125,מיליליטרים,125.00,"100 מ""ל",false,,2.90,2.3200,true,1,75433
7290014761254,false,מארז יוגורט ביו תנוב,תנובה מרכז שיתופי לש,IL,מארז יוגורט ביו תנוב,קילוגרמים,1.20,ליטר,false,,14.90,12.4167,true,1,74097
7290014761414,false,יולו שוקולד לבן וחלב,תנובה מרכז שיתופי לש,IL,יולו שוקולד לבן וחלב,גרמים,123.00,100 גרם,false,,3.90,3.1707,true,1,74845
7290014761438,false,גבינה בולגרית 24% פי,תנובה מרכז שיתופי לש,IL,גבינה בולגרית 24% פי,גרמים,400.00,100 גרם,false,,24.90,6.2250,true,1,74364
7290014761612,false,יולו שכבות שוקולד לב,תנובה מרכז שיתופי לש,IL,יולו שכבות שוקולד לב,גרמים,122.00,100 גרם,false,,3.90,3.1967,true,1,81582
7290014761698,false,גבינה עמק 28% 600 גר,תנובה מרכז שיתופי לש,IL,גבינה עמק 28% 600 גר,גרמים,600.00,100 גרם,false,,26.90,4.4833,true,1,88653
7290014762800,false,מעדן סויה שוקולד אלט,תנובה מרכז שיתופי לש,IL,מעדן סויה שוקולד אלט,גרמים,125.00,100 גרם,false,,3.90,3.1200,true,1,92245
7290014762831,false,גבינת שמנת פלפל חלפי,תנובה מרכז שיתופי לש,IL,גבינת שמנת פלפל חלפי,גרמים,225.00,100 גרם,false,,11.90,5.2889,true,1,85741
7290014763395,false,גבינה עמק 28% 600 גר,תנובה מרכז שיתופי לש,IL,גבינה עמק 28% 600 גר,גרמים,600.00,100 גרם,false,,26.90,4.4833,true,1,90674
7290014763418,false,משקה יוגורט 4% תנובה,תנובה מרכז שיתופי לש,IL,משקה יוגורט 4% תנובה,קילוגרמים,1.50,ליטר,false,,15.90,10.6000,true,1,87530
7290014855595,false,מגבוני טואלט סופטי 6,D.P.L,IL,מגבוני טואלט סופטי 6,Unknown,0.00,יחידה,false,,19.90,0.0000,true,1,76149
7290014860070,false,מקלוני אורז מזרח ומע,ניינטי נודל קו,TH,מקלוני אורז מזרח ומע,גרמים,454.00,100 גרם,false,,9.90,2.1806,true,1,104174
7290014860155,false,מחצלת במבו שטוחה 24/,גולין  פנגזו,CN,מחצלת במבו שטוחה 24/,Unknown,0.00,יחידה,false,,7.90,0.0000,true,1,105422
7290014860247,false,שבבי אורז ללא גלוטן,ליאן תאי רייס,TH,שבבי אורז ללא גלוטן,מיליליטרים,227.00,"100 מ""ל",false,,8.50,3.7445,true,1,119160
7290014940901,false,לחם פשוט מלא אנגל 75,מאפית אנגל,IL,לחם פשוט מלא אנגל 75,גרמים,750.00,100 גרם,false,,14.90,1.9867,true,1,97435
7290014973060,false,סלמון מעושן הרמס 100,"הרמס דגים בע""מ",IL,סלמון מעושן הרמס 100,גרמים,100.00,100 גרם,false,,16.90,16.9000,true,1,104112
7290014973381,false,ממרח סלמון הרמס 200,"הרמס דגים בע""מ",IL,ממרח סלמון הרמס 200,גרמים,200.00,100 גרם,false,,19.90,9.9500,true,1,104658
7290014973480,false,טונה מעושן קר פרוס ה,"הרמס דגים בע""מ",IL,טונה מעושן קר פרוס ה,גרמים,200.00,100 גרם,false,,29.90,14.9500,true,1,104869
7290014973527,false,ממרח מקרל הרמס 200 ג,"הרמס דגים בע""מ",IL,ממרח מקרל הרמס 200 ג,גרמים,200.00,100 גרם,false,,19.90,9.9500,true,1,109666
7290014973558,false,פילה סלמון גרבלקס הר,"הרמס דגים בע""מ",IL,פילה סלמון גרבלקס הר,גרמים,200.00,100 גרם,false,,31.90,15.9500,true,1,103372
7290014973626,false,מקרל מעושן הרמס 400,"הרמס דגים בע""מ",IL,מקרל מעושן הרמס 400,גרמים,400.00,100 גרם,false,,34.90,8.7250,true,1,110226
7290014973640,false,פילה הרינג לבן הרמס,"הרמס דגים בע""מ",IL,פילה הרינג לבן הרמס,גרמים,200.00,100 גרם,false,,11.90,5.9500,true,1,110228
7290014973657,false,פילה הרינג אדום הרמס,"הרמס דגים בע""מ",IL,פילה הרינג אדום הרמס,גרמים,200.00,100 גרם,false,,11.90,5.9500,true,1,110229
7290014973664,false,איקרה אדומה הרמס 250,"הרמס דגים בע""מ",IL,איקרה אדומה הרמס 250,גרמים,250.00,100 גרם,false,,12.90,5.1600,true,1,110850
7290014973671,false,איקרה לבנה הרמס 250,"הרמס דגים בע""מ",IL,איקרה לבנה הרמס 250,גרמים,250.00,100 גרם,false,,12.90,5.1600,true,1,110851
7290015025843,false,שקיות סנדוויץ קטנות,תאי גריפיטס,TH,שקיות סנדוויץ קטנות,Unknown,0.00,יחידה,false,,24.90,0.0000,true,1,117704
7290015037167,false,"סלט  קולסלאו 1 ק""ג",יעל ירק עלים,IL,"סלט  קולסלאו 1 ק""ג",פריט,1.00,"ק""ג",false,,17.90,17.9000,true,1,93501
7290015037495,false,כוסברה מהדרין,יעל ירק עלים,IL,כוסברה מהדרין,Unknown,0.00,יחידה,false,,6.50,0.0000,true,1,93491
7290015037501,false,שמיר מהדרין,יעל ירק עלים,IL,שמיר מהדרין,Unknown,0.00,יחידה,false,,6.50,0.0000,true,1,93492
7290015039253,false,עלי גפן ויליפוד 620,קורהאן,TR,עלי גפן ויליפוד 620,גרמים,620.00,100 גרם,false,,8.90,1.4355,true,1,72627
7290015057110,false,מקלות חמוצים בטעם תו,אלבן מזון תעשיות ומס,TR,מקלות חמוצים בטעם תו,גרמים,20.00,100 גרם,false,,1.50,7.5000,true,1,101796
7290015057127,false,מקלות חמוצים בטעם קו,אלבן מזון תעשיות ומס,TR,מקלות חמוצים בטעם קו,גרמים,20.00,100 גרם,false,,1.50,7.5000,true,1,101797
7290015057134,false,מקלות חמוצים בטעם פט,אלבן מזון תעשיות ומס,TR,מקלות חמוצים בטעם פט,גרמים,20.00,100 גרם,false,,1.50,7.5000,true,1,101798
7290015139052,false,מרשמלו טוויסטר 500 ג,כרמית,IL,מרשמלו טוויסטר 500 ג,גרמים,500.00,100 גרם,false,,13.90,2.7800,true,1,71493
7290015139465,false,אגו מיקס בייגלה שוקו,כרמית,IL,אגו מיקס בייגלה שוקו,גרמים,55.00,100 גרם,false,,3.90,7.0909,true,1,83668
7290015139519,false,אגו מיקס קוביות ופל,כרמית,IL,אגו מיקס קוביות ופל,גרמים,55.00,100 גרם,false,,3.90,7.0909,true,1,83669
7290015139571,false,וופל מצופה שוקולד ל.,כרמית,IL,וופל מצופה שוקולד ל.,גרמים,125.00,100 גרם,false,,9.90,7.9200,true,1,84519
7290015150361,false,תה ירוק נענע סטיביה,ויסוצקי,IL,תה ירוק נענע סטיביה,גרמים,38.00,100 גרם,false,,21.50,56.5789,true,1,81909
7290015164856,false,מחית קארי אדומה מזרח,טאפאדונגפורן קוקינט,TH,מחית קארי אדומה מזרח,גרמים,400.00,100 גרם,false,,18.90,4.7250,true,1,104191
7290015251174,false,אל סבון נובו פרש ירו,סאסאטק,IL,אל סבון נובו פרש ירו,קילוגרמים,1.50,ליטר,false,,9.90,6.6000,true,1,72621
7290015251181,false,אל סבון נובו אנרגי כ,סאסאטק,IL,אל סבון נובו אנרגי כ,קילוגרמים,1.50,ליטר,false,,9.90,6.6000,true,1,72622
7290015251198,false,אל סבון נובו רילקס ס,סאסאטק,IL,אל סבון נובו רילקס ס,קילוגרמים,1.50,ליטר,false,,9.90,6.6000,true,1,72620
7290015251204,false,אל סבון נובו פלוראל,סאסאטק,IL,אל סבון נובו פלוראל,קילוגרמים,1.50,ליטר,false,,9.90,6.6000,true,1,72623
7290015258906,false,יין מצפה 2018 חבל יה,יקב חבל יהודה,IL,יין מצפה 2018 חבל יה,מיליליטרים,750.00,"100 מ""ל",false,,109.00,14.5333,true,1,107156
7290015258937,false,יין נחשון רזרב 2017,יקב חבל יהודה,IL,יין נחשון רזרב 2017,מיליליטרים,750.00,"100 מ""ל",false,,139.00,18.5333,true,1,107157
7290015282581,false,חומוס עם חריף שמיר ג,סלטי שמיר 2006 בעמ,IL,חומוס עם חריף שמיר ג,גרמים,200.00,100 גרם,false,,10.90,5.4500,true,1,73540
7290015282598,false,חומוס מסעדות שמיר גו,סלטי שמיר 2006 בעמ,IL,חומוס מסעדות שמיר גו,גרמים,200.00,100 גרם,false,,10.90,5.4500,true,1,73541
7290015282604,false,טחינה מיוחדת שמיר בי,סלטי שמיר 2006 בעמ,IL,טחינה מיוחדת שמיר בי,גרמים,200.00,100 גרם,false,,10.90,5.4500,true,1,73542
7290015282628,false,חציל בטעם כבד שמיר ג,סלטי שמיר 2006 בעמ,IL,חציל בטעם כבד שמיר ג,גרמים,200.00,100 גרם,false,,10.90,5.4500,true,1,73544
7290015282635,false,חומוס מסבחה שמיר גור,סלטי שמיר 2006 בעמ,IL,חומוס מסבחה שמיר גור,גרמים,200.00,100 גרם,false,,10.90,5.4500,true,1,73545
7290015282642,false,חומוס אבו גוש שמיר ג,סלטי שמיר 2006 בעמ,IL,חומוס אבו גוש שמיר ג,גרמים,200.00,100 גרם,false,,10.90,5.4500,true,1,73546
7290015282673,false,חציל במיונז שמיר גור,סלטי שמיר 2006 בעמ,IL,חציל במיונז שמיר גור,גרמים,200.00,100 גרם,false,,10.90,5.4500,true,1,73550
7290015282680,false,קישואים בטעם כבד שמי,סלטי שמיר 2006 בעמ,IL,קישואים בטעם כבד שמי,גרמים,200.00,100 גרם,false,,10.90,5.4500,true,1,73551
7290015282697,false,כרוב אדום שמיר גורמה,סלטי שמיר 2006 בעמ,IL,כרוב אדום שמיר גורמה,גרמים,200.00,100 גרם,false,,10.90,5.4500,true,1,73552
7290015282710,false,קוביות סלק שמיר גורמ,סלטי שמיר 2006 בעמ,IL,קוביות סלק שמיר גורמ,גרמים,200.00,100 גרם,false,,10.90,5.4500,true,1,73554
7290015282727,false,גזר מרוקאי שמיר גורמ,סלטי שמיר 2006 בעמ,IL,גזר מרוקאי שמיר גורמ,גרמים,200.00,100 גרם,false,,10.90,5.4500,true,1,73555
7290015282734,false,מטבוחה שמיר גורמה 20,סלטי שמיר 2006 בעמ,IL,מטבוחה שמיר גורמה 20,גרמים,200.00,100 גרם,false,,10.90,5.4500,true,1,73556
7290015282741,false,חציל תאילנדי שמיר גו,סלטי שמיר 2006 בעמ,IL,חציל תאילנדי שמיר גו,גרמים,200.00,100 גרם,false,,10.90,5.4500,true,1,73557
7290015321167,false,פפריקה מתוקה בשמן פר,תבליני הדור השלישי,IL,פפריקה מתוקה בשמן פר,גרמים,250.00,100 גרם,false,,21.90,8.7600,true,1,75952
7290015321174,false,פפריקה מתוקה פרג 300,תבליני הדור השלישי,IL,פפריקה מתוקה פרג 300,גרמים,300.00,100 גרם,false,,21.90,7.3000,true,1,75792
7290015321181,false,פפריקה חריפה בשמן פר,תבליני הדור השלישי,IL,פפריקה חריפה בשמן פר,גרמים,250.00,100 גרם,false,,21.90,8.7600,true,1,75794
7290015321198,false,פפריקה חריפה פרג 300,תבליני הדור השלישי,IL,פפריקה חריפה פרג 300,גרמים,300.00,100 גרם,false,,21.90,7.3000,true,1,75795
7290015321204,false,כורכום פרג 320 גרם,תבליני הדור השלישי,IL,כורכום פרג 320 גרם,גרמים,320.00,100 גרם,false,,21.90,6.8437,true,1,75790
7290015321211,false,כמון פרג 250 גרם,תבליני הדור השלישי,IL,כמון פרג 250 גרם,גרמים,250.00,100 גרם,false,,21.90,8.7600,true,1,75789
7290015321228,false,זנגוויל פרג 200 גרם,תבליני הדור השלישי,IL,זנגוויל פרג 200 גרם,גרמים,200.00,100 גרם,false,,21.90,10.9500,true,1,75953
7290015321242,false,קינמון טחון פרג 250,תבליני הדור השלישי,IL,קינמון טחון פרג 250,גרמים,250.00,100 גרם,false,,21.90,8.7600,true,1,75955
7290015321280,false,צילי פרג 230 גרם,תבליני הדור השלישי,IL,צילי פרג 230 גרם,גרמים,230.00,100 גרם,false,,21.90,9.5217,true,1,75959
7290015321297,false,גריל עוף פרג 250 גרם,תבליני הדור השלישי,IL,גריל עוף פרג 250 גרם,גרמים,250.00,100 גרם,false,,21.90,8.7600,true,1,75960
7290015321303,false,תבלין לסטיק פרג 250,תבליני הדור השלישי,IL,תבלין לסטיק פרג 250,גרמים,250.00,100 גרם,false,,21.90,8.7600,true,1,75793
7290015321310,false,תבלין לשווארמה פרג 2,תבליני הדור השלישי,IL,תבלין לשווארמה פרג 2,גרמים,250.00,100 גרם,false,,21.90,8.7600,true,1,75961
7290015321327,false,תבלין לדגים פרג 250,תבליני הדור השלישי,IL,תבלין לדגים פרג 250,גרמים,250.00,100 גרם,false,,21.90,8.7600,true,1,75791
7290015321334,false,קארי פרג 250 גרם,תבליני הדור השלישי,IL,קארי פרג 250 גרם,גרמים,250.00,100 גרם,false,,21.90,8.7600,true,1,75962
7290015321341,false,חוואיג למרק פרג 250,תבליני הדור השלישי,IL,חוואיג למרק פרג 250,גרמים,250.00,100 גרם,false,,21.90,8.7600,true,1,75963
7290015321358,false,חוואיג לקפה פרג 200,תבליני הדור השלישי,IL,חוואיג לקפה פרג 200,גרמים,200.00,100 גרם,false,,21.90,10.9500,true,1,75964
7290015321365,false,זעתר פרג 240 גרם,תבליני הדור השלישי,IL,זעתר פרג 240 גרם,גרמים,240.00,100 גרם,false,,21.90,9.1250,true,1,75965
7290015321389,false,פטרוזיליה פרג 80 גרם,תבליני הדור השלישי,IL,פטרוזיליה פרג 80 גרם,גרמים,80.00,100 גרם,false,,21.90,27.3750,true,1,75967
7290015321396,false,בזיליקום פרג 80 גרם,תבליני הדור השלישי,IL,בזיליקום פרג 80 גרם,גרמים,80.00,100 גרם,false,,21.90,27.3750,true,1,75968
7290015321402,false,כוסברה פרג 60 גרם,תבליני הדור השלישי,IL,כוסברה פרג 60 גרם,גרמים,60.00,100 גרם,false,,21.90,36.5000,true,1,75943
7290015321419,false,שמיר פרג 80 גרם,תבליני הדור השלישי,IL,שמיר פרג 80 גרם,גרמים,80.00,100 גרם,false,,21.90,27.3750,true,1,75942
7290015321426,false,אורגנו פרג 120 גרם,תבליני הדור השלישי,IL,אורגנו פרג 120 גרם,גרמים,120.00,100 גרם,false,,21.90,18.2500,true,1,75972
7290015321440,false,עלי דפנה פרג 25 גרם,תבליני הדור השלישי,IL,עלי דפנה פרג 25 גרם,גרמים,25.00,100 גרם,false,,21.90,87.6000,true,1,75971
7290015321457,false,טימין פרג 80 גרם,תבליני הדור השלישי,IL,טימין פרג 80 גרם,גרמים,80.00,100 גרם,false,,21.90,27.3750,true,1,75970
7290015339483,false,ערמונים קלופיים וקלו,טאנגשאלן היואן פוד,CN,ערמונים קלופיים וקלו,גרמים,100.00,100 גרם,false,,4.90,4.9000,true,1,75998
7290015339605,false,שוקולד טעמן לבן נוגט,אלבה שוקולד,,שוקולד טעמן לבן נוגט,גרמים,100.00,100 גרם,false,,7.90,7.9000,true,1,84984
7290015339629,false,שוקולד טעמן חלב שברי,הלל תעשיות,IL,שוקולד טעמן חלב שברי,גרמים,100.00,100 גרם,false,,7.90,7.9000,true,1,84985
7290015339643,false,שוקולד טעמן מריר 100,הלל תעשיות,IL,שוקולד טעמן מריר 100,גרמים,100.00,100 גרם,false,,6.90,6.9000,true,1,84981
7290015339650,false,שוקולד טעמן חלב 100,אלבה שוקולד,,שוקולד טעמן חלב 100,גרמים,100.00,100 גרם,false,,6.90,6.9000,true,1,84980
7290015341516,false,עוגת קרנץ 500 גרם,אנטיקביץ,IL,עוגת קרנץ 500 גרם,גרמים,500.00,100 גרם,false,,10.90,2.1800,true,1,97102
7290015341578,false,עוגת דניש בטעמים שונ,אנטיקביץ,IL,עוגת דניש בטעמים שונ,גרמים,500.00,100 גרם,false,,10.90,2.1800,true,1,96686
7290015341837,false,עוגיות פרימיום ללא ס,אנטיקביץ,IL,עוגיות פרימיום ללא ס,גרמים,350.00,100 גרם,false,,11.90,3.4000,true,1,117542
7290015347037,false,קקאו מיה 800 גרם,מיה תעשיות מזון בעמ,IL,קקאו מיה 800 גרם,גרמים,800.00,100 גרם,false,,21.90,2.7375,true,1,71054
7290015347068,false,קוקוס מיה 250 גרם,מיה תעשיות מזון בעמ,IL,קוקוס מיה 250 גרם,גרמים,250.00,100 גרם,false,,7.90,3.1600,true,1,73367
7290015347075,false,שומשום מיה 250 גרם,מיה תעשיות מזון בעמ,IL,שומשום מיה 250 גרם,גרמים,250.00,100 גרם,false,,6.90,2.7600,true,1,73368
7290015347150,false,שומשום סלקטד 400 גרם,מיה תעשיות מזון בעמ,IL,שומשום סלקטד 400 גרם,גרמים,400.00,100 גרם,false,,16.90,4.2250,true,1,96611
7290015347167,false,קינואה סלקטד 500 גרם,מיה תעשיות מזון בעמ,IL,קינואה סלקטד 500 גרם,גרמים,500.00,100 גרם,false,,16.90,3.3800,true,1,95506
7290015347174,false,"אורז פרסי סלקטד 1 ק""",מיה תעשיות מזון בעמ,IL,"אורז פרסי סלקטד 1 ק""",פריט,1.00,"ק""ג",false,,11.90,11.9000,true,1,74895
7290015347181,false,שעועית לבנה סלקטד 1,מיה תעשיות מזון בעמ,IL,שעועית לבנה סלקטד 1,פריט,1.00,"ק""ג",false,,13.90,13.9000,true,1,74893
7290015347204,false,חומוס גדול סלקטד 1 ק,מיה תעשיות מזון בעמ,IL,חומוס גדול סלקטד 1 ק,פריט,1.00,"ק""ג",false,,13.90,13.9000,true,1,74892
7290015347211,false,גריסי פנינה סלקטד 1,מיה תעשיות מזון בעמ,IL,גריסי פנינה סלקטד 1,פריט,1.00,"ק""ג",false,,14.90,14.9000,true,1,74894
7290015347488,false,סוכר דמררה בשקית מיה,מיה תעשיות מזון בעמ,IL,סוכר דמררה בשקית מיה,פריט,1.00,"ק""ג",false,,6.90,6.9000,true,1,75511
7290015347501,false,אבקת אפיה מיה 36 יח,מיה תעשיות מזון בעמ,IL,אבקת אפיה מיה 36 יח,גרמים,360.00,100 גרם,false,,5.90,1.6389,true,1,88810
7290015347518,false,סוכר וניל מיה 36 יח,מיה תעשיות מזון בעמ,IL,סוכר וניל מיה 36 יח,גרמים,360.00,100 גרם,false,,5.90,1.6389,true,1,88811
7290015347525,false,חטיף ציפס בטטה עם שו,מיה תעשיות מזון בעמ,IL,חטיף ציפס בטטה עם שו,גרמים,80.00,100 גרם,false,,7.90,9.8750,true,1,91114
7290015347532,false,חטיף ציפס בטטה עם שמ,מיה תעשיות מזון בעמ,IL,חטיף ציפס בטטה עם שמ,גרמים,80.00,100 גרם,false,,7.90,9.8750,true,1,91113
7290015347556,false,גבישי שום מיה 300 גר,מיה תעשיות מזון בעמ,IL,גבישי שום מיה 300 גר,גרמים,300.00,100 גרם,false,,24.90,8.3000,true,1,101742
7290015347563,false,סוכר דמררה שקית בון,מיה תעשיות מזון בעמ,IL,סוכר דמררה שקית בון,פריט,1.40,"ק""ג",false,,11.90,8.5000,true,1,82653
7290015347679,false,צילי גרוס מיה 70 גרם,מיה תעשיות מזון בעמ,IL,צילי גרוס מיה 70 גרם,גרמים,70.00,100 גרם,false,,7.90,11.2857,true,1,84914
7290015347686,false,צילי שקית מיה 50 גרם,מיה תעשיות מזון בעמ,IL,צילי שקית מיה 50 גרם,גרמים,50.00,100 גרם,false,,6.90,13.8000,true,1,84915
7290015347709,false,אגוז מוסקט מיה 70 גר,מיה תעשיות מזון בעמ,IL,אגוז מוסקט מיה 70 גר,גרמים,70.00,100 גרם,false,,9.90,14.1429,true,1,84767
7290015347723,false,אורז פרסי סלקטד 1.8,מיה תעשיות מזון בעמ,IL,אורז פרסי סלקטד 1.8,פריט,1.80,"ק""ג",false,,19.90,11.0556,true,1,90121
7290015347945,false,שעועית מעורבת אינדיר,מיה תעשיות מזון בעמ,IL,שעועית מעורבת אינדיר,פריט,1.40,"ק""ג",false,,16.90,12.0714,true,1,92328
7290015347990,false,מארז  1/8 עדשי שוקול,מיה תעשיות מזון בעמ,IL,מארז  1/8 עדשי שוקול,גרמים,160.00,100 גרם,false,,8.90,5.5625,true,1,92609
7290015350037,false,יין קברנה סוביניון ס,יקבי ברקן,IL,יין קברנה סוביניון ס,מיליליטרים,750.00,"100 מ""ל",false,,22.90,3.0533,true,1,114770
7290015350044,false,יין אמרלד ריזלינג סנ,יקבי ברקן,IL,יין אמרלד ריזלינג סנ,מיליליטרים,750.00,"100 מ""ל",false,,19.90,2.6533,true,1,114769
7290015350242,false,ברנדי שטוק 84 דבש 75,יינות סגל,IL,ברנדי שטוק 84 דבש 75,מיליליטרים,750.00,"100 מ""ל",false,,64.90,8.6533,true,1,119244
7290015350433,false,מיץ ענבים 100% תירוש,יקבי ברקן,IL,מיץ ענבים 100% תירוש,קילוגרמים,1.00,ליטר,false,,14.90,14.9000,true,1,114766
7290015374002,false,סיגרים בטעם בשר אלקי,חטיפי אלקיים בעמ,IL,סיגרים בטעם בשר אלקי,פריט,1.00,"ק""ג",false,,21.90,21.9000,true,1,74379
7290015374019,false,סיגרים במילוי תפוא א,חטיפי אלקיים בעמ,IL,סיגרים במילוי תפוא א,פריט,1.00,"ק""ג",false,,21.90,21.9000,true,1,74380
7290015374040,false,אגרול סיני ירקות אלק,חטיפי אלקיים בעמ,IL,אגרול סיני ירקות אלק,פריט,1.00,"ק""ג",false,,21.90,21.9000,true,1,74382
7290015374071,false,קרפלך תפוא אלקיים 1,חטיפי אלקיים בעמ,IL,קרפלך תפוא אלקיים 1,פריט,1.00,"ק""ג",false,,21.90,21.9000,true,1,74383
7290015374088,false,חטיפי תפוא במילוי פט,חטיפי אלקיים בעמ,IL,חטיפי תפוא במילוי פט,פריט,1.00,"ק""ג",false,,21.90,21.9000,true,1,74384
7290015374262,false,חטיפי תפוא במילוי תי,חטיפי אלקיים בעמ,IL,חטיפי תפוא במילוי תי,פריט,1.00,"ק""ג",false,,21.90,21.9000,true,1,74385
7290015581301,false,צלחות קנה סוכר גדולו,,IN,צלחות קנה סוכר גדולו,Unknown,0.00,יחידה,false,,29.90,0.0000,true,1,115528
7290015581318,false,צלחות קנה סוכר קטנות,,IN,צלחות קנה סוכר קטנות,Unknown,0.00,יחידה,false,,19.90,0.0000,true,1,115529
7290015581325,false,קערות קנה סוכר 80 יח,,IN,קערות קנה סוכר 80 יח,Unknown,0.00,יחידה,false,,25.90,0.0000,true,1,116613
7290015581332,false,לפתניות קנה סוכר 80,,IN,לפתניות קנה סוכר 80,Unknown,0.00,יחידה,false,,19.90,0.0000,true,1,116614
7290015597210,false,טילוני קורנטו וניל 6,גלידות שטראוס,IL,טילוני קורנטו וניל 6,גרמים,360.00,100 גרם,false,,21.90,6.0833,true,1,95638
7290015603188,false,אטריות ביצים מזרח ומ,פוגקן לונגהי אנלידה,CN,אטריות ביצים מזרח ומ,גרמים,454.00,100 גרם,false,,9.90,2.1806,true,1,104168
7290015603195,false,אטריות עם תרד מזרח ו,פוגקן לונגהי אנלידה,CN,אטריות עם תרד מזרח ו,גרמים,454.00,100 גרם,false,,10.50,2.3128,true,1,119155
7290015603201,false,אטריות חיטה מלאה מזר,yan val yun corpora,CN,אטריות חיטה מלאה מזר,גרמים,454.00,100 גרם,false,,9.90,2.1806,true,1,111509
7290015603218,false,אטריות עם עגבניה מזר,פוגקן לונגהי אנלידה,CN,אטריות עם עגבניה מזר,גרמים,454.00,100 גרם,false,,9.90,2.1806,true,1,104169
7290015603522,false,נוזל קוקוס 5-7% מזרח,אסי אטיק גרו אינדוסט,TH,נוזל קוקוס 5-7% מזרח,מיליליטרים,400.00,"100 מ""ל",false,,5.90,1.4750,true,1,114886
7290015603546,false,קרם קוקוס 17-19% מזר,אסי אטיק גרו אינדוסט,TH,קרם קוקוס 17-19% מזר,מיליליטרים,400.00,"100 מ""ל",false,,8.50,2.1250,true,1,104175
7290015603560,false,קרם קוקוס 20-22% מזר,אסי אטיק גרו אינדוסט,TH,קרם קוקוס 20-22% מזר,מיליליטרים,400.00,"100 מ""ל",false,,9.70,2.4250,true,1,105420
7290015603584,false,ג'ינגר לבן כבוש מזרח,לאיווי איפנג פודס קו,CN,ג'ינגר לבן כבוש מזרח,גרמים,160.00,100 גרם,false,,7.90,4.9375,true,1,104170
7290015603591,false,ג'ינגר כבוש ורוד מזר,ננטונג הידה אקוטיק פ,CN,ג'ינגר כבוש ורוד מזר,גרמים,160.00,100 גרם,false,,6.90,4.3125,true,1,119161
7290015644297,false,לחמניות קמח מלא אנגל,מאפית אנגל,IL,לחמניות קמח מלא אנגל,גרמים,450.00,100 גרם,false,,11.90,2.6444,true,1,97465
7290015652070,false,קשיו קלויים 150 גרם,דין שיווק,IL,קשיו קלויים 150 גרם,גרמים,150.00,100 גרם,false,,9.90,6.6000,true,1,79497
7290015652087,false,תערובת פיצוחים 150 ג,דין שיווק,IL,תערובת פיצוחים 150 ג,גרמים,150.00,100 גרם,false,,9.90,6.6000,true,1,79496
7290015652261,false,בוטן קלויים 350 גרם,דין שיווק,IL,בוטן קלויים 350 גרם,גרמים,350.00,100 גרם,false,,10.00,2.8571,true,1,91863
7290015652278,false,תערובת פיצוחים 300 ג,דין שיווק,IL,תערובת פיצוחים 300 ג,גרמים,300.00,100 גרם,false,,20.00,6.6667,true,1,85508
7290015652292,false,קבוקים 400 גרם,דין שיווק,IL,קבוקים 400 גרם,גרמים,400.00,100 גרם,false,,10.00,2.5000,true,1,91867
7290015652322,false,בוטן אמריקאי 400 גרם,דין שיווק,IL,בוטן אמריקאי 400 גרם,גרמים,400.00,100 גרם,false,,10.00,2.5000,true,1,91862
7290015652384,false,קמח תירס עבה ל.גלוטן,,IT,קמח תירס עבה ל.גלוטן,פריט,1.00,"ק""ג",false,,9.90,9.9000,true,1,84231
7290015652391,false,קמח תירס דק ל.גלוטן,,IT,קמח תירס דק ל.גלוטן,פריט,1.00,"ק""ג",false,,9.90,9.9000,true,1,84232
7290015652407,false,פיסטוק 250 גרם,דין שיווק,IL,פיסטוק 250 גרם,גרמים,250.00,100 גרם,false,,20.00,8.0000,true,1,91870
7290015652506,false,נוזל קוקוס דל קלוריו,,TH,נוזל קוקוס דל קלוריו,מיליליטרים,400.00,"100 מ""ל",false,,6.90,1.7250,true,1,83404
7290015652513,false,תערובת לסטייק אהרוני,נווה התבלין,IL,תערובת לסטייק אהרוני,גרמים,150.00,100 גרם,false,,9.90,6.6000,true,1,82684
7290015652520,false,תערובת השף אהרוני 70,דין שיווק,IL,תערובת השף אהרוני 70,גרמים,70.00,100 גרם,false,,9.90,14.1429,true,1,82686
7290015652537,false,תבלין פלפל לימון ושו,נווה התבלין,IL,תבלין פלפל לימון ושו,גרמים,130.00,100 גרם,false,,9.90,7.6154,true,1,82682
7290015652544,false,גריל עוף ארומטי אהרו,נווה התבלין,IL,גריל עוף ארומטי אהרו,גרמים,130.00,100 גרם,false,,9.90,7.6154,true,1,82678
7290015652551,false,זעתר ושומשום בלדי אה,נווה התבלין,IL,זעתר ושומשום בלדי אה,גרמים,150.00,100 גרם,false,,9.90,6.6000,true,1,82681
7290015652568,false,עשבי תיבול לדג אהרונ,נווה התבלין,IL,עשבי תיבול לדג אהרונ,גרמים,70.00,100 גרם,false,,9.90,14.1429,true,1,82685
7290015652575,false,תבלין ראס אל חנות אה,נווה התבלין,IL,תבלין ראס אל חנות אה,גרמים,150.00,100 גרם,false,,9.90,6.6000,true,1,82680
7290015652582,false,תבלין לחריימה דג אהר,נווה התבלין,IL,תבלין לחריימה דג אהר,גרמים,150.00,100 גרם,false,,9.90,6.6000,true,1,82679
7290015652599,false,תבלין צלי בקר אהרוני,נווה התבלין,IL,תבלין צלי בקר אהרוני,גרמים,120.00,100 גרם,false,,9.90,8.2500,true,1,82683
7290015733205,false,מטרנה אקסטרה קר שלב,מטרנה,IL,מטרנה אקסטרה קר שלב,גרמים,700.00,100 גרם,false,,54.90,7.8429,true,1,95756
7290015733229,false,מטרנה אקסטרה קר שלב,מטרנה,IL,מטרנה אקסטרה קר שלב,גרמים,700.00,100 גרם,false,,54.90,7.8429,true,1,95755
7290015733243,false,מטרנה אקסטרה קר שלב,מטרנה,IL,מטרנה אקסטרה קר שלב,גרמים,700.00,100 גרם,false,,54.90,7.8429,true,1,95754
7290015781008,false,יין ויזן מרלו,יקב טפרברג 1870 בעמ,IL,יין ויזן מרלו,מיליליטרים,750.00,"100 מ""ל",false,,39.90,5.3200,true,1,81642
7290015781015,false,יין ויזן מלבק,יקב טפרברג 1870 בעמ,IL,יין ויזן מלבק,מיליליטרים,750.00,"100 מ""ל",false,,39.90,5.3200,true,1,81643
7290015781053,false,יין ויזן לבן יבש,יקב טפרברג 1870 בעמ,IL,יין ויזן לבן יבש,מיליליטרים,750.00,"100 מ""ל",false,,39.90,5.3200,true,1,81646
7290015781091,false,יין ויזן קברנה סובינ,יקב טפרברג 1870 בעמ,IL,יין ויזן קברנה סובינ,מיליליטרים,750.00,"100 מ""ל",false,,39.90,5.3200,true,1,81641
7290015781114,false,יין אימפרשן מרלו,יקב טפרברג 1870 בעמ,IL,יין אימפרשן מרלו,מיליליטרים,750.00,"100 מ""ל",false,,49.90,6.6533,true,1,81650
7290015781121,false,יין אימפרשן קברנה סו,יקב טפרברג 1870 בעמ,IL,יין אימפרשן קברנה סו,מיליליטרים,750.00,"100 מ""ל",false,,49.90,6.6533,true,1,81649
7290015781138,false,יין אימפרשן שרדונה 7,,,יין אימפרשן שרדונה 7,מיליליטרים,750.00,"100 מ""ל",false,,49.90,6.6533,true,1,81656
7290015781152,false,יין אימפרשן רוזה 750,,,יין אימפרשן רוזה 750,מיליליטרים,750.00,"100 מ""ל",false,,49.90,6.6533,true,1,81653
7290015781169,false,יין אימפרשן קברנה סו,יקב טפרברג 1870 בעמ,IL,יין אימפרשן קברנה סו,מיליליטרים,750.00,"100 מ""ל",false,,49.90,6.6533,true,1,81654
7290015781275,false,יין טפרברג מוסקטו לב,יקב טפרברג 1870 בעמ,IL,יין טפרברג מוסקטו לב,מיליליטרים,750.00,"100 מ""ל",false,,39.90,5.3200,true,1,81647
7290015781282,false,יין אימפרשן גוורצטרמ,,,יין אימפרשן גוורצטרמ,מיליליטרים,750.00,"100 מ""ל",false,,49.90,6.6533,true,1,81655
7290015781299,false,יין ויזן שיראז,יקב טפרברג 1870 בעמ,IL,יין ויזן שיראז,מיליליטרים,750.00,"100 מ""ל",false,,39.90,5.3200,true,1,81644
7290015781657,false,יין אלגרו למבורסקו ר,יקב טפרברג 1870 בעמ,IL,יין אלגרו למבורסקו ר,מיליליטרים,750.00,"100 מ""ל",false,,34.90,4.6533,true,1,103958
7290015781664,false,יין אלגרו למבורסקו ל,יקב טפרברג 1870 בעמ,IL,יין אלגרו למבורסקו ל,מיליליטרים,750.00,"100 מ""ל",false,,34.90,4.6533,true,1,103959
7290015821728,false,נר נשמה 48 שעות מאור,פאלאס,CN,נר נשמה 48 שעות מאור,Unknown,0.00,יחידה,false,,3.90,0.0000,true,1,119015
7290015856256,false,קרקר עם מלח בריידמן,אפיפית נצרת תעשיות ב,IL,קרקר עם מלח בריידמן,פריט,1.20,"ק""ג",false,,19.90,16.5833,true,1,97112
7290015856263,false,קרקר עם שומשום ברייד,אפיפית נצרת תעשיות ב,IL,קרקר עם שומשום ברייד,פריט,1.20,"ק""ג",false,,19.90,16.5833,true,1,97113
7290015856270,false,קרקר בטעם בצל בריידמ,אפיפית נצרת תעשיות ב,IL,קרקר בטעם בצל בריידמ,פריט,1.20,"ק""ג",false,,19.90,16.5833,true,1,97114
7290015856294,false,חטיפי קרקר עם מלח ים,אפיפית נצרת תעשיות ב,IL,חטיפי קרקר עם מלח ים,פריט,1.50,"ק""ג",false,,19.90,13.2667,true,1,97233
7290015856317,false,חטיפי קרקר בצל ברייד,אפיפית נצרת תעשיות ב,IL,חטיפי קרקר בצל ברייד,פריט,1.50,"ק""ג",false,,19.90,13.2667,true,1,97230
7290015856607,false,קרקר מלוח מתוק חצי מ,אפיפית נצרת תעשיות ב,IL,קרקר מלוח מתוק חצי מ,גרמים,175.00,100 גרם,false,,5.90,3.3714,true,1,108990
7290015856621,false,ביסקוויט קרמל חצי מצ,אפיפית נצרת תעשיות ב,IL,ביסקוויט קרמל חצי מצ,גרמים,175.00,100 גרם,false,,5.90,3.3714,true,1,108991
7290015856690,false,"קרם קרקר הדר 1 ק""ג",אפיפית נצרת תעשיות ב,IL,"קרם קרקר הדר 1 ק""ג",פריט,1.00,"ק""ג",false,,19.90,19.9000,true,1,109365
7290015858106,false,פסטו ביתי עללחם 180,מדשא,IL,פסטו ביתי עללחם 180,גרמים,180.00,100 גרם,false,,15.90,8.8333,true,1,103168
7290015858144,false,ממרח ארטישוק עללחם 1,מדשא,IL,ממרח ארטישוק עללחם 1,גרמים,180.00,100 גרם,false,,15.90,8.8333,true,1,109948
7290015858175,false,ממרח פלפלים קלויים ע,מדשא,IL,ממרח פלפלים קלויים ע,גרמים,180.00,100 גרם,false,,15.90,8.8333,true,1,114422
7290015858229,false,טפנד זיתי קלמטה עללח,מדשא,IL,טפנד זיתי קלמטה עללח,גרמים,180.00,100 גרם,false,,15.90,8.8333,true,1,103170
7290015858328,false,איולי פסטו עללחם לחי,עלית,IL,איולי פסטו עללחם לחי,גרמים,295.00,100 גרם,false,,12.90,4.3729,true,1,119016
7290015858441,false,איולי פלפלים עללחם ל,עלית,IL,איולי פלפלים עללחם ל,גרמים,295.00,100 גרם,false,,12.90,4.3729,true,1,119017
7290015858687,false,איולי שום עללחם לחיץ,עלית,IL,איולי שום עללחם לחיץ,גרמים,295.00,100 גרם,false,,12.90,4.3729,true,1,119018
7290015865821,false,ממרח אגוזי לוז וקקאו,ענבי ציון,IL,ממרח אגוזי לוז וקקאו,פריט,1.00,"ק""ג",false,,24.90,24.9000,true,1,117096
7290015865838,false,ממרח עוגיות קרמל ענב,ענבי ציון,IL,ממרח עוגיות קרמל ענב,פריט,1.00,"ק""ג",false,,24.90,24.9000,true,1,117097
7290015865845,false,ממרח בייגלה מתוק מלו,ענבי ציון,IL,ממרח בייגלה מתוק מלו,פריט,1.00,"ק""ג",false,,24.90,24.9000,true,1,117098
7290015879705,false,קמח ללא גלוטן מולינו,DFS,IT,קמח ללא גלוטן מולינו,גרמים,500.00,100 גרם,false,,14.90,2.9800,true,1,108273
7290015879712,false,תערובת איטלקית לעוגו,DFS,IT,תערובת איטלקית לעוגו,גרמים,500.00,100 גרם,false,,14.90,2.9800,true,1,108805
7290015879729,false,"קמח ללא גלוטן ע""ב עמ",DFS,IT,"קמח ללא גלוטן ע""ב עמ",גרמים,500.00,100 גרם,false,,14.90,2.9800,true,1,108274
7290015951227,false,יין גמלא סירה,יקב רמת הגולן,IL,יין גמלא סירה,מיליליטרים,750.00,"100 מ""ל",false,,59.90,7.9867,true,1,109244
7290016006292,false,נקטר ספרינג מנגו בננ,יפאורה תבורי,IL,נקטר ספרינג מנגו בננ,קילוגרמים,1.00,ליטר,false,,6.50,6.5000,true,1,85449
7290016006346,false,מארז שוופס סודה 6*50,יפאורה תבורי,IL,מארז שוופס סודה 6*50,קילוגרמים,3.00,ליטר,false,,13.90,4.6333,true,1,86791
7290016083101,false,עוגיות בדלי שירה 400,מאפיית ישראל חיפה,IL,עוגיות בדלי שירה 400,גרמים,400.00,100 גרם,false,,10.90,2.7250,true,1,82709
7290016083125,false,עוגיות בדלי שירה 600,מאפיית ישראל חיפה,IL,עוגיות בדלי שירה 600,גרמים,600.00,100 גרם,false,,10.90,1.8167,true,1,82708
7290016083255,false,בצק עלים בון בייקרי,מאפיית ישראל חיפה,IL,בצק עלים בון בייקרי,פריט,1.50,"ק""ג",false,,16.90,11.2667,true,1,85618
7290016094695,false,"ג'ל חיטוי ידיים ד""ר",פישר מעבדות פרמצבטיו,IL,"ג'ל חיטוי ידיים ד""ר",מיליליטרים,500.00,"100 מ""ל",false,,19.90,3.9800,true,1,105688
7290016096613,false,טונה בשמן פילטונה 6*,תעשיות פילטונה,IL,טונה בשמן פילטונה 6*,גרמים,840.00,100 גרם,false,,27.90,3.3214,true,1,95714
7290016096637,false,טונה בשמן קנולה פילט,תעשיות פילטונה,IL,טונה בשמן קנולה פילט,גרמים,840.00,100 גרם,false,,27.90,3.3214,true,1,95713
7290016096651,false,טונה במים פילטונה 6*,תעשיות פילטונה,IL,טונה במים פילטונה 6*,גרמים,840.00,100 גרם,false,,27.90,3.3214,true,1,95715
7290016096811,false,ממרח טונה פילטונה 4*,תעשיות פילטונה,IL,ממרח טונה פילטונה 4*,גרמים,640.00,100 גרם,false,,19.90,3.1094,true,1,107187
7290016102215,false,נריות 4 שעות שמאי 72,,CN,נריות 4 שעות שמאי 72,Unknown,0.00,יחידה,false,,19.90,0.0000,true,1,118954
7290016102222,false,נריות 6 שעות שמאי 66,,CN,נריות 6 שעות שמאי 66,Unknown,0.00,יחידה,false,,24.90,0.0000,true,1,118955
7290016106213,false,שוקולד טעמן מריר שבר,אלבה שוקולד,,שוקולד טעמן מריר שבר,גרמים,100.00,100 גרם,false,,7.90,7.9000,true,1,84986
7290016106657,false,טונה בשמן טעמן 4*140,דיאמוד פוד פרודקט סי,IL,טונה בשמן טעמן 4*140,גרמים,560.00,100 גרם,false,,16.90,3.0179,true,1,114619
7290016106664,false,טונה במים טעמן 4*140,דיאמוד פוד פרודקט סי,IL,טונה במים טעמן 4*140,גרמים,560.00,100 גרם,false,,16.90,3.0179,true,1,114620
7290016114300,false,נייר טואלט כפול לילי,חוגלה קימברלי,IL,נייר טואלט כפול לילי,מטרים,588.00,מטר,false,,32.90,0.0560,true,1,88694
7290016144000,false,קמח חיטה מלאה 80% נפ,קמח מלכים,IL,קמח חיטה מלאה 80% נפ,פריט,1.00,"ק""ג",false,,9.90,9.9000,true,1,99956
7290016144017,false,קמח חיטה מלאה 100% נ,קמח מלכים,IL,קמח חיטה מלאה 100% נ,פריט,1.00,"ק""ג",false,,9.90,9.9000,true,1,99957
7290016144024,false,קמח כוסמין 100% נפלא,קמח מלכים,IL,קמח כוסמין 100% נפלא,פריט,1.00,"ק""ג",false,,14.90,14.9000,true,1,99959
7290016144031,false,קמח לבן מנופה נפלאות,קמח מלכים,IL,קמח לבן מנופה נפלאות,פריט,1.00,"ק""ג",false,,5.90,5.9000,true,1,99961
7290016144048,false,קמח כוסמין לבן נפלאו,קמח מלכים,IL,קמח כוסמין לבן נפלאו,פריט,1.00,"ק""ג",false,,16.90,16.9000,true,1,99960
7290016144055,false,קמח כוסמין 80% נפלאו,קמח מלכים,IL,קמח כוסמין 80% נפלאו,פריט,1.00,"ק""ג",false,,14.90,14.9000,true,1,99958
7290016144062,false,קמח שיפון מלא נפלאות,קמח מלכים,IL,קמח שיפון מלא נפלאות,פריט,1.00,"ק""ג",false,,8.90,8.9000,true,1,114978
7290016144079,false,קמח חיטה כפרי נפלאות,קמח מלכים,IL,קמח חיטה כפרי נפלאות,פריט,1.00,"ק""ג",false,,8.90,8.9000,true,1,114979
7290016144086,false,"קמח חלה נפלאות 1 ק""ג",קמח מלכים,IL,"קמח חלה נפלאות 1 ק""ג",פריט,1.00,"ק""ג",false,,6.90,6.9000,true,1,114980
7290016144093,false,"קמח לחם נפלאות 1 ק""ג",קמח מלכים,IL,"קמח לחם נפלאות 1 ק""ג",פריט,1.00,"ק""ג",false,,6.90,6.9000,true,1,114981
7290016144109,false,"קמח פיצה נפלאות 1 ק""",קמח מלכים,IL,"קמח פיצה נפלאות 1 ק""",פריט,1.00,"ק""ג",false,,14.90,14.9000,true,1,114982
7290016144116,false,"קמח תופח נפלאות 1 ק""",קמח מלכים,IL,"קמח תופח נפלאות 1 ק""",פריט,1.00,"ק""ג",false,,8.90,8.9000,true,1,114983
7290016162219,false,כדורי שוקולד קפולסקי,קפולסקי אדל בעמ,IL,כדורי שוקולד קפולסקי,גרמים,280.00,100 גרם,false,,29.90,10.6786,true,1,90467
7290016162264,false,עוגת גבינה אפויה קפו,קפולסקי אדל בעמ,IL,עוגת גבינה אפויה קפו,גרמים,450.00,100 גרם,false,,35.90,7.9778,true,1,90464
7290016188585,false,למברוסקו רוזה חצי יב,יקב גאקובזי,,למברוסקו רוזה חצי יב,מיליליטרים,750.00,"100 מ""ל",false,,23.90,3.1867,true,1,83906
7290016188592,false,למברוסקו אדום חצי יב,יקב גאקובזי,,למברוסקו אדום חצי יב,מיליליטרים,750.00,"100 מ""ל",false,,23.90,3.1867,true,1,83905
7290016188608,false,למברוסקו לבן חצי יבש,יקב גאקובזי,,למברוסקו לבן חצי יבש,מיליליטרים,750.00,"100 מ""ל",false,,23.90,3.1867,true,1,83887
7290016197495,false,מטליות רצפה מיקרופיי,חוגלה קימברלי,IL,מטליות רצפה מיקרופיי,Unknown,0.00,יחידה,false,,15.60,0.0000,true,1,86792
7290016217643,false,חמוצים סיניים אסלי 4,סלטי שמיר 2006 בעמ,IL,חמוצים סיניים אסלי 4,גרמים,400.00,100 גרם,false,,10.90,2.7250,true,1,85455
7290016246445,false,טחינה מעודנת משומשום,אסם,IL,טחינה מעודנת משומשום,גרמים,310.00,100 גרם,false,,9.90,3.1935,true,1,114508
7290016255188,false,מטהר מגיק ירוק 350 מ,סאסאטק,IL,מטהר מגיק ירוק 350 מ,מיליליטרים,350.00,"100 מ""ל",false,,6.90,1.9714,true,1,86529
7290016255195,false,מטהר מגיק ורוד 350 מ,סאסאטק,IL,מטהר מגיק ורוד 350 מ,מיליליטרים,350.00,"100 מ""ל",false,,6.90,1.9714,true,1,86530
7290016255201,false,מטהר מגיק סגול 350 מ,סאסאטק,IL,מטהר מגיק סגול 350 מ,מיליליטרים,350.00,"100 מ""ל",false,,6.90,1.9714,true,1,86531
7290016276534,false,שמן קוקוס שקדיה 500,שקדיה,IL,שמן קוקוס שקדיה 500,גרמים,500.00,100 גרם,false,,29.90,5.9800,true,1,92529
7290016276763,false,מעדן שזיף שקדיה 284,שקדיה,IL,מעדן שזיף שקדיה 284,גרמים,284.00,100 גרם,false,,9.90,3.4859,true,1,87741
7290016276831,false,תבשיל אטריות בטעם בק,טיאן הונג,TH,תבשיל אטריות בטעם בק,גרמים,70.00,100 גרם,false,,4.90,7.0000,true,1,88118
7290016276848,false,תבשיל אטריות בטעם עו,טיאן הונג,TH,תבשיל אטריות בטעם עו,גרמים,70.00,100 גרם,false,,4.90,7.0000,true,1,88116
7290016313055,false,קוגל אטריות משולשים,תכלית מזון,IL,קוגל אטריות משולשים,גרמים,450.00,100 גרם,false,,11.90,2.6444,true,1,85734
7290016334494,false,חסה יח,בוסתן עשבי תיבול,IL,חסה יח,Unknown,0.00,יחידה,false,,3.90,0.0000,true,1,92429
7290016334579,false,פטרוזיליה בוסתן,ברכת קטיף,IL,פטרוזיליה בוסתן,Unknown,0.00,יחידה,false,,4.90,0.0000,true,1,101839
7290016334586,false,כוסברה בוסתן,ברכת קטיף,IL,כוסברה בוסתן,Unknown,0.00,יחידה,false,,4.90,0.0000,true,1,101840
7290016370072,false,זית קלמטה ללא גלעין,בני דרום,IL,זית קלמטה ללא גלעין,גרמים,560.00,100 גרם,false,,11.90,2.1250,true,1,112809
7290016370140,false,זית קלמטה בני דרום 8,בני דרום,IL,זית קלמטה בני דרום 8,גרמים,820.00,100 גרם,false,,12.90,1.5732,true,1,112810
7290016370188,false,תחתיות ארטישוק בני ד,בני דרום,IL,תחתיות ארטישוק בני ד,גרמים,430.00,100 גרם,false,,7.90,1.8372,true,1,114196
7290016370201,false,זית טבעות מושחרבני ד,בני דרום,IL,זית טבעות מושחרבני ד,גרמים,820.00,100 גרם,false,,10.90,1.3293,true,1,109809
7290016370232,false,תערובת ירקות כבושים,KOSAT,GR,תערובת ירקות כבושים,גרמים,560.00,100 גרם,false,,9.90,1.7679,true,1,108393
7290016370249,false,חריסה בני דרום 570 ג,בני דרום,IL,חריסה בני דרום 570 ג,גרמים,570.00,100 גרם,false,,5.90,1.0351,true,1,109810
7290016370331,false,פלפל קלוי על האש בני,KOSAT,GR,פלפל קלוי על האש בני,גרמים,540.00,100 גרם,false,,9.90,1.8333,true,1,107345
7290016370348,false,חציל קלוי על האש בני,KOSAT,GR,חציל קלוי על האש בני,גרמים,530.00,100 גרם,false,,9.90,1.8679,true,1,107346
7290016370355,false,פרוסות מלפפון במלח ב,בני דרום,IL,פרוסות מלפפון במלח ב,גרמים,560.00,100 גרם,false,,4.90,0.8750,true,1,106027
7290016372144,false,חליטת קינמון 40 שקיק,ויסוצקי,IL,חליטת קינמון 40 שקיק,גרמים,100.00,100 גרם,false,,21.90,21.9000,true,1,88715
7290016372151,false,חליטת קמומיל 40 שקיק,ויסוצקי,IL,חליטת קמומיל 40 שקיק,גרמים,60.00,100 גרם,false,,21.90,36.5000,true,1,88714
7290016372168,false,חליטת לימונית לואיזה,ויסוצקי,IL,חליטת לימונית לואיזה,Unknown,0.00,יחידה,false,,21.90,0.0000,true,1,88716
7290016372397,false,תה ירוק תפוז גינגר ו,ויסוצקי,IL,תה ירוק תפוז גינגר ו,גרמים,150.00,100 גרם,false,,21.50,14.3333,true,1,92531
7290016372571,false,חליטת פירות יער 40 ש,ויסוצקי,IL,חליטת פירות יער 40 ש,גרמים,108.00,100 גרם,false,,21.90,20.2778,true,1,92558
7290016372588,false,חליטת לימונענע 40 שק,ויסוצקי,IL,חליטת לימונענע 40 שק,גרמים,88.00,100 גרם,false,,21.90,24.8864,true,1,92559
7290016373707,false,מקלות חמוצים בטעם אפ,אלבן מזון תעשיות ומס,TR,מקלות חמוצים בטעם אפ,גרמים,20.00,100 גרם,false,,1.50,7.5000,true,1,101800
7290016411164,false,פרחי כרובית מוקפאים,בסט מייסטר,IL,פרחי כרובית מוקפאים,גרמים,600.00,100 גרם,false,,29.90,4.9833,true,1,117880
7290016411188,false,פרחי ברוקולי מוקפאים,בסט מייסטר,IL,פרחי ברוקולי מוקפאים,גרמים,600.00,100 גרם,false,,29.90,4.9833,true,1,117881
7290016416961,false,עוגת מוס גבינה קפולס,קפולסקי אדל בעמ,IL,עוגת מוס גבינה קפולס,גרמים,400.00,100 גרם,false,,35.90,8.9750,true,1,90463
7290016437690,false,תחבושות קוטקס קווארט,חוגלה קימברלי,IL,תחבושות קוטקס קווארט,Unknown,0.00,יחידה,false,,29.90,0.0000,true,1,102063
7290016437713,false,תחבושות קוטקס קווארט,חוגלה קימברלי,IL,תחבושות קוטקס קווארט,Unknown,0.00,יחידה,false,,29.90,0.0000,true,1,102064
7290016437720,false,תחבושות קוטקס קווארט,חוגלה קימברלי,IL,תחבושות קוטקס קווארט,Unknown,0.00,יחידה,false,,29.90,0.0000,true,1,102065
7290016437737,false,תחבושות קוטקס קווארט,חוגלה קימברלי,IL,תחבושות קוטקס קווארט,Unknown,0.00,יחידה,false,,29.90,0.0000,true,1,102066
7290016492118,false,פפריקה מעושנת פרג 12,תבליני הדור השלישי,IL,פפריקה מעושנת פרג 12,גרמים,120.00,100 גרם,false,,15.90,13.2500,true,1,97129
7290016492125,false,תבלין פילדלפיה פרג 1,תבליני הדור השלישי,IL,תבלין פילדלפיה פרג 1,גרמים,120.00,100 גרם,false,,15.90,13.2500,true,1,97128
7290016492132,false,תבלין טוסקנה פרג 160,תבליני הדור השלישי,IL,תבלין טוסקנה פרג 160,גרמים,160.00,100 גרם,false,,15.90,9.9375,true,1,97127
7290016509786,false,גל פרסיל 2.5 ליטר,הנקל סוד,IL,גל פרסיל 2.5 ליטר,קילוגרמים,2.50,ליטר,false,,34.50,13.8000,true,1,119232
7290016509816,false,גל פרסיל קולור 4 ליט,הנקל סוד,IL,גל פרסיל קולור 4 ליט,קילוגרמים,4.00,ליטר,false,,39.90,9.9750,true,1,96067
7290016509847,false,גל פרסיל בלאק 2.5 לי,הנקל סוד,IL,גל פרסיל בלאק 2.5 לי,קילוגרמים,2.50,ליטר,false,,34.50,13.8000,true,1,103204
7290016510225,false,תחליב הוואי וניל דבש,טרופיקל דגיל,IL,תחליב הוואי וניל דבש,מיליליטרים,700.00,"100 מ""ל",false,,8.90,1.2714,true,1,95704
7290016510232,false,תחליב הוואי קוקוס 70,טרופיקל דגיל,IL,תחליב הוואי קוקוס 70,מיליליטרים,700.00,"100 מ""ל",false,,8.90,1.2714,true,1,95705
7290016510430,false,תחליב הוואי מגנוליה,טרופיקל דגיל,IL,תחליב הוואי מגנוליה,מיליליטרים,700.00,"100 מ""ל",false,,8.90,1.2714,true,1,95706
7290016682328,false,מיץ תפוזים פריניב 2,פריניב,IL,מיץ תפוזים פריניב 2,קילוגרמים,2.00,ליטר,false,,17.90,8.9500,true,1,113871
7290016682335,false,מיץ תפוזים פריניב 2,פריניב,IL,מיץ תפוזים פריניב 2,קילוגרמים,2.00,ליטר,false,,18.90,9.4500,true,1,114528
7290016682342,false,מיץ תפוזים ולנסיה פר,פריניב,IL,מיץ תפוזים ולנסיה פר,קילוגרמים,2.00,ליטר,false,,24.90,12.4500,true,1,113872
7290016682359,false,מיץ תפוזים שמוטי פרי,פריניב,IL,מיץ תפוזים שמוטי פרי,קילוגרמים,2.00,ליטר,false,,24.90,12.4500,true,1,113873
7290016682366,false,מיץ תפוחים פריניב 2,פריניב,IL,מיץ תפוחים פריניב 2,קילוגרמים,2.00,ליטר,false,,16.90,8.4500,true,1,113874
7290016682373,false,מיץ לימונדה בלדי פרי,פריניב,IL,מיץ לימונדה בלדי פרי,קילוגרמים,2.00,ליטר,false,,18.90,9.4500,true,1,113875
7290016682380,false,מיץ לימונדה לואיזה פ,פריניב,IL,מיץ לימונדה לואיזה פ,קילוגרמים,2.00,ליטר,false,,18.90,9.4500,true,1,113876
7290016682397,false,נקטר חמוציות פריניב,פריניב,IL,נקטר חמוציות פריניב,קילוגרמים,2.00,ליטר,false,,14.90,7.4500,true,1,113877
7290016717044,false,יין באז מנגו מבעבע,יקבי כרמל,IL,יין באז מנגו מבעבע,מיליליטרים,750.00,"100 מ""ל",false,,21.90,2.9200,true,1,98493
7290016717051,false,יין באז רימון מבעבע,יקבי כרמל,IL,יין באז רימון מבעבע,מיליליטרים,750.00,"100 מ""ל",false,,21.90,2.9200,true,1,106746
7290016717099,false,יין סלקטד אדום חצי י,יקבי כרמל,IL,יין סלקטד אדום חצי י,מיליליטרים,750.00,"100 מ""ל",false,,28.90,3.8533,true,1,117683
7290016717617,false,מיץ ענבים תירוש אדום,יקבי כרמל,IL,מיץ ענבים תירוש אדום,קילוגרמים,1.20,ליטר,false,,19.90,16.5833,true,1,91552
7290016717631,false,יין פ. קולקשיין לבן,יקבי כרמל,IL,יין פ. קולקשיין לבן,מיליליטרים,750.00,"100 מ""ל",false,,32.90,4.3867,true,1,95568
7290016717976,false,יין באז ספארקלינג אפ,יקבי כרמל,IL,יין באז ספארקלינג אפ,מיליליטרים,750.00,"100 מ""ל",false,,21.90,2.9200,true,1,106747
7290016823004,false,בזיליקום יח,מרינה,IL,בזיליקום יח,Unknown,0.00,יחידה,false,,5.90,0.0000,true,1,90556
7290016823028,false,עירית יח,מרינה,IL,עירית יח,Unknown,0.00,יחידה,false,,5.90,0.0000,true,1,90558
7290016823059,false,טימין יח,מרינה,IL,טימין יח,Unknown,0.00,יחידה,false,,5.90,0.0000,true,1,90560
7290016823066,false,רוזמרין יח,מרינה,IL,רוזמרין יח,Unknown,0.00,יחידה,false,,5.90,0.0000,true,1,90561
7290016823257,false,חסה סלנובה מהדרין,מרינה,IL,חסה סלנובה מהדרין,Unknown,0.00,יחידה,false,,11.90,0.0000,true,1,90616
7290016823523,false,צנונית ארוזה 500 גרם,מרינה,IL,צנונית ארוזה 500 גרם,גרמים,500.00,100 גרם,false,,6.90,1.3800,true,1,93181
7290016867008,false,לחם מחמצת כוסמין דר,המאפה של דר מרק,IL,לחם מחמצת כוסמין דר,גרמים,750.00,100 גרם,false,,17.90,2.3867,true,1,95915
7290016867114,false,לחם כוסמין קל דר מרק,המאפה של דר מרק בריא,IL,לחם כוסמין קל דר מרק,גרמים,500.00,100 גרם,false,,17.90,3.5800,true,1,107373
7290016867152,false,פיתות קלות כוסמין דר,המאפה של דר מרק בריא,IL,פיתות קלות כוסמין דר,גרמים,330.00,100 גרם,false,,12.90,3.9091,true,1,92470
7290016867176,false,לחמניות קלות כוסמין,המאפה של דר מרק,IL,לחמניות קלות כוסמין,גרמים,351.00,100 גרם,false,,13.90,3.9601,true,1,97235
7290016867244,false,לחמניות מחמצת כוסמין,המאפה של דר מרק בריא,IL,לחמניות מחמצת כוסמין,גרמים,321.00,100 גרם,false,,14.90,4.6417,true,1,105784
7290016882407,false,מחית חציל קלוי על הא,אונטד גידה,TR,מחית חציל קלוי על הא,גרמים,560.00,100 גרם,false,,9.90,1.7679,true,1,101741
7290016882414,false,קונפיטורה שזיפים 70%,שקדיה,IL,קונפיטורה שזיפים 70%,גרמים,450.00,100 גרם,false,,11.90,2.6444,true,1,90965
7290016882421,false,קונפיטורה אפרסק 70%,שקדיה,IL,קונפיטורה אפרסק 70%,גרמים,450.00,100 גרם,false,,11.90,2.6444,true,1,90963
7290016882544,false,זרעי פשתן 300 גרם,דין שיווק,IL,זרעי פשתן 300 גרם,גרמים,300.00,100 גרם,false,,4.90,1.6333,true,1,107457
7290016883091,false,חרדל דיזון שקדיה 350,,FR,חרדל דיזון שקדיה 350,גרמים,350.00,100 גרם,false,,7.90,2.2571,true,1,92553
7290016883107,false,חרדל עם גרגירים שקדי,,FR,חרדל עם גרגירים שקדי,גרמים,350.00,100 גרם,false,,7.90,2.2571,true,1,92552
7290016883176,false,"מוזלי ע""ב פתיתי שוקו",,MK,"מוזלי ע""ב פתיתי שוקו",פריט,1.00,"ק""ג",false,,19.50,19.5000,true,1,92683
7290016967074,false,לחם חיטה מלאה ודגנים,מאפית אנגל,IL,לחם חיטה מלאה ודגנים,גרמים,750.00,100 גרם,false,,16.90,2.2533,true,1,97458
7290016967456,false,לחם מחמצת כוסמין אנג,מאפית אנגל,IL,לחם מחמצת כוסמין אנג,גרמים,600.00,100 גרם,false,,17.90,2.9833,true,1,97440
7290016980103,false,בטטה בייבי,אראל תוצרת חקלאית בע,IL,בטטה בייבי,Unknown,0.00,יחידה,false,,9.90,0.0000,true,1,91481
7290017023212,false,מארז שוופס מוגז תפוח,יפאורה תבורי,IL,מארז שוופס מוגז תפוח,קילוגרמים,1.32,ליטר,false,,10.90,8.2576,true,1,94988
7290017023229,false,מארז שוופס תות ליים,יפאורה תבורי,IL,מארז שוופס תות ליים,קילוגרמים,1.32,ליטר,false,,10.90,8.2576,true,1,94990
7290017023236,false,מארז שוופס מוגז ענבי,יפאורה תבורי,IL,מארז שוופס מוגז ענבי,קילוגרמים,1.32,ליטר,false,,10.90,8.2576,true,1,94989
7290017023663,false,מארז שוופס מוגז פירו,יפאורה תבורי,IL,מארז שוופס מוגז פירו,קילוגרמים,1.32,ליטר,false,,10.90,8.2576,true,1,96405
7290017023809,false,מארז ספרינג אגס סברס,יפאורה תבורי,IL,מארז ספרינג אגס סברס,קילוגרמים,1.00,ליטר,false,,10.90,10.9000,true,1,101843
7290017023816,false,מארז ספרינג פירות טר,יפאורה תבורי,IL,מארז ספרינג פירות טר,קילוגרמים,1.00,ליטר,false,,10.90,10.9000,true,1,101844
7290017023823,false,מארז ספרינג תות בננה,יפאורה תבורי,IL,מארז ספרינג תות בננה,קילוגרמים,1.00,ליטר,false,,10.90,10.9000,true,1,101845
7290017023854,false,מארז שוופס סודה 4*25,יפאורה תבורי,IL,מארז שוופס סודה 4*25,קילוגרמים,1.00,ליטר,false,,9.90,9.9000,true,1,98508
7290017023861,false,מארז שוופס סודה לימו,יפאורה תבורי,IL,מארז שוופס סודה לימו,קילוגרמים,1.00,ליטר,false,,9.90,9.9000,true,1,98510
7290017023878,false,מארז שוופס סודה נענע,יפאורה תבורי,IL,מארז שוופס סודה נענע,קילוגרמים,1.00,ליטר,false,,9.90,9.9000,true,1,98509
7290017062686,false,מרכך מרוכז טאצ' בייב,סאסאטק,IL,מרכך מרוכז טאצ' בייב,קילוגרמים,1.00,ליטר,false,,9.90,9.9000,true,1,117867
7290017062693,false,מרכך מרוכז טאצ' לבן,סאסאטק,IL,מרכך מרוכז טאצ' לבן,קילוגרמים,1.00,ליטר,false,,9.90,9.9000,true,1,117868
7290017062716,false,מרכך מרוכז טאצ' ורוד,סאסאטק,IL,מרכך מרוכז טאצ' ורוד,קילוגרמים,1.00,ליטר,false,,9.90,9.9000,true,1,117870
7290017065007,false,גבינת מוצרלה פרוסות,מחלבות גד,IL,גבינת מוצרלה פרוסות,גרמים,200.00,100 גרם,false,,16.90,8.4500,true,1,90539
7290017065137,false,גבינת ריקוטה 5% גד 2,מחלבות גד,IL,גבינת ריקוטה 5% גד 2,גרמים,250.00,100 גרם,false,,7.90,3.1600,true,1,94170
7290017065144,false,גבינת ריקוטה בזיליקו,מחלבות גד,IL,גבינת ריקוטה בזיליקו,גרמים,250.00,100 גרם,false,,7.90,3.1600,true,1,94171
7290017065168,false,גבינה כחולה 30% גד 1,st clemens,,גבינה כחולה 30% גד 1,גרמים,100.00,100 גרם,false,,15.90,15.9000,true,1,95201
7290017065212,false,קרם מסקרפונה 38% גד,מחלבות גד,IL,קרם מסקרפונה 38% גד,גרמים,250.00,100 גרם,false,,15.90,6.3600,true,1,105342
7290017065304,false,גבינת שמנת טבעי 30%,מחלבות גד,IL,גבינת שמנת טבעי 30%,גרמים,200.00,100 גרם,false,,9.90,4.9500,true,1,95202
7290017065526,false,גבינה קוואטרו פורמאג,מחלבות גד,IL,גבינה קוואטרו פורמאג,גרמים,300.00,100 גרם,false,,25.90,8.6333,true,1,111220
7290017065588,false,יוגורט יווני 10% גד,מחלבות גד,IL,יוגורט יווני 10% גד,גרמים,600.00,100 גרם,false,,12.90,2.1500,true,1,105479
7290017065649,false,קרם פטיסייר גד 250 ג,מחלבות גד,IL,קרם פטיסייר גד 250 ג,גרמים,250.00,100 גרם,false,,18.90,7.5600,true,1,105343
7290017065700,false,לאבנה 9% גד 500 גרם,מחלבות גד,IL,לאבנה 9% גד 500 גרם,גרמים,500.00,100 גרם,false,,19.90,3.9800,true,1,114838
7290017065762,false,גבינת מאנורי בסגנון,מחלבות גד,IL,גבינת מאנורי בסגנון,גרמים,100.00,100 גרם,false,,10.90,10.9000,true,1,116370
7290017068374,false,שמרים יבשים מיה 500,angle yeast co ltd,CN,שמרים יבשים מיה 500,גרמים,500.00,100 גרם,false,,9.90,1.9800,true,1,100118
7290017068534,false,אגוז טחון מיה 300 גר,מיה תעשיות מזון בעמ,IL,אגוז טחון מיה 300 גר,גרמים,300.00,100 גרם,false,,19.90,6.6333,true,1,99370
7290017068541,false,אגוזים גרוסים מיה 30,מיה תעשיות מזון בעמ,IL,אגוזים גרוסים מיה 30,גרמים,300.00,100 גרם,false,,19.90,6.6333,true,1,99369
7290017068558,false,שקדים טחונים מיה 300,מיה תעשיות מזון בעמ,IL,שקדים טחונים מיה 300,גרמים,300.00,100 גרם,false,,22.90,7.6333,true,1,99374
7290017068565,false,שקדים גרוסים מיה 300,מיה תעשיות מזון בעמ,IL,שקדים גרוסים מיה 300,גרמים,300.00,100 גרם,false,,14.90,4.9667,true,1,99375
7290017068596,false,שקד מולבן פרוס מיה 3,מיה תעשיות מזון בעמ,IL,שקד מולבן פרוס מיה 3,גרמים,300.00,100 גרם,false,,24.90,8.3000,true,1,99396
7290017068602,false,שקד מולבן שבבים מיה,מיה תעשיות מזון בעמ,IL,שקד מולבן שבבים מיה,גרמים,300.00,100 גרם,false,,24.90,8.3000,true,1,99405
7290017068626,false,אגוז פקאן טבעי מיה 2,מיה תעשיות מזון בעמ,IL,אגוז פקאן טבעי מיה 2,גרמים,200.00,100 גרם,false,,22.90,11.4500,true,1,99399
7290017068633,false,שקד טבעי מיה 300 גרם,מיה תעשיות מזון בעמ,IL,שקד טבעי מיה 300 גרם,גרמים,300.00,100 גרם,false,,22.90,7.6333,true,1,99373
7290017068640,false,אגוז מלך טבעי מיה 20,מיה תעשיות מזון בעמ,IL,אגוז מלך טבעי מיה 20,גרמים,200.00,100 גרם,false,,14.90,7.4500,true,1,99397
7290017068657,false,פקאן סיני מיה 200 גר,מיה תעשיות מזון בעמ,IL,פקאן סיני מיה 200 גר,גרמים,200.00,100 גרם,false,,22.90,11.4500,true,1,99400
7290017068664,false,גרעין חמניה קלוף מיה,מיה תעשיות מזון בעמ,IL,גרעין חמניה קלוף מיה,גרמים,200.00,100 גרם,false,,6.90,3.4500,true,1,99398
7290017068688,false,גרעין דלעת קלוף מיה,מיה תעשיות מזון בעמ,IL,גרעין דלעת קלוף מיה,גרמים,150.00,100 גרם,false,,7.90,5.2667,true,1,99401
7290017068725,false,תערובת קטניות לחמין,מיה תעשיות מזון בעמ,IL,תערובת קטניות לחמין,פריט,1.40,"ק""ג",false,,19.90,14.2143,true,1,103152
7290017068732,false,חטיף תן צאפ גלגלים ב,מיה תעשיות מזון בעמ,IL,חטיף תן צאפ גלגלים ב,גרמים,120.00,100 גרם,false,,4.90,4.0833,true,1,103665
7290017068756,false,חטיף תן צאפ כריות 12,מיה תעשיות מזון בעמ,IL,חטיף תן צאפ כריות 12,גרמים,120.00,100 גרם,false,,4.90,4.0833,true,1,103666
7290017079189,false,לפתן אננס חתוך דק טע,פ.ת גרייט פנאפל,ID,לפתן אננס חתוך דק טע,גרמים,825.00,100 גרם,false,,8.90,1.0788,true,1,106100
7290017079677,false,שוקולד חלב טעמן 270,מילאנו ספולקה זד,PL,שוקולד חלב טעמן 270,גרמים,270.00,100 גרם,false,,11.90,4.4074,true,1,109571
7290017079684,false,שוקולד מריר טעמן 270,מילאנו ספולקה זד,PL,שוקולד מריר טעמן 270,גרמים,270.00,100 גרם,false,,11.90,4.4074,true,1,109572
7290017079691,false,שוקולד חלב עם אגוזים,מילאנו ספולקה זד,PL,שוקולד חלב עם אגוזים,גרמים,270.00,100 גרם,false,,11.90,4.4074,true,1,109573
7290017079707,false,שוקולד מריר עם אגוזי,מילאנו ספולקה זד,PL,שוקולד מריר עם אגוזי,גרמים,270.00,100 גרם,false,,11.90,4.4074,true,1,109574
7290017079714,false,שוקולד חלב עם בוטנים,מילאנו ספולקה זד,PL,שוקולד חלב עם בוטנים,גרמים,270.00,100 גרם,false,,11.90,4.4074,true,1,109575
7290017079806,false,שוקולד טעמן חלב 100,אס.קיי ראיס אינטרנשי,PL,שוקולד טעמן חלב 100,גרמים,100.00,100 גרם,false,,4.90,4.9000,true,1,118300
7290017079813,false,שוקולד טעמן מריר 100,אס.קיי ראיס אינטרנשי,PL,שוקולד טעמן מריר 100,גרמים,100.00,100 גרם,false,,4.90,4.9000,true,1,117417
7290017084398,false,מאגדת בריבוע סוכריות,יוואו גאק פוד,CN,מאגדת בריבוע סוכריות,Unknown,0.00,יחידה,false,,9.90,0.0000,true,1,93735
7290017088402,false,מטליות לחות לניקוי כ,D.P.L,IL,מטליות לחות לניקוי כ,Unknown,0.00,יחידה,false,,19.90,0.0000,true,1,105738
7290017088426,false,מגבונים קשת עבים פרי,D.P.L,IL,מגבונים קשת עבים פרי,Unknown,0.00,יחידה,false,,19.90,0.0000,true,1,105754
7290017088464,false,תחבושות טופ פד סופגנ,D.P.L,IT,תחבושות טופ פד סופגנ,Unknown,0.00,יחידה,false,,15.90,0.0000,true,1,107989
7290017088495,false,תחבושות טופ פד אקסטר,D.P.L,IT,תחבושות טופ פד אקסטר,Unknown,0.00,יחידה,false,,8.90,0.0000,true,1,107990
7290017088501,false,תחבושות טופ פד אקסטר,D.P.L,IT,תחבושות טופ פד אקסטר,Unknown,0.00,יחידה,false,,8.90,0.0000,true,1,107991
7290017094830,false,סלט גזר פיקנטי אסלי,סלטי שמיר 2006 בעמ,IL,סלט גזר פיקנטי אסלי,גרמים,400.00,100 גרם,false,,10.90,2.7250,true,1,97689
7290017094847,false,סלט תפוא אסלי 400 גר,סלטי שמיר 2006 בעמ,IL,סלט תפוא אסלי 400 גר,גרמים,400.00,100 גרם,false,,10.90,2.7250,true,1,97688
7290017094861,false,סלט חומוס מסבחה אסלי,סלטי שמיר 2006 בעמ,IL,סלט חומוס מסבחה אסלי,גרמים,400.00,100 גרם,false,,10.90,2.7250,true,1,97687
7290017100401,false,כפפות לטקס עם אבקה פ,פאלאס,ID,כפפות לטקס עם אבקה פ,Unknown,0.00,יחידה,false,,16.90,0.0000,true,1,119235
7290017105369,false,סירופ יכין אייס תה ד,יכין,IL,סירופ יכין אייס תה ד,קילוגרמים,1.00,ליטר,false,,16.70,16.7000,true,1,100109
7290017105895,false,גרגירי חומוס להכנת ח,זנלכל,IL,גרגירי חומוס להכנת ח,גרמים,560.00,100 גרם,false,,9.50,1.6964,true,1,109842
7290017121048,false,פלפל צ'ומה עללחם 250,מדשא,IL,פלפל צ'ומה עללחם 250,גרמים,250.00,100 גרם,false,,12.90,5.1600,true,1,103171
7290017121093,false,אריסה חריפה עללחם 25,מדשא,IL,אריסה חריפה עללחם 25,גרמים,250.00,100 גרם,false,,12.90,5.1600,true,1,103172
7290017129495,false,אגו מיקס כדורים שוקו,כרמית,IL,אגו מיקס כדורים שוקו,גרמים,55.00,100 גרם,false,,3.90,7.0909,true,1,93608
7290017129501,false,אגו מיקס כדורים שוקו,כרמית,IL,אגו מיקס כדורים שוקו,גרמים,55.00,100 גרם,false,,3.90,7.0909,true,1,93610
7290017129518,false,אגו מיקס כדורים שוקו,כרמית,IL,אגו מיקס כדורים שוקו,גרמים,55.00,100 גרם,false,,3.90,7.0909,true,1,93609
7290017129754,false,שוקולד אגו מריר 70%,כרמית,IL,שוקולד אגו מריר 70%,גרמים,100.00,100 גרם,false,,7.80,7.8000,true,1,116806
7290017129761,false,שוקולד אגו מריר 70%,כרמית,IL,שוקולד אגו מריר 70%,גרמים,100.00,100 גרם,false,,7.80,7.8000,true,1,116807
7290017129778,false,שוקולד אגו מריר 70%,כרמית,IL,שוקולד אגו מריר 70%,גרמים,100.00,100 גרם,false,,7.80,7.8000,true,1,116803
7290017129839,false,שוקולד אגו מריר 70%,כרמית,IL,שוקולד אגו מריר 70%,גרמים,100.00,100 גרם,false,,7.80,7.8000,true,1,116804
7290017129884,false,שוקולד אגו מריר 5*85,,,שוקולד אגו מריר 5*85,גרמים,425.00,100 גרם,false,,14.90,3.5059,true,1,110206
7290017142166,false,פילה טונה בשמן זית ע,"יוניקורד ח.צ בע""מ",TH,פילה טונה בשמן זית ע,גרמים,120.00,100 גרם,false,,14.90,12.4167,true,1,102023
7290017142180,false,פילה טונה בשמן זית ו,"יוניקורד ח.צ בע""מ",TH,פילה טונה בשמן זית ו,גרמים,120.00,100 גרם,false,,14.90,12.4167,true,1,102024
7290017142203,false,פילה טונה בשמן זית מ,"יוניקורד ח.צ בע""מ",TH,פילה טונה בשמן זית מ,גרמים,120.00,100 גרם,false,,14.90,12.4167,true,1,102025
7290017218380,false,קולגן אלטמן,,,קולגן אלטמן,Unknown,0.00,יחידה,false,,99.90,0.0000,true,1,117328
7290017266398,false,מארז גליליות עלמה למ,גילרו,IL,מארז גליליות עלמה למ,גרמים,150.00,100 גרם,false,,14.90,9.9333,true,1,118765
7290017266909,false,ופלים בטעם שוקולד עם,,IL,ופלים בטעם שוקולד עם,גרמים,200.00,100 גרם,false,,3.90,1.9500,true,1,118129
7290017275338,false,טחינה טורקיז 500 גרם,אחדות ביחר לטחינה חל,IL,טחינה טורקיז 500 גרם,גרמים,500.00,100 גרם,false,,12.90,2.5800,true,1,113442
7290017275345,false,טחינה אחוה לחיץ 350,אחדות ביחר לטחינה חל,IL,טחינה אחוה לחיץ 350,גרמים,350.00,100 גרם,false,,7.90,2.2571,true,1,114836
7290017275369,false,טחינה שומשום מלא טור,אחדות ביחר לטחינה חל,IL,טחינה שומשום מלא טור,גרמים,500.00,100 גרם,false,,12.90,2.5800,true,1,113443
7290017275413,false,מיני קצפיות בטעם וני,אחדות ביחר לטחינה חל,IL,מיני קצפיות בטעם וני,גרמים,140.00,100 גרם,false,,7.90,5.6429,true,1,114833
7290017275420,false,מיני קצפיות בטעם תות,אחדות ביחר לטחינה חל,IL,מיני קצפיות בטעם תות,גרמים,140.00,100 גרם,false,,7.90,5.6429,true,1,114834
7290017275437,false,מיני קצפיות בטעם פיר,אחדות ביחר לטחינה חל,IL,מיני קצפיות בטעם פיר,גרמים,140.00,100 גרם,false,,7.90,5.6429,true,1,114837
7290017275444,false,מיני קצפיות בטעם ענב,אחדות ביחר לטחינה חל,IL,מיני קצפיות בטעם ענב,גרמים,140.00,100 גרם,false,,7.90,5.6429,true,1,114835
7290017275482,false,סירופ אחוה בטעם ענבי,אחדות ביחר לטחינה חל,IL,סירופ אחוה בטעם ענבי,מיליליטרים,900.00,"100 מ""ל",false,,14.90,1.6556,true,1,115067
7290017275499,false,סירופ אחוה בטעם אננס,אחדות ביחר לטחינה חל,IL,סירופ אחוה בטעם אננס,מיליליטרים,900.00,"100 מ""ל",false,,14.90,1.6556,true,1,115068
7290017275505,false,סירופ אחוה בטעם פטל,אחדות ביחר לטחינה חל,IL,סירופ אחוה בטעם פטל,מיליליטרים,900.00,"100 מ""ל",false,,14.90,1.6556,true,1,115069
7290017285702,false,"סרקל קרם רוזמרין ד""ר",פישר מעבדות פרמצבטיו,IL,"סרקל קרם רוזמרין ד""ר",גרמים,325.00,100 גרם,false,,20.90,6.4308,true,1,102969
7290017285719,false,סרקל תרסיס מתיר קשרי,פישר מעבדות פרמצבטיו,IL,סרקל תרסיס מתיר קשרי,מיליליטרים,340.00,"100 מ""ל",false,,20.90,6.1471,true,1,103034
7290017285733,false,"מרכך סרקל ד""ר פישר 2",פישר מעבדות פרמצבטיו,IL,"מרכך סרקל ד""ר פישר 2",קילוגרמים,2.00,ליטר,false,,35.90,17.9500,true,1,102970
7290017285764,false,"שמפו סרקל ד""ר פישר 2",פישר מעבדות פרמצבטיו,IL,"שמפו סרקל ד""ר פישר 2",קילוגרמים,2.00,ליטר,false,,35.90,17.9500,true,1,102971
7290017289168,false,יין ישראלי אדום יבש,יקב טפרברג 1870 בעמ,IL,יין ישראלי אדום יבש,מיליליטרים,750.00,"100 מ""ל",false,,19.90,2.6533,true,1,98558
7290017289175,false,יין ישראלי פטיט סירה,יקב טפרברג 1870 בעמ,IL,יין ישראלי פטיט סירה,מיליליטרים,750.00,"100 מ""ל",false,,19.90,2.6533,true,1,98559
7290017289182,false,יין ישראלי לבן חצי י,יקב טפרברג 1870 בעמ,IL,יין ישראלי לבן חצי י,מיליליטרים,750.00,"100 מ""ל",false,,19.90,2.6533,true,1,98561
7290017289199,false,יין ישראלי לבן יבש,יקב טפרברג 1870 בעמ,IL,יין ישראלי לבן יבש,מיליליטרים,750.00,"100 מ""ל",false,,19.90,2.6533,true,1,98560
7290017289618,false,יין אימפרשן קברנה פט,יקב טפרברג 1870 בעמ,IL,יין אימפרשן קברנה פט,מיליליטרים,750.00,"100 מ""ל",false,,49.90,6.6533,true,1,106920
7290017303369,false,עוגיות פריכות נטיפים,מאפיית א.ש.ייצור ושי,IL,עוגיות פריכות נטיפים,גרמים,500.00,100 גרם,false,,10.90,2.1800,true,1,94396
7290017303420,false,"בורקס תפו""א בון בייק",מאפיית אריאל,IL,"בורקס תפו""א בון בייק",פריט,1.40,"ק""ג",false,,16.90,12.0714,true,1,97676
7290017303437,false,בורקס גבינה בון בייק,מאפיית אריאל,IL,בורקס גבינה בון בייק,פריט,1.20,"ק""ג",false,,16.90,14.0833,true,1,97675
7290017304885,false,לחם שיפון וחיטה מלאה,מאפית אנגל,IL,לחם שיפון וחיטה מלאה,גרמים,750.00,100 גרם,false,,16.90,2.2533,true,1,101828
7290017339610,false,חלה בריוש 6 כדורים ה,המחמצת,IL,חלה בריוש 6 כדורים ה,גרמים,600.00,100 גרם,false,,15.90,2.6500,true,1,108132
7290017339627,false,חלת בריוש כתר המחמצת,המחמצת,IL,חלת בריוש כתר המחמצת,גרמים,550.00,100 גרם,false,,16.90,3.0727,true,1,108133
7290017396002,false,לחמניות כוסמין המחמצ,המחמצת,IL,לחמניות כוסמין המחמצ,גרמים,400.00,100 גרם,false,,16.90,4.2250,true,1,118506
7290017396033,false,בייגל רומני המחמצת 4,המחמצת,IL,בייגל רומני המחמצת 4,גרמים,450.00,100 גרם,false,,16.90,3.7556,true,1,115388
7290017396071,false,לחמניות המבורגר פרימ,המחמצת,IL,לחמניות המבורגר פרימ,גרמים,380.00,100 גרם,false,,15.90,4.1842,true,1,114256
7290017396163,false,לחם שיפון 70% אובלי,המחמצת,IL,לחם שיפון 70% אובלי,גרמים,560.00,100 גרם,false,,15.90,2.8393,true,1,108077
7290017396170,false,לחם שאור איטלקי המחמ,המחמצת,IL,לחם שאור איטלקי המחמ,גרמים,560.00,100 גרם,false,,15.90,2.8393,true,1,108078
7290017396187,false,לחם קלמטה אובלי המחמ,המחמצת,IL,לחם קלמטה אובלי המחמ,גרמים,560.00,100 גרם,false,,16.90,3.0179,true,1,108079
7290017396217,false,לחם דגנים אובלי המחמ,המחמצת,IL,לחם דגנים אובלי המחמ,גרמים,560.00,100 גרם,false,,15.90,2.8393,true,1,108080
7290017396224,false,לחם כוסמין אובלי המח,המחמצת,IL,לחם כוסמין אובלי המח,גרמים,560.00,100 גרם,false,,15.90,2.8393,true,1,108081
7290017396248,false,לחמניות מיני המבורגר,המחמצת,IL,לחמניות מיני המבורגר,גרמים,400.00,100 גרם,false,,15.90,3.9750,true,1,114257
7290017396286,false,מיני בייגל ירושלמי 4,המחמצת,IL,מיני בייגל ירושלמי 4,גרמים,450.00,100 גרם,false,,16.90,3.7556,true,1,115389
7290017396293,false,לחם כפרי צרפתי אובלי,המחמצת,IL,לחם כפרי צרפתי אובלי,גרמים,560.00,100 גרם,false,,15.90,2.8393,true,1,108082
7290017396309,false,באגט שאור איטלקי המח,המחמצת,IL,באגט שאור איטלקי המח,גרמים,400.00,100 גרם,false,,9.90,2.4750,true,1,115627
7290017396415,false,ג'בטה דגנים המחמצת 6,המחמצת,IL,ג'בטה דגנים המחמצת 6,גרמים,600.00,100 גרם,false,,15.90,2.6500,true,1,113581
7290017396439,false,ג'בטה לבן 600 גרם,המחמצת,IL,ג'בטה לבן 600 גרם,גרמים,360.00,100 גרם,false,,15.90,4.4167,true,1,113582
7290017396507,false,בייגל חיטה המחמצת 36,המחמצת,IL,בייגל חיטה המחמצת 36,גרמים,360.00,100 גרם,false,,15.90,4.4167,true,1,108902
7290017418469,false,קראש גליליות אגוזים,"לבס שוקולד בע""מ",IL,קראש גליליות אגוזים,גרמים,65.00,100 גרם,false,,3.90,6.0000,true,1,99247
7290017418476,false,קראש קוביות נוגט בצי,"לבס שוקולד בע""מ",IL,קראש קוביות נוגט בצי,גרמים,65.00,100 גרם,false,,3.90,6.0000,true,1,99249
7290017418483,false,קראש קורנפלקס בציפוי,"לבס שוקולד בע""מ",IL,קראש קורנפלקס בציפוי,גרמים,65.00,100 גרם,false,,3.90,6.0000,true,1,99248
7290017418490,false,קראש עוגיות חמאה בצי,"לבס שוקולד בע""מ",IL,קראש עוגיות חמאה בצי,גרמים,65.00,100 גרם,false,,3.90,6.0000,true,1,99252
7290017418551,false,קראש קרקר דג בציפוי,"לבס שוקולד בע""מ",IL,קראש קרקר דג בציפוי,גרמים,65.00,100 גרם,false,,3.90,6.0000,true,1,105250
7290017418605,false,קראש מיקס דגן / גליל,"לבס שוקולד בע""מ",IL,קראש מיקס דגן / גליל,גרמים,65.00,100 גרם,false,,3.90,6.0000,true,1,105252
7290017457598,false,מרכך סוד פריחת קיץ 9,הנקל סוד,IL,מרכך סוד פריחת קיץ 9,מיליליטרים,900.00,"100 מ""ל",false,,11.90,1.3222,true,1,102212
7290017457871,false,גל סוד ווילד רוז 4,הנקל סוד,IL,גל סוד ווילד רוז 4,קילוגרמים,4.00,ליטר,false,,34.50,8.6250,true,1,105515
7290017457888,false,גל סוד פרש סקיי 4  ל,הנקל סוד,IL,גל סוד פרש סקיי 4  ל,קילוגרמים,4.00,ליטר,false,,34.50,8.6250,true,1,105516
7290017457925,false,מרכך סוד פרש קונטרול,הנקל סוד,IL,מרכך סוד פרש קונטרול,מיליליטרים,900.00,"100 מ""ל",false,,11.90,1.3222,true,1,108040
7290017513393,false,תה ירוק סופר גרין 25,ויסוצקי,IL,תה ירוק סופר גרין 25,גרמים,38.00,100 גרם,false,,21.50,56.5789,true,1,102987
7290017513409,false,תה ירוק עם צמחים סגו,ויסוצקי,IL,תה ירוק עם צמחים סגו,גרמים,38.00,100 גרם,false,,21.50,56.5789,true,1,102986
7290017589565,false,יין קלאסיק גוורצטרמי,יקבי ברקן,IL,יין קלאסיק גוורצטרמי,מיליליטרים,750.00,"100 מ""ל",false,,31.90,4.2533,true,1,119245
7290017589633,false,יין רזרב גולד קברנה,יקבי ברקן,IL,יין רזרב גולד קברנה,מיליליטרים,750.00,"100 מ""ל",false,,34.90,4.6533,true,1,99070
7290017599250,false,ממתיק סוכרזית קלאסי,ביסקול בעמ,IL,ממתיק סוכרזית קלאסי,גרמים,120.00,100 גרם,false,,15.50,12.9167,true,1,118085
7290017599267,false,ממתיק סוכרלוז סוכרזי,ביסקול בעמ,IL,ממתיק סוכרלוז סוכרזי,גרמים,120.00,100 גרם,false,,24.50,20.4167,true,1,118120
7290017599274,false,ממתיק סוכרזית סטיווי,ביסקול בעמ,IL,ממתיק סוכרזית סטיווי,גרמים,120.00,100 גרם,false,,32.90,27.4167,true,1,118083
7290017599304,false,ממתיק סוכרזית סטיווי,ביסקול בעמ,IL,ממתיק סוכרזית סטיווי,גרמים,400.00,100 גרם,false,,33.90,8.4750,true,1,118084
7290017616001,false,שעועית ירוקה שלמה ור,נ.ת.נ.ג.ב החזקות,BE,שעועית ירוקה שלמה ור,גרמים,800.00,100 גרם,false,,6.50,0.8125,true,1,115727
7290017616025,false,שעועית ירוקה חתוכה ו,נ.ת.נ.ג.ב החזקות,BE,שעועית ירוקה חתוכה ו,גרמים,800.00,100 גרם,false,,6.50,0.8125,true,1,115728
7290017616032,false,שעועית צהובה חתוכה ו,נ.ת.נ.ג.ב החזקות,BE,שעועית צהובה חתוכה ו,גרמים,800.00,100 גרם,false,,6.50,0.8125,true,1,115729
7290017616490,false,פילה ברבוניה,,,פילה ברבוניה,Unknown,0.00,יחידה,false,,16.90,0.0000,true,1,118824
7290017616513,false,אפונה עדינה אינדירה,הוראפרוסט,BE,אפונה עדינה אינדירה,פריט,1.00,"ק""ג",false,,17.90,17.9000,true,1,110209
7290017616520,false,"במיה אינדירה 1 ק""ג",גרין האוס,EG,"במיה אינדירה 1 ק""ג",פריט,1.00,"ק""ג",false,,13.90,13.9000,true,1,109611
7290017616537,false,חומוס גרגירים אינדיר,הוראפרוסט,BE,חומוס גרגירים אינדיר,פריט,1.00,"ק""ג",false,,13.90,13.9000,true,1,111247
7290017616544,false,"תירס אינדירה 1 ק""ג",הוראפרוסט,BE,"תירס אינדירה 1 ק""ג",פריט,1.00,"ק""ג",false,,10.90,10.9000,true,1,110314
7290017616551,false,אפונה וגזר אינדירה 1,הוראפרוסט,BE,אפונה וגזר אינדירה 1,פריט,1.00,"ק""ג",false,,10.90,10.9000,true,1,110210
7290017616568,false,לקט העונה אינדירה 1,הוראפרוסט,BE,לקט העונה אינדירה 1,פריט,1.00,"ק""ג",false,,10.90,10.9000,true,1,110211
7290017616575,false,"פול אינדירה 1 ק""ג",ג'קסיאן הינגשינגפודס,CN,"פול אינדירה 1 ק""ג",פריט,1.00,"ק""ג",false,,13.90,13.9000,true,1,110315
7290017616629,false,שעועית ירוקה שלמה עד,הוראפרוסט,BE,שעועית ירוקה שלמה עד,פריט,1.00,"ק""ג",false,,17.90,17.9000,true,1,110212
7290017616643,false,תחתיות ארטישוק אינדי,גרין האוס,EG,תחתיות ארטישוק אינדי,פריט,1.00,"ק""ג",false,,19.90,19.9000,true,1,109612
7290017616674,false,גזר גמדי אינדירה 1 ק,הוראפרוסט,BE,גזר גמדי אינדירה 1 ק,פריט,1.00,"ק""ג",false,,9.90,9.9000,true,1,110214
7290017617046,false,טונה בשמן זית ס.ק. 4,דרדנל,TR,טונה בשמן זית ס.ק. 4,גרמים,560.00,100 גרם,false,,24.80,4.4286,true,1,103257
7290017617275,false,ממרח טונה ס.ק 3*160,סטארקיסט,IL,ממרח טונה ס.ק 3*160,גרמים,480.00,100 גרם,false,,14.90,3.1042,true,1,111805
7290017617282,false,טונה בשמן יונה 4*140,טונה וייטנאם קומפני,VN,טונה בשמן יונה 4*140,גרמים,560.00,100 גרם,false,,16.90,3.0179,true,1,118903
7290017641379,false,שוקולד אגו חלב 5*85,כרמית,,שוקולד אגו חלב 5*85,גרמים,425.00,100 גרם,false,,14.90,3.5059,true,1,109999
7290017641508,false,אגו מיקס כדורי שוקול,כרמית,,אגו מיקס כדורי שוקול,גרמים,55.00,100 גרם,false,,3.90,7.0909,true,1,104440
7290017641720,false,שוקולד אגו מריר 70%,כרמית,IL,שוקולד אגו מריר 70%,גרמים,100.00,100 גרם,false,,7.80,7.8000,true,1,116805
7290017641737,false,שוקולד אגו מריר 70%,כרמית,IL,שוקולד אגו מריר 70%,גרמים,100.00,100 גרם,false,,7.80,7.8000,true,1,116810
7290017712505,false,"מחית תפו""ע פרינוק 4*",HME,CZ,"מחית תפו""ע פרינוק 4*",גרמים,760.00,100 גרם,false,,16.90,2.2237,true,1,111064
7290017712512,false,"מחית תפו""ע ובננה פרי",HME,CZ,"מחית תפו""ע ובננה פרי",גרמים,760.00,100 גרם,false,,16.90,2.2237,true,1,111065
7290017712529,false,מחית סלט פירות פרינו,HME,CZ,מחית סלט פירות פרינו,גרמים,760.00,100 גרם,false,,16.90,2.2237,true,1,111066
7290017712536,false,מחית לפתן פירות פרינ,HME,CZ,מחית לפתן פירות פרינ,גרמים,760.00,100 גרם,false,,16.90,2.2237,true,1,111067
7290017812052,false,יין אקסלנס שיראז קבר,יקבי כרמל,IL,יין אקסלנס שיראז קבר,מיליליטרים,750.00,"100 מ""ל",false,,21.90,2.9200,true,1,98643
7290017812069,false,יין אקסלנס ריזלינג ש,יקבי כרמל,IL,יין אקסלנס ריזלינג ש,מיליליטרים,750.00,"100 מ""ל",false,,21.90,2.9200,true,1,98644
7290017812144,false,יין ישן נושן מתוק 63,יקבי כרמל,IL,יין ישן נושן מתוק 63,מיליליטרים,630.00,"100 מ""ל",false,,9.90,1.5714,true,1,98529
7290017812649,false,מיץ ענבים תירוש לבן,יקבי כרמל,IL,מיץ ענבים תירוש לבן,קילוגרמים,1.20,ליטר,false,,19.90,16.5833,true,1,103918
7290017812656,false,תירוש מבעבע אדום כרמ,יקבי כרמל,IL,תירוש מבעבע אדום כרמ,מיליליטרים,750.00,"100 מ""ל",false,,19.90,2.6533,true,1,109749
7290017812663,false,תירוש מבעבע לבן כרמל,יקבי כרמל,IL,תירוש מבעבע לבן כרמל,מיליליטרים,750.00,"100 מ""ל",false,,19.90,2.6533,true,1,109750
7290017812847,false,יין סלקטד פרנץ גוורצ,יקבי כרמל,IL,יין סלקטד פרנץ גוורצ,מיליליטרים,750.00,"100 מ""ל",false,,28.90,3.8533,true,1,109489
7290017812861,false,יין וינו לבן יבש,יקבי כרמל,IL,יין וינו לבן יבש,מיליליטרים,750.00,"100 מ""ל",false,,17.90,2.3867,true,1,109490
7290017812878,false,יין אקסלנס רוזה,יקבי כרמל,IL,יין אקסלנס רוזה,מיליליטרים,750.00,"100 מ""ל",false,,21.90,2.9200,true,1,109491
7290017812977,false,יין באז ספארקלינג אנ,יקבי כרמל,IL,יין באז ספארקלינג אנ,מיליליטרים,750.00,"100 מ""ל",false,,21.90,2.9200,true,1,111250
7290017864648,false,כוסברה בוסתן פרימיום,ברכת קטיף,IL,כוסברה בוסתן פרימיום,Unknown,0.00,יחידה,false,,5.90,0.0000,true,1,106018
7290017864655,false,פטרוזיליה בוסתן פרימ,ברכת קטיף,IL,פטרוזיליה בוסתן פרימ,Unknown,0.00,יחידה,false,,5.90,0.0000,true,1,106019
7290017864662,false,שמיר בוסתן פרימיום,ברכת קטיף,IL,שמיר בוסתן פרימיום,Unknown,0.00,יחידה,false,,5.90,0.0000,true,1,106016
7290017864679,false,נענע בוסתן פרימיום,ברכת קטיף,IL,נענע בוסתן פרימיום,Unknown,0.00,יחידה,false,,5.90,0.0000,true,1,106020
7290017864686,false,סלרי עלים בוסתן,ברכת קטיף,IL,סלרי עלים בוסתן,Unknown,0.00,יחידה,false,,6.90,0.0000,true,1,106011
7290017864709,false,עלי מנגולד,ברכת קטיף,IL,עלי מנגולד,Unknown,0.00,יחידה,false,,6.90,0.0000,true,1,106013
7290017864730,false,לבבות חסה פרימיום בו,ברכת קטיף,IL,לבבות חסה פרימיום בו,Unknown,0.00,יחידה,false,,12.90,0.0000,true,1,106043
7290017864754,false,בצל ירוק בוסתן,ברכת קטיף,IL,בצל ירוק בוסתן,Unknown,0.00,יחידה,false,,6.90,0.0000,true,1,106014
7290017872179,false,עוגיות טחינה טוסו 20,הגביע מוצרי ופלים,IL,עוגיות טחינה טוסו 20,גרמים,200.00,100 גרם,false,,13.90,6.9500,true,1,115049
7290017883045,false,קשקש ממתק חמוץ פירות,שנטו סוויט לייף,CN,קשקש ממתק חמוץ פירות,גרמים,160.00,100 גרם,false,,9.90,6.1875,true,1,112241
7290017883304,false,לקקנים בקופסא ליקלוק,תיאס גידה ג'י או אס,TR,לקקנים בקופסא ליקלוק,פריט,1.10,"ק""ג",false,,24.90,22.6364,true,1,112300
7290017884141,false,עוגיות מלוחות קצח שי,מאפיית ישראל חיפה,IL,עוגיות מלוחות קצח שי,גרמים,500.00,100 גרם,false,,10.90,2.1800,true,1,98667
7290017884158,false,עוגיות מלוחות שומשום,מאפיית ישראל חיפה,IL,עוגיות מלוחות שומשום,גרמים,500.00,100 גרם,false,,10.90,2.1800,true,1,98668
7290017884172,false,עוגיות מרוקאיות שירה,מאפיית ישראל חיפה,IL,עוגיות מרוקאיות שירה,גרמים,500.00,100 גרם,false,,10.90,2.1800,true,1,98672
7290017884189,false,כעכים מצופים שירה 50,מאפיית ישראל חיפה,IL,כעכים מצופים שירה 50,גרמים,500.00,100 גרם,false,,10.90,2.1800,true,1,103248
7290017884257,false,עוגיות כתר שירה 600,מאפיית ישראל חיפה,IL,עוגיות כתר שירה 600,גרמים,600.00,100 גרם,false,,10.90,1.8167,true,1,103388
7290017884264,false,עוגיות שוקוציפס שירה,מאפיית ישראל חיפה,IL,עוגיות שוקוציפס שירה,גרמים,600.00,100 גרם,false,,10.90,1.8167,true,1,98673
7290017884318,false,עוגיות פרפר במילוי ב,מאפיית ישראל חיפה,IL,עוגיות פרפר במילוי ב,גרמים,500.00,100 גרם,false,,10.90,2.1800,true,1,103382
7290017884356,false,עוגיות כעכים מרוקאיו,מאפיית ישראל חיפה,IL,עוגיות כעכים מרוקאיו,גרמים,500.00,100 גרם,false,,10.90,2.1800,true,1,103670
7290017884370,false,עוגיות בטעם חלוה שיר,מאפיית ישראל חיפה,IL,עוגיות בטעם חלוה שיר,גרמים,500.00,100 גרם,false,,10.90,2.1800,true,1,98675
7290017884394,false,עוגיות בישקוטים מסוכ,מאפיית ישראל חיפה,IL,עוגיות בישקוטים מסוכ,גרמים,500.00,100 גרם,false,,10.90,2.1800,true,1,98676
7290017884417,false,עוגיות דניות בטעם חמ,מאפיית ישראל חיפה,IL,עוגיות דניות בטעם חמ,גרמים,500.00,100 גרם,false,,10.90,2.1800,true,1,98678
7290017884530,false,בישקוטים מצופים שירה,מאפיית ישראל חיפה,IL,בישקוטים מצופים שירה,גרמים,500.00,100 גרם,false,,10.90,2.1800,true,1,103250
7290017888095,false,מארז שוופס פירות יער,יפאורה תבורי,IL,מארז שוופס פירות יער,קילוגרמים,1.32,ליטר,false,,11.90,9.0152,true,1,100294
7290017888101,false,מארז שוופס אפרסק 4*3,יפאורה תבורי,IL,מארז שוופס אפרסק 4*3,קילוגרמים,1.32,ליטר,false,,11.90,9.0152,true,1,100295
7290017918730,false,סלק אדום בוואקום 1 ק,אראל תוצרת חקלאית בע,IL,סלק אדום בוואקום 1 ק,פריט,1.00,"ק""ג",false,,9.90,9.9000,true,1,107870
7290017928234,false,גריסיני בייטס בצל מא,מאיר בייגל,IL,גריסיני בייטס בצל מא,גרמים,175.00,100 גרם,false,,7.90,4.5143,true,1,105914
7290017928296,false,שברי בייגלה בטעם דבש,סבימקס,BG,שברי בייגלה בטעם דבש,גרמים,300.00,100 גרם,false,,11.90,3.9667,true,1,117386
7290017928494,false,שברי בייגלה בטעם צ'ד,סבימקס,BG,שברי בייגלה בטעם צ'ד,גרמים,300.00,100 גרם,false,,11.90,3.9667,true,1,117387
7290017928838,false,גריסיני בייטס זיתים,מאיר בייגל,IL,גריסיני בייטס זיתים,גרמים,175.00,100 גרם,false,,7.90,4.5143,true,1,105917
7290017932057,false,תחתית אפויה לפאי 170,הנדריקס פוד,US,תחתית אפויה לפאי 170,גרמים,170.00,100 גרם,false,,6.90,4.0588,true,1,104008
7290017941073,false,סוכר לבן  אלומות 1 ק,,,סוכר לבן  אלומות 1 ק,פריט,1.00,"ק""ג",false,,3.90,3.9000,true,1,118969
7290017946375,false,כדוריות סוד לאסלה לי,הנקל סוד,IL,כדוריות סוד לאסלה לי,גרמים,150.00,100 גרם,false,,19.90,13.2667,true,1,108145
7290017946573,false,כדוריות סוד לאסלה פר,הנקל סוד,IL,כדוריות סוד לאסלה פר,גרמים,150.00,100 גרם,false,,19.90,13.2667,true,1,108146
7290017947105,false,לחם אנגל בסגנון אמרי,מאפית אנגל,IL,לחם אנגל בסגנון אמרי,גרמים,500.00,100 גרם,false,,14.90,2.9800,true,1,104139
7290017947457,false,חלה קלועה כוסמין אנג,מאפית אנגל,IL,חלה קלועה כוסמין אנג,גרמים,500.00,100 גרם,false,,16.90,3.3800,true,1,113107
7290017947464,false,פיתות כוסמין אנג'ל 8,מאפית אנגל,IL,פיתות כוסמין אנג'ל 8,גרמים,400.00,100 גרם,false,,15.90,3.9750,true,1,108103
7290017947495,false,לחמניות כוסמין אנגל,מאפית אנגל,IL,לחמניות כוסמין אנגל,גרמים,450.00,100 גרם,false,,15.90,3.5333,true,1,108798
7290017947891,false,לחם כוסמין וחיטה מלא,מאפית אנגל,IL,לחם כוסמין וחיטה מלא,גרמים,750.00,100 גרם,false,,16.90,2.2533,true,1,104067
7290017947921,false,לחמניות המבורגר אנגל,מאפית אנגל,IL,לחמניות המבורגר אנגל,גרמים,450.00,100 גרם,false,,14.90,3.3111,true,1,104348
7290017947938,false,לחמניות מיני המבורגר,מאפית אנגל,IL,לחמניות מיני המבורגר,גרמים,400.00,100 גרם,false,,14.90,3.7250,true,1,111408
7290017978215,false,קרמבו בטעם מוקה ריאו,"גלידות ריאו ביח""ר לג",IL,קרמבו בטעם מוקה ריאו,גרמים,480.00,100 גרם,false,,21.50,4.4792,true,1,107239
7290018045138,false,דגני בוקר קוקו פאבלס,פוסט לקיוויל,US,דגני בוקר קוקו פאבלס,גרמים,311.00,100 גרם,false,,19.90,6.3987,true,1,118347
7290018045336,false,דגני בוקר פרוטי פאבל,פוסט לקיוויל,US,דגני בוקר פרוטי פאבל,גרמים,311.00,100 גרם,false,,19.90,6.3987,true,1,118348
7290018045534,false,דגני בוקר בטעם פירות,פוסט לקיוויל,US,דגני בוקר בטעם פירות,גרמים,354.00,100 גרם,false,,19.90,5.6215,true,1,118350
7290018045732,false,דגני בוקר עם פירורי,פוסט לקיוויל,US,דגני בוקר עם פירורי,גרמים,311.00,100 גרם,false,,19.90,6.3987,true,1,118349
7290018091029,false,"מקלות פילו תפו""א מעד",מעדנות,IL,"מקלות פילו תפו""א מעד",גרמים,450.00,100 גרם,false,,14.90,3.3111,true,1,108423
7290018099001,false,פיתות מאסטר פיתה 10,מאסטר פייתה,IL,פיתות מאסטר פיתה 10,פריט,1.00,"ק""ג",false,,11.90,11.9000,true,1,105237
7290018099025,false,פיתות כוסמין מאסטר פ,מאסטר פייתה,IL,פיתות כוסמין מאסטר פ,פריט,1.00,"ק""ג",false,,14.90,14.9000,true,1,117834
7290018108239,false,חסה לליק,מרינה,IL,חסה לליק,Unknown,0.00,יחידה,false,,12.90,0.0000,true,1,118929
7290018115039,false,אבוקדו מוכן לאכילה,אראל תוצרת חקלאית בע,IL,אבוקדו מוכן לאכילה,Unknown,0.00,יחידה,false,,4.90,0.0000,true,1,107607
7290018131053,false,קרחוני לייט נסטלה לי,גלידות נסטלה,IL,קרחוני לייט נסטלה לי,גרמים,780.00,100 גרם,false,,19.90,2.5513,true,1,105580
7290018131756,false,שלגוני וניל מצופה תו,גלידות נסטלה,IL,שלגוני וניל מצופה תו,גרמים,440.00,100 גרם,false,,22.90,5.2045,true,1,110614
7290018131855,false,טילוני אקסטרים בראונ,גלידות נסטלה,IL,טילוני אקסטרים בראונ,גרמים,432.00,100 גרם,false,,23.90,5.5324,true,1,111410
7290018131879,false,טילוני אקסטרים ריבת,גלידות נסטלה,IL,טילוני אקסטרים ריבת,גרמים,432.00,100 גרם,false,,23.90,5.5324,true,1,111409
7290018131954,false,שלגוני לה פרוטה תות,גלידות נסטלה,IL,שלגוני לה פרוטה תות,גרמים,350.00,100 גרם,false,,23.50,6.7143,true,1,110615
7290018165447,false,יין רזרב גולד מרלו,יקבי ברקן,IL,יין רזרב גולד מרלו,מיליליטרים,750.00,"100 מ""ל",false,,34.90,4.6533,true,1,119238
7290018165553,false,יין  אדום מתוק תרגימ,סרבטא,IL,יין  אדום מתוק תרגימ,מיליליטרים,750.00,"100 מ""ל",false,,119.90,15.9867,true,1,113018
7290018192658,false,פטריות צמד חמד איטלק,מרינה פטריות,IL,פטריות צמד חמד איטלק,Unknown,0.00,יחידה,false,,15.90,0.0000,true,1,106717
7290018194393,false,ערק בראשית 40% 700 מ,משקאות ג'בלנא,IL,ערק בראשית 40% 700 מ,מיליליטרים,700.00,"100 מ""ל",false,,39.90,5.7000,true,1,111361
7290018195048,false,לפתן אננס חתוך טעמן,פ.ת גרייט פנאפל,TH,לפתן אננס חתוך טעמן,גרמים,850.00,100 גרם,false,,10.90,1.2824,true,1,116318
7290018195123,false,מארז סרדין בלימון טע,אינטרנשיונל קנינג קו,MA,מארז סרדין בלימון טע,גרמים,375.00,100 גרם,false,,9.90,2.6400,true,1,113404
7290018195130,false,מארז סרדין פלפל חריף,אינטרנשיונל קנינג קו,MA,מארז סרדין פלפל חריף,גרמים,375.00,100 גרם,false,,9.90,2.6400,true,1,113405
7290018195178,false,שוקולד טעמן מריר 62%,אס.קיי ראיס אינטרנשי,PL,שוקולד טעמן מריר 62%,גרמים,100.00,100 גרם,false,,4.90,4.9000,true,1,116017
7290018195321,false,שוקולד טעמן מריר 5*1,אלבה שוקולד,,שוקולד טעמן מריר 5*1,גרמים,500.00,100 גרם,false,,19.90,3.9800,true,1,116184
7290018195895,false,חטיף ש.שועל עם שוקול,סנטה איי קוולסקי אס,PL,חטיף ש.שועל עם שוקול,גרמים,200.00,100 גרם,false,,12.90,6.4500,true,1,111922
7290018195901,false,חטיף ש.שועל ודבש קרא,סנטה איי קוולסקי אס,PL,חטיף ש.שועל ודבש קרא,גרמים,200.00,100 גרם,false,,12.90,6.4500,true,1,111923
7290018195918,false,חטיף ש.שועל דבש וקינ,סנטה איי קוולסקי אס,PL,חטיף ש.שועל דבש וקינ,גרמים,200.00,100 גרם,false,,12.90,6.4500,true,1,111924
7290018208014,false,תמר מגהול פרימיום 1,אראל תוצרת חקלאית בע,IL,תמר מגהול פרימיום 1,פריט,1.00,"ק""ג",false,,24.90,24.9000,true,1,102689
7290018208021,false,"תמר מגהול ענק 2 ק""ג",אראל תוצרת חקלאית בע,IL,"תמר מגהול ענק 2 ק""ג",פריט,2.00,"ק""ג",false,,39.90,19.9500,true,1,102690
7290018208045,false,ערמונים קלויים וקלופ,אראל תוצרת חקלאית בע,IL,ערמונים קלויים וקלופ,גרמים,100.00,100 גרם,false,,3.90,3.9000,true,1,103473
7290018208168,false,תמרים לחים חיאני 600,אראל תוצרת חקלאית בע,IL,תמרים לחים חיאני 600,גרמים,600.00,100 גרם,false,,9.90,1.6500,true,1,107285
7290018208809,false,"תמר מגהול 1 ק""ג",אראל תוצרת חקלאית בע,IL,"תמר מגהול 1 ק""ג",פריט,1.00,"ק""ג",false,,14.90,14.9000,true,1,102678
7290018236635,false,מיני שניצל פופקורן צ,עוף טוב,IL,מיני שניצל פופקורן צ,גרמים,600.00,100 גרם,false,,29.80,4.9667,true,1,109100
7290018237373,false,פסטרמה מהגריל מנתח ש,עוף טוב,IL,פסטרמה מהגריל מנתח ש,גרמים,300.00,100 גרם,false,,26.80,8.9333,true,1,112789
7290018237397,false,פסטרמה מקורמלת מנתח,עוף טוב,IL,פסטרמה מקורמלת מנתח,גרמים,300.00,100 גרם,false,,26.80,8.9333,true,1,112791
7290018237410,false,פסטרמה מהמעשנה מנתח,עוף טוב,IL,פסטרמה מהמעשנה מנתח,גרמים,300.00,100 גרם,false,,26.80,8.9333,true,1,112790
7290018237885,false,נקניקיות XL ללחמניה,עוף טוב,IL,נקניקיות XL ללחמניה,גרמים,370.00,100 גרם,false,,11.90,3.2162,true,1,116832
7290018294000,false,יין קינג דיוויד רוזה,יקבי כרמל,IL,יין קינג דיוויד רוזה,מיליליטרים,750.00,"100 מ""ל",false,,18.90,2.5200,true,1,111959
7290018294055,false,מיץ ענבים תירוש רוזה,יקבי כרמל,IL,מיץ ענבים תירוש רוזה,קילוגרמים,1.20,ליטר,false,,19.90,16.5833,true,1,109835
7290018294192,false,יין פ. קולקשיין בלנד,יקבי כרמל,IL,יין פ. קולקשיין בלנד,מיליליטרים,750.00,"100 מ""ל",false,,32.90,4.3867,true,1,117682
7290018294208,false,יין סלקטד אדום ישראל,יקבי כרמל,IL,יין סלקטד אדום ישראל,מיליליטרים,750.00,"100 מ""ל",false,,28.90,3.8533,true,1,111964
7290018294352,false,"ארק כרמל 700 מ""ל",יקבי כרמל,IL,"ארק כרמל 700 מ""ל",מיליליטרים,700.00,"100 מ""ל",false,,49.90,7.1286,true,1,114412
7290018294901,false,יין אדום יבש מונלייט,יקבי כרמל,IL,יין אדום יבש מונלייט,מיליליטרים,750.00,"100 מ""ל",false,,33.90,4.5200,true,1,117721
7290018333082,false,אגו מיקס קורנפלקס שו,כרמית,IL,אגו מיקס קורנפלקס שו,גרמים,55.00,100 גרם,false,,3.90,7.0909,true,1,118076
7290018359129,false,עגבניות מקולפות חתוכ,זנלכל,IL,עגבניות מקולפות חתוכ,גרמים,690.00,100 גרם,false,,8.90,1.2899,true,1,116620
7290018359495,false,תירס גרעינים מהשדה ל,זנלכל,IL,תירס גרעינים מהשדה ל,גרמים,550.00,100 גרם,false,,8.90,1.6182,true,1,116065
7290018359501,false,קוביות סלק פרי מבורך,זנלכל,IL,קוביות סלק פרי מבורך,גרמים,550.00,100 גרם,false,,8.90,1.6182,true,1,113017
7290018359556,false,תירס גרעינים מהשדה י,זנלכל,IL,תירס גרעינים מהשדה י,גרמים,400.00,100 גרם,false,,6.50,1.6250,true,1,110345
7290018359686,false,חומוס ענק יכין 550 ג,זנלכל,IL,חומוס ענק יכין 550 ג,גרמים,550.00,100 גרם,false,,9.50,1.7273,true,1,113743
7290018380406,false,עוגיות בטעם חמאה בפח,ESS PEE,IN,עוגיות בטעם חמאה בפח,גרמים,114.00,100 גרם,false,,3.90,3.4211,true,1,119281
7290018440230,false,תה חווית הצ'אי ורדים,ויסוצקי,IL,תה חווית הצ'אי ורדים,Unknown,0.00,יחידה,false,,17.90,0.0000,true,1,115925
7290018440247,false,תה חווית הצ'אי שקדים,ויסוצקי,IL,תה חווית הצ'אי שקדים,Unknown,0.00,יחידה,false,,17.90,0.0000,true,1,115923
7290018440254,false,תה חווית הצ'אי קרמל,ויסוצקי,IL,תה חווית הצ'אי קרמל,גרמים,50.00,100 גרם,false,,17.90,35.8000,true,1,115924
7290018440629,false,תה ויסוצקי טעם עשיר,ויסוצקי,IL,תה ויסוצקי טעם עשיר,Unknown,0.00,יחידה,false,,19.90,0.0000,true,1,112781
7290018441985,false,פרצל ב.קראנצ 280 גרם,מוצרי איכות אמריקאיי,IL,פרצל ב.קראנצ 280 גרם,גרמים,280.00,100 גרם,false,,10.90,3.8929,true,1,113268
7290018443330,false,פטרוזיליה גלאט ברכת,ברכת קטיף,IL,פטרוזיליה גלאט ברכת,Unknown,0.00,יחידה,false,,5.90,0.0000,true,1,113191
7290018443347,false,שמיר ברכת קטיף,ברכת קטיף,IL,שמיר ברכת קטיף,Unknown,0.00,יחידה,false,,5.90,0.0000,true,1,113221
7290018443354,false,נענע ברכת קטיף,ברכת קטיף,IL,נענע ברכת קטיף,Unknown,0.00,יחידה,false,,5.90,0.0000,true,1,113222
7290018443361,false,סלרי עלים ברכת קטיף,ברכת קטיף,IL,סלרי עלים ברכת קטיף,Unknown,0.00,יחידה,false,,6.90,0.0000,true,1,113206
7290018443378,false,מנגולד ברכת קטיף,ברכת קטיף,IL,מנגולד ברכת קטיף,Unknown,0.00,יחידה,false,,6.90,0.0000,true,1,113207
7290018443385,false,חסה גלאט ברכת קטיף,ברכת קטיף,IL,חסה גלאט ברכת קטיף,Unknown,0.00,יחידה,false,,6.90,0.0000,true,1,113192
7290018443408,false,כרוב לבן ברכת קטיף,ברכת קטיף,IL,כרוב לבן ברכת קטיף,קילוגרמים,1.00,"ק""ג",true,,14.90,14.9000,true,1,113204
7290018443446,false,נבטים סינים יח,בוסתן עשבי תיבול,IL,נבטים סינים יח,Unknown,0.00,יחידה,false,,5.90,0.0000,true,1,112615
7290018443460,false,נבטים אלפלא,בוסתן עשבי תיבול,IL,נבטים אלפלא,Unknown,0.00,יחידה,false,,5.90,0.0000,true,1,112616
7290018443576,false,כוסברה בוסתן,ברכת קטיף,IL,כוסברה בוסתן,Unknown,0.00,יחידה,false,,3.90,0.0000,true,1,113197
7290018443590,false,שמיר בוסתן,ברכת קטיף,IL,שמיר בוסתן,Unknown,0.00,יחידה,false,,3.90,0.0000,true,1,113194
7290018443606,false,נענע בוסתן,ברכת קטיף,IL,נענע בוסתן,Unknown,0.00,יחידה,false,,3.90,0.0000,true,1,113195
7290018443620,false,סלרי עלים בוסתן,ברכת קטיף,IL,סלרי עלים בוסתן,Unknown,0.00,יחידה,false,,5.90,0.0000,true,1,113211
7290018443644,false,מנגולד בוסתן,ברכת קטיף,IL,מנגולד בוסתן,Unknown,0.00,יחידה,false,,5.90,0.0000,true,1,113213
7290018443651,false,לבבות חסה בוסתן,ברכת קטיף,IL,לבבות חסה בוסתן,Unknown,0.00,יחידה,false,,9.90,0.0000,true,1,113214
7290018443705,false,לבבות חסה קיסר,,,לבבות חסה קיסר,Unknown,0.00,יחידה,false,,12.90,0.0000,true,1,113518
7290018464083,false,יין תניא מאיר אריאל,יקב תניא,IL,יין תניא מאיר אריאל,מיליליטרים,750.00,"100 מ""ל",false,,169.90,22.6533,true,1,109702
7290018468302,false,נקניקיות צמחוניות בס,טירת צבי,IL,נקניקיות צמחוניות בס,גרמים,400.00,100 גרם,false,,32.90,8.2250,true,1,117547
7290018468319,false,נקניקיות צמחוניות בס,טירת צבי,IL,נקניקיות צמחוניות בס,גרמים,400.00,100 גרם,false,,32.90,8.2250,true,1,117548
7290018468326,false,נקניקיות צמחוניות בס,טירת צבי,IL,נקניקיות צמחוניות בס,גרמים,400.00,100 גרם,false,,32.90,8.2250,true,1,117546
7290018471029,false,מארז שוופס סודה לימו,יפאורה תבורי,IL,מארז שוופס סודה לימו,קילוגרמים,3.00,ליטר,false,,13.90,4.6333,true,1,108234
7290018471180,false,פרוט אנד ווג' אננס ת,יפאורה תבורי,IL,פרוט אנד ווג' אננס ת,קילוגרמים,1.00,ליטר,false,,11.90,11.9000,true,1,110831
7290018471197,false,פרוט אנד ווג' תפוח ב,יפאורה תבורי,IL,פרוט אנד ווג' תפוח ב,קילוגרמים,1.00,ליטר,false,,11.90,11.9000,true,1,110830
7290018471210,false,נקטר ספרינג אגס תפוח,יפאורה תבורי,IL,נקטר ספרינג אגס תפוח,קילוגרמים,1.00,ליטר,false,,6.50,6.5000,true,1,110829
7290018471395,false,פרוט אנד ווג' תפוח ר,יפאורה תבורי,IL,פרוט אנד ווג' תפוח ר,קילוגרמים,1.00,ליטר,false,,11.90,11.9000,true,1,110869
7290018471401,false,פרוט אנד ווג' אננס ב,יפאורה תבורי,IL,פרוט אנד ווג' אננס ב,קילוגרמים,1.00,ליטר,false,,11.90,11.9000,true,1,110832
7290018471449,false,ספרינג שייק בננה תמר,יפאורה תבורי,IL,ספרינג שייק בננה תמר,קילוגרמים,1.00,ליטר,false,,10.90,10.9000,true,1,112113
7290018471463,false,נקטר תפוזינה ENJOY,יפאורה תבורי,IL,נקטר תפוזינה ENJOY,קילוגרמים,1.00,ליטר,false,,6.50,6.5000,true,1,111181
7290018471470,false,נקטר תפוזינה ENJOY,יפאורה תבורי,IL,נקטר תפוזינה ENJOY,קילוגרמים,1.00,ליטר,false,,6.50,6.5000,true,1,111182
7290018471487,false,נקטר תפוזינה ENJOY,יפאורה תבורי,IL,נקטר תפוזינה ENJOY,קילוגרמים,1.00,ליטר,false,,6.50,6.5000,true,1,111183
7290018471494,false,נקטר תפוזינה ENJOY,יפאורה תבורי,IL,נקטר תפוזינה ENJOY,קילוגרמים,1.00,ליטר,false,,6.50,6.5000,true,1,111184
7290018471548,false,מארז ספרינג ענבים 4*,יפאורה תבורי,IL,מארז ספרינג ענבים 4*,קילוגרמים,1.00,ליטר,false,,10.90,10.9000,true,1,110566
7290018471692,false,ספרינג שייק בננה אננ,יפאורה תבורי,IL,ספרינג שייק בננה אננ,קילוגרמים,1.00,ליטר,false,,10.90,10.9000,true,1,112116
7290018471906,false,שוופס לימונדה ורודה,יפאורה תבורי,IL,שוופס לימונדה ורודה,קילוגרמים,1.50,ליטר,false,,8.20,5.4667,true,1,114059
7290018471913,false,שוופס תפוח מוגז 1.5,יפאורה תבורי,IL,שוופס תפוח מוגז 1.5,קילוגרמים,1.50,ליטר,false,,8.20,5.4667,true,1,114060
7290018471920,false,שוופס ענבים מוגז 1.5,יפאורה תבורי,IL,שוופס ענבים מוגז 1.5,קילוגרמים,1.50,ליטר,false,,8.20,5.4667,true,1,114061
7290018471937,false,שוופס פירות תות ליים,יפאורה תבורי,IL,שוופס פירות תות ליים,קילוגרמים,1.50,ליטר,false,,8.20,5.4667,true,1,114062
7290018471944,false,שוופס למונייד מוגז 1,יפאורה תבורי,IL,שוופס למונייד מוגז 1,קילוגרמים,1.50,ליטר,false,,8.20,5.4667,true,1,114063
7290018471951,false,שוופס אשכולית אדומה,יפאורה תבורי,IL,שוופס אשכולית אדומה,קילוגרמים,1.50,ליטר,false,,8.20,5.4667,true,1,114064
7290018500231,false,לחם פינוקים וויקאנד,מאפית אנגל,IL,לחם פינוקים וויקאנד,גרמים,750.00,100 גרם,false,,15.90,2.1200,true,1,117672
7290018500361,false,לחם אחיד פרוס אנגל 9,מאפית אנגל,IL,לחם אחיד פרוס אנגל 9,גרמים,900.00,100 גרם,false,,8.30,0.9222,true,1,117436
7290018500385,false,חלה מרובעת אנגל 650,מאפית אנגל,IL,חלה מרובעת אנגל 650,גרמים,650.00,100 גרם,false,,6.50,1.0000,true,1,117485
7290018500392,false,חלה קלועה אנגל 650 ג,מאפית אנגל,IL,חלה קלועה אנגל 650 ג,גרמים,650.00,100 גרם,false,,6.50,1.0000,true,1,117486
7290018500477,false,לחם אחיד פרוס אחדות,מאפית אנגל,IL,לחם אחיד פרוס אחדות,גרמים,900.00,100 גרם,false,,5.90,0.6556,true,1,118270
7290018540329,false,פיתות אנגל בלדי 8 יח,מאפית אנגל,IL,פיתות אנגל בלדי 8 יח,גרמים,800.00,100 גרם,false,,10.90,1.3625,true,1,112981
7290018540459,false,לחמניות המבורגר כוסמ,מאפית אנגל,IL,לחמניות המבורגר כוסמ,גרמים,300.00,100 גרם,false,,15.90,5.3000,true,1,111804
7290018540817,false,לחם מחמצת כוסמין אנג,מאפית אנגל,IL,לחם מחמצת כוסמין אנג,גרמים,500.00,100 גרם,false,,19.90,3.9800,true,1,114210
7290018540824,false,לחם מחמצת כפרי אנגל,מאפית אנגל,IL,לחם מחמצת כפרי אנגל,גרמים,500.00,100 גרם,false,,18.90,3.7800,true,1,114211
7290018540831,false,לחם מחמצת חיטה מלאה,מאפית אנגל,IL,לחם מחמצת חיטה מלאה,גרמים,500.00,100 גרם,false,,18.90,3.7800,true,1,114212
7290018556443,false,ארק סאלי לימונענע 75,,IL,ארק סאלי לימונענע 75,מיליליטרים,750.00,"100 מ""ל",false,,29.90,3.9867,true,1,113099
7290018556696,false,ארק סאלי לימונים 750,,IL,ארק סאלי לימונים 750,מיליליטרים,750.00,"100 מ""ל",false,,29.90,3.9867,true,1,110435
7290018556719,false,ארק סאלי פסיפלורה 75,,IL,ארק סאלי פסיפלורה 75,מיליליטרים,750.00,"100 מ""ל",false,,29.90,3.9867,true,1,110474
7290018571071,false,טופי פספסים מיה 450,מיה תעשיות מזון בעמ,IL,טופי פספסים מיה 450,גרמים,450.00,100 גרם,false,,13.90,3.0889,true,1,110192
7290018571088,false,טופי חמוצמוץ מיה 600,מיה תעשיות מזון בעמ,IL,טופי חמוצמוץ מיה 600,גרמים,600.00,100 גרם,false,,13.90,2.3167,true,1,110193
7290018571163,false,ציפוי לשניצל עשבי תי,מיה תעשיות מזון בעמ,IL,ציפוי לשניצל עשבי תי,גרמים,600.00,100 גרם,false,,9.90,1.6500,true,1,110796
7290018571170,false,ציפוי לשניצל שום מיה,מיה תעשיות מזון בעמ,IL,ציפוי לשניצל שום מיה,גרמים,600.00,100 גרם,false,,9.90,1.6500,true,1,110797
7290018571187,false,ציפוי לשניצל פיקנטי,מיה תעשיות מזון בעמ,IL,ציפוי לשניצל פיקנטי,גרמים,600.00,100 גרם,false,,9.90,1.6500,true,1,110795
7290018571194,false,ציפוי לשניצל בתיבול,מיה תעשיות מזון בעמ,IL,ציפוי לשניצל בתיבול,גרמים,600.00,100 גרם,false,,9.90,1.6500,true,1,110798
7290018571422,false,לקקנים מיקס צבעוני מ,מיה תעשיות מזון בעמ,IL,לקקנים מיקס צבעוני מ,גרמים,715.00,100 גרם,false,,16.90,2.3636,true,1,113603
7290018571439,false,אורז מלא אינדירה 1.4,מיה תעשיות מזון בעמ,IL,אורז מלא אינדירה 1.4,פריט,1.40,"ק""ג",false,,9.90,7.0714,true,1,114892
7290018571446,false,אורז ריזוטו אינדירה,מיה תעשיות מזון בעמ,IL,אורז ריזוטו אינדירה,פריט,1.40,"ק""ג",false,,9.90,7.0714,true,1,114893
7290018571460,false,קורנפלור מיה 800 גרם,מיה תעשיות מזון בעמ,IL,קורנפלור מיה 800 גרם,גרמים,800.00,100 גרם,false,,5.90,0.7375,true,1,112713
7290018571491,false,ריבת חלב אמיתי מיה 3,מיה תעשיות מזון בעמ,IL,ריבת חלב אמיתי מיה 3,גרמים,340.00,100 גרם,false,,12.90,3.7941,true,1,116079
7290018571514,false,דובוני ג'לי  ויטמין,מיה תעשיות מזון בעמ,IL,דובוני ג'לי  ויטמין,גרמים,175.00,100 גרם,false,,38.90,22.2286,true,1,118495
7290018571538,false,דובוני ג'לי  פרופולי,מיה תעשיות מזון בעמ,IL,דובוני ג'לי  פרופולי,גרמים,175.00,100 גרם,false,,38.90,22.2286,true,1,118502
7290018571552,false,ס. ג'לי  ללא סוכר או,מיה תעשיות מזון בעמ,IL,ס. ג'לי  ללא סוכר או,גרמים,210.00,100 גרם,false,,38.90,18.5238,true,1,118496
7290018571576,false,סילאן טבעי לחיץ מיה,אל ברקן דאטס,AE,סילאן טבעי לחיץ מיה,פריט,1.15,"ק""ג",false,,24.90,21.6522,true,1,113807
7290018571613,false,דגי  ג'לי אומגה 3 בט,מיה תעשיות מזון בעמ,IL,דגי  ג'לי אומגה 3 בט,גרמים,240.00,100 גרם,false,,38.90,16.2083,true,1,118497
7290018571620,false,ס. ג'לי מולטי ויטמין,מיה תעשיות מזון בעמ,IL,ס. ג'לי מולטי ויטמין,גרמים,240.00,100 גרם,false,,38.90,16.2083,true,1,118498
7290018571637,false,ס. ג'לי מולטי ויטמין,מיה תעשיות מזון בעמ,IL,ס. ג'לי מולטי ויטמין,גרמים,222.00,100 גרם,false,,38.90,17.5225,true,1,118499
7290018571644,false,ס. ג'לי ללא סוכר מול,מיה תעשיות מזון בעמ,IL,ס. ג'לי ללא סוכר מול,גרמים,210.00,100 גרם,false,,38.90,18.5238,true,1,118494
7290018571651,false,ס. ג'לי בשילוב קולגן,מיה תעשיות מזון בעמ,IL,ס. ג'לי בשילוב קולגן,גרמים,210.00,100 גרם,false,,38.90,18.5238,true,1,118504
7290018571668,false,ס. ג'לי עם ויטמין סי,מיה תעשיות מזון בעמ,IL,ס. ג'לי עם ויטמין סי,גרמים,210.00,100 גרם,false,,38.90,18.5238,true,1,118520
7290018571798,false,סוכריות גלי שמחות 2,מיה תעשיות מזון בעמ,IL,סוכריות גלי שמחות 2,גרמים,540.00,100 גרם,false,,18.50,3.4259,true,1,117940
7290018652039,false,גלידה לה קרמריה מלוח,גלידות נסטלה,IL,גלידה לה קרמריה מלוח,קילוגרמים,1.40,ליטר,false,,16.90,12.0714,true,1,111402
7290018652671,false,גלידה לה קרמריה בטעמ,נסטלה,IL,גלידה לה קרמריה בטעמ,קילוגרמים,1.40,ליטר,false,,16.90,12.0714,true,1,117283
7290018652688,false,שרבט לה קרמריה טרופי,גלידות נסטלה,IL,שרבט לה קרמריה טרופי,קילוגרמים,1.40,ליטר,false,,16.90,12.0714,true,1,115920
7290018652886,false,שלגוני נסטלה שוקו בנ,גלידות נסטלה,IL,שלגוני נסטלה שוקו בנ,גרמים,440.00,100 גרם,false,,22.90,5.2045,true,1,117445
7290018652909,false,שלגונים בטעם אייס קפ,גלידות נסטלה,IL,שלגונים בטעם אייס קפ,גרמים,215.00,100 גרם,false,,22.90,10.6512,true,1,117446
7290018652923,false,שלגונים בטעם בטעם מס,גלידות נסטלה,IL,שלגונים בטעם בטעם מס,גרמים,215.00,100 גרם,false,,22.90,10.6512,true,1,117447
7290018795071,false,יין  אגלי טל קברנה ס,שאטו מר,IL,יין  אגלי טל קברנה ס,מיליליטרים,750.00,"100 מ""ל",false,,129.90,17.3200,true,1,111667
7290018795095,false,יין אגלי טל בלנד 201,שאטו מר,IL,יין אגלי טל בלנד 201,מיליליטרים,750.00,"100 מ""ל",false,,89.90,11.9867,true,1,111668
7290018795842,false,שום קלוף מרינה 500 ג,מרינה,IL,שום קלוף מרינה 500 ג,גרמים,500.00,100 גרם,false,,16.90,3.3800,true,1,117622
7290018860724,false,מקלוני אורז עבות ללא,סא ג'אנג אוספורט,VN,מקלוני אורז עבות ללא,גרמים,454.00,100 גרם,false,,9.90,2.1806,true,1,114888
7290018878002,false,אגו מיקס קרקר מצופה,כרמית,IL,אגו מיקס קרקר מצופה,גרמים,55.00,100 גרם,false,,3.90,7.0909,true,1,118078
7290018878088,false,"שוקולד אגו מריר ללת""",כרמית,IL,"שוקולד אגו מריר ללת""",גרמים,255.00,100 גרם,false,,14.90,5.8431,true,1,117320
7290018878095,false,"שוקולד אגו חלב ללת""ס",כרמית,IL,"שוקולד אגו חלב ללת""ס",גרמים,255.00,100 גרם,false,,14.90,5.8431,true,1,117321
7290018878125,false,"שוקולד אגו לבן ללת""ס",כרמית,IL,"שוקולד אגו לבן ללת""ס",גרמים,255.00,100 גרם,false,,14.90,5.8431,true,1,117322
7290018886328,false,פת דגנים שיפון מאפים,סונקו,PL,פת דגנים שיפון מאפים,גרמים,340.00,100 גרם,false,,9.90,2.9118,true,1,117631
7290018886342,false,פת 7 דגנים מאפים 340,סונקו,PL,פת 7 דגנים מאפים 340,גרמים,340.00,100 גרם,false,,9.90,2.9118,true,1,117632
7290018886991,false,שמן קנולה אלומות 1 ל,סקנולה,EE,שמן קנולה אלומות 1 ל,קילוגרמים,1.00,ליטר,false,,8.90,8.9000,true,1,116361
7290018893005,false,חטיף בייגלה אפוי בטע,SC ALKA TRADING CO S,RO,חטיף בייגלה אפוי בטע,גרמים,160.00,100 גרם,false,,6.50,4.0625,true,1,118096
7290018893036,false,עוגיות סנדוויץ' בטעם,סטרופוואפל,ES,עוגיות סנדוויץ' בטעם,גרמים,176.00,100 גרם,false,,6.90,3.9205,true,1,118099
7290018893265,false,מארז עוגה אישית מריר,פרדי קונדיטוריה אס פ,IT,מארז עוגה אישית מריר,גרמים,240.00,100 גרם,false,,4.90,2.0417,true,1,112997
7290018893326,false,ממרח אגוזי לוז צ'וקט,נאטרא,BE,ממרח אגוזי לוז צ'וקט,גרמים,900.00,100 גרם,false,,19.90,2.2111,true,1,115592
7290018893333,false,קרקרים במליחות מעודנ,סטרופוופל,PT,קרקרים במליחות מעודנ,גרמים,500.00,100 גרם,false,,9.90,1.9800,true,1,118395
7290018893401,false,שוקולד צ'וקטה מריר 7,איבקקאו,ES,שוקולד צ'וקטה מריר 7,גרמים,100.00,100 גרם,false,,6.90,6.9000,true,1,115932
7290018893531,false,קרקרים מלוחים סלטי צ,סטרופוופל,PT,קרקרים מלוחים סלטי צ,גרמים,500.00,100 גרם,false,,9.90,1.9800,true,1,118396
7290018893609,false,שוקולד צ'וקטה מריר 8,איבקקאו,ES,שוקולד צ'וקטה מריר 8,גרמים,100.00,100 גרם,false,,6.90,6.9000,true,1,115933
7290018893654,false,חטיף בייגלה אפוי בתו,SC ALKA TRADING CO S,RO,חטיף בייגלה אפוי בתו,גרמים,200.00,100 גרם,false,,6.50,3.2500,true,1,118097
7290018893661,false,מארז עוגה אישית מצופ,פרדי קונדיטוריה אס פ,IT,מארז עוגה אישית מצופ,גרמים,240.00,100 גרם,false,,4.90,2.0417,true,1,112996
7290018893746,false,חטיף בייגלה אפוי בטע,SC ALKA TRADING CO S,RO,חטיף בייגלה אפוי בטע,גרמים,180.00,100 גרם,false,,6.50,3.6111,true,1,118100
7290018893852,false,חטיף בייגלה אפוי בתו,SC ALKA TRADING CO S,RO,חטיף בייגלה אפוי בתו,גרמים,200.00,100 גרם,false,,6.50,3.2500,true,1,118098
7290018893876,false,מארז עוגה אישית וניל,פרדי קונדיטוריה אס פ,IT,מארז עוגה אישית וניל,גרמים,200.00,100 גרם,false,,4.90,2.4500,true,1,112998
7290018925065,false,מיץ תפוזים פרימור 2,גניר,IL,מיץ תפוזים פרימור 2,קילוגרמים,2.00,ליטר,false,,24.90,12.4500,true,1,113869
7290018978245,false,דגני בוקר קראנץ בטעם,נטורל קייקס,IL,דגני בוקר קראנץ בטעם,גרמים,686.00,100 גרם,false,,19.90,2.9009,true,1,119054
7290018989074,false,חומוס במלח ופלפל ארב,זנלכל,IL,חומוס במלח ופלפל ארב,גרמים,550.00,100 גרם,false,,9.90,1.8000,true,1,114465
7290018989098,false,חומוס ברוטב פיקנטי פ,זנלכל,IL,חומוס ברוטב פיקנטי פ,גרמים,550.00,100 גרם,false,,9.90,1.8000,true,1,114466
7290018989128,false,סירופ יכין בטעם ענבי,זנלכל,IL,סירופ יכין בטעם ענבי,קילוגרמים,1.00,ליטר,false,,18.90,18.9000,true,1,117118
7290018989135,false,סירופ יכין בטעם פטל,זנלכל,IL,סירופ יכין בטעם פטל,קילוגרמים,1.00,ליטר,false,,18.90,18.9000,true,1,117119
7290019035053,false,מלון ירוק קפוא פילד,א.מ שרון,EG,מלון ירוק קפוא פילד,גרמים,500.00,100 גרם,false,,11.90,2.3800,true,1,113124
7290019035060,false,חצאי משמש קפוא פילד,א.מ שרון,PL,חצאי משמש קפוא פילד,גרמים,500.00,100 גרם,false,,11.90,2.3800,true,1,113108
7290019035084,false,אוכמניות כחולות קפוא,דה נייל אג'יפטיאן,EG,אוכמניות כחולות קפוא,גרמים,400.00,100 גרם,false,,11.90,2.9750,true,1,117031
7290019035091,false,רימון קפוא פילד גוד,דה נייל אג'יפטיאן,EG,רימון קפוא פילד גוד,גרמים,500.00,100 גרם,false,,11.90,2.3800,true,1,113288
7290019056027,false,שוופס תפוח ללא סוכר,יפאורה תבורי,IL,שוופס תפוח ללא סוכר,קילוגרמים,1.50,ליטר,false,,8.20,5.4667,true,1,114068
7290019056034,false,שוופס אננס ללא סוכר,יפאורה תבורי,IL,שוופס אננס ללא סוכר,קילוגרמים,1.50,ליטר,false,,8.20,5.4667,true,1,114069
7290019056041,false,שוופס פירות לימונייד,יפאורה תבורי,IL,שוופס פירות לימונייד,קילוגרמים,1.50,ליטר,false,,8.20,5.4667,true,1,114070
7290019056058,false,שוופס מוגז עדין תפוח,יפאורה תבורי,IL,שוופס מוגז עדין תפוח,קילוגרמים,1.50,ליטר,false,,8.50,5.6667,true,1,114048
7290019056065,false,שוופס מוגז עדין פירו,יפאורה תבורי,IL,שוופס מוגז עדין פירו,קילוגרמים,1.50,ליטר,false,,8.50,5.6667,true,1,114049
7290019056072,false,שוופס מוגז עדין אננס,יפאורה תבורי,IL,שוופס מוגז עדין אננס,קילוגרמים,1.50,ליטר,false,,8.50,5.6667,true,1,114050
7290019056089,false,שוופס מוגז עדין ריזל,יפאורה תבורי,IL,שוופס מוגז עדין ריזל,קילוגרמים,1.50,ליטר,false,,8.50,5.6667,true,1,114051
7290019056096,false,שוופס מוגז עדין אפרס,יפאורה תבורי,IL,שוופס מוגז עדין אפרס,קילוגרמים,1.50,ליטר,false,,8.50,5.6667,true,1,114052
7290019056164,false,מארז שוופס סודה 4* 1,יפאורה תבורי,IL,מארז שוופס סודה 4* 1,קילוגרמים,6.00,ליטר,false,,10.90,1.8167,true,1,114042
7290019056171,false,מארז שוופס סודה לימו,יפאורה תבורי,IL,מארז שוופס סודה לימו,קילוגרמים,6.00,ליטר,false,,10.90,1.8167,true,1,114043
7290019056188,false,מארז שוופס סודה נענע,יפאורה תבורי,IL,מארז שוופס סודה נענע,קילוגרמים,6.00,ליטר,false,,10.90,1.8167,true,1,114044
7290019056201,false,מארז שוופס סודה פירו,יפאורה תבורי,IL,מארז שוופס סודה פירו,קילוגרמים,6.00,ליטר,false,,10.90,1.8167,true,1,114046
7290019056232,false,שוופס מוחיטו ליים נע,יפאורה תבורי,IL,שוופס מוחיטו ליים נע,קילוגרמים,1.50,ליטר,false,,8.90,5.9333,true,1,114047
7290019056249,false,שוופס מים בטעם ענבים,יפאורה תבורי,IL,שוופס מים בטעם ענבים,קילוגרמים,1.50,ליטר,false,,7.80,5.2000,true,1,114037
7290019056256,false,שוופס מים בטעם תפוח,יפאורה תבורי,IL,שוופס מים בטעם תפוח,קילוגרמים,1.50,ליטר,false,,7.80,5.2000,true,1,114038
7290019056263,false,שוופס מים בטעם אפרסק,יפאורה תבורי,IL,שוופס מים בטעם אפרסק,קילוגרמים,1.50,ליטר,false,,7.80,5.2000,true,1,114039
7290019056270,false,שוופס מים בטעם פירות,יפאורה תבורי,IL,שוופס מים בטעם פירות,קילוגרמים,1.50,ליטר,false,,7.80,5.2000,true,1,114040
7290019056300,false,שוופס ביטר 1.5 ליטר,יפאורה תבורי,IL,שוופס ביטר 1.5 ליטר,קילוגרמים,1.50,ליטר,false,,9.90,6.6000,true,1,114071
7290019056317,false,שוופס ראשן 1.5 ליטר,יפאורה תבורי,IL,שוופס ראשן 1.5 ליטר,קילוגרמים,1.50,ליטר,false,,9.90,6.6000,true,1,114072
7290019056324,false,שוופס טוניק 1.5 ליטר,יפאורה תבורי,IL,שוופס טוניק 1.5 ליטר,קילוגרמים,1.50,ליטר,false,,9.90,6.6000,true,1,114073
7290019056331,false,שוופס טוניק ללא סוכר,יפאורה תבורי,IL,שוופס טוניק ללא סוכר,קילוגרמים,1.50,ליטר,false,,9.50,6.3333,true,1,114074
7290019056355,false,תפוזינה לימונענע 1.5,יפאורה תבורי,IL,תפוזינה לימונענע 1.5,קילוגרמים,1.50,ליטר,false,,6.90,4.6000,true,1,114019
7290019056362,false,תפוזינה ענבים 1.5 לי,יפאורה תבורי,IL,תפוזינה ענבים 1.5 לי,קילוגרמים,1.50,ליטר,false,,6.90,4.6000,true,1,114020
7290019056379,false,תפוזינה תפוזים 1.5 ל,יפאורה תבורי,IL,תפוזינה תפוזים 1.5 ל,קילוגרמים,1.50,ליטר,false,,6.90,4.6000,true,1,114021
7290019056386,false,תפוזינה אשכוליות 1.5,יפאורה תבורי,IL,תפוזינה אשכוליות 1.5,קילוגרמים,1.50,ליטר,false,,6.90,4.6000,true,1,114022
7290019056393,false,תפוזינה תות בננה 1.5,יפאורה תבורי,IL,תפוזינה תות בננה 1.5,קילוגרמים,1.50,ליטר,false,,6.90,4.6000,true,1,114023
7290019056409,false,תפוזינה מנגו 1.5 ליט,יפאורה תבורי,IL,תפוזינה מנגו 1.5 ליט,קילוגרמים,1.50,ליטר,false,,6.90,4.6000,true,1,114024
7290019056416,false,תפוזינה לימונדה ורוד,יפאורה תבורי,IL,תפוזינה לימונדה ורוד,קילוגרמים,1.50,ליטר,false,,6.90,4.6000,true,1,114025
7290019056423,false,תפוזינה תפוחים 1.5 ל,יפאורה תבורי,IL,תפוזינה תפוחים 1.5 ל,קילוגרמים,1.50,ליטר,false,,6.90,4.6000,true,1,114026
7290019056430,false,תפוזינה תפוזים לייט,יפאורה תבורי,IL,תפוזינה תפוזים לייט,קילוגרמים,1.50,ליטר,false,,6.90,4.6000,true,1,114027
7290019056454,false,אר.סי קולה 1.5 ליטר,יפאורה תבורי,IL,אר.סי קולה 1.5 ליטר,קילוגרמים,1.50,ליטר,false,,7.20,4.8000,true,1,114361
7290019056461,false,מארז אר.סי קולה 6 *1,יפאורה תבורי,IL,מארז אר.סי קולה 6 *1,קילוגרמים,9.00,ליטר,false,,33.90,3.7667,true,1,114084
7290019056478,false,ספרינג תה אפרסק 1.5,יפאורה תבורי,IL,ספרינג תה אפרסק 1.5,קילוגרמים,1.50,ליטר,false,,7.20,4.8000,true,1,114029
7290019056485,false,ספרינג תה ירוק לימון,יפאורה תבורי,IL,ספרינג תה ירוק לימון,קילוגרמים,1.50,ליטר,false,,7.20,4.8000,true,1,114030
7290019056492,false,ספרינג תה מנגו אפרסק,יפאורה תבורי,IL,ספרינג תה מנגו אפרסק,קילוגרמים,1.50,ליטר,false,,7.20,4.8000,true,1,114031
7290019056508,false,פרוט ווטר בטעם ענבים,יפאורה תבורי,IL,פרוט ווטר בטעם ענבים,קילוגרמים,1.50,ליטר,false,,8.90,5.9333,true,1,114032
7290019056515,false,פרוט ווטר בטעם אננס,יפאורה תבורי,IL,פרוט ווטר בטעם אננס,קילוגרמים,1.50,ליטר,false,,8.90,5.9333,true,1,114033
7290019056522,false,פרוט ווטר בטעם תות 1,יפאורה תבורי,IL,פרוט ווטר בטעם תות 1,קילוגרמים,1.50,ליטר,false,,8.90,5.9333,true,1,114035
7290019056539,false,פרוט ווטר בטעם אפרסק,יפאורה תבורי,IL,פרוט ווטר בטעם אפרסק,קילוגרמים,1.50,ליטר,false,,8.90,5.9333,true,1,114036
7290019056546,false,פרוט ווטר בטעם אבטיח,יפאורה תבורי,IL,פרוט ווטר בטעם אבטיח,קילוגרמים,1.50,ליטר,false,,8.90,5.9333,true,1,114215
7290019056553,false,מים עין גדי 6*2 ליטר,עין גדי,IL,מים עין גדי 6*2 ליטר,קילוגרמים,12.00,ליטר,false,,12.30,1.0250,true,1,114087
7290019056577,false,ספרינג מנגו 1.5 ליטר,יפאורה תבורי,IL,ספרינג מנגו 1.5 ליטר,קילוגרמים,1.50,ליטר,false,,6.90,4.6000,true,1,113995
7290019056584,false,ספרינג תפוזים 1.5 לי,יפאורה תבורי,IL,ספרינג תפוזים 1.5 לי,קילוגרמים,1.50,ליטר,false,,6.90,4.6000,true,1,114005
7290019056591,false,ספרינג ענבים 1.5 ליט,יפאורה תבורי,IL,ספרינג ענבים 1.5 ליט,קילוגרמים,1.50,ליטר,false,,6.90,4.6000,true,1,114006
7290019056607,false,ספרינג מיץ תפוחים 1.,יפאורה תבורי,IL,ספרינג מיץ תפוחים 1.,קילוגרמים,1.50,ליטר,false,,6.90,4.6000,true,1,114007
7290019056614,false,ספרינג אפרסק 1.5 ליט,יפאורה תבורי,IL,ספרינג אפרסק 1.5 ליט,קילוגרמים,1.50,ליטר,false,,6.90,4.6000,true,1,114008
7290019056621,false,ספרינג פירות טרופיים,יפאורה תבורי,IL,ספרינג פירות טרופיים,קילוגרמים,1.50,ליטר,false,,6.90,4.6000,true,1,114009
7290019056638,false,ספרינג תות-בננה 1.5,יפאורה תבורי,IL,ספרינג תות-בננה 1.5,קילוגרמים,1.50,ליטר,false,,6.90,4.6000,true,1,114010
7290019056645,false,ספרינג אגס סברס תפוח,יפאורה תבורי,IL,ספרינג אגס סברס תפוח,קילוגרמים,1.50,ליטר,false,,6.90,4.6000,true,1,114011
7290019056652,false,ספרינג אננס בננה 1.5,יפאורה תבורי,IL,ספרינג אננס בננה 1.5,קילוגרמים,1.50,ליטר,false,,6.90,4.6000,true,1,114012
7290019056669,false,ספרינג תפוחים לייט 1,יפאורה תבורי,IL,ספרינג תפוחים לייט 1,קילוגרמים,1.50,ליטר,false,,6.90,4.6000,true,1,114013
7290019056676,false,ספרינג אשכוליות אננס,יפאורה תבורי,IL,ספרינג אשכוליות אננס,קילוגרמים,1.50,ליטר,false,,6.90,4.6000,true,1,114015
7290019056720,false,קריסטל ענבים 2 ליטר,יפאורה תבורי,IL,קריסטל ענבים 2 ליטר,קילוגרמים,2.00,ליטר,false,,6.90,3.4500,true,1,114075
7290019056737,false,קריסטל אשכוליות 2 לי,יפאורה תבורי,IL,קריסטל אשכוליות 2 לי,קילוגרמים,2.00,ליטר,false,,6.90,3.4500,true,1,114076
7290019056744,false,קריסטל תפוזים 2 ליטר,יפאורה תבורי,IL,קריסטל תפוזים 2 ליטר,קילוגרמים,2.00,ליטר,false,,6.90,3.4500,true,1,114077
7290019056751,false,קריסטל אשכוליות דיאט,יפאורה תבורי,IL,קריסטל אשכוליות דיאט,קילוגרמים,2.00,ליטר,false,,6.90,3.4500,true,1,114078
7290019056768,false,קריסטל מנגו 2 ליטר,יפאורה תבורי,IL,קריסטל מנגו 2 ליטר,קילוגרמים,2.00,ליטר,false,,6.90,3.4500,true,1,114079
7290019056775,false,קריסטל ענבים מוגז 2,יפאורה תבורי,IL,קריסטל ענבים מוגז 2,קילוגרמים,2.00,ליטר,false,,6.90,3.4500,true,1,114080
7290019056782,false,קריסטל למון ליים 2 ל,יפאורה תבורי,IL,קריסטל למון ליים 2 ל,קילוגרמים,2.00,ליטר,false,,6.90,3.4500,true,1,114081
7290019056799,false,קריסטל אקזוטי מוגז 2,יפאורה תבורי,IL,קריסטל אקזוטי מוגז 2,קילוגרמים,2.00,ליטר,false,,6.90,3.4500,true,1,114082
7290019056805,false,קריסטל תפוע מוגז 2 ל,יפאורה תבורי,IL,קריסטל תפוע מוגז 2 ל,קילוגרמים,2.00,ליטר,false,,6.90,3.4500,true,1,114083
7290019056812,false,קריסטל מנטה 2 ליטר,יפאורה תבורי,IL,קריסטל מנטה 2 ליטר,קילוגרמים,2.00,ליטר,false,,6.90,3.4500,true,1,114085
7290019056836,false,קריסטל תות מוגז 2 לי,יפאורה תבורי,IL,קריסטל תות מוגז 2 לי,קילוגרמים,2.00,ליטר,false,,6.90,3.4500,true,1,114086
7290019056850,false,ספרינג תה דיאט אפרסק,יפאורה תבורי,IL,ספרינג תה דיאט אפרסק,קילוגרמים,1.50,ליטר,false,,7.20,4.8000,true,1,114034
7290019056959,false,מים מי עדן 1.5 ליטר,יפאורה תבורי,IL,מים מי עדן 1.5 ליטר,קילוגרמים,1.50,ליטר,false,,2.90,1.9333,true,1,114365
7290019056973,false,מים מי עדן 6*1.5 ליט,מי עדן,IL,מים מי עדן 6*1.5 ליט,קילוגרמים,9.00,ליטר,false,,12.70,1.4111,true,1,114088
7290019094203,false,חסה אייסברג 300 גרם,רביבים,IL,חסה אייסברג 300 גרם,גרמים,300.00,100 גרם,false,,12.90,4.3000,true,1,114218
7290019094210,false,כרוב לבן 400 גרם,רביבים,IL,כרוב לבן 400 גרם,גרמים,400.00,100 גרם,false,,11.90,2.9750,true,1,114216
7290019094227,false,כרוב אדום 400 גרם,רביבים,IL,כרוב אדום 400 גרם,גרמים,400.00,100 גרם,false,,11.90,2.9750,true,1,114217
7290019094234,false,קולסלאו 400 גרם,רביבים,IL,קולסלאו 400 גרם,גרמים,300.00,100 גרם,false,,11.90,3.9667,true,1,114219
7290019094241,false,לקט 350 גרם,רביבים,IL,לקט 350 גרם,גרמים,350.00,100 גרם,false,,12.90,3.6857,true,1,114220
7290019094258,false,סלט המושבה 400 גרם,רביבים,IL,סלט המושבה 400 גרם,גרמים,400.00,100 גרם,false,,13.90,3.4750,true,1,114221
7290019094272,false,"כרוב לבן 1 ק""ג",רביבים,IL,"כרוב לבן 1 ק""ג",פריט,1.00,"ק""ג",false,,19.90,19.9000,true,1,114227
7290019094289,false,"כרוב אדום 1 ק""ג",רביבים,IL,"כרוב אדום 1 ק""ג",פריט,1.00,"ק""ג",false,,14.90,14.9000,true,1,114223
7290019094296,false,"קולסלאו 1 ק""ג",רביבים,IL,"קולסלאו 1 ק""ג",פריט,1.00,"ק""ג",false,,19.90,19.9000,true,1,114224
7290019094302,false,עלי חסה שטופים,רביבים,IL,עלי חסה שטופים,Unknown,0.00,יחידה,false,,13.90,0.0000,true,1,114228
7290019145035,false,משקה קיקאופ בטעם ליי,פיירוואטר,IL,משקה קיקאופ בטעם ליי,מיליליטרים,330.00,"100 מ""ל",false,,9.20,2.7879,true,1,118351
7290019145462,false,"ארק סאלי אננס 750 מ""",,IL,"ארק סאלי אננס 750 מ""",מיליליטרים,750.00,"100 מ""ל",false,,29.90,3.9867,true,1,115059
7290019145639,false,משקה קיקאופ בטעם לימ,פיירוואטר,IL,משקה קיקאופ בטעם לימ,מיליליטרים,330.00,"100 מ""ל",false,,9.20,2.7879,true,1,118354
7290019153023,false,אר סי קולה ללא סוכר,יפאורה תבורי,IL,אר סי קולה ללא סוכר,קילוגרמים,6.00,ליטר,false,,23.90,3.9833,true,1,115553
7290019153078,false,שוופס ביטר למון לייט,יפאורה תבורי,IL,שוופס ביטר למון לייט,קילוגרמים,1.50,ליטר,false,,9.50,6.3333,true,1,115551
7290019153085,false,שוופס מוחיטו מוגז לל,יפאורה תבורי,IL,שוופס מוחיטו מוגז לל,קילוגרמים,1.50,ליטר,false,,8.20,5.4667,true,1,115552
7290019153252,false,מארז שוופס סודה תפוח,יפאורה תבורי,IL,מארז שוופס סודה תפוח,קילוגרמים,6.00,ליטר,false,,10.90,1.8167,true,1,116849
7290019153269,false,מארז שוופס סודה אננס,יפאורה תבורי,IL,מארז שוופס סודה אננס,קילוגרמים,6.00,ליטר,false,,10.90,1.8167,true,1,116850
7290019153344,false,תפוזינה סנגרייה 1.5,יפאורה תבורי,IL,תפוזינה סנגרייה 1.5,קילוגרמים,1.50,ליטר,false,,6.90,4.6000,true,1,117124
7290019153351,false,תפוזינה פינק אוזו 1.,יפאורה תבורי,IL,תפוזינה פינק אוזו 1.,קילוגרמים,1.50,ליטר,false,,6.90,4.6000,true,1,117125
7290019153375,false,תפוזינה מוחיטו 1.5 ל,יפאורה תבורי,IL,תפוזינה מוחיטו 1.5 ל,קילוגרמים,1.50,ליטר,false,,6.90,4.6000,true,1,117126
7290019153535,false,מארז שוופס מוגז פירו,יפאורה תבורי,IL,מארז שוופס מוגז פירו,קילוגרמים,1.32,ליטר,false,,10.90,8.2576,true,1,117839
7290019230038,false,חלה קטנה מתוקה 250 ג,ספיישל בייקרי,IL,חלה קטנה מתוקה 250 ג,גרמים,250.00,100 גרם,false,,6.90,2.7600,true,1,114315
7290019232148,false,חליטת חמדת השקד הגן,ויסוצקי,IL,חליטת חמדת השקד הגן,Unknown,0.00,יחידה,false,,21.90,0.0000,true,1,115922
7290019232155,false,חליטת קמומיל ולבנדר,ויסוצקי,IL,חליטת קמומיל ולבנדר,Unknown,0.00,יחידה,false,,21.90,0.0000,true,1,119044
7290019232162,false,חליטת קמומיל ומליסה,ויסוצקי,IL,חליטת קמומיל ומליסה,Unknown,0.00,יחידה,false,,21.90,0.0000,true,1,119042
7290019232179,false,תה ירוק נענע עם ויטמ,ויסוצקי,IL,תה ירוק נענע עם ויטמ,Unknown,0.00,יחידה,false,,21.90,0.0000,true,1,119039
7290019232186,false,תה ירוק לימונית לואי,ויסוצקי,IL,תה ירוק לימונית לואי,Unknown,0.00,יחידה,false,,21.90,0.0000,true,1,119040
7290019232193,false,תה ירוק לימונית ג'ינ,ויסוצקי,IL,תה ירוק לימונית ג'ינ,Unknown,0.00,יחידה,false,,21.90,0.0000,true,1,119041
7290019232353,false,תה ירוק סיני קלאסי ו,ויסוצקי,IL,תה ירוק סיני קלאסי ו,גרמים,75.00,100 גרם,false,,36.90,49.2000,true,1,118553
7290019297161,false,טורטיות קמח חיטה ותי,,TR,טורטיות קמח חיטה ותי,גרמים,450.00,100 גרם,false,,9.90,2.2000,true,1,83180
7290019297192,false,חטיפי גרנולה עם שקדי,,MK,חטיפי גרנולה עם שקדי,גרמים,175.00,100 גרם,false,,9.90,5.6571,true,1,74131
7290019297208,false,חטיפי גרנולה עם פירו,,MK,חטיפי גרנולה עם פירו,גרמים,175.00,100 גרם,false,,9.90,5.6571,true,1,74132
7290019297383,false,מעדן משמש שקדיה 284,,CN,מעדן משמש שקדיה 284,גרמים,284.00,100 גרם,false,,9.90,3.4859,true,1,76074
7290019297420,false,מעדן תות שקדיה 284 ג,,CN,מעדן תות שקדיה 284 ג,גרמים,284.00,100 גרם,false,,9.90,3.4859,true,1,76077
7290019297451,false,"מי ורדים 500 מ""ל",,BE,"מי ורדים 500 מ""ל",מיליליטרים,500.00,"100 מ""ל",false,,13.90,2.7800,true,1,74231
7290019297505,false,רוטב רימונים שקדיה 7,,TR,רוטב רימונים שקדיה 7,מיליליטרים,700.00,"100 מ""ל",false,,19.90,2.8429,true,1,74134
7290019297512,false,רוטב רימונים שקדיה 3,,TR,רוטב רימונים שקדיה 3,מיליליטרים,340.00,"100 מ""ל",false,,9.90,2.9118,true,1,74133
7290019297796,false,עלי גפן ממולאים באור,,,עלי גפן ממולאים באור,גרמים,400.00,100 גרם,false,,8.90,2.2250,true,1,90119
7290019302315,false,יין באז אבטיח מלון מ,יקבי כרמל,IL,יין באז אבטיח מלון מ,מיליליטרים,750.00,"100 מ""ל",false,,21.90,2.9200,true,1,117104
7290019302476,false,יין כרמל חבית 248 פט,יקבי כרמל,IL,יין כרמל חבית 248 פט,מיליליטרים,750.00,"100 מ""ל",false,,129.90,17.3200,true,1,118274
7290019302490,false,יין דרום אדום יבש,יקבי כרמל,IL,יין דרום אדום יבש,מיליליטרים,750.00,"100 מ""ל",false,,79.90,10.6533,true,1,118435
7290019302551,false,מיץ ענבים תירוש אדום,יקבי כרמל,IL,מיץ ענבים תירוש אדום,קילוגרמים,1.00,ליטר,false,,11.90,11.9000,true,1,118160
7290019308188,false,ציפס קלאסי בסט צ'יפס,גרין האוס,EG,ציפס קלאסי בסט צ'יפס,פריט,1.50,"ק""ג",false,,18.90,12.6000,true,1,118669
7290019453024,false,קוגל אטריות ירושלמי,תכלית מזון,IL,קוגל אטריות ירושלמי,גרמים,800.00,100 גרם,false,,15.90,1.9875,true,1,118186
7290019453031,false,"קוגל תפו""א",תכלית מזון,IL,"קוגל תפו""א",גרמים,580.00,100 גרם,false,,15.90,2.7414,true,1,118187
7290055090702,false,איגלו כרמית 60 יח,כרמית,IL,איגלו כרמית 60 יח,קילוגרמים,1.74,ליטר,false,,9.90,5.6897,true,1,66393
7290055090849,false,מרשמלו כרמית 500 גרם,כרמית,IL,מרשמלו כרמית 500 גרם,גרמים,500.00,100 גרם,false,,13.90,2.7800,true,1,67980
7290100680650,false,מנה חמה נודלס תאילנד,טאי רזידנט,CN,מנה חמה נודלס תאילנד,גרמים,76.00,100 גרם,false,,4.90,6.4474,true,1,41884
7290100680667,false,מנה חמה נודלס סצואן,טאי רזידנט,CN,מנה חמה נודלס סצואן,גרמים,77.00,100 גרם,false,,4.90,6.3636,true,1,41885
7290100680711,false,פירורית זהב אסם 350,עינת,IL,פירורית זהב אסם 350,גרמים,350.00,100 גרם,false,,7.90,2.2571,true,1,43683
7290100681015,false,פודינג אינסטנט ריבת,אסם,IL,פודינג אינסטנט ריבת,גרמים,84.00,100 גרם,false,,4.90,5.8333,true,1,62490
7290100681138,false,מארז אפרופו 3*50 גרם,אסם,IL,מארז אפרופו 3*50 גרם,גרמים,150.00,100 גרם,false,,11.90,7.9333,true,1,53500
7290100685136,false,מרק בטעם עוף אסם 1 ק,אסם,IL,מרק בטעם עוף אסם 1 ק,פריט,1.00,"ק""ג",false,,12.90,12.9000,true,1,47200
7290100685341,false,מרק בטעם עוף זך ר. ט,אסם,IL,מרק בטעם עוף זך ר. ט,גרמים,400.00,100 גרם,false,,13.90,3.4750,true,1,47202
7290100687109,false,במבה נוגט 60 גרם,אסם,IL,במבה נוגט 60 גרם,גרמים,60.00,100 גרם,false,,4.50,7.5000,true,1,47210
7290100688618,false,גביעי גלידה בטעם שוק,גילרו,IL,גביעי גלידה בטעם שוק,גרמים,160.00,100 גרם,false,,14.90,9.3125,true,1,61991
7290100700396,false,"אורז יסמין סוגת 1 ק""",,,"אורז יסמין סוגת 1 ק""",פריט,1.00,"ק""ג",false,,9.90,9.9000,true,1,56418
7290100702741,false,סוכר חום בהיר סוגת 1,סוגת,IL,סוכר חום בהיר סוגת 1,פריט,1.00,"ק""ג",false,,8.90,8.9000,true,1,71796
7290100850909,false,דוריטוס נאצו מקסיקני,שטראוס,IL,דוריטוס נאצו מקסיקני,גרמים,70.00,100 גרם,false,,3.20,4.5714,true,1,47218
7290100850916,false,דוריטוס חמוץ חריף 70,שטראוס,IL,דוריטוס חמוץ חריף 70,גרמים,70.00,100 גרם,false,,2.90,4.1429,true,1,61485
7290100850923,false,דוריטוס גריל 70 גרם,שטראוס,IL,דוריטוס גריל 70 גרם,גרמים,70.00,100 גרם,false,,2.90,4.1429,true,1,47219
7290100921401,false,שמפו הוואי קרטין 700,הנקל סוד,IL,שמפו הוואי קרטין 700,מיליליטרים,700.00,"100 מ""ל",false,,8.90,1.2714,true,1,72027
7290100921418,false,מרכך הוואי קרטין 700,הנקל סוד,IL,מרכך הוואי קרטין 700,מיליליטרים,700.00,"100 מ""ל",false,,8.90,1.2714,true,1,72029
7290100922569,false,קרם ידיים ולווטה 3*1,טרופיקל דגיל,IL,קרם ידיים ולווטה 3*1,מיליליטרים,300.00,"100 מ""ל",false,,14.90,4.9667,true,1,74023
7290100925676,false,קולור קאצר 20 דפים ל,הנקל סוד,IE,קולור קאצר 20 דפים ל,Unknown,0.00,יחידה,false,,14.90,0.0000,true,1,89321
7290101110811,false,מאגדת גלידל  שלגון ב,הגלידות של פלדמן,IL,מאגדת גלידל  שלגון ב,גרמים,400.00,100 גרם,false,,28.90,7.2250,true,1,118938
7290101112228,false,מאגדת גלידל פרי אננס,הגלידות של פלדמן,IL,מאגדת גלידל פרי אננס,גרמים,640.00,100 גרם,false,,18.90,2.9531,true,1,106401
7290101112921,false,מאגדת גלידל פרי פירו,הגלידות של פלדמן,IL,מאגדת גלידל פרי פירו,גרמים,640.00,100 גרם,false,,18.90,2.9531,true,1,106403
7290101113157,false,מאגדת גלידל וניל עוג,הגלידות של פלדמן,IL,מאגדת גלידל וניל עוג,גרמים,312.00,100 גרם,false,,22.90,7.3397,true,1,106398
7290101113393,false,מאגדת יופלה יוגורט פ,הגלידות של פלדמן,IL,מאגדת יופלה יוגורט פ,גרמים,350.00,100 גרם,false,,19.90,5.6857,true,1,106395
7290101113409,false,מאגדת יופלה יוגורט ת,הגלידות של פלדמן,IL,מאגדת יופלה יוגורט ת,גרמים,350.00,100 גרם,false,,19.90,5.6857,true,1,106396
7290101113447,false,מאגדת גלידל מיני סנד,הגלידות של פלדמן,IL,מאגדת גלידל מיני סנד,גרמים,270.00,100 גרם,false,,28.90,10.7037,true,1,118939
7290101113584,false,טילוני יולו לבן עם ל,הגלידות של פלדמן,IL,טילוני יולו לבן עם ל,גרמים,400.00,100 גרם,false,,19.90,4.9750,true,1,111958
7290101113591,false,טילוני יולו לבן עם ע,הגלידות של פלדמן,IL,טילוני יולו לבן עם ע,גרמים,400.00,100 גרם,false,,19.90,4.9750,true,1,111957
7290101113751,false,מאגדת שלגוני יולו בל,הגלידות של פלדמן,IL,מאגדת שלגוני יולו בל,גרמים,200.00,100 גרם,false,,18.90,9.4500,true,1,118930
7290101113768,false,מאגדת שלגוני יולו שו,הגלידות של פלדמן,IL,מאגדת שלגוני יולו שו,גרמים,200.00,100 גרם,false,,18.90,9.4500,true,1,118944
7290101113805,false,מאגדת יופלה שרבט תות,הגלידות של פלדמן,IL,מאגדת יופלה שרבט תות,גרמים,350.00,100 גרם,false,,19.90,5.6857,true,1,118934
7290101113812,false,מאגדת יופלה שרבט אננ,הגלידות של פלדמן,IL,מאגדת יופלה שרבט אננ,גרמים,350.00,100 גרם,false,,19.90,5.6857,true,1,118933
7290101113829,false,מאגדת יופלה שרבט מנג,הגלידות של פלדמן,IL,מאגדת יופלה שרבט מנג,גרמים,350.00,100 גרם,false,,19.90,5.6857,true,1,118935
7290101113904,false,מנבו בטעם וניל 12 יח,הגלידות של פלדמן,IL,מנבו בטעם וניל 12 יח,גרמים,288.00,100 גרם,false,,19.90,6.9097,true,1,118912
7290101488286,false,דאו ספריי ליידי ספיד,קולגייט פלמוליב,,דאו ספריי ליידי ספיד,מיליליטרים,150.00,"100 מ""ל",false,,11.90,7.9333,true,1,60051
7290101488323,false,דאו ליידי ספיד סטיק,קולגייט פלמוליב,BY,דאו ליידי ספיד סטיק,Unknown,0.00,יחידה,false,,16.90,0.0000,true,1,60056
7290101551027,false,קפסולות עלית 14 חזק,שטראוס קפה בי.וי,IL,קפסולות עלית 14 חזק,Unknown,0.00,יחידה,false,,14.90,0.0000,true,1,98531
7290101551263,false,סילאן טבעי יד מרדכי,שטראוס,IL,סילאן טבעי יד מרדכי,גרמים,700.00,100 גרם,false,,19.90,2.8429,true,1,102108
7290101551539,false,דנונה פרו אפרסק 0% 2,שטראוס,IL,דנונה פרו אפרסק 0% 2,גרמים,200.00,100 גרם,false,,5.90,2.9500,true,1,97420
7290101551584,false,מארז תפוציפס קידס 10,שטראוס,IL,מארז תפוציפס קידס 10,גרמים,200.00,100 גרם,false,,12.90,6.4500,true,1,97640
7290101554233,false,מארז ציטוס כאפה 16*2,שטראוס,IL,מארז ציטוס כאפה 16*2,גרמים,320.00,100 גרם,false,,17.90,5.5937,true,1,97083
7290101863410,false,תרסיס סיליט באנג עם,רקיט בנקיזר,PL,תרסיס סיליט באנג עם,מיליליטרים,750.00,"100 מ""ל",false,,12.50,1.6667,true,1,84116
7290101864127,false,ספריי וניש להסרת כתמ,רקיט בנקיזר,PL,ספריי וניש להסרת כתמ,מיליליטרים,750.00,"100 מ""ל",false,,14.90,1.9867,true,1,65977
7290101865216,false,"אבקת קולון 9 ק""ג",זוהר דליה,IL,"אבקת קולון 9 ק""ג",פריט,9.00,"ק""ג",false,,59.90,6.6556,true,1,57818
7290101865261,false,נוזל הברקה פיניש 800,רקיט בנקיזר,PL,נוזל הברקה פיניש 800,מיליליטרים,800.00,"100 מ""ל",false,,19.90,2.4875,true,1,58808
7290101866633,false,גל וניש קליה 3 ליטר,סאסאטק,IL,גל וניש קליה 3 ליטר,קילוגרמים,3.00,ליטר,false,,28.90,9.6333,true,1,60041
7290101866787,false,גל וניש קליה כביסה ל,רקיט בנקיזר,PL,גל וניש קליה כביסה ל,קילוגרמים,3.00,ליטר,false,,28.90,9.6333,true,1,70942
7290101867623,false,תרסיס וינדולין חלונו,,,תרסיס וינדולין חלונו,קילוגרמים,2.25,ליטר,false,,24.90,11.0667,true,1,63505
7290101868958,false,נוזל הברקה פיניש לימ,רקיט בנקיזר,PL,נוזל הברקה פיניש לימ,מיליליטרים,800.00,"100 מ""ל",false,,19.90,2.4875,true,1,79281
7290101869726,false,גל למדיח פיניש 1 ליט,רקיט בנקיזר,PL,גל למדיח פיניש 1 ליט,קילוגרמים,1.00,ליטר,false,,42.50,42.5000,true,1,81968
7290101869733,false,גל למדיח פיניש לימון,רקיט בנקיזר,PL,גל למדיח פיניש לימון,קילוגרמים,1.00,ליטר,false,,42.50,42.5000,true,1,81969
7290101869757,false,מבשם אוטומטי אירוויק,רקיט בנקיזר,PL,מבשם אוטומטי אירוויק,Unknown,0.00,יחידה,false,,43.90,0.0000,true,1,87097
7290101869818,false,מטהר חשמלי אירוויק +,רקיט בנקיזר,GB,מטהר חשמלי אירוויק +,Unknown,0.00,יחידה,false,,19.90,0.0000,true,1,105690
7290101869825,false,מילוי מבשם חשמלי איר,רקיט בנקיזר,PL,מילוי מבשם חשמלי איר,Unknown,0.00,יחידה,false,,15.90,0.0000,true,1,105683
7290101869832,false,מילוי מבשם חשמלי איר,רקיט בנקיזר,PL,מילוי מבשם חשמלי איר,Unknown,0.00,יחידה,false,,15.90,0.0000,true,1,105684
7290102030330,false,תפוציפס קראנצ מקסיקנ,שטראוס,IL,תפוציפס קראנצ מקסיקנ,גרמים,200.00,100 גרם,false,,8.80,4.4000,true,1,47234
7290102031276,false,אקטימל תות בננה דנונ,שטראוס,IL,אקטימל תות בננה דנונ,מיליליטרים,800.00,"100 מ""ל",false,,19.90,2.4875,true,1,42867
7290102032334,false,קפה נמס וניל 200 גרם,עלית,IL,קפה נמס וניל 200 גרם,גרמים,200.00,100 גרם,false,,19.90,9.9500,true,1,47241
7290102060764,false,מברשת מרידול 2 יח,קולגייט פלמוליב,,מברשת מרידול 2 יח,Unknown,0.00,יחידה,false,,24.90,0.0000,true,1,98955
7290102060979,false,"משחת אלמקס 100 מ""ל",קולגייט פלמוליב,,"משחת אלמקס 100 מ""ל",מיליליטרים,100.00,"100 מ""ל",false,,14.90,14.9000,true,1,69150
7290102062195,false,משחת אלמקס גוניור 75,קולגייט פלמוליב,,משחת אלמקס גוניור 75,גרמים,75.00,100 גרם,false,,9.90,13.2000,true,1,69152
7290102390427,false,מולר פרופ תות 150 גר,טרה,IL,מולר פרופ תות 150 גר,מיליליטרים,150.00,"100 מ""ל",false,,4.70,3.1333,true,1,47247
7290102390465,false,מולר פרופ אפרסק ופסי,טרה,IL,מולר פרופ אפרסק ופסי,מיליליטרים,150.00,"100 מ""ל",false,,4.70,3.1333,true,1,47249
7290102390489,false,מולר פרופ לימון 150,טרה,IL,מולר פרופ לימון 150,מיליליטרים,150.00,"100 מ""ל",false,,4.70,3.1333,true,1,47250
7290102391844,false,מולר פרופ פירות יער,טרה,IL,מולר פרופ פירות יער,מיליליטרים,150.00,"100 מ""ל",false,,4.70,3.1333,true,1,49393
7290102392094,false,חלב עיזים צוריאל 1 ל,מחלבת משק צוריאל,IL,חלב עיזים צוריאל 1 ל,גרמים,250.00,100 גרם,false,,14.90,5.9600,true,1,49959
7290102392254,false,חלב 1% טרה 2 ליטר,טרה,IL,חלב 1% טרה 2 ליטר,קילוגרמים,2.00,ליטר,false,,10.90,5.4500,true,1,54002
7290102393039,false,מולר מיקס פצפוצי שוק,טרה,IL,מולר מיקס פצפוצי שוק,מיליליטרים,150.00,"100 מ""ל",false,,5.30,3.5333,true,1,54702
7290102393060,false,מולר מיקס גלילות 170,טרה,IL,מולר מיקס גלילות 170,מיליליטרים,150.00,"100 מ""ל",false,,5.30,3.5333,true,1,54698
7290102393169,false,מולר סימפלי תות 150,טרה,IL,מולר סימפלי תות 150,גרמים,150.00,100 גרם,false,,4.80,3.2000,true,1,42525
7290102393176,false,מולר סימפלי אפרסק 15,טרה,IL,מולר סימפלי אפרסק 15,גרמים,150.00,100 גרם,false,,4.80,3.2000,true,1,42526
7290102393190,false,מולר סימפלי פירות יע,טרה,IL,מולר סימפלי פירות יע,גרמים,150.00,100 גרם,false,,4.80,3.2000,true,1,42527
7290102393268,false,גבינה 5% טרה 750 גרם,טרה,IL,גבינה 5% טרה 750 גרם,גרמים,750.00,100 גרם,false,,11.90,1.5867,true,1,54926
7290102393947,false,מולר סימפלי קיווי 15,טרה,IL,מולר סימפלי קיווי 15,גרמים,150.00,100 גרם,false,,4.80,3.2000,true,1,57730
7290102394258,false,גבינה מה עז 9% צוריא,מחלבת משק צוריאל,IL,גבינה מה עז 9% צוריא,גרמים,180.00,100 גרם,false,,20.90,11.6111,true,1,59080
7290102394463,false,גבינה נעם 28% 500 גר,טרה,IL,גבינה נעם 28% 500 גר,גרמים,500.00,100 גרם,false,,22.90,4.5800,true,1,67713
7290102394821,false,פרוסות גבינה נעם קלא,טרה,IL,פרוסות גבינה נעם קלא,גרמים,200.00,100 גרם,false,,14.90,7.4500,true,1,62666
7290102394845,false,פרוסות גבינה נעם 9%,טרה,IL,פרוסות גבינה נעם 9%,גרמים,200.00,100 גרם,false,,14.90,7.4500,true,1,62572
7290102395217,false,מארז מולר ביאנקו במת,טרה,IL,מארז מולר ביאנקו במת,קילוגרמים,1.20,ליטר,false,,17.90,14.9167,true,1,65469
7290102395224,false,מארז מולר נטורל 1.7%,טרה,IL,מארז מולר נטורל 1.7%,קילוגרמים,1.20,ליטר,false,,12.90,10.7500,true,1,65057
7290102395231,false,מארז מולר נטורל 2.8%,טרה,IL,מארז מולר נטורל 2.8%,קילוגרמים,1.20,ליטר,false,,12.90,10.7500,true,1,65058
7290102395262,false,מארז מולר סימפלי תות,טרה,IL,מארז מולר סימפלי תות,קילוגרמים,1.20,ליטר,false,,25.90,21.5833,true,1,66034
7290102395439,false,מארז מולר סימפלי פיר,טרה,,מארז מולר סימפלי פיר,קילוגרמים,1.20,ליטר,false,,25.90,21.5833,true,1,66033
7290102395446,false,מעדן מוו וניל עם קצפ,טרה,IL,מעדן מוו וניל עם קצפ,גרמים,123.00,100 גרם,false,,2.90,2.3577,true,1,65608
7290102395477,false,מעדן מוו שוקולד עם ק,טרה,IL,מעדן מוו שוקולד עם ק,גרמים,123.00,100 גרם,false,,2.90,2.3577,true,1,65606
7290102396399,false,מארז מעדן מוו שוקולד,טרה,IL,מארז מעדן מוו שוקולד,גרמים,800.00,100 גרם,false,,11.90,1.4875,true,1,72906
7290102396405,false,מארז מעדן מוו וניל 8,טרה,IL,מארז מעדן מוו וניל 8,גרמים,800.00,100 גרם,false,,11.90,1.4875,true,1,72907
7290102396580,false,מעדן מוו מוס שוקו 11,טרה,IL,מעדן מוו מוס שוקו 11,גרמים,123.00,100 גרם,false,,2.90,2.3577,true,1,72904
7290102396597,false,מעדן מוו מוס שוקו ונ,טרה,IL,מעדן מוו מוס שוקו ונ,גרמים,123.00,100 גרם,false,,2.90,2.3577,true,1,72905
7290102396665,false,פרוסות גבינה נעם 15%,טרה,IL,פרוסות גבינה נעם 15%,גרמים,200.00,100 גרם,false,,14.90,7.4500,true,1,82864
7290102396719,false,מולר סימפלי תות 0% 1,טרה,IL,מולר סימפלי תות 0% 1,גרמים,150.00,100 גרם,false,,4.60,3.0667,true,1,74612
7290102396740,false,מארז מולר סימפלי תות,טרה,IL,מארז מולר סימפלי תות,קילוגרמים,1.20,ליטר,false,,25.90,21.5833,true,1,74615
7290102397075,false,משקה יוגורט 4% טרה 1,טרה,IL,משקה יוגורט 4% טרה 1,פריט,1.50,"ק""ג",false,,12.90,8.6000,true,1,79491
7290102397204,false,פרוסות גבינה נעם 22%,טרה,IL,פרוסות גבינה נעם 22%,גרמים,200.00,100 גרם,false,,15.20,7.6000,true,1,82863
7290102397310,false,מארז מעדן מוו שוקולד,טרה,IL,מארז מעדן מוו שוקולד,גרמים,560.00,100 גרם,false,,11.90,2.1250,true,1,85398
7290102397334,false,גבינה בולגרית 5% צור,מחלבת משק צוריאל,IL,גבינה בולגרית 5% צור,גרמים,250.00,100 גרם,false,,19.90,7.9600,true,1,84870
7290102397464,false,מולר נטורל עם פיצוחי,מולר,IL,מולר נטורל עם פיצוחי,מיליליטרים,150.00,"100 מ""ל",false,,5.30,3.5333,true,1,90593
7290102397600,false,מולר מיקס שקדים ובוט,מולר,IL,מולר מיקס שקדים ובוט,מיליליטרים,150.00,"100 מ""ל",false,,5.30,3.5333,true,1,86469
7290102397617,false,מולר מיקס קליק כדורי,מולר,IL,מולר מיקס קליק כדורי,מיליליטרים,150.00,"100 מ""ל",false,,5.30,3.5333,true,1,86468
7290102397679,false,קוטג 5% טרה 375 גרם,טרה,IL,קוטג 5% טרה 375 גרם,גרמים,375.00,100 גרם,false,,6.90,1.8400,true,1,89770
7290102397730,false,גבינה נעם אמנטל 30%,טרה,IL,גבינה נעם אמנטל 30%,גרמים,200.00,100 גרם,false,,14.90,7.4500,true,1,91619
7290102397747,false,גבינה נעם מוצרלה פרו,טרה,IL,גבינה נעם מוצרלה פרו,גרמים,200.00,100 גרם,false,,15.90,7.9500,true,1,94007
7290102397891,false,גבינה מותכת צוריאל 1,טרה,IL,גבינה מותכת צוריאל 1,גרמים,100.00,100 גרם,false,,6.90,6.9000,true,1,90590
7290102398065,false,חלב 3% טרה 2 ליטר וס,טרה,IL,חלב 3% טרה 2 ליטר וס,קילוגרמים,2.00,ליטר,false,,10.90,5.4500,true,1,92087
7290102398072,false,חלב 3% טרה 1 ליטר מה,טרה,IL,חלב 3% טרה 1 ליטר מה,קילוגרמים,1.00,ליטר,false,,5.50,5.5000,true,1,107511
7290102398478,false,לאבנה 9% טרה 500 גרם,טרה,IL,לאבנה 9% טרה 500 גרם,גרמים,500.00,100 גרם,false,,16.90,3.3800,true,1,97123
7290102398560,false,משקה שוקו טרה 1 ליטר,טרה,IL,משקה שוקו טרה 1 ליטר,קילוגרמים,1.00,ליטר,false,,10.90,10.9000,true,1,97189
7290102398577,false,שוקו מועשר טרה 250 מ,טרה,IL,שוקו מועשר טרה 250 מ,מיליליטרים,250.00,"100 מ""ל",false,,4.90,1.9600,true,1,116905
7290102398614,false,משקה בננה טרה 1 ליטר,טרה,IL,משקה בננה טרה 1 ליטר,קילוגרמים,1.00,ליטר,false,,10.90,10.9000,true,1,97190
7290102398638,false,משקה מוקה טרה 1 ליטר,טרה,IL,משקה מוקה טרה 1 ליטר,קילוגרמים,1.00,ליטר,false,,10.90,10.9000,true,1,97191
7290102398669,false,משקה אייס קפוצ'ינו ט,טרה,IL,משקה אייס קפוצ'ינו ט,קילוגרמים,1.00,ליטר,false,,9.90,9.9000,true,1,106155
7290102398782,false,משקה סויה צוריאל 1 ל,ואל סויה,IT,משקה סויה צוריאל 1 ל,קילוגרמים,1.00,ליטר,false,,9.90,9.9000,true,1,104308
7290102398799,false,משקה סויה במתיקות מו,ואל סויה,IT,משקה סויה במתיקות מו,קילוגרמים,1.00,ליטר,false,,9.90,9.9000,true,1,104309
7290102398805,false,משקה סויה וניל צוריא,ואל סויה,IT,משקה סויה וניל צוריא,קילוגרמים,1.00,ליטר,false,,9.90,9.9000,true,1,104312
7290102398836,false,משקה שקדים צוריאל 1,ואל סויה,IT,משקה שקדים צוריאל 1,קילוגרמים,1.00,ליטר,false,,11.90,11.9000,true,1,104311
7290102399048,false,גבינה נעם קשקבל 200,טרה,IL,גבינה נעם קשקבל 200,גרמים,200.00,100 גרם,false,,19.90,9.9500,true,1,100332
7290102399796,false,מולר אקטיב לבן 25 גר,מילקו,IL,מולר אקטיב לבן 25 גר,גרמים,200.00,100 גרם,false,,4.90,2.4500,true,1,106320
7290102399802,false,מולר אקטיב תות 20 גר,טרה,IL,מולר אקטיב תות 20 גר,גרמים,200.00,100 גרם,false,,5.50,2.7500,true,1,106323
7290102399819,false,מולר אקטיב פירות יער,טרה,IL,מולר אקטיב פירות יער,גרמים,200.00,100 גרם,false,,5.50,2.7500,true,1,106324
7290102399857,false,מולר אקטיב תות לייט,טרה,IL,מולר אקטיב תות לייט,גרמים,200.00,100 גרם,false,,5.50,2.7500,true,1,106329
7290103120658,false,דאו גל ספיד סטיק קול,קולגייט פלמוליב,BY,דאו גל ספיד סטיק קול,גרמים,85.00,100 גרם,false,,16.90,19.8824,true,1,60058
7290103124588,false,ג'ל רחצה פלמוליב ארו,קולגייט פלמוליב,TR,ג'ל רחצה פלמוליב ארו,מיליליטרים,750.00,"100 מ""ל",false,,14.90,1.9867,true,1,60094
7290103124601,false,תחליב פלמוליב חלב וד,קולגייט פלמוליב,TR,תחליב פלמוליב חלב וד,מיליליטרים,750.00,"100 מ""ל",false,,14.90,1.9867,true,1,60093
7290103126797,false,משחת קולגייט סנסטיב,קולגייט פלמוליב,,משחת קולגייט סנסטיב,מיליליטרים,75.00,"100 מ""ל",false,,21.90,29.2000,true,1,104601
7290103129378,false,דאו גל ספיד סטיק איק,קולגייט פלמוליב,BY,דאו גל ספיד סטיק איק,גרמים,85.00,100 גרם,false,,16.90,19.8824,true,1,96870
7290103129408,false,דאו ליידי ספיד סטיק,קולגייט פלמוליב,BY,דאו ליידי ספיד סטיק,גרמים,65.00,100 גרם,false,,16.90,26.0000,true,1,67597
7290103150952,false,מפות שולחן עבות לפיד,צח ליין,CN,מפות שולחן עבות לפיד,Unknown,0.00,יחידה,false,,9.90,0.0000,true,1,48387
7290103150969,false,מפות שולחן עבות לפיד,צח ליין,CN,מפות שולחן עבות לפיד,Unknown,0.00,יחידה,false,,9.90,0.0000,true,1,48388
7290103153779,false,מכסים לתבניות גדולות,אופל אריזות בעמ,IL,מכסים לתבניות גדולות,Unknown,0.00,יחידה,false,,5.90,0.0000,true,1,59268
7290103153786,false,מכסים לתבניות בינוני,אופל אריזות בעמ,IL,מכסים לתבניות בינוני,Unknown,0.00,יחידה,false,,5.90,0.0000,true,1,59269
7290103153793,false,מכסים לתבניות קטנות,אופל אריזות בעמ,IL,מכסים לתבניות קטנות,Unknown,0.00,יחידה,false,,5.90,0.0000,true,1,59270
7290103153823,false,צלחות קטנות נעימות ז,ב פ תעשיות,IL,צלחות קטנות נעימות ז,Unknown,0.00,יחידה,false,,29.90,0.0000,true,1,61091
7290103153830,false,צלחות גדולות נעימות,ב פ תעשיות,IL,צלחות גדולות נעימות,Unknown,0.00,יחידה,false,,49.90,0.0000,true,1,61088
7290103153847,false,צלחות מרק נעימות זהב,ב פ תעשיות,IL,צלחות מרק נעימות זהב,Unknown,0.00,יחידה,false,,32.90,0.0000,true,1,61094
7290103154479,false,צלחות גדולות קשת 105,פאלאס,CN,צלחות גדולות קשת 105,Unknown,0.00,יחידה,false,,37.90,0.0000,true,1,65500
7290103154486,false,צלחות מרק קשת 125 יח,פאלאס,CN,צלחות מרק קשת 125 יח,Unknown,0.00,יחידה,false,,37.90,0.0000,true,1,65501
7290103155087,false,שקיות אשפה עם ידיות,רווח,CN,שקיות אשפה עם ידיות,Unknown,0.00,יחידה,false,,29.90,0.0000,true,1,69411
7290103155582,false,מכסים לתבנית בינוני,אופל אריזות בעמ,IL,מכסים לתבנית בינוני,Unknown,0.00,יחידה,false,,5.90,0.0000,true,1,70068
7290103156138,false,מפת אלבד מדוגם גליל,דיספובד,IL,מפת אלבד מדוגם גליל,Unknown,0.00,יחידה,false,,29.90,0.0000,true,1,70191
7290103156473,false,כפיות חד פעמי 100 יח,MAZLUM,TR,כפיות חד פעמי 100 יח,Unknown,0.00,יחידה,false,,6.90,0.0000,true,1,73417
7290103156480,false,מזלגות חד פעמי 100 י,MAZLUM,TR,מזלגות חד פעמי 100 י,Unknown,0.00,יחידה,false,,6.90,0.0000,true,1,73414
7290103156930,false,כוסות יהלום 40 יח,LARIPLAST,IL,כוסות יהלום 40 יח,Unknown,0.00,יחידה,false,,10.90,0.0000,true,1,75849
7290103157104,false,מפת אלבד צבעוני 4 יח,פאלאס,CN,מפת אלבד צבעוני 4 יח,Unknown,0.00,יחידה,false,,11.90,0.0000,true,1,87688
7290103157111,false,מפת אלבד גליל 1.2*20,דיספובד,IL,מפת אלבד גליל 1.2*20,Unknown,0.00,יחידה,false,,29.90,0.0000,true,1,88711
7290103203405,false,ליקר צאלו שוקולד תפו,ישראליקר,IL,ליקר צאלו שוקולד תפו,מיליליטרים,500.00,"100 מ""ל",false,,29.90,5.9800,true,1,70426
7290103203412,false,ליקר צאלו שוקולד מנט,ישראליקר,IL,ליקר צאלו שוקולד מנט,מיליליטרים,500.00,"100 מ""ל",false,,29.90,5.9800,true,1,70427
7290103203436,false,ליקר צאלו דובדבן 500,ישראליקר,IL,ליקר צאלו דובדבן 500,מיליליטרים,500.00,"100 מ""ל",false,,29.90,5.9800,true,1,70428
7290103203443,false,ליקר צאלו בננה 500 מ,ישראליקר,IL,ליקר צאלו בננה 500 מ,מיליליטרים,500.00,"100 מ""ל",false,,29.90,5.9800,true,1,70429
7290103203450,false,ליקר צאלו אמרטו 500,ישראליקר,IL,ליקר צאלו אמרטו 500,מיליליטרים,500.00,"100 מ""ל",false,,29.90,5.9800,true,1,70430
7290103401429,false,קפה פלטינום ברזילאי,שטראוס,IL,קפה פלטינום ברזילאי,גרמים,200.00,100 גרם,false,,24.90,12.4500,true,1,39224
7290103702649,false,טישו עדן 5*100 יח,,IL,טישו עדן 5*100 יח,Unknown,500.00,יחידה,false,,8.90,0.0178,true,1,104698
7290103703004,false,נייר טואלט טאצ' כדור,,IL,נייר טואלט טאצ' כדור,מטרים,0.00,מטר,false,,24.90,0.0000,true,1,118172
7290103703615,false,נייר טואלט עדן 30 גל,שניב תעשיות נייר,IL,נייר טואלט עדן 30 גל,מטרים,495.00,מטר,false,,16.90,0.0341,true,1,97181
7290103704216,false,מגבות נייר קשת 16 יח,שניב תעשיות נייר,IL,מגבות נייר קשת 16 יח,Unknown,0.00,יחידה,false,,19.90,0.0000,true,1,109833
7290103704223,false,נייר טואלט בונו 30 ג,שניב תעשיות נייר,IL,נייר טואלט בונו 30 ג,מטרים,504.00,מטר,false,,16.90,0.0335,true,1,119172
7290103704971,false,נייר טואלט כפול סילק,,,נייר טואלט כפול סילק,מטרים,792.00,מטר,false,,34.90,0.0441,true,1,117633
7290103722005,false,נייר טואלט לאבלי לבן,,,נייר טואלט לאבלי לבן,מטרים,573.50,מטר,false,,26.90,0.0469,true,1,55146
7290104061417,false,חומוס עם טחינה אחלה,שטראוס,IL,חומוס עם טחינה אחלה,גרמים,400.00,100 גרם,false,,9.90,2.4750,true,1,50593
7290104061424,false,חומוס עם זעתר אחלה 4,שטראוס,IL,חומוס עם זעתר אחלה 4,גרמים,400.00,100 גרם,false,,9.90,2.4750,true,1,50592
7290104061431,false,חומוס עם צנוברים אחל,שטראוס,IL,חומוס עם צנוברים אחל,גרמים,400.00,100 גרם,false,,9.90,2.4750,true,1,50594
7290104061448,false,חומוס עם חריף אחלה 4,שטראוס,IL,חומוס עם חריף אחלה 4,גרמים,400.00,100 גרם,false,,9.90,2.4750,true,1,50595
7290104062599,false,מארז גמדים תות ובננה,שטראוס,IL,מארז גמדים תות ובננה,גרמים,800.00,100 גרם,false,,17.90,2.2375,true,1,50700
7290104065187,false,קפה נמס מוקה 200 גרם,שטראוס,IL,קפה נמס מוקה 200 גרם,גרמים,200.00,100 גרם,false,,19.90,9.9500,true,1,55401
7290104066566,false,טחינה אחלה 500 גרם,שטראוס,IL,טחינה אחלה 500 גרם,גרמים,500.00,100 גרם,false,,13.90,2.7800,true,1,41453
7290104500572,false,אפרופו איטליאנו 50 ג,אסם,IL,אפרופו איטליאנו 50 ג,גרמים,50.00,100 גרם,false,,4.50,9.0000,true,1,63738
7290104501661,false,פודינג אינסטנט קרם צ,אסם,IL,פודינג אינסטנט קרם צ,גרמים,80.00,100 גרם,false,,4.90,6.1250,true,1,55574
7290104504228,false,מארז דובונים 5*20 גר,אסם,IL,מארז דובונים 5*20 גר,גרמים,100.00,100 גרם,false,,11.90,11.9000,true,1,58378
7290104508189,false,גביעי גלידה אסם 24 י,אסם,IL,גביעי גלידה אסם 24 י,גרמים,95.00,100 גרם,false,,11.90,12.5263,true,1,61989
7290104508202,false,גביעי גלידה אסם 24 י,גילרו,IL,גביעי גלידה אסם 24 י,גרמים,120.00,100 גרם,false,,11.90,9.9167,true,1,61992
7290104570162,false,תמר כבוש 500 גרם,תמר העמקים בית שאן,,תמר כבוש 500 גרם,גרמים,500.00,100 גרם,false,,6.90,1.3800,true,1,67252
7290104720499,false,מארז דני וניל 8*125,שטראוס,IL,מארז דני וניל 8*125,קילוגרמים,1.00,ליטר,false,,14.90,14.9000,true,1,39483
7290104721755,false,מארז קפה טורקי עלית,חברת המשקם לתעסוקת ק,IL,מארז קפה טורקי עלית,גרמים,435.00,100 גרם,false,,29.90,6.8736,true,1,56416
7290104722530,false,תפוציפס שמנת בצל 200,שטראוס,IL,תפוציפס שמנת בצל 200,גרמים,200.00,100 גרם,false,,8.80,4.4000,true,1,41747
7290104726712,false,מארז מילקי שוקולד 8*,שטראוס,IL,מארז מילקי שוקולד 8*,פריט,1.06,"ק""ג",false,,19.90,18.7736,true,1,58683
7290104728310,false,שמנת להקצפה 38% יטבת,שטראוס,IL,שמנת להקצפה 38% יטבת,מיליליטרים,250.00,"100 מ""ל",false,,6.40,2.5600,true,1,57349
7290104850776,false,מגש אובלי זהב 12 יח,פאלאס,IL,מגש אובלי זהב 12 יח,Unknown,0.00,יחידה,false,,15.90,0.0000,true,1,101957
7290104854736,true,לפתניה דגם קונכיות ל,,,לפתניה דגם קונכיות לבן 16 יח,Unknown,0.00,יחידה,false,1,9.90,0.0000,true,1,82503
7290104855368,false,מיכל 1 ליטר 12 יח,פאלאס,CN,מיכל 1 ליטר 12 יח,Unknown,0.00,יחידה,false,,19.90,0.0000,true,1,83124
7290104855375,false,מיכל 2 ליטר 10 יח,סנטר פלאסט,IL,מיכל 2 ליטר 10 יח,Unknown,0.00,יחידה,false,,19.90,0.0000,true,1,83088
7290104855382,false,מיכל 2.5 ליטר 6 יח,סנטר פלאסט,IL,מיכל 2.5 ליטר 6 יח,Unknown,0.00,יחידה,false,,19.90,0.0000,true,1,83089
7290104855399,false,מיכל 4 ליטר 5 יח,סנטר פלאסט,IL,מיכל 4 ליטר 5 יח,Unknown,0.00,יחידה,false,,19.90,0.0000,true,1,83090
7290104855405,false,מיכל 0.5 ליטר 15 יח,סנטר פלאסט,IL,מיכל 0.5 ליטר 15 יח,Unknown,0.00,יחידה,false,,19.90,0.0000,true,1,83091
7290104856839,false,מארז 6 יח נייר אלומי,פאלאס,CN,מארז 6 יח נייר אלומי,מטרים,30.00,מטר,false,,21.90,0.7300,true,1,84761
7290104856846,false,מארז 4 נייר אלומיניו,פאלאס,CN,מארז 4 נייר אלומיניו,מטרים,30.00,מטר,false,,21.90,0.7300,true,1,85758
7290104856853,false,מארז 3 נייר אלומיניו,פאלאס,CN,מארז 3 נייר אלומיניו,מטרים,22.50,מטר,false,,21.90,0.9733,true,1,85759
7290104856914,false,מפת אלבד מדוגם 2 יח,פאלאס,CN,מפת אלבד מדוגם 2 יח,Unknown,0.00,יחידה,false,,11.90,0.0000,true,1,87686
7290104857041,false,"כוסות ח""פ 100 יח",פאלאס,CN,"כוסות ח""פ 100 יח",Unknown,0.00,יחידה,false,,5.90,0.0000,true,1,87578
7290104857119,false,צלחות גדולות לפיד 10,פאלאס,TR,צלחות גדולות לפיד 10,פריט,1.00,"ק""ג",false,,32.90,32.9000,true,1,104196
7290104858185,false,נרות חימום בפלסטיק 8,פאלאס,CN,נרות חימום בפלסטיק 8,Unknown,0.00,יחידה,false,,23.90,0.0000,true,1,89746
7290104858208,false,נרות חימום בפלסטיק 4,פאלאס,CN,נרות חימום בפלסטיק 4,Unknown,0.00,יחידה,false,,23.90,0.0000,true,1,89745
7290104858536,false,כוסות קינוח לפיד,FGM,CN,כוסות קינוח לפיד,Unknown,0.00,יחידה,false,,14.90,0.0000,true,1,90128
7290104858543,false,כוסות קינוח צורות לפ,FGM,CN,כוסות קינוח צורות לפ,Unknown,0.00,יחידה,false,,14.90,0.0000,true,1,90127
7290104858567,false,מפת אלבד מוטבע גליל,פאלאס,CN,מפת אלבד מוטבע גליל,Unknown,0.00,יחידה,false,,39.90,0.0000,true,1,90022
7290104858598,false,מפיות לבנות חד שכבתי,פאלאס,CN,מפיות לבנות חד שכבתי,Unknown,0.00,יחידה,false,,4.90,0.0000,true,1,90966
7290104858642,false,שקיות אשפה 75*90 לפי,רווח,CN,שקיות אשפה 75*90 לפי,Unknown,0.00,יחידה,false,,11.90,0.0000,true,1,89031
7290104858727,false,טישו קשת 5*140 יח,פאלאס,CN,טישו קשת 5*140 יח,Unknown,0.00,יחידה,false,,11.90,0.0000,true,1,92279
7290104859267,false,שקיות אוכל קשת 3*150,פאלאס,CN,שקיות אוכל קשת 3*150,Unknown,0.00,יחידה,false,,9.90,0.0000,true,1,90850
7290104859410,false,צלחות גדולות לפיד 1,פאלאס,CN,צלחות גדולות לפיד 1,Unknown,0.00,יחידה,false,,32.90,0.0000,true,1,92428
7290104859779,false,כוסות איכותיות 40 יח,פאלאס,CN,כוסות איכותיות 40 יח,Unknown,0.00,יחידה,false,,10.90,0.0000,true,1,95008
7290104859960,false,מארז 4 יח מגשי קריסט,פאלאס,CN,מארז 4 יח מגשי קריסט,Unknown,0.00,יחידה,false,,12.90,0.0000,true,1,94738
7290104859977,false,מארז 2 יח מגשי קריסט,פאלאס,CN,מארז 2 יח מגשי קריסט,Unknown,0.00,יחידה,false,,19.90,0.0000,true,1,94739
7290104859984,false,קערה ענקית בלו שיין,פאלאס,CN,קערה ענקית בלו שיין,Unknown,0.00,יחידה,false,,19.90,0.0000,true,1,94734
7290104859991,false,קערה גדולה בלו שיין,פאלאס,CN,קערה גדולה בלו שיין,Unknown,0.00,יחידה,false,,19.90,0.0000,true,1,94735
7290104960970,false,דאו ספריי טיטניום מט,אמיליה קוסמטיקס,IL,דאו ספריי טיטניום מט,מיליליטרים,180.00,"100 מ""ל",false,,14.90,8.2778,true,1,60765
7290104964756,false,מי פה תיאדנט ענבים ל,סנו,IL,מי פה תיאדנט ענבים ל,מיליליטרים,150.00,"100 מ""ל",false,,13.90,9.2667,true,1,99303
7290104965647,false,דאו רול און קרליין נ,אמיליה קוסמטיקס,IL,דאו רול און קרליין נ,Unknown,0.00,יחידה,false,,11.70,0.0000,true,1,111240
7290104965661,false,דאו ספריי קרליין נוש,אמיליה קוסמטיקס,IL,דאו ספריי קרליין נוש,מיליליטרים,200.00,"100 מ""ל",false,,11.70,5.8500,true,1,111239
7290105180186,false,בקבוק תינוק מעוצב אר,אריסטוקרט,,בקבוק תינוק מעוצב אר,Unknown,0.00,יחידה,false,,14.90,0.0000,true,1,56460
7290105180209,false,בקבוק צר לתינוק אריס,אריסטוקרט,IL,בקבוק צר לתינוק אריס,Unknown,0.00,יחידה,false,,16.90,0.0000,true,1,56459
7290105180216,false,פלסטר שקוף אריסטוקרט,אריסטוקרט,CN,פלסטר שקוף אריסטוקרט,Unknown,0.00,יחידה,false,,10.90,0.0000,true,1,61395
7290105180247,false,פלסטר מיקס אריסטוקרט,אריסטוקרט,CN,פלסטר מיקס אריסטוקרט,Unknown,0.00,יחידה,false,,10.90,0.0000,true,1,61393
7290105180322,false,בקבוק ספורט קלאסי אר,אריסטוקרט,,בקבוק ספורט קלאסי אר,Unknown,0.00,יחידה,false,,9.90,0.0000,true,1,63303
7290105180353,false,סכיני גילוח אריסטוקר,אריסטוקרט,CN,סכיני גילוח אריסטוקר,Unknown,0.00,יחידה,false,,7.90,0.0000,true,1,62983
7290105180360,false,מוצץ סיליקון קטן לתי,אריסטוקרט,,מוצץ סיליקון קטן לתי,Unknown,0.00,יחידה,false,,15.90,0.0000,true,1,66462
7290105180377,false,מוצץ סיליקון בינוני,אריסטוקרט,,מוצץ סיליקון בינוני,Unknown,0.00,יחידה,false,,15.90,0.0000,true,1,66460
7290105180384,false,מוצץ סיליקון גדול לת,אריסטוקרט,,מוצץ סיליקון גדול לת,Unknown,0.00,יחידה,false,,15.90,0.0000,true,1,66461
7290105180391,false,בקבוק צר מעוצב לתינו,אריסטוקרט,,בקבוק צר מעוצב לתינו,Unknown,0.00,יחידה,false,,18.90,0.0000,true,1,66458
7290105180407,false,בקבוק רחב לתינוק ארי,אריסטוקרט,,בקבוק רחב לתינוק ארי,Unknown,0.00,יחידה,false,,29.90,0.0000,true,1,66459
7290105180490,false,"טלק אריסטוקרט 200 מ""",אריסטוקרט,IL,"טלק אריסטוקרט 200 מ""",מיליליטרים,200.00,"100 מ""ל",false,,9.90,4.9500,true,1,111567
7290105181343,false,בקבוק צר אריסטוקרט 6,אריסטוקרט,TH,בקבוק צר אריסטוקרט 6,Unknown,0.00,יחידה,false,,24.90,0.0000,true,1,85214
7290105181367,false,מחזיקונים לעגלת תינו,אריסטוקרט,CN,מחזיקונים לעגלת תינו,Unknown,0.00,יחידה,false,,24.90,0.0000,true,1,97992
7290105181732,false,מוצצים סדרת מלכות אר,אריסטוקרט,IL,מוצצים סדרת מלכות אר,Unknown,0.00,יחידה,false,,19.90,0.0000,true,1,97995
7290105181855,false,ג'ל פטרוליאום טהור א,הרבל קוסמטיקס,IL,ג'ל פטרוליאום טהור א,מיליליטרים,100.00,"100 מ""ל",false,,7.90,7.9000,true,1,117980
7290105181954,false,מלבין טליתות ובגדי צ,BASF,DE,מלבין טליתות ובגדי צ,מיליליטרים,500.00,"100 מ""ל",false,,11.50,2.3000,true,1,102097
7290105182036,false,מברשת שיניים סיליקון,אריסטוקרט,CN,מברשת שיניים סיליקון,Unknown,0.00,יחידה,false,,11.90,0.0000,true,1,109743
7290105182050,false,"אצטון 250 מ""ל",גרינפארם ים המלח,IL,"אצטון 250 מ""ל",מיליליטרים,250.00,"100 מ""ל",false,,5.90,2.3600,true,1,111062
7290105182067,false,"אלכוהול 70% 250 מ""ל",אריסטוקרט,IL,"אלכוהול 70% 250 מ""ל",מיליליטרים,250.00,"100 מ""ל",false,,11.90,4.7600,true,1,111063
7290105182111,false,קיסמי שיניים דנטלים,אריסטוקרט,CN,קיסמי שיניים דנטלים,Unknown,0.00,יחידה,false,,14.90,0.0000,true,1,110502
7290105182128,false,מקלוני חוט דנטלי 200,אריסטוקרט,CN,מקלוני חוט דנטלי 200,Unknown,0.00,יחידה,false,,14.90,0.0000,true,1,110503
7290105182258,false,שפתון פטסטיק לריכוך,הרבל קוסמטיקס,IL,שפתון פטסטיק לריכוך,Unknown,0.00,יחידה,false,,14.90,0.0000,true,1,115623
7290105182265,false,מברשת ספינר לניקוי ב,אריסטוקרט,,מברשת ספינר לניקוי ב,Unknown,0.00,יחידה,false,,19.90,0.0000,true,1,118103
7290105360250,false,קפסולות עלית מס 9 למ,שטראוס קפה בי.וי,IL,קפסולות עלית מס 9 למ,Unknown,0.00,יחידה,false,,14.90,0.0000,true,1,69197
7290105360328,false,קפסולות עלית מס 10 ל,שטראוס קפה בי.וי,IL,קפסולות עלית מס 10 ל,Unknown,0.00,יחידה,false,,14.90,0.0000,true,1,69198
7290105360335,false,קפסולות עלית  מס 7 ל,שטראוס קפה בי.וי,,קפסולות עלית  מס 7 ל,Unknown,0.00,יחידה,false,,14.90,0.0000,true,1,69200
7290105362339,false,שמנת לבישול 15% יטבת,שטראוס,IL,שמנת לבישול 15% יטבת,מיליליטרים,250.00,"100 מ""ל",false,,7.60,3.0400,true,1,62036
7290105364678,false,משקה אקטיביה אפרסק 1,שטראוס,IL,משקה אקטיביה אפרסק 1,גרמים,250.00,100 גרם,false,,4.80,1.9200,true,1,106050
7290105366023,false,חציל בטעם כבד טעמי ה,שטראוס,IL,חציל בטעם כבד טעמי ה,גרמים,400.00,100 גרם,false,,14.90,3.7250,true,1,58838
7290105366047,false,טחינה לבנה טעמי השוק,שטראוס,IL,טחינה לבנה טעמי השוק,גרמים,400.00,100 גרם,false,,14.90,3.7250,true,1,59213
7290105366993,false,גבינת שמנת פלפל שיפק,שטראוס,IL,גבינת שמנת פלפל שיפק,גרמים,200.00,100 גרם,false,,10.40,5.2000,true,1,70351
7290105368331,false,מילקי תות 133 גרם,שטראוס,IL,מילקי תות 133 גרם,גרמים,133.00,100 גרם,false,,2.70,2.0301,true,1,62513
7290105368904,false,שמנת מתוקה להקצפה 32,שטראוס,IL,שמנת מתוקה להקצפה 32,מיליליטרים,250.00,"100 מ""ל",false,,6.90,2.7600,true,1,64066
7290105368928,false,שמנת חמוצה 9% יטבתה,שטראוס,IL,שמנת חמוצה 9% יטבתה,מיליליטרים,200.00,"100 מ""ל",false,,2.90,1.4500,true,1,62033
7290105369130,false,גבינת שמנת בצל ירוק,שטראוס גרופ,IL,גבינת שמנת בצל ירוק,גרמים,200.00,100 גרם,false,,10.40,5.2000,true,1,65492
7290105430441,false,תחליב פלמוליב סחלב ש,קולגייט פלמוליב,TR,תחליב פלמוליב סחלב ש,מיליליטרים,750.00,"100 מ""ל",false,,14.90,1.9867,true,1,66610
7290105430458,false,תחליב פלמוליב שקדים,קולגייט פלמוליב,TR,תחליב פלמוליב שקדים,מיליליטרים,750.00,"100 מ""ל",false,,14.90,1.9867,true,1,66611
7290105430496,false,דאו ספריי ספיד סטיק,קולגייט פלמוליב,BY,דאו ספריי ספיד סטיק,מיליליטרים,165.00,"100 מ""ל",false,,11.90,7.2121,true,1,67621
7290105431516,false,מארז חטיף פרי תמרים,,,מארז חטיף פרי תמרים,גרמים,125.00,100 גרם,false,,14.90,11.9200,true,1,71245
7290105433961,false,דאו ספריי ליידי ספיד,קולגייט פלמוליב,BY,דאו ספריי ליידי ספיד,מיליליטרים,150.00,"100 מ""ל",false,,11.90,7.9333,true,1,71925
7290105434029,false,דאו ספריי ספיד סטיק,קולגייט פלמוליב,BY,דאו ספריי ספיד סטיק,מיליליטרים,150.00,"100 מ""ל",false,,11.90,7.9333,true,1,82072
7290105434067,false,דאו ספיד סטיק אושן 8,קולגייט פלמוליב,BY,דאו ספיד סטיק אושן 8,גרמים,85.00,100 גרם,false,,16.90,19.8824,true,1,82764
7290105439499,false,מיונז מאסטר שף 480 ג,רמיה סי.וי. הולנד,NL,מיונז מאסטר שף 480 ג,גרמים,480.00,100 גרם,false,,8.90,1.8542,true,1,84578
7290105439581,false,חרדל דיזון צרפתי מאס,סאס קווינור,,חרדל דיזון צרפתי מאס,גרמים,370.00,100 גרם,false,,9.90,2.6757,true,1,84580
7290105691248,false,חטיפי טורטייה תירס 6,פרח תעשיות,IL,חטיפי טורטייה תירס 6,גרמים,60.00,100 גרם,false,,5.90,9.8333,true,1,64776
7290105691934,false,"קמח שמרים אסם 1 ק""ג",תחנת קמח המפרץ,IL,"קמח שמרים אסם 1 ק""ג",פריט,1.00,"ק""ג",false,,7.90,7.9000,true,1,64119
7290105693457,false,עוגת דמקה אסם 320 גר,אסם,IL,עוגת דמקה אסם 320 גר,גרמים,320.00,100 גרם,false,,10.90,3.4063,true,1,62373
7290105695024,false,פתיתים אורז עם אטריו,אסם,IL,פתיתים אורז עם אטריו,גרמים,500.00,100 גרם,false,,4.90,0.9800,true,1,65228
7290105695321,false,עוגת בראוניס פאדג אס,אסם,IL,עוגת בראוניס פאדג אס,גרמים,380.00,100 גרם,false,,14.90,3.9211,true,1,63564
7290105962331,false,סחוג תימני חריף זהבי,זהבי הכרם,IL,סחוג תימני חריף זהבי,גרמים,220.00,100 גרם,false,,9.90,4.5000,true,1,73519
7290105965738,false,משקה יוגורט תות בננה,שטראוס גרופ,IL,משקה יוגורט תות בננה,גרמים,267.00,100 גרם,false,,3.90,1.4607,true,1,82293
7290105968098,false,קולסלאו אחלה 500 גרם,שטראוס גרופ,IL,קולסלאו אחלה 500 גרם,גרמים,500.00,100 גרם,false,,14.90,2.9800,true,1,64369
7290105968654,false,רביולי בטטה שטראוס 4,שטראוס,IL,רביולי בטטה שטראוס 4,גרמים,400.00,100 גרם,false,,18.90,4.7250,true,1,65216
7290105968777,false,פריכיות אנרג'י תחתית,שטראוס,IL,פריכיות אנרג'י תחתית,גרמים,70.00,100 גרם,false,,6.90,9.8571,true,1,67702
7290106413740,false,עיגולי ביסקוויט עם ק,טופגם תעשיות ממתקים,IL,עיגולי ביסקוויט עם ק,פריט,1.00,"ק""ג",false,,26.90,26.9000,true,1,94157
7290106413924,false,מארז מקלות ביסקוויט,שאנטו קראנצי פרדי,CN,מארז מקלות ביסקוויט,גרמים,150.00,100 גרם,false,,9.90,6.6000,true,1,89107
7290106416918,false,שוקולד חלב ממולא קרם,,,"שוקולד חלב ממולא קרם תפוז 1 ק""ג",קילוגרמים,1.00,ליטר,false,1,39.90,39.9000,true,1,94156
7290106416925,false,שוקולד חלב ממולא קרם,,,"שוקולד חלב ממולא קרם קפה 1 ק""ג",קילוגרמים,1.00,ליטר,false,1,39.90,39.9000,true,1,94153
7290106520066,false,גלילי ופל רבע לשבע 1,הגביע מוצרי ופלים,IL,גלילי ופל רבע לשבע 1,גרמים,160.00,100 גרם,false,,9.90,6.1875,true,1,65194
7290106520288,false,דנונה WOW תות 150 גר,שטראוס,IL,דנונה WOW תות 150 גר,מיליליטרים,150.00,"100 מ""ל",false,,4.50,3.0000,true,1,84863
7290106520905,false,סלט טורקי טעמי השוק,שטראוס,IL,סלט טורקי טעמי השוק,גרמים,400.00,100 גרם,false,,14.90,3.7250,true,1,66099
7290106520912,false,שמנת לבישול 9% יטבתה,שטראוס,IL,שמנת לבישול 9% יטבתה,מיליליטרים,250.00,"100 מ""ל",false,,7.60,3.0400,true,1,67809
7290106521049,false,קוביות סלק טעמי השוק,שטראוס,IL,קוביות סלק טעמי השוק,גרמים,400.00,100 גרם,false,,14.90,3.7250,true,1,69796
7290106524439,false,"תפוציפס תפו""א אפוי 6",שטראוס,IL,"תפוציפס תפו""א אפוי 6",גרמים,60.00,100 גרם,false,,3.50,5.8333,true,1,94341
7290106525399,false,קפסולות עלית מס 06 ב,שטראוס קפה בי.וי,IL,קפסולות עלית מס 06 ב,Unknown,0.00,יחידה,false,,14.90,0.0000,true,1,89066
7290106525405,false,קפסולות עלית נטול מס,שטראוס קפה בי.וי,IL,קפסולות עלית נטול מס,גרמים,50.00,100 גרם,false,,14.90,29.8000,true,1,85499
7290106526822,false,פריכיות אנרג'י תחתית,שטראוס,IL,פריכיות אנרג'י תחתית,גרמים,80.00,100 גרם,false,,6.90,8.6250,true,1,74630
7290106527263,false,מארז תפוציפס כפול 16,שטראוס,IL,מארז תפוציפס כפול 16,גרמים,480.00,100 גרם,false,,23.90,4.9792,true,1,69951
7290106572027,false,לחמית חמישה דגנים 20,אסם,IL,לחמית חמישה דגנים 20,גרמים,200.00,100 גרם,false,,7.50,3.7500,true,1,65358
7290106572065,false,חטיפי טורטייה חמוץ מ,פרח תעשיות,IL,חטיפי טורטייה חמוץ מ,גרמים,60.00,100 גרם,false,,5.90,9.8333,true,1,65357
7290106573024,false,סירופ עסיס אננס דיאט,בית השיטה עסיס תעשיו,IL,סירופ עסיס אננס דיאט,קילוגרמים,1.00,ליטר,false,,14.90,14.9000,true,1,93648
7290106573598,false,חומוס לבנוני 400 גרם,,,חומוס לבנוני 400 גרם,גרמים,400.00,100 גרם,false,,10.90,2.7250,true,1,67849
7290106573628,false,חומוס עם טחינה צבר 4,צבר,IL,חומוס עם טחינה צבר 4,גרמים,400.00,100 גרם,false,,10.90,2.7250,true,1,67847
7290106574953,false,בייגלה שטוחים שומשום,אסם,IL,בייגלה שטוחים שומשום,גרמים,300.00,100 גרם,false,,7.90,2.6333,true,1,68593
7290106574977,false,בייגלה שטוחים מלח 30,אסם,IL,בייגלה שטוחים מלח 30,גרמים,300.00,100 גרם,false,,7.90,2.6333,true,1,68592
7290106575257,false,עוגת סופלה שוקולד אס,אסם,IL,עוגת סופלה שוקולד אס,גרמים,340.00,100 גרם,false,,10.90,3.2059,true,1,70119
7290106575431,false,עוגת סופלה שוקו וניל,אסם,IL,עוגת סופלה שוקו וניל,גרמים,340.00,100 גרם,false,,10.90,3.2059,true,1,70120
7290106576223,false,אפרופו שוקולד 50 גרם,אסם,IL,אפרופו שוקולד 50 גרם,גרמים,50.00,100 גרם,false,,4.50,9.0000,true,1,92926
7290106576537,false,חומוס מסעדה צבר 700,צבר,IL,חומוס מסעדה צבר 700,גרמים,700.00,100 גרם,false,,10.80,1.5429,true,1,70140
7290106576834,false,גלידה לה קרמריה פונט,גלידות נסטלה,IL,גלידה לה קרמריה פונט,קילוגרמים,1.40,ליטר,false,,16.90,12.0714,true,1,70919
7290106576919,false,שרבט לה קרמריה תות ל,גלידות נסטלה,IL,שרבט לה קרמריה תות ל,קילוגרמים,1.40,ליטר,false,,16.90,12.0714,true,1,70917
7290106576995,false,שרבט לה קרמריה תות מ,גלידות נסטלה,IL,שרבט לה קרמריה תות מ,קילוגרמים,1.40,ליטר,false,,16.90,12.0714,true,1,71327
7290106577039,false,גלידה לה קרמריה וניל,גלידות נסטלה,IL,גלידה לה קרמריה וניל,קילוגרמים,1.40,ליטר,false,,16.90,12.0714,true,1,70916
7290106577282,false,טחינה צבר 400 גרם,צבר,IL,טחינה צבר 400 גרם,גרמים,400.00,100 גרם,false,,10.90,2.7250,true,1,70128
7290106577572,false,מטבוחה צבר 400 גרם,צבר,IL,מטבוחה צבר 400 גרם,גרמים,400.00,100 גרם,false,,10.90,2.7250,true,1,70127
7290106578692,false,במבה ביסלי מיקס 80 ג,אסם,IL,במבה ביסלי מיקס 80 ג,גרמים,80.00,100 גרם,false,,3.90,4.8750,true,1,72054
7290106578821,false,עוגת שמרים שוקולד אס,אסם,IL,עוגת שמרים שוקולד אס,גרמים,350.00,100 גרם,false,,14.90,4.2571,true,1,71712
7290106660410,false,רביולי תרד וגבינה שט,שטראוס,IL,רביולי תרד וגבינה שט,גרמים,400.00,100 גרם,false,,18.90,4.7250,true,1,73715
7290106663091,false,לאבנה 9% שטראוס 500,בר תבור,IL,לאבנה 9% שטראוס 500,מיליליטרים,500.00,"100 מ""ל",false,,16.90,3.3800,true,1,82292
7290106663503,false,קונפיטורה תות לייט י,יד מרדכי,IL,קונפיטורה תות לייט י,גרמים,250.00,100 גרם,false,,11.90,4.7600,true,1,74913
7290106664067,false,לאבנה עם שמן זית וזע,בר תבור,IL,לאבנה עם שמן זית וזע,גרמים,400.00,100 גרם,false,,13.90,3.4750,true,1,83757
7290106664555,false,רוטב שמנת עגבניות 9%,שטראוס,IL,רוטב שמנת עגבניות 9%,מיליליטרים,250.00,"100 מ""ל",false,,9.80,3.9200,true,1,84044
7290106664562,false,רוטב שמנת פטריות 9%,שטראוס,IL,רוטב שמנת פטריות 9%,מיליליטרים,250.00,"100 מ""ל",false,,9.80,3.9200,true,1,76285
7290106666788,false,סוכריות ממולאות בטעם,שטראוס,IL,סוכריות ממולאות בטעם,גרמים,80.00,100 גרם,false,,4.90,6.1250,true,1,87585
7290106668713,false,דנונה פרי פירות יער,שטראוס גרופ,IL,דנונה פרי פירות יער,מיליליטרים,150.00,"100 מ""ל",false,,3.50,2.3333,true,1,82291
7290106669857,false,קפסולות עלית אספרסו,שטראוס קפה בי.וי,IL,קפסולות עלית אספרסו,גרמים,50.00,100 גרם,false,,14.90,29.8000,true,1,91228
7290106721913,false,מסטיק בזוקה צנצנת רי,שטראוס,IL,מסטיק בזוקה צנצנת רי,גרמים,66.00,100 גרם,false,,8.90,13.4848,true,1,83069
7290106721920,false,מסטיק ספירמינט צנצנת,שטראוס,IL,מסטיק ספירמינט צנצנת,גרמים,66.00,100 גרם,false,,8.90,13.4848,true,1,83068
7290106726178,false,דנונה WOW פירות יער,שטראוס,IL,דנונה WOW פירות יער,מיליליטרים,150.00,"100 מ""ל",false,,4.50,3.0000,true,1,83768
7290107021876,false,יין אלכסנדר רזרב גסט,אגדת,IL,יין אלכסנדר רזרב גסט,מיליליטרים,750.00,"100 מ""ל",false,,149.90,19.9867,true,1,107113
7290107280020,false,מטליות לחות סנו סושי,דינאמיק,IL,מטליות לחות סנו סושי,Unknown,0.00,יחידה,false,,14.90,0.0000,true,1,68875
7290107280341,false,מטליות לחות לרצפה בנ,סנו,IL,מטליות לחות לרצפה בנ,Unknown,0.00,יחידה,false,,11.70,0.0000,true,1,103638
7290107280563,false,גל אוקסיגן בייבי 3 ל,סנו,IL,גל אוקסיגן בייבי 3 ל,קילוגרמים,3.00,ליטר,false,,24.90,8.3000,true,1,74067
7290107280600,false,טבליות ספארק למדיח 1,סנו,IL,טבליות ספארק למדיח 1,פריט,2.00,"ק""ג",false,,47.90,23.9500,true,1,94029
7290107280655,false,אבקת מקסימה בייבי 3.,סנו,IL,אבקת מקסימה בייבי 3.,פריט,3.25,"ק""ג",false,,29.90,9.2000,true,1,74785
7290107280709,false,נוזל הברקה למדיח ספא,סנו,IL,נוזל הברקה למדיח ספא,מיליליטרים,700.00,"100 מ""ל",false,,11.90,1.7000,true,1,76292
7290107280716,false,"מלח למדיח ספארק 2 ק""",סנו,IL,"מלח למדיח ספארק 2 ק""",פריט,2.00,"ק""ג",false,,9.90,4.9500,true,1,76294
7290107280761,false,נוזל כלים ספארק + מש,סנו,IL,נוזל כלים ספארק + מש,קילוגרמים,1.00,ליטר,false,,9.90,9.9000,true,1,75243
7290107649605,false,שוקולד קליק קורנפלקס,יוניליוור,IL,שוקולד קליק קורנפלקס,גרמים,85.00,100 גרם,false,,4.90,5.7647,true,1,95923
7290107871532,false,קרחוני נסטלה בטעם מל,גלידות נסטלה,IL,קרחוני נסטלה בטעם מל,גרמים,800.00,100 גרם,false,,14.90,1.8625,true,1,75681
7290107871990,false,פסטה צינורות אסם 500,זארה,IL,פסטה צינורות אסם 500,גרמים,500.00,100 גרם,false,,4.90,0.9800,true,1,73381
7290107877619,false,מארז במבה במילוי נוג,אסם,IL,מארז במבה במילוי נוג,גרמים,150.00,100 גרם,false,,11.90,7.9333,true,1,84671
7290107879521,false,שלגוני לה פרוטה תות,גלידות נסטלה,IL,שלגוני לה פרוטה תות,גרמים,350.00,100 גרם,false,,17.90,5.1143,true,1,85527
7290107879569,false,שלגוני לה פרוטה מנגו,גלידות נסטלה,IL,שלגוני לה פרוטה מנגו,גרמים,350.00,100 גרם,false,,17.90,5.1143,true,1,85529
7290107930321,false,קונפיטורה דובדבן יד,יד מרדכי,IL,קונפיטורה דובדבן יד,גרמים,340.00,100 גרם,false,,12.90,3.7941,true,1,83064
7290107932080,false,חלב מועשר 3% יטבתה 1,שטראוס,IL,חלב מועשר 3% יטבתה 1,קילוגרמים,1.00,ליטר,false,,6.90,6.9000,true,1,88776
7290107932134,false,חלב מועשר 1% יטבתה 1,שטראוס,IL,חלב מועשר 1% יטבתה 1,קילוגרמים,1.00,ליטר,false,,6.90,6.9000,true,1,88778
7290107934473,false,מארז יוגורט אקטיביה,שטראוס,IL,מארז יוגורט אקטיביה,קילוגרמים,1.20,ליטר,false,,19.90,16.5833,true,1,83230
7290107937542,false,משקה אקטיביה תות 1.2,שטראוס,IL,משקה אקטיביה תות 1.2,גרמים,250.00,100 גרם,false,,4.80,1.9200,true,1,106051
7290107937627,false,מסטיק מאסט צנצנת מנט,שטראוס,IL,מסטיק מאסט צנצנת מנט,גרמים,58.00,100 גרם,false,,8.90,15.3448,true,1,88789
7290107937634,false,מסטיק מאסט צנצנת קוב,שטראוס,IL,מסטיק מאסט צנצנת קוב,גרמים,58.00,100 גרם,false,,8.90,15.3448,true,1,88788
7290107937641,false,מסטיק בזוקה קוביות צ,שטראוס,IL,מסטיק בזוקה קוביות צ,גרמים,58.00,100 גרם,false,,8.90,15.3448,true,1,88787
7290107937856,false,קפסולות עלית מס 11 ל,שטראוס קפה בי.וי,IL,קפסולות עלית מס 11 ל,גרמים,50.00,100 גרם,false,,14.90,29.8000,true,1,89065
7290107938396,false,אקטימל תות דנונה 8*1,שטראוס,IL,אקטימל תות דנונה 8*1,מיליליטרים,800.00,"100 מ""ל",false,,19.90,2.4875,true,1,98433
7290107940467,false,יוגורט אקטיביה 1.5%,שטראוס,IL,יוגורט אקטיביה 1.5%,מיליליטרים,200.00,"100 מ""ל",false,,3.70,1.8500,true,1,87636
7290107943369,false,שיבולת שועל ל.גלוטן,קוואקר אוטס קומפני,US,שיבולת שועל ל.גלוטן,גרמים,511.00,100 גרם,false,,16.90,3.3072,true,1,97188
7290107944243,false,ופל אפיפית בטעם שוקו,שטראוס,IL,ופל אפיפית בטעם שוקו,גרמים,200.00,100 גרם,false,,6.90,3.4500,true,1,110639
7290107944472,false,גבינת שמנת שום שמיר,שטראוס,IL,גבינת שמנת שום שמיר,גרמים,200.00,100 גרם,false,,10.40,5.2000,true,1,89406
7290107945165,false,קונפיטורה משמש יד מר,יד מרדכי,IL,קונפיטורה משמש יד מר,גרמים,340.00,100 גרם,false,,12.90,3.7941,true,1,91134
7290107950190,false,מעדן דיאט שוקולד מרי,שטראוס,IL,מעדן דיאט שוקולד מרי,מיליליטרים,130.00,"100 מ""ל",false,,3.20,2.4615,true,1,88769
7290107950206,false,מעדן דיאט שוקולד 0%,שטראוס,IL,מעדן דיאט שוקולד 0%,מיליליטרים,130.00,"100 מ""ל",false,,3.20,2.4615,true,1,88770
7290107951104,false,בפלות שוקולד 200 גרם,שטראוס,,בפלות שוקולד 200 גרם,גרמים,200.00,100 גרם,false,,3.90,1.9500,true,1,89075
7290107951111,false,בפלות לימון 200 גרם,שטראוס,IL,בפלות לימון 200 גרם,גרמים,200.00,100 גרם,false,,3.90,1.9500,true,1,89073
7290107953559,false,קפה טורקי לדרך 24 יח,שטראוס קפה בי.וי,IL,קפה טורקי לדרך 24 יח,גרמים,168.00,100 גרם,false,,16.90,10.0595,true,1,103337
7290107956642,false,תרסיס שמן זית יד מרד,יד מרדכי,IL,תרסיס שמן זית יד מרד,מיליליטרים,150.00,"100 מ""ל",false,,14.90,9.9333,true,1,109461
7290107956710,false,מארז מילקי מיני שוקו,שטראוס,IL,מארז מילקי מיני שוקו,פריט,1.12,"ק""ג",false,,19.90,17.7679,true,1,91309
7290107956925,false,קפסולות עלית מס 13 א,שטראוס קפה בי.וי,IL,קפסולות עלית מס 13 א,גרמים,50.00,100 גרם,false,,14.90,29.8000,true,1,97205
7290107956932,false,קפסולות עלית מס 12 ל,שטראוס קפה בי.וי,IL,קפסולות עלית מס 12 ל,גרמים,50.00,100 גרם,false,,14.90,29.8000,true,1,94178
7290107956963,false,מארז דנונה פרי תות 1,שטראוס גרופ,IL,מארז דנונה פרי תות 1,פריט,1.20,"ק""ג",false,,17.90,14.9167,true,1,92615
7290107958035,false,מארז דנונה במתיקות 8,שטראוס,IL,מארז דנונה במתיקות 8,פריט,1.20,"ק""ג",false,,17.90,14.9167,true,1,93716
7290107970020,false,תרסיס אגקס חלונות 3*,קולגייט פלמוליב,BY,תרסיס אגקס חלונות 3*,קילוגרמים,2.25,ליטר,false,,24.90,11.0667,true,1,81906
7290107971720,false,משחת קולגייט טריפל א,קולגייט פלמוליב,PL,משחת קולגייט טריפל א,גרמים,450.00,100 גרם,false,,24.90,5.5333,true,1,84419
7290107971751,false,מי פה קולגייט טוטאל,קולגייט פלמוליב,PL,מי פה קולגייט טוטאל,מיליליטרים,500.00,"100 מ""ל",false,,14.90,2.9800,true,1,115898
7290107972307,false,משחת קולגייט אופטיק,קולגייט פלמוליב,PL,משחת קולגייט אופטיק,גרמים,75.00,100 גרם,false,,22.90,30.5333,true,1,110258
7290107973861,false,מארז עגבניות קצוצות,INTENTO,IT,מארז עגבניות קצוצות,פריט,1.20,"ק""ג",false,,15.90,13.2500,true,1,89448
7290107974301,false,דאו גל ליידי ספיד סט,קולגייט פלמוליב,BY,דאו גל ליידי ספיד סט,גרמים,65.00,100 גרם,false,,16.90,26.0000,true,1,96866
7290107975346,false,דאו גל ספיד סטיק כח,קולגייט פלמוליב,BY,דאו גל ספיד סטיק כח,Unknown,0.00,יחידה,false,,16.90,0.0000,true,1,96871
7290107975360,false,דאו גל ליידי ספיד סט,קולגייט פלמוליב,BY,דאו גל ליידי ספיד סט,Unknown,0.00,יחידה,false,,16.90,0.0000,true,1,96865
7290107975544,false,משחת קולגייט ילדים ב,קולגייט פלמוליב,PL,משחת קולגייט ילדים ב,מיליליטרים,50.00,"100 מ""ל",false,,11.90,23.8000,true,1,97148
7290107976848,false,סבון מוצק פלמוליב קמ,קולגייט פלמוליב,,סבון מוצק פלמוליב קמ,גרמים,360.00,100 גרם,false,,14.90,4.1389,true,1,95805
7290107977456,false,ג'ל רחצה פלמוליב לגב,קולגייט פלמוליב,TR,ג'ל רחצה פלמוליב לגב,מיליליטרים,750.00,"100 מ""ל",false,,14.90,1.9867,true,1,103041
7290107978132,false,מברשת קולגייט זיג זג,קולגייט פלמוליב,PL,מברשת קולגייט זיג זג,Unknown,0.00,יחידה,false,,17.90,0.0000,true,1,106052
7290108197129,false,"כהל 95% 500 מ""ל כשל""",ישראליקר,IL,"כהל 95% 500 מ""ל כשל""",מיליליטרים,500.00,"100 מ""ל",false,,74.90,14.9800,true,1,99621
7290108350531,false,נוזל כלים ספארק + מש,סנו,IL,נוזל כלים ספארק + מש,קילוגרמים,1.00,ליטר,false,,9.90,9.9000,true,1,81938
7290108350548,false,נוזל כלים ספארק + מש,סנו,IL,נוזל כלים ספארק + מש,קילוגרמים,1.00,ליטר,false,,9.90,9.9000,true,1,81939
7290108350616,false,מרכך מקסימה סופר מרו,סנו,IL,מרכך מקסימה סופר מרו,קילוגרמים,1.00,ליטר,false,,14.90,14.9000,true,1,86384
7290108350623,false,מרכך מקסימה סופר מרו,סנו,IL,מרכך מקסימה סופר מרו,קילוגרמים,1.00,ליטר,false,,14.90,14.9000,true,1,86383
7290108351507,false,מרכך מקסימה אינספריי,סנו,IL,מרכך מקסימה אינספריי,קילוגרמים,4.00,ליטר,false,,19.80,4.9500,true,1,89540
7290108351514,false,מרכך מקסימה בלוסום 4,סנו,IL,מרכך מקסימה בלוסום 4,קילוגרמים,4.00,ליטר,false,,19.80,4.9500,true,1,89539
7290108351521,false,גל מקסימה מאסק 5 ליט,סנו,IL,גל מקסימה מאסק 5 ליט,קילוגרמים,5.00,ליטר,false,,34.90,6.9800,true,1,94109
7290108351613,false,ריצפז פרש הום מלון ח,סנו,IL,ריצפז פרש הום מלון ח,קילוגרמים,2.00,ליטר,false,,17.90,8.9500,true,1,91224
7290108351675,false,גל מקסימה מיקס אנד ו,סנו,IL,גל מקסימה מיקס אנד ו,קילוגרמים,5.00,ליטר,false,,34.90,6.9800,true,1,118613
7290108351804,false,מרכך מקסימה סופר מרו,סנו,IL,מרכך מקסימה סופר מרו,קילוגרמים,1.00,ליטר,false,,14.90,14.9000,true,1,102074
7290108351811,false,מרכך מקסימה סופר מרו,סנו,IL,מרכך מקסימה סופר מרו,קילוגרמים,1.00,ליטר,false,,14.90,14.9000,true,1,102075
7290108351835,false,מרכך מקסימה פלורל 4,סנו,IL,מרכך מקסימה פלורל 4,קילוגרמים,4.00,ליטר,false,,19.80,4.9500,true,1,103414
7290108352047,false,מברשת אורביטול לחניכ,סנו,IL,מברשת אורביטול לחניכ,Unknown,0.00,יחידה,false,,18.90,0.0000,true,1,117369
7290108352054,false,מברשת אורביטול סיבים,סנו,IL,מברשת אורביטול סיבים,Unknown,0.00,יחידה,false,,18.90,0.0000,true,1,117370
7290108352115,false,סבון אסלה סנובון ז'א,סנו,IL,סבון אסלה סנובון ז'א,גרמים,165.00,100 גרם,false,,9.90,6.0000,true,1,103845
7290108352146,false,סנובון ג'ל מגנוליה ו,סנו,IL,סנובון ג'ל מגנוליה ו,מיליליטרים,750.00,"100 מ""ל",false,,8.90,1.1867,true,1,105747
7290108352153,false,סנובון ג'ל לוטוס וסח,סנו,IL,סנובון ג'ל לוטוס וסח,מיליליטרים,750.00,"100 מ""ל",false,,8.90,1.1867,true,1,105745
7290108352207,false,קפסולות ג'ל מקסימה פ,סנו,IL,קפסולות ג'ל מקסימה פ,Unknown,0.00,יחידה,false,,28.90,0.0000,true,1,105748
7290108352214,false,קפסולות ג'ל מקסימה ב,סנו,IL,קפסולות ג'ל מקסימה ב,Unknown,0.00,יחידה,false,,28.90,0.0000,true,1,105749
7290108352252,false,נוזל כלים ספארק לחיט,סנו,IL,נוזל כלים ספארק לחיט,קילוגרמים,1.00,ליטר,false,,9.90,9.9000,true,1,107363
7290108352337,false,מבשם אויר סנו פרש או,סנו,IL,מבשם אויר סנו פרש או,מיליליטרים,250.00,"100 מ""ל",false,,11.90,4.7600,true,1,117381
7290108352344,false,מבשם אויר סנו פרש או,סנו,IL,מבשם אויר סנו פרש או,מיליליטרים,250.00,"100 מ""ל",false,,11.90,4.7600,true,1,117382
7290108352399,false,ריצפז פרש הום בניחוח,סנו,IL,ריצפז פרש הום בניחוח,קילוגרמים,2.00,ליטר,false,,17.90,8.9500,true,1,115892
7290108352498,false,סנו פרש מכשיר אוטומט,סנו,IL,סנו פרש מכשיר אוטומט,Unknown,0.00,יחידה,false,,39.90,0.0000,true,1,117379
7290108352511,false,מקסימה ניקוי וחיטוי,סנו,IL,מקסימה ניקוי וחיטוי,מיליליטרים,500.00,"100 מ""ל",false,,11.90,2.3800,true,1,111246
7290108352535,false,דפי בישום לחים מקסימ,,IL,דפי בישום לחים מקסימ,Unknown,0.00,יחידה,false,,11.90,0.0000,true,1,117371
7290108352566,false,מרכך מקסימה ג'וי 4 ל,סנו,IL,מרכך מקסימה ג'וי 4 ל,קילוגרמים,4.00,ליטר,false,,19.80,4.9500,true,1,115895
7290108352573,false,מרכך מקסימה קאלם 4 ל,סנו,IL,מרכך מקסימה קאלם 4 ל,קילוגרמים,4.00,ליטר,false,,19.80,4.9500,true,1,117368
7290108352672,false,מטליות רצפה מיקרופיי,סנו,IL,מטליות רצפה מיקרופיי,Unknown,0.00,יחידה,false,,19.90,0.0000,true,1,91728
7290108352689,false,כריות קרצוף סנו סושי,סנו,IL,כריות קרצוף סנו סושי,Unknown,0.00,יחידה,false,,9.90,0.0000,true,1,86425
7290108352696,false,ניילון נצמד סנו סושי,FV HK,IL,ניילון נצמד סנו סושי,מטרים,100.00,מטר,false,,29.90,0.2990,true,1,98469
7290108352825,false,ספוג הפלא נירוסטה סנ,U F O,IL,ספוג הפלא נירוסטה סנ,Unknown,0.00,יחידה,false,,9.90,0.0000,true,1,96856
7290108353532,false,שקיות אשפה עם שרוך 5,סנו,IL,שקיות אשפה עם שרוך 5,Unknown,0.00,יחידה,false,,29.90,0.0000,true,1,103642
7290108353747,false,תחליב קרמה + משאבה א,קוסמופארם,IL,תחליב קרמה + משאבה א,מיליליטרים,600.00,"100 מ""ל",false,,16.50,2.7500,true,1,118403
7290108353761,false,תחליב קרמה + משאבה ז,קוסמופארם,IL,תחליב קרמה + משאבה ז,מיליליטרים,600.00,"100 מ""ל",false,,16.50,2.7500,true,1,118404
7290108353815,false,תחליב קרמה + משאבה מ,קוסמופארם,IL,תחליב קרמה + משאבה מ,מיליליטרים,600.00,"100 מ""ל",false,,16.50,2.7500,true,1,118405
7290108353891,false,דאו רול און קרמה מאס,סנו,IL,דאו רול און קרמה מאס,מיליליטרים,75.00,"100 מ""ל",false,,11.90,15.8667,true,1,107394
7290108353907,false,דאו רול און קרמה קלא,סנו,IL,דאו רול און קרמה קלא,מיליליטרים,75.00,"100 מ""ל",false,,11.90,15.8667,true,1,107395
7290108353983,false,קרם גוף קרמה קלאסי 5,קוסמופארם,IL,קרם גוף קרמה קלאסי 5,מיליליטרים,500.00,"100 מ""ל",false,,19.90,3.9800,true,1,107387
7290108353990,false,קרם גוף קרמה מאסק 50,קוסמופארם,IL,קרם גוף קרמה מאסק 50,מיליליטרים,500.00,"100 מ""ל",false,,19.90,3.9800,true,1,107388
7290108354270,false,מרכך מקסימה סופר מרו,סנו,IL,מרכך מקסימה סופר מרו,קילוגרמים,1.00,ליטר,false,,14.90,14.9000,true,1,115896
7290108354416,false,תחליב קרמה + משאבה י,קוסמופארם,IL,תחליב קרמה + משאבה י,מיליליטרים,600.00,"100 מ""ל",false,,16.50,2.7500,true,1,118406
7290108354430,false,שמפו כיף שמן קוקוס ו,סנו,IL,שמפו כיף שמן קוקוס ו,מיליליטרים,700.00,"100 מ""ל",false,,9.90,1.4143,true,1,109396
7290108354492,false,שמפו קרליין 10 ארגן,סנו,IL,שמפו קרליין 10 ארגן,מיליליטרים,700.00,"100 מ""ל",false,,10.90,1.5571,true,1,118793
7290108354614,false,מרכך נקה 7  ביו 750,אמיליה קוסמטיקס,IL,מרכך נקה 7  ביו 750,מיליליטרים,750.00,"100 מ""ל",false,,9.90,1.3200,true,1,117367
7290108354850,false,דאו רול און קרמה ברי,סנו,IL,דאו רול און קרמה ברי,מיליליטרים,75.00,"100 מ""ל",false,,11.90,15.8667,true,1,107396
7290108355161,false,מרכך נקה 7 שמני הזנה,אמיליה קוסמטיקס,IL,מרכך נקה 7 שמני הזנה,מיליליטרים,750.00,"100 מ""ל",false,,9.90,1.3200,true,1,96858
7290108355451,false,דאו רול און קרמה ורד,סנו,IL,דאו רול און קרמה ורד,מיליליטרים,75.00,"100 מ""ל",false,,11.90,15.8667,true,1,107397
7290108356106,false,תחליב רחצה כיף חלב ש,סנו,IL,תחליב רחצה כיף חלב ש,מיליליטרים,700.00,"100 מ""ל",false,,9.90,1.4143,true,1,97704
7290108356113,false,תחליב רחצה כיף חלב ו,סנו,IL,תחליב רחצה כיף חלב ו,מיליליטרים,700.00,"100 מ""ל",false,,9.90,1.4143,true,1,97705
7290108356120,false,תחליב רחצה כיף קוקוס,סנו,IL,תחליב רחצה כיף קוקוס,מיליליטרים,700.00,"100 מ""ל",false,,9.90,1.4143,true,1,97707
7290108356151,false,תחליב רחצה כיף מאסק,סנו,IL,תחליב רחצה כיף מאסק,מיליליטרים,700.00,"100 מ""ל",false,,9.90,1.4143,true,1,97703
7290108356168,false,תחליב רחצה כיף אוקיי,סנו,IL,תחליב רחצה כיף אוקיי,מיליליטרים,700.00,"100 מ""ל",false,,9.90,1.4143,true,1,97708
7290108356489,false,תחליב רחצה כיף אפרסק,סנו,IL,תחליב רחצה כיף אפרסק,מיליליטרים,700.00,"100 מ""ל",false,,9.90,1.4143,true,1,117374
7290108356519,false,שמפו קרליין 10 פרוטא,סנו,IL,שמפו קרליין 10 פרוטא,מיליליטרים,700.00,"100 מ""ל",false,,10.90,1.5571,true,1,118789
7290108356526,false,שמפו קרליין 10 פרוטא,סנו,IL,שמפו קרליין 10 פרוטא,מיליליטרים,700.00,"100 מ""ל",false,,10.90,1.5571,true,1,118790
7290108356533,false,שמפו קרליין 10 פרוטא,סנו,IL,שמפו קרליין 10 פרוטא,מיליליטרים,700.00,"100 מ""ל",false,,10.90,1.5571,true,1,118791
7290108356540,false,שמפו קרליין 10 פרוטא,סנו,IL,שמפו קרליין 10 פרוטא,מיליליטרים,700.00,"100 מ""ל",false,,10.90,1.5571,true,1,118794
7290108356564,false,מרכך קרליין 10 פרוטא,סנו,IL,מרכך קרליין 10 פרוטא,מיליליטרים,700.00,"100 מ""ל",false,,10.90,1.5571,true,1,118796
7290108356571,false,מרכך קרליין 10 פרוטא,סנו,IL,מרכך קרליין 10 פרוטא,מיליליטרים,700.00,"100 מ""ל",false,,10.90,1.5571,true,1,118797
7290108356595,false,מרכך קרליין 10 פרוטא,סנו,IL,מרכך קרליין 10 פרוטא,מיליליטרים,700.00,"100 מ""ל",false,,10.90,1.5571,true,1,118799
7290108356854,false,מגבונים בייבי כיף 5*,סנו,IL,מגבונים בייבי כיף 5*,Unknown,0.00,יחידה,false,,16.90,0.0000,true,1,113178
7290108356861,false,מגבונים בייבי כיף 5*,סנו,IL,מגבונים בייבי כיף 5*,Unknown,0.00,יחידה,false,,16.90,0.0000,true,1,113187
7290108357004,false,שמפו כיף ורד ושמן קו,סנו,IL,שמפו כיף ורד ושמן קו,מיליליטרים,700.00,"100 מ""ל",false,,9.90,1.4143,true,1,105741
7290108357189,false,תרסיס מקסימה למייבש,סנו,IL,תרסיס מקסימה למייבש,מיליליטרים,750.00,"100 מ""ל",false,,14.90,1.9867,true,1,105743
7290108357202,false,תרסיס סנוקליר בלו בל,סנו,IL,תרסיס סנוקליר בלו בל,קילוגרמים,1.00,ליטר,false,,8.90,8.9000,true,1,109398
7290108357226,false,אבקת אוקסיג'ן לכביסה,,IL,אבקת אוקסיג'ן לכביסה,פריט,1.40,"ק""ג",false,,27.90,19.9286,true,1,117375
7290108357240,false,אבקת אוקסיג'ן לכביסה,,IL,אבקת אוקסיג'ן לכביסה,פריט,1.40,"ק""ג",false,,27.90,19.9286,true,1,117376
7290108357257,false,סנו פרש מכשיר אוטומט,סנו,IL,סנו פרש מכשיר אוטומט,Unknown,0.00,יחידה,false,,39.90,0.0000,true,1,117380
7290108357271,false,סנובון ג'ל אוקסיג'ן,סנו,IL,סנובון ג'ל אוקסיג'ן,מיליליטרים,750.00,"100 מ""ל",false,,8.90,1.1867,true,1,117372
7290108357295,false,תרסיס אוקסיגן לכביסה,סנו,IL,תרסיס אוקסיגן לכביסה,מיליליטרים,750.00,"100 מ""ל",false,,14.90,1.9867,true,1,117373
7290108357394,false,תחליב קרמה חלב ודבש,קוסמופארם,IL,תחליב קרמה חלב ודבש,מיליליטרים,700.00,"100 מ""ל",false,,16.50,2.3571,true,1,111242
7290108357417,false,קרם גוף קרמה ורד וני,קוסמופארם,IL,קרם גוף קרמה ורד וני,מיליליטרים,500.00,"100 מ""ל",false,,19.90,3.9800,true,1,107392
7290108357851,false,ג'ל רחצה כיף מועשר ב,סנו,IL,ג'ל רחצה כיף מועשר ב,מיליליטרים,700.00,"100 מ""ל",false,,9.90,1.4143,true,1,115890
7290108357868,false,ג'ל רחצה כיף מועשר ב,סנו,IL,ג'ל רחצה כיף מועשר ב,מיליליטרים,700.00,"100 מ""ל",false,,9.90,1.4143,true,1,115891
7290108358070,false,תחליב קרמה קלאסי 700,קוסמופארם,IL,תחליב קרמה קלאסי 700,מיליליטרים,700.00,"100 מ""ל",false,,16.50,2.3571,true,1,111244
7290108358087,false,תחליב קרמה מאסק 700,קוסמופארם,IL,תחליב קרמה מאסק 700,מיליליטרים,700.00,"100 מ""ל",false,,16.50,2.3571,true,1,111245
7290108358100,false,מקלות ריחניים סנו פר,סנו,IL,מקלות ריחניים סנו פר,מיליליטרים,100.00,"100 מ""ל",false,,19.90,19.9000,true,1,115887
7290108358117,false,מקלות ריחניים סנו פר,סנו,IL,מקלות ריחניים סנו פר,מיליליטרים,100.00,"100 מ""ל",false,,19.90,19.9000,true,1,115888
7290108358124,false,דפי בישום לחים מקסימ,,IL,דפי בישום לחים מקסימ,Unknown,0.00,יחידה,false,,11.90,0.0000,true,1,118402
7290108359060,false,כריות ניקוי לשבת סנו,סנו,IL,כריות ניקוי לשבת סנו,Unknown,0.00,יחידה,false,,9.90,0.0000,true,1,113180
7290108359824,false,קרם גוף בייבי כיף 50,סנו,IL,קרם גוף בייבי כיף 50,מיליליטרים,500.00,"100 מ""ל",false,,19.90,3.9800,true,1,97639
7290108359831,false,שמן לתינוק בייבי כיף,סנו,IL,שמן לתינוק בייבי כיף,מיליליטרים,500.00,"100 מ""ל",false,,19.90,3.9800,true,1,97634
7290108359848,false,שמפו בייבי כיף אל דמ,סנו,IL,שמפו בייבי כיף אל דמ,קילוגרמים,1.00,ליטר,false,,17.90,17.9000,true,1,97632
7290108359862,false,אל סבון בייבי כיף 1,סנו,IL,אל סבון בייבי כיף 1,קילוגרמים,1.00,ליטר,false,,17.90,17.9000,true,1,97633
7290108359886,false,תחליב רחצה בייבי כיף,סנו,IL,תחליב רחצה בייבי כיף,קילוגרמים,1.00,ליטר,false,,17.90,17.9000,true,1,97631
7290108359985,false,תרסיס ניקוי סנו גאוו,סנו,IL,תרסיס ניקוי סנו גאוו,קילוגרמים,1.00,ליטר,false,,13.90,13.9000,true,1,115894
7290108500677,false,כבד דג שיבוט וילי פו,ניולאט פוד,IT,כבד דג שיבוט וילי פו,גרמים,120.00,100 גרם,false,,8.90,7.4167,true,1,110823
7290108502305,false,גבינת גרנה פדנו משול,זנאטי,GR,גבינת גרנה פדנו משול,גרמים,150.00,100 גרם,false,,16.90,11.2667,true,1,103190
7290108502510,false,קרקר קלאסי טבעי וילי,קולוסי אס פי איי,IT,קרקר קלאסי טבעי וילי,גרמים,500.00,100 גרם,false,,9.90,1.9800,true,1,97357
7290108502527,false,קרקר במליחות מעודנת,קולוסי אס פי איי,IT,קרקר במליחות מעודנת,גרמים,500.00,100 גרם,false,,9.90,1.9800,true,1,97358
7290108503067,false,פרמזנו משולש ויליפוד,וילי פוד,IL,פרמזנו משולש ויליפוד,גרמים,150.00,100 גרם,false,,13.90,9.2667,true,1,118614
7290108503159,false,גבינת כחולה 31% יורו,אלפסטור,ES,גבינת כחולה 31% יורו,גרמים,100.00,100 גרם,false,,9.90,9.9000,true,1,103189
7290108503647,false,אורז בסמטי דאווט 1 ק,lt foods,IN,אורז בסמטי דאווט 1 ק,פריט,1.00,"ק""ג",false,,11.90,11.9000,true,1,99930
7290108503975,false,קנלוני פסטה איטליאנה,פוד טאק,IT,קנלוני פסטה איטליאנה,גרמים,250.00,100 גרם,false,,6.90,2.7600,true,1,105436
7290108505153,false,יוגורט יווני בטעם טב,דלתא,GR,יוגורט יווני בטעם טב,גרמים,150.00,100 גרם,false,,4.80,3.2000,true,1,107652
7290108505177,false,יוגורט יווני עם אננס,דלתא,GR,יוגורט יווני עם אננס,גרמים,150.00,100 גרם,false,,4.80,3.2000,true,1,107645
7290108505184,false,יוגורט יווני עם קוקו,דלתא,GR,יוגורט יווני עם קוקו,גרמים,150.00,100 גרם,false,,4.80,3.2000,true,1,107646
7290108505191,false,יוגורט יווני עם פצפו,דלתא,GR,יוגורט יווני עם פצפו,גרמים,150.00,100 גרם,false,,4.80,3.2000,true,1,107647
7290108505214,false,יוגורט יווני עם אפרס,דלתא,GR,יוגורט יווני עם אפרס,גרמים,150.00,100 גרם,false,,4.80,3.2000,true,1,107648
7290108505719,false,גבינת מוצרלה מגורדת,אונטד גידה,TR,גבינת מוצרלה מגורדת,גרמים,200.00,100 גרם,false,,12.90,6.4500,true,1,116742
7290108505726,false,אצבעות גבינה 25% יור,אונטד גידה,TR,אצבעות גבינה 25% יור,גרמים,200.00,100 גרם,false,,12.90,6.4500,true,1,116743
7290108505733,false,צמות גבינה חצי קשה 2,אונטד גידה,TR,צמות גבינה חצי קשה 2,גרמים,200.00,100 גרם,false,,12.90,6.4500,true,1,116744
7290108505740,false,גבינת קשקבל 25% יורו,אונטד גידה,TR,גבינת קשקבל 25% יורו,גרמים,200.00,100 גרם,false,,12.90,6.4500,true,1,116745
7290108507058,false,ביסקוויט פריך בשוקול,מודרן צוקולטה,TR,ביסקוויט פריך בשוקול,מיליליטרים,100.00,"100 מ""ל",false,,6.90,6.9000,true,1,114541
7290108507645,false,ביסקוויט פריך בשוקול,מודרן צוקולטה,TR,ביסקוויט פריך בשוקול,מיליליטרים,100.00,"100 מ""ל",false,,6.90,6.9000,true,1,114543
7290108507652,false,ביסקוויט פריך בשוקול,מודרן צוקולטה,TR,ביסקוויט פריך בשוקול,מיליליטרים,100.00,"100 מ""ל",false,,6.90,6.9000,true,1,114542
7290108508369,false,שערות גבינה חצי קשה,אונטד גידה,TR,שערות גבינה חצי קשה,גרמים,200.00,100 גרם,false,,12.90,6.4500,true,1,117099
7290108508499,false,משקה איירן יוגורט בס,אקר,TR,משקה איירן יוגורט בס,מיליליטרים,293.00,"100 מ""ל",false,,4.90,1.6724,true,1,110577
7290108508765,false,פתיתים קונכיות ויליפ,גדיה,TR,פתיתים קונכיות ויליפ,גרמים,400.00,100 גרם,false,,4.90,1.2250,true,1,113382
7290108508772,false,פתיתים קונכיות תרד ו,גדיה,TR,פתיתים קונכיות תרד ו,גרמים,400.00,100 גרם,false,,4.90,1.2250,true,1,113383
7290108508963,false,גבינת קשקבל מגורדת 2,אונטד גידה,TR,גבינת קשקבל מגורדת 2,גרמים,200.00,100 גרם,false,,12.90,6.4500,true,1,116746
7290108620009,false,יין קראון בלנד אדום,יקבי ציון,IL,יין קראון בלנד אדום,קילוגרמים,1.00,ליטר,false,,119.90,119.9000,true,1,114947
7290108620054,false,יין אסטייט קברנה סוב,יקבי ציון,IL,יין אסטייט קברנה סוב,מיליליטרים,750.00,"100 מ""ל",false,,39.90,5.3200,true,1,106907
7290108620108,false,יין אימפריאל קברנה ס,יקבי ציון,IL,יין אימפריאל קברנה ס,מיליליטרים,700.00,"100 מ""ל",false,,29.90,4.2714,true,1,106903
7290108620115,false,יין אימפריאל מרלו,יקבי ציון,IL,יין אימפריאל מרלו,מיליליטרים,750.00,"100 מ""ל",false,,29.90,3.9867,true,1,106904
7290108620153,false,יין אסטייט קברנה סמי,יקבי ציון,IL,יין אסטייט קברנה סמי,מיליליטרים,750.00,"100 מ""ל",false,,34.90,4.6533,true,1,106911
7290108620177,false,יין פאלאס בלנד אדום,יקבי ציון,IL,יין פאלאס בלנד אדום,מיליליטרים,750.00,"100 מ""ל",false,,24.90,3.3200,true,1,106905
7290108620207,false,יין אימפריאל ריזלינג,יקבי ציון,IL,יין אימפריאל ריזלינג,מיליליטרים,700.00,"100 מ""ל",false,,29.90,4.2714,true,1,106914
7290108620245,false,מיץ ענבים תירוש לבן,יקבי ציון,IL,מיץ ענבים תירוש לבן,קילוגרמים,1.00,ליטר,false,,16.90,16.9000,true,1,114948
7290108620351,false,יין גן עדן מוסקט המב,יקבי ציון,IL,יין גן עדן מוסקט המב,מיליליטרים,750.00,"100 מ""ל",false,,19.90,2.6533,true,1,114945
7290108620368,false,יין גן עדן מוסקט אלכ,יקבי ציון,IL,יין גן עדן מוסקט אלכ,מיליליטרים,750.00,"100 מ""ל",false,,19.90,2.6533,true,1,114946
7290108621105,false,יין 1848 לימיטד אדיש,,IL,יין 1848 לימיטד אדיש,מיליליטרים,750.00,"100 מ""ל",false,,159.90,21.3200,true,1,108439
7290109351025,false,חומוסטחינה צבר 400 ג,צבר,IL,חומוסטחינה צבר 400 ג,גרמים,400.00,100 גרם,false,,11.90,2.9750,true,1,84057
7290109351971,false,פריכיות דגנים מצופות,אסם,IL,פריכיות דגנים מצופות,גרמים,84.00,100 גרם,false,,11.90,14.1667,true,1,95583
7290109352916,false,פריכיות דגנים מצופות,אסם,IL,פריכיות דגנים מצופות,גרמים,84.00,100 גרם,false,,11.90,14.1667,true,1,95582
7290109354057,false,שלגוני לה פרוטה תפוז,גלידות נסטלה,IL,שלגוני לה פרוטה תפוז,גרמים,350.00,100 גרם,false,,17.90,5.1143,true,1,87759
7290109354101,false,לחמית ל.גלוטן אסם 20,אסם,IL,לחמית ל.גלוטן אסם 20,גרמים,200.00,100 גרם,false,,6.90,3.4500,true,1,91557
7290109354972,false,פתיבר וניל ל.גלוטן א,אסם,IL,פתיבר וניל ל.גלוטן א,גרמים,200.00,100 גרם,false,,6.90,3.4500,true,1,91495
7290109358482,false,עוגיות קרמוגית במילו,אסם,IL,עוגיות קרמוגית במילו,גרמים,200.00,100 גרם,false,,7.90,3.9500,true,1,99183
7290109358765,false,דגני בוקר קראנצ רולס,אסם,IL,דגני בוקר קראנצ רולס,גרמים,450.00,100 גרם,false,,19.90,4.4222,true,1,90892
7290109580043,false,שניצל תירס זוגלובק 1,זוגלובק,IL,שניצל תירס זוגלובק 1,פריט,1.75,"ק""ג",false,,49.90,28.5143,true,1,107829
7290109580241,false,נאגטס שניצלונים מן ה,זוגלובק,IL,נאגטס שניצלונים מן ה,גרמים,500.00,100 גרם,false,,21.90,4.3800,true,1,117310
7290109580258,false,מארז חרמון כפרית וסל,זוגלובק,IL,מארז חרמון כפרית וסל,גרמים,600.00,100 גרם,false,,25.90,4.3167,true,1,117311
7290109580302,false,מארז תה מעושן וחרמון,זוגלובק,IL,מארז תה מעושן וחרמון,גרמים,700.00,100 גרם,false,,25.90,3.7000,true,1,118043
7290109580357,false,מארז חרמון וברביקיו,זוגלובק,IL,מארז חרמון וברביקיו,גרמים,600.00,100 גרם,false,,25.90,4.3167,true,1,118045
7290110000479,false,פריכיות אורז ללא מלח,בטר אנד דיפרנט,IL,פריכיות אורז ללא מלח,גרמים,210.00,100 גרם,false,,7.90,3.7619,true,1,97830
7290110000486,false,פריכיות אורז עם כוסמ,בטר אנד דיפרנט,IL,פריכיות אורז עם כוסמ,גרמים,210.00,100 גרם,false,,7.90,3.7619,true,1,97831
7290110000493,false,חמאת בוטנים קראנצ'י,בטר אנד דיפרנט,IL,חמאת בוטנים קראנצ'י,גרמים,350.00,100 גרם,false,,13.90,3.9714,true,1,104321
7290110001315,false,מיכל חלבי 2 ליטר 4 י,בטר אנד דיפרנט,IL,מיכל חלבי 2 ליטר 4 י,Unknown,0.00,יחידה,false,,14.90,0.0000,true,1,112225
7290110001612,false,ממתיק צמחי אריתריטול,בטר אנד דיפרנט,IL,ממתיק צמחי אריתריטול,פריט,1.00,"ק""ג",false,,39.90,39.9000,true,1,115639
7290110001995,false,מארז 4 קופסאות אחסון,בטר אנד דיפרנט,IL,מארז 4 קופסאות אחסון,Unknown,0.00,יחידה,false,,11.90,0.0000,true,1,119004
7290110002008,false,מארז 4 קופסאות אחסון,בטר אנד דיפרנט,IL,מארז 4 קופסאות אחסון,Unknown,0.00,יחידה,false,,11.90,0.0000,true,1,119005
7290110002206,false,שמן קוקוס מזוכך ב.ד.,בטר אנד דיפרנט,IL,שמן קוקוס מזוכך ב.ד.,מיליליטרים,500.00,"100 מ""ל",false,,19.90,3.9800,true,1,116362
7290110110277,false,סיידר תפוחים סומרסבי,קרלסברג יבוא יצוא,RO,סיידר תפוחים סומרסבי,קילוגרמים,1.98,ליטר,false,,27.90,14.0909,true,1,111659
7290110110369,false,מארז בירה קרלסברג לו,קרלסברג ישראל,IL,מארז בירה קרלסברג לו,קילוגרמים,1.98,ליטר,false,,32.90,16.6162,true,1,107416
7290110110703,false,"מארז ספרייט 6*330 מ""",קוקה קולה,IL,"מארז ספרייט 6*330 מ""",קילוגרמים,1.98,ליטר,false,,21.90,11.0606,true,1,95291
7290110111809,false,מארז פאנטה אורנג 6*3,קוקה קולה,IL,מארז פאנטה אורנג 6*3,קילוגרמים,1.98,ליטר,false,,21.90,11.0606,true,1,100033
7290110113377,false,מארז קוקה קולה 4*1 ל,קוקה קולה,IL,מארז קוקה קולה 4*1 ל,קילוגרמים,4.00,ליטר,false,,21.90,5.4750,true,1,117735
7290110113384,false,מארז קוקה קולה זירו,קוקה קולה,IL,מארז קוקה קולה זירו,קילוגרמים,4.00,ליטר,false,,21.90,5.4750,true,1,117736
7290110114787,false,נביעות מים בטעם תפוח,נביעות,IL,נביעות מים בטעם תפוח,קילוגרמים,1.50,ליטר,false,,7.90,5.2667,true,1,113892
7290110114794,false,נביעות מים בטעם אפרס,נביעות,IL,נביעות מים בטעם אפרס,קילוגרמים,1.50,ליטר,false,,7.90,5.2667,true,1,113893
7290110114800,false,נביעות מים בטעם ענבי,נביעות,IL,נביעות מים בטעם ענבי,קילוגרמים,1.50,ליטר,false,,7.90,5.2667,true,1,113894
7290110114855,false,מים נביעות 6*1.5 ליט,נביעות,IL,מים נביעות 6*1.5 ליט,קילוגרמים,9.00,ליטר,false,,11.90,1.3222,true,1,113896
7290110114954,false,מיץ תפוזים מתקתק פרי,גת,IL,מיץ תפוזים מתקתק פרי,קילוגרמים,2.00,ליטר,false,,19.90,9.9500,true,1,113878
7290110114961,false,פריגת תפוזים 1.5 ליט,פריגת,IL,פריגת תפוזים 1.5 ליט,קילוגרמים,1.50,ליטר,false,,8.30,5.5333,true,1,113897
7290110114985,false,פריגת אשכוליות 1.5 ל,פריגת,IL,פריגת אשכוליות 1.5 ל,קילוגרמים,1.50,ליטר,false,,8.30,5.5333,true,1,113899
7290110114992,false,פריגת אשכוליות דיאט,פריגת,IL,פריגת אשכוליות דיאט,קילוגרמים,1.50,ליטר,false,,7.80,5.2000,true,1,113900
7290110115005,false,פריגת ענבים 1.5 ליטר,פריגת,IL,פריגת ענבים 1.5 ליטר,קילוגרמים,1.50,ליטר,false,,8.30,5.5333,true,1,113901
7290110115036,false,פריגת מנגו 1.5 ליטר,פריגת,IL,פריגת מנגו 1.5 ליטר,קילוגרמים,1.50,ליטר,false,,8.30,5.5333,true,1,113904
7290110115043,false,פריגת לימונענע 1.5 ל,פריגת,IL,פריגת לימונענע 1.5 ל,קילוגרמים,1.50,ליטר,false,,8.30,5.5333,true,1,113905
7290110115050,false,פריגת מיקס תות בננה,פריגת,IL,פריגת מיקס תות בננה,קילוגרמים,1.50,ליטר,false,,8.30,5.5333,true,1,113906
7290110115081,false,פריגת צלול ענבים 1.5,פריגת,IL,פריגת צלול ענבים 1.5,קילוגרמים,1.50,ליטר,false,,8.20,5.4667,true,1,113910
7290110115104,false,פריגת צלול אפרסק 1.5,פריגת,IL,פריגת צלול אפרסק 1.5,קילוגרמים,1.50,ליטר,false,,8.20,5.4667,true,1,113911
7290110115111,false,פריגת צלול אננס 1.5,פריגת,IL,פריגת צלול אננס 1.5,קילוגרמים,1.50,ליטר,false,,8.20,5.4667,true,1,113912
7290110115128,false,פריגת צלול לימונענע,פריגת,IL,פריגת צלול לימונענע,קילוגרמים,1.50,ליטר,false,,8.20,5.4667,true,1,113913
7290110115180,false,מים נביעות 1.5 ליטר,נביעות,IL,מים נביעות 1.5 ליטר,קילוגרמים,1.50,ליטר,false,,2.90,1.9333,true,1,114360
7290110115203,false,קוקה קולה 1.5 ליטר,קוקה קולה,IL,קוקה קולה 1.5 ליטר,קילוגרמים,1.50,ליטר,false,,8.90,5.9333,true,1,113914
7290110115227,false,קוקה קולה זירו 1.5 ל,קוקה קולה,IL,קוקה קולה זירו 1.5 ל,קילוגרמים,1.50,ליטר,false,,7.80,5.2000,true,1,113916
7290110115234,false,קוקה קולה זירו נטול,החברה המרכזית לייצור,IL,קוקה קולה זירו נטול,קילוגרמים,1.50,ליטר,false,,7.80,5.2000,true,1,113917
7290110115241,false,קוקה קולה זירו לימון,החברה המרכזית לייצור,IL,קוקה קולה זירו לימון,קילוגרמים,1.50,ליטר,false,,7.80,5.2000,true,1,113918
7290110115258,false,קוקה קולה זירו מנגו,החברה המרכזית לייצור,IL,קוקה קולה זירו מנגו,קילוגרמים,1.50,ליטר,false,,7.80,5.2000,true,1,113919
7290110115265,false,ספרייט למון ליים 1.5,החברה המרכזית לייצור,IL,ספרייט למון ליים 1.5,קילוגרמים,1.50,ליטר,false,,8.90,5.9333,true,1,113922
7290110115272,false,ספרייט זירו 1.5 ליטר,החברה המרכזית לייצור,IL,ספרייט זירו 1.5 ליטר,קילוגרמים,1.50,ליטר,false,,7.80,5.2000,true,1,113925
7290110115289,false,ספרייט לימון נענע 1.,קוקה קולה,IL,ספרייט לימון נענע 1.,קילוגרמים,1.50,ליטר,false,,7.80,5.2000,true,1,113926
7290110115296,false,פאנטה אורנג 1.5 ליטר,קוקה קולה,IL,פאנטה אורנג 1.5 ליטר,קילוגרמים,1.50,ליטר,false,,8.20,5.4667,true,1,113927
7290110115302,false,פאנטה אורנג זירו 1.5,קוקה קולה,IL,פאנטה אורנג זירו 1.5,קילוגרמים,1.50,ליטר,false,,8.20,5.4667,true,1,113928
7290110115319,false,פאנטה אקזוטיק 1.5 לי,קוקה קולה,IL,פאנטה אקזוטיק 1.5 לי,קילוגרמים,1.50,ליטר,false,,8.20,5.4667,true,1,113932
7290110115340,false,פאנטה ענבים 1.5 ליטר,קוקה קולה,IL,פאנטה ענבים 1.5 ליטר,קילוגרמים,1.50,ליטר,false,,8.20,5.4667,true,1,113935
7290110115364,false,מארז קוקה קולה 6*1.5,קוקה קולה,IL,מארז קוקה קולה 6*1.5,קילוגרמים,9.00,ליטר,false,,49.90,5.5444,true,1,113920
7290110115388,false,מארז ספרייט ליים 6*1,קוקה קולה,IL,מארז ספרייט ליים 6*1,קילוגרמים,9.00,ליטר,false,,44.90,4.9889,true,1,113929
7290110115395,false,מארז ספרייט זירו 6*1,החברה המרכזית לייצור,IL,מארז ספרייט זירו 6*1,קילוגרמים,9.00,ליטר,false,,42.90,4.7667,true,1,113930
7290110115401,false,מארז סודה קינלי 6 *1,קוקה קולה,IL,מארז סודה קינלי 6 *1,קילוגרמים,9.00,ליטר,false,,14.90,1.6556,true,1,113936
7290110115418,false,מארז קוקה קולה זירו,קוקה קולה,IL,מארז קוקה קולה זירו,קילוגרמים,9.00,ליטר,false,,46.90,5.2111,true,1,113921
7290110115425,false,פיוז תה ירוק לימון נ,FUZE TEA,IL,פיוז תה ירוק לימון נ,קילוגרמים,1.50,ליטר,false,,8.90,5.9333,true,1,113938
7290110115449,false,פיוז תה אננס 1.5 ליט,FUZE TEA,IL,פיוז תה אננס 1.5 ליט,קילוגרמים,1.50,ליטר,false,,8.50,5.6667,true,1,113939
7290110115456,false,פיוז תה אפרסק מופחת,FUZE TEA,IL,פיוז תה אפרסק מופחת,קילוגרמים,1.50,ליטר,false,,8.90,5.9333,true,1,113940
7290110115463,false,פיוז תה אפרסק 1.5 לי,FUZE TEA,IL,פיוז תה אפרסק 1.5 לי,קילוגרמים,1.50,ליטר,false,,8.50,5.6667,true,1,113941
7290110115494,false,פיוז תה ענבים 1.5 לי,FUZE TEA,IL,פיוז תה ענבים 1.5 לי,קילוגרמים,1.50,ליטר,false,,8.50,5.6667,true,1,113944
7290110115579,false,מארז פאנטה אורנג 4*1,קוקה קולה,IL,מארז פאנטה אורנג 4*1,קילוגרמים,6.00,ליטר,false,,33.50,5.5833,true,1,113937
7290110115586,false,פריגת תפוזים 40% פחו,פריגת,IL,פריגת תפוזים 40% פחו,קילוגרמים,1.50,ליטר,false,,7.80,5.2000,true,1,113907
7290110115593,false,פריגת אשכוליות 40% פ,פריגת,IL,פריגת אשכוליות 40% פ,קילוגרמים,1.50,ליטר,false,,7.80,5.2000,true,1,113908
7290110115616,false,פיוז תה זירו גרין אנ,FUZE TEA,IL,פיוז תה זירו גרין אנ,קילוגרמים,1.50,ליטר,false,,8.90,5.9333,true,1,114793
7290110115623,false,פיוז תה זירו אפרסק 1,FUZE TEA,IL,פיוז תה זירו אפרסק 1,קילוגרמים,1.50,ליטר,false,,8.90,5.9333,true,1,114794
7290110116064,false,פאנטה אננס מנגו זירו,קוקה קולה,IL,פאנטה אננס מנגו זירו,קילוגרמים,1.50,ליטר,false,,8.20,5.4667,true,1,118042
7290110116125,false,סירופ בטעם פטל במתיק,סירופ גבעת חיים,IL,סירופ בטעם פטל במתיק,מיליליטרים,750.00,"100 מ""ל",false,,21.90,2.9200,true,1,118109
7290110116132,false,סירופ בטעם לימון פרי,סירופ גבעת חיים,IL,סירופ בטעם לימון פרי,מיליליטרים,750.00,"100 מ""ל",false,,21.90,2.9200,true,1,118110
7290110116149,false,סירופ בטעם ענבים במת,סירופ גבעת חיים,IL,סירופ בטעם ענבים במת,מיליליטרים,750.00,"100 מ""ל",false,,21.90,2.9200,true,1,118111
7290110116194,false,נביעות 0 קלוריות מים,נביעות,IL,נביעות 0 קלוריות מים,קילוגרמים,1.50,ליטר,false,,7.90,5.2667,true,1,118143
7290110116217,false,נביעות 0 קלוריות מים,נביעות,IL,נביעות 0 קלוריות מים,קילוגרמים,1.50,ליטר,false,,7.90,5.2667,true,1,118146
7290110116385,false,קולה זירו מרשמלו 330,קוקה קולה,IL,קולה זירו מרשמלו 330,מיליליטרים,330.00,"100 מ""ל",false,,4.90,1.4848,true,1,117928
7290110116392,false,סירופ בטעם תפוזים פר,סירופ גבעת חיים,IL,סירופ בטעם תפוזים פר,מיליליטרים,750.00,"100 מ""ל",false,,21.90,2.9200,true,1,118112
7290110116552,false,ספרייט למון היט 1.5,החברה המרכזית לייצור,IL,ספרייט למון היט 1.5,קילוגרמים,1.50,ליטר,false,,8.90,5.9333,true,1,118961
7290110116569,false,ספרייט זירו לימון הי,החברה המרכזית לייצור,IL,ספרייט זירו לימון הי,קילוגרמים,1.50,ליטר,false,,8.90,5.9333,true,1,118959
7290110320683,false,משקה יוגורט תות יופל,תנובה מרכז שיתופי לש,IL,משקה יוגורט תות יופל,גרמים,800.00,100 גרם,false,,15.90,1.9875,true,1,92546
7290110320867,false,גבינה מגורדת עמק 500,תנובה מרכז שיתופי לש,IL,גבינה מגורדת עמק 500,גרמים,500.00,100 גרם,false,,28.90,5.7800,true,1,93421
7290110320935,false,גבינת מוצרלה פרוסות,תנובה מרכז שיתופי לש,IL,גבינת מוצרלה פרוסות,גרמים,150.00,100 גרם,false,,15.90,10.6000,true,1,93423
7290110321277,false,קוטג בקטנה  5% תנובה,תנובה מרכז שיתופי לש,IL,קוטג בקטנה  5% תנובה,גרמים,100.00,100 גרם,false,,2.50,2.5000,true,1,110264
7290110321284,false,קוטג בקטנה  9% תנובה,תנובה מרכז שיתופי לש,IL,קוטג בקטנה  9% תנובה,גרמים,100.00,100 גרם,false,,2.50,2.5000,true,1,110265
7290110322014,false,טופו בטעם טבעי אלטרנ,תנובה,IL,טופו בטעם טבעי אלטרנ,גרמים,300.00,100 גרם,false,,10.90,3.6333,true,1,108422
7290110322021,false,טופו בטעם בזיליקום א,תנובה,IL,טופו בטעם בזיליקום א,גרמים,300.00,100 גרם,false,,10.90,3.6333,true,1,108424
7290110322038,false,טופו פיקנטי אלטרנטיב,תנובה,IL,טופו פיקנטי אלטרנטיב,גרמים,300.00,100 גרם,false,,10.90,3.6333,true,1,108425
7290110323714,false,משקה קוקוס שקדים אלט,סוי מגיק,IL,משקה קוקוס שקדים אלט,קילוגרמים,1.00,ליטר,false,,11.60,11.6000,true,1,99040
7290110323998,false,מארז קרלו מיני עם קצ,תנובה מרכז שיתופי לש,IL,מארז קרלו מיני עם קצ,גרמים,616.00,100 גרם,false,,11.90,1.9318,true,1,111935
7290110324070,false,גבינת חלומי 30% פירא,תנובה,IL,גבינת חלומי 30% פירא,גרמים,200.00,100 גרם,false,,17.90,8.9500,true,1,111008
7290110324551,false,מארז יופלה טיוב תות,תנובה,IL,מארז יופלה טיוב תות,גרמים,348.00,100 גרם,false,,11.90,3.4195,true,1,100218
7290110324711,false,ממרח סויה בטעם טבעי,תנובה,IL,ממרח סויה בטעם טבעי,גרמים,250.00,100 גרם,false,,7.90,3.1600,true,1,102963
7290110324728,false,ממרח סויה עם שום שמי,תנובה,IL,ממרח סויה עם שום שמי,גרמים,250.00,100 גרם,false,,7.90,3.1600,true,1,102965
7290110324841,false,מעדן שקדים שוקולד מר,תנובה,IL,מעדן שקדים שוקולד מר,גרמים,125.00,100 גרם,false,,3.90,3.1200,true,1,103470
7290110324858,false,מעדן שקדים אגוזי לוז,תנובה,IL,מעדן שקדים אגוזי לוז,גרמים,125.00,100 גרם,false,,3.90,3.1200,true,1,103471
7290110324926,false,משקה סויה ללא תוספת,תנובה מרכז שיתופי לש,IL,משקה סויה ללא תוספת,קילוגרמים,1.00,ליטר,false,,9.90,9.9000,true,1,103094
7290110325169,false,פרוסות גאודה תנובה 1,תנובה,IL,פרוסות גאודה תנובה 1,גרמים,170.00,100 גרם,false,,16.90,9.9412,true,1,105347
7290110325510,false,מארז יופלה טיוב וניל,תנובה,IL,מארז יופלה טיוב וניל,גרמים,348.00,100 גרם,false,,11.90,3.4195,true,1,103612
7290110325619,false,משקה שיבולת שועל אלט,תנובה מרכז שיתופי לש,IL,משקה שיבולת שועל אלט,קילוגרמים,1.00,ליטר,false,,11.60,11.6000,true,1,103709
7290110325893,false,משקה GO אייס קפה 27,תנובה מרכז שיתופי לש,IL,משקה GO אייס קפה 27,מיליליטרים,340.00,"100 מ""ל",false,,6.90,2.0294,true,1,106466
7290110326210,false,יופלה און טופ פצפוצי,תנובה מרכז שיתופי לש,IL,יופלה און טופ פצפוצי,גרמים,157.00,100 גרם,false,,4.70,2.9936,true,1,105350
7290110326227,false,יופלה און טופ קורנפל,תנובה מרכז שיתופי לש,IL,יופלה און טופ קורנפל,גרמים,157.00,100 גרם,false,,4.70,2.9936,true,1,105353
7290110326234,false,יופלה און טופ כוכבים,תנובה מרכז שיתופי לש,IL,יופלה און טופ כוכבים,גרמים,157.00,100 גרם,false,,4.70,2.9936,true,1,105351
7290110327033,false,משקה סויה מועשר בחלב,דגי תנובה,IL,משקה סויה מועשר בחלב,קילוגרמים,1.00,ליטר,false,,11.60,11.6000,true,1,107308
7290110327514,false,משקה שיבולת שועל בטע,תנובה מרכז שיתופי לש,IL,משקה שיבולת שועל בטע,קילוגרמים,1.00,ליטר,false,,11.60,11.6000,true,1,114434
7290110327545,false,יופלה און טופ תות ופ,תנובה מרכז שיתופי לש,IL,יופלה און טופ תות ופ,גרמים,157.00,100 גרם,false,,4.70,2.9936,true,1,109112
7290110328016,false,משקה סויה מועשר בטעם,תנובה מרכז שיתופי לש,IL,משקה סויה מועשר בטעם,מיליליטרים,250.00,"100 מ""ל",false,,5.90,2.3600,true,1,110389
7290110328627,false,יוגורט גו יופלה סמיך,תנובה מרכז שיתופי לש,IL,יוגורט גו יופלה סמיך,גרמים,200.00,100 גרם,false,,5.50,2.7500,true,1,112012
7290110328641,false,טופו טבעי אלטרנטיב 2,תנובה,IL,טופו טבעי אלטרנטיב 2,גרמים,500.00,100 גרם,false,,16.90,3.3800,true,1,117639
7290110328764,false,יוגורט גו יופלה סמיך,תנובה מרכז שיתופי לש,IL,יוגורט גו יופלה סמיך,גרמים,200.00,100 גרם,false,,5.50,2.7500,true,1,112013
7290110328771,false,יוגורט גו יופלה סמיך,תנובה מרכז שיתופי לש,IL,יוגורט גו יופלה סמיך,גרמים,200.00,100 גרם,false,,5.50,2.7500,true,1,112014
7290110328788,false,יוגורט גו יופלה סמיך,תנובה מרכז שיתופי לש,IL,יוגורט גו יופלה סמיך,גרמים,200.00,100 גרם,false,,5.50,2.7500,true,1,112015
7290110329303,false,פרוסות צהובה קלאסית,תנובה,IL,פרוסות צהובה קלאסית,גרמים,200.00,100 גרם,false,,19.90,9.9500,true,1,117637
7290110329686,false,משקה GO בטעם עוגיות,תנובה מרכז שיתופי לש,IL,משקה GO בטעם עוגיות,מיליליטרים,340.00,"100 מ""ל",false,,6.90,2.0294,true,1,117638
7290110329716,false,משקה קפה קר בטעם קפו,תנובה מרכז שיתופי לש,IL,משקה קפה קר בטעם קפו,מיליליטרים,230.00,"100 מ""ל",false,,6.90,3.0000,true,1,116963
7290110329723,false,משקה קפה קר בטעם לאט,תנובה מרכז שיתופי לש,IL,משקה קפה קר בטעם לאט,מיליליטרים,230.00,"100 מ""ל",false,,6.90,3.0000,true,1,116964
7290110329730,false,משקה קפה קר בטעם לאט,תנובה מרכז שיתופי לש,IL,משקה קפה קר בטעם לאט,מיליליטרים,230.00,"100 מ""ל",false,,6.90,3.0000,true,1,116965
7290110329792,false,מעדן סויה ביו אפרסק,תנובה,IL,מעדן סויה ביו אפרסק,גרמים,150.00,100 גרם,false,,4.40,2.9333,true,1,114811
7290110329808,false,מעדן סויה ביו תות אל,תנובה,IL,מעדן סויה ביו תות אל,גרמים,150.00,100 גרם,false,,4.40,2.9333,true,1,114812
7290110329815,false,מעדן סויה ביו מתיקות,תנובה,IL,מעדן סויה ביו מתיקות,גרמים,150.00,100 גרם,false,,4.40,2.9333,true,1,114813
7290110329822,false,מעדן סויה ביו פירות,תנובה,IL,מעדן סויה ביו פירות,גרמים,150.00,100 גרם,false,,4.40,2.9333,true,1,114814
7290110329839,false,פרוסות צהובה בטעם זי,תנובה,IL,פרוסות צהובה בטעם זי,גרמים,200.00,100 גרם,false,,19.90,9.9500,true,1,117629
7290110329846,false,מעדן סויה ביו טבעי א,תנובה,IL,מעדן סויה ביו טבעי א,גרמים,150.00,100 גרם,false,,4.40,2.9333,true,1,114810
7290110329914,false,משקה ביו שיבולת שועל,תנובה מרכז שיתופי לש,IL,משקה ביו שיבולת שועל,מיליליטרים,600.00,"100 מ""ל",false,,17.90,2.9833,true,1,117684
7290110550226,false,מטבעות שוקולד מריר ל,שטראוס,IL,מטבעות שוקולד מריר ל,גרמים,400.00,100 גרם,false,,24.90,6.2250,true,1,116774
7290110552121,false,דנונה היוגורט הראשון,תנובה מרכז שיתופי לש,IL,דנונה היוגורט הראשון,גרמים,100.00,100 גרם,false,,2.20,2.2000,true,1,116827
7290110552220,false,דנונה פרו 20 תות ללא,שטראוס,IL,דנונה פרו 20 תות ללא,גרמים,200.00,100 גרם,false,,5.90,2.9500,true,1,114727
7290110552237,false,דנונה פרו 20 אפרסק ו,שטראוס,IL,דנונה פרו 20 אפרסק ו,גרמים,200.00,100 גרם,false,,5.90,2.9500,true,1,114728
7290110554422,false,רוטב עגבניות ופלפלים,אימילאנה,IT,רוטב עגבניות ופלפלים,גרמים,350.00,100 גרם,false,,10.80,3.0857,true,1,117997
7290110554583,false,מארז צ'יטוס בטעם גבי,שטראוס,IL,מארז צ'יטוס בטעם גבי,גרמים,200.00,100 גרם,false,,11.50,5.7500,true,1,114897
7290110554729,false,קפסולות עלית מס 04 ל,שטראוס קפה בי.וי,IL,קפסולות עלית מס 04 ל,Unknown,0.00,יחידה,false,,14.90,0.0000,true,1,116580
7290110554798,false,פולי קפה ארומטיים בק,שטראוס קפה בי.וי,IL,פולי קפה ארומטיים בק,גרמים,250.00,100 גרם,false,,19.90,7.9600,true,1,119020
7290110555009,false,מחית עגבניות פסאטה י,אימילאנה,IT,מחית עגבניות פסאטה י,גרמים,700.00,100 גרם,false,,11.90,1.7000,true,1,117689
7290110555306,false,גלילי ופל רבע לשבע ס,שטראוס גרופ,IL,גלילי ופל רבע לשבע ס,גרמים,125.00,100 גרם,false,,9.90,7.9200,true,1,117359
7290110556242,false,שוקולד פרה מריר 100,עלית,IL,שוקולד פרה מריר 100,גרמים,100.00,100 גרם,false,,5.90,5.9000,true,1,118161
7290110557027,false,חומוס עשיר ב50% טחינ,שטראוס,IL,חומוס עשיר ב50% טחינ,גרמים,400.00,100 גרם,false,,12.90,3.2250,true,1,114427
7290110557102,false,מעדן חלב עם שוקולד פ,שטראוס,IL,מעדן חלב עם שוקולד פ,גרמים,150.00,100 גרם,false,,4.90,3.2667,true,1,113387
7290110557133,false,מעדן הגולן וניל 125,שטראוס,IL,מעדן הגולן וניל 125,מיליליטרים,125.00,"100 מ""ל",false,,2.80,2.2400,true,1,113721
7290110557317,false,דנונה היוגורט הראשון,תנובה מרכז שיתופי לש,IL,דנונה היוגורט הראשון,גרמים,100.00,100 גרם,false,,2.20,2.2000,true,1,116828
7290110557478,false,חומוס גלילי אחלה 600,שטראוס,IL,חומוס גלילי אחלה 600,גרמים,600.00,100 גרם,false,,11.90,1.9833,true,1,115720
7290110558154,false,דנונה לייט אנד פרי ב,שטראוס,IL,דנונה לייט אנד פרי ב,גרמים,150.00,100 גרם,false,,4.50,3.0000,true,1,117693
7290110558222,false,דנונה WOW עם שכבה בט,שטראוס,IL,דנונה WOW עם שכבה בט,מיליליטרים,150.00,"100 מ""ל",false,,4.50,3.0000,true,1,117695
7290110558239,false,דנונה WOW עם שכבה בט,שטראוס,IL,דנונה WOW עם שכבה בט,מיליליטרים,150.00,"100 מ""ל",false,,4.50,3.0000,true,1,117696
7290110558253,false,משקה דנונה ריפרש בננ,שטראוס גרופ,IL,משקה דנונה ריפרש בננ,גרמים,250.00,100 גרם,false,,4.90,1.9600,true,1,117204
7290110558314,false,דנונה פרו 20 בטעם פי,שטראוס,IL,דנונה פרו 20 בטעם פי,גרמים,200.00,100 גרם,false,,5.90,2.9500,true,1,117692
7290110558666,false,דניאלה בטעם תפוח 88,שטראוס,IL,דניאלה בטעם תפוח 88,גרמים,88.00,100 גרם,false,,3.90,4.4318,true,1,118688
7290110559748,false,מאגדת ריל אנרג'י שקד,ואמואליס פודס,GR,מאגדת ריל אנרג'י שקד,גרמים,105.00,100 גרם,false,,14.90,14.1905,true,1,117364
7290110559755,false,מאגדת ריל אנרג'י בוט,ואמואליס פודס,GR,מאגדת ריל אנרג'י בוט,גרמים,105.00,100 גרם,false,,14.90,14.1905,true,1,117365
7290110559762,false,מאגדת ריל אנרג'י אגו,ואמואליס פודס,GR,מאגדת ריל אנרג'י אגו,גרמים,105.00,100 גרם,false,,14.90,14.1905,true,1,117363
7290110560300,false,פריכיות אנרג'י משולש,פרח תעשיות,IL,פריכיות אנרג'י משולש,גרמים,30.00,100 גרם,false,,4.90,16.3333,true,1,107349
7290110560317,false,פריכיות אנרג'י משולש,פרח תעשיות,IL,פריכיות אנרג'י משולש,גרמים,30.00,100 גרם,false,,4.90,16.3333,true,1,107350
7290110560324,false,פריכיות אנרג'י משולש,פרח תעשיות,IL,פריכיות אנרג'י משולש,גרמים,30.00,100 גרם,false,,4.90,16.3333,true,1,107351
7290110561352,false,דנונה דל לקטוז בתוספ,שטראוס גרופ,IL,דנונה דל לקטוז בתוספ,גרמים,200.00,100 גרם,false,,3.90,1.9500,true,1,112267
7290110561604,false,מארז גמדים תות בננה,שטראוס,IL,מארז גמדים תות בננה,גרמים,800.00,100 גרם,false,,17.90,2.2375,true,1,95083
7290110563462,false,חלב מועשר נטול לקטוז,שטראוס,IL,חלב מועשר נטול לקטוז,קילוגרמים,1.00,ליטר,false,,7.80,7.8000,true,1,103988
7290110564339,false,חומוס עשיר ב30% טחינ,שטראוס,IL,חומוס עשיר ב30% טחינ,גרמים,400.00,100 גרם,false,,12.90,3.2250,true,1,95071
7290110564360,false,חומוס עשיר ב40% טחינ,שטראוס,IL,חומוס עשיר ב40% טחינ,גרמים,400.00,100 גרם,false,,12.90,3.2250,true,1,95070
7290110564414,false,חומוס עשיר ב 30% טחי,שטראוס,IL,חומוס עשיר ב 30% טחי,גרמים,600.00,100 גרם,false,,14.90,2.4833,true,1,95067
7290110565527,false,דנונה פרו טבעי 1.5%,שטראוס,IL,דנונה פרו טבעי 1.5%,גרמים,200.00,100 גרם,false,,5.90,2.9500,true,1,93984
7290110565572,false,קפה טורקי  הל לדרך 2,שטראוס קפה בי.וי,IL,קפה טורקי  הל לדרך 2,גרמים,168.00,100 גרם,false,,16.90,10.0595,true,1,118164
7290110566043,false,משקה יוגורט 4% שטראו,בר בכפר די אנד די,IL,משקה יוגורט 4% שטראו,פריט,3.00,"ק""ג",false,,26.90,8.9667,true,1,96094
7290110566623,false,קפסולות עלית קולומבי,שטראוס קפה בי.וי,IL,קפסולות עלית קולומבי,Unknown,0.00,יחידה,false,,14.90,0.0000,true,1,96579
7290110566975,false,דנונה פרו תות 0% 200,שטראוס,IL,דנונה פרו תות 0% 200,גרמים,200.00,100 גרם,false,,5.90,2.9500,true,1,95987
7290110568238,false,קצפת צמחית במתיקות מ,יטבתה,IL,קצפת צמחית במתיקות מ,מיליליטרים,250.00,"100 מ""ל",false,,7.50,3.0000,true,1,110325
7290110568511,false,קונפיטורה פירות יער,יד מרדכי,IL,קונפיטורה פירות יער,גרמים,265.00,100 גרם,false,,12.90,4.8679,true,1,109071
7290110568559,false,מארז דוריטוס חמוץ חר,שטראוס גרופ,IL,מארז דוריטוס חמוץ חר,גרמים,250.00,100 גרם,false,,9.90,3.9600,true,1,96460
7290110568566,false,מארז דוריטוס גריל 10,שטראוס גרופ,IL,מארז דוריטוס גריל 10,גרמים,250.00,100 גרם,false,,9.90,3.9600,true,1,96459
7290110571382,false,מעדן חלב בטעם וניל פ,שטראוס,IL,מעדן חלב בטעם וניל פ,גרמים,150.00,100 גרם,false,,4.90,3.2667,true,1,117047
7290110571405,false,עוגיות מיני פינוקיות,עלית,IL,עוגיות מיני פינוקיות,גרמים,180.00,100 גרם,false,,9.90,5.5000,true,1,119279
7290110571412,false,עוגיות מיני פינוקיות,עלית,IL,עוגיות מיני פינוקיות,גרמים,180.00,100 גרם,false,,9.90,5.5000,true,1,119280
7290110571535,false,מארז קפה טורקי הל על,שטראוס קפה בי.וי,IL,מארז קפה טורקי הל על,גרמים,300.00,100 גרם,false,,22.90,7.6333,true,1,116776
7290110572884,false,קפסולות עלית מס' 20,שטראוס קפה בי.וי,IL,קפסולות עלית מס' 20,גרמים,50.00,100 גרם,false,,15.50,31.0000,true,1,119220
7290110576752,false,שוקולד ספלנדיד מריר,עלית,,שוקולד ספלנדיד מריר,גרמים,100.00,100 גרם,false,,9.90,9.9000,true,1,119230
7290110576776,false,שוקולד ספלנדיד מריר,עלית,,שוקולד ספלנדיד מריר,גרמים,100.00,100 גרם,false,,9.90,9.9000,true,1,119231
7290110576790,false,מעדן גבינה בטעם מיקס,שטראוס,IL,מעדן גבינה בטעם מיקס,גרמים,125.00,100 גרם,false,,3.70,2.9600,true,1,118689
7290110577230,false,משקה חלב בטעם פיסטוק,שטראוס,IL,משקה חלב בטעם פיסטוק,קילוגרמים,1.00,ליטר,false,,10.90,10.9000,true,1,118685
7290111342042,false,כריות יפניות אנטיבקט,פלסטו פוליש,IL,כריות יפניות אנטיבקט,Unknown,0.00,יחידה,false,,9.90,0.0000,true,1,106339
7290111343858,false,מטליות לחות אנטיבקטר,עלבד משואות יצחק,IL,מטליות לחות אנטיבקטר,Unknown,0.00,יחידה,false,,9.90,0.0000,true,1,106341
7290111344077,false,מטליות לחות אנטיבקטר,עלבד משואות יצחק,IL,מטליות לחות אנטיבקטר,Unknown,0.00,יחידה,false,,19.90,0.0000,true,1,106342
7290111344206,false,מגבונים האגיס 4*64 י,חוגלה קימברלי,IL,מגבונים האגיס 4*64 י,Unknown,0.00,יחידה,false,,18.90,0.0000,true,1,113590
7290111344558,false,שקיות אשפה לפחים גדו,חוגלה קימברלי,IL,שקיות אשפה לפחים גדו,Unknown,0.00,יחידה,false,,29.90,0.0000,true,1,112764
7290111344831,false,מגן תחתון קוטקס אקסט,חוגלה קימברלי,CN,מגן תחתון קוטקס אקסט,Unknown,0.00,יחידה,false,,15.90,0.0000,true,1,113997
7290111344855,false,מגן תחתון קוטקס אקסט,חוגלה קימברלי,CN,מגן תחתון קוטקס אקסט,Unknown,0.00,יחידה,false,,15.90,0.0000,true,1,113996
7290111345982,false,דפי ספוגית הקסם ניקו,חוגלה קימברלי,IL,דפי ספוגית הקסם ניקו,Unknown,0.00,יחידה,false,,9.90,0.0000,true,1,116682
7290111346088,false,נייר טואלט מולט 30 ג,חוגלה קימברלי,IL,נייר טואלט מולט 30 ג,מטרים,500.00,מטר,false,,28.90,0.0578,true,1,118922
7290111350047,false,תמר מגהול כבוש קליית,טעמי הגליל,IL,תמר מגהול כבוש קליית,גרמים,500.00,100 גרם,false,,11.90,2.3800,true,1,89967
7290111351723,false,פופקורן למיקרוגל טבע,פופז,US,פופקורן למיקרוגל טבע,פריט,1.10,"ק""ג",false,,19.90,18.0909,true,1,101784
7290111351754,false,פופקורן למיקרוגל חמא,פופז,US,פופקורן למיקרוגל חמא,פריט,1.10,"ק""ג",false,,19.90,18.0909,true,1,101785
7290111353475,false,סוכריות גומי שטיחים,סאאדת,TR,סוכריות גומי שטיחים,גרמים,200.00,100 גרם,false,,4.90,2.4500,true,1,109605
7290111353482,false,סוכריות גומי ממולאות,סאאדת,TR,סוכריות גומי ממולאות,גרמים,200.00,100 גרם,false,,4.90,2.4500,true,1,109606
7290111534010,false,עוגת מוס גבינה פירור,קפולסקי אדל בעמ,IL,עוגת מוס גבינה פירור,גרמים,450.00,100 גרם,false,,35.90,7.9778,true,1,90492
7290111563492,false,מטבוחה חריפה צבר 400,צבר,IL,מטבוחה חריפה צבר 400,גרמים,400.00,100 גרם,false,,10.90,2.7250,true,1,97664
7290111564277,false,פריכיות דקות 3 דגנים,פרח תעשיות,IL,פריכיות דקות 3 דגנים,גרמים,120.00,100 גרם,false,,8.90,7.4167,true,1,97195
7290111564291,false,פריכיות דקות עם קינו,פרח תעשיות,IL,פריכיות דקות עם קינו,גרמים,120.00,100 גרם,false,,8.90,7.4167,true,1,97194
7290111564727,false,עוגיות שוקו קרם אגוז,אסם,IL,עוגיות שוקו קרם אגוז,גרמים,200.00,100 גרם,false,,7.90,3.9500,true,1,94111
7290111565038,false,גלידה לה קרמריה וניל,גלידות נסטלה,IL,גלידה לה קרמריה וניל,קילוגרמים,1.40,ליטר,false,,16.90,12.0714,true,1,95461
7290111565083,false,מארז במבה 15*25 גרם,גבעול,IL,מארז במבה 15*25 גרם,גרמים,375.00,100 גרם,false,,17.90,4.7733,true,1,93415
7290111566240,false,שניצל דק צמחוני צילי,טבעול ישראל,IL,שניצל דק צמחוני צילי,גרמים,564.00,100 גרם,false,,29.90,5.3014,true,1,94090
7290111566271,false,חטיפי תירס טבעול 657,טבעול ישראל,IL,חטיפי תירס טבעול 657,גרמים,657.00,100 גרם,false,,29.90,4.5510,true,1,94088
7290111566318,false,שניצל דק צמחוני ביתי,טבעול ישראל,IL,שניצל דק צמחוני ביתי,גרמים,564.00,100 גרם,false,,29.90,5.3014,true,1,94089
7290111566332,false,נקניקיות וינר צמחוני,טבעול ישראל,IL,נקניקיות וינר צמחוני,גרמים,680.00,100 גרם,false,,29.90,4.3971,true,1,94091
7290111566417,false,טחון צמחוני טבעול 50,טבעול ישראל,IL,טחון צמחוני טבעול 50,גרמים,500.00,100 גרם,false,,29.90,5.9800,true,1,94104
7290111566547,false,חזה בגריל צמחוני טבע,טבעול ישראל,IL,חזה בגריל צמחוני טבע,גרמים,560.00,100 גרם,false,,29.90,5.3393,true,1,94102
7290111566585,false,שניצל צמחוני טבעול 6,טבעול ישראל,IL,שניצל צמחוני טבעול 6,גרמים,650.00,100 גרם,false,,29.90,4.6000,true,1,94101
7290111566714,false,המבורגר צמחוני טבעול,טבעול ישראל,IL,המבורגר צמחוני טבעול,גרמים,600.00,100 גרם,false,,29.90,4.9833,true,1,94100
7290111566752,false,שניצל תירס טבעול 693,טבעול ישראל,IL,שניצל תירס טבעול 693,גרמים,693.00,100 גרם,false,,29.90,4.3146,true,1,94097
7290111566776,false,נקניקיות קוקטייל צמח,טבעול ישראל,IL,נקניקיות קוקטייל צמח,גרמים,680.00,100 גרם,false,,29.90,4.3971,true,1,94092
7290111567223,false,מארז מיני פריכיות דג,אסם,IL,מארז מיני פריכיות דג,גרמים,110.00,100 גרם,false,,19.90,18.0909,true,1,95532
7290111568206,false,ביסלי פארטי מיקס 150,אסם,IL,ביסלי פארטי מיקס 150,גרמים,150.00,100 גרם,false,,6.50,4.3333,true,1,95533
7290111568251,false,נודלס אטריות להקפצה,תאי פרזידנט,TH,נודלס אטריות להקפצה,גרמים,350.00,100 גרם,false,,8.90,2.5429,true,1,95668
7290111568961,false,בייגלה טבעות עם מלח,אסם,IL,בייגלה טבעות עם מלח,גרמים,400.00,100 גרם,false,,7.90,1.9750,true,1,117841
7290111930799,false,קראנצוס בצל 55 גרם,מנה,IL,קראנצוס בצל 55 גרם,Unknown,0.00,יחידה,false,,1.90,0.0000,true,1,92652
7290111930805,false,קראנצוס ברבקיו 55 גר,מנה,IL,קראנצוס ברבקיו 55 גר,גרמים,55.00,100 גרם,false,,1.90,3.4545,true,1,92651
7290111930850,false,קראנצוס פיצה 55 גרם,מנה,IL,קראנצוס פיצה 55 גרם,גרמים,55.00,100 גרם,false,,1.90,3.4545,true,1,92650
7290111930997,false,פירורי לחם מוזהב מאס,מנה,IL,פירורי לחם מוזהב מאס,גרמים,800.00,100 גרם,false,,11.90,1.4875,true,1,93542
7290111932380,false,"משחת מרידול 2*75 מ""ל",,,"משחת מרידול 2*75 מ""ל",מיליליטרים,150.00,"100 מ""ל",false,,24.90,16.6000,true,1,94418
7290111933554,false,מארז עגבניות קוביות,פראנו אנריקו ופיגלי,IT,מארז עגבניות קוביות,פריט,1.20,"ק""ג",false,,15.90,13.2500,true,1,97659
7290111933592,false,פירורי לחם פנקו מאסט,מנה,IL,פירורי לחם פנקו מאסט,גרמים,510.00,100 גרם,false,,11.90,2.3333,true,1,97103
7290111936203,false,דאו ספריי ליידי ספיד,קולגייט פלמוליב,US,דאו ספריי ליידי ספיד,מיליליטרים,150.00,"100 מ""ל",false,,11.90,7.9333,true,1,101681
7290111936296,false,ג'ל רחצה פלמוליב סנס,קולגייט פלמוליב,TR,ג'ל רחצה פלמוליב סנס,מיליליטרים,750.00,"100 מ""ל",false,,14.90,1.9867,true,1,100063
7290111936647,false,משחת קולגייט מקס פרש,קולגייט פלמוליב,PL,משחת קולגייט מקס פרש,מיליליטרים,250.00,"100 מ""ל",false,,27.90,11.1600,true,1,99337
7290111937248,false,מארז חטיף פרי תמרים,טבעית,IL,מארז חטיף פרי תמרים,גרמים,125.00,100 גרם,false,,14.90,11.9200,true,1,99265
7290111937255,false,מארז חטיף פרי תמרים,טבעית,IL,מארז חטיף פרי תמרים,גרמים,125.00,100 גרם,false,,14.90,11.9200,true,1,99379
7290111938498,false,רוטב סויה בהירה מאסט,תאי סופרים,TH,רוטב סויה בהירה מאסט,גרמים,700.00,100 גרם,false,,9.90,1.4143,true,1,103841
7290111939822,false,משחת קולגייט אופטיק,קולגייט פלמוליב,PL,משחת קולגייט אופטיק,מיליליטרים,225.00,"100 מ""ל",false,,47.90,21.2889,true,1,102911
7290111939846,false,משחת קולגייט אופטיק,קולגייט פלמוליב,PL,משחת קולגייט אופטיק,מיליליטרים,225.00,"100 מ""ל",false,,47.90,21.2889,true,1,102912
7290112000408,false,תרסיס דטול מנקה ומחט,רקיט בנקיזר,PL,תרסיס דטול מנקה ומחט,מיליליטרים,750.00,"100 מ""ל",false,,14.90,1.9867,true,1,104799
7290112000798,false,תרסיס דטול מנקה ומחט,רקיט בנקיזר,PL,תרסיס דטול מנקה ומחט,מיליליטרים,750.00,"100 מ""ל",false,,14.90,1.9867,true,1,104804
7290112000903,false,טבליות פיניש פאוורבו,רקיט בנקיזר,PL,טבליות פיניש פאוורבו,פריט,1.92,"ק""ג",false,,64.90,33.8021,true,1,98716
7290112001436,false,מנקה מדיח פיניש לימו,רקיט בנקיזר,PL,מנקה מדיח פיניש לימו,מיליליטרים,250.00,"100 מ""ל",false,,14.90,5.9600,true,1,103057
7290112001641,false,תרסיס וניש קליה 950,רקיט בנקיזר,PL,תרסיס וניש קליה 950,מיליליטרים,950.00,"100 מ""ל",false,,19.90,2.0947,true,1,105494
7290112001870,false,תרסיס סיליט באנג לני,רקיט בנקיזר,PL,תרסיס סיליט באנג לני,מיליליטרים,750.00,"100 מ""ל",false,,12.50,1.6667,true,1,103997
7290112002136,false,ג'ל קולון כחול 4 ליט,רקיט בנקיזר,IL,ג'ל קולון כחול 4 ליט,קילוגרמים,4.00,ליטר,false,,34.50,8.6250,true,1,102746
7290112002143,false,ג'ל קולון לילך סגול,רקיט בנקיזר,IL,ג'ל קולון לילך סגול,קילוגרמים,4.00,ליטר,false,,34.50,8.6250,true,1,102747
7290112002457,false,מטליות לחות דטול לני,רקיט בנקיזר,PL,מטליות לחות דטול לני,Unknown,0.00,יחידה,false,,19.90,0.0000,true,1,108157
7290112003188,false,קפסולות ג'ל קולון 60,רקיט בנקיזר,IT,קפסולות ג'ל קולון 60,Unknown,0.00,יחידה,false,,49.90,0.0000,true,1,108044
7290112003973,false,אבקת וניש מסיר כתמים,רקיט בנקיזר,PL,אבקת וניש מסיר כתמים,פריט,1.35,"ק""ג",false,,34.90,25.8519,true,1,112211
7290112003980,false,אבקת וניש מסיר כתמים,רקיט בנקיזר,PL,אבקת וניש מסיר כתמים,פריט,1.35,"ק""ג",false,,34.90,25.8519,true,1,112212
7290112004109,false,מטליות לחות דטול לחי,רקיט בנקיזר,PL,מטליות לחות דטול לחי,Unknown,0.00,יחידה,false,,19.90,0.0000,true,1,108158
7290112004413,false,ספריי וניש להסרת כתמ,רקיט בנקיזר,PL,ספריי וניש להסרת כתמ,מיליליטרים,750.00,"100 מ""ל",false,,14.90,1.9867,true,1,116359
7290112004499,false,אירוויק ספריי לבנדר,,,אירוויק ספריי לבנדר,מיליליטרים,720.00,"100 מ""ל",false,,19.90,2.7639,true,1,109929
7290112004505,false,אירוויק ספריי לבנדר,,,אירוויק ספריי לבנדר,מיליליטרים,720.00,"100 מ""ל",false,,19.90,2.7639,true,1,109930
7290112004512,false,מילוי מבשם אוטומטי א,רקיט בנקיזר,PL,מילוי מבשם אוטומטי א,מיליליטרים,750.00,"100 מ""ל",false,,34.90,4.6533,true,1,109924
7290112004529,false,מילוי מבשם אוטומטי א,רקיט בנקיזר,PL,מילוי מבשם אוטומטי א,מיליליטרים,750.00,"100 מ""ל",false,,34.90,4.6533,true,1,109925
7290112004536,false,מילוי מבשם אוטומטי א,רקיט בנקיזר,PL,מילוי מבשם אוטומטי א,מיליליטרים,750.00,"100 מ""ל",false,,34.90,4.6533,true,1,109926
7290112004611,false,ג'ל וניש גולד מסיר כ,רקיט בנקיזר,PT,ג'ל וניש גולד מסיר כ,מיליליטרים,200.00,"100 מ""ל",false,,13.90,6.9500,true,1,115886
7290112005168,false,טבליות פיניש קוואנטו,רקיט בנקיזר,PL,טבליות פיניש קוואנטו,Unknown,0.00,יחידה,false,,54.90,0.0000,true,1,117654
7290112120311,false,ממתיק ספלנדה 100 יח,,,ממתיק ספלנדה 100 יח,גרמים,100.00,100 גרם,false,,13.90,13.9000,true,1,93626
7290112120649,false,בונבוניירה צדף 125 ג,קאיפינג גינקה פודסטא,CN,בונבוניירה צדף 125 ג,גרמים,125.00,100 גרם,false,,11.90,9.5200,true,1,98612
7290112120663,false,בונבוניירה לב 120 גר,קאיפינג גינקה פודסטא,CN,בונבוניירה לב 120 גר,גרמים,120.00,100 גרם,false,,16.90,14.0833,true,1,98608
7290112120670,false,בונבוניירה מתומן 200,קאיפינג גינקה פודסטא,CN,בונבוניירה מתומן 200,גרמים,200.00,100 גרם,false,,17.90,8.9500,true,1,98609
7290112120830,false,נפוליטנים שוקולד חלב,"תופינית בע""מ",IL,נפוליטנים שוקולד חלב,גרמים,150.00,100 גרם,false,,11.90,7.9333,true,1,99352
7290112120847,false,נפוליטנים שוקולד מרי,"תופינית בע""מ",IL,נפוליטנים שוקולד מרי,גרמים,150.00,100 גרם,false,,11.90,7.9333,true,1,99353
7290112120861,false,לזניה גלי דורומי 400,Bessan Makarna,TR,לזניה גלי דורומי 400,גרמים,400.00,100 גרם,false,,6.90,1.7250,true,1,97407
7290112121073,false,חומץ 5% אינדירה 1 לי,הלל תעשיות,IL,חומץ 5% אינדירה 1 לי,קילוגרמים,1.00,ליטר,false,,4.20,4.2000,true,1,98911
7290112121080,false,מיץ בטעם לימון משומר,הלל תעשיות,IL,מיץ בטעם לימון משומר,קילוגרמים,1.00,ליטר,false,,4.20,4.2000,true,1,98909
7290112121097,false,רוטב לימון אינדירה 1,הלל תעשיות,IL,רוטב לימון אינדירה 1,קילוגרמים,1.00,ליטר,false,,4.90,4.9000,true,1,98912
7290112121165,false,קוסקוס דק דורומי 900,אסיף תעשיות מזון בעמ,IL,קוסקוס דק דורומי 900,גרמים,900.00,100 גרם,false,,8.90,0.9889,true,1,99271
7290112122629,false,ופל מצופה בטעם שוקול,מנעמים תעשיות מזון,IL,ופל מצופה בטעם שוקול,גרמים,800.00,100 גרם,false,,12.90,1.6125,true,1,103896
7290112122995,false,פבלובה במגש רוקה 15,רות פטיפורים,IL,פבלובה במגש רוקה 15,גרמים,225.00,100 גרם,false,,4.90,2.1778,true,1,105547
7290112123008,false,טארטים במגש רוקה 24,רות פטיפורים,IL,טארטים במגש רוקה 24,Unknown,0.00,יחידה,false,,19.90,0.0000,true,1,105548
7290112124036,false,פבלובה במגש רוקה צבע,רות פטיפורים,IL,פבלובה במגש רוקה צבע,גרמים,150.00,100 גרם,false,,4.90,3.2667,true,1,118433
7290112124319,false,טורטיה דורום 36*45 ג,מוטלוקאל גידה סאן טי,TR,טורטיה דורום 36*45 ג,פריט,1.62,"ק""ג",false,,19.90,12.2840,true,1,117661
7290112124449,false,דאו ספריי אקס דארק ו,יוניליוור,GB,דאו ספריי אקס דארק ו,מיליליטרים,150.00,"100 מ""ל",false,,9.90,6.6000,true,1,118946
7290112124951,false,דאו ספריי אקס אנרכי,יוניליוור,GB,דאו ספריי אקס אנרכי,מיליליטרים,150.00,"100 מ""ל",false,,9.90,6.6000,true,1,113685
7290112124968,false,דאו ספריי אקס אנרכי,יוניליוור,GB,דאו ספריי אקס אנרכי,מיליליטרים,150.00,"100 מ""ל",false,,9.90,6.6000,true,1,117308
7290112124982,false,דאו ספריי אקס שחור פ,יוניליוור,GB,דאו ספריי אקס שחור פ,מיליליטרים,150.00,"100 מ""ל",false,,9.90,6.6000,true,1,113688
7290112125019,false,סבון מוצק דאב לבן 4*,,,סבון מוצק דאב לבן 4*,גרמים,400.00,100 גרם,false,,9.90,2.4750,true,1,47422
7290112125026,false,תה ילו לייבל ליפטון,יוניליוור,RU,תה ילו לייבל ליפטון,גרמים,200.00,100 גרם,false,,9.90,4.9500,true,1,117671
7290112190857,false,מגבונים סמארט 4*72 י,רנקסן,TR,מגבונים סמארט 4*72 י,Unknown,0.00,יחידה,false,,5.90,0.0000,true,1,114327
7290112192806,false,משחת פרודונטקס אולטר,גלקסוס סמית קליין,SK,משחת פרודונטקס אולטר,מיליליטרים,150.00,"100 מ""ל",false,,39.90,26.6000,true,1,98499
7290112192813,false,משחת פרודונטקס אורגי,גלקסוס סמית קליין,SK,משחת פרודונטקס אורגי,מיליליטרים,150.00,"100 מ""ל",false,,39.90,26.6000,true,1,98500
7290112193469,false,משחת סנסודיין דואלקר,גלקסוס סמית קליין,GB,משחת סנסודיין דואלקר,מיליליטרים,300.00,"100 מ""ל",false,,49.90,16.6333,true,1,103281
7290112195746,false,שמן זית כתית מעולה א,אסייאס דל סור,ES,שמן זית כתית מעולה א,מיליליטרים,750.00,"100 מ""ל",false,,23.90,3.1867,true,1,115858
7290112195777,false,"פול קפוא 1 ק""ג",O.K FRUIT,EG,"פול קפוא 1 ק""ג",פריט,1.00,"ק""ג",false,,13.90,13.9000,true,1,115770
7290112196712,false,משחת סנסודיין פרש מי,גלקסוס סמית קליין,GB,משחת סנסודיין פרש מי,מיליליטרים,300.00,"100 מ""ל",false,,49.90,16.6333,true,1,111169
7290112197245,false,משחת סנסודיין מלבינה,גלקסוס סמית קליין,GB,משחת סנסודיין מלבינה,מיליליטרים,225.00,"100 מ""ל",false,,49.90,22.1778,true,1,115736
7290112198006,false,שמן זית כתית מעולה א,אולאריה קלמנטה,IT,שמן זית כתית מעולה א,מיליליטרים,750.00,"100 מ""ל",false,,13.90,1.8533,true,1,118472
7290112330352,false,דנונה פרו וניל 0% 20,שטראוס,IL,דנונה פרו וניל 0% 20,גרמים,200.00,100 גרם,false,,5.90,2.9500,true,1,100413
7290112330390,false,דנונה פרו פירות יער,שטראוס,IL,דנונה פרו פירות יער,גרמים,200.00,100 גרם,false,,5.90,2.9500,true,1,100414
7290112330420,false,דנונה פרו לבן עשיר ב,שטראוס,IL,דנונה פרו לבן עשיר ב,גרמים,150.00,100 גרם,false,,4.50,3.0000,true,1,99577
7290112332585,false,פריכיות אנרג'י משולש,פרח תעשיות,IL,פריכיות אנרג'י משולש,גרמים,30.00,100 גרם,false,,4.90,16.3333,true,1,107352
7290112332691,false,עוגיות פינוקיות פסק,עלית,IL,עוגיות פינוקיות פסק,גרמים,200.00,100 גרם,false,,9.90,4.9500,true,1,101665
7290112334596,false,שוקולית 850 גרם+10%,שטראוס קפה בי.וי,IL,שוקולית 850 גרם+10%,גרמים,935.00,100 גרם,false,,14.90,1.5936,true,1,102628
7290112335487,false,פריכיות 3 דגנים וקצח,עלית,IL,פריכיות 3 דגנים וקצח,גרמים,135.00,100 גרם,false,,9.90,7.3333,true,1,101526
7290112335494,false,פריכיות 3 דגנים ותפו,עלית,IL,פריכיות 3 דגנים ותפו,גרמים,135.00,100 גרם,false,,9.90,7.3333,true,1,104278
7290112335500,false,פריכיות חומוס אורז ע,עלית,IL,פריכיות חומוס אורז ע,גרמים,135.00,100 גרם,false,,9.90,7.3333,true,1,101527
7290112336637,false,סוכריות מאסט תות אוכ,שטראוס,IL,סוכריות מאסט תות אוכ,גרמים,80.00,100 גרם,false,,6.90,8.6250,true,1,102878
7290112336644,false,סוכריות מאסט לימון 8,שטראוס,IL,סוכריות מאסט לימון 8,גרמים,80.00,100 גרם,false,,6.90,8.6250,true,1,102875
7290112336651,false,סוכריות מאסט ריבת חל,שטראוס,IL,סוכריות מאסט ריבת חל,גרמים,80.00,100 גרם,false,,6.90,8.6250,true,1,102879
7290112336712,false,דנונה פרו עשיר בחלבו,שטראוס,IL,דנונה פרו עשיר בחלבו,גרמים,200.00,100 גרם,false,,5.90,2.9500,true,1,99567
7290112337474,false,סוכריות מאסט פטל לימ,שטראוס,IL,סוכריות מאסט פטל לימ,גרמים,80.00,100 גרם,false,,6.90,8.6250,true,1,102876
7290112337481,false,סוכריות מאסט קפוצ'ינ,שטראוס,IL,סוכריות מאסט קפוצ'ינ,גרמים,80.00,100 גרם,false,,6.90,8.6250,true,1,102880
7290112338877,false,מעדן גבינה בטעם תות,שטראוס,IL,מעדן גבינה בטעם תות,גרמים,125.00,100 גרם,false,,3.70,2.9600,true,1,100230
7290112339171,false,מילקי מוס שוקולד 170,שטראוס,IL,מילקי מוס שוקולד 170,מיליליטרים,170.00,"100 מ""ל",false,,3.40,2.0000,true,1,99039
7290112339362,false,דנונה לייט אנד פרי ק,שטראוס,IL,דנונה לייט אנד פרי ק,גרמים,150.00,100 גרם,false,,4.50,3.0000,true,1,103432
7290112339867,false,גמדים לדרך תות סקווי,שטראוס,IL,גמדים לדרך תות סקווי,גרמים,100.00,100 גרם,false,,5.40,5.4000,true,1,103684
7290112339874,false,גמדים לדרך תות בננה,שטראוס,IL,גמדים לדרך תות בננה,גרמים,100.00,100 גרם,false,,5.40,5.4000,true,1,103685
7290112340122,false,פריכיות 3 דגנים אנרג,עלית,IL,פריכיות 3 דגנים אנרג,גרמים,135.00,100 גרם,false,,9.90,7.3333,true,1,101528
7290112340245,false,מסטיק מאסט צנצנת דוב,שטראוס,IL,מסטיק מאסט צנצנת דוב,גרמים,66.00,100 גרם,false,,8.90,13.4848,true,1,100214
7290112340276,false,עוגיות פינוקיות קפה,עלית,IL,עוגיות פינוקיות קפה,גרמים,200.00,100 גרם,false,,9.90,4.9500,true,1,101666
7290112341556,false,יוגורט אקטיביה צ'יה,שטראוס,IL,יוגורט אקטיביה צ'יה,גרמים,150.00,100 גרם,false,,4.50,3.0000,true,1,105335
7290112341679,false,יוגורט אקטיביה 3% 20,שטראוס,IL,יוגורט אקטיביה 3% 20,מיליליטרים,200.00,"100 מ""ל",false,,3.70,1.8500,true,1,102732
7290112341686,false,מארז יוגורט אקטיביה,שטראוס,IL,מארז יוגורט אקטיביה,קילוגרמים,1.20,ליטר,false,,19.90,16.5833,true,1,102733
7290112342102,false,גבינת שמנת בצל מקורמ,שטראוס גרופ,IL,גבינת שמנת בצל מקורמ,גרמים,200.00,100 גרם,false,,10.40,5.2000,true,1,104285
7290112342270,false,קפה פלטינום אינטנס 1,שטראוס קפה בי.וי,IL,קפה פלטינום אינטנס 1,גרמים,125.00,100 גרם,false,,15.90,12.7200,true,1,102630
7290112343260,false,רוטב שמנת קלאסי 9% י,שטראוס,IL,רוטב שמנת קלאסי 9% י,מיליליטרים,250.00,"100 מ""ל",false,,9.80,3.9200,true,1,105197
7290112344564,false,רביולי גבינה קלאסי ש,שטראוס,IL,רביולי גבינה קלאסי ש,גרמים,400.00,100 גרם,false,,18.90,4.7250,true,1,105601
7290112344724,false,מעדן חלב  בטעם שוקול,שטראוס,IL,מעדן חלב  בטעם שוקול,מיליליטרים,170.00,"100 מ""ל",false,,3.40,2.0000,true,1,103592
7290112344755,false,מילקי שוקולד 26% פחו,שטראוס,IL,מילקי שוקולד 26% פחו,מיליליטרים,135.00,"100 מ""ל",false,,2.70,2.0000,true,1,108845
7290112344786,false,קפה פלטינום קלאסיק 2,שטראוס,IL,קפה פלטינום קלאסיק 2,גרמים,200.00,100 גרם,false,,24.90,12.4500,true,1,105408
7290112344953,false,גבינת שמנת חציל קלוי,שטראוס,IL,גבינת שמנת חציל קלוי,גרמים,200.00,100 גרם,false,,10.40,5.2000,true,1,109235
7290112346360,false,בפלות אחת אחת בציפוי,עלית,IL,בפלות אחת אחת בציפוי,גרמים,180.00,100 גרם,false,,11.90,6.6111,true,1,103820
7290112346629,false,דנונה בר וקורנפלקס מ,שטראוס,IL,דנונה בר וקורנפלקס מ,גרמים,172.00,100 גרם,false,,4.30,2.5000,true,1,106222
7290112346773,false,דנונה לייט אנד פרי ו,שטראוס,IL,דנונה לייט אנד פרי ו,גרמים,150.00,100 גרם,false,,4.50,3.0000,true,1,109241
7290112346797,false,יוגורט אקטיביה עם שי,שטראוס,IL,יוגורט אקטיביה עם שי,גרמים,150.00,100 גרם,false,,4.50,3.0000,true,1,105476
7290112346827,false,אקטימל פטל ויטמין סי,שטראוס,IL,אקטימל פטל ויטמין סי,מיליליטרים,864.00,"100 מ""ל",false,,19.90,2.3032,true,1,108848
7290112347008,false,גמדים ארוחת בוקר תות,שטראוס,IL,גמדים ארוחת בוקר תות,גרמים,100.00,100 גרם,false,,5.40,5.4000,true,1,103587
7290112347473,false,מארז  יוגורט לייט אנ,שטראוס,IL,מארז  יוגורט לייט אנ,פריט,1.20,"ק""ג",false,,26.90,22.4167,true,1,103187
7290112349606,false,דניאלה תות בננה 88 ג,שטראוס,IL,דניאלה תות בננה 88 ג,Unknown,0.00,יחידה,false,,3.90,0.0000,true,1,114720
7290112349705,false,רוטב עגבניות פומודור,אימילאנה,IT,רוטב עגבניות פומודור,גרמים,350.00,100 גרם,false,,10.80,3.0857,true,1,117998
7290112349736,false,רוטב עגבניות לפסטה ב,אימילאנה,IT,רוטב עגבניות לפסטה ב,גרמים,350.00,100 גרם,false,,10.80,3.0857,true,1,117999
7290112349743,false,רוטב עגבניות פיקנטי,אימילאנה,IT,רוטב עגבניות פיקנטי,גרמים,350.00,100 גרם,false,,10.80,3.0857,true,1,118001
7290112349750,false,רוטב עגבניות לפיצה י,אימילאנה,IT,רוטב עגבניות לפיצה י,גרמים,350.00,100 גרם,false,,10.80,3.0857,true,1,118000
7290112350275,false,קפסולות עלית לונגו ל,שטראוס קפה בי.וי,IL,קפסולות עלית לונגו ל,גרמים,50.00,100 גרם,false,,14.90,29.8000,true,1,104714
7290112350312,false,קפסולות עלית מס 15 ע,שטראוס קפה בי.וי,IL,קפסולות עלית מס 15 ע,Unknown,0.00,יחידה,false,,14.90,0.0000,true,1,107671
7290112351258,false,עוגיות פינוקיות שחור,הגביע מוצרי ופלים,IL,עוגיות פינוקיות שחור,גרמים,200.00,100 גרם,false,,9.90,4.9500,true,1,107347
7290112354969,false,תפוציפס WAVY טבעי 20,שטראוס,IL,תפוציפס WAVY טבעי 20,גרמים,200.00,100 גרם,false,,9.90,4.9500,true,1,118945
7290112355027,false,דנונה פרו 20 קרמל מל,שטראוס,IL,דנונה פרו 20 קרמל מל,גרמים,200.00,100 גרם,false,,5.90,2.9500,true,1,108844
7290112355102,false,גמדים לדרך סלט פירות,שטראוס,IL,גמדים לדרך סלט פירות,גרמים,100.00,100 גרם,false,,5.40,5.4000,true,1,109237
7290112355393,false,רוטב שמנת עם בטטה 9%,שטראוס,IL,רוטב שמנת עם בטטה 9%,מיליליטרים,257.00,"100 מ""ל",false,,9.80,3.8132,true,1,118686
7290112355775,false,גבינת במרקם שמנת עיר,שטראוס,IL,גבינת במרקם שמנת עיר,גרמים,200.00,100 גרם,false,,10.40,5.2000,true,1,117688
7290112357175,false,קפסולות עלית בוסט למ,שטראוס קפה בי.וי,IL,קפסולות עלית בוסט למ,גרמים,50.00,100 גרם,false,,14.90,29.8000,true,1,104715
7290112358127,false,דנונה פרו 20 וניל עו,שטראוס,IL,דנונה פרו 20 וניל עו,גרמים,200.00,100 גרם,false,,5.90,2.9500,true,1,108851
7290112358462,false,דבש יד מרדכי 700 גרם,שטראוס גרופ,IL,דבש יד מרדכי 700 גרם,גרמים,700.00,100 גרם,false,,29.90,4.2714,true,1,107290
7290112358554,false,מארז קפה נמס לדרך על,שטראוס גרופ,IL,מארז קפה נמס לדרך על,גרמים,50.40,100 גרם,false,,9.90,19.6429,true,1,116775
7290112359384,false,קפה נמס אלפחורס ריבת,שטראוס,IL,קפה נמס אלפחורס ריבת,גרמים,100.00,100 גרם,false,,14.90,14.9000,true,1,108239
7290112480002,false,קערה קטנה בלו שיין 5,פאלאס,CN,קערה קטנה בלו שיין 5,Unknown,0.00,יחידה,false,,19.90,0.0000,true,1,94737
7290112480019,false,קערה אובלית בינוני ב,פאלאס,CN,קערה אובלית בינוני ב,Unknown,0.00,יחידה,false,,19.90,0.0000,true,1,94736
7290112480026,false,מארז 2 יח' מגש יאובל,פאלאס,CN,מארז 2 יח' מגש יאובל,Unknown,0.00,יחידה,false,,19.90,0.0000,true,1,94791
7290112480033,false,מארז 3 יח מגשי אובלי,פאלאס,CN,מארז 3 יח מגשי אובלי,Unknown,0.00,יחידה,false,,19.90,0.0000,true,1,94740
7290112480040,false,מארז 5 יח מגשי אובלי,פאלאס,CN,מארז 5 יח מגשי אובלי,Unknown,0.00,יחידה,false,,19.90,0.0000,true,1,94741
7290112480057,false,מארז 3 יח מגש מחולק,פאלאס,CN,מארז 3 יח מגש מחולק,Unknown,0.00,יחידה,false,,19.90,0.0000,true,1,94742
7290112480118,false,כוס קריסטל בלו שיין,פאלאס,CN,כוס קריסטל בלו שיין,Unknown,0.00,יחידה,false,,29.90,0.0000,true,1,95389
7290112480361,false,שקיות אשפה שחור 85*7,פאלאס,CN,שקיות אשפה שחור 85*7,Unknown,0.00,יחידה,false,,19.90,0.0000,true,1,97005
7290112480378,false,שקיות אשפה 70*50 לפי,פאלאס,CN,שקיות אשפה 70*50 לפי,Unknown,0.00,יחידה,false,,19.90,0.0000,true,1,97006
7290112481030,false,כוס קריסטל בלו שיין,פאלאס,CN,כוס קריסטל בלו שיין,Unknown,0.00,יחידה,false,,29.90,0.0000,true,1,95391
7290112481078,false,"כפות ח""פ 188 יח",פאלאס,TR,"כפות ח""פ 188 יח",Unknown,0.00,יחידה,false,,12.90,0.0000,true,1,98118
7290112481092,false,"מזלגות ח""פ 188 יח",פאלאס,TR,"מזלגות ח""פ 188 יח",Unknown,0.00,יחידה,false,,12.90,0.0000,true,1,98120
7290112481108,false,"סכינים ח""פ 188 יח",פאלאס,TR,"סכינים ח""פ 188 יח",Unknown,0.00,יחידה,false,,12.90,0.0000,true,1,98121
7290112481115,false,כפות איכותיות בלו שי,פאלאס,TR,כפות איכותיות בלו שי,Unknown,0.00,יחידה,false,,26.90,0.0000,true,1,96596
7290112481122,false,כפיות איכותיות בלו ש,פאלאס,TR,כפיות איכותיות בלו ש,Unknown,0.00,יחידה,false,,26.90,0.0000,true,1,96595
7290112481139,false,מזלגות איכותיים בלו,פאלאס,TR,מזלגות איכותיים בלו,Unknown,0.00,יחידה,false,,26.90,0.0000,true,1,96597
7290112481146,false,סכינים איכותיים בלו,פאלאס,TR,סכינים איכותיים בלו,Unknown,0.00,יחידה,false,,26.90,0.0000,true,1,96594
7290112481306,false,קעריות סטון אובלי בל,פאלאס,CN,קעריות סטון אובלי בל,Unknown,0.00,יחידה,false,,26.90,0.0000,true,1,99222
7290112481320,false,גביע יין מוכסף סטון,פאלאס,CN,גביע יין מוכסף סטון,Unknown,0.00,יחידה,false,,24.90,0.0000,true,1,99198
7290112481337,false,מארז צלחות רנסנס גדו,פאלאס,CN,מארז צלחות רנסנס גדו,Unknown,0.00,יחידה,false,,69.90,0.0000,true,1,96925
7290112481375,false,מארז צלחות רנסנס מרק,פאלאס,CN,מארז צלחות רנסנס מרק,Unknown,0.00,יחידה,false,,54.90,0.0000,true,1,96931
7290112481399,false,מארז קעריות אובליות,פאלאס,CN,מארז קעריות אובליות,Unknown,0.00,יחידה,false,,26.90,0.0000,true,1,96929
7290112481832,false,מגש יהלום בלו שיין 4,פאלאס,CN,מגש יהלום בלו שיין 4,Unknown,0.00,יחידה,false,,19.90,0.0000,true,1,96075
7290112481900,false,כוסות מעוטרות לפיד 5,LARIPLAST,IL,כוסות מעוטרות לפיד 5,Unknown,0.00,יחידה,false,,17.90,0.0000,true,1,97721
7290112481917,false,קערה ענקית שקוף בלו,a.plast,IL,קערה ענקית שקוף בלו,Unknown,0.00,יחידה,false,,19.90,0.0000,true,1,96798
7290112481924,false,קערה גדולה שקוף בלו,a.plast,IL,קערה גדולה שקוף בלו,Unknown,0.00,יחידה,false,,19.90,0.0000,true,1,96797
7290112481948,false,מגש עגול 12 בלו שיין,פאלאס,CN,מגש עגול 12 בלו שיין,Unknown,0.00,יחידה,false,,19.90,0.0000,true,1,98650
7290112481955,false,מגש עגול 14 בלו שיין,פאלאס,CN,מגש עגול 14 בלו שיין,Unknown,0.00,יחידה,false,,19.90,0.0000,true,1,98651
7290112481962,false,מגש עגול 16 בלו שיין,פאלאס,CN,מגש עגול 16 בלו שיין,Unknown,0.00,יחידה,false,,19.90,0.0000,true,1,98652
7290112481979,false,גביע איכותי בלו שיין,פאלאס,CN,גביע איכותי בלו שיין,Unknown,0.00,יחידה,false,,19.90,0.0000,true,1,98367
7290112481986,false,גביע איכותי בלו שיין,פאלאס,CN,גביע איכותי בלו שיין,Unknown,0.00,יחידה,false,,19.90,0.0000,true,1,98366
7290112481993,false,גביע איכותי בלו שיין,פאלאס,CN,גביע איכותי בלו שיין,Unknown,0.00,יחידה,false,,19.90,0.0000,true,1,98365
7290112482075,false,שקיות אשפה עם שרוך 5,פאלאס,IL,שקיות אשפה עם שרוך 5,Unknown,0.00,יחידה,false,,19.90,0.0000,true,1,97717
7290112482082,false,שקיות אשפה עם שרוך 7,פאלאס,IL,שקיות אשפה עם שרוך 7,Unknown,0.00,יחידה,false,,19.90,0.0000,true,1,97718
7290112482228,false,שקיות אשפה 75/90 קרם,פאלאס,IL,שקיות אשפה 75/90 קרם,Unknown,0.00,יחידה,false,,19.90,0.0000,true,1,99277
7290112482242,false,צלחות קטנות טופ סטאר,פאלאס,TR,צלחות קטנות טופ סטאר,Unknown,0.00,יחידה,false,,5.90,0.0000,true,1,100086
7290112482259,false,צלחות גדולות טופ סטא,פאלאס,TR,צלחות גדולות טופ סטא,Unknown,0.00,יחידה,false,,9.90,0.0000,true,1,100084
7290112482266,false,צלחות ענק טופ סטאר 2,פאלאס,TR,צלחות ענק טופ סטאר 2,Unknown,0.00,יחידה,false,,14.90,0.0000,true,1,100083
7290112482273,false,צלחות מרק טופ סטאר 2,פאלאס,TR,צלחות מרק טופ סטאר 2,Unknown,0.00,יחידה,false,,5.90,0.0000,true,1,100085
7290112482297,false,קעריות אובלי טופ סטא,פאלאס,TR,קעריות אובלי טופ סטא,Unknown,0.00,יחידה,false,,3.90,0.0000,true,1,100081
7290112482303,false,מגבונים קשת 7*72 יח,פאלאס,IL,מגבונים קשת 7*72 יח,Unknown,0.00,יחידה,false,,15.90,0.0000,true,1,100391
7290112482327,false,"צלחות קטנות קשת 1 ק""",פאלאס,CN,"צלחות קטנות קשת 1 ק""",Unknown,0.00,יחידה,false,,37.90,0.0000,true,1,103954
7290112482358,false,צלחות גדולות קיסר לב,פאלאס,CN,צלחות גדולות קיסר לב,Unknown,0.00,יחידה,false,,21.90,0.0000,true,1,114239
7290112482365,false,צלחות ענקיות קיסר לב,פאלאס,CN,צלחות ענקיות קיסר לב,Unknown,0.00,יחידה,false,,27.90,0.0000,true,1,114240
7290112482402,false,צלחות גדולות קיסר שח,פאלאס,CN,צלחות גדולות קיסר שח,Unknown,0.00,יחידה,false,,21.90,0.0000,true,1,114242
7290112482419,false,צלחות ענקיות קיסר שח,פאלאס,CN,צלחות ענקיות קיסר שח,Unknown,0.00,יחידה,false,,27.90,0.0000,true,1,114243
7290112482433,false,לפתניות קיסר שחור כס,פאלאס,CN,לפתניות קיסר שחור כס,Unknown,0.00,יחידה,false,,11.90,0.0000,true,1,114233
7290112482440,false,צלחות קטנות לוקה לבן,פאלאס,CN,צלחות קטנות לוקה לבן,Unknown,0.00,יחידה,false,,15.90,0.0000,true,1,114248
7290112482471,false,צלחות מרק לוקה לבן כ,פאלאס,CN,צלחות מרק לוקה לבן כ,Unknown,0.00,יחידה,false,,17.90,0.0000,true,1,114251
7290112482495,false,קעריות אובליות לוקה,פאלאס,CN,קעריות אובליות לוקה,Unknown,0.00,יחידה,false,,14.90,0.0000,true,1,114245
7290112482518,false,צלחות גדולות לוקה לב,פאלאס,CN,צלחות גדולות לוקה לב,Unknown,0.00,יחידה,false,,19.90,0.0000,true,1,114252
7290112482587,false,מארז צלחות לוקה ענק+,NINGBO,CN,מארז צלחות לוקה ענק+,Unknown,0.00,יחידה,false,,69.90,0.0000,true,1,102610
7290112482631,false,מגש תחרה בלו שיין 4,פאלאס,CN,מגש תחרה בלו שיין 4,Unknown,0.00,יחידה,false,,19.90,0.0000,true,1,102697
7290112482860,false,מפת אלבד מוטבע גליל,פאלאס,CN,מפת אלבד מוטבע גליל,Unknown,0.00,יחידה,false,,39.90,0.0000,true,1,118845
7290112482891,false,צלחות קטנות פרח זהב,פאלאס,TR,צלחות קטנות פרח זהב,Unknown,0.00,יחידה,false,,14.90,0.0000,true,1,102845
7290112482945,false,צלחות גדולות פרח כסף,פאלאס,TR,צלחות גדולות פרח כסף,Unknown,0.00,יחידה,false,,17.90,0.0000,true,1,102848
7290112482952,false,צלחות מרק פרח כסף לפ,פאלאס,TR,צלחות מרק פרח כסף לפ,Unknown,0.00,יחידה,false,,14.90,0.0000,true,1,102855
7290112482969,false,צלחות לפתן פרח כסף ל,פאלאס,TR,צלחות לפתן פרח כסף ל,Unknown,0.00,יחידה,false,,7.90,0.0000,true,1,102842
7290112483010,false,צלחות קטנות פרח שחור,פאלאס,TR,צלחות קטנות פרח שחור,Unknown,0.00,יחידה,false,,14.90,0.0000,true,1,102849
7290112483027,false,צלחות גדולות פרח שחו,פאלאס,TR,צלחות גדולות פרח שחו,Unknown,0.00,יחידה,false,,17.90,0.0000,true,1,102850
7290112483034,false,צלחות מרק פרח שחור ל,פאלאס,TR,צלחות מרק פרח שחור ל,Unknown,0.00,יחידה,false,,14.90,0.0000,true,1,102862
7290112483058,false,צלחות קטנות פרח קרם,פאלאס,TR,צלחות קטנות פרח קרם,Unknown,0.00,יחידה,false,,14.90,0.0000,true,1,102851
7290112483065,false,צלחות גדולות פרח קרם,פאלאס,TR,צלחות גדולות פרח קרם,Unknown,0.00,יחידה,false,,17.90,0.0000,true,1,102852
7290112483072,false,צלחות מרק פרח קרם לפ,פאלאס,TR,צלחות מרק פרח קרם לפ,Unknown,0.00,יחידה,false,,14.90,0.0000,true,1,102853
7290112483195,false,מיכל 3 ליטר 7 יח,NINGBO,CN,מיכל 3 ליטר 7 יח,Unknown,0.00,יחידה,false,,19.90,0.0000,true,1,102028
7290112483362,false,"תבניות ח""פ עגול קשת",פאלאס,CN,"תבניות ח""פ עגול קשת",Unknown,0.00,יחידה,false,,19.90,0.0000,true,1,103533
7290112483379,false,"תבניות ח""פ מלבן קשת",פאלאס,CN,"תבניות ח""פ מלבן קשת",Unknown,0.00,יחידה,false,,19.90,0.0000,true,1,103534
7290112483386,false,"תבניות ח""פ עמוקות קש",פאלאס,CN,"תבניות ח""פ עמוקות קש",Unknown,0.00,יחידה,false,,19.90,0.0000,true,1,103535
7290112483393,false,"תבניות ח""פ בינוניות",פאלאס,CN,"תבניות ח""פ בינוניות",Unknown,0.00,יחידה,false,,19.90,0.0000,true,1,103536
7290112483409,false,"תבניות ח""פ גדולות קש",פאלאס,CN,"תבניות ח""פ גדולות קש",Unknown,0.00,יחידה,false,,19.90,0.0000,true,1,103537
7290112483416,false,"תבניות ח""פ ענק קשת 1",פאלאס,CN,"תבניות ח""פ ענק קשת 1",Unknown,0.00,יחידה,false,,19.90,0.0000,true,1,103538
7290112483423,false,"תבניות ח""פ אינגליש א",פאלאס,CN,"תבניות ח""פ אינגליש א",Unknown,0.00,יחידה,false,,19.90,0.0000,true,1,103539
7290112483430,false,כפות שקופות לפיד 50,פאלאס,TR,כפות שקופות לפיד 50,Unknown,0.00,יחידה,false,,7.50,0.0000,true,1,106898
7290112483447,false,כפיות שקופות לפיד 50,פאלאס,TR,כפיות שקופות לפיד 50,Unknown,0.00,יחידה,false,,7.50,0.0000,true,1,106899
7290112483454,false,מזלגות שקופות לפיד 5,פאלאס,TR,מזלגות שקופות לפיד 5,Unknown,0.00,יחידה,false,,7.50,0.0000,true,1,106900
7290112483560,false,מפיות מודפסות תלת שכ,פאלאס,CN,מפיות מודפסות תלת שכ,Unknown,0.00,יחידה,false,,9.90,0.0000,true,1,104432
7290112483591,false,צלחות קטנות רנסנס לב,פאלאס,TR,צלחות קטנות רנסנס לב,Unknown,0.00,יחידה,false,,39.90,0.0000,true,1,104818
7290112483607,false,צלחות גדולות רנסנס ל,פאלאס,TR,צלחות גדולות רנסנס ל,Unknown,0.00,יחידה,false,,59.90,0.0000,true,1,104819
7290112483614,false,צלחות ענק רנסנס לבן,פאלאס,TR,צלחות ענק רנסנס לבן,Unknown,0.00,יחידה,false,,69.90,0.0000,true,1,104820
7290112483621,false,צלחות מרק רנסנס לבן,פאלאס,CN,צלחות מרק רנסנס לבן,Unknown,0.00,יחידה,false,,46.90,0.0000,true,1,104821
7290112483638,false,לפתניות רנסנס לבן מו,פאלאס,TR,לפתניות רנסנס לבן מו,Unknown,0.00,יחידה,false,,32.90,0.0000,true,1,104822
7290112483652,false,צלחות קטנות רויאל בל,פאלאס,CN,צלחות קטנות רויאל בל,Unknown,0.00,יחידה,false,,39.90,0.0000,true,1,105836
7290112483676,false,צלחות ענק רויאל 30 י,פאלאס,TR,צלחות ענק רויאל 30 י,Unknown,0.00,יחידה,false,,69.90,0.0000,true,1,105838
7290112483690,false,לפתניות רויאל בלו שי,פאלאס,CN,לפתניות רויאל בלו שי,Unknown,0.00,יחידה,false,,32.90,0.0000,true,1,105840
7290112483706,false,קעריות אובלי רויאל ב,פאלאס,IL,קעריות אובלי רויאל ב,Unknown,0.00,יחידה,false,,34.90,0.0000,true,1,105841
7290112483775,false,צלחות אובליות קיסר 3,פאלאס,CN,צלחות אובליות קיסר 3,Unknown,0.00,יחידה,false,,39.90,0.0000,true,1,104776
7290112483805,false,צלחות מרק גרניט 40 י,פאלאס,CN,צלחות מרק גרניט 40 י,Unknown,0.00,יחידה,false,,49.90,0.0000,true,1,104784
7290112484178,false,צלחות גדולות רוז פני,פאלאס,CN,צלחות גדולות רוז פני,Unknown,0.00,יחידה,false,,49.90,0.0000,true,1,110600
7290112484185,false,צלחות ענק רוז פנינה,פאלאס,CN,צלחות ענק רוז פנינה,Unknown,0.00,יחידה,false,,69.90,0.0000,true,1,110601
7290112484352,false,צלחות ענק נעימות 50,פאלאס,TR,צלחות ענק נעימות 50,Unknown,0.00,יחידה,false,,39.90,0.0000,true,1,106689
7290112484369,false,צלחות לפתן נעימות 10,פאלאס,TR,צלחות לפתן נעימות 10,Unknown,0.00,יחידה,false,,22.90,0.0000,true,1,106691
7290112484406,false,"כוסות ח""פ קשת 200 מ""",פאלאס,GR,"כוסות ח""פ קשת 200 מ""",Unknown,0.00,יחידה,false,,34.90,0.0000,true,1,106315
7290112484420,false,כוסות נייר 168 יח 26,פאלאס,CN,כוסות נייר 168 יח 26,Unknown,0.00,יחידה,false,,29.90,0.0000,true,1,108859
7290112484444,false,כוסות נייר 116 יח 35,פאלאס,CN,כוסות נייר 116 יח 35,Unknown,0.00,יחידה,false,,29.90,0.0000,true,1,108427
7290112484512,false,קעריות אובלי קיסר שח,פאלאס,CN,קעריות אובלי קיסר שח,Unknown,0.00,יחידה,false,,14.90,0.0000,true,1,114235
7290112484772,false,צלחות מרק רוז שחור ב,פאלאס,CN,צלחות מרק רוז שחור ב,Unknown,0.00,יחידה,false,,44.90,0.0000,true,1,110606
7290112484802,false,"כוסות ח""פ 100 יח צבע",פאלאס,CN,"כוסות ח""פ 100 יח צבע",Unknown,0.00,יחידה,false,,5.90,0.0000,true,1,108098
7290112484819,false,צלחות קטנות נעימות ש,פאלאס,TR,צלחות קטנות נעימות ש,Unknown,0.00,יחידה,false,,29.90,0.0000,true,1,108775
7290112484826,false,צלחות גדולות נעימות,ב פ תעשיות,IL,צלחות גדולות נעימות,Unknown,0.00,יחידה,false,,49.90,0.0000,true,1,107530
7290112484833,false,צלחות ענק נעימות שקו,פאלאס,CN,צלחות ענק נעימות שקו,Unknown,0.00,יחידה,false,,59.90,0.0000,true,1,108784
7290112484840,false,צלחות מרק נעימות שקו,ב פ תעשיות,IL,צלחות מרק נעימות שקו,Unknown,0.00,יחידה,false,,32.90,0.0000,true,1,108776
7290112484857,false,צלחות לפתן נעימות שק,פאלאס,TR,צלחות לפתן נעימות שק,Unknown,0.00,יחידה,false,,22.90,0.0000,true,1,108777
7290112484895,false,צלחות גדולות חזקות ב,פאלאס,CN,צלחות גדולות חזקות ב,Unknown,0.00,יחידה,false,,32.90,0.0000,true,1,109586
7290112484901,false,תבניות מאפינס קשת 72,פאלאס,CN,תבניות מאפינס קשת 72,Unknown,0.00,יחידה,false,,9.90,0.0000,true,1,113218
7290112484925,false,מפת ניילון סופר עבה,פאלאס,IL,מפת ניילון סופר עבה,מטרים,35.00,מטר,false,,39.90,1.1400,true,1,109759
7290112484970,false,כפות איכותיים רנסנס,פאלאס,TR,כפות איכותיים רנסנס,Unknown,0.00,יחידה,false,,19.90,0.0000,true,1,110419
7290112484987,false,כפיות איכותיים רנסנס,פאלאס,TR,כפיות איכותיים רנסנס,Unknown,0.00,יחידה,false,,19.90,0.0000,true,1,110421
7290112484994,false,מזלגות איכותיים רנסנ,פאלאס,TR,מזלגות איכותיים רנסנ,Unknown,0.00,יחידה,false,,19.90,0.0000,true,1,110420
7290112485007,false,סכינים איכותיים רנסנ,פאלאס,TR,סכינים איכותיים רנסנ,Unknown,0.00,יחידה,false,,19.90,0.0000,true,1,110422
7290112485250,false,סט סכום מהודר כסף נצ,פאלאס,CN,סט סכום מהודר כסף נצ,Unknown,0.00,יחידה,false,,29.90,0.0000,true,1,116175
7290112485335,false,מארז צלחות רוז שחור,פאלאס,TR,מארז צלחות רוז שחור,Unknown,0.00,יחידה,false,,24.90,0.0000,true,1,113562
7290112485342,false,צלחות קטנות אמריקאיו,ב פ תעשיות,IL,צלחות קטנות אמריקאיו,Unknown,0.00,יחידה,false,,26.90,0.0000,true,1,113298
7290112485359,false,צלחות גדולות אמריקאי,ב פ תעשיות,IL,צלחות גדולות אמריקאי,Unknown,0.00,יחידה,false,,34.90,0.0000,true,1,113299
7290112485366,false,צלחות ענק אמריקאי לב,פאלאס,TR,צלחות ענק אמריקאי לב,Unknown,0.00,יחידה,false,,49.90,0.0000,true,1,113297
7290112485373,false,מרקיות אמריקאיות בלו,ב פ תעשיות,IL,מרקיות אמריקאיות בלו,Unknown,0.00,יחידה,false,,26.90,0.0000,true,1,113300
7290112485380,false,לפתניות אמריקאיות בל,ב פ תעשיות,IL,לפתניות אמריקאיות בל,Unknown,0.00,יחידה,false,,14.90,0.0000,true,1,113301
7290112485502,false,סט סכום מהודר כסוף ב,פאלאס,CN,סט סכום מהודר כסוף ב,Unknown,0.00,יחידה,false,,49.90,0.0000,true,1,116177
7290112485519,false,מגש מלבן קיסר לפיד 4,פאלאס,CN,מגש מלבן קיסר לפיד 4,Unknown,0.00,יחידה,false,,11.90,0.0000,true,1,115979
7290112485526,false,מגש מרובע קיסר לפיד,פאלאס,CN,מגש מרובע קיסר לפיד,Unknown,0.00,יחידה,false,,9.90,0.0000,true,1,115974
7290112485540,false,מגש מרובע גדול קיסר,פאלאס,CN,מגש מרובע גדול קיסר,Unknown,0.00,יחידה,false,,11.90,0.0000,true,1,115976
7290112485571,false,כוסות קיסר לפיד 10 י,פאלאס,CN,כוסות קיסר לפיד 10 י,Unknown,0.00,יחידה,false,,10.90,0.0000,true,1,115980
7290112485595,false,מארז מרקיות + לפתניו,פאלאס,CN,מארז מרקיות + לפתניו,Unknown,0.00,יחידה,false,,49.90,0.0000,true,1,116047
7290112485601,false,כוס קריסטל פסים לפיד,פאלאס,CN,כוס קריסטל פסים לפיד,Unknown,0.00,יחידה,false,,24.90,0.0000,true,1,116048
7290112485618,false,כוס קריסטל פסים לפיד,פאלאס,CN,כוס קריסטל פסים לפיד,Unknown,0.00,יחידה,false,,29.90,0.0000,true,1,116049
7290112485625,false,כוסות נייר 50 יח 210,פאלאס,TR,כוסות נייר 50 יח 210,Unknown,0.00,יחידה,false,,7.90,0.0000,true,1,113305
7290112485892,false,מפיות חד שכבתי קשת 1,פאלאס,TR,מפיות חד שכבתי קשת 1,Unknown,0.00,יחידה,false,,5.90,0.0000,true,1,117755
7290112486011,false,צלחות לפתן פאלאס 150,פאלאס,IL,צלחות לפתן פאלאס 150,Unknown,0.00,יחידה,false,,19.90,0.0000,true,1,116389
7290112486028,false,צלחות קטנות פאלאס 12,פאלאס,IL,צלחות קטנות פאלאס 12,Unknown,0.00,יחידה,false,,19.90,0.0000,true,1,117620
7290112486035,false,צלחות גדולות פאלאס 8,פאלאס,IL,צלחות גדולות פאלאס 8,Unknown,0.00,יחידה,false,,19.90,0.0000,true,1,116678
7290112486042,false,צלחות מרק 70 יח' פאל,פאלאס,IL,צלחות מרק 70 יח' פאל,Unknown,0.00,יחידה,false,,19.90,0.0000,true,1,116611
7290112486059,false,צלחות ענק פאלאס 70 י,פאלאס,IL,צלחות ענק פאלאס 70 י,Unknown,0.00,יחידה,false,,19.90,0.0000,true,1,116612
7290112486066,false,קערות אובלית פאלאס 8,פאלאס,IL,קערות אובלית פאלאס 8,Unknown,0.00,יחידה,false,,19.90,0.0000,true,1,118678
7290112493934,false,גלידה קרמיסימו וניל,גלידות שטראוס,IL,גלידה קרמיסימו וניל,קילוגרמים,1.33,ליטר,false,,16.90,12.7068,true,1,103631
7290112494221,false,קליק ביסקוויט 65 גרם,יוניליוור,IL,קליק ביסקוויט 65 גרם,גרמים,65.00,100 גרם,false,,4.90,7.5385,true,1,102750
7290112494238,false,קליק שוקולד חלב 65 ג,יוניליוור,IL,קליק שוקולד חלב 65 ג,גרמים,65.00,100 גרם,false,,4.90,7.5385,true,1,102752
7290112494276,false,קליק כריות 65 גרם,יוניליוור,IL,קליק כריות 65 גרם,גרמים,65.00,100 גרם,false,,4.90,7.5385,true,1,102960
7290112494283,false,קליק חום לבן מעורב 6,יוניליוור,IL,קליק חום לבן מעורב 6,גרמים,65.00,100 גרם,false,,4.90,7.5385,true,1,102753
7290112494313,false,קליק קורנפלקס 65 גרם,יוניליוור,IL,קליק קורנפלקס 65 גרם,גרמים,65.00,100 גרם,false,,4.90,7.5385,true,1,102754
7290112494351,false,קורנפלקס של אלופים 8,יוניליוור,IL,קורנפלקס של אלופים 8,גרמים,850.00,100 גרם,false,,15.90,1.8706,true,1,104516
7290112495006,false,"כריות נוגט בד""צ 686",יוניליוור,IL,"כריות נוגט בד""צ 686",גרמים,686.00,100 גרם,false,,21.90,3.1924,true,1,102763
7290112497499,false,שוקולד קליק לבן עוגי,יוניליוור,IL,שוקולד קליק לבן עוגי,גרמים,85.00,100 גרם,false,,4.90,5.7647,true,1,111795
7290112498885,false,שלגוני גודיס תות ושו,גלידות שטראוס,IL,שלגוני גודיס תות ושו,גרמים,235.00,100 גרם,false,,19.50,8.2979,true,1,110824
7290112499189,false,גלידה קרמיסימו חד קר,גלידות שטראוס,IL,גלידה קרמיסימו חד קר,קילוגרמים,1.33,ליטר,false,,16.90,12.7068,true,1,117229
7290112499776,false,שלגוני גודיס שלושת ש,גלידות שטראוס,IL,שלגוני גודיס שלושת ש,גרמים,235.00,100 גרם,false,,19.50,8.2979,true,1,105827
7290112870230,false,קרנבל זיתים ב.דרום 8,בני דרום,IL,קרנבל זיתים ב.דרום 8,גרמים,820.00,100 גרם,false,,11.90,1.4512,true,1,98050
7290112870247,false,ממרח פסטו בזיליקום ב,בני דרום,IL,ממרח פסטו בזיליקום ב,גרמים,190.00,100 גרם,false,,9.90,5.2105,true,1,97268
7290112870254,false,ממרח עגבניות מיובשות,בני דרום,IL,ממרח עגבניות מיובשות,גרמים,190.00,100 גרם,false,,9.90,5.2105,true,1,97269
7290112870261,false,ממרח ארטישוק בני דרו,בני דרום,IL,ממרח ארטישוק בני דרו,גרמים,190.00,100 גרם,false,,9.90,5.2105,true,1,97270
7290112870278,false,ממרח טפנד זיתים מרינ,בני דרום,IL,ממרח טפנד זיתים מרינ,גרמים,190.00,100 גרם,false,,9.90,5.2105,true,1,97265
7290112870285,false,ממרח טפנד זיתים בני,בני דרום,IL,ממרח טפנד זיתים בני,גרמים,190.00,100 גרם,false,,9.90,5.2105,true,1,97271
7290112870292,false,ממרח צימיצורי בני דר,בני דרום,IL,ממרח צימיצורי בני דר,גרמים,190.00,100 גרם,false,,9.90,5.2105,true,1,97267
7290112870308,false,ממרח פלפל אדום בני ד,בני דרום,IL,ממרח פלפל אדום בני ד,גרמים,190.00,100 גרם,false,,9.90,5.2105,true,1,97266
7290112870315,false,זית טבעות ירוק בני ד,בני דרום,IL,זית טבעות ירוק בני ד,פריט,3.00,"ק""ג",false,,29.90,9.9667,true,1,100015
7290112961266,false,בייגלה כפיות איטלקי,אסם,IL,בייגלה כפיות איטלקי,גרמים,300.00,100 גרם,false,,7.90,2.6333,true,1,100275
7290112961327,false,בייגלה כפיות כפרי 30,אסם,IL,בייגלה כפיות כפרי 30,גרמים,300.00,100 גרם,false,,7.90,2.6333,true,1,100276
7290112961372,false,חטיפי פריכיות קינמון,אסם,IL,חטיפי פריכיות קינמון,גרמים,60.00,100 גרם,false,,7.50,12.5000,true,1,98740
7290112961464,false,חטיפי פריכיות מתובלו,אסם,IL,חטיפי פריכיות מתובלו,גרמים,60.00,100 גרם,false,,7.50,12.5000,true,1,98741
7290112961754,false,עוגיות שוקולד ציפס מ,אסם,IL,עוגיות שוקולד ציפס מ,גרמים,200.00,100 גרם,false,,7.90,3.9500,true,1,99184
7290112963321,false,בייגלה שטוח גרפיטי ל,אסם,IL,בייגלה שטוח גרפיטי ל,גרמים,300.00,100 גרם,false,,11.90,3.9667,true,1,105849
7290112963529,false,טילוני אקסטרים שוקו,גלידות נסטלה,IL,טילוני אקסטרים שוקו,גרמים,432.00,100 גרם,false,,23.90,5.5324,true,1,100533
7290112963918,false,קרקר דק רוזמרין פיטנ,אסם,IL,קרקר דק רוזמרין פיטנ,גרמים,140.00,100 גרם,false,,10.90,7.7857,true,1,101690
7290112964472,false,רוטב שום אסם 290 גרם,אסם,IL,רוטב שום אסם 290 גרם,גרמים,290.00,100 גרם,false,,8.90,3.0690,true,1,101590
7290112964502,false,רוטב אלף האיים אסם 6,אסם,IL,רוטב אלף האיים אסם 6,גרמים,600.00,100 גרם,false,,14.90,2.4833,true,1,101591
7290112964625,false,רוטב שום לייט אסם 31,אסם,IL,רוטב שום לייט אסם 31,גרמים,310.00,100 גרם,false,,8.90,2.8710,true,1,101592
7290112964724,false,המבורגר צמחוני טבעול,טבעול ישראל,IL,המבורגר צמחוני טבעול,גרמים,580.00,100 גרם,false,,29.90,5.1552,true,1,101655
7290112965165,false,מרק נמס פטריות אסם 2,אסם,IL,מרק נמס פטריות אסם 2,גרמים,48.00,100 גרם,false,,4.90,10.2083,true,1,103521
7290112965240,false,מרק נמס עגבניות אסם,אסם,IL,מרק נמס עגבניות אסם,גרמים,60.00,100 גרם,false,,4.90,8.1667,true,1,103522
7290112965288,false,מרק נמס ירקות אסם 2*,אסם,IL,מרק נמס ירקות אסם 2*,גרמים,56.00,100 גרם,false,,4.90,8.7500,true,1,108114
7290112965301,false,מרק נמס עוף אסם 2*26,אסם,IL,מרק נמס עוף אסם 2*26,גרמים,52.00,100 גרם,false,,4.90,9.4231,true,1,103523
7290112965745,false,ביסלי פריסטייל בצל מ,אסם,IL,ביסלי פריסטייל בצל מ,גרמים,60.00,100 גרם,false,,3.90,6.5000,true,1,112151
7290112965967,false,נאגטס ירקות כתומים ט,טבעול ישראל,IL,נאגטס ירקות כתומים ט,גרמים,500.00,100 גרם,false,,29.90,5.9800,true,1,108713
7290112966094,false,עוגת תפוז מופחתת סוכ,אסם,IL,עוגת תפוז מופחתת סוכ,גרמים,400.00,100 גרם,false,,10.90,2.7250,true,1,103658
7290112966247,false,לחמית כוסמין 200 גרם,אסם,IL,לחמית כוסמין 200 גרם,גרמים,200.00,100 גרם,false,,8.90,4.4500,true,1,108025
7290112966803,false,פודינג אינסטנט שוקול,אסם,IL,פודינג אינסטנט שוקול,גרמים,88.00,100 גרם,false,,4.90,5.5682,true,1,105533
7290112966841,false,פודינג אינסטנט שוקול,אסם,IL,פודינג אינסטנט שוקול,גרמים,90.00,100 גרם,false,,4.90,5.4444,true,1,105534
7290112967114,false,חטיפי פריכיות קטניות,אסם,IL,חטיפי פריכיות קטניות,גרמים,60.00,100 גרם,false,,7.50,12.5000,true,1,105844
7290112967152,false,מארז במבה מתוקה  15*,אסם,IL,מארז במבה מתוקה  15*,גרמים,225.00,100 גרם,false,,17.90,7.9556,true,1,103650
7290112967381,false,חטיפי פריכיות קטניות,אסם,IL,חטיפי פריכיות קטניות,גרמים,60.00,100 גרם,false,,7.50,12.5000,true,1,105845
7290112967572,false,רוטב ברביקיו אסם 290,אסם,IL,רוטב ברביקיו אסם 290,גרמים,290.00,100 גרם,false,,8.90,3.0690,true,1,103526
7290112967848,false,גלי בטעם תות מופחת ס,אסם,IL,גלי בטעם תות מופחת ס,גרמים,85.00,100 גרם,false,,5.90,6.9412,true,1,111185
7290112968340,false,חומוס גרוס גס גס צבר,צבר,IL,חומוס גרוס גס גס צבר,גרמים,400.00,100 גרם,false,,11.90,2.9750,true,1,104073
7290112968708,false,שניצל תירס טבעול 1.3,טבעול ישראל,IL,שניצל תירס טבעול 1.3,פריט,1.30,"ק""ג",false,,39.90,30.6923,true,1,105172
7290112968722,false,נקניקיות מן הצומח טב,טבעול ישראל,IL,נקניקיות מן הצומח טב,פריט,1.20,"ק""ג",false,,39.90,33.2500,true,1,105173
7290112968807,false,קרקר דק סלק פיטנס 14,אסם,IL,קרקר דק סלק פיטנס 14,גרמים,140.00,100 גרם,false,,10.90,7.7857,true,1,108928
7290112968821,false,קרקר דק בטטה פיטנס 1,אסם,IL,קרקר דק בטטה פיטנס 1,גרמים,140.00,100 גרם,false,,10.90,7.7857,true,1,108929
7290113190375,false,סילאן טבעי שקדיה 900,שקדיה,TR,סילאן טבעי שקדיה 900,גרמים,900.00,100 גרם,false,,17.90,1.9889,true,1,99498
7290113190863,false,סילאן טבעי לחיץ שקדי,שקדיה,IL,סילאן טבעי לחיץ שקדי,גרמים,385.00,100 גרם,false,,11.90,3.0909,true,1,107286
7290113191006,false,פפריקה מתוקה יוחאי ב,תבליני בר,IL,פפריקה מתוקה יוחאי ב,גרמים,250.00,100 גרם,false,,14.90,5.9600,true,1,100516
7290113191013,false,פפריקה חריפה יוחאי ב,תבליני בר,IL,פפריקה חריפה יוחאי ב,גרמים,250.00,100 גרם,false,,14.90,5.9600,true,1,100517
7290113191020,false,פלפל שחור טחון יוחאי,תבליני בר,IL,פלפל שחור טחון יוחאי,גרמים,250.00,100 גרם,false,,14.90,5.9600,true,1,100518
7290113191037,false,פלפל שחור גרוס יוחאי,תבליני בר,IL,פלפל שחור גרוס יוחאי,גרמים,250.00,100 גרם,false,,14.90,5.9600,true,1,100519
7290113191044,false,כמון יוחאי ביטון 250,תבליני בר,IL,כמון יוחאי ביטון 250,גרמים,250.00,100 גרם,false,,14.90,5.9600,true,1,100520
7290113191051,false,כורכום יוחאי ביטון 2,תבליני בר,IL,כורכום יוחאי ביטון 2,גרמים,250.00,100 גרם,false,,14.90,5.9600,true,1,100521
7290113191068,false,גריל עוף יוחאי ביטון,תבליני בר,IL,גריל עוף יוחאי ביטון,גרמים,250.00,100 גרם,false,,14.90,5.9600,true,1,100522
7290113191099,false,סירופ מייפל טהור 250,שקדיה,IL,סירופ מייפל טהור 250,מיליליטרים,250.00,"100 מ""ל",false,,19.90,7.9600,true,1,115070
7290113191921,false,"סירופ מלבי 750 מ""ל",פוליבה,IL,"סירופ מלבי 750 מ""ל",מיליליטרים,750.00,"100 מ""ל",false,,16.90,2.2533,true,1,103869
7290113191938,false,תרכיז שקדים רוזטה 75,פוליבה,IL,תרכיז שקדים רוזטה 75,מיליליטרים,750.00,"100 מ""ל",false,,16.90,2.2533,true,1,102208
7290113192218,false,אבקה להכנת מלבי שקדי,עין חרוד,IL,אבקה להכנת מלבי שקדי,גרמים,500.00,100 גרם,false,,13.90,2.7800,true,1,103843
7290113192331,false,זית מנזלינו בית השיט,בית השיטה,IL,זית מנזלינו בית השיט,גרמים,560.00,100 גרם,false,,9.50,1.6964,true,1,103559
7290113192348,false,זית שום בית השיטה 56,בית השיטה,IL,זית שום בית השיטה 56,גרמים,560.00,100 גרם,false,,9.50,1.6964,true,1,103560
7290113192355,false,זית חרוזית בית השיטה,בית השיטה,IL,זית חרוזית בית השיטה,גרמים,560.00,100 גרם,false,,8.50,1.5179,true,1,103561
7290113192362,false,זית טבעות בית השיטה,בית השיטה,IL,זית טבעות בית השיטה,גרמים,560.00,100 גרם,false,,9.50,1.6964,true,1,103562
7290113192379,false,זית מבוקע בית השיטה,בית השיטה,IL,זית מבוקע בית השיטה,גרמים,560.00,100 גרם,false,,8.90,1.5893,true,1,103563
7290113192393,false,זית קוקטייל בית השיט,בית השיטה,IL,זית קוקטייל בית השיט,גרמים,560.00,100 גרם,false,,9.90,1.7679,true,1,103564
7290113192478,false,מלפפון במלח 10-12 בי,בית השיטה,IL,מלפפון במלח 10-12 בי,גרמים,560.00,100 גרם,false,,6.90,1.2321,true,1,103565
7290113192485,false,מלפפון בחומץ 10-12 ב,בית השיטה,IL,מלפפון בחומץ 10-12 ב,גרמים,560.00,100 גרם,false,,6.90,1.2321,true,1,103566
7290113192492,false,מלפפון בחומץ 13-17 ב,בית השיטה,IL,מלפפון בחומץ 13-17 ב,גרמים,560.00,100 גרם,false,,8.90,1.5893,true,1,103567
7290113192508,false,מלפפון במלח 13-17 בי,בית השיטה,IL,מלפפון במלח 13-17 בי,גרמים,560.00,100 גרם,false,,8.90,1.5893,true,1,103568
7290113192515,false,מלפפון במלח 18-25 בי,בית השיטה,IL,מלפפון במלח 18-25 בי,גרמים,560.00,100 גרם,false,,9.90,1.7679,true,1,103569
7290113192522,false,מלפפון בחומץ 18-25 ב,בית השיטה,IL,מלפפון בחומץ 18-25 ב,גרמים,560.00,100 גרם,false,,9.90,1.7679,true,1,103570
7290113192539,false,מלפפון במלח 7-9 בית,בית השיטה,IL,מלפפון במלח 7-9 בית,גרמים,560.00,100 גרם,false,,6.30,1.1250,true,1,103571
7290113192546,false,מלפפון בחומץ 7-9 בית,בית השיטה,IL,מלפפון בחומץ 7-9 בית,גרמים,560.00,100 גרם,false,,6.30,1.1250,true,1,103572
7290113192560,false,פלפל שיפקה בית השיטה,בית השיטה,IL,פלפל שיפקה בית השיטה,גרמים,560.00,100 גרם,false,,6.50,1.1607,true,1,103573
7290113192577,false,כרוב כבוש בית השיטה,בית השיטה,IL,כרוב כבוש בית השיטה,גרמים,560.00,100 גרם,false,,6.90,1.2321,true,1,105967
7290113192997,false,זית שחור מרוקאי בית,בית השיטה,IL,זית שחור מרוקאי בית,גרמים,340.00,100 גרם,false,,11.90,3.5000,true,1,114092
7290113193000,false,פלפל שיפקונית בית הש,בית השיטה,IL,פלפל שיפקונית בית הש,גרמים,560.00,100 גרם,false,,9.90,1.7679,true,1,105968
7290113193017,false,זית חרוזית קוקטייל ב,בית השיטה,IL,זית חרוזית קוקטייל ב,גרמים,560.00,100 גרם,false,,11.50,2.0536,true,1,105973
7290113193031,false,זית חרוזית קלמטה בית,בית השיטה,IL,זית חרוזית קלמטה בית,גרמים,560.00,100 גרם,false,,11.50,2.0536,true,1,105969
7290113193321,false,שמן זית כתית מעולה ב,בית השיטה,IL,שמן זית כתית מעולה ב,מיליליטרים,750.00,"100 מ""ל",false,,27.90,3.7200,true,1,108380
7290113193406,false,זית טבעות קוקטייל בי,בית השיטה,IL,זית טבעות קוקטייל בי,גרמים,560.00,100 גרם,false,,9.90,1.7679,true,1,105970
7290113194601,false,מובחרים מן הטבע 500,דין שיווק,IL,מובחרים מן הטבע 500,גרמים,500.00,100 גרם,false,,9.90,1.9800,true,1,106513
7290113194618,false,קוואקר מובחרים מן הט,דין שיווק,IL,קוואקר מובחרים מן הט,גרמים,700.00,100 גרם,false,,4.90,0.7000,true,1,106515
7290113194625,false,מובחרים מן הטבע 300,דין שיווק,IL,מובחרים מן הטבע 300,גרמים,300.00,100 גרם,false,,9.90,3.3000,true,1,106514
7290113194632,false,ממרח שקדים שקדיה 500,פוליבה,IL,ממרח שקדים שקדיה 500,גרמים,500.00,100 גרם,false,,39.90,7.9800,true,1,107730
7290113195837,false,מובחרים מן הטבע 250,דין שיווק,IL,מובחרים מן הטבע 250,גרמים,250.00,100 גרם,false,,9.90,3.9600,true,1,107302
7290113195844,false,מובחרים מן הטבע 400,דין שיווק,IL,מובחרים מן הטבע 400,גרמים,400.00,100 גרם,false,,9.90,2.4750,true,1,107303
7290113195851,false,מובחרים מן הטבע 800,דין שיווק,IL,מובחרים מן הטבע 800,גרמים,800.00,100 גרם,false,,9.90,1.2375,true,1,107304
7290113195868,false,מובחרים מן הטבע 200,דין שיווק,IL,מובחרים מן הטבע 200,גרמים,200.00,100 גרם,false,,9.90,4.9500,true,1,107305
7290113196339,false,מלפפונים קורנישונים,,IN,מלפפונים קורנישונים,גרמים,680.00,100 גרם,false,,9.90,1.4559,true,1,112769
7290113196414,false,אורז בסמטי שקדיה 1 ק,שקדיה,IN,אורז בסמטי שקדיה 1 ק,פריט,1.00,"ק""ג",false,,9.90,9.9000,true,1,113128
7290113196490,false,פריכיות כוסמת זרעי צ,שקדיה,IL,פריכיות כוסמת זרעי צ,גרמים,150.00,100 גרם,false,,10.90,7.2667,true,1,112772
7290113196506,false,פריכיות כוסמת ללא מל,שקדיה,IL,פריכיות כוסמת ללא מל,גרמים,150.00,100 גרם,false,,10.90,7.2667,true,1,112773
7290113196513,false,פריכיות כוסמת שקדים,שקדיה,IL,פריכיות כוסמת שקדים,גרמים,150.00,100 גרם,false,,10.90,7.2667,true,1,112774
7290113196520,false,פריכיות כוסמין ללא מ,שקדיה,IL,פריכיות כוסמין ללא מ,גרמים,150.00,100 גרם,false,,10.90,7.2667,true,1,112771
7290113196896,false,תרסיס שמן זית שקדיה,שקדיה,IL,תרסיס שמן זית שקדיה,מיליליטרים,170.00,"100 מ""ל",false,,14.90,8.7647,true,1,113563
7290113197152,false,לבבות דקל שלם בצנצנת,שקדיה,IL,לבבות דקל שלם בצנצנת,גרמים,410.00,100 גרם,false,,11.90,2.9024,true,1,113592
7290113199323,false,מיני טורטיה מקמח חיט,,TR,מיני טורטיה מקמח חיט,גרמים,150.00,100 גרם,false,,4.90,3.2667,true,1,119070
7290113199767,false,ממרח 100% שקדים שקדי,פפאיינס,TW,ממרח 100% שקדים שקדי,גרמים,300.00,100 גרם,false,,26.90,8.9667,true,1,117409
7290113199866,false,מיקס פיצוחים 450 גרם,דין שיווק,IL,מיקס פיצוחים 450 גרם,גרמים,450.00,100 גרם,false,,34.90,7.7556,true,1,115636
7290113199880,false,טורטיות בתוספת קמח כ,,TR,טורטיות בתוספת קמח כ,גרמים,360.00,100 גרם,false,,12.90,3.5833,true,1,117413
7290113456020,false,סוכריות גומילי בננה,טופ גאם,IL,סוכריות גומילי בננה,גרמים,500.00,100 גרם,false,,29.90,5.9800,true,1,118623
7290113456051,false,סוכריות גומילי נחשים,טופ גאם,IL,סוכריות גומילי נחשים,גרמים,500.00,100 גרם,false,,29.90,5.9800,true,1,118624
7290113456068,false,סוכריות גומילי לב אפ,טופ גאם,IL,סוכריות גומילי לב אפ,גרמים,500.00,100 גרם,false,,29.90,5.9800,true,1,118625
7290113469952,false,גבינה מגורדת גאודה 2,מלקוויטה,PL,גבינה מגורדת גאודה 2,גרמים,300.00,100 גרם,false,,7.90,2.6333,true,1,119050
7290114310215,false,שמנת מתוקה 38%  בבקב,טרה,IL,שמנת מתוקה 38%  בבקב,מיליליטרים,250.00,"100 מ""ל",false,,6.40,2.5600,true,1,105469
7290114310222,false,חלב מועשר 3% טרה 1.5,מילקו,IL,חלב מועשר 3% טרה 1.5,קילוגרמים,1.50,ליטר,false,,9.90,6.6000,true,1,106360
7290114310239,false,חלב מועשר נטול לקטוז,מילקו,IL,חלב מועשר נטול לקטוז,קילוגרמים,1.50,ליטר,false,,9.90,6.6000,true,1,106361
7290114310246,false,גבינה גרנה פדנו 29%,מחלבת משק צוריאל,IL,גבינה גרנה פדנו 29%,גרמים,125.00,100 גרם,false,,17.90,14.3200,true,1,111089
7290114310338,false,גבינה צפתית מעודנת 5,מחלבת משק צוריאל,IL,גבינה צפתית מעודנת 5,גרמים,225.00,100 גרם,false,,16.30,7.2444,true,1,110981
7290114310536,false,מולר אקטיב וניל לייט,טרה,IL,מולר אקטיב וניל לייט,גרמים,200.00,100 גרם,false,,5.50,2.7500,true,1,112281
7290114310550,false,גבינת פטה עיזים מעוד,מילקו,IL,גבינת פטה עיזים מעוד,מיליליטרים,200.00,"100 מ""ל",false,,23.90,11.9500,true,1,111107
7290114310567,false,לאבנה עיזים 5% צוריא,מילקו,IL,לאבנה עיזים 5% צוריא,גרמים,200.00,100 גרם,false,,13.90,6.9500,true,1,111108
7290114310611,false,"משקה בננה טרה 250 מ""",טרה,IL,"משקה בננה טרה 250 מ""",מיליליטרים,250.00,"100 מ""ל",false,,4.90,1.9600,true,1,116906
7290114310628,false,משקה וניל עוגיות טרה,טרה,IL,משקה וניל עוגיות טרה,קילוגרמים,1.00,ליטר,false,,9.90,9.9000,true,1,111662
7290114310673,false,לאבנה 9% טרה 250 גרם,טרה,IL,לאבנה 9% טרה 250 גרם,גרמים,250.00,100 גרם,false,,11.90,4.7600,true,1,111109
7290114310895,false,מארז מולר סימפלי תות,טרה,IL,מארז מולר סימפלי תות,קילוגרמים,1.20,ליטר,false,,25.90,21.5833,true,1,117861
7290114311014,false,משקה אייס קפוצ'ינו ט,טרה,IL,משקה אייס קפוצ'ינו ט,מיליליטרים,250.00,"100 מ""ל",false,,4.90,1.9600,true,1,116907
7290114311021,false,משקה וניל עוגיות טרה,טרה,IL,משקה וניל עוגיות טרה,מיליליטרים,250.00,"100 מ""ל",false,,4.90,1.9600,true,1,116901
7290114311038,false,שמנת מתוקה 32% בבקבו,טרה,IL,שמנת מתוקה 32% בבקבו,מיליליטרים,250.00,"100 מ""ל",false,,6.70,2.6800,true,1,116704
7290114311069,false,מולר אקטיב בטעם טבעי,מילקו,IL,מולר אקטיב בטעם טבעי,גרמים,200.00,100 גרם,false,,4.90,2.4500,true,1,116374
7290114311076,false,חמאה עם שום מולר 200,מילקו,IL,חמאה עם שום מולר 200,גרמים,200.00,100 גרם,false,,10.90,5.4500,true,1,116698
7290114311298,false,מולר פרופ קציפת תות,טרה,IL,מולר פרופ קציפת תות,מיליליטרים,150.00,"100 מ""ל",false,,4.70,3.1333,true,1,117455
7290114311304,false,מולר פרופ קציפת מנגו,טרה,IL,מולר פרופ קציפת מנגו,מיליליטרים,150.00,"100 מ""ל",false,,4.70,3.1333,true,1,117454
7290114601221,false,אג'קס עם אקונומיקה ל,cp צרפת,FR,אג'קס עם אקונומיקה ל,מיליליטרים,0.00,"100 מ""ל",false,,34.90,0.0000,true,1,103377
7290114602150,false,משחת קולגייט טוטל קל,קולגייט פלמוליב,PL,משחת קולגייט טוטל קל,מיליליטרים,300.00,"100 מ""ל",false,,43.90,14.6333,true,1,106054
7290114602174,false,משחת קולגייט טוטל הל,קולגייט פלמוליב,PL,משחת קולגייט טוטל הל,מיליליטרים,300.00,"100 מ""ל",false,,43.90,14.6333,true,1,106055
7290114602211,false,משחת קולגייט סנסטיב,קולגייט פלמוליב,PL,משחת קולגייט סנסטיב,גרמים,225.00,100 גרם,false,,39.90,17.7333,true,1,106894
7290114604932,false,רוטב ברביקיו דבש מאס,רמיה סי.וי. הולנד,NL,רוטב ברביקיו דבש מאס,גרמים,524.00,100 גרם,false,,12.90,2.4618,true,1,113000
7290114604949,false,רוטב ברביקיו מאסטר ש,רמיה סי.וי. הולנד,NL,רוטב ברביקיו מאסטר ש,גרמים,524.00,100 גרם,false,,12.90,2.4618,true,1,113001
7290114605342,false,רפידות הנקה פירסט סמ,צאנזו שאנג קאר פרודק,CN,רפידות הנקה פירסט סמ,Unknown,0.00,יחידה,false,,23.90,0.0000,true,1,112995
7290114606387,false,משחת קולגייט אופטיק,קולגייט פלמוליב,PL,משחת קולגייט אופטיק,מיליליטרים,150.00,"100 מ""ל",false,,39.90,26.6000,true,1,111888
7290114607315,false,משחת קולגייט מקס ווי,קולגייט פלמוליב,PL,משחת קולגייט מקס ווי,מיליליטרים,250.00,"100 מ""ל",false,,27.90,11.1600,true,1,111433
7290114608688,false,פירורי לחם מתובלים מ,מנה,IL,פירורי לחם מתובלים מ,גרמים,480.00,100 גרם,false,,11.90,2.4792,true,1,112999
7290115200676,false,עוגיות קרמוגית במילו,אסם,IL,עוגיות קרמוגית במילו,גרמים,200.00,100 גרם,false,,7.90,3.9500,true,1,108116
7290115200713,false,מארז במבה 5*50 גרם,אסם,IL,מארז במבה 5*50 גרם,גרמים,250.00,100 גרם,false,,11.90,4.7600,true,1,106887
7290115201680,false,ביסלי ברביקיו 70 גרם,אסם,IL,ביסלי ברביקיו 70 גרם,גרמים,70.00,100 גרם,false,,3.90,5.5714,true,1,109510
7290115201703,false,ביסלי ברביקיו 200 גר,אסם,IL,ביסלי ברביקיו 200 גר,גרמים,200.00,100 גרם,false,,6.50,3.2500,true,1,109819
7290115201727,false,ביסלי בצל 200 גרם,אסם,IL,ביסלי בצל 200 גרם,גרמים,200.00,100 גרם,false,,6.50,3.2500,true,1,109079
7290115201741,false,ביסלי בצל 70 גרם,אסם,IL,ביסלי בצל 70 גרם,גרמים,70.00,100 גרם,false,,3.90,5.5714,true,1,108854
7290115202434,false,חומוס עם זעתר צבר 37,צבר,IL,חומוס עם זעתר צבר 37,גרמים,375.00,100 גרם,false,,8.90,2.3733,true,1,110238
7290115203134,false,פופקו  פופקורן קרמל,גבעול,IL,פופקו  פופקורן קרמל,גרמים,80.00,100 גרם,false,,4.50,5.6250,true,1,112277
7290115203172,false,במבה פרו 80 גרם,גבעול,IL,במבה פרו 80 גרם,גרמים,80.00,100 גרם,false,,3.90,4.8750,true,1,118457
7290115204056,false,קטשופ לחיץ מופחת סוכ,אסם,IL,קטשופ לחיץ מופחת סוכ,גרמים,690.00,100 גרם,false,,9.90,1.4348,true,1,110207
7290115205176,false,קרקר דק כפרי פיטנס 1,אסם,IL,קרקר דק כפרי פיטנס 1,גרמים,140.00,100 גרם,false,,10.90,7.7857,true,1,115761
7290115205312,false,קרקר דק זיתי קלמטה פ,אסם,IL,קרקר דק זיתי קלמטה פ,גרמים,140.00,100 גרם,false,,10.90,7.7857,true,1,116830
7290115205695,false,בצק פיצה מצונן בונז',אסם,IL,בצק פיצה מצונן בונז',גרמים,460.00,100 גרם,false,,14.90,3.2391,true,1,115240
7290115205718,false,בצק עלים מצונן בונז',אסם,IL,בצק עלים מצונן בונז',גרמים,230.00,100 גרם,false,,11.90,5.1739,true,1,115241
7290115206852,false,ביסלי סטיקס בטעם גבי,אסם,IL,ביסלי סטיקס בטעם גבי,גרמים,70.00,100 גרם,false,,3.90,5.5714,true,1,118062
7290115207941,false,סירופ ויטמינצ'יק אננ,אסם,IL,סירופ ויטמינצ'יק אננ,קילוגרמים,1.00,ליטר,false,,19.90,19.9000,true,1,115236
7290115207965,false,סירופ ויטמינצ'יק מנג,אסם,IL,סירופ ויטמינצ'יק מנג,קילוגרמים,1.00,ליטר,false,,19.90,19.9000,true,1,115237
7290115207989,false,סירופ ויטמינצ'יק לימ,אסם,IL,סירופ ויטמינצ'יק לימ,קילוגרמים,1.00,ליטר,false,,19.90,19.9000,true,1,115238
7290115208047,false,סירופ ויטמינצ'יק פטל,אסם,IL,סירופ ויטמינצ'יק פטל,קילוגרמים,1.00,ליטר,false,,19.90,19.9000,true,1,115239
7290115208061,false,סירופ ויטמינצ'יק תפו,אסם,IL,סירופ ויטמינצ'יק תפו,קילוגרמים,1.00,ליטר,false,,19.90,19.9000,true,1,115235
7290115208344,false,בייגלה כפיות בטעם שמ,אסם,IL,בייגלה כפיות בטעם שמ,גרמים,300.00,100 גרם,false,,7.90,2.6333,true,1,118458
7290115208597,false,עוגיות קרמוגית מיניס,אסם,IL,עוגיות קרמוגית מיניס,גרמים,200.00,100 גרם,false,,7.90,3.9500,true,1,118068
7290115208801,false,לחמית דבש ואגוזים 19,אסם,IL,לחמית דבש ואגוזים 19,גרמים,190.00,100 גרם,false,,8.90,4.6842,true,1,118268
7290115209136,false,חטיפים צמחוניים בטעם,טבעול ישראל,IL,חטיפים צמחוניים בטעם,פריט,1.20,"ק""ג",false,,39.90,33.2500,true,1,117944
7290115209198,false,במבה אוורירית 80 גרם,גבעול,IL,במבה אוורירית 80 גרם,גרמים,80.00,100 גרם,false,,3.90,4.8750,true,1,118065
7290115209235,false,פתיבר בטעם קפה אסם 5,,,פתיבר בטעם קפה אסם 5,גרמים,500.00,100 גרם,false,,8.90,1.7800,true,1,119228
7290115209358,false,במבה במילוי קרם בטעם,אסם,IL,במבה במילוי קרם בטעם,גרמים,60.00,100 גרם,false,,4.50,7.5000,true,1,119226
7290115405057,false,עוגת גבינה אוכמניות,קפולסקי אדל בעמ,IL,עוגת גבינה אוכמניות,גרמים,380.00,100 גרם,false,,24.90,6.5526,true,1,105320
7290115405088,false,קינוח אישי קדאיף קפו,קפולסקי אדל בעמ,IL,קינוח אישי קדאיף קפו,גרמים,250.00,100 גרם,false,,14.90,5.9600,true,1,105323
7290115405118,false,קינוח אישי תענוג תות,קפולסקי אדל בעמ,IL,קינוח אישי תענוג תות,גרמים,240.00,100 גרם,false,,14.90,6.2083,true,1,105325
7290115405774,false,פחזניות במילוי קרם ב,קפולסקי אדל בעמ,IL,פחזניות במילוי קרם ב,גרמים,180.00,100 גרם,false,,12.90,7.1667,true,1,116893
7290115405781,false,פחזניות במילוי קרם ב,קפולסקי אדל בעמ,IL,פחזניות במילוי קרם ב,גרמים,180.00,100 גרם,false,,12.90,7.1667,true,1,116894
7290115405798,false,פחזניות במילוי קרם ב,קפולסקי אדל בעמ,IL,פחזניות במילוי קרם ב,גרמים,180.00,100 גרם,false,,12.90,7.1667,true,1,116895
7290115405804,false,פחזניות במילוי קרם ב,קפולסקי אדל בעמ,IL,פחזניות במילוי קרם ב,גרמים,180.00,100 גרם,false,,12.90,7.1667,true,1,116896
7290115671223,false,מסטיק מאסט צנצנת בטע,שטראוס,IL,מסטיק מאסט צנצנת בטע,גרמים,58.00,100 גרם,false,,8.90,15.3448,true,1,114801
7290115671339,false,עוגיות מיני פינוקיות,עלית,IL,עוגיות מיני פינוקיות,גרמים,180.00,100 גרם,false,,9.90,5.5000,true,1,115202
7290115671346,false,עוגיות מיני פינוקיות,עלית,IL,עוגיות מיני פינוקיות,גרמים,188.00,100 גרם,false,,9.90,5.2660,true,1,113522
7290115671353,false,עוגיות מיני פינוקיות,עלית,IL,עוגיות מיני פינוקיות,גרמים,188.00,100 גרם,false,,9.90,5.2660,true,1,114805
7290115671421,false,פולי קפה ארומטיים בק,שטראוס קפה בי.וי,IL,פולי קפה ארומטיים בק,גרמים,250.00,100 גרם,false,,19.90,7.9600,true,1,119021
7290115675986,false,דנונה בר עם אגוזים מ,שטראוס,IL,דנונה בר עם אגוזים מ,גרמים,173.00,100 גרם,false,,4.30,2.4855,true,1,109243
7290115676037,false,משקה דנונה ריפרש תות,שטראוס גרופ,IL,משקה דנונה ריפרש תות,גרמים,250.00,100 גרם,false,,4.90,1.9600,true,1,111978
7290115676273,false,קקאו עלית 500 + 50 ג,שטראוס,IL,קקאו עלית 500 + 50 ג,גרמים,550.00,100 גרם,false,,21.90,3.9818,true,1,111620
7290115676341,false,דבש יד מרדכי טו גו 9,יד מרדכי,IL,דבש יד מרדכי טו גו 9,גרמים,162.00,100 גרם,false,,14.90,9.1975,true,1,118163
7290115677089,false,קונפיטורה תפוח וקינמ,יד מרדכי,IL,קונפיטורה תפוח וקינמ,גרמים,340.00,100 גרם,false,,12.90,3.7941,true,1,112777
7290115678222,false,מארז יוגורט דנונה יו,שטראוס גרופ,IL,מארז יוגורט דנונה יו,גרמים,0.00,100 גרם,false,,23.90,0.0000,true,1,112231
7290115678376,false,מעדן הגולן שוקולד 12,שטראוס,IL,מעדן הגולן שוקולד 12,מיליליטרים,125.00,"100 מ""ל",false,,2.80,2.2400,true,1,112798
7290115678383,false,מעדן הגולן שוקולד מר,שטראוס,IL,מעדן הגולן שוקולד מר,מיליליטרים,125.00,"100 מ""ל",false,,2.80,2.2400,true,1,112799
7290115720280,false,סוכריות לגו בריקס 18,גרוסליין,CN,סוכריות לגו בריקס 18,גרמים,216.00,100 גרם,false,,17.90,8.2870,true,1,111746
7290115720358,false,סוכריות טבעת ג'ואל פ,גרוסליין,CN,סוכריות טבעת ג'ואל פ,גרמים,225.00,100 גרם,false,,17.90,7.9556,true,1,111747
7290115720464,false,סוכריות מוצץ גרוסליי,גרוסליין,BE,סוכריות מוצץ גרוסליי,גרמים,105.00,100 גרם,false,,17.90,17.0476,true,1,112264
7290115720471,false,סוכריות משרוקית גרוס,גרוסליין,BE,סוכריות משרוקית גרוס,גרמים,170.00,100 גרם,false,,17.90,10.5294,true,1,112265
7290115720488,false,סוכריות ליפסטיק גרוס,גרוסליין,BE,סוכריות ליפסטיק גרוס,גרמים,170.00,100 גרם,false,,17.90,10.5294,true,1,112266
7290115720709,false,סוכריות טבעת גרוסליי,גרוסליין,CN,סוכריות טבעת גרוסליי,גרמים,216.00,100 גרם,false,,17.90,8.2870,true,1,117338
7290115720778,false,סוכריות דיפ אנד ליק,גרוסליין,CN,סוכריות דיפ אנד ליק,גרמים,216.00,100 גרם,false,,17.90,8.2870,true,1,117339
7290115720891,false,סוכריות פאזל מספרים,גרוסליין,CN,סוכריות פאזל מספרים,גרמים,216.00,100 גרם,false,,18.90,8.7500,true,1,118676
7290115720969,false,סוכריות בלוקס בטעמי,גרוסליין,CN,סוכריות בלוקס בטעמי,גרמים,216.00,100 גרם,false,,18.90,8.7500,true,1,118677
7290116531021,false,שוקולד ורד הגליל חלב,יוניליוור,IL,שוקולד ורד הגליל חלב,גרמים,100.00,100 גרם,false,,4.90,4.9000,true,1,116835
7290116532240,false,שוקולד קליק עוגיות ו,יוניליוור,IL,שוקולד קליק עוגיות ו,גרמים,85.00,100 גרם,false,,4.90,5.7647,true,1,117033
7290116532264,false,שלגוני גודיס לייט אפ,גלידות שטראוס,IL,שלגוני גודיס לייט אפ,גרמים,300.00,100 גרם,false,,19.50,6.5000,true,1,117647
7290116532462,false,גלידה שמנת קליק בטעם,גלידות שטראוס,IL,גלידה שמנת קליק בטעם,מיליליטרים,520.00,"100 מ""ל",false,,17.90,3.4423,true,1,117231
7290116532479,false,גלידה שמנת קליק בטעם,גלידות שטראוס,IL,גלידה שמנת קליק בטעם,מיליליטרים,520.00,"100 מ""ל",false,,17.90,3.4423,true,1,117232
7290116532486,false,גלידה שמנת קליק בטעם,גלידות שטראוס,IL,גלידה שמנת קליק בטעם,מיליליטרים,520.00,"100 מ""ל",false,,17.90,3.4423,true,1,117233
7290116850382,false,ניילון לכיסוי מזון א,,,ניילון לכיסוי מזון א,Unknown,0.00,יחידה,false,,14.90,0.0000,true,1,113343
7290116850856,false,נר הבדלה נבל עם בשמי,,,נר הבדלה נבל עם בשמי,Unknown,0.00,יחידה,false,,29.90,0.0000,true,1,116222
7290116850863,false,נר הבדלה אתרוג,,,נר הבדלה אתרוג,Unknown,0.00,יחידה,false,,29.90,0.0000,true,1,116223
7290116850870,false,נר הבדלה שבוע טוב,,,נר הבדלה שבוע טוב,Unknown,0.00,יחידה,false,,19.90,0.0000,true,1,116220
7290116851716,false,מארז 6 כריות קרצוף ש,,,מארז 6 כריות קרצוף ש,Unknown,0.00,יחידה,false,,14.90,0.0000,true,1,116221
7290116853505,false,כדוריות סבון אסלה בנ,TOMIL S.R.O,CZ,כדוריות סבון אסלה בנ,גרמים,105.00,100 גרם,false,,14.90,14.1905,true,1,119451
7290116853512,false,כדוריות סבון אסלה בנ,TOMIL S.R.O,CZ,כדוריות סבון אסלה בנ,גרמים,105.00,100 גרם,false,,14.90,14.1905,true,1,119452
7290116853529,false,כדוריות סבון אסלה בנ,TOMIL S.R.O,CZ,כדוריות סבון אסלה בנ,גרמים,105.00,100 גרם,false,,14.90,14.1905,true,1,119453
7290116853536,false,כדוריות סבון אסלה בנ,TOMIL S.R.O,CZ,כדוריות סבון אסלה בנ,גרמים,105.00,100 גרם,false,,14.90,14.1905,true,1,119454
7290116853635,false,מארז 6 כריות קרצוף ע,,,מארז 6 כריות קרצוף ע,Unknown,0.00,יחידה,false,,19.90,0.0000,true,1,118464
7290116930244,false,מארז יוגורט ביו תנוב,תנובה מרכז שיתופי לש,IL,מארז יוגורט ביו תנוב,קילוגרמים,1.20,ליטר,false,,14.90,12.4167,true,1,116961
7290116930435,false,יוגורט גו יופלה סמיך,תנובה מרכז שיתופי לש,IL,יוגורט גו יופלה סמיך,גרמים,200.00,100 גרם,false,,5.50,2.7500,true,1,116962
7290116930459,false,יופלה שייק בננה אננס,תנובה,IL,יופלה שייק בננה אננס,מיליליטרים,230.00,"100 מ""ל",false,,7.90,3.4348,true,1,117355
7290116930466,false,יופלה שייק מנגו בננה,תנובה,IL,יופלה שייק מנגו בננה,מיליליטרים,230.00,"100 מ""ל",false,,7.90,3.4348,true,1,117356
7290116931081,false,מעדן סויה בטעם טופי,תנובה מרכז שיתופי לש,IL,מעדן סויה בטעם טופי,גרמים,125.00,100 גרם,false,,3.90,3.1200,true,1,117993
7290117260401,false,גבינת מוצרלה מגורדת,,TR,גבינת מוצרלה מגורדת,גרמים,500.00,100 גרם,false,,19.90,3.9800,true,1,113879
7290117260562,false,חמאה כפרית בגביע ויל,סוטאש,TR,חמאה כפרית בגביע ויל,גרמים,225.00,100 גרם,false,,14.90,6.6222,true,1,118998
7290117260623,false,תן בו בטעם וניל בציפ,אלויראסמינדר,DK,תן בו בטעם וניל בציפ,גרמים,300.00,100 גרם,false,,14.90,4.9667,true,1,114638
7290117260920,false,קרקר ל. גלוטן וילי פ,ארמנדומודיאה אס.אר.א,IT,קרקר ל. גלוטן וילי פ,גרמים,125.00,100 גרם,false,,5.90,4.7200,true,1,116423
7290117260937,false,קרקר ל. גלוטן עם עגב,ארמנדומודיאה אס.אר.א,IT,קרקר ל. גלוטן עם עגב,גרמים,125.00,100 גרם,false,,5.90,4.7200,true,1,116424
7290117261262,false,תן בו ביס בטעם וניל,אלויראסמינדר,DK,תן בו ביס בטעם וניל,גרמים,180.00,100 גרם,false,,9.90,5.5000,true,1,119047
7290117261521,false,סלמון אטלנטי בשמן קנ,באנגה,LV,סלמון אטלנטי בשמן קנ,גרמים,120.00,100 גרם,false,,9.90,8.2500,true,1,118168
7290117261538,false,סלמון אטלנטי בשמן קנ,באנגה,LV,סלמון אטלנטי בשמן קנ,גרמים,120.00,100 גרם,false,,9.90,8.2500,true,1,118169
7290117261545,false,סלמון אטלנטי ברוטב ט,באנגה,LV,סלמון אטלנטי ברוטב ט,גרמים,120.00,100 גרם,false,,9.90,8.2500,true,1,118170
7290117261569,false,סלמון אטלנטי מעושן ב,באנגה,LV,סלמון אטלנטי מעושן ב,גרמים,120.00,100 גרם,false,,9.90,8.2500,true,1,118171
7290117262221,false,משקה יוגורט אננס יור,אקר,TR,משקה יוגורט אננס יור,מיליליטרים,200.00,"100 מ""ל",false,,4.90,2.4500,true,1,117857
7290117262238,false,משקה יוגורט תות שדה,אקר,TR,משקה יוגורט תות שדה,מיליליטרים,200.00,"100 מ""ל",false,,4.90,2.4500,true,1,117855
7290117262245,false,משקה יוגורט אפרסק ומ,אקר,TR,משקה יוגורט אפרסק ומ,מיליליטרים,200.00,"100 מ""ל",false,,4.90,2.4500,true,1,117856
7290117262290,false,פרלינים אגוזים פצפוצ,מודרן צוקולטה,TR,פרלינים אגוזים פצפוצ,גרמים,50.00,100 גרם,false,,4.50,9.0000,true,1,119010
7290117262306,false,קורנפלקס מצופה שוקול,מודרן צוקולטה,TR,קורנפלקס מצופה שוקול,גרמים,50.00,100 גרם,false,,4.50,9.0000,true,1,119011
7290117262313,false,פצפוצי דגנים בשוקולד,מודרן צוקולטה,TR,פצפוצי דגנים בשוקולד,גרמים,50.00,100 גרם,false,,4.50,9.0000,true,1,119012
7290117262320,false,ביסקוויט מצופה שוקול,מודרן צוקולטה,TR,ביסקוויט מצופה שוקול,גרמים,40.00,100 גרם,false,,4.50,11.2500,true,1,119013
7290117263006,false,צהובה מגורדת ויליפוד,וילי פוד,IL,צהובה מגורדת ויליפוד,פריט,1.20,"ק""ג",false,,39.90,33.2500,true,1,118387
7290117383155,false,משחת קולגייט טוטאל י,קולגייט פלמוליב,PL,משחת קולגייט טוטאל י,מיליליטרים,150.00,"100 מ""ל",false,,29.90,19.9333,true,1,118079
7290117383711,false,תחליב פלמוליב חלב וד,קולגייט פלמוליב,TR,תחליב פלמוליב חלב וד,קילוגרמים,1.50,ליטר,false,,29.90,19.9333,true,1,118846
7290117383728,false,ג'ל פלמוליב לומינס א,קולגייט פלמוליב,TR,ג'ל פלמוליב לומינס א,קילוגרמים,1.50,ליטר,false,,29.90,19.9333,true,1,118847
7290117383735,false,ג'ל פלמוליב חימר ורד,קולגייט פלמוליב,TR,ג'ל פלמוליב חימר ורד,קילוגרמים,1.50,ליטר,false,,29.90,19.9333,true,1,118848
7290117383742,false,ג'ל פלמוליב לגבר 2*7,קולגייט פלמוליב,TR,ג'ל פלמוליב לגבר 2*7,קילוגרמים,1.50,ליטר,false,,29.90,19.9333,true,1,118849
7290117383780,false,ג'ל פלמוליב ארומה מס,קולגייט פלמוליב,TR,ג'ל פלמוליב ארומה מס,קילוגרמים,1.50,ליטר,false,,29.90,19.9333,true,1,118850
7290117760482,false,צלחות גדולות דקור ור,Zhejiang Xueli Commo,CN,צלחות גדולות דקור ור,Unknown,0.00,יחידה,false,,22.90,0.0000,true,1,115907
7290117901328,false,מיקס חלבה וממתקי שומ,שקדיה,AE,מיקס חלבה וממתקי שומ,גרמים,500.00,100 גרם,false,,29.90,5.9800,true,1,117927
7290117902646,false,פקאן בציפוי קרמל 130,,IL,פקאן בציפוי קרמל 130,גרמים,130.00,100 גרם,false,,16.90,13.0000,true,1,119064
7290117902714,false,פקאן בציפוי שברי ביי,,IL,פקאן בציפוי שברי ביי,גרמים,130.00,100 גרם,false,,16.90,13.0000,true,1,119063
7290900010282,false,אורז בסמטי אינדירה 1,Emsons Exim PVT LTD,IN,אורז בסמטי אינדירה 1,פריט,1.40,"ק""ג",false,,11.90,8.5000,true,1,89070
7290900010367,false,טורטיות דורומי 36*45,Turka Invest,PL,טורטיות דורומי 36*45,פריט,1.62,"ק""ג",false,,19.90,12.2840,true,1,85757
7290900010435,false,תערובת לכדורי שוקולד,א.ל. ייצור ושיווק תב,IL,תערובת לכדורי שוקולד,גרמים,400.00,100 גרם,false,,11.90,2.9750,true,1,85914
7290900010442,false,תערובת לעוגת בראוניז,א.ל. ייצור ושיווק תב,IL,תערובת לעוגת בראוניז,גרמים,500.00,100 גרם,false,,11.90,2.3800,true,1,85915
7290900010459,false,תערובת לעוגת וניל בו,א.ל. ייצור ושיווק תב,IL,תערובת לעוגת וניל בו,גרמים,500.00,100 גרם,false,,11.90,2.3800,true,1,85916
7290900010466,false,תערובת לעוגת שוקולד,א.ל. ייצור ושיווק תב,IL,תערובת לעוגת שוקולד,גרמים,500.00,100 גרם,false,,11.90,2.3800,true,1,85917
7290900010664,false,ניוקי דורומי בטטה 1,Ciemme Alimentari SR,IT,ניוקי דורומי בטטה 1,פריט,1.00,"ק""ג",false,,9.90,9.9000,true,1,90547
7290900011838,false,זית שחור אוליבסי  1.,Yatagan Zeytincilik,TR,זית שחור אוליבסי  1.,פריט,1.74,"ק""ג",false,,29.90,17.1839,true,1,89255
7291128651141,false,קוביות פלסטיק צבעוני,,,קוביות פלסטיק צבעוני,Unknown,0.00,יחידה,false,,34.90,0.0000,true,1,118258
7291192410170,false,מגדל כוסות,,,מגדל כוסות,Unknown,0.00,יחידה,false,,29.90,0.0000,true,1,118266
7291192429158,false,מעודד זחילה,,,מעודד זחילה,Unknown,0.00,יחידה,false,,39.90,0.0000,true,1,118263
7291264950139,false,ואקום צבעוני,,,ואקום צבעוני,Unknown,0.00,יחידה,false,,29.90,0.0000,true,1,118265
7291594895667,false,נושי פינוקי פינגווין,,,נושי פינוקי פינגווין,Unknown,0.00,יחידה,false,,29.90,0.0000,true,1,118245
7291594895674,false,נושי פינוקי ארנב,,,נושי פינוקי ארנב,Unknown,0.00,יחידה,false,,29.90,0.0000,true,1,118246
7291594895681,false,נושי פינוקי דב,,,נושי פינוקי דב,Unknown,0.00,יחידה,false,,29.90,0.0000,true,1,118247
7291594895728,false,פעמון רוח מרגיע ארנב,,,פעמון רוח מרגיע ארנב,Unknown,0.00,יחידה,false,,29.90,0.0000,true,1,118251
7291594895742,false,נושי פינוקי פיל,,,נושי פינוקי פיל,Unknown,0.00,יחידה,false,,29.90,0.0000,true,1,118253
7291594895759,false,מובייל פעמון רוח ארנ,,,מובייל פעמון רוח ארנ,Unknown,0.00,יחידה,false,,59.90,0.0000,true,1,118254
7296058000526,false,פריכיות כוסמת פרח 16,פרח תעשיות,IL,פריכיות כוסמת פרח 16,גרמים,160.00,100 גרם,false,,6.90,4.3125,true,1,112865
7296058330012,false,מארז פריכיות אורז פר,פרח תעשיות,IL,מארז פריכיות אורז פר,גרמים,330.00,100 גרם,false,,9.90,3.0000,true,1,112866
7296146007796,false,זוג כוסיות המשושים ע,,,זוג כוסיות המשושים ע,Unknown,0.00,יחידה,false,,4.90,0.0000,true,1,49607
7296146007819,false,פתילייט -מילוי לצינו,,,פתילייט -מילוי לצינו,Unknown,0.00,יחידה,false,,1.90,0.0000,true,1,47282
7296146077775,false,פתילונים משושים,,,פתילונים משושים,Unknown,0.00,יחידה,false,,2.90,0.0000,true,1,47283
7296146077799,false,פתילונר,,,פתילונר,Unknown,0.00,יחידה,false,,1.90,0.0000,true,1,47284
7296146077867,false,צינולייט -צינוריות+,,,צינולייט -צינוריות+,Unknown,0.00,יחידה,false,,5.90,0.0000,true,1,49587
7297395000026,false,בדי בדיקה טהרה 3*20,חן המעין בעמ,IL,בדי בדיקה טהרה 3*20,Unknown,0.00,יחידה,false,,13.50,0.0000,true,1,47342
7501013122039,false,נקטר ג'ומקס בטעם מנג,חומקס אלורה אס איי,MX,נקטר ג'ומקס בטעם מנג,קילוגרמים,1.00,ליטר,false,,9.90,9.9000,true,1,114460
7501064191398,false,מארז בירה קורונה 4.5,,,מארז בירה קורונה 4.5,קילוגרמים,2.13,ליטר,false,,34.90,16.3850,true,1,100198
7509546057545,false,דאו ליידי ספיד סטיק,קולגייט פלמוליב,BY,דאו ליידי ספיד סטיק,גרמים,45.00,100 גרם,false,,16.90,37.5556,true,1,113832
7509546061672,false,דאו ספיד סטיק אקסטרי,קולגייט פלמוליב,BY,דאו ספיד סטיק אקסטרי,גרמים,50.00,100 גרם,false,,16.90,33.8000,true,1,118232
7509546063515,false,דאו ספריי ליידי ספיד,קולגייט פלמוליב,BY,דאו ספריי ליידי ספיד,מיליליטרים,150.00,"100 מ""ל",false,,11.90,7.9333,true,1,118234
7509546666846,false,משחת קולגייט טוטל פח,קולגייט פלמוליב,MX,משחת קולגייט טוטל פח,Unknown,0.00,יחידה,false,,15.90,0.0000,true,1,111499
7610008056874,false,שוקולד רגוסה חלב פרל,שוקולה קמיל בלוך,CH,שוקולד רגוסה חלב פרל,גרמים,100.00,100 גרם,false,,13.90,13.9000,true,1,107383
7610008056959,false,שוקולד רגוסה פרווה פ,שוקולה קמיל בלוך,CH,שוקולד רגוסה פרווה פ,גרמים,100.00,100 גרם,false,,13.90,13.9000,true,1,107384
7610100034084,false,מיונז בשפורפרת טומי,נסטלה,US,מיונז בשפורפרת טומי,גרמים,265.00,100 גרם,false,,9.90,3.7358,true,1,89264
7610113011652,false,בקרדי בריזר תפוח 275,בקרדי מרטיני,BE,בקרדי בריזר תפוח 275,מיליליטרים,275.00,"100 מ""ל",false,,12.90,4.6909,true,1,107334
7613030979647,false,דגני בוקר טריקס 480,סי.פי,FR,דגני בוקר טריקס 480,גרמים,480.00,100 גרם,false,,19.90,4.1458,true,1,95631
7613035548374,false,דגני בוקר גולדן מיני,אסם,FR,דגני בוקר גולדן מיני,גרמים,570.00,100 גרם,false,,19.90,3.4912,true,1,103659
7613036880534,false,מחית מרק ירקות מעורב,מטרנה,PL,מחית מרק ירקות מעורב,גרמים,190.00,100 גרם,false,,4.90,2.5789,true,1,103380
7613037686906,false,דגני בוקר פיטנס שקדי,נסטלה צרפת איטנקורט,FR,דגני בוקר פיטנס שקדי,גרמים,355.00,100 גרם,false,,19.90,5.6056,true,1,103323
7613038268262,false,דגני בוקר האני נאט צ,אסם,FR,דגני בוקר האני נאט צ,גרמים,410.00,100 גרם,false,,19.90,4.8537,true,1,103655
7613038451954,false,דגני בוקר קראנצ שוקו,אסם,FR,דגני בוקר קראנצ שוקו,גרמים,410.00,100 גרם,false,,19.90,4.8537,true,1,103656
7613039879382,false,"מחית תפו""ע גרבר 190",מטרנה,PL,"מחית תפו""ע גרבר 190",גרמים,190.00,100 גרם,false,,4.90,2.5789,true,1,110278
7613039880807,false,מחית גזר תפוח גרבר 1,מטרנה,PL,מחית גזר תפוח גרבר 1,גרמים,190.00,100 גרם,false,,4.90,2.5789,true,1,110274
7613039881521,false,מחית מנגו גרבר 190 ג,מטרנה,PL,מחית מנגו גרבר 190 ג,גרמים,190.00,100 גרם,false,,4.90,2.5789,true,1,110275
7613039881965,false,מחית גזר תפוח מנגו ג,מטרנה,PL,מחית גזר תפוח מנגו ג,גרמים,190.00,100 גרם,false,,4.90,2.5789,true,1,110276
7613287302373,false,קפסולות סטארבקס איטל,אסם,IL,קפסולות סטארבקס איטל,גרמים,56.00,100 גרם,false,,21.50,38.3929,true,1,110324
7613287394323,false,דגני בוקר מולטי צירי,אסם,IL,דגני בוקר מולטי צירי,גרמים,600.00,100 גרם,false,,19.90,3.3167,true,1,112280
7613287476678,false,דגני בוקר סינימיניס,אסם,FR,דגני בוקר סינימיניס,גרמים,360.00,100 גרם,false,,19.90,5.5278,true,1,114845
7622201808631,false,עוגיות מיני אוראו ונ,מונדליז,UA,עוגיות מיני אוראו ונ,גרמים,67.00,100 גרם,false,,5.90,8.8060,true,1,112375
7622300761363,false,עוגיות מיני אוראו שו,מונדליז,UA,עוגיות מיני אוראו שו,Unknown,0.00,יחידה,false,,5.90,0.0000,true,1,102910
7630477891592,false,קפסולות סטארבקס האוס,אסם,IL,קפסולות סטארבקס האוס,Unknown,0.00,יחידה,false,,21.50,0.0000,true,1,107445
7630477891615,false,קפסולות סטארבקס סומט,אסם,IL,קפסולות סטארבקס סומט,גרמים,55.00,100 גרם,false,,21.50,39.0909,true,1,107446
7630477891639,false,קפסולות סטארבקס ורונ,אסם,IL,קפסולות סטארבקס ורונ,גרמים,55.00,100 גרם,false,,21.50,39.0909,true,1,107447
7630477891653,false,קפסולות סטארבקס נטול,אסם,IL,קפסולות סטארבקס נטול,גרמים,57.00,100 גרם,false,,21.50,37.7193,true,1,107448
7630477891677,false,קפסולות סטארבקס פייק,אסם,IL,קפסולות סטארבקס פייק,גרמים,53.00,100 גרם,false,,21.50,40.5660,true,1,107449
7630477891691,false,קפסולות סטארבקס קולו,אסם,IL,קפסולות סטארבקס קולו,גרמים,57.00,100 גרם,false,,21.50,37.7193,true,1,107450
7630477891714,false,קפסולות סטארבקס רוסט,אסם,IL,קפסולות סטארבקס רוסט,גרמים,57.00,100 גרם,false,,21.50,37.7193,true,1,107451
7630477891738,false,קפסולות סטארבקס בלונ,אסם,IL,קפסולות סטארבקס בלונ,גרמים,53.00,100 גרם,false,,21.50,40.5660,true,1,107452
7638900431797,false,מארז 12 סוללות אנרג',אנרגייזר,CN,מארז 12 סוללות אנרג',Unknown,0.00,יחידה,false,,24.90,0.0000,true,1,117978
7638900431803,false,מארז 12 סוללות אנרג',אנרגייזר,CN,מארז 12 סוללות אנרג',Unknown,0.00,יחידה,false,,24.90,0.0000,true,1,117979
7640171030524,false,ויסקי אברפלדי זהב 12,,,ויסקי אברפלדי זהב 12,מיליליטרים,700.00,"100 מ""ל",false,,179.90,25.7000,true,1,116435
7702018271788,false,דאו גל גילט ספורט 70,פרוקטר & גמבל,,דאו גל גילט ספורט 70,גרמים,70.00,100 גרם,false,,17.90,25.5714,true,1,85305
7702018321582,false,דאו סטיק גילט קול וו,פרוקטר & גמבל,,דאו סטיק גילט קול וו,גרמים,45.00,100 גרם,false,,17.90,39.7778,true,1,70259
7702018978106,false,דאו גל גילט ארקטיק א,פרוקטר & גמבל,,דאו גל גילט ארקטיק א,גרמים,150.00,100 גרם,false,,17.90,11.9333,true,1,43079
7702018978120,false,דאו גל גילט קליר ווי,פרוקטר & גמבל,,דאו גל גילט קליר ווי,גרמים,150.00,100 גרם,false,,17.90,11.9333,true,1,43080
7702018980833,false,גל גילוח גילט סירייס,פרוקטר & גמבל,,גל גילוח גילט סירייס,מיליליטרים,200.00,"100 מ""ל",false,,12.90,6.4500,true,1,87922
7702018980864,false,קצף גילוח גילט סיריי,פרוקטר & גמבל,,קצף גילוח גילט סיריי,מיליליטרים,200.00,"100 מ""ל",false,,14.90,7.4500,true,1,87920
7790040423015,false,עוגיות סנדוויץ אלפחו,,,עוגיות סנדוויץ אלפחו,גרמים,369.00,100 גרם,false,,19.90,5.3930,true,1,115964
7790580412654,false,בונבוניירה בון בון צ,ארקור,AR,בונבוניירה בון בון צ,גרמים,270.00,100 גרם,false,,15.90,5.8889,true,1,97922
7790580421663,false,בונבוניירה בון בון ר,ארקור,AR,בונבוניירה בון בון ר,גרמים,288.00,100 גרם,false,,19.90,6.9097,true,1,115624
7798382150019,false,אוכמניות יח,אראל תוצרת חקלאית בע,IL,אוכמניות יח,Unknown,0.00,יחידה,false,,14.90,0.0000,true,1,119302
8000380192243,false,ופל אגוז לואקר 200 ג,לואקר,AT,ופל אגוז לואקר 200 ג,גרמים,200.00,100 גרם,false,,11.90,5.9500,true,1,98617
8000380192250,false,ופל שוקולד לואקר 200,לואקר,AT,ופל שוקולד לואקר 200,גרמים,200.00,100 גרם,false,,11.90,5.9500,true,1,98616
8000380198221,false,ופל דאבל שוקולד לואק,לואקר,AT,ופל דאבל שוקולד לואק,גרמים,200.00,100 גרם,false,,11.90,5.9500,true,1,105452
8000500353738,false,סוכריות טיק טק מנטה,פררו,ZA,סוכריות טיק טק מנטה,גרמים,64.00,100 גרם,false,,9.90,15.4688,true,1,108817
8001003100218,false,סוכריות גלי יוגוטה 8,תות ממתקי איכות,TR,סוכריות גלי יוגוטה 8,גרמים,800.00,100 גרם,false,,15.90,1.9875,true,1,76368
8001090016003,false,טבליות פיירי 84 יח,פרוקטר & גמבל,FR,טבליות פיירי 84 יח,פריט,1.14,"ק""ג",false,,44.90,39.3860,true,1,88838
8001090033512,false,אבקת כביסה טייד קולו,פרוקטר & גמבל,,אבקת כביסה טייד קולו,פריט,8.00,"ק""ג",false,,39.90,4.9875,true,1,85971
8001090156839,false,חיתולי פמפרס בייבי ד,פרוקטר & גמבל,TR,חיתולי פמפרס בייבי ד,Unknown,0.00,יחידה,false,,64.90,0.0000,true,1,115708
8001090336354,false,חיתולי פמפרס בייבי ד,פרוקטר & גמבל,PL,חיתולי פמפרס בייבי ד,Unknown,0.00,יחידה,false,,29.90,0.0000,true,1,107128
8001090368553,false,חיתולי פמפרס בייבי ד,פרוקטר & גמבל,TR,חיתולי פמפרס בייבי ד,Unknown,0.00,יחידה,false,,64.90,0.0000,true,1,115711
8001090379368,false,חיתולי פמפרס פרימיום,פרוקטר & גמבל,TR,חיתולי פמפרס פרימיום,Unknown,0.00,יחידה,false,,29.90,0.0000,true,1,93365
8001090379399,false,חיתולי פמפרס פרימיום,פרוקטר & גמבל,TR,חיתולי פמפרס פרימיום,Unknown,0.00,יחידה,false,,29.90,0.0000,true,1,93366
8001090458322,false,נוזל כלים פיירי ורדי,פרוקטר & גמבל,GB,נוזל כלים פיירי ורדי,קילוגרמים,1.01,ליטר,false,,14.90,14.7525,true,1,107987
8001090493637,false,שמפו הד&שולדרס אולטר,פרוקטר & גמבל,,שמפו הד&שולדרס אולטר,מיליליטרים,450.00,"100 מ""ל",false,,17.90,3.9778,true,1,92355
8001090802385,false,קפסולות ג'ל טייד 26,פרוקטר & גמבל,FR,קפסולות ג'ל טייד 26,גרמים,644.00,100 גרם,false,,23.90,3.7112,true,1,100802
8001090832450,false,שמפו פנטן קלאסי 660,פרוקטר & גמבל,RO,שמפו פנטן קלאסי 660,מיליליטרים,660.00,"100 מ""ל",false,,18.90,2.8636,true,1,105582
8001090832535,false,שמפו פנטן שמן מרוקאי,פרוקטר & גמבל,RO,שמפו פנטן שמן מרוקאי,מיליליטרים,660.00,"100 מ""ל",false,,18.90,2.8636,true,1,105583
8001090832573,false,שמפו פנטן לחות מוגבר,פרוקטר & גמבל,RO,שמפו פנטן לחות מוגבר,מיליליטרים,660.00,"100 מ""ל",false,,18.90,2.8636,true,1,105673
8001090832818,false,מרכך פנטן קלאסי 660,פרוקטר & גמבל,RO,מרכך פנטן קלאסי 660,מיליליטרים,660.00,"100 מ""ל",false,,18.90,2.8636,true,1,105584
8001090832856,false,מרכך פנטן שמן מרוקאי,פרוקטר & גמבל,RO,מרכך פנטן שמן מרוקאי,מיליליטרים,660.00,"100 מ""ל",false,,18.90,2.8636,true,1,105585
8001090832894,false,מרכך פנטן לחות מוגבר,פרוקטר & גמבל,RO,מרכך פנטן לחות מוגבר,מיליליטרים,660.00,"100 מ""ל",false,,18.90,2.8636,true,1,105586
8001090833280,false,גל אריאל ניחוח הרים,פרוקטר & גמבל,FR,גל אריאל ניחוח הרים,קילוגרמים,5.00,ליטר,false,,47.90,9.5800,true,1,97989
8001090992338,false,טבליות פיירי למדיח פ,פרוקטר & גמבל,FR,טבליות פיירי למדיח פ,גרמים,922.00,100 גרם,false,,44.90,4.8698,true,1,103373
8001841006710,false,כדוריות לנור לכביסה,פרוקטר & גמבל,GB,כדוריות לנור לכביסה,גרמים,210.00,100 גרם,false,,24.90,11.8571,true,1,110061
8001841053684,false,תחבושות אולוויז עבה,פרוקטר & גמבל,HU,תחבושות אולוויז עבה,Unknown,0.00,יחידה,false,,9.90,0.0000,true,1,99625
8001841053806,false,תחבושות אולוויז עבה,פרוקטר & גמבל,HU,תחבושות אולוויז עבה,Unknown,0.00,יחידה,false,,9.90,0.0000,true,1,99624
8001841062624,false,מגבונים פמפרס ללא בי,פרוקטר & גמבל,DE,מגבונים פמפרס ללא בי,Unknown,0.00,יחידה,false,,15.90,0.0000,true,1,112021
8001841077949,false,מגבונים פמפרס בניחוח,פרוקטר & גמבל,DE,מגבונים פמפרס בניחוח,Unknown,0.00,יחידה,false,,15.90,0.0000,true,1,112020
8001841104799,false,חיתולי פמפרס פרימיום,פרוקטר & גמבל,TR,חיתולי פמפרס פרימיום,Unknown,0.00,יחידה,false,,29.90,0.0000,true,1,113478
8001841105093,false,חיתולי פמפרס פרימיום,פרוקטר & גמבל,PL,חיתולי פמפרס פרימיום,Unknown,0.00,יחידה,false,,29.90,0.0000,true,1,113479
8001841216584,false,תחבושות אלוויז קוואט,פרוקטר & גמבל,HU,תחבושות אלוויז קוואט,Unknown,0.00,יחידה,false,,29.90,0.0000,true,1,103334
8001841427126,false,מגן תחתון אולוויז מג,פרוקטר & גמבל,,מגן תחתון אולוויז מג,Unknown,0.00,יחידה,false,,16.90,0.0000,true,1,114440
8001841566771,false,כדוריות לנור לכביסה,פרוקטר & גמבל,GB,כדוריות לנור לכביסה,גרמים,210.00,100 גרם,false,,24.90,11.8571,true,1,110062
8001841617893,false,שמפו פנטן לחות מוגבר,פרוקטר & גמבל,RO,שמפו פנטן לחות מוגבר,קילוגרמים,1.00,ליטר,false,,21.90,21.9000,true,1,111729
8001841619026,false,מרכך פנטן לחות מוגבר,פרוקטר & גמבל,RO,מרכך פנטן לחות מוגבר,קילוגרמים,1.00,ליטר,false,,21.90,21.9000,true,1,111730
8001841625287,false,נוזל כלים פיירי פלטי,פרוקטר & גמבל,TR,נוזל כלים פיירי פלטי,קילוגרמים,1.01,ליטר,false,,14.90,14.7525,true,1,113133
8001841625508,false,נוזל כלים פיירי פלטי,פרוקטר & גמבל,TR,נוזל כלים פיירי פלטי,קילוגרמים,1.01,ליטר,false,,14.90,14.7525,true,1,113134
8001841669465,false,קפסולות גל אריאל בני,פרוקטר & גמבל,FR,קפסולות גל אריאל בני,Unknown,0.00,יחידה,false,,29.90,0.0000,true,1,116871
8001841669519,false,קפסולות גל אריאל 55,פרוקטר & גמבל,FR,קפסולות גל אריאל 55,פריט,1.39,"ק""ג",false,,54.90,39.4964,true,1,106002
8001841680989,false,מגן תחתון אולוויז מג,פרוקטר & גמבל,,מגן תחתון אולוויז מג,Unknown,0.00,יחידה,false,,16.90,0.0000,true,1,114441
8001841780818,false,נוזל כלים פיירי לימו,פרוקטר & גמבל,TR,נוזל כלים פיירי לימו,קילוגרמים,1.50,ליטר,false,,9.90,6.6000,true,1,117450
8001841943961,false,כדוריות לנור לכביסה,פרוקטר & גמבל,GB,כדוריות לנור לכביסה,גרמים,210.00,100 גרם,false,,24.90,11.8571,true,1,112940
8001841948119,false,נוזל כלים פיירי תפוח,פרוקטר & גמבל,GB,נוזל כלים פיירי תפוח,קילוגרמים,1.05,ליטר,false,,10.90,10.3810,true,1,111042
8001841982489,false,אבקת אריאל אוקסי 6.8,פרוקטר & גמבל,TR,אבקת אריאל אוקסי 6.8,פריט,6.80,"ק""ג",false,,54.90,8.0735,true,1,111278
8002110383709,false,קרם ידיים מרוכז ניוט,גונסון אנד גונסון,FR,קרם ידיים מרוכז ניוט,מיליליטרים,50.00,"100 מ""ל",false,,19.90,39.8000,true,1,118985
8003440996553,false,מסטיק מנטוס פיור בטע,פרפטי ואן מלה ברדה,TR,מסטיק מנטוס פיור בטע,גרמים,336.00,100 גרם,false,,19.90,5.9226,true,1,116922
8003440996577,false,מסטיק מנטוס פיור בטע,פרפטי ואן מלה ברדה,TR,מסטיק מנטוס פיור בטע,גרמים,336.00,100 גרם,false,,19.90,5.9226,true,1,116923
8003440997222,false,מסטיק מנטוס פיור בטע,פרפטי ואן מלה ברדה,TR,מסטיק מנטוס פיור בטע,גרמים,336.00,100 גרם,false,,19.90,5.9226,true,1,116924
8003440997833,false,מסטיק מנטוס פיור פרש,פרפטי ואן מלה ברדה,TR,מסטיק מנטוס פיור פרש,גרמים,200.00,100 גרם,false,,19.90,9.9500,true,1,112227
8003440997857,false,מסטיק מנטוס פיור פרש,פרפטי ואן מלה ברדה,TR,מסטיק מנטוס פיור פרש,גרמים,200.00,100 גרם,false,,19.90,9.9500,true,1,112228
8003440997871,false,מסטיק מנטוס פיור פרש,פרפטי ואן מלה ברדה,TR,מסטיק מנטוס פיור פרש,גרמים,200.00,100 גרם,false,,19.90,9.9500,true,1,112229
8003750001725,false,ליקר ביצ'רין שוקולד,וינסנזי,IT,ליקר ביצ'רין שוקולד,מיליליטרים,700.00,"100 מ""ל",false,,74.90,10.7000,true,1,96539
8005200256587,false,נסטי בטעם אפרסק 1.5,סן פלגרינו,,נסטי בטעם אפרסק 1.5,קילוגרמים,1.50,ליטר,false,,7.50,5.0000,true,1,113992
8005200286584,false,נסטי בטעם מנגו אננס,סן פלגרינו,,נסטי בטעם מנגו אננס,קילוגרמים,1.50,ליטר,false,,7.50,5.0000,true,1,113993
8006540091937,false,כדוריות לנור לכביסה,פרוקטר & גמבל,GB,כדוריות לנור לכביסה,גרמים,210.00,100 גרם,false,,24.90,11.8571,true,1,113132
8006540112793,false,מרכך מרוכז לנור יסמי,פרוקטר & גמבל,FR,מרכך מרוכז לנור יסמי,מיליליטרים,900.00,"100 מ""ל",false,,14.90,1.6556,true,1,112376
8006540112823,false,מרכך מרוכז לנור אוקי,פרוקטר & גמבל,FR,מרכך מרוכז לנור אוקי,מיליליטרים,900.00,"100 מ""ל",false,,14.90,1.6556,true,1,111504
8006540112854,false,מרכך מרוכז לנור סחלב,פרוקטר & גמבל,FR,מרכך מרוכז לנור סחלב,מיליליטרים,900.00,"100 מ""ל",false,,14.90,1.6556,true,1,111231
8006540252529,false,תחבושות אלוויז פלטינ,פרוקטר & גמבל,HU,תחבושות אלוויז פלטינ,Unknown,0.00,יחידה,false,,29.90,0.0000,true,1,116878
8006540352960,false,טמפונים טמפקס פרל רג,פרוקטר & גמבל,HK,טמפונים טמפקס פרל רג,Unknown,0.00,יחידה,false,,19.90,0.0000,true,1,114002
8006540353004,false,טמפונים טמפקס פרל סו,פרוקטר & גמבל,HK,טמפונים טמפקס פרל סו,Unknown,0.00,יחידה,false,,19.90,0.0000,true,1,114003
8006540358498,false,טמפונים טמפקס פרל סו,פרוקטר & גמבל,HK,טמפונים טמפקס פרל סו,Unknown,0.00,יחידה,false,,19.90,0.0000,true,1,114004
8006540425930,false,קפסולות גל אריאל אקס,פרוקטר & גמבל,FR,קפסולות גל אריאל אקס,Unknown,0.00,יחידה,false,,29.90,0.0000,true,1,116869
8006540428368,false,חיתולי פמפרס בייבי ד,פרוקטר & גמבל,PL,חיתולי פמפרס בייבי ד,Unknown,0.00,יחידה,false,,29.90,0.0000,true,1,116475
8006540463550,false,טבליות פיירי פלטינום,פרוקטר & גמבל,FR,טבליות פיירי פלטינום,גרמים,939.00,100 גרם,false,,44.90,4.7817,true,1,117487
8006540495186,false,מרכך מרוכז לנור בייב,פרוקטר & גמבל,FR,מרכך מרוכז לנור בייב,מיליליטרים,900.00,"100 מ""ל",false,,14.90,1.6556,true,1,117261
8006540495216,false,מרכך מרוכז לנור זר פ,פרוקטר & גמבל,FR,מרכך מרוכז לנור זר פ,מיליליטרים,900.00,"100 מ""ל",false,,14.90,1.6556,true,1,117314
8006540495247,false,מרכך מרוכז לנור בניח,פרוקטר & גמבל,FR,מרכך מרוכז לנור בניח,מיליליטרים,900.00,"100 מ""ל",false,,14.90,1.6556,true,1,118298
8007178120310,false,חומץ בלסמי גקובזי 50,זקובזי,,חומץ בלסמי גקובזי 50,מיליליטרים,500.00,"100 מ""ל",false,,17.90,3.5800,true,1,59199
8007178223547,false,קרם מצומצם עם חומץ ב,זקובזי,IT,קרם מצומצם עם חומץ ב,מיליליטרים,250.00,"100 מ""ל",false,,21.90,8.7600,true,1,117428
8008343880039,false,ספגטי ללא גלוטן רומו,רומו,IT,ספגטי ללא גלוטן רומו,גרמים,400.00,100 גרם,false,,12.90,3.2250,true,1,110994
8008343880480,false,פסטה פוזילי ללא גלוט,רומו,IT,פסטה פוזילי ללא גלוט,גרמים,400.00,100 גרם,false,,12.90,3.2250,true,1,110995
8008343880664,false,פסטה פנה ללא גלוטן ר,רומו,IT,פסטה פנה ללא גלוטן ר,גרמים,400.00,100 גרם,false,,12.90,3.2250,true,1,110996
8008660210014,false,מעדן פרי משמש מנז אנ,מנז אנד גאסר,IT,מעדן פרי משמש מנז אנ,גרמים,320.00,100 גרם,false,,14.90,4.6563,true,1,116511
8008660210021,false,מעדן פרי דובדבן מנז,מנז אנד גאסר,IT,מעדן פרי דובדבן מנז,גרמים,320.00,100 גרם,false,,14.90,4.6563,true,1,116512
8008660210038,false,מעדן פרי תות מנז אנד,מנז אנד גאסר,IT,מעדן פרי תות מנז אנד,גרמים,320.00,100 גרם,false,,14.90,4.6563,true,1,116513
8008660210045,false,מעדן פרי פירות יער מ,מנז אנד גאסר,IT,מעדן פרי פירות יער מ,גרמים,320.00,100 גרם,false,,14.90,4.6563,true,1,116514
8008660210052,false,מעדן פרי תפוז מנז אנ,מנז אנד גאסר,IT,מעדן פרי תפוז מנז אנ,גרמים,320.00,100 גרם,false,,14.90,4.6563,true,1,116515
8014601651969,false,קמח ללא גלוטן קאפוטו,קאפוטו,IT,קמח ללא גלוטן קאפוטו,פריט,1.00,"ק""ג",false,,44.90,44.9000,true,1,110991
8018068031395,false,נסקוטש 6 יח,YIWU HANGYUE I&E,CN,נסקוטש 6 יח,Unknown,0.00,יחידה,false,,19.90,0.0000,true,1,104159
8034108740454,false,תפוח עץ סטורי בי & ב,אראל תוצרת חקלאית בע,IL,תפוח עץ סטורי בי & ב,פריט,1.00,"ק""ג",false,,9.90,9.9000,true,1,116754
8034108740478,false,תפוח עץ מוזהב גולדן,אראל תוצרת חקלאית בע,IL,תפוח עץ מוזהב גולדן,פריט,1.00,"ק""ג",false,,9.90,9.9000,true,1,116747
8034108740485,false,תפוח עץ סמיט בי & בי,אראל תוצרת חקלאית בע,IL,תפוח עץ סמיט בי & בי,פריט,1.00,"ק""ג",false,,9.90,9.9000,true,1,116817
8034108740508,false,תפוח עץ גאלה בי & בי,אראל תוצרת חקלאית בע,IL,תפוח עץ גאלה בי & בי,פריט,1.00,"ק""ג",false,,9.90,9.9000,true,1,117887
8076800195057,false,ספגטי ברילה מס 5 500,ברילה,IT,ספגטי ברילה מס 5 500,גרמים,500.00,100 גרם,false,,5.90,1.1800,true,1,66995
8076800195132,false,פסטה ברילה בבטה מס 1,ברילה,IT,פסטה ברילה בבטה מס 1,גרמים,500.00,100 גרם,false,,5.90,1.1800,true,1,66998
8076802085738,false,פסטה ברילה פנה רגטה,ברילה,IT,פסטה ברילה פנה רגטה,גרמים,500.00,100 גרם,false,,5.90,1.1800,true,1,66991
8076802085837,false,פסטה ברילה טורטליוני,ברילה,IT,פסטה ברילה טורטליוני,גרמים,500.00,100 גרם,false,,5.90,1.1800,true,1,66992
8076802085936,false,פסטה ברילה קונצילה ר,ברילה,,פסטה ברילה קונצילה ר,גרמים,500.00,100 גרם,false,,5.90,1.1800,true,1,76457
8076802085981,false,פסטה ברילה פוזילי 50,ברילה,IT,פסטה ברילה פוזילי 50,גרמים,500.00,100 גרם,false,,5.90,1.1800,true,1,67001
8076808060654,false,פרפלה ברילה מס 65 50,ברילה,IT,פרפלה ברילה מס 65 50,גרמים,500.00,100 גרם,false,,5.90,1.1800,true,1,67000
8076809513388,false,רוטב עגבניות ארביאטה,ברילה,IT,רוטב עגבניות ארביאטה,גרמים,400.00,100 גרם,false,,9.90,2.4750,true,1,69012
8076809513395,false,רוטב עגבניות פומודור,ברילה,IT,רוטב עגבניות פומודור,גרמים,400.00,100 גרם,false,,9.90,2.4750,true,1,69011
8076809513654,false,רוטב בסיס לבולונז בר,ברילה,IT,רוטב בסיס לבולונז בר,גרמים,400.00,100 גרם,false,,9.90,2.4750,true,1,69010
8076809513692,false,רוטב עגבניות נפולטנה,ברילה,IT,רוטב עגבניות נפולטנה,גרמים,400.00,100 גרם,false,,9.90,2.4750,true,1,69013
8076809513739,false,רוטב עגבניות בזיליקו,ברילה,IT,רוטב עגבניות בזיליקו,גרמים,400.00,100 גרם,false,,9.90,2.4750,true,1,69014
8076809523561,false,רוטב עגבניות טוסקנה,ברילה,IT,רוטב עגבניות טוסקנה,גרמים,400.00,100 גרם,false,,9.90,2.4750,true,1,69009
8076809523738,false,לזניה ברילה 500 גרם,ברילה,,לזניה ברילה 500 גרם,גרמים,500.00,100 גרם,false,,18.90,3.7800,true,1,67009
8076809545440,false,ספגטי ל.גלוטן ברילה,ברילה,IT,ספגטי ל.גלוטן ברילה,גרמים,500.00,100 גרם,false,,14.90,2.9800,true,1,83303
8076809545457,false,פסטה פנה ל.גלוטן ברי,ברילה,IT,פסטה פנה ל.גלוטן ברי,גרמים,400.00,100 גרם,false,,14.90,3.7250,true,1,83304
8076809545464,false,פסטה פוסילי ל.גלוטן,ברילה,IT,פסטה פוסילי ל.גלוטן,גרמים,500.00,100 גרם,false,,14.90,2.9800,true,1,83305
8400000161329,false,שמיכת עגלה ספרדית חל,,,שמיכת עגלה ספרדית חל,Unknown,0.00,יחידה,false,,69.90,0.0000,true,1,111331
8410076601865,false,מארז  נייטשר ואלי בט,גנרל מילס,ES,מארז  נייטשר ואלי בט,גרמים,420.00,100 גרם,false,,16.90,4.0238,true,1,117739
8410104039134,false,מנקה מדיח פיניש 250,רקיט בנקיזר,PL,מנקה מדיח פיניש 250,מיליליטרים,250.00,"100 מ""ל",false,,14.90,5.9600,true,1,62635
8410104045111,false,"מלח למדיח פיניש 2 ק""",חברת המלח,IL,"מלח למדיח פיניש 2 ק""",פריט,2.00,"ק""ג",false,,12.90,6.4500,true,1,78977
8410104425906,false,"שעווה חמה ויט 250 מ""",רקיט בנקיזר,FR,"שעווה חמה ויט 250 מ""",מיליליטרים,250.00,"100 מ""ל",false,,19.90,7.9600,true,1,112259
8410104437268,false,מפיג ריח פיניש רענן,רקיט בנקיזר,PL,מפיג ריח פיניש רענן,Unknown,0.00,יחידה,false,,14.90,0.0000,true,1,62639
8410104511340,false,רצועות שעווה לעור יב,רקיט בנקיזר,FR,רצועות שעווה לעור יב,Unknown,0.00,יחידה,false,,19.90,0.0000,true,1,106508
8435188458053,false,רפידת ספוג לנעליים,,,רפידת ספוג לנעליים,Unknown,0.00,יחידה,false,,12.90,0.0000,true,1,63889
8436575292205,false,שלגוני חמשושים 15 יח,גלידות נסטלה,IL,שלגוני חמשושים 15 יח,גרמים,180.00,100 גרם,false,,17.90,9.9444,true,1,99409
8445290046284,false,קפה נמס מגורען רד מא,נסטלה ספרד קפה,ES,קפה נמס מגורען רד מא,גרמים,220.00,100 גרם,false,,18.90,8.5909,true,1,118269
8681873024519,false,"כוסות ח""פ 100 יח",פאלאס,CN,"כוסות ח""פ 100 יח",Unknown,0.00,יחידה,false,,5.90,0.0000,true,1,119049
8683323040100,false,יוגוטה מקלות תותי פר,סאאדת,TR,יוגוטה מקלות תותי פר,גרמים,35.00,100 גרם,false,,1.50,4.2857,true,1,86318
8683323041107,false,יוגוטה מקלות תות שדה,סאאדת,TR,יוגוטה מקלות תות שדה,גרמים,35.00,100 גרם,false,,1.50,4.2857,true,1,86280
8690120160177,false,ופל מצופה קרם אגוזים,קומרה,TR,ופל מצופה קרם אגוזים,גרמים,840.00,100 גרם,false,,24.90,2.9643,true,1,114411
8690120160405,false,ופל מצופה שוקולד חלב,קומרה,TR,ופל מצופה שוקולד חלב,גרמים,840.00,100 גרם,false,,24.90,2.9643,true,1,115815
8693029032132,false,לקריץ חתוך פרוט בייט,סארבאן קונפקטינרי,TR,לקריץ חתוך פרוט בייט,גרמים,500.00,100 גרם,false,,19.90,3.9800,true,1,115814
8693029032156,false,לקריץ חתוך פרוט בייט,סארבאן קונפקטינרי,TR,לקריץ חתוך פרוט בייט,גרמים,500.00,100 גרם,false,,19.90,3.9800,true,1,115810
8693029032170,false,לקריץ חתוך פרוט בייט,סארבאן קונפקטינרי,TR,לקריץ חתוך פרוט בייט,גרמים,500.00,100 גרם,false,,19.90,3.9800,true,1,115812
8693029034341,false,לקריץ קוביות פרוט קי,אונטד גידה,TR,לקריץ קוביות פרוט קי,גרמים,500.00,100 גרם,false,,19.90,3.9800,true,1,115847
8693029050808,false,פרוט רופ בטעם תות 50,אונטד גידה,TR,פרוט רופ בטעם תות 50,פריט,1.00,"ק""ג",false,,49.90,49.9000,true,1,118617
8693029050815,false,פרוט רופ בטעם אוכמני,אונטד גידה,TR,פרוט רופ בטעם אוכמני,פריט,1.00,"ק""ג",false,,49.90,49.9000,true,1,118618
8693495052177,false,תחליב פלמוליב זיתים,קולגייט פלמוליב,TR,תחליב פלמוליב זיתים,מיליליטרים,750.00,"100 מ""ל",false,,14.90,1.9867,true,1,94882
8693495054058,false,ג'ל רחצה פלמוליב לומ,קולגייט פלמוליב,TR,ג'ל רחצה פלמוליב לומ,מיליליטרים,750.00,"100 מ""ל",false,,14.90,1.9867,true,1,113591
8693804095109,false,אטריות להכנת קדאיף 5,אונלו מאמולרי,TR,אטריות להכנת קדאיף 5,גרמים,500.00,100 גרם,false,,11.90,2.3800,true,1,117200
8693804095192,false,דפי פילו משולשים 40,אונלו מאמולרי,TR,דפי פילו משולשים 40,גרמים,600.00,100 גרם,false,,9.90,1.6500,true,1,117198
8693804095222,false,דפי פילו 44 יח',אונלו מאמולרי,TR,דפי פילו 44 יח',גרמים,800.00,100 גרם,false,,9.90,1.2375,true,1,117199
8697420697914,false,זית שחור יבש קרן 700,אונטד גידה,TR,זית שחור יבש קרן 700,גרמים,700.00,100 גרם,false,,16.90,2.4143,true,1,97136
8697465218891,false,מארז 10 מכוניות עם א,דוגקאר גידה,TR,מארז 10 מכוניות עם א,Unknown,0.00,יחידה,false,,10.90,0.0000,true,1,104127
8697826469092,false,טורטיות 12*45 גרם,,TR,טורטיות 12*45 גרם,גרמים,540.00,100 גרם,false,,9.90,1.8333,true,1,65964
8698829381152,false,טורטיה דורום 18*90 ג,מוטלוקאל גידה סאן טי,TR,טורטיה דורום 18*90 ג,פריט,1.62,"ק""ג",false,,19.90,12.2840,true,1,117170
8698996005783,false,טישו נואה 7*100 יח,פאלאס,TR,טישו נואה 7*100 יח,Unknown,0.00,יחידה,false,,11.90,0.0000,true,1,113380
8699905720025,false,סוכריות קשות בטעמי פ,סארבאן קונפקטינרי,TR,סוכריות קשות בטעמי פ,גרמים,500.00,100 גרם,false,,17.90,3.5800,true,1,119001
8699905720032,false,סוכריות קשות בטעם לי,סארבאן קונפקטינרי,TR,סוכריות קשות בטעם לי,גרמים,500.00,100 גרם,false,,17.90,3.5800,true,1,119002
8699905720049,false,סוכריות קשות בטעם מנ,סארבאן קונפקטינרי,TR,סוכריות קשות בטעם מנ,גרמים,500.00,100 גרם,false,,17.90,3.5800,true,1,119003
8699905720575,false,פרוט טאפי חמוץ מיקס,קונרק טינטי,TR,פרוט טאפי חמוץ מיקס,גרמים,240.00,100 גרם,false,,9.90,4.1250,true,1,111785
8699905720698,false,טופי חמוץ אקסטרים בט,סאדת גידה,TR,טופי חמוץ אקסטרים בט,גרמים,256.00,100 גרם,false,,9.90,3.8672,true,1,115741
8699905720704,false,טופי חמוץ אקסטרים בט,סאדת גידה,TR,טופי חמוץ אקסטרים בט,גרמים,256.00,100 גרם,false,,9.90,3.8672,true,1,115742
8710428005755,false,סימילאק איזומיל טף ש,אבוט,NL,סימילאק איזומיל טף ש,גרמים,400.00,100 גרם,false,,39.90,9.9750,true,1,69207
8710428005762,false,סימילאק איזומיל טף ש,אבוט,NL,סימילאק איזומיל טף ש,גרמים,400.00,100 גרם,false,,39.90,9.9750,true,1,69208
8710502194825,false,עוגיות שוקולד ציפס מ,מרבה הולנד,NL,עוגיות שוקולד ציפס מ,גרמים,150.00,100 גרם,false,,4.90,3.2667,true,1,74466
8710800961310,false,מנטוס תות 4 יח,פרפטי ואן מלה ברדה,NL,מנטוס תות 4 יח,גרמים,150.00,100 גרם,false,,9.90,6.6000,true,1,47640
8711000371176,false,קפסולות גייקובס קלאס,JDE,FR,קפסולות גייקובס קלאס,גרמים,52.00,100 גרם,false,,16.90,32.5000,true,1,98866
8711000371183,false,קפסולות גייקובס אינט,JDE,FR,קפסולות גייקובס אינט,גרמים,52.00,100 גרם,false,,16.90,32.5000,true,1,98867
8711000371206,false,קפסולות גייקובס ריסט,JDE,FR,קפסולות גייקובס ריסט,גרמים,52.00,100 גרם,false,,16.90,32.5000,true,1,98868
8711000515297,false,קפה נמס גייקובס ולוו,,,קפה נמס גייקובס ולוו,גרמים,200.00,100 גרם,false,,14.90,7.4500,true,1,118785
8714599513781,false,קפה גיקובס קרנט זהב,גייקובס,UA,קפה גיקובס קרנט זהב,גרמים,200.00,100 גרם,false,,19.90,9.9500,true,1,84132
8714599513866,false,קפה גיקובס קרוננג 20,גייקובס,UA,קפה גיקובס קרוננג 20,גרמים,200.00,100 גרם,false,,19.90,9.9500,true,1,84131
8714789177229,false,מברשת קולגייט מדיום,קולגייט פלמוליב,VN,מברשת קולגייט מדיום,Unknown,0.00,יחידה,false,,9.90,0.0000,true,1,61469
8714789402918,false,אגקס חגיגת הפרחים אד,,,אגקס חגיגת הפרחים אד,קילוגרמים,1.50,ליטר,false,,15.90,10.6000,true,1,66606
8714789402932,false,אגקס חגיגת הפרחים ור,,,אגקס חגיגת הפרחים ור,קילוגרמים,1.50,ליטר,false,,15.90,10.6000,true,1,66607
8714789402970,false,אגקס חגיגת הפרחים פר,,,אגקס חגיגת הפרחים פר,קילוגרמים,1.50,ליטר,false,,15.90,10.6000,true,1,66608
8714789529561,false,משחת קולגייט סנסטיב,קולגייט פלמוליב,PL,משחת קולגייט סנסטיב,מיליליטרים,75.00,"100 מ""ל",false,,21.90,29.2000,true,1,104603
8715700115849,false,"קטשופ היינץ 1.35 ק""ג",היינץ,US,"קטשופ היינץ 1.35 ק""ג",פריט,1.35,"ק""ג",false,,14.90,11.0370,true,1,96111
8715700423906,false,מתבל עגבניות היינץ 5,היינץ,NL,מתבל עגבניות היינץ 5,גרמים,555.00,100 גרם,false,,9.90,1.7838,true,1,112563
8718114724485,false,מיונז לחיץ הלמנס 705,יוניליוור,GB,מיונז לחיץ הלמנס 705,גרמים,705.00,100 גרם,false,,15.90,2.2553,true,1,118273
8718951093331,false,מברשת מרידול אקסטרה,קולגייט פלמוליב,,מברשת מרידול אקסטרה,Unknown,0.00,יחידה,false,,24.90,0.0000,true,1,98939
8718951159808,false,מברשת קולגייט 360 מד,קולגייט פלמוליב,CN,מברשת קולגייט 360 מד,Unknown,0.00,יחידה,false,,24.90,0.0000,true,1,95689
8718951259409,false,תחליב פלמוליב נטורלס,קולגייט פלמוליב,TR,תחליב פלמוליב נטורלס,מיליליטרים,750.00,"100 מ""ל",false,,14.90,1.9867,true,1,118431
8718951264618,false,משחת קולגייט אופטיק,קולגייט פלמוליב,PL,משחת קולגייט אופטיק,גרמים,75.00,100 גרם,false,,22.90,30.5333,true,1,108428
8718951265103,false,מברשת קולגייט אולטרה,קולגייט פלמוליב,CN,מברשת קולגייט אולטרה,Unknown,0.00,יחידה,false,,29.90,0.0000,true,1,102163
8718951289833,false,סבון מוצק פלמוליב לו,קולגייט פלמוליב,,סבון מוצק פלמוליב לו,גרמים,360.00,100 גרם,false,,14.90,4.1389,true,1,103374
8718951315303,false,משחת קולגייט מקסימום,קולגייט פלמוליב,,משחת קולגייט מקסימום,גרמים,200.00,100 גרם,false,,16.90,8.4500,true,1,109676
8718951361485,false,משחת קולגייט הלבנה פ,קולגייט פלמוליב,PL,משחת קולגייט הלבנה פ,מיליליטרים,150.00,"100 מ""ל",false,,37.90,25.2667,true,1,115022
8718951385290,false,נוזל אג'קס מרענן 2 ל,קולגייט פלמוליב,BY,נוזל אג'קס מרענן 2 ל,קילוגרמים,2.00,ליטר,false,,19.90,9.9500,true,1,109512
8718951409798,false,מברשת קולגייט מקס וו,קולגייט פלמוליב,CN,מברשת קולגייט מקס וו,Unknown,0.00,יחידה,false,,24.90,0.0000,true,1,114113
8718951431614,false,ג'ל רחצה פלמוליב פיר,קולגייט פלמוליב,TR,ג'ל רחצה פלמוליב פיר,מיליליטרים,750.00,"100 מ""ל",false,,14.90,1.9867,true,1,113830
8718951433120,false,משחת קולגייט טוטאל ג,קולגייט פלמוליב,PL,משחת קולגייט טוטאל ג,מיליליטרים,50.00,"100 מ""ל",false,,14.90,29.8000,true,1,118080
8718951498754,false,מברשת קולגייט פחם סו,קולגייט פלמוליב,VN,מברשת קולגייט פחם סו,Unknown,0.00,יחידה,false,,17.90,0.0000,true,1,118188
8718951509627,false,משחת קולגייט אופטיק,קולגייט פלמוליב,PL,משחת קולגייט אופטיק,גרמים,75.00,100 גרם,false,,22.90,30.5333,true,1,116783
8719200998001,false,מרגרינה ללא מלח בלוב,יוניליוור,IL,מרגרינה ללא מלח בלוב,גרמים,200.00,100 גרם,false,,4.30,2.1500,true,1,104118
8719200998018,false,מחמאה בלובנד 200 גרם,יוניליוור,IL,מחמאה בלובנד 200 גרם,גרמים,200.00,100 גרם,false,,4.30,2.1500,true,1,103693
8719200998032,false,מרגרינה 3/4 שומן טעם,יוניליוור,IL,מרגרינה 3/4 שומן טעם,גרמים,250.00,100 גרם,false,,9.30,3.7200,true,1,103622
8719200998049,false,מרגרינה מזולה 250 גר,יוניליוור,IL,מרגרינה מזולה 250 גר,גרמים,250.00,100 גרם,false,,8.70,3.4800,true,1,103801
8719200998094,false,מרגרינה מזולה 200 גר,יוניליוור,IL,מרגרינה מזולה 200 גר,גרמים,200.00,100 גרם,false,,5.90,2.9500,true,1,104000
8719200998100,false,מרגרינה בטעם חמאה מז,יוניליוור,IL,מרגרינה בטעם חמאה מז,גרמים,200.00,100 גרם,false,,5.90,2.9500,true,1,103623
8723400756552,false,מנטוס צבעי הקשת 4 יח,פרפטי ואן מלה ברדה,NL,מנטוס צבעי הקשת 4 יח,גרמים,150.00,100 גרם,false,,9.90,6.6000,true,1,64215
8801055707966,false,קפה נמס טסטרס צויס ב,גלידות נסטלה,IL,קפה נמס טסטרס צויס ב,גרמים,180.00,100 גרם,false,,29.90,16.6111,true,1,85982
8809168840471,false,חטיף אצות מיובשות מז,JK GLOBAL INC,KR,חטיף אצות מיובשות מז,גרמים,40.50,100 גרם,false,,19.90,49.1358,true,1,111508
8850006932964,false,מברשת קולגייט טוויסט,קולגייט פלמוליב,VN,מברשת קולגייט טוויסט,Unknown,0.00,יחידה,false,,21.90,0.0000,true,1,108911
8850180040028,false,טמפורה מזרח ומערב 50,קרנחם אוטאי פחרה,TH,טמפורה מזרח ומערב 50,גרמים,500.00,100 גרם,false,,8.90,1.7800,true,1,104181
8850206250592,false,רוטב צ'ילי סרירצ'ה מ,יאן ונזל יון,TH,רוטב צ'ילי סרירצ'ה מ,גרמים,540.00,100 גרם,false,,19.50,3.6111,true,1,104192
8850367992171,false,קרם קוקוס מזרח ומערב,טאפאדונגפורן קוקינט,TH,קרם קוקוס מזרח ומערב,קילוגרמים,1.00,ליטר,false,,18.90,18.9000,true,1,104193
8850367994021,false,רוטב צ'ילי מתוק ללא,יאן ונזל יון,TH,רוטב צ'ילי מתוק ללא,מיליליטרים,280.00,"100 מ""ל",false,,9.90,3.5357,true,1,119162
8850389105825,false,משקה אלוורה סאפה ענב,SAPPE PUBLIC,,משקה אלוורה סאפה ענב,קילוגרמים,1.00,ליטר,false,,10.90,10.9000,true,1,83819
8850389105832,false,משקה אלוורה סאפה תפו,SAPPE PUBLIC,,משקה אלוורה סאפה תפו,קילוגרמים,1.00,ליטר,false,,10.90,10.9000,true,1,83816
8850389105849,false,משקה אלוורה סאפה אפר,SAPPE PUBLIC,,משקה אלוורה סאפה אפר,קילוגרמים,1.00,ליטר,false,,10.90,10.9000,true,1,83815
8858271002870,false,רוטב פאד תאי מזרח ומ,יאן ונזל יון,TH,רוטב פאד תאי מזרח ומ,מיליליטרים,250.00,"100 מ""ל",false,,8.90,3.5600,true,1,104182
8858271002887,false,רוטב טריאקי מזרח ומע,דאנינג יוה פודס קו,TH,רוטב טריאקי מזרח ומע,מיליליטרים,250.00,"100 מ""ל",false,,8.90,3.5600,true,1,104183
8858271003020,false,רוטב סויה מזרח ומערב,יאן ונזל יון,TH,רוטב סויה מזרח ומערב,מיליליטרים,700.00,"100 מ""ל",false,,14.90,2.1286,true,1,104194
8858271003075,false,רוטב סויה מתוקה מקסצ,דאנינג יוה פודס קו,TH,רוטב סויה מתוקה מקסצ,מיליליטרים,700.00,"100 מ""ל",false,,14.90,2.1286,true,1,119163
8858271003938,false,רוטב קארי ירוק מקסצ',yan val yun corpora,TH,רוטב קארי ירוק מקסצ',מיליליטרים,250.00,"100 מ""ל",false,,9.90,3.9600,true,1,111511
8858271004034,false,רוטב צ'ילי חריף מקסצ,דאנינג יוה פודס קו,TH,רוטב צ'ילי חריף מקסצ,מיליליטרים,700.00,"100 מ""ל",false,,14.90,2.1286,true,1,119164
8858271004300,false,רוטב טריאקי מקסצא'פ,דאנינג יוה פודס קו,TH,רוטב טריאקי מקסצא'פ,מיליליטרים,700.00,"100 מ""ל",false,,18.90,2.7000,true,1,119165
8858271004799,false,רוטב צ'ילי מתוק מזרח,יאן ונזל יון,TH,רוטב צ'ילי מתוק מזרח,מיליליטרים,700.00,"100 מ""ל",false,,12.50,1.7857,true,1,104184
8858271005772,false,רוטב סויה מקסצ'פ ללא,יאן ונזל יון,TH,רוטב סויה מקסצ'פ ללא,מיליליטרים,300.00,"100 מ""ל",false,,15.90,5.3000,true,1,106897
8888111030053,false,מארז מיץ אננס 4*240,S&W,PH,מארז מיץ אננס 4*240,מיליליטרים,960.00,"100 מ""ל",false,,14.90,1.5521,true,1,88909
8901537024014,false,אורז בסמטי דאווט 1 ק,אלטי פוד,IN,אורז בסמטי דאווט 1 ק,פריט,1.00,"ק""ג",false,,11.90,11.9000,true,1,62004
8901537076679,false,אורז בסמטי חום מלא ד,אל סי פורס,IN,אורז בסמטי חום מלא ד,פריט,1.00,"ק""ג",false,,11.90,11.9000,true,1,101842
8906006432383,false,נוזל קיווי שחור משופ,,,נוזל קיווי שחור משופ,מיליליטרים,75.00,"100 מ""ל",false,,13.90,18.5333,true,1,69680
8906006432505,false,נוזל קיווי שחור אקספ,,,נוזל קיווי שחור אקספ,Unknown,0.00,יחידה,false,,13.90,0.0000,true,1,89250
8908003972220,false,צנימים דורומי 300 גר,טי.אר.די.פי הפי וורל,IN,צנימים דורומי 300 גר,גרמים,300.00,100 גרם,false,,7.90,2.6333,true,1,119443
8934878081811,false,דפי אורז ללא גלוטן 2,דאנינג יוה פודס קו,CN,דפי אורז ללא גלוטן 2,גרמים,400.00,100 גרם,false,,10.90,2.7250,true,1,104185
8938535541366,false,דפי אורז צבעוניים לל,CHANH KHANG COMPANY,VN,דפי אורז צבעוניים לל,גרמים,400.00,100 גרם,false,,14.90,3.7250,true,1,111507
9000101536560,false,קפסולות ג'ל פרסיל 70,הנקל סוד,RS,קפסולות ג'ל פרסיל 70,Unknown,0.00,יחידה,false,,49.90,0.0000,true,1,118008
9000101548211,false,קולור קאצר 40 דפים ל,הנקל סוד,IE,קולור קאצר 40 דפים ל,Unknown,0.00,יחידה,false,,29.90,0.0000,true,1,118485
9000101548419,false,קולור קאצר 18 דפים מ,הנקל סוד,IE,קולור קאצר 18 דפים מ,Unknown,0.00,יחידה,false,,14.90,0.0000,true,1,118486
9044400851672,false,סוכריות דחוסות בטעם,פז פרודוקשיין,GB,סוכריות דחוסות בטעם,גרמים,25.50,100 גרם,false,,10.90,42.7451,true,1,118003
9720188060108,false,ממרח סויה בסגנון שמנ,מחלבת משק צוריאל,IL,ממרח סויה בסגנון שמנ,גרמים,340.00,100 גרם,false,,18.90,5.5588,true,1,62978
