code,internal_code,name,manufacturer_name,manufacture_country,manufacturer_item_description,unit_qty,quantity,unit_of_measure,weighted,qty_in_package,price,unit_of_measure_price,allow_discount,status,item_id
319,true,תו סיבוס פטור מעמ,ספקים שונים,,,יח`,1,,false,1,0.01,0.01,false,1,
321,true,תן ביס פטור מעמ,ספקים שונים,,,יח`,1,,false,1,0.01,0.01,false,1,
501,true,ראש קוקוס,בכורי שדה דרום 2002 בעמ,,,יח`,1,,false,1,9.90,9.90,false,1,
600,true,סנדוויץ`עובד,קבוצת אסם סחר שות. מוגבלת,,,יח`,1,,false,1,3,3,false,1,
2001,true,אשכולית,פירות בני דרור בעמ,,,"ק""ג",1,,true,1,5.90,5.90,false,1,
2002,true,אשכולית אדומה,תעשיות תוצרת חקלאית אביטן בני,,,"ק""ג",1,,true,1,5.90,5.90,false,1,
2003,true,אבוקדו,גליל שוק מקומי אגשח*שיק ל60 יו,,,"ק""ג",1,,true,1,9.90,9.90,false,1,
2004,true,אבטיח,י.ל. החקלאים שיווק והפצה בעמ*ש,,,"ק""ג",1,,true,1,5.90,5.90,false,1,
2006,true,ארטישוק,אנונה שיווק בעמ*שיק 45 יום*,,,"ק""ג",1,,true,1,25,25,false,1,
2007,true,בטטה,משק כרמי ייצור ושיווק תוצרת*שי,,,"ק""ג",1,,true,1,8.90,8.90,false,1,
2009,true,בננות,גליל שוק מקומי אגשח*שיק ל60 יו,,,"ק""ג",1,,true,1,5.90,5.90,false,1,
2010,true,בצל יבש,רביבו יהודה חקלאות ונכסים בעמ,,,"ק""ג",1,,true,1,4.90,4.90,false,1,
2012,true,אננס,פירות הכרמל אגשח בעמ*שיק 45 יו,,,יח`,1,,false,1,40,40,false,1,
2013,true,גויאבה,אלדד קליימן שיווק בעמ*שיק 40 י,,,"ק""ג",1,,true,1,19.90,19.90,false,1,
2015,true,דלעת,שוסטר תעשיות מזון בעמ*שיק ל 60,,,"ק""ג",1,,true,1,9.90,9.90,false,1,
2016,true,דלורית,שוסטר תעשיות מזון בעמ*שיק ל 60,,,"ק""ג",1,,true,1,6.90,6.90,false,1,
2017,true,תפוח זהוב,בראשית - אגודה שיתופית חקלאית-,,,"ק""ג",1,,true,1,9.90,9.90,false,1,
2019,true,חסה עגולה,הירוקים של רצון בעמ,,,יח`,1,,false,1,5.90,5.90,false,1,
2020,true,חסה רגילה,הירוקים של רצון בעמ,,,יח`,1,,false,1,4.90,4.90,false,1,
2021,true,חצילים,שיווק העשור ירקות הזהב בעמ - (,,,"ק""ג",1,,true,1,6.90,6.90,false,1,
2022,true,ירק,א.אדמה (2007) בעמ,,,יח`,1,,false,1,3.90,3.90,false,1,
2024,true,כרוב לבן,תעשיות תוצרת חקלאית אביטן בני,,,"ק""ג",1,,true,1,3.90,3.90,false,1,
2025,true,כרובית,ד.ע. ימין גידול ושיווק ירקות ב,,,"ק""ג",1,,true,1,8.90,8.90,false,1,
2027,true,לימון,אתרוג תוצרת חקלאית*שיק 30 יום*,,,"ק""ג",1,,true,1,8.90,8.90,false,1,
2028,true,מלפפון,נסים מאיר חקלאי בעמ*שיק 30 יום,,,"ק""ג",1,,true,1,5.90,5.90,false,1,
2029,true,מלון,בננות החוף אגשח בעמ,,,"ק""ג",1,,true,1,7.90,7.90,false,1,
2031,true,וירטיקלית חסה סלנובה אדומה,ורטיקל פילד בעמ*קונסיגנציה*,,,יח`,1,,false,1,6.50,6.50,false,1,
2033,true,תפוח סמיט,בראשית - אגודה שיתופית חקלאית-,,,"ק""ג",1,,true,1,9.90,9.90,false,1,
2034,true,תפוח סטארקינג חרמון,בראשית - אגודה שיתופית חקלאית-,,,"ק""ג",1,,true,1,9.90,9.90,false,1,
2035,true,סלק,מלוא הסל שיווק ירקות בעמ*שיק 3,,,"ק""ג",1,,true,1,5.90,5.90,false,1,
2036,true,עגבניה,שיווק העשור ירקות הזהב בעמ - (,,,"ק""ג",1,,true,1,5.90,5.90,false,1,
2038,true,פטריות שמפיניון יחידה,מרינה פטריות הגליל בעמ,,,יח`,1,,false,1,9.90,9.90,true,1,
2039,true,פומלה,מהדרין תנופורט ייצוא פרי אור -,,,"ק""ג",1,,true,1,8.90,8.90,false,1,
2040,true,פלפל ירוק,ינאי - מרכז פרי והירק בעמ*שיק,,,"ק""ג",1,,true,1,7.90,7.90,false,1,
2041,true,פלפל חריף,שיווק העשור ירקות הזהב בעמ - (,,,"ק""ג",1,,true,1,8.90,8.90,false,1,
2043,true,צנונית,תוצרת הנגב אגודה שיתופית חקלאי,,,יח`,1,,false,1,6.90,6.90,true,1,
2044,true,צנון,עמית בראון שיווק עמ*שיק 40 יום,,,"ק""ג",1,,true,1,5.90,5.90,false,1,
2046,true,קולורבי,תעשיות תוצרת חקלאית אביטן בני,,,"ק""ג",1,,true,1,6.90,6.90,false,1,
2047,true,קלמנטינה,תעשיות תוצרת חקלאית אביטן בני,,,"ק""ג",1,,true,1,6.90,6.90,false,1,
2048,true,קישואים,אשר שי אלבז *שיק 30 יום*,,,"ק""ג",1,,true,1,8.90,8.90,false,1,
2049,true,קיווי,בראשית - אגודה שיתופית*שיק 45,,,"ק""ג",1,,true,1,19.90,19.90,false,1,
2050,true,פומלית,תעשיות תוצרת חקלאית אביטן בני,,,"ק""ג",1,,true,1,8.90,8.90,false,1,
2051,true,לפת,מלוא הסל שיווק ירקות בעמ*שיק 3,,,"ק""ג",1,,true,1,6.90,6.90,false,1,
2054,true,שומר,תעשיות תוצרת חקלאית אביטן בני,,,"ק""ג",1,,true,1,6.90,6.90,false,1,
2056,true,שרי תפזורת,שיווק העשור ירקות הזהב*שיק 30,,,"ק""ג",1,,true,1,19.90,19.90,false,1,
2058,true,תפוא לבן,עוגן שיווק ואריזות בעמ,,,"ק""ג",1,,true,1,3.90,3.90,false,1,
2059,true,תפוזים,הדרי קטיף אריזה ושיווק בעמ*שיק,,,"ק""ג",1,,true,1,5.90,5.90,false,1,
2060,true,תירס ארוז,צמח שיווק תוצרת חקלאית *שיק 30,,,"ק""ג",1,,true,1,9.90,9.90,false,1,
2061,true,פלפל אדום,י.ל. החקלאים שיווק והפצה בעמ*ש,,,"ק""ג",1,,true,1,8.90,8.90,false,1,
2063,true,אגס,טריפל סל בעמ,,,"ק""ג",1,,true,1,12.90,12.90,false,1,
2064,true,כרוב אדום,תעשיות תוצרת חקלאית אביטן בני,,,"ק""ג",1,,true,1,5.90,5.90,false,1,
2065,true,פלפל חריף אדום,דובדבן שיווק בעמ*שיק 60 יום*,,,"ק""ג",1,,true,1,9.90,9.90,false,1,
2066,true,פלפל בהיר,שיווק העשור ירקות הזהב בעמ - (,,,"ק""ג",1,,true,1,9.90,9.90,false,1,
2067,true,פלפל צהוב,ב.ד. גידול ירקות בעמ*שיק 30 יו,,,"ק""ג",1,,true,1,8.90,8.90,false,1,
2068,true,אפרסמון,מור פירות השרון בעמ* שיק 45 יו,,,"ק""ג",1,,true,1,12.90,12.90,false,1,
2072,true,בצל אדום,רביבו יהודה חקלאות ונכסים בעמ,,,"ק""ג",1,,true,1,6.90,6.90,false,1,
2074,true,שרי ארוז,צימן עגבניות שיווק רמת הנגב בע,,,יח`,1,,false,1,9.90,9.90,false,1,
2080,true,נקטרינה,מיטב פרי הרמה (1995) בעמ*שיק 3,,,"ק""ג",1,,true,1,9.90,9.90,false,1,
2082,true,תפוח פינק,בראשית - אגודה שיתופית חקלאית-,,,"ק""ג",1,,true,1,12.90,12.90,false,1,
2084,true,דלעת ערמונים,שוסטר תעשיות מזון בעמ*שיק ל 60,,,"ק""ג",1,,true,1,8.90,8.90,false,1,
2092,true,פלפל שושקה,י.ל. החקלאים שיווק והפצה בעמ*ש,,,"ק""ג",1,,true,1,9.90,9.90,false,1,
2094,true,תפוח ענה,ח.ע בסד שיווק פירות בעמ,,,"ק""ג",1,,true,1,9.90,9.90,false,1,
2095,true,סברס,מהדרין תנופורט יצוא *שיק 30 יו,,,"ק""ג",1,,true,1,29.90,29.90,false,1,
2099,true,שזיף אדום,בועז את עמיר בעמ*שיק 40 יום*,,,"ק""ג",1,,true,1,15.90,15.90,false,1,
2100,true,דלעת יפנית,שוסטר תעשיות מזון בעמ*שיק ל 60,,,"ק""ג",1,,true,1,18.90,18.90,false,1,
2102,true,שזיף שגיב,בראשית - אגודה שיתופית*שיק 45,,,"ק""ג",1,,true,1,14.90,14.90,false,1,
2105,true,מבצע פירות,ספקים שונים,,,"ק""ג",1,,true,1,8.90,8.90,false,1,
2111,true,בטטה ירושלמית כסביה,הררי מאיר ובניו הובלות בקרור ב,,,"ק""ג",1,,true,1,12.90,12.90,false,1,
2113,true,פלפל כתום,י.ל. החקלאים שיווק והפצה בעמ*ש,,,"ק""ג",1,,true,1,8.90,8.90,false,1,
2114,true,ערמונים תפזורת,בכורי שדה דרום 2002 בעמ,,,"ק""ג",1,,true,1,19.90,19.90,false,1,
2116,true,קישואים עגולים,עמית בראון שיווק עמ*שיק 40 יום,,,"ק""ג",1,,true,1,9.90,9.90,false,1,
2120,true,תפוא אדום,עוגן שיווק ואריזות בעמ,,,"ק""ג",1,,true,1,4.90,4.90,false,1,
2122,true,רימון,אלדד קליימן שיווק בעמ*שיק 40 י,,,"ק""ג",1,,true,1,8.90,8.90,false,1,
2127,true,ענבים ירוקים טלי,לכיש מושב עובדים להתישבות*30 י,,,"ק""ג",1,,true,1,29.90,29.90,false,1,
2130,true,אנונה,גליל שוק מקומי אגשח*שיק ל60 יו,,,"ק""ג",1,,true,1,18.90,18.90,false,1,
2132,true,ברוקולי ארוז,בננות החוף אגשח בעמ,,,יח`,1,,false,1,10,10,false,1,
2134,true,תפוח נאשי,בראשית - אגודה שיתופית חקלאית-,,,"ק""ג",1,,true,1,14.90,14.90,false,1,
2144,true,קישוא זוקיני,שיווק העשור ירקות הזהב*שיק 30,,,"ק""ג",1,,true,1,9.90,9.90,false,1,
2158,true,תפוזים ברשת,מהדרין תנופורט ייצוא פרי אור -,,,"ק""ג",1,,true,1,4.90,4.90,false,1,
2159,true,קלמנטינה ברשת,מהדרין תנופורט יצוא *שיק 30 יו,,,"ק""ג",1,,true,1,5.90,5.90,false,1,
2163,true,לימון סיני,עמית בראון שיווק עמ*שיק 40 יום,,,"ק""ג",1,,true,1,9.90,9.90,false,1,
2165,true,פטריות תפזורת גדולות למילוי,חוות השמפיניון בעמ,,,"ק""ג",1,,true,1,39.90,39.90,false,1,
2170,true,שעועית ירוקה,בננות החוף אגשח בעמ,,,יח`,1,,false,1,10,10,false,1,
2173,true,חציל בלדי,י.ל. החקלאים שיווק והפצה בעמ*ש,,,"ק""ג",1,,true,1,7.90,7.90,true,1,
2178,true,חצילונים,נווה ירק בעמ,,,"ק""ג",1,,true,1,6.90,6.90,false,1,
2186,true,תפוח גלה,בראשית - אגודה שיתופית חקלאית-,,,"ק""ג",1,,true,1,9.90,9.90,false,1,
2188,true,אגס אדום,בראשית - אגודה שיתופית*שיק 45,,,"ק""ג",1,,true,1,14.90,14.90,false,1,
2323,true,גבינה מגורדת מעדנייה,תנובה - חלב,,,"ק""ג",10,100 גרם,true,1,48,4.80,false,1,
7359,true,אווזית עגל טרי מוכשר,אדום אדום - תנובה בקר,,,"ק""ג",1,"ק""ג",true,1,79.90,79.90,true,1,
7472,true,אנטריקוט עגל טרי מוכשר סטייק,אדום אדום - תנובה בקר,,,"ק""ג",1,,true,1,138,138,false,1,
9391,true,אוסובוקו עגל טרי מוכשר,אדום אדום - תנובה בקר,,,"ק""ג",1,"ק""ג",true,1,49.90,49.90,true,1,
11004,true,הולנדית+שויצרית+צ`דר,גבינות הכפר בעמ,,,"ק""ג",10,100 גרם,true,1,37,3.70,false,1,
12001,true,מעושנת,גבינות הכפר בעמ,,,"ק""ג",10,100 גרם,true,1,38,3.80,false,1,
15474,true,פריסקיז מעדני הבית 1.45,שחורי אריה ואנסטסיה,,,יח`,14.50,100 גרם,false,1,35.90,2.48,false,1,
21584,true,חלה באגט(מאפית),קבוצת אסם סחר שות. מוגבלת,,,יח`,1,,false,1,11.90,11.90,true,1,
22024,true,פיתה אפויה מארז 10 יח,מגוון שיווק והפצת מאפים בעמ,,,יח`,1,,false,1,11.90,11.90,false,1,
23489,true,דג סלמון נורבגי טרי שלם - נקי,מאסטרפוד בעמ,,,"ק""ג",1,100 גרם,true,1,79,79,true,1,
38889,true,מאפה שוקולטה בונז`ור משקל,קבוצת אסם סחר שות. מוגבלת,,,"ק""ג",10,100 גרם,true,1,39,3.90,false,1,
38995,true,חזה עגל כשר,אדום אדום - תנובה בקר,,,"ק""ג",1,"ק""ג",true,1,49.90,49.90,true,1,
46549,true,מוצרלה חריץ תנובה,תנובה - חלב,,,"ק""ג",10,100 גרם,true,1,76,7.60,false,1,
46662,true,סקנדינבית 31% תנובה,תנובה - חלב,,,"ק""ג",10,100 גרם,true,1,76,7.60,false,1,
47027,true,קשקבל (27% גלעד) תנובה,תנובה - חלב,,,"ק""ג",10,100 גרם,true,1,121,12.10,false,1,
47485,true,בולגרית פיראוס 24% פח 3 קג`תנובה,תנובה - חלב,,,"ק""ג",10,100 גרם,true,1,56,5.60,false,1,
47997,true,אסאדו טרי מוכשר,אדום אדום - תנובה בקר,,,"ק""ג",1,,true,1,59.90,59.90,false,1,
58214,true,גבינת עיזים הולנד מעדנייה,א. סיימן סחר בעמ,,,"ק""ג",10,100 גרם,true,1,169,16.90,false,1,
79684,true,קרוסון ביס שקדים בונז`ור,קבוצת אסם סחר שות. מוגבלת,,,"ק""ג",0,100 גרם,true,1,39,39,false,1,
96469,true,לחם מחמצת דגנים 480 גר`בונז`ור,קבוצת אסם סחר שות. מוגבלת,,,יח`,4.80,100 גרם,false,1,16.90,3.52,false,1,
230047,true,סטייק עם עצם כשר,אדום אדום - תנובה בקר,,,"ק""ג",1,,true,1,118,118,true,1,
235295,true,סופגניה מיני בונז`ור,קבוצת אסם סחר שות. מוגבלת,,,יח`,1,,false,1,2.90,2.90,false,1,
252520,true,4ב...לחמניות מאפית,קבוצת אסם סחר שות. מוגבלת,,,יח`,1,,false,1,10.90,10.90,false,1,
278568,true,7ב12לחמניות חליות/פטי פאן/אצבע/שליש באגט,קבוצת אסם סחר שות. מוגבלת,,,יח`,1,,false,1,12,12,false,1,
282305,true,דג לברק טרי נקי,מאסטרפוד בעמ,,,"ק""ג",1,,true,1,69,69,true,1,
287454,true,גבינת ברס בלו,א. סיימן סחר בעמ,,,"ק""ג",10,100 גרם,true,1,147,14.70,false,1,
318165,true,פסטרמה אמיתית על גחלים יחיעם,מעדני יחיעם (1993) בעמ,,,"ק""ג",10,100 גרם,true,1,79,7.90,true,1,
318899,true,סלמי פיין מעדנייה יחיעם,מעדני יחיעם (1993) בעמ,,,"ק""ג",10,100 גרם,true,1,49,4.90,true,1,
319759,true,סלמי תה יחיעם מעדנייה,מעדני יחיעם (1993) בעמ,,,"ק""ג",10,100 גרם,true,1,49,4.90,true,1,
319841,true,פסטרמה מהמעשנה יחיעם מעדנייה,מעדני יחיעם (1993) בעמ,,,"ק""ג",10,100 גרם,true,1,79,7.90,false,1,
319933,true,פסטרמה הודו מפולפלת יחיעם,מעדני יחיעם (1993) בעמ,,,"ק""ג",10,100 גרם,true,1,79,7.90,false,1,
360201,true,אמנון טרי נקי,מאסטרפוד בעמ,,,"ק""ג",1,,true,1,29.90,29.90,true,1,
363462,true,סלמי איטלקי טירת צבי,תנובה קפואים,,,"ק""ג",10,100 גרם,true,1,80,8,true,1,
363486,true,נקניק תה טירת צבי,תנובה קפואים,,,"ק""ג",10,100 גרם,true,1,53,5.30,true,1,
365046,true,כתף בקר מעושן טירת צבי,תנובה קפואים,,,"ק""ג",10,100 גרם,true,1,98,9.80,false,1,
365398,true,חזה הודו בדבש טירת צבי,תנובה קפואים,,,"ק""ג",10,100 גרם,true,1,80,8,true,1,
365909,true,פסטרמה הודו מעושנת טירת צבי,תנובה קפואים,,,"ק""ג",10,100 גרם,true,1,80,8,true,1,
365954,true,פסטרמה גחלים טירת צבי,תנובה קפואים,,,"ק""ג",10,100 גרם,true,1,80,8,true,1,
366203,true,דג בורי טרי נקי,מאסטרפוד בעמ,,,"ק""ג",1,,true,1,39,39,false,1,
369549,true,פילה מדומה טרי מוכשר,אדום אדום - תנובה בקר,,,"ק""ג",1,"ק""ג",true,1,79.90,79.90,true,1,
370734,true,גבינת צמות במי מלח במשקל 25% שומן מעדנ,ג.וילי-פוד אינטרנשיונל **גבינו,,,"ק""ג",10,100 גרם,true,1,70,7,false,1,
372204,true,דג ברמונדי נקי שלם,מאסטרפוד בעמ,,,"ק""ג",1,,true,1,49.90,49.90,true,1,
395408,true,גבנצ 28% נעם חריץ פיקוח מעדנייה,החב` המרכזית - טרה,,,"ק""ג",10,100 גרם,true,1,44.79,4.48,false,1,
395415,true,גבנצ 9% נעם חריץ מעדנייה,החב` המרכזית - טרה,,,"ק""ג",10,100 גרם,true,1,76,7.60,false,1,
395422,true,גבנצ 22% נעם חריץ פיקוח מעדנייה,החב` המרכזית - טרה,,,"ק""ג",10,100 גרם,true,1,42.58,4.26,false,1,
481043,true,פיתות כוסמין 10 יח`700 גר`,דגנית עין בר תעשיות מזון ואפיה,,,יח`,7,100 גרם,false,1,13.90,1.99,false,1,
485232,true,צלי כתף טרי מוכשר,אדום אדום - תנובה בקר,,,"ק""ג",1,,true,1,89.90,89.90,true,1,
532721,true,טורו-כתף בקר זוגלובק,זוגלובק שיווק בעמ,,,"ק""ג",10,100 גרם,true,1,110,11,false,1,
533377,true,פסטרממיה חזה עוף זוגלובק,זוגלובק שיווק בעמ,,,"ק""ג",10,100 גרם,true,1,79,7.90,true,1,
533681,true,פסטרממיה מעושנת זוגלובק,זוגלובק שיווק בעמ,,,"ק""ג",10,100 גרם,true,1,79,7.90,true,1,
554792,true,בולגרית 5% 16% מעודנת- גד מעדניה,מחלבות גד שיווק 1992 בעמ,,,"ק""ג",10,100 גרם,true,1,56,5.60,false,1,
554914,true,גבינה צפתית רכה 5% מעדנייה גד,מחלבות גד שיווק 1992 בעמ,,,"ק""ג",10,100 גרם,true,1,60,6,false,1,
554969,true,שמנות 30% גד,מחלבות גד שיווק 1992 בעמ,,,"ק""ג",10,100 גרם,true,1,45,4.50,false,1,
554990,true,כדורי מוצרלה במים גד פרסקה מעדניה,מחלבות גד שיווק 1992 בעמ,,,"ק""ג",10,100 גרם,true,1,92,9.20,false,1,
560915,true,דג דניס טרי נקי,מאסטרפוד בעמ,,,"ק""ג",1,,true,1,65,65,true,1,
560946,true,דג קרפיון מצונן נקי,מאסטרפוד בעמ,,,"ק""ג",1,,true,1,29.90,29.90,true,1,
571294,true,גאודה מעושנת 30% במשקל,מחלבות גד שיווק 1992 בעמ,,,"ק""ג",10,100 גרם,true,1,99,9.90,false,1,
571515,true,פילה סלמון נורבגי שלם -טרי,מאסטרפוד בעמ,,,"ק""ג",1,,true,1,109,109,true,1,
611136,true,כבד עוף קפוא,קורניש חן (1987) בעמ,,,"ק""ג",1,,true,1,11.90,11.90,false,1,
616575,true,גרון הודו קפוא,ג.ת. שיווק בן בקר בעמ,,,"ק""ג",10,100 גרם,true,1,24.90,2.49,false,1,
632209,true,חזה עוף-עטרה,נטו מלינדה סחר - עטרה,,,"ק""ג",1,,true,1,31.90,31.90,false,1,
644820,true,שניצל ארוז קפוא מוביל חזה פרוס,עוף ירושלים שיווק בעמ,,,"ק""ג",1,,true,1,29.90,29.90,false,1,
653877,true,פילס תרד בנוז`ור,קבוצת אסם סחר שות. מוגבלת,,,"ק""ג",0,100 גרם,true,1,39,39,false,1,
657424,true,סופגניה אריאל במאפית,מאפיית אריאל בעמ,,,יח`,1,,false,1,3.50,3.50,false,1,
658926,true,פילה מרלוזה 100% דג קפוא תנובה,תנובה קפואים,,,"ק""ג",0,100 גרם,true,1,32.90,32.90,false,1,
659312,true,פילה סלמון תנובה בואקום קפוא,תנובה קפואים,,,"ק""ג",1,,true,1,74.90,74.90,false,1,
663135,true,קוביות סלומון קפוא,תנובה קפואים,,,יח`,1,,false,1,29.90,29.90,false,1,
753218,true,חצי בגט,מאפיית קציר חיטים בעמ,,,יח`,1,,false,1,3.90,3.90,false,1,
756325,true,כתף טרי מוכשר ללא עצם,אדום אדום - תנובה בקר,,,"ק""ג",1,"ק""ג",true,1,79.90,79.90,true,1,
820859,true,סטייק עין אנטריקוט קפוא פריגומרק מוביל,נחמיה לחוביץ בעמ,,,"ק""ג",1,,true,1,49.90,49.90,false,1,
821009,true,אצבעות אנטריקוט קפוא,נחמיה לחוביץ בעמ,,,"ק""ג",1,,true,1,54.90,54.90,false,1,
821016,true,שוק אווז ארוז קפוא,בלדי בעמ,,,"ק""ג",1,,true,1,82.90,82.90,false,1,
907970,true,פסטרמה כפרית טירת צבי,תנובה קפואים,,,"ק""ג",10,100 גרם,true,1,53,5.30,false,1,
976433,true,קשיו קלוי,קונסיגנציה-דין שיווק וקליה 202,,,"ק""ג",10,100 גרם,true,1,95,9.50,false,1,
976457,true,גרעין אבטיח,קונסיגנציה-דין שיווק וקליה 202,,,"ק""ג",10,100 גרם,true,1,59,5.90,false,1,
976471,true,גרעיני דלעת מקולפת,קונסיגנציה-דין שיווק וקליה 202,,,"ק""ג",10,100 גרם,true,1,65,6.50,false,1,
976501,true,צימוק חום,קונסיגנציה-דין שיווק וקליה 202,,,"ק""ג",10,100 גרם,true,1,30,3,false,1,
976556,true,צנובר,קונסיגנציה-דין שיווק וקליה 202,,,"ק""ג",10,100 גרם,true,1,199,19.90,false,1,
976594,true,פול מצרי/ אפונה קלויה,קונסיגנציה-דין שיווק וקליה 202,,,"ק""ג",10,100 גרם,true,1,55,5.50,false,1,
976600,true,משמש,קונסיגנציה-דין שיווק וקליה 202,,,"ק""ג",10,100 גרם,true,1,55,5.50,false,1,
976662,true,פקאן טבעי,קונסיגנציה-דין שיווק וקליה 202,,,"ק""ג",10,100 גרם,true,1,135,13.50,false,1,
976754,true,מנצ`ס,קונסיגנציה-דין שיווק וקליה 202,,,"ק""ג",10,100 גרם,true,1,55,5.50,false,1,
976761,true,אגוז מלך קלוף,קונסיגנציה-דין שיווק וקליה 202,,,"ק""ג",10,100 גרם,true,1,79,7.90,false,1,
976778,true,שקד מולבן משובב,קונסיגנציה-דין שיווק וקליה 202,,,"ק""ג",10,100 גרם,true,1,120,12,false,1,
976846,true,פיסטוק קלוף,קונסיגנציה-דין שיווק וקליה 202,,,"ק""ג",10,100 גרם,true,1,199,19.90,false,1,
976860,true,שקד מולבן חצאים,קונסיגנציה-דין שיווק וקליה 202,,,"ק""ג",10,100 גרם,true,1,120,12,false,1,
976884,true,פקאן סיני מסוכר,קונסיגנציה-דין שיווק וקליה 202,,,"ק""ג",10,100 גרם,true,1,118,11.80,false,1,
977010,true,קבוקים,קונסיגנציה-דין שיווק וקליה 202,,,"ק""ג",10,100 גרם,true,1,35,3.50,false,1,
977027,true,פיסטוק קלוי,קונסיגנציה-דין שיווק וקליה 202,,,"ק""ג",10,100 גרם,true,1,97,9.70,false,1,
977065,true,חומוס קלוי,קונסיגנציה-דין שיווק וקליה 202,,,"ק""ג",10,100 גרם,true,1,40,4,false,1,
977089,true,קשיו טבעי,קונסיגנציה-דין שיווק וקליה 202,,,"ק""ג",10,100 גרם,true,1,89,8.90,false,1,
977102,true,תערובת פיצוחים,קונסיגנציה-דין שיווק וקליה 202,,,"ק""ג",10,100 גרם,true,1,95,9.50,false,1,
977140,true,אגוז מקדמיה טבעי,קונסיגנציה-דין שיווק וקליה 202,,,"ק""ג",10,100 גרם,true,1,150,15,false,1,
977355,true,בוטן אמריקאי,קונסיגנציה-דין שיווק וקליה 202,,,"ק""ג",10,100 גרם,true,1,35,3.50,false,1,
977454,true,גרעין שחור,קונסיגנציה-דין שיווק וקליה 202,,,"ק""ג",0.10,100 גרם,true,1,29,290,false,1,
977478,true,בוטן קלוי ענק,קונסיגנציה-דין שיווק וקליה 202,,,"ק""ג",10,100 גרם,true,1,37,3.70,false,1,
977485,true,גרעין לבן,קונסיגנציה-דין שיווק וקליה 202,,,"ק""ג",10,100 גרם,true,1,45,4.50,false,1,
977492,true,בונדוק טבעי,קונסיגנציה-דין שיווק וקליה 202,,,"ק""ג",10,100 גרם,true,1,110,11,false,1,
977645,true,חטיף יפני,קונסיגנציה-דין שיווק וקליה 202,,,"ק""ג",10,100 גרם,true,1,65,6.50,false,1,
977676,true,שקד קלוי,קונסיגנציה-דין שיווק וקליה 202,,,"ק""ג",10,100 גרם,true,1,98,9.80,false,1,
977683,true,פקאן קלוף קלוי,קונסיגנציה-דין שיווק וקליה 202,,,"ק""ג",10,100 גרם,true,1,150,15,false,1,
977706,true,אגוז ברזיל טבעי,קונסיגנציה-דין שיווק וקליה 202,,,"ק""ג",10,100 גרם,true,1,100,10,false,1,
977751,true,צימוק ג`מבו,קונסיגנציה-דין שיווק וקליה 202,,,"ק""ג",10,100 גרם,true,1,44,4.40,false,1,
977782,true,תאנים יבשות,קונסיגנציה-דין שיווק וקליה 202,,,"ק""ג",10,100 גרם,true,1,49,4.90,false,1,
977799,true,שזיפים ללא גלעין,קונסיגנציה-דין שיווק וקליה 202,,,"ק""ג",10,100 גרם,true,1,47,4.70,false,1,
977850,true,צימוק לבן קטן,קונסיגנציה-דין שיווק וקליה 202,,,"ק""ג",10,100 גרם,true,1,37,3.70,false,1,
977980,true,אננס פלחים,קונסיגנציה-דין שיווק וקליה 202,,,"ק""ג",10,100 גרם,true,1,40,4,false,1,
978024,true,בננה צ`יפס,קונסיגנציה-דין שיווק וקליה 202,,,"ק""ג",10,100 גרם,true,1,35,3.50,false,1,
978321,true,מנגו מסוכר,קונסיגנציה-דין שיווק וקליה 202,,,"ק""ג",10,100 גרם,true,1,40,4,false,1,
978413,true,פפאיה רצועות,קונסיגנציה-דין שיווק וקליה 202,,,"ק""ג",10,100 גרם,true,1,35,3.50,false,1,
989761,true,שקד טחון,קונסיגנציה-דין שיווק וקליה 202,,,"ק""ג",10,100 גרם,true,1,90,9,false,1,
989778,true,חמוציות מסוכרות,קונסיגנציה-דין שיווק וקליה 202,,,"ק""ג",10,100 גרם,true,1,45,4.50,false,1,
1121672,true,פסטרמה מעודנת בפפריקה 300 גר` יחיעם,מעדני יחיעם (1993) בעמ,,,יח`,3,100 גרם,false,1,21.90,7.30,true,1,
1209103,true,עוף קפוא טחון מהדרין עטרה (500 גרם),נטו מלינדה סחר - עטרה,,,יח`,5,100 גרם,false,1,13.90,2.78,false,1,
1231233,true,וינסטון בוקס,גלוברנדס בעמ - שיווק סיגריות,,,יח`,1,,false,1,33.50,33.50,true,1,
1231932,true,וינסטון כחול בוקס,גלוברנדס בעמ - שיווק סיגריות,,,יח`,1,,false,1,33.50,33.50,true,1,
1235938,true,וינסטון כחול ארוך,גלוברנדס בעמ - שיווק סיגריות,,,יח`,1,,false,1,33.50,33.50,true,1,
1319161,true,בשר מס` 3 חזה,נחמיה לחוביץ בעמ,,,"ק""ג",1,,true,1,29.90,29.90,false,1,
1322888,true,פילה בקר קפוא,נחמיה לחוביץ בעמ,,,"ק""ג",0.01,100 גרם,true,1,159,15900,false,1,
1476208,true,ברי פקאן בלוק מעדנייה גד,מחלבות גד שיווק 1992 בעמ,,,"ק""ג",10,100 גרם,true,1,131,13.10,false,1,
1516065,true,חזה עוף פרוס דק דק טרי ארוז,קורניש חן (1987) בעמ,,,"ק""ג",1,,true,1,37.90,37.90,true,1,
1710159,true,גולש עגל קפוא,לאטי עזרא בעמ,,,"ק""ג",1,,true,1,35.90,35.90,false,1,
1710289,true,דג מקרל ארוז,בלדי בעמ,,,"ק""ג",1,,true,1,19.90,19.90,false,1,
1726006,true,בורקס פטריות בונז`ור,קבוצת אסם סחר שות. מוגבלת,,,"ק""ג",10,100 גרם,true,1,39,3.90,false,1,
2013006,true,פסטרמה מקסיקנית זוגלובק,זוגלובק שיווק בעמ,,,"ק""ג",10,100 גרם,true,1,79,7.90,true,1,
2013037,true,פסטרמה פרגיות זוגלובק על לבנים 2% שומן ז,זוגלובק שיווק בעמ,,,"ק""ג",10,100 גרם,true,1,79,7.90,true,1,
2013174,true,פסטרמה של פעם זוגלובק,זוגלובק שיווק בעמ,,,"ק""ג",10,100 גרם,true,1,79,7.90,true,1,
2105145,true,מחפוד צלעות מס`2,עוף ירושלים שיווק בעמ,,,"ק""ג",1,,true,1,44.90,44.90,false,1,
2105220,true,בשר מס 8 קפוא חלק מחפוד שריר,עוף ירושלים שיווק בעמ,,,"ק""ג",1,,true,1,53.90,53.90,false,1,
2105367,true,אנטריקוט מחפוד/עטרה עגל,עוף ירושלים שיווק בעמ,,,"ק""ג",1,"ק""ג",true,1,99,99,true,1,
2107743,true,צפתית מעודנת 5% צוריאל,החב` המרכזית - טרה,,,"ק""ג",10,100 גרם,true,1,44,4.40,false,1,
2198031,true,פסט. פרגית ללחמניה,זוגלובק שיווק בעמ,,,"ק""ג",10,100 גרם,true,1,79,7.90,true,1,
2198048,true,פסט. הודו בתיבול שווארמה,זוגלובק שיווק בעמ,,,"ק""ג",10,100 גרם,true,1,79,7.90,true,1,
2198062,true,פסט. הודו אקסטרה מעושנת,זוגלובק שיווק בעמ,,,"ק""ג",10,100 גרם,true,1,79,7.90,true,1,
2206019,true,כרעיים עוף טרי ארוז,קורניש חן (1987) בעמ,,,"ק""ג",1,,true,1,25.90,25.90,true,1,
2206026,true,ירך עוף טרי ארוז,קורניש חן (1987) בעמ,,,"ק""ג",1,,true,1,25.90,25.90,true,1,
2206033,true,שוקיים עוף טרי ארוז,קורניש חן (1987) בעמ,,,"ק""ג",1,,true,1,29.90,29.90,true,1,
2206040,true,כנפיים עוף טרי ארוז,קורניש חן (1987) בעמ,,,"ק""ג",1,,true,1,12.90,12.90,true,1,
2206057,true,חזה עוף טרי שלם ארוז,קורניש חן (1987) בעמ,,,"ק""ג",1,,true,1,32.90,32.90,true,1,
2206064,true,חזה עוף פרוס טרי ארוז שניצל,קורניש חן (1987) בעמ,,,"ק""ג",1,,true,1,34.90,34.90,true,1,
2206101,true,סטייק פרגית ללא עור,קורניש חן (1987) בעמ,,,"ק""ג",1,,true,1,54.90,54.90,true,1,
2206118,true,כבד עוף לצליה טרי ארוז,קורניש חן (1987) בעמ,,,"ק""ג",1,,true,1,15.90,15.90,false,1,
2206125,true,לבבות עוף טרי ארוז,קורניש חן (1987) בעמ,,,"ק""ג",1,,true,1,26.90,26.90,false,1,
2206385,true,גרון הודו נקבה טרי ארוז,קורניש חן (1987) בעמ,,,"ק""ג",1,,true,1,25.90,25.90,false,1,
2206408,true,חזה הודו נקבה טרי ארוז מוביל,קורניש חן (1987) בעמ,,,"ק""ג",1,,true,1,25.90,25.90,false,1,
2206415,true,שוקיים הודו נקבה טרי ארוז מוביל,קורניש חן (1987) בעמ,,,"ק""ג",1,,true,1,25.90,25.90,false,1,
2206422,true,כנפיים הודו נקבה טרי ארוז מוביל,קורניש חן (1987) בעמ,,,"ק""ג",1,,true,1,16.90,16.90,false,1,
2206484,true,שווארמה הודו נקבה טרי ארוז מוביל,קורניש חן (1987) בעמ,,,"ק""ג",1,,true,1,59.90,59.90,false,1,
2209071,true,פילה עוף טרי ארוז,קורניש חן (1987) בעמ,,,"ק""ג",1,,true,1,34.90,34.90,true,1,
2300878,true,גבינת צדר אנגלית במשקל,א. סיימן סחר בעמ,,,"ק""ג",10,100 גרם,true,1,125,12.50,false,1,
2345060,true,מאסדם הולנדי אמיתי חצי גלגל,נטו מלינדה סחר בעמ,,,"ק""ג",10,100 גרם,true,1,90,9,false,1,
2370420,true,גבינת גאודה מהולנד 30% שומן-מעדניה,ג.וילי-פוד אינטרנשיונל **גבינו,,,"ק""ג",10,100 גרם,true,1,59,5.90,false,1,
2370475,true,גבינת דנהבלו בשלה עם עובש כחול 31% מעדנ,ג.וילי-פוד אינטרנשיונל **גבינו,,,"ק""ג",10,100 גרם,true,1,55,5.50,false,1,
2371571,true,פסטרמה פרגיות טירת צבי,תנובה קפואים,,,"ק""ג",10,100 גרם,true,1,80,8,true,1,
2385455,true,בולגרית מעודנת 24% מעדנייה גד,מחלבות גד שיווק 1992 בעמ,,,"ק""ג",10,100 גרם,true,1,61,6.10,false,1,
2385738,true,מנצ`גו משולשים מעדנייה גד,מחלבות גד שיווק 1992 בעמ,,,"ק""ג",10,100 גרם,true,1,150,15,false,1,
2410874,true,רבעי פרגיות ממולא,לאטי עזרא בעמ,,,"ק""ג",1,,true,1,49.80,49.80,false,1,
2439295,true,צוואר טרי יבוא מוכשר ארגנטיני,בלדי בעמ,,,"ק""ג",1,,true,1,39.90,39.90,false,1,
2447405,true,צוואר ללא עצם מוכשר טרי מ,אדום אדום - תנובה בקר,,,"ק""ג",1,,true,1,54.90,54.90,true,1,
2447412,true,כבד עגל לצליה בלבד טרי,אדום אדום - תנובה בקר,,,"ק""ג",1,,true,1,29.90,29.90,false,1,
2447498,true,ויסברטן עגל טרי מוכשר,אדום אדום - תנובה בקר,,,"ק""ג",1,"ק""ג",true,1,79.90,79.90,true,1,
2447924,true,קיט נתחים לקצב טחון מוכשר,אדום אדום - תנובה בקר,,,"ק""ג",1,,true,1,44.90,44.90,true,1,
2461098,true,נילוס פרוס,גול סחר בעמ,,,"ק""ג",1,,true,1,44.90,44.90,false,1,
2502043,true,לחמניה כריך לבן בונז`ור,קבוצת אסם סחר שות. מוגבלת,,,יח`,1,100 גרם,false,1,3.90,3.90,true,1,
2502067,true,חלה קלועה בונז`ור,קבוצת אסם סחר שות. מוגבלת,,,יח`,1,,false,1,11.90,11.90,true,1,
2502081,true,בייגלה ירושלמי בונז`ור,קבוצת אסם סחר שות. מוגבלת,,,יח`,1,,false,1,4.20,4.20,true,1,
2502166,true,חצי באגט בונז`ור,קבוצת אסם סחר שות. מוגבלת,,,יח`,1,,false,1,3.90,3.90,true,1,
2502203,true,בורקס גבינה/תפוא חלבי בונז`ור,קבוצת אסם סחר שות. מוגבלת,,,"ק""ג",10,100 גרם,true,1,39,3.90,false,1,
2507383,true,בולגרית 5% מחלב בקר- מעדנייה,נטו מלינדה סחר בעמ,,,"ק""ג",10,100 גרם,true,1,74,7.40,false,1,
2519515,true,זנב עגל חלק,אדום אדום - תנובה בקר,,,"ק""ג",1,,true,1,59.90,59.90,false,1,
2757535,true,בורקס פילו אצבעות גבינה 700 שלושת האופים,נטו מלינדה סחר בעמ,,,יח`,7,100 גרם,false,1,19.90,2.84,true,1,
2900436,true,פסטרמה איטלקית טירת צבי,תנובה קפואים,,,"ק""ג",10,100 גרם,true,1,80,8,true,1,
2920311,true,קממבר צאן מעדנייה גד,מחלבות גד שיווק 1992 בעמ,,,"ק""ג",10,100 גרם,true,1,121,12.10,false,1,
2927518,true,טבעות פילה עגל קפוא חלק זוהר,זהר בשר עופות ובשר בעמ,,,"ק""ג",0,100 גרם,true,1,38.90,38.90,false,1,
2939498,true,מס 8 שריר עטרה לא מעובד,נטו מלינדה סחר - עטרה,,,"ק""ג",1,,true,1,52.90,52.90,false,1,
2939542,true,לשון בקר-חלק עטרה,נטו מלינדה סחר - עטרה,,,"ק""ג",1,,true,1,62.90,62.90,false,1,
3001620,true,בשר מס` 2 צלעות,נחמיה לחוביץ בעמ,,,"ק""ג",1,,true,1,29.90,29.90,false,1,
3006021,true,ניצן פטה סלט קוביות מעדן,הגבינות של ניצן,,,"ק""ג",10,100 גרם,true,1,75,7.50,false,1,
3006120,true,טאמפס שכונתי- פלפל ממולא בגבינה,הגבינות של ניצן,,,"ק""ג",10,100 גרם,true,1,149,14.90,false,1,
3163847,true,בשר מס` 4 כתף בקר .,נחמיה לחוביץ בעמ,,,"ק""ג",1,,true,1,29.90,29.90,false,1,
3187140,true,סינטה מוכשר,עוף ירושלים שיווק בעמ,,,"ק""ג",1,,true,1,79.90,79.90,true,1,
3272273,true,חמוציות ללתס,קונסיגנציה-דין שיווק וקליה 202,,,"ק""ג",10,100 גרם,true,1,89,8.90,false,1,
3287215,true,גולש בקר קפוא ארוז 800 גר`,בלדי בעמ,,,יח`,8,100 גרם,false,1,34.90,4.36,false,1,
3444009,true,חטיף שוקולד חלב עם חמאת בוטנים הרשי 42 ג,ליימן שליסל בעמ,,,יח`,1,,false,1,3.90,3.90,false,1,
3561032,true,בייגל רול בונז`ור,קבוצת אסם סחר שות. מוגבלת,,,יח`,1,,false,1,4.20,4.20,false,1,
3571154,true,סטייק טונה בוואקום מוביל,נ.ת.נ.ג.ב החזקות יעוץ וניהול ב,,,"ק""ג",1,,true,1,49.90,49.90,false,1,
3598984,true,שפיץ צאך פיקניה אשפר פרגוואי,בלדי בעמ,,,"ק""ג",1,,true,1,119,119,false,1,
3632367,true,פילה ברבוניה,נ.ת.נ.ג.ב החזקות יעוץ וניהול ב,,,יח`,4,100 גרם,false,1,19.90,4.98,false,1,
3632404,true,פילה מרלוזה ארגנטיני ללא עור מוביל,בלדי בעמ,,,"ק""ג",1,,true,1,32.90,32.90,false,1,
3703418,true,גביניות חלבי בונז`ור,קבוצת אסם סחר שות. מוגבלת,,,"ק""ג",10,100 גרם,true,1,39,3.90,false,1,
3796021,true,רצועות לטחינה /בשר לחמין קפוא,נחמיה לחוביץ בעמ,,,"ק""ג",1,,true,1,19.90,19.90,false,1,
3893843,true,פילה מושט ללא עור,בלו פיש גורמה סולושנס בעמ,,,"ק""ג",1,,true,1,29.90,29.90,false,1,
4014407,true,אמ אנד אם עדשי חמאת בוטנים 46 גרם,מרס ריגלי ישראל בעמ,,,יח`,1,,false,1,4.90,4.90,true,1,
4033705,true,הבורגריה לחמניות המבוגר ביג לוקס 6 יח`,י.את א. ברמן בעמ,,,יח`,6,100 גרם,false,1,13.50,2.25,false,1,
4033712,true,לחם עננים מקמח מלא 750 גרם.,י.את א. ברמן בעמ,,,יח`,7.50,100 גרם,false,1,15.50,2.07,true,1,
4033729,true,לחם עננים כוסמין 750 גרם,י.את א. ברמן בעמ,,,יח`,7.50,100 גרם,false,1,16.50,2.20,true,1,
4033736,true,לחם עננים בסגנון בריוש 500 גר`,י.את א. ברמן בעמ,,,יח`,5,100 גרם,false,1,13.90,2.78,true,1,
4043205,true,מ@מס פיאנטס,מרס ריגלי ישראל בעמ,,,יח`,0.9270,100 גרם,false,1,5.90,6.36,false,1,
4068332,true,קממבר בקר משולשים מעדנייה גד,מחלבות גד שיווק 1992 בעמ,,,"ק""ג",10,100 גרם,true,1,115,11.50,false,1,
4068523,true,גבינה צהובה 28% מחעדנייה גד,מחלבות גד שיווק 1992 בעמ,,,"ק""ג",10,100 גרם,true,1,39,3.90,false,1,
4068585,true,גאודה עיזים משולש מעדנייה גד,מחלבות גד שיווק 1992 בעמ,,,"ק""ג",10,100 גרם,true,1,132,13.20,false,1,
4122607,true,עמק לייט 9% חריץ מעדניה צהובה,תנובה - חלב,,,"ק""ג",10,100 גרם,true,1,75,7.50,false,1,
4128401,true,פטה פיראוס 20%,תנובה - חלב,,,"ק""ג",10,100 גרם,true,1,105,10.50,false,1,
4135324,true,פיראוס בולגרית 5% מעודנת,תנובה - חלב,,,"ק""ג",10,100 גרם,true,1,43,4.30,false,1,
4136291,true,צפתית/מעודנת 5%,תנובה - חלב,,,"ק""ג",10,100 גרם,true,1,51,5.10,false,1,
4136833,true,בולגרית פיראוס %16למעדניה,תנובה - חלב,,,"ק""ג",10,100 גרם,true,1,58,5.80,false,1,
4193324,true,כתף כבש קפוא חלק מוביל,עוף ירושלים שיווק בעמ,,,"ק""ג",1,,true,1,79.90,79.90,false,1,
4194178,true,מחפוד-עוף קפוא מס`1,עוף ירושלים שיווק בעמ,,,"ק""ג",1,,true,1,24.90,24.90,false,1,
4194208,true,מחפוד-כרעיים קפוא,עוף ירושלים שיווק בעמ,,,"ק""ג",0,"ק""ג",true,1,31.90,31.90,false,1,
4194239,true,מחפוד-חזה עוף קפוא,עוף ירושלים שיווק בעמ,,,"ק""ג",1,,true,1,31.90,31.90,false,1,
4194253,true,מחפוד-כנפיים עוף קפוא,עוף ירושלים שיווק בעמ,,,"ק""ג",1,,true,1,12.90,12.90,false,1,
4194260,true,מחפוד-שוקיים עוף קפוא,עוף ירושלים שיווק בעמ,,,"ק""ג",1,,true,1,31.90,31.90,false,1,
4194307,true,מחפוד-כבד עוף קפוא,עוף ירושלים שיווק בעמ,,,"ק""ג",1,,true,1,29.90,29.90,false,1,
4194314,true,לבבות עוף קפוא ארוז מחפוד,עוף ירושלים שיווק בעמ,,,"ק""ג",1,,true,1,32.90,32.90,false,1,
4194345,true,שניצל עוף פרוס ארוז קפוא מחפוד,עוף ירושלים שיווק בעמ,,,"ק""ג",1,,true,1,33.90,33.90,false,1,
4194536,true,מחפוד חזה עוף טרי ארוז,קורניש חן (1987) בעמ,,,"ק""ג",1,,true,1,33.90,33.90,true,1,
4194543,true,מחפוד כרעיים עוף טרי ארוז,קורניש חן (1987) בעמ,,,"ק""ג",1,,true,1,33.90,33.90,true,1,
4194550,true,מחפוד כנפיים עוף טרי ארוז,קורניש חן (1987) בעמ,,,"ק""ג",1,,true,1,13.90,13.90,false,1,
4194567,true,מחפוד ירכיים עוף טרי ארוז,קורניש חן (1987) בעמ,,,"ק""ג",1,,true,1,33.90,33.90,true,1,
4194574,true,מחפוד שוקיים עוף טרי ארוז,קורניש חן (1987) בעמ,,,"ק""ג",1,,true,1,32.90,32.90,false,1,
4194635,true,מחפוד שניצל עוף טרי ארוז,קורניש חן (1987) בעמ,,,"ק""ג",1,,true,1,34.90,34.90,false,1,
4256197,true,גאודה עיזים הולנדית,נטו מלינדה סחר בעמ,,,"ק""ג",10,100 גרם,true,1,120,12,false,1,
4263041,true,גולש עגל מעובד עטרה לפי משקל (500 גרם),נטו מלינדה סחר - עטרה,,,"ק""ג",1,,true,1,51.90,51.90,false,1,
4263799,true,בשר מס 5 עטרה,נטו מלינדה סחר - עטרה,,,"ק""ג",1,,true,1,79.90,79.90,false,1,
4480332,true,גאודה בקר משולש מעדניה גד,מחלבות גד שיווק 1992 בעמ,,,"ק""ג",10,100 גרם,true,1,108,10.80,false,1,
4480349,true,גאודה עיזים משולש מעדניה גד,מחלבות גד שיווק 1992 בעמ,,,"ק""ג",10,100 גרם,true,1,132,13.20,false,1,
4649159,true,בשר מס` 5 צלי כתף חלק מוביל,נחמיה לחוביץ בעמ,,,"ק""ג",1,,true,1,59.90,59.90,false,1,
4652364,true,קשקבל ספרדי מעדנייה,נטו מלינדה סחר בעמ,,,"ק""ג",10,100 גרם,true,1,100,10,false,1,
4725846,true,חריץ גאודה קולקשן תנובה,תנובה - חלב,,,"ק""ג",10,100 גרם,true,1,76,7.60,false,1,
4751001,true,סופגניה אריאל עם ריבה,מאפיית אריאל בעמ,,,יח`,1,,false,1,2.90,2.90,true,1,
4751002,true,סופגניה אריאל ללא ריבה,מאפיית אריאל בעמ,,,יח`,1,,false,1,2.90,2.90,true,1,
4751003,true,מיני סופגניה אריאל עם ריבה,מאפיית אריאל בעמ,,,יח`,1,,false,1,1.90,1.90,true,1,
4751004,true,מיני סופגניה אריאל ללא ריבה,מאפיית אריאל בעמ,,,יח`,1,,false,1,1.90,1.90,true,1,
4859749,true,קורקבן עוף טרי ארוז,קורניש חן (1987) בעמ,,,"ק""ג",1,,true,1,9.90,9.90,false,1,
4859954,true,כנפיים עוף קפוא מוביל,קורניש חן (1987) בעמ,,,"ק""ג",1,,true,1,9.90,9.90,true,1,
4969905,true,פיקניה מוכשר,עוף ירושלים שיווק בעמ,,,"ק""ג",1,,true,1,99,99,true,1,
5041198,true,קבב ביתי קפוא מעדני הטלה (1 קג),לאטי עזרא בעמ,,,יח`,1,"ק""ג",false,1,44.90,44.90,false,1,
5079344,true,מוצרלה נעם רכיבים מעדנייה,החב` המרכזית - טרה,,,"ק""ג",10,100 גרם,true,1,90,9,false,1,
5079412,true,גבנצ חריץ אמנטל נעם מעדנייה,החב` המרכזית - טרה,,,"ק""ג",10,100 גרם,true,1,72,7.20,false,1,
5358005,true,נסיכת הנילוס שלם,גול סחר בעמ,,,"ק""ג",1,,true,1,29.90,29.90,false,1,
5384899,true,גבינת פטינה 21% מעדניה,ג.וילי-פוד אינטרנשיונל **גבינו,,,"ק""ג",10,100 גרם,true,1,27,2.70,false,1,
5387227,true,בשר מס 8 שריר זרוע,נחמיה לחוביץ בעמ,,,"ק""ג",1,,true,1,29.90,29.90,false,1,
5992858,true,פטה עיזים 5%-20% גד מעדניה,מחלבות גד שיווק 1992 בעמ,,,"ק""ג",10,100 גרם,true,1,110,11,false,1,
6131188,true,פילה סלמון,נ.ת.נ.ג.ב החזקות יעוץ וניהול ב,,,"ק""ג",1,,true,1,69.90,69.90,false,1,
6131539,true,פילה לברק(בס)מוביל,ישראל פלדמן בעמ,,,"ק""ג",0,"ק""ג",true,1,42.90,42.90,false,1,
6131706,true,פילה אמנון (מושט) קפוא,נ.ת.נ.ג.ב החזקות יעוץ וניהול ב,,,"ק""ג",1,,true,1,24.90,24.90,false,1,
6131829,true,פילה סלמון מנות,נ.ת.נ.ג.ב החזקות יעוץ וניהול ב,,,"ק""ג",1,,true,1,79.90,79.90,false,1,
6131935,true,טונה פרוס בוואקום,נ.ת.נ.ג.ב החזקות יעוץ וניהול ב,,,"ק""ג",1,,true,1,39.90,39.90,false,1,
6210166,true,אצבעות פרווה עם מלית וניל בונז`ור,קבוצת אסם סחר שות. מוגבלת,,,"ק""ג",10,100 גרם,true,1,39,3.90,false,1,
6210197,true,רוגעלך בונז`ור,קבוצת אסם סחר שות. מוגבלת,,,"ק""ג",10,100 גרם,true,1,39,3.90,false,1,
6210203,true,בורקס תפוא בונז`ור,קבוצת אסם סחר שות. מוגבלת,,,"ק""ג",10,100 גרם,true,1,39,3.90,false,1,
6210210,true,בורקיטס חלבי בונז`ור,קבוצת אסם סחר שות. מוגבלת,,,"ק""ג",0,100 גרם,true,1,39,39,false,1,
6210258,true,תפוחיות שמרים בונז`ור,קבוצת אסם סחר שות. מוגבלת,,,"ק""ג",10,100 גרם,true,1,39,3.90,false,1,
6210289,true,שנק קינמון בונז`ור,קבוצת אסם סחר שות. מוגבלת,,,"ק""ג",0,100 גרם,true,1,39,39,false,1,
6210319,true,קרוואוסן חמאה חלבי ביס בונז`ור,קבוצת אסם סחר שות. מוגבלת,,,"ק""ג",10,100 גרם,true,1,39,3.90,false,1,
6210340,true,ביס שוקולד בונז`ור,קבוצת אסם סחר שות. מוגבלת,,,"ק""ג",10,100 גרם,true,1,39,3.90,false,1,
6210357,true,שנק פיצה חלבי בונז`ור,קבוצת אסם סחר שות. מוגבלת,,,"ק""ג",0,100 גרם,true,1,39,39,false,1,
6210661,true,באגט בונז`ור,קבוצת אסם סחר שות. מוגבלת,,,יח`,1,,false,1,5.90,5.90,true,1,
6214003,true,חלבה ממולאת תפזורת,קונסיגנציה-דין שיווק וקליה 202,,,"ק""ג",10,100 גרם,true,1,59,5.90,false,1,
6464811,true,בשר מס` 6 פילה מדומה,נחמיה לחוביץ בעמ,,,"ק""ג",1,,true,1,34.90,34.90,false,1,
6464828,true,בשר מס` 8 שריר,ישראל פלדמן בעמ,,,"ק""ג",1,,true,1,29.90,29.90,false,1,
6632111,true,ביצי דג זהבון קפוא 250 גר`,דגי מהדרין בעמ,,,יח`,2.50,100 גרם,false,1,25.90,10.36,true,1,
6707079,true,כרעיים עוף קפוא,עוף עוז שיווק בעמ,,,"ק""ג",1,,true,1,25.90,25.90,false,1,
6714213,true,בשר צלי כתף מס 5 מוכשר מוביל,נחמיה לחוביץ בעמ,,,"ק""ג",1,,true,1,59.90,59.90,false,1,
6714428,true,רגל עגל פרוס מוכשר מוביל,לאטי עזרא בעמ,,,"ק""ג",1,,true,1,32.90,32.90,false,1,
6714824,true,עצמות עגל ארוז,לאטי עזרא בעמ,,,"ק""ג",1,,true,1,16.90,16.90,false,1,
6728265,true,צלעות ללא עצם מוכשר טרי מ,אדום אדום - תנובה בקר,,,"ק""ג",1,,true,1,54.90,54.90,false,1,
6728531,true,קיט קצבים עגלה טרי פרימיום מוכשר,אדום אדום - תנובה בקר,,,"ק""ג",1,,true,1,54.90,54.90,true,1,
6728548,true,קיט קצבים עגלה טרי פרימיום חלק,אדום אדום - תנובה בקר,,,"ק""ג",1,,true,1,54.90,54.90,true,1,
6728555,true,אונטריב עגלה טרי פרימיום מוכשר,אדום אדום - תנובה בקר,,,"ק""ג",1,,true,1,75.90,75.90,false,1,
6739247,true,פסט. איטלקית זוגלובק,זוגלובק שיווק בעמ,,,"ק""ג",10,100 גרם,true,1,79,7.90,true,1,
6748072,true,פרחים זר צבעוני,פרחי ליידי דיאן בעמ,,,יח`,1,,false,1,35,35,false,1,
6748133,true,פרחים זר רגיל,פרחי ליידי דיאן בעמ,,,יח`,1,,false,1,25,25,false,1,
6748157,true,פרחים זר 30,פרחי ליידי דיאן בעמ,,,יח`,1,,false,1,30,30,false,1,
6765871,true,שקד טבעי במשקל,קונסיגנציה-דין שיווק וקליה 202,,,"ק""ג",10,100 גרם,true,1,89,8.90,false,1,
8175760,true,גבינת מנצ`גו(חלב כבשים),ג.וילי-פוד אינטרנשיונל **גבינו,,,"ק""ג",10,100 גרם,true,1,89,8.90,false,1,
8175906,true,גאודה מחלב עיזים חצי קשה 32%,ג.וילי-פוד אינטרנשיונל **גבינו,,,"ק""ג",10,100 גרם,true,1,99,9.90,false,1,
8211147,true,גבינת גאודה חצי קשה,א. סיימן סחר בעמ,,,"ק""ג",10,100 גרם,true,1,120,12,false,1,
8345156,true,פילה מקרוסקה מעדניה,נטו מלינדה סחר בעמ,,,"ק""ג",2.50,"ק""ג",true,1,149,59.60,false,1,
8345170,true,מקרל חצאים(מעדנייה),נטו מלינדה סחר בעמ,,,"ק""ג",10,100 גרם,true,1,125,12.50,false,1,
8403238,true,גבינת ברי איסיני סנט מר במשקל,א. סיימן סחר בעמ,,,"ק""ג",10,100 גרם,true,1,139,13.90,false,1,
8403900,true,גאודה עגבניות וזיתים-מעדנייה,א. סיימן סחר בעמ,,,"ק""ג",10,100 גרם,true,1,119,11.90,false,1,
8461047,true,סיימן ברי לה רוסטיק מעדנייה,א. סיימן סחר בעמ,,,"ק""ג",10,100 גרם,true,1,147,14.70,false,1,
8577267,true,עוף טרי שלם ארוז,קורניש חן (1987) בעמ,,,"ק""ג",1,,true,1,19.90,19.90,true,1,
8830676,true,תערובת מן הטבע,קונסיגנציה-דין שיווק וקליה 202,,,יח`,1,,false,1,5,5,false,1,
9068955,true,חמניות קלופות,קונסיגנציה-דין שיווק וקליה 202,,,"ק""ג",10,100 גרם,true,1,45,4.50,false,1,
9069174,true,שקד מסוכר במשקל,קונסיגנציה-דין שיווק וקליה 202,,,"ק""ג",10,100 גרם,true,1,90,9,false,1,
9069518,true,ג`ינג`ר מסוכר,קונסיגנציה-דין שיווק וקליה 202,,,"ק""ג",10,100 גרם,true,1,50,5,false,1,
9069990,true,תערובת הבית תפזורת,קונסיגנציה-דין שיווק וקליה 202,,,"ק""ג",10,100 גרם,true,1,100,10,false,1,
9077490,true,זית מרוקאי,קונסיגנציה-דין שיווק וקליה 202,,,"ק""ג",10,100 גרם,true,1,44,4.40,false,1,
9077575,true,זיתים,קונסיגנציה-דין שיווק וקליה 202,,,"ק""ג",10,100 גרם,true,1,44,4.40,false,1,
9077650,true,זית יווני,קונסיגנציה-דין שיווק וקליה 202,,,"ק""ג",10,100 גרם,true,1,59,5.90,false,1,
9077667,true,מלפפון/ ירקות,קונסיגנציה-דין שיווק וקליה 202,,,"ק""ג",10,100 גרם,true,1,30,3,false,1,
9090017,true,תבלין,קונסיגנציה-דין שיווק וקליה 202,,,"ק""ג",10,100 גרם,true,1,100,10,false,1,
9099461,true,פפריקה במשקל,קונסיגנציה-דין שיווק וקליה 202,,,"ק""ג",10,100 גרם,true,1,65,6.50,false,1,
9951387,true,לוקום ממולא,קונסיגנציה-דין שיווק וקליה 202,,,"ק""ג",10,100 גרם,true,1,85,8.50,false,1,
9951400,true,סוכריות גומי,קונסיגנציה-דין שיווק וקליה 202,,,"ק""ג",10,100 גרם,true,1,45,4.50,false,1,
9951417,true,ליקריץ,קונסיגנציה-דין שיווק וקליה 202,,,"ק""ג",10,100 גרם,true,1,59,5.90,false,1,
9951424,true,פרלינים,קונסיגנציה-דין שיווק וקליה 202,,,"ק""ג",10,100 גרם,true,1,89,8.90,false,1,
9951431,true,פירות אקזוטיים,קונסיגנציה-דין שיווק וקליה 202,,,"ק""ג",10,100 גרם,true,1,90,9,false,1,
9951455,true,תבלינים קבוצה 2,קונסיגנציה-דין שיווק וקליה 202,,,"ק""ג",10,100 גרם,true,1,74,7.40,false,1,
9951479,true,תבלינים קבוצה 3,קונסיגנציה-דין שיווק וקליה 202,,,"ק""ג",10,100 גרם,true,1,159,15.90,false,1,
9951561,true,סוכריות קשות,קונסיגנציה-דין שיווק וקליה 202,,,"ק""ג",0,100 גרם,true,1,40,40,false,1,
32147230,true,מיץ לימון 200 מל,דנשר (1963) בעמ,,,יח`,2,"100 מ""ל",false,1,8.90,4.45,true,1,
40084107,true,קינדר ביצת הפתעה,פרימיום-חברה לדברי מתיקה ולמסח,,,יח`,1,,false,1,4.90,4.90,false,1,
40144061,true,וופל קנופרס 25 גר`,ליימן שליסל בעמ,,,יח`,1,,false,1,2.90,2.90,true,1,
42138105,true,וינסטון סופר סלימס כחול,גלוברנדס בעמ - שיווק סיגריות,,,יח`,1,,false,1,33.50,33.50,true,1,
42149996,true,בירה בקס בקבוק 275 מל י.ד עסקים,י.ד.עסקים (1986) בעמ,,,יח`,2.75,"100 מ""ל",false,1,7.90,2.76,false,1,
42299363,true,דאודורנט רול און און פרש לגבר,אלפא- ב.ד.ף בעמ,,,יח`,1,,false,1,12.90,12.90,true,1,
54051140,true,מעדן סויה בטעם וניל אלפרו (125x4 גרם),שטראוס גרופ בעמ,,,יח`,5,100 גרם,false,1,15.90,3.18,false,1,
54051157,true,מעדן סויה בטעם שוקולד אלפרו (125x4 גרם),שטראוס גרופ בעמ,,,יח`,5,100 גרם,false,1,15.90,3.18,false,1,
59068907,true,פאל מאל כול דמי סלימס,גלוברנדס בעמ - שיווק סיגריות,,,יח`,1,,false,1,29,29,true,1,
59068914,true,פאל מאל סילבר דמי סלימס בודד,גלוברנדס בעמ - שיווק סיגריות,,,יח`,1,,false,1,29,29,true,1,
59085645,true,דאודורנט רול און אסאי (50 מל),יוניליוור ישראל שיווק בעמ,,,יח`,0.50,100 גרם,false,1,14.90,29.80,true,1,
59455233,true,סיגריות ווג ליידי כחול,גלוברנדס בעמ - שיווק סיגריות,,,יח`,1,,false,1,41,41,true,1,
59455240,true,סיגריות ווג ליידי לילךבודד,גלוברנדס בעמ - שיווק סיגריות,,,יח`,1,,false,1,41,41,true,1,
72940754,true,מילקי וניל,שטראוס גרופ בעמ/מצונן,,,יח`,1.30,"100 מ""ל",false,1,2.80,2.15,false,1,
72940761,true,מילקי שוקו,שטראוס גרופ בעמ/מצונן,,,יח`,1.30,"100 מ""ל",false,1,2.90,2.23,false,1,
72940952,true,מילקי פי 2 קצפת,שטראוס גרופ בעמ/מצונן,,,יח`,1.70,"100 מ""ל",false,1,3.90,2.29,false,1,
72940976,true,כרוב אדום 250,שטראוס גרופ בעמ/מצונן,,,יח`,2.50,100 גרם,false,1,8.90,3.56,false,1,
72940983,true,חומוס אחלה 250 גר,שטראוס גרופ בעמ/מצונן,,,יח`,2.50,100 גרם,false,1,6.90,2.76,false,1,
72941041,true,מילקי מיני שוקולד,שטראוס גרופ בעמ/מצונן,,,יח`,1.30,"100 מ""ל",false,1,2,1.54,false,1,
72945308,true,שמרים טריים קובייה שמרית (50 גרם),שטראוס גרופ בעמ/מצונן,,,יח`,0.50,100 גרם,false,1,3.50,7,false,1,
72961506,true,יוגורט עם תות 1.5% פרילי (125 גרם),תנובה - חלב,,,יח`,1.25,"100 מ""ל",false,1,3.50,2.80,false,1,
72961520,true,יוגורט עם אננס 1.5% פרילי (125 גרם),תנובה - חלב,,,יח`,1.25,"100 מ""ל",false,1,3.50,2.80,false,1,
72961544,true,יוגורט בטעם תות שדה 3% באדי (125 גרם),תנובה - חלב,,,יח`,1.25,"100 מ""ל",false,1,3,2.40,false,1,
72964132,true,טבעגורט 200מל ל,תנובה - חלב,,,יח`,2,"100 מ""ל",false,1,5.10,2.55,false,1,
72964422,true,יוגורט לבן 4.5% תנובה (200 מל),תנובה - חלב,,,יח`,2,"100 מ""ל",false,1,2.90,1.45,false,1,
72983997,true,גולף גולד 100 קופסא קשיחה,דובק בעמ,,,יח`,1,,false,1,35,35,true,1,
72984000,true,גולף סילבר 100 קופסא קשיחה,דובק בעמ,,,יח`,1,,false,1,35,35,true,1,
72986240,true,מעדן חלב בטעם שוקולד באדי (125 גרם),תנובה - חלב,,,יח`,1.25,"100 מ""ל",false,1,2.90,2.32,false,1,
72986370,true,גלידת פיינטים וניל צרפתי בן אנד גריס,מוצרי איכות אמריקאיים בעמ,,,יח`,4.20,"100 מ""ל",false,1,19.90,4.74,true,1,
72986424,true,גלידת פיינטים קרם עוגיות,מוצרי איכות אמריקאיים בעמ,,,יח`,4.20,"100 מ""ל",false,1,19.90,4.74,true,1,
72986448,true,גלידת פיינטים טופי קרנץ,מוצרי איכות אמריקאיים בעמ,,,יח`,4.20,"100 מ""ל",false,1,19.90,4.74,true,1,
72986455,true,גלידת פיינטים ניו-יורק סופר,מוצרי איכות אמריקאיים בעמ,,,יח`,4.20,"100 מ""ל",false,1,19.90,4.74,true,1,
72986479,true,גלידת פיינטים צאנקי מנקי,מוצרי איכות אמריקאיים בעמ,,,יח`,4.20,"100 מ""ל",false,1,19.90,4.74,true,1,
72991374,true,טיים רד,דובק בעמ,,,יח`,1,,false,1,32.50,32.50,true,1,
72991398,true,טיים בלו 83,דובק בעמ,,,יח`,1,,false,1,33,33,true,1,
72991404,true,אירופה,דובק בעמ,,,יח`,1,,false,1,33,33,true,1,
72991428,true,ברודווי 100,דובק בעמ,,,יח`,1,,false,1,33,33,true,1,
72993637,true,דני שוקולד בודד,שטראוס גרופ בעמ/מצונן,,,יח`,1.25,"100 מ""ל",false,1,2.60,2.08,false,1,
72994061,true,Good2 פסק זמן 36 גרם,שטראוס גרופ בעמ,,,יח`,0.36,100 גרם,false,1,4.90,13.61,false,1,
76136184,true,פאל מאל סופר סלים כחול,גלוברנדס בעמ - שיווק סיגריות,,,יח`,1,,false,1,30,30,true,1,
80042563,true,פאסטה עגבניות 700mutti גרם,רסטרטו יבוא ושיווק בעמ*אין החז,,,יח`,7,100 גרם,false,1,12.90,1.84,true,1,
80050124,true,טיק טק מנטה,פרימיום-חברה לדברי מתיקה ולמסח,,,יח`,0.16,100 גרם,false,1,3,18.75,true,1,
80052760,true,בואנו קינדר בודד,פרימיום-חברה לדברי מתיקה ולמסח,,,יח`,1,,false,1,3.90,3.90,false,1,
80136194,true,חטיף היפו אגוזי לוז 5 יח,פרימיום-חברה לדברי מתיקה ולמסח,,,יח`,0.90,100 גרם,false,1,11.90,13.22,false,1,
80176800,true,ממרח אגוזי לוז נוטלה (750 גרם),פרימיום-חברה לדברי מתיקה ולמסח,,,יח`,7.50,100 גרם,false,1,24.90,3.32,false,1,
80177173,true,ממרח אגוזי לוז נוטלה (350 גרם),פרימיום-חברה לדברי מתיקה ולמסח,,,יח`,3.50,100 גרם,false,1,14.90,4.26,false,1,
80177609,true,קינדר שוקולד 50 גר,פרימיום-חברה לדברי מתיקה ולמסח,,,יח`,0.50,100 גרם,false,1,3.90,7.80,false,1,
80177616,true,אצבעות שוקולד קינדר (8 יח`- 100 גרם),פרימיום-חברה לדברי מתיקה ולמסח,,,יח`,1,,false,1,7.90,7.90,false,1,
80310167,true,קינדר מקסי שישיה,פרימיום-חברה לדברי מתיקה ולמסח,,,יח`,1.25,100 גרם,false,1,9.90,7.92,true,1,
80310891,true,ביצת קינדר ג`וי,פרימיום-חברה לדברי מתיקה ולמסח,,,יח`,0.20,100 גרם,false,1,4.90,24.50,false,1,
80761761,true,קינדר בואנו לבן בודד 0.43 גר`,פרימיום-חברה לדברי מתיקה ולמסח,,,יח`,0.43,100 גרם,false,1,3.90,9.07,false,1,
80768838,true,מסטיק מנטוס וויט ביג מנטה פירות ללס 1,ליימן שליסל בעמ,,,יח`,1.05,100 גרם,false,1,16.90,16.10,true,1,
80773429,true,מסטיק מנטוס פיור פרש בטעם תות ללס 60 גר,ליימן שליסל בעמ,,,יח`,0.60,100 גרם,false,1,9.90,16.50,true,1,
80773443,true,מסטיק מנטוס בטעם מנטה עדין ללס,ליימן שליסל בעמ,,,יח`,0.60,100 גרם,false,1,9.90,16.50,true,1,
80780595,true,מסטיק מנטוס ביג טעם מנטה עדינה ללס 90 ג,ליימן שליסל בעמ,,,יח`,1,,false,1,16.90,16.90,false,1,
80790990,true,מסטיק מנטוס טעם פירות מנטה ללס,ליימן שליסל בעמ,,,יח`,0.60,100 גרם,false,1,9.90,16.50,true,1,
80804697,true,מסטיק מנטוס וויט ביג טעם מנטה מתוקה ללס,ליימן שליסל בעמ,,,יח`,1.05,100 גרם,false,1,16.90,16.10,true,1,
80831402,true,סוכריות מנטוס מנטה עדינה ללס clean bera,ליימן שליסל בעמ,,,יח`,1,,false,1,6.90,6.90,true,1,
80832560,true,סוכריות מנטוס פירות יער ללס,ליימן שליסל בעמ,,,יח`,0.21,100 גרם,false,1,6.90,32.86,true,1,
80843184,true,מסטיק מנטוס טעם ענבים ללס 60 גר,ליימן שליסל בעמ,,,יח`,0.60,100 גרם,false,1,9.90,16.50,true,1,
80854753,true,סוכריות מנטוס מנטה ללס,ליימן שליסל בעמ,,,יח`,1,,false,1,6.90,6.90,true,1,
80896081,true,מסטיק מנטוס פיור פרש טעם אבטיח ללס 60 ג,ליימן שליסל בעמ,,,יח`,0.60,100 גרם,false,1,9.90,16.50,true,1,
80913467,true,מסטיק מנטוס טעם מנטה ללס 60 גר,ליימן שליסל בעמ,,,יח`,0.60,100 גרם,false,1,9.90,16.50,true,1,
80945468,true,גומי לעיסה ללא סוכר בטעם מנטה מתוקה 60 ג,ליימן שליסל בעמ,,,יח`,0.60,100 גרם,false,1,9.90,16.50,true,1,
80979128,true,מסטיק מנטוס טעם דובדבן ללס 60 גר,ליימן שליסל בעמ,,,יח`,0.60,100 גרם,false,1,9.90,16.50,true,1,
80982470,true,מסטיק מנטוס פיור פרש בטעם מנטה חזקה ללס,ליימן שליסל בעמ,,,יח`,0.60,100 גרם,false,1,9.90,16.50,true,1,
80995128,true,מסטיק מנטוס בטעם הדרים 60 גר`,ליימן שליסל בעמ,,,יח`,0.60,100 גרם,false,1,9.90,16.50,false,1,
85939868,true,נייר קצר לגלגול ללא פילטר,צפניה ברזילי בעמ,,,יח`,1,,false,1,2,2,false,1,
85967069,true,נייר גלגול גדול כולל פילטר חום,צפניה ברזילי בעמ,,,יח`,1,,false,1,7,7,false,1,
87108651,true,מנטוס רביעיה,ליימן שליסל בעמ,,,יח`,1.50,100 גרם,false,1,13.90,9.27,true,1,
87108712,true,מנטוס רביעיה,ליימן שליסל בעמ,,,יח`,1.50,100 גרם,false,1,13.90,9.27,true,1,
87354041,true,מנטוס גליל בטעם דובדבן,ליימן שליסל בעמ,,,יח`,0.3750,100 גרם,false,1,3.90,10.40,true,1,
90162602,true,משקה אנרגיה רד בול (250 מל),דיפלומט היינץ,,,יח`,2.50,"100 מ""ל",false,1,5.90,2.24,true,1,
90162800,true,רד בול משקה אנרגיה 250 מל ללס,דיפלומט היינץ,,,יח`,2.50,"100 מ""ל",false,1,5.90,2.24,true,1,
90446269,true,משקה אנרגיה רד בול (250 מל),דיפלומט היינץ,,,יח`,2.50,"100 מ""ל",false,1,5.90,2.24,true,1,
90448867,true,רד בול משקה אנרגיה ללא פחמימות 250 מל,דיפלומט היינץ,,,יח`,2.50,"100 מ""ל",false,1,5.90,2.24,true,1,
90453427,true,רד בול משקה אנרגיה פיטאיה 250 מל,דיפלומט היינץ,,,יח`,2.50,"100 מ""ל",false,1,5.90,2.24,true,1,
96130339,true,דאב רול און אורגינל (500% מל),יוניליוור ישראל שיווק בעמ,,,יח`,0.50,100 גרם,false,1,14.90,29.80,true,1,
9800800056,true,נוטלה אנד גו 52 גרם,פרימיום-חברה לדברי מתיקה ולמסח,,,יח`,0.52,100 גרם,false,1,5.50,10.58,true,1,
11182700954,true,קינג קול שעועית שחורה 454 גרם,מור-ים מרקטינג בעמ,,,יח`,4.39,100 גרם,false,1,9.90,2.26,false,1,
11210000094,true,טבסקו 60 מל,ציון תורג`מן בעמ,,,יח`,0.60,"100 מ""ל",false,1,12.90,21.50,false,1,
11210006508,true,רוטב טבסקו,ציון תורג`מן בעמ,,,יח`,0.60,"100 מ""ל",false,1,20.90,34.83,false,1,
11210607040,true,טבסקו מעושן 60 מל,ציון תורג`מן בעמ,,,יח`,0.60,"100 מ""ל",false,1,12.90,21.50,false,1,
13495113506,true,חטיף ביסקויט שוקולד חלב קליק (75 גרם),יוניליוור ישראל שיווק בעמ,,,יח`,0.75,100 גרם,false,1,6.50,8.67,true,1,
13495113513,true,חטיף כדורים שוקולד חלב קליק (75 גרם),יוניליוור ישראל שיווק בעמ,,,יח`,0.75,100 גרם,false,1,6.50,8.67,true,1,
13495113520,true,חטיף קורנפלקס שוקולד חלב קליק (75 גרם),יוניליוור ישראל שיווק בעמ,,,יח`,0.75,100 גרם,false,1,6.50,8.67,true,1,
13495113537,true,חטיף שוקולד חום לבן קליק (75 גרם),יוניליוור ישראל שיווק בעמ,,,יח`,0.75,100 גרם,false,1,6.50,8.67,true,1,
13495113551,true,קליק שקיות עוגי,יוניליוור ישראל שיווק בעמ,,,יח`,0.75,100 גרם,false,1,6.50,8.67,true,1,
13495113582,true,חטיף כריות שוקולד חלב קליק (75 גרם),יוניליוור ישראל שיווק בעמ,,,יח`,0.75,100 גרם,false,1,6.50,8.67,true,1,
16000182417,true,נייטשר וואלי חטיף שיבולת שועל מלאה עם קר,ליימן שליסל בעמ,,,יח`,1.75,100 גרם,false,1,14.90,8.51,false,1,
16000423534,true,נייטשר וואלי 210 גר`שיבולת שועל ושוקולד,ליימן שליסל בעמ,,,יח`,2.10,100 גרם,false,1,14.90,7.10,false,1,
16000548404,true,נייטשר וואלי 210 גר`שיבולת שועל ודבש,ליימן שליסל בעמ,,,יח`,1.75,100 גרם,false,1,14.90,8.51,false,1,
16000548503,true,נייטשר וואלי 210 גר`מייפל וסוכר חום,ליימן שליסל בעמ,,,יח`,2.10,100 גרם,false,1,14.90,7.10,false,1,
16000548909,true,נייטשר וואלי 210 גר`מעורב,ליימן שליסל בעמ,,,יח`,2.10,100 גרם,false,1,14.90,7.10,false,1,
16229924263,true,קרם קוקוס 250 מל Aroy D,גורי מוצרי צריכה (1991) בעמ,,,יח`,2.50,"100 מ""ל",false,1,9.80,3.92,false,1,
18000701223,true,פילסברי תערובת שוקולד,ליימן שליסל בעמ,,,יח`,5.17,100 גרם,false,1,16.90,3.27,false,1,
18000703494,true,תערובת להכנת עוגת וניל פילסברי (500 גרם),ליימן שליסל בעמ,,,יח`,5.24,100 גרם,false,1,18.90,3.61,true,1,
22200956932,true,ספיד סטיק 24/7 ג`ל כחול,ש.שסטוביץ בעמ,,,יח`,0,100 גרם,false,1,16.90,16.90,false,1,
25675120037,true,מקלות חמוצות 100,גורי ע.ע.ע בעמ,,,יח`,1,100 גרם,false,1,8.90,8.90,false,1,
25675120068,true,מקלות חמוצות 100,גורי ע.ע.ע בעמ,,,יח`,1,100 גרם,false,1,8.90,8.90,false,1,
31200001597,true,חמוציות אושן ספריי,ליימן שליסל בעמ,,,יח`,1.70,100 גרם,false,1,13.90,8.18,true,1,
33617322616,true,ואזה מקמח שיפון קלה ( 270 גר`),גורי מוצרי צריכה (1991) בעמ,,,יח`,2.70,100 גרם,false,1,13.90,5.15,true,1,
33617340610,true,ואזה מקמח שיפון 275 גר`,גורי מוצרי צריכה (1991) בעמ,,,יח`,2.75,100 גרם,false,1,13.90,5.05,true,1,
34000148301,true,נטיפי שוקולד מריר לאפייה 340 גר הרשי,ליימן שליסל בעמ,,,יח`,3.40,100 גרם,false,1,19.90,5.85,true,1,
34000196173,true,טבלת קוקיס אנד קרים-XL,ליימן שליסל בעמ,,,יח`,1.13,100 גרם,false,1,9.90,8.76,false,1,
34000442652,true,טבלת ריזס -XL,ליימן שליסל בעמ,,,יח`,1.20,100 גרם,false,1,9.90,8.25,true,1,
34000544028,true,חטיף גומ טויז תות,ליימן שליסל בעמ,,,יח`,1.98,100 גרם,false,1,8.90,4.49,true,1,
34000544431,true,ממתק בטעם דובדבן 172 גר טוויזלרס,ליימן שליסל בעמ,,,יח`,1.72,100 גרם,false,1,8.90,5.17,true,1,
35000458476,true,מברשת שיניים ילדים 2+ מארז רביעייה קולגי,ש.שסטוביץ בעמ,,,יח`,1,,false,1,19.90,19.90,false,1,
37600207188,true,חמאת בוטנים קלאסי 462ג סקיפי,דיפלומט היינץ,,,יח`,4.62,100 גרם,false,1,19.90,4.31,false,1,
37600207256,true,חמאת בוטנים עם שברי בוטנים 462ג סקיפי,דיפלומט היינץ,,,יח`,4.62,100 גרם,false,1,19.90,4.31,false,1,
37977050059,true,מוצץ ננו 0-2 מאם (2 )בן( תכלת),אלפא קוסמטיקה בעמ,,,יח`,1,,false,1,39.90,39.90,false,1,
38000138607,true,פרינגלס מלח וחומץ 158 גר`,דיפלומט היינץ,,,יח`,1.58,100 גרם,false,1,8.90,5.63,true,1,
38000138638,true,פרינגלס פיצה 158 גר`,דיפלומט היינץ,,,יח`,1.58,100 גרם,false,1,8.90,5.63,true,1,
38000138720,true,פרינגלס קראנצ`158 גר`,דיפלומט היינץ,,,יח`,1.58,100 גרם,false,1,8.90,5.63,true,1,
38000183690,true,חטיף צ`יפס בטעם ברביקיו פרינגלס (71 גרם),דיפלומט היינץ,,,יח`,0.67,100 גרם,false,1,4.90,7.31,false,1,
38000183928,true,פרינגלס דבש וחרדל 158 גר`,דיפלומט היינץ,,,יח`,1.58,100 גרם,false,1,8.90,5.63,true,1,
38000197840,true,פרינגלס ברביקיוו 137 גר`Wavy,דיפלומט היינץ,,,יח`,1.37,100 גרם,false,1,8.90,6.50,true,1,
38000202278,true,פרינגלס אורגינל 130 גר`Wavy,דיפלומט היינץ,,,יח`,1.30,100 גרם,false,1,8.90,6.85,true,1,
38000232152,true,פרינגלס ברביקיו 158 גר`,דיפלומט היינץ,,,יח`,1.58,100 גרם,false,1,8.90,5.63,true,1,
38000232169,true,חטיף צ`יפס אורגינל מידי פרינגלס (67 גרם),דיפלומט היינץ,,,יח`,0.67,100 גרם,false,1,4.90,7.31,false,1,
38000232176,true,פרינגלס שמנת בצל 158 גר`,דיפלומט היינץ,,,יח`,1.58,100 גרם,false,1,8.90,5.63,true,1,
38000232183,true,פרינגלס אורגינל 149 גר`,דיפלומט היינץ,,,יח`,1.49,100 גרם,false,1,8.90,5.97,true,1,
38000845253,true,פרינגלס מידי שמנת בצל 71 גר,דיפלומט היינץ,,,יח`,0.67,100 גרם,false,1,4.90,7.31,false,1,
38527591053,true,דגנים מרובעים קינמון קוואקר (411 גרם),שטראוס פריטו ליי בעמ,,,יח`,4.12,100 גרם,false,1,19.90,4.83,true,1,
38527591060,true,דגנים מרובעים קוואקר (411 גרם),שטראוס פריטו ליי בעמ,,,יח`,4.12,100 גרם,false,1,19.90,4.83,true,1,
40000512943,true,M M שוקולד 303 גר`,מרס ריגלי ישראל בעמ,,,יח`,3.03,100 גרם,false,1,19.90,6.57,false,1,
40000513568,true,מ@מס 156 גר,מרס ריגלי ישראל בעמ,,,יח`,1.56,100 גרם,false,1,9.90,6.35,false,1,
40000514480,true,עדשי שוקולד אם אנד אם (48 גרם),מרס ריגלי ישראל בעמ,,,יח`,1,,false,1,4.90,4.90,true,1,
40000514510,true,עדשי שוקולד בוטנים אם אנד אם (49 גרם),מרס ריגלי ישראל בעמ,,,יח`,0.49,100 גרם,false,1,4.90,10,true,1,
41190007097,true,חומץ תפוחים 946 מל גאלה,מור-ים מרקטינג בעמ,,,יח`,9.46,"100 מ""ל",false,1,13.90,1.47,false,1,
41390001079,true,רוטב סויה דל נתרן קיקומן (444 מל),דיפלומט היינץ,,,יח`,4.44,"100 מ""ל",false,1,29.90,6.73,true,1,
41390010309,true,רוטב טריאקי קיקומן (444 מל),דיפלומט היינץ,,,יח`,4.44,"100 מ""ל",false,1,29.90,6.73,true,1,
42400108153,true,דגני בוקר מתוקים בטעם פירות( 354 גר`)פ,ר.ב מוצרי דגנים בעמ,,,יח`,3.54,100 גרם,false,1,20,5.65,false,1,
46214372250,true,עוגיות שטרודל תפוח עץ מרבה (225 גרם),ש.שסטוביץ בעמ,,,יח`,2.25,100 גרם,false,1,9.90,4.40,true,1,
46214731552,true,עוגיות שוקולד צ`יפס מרבה (225 גרם),ש.שסטוביץ בעמ,,,יח`,2.25,100 גרם,false,1,9.90,4.40,true,1,
48256214758,true,אסטוניש אבקת הפלא,יעקב יעקבי ובניו בעמ,,,יח`,1,"ק""ג",false,1,27.90,27.90,false,1,
50000084500,true,פריסקיז נתחי ברבקיו,שחורי אריה ואנסטסיה,,,יח`,1.42,"ק""ג",false,1,35.90,25.28,false,1,
50000100347,true,פריסקיז מעדני חתול,שחורי אריה ואנסטסיה,,,יח`,1.40,"ק""ג",false,1,35.90,25.64,false,1,
50000168583,true,פריסקיז אקסטרא קראנץ 1.43קג,שחורי אריה ואנסטסיה,,,יח`,14.30,100 גרם,false,1,35.90,2.51,false,1,
50000426942,true,פנסי פיסט צאנקי בשר ועוף,שחורי אריה ואנסטסיה,,,יח`,1,,false,1,5.90,5.90,false,1,
50000429042,true,פנסי פיסט 85 גר`כבד ועוף,שחורי אריה ואנסטסיה,,,יח`,0.85,100 גרם,false,1,5.90,6.94,false,1,
50000429448,true,פנסי פיסט 85 גר`רטוב סלמון,שחורי אריה ואנסטסיה,,,יח`,0.85,100 גרם,false,1,5.90,6.94,false,1,
50000429646,true,פנסי פיסט 85 גר`רטוב דגים,שחורי אריה ואנסטסיה,,,יח`,0.85,100 גרם,false,1,5.90,6.94,false,1,
50000429844,true,פנסי פיסט 85 גר`הודו ועוף,שחורי אריה ואנסטסיה,,,יח`,0.85,100 גרם,false,1,5.90,6.94,false,1,
52100070827,true,תמצית בטעם רום 29 מל MCCORMICK,ר.ב מוצרי דגנים בעמ,,,יח`,0.29,100 גרם,false,1,10.90,37.59,false,1,
52100070865,true,תמצית אפיה בטעם וניל טהור מקורמיק (29 מ,ר.ב מוצרי דגנים בעמ,,,יח`,0.29,"100 מ""ל",false,1,29.90,103.10,false,1,
55369902557,true,רביעות רסק תפוחי עץ ממותק בסגנון ביתי 45,מור-ים מרקטינג בעמ,,,יח`,4.52,100 גרם,false,1,13.90,3.08,false,1,
55369902564,true,רסק תפוחי עץ ללתס רביעייה 452 גר`אלפסנ,מור-ים מרקטינג בעמ,,,יח`,4.52,100 גרם,false,1,13.90,3.08,false,1,
64144090013,true,תרסיס שמן קנולה בטעם חמאה פאם (148 מל),ליימן שליסל בעמ,,,יח`,1.48,"100 מ""ל",false,1,20.90,14.12,true,1,
64144090051,true,תרסיס שמן קנולה פאם (148 מל),ליימן שליסל בעמ,,,יח`,1.48,"100 מ""ל",false,1,20.90,14.12,true,1,
70177077563,true,תה ארל גריי טווינינג 25 שקיקים,משה סידס ובנו בעמ,,,יח`,1,,false,1,18.90,18.90,true,1,
70177077693,true,תה אינגליש ברקפסט 25 שקיקים טווינינג,משה סידס ובנו בעמ,,,יח`,1,,false,1,18.90,18.90,true,1,
76840100156,true,גלידת פיינט צ`רי גרסיה דובדבנים וחתיכות,מוצרי איכות אמריקאיים בעמ,,,יח`,4.73,100 גרם,false,1,19.90,4.21,true,1,
76840100583,true,גלידה וניל+בצק עוגיות ושוקולד ציפס 473ג,מוצרי איכות אמריקאיים בעמ,,,יח`,4.73,"100 מ""ל",false,1,19.90,4.21,true,1,
76840400218,true,גלידת פיינטים בן אנד גריס פיינט תות,מוצרי איכות אמריקאיים בעמ,,,יח`,7.50,"100 מ""ל",false,1,19.90,2.65,true,1,
77343000127,true,נר נשמה 26 שעות.,אבאל יזמות בעמ,,,יח`,1,,false,1,2.50,2.50,false,1,
77343000233,true,נרות חימום מנורה שי נר (50),אבאל יזמות בעמ,,,יח`,1,,false,1,9.90,9.90,true,1,
77343001100,true,נר נשמה מנורה 26 שעות,אבאל יזמות בעמ,,,יח`,1,,false,1,2.50,2.50,true,1,
77975036976,true,מטבל עגבניות בחריפות עדינה,ליימן שליסל בעמ,,,יח`,4.39,100 גרם,false,1,17.90,4.08,false,1,
77975093085,true,סניידרס בייגלה מצופה שוקולד חלב 141 גר`,ליימן שליסל בעמ,,,יח`,1.41,100 גרם,false,1,16.90,11.99,true,1,
77975094624,true,סניידרס שברי בייגלה במילוי חמאת בוטנים 2,ליימן שליסל בעמ,,,יח`,2.8350,100 גרם,false,1,14.90,5.26,true,1,
77975094631,true,סניידרס בייגלה במילוי קרם צ`דר ( 226 גר`,ליימן שליסל בעמ,,,יח`,2.26,100 גרם,false,1,14.90,6.59,true,1,
77975094761,true,סניידרס שברי בייגל בטעם גבינת צ`אדר,ליימן שליסל בעמ,,,יח`,3.40,100 גרם,false,1,14.90,4.38,true,1,
77975094778,true,סניידרס שברי בייגל בטעם דבש וחרדל 340 גר,ליימן שליסל בעמ,,,יח`,3.40,100 גרם,false,1,14.90,4.38,true,1,
77975095157,true,סניידרס שברי בייגלה חלפינו 318 גר`,ליימן שליסל בעמ,,,יח`,3.18,100 גרם,false,1,14.90,4.69,true,1,
80518532743,true,בלון פסטל שמחה זה אנחנו) (50,שמחה זה אנחנו בעמ,,,יח`,1,,false,1,11.90,11.90,false,1,
80518532859,true,שקית בלונים,שמחה זה אנחנו בעמ,,,יח`,1,,false,1,20.90,20.90,false,1,
89397344300,true,רוטב פסטה עגבניות ובזיליקום 737 גר`דיני,מור-ים מרקטינג בעמ,,,יח`,7.37,100 גרם,false,1,16.90,2.29,false,1,
89397344362,true,דיניקולה רוטב פסטה מרינרה 737 גר`כשר לפס,מור-ים מרקטינג בעמ,,,יח`,7.37,100 גרם,false,1,16.90,2.29,false,1,
609628012114,true,זית קלמטה פחית 430 גר`,תומר יבוא ושיווק מוצרי מזון (1,,,יח`,4.30,100 גרם,false,1,14.90,3.47,false,1,
611745285685,true,אבוקדו בשל ארוז - מור בריאות,קונסיגנציה-מור בריאות בעמ,,,יח`,1,,false,1,7.90,7.90,true,1,
613008753290,true,אריזונה אפרסק 450 מל בקבוק,טמפו משקאות בעמ,,,יח`,4.50,"100 מ""ל",false,1,7.90,1.69,true,1,
613008753320,true,אריזונה ג`נסנג ודבש בקבוק 450 מל,טמפו משקאות בעמ,,,יח`,4.50,"100 מ""ל",false,1,7.90,1.69,true,1,
628154383659,true,פרוטי פבלס 311 גר`.,ר.ב מוצרי דגנים בעמ,,,יח`,3.11,100 גרם,false,1,21.90,7.04,false,1,
649660432020,true,שזיפים מיובשים מגולענים 567 גר`היל ויו,מור-ים מרקטינג בעמ,,,יח`,5.67,100 גרם,false,1,28.90,5.10,false,1,
649870166081,true,נייטיב בקר ברוטב לחתול,שחורי אריה ואנסטסיה,,,יח`,1,,false,1,4.90,4.90,false,1,
649870166173,true,נייטיב פטהברווז חתולים,שחורי אריה ואנסטסיה,,,יח`,1,,false,1,4.90,4.90,false,1,
649870166180,true,נייטיב פטה סלמון ברוטב לחתול,שחורי אריה ואנסטסיה,,,יח`,1,,false,1,4.90,4.90,false,1,
693493065641,true,טחינה הר כנען 100% 500 גר,אבאל יזמות בעמ,,,יח`,5,100 גרם,false,1,14.90,2.98,true,1,
693493168786,true,תמר מג`הול גמבו 1קג,סהר ותמר בעמ,,,יח`,10,100 גרם,false,1,25,2.50,false,1,
710535495539,true,אורז בסמטי 96% ( 1 קג ) AVEL,אבאל יזמות בעמ,,,יח`,1,"ק""ג",false,1,11.90,11.90,true,1,
728229123590,true,חטיף צ`יפס אורגינל טרה (110 גרם)כשר לפס,משה סידס ובנו בעמ,,,יח`,1.10,100 גרם,false,1,14.90,13.55,true,1,
728229123613,true,חטיף צ`יפס מתפוח אדמה כחול טרה (110 גרם),משה סידס ובנו בעמ,,,יח`,1.10,100 גרם,false,1,14.90,13.55,true,1,
728229124764,true,חטיף צ`יפס עם מלח ים טרה (110 גרם),משה סידס ובנו בעמ,,,יח`,1.10,100 גרם,false,1,14.90,13.55,true,1,
728229124771,true,חטיף טרה מבטטה בטעם ברבקיו 110 גר,משה סידס ובנו בעמ,,,יח`,1.10,100 גרם,false,1,14.90,13.55,true,1,
728229130154,true,חטיף טרה צ`יפס 110 גר`,משה סידס ובנו בעמ,,,יח`,1.10,100 גרם,false,1,14.90,13.55,true,1,
777915888299,true,רוטב סויה אקיטה ללא גלוטן,מור-ים מרקטינג בעמ,,,יח`,4.50,"100 מ""ל",false,1,16.90,3.76,false,1,
835811001232,true,נייר אפיה לתבנית עגול קוטר 26 סמ- 10 יח,הנמל אריזות ושיווק (1984) בעמ,,,יח`,1,,false,1,11.90,11.90,false,1,
835811001652,true,כוס לשתיה קרה 330 סמק 40 יח`הנמל,הנמל אריזות ושיווק (1984) בעמ,,,יח`,1,,false,1,9.90,9.90,false,1,
835811001676,true,מגש הכסף תבנית מלבןגדול 9 יח`,הנמל אריזות ושיווק (1984) בעמ,,,יח`,1,,false,1,9.90,9.90,false,1,
835811003427,true,צלחות גדול מקנה סוכר 1 קג הנמל,הנמל אריזות ושיווק (1984) בעמ,,,יח`,1,,false,1,36.90,36.90,true,1,
835811003458,true,מזלגות אלגנט שקוף 50 יח` הנמל,הנמל אריזות ושיווק (1984) בעמ,,,יח`,1,,false,1,9.90,9.90,true,1,
835811003465,true,סכינים אלגנט שקוף 50 יח` הנמל,הנמל אריזות ושיווק (1984) בעמ,,,יח`,1,,false,1,9.90,9.90,true,1,
835811003472,true,כפות אלגנט שקוף 50 יח` הנמל,הנמל אריזות ושיווק (1984) בעמ,,,יח`,1,,false,1,9.90,9.90,true,1,
835811003489,true,כפיות אלגנט שקוף 50 יח` הנמל,הנמל אריזות ושיווק (1984) בעמ,,,יח`,1,,false,1,9.90,9.90,true,1,
835811003588,true,צלחות קלאסי גדול לבן 65 יח` הנמל,הנמל אריזות ושיווק (1984) בעמ,,,יח`,1,,false,1,34.90,34.90,true,1,
835811003595,true,צלחות קלאסי קטן לבן 65 יח`,הנמל אריזות ושיווק (1984) בעמ,,,יח`,1,,false,1,24.90,24.90,true,1,
835811003816,true,קופסת איחסון מלבן 2 ליטר הנמל 3 יח,הנמל אריזות ושיווק (1984) בעמ,,,יח`,1,,false,1,9.90,9.90,false,1,
835811003823,true,קופסת איחסון מלבן 1 ליטר הנמל 5 יח,הנמל אריזות ושיווק (1984) בעמ,,,יח`,1,,false,1,9.90,9.90,false,1,
835811004189,true,פירורי לחם הנמל (800גרם),הנמל אריזות ושיווק (1984) בעמ,,,יח`,8,100 גרם,false,1,9.90,1.24,false,1,
835811004202,true,מפת שולחן 6 יח עבה ניילון הנמל,הנמל אריזות ושיווק (1984) בעמ,,,יח`,1,,false,1,9.90,9.90,false,1,
835811004219,true,מפה שולחן 8 יח עבה ניילון הנמל,הנמל אריזות ושיווק (1984) בעמ,,,יח`,0.45,100 גרם,false,1,9.90,22,false,1,
835811004226,true,מפת שולחן עבה בגליל 45 מטר,הנמל אריזות ושיווק (1984) בעמ,,,יח`,1,,false,1,34.90,34.90,true,1,
835811005018,true,כוסות יהלום 50 יח` הנמל,הנמל אריזות ושיווק (1984) בעמ,,,יח`,1,,false,1,15.90,15.90,true,1,
835811005704,true,נייר עטיפה לכריכים 100 יח`הנמל,הנמל אריזות ושיווק (1984) בעמ,,,יח`,1,,false,1,9.90,9.90,false,1,
835811005810,true,מגש הכסף תבנית מרובע קטן+מכסה 10 יח`,הנמל אריזות ושיווק (1984) בעמ,,,יח`,1,,false,1,9.90,9.90,false,1,
835811005933,true,מגש הכסף תבנית אלומ`ענק 5 יח`,הנמל אריזות ושיווק (1984) בעמ,,,יח`,1,,false,1,9.90,9.90,false,1,
835811005940,true,מגש הכסף תבנית אלומ` גדולה+ מכסה 8 יח`,הנמל אריזות ושיווק (1984) בעמ,,,יח`,1,,false,1,9.90,9.90,false,1,
835811005957,true,מגש הכסף תבנית אלומ` +90 מכסה 8 יח`,הנמל אריזות ושיווק (1984) בעמ,,,יח`,1,,false,1,9.90,9.90,false,1,
835811005964,true,מגש הכסף תבנית אלומ`מאורך 20 יח`,הנמל אריזות ושיווק (1984) בעמ,,,יח`,1,,false,1,9.90,9.90,false,1,
835811006237,true,צלחות קטנות מקנה סוכר טבעי 25 יח`הנמל,הנמל אריזות ושיווק (1984) בעמ,,,יח`,1,,false,1,8.90,8.90,false,1,
835811006435,true,מגש הכסף תבנית מלבןעמוק+ מכסה 9 יח`,הנמל אריזות ושיווק (1984) בעמ,,,יח`,1,,false,1,9.90,9.90,false,1,
835811006503,true,צלחות מקרטון זהב/כסף+ תחרה הנמל,הנמל אריזות ושיווק (1984) בעמ,,,יח`,1,,false,1,15.90,15.90,false,1,
835811006534,true,כוסות קרטון 50 יח`16OZ הנמל,הנמל אריזות ושיווק (1984) בעמ,,,יח`,1,,false,1,26.90,26.90,false,1,
835811006725,true,קינוחים תבניות אפיה מעוטרות הנמל,הנמל אריזות ושיווק (1984) בעמ,,,יח`,1,,false,1,8.90,8.90,false,1,
835811007357,true,סלטינות אובלי 25 יח`הנמל,הנמל אריזות ושיווק (1984) בעמ,,,יח`,1,,false,1,5.90,5.90,true,1,
835811007432,true,תבנית אפייה משפחתית מקרטון הנמל) (3,הנמל אריזות ושיווק (1984) בעמ,,,יח`,1,,false,1,8.90,8.90,false,1,
835811007562,true,תבנית קרטון אינגליש קייק הנמל) (6,הנמל אריזות ושיווק (1984) בעמ,,,יח`,1,,false,1,8.90,8.90,false,1,
835811008989,true,כוסות קרטון 50 יח`12OZ הנמל,הנמל אריזות ושיווק (1984) בעמ,,,יח`,1,,false,1,22.90,22.90,false,1,
835811009368,true,מרקיות צבע 25 יח`מעורב הנמל,הנמל אריזות ושיווק (1984) בעמ,,,יח`,1,,false,1,10.90,10.90,false,1,
835811009412,true,צלחות קטנות 25 יח`מעורב הנמל,הנמל אריזות ושיווק (1984) בעמ,,,יח`,1,,false,1,10.90,10.90,false,1,
835811009436,true,צלחות ענק צבע 25 יח`מעורב הנמל,הנמל אריזות ושיווק (1984) בעמ,,,יח`,1,,false,1,25.90,25.90,false,1,
839762000641,true,משקה איילנד 1 ליטר מנגו,טמפו משקאות בעמ,,,יח`,1,1 ליטר,false,1,12.90,12.90,true,1,
839762000658,true,משקה גויאבה איילנד (1 ליטר),טמפו משקאות בעמ,,,יח`,1,1 ליטר,false,1,12.90,12.90,true,1,
850006036028,true,מקלונים בטעם סלק בצל 400 גר` עבאדי,תה ויסוצקי (ישראל) בעמ,,,יח`,4,100 גרם,false,1,16.90,4.23,true,1,
856591000062,true,עוגיות מזרחיות עם מלח עבאדי (400 גרם),תה ויסוצקי (ישראל) בעמ,,,יח`,4,100 גרם,false,1,16.90,4.23,true,1,
856591000109,true,עוגיות מזרחיות עבאדי 400 גר`,תה ויסוצקי (ישראל) בעמ,,,יח`,4,100 גרם,false,1,16.90,4.23,false,1,
856591000512,true,עוגיות מזרחיות עבאדי מקלונים פריכים 400,תה ויסוצקי (ישראל) בעמ,,,יח`,4,100 גרם,false,1,16.90,4.23,true,1,
856591000918,true,מארז חטיף טבעי עבאדי) (8X40,תה ויסוצקי (ישראל) בעמ,,,יח`,3.20,100 גרם,false,1,14.90,4.66,false,1,
859547004329,true,ספוג ניקוי SCRUB DAFFY,ר.ב מוצרי דגנים בעמ,,,יח`,1,,false,1,17.90,17.90,false,1,
884912102102,true,בלוברי מורנינג אוככמניות 382 גר`,ר.ב מוצרי דגנים בעמ,,,יח`,3.82,100 גרם,false,1,25.90,6.78,false,1,
884912126115,true,דגני בוקר פוסט גרייט גריינס 382 גר`,ר.ב מוצרי דגנים בעמ,,,יח`,3.82,100 גרם,false,1,25.90,6.78,false,1,
884912129512,true,דגני בוקר קוקו פבלס 311 גר .,ר.ב מוצרי דגנים בעמ,,,יח`,3.11,100 גרם,false,1,21.90,7.04,false,1,
884912342737,true,פרוטי פבלס ללא גלוטן וופל קריספי 326 גר`,ר.ב מוצרי דגנים בעמ,,,יח`,4.25,100 גרם,false,1,22,5.18,false,1,
884912359162,true,האני באנצס שקדים 340 גר`.,ר.ב מוצרי דגנים בעמ,,,יח`,3.40,100 גרם,false,1,21.90,6.44,true,1,
884912359421,true,האני באנצס באנצס מייפל ופקאן 340 גר` .,ר.ב מוצרי דגנים בעמ,,,יח`,3.40,100 גרם,false,1,21.90,6.44,true,1,
884912365200,true,דגני בוקר אוראו 311 גר`,ר.ב מוצרי דגנים בעמ,,,יח`,3.11,100 גרם,false,1,22,7.07,false,1,
893594002068,true,פופקורנס צ`יפס עם מלח ים .,שטראוס פריטו ליי בעמ,,,יח`,0.32,100 גרם,false,1,5.90,18.44,false,1,
1230000068314,false,בשר טחון ביונד מיט מארז זוגות 300ג,זנברגן וורלד פינסט מיט ב,,,יח`,3,100 גרם,false,1,29.90,9.97,false,1,
1230000116022,false,המבורגר ביונד מיט מארז זוגות 226ג,ביונד מיט קליפורניה ארהב,,,יח`,2.26,100 גרם,false,1,34.90,15.44,true,1,
3014260240226,false,"קצף גילוח ג'ילט לעור רגיש 200 מ""ל",דיפלומט מפיצים (1986) בע`מ,,,יח`,2,"100 מ""ל",false,1,13.90,6.95,false,1,
3014260246693,false,סכיני גילוח חד פעמי ונוס סימפלי רביעייה,פארמה דיל (פ.א.ב.) שיווק והפצה,,,יח`,1,יח`,false,1,9.90,9.90,false,1,
3014260283254,false,סכיני גילוח חד פעמי בלו 2 פלוס ג`ילט) (5,פארמה דיל (פ.א.ב.) שיווק והפצה,,,יח`,1,,false,1,9.90,9.90,false,1,
3046920028004,false,לינדט שוקולד אקסלנס מריר 70% 100 גר,לינדט ושפרונגלי קילשברג,,,יח`,1,100 גרם,false,1,15.90,15.90,true,1,
3046920028363,false,לינדט אקסלנס 85% מוצקי קקאו 100 גרם,לינדט ושפרונגלי קילשברג,,,יח`,1,100 גרם,false,1,15.90,15.90,true,1,
3046920029759,false,אקסלנס שוקולד מריר 90% לינדט (100 גרם),לינדט ושפרונגלי קילשברג,,,יח`,1,100 גרם,false,1,15.90,15.90,true,1,
3059940007768,false,"מבשם אוויר אירוויק ספריי וניל אורכידאה 240 מ""ל",רקיט בנקיזר (ניר איסט) בעמ,,,יח`,2.40,"100 מ""ל",false,1,9.90,4.13,true,1,
3059943015104,false,"אירוויק מבשם אויר נטול גז בניחוח פריסיה ויסמין 345 מ""ל",רקיט בנקיזר (ניר איסט) בעמ,,,יח`,3.45,"100 מ""ל",false,1,14.90,4.32,true,1,
3059943015128,false,מבשם אוויר נטול גז אקווה מיסט בניחוח לבנדר פראי ואוויר הרים,רקיט בנקיזר (ניר איסט) בעמ,,,יח`,3.45,"100 מ""ל",false,1,14.90,4.32,true,1,
3068320014067,false,אוויאן מים מינרליים ספורט 750 מל,קריניציה ויטמינה אס,,,יח`,7.50,"100 מ""ל",false,1,9.90,1.28,true,1,
3068320017846,false,מים מינרלים אוויאן 1 ליטר,קריניציה ויטמינה אס,,,יח`,1,1 ליטר,false,1,10.90,10.90,true,1,
3068320055008,false,מים מינרלים אוויאן 500 מל,קריניציה ויטמינה אס,,,יח`,5,"100 מ""ל",false,1,6.90,1.32,true,1,
3073781161663,false,גבינה מותכת 18.5% שומן לה וואש קירי,בני ג`ורג` שוקחה (חיפה) בעמ,,,יח`,1.28,100 גרם,false,1,11.90,9.30,false,1,
3073781161687,false,גבינה לוואש קרי(מותכת) 16 יח 256 גר,בני ג`ורג` שוקחה (חיפה) בעמ,,,יח`,2.56,100 גרם,false,1,22.70,8.87,false,1,
3073781162790,false,גבינה מותכת בייבי בל 120 גרם,א. סיימן סחר בעמ,,,יח`,1.20,100 גרם,false,1,21.90,18.25,true,1,
3083681142983,false,שעועית עדינה קפואה בונדואל 600 גר`,קפוא-זן תעשיות מזון בעמ - תפוג,,,יח`,6,100 גרם,false,1,21.90,3.65,false,1,
3083681143010,false,אפונת גן קפואה בונדואל 600 גר`,קפוא-זן תעשיות מזון בעמ - תפוג,,,יח`,6,100 גרם,false,1,13.90,2.32,false,1,
3083681143041,false,גרעיני תירס קפואים בונדואל 600 גר`,קפוא-זן תעשיות מזון בעמ - תפוג,,,יח`,6,100 גרם,false,1,14.90,2.48,false,1,
3083681143652,false,פרוסות חציל בגריל בונדואל 600 גר`,קפוא-זן תעשיות מזון בעמ - תפוג,,,יח`,6,100 גרם,false,1,24.90,4.15,false,1,
3083681143690,false,פרוסות זוקיני בגריל בונדואל 600 גר`,קפוא-זן תעשיות מזון בעמ - תפוג,,,יח`,6,100 גרם,false,1,24.90,4.15,false,1,
3083681143720,false,חצאי פלפלים בגריל בונדואל 600 גר`,קפוא-זן תעשיות מזון בעמ - תפוג,,,יח`,6,100 גרם,false,1,24.90,4.15,false,1,
3141360054405,false,פיניש מפיץ ריח למדיח בניחוח לימון וליים,רקיט בנקיזר (ניר איסט) בעמ,,,יח`,0.27,100 גרם,false,1,14.90,55.19,true,1,
3161911366429,false,חמאה צרפתית מלוחה רכה למריחה אלוויר 250 גר',א. סיימן סחר בעמ,,,יח`,2.50,100 גרם,false,1,21.90,8.76,true,1,
3178530417418,false,עוגיות חמאה דונאט עם שוקולד ציפס 180 גר,א. סיימן סחר בעמ,,,יח`,1.80,100 גרם,false,1,16.90,9.39,true,1,
3179110001140,false,מצת גדול לגריל קריקט,צפניה ברזילי בעמ,,,יח`,1,,false,1,16,16,false,1,
3228022910023,false,חמאה צרפתית פריזידאן פרזידנט (200 גרם),סוסייטה בארייר דה אי,,,יח`,2,100 גרם,false,1,14.90,7.45,false,1,
3387390525960,false,קראנץ' דגני בוקר עם שוקולד חלב נסטלה 500 גרם,קבוצת אוסם סחר שותפות מוגבלת,,,יח`,5,100 גרם,false,1,19.90,3.98,true,1,
3563490014898,false,ריין דיז'ון חרדל דיז'ון 265 גרם,דיפלומט מפיצים (1968) בעמ**,,,יח`,2.65,100 גרם,false,1,12.90,4.87,false,1,
3574660240030,false,או-בה פרוקומפורט 32 יח נורמל,פארמה דיל (פ.א.ב.) שיווק והפצה,,,יח`,1,,false,1,19.90,19.90,false,1,
3574660464337,false,קרפרי מגה פק מגן תחתון אוורירי אלוורה 76,ג'\ונסון אנד ג'\ונסון,,,יח`,1,,false,1,19.90,19.90,false,1,
3574660464368,false,קרפרי מגה פק מגן תחתון אוורירי מבושם 76,גונסון אנד גונסון,,,יח`,1,,false,1,19.90,19.90,false,1,
3574660464429,false,מגני תחתון קרפרי נורמל אוורירי עם מעטפת כותנה,ג'\ונסון אנד ג'\ונסון,,,יח`,1,,false,1,19.90,19.90,false,1,
3574661003924,false,שטיפת פה טוטאל קר בטעם מנטה צלול,ג'\ונסון אנד ג'\ונסון,,,יח`,5,"100 מ""ל",false,1,18.90,3.78,false,1,
3574661135601,false,מי פה ליסטרין קול מינט 1 ליטר יבוא מקבי,איינשטיין-צור יבוא-יצוא וסחר ב,,,יח`,10,"100 מ""ל",false,1,19.90,1.99,false,1,
3574661203577,false,ליסטרין אדוונס וויט 500 מל-יבוא מקביל,בית הצעצוע בעמ,,,יח`,5,"100 מ""ל",false,1,14.90,2.98,true,1,
3574661226491,false,מי פה ליסטרין טוטאל 1 ליטר יבוא מקבי,איינשטיין-צור יבוא-יצוא וסחר ב,,,יח`,10,"100 מ""ל",false,1,19.90,1.99,false,1,
3574669907729,false,גונסונס בייבי שמפו לתינוק 750 מל,גונסון אנד גונסון,,,יח`,7.50,"100 מ""ל",false,1,24.90,3.32,false,1,
3600523651870,false,שמפו לחיזוק סיב השערה לכל סוגי השיער,לוריאל ישראל קוסמטיקס בעמ,,,יח`,5.50,"100 מ""ל",false,1,14.90,2.71,true,1,
3600523651900,false,מרכך לחיזוק סיב השערה לכל סוגי השיער,לוריאל ישראל קוסמטיקס בעמ,,,יח`,5.50,"100 מ""ל",false,1,14.90,2.71,true,1,
3600523652242,false,"לוריאל - אלביב שמפו קולור פרוטקט 550 מ""ל",לוריאל ישראל קוסמטיקס בעמ,,,יח`,5.50,"100 מ""ל",false,1,14.90,2.71,true,1,
3600523652259,false,"לוריאל - אלביב מרכך קולור פרוטקט 550 מ""ל",לוריאל ישראל קוסמטיקס בעמ,,,יח`,5.50,"100 מ""ל",false,1,14.90,2.71,true,1,
3600523652280,false,"לוריאל אלביב שמפו מועשר ב 6 שמנים, 550 מ""ל",לוריאל ישראל קוסמטיקס בעמ,,,יח`,5.50,"100 מ""ל",false,1,14.90,2.71,true,1,
3600523652297,false,"מרכך לשיער אלביב זהב 6 שמנים , 550 מ""ל",לוריאל ישראל קוסמטיקס בעמ,,,יח`,5.50,"100 מ""ל",false,1,14.90,2.71,true,1,
3600523755806,false,"לוריאל - אלביב שמפו קוקוס 550 מ""ל",לוריאל ישראל קוסמטיקס בעמ,,,יח`,5.50,"100 מ""ל",false,1,14.90,2.71,true,1,
3600523782567,false,"לוריאל - אלביב שמפו דרים לונג 500 מ""ל",לוריאל ישראל קוסמטיקס בעמ,,,יח`,5,"100 מ""ל",false,1,14.90,2.98,true,1,
3600524051570,false,לוריאל - אלביב מסכה היאלורונית 300 מ''ל,לוריאל ישראל קוסמטיקס בעמ,,,יח`,3,"100 מ""ל",false,1,24.90,8.30,false,1,
3600541351493,false,גרניה אנטי אייגינג אססנטיאל 45+ קרם יום,לוריאל ישראל קוסמטיקס בעמ,,,יח`,0.50,"100 מ""ל",false,1,39.90,79.80,false,1,
3600541402270,false,"גרנייה - דאודורנט ספריי לאישה אינביזיבל BWC (ירוק) 150 מ""ל",לוריאל ישראל קוסמטיקס בעמ,,,יח`,1.50,"100 מ""ל",false,1,11.90,7.93,false,1,
3600541740006,false,"גרנייה - דאודורנט ספריי לאישה אקשן קונטרול 72 שעות 150 מ""ל",לוריאל ישראל קוסמטיקס בעמ,,,יח`,1.50,"100 מ""ל",false,1,11.90,7.93,false,1,
3600541952720,false,ג'ל גרגירים עם פחם פעיל לטיפול בראשים שחורים,לוריאל ישראל קוסמטיקס בעמ,,,יח`,1.50,"100 מ""ל",false,1,29.90,19.93,false,1,
3600542365796,false,בוטניקל ג`ל ניקוי ענבים 200 מל גרניה,לוריאל ישראל קוסמטיקס בעמ,,,יח`,2,"100 מ""ל",false,1,24.90,12.45,true,1,
3600542385251,false,"גרנייה - דאודורנט רול און לאישה פרוטקשן 6 כותנה (ורוד) 50 מ""ל",לוריאל ישראל קוסמטיקס בעמ,,,יח`,0.50,"100 מ""ל",false,1,11.90,23.80,false,1,
3600542431828,false,גרנייה - קולור נטורלס 1 שחור טבעי חדש,לוריאל ישראל קוסמטיקס בעמ,,,יח`,1.12,"100 מ""ל",false,1,19.90,17.77,false,1,
3600542431835,false,גרנייה - קולור נטורלס 3 חום כהה מאוד חדש,לוריאל ישראל קוסמטיקס בעמ,,,יח`,1.12,"100 מ""ל",false,1,19.90,17.77,false,1,
3600542431842,false,גרנייה - קולור נטורלס 4 חום כהה טבעי חדש,לוריאל ישראל קוסמטיקס בעמ,,,יח`,1.12,"100 מ""ל",false,1,19.90,17.77,false,1,
3600542431866,false,גרנייה קולור נטורלס צבע לשיער חום בהיר 6,לוריאל ישראל קוסמטיקס בעמ,,,יח`,1.12,"100 מ""ל",false,1,19.90,17.77,false,1,
3600542431880,false,גרנייה - קולור נטורלס 8 בלונד בהיר חדש,לוריאל ישראל קוסמטיקס בעמ,,,יח`,1.12,"100 מ""ל",false,1,19.90,17.77,false,1,
3600542431903,false,גרנייה - קולור נטורלס 10 בלונד סופר בהיר חדש,לוריאל ישראל קוסמטיקס בעמ,,,יח`,1.12,"100 מ""ל",false,1,19.90,17.77,false,1,
3600542431965,false,גרנייה - קולור נטורלס 5.52 חום דבש חדש,לוריאל ישראל קוסמטיקס בעמ,,,יח`,1.12,"100 מ""ל",false,1,19.90,17.77,false,1,
3600542432016,false,צבע לשיער קולור נטורלס- 5.25 חום מהגוני פנינה בהיר,לוריאל ישראל קוסמטיקס בעמ,,,יח`,1.12,"100 מ""ל",false,1,19.90,17.77,false,1,
3600542432023,false,גרנייה - קולור נטורלס 2 שחור מעודן חדש,לוריאל ישראל קוסמטיקס בעמ,,,יח`,1.12,"100 מ""ל",false,1,19.90,17.77,false,1,
3600542456579,false,מים מיסלר ויטמין סי 400 מל גרנייה,לוריאל ישראל קוסמטיקס בעמ,,,יח`,4,"100 מ""ל",false,1,29.90,7.48,false,1,
3608580730279,false,בון מן מרמלדת תפוזים 370 גר,ר.ב. מוצרי דגנים בעמ,,,יח`,3.70,100 גרם,false,1,19.90,5.38,false,1,
3661163991146,false,"אדידס - דאודורנט ספריי לאישה קול אנד קר פרש 150 מ""ל",מיוצר עי קונדיטוריית,,,יח`,1.50,"100 מ""ל",false,1,19.90,13.27,true,1,
3661163991344,false,"אדידס דאודורנט ספריי מקס פרו-קליר לאישה 150 מ""ל",מיוצר עי קונדיטוריית,,,יח`,1.50,"100 מ""ל",false,1,19.90,13.27,true,1,
3760125946719,false,יין רוזה אור דה לה קסטינל 750 מל,הכרם - משקאות חריפים בעמ,,,יח`,7.50,"100 מ""ל",false,1,59.90,7.95,true,1,
3800020403570,false,קיט קאט צ`אנקי לוטוס 42 גרם*4,קבוצת אוסם סחר-שות.מוגבלת,,,יח`,1.68,100 גרם,false,1,13.90,8.27,false,1,
3800020472569,false,חטיף קיט קאט צ`אנקי קרמל מלוח 42 גרם,קבוצת אוסם סחר שותפות מוגבלת,,,יח`,0.4350,100 גרם,false,1,2.90,6.67,false,1,
3800020472712,false,חטיף קיט קאט צאנקי פופקורן 42 ג',קבוצת אוסם סחר שותפות מוגבלת,,,יח`,1,,false,1,2.90,2.90,false,1,
4000351109380,false,שמן קנולה 1 ליטר BROLIO.,המותג-לא פעיל להקלדה,,,יח`,1,1 ליטר,false,1,8.90,8.90,false,1,
4000415004408,false,שוגטן שוקולד קקאו מריר אגוזים 100 גר,לודוויג שוקולד,,,יח`,1,100 גרם,false,1,5.90,5.90,true,1,
4000415040109,false,שוקולד שוגטן קרמל בראוני טבעי100ג,לודוויג שוקולד,,,יח`,1,100 גרם,false,1,5.90,5.90,true,1,
4000415143800,false,שוקולד טרילוגיה טבעי שוגטן 100 גרם,לודוויג שוקולד,,,יח`,1,100 גרם,false,1,5.90,5.90,true,1,
4000415358303,false,שוקו-פאן ביסקוויט חמישיות 210 גרם,יעד ממתקים בעמ,,,יח`,2.10,100 גרם,false,1,8.90,4.24,true,1,
4000415358501,false,חטיפי שוקולד קוקוס שביעייה 175 גרם,יעד ממתקים בעמ,,,יח`,1.75,100 גרם,false,1,8.90,5.09,true,1,
4000415440701,false,שוקו פאן בוטנים שישיה 6*216 גרם,יעד ממתקים בעמ,,,יח`,2.16,100 גרם,false,1,8.90,4.12,true,1,
4000415440909,false,שוקו פאן קרמל שישיה *6 216 גרם,יעד ממתקים בעמ,,,יח`,2.16,100 גרם,false,1,8.90,4.12,true,1,
4000415730109,false,שוקולד שוגטן מריר עם אגוזים קצוצים 100גר,לודוויג שוקולד,,,יח`,1,100 גרם,false,1,5.90,5.90,true,1,
4000415749606,false,שוקולד שוגטן יום הולדת 100 גרם,לודוויג שוקולד,,,יח`,1,100 גרם,false,1,5.90,5.90,true,1,
4000415757502,false,שוגטן קאפקייק לימון 100 גר`,לודוויג שוקולד,,,יח`,1,100 גרם,false,1,5.90,5.90,true,1,
4000415856601,false,שוקולד לבן טבעי שגוטן 100 גרם,"לודוויג שוקולד בע""\מ",,,יח`,1,100 גרם,false,1,5.90,5.90,true,1,
4000417019004,false,שוקולד חלב אגוזי לוז שלמים ריטר ספורט 100 גרם,ריטר ספורט Ritter sport,,,יח`,1,100 גרם,false,1,9.90,9.90,true,1,
4000417022004,false,ריטר ספורט שוקולד חלב מעולה עם צימוקים ואגוזי לוז 100 גרם,ריטר ספורט Ritter sport,,,יח`,1,100 גרם,false,1,9.90,9.90,true,1,
4000417023001,false,ריטר ספורט שוקולד חלב מעולה עם שקדים שלמים,ריטר ספורט Ritter sport,,,יח`,1,100 גרם,false,1,9.90,9.90,true,1,
4000417025005,false,שוקולד מריר במילוי מרציפן ריטר ספורט 100 גרם,ריטר ספורט Ritter sport,,,יח`,1,100 גרם,false,1,9.90,9.90,true,1,
4000417026002,false,שוקולד ריטר ספורט פרלין 100 גרם חלב נוכרי,ריטר ספורט Ritter sport,,,יח`,1,100 גרם,false,1,9.90,9.90,true,1,
4000417101211,false,גלילי וופל עם קרם אגוזי לוז בציפוי שוקולד חלב,ליימן שליסל בע`מ,,,יח`,1.50,100 גרם,false,1,17.90,11.93,true,1,
4000417222008,false,שוקולד ריטר ספורט חלב+שברי אגוזים 100 גרם חלב נוכרי,ריטר ספורט Ritter sport,,,יח`,1,100 גרם,false,1,9.90,9.90,true,1,
4000417224002,false,"ריטר ספורט טבלת שוקולד מריר אגוזים, 100 גרם",ריטר ספורט Ritter sport,,,יח`,1,100 גרם,false,1,9.90,9.90,true,1,
4000522009747,false,"מקלות בייגלה תפו""א צ'יו 80 גרם",טרופיקל דגיל תעשיות,,,יח`,0.80,100 גרם,false,1,3.90,4.88,true,1,
4000522061752,false,בייגלה צ'יו מקלות מלוחים 100 גרם,ר.ב. מוצרי דגנים בעמ,,,יח`,1,100 גרם,false,1,3.90,3.90,true,1,
4000607850004,false,שוקולד חלב טבעי שוגטן 100 גרם,"לודוויג שוקולד בע""\מ",,,יח`,1,100 גרם,false,1,5.90,5.90,true,1,
4000607851001,false,שוקולד חלב אגוזים טבעי שוגטן 100 גרם,"לודוויג שוקולד בע""\מ",,,יח`,1,100 גרם,false,1,5.90,5.90,true,1,
4000607852008,false,שוקולד מריר טבעי שוגטן 100 גרם,"לודוויג שוקולד בע""\מ",,,יח`,1,100 גרם,false,1,5.90,5.90,true,1,
4000607854705,false,שוקולד תות טבעי שוגטן 100 גרם,לודוויג שוקולד,,,יח`,1,100 גרם,false,1,5.90,5.90,true,1,
4000869032569,false,"הפי מבשם ומטהר אויר ורוד מוצק יעקבי 150 מ""ל","יעקב יעקבי ובניו בע""מ",,,יח`,1,,false,1,6.90,6.90,false,1,
4002720005736,false,מליטה קפה לפילטר פרימיום 250 גרם,המאפיה של הרמן,,,יח`,2.50,100 גרם,false,1,17.90,7.16,false,1,
4004666042004,false,"מלרוד מרסס משמיד עובש יעקבי 500 מ""ל","יעקב יעקבי ובניו בע""מ",,,יח`,7.50,"100 מ""ל",false,1,29.90,3.99,false,1,
4004666107819,false,"מלרוד - מרסס לניקוי וטיהור המזגן 500 מ""ל",יעקב יעקבי ובניו בעמ,,,יח`,5,"100 מ""ל",false,1,22.90,4.58,false,1,
4005808293469,false,"ניוואה - דאודורנט ספריי לגבר יבש 150 מ""ל",אלפא- ב.ד.ף בעמ,,,יח`,1.50,"100 מ""ל",false,1,14.90,9.93,true,1,
4005808366392,false,שפתון ליובש כחול קלאסי לבלו 48 גרם,טרופיקל דגיל תעשיות,,,יח`,1,,false,1,11.90,11.90,true,1,
4005808502004,false,לבלו שפתון סופט ורוד בליסטר 5.5מל,אלפא- ב.ד.ף בעמ,,,יח`,1,,false,1,11.90,11.90,true,1,
4005808515554,false,ניוואה סופט קרם רב שימושי מרקם עדין 300מ,אלפא- ב.ד.ף בעמ,,,יח`,3,"100 מ""ל",false,1,34.90,11.63,true,1,
4005808668847,false,ניוואה קרם ניקוי לפנים לעור יבש/עדין 150,אלפא- ב.ד.ף בעמ,,,יח`,1.50,"100 מ""ל",false,1,29.90,19.93,true,1,
4005808702107,false,ניוואה תחליב גוף לעור יבש מאד 500 מל,בטר אנד דיפרנט,,,יח`,5,"100 מ""ל",false,1,19.90,3.98,false,1,
4005808850723,false,שפתון ליובש תות שדה לבלו,טרופיקל דגיל תעשיות,,,יח`,1,100 גרם,false,1,11.90,11.90,true,1,
4005900036506,false,"ניוואה - דאודורנט רול און לגבר שקוף בלק 50 מ""ל",טרופיקל דגיל תעשיות,,,יח`,0.50,"100 מ""ל",false,1,12.90,25.80,true,1,
4005900092427,false,"ניוואה קרם לילה אנטי אייג' 35+ 50 מ""ל",אלפא- ב.ד.ף בעמ,,,יח`,0.50,"100 מ""ל",false,1,44.90,89.80,true,1,
4005900496331,false,מים מיסלריים אקספרט מים מיסלריים אקספרט,אלפא- ב.ד.ף בעמ,,,יח`,4,"100 מ""ל",false,1,34.90,8.73,true,1,
4005900513045,false,"ניוואה - דאודורנט ספריי לגבר דיפ 150 מ""ל",אלפא- ב.ד.ף בעמ,,,יח`,1,,false,1,14.90,14.90,true,1,
4005900542557,false,"ניוואה - דאודורנט רול און לאישה בלק אנד וויט 50 מ""ל",אלפא- ב.ד.ף בעמ,,,יח`,1,,false,1,12.90,12.90,true,1,
4005900683878,false,שפתון ליובש לבלו סקראב אלוה ורה בליסטר,אלפא- ב.ד.ף בעמ,,,יח`,1,,false,1,11.90,11.90,true,1,
4005900835642,false,"ניקוי פילינג מסכה לפנים 3 ב 1 150 מ""ל ניוואה",אלפא- ב.ד.ף בעמ,,,יח`,1.50,"100 מ""ל",false,1,34.90,23.27,true,1,
4008287051032,false,בירה קרומבאכר פילס 0.50 ליטר פחית,מנדלז סי.אר. פרודקשן,,,יח`,5,"100 מ""ל",false,1,9.90,1.92,true,1,
4008287058161,false,בירה קרומבאכר פילס 4.8% שישיה 6 * 330 מל,אגודת הכורמים -כרמל מזרחי,,,יח`,19.80,"100 מ""ל",false,1,29.90,1.42,false,1,
4008287762020,false,בירה קרומבאכר חיטה 0.50 ליטר בקבוק,אגודת הכורמים -כרמל מזרחי,,,יח`,5,"100 מ""ל",false,1,9.90,1.92,true,1,
4008287905786,false,בירה קרומבאכר חיטה 5.3% פחית 500 מל,אגודת הכורמים -כרמל מזרחי,,,יח`,5,"100 מ""ל",false,1,9.90,1.92,true,1,
4009300522935,false,תה ירוק לימונית ולואיזה פומפדור 20 יחידות,"איטיליאן פוד, אס.פי.",,,יח`,0.30,100 גרם,false,1,16.90,56.33,true,1,
4009300522966,false,תה ירוק עם נענע פומפדור 20 יחידות,"איטיליאן פוד, אס.פי.",,,יח`,0.30,100 גרם,false,1,16.90,56.33,true,1,
4009300525684,false,חליטת צמחים פומפדור ג'ינג'ר ולימון 20 יחידות,ש. שסטוביץ בע`מ,,,יח`,0.35,100 גרם,false,1,15.90,45.43,true,1,
4009300527909,false,חליטת צמחים ג'ינג'ר כורכום ללא קפאין,ש. שסטוביץ בע`מ,,,יח`,0.40,100 גרם,false,1,15.90,39.75,true,1,
4009300528821,false,תה ירוק פומפדור ג'ינגר וקינמון 20 יחידות,ש.שסטוביץ בעמ,,,יח`,0.30,100 גרם,false,1,16.90,56.33,true,1,
4009300528845,false,"פומפדור תה ירוק עם לימונית דבש 30 מ""ל",פומפדור Pompadour,,,יח`,0.30,100 גרם,false,1,19.90,66.33,true,1,
4009300530183,false,תה חליטת פומפדור תפוז ספרדי 20 יח,ש.שסטוביץ בעמ,,,יח`,1,,false,1,15.90,15.90,true,1,
4009300530206,false,תה חליטת פומפדור תפוח טורקי 20 יח,ש.שסטוביץ בעמ,,,יח`,1,,false,1,15.90,15.90,true,1,
4009900013581,false,מסטיק אורביט סטיקס מארז חמישייה ללס בטע,"מרס ריגלי ישראל בע""מ",,,יח`,1,,false,1,9.90,9.90,false,1,
4009900379564,false,מסטיק הובה בובה Hubba Bubba טייפ בטעם פירות,מרס ריגלי קונפקשונרי,,,יח`,0.56,100 גרם,false,1,6.90,12.32,false,1,
4009900402965,false,אורביט וויט בטעם פירות בקבוקון 46מלבניות,"מרס ריגלי ישראל בע""מ",,,יח`,1,,false,1,10.90,10.90,true,1,
4009900403023,false,אורביט וויט בטעם מנטה בקבוקון 46 מלבניות,"מרס ריגלי ישראל בע""מ",,,יח`,1,,false,1,10.90,10.90,true,1,
4009900420129,false,מסטיק אורביט פרופשנל פפרמינט בקבוקון 64 גר',"מרס ריגלי ישראל בע""מ",,,יח`,1,,false,1,10.90,10.90,true,1,
4009900426039,false,מסטיק מנטה אקליפטוס בקבוקון איירווייבס 64 גרם,"מרס ריגלי ישראל בע""מ",,,יח`,1,,false,1,10.90,10.90,true,1,
4009900455299,false,"סוכרית ג'לי אדומה 174 גרם ""סקיטלס""","מרס ריגלי ישראל בע""מ",,,יח`,1.74,100 גרם,false,1,8.90,5.11,true,1,
4009900465304,false,סוכריות סקיטלס פירות חמוצים 174 גרם,"מרס ריגלי ישראל בע""מ",,,יח`,1.74,100 גרם,false,1,8.90,5.11,true,1,
4009900479998,false,אורביט וויט אוכמניות בקבוקון 46 מלבניות,"מרס ריגלי ישראל בע""מ",,,יח`,1,,false,1,10.90,10.90,true,1,
4009900482417,false,מסטיק אורביט פירות מנטה בקבוקון באבל מינט 45יח,"מרס ריגלי ישראל בע""מ",,,יח`,1,,false,1,10.90,10.90,true,1,
4009900483803,false,מסטיק איירובס מנטה אקליפטוס בקבוקון 60יח',"מרס ריגלי ישראל בע""מ",,,יח`,0.84,100 גרם,false,1,13,15.48,false,1,
4009900484060,false,מסטיק אורביט פרופשיונל בטעם מנטה ללא סוכר,מרס ריגלי ישראל בעמ,,,יח`,0.84,100 גרם,false,1,13,15.48,false,1,
4009900484091,false,מסטיק אורביט פרופשיונל בטעם מנטה ללא סוכר,"מרס ריגלי ישראל בע""מ",,,יח`,0.84,100 גרם,false,1,13,15.48,false,1,
4009900487283,false,מסטיק אורביט סטיקס מארז חמישייה ללס בטע,"מרס ריגלי ישראל בע""מ",,,יח`,1,,false,1,9.90,9.90,false,1,
4009900491044,false,מסטיק אירוויבז בטעם מנטה אוכמניות ללס,מרס ריגלי ישראל בעמ,,,יח`,0.84,100 גרם,false,1,13,15.48,false,1,
4009900496247,false,"מסטיק אורביט לל""ס מלבניות בקבוק בבלימנט 60 יח",מרס ריגלי ישראל בעמ,,,יח`,0.84,100 גרם,false,1,13,15.48,false,1,
4009900500166,false,סוכריות פירות אדום סקיטלס בקבוקון 125ג',"מרס ריגלי ישראל בע""מ",,,יח`,1.25,100 גרם,false,1,8.90,7.12,true,1,
4009900509770,false,מסטיק אורביט בטעם תות ללס אריזה מוגדלת,מרס ריגלי ישראל בעמ,,,יח`,1,,false,1,13,13,false,1,
4009900521581,false,סוכריות אורביט מינטס מנטה בבקבוקון 77 גר,מרס ריגלי ישראל בעמ,,,יח`,0,100 גרם,false,1,10,10,true,1,
4009900531122,false,"מסטיק בטעם מנטה ספירמינט, 64 ג' פרופשיונל אורפיט","מרס ריגלי ישראל בע""מ",,,יח`,1,,false,1,10.90,10.90,true,1,
4009900536288,false,מסטיק אורביט רפרשרס פפרמינט בקבוקון ללא סוכר 67 גר',מרס ריגלי קונפקשונרי,,,יח`,0.67,100 גרם,false,1,11.90,17.76,true,1,
4009900536486,false,מסטיק אורביט רפרשרס באבלמינט בקבוקון ללא סוכר 67 גר',מרס ריגלי קונפקשונרי,,,יח`,0.67,100 גרם,false,1,11.90,17.76,true,1,
4009900539401,false,מסטייק אורבייט פייב באונוס מנטה HP,מרס ריגלי ישראל בעמ,,,יח`,0.1440,100 גרם,false,1,3.90,27.08,false,1,
4009900539432,false,מסטייק אורבייט פייב באונוס אבטיח HP,מרס ריגלי ישראל בעמ,,,יח`,0.1440,100 גרם,false,1,3.90,27.08,false,1,
4009900539685,false,"מסטיק פייב באונס בטעם מנטה בקבוקון, 61.8 גרם","מרס ריגלי ישראל בע""מ",,,יח`,0.67,100 גרם,false,1,11.90,17.76,true,1,
4009900539746,false,"מסטיק פייב באונס בטעם אבטיח בקבוקון, 61.8 גרם",מרס ריגלי ישראל בעמ,,,יח`,0.67,100 גרם,false,1,11.90,17.76,true,1,
4009900540551,false,מסטיק אורביט רפרשרס טרופיקל בקבוקון ללא סוכר,מרס ריגלי ישראל בעמ,,,יח`,0.67,100 גרם,false,1,11.90,17.76,true,1,
4011100002227,false,באונטי חטיף שוקולד קוקוס מארז 403 גרם,לינדט ושפרונגלי קילשברג,,,יח`,4.03,100 גרם,false,1,19.90,4.94,false,1,
4011800528416,false,קורני חטיף דגנים עם בוטנים מתוק-מלוח*6,משה סידס ובנו בעמ,,,יח`,1.50,100 גרם,false,1,9.90,6.60,false,1,
4011800567613,false,מאגדת קורני מילק דרק & ואיט 120 גרם,מיוצר עי קונדיטוריית,,,יח`,1.20,100 גרם,false,1,9.90,8.25,false,1,
4011800577810,false,מארז חטיפי קורני פרי נוגט 120 גרם,משה סידס ובנו בעמ,,,יח`,1.20,100 גרם,false,1,9.90,8.25,false,1,
4011800617714,false,"""קורני"" ביג שוקו בננה50 גרם",מיוצר עי קונדיטוריית,,,יח`,0.50,100 גרם,false,1,4.90,9.80,true,1,
4011800628512,false,חטיף קורני שוקולד חלב 6 יח 150 גר,מיוצר עי קונדיטוריית,,,יח`,1.50,100 גרם,false,1,9.90,6.60,false,1,
4011800630515,false,חטיף קורני שוקולד חלב ובננה 6 יח 150 גר,מיוצר עי קונדיטוריית,,,יח`,1.50,100 גרם,false,1,9.90,6.60,false,1,
4011800632519,false,חטיף קורני שישייה שוקולד חלבי וקוקוס,מיוצר עי קונדיטוריית,,,יח`,1.50,100 גרם,false,1,9.90,6.60,false,1,
4011800633516,false,קורני בציפוי שוקולד מריר מעולה 6*23,משה סידס ובנו בעמ,,,יח`,1.50,100 גרם,false,1,9.90,6.60,false,1,
4011800636517,false,קורני פרי שוקולד חלב מעולה ללא סוכר 6*1,מיוצר עי קונדיטוריית,,,יח`,1.20,100 גרם,false,1,9.90,8.25,false,1,
4013227013414,false,פינה קולדה סרפרז (700 מל),הכרם - משקאות חריפים בעמ,,,יח`,7,"100 מ""ל",false,1,39.90,5.66,false,1,
4014400900217,false,בונבונריית מרסי מבחר ממתקי שוקולד 400 גרם,קריניציה ויטמינה אס,,,יח`,4,100 גרם,false,1,39.90,9.98,false,1,
4014400901191,false,בונבונריית מרסי מבחר ממתקי שוקולד 250 גרם,ליימן שליסל בע`מ,,,יח`,2.50,100 גרם,false,1,24.90,9.96,true,1,
4014400904277,false,סוכריות בטעם מנטה אייס פרש סטורק 425 גרם,ליימן שליסל בע`מ,,,יח`,4.25,100 גרם,false,1,14.90,3.51,true,1,
4014400904376,false,סוכריות טופי בטעם שוקולד סטורק 325 גרם,קריניציה ויטמינה אס,,,יח`,3.25,100 גרם,false,1,14.90,4.58,true,1,
4014400904390,false,סוכריות טופי ממולא חלב סטורק 325 גרם,קריניציה ויטמינה אס,,,יח`,3.25,100 גרם,false,1,14.90,4.58,true,1,
4014400910063,false,סוכריות חמאה וורטרס אורגינל (135 גרם),ליימן שליסל בע`מ,,,יח`,1.35,100 גרם,false,1,8.90,6.59,true,1,
4014400913910,false,וורטרס אורגינל סוכריות חמאה ממולאות קרם קרמל בשקית,ליימן שליסל בע`מ,,,יח`,1.25,100 גרם,false,1,8.90,7.12,true,1,
4014400914696,false,וורטרס אורגינל סוכריות ללא סוכר 80 גרם,ליימן שליסל בע`מ,,,יח`,0.80,100 גרם,false,1,8.90,11.13,true,1,
4014400914924,false,"סוכריות בטעם קפה וורטר אורגינל לל""ס 80 גרם",קריניציה ויטמינה אס,,,יח`,0.80,100 גרם,false,1,8.90,11.13,true,1,
4014400920857,false,וורטר אורגינל ללא סוכר בטעם שוקולד-שקית 70 גרם,קריניציה ויטמינה אס,,,יח`,0.70,100 גרם,false,1,8.90,12.71,true,1,
4014400923711,false,בונבוניירה שוקולד אגוזים טופיפי 125 גרם,ליימן שליסל בע`מ,,,יח`,1.25,100 גרם,false,1,12.90,10.32,true,1,
4014400925319,false,וורטרס אורגינל פופקורן קרמל 140 גרם,ליימן שליסל בע`מ,,,יח`,1.40,100 גרם,false,1,14.90,10.64,true,1,
4014400931327,false,ורטרס אורגינל פופקורן עם קרמל זרעי דלעת 1/12,ליימן שליסל בע`מ,,,יח`,1.40,100 גרם,false,1,14.90,10.64,true,1,
4015000031394,false,"ספטיל - משחה להסרת כתמים 200 מ""ל",גורי שיווק בעמ,,,יח`,2,100 גרם,false,1,15.90,7.95,false,1,
4015400564034,false,מגן תחתון אולוויז מגה פק לונג פלוס 58 יחידות,דיפלומט מפיצים (1986) בע`מ,,,יח`,1,,false,1,19.90,19.90,true,1,
4015400564454,false,מגני תחתון אולוויז לארג' עם ניחוח מגה פק,דיפלומט מפיצים (1986) בע`מ,,,יח`,1,,false,1,19.90,19.90,true,1,
4015400598329,false,תחבושות אולוויז קוואטרו נורמל פלוס 56 יחידות,דיפלומט מפיצים (1968) בעמ,,,יח`,1,,false,1,35.90,35.90,false,1,
4015400598381,false,תחבושות היגייניות אולטרה לונג - מארז קוואטרו 48 יח',דיפלומט מפיצים (1968) בעמ,,,יח`,1,,false,1,35.90,35.90,false,1,
4015400598411,false,תחבושות היגייניות יום ולילה Day & Night - מארז 40 יח',דיפלומט מפיצים (1968) בעמ,,,יח`,1,,false,1,35.90,35.90,false,1,
4015400681670,false,תחבושות אולוויז וליו פק לילה בטוח 18 יחידות,דיפלומט מפיצים (1986) בע`מ,,,יח`,1,,false,1,19.90,19.90,true,1,
4015400731719,false,תחבושות היגייניות אולוויז יום ולילה Day & Night,דיפלומט מפיצים (1986) בע`מ,,,יח`,1,,false,1,19.90,19.90,true,1,
4015400746812,false,מגני תחתון אולוויז נורמל עם ניחוח מגה פק,דיפלומט מפיצים (1986) בע`מ,,,יח`,1,,false,1,19.90,19.90,true,1,
4015400755241,false,תחבושות היגייניות אולוויז אולטרה נורמל - 28 יח',דיפלומט מפיצים (1986) בע`מ,,,יח`,1,,false,1,19.90,19.90,true,1,
4015400755487,false,תחבושות היגייניות אולוויז אולטרה לונג - 24 יח',דיפלומט מפיצים (1986) בע`מ,,,יח`,1,,false,1,19.90,19.90,true,1,
4015400824749,false,טמפונים טמפקס פלאש סופר פלוס 30 יחידות,דיפלומט מפיצים (1968) בעמ,,,יח`,1,,false,1,34.90,34.90,false,1,
4015400990482,false,אבקת כביסה אריאל קולור 3 ק`ג,דיפלומט מפיצים (1986) בע`מ,,,יח`,30,100 גרם,false,1,34.90,1.16,false,1,
4015400990543,false,"אבקת כביסה קולור 8 ק""ג אריאל",דיפלומט מפיצים (1968) בעמ,,,יח`,8,"ק""ג",false,1,59.90,7.49,true,1,
4015600762742,false,שמפו יומיומי למניעת קשקשים הנוסחה הקלאסית,דיפלומט מפיצים (1986) בע`מ,,,יח`,5,"100 מ""ל",false,1,19.90,3.98,false,1,
4015600762780,false,שמפו וקונדישינר יומיומי למניעת קשקשים הנוסחה הקלאסית 2in1,דיפלומט מפיצים (1986) בע`מ,,,יח`,5,"100 מ""ל",false,1,19.90,3.98,false,1,
4015600762902,false,"האד אנד שולדרס שמפו מנטול 500 מ""ל",דיפלומט מפיצים (1986) בע`מ,,,יח`,5,"100 מ""ל",false,1,19.90,3.98,false,1,
4015600763022,false,שמפו יומיומי למניעת קשקשים לשיער יבש/פגום לשיער רך כמשי,דיפלומט מפיצים (1986) בע`מ,,,יח`,5,"100 מ""ל",false,1,19.90,3.98,false,1,
4015600763251,false,"הד שולדרס שמפו קלאסי 600מ""ל",דיפלומט מפיצים (1968) בעמ,,,יח`,6,"100 מ""ל",false,1,23.90,3.98,false,1,
4015600763299,false,"הד שולדרס שמפו קלאסי 2ב1 600מ""ל",דיפלומט מפיצים (1968) בעמ,,,יח`,6,"100 מ""ל",false,1,23.90,3.98,false,1,
4015600763411,false,"הד שולדרס שמפו מנטול 600מ""ל",דיפלומט מפיצים (1968) בעמ,,,יח`,6,"100 מ""ל",false,1,23.90,3.98,false,1,
4015600763459,false,"הד שולדרס שמפו תפוח 600מ""ל",דיפלומט מפיצים (1968) בעמ,,,יח`,6,"100 מ""ל",false,1,23.90,3.98,false,1,
4015600763534,false,"הד שולדרס שמפו מגע משי 600מ""ל",דיפלומט מפיצים (1968) בעמ,,,יח`,6,"100 מ""ל",false,1,23.90,3.98,false,1,
4015600766658,false,"הד אנד שולדרס שמפו2 ב 1 מנטול 600 מ""ל",דיפלומט מפיצים (1968) בעמ,,,יח`,6,"100 מ""ל",false,1,23.90,3.98,false,1,
4017100290008,false,בלזן בסקויט חמאה מצופה שוקולד חלב 125 גרם,הדקלאים אגודת שיתופי,,,יח`,1.25,100 גרם,false,1,12.90,10.32,true,1,
4017100364112,false,בלזן היט בסקוויט סנדביץ עם מלית קרם בטעם שוקולד קקאו (41%) 220 גרם,הדקלאים אגודת שיתופי,,,יח`,2.20,100 גרם,false,1,9.90,4.50,true,1,
4022025261002,false,"בלו ווין גוורצטרמינר כשר 750 מ""ל",היכל היין שקד גולן בעמ,,,יח`,7.50,"100 מ""ל",false,1,49.90,6.61,true,1,
4025700001962,false,מילקה טבלה 100 גר' לבן 1/22 (4248023),דיפלומט מפיצים (1968) בעמ**,,,יח`,1,100 גרם,false,1,6.90,6.90,true,1,
4033100013348,false,סיגריות אל די כחול ארוך בודד,גלוברנדס בעמ - שיווק סיגריות,,,יח`,1,,false,1,32,32,true,1,
4033100014468,false,סיגריות אל די אדום בודד,גלוברנדס בעמ - שיווק סיגריות,,,יח`,1,,false,1,32,32,true,1,
4033100014499,false,סיגריות אל די כחול בודד,גלוברנדס בעמ - שיווק סיגריות,,,יח`,1,,false,1,32,32,true,1,
4033100024146,false,סיגריות ווינסטון קוד בודד,גלוברנדס בעמ - שיווק סיגריות,,,יח`,1,,false,1,32,32,true,1,
4033100024252,false,סיגריות ווינסטון אקווה בודד,גלוברנדס בעמ - שיווק סיגריות,,,יח`,1,,false,1,32,32,true,1,
4033100046490,false,סיגריות ווינסטון אקווה ארוך בודד,גלוברנדס בעמ - שיווק סיגריות,,,יח`,1,,false,1,32,32,true,1,
4064666232409,false,"וולה - פלקס מוס לעיצוב אקסטרה גמיש 200 מ""ל",דיפלומט מפיצים (1968) בעמ,,,יח`,2,"100 מ""ל",false,1,25.90,12.95,false,1,
4079400182742,false,"שישיית פילסנר וולטרס 4.9% 330 מ""ל בקבוק",אבאל יזמות בעמ,,,יח`,1.98,1 ליטר,false,1,29.90,14.19,true,1,
4079400330129,false,"בירה פילסנר וולטרס 4.9% 500 מ""ל בפחית",אבאל יזמות בעמ,,,יח`,5,"100 מ""ל",false,1,5.90,1.12,true,1,
4084500853553,false,פיירי נוזל כלים קלאסי אורגינל 650 מל,דיפלומט מפיצים (1986) בע`מ,,,יח`,6.50,"100 מ""ל",false,1,10.90,1.68,false,1,
4084500853836,false,"נוזל כלים פיירי ורדים ומשי 515 מ""ל בד""צ",דיפלומט מפיצים (1986) בע`מ,,,יח`,5.15,"100 מ""ל",false,1,10.90,2.12,false,1,
4084500853898,false,"נוזל כלים פיירי אלוורה ומלפפונים 515 מ""ל בד""צ",דיפלומט מפיצים (1986) בע`מ,,,יח`,5.15,"100 מ""ל",false,1,10.90,2.12,false,1,
4100130937163,false,בירה בקס שישייה 6*275 מל,הכרם -משקאות חריפים בע`מ,,,יח`,1.65,1 ליטר,false,1,34.90,20.06,true,1,
4260147890513,false,אטריות ביצים דקות ורמיצ'לי 500ג',דין שיווק וקליה 2021 בעמ,,,יח`,5,100 גרם,false,1,10.90,2.18,true,1,
4260147890551,false,איטריות ביצים רצועות 500 גר`,דין שיווק וקליה 2021 בעמ,,,יח`,5,100 גרם,false,1,10.90,2.18,true,1,
4603400000043,false,וודקה רוסקי יורוסטנדרט (700 מל),רוסקי סטנדרט וודקה,,,יח`,7,"100 מ""ל",false,1,59.90,8.51,false,1,
4603928000983,false,וודקה בלוגה נובל 1 ליטר,מרינסקי ליקרו-וודאצ'ני ז,,,יח`,1,1 ליטר,false,1,149,149,false,1,
4605561010305,false,"חתיכות פילה הרינג עם שמיר בשמן 17.6 אונקיה, 500 גרם",דילר בי.אם.די פורמולה בעמ,,,יח`,5,100 גרם,false,1,26.90,5.38,true,1,
4605561010343,false,פילה דג הרינג חתיכות בשמן 500 גרם,דילר בי.אמ.די פורמולה בעמ,,,יח`,5,100 גרם,false,1,26.90,5.38,true,1,
4605561011975,false,חתיכות פילה דג הרינג בשמן מצונן 150 גרם,דילר בי.אם.די. פורמולה בעמ,,,יח`,1.50,100 גרם,false,1,7.90,5.27,false,1,
4605561012613,false,פילה דג הרינג קצוץ בשמן 400 גרם,דילר בי.אם.די. פורמולה בעמ,,,יח`,4,100 גרם,false,1,15.90,3.98,true,1,
4605561013009,false,פילה דג הרינג בשמן 400 גרם,דילר בי.אם.די. פורמולה בעמ,,,יח`,4,100 גרם,false,1,15.90,3.98,true,1,
4710068001715,false,משקה בטעם טירמיסו מאסטר קפה (240 מל),יוני פרזינדנט אנטרפר,,,יח`,2.40,"100 מ""ל",false,1,6.60,2.75,true,1,
4710068002798,false,מאסטר קפה בטעם וניל בפחית 240מ`ל,מאיטה פוד אינדוסטריאל קו,,,יח`,2.50,"100 מ""ל",false,1,6.60,2.64,true,1,
4796019790020,false,שמן קוקוס אורגני כבישה קרה גרין קוקו 500,נטורפוד בעמ,,,יח`,1,,false,1,29.90,29.90,false,1,
4800888219510,false,דאב - דאודורנט סטיק לאישה פרש מלפפונים 50 גרם,"יוניליוור ישראל שיווק בע""מ",,,יח`,0.50,100 גרם,false,1,14.90,29.80,false,1,
4800888219534,false,דאב - דאודורנט סטיק לאישה אנטי פרספירמט 50 גרם,יוניליוור ישראל שיווק בע`מ,,,יח`,0.50,100 גרם,false,1,14.90,29.80,false,1,
4810168000011,false,פילה דג הרינג מלוח מצונן 250 גרם,דילר בי.אם.די. פורמולה בעמ,,,יח`,2.50,100 גרם,false,1,13.90,5.56,true,1,
4810168000066,false,פילה דג הרינג מלוח מצונן עם תבלינים 250 גרם,דילר בי.אם.די. פורמולה בעמ,,,יח`,2.50,100 גרם,false,1,13.90,5.56,true,1,
4810168000998,false,פילה דג הרינג מלוח מצונן עם בצל בצנצנת חתיכות 260גרם,דילר בי.אם.די. פורמולה בעמ,,,יח`,2.60,100 גרם,false,1,17.90,6.88,true,1,
4810168001056,false,פילה דג הרינג מלוח מצונן בצנצנת חתיכות 260גרם,דילר בי.אם.די. פורמולה בעמ,,,יח`,2.60,100 גרם,false,1,17.90,6.88,true,1,
4810168018795,false,חתיכות פילה דג הרינג מלוח מצונן 200גרם,דילר בי.אם.די. פורמולה בעמ,,,יח`,2,100 גרם,false,1,13.90,6.95,true,1,
4810168019051,false,חתיכות פילה דג הרינג מלוח מצונן עם תבלין 200גרם,דילר בי.אם.די. פורמולה בעמ,,,יח`,2,100 גרם,false,1,13.90,6.95,true,1,
4810168051570,false,"בלינצ'ס במילוי תפו""ץ וקינמון מוקפא 360 גרם",דילר בי.אם.די. פורמולה בעמ,,,יח`,3.60,100 גרם,false,1,12.90,3.58,true,1,
4810168052270,false,עלי בלינצ'ס מוקפאים 320 גרם,דילר בי.אם.די. פורמולה בעמ,,,יח`,3.20,100 גרם,false,1,10.90,3.41,false,1,
4810168055004,false,כיסונים במילוי אוכמניות כחולות מוקפאים 4,דילר בי.אם.די. פורמולה בעמ,,,יח`,4.50,100 גרם,false,1,19.90,4.42,true,1,
4810168055882,false,חתיכות פילה דג הרינג ממולח בשמן 1200 גרם,דילר בי.אם.די. פורמולה בעמ,,,"ק""ג",10,100 גרם,true,1,50,5,false,1,
4810168057435,false,חתיכות פילה דג XXLהרינג מלוח בשמן מצונן 400 גרם,דילר בי.אם.די. פורמולה בעמ,,,יח`,4,100 גרם,false,1,26.90,6.73,true,1,
4810168057510,false,חתיכות פילה דג הרינג מתובל מלוח בשמן 400 גרם,דילר בי.אם.די. פורמולה בעמ,,,יח`,4,100 גרם,false,1,26.90,6.73,true,1,
4810168058548,false,חתיכות פילה דג הרינג סקנדינבי ממולח 1200 גרם,דילר בי.אם.די. פורמולה בעמ,,,"ק""ג",10,100 גרם,true,1,50,5,false,1,
4810168058975,false,חתיכות פילה דג הרינג סקנדינבי מלוח מצונן 260 גר,דילר בי.אם.די. פורמולה בעמ,,,יח`,2.60,100 גרם,false,1,17.90,6.88,true,1,
4810168058982,false,חתיכות פילה דג הרינג סקנדינבי מלוח בשמן 400 גר,דילר בי.אם.די. פורמולה בעמ,,,יח`,4,100 גרם,false,1,26.90,6.73,true,1,
4810168058999,false,פילה דג הרינג סקנדינבי מלוח מצונן 250 גרם,דילר בי.אמ.די פורמולה בעמ,,,יח`,2.50,100 גרם,false,1,13.90,5.56,true,1,
4823077613203,false,שוקולד רושן מריר + פונדוק שלם 90 גר רושן,דילר בי.אמ.די.אינטרנשויונל בעמ,,,יח`,0.90,100 גרם,false,1,7.90,8.78,true,1,
4823077613630,false,חטיף שוקולד רושן ממולה קרם בורלה 43 גרם,דילר בי.אמ.די.אינטרנשויונל בעמ,,,יח`,0.43,100 גרם,false,1,3.90,9.07,true,1,
4823077614675,false,48230776ביסקוויט לקפה רושן בטעם חלב 18,דילר בי.אמ.די.אינטרנשויונל בעמ,,,יח`,1.85,100 גרם,false,1,3.90,2.11,true,1,
4823077614699,false,ביסקוויט לקפה רושן בטעם חמאה וניל 185 גרם,דילר בי.אמ.די.אינטרנשויונל בעמ,,,יח`,1.85,100 גרם,false,1,3.90,2.11,true,1,
4823077614767,false,שוקולד רושן חלב נוגט בטעם אגוזי לוז 90 גרם,דילר בי.אמ.די.אינטרנשויונל בעמ,,,יח`,0.90,100 גרם,false,1,4.90,5.44,true,1,
4823077614804,false,שוקולד רושן חלב נוגט בטעם אוכמניות כחולות 90 גרם,דילר בי.אמ.די.אינטרנשויונל בעמ,,,יח`,0.90,100 גרם,false,1,4.90,5.44,true,1,
4823077617041,false,חטיף שוקולד רושן ממולה קרם קרמל 43 גרם,דילר בי.אמ.די.אינטרנשויונל בעמ,,,יח`,0.43,100 גרם,false,1,3.90,9.07,true,1,
4823077618161,false,גליליות ופל רושן קונפטו חלב 140 גרם,דילר בי.אמ.די.אינטרנשויונל בעמ,,,יח`,1.40,100 גרם,false,1,6.90,4.93,true,1,
4823077618901,false,בונבוניירה רושן דובדבן ליקר רום 150 גרם,דילר בי.אמ.די.אינטרנשויונל בעמ,,,יח`,1.50,100 גרם,false,1,12.90,8.60,true,1,
4823077621635,false,חטיף שוקולד רושן בטעם חלב 72 גרם,דילר בי.אמ.די.אינטרנשויונל בעמ,,,יח`,0.72,100 גרם,false,1,3.90,5.42,true,1,
4823077621642,false,חטיף שוקולד רושן בטעם שוקולד 72 גר,דילר בי.אמ.די.אינטרנשויונל בעמ,,,יח`,0.72,100 גרם,false,1,3.90,5.42,true,1,
4823077621659,false,חטיף שוקולד רושן בטעם אגוז 72 גר,דילר בי.אמ.די.אינטרנשויונל בעמ,,,יח`,0.72,100 גרם,false,1,3.90,5.42,true,1,
4823077624223,false,"רושן ממתקי סוכריות ג'ילי ""בוני פרוט"" בטעמי פירות 200 גר",דילר בי.אמ.די.אינטרנשויונל בעמ,,,יח`,2,100 גרם,false,1,6.90,3.45,true,1,
4823077625145,false,ממתקי שוקולד מריר עם דובדבן בליקר דובדבן,דילר בי.אמ.די.אינטרנשויונל בעמ,,,יח`,1.55,100 גרם,false,1,12.90,8.32,true,1,
4823077625589,false,וופל וואפרס חלב רושן 216 גר,דילר בי.אמ.די.אינטרנשויונל בעמ,,,יח`,2.16,100 גרם,false,1,6.90,3.19,true,1,
4823077625602,false,וופל וואפרס שוקולד רושן 216 גר,דילר בי.אמ.די.אינטרנשויונל בעמ,,,יח`,2.16,100 גרם,false,1,6.90,3.19,true,1,
4823077625626,false,וופל וואפרס אגוז רושן 216 גר,דילר בי.אמ.די.אינטרנשויונל בעמ,,,יח`,2.16,100 גרם,false,1,6.90,3.19,true,1,
4823077626203,false,שוקולד רושן אורירי מריר 80 גרם,דילר בי.אמ.די.אינטרנשויונל בעמ,,,יח`,0.80,100 גרם,false,1,6.90,8.63,true,1,
4823077626227,false,שוקולד רושן אורירי חלב 80 גרם,דילר בי.אמ.די.אינטרנשויונל בעמ,,,יח`,0.80,100 גרם,false,1,6.90,8.63,true,1,
4823077626241,false,שוקולד רושן אורירי לבן קרמל 80 גרם,דילר בי.אמ.די.אינטרנשויונל בעמ,,,יח`,0.80,100 גרם,false,1,6.90,8.63,true,1,
4823077626364,false,שוקולד רושן אורירי לבן 80 גרם,דילר בי.אמ.די.אינטרנשויונל בעמ,,,יח`,0.80,100 גרם,false,1,6.90,8.63,true,1,
4823077630422,false,"סנדוויץ' קרקר חלב וניל רושן 235 גרם "" 2 CRACK """,דילר בי.אמ.די.אינטרנשויונל בעמ,,,יח`,2.35,100 גרם,false,1,8.90,3.79,true,1,
4823077630439,false,"סנדוויץ' קרקר שוקולד רושן 235 גרם "" 2 CRACK """,דילר בי.אמ.די.אינטרנשויונל בעמ,,,יח`,2.35,100 גרם,false,1,9.90,4.21,true,1,
4823077630996,false,"סנדוויץ' קרקר קקאו-אגוז רושן 235 גרם "" 2 CRACK """,דילר בי.אמ.די.אינטרנשויונל בעמ,,,יח`,2.35,100 גרם,false,1,9.90,4.21,true,1,
4823077631467,false,קרקר עם מלח ים רושן 168 גר HI DAY,דילר בי.אמ.די.אינטרנשויונל בעמ,,,יח`,1.68,100 גרם,false,1,4.90,2.92,true,1,
4823077631474,false,קרקר קלאסי רושן 168 גר HI DAY,דילר בי.אמ.די.אינטרנשויונל בעמ,,,יח`,1.68,100 גרם,false,1,4.90,2.92,true,1,
4823077631856,false,גליליות ופל רושן קונפטו קוקוס 140 גרם,דילר בי.אמ.די.אינטרנשויונל בעמ,,,יח`,1.40,100 גרם,false,1,6.90,4.93,true,1,
4823077632112,false,וופל רושן בטעם קקאו חלב 2.16 גר`,דילר בי.אמ.די.אינטרנשויונל בעמ,,,יח`,2.16,100 גרם,false,1,6.90,3.19,true,1,
4823077632259,false,חטיף שוקולד רושן עם בוטנים 43 גרם,דילר בי.אמ.די.אינטרנשויונל בעמ,,,יח`,0.38,100 גרם,false,1,3.90,10.26,true,1,
4823077632570,false,שוקולד רושן BRUT מריר 85 גרם,דילר בי.אמ.די.אינטרנשויונל בעמ,,,יח`,0.85,100 גרם,false,1,6.90,8.12,true,1,
4823077632587,false,שוקולד רושן חלב עם שקד שלם 90 גר` LACMI,דילר בי.אמ.די.אינטרנשויונל בעמ,,,יח`,0.90,100 גרם,false,1,7.90,8.78,true,1,
4823077632594,false,שוקולד רושן חלב עם אגוז שלם 90 גר` LACMI,דילר בי.אמ.די.אינטרנשויונל בעמ,,,יח`,0.90,100 גרם,false,1,7.90,8.78,true,1,
4823077633034,false,"גליליות וופל רושן ""קונאפטו"" קקאו 140 ג",דילר בי.אמ.די.אינטרנשויונל בעמ,,,יח`,1.40,100 גרם,false,1,6.90,4.93,true,1,
4823077633058,false,"גליליות וופל רושן ""קונאפטו"" אגוז 140 ג",דילר בי.אמ.די.אינטרנשויונל בעמ,,,יח`,1.40,100 גרם,false,1,6.90,4.93,true,1,
4823077633317,false,עוגיות שוקוצ'יפס LOVITA שוקולד עם חתיכות שוקולד 150 גרם,דילר בי.אמ.די.אינטרנשויונל בעמ,,,יח`,1.50,100 גרם,false,1,6.90,4.60,true,1,
4823077633324,false,עוגיות שוקוצ'יפס LOVITA עם חתיכות שוקולד 150 גרם,דילר בי.אמ.די.אינטרנשויונל בעמ,,,יח`,1.50,100 גרם,false,1,6.90,4.60,true,1,
4823077633331,false,עוגיות שוקוצ'יפס LOVITA בטעם תפוז 150 גרם,דילר בי.אמ.די.אינטרנשויונל בעמ,,,יח`,1.50,100 גרם,false,1,6.90,4.60,true,1,
4823077634178,false,עוגיות רושן LOVITA במילוי תפוח קינמון 168 גרם,דילר בי.אמ.די.אינטרנשויונל בעמ,,,יח`,1.68,100 גרם,false,1,6.90,4.11,true,1,
4823077634192,false,עוגיות רושן LOVITA במילוי דובדבן וניל 168 גרם,דילר בי.אמ.די.אינטרנשויונל בעמ,,,יח`,1.68,100 גרם,false,1,6.90,4.11,true,1,
4823077634222,false,עוגיות Lovita ממולאות ג'לי תפוז מצופות צימקאו,דילר בי.אמ.די.אינטרנשויונל בעמ,,,יח`,1.35,100 גרם,false,1,6.90,5.11,true,1,
4823077634246,false,עוגיות Lovita ממולאות ג'לי פטל מצופות צימקאו,דילר בי.אמ.די.אינטרנשויונל בעמ,,,יח`,1.68,100 גרם,false,1,5.90,3.51,true,1,
4823077634277,false,עוגיות Lovita ממולאות ג'לי תות שדה מצופות צימקאו,דילר בי.אמ.די.אינטרנשויונל בעמ,,,יח`,1.35,100 גרם,false,1,6.90,5.11,true,1,
4823077634741,false,עוגיות רושן LOVITA במילוי תות שדה 168 גרם,דילר בי.אמ.די.אינטרנשויונל בעמ,,,יח`,1.68,100 גרם,false,1,6.90,4.11,true,1,
4823077635489,false,חטיף וופל רושן קרם קקאו JOHNY KROCKERי 350 גרם,דילר בי.אמ.די.אינטרנשויונל בעמ,,,יח`,3.50,100 גרם,false,1,16.90,4.83,true,1,
4823077635533,false,חטיף וופל רושן קרם חלב JOHNY KROCKERי 350 גרם,דילר בי.אמ.די.אינטרנשויונל בעמ,,,יח`,3.50,100 גרם,false,1,16.90,4.83,true,1,
4823077636004,false,עוגיות Lovita ממולאות ג'לי דובדבן מצופות צימקאו,דילר בי.אמ.די.אינטרנשויונל בעמ,,,יח`,1.35,100 גרם,false,1,6.90,5.11,true,1,
4823077636097,false,עוגיות פטל LOVITAי 420 גרם,דילר בי.אמ.די.אינטרנשויונל בעמ,,,יח`,4.20,100 גרם,false,1,16.90,4.02,true,1,
4823077636110,false,עוגיות תפוז LOVITAי 420 גרם,דילר בי.אמ.די.אינטרנשויונל בעמ,,,יח`,4.20,100 גרם,false,1,16.90,4.02,true,1,
4823077636172,false,וופל רושן בטעם לימון 216 גרם,דילר בי.אמ.די.אינטרנשויונל בעמ,,,יח`,2.16,100 גרם,false,1,6.90,3.19,true,1,
4823077636332,false,עוגיות רושן במילוי קרם ש. 127גר LOVITA,דילר בי.אמ.די.אינטרנשויונל בעמ,,,יח`,1.27,100 גרם,false,1,6.90,5.43,false,1,
4823077636400,false,עוגיות רושן במילוי קרם חלב 127גר LOVIT,דילר בי.אמ.די.אינטרנשויונל בעמ,,,יח`,1.27,100 גרם,false,1,6.90,5.43,false,1,
4823077636417,false,עוגיות רושן במילוי קרם אגוזים 127 גר`,דילר בי.אמ.די.אינטרנשויונל בעמ,,,יח`,1.27,100 גרם,false,1,6.90,5.43,false,1,
4823077636578,false,סוכריות טופי כוס חלב מילקי ספלאש 325 גרם,דילר בי.אמ.די.אינטרנשויונל בעמ,,,יח`,3.25,100 גרם,false,1,11.90,3.66,true,1,
4823077636592,false,רושן סוכריות ג'לי קרייזי פצ'ולקה 378 גרם,דילר בי.אמ.די.אינטרנשויונל בעמ,,,יח`,3.78,100 גרם,false,1,11.90,3.15,true,1,
4860019001346,false,בורז'ומי מים מינרליים טבעיים 500מ'ל חדש,אי די אס בורגומי,,,יח`,5,"100 מ""ל",false,1,6.90,1.32,false,1,
4860019001414,false,מים מינרליים 750 מל בורזוימי,האי נאם סי או אל.טי.,,,יח`,7.50,"100 מ""ל",false,1,7.90,1.01,false,1,
4903001904192,false,"רוטב סויה יאמאסה פרימיום 500מ""ל",הדקלאים אגודת שיתופי,,,יח`,5,"100 מ""ל",false,1,17.90,3.58,false,1,
5000157143365,false,מתבל בטעם מיונז וקטשופ היינץ 425 גרם,דיפלומט מפיצים (1968) בעמ**,,,יח`,4.25,100 גרם,false,1,14.90,3.51,false,1,
5000159414197,false,מלטיזרס-כדורים פריכים בציפוי שוולד חלב 135 גרם,מרס שוקולד צ.אמריקה,,,יח`,1.35,100 גרם,false,1,9.90,7.33,false,1,
5000159538626,false,טוויקס מארז חטיף 50 גרם חמישייה,"מרס ריגלי ישראל בע""מ",,,יח`,2,100 גרם,false,1,9.90,4.95,false,1,
5000159538640,false,באונטי מארז חטיף 57 גרם חמישייה,"מרס ריגלי ישראל בע""מ",,,יח`,2,100 גרם,false,1,9.90,4.95,false,1,
5000189974579,false,מארז מיני חטיפי קיט קט Kit Kat,קבוצת אוסם סחר שותפות מוגבלת,,,יח`,2,100 גרם,false,1,9.90,4.95,false,1,
5000204114867,false,"גלייד אורסול בניחוח וניל 300 מ""ל","דנשר (1963) בע,מ",,,יח`,3,"100 מ""ל",false,1,10.90,3.63,true,1,
5000204115048,false,גלייד ארוסול מבשם אוויר בניחוח לבנדר,"אס.סי ג'\ונסון,מידרכט, ה",,,יח`,3,"100 מ""ל",false,1,10.90,3.63,true,1,
5000204153842,false,גלייד ספריי אוטומטי מילוי (מילוי בניחוח,קוסטר אירוסול ואלף סאן,,,יח`,2.69,"100 מ""ל",false,1,17.90,6.65,true,1,
5000204167610,false,"גלייד ארוסול בניחוח פסטיבל קינמון 300 מ""ל",דנשר (1963) בעמ,,,יח`,3,"100 מ""ל",false,1,17.90,5.97,false,1,
5000204658125,false,קיווי נוזל לניקוי נעליים חום 75 מל,אס' סי' ג'ונסון במה,,,יח`,0.75,"100 מ""ל",false,1,17.90,23.87,true,1,
5000204658187,false,משחת נעליים קראון שחור קיווי (75 מל),אס' סי' ג'ונסון במה,,,יח`,1,,false,1,17.90,17.90,true,1,
5000204661392,false,משחת נעליים שחורה קיווי אקסרא לארג`,המאפיה של הרמן,,,יח`,0.88,"100 מ""ל",false,1,12.90,14.66,true,1,
5000267024233,false,"וויסקי ג'וני בלאק לייבל עם פורר 700מ""ל",החברה המרכזית להפצת משקאות בעמ,,,יח`,7,"100 מ""ל",false,1,129.90,18.51,false,1,
5000394140820,false,שישיות סוללות AA פלוס פאוור דורסל,דיפלומט מפיצים (1986) בע`מ,,,יח`,1,,false,1,16.90,16.90,true,1,
5000394203921,false,זוג סוללות ליתיום 2032 דורסל,דיפלומט מפיצים (1986) בע`מ,,,יח`,1,,false,1,19.90,19.90,false,1,
5010123703547,false,ליסטרין פרש בורסט 500 מל-יבוא מקביל,בית הצעצוע בעמ,,,יח`,5,"100 מ""ל",false,1,14.90,2.98,true,1,
5010123703585,false,ליסטרין קולמינט 500 מל-יבוא מקביל,גונסון אנד גונסון,,,יח`,5,"100 מ""ל",false,1,14.90,2.98,true,1,
5010123730222,false,ליסטרין טוטאל קר 500 מל-יבוא מקביל,בית הצעצוע בעמ,,,יח`,5,"100 מ""ל",false,1,14.90,2.98,true,1,
5010182997680,false,"ארוסול-קוטל זוחלים אדום 400 מ""ל",אס.סי.ג'ונסון מידרכט,,,יח`,3,"100 מ""ל",false,1,17.90,5.97,true,1,
5010182998847,false,דאק נוזל לניקוי אסלות בניחוח ים 750 מל,מיוצר עי קונדיטוריית,,,יח`,7.50,"100 מ""ל",false,1,10.90,1.45,true,1,
5010327000046,false,"וויסקי גרנטס וויסקי 700 מ""ל","וויליאם גראנט ובניו בע""\",,,יח`,7.50,"100 מ""ל",false,1,100,13.29,true,1,
5010677551281,false,בריזר לימון בבקבוק בקרדי (275 מל),בקרדי בריזר Bacardi Breezer,,,יח`,2.75,"100 מ""ל",false,1,14,4.98,true,1,
5010677552387,false,"בקרדי בריזר אננס 275 מ""ל בקבוק",בקרדי בריזר Bacardi Breezer,,,יח`,2.75,"100 מ""ל",false,1,14,4.98,true,1,
5010677554398,false,בריזר אבטיח בבקבוק בקרדי (275 מל),בקרדי בריזר Bacardi Breezer,,,יח`,2.75,"100 מ""ל",false,1,14,4.98,true,1,
5011417552247,false,"אירוויק מבשם אויר נטול גז בניחוח פשתן ופרחי לילך 345 מ""ל",רקיט בנקיזר (ניר איסט) בעמ,,,יח`,3.45,"100 מ""ל",false,1,14.90,4.32,true,1,
5013965850455,false,מי פה פרו אקספרט אורל-בי (250 מל),דיפלומט מפיצים (1968) בעמ,,,יח`,2.50,"100 מ""ל",false,1,9.90,3.96,true,1,
5014271300429,false,"מעדן משמש 100% פרי סנטדלפור 284 גרם לל""ס",סאן דלפור - שמבור,,,יח`,2.84,100 גרם,false,1,19.90,7.01,true,1,
5014271310428,false,מעדן דובדבנים שחורים ללא תוספת סוכר 284 גרם,סאן דלפור - שמבור,,,יח`,2.84,100 גרם,false,1,19.90,7.01,true,1,
5014271360423,false,"מעדן תפוזים לל""ס סאן דלפור 284 גרם",סאן דלפור - שמבור,,,יח`,2.84,100 גרם,false,1,19.90,7.01,true,1,
5014271400426,false,"מעדן בטעם תות שדה לל""ס סאן דלפור 284 גרם",נטו מלינדה סחר בעמ,,,יח`,2.84,100 גרם,false,1,19.90,7.01,true,1,
5014271795980,false,מעדן חמוציות ואוכמניות ללא תוספת סוכר 284 גרם,א. סיימן סחר בעמ,,,יח`,2.84,100 גרם,false,1,19.90,7.01,true,1,
5029053039725,false,ממחטות נייר קלינקס נטורל פרש קופסה 72 דף,קימברלי קלארק ישראל שיווק בעמ,,,יח`,1,,false,1,10.90,10.90,false,1,
5029053510811,false,תחבושות נורמל פלוס עם כנפיים קוטקס 28 יחידות,קימברלי קלארק ישראל שיווק בעמ,,,יח`,1,,false,1,19.90,19.90,true,1,
5029053510828,false,תחבושות סופר פלוס עם כנפיים קוטקס 22יחידות,קימברלי קלארק ישראל שיווק בעמ,,,יח`,1,,false,1,19.90,19.90,true,1,
5029053527581,false,האגיס תחתון ספיגה 4-7 בנות דריי נייטס 10 יחידות,קימברלי קלארק ישראל שיווק בעמ,,,יח`,1,יח`,false,1,39.90,39.90,true,1,
5053827215862,false,דגני בוקר קלוגס קוקו פופס בטעם שוקולד (,קלוגס מניופקטורינג אספנה,,,יח`,5,100 גרם,false,1,19.90,3.98,true,1,
5060033823675,false,קרם לניקוי כללי 500 מל,ר.ב. מוצרי דגנים בעמ,,,יח`,5,"100 מ""ל",false,1,19.90,3.98,false,1,
5060517886486,false,"משקה אנרגיה מונסטר אנרג'י בפחית 500 מ""ל",החברה המרכזית להפצת משקאות בעמ,,,יח`,5,"100 מ""ל",false,1,6.90,1.32,true,1,
5060517886516,false,"משקה אנרגיה מונסטר אנרג'י זירו בפחית 500 מ""ל",החברה המרכזית להפצת משקאות בעמ,,,יח`,5,"100 מ""ל",false,1,6.90,1.32,true,1,
5060639128051,false,"משקה אנרגיה מונסטר אולטרה בפחית 500 מ""ל",החברה המרכזית להפצת משקאות בעמ,,,יח`,5,"100 מ""ל",false,1,6.90,1.32,true,1,
5060639129102,false,"משקה אנרגיה מונסטר אנרג'י מנגו בפחית 500 מ""ל",החברה המרכזית להפצת משקאות בעמ,,,יח`,5,"100 מ""ל",false,1,6.90,1.32,true,1,
5060751218173,false,"משקה אנרגיה מונסטר אנרג'י piplin punch בפחית 500 מ""ל",החברה המרכזית להפצת משקאות בעמ,,,יח`,5,"100 מ""ל",false,1,6.90,1.32,true,1,
5099864006391,false,סימילאק למהדרין שלב 3 אריזת חיסכון 900 ג,אבוט מעבדות רפואיות,,,יח`,9,100 גרם,false,1,74.90,8.32,false,1,
5200133120476,false,גלילות וופלים ממולאים קרם אגוזים וקקאו 400 ג',דיפלומט מפיצים (1968) בעמ**,,,יח`,4,100 גרם,false,1,16.90,4.23,true,1,
5200133120483,false,גליליות וופלים גולדן ברייק קרם וניל 400 גרם,דיפלומט מפיצים (1968) בעמ**,,,יח`,4,100 גרם,false,1,16.90,4.23,true,1,
5201347400545,false,רצועות שעווה מוכנות לשימוש לפנים ולאזורים רגישים,רקיט בנקיזר (ניר איסט) בעמ,,,יח`,1,יח`,false,1,24.90,24.90,true,1,
5201940010011,false,זיתים שחורים טבעיים בפח ויליפוד 454 גרם,ג. וילי-פוד אינטרנשיונל בע`מ,,,יח`,4.54,100 גרם,false,1,14.90,3.28,true,1,
5201940010110,false,זיתים שחורים קלמטה וילי פוד 250 גרם,ג. וילי-פוד אינטרנשיונל בע`מ,,,יח`,4.54,100 גרם,false,1,14.90,3.28,true,1,
5202390014192,false,גבינה צהובה טבעונית זיתים ויאו לייף 200 ג',דיפלומט מפיצים (1968) בעמ**,,,יח`,2,100 גרם,false,1,22.90,11.45,true,1,
5202390015618,false,גבינה צהובה טבעונית אורגינל ויאו לייף 200 ג',דיפלומט מפיצים (1968) בעמ**,,,יח`,2,100 גרם,false,1,22.90,11.45,true,1,
5202390015885,false,ויולייפ צהובה טבעונית בסגנון צדר פרוסות,ביוט איילנד פודס בעמ,,,יח`,2,100 גרם,false,1,21.90,10.95,true,1,
5202390016325,false,גבינה צהובה טבעונית בטעם מעושן ויאו לייף 200ג',דיפלומט מפיצים (1968) בעמ**,,,יח`,2,100 גרם,false,1,22.90,11.45,true,1,
5202390020407,false,פטה טבעונית גוש ויולייף 200 ג',דיפלומט מפיצים (1968) בעמ**,,,יח`,2,100 גרם,false,1,25.90,12.95,true,1,
5391523057929,false,סימילאק גולד שלב 1 תרכובת מזון על בסיס חלב,אבוט מעבדות רפואיות,,,יח`,7,100 גרם,false,1,69.90,9.99,true,1,
5391523057943,false,סימילאק גולד שלב 3 תרכובת מזון על בסיס חלב,אבוט מעבדות רפואיות,,,יח`,7,100 גרם,false,1,69.90,9.99,true,1,
5391523058063,false,סימילאק אדבנס פלוס 1 תרכובת מזון על בסיס חלב,טרופיקל דגיל תעשיות,,,יח`,7,100 גרם,false,1,64.90,9.27,true,1,
5391523058070,false,סימילאק אדבנס פלוס 3 תרכובת מזון על בסיס חלב,אבוט מעבדות רפואיות,,,יח`,7,100 גרם,false,1,64.90,9.27,true,1,
5391523058087,false,סימילאק אדבנס פלוס 2 תרכובת מזון על בסיס חלב,טרופיקל דגיל תעשיות,,,יח`,7,100 גרם,false,1,64.90,9.27,true,1,
5410076933129,false,אריאל אבקת כביסה שושן צחור 3 קג,דיפלומט מפיצים (1986) בע`מ,,,יח`,30,100 גרם,false,1,34.90,1.16,false,1,
5410103161518,false,קרם יום עם פעולה משולשת לעור רגיל ומעורב,לוריאל ישראל קוסמטיקס בעמ,,,יח`,0.50,"100 מ""ל",false,1,44.90,89.80,false,1,
5410103161617,false,קרם יום עם פעולה משולשת Triple active לעור יבש ועדין,לוריאל ישראל קוסמטיקס בעמ,,,יח`,0.50,"100 מ""ל",false,1,44.90,89.80,false,1,
5410126006087,false,ביסקויט ביסקפה לוטוס בטעם קרמל 700גר`ב,דיפלומט מפיצים (1968) בעמ**,,,יח`,7,100 גרם,false,1,27.90,3.99,true,1,
5410126106183,false,עוגיות לוטוס 50 יחידות ארוזות בנפרד 312 גרם,דיפלומט מפיצים (1968) בעמ**,,,יח`,3.12,100 גרם,false,1,14.90,4.78,true,1,
5410126116953,false,ממרח ביסקוויט קרמל לוטוס (400 גרם),דיפלומט מפיצים (1968) בעמ**,,,יח`,4,100 גרם,false,1,21.90,5.48,true,1,
5410126666038,false,"ביסקוויט קרמל לוטוס 279 גרם בד""צ",דיפלומט מפיצים (1968) בעמ**,,,יח`,2.79,100 גרם,false,1,12.90,4.62,true,1,
5410126726947,false,ממרח ביסקוויט קרמל קראנץ' לוטוס 380 גרם,דיפלומט מפיצים (1968) בעמ**,,,יח`,3.80,100 גרם,false,1,22.90,6.03,true,1,
5410228267515,false,"שישיית בירה לאגר באדוויזר 6*330 מ""ל",הכרם - משקאות חריפים בעמ,,,יח`,1.98,1 ליטר,false,1,34.90,16.72,true,1,
5410291022738,false,צ'וקטה ממרח חלב ואגוזי לוז עם קקאוי 350ג',ש. שסטוביץ בע`מ,,,יח`,3.50,100 גרם,false,1,12.90,3.69,true,1,
5410291022776,false,צ`וקטה ממרח אגוזי לוז עם קקאו 700 גר`,ש. שסטוביץ בע`מ,,,יח`,7,100 גרם,false,1,19.90,2.84,false,1,
5410658902413,false,קפסולות קפה אלומיניום דרגת חוזק 08 Fortisimo- Espresso,אבאל יזמות בעמ,,,יח`,1,,false,1,11.90,11.90,true,1,
5410658902420,false,קפסולות קפה אלומיניום דרגת חוזק 10 Fortisimo- Espresso,אבאל יזמות בעמ,,,יח`,1,,false,1,11.90,11.90,true,1,
5410658902437,false,קפסולות קפה אלומיניום דרגת חוזק 07 Fortisimo- Espresso,אבאל יזמות בעמ,,,יח`,1,,false,1,11.90,11.90,true,1,
5410658902444,false,קפסולות קפה אלומיניום דרגת חוזק 14 Fortisimo- Espresso,אבאל יזמות בעמ,,,יח`,1,,false,1,11.90,11.90,true,1,
5410658902819,false,קפסולות קפה אלומיניום דרגת חוזק 12 Fortisimo- Espresso,אבאל יזמות בעמ,,,יח`,1,,false,1,11.90,11.90,true,1,
5411188081852,false,אלפרו משקה סויה בטעם וניל 1 ליטר,הנסיך- מפעל לייצור ט,,,יח`,1,1 ליטר,false,1,12.90,12.90,true,1,
5411188094173,false,רביעיה מעדן סויה טעם קרמל 125 ג' אלפרו,שטראוס גרופ בע`מ,,,יח`,5,100 גרם,false,1,15.90,3.18,false,1,
5411188096108,false,"אלפרו שמנת צמחית לבישול לייט 250מ""ל",שטראוס גרופ בעמ/מצונן,,,יח`,2.50,"100 מ""ל",false,1,8.90,3.56,true,1,
5411188106159,false,אלפרו סויה לייט מופחת שומן 1.2% 1 ליטר,הנסיך- מפעל לייצור ט,,,יח`,1,1 ליטר,false,1,12.90,12.90,true,1,
5411188110835,false,אלפרו חלב סויה שקדים וניל 1ל',הנסיך- מפעל לייצור ט,,,יח`,1,1 ליטר,false,1,12.90,12.90,true,1,
5411188112709,false,"משקה קוקוס אלפרו 1 ליטר משקה שקדים לל""ס",הנסיך- מפעל לייצור ט,,,יח`,1,1 ליטר,false,1,12.90,12.90,true,1,
5411188115366,false,משקה קוקוס אלפרו 1 ליטר משקה שיבולת שועל 1 ליטר,הנסיך- מפעל לייצור ט,,,יח`,1,1 ליטר,false,1,12.90,12.90,true,1,
5411188115434,false,משקה אלפרו בריסטה סויה 1 ליטר,"שטראוס גרופ בע""מ",,,יח`,1,1 ליטר,false,1,12.90,12.90,true,1,
5411188115472,false,משקה סויה 1 ליטר אלפרו,הנסיך- מפעל לייצור ט,,,יח`,1,1 ליטר,false,1,12.90,12.90,true,1,
5411188120742,false,משקה קוקוס אלפרו 1 ליטר שקדים וניל 1 ל',הנסיך- מפעל לייצור ט,,,יח`,1,1 ליטר,false,1,12.90,12.90,true,1,
5411188120957,false,"אלפרו תערובת לבישול על בסיס קוקוס 250 מ""ל",שטראוס גרופ בעמ/מצונן,,,יח`,2.50,100 גרם,false,1,8.90,3.56,true,1,
5411188121978,false,אלפרו משקה סויה עמיד מועשר בסידן 3*250,"שטראוס גרופ בע""מ",,,יח`,7.50,"100 מ""ל",false,1,15.90,2.12,false,1,
5411188124689,false,משקה אלפרו שיבולת שועל ללא סוכר 1 ליטר,שטראוס גרופ בע`מ,,,יח`,1,1 ליטר,false,1,12.90,12.90,true,1,
5411188129899,false,אלפרו בריסטה משקה שקדים 1 ליטר,הנסיך- מפעל לייצור ט,,,יח`,1,1 ליטר,false,1,12.90,12.90,true,1,
5411188134985,false,אלפרו 3.5% NOT M*LK שיבולת שועל 1 ליטר בית יוסף,שטראוס גרופ בעמ/מצונן,,,יח`,1,1 ליטר,false,1,13.90,13.90,false,1,
5411188135005,false,אלפרו 1.8% NOT M*LK שיבולת שועל 1 ליטר בית יוסף,שטראוס גרופ בעמ/מצונן,,,יח`,1,1 ליטר,false,1,13.90,13.90,false,1,
5411188300328,false,אלפרו משקה סויה עמיד בטעם שוקו 1 ליטר,הנסיך- מפעל לייצור ט,,,יח`,1,1 ליטר,false,1,12.90,12.90,true,1,
5411188513483,false,"סויה לבישול 14% שומן אלפרו 250 מ""ל",שטראוס גרופ בעמ/מצונן,,,יח`,2.50,"100 מ""ל",false,1,8.90,3.56,true,1,
5411188543398,false,אלפרו משקה סויה 1 ליטר ללא סוכר,הנסיך- מפעל לייצור ט,,,יח`,1,1 ליטר,false,1,12.90,12.90,true,1,
5413149655522,false,"אבקת כביסה שושן צחור 1.25 ק""ג אריאל",דיפלומט מפיצים (1986) בע`מ,,,יח`,0.0130,100 גרם,false,1,14.90,1146.15,false,1,
5413149922907,false,"אבקת כביסה קולור וסטייל 5 ק""ג אריאל",דיפלומט מפיצים (1986) בע`מ,,,יח`,5,"ק""ג",false,1,44.90,8.98,true,1,
5413149922938,false,"אריאל אבקת כביסה שושן צחור, 5 ק""ג",דיפלומט מפיצים (1986) בע`מ,,,יח`,5,"ק""ג",false,1,44.90,8.98,true,1,
5413548040479,false,בונבוניירה רפאלו 240 גרם,פרימיום חברה לדברי מתיקה ולמסח,,,יח`,2.40,100 גרם,false,1,24.90,10.38,false,1,
5604912415041,false,סרדינים בשמן חמניה פורטוס 125 גרם,קונסרבס פורטוגל נורטה לי,,,יח`,1.25,100 גרם,false,1,5.90,4.72,false,1,
5604912415058,false,סרדינים פורטוס בשמן חמניות חריף 125 גרם,דיפלומט מפיצים (1968) בעמ**,,,יח`,1.25,100 גרם,false,1,5.90,4.72,false,1,
5604912425057,false,מקרלים בשמן חמניה חריף פורטוס 125 גרם,קונסרבס פורטוגל נורטה לי,,,יח`,1.25,100 גרם,false,1,5.90,4.72,false,1,
5701932026964,false,"הוטפופ גרעיני תירס להכנת פופקורן במיקרוגל בטעם טבעי, בתוספת מלח, 600 גרם",ליימן שליסל בע`מ,,,יח`,6,100 גרם,false,1,15.90,2.65,true,1,
5701932026971,false,הוטפופ גרעיני תירס להכנת פופקורן במיקרוגל בטעם חמאה 600 גרם,ליימן שליסל בע`מ,,,יח`,6,100 גרם,false,1,15.90,2.65,true,1,
5701932026995,false,"הוטפופ גרעיני תירס להכנת פופקורן במיקרוגל בטעם טבעי מופחת שומן, 510 גרם",קריניציה ויטמינה אס,,,יח`,6,100 גרם,false,1,15.90,2.65,true,1,
5705550300963,false,ביצי דג שיבוט 200 גרם יורו פוד,בני ג`ורג` שוקחה (חיפה) בעמ,,,יח`,2,100 גרם,false,1,11.90,5.95,false,1,
5706516031358,false,פופקורן להכנה במיקרוגל בטעם טבעי מופחת שומן 5 שקיות,ליימן שליסל בע`מ,,,יח`,6,100 גרם,false,1,15.90,2.65,true,1,
5711953106583,false,גבינת שמנת בטעם טבעי 200 גרם ארלה,שטראוס גרופ בעמ/מצונן,,,יח`,2,100 גרם,false,1,15.90,7.95,true,1,
5711953106590,false,גבינת שמנת ארלה שמנת שום 200 גרם,שטראוס גרופ בעמ/מצונן,,,יח`,2,100 גרם,false,1,15.90,7.95,true,1,
5711953106606,false,גבינת שמנת עם תבלינים ועשבי תיבול 23.5%,שטראוס גרופ בעמ/מצונן,,,יח`,2,100 גרם,false,1,15.90,7.95,true,1,
5740900403215,false,ממרח חמאה דנית לורפק עם מלח 250 גרם,שטראוס גרופ בעמ/מצונן,,,יח`,2.50,100 גרם,false,1,16.90,6.76,false,1,
5740900403222,false,ממרח לורפק חמאה עם מלח מופחת שומן 250 ג,שטראוס גרופ בעמ/מצונן,,,יח`,2.50,100 גרם,false,1,16.90,6.76,false,1,
5740900403239,false,ממרח חמאה דנית לורפק ללא מלח 250 גרם,שטראוס גרופ בעמ/מצונן,,,יח`,2.50,100 גרם,false,1,16.90,6.76,false,1,
5740900403246,false,ממרח לורפק ללא תוספת מלח 500 גר,שטראוס גרופ בעמ/מצונן,,,יח`,5,100 גרם,false,1,27.90,5.58,false,1,
5740900403253,false,ממרח מחמאת לורפק עם מלח 500 ג',שטראוס גרופ בעמ/מצונן,,,יח`,5,100 גרם,false,1,27.90,5.58,false,1,
5740900403260,false,ממרח מחמאת לורפק ללא מלח 27% פחות שומן,שטראוס גרופ בעמ/מצונן,,,יח`,2.50,100 גרם,false,1,16.90,6.76,false,1,
5740900403864,false,חמאה +מלח 200 גרם לורפק כשרות או קיי,שטראוס גרופ בעמ/מצונן,,,יח`,2,100 גרם,false,1,11.90,5.95,true,1,
5900020012814,false,דגנים תפוחים בטעם שוקולד נסקוויק נסטלה 500 גרם,קבוצת אוסם סחר שותפות מוגבלת,,,יח`,5,100 גרם,false,1,19.90,3.98,true,1,
5900020015174,false,פיטנס חטיפי אנרגיה דגנים בטעם שוקולד נסטלה 6*23.5 גרם,קבוצת אוסם סחר-שות.מוגבלת,,,יח`,1.41,100 גרם,false,1,15.90,11.28,true,1,
5900020018908,false,פיטנס חטיפי אנרגיה דגנים בטעם קרם עוגיות נסטלה 6*23.5 גרם,קבוצת אוסם סחר-שות.מוגבלת,,,יח`,1.41,100 גרם,false,1,15.90,11.28,true,1,
5900020020710,false,מארז חטיף דגנים קראנץ' בטעם שוקו וניל נסטלה,קבוצת אוסם סחר שותפות מוגבלת,,,יח`,1.50,100 גרם,false,1,16.90,11.27,true,1,
5900020022325,false,חטיף סיני מיניס Cini Minis בטעם קינמון - 6 במארז,קבוצת אוסם סחר שותפות מוגבלת,,,יח`,1.50,100 גרם,false,1,16.90,11.27,true,1,
5900020024770,false,פיטנס - דליס חטיף דגנים שוקולד אגוז 22.50 גרם * 6,קבוצת אוסם סחר שותפות מוגבלת,,,יח`,1.35,100 גרם,false,1,15.90,11.78,true,1,
5900020024817,false,פיטנס דליס Fitness Delice חטיף דגנים עם שוקולד לבן,קבוצת אוסם סחר שותפות מוגבלת,,,יח`,1.35,100 גרם,false,1,15.90,11.78,true,1,
5900020026552,false,דגני בוקר האני נאט צ'יריוס בטעם דבש ושקדים,קבוצת אוסם סחר שותפות מוגבלת,,,יח`,6.25,100 גרם,false,1,19.90,3.18,true,1,
5900020029669,false,פיטנס - חטיף דגנים פירות יער 23.50 גרם * 6,קבוצת אוסם סחר שותפות מוגבלת,,,יח`,0.2350,100 גרם,false,1,16.90,71.91,true,1,
5900020032539,false,מארז חטיף פיטנס שוקולד 8 X 23.5 גרם,קבוצת אוסם סחר שותפות מוגבלת,,,יח`,1.40,100 גרם,false,1,15.90,11.36,true,1,
5900020033314,false,חטיף דגני בוקר Lion בטעם קרמל ושוקולד על קרם חלב,קבוצת אוסם סחר שותפות מוגבלת,,,יח`,1.50,100 גרם,false,1,15.90,10.60,true,1,
5900020034021,false,פיטנס חטיף דגנים שוקו בננה נסטלה (23.5x6,קבוצת אוסם סחר שותפות מוגבלת,,,יח`,1.41,100 גרם,false,1,15.90,11.28,true,1,
5900020036407,false,ליון דגני בוקר שוקולד וקרמל נסטלה 480 גרם,קבוצת אוסם סחר שותפות מוגבלת,,,יח`,4.80,100 גרם,false,1,26.90,5.60,true,1,
5900020037916,false,דגני בוקר שיבולת שועל צ'ריוס 375ג',קבוצת אוסם סחר שותפות מוגבלת,,,יח`,3.75,100 גרם,false,1,15.90,4.24,false,1,
5900020039590,false,פיטנס חטיף דגנים קלאסי 6.8*23.5גר פרווה,קבוצת אוסם סחר-שות.מוגבלת,,,יח`,1.41,100 גרם,false,1,15.90,11.28,true,1,
5900020039620,false,פיטנס חטיף דגנים שקדים ודבש פרווה 8 6*23 ג,קבוצת אוסם סחר שותפות מוגבלת,,,יח`,1.41,100 גרם,false,1,15.90,11.28,true,1,
5900020041142,false,קורנפלקס פיטנס 500 ג' אסם,קבוצת אוסם סחר-שות.מוגבלת,,,יח`,5,100 גרם,false,1,12.90,2.58,true,1,
5900352002361,false,עוגיות יזיקי קלאסיק 140 גרם,יעד ממתקים בעמ,,,יח`,1.40,100 גרם,false,1,5.90,4.21,true,1,
5900352004044,false,עוגיות יזיקי קוקוס 140 גרם,יעד ממתקים בעמ,,,יח`,1.40,100 גרם,false,1,5.90,4.21,true,1,
5900352004457,false,עוגיות יזיקי קפה 140 גרם,יעד ממתקים בעמ,,,יח`,1.40,100 גרם,false,1,5.90,4.21,true,1,
5900352006468,false,עוגיות יזיקי שרי 140 גרם,יעד ממתקים בעמ,,,יח`,1.40,100 גרם,false,1,5.90,4.21,true,1,
5900352011356,false,עוגיות מריר יזיקי שרי 140 גרם,יעד ממתקים בעמ,,,יח`,1.40,100 גרם,false,1,5.90,4.21,true,1,
5900352012605,false,טייגר חטיף אליבי קוקוס 49 גרם,אליבי מקס Alibi Max,,,יח`,1.47,100 גרם,false,1,2.50,1.70,true,1,
5900352014890,false,עוגיות יזיקי מריר תפוז 140 גרם,יעד ממתקים בעמ,,,יח`,1.40,100 גרם,false,1,5.90,4.21,true,1,
5900352015125,false,עוגיות יזיקי קרמל מלוח 140 גרם,יעד ממתקים בעמ,,,יח`,1.40,100 גרם,false,1,5.90,4.21,true,1,
5900394009762,false,וופל אידיליה 47 גרם,יעד ממתקים בעמ,,,יח`,0.47,100 גרם,false,1,2.50,5.32,true,1,
5900627063233,false,טבליות למדיח הכל ב-1 פיניש מקס 50 יחידות,רקיט בנקיזר (ניר איסט) בעמ,,,יח`,1,,false,1,39.90,39.90,true,1,
5900627066715,false,טבליות למדיח פיניש הכל ב-1 100 יח,רקיט בנקיזר (ניר איסט) בעמ,,,יח`,1,,false,1,59.90,59.90,true,1,
5900951283963,false,חטיף סניקרס עם חמאת בוטנים Creamy Peanut Butter,"מרס ריגלי ישראל בע""מ",,,יח`,1,,false,1,3.90,3.90,true,1,
5901414200411,false,בלזן היט מיני ביסקוויט סנדוויץ' עם מילוי קרם בטעם שוקולד 130 גרם,ליימן שליסל בע`מ,,,יח`,1.30,100 גרם,false,1,7.90,6.08,true,1,
5901888020560,false,חטיף דגנים עם קינואה בטעם עשבי תיבול 70ג FREEYU,"דנשר (1963) בע,מ",,,יח`,0.70,100 גרם,false,1,12.90,18.43,true,1,
5904941750312,false,"משקה אנרגיה BLU מוחיטו בודד 250 מ""ל",בני פאוזי שמשום (2009) בעמ,,,יח`,2.50,"100 מ""ל",false,1,3.90,1.44,true,1,
5904941751302,false,משקה אנרגיה בפחית בלו (250 מל),בני פאוזי שמשום (2009) בעמ,,,יח`,2.50,"100 מ""ל",false,1,3.90,1.44,true,1,
5904941751920,false,בלו משקה אנרגיה דיי חצי מכמות הקלו250 מל,בני פאוזי שמשום (2009) בעמ,,,יח`,2.50,"100 מ""ל",false,1,3.90,1.44,true,1,
5906485301012,false,משקה אנרגיה XL מוגז פחית 250 מל,"טמפו משקאות בע""מ",,,יח`,2.50,"100 מ""ל",false,1,4.90,1.84,true,1,
5998749108550,false,חטיף ויסקס עוף וגבינה 60,שחורי אריה ואנסטסיה,,,יח`,1,,false,1,8.90,8.90,false,1,
5998749108574,false,חטיף בקר לחתולים 60 גרם וויסקס,שחורי אריה ואנסטסיה,,,יח`,1,,false,1,8.90,8.90,false,1,
6008165003984,false,סיגריות פאל מאל כחול סטרים פילט בודד,גלוברנדס בעמ - שיווק סיגריות,,,יח`,1,,false,1,30,30,true,1,
6008165274629,false,פאל מאל כחול ארוך סטרים פילטר חפיסה,גלוברנדס בעמ - שיווק סיגריות,,,יח`,1,יח`,false,1,30,30,true,1,
6009188004828,false,קיט קאט צ`אנקי לבן 40 גר`,קבוצת אוסם סחר שותפות מוגבלת,,,יח`,0.40,100 גרם,false,1,2.90,7.25,false,1,
6118000061090,false,סרדינים מרוקאים בשמן סויה (125 גר`)טנגי,דין שיווק וקליה 2021 בעמ,,,יח`,1.25,100 גרם,false,1,3.90,3.12,false,1,
6118000240501,false,סרדינים מרוקאים בשמן סויה עם פלפל חריף - 125 גרם,דין שיווק וקליה 2021 בעמ,,,יח`,1.25,100 גרם,false,1,3.90,3.12,false,1,
6900000001950,false,מברשת למנגל,ע.י. ארט טרייד גרופ בעמ,,,יח`,1,,false,1,9.90,9.90,false,1,
6901022100584,false,רצועות פלפלים אדומים קלויים,ביג פוד כחול לבן בעמ*שיק 30 יו,,,יח`,3.50,100 גרם,false,1,12.90,3.69,false,1,
6901022100591,false,רצועות מיקס פלפלים קלויים,ביג פוד כחול לבן בעמ*שיק 30 יו,,,יח`,3.50,100 גרם,false,1,12.90,3.69,false,1,
7038513866311,false,גורדן מברשת ילדים T51 סופט סטפ בי סטפ,דנשר (1963) בעמ,,,יח`,1,,false,1,10.90,10.90,true,1,
7038516140357,false,מברשת שיניים ג'ורדן טוטל סופט מארז 4 יחידות,מיוצר במלזיה עבור ג',,,יח`,1,,false,1,19.90,19.90,true,1,
7038516140418,false,ג'ורדן מברשת שיניים טוטאל קלין מדיום רביעייה,"דנשר (1963) בע,מ",,,יח`,1,,false,1,19.90,19.90,true,1,
7046110075562,false,"ג'ורדן משחת שיניים לשיניים קבועות 6-12 50 מ""ל",דנשר (1963) בעמ,,,יח`,1,,false,1,11.90,11.90,true,1,
7271730901261,false,ווקי מאק ארוחת אטריות עם גבינה 156 גרם,ניו וורלד פסטה קומפנ,,,יח`,1.56,100 גרם,false,1,10.90,6.99,false,1,
7290000000374,false,"פטריות שמפיניון בד""ץ (רביבים)",ביכורי השדה צפון 1994 ג.ד. בעמ,,,יח`,1,,false,1,9.90,9.90,true,1,
7290000000794,false,סלרי אמריקאי קצוץ,ביכורי השדה צפון 1994 ג.ד. בעמ,,,יח`,1,,false,1,5.90,5.90,false,1,
7290000023083,false,ערק אשקלון בקבוק 700,טמפו משקאות בע`מ,,,יח`,7,"100 מ""ל",false,1,49.90,7.09,false,1,
7290000023809,false,קלאסיק קברנה סובניון יקבי ברקן (750 מל),יקבי ברקן שיווק והפצה בע,,,יח`,7.50,"100 מ""ל",false,1,32.90,4.35,true,1,
7290000023977,false,קלאסיק מרלו יקבי ברקן (750 מל),יקבי ברקן שיווק והפצה בע,,,יח`,7.50,"100 מ""ל",false,1,32.90,4.35,true,1,
7290000024202,false,רזרב קברנה סובניון יקבי ברקן (750 מל),ברקן שיווק והפצה בעמ,,,יח`,7.50,"100 מ""ל",false,1,44.90,5.95,true,1,
7290000024219,false,יין רזרב אמרלד ריזלינג 750 מל שביעית,טמפו משקאות בע`מ,,,יח`,7.50,"100 מ""ל",false,1,44.90,5.95,true,1,
7290000040042,false,יוגורט יופלה תות 3% שומן 150 גרם,"תנובה בע""מ ***",,,יח`,1.50,"100 מ""ל",false,1,4.90,3.27,false,1,
7290000040066,false,יוגורט יופלה דובדבן 3% שומן 150 גרם,תנובה מרכז שיתופי לש,,,יח`,1.50,"100 מ""ל",false,1,4.90,3.27,false,1,
7290000040080,false,יוגורט יופלה אפרסק 3% שומן 150 גרם,"תנובה בע""מ ***",,,יח`,1.50,"100 מ""ל",false,1,4.90,3.27,false,1,
7290000040318,false,גבינת עדי ברי 24% קולאז` (125 גרם)קולקש,תנובה מרכז שיתופי לש,,,יח`,1.25,100 גרם,false,1,18.90,15.12,false,1,
7290000040462,false,טוסטי גבינה בסגנון אמריקאי אדם 23% תנובה 200 גרם,תנובה מרכז שיתופי לש,,,יח`,2,100 גרם,false,1,17.90,8.95,false,1,
7290000040974,false,חלב 2% דל לקטוז בקרטון תנובה (1 ליטר),תנובה מרכז שיתופי לש,,,יח`,1,1 ליטר,false,1,7,7,false,1,
7290000041407,false,"גיל קטן 3% תנובה 125 מ""ל בד""ץ",תנובה מרכז שיתופי לש,,,יח`,1.25,"100 מ""ל",false,1,0.95,0.76,false,1,
7290000041858,false,"שמנת חמוצה 15% מועשרת יטבתה 200 מ""ל",שטראוס גרופ בעמ/מצונן,,,יח`,2,"100 מ""ל",false,1,2.50,1.25,false,1,
7290000041865,false,"לבן 4.5% שומן מהדרין ""יטבתה""",שטראוס גרופ בעמ/מצונן,,,יח`,2,"100 מ""ל",false,1,2.10,1.05,false,1,
7290000041872,false,"לבן 3% יטבתה 200מ""ל מהדרין",שטראוס גרופ בעמ/מצונן,,,יח`,2,"100 מ""ל",false,1,2.10,1.05,false,1,
7290000042015,false,חלב 3% בשקית בדצ תנובה (1 ליטר)פיקוח,תנובה מרכז שיתופי לש,,,יח`,1,1 ליטר,false,1,5.43,5.43,false,1,
7290000042404,false,חלב 3% מועשר מהדרין בשקית יטבתה (1 ליטר),שטראוס גרופ בעמ/מצונן,,,יח`,1,1 ליטר,false,1,5.90,5.90,false,1,
7290000042435,false,חלב דל שומן 1% בקרטון תנובה (1 ליטר)פיק,תנובה מרכז שיתופי לש,,,יח`,10,"100 מ""ל",false,1,5.86,0.59,false,1,
7290000042442,false,"חלב תנובה טרי 3% ""תנובה"" - מוצר בפיקוח",תנובה בעמ ***,,,יח`,10,"100 מ""ל",false,1,6.23,0.62,false,1,
7290000042503,false,חלב עמיד הומוגני 3% תנובה (1 ליטר),תנובה מרכז שיתופי לש,,,יח`,1,1 ליטר,false,1,6.90,6.90,false,1,
7290000042640,false,"חלב תנובה עמיד 3% קרטון 250 מ""ל",תנובה מרכז שיתופי לש,,,יח`,2.50,"100 מ""ל",false,1,2.60,1.04,false,1,
7290000042855,false,"שוקו בשקית 250 מ""ל ""יטבתה""",שטראוס גרופ בעמ/מצונן,,,יח`,2.25,"100 מ""ל",false,1,2.50,1.11,false,1,
7290000043012,false,"שוקו עמיד 2% בקרטון 250 מ""ל תנובה",תנובה מרכז שיתופי לש,,,יח`,2.50,"100 מ""ל",false,1,4.70,1.88,false,1,
7290000043111,false,תנובה חמאה 200 גרם - מוצר בפיקוח,תנובה מרכז שיתופי לש,,,יח`,2,100 גרם,false,1,7.80,3.90,false,1,
7290000043814,false,השף הלבן שמנת להקצפה 38% שומן 250 מל - מוצר בפיקוח,תנובה מרכז שיתופי לש,,,יח`,2.50,"100 מ""ל",false,1,6.47,2.59,false,1,
7290000043890,false,תנובה רויון לבן מחלב מפסוטר 1.5%,תנובה מרכז שיתופי לש,,,יח`,1,1 ליטר,false,1,11.50,11.50,false,1,
7290000043944,false,כד יוגורט תנובה 4% שומן 1.5 ליטר,מיוצר עי קונדיטוריית,,,יח`,1.50,1 ליטר,false,1,16.50,11,false,1,
7290000044712,false,יוגורט עם תות 1.5% שומן 500 ג' פרילי,מיוצר עי קונדיטוריית,,,יח`,5,"100 מ""ל",false,1,10.90,2.18,false,1,
7290000044880,false,יוגורט בטעם תות שדה 3% באדי (500 גרם),מיוצר עי קונדיטוריית,,,יח`,5,"100 מ""ל",false,1,8.80,1.76,false,1,
7290000045580,false,גבינה מותכת נעמה חורש תנובה 240 גרם,תנובה מרכז שיתופי לש,,,יח`,2.40,100 גרם,false,1,17.90,7.46,false,1,
7290000045771,false,יוגורט לבן 4% תנובה (3 ליטר),תנובה מרכז שיתופי לש,,,יח`,3,1 ליטר,false,1,29,9.67,false,1,
7290000045917,false,תנובה פרומעז גבינה מותכת מחלב עיזים 23% שומן,תנובה בעמ ***,,,יח`,2,100 גרם,false,1,25.90,12.95,false,1,
7290000046020,false,"גלבוע 22% שקילה}גבנ""צ{*.",תנובה מרכז שיתופי לש,,,"ק""ג",10,100 גרם,true,1,42.58,4.26,false,1,
7290000046327,false,גלבוע גבינה צהובה פרוסה 22% תנובה 200 גרם,תנובה מרכז שיתופי לש,,,יח`,2,100 גרם,false,1,12.90,6.45,false,1,
7290000046563,false,קולאג 23% פרמזן חריץ תנובה,תנובה מרכז שיתופי לש,,,"ק""ג",10,100 גרם,true,1,113,11.30,false,1,
7290000047034,false,רוקפור (26% גליל) חריץ תנובה,תנובה מרכז שיתופי לש,,,"ק""ג",10,100 גרם,true,1,122,12.20,false,1,
7290000047546,false,השף הלבן כנען גבינה לבנה דלת נתרן 5% תנובה 500 גרם,תנובה מרכז שיתופי לש,,,יח`,5,100 גרם,false,1,23.90,4.78,false,1,
7290000047942,false,**תנובה גבינה לבנה מהדרין 9% 250ג,תנובה מרכז שיתופי לש,,,יח`,2.50,100 גרם,false,1,4.70,1.88,false,1,
7290000048185,false,גבינה לבנה 5% תנובה 250 גרם מהדרין,מיוצר עי קונדיטוריית,,,יח`,2.50,100 גרם,false,1,4.98,1.99,false,1,
7290000048192,false,גבינה לבנה 9% תנובה 250 גרם מהדרין,מחלבת אלון תבור,,,יח`,2.50,100 גרם,false,1,4.70,1.88,false,1,
7290000048413,false,גבינה חמד (25016% גרם)פיראוס תנובה,תנובה מרכז שיתופי לש,,,יח`,2.50,100 גרם,false,1,17.90,7.16,false,1,
7290000048437,false,גבינת צפתית (2005% גרם)פיראוס תנובה,פארייפאבה אגרואינדוס,,,יח`,2,100 גרם,false,1,14.90,7.45,false,1,
7290000049458,false,גבינה בולגרית עיזים (25016% גרם)פיראוס,תנובה מרכז שיתופי לש,,,יח`,2.50,100 גרם,false,1,28.50,11.40,false,1,
7290000050447,false,"יוגורט ביו בטעם תות YYY יופלה 500 מ""ל",מיוצר עי קונדיטוריית,,,יח`,1,1 ליטר,false,1,12.90,12.90,false,1,
7290000050454,false,יוגורט ביו 3% אפרסק יופלה (500 גרם),מיוצר עי קונדיטוריית,,,יח`,5,"100 מ""ל",false,1,12.90,2.58,false,1,
7290000051307,false,"מארז הפסקת אוכל עם דגני עוגי ומשקה חלב עמיד בטעם וניל 150 מ""ל",תנובה מרכז שיתופי לש,,,יח`,1.50,"100 מ""ל",false,1,9.90,6.60,false,1,
7290000051352,false,חלב מלא בטעם של פעם 3.4% תנובה קרטון 1 ל',הרדוף תוצרת מזון אור,,,יח`,1,1 ליטר,false,1,7.50,7.50,false,1,
7290000051376,false,יוגורט יופלה דיאט אננס 0% שומן 150 גרם,תנובה מרכז שיתופי לש,,,יח`,1.50,"100 מ""ל",false,1,4.90,3.27,false,1,
7290000051710,false,פיראוס גבינת לאבנה אסלית על בסיס יוגורט תנובה 263 גרם,"תנובה, מחלבת אלון תב",,,יח`,2.63,100 גרם,false,1,13.80,5.25,false,1,
7290000052311,false,גבינה צהובה עמק לייט 15% שומן 200 גרם,תנובה מרכז שיתופי לש,,,יח`,2,100 גרם,false,1,16.10,8.05,false,1,
7290000052946,false,מארז יוגורט יופלה לבן מעודן בדצ 8*150,תנובה מרכז שיתופי לש,,,יח`,1.20,1 ליטר,false,1,20.90,17.42,false,1,
7290000053219,false,טל העמק חריץ 32% במשקל,תנובה מרכז שיתופי לש,,,"ק""ג",10,100 גרם,true,1,55,5.50,false,1,
7290000055015,false,פיראוס גבינת פטה כבשים 5% תנובה 250 גרם,תנובה מחלבת טנא נוגה,,,יח`,2.50,100 גרם,false,1,26.50,10.60,false,1,
7290000055329,false,"משקה בוקר יוגורט 1.5% בטעם תות מלון יופלה 250 מ""ל",תנובה מרכז שיתופי לש,,,יח`,2.50,100 גרם,false,1,5.50,2.20,false,1,
7290000055336,false,"משקה יוגורט 1.5% בטעם בננה אפרסק יופלה 250 מ""ל",תנובה מרכז שיתופי לש,,,יח`,2.50,100 גרם,false,1,5.50,2.20,false,1,
7290000055343,false,משקה יוגורט יופלה פירות טרופיים 250 גרם,תנובה מרכז שיתופי לש,,,יח`,2.50,100 גרם,false,1,5.50,2.20,false,1,
7290000055350,false,גבינה צהובה חריץ עמק 28% במשקל,תנובה מרכז שיתופי לש,,,"ק""ג",10,100 גרם,true,1,44.79,4.48,false,1,
7290000056845,false,תנובה חלב טרי 3% שומן 1.5 ליטר - מוצר בפיקוח,פארייפאבה אגרואינדוס,,,יח`,1500,1 ליטר,false,1,9.35,0.01,false,1,
7290000056890,false,שמיניית דיאט יופלה 0% טעמים שונים 150 גרם,מיוצר עי קונדיטוריית,,,יח`,12,"100 מ""ל",false,1,29.90,2.49,false,1,
7290000056906,false,מאגדת לבן טבעי 1.5% שומן 8 יח' * 150 ג' יופלה,מחלבת אלון תבור,,,יח`,12,"100 מ""ל",false,1,17.50,1.46,false,1,
7290000056951,false,"תנובה, השף הלבן, שמנת לבישול 15% שומן 500 מל",תנובה מרכז שיתופי לש,,,יח`,5,"100 מ""ל",false,1,15.90,3.18,false,1,
7290000057088,false,עמק גבינה צהובה פרוסה דק דק 28% תנובה 200 גרם,תנובה מרכז שיתופי לש,,,יח`,2,100 גרם,false,1,16.30,8.15,false,1,
7290000057118,false,גבינה צהובה עמק 28% שומן ואקום 400 גרם,תנובה מרכז שיתופי לש,,,יח`,4,100 גרם,false,1,20.90,5.23,false,1,
7290000057132,false,יוגורט תנובה טבעי 1.5% גביע 200 גרם,מחלבת אלון תבור,,,יח`,2,100 גרם,false,1,3.20,1.60,false,1,
7290000057149,false,יוגורט תנובה טבעי 3% גביע 200 גרם,מיוצר עי קונדיטוריית,,,יח`,2,100 גרם,false,1,3.20,1.60,false,1,
7290000057552,false,יופלה דיאט עוגת גבינה ותות 0% גביע 150ג',תנובה - חלב,,,יח`,1.50,100 גרם,false,1,4.90,3.27,false,1,
7290000058030,false,"שמיניית יופלה שטוזים משקה יוגורט תות 100 מ""ל",מיוצר עי קונדיטוריית,,,יח`,1,,false,1,20.90,20.90,false,1,
7290000058047,false,שמנת להקצפה 38% 500מל מהדרין עמיד השף הלבן,תנובה מרכז שיתופי לש,,,יח`,5,"100 מ""ל",false,1,12.94,2.59,false,1,
7290000058979,false,גיל בטעם תות 3% שומן 125 ג' תנובה,תנובה מרכז שיתופי לש,,,יח`,1.25,"100 מ""ל",false,1,1.60,1.28,false,1,
7290000060088,false,בייגלה מקלות עם מלח אסם (400 גרם),קבוצת אוסם סחר שותפות מוגבלת,,,יח`,4,100 גרם,false,1,10.90,2.73,true,1,
7290000060163,false,פסטה אסם אטריות דקות 400גר,קבוצת אוסם סחר שותפות מוגבלת,,,יח`,4,100 גרם,false,1,7.90,1.98,true,1,
7290000060200,false,פסטה אסם פתיתים אפויים קוסקוס 500גר,קבוצת אוסם סחר שותפות מוגבלת,,,יח`,5,100 גרם,false,1,6.90,1.38,true,1,
7290000060217,false,פסטה מקרוני מספר 7 אסם (500 גרם),קבוצת אוסם סחר שותפות מוגבלת,,,יח`,5,100 גרם,false,1,5.90,1.18,true,1,
7290000060248,false,פסטה אסם פתיתים תלתלים 500 גר',קבוצת אוסם סחר שותפות מוגבלת,,,יח`,5,100 גרם,false,1,5.90,1.18,true,1,
7290000060316,false,פרפקטו ספגטי מס' 8 אסם 500 גרם,קבוצת אוסם סחר שותפות מוגבלת,,,יח`,5,100 גרם,false,1,7.90,1.58,false,1,
7290000060408,false,פסטה אסם פתיתים אפויים טבעות 500 גר,קבוצת אוסם סחר שותפות מוגבלת,,,יח`,5,100 גרם,false,1,6.90,1.38,true,1,
7290000060828,false,פסטה קרניים בינוניות אסם (500 גרם),קבוצת אוסם סחר שותפות מוגבלת,,,יח`,5,100 גרם,false,1,5.90,1.18,true,1,
7290000060842,false,פסטה אסם פתיתים צדפים גדולים 500גר,קבוצת אוסם סחר שותפות מוגבלת,,,יח`,5,100 גרם,false,1,5.90,1.18,true,1,
7290000060880,false,פסטה ספגטי מספר 8 אסם 500 גרם,קבוצת אוסם סחר שותפות מוגבלת,,,יח`,5,100 גרם,false,1,5.90,1.18,true,1,
7290000060903,false,פסטה אסם פתיתים אפויים אורז 500גר,קבוצת אוסם סחר שותפות מוגבלת,,,יח`,5,100 גרם,false,1,6.90,1.38,true,1,
7290000060958,false,אטריות מובחרות בינוניות אסם (400 גרם),קבוצת אוסם סחר שותפות מוגבלת,,,יח`,4,100 גרם,false,1,7.90,1.98,true,1,
7290000060965,false,פסטה אסם אטריות רחבות 400גר,קבוצת אוסם סחר שותפות מוגבלת,,,יח`,4,100 גרם,false,1,7.90,1.98,true,1,
7290000061061,false,קרקר חיטה עם בצל אסם,קבוצת אוסם סחר שותפות מוגבלת,,,יח`,2.50,100 גרם,false,1,10.90,4.36,true,1,
7290000061214,false,פתיתים אפויים קוסקוס עם בצל אסם 500 גרם,קבוצת אסם סחר שות. מוגבלת,,,יח`,5,100 גרם,false,1,6.90,1.38,true,1,
7290000061245,false,עוגיות שוקוצ'יפס במילוי שוקולד אסם 220 גרם,קבוצת אוסם סחר-שות.מוגבלת,,,יח`,2.20,100 גרם,false,1,10.90,4.95,true,1,
7290000061450,false,פתיתים אפויים קוסקוס 3 צבעים אסם 500 גרם,קבוצת אסם סחר שות. מוגבלת,,,יח`,5,100 גרם,false,1,6.90,1.38,true,1,
7290000061764,false,קפה נמס מגורען רד מאג 200 גרם,קבוצת אוסם סחר שותפות מוגבלת,,,יח`,2,100 גרם,false,1,18.90,9.45,false,1,
7290000062129,false,אינסטנט פודינג בטעם וניל אסם (1 קג),קבוצת אוסם סחר שותפות מוגבלת,,,יח`,1,"ק""ג",false,1,23.90,23.90,false,1,
7290000063140,false,שקדי מרק רכיבים טבעיים בשקית 400 ג' אסם,קבוצת אוסם סחר שותפות מוגבלת,,,יח`,4,100 גרם,false,1,10.90,2.73,true,1,
7290000063157,false,"קמח עוגה תופח מאליו אסם 1 ק""ג",קבוצת אוסם סחר שותפות מוגבלת,,,יח`,1,"ק""ג",false,1,9.90,9.90,false,1,
7290000064758,false,קוסקוס בינוני אמיתי אסם 350 ג',קבוצת אוסם סחר שותפות מוגבלת,,,יח`,3.50,100 גרם,false,1,8.90,2.54,false,1,
7290000064871,false,"אוסם - מנה חמה פירה תפו""א עם בצל 56 גרם",קבוצת אוסם סחר שותפות מוגבלת,,,יח`,0.56,100 גרם,false,1,6.90,12.32,true,1,
7290000065090,false,מיני קרוטונים מתובלים למרק ולסלט אסם 400 גרם,קבוצת אוסם סחר שותפות מוגבלת,,,יח`,4,100 גרם,false,1,22.80,5.70,false,1,
7290000065540,false,אוסם - מנה חמה פסטה מוקרמת בטעם עוף 55 גרם,קבוצת אוסם סחר שותפות מוגבלת,,,יח`,0.55,100 גרם,false,1,6.90,12.55,true,1,
7290000065557,false,אוסם - מנה חמה קוסקוס עם ירקות 84 גרם,קבוצת אוסם סחר שותפות מוגבלת,,,יח`,0.62,100 גרם,false,1,6.90,11.13,true,1,
7290000066141,false,ביסלי חטיף בטעם גריל אסם (70 גרם),קבוצת אוסם סחר שותפות מוגבלת,,,יח`,0.70,100 גרם,false,1,3.90,5.57,true,1,
7290000066189,false,ביסלי חטיף בטעם פלאפל אסם (200 גרם),קבוצת אוסם סחר שותפות מוגבלת,,,יח`,2,100 גרם,false,1,7.90,3.95,true,1,
7290000066196,false,ביסלי חטיף בטעם גריל אסם (200 גרם),קבוצת אוסם סחר שותפות מוגבלת,,,יח`,2,100 גרם,false,1,7.90,3.95,true,1,
7290000066226,false,ביסלי חטיף בטעם פיצה אסם (200 גרם),קבוצת אוסם סחר שותפות מוגבלת,,,יח`,2,100 גרם,false,1,7.90,3.95,true,1,
7290000066264,false,דובונים חטיף תפוחי אדמה אסם (40 גרם),קבוצת אוסם סחר שותפות מוגבלת,,,יח`,0.40,100 גרם,false,1,5,12.50,true,1,
7290000066295,false,אסם במבה תות מחומרים טבעיים 30גר,קבוצת אוסם סחר שותפות מוגבלת,,,יח`,0.30,100 גרם,false,1,2.90,9.67,false,1,
7290000066318,false,במבה חטיף בוטנים אסם 80 גרם,קבוצת אוסם סחר שותפות מוגבלת,,,יח`,0.80,100 גרם,false,1,4.30,5.38,true,1,
7290000066332,false,אפרופו חטיף תירס אסם (50 גרם),קבוצת אוסם סחר שותפות מוגבלת,,,יח`,0.50,100 גרם,false,1,5,10,true,1,
7290000066349,false,אפרופו חטיף תירס אסם (100 גרם),קבוצת אוסם סחר-שות.מוגבלת,,,יח`,1,100 גרם,false,1,8.90,8.90,false,1,
7290000066431,false,פופקו חטיף פופקורן בטעם חמאה ודבש אסם 80 גרם,קבוצת אוסם סחר שותפות מוגבלת,,,יח`,0.80,100 גרם,false,1,5.50,6.88,true,1,
7290000067599,false,מנה חמה ספגטי ברוטב בולונז אסם 65 גרם,קבוצת אוסם סחר שותפות מוגבלת,,,יח`,0.65,100 גרם,false,1,6.90,10.62,true,1,
7290000067735,false,פרפקטו ניוקי בצקיות תפוחי אדמה 500 ג' אסם,קבוצת אוסם סחר שותפות מוגבלת,,,יח`,5,100 גרם,false,1,12.90,2.58,false,1,
7290000068138,false,אינסטנט פודינג בטעם וניל אסם 80 גרם,קבוצת אוסם סחר שותפות מוגבלת,,,יח`,0.80,100 גרם,false,1,5.90,7.38,false,1,
7290000068190,false,אסם ג'לי תות שדה צבעים טבעיים 90 גרם,קבוצת אוסם סחר שותפות מוגבלת,,,יח`,0.90,100 גרם,false,1,6.90,7.67,false,1,
7290000068237,false,אבקה להכנת ג`לי בטעם פטל אסם (85 גרם),קבוצת אוסם סחר שותפות מוגבלת,,,יח`,0.85,100 גרם,false,1,6.90,8.12,false,1,
7290000068701,false,אסם שקדי מרק רכיבים טבע.מיכל 400 גרם,קבוצת אוסם סחר שותפות מוגבלת,,,יח`,4,100 גרם,false,1,15.90,3.98,false,1,
7290000068770,false,במבה יום הולדת חטיף בוטנים אסם 80 גרם,קבוצת אוסם סחר שותפות מוגבלת,,,יח`,0.80,100 גרם,false,1,4.30,5.38,true,1,
7290000068787,false,במבה יום הולדת חטיף בוטנים אסם 25 גרם,קבוצת אוסם סחר שותפות מוגבלת,,,יח`,0.25,100 גרם,false,1,2.90,11.60,false,1,
7290000069609,false,חטיפי קרקר בטעם זעתר אסם (300 גרם),קבוצת אסם סחר שות. מוגבלת,,,יח`,3,100 גרם,false,1,11.90,3.97,true,1,
7290000070308,false,אבקת מרק עוף אמיתי בשרי אסם 400 גרם,קבוצת אוסם סחר שותפות מוגבלת,,,יח`,4,100 גרם,false,1,20,5,false,1,
7290000070322,false,אבקת מרק פטריות רכיבים טבעיים אסם 400 גרם,קבוצת אוסם סחר שותפות מוגבלת,,,יח`,4,100 גרם,false,1,24.90,6.23,true,1,
7290000070353,false,אבקת מרק בצל רכיבים טבעיים אסם 400 גרם,קבוצת אוסם סחר שותפות מוגבלת,,,יח`,4,100 גרם,false,1,24.90,6.23,true,1,
7290000071008,false,בייגלה שטוחים טבעות עם מלח אסם (60 גרם),קבוצת אוסם סחר שותפות מוגבלת,,,יח`,0.60,100 גרם,false,1,2.90,4.83,false,1,
7290000072067,false,במבה חטיף בוטנים במילוי קרם חלבה 60 גרם,קבוצת אסם סחר שות. מוגבלת,,,יח`,0.60,100 גרם,false,1,4.30,7.17,true,1,
7290000072241,false,"רוטב פיצה 290 מ""ל-בקבוק",קבוצת אוסם סחר שותפות מוגבלת,,,יח`,2.90,"100 מ""ל",false,1,11.90,4.10,true,1,
7290000072623,false,קטשופ אסם בקבוק לחיץ 750 גרם,קבוצת אוסם סחר שותפות מוגבלת,,,יח`,7.50,100 גרם,false,1,10.90,1.45,true,1,
7290000072630,false,קטשופ אסם חריף 750 גרם-בקבוק,קבוצת אוסם סחר שותפות מוגבלת,,,יח`,7.50,100 גרם,false,1,11.90,1.59,false,1,
7290000072753,false,קפה נמס מגורען טסטרס צ'ויס 200 גרם-,קבוצת אוסם סחר שותפות מוגבלת,,,יח`,2,100 גרם,false,1,29.90,14.95,false,1,
7290000072777,false,קפה נמס מגורען נטול קפאין טסטרס צ'ויס 200 גרם,קבוצת אוסם סחר שותפות מוגבלת,,,יח`,2,100 גרם,false,1,35.90,17.95,false,1,
7290000072968,false,דגני בוקר סיני מיניס חיטה מלאה וקינמון נסטלה 500 גרם,קבוצת אוסם סחר-שות.מוגבלת,,,יח`,3.75,100 גרם,false,1,19.90,5.31,true,1,
7290000073125,false,מנה חמה פסטה ברוטב עגבניות אסם (62 גרם),קבוצת אוסם סחר שותפות מוגבלת,,,יח`,0.62,100 גרם,false,1,6.90,11.13,true,1,
7290000073415,false,אוסם - מנה חמה פסטה ברוטב פיצה 61 גרם,קבוצת אוסם סחר שותפות מוגבלת,,,יח`,0.61,100 גרם,false,1,6.90,11.31,true,1,
7290000073699,false,סלט חומוס צבר 150 גרם,קבוצת אוסם סחר שותפות מוגבלת,,,יח`,1.50,100 גרם,false,1,4.50,3,false,1,
7290000073767,false,מנה חמה נודלס אטר.+ירקות טעם בקר 70 גרם,קבוצת אוסם סחר שותפות מוגבלת,,,יח`,0.70,100 גרם,false,1,7.90,11.29,true,1,
7290000073774,false,מנה חמה נודלס אטר+ירקות טעם צילי 70 גרם,קבוצת אוסם סחר שותפות מוגבלת,,,יח`,0.76,100 גרם,false,1,7.90,10.39,true,1,
7290000074153,false,ביסקוויט פתי בר שוקולד אסם (500 גרם),קבוצת אוסם סחר שותפות מוגבלת,,,יח`,5,100 גרם,false,1,11.90,2.38,false,1,
7290000074184,false,ביסקוויט פתי בר אסם (500 גרם),קבוצת אוסם סחר שותפות מוגבלת,,,יח`,5,100 גרם,false,1,11.90,2.38,true,1,
7290000074245,false,אוסם - קרם קרקר אסם 250 גרם,קבוצת אוסם סחר שותפות מוגבלת,,,יח`,2.50,100 גרם,false,1,9.90,3.96,true,1,
7290000074276,false,קרקר פיקנטי טבעון 250 ג' אסם,קבוצת אוסם סחר שותפות מוגבלת,,,יח`,2.50,100 גרם,false,1,10.90,4.36,true,1,
7290000074375,false,אוסם - קרקר זהב 150 גרם,קבוצת אוסם סחר שותפות מוגבלת,,,יח`,1.50,100 גרם,false,1,7.90,5.27,true,1,
7290000074481,false,קרקר לחמית אגוזים אסם (160 גרם),קבוצת אסם סחר שות. מוגבלת,,,יח`,1.60,100 גרם,false,1,10.90,6.81,true,1,
7290000074764,false,קרקר הזהב אסם 900 גרם,קבוצת אוסם סחר שותפות מוגבלת,,,יח`,9,100 גרם,false,1,27.90,3.10,true,1,
7290000075204,false,קרקר לחמית חיטה מלאה אסם (250 גרם),קבוצת אוסם סחר שותפות מוגבלת,,,יח`,2.50,100 גרם,false,1,8.90,3.56,true,1,
7290000075693,false,עוגת הבית שמרים בריוש שוקולד אסם 360 גרם,קבוצת אסם סחר שות. מוגבלת,,,יח`,3.60,100 גרם,false,1,17.90,4.97,true,1,
7290000076126,false,אוסם - בייגלה שמיניות קטנות 80 גרם,קבוצת אוסם סחר שותפות מוגבלת,,,יח`,0.80,100 גרם,false,1,2.90,3.63,false,1,
7290000076133,false,בייגלה שמיניות קטנות עם מלח אסם 400 גרם,קבוצת אוסם סחר שותפות מוגבלת,,,יח`,4,100 גרם,false,1,9.90,2.48,true,1,
7290000076645,false,טוסטעים פת קלויה חיטה מלאה אסם 100 גרם,קבוצת אסם סחר שות. מוגבלת,,,יח`,1,100 גרם,false,1,9.90,9.90,false,1,
7290000077017,false,עוגיות קרמוגית במילוי קרם שוקולד אסם 200 גרם,קבוצת אוסם סחר שותפות מוגבלת,,,יח`,2,100 גרם,false,1,11.90,5.95,true,1,
7290000077253,false,אוסם - לחמית כפרית עם דגנים מלאים 190 גרם,קבוצת אסם סחר שות. מוגבלת,,,יח`,1.90,100 גרם,false,1,10.90,5.74,true,1,
7290000078762,false,אוסם - חטיפי פריכונים מאורז מלא בטעם דבש 80גר,קבוצת אוסם סחר-שות.מוגבלת,,,יח`,0.80,100 גרם,false,1,7.90,9.88,true,1,
7290000079233,false,קרם קרקר דיאטטי דל נתרן 250 גרם,קבוצת אוסם סחר שותפות מוגבלת,,,יח`,2.50,100 גרם,false,1,10.90,4.36,true,1,
7290000080765,false,פת קלויה טוסטעים עם שומשום אסם (100 גרם),קבוצת אוסם סחר שותפות מוגבלת,,,יח`,1,100 גרם,false,1,9.90,9.90,false,1,
7290000100128,false,פירות קפואים תות 300 גר`סנפרוסט,תנובה ענף ב.ע.ד,,,יח`,3,100 גרם,false,1,15.90,5.30,true,1,
7290000101927,false,אוכמניות כחולות מוקפאות סנפרוסט 300 גרם,תנובה ענף ב.ע.ד,,,יח`,3,100 גרם,false,1,15.90,5.30,true,1,
7290000101934,false,מיקס פירות יער מוקפאים 300 גר סנפרוסט,"איי, בי, אינבוו",,,יח`,3,100 גרם,false,1,15.90,5.30,true,1,
7290000101941,false,אננס חתוך מוקפא סנפרוסט (300 גרם),תנובה ענף ב.ע.ד,,,יח`,3,100 גרם,false,1,15.90,5.30,true,1,
7290000101958,false,מנגו חתוך מוקפא סנפרוסט (300 גרם),תנובה ענף ב.ע.ד,,,יח`,3,100 גרם,false,1,15.90,5.30,true,1,
7290000103365,false,מרק ירקות עשיר סנפרוסט (550 גרם),תנובה מרכז שיתופי לשיווק תוצרת,,,יח`,5.60,100 גרם,false,1,18,3.21,true,1,
7290000103433,false,"לקט ירקות לתנור 800 גרם ""סנפרוסט""",תנובה מרכז שיתופי לשיווק תוצרת,,,יח`,8,100 גרם,false,1,21.90,2.74,true,1,
7290000103457,false,מיני כרובית סנפרוסט (600 גרם),"סנפרוסט בע""\מ",,,יח`,6,100 גרם,false,1,17.90,2.98,true,1,
7290000103730,false,לקט להקפצה עם פסטה פוזילי סנפרוסט 800 גרם,תנובה מרכז שיתופי לשיווק תוצרת,,,יח`,8,100 גרם,false,1,24,3,true,1,
7290000103815,false,לקט להקפצה בסגנון תאילנדי סנפרוסט 800 גרם,תנובה מרכז שיתופי לשיווק תוצרת,,,יח`,8,100 גרם,false,1,24,3,true,1,
7290000103822,false,ירקות שמלווים עוף סנפרוסט 800ג',תנובה מרכז שיתופי לשיווק תוצרת,,,יח`,8,100 גרם,false,1,23,2.88,true,1,
7290000103846,false,מרק אפונה עשיר בירקות סנפרוסט (572 גרם),תנובה מרכז שיתופי לשיווק תוצרת,,,יח`,5.72,100 גרם,false,1,18,3.15,true,1,
7290000103860,false,מרק עדשים עשיר בירקות סנפרוסט (572 גרם),תנובה מרכז שיתופי לשיווק תוצרת,,,יח`,5.72,100 גרם,false,1,18,3.15,true,1,
7290000104201,false,אפונה עדינה מוקפאת סנפרוסט (600 גרם),"איי, בי, אינבוו",,,יח`,6,100 גרם,false,1,18.90,3.15,true,1,
7290000104218,false,סנפרוסט במיה 600 גרם,תנובה מרכז שיתופי לשיווק תוצרת,,,יח`,6,100 גרם,false,1,18.90,3.15,true,1,
7290000104676,false,אפונה קפואה סנפרוסט 800 גרם,תנובה מרכז שיתופי לשיווק תוצרת,,,יח`,8,100 גרם,false,1,16.90,2.11,true,1,
7290000104683,false,שעועית ירוקה שלמה סנפרוסט (800 גרם),תנובה מרכז שיתופי לשיווק תוצרת,,,יח`,8,100 גרם,false,1,19.90,2.49,true,1,
7290000104690,false,גרעיני תירס מוקפאים סנפרוסט (800 גרם),תנובה מרכז שיתופי לשיווק תוצרת,,,יח`,8,100 גרם,false,1,17.90,2.24,true,1,
7290000104706,false,גזר גמדי מוקפא סנפרוסט (800 גרם),תנובה מרכז שיתופי לשיווק תוצרת,,,יח`,8,100 גרם,false,1,17.90,2.24,true,1,
7290000104713,false,פול ירוק קפוא סנפורסט 800 גרם,תנובה מרכז שיתופי לשיווק תוצרת,,,יח`,8,100 גרם,false,1,24.90,3.11,true,1,
7290000104720,false,שעועית ירוקה חתוכה סנפרוסט (800 גרם),תנובה מרכז שיתופי לשיווק תוצרת,,,יח`,8,100 גרם,false,1,19.90,2.49,true,1,
7290000104737,false,שעועית צהובה חתוכה סנפרוסט 800 גרם,תנובה מרכז שיתופי לשיווק תוצרת,,,יח`,8,100 גרם,false,1,19.90,2.49,true,1,
7290000104744,false,כרובית מוקפאת סנפרוסט (800 גרם),תנובה מרכז שיתופי לשיווק תוצרת,,,יח`,8,100 גרם,false,1,25,3.13,true,1,
7290000104751,false,"כרוב ניצנים 800 גרם ""סנפרוסט""",תנובה מרכז שיתופי לשיווק תוצרת,,,יח`,8,100 גרם,false,1,24.90,3.11,true,1,
7290000104775,false,מדליוני תרד סנפרוסט (800 גרם),תנובה מרכז שיתופי לשיווק תוצרת,,,יח`,8,100 גרם,false,1,26,3.25,true,1,
7290000104799,false,שעועית לבנה מבושלת סנפרוסט (800 גרם),תנובה מרכז שיתופי לשיווק תוצרת,,,יח`,8,100 גרם,false,1,19.90,2.49,true,1,
7290000104805,false,גרגירי חומוס מבושלים סנפרוסט 800 גרם,תנובה מרכז שיתופי לשיווק תוצרת,,,יח`,8,100 גרם,false,1,19.90,2.49,true,1,
7290000104829,false,קלחי תירס חתוכים סנפרוסט 1 קילו,תנובה מרכז שיתופי לשיווק תוצרת,,,יח`,1,"ק""ג",false,1,21,21,true,1,
7290000104836,false,שעועית ירוקה עדינה שלמה סנפרוסט 600 גרם,תנובה מרכז שיתופי לשיווק תוצרת,,,יח`,6,100 גרם,false,1,22.90,3.82,true,1,
7290000104874,false,לקט מוקפא לקוסקוס סנפרוסט (800 גרם),תנובה מרכז שיתופי לשיווק תוצרת,,,יח`,8,100 גרם,false,1,23,2.88,true,1,
7290000104881,false,לקט אפונה וגזר מוקפאים סנפרוסט (800 גרם),תנובה מרכז שיתופי לשיווק תוצרת,,,יח`,8,100 גרם,false,1,16.90,2.11,true,1,
7290000104904,false,לקט ירקות מעורבים סנפורסט 800 גרם,תנובה מרכז שיתופי לשיווק תוצרת,,,יח`,8,100 גרם,false,1,23,2.88,true,1,
7290000104911,false,לקט נורמנדי מוקפא סנפרוסט (800 גרם),תנובה מרכז שיתופי לשיווק תוצרת,,,יח`,8,100 גרם,false,1,16.90,2.11,true,1,
7290000107165,false,חטיף סויה אדממה סנפרוסט (400 גרם),תנובה מרכז שיתופי לשיווק תוצרת,,,יח`,4,100 גרם,false,1,14,3.50,true,1,
7290000107295,false,תפרחות ברוקולי סנפרוסט 800 גרם,תנובה מרכז שיתופי לשיווק תוצרת,,,יח`,8,100 גרם,false,1,24.90,3.11,true,1,
7290000111117,false,מרכך כביסה לבן בדין (4 ליטר),"יוניליוור ישראל שיווק בע""מ",,,יח`,4,1 ליטר,false,1,19.90,4.98,false,1,
7290000111186,false,"מיונז אמיתי תלמה 500 גרם בד""צ","יוניליוור ישראל שיווק בע""מ",,,יח`,5,100 גרם,false,1,10.90,2.18,true,1,
7290000111360,false,חרדל אמיתי חריף 250 גרם בצנצנת כשלפ,יוניליוור ישראל שיווק בע`מ,,,יח`,2.50,100 גרם,false,1,6.90,2.76,false,1,
7290000112220,false,טחינה גולמית שומשום טהור בארכה 500 גרם,קבוצת אוסם סחר שותפות מוגבלת,,,יח`,5,100 גרם,false,1,13.90,2.78,true,1,
7290000112497,false,מרק עשיר עוף אטריות קנור 75 גרם - שקיות,יוניליוור ישראל שיווק בע`מ,,,יח`,0.75,100 גרם,false,1,9.90,13.20,true,1,
7290000116204,false,"אבקת מרק דגש בטעם עוף 1ק""ג קנור","יוניליוור ישראל שיווק בע""מ",,,יח`,1,"ק""ג",false,1,17.90,17.90,false,1,
7290000116884,false,"קנור רוטב ברביקיו 300 מ""ל כשלפ",יוניליוור ישראל שיווק בע`מ,,,יח`,3,"100 מ""ל",false,1,12.90,4.30,true,1,
7290000118277,false,כופתאות מצה להכנת מהירה 65 ג' קנור,"יוניליוור ישראל שיווק בע""מ",,,יח`,1.30,100 גרם,false,1,12.90,9.92,true,1,
7290000121093,false,גבינה מותכת לייט בטעם שוויצרי 7% מון בלאן 120 גר',האי נאם סי או אל.טי.,,,יח`,1.20,100 גרם,false,1,11.60,9.67,true,1,
7290000121109,false,גבינה מותכת לייט עם זיתים 7% מון בלאן 120 גרם,נטו מילנדה סחר בעמ*,,,יח`,1.20,100 גרם,false,1,12.60,10.50,true,1,
7290000121154,false,גבינה מותכת לייט עם סלמון 7% מון בלאן 120 גרם,נטו מלינדה סחר בע`מ,,,יח`,1.20,100 גרם,false,1,13.90,11.58,true,1,
7290000129457,false,אבקת רוטב פטריות קנור 28 ג' שקית,יוניליוור ישראל שיווק בע`מ,,,יח`,0.28,100 גרם,false,1,4.90,17.50,true,1,
7290000129785,false,מרכך כביסה ירוק בדין (4 ליטר),יוניליוור ישראל שיווק בע`מ,,,יח`,4,1 ליטר,false,1,19.90,4.98,false,1,
7290000133645,false,שלישיית משחת שיניים סודה אורביטול 145 גרם,החברה הדרומית לשיווק בעמ,,,יח`,4.35,100 גרם,false,1,19.90,4.57,true,1,
7290000134307,false,קינמון טחון 50 גרם טעם וריח,"תבליני טעם וריח בע""מ",,,יח`,0.50,100 גרם,false,1,6.90,13.80,false,1,
7290000134314,false,פיצה תערובת תיבול 120 גרם מיכל גדול,"תבליני טעם וריח בע""מ",,,יח`,1.20,100 גרם,false,1,9.90,8.25,true,1,
7290000134338,false,אבקת שום בקופ' 90 גר' טעם וריח,"תבליני טעם וריח בע""מ",,,יח`,0.90,100 גרם,false,1,9.90,11,true,1,
7290000134376,false,פפריקה בשמן בקופ' 90 גר' טעם וריח,"תבליני טעם וריח בע""מ",,,יח`,0.90,100 גרם,false,1,9.90,11,true,1,
7290000134550,false,עלי דפנה 20 גר' טעם וריח,"תבליני טעם וריח בע""מ",,,יח`,0.20,100 גרם,false,1,6.90,34.50,false,1,
7290000134673,false,זנגויל טחון מיכל 30 גרם,"תבליני טעם וריח בע""מ",,,יח`,0.30,100 גרם,false,1,6.90,23,false,1,
7290000134758,false,"תיבול לתפו""א בקופ' 100 גר' טעם וריח","תבליני טעם וריח בע""מ",,,יח`,1,100 גרם,false,1,9.90,9.90,true,1,
7290000134826,false,זעתר מעורב בקופ' 100 גר' טעם וריח,"תבליני טעם וריח בע""מ",,,יח`,1,100 גרם,false,1,9.90,9.90,true,1,
7290000134840,false,כורכום טחון בקופ' 100 גר' טעם וריח,"תבליני טעם וריח בע""מ",,,יח`,1,100 גרם,false,1,9.90,9.90,true,1,
7290000134857,false,פפריקה מתוקה בקופ' 100 גר' טעם וריח,"תבליני טעם וריח בע""מ",,,יח`,1,100 גרם,false,1,9.90,9.90,true,1,
7290000134871,false,פלפל שחור טחון בקופ' 100 גר' טעם וריח,"תבליני טעם וריח בע""מ",,,יח`,1,100 גרם,false,1,12.90,12.90,true,1,
7290000134970,false,חוואיג' בקופ' 100 גר' טעם וריח,"תבליני טעם וריח בע""מ",,,יח`,1,100 גרם,false,1,9.90,9.90,true,1,
7290000134987,false,פלפל שחור גרוס בקופ' 90 גר' טעם וריח,"תבליני טעם וריח בע""מ",,,יח`,0.90,100 גרם,false,1,12.90,14.33,true,1,
7290000134994,false,טימין 20 גר מיכל קטן,"תבליני טעם וריח בע""מ",,,יח`,0.20,100 גרם,false,1,6.90,34.50,false,1,
7290000135052,false,"XL TEN משקה אנרגיה מנגו ללא סוכר 250 מ""ל","טמפו משקאות בע""\מ",,,יח`,2.50,"100 מ""ל",false,1,4.90,1.84,true,1,
7290000135113,false,"משקה אנרגיה XL פחית ten נענע ליים 250 מ""ל","טמפו משקאות בע""\מ",,,יח`,2.50,"100 מ""ל",false,1,4.90,1.84,true,1,
7290000136141,false,פפסי קולה 1.5 ליטר פיקדון,"טמפו משקאות בע""\מ",,,יח`,1.50,1 ליטר,false,1,8.90,5.73,true,1,
7290000136158,false,פפסי מקס משקה מוגז דל קלוריות בטעם קולה,"טמפו משקאות בע""\מ",,,יח`,1.50,1 ליטר,false,1,8.50,5.47,true,1,
7290000136165,false,מירינדה אורנג` 1.5 ליטר פיקדון,"טמפו משקאות בע""\מ",,,יח`,1.50,1 ליטר,false,1,8.90,5.73,true,1,
7290000136172,false,משקה 7UP בקבוק 1.5 ליטר פיקדון,"טמפו משקאות בע""\מ",,,יח`,1.50,1 ליטר,false,1,8.90,5.73,true,1,
7290000136189,false,משקה דיאט 7UP בקבוק 1.5 ליטר פיקדון,"טמפו משקאות בע""\ם.",,,יח`,1.50,1 ליטר,false,1,7.90,5.07,true,1,
7290000136240,false,סודה 1.5 ליטר שישייה בודד,"טמפו משקאות בע""\מ",,,יח`,1.50,1 ליטר,false,1,3,1.80,false,1,
7290000136301,false,"סירופ בטעם ענבים ג'ויסר סיידר הגליל 330 מ""ל","טמפו משקאות בע""\מ",,,יח`,3.30,"100 מ""ל",false,1,14.90,4.52,true,1,
7290000136455,false,משקה בטעם אשכוליות תריסר 1.5 ל' ג'אמפ,"טמפו משקאות בע""\ם.",,,יח`,1.50,1 ליטר,false,1,7.20,4.60,true,1,
7290000136516,false,משקה בטעם מנגו פסיפלורה תריסר 1.5 ל' ג'אמפ,טמפו משקאות בע`מ,,,יח`,1.50,1 ליטר,false,1,7.20,4.60,true,1,
7290000136523,false,ג`אמפ משקה קל ענבים 1.5 ליטר פיקדון,"טמפו משקאות בע""\ם.",,,יח`,1.50,1 ליטר,false,1,7.20,4.60,true,1,
7290000136561,false,משקה בטעם תות בננה תריסר 1.5 ל' ג'אמפ,"טמפו משקאות בע""\מ",,,יח`,1.50,1 ליטר,false,1,7.20,4.60,true,1,
7290000136585,false,משקה בטעם תפוזים תריסר 1.5 ל' ג'אמפ,"טמפו משקאות בע""\ם.",,,יח`,1.50,1 ליטר,false,1,7.20,4.60,true,1,
7290000136646,false,בירה נשר מאלט ללא אלכוהול 1.5 ליטר,"טמפו משקאות בע""\מ",,,יח`,1.50,1 ליטר,false,1,8.90,5.73,true,1,
7290000136653,false,בירה שחורה נשר מאלט דיאט בקבוק 1.5ל`,"טמפו משקאות בע""\מ",,,יח`,15,"100 מ""ל",false,1,8.90,0.57,false,1,
7290000136691,false,סבן אפ 1.5 ליטר שישיה טמפו,טמפו משקאות בע`מ,,,יח`,9,1 ליטר,false,1,41.30,4.39,false,1,
7290000136776,false,שישיית פפסי מקס דל קלוריות 1.5 ליטר,טמפו משקאות בע`מ,,,יח`,9,1 ליטר,false,1,37.90,4.01,false,1,
7290000136790,false,טמפו מי סודה 6*1.5 ליטר פיקדון,"טמפו משקאות בע""\מ",,,יח`,9,1 ליטר,false,1,17.90,1.79,false,1,
7290000136806,false,סודה בטעם לימון ליים 1.5 רביעייה רביעייה,טמפו משקאות בע`מ,,,יח`,6,1 ליטר,false,1,11.90,1.78,false,1,
7290000136844,false,מארז מים מזוככים אקווה נובה שישיית 2 ליטר,"טמפו משקאות בע""\מ",,,יח`,12,1 ליטר,false,1,12.90,0.93,false,1,
7290000136868,false,סאן בנדטו - מים מינרלים - מארז שישיית 1.5 ליטר,אקווה מינרלה סאן בנדטו ב,,,יח`,9,1 ליטר,false,1,18.90,1.90,true,1,
7290000136875,false,שישיית מים מינרליים מוגזים סן בנדטו 1.5 ליטר,סאן בנדטו San Benedetto,,,יח`,9,1 ליטר,false,1,19.90,2.01,false,1,
7290000137513,false,גלידונית גלידה וניל בציפוי שוקולד 60 יח' קרמיסימו,"גלידת שטראוס בע""\מ, רחוב",,,יח`,7,100 גרם,false,1,47.90,6.84,false,1,
7290000137643,false,שלגוני טעמקור בטעם שוקו וניל שטראוס 8*50 גרם,"גלידת שטראוס בע""\מ, רחוב",,,יח`,1,,false,1,37.90,37.90,false,1,
7290000144467,false,שמן חמניות מועשר בנוגדי חמצון 1 ל' עץ הזית,"נארז ע""י : א.ג. גילר",,,יח`,1,1 ליטר,false,1,16.90,16.90,true,1,
7290000144474,false,שמן עץ הזית קנולה 1 ליטר בריאות מהטבע,סוגת תעשיות בעמ,,,יח`,1,1 ליטר,false,1,15.90,15.90,true,1,
7290000146652,false,הוואי - סבון מוצק ורוד רומנטי 100 גרם רביעייה,טרופיקל דגיל קוסמטיק,,,יח`,4,100 גרם,false,1,11.90,2.98,false,1,
7290000146669,false,הוואי - סבון מוצק שמיים כחולים 100 גרם רביעייה,טרופיקל דגיל קוסמטיק,,,יח`,4,100 גרם,false,1,11.90,2.98,false,1,
7290000146676,false,הוואי - סבון מוצק לגבר 100 גרם רביעייה,טרופיקל דגיל קוסמטיק,,,יח`,4,100 גרם,false,1,11.90,2.98,false,1,
7290000146683,false,הוואי - סבון מוצק אפקט דאודורנט 100 גרם רביעייה,טרופיקל דגיל קוסמטיק,,,יח`,4,100 גרם,false,1,11.90,2.98,false,1,
7290000146928,false,"משחת שיניים לילדים בטעם ענבים טום וג'רי 50 מ""ל",טרופיקל דגיל קוסמטיק,,,יח`,0.60,100 גרם,false,1,8.90,14.83,true,1,
7290000148380,false,פיסטוקים קלויים קליית גת (200 גרם),ליימן שליסל בעמ,,,יח`,2,100 גרם,false,1,18.90,9.45,true,1,
7290000148489,false,"קליית גת גרעיני דלעת קלויים,200 גרם",ליימן שליסל בעמ,,,יח`,2,100 גרם,false,1,8.90,4.45,false,1,
7290000148618,false,קשיו מטוגן שקית קליית גת 200 גרם,ליימן שליסל בעמ,,,יח`,2,100 גרם,false,1,17.90,8.95,true,1,
7290000148748,false,קליית גת גרעיני חמניה קלויים ומומלחים200,ליימן שליסל בעמ,,,יח`,2,100 גרם,false,1,5.90,2.95,true,1,
7290000149905,false,טקסטיל שמפו נוזלי לאריגים עדינים1ליט,החברה הדרומית לשיווק בעמ,,,יח`,1,1 ליטר,false,1,12.90,12.90,false,1,
7290000158105,false,שניצל עוף מיני דינוזאור ללא אנטיביוטיקה מ100% ר.טבעי,קבוצת אסם סחר שות. מוגבלת,,,יח`,7,100 גרם,false,1,34.90,4.99,true,1,
7290000168630,false,קליק שקיות דג דג שוקלד חלבי דצ,יוניליוור ישראל שיווק בעמ,,,יח`,0.75,100 גרם,false,1,6.50,8.67,true,1,
7290000174723,false,שוקולית אבקה להכנת משקה שוקו 500 גרם,הנסיך- מפעל לייצור ט,,,יח`,5,100 גרם,false,1,11.90,2.38,false,1,
7290000176062,false,קפה טורקי בשקית 100 ג' עלית,שטראוס קפה בי.ויn\.,,,יח`,1,100 גרם,false,1,8.90,8.90,false,1,
7290000176079,false,קפה טורקי עם הל עלית (100 גרם),הנסיך- מפעל לייצור ט,,,יח`,1,100 גרם,false,1,8.90,8.90,false,1,
7290000176116,false,קפה טורקי בוואקום עלית (1 קג),הנסיך- מפעל לייצור ט,,,יח`,1,"ק""ג",false,1,74.90,74.90,false,1,
7290000176413,false,קפה נמס עלית פחית 50 גרם,הנסיך- מפעל לייצור ט,,,יח`,0.50,100 גרם,false,1,9.90,19.80,false,1,
7290000176420,false,קפה נמס פחית עלית 200 גרם,פיקסל אם.גי.אם בעמ,,,יח`,2,100 גרם,false,1,19.90,9.95,false,1,
7290000178707,false,חטיף צ`יפס בטעם טבעי תפוצ`יפס (50 גרם),"שטראוס פריטו ליי בע""\מ )",,,יח`,0.50,100 גרם,false,1,3.90,7.80,false,1,
7290000178721,false,חטיף צ`יפס בטעם טבעי תפוצ`יפס (200 גרם),"שטראוס פריטו ליי בע""\מ )",,,יח`,2,100 גרם,false,1,10.90,5.45,true,1,
7290000185590,false,סילאן טבעי בבקבוק לחיץ 650 גרם,"טעמי הגליל בע""\מ עבור וי",,,יח`,6.35,100 גרם,false,1,19.90,3.13,false,1,
7290000186535,false,נייר טואלט תלת שכבתי לבן לילי 32 יחידות,קימברלי קלארק ישראל שיווק בעמ,,,יח`,1,,false,1,44.90,44.90,false,1,
7290000187952,false,לילי טריפל קומפורט ורוד נ.טואלט 32 גלילי,קימברלי קלארק ישראל שיווק בעמ,,,יח`,1,,false,1,44.90,44.90,false,1,
7290000189260,false,תבניות מלבניות עבות וחזקות ניקול 5 יחידות,קימברלי קלארק ישראל שיווק בעמ,,,יח`,1,,false,1,10.90,10.90,false,1,
7290000189598,false,מטליות לחות חד פעמיות לניקוי כללי 50 יח' ניקול,קימברלי קלארק ישראל שיווק בעמ,,,יח`,1,יח`,false,1,12.90,12.90,true,1,
7290000189659,false,מטליות לחות לרצפה ניקול 10 יח'-מרכז,קימברלי קלארק ישראל שיווק בעמ,,,יח`,1,יח`,false,1,14.90,14.90,true,1,
7290000190198,false,מטליות לחות לניקוי וחיטוי 99.9% ניקול 50 יחידה,קימברלי קלארק ישראל שיווק בעמ,,,יח`,1,,false,1,11.90,11.90,true,1,
7290000190853,false,לילי פיור נייר טואלט דו שכבתי לבן 30 גלילים,קימברלי קלארק ישראל שיווק בעמ,,,יח`,23,100 גרם,false,1,39.90,1.73,false,1,
7290000193014,false,מגן תחתון פדיות אינטרלוד לילי 50 יחידות,קימברלי קלארק ישראל שיווק בעמ,,,יח`,1,,false,1,10.90,10.90,false,1,
7290000193083,false,נובה-לי תחבושות היגייניות לילי 28 יחידות,קימברלי קלארק ישראל שיווק בעמ,,,יח`,1,,false,1,10.90,10.90,false,1,
7290000193540,false,מגן תחתון ארוך נטורל לילי 52 יחידות,קימברלי קלארק ישראל שיווק בעמ,,,יח`,1,יח`,false,1,15.90,15.90,false,1,
7290000193649,false,תחבושות עם כנפיים נורמל פלוס לילי 24 יחידות,קימברלי קלארק ישראל שיווק בעמ,,,יח`,1,יח`,false,1,15.90,15.90,false,1,
7290000193656,false,תחבושות עם כנפיים סופר פלוס לילי 24 יחידות,קימברלי קלארק ישראל שיווק בעמ,,,יח`,1,יח`,false,1,15.90,15.90,false,1,
7290000195537,false,האגיס - מגבוני האגיס דיילי קר לא מבושם 64 יח' * 4,קימברלי קלארק ישראל שיווק בעמ,,,יח`,1,,false,1,19.90,19.90,false,1,
7290000195773,false,האגיס - מגבוני האגיס סנסטיב קר לא מבושם 64 יח' * 4,קימברלי קלארק ישראל שיווק בעמ,,,יח`,1,,false,1,19.90,19.90,false,1,
7290000196039,false,"מפות שולחן איריס ח""פ ניקול 2 יח'",קימברלי קלארק ישראל שיווק בעמ,,,יח`,2.50,100 גרם,false,1,12.90,5.16,false,1,
7290000197012,false,שקיות ריצ'רץ' אחסון למזון ניקול 15 יחידות,קימברלי קלארק ישראל שיווק בעמ,,,יח`,15,יח`,false,1,14.90,0.99,false,1,
7290000197081,false,ניקול ניילון נצמד 150 מטר+מתקן לחיתוך קל,קימברלי קלארק ישראל שיווק בעמ,,,יח`,150,,false,1,36.90,0.25,true,1,
7290000197425,false,חיתולים פרידום דריי שלב 3 האגיס 52 יחידות,קימברלי קלארק ישראל שיווק בעמ,,,יח`,1,,false,1,41.90,41.90,false,1,
7290000197456,false,חיתולים פרידום דריי שלב 4 האגיס 44 יחידות,קימברלי קלארק ישראל שיווק בעמ,,,יח`,1,,false,1,41.90,41.90,false,1,
7290000197463,false,חיתולים פרידום דריי שלב +4 האגיס 40 יחידות,קימברלי קלארק ישראל שיווק בעמ,,,יח`,1,,false,1,41.90,41.90,false,1,
7290000197548,false,חיתולים פרידום דריי שלב 5 האגיס 36 יחידות,קימברלי קלארק ישראל שיווק בעמ,,,יח`,1,,false,1,41.90,41.90,false,1,
7290000197678,false,חיתולי האגיס פרידום דריי שלב 6 30 יחידות,קימברלי קלארק ישראל שיווק בעמ,,,יח`,1,,false,1,41.90,41.90,false,1,
7290000197876,false,תבניות אלומיניום קטנות עם מכסה ניקול 4 יחידות,קימברלי קלארק ישראל שיווק בעמ,,,יח`,1,,false,1,10.90,10.90,false,1,
7290000199313,false,תחבושות עם כנפיים נורמל פלוס קוטקס 30 יחידות,קימברלי קלארק ישראל שיווק בעמ,,,יח`,1,,false,1,19.90,19.90,true,1,
7290000201818,false,טיטולים פרימיום שלב 2 52 יחידות,קימברלי קלארק ישראל שיווק בעמ,,,יח`,1,,false,1,39.90,39.90,true,1,
7290000201832,false,חיתולי פרימיום שלב 3 טיטולים) (50,קימברלי קלארק ישראל שיווק בעמ,,,יח`,1,,false,1,39.90,39.90,true,1,
7290000204086,false,ניקול כרית קרצוף מארז שלישייה,קימברלי קלארק ישראל שיווק בעמ,,,יח`,3,יח`,false,1,12.90,4.30,true,1,
7290000204147,false,רביעיית כרית יפנית עבה ניקול 4 יחידות,קימברלי קלארק ישראל שיווק בעמ,,,יח`,4,יח`,false,1,12.90,3.23,true,1,
7290000204215,false,שישיית כרית יפנית ניקול 6 יחידות,קימברלי קלארק ישראל שיווק בעמ,,,יח`,6,100 גרם,false,1,12.90,2.15,true,1,
7290000204239,false,ניקול מטליות ריצפה רביעיה,קימברלי קלארק ישראל שיווק בעמ,,,יח`,4,יח`,false,1,13.90,3.48,true,1,
7290000204253,false,מטליות רב שימושיות לניקיון ניקול 9 יחידות,קימברלי קלארק ישראל שיווק בעמ,,,יח`,9,יח`,false,1,12.90,1.43,true,1,
7290000204611,false,שישיית ספוגית הקסם ניקול 6 יחידות,קימברלי קלארק ישראל שיווק בעמ,,,יח`,6,יח`,false,1,11.90,1.98,true,1,
7290000207063,false,רסק עגבניות פריכוז 28% 240 גרם יכין,היינץ צפון אמריקה מק,,,יח`,2.40,100 גרם,false,1,4.90,2.04,false,1,
7290000207162,false,רוטב עגבניות מרכיב טבעי 100 ג' יכין,זנלכול יכין,,,יח`,1,100 גרם,false,1,2.50,2.50,true,1,
7290000207438,false,עגבניות מקולפות חתוכות לקוביות,זנלכול יכין,,,יח`,8,100 גרם,false,1,9.90,1.24,false,1,
7290000208022,false,עגבניות 2.5 A מרוסקות 850 גרם יכין,זנלכול יכין,,,יח`,8,100 גרם,false,1,9.90,1.24,false,1,
7290000208077,false,אפונת גינה גדולה יכין (550 גרם),זנלכול יכין,,,יח`,5.50,100 גרם,false,1,8.50,1.55,true,1,
7290000208114,false,"אפונה וגזר יכין A2 פ""ק בית יוסף",זנלכול יכין,,,יח`,5.50,100 גרם,false,1,8.50,1.55,true,1,
7290000208138,false,סירופ דיאט בטעם ענבים יכין (1 ליטר),זנלכול יכין,,,יח`,10,"100 מ""ל",false,1,16.90,1.69,false,1,
7290000208145,false,גרעיני תירס מתוק לייט 550 גרם יכין,זנלכול יכין,,,יח`,5.50,100 גרם,false,1,9.90,1.80,false,1,
7290000208213,false,שעועית לבנה אפויה A2 ברוטב עגבניות יכין 560ג',היינץ צפון אמריקה מק,,,יח`,5.80,100 גרם,false,1,9.50,1.64,true,1,
7290000208220,false,שעועית צ`ילי מקסיקני חריף יכין (550 גרם),היינץ צפון אמריקה מק,,,יח`,5.80,100 גרם,false,1,10.50,1.81,false,1,
7290000208312,false,גרעיני תירס מתוק בואקום יכין 400 גר',"זנלכל בע""\מ",,,יח`,4,100 גרם,false,1,6.50,1.63,true,1,
7290000208329,false,גרעיני תירס מתוק יכין (550 גרם),זנלכול יכין,,,יח`,5.50,100 גרם,false,1,8.50,1.55,true,1,
7290000208336,false,רסק יכין 240גר 22% יכין בית יוסף,"זנלכל בע""\מ",,,יח`,2.40,100 גרם,false,1,4.50,1.88,true,1,
7290000208343,false,עגבניות מרוסקות שום יכין A2.5 בית יוסף,היינץ צפון אמריקה מק,,,יח`,8,100 גרם,false,1,9.90,1.24,false,1,
7290000208404,false,A2 פול מצרי 550 גרם יכין,זנלכול יכין,,,יח`,5.50,100 גרם,false,1,9.50,1.73,false,1,
7290000208428,false,גרגרי חומוס שלם 550 גרם יכין,היינץ צפון אמריקה מק,,,יח`,5.50,100 גרם,false,1,9.50,1.73,true,1,
7290000208459,false,"לקט אפונה, תפוחי אדמה וגזר יכין 550 גרם",זנלכול יכין,,,יח`,5.50,100 גרם,false,1,9.90,1.80,false,1,
7290000208534,false,תירס קיד גרעיני תירס מתוק יכין (550 גרם),זנלכול יכין,,,יח`,5.50,100 גרם,false,1,9.90,1.80,false,1,
7290000208800,false,תירס קיד גרעיני תירס מתוק יכין (400 גרם),זנלכול יכין,,,יח`,3.40,100 גרם,false,1,6.50,1.91,false,1,
7290000208855,false,רוטב לפסטה קלאסי יכין (240 גרם),זנלכול יכין,,,יח`,2.40,100 גרם,false,1,5.50,2.29,false,1,
7290000208893,false,גרעיני תירס מתוק לייט 400 גרם יכין,היינץ צפון אמריקה מק,,,יח`,3.40,100 גרם,false,1,6.50,1.91,true,1,
7290000208930,false,עגבניות מרוסקות בתוספת שום 240 גרם יכין,זנלכול יכין,,,יח`,2.40,100 גרם,false,1,5.50,2.29,false,1,
7290000208947,false,עגבניות מרוסקות יכין (240 גרם),היינץ צפון אמריקה מק,,,יח`,2.40,100 גרם,false,1,5.50,2.29,false,1,
7290000208978,false,רוטב עגבניות (10028% גרם)פריכוז יכין,זנלכול יכין,,,יח`,1,100 גרם,false,1,3,3,false,1,
7290000209012,false,חומץ 1ליטר יכין הדרים,"זנלכל בע""\מ",,,יח`,1,1 ליטר,false,1,6.90,6.90,true,1,
7290000209043,false,מיץ לימון משומר לתיבול יכין (1 ליטר),היינץ צפון אמריקה מק,,,יח`,1,1 ליטר,false,1,7.50,7.50,true,1,
7290000209371,false,מארז גרעיני תירס מתוק יכין (200x3 גרם),היינץ צפון אמריקה מק,,,יח`,6,100 גרם,false,1,14.90,2.48,false,1,
7290000209388,false,תירס מתוק לייט יכין 200 גרם מארז 3 יח',זנלכול יכין,,,יח`,1.65,100 גרם,false,1,14.90,9.03,false,1,
7290000209517,false,סירופ דיאט בטעם לימון יכין (1 ליטר),היינץ צפון אמריקה מק,,,יח`,10,100 גרם,false,1,16.90,1.69,false,1,
7290000209524,false,סירופ דיאט בטעם פטל יכין (1 ליטר),זנלכול יכין,,,יח`,10,"100 מ""ל",false,1,16.90,1.69,false,1,
7290000209531,false,סירופ דיאט בטעם אשכוליות יכין 1 ליטר,"זנלכל בע""\מ",,,יח`,10,"100 מ""ל",false,1,16.90,1.69,false,1,
7290000209555,false,סירופ דיאט בטעם תפוחים יכין 1 ליטר,זנלכול יכין,,,יח`,10,"100 מ""ל",false,1,16.90,1.69,false,1,
7290000209579,false,סירופ דיאט בטעם אננס יכין (1 ליטר),"זנלכל בע""\מ",,,יח`,10,"100 מ""ל",false,1,16.90,1.69,false,1,
7290000209708,false,עגבניות מרוסקות עם בזיליקום 240 גרם יכין,היינץ צפון אמריקה מק,,,יח`,2.40,100 גרם,false,1,5.50,2.29,false,1,
7290000209722,false,רוטב עגבניות 28% יכין (580 גרם)פריכוז,"זנלכל בע""\מ",,,יח`,5.80,100 גרם,false,1,10.90,1.88,false,1,
7290000209913,false,עגבניות חתוכות לקוביות 240 גרם יכין,"זנלכל בע""\מ",,,יח`,2.40,100 גרם,false,1,5.50,2.29,false,1,
7290000209944,false,רוטב לעגבניות בסיס לשקשוקה 240 ג' יכין,"זנלכל בע""\מ",,,יח`,2.40,100 גרם,false,1,5.50,2.29,false,1,
7290000209951,false,רוטב עגבניות לפיצה 260 גרם יכין,"זנלכל בע""\מ",,,יח`,2.40,100 גרם,false,1,5.50,2.29,false,1,
7290000210896,false,רוטב לפסטה בולונז 240 גרם יכין,זנלכול יכין,,,יח`,2.40,100 גרם,false,1,5.90,2.46,false,1,
7290000211169,false,"אורז תאילנדי אחד אחד סוגת 1 ק""ג",האי נאם סי או אל.טי.,,,יח`,1,"ק""ג",false,1,6.90,6.90,true,1,
7290000211312,false,סוגת אורז מלא פרסי אחד אחד 1 קג,האי נאם סי או אל.טי.,,,יח`,1,"ק""ג",false,1,7.90,7.90,false,1,
7290000211381,false,"סוכר חום כהה בשקית סוגת 1 ק""ג","טונגט היולט שוגר בע""",,,יח`,1,"ק""ג",false,1,14.90,14.90,true,1,
7290000211442,false,אורז בסגנון פרסי קלאסי סוגת (1 קג),האי נאם סי או אל.טי.,,,יח`,1,"ק""ג",false,1,10.90,10.90,false,1,
7290000211503,false,סוכר לבן ארוז בשקית,"סוגת תעשיות בע""\מ",,,יח`,1,"ק""ג",false,1,3.90,3.90,false,1,
7290000211985,false,אורז עגול ריזוטו אחד אחד 1 קג,"סוגת תעשיות בע""\מ",,,יח`,1,"ק""ג",false,1,9.90,9.90,true,1,
7290000226514,false,עוגת דובוש טעם ריבת חלב קפולסקי 450 גרם,תופינים מקבוצת קפולסקי,,,יח`,4.50,100 גרם,false,1,39.90,8.87,false,1,
7290000226552,false,קפולסקי עוגת טורט ריבת חלב+ קוקוס קפוא,קפולסקי שיווק וקמעונ,,,יח`,10,100 גרם,false,1,64.90,6.49,false,1,
7290000226569,false,עוגת טורט קצפת שוקולד קפולסקי (1 קג),תופינים מקבוצת קפולסקי,,,יח`,10,100 גרם,false,1,64.90,6.49,false,1,
7290000226576,false,"עוגת טורט מצופה שוקולד קפולסקי 1 ק""ג",תופינים מקבוצת קפולסקי,,,יח`,10,100 גרם,false,1,64.90,6.49,false,1,
7290000226613,false,עוגת דובוש מצופה שוקולד קפולסקי 450 גרם,תופינים מקבוצת קפולסקי,,,יח`,4.50,100 גרם,false,1,39.90,8.87,false,1,
7290000238029,false,"בצק עלים צרפתי מרודד מעדנות 1 ק""ג",תנובה מרכז שיתופי לשיווק תוצרת,,,יח`,10,100 גרם,false,1,21.90,2.19,true,1,
7290000238036,false,מלאווח מעדנות 6 יח`700 גרם קפוא,תנובה מרכז שיתופי לשיווק תוצרת,,,יח`,7,100 גרם,false,1,16.90,2.41,true,1,
7290000238173,false,.בורקס במילוי גבינה 800 גרם מעדנות,מיוצר עי קונדיטוריית,,,יח`,8,100 גרם,false,1,20.90,2.61,true,1,
7290000238180,false,בורקס במילוי תפוא 800 גרם מעדנות,מיוצר עי קונדיטוריית,,,יח`,8,100 גרם,false,1,19.90,2.49,true,1,
7290000244761,false,"קרם ידיים ולווטה 100 מ""ל",טרופיקל דגיל קוסמטיק,,,יח`,0.80,"100 מ""ל",false,1,10.90,13.63,true,1,
7290000245089,false,סוד סופט מרכך כביסה סגול 4 ליטר,גורי שיווק בעמ,,,יח`,4,1 ליטר,false,1,16.90,4.23,false,1,
7290000245157,false,סוד סופט מרכך כביסה סנסיישן 4 ליטר,גורי שיווק בעמ,,,יח`,4,1 ליטר,false,1,16.90,4.23,false,1,
7290000245270,false,"פרסיל אבקה לכביסה רגיל שקית 1.25 ק""ג",גורי שיווק בעמ,,,יח`,1.25,"ק""ג",false,1,14.90,11.92,false,1,
7290000245294,false,"פרסיל אבקת כביסה סופרא 2.5ק""ג",גורי שיווק בעמ,,,יח`,2.50,"ק""ג",false,1,25.90,10.36,true,1,
7290000245782,false,סוד סופט מרכך כביסה ורוד 4 ליטר,גורי שיווק בעמ,,,יח`,4,1 ליטר,false,1,16.90,4.23,false,1,
7290000245799,false,סוד סופט מרכך כביסה כחול 4 ליטר,גורי שיווק בעמ,,,יח`,4,1 ליטר,false,1,16.90,4.23,false,1,
7290000253220,false,שוקולדצ`יפס לאפייה 260 גר`אופנהיימר,תה ויסוצקי (ישראל) בעמ,,,יח`,2.60,100 גרם,false,1,10.90,4.19,false,1,
7290000253251,false,נטיפי שוקולד צ`יפס לבן לאפיה 250 גרם,תה ויסוצקי (ישראל) בעמ,,,יח`,2.50,100 גרם,false,1,12.90,5.16,true,1,
7290000253374,false,מיני שוקולד צ`יפס 66% מוצקי קקאו אופנהיי,תה ויסוצקי (ישראל) בעמ,,,יח`,2.50,100 גרם,false,1,14.90,5.96,false,1,
7290000267029,false,שקדים מולבנים חצויים השף 100 גרם,דין שיווק וקליה 2021 בעמ,,,יח`,1,100 גרם,false,1,9.90,9.90,true,1,
7290000272696,false,מיץ לימון טבעי משומר 1 ליטר עסיס כלפ,קבוצת אוסם סחר שותפות מוגבלת,,,יח`,1,1 ליטר,false,1,9.90,9.90,false,1,
7290000272726,false,חומץ רכיבים רכיבים טבעיים 5% עסיס 1 ליטר,קבוצת אוסם סחר שותפות מוגבלת,,,יח`,1,1 ליטר,false,1,7.90,7.90,false,1,
7290000286228,false,ספוגיות לניקוי כללי סנו סושי 6 יחידות,החברה הדרומית לשיווק בעמ,,,יח`,6,יח`,false,1,11.90,1.98,true,1,
7290000286297,false,"אנטי קאלק מסיר אבנית מקומקום סנו 700 מ""ל",החברה הדרומית לשיווק בעמ,,,יח`,7,"100 מ""ל",false,1,9.90,1.41,false,1,
7290000286549,false,מטליות לניקוי כללי סנו סושי 9 יחידות,החברה הדרומית לשיווק בעמ,,,יח`,9,יח`,false,1,11.90,1.32,true,1,
7290000286594,false,אבקה לניקוי במיכל לימון X סנו 600 גרם,החברה הדרומית לשיווק בעמ,,,יח`,6,100 גרם,false,1,9.90,1.65,false,1,
7290000287102,false,סנו שטיחים קצף לניקוי שטיחים 600 סמק,החברה הדרומית לשיווק בעמ,,,יח`,6,"100 מ""ל",false,1,19.90,3.32,false,1,
7290000287195,false,"סנו רהיט ספריי עשיר בווקס להברקה 305 מ""ל",החברה הדרומית לשיווק בעמ,,,יח`,3.05,"100 מ""ל",false,1,13.90,4.56,false,1,
7290000287409,false,"שלישיית סנובון תות לאסלה ""סנו""",החברה הדרומית לשיווק בעמ,,,יח`,1.65,100 גרם,false,1,11.90,7.21,true,1,
7290000287430,false,סנובון צבעוני לאסלה בריח לימון שלישייה,החברה הדרומית לשיווק בעמ,,,יח`,1.65,100 גרם,false,1,11.90,7.21,true,1,
7290000287485,false,"שלישיית סנובון לובר לאסלה ""סנו""",החברה הדרומית לשיווק בעמ,,,יח`,1.65,100 גרם,false,1,11.90,7.21,true,1,
7290000287492,false,"סנובון נוזל לניקוי אסלות בריח לימון סנו 750 מ""ל",החברה הדרומית לשיווק בעמ,,,יח`,7.50,"100 מ""ל",false,1,10.90,1.45,true,1,
7290000287621,false,"אנטי קאלק נוזל לניקוי אסלות סנו 750 מ""ל",החברה הדרומית לשיווק בעמ,,,יח`,7.50,"100 מ""ל",false,1,11.90,1.59,true,1,
7290000288024,false,סנו - ז'אוול אקונומיקה בריח לימון 4 ליטר,החברה הדרומית לשיווק בעמ,,,יח`,40,"100 מ""ל",false,1,16.90,0.42,false,1,
7290000288048,false,ז`אוול מרסס לניקוי כללי לבנדר סנו (1 ליט,החברה הדרומית לשיווק בעמ,,,יח`,1,1 ליטר,false,1,18.90,18.90,true,1,
7290000288109,false,"אבקת כביסה מקסימה אפקט ג''אוול 1.25 ק""ג סנו",החברה הדרומית לשיווק בעמ,,,יח`,1.25,"ק""ג",false,1,13.90,11.12,true,1,
7290000288253,false,"קוטל חרקים מעופפים K-400 סנו 630 מ""ל",החברה הדרומית לשיווק בעמ,,,יח`,6.30,"100 מ""ל",false,1,24.90,3.95,true,1,
7290000288291,false,סנומט דוחה יתושים לוחיות אידוי 30 יחידות,החברה הדרומית לשיווק בעמ,,,יח`,1,,false,1,13.90,13.90,true,1,
7290000288352,false,"קוטל חרקים וזוחלים K-300 סנו 630 מ""ל",החברה הדרומית לשיווק בעמ,,,יח`,6.30,"100 מ""ל",false,1,21.90,3.48,true,1,
7290000288383,false,"קוטל נמלים ותיקנים K-500 סנו 400 מ""ל",החברה הדרומית לשיווק בעמ,,,יח`,4.05,"100 מ""ל",false,1,24.90,6.15,true,1,
7290000288413,false,סנו-די דוחה יתושים כדורי סנו (50 מל),החברה הדרומית לשיווק בעמ,,,יח`,0.50,"100 מ""ל",false,1,19.90,39.80,false,1,
7290000288420,false,"תרסיס דוחה יתושים סנו די 175 מ""ל",החברה הדרומית לשיווק בעמ,,,יח`,1.25,"100 מ""ל",false,1,19.90,15.92,false,1,
7290000288642,false,מקסימה מרכך כביסה סנסיטיב בייבי סנו 4 ליטר,החברה הדרומית לשיווק בעמ,,,יח`,4,1 ליטר,false,1,19.90,4.98,true,1,
7290000288727,false,סנו מקסימה אבקת כביסה מאסק מילוי 1.25,החברה הדרומית לשיווק בעמ,,,יח`,1.25,"ק""ג",false,1,13.90,11.12,true,1,
7290000289069,false,סנו - ז'אוול מרסס קצף ניקוי בתוספת אקונומיקה בריח לימון 1 ליטר,החברה הדרומית לשיווק בעמ,,,יח`,1,1 ליטר,false,1,18.90,18.90,true,1,
7290000289380,false,ז`אוול מונטבלאן ג`ל לאסלות סנו (750 מל),החברה הדרומית לשיווק בעמ,,,יח`,7.50,"100 מ""ל",false,1,10.90,1.45,false,1,
7290000289472,false,סנו סושי רב שקית שקיות אשפה90*76 50י,החברה הדרומית לשיווק בעמ,,,יח`,1,,false,1,17.90,17.90,false,1,
7290000289748,false,"מסיר שומנים לתנורים פורטה פלוס סנו 750 מ""ל",החברה הדרומית לשיווק בעמ,,,יח`,7.50,"100 מ""ל",false,1,13.90,1.85,true,1,
7290000289885,false,"מטהר אוויר ענק אושנבריז סנו פרש 375 מ""ל",החברה הדרומית לשיווק בעמ,,,יח`,3.75,"100 מ""ל",false,1,10.90,2.91,true,1,
7290000289915,false,"סנו פרש ענק קוקו וניל צהוב 375 מ""ל",החברה הדרומית לשיווק בעמ,,,יח`,3.75,"100 מ""ל",false,1,10.90,2.91,true,1,
7290000291857,false,פוליויקס נוזל רצפות בניחוח גולדן סאנרייז סנו 2 ליטר,החברה הדרומית לשיווק בעמ,,,יח`,2,1 ליטר,false,1,20.90,10.45,true,1,
7290000291932,false,"סנובון נוזל לניקוי אסלה בניחוח לבנדר סנו 750 מ""ל",החברה הדרומית לשיווק בעמ,,,יח`,7.50,"100 מ""ל",false,1,10.90,1.45,true,1,
7290000292311,false,פוליויקס נוזל רצפות בניחוח סחלבים סנו 2 ליטר,החברה הדרומית לשיווק בעמ,,,יח`,2,1 ליטר,false,1,20.90,10.45,true,1,
7290000292502,false,"סנו K 800 תרסיס קוטל חרקים 300מ ""ל",החברה הדרומית לשיווק בעמ,,,יח`,3,"100 מ""ל",false,1,15.80,5.27,false,1,
7290000292533,false,סנו גל לניקוי כללי על בסיס שמן אורנים 1ל,החברה הדרומית לשיווק בעמ,,,יח`,1,1 ליטר,false,1,16.90,16.90,false,1,
7290000292564,false,סנו K-2000 תרסיס מיקרו קפסולרי ללא ריח 750 מ”ל,החברה הדרומית לשיווק בעמ,,,יח`,7.50,"100 מ""ל",false,1,29.90,3.99,false,1,
7290000292687,false,סנובון מוצק לניקוי אסלה קלאסיק כחול סנו 3 יחידות,החברה הדרומית לשיווק בעמ,,,יח`,1.65,100 גרם,false,1,17.90,10.85,true,1,
7290000292915,false,רסס ונגב לניקוי כללי תרסיס סנו (750 מל),החברה הדרומית לשיווק בעמ,,,יח`,7.50,"100 מ""ל",false,1,14.90,1.99,true,1,
7290000293073,false,מקסימה מרכך כביסה ביו לבן סנו 4 ליטר,החברה הדרומית לשיווק בעמ,,,יח`,4,1 ליטר,false,1,19.90,4.98,true,1,
7290000293943,false,"מרסס לבן מסיר אבנית 1 ליטר אנטי קאלק ""סנו""",החברה הדרומית לשיווק בעמ,,,יח`,1,1 ליטר,false,1,19.90,19.90,true,1,
7290000294773,false,אקונומיקה בריח לבנדר סנו ז'אוול 4 ליטר,החברה הדרומית לשיווק בעמ,,,יח`,40,"100 מ""ל",false,1,16.90,0.42,false,1,
7290000294780,false,אקונומיקה סמיכה בריח לימון סנו ז'אוול 4 ליטר,החברה הדרומית לשיווק בעמ,,,יח`,40,"100 מ""ל",false,1,16.90,0.42,false,1,
7290000295121,false,מטליות זיגזג סנו סושי לניקוי רצפות 3יח',החברה הדרומית לשיווק בעמ,,,יח`,1,,false,1,10.90,10.90,true,1,
7290000295299,false,סנו סושי כריות הפלא רב תכלתיות רביעייה,החברה הדרומית לשיווק בעמ,,,יח`,1,,false,1,10.90,10.90,true,1,
7290000295336,false,סנו מקסימה אבקת כביסה סנסטיב מילוי1.25,החברה הדרומית לשיווק בעמ,,,יח`,1.25,"ק""ג",false,1,13.90,11.12,true,1,
7290000295343,false,"אבקת כביסה מקסימה ביו 1.25 ק""ג סנו",החברה הדרומית לשיווק בעמ,,,יח`,1.25,"ק""ג",false,1,13.90,11.12,true,1,
7290000295367,false,"מקסימה אבקת כביסה אפקט ז'אוול סנו 2.5 ק""ג",החברה הדרומית לשיווק בעמ,,,יח`,2.50,"ק""ג",false,1,24.90,9.96,false,1,
7290000295404,false,שקיות אשפה עם שרוך 54 * 65 סנו סושי 60 יחידות,החברה הדרומית לשיווק בעמ,,,יח`,1,,false,1,22.90,22.90,true,1,
7290000295503,false,זוג שקיות מזון טבע 19*25 סנו סושי 150 יחידות,החברה הדרומית לשיווק בעמ,,,יח`,1,,false,1,14.90,14.90,false,1,
7290000295558,false,"רדיד אלומיניום רוחב 30 ס""מ סנו סושי 2 יח' 7.5 מטר",החברה הדרומית לשיווק בעמ,,,יח`,1,,false,1,11.90,11.90,true,1,
7290000295565,false,"רדיד אלומיניום רוחב 45 ס""מ סנו 2 יח' 7.5 מטר",החברה הדרומית לשיווק בעמ,,,יח`,1,,false,1,17.90,17.90,true,1,
7290000295572,false,"מארז זוגי מנקה אסלות 00 סנו 750 מ""ל",החברה הדרומית לשיווק בעמ,,,יח`,1.50,1 ליטר,false,1,16.90,11.27,false,1,
7290000295794,false,ספוגיות מתכת אל חלד לניקוי סנו 3 יחידות,החברה הדרומית לשיווק בעמ,,,יח`,1,,false,1,9.90,9.90,true,1,
7290000295824,false,"רדיד אלומיניום 30 ס""מ רוחב סנו סושי 100 מטר",החברה הדרומית לשיווק בעמ,,,יח`,1,,false,1,49.90,49.90,false,1,
7290000300900,false,שניצל תירס מרכיבים טבעיים טבעול 750 גרם,קבוצת אוסם סחר שותפות מוגבלת,,,יח`,7.50,100 גרם,false,1,24.90,3.32,false,1,
7290000307220,false,גרעיני תירס מתוק בואקום פרי הגליל 285 גרם,ויטה- פרי גליל (החדשה) בעמ,,,יח`,4.50,100 גרם,false,1,4.90,1.09,false,1,
7290000311128,false,עוגיות מובחרות בטעם חמאה מן (300 גרם),רוקחמן בעמ מפעל לייצור ופלים ו,,,יח`,3,100 גרם,false,1,7.90,2.63,true,1,
7290000311203,false,"וופלים בטעם שוקולד ""מן"" 200 גרם",רוקחמן בעמ מפעל לייצור ופלים ו,,,יח`,2,100 גרם,false,1,4.90,2.45,false,1,
7290000311210,false,"וופלים בטעם לימון ""מן"" 200 גרם",רוקחמן בעמ מפעל לייצור ופלים ו,,,יח`,2,100 גרם,false,1,4.90,2.45,false,1,
7290000311227,false,"וופלים במילוי קרם קפה ""מן"" 200 גרם",ח.כהן סוכנות מזון ומשקאות בע,,,יח`,2,100 גרם,false,1,4.90,2.45,false,1,
7290000311234,false,וופל מן בטעם וניל 200 גרם,ח.כהן סוכנות מזון ומשקאות בע,,,יח`,2,100 גרם,false,1,4.90,2.45,false,1,
7290000311258,false,מן וופל מצופה שוקולד 250 גרם,"רוקחמן בע""מ",,,יח`,2.50,100 גרם,false,1,6.50,2.60,true,1,
7290000311272,false,מן-וופלים במילוי חלווה 180 ג,מ.ד אטיאס סוכנויות מזון בע`מ,,,יח`,1.80,100 גרם,false,1,4.90,2.72,false,1,
7290000311319,false,"מן וופלים מצופים 10 יח' 1 ק""ג",רוקחמן בעמ מפעל לייצור ופלים ו,,,יח`,1,"ק""ג",false,1,25.90,25.90,false,1,
7290000311364,false,מן וופלים שוקולד טייק 1 מן 10*21 גרם,רוקחמן בעמ,,,יח`,2.10,100 גרם,false,1,7.90,3.76,false,1,
7290000311425,false,ופל מצופה עשיריות מן 220 גרם מארז 10 יחידות,רוקחמן בעמ מפעל לייצור ופלים ו,,,יח`,2,100 גרם,false,1,8.90,4.45,false,1,
7290000311432,false,עוגיות גרנולה קינמון ללא תוספת סוכר 200ג,"רוקחמן בע""מ",,,יח`,2,100 גרם,false,1,9.90,4.95,false,1,
7290000311463,false,מן עוגיות חיטה מלאה חמאה ללא סוכר 200 גרם,"רוקחמן בע""מ",,,יח`,2,100 גרם,false,1,9.90,4.95,false,1,
7290000311470,false,מיני ופלים בטעם שוקולד ללא סוכר מן 200 גרם,"רוקחמן בע""מ",,,יח`,2,100 גרם,false,1,9.90,4.95,false,1,
7290000311500,false,וופלים מן שוקו ללא כולסטרול 500 גרם,רוקחמן בעמ מפעל לייצור ופלים ו,,,יח`,5,100 גרם,false,1,9.90,1.98,false,1,
7290000311517,false,מן וופלים בטעם לימון 500 גרם,ח.כהן סוכנות מזון ומשקאות בע,,,יח`,5,100 גרם,false,1,9.90,1.98,false,1,
7290000311708,false,מן עוגיות מחיטה מלאה 300 גרם*נ.ל.פ,רוקחמן בעמ מפעל לייצור ופלים ו,,,יח`,3,100 גרם,false,1,7.90,2.63,true,1,
7290000311715,false,מן עוגיות כוכבים בטעם שוקולד 300 גרם*נ.ל.פ,רוקחמן בעמ מפעל לייצור ופלים ו,,,יח`,3,100 גרם,false,1,7.90,2.63,true,1,
7290000311722,false,מן עוגיות כוכבים וניל 300 גרם,רוקחמן בעמ מפעל לייצור ופלים ו,,,יח`,3,100 גרם,false,1,7.90,2.63,true,1,
7290000311746,false,עוגיות בטעם קרמל מן (300 גרם),"רוקחמן בע""מ",,,יח`,3,100 גרם,false,1,7.90,2.63,true,1,
7290000311753,false,עוגיות חיטה מלאה בטעם חלווה 250 גר' מן,רוקחמן בעמ מפעל לייצור ופלים ו,,,יח`,2.50,100 גרם,false,1,7.90,3.16,true,1,
7290000311869,false,מן וופלים שוקולד ללא תוספת סוכר 180 גר,רוקחמן בעמ מפעל לייצור ופלים ו,,,יח`,1.80,100 גרם,false,1,8.90,4.94,false,1,
7290000311876,false,מן-וופלים בטעם וניל ללא תוספת סוכר 180ג,"רוקחמן בע""מ",,,יח`,1.80,100 גרם,false,1,8.90,4.94,false,1,
7290000311883,false,עוגיות גרנולה ללא תוספת סוכר מן 200 גרם,רוקחמן בעמ מפעל לייצור ופלים ו,,,יח`,2,100 גרם,false,1,9.90,4.95,false,1,
7290000311890,false,מן וופל לימון ללא סוכר 180 גר-חדש,"רוקחמן בע""מ",,,יח`,1.80,100 גרם,false,1,8.90,4.94,false,1,
7290000313160,false,זהבה ושלושת הדובים עוגיות בטעם שוקולד אסם 350 גרם,קבוצת אוסם סחר שותפות מוגבלת,,,יח`,2.50,100 גרם,false,1,7.90,3.16,false,1,
7290000313290,false,אסם נודלס נודלס איטריות מסולסלות 200גר,קבוצת אוסם סחר שותפות מוגבלת,,,יח`,2,100 גרם,false,1,9.90,4.95,false,1,
7290000315126,false,קנור ציר עוף משחתי 300 ג,יוניליוור ישראל שיווק בע`מ,,,יח`,3,100 גרם,false,1,25.90,8.63,true,1,
7290000318127,false,נקניקיות ביס יחיעם (380 גרם),מעדני יחיעם (1993) בעמ,,,יח`,3.80,100 גרם,false,1,10.90,2.87,false,1,
7290000318677,false,נקניק סלמי סרוולט יחיעם 150 גרם,מעדני יחיעם (1993) בעמ,,,יח`,1.50,100 גרם,false,1,24.90,16.60,false,1,
7290000318806,false,נקניק סרוולד סלמי מעדניה,מעדני יחיעם ( 1993 ) בע`מ,,,"ק""ג",10,100 גרם,true,1,149,14.90,false,1,
7290000318882,false,"מעושן איטלקי ק""ג{יחיעם}",מעדני יחיעם (1993) בעמ,,,"ק""ג",10,100 גרם,true,1,61,6.10,false,1,
7290000318929,false,סלמי צרפתי מובחר במשקל,מעדני יחיעם ( 1993 ) בע`מ,,,"ק""ג",10,100 גרם,true,1,149,14.90,false,1,
7290000318943,false,פסטרמה של פעם מעושן 1.5% יחיעם 200 גרם,מעדני יחיעם ( 1993 ) בע`מ,,,יח`,2,100 גרם,false,1,24.90,12.45,false,1,
7290000319063,false,כתף בקר מפולפל יחיעם 150 גרם,מעדני יחיעם (1993) בעמ,,,יח`,1.50,100 גרם,false,1,24.90,16.60,false,1,
7290000319124,false,סלמי סרוולט מאפ יחיעם 250 גרם,מעדני יחיעם ( 1993 ) בע`מ,,,יח`,2.50,100 גרם,false,1,34.90,13.96,false,1,
7290000319131,false,נקניקיות עוף יחיעם 400 גרם,מעדני יחיעם (1993) בעמ,,,יח`,4,100 גרם,false,1,10.90,2.73,true,1,
7290000319292,false,"נקניקיות וינר פלוס יחיעם 1 ק""ג",מעדני יחיעם (1993) בעמ,,,יח`,10,100 גרם,false,1,19.90,1.99,false,1,
7290000319520,false,נקניק סלמי צרפתי יחיעם 100 גרם,מעדני יחיעם (1993) בעמ,,,יח`,1,100 גרם,false,1,19.90,19.90,false,1,
7290000319704,false,כתף בקר מעושן יחיעם מעדניה,מעדני יחיעם ( 1993 ) בע`מ,,,"ק""ג",10,100 גרם,true,1,103,10.30,false,1,
7290000319728,false,נקניק איטלקי מפולפל מעדניה,מעדני יחיעם ( 1993 ) בע`מ,,,"ק""ג",10,100 גרם,true,1,72,7.20,true,1,
7290000334325,false,ציפס למיקרו מארז שלישיה 125 ג' תפוגן,קבוצת אוסם סחר שותפות מוגבלת,,,יח`,3.80,100 גרם,false,1,13.90,3.66,false,1,
7290000334745,false,"ציפס אמריקאי דקדק תפוגן 1.5 ק""ג",קבוצת אוסם סחר שותפות מוגבלת,,,יח`,1.50,"ק""ג",false,1,24.90,16.60,false,1,
7290000342832,false,מרכך כביסה צהוב בדין (4 ליטר),"יוניליוור ישראל שיווק בע""מ",,,יח`,4,1 ליטר,false,1,19.90,4.98,false,1,
7290000342856,false,מרכך כביסה כחול בדין (4 ליטר),"יוניליוור ישראל שיווק בע""מ",,,יח`,4,1 ליטר,false,1,19.90,4.98,false,1,
7290000345048,false,תה עלים 74 פחית 125 גרם,תה ויסוצקי (ישראל) בעמ,,,יח`,1.25,100 גרם,false,1,13.10,10.48,false,1,
7290000345055,false,תה עלים ארל גריי ויסוצקי 100 גרם,תה ויסוצקי (ישראל) בעמ,,,יח`,1,100 גרם,false,1,13.90,13.90,false,1,
7290000345208,false,תה כחול קלאסיק ויסוצקי 25 יחידות,תה ויסוצקי (ישראל) בעמ,,,יח`,0.25,100 גרם,false,1,6.90,27.60,false,1,
7290000345260,false,תה קלאסיק מעטפות ויסוצקי 25 יחידות,תה ויסוצקי (ישראל) בעמ,,,יח`,0.3750,100 גרם,false,1,7.30,19.47,false,1,
7290000345284,false,תה ויסוצקי קלאסי אריזה ירוקה מרובעת (100 שקיקים),תה ויסוצקי (ישראל) בעמ,,,יח`,1.50,100 גרם,false,1,16.90,11.27,false,1,
7290000345291,false,תה ארל גרי 1.5/ 25 שקיקים ויסוצקי,תה ויסוצקי (ישראל) בעמ,,,יח`,0.3750,100 גרם,false,1,15.90,42.40,true,1,
7290000345307,false,תה ארל גרי 1.5/ 50 שקיקים ויסוצקי,תה ויסוצקי (ישראל) בעמ,,,יח`,0.75,100 גרם,false,1,27.90,37.20,true,1,
7290000345536,false,תה נענע 1.5/ 25 שקיקים ויסוצקי,תה ויסוצקי (ישראל) בעמ,,,יח`,0.3750,100 גרם,false,1,16.90,45.07,false,1,
7290000346120,false,חליטת קינמון הגן הקסום ויסוצקי 25 יחידות,תה ויסוצקי (ישראל) בעמ,,,יח`,0.6250,100 גרם,false,1,17.50,28,true,1,
7290000346137,false,חליטת הילולי פירות הגן הקסום ויסוצקי 25 יחידות,תה ויסוצקי (ישראל) בעמ,,,יח`,0.6250,100 גרם,false,1,17.50,28,true,1,
7290000346144,false,הגן הקסום תה עינוגי התפוח ויסוצקי 25 יחידות,תה ויסוצקי (ישראל) בעמ,,,יח`,0.75,100 גרם,false,1,17.50,23.33,true,1,
7290000346199,false,חליטת פירות יער הגן הקסום ויסוצקי 25 יחידות,תה ויסוצקי (ישראל) בעמ,,,יח`,0.6750,100 גרם,false,1,17.50,25.93,true,1,
7290000346205,false,חליטת קמומיל הגן הקסום ויסוצקי 25 יחידות,תה ויסוצקי (ישראל) בעמ,,,יח`,0.3750,100 גרם,false,1,17.50,46.67,true,1,
7290000346960,false,תה ויסוצקי נענע 1.7 גרם 50יח',תה ויסוצקי (ישראל) בעמ,,,יח`,0.75,100 גרם,false,1,29.90,39.87,true,1,
7290000347738,false,תה ירוק בתוספת עלי נענע 25 שקיקים,תה ויסוצקי (ישראל) בעמ,,,יח`,0.3750,100 גרם,false,1,24.90,66.40,true,1,
7290000347752,false,תה ירוק לימונית ולואיזה 25 שקיקים *1.5 ג'' ויסוצקי,תה ויסוצקי (ישראל) בעמ,,,יח`,1,,false,1,24.90,24.90,true,1,
7290000363011,false,סלמי קוניאק מובחר טירת צבי במשקל,הנסיך- מפעל לייצור ט,,,"ק""ג",10,100 גרם,true,1,80,8,true,1,
7290000364278,false,דקניקים סלסולי סלמי איטלקי משובח טירת צבי 120 גרם,תנובה מרכז שיתופי לשיווק תוצרת,,,יח`,1.20,100 גרם,false,1,15.90,13.25,true,1,
7290000364285,false,דקניקים סלסולי פסטרמה הודו טירת צבי 120 גרם,תנובה מרכז שיתופי לשיווק תוצרת,,,יח`,1.20,100 גרם,false,1,15.90,13.25,true,1,
7290000364292,false,דקניקים סלסולי פסטרמה הודו על גחלים 1% טירת צבי 120 גרם,תנובה מרכז שיתופי לשיווק תוצרת,,,יח`,1.20,100 גרם,false,1,15.90,13.25,true,1,
7290000364858,false,"נקניקיות עוף טרי טירת צבי 1 ק""ג",הנסיך- מפעל לייצור ט,,,יח`,1,"ק""ג",false,1,23.90,23.90,true,1,
7290000364872,false,נקניקיות עוף טירת צבי (400 גרם),טיב טירת צבי 2000,,,יח`,4,100 גרם,false,1,13.90,3.48,true,1,
7290000365107,false,כתף בקר מפולפל{טירת צבי},תנובה קפואים,,,"ק""ג",10,100 גרם,true,1,90,9,false,1,
7290000367590,false,פסטרמה כפרית וסלמי פריזר כפרי טירת צבי 2*400 גרם,תנובה מרכז שיתופי לשיווק תוצרת,,,יח`,8,100 גרם,false,1,34.90,4.36,true,1,
7290000369341,false,לבנה אבו גוש ירוק15%משקל,גבינות אמיר ניצן בעמ,,,"ק""ג",10,100 גרם,true,1,50,5,false,1,
7290000369617,false,מעדן כדורי פטה בשמן מתובל ניצן 230 גרם,גבינות אמיר ניצן בעמ,,,יח`,2.30,100 גרם,false,1,16.90,7.35,false,1,
7290000369709,false,חמאה עירונית בתוספת ריחן ושום טרי גבינות ניצן 100 גרם,גבינות אמיר ניצן בעמ,,,יח`,1,100 גרם,false,1,12.90,12.90,false,1,
7290000377452,false,גרעיני אבטיח קלויים ומלוחים קלית גת 200,הדקלאים אגודת שיתופי,,,יח`,2,100 גרם,false,1,11.50,5.75,false,1,
7290000408316,false,יוגורט דנונה דל לקטוז 200 גרם,שטראוס גרופ בעמ/מצונן,,,יח`,2,"100 מ""ל",false,1,3.50,1.75,false,1,
7290000408354,false,יוגורט עם אורז מצופה שוקולד קקאו 175 ג' דנונה,שטראוס גרופ בעמ/מצונן,,,יח`,1.73,"100 מ""ל",false,1,4.40,2.54,false,1,
7290000412481,false,נוזל לניקוי אסלות 00 סנו (1 ליטר),החברה הדרומית לשיווק בעמ,,,יח`,1,1 ליטר,false,1,7.90,7.90,true,1,
7290000412764,false,"פזטוקס קוטל חרקים סנו 630 מ""ל",החברה הדרומית לשיווק בעמ,,,יח`,6.30,"100 מ""ל",false,1,18.90,3,false,1,
7290000416021,false,ממרח בטעם שוקולד השחר העולה (500 גרם),השחר העולה תעשית ממתקים בעמ,,,יח`,5,100 גרם,false,1,13.90,2.78,true,1,
7290000416045,false,ממרח בטעם שוקולד השחר העולה (1 קג),השחר העולה תעשית ממתקים בעמ,,,יח`,1,"ק""ג",false,1,24.90,24.90,true,1,
7290000416076,false,"צימקאו לאפייה וציפוי השחר 400 גרם כשל""פ",השחר העולה תעשית ממתקים בעמ,,,יח`,4,100 גרם,false,1,12.90,3.23,true,1,
7290000416618,false,"ממרח שוקולד פרווה השחר 400 גרם כשל""פ",השחר העולה תעשית ממתקים בעמ,,,יח`,4,100 גרם,false,1,11.90,2.98,true,1,
7290000416632,false,"ממרח שוקולד פרווה השחר 1 ק""ג כשל""פ",השחר העולה תעשית ממתקים בעמ,,,יח`,1,"ק""ג",false,1,24.90,24.90,true,1,
7290000416809,false,ממרח חצי חצי נוגט אגוזים וקרם חלב השחר 350ג',השחר העולה תעשית ממתקים בעמ,,,יח`,3.50,100 גרם,false,1,11.90,3.40,true,1,
7290000416922,false,השחר ממרח חלב 350 גרם,השחר העולה תעשית ממתקים בעמ,,,יח`,3.50,100 גרם,false,1,11.90,3.40,true,1,
7290000419107,false,לנדוור קפה מקורי לבוקר טחון טורקי 100 גרם,קפה לנדוור בע''מ,,,יח`,1,100 גרם,false,1,7.90,7.90,false,1,
7290000419220,false,לנדוור כחול המקורי קפה טחון טורקי 3*100 גרם 16 יח',ש.שסטוביץ בעמ,,,יח`,3,100 גרם,false,1,18.90,6.30,false,1,
7290000419374,false,לנדוור לבוקר קפה טחון טורקי 3*100 גרם 16 יח',ש.שסטוביץ בעמ,,,יח`,3,100 גרם,false,1,18.90,6.30,false,1,
7290000419909,false,לנדוור קפה שחור לבוקר טחון טורקי 100 גרם,מולינו ניקולי s.p.a,,,יח`,1,100 גרם,false,1,7.90,7.90,false,1,
7290000420325,false,"פופסטאר פופקורן למקירוגל בטעם טבעי 5 שקיות,500 גרם","דנשר (1963) בע,מ",,,יח`,5,100 גרם,false,1,16.90,3.38,true,1,
7290000420332,false,פופסטאר פופקורן למיקרוגל בטעם חמאה 5 יחידות 500 גרם,"דנשר (1963) בע,מ",,,יח`,5,100 גרם,false,1,16.90,3.38,true,1,
7290000420417,false,גלילונית שקיות אשפה 52X65 עם שרוך 60 יחידות,"איטיליאן פוד, אס.פי.",,,יח`,1,,false,1,19.90,19.90,true,1,
7290000442044,false,פמינה תחליב רחצה אינטימי חמוציות 220 מל,גורי ע.ע.ע. בע`מ,,,יח`,2.20,"100 מ""ל",false,1,23.90,10.86,false,1,
7290000446547,false,חמאת בוטנים טבעית בטר אנד דיפרנט 350 גרם,"בטר אנד דיפרנט בע""מ",,,יח`,3.50,100 גרם,false,1,13.90,3.97,false,1,
7290000446554,false,"חמאת בוטנים טבעית בטר אנד דיפרנט 1 ק""ג",בטר אנד דיפרנט בעמ,,,יח`,5.10,100 גרם,false,1,26.90,5.27,false,1,
7290000450209,false,נתחי טונה בהירה בשמן פוסידון (108 גרם),"מיוצר עי וליגר בעמ,",,,יח`,1.08,100 גרם,false,1,6.50,6.02,false,1,
7290000453019,false,שמרים טריים לאפייה שקית שמרית 50 ג',שטראוס גרופ בעמ/מצונן,,,יח`,0.50,100 גרם,false,1,4.50,9,false,1,
7290000453125,false,שמרית שמרים טריים לאפיה +משפר אפיה 100ג,שטראוס גרופ בעמ/מצונן,,,יח`,1,100 גרם,false,1,7.90,7.90,false,1,
7290000453200,false,בלילה להכנת פנקייק עם רכיבים ביתיים,שטראוס גרופ בעמ/מצונן,,,יח`,7.50,"100 מ""ל",false,1,19.90,2.65,false,1,
7290000453408,false,בצק פיצה דק מצונן ומוכן לאפייה שמרית 415 גרם,שטראוס גרופ בעמ/מצונן,,,יח`,4.15,100 גרם,false,1,16.90,4.07,false,1,
7290000453415,false,בצק עלים מצונן ומוכן לאפייה שמרית 300 גרם,שטראוס גרופ בעמ/מצונן,,,יח`,3,100 גרם,false,1,16.90,5.63,true,1,
7290000453422,false,בצק פילו מצונן ומוכן לאפייה שמרית 300 גרם,שטראוס גרופ בעמ/מצונן,,,יח`,3,100 גרם,false,1,16.90,5.63,true,1,
7290000461793,false,בייגלה ארוך ארוך סידרה ירוקה בייגל בייגל 150 גרם,יוניליוור ישראל שיווק בע`מ,,,יח`,1.50,100 גרם,false,1,5.90,3.93,true,1,
7290000462103,false,סחוג תימני אדום חריף עדין זהבי הכרם 150 גרם,שטראוס גרופ בעמ/מצונן,,,יח`,1.50,100 גרם,false,1,7.90,5.27,false,1,
7290000462141,false,סחוג אדום תימני מקורי חריף מאוד זהבי 150 גרם,שטראוס גרופ בעמ/מצונן,,,יח`,1.50,100 גרם,false,1,7.90,5.27,false,1,
7290000462172,false,סחוג זחוק ירוק תימני חריף זהבי (150 גרם),שטראוס גרופ בעמ/מצונן,,,יח`,1.40,100 גרם,false,1,7.90,5.64,false,1,
7290000467153,false,מלך החומוס סמיר הגדול 400 גרם צבר,קבוצת אוסם סחר שותפות מוגבלת,,,יח`,4,100 גרם,false,1,13.90,3.48,false,1,
7290000474373,false,"שמנת חמוצה 15% שומן 200 מ""ל טרה",החברה המרכזית טלהפצת משקאות בע,,,יח`,2,"100 מ""ל",false,1,2.40,1.20,false,1,
7290000474502,false,גבינה לבנה טרה 5% מרכיבים טבעיים,*החברה המרכזית להפצת משקאותבעמ,,,יח`,2.50,100 גרם,false,1,4.98,1.99,false,1,
7290000474540,false,גבינה טוב טעם 3% טרה 250ג' מהדרין,החברה המרכזית טלהפצת משקאות בע,,,יח`,2.50,100 גרם,false,1,11.50,4.60,false,1,
7290000474830,false,נעם גבינה צהובה מגורדת 28% טרה 500 גרם,*החברה המרכזית להפצת משקאותבעמ,,,יח`,5,100 גרם,false,1,34.60,6.92,false,1,
7290000480107,false,קוואקר שיבולת שועל פחית 500 גרם,שטראוס פריטו ליי בעמ,,,יח`,5,100 גרם,false,1,11.90,2.38,false,1,
7290000481029,false,10 פיתות בטעם ביתי דגנית עין בר,דגנית עין בר תעשיות מזון ואפיה,,,יח`,10,100 גרם,false,1,9.90,0.99,false,1,
7290000481180,false,לחם מחמצת שאור 550 גרם דגנית,דגנית עין בר תעשיות מזון ואפיה,,,יח`,5.50,100 גרם,false,1,17.90,3.25,false,1,
7290000481197,false,לחם מחמצת גרעינים ושיבולת שועל 550 גרם דגנית,דגנית עין בר תעשיות מזון ואפיה,,,יח`,5.50,100 גרם,false,1,17.90,3.25,false,1,
7290000481203,false,לחם מחמצת מקמח מלא 550 גרם דגנית,דגנית עין בר תעשיות מזון ואפיה,,,יח`,5.50,100 גרם,false,1,17.90,3.25,false,1,
7290000481531,false,דגנית עין בר לחמניות אצבע מחיטה מלאה בשקית 750 ג',דגנית עין בר תעשיות מזון ואפיה,,,יח`,7.50,100 גרם,false,1,12.90,1.72,false,1,
7290000481883,false,דגנית עין בר מארז לחמניות 10 יח'*75 ג',דגנית עין בר תעשיות מזון ואפיה,,,יח`,7.50,100 גרם,false,1,12.90,1.72,false,1,
7290000484747,false,"ארק עלית 700 מ""ל 40% יקב הגליל*",יקב הגליל יוסף גולד ובניו,,,יח`,7,"100 מ""ל",false,1,59.90,8.51,false,1,
7290000490625,false,שלגונים ציפוי שוקו מאגדת שמינייה 560 ג',פלקו בעמ חברה ישראלית,,,יח`,1,,false,1,24.90,24.90,false,1,
7290000490717,false,מאגדת גלית- שלגון חלבי בטעם וניל עם ציפו,הגלידות של פלדמן,,,יח`,1,,false,1,21.90,21.90,false,1,
7290000490762,false,גלידל שוקו פלדמן מארז שמינייה,הגלידות של פלדמן,,,יח`,4,100 גרם,false,1,29.90,7.48,false,1,
7290000493176,false,אסם אבקת רוטב צלי לבשר 22 ג',קבוצת אוסם סחר שותפות מוגבלת,,,יח`,0.22,100 גרם,false,1,4.90,22.27,false,1,
7290000493183,false,אבקת רוטב פטריות לבשר-30 גרם,קבוצת אוסם סחר שותפות מוגבלת,,,יח`,0.30,100 גרם,false,1,4.90,16.33,false,1,
7290000497044,false,לחם אקטיב ברמן (750 גרם),מאפית י את א ברמן בע,,,יח`,7.50,100 גרם,false,1,15.90,2.12,false,1,
7290000497112,false,"לחם כהה פרוס וארוז ""ברמן""-מוצר בפיקוח",מאפית י את א ברמן בע,,,יח`,7.50,100 גרם,false,1,6.90,0.92,false,1,
7290000497136,false,חלה ארוזה פרוסה 500 גר',"י.את.א.ברמן בע""\מ",,,יח`,5,100 גרם,false,1,9.90,1.98,false,1,
7290000497198,false,מארז פיתות עשירייה אסלי,מאפית י את א ברמן בע,,,יח`,10,100 גרם,false,1,10.90,1.09,false,1,
7290000497228,false,לחמניה רגילה בשקית ברמן 6יח',מאפית י את א ברמן בע,,,יח`,4.50,100 גרם,false,1,10.90,2.42,true,1,
7290000497273,false,לחמניות אקטיב ברמן שישייה 450 גרם,מאפית י את א ברמן בע,,,יח`,4.50,100 גרם,false,1,14.50,3.22,false,1,
7290000497303,false,"שישיית לחמניות מקמח מלא ""ברמן""",מאפית י את א ברמן בע,,,יח`,5.40,100 גרם,false,1,12.90,2.39,true,1,
7290000497358,false,חלומית חלה מתוקה קלועה ברמן (500 גרם),מאפית י את א ברמן בע,,,יח`,5,100 גרם,false,1,12.90,2.58,false,1,
7290000497426,false,לחם ברמן לענין פלוס 500 גרם,מאפית י את א ברמן בע,,,יח`,7.50,100 גרם,false,1,14.60,1.95,false,1,
7290000497488,false,חלה פלוס ברמן( 500 גרם),מאפית י את א ברמן בע,,,יח`,5,100 גרם,false,1,14.50,2.90,false,1,
7290000497532,false,לחם ברמן לעניין פרוס ברמן (750 גרם),מאפית י את א ברמן בע,,,יח`,7.50,100 גרם,false,1,14.50,1.93,false,1,
7290000497570,false,לחם דגנים פלוס ברמן 500 גרם,מאפית י את א ברמן בע,,,יח`,5,100 גרם,false,1,14.50,2.90,false,1,
7290000498003,false,לחם מקמח מלא 750 גר`E FREE ברמן,מאפית י את א ברמן בע,,,יח`,7.50,100 גרם,false,1,15.90,2.12,true,1,
7290000498034,false,לחם אי פרי קמח כוסמין מלא 750 גר',מאפית י את א ברמן בע,,,יח`,7.50,100 גרם,false,1,15.90,2.12,false,1,
7290000498355,false,לחם כהה פיקוח,י.את א. ברמן בעמ,,,יח`,7.50,100 גרם,false,1,4.40,0.59,false,1,
7290000498362,false,לחם לבן אחיד פיקוח מוביל,י.את א. ברמן בעמ,,,יח`,7.50,100 גרם,false,1,5.10,0.68,false,1,
7290000498393,false,חלה רגילה/עגולה/מרובעת,מאפית י.את א. ברמן ב,,,יח`,5,100 גרם,false,1,4.90,0.98,false,1,
7290000498409,false,חלה מתוקה ברמן 500 ג,מאפית י את א ברמן בע,,,יח`,5,100 גרם,false,1,9.90,1.98,false,1,
7290000504025,false,ממתיק סוכרזית פטרייה עלית 300 גרם,אף.סי תבליני בגליל ב,,,יח`,2.46,100 גרם,false,1,7.90,3.21,false,1,
7290000504049,false,סוכרזית קלאסי קנקן 1200 טבליות,אף.סי תבליני בגליל ב,,,יח`,9.84,100 גרם,false,1,21.90,2.23,false,1,
7290000504209,false,"סוכרזית דיאט טיפ נוזלי 220 מ""ל",אף.סי תבליני בגליל ב,,,יח`,2.20,"100 מ""ל",false,1,16.90,7.68,true,1,
7290000504278,false,ממתיק סוכרזית אריזת פטנט 700 טבליות,אף.סי תבליני בגליל ב,,,יח`,5.74,100 גרם,false,1,13.90,2.42,false,1,
7290000521022,false,יין לבן חצי יבש של סגל (750 מל),פארייפאבה אגרואינדוס,,,יח`,7.50,"100 מ""ל",false,1,21.90,2.88,true,1,
7290000523125,false,מלח הארץ הים האדום 250 ג' עדין,"חברת מלח הארץ אילת בע""\מ",,,יח`,2,100 גרם,false,1,5.90,2.95,false,1,
7290000523224,false,מלח הארץ הים האדום 500 ג' עדין,"חברת מלח הארץ אילת בע""\מ",,,יח`,5,100 גרם,false,1,7.90,1.58,false,1,
7290000523514,false,מלח ים יבש מופחת נתרן מלח הארץ (250 גרם),"חברת מלח הארץ אילת בע""\מ",,,יח`,2,100 גרם,false,1,10.50,5.25,false,1,
7290000523521,false,מלח ים מלח הארץ 250 גרם מועשר ביוד,חברת מלח הארץ אילת ב,,,יח`,2,100 גרם,false,1,5.90,2.95,false,1,
7290000523804,false,"מלח עדין צנצנת 1 ק""ג מלח הארץ","חברת מלח הארץ אילת בע""\מ",,,יח`,1,"ק""ג",false,1,7.20,7.20,false,1,
7290000524191,false,עוגיות ר`יפאת מרוקאי 400ג דגן*,שיבולים יצור ושיווק מוצרי מאפה,,,יח`,3.50,100 גרם,false,1,15.90,4.54,false,1,
7290000525969,false,מיץ תפוזים סחוט רכיבים טבעיים פרימור 1 ליטר,שטראוס גרופ בעמ/מצונן,,,יח`,1,1 ליטר,false,1,15.90,15.90,false,1,
7290000530024,false,נקניק תה מעושן רחב במשקל,נקניק זוגלובק נהריה,,,"ק""ג",10,100 גרם,true,1,49,4.90,true,1,
7290000530048,false,נקניק סלמי פפרוני במ,נקניק זוגלובק נהריה,,,"ק""ג",10,100 גרם,true,1,56,5.60,false,1,
7290000530062,false,נקניק מעושן איטלקי במשקל,זוגלובק שיווק בעמ,,,"ק""ג",10,100 גרם,true,1,79,7.90,false,1,
7290000530086,false,נקניק סלמי מעושן 7000 זוגלובק (600 גרם),נקניק נהריה כשר זוגל,,,יח`,8,100 גרם,false,1,34.90,4.36,false,1,
7290000530109,false,קבנוס זוגי בואקום זוגלובק 180ג',נקניק נהריה כשר זוגל,,,יח`,3.60,100 גרם,false,1,25.90,7.19,false,1,
7290000530116,false,נקניק סלמי מעושן בשן 470 ג' זוגלובק,נקניק נהריה כשר זוגל,,,יח`,7,100 גרם,false,1,28.90,4.13,false,1,
7290000530178,false,קוניאק זוגלובק שקילה,זוגלובק שיווק בעמ,,,"ק""ג",10,100 גרם,true,1,87,8.70,false,1,
7290000530192,false,זוגלובק סרבלד נקניק מעדניה,נקניק זוגלובק נהריה,,,"ק""ג",10,100 גרם,true,1,128,12.80,false,1,
7290000530369,false,פסטרמה גולן חזה הודו מעושן מעדניה,נקניק זוגלובק נהריה,,,"ק""ג",10,100 גרם,true,1,79,7.90,true,1,
7290000530413,false,המבורגר זהב זוגלובק 400 גרם,נקניק נהריה כשר זוגל,,,יח`,4,100 גרם,false,1,19.90,4.98,false,1,
7290000530444,false,כתף בקר מעושן אורלנדו מש,זוגלובק שיווק בעמ,,,"ק""ג",10,100 גרם,true,1,110,11,true,1,
7290000530468,false,"נקניקיות וינר זוגלובק 1 ק""ג",זוגלובק שיווק בעמ,,,יח`,1,"ק""ג",false,1,29.90,29.90,true,1,
7290000530598,false,נקניקיות עוף וינר זוגלובק 500 גרם,נקניק נהריה כשר זוגל,,,יח`,5,100 גרם,false,1,16.90,3.38,true,1,
7290000530703,false,פסטרמה חרמון כפרית ונקניק תה מעושן זוגלובק 2*400 גרם,נקניק נהריה כשר זוגל,,,יח`,8,100 גרם,false,1,33.90,4.24,true,1,
7290000531410,false,פסטרממיה בדבש טהור במשקל,נקניק זוגלובק נהריה,,,"ק""ג",10,100 גרם,true,1,79,7.90,true,1,
7290000531601,false,סטייק בורגר בקר זהב 400 גרם קפוא,נקניק נהריה כשר זוגל,,,יח`,4,100 גרם,false,1,19.90,4.98,false,1,
7290000531977,false,בורקס במילוי גבינה זוגלובק 800 גרם,נקניק נהריה כשר זוגל,,,יח`,8,100 גרם,false,1,19.90,2.49,false,1,
7290000532400,false,פסטרמה חזה הודו ברביקיו זוגלובק,נקניק זוגלובק נהריה,,,"ק""ג",10,100 גרם,true,1,79,7.90,true,1,
7290000533353,false,"בצק עלים מרודד זוגלובק 1 ק""ג",מאפיית אריאל וגידרון,,,יח`,1,"ק""ג",false,1,19.90,19.90,false,1,
7290000533636,false,פסטרמה צלויה על לבנים מעדניה,נקניק זוגלובק נהריה,,,"ק""ג",10,100 גרם,true,1,79,7.90,true,1,
7290000534718,false,פסטרמה הודו תבור 1% שומן זוגלובק,נקניק זוגלובק נהריה,,,"ק""ג",10,100 גרם,true,1,79,7.90,true,1,
7290000536743,false,שניצלונים קריספי ט. תירס 500 גר' זוגלובק,נקניק נהריה כשר זוגל,,,יח`,5,100 גרם,false,1,19.90,3.98,true,1,
7290000537566,false,נקניקיות עוף טרי 400 ג' זוגלובק,נקניק נהריה כשר זוגל,,,יח`,4,100 גרם,false,1,13.90,3.48,true,1,
7290000537603,false,"נקניקיות עוף 1 ק""ג זוגלובק.",זוגלובק שיווק בעמ,,,יח`,1,"ק""ג",false,1,29.90,29.90,true,1,
7290000537610,false,סלמי עממי}זוגלובק{שקיל,נקניק זוגלובק נהריה,,,"ק""ג",10,100 גרם,true,1,52,5.20,false,1,
7290000542812,false,"חלה חשופה מתוקה עם שומשום ""אנג'ל""- 13 ש""ח",שלמה א. אנג`ל בעמ,,,יח`,5,100 גרם,false,1,12.90,2.58,false,1,
7290000552118,false,נקניקיות מרגז קפואות טיבון ויל (400 גרם),טיבון ויל אחזקות בעמ,,,יח`,4,100 גרם,false,1,21.90,5.48,false,1,
7290000552194,false,קישקע קפוא טיבון ויל (500 גרם),טיבון ויל אחזקות בעמ,,,יח`,5,100 גרם,false,1,12.90,2.58,false,1,
7290000552569,false,סטייקבורגר בקר טיבון ויל 400 גרם,"טיבון ויל אחזקות בע""\מ",,,יח`,4,100 גרם,false,1,20.90,5.23,true,1,
7290000552927,false,בשר עוף קפוא טחון טיבון ויל (500 גרם),"טיבון ויל אחזקות בע""\מ",,,יח`,5,100 גרם,false,1,12.90,2.58,false,1,
7290000552934,false,בשר הודו קפוא טחון טיבון ויל (500 גרם),"טיבון ויל אחזקות בע""\מ",,,יח`,5,100 גרם,false,1,12.90,2.58,false,1,
7290000552989,false,בשר טחון טיבון ויל 500 גרם,"טיבון ויל אחזקות בע""\מ",,,יח`,5,100 גרם,false,1,26.90,5.38,false,1,
7290000554457,false,גבינה צפתית 5% 350 גרם - רבנות,מחלבות גד שיווק 1992 בעמ,,,יח`,3.50,100 גרם,false,1,19.90,5.69,false,1,
7290000554471,false,נקניק מוצרלה 22 אחוז 180גרם גד מהדרין,מחלבות גד שיווק 1992 בעמ,,,יח`,1.80,100 גרם,false,1,16.90,9.39,false,1,
7290000554532,false,גבינה צפתית מעודנת במלח ים 5% 200 ג' גד,מחלבות גד שיווק 1992 בעמ,,,יח`,2,100 גרם,false,1,14.90,7.45,false,1,
7290000554686,false,גבינת לאבנה בתוספת שמן זית וזעתר 5% גד 250 גרם,מחלבות גד שיווק 1992 בעמ,,,יח`,2.50,100 גרם,false,1,13.90,5.56,false,1,
7290000554815,false,גבינת מוצרלה נקניק מעדנייה גד,מחלבות גד שיווק 1992 בעמ,,,"ק""ג",10,100 גרם,true,1,80,8,false,1,
7290000554822,false,ריקוטה גבינה לבנה בסגנון איטלקי 5% גד 250 גרם,מחלבות גד שיווק 1992 בעמ,,,יח`,2.50,100 גרם,false,1,14.90,5.96,true,1,
7290000554839,false,מסקרפונה שמנת מתוקה קשה בסגנון איטלקי 40% גד 250 גרם,מחלבות גד שיווק 1992 בעמ,,,יח`,2.50,100 גרם,false,1,21.90,8.76,false,1,
7290000560533,false,אדג`פרו ג`ל לגילוח רגיל ירוק 220 מל,אס.סי ג'ונסון ובניו,,,יח`,2,100 גרם,false,1,19.90,9.95,true,1,
7290000560540,false,אדג`פרו ג`ל לגילוח עור רגיש כתום220,המאפיה של הרמן,,,יח`,1.98,100 גרם,false,1,19.90,10.05,true,1,
7290000561189,false,חמוציות 200 גר`פיצוחי חממה,בוטנת בעמ,,,יח`,2,100 גרם,false,1,12.90,6.45,false,1,
7290000561325,false,אגוז לוז טבעי 150 גר`פיצוחי חממה,בוטנת בעמ,,,יח`,1.50,100 גרם,false,1,12.90,8.60,false,1,
7290000561332,false,אגוזי מלך קלופים 150 גר`פיצוחי חממה,בוטנת בעמ,,,יח`,1.50,100 גרם,false,1,9.90,6.60,false,1,
7290000561561,false,מנצ`יס פיצוחי חממה (200 גרם),בוטנת בעמ חברה לקלייה ואריזת פ,,,יח`,2,100 גרם,false,1,8.90,4.45,false,1,
7290000571119,false,גבינה גאודה הולנדית מעדניה,מחלבות גד שיווק 1992 בעמ,,,"ק""ג",10,100 גרם,true,1,99,9.90,false,1,
7290000571188,false,גבינת גאודה תום עיזים במשקל,מחלבות גד שיווק 1992 בעמ,,,"ק""ג",10,100 גרם,true,1,135,13.50,false,1,
7290000571478,false,גבינת עיזים תום פרוסה המחלבה (200 גרם),גבינות משק אחים מאיר בית,,,יח`,2,100 גרם,false,1,34.90,17.45,false,1,
7290000572055,false,אחוה חלוה ללא סוכר עם סיבים ואגוזים 400 גרם,אחדות ביחר לטחינה חל,,,יח`,4,100 גרם,false,1,15.90,3.98,false,1,
7290000572208,false,חלוה בטעם וניל אחווה 100 גרם,שוורצקוף& הנקל דיסלד,,,יח`,1,100 גרם,false,1,3.10,3.10,false,1,
7290000572215,false,חלבה``שלגון``מצופה 80 גרם בד``צ,אחדות ביתחרושת לטחינה חלבה,,,יח`,0.80,100 גרם,false,1,3.10,3.88,false,1,
7290000572222,false,חלווה בלוק וניל אחוה 500 גרם,שוורצקוף& הנקל דיסלד,,,יח`,5,100 גרם,false,1,10.90,2.18,false,1,
7290000572529,false,חלוה עם פיסטוק אחווה 400 גרם,אחדות ביתחרושת לטחינה חלבה,,,יח`,4,100 גרם,false,1,13.90,3.48,false,1,
7290000572536,false,אחווה חלווה ווניל במגש 400 גר,אחדות ביתחרושת לטחינה חלבה,,,יח`,4,100 גרם,false,1,11.90,2.98,false,1,
7290000572543,false,חלוה בטעם שוקו וניל אחווה 400 גרם,אחדות ביתחרושת לטחינה חלבה,,,יח`,4,100 גרם,false,1,11.90,2.98,false,1,
7290000572628,false,חלבה חטיף לייט 25 ג* 11יח קופ`שי אחוה,אחדות ביחר לטחינה חל,,,יח`,2.75,100 גרם,false,1,12.90,4.69,false,1,
7290000572673,false,חלבה וניל קקאו ואגוזים אחוה (25x12 גרם),שוורצקוף& הנקל דיסלד,,,יח`,3,100 גרם,false,1,12.90,4.30,false,1,
7290000572819,false,"טחינה גולמית אחווה 1 ק""ג",אחדות ביחר לטחינה חל,,,יח`,1,"ק""ג",false,1,20.90,20.90,true,1,
7290000574035,false,לחם אחיד פרוס דגנית עין בר (750 גרם),דגנית עין בר תעשיות מזון ואפיה,,,יח`,7.50,100 גרם,false,1,6.90,0.92,false,1,
7290000574141,false,לחם חיטה מלא 750ג' דגנית עין בר,דגנית עין בר תעשיות מזון ואפיה,,,יח`,7.50,100 גרם,false,1,14.90,1.99,false,1,
7290000574172,false,לחם קל מחיטה מלאה 750 ג' דגנית עין בר,דגנית עין בר תעשיות מזון ואפיה,,,יח`,7.50,100 גרם,false,1,15.90,2.12,false,1,
7290000574257,false,לחם אחיד פרוס קל דגנית 750 גרם,דגנית עין בר תעשיות מזון ואפיה,,,יח`,7.50,100 גרם,false,1,15.90,2.12,false,1,
7290000574370,false,לחם שיפון אמיתי קל 750 ג' דגנית עין בר,דגנית עין בר תעשיות מזון ואפיה,,,יח`,7.50,100 גרם,false,1,14.90,1.99,false,1,
7290000574455,false,לחם חיטה מלא פלוס כוסמין 750 ג' דגנית עין בר,דגנית עין בר תעשיות מזון ואפיה,,,יח`,7.50,100 גרם,false,1,14.50,1.93,false,1,
7290000599434,false,מטליות ריצפה שלישייה shiny,מ.א.ייצור ויבוא מטליות בעמ,,,יח`,1,,false,1,7.90,7.90,false,1,
7290000599571,false,צמר פלדה 200 גר`shiny,מ.א.ייצור ויבוא מטליות בעמ,,,יח`,2,100 גרם,false,1,4.90,2.45,false,1,
7290000599946,false,ספוג הפלא שייני 6 יחידות,מ.א.ייצור ויבוא מטליות בעמ,,,יח`,1,,false,1,6.90,6.90,false,1,
7290000599977,false,שייני כריות יפניות 9 יח',מ.א.ייצור ויבוא מטליות בעמ,,,יח`,0.09,100 גרם,false,1,9.90,110,false,1,
7290000633800,false,כנפיים עוף קפוא עטרה מחי,נטו מלינדה סחר - עטרה,,,"ק""ג",1,,true,1,17.90,17.90,false,1,
7290000644783,false,נתחי פילה סלמון קפוא קג,תנובה קפואים,,,"ק""ג",1,,true,1,89.90,89.90,false,1,
7290000654973,false,גזר ארוז,מפעלי יופי אגשח בעמ*שיק 45 יום,,,"ק""ג",1,,true,1,4.90,4.90,false,1,
7290000662817,false,סלמון מעושן 100 גרם נורבגי מדג טרי,דגיים קפואים,,,יח`,1,100 גרם,false,1,17.90,17.90,false,1,
7290000688084,false,מי עדן פקק ספורטאים500מל,יפאורה שותפות מוגבלת לשיווק,,,יח`,5,"100 מ""ל",false,1,2.50,0.44,false,1,
7290000688374,false,מים מינרלים סמיילי מי עדן (330X6מל),יפאורה שותפות מוגבלת לשיווק,,,יח`,19.80,"100 מ""ל",false,1,13.90,0.61,false,1,
7290000688381,false,מים מינרלים פקק ספורט מי עדן (500x6 מל),יפאורה שותפות מוגבלת לשיווק,,,יח`,3,1 ליטר,false,1,12.90,3.70,true,1,
7290000688466,false,מי עדן 0.75 ליטר ספורט בודד,יפאורה שותפות מוגבלת לשיווק,,,יח`,7.50,"100 מ""ל",false,1,2.50,0.29,false,1,
7290000688503,false,"מים מינרלים פקק ספורט מי עדן 6*750 מ""ל",יפאורה שותפות מוגבלת לשיווק,,,יח`,4.50,1 ליטר,false,1,14.90,2.91,true,1,
7290000805924,false,"מזון חתולים לה קט דגים 2.85 ק""ג",דיפלומט מפיצים (1968) בעמ**,,,יח`,2.85,"ק""ג",false,1,59.90,21.02,false,1,
7290000979427,false,עגבניות שרי כתום לבבות,צימן עגבניות *לא פעיל*,,,יח`,5,100 גרם,false,1,9.90,1.98,false,1,
7290000993461,false,עגבניות שרי צהוב פרמיום ארוז,צימן עגבניות *לא פעיל*,,,יח`,1,,false,1,9.90,9.90,false,1,
7290000993560,false,עגבניות שרי תמר שוקו 500 גרם לפי יח',צימן עגבניות *לא פעיל*,,,יח`,5,100 גרם,false,1,9.90,1.98,false,1,
7290000995410,false,נבטים סיניים נבטי העמק,"בכורי השדה צפון1994 ג.ד. בע""מ",,,יח`,1,,false,1,7.90,7.90,false,1,
7290001041147,false,חומוס גדול יבש מיה 1 ק'ג,מיה תעשיות מזון מ.ת.מ. בעמ,,,יח`,1,"ק""ג",false,1,11.90,11.90,true,1,
7290001041154,false,"גריסים מיה 1 ק""ג",מיה תעשיות מזון מ.ת.מ. בעמ,,,יח`,10,100 גרם,false,1,5.90,0.59,false,1,
7290001041161,false,"שעועית לבנה יבשה מיה 1 ק""ג",מיה תעשיות מזון מ.ת.מ. בעמ,,,יח`,1,"ק""ג",false,1,18.90,18.90,true,1,
7290001041178,false,"אפונה ירוקה מיה 1 ק""ג",מיה תעשיות מזון מ.ת.מ. בעמ,,,יח`,1,"ק""ג",false,1,7.90,7.90,false,1,
7290001041192,false,"עדשים אדומים יבשים מיה 1 ק""ג",מיה תעשיות מזון מ.ת.מ. בעמ,,,יח`,1,"ק""ג",false,1,11.90,11.90,true,1,
7290001041208,false,"עדשים ירוקים יבשים מיה 1 ק""ג",מיה תעשיות מזון מ.ת.מ. בעמ,,,יח`,1,"ק""ג",false,1,11.90,11.90,true,1,
7290001041222,false,"חומוס לבן ענק יבש מיה 1 ק""ג",מיה תעשיות מזון מ.ת.מ. בעמ,,,יח`,1,"ק""ג",false,1,19.90,19.90,false,1,
7290001041260,false,שומשום מיה (400 גרם),מיה תעשיות מזון מ.ת.מ. בעמ,,,יח`,4,100 גרם,false,1,11.90,2.98,false,1,
7290001041291,false,לקקן סוכריה על מקל 70יח',מיה תעשיות מזון מ.ת.מ. בעמ,,,יח`,1,100 גרם,false,1,22.90,22.90,false,1,
7290001041635,false,פירורי לחם מוזהבים מיה 200 גרם,מיה תעשיות מזון מ.ת.מ. בעמ,,,יח`,2,100 גרם,false,1,4,2,true,1,
7290001041994,false,"סוכר דמררה בצנצנת מיה 1 ק""ג",מיה תעשיות מזון מ.ת.מ. בעמ,,,יח`,1,"ק""ג",false,1,11.90,11.90,false,1,
7290001045169,false,מיץ תפוחי עץ צלול פרימור 1 ליטר,שטראוס גרופ בעמ/מצונן,,,יח`,1,1 ליטר,false,1,15.90,15.90,false,1,
7290001045688,false,"מיץ תפוזים סחוט פרימור 400 מ""ל",שטראוס גרופ בעמ/מצונן,,,יח`,4,"100 מ""ל",false,1,7.90,1.90,false,1,
7290001121054,false,צמד חמד פסטרמה וסלמי יחיעם 700 גרם,מעדני יחיעם ( 1993 ) בע`מ,,,יח`,7,100 גרם,false,1,25.90,3.70,true,1,
7290001121238,false,קורנדביף 4% שומן יחיעם (180 גרם).,מעדני יחיעם ( 1993 ) בע`מ,,,יח`,1.80,100 גרם,false,1,24.90,13.83,false,1,
7290001121849,false,פסטרמה ברביקיו יחיעם 250 גרם ר.טבעיים,מעדני יחיעם ( 1993 ) בע`מ,,,יח`,2.50,100 גרם,false,1,24.90,9.96,false,1,
7290001123775,false,שווארמה אמיתית פרגיות טיבון ויל 500 גרם,"טיבול ויל אחזקות בע""",,,יח`,5,100 גרם,false,1,28.90,5.78,true,1,
7290001123782,false,שווארמה אמיתית הודו טיבון ויל (500 גרם),נטו מלינדה סחר בע`מ,,,יח`,5,100 גרם,false,1,28.90,5.78,true,1,
7290001124536,false,ארוחת נודלס טעם תירס מג'יק 70 גרם,נטו מלינדה סחר בעמ,,,יח`,0.70,100 גרם,false,1,4.50,6.43,false,1,
7290001124611,false,שומן כבש טיבון ויל 200 גרם,טיבון ויל אחזקות בעמ,,,יח`,2,100 גרם,false,1,14.90,7.45,false,1,
7290001136287,false,"שמפו לשיער רגיל בבושם פרחים נקה 7 750 מ""ל",החברה הדרומית לשיווק בעמ,,,יח`,7.50,"100 מ""ל",false,1,10.90,1.45,true,1,
7290001136294,false,"שמפו לשיער יבש בבישום פרחים נקה 7 750 מ""ל",החברה הדרומית לשיווק בעמ,,,יח`,7.50,"100 מ""ל",false,1,10.90,1.45,true,1,
7290001136300,false,"נקה 7 שמפו ומרכך לסירוק קל 750 מ""ל",החברה הדרומית לשיווק בעמ,,,יח`,7.50,"100 מ""ל",false,1,10.90,1.45,true,1,
7290001136683,false,"מרכך לשיער רגיל בבושם פרחים נקה 7 750 מ""ל",החברה הדרומית לשיווק בעמ,,,יח`,7.50,"100 מ""ל",false,1,10.90,1.45,true,1,
7290001136799,false,נקה 7 תחליב רחצה ארומה ורוד יסמין 1 ל',החברה הדרומית לשיווק בעמ,,,יח`,1,1 ליטר,false,1,12.90,12.90,false,1,
7290001136973,false,נקה 7 תחליב רחצה ארומה קמומיל לבן 1 ל',החברה הדרומית לשיווק בעמ,,,יח`,1,1 ליטר,false,1,12.90,12.90,false,1,
7290001201510,false,ביצים ארוזות M מ. לסר) (30 פיקוח,מ לסר בעמ - חברה לשיווק ביצים,,,יח`,1,,false,1,27.87,27.87,false,1,
7290001201589,false,ביצים ארוזות L מ. לסר) (12 פיקוח,מ לסר בעמ - חברה לשיווק ביצים,,,יח`,1,,false,1,12.05,12.05,false,1,
7290001201596,false,ביצים ארוזות M 12 יחידות,מ לסר בעמ - חברה לשיווק ביצים,,,יח`,1,,false,1,11.15,11.15,false,1,
7290001201602,false,ביצים 18 יח גדול לסר,מ לסר בעמ - חברה לשיווק ביצים,,,יח`,1,,false,1,18.07,18.07,false,1,
7290001201657,false,ביצים אומגה M/30 בינוני ארוז,מ לסר בעמ - חברה לשיווק ביצים,,,יח`,1,,false,1,35,35,false,1,
7290001201824,false,תבנית ביצים 12 יח' לארג' אורגני,מ לסר בעמ - חברה לשיווק ביצים,,,יח`,1,,false,1,18.90,18.90,false,1,
7290001201855,false,ביצים אומגה L/12 גדול ארוז,מ לסר בעמ - חברה לשיווק ביצים,,,יח`,1,,false,1,17.90,17.90,false,1,
7290001201862,false,ביצי חופש לארג' 12 יחידות,מ לסר בעמ - חברה לשיווק ביצים,,,יח`,1,,false,1,16.90,16.90,false,1,
7290001201893,false,ביצים אומגה 12 יח`M,מ לסר בעמ - חברה לשיווק ביצים,,,יח`,1,,false,1,16.90,16.90,false,1,
7290001209547,false,פילה עוף קפוא עטרה,נטו מלינדה סחר - עטרה,,,"ק""ג",10,100 גרם,true,1,31.90,3.19,false,1,
7290001216040,false,טחינה גולמית שומשום טהור אל ארז 500 גרם,אגס ירוק מסחר ושירותים,,,יח`,5,100 גרם,false,1,15.90,3.18,false,1,
7290001216057,false,"טחינה שומשום טהור אל ארז 1 ק""ג",אגס ירוק מסחר ושירותים,,,יח`,1,"ק""ג",false,1,30.90,30.90,true,1,
7290001216101,false,"טחינה שומשום מלא אל ארז 1 ק""ג",סוגת תעשיות בעמ,,,יח`,10,100 גרם,false,1,32.90,3.29,true,1,
7290001245699,false,אקונומיקה סמיכה בניחוח לימון 4 ל' טאצ',סאסאטק אגשח בעמ,,,יח`,40,"100 מ""ל",false,1,11.90,0.30,false,1,
7290001245705,false,אקונומיקה מבושמת 4 ליטר טאצ',סאסאטק אגשח בעמ,,,יח`,4,1 ליטר,false,1,9.90,2.48,false,1,
7290001245798,false,נוזל כלים לימון 18% 1.6 ליטר טאצ',סאסאטק אגשח בעמ,,,יח`,16,"100 מ""ל",false,1,9.90,0.62,false,1,
7290001245828,false,נוזל כלים קלאסי טאצ' 18% 1.6 ליטר,סאסאטק אגשח בעמ,,,יח`,16,"100 מ""ל",false,1,9.90,0.62,false,1,
7290001245842,false,נוזל רצפות מאסק 4 ליטר טאצ,סאסאטק אגשח בעמ,,,יח`,4,1 ליטר,false,1,13.90,3.48,false,1,
7290001245897,false,נוזל רצפות יסמין 4 ליטר טאצ`,סאסאטק אגשח בעמ,,,יח`,4,1 ליטר,false,1,13.90,3.48,false,1,
7290001245958,false,מרכך כביסה ורוד 4 ליטר טאצ',סאסאטק אגשח בעמ,,,יח`,4,1 ליטר,false,1,13.90,3.48,false,1,
7290001245972,false,מרכך כביסה לבן 4 ליטר טאצ',סאסאטק אגשח בעמ,,,יח`,4,1 ליטר,false,1,13.90,3.48,false,1,
7290001246054,false,פותח סתימות 1 ליטר טאצ,סאסאטק אגשח בעמ,,,יח`,10,"100 מ""ל",false,1,13.90,1.39,false,1,
7290001246078,false,מרכך מרוכך פרפיום סנשואל( 1 ליטר)טאצ`,סאסאטק אגשח בעמ,,,יח`,1,1 ליטר,false,1,10.90,10.90,false,1,
7290001246085,false,נוזל לניקוי חלונות 1 ליטר טאצ,סאסאטק אגשח בעמ,,,יח`,10,"100 מ""ל",false,1,5.90,0.59,false,1,
7290001246108,false,"טאצ' תרסיס מסיר אבנית 750 מ""ל",סאסאטק אגשח בעמ,,,יח`,7.50,"100 מ""ל",false,1,11.90,1.59,false,1,
7290001246122,false,"תרסיס ניקוי כללי+ אקונומיקה 750 מ""ל טאצ",סאסאטק אגשח בעמ,,,יח`,7.50,"100 מ""ל",false,1,11.90,1.59,false,1,
7290001246269,false,"טאצ' תרסיס מטהר אוויר לבנדר 300 מ""ל",סאסאטק אגשח בעמ,,,יח`,3,"100 מ""ל",false,1,5.90,1.97,false,1,
7290001246474,false,תרסיס ניקוי שטיחים 600 מל טא`צ,סאסאטק אגשח בעמ,,,יח`,6,"100 מ""ל",false,1,14.90,2.48,false,1,
7290001246528,false,מרכך כביסה מרוכז פרפיום מיסטרי טאצ' 1 ל',סאסאטק אגשח בעמ,,,יח`,1,1 ליטר,false,1,10.90,10.90,false,1,
7290001247068,false,קרטונית נקטר ספרינג תות בננה 1 ליטר,יפאורה שותפות מוגבלת לשיווק,,,יח`,1,1 ליטר,false,1,6.90,6.90,false,1,
7290001247082,false,מיץ עגבניות רכיבים טבעיים ספרינג 1 ליטר,יפאורה שותפות מובגלת לשיווק,,,יח`,1,1 ליטר,false,1,6.90,6.90,false,1,
7290001247099,false,קרטונית נקטר ספרינג מנגו 1 ליטר,יפאורה שותפות מובגלת לשיווק,,,יח`,1,1 ליטר,false,1,6.90,6.90,false,1,
7290001247105,false,קרטונית נקטר ספרינג אפרסק 1 ליטר,יפאורה שותפות מובגלת לשיווק,,,יח`,1,1 ליטר,false,1,6.90,6.90,false,1,
7290001247112,false,קרטונית נקטר ספרינג לימונענע 1 ליטר,יפאורה שותפות מובגלת לשיווק,,,יח`,1,1 ליטר,false,1,6.90,6.90,false,1,
7290001247129,false,נקטר ספרינג תפוזים קרטונית 1 ל',יפאורה שותפות מובגלת לשיווק,,,יח`,1,1 ליטר,false,1,6.90,6.90,false,1,
7290001247143,false,קרטונית נקטר ספרינג תפוחים 1 ליטר,יפאורה שותפות מובגלת לשיווק,,,יח`,1,1 ליטר,false,1,6.90,6.90,false,1,
7290001265642,false,"מזון חתולים מעדני פטה 1.2 ק""ג מארז 3 יחידות",דיפלומט מפיצים (1968) בעמ**,,,יח`,1.20,"ק""ג",false,1,19.90,16.58,false,1,
7290001274583,false,גלידה משפחתית גלידל ש. פאקן 900 גרם,"פלקו בע""\מ, חברה ישראלית",,,יח`,9,100 גרם,false,1,19.90,2.21,false,1,
7290001274934,false,"שמיניית גלידל פרי לימון ""פלדמן""",הגלידות של פלדמן,,,יח`,6.40,100 גרם,false,1,24.90,3.89,false,1,
7290001274941,false,"שמיניית גלידל פרי פטל ""פלדמן""",הגלידות של פלדמן,,,יח`,6.40,100 גרם,false,1,24.90,3.89,false,1,
7290001327180,false,שטראוס קרמיסימו וניל ציפ 1.33 ליטר,"גלידת שטראוס בע""\מ, רחוב",,,יח`,1.33,1 ליטר,false,1,19.90,14.96,true,1,
7290001327197,false,שטראוס קרמיסימו שוקולד וניל,"גלידת שטראוס בע""\מ, רח'\",,,יח`,1.33,1 ליטר,false,1,19.90,14.96,true,1,
7290001327791,false,גלידה קרמיסימו וניל עוגיות 1.33 ליטר,"גלידת שטראוס בע""\מ, רחוב",,,יח`,1.33,1 ליטר,false,1,19.90,14.96,true,1,
7290001343845,false,תערובת מיזלי עם פירות מיובשים 1 קג,דין שיווק וקליה 2021 בעמ,,,יח`,1,"ק""ג",false,1,19.90,19.90,false,1,
7290001407813,false,חלבה שאמית פיסטוק בקטנה בארכה 350ג',קבוצת אוסם סחר-שות.מוגבלת,,,יח`,3.50,100 גרם,false,1,14.90,4.26,false,1,
7290001436790,false,נקנקיות מרגז מיני אקסטרה חריף ארוז בלדי 500 ג',יוליניבר,,,יח`,5,100 גרם,false,1,27.90,5.58,false,1,
7290001462010,false,אריסה מרוקאית תבליני ביטון יוחאי.,נטו מלינדה סחר בעמ,,,יח`,2.50,100 גרם,false,1,14.90,5.96,true,1,
7290001482094,false,גבינה פרמז'נו משולשים ויליפוד 200ג',ג.וילי-פוד אינטרנשיונל **גבינו,,,יח`,2,100 גרם,false,1,17.90,8.95,false,1,
7290001482506,false,וילי פוד חומץ בלסמי בדץ 500מל,ג. וילי-פוד אינטרנשיונל בע`מ,,,יח`,5,"100 מ""ל",false,1,18.90,3.78,false,1,
7290001485019,false,גבינת קרם שמנת טבעי 5% טרה 200 גרם,*החברה המרכזית להפצת משקאותבעמ,,,יח`,2,100 גרם,false,1,11.90,5.95,false,1,
7290001491010,false,תה ירוק יסמין ויסוצקי 25 יחידות,תה ויסוצקי (ישראל) בעמ,,,יח`,0.3750,100 גרם,false,1,24.90,66.40,true,1,
7290001491096,false,תה ירוק בתוספת לימונית ולואיזה 50 שקיקים ויסוצקי,תה ויסוצקי (ישראל) בעמ,,,יח`,0.75,100 גרם,false,1,44.90,59.87,true,1,
7290001552025,false,קוסקוס של אמא פרבורגר 800 גרם,מטעמי פאר (א.מ.נ) בעמ,,,יח`,8,100 גרם,false,1,14.90,1.86,false,1,
7290001567708,false,נקניקיות וינר 400 גר`ללא ח`מ,מעדני יחיעם ( 1993 ) בע`מ,,,יח`,4,100 גרם,false,1,12.90,3.23,false,1,
7290001567760,false,פסטרמה של פעם יחיעם 300 גרם,מעדני יחיעם ( 1993 ) בע`מ,,,יח`,3,100 גרם,false,1,26.90,8.97,true,1,
7290001567814,false,סלמי מעושן בסגנון איטלקי 300 ג' יחיעם,מעדני יחיעם ( 1993 ) בע`מ,,,יח`,3,100 גרם,false,1,21.90,7.30,true,1,
7290001567937,false,"סלמי איטלקי מפולפל 200 גרם ""יחיעם""",מעדני יחיעם (1993) בעמ,,,יח`,2,100 גרם,false,1,12.90,6.45,false,1,
7290001591703,false,קבב אנגוס עגול טיבון ויל 500 גרם,נטו מלינדה סחר בעמ,,,יח`,5,100 גרם,false,1,22.90,4.58,false,1,
7290001591710,false,המבורגר אנגוס טיבון ויל 600 גרם,נטו מילנדה סחר בעמ*,,,יח`,6,100 גרם,false,1,22.90,3.82,false,1,
7290001591734,false,נקניקיה מרגז בסגנון מרוקאי טיבון ויל 500 גרם,נטו מילנדה סחר בעמ*,,,יח`,5,100 גרם,false,1,22.90,4.58,false,1,
7290001591758,false,קבב מזרחי בסגנון ביתי אנגוס 600 גר`טיבו,נטו מילנדה סחר בעמ*,,,יח`,6,100 גרם,false,1,22.90,3.82,false,1,
7290001594568,false,בירה בפחית קרלסברג (500 מל),החברה המרכזית להפצת משקאות בעמ,,,יח`,5,"100 מ""ל",false,1,8.90,1.72,false,1,
7290001594858,false,מארז שישייה בירה טובורג רד (330x6 מל),החברה המרכזית להפצת משקאות בעמ,,,יח`,1.98,1 ליטר,false,1,41.90,20.25,true,1,
7290001594865,false,"שישייה בירה קרלסברג בקבוק 330 מ""ל",החברה המרכזית להפצת משקאות בעמ,,,יח`,1.98,1 ליטר,false,1,36.90,17.73,true,1,
7290001670057,false,כפיות לבן 100 יח`הנמל,הנמל אריזות ושיווק (1984) בעמ,,,יח`,1,,false,1,11.90,11.90,true,1,
7290001670064,false,סכינים חד פעמי לבן 100 יח',הנמל אריזות ושיווק (1984) בעמ,,,יח`,1,,false,1,11.90,11.90,true,1,
7290001670071,false,כפות חד פעמי לבן 100 יח',הנמל אריזות ושיווק (1984) בעמ,,,יח`,1,,false,1,11.90,11.90,true,1,
7290001670224,false,מלית פרג 400 גרם פוליבה,הנמל אריזות ושיווק (1984) בעמ,,,יח`,4,100 גרם,false,1,13.90,3.48,true,1,
7290001670255,false,כוס קרטון שתייה חמה 8B 50 יח',הנמל אריזות ושיווק (1984) בעמ,,,יח`,1,,false,1,10.90,10.90,true,1,
7290001670354,false,"מפת שולחן סופגת לבן 137X274 ס""מ במיוחד",הנמל אריזות ושיווק (1984) בעמ,,,יח`,1,,false,1,10,10,false,1,
7290001670514,false,מלית אוכמניות למילוי דברי מאפה 400 ג,הנמל אריזות ושיווק (1984) בעמ,,,יח`,4,100 גרם,false,1,13.90,3.48,true,1,
7290001670842,false,ממרח חלבה פוליבה (400 גרם),הנמל אריזות ושיווק (1984) בעמ,,,יח`,4,100 גרם,false,1,11.90,2.98,false,1,
7290001670873,false,"צלחות גדולות לבנות קשיח ח""פ הנמל 66יח'",הנמל אריזות ושיווק (1984) בעמ,,,יח`,1,,false,1,39.90,39.90,false,1,
7290001690147,false,טעם טוב גבינה מותכת למריחה 6% מון בלאן,נטו מלינדה סחר בע`מ,,,יח`,1.20,100 גרם,false,1,11.60,9.67,true,1,
7290001690512,false,תות שדה קפוא 250 גר`,נטו מלינדה סחר בעמ,,,יח`,2.50,100 גרם,false,1,9.90,3.96,false,1,
7290001690529,false,מיקס פירות טרופי קפו,נטו מלינדה סחר בעמ,,,יח`,2.50,100 גרם,false,1,9.90,3.96,false,1,
7290001690536,false,מיקס פירות יער קפואו,נטו מלינדה סחר בעמ,,,יח`,2.50,100 גרם,false,1,9.90,3.96,false,1,
7290001690543,false,חתיכות אננס קפואות 250 גר',נטו מלינדה סחר בעמ,,,יח`,2.50,100 גרם,false,1,9.90,3.96,false,1,
7290001690550,false,מיקס תות בננה קפוא 2,נטו מלינדה סחר בעמ,,,יח`,2.50,100 גרם,false,1,9.90,3.96,false,1,
7290001690574,false,אוכמניות קפואות 250 גר`,נטו מלינדה סחר בעמ,,,יח`,2.50,100 גרם,false,1,9.90,3.96,false,1,
7290001696729,false,פקאן טבעי פיצוחי חממה (100 גרם),בוטנת בעמ חברה לקלייה ואריזת פ,,,יח`,1,100 גרם,false,1,16.90,16.90,false,1,
7290001710159,false,גולש עגל קפוא ארוז מ,לאטי עזרא גלם ודגים,,,יח`,8,100 גרם,false,1,35.90,4.49,false,1,
7290001780428,false,מאגדת גלידת לייט שוקולד נסטלה 6יח' 312ג',נגה גלידות שותפות מוגבלת,,,יח`,3.12,100 גרם,false,1,27.90,8.94,false,1,
7290001791349,false,אקונומיקה פיסגה ריחנית סנו (4 ליטר),החברה הדרומית לשיווק בעמ,,,יח`,4,1 ליטר,false,1,11.90,2.98,true,1,
7290001791356,false,"פרש מבשם אויר אוטומטי בניחוח לבנדר סנו 250 מ""ל",החברה הדרומית לשיווק בעמ,,,יח`,2.50,"100 מ""ל",false,1,13.90,5.56,false,1,
7290001791363,false,"מטהר אויר בניחוח וניל קוקוס מילוי סנו 250 מ""ל",החברה הדרומית לשיווק בעמ,,,יח`,1.65,100 גרם,false,1,13.90,8.42,false,1,
7290001817377,false,צ`יטוס איקס עיגול בטעם פיצה 60 גרם,"שטראוס פריטו ליי בע""\מ )",,,יח`,0.60,100 גרם,false,1,3.50,5.83,true,1,
7290001865453,false,פמילי לקשרי 1 ליטר לבנדר ארומטי+משאבה,מיוצר עי קונדיטוריית,,,יח`,1,1 ליטר,false,1,14.90,14.90,true,1,
7290001873458,false,סטייק בורגר 320 גר` בלאק אנגוס מוכשר אר,טיבון ויל אחזקות בעמ,,,יח`,3.20,100 גרם,false,1,24.90,7.78,true,1,
7290001881040,false,מלפפון ביביי כבוש במלח 600 גר`מאמא מרי,מאמא - מרי בעמ,,,יח`,6,100 גרם,false,1,18.90,3.15,false,1,
7290001881873,false,כרוב כבוש עם חמוציות 750 גר`מאמא מרי,מאמא - מרי בעמ,,,יח`,7.50,100 גרם,false,1,17.90,2.39,true,1,
7290001946121,false,פפריקה מרוקאית מתוקה תבליני ביטון 400 גרם,דין שיווק וקליה 2021 בעמ,,,יח`,4,100 גרם,false,1,19.90,4.98,false,1,
7290001946404,false,סלט שום כתוש תבליני ביטון יוחאי,נטו מלינדה סחר בעמ,,,יח`,2.50,100 גרם,false,1,13.90,5.56,true,1,
7290001990094,false,"סוכר חום כהה צנצנת קלאסי סוגת 1ק""ג",האי נאם סי או אל.טי.,,,יח`,10,100 גרם,false,1,14.90,1.49,false,1,
7290001990148,false,"סוכר גולדן קלאסי בצנצנת 1 ק""ג סוגת",האי נאם סי או אל.טי.,,,יח`,1,"ק""ג",false,1,13.90,13.90,true,1,
7290002000143,false,"חדש -פנג'ל ק.ידיים קלאסיק 80מ""ל",מיוצר עי קונדיטוריית,,,יח`,1,"100 מ""ל",false,1,9.90,9.90,true,1,
7290002002857,false,"מגע הדבש, ניירות להסרת שיער בשעווה, 50 יחידות","איטיליאן פוד, אס.פי.",,,יח`,1,יח`,false,1,24.90,24.90,true,1,
7290002007357,false,שקיות צליה דליקטס מיקרוגל הנמל 10 יח',הנמל אריזות ושיווק (1984) בעמ,,,יח`,1,,false,1,5.90,5.90,false,1,
7290002007401,false,קליפות הדרים מסוכרות 100 ג' הנמל,הנמל אריזות ושיווק (1984) בעמ,,,יח`,1,100 גרם,false,1,5.90,5.90,false,1,
7290002007890,false,כוסות חד פעמיות מפלסטיק 100 יח`,הנמל אריזות ושיווק (1984) בעמ,,,יח`,100,יח`,false,1,9.90,0.10,false,1,
7290002007975,false,צלחות פלסטיק קטנות חד פעמיות 50 יח,הנמל אריזות ושיווק (1984) בעמ,,,יח`,50,יח`,false,1,10.90,0.22,true,1,
7290002007982,false,מזלגות לבן 100 יח`הנמל,הנמל אריזות ושיווק (1984) בעמ,,,יח`,100,יח`,false,1,11.90,0.12,true,1,
7290002007999,false,צלחות פלסטיק גדולות חד פעמיות 50 יח,הנמל אריזות ושיווק (1984) בעמ,,,יח`,1,,false,1,15.90,15.90,true,1,
7290002008170,false,גביעי נייר מספר 3 הנמל 1 יחידה,הנמל אריזות ושיווק (1984) בעמ,,,יח`,1,,false,1,6.90,6.90,false,1,
7290002008309,false,עטרות נייר חום לעוגה מס' 4 הנמל 130יח',הנמל אריזות ושיווק (1984) בעמ,,,יח`,1,,false,1,6.90,6.90,false,1,
7290002008507,false,נייר אפיה הנמל 50 יחידות,הנמל אריזות ושיווק (1984) בעמ,,,יח`,1,,false,1,8.90,8.90,true,1,
7290002008651,false,קמח תפוחי אדמה הנמל 500 גרם,הנמל אריזות ושיווק (1984) בעמ,,,יח`,5,100 גרם,false,1,6.90,1.38,true,1,
7290002008989,false,קישקשים קשים לשתיה 225יח הנמל,הנמל אריזות ושיווק (1984) בעמ,,,יח`,1,,false,1,8.50,8.50,false,1,
7290002019114,false,רוטב עגבניות מרוכז מאד 28-30BX פריניר,ח.כהן סוכנות מזון ומשקאות בע,,,יח`,5.80,100 גרם,false,1,7.90,1.36,true,1,
7290002019183,false,"עגבניות מקולפות 800ג בד""ץ פריניר*",ח.כהן סוכנות מזון ומשקאות בע,,,יח`,8.50,100 גרם,false,1,6.90,0.81,true,1,
7290002019763,false,עגבניות מרוסקות 800ג פריניר ה.מכירה *,ח.כהן סוכנות מזון ומשקאות בע,,,יח`,8,100 גרם,false,1,6.90,0.86,true,1,
7290002019787,false,רוטב עגבניות מרוכז מאוד 260 גרם פריניר,ח.כהן סוכנות מזון ומשקאות בע,,,יח`,2.60,100 גרם,false,1,3.90,1.50,true,1,
7290002019794,false,רוטב עגבניות מרוכז מאוד 100 גרם פריניר,ח.כהן סוכנות מזון ומשקאות בע,,,יח`,1,100 גרם,false,1,1.90,1.90,true,1,
7290002026440,false,פרצלס בייגלה בראנץ אנד קראנץ 280 ג',מוצרי איכות אמריקאיים בעמ,,,יח`,2.80,100 גרם,false,1,14.90,5.32,true,1,
7290002037309,false,לחמניות המבורגר מאפיית ודש 8),מאפית י את א ברמן בע,,,יח`,4,100 גרם,false,1,12.50,3.13,false,1,
7290002037637,false,לחמניות הבית מתוקות מאפיית ודש) (4,מאפית י.את א. ברמן ב,,,יח`,4,100 גרם,false,1,11.90,2.98,false,1,
7290002040019,false,קוסקוס רגיל מזון קוסקוס (350 גרם),הנמל אריזות ושיווק (1984) בעמ,,,יח`,3.50,100 גרם,false,1,5.90,1.69,false,1,
7290002040064,false,קוסקוס דק להכנה מהירה בשקית 350 גרם,הנמל אריזות ושיווק (1984) בעמ,,,יח`,3.50,100 גרם,false,1,5.90,1.69,false,1,
7290002040071,false,קוסקוס עבה להכנה קלה ומהירה 350 גרם,הנמל אריזות ושיווק (1984) בעמ,,,יח`,3.50,100 גרם,false,1,5.90,1.69,false,1,
7290002040095,false,קוסקוס רגיל מארז 350X3ג' קוסקוס מזון,הנמל אריזות ושיווק (1984) בעמ,,,יח`,1,,false,1,13.90,13.90,false,1,
7290002043065,false,אקסטרה פריכיות אורז חום מלא בציפוי שוקולד מריר 70 גרם,א.ל.ייצור ושיווק תבלינים בעמ,,,יח`,0.70,100 גרם,false,1,8.90,12.71,true,1,
7290002043324,false,אקסטרה צ'יפס אורז חום מלא מלח 25 גרם,א.ל.ייצור ושיווק תבלינים בעמ,,,יח`,0.25,100 גרם,false,1,4.60,18.40,false,1,
7290002043331,false,אקסטרה צ'יפס אורז חום מלא כוסמת 60 גרם,א.ל.ייצור ושיווק תבלינים בעמ,,,יח`,0.60,100 גרם,false,1,7.90,13.17,false,1,
7290002043782,false,אקסטרה צ'יפס אורז חום מלא טקסס ברביקיו 60 גרם,א.ל.ייצור ושיווק תבלינים בעמ,,,יח`,0.60,100 גרם,false,1,6.90,11.50,true,1,
7290002053088,false,אטריות ביצים דקיקים מספר 8 אוריינט 200 גרם,גורי מוצרי צריכה (1991) בעמ,,,יח`,2,100 גרם,false,1,7.90,3.95,true,1,
7290002053538,false,נודלס בסגנון תאילנדי 25 תוספת אוריינטל 500 גרם,גורי מוצרי צריכה (1991) בעמ,,,יח`,5,100 גרם,false,1,13.90,2.78,false,1,
7290002065555,false,שישיית לחמנייה הכי רכה בהפסקה אנג'ל 450 גרם,מאפיית שלמה א. אנג'\ל בע,,,יח`,4.50,100 גרם,false,1,10.90,2.42,false,1,
7290002065616,false,לחם שיפון גרעינים פרוס אחדות (750 גרם),מאפיית שלמה א. אנג'\ל בע,,,יח`,7.50,100 גרם,false,1,12.50,1.67,false,1,
7290002065623,false,לחם שיפון של פעם כפרי פרוס אורנים 750 גרם,מאפיית שלמה א. אנג'\ל בע,,,יח`,7.50,100 גרם,false,1,12.50,1.67,false,1,
7290002075035,false,אובלטים מלוחים דקיקים בשקיות 500 גרם,מ.ד אטיאס סוכנויות מזון בע`מ,,,יח`,5,100 גרם,false,1,17.90,3.58,false,1,
7290002077725,false,סלומון נורווגי מצונן דלידג 100ג',נטו מלינדה סחר בע`מ,,,יח`,1,100 גרם,false,1,18.90,18.90,false,1,
7290002105503,false,בורגר מזרחי קפוא גלאט 500ג' מחפוד,עוף ירושלים שיווק בעמ,,,יח`,5,100 גרם,false,1,18.90,3.78,false,1,
7290002105510,false,קבב מזרחי מתובל וקפוא גלאט הדר בשר 500ג',עוף ירושלים שיווק בעמ,,,יח`,5,100 גרם,false,1,18.90,3.78,false,1,
7290002105558,false,טחון בקר 500 ג' גאלט מחפוד,עוף ירושלים שיווק בעמ,,,יח`,5,100 גרם,false,1,18.90,3.78,false,1,
7290002105565,false,טחון הודו 500 גרם מחפוד מהדרין,עוף ירושלים שיווק בעמ,,,יח`,5,100 גרם,false,1,12.90,2.58,false,1,
7290002105671,false,טחון עוף 500 גר' קפוא מחפוד,עוף ירושלים שיווק בעמ,,,יח`,5,100 גרם,false,1,12.90,2.58,false,1,
7290002105749,false,"טחון בקר 100% קפוא 1 ק""ג גאלט מחפוד",עוף ירושלים שיווק בעמ,,,יח`,1,"ק""ג",false,1,44.90,44.90,false,1,
7290002105756,false,טחון בקר בתוספת חלבון מן הצומח מחפוד,עוף ירושלים שיווק בעמ,,,יח`,1,"ק""ג",false,1,39.90,39.90,false,1,
7290002107385,false,גליל גבינת עיזים מה עז משק צוריאל 180 גרם,החברה המרכזית טלהפצת משקאות בע,,,יח`,1.80,100 גרם,false,1,24.70,13.72,false,1,
7290002107491,false,גבינה לבנה מחלב עיזים למריחה 5% משק צוריאל 250 גרם,*החברה המרכזית להפצת משקאותבעמ,,,יח`,2.50,100 גרם,false,1,16.70,6.68,true,1,
7290002107798,false,גבינה בולגרית מעודנת 5% משק צוריאל 250 גרם,*החברה המרכזית להפצת משקאותבעמ,,,יח`,2.50,100 גרם,false,1,24.10,9.64,false,1,
7290002109372,false,בורקס פילו אצבעות בולגרי 700 ג' שלושת האופים,שלושת האופים שגמור,,,יח`,7,100 גרם,false,1,19.90,2.84,true,1,
7290002128311,false,נר נשמה בכוס זכוכית שבועי מנורה שי נר,"מנורה שי נר בע""מ",,,יח`,1,,false,1,9.90,9.90,false,1,
7290002128410,false,נרות שבת שבת אורה מס`6,אבאל יזמות בעמ,,,יח`,1,,false,1,2.90,2.90,false,1,
7290002128434,false,נרות שבת אורה 10 יחידות,אבאל יזמות בעמ,,,יח`,1,,false,1,2.90,2.90,false,1,
7290002128762,false,נר נשמה בכוס ל72 שעות מנורה שי נר,"מנורה שי נר בע""מ",,,יח`,1,,false,1,5.90,5.90,true,1,
7290002128946,false,נר נשמה בכוס ל48 שעות מנורה שי נר,מנורה אור חדש בעמ,,,יח`,1,,false,1,4.90,4.90,true,1,
7290002129424,false,"שניצל דג מצופה דלידג, כשרות בד""ץ, 1 ק""ג",נטו מלינדה סחר בעמ,,,יח`,10,100 גרם,false,1,33.90,3.39,false,1,
7290002129455,false,פיצה איטלקית XL גדולה שלושת האופים 450 גרם,נטו מלינדה סחר בעמ,,,יח`,4.50,100 גרם,false,1,19.90,4.42,false,1,
7290002129462,false,פיצה איטלקית דקה שלושת האופים מארז זוג 640 ג',נטו מלינדה סחר בעמ,,,יח`,6.40,100 גרם,false,1,26.90,4.20,true,1,
7290002129479,false,פיצה איטלקית דקה שלושת האופים 320 גר,האי נאם סי או אל.טי.,,,יח`,3.20,100 גרם,false,1,13.90,4.34,true,1,
7290002129486,false,פיצה איטלקית דקה זיתים 340 ג' שלושת האופים,האי נאם סי או אל.טי.,,,יח`,3.40,100 גרם,false,1,14.90,4.38,true,1,
7290002130567,false,דבש דבורים טהור פרחי בר יד מרדכי 350 גרם,מכוורת יד מרדכי שטראוס ב,,,יח`,3.50,100 גרם,false,1,16.90,4.83,false,1,
7290002130574,false,דבש טהור מפרחי בר בזכוכית 500 ג' יד מרדכי,מכוורת יד מרדכי שטראוס ב,,,יח`,5,100 גרם,false,1,24.90,4.98,false,1,
7290002130581,false,דבש טהור מפרחי בר יד מרדכי (1 קג),מכוורת יד מרדכי שטראוס ב,,,יח`,1,"ק""ג",false,1,42.90,42.90,false,1,
7290002132011,false,עוגיות מזרחיות עם שומשום עבאדי (400 גר),מאפיית יוסף ושמחה עבאדי,,,יח`,4,100 גרם,false,1,16.90,4.23,true,1,
7290002157960,false,טונה ויליגר רביעייה 140 גר במי מלח,נטו מילנדה סחר בעמ*,,,יח`,1.40,100 גרם,false,1,19.90,14.21,false,1,
7290002195054,false,המבורגר קפוא בלדי (400 גרם),יוליניבר,,,יח`,4,100 גרם,false,1,11.90,2.98,false,1,
7290002195078,false,קבב כבש קפוא בלדי (400 גרם),בלדי בעמ,,,יח`,4,100 גרם,false,1,11.90,2.98,false,1,
7290002195085,false,קבב מזרחי קפוא בלדי (400 גרם),יוליניבר,,,יח`,4,100 גרם,false,1,11.90,2.98,false,1,
7290002195092,false,קבב רומני קפוא בלדי (400 גרם),בלדי בעמ,,,יח`,4,100 גרם,false,1,11.90,2.98,false,1,
7290002239185,false,אפונת גינה קפואה פרי גליל 800 גרם,ויטה -פרי גליל (החדשה) בעמ,,,יח`,8,100 גרם,false,1,9.90,1.24,false,1,
7290002239277,false,גזר גמדי קפוא פרי גליל 800ג',ויטה- פרי גליל (החדשה) בעמ,,,יח`,8,100 גרם,false,1,9.90,1.24,false,1,
7290002239420,false,תירס גרעינים 800 ג ' פרי הגליל,ויטה- פרי גליל (החדשה) בעמ,,,יח`,8,100 גרם,false,1,9.90,1.24,false,1,
7290002253006,false,שום טרי כתוש צנצנת דורות 200 גרם,קבוצת אוסם סחר-שות.מוגבלת,,,יח`,2,100 גרם,false,1,15.90,7.95,false,1,
7290002253105,false,שום במגשית 20 שיניים כתושות קפוא 80,קבוצת אוסם סחר-שות.מוגבלת,,,יח`,0.80,100 גרם,false,1,13.90,17.38,false,1,
7290002253150,false,קוביות בזיליקום קצוץ דורות 70 גרם,קבוצת אוסם סחר שותפות מוגבלת,,,יח`,0.70,100 גרם,false,1,10.90,15.57,false,1,
7290002253167,false,פטרוזיליה טרייה קצוצה מוקפאת 70 גרם,קבוצת אוסם סחר שותפות מוגבלת,,,יח`,0.70,100 גרם,false,1,10.90,15.57,false,1,
7290002253310,false,דורות שום צילי חריף קוביות תערובת 80 גר,קבוצת אוסם סחר שותפות מוגבלת,,,יח`,0.80,100 גרם,false,1,13.90,17.38,false,1,
7290002259640,false,דיימונד רדיד אלומיניום צר 30 ס''מ 7.5 מ'-,ריינולדס מוצרי צריכה,,,יח`,1,,false,1,12.90,12.90,false,1,
7290002259664,false,רדיד אלומיניום דיימונד גדול 60X0.60מ',ריינולדס מוצרי צריכה,,,יח`,1,,false,1,54.90,54.90,false,1,
7290002263562,false,מיץ לימון משומר( 200 מל)תבליני מימון,א.ל.ייצור ושיווק תבלינים בעמ,,,יח`,2,"100 מ""ל",false,1,6.90,3.45,false,1,
7290002263586,false,מיץ לימון משומר ( 500 מל) תבליני מימון,א.ל.ייצור ושיווק תבלינים בעמ,,,יח`,5,"100 מ""ל",false,1,11.90,2.38,true,1,
7290002263661,false,מיץ לימון 100% טבעי( 250 מל) תבליני מ,א.ל.ייצור ושיווק תבלינים בעמ,,,יח`,2.50,"100 מ""ל",false,1,7.90,3.16,false,1,
7290002277422,false,ריבועי בצק עלים מרודד 700 גרם שלושת האופים,נטו מלינדה סחר בע`מ,,,יח`,7,100 גרם,false,1,19.90,2.84,true,1,
7290002278528,false,כריות ניקוי שבתכלין ביאנקו שייני 2 יחידות,מ.א.ייצור ויבוא מטליות בעמ,,,יח`,1,,false,1,7.90,7.90,false,1,
7290002281405,false,זוג סלט סלמון מעושן פיקנטי ויליגר 2*160 גרם,"ויליגר תעשיות בע""\מ",,,יח`,3.20,100 גרם,false,1,9.90,3.09,false,1,
7290002281498,false,גבינה צהובה מגורדת על בסיס חלב 500 ג' ריץ,נטו מילנדה סחר בעמ*,,,יח`,5,100 גרם,false,1,24.90,4.98,true,1,
7290002291046,false,המבורגר מסעדות 480 גרם הקצביה בלדי,יוליניבר,,,יח`,4.80,100 גרם,false,1,24.90,5.19,false,1,
7290002317081,false,זיתים נטולי גלעין +20% 670ג A2 מטולה,שימורי מוטולה בעמ,,,יח`,5.60,100 גרם,false,1,9.90,1.77,true,1,
7290002317128,false,מלפפון 560ג במלח 10-12 A2 מטולה,שימורי מוטולה בעמ,,,יח`,5.60,100 גרם,false,1,9.90,1.77,true,1,
7290002317135,false,מלפפון 560ג במלח 13-17 A2 מטולה,שימורי מוטולה בעמ,,,יח`,5.60,100 גרם,false,1,9.90,1.77,false,1,
7290002317166,false,מלפפון 560ג בחומץ 10-12 A2 מטולה,שימורי מוטולה בעמ,,,יח`,5.60,100 גרם,false,1,9.90,1.77,true,1,
7290002317173,false,מלפפון בחומץ 13-17 560ג A2 מטולה,שימורי מוטולה בעמ,,,יח`,5.60,100 גרם,false,1,9.90,1.77,false,1,
7290002317265,false,מלפפון 650ג במלח +20% 7-9 A2 מטולה,שימורי מוטולה בעמ,,,יח`,5.60,100 גרם,false,1,7.90,1.41,true,1,
7290002317289,false,חצילים מוחמצים 560 גרם,שימורי מוטולה בעמ,,,יח`,5.60,100 גרם,false,1,8.90,1.59,true,1,
7290002317296,false,פלפל חריף שיפקה 670ג 20%+A2 מטולה,שימורי מוטולה בעמ,,,יח`,5.40,100 גרם,false,1,8.90,1.65,true,1,
7290002317319,false,מלפפון 650ג בחומץ +20% 7-9 A2 מטולה,שימורי מוטולה בעמ,,,יח`,3.48,100 גרם,false,1,7.90,2.27,true,1,
7290002317326,false,זיתים מנזולינו 12-15 +20% 670ג A2 מטולה,שימורי מוטולה בעמ,,,יח`,5.60,100 גרם,false,1,8.90,1.59,true,1,
7290002317357,false,פלפל שיפקה חריף צנצנת זכוכית מוטולה,אבאל יזמות בעמ,,,יח`,5.50,100 גרם,false,1,8.90,1.62,true,1,
7290002317371,false,זיתים מושחר נטול גלעין 560ג A2 מטולה,שימורי מוטולה בעמ,,,יח`,5.60,100 גרם,false,1,9.90,1.77,false,1,
7290002317579,false,זיתים טבעות ירוק 560ג A2 מטולה,שימורי מוטולה בעמ,,,יח`,5.60,100 גרם,false,1,9.90,1.77,true,1,
7290002317609,false,כרוב כבוש 560ג A2 מטולה,שימורי מוטולה בעמ,,,יח`,5.60,100 גרם,false,1,8.90,1.59,true,1,
7290002317616,false,זיתים מרינט 17-19 560ג A2 מטולה,שימורי מוטולה בעמ,,,יח`,5.60,100 גרם,false,1,9.90,1.77,false,1,
7290002317661,false,זיתים מנזולינו גדול מאוד זכוכית מוטולה,שימורי מוטולה בעמ,,,יח`,5.60,100 גרם,false,1,9.90,1.77,false,1,
7290002317678,false,חרוזית ירוק צנצנת זכוכית מוטולה,שימורי מוטולה בעמ,,,יח`,5.60,100 גרם,false,1,9.90,1.77,false,1,
7290002317852,false,מלפפון ביתי בצנצנת מוטולה (900גר`),שימורי מוטולה בעמ,,,יח`,9,100 גרם,false,1,29.90,3.32,false,1,
7290002319016,false,אבקת אפיה עשיריות מיה 100 גרם,מיה תעשיות מזון מ.ת.מ. בעמ,,,יח`,1,100 גרם,false,1,2.90,2.90,true,1,
7290002319023,false,סוכר וניל עשיריות מיה 100 גרם,מיה תבליני החיים ירושלים בע`מ,,,יח`,1,100 גרם,false,1,2.90,2.90,true,1,
7290002319061,false,קוקוס טחון מיה (100 גרם),מיה תעשיות מזון מ.ת.מ. בעמ,,,יח`,1,100 גרם,false,1,2.90,2.90,false,1,
7290002319078,false,שומשום 100 גרם מיה,מיה תעשיות מזון מ.ת.מ. בעמ,,,יח`,1,100 גרם,false,1,2.90,2.90,false,1,
7290002319115,false,חומוס גדול יבש מיה 500 גר',מיה תעשיות מזון מ.ת.מ. בעמ,,,יח`,5,100 גרם,false,1,7.90,1.58,true,1,
7290002319122,false,גריסים יבשים מיה 500 גר',מיה תעשיות מזון מ.ת.מ. בעמ,,,יח`,5,100 גרם,false,1,5.90,1.18,true,1,
7290002319139,false,שעועית לבנה יבשה מיה 500 ג',מיה תעשיות מזון מ.ת.מ. בעמ,,,יח`,5,100 גרם,false,1,9.90,1.98,true,1,
7290002319146,false,שעועית אדומה מיה (500 גרם),מיה תעשיות מזון מ.ת.מ. בעמ,,,יח`,5,100 גרם,false,1,11.90,2.38,false,1,
7290002319160,false,אפונה ירוקה יבשה מיה 500 ג',מיה תעשיות מזון מ.ת.מ. בעמ,,,יח`,5,100 גרם,false,1,6.90,1.38,true,1,
7290002319177,false,פופקורן גרעינים מיה 500 גר',מיה תעשיות מזון מ.ת.מ. בעמ,,,יח`,5,100 גרם,false,1,6.90,1.38,false,1,
7290002319184,false,עדשים אדומים יבשים מיה 500 גר',מיה תעשיות מזון מ.ת.מ. בעמ,,,יח`,5,100 גרם,false,1,9.90,1.98,true,1,
7290002319191,false,עדשים ירוקים יבשים מיה 500 גר',מיה תעשיות מזון מ.ת.מ. בעמ,,,יח`,5,100 גרם,false,1,7.90,1.58,true,1,
7290002319207,false,כוסמת מיה (500 גרם),מיה תעשיות מזון מ.ת.מ. בעמ,,,יח`,5,100 גרם,false,1,8,1.60,true,1,
7290002319221,false,חיטה מיה (500 גרם),מיה תעשיות מזון מ.ת.מ. בעמ,,,יח`,5,100 גרם,false,1,5.90,1.18,true,1,
7290002319375,false,"קורנפלור 200 ג' בד""ץ מיה",מיה תעשיות מזון מ.ת.מ. בעמ,,,יח`,2,100 גרם,false,1,5,2.50,false,1,
7290002319528,false,קמח מצה חמץ 200 גר' מיה,קבוצת אסם סחר שות. מוגבלת,,,יח`,2,100 גרם,false,1,3.90,1.95,false,1,
7290002319740,false,אגוזי מלך טחונים מיה 100 גרם,מיה תעשיות מזון מ.ת.מ. בעמ,,,יח`,1,100 גרם,false,1,11.90,11.90,false,1,
7290002319771,false,תמצית אפיה בטעם וניל מיה (50 מל),מיה תעשיות מזון מ.ת.מ. בעמ,,,יח`,0.50,"100 מ""ל",false,1,3.90,7.80,false,1,
7290002319788,false,תמצית אפיה בטעם רום כשלפ בדצ העדח,מיה תעשיות מזון מ.ת.מ. בעמ,,,יח`,0.60,"100 מ""ל",false,1,3.90,6.50,false,1,
7290002319825,false,"אבקת סוכר 100 ג`בד""ץ מיה",מיה תעשיות מזון מ.ת.מ. בעמ,,,יח`,1,100 גרם,false,1,2.50,2.50,true,1,
7290002327028,false,ג'חנון תימני 3 האופים 650 גר',נטו מלינדה סחר בעמ,,,יח`,6.50,100 גרם,false,1,15.90,2.45,true,1,
7290002327059,false,"בצק עלים 1 ק""ג שלושת האופים קהילות",נטו מלינדה סחר בע`מ,,,יח`,10,100 גרם,false,1,17.90,1.79,true,1,
7290002327073,false,בורקס גבינה 800 גר' שלושת האופים קהילות,נטו מלינדה סחר בע`מ,,,יח`,8,100 גרם,false,1,19.90,2.49,true,1,
7290002327103,false,שלושת האופים ג'חנון תימני 900 גרם,נטו מלינדה סחר בעמ,,,יח`,1,"ק""ג",false,1,20.90,20.90,true,1,
7290002327912,false,מיני בורקס גבינה 700 גר`שלושת האופים,נטו מלינדה סחר בעמ,,,יח`,7,100 גרם,false,1,19.90,2.84,true,1,
7290002327929,false,מיני בורקס תפוח אדמה 700 גר שלושת האופים,נטו מלינדה סחר בע`מ,,,יח`,7,100 גרם,false,1,19.90,2.84,true,1,
7290002329619,false,עוגת שוקולד צ'יפס עוגל'ה 350 גרם,בני פאוזי שמשום (2009) בעמ,,,יח`,3.50,100 גרם,false,1,6.90,1.97,true,1,
7290002329626,false,שיש- עוגה 350 גר' תבואות בר,בני פאוזי שמשום (2009) בעמ,,,יח`,3.50,100 גרם,false,1,6.90,1.97,true,1,
7290002329633,false,עוגת תפוח עץ עוגל'ה 350 גרם,בני פאוזי שמשום (2009) בעמ,,,יח`,3.50,100 גרם,false,1,6.90,1.97,true,1,
7290002329664,false,עוגת אנגלית עוגל'ה 350 גרם,בני פאוזי שמשום (2009) בעמ,,,יח`,3.50,100 גרם,false,1,6.90,1.97,true,1,
7290002329695,false,עוגת וניל הארץ עוגל'ה 350 גרם,בני פאוזי שמשום (2009) בעמ,,,יח`,3.50,100 גרם,false,1,6.90,1.97,true,1,
7290002329961,false,עוגת שוקוצ'ינו עוגל'ה 350 גרם,בני פאוזי שמשום (2009) בעמ,,,יח`,3.50,100 גרם,false,1,6.90,1.97,true,1,
7290002331162,false,נביעות מים מינרלים 1.5ל',החברה המרכזית להפצת משקאות בעמ,,,יח`,1.50,1 ליטר,false,1,3.90,2.60,false,1,
7290002331360,false,"נביעות מים מינרליים טו גו מארז 500X6מ""ל",החברה המרכזית להפצת משקאות בעמ,,,יח`,3,1 ליטר,false,1,15.70,4.63,true,1,
7290002345015,false,סינטה דק דק אל גאוצ'ו 250ג' מינוט,"טיבון ויל אחזקות בע""\מ",,,יח`,2.50,100 גרם,false,1,24.90,9.96,true,1,
7290002345022,false,אנטריקוט דק דק מינוט סטייק אל גאוצ'ו 250 גרם,"טיבון ויל אחזקות בע""\מ",,,יח`,2.50,100 גרם,false,1,24.90,9.96,true,1,
7290002345077,false,דק דק שניצל בקר 250 גר`טיבון ויל אל גא,"טיבון ויל אחזקות בע""\מ",,,יח`,2.50,100 גרם,false,1,14.90,5.96,false,1,
7290002345121,false,אסאדו דקדק אל גאוצ'ו 250 גרם,"טיבון ויל אחזקות בע""\מ",,,יח`,2.50,100 גרם,false,1,24.90,9.96,true,1,
7290002348139,false,תחתיות ארטישוק ויליגר (390 גרם),נטו מילנדה סחר בעמ*,,,יח`,4.25,100 גרם,false,1,10.90,2.56,true,1,
7290002348238,false,לפתן אננס חתוך 850 ג וויליגר,נטו מלינדה סחר בעמ,,,יח`,8.20,100 גרם,false,1,9.90,1.21,false,1,
7290002348306,false,'קוקטייל פירות ויליגר 850 ג,נטו מילנדה סחר בעמ*,,,יח`,8.50,100 גרם,false,1,9.90,1.16,false,1,
7290002349709,false,מצע לשמירת טריות,קונסיגנציה- ש. י גיספאן 1993,,,יח`,1,,false,1,14.90,14.90,false,1,
7290002360124,false,חליטת צמחים ורד הבר והיביסקוס פומפדור 20 יחידות,ש.שסטוביץ בעמ,,,יח`,0.30,100 גרם,false,1,15.90,53,true,1,
7290002360155,false,חליטת תה פרחי שומר פומפדור 20 שקיקים,ש. שסטוביץ בע`מ,,,יח`,0.40,100 גרם,false,1,15.90,39.75,true,1,
7290002360278,false,חליטת צמחים פומפדור מנטה 20 יחידות,"איטיליאן פוד, אס.פי.",,,יח`,0.45,100 גרם,false,1,15.90,35.33,true,1,
7290002360285,false,חליטת צמחים פומפדור קמומיל 20 יחידות,ש. שסטוביץ בע`מ,,,יח`,0.30,100 גרם,false,1,15.90,53,true,1,
7290002371533,false,דקניקים סלסולי פסטרמה דבש טירת צבי 120 גרם,תנובה מרכז שיתופי לשיווק תוצרת,,,יח`,1.20,100 גרם,false,1,15.90,13.25,true,1,
7290002371540,false,דקניקים קורנדביף ללא גלוטן טירת צבי 120 גרם,תנובה מרכז שיתופי לשיווק תוצרת,,,יח`,1.20,100 גרם,false,1,15.90,13.25,true,1,
7290002371854,false,נקניקיות עוף חריפות טירת צבי 2 * 500 גרם,תנובה מרכז שיתופי לשיווק תוצרת,,,יח`,1,1 ליטר,false,1,31.90,31.90,true,1,
7290002374312,false,שמן קנולה מזוכך 6% מילומור (1 ליטר),"נארז ע""י : א.ג. גילר",,,יח`,1,1 ליטר,false,1,10.90,10.90,false,1,
7290002374640,false,שמן בריאות קנולה פלוס אומגה 3 עץ הזית 1 ליטר,סוגת תעשיות בעמ,,,יח`,1,1 ליטר,false,1,16.90,16.90,false,1,
7290002402060,false,"נקניקיות עוף קראנץ קפוא 1 ק""ג מחפוד",עוף ירושלים שיווק בעמ,,,יח`,1,100 גרם,false,1,18.90,18.90,false,1,
7290002407102,false,זית סנטה מבוקע ענק ג`השאן (800 גרם),אבאל יזמות בעמ,,,יח`,8,100 גרם,false,1,21.90,2.74,true,1,
7290002407348,false,שמן זית ג`השאן כתית מעולה 750 מל`,משק משפחת ג'השאן,,,יח`,7.50,"100 מ""ל",false,1,34.90,4.65,true,1,
7290002407645,false,שמן זית כתית מעולה ( 750 מל) ארץ הגליל,אבאל יזמות בעמ,,,יח`,7.50,"100 מ""ל",false,1,29.90,3.99,true,1,
7290002410713,false,קישקע- מעדני הטלה מוביל,לאטי עזרא גלם ודגים,,,יח`,5,100 גרם,false,1,9.90,1.98,false,1,
7290002487364,false,שלושת האופים ב. פילו גבינה זיתים 700 גר לנדא,שלושת האופים שגמור,,,יח`,7,100 גרם,false,1,19.90,2.84,true,1,
7290002507604,false,פיצה שגב השף מאיטליה 350 גרם,האי נאם סי או אל.טי.,,,יח`,3.20,100 גרם,false,1,15.90,4.97,true,1,
7290002512004,false,מלווח צנעני 900 גרם קפוא,צנעני מוצרי בצק בעמ,,,יח`,9,100 גרם,false,1,19.90,2.21,false,1,
7290002512011,false,ג חנון בצק 900ג צנעני,צנעני מוצרי בצק בעמ,,,יח`,9,100 גרם,false,1,19.90,2.21,false,1,
7290002512066,false,ג`חנון אפוי צנעני למיקרוגל,צנעני מוצרי בצק בעמ,,,יח`,6.50,100 גרם,false,1,19.90,3.06,false,1,
7290002512257,false,מלווח מפחת שומן 700 גרם צנעני,צנעני מוצרי בצק בעמ,,,יח`,7,100 גרם,false,1,17.90,2.56,true,1,
7290002512264,false,ג'חנון מופחת שומן 700 גרם צנעני,צנעני מוצרי בצק בעמ,,,יח`,7,100 גרם,false,1,17.90,2.56,true,1,
7290002515371,false,"קמיל בלו אל סבון לתינוקות ד""ר פישר 1 ליטר","פישר תעשיות פרמצבטיות בע""מ",,,יח`,1,1 ליטר,false,1,30.90,30.90,true,1,
7290002517290,false,תבלין קינמון טחון 40 גר' מיכל,"תבליני טעם וריח בע""מ",,,יח`,0.40,100 גרם,false,1,6.90,17.25,false,1,
7290002517337,false,אורגנו עלים 20 גר' טעם וריח,"תבליני טעם וריח בע""מ",,,יח`,0.20,100 גרם,false,1,6.90,34.50,false,1,
7290002517375,false,בזילקום עלים 30 גר' טעם וריח,"תבליני טעם וריח בע""מ",,,יח`,0.30,100 גרם,false,1,6.90,23,false,1,
7290002517603,false,תבלין בזיליקום מיכל 10ג',"תבליני טעם וריח בע""מ",,,יח`,0.10,100 גרם,false,1,6.90,69,false,1,
7290002517801,false,תבלין צ'ילי כתוש - חריף (פלפל קיינה) 30 ג',"תבליני טעם וריח בע""מ",,,יח`,0.30,100 גרם,false,1,6.90,23,false,1,
7290002542506,false,"בקבוק בירה קורונה 355 מ""ל",קריניציה ויטמינה אס,,,יח`,3.55,"100 מ""ל",false,1,9.90,2.70,false,1,
7290002542780,false,"שישייה בירה סטלה ארטואה בקבוק 330X6 מ""ל","אינבב, ברוורייפליין",,,יח`,1.98,1 ליטר,false,1,34.90,16.72,true,1,
7290002543046,false,דגני בוקר קלוגס פרוסטיס 750 גרם,דיפלומט מפיצים (1968) בעמ**,,,יח`,7.50,100 גרם,false,1,21.90,2.92,false,1,
7290002581079,false,תן צ'אפ חטיף טבעות 50 גר',מיה תעשיות מזון מ.ת.מ. בעמ,,,יח`,0.60,100 גרם,false,1,3.90,6.50,false,1,
7290002603498,false,פיצת השף מאיטליה CHEF שגב אנטיפסטי 220,האי נאם סי או אל.טי.,,,יח`,2.20,100 גרם,false,1,14.90,6.77,true,1,
7290002627098,false,פיצה ביס 350 גר` שלושת האופים 12 יח,שגמור ייצור ושווק מוצרי,,,יח`,3.50,100 גרם,false,1,15.90,4.54,true,1,
7290002627210,false,גפילטע פיש קציצות מדגי קרפיון וכסיף בצנצנת 560 גרם,האי נאם סי או אל.טי.,,,יח`,5.60,100 גרם,false,1,9.90,1.77,false,1,
7290002628064,false,בשר בקר טחון קפוא בלדי (500 גרם),יוליניבר,,,יח`,5,100 גרם,false,1,15.90,3.18,false,1,
7290002628088,false,טחון הודו 500גרם קפוא ארוז,בלדי בע`מ,,,יח`,5,100 גרם,false,1,10.90,2.18,false,1,
7290002628293,false,טחון עוף קפוא 500 גרם בלדי,בלדי בע`מ,,,יח`,5,100 גרם,false,1,10.90,2.18,false,1,
7290002661153,false,לחם דני קל פרוס ברמן (1 קג),מאפית י את א ברמן בע,,,יח`,10,100 גרם,false,1,15.90,1.59,false,1,
7290002661214,false,ברמן לחם גליל קל מהדרין 750 גרם,מאפית י את א ברמן בע,,,יח`,7,100 גרם,false,1,12.50,1.79,false,1,
7290002692393,false,שמן קנולה מזוכך מועשר עץ הזית (1 ליטר),סוגת תעשיות בעמ,,,יח`,1,1 ליטר,false,1,15.90,15.90,true,1,
7290002692768,false,"תרסיס שמן קנולה מזוכך ללא תוספת גז עץ הזית 200 מ""ל",טרנסומס פוד איי בי,,,יח`,2,"100 מ""ל",false,1,19.90,9.95,true,1,
7290002692782,false,"תרסיס שמן זית כתית מעולה ללא תוספת גז עץ הזית 150 מ""ל",י.ב טכנולוגיות אריזה,,,יח`,1.50,"100 מ""ל",false,1,19.90,13.27,false,1,
7290002703068,false,צנצנת דבש עין חרוד 1,קונסיגנציה-דין שיווק וקליה 202,,,יח`,1,,false,1,43,43,false,1,
7290002715504,false,ארוחת נודלס בטעם עוף מג`יק (70 גרם),נטו מלינדה סחר בע`מ,,,יח`,0.70,100 גרם,false,1,4.50,6.43,false,1,
7290002715511,false,ארוחת נודלס בטעם בשר מג`יק (70 גרם),נטו מילנדה סחר בעמ*,,,יח`,0.70,100 גרם,false,1,4.50,6.43,false,1,
7290002715528,false,ארוחת נודלס בטעם ירקות מג`יק (70 גרם),נטו מילנדה סחר בעמ*,,,יח`,0.70,100 גרם,false,1,4.50,6.43,false,1,
7290002715580,false,ארוחת נודלס בטעם סיני חריף מג'יק 70 גרם,נטו מילנדה סחר בעמ*,,,יח`,0.70,100 גרם,false,1,4.50,6.43,false,1,
7290002730262,false,נוזל לניקוי כלים קלאסי פלמוליב (750 מל),יבואן ומשווק: ש. שסט,,,יח`,7.50,"100 מ""ל",false,1,12.90,1.72,true,1,
7290002730521,false,צימרוני אוזניים בלונס בקופסא 200 יח',ש. שסטוביץ בע`מ,,,יח`,1,100 גרם,false,1,6.90,6.90,false,1,
7290002730811,false,"משחת שיניים ג'ל פסים מרעננים קולגייט 100 מ""ל",הנסיך- מפעל לייצור ט,,,יח`,1.38,100 גרם,false,1,12.90,9.35,true,1,
7290002730941,false,כדורי צמר גפן בלונס 100 יחידות,הנסיך- מפעל לייצור ט,,,יח`,1,100 גרם,false,1,6.90,6.90,false,1,
7290002735007,false,"בצק עלים מרודד ינון 1 ק""ג",קפוא-זן תעשיות מזון בעמ - תפוג,,,יח`,1000,"ק""ג",false,1,13.90,0.01,false,1,
7290002735014,false,מלווח ארוז יינון 800 גר`,קפוא-זן תעשיות מזון בעמ - תפוג,,,יח`,8,100 גרם,false,1,13.90,1.74,false,1,
7290002735021,false,ג`חנון ארוז 750 גר`יינון,קפוא-זן תעשיות מזון בעמ - תפוג,,,יח`,7.50,100 גרם,false,1,13.90,1.85,false,1,
7290002735113,false,בורקס גבינה ינון 800 גר`,קפוא-זן תעשיות מזון בעמ - תפוג,,,יח`,8,100 גרם,false,1,16.90,2.11,false,1,
7290002735120,false,"בורקס תפו""א ינון 800 גרם",קפוא-זן תעשיות מזון בעמ - תפוג,,,יח`,8,100 גרם,false,1,13.90,1.74,false,1,
7290002735274,false,ג'חנון אפוי ינון 600 גרם,קפוא-זן תעשיות מזון בעמ - תפוג,,,יח`,6,100 גרם,false,1,16.90,2.82,false,1,
7290002739685,false,נקניקיות מרגז 400ג מוכן עטרה,נטו מלינדה סחר - עטרה,,,יח`,4,100 גרם,false,1,22.90,5.73,false,1,
7290002752332,false,"סוכריות מנטוס פירות בגליל, 37.5 גרם",הדקלאים אגודת שיתופי,,,יח`,0.3750,100 גרם,false,1,3.90,10.40,true,1,
7290002752349,false,סוכריות מנטוס מנטה 40יח' בגליל 38ג',ליימן שליסל בעמ,,,יח`,0.3750,100 גרם,false,1,3.90,10.40,true,1,
7290002752493,false,סוכריות טיק טק מנטה רביעיה 64 גרם,פרימיום-חברה לדברי מתיקה ולמסח,,,יח`,2.50,100 גרם,false,1,10.90,4.36,false,1,
7290002753223,false,רביעייה סוכריות תפוז 4*16 ג' טיק טק,פרימיום-חברה לדברי מתיקה ולמסח,,,יח`,2.50,100 גרם,false,1,10.90,4.36,false,1,
7290002753995,false,סוכריות עדשים לקישוט עוגה וורנר 6*25 גרם,היינץ צפון אמריקה מק,,,יח`,1.50,100 גרם,false,1,17.90,11.93,true,1,
7290002757139,false,מלוואח 700 גר' שלושת האופים קהילות,נטו מלינדה סחר בע`מ,,,יח`,7,100 גרם,false,1,15.90,2.27,true,1,
7290002757146,false,"קובה חמוסטה למרק שלושת האופים 1 ק""ג",נטו מלינדה סחר בע`מ,,,יח`,1,"ק""ג",false,1,19.90,19.90,true,1,
7290002757511,false,דלידג קציצות דג לבישול 750 גר קהילות,נטו מלינדה סחר בע`מ,,,יח`,7.50,100 גרם,false,1,28.90,3.85,true,1,
7290002757528,false,"בורקס פילו תפו""א 700 גרם שלושת האופים",נטו מלינדה סחר בע`מ,,,יח`,7,100 גרם,false,1,19.90,2.84,true,1,
7290002757665,false,קבב מזרחי טיבון ויל 400 ג',נטו מלינדה סחר בעמ,,,יח`,4,100 גרם,false,1,10.90,2.73,true,1,
7290002757672,false,המבורגר מזרחי טיבון ויל 400ג',נטו מילנדה סחר בעמ*,,,יח`,4,100 גרם,false,1,10.90,2.73,true,1,
7290002775010,false,מיני בורקס פילו גבינה שלושת האופים מהדרין 650 ג',שלושת האופים שגמור,,,יח`,6.50,100 גרם,false,1,19.90,3.06,true,1,
7290002782742,false,"פנינה רוזנבלום - דאודורנט ספריי לאישה מס' 2 150 מ""ל",פנינה רוזנבלום בעמ,,,יח`,1.50,"100 מ""ל",false,1,16.90,11.27,false,1,
7290002782759,false,קרם גוף מספר 2 פנינה רוזנבלום (340 מל),"פנינה רוזנבלום בע""מ",,,יח`,4,"100 מ""ל",false,1,23.90,5.98,false,1,
7290002787884,false,"מקלות פילו תפו""א 600 גרם שלושת האופים",נטו מלינדה סחר בע`מ,,,יח`,6,100 גרם,false,1,19.90,3.32,true,1,
7290002787891,false,מקלות פילו תרד 600 גרם שלושת האופים,נטו מלינדה סחר בע`מ,,,יח`,6,100 גרם,false,1,19.90,3.32,true,1,
7290002814016,false,"מסיר שומנים מתז 750 מ""ל סנט מוריץ כשל""פ עד""ח",קומפלקס כימיקלסבעמ ~~~,,,יח`,7.50,"100 מ""ל",false,1,12.90,1.72,false,1,
7290002814078,false,סנט מוריץ נוזל לניקוי אמבט אנטרטיק 1ל',קומפלקס כימיקלסבעמ ~~~,,,יח`,1,1 ליטר,false,1,7.90,7.90,true,1,
7290002814290,false,קצף מרוכז blanco בניחוח לימון משמיד 99.9% חיידקים סנט מוריץ 1 ליטר,קומפלקס כימיקלים בעמ,,,יח`,1,1 ליטר,false,1,12.90,12.90,true,1,
7290002814528,false,סנט מוריץ נוזל לאסלה No1 ירוק 1 ליטר,קומפלקס כימיקלסבעמ ~~~,,,יח`,1,1 ליטר,false,1,5.90,5.90,true,1,
7290002814603,false,"סנט מוריץ - מרסס מסיר שומנים קר מבושם לימון 750 מ""ל",קומפלקס כימיקלים בעמ,,,יח`,7.50,"100 מ""ל",false,1,12.90,1.72,true,1,
7290002814719,false,נוזל רצפות סנט מוריץ אסלות מאסק 4 ליטר,קומפלקס כימיקלים בעמ,,,יח`,40,"100 מ""ל",false,1,11.90,0.30,false,1,
7290002814825,false,סבון אסלה כדוריות שלישייה אוקינוס כחול ס,קומפלקס כימיקלים בעמ,,,יח`,1.50,100 גרם,false,1,9.90,6.60,false,1,
7290002814917,false,סנט מוריץ שמפו רצפות בניחוח לבנדר 4 ליטר,קומפלקס כימיקלים בעמ,,,יח`,4,1 ליטר,false,1,11.90,2.98,false,1,
7290002814931,false,סנט מוריץ שמפו רצפות בניחוח פרחים 4 ליטר - מרכז,קומפלקס כימיקלים בעמ,,,יח`,4,1 ליטר,false,1,11.90,2.98,false,1,
7290002824183,false,"גבינה לבנה סקי 500 גרם 5% ""שטראוס"" -מוצר בפיקוח",שטראוס גרופ בעמ/מצונן,,,יח`,5,100 גרם,false,1,9.50,1.90,false,1,
7290002824466,false,יוגורט דנונה ביו לבן 0% שומן 200 גרם,שטראוס גרופ בעמ/מצונן,,,יח`,2,"100 מ""ל",false,1,3.50,1.75,false,1,
7290002824640,false,"גבינת סקי 250 גרם 5% ""שטראוס"" -מוצר בפיקוח",שטראוס גרופ בעמ/מצונן,,,יח`,2.50,100 גרם,false,1,4.97,1.99,false,1,
7290002825722,false,כרוב אדום במיונז אחלה (500 גרם),שטראוס גרופ בעמ/מצונן,,,יח`,5.75,100 גרם,false,1,14.90,2.59,true,1,
7290002827306,false,נקניקיות עוף ירושלים מחפוד 400 ג',עוף ירושלים שיווק בעמ,,,יח`,4,100 גרם,false,1,9.90,2.48,false,1,
7290002827337,false,נקניקיות עוף פיקנטי חריף 400 מחפוד,עוף ירושלים שיווק בעמ,,,יח`,4,100 גרם,false,1,9.90,2.48,false,1,
7290002842002,false,פתיתי שיבולת שועל קוואקר אנגלי מורנפלייק,ליימן שליסל בעמ,,,יח`,5,100 גרם,false,1,9.90,1.98,false,1,
7290002868996,false,"קוטג' 5% שומן, רכיבים טבעיים, 250 גרם",*החברה המרכזית להפצת משקאותבעמ,,,יח`,2.50,100 גרם,false,1,5.60,2.24,false,1,
7290002871248,false,"בירה טובורג רד בקבוק 500 מ""ל חוזר",החברה המרכזית להפצת משקאות בעמ,,,יח`,5,"100 מ""ל",false,1,7.50,1.26,false,1,
7290002871361,false,"בירה קרלסברג בקבוק 500 מ""ל חוזר",החברה המרכזית להפצת משקאות בעמ,,,יח`,5,"100 מ""ל",false,1,7.50,1.26,false,1,
7290002881209,false,רסק תפוחי עץ דיאט 700 ג' תומר,תומר יבוא ושיווק מוצרי מזון (1,,,יח`,7,100 גרם,false,1,9.90,1.41,false,1,
7290002881216,false,רסק תפוחי עץ לא ממותק תומר 700 גרם,תומר ייבוא ושיווק מוצרי מזון [,,,יח`,7,100 גרם,false,1,9.90,1.41,false,1,
7290002881230,false,חתיכות אננס בסירופ קל תומר 850 גרם,תומר יבוא ושיווק מוצרי מזון (1,,,יח`,8.25,100 גרם,false,1,9.90,1.20,false,1,
7290002881612,false,לפתן דובדבנים חמוצים ללא חרצן תומר 720 ג',תומר יבוא ושיווק מוצרי מזון (1,,,יח`,6.80,100 גרם,false,1,8.90,1.31,false,1,
7290002900313,false,פסטרמה ספרדית טירת צבי,תנובה קפואים,,,"ק""ג",10,100 גרם,true,1,80,8,true,1,
7290002900566,false,פסטרמה ברביקיו דל שומן טירת צבי 400 גרם,הנסיך- מפעל לייצור ט,,,יח`,3.60,100 גרם,false,1,31.90,8.86,true,1,
7290002904694,false,"טיטניום דאודורנט ספריי לגברים 150 מ""ל",החברה הדרומית לשיווק בעמ,,,יח`,1.50,"100 מ""ל",false,1,14.90,9.93,false,1,
7290002909576,false,בשר בקר טחון לקציצות ולקבב 500 ג' 12 יח',יוליניבר,,,יח`,5,100 גרם,false,1,12.90,2.58,false,1,
7290002921349,false,דבק סופר גלו לוקטיט אריזה זוגית יעקובי,יעקב יעקבי ובניו בע`מ,,,יח`,1,,false,1,14.90,14.90,false,1,
7290002929642,false,נתחי טונה בהירה בשמן ויליגר (140x4 גרם),דיאמנט פוד פרודקט קו,,,יח`,4.60,100 גרם,false,1,19.90,4.33,false,1,
7290002954026,false,"שמן תירס ""שוקחה"" 3 ליטר",בני ג`ורג` שוקחה (חיפה) בעמ,,,יח`,3,1 ליטר,false,1,44.90,14.97,false,1,
7290002954040,false,שמן תירס שוקחה 1 ליטר,בני ג`ורג` שוקחה (חיפה) בעמ,,,יח`,10,"100 מ""ל",false,1,15.90,1.59,false,1,
7290002954736,false,עדשים שחורות 1 קג שוקחה,בני ג`ורג` שוקחה (חיפה) בעמ,,,יח`,1,"ק""ג",false,1,13.90,13.90,true,1,
7290002971986,false,קמח שיפון מלא 1 קג שטיבל ללא צורך בניפוי,טחנות קמח שטיבל בש בעמ,,,יח`,1,"ק""ג",false,1,8.50,8.50,true,1,
7290002971993,false,קמח כוסמין מלא ללא צורך בניפוי 1 קג שטיב,טחנות קמח שטיבל בש בעמ,,,יח`,10,100 גרם,false,1,14.90,1.49,false,1,
7290002972006,false,קמח בהיר(405) ללא צורך בניפוי ( 1 קג ),טחנות קמח שטיבל בש בעמ,,,יח`,1,"ק""ג",false,1,8.50,8.50,true,1,
7290002972365,false,קמח תופח שטיבל 13 ללא צורך בניפוי 1 קג,טחנות קמח שטיבל בש בעמ,,,יח`,1,"ק""ג",false,1,8.50,8.50,true,1,
7290002972426,false,"קמח 80% מלא ללא צורך בניפוי 1 ק""ג*",טחנות קמח שטיבל בש בעמ,,,יח`,1,"ק""ג",false,1,8.50,8.50,true,1,
7290002973669,false,"קמח שטיבל ללחם 2 ללא ניפוי 1 ק""ג",טחנת קמח דגן-שטיבל,,,יח`,1,"ק""ג",false,1,8.50,8.50,true,1,
7290002973812,false,קמח כוסמין (80% 1 קג)ללא צורך בניפוי ש,טחנות קמח שטיבל בש בעמ,,,יח`,10,100 גרם,false,1,14.90,1.49,false,1,
7290002973829,false,קמח כוסמין לבן( 1 קג) ללא צורך ניפוי ש,טחנות קמח שטיבל בש בעמ,,,יח`,10,100 גרם,false,1,14.90,1.49,false,1,
7290002974116,false,"קמח כפרי ללא צ.בניפוי שטיבל 1 ק""ג*",טחנות קמח שטיבל בש בעמ,,,יח`,1,"ק""ג",false,1,8.50,8.50,true,1,
7290002974222,false,קמח עוגיות ללא צורך בניפוי 1 קג שטיבל,טחנות קמח שטיבל בש בעמ,,,יח`,1,"ק""ג",false,1,8.50,8.50,true,1,
7290002974239,false,"קמח עוגות ללא צ.בניפוי שטיבל 1 ק""ג*",טחנות קמח שטיבל בש בעמ,,,יח`,1,"ק""ג",false,1,8.50,8.50,true,1,
7290002974314,false,"קמח פיצה שטיבל 1 ק""ג",טחנת קמח דגן-שטיבל,,,יח`,1,"ק""ג",false,1,10.90,10.90,false,1,
7290002987963,false,"חומוס אחלה 1 ק""ג שטראוס",שטראוס גרופ בעמ/מצונן,,,יח`,100,100 גרם,false,1,13.90,0.14,false,1,
7290003009183,false,סירופ דיאט 750 מל בטעם תפוחים פריגת,החברה המרכזית להפצת משקאות בעמ,,,יח`,7.50,"100 מ""ל",false,1,22.90,3.05,false,1,
7290003009640,false,מיץ תפוזים סחוט רכיבים טבעיים פריגת 1 ליטר,*החברה המרכזית להפצת משקאותבעמ,,,יח`,1,1 ליטר,false,1,15.90,15.90,true,1,
7290003011087,false,אורז בסמטי 1 קג` שקית כחולה דין שיווק,דין שיווק וקליה 2021 בעמ,,,יח`,1,"ק""ג",false,1,10.90,10.90,true,1,
7290003015634,false,"נוזל רצפות פסיפלורה 2 ליטר ""ריצפז פרש""",החברה הדרומית לשיווק בעמ,,,יח`,2,1 ליטר,false,1,19.90,9.95,true,1,
7290003015641,false,"נוזל רצפות יסמין 2 ליטר ""ריצפז פרש""",החברה הדרומית לשיווק בעמ,,,יח`,2,1 ליטר,false,1,19.90,9.95,true,1,
7290003026036,false,"ד""ר פישר - קמיל בלו סנסיטיב אל סבון עדין לתינוק 1 ליטר","פישר תעשיות פרמבצטיות בע""מ",,,יח`,1,1 ליטר,false,1,32.90,32.90,true,1,
7290003026234,false,"ד""ר פישר - קמיל בלו תחליב לתינוק 500 מ""ל","פישר תעשיות פרמצביטות בע""מ",,,יח`,5,"100 מ""ל",false,1,29.90,5.98,true,1,
7290003029181,false,משקה יטבתה שוקו' בקבוק 1ל מהדרין,שטראוס גרופ בעמ/מצונן,,,יח`,1,1 ליטר,false,1,11.90,11.90,false,1,
7290003029372,false,יטבתה משקה בטעם בננה %3 בקבוק 1 ליטר,שטראוס גרופ בעמ/מצונן,,,יח`,1,1 ליטר,false,1,11.90,11.90,false,1,
7290003029389,false,"משקה חלב בננה פקק ספורט 250 מ""ל יוטבתה",שטראוס גרופ בעמ/מצונן,,,יח`,2.50,"100 מ""ל",false,1,5.50,2.20,false,1,
7290003029433,false,"משקה יטבתה שוקו פקק 250 מ""ל מהדרין",שטראוס גרופ בעמ/מצונן,,,יח`,2.50,"100 מ""ל",false,1,5.50,2.20,false,1,
7290003029532,false,מוקה בבקבוק יטבתה 1 ליטר מהדרין,שטראוס גרופ בעמ/מצונן,,,יח`,1,1 ליטר,false,1,11.90,11.90,false,1,
7290003029617,false,יטבתה שמנת מנה אישית 15% 125מל,שטראוס גרופ בעמ/מצונן,,,יח`,1.25,"100 מ""ל",false,1,1.90,1.52,false,1,
7290003029792,false,"משקה יטבתה שוקו שקיות מהדרין מארז 225X8מ""ל",שטראוס גרופ בעמ/מצונן,,,יח`,1.80,1 ליטר,false,1,19.90,11.06,false,1,
7290003029815,false,חלב מועשר 3% בכד יטבתה 2 ליטר,שטראוס גרופ בעמ/מצונן,,,יח`,20,"100 מ""ל",false,1,14.90,0.75,false,1,
7290003029907,false,משקה חלב אייס קפה 2% יטבתה (1 ליטר,שטראוס גרופ בעמ/מצונן,,,יח`,1,1 ליטר,false,1,11.90,11.90,false,1,
7290003054657,false,חרדל ריין דיז'ון אקסטרה פורטה 370 גרם,דיפלומט מפיצים (1968) בעמ**,,,יח`,3.70,100 גרם,false,1,11.90,3.22,false,1,
7290003069705,false,"פיצה אישית גבינה דק 80 ג' תפזורת בד""צ",נטו מלינדה סחר בעמ,,,יח`,0.80,100 גרם,false,1,2.90,3.63,true,1,
7290003072859,false,רוסטביף טירת צבי 120 גרם,הנסיך- מפעל לייצור ט,,,יח`,1.20,100 גרם,false,1,27.90,23.25,true,1,
7290003102136,false,צמר גפן COTTON SOFT רפואי 100 גר' 3102136,הדקלאים אגודת שיתופי,,,יח`,1,,false,1,5.90,5.90,false,1,
7290003102419,false,כפפות ניילון בקופסא איזי טאצ 100 יח,אינטרסן 1996 בעמ,,,יח`,1,,false,1,5.90,5.90,true,1,
7290003102891,false,שקיות צליה הוסטס בקופסה 10יח',אינטרסן (1996) בעמ,,,יח`,1,,false,1,4.90,4.90,true,1,
7290003102976,false,צימרוני אוזניים פלסטיק בקופסה 200 יחידות,הדקלאים אגודת שיתופי,,,יח`,200,100 גרם,false,1,3.90,0.02,true,1,
7290003107216,false,קמח לבן בהיר 1 קג דגן מוביל,טחנות קמח דגן (2006) בעמ,,,יח`,10,100 גרם,false,1,6.60,0.66,false,1,
7290003107223,false,טחנת קמח דגן סולת 1קג,טחנות קמח דגן (2006) בעמ,,,יח`,1,"ק""ג",false,1,6.30,6.30,false,1,
7290003107247,false,שמרים יבשים אינסטנט33גרם,אבאל יזמות בעמ,,,יח`,0.33,100 גרם,false,1,6.90,20.91,true,1,
7290003107315,false,סולת בשקית טחנת קמח דגן (1 קג),טחנות קמח דגן (2006) בעמ,,,יח`,1,"ק""ג",false,1,4.40,4.40,false,1,
7290003107346,false,קמח חיטה לבן בדץ טחנת קמח דגן (1 קג),טחנות קמח דגן (2006) בעמ,,,יח`,1,"ק""ג",false,1,4.40,4.40,true,1,
7290003107353,false,שטיבל משפר אפייה ביתי 3 * 10 גרם,ט.ק דגן טכנולוגיות ב,,,יח`,0.30,100 גרם,false,1,5.90,19.67,true,1,
7290003118113,false,פיתות עשירייה תימניות ידעי.,מאפיית כפיר צ. ידעי בעמ,,,יח`,5,100 גרם,false,1,12.90,2.58,false,1,
7290003121083,false,ארוחת נודלס בטעם בשר בשקית מג'יק 85 גרם,נטו מילנדה סחר בעמ*,,,יח`,0.85,100 גרם,false,1,3.30,3.88,true,1,
7290003121090,false,ארוחת נודלס ירקות בשקית מג'יק 85 גרם,נטו מלינדה סחר בעמ,,,יח`,0.85,100 גרם,false,1,3.30,3.88,true,1,
7290003121106,false,ארוחת נודלס טעם עוף בשקית מג'יק 85 גרם,נטו מילנדה סחר בעמ*,,,יח`,0.85,100 גרם,false,1,3.30,3.88,true,1,
7290003126712,false,יוגורט עיזים מחלב מלא 3.7% משק צוריאל 150 גרם,*החברה המרכזית להפצת משקאותבעמ,,,יח`,1.50,"100 מ""ל",false,1,6.70,4.47,false,1,
7290003126958,false,טופו גבינה גוש בואקום צוריאל 300 ג',*החברה המרכזית להפצת משקאותבעמ,,,יח`,3,100 גרם,false,1,12.40,4.13,true,1,
7290003141159,false,יוגטה מרשמלו ממתק מוקצף בטעמי תות שדה ווניל 180 גרם,ליימן שליסל בעמ,,,יח`,1.80,100 גרם,false,1,8.90,4.94,true,1,
7290003143139,false,סילאן תמרים קלית גת 900 ג',"טעמי הגליל בע""\מ",,,יח`,9,100 גרם,false,1,14.90,1.66,true,1,
7290003143146,false,ממרח תמרים קליית גת (450 גרם),הדקלאים אגודת שיתופי,,,יח`,4.50,100 גרם,false,1,6.90,1.53,true,1,
7290003143276,false,יוגטה מרשמלו ממתק מוקצף בטעם תות שדה 180 גרם,ליימן שליסל בעמ,,,יח`,1.80,100 גרם,false,1,8.90,4.94,true,1,
7290003144419,false,סילאן טבעי קליית גת (710 גרם),"טעמי הגליל בע""\מ",,,יח`,7.10,100 גרם,false,1,19.90,2.80,false,1,
7290003145959,false,פקאן טבעי קליית גת 150 גרם,ליימן שליסל בעמ,,,יח`,1.50,100 גרם,false,1,19.90,13.27,false,1,
7290003185726,false,קבב מזרחי טיבון ויל 500 גרם,טיבון ויל אחזקות בעמ,,,יח`,5,100 גרם,false,1,20.90,4.18,true,1,
7290003189076,false,פיצרלה הצהובה הטובה מגורדת 22% כפיר 500 גרם,צי תעשיות מזון יבנה,,,יח`,5,100 גרם,false,1,20.90,4.18,false,1,
7290003189267,false,הצהובה הטובה לייט קלאסית 5% כפיר 200 גרם,צי תעשיות מזון יבנה,,,יח`,2,100 גרם,false,1,12.90,6.45,false,1,
7290003217014,false,פיתות תנעמי בטעם ביתי דגנית עין בר) (5,דגנית עין בר תעשיות מזון ואפיה,,,יח`,5,100 גרם,false,1,5.50,1.10,false,1,
7290003224128,false,כיסוני תפוא 800 גר`קפוא מאמא מרי,מאמא - מרי בעמ,,,יח`,8,100 גרם,false,1,16.90,2.11,false,1,
7290003224159,false,בלינצ`ס במילוי בשר 400 גר`מאמא מרי,מאמא - מרי בעמ,,,יח`,4,100 גרם,false,1,17.90,4.48,false,1,
7290003224265,false,כיסונים עם בשר בקר 800 גר`מאמא מרי,מאמא - מרי בעמ,,,יח`,8,100 גרם,false,1,28.90,3.61,false,1,
7290003224456,false,"כיסונים בשר סיבירסקי מאמא מרי 1 ק""ג",מאמא - מרי בעמ,,,יח`,1,"ק""ג",false,1,27.90,27.90,true,1,
7290003224579,false,כיסונים במילוי בשר 1.5 קג`XXL מאמא מרי,מאמא - מרי בעמ,,,יח`,1.50,"ק""ג",false,1,38.90,25.93,false,1,
7290003229109,false,פסטרמה הודו בפפריקה טירת צבי (400 גרם),תנובה מרכז שיתופי לשיווק תוצרת,,,יח`,4,100 גרם,false,1,31.90,7.98,true,1,
7290003229116,false,פסטרמה הודו בדבש שומן טירת צבי 400 גרם,תנובה מרכז שיתופי לשיווק תוצרת,,,יח`,4,100 גרם,false,1,31.90,7.98,true,1,
7290003229123,false,פסטרמה הודו על גחלים 2% טירת צבי 400 גרם,תנובה מרכז שיתופי לשיווק תוצרת,,,יח`,4,100 גרם,false,1,31.90,7.98,true,1,
7290003229154,false,נקניק סלמי קוניאק טירת צבי 300 גרם,תנובה מרכז שיתופי לשיווק תוצרת,,,יח`,3,100 גרם,false,1,28.90,9.63,true,1,
7290003229192,false,נקניק כתף בקר מעושן 2% טירת צבי 400 גרם,תנובה מרכז שיתופי לשיווק תוצרת,,,יח`,4,100 גרם,false,1,35.90,8.98,true,1,
7290003229208,false,פסטרמה ספרדית 2% טירת צבי 360 גרם,תנובה מרכז שיתופי לשיווק תוצרת,,,יח`,3.60,100 גרם,false,1,31.90,8.86,true,1,
7290003229215,false,פסטרמה איטלקית 3.5% טירת צבי 360 גרם,תנובה מרכז שיתופי לשיווק תוצרת,,,יח`,3.60,100 גרם,false,1,31.90,8.86,true,1,
7290003229222,false,נקניק סלמי תה טירת צבי 300 גרם,תנובה מרכז שיתופי לשיווק תוצרת,,,יח`,3,100 גרם,false,1,21.90,7.30,true,1,
7290003268252,false,לחם חיטה מלא לילדים 750 ג' דגנית עין בר,דגנית עין בר תעשיות מזון ואפיה,,,יח`,7.50,100 גרם,false,1,14.50,1.93,false,1,
7290003268429,false,לחם ירוק מקמח מלא דגנית עין בר (750 גרם),דגנית עין בר תעשיות מזון ואפיה,,,יח`,7.50,100 גרם,false,1,14.90,1.99,false,1,
7290003268641,false,דגנית עין בר חלה מתוקה מיוחדת 500 גרם,דגנית עין בר תעשיות מזון ואפיה,,,יח`,5,100 גרם,false,1,12.90,2.58,false,1,
7290003268771,false,חלה קלועה מתוקה 500 גר`דגנית,דגנית עין בר תעשיות מזון ואפיה,,,יח`,5,100 גרם,false,1,10.40,2.08,false,1,
7290003287253,false,נקניקיות מרגז הקצביה 500 גרם בלדי,בלדי בעמ,,,יח`,5,100 גרם,false,1,27.90,5.58,false,1,
7290003287284,false,קבב ביתי קצביה ארוז 600 גר`באלדי,בלדי בע`מ,,,יח`,6,100 גרם,false,1,27.90,4.65,false,1,
7290003287291,false,קבב טלה וצנובר קצביה ארוז 600 ג' - 8 יח',בלדי בע`מ,,,יח`,6,100 גרם,false,1,27.90,4.65,false,1,
7290003287314,false,קבב על מקל קינמון קצביה ארוז 520 ג' - 8 יח',בלדי בעמ,,,יח`,5.20,100 גרם,false,1,27.90,5.37,false,1,
7290003321155,false,יוגורט בר עם פקאן מצופה שוקולד 183 ג' דנונה,שטראוס גרופ בעמ/מצונן,,,יח`,1.75,"100 מ""ל",false,1,4.40,2.51,false,1,
7290003332014,false,קפה שחור עם הל נח`לה אדום (500 גרם),סובחי נחלה ובניו בעמ,,,יח`,5,100 גרם,false,1,26.90,5.38,false,1,
7290003387205,false,ספיד סטיק - דאודורנט סטיק לגבר רגולר,הנסיך- מפעל לייצור ט,,,יח`,0.6370,100 גרם,false,1,17.90,28.10,false,1,
7290003387410,false,בלונס פדים להסרת איפור שלישייה,ש. שסטוביץ בע`מ,,,יח`,1,יח`,false,1,19.90,19.90,true,1,
7290003401369,false,"קרם לחות לשיער חוחובה נטורל פורמולה 400 מ""ל",החברה הדרומית לשיווק בעמ,,,יח`,4,"100 מ""ל",false,1,21.90,5.48,true,1,
7290003401420,false,"קרם לחות לשיער סיליקון כתום נטורל 400 מ""ל",החברה הדרומית לשיווק בעמ,,,יח`,4,"100 מ""ל",false,1,21.90,5.48,true,1,
7290003401642,false,"קרם לחות לתלתלים טבעיים נטורל פורמולה 400 מ""ל",החברה הדרומית לשיווק בעמ,,,יח`,4,"100 מ""ל",false,1,21.90,5.48,true,1,
7290003411054,false,שקיות צליה גדול דליקטס רוסטי הנמל 5יח`,הנמל אריזות ושיווק (1984) בעמ,,,יח`,0,100 גרם,false,1,3.90,3.90,false,1,
7290003411573,false,צלחות פלסטיק עמוקות חד פעמיות 30 יח,הנמל אריזות ושיווק (1984) בעמ,,,יח`,1,,false,1,16.90,16.90,false,1,
7290003411689,false,לפתניות פלסטיק חד פעמיות 25 יח`,הנמל אריזות ושיווק (1984) בעמ,,,יח`,1,,false,1,4.90,4.90,true,1,
7290003411696,false,מרקיות פלסטיק חד פעמיות 25 יח`,הנמל אריזות ושיווק (1984) בעמ,,,יח`,25,יח`,false,1,9.90,0.40,true,1,
7290003427154,false,"שמן זית כתית מעולה טעם מעודן זיתא 750 מ""ל",תה ויסוצקי (ישראל) בעמ,,,יח`,7.50,"100 מ""ל",false,1,27.90,3.72,false,1,
7290003438006,false,ממרח אולביה פסטו וצנובר איטלקי 190ג',תה ויסוצקי (ישראל) בעמ,,,יח`,1.90,100 גרם,false,1,13.90,7.32,true,1,
7290003438020,false,אוליביה ממרח עגבניות מיובשות (190 גרם),תה ויסוצקי (ישראל) בעמ,,,יח`,1.90,100 גרם,false,1,13.90,7.32,true,1,
7290003438709,false,ממרח אולביה זיתים שחורים וירוקים 190 ג',תה ויסוצקי (ישראל) בעמ,,,יח`,1.90,100 גרם,false,1,13.90,7.32,true,1,
7290003450602,false,חרדל אמיתי צהוב בקבוק לחיץ 255 גר,היינץ צפון אמריקה מקבוצת ה.י.היינץ,,,יח`,2.55,100 גרם,false,1,11.90,4.67,false,1,
7290003514007,false,מנה שקדי מרק מנה 400 גרם,ש.שסטוביץ בעמ,,,יח`,4,100 גרם,false,1,9.90,2.48,false,1,
7290003514571,false,פריכונים אורז עם מלח מנה (100 גרם),ש.שסטוביץ בעמ,,,יח`,1,100 גרם,false,1,5.90,5.90,false,1,
7290003521197,false,"ד""ר פישר - סרקל תרסיס מתיר קשרים 340 מ""ל","פישר תעשיות פרמצביטות בע""מ",,,יח`,3.40,"100 מ""ל",false,1,25.90,7.62,false,1,
7290003521395,false,"קמיל בלו סנסיטיב אל סבון ד""ר פישר 2 ליטר","פישר תעשיות פרמבצטיות בע""מ",,,יח`,2,1 ליטר,false,1,39.90,19.95,false,1,
7290003521463,false,"קמיל בלו שמפו לשיער אל דמע ד""ר פישר 2 ליטר","פישר תעשיות פרמצביטות בע""מ",,,יח`,2,1 ליטר,false,1,39.90,19.95,false,1,
7290003521760,false,"אפטרסול ג'ל אלוורה שפורפרת ד""ר פישר 200 מ""ל","פישר תעשיות פרמצביטות בע""מ",,,יח`,2,"100 מ""ל",false,1,19.90,9.95,false,1,
7290003524297,false,אספרגוס לבן שלם בצנצנת ויליגר 330 גרם,צ'אמפהאוס טרידייג קו,,,יח`,3.30,100 גרם,false,1,9.90,3,false,1,
7290003526444,false,אננס חתוך ויליגר A2 מהדרין,נטו מלינדה סחר בע`מ,,,יח`,5.60,100 גרם,false,1,6.90,1.23,false,1,
7290003550753,false,נתחי טונה בהירה בשמן פוסידון (108x4 גרם),"מיוצר עי וליגר בעמ,",,,יח`,4.32,100 גרם,false,1,21.90,5.07,true,1,
7290003570164,false,מינוט שווארמה פרגית 300 גרם / 20 יחידות,"בלדי בע""\מ",,,יח`,3,100 גרם,false,1,26.90,8.97,false,1,
7290003570171,false,מינוט שניצל 300 גרם / 20 יחידות,"בלדי בע""\מ",,,יח`,3,100 גרם,false,1,22.90,7.63,false,1,
7290003570928,false,קבב בלדי קצביה ארוז קפוא 500ג',בלדי בעמ,,,יח`,5,100 גרם,false,1,27.90,5.58,false,1,
7290003578061,false,לבבות דקל שלמים וילי פוד (400 גרם),ג.וילי-פוד אינטרנשיונל בעמ,,,יח`,4,100 גרם,false,1,12.90,3.23,false,1,
7290003578177,false,תירס צעיר שלם וילי פוד (410 גרם),ג.וילי-פוד אינטרנשיונל בעמ,,,יח`,4.10,100 גרם,false,1,6.90,1.68,false,1,
7290003578313,false,דובדבנים ללא חרצנים ויליפוד 680 גרם,ג. וילי-פוד אינטרנשיונל בע`מ,,,יח`,7.20,100 גרם,false,1,8.90,1.24,true,1,
7290003598311,false,דק דק אנטריקוט 300 גר`קפוא פרוס מינוט,"בלדי בע""\מ",,,יח`,3,100 גרם,false,1,34.90,11.63,true,1,
7290003643004,false,אורז בסמטי קלאסי סוגת (1 קג),האי נאם סי או אל.טי.,,,יח`,1,"ק""ג",false,1,12.90,12.90,true,1,
7290003643387,false,"סוכר אריזת פלסטיק 1 ק""ג סוגת",האי נאם סי או אל.טי.,,,יח`,1,"ק""ג",false,1,7.90,7.90,false,1,
7290003643646,false,"סוכר דמררה קלאסי בצנצנת סוגת 1 ק""ג",האי נאם סי או אל.טי.,,,יח`,10,100 גרם,false,1,12.90,1.29,false,1,
7290003643684,false,אפונה יבשה סוגת 500 גר',האי נאם סי או אל.טי.,,,יח`,5,100 גרם,false,1,6.90,1.38,true,1,
7290003643707,false,גריסים סוגת (500 גרם),"סוגת תעשיות בע""מ",,,יח`,5,100 גרם,false,1,5.90,1.18,true,1,
7290003643714,false,חומוס גרגירים 500 גרם סוגת,האי נאם סי או אל.טי.,,,יח`,5,100 גרם,false,1,7.90,1.58,true,1,
7290003643738,false,חיטה סוגת (500 גרם),האי נאם סי או אל.טי.,,,יח`,5,100 גרם,false,1,5.90,1.18,true,1,
7290003643745,false,כוסמת סוגת (500 גרם),האי נאם סי או אל.טי.,,,יח`,5,100 גרם,false,1,7.90,1.58,true,1,
7290003643752,false,עדשים ירוקים יבש סוגת 500 גר',האי נאם סי או אל.טי.,,,יח`,5,100 גרם,false,1,7.90,1.58,true,1,
7290003643769,false,עדשים אדומים יבש סוגת 500 גר',"סוגת תעשיות בע""\מ",,,יח`,5,100 גרם,false,1,7.90,1.58,true,1,
7290003643776,false,"פופקורן גרעינים סוגת 500 ג' כשל""פ",האי נאם סי או אל.טי.,,,יח`,5,100 גרם,false,1,6.90,1.38,true,1,
7290003643806,false,שעועית לבנה יבשה סוגת (500 גרם),האי נאם סי או אל.טי.,,,יח`,5,100 גרם,false,1,12.90,2.58,true,1,
7290003643813,false,שעועית אדומה יבשה סוגת 500 גר',האי נאם סי או אל.טי.,,,יח`,5,100 גרם,false,1,10.90,2.18,true,1,
7290003643820,false,חומוס ענק יבש סוגת 500 גרם,"סוגת תעשיות בע""\מ",,,יח`,5,100 גרם,false,1,12.90,2.58,true,1,
7290003681334,false,"קוקוס 400 גרם מיה בד""צ",מיה תעשיות מזון מ.ת.מ. בעמ,,,יח`,4,100 גרם,false,1,11.90,2.98,false,1,
7290003681532,false,דובדבנים מסוכרים 80 גרם מיה,מיה תעשיות מזון מ.ת.מ. בעמ,,,יח`,0.80,100 גרם,false,1,8.90,11.13,false,1,
7290003681693,false,חומוס לבן ענק יבש מיה 500 גר',מיה תעשיות מזון מ.ת.מ. בעמ,,,יח`,5,100 גרם,false,1,10.90,2.18,false,1,
7290003718610,false,"במיה 400 ג' בית יוסף כשל""פ",בלדי בעמ,,,יח`,4,100 גרם,false,1,9.90,2.48,false,1,
7290003719259,false,לחם אקסקלוסיבי פרוס ליבו (1 קג),מאפית י את א ברמן בע,,,יח`,1,"ק""ג",false,1,16.20,16.20,false,1,
7290003726592,false,טופו מתובל בפסטו במרקם קלאסי,שטראוס גרופ בעמ/מצונן,,,יח`,3,100 גרם,false,1,11.90,3.97,true,1,
7290003726615,false,"טופו ויילר 300 גרם ""שטראוס""",שטראוס גרופ בעמ/מצונן,,,יח`,3,100 גרם,false,1,11.90,3.97,true,1,
7290003726622,false,טופו פיקנטי 300 ג' משק ויילר,שטראוס גרופ בעמ/מצונן,,,יח`,3,100 גרם,false,1,12.90,4.30,true,1,
7290003726684,false,טופו חומוס בטעם טבעי 300 ג' משק ויילר,שטראוס גרופ בעמ/מצונן,,,יח`,3,100 גרם,false,1,13.90,4.63,true,1,
7290003726868,false,טופו חומוס בתוספת עגבניות מיובשות 300 ג' משק ויילר,שטראוס גרופ בעמ/מצונן,,,יח`,3,100 גרם,false,1,12.90,4.30,true,1,
7290003726875,false,טופו חומוס בתוספת פסטו ויילר 300 גרם,שטראוס גרופ בעמ/מצונן,,,יח`,3,100 גרם,false,1,12.90,4.30,true,1,
7290003744428,false,אובלטים מלוחים דקדקים קימל ברט (300 גרם),שוקוטרייד בעמ,,,יח`,3,100 גרם,false,1,11.90,3.97,false,1,
7290003744848,false,אובלטים גריל ברביקיו,שוקוטרייד בעמ,,,יח`,3,100 גרם,false,1,11.90,3.97,false,1,
7290003744855,false,אובלטים עם שומשום 300 גר,שוקוטרייד בעמ,,,יח`,3,100 גרם,false,1,11.90,3.97,false,1,
7290003744862,false,אובלטים מלוחים דקיקים זעתר ברט (300 גרם),שוקוטרייד בעמ,,,יח`,3,100 גרם,false,1,11.90,3.97,false,1,
7290003781065,false,מלפפונים בחומץ קטנים מאוד וילי פוד 370 גרם,ג. וילי-פוד אינטרנשיונל בע`מ,,,יח`,6.90,100 גרם,false,1,9.90,1.43,false,1,
7290003781652,false,צלפים במי מלח וילי פוד 230 גרם,ג. וילי-פוד אינטרנשיונל בע`מ,,,יח`,3.50,100 גרם,false,1,8.90,2.54,false,1,
7290003781850,false,גבינת קשקבל פרוסות 200 גרם ויליפוד.,ג.וילי-פוד אינטרנשיונל **גבינו,,,יח`,2,100 גרם,false,1,19.90,9.95,false,1,
7290003804252,false,תיבוליות לאורז בנוסח הודי קנור 80גרם,יוניליוור ישראל שיווק בע`מ,,,יח`,0.80,100 גרם,false,1,9.90,12.38,true,1,
7290003804320,false,תיבולית קנור שום ופטורזיליה 72 גרם,"יוניליוור ישראל שיווק בע""מ",,,יח`,0.80,100 גרם,false,1,9.90,12.38,true,1,
7290003804368,false,תיבוליות בזיליקום קנור (8 יח`- 72 גרם),"יוניליוור ישראל שיווק בע""מ",,,יח`,0.72,100 גרם,false,1,9.90,13.75,true,1,
7290003804382,false,תיבוליות פטריות קנור (8 יח`- 72 גרם),יוניליוור ישראל שיווק בע`מ,,,יח`,0.72,100 גרם,false,1,9.90,13.75,true,1,
7290003807178,false,"רוטב קנור סויה בסגנון סיני 300 מ""ל","יוניליוור ישראל שיווק בע""מ",,,יח`,3,"100 מ""ל",false,1,12.90,4.30,true,1,
7290003864478,false,סרדינים בשמן צמחי פתח קל ויליפוד 110 גרם,ג.וילי-פוד אינטרנשיונל בעמ,,,יח`,1.10,100 גרם,false,1,5.90,5.36,true,1,
7290003864485,false,סרדינים ברוטב עגבנ יות ויליפוד 110ג' פתח קל,ג. וילי-פוד אינטרנשיונל בע`מ,,,יח`,1.10,100 גרם,false,1,5.90,5.36,true,1,
7290003864492,false,סרדין בשמן צמחי חריף פתח קל ויליפוד 110 גרם,ג. וילי-פוד אינטרנשיונל בע`מ,,,יח`,1.10,100 גרם,false,1,5.90,5.36,true,1,
7290003882922,false,עלי גפן ממולאים באורז וילי פוד 360 גרם,ג. וילי-פוד אינטרנשיונל בע`מ,,,יח`,4,100 גרם,false,1,8.90,2.23,false,1,
7290003962013,false,סחוג אדום 200 גר`,מטעמי אביטלי,,,יח`,2,100 גרם,false,1,11.90,5.95,false,1,
7290003962075,false,שום כתוש 1 קג,מטעמי אביטלי,,,יח`,1,,false,1,29.90,29.90,false,1,
7290003962099,false,פלפל צומה 200 גר`,מטעמי אביטלי,,,יח`,1,,false,1,11.90,11.90,false,1,
7290003962112,false,שום כתוש 400 גר`,מטעמי אביטלי,,,יח`,4,100 גרם,false,1,17.90,4.48,false,1,
7290003962419,false,עמבה 250 גר`,מטעמי אביטלי,,,יח`,2.50,100 גרם,false,1,11.90,4.76,false,1,
7290003976577,false,"מטהר אוויר אוטומטי פרדיסו טאצ 250 מ""ל",סאסאטק אגשח בעמ,,,יח`,2.50,"100 מ""ל",false,1,12.90,5.16,false,1,
7290003976584,false,מטהר אויר אוטומט( 250 מל)אקווה טאצ,סאסאטק אגשח בעמ,,,יח`,2.50,"100 מ""ל",false,1,12.90,5.16,false,1,
7290003976591,false,מטהר אויר אוטומט( 250 מל)לוטוס טאצ,סאסאטק אגשח בעמ,,,יח`,2.50,"100 מ""ל",false,1,12.90,5.16,false,1,
7290003976614,false,אקונומיקה סמיכה פרחים 4 ליטר עם פקק ביטח,סאסאטק אגשח בעמ,,,יח`,40,"100 מ""ל",false,1,11.90,0.30,false,1,
7290003989096,false,סלט חצילים פיקנטי אחלה 500 גרם,שטראוס גרופ בעמ/מצונן,,,יח`,5.75,100 גרם,false,1,15.90,2.77,true,1,
7290003989539,false,רביולי עם גבינה שטראוס (400 גרם),שטראוס גרופ בעמ/מצונן,,,יח`,4,100 גרם,false,1,20.90,5.23,true,1,
7290003989553,false,פסטה טורטליני גבינה ופטריות 400 גרם,שטראוס גרופ בעמ/מצונן,,,יח`,4,100 גרם,false,1,20.90,5.23,true,1,
7290003996209,false,פטריות שמפיניון חסלט ללא חרקים א.א,יעל ירק עלים לשיווק בעמ,,,יח`,1,,false,1,9.90,9.90,false,1,
7290003996575,false,סלק אדום מבושל בואקום חסלט,יעל ירק עלים לשיווק בעמ,,,יח`,3,1 ליטר,false,1,6.90,2.30,false,1,
7290004011284,false,בסיס להכנת קצפת צמחי ריץ` (212 מל),ריצ' פרודקטס קורפריי,,,יח`,2.12,"100 מ""ל",false,1,8.90,4.20,true,1,
7290004011291,false,בסיס להכנת קצפת צמחי ריץ` (425 מל),נטו מלינדה סחר בע`מ,,,יח`,4.25,"100 מ""ל",false,1,16.90,3.98,true,1,
7290004011338,false,קצפת מתוקה מוכנה ספריי ריץ` (250 מל),נטו מלינדה סחר בע`מ,,,יח`,2.50,"100 מ""ל",false,1,15.90,6.36,true,1,
7290004011345,false,"ספריי קצפת מתוקה מוכנה פרווה ריץ' 238 מ""ל",האי נאם סי או אל.טי.,,,יח`,2.50,"100 מ""ל",false,1,15.90,6.36,true,1,
7290004011819,false,המבורגר ריב אנטריקוט אל גאוצ`ו 360 גר`ק,נטו מלינדה סחר בע`מ,,,יח`,3.60,100 גרם,false,1,22.90,6.36,true,1,
7290004011826,false,מיני המבורגר ריב אנטריקוט אל גאוצ`ו 360,טיבון ויל אחזקות בעמ,,,יח`,3.20,100 גרם,false,1,22.90,7.16,true,1,
7290004030018,false,"פריניב מיץ לימון סחוט פרי לתיבול 500 מ""ל",הנסיך- מפעל לייצור ט,,,יח`,5,"100 מ""ל",false,1,11.20,2.18,false,1,
7290004030216,false,משקה בטעם חמוציות 1 ליטר פריניב,הנסיך- מפעל לייצור ט,,,יח`,1,1 ליטר,false,1,14.90,14.90,true,1,
7290004030544,false,משקה בטעם לימונדה לואיזה ולימון 1 ליטר פריניב,הנסיך- מפעל לייצור ט,,,יח`,1,1 ליטר,false,1,14.90,14.90,false,1,
7290004030810,false,שייק 100% בננה פסיפלורה תפוז מופחת סוכר1,הנסיך- מפעל לייצור ט,,,יח`,1,1 ליטר,false,1,19.90,19.90,true,1,
7290004048679,false,קובה למרק שלושת האופים(כ 18 יח`- 1 קג),נטו מלינדה סחר בעמ,,,יח`,10,100 גרם,false,1,19.90,1.99,false,1,
7290004061449,false,שניצל אמריקאי 700 גר`טופ שוף,קפוא-זן תעשיות מזון בעמ - תפוג,,,יח`,7,100 גרם,false,1,12.90,1.84,false,1,
7290004061487,false,טבעות עוף700 גר`טופ שף,קפוא-זן תעשיות מזון בעמ - תפוג,,,יח`,7,100 גרם,false,1,14.90,2.13,false,1,
7290004061494,false,נגיסי עוף 700 גר`טופ שף,קפוא-זן תעשיות מזון בעמ - תפוג,,,יח`,7,100 גרם,false,1,14.90,2.13,false,1,
7290004063016,false,מלח שולחן מעולה סלית (1 קג)פיקוח,האי נאם סי או אל.טי.,,,יח`,1,"ק""ג",false,1,1.90,1.90,false,1,
7290004063115,false,"מלח מטבח עבה להמלחת בשר ובישול 1 ק""ג 1ק""ג",האי נאם סי או אל.טי.,,,יח`,1,"ק""ג",false,1,1.90,1.90,false,1,
7290004064099,false,מטחנה מלח ים מהרי ההימלאיה מלח הארץ 100 גרם,"חברת מלח הארץ אילת בע""\מ",,,יח`,2.50,100 גרם,false,1,16.90,6.76,true,1,
7290004064174,false,"תבלין מלח ההימלאיה דק בצנצנת 1 ק""ג","חברת מלח הארץ אילת בע""\מ",,,יח`,1,"ק""ג",false,1,17.90,17.90,true,1,
7290004064181,false,"תבלין מלח ההימלאיה גס בצנצנת 1 ק""ג","חברת מלח הארץ אילת בע""\מ",,,יח`,1,"ק""ג",false,1,15.90,15.90,false,1,
7290004064280,false,מלח מופחת נתרן בצנצנת מלח הארץ 600 גרם,חברת מלח הארץ אילת בעמ,,,יח`,6,100 גרם,false,1,15.90,2.65,false,1,
7290004064358,false,"מלח דק זורם בקלות מלח הארץ קרטון 1 ק""ג","חברת מלח הארץ אילת בע""\מ",,,יח`,1,"ק""ג",false,1,4.90,4.90,true,1,
7290004068028,false,"יוגורט צזיקי לשתיה 3.5% 500 מ""ל רובין",מחלבות גד שיווק 1992 בעמ,,,יח`,5,"100 מ""ל",false,1,10,2,false,1,
7290004068035,false,"איירן יוגורט לשתייה 3% גד 500 מ""ל",מחלבות גד שיווק 1992 בעמ,,,יח`,5,"100 מ""ל",false,1,7.90,1.58,false,1,
7290004078270,false,נוזל לניקוי כלים בריח לימון פלמוליב 1 ליטר,יבואן ומשווק: ש. שסט,,,יח`,1,1 ליטר,false,1,13.90,13.90,false,1,
7290004078690,false,"אגקס נוזל לניקוי אסלות מרענן 750 מ""ל",הנסיך- מפעל לייצור ט,,,יח`,7.50,"100 מ""ל",false,1,14.90,1.99,false,1,
7290004119133,false,כד יוגורט תנובה 6.5% שומן 1.5 ליטר,מיוצר עי קונדיטוריית,,,יח`,1.50,1 ליטר,false,1,17.50,11.67,false,1,
7290004119225,false,יוגורט יופלה אננס 3% שומן 150 גרם,תנובה מרכז שיתופי לש,,,יח`,1.50,"100 מ""ל",false,1,4.90,3.27,false,1,
7290004119928,false,מעדן חלב בטעם וניל 2% קרלו תנובה 125 גרם,מחלבת אלון תבור,,,יח`,1.25,"100 מ""ל",false,1,2.90,2.32,false,1,
7290004119973,false,קרלו מעדן שוקו רביעיה גביע 1.5% 125 גרם,תנובה מרכז שיתופי לש,,,יח`,1.25,"100 מ""ל",false,1,2.90,2.32,false,1,
7290004120061,false,מעדן חלב בטעם שוקו וניל שוניל 2% קרלו 125 גרם,תנובה מרכז שיתופי לש,,,יח`,1.25,"100 מ""ל",false,1,3,2.40,false,1,
7290004120108,false,יוגורט יופלה דיאט דובדבן 0% שומן 150גרם,תנובה מרכז שיתופי לש,,,יח`,1.50,"100 מ""ל",false,1,4.90,3.27,false,1,
7290004120566,false,גבינה בולגרית (25024% גרם)פיראוס תנובה,"תנובה בע""מ ***",,,יח`,2.50,100 גרם,false,1,22.90,9.16,false,1,
7290004120573,false,גבינה בולגרית (25016% גרם)פיראוס תנובה,תנובה מרכז שיתופי לש,,,יח`,2.50,100 גרם,false,1,22.90,9.16,false,1,
7290004120634,false,גבינה בולגרית (2505% גרם)פיראוס תנובה,תנובה מרכז שיתופי לש,,,יח`,2.50,100 גרם,false,1,21.90,8.76,false,1,
7290004121488,false,יוגורט ביו דיאט 0% אפרסק יופלה (150 גרם),תנובה מרכז שיתופי לש,,,יח`,1.50,"100 מ""ל",false,1,4.90,3.27,false,1,
7290004121525,false,יופלה מאגדת פרי 4 תות 4 אפרסק 3% 8 יח'*150 ג',תנובה מרכז שיתופי לש,,,יח`,1.20,1 ליטר,false,1,29.90,24.92,false,1,
7290004121754,false,יוגורט ביו עוגת גבינה ותות 3% יופלה 150 גרם,תנובה בעמ ***,,,יח`,1.50,"100 מ""ל",false,1,4.90,3.27,false,1,
7290004121839,false,גבינת פטה כבשים (25020% גרם)פיראוס בול,תנובה מרכז שיתופי לש,,,יח`,2.50,100 גרם,false,1,26.50,10.60,false,1,
7290004121853,false,גבינה בולגרית קוביות (2005% גרם)פיראוס,תנובה מרכז שיתופי לש,,,יח`,2,100 גרם,false,1,21.90,10.95,false,1,
7290004122119,false,פתיתי פרמזן לפסטה 23% השף הלבן 100 גרם,"תנובה בע""מ ***",,,יח`,1,100 גרם,false,1,12.20,12.20,false,1,
7290004122195,false,גוש חלב גבינה צהובה פרוסה 28% תנובה 200 גרם,"תנובה בע""מ ***",,,יח`,2,100 גרם,false,1,13.80,6.90,false,1,
7290004122270,false,עמק קלאסית פרוסות גבינה חצי קשה 28% 200 גרם,תנובה מרכז שיתופי לש,,,יח`,2,100 גרם,false,1,16.10,8.05,false,1,
7290004122348,false,גבינה צהובה מופחתת שומן 9% עמק (200 גרם),תנובה מרכז שיתופי לש,,,יח`,2,100 גרם,false,1,16.90,8.45,false,1,
7290004122676,false,גבינה חמד לייט (2505% גרם)פיראוס תנובה,תנובה מרכז שיתופי לש,,,יח`,2.50,100 גרם,false,1,17.90,7.16,false,1,
7290004122683,false,עמק חטיף אצבעות גבינה חצי קשה 28% שומן,תנובה מרכז שיתופי לש,,,יח`,1.72,100 גרם,false,1,16.20,9.42,false,1,
7290004124205,false,יופלה דיאט יוגורט תות %0 גביע 150 גרם,תנובה מרכז שיתופי לש,,,יח`,1.50,"100 מ""ל",false,1,4.90,3.27,false,1,
7290004124847,false,"קצפת צמחית השף הלבן 500 מ""ל תנובה",תנובה מרכז שיתופי לש,,,יח`,5,"100 מ""ל",false,1,14.90,2.98,false,1,
7290004125370,false,"שמנת חמוצה 9% מופחתת שומן תנובה 200 מ""ל מהדרין",תנובה מרכז שיתופי לש,,,יח`,2,"100 מ""ל",false,1,3.70,1.85,false,1,
7290004125400,false,"אשל שלי מהדרין 200 מ""ל 4.5% ""תנובה""- מוצר בפיקוח",פארייפאבה אגרואינדוס,,,יח`,2,"100 מ""ל",false,1,1.69,0.85,false,1,
7290004125417,false,"גיל 3% שלי 200 מ""ל ""תנובה"" -מוצר בפיקוח",תנובה מרכז שיתופי לש,,,יח`,2,"100 מ""ל",false,1,1.51,0.76,false,1,
7290004125455,false,"שמנת חמוצה 200 מ""ל 15% ""תנובה"" -מוצר בפיקוח",תנובה מרכז שיתופי לש,,,יח`,2,"100 מ""ל",false,1,2.40,1.20,false,1,
7290004125462,false,"שמנת חמוצה 15% תנובה 500 מ""ל מהדרין",תנובה מרכז שיתופי לש,,,יח`,5,"100 מ""ל",false,1,6,1.20,false,1,
7290004125509,false,"שמנת חמוצה 15% מועשרת תנובה 100 מ""ל",תנובה מרכז שיתופי לש,,,יח`,1,"100 מ""ל",false,1,1.60,1.60,false,1,
7290004125578,false,משקה סויה מועשר בסידן 1 ל`תנובה,תנובה מרכז שיתופי לש,,,יח`,1,1 ליטר,false,1,9.90,9.90,false,1,
7290004125585,false,משקה סויה בטעם וניל תנובה 1 ליטר,תנובה מרכז שיתופי לש,,,יח`,1,1 ליטר,false,1,9.90,9.90,false,1,
7290004125721,false,"השף הלבן שמנת עמידה לבישול 15% תנובה 250 מ""ל",תנובה מרכז שיתופי לש,,,יח`,2.50,"100 מ""ל",false,1,8.20,3.28,false,1,
7290004125738,false,שמנת מתוקה להקצפה32% 250מל עמיד השף הלבן,תנובה מרכז שיתופי לש,,,יח`,2.50,"100 מ""ל",false,1,6.40,2.56,false,1,
7290004125776,false,גבינה צהובה קלאסית 28% עמק (400 גרם),"תנובה בע""מ ***",,,יח`,4,100 גרם,false,1,27.80,6.95,false,1,
7290004126674,false,טל העמק פרוסות גבינה חצי קשה לייט %9 200 גרם בקופסא,תנובה מרכז שיתופי לש,,,יח`,2,100 גרם,false,1,18.90,9.45,false,1,
7290004126759,false,דאיט יופלה פירות יער טו יוג פרי 150גר.,"תנובה בע""מ ***",,,יח`,1.50,"100 מ""ל",false,1,4.90,3.27,false,1,
7290004126872,false,משקאות חלב תנובה שוקו בקבוק 250מל,תנובה - חלב,,,יח`,2.50,"100 מ""ל",false,1,5.90,2.36,false,1,
7290004127077,false,קוטג תנובה 3% גביע 250 גרם מהדרין,מיוצר עי קונדיטוריית,,,יח`,2.50,100 גרם,false,1,5.50,2.20,false,1,
7290004127329,false,קוטג תנובה גביע 250 גרם %5 ו.מהדרין,מיוצר עי קונדיטוריית,,,יח`,2.50,100 גרם,false,1,5.50,2.20,false,1,
7290004127336,false,קוטג תנובה גביע 250 גרם %9 ו.מהדרין,מיוצר עי קונדיטוריית,,,יח`,2.50,100 גרם,false,1,5.50,2.20,false,1,
7290004127800,false,"גבינה לבנה 500 גרם 5% ""תנובה"" -מוצר בפיקוח",מיוצר עי קונדיטוריית,,,יח`,5,100 גרם,false,1,9.96,1.99,false,1,
7290004127817,false,גבינה לבנה 9% שומן 500 ג' תנובה,מיוצר עי קונדיטוריית,,,יח`,5,100 גרם,false,1,9.50,1.90,false,1,
7290004127862,false,"גבינה לבנה 750 גרם 5% ""תנובה"" - מוצר בפיקוח",תנובה מרכז שיתופי לש,,,יח`,7.50,100 גרם,false,1,14.94,1.99,false,1,
7290004127916,false,גבינה לבנה 0.5% שומן 500 ג' תנובה,תנובה מרכז שיתופי לש,,,יח`,5,100 גרם,false,1,9.50,1.90,false,1,
7290004128333,false,לאבנה על בסיס יוגורט %9 שומן 500 ג' פיראוס,תנובה בעמ ***,,,יח`,5,100 גרם,false,1,19.50,3.90,false,1,
7290004128340,false,קרם גבינת שמנת %5 בטעם טבעי 200 ג' תנובה,תנובה בעמ ***,,,יח`,2,100 גרם,false,1,11.50,5.75,false,1,
7290004129101,false,גבינת שמנת 25% בטעם טבעי 225 ג' נפוליאון,תנובה מרכז שיתופי לש,,,יח`,2.25,100 גרם,false,1,13.90,6.18,false,1,
7290004129156,false,גבינת שמנת25% עם שום שמיר 225 ג' נפוליאון,תנובה מרכז שיתופי לש,,,יח`,2.25,100 גרם,false,1,13.90,6.18,false,1,
7290004129767,false,"3% 'יופלה לבן מארז שמינייה 1.2 ק""ג",תנובה מרכז שיתופי לש,,,יח`,12,"100 מ""ל",false,1,17.50,1.46,false,1,
7290004130695,false,משקאות חלב תנובה אייס קפה בבקבוק 1ל,תנובה מרכז שיתופי לש,,,יח`,1,1 ליטר,false,1,12.50,12.50,false,1,
7290004130794,false,משקה סויה במתיקות מופחתת תנובה (1 ליטר),תנובה מרכז שיתופי לש,,,יח`,1,1 ליטר,false,1,9.90,9.90,false,1,
7290004130916,false,יוגורט יופלה פירות יער בשמנת 3% 150 גרם,תנובה מרכז שיתופי לש,,,יח`,1.50,"100 מ""ל",false,1,4.90,3.27,false,1,
7290004131074,false,"חלב 1 ליטר 3% קרטון ""תנובה""- מוצר בפיקוח",תנובה מרכז שיתופי לש,,,יח`,1,1 ליטר,false,1,6.23,6.23,false,1,
7290004131432,false,יוגורט יופלה לבן ביו 3% 200 גרם,מיוצר עי קונדיטוריית,,,יח`,2,"100 מ""ל",false,1,3.90,1.95,false,1,
7290004131456,false,יוגורט ביו 1.5% שומן 200 ג' יופלה,מיוצר עי קונדיטוריית,,,יח`,2,"100 מ""ל",false,1,3.90,1.95,false,1,
7290004131531,false,שוקו 30% פחות תוספת סוכר תנובה (1 ליטר),פארייפאבה אגרואינדוס,,,יח`,1,1 ליטר,false,1,12.50,12.50,false,1,
7290004131814,false,גבינת צפתית מעודנת (2005% גרם)פיראוס ת,פארייפאבה אגרואינדוס,,,יח`,2,100 גרם,false,1,14.90,7.45,false,1,
7290004131845,false,לאבנה גביע 9% 750 גר`פיראוס תנובה,תנובה מרכז שיתופי לש,,,יח`,7.50,100 גרם,false,1,26.90,3.59,false,1,
7290004132552,false,משקה סויה בטעם טבעי לייט תנובה 1 ליטר,תנובה מרכז שיתופי לש,,,יח`,1,1 ליטר,false,1,9.90,9.90,false,1,
7290004132606,false,"קרלו מעדן חלב בטעם וניל 2% תנובה 8*100 מ""ל",תנובה מרכז שיתופי לש,,,יח`,8,"100 מ""ל",false,1,13.90,1.74,false,1,
7290004132712,false,חטיף אצבעות גבינת מוצרלה 20% 172 ג' עמק,תנובה מרכז שיתופי לש,,,יח`,1.74,100 גרם,false,1,16.50,9.48,false,1,
7290004132903,false,גבינה לבנה 3% מהדרין תנובה 250 גרם,תנובה מרכז שיתופי לש,,,יח`,2.50,100 גרם,false,1,4.70,1.88,false,1,
7290004133511,false,יופלה מאגדת לבן 1.5% מעודן 8 יח' * 150 ג',מיוצר עי קונדיטוריית,,,יח`,1.20,1 ליטר,false,1,20.90,17.42,false,1,
7290004135058,false,שמיניית קרלו מיני שוקולד 100 גרם מהדרין,תנובה מרכז שיתופי לש,,,יח`,8,"100 מ""ל",false,1,13.90,1.74,false,1,
7290004135225,false,מעדן חלב דל קלוריות בטעם שוקולד 0.2שומ,תנובה מרכז שיתופי לש,,,יח`,1.50,"100 מ""ל",false,1,4,2.67,false,1,
7290004135614,false,גבינה בולגרית מעודנת 5% פיראוס 250 גרם,"תנובה בע""מ ***",,,יח`,2.50,100 גרם,false,1,21.90,8.76,false,1,
7290004136598,false,מארז הפסקת אוכל עם קורנפלקס ומשקה חלב עמיד בטעם וניל,פארייפאבה אגרואינדוס,,,יח`,1.50,"100 מ""ל",false,1,9.90,6.60,false,1,
7290004136857,false,מעדן ג`לי בטעם פטל תנובה (125 גרם),תנובה מרכז שיתופי לש,,,יח`,1.25,"100 מ""ל",false,1,2.30,1.84,false,1,
7290004136864,false,מעדן ג'לי בטעם אננס עם חתיכות תנובה 125 גרם,תנובה בעמ ***,,,יח`,1.25,"100 מ""ל",false,1,2.60,2.08,false,1,
7290004136871,false,מעדן ג'לי בטעם אפרסק עם חתיכות תנובה 125 גרם,תנובה מרכז שיתופי לש,,,יח`,1.25,"100 מ""ל",false,1,2.60,2.08,false,1,
7290004137021,false,"שמנת עמידה לבישול מופחת שומן 10% השף הלבן 250 מ""ל",תנובה מרכז שיתופי לש,,,יח`,2.50,"100 מ""ל",false,1,8.20,3.28,false,1,
7290004137311,false,גבינה צהובה מופחתת שומן 9% עמק (400 גרם),"תנובה בע""מ ***",,,יח`,4,100 גרם,false,1,30.80,7.70,false,1,
7290004137809,false,לאבנה אסלית 5% גביע (250 גרם)פיראוס תנו,"תנובה, מחלבת אלון תב",,,יח`,2.50,100 גרם,false,1,12.50,5,false,1,
7290004139247,false,רוטבסויה קיקומן יבוא מקביל,איינשטיין-צור יבוא-יצוא וסחר ב,,,יח`,2.96,"100 מ""ל",false,1,12.90,4.36,false,1,
7290004146986,false,נקה 7 שמפו לשיער צבוע ומובהר 750 מל,החברה הדרומית לשיווק בעמ,,,יח`,7.50,"100 מ""ל",false,1,10.90,1.45,true,1,
7290004147051,false,קיסמי שיניים רפואיים 300 יח`,קונסיגנציה- ש. י גיספאן 1993,,,יח`,1,,false,1,14.90,14.90,false,1,
7290004150129,false,טחינה פיקנטי פרימיום 300 גרם שמיר,"סלטי שמיר 2006 בע""\מ",,,יח`,3,100 גרם,false,1,14.90,4.97,false,1,
7290004150136,false,חציל על האש פיקנטי פרימיום 300 גרם שמיר,"סלטי שמיר 2006 בע""\מ",,,יח`,3,100 גרם,false,1,14.90,4.97,false,1,
7290004150174,false,קולסלאו פיקנטי פרימיום 300 גרם שמיר,"סלטי שמיר 2006 בע""\מ",,,יח`,3,100 גרם,false,1,14.90,4.97,false,1,
7290004150198,false,סלק מגורד פיקנטי פרימיום 300 גרם שמיר,"סלטי שמיר 2006 בע""\מ",,,יח`,3,100 גרם,false,1,14.90,4.97,false,1,
7290004150211,false,תורכי איסטנבול פיקנטי פרימיום 300 גרם שמיר,"סלטי שמיר 2006 בע""\מ",,,יח`,3,100 גרם,false,1,14.90,4.97,false,1,
7290004150235,false,חומוס עם חריף פיקנטי פרימיום 300 גרם שמיר,"סלטי שמיר 2006 בע""\מ",,,יח`,3,100 גרם,false,1,14.90,4.97,false,1,
7290004199166,false,כפפות לאטקס קטן איזי טאצ` (100),הדקלאים אגודת שיתופי,,,יח`,1,,false,1,22.90,22.90,true,1,
7290004199173,false,כפפות לטקס איזי טאצ 100 יח מדיום,הדקלאים אגודת שיתופי,,,יח`,1,,false,1,22.90,22.90,true,1,
7290004199180,false,כפפות לאטקס לארג` איזי טאצ` (100),הדקלאים אגודת שיתופי,,,יח`,1,,false,1,22.90,22.90,true,1,
7290004199203,false,קיסמי שיניים במבוק מלחיה לב הוסטס (300),הדקלאים אגודת שיתופי,,,יח`,1,,false,1,3.50,3.50,true,1,
7290004199777,false,צימרוני אוזניים פלסטיק בכוס 300 יחידות אינטרסאן,אינטרסן (1996) בעמ,,,יח`,1,,false,1,7.90,7.90,true,1,
7290004220044,false,קציצות ביתיות 400 גר`עטרה,נטו מלינדה סחר - עטרה,,,יח`,4,100 גרם,false,1,24.90,6.23,false,1,
7290004228804,false,עלי בצק לסיגרים ואגרול שלושת האופים (450,נטו מילנדה סחר בעמ*,,,יח`,4.50,100 גרם,false,1,13.90,3.09,true,1,
7290004230944,false,מקלות פילו גבינה 600 גר' שלושת האופים לנדא,שלושת האופים שגמור,,,יח`,6,100 גרם,false,1,19.90,3.32,true,1,
7290004255619,false,נר חימום מנורה שי נר) (100,"מנורה שי נר בע""מ",,,יח`,1,,false,1,21.90,21.90,true,1,
7290004256371,false,ריץ פרוס 400 ג' -צהובה פרוסה,נטו מילנדה סחר בעמ*,,,יח`,4,100 גרם,false,1,19.90,4.98,false,1,
7290004257491,false,"טחון בקר 100% עטרה 1 ק""ג",טיבון ויל אחזקות בעמ,,,יח`,10,100 גרם,false,1,49.90,4.99,false,1,
7290004263515,false,מעורב ירושלמי קפוא עטרה 800 גר',נטו מלינדה סחר - עטרה,,,יח`,8,100 גרם,false,1,19.80,2.48,false,1,
7290004263676,false,בשר הודו קפוא טחון חלק עטרה (500 גרם),נטו מלינדה סחר - עטרה,,,יח`,5,100 גרם,false,1,12.40,2.48,false,1,
7290004324605,false,גבינה מותכת למריחה בטעם רוקפור 7% מון בלאן 120 ג',נטו מילנדה סחר בעמ*,,,יח`,1.20,100 גרם,false,1,13.90,11.58,true,1,
7290004324858,false,קבב כבש טיבון ויל 500 גרם,"טיבון ויל אחזקות בע""",,,יח`,5,100 גרם,false,1,20.90,4.18,true,1,
7290004492274,false,בייגלה טבעות מלוחות בייגל בייגל 400 גרם,"יוניליוור ישראל שיווק בע""מ",,,יח`,4,100 גרם,false,1,10.90,2.73,true,1,
7290004494919,false,יין כנען קברנה שיראז 750 מל דלתון,הכרם - משקאות חריפים בעמ,,,יח`,7.50,"100 מ""ל",false,1,48.90,6.48,true,1,
7290004544539,false,לחמניות סנדביץ ללא גלוטן 6 יח`,מאפית אריאל שיווק והפצה,,,יח`,1,,false,1,17.90,17.90,false,1,
7290004544553,false,לחמניה המבורגר ללא גלוטן 4 יח`,מאפית אריאל שיווק והפצה,,,יח`,1,,false,1,17.90,17.90,false,1,
7290004554798,false,"שלגון מטרה פטל,לימון וענבים","מיוצר ע"" גלידת שטראו",,,יח`,1,,false,1,4.90,4.90,true,1,
7290004575632,false,קרמבו וניל 16 יחידות(ריאו).,ריאו נתניה ביחר לגלידה וממתקים,,,יח`,1,,false,1,21.90,21.90,false,1,
7290004584351,false,גבינה לבנה סימפוניה עם תוספות 200 ג' חמישית 200,שטראוס גרופ בעמ/מצונן,,,יח`,2,100 גרם,false,1,11.40,5.70,true,1,
7290004584528,false,יוגורט דנונה ביו לבן 1.7% שומן 200 גרם,שטראוס גרופ בעמ/מצונן,,,יח`,2,"100 מ""ל",false,1,3.50,1.75,false,1,
7290004585907,false,דני ועדן וניל 1.5% 125ג' שטראוס,שטראוס גרופ בעמ/מצונן,,,יח`,1.30,"100 מ""ל",false,1,2.60,2,false,1,
7290004603175,false,מלח הים האדום גס מלח הארץ (500 גרם),"חברת מלח הארץ אילת בע""\מ",,,יח`,5,100 גרם,false,1,7.90,1.58,false,1,
7290004652401,false,ג'חנון ללא מרגרינה שגב 650 גר' לנדא,נטו מלינדה סחר בע`מ,,,יח`,6.50,100 גרם,false,1,19.90,3.06,false,1,
7290004652418,false,מיני ג'חנון ללא מרגרינה שגב 650 גרם,נטו מילנדה סחר בעמ*,,,יח`,6.50,100 גרם,false,1,19.90,3.06,false,1,
7290004685089,false,לחם הארץ לחם חמניות 500 גר',מאפית י את א ברמן בע,,,יח`,1,,false,1,16.20,16.20,false,1,
7290004685430,false,100% לחם כומסין 500 גר לחם הארץ,מאפית י את א ברמן בע,,,יח`,5,100 גרם,false,1,16.20,3.24,false,1,
7290004685447,false,לחמניות כוסמין 6 יח בשקית מלא 450 גר`E,מאפית ברמן מקבוצת י. את,,,יח`,4.50,100 גרם,false,1,15.90,3.53,true,1,
7290004731076,false,אל סבון נוזלי עם אלוורה כיף 1 ליטר,החברה הדרומית לשיווק בעמ,,,יח`,1,1 ליטר,false,1,13.90,13.90,true,1,
7290004731083,false,אל סבון נוזלי ג`ינסנג כיף (1 ליטר),החברה הדרומית לשיווק בעמ,,,יח`,1,1 ליטר,false,1,13.90,13.90,true,1,
7290004731090,false,אל סבון נוזלי קמומיל כיף (1 ליטר),החברה הדרומית לשיווק בעמ,,,יח`,1,1 ליטר,false,1,13.90,13.90,true,1,
7290004731472,false,"אל סבון צבעוני כיף שלישיה* 500 מ""ל",החברה הדרומית לשיווק בעמ,,,יח`,1.50,1 ליטר,false,1,20.90,13.93,true,1,
7290004731519,false,"מקסימה מרכך ומבשם כביסה למייבש סנסיטיב סנו 750 מ""ל",החברה הדרומית לשיווק בעמ,,,יח`,7.50,"100 מ""ל",false,1,17.90,2.39,true,1,
7290004731564,false,"מקסימה מבשם ומרכך למייבש הכביסה בלו בלוסום 750 מ""ל",החברה הדרומית לשיווק בעמ,,,יח`,7.50,"100 מ""ל",false,1,17.90,2.39,true,1,
7290004737900,false,חלב כחוש מרוכז וממותק בתוספת שמן צמחי ויליפוד 397 גרם,ג. וילי-פוד אינטרנשיונל בע`מ,,,יח`,3.97,100 גרם,false,1,9.90,2.49,false,1,
7290004762933,false,פרורי לחם רגיל 400 גר`-המותג,דין שיווק - עטרת,,,יח`,4,100 גרם,false,1,4.90,1.23,false,1,
7290004863180,false,"חלה חשופה קלועה עם פרג ""אנג'ל""-13 ש""ח",שלמה א. אנג`ל בעמ,,,יח`,5,100 גרם,false,1,10.10,2.02,false,1,
7290004944032,false,חומוס אמיתי אסלי שמיר 400 גרם,"סלטי שמיר 2006 בע""מ",,,יח`,4,100 גרם,false,1,9.90,2.48,true,1,
7290004944049,false,טחינה אסלי שמיר 400 גרם,"סלטי שמיר 2006 בע""מ",,,יח`,4,100 גרם,false,1,9.90,2.48,true,1,
7290004944056,false,סדרת האסלי חציל במיונז שמיר 400 גרם,"סלטי שמיר 2006 בע""מ",,,יח`,4,100 גרם,false,1,9.90,2.48,true,1,
7290004944063,false,סלט תורכי אסלי שמיר 400 ג',"סלטי שמיר 2006 בע""מ",,,יח`,4,100 גרם,false,1,9.90,2.48,true,1,
7290004982355,false,גבינת צדר טריפל במשק,א. סיימן סחר בעמ,,,"ק""ג",10,100 גרם,true,1,119,11.90,false,1,
7290005008481,false,ספיד סטיק - דאודורנט ג'ל לגבר ספורט 85 גרם,הנסיך- מפעל לייצור ט,,,יח`,0.85,100 גרם,false,1,17.90,21.06,false,1,
7290005068492,false,לקט ירקות מעורבים 700 גרם פרי-גליל,ויטה פרי גליל (החדשה) בע`מ,,,יח`,8,100 גרם,false,1,9.90,1.24,false,1,
7290005079290,false,גבנצ 15% נעם חריץ מעדנייה,החב` המרכזית - טרה,,,"ק""ג",10,100 גרם,true,1,68,6.80,false,1,
7290005084355,false,סנסודין משחת שיניים דואל קר פלואוריד 75,גלקסו סמית קליין,,,יח`,0.75,100 גרם,false,1,21.90,29.20,true,1,
7290005095702,false,חיטה תפוחה בדבש 200 גר שלוה,מפעלי דגן ניסן את גפ,,,יח`,2.10,100 גרם,false,1,8.90,4.24,true,1,
7290005095719,false,חיטה תפוחה טבעית 150 גר שלוה,מפעלי דגן ניסן את גפ,,,יח`,1.40,100 גרם,false,1,8.90,6.36,true,1,
7290005174513,false,חציל על האש במיונז אחלה 400 גרם+225גר,שטראוס גרופ בעמ/מצונן,,,יח`,5,100 גרם,false,1,15.50,3.10,true,1,
7290005174551,false,סלט חומוס עם צנוברים 125 ג' אחלה,שטראוס גרופ בעמ/מצונן,,,יח`,1.25,100 גרם,false,1,4.90,3.92,false,1,
7290005174568,false,אחלה יום יום חצילים במיונז 125 גרם,שטראוס גרופ בעמ/מצונן,,,יח`,1.25,100 גרם,false,1,4.90,3.92,false,1,
7290005174575,false,טחינה אחלה יום יום משובחת 125ג',שטראוס גרופ בעמ/מצונן,,,יח`,1.25,100 גרם,false,1,4.90,3.92,false,1,
7290005175428,false,"קמח תירס לל""ג ריבארה 500 ג'",ג. וילי-פוד אינטרנשיונל בע`מ,,,יח`,5,100 גרם,false,1,5.90,1.18,false,1,
7290005197758,false,"עוגיות חיוכים שוקולד עלית 150 גרם בד""צ",אפיפית נצרת תעשיות ב,,,יח`,1.50,100 גרם,false,1,4.90,3.27,false,1,
7290005199578,false,קפה נמס מיובש בהקפאה נטול קפאין 200ג,שטראוס קפה בי.וי.,,,יח`,2,100 גרם,false,1,24.90,12.45,false,1,
7290005200786,false,תפוצ'יפס בטעם שמנת בצל עלית 50 גרם,"שטראוס פריטו ליי בע""\מ )",,,יח`,0.50,100 גרם,false,1,3.90,7.80,false,1,
7290005201882,false,קפה טורקי בצלופן עלית 200 גרם,הנסיך- מפעל לייצור ט,,,יח`,2,100 גרם,false,1,15.90,7.95,true,1,
7290005230035,false,צלחת ענק לבן בייסיק 50 יח`,פאלאס תעשיות נטו (2014) בעמ,,,יח`,1,,false,1,19.90,19.90,false,1,
7290005230042,false,צלחת קטנה לבן 50 יח פאלאס,פאלאס תעשיות נטו (2014) בעמ,,,יח`,1,,false,1,12.90,12.90,true,1,
7290005230059,false,צלחת מרק לבנה 25 יח פאלאס .,פאלאס תעשיות נטו (2014) בעמ,,,יח`,1,,false,1,9.90,9.90,false,1,
7290005230059,false,צלחת מרק לבנה 25 יח פאלאס .,פאלאס תעשיות נטו (2014) בעמ,,,יח`,25,100 גרם,false,1,9.90,0.40,false,1,
7290005230066,false,ליפתניות לבן 25 יח פאלאס,פאלאס תעשיות נטו (2014) בעמ,,,יח`,1,,false,1,5.90,5.90,true,1,
7290005230455,false,צלחת מרכזית חד פעמי 30 יח`פאלאס,פאלאס תעשיות נטו (2014) בעמ,,,יח`,1,,false,1,16.90,16.90,false,1,
7290005230714,false,ליפתניות אלגנט לבן 25 יח,פאלאס תעשיות נטו (2014) בעמ,,,יח`,1,,false,1,7.90,7.90,true,1,
7290005230738,false,צלחות גדולה לבן קלאסיק 125 גר`פאלאס,פאלאס תעשיות נטו (2014) בעמ,,,יח`,125,יח`,false,1,67.90,0.54,false,1,
7290005230769,false,צלחת גדולה לבן 50 יח פאלאס,פאלאס תעשיות נטו (2014) בעמ,,,יח`,1,,false,1,16.90,16.90,true,1,
7290005230776,false,צלחת מרקלבן קלאסיק 125 יח פאלאס,פאלאס תעשיות נטו (2014) בעמ,,,יח`,1,,false,1,49.90,49.90,false,1,
7290005230813,false,קערית אובלית לבן 25 יח פאלאס,פאלאס תעשיות נטו (2014) בעמ,,,יח`,1,,false,1,9.20,9.20,true,1,
7290005287206,false,רביעיית טונה בשמן סטארקיסט 160 גרם,דיפלומט מפיצים (1968) בעמ**,,,יח`,6.40,100 גרם,false,1,24.90,3.89,false,1,
7290005287251,false,רביעיית טונה במים סטארקיסט 160 גרם,דיפלומט מפיצים (1968) בעמ**,,,יח`,6.40,100 גרם,false,1,24.90,3.89,false,1,
7290005287527,false,"סטארקיסט טונה בשמן עם לימון 160 גרם בד""צ",סטארקיסט דיפלומט היינץ,,,יח`,1.60,100 גרם,false,1,8.90,5.56,false,1,
7290005287534,false,"סטארקיסט טונה בשמן עישון טבעי 160 גרם בד""צ",סטארקיסט דיפלומט היינץ,,,יח`,1.60,100 גרם,false,1,8.90,5.56,false,1,
7290005287657,false,"סטארקיסט ממרח טונה 160 גרם בד""צ",דיפלומט מפיצים (1968) בעמ**,,,יח`,1.60,100 גרם,false,1,7.90,4.94,true,1,
7290005296246,false,"פותח סתימות דריין אאוט 946 מ""ל יעקבי","יעקב יעקבי ובניו בע""מ",,,יח`,9.46,"100 מ""ל",false,1,25.90,2.74,false,1,
7290005326523,false,ממרח פסטו פטרוזיליה ונענע אוליביה 180 גרם,תה ויסוצקי (ישראל) בעמ,,,יח`,1.80,100 גרם,false,1,13.90,7.72,true,1,
7290005423055,false,סנו פורטה פלוס מתז בניחות לימון 1 ל',החברה הדרומית לשיווק בעמ,,,יח`,10,"100 מ""ל",false,1,17.90,1.79,true,1,
7290005423253,false,"סנו - מקסימה מרסס למייבש כביסה אולטרה פרש 750 מ""ל",החברה הדרומית לשיווק בעמ,,,יח`,7.50,"100 מ""ל",false,1,17.90,2.39,true,1,
7290005423567,false,מטליות ניקוי רב שימושיות בגליל סנו סושי 40 יחידות,החברה הדרומית לשיווק בעמ,,,יח`,1,,false,1,19.90,19.90,true,1,
7290005423635,false,ריצפז נוזל רצפות דוחה תיקנים סנו 2 ליטר,החברה הדרומית לשיווק בעמ,,,יח`,2,1 ליטר,false,1,22.90,11.45,true,1,
7290005423734,false,מרכך כביסה מרוכז אולטרא פרש סנו מקסימה 4 ליטר,החברה הדרומית לשיווק בעמ,,,יח`,4,1 ליטר,false,1,19.90,4.98,true,1,
7290005423833,false,פוליוויקס נוזל לניקוי פרקט סנו (2 ליטר).,החברה הדרומית לשיווק בעמ,,,יח`,2,1 ליטר,false,1,19.90,9.95,false,1,
7290005423871,false,שלישיית משחת שיניים מנטול אורביטול 145 גרם,טרופיקל דגיל תעשיות קוסמ,,,יח`,4.35,100 גרם,false,1,19.90,4.57,true,1,
7290005423918,false,סנו - מקסימה מרכך כביסה היפואלרגני אלוורה 4 ליטר,החברה הדרומית לשיווק בעמ,,,יח`,4,1 ליטר,false,1,19.90,4.98,true,1,
7290005424403,false,"אל סבון כיף אצות ים קטיפתי 1ליטר,",החברה הדרומית לשיווק בעמ,,,יח`,1,1 ליטר,false,1,13.90,13.90,true,1,
7290005424700,false,סנו - פורטה פלוס מרסס מסיר שומנים 1 ליטר,החברה הדרומית לשיווק בעמ,,,יח`,10,"100 מ""ל",false,1,17.90,1.79,true,1,
7290005424755,false,מטליות ריצפז פלוס לחות לניקוי רצפות דוחה תיקנים 10 יח' סנו,החברה הדרומית לשיווק בעמ,,,יח`,1,,false,1,14.90,14.90,false,1,
7290005424762,false,ריצפז פלוס ווקס נוזל להברקת רצפות דוחה תיקנים סנו 2 ליטר,החברה הדרומית לשיווק בעמ,,,יח`,2,1 ליטר,false,1,25.90,12.95,false,1,
7290005424991,false,סנו פרש אוטומטיק בהתזה קצובה ניחוח בייבי פאודר,החברה הדרומית לשיווק בעמ,,,יח`,2.50,"100 מ""ל",false,1,13.90,5.56,false,1,
7290005425110,false,"חיטוי משטחים 99.9% מתז מחטא ומשמיד 750 מ""ל",החברה הדרומית לשיווק בעמ,,,יח`,7.50,"100 מ""ל",false,1,14.90,1.99,true,1,
7290005425127,false,"חיטוי משטחים 99.9% מתז לשומנים ואבנית 750 מ""ל",החברה הדרומית לשיווק בעמ,,,יח`,7.50,"100 מ""ל",false,1,14.90,1.99,true,1,
7290005425196,false,"מקסימה אבקת כביסה סנסיטיב סנו 2.5 ק""ג",החברה הדרומית לשיווק בעמ,,,יח`,2.50,"ק""ג",false,1,24.90,9.96,false,1,
7290005425646,false,קליר נוזל לניקוי חלונות רב תכליתי סנו 1 ליטר,החברה הדרומית לשיווק בעמ,,,יח`,1,1 ליטר,false,1,11.90,11.90,true,1,
7290005425912,false,אוקסיג'ן ג'ל להסרת כתמים עם חמצן פעיל סנו 4 ליטר,החברה הדרומית לשיווק בעמ,,,יח`,4,1 ליטר,false,1,32.60,8.15,true,1,
7290005426193,false,ספוגית הפלא סנו סושי 6 יחידות,החברה הדרומית לשיווק בעמ,,,יח`,1,,false,1,12.90,12.90,true,1,
7290005426230,false,מטלית הפלא לרצפה מיקרופייבר סנו 1יח',החברה הדרומית לשיווק בעמ,,,יח`,1,,false,1,11.90,11.90,true,1,
7290005426803,false,מקסימה מרכך כביסה פצ'ולי לבנדר סגול סנו 4 ליטר,החברה הדרומית לשיווק בעמ,,,יח`,4,1 ליטר,false,1,19.90,4.98,true,1,
7290005426964,false,סנובון סבון לאסלה בניחוח אפרסק סנו 3 יחידות,החברה הדרומית לשיווק בעמ,,,יח`,1.65,100 גרם,false,1,17.90,10.85,true,1,
7290005426971,false,סנובון סבון לאסלה תפוח כחול סנו 3 יחידות,החברה הדרומית לשיווק בעמ,,,יח`,1.65,100 גרם,false,1,17.90,10.85,true,1,
7290005427107,false,סנו - סושי מגבות נייר הפלא 6 יחידות,החברה הדרומית לשיווק בעמ,,,יח`,5.70,100 גרם,false,1,12.90,2.26,true,1,
7290005428852,false,ממחטות טישו צבעוניים סנו סופט 5 יח' *100דף,החברה הדרומית לשיווק בעמ,,,יח`,6.50,100 גרם,false,1,12.90,1.98,false,1,
7290005429279,false,סנו מקסימה קומפקט קומפקט אפקט גאוול 6 ק,החברה הדרומית לשיווק בעמ,,,יח`,6,"ק""ג",false,1,49.90,8.32,true,1,
7290005429286,false,"אבקת כביסה ביו סנו מקסימה 6 ק""ג",החברה הדרומית לשיווק בעמ,,,יח`,6,"ק""ג",false,1,49.90,8.32,true,1,
7290005430602,false,"סנו אוקסיג'ן ספריי להסרת כתמים עם חמצן פעיל 750 מ""ל",החברה הדרומית לשיווק בעמ,,,יח`,7.50,"100 מ""ל",false,1,18.90,2.52,true,1,
7290005430671,false,פוליויקס נוזל לניקוי קרמיקה סנו 2 ליטר,החברה הדרומית לשיווק בעמ,,,יח`,2,1 ליטר,false,1,20.90,10.45,true,1,
7290005431159,false,תותים בקצפת לייט עדן קינוחים 80 גרם,עדן קינוחים,,,יח`,0.80,100 גרם,false,1,6.90,8.63,false,1,
7290005431609,false,מעדן טירמיסו עדן קינוחים (86x2 גרם),תנובה - חלב,,,יח`,1.72,100 גרם,false,1,11.90,6.92,false,1,
7290005431883,false,מלבי חלבי עדן קינוחים 165 גרם,עדן קינוחים Eden,,,יח`,1.65,"100 מ""ל",false,1,6.90,4.18,false,1,
7290005431906,false,מארז קדאיף 82 גר`עדן קינוחים,עדן קינוחים Eden,,,יח`,1.24,100 גרם,false,1,6.90,5.56,false,1,
7290005431913,false,עוגת גבינה פירורים עדן קינוחים 92 גרם,עדן קינוחים Eden,,,יח`,0.92,100 גרם,false,1,6.90,7.50,false,1,
7290005431920,false,עוגת גבינה פירורים לייט עדן קינוחים 78 גרם,עדן קינוחים Eden,,,יח`,1,,false,1,6.90,6.90,false,1,
7290005431937,false,מעדן טירמיסו 82 גר`עדן קינוחים,עדן קינוחים Eden,,,יח`,0.82,100 גרם,false,1,6.90,8.41,false,1,
7290005431968,false,מלבי שמנת עדן קינוחים 150 גרם,עדן קינוחים Eden,,,יח`,1.50,"100 מ""ל",false,1,6.90,4.60,false,1,
7290005559587,false,מאפה נקניקיה בבצק מעדנות 800ג',תנובה מרכז שיתופי לשיווק תוצרת,,,יח`,8,100 גרם,false,1,30,3.75,false,1,
7290005559907,false,פיצה משפחתית 100% גבינה מעדנות 500 גרם,תנובה מרכז שיתופי לשיווק תוצרת,,,יח`,5,100 גרם,false,1,23.90,4.78,false,1,
7290005559914,false,פיצה משפחתית עם 100% גבינה בתוספת זיתים מעדנות 550 גרם,תנובה מרכז שיתופי לשיווק תוצרת,,,יח`,5.50,100 גרם,false,1,25.90,4.71,false,1,
7290005559990,false,בצק עלים פילאס תורכי 600 גרם קפוא,תנובה מרכז שיתופי לשיווק תוצרת,,,יח`,6,100 גרם,false,1,22.90,3.82,true,1,
7290005576010,false,חסה מהדרין גלאט עלים,רביבים עלי דשא בעמ,,,יח`,1,,false,1,7.90,7.90,false,1,
7290005576027,false,פטרוזיליה גלאט עלים - יח,רביבים עלי דשא בעמ,,,יח`,1,,false,1,6.90,6.90,false,1,
7290005576034,false,כוסברה גלאט עלים - יח',רביבים עלי דשא בעמ,,,יח`,1,,false,1,6.90,6.90,false,1,
7290005576041,false,שמיר גלאט יחידה,רביבים עלי דשא בעמ,,,יח`,1,,false,1,6.90,6.90,false,1,
7290005576065,false,סלרי גלאט יחידה,רביבים עלי דשא בעמ,,,יח`,1,,false,1,7.90,7.90,false,1,
7290005576089,false,בצל ירוק גלאט יחידה,רביבים עלי דשא בעמ,,,יח`,1,,false,1,7.90,7.90,false,1,
7290005576096,false,כרוב לבן שלם גלאט עלים,רביבים עלי דשא בעמ,,,"ק""ג",1,,true,1,14.90,14.90,false,1,
7290005587825,false,לוריאל - דרמו מסיר איפור דו פאזי 125 עברית,לוריאל ישראל קוסמטיקס בעמ,,,יח`,1.25,"100 מ""ל",false,1,24.90,19.92,false,1,
7290005591761,false,דבש טהור מפרחי בר בלחיץ 400 ג' יד מרדכי,מכוורת יד מרדכי שטרא,,,יח`,4,100 גרם,false,1,20.90,5.23,true,1,
7290005610509,false,צנונית ארוז דוד משה 500ג',תוצרת הנגב אגודה שיתופית חקלאי,,,יח`,1,,false,1,6.90,6.90,true,1,
7290005651069,false,"מזון חתולים לה קט מיקס 2.85 ק""ג",דיפלומט מפיצים (1968) בעמ**,,,יח`,0.0290,100 גרם,false,1,59.90,2065.52,false,1,
7290005678073,false,פלפל צ'ילי זהבי יחידה,עומר יבולים בעמ*שיק ל 60 יום*,,,"ק""ג",1,,true,1,12.90,12.90,false,1,
7290005838002,false,מעדן גבינה ויוגורט בטעם וניל 88 ג' דניאלה,שטראוס גרופ בעמ/מצונן,,,יח`,1.50,"100 מ""ל",false,1,4,2.67,false,1,
7290005838613,false,קרם גבינה 3% בטעם וניל סקי (125 גרם),שטראוס גרופ בעמ/מצונן,,,יח`,1.25,100 גרם,false,1,3.70,2.96,true,1,
7290005838972,false,סקי יום יום גבינה לבנה %5 125 גרם,שטראוס גרופ בעמ/מצונן,,,יח`,1.25,100 גרם,false,1,3.10,2.48,false,1,
7290005839078,false,שמיניית יוגורט לבן 3% ביו דנונה 150 גרם,שטראוס גרופ בעמ/מצונן,,,יח`,1.20,1 ליטר,false,1,16.80,14,false,1,
7290005839108,false,גבינה לבנה סימפוניה עם תוספות 200 ג'+זיתים 5%,שטראוס גרופ בעמ/מצונן,,,יח`,2,100 גרם,false,1,11.40,5.70,true,1,
7290005839313,false,מילקי Top עם שוקולדה מגולגלת 140 גרם,שטראוס גרופ בעמ/מצונן,,,יח`,1.30,"100 מ""ל",false,1,4.90,3.77,false,1,
7290005896439,false,"בירה מכבי, בקבוק חוזר 500 מ''ל","טמפו משקאות בע""מ",,,יח`,5,"100 מ""ל",false,1,6.90,1.14,false,1,
7290005896453,false,"בירה מכבי 7.9%, בירה חזקה, בקבוק חוזר 500 מ''ל",פארייפאבה אגרואינדוס,,,יח`,5,"100 מ""ל",false,1,7.90,1.34,false,1,
7290005938245,false,ממרח פסטו קלאסי פרסקו 220ג' מצונן,מיוצר עי פרסקו חצבה,,,יח`,1.90,100 גרם,false,1,19,10,false,1,
7290005966088,false,"יין הר חרמון אדום עברית 750 מ""ל",היכל היין שקד גולן בעמ,,,יח`,7.50,"100 מ""ל",false,1,35.90,4.75,true,1,
7290005992018,false,"יוגורט עיזים לשתיה 3% מחלבות גד 500 מ""ל",מחלבות גד שיווק 1992 בעמ,,,יח`,5,"100 מ""ל",false,1,13.90,2.78,false,1,
7290005992575,false,גבינה בולגרית למריחה 5% גד (250 גרם),מחלבות גד שיווק 1992 בעמ,,,יח`,2.50,100 גרם,false,1,16.90,6.76,false,1,
7290005992735,false,לאבנה טבעית 5% 250 גר' - רבנות,מחלבות גד שיווק 1992 בעמ,,,יח`,2.50,100 גרם,false,1,11.90,4.76,false,1,
7290005996078,false,סלמי סרוולט הונגרי יחיעם 150 גרם,מעדני יחיעם (1993) בעמ,,,יח`,1.25,100 גרם,false,1,25.90,20.72,false,1,
7290005996221,false,פסטרמה של פעם דק דק (120 גר`)יחיעם,מעדני יחיעם (1993) בעמ,,,יח`,1.20,100 גרם,false,1,10.90,9.08,false,1,
7290005996276,false,פסטרמה ברביקין דק דק (120 גר`)יחיעם,מעדני יחיעם (1993) בעמ,,,יח`,1.20,100 גרם,false,1,10.90,9.08,false,1,
7290006185501,false,"פנינה רוזנבלום -אל סבון נוזלי ורוד,1 ליטר","פנינה רוזנבלום בע""מ",,,יח`,1,1 ליטר,false,1,9.90,9.90,false,1,
7290006185518,false,אל סבון נוזלי כחול 1 ליטר פנינה רוזנבלום,"פנינה רוזנבלום בע""מ",,,יח`,1,1 ליטר,false,1,9.90,9.90,false,1,
7290006199027,false,מאגדת גלידל וניל מצופה סורבה תות שדה [8],הגלידות של פלדמן,,,יח`,6.40,100 גרם,false,1,29.90,4.67,false,1,
7290006199218,false,"שמיניית גלידל אייס מוקה ""פלדמן""",הגלידות של פלדמן,,,יח`,6.40,100 גרם,false,1,29.90,4.67,false,1,
7290006229427,false,סן בנדטו - מים מינרלים - מארז שישיית 500 מל,טמפו משקאות בע`מ,,,יח`,3,1 ליטר,false,1,13.70,3.97,true,1,
7290006241214,false,שקדים טבעיים קליית גת (200 גרם),הדקלאים אגודת שיתופי,,,יח`,2,100 גרם,false,1,16.90,8.45,true,1,
7290006241504,false,"משקה תפוזים קפוא פריגת 340 מ""ל",החברה המרכזית טלהפצת משקאות בע,,,יח`,2.80,"100 מ""ל",false,1,14.60,5.21,true,1,
7290006241511,false,"משקה לימונענע מרוכז קפוא פריגת 280 מ""ל",היינץ צפון אמריקה מק,,,יח`,2.80,"100 מ""ל",false,1,14.60,5.21,true,1,
7290006251107,false,תה מסאלה צ'אי ויסוצקי 25 יחידות,תה ויסוצקי (ישראל) בעמ,,,יח`,0.50,100 גרם,false,1,17.50,35,false,1,
7290006251275,false,תה ירוק סיני קלאסי ויסוצקי 25 יחידות,תה ויסוצקי (ישראל) בעמ,,,יח`,0.3750,100 גרם,false,1,24.90,66.40,true,1,
7290006251374,false,תה ירוק לימונית וג'ינג'ר ויסוצקי 25 יחידות,תה ויסוצקי (ישראל) בעמ,,,יח`,0.25,100 גרם,false,1,24.90,99.60,true,1,
7290006256089,false,"יין אדום קברנה סוביניון גאטו נגרו 750 מ""ל",היכל היין שקד גולן בעמ,,,יח`,7.50,"100 מ""ל",false,1,39.90,5.28,true,1,
7290006256102,false,"יין אדום מרלו גאטו נגרו 750 מ""ל",היכל היין שקד גולן בעמ,,,יח`,7.50,"100 מ""ל",false,1,39.90,5.28,true,1,
7290006265500,false,פטריות שמפיניון ארוז מרינה,קונס`-מרינה פטריות הגליל בעמ*ש,,,יח`,2.50,1 ליטר,false,1,9.90,3.96,true,1,
7290006271174,false,ג'חנון לאפיה בתנור מעדנות 700 גרם,תנובה מרכז שיתופי לשיווק תוצרת,,,יח`,7,100 גרם,false,1,18.90,2.70,true,1,
7290006271648,false,מיני בורקס תפוח אדמה מעדנות (800 גרם),תנובה מרכז שיתופי לשיווק תוצרת,,,יח`,6.50,100 גרם,false,1,24,3.69,true,1,
7290006271655,false,מיני בורקס במילוי גבינה מעדנות (800 גרם),תנובה מרכז שיתופי לשיווק תוצרת,,,יח`,8,100 גרם,false,1,25.90,3.24,true,1,
7290006272072,false,חטיפי פיצה גבינה מעדנות 650 גרם,תנובה קפואים,,,יח`,6.50,100 גרם,false,1,33.90,5.22,true,1,
7290006272430,false,בצק עלים חמאה חלבי מעדנות (600 גרם),מיוצר עי קונדיטוריית,,,יח`,6,100 גרם,false,1,29,4.83,false,1,
7290006306296,false,רביולי במילוי גבינה לילדים 400 ג' פסטה נונה,דורום תעשיות מזון ופסטה,,,יח`,4,100 גרם,false,1,23.90,5.98,true,1,
7290006374738,false,קונפיטורה תות יד מרדכי בטעם תות,אף.סי תבליני בגליל ב,,,יח`,3.40,100 גרם,false,1,11.90,3.50,false,1,
7290006439512,false,פול גדול 750 גר` שוקחה,בני ג`ורג` שוקחה (חיפה) בעמ,,,יח`,7.50,100 גרם,false,1,12.90,1.72,true,1,
7290006439536,false,חומוס 1 קג` שוקחה,בני ג`ורג` שוקחה (חיפה) בעמ,,,יח`,1,"ק""ג",false,1,13.90,13.90,true,1,
7290006439703,false,אפונה חצאים 1 קג שוקחה,בני ג`ורג` שוקחה (חיפה) בעמ,,,יח`,1,"ק""ג",false,1,8.90,8.90,false,1,
7290006439710,false,שעועית אדומה 1 קג שוקחה,בני ג`ורג` שוקחה (חיפה) בעמ,,,יח`,1,"ק""ג",false,1,15.90,15.90,true,1,
7290006459961,false,קרקר אובלטים קלאסי עם קימל 282 גר,ציון תורג`מן בעמ,,,יח`,2.84,100 גרם,false,1,9.90,3.49,true,1,
7290006459978,false,קרקר אובלטים קלאסי עם שומשום 282 גר,ציון תורג`מן בעמ,,,יח`,2.84,100 גרם,false,1,9.90,3.49,true,1,
7290006492432,false,גבינה מוצרלה בייבי 18% גד (150 גרם),מחלבות גד שיווק 1992 בעמ,,,יח`,1.70,100 גרם,false,1,12.90,7.59,false,1,
7290006492616,false,גבינה בולגרית מעודנת פרוסות 5% גד 250 גרם,מחלבות גד שיווק 1992 בעמ,,,יח`,2.50,100 גרם,false,1,25.90,10.36,false,1,
7290006492630,false,גבינת פרומעז עיזים 22% גד 180 גרם,מחלבות גד שיווק 1992 בעמ,,,יח`,1.80,100 גרם,false,1,22.90,12.72,false,1,
7290006492685,false,גבינת לאבנה עיזים 5% גד (250 גרם),מחלבות גד שיווק 1992 בעמ,,,יח`,2.50,100 גרם,false,1,16.90,6.76,false,1,
7290006492852,false,גבינת עיזים למריחה 5% 250 גרם רובין,מחלבות גד שיווק 1992 בעמ,,,יח`,2.50,100 גרם,false,1,16.90,6.76,true,1,
7290006492913,false,גבינת לאבנה ציזיקי 5% מחלבות גד 250 גרם,מחלבות גד שיווק 1992 בעמ,,,יח`,2.50,100 גרם,false,1,12.90,5.16,false,1,
7290006494917,false,טוסו וופל קלאסי במילוי שוקולד 200 גרם,"איטיליאן פוד, אס.פי.",,,יח`,2,100 גרם,false,1,11.90,5.95,true,1,
7290006496072,false,סירופ מלבי 750 מל משקד,ציון תורג`מן בעמ,,,יח`,7.50,"100 מ""ל",false,1,19.90,2.65,false,1,
7290006511157,false,פטריות שמפניון שלמות וילי פוד (400 גרם),ג.וילי-פוד אינטרנשיונל בעמ,,,יח`,4,100 גרם,false,1,7.90,1.98,false,1,
7290006511683,false,מאנצו-פולי סויה בתרמילים 454 גרם מהד,ג.וילי-פוד אינטרנשיונל **גבינו,,,יח`,4.54,100 גרם,false,1,7.90,1.74,false,1,
7290006511751,false,פטריות שמפניון חתוך ויליפוד 290X3 ג' בד”צ,ג.וילי-פוד אינטרנשיונל בעמ,,,יח`,8.70,100 גרם,false,1,11.90,1.37,false,1,
7290006546395,false,לקט העונה קפוא פרי הגליל 800ג',ויטה- פרי גליל (החדשה) בעמ,,,יח`,8,100 גרם,false,1,9.90,1.24,false,1,
7290006567048,false,פתיתי קוסקוס ישראלי אסם (350 גרם),קבוצת אוסם סחר שותפות מוגבלת,,,יח`,3.50,100 גרם,false,1,8.90,2.54,false,1,
7290006582355,false,סילאן סירופ 900 גרם שקדיה,דין שיווק וקליה 2021 בעמ,,,יח`,9,100 גרם,false,1,14.90,1.66,true,1,
7290006618146,false,"מדליק פחמים נוזלי הפי יעקבי 500 מ""ל","יעקב יעקבי ובניו בע""מ",,,יח`,1,,false,1,16.90,16.90,false,1,
7290006644480,false,תפוזינה תפוזים 0.5 ליטר,יפאורה שותפות מובגלת לשיווק,,,יח`,5,"100 מ""ל",false,1,5.90,1.12,true,1,
7290006644510,false,"מיץ ענבים 500 מ""ל תפוזינה",יפאורה שותפות מוגבלת לשיווק,,,יח`,5,"100 מ""ל",false,1,5.90,1.12,true,1,
7290006652027,false,במבה חטיף בוטנים אסם 20*15 גרם,קבוצת אוסם סחר שותפות מוגבלת,,,יח`,3,100 גרם,false,1,23.90,7.97,false,1,
7290006653819,false,קוסקוס אמיתי דק בשקית 350 גרם,קבוצת אוסם סחר שותפות מוגבלת,,,יח`,3.50,100 גרם,false,1,8.90,2.54,false,1,
7290006664051,false,"אקטימל לבן 1.51 ק""ג מארז 14 יחידות",שטראוס גרופ בעמ/מצונן,,,יח`,1.40,1 ליטר,false,1,29.90,21.36,false,1,
7290006664532,false,יוגורט עם תות 3% שומן 150 ג' דנונה,שטראוס גרופ בעמ/מצונן,,,יח`,1.50,"100 מ""ל",false,1,3.90,2.60,false,1,
7290006664655,false,דנונה Actimel יוגורט טבעי 8*100 מ``ל,שטראוס גרופ בעמ/מצונן,,,יח`,8,"100 מ""ל",false,1,19.90,2.49,false,1,
7290006664693,false,יוגורט עם אפרסק 3% שומן 150 ג' דנונה,שטראוס גרופ בעמ/מצונן,,,יח`,1.50,"100 מ""ל",false,1,3.90,2.60,false,1,
7290006664990,false,"יוגורט דנונה ביו לבן 1.7% שומן 8*150 מ""ל",שטראוס גרופ בעמ/מצונן,,,יח`,1.20,1 ליטר,false,1,16.80,14,false,1,
7290006681003,false,גלידה קרמיסימו סרבט תות לימון 650 גרם,"גלידת שטראוס בע""\מ, רחוב",,,יח`,1.33,1 ליטר,false,1,19.90,14.96,true,1,
7290006681065,false,"קסטה שוקו וניל ""שטראוס""","מיוצר ע""\י גלידת שטראוס",,,יח`,1,100 גרם,false,1,6.60,6.60,true,1,
7290006681553,false,קרמבו בטעם וניל שטראוס 8 יחידות,"גלידות שטראוס בע""מ",,,יח`,2,100 גרם,false,1,15.90,7.95,false,1,
7290006681560,false,קרמבו בטעם מוקה שטראוס 8 יחידות,"גלידות שטראוס בע""מ",,,יח`,2,100 גרם,false,1,15.90,7.95,false,1,
7290006681966,false,שטראוס קרמיסימו,גלידות שטראוס בעמ,,,יח`,1.33,1 ליטר,false,1,19.90,14.96,true,1,
7290006681980,false,שטראוס קרמיסימו פירות יער,גלידות שטראוס בעמ,,,יח`,1.33,1 ליטר,false,1,19.90,14.96,true,1,
7290006696717,false,תירוש ענבים טבעי מוסקט אפרת (1 ליטר),יקב טפרברג 1870 בעמ (יינות ומש,,,יח`,10,"100 מ""ל",false,1,16.90,1.66,true,1,
7290006704061,false,עירית ארוזה,א.אדמה (2007) בעמ,,,יח`,1,,false,1,5.90,5.90,false,1,
7290006704269,false,חסה עגולה יח',"מרינה פטריות הגליל בע""מ",,,יח`,1,,false,1,5,5,false,1,
7290006739124,false,בצק עלים פילאס 500ג' זוגלובק,זוגלובק שיווק בעמ,,,יח`,5,100 גרם,false,1,18.90,3.78,false,1,
7290006739131,false,בצק גולמי פילו זוגלובק 500ג',זוגלובק שיווק בעמ,,,יח`,5,100 גרם,false,1,18.90,3.78,false,1,
7290006739346,false,נקניקיות פרגיות טרי 400 גרם זוגלובק,נקניק נהריה כשר זוגל,,,יח`,4,100 גרם,false,1,17.90,4.48,false,1,
7290006739407,false,שניצל תירס לייט זוגלובק (630 גרם),נקניק נהריה כשר זוגל,,,יח`,6,100 גרם,false,1,35.90,5.98,true,1,
7290006739414,false,נקניק סלמי קוניאק זוגלובק 300 גרם,נקניק נהריה כשר זוגל,,,יח`,3.50,100 גרם,false,1,29.90,8.54,true,1,
7290006739421,false,נקניק סלמי מעושן איטלקי זוגלובק 300 גרם,נקניק נהריה כשר זוגל,,,יח`,3,100 גרם,false,1,28.90,9.63,true,1,
7290006739445,false,שניצל תירס קלאסי 750 ג' זוגלובק,נקניק נהריה כשר זוגל,,,יח`,7.50,100 גרם,false,1,26.90,3.59,true,1,
7290006739544,false,כתף בקר 3% שומן זוגלובק (300 גרם),נקניק זוגלובק נהריה,,,יח`,3,100 גרם,false,1,28.90,9.63,true,1,
7290006741363,false,בורקס תפוחי אדמה זוגלובק 800 גרם,מאפיית אריאל וגידרון,,,יח`,8,100 גרם,false,1,19.90,2.49,false,1,
7290006742278,false,פסטרמה הודו צלויה על לבנים 330 ג' זוגלובק,נקניק נהריה כשר זוגל,,,יח`,3.30,100 גרם,false,1,28.90,8.76,true,1,
7290006742292,false,פסטרמה הודו בדבש 330 ג' זוגלובק,נקניק נהריה כשר זוגל,,,יח`,3.30,100 גרם,false,1,28.90,8.76,true,1,
7290006748119,false,זר פרחים גרברה יחידה,פרחי ליידי דיאן בעמ,,,יח`,1,,false,1,59,59,false,1,
7290006753922,false,נקניקיות מיני צ`וריסוס מעדני הטלה 500 גר,מעדני הטלה והעגל,,,יח`,5,100 גרם,false,1,28.90,5.78,false,1,
7290006753939,false,קבב ג`מבו מזרחי מעדני הטלה 600 גר`,מעדני הטלה והעגל,,,יח`,6,100 גרם,false,1,37.90,6.32,false,1,
7290006753953,false,המבורגר אנטריקוט מעדני הטלה 500 גר`,מעדני הטלה והעגל,,,יח`,5,100 גרם,false,1,37.90,7.58,false,1,
7290006764065,false,בירה נשר מאלט ללא אלכוהול 500 מל,"טמפו משקאות בע""\ם.",,,יח`,5,"100 מ""ל",false,1,4.90,0.74,true,1,
7290006764072,false,"בירה גולדסטאר בקבוק 500 מ""ל חוזר","טמפו משקאות בע""\מ",,,יח`,5,"100 מ""ל",false,1,6.90,1.14,false,1,
7290006764485,false,"בירה שחורה נשר מאלט שישייה ח""פ 330*6 מ''ל","טמפו משקאות בע""\ם.",,,יח`,1.98,1 ליטר,false,1,27.90,13.18,false,1,
7290006775016,false,עוגת תפוז אחוה (450 גרם)אחוה,אחדות ביתחרושת לטחינה חלבה,,,יח`,4.50,100 גרם,false,1,10.90,2.42,true,1,
7290006775023,false,עוגה אנגלית אחוה (450 גרם)אחוה,אחדות ביתחרושת לטחינה חלבה,,,יח`,4.50,100 גרם,false,1,10.90,2.42,true,1,
7290006775030,false,עוגת שוקו צ`יפס אחוה (450 גרם)אחוה,אחדות ביתחרושת לטחינה חלבה,,,יח`,4.50,100 גרם,false,1,10.90,2.42,true,1,
7290006775047,false,עוגת שוקולד אחוה (450 גרם)אחוה,אחדות ביתחרושת לטחינה חלבה,,,יח`,4.50,100 גרם,false,1,10.90,2.42,true,1,
7290006775054,false,עוגת שיש אחוה (450 גרם)אחוה,אחדות ביתחרושת לטחינה חלבה,,,יח`,4.50,100 גרם,false,1,10.90,2.42,true,1,
7290006775085,false,עוגת שמרים במילוי שוקולד אחוה,אחדות ביתחרושת לטחינה חלבה,,,יח`,4,100 גרם,false,1,10.90,2.73,false,1,
7290006775191,false,מאפין ממולא בטעם שוקולד 50 גרם אחוה,אחדות ביתחרושת לטחינה חלבה,,,יח`,0.50,100 גרם,false,1,1.90,3.80,true,1,
7290006775306,false,מאפינס אישי וניל במילוי תות אחווה 50ג',אחדות ביתחרושת לטחינה חלבה,,,יח`,0.50,100 גרם,false,1,1.90,3.80,true,1,
7290006775337,false,עוגת שמרים במילוי פרג אחווה,אחדות ביחר לטחינה חל,,,יח`,4,100 גרם,false,1,10.90,2.73,false,1,
7290006775405,false,מאפינס שוקוצ'יפס אישי אחווה 45גרם,אחדות ביחר לטחינה חל,,,יח`,0.45,100 גרם,false,1,1.90,4.22,true,1,
7290006775801,false,עוגיות רוגלך שוקולד 400 גר' אחדות,אחדות ביתחרושת לטחינה חלבה,,,יח`,4,100 גרם,false,1,9.90,2.48,false,1,
7290006775900,false,עוגיות מיני מרוקאיות אחוה (500 גרם),אחדות ביתחרושת לטחינה חלבה,,,יח`,5,100 גרם,false,1,8.90,1.78,false,1,
7290006784360,false,חלונית סנט מוריץ לניקוי חלונות 1 ליטר,קומפלקס כימיקלים בעמ,,,יח`,1,1 ליטר,false,1,6.90,6.90,true,1,
7290006788399,false,"דאו רול און נושם סנסיטיב ירוק קרליין 75 מ""ל",החברה הדרומית לשיווק בעמ,,,יח`,0.75,100 גרם,false,1,12.90,17.20,true,1,
7290006788412,false,"קרליין - נושם אקווה דאודורנט רול און לאישה כחול 75 מ""ל",החברה הדרומית לשיווק בעמ,,,יח`,0.50,100 גרם,false,1,12.90,25.80,true,1,
7290006788559,false,"טיטניום ICE דאודורנט תרסיס ספריי 180 מ""ל",החברה הדרומית לשיווק בעמ,,,יח`,1.80,"100 מ""ל",false,1,14.90,8.28,false,1,
7290006789655,false,"קרם לחות לסירוק קל לשיער מתולתל ומקורזל 10 קרליין 400 מ""ל",החברה הדרומית לשיווק בעמ,,,יח`,4,"100 מ""ל",false,1,17.90,4.48,true,1,
7290006805850,false,פילסברי פנקייק תערובת להכנת חביתיות,הדקלאים אגודת שיתופי,,,יח`,5,100 גרם,false,1,18.90,3.78,true,1,
7290006822192,false,נקטר דיאט חמוציות אושן ספריי פריגת 1 ליטר,החברה המרכזית להפצת משקאות בעמ,,,יח`,1,1 ליטר,false,1,12.90,12.90,false,1,
7290006908377,false,שקד טבעי 150 גר פיצוחי חממה,בוטנת בעמ,,,יח`,1.50,100 גרם,false,1,16.90,11.27,false,1,
7290006920836,false,"תחליפי גבינ""צ מעושן פרוס 350 גר'",צ.י.תעשיות מזון יבנה בעמ,,,יח`,3.50,100 גרם,false,1,14.90,4.26,false,1,
7290006920843,false,הצהובה הטובה מוצרלה פרוס 350 גרם,צי תעשיות מזון יבנה,,,יח`,3.50,100 גרם,false,1,14.90,4.26,false,1,
7290006960429,false,כרוב בולגרי כבוש 750 גר` מאמא מרי,מאמא - מרי בעמ,,,יח`,7.50,100 גרם,false,1,17.90,2.39,true,1,
7290006983152,false,קרוטונים מתובלים למרק אסם (400 גרם),קבוצת אוסם סחר שותפות מוגבלת,,,יח`,4,100 גרם,false,1,19.90,4.98,false,1,
7290006983176,false,קרקר לחמית שיפון אסם (230 גרם),קבוצת אוסם סחר שותפות מוגבלת,,,יח`,2.30,100 גרם,false,1,8.90,3.87,true,1,
7290006983206,false,אבקה להכנת פלאפל בקלי קלות 180 גרם,קבוצת אוסם סחר שותפות מוגבלת,,,יח`,0.90,100 גרם,false,1,10.90,12.11,false,1,
7290006983527,false,עוגת הבית תפוחי עץ עם פירורים 400 ג' אסם,קבוצת אוסם סחר שותפות מוגבלת,,,יח`,4,100 גרם,false,1,18.90,4.73,true,1,
7290006983763,false,עוגת הבית בטעם שוקולד אסם (400 גרם),קבוצת אוסם סחר שותפות מוגבלת,,,יח`,4,100 גרם,false,1,11.90,2.98,false,1,
7290006983770,false,עוגת הבית שיש אסם (400 גרם),קבוצת אוסם סחר שותפות מוגבלת,,,יח`,4,100 גרם,false,1,11.90,2.98,false,1,
7290006983787,false,עוגת הבית שוקולד צ'יפס אסם 400 גרם,קבוצת אוסם סחר שותפות מוגבלת,,,יח`,4,100 גרם,false,1,11.90,2.98,false,1,
7290006983794,false,עוגת הבית בטעם תפוז אסם 400 גרם,קבוצת אוסם סחר שותפות מוגבלת,,,יח`,4,100 גרם,false,1,11.90,2.98,false,1,
7290006992185,false,"מטרנה - דייסת אורז פרוביוטי כשל""פ 200 גרם",קבוצת אוסם סחר שותפות מוגבלת,,,יח`,2,100 גרם,false,1,12.90,6.45,false,1,
7290006992390,false,"מטרנה - דייסת וניל פרוביוטי כשל""פ 200 גרם",קבוצת אוסם סחר שותפות מוגבלת,,,יח`,2,100 גרם,false,1,12.90,6.45,false,1,
7290008000246,false,"פמינה - שטיפה אינטימית מועשר באלוורה 220 מ""ל",גורי ע.ע.ע. בע`מ,,,יח`,2.20,"100 מ""ל",false,1,23.90,10.86,false,1,
7290008000796,false,"סופרמן משחת שיניים לילדים בטעם פירות כצט 50 מ""ל",גורי ע.ע.ע. בע`מ,,,יח`,0.50,100 גרם,false,1,10.90,21.80,false,1,
7290008101318,false,קריספ פירורי לחם זהוב 300 גרם מיימונס,א.ל ייצור ושיווק תבלינים בעמ,,,יח`,3,100 גרם,false,1,6.90,2.30,true,1,
7290008104050,false,"פמינה - שטיפה אינטימית קלאסית 220 מ""ל",גורי ע.ע.ע. בע`מ,,,יח`,2.20,"100 מ""ל",false,1,23.90,10.86,true,1,
7290008116886,false,בלנאום שמן רחצה טיפולי לתינוקות וילדים 5,שקד תבל בעמ,,,יח`,5,"100 מ""ל",false,1,69.90,13.98,false,1,
7290008154222,false,עוף טוב שניצלונים 700 גרם,קבוצת אוסם סחר-שות.מוגבלת,,,יח`,7,100 גרם,false,1,13.90,1.99,false,1,
7290008175814,false,וילי פוד פטריות שמפיניון חתוך בדץ 400ג,ג.וילי פוד אינטרנשיונל בעמ,,,יח`,4,100 גרם,false,1,4.90,1.23,false,1,
7290008268455,false,קיווי ישראלי בראשית,בראשית - אגודה שיתופית חקלאית-,,,יח`,1,,false,1,15,15,false,1,
7290008330107,false,מרכך כביסה סגול בדין (4 ליטר),יוניליוור ישראל שיווק בע`מ,,,יח`,4,1 ליטר,false,1,19.90,4.98,false,1,
7290008333115,false,אבקת ג'לטין טהור נטו 28 גרם,נטו מילנדה סחר בעמ*,,,יח`,0.28,100 גרם,false,1,10.90,38.93,false,1,
7290008335546,false,ורניקי במלית תפוא 600 גר` שלושת האופים,נטו מלינדה סחר בע`מ,,,יח`,6,100 גרם,false,1,13.90,2.32,true,1,
7290008343466,false,בצק פילו שלושת האופים (500 גרם),שלושת האופים שגמור,,,יח`,5,100 גרם,false,1,19.90,3.98,true,1,
7290008343503,false,גחנון אפוי 650 גר' שלושת האופים קהילות,נטו מלינדה סחר בע`מ,,,יח`,6.50,100 גרם,false,1,20.90,3.22,true,1,
7290008343558,false,סיגרים במילוי בשר פיקנטי 1 ק``ג קפוא,נטו מלינדה סחר בע`מ,,,יח`,1,"ק""ג",false,1,19.90,19.90,true,1,
7290008343565,false,"סיגרים תפו""א 1 ק""ג שלושת האופים",נטו מלינדה סחר בעמ,,,יח`,1,"ק""ג",false,1,19.90,19.90,true,1,
7290008343572,false,אגרול סיני 1 קג -שלושת האופים,נטו מלינדה סחר בע`מ,,,יח`,1,"ק""ג",false,1,19.90,19.90,false,1,
7290008343602,false,"קובה בשר 1 ק""ג שלושת האופים",נטו מלינדה סחר בעמ,,,יח`,1,"ק""ג",false,1,19.90,19.90,false,1,
7290008343619,false,"פסטלים תפו""א שלושת האופים 1 ק""ג",נטו מלינדה סחר בע`מ,,,יח`,1,"ק""ג",false,1,19.90,19.90,false,1,
7290008343626,false,"כדורי פלאפל 1 ק""ג שלושת האופים",נטו מלינדה סחר בע`מ,,,יח`,1,"ק""ג",false,1,19.90,19.90,true,1,
7290008344258,false,המבורגר מיזרחי 400 גר`טיבונוויל,"טיבון ויל אחזקות בע""\מ",,,יח`,4,100 גרם,false,1,20.90,5.23,true,1,
7290008344272,false,המבורגר 100% טיבון ויל 400 גרם,טיבון ויל אחזקות בעמ,,,יח`,4,100 גרם,false,1,20.90,5.23,true,1,
7290008345118,false,דלידג מקרל בשמן 240 גרם,מיוצר על ידי קוד יצר,,,יח`,2.40,100 גרם,false,1,26.90,11.21,false,1,
7290008345132,false,הרינג כבוש דלידג 240 ג',נטו מלינדה סחר בעמ,,,יח`,2.40,100 גרם,false,1,24.90,10.38,false,1,
7290008345453,false,מג`יק פירה+ירקות,נטו מלינדה סחר בעמ,,,יח`,0.53,100 גרם,false,1,4.50,8.49,false,1,
7290008345576,false,סלט איקרה ביתית לבנה 300 גרם דלידג,נטו מלינדה סחר בע`מ,,,יח`,3,100 גרם,false,1,19.90,6.63,false,1,
7290008345583,false,סלט איקרה ביתית ורודה דלידג (300 גרם),נטו מלינדה סחר בע`מ,,,יח`,3,100 גרם,false,1,19.90,6.63,false,1,
7290008347211,false,אצבעות דג מצופות דלידג (700 גרם),אף.סי תבליני בגליל ב,,,יח`,7,100 גרם,false,1,22.90,3.27,true,1,
7290008409049,false,שניצלונים בציפוי שומשום מיני מיני דק מאמא עוף 500 גרם,תנובה מרכז שיתופי לשיווק תוצרת,,,יח`,5,100 גרם,false,1,26.90,5.38,false,1,
7290008409100,false,אצבעות שניצל בציפוי שומשום מאמא עוף 700 גרם,תנובה גליל שותפות מוגבלת,,,יח`,6,100 גרם,false,1,36,6,true,1,
7290008409124,false,מאמא עוף קפוא שניצל ג'ונגל פריך 700 גרם,תנובה מרכז שיתופי לשיווק תוצרת,,,יח`,7,100 גרם,false,1,36,5.14,true,1,
7290008409216,false,מאמא עוף קפוא שניצל דק פריך 700 גרם,תנובה מרכז שיתופי לשיווק תוצרת,,,יח`,7,100 גרם,false,1,42.90,6.13,false,1,
7290008409223,false,שניצל דק דק מתובל מאמא עוף (700 גרם),תנובה מרכז שיתופי לשיווק תוצרת,,,יח`,7,100 גרם,false,1,42.90,6.13,false,1,
7290008409315,false,שניצלונים בציפוי פריך מיני מיני דק מאמא עוף 500 גרם,תנובה מרכז שיתופי לשיווק תוצרת,,,יח`,5,100 גרם,false,1,26.90,5.38,false,1,
7290008409407,false,שניצל דק דק צ`יפס מאמא עוף (700 גרם),תנובה גליל שותפות מוגבלת,,,יח`,0,100 גרם,false,1,42.90,42.90,false,1,
7290008409551,false,שניצל עוף אמיתי בציפוי מעודן 700 ג' מאמא עוף,תנובה מרכז שיתופי לשיווק תוצרת,,,יח`,7,100 גרם,false,1,42.90,6.13,true,1,
7290008415071,false,צבר חומוס עם טחינה עגול 150 גרם,קבוצת אוסם סחר שותפות מוגבלת,,,יח`,1.50,100 גרם,false,1,4.90,3.27,false,1,
7290008415514,false,צבר חומוס עם חריף עגול 150 גרם,קבוצת אוסם סחר שותפות מוגבלת,,,יח`,1.50,100 גרם,false,1,4.90,3.27,false,1,
7290008443616,false,"מרכך לשיער יבש אדום 750 מ""ל נקה 7",החברה הדרומית לשיווק בעמ,,,יח`,7.50,"100 מ""ל",false,1,10.90,1.45,true,1,
7290008443630,false,"שמפו לשיער מתולתל סגול נקה 7 750 מ""ל",החברה הדרומית לשיווק בעמ,,,יח`,7.50,"100 מ""ל",false,1,10.90,1.45,true,1,
7290008443647,false,"מרכך לשיער מתולתל סגול, 750 מ""ל נקה 7",החברה הדרומית לשיווק בעמ,,,יח`,7.50,"100 מ""ל",false,1,10.90,1.45,true,1,
7290008453868,false,רביעיית פיתות פרנה ארוך,מגוון שיווק והפצת מאפים בעמ,,,יח`,1,,false,1,12,12,false,1,
7290008461221,false,סרדינים רוברט בשמן חמניות 115 גרם,א. סיימן סחר בעמ,,,יח`,1.40,100 גרם,false,1,6.90,4.93,true,1,
7290008464024,false,"בירה גולדסטאר Unfiltered, בירה לא מסוננת, פחית 500 מ""ל","טמפו משקאות בע""מ",,,יח`,5,"100 מ""ל",false,1,8.50,1.64,false,1,
7290008464130,false,"בירה גולדסטאר Unfiltered, בירה לא מסוננת, מארז שישייה, בקבוק 330 מ""ל",טמפו משקאות בעמ,,,יח`,1.98,1 ליטר,false,1,40.90,19.75,true,1,
7290008464222,false,"בירה מכבי 7.9%, בירה חזקה, פחית 500 מ""ל","טמפו משקאות בע""\מ",,,יח`,5,"100 מ""ל",false,1,7.50,1.44,false,1,
7290008464345,false,"בירה גולדסטאר, בקבוק 330 מ''ל",פארייפאבה אגרואינדוס,,,יח`,3.30,"100 מ""ל",false,1,6.60,1.91,false,1,
7290008464468,false,בירה בפחית גולדסטאר (500 מל),פארייפאבה אגרואינדוס,,,יח`,5,"100 מ""ל",false,1,7.90,1.52,false,1,
7290008464475,false,בירה מכבי פחית 500 מ``ל,"טמפו משקאות בע""\מ",,,יח`,5,"100 מ""ל",false,1,6.90,1.32,false,1,
7290008464604,false,"בירה הייניקן פחית 500 מ""ל",טמפו משקאות בע''מ,,,יח`,5,"100 מ""ל",false,1,11.90,2.32,false,1,
7290008464697,false,"בירה מכבי 7.9%, בירה חזקה, מארז שישייה, בקבוק 330 מ""ל",טמפו משקאות בעמ,,,יח`,1.98,1 ליטר,false,1,34.90,16.72,true,1,
7290008464741,false,"בירה גולדסטאר, מארז שישייה, בקבוק 330 מ''ל","טמפו משקאות בע""\מ",,,יח`,1.98,1 ליטר,false,1,37.90,18.23,true,1,
7290008464796,false,"בירה היינקן, מארז שישייה, בקבוק 330 מ''ל",טמפו משקאות בע''מ,,,יח`,1.98,1 ליטר,false,1,34.90,16.72,true,1,
7290008464987,false,שישיית מי סודה טמפו 1.5 ליטר,"טמפו משקאות בע""מ",,,יח`,9,1 ליטר,false,1,15.90,1.77,false,1,
7290008493413,false,פירורי לחם מאיר בייגל פירורי גריסיני 200 גרם,"דנשר (1963) בע,מ",,,יח`,2,100 גרם,false,1,5.90,2.95,false,1,
7290008493710,false,פירורי לחם מאיר בייגל פרורי גריסני זהב 200 גרם,"דנשר (1963) בע,מ",,,יח`,2,100 גרם,false,1,5.90,2.95,false,1,
7290008609531,false,נייר אפייה 50 יח`פאלאס,פאלאס תעשיות נטו (2014) בעמ,,,יח`,1,,false,1,9.90,9.90,true,1,
7290008634045,false,"פלסטר שקוף 30 יחידות ""SUNNY PLASTER""",אינטרסן (1996) בעמ,,,יח`,30,יח`,false,1,5.90,0.20,true,1,
7290008636339,false,פירה שבבי תפוח אדמה מיה 500 גרם כשר לפסח,מיה תעשיות מזון מ.ת.מ. בעמ,,,יח`,4,100 גרם,false,1,12.90,3.23,false,1,
7290008636926,false,קקאו הולנדי בשקית מיה 500 גרם,מיה תעשיות מזון מ.ת.מ. בעמ,,,יח`,5,100 גרם,false,1,14.90,2.98,false,1,
7290008636957,false,שקדים מולבנים גרוסים מיה 100 גרם,מיה תעשיות מזון מ.ת.מ. בעמ,,,יח`,1,100 גרם,false,1,11.90,11.90,false,1,
7290008644112,false,אחלה יום יום סלט מטבוחה יום יום 125 גרם,שטראוס גרופ בעמ/מצונן,,,יח`,1.25,100 גרם,false,1,4.90,3.92,false,1,
7290008644235,false,מבחר עלי בייבי 120 גרם-טעם הטבע,שטראוס בריאות ירקות טריי,,,יח`,1.20,100 גרם,false,1,9.90,8.25,false,1,
7290008644945,false,סלט המושבה שטראוס 450 גר`-טעם הטבע,שטראוס בריאות ירקות טריי,,,יח`,4.50,100 גרם,false,1,10.90,2.42,false,1,
7290008645935,false,אחלה חומוס לניגוב 750 גרם,שטראוס גרופ בעמ/מצונן,,,יח`,7.50,100 גרם,false,1,9.90,1.32,false,1,
7290008690713,false,נקטר חמוציות אושן ספריי פריגת (1 ליטר),החברה המרכזית להפצת משקאות בעמ,,,יח`,1,1 ליטר,false,1,12.90,12.90,false,1,
7290008693134,false,מעדן גבינה ויוגורט בטעם תות 5% שומן 88 ג' דניאלה,שטראוס גרופ בעמ/מצונן,,,יח`,1.50,"100 מ""ל",false,1,4,2.67,false,1,
7290008713900,false,לחם שיפון עגול פרוס אחדות (750 גרם),מאפיית אנג'\ל אורנים מאפ,,,יח`,7.50,100 גרם,false,1,12.50,1.67,false,1,
7290008713917,false,לחם שיפון כהה פרוס מאפיית אחדות 750 גרם,מאפיית שלמה א. אנג'\ל בע,,,יח`,7.50,100 גרם,false,1,12.50,1.67,false,1,
7290008745239,false,תפוצ'יפס קראנצ' בטעם טבעי עלית 50 גרם,"שטראוס פריטו ליי בע""\מ )",,,יח`,0.55,100 גרם,false,1,3.90,7.09,false,1,
7290008747547,false,תפוצ'יפס קראנץ' בטעם טבעי עלית 200 גרם,"שטראוס פריטו ליי בע""\מ )",,,יח`,2,100 גרם,false,1,10.90,5.45,true,1,
7290008752244,false,תפוצ'יפס קראנץ' בטעם גריל עלית 50 גרם,"שטראוס פריטו ליי בע""\מ )",,,יח`,0.50,100 גרם,false,1,3.90,7.80,false,1,
7290008753111,false,תפוצ'יפס קראנץ' בטעם מקסיקני עלית 50 גרם,"שטראוס פריטו ליי בע""\מ )",,,יח`,0.50,100 גרם,false,1,3.90,7.80,false,1,
7290008754415,false,גומי מאסט בטעם ספירמינט עדין פליפטופ 28 ג' עלית,שטראוס גרופ בע`מ,,,יח`,0.28,100 גרם,false,1,4.90,17.50,false,1,
7290008757034,false,"שוופס סודה זכוכית 250 מ""ל",יפאורה שותפות מוגבלת לשיווק,,,יח`,2.50,"100 מ""ל",false,1,2.90,1.04,true,1,
7290008757072,false,משקה מוגז בטעם תות שוופס (330 מל),יפאורה - שותפות מוגבלת לשיווק,,,יח`,3.30,"100 מ""ל",false,1,3.50,0.97,true,1,
7290008757980,false,קרטונית ספרינג נקטר רימונים 1 ליטר,יפאורה שותפות מוגבלת לשיווק,,,יח`,1,1 ליטר,false,1,6.90,6.90,false,1,
7290008775816,false,ערגליות עוגיות במילוי שוקולד אסם 300 גרם,קבוצת אוסם סחר שותפות מוגבלת,,,יח`,3,100 גרם,false,1,10.90,3.63,true,1,
7290008775823,false,ערגליות עוגיות תות שדה אסם 300 גרם,קבוצת אוסם סחר שותפות מוגבלת,,,יח`,3,100 גרם,false,1,10.90,3.63,true,1,
7290008784009,false,גומיות קשירה(צבעוני וחום(,קונסיגנציה- ש. י גיספאן 1993,,,יח`,1,,false,1,10.90,10.90,false,1,
7290008784542,false,ספוג רחצה קויוטה מסג,קונסיגנציה- ש. י גיספאן 1993,,,יח`,1,,false,1,12.90,12.90,false,1,
7290008801119,false,סלקטד סוביניון בלאן יקבי כרמל (750 מל),אגודת הכורמים הקואופרטיב,,,יח`,7.50,"100 מ""ל",false,1,29.90,3.95,true,1,
7290008801157,false,"יין מרלו סלקטד כרמל כרמל 750 מ""ל",אגודת הכורמים -כרמל מזרחי,,,יח`,7.50,"100 מ""ל",false,1,29.90,3.95,true,1,
7290008801478,false,יין טופז זהב אדום מתוק ייצוא 750 מל,אגודת הכורמים בעמ,,,יח`,7.50,"100 מ""ל",false,1,21.20,2.79,true,1,
7290008801522,false,יין קינג דויד קונקורד אדום מתוק 750 מל,אגודת הכורמים הקואופרטיב,,,יח`,7.50,"100 מ""ל",false,1,21.90,2.88,true,1,
7290008801539,false,כרמל 120 אדום מתוק 750 מל קינג דיוויד,אגודת הכורמים הקואופרטיב,,,יח`,7.50,"100 מ""ל",false,1,21.90,2.88,true,1,
7290008801546,false,יין מוסקט מתוק קינג דיוויד יקבי כרמל,אגודת הכורמים הקואופרטיב,,,יח`,7.50,"100 מ""ל",false,1,21.90,2.88,true,1,
7290008801843,false,סלקטד קברנה סובניון יקבי כרמל (750 מל),אגודת הכורמים בעמ,,,יח`,7.50,"100 מ""ל",false,1,29.90,3.95,true,1,
7290008802291,false,יין מרלו פרייבט קולקשן יקבי כרמל,אגודת הכורמים הקואופרטיב,,,יח`,7.50,"100 מ""ל",false,1,39.90,5.28,true,1,
7290008802512,false,"יין וינו אדום ""כרמל מזרחי""",אגודת הכורמים בעמ,,,יח`,7.50,"100 מ""ל",false,1,19.90,2.61,true,1,
7290008802895,false,יין קברנה סוביניון פרייבט קולקשן יקבי כרמל,אגודת הכורמים הקאופורטיב,,,יח`,7.50,"100 מ""ל",false,1,39.90,5.28,true,1,
7290008804189,false,יין קברנה סוביניון גליל עליון סדרה אזורית יקבי כרמל,אגודת הכורמים הקואופרטיב,,,יח`,7.50,"100 מ""ל",false,1,54.90,7.28,true,1,
7290008804745,false,אזורית גוורצטרמינר יין לבן חצי יבש 750 מ,אגודת הכורמים הקואופרטיב,,,יח`,7.50,"100 מ""ל",false,1,54.90,7.28,true,1,
7290008805049,false,סלקטד זינפנדל סמוק יקבי כרמל (750 מל),"כד בני דרום בע""מ",,,יח`,7.50,"100 מ""ל",false,1,29.90,3.95,true,1,
7290008805520,false,"יין קברנה/סוביניון סלקטד כרמל 750 מ""ל",אגודת הכורמים בעמ,,,יח`,7.50,"100 מ""ל",false,1,29.90,3.95,true,1,
7290008805964,false,יין קברנה שיראז גליל עליון סדרה אזורית יקבי כרמל,אגודת הכורמים הקואופרטיב,,,יח`,7.50,"100 מ""ל",false,1,54.90,7.28,true,1,
7290008806305,false,"שלגון פצפצים ""שטראוס""","מיוצר ע"" גלידת שטראו",,,יח`,1,,false,1,6.60,6.60,true,1,
7290008806961,false,גלידה שוקולד שבבי שוקולד פרה 1.33 ל' קרמיסימו,"גלידת שטראוס בע""\מ, רחוב",,,יח`,1.33,1 ליטר,false,1,19.90,14.96,true,1,
7290008830690,false,מובחרים מן הטבע יחידה,קונסיגנציה-דין שיווק וקליה 202,,,יח`,1,,false,1,10,10,false,1,
7290008836401,false,יין אדום מתוק ישן נושן אפרת 1 ליטר,יקב טפרברג 1870 בעמ (יינות ומש,,,יח`,1,1 ליטר,false,1,21.90,21.90,true,1,
7290008836494,false,מיץ ענבים תירוש אדום אפרת 1 ליטר,יקב טפרברג 1870 בעמ (יינות ומש,,,יח`,10,"100 מ""ל",false,1,16.90,1.66,true,1,
7290008849586,false,רוטב לעוף ריבת בצל אוליביה 310 גרם,תה ויסוצקי (ישראל) בעמ,,,יח`,3.10,100 גרם,false,1,13.90,4.48,true,1,
7290008975551,false,תחליף חלב מטרנה מהדרין שלב 3 חלבי 700 גרם,קבוצת אוסם סחר שותפות מוגבלת,,,יח`,7,100 גרם,false,1,49.90,7.13,true,1,
7290008989091,false,שלישיית פירכוני אורז בטר אנד דיפרנט 310 גרם,"בטר אנד דיפרנט בע""מ",,,יח`,3,100 גרם,false,1,12.90,4.30,true,1,
7290008989473,false,ממרח חרובים בטעם שוקולד בטר אנד דיפרנט 350 גרם,"בטר אנד דיפרנט בע""מ",,,יח`,3.50,100 גרם,false,1,12.90,3.69,false,1,
7290010002023,false,כורכום הודי טחון תבליני מימון 100 גרם,א.ל. ייצור ושיווק תבלינים בע`מ,,,יח`,1,100 גרם,false,1,11.90,11.90,false,1,
7290010002078,false,פלפל שחור טחון תבליני מימון (100 גרם),א.ל. ייצור ושיווק תבלינים בע`מ,,,יח`,1,100 גרם,false,1,15.90,15.90,false,1,
7290010002108,false,תבלין פלפל שחור גרוס גס תבליני מימון 90,א.ל. ייצור ושיווק תבלינים בע`מ,,,יח`,0.90,100 גרם,false,1,15.90,17.67,false,1,
7290010002122,false,פפריקה הונגרית מתוקה תבליני מימון 100 גרם,א.ל. ייצור ושיווק תבלינים בע`מ,,,יח`,1,100 גרם,false,1,11.90,11.90,false,1,
7290010002146,false,פפריקה מרוקאית מתוקה תבליני מימון 100 גרם,א.ל. ייצור ושיווק תבלינים בע`מ,,,יח`,1,100 גרם,false,1,11.90,11.90,false,1,
7290010002191,false,תבלין מקלות קינמון תבליני מימון 50 גרם,א.ל. ייצור ושיווק תבלינים בע`מ,,,יח`,0.50,100 גרם,false,1,13.90,27.80,false,1,
7290010002207,false,תבלין קינמון טחון תבליני מימון 100 גרם,א.ל. ייצור ושיווק תבלינים בע`מ,,,יח`,1,100 גרם,false,1,10.90,10.90,false,1,
7290010002290,false,תיבול לשווארמה תבליני מימון 100 גרם,א.ל. ייצור ושיווק תבלינים בע`מ,,,יח`,1,100 גרם,false,1,11.90,11.90,false,1,
7290010002313,false,תבלין ראס אל חנות תבליני מימון 100 גרם,א.ל. ייצור ושיווק תבלינים בע`מ,,,יח`,1,100 גרם,false,1,11.90,11.90,false,1,
7290010002320,false,תבלין לגריל עוף תבליני מימון (100 גרם),א.ל. ייצור ושיווק תבלינים בע`מ,,,יח`,1,100 גרם,false,1,11.90,11.90,false,1,
7290010002337,false,תיבול לסטייק תבליני מימון 100 גרם,א.ל. ייצור ושיווק תבלינים בע`מ,,,יח`,1,100 גרם,false,1,11.90,11.90,false,1,
7290010002368,false,תערובת חווויג' תבליני מימון 100 גרם,א.ל. ייצור ושיווק תבלינים בע`מ,,,יח`,1,100 גרם,false,1,11.90,11.90,false,1,
7290010002375,false,תבלין מדראס קארי תבליני מימון (100 גרם),א.ל. ייצור ושיווק תבלינים בע`מ,,,יח`,1,100 גרם,false,1,11.90,11.90,false,1,
7290010002399,false,תבלין בזיליקום תבליני מימון 40 גרם,א.ל. ייצור ושיווק תבלינים בע`מ,,,יח`,0.50,100 גרם,false,1,10.90,21.80,false,1,
7290010002405,false,תבלין טימין הררי תבליני מימון 40 גרם,א.ל. ייצור ושיווק תבלינים בע`מ,,,יח`,0.50,100 גרם,false,1,10.90,21.80,false,1,
7290010002597,false,כוסברה ירוקה תבליני מימון (20 גרם),א.ל. ייצור ושיווק תבלינים בע`מ,,,יח`,0.30,100 גרם,false,1,10.90,36.33,false,1,
7290010003051,false,פפריקה הונגרית מתוקה תבליני מימון 400 גרם,א.ל. ייצור ושיווק תבלינים בע`מ,,,יח`,4,100 גרם,false,1,23.90,5.98,false,1,
7290010003075,false,פפריקה מרוקאית מתוקה תבליני מימון 400 גרם,א.ל. ייצור ושיווק תבלינים בע`מ,,,יח`,4,100 גרם,false,1,23.90,5.98,false,1,
7290010003686,false,עלי דפנה שקית תבליני מימון (20 גרם),א.ל. ייצור ושיווק תבלינים בע`מ,,,יח`,0.20,100 גרם,false,1,5.90,29.50,false,1,
7290010003693,false,פפריקה מתוקה בשקית תבליני מימון 80 גרם,א.ל. ייצור ושיווק תבלינים בע`מ,,,יח`,0.80,100 גרם,false,1,5.90,7.38,false,1,
7290010003709,false,פלפל שחור טחון בשקית תבליני מימון 50 גרם,א.ל. ייצור ושיווק תבלינים בע`מ,,,יח`,0.50,100 גרם,false,1,7.90,15.80,false,1,
7290010003754,false,כמון טחון בשקית תבליני תבליני מימון 50 גרם,א.ל. ייצור ושיווק תבלינים בע`מ,,,יח`,0.50,100 גרם,false,1,5.90,11.80,false,1,
7290010003761,false,כורכום טחון בשקית תבליני מימון 80 גרם,א.ל. ייצור ושיווק תבלינים בע`מ,,,יח`,0.80,100 גרם,false,1,5.90,7.38,false,1,
7290010003778,false,תיבול לגריל עוף בשקית תבליני מימון 80 גרם,א.ל. ייצור ושיווק תבלינים בע`מ,,,יח`,0.80,100 גרם,false,1,5.90,7.38,false,1,
7290010003792,false,מלח לימון בשקית תבליני מימון 100 גרם,א.ל. ייצור ושיווק תבלינים בע`מ,,,יח`,1,100 גרם,false,1,5.90,5.90,false,1,
7290010003808,false,זעתר ושומשום בשקית תבליני מימון (80 גרם),א.ל. ייצור ושיווק תבלינים בע`מ,,,יח`,0.80,100 גרם,false,1,5.90,7.38,false,1,
7290010003822,false,פפריקה חריפה בשקית תבליני מימון (80 גרם),א.ל. ייצור ושיווק תבלינים בע`מ,,,יח`,0.80,100 גרם,false,1,5.90,7.38,false,1,
7290010003839,false,קינמון טחון בשקית תבליני מימון 80 גרם,א.ל. ייצור ושיווק תבלינים בע`מ,,,יח`,0.80,100 גרם,false,1,5.90,7.38,false,1,
7290010003846,false,אורגנו בשקית תבליני מימון 20 גרם,א.ל. ייצור ושיווק תבלינים בע`מ,,,יח`,0.20,100 גרם,false,1,5.90,29.50,false,1,
7290010045013,false,עוגיות חמאה צרפתיות לחמי (200 גרם),קונדטוריות לחמי,,,יח`,2,100 גרם,false,1,18.90,9.45,false,1,
7290010045051,false,עוגיות מלבן שקדים לחמי (200 גרם),קונדטוריות לחמי,,,יח`,2,100 גרם,false,1,18.90,9.45,false,1,
7290010045068,false,עוגיות נסיכה לחמי (250 גרם),קונדטוריות לחמי,,,יח`,2.50,100 גרם,false,1,18.90,7.56,false,1,
7290010051021,false,בזיליקום ארוז א.אדמה,א.אדמה (2007) בעמ,,,יח`,1,,false,1,5.90,5.90,false,1,
7290010051045,false,עלי בייבי ארוז א.אדמה,א.אדמה (2007) בעמ,,,יח`,1,,false,1,9.90,9.90,false,1,
7290010051052,false,פטרוזיליה ארוז א.אדמה,א.אדמה (2007) בעמ,,,יח`,1.20,100 גרם,false,1,3.90,3.25,false,1,
7290010051076,false,לבבות חסה ארוז א.אדמה,א.אדמה (2007) בעמ,,,יח`,1,,false,1,11.90,11.90,false,1,
7290010051120,false,מרווה ארוז א.אדמה,א.אדמה (2007) בעמ,,,יח`,1,,false,1,5.90,5.90,false,1,
7290010051144,false,תרד עלים א.אדמה,ביכורי השדה צפון 1994 ג.ד. בעמ,,,יח`,1.80,100 גרם,false,1,9.90,5.50,false,1,
7290010051168,false,כוסברה ארוז א.אדמה,א.אדמה (2007) בעמ,,,יח`,1,,false,1,3.90,3.90,false,1,
7290010051175,false,כוסברה/שמיר ארוז,א.אדמה (2007) בעמ,,,יח`,1,,false,1,3.90,3.90,false,1,
7290010051182,false,נענע ארוז א.אדמה,א.אדמה (2007) בעמ,,,יח`,1,,false,1,3.90,3.90,false,1,
7290010051199,false,שורש פטרוזיליה ארוז א.אדמה,א.אדמה (2007) בעמ,,,יח`,1,,false,1,5.90,5.90,false,1,
7290010051205,false,סלרי עלים ארוז א.אדמה,א.אדמה (2007) בעמ,,,יח`,1,,false,1,5.90,5.90,false,1,
7290010051212,false,סלרי ראש א.אדמה,א.אדמה (2007) בעמ,,,יח`,3,100 גרם,false,1,5.90,1.97,false,1,
7290010051267,false,לוף בשקית א.אדמה,א.אדמה (2007) בעמ,,,יח`,1,,false,1,10.90,10.90,false,1,
7290010051281,false,רוקולה ארוז א.אדמה,ביכורי השדה צפון 1994 ג.ד. בעמ,,,יח`,1.10,100 גרם,false,1,9.90,9,false,1,
7290010051298,false,סלק עלים ארוז מנגולד א.אד,א.אדמה (2007) בעמ,,,יח`,1,,false,1,5.90,5.90,false,1,
7290010051311,false,סלרי חתוך א.אדמה,ביכורי השדה צפון 1994 ג.ד. בעמ,,,יח`,1,,false,1,6.90,6.90,false,1,
7290010051328,false,חסה באק צ`וי א. אדמה,א.אדמה (2007) בעמ,,,יח`,1,,false,1,12.90,12.90,false,1,
7290010051335,false,בצל ירוק ארוז א.אדמה,א.אדמה (2007) בעמ,,,יח`,1,,false,1,5.90,5.90,false,1,
7290010051373,false,לבבות חסה בשקית א.אדמה,ביכורי השדה צפון 1994 ג.ד. בעמ,,,יח`,1,,false,1,10.90,10.90,false,1,
7290010051403,false,סלרי אמריקאי ביכורי שדה ארוז,א.אדמה (2007) בעמ,,,יח`,1,,false,1,5.90,5.90,false,1,
7290010051434,false,חסה סלנובה ארוז א.אדמה,ביכורי שדה דרום,,,יח`,1,,false,1,11.90,11.90,false,1,
7290010051687,false,רוזמרין ארוז א.אדמה,א.אדמה (2007) בעמ,,,יח`,3,100 גרם,false,1,5.90,1.97,false,1,
7290010051724,false,מלפפון בייבי,א.אדמה (2007) בעמ,,,יח`,1,,false,1,9.90,9.90,false,1,
7290010065295,false,פרינוק - מחית תפוחי עץ ובננה 130 גרם,גורי מוצרי צריכה (1991) בעמ,,,יח`,1.30,100 גרם,false,1,5.90,4.54,true,1,
7290010065349,false,72900פרינוק מחית סלט פירות שלב 3 190 גרם,גורי מוצרי צריכה (1991) בעמ,,,יח`,1.90,100 גרם,false,1,6.60,3.47,true,1,
7290010065745,false,מחית לפתן פירות ג'וניור פרינוק 190 גרם,גורי מוצרי צריכה (1991) בעמ,,,יח`,1.90,100 גרם,false,1,6.60,3.47,true,1,
7290010066001,false,נתחי טונה עם שמן צמחי פילטונה 960 גרם,תעשיות פיל טונה בעמ,,,יח`,9.60,100 גרם,false,1,34.90,3.64,false,1,
7290010066513,false,נתחי טונה בשמן צמחי רביעיה *158ג' פילטונה,תעשיות פילטונה בעמ,,,יח`,6.32,100 גרם,false,1,22.90,3.62,false,1,
7290010066575,false,נתחי טונה במים רביעיה *158ג' פילטונה,תעשיות פילטונה בעמ,,,יח`,6.32,100 גרם,false,1,22.90,3.62,false,1,
7290010066582,false,נתחי טונה בשמן קנולה רביעיה * 158 ג' פילטונה,תעשיות פילטונה בעמ,,,יח`,6.32,100 גרם,false,1,22.90,3.62,false,1,
7290010066599,false,רביעיית נתחי טונה בשמן זית פילטונה 158X4 גרם,תעשיות פילטונה בעמ,,,יח`,6.40,100 גרם,false,1,27.90,4.36,false,1,
7290010117864,false,דוריטוס חטיף תירס בטעם חריף אש עלית 70 גרם,"שטראוס פריטו ליי בע""\מ )",,,יח`,0.70,100 גרם,false,1,3.90,5.57,true,1,
7290010118328,false,חטיף צ`יפס בטעם טבעי תפוצ`יפס (40x6 גרם),"שטראוס פריטו ליי בע""מ",,,יח`,2.40,100 גרם,false,1,12.90,5.38,false,1,
7290010124107,false,סטייקבורגר זהב 400 גרם הקצביה בלדי,בלדי בעמ,,,יח`,4,100 גרם,false,1,15.90,3.98,false,1,
7290010124190,false,אל מטאדור שניצל בקר מלינסה 250 גרם בלדי,בלדי בעמ,,,יח`,2.50,100 גרם,false,1,12.90,5.16,false,1,
7290010124503,false,שומן כבש מעובד ארוז בלדי 200גר,בלדי בע`מ,,,יח`,2,100 גרם,false,1,9.90,4.95,false,1,
7290010129003,false,עוגיות אוזניים דולצ`ה ויטה 600 גר,שיבולים יצור ושיווק מוצרי מאפה,,,יח`,6,100 גרם,false,1,19.90,3.32,false,1,
7290010129010,false,עוגיות כתר ריבה דולצ`ה ויטה (600 גרם),שיבולים יצור ושיווק מוצרי מאפה,,,יח`,6,100 גרם,false,1,19.90,3.32,false,1,
7290010129027,false,עוגיות מרוקאיות דולצ`ה ויטה (600 גרם),שיבולים יצור ושיווק מוצרי מאפה,,,יח`,6,100 גרם,false,1,19.90,3.32,false,1,
7290010129300,false,עוגיות רייף 350ג מאפים של אדל,שיבולים יצור ושיווק מוצרי מאפה,,,יח`,3.50,100 גרם,false,1,15.90,4.54,false,1,
7290010129324,false,עוגיות מעמול דולצה ויטה 600 גר,שיבולים יצור ושיווק מוצרי מאפה,,,יח`,6,100 גרם,false,1,19.90,3.32,false,1,
7290010129553,false,עוגיות רולדה תמרים דולצ`ה ויטה (600 גרם),שיבולים יצור ושיווק מוצרי מאפה,,,יח`,6,100 גרם,false,1,19.90,3.32,false,1,
7290010129652,false,עוגיות לקפה 350ג מאפים של אדל,שיבולים יצור ושיווק מוצרי מאפה,,,יח`,3.50,100 גרם,false,1,15.90,4.54,false,1,
7290010129676,false,עוגיות מרוקאיות ארוך 350 גרם,שיבולים יצור ושיווק מוצרי מאפה,,,יח`,3.50,100 גרם,false,1,15.90,4.54,false,1,
7290010129942,false,עוגיות שמרים 500 גרם דולצה ויטה,שיבולים יצור ושיווק מוצרי מאפה,,,יח`,5,100 גרם,false,1,12.90,2.58,false,1,
7290010129959,false,עוגיות שמרים 400 גרם דולצה ויטה,שיבולים יצור ושיווק מוצרי מאפה,,,יח`,4,100 גרם,false,1,11.90,2.98,false,1,
7290010153503,false,שעועית בובס יבשה מיה 400 גר',מיה תעשיות מזון מ.ת.מ. בעמ,,,יח`,4,100 גרם,false,1,11.90,2.98,false,1,
7290010153510,false,בורגול יבש מיה 500 גר',מיה תעשיות מזון מ.ת.מ. בעמ,,,יח`,5,100 גרם,false,1,5.90,1.18,true,1,
7290010153534,false,קמח תירס מיה 400 גרם,מיה תעשיות מזון מ.ת.מ. בעמ,,,יח`,4,100 גרם,false,1,6.90,1.73,false,1,
7290010153688,false,חומץ רכיבים טבעיים 1 ליטר,מיה תעשיות מזון מ.ת.מ. בעמ,,,יח`,1,1 ליטר,false,1,7.90,7.90,false,1,
7290010153770,false,ציפוי לשניצל פיקנטי מיה 500 גרם,מיה תעשיות מזון מ.ת.מ. בעמ,,,יח`,5,100 גרם,false,1,11.90,2.38,true,1,
7290010153787,false,ציפוי לשניצל עם שומשום 500 גר`מיה,מיה תעשיות מזון מ.ת.מ. בעמ,,,יח`,5,100 גרם,false,1,11.90,2.38,true,1,
7290010153794,false,ציפוי לשניצל עם עשבי תיבול מיה 500 גרם,מיה תעשיות מזון מ.ת.מ. בעמ,,,יח`,5,100 גרם,false,1,11.90,2.38,true,1,
7290010153800,false,ציפוי לשניצל עם תיבול עדין מיה (500 גרם),מיה תעשיות מזון מ.ת.מ. בעמ,,,יח`,5,100 גרם,false,1,11.90,2.38,true,1,
7290010153817,false,ריבת חלב אמיתי מיה 400 גרם,מיה תעשיות מזון מ.ת.מ. בעמ,,,יח`,4,100 גרם,false,1,13.90,3.48,false,1,
7290010154005,false,סחוג תימני תבליני ביטון יוחאי (250 גרם),תבליני יוחאי ביטון,,,יח`,2.50,100 גרם,false,1,13.90,5.56,true,1,
7290010154012,false,לימון בלאדי תבליני ביטון יוחאי (250 גרם),נטו מלינדה סחר בע`מ,,,יח`,2.50,100 גרם,false,1,15.90,6.36,true,1,
7290010154029,false,אריסה מתוקה תבליני ביטון יוחאי (250 גרם),תבליני ביטון יוחאי,,,יח`,2.50,100 גרם,false,1,14.90,5.96,true,1,
7290010154036,false,עמבה תבליני ביטון יוחאי (250 גרם),נטו מילנדה סחר בעמ*,,,יח`,2.50,100 גרם,false,1,13.90,5.56,true,1,
7290010154050,false,ממרח שיפקה כבוש ביטון יוחאי (250 גרם),תבליני ביטון יוחאי,,,יח`,2.50,100 גרם,false,1,14.90,5.96,false,1,
7290010154241,false,סלט חזרת ביתית תבליני ביטון יוחאי (250 ג,נטו מלינדה סחר בע`מ,,,יח`,2.50,100 גרם,false,1,13.90,5.56,true,1,
7290010154265,false,פלפל צ`ומה תבליני ביטון יוחאי (250 גרם),תבליני יוחאי ביטון,,,יח`,2.50,100 גרם,false,1,14.90,5.96,true,1,
7290010154425,false,סחוג ירוק תבליני ביטון 130 גרם,תבליני ביטון יוחאי,,,יח`,1.30,100 גרם,false,1,8.90,6.85,true,1,
7290010173044,false,"יין בר הרי גליל מרלו 750 מ""ל",היכל היין שקד גולן בעמ,,,יח`,7.50,"100 מ""ל",false,1,37.90,5.01,true,1,
7290010173174,false,יין אדום יבש אלון יקב הרי גליל 750 מל,היכל היין שקד גולן בעמ,,,יח`,7.50,"100 מ""ל",false,1,54.90,7.28,false,1,
7290010173334,false,שיראז יקב הרי גליל (750 מל),היכל היין שקד גולן בעמ,,,יח`,7.50,"100 מ""ל",false,1,37.90,5.01,true,1,
7290010237548,false,"פפסי מקס דל קלוריות 500 מ""ל בקבוק",טמפו משקאות בע`מ,,,יח`,5,"100 מ""ל",false,1,3.90,0.72,true,1,
7290010237562,false,משקה מוגז בטעם תפוזים מירנדה (500 מל),טמפו משקאות בע`מ,,,יח`,5,"100 מ""ל",false,1,4.90,0.92,true,1,
7290010237685,false,"הייניקן בירה צואר ארוך 330מ""ל",טמפו משקאות בע''מ,,,יח`,3.30,"100 מ""ל",false,1,10.10,2.97,false,1,
7290010237890,false,"בירה הייניקן בקבוק 500 מ""ל חוזר",טמפו משקאות בע''מ,,,יח`,5,"100 מ""ל",false,1,8.50,1.46,false,1,
7290010256303,false,שקיות הקפאה בגליל המותג) (100x2,דין שיווק - עטרת,,,יח`,2,יח`,false,1,8.90,4.45,false,1,
7290010259359,false,וילי פוד נודלס אטר.ביצים להקפצה בדץ 200ג,ג.וילי פוד אינטרנשיונל בעמ,,,יח`,2,100 גרם,false,1,4.90,2.45,false,1,
7290010259366,false,וילי פוד נודלס אטר.ביצים מסולסל בדץ 200ג,ג. וילי-פוד אינטרנשיונל בע`מ,,,יח`,2,100 גרם,false,1,4.90,2.45,false,1,
7290010259830,false,מנת השף נודלס בסגנון סיני פיקנטי וילי פוד 70 גרם,ג. וילי-פוד אינטרנשיונל בע`מ,,,יח`,0.70,100 גרם,false,1,4.90,7,false,1,
7290010259991,false,צנימים מיוחדים בטעם טבעי 250 ג',ג. וילי-פוד אינטרנשיונל בע`מ,,,יח`,2.50,100 גרם,false,1,7.90,3.16,true,1,
7290010278916,false,שקית 10 מודפס נסיכות,שמחה זה אנחנו בע`מ,,,יח`,1,,false,1,8.90,8.90,false,1,
7290010328093,false,ממרח חלווה אחווה 400 ג' מהדרין,אחדות ביחר לטחינה חל,,,יח`,4,100 גרם,false,1,9.90,2.48,false,1,
7290010328239,false,טחינה מתובלת משומשום טבעי אחוה (500 גרם),אחדות ביתחרושת לטחינה חלבה,,,יח`,5,100 גרם,false,1,11.90,2.38,false,1,
7290010328246,false,טחינה גולמית משומשום מלא אחווה 500 גרם,אחדות ביתחרושת לטחינה חלבה,,,יח`,5,100 גרם,false,1,10.90,2.18,true,1,
7290010328253,false,טחינה גולמית משומשום טבעי אחווה 500 גרם,אחדות ביתחרושת לטחינה חלבה,,,יח`,5,100 גרם,false,1,10.90,2.18,true,1,
7290010328468,false,מארז מיני חלווה אחוה בטעמים 18 יחידות 216 גרם,אחדות ביחר לטחינה חל,,,יח`,2.16,100 גרם,false,1,10.90,5.05,true,1,
7290010328505,false,"מארז מיני חלווה 15 יחידות לל""ס אחוה 150 גרם",אחדות ביחר לטחינה חל,,,יח`,1,,false,1,10.90,10.90,true,1,
7290010328680,false,עוגה בטעם שוקולד עם שוקוצ'יפס מריר ולבן 450 גרם,אחדות ביחר לטחינה חל,,,יח`,4.50,100 גרם,false,1,10.90,2.42,true,1,
7290010328710,false,קצפיות אחווה 180 גר`חדש ללא חזרות*,אחדות ביחר לטחינה חל,,,יח`,1.80,100 גרם,false,1,7.90,4.39,false,1,
7290010328727,false,ממרח טחינה עם שוקולד אחווה 400 גרם,אחדות ביחר לטחינה חל,,,יח`,4,100 גרם,false,1,9.90,2.48,false,1,
7290010328901,false,מאפין בטעם וניל 45 גרם אחוה,אחדות ביחר לטחינה חל,,,יח`,0.45,100 גרם,false,1,1.90,4.22,true,1,
7290010382842,false,"קרם נטורל פורמולה קרם לחות קלילה לשיער רגיל, 400 מ""ל קלילה רגיל",החברה הדרומית לשיווק בעמ,,,יח`,5,"100 מ""ל",false,1,24.90,4.98,true,1,
7290010429684,false,דבש טהור פרחי בר יד מרדכי 700 גרם מארז זוגי,"שטראוס גרופ בע""מ",,,יח`,7,100 גרם,false,1,29.90,4.27,false,1,
7290010471669,false,יוגורט תות עם קורנפלקס מצופה שוקולד ללא גלוטן 3.9%,שטראוס גרופ בעמ/מצונן,,,יח`,1.75,"100 מ""ל",false,1,4.40,2.51,false,1,
7290010472307,false,"שמיניית משקה גמדים תות בננה דיסני 108 מ""ל",שטראוס גרופ בעמ/מצונן,,,יח`,8,"100 מ""ל",false,1,20,2.50,false,1,
7290010472390,false,מארז 8 יחידות מעדן דני בטעם שוקולד 1.5%,שטראוס גרופ בעמ/מצונן,,,יח`,1,1 ליטר,false,1,16.40,16.40,true,1,
7290010569717,false,שטראוס קרמיסימו,גלידות שטראוס בעמ,,,יח`,1.33,1 ליטר,false,1,19.90,14.96,true,1,
7290010627004,false,טחינה גולמית מסורתית ירושלים 500 ג',תה ויסוצקי (ישראל) בעמ,,,יח`,5,100 גרם,false,1,15.90,3.18,true,1,
7290010627844,false,טחינה גולמית שומשום מלא ירושלים 500גרם,תה ויסוצקי (ישראל) בעמ,,,יח`,5,100 גרם,false,1,15.90,3.18,true,1,
7290010632787,false,צימרוני אוזניים מעץ אינטרסן) (300,הדקלאים אגודת שיתופי,,,יח`,300,יח`,false,1,4.90,0.02,false,1,
7290010650286,false,בייבי ברוקולי חוות תקוע,חוות פטריות תקוע בעמ*קונסיגנצי,,,יח`,3.50,100 גרם,false,1,9,2.57,false,1,
7290010656592,false,מיץ ענבים תירוש אדום 100% טבעי 1 ליטר,יקב טפרברג 1870 בעמ (יינות ומש,,,יח`,1,1 ליטר,false,1,19.90,19.90,true,1,
7290010656615,false,מיץ תירוש טהור לבן 100% טבעי אפרת 1 ליטר,יקב טפרברג 1870 בעמ (יינות ומש,,,יח`,1,1 ליטר,false,1,19.90,19.90,true,1,
7290010690527,false,קייל ארוז גן ירק,א.אדמה (2007) בעמ,,,יח`,1,,false,1,11.90,11.90,false,1,
7290010711031,false,מברשת אבק גדולה 1522,מ.א.ייצור ויבוא מטליות בעמ,,,יח`,1,,false,1,14.90,14.90,false,1,
7290010711123,false,כריות מתכת שייני 4 יחידות,מ.א.ייצור ויבוא מטליות בעמ,,,יח`,1,,false,1,5.90,5.90,false,1,
7290010711208,false,שייני גליל מטליות צהוב 33 יח',מ.א.ייצור ויבוא מטליות בעמ,,,יח`,1,,false,1,17.90,17.90,false,1,
7290010711543,false,כף אשפה + גומי SHINY,מ.א.ייצור ויבוא מטליות בעמ,,,יח`,1,,false,1,5.90,5.90,false,1,
7290010711550,false,דלי איטלקי עם פיה יוגב,מ.א.ייצור ויבוא מטליות בעמ,,,יח`,1,,false,1,11.90,11.90,false,1,
7290010711901,false,מיקרופייבר שלישייה לרצפה שייני,מ.א. יצור ויבוא מטליות בעמ`,,,יח`,1,,false,1,13.90,13.90,false,1,
7290010711918,false,שייני מטליות מיקרופייבר לניקוי כללי חמישיה,מ.א. יצור ויבוא מטליות בעמ`,,,יח`,1,,false,1,7.90,7.90,false,1,
7290010711932,false,מטליות רב שימושיות פרימיום שייני 9 יחידות,מ.א.ייצור ויבוא מטליות בעמ,,,יח`,1,,false,1,7.90,7.90,false,1,
7290010718023,false,"קרם גוף איזבלה ורוד 300 מ""ל פנינה רוזנבלום",פנינה רוזנבלום בעמ,,,יח`,4,"100 מ""ל",false,1,17.90,4.48,false,1,
7290010718634,false,"פנינה רוזנבלום -אל סבון נוזלי לבן,1 ליטר","פנינה רוזנבלום בע""מ",,,יח`,1,1 ליטר,false,1,9.90,9.90,false,1,
7290010748884,false,אפקטיב קר קרם גוף אינטנסיב לעור יבש במיוחד ח 700,"פישר תעשיות פרמבצטיות בע""מ",,,יח`,7,"100 מ""ל",false,1,32.90,4.70,true,1,
7290010757961,false,ג'חנון ללא גלוטן אריאל 450 גרם,מאפיית ישראל חיפה,,,יח`,4.50,100 גרם,false,1,19.90,4.42,false,1,
7290010760909,false,"בורקס פיצה כשל""פ 600 גרם",מאפיית אריאל בעמ,,,יח`,6,100 גרם,false,1,21.90,3.65,false,1,
7290010777099,false,פיתות בעבודת יד פיתה אקספרס 8 יחידות,מגוון שיווק והפצת מאפים בעמ,,,יח`,8,100 גרם,false,1,11.30,1.41,false,1,
7290010777297,false,פיתות עבודת יד10 יח'/ פיתה ביס לבן 12 יח',מגוון שיווק והפצת מאפים בעמ,,,יח`,0.01,1 ליטר,false,1,12.90,1290,false,1,
7290010777358,false,מארז שמיניית פיתות 100% כוסמין מלא,מגוון שיווק והפצת מאפים בעמ,,,יח`,1,,false,1,15.90,15.90,false,1,
7290010777488,false,ביס מקמח מלא מחמצת 99 קלוריות 10 יח`,מגוון שיווק והפצת מאפים בעמ,,,יח`,1,,false,1,15.90,15.90,false,1,
7290010777525,false,מארז שישייה פיתות כוסמין פיתה אקספרס,מגוון שיווק והפצת מאפים בעמ,,,יח`,0,100 גרם,false,1,15.90,15.90,false,1,
7290010838424,false,ג'ל לניקוי מתקדם בניחוח רענן - מארז זוג,"איטיליאן פוד, אס.פי.",,,יח`,1.50,1 ליטר,false,1,18.90,12.60,true,1,
7290010838431,false,ג'ל לניקוי מתקדם בניחוח ים - מארז זוג,מיוצר עי קונדיטוריית,,,יח`,1.50,1 ליטר,false,1,18.90,12.60,true,1,
7290010849505,false,די לואיג`י רוסו דולצ`ה 750 מל למברוסקו,הכרם - משקאות חריפים בעמ,,,יח`,7.50,"100 מ""ל",false,1,29.90,3.95,true,1,
7290010849529,false,די לואיג`י ביאנקו 750 מל למברוסקו,הכרם - משקאות חריפים בעמ,,,יח`,7.50,"100 מ""ל",false,1,31.90,4.21,true,1,
7290010883356,false,כפפות אלוורה רב שימושיות גדולות L סנו סושי,החברה הדרומית לשיווק בעמ,,,יח`,1,,false,1,10.90,10.90,true,1,
7290010883363,false,כפפות אלוורה רב שימושיות קטנות S סנו סושי,החברה הדרומית לשיווק בעמ,,,יח`,1,,false,1,10.90,10.90,true,1,
7290010883370,false,כפפות אלוורה רב שימושיות בינוניות M סנו סושי,החברה הדרומית לשיווק בעמ,,,יח`,1,,false,1,10.90,10.90,true,1,
7290010922864,false,גולש בקר ארוז קפוא אשפר( 800 גר`),בלדי בעמ,,,יח`,8,100 גרם,false,1,29.90,3.74,false,1,
7290010931330,false,סלט מטבוחה אחלה 500 גרם,שטראוס גרופ בעמ/מצונן,,,יח`,5,100 גרם,false,1,14.90,2.98,true,1,
7290010945146,false,קוטג' 3% מועשר בסידן טרה 250 ג' מהדרין,*החברה המרכזית להפצת משקאותבעמ,,,יח`,2.50,100 גרם,false,1,5.60,2.24,false,1,
7290010945450,false,גבינה לבנה 3% 250 גר מועשר בסידן וויטמין,*החברה המרכזית להפצת משקאותבעמ,,,יח`,2.50,100 גרם,false,1,4.98,1.99,false,1,
7290011015985,false,"סירופ בטעם דיאט אננס 750 מ""ל פריגת",החברה המרכזית להפצת משקאות בעמ,,,יח`,7.50,"100 מ""ל",false,1,22.90,3.05,false,1,
7290011017866,false,פחית קולה סליק קוקה-קולה (330 מל),החברה המרכזית להפצת משקאות בעמ,,,יח`,3.30,"100 מ""ל",false,1,3.90,1.09,true,1,
7290011017873,false,פחית זירו סליק קוקה-קולה (330 מל),החברה המרכזית להפצת משקאות בעמ,,,יח`,3.30,"100 מ""ל",false,1,3.90,1.09,true,1,
7290011018184,false,תה קר בטעם אפרסק פיוז-טי (500 מל),החברה המרכזית להפצת משקאות בעמ,,,יח`,5,"100 מ""ל",false,1,6.20,1.18,false,1,
7290011026066,false,"ד""ר פישר - סרקל שמפו + מרכך לילדים 1 ליטר","פישר תעשיות פרמצבטיות בע""מ",,,יח`,1,1 ליטר,false,1,29.90,29.90,false,1,
7290011051525,false,ספרינג תה קר 0.5 ליטר אפרסק,יפאורה שותפות מוגבלת לשיווק,,,יח`,5,"100 מ""ל",false,1,5.90,1.12,true,1,
7290011064075,false,מעדן לבנה מסבחה -אבו גוש 200 גרם,גבינות עמיר ניצן בעמ,,,יח`,2,100 גרם,false,1,13.90,6.95,false,1,
7290011064099,false,ירקות או פרות ממולאים במעדן גבינה ניצן 125 גרם,גבינות אמיר ניצן בעמ,,,יח`,1.25,100 גרם,false,1,19.90,15.92,false,1,
7290011065416,false,פלפל שחור מטחנה מימונס 60 גרם,"א.ל ייצור ושיווק תבלינים בע""מ",,,יח`,0.60,100 גרם,false,1,16.90,28.17,false,1,
7290011081041,false,שטראוס קרמיסימו וניל גורמה,גלידות שטראוס בעמ,,,יח`,1.30,1 ליטר,false,1,19.90,15.31,true,1,
7290011081492,false,גלידה בטעם שלושה שוקולדים 1.33ל' קרמיסימו,"גלידת שטראוס בע""\מ, רחוב",,,יח`,1.33,1 ליטר,false,1,19.90,14.96,true,1,
7290011081690,false,קרמיסימו פרווה שוקו ציפ+וניל ציפ 1.33ל,"גלידת שטראוס בע""\מ, רחוב",,,יח`,1.33,1 ליטר,false,1,19.90,14.96,true,1,
7290011103088,false,זיקוקים 6 יח בשקית 15 סמ,שמחה זה אנחנו בעמ,,,יח`,1,,false,1,14.90,14.90,false,1,
7290011115159,false,סבון מוצק מועשר בקרם לחות ניחוח פרחים נקה 7 4*100 גרם,החברה הדרומית לשיווק בעמ,,,יח`,4,100 גרם,false,1,10.90,2.73,true,1,
7290011115166,false,נקה 7 ארומה סבון נוזלי לבנדר 1 ל',החברה הדרומית לשיווק בעמ,,,יח`,1,1 ליטר,false,1,12.90,12.90,false,1,
7290011115203,false,אל סבון מוצק מבושם בניחוח עדין קלאסיק - מארז רביעיה,החברה הדרומית לשיווק בעמ,,,יח`,4,100 גרם,false,1,10.90,2.73,true,1,
7290011115258,false,אל סבון מוצק מבושם בניחוח עדין קלאסיק - מארז רביעיה,החברה הדרומית לשיווק בעמ,,,יח`,4,100 גרם,false,1,10.90,2.73,true,1,
7290011115289,false,אל סבון מוצק מבושם בניחוח עדין קלאסיק - מארז רביעיה,החברה הדרומית לשיווק בעמ,,,יח`,4,100 גרם,false,1,10.90,2.73,true,1,
7290011126452,false,הגן הקסום תה בטעם קמומיל ונענע ויסוצקי 25 יחידות,תה ויסוצקי (ישראל) בעמ,,,יח`,0.3750,100 גרם,false,1,17.50,46.67,true,1,
7290011126940,false,תה ירוק ויסוצקי בתוספת מרווה 25 שקיקים,תה ויסוצקי (ישראל) בעמ,,,יח`,0.3750,100 גרם,false,1,24.90,66.40,true,1,
7290011126957,false,תה ירוק ארל גריי ויסוצקי 25 יחידות,תה ויסוצקי (ישראל) בעמ,,,יח`,0.3750,100 גרם,false,1,24.90,66.40,true,1,
7290011128050,false,השורשים של שליט גזר צבעוני מובחר,גזר שליט (חוות מיכאל)בעמ,,,יח`,1,,false,1,9.90,9.90,false,1,
7290011131371,false,מוזלי קראנצ`י שקדים ואגוזים גרין (1 קג),ויטליאה ניקולה דו,,,יח`,1,"ק""ג",false,1,25.90,25.90,true,1,
7290011131395,false,מוזלי קראנצ`י 30% פירות גרין (1 קג),ויטליאה ניקולה דו,,,יח`,1,"ק""ג",false,1,25.90,25.90,true,1,
7290011131654,false,מוזלי קראנצ'י ביג מיקס עם פירות ואגוזים,משה סידס ובנו בעמ,,,יח`,1,"ק""ג",false,1,25.90,25.90,true,1,
7290011142315,false,לחם מרוקאי מסורתי(פרנה),מאפיית דואט בעמ,,,יח`,5.50,100 גרם,false,1,13.90,2.53,false,1,
7290011148805,false,שעועית טריה עד 500 ג,ירקט ירקות צעירים ארוזים בעמ,,,יח`,1,,false,1,12.90,12.90,false,1,
7290011194215,false,מעדן גבינה ויוגורט בטעם בננה 5% שומן 88 ג' דניאלה,שטראוס גרופ בעמ/מצונן,,,יח`,1.50,"100 מ""ל",false,1,4,2.67,false,1,
7290011194246,false,קוטג 5% 250 גרם עם סידן שטראוס,שטראוס גרופ בעמ/מצונן,,,יח`,2.50,100 גרם,false,1,5.90,2.36,false,1,
7290011223038,false,בונומי עלים לקרמשניט שכבות אפויות מבצק עלים 300 גרם,דנשר (1963) בעמ,,,יח`,3,100 גרם,false,1,17.90,5.97,true,1,
7290011223045,false,בישקוטים ליידיפינגרז בונומי (200 גרם),דנשר (1963) בעמ,,,יח`,2,100 גרם,false,1,7.90,3.95,true,1,
7290011239404,false,חטיפים מתוקים טעמים שונים 330גר,סוכנויות עמוס ממתקים בעמ,,,יח`,3.30,100 גרם,false,1,14.90,4.52,false,1,
7290011254032,false,קינואה מיה (500 גרם),מיה תעשיות מזון מ.ת.מ. בעמ,,,יח`,5,100 גרם,false,1,19.90,3.98,true,1,
7290011254254,false,נטיפי שוקולד צ'יפס בטעם שוקולד מיה 300 גרם,מיה תעשיות מזון מ.ת.מ. בעמ,,,יח`,3,100 גרם,false,1,7.90,2.63,false,1,
7290011254346,false,"קינואה 1 ק""ג מיה בד""צ",מיה תעשיות מזון מ.ת.מ. בעמ,,,יח`,1,"ק""ג",false,1,29.90,29.90,true,1,
7290011254490,false,סוכריות ללא תוספת סוכר בטעם פירות יער מיה 80 גרם,מיה תעשיות מזון מ.ת.מ. בעמ,,,יח`,0.80,100 גרם,false,1,8.90,11.13,false,1,
7290011254698,false,"שמן זית כתית מעולה 750מ""ל בד''ץ",מיה תעשיות מזון מ.ת.מ. בעמ,,,יח`,7.50,"100 מ""ל",false,1,30.90,4.12,true,1,
7290011254728,false,ג'לטין טהור בקרטוני מיה 25 גרם,מיה תעשיות מזון מ.ת.מ. בעמ,,,יח`,0.25,100 גרם,false,1,11.90,47.60,false,1,
7290011254773,false,שעועית ארגנטינאית יבשה מיה 500 גר',מיה תעשיות מזון מ.ת.מ. בעמ,,,יח`,5,100 גרם,false,1,11.90,2.38,false,1,
7290011378028,false,חלבה קלאסית וניל ללא תוספת סוכר בארכה 350 גרם,קבוצת אסם סחר שות. מוגבלת,,,יח`,3.50,100 גרם,false,1,14.90,4.26,false,1,
7290011378769,false,חטיף חלווה וניל בארכה 126 גרם מארז 7 יחידות,קבוצת אוסם סחר שותפות מוגבלת,,,יח`,1,,false,1,11.90,11.90,true,1,
7290011438142,false,"משקה יטבתה אייס קפה בבקבוק אישי 350 מ""ל",שטראוס גרופ בעמ/מצונן,,,יח`,3.50,"100 מ""ל",false,1,6.30,1.80,false,1,
7290011447267,false,מטרנה פרימיום חלבי שלב 1 700 גרם חיסכון,קבוצת אוסם סחר-שות.מוגבלת,,,יח`,7,100 גרם,false,1,49.90,7.13,true,1,
7290011447281,false,מטרנה פרימיום חלבי שלב 2 700 גרם חיסכון,קבוצת אוסם סחר שותפות מוגבלת,,,יח`,7,100 גרם,false,1,49.90,7.13,true,1,
7290011447304,false,מטרנה פרימיום חלבי שלב 3 700 גרם חיסכון,קבוצת אוסם סחר שותפות מוגבלת,,,יח`,7,100 גרם,false,1,49.90,7.13,true,1,
7290011447359,false,תחליף חלב מטרנה מהדרין שלב 1 חלבי 700 גרם,קבוצת אוסם סחר שותפות מוגבלת,,,יח`,7,100 גרם,false,1,49.90,7.13,true,1,
7290011447373,false,תחליף חלב מטרנה מהדרין שלב 2 חלבי 700 גרם,קבוצת אוסם סחר שותפות מוגבלת,,,יח`,7,100 גרם,false,1,49.90,7.13,true,1,
7290011447748,false,"מזון לחתולים יבש עם דגי אוקיינוס וטונה סופר קט 3 ק""ג",דיפלומט מפיצים (1968) בעמ**,,,יח`,0.03,100 גרם,false,1,49.90,1663.33,false,1,
7290011473136,false,גרעיני דלעת קלוף אורגני 300 גרם,גורי מוצרי צריכה (1991) בעמ,,,יח`,3,100 גרם,false,1,19.90,6.63,false,1,
7290011473211,false,"עדשים אדומים אורגני 500 גרם ""תבואות""",גורי מוצרי צריכה (1991) בעמ,,,יח`,5,100 גרם,false,1,15.50,3.10,false,1,
7290011473570,false,קמח חומוס טבעי תבואות 500 גרם אורגני,גורי מוצרי צריכה (1991) בעמ,,,יח`,5,100 גרם,false,1,12.90,2.58,false,1,
7290011473723,false,הימליה דק שקית 1 קילו תבואות,גורי מוצרי צריכה (1991) בעמ,,,יח`,1,,false,1,16.90,16.90,false,1,
7290011473952,false,קוואקר מהיר להכנה טבעי 400 גרם אורגני,גורי מוצרי צריכה (1991) בעמ,,,יח`,4,100 גרם,false,1,6.90,1.73,false,1,
7290011474058,false,ספגטי כוסמין מלא אורגני 500 ג',גורי מוצרי צריכה (1991) בעמ,,,יח`,1,,false,1,19.90,19.90,false,1,
7290011474386,false,קוואקר דק אורגני 500 גרם,גורי מוצרי צריכה (1991) בעמ,,,יח`,5,100 גרם,false,1,10.90,2.18,false,1,
7290011474447,false,קוואקר עבה טבעי תבואות 400 גרם אורגני,גורי מוצרי צריכה (1991) בעמ,,,יח`,4,100 גרם,false,1,6.90,1.73,false,1,
7290011474591,false,פנה כוסמין מלא תבואות אורגני 500 גרם,גורי מוצרי צריכה (1991) בעמ,,,יח`,5,100 גרם,false,1,19.50,3.90,false,1,
7290011499105,false,בולגרית מסורתית 5% 250 גרם -רבנות,מחלבות גד שיווק 1992 בעמ,,,יח`,2.50,100 גרם,false,1,23.90,9.56,false,1,
7290011499112,false,בולגרית מסורתית 16% 250 גרם - רבנות,מחלבות גד שיווק 1992 בעמ,,,יח`,2.50,100 גרם,false,1,22.90,9.16,false,1,
7290011499129,false,גבינה בולגרית מעודנת קוביות קטנות 5% גד 200 גרם,מחלבות גד שיווק 1992 בעמ,,,יח`,2,100 גרם,false,1,21.90,10.95,false,1,
7290011499303,false,פטה עיזים מעודנת 5% בגביע 250 גרם - רבנות,מחלבות גד שיווק 1992 בעמ,,,יח`,2.50,100 גרם,false,1,30.90,12.36,false,1,
7290011499341,false,גבינת קשקבל ארוז 26 אחוז 250גרם גד,מחלבות גד שיווק 1992 בעמ,,,יח`,2,100 גרם,false,1,25.90,12.95,false,1,
7290011499358,false,פטה עיזים מסורתית 20% בגביע 200 גרם - רובין,מחלבות גד שיווק 1992 בעמ,,,יח`,2,100 גרם,false,1,26.90,13.45,false,1,
7290011499419,false,גבינה במרקם שמנת בטעם טבעי 5% ניו יורק,מחלבות גד שיווק 1992 בעמ,,,יח`,2,100 גרם,false,1,11.90,5.95,false,1,
7290011499525,false,גבינת לאבנה דרוזית 9% גד 500 גרם,מחלבות גד שיווק 1992 בעמ,,,יח`,5,100 גרם,false,1,19.90,3.98,false,1,
7290011499624,false,שמנת 30% ניו יורק טבעי 200 גרם רבנות,מחלבות גד שיווק 1992 בעמ,,,יח`,2,100 גרם,false,1,12.90,6.45,true,1,
7290011499853,false,שמנת 30% ניו יורק זיתים 200 גרם רובין,מחלבות גד שיווק 1992 בעמ,,,יח`,2,100 גרם,false,1,12.90,6.45,true,1,
7290011505806,false,קיסמי שיניים דנטאליים מפלסטיק 200 יחידות בחבית,אינטרסן (1996) בעמ,,,יח`,1,,false,1,10.90,10.90,true,1,
7290011515683,false,מאגדת טילון אקסטרים וניל נסטלה 6 יחידות,נגה גלידות שותפות מוגבלת,,,יח`,4.32,100 גרם,false,1,31.90,7.38,false,1,
7290011518561,false,"אקטימל תות 1.51 ק""ג מארז 14 יחידות",שטראוס גרופ בעמ/מצונן,,,יח`,1.40,1 ליטר,false,1,29.90,21.36,false,1,
7290011524548,false,גרגרי חומוס מוקפאים 800 גר`פרי גליל,ויטה -פרי גליל (החדשה) בעמ,,,יח`,8,100 גרם,false,1,9.90,1.24,false,1,
7290011524555,false,שעועית לבנה מבושלת קפוא 800 גר`פרי גליל,ויטה -פרי גליל (החדשה) בעמ,,,יח`,8,100 גרם,false,1,9.90,1.24,false,1,
7290011525712,false,"קמיל בלו אל סבון סנסיטיב לפני השינה ד""ר פישר 1 ליטר","פישר תעשיות פרמצביטות בע""מ",,,יח`,1,1 ליטר,false,1,32.90,32.90,true,1,
7290011525729,false,שמפו לתינוק קמיל בלו סנסטיב לפני השינה עם לבנדר וקמומיל,"פישר תעשיות פרמבצטיות בע""מ",,,יח`,1,1 ליטר,false,1,32.90,32.90,true,1,
7290011530471,false,פולי סויה אדממה בלדי (1 קג)בדץ,ד'\ג'\יאנג קינשור פודס ק,,,יח`,1,100 גרם,false,1,15.90,15.90,false,1,
7290011575007,false,"הפי מרסס שומר ברק למקלחון 750 מ""ל","יעקב יעקבי ובניו בע""מ",,,יח`,7.50,"100 מ""ל",false,1,18.90,2.52,false,1,
7290011575250,false,מברשת הפי מבריק וצובע נעליים שחור יעקבי,"יעקב יעקבי ובניו בע""מ",,,יח`,1,,false,1,9.90,9.90,false,1,
7290011587444,false,מוזלי קראנצי בתוספת פירות ויטליה 600 גרם,תומר יבוא ושיווק מוצרי מזון (1,,,יח`,6,100 גרם,false,1,12.90,2.15,false,1,
7290011587468,false,מוזלי קראנצי בתוספת אגוזים ויטליה 600 גרם,תומר ייבוא ושיווק מוצרי מזון [,,,יח`,6,100 גרם,false,1,12.90,2.15,false,1,
7290011587833,false,חצאי עגבניות מיובשות מתובלות בשמן חמניות ועשבי תיבול,תומר ייבוא ושיווק מוצרי מזון [,,,יח`,3.40,100 גרם,false,1,11.90,3.50,false,1,
7290011598211,false,"סנו - אנטי קאלק מרסס ניקוי כללי 4 ב-1 700 מ""ל",החברה הדרומית לשיווק בעמ,,,יח`,7,"100 מ""ל",false,1,15.90,2.27,true,1,
7290011598259,false,"פרש מטהר אוויר אוטומטי בניחוח מאסק סנו 250 מ""ל",החברה הדרומית לשיווק בעמ,,,יח`,2.50,"100 מ""ל",false,1,13.90,5.56,false,1,
7290011598372,false,"מטלית מקצועית לריצפה פרופישיונל ""סנו סושי""",החברה הדרומית לשיווק בעמ,,,יח`,1,יח`,false,1,11.90,11.90,false,1,
7290011598402,false,מקסימה מרכך כביסה ארומתרפי מאסק סנו 4 ליטר,החברה הדרומית לשיווק בעמ,,,יח`,4,1 ליטר,false,1,19.90,4.98,true,1,
7290011607197,false,"קולון 101 אבקת כביסה 5 ק""ג",רקיט בנקיזר (ניר איסט) בעמ,,,יח`,5,"ק""ג",false,1,39.90,7.98,false,1,
7290011618025,false,בייבי ביס הוט קידס נגיסי אורז לתינוק,גואנז'ו יונג וואנט פ,,,יח`,1,,false,1,13.90,13.90,false,1,
7290011618124,false,נגיסי אורז לתינוקות בטעם ירקות,גואנז'ו יונג וואנט פ,,,יח`,0.50,100 גרם,false,1,13.90,27.80,false,1,
7290011622428,false,כתמטמינים-חטיף בריאות לתינוקות וילדים 45 ג',גורי מוצרי צריכה (1991) בעמ,,,יח`,0.46,100 גרם,false,1,6.50,14.13,false,1,
7290011622763,false,ביסקוויטמינים פלוס בטעם וניל 150 גרם,גורי מוצרי צריכה (1991) בעמ,,,יח`,1.50,100 גרם,false,1,16.50,11,false,1,
7290011622817,false,ביסקוויטמינים חטיף דגנים במילוי קרם בטעם,גורי מוצרי צריכה (1991) בעמ,,,יח`,0,100 גרם,false,1,16.50,16.50,false,1,
7290011668587,false,בריא מהטבע גרנולה בטעם עשיר 500 גרם פנינה רוזנבלום,בריא מהטבע פנינה רוזנבלום,,,יח`,5,100 גרם,false,1,29.90,5.98,true,1,
7290011765217,false,"סנו מדיק ג'ל לניקוי ידיים אלוורה 100 מ""ל",החברה הדרומית לשיווק בעמ,,,יח`,1,"100 מ""ל",false,1,9.90,9.90,false,1,
7290011765422,false,אל סבון מועשר בלחות ותמצית קמומיל - בוב ספוג,החברה הדרומית לשיווק בעמ,,,יח`,7.50,"100 מ""ל",false,1,10.90,1.45,true,1,
7290011765446,false,משחת שיניים לילדים בוב ספוג בטעם מיץ ענבים עם פלואוריד למניעת עששת,טרופיקל דגיל תעשיות קוסמ,,,יח`,0.70,100 גרם,false,1,8.90,12.71,true,1,
7290011765613,false,סנו מסיר עובש בניחות לימון מתז 1 ל',החברה הדרומית לשיווק בעמ,,,יח`,10,"100 מ""ל",false,1,17.90,1.79,true,1,
7290011772468,false,אקונומיקה אמה 4 ליטר,עיסא ערטול בעמ,,,יח`,40,"100 מ""ל",false,1,8.90,0.22,false,1,
7290011800840,false,רפי כהן סלט טחינה בלאדי צבר 400 גרם,קבוצת אוסם סחר שותפות מוגבלת,,,יח`,4,100 גרם,false,1,15.90,3.98,false,1,
7290011877088,false,"רדיד אלומיניום רוחב 30 ס""מ, 18 מיקרון - מארז זוג",החברה הדרומית לשיווק בעמ,,,יח`,1,,false,1,14.90,14.90,false,1,
7290011877859,false,סנו אינסטלטור חדש פותח סתימות 200ג',החברה הדרומית לשיווק בעמ,,,יח`,2,"100 מ""ל",false,1,14.90,7.45,true,1,
7290011877866,false,"מקסימה אבקת כביסה בניחוח מאסק סנו 6 ק""ג",החברה הדרומית לשיווק בעמ,,,יח`,6,"ק""ג",false,1,49.90,8.32,true,1,
7290011947309,false,זיתים מצוננים סורי מבוקע ולימון כבוש זיתא 230 ג',תה ויסוצקי (ישראל) בעמ,,,יח`,2.30,100 גרם,false,1,13.90,6.04,false,1,
7290011947316,false,זיתא זיתי קלמטה בשמן זית כתית מעולה 215ג,תה ויסוצקי (ישראל) בעמ,,,יח`,2.15,100 גרם,false,1,13.90,6.47,false,1,
7290011947521,false,"שמן זית כתית מעולה 750 מ""ל טעם מודגש זיתא",תה ויסוצקי (ישראל) בעמ,,,יח`,7.50,"100 מ""ל",false,1,27.90,3.72,false,1,
7290011947873,false,זית קלמטה בפח זיתא 440 גר,תה ויסוצקי (ישראל) בעמ,,,יח`,4.40,100 גרם,false,1,19.90,4.52,true,1,
7290011964344,false,שום גבישי בקופ' 120 גר' טעם וריח,"תבליני טעם וריח בע""מ",,,יח`,1.20,100 גרם,false,1,9.90,8.25,true,1,
7290011964597,false,כמון טחון 400 גר' טעם וריח,"תבליני טעם וריח בע""מ",,,יח`,4,100 גרם,false,1,22.90,5.73,false,1,
7290011964658,false,מלח לימון בקופ' 170 גר' טעם וריח,"תבליני טעם וריח בע""מ",,,יח`,1.70,100 גרם,false,1,9.90,5.82,true,1,
7290011964702,false,שווארמה ללא מונסודיום 100 גרם מיכל גדול,"תבליני טעם וריח בע""מ",,,יח`,1,100 גרם,false,1,9.90,9.90,true,1,
7290011969141,false,מגבון טייגר-בייבי 72 דף פאלאס 1*36 יח' בקרטון,פאלאס תעשיות נטו (2014) בעמ,,,יח`,1,,false,1,3.90,3.90,true,1,
7290011969158,false,חמישיית מגבונים טייגר בייבי פאלאס,פאלאס תעשיות נטו (2014) בעמ,,,יח`,5,יח`,false,1,12.90,2.58,false,1,
7290011996062,false,אורז לבן עגול מתאים להכנת סושי,טחנת האבן קואופ בעמ,,,יח`,1,"ק""ג",false,1,13.90,13.90,true,1,
7290011996086,false,"רוטב צ`ילי חריף אסיה 700 מ""ל",טחנת האבן קואופ בעמ,,,יח`,7,"100 מ""ל",false,1,9.90,1.41,false,1,
7290011996109,false,רוטב צ`ילי מתוק טעמי אסיה (700 מל),טחנת האבן קואופ בעמ,,,יח`,7,"100 מ""ל",false,1,9.90,1.41,false,1,
7290011996123,false,אצות לסושי נורי גולד 10 יחידות,טחנת האבן קואופ בעמ,,,יח`,0.25,100 גרם,false,1,11.90,47.60,true,1,
7290011996178,false,"רוטב סויה בסגנון יפני 300 מ""ל",טחנת האבן קואופ בעמ,,,יח`,3,"100 מ""ל",false,1,10.90,3.63,false,1,
7290011996185,false,חומץ אורז לבן לסושי טעמי אסיה (250 מל),טחנת האבן קואופ בעמ,,,יח`,2.50,"100 מ""ל",false,1,10.90,4.36,true,1,
7290011996222,false,מי קוקוס טעמי אסיה (400 מל),טחנת האבן קואופ בעמ,,,יח`,4,"100 מ""ל",false,1,8.90,2.23,false,1,
7290011996512,false,"טעם אסיה טעם אסיה אטריות אורז 3מ""מ 400ג'",טחנת האבן קואופ בעמ,,,יח`,4,100 גרם,false,1,10.90,2.73,false,1,
7290011996529,false,אטריות אורז 5 סמ טעמי אסיה (400 גרם),טחנת האבן קואופ בעמ,,,יח`,4,100 גרם,false,1,10.90,2.73,false,1,
7290011996581,false,"רוטב חמוץ מתוק 300 מ""ל ""אסיה""",טחנת האבן קואופ בעמ,,,יח`,3,"100 מ""ל",false,1,10.90,3.63,false,1,
7290011996758,false,קמח טמפורה כשר מזרח ומערב 500 גר`,טחנת האבן קואופ בעמ,,,יח`,5,100 גרם,false,1,11.90,2.38,false,1,
7290011996789,false,פנקו פירורי לחם בסגנון יפני,טחנת האבן קואופ בעמ,,,יח`,2,100 גרם,false,1,11.90,5.95,false,1,
7290012001994,false,חרדל דיז'ון גרעינים 350 ג' ריין דיזון,דיפלומט מפיצים (1968) בעמ**,,,יח`,3.40,100 גרם,false,1,12.90,3.79,false,1,
7290012019401,false,מיץ דובדבן 100% 1 ליטר תוצרת גרוזיה,תומר יבוא ושיווק מוצרי מזון (1,,,יח`,1,1 ליטר,false,1,15.90,15.90,false,1,
7290012022005,false,פריכיות חיטה 60 גרם,דילייט 2005 בעמ,,,יח`,0.60,100 גרם,false,1,12.90,21.50,false,1,
7290012022050,false,פריכיות חיטה מלאה 100 גרם,דילייט 2005 בעמ,,,יח`,0.75,100 גרם,false,1,13.90,18.53,false,1,
7290012022067,false,קריספיות קידס 30 גרם,דילייט 2005 בעמ,,,יח`,0.30,100 גרם,false,1,10.90,36.33,false,1,
7290012025822,false,שמיר סלק אסלי 400 גרם,"סלטי שמיר 2006 בע""מ",,,יח`,4,100 גרם,false,1,9.90,2.48,true,1,
7290012025839,false,מטבוחה אסלי שמיר 400 גרם,"סלטי שמיר 2006 בע""מ",,,יח`,4,100 גרם,false,1,9.90,2.48,true,1,
7290012116032,false,כיף פיות מרכך לסירוק קל 750 מל,החברה הדרומית לשיווק בעמ,,,יח`,7.50,"100 מ""ל",false,1,10.90,1.45,true,1,
7290012116070,false,"אל סבון נוזלי פיות בתמציות אלוורה כיף 750 מ""ל",החברה הדרומית לשיווק בעמ,,,יח`,7.50,100 גרם,false,1,10.90,1.45,true,1,
7290012116537,false,"מקסימה אבקת כביסה בניחוח מאסק סנו 2.5 ק""ג",החברה הדרומית לשיווק בעמ,,,יח`,2.50,"ק""ג",false,1,24.90,9.96,false,1,
7290012116551,false,אנטי קאלק נוזל לניקוי כללי סנו 2 ליטר,החברה הדרומית לשיווק בעמ,,,יח`,2,1 ליטר,false,1,19.90,9.95,true,1,
7290012116612,false,אורביטול מברשת שיניים סופט 4 יח`,החברה הדרומית לשיווק בעמ,,,יח`,1,,false,1,11.90,11.90,true,1,
7290012117091,false,"אבקת כביסה סנסיטיב סנו מקסימה 6 ק""ג",החברה הדרומית לשיווק בעמ,,,יח`,6,"ק""ג",false,1,49.90,8.32,true,1,
7290012117275,false,"קליר שקית מילוי לניקוי חלונות סנו 750 מ""ל",החברה הדרומית לשיווק בעמ,,,יח`,7.50,"100 מ""ל",false,1,5.90,0.79,false,1,
7290012117350,false,"נוזל רצפות לילך 2 ליטר ""ריצפז פרש""",החברה הדרומית לשיווק בעמ,,,יח`,2,1 ליטר,false,1,19.90,9.95,true,1,
7290012117558,false,מקסימה מרכך כביסה מרוכז ורוד בניחוח מאסק סנו 1 ליטר,החברה הדרומית לשיווק בעמ,,,יח`,1,1 ליטר,false,1,17.90,17.90,true,1,
7290012117732,false,מקסימה מרכך כביסה ארומתרפי קול סנו 4 ליטר,החברה הדרומית לשיווק בעמ,,,יח`,4,1 ליטר,false,1,19.90,4.98,true,1,
7290012117879,false,סנו קליר 750 מל לחלונות,החברה הדרומית לשיווק בעמ,,,יח`,7.50,"100 מ""ל",false,1,9.90,1.32,true,1,
7290012117916,false,אינסטלטור נוזל לפתיחת סתימות סנו 1 ליטר,החברה הדרומית לשיווק בעמ,,,יח`,1,1 ליטר,false,1,26.90,26.90,false,1,
7290012159275,false,מיונז אמיתי 430 גרם LINA,יורוסטנדרט בעמ,,,יח`,4.30,100 גרם,false,1,10,2.33,false,1,
7290012159497,false,יין לבן יבש מבעבע גוטה דה מרוויה Gota De Maravilla,יורוסטנדרט בעמ,,,יח`,7.50,"100 מ""ל",false,1,30,3.96,false,1,
7290012191985,false,גפרור קטן מנורה,אבאל יזמות בעמ,,,יח`,1,,false,1,2.50,2.50,false,1,
7290012191992,false,גפרורי בטיחות - גפרורים ארוכים,אבאל יזמות בעמ,,,יח`,1,,false,1,5.90,5.90,true,1,
7290012193163,false,סבון נוזלי פמלי לקשרי פריחת הדובדבן 1 ל,אף.סי תבליני בגליל ב,,,יח`,1,1 ליטר,false,1,14.90,14.90,true,1,
7290012212154,false,מלפפון במלח קטן צנצנת זכוכית,אבאל יזמות בעמ,,,יח`,5.60,100 גרם,false,1,11.90,2.13,false,1,
7290012226021,false,נקניק סלמי מעושן פראג זוגלובק (400 גרם),נקניק נהריה כשר זוגל,,,יח`,4,100 גרם,false,1,21.90,5.48,false,1,
7290012226120,false,קבנוס זוגלובק (45x3 גרם),נקניק נהריה כשר זוגל,,,יח`,1.35,100 גרם,false,1,11.90,8.81,true,1,
7290012226922,false,קבנוס בטעם שום זוגלובק (45x3 גרם),נקניק נהריה כשר זוגל,,,יח`,1.35,100 גרם,false,1,11.90,8.81,true,1,
7290012226939,false,קבנוס עם צ'ילי חריף זוגלובק 135 גרם,נקניק נהריה כשר זוגל,,,יח`,1.35,100 גרם,false,1,11.90,8.81,true,1,
7290012227172,false,חרמן הודו בדבש וברביקיו זוג במארז 600 ג' זוגלובק,נקניק נהריה כשר זוגל,,,יח`,6,100 גרם,false,1,33.90,5.65,true,1,
7290012227325,false,סלמי דק דק מעושן איטלקי 120 ג' זוגלובק,זוגלובק שיווק בעמ,,,יח`,1.20,100 גרם,false,1,13.50,11.25,true,1,
7290012227592,false,פסט' חרמון כפרי וסלמי תה זוגי זוגלובק 300X2ג' מחפוד,זוגלובק שיווק בעמ,,,יח`,6,100 גרם,false,1,34.90,5.82,false,1,
7290012227608,false,מארז חרמון 300 גר' +חרמון ברבקיו 300ג' זוגלובק,זוגלובק שיווק בעמ,,,יח`,6,100 גרם,false,1,34.90,5.82,false,1,
7290012227615,false,נקניקיות עוף זוגלובק 800 ג' מחפוד,זוגלובק שיווק בעמ,,,יח`,8,100 גרם,false,1,27.90,3.49,false,1,
7290012227912,false,קבנוס מעודן זוגלובק 135 גרם,נקניק זוגלובק נהריה,,,יח`,1.35,100 גרם,false,1,10.90,8.07,true,1,
7290012227974,false,פסטרמה הודו בדבש טהור דק דק דק,זוגלובק שיווק בעמ,,,יח`,1.20,100 גרם,false,1,13.50,11.25,true,1,
7290012227981,false,פסטרמה דק דק ברביקיו 120 ג' זוגלובק,זוגלובק שיווק בעמ,,,יח`,1.20,100 גרם,false,1,13.50,11.25,true,1,
7290012227998,false,פסטרמה דק דק חזה בקר 120 ג' זוגלובק,זוגלובק שיווק בעמ,,,יח`,1.20,100 גרם,false,1,13.50,11.25,true,1,
7290012228124,false,קבנוס סטיקס עם נגיעות מלח ים סדרת ריינהולד'ס,זוגלובק שיווק בעמ,,,יח`,0.50,100 גרם,false,1,9.90,19.80,true,1,
7290012228261,false,נקנקיות קנקרס הודו ועוף ריינהולד'ס זוגלובק 300 ג',זוגלובק שיווק בעמ,,,יח`,3,100 גרם,false,1,19.90,6.63,false,1,
7290012228766,false,קבנוס מחפוד זוגלובק 120 גרם,זוגלובק שיווק בעמ,,,יח`,1.20,100 גרם,false,1,9.90,8.25,true,1,
7290012275401,false,מולר בירה לבנה בקבוק גרמנית 500מל,בני פאוזי שמשום (2009) בעמ,,,יח`,5,"100 מ""ל",false,1,3.50,0.64,true,1,
7290012309878,false,חלבה עם פיסטוקים 500 גר`ששון הקולה,דין שיווק וקליה 2021 בעמ,,,יח`,5,100 גרם,false,1,12.90,2.58,false,1,
7290012349850,false,חטיף תמר בתוספת חלווה וקשיו 40 גר`,אבאל יזמות בעמ,,,יח`,0.40,100 גרם,false,1,7.90,19.75,false,1,
7290012349904,false,חטיף תמר בטעם קפה שוקולד 40 גר`,אבאל יזמות בעמ,,,יח`,0.40,100 גרם,false,1,7.90,19.75,false,1,
7290012349959,false,חטיף תמר בטעם שוקולד פררו 40 גר`,אבאל יזמות בעמ,,,יח`,0.40,100 גרם,false,1,7.90,19.75,false,1,
7290012352010,false,קרם לחות מזינה עם שמן ארגן מרוקאי לשיער יבש מאוד ופגום,החברה הדרומית לשיווק בעמ,,,יח`,4,"100 מ""ל",false,1,23.90,5.98,true,1,
7290012367908,false,שמן טיפולי לתינוק בתוספת אלוורה Kamil Blue Sensitive,פישר תעשיות פרמצבטיות בעמ,,,יח`,2,"100 מ""ל",false,1,16.90,8.45,true,1,
7290012404955,false,נקטר חמוציות ספרינג קולקשן (1.25 ליטר),יפאורה - שותפות מוגבלת לשיווק,,,יח`,1.25,1 ליטר,false,1,14.90,11.68,true,1,
7290012413636,false,תה ירוק צ'אי מסאלה ויסוצקי 25 יחידות,תה ויסוצקי (ישראל) בעמ,,,יח`,0.3750,100 גרם,false,1,24.90,66.40,true,1,
7290012413643,false,תה ירוק קמומיל 25 שקיקים ויסוצקי,תה ויסוצקי (ישראל) בעמ,,,יח`,0.3750,100 גרם,false,1,24.90,66.40,true,1,
7290012454202,false,סוכריות ללא תוספת סוכר בטעם ריבת חלב מיה 80 גרם,מיה תעשיות מזון מ.ת.מ. בעמ,,,יח`,0.80,100 גרם,false,1,8.90,11.13,false,1,
7290012454608,false,תן צ'אפ חטיף גלגלים 50 גר',מיה תעשיות מזון מ.ת.מ. בעמ,,,יח`,0.60,100 גרם,false,1,3.90,6.50,false,1,
7290012483608,false,"אורז בסגנון בסמטי מובחר 5ק""ג DAWAT",ג.וילי-פוד אינטרנשיונל בעמ,,,יח`,0.05,100 גרם,false,1,49.90,998,false,1,
7290012522581,false,טבעול שניצל תירס ללא גלוטן טבעול 664 גרם,קבוצת אוסם סחר-שות.מוגבלת,,,יח`,7.50,100 גרם,false,1,19.90,2.65,false,1,
7290012561405,false,בצל קצוץ ומטוגן דורות (180 גרם),קבוצת אוסם סחר שותפות מוגבלת,,,יח`,1.80,100 גרם,false,1,11.90,6.61,false,1,
7290012576607,false,"יין קברנה סוביניון פרמייר מלבק אדום ברקן 750 מ""ל","ברקן שיווק והפצה בע""",,,יח`,7.50,"100 מ""ל",false,1,26.90,3.55,false,1,
7290012576614,false,יין Premieur לבן חצי יבש אמרלד ריזלינג קולומברד,יקבי ברקן שיווק והפצה בע,,,יח`,7.50,"100 מ""ל",false,1,26.90,3.55,false,1,
7290012645020,false,"יוגורט עיזים טבעי בבקבוק חלב הארץ 500 מ""ל",שטראוס גרופ בעמ/מצונן,,,יח`,5,"100 מ""ל",false,1,12.80,2.56,true,1,
7290012645051,false,יוגורט עיזים בגביע 350 גר`חלב הארץ,שטראוס גרופ בעמ/מצונן,,,יח`,3.50,100 גרם,false,1,11.90,3.40,false,1,
7290012645075,false,יוגורט כבשים יווני גביע 350 גרם חלב הארץ,שטראוס גרופ בעמ/מצונן,,,יח`,3.50,100 גרם,false,1,11.90,3.40,true,1,
7290012645112,false,יוגורט עיזים 2.8% בדלי חלב הארץ 750 גרם,שטראוס גרופ בעמ/מצונן,,,יח`,7.50,"100 מ""ל",false,1,19.90,2.65,true,1,
7290012645129,false,יוגורט כבשים 5% בדלי חלב הארץ 750 גרם,שטראוס גרופ בעמ/מצונן,,,יח`,7.50,"100 מ""ל",false,1,19.90,2.65,true,1,
7290012645181,false,לאבנה עיזים 5% חלב הארץ 200 גרם,שטראוס גרופ בעמ/מצונן,,,יח`,2,100 גרם,false,1,13.90,6.95,true,1,
7290012645280,false,יוגורט כבשים בסגנון יוני 5% חלב הארץ 150 גרם,שטראוס גרופ בעמ/מצונן,,,יח`,1.50,100 גרם,false,1,5.90,3.93,true,1,
7290012645297,false,יוגורט עיזים ביו 2.8% טעם טבעי חלב הארץ 150 גרם,שטראוס גרופ בעמ/מצונן,,,יח`,1.50,100 גרם,false,1,5.90,3.93,true,1,
7290012645389,false,יוגורט עיזים טבעי 1 ליטר בבקבוק חלב האר,שטראוס גרופ בעמ/מצונן,,,יח`,0.01,"100 מ""ל",false,1,21.90,2190,false,1,
7290012803055,false,סוכרלוז מרמולייט- 100שקיות אישיות,"קיפל טבליות וממתיקים בע""מ",,,יח`,1,100 גרם,false,1,32.90,32.90,true,1,
7290012803215,false,טוסו וופל בלגי ללתס בטעם שוקולד 200 גר`,בטר אנד דיפרנט,,,יח`,2,100 גרם,false,1,10.90,5.45,true,1,
7290012803222,false,טוסו ופל בסגנון בלגי בטעם לימון ללא תוספת סוכר 200 גרם,בטר אנד דיפרנט,,,יח`,2,100 גרם,false,1,10.90,5.45,true,1,
7290012803451,false,טוסו שוקולד מריר 62% מוצקי קקאו ללא תוספת סוכר 100 גרם,"דנשר (1963) בע,מ",,,יח`,1,100 גרם,false,1,12.90,12.90,true,1,
7290012803765,false,טוסו שוקולד מריר ללא תוספת סוכר 100 גרם,אלטינמארקה גידה סאן,,,יח`,1,100 גרם,false,1,12.90,12.90,true,1,
7290012803772,false,טוסו שוקולד חלב ללא תוספת סוכר 100 גרם,אלטינמארקה גידה סאן,,,יח`,1,100 גרם,false,1,12.90,12.90,true,1,
7290012803789,false,טוסו שוקולד מריר עם אגוזים ללא תוספת סוכר 100 גרם,האי נאם סי או אל.טי.,,,יח`,1,100 גרם,false,1,12.90,12.90,true,1,
7290012803796,false,טוסו שוקולד חלב עם אגוזים ללא תוספת סוכר 100 גר',אלטינמארקה גידה סאן,,,יח`,1,100 גרם,false,1,12.90,12.90,true,1,
7290012823251,false,אל סבון נוזלי יסמין ולבנדר כיף (1 ליטר),החברה הדרומית לשיווק בעמ,,,יח`,1,1 ליטר,false,1,13.90,13.90,true,1,
7290012823398,false,מטליות חד פעמיות לניקוי הרצפה בניחוח מרכך כביסה 10יח' סנו,החברה הדרומית לשיווק בעמ,,,יח`,1,,false,1,11.90,11.90,true,1,
7290012823589,false,ריצפז פרש בניחוח לימון מרענן,החברה הדרומית לשיווק בעמ,,,יח`,2000,1 ליטר,false,1,19.90,0.01,true,1,
7290012823602,false,נייר טואלט סופט סילק לבן 32 גלילים סנו,החברה הדרומית לשיווק בעמ,,,יח`,1,,false,1,34.90,34.90,true,1,
7290012864001,false,נבטי חמנייה ארוז א.אדמה,ביכורי השדה צפון 1994 ג.ד. בעמ,,,יח`,1,,false,1,10.90,10.90,false,1,
7290012864025,false,נבטי אלפא אלפא ארוז א.אדמה,"בכורי השדה צפון1994 ג.ד. בע""מ",,,יח`,1,,false,1,7.90,7.90,false,1,
7290012881992,false,נוזל שמשות לרכב מקסוול 4ליטר,סאסאטק אגשח בעמ,,,יח`,40,"100 מ""ל",false,1,9.90,0.25,false,1,
7290012884986,false,צ`יפס לתנור עד 4% שומן תפוגן (1.5 קג),קבוצת אוסם סחר שותפות מוגבלת,,,יח`,15,100 גרם,false,1,24.90,1.66,false,1,
7290012901287,false,סירופ אגבה אורגני 330 גר`קקטוס,מור-ים מרקטינג בעמ,,,יח`,3.30,100 גרם,false,1,19.90,6.03,false,1,
7290012901959,false,ארוחת אטריות עם גבינה מסולסלים 156 גרם,מור-ים מרקטינג בעמ,,,יח`,2.06,100 גרם,false,1,10.90,5.29,false,1,
7290012911293,false,דפי אורז 22 סמ טעמי אסיה (300 גרם)-ללא,טחנת האבן קואופ בעמ,,,יח`,3,100 גרם,false,1,11.90,3.97,true,1,
7290012911422,false,ממרח קארי אדום טעמי אסיה (400 גרם),טחנת האבן קואופ בעמ,,,יח`,4,100 גרם,false,1,18.50,4.63,true,1,
7290012911439,false,"קארי ממרח צהוב 400 גרם ""אסיה""",טחנת האבן קואופ בעמ,,,יח`,4,100 גרם,false,1,18.50,4.63,true,1,
7290012911477,false,קרם קוקוס טעמי אסיה (400 מל),אסיאטיק אגרו אינדסטר,,,יח`,4,100 גרם,false,1,10.90,2.73,false,1,
7290012911729,false,"ג'ינג'ר ורוד לסושי 250 גרם ""אסיה""",טחנת האבן קואופ בעמ,,,יח`,2.50,100 גרם,false,1,9.90,3.96,false,1,
7290012911866,false,"דפי אורז מרוב עים 22 ס""מ 300 גרם",טחנת האבן קואופ בעמ,,,יח`,3,100 גרם,false,1,11.90,3.97,false,1,
7290012911965,false,ג'ינג'ר לסושי ללא צבע כשר 250ג',טחנת האבן קואופ בעמ,,,יח`,2.50,100 גרם,false,1,9.90,3.96,false,1,
7290012931062,false,אטבי כביסה הדור החדש,מ.א.ייצור ויבוא מטליות בעמ,,,יח`,1,,false,1,5.90,5.90,false,1,
7290012931611,false,כריות ברזל לקרצוף חזק שייני 3 יחידות,מ.א.ייצור ויבוא מטליות בעמ,,,יח`,1,,false,1,6.90,6.90,false,1,
7290012936937,false,תבלינים בהרט בצנצנת 40 גרם,א.ל. ייצור ושיווק תבלינים בע`מ,,,יח`,0.40,100 גרם,false,1,10.90,27.25,false,1,
7290012938405,false,"רדיד אלומיניום עבה במיוחד לבישול,אפייה והקפאה.",גורי ע.ע.ע. בע`מ,,,יח`,1,,false,1,17.50,17.50,false,1,
7290012938580,false,"משחת שיניים סנסודיין להלבנה עדינה 75 מ""ל",גלקסוסמית'\קליין קונסיומ,,,יח`,0.75,"100 מ""ל",false,1,21.90,29.20,true,1,
7290012938597,false,משחת שיניים רפיד רליף סנסודיין (75 מל),"סמיתקליין ביצ'ם בע""מ",,,יח`,0.75,100 גרם,false,1,23.90,31.87,true,1,
7290012938740,false,משחת שיניים סנסודיין פרש מינט מנטה 75 מל,גלקסו סמית קליין,,,יח`,0.75,100 גרם,false,1,21.90,29.20,true,1,
7290012938924,false,אקוהפרש מי פה ללא אלכוהול 500 מל,מולינו ניקולי s.p.a,,,יח`,5,"100 מ""ל",false,1,19.90,3.98,true,1,
7290012962561,false,קיסמי שיניים במבוק הוסטס) (500,אינטרסן (1996) בעמ,,,יח`,1,,false,1,4.90,4.90,true,1,
7290012996672,false,סבון אסלה + בושם ל24 שעות ביום הפי,יעקב יעקבי ובניו בעמ,,,יח`,0.88,"100 מ""ל",false,1,9.90,11.25,false,1,
7290013027399,false,לחם קמח מלא קל בתוספת שיפון 750 ג' אנג'ל,מאפיית שלמה א. אנג'\ל בע,,,יח`,7.50,100 גרם,false,1,13.90,1.85,false,1,
7290013083661,false,"מטרנה אקסטרה קר שלב 1 חסכון 700 גרם תמ""ל",קבוצת אוסם סחר-שות.מוגבלת,,,יח`,7,100 גרם,false,1,59.90,8.56,true,1,
7290013083678,false,"מטרנה אקסטרה קר שלב 2 חסכון 700 גרם תמ""ל",קבוצת אוסם סחר-שות.מוגבלת,,,יח`,7,100 גרם,false,1,59.90,8.56,true,1,
7290013083685,false,תחליף חלב מטרנה אקסטרה קר שלב 3 חסכון 700 גרם,קבוצת אוסם סחר-שות.מוגבלת,,,יח`,7,100 גרם,false,1,59.90,8.56,true,1,
7290013117212,false,בורקס פילו במילוי גבינה 600 גר`מעדנות,תנובה מרכז שיתופי לשיווק תוצרת,,,יח`,6,100 גרם,false,1,21.90,3.65,true,1,
7290013117229,false,"בורקס פילו במילוי תפו""א מעדנות 600 גר",תנובה מרכז שיתופי לשיווק תוצרת,,,יח`,6,100 גרם,false,1,21.90,3.65,true,1,
7290013117236,false,בורקס פילו פיצה מעדנות 600 גרם,תנובה מרכז שיתופי לשיווק תוצרת,,,יח`,6,100 גרם,false,1,21.90,3.65,true,1,
7290013117243,false,בורקס פילו בולגרית מעדנות 600 גרם,תנובה מרכז שיתופי לשיווק תוצרת,,,יח`,6,100 גרם,false,1,21.90,3.65,true,1,
7290013117410,false,בצק פריך מרודד למאפים מתוקים 900 ג' מעדנות,תנובה מרכז שיתופי לשיווק תוצרת,,,יח`,9,100 גרם,false,1,24,2.67,true,1,
7290013117427,false,בצק פריך מרודד למאפים מלוחים מעדנות 2*450 גרם,תנובה מרכז שיתופי לשיווק תוצרת,,,יח`,9,100 גרם,false,1,24,2.67,true,1,
7290013117526,false,בצק שמרים מרודד למאפים מתוקים מעדנות 900 גרם,תנובה מרכז שיתופי לשיווק תוצרת,,,יח`,9,100 גרם,false,1,22.90,2.54,true,1,
7290013121158,false,לחמניות סנדוויץ ללא גלוטן גרין לייט 4 * 115 גרם,אביב קונדיטוריה מעול,,,יח`,1,,false,1,18.50,18.50,false,1,
7290013121776,false,לחם כפרי ללא תוספת סוכר וללא גלוטן,אביב קונדיטוריה מעול,,,יח`,7,100 גרם,false,1,20.90,2.99,false,1,
7290013128324,false,ענב פליים ללא חרצנים,לכיש מושב עובדים להתישבות*30 י,,,"ק""ג",1,,true,1,14.90,14.90,false,1,
7290013144157,false,תערובת להכנת סחלב 130גרם,א.ל. ייצור ושיווק תבלינים בע`מ,,,יח`,1.30,100 גרם,false,1,10.90,8.38,true,1,
7290013144171,false,"תערובת עוגת שוקולד 560 גרם ""מיימונס""",א.ל.ייצור ושיווק תבלינים בעמ,,,יח`,5.60,100 גרם,false,1,18.90,3.38,true,1,
7290013144195,false,מיימונס תערובת כדורי שוקולד 500 גרם.,א.ל.ייצור ושיווק תבלינים בעמ,,,יח`,5,100 גרם,false,1,18.90,3.78,true,1,
7290013144218,false,מיימונס תערובת עוגת וניל 560 גרם.,א.ל.ייצור ושיווק תבלינים בעמ,,,יח`,5.60,100 גרם,false,1,18.90,3.38,true,1,
7290013144232,false,מיימונס פודינג בטעם וניל 80 גרם,א.ל. ייצור ושיווק תבלינים בע`מ,,,יח`,0.85,100 גרם,false,1,5.90,6.94,true,1,
7290013144317,false,מימונס ג'וני גלילית וופל למילוי 18 יחידות,א.ל. ייצור ושיווק תבלינים בע`מ,,,יח`,4,100 גרם,false,1,23.90,5.98,false,1,
7290013144393,false,תמצית אפיה בטעם וניל מימונס (50 מל),א.ל. ייצור ושיווק תבלינים בע`מ,,,יח`,0.50,100 גרם,false,1,4.90,9.80,false,1,
7290013144409,false,תמצית אפיה בטעם רום מימונס (50 מל),א.ל. ייצור ושיווק תבלינים בע`מ,,,יח`,0.50,100 גרם,false,1,4.90,9.80,false,1,
7290013144515,false,מיימונס צבע מאכל צהוב 50 גרם,א.ל. ייצור ושיווק תבלינים בע`מ,,,יח`,0.50,100 גרם,false,1,5.90,11.80,false,1,
7290013144522,false,צבע מאכל ירוק מימונס (50 מל),א.ל. ייצור ושיווק תבלינים בע`מ,,,יח`,0.50,100 גרם,false,1,5.90,11.80,false,1,
7290013144539,false,צבע מאכל אדום מימונס 50 גרם,א.ל. ייצור ושיווק תבלינים בע`מ,,,יח`,0.50,100 גרם,false,1,5.90,11.80,false,1,
7290013144560,false,מיימונס צבע מאכל כחול 50 גרם,א.ל. ייצור ושיווק תבלינים בע`מ,,,יח`,0.50,100 גרם,false,1,5.90,11.80,false,1,
7290013144614,false,"מיימונס סירופ מייפל אמיתי 100% מקנדה 236 מ""ל",א.ל.ייצור ושיווק תבלינים בעמ,,,יח`,2.36,"100 מ""ל",false,1,34.90,14.79,true,1,
7290013144751,false,סירופ בטעם מייפל מימונס 500 גרם,א.ל. ייצור ושיווק תבלינים בע`מ,,,יח`,5,"100 מ""ל",false,1,15.90,3.18,true,1,
7290013144768,false,סירופ בטעם שוקולד מימונס 500 גרם,א.ל. ייצור ושיווק תבלינים בע`מ,,,יח`,5,"100 מ""ל",false,1,15.90,3.18,true,1,
7290013144911,false,מימונס מיקס שוקולד צ'יפס מריר וחלב 250 גרם,א.ל. ייצור ושיווק תבלינים בע`מ,,,יח`,2.50,100 גרם,false,1,14.90,5.96,false,1,
7290013145062,false,"סירופ מייפל אמיתי 100% מימונס 187 מ""ל",א.ל.ייצור ושיווק תבלינים בעמ,,,יח`,1.87,"100 מ""ל",false,1,29.90,15.99,true,1,
7290013145116,false,מיימונס שקד מולבן מקלות 100 גרם.,א.ל. ייצור ושיווק תבלינים בע`מ,,,יח`,1,100 גרם,false,1,11.90,11.90,true,1,
7290013145178,false,קוקוס לבן טחון מימונס (100 גרם),א.ל. ייצור ושיווק תבלינים בע`מ,,,יח`,1,100 גרם,false,1,5.90,5.90,false,1,
7290013145192,false,שומשום מיימונס 100 גרם,א.ל. ייצור ושיווק תבלינים בע`מ,,,יח`,1,100 גרם,false,1,5.90,5.90,false,1,
7290013145215,false,שומשום מימונס (400 גרם),א.ל.ייצור ושיווק תבלינים בעמ,,,יח`,4,100 גרם,false,1,13.90,3.48,false,1,
7290013145277,false,עלים לקרמשניט מימונס 300 גרם,א.ל.ייצור ושיווק תבלינים בעמ,,,יח`,3,100 גרם,false,1,16.90,5.63,false,1,
7290013145390,false,מימונס שוקולד צ'יפס מהדרין 250 גר,א.ל. ייצור ושיווק תבלינים בע`מ,,,יח`,2.50,100 גרם,false,1,10.90,4.36,false,1,
7290013145406,false,שוקולד צ'יפס לבן מיימונס 250 גרם,א.ל. ייצור ושיווק תבלינים בע`מ,,,יח`,2.50,100 גרם,false,1,10.90,4.36,false,1,
7290013145437,false,שוקולד מריר מעולה ציפס מימונס 250 ג',א.ל. ייצור ושיווק תבלינים בע`מ,,,יח`,2.50,100 גרם,false,1,13.90,5.56,false,1,
7290013145444,false,שוקולד מריר מעולה ציפס 66% מימונס 250 ג',א.ל. ייצור ושיווק תבלינים בע`מ,,,יח`,2.50,100 גרם,false,1,16.90,6.76,false,1,
7290013145529,false,סוכריות צבעוניות לקישוט מיימונס 90 גרם,א.ל. ייצור ושיווק תבלינים בע`מ,,,יח`,0.90,100 גרם,false,1,6.90,7.67,false,1,
7290013145574,false,ערכת קישוט לעוגות מימונס (100 גרם),א.ל. ייצור ושיווק תבלינים בע`מ,,,יח`,1,100 גרם,false,1,13.90,13.90,false,1,
7290013145628,false,מימונס סוכריות צבעוניות לקישוט 200 גרם,א.ל. ייצור ושיווק תבלינים בע`מ,,,יח`,2,100 גרם,false,1,9.90,4.95,false,1,
7290013145710,false,דובדבנים מסוכרים מימונס (100 גרם),א.ל. ייצור ושיווק תבלינים בע`מ,,,יח`,1,100 גרם,false,1,9.90,9.90,false,1,
7290013145826,false,פודניג בטעם וניל לבן במיוחד מימונס 80 ג',א.ל. ייצור ושיווק תבלינים בע`מ,,,יח`,0.80,100 גרם,false,1,5.90,7.38,true,1,
7290013145840,false,סוכר וניל מימונס 10יח בצלופן,א.ל. ייצור ושיווק תבלינים בע`מ,,,יח`,10,יח`,false,1,2.90,0.29,false,1,
7290013145857,false,אבקת אפיה מימונס 10יח בצלופן,א.ל. ייצור ושיווק תבלינים בע`מ,,,יח`,10,יח`,false,1,2.90,0.29,false,1,
7290013145918,false,אבקת סוכר מיימונס 100 גרם,א.ל. ייצור ושיווק תבלינים בע`מ,,,יח`,1,100 גרם,false,1,3.90,3.90,false,1,
7290013145956,false,שמרים יבשים בוואקום מיימונס 500 גרם,א.ל. ייצור ושיווק תבלינים בע`מ,,,יח`,5,100 גרם,false,1,12.90,2.58,false,1,
7290013145963,false,שמרים יבשים בוואקום מיימונס 125 גרם,א.ל. ייצור ושיווק תבלינים בע`מ,,,יח`,1.25,100 גרם,false,1,5.90,4.72,false,1,
7290013145970,false,קורנפלור מימונס בשקית 200 ג',א.ל. ייצור ושיווק תבלינים בע`מ,,,יח`,2,100 גרם,false,1,4.90,2.45,false,1,
7290013146274,false,מארז 8 יח תחתיות מרנג 10 גר`מימונס,א.ל.ייצור ושיווק תבלינים בעמ,,,יח`,1,100 גרם,false,1,19.90,19.90,false,1,
7290013146304,false,קורנפלור 500 גרם מימונס.,א.ל.ייצור ושיווק תבלינים בעמ,,,יח`,5,100 גרם,false,1,6.90,1.38,false,1,
7290013146663,false,אטריות צבעוניות לקישוט מימונס 55 גרם,א.ל ייצור ושיווק תבלינים בעמ,,,יח`,0.55,100 גרם,false,1,11.90,21.64,true,1,
7290013146816,false,אבקת סוכר שקית 500 מימונס,א.ל ייצור ושיווק תבלינים בעמ,,,יח`,5,100 גרם,false,1,6.90,1.38,false,1,
7290013153418,false,מיץ סחוט טרי 1ל לימונענע פרי גת,החברה המרכזית טלהפצת משקאות בע,,,יח`,1,1 ליטר,false,1,15.90,15.90,true,1,
7290013153593,false,תפוזים מתקתק 100% פריגת 1 ליטר,*החברה המרכזית להפצת משקאותבעמ,,,יח`,10,"100 מ""ל",false,1,10.90,1.06,false,1,
7290013215017,false,פטריות זוגות חוות השמפניון,ביכורי השדה צפון 1994 ג.ד. בעמ,,,יח`,1,,false,1,18.90,18.90,false,1,
7290013220042,false,מיקס טרופי א.מ שרון (500 גרם),א.מ. שרון שיווק (2014) בעמ,,,יח`,5,100 גרם,false,1,24.90,4.98,true,1,
7290013220103,false,דובדבן קפוא א.מ שרון (500 גרם),"א.מ.שרון שיווק (2014) בע""מ",,,יח`,5,100 גרם,false,1,24.90,4.98,true,1,
7290013220127,false,דומדמנית שחורה א.מ שרון (500 גרם),"א.מ.שרון שיווק (2014) בע""מ",,,יח`,5,100 גרם,false,1,24.90,4.98,true,1,
7290013220134,false,מיקס פירות שדה א.מ שרון (500 גרם),א.מ. שרון שיווק (2014) בעמ,,,יח`,5,100 גרם,false,1,24.90,4.98,true,1,
7290013220349,false,דומדמנית אדומה 500 גרם,א.מ. שרון שיווק (2014) בעמ,,,יח`,5,100 גרם,false,1,24.90,4.98,true,1,
7290013220899,false,תות שדה א.מ שרון (500 גרם),"א.מ.שרון שיווק (2014) בע""מ",,,יח`,5,100 גרם,false,1,24.90,4.98,true,1,
7290013220929,false,אוכמנית א.מ שרון (400 גרם),"א.מ.שרון שיווק (2014) בע""מ",,,יח`,4,100 גרם,false,1,24.90,6.23,true,1,
7290013221001,false,אננס חתוך קפוא 500 גרם,א.מ. שרון שיווק (2014) בעמ,,,יח`,5,100 גרם,false,1,24.90,4.98,true,1,
7290013221018,false,מנגו חתוך קפוא 500 גרם,"א.מ.שרון שיווק (2014) בע""מ",,,יח`,5,100 גרם,false,1,24.90,4.98,true,1,
7290013268020,false,מקסימה מרכך כביסה מרוכז בניחוח אולטרא פרש סנו 1 ליטר,החברה הדרומית לשיווק בעמ,,,יח`,1,1 ליטר,false,1,17.90,17.90,true,1,
7290013268242,false,תרכיז ריחני לניקוי רצפות בריח מלון מפנק ריצפז פרש,החברה הדרומית לשיווק בעמ,,,יח`,2,1 ליטר,false,1,21.90,10.95,true,1,
7290013268839,false,פוליויקס פרקט-תרכיז ריחני לניקוי רצפות עץ,החברה הדרומית לשיווק בעמ,,,יח`,20,"100 מ""ל",false,1,19.90,1,false,1,
7290013268891,false,אוקסיג'ן ג'ל ללא אקונומיקה עם חמצן פעיל סנו 3 ליטר,החברה הדרומית לשיווק בעמ,,,יח`,3,1 ליטר,false,1,29.90,9.97,true,1,
7290013268938,false,סנובון סבון לאסלה בניחוח מאסק סנו 3*65 גרם,החברה הדרומית לשיווק בעמ,,,יח`,1.95,100 גרם,false,1,11.90,6.10,true,1,
7290013268983,false,מרכך כביסה סופר מרוכז בבישום עוצמתי סנו מקסימה 1 ל',החברה הדרומית לשיווק בעמ,,,יח`,1,1 ליטר,false,1,17.90,17.90,true,1,
7290013269263,false,ג'ל כביסה מרוכז מקסימה בבישום קריסטל נואר,החברה הדרומית לשיווק בעמ,,,יח`,3,1 ליטר,false,1,29.60,9.87,true,1,
7290013269287,false,סנו - מקסימה ג'ל כביסה מרוכז מאסק 3 ליטר,החברה הדרומית לשיווק בעמ,,,יח`,3000,1 ליטר,false,1,29.60,0.01,true,1,
7290013269300,false,סושי ניילון נצמד פלוס סנו (150 מטר),החברה הדרומית לשיווק בעמ,,,יח`,1,,false,1,20.90,20.90,true,1,
7290013269645,false,ריצפז פרש מטליות לחות לריצפה בניחוח מאסק 10 יחידות,החברה הדרומית לשיווק בעמ,,,יח`,1,,false,1,11.90,11.90,true,1,
7290013269652,false,פוליויקס נוזל לניקוי רצפות גרניט פורצלן סנו 2 ליטר,החברה הדרומית לשיווק בעמ,,,יח`,2,1 ליטר,false,1,22.90,11.45,true,1,
7290013269669,false,ריצפז בניחוח פנטזיה לניקוי הרצפה,החברה הדרומית לשיווק בעמ,,,יח`,3,1 ליטר,false,1,12.90,4.30,true,1,
7290013269751,false,מטליות לחותריצפז פרש לניקוי ריצפה בניחות מלון בוטיק 10 יח' סנו,החברה הדרומית לשיווק בעמ,,,יח`,1,,false,1,11.90,11.90,true,1,
7290013284051,false,פריניר טריו זיתים 560ג.,פריניר ( הדס 1987) ב,,,יח`,5.60,100 גרם,false,1,8.50,1.52,true,1,
7290013284105,false,פריניר זיתים טבעות ירוק a2,אבאל יזמות בעמ,,,יח`,5.60,100 גרם,false,1,8.50,1.52,true,1,
7290013284112,false,פריניר זיתים חרוזית ירוק a2,פריניר ( הדס 1987) ב,,,יח`,1,100 גרם,false,1,8.50,8.50,true,1,
7290013284136,false,פריניר מלפפון במלח 7-9 560ג.,אבאל יזמות בעמ,,,יח`,5.60,100 גרם,false,1,6.50,1.16,true,1,
7290013284143,false,פריניר מלפפונים במלח 10-12 560ג.,אבאל יזמות בעמ,,,יח`,5.60,100 גרם,false,1,7.50,1.34,true,1,
7290013284150,false,פריניר מלפפונים במלח 13-17 560ג,אבאל יזמות בעמ,,,יח`,5.60,100 גרם,false,1,8.90,1.59,true,1,
7290013284174,false,פריניר מלפפונים בחומץ 7-9 560גר.,אבאל יזמות בעמ,,,יח`,5.60,100 גרם,false,1,6.50,1.16,true,1,
7290013284181,false,פריניר מלפפונים בחומץ10-12 560ג.,אבאל יזמות בעמ,,,יח`,5.60,100 גרם,false,1,7.50,1.34,true,1,
7290013284198,false,פריניר מלפפון בחומץ 13-17,פריניר ( הדס 1987) ב,,,יח`,1,,false,1,8.90,8.90,true,1,
7290013284204,false,פריניר מלפפון חומץ 18-25,אבאל יזמות בעמ,,,יח`,5.60,100 גרם,false,1,8.90,1.59,false,1,
7290013284310,false,רוטב פסטה לילדים פריניר 240 גרם,ח.כהן סוכנות מזון ומשקאות בע,,,יח`,2.40,100 גרם,false,1,5.50,2.29,true,1,
7290013284662,false,רוטב פיצה פיתה לילדים 240 ג' פריניר,ח.כהן סוכנות מזון ומשקאות בע,,,יח`,2.40,100 גרם,false,1,5.50,2.29,true,1,
7290013310101,false,"שיפודי במבוק ג'מבו 50 יח' עובי 5 מ""מ אורך 30 ס""מ",הדקלאים אגודת שיתופי,,,יח`,1,,false,1,5.90,5.90,false,1,
7290013310163,false,מדליק פחם מוצק LIGHT EASY 40 יחידות,הדקלאים אגודת שיתופי,,,יח`,1,,false,1,7.90,7.90,false,1,
7290013310378,false,כפפות ניטריל S כחולות ללא אבקה 80 יח' EASY TOUCH,אינטרסן (1996) בעמ,,,יח`,80,יח`,false,1,24.90,0.31,true,1,
7290013310385,false,כפפות ניטריל M כחולות ללא אבקה 80 יח' EASY TOUCH,אינטרסן (1996) בעמ,,,יח`,80,יח`,false,1,24.90,0.31,true,1,
7290013310392,false,כפפות ניטריל L כחולות ללא אבקה 80 יח' EASY TOUCH,אינטרסן (1996) בעמ,,,יח`,80,יח`,false,1,24.90,0.31,true,1,
7290013310408,false,כפפות ניטריל XL כחולות ללא אבקה 80 יח' EASY TOUCH,אינטרסן (1996) בעמ,,,יח`,80,יח`,false,1,24.90,0.31,true,1,
7290013358356,false,פירורי לחם מוזהבים מאסטר שף (320גרם),ש. שסטוביץ בע`מ,,,יח`,3.20,100 גרם,false,1,6.90,2.16,false,1,
7290013358363,false,מאסטר שף פרורי לחם פנקו עבים בסגנון יפני 300 גר,קריניציה ויטמינה אס,,,יח`,3,100 גרם,false,1,9.90,3.30,false,1,
7290013358417,false,מאסטר שף אסייאתי רוטב טריאקי 300 מל כשלפ,קריניציה ויטמינה אס,,,יח`,3,"100 מ""ל",false,1,11.90,3.97,false,1,
7290013358462,false,"מיני קרוטונים למרק בתיבול שום, בצל ופטרוזיליה","עינת תעשיות מזון, אגשח ב",,,יח`,3.50,100 גרם,false,1,18.90,5.40,true,1,
7290013358493,false,מאסטר שף אסייאתי קרם קוקוס פחית 400 מל,תאי קוקונט פבליק קומפני,,,יח`,4,"100 מ""ל",false,1,9.90,2.48,false,1,
7290013358530,false,מאסטר שף אסייאתי רוטב צ'ילי מתוק 700 מל כשלפ,קריניציה ויטמינה אס,,,יח`,7,"100 מ""ל",false,1,13.90,1.99,true,1,
7290013358547,false,מאסטר שף אסייאתי רוטב צ'ילי חריף 700 מל כשלפ,קי.אר.אס. ספייסי פוד,,,יח`,7,"100 מ""ל",false,1,13.90,1.99,true,1,
7290013358578,false,מנה אסייאתי אטריות אורז רחבות 400 ג מ.שף,ליינג טונג רייספלוור,,,יח`,4,100 גרם,false,1,9.90,2.48,true,1,
7290013358585,false,מנה אסייאתי נודלס ביצים להקפצה 400 מ.שף,הנסיך- מפעל לייצור ט,,,יח`,4,100 גרם,false,1,9.90,2.48,true,1,
7290013358837,false,מנה מאגדת פריכיות אורז ללא מלח 264 גרם,ש. שסטוביץ בע`מ,,,יח`,2.64,100 גרם,false,1,13.90,5.27,true,1,
7290013389381,false,"קמח תירס פולנטה מולינו 1 ק""ג",תומר ייבוא ושיווק מוצרי מזון [,,,יח`,10,100 גרם,false,1,9.90,0.99,false,1,
7290013430090,false,בירה אלכסנדר אמברה AMBREE בירה ישראלית,מנדלז סי.אר. פרודקשן,,,יח`,3.30,"100 מ""ל",false,1,12.90,3.82,true,1,
7290013430250,false,אלכסנדר חיטה ישראלית בקבוק בודד 330 מל,אלכסנדר- בירה ישראלית מע,,,יח`,3.30,"100 מ""ל",false,1,12.90,3.82,true,1,
7290013440648,false,מאגדת שלגוני אבטיח נסטלה 5 יחידות,נגה גלידות שותפות מוגבלת,,,יח`,5.40,100 גרם,false,1,22.90,4.24,false,1,
7290013472199,false,ערמונים קלופים וקלויים 105 גרם,ג.וילי פוד אינטרנשיונל בעמ,,,יח`,1,100 גרם,false,1,4.90,4.90,false,1,
7290013472892,false,בולגריה קוביות במי מלח - מרכיבי חלב ושומן צמחי,ג.וילי-פוד אינטרנשיונל **גבינו,,,יח`,2,100 גרם,false,1,9.90,4.95,false,1,
7290013472908,false,הבולגריה בקוביות ויליפוד 400 גרם,ג.וילי-פוד אינטרנשיונל **גבינו,,,יח`,4,100 גרם,false,1,19.90,4.98,false,1,
7290013492005,false,תפוח אדמה אדום למיקרו 600 ג',ביכורי השדה צפון 1994 ג.ד. בעמ,,,יח`,1,,false,1,8.90,8.90,false,1,
7290013521095,false,בייגלה ללא מלח אורגני 200 גר השדה,השדה מוצרים אורגניים בעמ,,,יח`,2,100 גרם,false,1,12.90,6.45,false,1,
7290013531117,false,רוטב פסטה לילדים יכין (240 גר`),"זנלכל בע""\מ",,,יח`,2.40,100 גרם,false,1,5.90,2.46,false,1,
7290013531346,false,סירופ דיאט בטעם לימונענע יכין 1 ליטר,זנלכול יכין,,,יח`,10,"100 מ""ל",false,1,16.90,1.69,false,1,
7290013531759,false,שעועית לבנה מבושלת במים יכין (550 גרם),זנלכול יכין,,,יח`,5.50,100 גרם,false,1,10.50,1.91,false,1,
7290013534057,false,"צ'יפס בטטה טבעי מיה 100ג' 'כשל""פ",מיה תעשיות מזון מ.ת.מ. בעמ,,,יח`,1,100 גרם,false,1,9.90,9.90,true,1,
7290013580009,false,המבורגר זהב 400 גרם הקצביה בלדי,בלדי בעמ,,,יח`,4,100 גרם,false,1,15.90,3.98,false,1,
7290013581648,false,אל מטאדור מינוט סטייק 250 גרם בלדי,בלדי בעמ,,,יח`,2.50,100 גרם,false,1,17.90,7.16,false,1,
7290013585233,false,"ספרייט זירו פחית סליק 330 מ""ל",החברה המרכזית להפצת משקאות בעמ,,,יח`,3.30,"100 מ""ל",false,1,3.90,1.09,true,1,
7290013585387,false,בקבוק זירו קוקה-קולה (1 ליטר),החברה המרכזית להפצת משקאות בעמ,,,יח`,10,"100 מ""ל",false,1,7.70,0.74,false,1,
7290013585394,false,בקבוק קוקה-קולה (1 ליטר),החברה המרכזית להפצת משקאות בעמ,,,יח`,10,"100 מ""ל",false,1,7.70,0.74,false,1,
7290013608260,false,מיץ רימונים 100%מיץ סחוט טרי מצונן 1ליט,שטראוס גרופ בעמ/מצונן,,,יח`,1,1 ליטר,false,1,20.90,20.90,false,1,
7290013645364,false,עוגיות מזרחיות ללא גלוטן GFREE 200 גר`,גורי מוצרי צריכה (1991) בעמ,,,יח`,2,100 גרם,false,1,19.70,9.85,false,1,
7290013645371,false,עוגיות שוקולד ציפס ללא גלוטן 200,גורי מוצרי צריכה (1991) בעמ,,,יח`,2,100 גרם,false,1,19.70,9.85,false,1,
7290013652157,false,"ד""ר פישר - נטורל קר מגבונים להסרת איפור לעור רגיל יבש 30 יח' * 3","פישר תעשיות פרמצביטות בע""מ",,,יח`,1,,false,1,24.90,24.90,false,1,
7290013652171,false,"ד""ר פישר - נטורל קר מגבונים להסרת איפור לעור שמן מעורב 30 יח' * 3","פישר תעשיות פרמצביטות בע""מ",,,יח`,1,,false,1,24.90,24.90,false,1,
7290013675545,false,"שניצל כלי תחבורה ""מאמא עוף"" 700 גרם",תנובה גליל שותפות מוגבלת,,,יח`,7,100 גרם,false,1,34.90,4.99,true,1,
7290013677648,false,שמן זית למאור מיה 1 ליטר,מיה תעשיות מזון מ.ת.מ. בעמ,,,יח`,1,1 ליטר,false,1,22.90,22.90,false,1,
7290013677747,false,"שוקו של מיה 500גרם בשקית בד""ץ",מיה תעשיות מזון מ.ת.מ. בעמ,,,יח`,5,100 גרם,false,1,6.90,1.38,false,1,
7290013677822,false,"גריסי פנינה מיה 1 ק""ג",מיה תעשיות מזון מ.ת.מ. בעמ,,,יח`,1,"ק""ג",false,1,10,10,false,1,
7290013677846,false,כוסמת מיה (1 קג),מיה תעשיות מזון מ.ת.מ. בעמ,,,יח`,1,"ק""ג",false,1,13.90,13.90,false,1,
7290013702036,false,שוופס וואטר אפרסק 500 מל,יפאורה שותפות מוגבלת לשיווק,,,יח`,5,"100 מ""ל",false,1,5.90,1.12,true,1,
7290013702050,false,"שוופס וואטר ענבים 500מ""ל",יפאורה שותפות מוגבלת לשיווק,,,יח`,5,"100 מ""ל",false,1,5.90,1.12,true,1,
7290013725769,false,נודלס עבה הכנה מהירה400ג,דין שיווק וקליה 2021 בעמ,,,יח`,4,100 גרם,false,1,7.90,1.98,false,1,
7290013847454,false,טונה סטאריקיסט בשמן קנולה רביעייה 160 גר,דיפלומט מפיצים (1968) בעמ**,,,יח`,6.40,100 גרם,false,1,24.90,3.89,false,1,
7290013847836,false,נתחי טונה בשמן קנולה זוג * 140 ג' סטארקיסט,דיפלומט מפיצים (1968) בעמ**,,,יח`,2.80,100 גרם,false,1,11.90,4.25,false,1,
7290013847980,false,"טונה סטארקיסט שפע 425גר בד""ץ**מבצע**",סטארקיסט דיפלומט היינץ,,,יח`,4.25,100 גרם,false,1,17.90,4.21,false,1,
7290013848345,false,מארז מטליות לחיטוי וניקוי יסודי אנטיבקטריאלי 99.9%,החברה הדרומית לשיווק בעמ,,,יח`,1,,false,1,19.90,19.90,true,1,
7290013848611,false,רדיד אלומיניום סנו סושי (61 מטר),החברה הדרומית לשיווק בעמ,,,יח`,1,,false,1,41.90,41.90,true,1,
7290013848758,false,מקסימה גל כביסה מרוכז בייבי 3ליטר סנסטיב,החברה הדרומית לשיווק בעמ,,,יח`,3,1 ליטר,false,1,32.90,10.97,false,1,
7290013906052,false,נקניקיות פרגיות טירת צבי 300 גרם,תנובה מרכז שיתופי לשיווק תוצרת,,,יח`,3,100 גרם,false,1,13.90,4.63,true,1,
7290013906205,false,פסטרמה עם שום וצילי טירת צבי 400 ג',תנובה מרכז שיתופי לשיווק תוצרת,,,יח`,4,100 גרם,false,1,31.90,7.98,true,1,
7290013906212,false,"נקנקיות וינר טירת 1 ק""ג טירת צבי",תנובה מרכז שיתופי לשיווק תוצרת,,,יח`,1,1 ליטר,false,1,32.90,32.90,true,1,
7290013906687,false,פסט' צמד כפרית ברביקיו ודבש 300X2ג' טירת צבי,תנובה מרכז שיתופי לשיווק תוצרת,,,יח`,6,100 גרם,false,1,29.90,4.98,true,1,
7290013906694,false,נקניקיות שקית קילו וחצי טירת צבי,תנובה מרכז שיתופי לשיווק תוצרת,,,יח`,1.50,"ק""ג",false,1,39.90,26.60,false,1,
7290013927002,false,עוגיות דקליות בטעם שוקולד אחוה (400 גרם),אחדות ביתחרושת לטחינה חלבה,,,יח`,4,100 גרם,false,1,8.90,2.23,false,1,
7290013927026,false,עוגיות דקליות וניל אחווה 400 ג',אחדות ביתחרושת לטחינה חלבה,,,יח`,4,100 גרם,false,1,8.90,2.23,false,1,
7290013927033,false,עוגיות מעמול במילוי תמרים ואגוזים אחווה 600 ג',אחדות בעמ,,,יח`,6,100 גרם,false,1,9.90,1.65,false,1,
7290013927040,false,אחדות עוגיות ממולאות שוקולד במגש 600,אחדות בעמ,,,יח`,6,100 גרם,false,1,9.90,1.65,false,1,
7290013927057,false,א. עוגיות שוקולד צ'יפס במגש 400 גר',אחדות בעמ,,,יח`,4,100 גרם,false,1,8.90,2.23,false,1,
7290013927064,false,א. עוגיות גרנולה עם פירות יער 400 ג'-אחווה,אחדות ביתחרושת לטחינה חלבה,,,יח`,4,100 גרם,false,1,8.90,2.23,false,1,
7290013927156,false,אחוה בטעם פירות יער ללא תוספת סוכר 450 גרם.,אחדות ביחר לטחינה חל,,,יח`,4.50,100 גרם,false,1,12.90,2.87,false,1,
7290013927323,false,אחדות עוגת בראוניס 400 גרם,אחדות ביחר לטחינה חל,,,יח`,4,100 גרם,false,1,11.90,2.98,false,1,
7290013927514,false,אחוה רוגעלך קינמון במגש 400 גר,אחדות ביחר לטחינה חל,,,יח`,4,100 גרם,false,1,9.90,2.48,false,1,
7290014002135,false,תה ירוק מיקס 5 טעמים ויסוצקי 25 יחידות,תה ויסוצקי (ישראל) בעמ,,,יח`,0.3750,100 גרם,false,1,24.90,66.40,true,1,
7290014002197,false,חליטת קמומיל ולימונית הגן הקסום ויסוצקי 25 יחידות,תה ויסוצקי (ישראל) בעמ,,,יח`,0.3750,100 גרם,false,1,17.50,46.67,true,1,
7290014002203,false,חליטת לימונית ולואיזה הגן הקסום ויסוצקי 25 יחידות,תה ויסוצקי (ישראל) בעמ,,,יח`,0.3750,100 גרם,false,1,17.50,46.67,true,1,
7290014002944,false,גן קסום חליטת פירות וצמחים חמדת שקד 25 שקיקים,תה ויסוצקי (ישראל) בעמ,,,יח`,1,,false,1,17.50,17.50,true,1,
7290014027213,false,ערק ג`באלנא מצדה %40כשר לפסח,בני פאוזי שמשום (2009) בעמ,,,יח`,7,"100 מ""ל",false,1,49.90,7.09,false,1,
7290014046016,false,פסטרמה של פעם דל שומן 2% רכיבים טבעיים,מעדני יחיעם ( 1993 ) בע`מ,,,יח`,2.50,100 גרם,false,1,24.90,9.96,false,1,
7290014046474,false,"נקניקיות עוף 1.5 ק""ג יחיעם",מעדני יחיעם ( 1993 ) בע`מ,,,יח`,1.50,"ק""ג",false,1,29.90,19.93,true,1,
7290014046580,false,פסטרמה מעודנת על גחלים יחיעם (300 גרם),מעדני יחיעם (1993) בעמ,,,יח`,3,100 גרם,false,1,23.90,7.97,true,1,
7290014046757,false,סלמי תה יחיעם (300 גרם),מעדני יחיעם (1993) בעמ,,,יח`,3,100 גרם,false,1,25.90,8.63,true,1,
7290014079847,false,פטריות בייבי בלה צמד מרינה,קונס`-מרינה פטריות הגליל בעמ*ש,,,יח`,1,,false,1,15.90,15.90,false,1,
7290014083813,false,וילי פוד מריגה שפרוטים מעושנים בשמן 190ג,ג. וילי-פוד אינטרנשיונל בע`מ,,,יח`,1.90,100 גרם,false,1,7.90,4.16,false,1,
7290014094345,false,גרעיני חמניה קלופים ששון הקולה בקופסא 300 גרם,דין שיווק וקליה 2021 בעמ,,,יח`,3,100 גרם,false,1,10.90,3.63,false,1,
7290014094376,false,שזיפים ללא גלעין בקופסא ששון הקולה 330 גרם,דין שיווק וקליה 2021 בעמ,,,יח`,2.50,100 גרם,false,1,24.90,9.96,false,1,
7290014094406,false,צימוק לבן בקופסא ששון הקולה 330 גרם,דין שיווק וקליה 2021 בעמ,,,יח`,3.30,100 גרם,false,1,17.90,5.42,true,1,
7290014094529,false,"רוטב סויה 300 מ""ל אהרוני",דין שיווק וקליה 2021 בעמ,,,יח`,3,"100 מ""ל",false,1,10.90,3.63,false,1,
7290014094536,false,רוטב סויה 623מ''ל אהרוני,****דין שיווק וקליה 2021 בעמ,,,יח`,6.23,"100 מ""ל",false,1,19.90,3.19,false,1,
7290014094543,false,תרסיס שמן קנולה מזוכך 186 מל שקדיה,דין שיווק וקליה 2021 בעמ,,,יח`,1.86,"100 מ""ל",false,1,12.90,6.94,true,1,
7290014094840,false,צימוק חום בשקית ששון הקולה 300 גרם,דין שיווק וקליה 2021 בעמ,,,יח`,3,100 גרם,false,1,10.90,3.63,false,1,
7290014094895,false,אגוזים קלופים בשקית ששון הקולה 150 גרם,דין שיווק וקליה 2021 בעמ,,,יח`,1.50,100 גרם,false,1,10.90,7.27,true,1,
7290014095861,false,שיבולת שועל דקה בשקית שקדיה 500 גרם,דין שיווק וקליה 2021 בעמ,,,יח`,5,100 גרם,false,1,5.90,1.18,true,1,
7290014095953,false,פקאן בציפוי שוקולד בקופסא שקדיה 140 גרם,דין שיווק וקליה 2021 בעמ,,,יח`,1.40,100 גרם,false,1,11.90,8.50,true,1,
7290014095960,false,שיבולת שועל עבה בשקית שקדיה 500 גרם,דין שיווק וקליה 2021 בעמ,,,יח`,5,100 גרם,false,1,5.90,1.18,true,1,
7290014126428,false,מרמולייט סטיביה ממתיק 150 טבליות,מיוצר עי קונדיטוריית,,,יח`,1.50,100 גרם,false,1,32.90,21.93,true,1,
7290014204478,false,קרם גוף מספר 4 פנינה רוזנבלום (340 מל),"פנינה רוזנבלום בע""מ",,,יח`,4,"100 מ""ל",false,1,23.90,5.98,false,1,
7290014204560,false,"פנינהרוזנבלום- סבון נוזלי לידיים שלישיה,3*500 מ""ל","פנינה רוזנבלום בע""מ",,,יח`,1.50,1 ליטר,false,1,9.90,6.60,false,1,
7290014204683,false,אלסבון 1 ליטר משאבה סגול פנינה רוזנבלום,פנינה רוזנבלום בעמ,,,יח`,1,1 ליטר,false,1,9.90,9.90,true,1,
7290014204690,false,"פנינה רוזנבלום- סבון נוזלי משאבה ורוד,1 ליטר",פנינה רוזנבלום בעמ,,,יח`,1,1 ליטר,false,1,9.90,9.90,true,1,
7290014204706,false,אלסבון 1 ליטר משאבה קורלפנינה רוזנבלום,פנינה רוזנבלום בעמ,,,יח`,1,1 ליטר,false,1,9.90,9.90,true,1,
7290014217010,false,דגים T130 -BUL בקופ' 90 גר' טעם וריח,"תבליני טעם וריח בע""מ",,,יח`,0.90,100 גרם,false,1,12.90,14.33,true,1,
7290014217027,false,עוף T130 -BUL בקופ' 120 גר' טעם וריח,"תבליני טעם וריח בע""מ",,,יח`,1.20,100 גרם,false,1,12.90,10.75,true,1,
7290014217065,false,אורגנו עלים בקופ' 30 גר' טעם וריח,"תבליני טעם וריח בע""מ",,,יח`,0.30,100 גרם,false,1,9.90,33,true,1,
7290014217119,false,תערובת לצ'יפס בקופ' 100 גר' טעם וריח,"תבליני טעם וריח בע""מ",,,יח`,1,100 גרם,false,1,9.90,9.90,true,1,
7290014217140,false,"מיכל ראס אל חנות 100 גר' ""טעם וריח""","תבליני טעם וריח בע""מ",,,יח`,1,100 גרם,false,1,9.90,9.90,true,1,
7290014217157,false,"מיכל טוסקנה תיבול 120 גר ""טעם וריח""","תבליני טעם וריח בע""מ",,,יח`,1.20,100 גרם,false,1,9.90,8.25,true,1,
7290014217171,false,תערובת תיבול תיבול גריל דג מיכל 100ג',"תבליני טעם וריח בע""מ",,,יח`,1,100 גרם,false,1,9.90,9.90,true,1,
7290014217225,false,גריל עוף בקופ' 120 גר' טעם וריח,"תבליני טעם וריח בע""מ",,,יח`,1.20,100 גרם,false,1,9.90,8.25,true,1,
7290014217263,false,תיבול לפרגית בקופ' 100 גר' טעם וריח,"תבליני טעם וריח בע""מ",,,יח`,1,100 גרם,false,1,9.90,9.90,true,1,
7290014217348,false,"מיכל צ'ילי כתוש 70 גר' ""טעם וריח""","תבליני טעם וריח בע""מ",,,יח`,0.70,100 גרם,false,1,9.90,14.14,true,1,
7290014217409,false,תערובת עשבי תיבול הרבס דה פרובנס טעם וריח 100 ג',"תבליני טעם וריח בע""מ",,,יח`,0.30,100 גרם,false,1,9.90,33,false,1,
7290014217492,false,תיבול פילדלפיה בקופ' 100 גר' טעם וריח,"תבליני טעם וריח בע""מ",,,יח`,1,100 גרם,false,1,9.90,9.90,true,1,
7290014218505,false,"שלישית פיצות בחבק 3 יח`מעדנות 1.08 ק""",תנובה ענף ב.ע.ד,,,יח`,10.80,100 גרם,false,1,31.90,2.95,true,1,
7290014218932,false,חטיפי פיצה בתוספ זיתים בשקית מעדנות 710 גרם,מיוצר עי קונדיטוריית,,,יח`,7.10,100 גרם,false,1,33.90,4.77,true,1,
7290014256637,false,"יין מבעבע מוסקטו באזז יקבי כרמל 750 מ""ל",אגודת הכורמים -כרמל מזרחי,,,יח`,7.50,"100 מ""ל",false,1,27.90,3.68,true,1,
7290014258716,false,תרכובת מזון צמחי על בסיס חלבון סויה מגיל לידה,קבוצת אוסם סחר שותפות מוגבלת,,,יח`,7,100 גרם,false,1,66.90,9.56,true,1,
7290014258730,false,תרכובת מזון צמחי לתינוקות מגיל 12 חודשים ואילך,קבוצת אוסם סחר שותפות מוגבלת,,,יח`,7,100 גרם,false,1,66.90,9.56,false,1,
7290014325036,false,סוכריות ג'לי עטופות שמחות מיה 600 גרם,מיה תעשיות מזון מ.ת.מ. בעמ,,,יח`,1,,false,1,19.90,19.90,false,1,
7290014325043,false,פודינג בטעם וניל 1 קג מיה,מיה תעשיות מזון מ.ת.מ. בעמ,,,יח`,1,"ק""ג",false,1,19.90,19.90,false,1,
7290014325050,false,קורנפלור 500 גר` מיה ג.,מיה תעשיות מזון מ.ת.מ. בעמ,,,יח`,5,100 גרם,false,1,8.90,1.78,false,1,
7290014397163,false,"מטהר אוויר פרש הום פריחת השקד, ורד אנגלי וכותנה",החברה הדרומית לשיווק בעמ,,,יח`,2.50,"100 מ""ל",false,1,13.90,5.56,false,1,
7290014397453,false,סנו אוקסיגן גל מסיר כתמים כביסה לבנה 3 ל,החברה הדרומית לשיווק בעמ,,,יח`,3,1 ליטר,false,1,29.90,9.97,true,1,
7290014397514,false,"מבשם אויר סנו פרש הום בניחוח כותנה מלטפת 350 מ""ל",החברה הדרומית לשיווק בעמ,,,יח`,3.50,"100 מ""ל",false,1,11.90,3.40,true,1,
7290014397675,false,מקסימה מרכך כביסה חלב ודבש סנו 4 ליטר,החברה הדרומית לשיווק בעמ,,,יח`,4,1 ליטר,false,1,19.90,4.98,true,1,
7290014397774,false,ריצפז פרש הום טבע רענן 2ל לרצפה,החברה הדרומית לשיווק בעמ,,,יח`,2,1 ליטר,false,1,21.90,10.95,true,1,
7290014397873,false,מרכך כביסה בבישום עוצמתי ג'נטל בריז,החברה הדרומית לשיווק בעמ,,,יח`,40,"100 מ""ל",false,1,19.90,0.50,true,1,
7290014426061,false,משחת שיניים הלו קיטי בטעם ענבים לגיל 2-6,גורי ע.ע.ע. בע`מ,,,יח`,0.50,"100 מ""ל",false,1,11.90,23.80,true,1,
7290014435704,false,סלמון מעושן פרוס 100ג(שמיר),שבעת הימים - שמיר,,,יח`,1,100 גרם,false,1,21.90,21.90,false,1,
7290014435803,false,מטיאס הולנדי (פרובנציאל) עם בצל בשמן 180 גרם,שבעת הימים - שמיר,,,יח`,2,100 גרם,false,1,18.90,9.45,false,1,
7290014435810,false,נתחי הרינג כבוש עם בצל במרינת חמוץ מתוק שמיר 220 גרם,"סלטי שמיר 2006 בע""מ",,,יח`,2.20,100 גרם,false,1,18.90,8.59,false,1,
7290014435834,false,מקרל מעושן פרוס בשמן שמיר 180 גרם,"סלטי שמיר 2006 בע""מ",,,יח`,1.90,100 גרם,false,1,24.90,13.11,false,1,
7290014435841,false,פילה הרינג עם בצל בשמן מטיאס הולנדי שמיר 200 גרם,סלטי שמיר 2006 בעמ,,,יח`,2,100 גרם,false,1,18.90,9.45,false,1,
7290014455184,false,קאשקבל משולש מעדנייה גד,מחלבות גד שיווק 1992 בעמ,,,"ק""ג",10,100 גרם,true,1,120,12,false,1,
7290014455245,false,גבינה גרנה פדנו משולש גד 200 גר',מחלבות גד שיווק 1992 בעמ,,,יח`,2,100 גרם,false,1,24.90,12.45,false,1,
7290014455252,false,גבינת גרנה פדנו מגורדת 29% גד (100 גרם),מחלבות גד שיווק 1992 בעמ,,,יח`,1,100 גרם,false,1,13.90,13.90,false,1,
7290014455320,false,גבינה כדורי מוצרלה פרסקה גד 100ג',מחלבות גד שיווק 1992 בעמ,,,יח`,1,100 גרם,false,1,8.90,8.90,false,1,
7290014459137,false,"תפוגן סטייק צ'יפס 1.5 ק""ג אסם",קבוצת אוסם סחר שותפות מוגבלת,,,יח`,15,100 גרם,false,1,24.90,1.66,false,1,
7290014459373,false,"צ'יפס קראנצ'י לתנור קפוא תפוגן 1.5ק""ג",קבוצת אוסם סחר שותפות מוגבלת,,,יח`,15,100 גרם,false,1,24.90,1.66,false,1,
7290014459472,false,"תפוגן צ יפס קלאסי 2ק""ג (תפוגן)",קבוצת אוסם סחר שותפות מוגבלת,,,יח`,2,"ק""ג",false,1,29.90,14.95,false,1,
7290014459632,false,"צ'יפס טוגן תפוגן 1.5 ק""ג",קבוצת אוסם סחר שותפות מוגבלת,,,יח`,1.50,"ק""ג",false,1,14.90,9.93,false,1,
7290014471412,false,"מוזלי בוטנים אגוזים ושקדים 1 ק""ג - 412 ירוק שקדיה",דין שיווק וקליה 2021 בעמ,,,יח`,1,"ק""ג",false,1,19.90,19.90,false,1,
7290014471429,false,"מוזלי עם פירות 1 ק""ג - 429 סגול שקדיה",דין שיווק וקליה 2021 בעמ,,,יח`,1,"ק""ג",false,1,19.90,19.90,false,1,
7290014471443,false,"גרנולה צימוקים אגוזים ושקדים1 ק""ג חדש - 443 כתום שקדיה (כתום)",דין שיווק וקליה 2021 בעמ,,,יח`,1,"ק""ג",false,1,19.90,19.90,false,1,
7290014472136,false,גרעין שחור קלוי ששון הקולה (150 גרם),דין שיווק וקליה 2021 בעמ,,,יח`,1.50,100 גרם,false,1,4.90,3.27,true,1,
7290014472471,false,גרעיני חמנייה קלוי ענק ששון הקולה 200 גרם,דין שיווק וקליה 2021 בעמ,,,יח`,2,100 גרם,false,1,5.90,2.95,false,1,
7290014472501,false,פיסטוק קלוי ענק פרימיום ששון הקולה 250 גרם,דין שיווק וקליה 2021 בעמ,,,יח`,2.50,100 גרם,false,1,24.90,9.96,false,1,
7290014472518,false,בוטן קלוי ענק פרימיום ששון הקולה 250 גרם,דין שיווק וקליה 2021 בעמ,,,יח`,2.50,100 גרם,false,1,8.90,3.56,false,1,
7290014472990,false,ממרח 100% שקדים שקדיה (300 גרם),דין שיווק וקליה 2021 בעמ,,,יח`,3,100 גרם,false,1,34.90,11.63,true,1,
7290014503137,false,יין אדום יבש יובלים יקב דלתון (750 מל),הכרם - משקאות חריפים בעמ,,,יח`,7.50,"100 מ""ל",false,1,48.90,6.48,true,1,
7290014525177,false,חטיף סלים פרוט Slim fruit בטעם יוגורט ופירות יער,סלים דליס Slim Delis,,,יח`,1.20,100 גרם,false,1,10.90,9.08,true,1,
7290014525290,false,חטיפי סלים דליס קריספי תות מרבה 125 גרם,סלים דליס Slim Delis,,,יח`,1.20,100 גרם,false,1,10.90,9.08,true,1,
7290014525306,false,חטיפי סלים דליס קריספי אוכמניות מרבה 125 גרם,סלים דליס Slim Delis,,,יח`,1.25,100 גרם,false,1,10.90,8.72,true,1,
7290014525313,false,חטיפי סלים דליס קריספי שוקולד מרבה 125 גרם,סלים דליס Slim Delis,,,יח`,1.25,100 גרם,false,1,10.90,8.72,true,1,
7290014555082,false,מים מזוקקים 4 ליטר מקסול,סאסאטק אגשח בעמ,,,יח`,40,"100 מ""ל",false,1,9.90,0.25,false,1,
7290014603813,false,שטראוס קרמסימו מסטיגם 1.33 ליטר,גלידות שטראוס בעמ,,,יח`,1.33,1 ליטר,false,1,19.90,14.96,true,1,
7290014648142,false,LA BELLE סמק -70% 100אלכוהול,פארמה דיל (פ.א.ב.) שיווק והפצה,,,יח`,1,,false,1,7.90,7.90,false,1,
7290014673380,false,כמון טחון תבליני מימון 250 גרם,א.ל. ייצור ושיווק תבלינים בע`מ,,,יח`,2.50,100 גרם,false,1,20.90,8.36,false,1,
7290014673397,false,תיבול לגריל עוף תבליני מימון 250 גרם,א.ל. ייצור ושיווק תבלינים בע`מ,,,יח`,2.50,100 גרם,false,1,20.90,8.36,false,1,
7290014673403,false,פלפל שחור טחון תבליני מימון (250 גרם),א.ל. ייצור ושיווק תבלינים בע`מ,,,יח`,2.50,100 גרם,false,1,27.90,11.16,false,1,
7290014673410,false,פלפל שחור גרוס דק תבליני מימון 250 גרם,א.ל. ייצור ושיווק תבלינים בע`מ,,,יח`,2.50,100 גרם,false,1,27.90,11.16,false,1,
7290014673434,false,פלפל שחור גרוס דק שקית תבליני מימון 80גרם,א.ל.ייצור ושיווק תבלינים בעמ,,,יח`,0.80,100 גרם,false,1,9.90,12.38,false,1,
7290014673618,false,תבלינים זנגביל בצנצנת 30 גרם,א.ל.ייצור ושיווק תבלינים בעמ,,,יח`,0.30,100 גרם,false,1,10.90,36.33,false,1,
7290014692299,false,גבינת ברי EURO CHEESE ויליפוד 125 גרם,ג.וילי-פוד אינטרנשיונל **גבינו,,,יח`,1.25,100 גרם,false,1,14.90,11.92,false,1,
7290014692305,false,גבינת קממבר EURO CHEESE ויליפוד 125 גרם,ג.וילי-פוד אינטרנשיונל **גבינו,,,יח`,1.25,100 גרם,false,1,14.90,11.92,false,1,
7290014692541,false,פתיתים מגורדת וילי פוד (500 גרם)GOLDEN,ג.וילי-פוד אינטרנשיונל **גבינו,,,יח`,5,100 גרם,false,1,19.90,3.98,false,1,
7290014692565,false,גרעיני תירס מתוק וילי פוד (320 גרם),ג.וילי-פוד אינטרנשיונל בעמ,,,יח`,3.20,100 גרם,false,1,4.90,1.53,false,1,
7290014748613,false,מקלוני דגים בציפוי צ'יפס דג טוב 600 גרם,קבוצת אוסם סחר שותפות מוגבלת,,,יח`,6,100 גרם,false,1,27.90,4.65,true,1,
7290014748651,false,דג טוב פילה אמנון מצופה נתח שלם 360 גרם,קבוצת אוסם סחר שותפות מוגבלת,,,יח`,3.60,100 גרם,false,1,31.90,8.86,true,1,
7290014749245,false,ספיישל רצועות שניצל שומשום עוף טוב 600 גרם,קבוצת אוסם סחר שותפות מוגבלת,,,יח`,6,100 גרם,false,1,32.90,5.48,true,1,
7290014749887,false,שניצל דק ענק קריספי קלאסי עוף טוב 720 גרם,קבוצת אוסם סחר שותפות מוגבלת,,,יח`,7.20,100 גרם,false,1,35.90,4.99,true,1,
7290014758100,false,מאגדת יוגורט ביו 3% שומן 8 יח' *150ג' תנובה,מיוצר עי קונדיטוריית,,,יח`,12,100 גרם,false,1,16.50,1.38,false,1,
7290014758117,false,מאגדת יוגורט ביו 1.5% שומן 8 יח' *150 ג' תנובה,מיוצר עי קונדיטוריית,,,יח`,12,100 גרם,false,1,16.50,1.38,false,1,
7290014758162,false,חלב עיזים מלא 3.6% שומן תנובה (1 ליטר),תנובה מרכז שיתופי לש,,,יח`,1,1 ליטר,false,1,15,15,false,1,
7290014758681,false,גבינת קוטג`1% בגביע תנובה (250 גרם),מיוצר עי קונדיטוריית,,,יח`,2.50,100 גרם,false,1,5.50,2.20,false,1,
7290014759084,false,גבינת שמנת נפוליאון 16% מופחת שומן תנובה 225 גרם,תנובה מרכז שיתופי לש,,,יח`,2.25,100 גרם,false,1,13.90,6.18,false,1,
7290014759237,false,כד יוגורט תנובה 6.5% שומן 3 ליטר,תנובה - חלב,,,יח`,3,1 ליטר,false,1,29.90,9.97,false,1,
7290014759909,false,פטה עיזים 5% 250 גר`גביע פיראוס תנובה,"תנובה, מחלבת טנא נוג",,,יח`,2.50,100 גרם,false,1,28.50,11.40,false,1,
7290014759992,false,פלח רוקפור גליל 26% 140 גר`קולקשיין תנו,"תנובה, מחלבת תל יוסף",,,יח`,2,100 גרם,false,1,18.90,9.45,false,1,
7290014760134,false,"מעדן סויה בטעם וניל תנובה 125 מ""ל",תנובה Alternative,,,יח`,1.25,100 גרם,false,1,4.20,3.36,false,1,
7290014760141,false,משקה שקדים טרי תנובה (1 ליטר),"תנובה בע""מ ***",,,יח`,10,"100 מ""ל",false,1,11.90,1.19,false,1,
7290014760448,false,גבינה צהובה גלבוע 400 גרם 22% שומן תנובה,מחלבת בית יצחק,,,יח`,4,100 גרם,false,1,22.90,5.73,false,1,
7290014760912,false,גבינה צהובה 28% מהדרין גוש חלב (400 גרם),תנובה מרכז שיתופי לש,,,יח`,4,100 גרם,false,1,25.90,6.48,false,1,
7290014761018,false,גיל בטעם וניל תנובה 125 גרם,תנובה מרכז שיתופי לש,,,יח`,1.25,"100 מ""ל",false,1,1.60,1.28,false,1,
7290014761056,false,מעדן שוקולד חלב יולו תנובה 123 גרם,מיוצר עי קונדיטוריית,,,יח`,1.23,"100 מ""ל",false,1,4.50,3.66,false,1,
7290014761063,false,מעדן שוקולד מריר יולו תנובה 123 גרם,מיוצר עי קונדיטוריית,,,יח`,1.23,"100 מ""ל",false,1,4.50,3.66,false,1,
7290014761070,false,מעדן שוקולד לבן יולו תנובה 123 גרם,מיוצר עי קונדיטוריית,,,יח`,1.23,"100 מ""ל",false,1,4.50,3.66,false,1,
7290014761193,false,יוגורט עם פירות יער 1.5% שומן 125 ג' פרילי,תנובה מרכז שיתופי לש,,,יח`,1.25,"100 מ""ל",false,1,3.50,2.80,false,1,
7290014761414,false,יולו מעדן שכבות שוקולד חלב ולבן 123 גר,מיוצר עי קונדיטוריית,,,יח`,1.23,"100 מ""ל",false,1,4.50,3.66,false,1,
7290014761612,false,מעדן שכבות שוקולד מריר ולבן יולו 122 גרם,מיוצר עי קונדיטוריית,,,יח`,1.23,"100 מ""ל",false,1,4.50,3.66,false,1,
7290014762756,false,גבינת שמנת נפוליאון 16% עם בצל תנובה 225 גרם,תנובה - חלב,,,יח`,2.25,100 גרם,false,1,13.90,6.18,false,1,
7290014762800,false,מעדן סויה שוקולד גביע 125 גרם אלטרנטיב,תנובה מרכז שיתופי לש,,,יח`,1.25,100 גרם,false,1,4.20,3.36,false,1,
7290014762831,false,גבינת שמנת נפוליאון 16% עם פלפל חלפיניו תנובה 225 גרם,תנובה מרכז שיתופי לש,,,יח`,2.25,100 גרם,false,1,13.90,6.18,false,1,
7290014762909,false,פתיתי מוצרלה השף הלבן 10% תוספת מתנה,"תנובה, מחלבת תל יוסף",,,יח`,2,100 גרם,false,1,15.90,7.95,false,1,
7290014763098,false,קרם גבינת שמנת 5% עם פלפל שום ובצל 200 ג' תנובה,תנובה - חלב,,,יח`,2,100 גרם,false,1,11.50,5.75,false,1,
7290014763272,false,יוגורט סויה BIO לשתיה תות ובננה אלטרנטיב,תות תעשיות מזון (201,,,יח`,2.50,100 גרם,false,1,5.80,2.32,false,1,
7290014763395,false,גבינה צהובה עמק פרוס 28% 600 גרם מהדרין,תנובה מרכז שיתופי לש,,,יח`,6,100 גרם,false,1,29.90,4.98,false,1,
7290014763418,false,"כד יוגרט תנובה 4% שומן 1.5 ליטר, מהדרין",תנובה מרכז שיתופי לש,,,יח`,1.50,1 ליטר,false,1,16.50,11,false,1,
7290014785007,false,גרגרי טפיוקה קטנים 400 גר`טעמי אסיה,טחנת האבן קואופ בעמ,,,יח`,4,100 גרם,false,1,8.90,2.23,false,1,
7290014785076,false,"קרם קוקוס ללא תוספות חומר משמר 400 מ""ל",טחנת האבן קואופ בעמ,,,יח`,4,"100 מ""ל",false,1,10.90,2.73,false,1,
7290014785564,false,אטריות אודון מוכנות 200 גר`,קינגדאן פרימה פודס ק,,,יח`,2,100 גרם,false,1,4.90,2.45,true,1,
7290014785571,false,"אטריות מוכנות מתאים להקפצה, מרקים ומנות קרות",טחנת האבן קואופ בעמ,,,יח`,2,100 גרם,false,1,4.90,2.45,true,1,
7290014785991,false,רוטב סויה ללא גולטן 500 מל טעמי אסיה,טחנת האבן קואופ בעמ,,,יח`,5,"100 מ""ל",false,1,13.90,2.78,false,1,
7290014791336,false,מי מינרלים בודד ליטר,יפאורה שותפות מוגבלת לשיווק,,,יח`,10,"100 מ""ל",false,1,3.90,0.36,false,1,
7290014855434,false,מגבונים בייביסיטר פרפורמנס מבושם רביעיה,בייביסיטר Babysitter,,,יח`,1,,false,1,17.90,17.90,true,1,
7290014855458,false,מגבוני בייביסיטר פרפורמנס ללא בישום מארז 72X4יח',בייביסיטר Babysitter,,,יח`,1,,false,1,17.90,17.90,true,1,
7290014901247,false,"שמפו קרטין לאחר החלקה ועיצוב בחום סטייל 750 מ""ל",א.ל. ארמן ייצור תמרו,,,יח`,7.50,"100 מ""ל",false,1,24.90,3.32,false,1,
7290014901261,false,"מסכה קרטין לאחר החלקה ועיצוב בחום סטייל 500 מ""ל",א.ל ארמן ייצור תמרוק,,,יח`,5,"100 מ""ל",false,1,27.90,5.58,false,1,
7290014901308,false,משחת שיניים לשיניים רגישות Complete protection,"סמית קליין ביצ'ם בע""",,,יח`,0.75,100 גרם,false,1,23.90,31.87,true,1,
7290014901896,false,"מי פה סנסודיין מנטה מרענן 500 מ""ל",גלקסוסמיתקליין,,,יח`,5,"100 מ""ל",false,1,25.90,5.18,true,1,
7290014905207,false,"הג'ל הכחול לניקוי האסלה יעקבי 750 מ""ל",יעקב יעקבי ובניו בעמ,,,יח`,7.50,"100 מ""ל",false,1,9.90,1.32,false,1,
7290014905498,false,הפי מטליות דו צדדיות בגליל 20 מטליות,"יעקב יעקבי ובניו בע""מ",,,יח`,1,,false,1,11.90,11.90,false,1,
7290014905733,false,נוזל לניקוי חלונות הפי (750 מל),"יעקב יעקבי ובניו בע""מ",,,יח`,7.50,"100 מ""ל",false,1,9.90,1.32,false,1,
7290014910379,false,"מלפפונים במלח 690 גרם ""לינה""",יוניקורן פיקלס,,,יח`,6.90,100 גרם,false,1,9.90,1.43,false,1,
7290014910386,false,"קורנישונים במלח 690 גרם ""לינה""",יוניקורן פיקלס,,,יח`,6.90,100 גרם,false,1,9.90,1.43,false,1,
7290014910461,false,"ערק יודה 700 מ""ל כשל",בני בהיג'\ קעואר לתעשייה,,,יח`,7,"100 מ""ל",false,1,54.90,7.80,false,1,
7290014940901,false,לחם פשוט מלא לילדים פרוס אנג`ל (750 גרם),מאפיית שלמה א. אנג'\ל בע,,,יח`,5,100 גרם,false,1,14.50,2.90,false,1,
7290015037273,false,פטרוזיליה אוצר הארץ - מהדרין,יעל ירק עלים לשיווק בעמ,,,יח`,1,,false,1,6.40,6.40,false,1,
7290015037280,false,כוסברה אוצר הארץ - מהדרין,יעל ירק עלים לשיווק בעמ,,,יח`,1,,false,1,6.40,6.40,false,1,
7290015037297,false,שמיר אוצר הארץ - מהדרין,יעל ירק עלים לשיווק בעמ,,,יח`,1,,false,1,6.40,6.40,false,1,
7290015037396,false,נענע אוצר הארץ - מהדרין,"בכורי השדה צפון1994 ג.ד. בע""מ",,,יח`,1,,false,1,6.40,6.40,false,1,
7290015037402,false,‏בצל ירוק שקית - אוצר הארץ,"בכורי השדה צפון1994 ג.ד. בע""מ",,,יח`,1,,false,1,7.40,7.40,false,1,
7290015037419,false,סלרי אמריקאי אוצר הארץ,"בכורי השדה צפון1994 ג.ד. בע""מ",,,יח`,1,,false,1,7.40,7.40,false,1,
7290015037426,false,‏עלי סלק שקית - אוצר הארץ,"בכורי השדה צפון1994 ג.ד. בע""מ",,,יח`,1,,false,1,7.40,7.40,false,1,
7290015037433,false,חסה ערבית אוצר הארץ יחיד,"בכורי השדה צפון1994 ג.ד. בע""מ",,,יח`,1,,false,1,7.40,7.40,false,1,
7290015037440,false,"כרוב לבן שלם 1 ק""ג -א. הארץ",יעל ירק עלים לשיווק בעמ,,,"ק""ג",0,"ק""ג",true,1,14.90,14.90,false,1,
7290015037693,false,לבבות חסה חלסלאט אוצר הארץ,"בכורי השדה צפון1994 ג.ד. בע""מ",,,יח`,1,,false,1,12.90,12.90,false,1,
7290015039253,false,עלי גפן במי מלח ויליפוד 620 גרם,ג. וילי-פוד אינטרנשיונל בע`מ,,,יח`,6.20,100 גרם,false,1,8.90,1.44,false,1,
7290015039338,false,נתחי טונה במי מלח רביעיה * 160 ג' וילי פוד,ג.וילי-פוד אינטרנשיונל בעמ,,,יח`,6.40,100 גרם,false,1,21.90,3.42,true,1,
7290015039499,false,ויליפוד עוגיות חמאה איטלקיות מובחרות 1ק,ג.וילי-פוד אינטרנשיונל בעמ,,,יח`,1,"ק""ג",false,1,11.90,11.90,false,1,
7290015129121,false,אטריות גל קונג`אק נודלס ללא גלוטן סקיני,הוויזאי וואנגייה פוד,,,יח`,2.70,100 גרם,false,1,9.90,3.67,false,1,
7290015129145,false,אטריות קונג'אק בתוספת טפיוקה בצורת ספגטי,הוויזאי וואנגייה פוד,,,יח`,2.70,100 גרם,false,1,9.90,3.67,false,1,
7290015129251,false,איטריות גל קונג`אק בצורת פסטה פטוצ`יני ס,אף.סי תבליני בגליל ב,,,יח`,2.70,100 גרם,false,1,9.90,3.67,false,1,
7290015150088,false,מחית עגבניות קלה גרנד איטליה 700 גרם,תה ויסוצקי (ישראל) בעמ,,,יח`,7,100 גרם,false,1,13.90,1.99,true,1,
7290015150118,false,שלישיית עגבניות חתוכות דק גרנד איטליה 400 גרם,תה ויסוצקי (ישראל) בעמ,,,יח`,1.20,"ק""ג",false,1,16.90,14.08,false,1,
7290015150361,false,תה ירוק נענע בתוספת סטיביה ויסוצקי (25),תה ויסוצקי (ישראל) בעמ,,,יח`,0.6880,100 גרם,false,1,24.90,36.19,true,1,
7290015150590,false,תה ירוק ג'ינג'ר חריף ויסוצקי 25 יחידות,תה ויסוצקי (ישראל) בעמ,,,יח`,0.50,100 גרם,false,1,24.90,49.80,true,1,
7290015155823,false,מחית תפוחי עץ חטיפטף ללא תוספת סוכר,גורי מוצרי צריכה (1991) בעמ,,,יח`,1.20,100 גרם,false,1,5.90,4.92,true,1,
7290015155830,false,מחית תפוחי עץ ובננה חטיפטף ללא תוספת סוכר,גורי מוצרי צריכה (1991) בעמ,,,יח`,1.20,100 גרם,false,1,5.90,4.92,true,1,
7290015155847,false,מחית סלט פירות חטיפטף ללא תוספת סוכר,גורי מוצרי צריכה (1991) בעמ,,,יח`,1.20,100 גרם,false,1,5.90,4.92,true,1,
7290015156776,false,מחית פירות טרופיים חטיפטף ללא תוספת סוכר,גורי מוצרי צריכה (1991) בעמ,,,יח`,1.20,100 גרם,false,1,5.90,4.92,true,1,
7290015156790,false,מחית לפתן פירות חטיפטף ללא תוספת סוכר,גורי מוצרי צריכה (1991) בעמ,,,יח`,1.20,100 גרם,false,1,5.90,4.92,true,1,
7290015156813,false,מחית פרינוק פאוץ' פירות מעורבים 120 גרם,גורי מוצרי צריכה (1991) בעמ,,,יח`,1.20,100 גרם,false,1,5.90,4.92,true,1,
7290015251204,false,"נובו שלישיית סבון ידיים ורוד 500מ""ל",סאסאטק אגשח בעמ,,,יח`,1.50,1 ליטר,false,1,10.90,7.27,false,1,
7290015253314,false,פחם 4 קג פרימיום למעשנה וגריל.,פחם קוואנגו סחר בעמ,,,יח`,40,100 גרם,false,1,24.90,0.62,false,1,
7290015282000,false,איקרא אדומה SEVEN SEAS 200 גרם,שבעת הימים - שמיר,,,יח`,2,100 גרם,false,1,12.90,6.45,false,1,
7290015282024,false,איקרא לבנה SEVEN SEAS 200 גרם,"סלטי שמיר 2006 בע""מ",,,יח`,2,100 גרם,false,1,12.90,6.45,false,1,
7290015282581,false,חומוס אבו גוש עם חריף שמיר 200 גרם,"סלטי שמיר 2006 בע""מ",,,יח`,2,100 גרם,false,1,9.90,4.95,true,1,
7290015282604,false,טחינה מיוחדת גורמה שמיר 200 גרם,"סלטי שמיר 2006 בע""מ",,,יח`,2,100 גרם,false,1,9.90,4.95,true,1,
7290015282628,false,חציל בטעם כבד גורמה שמיר 200 גרם,"סלטי שמיר 2006 בע""מ",,,יח`,2,100 גרם,false,1,11.90,5.95,true,1,
7290015282635,false,חומוס מסבחה גורמה שמיר 200 גרם,"סלטי שמיר 2006 בע""מ",,,יח`,2,100 גרם,false,1,9.90,4.95,true,1,
7290015282673,false,חציל במיונז ביתי גורמה שמיר 200 גרם,"סלטי שמיר 2006 בע""מ",,,יח`,2,100 גרם,false,1,9.90,4.95,true,1,
7290015282697,false,כרוב אדום שמיר גורמה 200גר,"סלטי שמיר 2006 בע""מ",,,יח`,2,100 גרם,false,1,9.90,4.95,true,1,
7290015282741,false,חציל תאילנדי אסלי שמיר 200 ג',"סלטי שמיר 2006 בע""מ",,,יח`,2,100 גרם,false,1,11.90,5.95,true,1,
7290015282796,false,"סלט תפו""א שמיר במיונז 200ג'","סלטי שמיר 2006 בע""מ",,,יח`,2,100 גרם,false,1,11.90,5.95,true,1,
7290015320009,false,שלישיית שוקולד מריר השקדיה 100 גרם,דין שיווק וקליה 2021 בעמ,,,יח`,3,100 גרם,false,1,8.90,2.97,false,1,
7290015320481,false,שוקולד מריר 60% קקאו שגוטן 100 גרם,יעד ממתקים בעמ,,,יח`,1,,false,1,3.90,3.90,true,1,
7290015324007,false,פלפל שחור גרוס 80 גר' טעם וריח,"תבליני טעם וריח בע""מ",,,יח`,0.80,100 גרם,false,1,9.90,12.38,false,1,
7290015324014,false,"פלפל שחור טחון בשקית 80 גרם ""טעם וריח""","תבליני טעם וריח בע""מ",,,יח`,0.80,100 גרם,false,1,9.90,12.38,false,1,
7290015324045,false,תבלין פפריקה חריפה 80 גר' שק',"תבליני טעם וריח בע""מ",,,יח`,0.80,100 גרם,false,1,5.90,7.38,false,1,
7290015324052,false,פפריקה מתוקה 80 גר' טעם וריח,"תבליני טעם וריח בע""מ",,,יח`,0.80,100 גרם,false,1,5.90,7.38,false,1,
7290015324069,false,גריל עוף 80 גר' טעם וריח,"תבליני טעם וריח בע""מ",,,יח`,0.80,100 גרם,false,1,5.90,7.38,false,1,
7290015324076,false,זעתר מעורב 80 גר' טעם וריח,"תבליני טעם וריח בע""מ",,,יח`,0.80,100 גרם,false,1,5.90,7.38,false,1,
7290015324083,false,מלח לימון 80 גר' טעם וריח,"תבליני טעם וריח בע""מ",,,יח`,0.80,100 גרם,false,1,5.90,7.38,false,1,
7290015324090,false,כמון טחון 80 גר' טעם וריח,"תבליני טעם וריח בע""מ",,,יח`,0.80,100 גרם,false,1,5.90,7.38,false,1,
7290015324106,false,כורכום טחון 80 גר' טעם וריח,"תבליני טעם וריח בע""מ",,,יח`,0.80,100 גרם,false,1,5.90,7.38,false,1,
7290015324120,false,שום גבישי 80 גר' טעם וריח,"תבליני טעם וריח בע""מ",,,יח`,0.80,100 גרם,false,1,6.90,8.63,false,1,
7290015324151,false,חוואיג' למרק 80 גר' טעם וריח,"תבליני טעם וריח בע""מ",,,יח`,0.80,100 גרם,false,1,6.90,8.63,false,1,
7290015324175,false,תיבול לשווארמה 80 גר' טעם וריח,"תבליני טעם וריח בע""מ",,,יח`,0.80,100 גרם,false,1,5.90,7.38,false,1,
7290015324526,false,תערובת תיבול לפרגיות 80 גרם,"תבליני טעם וריח בע""מ",,,יח`,0.80,100 גרם,false,1,5.90,7.38,false,1,
7290015324533,false,רוזמרין מיכל גדול 55 גרם,"תבליני טעם וריח בע""מ",,,יח`,0.55,100 גרם,false,1,9.90,18,true,1,
7290015324540,false,טימין מיכל גדול 30 גרם,"תבליני טעם וריח בע""מ",,,יח`,0.30,100 גרם,false,1,9.90,33,true,1,
7290015324571,false,פפריקה מתוקה בשמן בסגנון מרוקאי 400גרם.,"תבליני טעם וריח בע""\מ",,,יח`,4,100 גרם,false,1,19.90,4.98,false,1,
7290015324717,false,"מחית שום `טעם וריח, 210 גרם",ליני קאטייאמה פודסטאפס ב,,,יח`,2.10,100 גרם,false,1,13.90,6.62,true,1,
7290015325752,false,מגבונים אסותא רביעייה לתינוק,עיסא ערטול בעמ-סוכן הנקל סוד,,,יח`,1,,false,1,15.90,15.90,false,1,
7290015347273,false,נטיפי שוקולד לאפייה שוקולדמריר 250גר,מיה תעשיות מזון מ.ת.מ. בעמ,,,יח`,2.50,100 גרם,false,1,9.90,3.96,false,1,
7290015347358,false,סודה לשתיה בקרטונית מיה 50 גרם,מיה תעשיות מזון מ.ת.מ. בעמ,,,יח`,0.50,100 גרם,false,1,2.90,5.80,false,1,
7290015347488,false,"סוכר דמררה חום שקית מיה 1 ק""ג",מיה תעשיות מזון מ.ת.מ. בעמ,,,יח`,1,"ק""ג",false,1,11.90,11.90,false,1,
7290015350150,false,יין אדום חצי יבש של סגל (750 מל),"כרמי צבי - אחים סגל בע""\",,,יח`,7.50,"100 מ""ל",false,1,21.90,2.88,true,1,
7290015350242,false,שטוק 84 משקה כוהלי על בסיס ברנדי בטעם דבש,טמפו משקאות בעמ,,,יח`,7.50,"100 מ""ל",false,1,69.90,9.28,false,1,
7290015366663,false,"משחת שיניים מנטה עדין אקווה פרש 100 מ""ל",גלקסוסמיתקליין,,,יח`,1,100 גרם,false,1,6.90,6.90,true,1,
7290015366670,false,משחת שיניים בטעם מנטה אקוהפרש (100 מל),גלקסוסמיתקליין,,,יח`,1,"100 מ""ל",false,1,6.90,6.90,true,1,
7290015395045,false,"קינואה בשקית שקדיה 400 גרם בד""ץ",דין שיווק וקליה 2021 בעמ,,,יח`,4,100 גרם,false,1,14.90,3.73,true,1,
7290015437585,false,מוזלי קראנצי בתוספת צימוק ושוקולד 600 גרם,תומר ייבוא ושיווק מוצרי מזון [,,,יח`,6,100 גרם,false,1,12.90,2.15,false,1,
7290015470094,false,טבלאות שוקולד טוסו מר`שוקולד תפוז 100ג,דנשר (1963) בעמ,,,יח`,1,100 גרם,false,1,12.90,12.90,true,1,
7290015597548,false,קרמיסימו בננה שוקולד צ`יפ,"גלידת שטראוס בע""\מ",,,יח`,133,1 ליטר,false,1,19.90,0.15,true,1,
7290015597555,false,קרמיסימו וניל פירות טרופיים סולרו,גלידות שטראוס בעמ,,,יח`,133,1 ליטר,false,1,19.90,0.15,false,1,
7290015597937,false,קורנטו קלאסיק וניל עם צימוקים,"מיוצר ע""\י גלידת שטראוס",,,יח`,1,,false,1,6.60,6.60,true,1,
7290015652070,false,קשוי קלוי בשקית ששון הקולה 150 גרם,דין שיווק וקליה 2021 בעמ,,,יח`,1.50,100 גרם,false,1,12.90,8.60,true,1,
7290015652087,false,תערובת פיצוחים בשקית ששון הקולה 150 גרם,דין שיווק וקליה 2021 בעמ,,,יח`,1.50,100 גרם,false,1,12.90,8.60,true,1,
7290015652124,false,"רוטב סריראציה חריף מאוד 450 מ""ל אהרוני",דין שיווק וקליה 2021 בעמ,,,יח`,4.50,100 גרם,false,1,19.90,4.42,true,1,
7290015652278,false,תערובת פיצוחים 250 גרם ששון הקולה,דין שיווק וקליה 2021 בעמ,,,יח`,2.50,100 גרם,false,1,20,8,false,1,
7290015652285,false,אגוזים קלופים ששון הקולה 250 גרם,דין שיווק וקליה 2021 בעמ,,,יח`,2.50,100 גרם,false,1,20,8,false,1,
7290015652292,false,קבוקים עם שומשום ששון הקולה 400 גרם,דין שיווק וקליה 2021 בעמ,,,יח`,4,100 גרם,false,1,10,2.50,false,1,
7290015652308,false,מנצ'ס ששון הקולה 400 גרם,דין שיווק וקליה 2021 בעמ,,,יח`,3,100 גרם,false,1,10,3.33,false,1,
7290015652322,false,בוטנים אמריקאיים מצופים 400 גר ששון הקלה,דין שיווק וקליה 2021 בעמ,,,יח`,4,100 גרם,false,1,10,2.50,false,1,
7290015652407,false,פיסטוק קלוי ששון הקולה (250 גרם),דין שיווק וקליה 2021 בעמ,,,יח`,2.50,100 גרם,false,1,20,8,false,1,
7290015733205,false,תרכובת מזון לתינוקות חלבי שלב 1 אקסטרה קר מהדרין,קבוצת אוסם סחר שותפות מוגבלת,,,יח`,7,100 גרם,false,1,59.90,8.56,true,1,
7290015733229,false,תרכובת מזון לתינוקות חלבי שלב 2 אקסטרה קר מהדרין,קבוצת אוסם סחר שותפות מוגבלת,,,יח`,7,100 גרם,false,1,59.90,8.56,true,1,
7290015733427,false,מטרנה דייסת גם וגם וניל פרו12*300ג 2019,קבוצת אוסם סחר שותפות מוגבלת,,,יח`,3,100 גרם,false,1,18.90,6.30,true,1,
7290015733441,false,מטרנה דייסת גם וגם דגנים פרו 300 גר`,קבוצת אוסם סחר שותפות מוגבלת,,,יח`,3,100 גרם,false,1,18.90,6.30,true,1,
7290015733465,false,דייסת מטרנה גם וגם קרנפלור פרו 300 גרם,קבוצת אוסם סחר שותפות מוגבלת,,,יח`,3,100 גרם,false,1,18.90,6.30,true,1,
7290015781008,false,"יין VISION מרלו אדום טפרברג 750 מ""ל",יקב טפרברג 1870 בעמ (יינות ומש,,,יח`,7.50,"100 מ""ל",false,1,39.90,5.28,true,1,
7290015781015,false,יין אדום מלבק ויז`יון טפרברג (750 מל),יקב טפרברג 1870 בעמ (יינות ומש,,,יח`,7.50,"100 מ""ל",false,1,39.90,5.28,true,1,
7290015781091,false,"יין VISION קברנה סוביניון טפרברג 750 מ""ל",יקב טפרברג 1870 בעמ (יינות ומש,,,יח`,7.50,"100 מ""ל",false,1,39.90,5.28,true,1,
7290015781114,false,יין אדום אימפרשיין מרלו טפרברג (750 מל),יקב טפרברג 1870 בעמ (יינות ומש,,,יח`,7.50,"100 מ""ל",false,1,49.90,6.61,true,1,
7290015781152,false,רוזה אימפרשון יקב טפרברג (750 מל),יקב טפרברג 1870 בעמ (יינות ומש,,,יח`,7.50,"100 מ""ל",false,1,49.90,6.61,true,1,
7290015781275,false,יין לבן מוסקטו מתוק טפרברג (750 מל),יקב טפרברג 1870 בעמ (יינות ומש,,,יח`,7.50,"100 מ""ל",false,1,39.90,5.28,true,1,
7290015781282,false,"יין IMPRESSION גוורצטרמינר טפרברג 750 מ""ל",יקב טפרברג 1870 בעמ (יינות ומש,,,יח`,7.50,"100 מ""ל",false,1,49.90,6.61,true,1,
7290015855013,false,פלפלונים -טינקרבל א.אדמה,א.אדמה (2007) בעמ,,,יח`,1,,false,1,9.90,9.90,false,1,
7290015855037,false,פלפל צ`ילי בשקית,א.אדמה (2007) בעמ,,,יח`,1,,false,1,9.90,9.90,false,1,
7290015855112,false,חמציץ - ארוז,א.אדמה (2007) בעמ,,,יח`,1,,false,1,8.90,8.90,false,1,
7290015855143,false,שיני שום קלופות בנספ,א.אדמה (2007) בעמ,,,יח`,1.70,100 גרם,false,1,12.90,7.59,false,1,
7290015855181,false,גינג`ר יחידה טרי,א.אדמה (2007) בעמ,,,יח`,1,,false,1,8.90,8.90,false,1,
7290015855228,false,אספרגוס א.אדמה,א.אדמה (2007) בעמ,,,יח`,1,,false,1,29.90,29.90,false,1,
7290015855273,false,בזיליקום מארז גדול א.אדמה,א.אדמה (2007) בעמ,,,יח`,1,,false,1,9.90,9.90,false,1,
7290015855495,false,חסה לאליק כ 150 גר,א.אדמה (2007) בעמ,,,יח`,1.50,100 גרם,false,1,12.90,8.60,false,1,
7290015855938,false,עלי בייבי 250 גרם ארוז א.אדמה,א.אדמה (2007) בעמ,,,יח`,2.50,100 גרם,false,1,14.90,5.96,false,1,
7290015855990,false,לקט ירקות למרק טרי,א.אדמה (2007) בעמ,,,יח`,1,,false,1,14.90,14.90,false,1,
7290015858106,false,"ממרח פסטו ביתי 180 גרם ""עללחם""",שטראוס גרופ בעמ/מצונן,,,יח`,1.80,100 גרם,false,1,16.90,9.39,false,1,
7290015858113,false,"ממרח עגבניות מיובשות 180 גרם ""טריטרי""",שטראוס גרופ בעמ/מצונן,,,יח`,1.80,100 גרם,false,1,16.90,9.39,false,1,
7290015858175,false,ממרח פלפלים קלויים 180 גרם עללחם,"מדשא תעשיות מזון בע""\מ",,,יח`,1.80,100 גרם,false,1,16.90,9.39,false,1,
7290015858243,false,ממרח צימיצורי עללחם 180 גרם,שטראוס גרופ בעמ/מצונן,,,יח`,1.80,100 גרם,false,1,16.90,9.39,false,1,
7290015858328,false,עללחם ממרח איולי פסטו 295 גרם,"מדשא תעשיות מזון בע""\מ",,,יח`,2.95,100 גרם,false,1,12.90,4.37,false,1,
7290015858427,false,שלישיית ממרחים שמאפשרת לגוון עללחם 240 גרם,שטראוס גרופ בעמ/מצונן,,,יח`,2.40,100 גרם,false,1,23.90,9.96,false,1,
7290015858441,false,עללחם ממרח איולי פלפלים 295 גרם,"מדשא תעשיות מזון בע""\מ",,,יח`,2.95,100 גרם,false,1,12.90,4.37,false,1,
7290015865692,false,ענבי ציון תענוג פרי תות שדה 400 גר`,אבאל יזמות בעמ,,,יח`,4,100 גרם,false,1,16.90,4.23,false,1,
7290015865722,false,ענבי ציון קונפיטורה לייט תות שדה 400 גר`,אבאל יזמות בעמ,,,יח`,4,100 גרם,false,1,19.90,4.98,false,1,
7290015872096,false,חומוס אסלי שמיר 700 גרם,"סלטי שמיר 2006 בע""מ",,,יח`,7,100 גרם,false,1,9.90,1.41,false,1,
7290015888110,false,קינואה לבנה 1 קג שוקחה,בני ג`ורג` שוקחה (חיפה) בעמ,,,יח`,1,"ק""ג",false,1,23.90,23.90,true,1,
7290015888196,false,שמן חמניות 1 ליטר שוקחה,בני ג`ורג` שוקחה (חיפה) בעמ,,,יח`,10,"100 מ""ל",false,1,12.90,1.29,true,1,
7290015888301,false,שמן חמניות 3 ליטר שוקחה,בני ג`ורג` שוקחה (חיפה) בעמ,,,יח`,30,"100 מ""ל",false,1,36.90,1.23,true,1,
7290015888325,false,חומוס ענק 1 קג` שוקחה,בני ג`ורג` שוקחה (חיפה) בעמ,,,יח`,1,"ק""ג",false,1,15.90,15.90,true,1,
7290015951869,false,"יין הר חרמון רוזה 750 מ""ל",מיוצר וממולא על ידי יקב,,,יח`,7.50,"100 מ""ל",false,1,35.90,4.75,true,1,
7290015968102,false,קיסמי שיניים רפויים עם חוט דנטאלי 100 יחידות,אינטרסן (1996) בעמ,,,יח`,1,,false,1,14.90,14.90,true,1,
7290015968140,false,אטב אחיזה רחבה בעיצוב איטלקי הוסטס 36 יח,אינטרסן (1996) בעמ,,,יח`,1,,false,1,15.90,15.90,true,1,
7290015968331,false,נורת לד w6 אור לבן אינטרסן,אינטרסן 1996 בעמ,,,יח`,1,,false,1,14.90,14.90,true,1,
7290015968782,false,פדים להסרת איפור במארז 80X3 יח',אינטרסן (1996) בעמ,,,יח`,1,,false,1,19.90,19.90,true,1,
7290015996761,false,סוכרזית סוכרלוז 75 טב`,שטראוס גרופ בעמ,,,יח`,0.31,100 גרם,false,1,12.90,41.61,false,1,
7290015996983,false,סוכרלוז סוכרזית 0 קלוריות 100 שקיות,"שטראוס גרופ בע""מ",,,יח`,1.30,100 גרם,false,1,25.90,19.92,false,1,
7290016006292,false,נקטר מנגו בננה מלון קרטונית 1 ל' ספרינג,יפאורה שותפות מובגלת לשיווק,,,יח`,1,1 ליטר,false,1,6.90,6.90,false,1,
7290016006339,false,מים מינרלים מי עדן (1x4 ליטר),יפאורה שותפות מוגבלת לשיווק,,,יח`,4,1 ליטר,false,1,10,2.20,false,1,
7290016006346,false,שוופס סודה 0.5 ליטר מארז שישייה,יפאורה שותפות מובגלת לשיווק,,,יח`,30,"100 מ""ל",false,1,13.90,0.40,false,1,
7290016077759,false,רוטב ברביקיו קלאסי היינץ 480 גרם,דיפלומט מפיצים (1968) בעמ**,,,יח`,4.80,100 גרם,false,1,16.90,3.52,false,1,
7290016083088,false,"מאפה זיווה כשל""פ 500 גרם",מאפיית אריאל בעמ,,,יח`,5,100 גרם,false,1,21.90,4.38,false,1,
7290016087222,false,פריניר רוטב עגבניות מרוכז לשקשוקה 230 גרם,פריניר ( הדס 1987) ב,,,יח`,2.30,100 גרם,false,1,5.50,2.39,true,1,
7290016087499,false,עגבניות חתוכות מארז 400X3ג' אריזות ירושלים,ח.כהן סוכנות מזון ומשקאות בע,,,יח`,1.20,"ק""ג",false,1,11.90,9.92,false,1,
7290016087574,false,פריניר זיתים חרוזית ירוק 390 גר,אבאל יזמות בעמ,,,יח`,3.90,100 גרם,false,1,6.50,1.67,false,1,
7290016087581,false,פריניר זיתים טבעות ירוק 390 גר`,אבאל יזמות בעמ,,,יח`,3.90,100 גרם,false,1,6.50,1.67,false,1,
7290016096491,false,נתחי טונה בהירה בשמן צמחי שלישיה *80ג' פילטונה,תעשיות פיל טונה בעמ,,,יח`,2.40,100 גרם,false,1,9.90,4.13,false,1,
7290016096934,false,מארז זוגות סלט טונה 2*160 ג' פילטונה,תעשיות פיל טונה בעמ,,,יח`,1,,false,1,11.90,11.90,false,1,
7290016136142,false,תערובת להכנת פנקייק ללא גלוטן 400 גר,"אשבל -מזון פונקציונלי בע""מ",,,יח`,4,100 גרם,false,1,21.90,5.48,false,1,
7290016136722,false,פתיתים פנה ללא גלוטן 340 גרם גי פרי,גורי מוצרי צריכה (1991) בעמ,,,יח`,3.40,100 גרם,false,1,13.90,4.09,true,1,
7290016150117,false,סלק אדום מקולף ומבושל500,ביג פוד כחול לבן בעמ*שיק 30 יו,,,יח`,1,,false,1,8.90,8.90,true,1,
7290016150711,false,נוזל קוקוס פחית 400 גר` AVEL,אבאל יזמות בעמ,,,יח`,4,100 גרם,false,1,5.90,1.48,true,1,
7290016188608,false,GIACOBAZZI למברוסקו לבן חצי יבש יקבי כרמל,פרוטרופיק סיה.,,,יח`,7.50,"100 מ""ל",false,1,26.90,3.55,true,1,
7290016197488,false,מטליות מיקרופייבר למשטחים ניקול 3יח',קימברלי קלארק ישראל שיווק בעמ,,,יח`,1,,false,1,15.90,15.90,true,1,
7290016197495,false,ניקול זוג מטליות הקסם מיקרופייבר לרצפה,קימברלי קלארק ישראל שיווק בעמ,,,יח`,1,,false,1,24.90,24.90,true,1,
7290016197877,false,שקיות אשפה לפחים בינוניים עם שרוך 50 * 53 ניקול 50 יחידות,קימברלי קלארק ישראל שיווק בעמ,,,יח`,1,,false,1,21.90,21.90,false,1,
7290016217971,false,נסיכת הנילוס מעושנת חדש 100 גרם,שבעת הימים - שמיר,,,יח`,1,100 גרם,false,1,21.90,21.90,false,1,
7290016246025,false,בארכה מיקס פינוקיות חלווה ללא סוכר 10*20ג,קבוצת אוסם סחר שותפות מוגבלת,,,יח`,2,100 גרם,false,1,11.90,5.95,false,1,
7290016267075,false,לחם מחמצת זתי קלמנטה/אגוזים בונז`ור,קבוצת אסם סחר שות. מוגבלת,,,יח`,4.80,100 גרם,false,1,16.90,3.52,false,1,
7290016267082,false,לחם מחמצת אגוזים אפוי קפוא 480 גר`בו,קבוצת אסם סחר שות. מוגבלת,,,יח`,4.80,100 גרם,false,1,16.90,3.52,false,1,
7290016273090,false,סוכריה על מקל בטעם תות בננה 31 גרם,אוריגינל גורמה,,,יח`,0.31,100 גרם,false,1,5,16.13,false,1,
7290016277470,false,שיבולת שועל דקה 350 גר',דין שיווק וקליה 2021 בעמ,,,יח`,3.50,100 גרם,false,1,3.90,1.11,true,1,
7290016277487,false,שיבולת שועל עבה 350 גר',דין שיווק וקליה 2021 בעמ,,,יח`,3.50,100 גרם,false,1,3.90,1.11,true,1,
7290016319194,false,טוסו מארז זוג עוגיות סנדוויץ ללא סוכר שוקו וניל 300 ג',דנשר (1963) בעמ,,,יח`,3,100 גרם,false,1,16.90,5.63,false,1,
7290016319309,false,סבון נוזלי מאסק קלאסי+משאבה פמלי 1 ל,הנסיך- מפעל לייצור ט,,,יח`,1,1 ליטר,false,1,14.90,14.90,true,1,
7290016320343,false,"דאק נוזל ג'ל לניקוי מתקדם בניחות לבנדר זוג * 750 מ""ל",אס. סי. ג'\ונסון מידרכט,,,יח`,1.50,1 ליטר,false,1,18.90,12.60,true,1,
7290016321661,false,פרש וואנס SENSITIVE מגבונים ללא בישום רביעייה 72 יחידות,עלבד משואות יצחק,,,יח`,1,,false,1,15.90,15.90,true,1,
7290016321678,false,מגבונים לחים בניחוח מרענן עם תמציות קמומיל ואלוורה,עלבד משואות יצחק,,,יח`,1,,false,1,15.90,15.90,true,1,
7290016321890,false,פרשוואנס נייר טואלט מתכלה למבוגרים -מארז שלישייה,עלבד משואות יצחק בעמ,,,יח`,1,,false,1,14.90,14.90,true,1,
7290016329278,false,קמיל בלו מגבונים מילוי 64 יח רביעייה,"פישר תעשיות פרמצביטות בע""מ",,,יח`,1,,false,1,19.90,19.90,true,1,
7290016334296,false,ברוקולי ארוז יחידה שמיטה,ביכורי השדה צפון 1994 ג.ד. בעמ,,,יח`,1,,false,1,9.90,9.90,false,1,
7290016372373,false,רסק עגבניות ללא תוספת סוכר ומלח - מארז זוג,תה ויסוצקי (ישראל) בעמ,,,יח`,2.80,100 גרם,false,1,8.90,3.18,false,1,
7290016387926,false,מפה נצמדת עם גומי היקפי 75*180,מ.א.ייצור ויבוא מטליות בעמ,,,יח`,1,,false,1,14.90,14.90,false,1,
7290016416992,false,עוגת דובוש בסקוויטים קפולסקי 400 גרם,תופינים מקבוצת קפולסקי,,,יח`,4,100 גרם,false,1,39.90,9.98,false,1,
7290016509342,false,סוד מארז טריו כדוריות לאסלה כחול אקטיבי אקונומיקה,גורי שיווק בעמ,,,יח`,1,,false,1,16.90,16.90,true,1,
7290016509786,false,פרסיל גל לכביסה לבנה וצבעונית-ירוק 2.5 ל,גורי שיווק בעמ,,,יח`,2.50,1 ליטר,false,1,34.90,13.96,true,1,
7290016509847,false,פרסיל ג'ל לכביסה כהה בלאק 2.5 ליטר,גורי שיווק בעמ,,,יח`,2.50,1 ליטר,false,1,34.90,13.96,true,1,
7290016564006,false,מבריקל הפלא ספוגיות להסרת כתמים קשים ושומנים 3יח,ח.כהן סוכנות מזון ומשקאות בע,,,יח`,1,,false,1,9.90,9.90,false,1,
7290016564075,false,מבריקל הפלא זוג מטליות מיקרופייבר לניקוי והברקה 30*30,אבאל יזמות בעמ,,,יח`,1,,false,1,9.90,9.90,true,1,
7290016564211,false,מארז 3 מטליות מייקרופבר למטבח מבריקל,אבאל יזמות בעמ,,,יח`,1,,false,1,11.90,11.90,true,1,
7290016564235,false,זוג מטליות מיקרופייבר לרצפה גדולות מבריק,אבאל יזמות בעמ,,,יח`,1,,false,1,17.90,17.90,false,1,
7290016564242,false,כריות יפניות מבריקל הפלא 4+2,אלבגינו שווק וסחר בעמ`,,,יח`,1,,false,1,9.90,9.90,false,1,
7290016564266,false,מבריקל הפלא כיסוי הפלא 3,ח.כהן סוכנות מזון ומשקאות בע,,,יח`,1,,false,1,9.90,9.90,false,1,
7290016564273,false,שלישיית סחבות לרצפה מבריקל,אבאל יזמות בעמ,,,יח`,1,,false,1,14.90,14.90,false,1,
7290016564280,false,כריות קרצוף מבריקל הפלא,אבאל יזמות בעמ,,,יח`,1,,false,1,7.90,7.90,true,1,
7290016564297,false,מארז זוג שקיות סנדוויץ 300 גר מבריקל,אבאל יזמות בעמ,,,יח`,1,,false,1,11.90,11.90,true,1,
7290016564303,false,מטליות מייקרופייבר מארז 5 יח` מבריקל,אבאל יזמות בעמ,,,יח`,1,,false,1,8.90,8.90,true,1,
7290016564310,false,ניילון נצמד זוגות 60 מטר מבריקל,אבאל יזמות בעמ,,,יח`,1,,false,1,9.90,9.90,true,1,
7290016564358,false,מבריק קל נוזל חלונות ריח בית מלון 750 גר,אבאל יזמות בעמ,,,יח`,7.50,"100 מ""ל",false,1,11.90,1.59,true,1,
7290016564402,false,מטליות מיקרופייבר מארז שמיניה מבריקל,אבאל יזמות בעמ,,,יח`,1,,false,1,9.90,9.90,false,1,
7290016564426,false,מבריקל שקיות אשפה ג`מבו XXL עם ידית 25,אבאל יזמות בעמ,,,יח`,1,,false,1,15.90,15.90,true,1,
7290016564433,false,מבריקל מארז רביעית כרית יפנית,אבאל יזמות בעמ,,,יח`,1,,false,1,9.90,9.90,true,1,
7290016564440,false,ספוגית הפלא גדול מארז שישייה מבריקל,אבאל יזמות בעמ,,,יח`,1,,false,1,8.90,8.90,true,1,
7290016584004,false,חטיפוני גזר 130 גרם,קונס`-מרינה פטריות הגליל בעמ*ש,,,יח`,1.30,100 גרם,false,1,6.90,5.31,false,1,
7290016584011,false,חטיפוני גזר 350 גרם גיזרונים,קונס`-מרינה פטריות הגליל בעמ*ש,,,יח`,1,,false,1,11.90,11.90,false,1,
7290016651492,false,אזיקונים צבעוניים,קונסיגנציה- ש. י גיספאן 1993,,,יח`,1,,false,1,9.90,9.90,false,1,
7290016682328,false,מיץ תפוזים 100% עשוי מרכז 2 ל' פריניב,תנובה - פריניב,,,יח`,2,1 ליטר,false,1,20.90,10.30,true,1,
7290016682373,false,משקה קל לימונדה בלאדי 2 ליטר פריניב,תנובה - פריניב,,,יח`,2,1 ליטר,false,1,19.90,9.80,false,1,
7290016682380,false,מיץ טבעי לימונדה ולואיזה פרי ניב 2 ליטר-,תנובה - פריניב,,,יח`,2,1 ליטר,false,1,19.90,9.80,false,1,
7290016682397,false,מיץ חמוציות פרי ניב 2 ליטר-,תנובה - פריניב,,,יח`,2,1 ליטר,false,1,19.90,9.80,true,1,
7290016717044,false,"יין מוסקטו סלקטד באז כרמל 750 מ""ל",אגודת הכורמים -כרמל מזרחי,,,יח`,7.50,"100 מ""ל",false,1,27.90,3.68,true,1,
7290016717099,false,"יין כרמל סלקטד אדום חצי יבש, 750 מ""ל",אגודת הכורמים בעמ,,,יח`,7.50,"100 מ""ל",false,1,29.90,3.95,true,1,
7290016717235,false,יין קונקורד אדום ממותק קינג דיוויד - בקבוק אישי,יקבי כרמל Carmel Winery,,,יח`,1.87,"100 מ""ל",false,1,5.90,2.99,false,1,
7290016717754,false,יין היובל ישן נושן יקבי כרמל (750 מל),אגודת הכורמים -כרמל מזרחי,,,יח`,7.50,"100 מ""ל",false,1,19.90,2.61,true,1,
7290016866643,false,פרודונטקס מ.שיניים אקסטרה פרש 75 מל,פרודונטקס Parodontax,,,יח`,0.75,"100 מ""ל",false,1,30.90,41.20,true,1,
7290016866650,false,"פרודונטקס - משחת שיניים אוריג'ינל 75 מ""ל",פרודונטקס Parodontax,,,יח`,0.75,"100 מ""ל",false,1,30.90,41.20,true,1,
7290016866674,false,"פרודונטקס - משחת שיניים מלבינה 75 מ""ל",פרודונטקס Parodontax,,,יח`,0.75,"100 מ""ל",false,1,30.90,41.20,true,1,
7290016866728,false,סטייל מסכה קרטין E 500 מל לשיקום שיער יב,גורי ע.ע.ע בעמ,,,יח`,5,"100 מ""ל",false,1,27.90,5.58,false,1,
7290016967074,false,לחם חיטה מלאה עם גרעינים ודגנים,מאפיית שלמה א. אנג'\ל בע,,,יח`,7.50,100 גרם,false,1,15.90,2.12,false,1,
7290016967456,false,לחם צרפתי מחמצת 100% כוסמין 600 ג' אנג'ל,"מאפיית אנג'\ל בעמ, מקבוצ",,,יח`,6,100 גרם,false,1,16.90,2.82,false,1,
7290017023229,false,רביעיית פחיות שוופס מוגז פירות תות ליים 330 מל.,יפאורה שותפות מוגבלת לשיווק,,,יח`,1.32,1 ליטר,false,1,12.90,8.86,false,1,
7290017023236,false,רביעיית פחיות שוופס מוגז פירות ענבים 330 מל.,יפאורה שותפות מוגבלת לשיווק,,,יח`,1.32,1 ליטר,false,1,12.90,8.86,false,1,
7290017023663,false,"שוופס מיץ פירות לימונייד פחית מארז 330X4מ""ל",יפאורה שותפות מוגבלת לשיווק,,,יח`,1.32,1 ליטר,false,1,12.90,8.86,false,1,
7290017023854,false,מי סודה בקבוקים אישיים - מארז 4 יח',יפאורה שותפות מוגבלת לשיווק,,,יח`,1,1 ליטר,false,1,13.90,13.90,true,1,
7290017023861,false,סודה בטעם לימון בקבוקים אישיים - מארז 4 יח',יפאורה שותפות מוגבלת לשיווק,,,יח`,1,1 ליטר,false,1,13.90,13.90,true,1,
7290017031705,false,משחת שיניים סנסודיין הגנה מלאה רגיל,גלקסוס סמית קליין,,,יח`,0.75,100 גרם,false,1,21.90,29.20,true,1,
7290017031859,false,"פרודונטקס - משחת שיניים אולטרא קלין 75 מ""ל","מאסטרפוד אוסטריה בע""מ",,,יח`,0.75,"100 מ""ל",false,1,30.90,41.20,true,1,
7290017040295,false,קורונפלקס כדורוני תירס בטעם שוקולד 375 ג,דין שיווק וקליה 2021 בעמ,,,יח`,3.75,100 גרם,false,1,9.90,2.64,false,1,
7290017040363,false,מארז דונאטס אוראו רביעייה,נטו מלינדה סחר בעמ,,,יח`,2.92,100 גרם,false,1,29.90,10.24,false,1,
7290017044019,false,מגבונים אסותא בדלי עיסא ערטול) (400,עיסא ערטול בעמ-סוכן הנקל סוד,,,יח`,1,,false,1,19.90,19.90,false,1,
7290017058689,false,זית שחור יבש 400 גר`תומר,תומר יבוא ושיווק מוצרי מזון (1,,,יח`,4,100 גרם,false,1,14.90,3.73,false,1,
7290017062686,false,מרכך כביסה מרוכז בייבי 1 ל`טאצ`.,סאסאטק אגשח בעמ,,,יח`,1,1 ליטר,false,1,10.90,10.90,false,1,
7290017062716,false,מרכך כביסה מרוכז ורוד 1 ל`טאצ`.,סאסאטק אגשח בעמ,,,יח`,1,1 ליטר,false,1,10.90,10.90,false,1,
7290017062747,false,נוזל כלים תפוח (36% 750 מל)+משאבה טאצ,סאסאטק אגשח בעמ,,,יח`,7.50,"100 מ""ל",false,1,9.90,1.32,false,1,
7290017062754,false,נוזל כלים לימון (36% 750 מל)+משאבה טא,סאסאטק אגשח בעמ,,,יח`,7.50,"100 מ""ל",false,1,9.90,1.32,false,1,
7290017065007,false,פרוסות גבינה מוצרלה חצי קשה 22% שומן 200 ג' גד,מחלבות גד שיווק 1992 בעמ,,,יח`,2,100 גרם,false,1,17.90,8.95,false,1,
7290017065137,false,ריקוטה למריחה 5% טבעית 200 גר`מחלבות גד,מחלבות גד שיווק 1992 בעמ,,,יח`,2,100 גרם,false,1,9.90,4.95,false,1,
7290017065144,false,ריקוטה למריחה בתוספת בזיליקום 5% גד 200 גם,מחלבות גד שיווק 1992 בעמ,,,יח`,2,100 גרם,false,1,9.90,4.95,false,1,
7290017065168,false,גבינה כחולה denish blue cheese 100 גרם,מחלבות גד שיווק 1992 בעמ,,,יח`,1,100 גרם,false,1,16.90,16.90,false,1,
7290017065212,false,גבינת קרם מסקרפונה מחלבות גד 250 גר,מחלבות גד שיווק 1992 בעמ,,,יח`,2.50,100 גרם,false,1,20.90,8.36,false,1,
7290017065236,false,גבינה בולגרית מעודנת 24% גד (250 גרם),מחלבות גד שיווק 1992 בעמ,,,יח`,2.50,100 גרם,false,1,23.90,9.56,false,1,
7290017065380,false,גבינת גרנה פדנו שבבים גד 100 גרם,מחלבות גד שיווק 1992 בעמ,,,יח`,1,100 גרם,false,1,14.90,14.90,false,1,
7290017065434,false,גבינה גאודה פרוסה הולנדית 200 גר',מחלבות גד שיווק 1992 בעמ,,,יח`,2,100 גרם,false,1,21.90,10.95,false,1,
7290017065441,false,גבינה גאודה עיזים פרוסה הולנדית 200 גר',מחלבות גד שיווק 1992 בעמ,,,יח`,2,100 גרם,false,1,34.90,17.45,false,1,
7290017065618,false,גבינת פקורינו פרוס גד 150 גרם,מחלבות גד שיווק 1992 בעמ,,,יח`,1.50,100 גרם,false,1,20.90,13.93,false,1,
7290017065731,false,גבינת שמנת 30% ניו יורק +כמהין 200 גרם רבנות,מחלבות גד שיווק 1992 בעמ,,,יח`,2,100 גרם,false,1,12.90,6.45,true,1,
7290017068374,false,שמרים יבשים בואקום מיה 500 גרם,מיה תעשיות מזון מ.ת.מ. בעמ,,,יח`,5,100 גרם,false,1,12.50,2.50,false,1,
7290017068978,false,שיבולת שועל מלאה להכנה מהירה 500 גר בזיפ,מיה תעשיות מזון מ.ת.מ. בעמ,,,יח`,5,100 גרם,false,1,9.90,1.98,false,1,
7290017068985,false,שיבולת שועל מלאה עבה 500 גר בזיפר מיה,מיה תעשיות מזון מ.ת.מ. בעמ,,,יח`,5,100 גרם,false,1,9.90,1.98,false,1,
7290017088082,false,בייביסיטר - חיתולי סטנדרט מידה 5 - 36 יח',די.פי.אל תעשיות מוצרים ח,,,יח`,1,,false,1,32.90,32.90,true,1,
7290017088099,false,בייביסיטר - חיתולי סטנדרט מידה 6 - 30 יח',די.פי.אל תעשיות מוצרים ח,,,יח`,1,,false,1,32.90,32.90,true,1,
7290017088327,false,רבעיית מגבונים בייביסיטר אקסטרא סופט ללא בישום 64 יחידות,די.פי.אל בעמ,,,יח`,1,,false,1,17.90,17.90,true,1,
7290017088815,false,בריז תחבושות לבריחת שתן נורמל 12 יח,שקד תבל בעמ,,,יח`,1,,false,1,18.90,18.90,false,1,
7290017088846,false,BREEZE תחבושות לבריחת שתן מקסי (8 יח'),שקד תבל בעמ,,,יח`,1,,false,1,18.90,18.90,false,1,
7290017094830,false,סלט גזר ברוטב פיקנטי אסלי שמיר 400 ג',"סלטי שמיר 2006 בע""מ",,,יח`,4,100 גרם,false,1,11.90,2.98,true,1,
7290017094847,false,סלט תפוחי אדמה אסלי שמיר 400 ג',"סלטי שמיר 2006 בע""מ",,,יח`,4,100 גרם,false,1,9.90,2.48,true,1,
7290017094854,false,סלט קולסלאו אסלי( 400 גר`)אסלי,"סלטי שמיר 2006 בע""מ",,,יח`,4,100 גרם,false,1,9.90,2.48,true,1,
7290017094861,false,חומוס עם רוטב מסבחה אסלי שמיר 400 ג',"סלטי שמיר 2006 בע""מ",,,יח`,4,100 גרם,false,1,9.90,2.48,true,1,
7290017105369,false,סירופ דיאט בטעם תה אפרסק יכין (1 ליטר),זנלכל בעמ,,,יח`,10,"100 מ""ל",false,1,16.90,1.69,false,1,
7290017105383,false,מארז גרעיני תירס קידס מתוק יכין,זנלכל בעמ,,,יח`,2,100 גרם,false,1,14.50,7.25,false,1,
7290017105468,false,מארז שלישייה אפונה קטנה יכין 3*200 גר,קשקמט קונסרב הונגריה,,,יח`,5.50,100 גרם,false,1,14.90,2.71,false,1,
7290017105550,false,רביעיית רסק עגבניות 100% יכין 4X100 גרם,היינץ צפון אמריקה מק,,,יח`,4,100 גרם,false,1,11.90,2.98,false,1,
7290017105895,false,גרגרי חומוס להכנת חומוס משובח יכין 560 ג,זנלכל בעמ,,,יח`,5.50,100 גרם,false,1,9.90,1.80,true,1,
7290017121048,false,"פלפל צ'ומה 250 גרם ""עללחם""",שטראוס גרופ בעמ/מצונן,,,יח`,2.50,100 גרם,false,1,13.90,5.56,false,1,
7290017121086,false,"אריסה ביתית מתוקה עללחם, 250 גרם",שטראוס גרופ בעמ/מצונן,,,יח`,2.50,100 גרם,false,1,13.90,5.56,false,1,
7290017121093,false,"אריסה חריפה 250 גרם ""עללחם""","מדשא תעשיות מזון בע""\מ",,,יח`,2.50,100 גרם,false,1,13.90,5.56,false,1,
7290017140063,false,קמח עדשים אדומות 500 גרם ללא גלוטן,גורי מוצרי צריכה (1991) בעמ,,,יח`,5,100 גרם,false,1,15.90,3.18,false,1,
7290017140308,false,קמח שקדים 250 גרם ללא גלוטן,גורי מוצרי צריכה (1991) בעמ,,,יח`,2.50,100 גרם,false,1,24.90,9.96,false,1,
7290017142005,false,"שמן קוקוס אורגני עץ הזית צנצנת 320מ""ל",סוגת תעשיות בעמ,,,יח`,3.20,"100 מ""ל",false,1,29.90,9.34,true,1,
7290017142012,false,שמן קוקוס אורגני כתית 500 מל עץ הזית,סוגת תעשיות בעמ,,,יח`,5,"100 מ""ל",false,1,39.90,7.98,true,1,
7290017142111,false,פתיתי טונה בשמן זית טו גו עץ הזית 85 גרם,"יוניקורד ח.צ בע""מ",,,יח`,0.85,100 גרם,false,1,9.90,11.65,true,1,
7290017142159,false,"שלישיית נתחי טונה בהירה בשמן זית 80 גרם ""עץ הזית""",הנסיך- מפעל לייצור ט,,,יח`,2.40,100 גרם,false,1,23.90,9.96,true,1,
7290017142203,false,"פילה טונה פרוס עם שמן זית בטעם מעושן 120 גרם ""עץ הזית""","יוניקורד ח.צ בע""מ",,,יח`,1.20,100 גרם,false,1,14.90,12.42,true,1,
7290017142289,false,תרסיס שמן חמניות 200 מל ללא תוספת גז עץ,י.ב טכנולוגיות אריזה בעמ,,,יח`,2,"100 מ""ל",false,1,19.90,9.95,true,1,
7290017142340,false,שמן זרעי ענבים מזוכך 1 ליטר עץ הזית*,אף.ג'\יי.סנצ'\ז סוקחורס,,,יח`,1,1 ליטר,false,1,29.90,29.90,true,1,
7290017142364,false,"שמן דלעת לא מזוכך 250 מ""ל עץ-הזית",סוגת תעשיות בעמ,,,יח`,2.50,"100 מ""ל",false,1,39.90,15.96,true,1,
7290017142371,false,"שמן שומשום לא מזוכך עץ הזית 250 מ""ל",סוגת תעשיות בעמ,,,יח`,2.50,"100 מ""ל",false,1,29.90,11.96,false,1,
7290017142388,false,שמן חמניות פלוס 1 ליטר אומגה 3 עץ הזית,סוגת תעשיות בעמ,,,יח`,1,1 ליטר,false,1,15.90,15.90,true,1,
7290017142395,false,"LUNCH TO GO פסטה עם טונה בשמן זית 160 גרם ""עץ הזית""",יוניקורד ח.צ בעמ,,,יח`,1.60,100 גרם,false,1,13.90,8.69,true,1,
7290017142418,false,"LUNCH TO GO אורז עם עדשים טונה בשמן זית 160 גרם ""עץ הזית""",יוניקורד ח.צ בעמ,,,יח`,1.60,100 גרם,false,1,13.90,8.69,true,1,
7290017142456,false,מארז נתחי טונה בהירה בשמן זית 2 * 160 ג' עץ הזית,יוניקורד ח.צ בעמ,,,יח`,3.20,100 גרם,false,1,27.90,8.72,true,1,
7290017142487,false,"LUNCH TO GO בורגול עם חומוס טונה בשמן זית 160 גרם ""עץ הזית""",יוניקורד ח.צ בעמ,,,יח`,1.60,100 גרם,false,1,13.90,8.69,true,1,
7290017189413,false,טבעות בצל שלמות בציפוי טמפורה,קפוא-זן תעשיות מזון בעמ - תפוג,,,יח`,6,100 גרם,false,1,15.90,2.65,false,1,
7290017197029,false,אל סבון la belle מאסק לבן 1 ל,פארמה דיל (פ.א.ב.) שיווק והפצה,,,יח`,1,1 ליטר,false,1,8.90,8.90,false,1,
7290017197036,false,אל סבון מלון פפאיה כתום לבן 1 ליטר,פארמה דיל (פ.א.ב.) שיווק והפצה,,,יח`,1,1 ליטר,false,1,8.90,8.90,false,1,
7290017275499,false,סירופ לשתיה בטעם אננס 900 מל,אחדות ביתחרושת לטחינה חלבה,,,יח`,9,"100 מ""ל",false,1,14.90,1.66,false,1,
7290017275505,false,"סירופ בטעם פטל 900 מ""ל אחוה*",אחדות ביתחרושת לטחינה חלבה,,,יח`,9,"100 מ""ל",false,1,14.90,1.66,false,1,
7290017289168,false,"יין ישראלי אדום יבש אפרת 750 מ""ל",יקב טפרברג 1870 בעמ (יינות ומש,,,יח`,7.50,"100 מ""ל",false,1,21.90,2.88,true,1,
7290017289175,false,"יין ישראלי פטיט סירה אפרת 750 מ""ל",יקב טפרברג 1870 בעמ (יינות ומש,,,יח`,7.50,"100 מ""ל",false,1,21.90,2.88,true,1,
7290017289182,false,"יין ישראלי לבן חצי יבש אפרת 750 מ""ל",יקב טפרברג 1870 בעמ (יינות ומש,,,יח`,7.50,"100 מ""ל",false,1,21.90,2.88,true,1,
7290017291123,false,שום ארוז יבוא,",חברת יוסף אופנהימר 1986 בעמ",,,יח`,1,,false,1,5,5,false,1,
7290017297088,false,ציפס 2 קג,ויטה -פרי גליל (החדשה) בעמ,,,יח`,20,100 גרם,false,1,21.90,1.10,false,1,
7290017297095,false,סטייק ציפס 2 קג,ויטה -פרי גליל (החדשה) בעמ,,,יח`,20,100 גרם,false,1,21.90,1.10,false,1,
7290017297118,false,ציפס אמריקאי 2 קג,ויטה -פרי גליל (החדשה) בעמ,,,יח`,20,100 גרם,false,1,21.90,1.10,false,1,
7290017297224,false,"שעועית אדומה מושרית, מבושלת ומוקפאת",ויטה -פרי גליל (החדשה) בעמ,,,יח`,8,100 גרם,false,1,11.90,1.49,false,1,
7290017297644,false,ברוקולי קפוא גרין אנד פרש 800 גר',ויטה פרי גליל (החדשה) בע`מ,,,יח`,8,100 גרם,false,1,14.90,1.86,false,1,
7290017304885,false,לחם שיפון מחיטה מלאה ללא תוספת סוכר 750 ג' אנג'ל,מאפיית שלמה א. אנג'\ל בע,,,יח`,7.50,100 גרם,false,1,16.90,2.25,false,1,
7290017374390,false,סט שירותים טורינו,מ.א.ייצור ויבוא מטליות בעמ,,,יח`,1,,false,1,20.90,20.90,false,1,
7290017374925,false,מטאטא אמור AMOR + מק,מ.א.ייצור ויבוא מטליות בעמ,,,יח`,1,,false,1,19.90,19.90,false,1,
7290017440309,false,"ד""ר פישר - קידס שמפו ויטמינים 750 מ""ל","פישר תעשיות פרמצביטות בע""מ",,,יח`,7.50,"100 מ""ל",false,1,16.90,2.25,false,1,
7290017440323,false,"ד""ר פישר - קידס שמפו + מרכך ויטמינים 750 מ""ל",פישר תעשיות פרמצבטיות בעמ,,,יח`,7.50,"100 מ""ל",false,1,16.90,2.25,false,1,
7290017457574,false,כדוריות סבון נתלה לאסלה בניחוח פרחים - 3 יח',גורי שיווק בעמ,,,יח`,1,,false,1,16.90,16.90,true,1,
7290017457727,false,"סוד כחול מרכך כביסה מרוכז20%+בישום 900 מ""ל",גורי שיווק בעמ,,,יח`,9,"100 מ""ל",false,1,11.90,1.32,false,1,
7290017457734,false,"סוד ורוד מרכך כביסה מרוכז20%+בישום 900 מ""ל",גורי שיווק בעמ,,,יח`,9,"100 מ""ל",false,1,11.90,1.32,false,1,
7290017477169,false,קשיו קלוי 250 גרם ששון הקולה,דין שיווק וקליה 2021 בעמ,,,יח`,2.50,100 גרם,false,1,20,8,false,1,
7290017477305,false,זרעי צ`יה 250 גר`שקדיה,דין שיווק וקליה 2021 בעמ,,,יח`,2.50,100 גרם,false,1,9.90,3.96,false,1,
7290017477367,false,מטבעות שוקולד לבן לאפיה שקדיה 300 גרם,דין שיווק וקליה 2021 בעמ,,,יח`,3,100 גרם,false,1,13.90,4.63,false,1,
7290017477381,false,מטבעות שוקולד מריר 45% לאפיה שקדיה 300 גרם,דין שיווק וקליה 2021 בעמ,,,יח`,3,100 גרם,false,1,13.90,4.63,false,1,
7290017477459,false,שקד בציפוי שוקולד חלב 250,קונסיגנציה-דין שיווק וקליה 202,,,יח`,1,,false,1,19.90,19.90,false,1,
7290017477596,false,תמר מגהול פרימיום 400 ג' בקופסא,דין שיווק וקליה 2021 בעמ,,,יח`,4,100 גרם,false,1,19.90,4.98,true,1,
7290017513485,false,מחית עגבניות רוסטיקה גרנד איטליה 680 גרם,תה ויסוצקי (ישראל) בעמ,,,יח`,6.80,100 גרם,false,1,13.90,2.04,true,1,
7290017513775,false,פליפז בייגלה מצופה שוקולד חלב מקוויטיס 140 גרם,תה ויסוצקי (ישראל) בעמ,,,יח`,1.40,100 גרם,false,1,8.90,6.36,true,1,
7290017513782,false,פליפז בייגלה מצופה שוקולד מריר מקוויטיס 140 גרם,תה ויסוצקי (ישראל) בעמ,,,יח`,1.40,100 גרם,false,1,8.90,6.36,true,1,
7290017513829,false,תה ירוק לימונית ג'ינג'ר 25 שקיקים בתוספת ויטמין Cּּ+D,תה ויסוצקי (ישראל) בעמ,,,יח`,1,,false,1,24.90,24.90,true,1,
7290017516424,false,שוקולד+ פנגיאה שוקולד קוקוס ואגוזי לוז 300 גרם,י.איטליאנו אחזקות בעמ,,,יח`,3,100 גרם,false,1,32.90,10.97,false,1,
7290017536521,false,מארז סופגניות ללא גלוטן רביעייה קפוא,דויטש,,,יח`,1,,false,1,19.90,19.90,false,1,
7290017589565,false,"ברקן, גוורצטרמינר לבן חצי יבש 750 מל",טמפו משקאות בעמ,,,יח`,7.50,"100 מ""ל",false,1,32.90,4.35,true,1,
7290017599267,false,סוכרלוז 120 שקיות ממתיק שולחני,שטראוס גרופ בע`מ,,,יח`,1.20,100 גרם,false,1,24.90,20.75,false,1,
7290017599274,false,סוכרזית סטיוויה 120שקיות 100גרם,"שטראוס גרופ בע""מ",,,יח`,1.20,100 גרם,false,1,34.90,29.08,true,1,
7290017617046,false,נתחי טונה בשמן זית כתית מעולה רביעיה * 140 ג',דיפלומט מפיצים (1968) בעמ**,,,יח`,5.60,100 גרם,false,1,26.90,4.80,false,1,
7290017617107,false,סטארקיסט מיקס טוגו טונה עם 4 דגנים 185 גרם,דיפלומט מפיצים (1968) בעמ**,,,יח`,1.85,100 גרם,false,1,12.90,6.97,false,1,
7290017617282,false,נתחי טונה בהירה בשמן צמחי - מארז 4 יח',סטארקיסט דיפלומט היינץ,,,יח`,1.40,100 גרם,false,1,21.90,15.64,true,1,
7290017618111,false,עוגיות מלבן שקדים עם טריפל שוקולד 180 גר,קונדטוריות לחמי,,,יח`,1.80,100 גרם,false,1,18.90,10.50,false,1,
7290017647425,false,"יין גמלא קברנה סוביניון שנת 2018 750 מ""ל",היכל היין שקד גולן בעמ,,,יח`,7.50,"100 מ""ל",false,1,68.20,9.05,true,1,
7290017647708,false,"רמת הגולן גמלא גוורצטרמינר, 750 מ""ל י יקב רמת הגולן",מיוצר וממולא על ידי יקב,,,יח`,7.50,"100 מ""ל",false,1,64.90,8.61,true,1,
7290017677804,false,"רוטב סויה קיקומן ללא חומרים משמרים 444 מ""ל",דיפלומט מפיצים (1968) בעמ**,,,יח`,4.44,"100 מ""ל",false,1,29.90,6.73,true,1,
7290017682617,false,"מגב 40 ס""מ עם תפס להצמדה סחבה",מ.א.ייצור ויבוא מטליות בעמ,,,יח`,1,,false,1,16.90,16.90,false,1,
7290017682945,false,מגב חד להב סיליקון silicone one,מ.א.ייצור ויבוא מטליות בעמ,,,יח`,1,,false,1,24.90,24.90,false,1,
7290017712192,false,פרמיו שימורי מזון מלא עם נתחי פילה עוף ו,שחורי אריה ואנסטסיה,,,יח`,1,100 גרם,false,1,4.90,4.90,false,1,
7290017712246,false,פרמיו שימורי מזון מלא עם בקר ולבבות לכלב,שחורי אריה ואנסטסיה,,,יח`,1.50,100 גרם,false,1,5.90,3.93,false,1,
7290017712666,false,הוריזן בקר לכלב ננסי 100 גר`,שחורי אריה ואנסטסיה,,,יח`,1,,false,1,4.90,4.90,false,1,
7290017712789,false,פרמיו סטריליז עוף 100 גר`,שחורי אריה ואנסטסיה,,,יח`,1,100 גרם,false,1,4.90,4.90,false,1,
7290017812052,false,יין שיראז-קברנה סוביניון אקסלנס יקבי כרמל,אגודת הכורמים בעמ,,,יח`,7.50,"100 מ""ל",false,1,26.90,3.55,true,1,
7290017812571,false,מיץ ענבים תירוש אדום 100% טבעי כרמל 1 ליטר,אגודת הכורמים -כרמל מזרחי,,,יח`,1,1 ליטר,false,1,19.90,19.90,false,1,
7290017812588,false,מיץ ענבים תירוש לבן 100% טבעי כרמל 1 ליטר,אגודת הכורמים -כרמל מזרחי,,,יח`,1,1 ליטר,false,1,19.90,19.90,false,1,
7290017812830,false,יין רוזה פרייבט קולקשיין 750מל יקבי כרמל,"כד בני דרום בע""מ",,,יח`,7.50,"100 מ""ל",false,1,39.90,5.28,true,1,
7290017812878,false,"אקסלנס וזה -קברנה סוביניון כרמל 750 מ""ל",אגודת הכורמים בעמ,,,יח`,7.50,"100 מ""ל",false,1,26.90,3.55,true,1,
7290017812977,false,"יין קריניאנו סלקטדאננס באז כרמל 750 מ""ל",אגודת הכורמים -כרמל מזרחי,,,יח`,7.50,"100 מ""ל",false,1,27.90,3.68,true,1,
7290017816005,false,בייגלה כוסמין שמיניות שומשום 300 גר`,גורי מוצרי צריכה (1991) בעמ,,,יח`,3,100 גרם,false,1,15.90,5.30,false,1,
7290017816012,false,קרם קרקר כוסמין מקור הכוסמין 250 גר,גורי מוצרי צריכה (1991) בעמ,,,יח`,2.50,100 גרם,false,1,14.90,5.96,false,1,
7290017816111,false,פתי בר הכוסמין המקורי 220 גר`,גורי מוצרי צריכה (1991) בעמ,,,יח`,2.20,100 גרם,false,1,10.90,4.95,false,1,
7290017816128,false,קרקר מקור הכוסמין 22,גורי מוצרי צריכה (1991) בעמ,,,יח`,2.20,100 גרם,false,1,14.90,6.77,false,1,
7290017871554,false,טוסו חטיף תמרים ושברי קקאו ללא גלוטן וללא תוספת סוכר,תות תעשיות מזון (2014) ב,,,יח`,1,,false,1,16.90,16.90,true,1,
7290017871707,false,חטיף פיצפוצי אורז וקוקוס מצופה שוקולד מריר ללא תוספת סוכר,תות תעשיות מזון (2014) ב,,,יח`,1,100 גרם,false,1,16.90,16.90,true,1,
7290017872049,false,"פמלי אל סבון בניחוח לוונדר ארומטי- שלישייה 500 מ""ל",אברנסל קוסמטיקס,,,יח`,1.50,1 ליטר,false,1,15.90,10.60,false,1,
7290017872063,false,אל סבון ארומתרפי מארז שלישייה 500 מל פמ,אברנסל קוסמטיקס,,,יח`,1.50,1 ליטר,false,1,15.90,10.60,false,1,
7290017872193,false,טוסו עוגיות שקדים וקינמון ללא סוכר 200 גרם,"הגביע מוצרי וופלים בע""\מ",,,יח`,2,100 גרם,false,1,18.90,9.45,true,1,
7290017872667,false,"פמלי יהלום-סבון ידיים עם שמן קמומיל 500 מ""ל",המאפיה של הרמן,,,יח`,5,"100 מ""ל",false,1,9.90,1.98,false,1,
7290017884462,false,"אריאל כשל""פ- ריבועי בצק עלים 450 גר'",מאפיית אריאל בעמ,,,יח`,4.50,100 גרם,false,1,17.90,3.98,false,1,
7290017888019,false,"משקה תפוח רימון סלק גינגיר פרות &ווג 350 מ""ל",יפאורה שותפות מוגבלת לשיווק,,,יח`,3.50,"100 מ""ל",false,1,6.90,1.89,true,1,
7290017888026,false,"משקה אננס תפוח גזר פרות & ווג 350 מ""ל",יפאורה שותפות מוגבלת לשיווק,,,יח`,3.50,"100 מ""ל",false,1,6.90,1.89,true,1,
7290017888095,false,"רביעיית פחיות שוופס מוגז עדין פירות יער 330 מ""ל.",יפאורה שותפות מוגבלת לשיווק,,,יח`,13.20,"100 מ""ל",false,1,12.90,0.89,false,1,
7290017888101,false,"שוויפס מוגז עדין אפרסק מארז רביעייה* 330 מ""ל",יפאורה שותפות מוגבלת לשיווק,,,יח`,1320,1 ליטר,false,1,12.90,0.01,false,1,
7290017888729,false,שוופס סודה בקבוק 1 ל',יפאורה שותפות מוגבלת לשיווק,,,יח`,1,1 ליטר,false,1,3.90,3.90,true,1,
7290017907208,false,תערובת קמח רב תכליתי לנמנעים מגלוטן,י.איטליאנו אחזקות בעמ,,,יח`,5,100 גרם,false,1,18.90,3.78,false,1,
7290017913094,false,אסותא נוזל רצפות סגול 4 ליטר,עיסא ערטול בעמ,,,יח`,40,"100 מ""ל",false,1,14.90,0.37,false,1,
7290017913117,false,אסותא נוזל רצפות צהוב 4 ליטר,עיסא ערטול בעמ,,,יח`,40,"100 מ""ל",false,1,14.90,0.37,false,1,
7290017913131,false,אסותא מרכך כביסה 4 ליטר(כביסה שחורה),עיסא ערטול בעמ,,,יח`,40,"100 מ""ל",false,1,14.90,0.37,false,1,
7290017913148,false,אסותא מרכך כביסה 4 ליטר(סגול),עיסא ערטול בעמ,,,יח`,40,"100 מ""ל",false,1,14.90,0.37,false,1,
7290017913155,false,אסותא מרכך כביסה 4 ליטר(לבן),עיסא ערטול בעמ,,,יח`,40,"100 מ""ל",false,1,14.90,0.37,false,1,
7290017913162,false,אסותא מרכך כביסה 4 ליטר(כחול),עיסא ערטול בעמ,,,יח`,40,"100 מ""ל",false,1,14.90,0.37,false,1,
7290017913179,false,אסותא מרכך כביסה 4 ליטר(ורוד),עיסא ערטול בעמ,,,יח`,40,"100 מ""ל",false,1,14.90,0.37,false,1,
7290017917283,false,מגבונים מילוי קמיל בלו ללא בישום רביעייה,"פישר תעשיות פרמצביטות בע""מ",,,יח`,1,,false,1,19.90,19.90,true,1,
7290017917467,false,קמיל בלו סנסטי בשיבולת שועל אל סבון טיפולי לתינוק,"פישר תעשיות פרמבצטיות בע""מ",,,יח`,1,1 ליטר,false,1,32.90,32.90,true,1,
7290017928036,false,מאיר בייגל מקלות גריסיני שומשום 175 גרם,מאיר את בייגל,,,יח`,1.75,100 גרם,false,1,11.90,6.80,true,1,
7290017928043,false,מקלות גריסיני קראנץ' מלח מאיר בייגל 175 גרם,מאיר את בייגל,,,יח`,1.75,100 גרם,false,1,11.90,6.80,true,1,
7290017928098,false,בייגלה שטוח מלח 330 גר` מאיר בייגל,מאיר את בייגל,,,יח`,3.30,100 גרם,false,1,11.90,3.61,true,1,
7290017928432,false,מקלות גריסיני קראנץ' פרג מאיר בייגל 175 גרם,מאיר את בייגל,,,יח`,1.75,100 גרם,false,1,11.90,6.80,true,1,
7290017928463,false,מאיר בייגל -סמאש-שבורים בטעם דבש חרדל ובצל 300 גרם,דנשר (1963) בעמ,,,יח`,3,100 גרם,false,1,12.90,4.30,true,1,
7290017928524,false,בייגלה שטוח ניגובים מלח 330 ג' מאיר בייגל,מאיר את בייגל,,,יח`,3.30,100 גרם,false,1,11.90,3.61,true,1,
7290017928609,false,בייגלה טבעות שומשום מאיר בייגל 300 גרם,מאיר את בייגל,,,יח`,3,100 גרם,false,1,11.90,3.97,true,1,
7290017928616,false,בייגלה שטוחלה שומשום 300 גר` מאיר בייגל,מאיר את בייגל,,,יח`,3,100 גרם,false,1,11.90,3.97,true,1,
7290017928630,false,מקלות גריסיני קראנץ' פינוקים מאיר בייגל 175 גרם,מאיר את בייגל,,,יח`,1.75,100 גרם,false,1,11.90,6.80,true,1,
7290017928661,false,מאיר בייגל -סמאש-שבורים בטעם צ'דר 300 גרם,"דנשר (1963) בע,מ",,,יח`,3,100 גרם,false,1,12.90,4.30,true,1,
7290017928685,false,בייגלה שמיניות מלוח מאיר בייגל 400 גרם.,מאיר את בייגל,,,יח`,4,100 גרם,false,1,11.90,2.98,true,1,
7290017928807,false,בייגלה אצבעות שומשום מאיר בייגל 300 גרם,מאיר את בייגל,,,יח`,3,100 גרם,false,1,11.90,3.97,true,1,
7290017928821,false,מאיר בייגל מקלות גריסיני קלאסי 200 גרם,מאיר את בייגל,,,יח`,2,100 גרם,false,1,11.90,5.95,true,1,
7290017946368,false,שלישיית כדוריות סבון לאסלה אוקיינוס סוד 50 גרם,גורי שיווק בעמ,,,יח`,1,,false,1,16.90,16.90,true,1,
7290017947105,false,לחם אנג'ל בסגנון אמריקה 500 גרם,מאפיית שלמה א. אנג'\ל בע,,,יח`,5,100 גרם,false,1,14.90,2.98,false,1,
7290017947464,false,שמיניית פיתות כוסמין אנג'ל 8*50 גרם,מאפיית שלמה א.אנג'\ל בע\,,,יח`,1,,false,1,16.90,16.90,false,1,
7290017947495,false,לחמניות כוסמין 6 יח(450 גר`)אנג`ל,"איטיליאן פוד, אס.פי.",,,יח`,4.50,100 גרם,false,1,14.90,3.31,false,1,
7290017947891,false,לחם אנג'ל כוסמין וחיטה מלאה 750 גרם,מאפיית שלמה א. אנג'\ל בע,,,יח`,7.50,100 גרם,false,1,16.90,2.25,false,1,
7290017947921,false,לחמניות המבורגר בסגנון אמריקאי מארז 6 יח',מאפיית שלמה א. אנג'\ל בע,,,יח`,4.50,100 גרם,false,1,14.90,3.31,false,1,
7290017947938,false,מיני לחמניות המבורגר בסגנון אמריקה 400 ג' אנג'ל,מאפיית שלמה א. אנג'\ל בע,,,יח`,4,100 גרם,false,1,14.90,3.73,false,1,
7290018029206,false,עוגיות כתר ריבה מיקס 600 גרם,שיבולים יצור ושיווק מוצרי מאפה,,,יח`,6,100 גרם,false,1,19.90,3.32,false,1,
7290018043639,false,פראוד חטיף חלבון שוקולד קריספי 29 גר`,דיפלומט היינץ,,,יח`,0.29,100 גרם,false,1,8.90,30.69,false,1,
7290018043844,false,חטיף חלבון בוטנים קרמל קראנץ 60 ג' פראוד,דיפלומט מפיצים (1968) בעמ**,,,יח`,0.60,100 גרם,false,1,12.90,21.50,true,1,
7290018045084,false,BON&BON דגנים במילוי קרם בטעם בראוניז 480 גרם,ר.ב. מוצרי דגנים בעמ,,,יח`,4.80,100 גרם,false,1,22.90,4.77,true,1,
7290018045497,false,בון בון דגנים במילוי קרם שוקולד 480 גרם,ר.ב. מוצרי דגנים בעמ,,,יח`,4.80,100 גרם,false,1,22.90,4.77,true,1,
7290018045695,false,דגני בוקר בון בון במילוי קרם בטעם קרמל מ,ר.ב. מוצרי דגנים בעמ,,,יח`,4.80,100 גרם,false,1,22.90,4.77,true,1,
7290018045893,false,דגני בוקר בון בון במילוי קרם נוגט 480 גר,ר.ב. מוצרי דגנים בעמ,,,יח`,4.80,100 גרם,false,1,22.90,4.77,true,1,
7290018071205,false,כפפות ניטרו V כחולות אלסטיות S ללא אבקה 100 יחידות,אינטרסן (1996) בעמ,,,יח`,1,,false,1,18.90,18.90,true,1,
7290018071229,false,כפפות ניטרו V כחולות אלסטיות L ללא אבקה 100 יחידות,אינטרסן (1996) בעמ,,,יח`,1,,false,1,18.90,18.90,true,1,
7290018091470,false,גלילת ביסקוויטים בטעם שוקולד 300 גרם מעדנות,תנובה מרכז שיתופי לשיווק תוצרת,,,יח`,3,100 גרם,false,1,14.90,4.97,false,1,
7290018098592,false,שווארמה טבעוניות ביף,גורי מוצרי צריכה (1991) בעמ,,,יח`,3,100 גרם,false,1,21.90,7.30,true,1,
7290018131879,false,אקסטרים טילון חלב בדצ מאגדת 6*72 גרם נסטלה,נגה גלידות שותפות מוגבלת,,,יח`,4.32,100 גרם,false,1,31.90,7.38,false,1,
7290018131954,false,מאגדת לה פרוטה תות שוקולד נסטלה 350 גרם,נגה גלידות שותפות מוגבלת,,,יח`,3.50,100 גרם,false,1,27.90,7.97,false,1,
7290018132340,false,"מטרנה גולד בד""צ שלב 1 700 גר`",קבוצת אוסם סחר שותפות מוגבלת,,,יח`,7,100 גרם,false,1,74.90,10.70,true,1,
7290018132388,false,"מטרנה גולד בד""ץ שלב 2 700 גרם",קבוצת אוסם סחר שותפות מוגבלת,,,יח`,7,100 גרם,false,1,74.90,10.70,true,1,
7290018132425,false,"מטרנה גולד בד""ץ שלב 3 700 גרם",קבוצת אוסם סחר שותפות מוגבלת,,,יח`,7,100 גרם,false,1,74.90,10.70,true,1,
7290018165010,false,"יין רזרב GOLD EDITION גווצטרמינר ברקן 750 מ""ל",יקבי ברקן שיווק והפצה בע,,,יח`,7.50,"100 מ""ל",false,1,49.90,6.61,true,1,
7290018165447,false,רזרב גולד מרלו ( 750 מל) יקבי ברקן,יקבי ברקן שיווק והפצה בע,,,יח`,7.50,"100 מ""ל",false,1,49.90,6.61,true,1,
7290018182017,false,PHARMA DENTקיסמי שיניים משולבים בחוט דנטלי בתוספת פחם במבוק 36יח',פארמה דיל (פ.א.ב.) שיווק והפצה,,,יח`,1,,false,1,9.90,9.90,false,1,
7290018192023,false,מקלות סלרי ארוז יח',קונס`-מרינה פטריות הגליל בעמ*ש,,,יח`,1,,false,1,5.90,5.90,false,1,
7290018194058,false,"ערק ג'בלנא 16% בטעם פסיפלורה 700 מ""ל-בודד",בני פאוזי שמשום (2009) בעמ,,,יח`,7,"100 מ""ל",false,1,44.90,6.37,true,1,
7290018194256,false,"ערק ג'בלנא 16% בטעם לימון 700 מ""ל-בודד",בני פאוזי שמשום (2009) בעמ,,,יח`,7,"100 מ""ל",false,1,44.90,6.37,true,1,
7290018198148,false,"תפוגן צ'יפס קריספי קלאסי 1.25 ק""ג",קבוצת אוסם סחר-שות.מוגבלת,,,יח`,1.25,"ק""ג",false,1,27.90,22.32,false,1,
7290018198209,false,צ'יפס בטטה קראנצ'י תפוגן 500 גרם,קבוצת אוסם סחר שותפות מוגבלת,,,יח`,5,100 גרם,false,1,21.90,4.38,false,1,
7290018236635,false,עוף טוב צ'ונגו פופקורן מצופה 600 גרם,קבוצת אוסם סחר שותפות מוגבלת,,,יח`,6,100 גרם,false,1,32.90,5.48,true,1,
7290018236659,false,צ'ונגו-פופקורן ציפ מתובל עוף טוב 600 גרם,קבוצת אוסם סחר-שות.מוגבלת,,,יח`,6,100 גרם,false,1,32.90,5.48,true,1,
7290018237939,false,שניצלונים ציפוי שומשום עוף טוב 700 גרם,קבוצת אוסם סחר שותפות מוגבלת,,,יח`,7,100 גרם,false,1,13.90,1.99,false,1,
7290018249994,false,סוויטאנגו תחליף סוכר ממתיק 700 גר',מתבל תעשיות מזון,,,יח`,7,100 גרם,false,1,56.90,8.13,true,1,
7290018282731,false,אל סבון מרובעים שלישה סוגים שונים500 מל,פארמה דיל (פ.א.ב.) שיווק והפצה,,,יח`,5,"100 מ""ל",false,1,9.90,1.98,false,1,
7290018285077,false,רוטב עגבנייה פיקנטי דר שקשוקה 400 גרם,קונסורציו קאזאלאסקו,,,יח`,4,100 גרם,false,1,14.90,3.73,true,1,
7290018294208,false,"סלקטדאדום ישראלי יבש כרמל 750 מ""ל",אגודת הכורמים בעמ,,,יח`,7.50,"100 מ""ל",false,1,29.90,3.95,true,1,
7290018294932,false,מיץ ענבים אדום 1 ליטר,אגודת הכורמים,,,יח`,1,1 ליטר,false,1,12.90,12.90,false,1,
7290018338520,false,מיץ רימונים אורגני 1 ליטר,גורי מוצרי צריכה (1991) בעמ,,,יח`,1,,false,1,17.90,17.90,false,1,
7290018344095,false,חטיף חלבון בטעם בוטנים מלח 50 ג' VEG PROTEIN,אבאל יזמות בעמ,,,יח`,0.50,100 גרם,false,1,9.90,19.80,false,1,
7290018344170,false,חטיף חלווה משומשום מלא בטעם וניל ללא סוכר 70 ג',אבאל יזמות בעמ,,,יח`,0.70,100 גרם,false,1,7.90,11.29,false,1,
7290018359129,false,פולפה עגבניות חתוכות מקולפות דק יכין 690 גרם,אמיליאנה קונסרב,,,יח`,6.90,100 גרם,false,1,10.90,1.58,true,1,
7290018359358,false,שלישיית פריכוז רוטב עגבניות יכין,זנלכל בעמ,,,יח`,6,100 גרם,false,1,12.90,2.15,false,1,
7290018359495,false,תירס מהשדה בלי תוספת סוכר יכין 550 גרם,היינץ צפון אמריקה מק,,,יח`,5.50,100 גרם,false,1,9.90,1.80,false,1,
7290018359518,false,תירס מהשדה בלי תוספת סוכר יכין מארז 200X3 גר',היינץ צפון אמריקה מק,,,יח`,6,100 גרם,false,1,14.90,2.48,false,1,
7290018359556,false,תירס מהשדה בלי תוספת סוכר יכין 400 גרם,זנלכל בעמ,,,יח`,4,100 גרם,false,1,6.90,1.73,false,1,
7290018359570,false,"שלישיית שעועית צ'ילי ""הקטניה הטובה"" יכין",זנלכל בעמ,,,יח`,6,100 גרם,false,1,13.90,2.32,true,1,
7290018359587,false,חומוס שלם הקטניה הטובה יכין מארז 3*200,זנלכל בעמ,,,יח`,6,100 גרם,false,1,13.90,2.32,true,1,
7290018359662,false,קוביות סלק יכין מארז שלישייה 3*200 גרם,זנלכל בעמ,,,יח`,6,100 גרם,false,1,14.90,2.48,false,1,
7290018359716,false,רוטב עגבניות פיצה טוסקנה 240 גרם יכין,"זנלכל בע""\מ",,,יח`,2.40,100 גרם,false,1,5.90,2.46,false,1,
7290018359945,false,רוטב עגבניות פיקנטי מפלפלים וירקות יכין 400 גרם,זנלכול יכין,,,יח`,4,100 גרם,false,1,11.50,2.88,false,1,
7290018359952,false,רוטב עגבניות לפסטה יכין 400 גרם,זנלכול יכין,,,יח`,4,100 גרם,false,1,11.50,2.88,false,1,
7290018359969,false,רוטב עגבניות לפיצה 400 גרם יכין,זנלכול יכין,,,יח`,4,100 גרם,false,1,11.50,2.88,false,1,
7290018440193,false,פליפז בייגלה בציפוי קרם בטעם חמאת בוטנים מקוויטיס 140 גרם,תה ויסוצקי (ישראל) בעמ,,,יח`,1.40,100 גרם,false,1,8.90,6.36,true,1,
7290018440209,false,פליפז בייגלה בציפוי פאדג' לבן מקוויטיס 140 גרם,תה ויסוצקי (ישראל) בעמ,,,יח`,1.40,100 גרם,false,1,8.90,6.36,true,1,
7290018440223,false,תה צ'אי מסאלה 25 שקיקים ויסוצקי,תה ויסוצקי (ישראל) בעמ,,,יח`,1,,false,1,19.90,19.90,true,1,
7290018440230,false,תה צ'אי ורדים 25 שקיקים ויסוצקי,תה ויסוצקי (ישראל) בעמ,,,יח`,1,,false,1,19.90,19.90,true,1,
7290018440247,false,תה צ'אי שקדים0 25 שקיקים ויסוצקי,תה ויסוצקי (ישראל) בעמ,,,יח`,1,,false,1,19.90,19.90,true,1,
7290018440254,false,תה צ'אי קרמל מלוח 25 שקיקים ויסוצקי,תה ויסוצקי (ישראל) בעמ,,,יח`,1,,false,1,19.90,19.90,true,1,
7290018440438,false,Calvo טונה בשמן זית פתיחה קלה 3 * 65 גרם,תה ויסוצקי (ישראל) בעמ,,,יח`,1.95,100 גרם,false,1,25.90,13.28,true,1,
7290018440445,false,טונה קאלוו בשמן זית 160 גר,"קאלוו קונסרבס ס.ל.יו. ,",,,יח`,1.60,100 גרם,false,1,16.90,10.56,true,1,
7290018440476,false,פליפז בייגלה מצופה בקרם עוגת גבינה ותותים מקוויטיס 140 גרם,תה ויסוצקי (ישראל) בעמ,,,יח`,1.40,100 גרם,false,1,8.90,6.36,true,1,
7290018440483,false,פליפז בייגלה מצופה בקרמל מלוח ושוקולד מקוויטיס 140 גרם,תה ויסוצקי (ישראל) בעמ,,,יח`,1.40,100 גרם,false,1,8.90,6.36,true,1,
7290018468425,false,נקניק טבעוני בטעם פיקנטי 100 גרם טירת צבי,תנובה מרכז שיתופי לשיווק תוצרת,,,יח`,1,100 גרם,false,1,17.90,17.90,true,1,
7290018471029,false,"סודה בטעם לימון - מארז 6 בקבוקים 500 מ""ל",יפאורה שותפות מוגבלת לשיווק,,,יח`,30,"100 מ""ל",false,1,13.90,0.40,false,1,
7290018471180,false,משקה פרוט& ווג' אננס תפוח גזר 1 ליטר,יפאורה שותפות מוגבלת לשיווק,,,יח`,10,"100 מ""ל",false,1,11.90,1.16,true,1,
7290018471210,false,ספרינג נקטר אגס סברס תפוח 1ליטר קרטוני,יפאורה שותפות מוגבלת לשיווק,,,יח`,1,1 ליטר,false,1,6.90,6.90,false,1,
7290018471395,false,משקה פרוט& ווג' תפוח רימון ג'ינג'ר 1 ליטר,יפאורה שותפות מוגבלת לשיווק,,,יח`,10,"100 מ""ל",false,1,11.90,1.16,true,1,
7290018471401,false,משקה פרוט& ווג' אננס בננה כורכום 1 ליטר,יפאורה שותפות מוגבלת לשיווק,,,יח`,10,"100 מ""ל",false,1,11.90,1.16,true,1,
7290018471463,false,תפוזינה נקטר תפוז מנגו קרטונית 1 ליטר,יפאורה שותפות מוגבלת לשיווק,,,יח`,10,"100 מ""ל",false,1,6.90,0.69,false,1,
7290018471470,false,תפוזינה נקטר תפוז פסיפלורה קרטונית 1 ליטר,יפאורה שותפות מוגבלת לשיווק,,,יח`,10,"100 מ""ל",false,1,6.90,0.69,false,1,
7290018471487,false,תפוזינה נקטר תפוז אננס קרטונית 1 ליטר,יפאורה שותפות מוגבלת לשיווק,,,יח`,10,"100 מ""ל",false,1,6.90,0.69,false,1,
7290018471494,false,תפוזינה משקה תפוז גזר קרטונית 1 ליטר,יפאורה שותפות מוגבלת לשיווק,,,יח`,10,"100 מ""ל",false,1,6.90,0.69,false,1,
7290018471692,false,ספרינג שייק בננה אננס קוקוס פירות יער קרטונית 1 ליטר,יפאורה - שותפות מוגבלת לשיווק,,,יח`,1,1 ליטר,false,1,11.90,11.90,true,1,
7290018471906,false,שוופס מוגז פירות לימונדה ורודה 1.5 ליטר פיקדון,יפאורה - שותפות מוגבלת לשיווק,,,יח`,1.50,1 ליטר,false,1,8.90,5.73,true,1,
7290018471913,false,משקה מוגז פירות תפוחים שוופס 1.5 ליטר,יפאורה - שותפות מוגבלת לשיווק,,,יח`,1.50,1 ליטר,false,1,8.90,5.73,true,1,
7290018471920,false,שוופס מוגז פירות ענבים 1.5 ליטר פיקדון,יפאורה - שותפות מוגבלת לשיווק,,,יח`,1.50,1 ליטר,false,1,8.90,5.73,true,1,
7290018471937,false,שוופס מוגז פירות תות ליים 1.5 ליטר פיקדון,יפאורה - שותפות מוגבלת לשיווק,,,יח`,1.50,1 ליטר,false,1,8.90,5.73,true,1,
7290018471944,false,שוופס מוגז פירות לימונייד 1.5 ליטר פיקדון,יפאורה - שותפות מוגבלת לשיווק,,,יח`,1.50,1 ליטר,false,1,8.90,5.73,true,1,
7290018471951,false,שוופס מוגז פירות אשכולית אדומה 1.5 ליטר פיקדון,יפאורה - שותפות מוגבלת לשיווק,,,יח`,1.50,1 ליטר,false,1,8.90,5.73,true,1,
7290018509111,false,כוסות פלסטיק 75 יח`180 מל הנמל,הנמל אריזות ושיווק (1984) בעמ,,,יח`,1,,false,1,6.90,6.90,false,1,
7290018515020,false,חלבון סויה מיובש בצורת כנפי עוף 300 גרם,טחנת האבן קואופ בעמ,,,יח`,3,100 גרם,false,1,14.90,4.97,false,1,
7290018516256,false,פרמיו לגורי כלבים עו,שחורי אריה ואנסטסיה,,,יח`,1,,false,1,5.90,5.90,false,1,
7290018516331,false,פאוץ' פרינוק תפוח בננה ושיבולת שועל 120 גרם,גורי מוצרי צריכה (1991) בעמ,,,יח`,1.20,100 גרם,false,1,5.90,4.92,true,1,
7290018516393,false,פרמיו סופרים מיקס לחתול,שחורי אריה ואנסטסיה,,,יח`,30,100 גרם,false,1,59.90,2,false,1,
7290018516621,false,הורייזן מחית בשר דג זהבון לחתלתול 90 גרם,שחורי אריה ואנסטסיה,,,יח`,0.90,100 גרם,false,1,9.90,11,false,1,
7290018516959,false,פרמיו סופרים מועשר בעוף לכלב מגזע ננסי 3,שחורי אריה ואנסטסיה,,,יח`,1,,false,1,49.90,49.90,false,1,
7290018540817,false,ארטיזנל לחם מחמצת כוסמין אנג'ל 500 גרם,שלמה א. אנג`ל בעמ,,,יח`,5,100 גרם,false,1,18.90,3.78,false,1,
7290018540831,false,ארטיזנל לחם מחמצת חיטה מלאה ודגנים אנג'ל 500 גרם,שלמה א. אנג`ל בעמ,,,יח`,5,100 גרם,false,1,17.90,3.58,false,1,
7290018571088,false,טופי חמוצמוץ 600 גרם כשלפ,מיה תעשיות מזון מ.ת.מ. בעמ,,,יח`,6,100 גרם,false,1,15.90,2.65,false,1,
7290018571101,false,אגוזי מלך בנספק ( 200 גר`) מיה,מיה תעשיות מזון מ.ת.מ. בעמ,,,יח`,2,100 גרם,false,1,19.90,9.95,true,1,
7290018571286,false,פיסטוקים קלויים 200 גרם בנספק,מיה תעשיות מזון מ.ת.מ. בעמ,,,יח`,2,100 גרם,false,1,14.90,7.45,false,1,
7290018571699,false,"קמח שקדים 250 גרם כשל""פ עד""ח",מיה תעשיות מזון מ.ת.מ. בעמ,,,יח`,2.50,100 גרם,false,1,24.90,9.96,false,1,
7290018571705,false,"אורז יסמין 1 ק""ג מיה.",מיה תעשיות מזון מ.ת.מ. בעמ,,,יח`,1,"ק""ג",false,1,10.90,10.90,true,1,
7290018571712,false,"אורז בסגנון פרסי 1 ק""ג",מיה תעשיות מזון מ.ת.מ. בעמ,,,יח`,1,"ק""ג",false,1,9.90,9.90,true,1,
7290018571729,false,"אורז ריזוטו עגול 1 ק""ג מיה.",מיה תעשיות מזון מ.ת.מ. בעמ,,,יח`,1,"ק""ג",false,1,8.90,8.90,false,1,
7290018571736,false,אורז בסמטי הודי 1ק''ג,מיה תעשיות מזון מ.ת.מ. בעמ,,,יח`,1,"ק""ג",false,1,10.90,10.90,true,1,
7290018652039,false,לה קרמריה קרמל מלוח ונוגט בדצ 6*1.4 ליטר,נגה גלידות שותפות מוגבלת,,,יח`,14,"100 מ""ל",false,1,22.90,1.64,true,1,
7290018652213,false,מאגדת חטיפי גלידה קראנץ בר 41X6 גרם,נגה גלידות שותפות מוגבלת,,,יח`,2.46,100 גרם,false,1,29.90,12.15,true,1,
7290018652671,false,"לה קרמריה שוקולד וניל 1.4 ליטר [תו אי""ל]",נגה גלידות שותפות מוגבלת,,,יח`,1.40,1 ליטר,false,1,22.90,16.36,true,1,
7290018652688,false,לה קרמריה פירות טרופיים ופירות יער נסטלה 700 גרם,נגה גלידות שותפות מוגבלת,,,יח`,1.40,1 ליטר,false,1,22.90,16.36,true,1,
7290018652886,false,שלגונים בשומן צמחי בטעמי שוקו ובננה מצופים צימקאו,נגה גלידות שותפות מוגבלת,,,יח`,4.76,100 גרם,false,1,25.90,5.44,false,1,
7290018652909,false,מאגדת מאגנום קפה שוקולד ופקאן 5 *43 ג' נסטלה,נגה גלידות שותפות מוגבלת,,,יח`,2.25,100 גרם,false,1,27.90,12.40,false,1,
7290018652923,false,מאגדת תות עוגת גבינה שוקולד 5 *43 ג' נסטלה,נגה גלידות שותפות מוגבלת,,,יח`,2.25,100 גרם,false,1,27.90,12.40,false,1,
7290018677209,false,סירופ מייפל אורגני 250 מל,י.איטליאנו אחזקות בעמ,,,יח`,2.50,"100 מ""ל",false,1,22.90,9.16,false,1,
7290018703052,false,פראוד חטיף חלבון עוגיות קראנץ גר`,דיפלומט היינץ,,,יח`,0.29,100 גרם,false,1,8.90,30.69,false,1,
7290018703496,false,פראוד - חטיף חלבון בטעם בננה טופי 60 גרם,דיפלומט מפיצים (1968) בעמ**,,,יח`,0.60,100 גרם,false,1,12.90,21.50,true,1,
7290018708118,false,חלבה וניל פיסטוק ללא סוכר בארכה 350 גרם,קבוצת אוסם סחר-שות.מוגבלת,,,יח`,3.50,100 גרם,false,1,14.90,4.26,false,1,
7290018708132,false,חלבה בארכה וניל פיסטוק ללא סוכר 250גר,קבוצת אוסם סחר-שות.מוגבלת,,,יח`,2.50,100 גרם,false,1,14.90,5.96,false,1,
7290018724408,false,דגני בוקר נטורלה נוגט ללא גלוטן 375 גר,י.איטליאנו אחזקות בעמ,,,יח`,3.75,100 גרם,false,1,19.90,5.31,false,1,
7290018724415,false,דגני בוקר נטורלה בראוניז ללא גלוטן 375,י.איטליאנו אחזקות בעמ,,,יח`,3.75,100 גרם,false,1,19.90,5.31,false,1,
7290018777183,false,חטיף ספירולינה בטעם גרנולה חמוציות קשיו,אבאל יזמות בעמ,,,יח`,0.40,100 גרם,false,1,9.90,24.75,false,1,
7290018777275,false,חטיף חלבון בטעם עוגיות וניל 50 ג' VEG PROTEIN,"ממתקי השלום בעולם בע""\מ\",,,יח`,0.50,100 גרם,false,1,9.90,19.80,false,1,
7290018785003,false,סלרי חתוך,יראון - עבודות חקלאיות בעמ,,,יח`,1,,false,1,5.90,5.90,false,1,
7290018795842,false,שיני שום קלופות 500ג מרינה,קונס`-מרינה פטריות הגליל בעמ*ש,,,יח`,5,100 גרם,false,1,18.90,3.78,false,1,
7290018825020,false,תפוא לבן לאפייה דוד משה גורמה,תוצרת הנגב אגודה שיתופית חקלאי,,,"ק""ג",1,,true,1,5.90,5.90,false,1,
7290018825228,false,תפוא אדום לטיגון דוד משה גורמה,תוצרת הנגב אגודה שיתופית חקלאי,,,"ק""ג",1,,true,1,5.90,5.90,false,1,
7290018825419,false,תפוח אדמה קטן אדום ברשת,תוצרת הנגב אגודה שיתופית חקלאי,,,"ק""ג",1,,true,1,3.90,3.90,false,1,
7290018825617,false,תפוא אפיה לבן,תוצרת הנגב אגודה שיתופית חקלאי,,,"ק""ג",1,,true,1,3.90,3.90,false,1,
7290018878743,false,חמישיות שוקולד מריר (5*100 גר`) כרמית,כרמית תעשיות ממתקים בעמ,,,יח`,5,100 גרם,false,1,17.90,3.58,false,1,
7290018893005,false,"חטיפי בייגלה אפוי בטעם חרדל ודבש, 160 גרם",ש.שסטוביץ בעמ,,,יח`,1.60,100 גרם,false,1,6.90,4.31,true,1,
7290018893081,false,עוגות מגולגלות במילוי קרם חלבי וציפוי בטעם שוקולד,ש. שסטוביץ בע`מ,,,יח`,2.22,100 גרם,false,1,9.90,4.46,true,1,
7290018893104,false,צ'וקטה עוגויות ביסקוויט מצופה שוקולד מריר 100 גרם,דיסטרופר אוליבייר,,,יח`,1,100 גרם,false,1,7.90,7.90,true,1,
7290018893111,false,צ'וקטה שוקולד מריר בלגי 70% 100 גרם,ש. שסטוביץ בע`מ,,,יח`,1,100 גרם,false,1,9.90,9.90,false,1,
7290018893135,false,מקלות אפויים בתוספת מלח Salty,ש.שסטוביץ בעמ,,,יח`,1.20,100 גרם,false,1,7.90,6.58,true,1,
7290018893142,false,צ'וקטה גריסיני בתוספת שמן זית 120 גרם,ש.שסטוביץ בעמ,,,יח`,1.20,100 גרם,false,1,7.90,6.58,true,1,
7290018893258,false,צ'וקטה עוגות אישיות במילוי קרם קרמל ובציפוי בטעם שוקולד 300 גרם,פרדי קונדיטוריה אס.פ,,,יח`,3,100 גרם,false,1,12.90,4.30,true,1,
7290018893265,false,צ'וקטה עוגות אישיות בטעם שוקולד מריר 8 יח 240 גרם,"פרדי קונדיטוריה אס,פי.אי",,,יח`,2.40,100 גרם,false,1,12.90,5.38,true,1,
7290018893289,false,צ'וקטה עוגות מגולגלות בטעם קקאו במילוי קרם קקאו וציפוי בטעם שוקולד 6 יח' 222 גרם,ש. שסטוביץ בע`מ,,,יח`,2.22,100 גרם,false,1,9.90,4.46,true,1,
7290018893340,false,מקלות אפויים בתוספת שומשום Salty,ש. שסטוביץ בע`מ,,,יח`,1.20,100 גרם,false,1,7.90,6.58,true,1,
7290018893456,false,צ'וקטה עוגות אישיות במילוי קרם ובציפוי בטעם שוקולד 300 גרם,"פרדי קונדיטוריה אס,פי.אי",,,יח`,3,100 גרם,false,1,12.90,4.30,true,1,
7290018893494,false,עלי וופל דקים בטעם חמאה צ'וקטה 100 גרם,דיסטרופר אוליבייר,,,יח`,1,100 גרם,false,1,9.90,9.90,true,1,
7290018893616,false,מארז צוקטה שוקולד מריר 48% 6*100 גר,ש. שסטוביץ בע`מ,,,יח`,6,100 גרם,false,1,19.90,3.32,false,1,
7290018893661,false,עוגות אישיות במילוי קרם קקאו ציפוי בטעם שוקולד מריר,"פרדי קונדיטוריה אס,פי.אי",,,יח`,2.40,100 גרם,false,1,12.90,5.38,true,1,
7290018893753,false,עלי וופל חמאה בטעם לימון 100 גר` צוקטה,ש.שסטוביץ בעמ,,,יח`,1,100 גרם,false,1,9.90,9.90,true,1,
7290018893807,false,צוקטה בטעם שוקולד מריר 60% 3 יח' 300 גרם,אייברקקאו אס אי. יו,,,יח`,3,100 גרם,false,1,12.90,4.30,false,1,
7290018893814,false,צ'וקטה חמישיית שוקולד מריר 48%,הדקלאים אגודת שיתופי,,,יח`,5,100 גרם,false,1,18.90,3.78,true,1,
7290018893845,false,פתי בר ביסקוויט בטעם חמאה 400 גרם צ'וקטה,ש. שסטוביץ בע`מ,,,יח`,4,100 גרם,false,1,6.90,1.73,false,1,
7290018894019,false,עוגות אישיות במילוי קרם חלבי ובציפוי קרם קקאו,ש. שסטוביץ בע`מ,,,יח`,3.50,100 גרם,false,1,14.90,4.26,true,1,
7290018894217,false,עוגות אישיות במילוי קרם קקאו ובציפוי קרם קקאו,ש. שסטוביץ בע`מ,,,יח`,3.50,100 גרם,false,1,14.90,4.26,true,1,
7290018894248,false,צ'וקטה - שוקולד חלב שלישייה 3 * 100 גרם,ש. שסטוביץ בע`מ,,,יח`,3,100 גרם,false,1,12.90,4.30,false,1,
7290018894408,false,קוביות וופל במילוי קרם אגוזי לוז - חלבי,ש. שסטוביץ בע`מ,,,יח`,2.50,100 גרם,false,1,12.90,5.16,true,1,
7290018894606,false,בלקוני וופל קקאו 175 גרם חלבי OU,ש. שסטוביץ בע`מ,,,יח`,1.75,100 גרם,false,1,8.90,5.09,true,1,
7290018894804,false,וופלים במילוי קרם אגוזי לוז - חלבי,ש. שסטוביץ בע`מ,,,יח`,1.75,100 גרם,false,1,8.90,5.09,true,1,
7290018921067,false,"ד""ר פישר - אפקטיב קר תחליב רחצה שמן שקדים 700 מ""ל","פישר תעשיות פרמצביטות בע""מ",,,יח`,7,"100 מ""ל",false,1,16.90,2.41,true,1,
7290018921203,false,"קמיל בלו קרם החתלה קמומיל 120 ג' ד""ר פישר",פישר תעשיות פרמבצטיות בעמ,,,יח`,1.20,100 גרם,false,1,18.90,15.75,true,1,
7290018921654,false,"ד""ר פישר - אפקטיב קר תחליב רחצה תמצית לוונדר 700 מ""ל","פישר תעשיות פרמצביטות בע""מ",,,יח`,7,"100 מ""ל",false,1,16.90,2.41,true,1,
7290018921807,false,"קמיל בלו משחת החתלה צמחי מרפא 120 ג' ד""ר פישר","פישר תעשיות פרמצבטיות בע""מ",,,יח`,1.20,100 גרם,false,1,21.90,18.25,true,1,
7290018925065,false,מיץ תפוזים סחוט פרימור (2 ליטר),שטראוס גרופ בעמ/מצונן,,,יח`,2,1 ליטר,false,1,26.90,13.30,false,1,
7290018989005,false,שלישיית פולפה עגבניות טבעי יכין 400X3 גרם,זנלכול יכין,,,יח`,0.0120,100 גרם,false,1,15.90,1325,true,1,
7290018989128,false,סירופ בטעם ענבים יכין 1 ליטר,זנלכול יכין,,,יח`,1,1 ליטר,false,1,18.90,18.90,false,1,
7290018989135,false,סירופ 1 ליטר פטל יכין ליטר,זנלכול יכין,,,יח`,1,1 ליטר,false,1,18.90,18.90,false,1,
7290019056027,false,שוופס מוגז פירות תפוחים ללא סוכר 1.5 ליטר פיקדון,יפאורה - שותפות מוגבלת לשיווק,,,יח`,1.50,1 ליטר,false,1,8.90,5.73,true,1,
7290019056034,false,שוופס מוגז פירות אננס ללא סוכר 1.5 ליטר פיקדון,יפאורה - שותפות מוגבלת לשיווק,,,יח`,1.50,1 ליטר,false,1,8.90,5.73,true,1,
7290019056041,false,שוופס מוגז פירות לימונייד ללא סוכר 1.5 ליטר פיקדון,יפאורה - שותפות מוגבלת לשיווק,,,יח`,1.50,1 ליטר,false,1,8.90,5.73,true,1,
7290019056058,false,שוופס מוגז עדין תפוח ליים 1.5 ליטר פיקדון,יפאורה - שותפות מוגבלת לשיווק,,,יח`,1.50,1 ליטר,false,1,8.90,5.73,true,1,
7290019056065,false,שוופס מוגז עדין פירות יער 1.5 ליטר פיקדון,יפאורה - שותפות מוגבלת לשיווק,,,יח`,1.50,1 ליטר,false,1,8.90,5.73,true,1,
7290019056072,false,שוופס מוגז עדין אננס 1.5 ליטר פיקדון,יפאורה - שותפות מוגבלת לשיווק,,,יח`,1.50,1 ליטר,false,1,8.90,5.73,true,1,
7290019056089,false,שוופס מוגז עדין ענבי ריזלינג 1.5 ליטר פיקדון,יפאורה - שותפות מוגבלת לשיווק,,,יח`,1.50,1 ליטר,false,1,8.90,5.73,true,1,
7290019056096,false,שוופס מוגז עדין אפרסק 1.5 ליטר פיקדון,יפאורה - שותפות מוגבלת לשיווק,,,יח`,1.50,1 ליטר,false,1,8.90,5.73,true,1,
7290019056119,false,שוופס סודה 1.5 ליטר פיקדון,יפאורה שותפות מוגבלת לשיווק,,,יח`,1.50,1 ליטר,false,1,3.80,2.33,true,1,
7290019056133,false,שוופס סודה נענע ליים 1.5 ליטר בק' בודד,יפאורה שותפות מוגבלת לשיווק,,,יח`,1.50,1 ליטר,false,1,3.80,2.33,true,1,
7290019056164,false,שוופס סודה 1.5 ליטר רביעייה פיקדון,יפאורה - שותפות מוגבלת לשיווק,,,יח`,6,1 ליטר,false,1,12.20,1.83,false,1,
7290019056171,false,שוופס סודה לימון 1.5 ליטר רביעייה פיקדון,יפאורה - שותפות מוגבלת לשיווק,,,יח`,6,1 ליטר,false,1,12.20,1.83,false,1,
7290019056188,false,מארז רביעיית סודה בטעם נענע ליים 1.5 ל' שוופס,יפאורה - שותפות מוגבלת לשיווק,,,יח`,6,1 ליטר,false,1,12.20,1.83,false,1,
7290019056201,false,מארז רביעיית סודה בטעם פירות יער 1.5 ל' שוופס,יפאורה - שותפות מוגבלת לשיווק,,,יח`,6,1 ליטר,false,1,12.20,1.83,false,1,
7290019056232,false,משקה מוגז בטעם ליים מוחיטו 1.5 ל' שוופס,יפאורה - שותפות מוגבלת לשיווק,,,יח`,1.50,1 ליטר,false,1,8.90,5.73,true,1,
7290019056249,false,שוופס מים בטעמים ענבים 1.5 ליטר פיקדון,יפאורה - שותפות מוגבלת לשיווק,,,יח`,1.50,1 ליטר,false,1,8.90,5.73,true,1,
7290019056256,false,שוופס מים בטעמים תפוחים 1.5 ליטר פיקדון,יפאורה - שותפות מוגבלת לשיווק,,,יח`,1.50,1 ליטר,false,1,8.90,5.73,true,1,
7290019056263,false,שוופס מים בטעמים אפרסק 1.5 ליטר פיקדון,יפאורה - שותפות מוגבלת לשיווק,,,יח`,1.50,1 ליטר,false,1,8.90,5.73,true,1,
7290019056270,false,שוופס מים בטעמים פירות יער 1.5 ליטר פיקדון,יפאורה - שותפות מוגבלת לשיווק,,,יח`,1.50,1 ליטר,false,1,8.90,5.73,true,1,
7290019056287,false,שוופס מים בטעמים אפרסק ללא סוכר 1.5 ליטר פיקדון,יפאורה - שותפות מוגבלת לשיווק,,,יח`,1.50,1 ליטר,false,1,8.90,5.73,true,1,
7290019056300,false,משקה בטעם ביטר לימון 1.5 ל' שוויפס,יפאורה - שותפות מוגבלת לשיווק,,,יח`,1.50,1 ליטר,false,1,11.90,7.73,false,1,
7290019056317,false,משקה בטעם ראשן 1.5 ל' שוופס,יפאורה - שותפות מוגבלת לשיווק,,,יח`,15,"100 מ""ל",false,1,11.90,0.77,false,1,
7290019056324,false,משקה בטעם טוניק 1.5 ל' שוופס,יפאורה - שותפות מוגבלת לשיווק,,,יח`,1.50,1 ליטר,false,1,11.90,7.73,false,1,
7290019056331,false,שוופס טוניק ללא סוכר 1.5 ליטר פיקדון,יפאורה - שותפות מוגבלת לשיווק,,,יח`,0.0150,"100 מ""ל",false,1,11.90,773.33,false,1,
7290019056355,false,תפוזינה לימונדה מיקס לימונענע 1.5 ליטר,יפאורה - שותפות מוגבלת לשיווק,,,יח`,1.50,1 ליטר,false,1,8.90,5.73,true,1,
7290019056362,false,תפוזינה משקה קל ענבים 1.5 ליטר,יפאורה - שותפות מוגבלת לשיווק,,,יח`,1.50,1 ליטר,false,1,8.90,5.73,true,1,
7290019056379,false,משקה קל תפוזינה 1.5 ליטר תפוזים,יפאורה - שותפות מוגבלת לשיווק,,,יח`,1.50,1 ליטר,false,1,8.90,5.73,true,1,
7290019056386,false,משקה קל תפוזינה 1.5 ליטר אשכוליות,יפאורה - שותפות מוגבלת לשיווק,,,יח`,0.0150,"100 מ""ל",false,1,8.90,573.33,true,1,
7290019056393,false,משקה קל תפוזינה 1.5 ליטר תות בננה,יפאורה - שותפות מוגבלת לשיווק,,,יח`,1.50,1 ליטר,false,1,8.90,5.73,true,1,
7290019056409,false,תפוזינה משקה קל מנגו עסיסי1.5ליטר,יפאורה - שותפות מוגבלת לשיווק,,,יח`,1.50,1 ליטר,false,1,8.90,5.73,true,1,
7290019056423,false,תפוזינה משקה קל תפוח רענן 1.5ליטר,יפאורה - שותפות מוגבלת לשיווק,,,יח`,1.50,1 ליטר,false,1,8.90,5.73,true,1,
7290019056430,false,משקה קל תפוזינה 1.5 ליטר תפוזים לייט,יפאורה - שותפות מוגבלת לשיווק,,,יח`,1.50,1 ליטר,false,1,8.90,5.73,true,1,
7290019056454,false,משקה מוגז בטעם קולה 1.5 ל' אר סי,יפאורה - שותפות מוגבלת לשיווק,,,יח`,1.50,1 ליטר,false,1,6.90,4.40,false,1,
7290019056478,false,ספרינג טי קר אפרסק 1.5ליטר פיקדון,יפאורה - שותפות מוגבלת לשיווק,,,יח`,1.50,1 ליטר,false,1,8.90,5.73,true,1,
7290019056485,false,ספריג תה ירוק לימון לואיזה 1.5 ליטר פיקדון,יפאורה - שותפות מוגבלת לשיווק,,,יח`,1.50,1 ליטר,false,1,8.90,5.73,true,1,
7290019056492,false,ספרינג תה מנגו אפרסק 1.5 ליטר פיקדון,יפאורה - שותפות מוגבלת לשיווק,,,יח`,1.50,1 ליטר,false,1,8.90,5.73,true,1,
7290019056508,false,פרוט ווטר ענבים 1.5 ליטר פיקדון,יפאורה - שותפות מוגבלת לשיווק,,,יח`,1.50,1 ליטר,false,1,8.90,5.73,true,1,
7290019056515,false,פרוט ווטר אננס 1.5 ליטר פיקדון,יפאורה - שותפות מוגבלת לשיווק,,,יח`,1.50,1 ליטר,false,1,8.90,5.73,true,1,
7290019056522,false,מים בטעם תות 1.5 ל' פרוט וואטר,יפאורה - שותפות מוגבלת לשיווק,,,יח`,1.50,1 ליטר,false,1,8.90,5.73,true,1,
7290019056546,false,fruit water פרוט ווטר אבטיח 1.5 ליטר-,יפאורה - שותפות מוגבלת לשיווק,,,יח`,1.50,1 ליטר,false,1,8.90,5.73,true,1,
7290019056553,false,שישיית מים מינרלים עין גדי 2 ליטר,יפאורה - שותפות מוגבלת לשיווק,,,יח`,1.20,1 ליטר,false,1,13.70,9.92,false,1,
7290019056577,false,ספרינג קל מנגו 1.5 ליטר פיקדון,יפאורה - שותפות מוגבלת לשיווק,,,יח`,1.50,1 ליטר,false,1,8.90,5.73,true,1,
7290019056584,false,משקה קל תפוזים ספרינג 1.5 ליטר,יפאורה - שותפות מוגבלת לשיווק,,,יח`,1.50,1 ליטר,false,1,8.90,5.73,true,1,
7290019056591,false,משקה קל ענבים ספרינג 1.5 ליטר,יפאורה - שותפות מוגבלת לשיווק,,,יח`,1.50,1 ליטר,false,1,8.90,5.73,true,1,
7290019056607,false,משקה קל תפוחים ספרינג 1.5 ליטר,יפאורה - שותפות מוגבלת לשיווק,,,יח`,1.50,1 ליטר,false,1,8.90,5.73,true,1,
7290019056614,false,משקה קל אפרסק ספרינג 1.5 ליטר,יפאורה - שותפות מוגבלת לשיווק,,,יח`,1.50,1 ליטר,false,1,8.90,5.73,true,1,
7290019056621,false,משקה קל פירות טרופיים ספרינג 1.5 ליטר,יפאורה - שותפות מוגבלת לשיווק,,,יח`,1.50,1 ליטר,false,1,8.90,5.73,true,1,
7290019056638,false,משקה קל ספרינג 1.5 ליטר תות בננה,יפאורה - שותפות מוגבלת לשיווק,,,יח`,1.50,1 ליטר,false,1,8.90,5.73,true,1,
7290019056645,false,משקה קל ספרינג 1.5 ליטר אגס תפוח סברס,יפאורה - שותפות מוגבלת לשיווק,,,יח`,1.50,1 ליטר,false,1,8.90,5.73,true,1,
7290019056652,false,משקה קל ספרינג 1.5 ליטר אננס בננה,יפאורה - שותפות מוגבלת לשיווק,,,יח`,1.50,1 ליטר,false,1,8.90,5.73,true,1,
7290019056669,false,משקה קל ספרינג 1.5 ליטר תפוחים דיאט,יפאורה - שותפות מוגבלת לשיווק,,,יח`,1.50,1 ליטר,false,1,8.90,5.73,true,1,
7290019056676,false,משקה קל אשכולית אננס דיאט ספרינג 1.5 ליטר,יפאורה - שותפות מוגבלת לשיווק,,,יח`,1.50,1 ליטר,false,1,8.90,5.73,true,1,
7290019056720,false,קריסטל מיץ ענבים 2 ליטר פיקדון,יפאורה - שותפות מוגבלת לשיווק,,,יח`,2,1 ליטר,false,1,7.20,3.45,false,1,
7290019056737,false,משקה קל קריסטל (2 ליטר)אשכוליות,יפאורה - שותפות מוגבלת לשיווק,,,יח`,2,1 ליטר,false,1,7.20,3.45,false,1,
7290019056744,false,קריסטל מיץ תפוזים 2 ליטר פיקדון,יפאורה - שותפות מוגבלת לשיווק,,,יח`,2,1 ליטר,false,1,7.20,3.45,false,1,
7290019056751,false,קריסטל מיץ אשכוליות דיאט 2 ליטר פיקדון,יפאורה - שותפות מוגבלת לשיווק,,,יח`,2,1 ליטר,false,1,7.20,3.45,false,1,
7290019056775,false,משקה קל קריסטל (2 ליטר)מוגז ענבים,יפאורה - שותפות מוגבלת לשיווק,,,יח`,2,1 ליטר,false,1,7.20,3.45,false,1,
7290019056782,false,משקה קל קריסטל (2 ליטר)מוגז למון ליים,יפאורה - שותפות מוגבלת לשיווק,,,יח`,2,1 ליטר,false,1,7.20,3.45,false,1,
7290019056799,false,משקה קל קריסטל (2 ליטר)מוגז אקזוטי,יפאורה - שותפות מוגבלת לשיווק,,,יח`,2,1 ליטר,false,1,7.20,3.45,false,1,
7290019056805,false,משקה קל קריסטל (2 ליטר)מוגז תפוחים,יפאורה - שותפות מוגבלת לשיווק,,,יח`,2,1 ליטר,false,1,7.20,3.45,false,1,
7290019056812,false,משקה קל קריסטל (2 ליטר)מוגז מנטה,יפאורה - שותפות מוגבלת לשיווק,,,יח`,2,1 ליטר,false,1,7.20,3.45,false,1,
7290019056829,false,משקה קל קריסטל (2 ליטר)מוגז תפוזים,יפאורה - שותפות מוגבלת לשיווק,,,יח`,2,1 ליטר,false,1,7.20,3.45,false,1,
7290019056836,false,משקה קל קריסטל (2 ליטר)מוגז תות,יפאורה - שותפות מוגבלת לשיווק,,,יח`,2,1 ליטר,false,1,7.20,3.45,false,1,
7290019056843,false,משקה קל קריסטל (2 ליטר)מוגז קולה,יפאורה - שותפות מוגבלת לשיווק,,,יח`,2,1 ליטר,false,1,7.20,3.45,false,1,
7290019056959,false,מי עדן בקבוק מתכווץ שקט 1.5 מ``ל,יפאורה - שותפות מוגבלת לשיווק,,,יח`,1.50,1 ליטר,false,1,2.80,1.67,false,1,
7290019056966,false,מי עדן בקבוק פיקדון 1.5 ליטר,תבורי-שותפות מוגבלת לשיווק,,,יח`,15,"100 מ""ל",false,1,4.20,0.26,false,1,
7290019056973,false,מי עדן שישיה בק `1.5ליטר פיקדון,יפאורה - שותפות מוגבלת לשיווק,,,יח`,9,1 ליטר,false,1,13.90,1.34,false,1,
7290019074762,false,"אפקטיב קר תחליב רחצה מועשר בשמן כותנה 450 מ""ל",פישר תעשיות פרמבצטיות בעמ,,,יח`,4.50,"100 מ""ל",false,1,14.90,3.31,false,1,
7290019074885,false,"ד""ר פישר - קמיל בלו אקסטרה סופט קרם גוף לתינוק 500 מ""ל","פישר תעשיות פרמצביטות בע""מ",,,יח`,5,"100 מ""ל",false,1,29.90,5.98,true,1,
7290019094012,false,פטרוזיליה יח',רביבים עלי דשא בעמ,,,יח`,1,,false,1,6.50,6.50,false,1,
7290019094043,false,נענע יח',רביבים עלי דשא בעמ,,,יח`,1,,false,1,6.50,6.50,false,1,
7290019094050,false,סלרי יח',רביבים עלי דשא בעמ,,,יח`,1,,false,1,7.50,7.50,false,1,
7290019094067,false,עלי סלק יח',רביבים עלי דשא בעמ,,,יח`,1,,false,1,7.50,7.50,false,1,
7290019101833,false,כוסות קרטון שתיה חמה8-B שווה,ח.כהן סוכנות מזון ומשקאות בע,,,יח`,50,יח`,false,1,7.90,0.16,false,1,
7290019145080,false,מרקש ערק לימון 700 מל,אבאל יזמות בעמ,,,יח`,7,"100 מ""ל",false,1,39.90,5.66,true,1,
7290019145288,false,מרקש ערק לימונענע 700 מל,אבאל יזמות בעמ,,,יח`,7,"100 מ""ל",false,1,39.90,5.66,true,1,
7290019145486,false,מרקש ערק פסיפלורה 700 מל,אבאל יזמות בעמ,,,יח`,7,"100 מ""ל",false,1,39.90,5.66,true,1,
7290019145684,false,מרקש ערק אננס 700 מל,אבאל יזמות בעמ,,,יח`,7,"100 מ""ל",false,1,39.90,5.66,true,1,
7290019153078,false,שוופס ביטר למון 1.5 לייט ליטר פיקדון,יפאורה - שותפות מוגבלת לשיווק,,,יח`,1.50,1 ליטר,false,1,11.90,7.73,false,1,
7290019153085,false,שוופס מוגז ליים מוחיטו ללא סוכר 1.5 ליטר-,יפאורה - שותפות מוגבלת לשיווק,,,יח`,1.50,1 ליטר,false,1,8.90,5.73,true,1,
7290019153252,false,שוופס סודה תפוח 1.5 ליטר רביעייה פיקדון,יפאורה - שותפות מוגבלת לשיווק,,,יח`,6,1 ליטר,false,1,12.20,1.83,false,1,
7290019153269,false,שוופס סודה אננס 1.5 ליטר רביעייה פיקדון,יפאורה - שותפות מוגבלת לשיווק,,,יח`,6,1 ליטר,false,1,12.20,1.83,false,1,
7290019153351,false,משקה קל תפוזינה 1.5 ליטר פינק אוזו,יפאורה - שותפות מוגבלת לשיווק,,,יח`,15,"100 מ""ל",false,1,8.90,0.57,true,1,
7290019153375,false,משקה קל תפוזינה 1.5 ליטר מוחיטו,יפאורה - שותפות מוגבלת לשיווק,,,יח`,15,"100 מ""ל",false,1,8.90,0.57,true,1,
7290019153535,false,"רביעיית שוופס מוגז פירות למונייד ללא סוכר 330 מ""ל פחיות",יפאורה - שותפות מוגבלת לשיווק,,,יח`,1.32,1 ליטר,false,1,12.90,8.86,false,1,
7290019167020,false,עוגת גבינה עם פירות יער לייט עדן קינוחים 82 גרם,"תנובה בע""מ ***",,,יח`,0.82,100 גרם,false,1,6.90,8.41,false,1,
7290019167037,false,תותים בקצפת 82 גרם עדן קינוחים,תנובה בעמ ***,,,יח`,0.82,100 גרם,false,1,6.90,8.41,false,1,
7290019167044,false,קצפת עם קרם בייגלה מתוק מלוח עדן קינוחים 82 גרם,תנובה בעמ ***,,,יח`,0.82,100 גרם,false,1,6.90,8.41,false,1,
7290019232162,false,"חליטת ""לילה טוב"" קמומיל מליסה 25 שקיקים ויסוצקי",תה ויסוצקי (ישראל) בעמ,,,יח`,1,,false,1,25.90,25.90,true,1,
7290019232179,false,ויסוצקי פלוס תה ירוק נענע עם ויטמינים,תה ויסוצקי (ישראל) בעמ,,,יח`,1,,false,1,25.90,25.90,true,1,
7290019232353,false,תה ירוק סיני 50 שקיקים ויסוצקי,תה ויסוצקי (ישראל) בעמ,,,יח`,0.75,100 גרם,false,1,44.90,59.87,true,1,
7290019232834,false,פליפז בייגלה מצופה קרם עוגיות ושוקולד מקוויטיס 140 גרם,תה ויסוצקי (ישראל) בעמ,,,יח`,1.40,100 גרם,false,1,7.90,5.64,true,1,
7290019297161,false,טורטיה ראפ מקמח תירס שקדיה 450 גרם,דין שיווק וקליה 2021 בעמ,,,יח`,4.50,100 גרם,false,1,9.90,2.20,true,1,
7290019297420,false,מעדן תות שדה 100% רכיבי פרי 284 גר' ללא תוספת סוכר,דין שיווק וקליה 2021 בעמ,,,יח`,2.84,100 גרם,false,1,10.90,3.84,true,1,
7290019297536,false,חמאת בוטנים עם שברי בוטנים שקדיה 510 גרם,דין שיווק וקליה 2021 בעמ,,,יח`,5.10,100 גרם,false,1,12.90,2.53,true,1,
7290019297543,false,חמאת בוטנים 510 גר` דין שיווק,דין שיווק וקליה 2021 בעמ,,,יח`,5.10,100 גרם,false,1,12.90,2.53,true,1,
7290019297550,false,בוטנים מטוגנים בקוספא 185 גרם,דין שיווק וקליה 2021 בעמ,,,יח`,1.85,100 גרם,false,1,9.90,5.35,true,1,
7290019297628,false,שקד טבעי בשקית ששון הקולה 150 גרם,דין שיווק וקליה 2021 בעמ,,,יח`,1.50,100 גרם,false,1,13.90,9.27,true,1,
7290019303657,false,טבע ירוק פינוקית שומשום מיקס בריאות 250ג,אבאל יזמות בעמ,,,יח`,2.50,100 גרם,false,1,17.90,7.16,false,1,
7290019303701,false,טבע ירוק פינוקית שומשום מיקס ישראלי 250ג,אבאל יזמות בעמ,,,יח`,2.50,100 גרם,false,1,17.90,7.16,false,1,
7290019303800,false,פינוקיות שומשום עם שקדים וחמוציות 250 ג',אבאל יזמות בעמ,,,יח`,2.50,100 גרם,false,1,17.90,7.16,false,1,
7290019393016,false,"קמח חיטה לבן ללא צורך בניפוי 1 ק""ג האופה",אבאל יזמות בעמ,,,יח`,1,"ק""ג",false,1,6.90,6.90,true,1,
7290019393061,false,"קמח כוסמין 100% ללא צורך בניפוי 1 ק""ג האופה",אבאל יזמות בעמ,,,יח`,1,"ק""ג",false,1,14.90,14.90,false,1,
7290055090702,false,"איגלו שלוקים בטעמי פטל, לימון וענבים 60 יח'",כרמית תעשיות ממתקים בעמ,,,יח`,1,,false,1,13.90,13.90,false,1,
7290100230145,false,בונז`ור חלה מתוקה קלועה,קבוצת אסם סחר שות. מוגבלת,,,יח`,1,,false,1,11.90,11.90,true,1,
7290100235324,false,בונג`ור עוגת בריוש גבינה 550גר,**קבוצת אוסם סחר-שות.מוגבלת,,,יח`,1,,false,1,24.90,24.90,false,1,
7290100235492,false,בונז'ור לחם שיפון רוסי 575ג',קבוצת אסם סחר שות. מוגבלת,,,יח`,1,,false,1,11.90,11.90,false,1,
7290100235553,false,בונז'ור עוגת בריוש תפוח עם אגוזים 550 ג',**קבוצת אוסם סחר-שות.מוגבלת,,,יח`,5.50,100 גרם,false,1,24.90,4.53,false,1,
7290100240632,false,קרקר פתית 200-300ג' 6 דגנים 250 גרם,"יוניליוור ישראל שיווק בע""מ",,,יח`,2.50,100 גרם,false,1,17.90,7.16,true,1,
7290100240656,false,"פתית שיפון בד""צ חדש 300X24 גר'",יוניליוור ישראל שיווק בע`מ,,,יח`,3,100 גרם,false,1,17.90,5.97,true,1,
7290100247969,false,קליק שקיות כריות צ`וקולדה,יוניליוור ישראל שיווק בעמ,,,יח`,0.75,100 גרם,false,1,6.50,8.67,true,1,
7290100653463,false,"פלמוליב - ארומה ג'ל רחצה מסאז' 500 מ""ל",קולגייט פלמוליב,,,יח`,5,"100 מ""ל",false,1,15.90,3.18,false,1,
7290100658338,false,"נוזל לניקוי כלים אוקסי פלוס פלמוליב 750 מ""ל",הנסיך- מפעל לייצור ט,,,יח`,7.50,"100 מ""ל",false,1,12.90,1.72,true,1,
7290100659090,false,פרי חטיפים ללא גלוטן ותוספת סוכר מארז 5 תמרים וקינמון,טבעית מוצרים מן הטבע בעמ,,,יח`,1,100 גרם,false,1,15.90,15.90,false,1,
7290100680667,false,מנה חמה נודלס בסגנון סצ`ואן אסם (76 גרם),קבוצת אוסם סחר שותפות מוגבלת,,,יח`,0.76,100 גרם,false,1,7.90,10.39,true,1,
7290100680711,false,פירורית זהב אסם זהב 350ג',קבוצת אוסם סחר שותפות מוגבלת,,,יח`,3.50,100 גרם,false,1,8.90,2.54,false,1,
7290100680728,false,פירורית רגילה שקית 350 גרם,קבוצת אוסם סחר שותפות מוגבלת,,,יח`,3.50,100 גרם,false,1,7.90,2.26,false,1,
7290100681015,false,אינסטנט פודינג בטעם ריבת חלב אסם 84 גרם,קבוצת אוסם סחר שותפות מוגבלת,,,יח`,0.84,100 גרם,false,1,5.90,7.02,false,1,
7290100681138,false,מארז אפרופו חטיף תירס 3 יחידות,קבוצת אוסם סחר שותפות מוגבלת,,,יח`,1.50,100 גרם,false,1,13.90,9.27,true,1,
7290100685136,false,"אבקת מרק טעם עוף 1 ק""ג 1/8 אסם",קבוצת אוסם סחר שותפות מוגבלת,,,יח`,1,"ק""ג",false,1,14.90,14.90,true,1,
7290100685334,false,אבקת מרק עוף אמיתי בשרי רכיבים טבעיים אסם 400 גרם,קבוצת אוסם סחר שותפות מוגבלת,,,יח`,4,100 גרם,false,1,24.90,6.23,true,1,
7290100685341,false,אבקת מרק טעם עוף זך רכיבים טבעיים אסם 400 גרם,קבוצת אוסם סחר שותפות מוגבלת,,,יח`,4,100 גרם,false,1,16.90,4.23,true,1,
7290100686164,false,מארז מולטיפק ביסלי ברביקיו 6 יח 35 גר יח,קבוצת אוסם סחר שותפות מוגבלת,,,יח`,2.10,100 גרם,false,1,14.90,7.10,true,1,
7290100686171,false,מארז מולטיפק ביסלי גריל 6 יח 35 גר ליח,קבוצת אוסם סחר שותפות מוגבלת,,,יח`,2.10,100 גרם,false,1,15.90,7.57,true,1,
7290100689301,false,אבקת מרק בטעם עוף זך עדיף אסם 400 גרם,קבוצת אוסם סחר שותפות מוגבלת,,,יח`,4,100 גרם,false,1,15.90,3.98,true,1,
7290100700020,false,גריסי פנינה סוגת (500 גרם),האי נאם סי או אל.טי.,,,יח`,2,100 גרם,false,1,6.90,3.45,true,1,
7290100700068,false,סוגת שעועית צבעונית 500גרם,"סוגת תעשיות בע""מ",,,יח`,5,100 גרם,false,1,11.90,2.38,true,1,
7290100700075,false,פירורי לחם מוזהבים סוגת (200 גרם),"סוגת תעשיות בע""\מ",,,יח`,2,100 גרם,false,1,4,2,true,1,
7290100700242,false,אורז מלא עגול סוגת (1 קג),"סוגת תעשיות בע""\מ",,,יח`,10,100 גרם,false,1,9.90,0.99,false,1,
7290100700273,false,קינואה לבנה 500 ג סו,האי נאם סי או אל.טי.,,,יח`,5,100 גרם,false,1,15.90,3.18,true,1,
7290100700372,false,"אורז בסגנון בסמטי מלא 1 ק""ג",האי נאם סי או אל.טי.,,,יח`,1,"ק""ג",false,1,13.90,13.90,false,1,
7290100700396,false,"אורז יסמין קלאסי סוגת 1 ק""ג",האי נאם סי או אל.טי.,,,יח`,1,"ק""ג",false,1,12.90,12.90,true,1,
7290100700587,false,"בורגול ""סוגת"" 500 גרם",האי נאם סי או אל.טי.,,,יח`,5,100 גרם,false,1,5.90,1.18,true,1,
7290100701126,false,סוגת שעועית מש סוגת 500 גרם,סוגת תעשיות בעמ,,,יח`,5,100 גרם,false,1,12.90,2.58,true,1,
7290100701140,false,"אורז ריזוטו ארבוריו 1 ק""ג ""סוגת""","סוגת תעשיות בע""מ",,,יח`,1,"ק""ג",false,1,12.90,12.90,true,1,
7290100701157,false,אורז להכנת סושי סוגת (1 קג),"סוגת תעשיות בע""\מ",,,יח`,1,"ק""ג",false,1,11.90,11.90,false,1,
7290100701300,false,קינואה אדומה סוגת (500 גרם),"סוגת תעשיות בע""\מ",,,יח`,5,100 גרם,false,1,15.90,3.18,true,1,
7290100701454,false,בורגול דק גרישה סוגת (500 גרם),"סוגת תעשיות בע""\מ",,,יח`,5,100 גרם,false,1,5.90,1.18,true,1,
7290100702284,false,קוסקוס מלא סוגת (350 גרם),"אסיף תעשיות מזון בע""",,,יח`,3.50,100 גרם,false,1,4.90,1.40,false,1,
7290100702611,false,פתיתים אפויים אורז 500 גרם סוגת,"אסיף תעשיות מזון בע""\מ",,,יח`,5,100 גרם,false,1,5.90,1.18,true,1,
7290100702628,false,פתיתים אפויים קוסקוס סוגת 500 גרם,"אסיף תעשיות מזון בע""\מ",,,יח`,5,100 גרם,false,1,5.90,1.18,true,1,
7290100702994,false,סוכר דמררה קלאסי בשקית סוגת 500 גרם,"סוגת תעשיות בע""מ",,,יח`,5,100 גרם,false,1,6.90,1.38,true,1,
7290100703007,false,"עדשים שחורות בלוגה 500 גרם ""סוגת""",האי נאם סי או אל.טי.,,,יח`,5,100 גרם,false,1,7.90,1.58,true,1,
7290100703533,false,קמח קסם תערובת קמח שמרים סוגת 1 קג,טחנות קמח שטיבל באר שבע,,,יח`,1,"ק""ג",false,1,7.90,7.90,false,1,
7290100703861,false,"תערובת קסם לחלה ללא צורך בניפוי סוגת 1 ק""ג","שטיבל בע""\מ - טחנות קמח",,,יח`,1,"ק""ג",false,1,7.90,7.90,false,1,
7290100704493,false,קמח שמרים פיצה ללא צורך בניפוי 1 קג סוגת,"שטיבל בע""\מ - טחנת קמח",,,יח`,1,"ק""ג",false,1,7.90,7.90,false,1,
7290100704608,false,שעועית לבנה עדינה סוגת (500 גרם),"סוגת תעשיות בע""\מ",,,יח`,5,100 גרם,false,1,6.90,1.38,true,1,
7290100704622,false,סוכר דמררה דק דק בצנצנת סוגת 500 גרם,"סוגת תעשיות בע""\מ",,,יח`,5,100 גרם,false,1,7.90,1.58,true,1,
7290100704660,false,"קינואה מיקס סוגת, 500 גרם","סוגת תעשיות בע""\מ",,,יח`,5,100 גרם,false,1,15.90,3.18,true,1,
7290100704707,false,אורז מיקס סוגת (500גרם),סוגת תעשיות בעמ,,,יח`,5,100 גרם,false,1,9.90,1.98,false,1,
7290100850909,false,חטיף תירס נאצ`ו מקסיקני דוריטוס (70 גרם),"שטראוס פריטו ליי בע""\מ",,,יח`,0.70,100 גרם,false,1,3.90,5.57,true,1,
7290100850916,false,דוריטוס חמוץ חריף מעודן 70 גרם כשר לפסח,"שטראוס פריטו ליי בע""\מ )",,,יח`,0.70,100 גרם,false,1,3.90,5.57,true,1,
7290100850923,false,חטיף תירס גריל דוריטוס (70 גרם),"שטראוס פריטו ליי בע""\מ )",,,יח`,0.70,100 גרם,false,1,3.90,5.57,true,1,
7290100850930,false,חטיף תירס בטעם טבעי דוריטוס (70 גרם),"שטראוס פריטו ליי בע""\מ )",,,יח`,0.70,100 גרם,false,1,3.90,5.57,true,1,
7290100851968,false,מארז קפה נמס עלית זוגות,"שטראוס גרופ בע""מ",,,יח`,4,100 גרם,false,1,39.90,9.98,false,1,
7290100858592,false,אבקת קקאו עלית שקית 150 ג',הנסיך- מפעל לייצור ט,,,יח`,1.50,100 גרם,false,1,8.90,5.93,false,1,
7290100858608,false,עלית אבקת קקאו כשלפ 500 גרם,שטראוס קפה בי.ויn\.,,,יח`,5,100 גרם,false,1,23.90,4.78,false,1,
7290100921623,false,מנקה אסלה סוד 4 כדוריות נתלה אקונומיקה נתלה 50 ג',גורי שיווק בעמ,,,יח`,1,,false,1,7.90,7.90,true,1,
7290100924204,false,"פרסיל אבקה לכביסה רגיל 8 ק""ג",גורי שיווק בעמ,,,יח`,8,"ק""ג",false,1,49.90,6.24,false,1,
7290100924457,false,שלישיית כדוריות סבון לאסלה לימון סוד 50 גרם,גורי שיווק בעמ,,,יח`,1,,false,1,16.90,16.90,true,1,
7290100924464,false,כדוריות סבון נתלה לאסלה עם אקונומיקה - 3 יח',גורי שיווק בעמ,,,יח`,1,,false,1,16.90,16.90,true,1,
7290100924631,false,מרכך כביסה מרוכז לבגדי תינוקות ובעלי עור רגיש,גורי שיווק בעמ,,,יח`,9,"100 מ""ל",false,1,12.90,1.43,false,1,
7290100925669,false,דפים למניעת העברת צבע קולור קאצ`ר) (10,גורי שיווק בעמ,,,יח`,1,,false,1,12.90,12.90,true,1,
7290100925676,false,קולור קאצר 20 דפים לוכדי צבע למכונת כביס,גורי שיווק בעמ,,,יח`,1,,false,1,17.90,17.90,true,1,
7290100925751,false,נוזל כלים תפוח סוד (650 מל),גורי שיווק בעמ,,,יח`,6.50,"100 מ""ל",false,1,5.90,0.91,false,1,
7290100926147,false,אבקת כביסה פרסיל קולור שקית 2.5 קג,גורי שיווק בעמ,,,יח`,2.50,"ק""ג",false,1,25.90,10.36,true,1,
7290100926598,false,פרסיל א.כביסה סודה אקטיב 5קג,גורי שיווק בעמ,,,יח`,5,"ק""ג",false,1,42.90,8.58,false,1,
7290101110149,false,גלידה בלסימו וניל עם פליק 1.3 ל' פלדמן,גלידות פלדמן,,,יח`,1.30,1 ליטר,false,1,18.90,14.54,true,1,
7290101110279,false,גלידה משפחתית שוקולד פאדג פקאן 1.3ל,פלקו בעמ חברה ישראלית,,,יח`,1.30,1 ליטר,false,1,18.90,14.54,true,1,
7290101110460,false,גלידה בליסימו וניל צרפתי 1.3 ל' פלדמן,פלקו בעמ חברה ישראלית,,,יח`,1.30,1 ליטר,false,1,18.90,14.54,true,1,
7290101110477,false,חגיגה בקלאווה פלדמן 1.8 ליטר,פלקו בעמ,,,יח`,1.80,1 ליטר,false,1,25.90,14.39,false,1,
7290101110811,false,מאגדת גלידל וניל מצופה סורבה פסיפלורה[8],פלקו בעמ חברה ישראלית,,,יח`,6.40,100 גרם,false,1,27,4.22,false,1,
7290101111269,false,פונטש בננה וניל שוקו וניל נטיפים,פלקו בעמ,,,יח`,1.80,1 ליטר,false,1,17.90,9.94,false,1,
7290101112112,false,חגיגה טירמיסו פלדמן 1.8 ליטר,פלקו בעמ חברה ישראלית,,,יח`,1.80,1 ליטר,false,1,25.90,14.39,false,1,
7290101112228,false,מאגדת פופסיקל גלידל פרי אננס 8 יח`,פלקו בעמ חברה ישראלית,,,יח`,8,100 גרם,false,1,24.90,3.11,false,1,
7290101112600,false,גלידה בלסימו מילקשייק וניל מוקה 1.3 ל' פלדמן,פלקו בעמ חברה ישראלית,,,יח`,1.30,1 ליטר,false,1,18.90,14.54,true,1,
7290101113157,false,מאגדת גלידל וניל עוגיות פלדמן 6 יחידות,"פלקו בע""\מ, חברה ישראלית",,,יח`,1,,false,1,26.90,26.90,false,1,
7290101113393,false,גלידה יופלה פריזי יוגורט פירות יער מאגדת 400 ג',פלקו בעמ חברה ישראלית,,,יח`,1,,false,1,19.90,19.90,true,1,
7290101113409,false,גלידה יופלה פריזי יוגורט תות מאגדת 400 ג',פלקו בעמ חברה ישראלית,,,יח`,1,,false,1,19.90,19.90,true,1,
7290101113430,false,מאגדת גלידל סירופ שוקולד פלדמן 6 יחידות,"פלקו בע""\מ, חברה ישראלית",,,יח`,1,,false,1,26.90,26.90,false,1,
7290101113584,false,מאגדת טילונים שוקולד לבן עם ליבת שוקולד יולו 5 יח',פלקו בעמ חברה ישראלית,,,יח`,1,,false,1,21.90,21.90,false,1,
7290101113591,false,מאגדת טילונים יולי 5 יחידות שוקולד לבן ועוגיות,פלקו בעמ חברה ישראלית,,,יח`,1,,false,1,21.90,21.90,false,1,
7290101113638,false,מאגדת סנקור שוקו וניל שמינייה,פלקו בעמ חברה ישראלית,,,יח`,1,,false,1,26.90,26.90,false,1,
7290101113751,false,מאגדת שלגון קרמל ושוקולד בלונדי רביעיה * 50 ג' יולו,פלקו בעמ חברה ישראלית,,,יח`,2,100 גרם,false,1,17.90,8.95,false,1,
7290101113768,false,מאגדת שלגון עוגיות ושוקולד חלב רביעיה * 50 ג' יולו,פלקו בעמ חברה ישראלית,,,יח`,2,100 גרם,false,1,17.90,8.95,false,1,
7290101113805,false,מאגדת (5) יופלה שייק פרי תות 70 אחוז פרי 350 גרם,פלקו בעמ חברה ישראלית,,,יח`,3.50,100 גרם,false,1,19.90,5.69,true,1,
7290101113812,false,מאגדת יופלה שייק פרי אננס קוקוס פלדמן 5 יחידות,פלקו בעמ חברה ישראלית,,,יח`,3.50,100 גרם,false,1,19.90,5.69,false,1,
7290101113829,false,מאגדת (5) יופלה שייק פרי מנגו 70 אחוז פרי 350 גרם,פלקו בעמ חברה ישראלית,,,יח`,3.50,100 גרם,false,1,19.90,5.69,true,1,
7290101455264,false,בקבוק שתייה דגם שקוף-700 מל-מפרץ ההרפ,שמחה זה אנחנו בעמ,,,יח`,1,,false,1,24.90,24.90,false,1,
7290101486688,false,חטיף דגנים עם שוקולד ללא גלוטן וסוכר פרי 5*20 גרם,טבעית מוצרים מן הטבע בעמ,,,יח`,0.90,100 גרם,false,1,15.90,17.67,false,1,
7290101488316,false,ליידי ספיד סטיק - דאודורנט סטיק לאישה ללא סימן ורוד סטיק 65 גרם,ליידי ספיד סטיק Lady Speed Stick,,,יח`,0.50,"100 מ""ל",false,1,21.90,43.80,true,1,
7290101488323,false,ליידי ספיד סטיק - דאודורנט סטיק לאישה ללא סימן ירוק סטיק 65 גרם,ליידי ספיד סטיק Lady Speed Stick,,,יח`,0.65,"100 מ""ל",false,1,21.90,33.69,true,1,
7290101551027,false,קפסולות קפה אספרסו חזק במיוחד 14 עלית 10 יח',הנסיך- מפעל לייצור ט,,,יח`,0.50,100 גרם,false,1,16.90,33.80,true,1,
7290101551263,false,סילאן טבעי 700 גרם יד מרדכי,"שטראוס גרופ בע""מ",,,יח`,7,100 גרם,false,1,19.90,2.84,false,1,
7290101551300,false,סילאן טבעי ללא תוספת סוכר בקבוק לחיץ,מכוורת יד מרדכי שטראוס ב,,,יח`,3.80,100 גרם,false,1,14.90,3.92,false,1,
7290101551539,false,יוגורט PRO בטעם אפרסק 0% 20 גרם חלבון בגביע,שטראוס גרופ בעמ/מצונן,,,יח`,2,100 גרם,false,1,5.90,2.95,false,1,
7290101551584,false,תפוצ'יפס קידס מארז 10 יח' * 20 ג',"שטראוס פריטו ליי בע""מ )פ",,,יח`,2,100 גרם,false,1,12.90,6.45,false,1,
7290101551614,false,חטיף צ'יטוס קראנץ בטעם גבינה - מארז 8 יח',"שטראוס פריטו ליי בע""מ )פ",,,יח`,2.40,100 גרם,false,1,13.90,5.79,false,1,
7290101551638,false,חטיף צ'יטוס כאפה בטעם קטשופ - מארז 10 יח',"שטראוס פריטו ליי בע""מ )פ",,,יח`,2,100 גרם,false,1,12.90,6.45,true,1,
7290101863410,false,"סיליט באנג ספריי ניקוי עוצמתי מכיל אקונומיקה 750 מ""ל",רקיט בנקיזר (ניר איסט) בעמ,,,יח`,7.50,"100 מ""ל",false,1,12.90,1.72,false,1,
7290101864127,false,ספריי להסרת כתמים וניש קליה (750 מל),רקיט בנקיזר (ניר איסט) בעמ,,,יח`,7.50,"100 מ""ל",false,1,16.90,2.25,false,1,
7290101865261,false,נוזל הברקה למדיח כלים פיניש (800 מל),רקיט בנקיזר (ניר איסט) בעמ,,,יח`,8,"100 מ""ל",false,1,19.90,2.49,false,1,
7290101866633,false,וניש קליה גל להסרת כתמים 3 ליטר אוקסיפרש,רקיט בנקיזר (ניר איסט) בעמ,,,יח`,3,1 ליטר,false,1,29.90,9.97,false,1,
7290101866787,false,וניש קליה נוזל מסיר כתמים לכביסה לבנה 3 ליטר,רקיט בנקיזר (ניר איסט) בעמ,,,יח`,3,1 ליטר,false,1,29.90,9.97,false,1,
7290101868460,false,"אבקת כביסה קולון 101 8 ק""ג",רקיט בנקיזר (ניר איסט) בעמ,,,יח`,8,"ק""ג",false,1,54.90,6.86,false,1,
7290101868958,false,פיניש נוזל הברקה למדיח בניחוח לימון,רקיט בנקיזר (ניר איסט) בעמ,,,יח`,8,"100 מ""ל",false,1,19.90,2.49,false,1,
7290101869726,false,ג'ל מרוכז למדיח הכל ב-1 פיניש 1 ליטר,רקיט בנקיזר (ניר איסט) בעמ,,,יח`,1,1 ליטר,false,1,42.90,42.90,true,1,
7290101869733,false,פיניש ג'ל למדיח כלים בניחוח לימון 1 ליטר ALL IN 1,רקיט בנקיזר (ניר איסט) בעמ,,,יח`,1,1 ליטר,false,1,42.90,42.90,false,1,
7290101869788,false,"אירוויק ספריי אוטומטי מילוי בניחוח אואזיס 250 מ""ל*",רקיט בנקיזר (ניר איסט) בעמ,,,יח`,2.50,"100 מ""ל",false,1,14.90,5.96,true,1,
7290101869795,false,"אירוויק מילוי מבשם אויר אטומטי חלום ליל קיץ 250 מ""ל",רקיט בנקיזר (ניר איסט) בעמ,,,יח`,2.50,"100 מ""ל",false,1,14.90,5.96,true,1,
7290101869832,false,"אירוויק מילוי מבשם אויר חשמלי חלום ליל קיץ 19 מ""ל",רקיט בנקיזר (ניר איסט) בעמ,,,יח`,1,,false,1,16.90,16.90,true,1,
7290101869962,false,"אירוויק מקלות ריחניים בניחוח חלום ליל קיץ 30 מ""ל",רקיט בנקיזר (ניר איסט) בעמ,,,יח`,1,,false,1,14.90,14.90,true,1,
7290101869979,false,"אירוויק מקלות ריחניים בניחוח אואזיס 30 מ""ל",רקיט בנקיזר (ניר איסט) בעמ,,,יח`,1,,false,1,14.90,14.90,true,1,
7290101982951,false,בקבוק שתיה מועצב היי סקול,שמחה זה אנחנו בעמ,,,יח`,1,,false,1,26.90,26.90,false,1,
7290101999584,false,נרות ג'מבו כוכבים - הלו קיטי(1X32),שמחה זה אנחנו בעמ,,,יח`,1,,false,1,6.90,6.90,false,1,
7290101999683,false,נרות מטה כוכבים- ברבי,שמחה זה אנחנו בעמ,,,יח`,1,,false,1,5.90,5.90,false,1,
7290101999713,false,נרות מטה לבבות - הלו קיטי(1X24),שמחה זה אנחנו בעמ,,,יח`,1,,false,1,6.90,6.90,false,1,
7290102030330,false,תפוצ`יפס אקסטרא מקסיקני 200 גרם +20 תו,"שטראוס פריטו ליי בע""\מ )",,,יח`,2,100 גרם,false,1,10.90,5.45,true,1,
7290102031276,false,מארז 8 יחידות אקטימל משקה יוגורט בטעם תות בננה,שטראוס גרופ בעמ/מצונן,,,יח`,8,"100 מ""ל",false,1,19.90,2.49,false,1,
7290102032334,false,אבקה להכנת משקה קפה בטעם וניל,"שטראוס גרופ בע""מ",,,יח`,2,100 גרם,false,1,19.90,9.95,false,1,
7290102060764,false,מארז זוג מברשות שיניים מרידול,יבואן ומשווק: ש. שסט,,,יח`,1,,false,1,29.90,29.90,true,1,
7290102060979,false,אלמקס משחת שיניים למניעת עששת 100 מל,יבואן ומשווק: ש. שסט,,,יח`,1,100 גרם,false,1,19.90,19.90,true,1,
7290102300822,false,גבינה צ'דר אנגלית כתומה 200 גרם,א. סיימן סחר בעמ,,,יח`,2,100 גרם,false,1,24.90,12.45,true,1,
7290102302253,false,"גבינת גאודה עיזים חצי קשה 34%, 200 גרם",מיוצר עי קונדיטוריית,,,יח`,2,100 גרם,false,1,31.90,15.95,true,1,
7290102302864,false,גבינה הולנדית עם פסטו ירוק 34%,הנרי ויליך Henri Willig,,,יח`,2,100 גרם,false,1,31.90,15.95,true,1,
7290102302932,false,גבינה גאיה קלאסית פרוסות 150ג,קריניציה ויטמינה אס,,,יח`,1.50,100 גרם,false,1,22.90,15.27,true,1,
7290102302987,false,גאיה בסגנון צ'דר בפרוסות 150 גרם,קריניציה ויטמינה אס,,,יח`,1.50,100 גרם,false,1,22.90,15.27,true,1,
7290102302994,false,גאיה בסגנון פטה במי מלח בלוק 200 גר`,א. סיימן סחר בעמ,,,יח`,2,100 גרם,false,1,32.90,16.45,false,1,
7290102390427,false,יוגורט ביו עם קציפת תות 3% שומן 150 ג' מולר,החברה המרכזית טלהפצת משקאות בע,,,יח`,1.50,"100 מ""ל",false,1,5.30,3.53,false,1,
7290102390465,false,יוגורט ביו עם קציפת אפרסק ופסיפלורה 3% שומן 150 ג' מולר,החברה המרכזית טלהפצת משקאות בע,,,יח`,1.50,"100 מ""ל",false,1,5.30,3.53,false,1,
7290102390489,false,יוגורט ביו עם קציפת לימון 3% שומן 150 ג' מולר,*החברה המרכזית להפצת משקאותבעמ,,,יח`,1.50,"100 מ""ל",false,1,5.30,3.53,false,1,
7290102391844,false,יוגורט ביו עם קציפת פירות יער3% שומן 150 ג' מולר,החברה המרכזית טלהפצת משקאות בע,,,יח`,1.50,"100 מ""ל",false,1,5.30,3.53,false,1,
7290102392049,false,גבינה לאפיה תבור ללא תוספת מלח 5% משק צוריאל 500 גרם,החברה המרכזית טלהפצת משקאות בע,,,יח`,5,100 גרם,false,1,20.90,4.18,false,1,
7290102392094,false,חלב עיזים 3.7% בקרטון משק צוריאל 1 ליטר,החברה המרכזית טלהפצת משקאות בע,,,יח`,1,1 ליטר,false,1,17.40,17.40,false,1,
7290102393039,false,"יוגורט ביו קרמי מיקס פצפוצי שוקולד 7.6% מולר 170 מ""ל",*החברה המרכזית להפצת משקאותבעמ,,,יח`,1.70,100 גרם,false,1,6.20,3.65,false,1,
7290102393060,false,"יוגורט ביו קרמי מיקס גלילי ופל ואגוזים 5.9% מולר 170 מ""ל",*החברה המרכזית להפצת משקאותבעמ,,,יח`,1.70,"100 מ""ל",false,1,6.20,3.65,false,1,
7290102393169,false,"יוגורט סימפלי פרוט בטעם תות 3% מולר 150 מ""ל",*החברה המרכזית להפצת משקאותבעמ,,,יח`,1.50,100 גרם,false,1,5.30,3.53,true,1,
7290102393176,false,סימפלי פרוט יוגורט אפרסק 3% שומן 150 ג' מולר,*החברה המרכזית להפצת משקאותבעמ,,,יח`,1.50,100 גרם,false,1,5.30,3.53,true,1,
7290102393190,false,"יוגורט סימפלי פרוט בטעם פירות יער 3% מולר 150 מ""ל",*החברה המרכזית להפצת משקאותבעמ,,,יח`,1.50,100 גרם,false,1,5.30,3.53,true,1,
7290102393268,false,"גבינה לבנה 5% שומן, רכיבים טבעיים 750 גרם",*החברה המרכזית להפצת משקאותבעמ,,,יח`,7.50,100 גרם,false,1,14.94,1.99,false,1,
7290102393299,false,יוגורט עיזים לשתייה 3% משק צוריאל 500 גרם,*החברה המרכזית להפצת משקאותבעמ,,,יח`,5,100 גרם,false,1,13.40,2.68,false,1,
7290102393947,false,סימפלי פרוט יוגורט בטעם קיווי 3% שומן 150 ג' מולר,*החברה המרכזית להפצת משקאותבעמ,,,יח`,1.50,"100 מ""ל",false,1,5.30,3.53,true,1,
7290102394463,false,נעם גבינה צהובה פרוסה ואקום 28% טרה 500 גרם,החברה המרכזית טלהפצת משקאות בע,,,יח`,5,100 גרם,false,1,29.40,5.88,false,1,
7290102394821,false,גבינה צהובה 28% דק דק לפתיחה חוזרת 200,החברה המרכזית טלהפצת משקאות בע,,,יח`,2,100 גרם,false,1,17.40,8.70,false,1,
7290102394845,false,נעם גבינה צהובה לייט פרוסה דק דק 9% טרה 200 גרם,*החברה המרכזית להפצת משקאותבעמ,,,יח`,2,100 גרם,false,1,17.80,8.90,false,1,
7290102395101,false,ממרח גבינה ושוקולד מוו טרה 200 גרם,החברה המרכזית טלהפצת משקאות בע,,,יח`,2,100 גרם,false,1,11.90,5.95,false,1,
7290102395224,false,שמיניית יוגורט ביו ביאנקו 1.7% מולר 150 גרם,*החברה המרכזית להפצת משקאותבעמ,,,יח`,12,100 גרם,false,1,18.80,1.57,false,1,
7290102395231,false,שמיניית יוגורט ביו ביאנקו 2.8% מולר 150 גרם,*החברה המרכזית להפצת משקאותבעמ,,,יח`,1,,false,1,18.80,18.80,false,1,
7290102395262,false,מארז 8 גביעים יוגורט בטעם תות שדה ואפרסק 3% Simply Fruit,החברה המרכזית טלהפצת משקאות בע,,,יח`,1,,false,1,31.40,31.40,false,1,
7290102395378,false,נעם גבינה צהובה פרוסה ואקום 28% טרה 360 גרם,*החברה המרכזית להפצת משקאותבעמ,,,יח`,3.60,100 גרם,false,1,20.90,5.81,false,1,
7290102395439,false,מארז 8 גביעים יוגורט בטעם פירות יער וקיווי 3% Simply Fruit,*החברה המרכזית להפצת משקאותבעמ,,,יח`,1,,false,1,31.40,31.40,false,1,
7290102395446,false,מעדן חלב בטעם וניל עם קצפת 123 ג' טרה,*החברה המרכזית להפצת משקאותבעמ,,,יח`,1.23,100 גרם,false,1,3,2.44,false,1,
7290102395477,false,מעדן חלב בטעם שוקולד עם קצפת 123 ג' טרה,*החברה המרכזית להפצת משקאותבעמ,,,יח`,1.23,100 גרם,false,1,3,2.44,false,1,
7290102396399,false,מארז 8 יחידות מעדן חלב בטעם שוקולד 1.5%,*החברה המרכזית להפצת משקאותבעמ,,,יח`,8,100 גרם,false,1,14.20,1.78,false,1,
7290102396436,false,מעדן בטעם שוקולד 1.5% שומן מוו (125 גרם),*החברה המרכזית להפצת משקאותבעמ,,,יח`,1.25,100 גרם,false,1,2.90,2.32,true,1,
7290102396443,false,מעדן בטעם וניל 1.5% שומן מוו (125 גרם),*החברה המרכזית להפצת משקאותבעמ,,,יח`,1.25,100 גרם,false,1,2.90,2.32,true,1,
7290102396580,false,מעדן מוו שוקולד ומוס שוקולד טרה 118 גרם,החברה המרכזית טלהפצת משקאות בע,,,יח`,1.23,100 גרם,false,1,3,2.44,false,1,
7290102396597,false,מעדן מוו וניל ומוס שוקולד טרה 118 גרם,*החברה המרכזית להפצת משקאותבעמ,,,יח`,1.23,100 גרם,false,1,3,2.44,false,1,
7290102396665,false,צהובה פרוסות דקדק פתח סגור 15% 200 גר`,*החברה המרכזית להפצת משקאותבעמ,,,יח`,2,100 גרם,false,1,17.80,8.90,false,1,
7290102396719,false,יוגורט 0% תות סימפלי מולר (150 גרם),*החברה המרכזית להפצת משקאותבעמ,,,יח`,1.50,100 גרם,false,1,5.30,3.53,true,1,
7290102396726,false,יוגורט 0% אפרסק סימפלי מולר (150 גרם),*החברה המרכזית להפצת משקאותבעמ,,,יח`,1.50,100 גרם,false,1,5.30,3.53,false,1,
7290102396740,false,מארז 8 גביעים יוגורט בטעם תות שדה ואפרסק 0% Simply Fruit,החברה המרכזית טלהפצת משקאות בע,,,יח`,1,,false,1,31.40,31.40,false,1,
7290102397204,false,גבינה צהובה נעם דק דק פתח סגור 200 גר,*החברה המרכזית להפצת משקאותבעמ,,,יח`,2,100 גרם,false,1,17.80,8.90,false,1,
7290102397310,false,מעדן מיני בטעם שוקולד קצפת מוו מאגדת 8 יח' * 70 ג',החברה המרכזית טלהפצת משקאות בע,,,יח`,1,,false,1,13.20,13.20,false,1,
7290102397464,false,יוגורט ביו בתוספת גרעינים אגוזים וחמוציות 170 ג' מולר,החברה המרכזית טלהפצת משקאות בע,,,יח`,1.50,100 גרם,false,1,6.20,4.13,false,1,
7290102397600,false,מיקס יוגורט בתוספת שקדים ובוטנים מקורמלים 170 ג' מולר,החברה המרכזית טלהפצת משקאות בע,,,יח`,1.70,100 גרם,false,1,6.20,3.65,false,1,
7290102397617,false,יוגורט ביו קרמי עם כדורים מצופים שוקולד חום לבן,*החברה המרכזית להפצת משקאותבעמ,,,יח`,1.70,100 גרם,false,1,6.20,3.65,false,1,
7290102397679,false,קוטג' וחצי טרה 5% מרכיבים טבעיים,*החברה המרכזית להפצת משקאותבעמ,,,יח`,3.75,100 גרם,false,1,8.30,2.21,false,1,
7290102397730,false,פרוסות גבינה אמנטל חצי קשה 30% שומן 200 ג' נעם,*החברה המרכזית להפצת משקאותבעמ,,,יח`,2,100 גרם,false,1,17.80,8.90,false,1,
7290102397747,false,פרוסות גבינת מוצרלה נעם מחלב בקר 22%,*החברה המרכזית להפצת משקאותבעמ,,,יח`,2,100 גרם,false,1,19.90,9.95,false,1,
7290102397891,false,גבינה ניו יורק מותכת %16 4*25 גרם,החברה המרכזית טלהפצת משקאות בע,,,יח`,1,100 גרם,false,1,7.90,7.90,false,1,
7290102398065,false,חלב טרה בקרטון 2 ליטר מהדרין 3% - מוצר בפיקוח,*החברה המרכזית להפצת משקאותבעמ,,,יח`,2,1 ליטר,false,1,12.46,6.23,false,1,
7290102398331,false,חלב מועשר דל לקטוז 2% שומן טרה 1 ליטר,*החברה המרכזית להפצת משקאותבעמ,,,יח`,1,1 ליטר,false,1,7.50,7.50,false,1,
7290102398560,false,משקה שוקו מועשר בבקבוק 1 ליטר טרה,החברה המרכזית טלהפצת משקאות בע,,,יח`,1,1 ליטר,false,1,12.10,12.10,false,1,
7290102398577,false,משקה חלב בטעם שוקו 2% בבקבוק אישי,החברה המרכזית טלהפצת משקאות בע,,,יח`,2.50,"100 מ""ל",false,1,5.20,2.08,false,1,
7290102398638,false,משקה חלב טרה ט.מוקה 1ליטר בקבוק,החברה המרכזית טלהפצת משקאות בע,,,יח`,1,1 ליטר,false,1,12.10,12.10,false,1,
7290102398782,false,.משקה סויה קלאסי 1ל בקבוק משק צוריא,*החברה המרכזית להפצת משקאותבעמ,,,יח`,1,1 ליטר,false,1,9.90,9.90,false,1,
7290102398799,false,משקה סויה במתיקות מופחתת משק צוריאל 1 ליטר,החברה המרכזית טלהפצת משקאות בע,,,יח`,1,1 ליטר,false,1,9.90,9.90,false,1,
7290102398805,false,משקה סויה בטעם וניל 1ל בקבוק משק צוריא,החברה המרכזית טלהפצת משקאות בע,,,יח`,1,1 ליטר,false,1,9.90,9.90,false,1,
7290102398836,false,משקה שקדים קלאסי 1 ליטר משק צוריאל,החברה המרכזית טלהפצת משקאות בע,,,יח`,10,"100 מ""ל",false,1,11.90,1.19,false,1,
7290102399772,false,מולר ספרדבל-ממרח חמאת מולר במליחות עדינה 250 גרם,החברה המרכזית טלהפצת משקאות בע,,,יח`,2.50,100 גרם,false,1,17.80,7.12,false,1,
7290102399789,false,מולר ספרדבל-ממרח חמאת מולר ללא מלח 250 גרם,החברה המרכזית טלהפצת משקאות בע,,,יח`,2.50,100 גרם,false,1,17.80,7.12,false,1,
7290102399796,false,מעדן יוגורט לבן מועשר בחלבון 200 ג' מולר אקטיב,*החברה המרכזית להפצת משקאותבעמ,,,יח`,2,100 גרם,false,1,6.20,3.10,true,1,
7290102399802,false,יוגורט עם תות מולר אקטיב מועשר בחלבון 200 גר',החברה המרכזית טלהפצת משקאות בע,,,יח`,2,100 גרם,false,1,6.20,3.10,true,1,
7290102399819,false,יוגורט עם פירות יער מולר אקטיב מועשר בחלבון 200 גר',החברה המרכזית טלהפצת משקאות בע,,,יח`,2,100 גרם,false,1,6.20,3.10,true,1,
7290102399857,false,מולר אקטיב לייט 20 גרם חלבון 0% שומן עם תות 200 גרם,החברה המרכזית טלהפצת משקאות בע,,,יח`,0,100 גרם,false,1,5.80,5.80,true,1,
7290102840199,false,ג`לי בטעם משמש 90 גר`מיה,מיה תעשיות מזון מ.ת.מ. בעמ,,,יח`,0.90,100 גרם,false,1,3.90,4.33,false,1,
7290102840205,false,אבקה להכנת ג'לי בטעם תות מיה 90 גרם,מיה תעשיות מזון מ.ת.מ. בעמ,,,יח`,0.90,100 גרם,false,1,3.90,4.33,false,1,
7290103128739,false,בלונס מקלות אוזניים לתינוק 56 יחידות,הנסיך- מפעל לייצור ט,,,יח`,1,יח`,false,1,6.90,6.90,false,1,
7290103150952,false,מפות שולחן עבה במיוחד 135/300 לפיד) (6,פאלאס תעשיות נטו (2014) בעמ,,,יח`,1,,false,1,11.90,11.90,true,1,
7290103150969,false,מפות שולחן עבה במיוחד 135/240 לפיד) (8,פאלאס תעשיות נטו (2014) בעמ,,,יח`,1,,false,1,11.90,11.90,true,1,
7290103151478,false,גביעי איחסון 1/4 ליטר לפיד) (20,פאלאס תעשיות נטו (2014) בעמ,,,יח`,1,,false,1,9.90,9.90,false,1,
7290103151508,false,מיכל אחסון 1 ליטר לפיד) (5,פאלאס תעשיות נטו (2014) בעמ,,,יח`,1,,false,1,9.90,9.90,true,1,
7290103151515,false,מיכל אחסון 2 ליטר לפיד) (4,פאלאס תעשיות נטו (2014) בעמ,,,יח`,1,,false,1,9.90,9.90,true,1,
7290103152956,false,פאלאס תבנית גדולה/רחבה/עמוקה/עגולה,פאלאס תעשיות נטו (2014) בעמ,,,יח`,1,,false,1,1.50,1.50,true,1,
7290103152987,false,פאלאס תבניות אלומיניום קטן/אינגליש,פאלאס תעשיות נטו (2014) בעמ,,,יח`,1,,false,1,0.90,0.90,true,1,
7290103153656,false,מפה 45 מטר סופר עבה פאלאס,פאלאס תעשיות נטו (2014) בעמ,,,יח`,1,,false,1,34.90,34.90,false,1,
7290103156138,false,מפה מעוטרת גליל לפיד,פאלאס תעשיות נטו (2014) בעמ,,,יח`,1,,false,1,36.90,36.90,false,1,
7290103156466,false,כפות חד פעמיות לפיד) (100,פאלאס תעשיות נטו (2014) בעמ,,,יח`,1,,false,1,9.90,9.90,true,1,
7290103156473,false,כפיות חד פעמי 100 יח,פאלאס תעשיות נטו (2014) בעמ,,,יח`,1,,false,1,9.90,9.90,true,1,
7290103156930,false,כוסות יהלום חד פעמי,פאלאס תעשיות נטו (2014) בעמ,,,יח`,1,,false,1,14.90,14.90,true,1,
7290103157104,false,רביעייה מפות אלבד לבן,פאלאס תעשיות נטו (2014) בעמ,,,יח`,1,,false,1,14.90,14.90,false,1,
7290103400194,false,כרוב לבן 400 ג בדצ ירקות שטראוס טעם הטבע,שטראוס בריאות ירקות טריי,,,יח`,4,100 גרם,false,1,8.50,2.13,false,1,
7290103401429,false,קפה קצב ברזילאי אוריגינס 200 גר,הנסיך- מפעל לייצור ט,,,יח`,2,100 גרם,false,1,24.90,12.45,true,1,
7290103404758,false,סלט כרוב אדום במיונז אחלה 120 גרם,שטראוס גרופ בעמ/מצונן,,,יח`,1.20,100 גרם,false,1,5,4.17,false,1,
7290103408206,false,עלי חסה ערבית שטופים 250 גר טעם הטבע,ביכורי השדה הצפון בעמ` 1964,,,יח`,2.50,100 גרם,false,1,9.90,3.96,false,1,
7290103702779,false,מפיות שולחן איכותיות 150 יח',שניב תעשיות נייר בעמ,,,יח`,1,,false,1,7.90,7.90,false,1,
7290103703578,false,נייר טואלט לוולי תלת שכבתי 32 גלילים,שניב תעשיות נייר בעמ,,,יח`,1,,false,1,39.90,39.90,false,1,
7290103704155,false,נייר מגבת טאצ' 6 גלילים מהדורת 2021,שניב תעשיות נייר בעמ,,,יח`,1,,false,1,10.90,10.90,false,1,
7290103704575,false,נייר טואלט טאצ' פרימיום 48 גלילים,שניב תעשיות נייר בעמ,,,יח`,1,,false,1,37.90,37.90,false,1,
7290103746001,false,ממחטות טאצ`חמישייה צבעוני 500 דף,שניב תעשיות נייר בעמ,,,יח`,1,,false,1,12.90,12.90,false,1,
7290104061417,false,סלט חומוס עם טחינה אחלה 400 גרם,שטראוס גרופ בעמ/מצונן,,,יח`,4,100 גרם,false,1,11.50,2.88,true,1,
7290104061424,false,סלט חומוס עם זעתר אחלה 400 גרם,שטראוס גרופ בעמ/מצונן,,,יח`,4,100 גרם,false,1,11.50,2.88,true,1,
7290104061431,false,סלט חומוס עם צנובר אחלה 400 גרם,שטראוס גרופ בעמ/מצונן,,,יח`,4,100 גרם,false,1,11.50,2.88,true,1,
7290104061448,false,סלט חומוס עם חריף אחלה 400 גרם,שטראוס גרופ בעמ/מצונן,,,יח`,4,100 גרם,false,1,11.50,2.88,true,1,
7290104062599,false,מארז 8 יחידות מעדן גמדים בטעמי תות ובננה,שטראוס גרופ בעמ/מצונן,,,יח`,8,"100 מ""ל",false,1,18.80,2.35,false,1,
7290104065934,false,עלי רוקט שטראוס 150 גר`-טעם הטבע,ביכורי השדה הצפון בעמ` 1964,,,יח`,1.50,100 גרם,false,1,9.90,6.60,false,1,
7290104066566,false,סלט טחינה שומשום מלא 500גר אחלה,שטראוס גרופ בעמ/מצונן,,,יח`,5,100 גרם,false,1,14.90,2.98,true,1,
7290104067693,false,חומוס אחלה עם תוספת חריף 150 גר,שטראוס גרופ בעמ/מצונן,,,יח`,1.50,100 גרם,false,1,5.90,3.93,false,1,
7290104500572,false,אפרופו חטיף תירס איטליאנו אסם 50 גרם,קבוצת אוסם סחר-שות.מוגבלת,,,יח`,0.50,100 גרם,false,1,5,10,true,1,
7290104501661,false,אינסטנט פודינג בטעם וניל צרפתי אסם 80 גרם,קבוצת אוסם סחר-שות.מוגבלת,,,יח`,0.80,100 גרם,false,1,5.90,7.38,false,1,
7290104501784,false,בונג`ור מיני מאפינס שוקוציפס 40גר,**קבוצת אוסם סחר-שות.מוגבלת,,,יח`,1,,false,1,8.50,8.50,false,1,
7290104501807,false,בונג`ור מיני מאפינס שוקו 40גר,**קבוצת אוסם סחר-שות.מוגבלת,,,יח`,1,,false,1,8.50,8.50,false,1,
7290104503184,false,הבית עוגת שבת בראוניס טעם שוקולד ריבת חלב 380 גרם,קבוצת אוסם סחר-שות.מוגבלת,,,יח`,3.80,100 גרם,false,1,18.90,4.97,true,1,
7290104508189,false,אסם 24 גביעי גלידה ממותקים 95 גרם,קבוצת אוסם סחר שותפות מוגבלת,,,יח`,0.95,100 גרם,false,1,13.90,14.63,false,1,
7290104508202,false,גביעי גלידה אמריקאים אסם 120 גרם 24 יחידות,קבוצת אוסם סחר-שות.מוגבלת,,,יח`,1.20,100 גרם,false,1,13.90,11.58,false,1,
7290104508943,false,במבה חטיף בוטנים אסם 200 גרם,קבוצת אוסם סחר-שות.מוגבלת,,,יח`,2,100 גרם,false,1,9.90,4.95,true,1,
7290104509247,false,בונג`ור עוגת קראנץ ט.שוקולד עדיר 650גר,**קבוצת אוסם סחר-שות.מוגבלת,,,יח`,1,,false,1,24.90,24.90,false,1,
7290104509353,false,עוגת בריוש פרג 550 גר`בונז`ור,**קבוצת אוסם סחר-שות.מוגבלת,,,יח`,1,,false,1,24.90,24.90,false,1,
7290104570162,false,תמרים ללא חרצנים בואקום 500 גרם,מ.ד אטיאס סוכנויות מזון בע`מ,,,יח`,5,100 גרם,false,1,12.90,2.58,true,1,
7290104570513,false,"תמר מגהול כחול 1 ק""",ביכורי השדה הצפון בעמ` 1964,,,יח`,10,100 גרם,false,1,19.90,1.99,true,1,
7290104570629,false,ממרח גביע ירוק 450 ג' ירדן,מ.ד אטיאס סוכנויות מזון בע`מ,,,יח`,4.50,100 גרם,false,1,5.90,1.31,false,1,
7290104720499,false,מארז 8 יחידות מעדן דני בטעם וניל 1.5%,שטראוס גרופ בעמ/מצונן,,,יח`,1,1 ליטר,false,1,16.40,16.40,true,1,
7290104721762,false,מארז שלשות קפה טורקי עלית 85 ג',"שטראוס גרופ בע""מ",,,יח`,2.55,100 גרם,false,1,19.90,7.80,false,1,
7290104721953,false,לקט מסולסלים 350 גרם שטראוס טעם הטבע,שטראוס בריאות ירקות טריי,,,יח`,3.50,100 גרם,false,1,12.90,3.69,false,1,
7290104722530,false,תפוצ'יפס בטעם שמנת בצל עלית 200 גרם,"שטראוס פריטו ליי בע""\מ )",,,יח`,2,100 גרם,false,1,10.90,5.45,true,1,
7290104726712,false,מארז 8 יחידות מעדן מילקי בטעם שוקולד עם קצפת,שטראוס גרופ בעמ/מצונן,,,יח`,8.68,"100 מ""ל",false,1,19.90,2.29,false,1,
7290104728310,false,"שמנת מתוקה עמידה 38% שומן ""יטבתה"" -מוצר בפיקוח",שטראוס גרופ בעמ/מצונן,,,יח`,2.50,"100 מ""ל",false,1,6.47,2.59,false,1,
7290104729003,false,"יד מרדכי - שמן זית כתית מעולה 2 קלאסי 750 מ""ל",מכוורת יד מרדכי שטרא,,,יח`,7.50,"100 מ""ל",false,1,33.90,4.52,true,1,
7290104850875,false,צלחות ענק זהב פאלאס) (25,פאלאס תעשיות נטו (2014) בעמ,,,יח`,1,,false,1,25.90,25.90,false,1,
7290104850905,false,צלחת ענק בורדו פאלאס) (25,פאלאס תעשיות נטו (2014) בעמ,,,יח`,1,,false,1,25.90,25.90,false,1,
7290104851223,false,צלחת מרק קרם 25 יח פאלאס,פאלאס תעשיות נטו (2014) בעמ,,,יח`,1,,false,1,12.90,12.90,true,1,
7290104851230,false,צלחת מרק זהב 25 יח פאלאס,פאלאס תעשיות נטו (2014) בעמ,,,יח`,1,,false,1,11.90,11.90,true,1,
7290104851629,false,צלחת לפתן זהב 25 יח פאלאס,פאלאס תעשיות נטו (2014) בעמ,,,יח`,1,,false,1,7.90,7.90,true,1,
7290104852503,false,מגבוני נייר טואלט לחים פאלאס 3 * 40 יחידות,פאלאס תעשיות נטו (2014) בעמ,,,יח`,1,,false,1,9.90,9.90,false,1,
7290104852794,false,תבנית אלומניום קטנה R29 פאלאס 13 יח,פאלאס תעשיות נטו (2014) בעמ,,,יח`,1,,false,1,12.90,12.90,true,1,
7290104858161,false,כוסות קרטון לשתיה חמה אספרסו פאלאס) (50,פאלאס תעשיות נטו (2014) בעמ,,,יח`,1,,false,1,6.90,6.90,false,1,
7290104858253,false,נר הבדלה צמה צבעונית פאלאס,פאלאס תעשיות נטו (2014) בעמ,,,יח`,1,,false,1,6.90,6.90,false,1,
7290104859779,false,"כוסות לבירה 330 מ""ל פאלאס 40 יחידות",פאלאס תעשיות נטו (2014) בעמ,,,יח`,1,,false,1,10.90,10.90,true,1,
7290104859786,false,תבנית אלומניום בינונית R31 פאלאס 7 יח,פאלאס תעשיות נטו (2014) בעמ,,,יח`,1,,false,1,9.50,9.50,true,1,
7290104859809,false,תבנית אלומניום אינגליש R88 פאלאס 14 יח,פאלאס תעשיות נטו (2014) בעמ,,,יח`,1,,false,1,8.90,8.90,true,1,
7290104859823,false,תבנית אלומניום עמוקה R64 פאלאס 8 יח,פאלאס תעשיות נטו (2014) בעמ,,,יח`,1,,false,1,8.90,8.90,true,1,
7290104859830,false,תבנית אלומניום עגולה c10 פאלאס 8 יח,פאלאס תעשיות נטו (2014) בעמ,,,יח`,1,,false,1,9.90,9.90,true,1,
7290104960239,false,תחליב רחצה בניחוח קמומיל נקה (7507 מל),טרופיקל דגיל תעשיות קוסמ,,,יח`,7.50,"100 מ""ל",false,1,10.90,1.45,true,1,
7290104960246,false,נקה 7 ארומה תחליב רחצה ורד יסמין 750 מ,טרופיקל דגיל תעשיות קוסמ,,,יח`,7.50,"100 מ""ל",false,1,10.90,1.45,true,1,
7290104960338,false,"נקה 7 תחליב רחצה ארומה אלוורה ותה ירוק 750מ""ל",טרופיקל דגיל תעשיות קוסמ,,,יח`,7.50,"100 מ""ל",false,1,10.90,1.45,true,1,
7290104960352,false,"נקה 7 תחליב רחצה ארומה שקד וניל 750מ""ל",החברה הדרומית לשיווק בעמ,,,יח`,7.50,"100 מ""ל",false,1,10.90,1.45,true,1,
7290104961526,false,דאודורנט ספריי גוף טיטניום קלאסיק Titanium Classic,החברה הדרומית לשיווק בעמ,,,יח`,1.50,"100 מ""ל",false,1,9.90,6.60,true,1,
7290104961533,false,דאודורנט ספריי גוף טיטניום בלק Titanium Black,החברה הדרומית לשיווק בעמ,,,יח`,1.50,"100 מ""ל",false,1,9.90,6.60,true,1,
7290104961878,false,"שמפו לשיער קרטין אינטנס פורמולה 400 מ""ל נטורל",החברה הדרומית לשיווק בעמ,,,יח`,4,"100 מ""ל",false,1,29.90,7.48,false,1,
7290104961892,false,מסכת קרטין טהור לשיער שעבר החלקה או עיצוב בחום,החברה הדרומית לשיווק בעמ,,,יח`,3.50,"100 מ""ל",false,1,39.90,11.40,false,1,
7290104963001,false,סופטקר מגבונים לחים רביעייה בניחוח עדין,החברה הדרומית לשיווק בעמ,,,יח`,1,,false,1,15.90,15.90,false,1,
7290105100108,false,מטריה גמבו ארוך,טומי - קונסיגנציה,,,יח`,1,,false,1,19.90,19.90,false,1,
7290105100146,false,מטריה אוטומטי מתקפל,טומי - קונסיגנציה,,,יח`,1,,false,1,19.90,19.90,false,1,
7290105108272,false,מטריה מיני אוטו עמיד ברוח,טומי - קונסיגנציה,,,יח`,1,,false,1,29.90,29.90,false,1,
7290105360250,false,קפסולות 09 עשיר וארומטי למכונת נספרסו עלית 10יח',הנסיך- מפעל לייצור ט,,,יח`,1,,false,1,16.90,16.90,true,1,
7290105360328,false,קפסולות אספרסו חזק למכונות נספרסו 10 יח',הנסיך- מפעל לייצור ט,,,יח`,0.50,100 גרם,false,1,16.90,33.80,true,1,
7290105360335,false,קפסולות אספרסו למכונות נספרסו 50 גר,הנסיך- מפעל לייצור ט,,,יח`,0.50,100 גרם,false,1,16.90,33.80,true,1,
7290105362339,false,"שמנת לבישול 15% 250 מ""ל יטבתה מהדרין",שטראוס גרופ בעמ/מצונן,,,יח`,2.50,"100 מ""ל",false,1,8.40,3.36,true,1,
7290105363602,false,מקלות כיף כף קלאסי עלית (40 גרם),שולן צ'\יקולטה גידה סאן.,,,יח`,0.40,100 גרם,false,1,5,12.50,true,1,
7290105364289,false,מקלות כיף כף פצפוצים עלית 40 גרם,שולן צ'\יקולטה גידה סאן.,,,יח`,0.40,100 גרם,false,1,5,12.50,true,1,
7290105364302,false,"עלית חטיף שוקולד כיף כף מקלות אגוזים, 40 גרם",שולן צ'\יקולטה גידה סאן.,,,יח`,0.42,100 גרם,false,1,5,11.90,true,1,
7290105366023,false,סלט חצילים בטעם כבד אחלה 400 גרם,שטראוס גרופ בעמ/מצונן,,,יח`,4,100 גרם,false,1,15.50,3.88,true,1,
7290105366047,false,טחינה לבנה אחלה (400 גרם),שטראוס גרופ בעמ/מצונן,,,יח`,4,100 גרם,false,1,15.50,3.88,true,1,
7290105366993,false,סימפוניה גבינת שמנת פלפל שיפקה 5% שטראוס 200 גרם,שטראוס גרופ בעמ/מצונן,,,יח`,2,100 גרם,false,1,11.40,5.70,true,1,
7290105368225,false,חומוס עם פלפל שיפקה אחלה (400 גרם),שטראוס גרופ בעמ/מצונן,,,יח`,4,100 גרם,false,1,11.50,2.88,false,1,
7290105368331,false,מעדן מילקי בטעם תות עם קצפת,שטראוס גרופ בעמ/מצונן,,,יח`,1.30,"100 מ""ל",false,1,2.80,2.15,false,1,
7290105368904,false,"שמנת מתוקה להקצפה 32% שומן 250 מ""ל יוטבתה",שטראוס גרופ בעמ/מצונן,,,יח`,2.50,"100 מ""ל",false,1,7.40,2.96,false,1,
7290105368928,false,שמנת חמוצה יטבתה %9 200 מל גביע מהדרין,שטראוס גרופ בעמ/מצונן,,,יח`,2,"100 מ""ל",false,1,3.10,1.55,false,1,
7290105369130,false,סימפוניה גבינת שמנת בצל ירוק 5% שטראוס 200 גרם,שטראוס גרופ בעמ/מצונן,,,יח`,2,100 גרם,false,1,11.40,5.70,true,1,
7290105436382,false,חטיף פרי תמרים קשיו ללא תוספת סוכר וגלוטן 5 יח,טבעית מוצרים מן הטבע בעמ,,,יח`,1.25,100 גרם,false,1,15.90,12.72,false,1,
7290105439499,false,מאסטר שף מאסטר שף מיונז 480 גר כשלפ,רמיה סי.וי. הולנד,,,יח`,4.83,100 גרם,false,1,11.90,2.46,false,1,
7290105439505,false,מאסטר שף קרם בטעם מיונז לייט 479 גר כשלפ,רמיה סי.וי. הולנד,,,יח`,4.79,100 גרם,false,1,11.90,2.48,false,1,
7290105439581,false,מנה מאסטר שף חרדל דיזיון צרפתי 370 גר,רמיה סי.וי.הולנד,,,יח`,3.70,100 גרם,false,1,11.90,3.22,false,1,
7290105474179,false,מארז מען לה קט פטה מולטיפק 100 גר 4 יח,דיפלומט מפיצים (1968) בעמ**,,,יח`,1,100 גרם,false,1,16.90,16.90,false,1,
7290105691224,false,אסם חטיפי פריכונים טורטייה שום בצל 60 גרם,קבוצת אוסם סחר-שות.מוגבלת,,,יח`,0.60,100 גרם,false,1,7.90,13.17,true,1,
7290105691248,false,אסם חטיפי פריכונים טורטייה תירס 60 גרם,קבוצת אוסם סחר שותפות מוגבלת,,,יח`,0.60,100 גרם,false,1,7.90,13.17,true,1,
7290105691934,false,קמח שמרים אסם 1 קילו,קבוצת אוסם סחר שותפות מוגבלת,,,יח`,1,"ק""ג",false,1,10.90,10.90,false,1,
7290105692511,false,"עוגת הבית שיש כשל""פ350גר",קבוצת אסם סחר שות. מוגבלת,,,יח`,3.50,100 גרם,false,1,15.90,4.54,false,1,
7290105693341,false,מארז עשיריית במבה אסם 25*10 גרם,קבוצת אוסם סחר שותפות מוגבלת,,,יח`,2.50,100 גרם,false,1,16.90,6.76,true,1,
7290105693457,false,עוגת הבית דמקה שוקו וניל 320 גר`בחושות,קבוצת אוסם סחר שותפות מוגבלת,,,יח`,3.20,100 גרם,false,1,11.90,3.72,false,1,
7290105694614,false,פסטה אוסם ספגטי מהיר הכנה 500 גרם,קבוצת אוסם סחר שותפות מוגבלת,,,יח`,5,100 גרם,false,1,5.90,1.18,true,1,
7290105694928,false,אבקת מרק בצל רכיבים טבעיים אסם 220 גרם,קבוצת אוסם סחר שותפות מוגבלת,,,יח`,2.20,100 גרם,false,1,15.90,7.23,false,1,
7290105695024,false,פתיתים אפויים אורז עם אטריות אסם 500 גרם,קבוצת אוסם סחר שותפות מוגבלת,,,יח`,1,,false,1,6.90,6.90,true,1,
7290105695321,false,עוגת הבית בראוניז פאדג' אסם 380 גרם,קבוצת אוסם סחר שותפות מוגבלת,,,יח`,4,100 גרם,false,1,18.90,4.73,false,1,
7290105695536,false,אבקת מרק ירקות שורש תיבול אסם 220 גר',קבוצת אוסם סחר שותפות מוגבלת,,,יח`,2.20,100 גרם,false,1,17.90,8.14,false,1,
7290105962331,false,סחוג תימני אדום חריף מאוד זהבי הכרם 220 גרם,שטראוס גרופ בעמ/מצונן,,,יח`,2.20,100 גרם,false,1,9.90,4.50,false,1,
7290105964564,false,חומוס אחלה 400 גרם. שטראוס,שטראוס גרופ בעמ/מצונן,,,יח`,4,100 גרם,false,1,8.90,2.23,false,1,
7290105965738,false,יוגורט לשתיה בטעם תות בננה267 ג' דנונה,שטראוס גרופ בעמ/מצונן,,,יח`,2.63,"100 מ""ל",false,1,4.90,1.86,false,1,
7290105966469,false,חומץ בלסמי ממודנה יד מרדכי (250 מל),אצטייה ג'וזפה קרמוני,,,יח`,2.50,100 גרם,false,1,13.90,5.56,false,1,
7290105968098,false,"סלט קולסלאו 500 גרם ""אחלה""",שטראוס גרופ בעמ/מצונן,,,יח`,5,100 גרם,false,1,15.40,3.08,true,1,
7290105968654,false,רביולי עם בטטה פרווה שטראוס (400 גרם),שטראוס גרופ בעמ/מצונן,,,יח`,4,100 גרם,false,1,20.90,5.23,true,1,
7290105968777,false,פריכיות 5 דגנים עם תחתית שוקולד מריר 70 גרם,"טחנת האבן תעשיות בע""",,,יח`,0.80,100 גרם,false,1,8.90,11.13,true,1,
7290106520066,false,"רבע לשבע שוקולד חלב במילוי אגוזים עלית 160 גרם בד""צ","הגביע מוצרי וופלים בע""\מ",,,יח`,1.60,100 גרם,false,1,12.90,8.06,true,1,
7290106520288,false,יוגורט פרו חלבון עם תות 2.4% שומן 150 ג' דנונה,שטראוס גרופ בעמ/מצונן,,,יח`,1.50,100 גרם,false,1,4.60,3.07,true,1,
7290106520905,false,סלט טורקי אחלה (400 גרם),שטראוס גרופ בעמ/מצונן,,,יח`,4,100 גרם,false,1,16.50,4.13,true,1,
7290106520912,false,שמנת לבישול 9% שומן 258גר מהדרין יטבתה,שטראוס גרופ בעמ/מצונן,,,יח`,2.58,"100 מ""ל",false,1,8.40,3.26,true,1,
7290106521049,false,אחלה טעמי השוק קוביות סלק 400 גר,שטראוס גרופ בעמ/מצונן,,,יח`,4,100 גרם,false,1,15.50,3.88,true,1,
7290106525399,false,קפסולות 06 ברזיל למכונות נספרסו עלית 10יח',הנסיך- מפעל לייצור ט,,,יח`,0.50,100 גרם,false,1,16.90,33.80,true,1,
7290106525405,false,קפסולות קפה עלית נטול קפאין אספרסו) (10,שטראוס קפה בי.וי.,,,יח`,0.50,100 גרם,false,1,16.90,33.80,true,1,
7290106526822,false,פריכיות אורז חום מלא תחתית שוקולד חלב 80 גרם,"טחנת האבן תעשיות בע""",,,יח`,0.70,100 גרם,false,1,8.90,12.71,true,1,
7290106528567,false,חטיף תירס גריל דוריטוס (185 גרם),"שטראוס פריטו ליי בע""\מ )",,,יח`,1.85,100 גרם,false,1,7.50,4.05,false,1,
7290106528628,false,חטיף תירס בטעם טבעי דוריטוס (185 גרם),"שטראוס פריטו ליי בע""\מ )",,,יח`,1.85,100 גרם,false,1,7.50,4.05,false,1,
7290106528949,false,סלט ערוגות שטראוס 450 גר`-טעם הטבע,ביכורי השדה הצפון בעמ` 1964,,,יח`,4.50,100 גרם,false,1,11.50,2.56,false,1,
7290106570573,false,חלה מתוקה 500 גר`בונז`ור ולתנור קפוא,קבוצת אסם סחר שות. מוגבלת,,,יח`,5,100 גרם,false,1,10.90,2.18,false,1,
7290106571921,false,פיטנס עוגיות עם חמוציות נסטלה (180 גרם),קבוצת אוסם סחר שותפות מוגבלת,,,יח`,1.80,100 גרם,false,1,11.90,6.61,false,1,
7290106572027,false,קרקר לחמית חמישה דגנים אסם (190 גרם),קבוצת אוסם סחר-שות.מוגבלת,,,יח`,1.90,100 גרם,false,1,8.90,4.68,true,1,
7290106572065,false,חטיפי טורטיה בטעם חמוץ מתוק אסם (60 גרם),קבוצת אוסם סחר שותפות מוגבלת,,,יח`,0.60,100 גרם,false,1,7.90,13.17,true,1,
7290106572959,false,אפרופו חטיף קלאסי 5חי*25גר,קבוצת אוסם סחר שותפות מוגבלת,,,יח`,1.25,100 גרם,false,1,12.90,10.32,true,1,
7290106573277,false,חטיף קרקר קריספי עם זיתים כבושים,קבוצת אוסם סחר שותפות מוגבלת,,,יח`,1.50,100 גרם,false,1,11.90,7.93,false,1,
7290106573598,false,חומוס לבנוני צבר (400 גרם),קבוצת אוסם סחר שותפות מוגבלת,,,יח`,4,100 גרם,false,1,12,3,false,1,
7290106573628,false,חומוס עם טחינה צבר (400 גרם),קבוצת אוסם סחר שותפות מוגבלת,,,יח`,4,100 גרם,false,1,12,3,false,1,
7290106574793,false,עוגת הבית בטעם שוקו-שוקוצ'יפס 350 ג' אסם,קבוצת אוסם סחר שותפות מוגבלת,,,יח`,3.50,100 גרם,false,1,11.90,3.40,false,1,
7290106574953,false,בייגלה שטוחים כעכים שטוחים עם שומשום,קבוצת אוסם סחר שותפות מוגבלת,,,יח`,3,100 גרם,false,1,9.90,3.30,true,1,
7290106574977,false,בייגלה שטוחים טבעות עם מלח אסם (300 גרם),קבוצת אוסם סחר שותפות מוגבלת,,,יח`,3,100 גרם,false,1,9.90,3.30,true,1,
7290106575257,false,עוגת הבית סופלה בטעם שוקולד 340 ג' אסם,קבוצת אוסם סחר שותפות מוגבלת,,,יח`,3.40,100 גרם,false,1,11.90,3.50,false,1,
7290106575431,false,עוגת הבית סופלה בטעם שוקולד וניל 340 ג',קבוצת אוסם סחר-שות.מוגבלת,,,יח`,3.40,100 גרם,false,1,11.90,3.50,false,1,
7290106576223,false,אפרופו מצופה שוקולד 40 ג'!,קבוצת אוסם סחר שותפות מוגבלת,,,יח`,0.40,100 גרם,false,1,5,12.50,true,1,
7290106576513,false,סלט רק חומוס צבר 400 גרם,קבוצת אוסם סחר שותפות מוגבלת,,,יח`,5,100 גרם,false,1,11.90,2.38,false,1,
7290106576537,false,חומוס מסעדה צבר (700 גרם),קבוצת אוסם סחר שותפות מוגבלת,,,יח`,7,100 גרם,false,1,10.90,1.56,false,1,
7290106576834,false,גלידה לה קרמריה פונטש בננה1.4 ל' נסטלה,נגה גלידות שותפות מוגבלת,,,יח`,1.40,1 ליטר,false,1,22.90,16.36,true,1,
7290106576919,false,"לה קרמריה סורבה תות לימו 1.4 ליטר כשל""פ",נגה גלידות שותפות מוגבלת,,,יח`,1.40,1 ליטר,false,1,22.90,16.36,true,1,
7290106577039,false,גלידה לה קרמריה שוקו וניל פליק 1.4 ל' נסטלה,נגה גלידות שותפות מוגבלת,,,יח`,1.40,1 ליטר,false,1,22.90,16.36,true,1,
7290106577282,false,טחינה אמיתית מרובע 400 ג' צבר,קבוצת אוסם סחר-שות.מוגבלת,,,יח`,4,100 גרם,false,1,11.90,2.98,false,1,
7290106577541,false,צבר כרוב אדום מרובע 400גרם,קבוצת אוסם סחר-שות.מוגבלת,,,יח`,4,100 גרם,false,1,10.90,2.73,false,1,
7290106577572,false,מטבוחה אמיתית מרובע 400 ג' צבר,קבוצת אוסם סחר-שות.מוגבלת,,,יח`,4,100 גרם,false,1,12.90,3.23,false,1,
7290106578692,false,ביסלי במבה מיקס מהדורת אליפות אסם 80 גרם,קבוצת אוסם סחר שותפות מוגבלת,,,יח`,0.80,100 גרם,false,1,4.30,5.38,true,1,
7290106578821,false,הבית עוגת שמרים קלאסית בטעם שוקולד 350גר.,קבוצת אוסם סחר שותפות מוגבלת,,,יח`,3.50,100 גרם,false,1,17.90,5.11,true,1,
7290106652996,false,כיף כף מקלות קוקוס חלבי 40 גר',סולן בעבור שטראוס,,,יח`,0.42,100 גרם,false,1,5,11.90,true,1,
7290106653689,false,לקט לסלט אסייתי 350 גר`-טעם הטבע,ביכורי השדה הצפון בעמ` 1964,,,יח`,3.50,100 גרם,false,1,10.90,3.11,false,1,
7290106654099,false,מילקי CAKE עוגות אישיות במילוי קרם חלב,בובארד איטליה אס.פי.איי,,,יח`,2.72,100 גרם,false,1,19.90,7.32,false,1,
7290106656734,false,"עוגיות חיוכים וניל עלית 600 גרם בד""צ",אפיפית נצרת תעשיות ב,,,יח`,6,100 גרם,false,1,17.90,2.98,false,1,
7290106660410,false,"רביולי תרד וגבינה 400 גרם ""שטראוס""",שטראוס גרופ בעמ/מצונן,,,יח`,4,100 גרם,false,1,20.90,5.23,true,1,
7290106662025,false,תפוציפס טבעי מלח ופלפל 50 גרם,שטראוס פריטו ליי בע`מ,,,יח`,0.50,100 גרם,false,1,3.90,7.80,false,1,
7290106663091,false,"לאבנה 9 % עם שמן זית 500 גר' ""שטראוס""",שטראוס גרופ בעמ/מצונן,,,יח`,5,100 גרם,false,1,17.90,3.58,false,1,
7290106663503,false,קונפיטורת תות לייט יד מרדכי (230 גרם),אף.סי תבליני בגליל ב,,,יח`,2.30,100 גרם,false,1,11.90,5.17,true,1,
7290106663558,false,"רוטב טריאקי ורימון יד מרדכי 280מ""ל",אף.סי תבליני בגליל ב,,,יח`,3.20,100 גרם,false,1,13.90,4.34,true,1,
7290106664067,false,לאבנה עם שמן זית וזעתר 10% שטראוס 400 ג',שטראוס גרופ בעמ/מצונן,,,יח`,4,100 גרם,false,1,14.90,3.73,false,1,
7290106664555,false,"רוטב שמנת עם עגבניות 9% שומן 250 מ""ל יוטבתה",שטראוס גרופ בעמ/מצונן,,,יח`,2.50,"100 מ""ל",false,1,9.90,3.96,true,1,
7290106666788,false,עלית - סוכריות נוסטלגיה דבש ממולאות 80 גרם,"שטראוס גרופ בע""מ",,,יח`,0.80,100 גרם,false,1,5.90,7.38,false,1,
7290106667266,false,חטיף תירס חמוץ חריף דוריטוס (185 גרם),"שטראוס פריטו ליי בע""\מ )",,,יח`,1.85,100 גרם,false,1,7.50,4.05,false,1,
7290106668577,false,"מיץ לימון טבעי 250 מ""ל ""יד מרדכי""",האי נאם סי או אל.טי.,,,יח`,2.50,"100 מ""ל",false,1,7.90,3.16,true,1,
7290106668713,false,יוגורט עם פירות יער 3% שומן 150 ג' דנונה,שטראוס גרופ בעמ/מצונן,,,יח`,1.50,100 גרם,false,1,3.90,2.60,false,1,
7290106669857,false,קפסולות אספרסו בטעם וניל עלית 10 יחידות,הנסיך- מפעל לייצור ט,,,יח`,0.50,100 גרם,false,1,16.90,33.80,true,1,
7290106720626,false,חטיף תירס בטעם גבינה צ`יטוס (80 גרם),"שטראוס פריטו ליי בע""\מ )",,,יח`,0.80,100 גרם,false,1,4.50,5.63,false,1,
7290106721913,false,מסטיק מאסט MUST ללא סוכר בטעם מנטה מרעננת,שטראוס גרופ בע`מ,,,יח`,0.66,100 גרם,false,1,9.90,15,true,1,
7290106721920,false,צנצנת מסטיק מאסט בטעם ספירמינט עדין 66 ג' עלית,"שטראוס גרופ בע""\מ.",,,יח`,0.66,100 גרם,false,1,9.90,15,true,1,
7290106723689,false,עלי תרד בייבי 200 גר`שטראוס טעם הטבע,ביכורי השדה הצפון בעמ` 1964,,,יח`,2,100 גרם,false,1,10.90,5.45,false,1,
7290106725867,false,סירופ מייפל טהור ללס יד מרדכי 189 גר,"שטראוס גרופ בע""מ",,,יח`,1.89,"100 מ""ל",false,1,29.90,15.82,false,1,
7290106726178,false,יוגורט PRO עם פירות יער 2.4% 10 גרם חלבון בגביע,שטראוס גרופ בעמ/מצונן,,,יח`,1.50,100 גרם,false,1,4.60,3.07,true,1,
7290106727984,false,"כיף כף פצפצים בגביע 135 גרם ""עלית""",שולן צ'\יקולטה גידה סאן.,,,יח`,1.35,100 גרם,false,1,9.90,7.33,false,1,
7290106729650,false,יוגורט עם תות מאגדת 8 יח' * 150ג' דנונה,שטראוס גרופ בעמ/מצונן,,,יח`,12,100 גרם,false,1,24.90,2.08,false,1,
7290107280013,false,"חמישיית מגבונים ל.מבושם ""ליטופים""",החברה הדרומית לשיווק בעמ,,,יח`,1,,false,1,19.90,19.90,true,1,
7290107280020,false,שלישיית מטליות לחות לניקוי כללי סנו סושי 50 יחידות,החברה הדרומית לשיווק בעמ,,,יח`,1,,false,1,18.90,18.90,true,1,
7290107280099,false,שלישיית מגובנים נשטפים באסלה סופט סוד 48 יחידות,החברה הדרומית לשיווק בעמ,,,יח`,1,,false,1,14.90,14.90,false,1,
7290107280129,false,סנו סושי 20 שקיות אשפה חזקות גדולות XXL,החברה הדרומית לשיווק בעמ,,,יח`,1,,false,1,23.90,23.90,false,1,
7290107280341,false,ריצפז מטליות לחות לניקוי הרצפה בניחוח מלון מפנק,החברה הדרומית לשיווק בעמ,,,יח`,1,,false,1,11.90,11.90,true,1,
7290107280563,false,סנו אוקסיג`ן ג`ל לכביסה בייבי 3 ל`,החברה הדרומית לשיווק בעמ,,,יח`,3,1 ליטר,false,1,29.90,9.97,true,1,
7290107280570,false,סנו - מקסימה ג'ל כביסה מרוכז לכביסה צבעונית 3 ליטר,החברה הדרומית לשיווק בעמ,,,יח`,3,1 ליטר,false,1,29.60,9.87,true,1,
7290107280655,false,אבקת כביסה Baby לתינוקות ולעור רגיש,החברה הדרומית לשיווק בעמ,,,יח`,3.25,"ק""ג",false,1,31.90,9.82,true,1,
7290107280709,false,ספארק נוזל הברקה למדיח סנו (700 מל),החברה הדרומית לשיווק בעמ,,,יח`,9,"100 מ""ל",false,1,14.90,1.66,true,1,
7290107280730,false,נוזל לניקוי כלים סנו ספארק Spark בניחוח לבנדר,החברה הדרומית לשיווק בעמ,,,יח`,7,"100 מ""ל",false,1,7.90,1.13,true,1,
7290107280747,false,נוזל לניקוי כלים סנו ספארק Spark קלאסי,החברה הדרומית לשיווק בעמ,,,יח`,7,"100 מ""ל",false,1,7.90,1.13,true,1,
7290107280754,false,נוזל כלים סנו ספארק Spark היפואלרגני פריחת השקד,החברה הדרומית לשיווק בעמ,,,יח`,7,"100 מ""ל",false,1,7.90,1.13,true,1,
7290107280761,false,נוזל לניקוי כלים בניחוח לימון רענן סנו ספארק Spark,החברה הדרומית לשיווק בעמ,,,יח`,1,1 ליטר,false,1,10.90,10.90,false,1,
7290107341370,false,כבל טייפסי imx,קונסיגנציה-איי.איקס.אם ישראל ב,,,יח`,1,,false,1,18.90,18.90,false,1,
7290107645928,false,קליק ביסקוויט לבן 75 גרם,יוניליוור ישראל שיווק בעמ,,,יח`,0.75,100 גרם,false,1,6.50,8.67,true,1,
7290107647076,false,קרמיסימו תותים ושוקולד לבן,גלידות שטראוס בעמ,,,יח`,1.33,1 ליטר,false,1,19.90,14.96,true,1,
7290107647359,false,דומסטוס סבון אסלה 5 הפועלות בניחות אוקיינוס 3 יח' * 55 ג',יוניליוור ישראל שיווק בע`מ,,,יח`,0,100 גרם,false,1,14.90,14.90,true,1,
7290107647366,false,דומסטוס סבון אסלה 5 הפועלות בניחות ליים 3 יח' * 55 ג',"יוניליוור ישראל שיווק בע""מ",,,יח`,0,100 גרם,false,1,14.90,14.90,true,1,
7290107647663,false,שטראוס קרמיסימו בננה טופי,גלידות שטראוס בעמ,,,יח`,13.30,"100 מ""ל",false,1,19.90,1.50,true,1,
7290107649100,false,בייגלה טבעות שומשום 300 גרם.,"יוניליוור ישראל שיווק בע""מ",,,יח`,3,100 גרם,false,1,10.90,3.63,true,1,
7290107649643,false,קליק חטיף שוקולד בטעפ כדורי שוקולד 70 גר,יוניליוור ישראל שיווק בעמ,,,יח`,0.70,100 גרם,false,1,6.50,9.29,true,1,
7290107649773,false,שטראוס קרמיסימו טעם פיסטוק ושוקולד עם רי,גלידות שטראוס בעמ,,,יח`,1.33,1 ליטר,false,1,19.90,14.96,true,1,
7290107649858,false,טילון סופר מגנום וניל ושוקלד לבן,"מיוצר ע""\י גלידת שטראוס",,,יח`,1,,false,1,9.90,9.90,true,1,
7290107871990,false,פסטה צינורות מהדרין אסם (500 גרם),קבוצת אוסם סחר שותפות מוגבלת,,,יח`,5,100 גרם,false,1,5.90,1.18,true,1,
7290107874502,false,ביסלי גריל קדמ. מארז אחיד 10 4*55 גרם,קבוצת אוסם סחר שותפות מוגבלת,,,יח`,2.20,100 גרם,false,1,12.90,5.86,true,1,
7290107875004,false,פופקורן חמאה ודבש מארז12*20גר',קבוצת אסם סחר שות. מוגבלת,,,יח`,1,,false,1,19.90,19.90,true,1,
7290107875158,false,במבה קלאסי מארז 4 יח' *60ג' אסם,קבוצת אוסם סחר-שות.מוגבלת,,,יח`,2.40,100 גרם,false,1,12.90,5.38,true,1,
7290107875271,false,ביסלי ברביקיו קדמ. מארז אחיד10 4*55 גרם,קבוצת אוסם סחר שותפות מוגבלת,,,יח`,2.20,100 גרם,false,1,12.90,5.86,true,1,
7290107875820,false,קרוטונים אפויים בתיבול ביתי אוסם 180 ג',קבוצת אוסם סחר שותפות מוגבלת,,,יח`,1.80,100 גרם,false,1,10.90,6.06,false,1,
7290107879569,false,קרחון לה פרוטה שרבט מנגו מאגדת 5יח',נגה גלידות שותפות מוגבלת,,,יח`,3.50,100 גרם,false,1,25.90,7.40,false,1,
7290107930321,false,קונפיטורת דובדבן יד מרדכי (340 גרם),"שטראוס גרופ בע""מ",,,יח`,3.40,100 גרם,false,1,11.90,3.50,false,1,
7290107932080,false,חלב 3% מועשר בבקבוק יטבתה (1 ליטר),שטראוס גרופ בעמ/מצונן,,,יח`,10,"100 מ""ל",false,1,7.60,0.76,false,1,
7290107933155,false,לקט סלנובה 200 גר ירקות שטראוס טעם הטבע,שטראוס בריאות ירקות טריי,,,יח`,2,100 גרם,false,1,12.90,6.45,false,1,
7290107933193,false,סלק בוואקום מבושל שטראוס (500 גרם),ביכורי השדה הצפון בעמ` 1964,,,יח`,5,100 גרם,false,1,7.90,1.58,false,1,
7290107934473,false,שמינייה יוגורט לבן אקטיביה 1.5% דנונה 150 גרם,שטראוס גרופ בעמ/מצונן,,,יח`,1.20,1 ליטר,false,1,19.90,16.58,false,1,
7290107936309,false,דנונה יוגורט 7% יווני לבן 130 ג',שטראוס גרופ בעמ/מצונן,,,יח`,1.30,100 גרם,false,1,3.50,2.69,false,1,
7290107936460,false,מארז 8 יח' דנכול משקה יוגורט בטעם מעודן,שטראוס גרופ בעמ/מצונן,,,יח`,8,100 גרם,false,1,29.90,3.74,false,1,
7290107937542,false,משקה יוגורט אקטיביה עם תות 1.2% שומן,שטראוס גרופ בעמ/מצונן,,,יח`,2.50,"100 מ""ל",false,1,4.90,1.96,false,1,
7290107937627,false,מסטיק מאסט Must קוביות ללא סוכר בטעם מנטה עדינה,שטראוס גרופ בע`מ,,,יח`,0.58,100 גרם,false,1,9.90,17.07,true,1,
7290107937634,false,צנצנית מסטיק מאסט קוביות פפירמינט 58 ג' עלית,"שטראוס גרופ בע""מ",,,יח`,0.58,100 גרם,false,1,9.90,17.07,true,1,
7290107937641,false,צנצנת קוביות בזוקה גומי לעיסה 58גר,אסקום קונפקשיין,,,יח`,0.58,100 גרם,false,1,9.90,17.07,true,1,
7290107937856,false,קפסולות 11חזק למכונות נספרסו עלית 10יח',הנסיך- מפעל לייצור ט,,,יח`,0.50,100 גרם,false,1,16.90,33.80,true,1,
7290107938396,false,שמיניית אקטימל תות דיסני בנים 108 גרם,שטראוס גרופ בעמ/מצונן,,,יח`,8.64,100 גרם,false,1,19.90,2.30,false,1,
7290107939027,false,גזר דק דק 250 גר שטראוס ירקות טעם הטבע,ביכורי השדה הצפון בעמ` 1964,,,יח`,2.50,100 גרם,false,1,7.90,3.16,false,1,
7290107940467,false,אקטיביה יוגורט קרמי 1.5% דנונה (200 גרם),שטראוס גרופ בעמ/מצונן,,,יח`,2,100 גרם,false,1,3.90,1.95,false,1,
7290107941266,false,שעועית אדומה מבושלת 475 גר ירקות שטראוס,ביכורי השדה הצפון בעמ` 1964,,,יח`,4.75,100 גרם,false,1,14.90,3.14,false,1,
7290107941273,false,טעם הטבע חומוס מבושל שטראוס (475 גרם),ביכורי השדה הצפון בעמ` 1964,,,יח`,4.75,100 גרם,false,1,11.90,2.51,false,1,
7290107943192,false,"שמנת חמוצה מהערבה 27% שומן 200 מ""ל יטבתה",שטראוס גרופ בעמ/מצונן,,,יח`,2,"100 מ""ל",false,1,3.90,1.95,false,1,
7290107943369,false,קוואקר שיבולת שועל ללא גלוטן 511 גר'.,שטראוס פריטו ליי בע`מ,,,יח`,5.11,100 גרם,false,1,19.90,3.89,false,1,
7290107944243,false,אפיפיות בטעם שוקולד 200 גרם כשר לפסח,"שטראוס גרופ בע""\מ",,,יח`,2,100 גרם,false,1,6.90,3.45,false,1,
7290107944472,false,סימפוניה גבינה במרקם שמנת 5% שום שמיר,שטראוס גרופ בעמ/מצונן,,,יח`,2,100 גרם,false,1,11.40,5.70,true,1,
7290107945165,false,קונפיטורת משמש יד מרדכי 340 גרם,אף.סי תבליני בגליל ב,,,יח`,3.40,100 גרם,false,1,11.90,3.50,false,1,
7290107950190,false,מעדן חלב דל קלוריות בטעם שוקולד מריר 0.5% שומן,שטראוס גרופ בעמ/מצונן,,,יח`,1.30,100 גרם,false,1,3.20,2.46,false,1,
7290107950206,false,מעדן דיאט שוקולד שטראוס 130 גרם,שטראוס גרופ בעמ/מצונן,,,יח`,1.30,100 גרם,false,1,3.20,2.46,false,1,
7290107951104,false,בפלות ופלים ארוכים בטעם שוקולד,"שטראוס גרופ בע""\מ",,,יח`,2,100 גרם,false,1,3.90,1.95,false,1,
7290107951715,false,צנצנת מסטיק מאסט קוביות בטעם ענבים 58 ג' עלית,"שטראוס גרופ בע""מ",,,יח`,0.58,100 גרם,false,1,9.90,17.07,true,1,
7290107953559,false,"מארז קפה טורקי עלית לדרך כשל""פ 168 גרם",הנסיך- מפעל לייצור ט,,,יח`,1.68,100 גרם,false,1,17.90,10.65,false,1,
7290107954709,false,"קונפיטורת פירות יער ""יד מרדכי"" 340 גר'",שטראוס גרופ בע`מ,,,יח`,3.40,100 גרם,false,1,11.90,3.50,false,1,
7290107956895,false,קפסולות טעם קרמל למכונות נספרסו 50גר,שטראוס קפה בי.וי.,,,יח`,0.50,100 גרם,false,1,16.90,33.80,true,1,
7290107956925,false,קפסולות 13 אוגנדה למכונת נספרסו עלית 10יח',שטראוס קפה בי.וי.,,,יח`,0.50,100 גרם,false,1,16.90,33.80,true,1,
7290107956932,false,קפסולות אינדונזיה מס 12 למכונת אספרסו,שטראוס קפה בי.וי.,,,יח`,0.50,100 גרם,false,1,16.90,33.80,true,1,
7290107957991,false,מילקי CAKE מיניס קרם חלב בציפוי שוקולד חלב שקית 16X9ג',בובארד איטליה אס.פי.איי,,,יח`,1.44,100 גרם,false,1,13.90,9.65,false,1,
7290107973861,false,מאסטר שף עגבניות קצוצות דק שלישיה 400ג*3 כשלפ,קונסרזיו קאסאלאסקו ד,,,יח`,12,100 גרם,false,1,15.90,1.33,false,1,
7290107974066,false,"עלי טורטיה קמח מלא 20ס""מ 8יח' מאסטר שף 320ג'",אלקאטי קורביישיסי גי,,,יח`,3.20,100 גרם,false,1,9.90,3.09,true,1,
7290107974073,false,מנה עלי טורטיה קמח לבן מ.שף 20 סמ 320 גר,אלקאטי קורביישיסי גי,,,יח`,3.20,100 גרם,false,1,9.90,3.09,true,1,
7290107974080,false,עלי טורטיה קמח לבן 744 גר`מנה מאסטר שף,אלקאטי קורביישיסי גי,,,יח`,7.44,100 גרם,false,1,15.90,2.14,false,1,
7290107974806,false,"אורז בסגנון בסמטי 1ק""ג מאסטר שף",דווה סינג שיהם סינג,,,יח`,1,"ק""ג",false,1,12.90,12.90,true,1,
7290107974813,false,"אורז יסמין 1 ק""ג מאסטר שף",טאומי אינטרפרייד,,,יח`,10,100 גרם,false,1,10.90,1.09,false,1,
7290107974820,false,ממרח בטעם ספייסי מיונז מאסטר שף 250 גרם,רמיה סי.וי.הולנד,,,יח`,2.52,100 גרם,false,1,7.90,3.13,true,1,
7290107974837,false,ממרח מתובל שום 253 גר מנה מאסטר שף,רמיה סי.וי.הולנד,,,יח`,2.53,100 גרם,false,1,7.90,3.12,true,1,
7290107975360,false,ליידי ספיד סטיק פיור פרשנס ג'ל נשים 65ג',ליידי ספיד סטיק Lady Speed Stick,,,יח`,0.65,"100 מ""ל",false,1,17.90,27.54,false,1,
7290107978330,false,איטריות דקות מאסטר שף 400 גרם,הדקלאים אגודת שיתופי,,,יח`,4,100 גרם,false,1,5.90,1.48,true,1,
7290107978347,false,איטריות בינוניות מאסטר שף 400 גרם,הדקלאים אגודת שיתופי,,,יח`,4,100 גרם,false,1,5.90,1.48,true,1,
7290107978453,false,חטיף בטעם גריל קראנצ,ש. שסטוביץ בע`מ,,,יח`,0.55,100 גרם,false,1,2.50,4.55,true,1,
7290108079357,false,מארז בלונים על מקל לניפוח עצמי HAPPY BIRTHDAY - כסף,שמחה זה אנחנו בעמ,,,יח`,1,,false,1,29.90,29.90,false,1,
7290108350128,false,סנו סושי שקיות אשפה חזקות במיוחד 40 יח',החברה הדרומית לשיווק בעמ,,,יח`,1,,false,1,23.90,23.90,false,1,
7290108350142,false,"שקיות רב שימושיות גדולות 25*35 ס""מ סנו סושי 270 יחידות",החברה הדרומית לשיווק בעמ,,,יח`,1,,false,1,11.90,11.90,false,1,
7290108350616,false,סנו - מקסימה מרכך כביסה מרוכז פריחה כחולה 1 ליטר,החברה הדרומית לשיווק בעמ,,,יח`,1,1 ליטר,false,1,17.90,17.90,true,1,
7290108350623,false,מרכך כביסה סופר מרוכז סופט סילק מקסימה 1 ל' סנו,החברה הדרומית לשיווק בעמ,,,יח`,1,1 ליטר,false,1,17.90,17.90,true,1,
7290108350692,false,"אבקת כביסה בלאק מקסימה 6 ק""ג",החברה הדרומית לשיווק בעמ,,,יח`,6,"ק""ג",false,1,49.90,8.32,true,1,
7290108350715,false,"סנו פורטה FREE נוזל מרוכז להסרת שומנים 750 מ""ל",החברה הדרומית לשיווק בעמ,,,יח`,7.50,"100 מ""ל",false,1,12.90,1.72,false,1,
7290108351149,false,ג'ל ניקוי כללי בתוספת אבקת סודה ריח כביסה סנו ג'ט 1.5 ליטר,החברה הדרומית לשיווק בעמ,,,יח`,1.50,1 ליטר,false,1,12.90,8.60,true,1,
7290108351156,false,ג'ל ניקוי כללי בתוספת חומץ בריח לבנדר סנו ג'ט 1.5 ליטר,החברה הדרומית לשיווק בעמ,,,יח`,1.50,1 ליטר,false,1,12.90,8.60,true,1,
7290108351507,false,מרכך כביסה אינספרישיין סנו מקסימה 4 ליטר,החברה הדרומית לשיווק בעמ,,,יח`,4,1 ליטר,false,1,19.90,4.98,true,1,
7290108351514,false,מרכך כביסה בלו בלוסום סנו מקסימה 4 ליטר,החברה הדרומית לשיווק בעמ,,,יח`,40,"100 מ""ל",false,1,19.90,0.50,true,1,
7290108351552,false,"סנו - ג'ט לניקוי כללי בתוספת חומץ בניחוח לבנדר 750 מ""ל",החברה הדרומית לשיווק בעמ,,,יח`,7.50,"100 מ""ל",false,1,13.90,1.85,true,1,
7290108351583,false,"סנו - ג'ט פלוס חומץ ג'ל לניקוי אסלות לבנדר 750 מ""ל",החברה הדרומית לשיווק בעמ,,,יח`,7.50,"100 מ""ל",false,1,9.90,1.32,true,1,
7290108351606,false,מטהר אוויר בלו בלוסום סנו פרש הום 350 מל,החברה הדרומית לשיווק בעמ,,,יח`,3.50,"100 מ""ל",false,1,11.90,3.40,true,1,
7290108351774,false,מרסס סנו לניקוי וטיפול במוצרי עור 500 מל,החברה הדרומית לשיווק בעמ,,,יח`,5,"100 מ""ל",false,1,29.90,5.98,false,1,
7290108351781,false,ג'ל לניקוי אסלות + חומץ ומלח לימון בריח הדרים,החברה הדרומית לשיווק בעמ,,,יח`,7.50,"100 מ""ל",false,1,9.90,1.32,true,1,
7290108351804,false,מרכך כביסה סופר מרוכז Gentl Breeze סנו מקסימה 1 ליטר,החברה הדרומית לשיווק בעמ,,,יח`,1,1 ליטר,false,1,17.90,17.90,true,1,
7290108351811,false,מרכך כביסה סופר מרוכז Floral touch סנו מקסימה 1 ליטר,החברה הדרומית לשיווק בעמ,,,יח`,1,1 ליטר,false,1,17.90,17.90,true,1,
7290108351835,false,מרכך כביסה Pure Sensation סנו מקסימה 4 ליטר,החברה הדרומית לשיווק בעמ,,,יח`,40,"100 מ""ל",false,1,19.90,0.50,true,1,
7290108351927,false,סנו ספארק טבליות למדיח 70 יחידות,החברה הדרומית לשיווק בעמ,,,יח`,1,,false,1,39.90,39.90,false,1,
7290108351934,false,סנובון סבון אסלה מוצק RINGS בניחוח לימון שלישיה,החברה הדרומית לשיווק בעמ,,,יח`,1,,false,1,14.90,14.90,true,1,
7290108351972,false,סנופרש הום מבשם לבית בניחוח מלון בוטיק,החברה הדרומית לשיווק בעמ,,,יח`,2,"100 מ""ל",false,1,12.90,6.45,true,1,
7290108351989,false,"מטהר אוויר סנו פרש הום מלון מפנק 200 מ""ל",החברה הדרומית לשיווק בעמ,,,יח`,2,"100 מ""ל",false,1,12.90,6.45,true,1,
7290108352092,false,משחת שיניים אורביטול פרוטקטיב סולט בטעם מנטה,החברה הדרומית לשיווק בעמ,,,יח`,1.45,100 גרם,false,1,17.90,12.34,true,1,
7290108352115,false,סנובון ווייב לאסלה בתוספת אקונומיקהה 45X3ג',החברה הדרומית לשיווק בעמ,,,יח`,1,,false,1,14.90,14.90,false,1,
7290108352207,false,מקסימה 40 קפסולות לכביסה בניחוח fresh burst,החברה הדרומית לשיווק בעמ,,,יח`,1,,false,1,36.90,36.90,true,1,
7290108352214,false,סנו - מקסימה קפסולות כביסה בניחוח בריזה מרעננת 40 יח',החברה הדרומית לשיווק בעמ,,,יח`,1,,false,1,36.90,36.90,true,1,
7290108352252,false,נוזל לניקוי כלים מתאים לניקוי ירקות ופירות סנו ספארק,החברה הדרומית לשיווק בעמ,,,יח`,1,1 ליטר,false,1,10.90,10.90,false,1,
7290108352290,false,שלישיית מטליות לחיטוי ולניקוי יסודי לחדר האמבטיה סדרת 99.9%,החברה הדרומית לשיווק בעמ,,,יח`,1,,false,1,19.90,19.90,true,1,
7290108352320,false,"מבשם אויר סנו פרש הום בניחוח כותנה מלטפת 350 מ""ל",החברה הדרומית לשיווק בעמ,,,יח`,3.50,"100 מ""ל",false,1,11.90,3.40,true,1,
7290108352399,false,ריצפז פרש הום בניחוח מרכך כביסה פלורל טאצ',החברה הדרומית לשיווק בעמ,,,יח`,2,1 ליטר,false,1,21.90,10.95,true,1,
7290108352436,false,סנובון מוצק בניחוח נגוליה ונרולי שלישייה,החברה הדרומית לשיווק בעמ,,,יח`,1.65,100 גרם,false,1,17.90,10.85,true,1,
7290108352443,false,סנובון מוצק לניקוי אסלה כחול סנו 3 יחידות,החברה הדרומית לשיווק בעמ,,,יח`,1.65,100 גרם,false,1,17.90,10.85,true,1,
7290108352450,false,ריצפז פרש הום בניחוח מרכך כביסה בלו בלוסום,החברה הדרומית לשיווק בעמ,,,יח`,2,1 ליטר,false,1,21.90,10.95,true,1,
7290108352535,false,דפי בישום לחים למייבש הכביסה בניחוח מרכך כביסה 20 יח' מקסימה,החברה הדרומית לשיווק בעמ,,,יח`,1,,false,1,12.90,12.90,false,1,
7290108352566,false,מרכך כביסה בבישום עוצמתי 4 ל' סנו מקסינה,החברה הדרומית לשיווק בעמ,,,יח`,40,"100 מ""ל",false,1,19.90,0.50,true,1,
7290108352573,false,מרכך כביסה סנו מקסימה בבישום עוצמתי 4 ליטר,החברה הדרומית לשיווק בעמ,,,יח`,4,1 ליטר,false,1,19.90,4.98,true,1,
7290108352641,false,סנו סושי מטלית הפלא לניקוי כללי במארז שלישייה,החברה הדרומית לשיווק בעמ,,,יח`,1,,false,1,14.90,14.90,false,1,
7290108352672,false,צמד מטליות הפלא לרצפה מיקרפייבר סנו סושי,החברה הדרומית לשיווק בעמ,,,יח`,1,,false,1,19.90,19.90,false,1,
7290108352795,false,שקיות זיפר 50 יח`במידה M סנו סושי,החברה הדרומית לשיווק בעמ,,,יח`,1,,false,1,11.90,11.90,true,1,
7290108352801,false,"שקיות אשפה לפחים קטנים 45 * 56 ס""מ סנו סושי 100 יחידות",החברה הדרומית לשיווק בעמ,,,יח`,1,,false,1,19.90,19.90,false,1,
7290108352900,false,מגבות נייר בגליל כפול סנו סושי 12=6 גלילים,החברה הדרומית לשיווק בעמ,,,יח`,1,,false,1,24.90,24.90,true,1,
7290108353068,false,ספוג הפלא נירוסטה עם סיבי קירצוף סנו סושי 2 יח',החברה הדרומית לשיווק בעמ,,,יח`,1,,false,1,9.90,9.90,false,1,
7290108353099,false,ממחטות אף במארז ניילון סנו סופט 5 יח' * 100 דף,החברה הדרומית לשיווק בעמ,,,יח`,1,,false,1,11.90,11.90,false,1,
7290108353334,false,"כיף שמפו למניעת קשקשים עם שמן עץ התה ואסאי 700 מ""ל",החברה הדרומית לשיווק בעמ,,,יח`,7,"100 מ""ל",false,1,11.90,1.70,true,1,
7290108353501,false,"שקיות אשפה ענקיות עם ידיות ענקיות 75*90 ס""מ סנו סושי 25 יחידות",החברה הדרומית לשיווק בעמ,,,יח`,1,,false,1,19.90,19.90,false,1,
7290108353532,false,"שקיות אשפה חזקות עם שרוך לארג' 54 * 65 ס""מ סנו סושי 100 יחידות",החברה הדרומית לשיווק בעמ,,,יח`,1,,false,1,29.90,29.90,true,1,
7290108353549,false,נייר אפיה 100 דפים סנו סושי,החברה הדרומית לשיווק בעמ,,,יח`,1,,false,1,19.90,19.90,false,1,
7290108353686,false,מטלית חלומית לרצפה סנו סושי 1 יחידה,החברה הדרומית לשיווק בעמ,,,יח`,1,,false,1,11.90,11.90,true,1,
7290108353709,false,כפפות ניטריל שחורות 80 יח' S סנו סושי,החברה הדרומית לשיווק בעמ,,,יח`,1,,false,1,29.90,29.90,false,1,
7290108353761,false,"תחליב רחצה זן, בניחוח קשמיר 600 מ""ל קרימה",החברה הדרומית לשיווק בעמ,,,יח`,6,"100 מ""ל",false,1,17.90,2.98,true,1,
7290108353808,false,"תחליב רחצה מדגסקר נקה 7 בניחוח אמבר 750 מ""ל",החברה הדרומית לשיווק בעמ,,,יח`,7.50,"100 מ""ל",false,1,10.90,1.45,true,1,
7290108353839,false,סושי כפפות ניטריל שחורות 80 יחידות M,החברה הדרומית לשיווק בעמ,,,יח`,1,,false,1,29.90,29.90,false,1,
7290108353846,false,סושי כפפות ניטריל שחורות 80 יחידות L,החברה הדרומית לשיווק בעמ,,,יח`,1,,false,1,29.90,29.90,false,1,
7290108354263,false,אורביטול גוניור משחת שיניים חד קרן 70גרם,החברה הדרומית לשיווק בעמ,,,יח`,0.70,100 גרם,false,1,8.90,12.71,true,1,
7290108354430,false,"כיף שמפו לשיקום והזנה,שמן קוקוס וקרטין 700 מ""ל",החברה הדרומית לשיווק בעמ,,,יח`,7,"100 מ""ל",false,1,11.90,1.70,true,1,
7290108354447,false,"כיף מרכך לשיקום והזנה שמן קוקוס וקרטין 700 מ""ל",החברה הדרומית לשיווק בעמ,,,יח`,7,"100 מ""ל",false,1,11.90,1.70,true,1,
7290108354591,false,"תחליב רחצה בניחוח מי קקטוס ושמן באבאסו 750 מ""ל נקה 7",החברה הדרומית לשיווק בעמ,,,יח`,7.50,"100 מ""ל",false,1,10.90,1.45,true,1,
7290108354607,false,"שמפו בניחוח מי קקטוס ושמן באבאסו 750 מ""ל נקה 7",החברה הדרומית לשיווק בעמ,,,יח`,7.50,"100 מ""ל",false,1,10.90,1.45,true,1,
7290108354614,false,"מרכך בניחוח מי קקטוס ושמן באבאסו 750 מ""ל נקה 7",החברה הדרומית לשיווק בעמ,,,יח`,7.50,"100 מ""ל",false,1,10.90,1.45,true,1,
7290108354713,false,"קרמה - תחליב רחצה קלאסי 500 מ""ל",החברה הדרומית לשיווק בעמ,,,יח`,5,"100 מ""ל",false,1,12.90,2.58,true,1,
7290108354751,false,"סנו - ג'ט מרסס לניקוי כללי בתוספת אבקת סודה 750 מ""ל",החברה הדרומית לשיווק בעמ,,,יח`,7.50,"100 מ""ל",false,1,12.90,1.72,true,1,
7290108354768,false,"קרם גוף קרמה דבש 500 מ""ל",החברה הדרומית לשיווק בעמ,,,יח`,5,"100 מ""ל",false,1,23.90,4.78,true,1,
7290108354829,false,"קרם ידיים קרמה ורד וניל 100 מ""ל מ""ל",החברה הדרומית לשיווק בעמ,,,יח`,1,"100 מ""ל",false,1,9.90,9.90,false,1,
7290108355017,false,מרכך לילדים מיניונים נקה 7 (750 מל),החברה הדרומית לשיווק בעמ,,,יח`,7.50,"100 מ""ל",false,1,10.90,1.45,true,1,
7290108355024,false,"נקה 7 שמפו ומרכך לילדים מיניונים 750 מ""ל",החברה הדרומית לשיווק בעמ,,,יח`,7.50,"100 מ""ל",false,1,10.90,1.45,true,1,
7290108355031,false,"נקה 7 אל סבון לילדים מיניונים 750 מ""ל",החברה הדרומית לשיווק בעמ,,,יח`,7.50,"100 מ""ל",false,1,10.90,1.45,true,1,
7290108355147,false,תחליב רחצה שמנהי הזנה נקה (7507 מל),טרופיקל דגיל תעשיות קוסמ,,,יח`,7.50,"100 מ""ל",false,1,10.90,1.45,true,1,
7290108355154,false,נקה 7 שמפו לשיער שמני הזנה 750 מל,החברה הדרומית לשיווק בעמ,,,יח`,7.50,"100 מ""ל",false,1,10.90,1.45,true,1,
7290108355161,false,"מרכך שיער שמני הזנה 750 מ""ל נקה 7",החברה הדרומית לשיווק בעמ,,,יח`,7.50,"100 מ""ל",false,1,10.90,1.45,true,1,
7290108355178,false,"קרמה - קרם ידיים חמאת שיאה וקוקוי 100 מ""ל",החברה הדרומית לשיווק בעמ,,,יח`,1,"100 מ""ל",false,1,9.90,9.90,false,1,
7290108355185,false,"נטורל מסיכת קרטין אינטנס למניעת קשקשים 350 מ""ל",החברה הדרומית לשיווק בעמ,,,יח`,3.50,"100 מ""ל",false,1,39.90,11.40,false,1,
7290108355208,false,"שמפו קרטין אינטנס למניעת קשקשים נטורל 400 מ""ל",החברה הדרומית לשיווק בעמ,,,יח`,4.10,"100 מ""ל",false,1,29.90,7.29,false,1,
7290108355307,false,"נקה 7 - שמפו סירוק קל רוזמרין 750 מ""ל",החברה הדרומית לשיווק בעמ,,,יח`,7.50,"100 מ""ל",false,1,11.90,1.59,true,1,
7290108355314,false,מרכך לסירוק קל בתוספת רוזמרין,החברה הדרומית לשיווק בעמ,,,יח`,7.50,"100 מ""ל",false,1,11.90,1.59,true,1,
7290108355949,false,"תחליב רחצה קרמה נרולי ומגנוליה 700 מ""ל",החברה הדרומית לשיווק בעמ,,,יח`,7,"100 מ""ל",false,1,17.90,2.56,true,1,
7290108356106,false,כיף תחליב רחצה חלב שקדים 700 מל,החברה הדרומית לשיווק בעמ,,,יח`,7,"100 מ""ל",false,1,11.90,1.70,true,1,
7290108356113,false,תחליב רחצה כיף ניחוח דבש 700 מל,החברה הדרומית לשיווק בעמ,,,יח`,7,"100 מ""ל",false,1,11.90,1.70,true,1,
7290108356120,false,תחליב רחצה כיף ניחוח קוקוס וניל700 מל,החברה הדרומית לשיווק בעמ,,,יח`,7,"100 מ""ל",false,1,11.90,1.70,true,1,
7290108356137,false,תחליב רחצה כיף ניחוח לבנדר 700 מל,החברה הדרומית לשיווק בעמ,,,יח`,7,"100 מ""ל",false,1,11.90,1.70,true,1,
7290108356151,false,תחליב רחצה כיף ניחוחמאסק יסמין 700 מל,החברה הדרומית לשיווק בעמ,,,יח`,7,"100 מ""ל",false,1,11.90,1.70,true,1,
7290108356175,false,אל סבון נוזלי כיף אבטיח ומנטה (1 ליטר),החברה הדרומית לשיווק בעמ,,,יח`,1,1 ליטר,false,1,13.90,13.90,true,1,
7290108356182,false,אל סבון נוזלי כיף תאנה ותה ירוק (1ליטר),החברה הדרומית לשיווק בעמ,,,יח`,1,1 ליטר,false,1,13.90,13.90,true,1,
7290108356199,false,אל סבון נוזלי כיףאפרסק ופלפל שחור (1ליטר,החברה הדרומית לשיווק בעמ,,,יח`,1,1 ליטר,false,1,13.90,13.90,true,1,
7290108356274,false,"כיף - מוס רחצה בניחוח תותים ושמנת 150 מ""ל",החברה הדרומית לשיווק בעמ,,,יח`,1.50,"100 מ""ל",false,1,12.90,8.60,true,1,
7290108356359,false,"קרמה - מן קרם לחות לגוף לאחר גילוח 400 מ""ל",החברה הדרומית לשיווק בעמ,,,יח`,4,"100 מ""ל",false,1,21.90,5.48,false,1,
7290108356519,false,קרליין שמפו 10למניעת קשקשים 700מל,החברה הדרומית לשיווק בעמ,,,יח`,7,"100 מ""ל",false,1,14.90,2.13,true,1,
7290108356526,false,"קרליין - שמפו 10 לשיער יבש 700 מ""ל",החברה הדרומית לשיווק בעמ,,,יח`,7,"100 מ""ל",false,1,14.90,2.13,true,1,
7290108356533,false,קרוליין 10 שמפו לשיער מתולתל 700 מל,החברה הדרומית לשיווק בעמ,,,יח`,7,"100 מ""ל",false,1,14.90,2.13,true,1,
7290108356564,false,"קרליין - מרכך 10 לשיער רגיל 700 מ""ל",החברה הדרומית לשיווק בעמ,,,יח`,7,"100 מ""ל",false,1,14.90,2.13,true,1,
7290108356588,false,קרוליין 10 מרכך לשיער מתולתל 700 מל,החברה הדרומית לשיווק בעמ,,,יח`,7,"100 מ""ל",false,1,14.90,2.13,true,1,
7290108356809,false,סבון בוטני ורד ומרווה לניקוי וטיפוח הידיים טבעוני 1 ל' כיף,החברה הדרומית לשיווק בעמ,,,יח`,1,1 ליטר,false,1,14.90,14.90,false,1,
7290108356816,false,"סבון בוטני גרניום ופטצ'ולי לניקוי וטיפוח הידיים, טבעוני 1 ל' כיף",החברה הדרומית לשיווק בעמ,,,יח`,1,1 ליטר,false,1,14.90,14.90,false,1,
7290108357028,false,"תחליב רחצה כיף ורד ושמן קוקוי 700 מ""ל",החברה הדרומית לשיווק בעמ,,,יח`,7,"100 מ""ל",false,1,11.90,1.70,true,1,
7290108357073,false,"קרליין - נושם ביו דאודורנט ספריי 150 מ""ל Blossoms Citrus לאישה",החברה הדרומית לשיווק בעמ,,,יח`,1.50,"100 מ""ל",false,1,12.90,8.60,true,1,
7290108357080,false,"קרליין - נושם ביו דאודורנט ספריי 150 מ""ל Secret Garden לאישה",החברה הדרומית לשיווק בעמ,,,יח`,1.50,"100 מ""ל",false,1,12.90,8.60,true,1,
7290108357189,false,"מבשם ומרכך למייבש הכביסה מקסימה פלורל 750 מ""ל סנו",החברה הדרומית לשיווק בעמ,,,יח`,7.50,"100 מ""ל",false,1,17.90,2.39,true,1,
7290108357202,false,סנוקליר לניקוי בניחוח בלו בלוסום 1 ליטר,החברה הדרומית לשיווק בעמ,,,יח`,10,"100 מ""ל",false,1,11.90,1.19,true,1,
7290108357226,false,"אוקסיגן POWER אבקה לכביסה לבנה והסרת כתמים 1.4 ק""ג סנו",החברה הדרומית לשיווק בעמ,,,יח`,14,100 גרם,false,1,29.90,2.14,false,1,
7290108357233,false,סנו קליר מטליות לחות לניקוי והברקה 50 יח,החברה הדרומית לשיווק בעמ,,,יח`,1,,false,1,11.90,11.90,false,1,
7290108357240,false,"אוקסיג'ן פאוור תוסף להסרת כתמים קשים 1.4 ק""ג",החברה הדרומית לשיווק בעמ,,,יח`,14,100 גרם,false,1,29.90,2.14,false,1,
7290108357264,false,"פרש אוטומטי מילוי בניחוח מרכך הכביסה אולטרה 375 מ""ל סנו",החברה הדרומית לשיווק בעמ,,,יח`,2.50,"100 מ""ל",false,1,13.90,5.56,false,1,
7290108357271,false,סנובון ג'ל לניקוי אסלות עם חמצן פעיל לניקוי עוצמתי,החברה הדרומית לשיווק בעמ,,,יח`,7.50,"100 מ""ל",false,1,10.90,1.45,true,1,
7290108357288,false,אקונומיקה ז'אוול בניחוח פריחה לבנה 4 ל' סנו,החברה הדרומית לשיווק בעמ,,,יח`,40,"100 מ""ל",false,1,16.90,0.42,false,1,
7290108357295,false,"מרסס אוקסיג'ן מסיר כתמים סנו לכביסה לבנה 750 מ""ל",החברה הדרומית לשיווק בעמ,,,יח`,7.50,"100 מ""ל",false,1,18.90,2.52,true,1,
7290108357417,false,"קרמה - קרם גוף קרמה ורד ווניל 500 מ""ל",החברה הדרומית לשיווק בעמ,,,יח`,5,"100 מ""ל",false,1,23.90,4.78,true,1,
7290108357493,false,"תחליב רחצה קרמה וניל ופלפל ורוד 700 מ""ל",החברה הדרומית לשיווק בעמ,,,יח`,7,"100 מ""ל",false,1,17.90,2.56,true,1,
7290108357509,false,"קרם גוף קרמה וניל ופלפל ורוד 500 מ""ל",החברה הדרומית לשיווק בעמ,,,יח`,5,"100 מ""ל",false,1,23.90,4.78,true,1,
7290108357653,false,סנובון ג'ל לאסלה שלישיה בניחוח אוקיינוס,החברה הדרומית לשיווק בעמ,,,יח`,1,,false,1,14.90,14.90,false,1,
7290108357660,false,סנובון Bubbles שלישיית כדוריות ג'ל אסלה ניחוח לבנדר,החברה הדרומית לשיווק בעמ,,,יח`,1,,false,1,14.90,14.90,false,1,
7290108357707,false,"כיף שמפו לשיער רגיל- תפוח זרעי צ'יה 700 מ""ל",החברה הדרומית לשיווק בעמ,,,יח`,7,"100 מ""ל",false,1,11.90,1.70,true,1,
7290108357745,false,"כיף שמפו ומרכך 700 מ""ל 2ב-1 תאנה ומנטה",החברה הדרומית לשיווק בעמ,,,יח`,7,"100 מ""ל",false,1,11.90,1.70,true,1,
7290108357769,false,"מרכך לשיער רגיל תפוח וזרעי צ'יה 700 מ""ל כיף",החברה הדרומית לשיווק בעמ,,,יח`,7,"100 מ""ל",false,1,11.90,1.70,true,1,
7290108357837,false,כיף אל סבון 1 ליטר ג'נסינג שקית מילוי + פקק,החברה הדרומית לשיווק בעמ,,,יח`,1,1 ליטר,false,1,8.90,8.90,false,1,
7290108357844,false,כיף אל סבון 1 ליטר אצות ים שקית מילוי + פקק,החברה הדרומית לשיווק בעמ,,,יח`,1,1 ליטר,false,1,8.90,8.90,false,1,
7290108357875,false,"כיף - שמפו לחות מוגברת עם אפרסק וחמאת מורומורו 700 מ""ל",החברה הדרומית לשיווק בעמ,,,יח`,7,"100 מ""ל",false,1,11.90,1.70,true,1,
7290108358070,false,"תחליב רחצה קלאסי קרמה 700מ""ל.",החברה הדרומית לשיווק בעמ,,,יח`,7,"100 מ""ל",false,1,17.90,2.56,true,1,
7290108358087,false,"תחליב רחצה מאסק קרמה 700מ""ל.",החברה הדרומית לשיווק בעמ,,,יח`,7,"100 מ""ל",false,1,17.90,2.56,true,1,
7290108358094,false,"קרמה - תחליב רחצה חמאת שיאה וקוקוי 500 מ""ל",החברה הדרומית לשיווק בעמ,,,יח`,5,"100 מ""ל",false,1,12.90,2.58,true,1,
7290108358124,false,דפי בישום לחים למייבש הכביסה בניחוח מרכך כביסה 20 יח' מקסימה,טרופיגל דגיל תעשיות קוסמ,,,יח`,1,,false,1,12.90,12.90,false,1,
7290108359015,false,סושי שקיות זיפר עם סליידר 20 יח מדיום,החברה הדרומית לשיווק בעמ,,,יח`,1,,false,1,14.90,14.90,false,1,
7290108359039,false,סנו סושי 30 שקיות אשפה עם ידיות לפחים גבוהים,החברה הדרומית לשיווק בעמ,,,יח`,1,,false,1,19.90,19.90,false,1,
7290108359077,false,סנו - סופט לושן ממחטות אף בקופסא 3 שכבות 120 יח',החברה הדרומית לשיווק בעמ,,,יח`,1,,false,1,12.90,12.90,true,1,
7290108359831,false,בייבי שמן לתינוק לעור עדין כיף (500 מל),החברה הדרומית לשיווק בעמ,,,יח`,5,"100 מ""ל",false,1,19.90,3.98,false,1,
7290108359848,false,בייבי כיף שמפו אל דמע (1 ליטר),החברה הדרומית לשיווק בעמ,,,יח`,1,1 ליטר,false,1,21.90,21.90,true,1,
7290108359886,false,תחליב רחצה בייבי כיף 1 ליטר,החברה הדרומית לשיווק בעמ,,,יח`,1,1 ליטר,false,1,21.90,21.90,true,1,
7290108359893,false,"תחליב רחצה בייבי כיף+משאבה 750 מ""ל",החברה הדרומית לשיווק בעמ,,,יח`,7.50,"100 מ""ל",false,1,14.90,1.99,true,1,
7290108359985,false,סנו - ז'אוול מרסס קצף לניקוי וחינו בניחוח פריחה לבנה 1 ליטר,החברה הדרומית לשיווק בעמ,,,יח`,1,1 ליטר,false,1,18.90,18.90,true,1,
7290108500677,false,כבד דג שיבוט בשמן דג וילי פוד 115 גרם,ג. וילי-פוד אינטרנשיונל בע`מ,,,יח`,1.15,100 גרם,false,1,9.90,8.61,true,1,
7290108501346,false,גבינה מגורדת גאודה 28% שומן EURO CHEESE ויליפוד 500 גרם,ג.וילי-פוד אינטרנשיונל **גבינו,,,יח`,5,100 גרם,false,1,24.90,4.98,false,1,
7290108501360,false,גבינת צ`דר בשלה 200 גר`matured orange ו,ג.וילי-פוד אינטרנשיונל **גבינו,,,יח`,2,100 גרם,false,1,17.90,8.95,false,1,
7290108501827,false,קדאיף שערות בצק ויליפוד 450 גרם,ג.וילי-פוד אינטרנשיונל **גבינו,,,יח`,4.50,100 גרם,false,1,19.90,4.42,false,1,
7290108502305,false,גבינת גרדה פדנו משולש 150 גר` וילי פוד,ג.וילי-פוד אינטרנשיונל **גבינו,,,יח`,1.50,100 גרם,false,1,19.90,13.27,true,1,
7290108502558,false,גבינת שמנת טעם טבעי לייט ויליפוד 200 גרם,ג.וילי-פוד אינטרנשיונל **גבינו,,,יח`,2,100 גרם,false,1,12.90,6.45,true,1,
7290108502589,false,גבינת שמנת עם שום ויליפוד 200 גרם,ג.וילי-פוד אינטרנשיונל **גבינו,,,יח`,2,100 גרם,false,1,12.90,6.45,true,1,
7290108502596,false,גבינת שמנת לייט שום 200 גר`EURO CHEESE,ג.וילי-פוד אינטרנשיונל **גבינו,,,יח`,2,100 גרם,false,1,12.90,6.45,true,1,
7290108502725,false,גבינת גאודה פרוסות ויליפוד 400 גרם,ג.וילי-פוד אינטרנשיונל **גבינו,,,יח`,4,100 גרם,false,1,19.90,4.98,false,1,
7290108502763,false,גבינת קממבר ויליפוד 200 גרם,ג.וילי-פוד אינטרנשיונל **גבינו,,,יח`,2,100 גרם,false,1,19.90,9.95,false,1,
7290108503043,false,תפוחונים חטיף פלחים מיובשים מארז 22X4ג',ג. וילי-פוד אינטרנשיונל בע`מ,,,יח`,0,100 גרם,false,1,14.90,14.90,false,1,
7290108503067,false,פרמז'נו משולש ויליפוד 150 גרם,ג.וילי-פוד אינטרנשיונל **גבינו,,,יח`,1.50,100 גרם,false,1,13.90,9.27,false,1,
7290108503159,false,גבינה כחולה עם עובש 31% ויליפוד 100 גרם,ג.וילי-פוד אינטרנשיונל **גבינו,,,יח`,1,100 גרם,false,1,15.90,15.90,true,1,
7290108503647,false,"DAAWAT אורז בסמטי מהדרין ויליפוד 1 ק""ג",ג.וילי-פוד אינטרנשיונל בעמ,,,יח`,1,"ק""ג",false,1,11.90,11.90,false,1,
7290108504293,false,מנצ`גו צ`אנק 150 גרם ויליפוד,ג.וילי-פוד אינטרנשיונל **גבינו,,,יח`,1.50,100 גרם,false,1,16.90,11.27,true,1,
7290108504378,false,גבינת שמנת עם זיתים ויליפוד 200 גרם,ג.וילי-פוד אינטרנשיונל **גבינו,,,יח`,2,100 גרם,false,1,12.90,6.45,true,1,
7290108504385,false,גבינת שמנת עם חלפיניו ויליפוד 200 גרם,ג.וילי-פוד אינטרנשיונל **גבינו,,,יח`,2,100 גרם,false,1,12.90,6.45,true,1,
7290108505375,false,גולדן צהובה פרוסה ויליפוד 400 גרם,ג.וילי-פוד אינטרנשיונל **גבינו,,,יח`,4,100 גרם,false,1,19.90,4.98,false,1,
7290108505504,false,דונאטס בציפוי קקאו וסוכריות דראג'ה 61 ג',ג.וילי-פוד אינטרנשיונל בעמ,,,יח`,0.58,100 גרם,false,1,5.90,10.17,false,1,
7290108505719,false,גבינת מוצרלה מגורדת EURO CHEESE ויליפוד 200 גרם,ג.וילי-פוד אינטרנשיונל **גבינו,,,יח`,2,100 גרם,false,1,13.90,6.95,true,1,
7290108505726,false,אצבעות גבינת חצי קשה EURO CHEESE ויליפוד 200 גרם,ג.וילי-פוד אינטרנשיונל **גבינו,,,יח`,2,100 גרם,false,1,13.90,6.95,true,1,
7290108505733,false,צמות -גבינה חצי קשה 25% שומן ( 200 גר) ו,ג.וילי-פוד אינטרנשיונל **גבינו,,,יח`,2,100 גרם,false,1,13.90,6.95,true,1,
7290108505740,false,קשקבל גבינה חצי קשה EURO CHEESE ויליפוד 200 גרם,ג.וילי-פוד אינטרנשיונל **גבינו,,,יח`,2,100 גרם,false,1,13.90,6.95,true,1,
7290108506426,false,סימיט בייגלה קפוא 400 גר` פינוקים וילי פ,ג.וילי-פוד אינטרנשיונל **גבינו,,,יח`,4,100 גרם,false,1,13.90,3.48,true,1,
7290108506495,false,"כנאפה מאפה בצק ""שערות"" קדאיף וגבינה",ג.וילי-פוד אינטרנשיונל **גבינו,,,יח`,1.9250,100 גרם,false,1,12.90,6.70,true,1,
7290108506709,false,גבינת פרמג`אנו ר`גיאנו 150 גר וילי פוד,ג.וילי-פוד אינטרנשיונל **גבינו,,,יח`,1.50,100 גרם,false,1,17.90,11.93,false,1,
7290108506969,false,מאפה בורקס מים תורכי גבינה ויליפוד 300 גרם,ג.וילי-פוד אינטרנשיונל **גבינו,,,יח`,3,100 גרם,false,1,14.90,4.97,true,1,
7290108507010,false,מאפה בורקס מים תורכי תרד וגבינה ויליפוד 300 גרם,ג.וילי-פוד אינטרנשיונל **גבינו,,,יח`,3,100 גרם,false,1,14.90,4.97,true,1,
7290108507645,false,ביסקויט פריך בשוקולד מריר 100 גרם -קהילות,ג. וילי-פוד אינטרנשיונל בע`מ,,,יח`,1,100 גרם,false,1,6.90,6.90,true,1,
7290108508031,false,אננס שלם 830 גרם ויליפוד,ג. וילי-פוד אינטרנשיונל בע`מ,,,יח`,8.30,100 גרם,false,1,10.90,1.31,false,1,
7290108508451,false,"משקה יוגורט טבעי 3.2% שומן יורו 200 מ""ל",ג.וילי-פוד אינטרנשיונל **גבינו,,,יח`,2,"100 מ""ל",false,1,4.90,2.45,true,1,
7290108508499,false,"איירן משקה יוגורט בסגנון טורקי יורו 293 מ""ל",ג.וילי-פוד אינטרנשיונל **גבינו,,,יח`,2.93,"100 מ""ל",false,1,4.90,1.67,true,1,
7290108508765,false,קונכיות פתיתים 400 גרם וילי פוד,ג. וילי-פוד אינטרנשיונל בע`מ,,,יח`,4,100 גרם,false,1,5.90,1.48,true,1,
7290108508963,false,גבינת מוצרלה מגורדת 25% שומן( 200 גר`)יו,ג.וילי-פוד אינטרנשיונל **גבינו,,,יח`,2,100 גרם,false,1,13.90,6.95,true,1,
7290108509052,false,מאפה פילו במילוי גבינת פטה ויליפוד 400 גרם,ג.וילי-פוד אינטרנשיונל **גבינו,,,יח`,4,100 גרם,false,1,19.90,4.98,false,1,
7290108509106,false,"גבינה בולגרית מעודנת בקוביות 13% שומן 200 ג' חת""ס פ""ת",ג.וילי-פוד אינטרנשיונל **גבינו,,,יח`,2,100 גרם,false,1,11.90,5.95,true,1,
7290108509113,false,"גבינה בולגרית מעודנת 18% שומן 250 גרם חת""ס פ""ת",ג.וילי-פוד אינטרנשיונל **גבינו,,,יח`,2.50,100 גרם,false,1,11.90,4.76,true,1,
7290108509199,false,גבינת פטה 17% שומן יורו 500 ג',ג.וילי-פוד אינטרנשיונל **גבינו,,,יח`,5,100 גרם,false,1,22.90,4.58,true,1,
7290108509250,false,"אנטיפסטי ארטישוק+עגבניות מיובשות וצלפים בשמן חמניות 380 מ""ל",ג. וילי-פוד אינטרנשיונל בע`מ,,,יח`,3.80,100 גרם,false,1,22.90,6.03,false,1,
7290108509267,false,ארוחת פסטה עם רוטב גבינה ויליפוד 206 גרם,ג. וילי-פוד אינטרנשיונל בע`מ,,,יח`,2.06,100 גרם,false,1,7.90,3.83,true,1,
7290108509359,false,פופקורן בציפוי בטעם קרמל ויליפוד 90 גרם,ג. וילי-פוד אינטרנשיונל בע`מ,,,יח`,0.90,100 גרם,false,1,5.90,6.56,true,1,
7290108509588,false,גבינה פטה 24% עם עשבי תיבול 153 גרם ויליפוד,ג.וילי-פוד אינטרנשיונל **גבינו,,,יח`,1.53,100 גרם,false,1,15.90,10.39,false,1,
7290108509700,false,אורז פרסי 1 קג`DAAWAT וילי פוד,ג. וילי-פוד אינטרנשיונל בע`מ,,,יח`,1,"ק""ג",false,1,9.90,9.90,false,1,
7290108509755,false,EURO גבינת חלומי 23% שומן 250 גרם,ג.וילי-פוד אינטרנשיונל **גבינו,,,יח`,2.50,100 גרם,false,1,24.90,9.96,false,1,
7290108509816,false,גבינת בייבי מוצרלה EURO CHEESE ויליפוד 200 גרם,ג.וילי-פוד אינטרנשיונל **גבינו,,,יח`,2,100 גרם,false,1,13.90,6.95,true,1,
7290108509908,false,"מנת השף בשקית-איטריות בטעם ירקות 85 ג' חתם סופר ב""ב",ג. וילי-פוד אינטרנשיונל בע`מ,,,יח`,1,,false,1,3.90,3.90,true,1,
7290108509915,false,"מנת השף בשקית-איטריות בטעם סיני פיקנטי 85 ג' חתם סופר ב""ב",ג. וילי-פוד אינטרנשיונל בע`מ,,,יח`,1,,false,1,3.90,3.90,true,1,
7290108509922,false,מנתהשף אטריות להכנה מהירה טעם עוף ויליפוד 85 גרם,ג. וילי-פוד אינטרנשיונל בע`מ,,,יח`,1,,false,1,3.90,3.90,true,1,
7290108509939,false,פרוסות פילה טונה בשמן זית כתית מעולה,ג. וילי-פוד אינטרנשיונל בע`מ,,,יח`,1.20,100 גרם,false,1,12.90,10.75,true,1,
7290108509960,false,נתחי טונה בהירה בשמן זית כתית מעולה - מארז 3 יח',ג. וילי-פוד אינטרנשיונל בע`מ,,,יח`,2.40,100 גרם,false,1,14.90,6.21,false,1,
7290108509984,false,"רוטב סויה 300 מ""ל וילי פוד",ג.וילי-פוד אינטרנשיונל בעמ,,,יח`,3,"100 מ""ל",false,1,8.90,2.97,false,1,
7290108509991,false,"רוטב טריאקי 300 מ""ל וילי פוד",ג.וילי-פוד אינטרנשיונל בעמ,,,יח`,3,"100 מ""ל",false,1,8.90,2.97,false,1,
7290109350998,false,בגט-לחם ג`בטה/פרובנס מאפית,קבוצת אסם סחר שות. מוגבלת,,,יח`,1,,false,1,6.90,6.90,false,1,
7290109351025,false,מלך החומוס חומוסטחינה 40% טחינה גולמית,קבוצת אוסם סחר שותפות מוגבלת,,,יח`,4,100 גרם,false,1,13.90,3.48,false,1,
7290109351971,false,פריכיות דגנים פיטנס מצופות שוקולד חלב,קבוצת אוסם סחר שותפות מוגבלת,,,יח`,0.84,100 גרם,false,1,14.90,17.74,true,1,
7290109352916,false,פריכיות דגנים פיטנס מצופות שוקולד לבן,קבוצת אוסם סחר שותפות מוגבלת,,,יח`,0.84,100 גרם,false,1,14.90,17.74,true,1,
7290109354057,false,קרחון לה פרוטה שרבט אננס תפוז מאגדת 5 יח',נגה גלידות שותפות מוגבלת,,,יח`,3.50,100 גרם,false,1,25.90,7.40,false,1,
7290109354996,false,פתי בר ללא גלוטן שוקו 200 גרם אסם,קבוצת אוסם סחר שותפות מוגבלת,,,יח`,2,100 גרם,false,1,9.90,4.95,true,1,
7290109358284,false,"שניצל תירס עם חלבון 664 גר' ""טבעול""",קבוצת אוסם סחר שותפות מוגבלת,,,יח`,6.64,100 גרם,false,1,24.90,3.75,false,1,
7290109580043,false,"שניצל תירס קלאסי זוגלובק 1.75 ק""ג",נקניק זוגלובק נהריה,,,יח`,0.0180,100 גרם,false,1,49.90,2772.22,false,1,
7290109580067,false,וונדרס טחון מן הצומח 340 גר`,זוגלובק שיווק בעמ ו/או וונדרס,,,יח`,3.40,100 גרם,false,1,29.90,8.79,true,1,
7290109580098,false,קבנוס בטעם סרירצ'ה זוגלובק 135 גרם,נקניק זוגלובק נהריה,,,יח`,1.35,100 גרם,false,1,11.90,8.81,true,1,
7290109580104,false,זוגלובק פרימיום רוסטביף 150 גרם,נקניק זוגלובק נהריה,,,יח`,1.50,100 גרם,false,1,24.90,16.60,false,1,
7290109580135,false,זוגלובק פרימיום קורנדביף 180 גרם,נקניק זוגלובק נהריה,,,יח`,1.80,100 גרם,false,1,24.90,13.83,false,1,
7290109580159,false,פסטרמה בנוסח טוסקנה פרימיום זוגלובק 180 גרם,נקניק זוגלובק נהריה,,,יח`,1.80,100 גרם,false,1,24.90,13.83,false,1,
7290109580166,false,סרוולד קלאסי פרימיום 150 גרם זוגלובק,נקניק זוגלובק נהריה,,,יח`,1.50,100 גרם,false,1,24.90,16.60,false,1,
7290109580227,false,נקניקיות עוף ובקר בסגנון ברלינאי קאריוורסט,נקניק זוגלובק נהריה,,,יח`,3,100 גרם,false,1,19.90,6.63,false,1,
7290109580241,false,נאגטס מן הצומח זוגלובק 500 גרם,נקניק זוגלובק נהריה,,,יח`,5,100 גרם,false,1,21.90,4.38,false,1,
7290109580319,false,"בורגר וונדרס 0% בשר , טבעוני",זוגלובק שיווק בעמ ו/או וונדרס,,,יח`,2.80,100 גרם,false,1,29.90,10.68,true,1,
7290109580449,false,סלמי בטעם כמהין פרימיום זוגלובק 180 גרם,נקניק זוגלובק נהריה,,,יח`,1.80,100 גרם,false,1,24.90,13.83,false,1,
7290109920146,false,"דורגול מסיר אבנית מקומקומים 750 מ""ל",יעקב יעקבי ובניו בע`מ,,,יח`,7.50,"100 מ""ל",false,1,19.90,2.65,false,1,
7290109920313,false,"אסטוניש מרסס לניקוי חלונות 750 מ""ל","יעקב יעקבי ובניו בע""מ",,,יח`,7.50,"100 מ""ל",false,1,11.90,1.59,false,1,
7290109920597,false,"אסטוניש - מרסס לניקוי המקלחון 750 מ""ל","יעקב יעקבי ובניו בע""מ",,,יח`,7.50,"100 מ""ל",false,1,11.90,1.59,false,1,
7290109920627,false,"אסטוניש קרם ואקונומיקה לניקוי אמבטיות 500 מ""ל","יעקב יעקבי ובניו בע""מ",,,יח`,5,"100 מ""ל",false,1,17.90,3.58,false,1,
7290109920658,false,"אסטוניש - מרסס אנטי בקטריאלי למטבח 750 מ""ל","יעקב יעקבי ובניו בע""מ",,,יח`,7.50,"100 מ""ל",false,1,11.90,1.59,false,1,
7290109923024,false,"אסטוניש - מרסס פרמיום ארומטיק למטבח 750 מ""ל",יעקב יעקבי ובניו בעמ,,,יח`,7.50,"100 מ""ל",false,1,14.90,1.99,false,1,
7290109923048,false,"אסטוניש - מרסס פרמיום ארומטיק לכל הבית 750 מ""ל","יעקב יעקבי ובניו בע""מ",,,יח`,7.50,"100 מ""ל",false,1,14.90,1.99,false,1,
7290109923093,false,"אסטוניש - קרם כיריים הלוגן ומיקרו 500 מ""ל","יעקב יעקבי ובניו בע""מ",,,יח`,5,"100 מ""ל",false,1,14.90,2.98,false,1,
7290109923147,false,אסטוניש מהדורה פרימיום פלא של אקונומיקה,יעקב יעקבי ובניו בע`מ,,,יח`,7.50,"100 מ""ל",false,1,14.90,1.99,false,1,
7290110000493,false,חמאת בוטנים טבעית קרנצ`י 350 גרם),"בטר אנד דיפרנט בע""מ",,,יח`,3.50,100 גרם,false,1,13.90,3.97,false,1,
7290110055257,false,זר לראש עם פרחים ורוד,שמחה זה אנחנו בעמ,,,יח`,1,,false,1,14.90,14.90,false,1,
7290110110277,false,"סומרסבי סיידר תפוחים אלכוהולי 4*300 מ""ל",החברה המרכזית להפצת משקאות בעמ,,,יח`,1.32,1 ליטר,false,1,35.90,26.29,true,1,
7290110110574,false,פחית קוקה קולה סליק זירו לימון 330 מל,החברה המרכזית להפצת משקאות בעמ,,,יח`,3.30,"100 מ""ל",false,1,3.90,1.09,true,1,
7290110110659,false,"ספרייט לימון ליים פחית 330מ""ל",החברה המרכזית להפצת משקאות בעמ,,,יח`,3.30,"100 מ""ל",false,1,3.90,1.09,true,1,
7290110113261,false,נקטר חמוציות 19 קלוריות SPRAY OCEAN פריגת 1 ליטר,החברה המרכזית להפצת משקאות בעמ,,,יח`,1,1 ליטר,false,1,12.50,12.50,false,1,
7290110114787,false,נביעות+ מים מינרליים בטעם תפוח 1.5 ליטר,החברה המרכזית להפצת משקאות בעמ,,,יח`,1.50,1 ליטר,false,1,8.90,5.73,false,1,
7290110114794,false,נביעות+ מים מינרליים בטעם אפרסק 1.5 ליטר,החברה המרכזית להפצת משקאות בעמ,,,יח`,1.50,1 ליטר,false,1,8.90,5.73,false,1,
7290110114800,false,נביעות+ מים מינרליים בטעם ענבים 1.5 ליטר,החברה המרכזית להפצת משקאות בעמ,,,יח`,1.50,1 ליטר,false,1,8.90,5.73,false,1,
7290110114855,false,"נביעות מים מינרליים, שישיה 6 * 1.5 ליטר פקדון",החברה המרכזית להפצת משקאות בעמ,,,יח`,9,1 ליטר,false,1,13.90,1.34,true,1,
7290110114893,false,מיץ תפוזים מפוסטר סחוט 2 ליטר,*החברה המרכזית להפצת משקאותבעמ,,,יח`,2,1 ליטר,false,1,29.90,14.80,true,1,
7290110114954,false,מיץ תפוזים מתקתקים פריגת 2 ליטר,*החברה המרכזית להפצת משקאותבעמ,,,יח`,2,1 ליטר,false,1,24.90,12.30,true,1,
7290110114961,false,משקה קל בטעם תפוזים פריגת (1.5 ליטר),החברה המרכזית להפצת משקאות בעמ,,,יח`,15,"100 מ""ל",false,1,9.50,0.61,false,1,
7290110114985,false,משקה קל בטעם אשכוליות פריגת (1.5 ליטר),החברה המרכזית להפצת משקאות בעמ,,,יח`,15,"100 מ""ל",false,1,9.50,0.61,false,1,
7290110114992,false,משקה קל בטעם אשכוליות לייט פריגת (1.5 לי,החברה המרכזית להפצת משקאות בעמ,,,יח`,15,"100 מ""ל",false,1,9.50,0.61,false,1,
7290110115005,false,משקה קל בטעם ענבים פריגת (1.5 ליטר),החברה המרכזית להפצת משקאות בעמ,,,יח`,15,"100 מ""ל",false,1,9.50,0.61,false,1,
7290110115036,false,משקה קל בטעם מנגו פריגת (1.5 ליטר),החברה המרכזית להפצת משקאות בעמ,,,יח`,15,"100 מ""ל",false,1,9.50,0.61,false,1,
7290110115043,false,משקה קל בטעם לימונענע פריגת (1.5 ליטר),החברה המרכזית להפצת משקאות בעמ,,,יח`,15,"100 מ""ל",false,1,9.50,0.61,false,1,
7290110115050,false,משקה קל בטעם תות בננה פריגת (1.5 ליטר),החברה המרכזית להפצת משקאות בעמ,,,יח`,15,"100 מ""ל",false,1,9.50,0.61,false,1,
7290110115104,false,פריגת צלול אפרסק 1.5 ליטר פיקדון,החברה המרכזית להפצת משקאות בעמ,,,יח`,15,"100 מ""ל",false,1,9.50,0.61,false,1,
7290110115111,false,פריגת צלול אננס 1.5 ליטר פיקדון,החברה המרכזית להפצת משקאות בעמ,,,יח`,15,"100 מ""ל",false,1,9.50,0.61,false,1,
7290110115128,false,פריגת צלול בטעם לימונענע 1.5 ליטר פיקדון,החברה המרכזית להפצת משקאות בעמ,,,יח`,15,"100 מ""ל",false,1,9.50,0.61,false,1,
7290110115180,false,נביעות מים מינרלים שקט 1.5 ליטר פיקדון,החברה המרכזית להפצת משקאות בעמ,,,יח`,0.0150,"100 מ""ל",false,1,2.90,173.33,false,1,
7290110115203,false,קוקה קולה 1.5 ליטר פיקדון,החברה המרכזית להפצת משקאות בעמ,,,יח`,0,1 ליטר,false,1,8.90,8.90,false,1,
7290110115210,false,קוקה קולה דיאט 1.5 ליטר פיקדון,החברה המרכזית להפצת משקאות בעמ,,,יח`,1.50,1 ליטר,false,1,8.90,5.73,false,1,
7290110115227,false,קוקה קולה Zero בקבוק 1.5 ליטר פיקדון,החברה המרכזית להפצת משקאות בעמ,,,יח`,1.50,1 ליטר,false,1,8.90,5.73,false,1,
7290110115234,false,קוקה קולה דיאט זירו 1.5 ליטר פיקדון,החברה המרכזית להפצת משקאות בעמ,,,יח`,15,"100 מ""ל",false,1,8.90,0.57,false,1,
7290110115241,false,קוקה קולה דיאט לימון 1.5 ליטר פיקדון,החברה המרכזית להפצת משקאות בעמ,,,יח`,15,"100 מ""ל",false,1,8.90,0.57,false,1,
7290110115265,false,ספרייט לימון ליים 1.5 ליטר-,החברה המרכזית להפצת משקאות בעמ,,,יח`,1.50,1 ליטר,false,1,8.90,5.73,true,1,
7290110115272,false,ZERO ספרייט 1.5 ליטר פיקדון,החברה המרכזית להפצת משקאות בעמ,,,יח`,1.50,1 ליטר,false,1,8.90,5.73,true,1,
7290110115289,false,ספרייט 19 קל' לימון-נענע 1.5 ליטר פיקדון,החברה המרכזית להפצת משקאות בעמ,,,יח`,1.50,1 ליטר,false,1,8.50,5.47,true,1,
7290110115296,false,גזוז בטעם תפוז פאנטה 1.5 ליטר פיקדון,החברה המרכזית להפצת משקאות בעמ,,,יח`,1.50,1 ליטר,false,1,9.50,6.13,false,1,
7290110115319,false,פאנטה אקזוטי פירות טרופיים 1.5ל פיקדון,החברה המרכזית להפצת משקאות בעמ,,,יח`,1.50,1 ליטר,false,1,9.50,6.13,false,1,
7290110115333,false,גזוז בטעם תות פאנטה 1.5 ליטר פיקדון,החברה המרכזית להפצת משקאות בעמ,,,יח`,1.50,1 ליטר,false,1,9.50,6.13,false,1,
7290110115340,false,פאנטה ענבים 1.5 ליטר פיקדון,החברה המרכזית להפצת משקאות בעמ,,,יח`,1.50,1 ליטר,false,1,9.50,6.13,false,1,
7290110115357,false,קינלי סודה 1.5 ליטר פיקדון,החברה המרכזית להפצת משקאות בעמ,,,יח`,1.50,1 ליטר,false,1,4.60,2.87,false,1,
7290110115364,false,קוקה קולה שישיות 1.5 ליטר פיקדון,החברה המרכזית להפצת משקאות בעמ,,,יח`,9,1 ליטר,false,1,49.90,5.34,true,1,
7290110115388,false,ספרייט לימון ליים 1.5 ליטר מארז שישייה,החברה המרכזית להפצת משקאות בעמ,,,יח`,9,1 ליטר,false,1,49.90,5.34,true,1,
7290110115395,false,ספרייט זירו שישיות 1.5 ליטר פיקדון,החברה המרכזית להפצת משקאות בעמ,,,יח`,9,1 ליטר,false,1,49.90,5.34,true,1,
7290110115401,false,קינלי סודה שישייה 1.5 ליטר פיקדון,החברה המרכזית להפצת משקאות בעמ,,,יח`,9,1 ליטר,false,1,16.50,1.63,true,1,
7290110115418,false,קוקה קולה זירו 1.5 ליטר מארז שישייה,החברה המרכזית להפצת משקאות בעמ,,,יח`,9,1 ליטר,false,1,49.90,5.34,true,1,
7290110115449,false,פיוז-טי תה מנגו אננס 1.5 ליטר פיקדון,החברה המרכזית להפצת משקאות בעמ,,,יח`,1.50,1 ליטר,false,1,8.90,5.73,false,1,
7290110115456,false,פיוז-טי תה אפרסק 1.5 ליטר 19 קל פיקדון,החברה המרכזית להפצת משקאות בעמ,,,יח`,1.50,1 ליטר,false,1,8.90,5.73,false,1,
7290110115463,false,פיוז-טי תה אפרסק 1.5 ליטר פיקדון,החברה המרכזית להפצת משקאות בעמ,,,יח`,1.50,1 ליטר,false,1,8.90,5.73,false,1,
7290110115494,false,תה קר בטעם ענבים פיוז טי 1.5 ליטר,החברה המרכזית להפצת משקאות בעמ,,,יח`,1.50,1 ליטר,false,1,8.90,5.73,false,1,
7290110115586,false,פריגת תפוזים 40% פחות סוכר 1.5 ליטר פיקדון,החברה המרכזית להפצת משקאות בעמ,,,יח`,15,"100 מ""ל",false,1,9.50,0.61,false,1,
7290110115623,false,פיוז-טי תה אפרסק זירו 1.5 ליטר פיקדון,החברה המרכזית להפצת משקאות בעמ,,,יח`,1.50,1 ליטר,false,1,8.90,5.73,false,1,
7290110116064,false,פאנטה זירו בטעם פירות ירוק 1.5 ל פיקדון,החברה המרכזית להפצת משקאות בעמ,,,יח`,1.50,1 ליטר,false,1,9.50,6.13,false,1,
7290110116125,false,"סירופ פריגת בטעם פטל 750 מ""ל פיקדון",החברה המרכזית להפצת משקאות בעמ,,,יח`,7.50,"100 מ""ל",false,1,24.90,3.32,false,1,
7290110116132,false,"סירופ פריגת בטעם לימון 750 מ""ל פיקדון",החברה המרכזית להפצת משקאות בעמ,,,יח`,7.50,"100 מ""ל",false,1,24.90,3.32,false,1,
7290110116149,false,"סירופ פריגת בטעם ענבים 750 מ""ל פיקדון",החברה המרכזית להפצת משקאות בעמ,,,יח`,7.50,"100 מ""ל",false,1,24.90,3.32,false,1,
7290110116217,false,נביעות+ סדרת 0 קלוריות אשכוליות 1.5 ליטר,החברה המרכזית להפצת משקאות בעמ,,,יח`,1.50,1 ליטר,false,1,9.90,6.40,false,1,
7290110116323,false,קוקה קולה זירו 1.5 ליטר מארז שישייה חג ש,החברה המרכזית להפצת משקאות בעמ,,,יח`,9,1 ליטר,false,1,49.90,5.34,true,1,
7290110116392,false,"סירופ פריגת בטעם תפוזים 750 מ""ל פיקדון",החברה המרכזית להפצת משקאות בעמ,,,יח`,7.50,"100 מ""ל",false,1,24.90,3.32,false,1,
7290110116491,false,פריגת סחוט מיקס אפרסק משמש 1ליטר,*החברה המרכזית להפצת משקאותבעמ,,,יח`,1,1 ליטר,false,1,15.90,15.90,false,1,
7290110116507,false,פריגת סחוט מיקס אננס בננה אגס 1ליטר,*החברה המרכזית להפצת משקאותבעמ,,,יח`,1,1 ליטר,false,1,15.90,15.90,false,1,
7290110116552,false,ספרייט לימון היט 1.5 ליטר LIME פיקדון,החברה המרכזית להפצת משקאות בעמ,,,יח`,1.50,1 ליטר,false,1,8.90,5.73,false,1,
7290110116569,false,ספרייט זירו 1.5 ליטר LEMON HIT פיקדון,החברה המרכזית להפצת משקאות בעמ,,,יח`,1.50,1 ליטר,false,1,8.90,5.73,true,1,
7290110320591,false,גבינה בולגרית במרקם מעודן 16% פיראוס,"תנובה בע""מ ***",,,יח`,2.50,100 גרם,false,1,21.90,8.76,false,1,
7290110320683,false,שמיניית משקה יוגורט 1.5% טעם תות יופלה 107 גרם,מיוצר עי קונדיטוריית,,,יח`,0.0090,100 גרם,false,1,17.50,1944.44,false,1,
7290110320850,false,פתיתים גבינה חצי קשה מגורדת 28% שומן,תנובה מרכז שיתופי לש,,,יח`,2,100 גרם,false,1,14.90,7.45,false,1,
7290110320867,false,פתיתים גבינה חצי קשה מגורדת 28% שומן,תנובה מרכז שיתופי לש,,,יח`,5,100 גרם,false,1,34.90,6.98,false,1,
7290110321277,false,קוטג בקטנה 5%. 100 גרם מהדרין תנובה,פארייפאבה אגרואינדוס,,,יח`,1,100 גרם,false,1,2.50,2.50,false,1,
7290110321284,false,קוטג' בקטנה 9% תנובה 100 גרם מהדרין,פארייפאבה אגרואינדוס,,,יח`,1,100 גרם,false,1,2.50,2.50,false,1,
7290110321604,false,קוביות פיראוס בולגרית מעודנת 5% 200 גרם - רבנות,"תנובה בע""מ ***",,,יח`,2,100 גרם,false,1,21.90,10.95,false,1,
7290110321680,false,יוגורט GO בטעם תות 20 גרם חלבון בגביע,מיוצר עי קונדיטוריית,,,יח`,2,"100 מ""ל",false,1,5.60,2.80,false,1,
7290110321697,false,יוגורט GO בטעם אפרסק 20 גרם חלבון בגביע,מיוצר עי קונדיטוריית,,,יח`,2,"100 מ""ל",false,1,5.60,2.80,false,1,
7290110321703,false,יוגורט עם פירות יער בתוספת חלבוני חלב 2% שומן,מיוצר עי קונדיטוריית,,,יח`,2,"100 מ""ל",false,1,5.60,2.80,false,1,
7290110321789,false,גבינת מסקרפונה 38% שומן 250 גר`השף הלבן,"תנובה בע""מ ***",,,יח`,2.50,100 גרם,false,1,20.90,8.36,false,1,
7290110322014,false,טופו בטעם טבעי תנובה ALTERNATIVE,שוורצקוף& הנקל דיסלד,,,יח`,3,100 גרם,false,1,11.90,3.97,false,1,
7290110322038,false,טופו בטעם פיקנטי 300 גר`תנובה,תנובה Alternative,,,יח`,3,100 גרם,false,1,11.90,3.97,false,1,
7290110322946,false,יופלה טיוב יוגורט במרקם חלק בטעם תות בננה כשרות רבנות 348 ג',תנובה - חלב,,,יח`,3.48,100 גרם,false,1,11.90,3.42,false,1,
7290110323073,false,"משקה יוגורט יופלה גו תות פטל 250 מ""ל - רבנות",מיוצר עי קונדיטוריית,,,יח`,2.50,"100 מ""ל",false,1,6.20,2.48,false,1,
7290110323097,false,מעדן גבינה עם מחית תות-תאומים 80 גר`,תנובה בעמ ***,,,יח`,0.80,100 גרם,false,1,1.80,2.25,false,1,
7290110323585,false,יופלה יוגורט עם דובדבן מופחת קלוריות 200 ג' GO,"תנובה בע""מ ***",,,יח`,2,100 גרם,false,1,5.50,2.75,false,1,
7290110323592,false,יוגורט GO לייט בטעם אפרסק 20 גרם חלבון בגביע,תנובה בעמ ***,,,יח`,2,100 גרם,false,1,5.50,2.75,false,1,
7290110323714,false,משקה קוקוס שקדים תנובה E אלטרנטיב,מיוצר עי קונדיטוריית,,,יח`,10,"100 מ""ל",false,1,11.90,1.19,false,1,
7290110324070,false,גבינת חלומי מחלב בקר (30% 200 גר`)פירא,תנובה - חלב,,,יח`,2,100 גרם,false,1,19.90,9.95,false,1,
7290110324353,false,יוגורט GO לייט בטעם אננס 20 גרם חלבון בגביע,מיוצר עי קונדיטוריית,,,יח`,2,"100 מ""ל",false,1,5.60,2.80,false,1,
7290110324551,false,יופלה טיוב יוגורט במרקם חלק תות כשרות מהדרין,"תנובה בע""מ ***",,,יח`,3.48,100 גרם,false,1,11.90,3.42,false,1,
7290110324711,false,ממרח סויה 9% שומן בטעם טבעי תנובה 250 גרם,מיוצר עי קונדיטוריית,,,יח`,2.50,100 גרם,false,1,8.90,3.56,false,1,
7290110324728,false,ממרח סויה 9% שומן עם שום שמיר תנובה 250 גרם,מיוצר עי קונדיטוריית,,,יח`,2.50,100 גרם,false,1,8.90,3.56,false,1,
7290110324841,false,מעדן שקדים עם שוקולד מריר תנובה 125 גרם,מיוצר עי קונדיטוריית,,,יח`,1.25,100 גרם,false,1,3.90,3.12,false,1,
7290110324858,false,מעדן שקדים בטעם אגוזי לוז תנובה 125 גרם,מיוצר עי קונדיטוריית,,,יח`,1.25,100 גרם,false,1,3.90,3.12,false,1,
7290110324872,false,גבינה צהובה גלבוע (5% 200 גר`)תנובה,גלבוע - תנובה,,,יח`,2,100 גרם,false,1,17.90,8.95,false,1,
7290110324926,false,משקה סויה ללא תוספת סוכר E אלטרנטיב,תנובה מרכז שיתופי לש,,,יח`,0.01,"100 מ""ל",false,1,9.90,990,false,1,
7290110325084,false,מאגדת שמינייה מיני קרלו שוניל 8*100גרם,"תנובה בע""מ ***",,,יח`,8,100 גרם,false,1,14.90,1.86,false,1,
7290110325114,false,"משקה יוגורט יופלה גו לייט תות בננה 250 מ""ל - רבנות",מיוצר עי קונדיטוריית,,,יח`,2.50,"100 מ""ל",false,1,6.10,2.44,false,1,
7290110325169,false,פרוסות גאודה 170 גר` קולקשיין תנובה,תנובה בעמ ***,,,יח`,1.70,100 גרם,false,1,19.90,11.71,true,1,
7290110325312,false,יופלה GO סויה 20 גרם חלבון בטעם תות תנובה 200 גרם,תנובה בעמ ***,,,יח`,2,"100 מ""ל",false,1,5.60,2.80,false,1,
7290110325510,false,יופלה טיוב יוגורט במרקם חלק בטעם וניל-יוניקור,"תנובה בע""מ ***",,,יח`,3.48,100 גרם,false,1,11.90,3.42,false,1,
7290110325619,false,משקה שיבולת שועל תנובה E אלטרנטיב,מיוצר עי קונדיטוריית,,,יח`,10,"100 מ""ל",false,1,11.90,1.19,false,1,
7290110325701,false,פיראוס צזיקי יווני 9% שומן בשיטת יצור מסורתית על בסיס יוגורט,גוד פוד פרודקטס S.p,,,יח`,2.50,100 גרם,false,1,11.90,4.76,false,1,
7290110325893,false,משקה חלב GO מועשר בחלבון בטעם אייס קפה,מיוצר עי קונדיטוריית,,,יח`,3.40,100 גרם,false,1,7.90,2.32,false,1,
7290110326210,false,יופלה און טופ פצפוצים תנובה 157 גרם,מיוצר עי קונדיטוריית,,,יח`,1.57,100 גרם,false,1,4.90,3.12,false,1,
7290110326227,false,יופלה און טופ קורנפלקס תנובה 157 גרם,מיוצר עי קונדיטוריית,,,יח`,1.57,100 גרם,false,1,4.90,3.12,false,1,
7290110326234,false,יופלה און טופ כוכבים תנובה 157 גרם,מיוצר עי קונדיטוריית,,,יח`,1.57,100 גרם,false,1,4.90,3.12,false,1,
7290110326333,false,פרוסות גבינה סקנדינבית 170 גר`קולקשיין,"תנובה בע""מ ***",,,יח`,1.70,100 גרם,false,1,17.90,10.53,false,1,
7290110326982,false,משקה חלב עם שוקולד קלאסי יולו 1 ליטר,תנובה מרכז שיתופי לש,,,יח`,10,"100 מ""ל",false,1,12.90,1.29,false,1,
7290110327033,false,משקה סויה תנובה גו מועשר בחלבון במתיקות מופחתת,מיוצר עי קונדיטוריית,,,יח`,10,"100 מ""ל",false,1,11.90,1.19,false,1,
7290110327545,false,יופלה און טופ בטעם תות בתוספת פצפוצים מצופים שוקולד 157 גרם,מיוצר עי קונדיטוריית,,,יח`,1.57,100 גרם,false,1,4.90,3.12,false,1,
7290110327798,false,חטיף חלבון GO - שוקולד 60 ג' חלב נוכרי - רבנות,"בלמונט קונפקציות בע""\מ.",,,יח`,1,,false,1,11.90,11.90,true,1,
7290110327804,false,חטיף חלבון GO - עוגיות 60 ג' חלב נוכרי - רבנות,"בלמונט קונפקציות בע""\מ.",,,יח`,1,,false,1,11.90,11.90,true,1,
7290110327811,false,חטיף חלבון GO בטעם בצק קוקוס 20 גר`חלבו,"בלמונט קונפקציות בע""\מ.",,,יח`,1,,false,1,11.90,11.90,true,1,
7290110327828,false,חטיף חלבון GO - חמאת בוטנים 60 ג' חלב נוכרי - רבנות,"בלמונט קונפקציות בע""\מ.",,,יח`,1,,false,1,11.90,11.90,true,1,
7290110328627,false,יוגורט יופלה GO במרקם סמיך בטעם בננה קרמל 0%,מיוצר עי קונדיטוריית,,,יח`,2,100 גרם,false,1,5.70,2.85,false,1,
7290110328764,false,יוגורט יופלה GO במרקם סמיך עם תות 0%,מיוצר עי קונדיטוריית,,,יח`,2,100 גרם,false,1,5.70,2.85,false,1,
7290110328771,false,יוגורט יופלה GO במרקם סמיך עם פירות יער 0%,מיוצר עי קונדיטוריית,,,יח`,2,100 גרם,false,1,5.70,2.85,false,1,
7290110328788,false,יוגורט יופלה GO במרקם סמיך בטעם אפרסק 0%,תנובה מרכז שיתופי לש,,,יח`,2,100 גרם,false,1,5.70,2.85,false,1,
7290110328887,false,חלב 3% מהדרין (מוצר בפיקוח) בקבוק 1 ליטר,"תנובה בע""מ ***",,,יח`,0.01,"100 מ""ל",false,1,6.23,623,false,1,
7290110329136,false,מעדן חלב מעושר בחלבון בטעם שוקולד 120 ג' GO,תנובה מרכז שיתופי לש,,,יח`,1.20,100 גרם,false,1,4.90,4.08,false,1,
7290110329143,false,מעדן חלב מעושר בחלבון בטעם וניל גביע 120 ג' GO,תנובה מרכז שיתופי לש,,,יח`,1.20,100 גרם,false,1,4.90,4.08,false,1,
7290110329273,false,יוגורט מחלב עיזים מלא 750 גרם תנובה,תנובה בעמ ***,,,יח`,7.50,"100 מ""ל",false,1,19.90,2.65,false,1,
7290110329303,false,פרוסות בטעם צהובה קלאסית אלטרנטיב 200 גר,תנובה Alternative,,,יח`,2,100 גרם,false,1,21.90,10.95,false,1,
7290110329426,false,טופו טבעי עם רוטב קרם קוקוס קארי פיקנטי 250 גרם,תנובה - חלב,,,יח`,3.10,100 גרם,false,1,11.90,3.84,false,1,
7290110329433,false,טופו טבעי עם רוטב סצ'ואן אלטרנטיב 250 גרם,תנובה - חלב,,,יח`,3.10,100 גרם,false,1,11.90,3.84,false,1,
7290110329686,false,משקה GO חלב בטעם עוגיות 27 גר`חלבון,מיוצר עי קונדיטוריית,,,יח`,3.40,100 גרם,false,1,7.90,2.32,false,1,
7290110329716,false,משקה חלב קר בטעם קפוצ'ינו 230 גרם תנובה,תנובה מרכז שיתופי לש,,,יח`,2.30,"100 מ""ל",false,1,6.90,3,false,1,
7290110329723,false,משקה חלב קר בטעם לאטה 230 גרם תנובה,תנובה מרכז שיתופי לש,,,יח`,2.30,"100 מ""ל",false,1,6.90,3,false,1,
7290110329730,false,"משקה חלב עם שוקולד וקפה בסגנון לאטה 2.7%  230 מ""ל תנובה",תנובה מרכז שיתופי לש,,,יח`,2.30,"100 מ""ל",false,1,6.90,3,false,1,
7290110329792,false,יוגורט סויה BIO Alternative אפרסק 150 ג' תנובה,מיוצר עי קונדיטוריית,,,יח`,1.50,100 גרם,false,1,4.50,3,false,1,
7290110329808,false,יוגורט סויה BIO Alternative תות 150 ג' תנובה,מיוצר עי קונדיטוריית,,,יח`,1.50,100 גרם,false,1,4.50,3,false,1,
7290110329815,false,סויה BIO מתיקות מעודנת גביע 150 גרם אלטרנטיב,מיוצר עי קונדיטוריית,,,יח`,1.50,100 גרם,false,1,4.50,3,false,1,
7290110329822,false,יוגורט סויה BIO Alternative פירות יער 150 ג' תנובה,מיוצר עי קונדיטוריית,,,יח`,1.50,100 גרם,false,1,4.50,3,false,1,
7290110329846,false,יוגורט סויה BIO Alternative בטעם טבעי 150 ג' תנובה,מיוצר עי קונדיטוריית,,,יח`,1.50,100 גרם,false,1,4.50,3,false,1,
7290110550363,false,"פריכיות משולשות תירס, אורז שיבולת שועל, קינואה",אנרג'י Energy - שטראוס,,,יח`,0.65,100 גרם,false,1,9.90,15.23,true,1,
7290110551254,false,נשנושי תירס 600 גרם טעם הטבע שטראוס,"מיוצר ע""\י או.וי אינטרנש",,,יח`,6,100 גרם,false,1,16.90,2.82,false,1,
7290110551261,false,נשנושי תירס 500 גר`טעם הטבע שטראוס,שטראוס גרופ בעמ/מצונן,,,יח`,5,100 גרם,false,1,13.90,2.78,false,1,
7290110552121,false,יוגורט 5% בתוספת סידן וויטמין D היוגורט הראשון שלי,שטראוס גרופ בעמ/מצונן,,,יח`,1,100 גרם,false,1,2.20,2.20,false,1,
7290110552220,false,יוגורט PRO בטעם תות 0% סוכר לבן 20 גרם חלבון בגביע,שטראוס גרופ בעמ/מצונן,,,יח`,2,"100 מ""ל",false,1,5.90,2.95,false,1,
7290110552237,false,יוגורט פרו בטעם אפרסק מנגו ללא סוכר 200 ג' דנונה,שטראוס גרופ בעמ/מצונן,,,יח`,2,"100 מ""ל",false,1,5.90,2.95,false,1,
7290110553029,false,"אנרג'י קריספס-פריכיות חומוס, עדשים ואפונה עם קייל וסלק","פרח תעשיו מזון בע""מ",,,יח`,0.60,100 גרם,false,1,9.90,16.50,true,1,
7290110553036,false,קריספס-פריכיות עם אפונה ובטטה סגולה בטעם בצל מקורמל,"פרח תעשיו מזון בע""מ",,,יח`,0.60,100 גרם,false,1,9.90,16.50,true,1,
7290110553098,false,מאגדת חטיפים אנרג'י מיקס צימוקים אגוזים 100X4 גרם,אנרג'י Energy - שטראוס,,,יח`,1.05,100 גרם,false,1,14.90,14.19,true,1,
7290110553623,false,צ'יטוס קראנצ'י בטעם צ'דר חלפיניו - חלבי,"שטראוס פריטו ליי בע""\מ )",,,יח`,0.80,100 גרם,false,1,4.50,5.63,false,1,
7290110554118,false,נודלס מלזי חריף עם טופו וירקות ברוטב קארי ירוק,קפוא-זן תעשיות מזון בעמ - תפוג,,,יח`,3.50,100 גרם,false,1,27.90,7.97,true,1,
7290110554262,false,חלבית מלבין קפה חלבי 350 ג' עלית,שטראוס גרופ בע`מ,,,יח`,3.50,100 גרם,false,1,16.90,4.83,false,1,
7290110554422,false,פומודורו רוטב עגבניות ופלפלים לשקשוקה לפסטה יד מרדכי 350 גרם,אמיליאנה קונסרב סוסייטה,,,יח`,3.50,100 גרם,false,1,10.90,3.11,true,1,
7290110554514,false,קפה טורקי איתיופי שקית 100 גרם,שטראוס קפה בי.וי.,,,יח`,1,100 גרם,false,1,8.90,8.90,false,1,
7290110554583,false,מארז חטיפי צ'יטוס פאפס בטעם גבינה - 10 יחידות,"שטראוס פריטו ליי בע""\מ )",,,יח`,2,100 גרם,false,1,12.90,6.45,true,1,
7290110554699,false,"קפה עולה קפסולות אספרסו קלייה איטית וכהה מאוד, 10 * 50 ג'",שטראוס קפה בי.וי.,,,יח`,1,,false,1,19.90,19.90,true,1,
7290110554705,false,קפסולות נספרסו לקפה יוניקו סדרת בתי הקלייה 10יח,שטראוס קפה בי.וי.,,,יח`,1,,false,1,19.90,19.90,true,1,
7290110554712,false,"קפסולות קפה אספרסו קלייה איטית ובהירה, 10 * 50 ג'",שטראוס קפה בי.וי.,,,יח`,1,,false,1,19.90,19.90,true,1,
7290110554798,false,פולי אספרסו עשירים וארומטיים עוצמה 8 עלית 250 גרם,שטראוס קפה בי. וי.,,,יח`,2.50,100 גרם,false,1,19.90,7.96,false,1,
7290110555092,false,לאבנה עם שמן זית וצ'ילי שטראוס 250 גרם,שטראוס גרופ בעמ/מצונן,,,יח`,2.50,100 גרם,false,1,10.90,4.36,true,1,
7290110556242,false,"שוקולד מריר פרווה 100 גר' בד""ץ תוצרת חוץ","שטראוס גרופ בע""מ.",,,יח`,1,100 גרם,false,1,5.50,5.50,true,1,
7290110557027,false,חומוס עשיר 50% טחינה גולמית 400 ג' אחלה,שטראוס גרופ בעמ/מצונן,,,יח`,4,100 גרם,false,1,13.90,3.48,false,1,
7290110557102,false,מעדן חלב עם שוקולד מועשר בחלבון 150 ג' שטראוס,שטראוס גרופ בעמ/מצונן,,,יח`,1.50,100 גרם,false,1,5.20,3.47,true,1,
7290110557133,false,מעדן הגולן וניל 125 ג' שטראוס,שטראוס גרופ בעמ/מצונן,,,יח`,1.25,"100 מ""ל",false,1,2.90,2.32,true,1,
7290110557317,false,יוגורט בתוספת סידן וויטמין ד עם שיבולת שועל 100 ג' דנונה,שטראוס גרופ בעמ/מצונן,,,יח`,1,100 גרם,false,1,2.20,2.20,false,1,
7290110557478,false,חומוס גלילי במרקם מעודן 600 גרם,שטראוס גרופ בעמ/מצונן,,,יח`,6,100 גרם,false,1,12.90,2.15,false,1,
7290110557645,false,מאגדת חטיפים אנרג'י מיקס צימוקים חמוציות 100X4 גרם,"שטראוס גרופ בע""מ",,,יח`,1.05,100 גרם,false,1,14.90,14.19,true,1,
7290110558130,false,יוגורט אקטיביה עם שיבולת שועל ודבש 150 גרם,שטראוס גרופ בעמ/מצונן,,,יח`,1.50,100 גרם,false,1,4.60,3.07,false,1,
7290110558154,false,דנונה לייט אנד פרי עוגת תפוחים 150ג דנונה,שטראוס גרופ בעמ/מצונן,,,יח`,1.50,100 גרם,false,1,4.60,3.07,true,1,
7290110558222,false,"וואו יוגורט עם שכבה בטעם בנופי פאי 5.4%, 150ג דנונה",שטראוס גרופ בעמ/מצונן,,,יח`,1.50,100 גרם,false,1,4.60,3.07,true,1,
7290110558239,false,"וואו יוגורט עם שכבה בטעם קראק פאי 5.4%, 150 ג דנונה",שטראוס גרופ בעמ/מצונן,,,יח`,1.50,100 גרם,false,1,4.60,3.07,true,1,
7290110558253,false,דנונה שייק נונה ריפרש בננה אננס וצ'יה,שטראוס גרופ בעמ/מצונן,,,יח`,2.50,100 גרם,false,1,5.50,2.20,false,1,
7290110558284,false,דנונה ביו מולטי שטראוס 200 גרם,שטראוס גרופ בעמ/מצונן,,,יח`,2,100 גרם,false,1,3.90,1.95,false,1,
7290110558307,false,יוגורט דנונה PRO עם שיבולת שועל במתיקות מעודנת,שטראוס גרופ בעמ/מצונן,,,יח`,2,100 גרם,false,1,6.50,3.25,false,1,
7290110558314,false,דנונה פרו 20 גרם חלבון ללא סוכר פיסטוק 200 גרם,שטראוס גרופ בעמ/מצונן,,,יח`,2,"100 מ""ל",false,1,5.90,2.95,false,1,
7290110558338,false,דנונה פרו 25 ג' חלבון 200 ג' שטראוס,שטראוס גרופ בעמ/מצונן,,,יח`,2,100 גרם,false,1,6.50,3.25,false,1,
7290110558666,false,מעדן גבינה בטעם תפוח 88 ג' דניאלה,שטראוס גרופ בעמ/מצונן,,,יח`,1.50,"100 מ""ל",false,1,4,2.67,false,1,
7290110559007,false,"שועועית חומה טעם הטבע קופסה, 380 גרם",שטראוס גרופ בע`מ,,,יח`,3.80,100 גרם,false,1,6.90,1.82,true,1,
7290110559014,false,שעועית שחורה מבושלת טעם הטבע 380 גרם,שטראוס גרופ בע`מ,,,יח`,3.80,100 גרם,false,1,6.90,1.82,true,1,
7290110559748,false,ריל מאגדת שקדים קוקוס ושוקולד מריר שטראוס 105 גרם,"ואמואליס פודס אס.איי,",,,יח`,1.05,100 גרם,false,1,14.90,14.19,true,1,
7290110559755,false,ריל מאגדת בוטנים פיסטוק וחמוציות שטראוס 105 גרם,"ואמואליס פודס אס.איי,",,,יח`,1.05,100 גרם,false,1,14.90,14.19,true,1,
7290110559762,false,ריל מאגדת אגוזים תמרים קוקוס שטראוס 105 גרם,"ואמואליס פודס אס.איי,",,,יח`,1.05,100 גרם,false,1,14.90,14.19,true,1,
7290110560300,false,"הפריכיות הטעימות חומוס, עדשים שחורות, קינואה ופלפל שחור",אנרג'י Energy - שטראוס,,,יח`,0.30,100 גרם,false,1,4.90,16.33,false,1,
7290110560317,false,"הפריכיות הטעימות חומוס, עדשים שחורות, קינואה ומלח ים","פרח תעשיו מזון בע""מ",,,יח`,0.30,100 גרם,false,1,4.90,16.33,false,1,
7290110560324,false,"הפריכיות הטעימות תפו""א, אורז, אפונה ומלח ים","פרח תעשיו מזון בע""מ",,,יח`,0.30,100 גרם,false,1,4.90,16.33,false,1,
7290110561352,false,דנונה יוגורט ביו פרוביוטי 3% דל לקטוז 150ג',שטראוס גרופ בעמ/מצונן,,,יח`,2,"100 מ""ל",false,1,3.50,1.75,false,1,
7290110561604,false,מארז 8 יחידות מעדן גמדים בטעם תות בננה,שטראוס גרופ בעמ/מצונן,,,יח`,8,"100 מ""ל",false,1,18.80,2.35,false,1,
7290110563431,false,"משקה קפה קר בסגנון קלאסי 230 מ""ל 1.6% יוטבתה",שטראוס גרופ בעמ/מצונן,,,יח`,2.30,"100 מ""ל",false,1,7.90,3.43,true,1,
7290110563448,false,"משקה קפה קר בסגנון מעודן 230 מ""ל 1.6% יוטבתה",שטראוס גרופ בעמ/מצונן,,,יח`,2.30,"100 מ""ל",false,1,7.90,3.43,true,1,
7290110563462,false,חלב 2% דל לקטוז בבקבוק יטבתה 1 ליטר.,שטראוס גרופ בעמ/מצונן,,,יח`,1,1 ליטר,false,1,7.90,7.90,false,1,
7290110563820,false,סלק מבושל שטראוס (1 קג)`,שטראוס גרופ בעמ/מצונן,,,יח`,10,100 גרם,false,1,10,1,false,1,
7290110564339,false,חומוס אחלה הסידרה המובחר 30% טחינה 400 גר',שטראוס גרופ בעמ/מצונן,,,יח`,4,100 גרם,false,1,13.90,3.48,false,1,
7290110564360,false,חומוס אחלה הסידרה המובחר 40% טחינה 400 גר',שטראוס גרופ בעמ/מצונן,,,יח`,4,100 גרם,false,1,13.90,3.48,false,1,
7290110564414,false,חומוס אחלה הסידרה המובחר 30% טחינה 600 גר',שטראוס גרופ בעמ/מצונן,,,יח`,6,100 גרם,false,1,14.90,2.48,false,1,
7290110565527,false,יוגורט PRO פרו 1.5% 20 גרם חלבון בגביע,שטראוס גרופ בעמ/מצונן,,,יח`,2,"100 מ""ל",false,1,5.90,2.95,false,1,
7290110565572,false,מארז קפה טורקי עלית לדרך עם הל 168 גרם,שטראוס קפה בי.וי.,,,יח`,1.68,100 גרם,false,1,17.90,10.65,false,1,
7290110566623,false,קפסולות קולומביה עלית 08 למכונת נספרסו מארז 5X10ג',שטראוס קפה בי.וי.,,,יח`,0.50,100 גרם,false,1,16.90,33.80,true,1,
7290110566975,false,דנונה פרו יוגורט 0% תות עשיר בחלבון 200ג',שטראוס גרופ בעמ/מצונן,,,יח`,2,"100 מ""ל",false,1,5.90,2.95,false,1,
7290110567057,false,צנצנת מסטיק מאסט קוביות מנטה חזקה 66 ג' עלית,אסקום קונפקשיין,,,יח`,0.64,100 גרם,false,1,9.90,15.47,true,1,
7290110568238,false,"קצפת צמחית 21% שומן 250 מ""ל יוטבתה",שטראוס גרופ בעמ/מצונן,,,יח`,2.50,"100 מ""ל",false,1,7.90,3.16,false,1,
7290110568276,false,משקה וניל פרו Pro מועשר בחלבון 1.5%,שטראוס גרופ בעמ/מצונן,,,יח`,3.50,"100 מ""ל",false,1,6.50,1.86,false,1,
7290110568559,false,דוריטוס עלית מארז חמוץ חריף 10 יח' *25 ג',"שטראוס פריטו ליי בע""מ )פ",,,יח`,2.50,100 גרם,false,1,13.90,5.56,false,1,
7290110568566,false,דוריטוס גריל עלית מארז 10 יח' *25 ג',"שטראוס פריטו ליי בע""מ )פ",,,יח`,2.50,100 גרם,false,1,13.90,5.56,false,1,
7290110570224,false,משקה קפה קר בטעם עוגיות (230 גר`) יטבתה,שטראוס גרופ בעמ/מצונן,,,יח`,2.30,"100 מ""ל",false,1,7.90,3.43,true,1,
7290110570880,false,פולי אספרסו עשירים וארומטיים עוצמה 14 עלית 250 גרם,"שטראוס גרופ בע""מ",,,יח`,2.50,100 גרם,false,1,19.90,7.96,false,1,
7290110571184,false,עדשים חומות 380 גר` טעם הטבע שטראוס,"שטראוס גרופ בע""מ",,,יח`,3.80,100 גרם,false,1,6.90,1.82,true,1,
7290110571375,false,"אנרג'י מיקס תערובת צימוקים, תמרים, טופי ושברי פקאן",אנרג'י Energy - שטראוס,,,יח`,1.05,100 גרם,false,1,14.90,14.19,true,1,
7290110571382,false,מעדן חלב בטעם וניל מעושר בחלבון 150 ג' שטראוס,שטראוס גרופ בעמ/מצונן,,,יח`,1.50,100 גרם,false,1,5.20,3.47,true,1,
7290110571405,false,עלית - מיני פינוקיות בגביע פסק זמן 180 גרם,שטראוס גרופ בע`מ,,,יח`,1.80,100 גרם,false,1,10.90,6.06,true,1,
7290110572129,false,כיף כף מקלות שוקולד לבן 40 ג' עלית,סולן בעבור שטראוס,,,יח`,0.40,100 גרם,false,1,5,12.50,true,1,
7290110572884,false,"קפסולות קפה מספר 20 למכונת אספרס אספרסו, 50 גרם",שטראוס קפה בי.וי.,,,יח`,0.50,100 גרם,false,1,16.90,33.80,true,1,
7290110572969,false,כיף כף פצפצים עלית קרם לבן (40 גר`),שולן צ'\יקולטה גידה סאן.,,,יח`,0.40,100 גרם,false,1,4.90,12.25,true,1,
7290110572976,false,כיף כף גביע פצפוצים קרם לבן 135 גרם,שולן צ'יקולטה גידה ס,,,יח`,1.35,100 גרם,false,1,9.90,7.33,false,1,
7290110576318,false,מאגדת שלישיית שוקולד אגוז לבן 300 ג' עלית,"שטראוס גרופ בע""מ",,,יח`,3,100 גרם,false,1,24.90,8.30,true,1,
7290110576356,false,"שוקולד ספלנדיד מריר 64% - חלבי , מפולי קקאו מפרו",שטראוס גרופ בע`מ,,,יח`,1,100 גרם,false,1,8.90,8.90,true,1,
7290110576363,false,"שוקולד ספלנדיד מריר 80% חלבי ,פולי קקאו מאוגנדה",שטראוס גרופ בע`מ,,,יח`,1,100 גרם,false,1,8.90,8.90,true,1,
7290110576370,false,מארז שלישייה שוקולד מריר חלבי עם אגוזי לוז,שטראוס גרופ בע`מ,,,יח`,3,100 גרם,false,1,24.90,8.30,true,1,
7290110576387,false,מאגדת שלישיית שוקולד אגוז חלב 300 ג' עלית,שטראוס גרופ בע`מ,,,יח`,3,100 גרם,false,1,24.90,8.30,true,1,
7290110576776,false,טבלאות שוקולד ספלנדיד מריר 85% 100 ג' עלית,שטראוס גרופ בע`מ,,,יח`,1,100 גרם,false,1,10.90,10.90,true,1,
7290110576790,false,סקי בטעם מוקה 3% (125 גר`) דנונה,שטראוס גרופ בעמ/מצונן,,,יח`,1.25,100 גרם,false,1,3.70,2.96,true,1,
7290110576868,false,רבעיית גמדים סלט פירוט * 100 ג' שטראוס,שטראוס גרופ בעמ/מצונן,,,יח`,4,"100 מ""ל",false,1,11.40,2.85,true,1,
7290111092985,false,מארז מגבונים לחים בייביסיטר ללא בישום רביעייה,שקד תבל בע`מ,,,יח`,1,,false,1,17.90,17.90,true,1,
7290111287015,false,בקבוק טריטן שקוף 708 מל ורוד,שמחה זה אנחנו בעמ,,,יח`,1,,false,1,29.90,29.90,false,1,
7290111340178,false,מטליות לחות לניקוי כללי בניחוח מרכך כביסה 50 יח' ניקול,קימברלי קלארק ישראל שיווק בעמ,,,יח`,1,,false,1,12.90,12.90,true,1,
7290111340185,false,מטליות לחות רצפה ניחוח מרכך כביסה ניקול 10 יחידות,קימברלי קלארק ישראל שיווק בעמ,,,יח`,1,,false,1,14.90,14.90,true,1,
7290111342042,false,כריות יפניות ניקול לניקוי אנטיבקטריאלי 4,קימברלי קלארק ישראל שיווק בעמ,,,יח`,1,,false,1,13.90,13.90,true,1,
7290111342059,false,50 מטליות מיקרופייבר לשטחים אנטיבקטריאלי ניקול,קימברלי קלארק ישראל שיווק בעמ,,,יח`,1,,false,1,13.90,13.90,false,1,
7290111343841,false,ניקול ספוגית הקסם נירוסטה 3 יחידות,קימברלי קלארק ישראל שיווק בעמ,,,יח`,1,,false,1,11.90,11.90,true,1,
7290111343858,false,ניקול מטליות לחות לרצפה אנטיבקרטריאלי 10 יחידות,קימברלי קלארק ישראל שיווק בעמ,,,יח`,1,,false,1,13.90,13.90,true,1,
7290111344145,false,ניקול זוג מטליות מיקרופייבר אנטיבקטריאליות לרצפה,קימברלי קלארק ישראל שיווק בעמ,,,יח`,1,,false,1,29.90,29.90,false,1,
7290111344206,false,האגיס נטורל קר מגבונים לחים בבישום עדין רביעייה,קימברלי קלארק ישראל שיווק בעמ,,,יח`,1,,false,1,19.90,19.90,false,1,
7290111344930,false,מטליות לחות לרצפה בניחוח כביסה ארומתרפיה ניקול 10 יח',קימברלי קלארק ישראל שיווק בעמ,,,יח`,1,,false,1,13.90,13.90,true,1,
7290111344978,false,ניקול רדיד אלומיניום חסכוני 61 מטר עבה ב,קימברלי קלארק ישראל שיווק בעמ,,,יח`,1,,false,1,45.90,45.90,true,1,
7290111345814,false,נייר טואלט לילי נטורל קר 30 גלילים מהדורה,קימברלי קלארק ישראל שיווק בעמ,,,יח`,1,,false,1,32.90,32.90,false,1,
7290111346088,false,נייר טואלט מולט דו שכבתי 30 גלילים,קימברלי קלארק ישראל שיווק בעמ,,,יח`,1,,false,1,29.90,29.90,false,1,
7290111346293,false,מגבת נייר ניקול 6 יחידות מהדורה חגיגית,קימברלי קלארק ישראל שיווק בעמ,,,יח`,1,,false,1,11.90,11.90,false,1,
7290111346347,false,מגבוני אף אוריגינל סופט חמישיה קלינקס,קימברלי קלארק ישראל שיווק בעמ,,,יח`,1,,false,1,14.90,14.90,true,1,
7290111350047,false,תמרים מזן מגהול ללא חרצנים 500 גרם,ליימן שליסל בע`מ,,,יח`,5,100 גרם,false,1,11.90,2.38,false,1,
7290111350726,false,חטיף נאצוס הוטפופ בסגנון מקסיקני 322 גר,ליימן שליסל בע`מ,,,יח`,3.22,100 גרם,false,1,16.90,5.25,true,1,
7290111352942,false,יוגטה סוכריות טופי ללא גלוטן 850 ג',ליימן שליסל בע`מ,,,יח`,8.50,100 גרם,false,1,20.90,2.46,true,1,
7290111353475,false,שטיחים חמוצים בטעם פירות 200 גר` יוגטה,ליימן שליסל בע`מ,,,יח`,2,100 גרם,false,1,7.90,3.95,true,1,
7290111353482,false,מקלות חמוצים ממולאות בטעמי פירות יוגטה 200 גרם,ליימן שליסל בע`מ,,,יח`,2,100 גרם,false,1,7.90,3.95,true,1,
7290111353680,false,גרעיני חמנייה 350 גרם קליית גת,ליימן שליסל בעמ,,,יח`,3.50,100 גרם,false,1,10,2.86,false,1,
7290111534010,false,פס גבינה שמנת פירורים קפולסקי 400 גרם,תופינים מקבוצת קפולסקי,,,יח`,4.50,100 גרם,false,1,39.90,8.87,false,1,
7290111563492,false,סלטי צבר מטבוחה חריפה מרובע 6*400גרם,קבוצת אוסם סחר-שות.מוגבלת,,,יח`,4,100 גרם,false,1,11.90,2.98,false,1,
7290111564291,false,פריכיות דקות ונימוחות 3 דגנים וקינואה פיטנס Fitness,קבוצת אוסם סחר שותפות מוגבלת,,,יח`,1.20,100 גרם,false,1,11.90,9.92,true,1,
7290111564956,false,"ביסלי במבה מיקס 200 גרם ""אסם""",קבוצת אוסם סחר שותפות מוגבלת,,,יח`,2,100 גרם,false,1,9.90,4.95,true,1,
7290111565038,false,"לה קרמריה וניל קוקילידה בד""צ 1.4 ל'",נגה גלידות שותפות מוגבלת,,,יח`,1.40,1 ליטר,false,1,22.90,16.36,true,1,
7290111566127,false,מאגדת אוראו מיני סנדוויץ' 6 יח' נסטלה,נגה גלידות שותפות מוגבלת,,,יח`,1.98,100 גרם,false,1,24.90,12.58,true,1,
7290111566226,false,שניצל ברוקולי טבעול 667 גרם,קבוצת אוסם סחר-שות.מוגבלת,,,יח`,6.67,100 גרם,false,1,32.90,4.93,true,1,
7290111566240,false,שניצל דק מן הצומח בטעם צ'ילי חריף 700 גרם,קבוצת אוסם סחר שותפות מוגבלת,,,יח`,5.64,100 גרם,false,1,32.90,5.83,true,1,
7290111566271,false,טבעול חטיפי תירס 657 גרם קפוא,קבוצת אוסם סחר שותפות מוגבלת,,,יח`,6.57,100 גרם,false,1,29.90,4.55,true,1,
7290111566318,false,שניצל דק מן הצומח בטעם ביתי 700 גרם,קבוצת אוסם סחר שותפות מוגבלת,,,יח`,5.64,100 גרם,false,1,32.90,5.83,true,1,
7290111566332,false,"נקניקיות וינר מן הצומח 680 גרם ""טבעול""",קבוצת אוסם סחר שותפות מוגבלת,,,יח`,6.80,100 גרם,false,1,32.90,4.84,true,1,
7290111566547,false,טבעול חזה בגריל צמחוני 99 קלוריות 560ג',קבוצת אוסם סחר-שות.מוגבלת,,,יח`,5.60,100 גרם,false,1,29.90,5.34,true,1,
7290111566561,false,"שניצל ברוקולי 99 קלוריות 560 גר' ""טבעול""",קבוצת אוסם סחר שותפות מוגבלת,,,יח`,5.60,100 גרם,false,1,32.90,5.88,true,1,
7290111566585,false,"שניצל צמחוני 99 קלוריות 650 גר' ""טבעול""",קבוצת אוסם סחר שותפות מוגבלת,,,יח`,6.50,100 גרם,false,1,32.90,5.06,true,1,
7290111566660,false,טבעול קציצות עדשים כתומות 525 גרם,קבוצת אוסם סחר שותפות מוגבלת,,,יח`,5.30,100 גרם,false,1,32.90,6.21,true,1,
7290111566691,false,"שניצל תרד 99 קלוריות 560 גרם ""טבעול""",קבוצת אוסם סחר-שות.מוגבלת,,,יח`,5.60,100 גרם,false,1,32.90,5.88,true,1,
7290111566714,false,טבעול המבורגר צמחוני 99 קלוריות 600 גרם,קבוצת אוסם סחר שותפות מוגבלת,,,יח`,6,100 גרם,false,1,32.90,5.48,true,1,
7290111566752,false,טבעול שניצל תירס 99 קלוריות 693 גרם,קבוצת אוסם סחר שותפות מוגבלת,,,יח`,6.93,100 גרם,false,1,32.90,4.75,true,1,
7290111566776,false,"נקניקיות קוקטייל מן הצומח 680 גרם ""טבעול""",קבוצת אוסם סחר שותפות מוגבלת,,,יח`,6.80,100 גרם,false,1,32.90,4.84,true,1,
7290111568206,false,ביסלי פארטי מיקס אסם 150 גר',קבוצת אוסם סחר שותפות מוגבלת,,,יח`,1.50,100 גרם,false,1,7.90,5.27,true,1,
7290111568299,false,אטריות נודלס עם תרד אסם אסייתי 300 גר',קבוצת אוסם סחר שותפות מוגבלת,,,יח`,3,100 גרם,false,1,9.90,3.30,false,1,
7290111568961,false,אסם בייגלה טבעות מלוח 400 גר`,קבוצת אוסם סחר שותפות מוגבלת,,,יח`,4,100 גרם,false,1,10.90,2.73,true,1,
7290111930850,false,קראנצ'וס טעם פיצה 55גר',ש. שסטוביץ בע`מ,,,יח`,0.55,100 גרם,false,1,2.50,4.55,true,1,
7290111930898,false,חטיף פוף כוכבים גריל אמריקאי 40 גרם,ש. שסטוביץ בע`מ,,,יח`,0.40,100 גרם,false,1,3.90,9.75,true,1,
7290111930904,false,חטיף פוף כוכבים בצל 40 גרם,ש. שסטוביץ בע`מ,,,יח`,0.40,100 גרם,false,1,3.90,9.75,true,1,
7290111930911,false,חטיף פוף לבבות קלאסי 40 גרם,ש. שסטוביץ בע`מ,,,יח`,0.40,100 גרם,false,1,3.90,9.75,true,1,
7290111932502,false,"משחת שיניים קולגייט אופטיק וייט אקספרט וויט 75 מ""ל",ש.שסטוביץ בעמ,,,יח`,0.75,"100 מ""ל",false,1,29.90,39.87,false,1,
7290111933554,false,שלישייה עגבניות קוביות מאסטר שף 400 גרם,קונסוריזיו קאסאלסקו,,,יח`,12,100 גרם,false,1,15.90,1.33,false,1,
7290111935961,false,מאסטר שף מחית עגבניות 690 גרם,פראנו אנריקו ופיגלי,,,יח`,6.90,100 גרם,false,1,9.90,1.43,false,1,
7290111936296,false,"פלמוליב סבון נוזלי בניחוח סנסיישן מסאז' ,750 מ""ל",קולגייט פלמוליב,,,יח`,7.50,"100 מ""ל",false,1,19.90,2.65,true,1,
7290111936784,false,מארז חמישיית חטיפי תמרים ואגוזי לוז פרי 125 גרם,"טבעית מוצרים מהטבע בע""\מ",,,יח`,1.25,100 גרם,false,1,15.90,12.72,false,1,
7290111937248,false,פרי מארז חטיפים 5 יחידות תמרים קשיו ונגיעות לוז כשלפ,"טבעית מוצרים מהטבע בע""\מ",,,יח`,1.25,100 גרם,false,1,15.90,12.72,false,1,
7290111938481,false,"מאזטר שף רוטב סויה בהירה 300 מ""ל",ש. שסטוביץ בע`מ,,,יח`,3,"100 מ""ל",false,1,12.90,4.30,false,1,
7290111938498,false,"מנה אסייאתי רוטב סויה בהירה 700 מ""ל מ.שף",קי.אר.אס. ספייסי פוד,,,יח`,7,"100 מ""ל",false,1,13.90,1.99,true,1,
7290112000736,false,פיניש טבליות AIO 80 יח` אריזת חיסכון,רקיט בנקיזר (ניר איסט) בעמ,,,יח`,1,,false,1,59.90,59.90,true,1,
7290112001023,false,"אירוויק ספרי אוטמטי מילוי תענוגות האביב 250 מ""ל",רקיט בנקיזר (ניר איסט) בעמ,,,יח`,2.50,"100 מ""ל",false,1,14.90,5.96,true,1,
7290112001030,false,"אירוויק ספרי אוטמטי מילוי פריחת הדובדבן 250 מ""ל",רקיט בנקיזר (ניר איסט) בעמ,,,יח`,2.50,"100 מ""ל",false,1,14.90,5.96,true,1,
7290112001221,false,מנקה מכונת כביסה בניחוח נקי ורענן,רקיט בנקיזר (ניר איסט) בעמ,,,יח`,2.50,"100 מ""ל",false,1,19.90,7.96,true,1,
7290112001238,false,"מנקה מכונת כביסה קולון לימון 250 מ""ל",רקיט בנקיזר (ניר איסט) בעמ,,,יח`,2.50,"100 מ""ל",false,1,19.90,7.96,false,1,
7290112001436,false,"פיניש מנקה מדיח כלים בניחוח לימון 250 מ""ל",רקיט בנקיזר (ניר איסט) בעמ,,,יח`,1,,false,1,14.90,14.90,true,1,
7290112002105,false,קולון גל כביסה מרוכז 2.5 ליטר ניחוח לילך,רקיט בנקיזר (ניר איסט) בעמ,,,יח`,2.50,1 ליטר,false,1,24.90,9.96,true,1,
7290112002112,false,ג'ל כביסה מרוכז קולון 101 בניחוח ורדים,רקיט בנקיזר (ניר איסט) בעמ,,,יח`,2.50,1 ליטר,false,1,24.90,9.96,true,1,
7290112002129,false,ג'ל כביסה מרוכז קולון 101 בניחוח פריחה מרענן,רקיט בנקיזר (ניר איסט) בעמ,,,יח`,2.50,1 ליטר,false,1,24.90,9.96,true,1,
7290112002136,false,ג'ל כביסה מרוכז קולון 101 קלאסי,רקיט בנקיזר (ניר איסט) בעמ,,,יח`,4,1 ליטר,false,1,34.90,8.73,false,1,
7290112002143,false,ג'ל כביסה מרוכז קולון 101 בניחוח לילך,רקיט בנקיזר (ניר איסט) בעמ,,,יח`,4,1 ליטר,false,1,34.90,8.73,false,1,
7290112002150,false,ג'ל כביסה מרוכז קולון 101 בניחוח ורדים,רקיט בנקיזר (ניר איסט) בעמ,,,יח`,4,1 ליטר,false,1,34.90,8.73,false,1,
7290112002167,false,קולון ג'ל כביסה בניחוח פריחה מרענן ירוק 4 ליטר,רקיט בנקיזר (ניר איסט) בעמ,,,יח`,4,1 ליטר,false,1,34.90,8.73,false,1,
7290112003188,false,קולון קפסולות ג'ל 60 יח' אריזת חיסכון,רקיט בנקיזר (ניר איסט) בעמ,,,יח`,1,,false,1,54.90,54.90,true,1,
7290112003232,false,אבקת כביסה בניחוח לבנדר קולון 5 ק''ג,רקיט בנקיזר (ניר איסט) בעמ,,,יח`,5,"ק""ג",false,1,39.90,7.98,false,1,
7290112003249,false,אבקת כביסה בניחוח מאסק קולון 5 ק''ג,רקיט בנקיזר (ניר איסט) בעמ,,,יח`,5,"ק""ג",false,1,39.90,7.98,false,1,
7290112004161,false,"ספריי אוטמטי מילוי בניחוח סנטורל 250 מ""ל אירוויק",רקיט בנקיזר (ניר איסט) בעמ,,,יח`,2.50,"100 מ""ל",false,1,14.90,5.96,true,1,
7290112004208,false,פיניש טבליות למדיח הכל ב 1 לימון 50 יחידות,רקיט בנקיזר (ניר איסט) בעמ,,,יח`,1,,false,1,39.90,39.90,true,1,
7290112004413,false,"ספריי וניש קליה להסרת כתמים לבגדים לבנים 750 מ""ל",רקיט בנקיזר (ניר איסט) בעמ,,,יח`,7.50,"100 מ""ל",false,1,16.90,2.25,false,1,
7290112004703,false,וניש תוסף כביסה גל מרוכז-כביסה צבעונית,רקיט בנקיזר (ניר איסט) בעמ,,,יח`,7.50,"100 מ""ל",false,1,19.90,2.65,false,1,
7290112004963,false,"פיניש אולטימייט קפסולות לניקוי כלים במדיח, 25 יחידות",רקיט בנקיזר (ניר איסט) בעמ,,,יח`,1,,false,1,39.90,39.90,true,1,
7290112004970,false,פיניש אולטימייט קוואנטום 50 טבליות למדיח,רקיט בנקיזר (ניר איסט) בעמ,,,יח`,1,,false,1,59.90,59.90,true,1,
7290112005045,false,וניש מסיר כתמים אבקה לכביסה לבנה 480 גרם,רקיט בנקיזר (ניר איסט) בעמ,,,יח`,4.80,100 גרם,false,1,16.90,3.52,true,1,
7290112005052,false,וניש תוסף כביסה רב תכליתי לבגדים לבנים,רקיט בנקיזר (ניר איסט) בעמ,,,יח`,1.50,"ק""ג",false,1,39.90,26.60,true,1,
7290112005076,false,וניש תוסף כביסה רב תכליתי צבעוני 480 גרם,רקיט בנקיזר (ניר איסט) בעמ,,,יח`,4.80,100 גרם,false,1,16.90,3.52,true,1,
7290112005083,false,וניש תוסף כביסה רב תכליתי לכביסה צבעונית,רקיט בנקיזר (ניר איסט) בעמ,,,יח`,1.50,"ק""ג",false,1,39.90,26.60,true,1,
7290112005168,false,פיניש אולטימייט קוואנטום לימון 60 טבליות למדיח,רקיט בנקיזר (ניר איסט) בעמ,,,יח`,1,,false,1,59.90,59.90,true,1,
7290112192295,false,עוגיות סנדויץ במילוי תות ללא גלוטן 200 ג,גורי מוצרי צריכה (1991) בעמ,,,יח`,2,100 גרם,false,1,19.90,9.95,true,1,
7290112192509,false,פירורי לחם ללא גלוטן 250 גר GFREE,גורי מוצרי צריכה (1991) בעמ,,,יח`,2.50,100 גרם,false,1,16.40,6.56,false,1,
7290112193315,false,"סטייל - מתולתלות קרם לחות להורדת פריז 400 מ""ל",א.ל.ארמן ייצור תמרוקים ב,,,יח`,4,"100 מ""ל",false,1,27.90,6.98,true,1,
7290112197191,false,דגני בוקר כהים במילוי קרם וניל ללא גלוטן 375 ג' G FREE,גורי מוצרי צריכה (1991) בעמ,,,יח`,3.75,100 גרם,false,1,21.90,5.84,true,1,
7290112197207,false,מיני כריות בציפוי שוקולד חלב 65 גרםללג,גורי מוצרי צריכה (1991) בעמ,,,יח`,0.65,100 גרם,false,1,8.90,13.69,true,1,
7290112330352,false,"יוגורט PRO בטעם וניל 0% , 20 גרם חלבון בגביע",שטראוס גרופ בעמ/מצונן,,,יח`,2,"100 מ""ל",false,1,5.90,2.95,false,1,
7290112330390,false,דנונה פרו פירות יער 20 גרם חלבון 0% שומן 200 גרם,שטראוס גרופ בעמ/מצונן,,,יח`,2,"100 מ""ל",false,1,5.90,2.95,false,1,
7290112330420,false,דנונה פרו לבן 2.9% שומן בודד 150גר,שטראוס גרופ בעמ/מצונן,,,יח`,1.50,100 גרם,false,1,4.90,3.27,false,1,
7290112332585,false,פריכיות משולש תפוא אורז בתיבול סלק ומלח ים אנרג'י 30 גרם,"פרח תעשיו מזון בע""מ",,,יח`,0.30,100 גרם,false,1,4.90,16.33,false,1,
7290112332875,false,מסטיק מאסט קוביות בטעם מנטה עדינה 86 ג' עלית,שטראוס גרופ בע`מ,,,יח`,0.86,100 גרם,false,1,13.90,16.16,false,1,
7290112334596,false,שוקולית אבקת שוקו עלית,שטראוס קפה בי.וי.,,,יח`,9.35,100 גרם,false,1,18.50,1.98,true,1,
7290112334749,false,קפה טורקי בצלופן עלית 200 גרם+ 10% תוספת,"שטראוס גרופ בע""מ",,,יח`,2.20,100 גרם,false,1,15.90,7.23,true,1,
7290112335487,false,הפריכיות הטעימות קצח ודגנים אנרג'י 135 גרם,אנרג'י Energy - שטראוס,,,יח`,1.35,100 גרם,false,1,12.90,9.56,true,1,
7290112335494,false,הפריכיות הטעימות תפוחי אדמה בטעם פוטטוס,"פרח תעשיות מזון בע""\מ",,,יח`,1.35,100 גרם,false,1,12.90,9.56,true,1,
7290112335500,false,"פרכיות אנרג'י חומוס,אורז,עדשים שחורות וקינואה 135 גרם","פרח תעשיות מזון בע""\מ",,,יח`,1.35,100 גרם,false,1,12.90,9.56,true,1,
7290112336637,false,סוכריות מאסט Must ללא סוכר יוגורט תות ואוכניות,"שטראוס גרופ בע""מ",,,יח`,0.80,100 גרם,false,1,8.90,11.13,false,1,
7290112336644,false,סוכריות מאסט ללא סוכר לימון 80 ג' עלית,"שטראוס גרופ בע""מ",,,יח`,0.80,100 גרם,false,1,8.90,11.13,false,1,
7290112336651,false,סוכריות מאסט ללא סוכר ריבת חלב 80 ג' עלית,"שטראוס גרופ בע""מ",,,יח`,0.80,100 גרם,false,1,8.90,11.13,false,1,
7290112336712,false,יוגורט PRO לבן 0% 21 גרם חלבון בגביע,שטראוס גרופ בעמ/מצונן,,,יח`,2,"100 מ""ל",false,1,5.90,2.95,false,1,
7290112337474,false,סוכריות מאסט ללא סוכר פטל לימון 80 ג' עלית,שטראוס גרופ בע`מ,,,יח`,0.80,100 גרם,false,1,8.90,11.13,false,1,
7290112337481,false,סוכריות מאסט ללא סוכר קפצ''ינו 80 ג' עלית,שטראוס גרופ בע`מ,,,יח`,0.80,100 גרם,false,1,8.90,11.13,false,1,
7290112338877,false,מעדן גבינה בטעם תות 3% 125ג' סקי,שטראוס גרופ בעמ/מצונן,,,יח`,1.25,100 גרם,false,1,3.70,2.96,true,1,
7290112339171,false,מעדן מוס שוקולד 81 גר`מילקי,שטראוס גרופ בעמ/מצונן,,,יח`,0.81,100 גרם,false,1,3.30,4.07,false,1,
7290112339362,false,דנונה לייט אנד פריי בטעם קפוצ'ינו 150 גרם,שטראוס גרופ בעמ/מצונן,,,יח`,1.50,"100 מ""ל",false,1,4.50,3,true,1,
7290112339867,false,גמדים לדרך גבינה לבנה עם מחית תות,שטראוס גרופ בעמ/מצונן,,,יח`,1,100 גרם,false,1,5.90,5.90,false,1,
7290112339874,false,גמדים לדרך גבינה לבנה עם מחיות תות ובננה,שטראוס גרופ בעמ/מצונן,,,יח`,1,100 גרם,false,1,5.90,5.90,false,1,
7290112340122,false,הפריכיות הטעימות 3 דגנים אנרג'י 135 גרם,"פרח תעשיות מזון בע""\מ",,,יח`,1.35,100 גרם,false,1,12.90,9.56,true,1,
7290112340245,false,מסטיק מאסט צנצנת בטעם דובדבן 66 גר` מגדי,"שטראוס גרופ בע""\מ",,,יח`,0.66,100 גרם,false,1,9.90,15,true,1,
7290112341556,false,יוגורט אקטיביה עם צ'יה ותות 150 גרם,שטראוס גרופ בעמ/מצונן,,,יח`,1.50,"100 מ""ל",false,1,4.50,3,false,1,
7290112341679,false,אקטיביה יוגורט 3% דנונה (200 גרם),שטראוס גרופ בעמ/מצונן,,,יח`,2,100 גרם,false,1,3.90,1.95,false,1,
7290112341686,false,שמינייה יוגורט לבן אקטיביה 3% דנונה 150 גרם.,שטראוס גרופ בעמ/מצונן,,,יח`,0.0120,100 גרם,false,1,19.90,1658.33,false,1,
7290112342102,false,סימפוניה גבינה במרקם שמנת בצל מקורמל 5%,שטראוס גרופ בעמ/מצונן,,,יח`,2,100 גרם,false,1,11.40,5.70,true,1,
7290112343260,false,"יטבתה רוטב שמנת קלאסי 9% שומן 260 מ""ל",שטראוס גרופ בעמ/מצונן,,,יח`,2.60,"100 מ""ל",false,1,9.90,3.81,true,1,
7290112343420,false,"משקה חלב עם דגנים מלאים ובננה פרו יטבתה 350מ""ל",שטראוס גרופ בעמ/מצונן,,,יח`,3.50,"100 מ""ל",false,1,6.90,1.97,false,1,
7290112343499,false,חטיף צ'יטוס פאפס אפוי בטעם גבינה,"שטראוס פריטו ליי בע""\מ )",,,יח`,0.60,100 גרם,false,1,3.50,5.83,true,1,
7290112343512,false,צ'יטוס puffs בטעם גבינה 180 גרם,"שטראוס פריטו ליי בע""\מ )",,,יח`,1.80,100 גרם,false,1,6.90,3.83,false,1,
7290112344564,false,רביולי גבינה קלאסי שטראוס 400 ג',שטראוס גרופ בעמ/מצונן,,,יח`,4,100 גרם,false,1,20.90,5.23,true,1,
7290112344724,false,מילקי בטעם שוקולד בלונדי עם קצפת 133גר,שטראוס גרופ בעמ/מצונן,,,יח`,1.33,100 גרם,false,1,3.30,2.48,false,1,
7290112344755,false,מילקי עם 26% פחות סוכר 135 גר}שטראוס{,שטראוס גרופ בעמ/מצונן,,,יח`,1.35,100 גרם,false,1,2.80,2.07,false,1,
7290112344786,false,קפה פלטינום קלאסיק עלית 200 גרם,הנסיך- מפעל לייצור ט,,,יח`,2,100 גרם,false,1,24.90,12.45,true,1,
7290112344953,false,סימפוניה חציל קלוי גבינה במקרם שמנת 5%,שטראוס גרופ בעמ/מצונן,,,יח`,2,100 גרם,false,1,11.40,5.70,true,1,
7290112344991,false,דנונה לייט אנד פריי בטעם תות 150 גרם,שטראוס גרופ בעמ/מצונן,,,יח`,1.50,"100 מ""ל",false,1,4.50,3,false,1,
7290112346360,false,בפלות אחת אחת בציפוי שוקולד חלב עלית 180 גרם,הגביע מוצרי וופלים ב,,,יח`,1.80,100 גרם,false,1,13.90,7.72,false,1,
7290112346506,false,דנונה לייט אנד פריי בטעם אפרסק 150 גרם,שטראוס גרופ בעמ/מצונן,,,יח`,1.50,"100 מ""ל",false,1,4.50,3,false,1,
7290112346629,false,דנונה בר יוגורט+קורנפלקס מצופה שוקולד חלב ולבן 172 גרם,שטראוס גרופ בעמ/מצונן,,,יח`,1.72,"100 מ""ל",false,1,4.40,2.56,false,1,
7290112346773,false,יוגורט בטעם וניל 0% לייט אנד פרי 10 גרם חלבון בגביע,שטראוס גרופ בעמ/מצונן,,,יח`,1.50,100 גרם,false,1,4.60,3.07,true,1,
7290112346797,false,יוגורט אקטיביה שיבולת שועל ושזיף 150 גרם,שטראוס גרופ בעמ/מצונן,,,יח`,1.50,"100 מ""ל",false,1,4.60,3.07,false,1,
7290112346827,false,אקטימל ויטמין c פטל שמינייה 864 גרם,שטראוס גרופ בעמ/מצונן,,,יח`,8,"100 מ""ל",false,1,19.90,2.49,false,1,
7290112347008,false,גמדים לדרך גבינה לבנה עם מחית תות ושיבולת שועל,שטראוס גרופ בעמ/מצונן,,,יח`,1,100 גרם,false,1,5.90,5.90,false,1,
7290112347473,false,מארז דנונה לייט אנד פריי תות ואפרסק 150 גרם 8 יחידות,שטראוס גרופ בעמ/מצונן,,,יח`,12,100 גרם,false,1,27.50,2.29,false,1,
7290112348142,false,שעועית לבנה 380 גר' בקופסה טעם הטבע,שטראוס גרופ בע`מ,,,יח`,3.80,100 גרם,false,1,6.90,1.82,true,1,
7290112348616,false,עלית - קפה נמס אגוזי לוז 100 גרם,שטראוס גרופ בע`מ,,,יח`,1,100 גרם,false,1,16.90,16.90,false,1,
7290112348999,false,הפריכיות הטעימות תירס דקות אנרג'י 135 גרם,שטראוס גרופ בע`מ,,,יח`,1.35,100 גרם,false,1,12.90,9.56,true,1,
7290112349606,false,מעדן גבינה ויוגורט תות בננה 88 ג' דניאלה,שטראוס גרופ בעמ/מצונן,,,יח`,1.50,"100 מ""ל",false,1,4,2.67,false,1,
7290112349736,false,בזיליקום רוטב עגבניות לפסטה יד מרדכי 350 גרם,אמיליאנה קונסרב סוסייטה,,,יח`,3.50,100 גרם,false,1,10.90,3.11,true,1,
7290112349750,false,פיצה רוטב עגבניות לפיצה יד מרדכי 350 גרם,אמיליאנה קונסרב סוסייטה,,,יח`,3.50,100 גרם,false,1,10.90,3.11,true,1,
7290112349897,false,מסטיק מאסט Must קוביות בטעם מנטה ללא סוכר,אסקום קונפקשיין,,,יח`,0.86,100 גרם,false,1,13.90,16.16,false,1,
7290112350275,false,קפסולות LUNGO למכונת נספרסו עלית 10 יחידות,שטראוס קפה בי.וי,,,יח`,0.55,100 גרם,false,1,16.90,30.73,true,1,
7290112350312,false,קפסולות 15 קפה יותר למכונות נספרסו עלית 10יח',הנסיך- מפעל לייצור ט,,,יח`,0.50,100 גרם,false,1,16.90,33.80,true,1,
7290112350589,false,צ`יקו להכנת משקה צ`יקוריה עלית (65 גרם),שטראוס קפה בי.וי,,,יח`,0.65,100 גרם,false,1,9.90,15.23,false,1,
7290112351067,false,סילאן טבעי 100% תמר מג'הול ללא תוספת סוכר,שטראוס גרופ בע`מ,,,יח`,6.30,100 גרם,false,1,23.90,3.79,false,1,
7290112351524,false,עלי סלנובה 200 גר' שטראוס טעם הטבע,שטראוס בריאות ירקות טריי,,,יח`,2,100 גרם,false,1,12.90,6.45,false,1,
7290112354204,false,"ספגטי עגבניות 280 גר' ""דלישס"" שטראוס",קפוא-זן תעשיות מזון בעמ - תפוג,,,יח`,2.80,100 גרם,false,1,22.90,8.18,true,1,
7290112354235,false,ברקטה פיצה - 2 יחידות במארז,קפוא-זן תעשיות מזון בעמ - תפוג,,,יח`,3,100 גרם,false,1,26.90,8.97,true,1,
7290112354754,false,עוגת בראוניז שוקולד פרה נוגט( 370 גר`),שטראוס גרופ בעמ,,,יח`,3.70,100 גרם,false,1,16.90,4.57,false,1,
7290112354945,false,תפוצ'יפס WAVY בטעם טבעי 50 גרם,שטראוס פריטו ליי בע`מ,,,יח`,0.50,100 גרם,false,1,3.90,7.80,false,1,
7290112354952,false,תפוצ`יפס פפריקה (50 גרם)היתר מכירה,שטראוס פריטו ליי בע`מ,,,יח`,0.50,100 גרם,false,1,3.90,7.80,false,1,
7290112354969,false,תפוצ'יפס בטעם טבעי 200 גרם היתר מכירה,שטראוס פריטו ליי בע`מ,,,יח`,2,100 גרם,false,1,10.90,5.45,true,1,
7290112355027,false,דנונה פרו 20 גרם חלבון בטעם קרמל מלוח 200 גרם,שטראוס גרופ בעמ/מצונן,,,יח`,2,"100 מ""ל",false,1,5.90,2.95,false,1,
7290112355263,false,רוטב שמנת עם שוקולד 9% שומן 260 ג' יטבתה,שטראוס גרופ בעמ/מצונן,,,יח`,2.60,"100 מ""ל",false,1,9.90,3.81,true,1,
7290112355386,false,יטבתה רוטב שמנת בטעם קרמל מלוח יטבתה 260 גרם,שטראוס גרופ בעמ/מצונן,,,יח`,2.60,"100 מ""ל",false,1,9.90,3.81,true,1,
7290112355393,false,"יטבתה רוטב שמנת+בטטה 9% שומן 250 מ""ל",שטראוס גרופ בעמ/מצונן,,,יח`,2.50,"100 מ""ל",false,1,9.90,3.96,true,1,
7290112355812,false,מילקי טופ קורנפלקס 141 ג' שטראוס,שטראוס גרופ בעמ/מצונן,,,יח`,1.30,"100 מ""ל",false,1,4.90,3.77,false,1,
7290112357069,false,מחית עגבניות איטלקיות בקופסה 500 גר' טעם הטבע,"שטראוס גרופ בע""מ",,,יח`,5,100 גרם,false,1,6.90,1.38,true,1,
7290112357076,false,קוביות עגבניות איטלקיות 390 גר' בקופסה טעם הטבע,"שטראוס גרופ בע""מ",,,יח`,3.90,100 גרם,false,1,6.90,1.77,true,1,
7290112357083,false,טעם הטבע אפונה ירוקה 380 גרם קופסה,הדקלאים אגודת שיתופי,,,יח`,3.80,100 גרם,false,1,6.90,1.82,true,1,
7290112357106,false,שעועית אדומה 380 גר' בקופסה טעם הטבע,"שטראוס גרופ בע""מ",,,יח`,3.80,100 גרם,false,1,6.90,1.82,true,1,
7290112357113,false,גרגרי חומוס בקופסה 380 גר' טעם הטבע,"שטראוס גרופ בע""מ",,,יח`,3.80,100 גרם,false,1,6.90,1.82,true,1,
7290112357175,false,קפסולות BOOST למכונת נספרסו עלית 10 יחידות,שטראוס קפה בי.וי,,,יח`,0.50,100 גרם,false,1,16.90,33.80,true,1,
7290112358004,false,פסק זמן חטיף קראנץ עלית( 32 גר`),שולן צ'\יקולטה גידה סאן.,,,יח`,0.32,100 גרם,false,1,4.90,15.31,false,1,
7290112358127,false,דנונה פרו חלבון+מגנזיום- וניל ועוגיות 200 גרם,שטראוס גרופ בעמ/מצונן,,,יח`,2,100 גרם,false,1,6.50,3.25,false,1,
7290112358219,false,רוטב צ`ילי מתוק יד מרדכי (300 גר`),אף.סי תבליני בגליל ב,,,יח`,3,100 גרם,false,1,13.90,4.63,false,1,
7290112358233,false,רוטב צ`ילי חריף יד מרדכי (300 גר`),"שטראוס גרופ בע""מ",,,יח`,3,100 גרם,false,1,13.90,4.63,false,1,
7290112358431,false,עד חצות דאבל ביסקוויט עם שוקולד חלב -8 אריזות אישיות,ביסקוויטס טור ד'\אלבון,,,יח`,2,100 גרם,false,1,13.90,6.95,true,1,
7290112358554,false,מארז קפה נמס מנות אישיות לדרך 50.4 גר,שטראוס גרופ בע`מ,,,יח`,0.5040,100 גרם,false,1,9.90,19.64,false,1,
7290112358561,false,קפה נמס פלטינום קלאסי 47 ג' עלית,שטראוס גרופ בע`מ,,,יח`,0.47,100 גרם,false,1,5.90,12.55,false,1,
7290112359384,false,עלית - קפה נמס אלפחורס ריבת חלב 100 גרם,שטראוס גרופ בע`מ,,,יח`,1,100 גרם,false,1,16.90,16.90,true,1,
7290112481900,false,כוסות מעוטרות לפיד (50),פאלאס תעשיות נטו (2014) בעמ,,,יח`,1,,false,1,20.90,20.90,true,1,
7290112482211,false,פאלאס תבניות אלומניום ענק,פאלאס תעשיות נטו (2014) בעמ,,,יח`,1,,false,1,1.90,1.90,true,1,
7290112482242,false,צלחות קטנה 25 יח טופ סטאר,פאלאס תעשיות נטו (2014) בעמ,,,יח`,1,,false,1,8.90,8.90,true,1,
7290112482259,false,צלחות גדולה 25 יחידות טופ סטאר,פאלאס תעשיות נטו (2014) בעמ,,,יח`,1,,false,1,12.90,12.90,true,1,
7290112482273,false,צלחות מרק 25 יח` טופ סטאר,פאלאס תעשיות נטו (2014) בעמ,,,יח`,1,,false,1,8.90,8.90,true,1,
7290112482280,false,צלחות לפתן 25 יח`טופ סטאר,פאלאס תעשיות נטו (2014) בעמ,,,יח`,1,,false,1,6.90,6.90,true,1,
7290112482297,false,קעריות אובלי 25 יח`טופ סטאר,פאלאס תעשיות נטו (2014) בעמ,,,יח`,1,,false,1,6.90,6.90,true,1,
7290112482686,false,גביע איחסון אמריקאי 240 מל לפיד 8 יח,פאלאס תעשיות נטו (2014) בעמ,,,יח`,1,,false,1,5.90,5.90,true,1,
7290112482693,false,גביע איחסון אמריקאי 480 מל לפיד 6יח,פאלאס תעשיות נטו (2014) בעמ,,,יח`,1,,false,1,5.90,5.90,true,1,
7290112483430,false,כפות שקופות לפיד 50 יח,פאלאס תעשיות נטו (2014) בעמ,,,יח`,1,,false,1,7.90,7.90,true,1,
7290112483447,false,כפיות שקופות לפיד 50 יח,פאלאס תעשיות נטו (2014) בעמ,,,יח`,1,,false,1,7.90,7.90,true,1,
7290112483454,false,מזלגות שקופות לפיד 50 יח,פאלאס תעשיות נטו (2014) בעמ,,,יח`,1,,false,1,7.90,7.90,true,1,
7290112483461,false,סכינים שקופות לפיד 50 יח,פאלאס תעשיות נטו (2014) בעמ,,,יח`,1,,false,1,7.90,7.90,true,1,
7290112483584,false,מפיות מודפסות 3 שכבות לפיד 15 יחידות,פאלאס תעשיות נטו (2014) בעמ,,,יח`,1,,false,1,5.90,5.90,false,1,
7290112484291,false,צלחת קטנה שקוף פאלאס 25 יחידות,פאלאס תעשיות נטו (2014) בעמ,,,יח`,1,,false,1,8.90,8.90,true,1,
7290112484307,false,צלחות גדולה שקוף 25 יח לפיד,פאלאס תעשיות נטו (2014) בעמ,,,יח`,1,,false,1,12.90,12.90,true,1,
7290112484314,false,צלחות לפתן שקוף 25 יח לפיד,פאלאס תעשיות נטו (2014) בעמ,,,יח`,1,,false,1,6.90,6.90,true,1,
7290112484321,false,צלחות ענק שקוף 25 יח לפיד,פאלאס תעשיות נטו (2014) בעמ,,,יח`,1,,false,1,16.90,16.90,false,1,
7290112484338,false,צלחות מרק שקוף 25 יח לפיד,פאלאס תעשיות נטו (2014) בעמ,,,יח`,1,,false,1,8.90,8.90,true,1,
7290112484345,false,קעריות אובלי שקוף25 יח לפיד,פאלאס תעשיות נטו (2014) בעמ,,,יח`,1,,false,1,6.90,6.90,true,1,
7290112484895,false,צלחות גדולות חזקות ב,פאלאס תעשיות נטו (2014) בעמ,,,יח`,1,יח`,false,1,39.90,39.90,true,1,
7290112490209,false,נמס בכוס מרק עגבניות עם קרוטונים רכיבים טבעיים,"יוניליוור ישראל שיווק בע""מ",,,יח`,0.56,100 גרם,false,1,6.90,12.32,true,1,
7290112490216,false,מרק נמס בכוס בטעם עוף קנור 100% רכיבים טבעיים,"יוניליוור ישראל שיווק בע""מ",,,יח`,0.48,100 גרם,false,1,6.90,14.38,true,1,
7290112490698,false,קונפיטורה תות שדה לייט 300 גרם-צנצנת,יוניליוור ישראל שיווק בע`מ,,,יח`,2.60,100 גרם,false,1,13.90,5.35,true,1,
7290112490735,false,מרק עשיר עגבניות עם פסטה ר.טבעיים 105 גרם קנור,יוניליוור ישראל שיווק בע`מ,,,יח`,1.05,100 גרם,false,1,12.90,12.29,true,1,
7290112490759,false,מרק עשיר עוף עם אטריות רכיבים טבעיים 74 ג' קנור,"יוניליוור ישראל שיווק בע""מ",,,יח`,0.74,100 גרם,false,1,12.90,17.43,true,1,
7290112490803,false,קליק שקית עוגיות קרמל,יוניליוור ישראל שיווק בעמ,,,יח`,0.70,100 גרם,false,1,6.50,9.29,true,1,
7290112490810,false,קליק שקית עוגיות טעם חמאה,יוניליוור ישראל שיווק בעמ,,,יח`,0.70,100 גרם,false,1,6.50,9.29,true,1,
7290112490827,false,תרסיס ריחני למייבש הכביסה בדין בייבי 500,"יוניליוור ישראל שיווק בע""מ",,,יח`,5,"100 מ""ל",false,1,19.90,3.98,true,1,
7290112491268,false,קליק כדורים פרווה 75 גר,יוניליוור ישראל שיווק בעמ,,,יח`,0.75,100 גרם,false,1,6.50,8.67,true,1,
7290112491701,false,ברנפלקס בטעם וניל מעודן 20% חלבון Extra Protein,"יוניליוור ישראל שיווק בע""מ",,,יח`,3.75,100 גרם,false,1,22.90,6.11,true,1,
7290112492449,false,פינוק שמפו שיער רגיל 700 מל-חדש,"יוניליוור ישראל שיווק בע""מ",,,יח`,7,100 גרם,false,1,12.90,1.84,true,1,
7290112492470,false,"שמפו ומרכך 2 ב-1 לשיער יבש פינוק 700 מ""ל.",יוניליוור ישראל שיווק בע`מ,,,יח`,7,"100 מ""ל",false,1,12.90,1.84,true,1,
7290112492500,false,פינוק שמפו לשיער עם שמן קוקוס 700 מל,"יוניליוור ישראל שיווק בע""מ",,,יח`,7,"100 מ""ל",false,1,12.90,1.84,true,1,
7290112492531,false,"פינוק קונדישנר לשיער רגיל 700מ""ל","יוניליוור ישראל שיווק בע""מ",,,יח`,7,"100 מ""ל",false,1,12.90,1.84,true,1,
7290112492548,false,"מרכך פינוק עם שמן חוחובה 700 מ""ל","יוניליוור ישראל שיווק בע""מ",,,יח`,7,"100 מ""ל",false,1,12.90,1.84,true,1,
7290112492982,false,"אבקת מרק פטריות כשל""פ 100% רכיבים טבעיים 400 גרם",יוניליוור ישראל שיווק בע`מ,,,יח`,4,100 גרם,false,1,27.90,6.98,true,1,
7290112492999,false,קנור מרק עוף אמיתי 400 גרם פרווה,יוניליוור ישראל שיווק בע`מ,,,יח`,4,100 גרם,false,1,15.90,3.98,true,1,
7290112493088,false,נמס בכוס עדשים מרק רכיבים טבעיים קנור 54 ג',יוניליוור ישראל שיווק בע`מ,,,יח`,0.54,100 גרם,false,1,6.90,12.78,false,1,
7290112493095,false,נמס בכוס מרק עגבניות חריף רכיבים טבעיים קנור 48 ג',יוניליוור ישראל שיווק בע`מ,,,יח`,0.48,100 גרם,false,1,6.90,14.38,false,1,
7290112493163,false,חטיף קליק מיקס כריות וגלילית (65 גרם),יוניליוור ישראל שיווק בעמ,,,יח`,0.65,100 גרם,false,1,6.50,10,true,1,
7290112493170,false,חטיף כריות נוגט לבן (75 גרם),יוניליוור ישראל שיווק בעמ,,,יח`,0.75,100 גרם,false,1,6.50,8.67,true,1,
7290112493927,false,גלידה בטעם ריבת חלב 1.33ל' קרמיסימו,"גלידת שטראוס בע""\מ, רחוב",,,יח`,1.33,1 ליטר,false,1,19.90,14.96,true,1,
7290112493934,false,גלידה קרמיסימו וניל צרפתי 1.33 ליטר,"גלידת שטראוס בע""\מ, רחוב",,,יח`,1.33,1 ליטר,false,1,19.90,14.96,true,1,
7290112493965,false,קרמיסימו חלבית בטעם מסטיק וניל 665 גר,"גלידת שטראוס בע""\מ, רחוב",,,יח`,1.33,1 ליטר,false,1,19.90,14.96,true,1,
7290112494153,false,תיבוליות ניחוח צלי קנור( 72 גרם),יוניליוור ישראל שיווק בע`מ,,,יח`,0.72,100 גרם,false,1,9.90,13.75,true,1,
7290112494214,false,חטיף קליק ביסקוויט לבן 65 גר`,יוניליוור ישראל שיווק בעמ,,,יח`,0.65,100 גרם,false,1,6.50,10,true,1,
7290112494221,false,חטיף ביסקויט שוקולד חלב קליק (65 גרם),יוניליוור ישראל שיווק בע`מ,,,יח`,0.65,100 גרם,false,1,6.50,10,true,1,
7290112494238,false,חטיף כדורים שוקולד חלב קליק (65 גרם),יוניליוור ישראל שיווק בע`מ,,,יח`,0.65,100 גרם,false,1,6.50,10,true,1,
7290112494269,false,חטיף קליק כריות צוקולטה 65 גר`,יוניליוור ישראל שיווק בעמ,,,יח`,0.65,100 גרם,false,1,6.50,10,true,1,
7290112494276,false,קליק כריות בתפזורת כשר לפסח,יוניליוור ישראל שיווק בע`מ,,,יח`,0.65,100 גרם,false,1,6.50,10,true,1,
7290112494283,false,חטיף כדורים מעורב חום לבו 65 גר`קליק,יוניליוור ישראל שיווק בע`מ,,,יח`,0.65,100 גרם,false,1,6.50,10,true,1,
7290112494290,false,קליק שקיות עוגי 65 גר`,יוניליוור ישראל שיווק בעמ,,,יח`,0.75,100 גרם,false,1,6.50,8.67,true,1,
7290112494313,false,קליק - קורנפלקס תפזורת 65 גרם,"יוניליוור ישראל שיווק בע""מ",,,יח`,0.65,100 גרם,false,1,6.50,10,true,1,
7290112494344,false,קורנפלקס של אלופים תלמה (850 גרם)רבנות,"יוניליוור ישראל שיווק בע""מ",,,יח`,8.50,100 גרם,false,1,19.90,2.34,true,1,
7290112494351,false,קורנפלקס של אלופים תלמה (850 גרם).בדצ,יוניליוור ישראל שיווק בע`מ,,,יח`,8.50,100 גרם,false,1,19.90,2.34,true,1,
7290112494818,false,בדין-ג'ל לכביסה לבנה וצבעונית בייבי 2.5 ליטר,יוניליוור ישראל שיווק בע`מ,,,יח`,2.50,1 ליטר,false,1,29.90,11.96,true,1,
7290112495006,false,כריות דגנים במילוי נוגט בדצ 686 גרם,"יוניליוור ישראל שיווק בע""מ",,,יח`,6.86,100 גרם,false,1,26.90,3.92,true,1,
7290112495105,false,נשנושים טעם שמנת בצל בייגל בייגל 260 גרם,"יוניליוור ישראל שיווק בע""מ",,,יח`,2.60,100 גרם,false,1,12.90,4.96,true,1,
7290112495143,false,נשנושי קרקר קוקטייל מלוח בייגל בייגל 300 גרם,"יוניליוור ישראל שיווק בע""מ",,,יח`,3,100 גרם,false,1,12.90,4.30,true,1,
7290112495174,false,נשנושי קרקר קוקטייל שומשום בייגל בייגל 300 גרם,יוניליוור ישראל שיווק בע`מ,,,יח`,3,100 גרם,false,1,12.90,4.30,true,1,
7290112495266,false,קליק דאבל קרם עוגיות 65 גר`,יוניליוור ישראל שיווק בעמ,,,יח`,0.65,100 גרם,false,1,6.50,10,true,1,
7290112495273,false,קליק דאבל קרם חלב 65 גר`,יוניליוור ישראל שיווק בעמ,,,יח`,0.65,100 גרם,false,1,6.50,10,true,1,
7290112495280,false,ברנפלקס ריבועי קינמון תלמה (400 גרם),יוניליוור ישראל שיווק בע`מ,,,יח`,4,100 גרם,false,1,22.90,5.73,true,1,
7290112495662,false,קרקר חיטה מלאה ופשתן בייגל בייגל 300 גרם,יוניליוור ישראל שיווק בע`מ,,,יח`,3,100 גרם,false,1,8.90,2.97,true,1,
7290112495815,false,רוטב לסלט חרדל ודבש לייט (305 גרם)הלמנס,יוניליוור ישראל שיווק בע`מ,,,יח`,3.05,100 גרם,false,1,12.90,4.23,true,1,
7290112496027,false,"סירופ שוקולד לחיץ 580 מ""ל כשל""פ אפיכל",יוניליוור ישראל שיווק בע`מ,,,יח`,5.80,"100 מ""ל",false,1,11.90,2.05,false,1,
7290112496430,false,קנור נמס בכוס אקסטרה עגבניות+איטריות 37 גרם - רבנות,יוניליוור ישראל שיווק בע`מ,,,יח`,0.37,100 גרם,false,1,4.90,13.24,false,1,
7290112496447,false,נמס בכוס אקסטרה טעם עוף עם המון אטריות 27ג',"יוניליוור ישראל שיווק בע""מ",,,יח`,0.27,100 גרם,false,1,4.90,18.15,false,1,
7290112496461,false,נמס בכוס אקסטרה מרק ירקות עם המון אטריות,"יוניליוור ישראל שיווק בע""מ",,,יח`,0.32,100 גרם,false,1,4.90,15.31,false,1,
7290112496584,false,קליק כריות Black מצופה שוקולד לבן ועוגיות,יוניליוור ישראל שיווק בע`מ,,,יח`,0.65,100 גרם,false,1,6.50,10,true,1,
7290112496591,false,חטיף קליק כריות בלאק חלב 65 גר,יוניליוור ישראל שיווק בעמ,,,יח`,0.65,100 גרם,false,1,6.50,10,true,1,
7290112497505,false,"תחליב גוף וזלין ירוק עם אלוורה 600מ""ל",יוניליוור ישראל שיווק בע`מ,,,יח`,6,"100 מ""ל",false,1,19.90,3.32,false,1,
7290112497710,false,פינוק בייבי שמפו אל דמע לתינוקות 700 מל,יוניליוור ישראל שיווק בע`מ,,,יח`,7,"100 מ""ל",false,1,14.90,2.13,true,1,
7290112498052,false,מארז פתית צ`יפס בטטה בטעם טבעי 84 ג`,יוניליוור ישראל שיווק בע`מ,,,יח`,0.84,100 גרם,false,1,13.90,16.55,true,1,
7290112498847,false,שטראוס קרמיסימו בטעמי נוגט וניל שוקולד,גלידות שטראוס בעמ,,,יח`,1.33,1 ליטר,false,1,19.90,14.96,true,1,
7290112498885,false,מאגדת גודי'ז תותים ושוקולד לבן 235 גרם,"גלידת שטראוס בע""\מ, רח'\",,,יח`,3.42,100 גרם,false,1,30.90,9.04,false,1,
7290112498922,false,מאגדת מיני מגנום לבן שטראוס 250 גרם,"מיוצר ע""\י גלידת שטראוס",,,יח`,1,,false,1,27.90,27.90,false,1,
7290112499059,false,"קרמיסימו שוקולד לבן עם תות ""שטראוס""","גלידת שטראוס בע""מ, ר",,,יח`,1.33,1 ליטר,false,1,19.90,14.96,true,1,
7290112499066,false,שטראוס קרמיסימו שוקולד לבן ופיסטוק,"גלידת שטראוס בע""מ, ר",,,יח`,1.33,1 ליטר,false,1,19.90,14.96,true,1,
7290112499110,false,טילון קליק בטעם שוקולד 72 ג' שטראוס,"צר ע""י גלידת שטראוס",,,יח`,1,,false,1,6.60,6.60,true,1,
7290112499189,false,"גלידת קרמיסימו חד קרן וניל תות, 1.33 ליטר","גלידת שטראוס בע""\מ, רחוב",,,יח`,1.33,1 ליטר,false,1,19.90,14.96,true,1,
7290112499196,false,גלידה בטעם החלב של הקורנפלקס 1.33 ל' קרמיסימו,"גלידת שטראוס בע""\מ, רחוב",,,יח`,1.33,1 ליטר,false,1,19.90,14.96,true,1,
7290112499677,false,מגנום וניל בציפוי שוקולד לבן,"מיוצר ע""\י גלידת שטראוס",,,יח`,0.85,100 גרם,false,1,9.90,11.65,true,1,
7290112499776,false,גלידת שמנת מופחתת שומן וקלוריות בטעם שוקולד לבן 240 גרם,"גלידת שטראוס בע""\מ, רח'\",,,יח`,3.42,100 גרם,false,1,30.90,9.04,false,1,
7290112499929,false,מגנום שוקולד אימפלס פסח 120מל,"מיוצר ע""\י גלידת שטראוס",,,יח`,1,,false,1,9.90,9.90,true,1,
7290112961266,false,בייגלה כפיות פיזור איטלקי 300 גרם אסם,קבוצת אוסם סחר שותפות מוגבלת,,,יח`,3,100 גרם,false,1,9.90,3.30,true,1,
7290112961440,false,פיטנס חטיפי פריכיות שוקולד מריר 84 גרם,קבוצת אוסם סחר שותפות מוגבלת,,,יח`,0.84,100 גרם,false,1,14.90,17.74,true,1,
7290112961464,false,פיטנס חטיפי פריכיות דגנים וחומוס מתובלות,קבוצת אוסם סחר שותפות מוגבלת,,,יח`,0.60,100 גרם,false,1,8.90,14.83,true,1,
7290112961754,false,עוגיות שוקולד ציפס עם קרם בטעם אגוזים 220 גר',קבוצת אוסם סחר שותפות מוגבלת,,,יח`,2.20,100 גרם,false,1,11.90,5.41,false,1,
7290112962287,false,טבעול שווארמה טבעונית 6*450 גרם,קבוצת אוסם סחר שותפות מוגבלת,,,יח`,4.50,100 גרם,false,1,32.90,7.31,true,1,
7290112962737,false,שניצל מן הצומח עם חלבון טבעול 664 גרם,קבוצת אוסם סחר שותפות מוגבלת,,,יח`,6.64,100 גרם,false,1,24.90,3.75,false,1,
7290112963208,false,עוגיות שוקולדצ`יפס בונז`ור,קבוצת אסם סחר שות. מוגבלת,,,"ק""ג",1,,true,1,45,45,false,1,
7290112963918,false,פיטנס חטיפי קרקר דק רוזמרין 140 גרם,קבוצת אוסם סחר שותפות מוגבלת,,,יח`,1.40,100 גרם,false,1,11.90,8.50,true,1,
7290112964410,false,אסם רוטב אלף האיים חדש לסלט 290 גרם,קבוצת אוסם סחר שותפות מוגבלת,,,יח`,2.90,"100 מ""ל",false,1,11.90,4.10,true,1,
7290112964434,false,אסם רוטב קיסר חדש לסלט 295 גרם,קבוצת אוסם סחר שותפות מוגבלת,,,יח`,2.90,"100 מ""ל",false,1,11.90,4.10,true,1,
7290112964458,false,אסם רוטב ויניגרט חדש לסלט 295 גרם,קבוצת אוסם סחר שותפות מוגבלת,,,יח`,2.95,"100 מ""ל",false,1,11.90,4.03,true,1,
7290112964472,false,אסם רוטב שום חדש לסלט 290 גרם,קבוצת אוסם סחר שותפות מוגבלת,,,יח`,2.90,"100 מ""ל",false,1,11.90,4.10,true,1,
7290112964564,false,רוטב אלף האיים לייט לסלט אסם (295 מל),קבוצת אוסם סחר שותפות מוגבלת,,,יח`,2.95,"100 מ""ל",false,1,11.90,4.03,true,1,
7290112964601,false,רוטב בנוסח סצ'ואן הסדרה האסייתית,קבוצת אוסם סחר שותפות מוגבלת,,,יח`,2.90,"100 מ""ל",false,1,14.90,5.14,true,1,
7290112964625,false,רוטב שום לייט לסלט 310 גרם אסם,קבוצת אוסם סחר שותפות מוגבלת,,,יח`,2.90,"100 מ""ל",false,1,11.90,4.10,true,1,
7290112964724,false,המבורגר צמחוני עם המון חלבון 580 גר,קבוצת אוסם סחר שותפות מוגבלת,,,יח`,5.04,100 גרם,false,1,32.90,6.53,true,1,
7290112965264,false,אבקת מרק נמס אפונה אסם בדצ 52 גרם מארז זוגי,קבוצת אוסם סחר שותפות מוגבלת,,,יח`,0.52,100 גרם,false,1,5.90,11.35,false,1,
7290112965288,false,מרק נמס ירקות אסם בדצ 56 גרם מארז זוגי,קבוצת אוסם סחר שותפות מוגבלת,,,יח`,0.52,100 גרם,false,1,5.90,11.35,false,1,
7290112965363,false,טבעול קציצות קינואה וברוקולי 525 גרם,קבוצת אוסם סחר שותפות מוגבלת,,,יח`,5.25,100 גרם,false,1,29.90,5.70,true,1,
7290112965660,false,חטיף מולטיגריין מלח פלפל ( 25 גר`) פיטנס,קבוצת אוסם סחר שותפות מוגבלת,,,יח`,1,,false,1,5,5,true,1,
7290112965707,false,פיטנס - חטיף מולטיגריין צילי מעודן 25 גרם,קבוצת אוסם סחר שותפות מוגבלת,,,יח`,0,100 גרם,false,1,5,5,true,1,
7290112965745,false,אוסם - ביסלי פריסטייל בצל מעושן 60 גרם,קבוצת אוסם סחר שותפות מוגבלת,,,יח`,0.60,100 גרם,false,1,3.90,6.50,true,1,
7290112965783,false,אוסם - ביסלי פריסטייל על האש 60 גרם,קבוצת אוסם סחר שותפות מוגבלת,,,יח`,0.60,100 גרם,false,1,3.90,6.50,true,1,
7290112965868,false,קרם קרקר במליחות מעודנת 250 גרם אסם,קבוצת אוסם סחר שותפות מוגבלת,,,יח`,2.50,100 גרם,false,1,9.90,3.96,true,1,
7290112966094,false,עוגת הבית בטעם תפוז מופחת סוכראסם (400 ג,קבוצת אוסם סחר שותפות מוגבלת,,,יח`,4,100 גרם,false,1,11.90,2.98,false,1,
7290112966247,false,לחמית כוסמין 200 גרם אסם,קבוצת אוסם סחר שותפות מוגבלת,,,יח`,2,100 גרם,false,1,10.90,5.45,true,1,
7290112966681,false,בייגלה רומני בונז`ור,קבוצת אסם סחר שות. מוגבלת,,,יח`,1,,false,1,4.20,4.20,true,1,
7290112966728,false,צבר טחינה בלאדי פלפלים חריפים 350 גרם,קבוצת אוסם סחר שותפות מוגבלת,,,יח`,3.50,100 גרם,false,1,14.90,4.26,false,1,
7290112966803,false,אינסטנט פודינג בטעם שוקולד אסם (88 גרם),קבוצת אוסם סחר שותפות מוגבלת,,,יח`,0.88,100 גרם,false,1,5.90,6.70,false,1,
7290112966841,false,אינסטנט פודינג בטעם שוקולד מריר 95 גרם,קבוצת אוסם סחר שותפות מוגבלת,,,יח`,0.90,100 גרם,false,1,5.90,6.56,false,1,
7290112967114,false,פיטנס חטיפי פריכיות קטניות ופלפל 60 גרם,קבוצת אוסם סחר שותפות מוגבלת,,,יח`,0.60,100 גרם,false,1,8.90,14.83,true,1,
7290112967138,false,בייגלה שמיניות ללא גלוטן 250 גרם אסם,קבוצת אוסם סחר שותפות מוגבלת,,,יח`,2.50,100 גרם,false,1,9.90,3.96,false,1,
7290112967381,false,פיטנס חטיפי פריכיות קטניות ומלח ים 60 גרם,קבוצת אוסם סחר שותפות מוגבלת,,,יח`,0.60,100 גרם,false,1,8.90,14.83,true,1,
7290112967572,false,"אסם רוטב ברביקיו 290 מ""ל אסם",קבוצת אוסם סחר שותפות מוגבלת,,,יח`,2.50,100 גרם,false,1,11.90,4.76,true,1,
7290112968203,false,צבר סלט טחינה בלאדי 6*250גרם,קבוצת אוסם סחר שותפות מוגבלת,,,יח`,2.50,100 גרם,false,1,9.90,3.96,false,1,
7290112968524,false,צבר סלט חומוס גרגירים רכים 6*250גרם,קבוצת אוסם סחר שותפות מוגבלת,,,יח`,2.50,100 גרם,false,1,9.90,3.96,false,1,
7290112968807,false,80018416694פיטנס חטיפי קרקר דק סלק 150גר,קבוצת אוסם סחר שותפות מוגבלת,,,יח`,1.40,100 גרם,false,1,11.90,8.50,true,1,
7290112968821,false,חטיפי קרקר דק בטטה 140 גר` פיטנס,קבוצת אוסם סחר שותפות מוגבלת,,,יח`,1.40,100 גרם,false,1,11.90,8.50,true,1,
7290113190375,false,סילאן טבעי שקדיה 900 גרם,דין שיווק וקליה 2021 בעמ,,,יח`,9,100 גרם,false,1,14.90,1.66,true,1,
7290113190450,false,ממרח תמרים 450 גרם שקדיה,דין שיווק וקליה 2021 בעמ,,,יח`,4.50,100 גרם,false,1,5.90,1.31,false,1,
7290113190771,false,חלבה מסולסלת שוקו וניל 300 גר`ששון הקו,דין שיווק וקליה 2021 בעמ,,,יח`,3,100 גרם,false,1,13.90,4.63,false,1,
7290113191747,false,"דפי אורז מרובעים 22 ס""מ שקדיה 250 גרם",דין שיווק וקליה 2021 בעמ,,,יח`,2.50,100 גרם,false,1,8.90,3.56,true,1,
7290113192102,false,"דפי אורז עגול קטן 16 ס""מ שקדיה 250 גרם",דין שיווק וקליה 2021 בעמ,,,יח`,2.50,100 גרם,false,1,8.90,3.56,true,1,
7290113192300,false,זיתים חרוזית מושחרים בית השיטה 275 גרם,קבוצת אוסם סחר שותפות מוגבלת,,,יח`,2.75,100 גרם,false,1,10.90,3.96,false,1,
7290113192317,false,זיתים מושחרים טבעות בית השיטה (280 גרם),קבוצת אוסם סחר שותפות מוגבלת,,,יח`,2.80,100 גרם,false,1,10.90,3.89,true,1,
7290113192331,false,בית השיטה זיתים ירוקים גדולים 340 גרם*,קבוצת אוסם סחר שותפות מוגבלת,,,יח`,3.40,100 גרם,false,1,9.90,2.91,false,1,
7290113192348,false,בית השיטה זיתים ירוקים גדול מאודבטעם שום,קבוצת אוסם סחר-שות.מוגבלת,,,יח`,3.40,100 גרם,false,1,10.90,3.21,true,1,
7290113192355,false,חרוזית זיתים ירוקים ללא גלעין 275 ג' בית השיטה,קבוצת אוסם סחר שותפות מוגבלת,,,יח`,5.60,100 גרם,false,1,10.90,1.95,true,1,
7290113192362,false,בית השיטה טבעות זיתים ירק.א2 12*280ג חדש,קבוצת אוסם סחר שותפות מוגבלת,,,יח`,5.60,100 גרם,false,1,10.90,1.95,true,1,
7290113192386,false,בית השיטה זיתים ירוקים סורי מבוקע 340גרם,קבוצת אוסם סחר שותפות מוגבלת,,,יח`,5.60,100 גרם,false,1,9.90,1.77,false,1,
7290113192393,false,בית השיטה קוקטייל זיתים א2 336 גרם,קבוצת אוסם סחר שותפות מוגבלת,,,יח`,3.36,100 גרם,false,1,11.90,3.54,false,1,
7290113192478,false,בית השיטה מלפפונים במלח בינוני 10-12 320 גרם,קבוצת אוסם סחר שותפות מוגבלת,,,יח`,3.20,100 גרם,false,1,7.90,2.47,true,1,
7290113192485,false,בית השיטה מלפפונים בחומץ בינוני 10-12 290 גרם,קבוצת אוסם סחר שותפות מוגבלת,,,יח`,2.90,100 גרם,false,1,7.90,2.72,true,1,
7290113192508,false,ב.השיטה מלפפון במלח ר.טבע א2 17-13 320 גרם,קבוצת אוסם סחר שותפות מוגבלת,,,יח`,3.20,100 גרם,false,1,10.90,3.41,false,1,
7290113192515,false,בית השיטה מלפפונים במלח קטן מאוד 1825 320 גרם,קבוצת אוסם סחר שותפות מוגבלת,,,יח`,3.20,100 גרם,false,1,12.90,4.03,false,1,
7290113192522,false,בית השיטה מלפפונים בחומץ קטן מאוד 1825 290 גרם,קבוצת אוסם סחר שותפות מוגבלת,,,יח`,3.20,100 גרם,false,1,12.90,4.03,false,1,
7290113192553,false,מלפפונים במלח 13-17 פיקנטי בית השיטה 320 גרם,קבוצת אוסם סחר-שות.מוגבלת,,,יח`,3.20,100 גרם,false,1,10.90,3.41,false,1,
7290113192560,false,פלפל חריף כבוש שיפקה בית השיטה (430 גר`),קבוצת אוסם סחר שותפות מוגבלת,,,יח`,4.30,100 גרם,false,1,7.90,1.84,true,1,
7290113192577,false,בית השיטה כרוב כבוש א2 12*430גרם חדש,קבוצת אוסם סחר שותפות מוגבלת,,,יח`,4.30,100 גרם,false,1,7.90,1.84,false,1,
7290113192881,false,"טורטיה חיטה מופחת קלוריות, קוטר 20 ס""מ - 6 יח'",דין שיווק וקליה 2021 בעמ,,,יח`,2.70,100 גרם,false,1,9.90,3.67,true,1,
7290113192997,false,בית השיטה זית מרוקאי 340 גרם*,קבוצת אוסם סחר שותפות מוגבלת,,,יח`,3.40,100 גרם,false,1,12.90,3.79,false,1,
7290113193000,false,בית השיטה פלפל שיפקונית 230 גרם*,קבוצת אוסם סחר שותפות מוגבלת,,,יח`,2.30,100 גרם,false,1,10.90,4.74,true,1,
7290113193321,false,שמן זית כתית מעולה בית השיטה 750 מייל,קבוצת אוסם סחר שותפות מוגבלת,,,יח`,7.50,"100 מ""ל",false,1,29.90,3.99,false,1,
7290113193406,false,"קוקטייל טבעות זיתים - זיתים ירוקים, שחורים מרינד",קבוצת אוסם סחר שותפות מוגבלת,,,יח`,2.80,100 גרם,false,1,12.90,4.61,false,1,
7290113194076,false,חרוזית מרוקאי שחור יבש 195 גר בית השיטה,קבוצת אוסם סחר-שות.מוגבלת,,,יח`,1.95,100 גרם,false,1,10.90,5.59,false,1,
7290113194090,false,בית השיטה טבעות זיתים קלמטה 280 גרם,קבוצת אוסם סחר שותפות מוגבלת,,,יח`,2.80,100 גרם,false,1,10.90,3.89,false,1,
7290113194649,false,בית השיטה מלפפונים במלח קוביות 320 גרם,קבוצת אוסם סחר שותפות מוגבלת,,,יח`,3.20,100 גרם,false,1,10.90,3.41,true,1,
7290113195042,false,מלפפון חמוץ במלח כבישה ביתית בית השיטה 750 גר',קבוצת אוסם סחר שותפות מוגבלת,,,יח`,7.50,100 גרם,false,1,29.90,3.99,true,1,
7290113195080,false,חלבה טורקית בטעם שוקו וניל 400 גר` שקדיה,דין שיווק וקליה 2021 בעמ,,,יח`,4,100 גרם,false,1,14.90,3.73,true,1,
7290113195363,false,שמן חמניות מזוכך זית השיטה 1 ליטר,קבוצת אוסם סחר-שות.מוגבלת,,,יח`,0.01,"100 מ""ל",false,1,13.90,1390,false,1,
7290113195424,false,"אטריות אורז 5 מ""מ שקדיה 400 גרם",דין שיווק וקליה 2021 בעמ,,,יח`,4,100 גרם,false,1,8.90,2.23,false,1,
7290113195479,false,קמח שקדים ( 200 גר`) שקדיה,דין שיווק וקליה 2021 בעמ,,,יח`,2,100 גרם,false,1,14.90,7.45,true,1,
7290113196001,false,פסטה ספגטי שקדיה 500 גר` .,דין שיווק וקליה 2021 בעמ,,,יח`,5,100 גרם,false,1,3.90,0.78,true,1,
7290113196018,false,פסטה ביסלי שקדיה 500 גרם,דין שיווק וקליה 2021 בעמ,,,יח`,5,100 גרם,false,1,3.90,0.78,true,1,
7290113196025,false,פסטה צינורות שקדיה 500 גר` .,דין שיווק וקליה 2021 בעמ,,,יח`,5,100 גרם,false,1,3.90,0.78,true,1,
7290113196032,false,פסטה צדפים שקדיה 500 גר` .,דין שיווק וקליה 2021 בעמ,,,יח`,5,100 גרם,false,1,3.90,0.78,true,1,
7290113196490,false,פריכיות כוסמת בתוספת זרעי ציה שקדיה 150 גרם,דין שיווק וקליה 2021 בעמ,,,יח`,1.50,100 גרם,false,1,10.90,7.27,true,1,
7290113196506,false,פריכיות כוסמת ללא מלח שקדיה 150 גרם,דין שיווק וקליה 2021 בעמ,,,יח`,1.50,100 גרם,false,1,10.90,7.27,true,1,
7290113196513,false,פריכיות כוסמת בתוספת שקדים שקדיה 150 גרם,דין שיווק וקליה 2021 בעמ,,,יח`,1.50,100 גרם,false,1,10.90,7.27,true,1,
7290113196520,false,פריכיות כוסמין ללא מלח שקדיה 150 גרם,דין שיווק וקליה 2021 בעמ,,,יח`,1.50,100 גרם,false,1,10.90,7.27,true,1,
7290113196759,false,ירקות מעורבים בסגנון מזרחי בטעם ביתי,קבוצת אוסם סחר שותפות מוגבלת,,,יח`,7.50,100 גרם,false,1,29.90,3.99,true,1,
7290113196896,false,"תרסיס שמן זית שקדיה 170 מ""ל",דין שיווק וקליה 2021 בעמ,,,יח`,1.70,"100 מ""ל",false,1,12.90,7.59,true,1,
7290113197923,false,טונה בשמן קנולה בית השיטה רביעייה,קבוצת אוסם סחר-שות.מוגבלת,,,יח`,3.92,100 גרם,false,1,24.90,6.35,true,1,
7290113198562,false,סוכריות גומי בטעם תות שדה 200 ג' שקדיה,דין שיווק וקליה 2021 בעמ,,,יח`,2,100 גרם,false,1,9.90,4.95,true,1,
7290113198579,false,סוכריות גומי דובונים בטעמי פירות 200 ג' שקדיה,דין שיווק וקליה 2021 בעמ,,,יח`,2,100 גרם,false,1,9.90,4.95,true,1,
7290113198586,false,סוכריות גומי מסוכרות בטעם אפרסק 200 ג' שקדיה,דין שיווק וקליה 2021 בעמ,,,יח`,2,100 גרם,false,1,9.90,4.95,true,1,
7290113198593,false,סוכריות גומי מסוכרות בטעם בננה 200 ג' שקדיה,דין שיווק וקליה 2021 בעמ,,,יח`,2,100 גרם,false,1,9.90,4.95,true,1,
7290113198609,false,סוכריות גומי נחשים בטעמי פירות 200 ג' שקדיה,דין שיווק וקליה 2021 בעמ,,,יח`,2,100 גרם,false,1,9.90,4.95,true,1,
7290113199323,false,עלי טורטילוס בוריטו150גר,אלקטי קוראבייכיסיגידה טו,,,יח`,1.50,100 גרם,false,1,4.90,3.27,false,1,
7290113199637,false,"חטיף בוטנים גרעיני דלעת חמוציות שומשום זרעי פשתן ציה לל""ס",דין שיווק וקליה 2021 בעמ,,,יח`,1,,false,1,14.90,14.90,false,1,
7290113199910,false,סוכריות חמצוצים בטעם קולה 180 ג' שקדיה,דין שיווק וקליה 2021 בעמ,,,יח`,1.80,100 גרם,false,1,9.90,5.50,true,1,
7290113199934,false,סוכריות חמצוצים בטעם אוכמניות 180 ג' שקדיה,דין שיווק וקליה 2021 בעמ,,,יח`,1.80,100 גרם,false,1,9.90,5.50,true,1,
7290113300354,false,לה קט סטיק עוף 30 גרם,שחורי אריה ואנסטסיה,,,יח`,1,,false,1,9.90,9.90,false,1,
7290113302266,false,חטיף בונזו סטריפים בקר ודג 80 גר,שחורי אריה ואנסטסיה,,,יח`,1,,false,1,12.90,12.90,false,1,
7290113302273,false,חטיף בונזו עם עצם קלציום עם עוף,שחורי אריה ואנסטסיה,,,יח`,1,,false,1,12.90,12.90,false,1,
7290113302358,false,חטיפי בונזו עוף בצורת סושי 80 גר,שחורי אריה ואנסטסיה,,,יח`,1,,false,1,12.90,12.90,false,1,
7290113305809,false,סופרים עוף לכלב 400 גרם,שחורי אריה ואנסטסיה,,,יח`,4,100 גרם,false,1,4,1,false,1,
7290113305823,false,סופרים כבש לכלב 400 גרם,שחורי אריה ואנסטסיה,,,יח`,4,100 גרם,false,1,4,1,false,1,
7290113305830,false,סופרים עוף לחתול 400 גרם,שחורי אריה ואנסטסיה,,,יח`,4,100 גרם,false,1,4,1,false,1,
7290113305847,false,סופרים סלמון לחתול 400 גרם,שחורי אריה ואנסטסיה,,,יח`,4,100 גרם,false,1,4,1,false,1,
7290113305854,false,סופרים בקר לחתול 400 גרם,שחורי אריה ואנסטסיה,,,יח`,4,100 גרם,false,1,4,1,false,1,
7290113560055,false,פרודונטקס מי פה טיפול יומי לחניכיים 500,"מאסטרפוד אוסטריה בע""מ",,,יח`,5,"100 מ""ל",false,1,29.90,5.98,true,1,
7290113560109,false,פרודונטקס מ.שיניים בטעם צמחי 75 מל,פרודונטקס Parodontax,,,יח`,0.75,"100 מ""ל",false,1,30.90,41.20,true,1,
7290113594579,false,שלישיית ביצי שוקולד(חלב נוכרי)-מפרץ הרפתקאות,שמחה זה אנחנו בעמ,,,יח`,0.60,100 גרם,false,1,12.90,21.50,false,1,
7290114310215,false,"שמנת מתוקה 38% רמת הגולן 250 מ""ל ווסטהיים - מוצר בפיקוח",החברה המרכזית טלהפצת משקאות בע,,,יח`,2.50,"100 מ""ל",false,1,6.47,2.59,false,1,
7290114310222,false,חלב מועשר בסידן וויטמין Dי 3% 1.5 ל' טרה,*החברה המרכזית להפצת משקאותבעמ,,,יח`,0.0150,"100 מ""ל",false,1,12.50,833.33,false,1,
7290114310239,false,חלב נטול לקטוז מועשר בוויטמין D י 2% 1.5 ל' טרה,החברה המרכזית טלהפצת משקאות בע,,,יח`,0.0150,"100 מ""ל",false,1,12.50,833.33,false,1,
7290114310338,false,צפתית מעודנת 5% בגביע 225 גרם משק צוריאל,החברה המרכזית טלהפצת משקאות בע,,,יח`,2.55,100 גרם,false,1,19.10,7.49,false,1,
7290114310345,false,מעדן יוגורט בטעם תות 1.5% 125 גרם טרה,*החברה המרכזית להפצת משקאותבעמ,,,יח`,1.25,100 גרם,false,1,3,2.40,true,1,
7290114310536,false,יוגורט לייט מעושר חלבון 25 גרם חלבון וניל MULLER ACTIVE,*החברה המרכזית להפצת משקאותבעמ,,,יח`,2,100 גרם,false,1,6.20,3.10,true,1,
7290114310550,false,גבינת פטה עיזים מעודנת 5% משק צוריאל 200 גרם,החברה המרכזית טלהפצת משקאות בע,,,יח`,2,100 גרם,false,1,24.10,12.05,false,1,
7290114310567,false,לאבנה עיזים 5% 200 גר` צוריאל,החברה המרכזית טלהפצת משקאות בע,,,יח`,2,100 גרם,false,1,14.60,7.30,true,1,
7290114310628,false,משקה חלב וניל ועוגיות בקבוק 1 ליטר,החברה המרכזית טלהפצת משקאות בע,,,יח`,1,1 ליטר,false,1,12.10,12.10,false,1,
7290114310895,false,"סימפלי פרוט יוגורט עם מנגו תות, שמיניה 8 * 150 גרם",*החברה המרכזית להפצת משקאותבעמ,,,יח`,1,,false,1,31.40,31.40,false,1,
7290114311014,false,"משקה חלב אייס קפוצ'ינו פקק ספורט טרה 250 מ""ל",החברה המרכזית טלהפצת משקאות בע,,,יח`,2.50,"100 מ""ל",false,1,5.20,2.08,false,1,
7290114311038,false,"שמנת מתוקה 32% עמידה בבקבוק טרה 250 מ""ל",*החברה המרכזית להפצת משקאותבעמ,,,יח`,2.50,"100 מ""ל",false,1,6.90,2.76,false,1,
7290114311069,false,יוגורט לבן מועשר בחלבון 0% שומן 200 גרם muller active,החברה המרכזית טלהפצת משקאות בע,,,יח`,2,100 גרם,false,1,6.20,3.10,true,1,
7290114311076,false,"חמאת מולר צהובה עם שום, 200 גרם",*החברה המרכזית להפצת משקאותבעמ,,,יח`,2,100 גרם,false,1,11.50,5.75,false,1,
7290114311298,false,יוגורט מולר פרופ בטעם תות בננה מלון 150,החברה המרכזית טלהפצת משקאות בע,,,יח`,1.50,"100 מ""ל",false,1,5.30,3.53,false,1,
7290114311304,false,יוגורט קציפת מנגו פסיפלורה בננה 150 ג' מולר,החברה המרכזית טלהפצת משקאות בע,,,יח`,1.50,"100 מ""ל",false,1,5.30,3.53,false,1,
7290114311328,false,חלב מועשר דל לקטוז מעושר בויטמין Dי 2% שומן טרה 1 ליטר,*החברה המרכזית להפצת משקאותבעמ,,,יח`,1,1 ליטר,false,1,7.50,7.50,false,1,
7290114311434,false,מולר אקטיב יוגורט חלבון קרמל מלוח 200 גרם,החברה המרכזית טלהפצת משקאות בע,,,יח`,2,100 גרם,false,1,5.90,2.95,false,1,
7290114311458,false,חלב קרטון 3% מועשר ויטמין די 1 ליטר,*החברה המרכזית להפצת משקאותבעמ,,,יח`,1,1 ליטר,false,1,7.10,7.10,false,1,
7290114311496,false,קרטון חלב מועשר 1% שומן 1 ליטר טרה,החברה המרכזית טלהפצת משקאות בע,,,יח`,1,1 ליטר,false,1,7.10,7.10,false,1,
7290114600927,false,מאסטר שף עלי טורטייה חיטה מלאה 320 גרם,אלקאטי קורביישיסי גי,,,יח`,3.20,100 גרם,false,1,9.90,3.09,true,1,
7290114600989,false,"מאסטר שף רוטב אלף האיים 250 מ""ל",ש. שסטוביץ בע`מ,,,יח`,2.50,"100 מ""ל",false,1,9.90,3.96,false,1,
7290114600996,false,מאסטר שף רוטב שום 256 גרם,ש. שסטוביץ בע`מ,,,יח`,2.50,"100 מ""ל",false,1,9.90,3.96,false,1,
7290114603041,false,פרי גרנולה בוטנים אגוזים וקוקוס חלבון .,ש. שסטוביץ בע`מ,,,יח`,3,100 גרם,false,1,10.90,3.63,false,1,
7290114603508,false,"רוטב להקפצה מאסטר שף 300 מ""ל",ש. שסטוביץ בע`מ,,,יח`,3,"100 מ""ל",false,1,12.90,4.30,false,1,
7290114603539,false,קרוטונים למרק שום בצל מאסטר שף 350 גרם,"עינת תעשיות מזון, אגשח ב",,,יח`,3.50,100 גרם,false,1,18.90,5.40,false,1,
7290114603591,false,PLAY חטיף פוף בטעם קטשופ 40 גרם,ש. שסטוביץ בע`מ,,,יח`,0.40,100 גרם,false,1,3.90,9.75,true,1,
7290114604895,false,מאסטר שף מיונז ספייסי לחיץ 446 גרם,ש. שסטוביץ בע`מ,,,יח`,4.46,100 גרם,false,1,14.90,3.34,true,1,
7290114604901,false,ממרח שום לחיץ מאסטר שף 444 גרם,ש. שסטוביץ בע`מ,,,יח`,4.44,100 גרם,false,1,14.90,3.36,true,1,
7290114606530,false,רוטב בטעם מיונז וקטשופ 515 גרם מאסטר שף,ש. שסטוביץ בע`מ,,,יח`,5.15,100 גרם,false,1,14.90,2.89,true,1,
7290114606547,false,מיונז פטריות כמהין לחיץ מאסטר שף 242 גרם,ש. שסטוביץ בע`מ,,,יח`,2.42,100 גרם,false,1,14.90,6.16,true,1,
7290114606554,false,מיונז מופחת קלוריות בקבוק לחיץ,ש. שסטוביץ בע`מ,,,יח`,4.70,100 גרם,false,1,14.90,3.17,true,1,
7290114606561,false,מאסטר שף אטריות אורז דקות ורמיצ'לי 400 ג,לינג טונג רייס ורמיצ'ילי,,,יח`,4,100 גרם,false,1,9.90,2.48,true,1,
7290114606592,false,רוטב סויה מסורתית 46% פולי סויה מאסטר שף 620 ג',קריניציה ויטמינה אס,,,יח`,6.20,100 גרם,false,1,11.90,1.92,true,1,
7290114608640,false,מאסטר שף קרוטונים לסלט כוסמין 260 גרם,עינת תעשיות מזון אגו,,,יח`,2.60,100 גרם,false,1,18.90,7.27,false,1,
7290114655927,false,בקבוק טריטן עם צמידים -700מפרץ ההרפתקאות,שמחה זה אנחנו בעמ,,,יח`,1,,false,1,19.90,19.90,false,1,
7290114655934,false,בקבוק טריטן עם צמידים 700 - כוח פי גיי,שמחה זה אנחנו בעמ,,,יח`,1,,false,1,19.90,19.90,false,1,
7290115071504,false,6 מטבעות שוקולד באריזת רשת 31 גר סמי הכב,שמחה זה אנחנו בעמ,,,יח`,1,,false,1,3.90,3.90,false,1,
7290115190014,false,סיגריות מרלבורו רד קצר בוקס,פיליפ מוריס בעמ,,,יח`,1,,false,1,38.50,38.50,true,1,
7290115190076,false,סיגריות מרלבורו גולד ארוך 100 בוקס,פיליפ מוריס בעמ,,,יח`,1,,false,1,38.50,38.50,true,1,
7290115190090,false,סיגריות מרלבורו קצר בוקס בודד,פיליפ מוריס בעמ,,,יח`,1,,false,1,38.50,38.50,true,1,
7290115190137,false,סיגריות מרלבורו טאצ סילבר יחידה,פיליפ מוריס בעמ,,,יח`,1,,false,1,33.50,33.50,true,1,
7290115190151,false,סיגריות מרלבורו טאצ גולד,פיליפ מוריס בעמ,,,יח`,1,,false,1,33.50,33.50,true,1,
7290115190175,false,פרלמנט סופר סלימס קופסא,פיליפ מוריס בעמ,,,יח`,1,,false,1,43.50,43.50,true,1,
7290115190212,false,סיגריות פרלמנט בלו 100 BR בודד,פיליפ מוריס בעמ,,,יח`,1,,false,1,43.50,43.50,true,1,
7290115190236,false,סיגריות פרלמנט קצר בלו בודד,פיליפ מוריס בעמ,,,יח`,1,,false,1,43.50,43.50,true,1,
7290115190250,false,סיגריות פרלמנט קצר בודד,פיליפ מוריס בעמ,,,יח`,1,,false,1,43.50,43.50,true,1,
7290115190335,false,ל.מ.בלו לייבל ארוך בוקס חפיסה,פיליפ מוריס בעמ,,,יח`,1,,false,1,33,33,true,1,
7290115190359,false,אל.אמ בלו לייבל קצר חפיסה) (20,פיליפ מוריס בעמ,,,יח`,1,,false,1,33,33,true,1,
7290115190397,false,סיגריות L.M קצר רד לייבל בודד,פיליפ מוריס בעמ,,,יח`,1,,false,1,33,33,true,1,
7290115190434,false,סיגריות L.M וייב סלימס בודד,פיליפ מוריס בעמ,,,יח`,1,,false,1,33,33,true,1,
7290115190458,false,סיגריות נקסט פיין אדג' בודד,פיליפ מוריס בעמ,,,יח`,1,,false,1,29.50,29.50,true,1,
7290115190472,false,סיגריות נקסט אדג' בודד,פיליפ מוריס בעמ,,,יח`,1,,false,1,29.50,29.50,true,1,
7290115190496,false,סיגריות נקסט ארוך בודד,פיליפ מוריס בעמ,,,יח`,1,,false,1,32,32,true,1,
7290115190519,false,סיגריות נקסט פיין חפ,פיליפ מוריס בעמ,,,יח`,1,,false,1,32,32,true,1,
7290115190595,false,סיגריות נקסט אוריגינ,פיליפ מוריס בעמ,,,יח`,1,,false,1,32,32,true,1,
7290115190892,false,סיגריות מרלבורו פיוז'ן קפסולה בודד,פיליפ מוריס בעמ,,,יח`,1,,false,1,33,33,true,1,
7290115200003,false,אסם פתי בר פינוקי וניל 16*220 ג',קבוצת אוסם סחר שותפות מוגבלת,,,יח`,2.20,100 גרם,false,1,10.90,4.95,true,1,
7290115200027,false,אסם פתי בר פינוקים שוקו 220 גרם,קבוצת אוסם סחר שותפות מוגבלת,,,יח`,2.20,100 גרם,false,1,10.90,4.95,true,1,
7290115200676,false,עוגיות קרמוגית במילוי קרם בטעם קרמל מלוח,קבוצת אוסם סחר שותפות מוגבלת,,,יח`,2,100 גרם,false,1,11.90,5.95,true,1,
7290115200713,false,במבה קלאסי מארז אחיד 5*50 גר` אסם,קבוצת אוסם סחר שותפות מוגבלת,,,יח`,2.50,100 גרם,false,1,13.90,5.56,true,1,
7290115201031,false,פתי בר פינוקי דובי שוקולד 175גר.,קבוצת אוסם סחר שותפות מוגבלת,,,יח`,1.75,100 גרם,false,1,10.90,6.23,true,1,
7290115201277,false,לחם מחמצת עם בצלים 550 גר`בונז`ור,**קבוצת אוסם סחר-שות.מוגבלת,,,יח`,1,,false,1,16.90,16.90,false,1,
7290115201680,false,ביסלי חטיף בטעם ברביקין אסם (70 גרם),קבוצת אוסם סחר שותפות מוגבלת,,,יח`,0.70,100 גרם,false,1,3.90,5.57,true,1,
7290115201703,false,ביסלי חטיף בטעם ברביקין אסם (200 גרם),קבוצת אוסם סחר שותפות מוגבלת,,,יח`,2,100 גרם,false,1,7.90,3.95,true,1,
7290115202120,false,בורקס פילו תרד וגבינה בונז`ור,קבוצת אסם סחר שות. מוגבלת,,,"ק""ג",10,100 גרם,true,1,39,3.90,false,1,
7290115202137,false,בורקס פילו חלבי במילוי גבינה בונז`ור,קבוצת אסם סחר שות. מוגבלת,,,"ק""ג",10,100 גרם,true,1,39,3.90,false,1,
7290115202168,false,בורקס פילו פיצה בונז`ור,קבוצת אסם סחר שות. מוגבלת,,,"ק""ג",10,100 גרם,true,1,39,3.90,false,1,
7290115202373,false,אזני פיל בונז`ור,קבוצת אסם סחר שות. מוגבלת,,,"ק""ג",1,,true,1,26,26,false,1,
7290115202434,false,צבר סלט חומוס עם זעתר 375 גרם,קבוצת אוסם סחר שותפות מוגבלת,,,יח`,3.75,100 גרם,false,1,12,3.20,false,1,
7290115202816,false,מנה חמה פאוץ נודלס אטריות טעם עוף 70 גרם,קבוצת אוסם סחר שותפות מוגבלת,,,יח`,0.70,100 גרם,false,1,3.90,5.57,false,1,
7290115202847,false,מנה חמה פאוצ' נדלס ספייסי אסם 70 ג',קבוצת אוסם סחר שותפות מוגבלת,,,יח`,0.70,100 גרם,false,1,3.90,5.57,false,1,
7290115203172,false,במבה PRO מכיל 18 גרם חלבון בשקית,קבוצת אוסם סחר שותפות מוגבלת,,,יח`,0.80,100 גרם,false,1,4.30,5.38,true,1,
7290115203486,false,פירורית בטעם ביסלי גריל אסם 200 גרם,קבוצת אוסם סחר שותפות מוגבלת,,,יח`,2,100 גרם,false,1,6.90,3.45,false,1,
7290115203806,false,"רוטב בסיס לבישול אסם 290 מ""ל",קבוצת אוסם סחר שותפות מוגבלת,,,יח`,2.90,"100 מ""ל",false,1,17.90,6.17,true,1,
7290115204056,false,"קטשופ מופחת סוכר אסם 690 גרם כשל""פ",קבוצת אוסם סחר שותפות מוגבלת,,,יח`,6.90,100 גרם,false,1,11.90,1.72,false,1,
7290115204186,false,פסטו המעדינה של צבר,קבוצת אוסם סחר שותפות מוגבלת,,,יח`,1.90,100 גרם,false,1,16.90,8.89,true,1,
7290115205176,false,729001032825פיטנס חטיפי קרקר כפרי 140גר.,קבוצת אוסם סחר שותפות מוגבלת,,,יח`,1.40,100 גרם,false,1,11.90,8.50,true,1,
7290115205251,false,פיטנס בר פירכיות קרמל מלוח 84 גרם,קבוצת אוסם סחר שותפות מוגבלת,,,יח`,0.84,100 גרם,false,1,14.90,17.74,true,1,
7290115205312,false,קרקר פיטנס דק עם זיתי קלמטה ועשבי תיבול,קבוצת אוסם סחר שותפות מוגבלת,,,יח`,1.40,100 גרם,false,1,11.90,8.50,true,1,
7290115205527,false,חטיף מולטיגריין עם עדשים ( 25 גר`) פיטנס,קבוצת אוסם סחר שותפות מוגבלת,,,יח`,0.25,100 גרם,false,1,5,20,true,1,
7290115205541,false,חטיף מולטיגריין עם חומוס ( 25 גר`) פיטנס,קבוצת אוסם סחר שותפות מוגבלת,,,יח`,0.25,100 גרם,false,1,5,20,true,1,
7290115205718,false,אסם בונזור בצק מצונן עלים 230 גרם,קבוצת אוסם סחר-שות.מוגבלת,,,יח`,2.30,100 גרם,false,1,14.90,6.48,false,1,
7290115205978,false,פתיבר ואצבעות שוקולד 180 גרם - רבנות,קבוצת אוסם סחר שותפות מוגבלת,,,יח`,1.80,100 גרם,false,1,11.90,6.61,true,1,
7290115207620,false,"אסם רוטב בסגנון סויה קלאסי 290 מ""ל",קבוצת אוסם סחר שותפות מוגבלת,,,יח`,2.90,"100 מ""ל",false,1,17.90,6.17,true,1,
7290115207682,false,אסם רוטב בסגנון סויה סיני 9*290מל חדש,קבוצת אוסם סחר שותפות מוגבלת,,,יח`,2.90,"100 מ""ל",false,1,11.90,4.10,true,1,
7290115207965,false,ויטמינצ'יק תרכיז מנגו אפרסק 1 ליטר,קבוצת אוסם סחר שותפות מוגבלת,,,יח`,10,"100 מ""ל",false,1,19.90,1.99,false,1,
7290115207989,false,ויטמינצ'יק תרכיז לימון 1 ליטר,קבוצת אוסם סחר שותפות מוגבלת,,,יח`,10,"100 מ""ל",false,1,19.90,1.99,false,1,
7290115208009,false,ויטמינצ'יק ענבים סירופ 1 ליטר,קבוצת אוסם סחר שותפות מוגבלת,,,יח`,10,"100 מ""ל",false,1,19.90,1.99,false,1,
7290115208047,false,סירופ פטל ויטמינצ`יק (1 ליטר),קבוצת אוסם סחר שותפות מוגבלת,,,יח`,10,"100 מ""ל",false,1,19.90,1.99,false,1,
7290115208061,false,ויטמינצ'יק תפוח סירופ 1 ליטר,קבוצת אוסם סחר שותפות מוגבלת,,,יח`,10,"100 מ""ל",false,1,19.90,1.99,false,1,
7290115208320,false,אפרופו חטיף בטעם ביסלי בצל 50 גרם,קבוצת אוסם סחר שותפות מוגבלת,,,יח`,0.50,100 גרם,false,1,5,10,true,1,
7290115208344,false,שטוחים בייגלה כפיות שמנת בצל 300גר,קבוצת אוסם סחר שותפות מוגבלת,,,יח`,3,100 גרם,false,1,9.90,3.30,true,1,
7290115208597,false,אסם קרמוגית מיניס קרמל מלוח 200 גרם,קבוצת אוסם סחר שותפות מוגבלת,,,יח`,2,100 גרם,false,1,11.90,5.95,true,1,
7290115208801,false,קרקר לחמית דבש ואגוזים אסם (190 גרם),קבוצת אוסם סחר שותפות מוגבלת,,,יח`,1.90,100 גרם,false,1,10.90,5.74,true,1,
7290115209198,false,במבה אוורירית אסם 80 גרם,קבוצת אוסם סחר שותפות מוגבלת,,,יח`,0.80,100 גרם,false,1,4.30,5.38,true,1,
7290115209235,false,ביסקוויט פתי בר קפה אסם (500 גרם),קבוצת אוסם סחר שותפות מוגבלת,,,יח`,5,100 גרם,false,1,11.90,2.38,false,1,
7290115209358,false,במבה במילוי בראוניז אסם (60 גרם),קבוצת אוסם סחר שותפות מוגבלת,,,יח`,0.60,100 גרם,false,1,4.30,7.17,true,1,
7290115209372,false,במבה במילוי בראוניז 150 גרם אוסם,קבוצת אוסם סחר שותפות מוגבלת,,,יח`,1.50,100 גרם,false,1,9.90,6.60,false,1,
7290115400335,false,עוגיות מלוחות פיקנטי חריפות עדינה 200ג,שיבולים יצור ושיווק מוצרי מאפה,,,יח`,2,100 גרם,false,1,14.90,7.45,false,1,
7290115403299,false,עוגיות פרפריות 450ג דל,שיבולים יצור ושיווק מוצרי מאפה,,,יח`,4.50,100 גרם,false,1,14.90,3.31,false,1,
7290115403312,false,עוגיות מלוחות קריספי עגול 450ג דל,שיבולים יצור ושיווק מוצרי מאפה,,,יח`,4.50,100 גרם,false,1,14.90,3.31,false,1,
7290115403350,false,עוגיות רשת שוקו מסוכרות 450ג דל,שיבולים יצור ושיווק מוצרי מאפה,,,יח`,4.50,100 גרם,false,1,14.90,3.31,false,1,
7290115403381,false,עוגיות פיצפוצים לבן 500ג דלי,שיבולים יצור ושיווק מוצרי מאפה,,,יח`,5,100 גרם,false,1,14.90,2.98,false,1,
7290115403404,false,עוגיות פרפריות שוקו 450ג דל,שיבולים יצור ושיווק מוצרי מאפה,,,יח`,4.50,100 גרם,false,1,14.90,3.31,false,1,
7290115403411,false,עוגיות עינוגים בטעם קרם אגוזים 500 גר`,שיבולים יצור ושיווק מוצרי מאפה,,,יח`,5,100 גרם,false,1,14.90,2.98,false,1,
7290115403435,false,עוגיות מעמול תמר 500 גרם,שיבולים יצור ושיווק מוצרי מאפה,,,יח`,5,100 גרם,false,1,14.90,2.98,false,1,
7290115403442,false,עוגיות ממולאות טעם שוקולד 500ג דל,שיבולים יצור ושיווק מוצרי מאפה,,,יח`,5,100 גרם,false,1,14.90,2.98,false,1,
7290115403459,false,עוגיות נסיכה בטעם תות 500 גר`,שיבולים יצור ושיווק מוצרי מאפה,,,יח`,5,100 גרם,false,1,14.90,2.98,false,1,
7290115403466,false,עוגיות נסיכה מיקס 500ג דל,שיבולים יצור ושיווק מוצרי מאפה,,,יח`,5,100 גרם,false,1,14.90,2.98,false,1,
7290115403473,false,עוגיות עינוגי שוקולד 500ג דל,שיבולים יצור ושיווק מוצרי מאפה,,,יח`,5,100 גרם,false,1,14.90,2.98,false,1,
7290115403480,false,עוגיות בסגנון מרוקאי מיני 500ג דל,שיבולים יצור ושיווק מוצרי מאפה,,,יח`,5,100 גרם,false,1,14.90,2.98,false,1,
7290115403510,false,עוגיות מגולגלות תמרים 500ג דל,שיבולים יצור ושיווק מוצרי מאפה,,,יח`,5,100 גרם,false,1,14.90,2.98,false,1,
7290115403527,false,עוגיות עינוגי תמרים 500ג דל,שיבולים יצור ושיווק מוצרי מאפה,,,יח`,5,100 גרם,false,1,14.90,2.98,false,1,
7290115403565,false,עוגיות קיפל וניל 500 גרם,שיבולים יצור ושיווק מוצרי מאפה,,,יח`,5,100 גרם,false,1,14.90,2.98,false,1,
7290115405651,false,כדורי שוקולד וסוכריות 280 גר,קפולסקי שיווק וקמעונ,,,יח`,3,100 גרם,false,1,29.90,9.97,false,1,
7290115480009,false,"מרכך כביסה מרוכז פרש קונטרול ירוק 900 מ""ל סוד",גורי שיווק בעמ,,,יח`,9,"100 מ""ל",false,1,11.90,1.32,false,1,
7290115670677,false,אנרג`י גרנולה פירות טרופיים 400 גרם,שטראוס גרופ בע`מ,,,יח`,4,100 גרם,false,1,12.90,3.23,false,1,
7290115670691,false,גרנולה שיבולת שועל עם פירות יער,אמקו ספול אס. אר.או,,,יח`,4,100 גרם,false,1,12.90,3.23,false,1,
7290115671155,false,שלישיית סוכריות מאסט FRESH ענבים 45 גרם,"שטראוס גרופ בע""מ",,,יח`,0.45,100 גרם,false,1,8.90,19.78,false,1,
7290115671223,false,מסטיק מאסט פאן אבטיח מנגו צנצנת 58 גרם,שטראוס גרופ בע`מ,,,יח`,1,,false,1,9.90,9.90,true,1,
7290115671421,false,פולי אספרסו עשירים וארומטיים עוצמה 10 עלית 250 גרם,שטראוס קפה בי. וי.,,,יח`,2.50,100 גרם,false,1,19.90,7.96,false,1,
7290115675696,false,דגני בוקר קראנצ'ים שיבולת שועל עם אגוזים ושקדים,שטראוס פריטו ליי בע`מ,,,יח`,3.75,100 גרם,false,1,19.90,5.31,true,1,
7290115675702,false,דגני בוקר קראנצ'ים שיבולת שועל עם פירות מיובשים,שטראוס פריטו ליי בע`מ,,,יח`,3.75,100 גרם,false,1,19.90,5.31,true,1,
7290115675986,false,דנונה יוגורט בר עם אגוזים מקורמלים 173 גרם,שטראוס גרופ בעמ/מצונן,,,יח`,1.73,"100 מ""ל",false,1,4.40,2.54,false,1,
7290115676037,false,דנונה ריפרש יוגורט עם תות ודומדמניות 1.6% שומן,שטראוס גרופ בעמ/מצונן,,,יח`,2.50,100 גרם,false,1,5.50,2.20,false,1,
7290115676051,false,"משקה אקטיביה שיבולת שועל במתיקות מעודנת 250 מ""ל",שטראוס גרופ בעמ/מצונן,,,יח`,2.65,"100 מ""ל",false,1,4.90,1.85,false,1,
7290115676082,false,משקה דנונה פרו 20 יוגורט תות 255 ג' רבנות,שטראוס גרופ בעמ/מצונן,,,יח`,2.25,100 גרם,false,1,6.90,3.07,false,1,
7290115676099,false,משקה דנונה פרו 20 יוגורט וניל 255 ג' רבנות,שטראוס גרופ בעמ/מצונן,,,יח`,2.25,100 גרם,false,1,6.90,3.07,false,1,
7290115677089,false,קונפיטורת יד מרדכי תפוח וקינמון 340 גרם,שטראוס גרופ בע`מ,,,יח`,3.40,100 גרם,false,1,11.90,3.50,false,1,
7290115677140,false,תפוצ'יפס בטעם פפריקה 200 גרם היתר מכירה,"שטראוס פריטו ליי בע""מ",,,יח`,2,100 גרם,false,1,10.90,5.45,true,1,
7290115677362,false,"נודלס טריאקי ""דלישס"" שטראוס",קפוא-זן תעשיות מזון בעמ - תפוג,,,יח`,3.50,100 גרם,false,1,27.90,7.97,true,1,
7290115677423,false,אורז ירוק קארי חריף חריף דלישס 350 גרם,קפוא-זן תעשיות מזון בעמ - תפוג,,,יח`,3.50,100 גרם,false,1,27.90,7.97,true,1,
7290115678376,false,מעדן הגולן שוקולד 125 גרם,שטראוס גרופ בעמ/מצונן,,,יח`,1,,false,1,2.90,2.90,true,1,
7290115678383,false,מעדן הגולן שוקולד מריר בודד 125גר,שטראוס גרופ בעמ/מצונן,,,יח`,1,,false,1,2.90,2.90,true,1,
7290115678598,false,חסה אייסברג חיתוך גס 300 שטראוס טעם הטבע,שטראוס בריאות ירקות טריי,,,יח`,3,100 גרם,false,1,9.10,3.03,false,1,
7290115678635,false,נשנושי גבינה -גבינת שמנת 16%+כעכים שטוחים עם מלח,שטראוס גרופ בעמ/מצונן,,,יח`,0.67,100 גרם,false,1,9.90,14.78,true,1,
7290115678642,false,נשנושי גבינה 16% עם חטיף אפוי עם זיתים 67 ג' שטראוס,שטראוס גרופ בעמ/מצונן,,,יח`,0.67,100 גרם,false,1,9.90,14.78,true,1,
7290115678970,false,מארז סוכריות FRESH בטעם בזוקה עלית 3*15 ג',"הליקון גידה בע""\מ",,,יח`,0.45,100 גרם,false,1,8.90,19.78,false,1,
7290116530185,false,"קורנפלקס דלישקד קרמל מלוח 400 גרם בד""ץ",יוניליוור ישראל שיווק בע`מ,,,יח`,4,100 גרם,false,1,22.90,5.73,true,1,
7290116530314,false,קליק כריות דאבל בלק שוקולד לבן 65גר,יוניליוור ישראל שיווק בעמ,,,יח`,0.65,100 גרם,false,1,6.50,10,true,1,
7290116530321,false,קליק כריות דאבל בלק שוקולד חלב 65גר,יוניליוור ישראל שיווק בעמ,,,יח`,0.65,100 גרם,false,1,6.50,10,true,1,
7290116531045,false,קורנפלקס דליפקאן 350ג ללא גלוטן,"יוניליוור ישראלשיווק בע""מ",,,יח`,3.50,100 גרם,false,1,19.90,5.69,false,1,
7290116531090,false,בייגל בייגל דג דג במליחות עדינה 250 גרם,"יוניליוור ישראל שיווק בע""מ",,,יח`,2.50,100 גרם,false,1,9.90,3.96,true,1,
7290116531496,false,קינמונים דגנים פריכים מצופים קינמון 375,"יוניליוור ישראל שיווק בע""מ",,,יח`,3.75,100 גרם,false,1,21.90,5.84,true,1,
7290116531748,false,קליק שוקו מיקס חום לבן כשר לפסח 65 גרם,יוניליוור ישראל שיווק בעמ,,,יח`,0.65,100 גרם,false,1,6.50,10,true,1,
7290116531762,false,דפים ריחניים למייבש כביסה בדין ורוד 40 יחידות,יוניליוור ישראל שיווק בע`מ,,,יח`,1,,false,1,18.90,18.90,true,1,
7290116531779,false,דפים ריחניים למייבש כביסה בדין כחול 40 יחידות,"יוניליוור ישראל שיווק בע""מ",,,יח`,1,,false,1,18.90,18.90,true,1,
7290116532035,false,קליק קורנפלקס חום לבן כשר לפסח 65 גרם,יוניליוור ישראל שיווק בעמ,,,יח`,0.65,100 גרם,false,1,6.50,10,true,1,
7290116532042,false,קליק כריות נוגט כשר לפסח 65 גרם,יוניליוור ישראל שיווק בעמ,,,יח`,0.65,100 גרם,false,1,6.50,10,true,1,
7290116532738,false,רוטב איטלקי לסלט בזיליקום ואורגנו 305 גרם,יוניליוור ישראל שיווק בע`מ,,,יח`,2.95,"100 מ""ל",false,1,12.90,4.37,false,1,
7290116532882,false,נישנושים איירביס טעם בצל 155 גר`,יוניליוור ישראל שיווק בע`מ,,,יח`,1.55,100 גרם,false,1,12.90,8.32,false,1,
7290116930015,false,GO חטיף חלבון חטיף בוטנים קריספי 20 גרם חלבון,"בלמונט קונפקציות בע""\מ.",,,יח`,1,,false,1,11.90,11.90,true,1,
7290116930022,false,GO חטיף חלבון עוגיות ציפוי קריספי 20 גרם חלבון,"בלמונט קונפקציות בע""\מ.",,,יח`,1,,false,1,11.90,11.90,true,1,
7290116930435,false,יופלה גו במרקם סמיך עם דובדבן 0% 200מל,תנובה מרכז שיתופי לש,,,יח`,2,100 גרם,false,1,5.70,2.85,false,1,
7290116930459,false,"יופלה שייק מנגו בננה אננס וקוקוס 230 מ""ל",קבוצת המזון אקטשלאר,,,יח`,2.30,"100 מ""ל",false,1,7.90,3.43,true,1,
7290116930466,false,"משקה SHAKE בננה מנגן פסיפלורה והל 230 מ""ל יופלה",קבוצת המזון אקטשלאר,,,יח`,2.30,"100 מ""ל",false,1,7.90,3.43,true,1,
7290116930480,false,"משקה SHAKE בננה קיווי תפוח 230 מ""ל יופלה",קבוצת המזון אקטשלאר,,,יח`,2.30,"100 מ""ל",false,1,7.90,3.43,true,1,
7290116930626,false,ארוחה בקטנה ציזיקי עם קרקרים 150ג' תנובה,"תנובה בע""מ ***",,,יח`,1.50,100 גרם,false,1,7.90,5.27,false,1,
7290116930657,false,"משקה חלב גו בטעם בננה תמר בתוספת שיבולת שועל במרקם חלק 340 מ""ל",תנובה מרכז שיתופי לש,,,יח`,3.40,100 גרם,false,1,7.90,2.32,false,1,
7290116930701,false,מעדן חלב GO מועשר בחלבון בטעם קרמל מלוח,תנובה מרכז שיתופי לש,,,יח`,1.20,100 גרם,false,1,4.90,4.08,false,1,
7290116930718,false,מעדן תנובה דיאט בטעם שוקולד וקרמל מלוח 0% 150ג' תנובה,תנובה - חלב,,,יח`,1.50,"100 מ""ל",false,1,4,2.67,false,1,
7290116930725,false,סויה BIO קוקוס גביע 150 גרם אלטרנטיב,תנובה בעמ ***,,,יח`,1.50,100 גרם,false,1,4.50,3,false,1,
7290116930954,false,יוגורט טעם פאי תפוחים 3% 150 ג' יופלה,תנובה בעמ ***,,,יח`,1.50,"100 מ""ל",false,1,4.90,3.27,false,1,
7290116931074,false,פרוסות טל העמק 32% שומן 300 גרם,"תנובה בע""מ ***",,,יח`,3,100 גרם,false,1,25.90,8.63,false,1,
7290116931081,false,מעדן סויה - טופי קרמל 125 גרם אלטרנטיב,תנובה מרכז שיתופי לש,,,יח`,1.25,100 גרם,false,1,4.20,3.36,false,1,
7290116931104,false,יופלה GO במרקם סמיך עם אננס 0% תנובה 200 גרם,תנובה בעמ ***,,,יח`,2,100 גרם,false,1,5.70,2.85,false,1,
7290117260562,false,חמאה כפרית מסורתית בגביע,ג.וילי-פוד אינטרנשיונל **גבינו,,,יח`,2.50,100 גרם,false,1,16.90,6.76,false,1,
7290117260685,false,תן בו וניל ציפויים בטעמים שונים 230 גרם,ג. וילי-פוד אינטרנשיונל בע`מ,,,יח`,2.30,100 גרם,false,1,19.90,8.65,true,1,
7290117260890,false,פופקורן בציפוי בטעם קוקוס 90 גרם,ג. וילי-פוד אינטרנשיונל בע`מ,,,יח`,0.90,100 גרם,false,1,5.90,6.56,true,1,
7290117260920,false,קרקרים ללא גלוטן 125 גרם ויליפוד,ג.וילי פוד אינטרנשיונל בעמ,,,יח`,1.25,100 גרם,false,1,9.90,7.92,true,1,
7290117260937,false,קרקרים עם עגבניות ואורגנו ללא גלוטן 125 ג' ויליפוד,ג.וילי-פוד אינטרנשיונל בעמ,,,יח`,1.25,100 גרם,false,1,9.90,7.92,true,1,
7290117261040,false,זיתים שחורים מרינד 454 ג' ויליפוד,ג. וילי-פוד אינטרנשיונל בע`מ,,,יח`,4.54,100 גרם,false,1,14.90,3.28,false,1,
7290117261057,false,זוג קינוחים בטעם קרם עוגיות 140 גרם,ג.וילי-פוד אינטרנשיונל **גבינו,,,יח`,1.40,100 גרם,false,1,9.90,7.07,false,1,
7290117261088,false,בוראטה גבינת מוצרלה רכה 18% שומן 125 גר`,ג.וילי-פוד אינטרנשיונל **גבינו,,,יח`,1.25,100 גרם,false,1,19.90,15.92,false,1,
7290117261118,false,זוג קינוחים בטעם שוקולד בציפוי שוקולד חלב 140 גרם,ג.וילי-פוד אינטרנשיונל **גבינו,,,יח`,1.40,100 גרם,false,1,9.90,7.07,false,1,
7290117261125,false,זוג קינוחים בטעם וניל בציפוי שוקולד לבן 140 גרם,ג.וילי-פוד אינטרנשיונל **גבינו,,,יח`,1.40,100 גרם,false,1,9.90,7.07,false,1,
7290117261132,false,זוג קינוחים בטעם קרמל מלוח 140 גרם,ג.וילי-פוד אינטרנשיונל **גבינו,,,יח`,1.40,100 גרם,false,1,9.90,7.07,false,1,
7290117261354,false,גבינת ריקוטה 200 גרם 5%שומן מחלבת אירופה,ג.וילי-פוד אינטרנשיונל **גבינו,,,יח`,2,100 גרם,false,1,9.90,4.95,true,1,
7290117261378,false,גבינת קשקבל לייט EURO CHEESE ויליפוד 250 גרם,ג.וילי-פוד אינטרנשיונל **גבינו,,,יח`,2.50,100 גרם,false,1,14.90,5.96,true,1,
7290117261385,false,גבינת פטה לייט 500 גרם 8% שומן מחלבת איר,ג.וילי-פוד אינטרנשיונל **גבינו,,,יח`,5,100 גרם,false,1,26.90,5.38,true,1,
7290117261415,false,euro cheese יוגורט פרוביוטי 2.7% שומן 125 גרם,ג.וילי-פוד אינטרנשיונל **גבינו,,,יח`,1.25,"100 מ""ל",false,1,2.90,2.32,false,1,
7290117261422,false,euro cheese יוגורט פרוביוטי תות שדה 2% שומן 125 גרם,ג.וילי-פוד אינטרנשיונל **גבינו,,,יח`,1.25,"100 מ""ל",false,1,2.90,2.32,false,1,
7290117261446,false,euro cheese יוגורט פרוביוטי אפרסק 2% שומן 125 גרם,ג.וילי-פוד אינטרנשיונל **גבינו,,,יח`,1.25,"100 מ""ל",false,1,2.90,2.32,false,1,
7290117261538,false,סלמון אטלנטי בשמן קנולה וצילי 120 גרם ויליפוד,ג. וילי-פוד אינטרנשיונל בע`מ,,,יח`,1.20,100 גרם,false,1,11.90,9.92,true,1,
7290117261545,false,סלמון אטלנטי ברוטב טריאקי 120 גרם ויליפוד,ג.וילי-פוד אינטרנשיונל בעמ,,,יח`,1.20,100 גרם,false,1,11.90,9.92,true,1,
7290117261552,false,סלמון אטלנטי ברוטב עגבניות 120 גרם ויליפוד,ג.וילי פוד אינטרנשיונל בעמ,,,יח`,1.20,100 גרם,false,1,11.90,9.92,true,1,
7290117261590,false,סרדינים בריסלינג מעושנים בשמן זית 185 גרם צנצנת,ג.וילי-פוד אינטרנשיונל בעמ,,,יח`,1.85,100 גרם,false,1,13.90,7.51,false,1,
7290117261705,false,חמאת עיזים 200 גרם ויליפוד,ג.וילי-פוד אינטרנשיונל **גבינו,,,יח`,2,100 גרם,false,1,12.90,6.45,false,1,
7290117262153,false,מיני מאפה פילו במילוי גבינת חלומי 450 גרם,ג.וילי-פוד אינטרנשיונל **גבינו,,,יח`,4.50,100 גרם,false,1,24.90,5.53,false,1,
7290117262221,false,"משקה יוגורט פרוביוטי עם אננס 200מ""ל 2.3%שומן יורו",ג.וילי-פוד אינטרנשיונל **גבינו,,,יח`,2,"100 מ""ל",false,1,4.90,2.45,true,1,
7290117262245,false,"משקה יוגורט פרוביוטי עם אפרסק ומשמש 200מ""ל 2.3%שומן יורו",ג.וילי-פוד אינטרנשיונל **גבינו,,,יח`,2,"100 מ""ל",false,1,4.90,2.45,true,1,
7290117262573,false,מאפה דונאטס בציפוי טעם תות ושוקולד לבן 5,ג.וילי-פוד אינטרנשיונל **גבינו,,,יח`,1,,false,1,4.90,4.90,false,1,
7290117262603,false,מאפה דונאטס בעיטור קקאו ובראוניס 58 גר`,ג.וילי-פוד אינטרנשיונל **גבינו,,,יח`,1,,false,1,4.90,4.90,false,1,
7290117263020,false,"משקה יוגורט פרוביוטי פירות יער 2.3% 200 מ""ל",ג.וילי-פוד אינטרנשיונל **גבינו,,,יח`,2,"100 מ""ל",false,1,4.90,2.45,true,1,
7290117263051,false,מאפה דונאטס במילוי קרם טעם קרמל 75גר,ג.וילי-פוד אינטרנשיונל **גבינו,,,יח`,1,,false,1,5.90,5.90,false,1,
7290117380208,false,חטיף פוף קראנץ בטעם חמוץ חריף 60 גרם,ש. שסטוביץ בע`מ,,,יח`,0.60,100 גרם,false,1,3.90,6.50,true,1,
7290117380215,false,חטיף פוף קראנץ בטעם טאקו 60 גרם,ש. שסטוביץ בע`מ,,,יח`,0.60,100 גרם,false,1,3.90,6.50,true,1,
7290117381236,false,פוף פריכיות מצופות שוקולד מריר 70 גרם,ש. שסטוביץ בע`מ,,,יח`,0.70,100 גרם,false,1,7.90,11.29,true,1,
7290117382264,false,"משחת שיניים טוטאל עם פחם 2 *75 מ""ל קולגייט",ש.שסטוביץ בעמ,,,יח`,1.50,"100 מ""ל",false,1,29.90,19.93,false,1,
7290117382325,false,חטיף חלבון מצופה שוקולד חלב פרו 33 סלים דליס 60 ג,"י. מרבה ישראל בע""\מ",,,יח`,0.60,100 גרם,false,1,11.90,19.83,true,1,
7290117382332,false,סלים דליס פרו 33 חטיף חלבון שוקולד בטעם עוגיות 60 גרם,"י. מרבה ישראל בע""\מ",,,יח`,0.60,100 גרם,false,1,11.90,19.83,true,1,
7290117383711,false,"מארז זוג תחליב רחצה חלב ודבש *750 מ""ל פלמוליב",קולגייט פלמוליב,,,יח`,15,"100 מ""ל",false,1,29.90,1.99,false,1,
7290117383728,false,"מארז זוג תחליב רחצה לומינוס  אבוקדו 750 מ""ל פלמוליב",קולגייט פלמוליב,,,יח`,15,"100 מ""ל",false,1,29.90,1.99,false,1,
7290117383742,false,"מארז זוג ג'ל רחצה לגבר 750 מ""ל פלמוליב",קולגייט פלמוליב,,,יח`,15,"100 מ""ל",false,1,29.90,1.99,false,1,
7290117860038,false,"הוואי - תחליב רחצה יוגורט בניחוח אוכמניות 700 מ""ל","טרופיקל דגיל בע""\מ",,,יח`,7,"100 מ""ל",false,1,14.90,2.13,true,1,
7290117860045,false,שמפו תמציות אלוורה ותה ירוק לשיער רגיל,"טרופיקל גליל בע""מ",,,יח`,7,"100 מ""ל",false,1,14.90,2.13,true,1,
7290117860083,false,"הוואי קרם רחצה יוגורט בניחוח אירוס זהוב ודבש 700 מ""ל","טרופיקל דגיל בע""\מ",,,יח`,7,"100 מ""ל",false,1,14.90,2.13,true,1,
7290117860090,false,מרכך תמציות אלוורה ותה ירוק לשיער רגיל,"טרופיקל דגיל בע""\מ",,,יח`,7,"100 מ""ל",false,1,14.90,2.13,true,1,
7290117860137,false,"הוואי קרם רחצה יוגורט בניחוח פרח הקמליה 700 מ""ל","טרופיקל גליל בע""מ",,,יח`,7,"100 מ""ל",false,1,14.90,2.13,true,1,
7290117860144,false,הוואי שמפו פירות אקזוטיים וקלנדולה 700,"טרופיקל גליל בע""מ",,,יח`,7,"100 מ""ל",false,1,14.90,2.13,true,1,
7290117860182,false,"הוואי - תחליב רחצה בניחוח מגנוליה ושמן שקדים 700 מ""ל","טרופיקל דגיל בע""\מ",,,יח`,7,"100 מ""ל",false,1,14.90,2.13,true,1,
7290117860199,false,שמפו שמן ורד הבר ושמן מקדמיה לשיער יבש,"טרופיקל דגיל בע""\מ",,,יח`,7,"100 מ""ל",false,1,14.90,2.13,true,1,
7290117860243,false,"הוואי - מרכך מעניק לחות לשיער יבש 700 מ""ל","טרופיקל גליל בע""מ",,,יח`,7,"100 מ""ל",false,1,14.90,2.13,true,1,
7290117860298,false,שמפו קומפלקס קרטין לשיער עדין או חלש,"טרופיקל גליל בע""מ",,,יח`,7,"100 מ""ל",false,1,14.90,2.13,true,1,
7290117860342,false,מרכך קומפלקס קרטין לשיער עדין או חלש,"טרופיקל גליל בע""מ",,,יח`,7,"100 מ""ל",false,1,14.90,2.13,true,1,
7290117860380,false,"תחליב רחצה יוגורט בניחוח אלוורה 700 מ""ל הוואי","טרופיקל דגיל בע""\מ",,,יח`,7,"100 מ""ל",false,1,14.90,2.13,true,1,
7290117860496,false,"הוואי שמפו + מרכך 2 ב-1 לגבר 700 מ""ל-חדש","טרופיקל גליל בע""מ",,,יח`,7,"100 מ""ל",false,1,14.90,2.13,true,1,
7290117860540,false,הוואי שמפו לילדים רוזמרין מנגו ומשמש 700,"טרופיקל דגיל בע""\מ",,,יח`,7,"100 מ""ל",false,1,14.90,2.13,true,1,
7290117860649,false,הוואי שמפו קרטין קיק ללא סולפטים 700 מל,"טרופיקל גליל בע""מ",,,יח`,7,"100 מ""ל",false,1,14.90,2.13,true,1,
7290117860694,false,הוואי מרכך קרטין קיק ללא סולפטים 700 מל,"טרופיקל גליל בע""מ",,,יח`,7,"100 מ""ל",false,1,14.90,2.13,true,1,
7290117860748,false,הוואי שמפו תמצית יסמין מעניק נפח 700 מל,"טרופיקל גליל בע""מ",,,יח`,7,"100 מ""ל",false,1,14.90,2.13,true,1,
7290117860793,false,הוואי מרכך תמצית יסמין מעניק נפח 700 מל,"טרופיקל דגיל בע""\מ",,,יח`,7,"100 מ""ל",false,1,14.90,2.13,true,1,
7290117860847,false,"הוואי רעננות מושלמת לגבר לשיער, גוף, פנים וזקן","טרופיקל גליל בע""מ",,,יח`,7,"100 מ""ל",false,1,14.90,2.13,true,1,
7290117860991,false,"תחליב רחצה יוגורט בניחוח שקדים 700 מ""ל הוואי","טרופיקל דגיל בע""\מ",,,יח`,7,"100 מ""ל",false,1,14.90,2.13,true,1,
7290117900963,false,בוטנים קלויים 270גר ששון הקולה,דין שיווק וקליה 2021 בעמ,,,יח`,2.70,100 גרם,false,1,10,3.70,false,1,
7290117900970,false,שקדים קלויים ששון הקולה 180 גם,דין שיווק וקליה 2021 בעמ,,,יח`,1.80,100 גרם,false,1,15,8.33,false,1,
7290117901038,false,אגוזי מלך קלופים ששון הקולה 190 גרם,דין שיווק וקליה 2021 בעמ,,,יח`,1.90,100 גרם,false,1,15,7.89,false,1,
7290117901045,false,בוטן רביולי ששון הקולה 200 גרם,דין שיווק וקליה 2021 בעמ,,,יח`,2,100 גרם,false,1,15,7.50,false,1,
7290117901175,false,שקדים קלופים 250 גרם ששון הקולה,דין שיווק וקליה 2021 בעמ,,,יח`,2.50,100 גרם,false,1,20,8,false,1,
7290117901182,false,בוטן קליפה קלוי 350 גרם ששון הקלה,דין שיווק וקליה 2021 בעמ,,,יח`,3.50,100 גרם,false,1,10,2.86,false,1,
7290118420378,false,פתיבר פינוקים בטעם תותים בשמנת - חלבי,קבוצת אוסם סחר שותפות מוגבלת,,,יח`,2.20,100 גרם,false,1,11.90,5.41,true,1,
7290118420415,false,קטשופ אסם קלאסי (750 גרם)היתר מכירה,קבוצת אסם סחר שות. מוגבלת,,,יח`,7.50,100 גרם,false,1,10.90,1.45,false,1,
7290118420477,false,אסם בייגלה שטוחים בטעם ביסלי בצל 300 גרם,קבוצת אוסם סחר שותפות מוגבלת,,,יח`,3,100 גרם,false,1,9.90,3.30,false,1,
7290118420514,false,אינסטנט פודינג בטעם נוגט אסם 75 גרם,קבוצת אוסם סחר שותפות מוגבלת,,,יח`,1,,false,1,5.90,5.90,false,1,
7290900010367,false,טורטייה שמינייה משקל נקי 360 ג' Avel,אבאל יזמות בעמ,,,יח`,3.60,100 גרם,false,1,8.90,2.47,true,1,
7297488098152,false,קמח חומוס ללא גלוטן דגש 500 גרם,אף.סי תבליני בגליל ב,,,יח`,5,100 גרם,false,1,14.80,2.96,false,1,
7297488098183,false,קמח אורז ללא גלוטן דוכן גן שמואל 500 גרם,תבליני העליון 2007 ב,,,יח`,5,100 גרם,false,1,9.90,1.98,false,1,
7394376615825,false,אוטלי משקה שיבולת שועל מועשר בסידן וויטמינים 1 ליטר,ש. שסטוביץ בע`מ,,,יח`,1,1 ליטר,false,1,13.90,13.90,false,1,
7394376616778,false,אוטלי משקה שיבולת שועל להקצפה בריסטה 1 ליטר,ש. שסטוביץ בע`מ,,,יח`,1,1 ליטר,false,1,15.90,15.90,false,1,
7501013122039,false,ג'ומקס מיץ מנגו קרטונית ליטר תריסר,חומקס קומר קומרסאליזדורה,,,יח`,1000,1 ליטר,false,1,9.60,0.01,true,1,
7501013122053,false,נקטר אפרסק ג'ומקס בקרטונית 1 ליטר,חומקס קומר קומרסאליזדורה,,,יח`,1,1 ליטר,false,1,9.60,9.60,true,1,
7501013122114,false,ג'ומקס מיץ אננס קרטונית ליטר תריסר,חומקס קומר קומרסאליזדורה,,,יח`,1,1 ליטר,false,1,9.60,9.60,true,1,
7501013122992,false,ג'ומקס מיץ קוקוס אננס קרטונית ליטר תריסר,חומקס קומר קומרסאליזדורה,,,יח`,1,1 ליטר,false,1,9.60,9.60,true,1,
7501013138184,false,משקה חמוציות יוניקו פרסקו ג'ומקס קרטונית 1 ליטר,חומקס קומר קומרסאליזדורה,,,יח`,1,1 ליטר,false,1,11.60,11.60,false,1,
7501064191398,false,שישיית בירה קורונה אקסטרא *355 מל,קריניציה ויטמינה אס,,,יח`,2.13,1 ליטר,false,1,34.90,15.54,true,1,
7509546061672,false,דאודורנט סטיק אקסטרים אינטנס,ספיד סטיק Speed Stick,,,יח`,0.50,100 גרם,false,1,16.90,33.80,false,1,
7509546666846,false,"משחת שיניים פחם טוטאל 75 מ""ל קולגייט",קולגייט פלמוליב,,,יח`,1,,false,1,19.90,19.90,false,1,
7509546678702,false,קולגייט משחת שיניים טוטל אנטי טרטר 100 מ,קולגייט-פלמוליב,,,יח`,1,"100 מ""ל",false,1,16.90,16.90,true,1,
7610100034084,false,מיונז טומי בשפורפרת 265 גרם,ליימן שליסל בע`מ,,,יח`,2.65,100 גרם,false,1,12.90,4.87,true,1,
7610113011652,false,בריזר - משקה כוהלי מוגז בטעם תפוח,בקרדי בריזר Bacardi Breezer,,,יח`,2.75,"100 מ""ל",false,1,14,4.98,true,1,
7610243004463,false,"דורגול - מרסס להסרת אבנית במקלחון 600 מ""ל","יעקב יעקבי ובניו בע""מ",,,יח`,6,"100 מ""ל",false,1,19.90,3.32,false,1,
7610400068369,false,לינדט לינדור טבלאה קוביות במילוי קרם ושב,משה סידס ובנו בעמ,,,יח`,1,100 גרם,false,1,15.90,15.90,true,1,
7610400068529,false,לינדט לינדור בונבוניירה כדורי שוקולד מטעמים 200 גרם,לינדט ושפרונגלי קילשברג,,,יח`,2,100 גרם,false,1,31.90,15.95,true,1,
7610400074155,false,לינדט לינדור קוביות במילוי קרם שוקולד 60% מוצקי קקאו 100 גרם,לינדט ושפרונגלי קילשברג,,,יח`,1,100 גרם,false,1,15.90,15.90,true,1,
7610400075770,false,לינדט לה גרנד שוקולד מריר אגוז 150 גרם,לינדט ושפרונגלי קילשברג,,,יח`,1.50,100 גרם,false,1,23.90,15.93,true,1,
7610400075787,false,לינדט לה גרנד שוקולד חלב אגוז 150 גרם,לינדט ושפרונגלי קילשברג,,,יח`,1.50,100 גרם,false,1,23.90,15.93,true,1,
7610400091060,false,שוקולד מריר לינדט אקסלנס בתוספת תפוז ושקדים,לינדט ושפרונגלי קילש,,,יח`,1,100 גרם,false,1,15.90,15.90,true,1,
7613030979647,false,דגני בוקר טריקס פירות עולם היורה 480 ג',קבוצת אוסם סחר שותפות מוגבלת,,,יח`,4.80,100 גרם,false,1,19.90,4.15,true,1,
7613032045753,false,פיטנס דגנים מחיטה מלאה שוקולד 375גרם,קבוצת אוסם סחר שותפות מוגבלת,,,יח`,3.75,100 גרם,false,1,19.90,5.31,true,1,
7613033548192,false,פיטנס - דגני בוקר שוקולד מריר 375 גרם,קבוצת אוסם סחר שותפות מוגבלת,,,יח`,3.75,100 גרם,false,1,19.90,5.31,true,1,
7613035807778,false,פרפקטו רוטב עגבניות לבולונז אסם 400 גרם,קבוצת אוסם סחר שותפות מוגבלת,,,יח`,4,100 גרם,false,1,9.90,2.48,true,1,
7613035809109,false,פרפקטו רוטב עגבניות ובזיליקום אסם 400 גרם,קבוצת אוסם סחר שותפות מוגבלת,,,יח`,4,100 גרם,false,1,9.90,2.48,true,1,
7613035809123,false,פרפקטו רוטב עגבניות עם פלפלים אסם 400 גרם,קבוצת אוסם סחר שותפות מוגבלת,,,יח`,4,100 גרם,false,1,9.90,2.48,true,1,
7613035809857,false,פרפקטו רוטב עגבניות לפסטה ולבישול אסם 400 גרם,קבוצת אוסם סחר שותפות מוגבלת,,,יח`,4,100 גרם,false,1,9.90,2.48,true,1,
7613036520492,false,פרפקטו רוטב עגבניות לפיצה אסם 400 גרם,קבוצת אוסם סחר-שות.מוגבלת,,,יח`,4,100 גרם,false,1,9.90,2.48,true,1,
7613036737623,false,דגני בוקר קראנץ מיקס 410גר,קבוצת אוסם סחר שותפות מוגבלת,,,יח`,4.10,100 גרם,false,1,19.90,4.85,true,1,
7613036976657,false,מזון לחתולים פריסקיז פאוצ' הודו,קבוצת אוסם סחר-שות.מוגבלת,,,יח`,0.85,100 גרם,false,1,5.90,6.94,false,1,
7613037686906,false,פיטנס - דגני בוקר שקדים ודבש 355 גרם,קבוצת אוסם סחר שותפות מוגבלת,,,יח`,3.55,100 גרם,false,1,19.90,5.61,true,1,
7613037687132,false,דגני בוקר פיטנס שקדים ודבש 585 גרם,קבוצת אוסם סחר שותפות מוגבלת,,,יח`,5.85,100 גרם,false,1,24.90,4.26,true,1,
7613038268262,false,דגני בוקר צ'יריוס דבש ושקדים במתיקות מעודנת,קבוצת אוסם סחר שותפות מוגבלת,,,יח`,4.10,100 גרם,false,1,20.90,5.10,true,1,
7613039879382,false,מחית תפוח עץ 190 גר` גרבר כשר לפסח,קבוצת אוסם סחר שותפות מוגבלת,,,יח`,1.90,100 גרם,false,1,6.90,3.63,true,1,
7613039880807,false,גרבר מחית תפוח וגזר 190 גרם,קבוצת אוסם סחר שותפות מוגבלת,,,יח`,1.90,100 גרם,false,1,6.90,3.63,true,1,
7613039881965,false,גרבר מחית גזר תפוח ומנגו 190 גרם,קבוצת אוסם סחר שותפות מוגבלת,,,יח`,1.90,100 גרם,false,1,6.90,3.63,false,1,
7613287186928,false,קפסולות קפה סומטרה (10 יח) סטארבקס (56 ג,קבוצת אוסם סחר שותפות מוגבלת,,,יח`,0.56,100 גרם,false,1,21.90,39.11,true,1,
7613287476678,false,דגני בוקר סינימיניס צ'ורוס נסטלה 360 ג',קבוצת אוסם סחר שותפות מוגבלת,,,יח`,3.60,100 גרם,false,1,19.90,5.53,true,1,
7613287821348,false,נתחוני עוף טבעוני סנסשיונל טבעול 350 גרם,קבוצת אוסם סחר שותפות מוגבלת,,,יח`,3.50,100 גרם,false,1,32.90,9.40,true,1,
7613287855640,false,סטארבקס קפסולות קפה גוואטמלה 10 יחידות,קבוצת אוסם סחר שותפות מוגבלת,,,יח`,0.52,100 גרם,false,1,21.90,42.12,true,1,
7622010001858,false,עוגיות אוראו ממולאות קרם וניל 176 גרם.,דיפלומט מפיצים (1968) בעמ**,,,יח`,1.76,100 גרם,false,1,8.90,5.06,true,1,
7622201137052,false,אוראו מיני קוקיס - עוגיות שוקולד צ'יפס ותחתית מצופה שוקולד חלב,דיפלומט מפיצים (1968) בעמ**,,,יח`,1.10,100 גרם,false,1,7.90,7.18,true,1,
7622201401900,false,עוגיות מילקה סנסיישן אוראו 156 גרם,דיפלומט מפיצים (1968) בעמ**,,,יח`,1.56,100 גרם,false,1,12.90,8.27,true,1,
7622201502515,false,עוגיות מילקה קוקי לופ שוקולד צ'יפס,דיפלומט מפיצים (1968) בעמ**,,,יח`,1.32,100 גרם,false,1,12.90,9.77,true,1,
7622201521493,false,גבינת פילדלפיה שום ועשבי תיבול 150 גר` (,מיודלז אספניה פרודוק,,,יח`,1.50,100 גרם,false,1,13.90,9.27,true,1,
7622201798154,false,גבינת שמנת לייט מופחתת שומן 13% שומן,מיודלז אספניה פרודוק,,,יח`,1.50,100 גרם,false,1,13.90,9.27,true,1,
7622201801809,false,מילקה שוקולד חלב עם אגוזים 100 גרם חדש,מנדלז דויצ'\לנד סנקס פרו,,,יח`,1,100 גרם,false,1,6.90,6.90,true,1,
7622201802363,false,מילקה טבלת שוקולד חלב וצימוקים ואגוזים 100ג',דיפלומט מפיצים (1968) בעמ**,,,יח`,1,100 גרם,false,1,6.90,6.90,true,1,
7622201802394,false,שוקולד מילקה חלב מסרונים 100 גרם,מנדלז דויצ'\לנד סנקס פרו,,,יח`,1,100 גרם,false,1,6.90,6.90,true,1,
7622201808631,false,אוראו מיני עוגיות ממולאות קרם וניל 67גרם,דיפלומט מפיצים (1968) בעמ**,,,יח`,0.67,100 גרם,false,1,6.90,10.30,false,1,
7622201813390,false,וופל במילוי קרם קקאו בציפוי שוקולד חלב,דיפלומט מפיצים (1968) בעמ**,,,יח`,1.50,100 גרם,false,1,13.90,9.27,true,1,
7622210137234,false,אוראו עוגיות עם דאבל קרם בטעם וניל 170ג,דיפלומט מפיצים (1968) בעמ**,,,יח`,1.70,100 גרם,false,1,9.90,5.82,true,1,
7622210453327,false,עוגיות שוקוצ'יפס במילוי שוקולד סנסיישן,דיפלומט מפיצים (1968) בעמ**,,,יח`,1.56,100 גרם,false,1,12.90,8.27,true,1,
7622210464729,false,אוראו גולדן עוגיות וניל במילוי קרם וניל,דיפלומט מפיצים (1968) בעמ**,,,יח`,1.54,100 גרם,false,1,7.90,5.13,true,1,
7622210637994,false,מיני עוגיות אוראו קראנצ'י בייטס אורגינל,דיפלומט מפיצים (1968) בעמ**,,,יח`,1.10,100 גרם,false,1,7.90,7.18,true,1,
7622210664150,false,"עוגיות אוראו וניל, 396 גרם",דיפלומט מפיצים (1968) בעמ**,,,יח`,3.96,100 גרם,false,1,15.90,4.02,false,1,
7622210690852,false,מילקה שוקולד טריולד 280 גרם,דיפלומט מפיצים (1968) בעמ**,,,יח`,2.80,100 גרם,false,1,14.90,5.32,true,1,
7622210826053,false,מילקה שוקולד אוראו סנדוויץ 100 גרם,דיפלומט מפיצים (1968) בעמ**,,,יח`,0.92,100 גרם,false,1,6.90,7.50,true,1,
7622210835338,false,אוראו עוגיות ממולאות טעם בראוניז 176 גרם,דיפלומט מפיצים (1968) בעמ**,,,יח`,1.76,100 גרם,false,1,8.90,5.06,true,1,
7622300270506,false,מילקה גריינס - עוגיות שיבולת שועל מצופות שוקולד 168 ג',דיפלומט מפיצים (1968) בעמ**,,,יח`,1.68,100 גרם,false,1,12.90,7.68,true,1,
7622300315283,false,אוראו עוגיות ממולאות קרם וניל 154 גרם,דיפלומט מפיצים (1968) בעמ**,,,יח`,1.54,100 גרם,false,1,7.90,5.13,false,1,
7622300441715,false,עוגיות מילקה ביסקוויט ממולא קרם חלב מצופה למחצה בשוקולד חלב 150 גר',דיפלומט מפיצים (1968) בעמ**,,,יח`,1.50,100 גרם,false,1,12.90,8.60,true,1,
7622300489427,false,עוגיות אוראו בציפוי בטעם שוקולד לבן 246 גרם,דיפלומט מפיצים (1968) בעמ**,,,יח`,2.46,100 גרם,false,1,19.90,8.09,true,1,
7622300489434,false,"עוגיות אוראו פאדג' בציפוי שוקולד חלב, 246 גרם",דיפלומט מפיצים (1968) בעמ**,,,יח`,2.46,100 גרם,false,1,19.90,8.09,true,1,
7622300495046,false,מילקה שוקולד חלב עם אקסטרה קקאו 100 גרם,מנדלז דויצ'\לנד סנקס פרו,,,יח`,1,100 גרם,false,1,6.90,6.90,true,1,
7622300503079,false,עוגיות ביסקוויט מצופה שוקולד חלב מילקה 200 גרם,דיפלומט מפיצים (1968) בעמ**,,,יח`,2,100 גרם,false,1,12.90,6.45,true,1,
7622300617820,false,מילקה שוקולד חלב במילוי קרם חלב ווניל ושבבי עוגיות אוראו 100 גרם,מנדלז דויצ'\לנד סנקס פרו,,,יח`,1,100 גרם,false,1,6.90,6.90,true,1,
7622300761363,false,עוגיות מיני אוראו במילוי קרם בטעם שוקולד בכוס,דיפלומט מפיצים (1968) בעמ**,,,יח`,0.67,100 גרם,false,1,6.90,10.30,true,1,
7622400005190,false,שוקולד חלב נגיעות שוקולד לבן מילקה 100 ג,דיפלומט מפיצים (1968) בעמ**,,,יח`,1,100 גרם,false,1,6.90,6.90,true,1,
7630477891592,false,סטארבקס קפסולות קפה האוס בלנד 10 יחידות,קבוצת אוסם סחר שותפות מוגבלת,,,יח`,0.57,100 גרם,false,1,21.90,38.42,true,1,
7630477891615,false,סטארבקס קפסולות קפה סומטרה 10 יחידות,קבוצת אוסם סחר שותפות מוגבלת,,,יח`,0.55,100 גרם,false,1,21.90,39.82,true,1,
7630477891653,false,סטארבקס קפסולות קפה אספרסו נטול 10 יחידו,קבוצת אוסם סחר שותפות מוגבלת,,,יח`,0.57,100 גרם,false,1,21.90,38.42,true,1,
7630477891677,false,סטארבקס קפסולות קפה פייק פלייס 10 יחידות,קבוצת אוסם סחר שותפות מוגבלת,,,יח`,0.57,100 גרם,false,1,21.90,38.42,true,1,
7630477891691,false,סטארבקס קפסולות קפה קולמביה 10 יחידות,קבוצת אוסם סחר שותפות מוגבלת,,,יח`,0.57,100 גרם,false,1,21.90,38.42,true,1,
7630477891714,false,סטארבקס קפסולות קפה אספרסו 10 יחידות,קבוצת אוסם סחר שותפות מוגבלת,,,יח`,0.57,100 גרם,false,1,21.90,38.42,true,1,
7630477891738,false,סטארבקס קפסולות קפה אספרסו בלונד 10 יחיד,קבוצת אוסם סחר שותפות מוגבלת,,,יח`,0.53,100 גרם,false,1,21.90,41.32,true,1,
7702018263783,false,סכיני גילוח מאך 3 ג'ילט 8 יחידות,דיפלומט מפיצים (1968) בעמ,,,יח`,1,,false,1,69.90,69.90,false,1,
7702018321582,false,דאודורנט סטיק מתקדם ג`ילט (45 מל),דיפלומט מפיצים (1968) בעמ,,,יח`,0.50,100 גרם,false,1,17.90,35.80,false,1,
7702024074625,false,חטיפי קרקר פיטנס Fitness עם חיטה מלאה,קבוצת אוסם סחר שותפות מוגבלת,,,יח`,2.34,100 גרם,false,1,11.90,5.09,false,1,
7702024258322,false,"חטיפי קרקר עם חיטה מלאה, צ'יה וזרעי פשתן פיטנס",קבוצת אוסם סחר שותפות מוגבלת,,,יח`,2.34,100 גרם,false,1,11.90,5.09,false,1,
7702174066631,false,לקקן יוגטה פין פופ במילוי מסטיק 170 גר,קומסטיבלס לה רוזה אס.איי,,,יח`,1.80,100 גרם,false,1,7.90,4.39,true,1,
7702174068826,false,יוגטה מבחר סוכריות לקקן קשות ממולאות טופי בטעמי יוגורט ופירות 204 גרם,הדקלאים אגודת שיתופי,,,יח`,2.16,100 גרם,false,1,10.90,5.05,true,1,
7702174068833,false,יוגטה סוכריות קשות על מקל ממולאות טופי בטעמי גלידת פירות 12 יח' 204 גרם,הדקלאים אגודת שיתופי,,,יח`,2.16,100 גרם,false,1,10.90,5.05,true,1,
7702174070201,false,יוגטה לקקן בטעם מסטיק ממולא טופי בטעם תות 12 יח' 204 גרם,הדקלאים אגודת שיתופי,,,יח`,1,,false,1,10.90,10.90,true,1,
7702174073844,false,לקקן יוגטה פין פופ פירות 48 יח 672 גרם,הדקלאים אגודת שיתופי,,,יח`,1,,false,1,19.90,19.90,false,1,
7792860006218,false,סוכריות לקקן בייבי דול לריטייר (24 גרם),גוד פוד פרודקטס S.p,,,יח`,0.24,100 גרם,false,1,2.90,12.08,true,1,
7798304600011,false,אוכמניות- טרי 125 גר,בראשית - אגודה שיתופית*שיק 45,,,יח`,1.25,100 גרם,false,1,10,8,false,1,
7804414000860,false,קברנה סוביניון דון חוליו (750 מל),צ'ילה לואיס פיליפה אדוארדס,,,יח`,7.50,"100 מ""ל",false,1,29.90,3.95,true,1,
7804414000884,false,שרדונה BIN דון חוליו (750 מל),צ'ילה לואיס פיליפה אדוארדס,,,יח`,7.50,"100 מ""ל",false,1,29.90,3.95,true,1,
7804414001614,false,שיראז חצי יבש דון חוליו (750 מל),צ'ילה לואיס פיליפה אדוארדס,,,יח`,7.50,"100 מ""ל",false,1,29.90,3.95,true,1,
7804414012351,false,יין מלבק 750 מל דון חוליו,הכרם - משקאות חריפים בעמ,,,יח`,7.50,"100 מ""ל",false,1,29.90,3.95,true,1,
7804632390255,false,אוכמניות טרי 125 גר,בראשית - אגודה שיתופית*שיק 45,,,יח`,1.25,100 גרם,false,1,10,8,false,1,
7804651030026,false,אוכמניות טריות יחידה,איגל טרייטדינג שיווק חקלאי בעמ,,,יח`,1.25,100 גרם,false,1,10,8,false,1,
8000113003402,false,"קמח תירס בוואקום 1 ק""ג",גורי מוצרי צריכה (1991) בעמ,,,יח`,1,100 גרם,false,1,16.50,16.50,false,1,
8000215204219,false,משקה אורז ביו אורגני ויטאריז 1 ליטר,בטר אנד דיפרנט,,,יח`,1,1 ליטר,false,1,12.90,12.90,false,1,
8000215204240,false,משקה אורז ושקדים ביו אורגני ויטאריז 1 לי,בטר אנד דיפרנט,,,יח`,1,1 ליטר,false,1,12.90,12.90,false,1,
8000215204714,false,משקה שיבולת שועל אורגני פרימונה 1 ליטר,בטר אנד דיפרנט,,,יח`,1,1 ליטר,false,1,12.90,12.90,false,1,
8000380003723,false,וופלים גרנד פטיסרי במילוי קרם אגוזים 100,קריניציה ויטמינה אס,,,יח`,1,100 גרם,false,1,13.90,13.90,true,1,
8000380004669,false,וופל לואקר סנדוויץ קוביות ושוקולד 200ג',"א. לואקר, קונפקט ג'י",,,יח`,2,100 גרם,false,1,13.90,6.95,true,1,
8000380004676,false,קוביות וופל סנדוויץ Sandwich עם וניל וחלב,"א. לואקר, קונפקט ג'י",,,יח`,2,100 גרם,false,1,13.90,6.95,true,1,
8000380004911,false,קוביות וופל קואדרטיני Quadratini קרם אגוזים,קריניציה ויטמינה אס,,,יח`,2.50,100 גרם,false,1,14.90,5.96,true,1,
8000380004966,false,וופל קוארדטיני לואקר קוביות שוקולד 250ג',קריניציה ויטמינה אס,,,יח`,2.50,100 גרם,false,1,14.90,5.96,true,1,
8000380005598,false,מארז וופל שוקולד טורטינה Tortina שוקולד מריר,א. לואקר אס. פי. אי-אי.,,,יח`,1.25,100 גרם,false,1,17.90,14.32,true,1,
8000380005918,false,וופל קוביות קואדרטיני אגוזים לואקר 125 גרם,ליימן שליסל בע`מ,,,יח`,1.25,100 גרם,false,1,6.90,5.52,false,1,
8000380007219,false,וופל לואקר ממולא קרם אגוזים 175 גרם,ליימן שליסל בע`מ,,,יח`,1.75,100 גרם,false,1,10.90,6.23,true,1,
8000380007257,false,וופל גרדנה במילוי קרם אגוזים מצופה,קריניציה ויטמינה אס,,,יח`,2,100 גרם,false,1,14.40,7.20,true,1,
8000380007264,false,וופל לואקר ממולא קרם קקאו 175 גרם,קריניציה ויטמינה אס,,,יח`,1.75,100 גרם,false,1,10.90,6.23,true,1,
8000380007271,false,וופל במילוי קרם חלב לואקר (175 גרם),ליימן שליסל בע`מ,,,יח`,1.75,100 גרם,false,1,10.90,6.23,true,1,
8000380106028,false,טורטינה לואקר וופל שוקולד ואגוזים שישיה 125ג',קריניציה ויטמינה אס,,,יח`,1.25,100 גרם,false,1,17.90,14.32,true,1,
8000380144044,false,גרדנה וופל מצופה שוקולד חלב לואקר 200 גרם,ליימן שליסל בע`מ,,,יח`,2,100 גרם,false,1,14.40,7.20,true,1,
8000380152704,false,מארז חטיפי אצבעות גרדנה אגוז לואקר 125 גרם,ליימן שליסל בע`מ,,,יח`,1.25,100 גרם,false,1,15.90,12.72,true,1,
8000380153534,false,מארז וופל שוקולד טורטינה Tortina שוקולד לבן,א. לואקר אס. פי. אי-אי.,,,יח`,1.25,100 גרם,false,1,17.90,14.32,true,1,
8000380157440,false,שוקולד חלב במילוי קרם אגוזי לוז לואקר 87 גרם,ליימן שליסל בע`מ,,,יח`,0.85,100 גרם,false,1,7.90,9.29,false,1,
8000380180721,false,לואקר וופל קקאו במילוי קרם חלבי 175 גר,קריניציה ויטמינה אס,,,יח`,1.75,100 גרם,false,1,10.90,6.23,true,1,
8000380180745,false,וופל קוביות קקאו במילוי קרם חלב לואקר 250 גרם,"א. לואקר, קונפקט ג'י",,,יח`,2.50,100 גרם,false,1,14.90,5.96,true,1,
8000380187249,false,עוגיות עם מילוי קרם שקדים ושוקולד חלב,ליימן שליסל בע`מ,,,יח`,1,100 גרם,false,1,14.90,14.90,true,1,
8000380189281,false,מארז מיני מיקס לואקר בשקית 210 גרם,ליימן שליסל בע`מ,,,יח`,2.10,100 גרם,false,1,24.90,11.86,false,1,
8000380192243,false,וופלים מלבנים פריכיים בטעם אגוז 200 גר`,ליימן שליסל בע`מ,,,יח`,2,100 גרם,false,1,12.90,6.45,false,1,
8000380192250,false,וופלים מלבנים פריכיים בטעם שוקולד 200 גר,ליימן שליסל בע`מ,,,יח`,2,100 גרם,false,1,12.90,6.45,false,1,
8000380201396,false,שוקולד חלב ממולא קרם קרמל ועלי וופל פריכ,ליימן שליסל בע`מ,,,יח`,1.26,100 גרם,false,1,17.90,14.21,true,1,
8000380205400,false,וופלים קואדרטיני חמאת בוטנים לואקר 250 גרם,ליימן שליסל בע`מ,,,יח`,2.50,100 גרם,false,1,14.90,5.96,true,1,
8000380206896,false,וופל גרדנה במילוי חמאת בוטנים 200 גרם,ליימן שליסל בע`מ,,,יח`,2,100 גרם,false,1,14.40,7.20,true,1,
8000392006163,false,מגב סיליקון+מקל פרמיום כחול,מ.א.ייצור ויבוא מטליות בעמ,,,יח`,1,,false,1,39.90,39.90,false,1,
8000500009673,false,בונבוניירה פררו רושה 300 גרם,פרימיום חברה לדברי מתיקה ולמסח,,,יח`,3,100 גרם,false,1,44.90,14.97,true,1,
8000500023624,false,חטיפי הפי היפו Happy Hippo במילוי קרם חלב וקקאו,פרימיום-חברה לדברי מתיקה ולמסח,,,יח`,0.90,100 גרם,false,1,11.90,13.22,false,1,
8000500023976,false,בונבוניירת רפאלו פררו (150 גרם),פרימיום-חברה לדברי מתיקה ולמסח,,,יח`,1.50,100 גרם,false,1,15.90,10.60,false,1,
8000500026731,false,ביצי שוקולד קינדר מארז 3 יח סופרייז,פרימיום-חברה לדברי מתיקה ולמסח,,,יח`,0.60,100 גרם,false,1,14.90,24.83,false,1,
8000500028124,false,קינדר גוי ביצת הפתעה מארז שלישיה,פרימיום חברה לדברי מתיקה ולמסח,,,יח`,0.60,100 גרם,false,1,14.90,24.83,false,1,
8000500029350,false,מארז וופל מצופה 3יח' *43 גרם קינדר בואנו,פרימיום-חברה לדברי מתיקה ולמסח,,,יח`,1.29,100 גרם,false,1,9.90,7.67,false,1,
8000500032237,false,בונבונרייה פררו רושר 375 גרם,פרימיום חברה לדברי מתיקה ולמסח,,,יח`,3.75,100 גרם,false,1,44.90,11.97,true,1,
8000500037874,false,בונבוניירת פררו רושה 200 גרם,פרימיום חברה לדברי מתיקה ולמסח,,,יח`,2,100 גרם,false,1,24.90,12.45,false,1,
8000500071083,false,אצבעות שוקולד קינדר Kinder שש עשרה יחידות,פרימיום-חברה לדברי מתיקה ולמסח,,,יח`,2,100 גרם,false,1,11.90,5.95,false,1,
8000500121436,false,מארז קינדר בואנו Kinder Bueno לבן שלוש יחידות,פרימיום חברה לדברי מתיקה ולמסח,,,יח`,1.17,100 גרם,false,1,9.90,8.46,false,1,
8000500167656,false,קינדר שוקולד עם דגנים סיריאל 94 ג',פרימיום חברה לדברי מתיקה ולמסח,,,יח`,1,,false,1,7.90,7.90,false,1,
8000500217740,false,קינדר בואנו מיני 86 גרם,פרימיום-חברה לדברי מתיקה ולמסח,,,יח`,1,,false,1,9.90,9.90,false,1,
8000500227848,false,נוטלה - בי רדי אצבעות ביסקוויט במילוי שוקולד 6 יח' * 22 גרם,פרימיום-חברה לדברי מתיקה ולמסח,,,יח`,1.32,100 גרם,false,1,11.90,9.02,true,1,
8000500249352,false,קינדר בואנו מיני מיקס שקית 205 ג',פרימיום-חברה לדברי מתיקה ולמסח,,,יח`,0,100 גרם,false,1,19.90,19.90,false,1,
8000500256213,false,קינדר שוקולד חלב במילוי קרם חלבי,פרימיום-חברה לדברי מתיקה ולמסח,,,יח`,1.20,100 גרם,false,1,9.90,8.25,false,1,
8000500267103,false,קינדר דליס עוגת ספוג קקאו במילוי חלבי*10,פרימיום חברה לדברי מתיקה ולמסח,,,יח`,3.90,100 גרם,false,1,19.90,5.10,true,1,
8000500269169,false,קינדר קארדס Kinder Cards - חמישייה,פרימיום-חברה לדברי מתיקה ולמסח,,,יח`,1.28,100 גרם,false,1,13.90,10.86,false,1,
8000500328750,false,כדור וופל פריך מצופה שוקולד פררו רושר 141 ג',פרימיום חברה לדברי מתיקה ולמסח,,,יח`,1.41,100 גרם,false,1,26.90,19.08,false,1,
8000798000307,false,מברשת מגהץ איכותית (,מ.א.ייצור ויבוא מטליות בעמ,,,יח`,1,יח`,false,1,5.90,5.90,false,1,
8000798000925,false,מטאטא רך שיער איטלקי עבה,מ.א.ייצור ויבוא מטליות בעמ,,,יח`,1,יח`,false,1,21.90,21.90,false,1,
8000798039949,false,יעה שחור איטלקי עם מקל לבן,מ.א.ייצור ויבוא מטליות בעמ,,,יח`,1,יח`,false,1,14.90,14.90,false,1,
8000798085052,false,מטאטא גולד עם מקל שייני,מ.א.ייצור ויבוא מטליות בעמ,,,יח`,1,,false,1,18.90,18.90,false,1,
8001003100164,false,יוגטה סוכריות ג'לי בטעמי פירות 450 גרם,ליימן שליסל בע`מ,,,יח`,4.50,100 גרם,false,1,11.90,2.64,true,1,
8001003100218,false,סוכריות יוגטה ג'לי פירות 800 גר',ליימן שליסל בע`מ,,,יח`,8,100 גרם,false,1,19.90,2.49,true,1,
8001090016003,false,טבליות למדיח קלאסי הכל באחד פיירי,דיפלומט מפיצים (1968) בעמ,,,יח`,1,,false,1,44.90,44.90,false,1,
8001090184375,false,"נוזל כלים פיירי 900 מ""ל ירוק אורגינל",דיפלומט מפיצים (1968) בעמ,,,יח`,9,"100 מ""ל",false,1,11.90,1.32,false,1,
8001090184412,false,"פיירי נוזל לניקוי כלים לימון שקוף, 900 מ""ל",דיפלומט מפיצים (1968) בעמ,,,יח`,9,"100 מ""ל",false,1,11.90,1.32,false,1,
8001090222725,false,"הרבל אסנסס - שמפו שמן מורינגה 400 מ""ל",דיפלומט מפיצים (1968) בעמ,,,יח`,4,"100 מ""ל",false,1,19.90,4.98,true,1,
8001090222756,false,"הרבל אסנס מרכך תות שמן מורינגה 400 מ""ל",דיפלומט מפיצים (1968) בעמ,,,יח`,4,"100 מ""ל",false,1,19.90,4.98,true,1,
8001090222848,false,"הרבל אסנסס - שמפו שיקום שמן ארגן 400 מ""ל",דיפלומט מפיצים (1968) בעמ,,,יח`,4,"100 מ""ל",false,1,19.90,4.98,true,1,
8001090336446,false,חיתולי ביביי דריי מידה 4 ( 34 יח) פמפרס,דיפלומט מפיצים (1986) בע`מ,,,יח`,1,,false,1,30.90,30.90,true,1,
8001090336491,false,פמפרס בייבי דריי חיתולים מידה +4 31 יח,דיפלומט מפיצים (1986) בע`מ,,,יח`,1,,false,1,30.90,30.90,true,1,
8001090364203,false,"משחת שיניים אורל בי G&E להלבנה עדינה 75 מ""ל",דיפלומט מפיצים (1968) בעמ,,,יח`,0.75,100 גרם,false,1,17.90,23.87,true,1,
8001090375230,false,"מרכך מרוכז 200 מ""ל לחות מוגברת ""פנטן""",דיפלומט מפיצים (1968) בעמ,,,יח`,2,"100 מ""ל",false,1,24.90,12.45,false,1,
8001090375285,false,"פנטן מרכך מרוכז 200 מ""ל למגע רך כשמי",דיפלומט מפיצים (1986) בע`מ,,,יח`,2,"100 מ""ל",false,1,24.90,12.45,false,1,
8001090379337,false,פמפרס פרימיום קר חיתולים שלב 3 40 יח VP,דיפלומט מפיצים (1986) בע`מ,,,יח`,1,,false,1,32.90,32.90,true,1,
8001090458353,false,סבון כלים פעולה אנטי-בקטריאלית אקליפטוס,דיפלומט מפיצים (1986) בע`מ,,,יח`,5.15,"100 מ""ל",false,1,10.90,2.12,false,1,
8001090493637,false,"הד אנד שולדרס שמפו אולטרא טוטאל קר 450 מ""ל",דיפלומט מפיצים (1986) בע`מ,,,יח`,4.50,"100 מ""ל",false,1,19.90,4.42,false,1,
8001090493675,false,הד&שולדרס MEN שמפו אולטרא טוטל קר 540 מל,דיפלומט מפיצים (1968) בעמ,,,יח`,5.40,"100 מ""ל",false,1,23.90,4.43,false,1,
8001090721099,false,טבליות ג'ל לכביסה 3 ב-1 בניחוח אביב הרים,דיפלומט מפיצים (1986) בע`מ,,,יח`,1,,false,1,32.90,32.90,false,1,
8001090734044,false,אולוויז מגן תחתון גיגה פק לארג' אקסטרה פרוטקט 64 יח',דיפלומט מפיצים (1986) בע`מ,,,יח`,1,,false,1,19.90,19.90,true,1,
8001090740717,false,מגני תחתון אולוויז נורמל עם ניחוח רענן Fresh Scent,פרוקטר אנד גמבל )ראה קוד,,,יח`,1,,false,1,19.90,19.90,true,1,
8001090748546,false,מרכך כביסה( 1 ליטר)BLUSH LENOR,פארמה דיל (פ.א.ב.) שיווק והפצה,,,יח`,10,"100 מ""ל",false,1,14.90,1.49,false,1,
8001090802385,false,קפסולות גל לכביסה טייד בניחוח לנור 26 יח,דיפלומט מפיצים (1986) בע`מ,,,יח`,1,,false,1,29.90,29.90,true,1,
8001090832450,false,"שמפו פנטן הנוסחה הקלאסית 660 מ""ל",דיפלומט מפיצים (1986) בע`מ,,,יח`,6.60,"100 מ""ל",false,1,19.90,3.02,true,1,
8001090832535,false,"שמפו פנטן שמן מרוקאי משקם 660 מ""ל",דיפלומט מפיצים (1986) בע`מ,,,יח`,6.60,"100 מ""ל",false,1,19.90,3.02,true,1,
8001090832573,false,שמפו שמן לחות מוגברת 660 מל פנטן,דיפלומט מפיצים (1986) בע`מ,,,יח`,6.60,"100 מ""ל",false,1,19.90,3.02,true,1,
8001090832818,false,מרכך פנטן הנוסחה הקלאסית לשיער רגיל ומעורב,דיפלומט מפיצים (1986) בע`מ,,,יח`,6.60,"100 מ""ל",false,1,19.90,3.02,true,1,
8001090832856,false,"פנטן 660 מ""ל קונדישינר מרוקאי משקם",דיפלומט מפיצים (1986) בע`מ,,,יח`,6.60,"100 מ""ל",false,1,19.90,3.02,true,1,
8001090832894,false,מרכך לשיער חלש ופגום לחות מוגברת,דיפלומט מפיצים (1986) בע`מ,,,יח`,6.60,"100 מ""ל",false,1,19.90,3.02,true,1,
8001090832931,false,"פנטן 660 מ""ל קונדישינר למגע רך כמשי",דיפלומט מפיצים (1986) בע`מ,,,יח`,6.60,"100 מ""ל",false,1,19.90,3.02,true,1,
8001090886385,false,לנור כדוריות הבושם בניחוח רענן 140 גרם,דיפלומט מפיצים (1968) בעמ,,,יח`,1.40,100 גרם,false,1,19.90,14.21,false,1,
8001090886460,false,לנור כדוריות הבושם בניחוח אביבי 140 גרם,דיפלומט מפיצים (1968) בעמ,,,יח`,1.40,100 גרם,false,1,19.90,14.21,false,1,
8001090899194,false,תחבושות אולוויז פלטינום נורמל 24 יחידות,דיפלומט מפיצים (1986) בע`מ,,,יח`,1,,false,1,19.90,19.90,true,1,
8001090899224,false,תחבושות אולוויז פלטינום לונג 20 יחידות,דיפלומט מפיצים (1986) בע`מ,,,יח`,1,,false,1,19.90,19.90,true,1,
8001090899255,false,תחבושות אולוויז פלטינום לילה 16 יחידות,דיפלומט מפיצים (1986) בע`מ,,,יח`,1,,false,1,19.90,19.90,true,1,
8001090899286,false,אולוויז תחבושות פלטינום לילה בטוח 14 יח',דיפלומט מפיצים (1986) בע`מ,,,יח`,1,,false,1,19.90,19.90,true,1,
8001090992338,false,פיירי טבליות למדיח פלטינום פלוס 50 יחידו,דיפלומט מפיצים (1968) בעמ,,,יח`,1,,false,1,44.90,44.90,false,1,
8001100059259,false,קוביות וואפל בטעם אגוזי לוז באלוקו 250 ג',אבאל יזמות בעמ,,,יח`,2.50,100 גרם,false,1,12.90,5.16,true,1,
8001100059266,false,קוביות וואפל בטעם חלב וניל באלוקו 250 ג',אבאל יזמות בעמ,,,יח`,2.50,100 גרם,false,1,12.90,5.16,true,1,
8001100067940,false,וופל קוביות בטעם קקאו 125 גר` Balocco,אבאל יזמות בעמ,,,יח`,1.25,100 גרם,false,1,9.90,7.92,true,1,
8001100067957,false,וופל קוביות בטעם אגוזי לוז 125 גר` Baloc,אבאל יזמות בעמ,,,יח`,1.25,100 גרם,false,1,9.90,7.92,true,1,
8001160000888,false,"גטורייד משקה ספורט תפוז 500 מ""ל",אקווה מינרלה סאן בנדטו,,,יח`,5,"100 מ""ל",false,1,9.90,1.92,true,1,
8001160001786,false,"משקה אנרגיה גטורייד ספורט כחול 500מ""ל",אקווה מינרלה סאן בנדטו,,,יח`,5,"100 מ""ל",false,1,9.90,1.92,true,1,
8001160001892,false,"משקה אנרגיה גטורייד ספורט תפוז אדום 500מ""ל",אקווה מינרלה סאן בנדטו,,,יח`,5,"100 מ""ל",false,1,9.90,1.92,true,1,
8001440124150,false,"רוטב עגבניות צ'ילי לפסטה צ'ריו 446 מ""ל CIRIO",דיפלומט היינץ,,,יח`,4.20,"100 מ""ל",false,1,11.90,2.83,false,1,
8001620011935,false,"סן בנדטו- מים מינרלים מוגז - מארז שישיית 500 מ""ל",אקווה מינרלה סאן בנד,,,יח`,3,1 ליטר,false,1,13.70,3.97,true,1,
8001620017456,false,"סן בנדטו ספורט, מים מינרלים טבעיים 500 מ""ל שישייה",אקווה מינרלה סאן בנדטו ב,,,יח`,30,"100 מ""ל",false,1,13.90,0.40,false,1,
8001841006710,false,לנור כדוריות הבושם בניחוח רענן ( 210 גר`,דיפלומט מפיצים (1968) בעמ,,,יח`,2.10,100 גרם,false,1,27.90,13.29,true,1,
8001841096889,false,"נוזל לניקוי כלים לימון קלאסי 900 מ""ל",דיפלומט מפיצים (1968) בעמ,,,יח`,9,"100 מ""ל",false,1,6.90,0.77,false,1,
8001841216584,false,תחבושות אולוויז אולטרה לילה בטוח,דיפלומט מפיצים (1968) בעמ,,,יח`,1,,false,1,35.90,35.90,false,1,
8001841316031,false,"לנור מרכך כביסה מרוכז בייבי 900 מ""ל",דיפלומט מפיצים (1968) בעמ,,,יח`,900,"ק""ג",false,1,14.90,0.02,true,1,
8001841410524,false,"הד שולדרס שמפו קוקוס 600מ""ל",דיפלומט מפיצים (1968) בעמ,,,יח`,6,"100 מ""ל",false,1,23.90,3.98,false,1,
8001841500942,false,"הרבל אסנסס - שמפו ללא סולפטים אלוורה ובמבוק 380 מ""ל",דיפלומט מפיצים (1986) בע`מ,,,יח`,3.80,"100 מ""ל",false,1,19.90,5.24,true,1,
8001841566771,false,לנור כדוריות בושם בניחוח יסמין 210 גרם,דיפלומט מפיצים (1968) בעמ,,,יח`,2.10,100 גרם,false,1,27.90,13.29,true,1,
8001841623061,false,חיתולי פמפרס בייבי דריי שלב 1 21 יחידות,דיפלומט מפיצים (1968) בעמ,,,יח`,1,,false,1,12.90,12.90,false,1,
8001841625188,false,סבון כלים פלטינום לימון X3 פעולות להסרת שומנים,דיפלומט מפיצים (1986) בע`מ,,,יח`,5.15,"100 מ""ל",false,1,10.90,2.12,true,1,
8001841625461,false,סבון כלים פלטינום X3 פעולות להסרת שומנים,דיפלומט מפיצים (1986) בע`מ,,,יח`,5.15,"100 מ""ל",false,1,10.90,2.12,true,1,
8001841625508,false,"נוזל כלים פיירי פלטינום אורגינל 1.015 ליטר בד""צ",דיפלומט מפיצים (1968) בעמ,,,יח`,1.0150,1 ליטר,false,1,17.90,17.64,false,1,
8001841664866,false,שמפו פנטן סופר פוד 400 מל יבוא מקביל,איינשטיין-צור יבוא-יצוא וסחר ב,,,יח`,4,"100 מ""ל",false,1,14.90,3.73,true,1,
8001841665290,false,פנטן שמפו נוסחה קלאסית לשיער רגיל 400 מל,איינשטיין-צור יבוא-יצוא וסחר ב,,,יח`,4,"100 מ""ל",false,1,14.90,3.73,true,1,
8001841669465,false,קפסולות לכביסה אריאל בניחוח לנור 24 יחידות,דיפלומט מפיצים (1986) בע`מ,,,יח`,1,,false,1,32.90,32.90,true,1,
8001841669519,false,קפסולות לכביסה ALL IN ONE אריאל 55 יחידות,דיפלומט מפיצים (1986) בע`מ,,,יח`,1.57,"ק""ג",false,1,59.90,38.15,false,1,
8001841680989,false,מגן תחתון אולוויז מגה פק פרו פרש לארג' 60 יחי,דיפלומט מפיצים (1968) בעמ,,,יח`,1,,false,1,19.90,19.90,true,1,
8001841716312,false,"ג'ל רחצה ושמפו ספורט האד אנד שולדרס 360 מ""ל",דיפלומט מפיצים (1986) בע`מ,,,יח`,3.60,"100 מ""ל",false,1,16.90,4.69,true,1,
8001841716435,false,"ג'ל רחצה ושמפו לעור רגיש האד אנד שולדרס 360 מ""ל",דיפלומט מפיצים (1968) בעמ,,,יח`,3.60,"100 מ""ל",false,1,16.90,4.69,true,1,
8001841716596,false,"ג'ל רחצה ושמפו מרענן האד אנד שולדרס 360 מ""ל",דיפלומט מפיצים (1986) בע`מ,,,יח`,3.60,"100 מ""ל",false,1,16.90,4.69,true,1,
8001841941929,false,אולוויז וליו פק לילה בטוח אקסטרא 16 יחידות,דיפלומט מפיצים (1986) בע`מ,,,יח`,1,,false,1,19.90,19.90,true,1,
8001841943961,false,לנור כדוריות בושם בניחוח אוקיינוס 210 גר,דיפלומט מפיצים (1968) בעמ,,,יח`,2.10,100 גרם,false,1,27.90,13.29,true,1,
8002200145675,false,קפה קימבו ארמוניה קפסולות 12 שרוול,טמפו משקאות בע`מ,,,יח`,0.55,100 גרם,false,1,11.90,21.64,false,1,
8002267014662,false,שלישייה ביצי שוקולד חלב עם צעצוע ברבי,ש.שסטוביץ בעמ,,,יח`,0.60,100 גרם,false,1,11.90,19.83,true,1,
8002270015656,false,מים מינרליים טבעיים מוגזים סן פלגרינו 750 מל זכוכית,סן פלגרינו ס.פ.א לוק,,,יח`,7.50,"100 מ""ל",false,1,9.90,1.28,false,1,
8002270866524,false,סן פלגרינו מים מינרליים טבעיים מוגזים,פארייפאבה אגרואינדוס,,,יח`,10,"100 מ""ל",false,1,9.90,0.96,false,1,
8002450006559,false,שרדונה קאזה דה לואיג`י (750 מל),הכרם - משקאות חריפים בעמ,,,יח`,7.50,"100 מ""ל",false,1,30.90,4.08,true,1,
8002450201008,false,"רספברי ספרקלטיני 750 מ""ל",הכרם - משקאות חריפים בעמ,,,יח`,7.50,"100 מ""ל",false,1,24.90,3.28,true,1,
8002450204009,false,משקה כהלי וורדי רספברי אפרסק,הכרם - משקאות חריפים בעמ,,,יח`,7.50,"100 מ""ל",false,1,24.90,3.28,true,1,
8002450205006,false,"משקה כהלי וורדי תות ספרקלטיני 750מ""ל",הכרם - משקאות חריפים בעמ,,,יח`,7.50,"100 מ""ל",false,1,24.90,3.28,true,1,
8002450206003,false,משקה כהלי ורדי רימונים ספרקלטיני 750מ,הכרם - משקאות חריפים בעמ,,,יח`,7.50,"100 מ""ל",false,1,24.90,3.28,true,1,
8004030026018,false,"מקסיקני עם טונה ריו מרה אינסלטיסימי, 160 ג'","בולטון אלימנטרי בע""\מ",,,יח`,1.60,100 גרם,false,1,17.90,11.19,true,1,
8004030081024,false,נתחי טונה עם שום ופלפל אדום ריו מרה 160 ג',"בולטון אלימנטרי בע""\מ",,,יח`,1.60,100 גרם,false,1,18.90,11.81,true,1,
8004030102033,false,טונה בשמן זית עם מיץ לימון ופלפל שחור - מארז 3 יח',בולטון אלימנטרי,,,יח`,2.40,100 גרם,false,1,27.90,11.63,true,1,
8004030177000,false,טונה בשמן זית וצ'ילי ריו מרה מארז 80X3 גר',ש. שסטוביץ בע`מ,,,יח`,2.40,100 גרם,false,1,27.90,11.63,true,1,
8004030344938,false,"ריו מרה טונה בשמן זית 3X80 גרם מתכון חדש כשל""פ","בולטון אלימנטרי בע""\מ",,,יח`,2.40,100 גרם,false,1,27.90,11.63,true,1,
8004800000064,false,לאגו פלאסיר- גלילי ופל קרם קקאו בציפוי ש.חלב - 100 ג',תה ויסוצקי (ישראל) בעמ,,,יח`,1,100 גרם,false,1,11.90,11.90,true,1,
8004800000071,false,לאגו פלאסיר- גלילי ופל במילוי קרם אגוזי לוז שוקולד חלב - 100 ג',תה ויסוצקי (ישראל) בעמ,,,יח`,1,100 גרם,false,1,11.90,11.90,true,1,
8004800004819,false,לאגו פלאסיר גלילי וופל קרם פסיפלורה 100 גרם,תה ויסוצקי (ישראל) בעמ,,,יח`,1.10,100 גרם,false,1,11.90,10.82,true,1,
8005110002243,false,רכז עגבניות Doppio Concentr בשפופרת 185 ג' MUTTI,רסטרטו יבוא ושיווק בעמ*אין החז,,,יח`,1.85,100 גרם,false,1,7.50,4.05,false,1,
8005200256587,false,נסטי - תה קר בטעם אפרסק 1.5 ליטר,פארייפאבה אגרואינדוס,,,יח`,15,"100 מ""ל",false,1,8.90,0.57,true,1,
8005200316588,false,תה קר נסטי אפרסק דיאט 1.5 ליטר פיקדון,פארייפאבה אגרואינדוס,,,יח`,15,"100 מ""ל",false,1,7.90,0.51,true,1,
8005803010357,false,גריסיני קלאסי - מקלות אפויים עם שמן זית ומלח,ליימן שליסל בע`מ,,,יח`,1.25,100 גרם,false,1,7.90,6.32,true,1,
8005803010371,false,"גריסיני רוזמרין - מקלות אפויים עם שמן זית, מלח ורוזמרין",ליימן שליסל בע`מ,,,יח`,1.25,100 גרם,false,1,7.90,6.32,true,1,
8005803010661,false,"מקלות אפויים עם שמן זית, מלח, ושומשום, 125 גרם, אמור די פאן","הוסטה איטליה, ס.ר.ל.",,,יח`,1.25,100 גרם,false,1,7.90,6.32,true,1,
8006540091906,false,לנור כדוריות הבושם בניחוח אריאל 140 גרם,פטר קרמר עבור פרוקטור אנ,,,יח`,1.40,100 גרם,false,1,19.90,14.21,false,1,
8006540091937,false,לנור כדוריות הבושם בניחוח אריאל 210 גרם,פטר קרמר עבור פרוקטור אנ,,,יח`,2.10,100 גרם,false,1,27.90,13.29,true,1,
8006540157374,false,מרכך מינרלס ביוטין + במבוק לשיער חזק וארוך,דיפלומט מפיצים (1968) בעמ,,,יח`,2.75,"100 מ""ל",false,1,19.90,7.24,false,1,
8006540163986,false,אריאל קפסולות לכביסה 35 יח`,דיפלומט מפיצים (1968) בעמ,,,יח`,1,,false,1,39.90,39.90,false,1,
8006540352960,false,טמפונים טמפקס פרל רגולר 20 יחידות,דיפלומט מפיצים (1986) בע`מ,,,יח`,1,,false,1,29.90,29.90,false,1,
8006540353004,false,טמפקס פרל סופר 18 יחידות חדש,דיפלומט מפיצים (1986) בע`מ,,,יח`,1,,false,1,29.90,29.90,false,1,
8006540358498,false,טמפקס פרל סופר-פלוס 18 יחידות חדש,דיפלומט מפיצים (1968) בעמ,,,יח`,1,,false,1,29.90,29.90,false,1,
8006540383087,false,טבליות למדיח פיירי פלטינום פלוס דיפ קלין 42 יחידות,דיפלומט מפיצים (1968) בעמ,,,יח`,1,,false,1,44.90,44.90,false,1,
8006540425930,false,אריאל קפסולות לכביסה ג'ל 24 יח' לכתמים קשים,דיפלומט מפיצים (1986) בע`מ,,,יח`,1,,false,1,32.90,32.90,true,1,
8006540463550,false,פיירי טבליות למדיח פלטינום 63 יחידות,דיפלומט מפיצים (1968) בעמ,,,יח`,1,,false,1,46.90,46.90,false,1,
8006540491539,false,"נוזל כלים פיירי פלטינום אוריגינל 780 מ""ל",דיפלומט מפיצים (1986) בע`מ,,,יח`,7.80,"100 מ""ל",false,1,11.90,1.53,false,1,
8006540495186,false,לנור מרכך כביסה מרוכז רגיש בייבי 900 מל,דיפלומט מפיצים (1986) בע`מ,,,יח`,9,"100 מ""ל",false,1,14.90,1.66,true,1,
8006540495216,false,"לנור מרכך כביסה מרוכז בניחוח אמאטיסט 900 מ""ל",דיפלומט מפיצים (1968) בעמ,,,יח`,9,"100 מ""ל",false,1,14.90,1.66,true,1,
8007178120310,false,"חומץ בלסמי 500 מ""ל (דיפלומט)",דיפלומט מפיצים (1968) בעמ**,,,יח`,5,"100 מ""ל",false,1,25,5,false,1,
8007520096003,false,מורנדו 4 קג לכלב(ירוק),שחורי אריה ואנסטסיה,,,יח`,1,,false,1,49.90,49.90,false,1,
8008245004861,false,ממרח אגוזי לוז עם חלב מובנפיק 300 גרם,יבואן ומשווק: ש. שסט,,,יח`,3,100 גרם,false,1,14.90,4.97,true,1,
8009470016063,false,"סימבה מזון לחתולים עוף 2 ק""ג",שחורי אריה ואנסטסיה,,,יח`,20,100 גרם,false,1,34.90,1.75,false,1,
8017938005122,false,"נטורפוד חומץ תפוחים אורגני 750 מ""ל",מריה לוצ'יה מלצ'יורי,,,יח`,1,,false,1,18.50,18.50,false,1,
8019428009030,false,מעדן שיבולת שועל אורגני- וניל 4*110 גרם,אימפורט פור יו בעמ,,,יח`,4.40,100 גרם,false,1,14.90,3.39,false,1,
8024985002783,false,מחית פירות סמוצ`י תפוח גזר דלעת ללא תוספ,נטורפוד בעמ,,,יח`,1,100 גרם,false,1,4.90,4.90,true,1,
8024985003988,false,מחית פירות סמוצ`י תפוחים ובננה אורגנית ל,נטורפוד בעמ,,,יח`,1,100 גרם,false,1,4.90,4.90,true,1,
8024985008037,false,מחית פירות סמוצ`י תפוח אורגנית ללא תוספת,"נטורפוד בע""מ",,,יח`,1,100 גרם,false,1,4.90,4.90,true,1,
8024985008044,false,מחית פירות סמוצ`י אגס אורגנית ללתס נטור,"נטורפוד בע""מ",,,יח`,1,100 גרם,false,1,4.90,4.90,true,1,
8024985008051,false,מחית פירות סמוצ`י פירות אדומים אורגנית ל,"נטורפוד בע""מ",,,יח`,1,100 גרם,false,1,4.90,4.90,true,1,
8032793342458,false,עגבניות מרוסקות דק ומסוננות בבקבוק 700 ג,קונסוריזיו קאסאלסקו דל פ,,,יח`,7,100 גרם,false,1,12.90,1.84,true,1,
8032793344292,false,עגבניות מרוסקות דק בקבוק 700 גר` פולפה,קונסוריזיו קאסאלסקו דל פ,,,יח`,7,100 גרם,false,1,12.90,1.84,true,1,
8076800195019,false,ברילה - צ.א ספגטי מס1 קפליני 500 גרם,ברילה גי.אי.אר פרטלי ס.פ,,,יח`,5,100 גרם,false,1,6.90,1.38,false,1,
8076800195033,false,ברילה - צ.א ספגטיני מס3 חדש 500 גרם,ברילה גי.אי.אר פרטלי ס.פ,,,יח`,5,100 גרם,false,1,6.90,1.38,false,1,
8076800195057,false,ברילה - צ.א ספגטי מס5 חדש 500 גרם,ברילה גי.אי.אר פרטלי ס.פ,,,יח`,5,100 גרם,false,1,6.90,1.38,false,1,
8076800195132,false,ברילה - צ.א בבטה מס13 500 גרם,ברילה גי.אי.אר פרטלי ס.פ,,,יח`,5,100 גרם,false,1,6.90,1.38,false,1,
8076802085738,false,ברילה - צ.ק פנה רגטה חדש 500 גרם,ברילה גי.אי.אר פרטלי ס.פ,,,יח`,5,100 גרם,false,1,6.90,1.38,false,1,
8076808060654,false,פסטה פרפלה מספר 65 ברילה 500 גרם,ברילה גי.אי.אר פרטלי ס.פ,,,יח`,5,100 גרם,false,1,6.90,1.38,false,1,
8076808070882,false,קנלוני מספר 88 ברילה (250 גרם),פאסטיפיקו ריגו אס.אר,,,יח`,2.50,100 גרם,false,1,14.90,5.96,false,1,
8076808150072,false,ברילה - צ.א ספגטוני מס7 חדש 500 גרם,ברילה גי.אי.אר פרטלי ס.פ,,,יח`,5,100 גרם,false,1,6.90,1.38,false,1,
8076809513395,false,ברילה פומודורו רוטב עגבניות קלאסי 400 גר,ברילה גי.אי.אר פרטלי ס.פ,,,יח`,4,100 גרם,false,1,14.90,3.73,true,1,
8076809513692,false,רוטב עגבניות נפולטנה בתוספת ירקות,ברילה גי.אי.אר פרטלי ס.פ,,,יח`,4,100 גרם,false,1,14.90,3.73,true,1,
8076809513739,false,ברילה רוטב עגבניות עם בזיליקום 400 גרם,ברילה גי.אי.אר פרטלי ס.פ,,,יח`,4,100 גרם,false,1,14.90,3.73,true,1,
8076809514774,false,ברילה פפרדלה איטריות ביצים 250 גרם,ברילה גי.אי.אר פרטלי ס.פ,,,יח`,2.50,100 גרם,false,1,17.90,7.16,false,1,
8076809523561,false,ברילה - רוטב פסטה בטעם טוסקנה 400 גרם,ברילה גי.אי.אר פרטלי ס.פ,,,יח`,4,100 גרם,false,1,14.90,3.73,true,1,
8076809523714,false,איטריות טליאטלה ברילה 500 גרם,"ש. שסטוביץ בע""\מ",,,יח`,5,100 גרם,false,1,25.90,5.18,false,1,
8076809523738,false,דפי לזניה ברילה 500 גרם,ברילה גי.אי.אר פרטלי ס.פ,,,יח`,5,100 גרם,false,1,23.90,4.78,true,1,
8076809529433,false,פסטה פנה ריגטה חיטה מלאה ברילה (500 גרם),"ש. שסטוביץ בע""\מ",,,יח`,5,100 גרם,false,1,14.90,2.98,false,1,
8076809545464,false,ברילה פסטה ללא גלוטן צורת ספירלי 400 גר,מולינו אנדריאני אס.א,,,יח`,4,100 גרם,false,1,14.90,3.73,false,1,
8121300206946,false,ממתיק סיטיביה טרוביה 80 שקיות אישיות,גורי ע.ע.ע. בע`מ,,,יח`,0.80,100 גרם,false,1,19.90,24.88,true,1,
8121300207004,false,טרוביה - סטיביה ממתיק בצנצנת 270 גרם,קספרס פאקאגעהג,,,יח`,2.70,100 גרם,false,1,34.90,12.93,true,1,
8121300208780,false,טרוביה תחליף סוכר לכל מטרה 360 גרם,גורי ע.ע.ע. בעמ,,,יח`,3.60,100 גרם,false,1,34.90,9.69,true,1,
8121300209466,false,טרוביה תחליף סוכר חום 320 גרם,גורי ע.ע.ע. בעמ,,,יח`,3.20,100 גרם,false,1,34.90,10.91,true,1,
8410076600622,false,חטיפי גרנולה קראנצ'י עם שוקולד מריר נייצ'ר ואלי 210 גרם,ג'נרל מילס סאן אדריאן,,,יח`,2.10,100 גרם,false,1,14.90,7.10,false,1,
8410076600837,false,נייטשר ואלי קראנצ`י שיבולת שועל ודבש משפ,ליימן שליסל בעמ,,,יח`,4.20,100 גרם,false,1,18.90,4.50,false,1,
8410076610379,false,"חטיף בוטנים, חלבון סויה ושוקולד מריר עם ציפוי בטעם שוקולד",נייצ'ר ואלי Nature Valley,,,יח`,2.10,100 גרם,false,1,24.90,11.86,true,1,
8410076610386,false,נייטשר ואלי פרוטאין בוטנים עם ציפוי בטעם קרמל מלוח 160 ג',ג'\נרל מילס סאן אדריאן S,,,יח`,2.10,100 גרם,false,1,24.90,11.86,true,1,
8410076610492,false,חטיף שיבולת שועל מלאה ובוטנים בציפוי עם חמאת בוטנים,יבואן ומשווק: ש. שסט,,,יח`,1.50,100 גרם,false,1,14.90,9.93,false,1,
8410076610508,false,"חטיף שיבולת שועל מלאה עם בוטנים, שקדים ושוקולד מריר בציפוי בטעם שוקולד",נייצ'ר ואלי Nature Valley,,,יח`,1.50,100 גרם,false,1,14.90,9.93,false,1,
8410076620620,false,נייטשר וואלי חטיף חטיף קרים קאפס שיבולת,ליימן שליסל בעמ,,,יח`,1.90,100 גרם,false,1,14.90,7.84,false,1,
8410076621009,false,עוגות אישיות בטעם קרמל עם חתיכות בטעם קרמל מלוח,ליימן שליסל בע`מ,,,יח`,1,,false,1,14.90,14.90,true,1,
8410076621047,false,עוגות אישיות בטעם שוקולד עם חתיכות בטעם שוקולד,ליימן שליסל בע`מ,,,יח`,1,,false,1,14.90,14.90,true,1,
8410104039134,false,"מנקה ומחדש מדיח כלים פיניש 250 מ""ל",רקיט בנקיזר (ניר איסט) בעמ,,,יח`,2.50,"100 מ""ל",false,1,14.90,5.96,true,1,
8410104045111,false,"פיניש מלח למדיח כלים 2ק""ג",רקיט בנקיזר (ניר איסט) בעמ,,,יח`,2,"ק""ג",false,1,14.90,7.45,false,1,
8410104437268,false,מפיג ריח רגיל למדיח פיניש 1 יחידה,רקיט בנקיזר (ניר איסט) בעמ,,,יח`,1,,false,1,14.90,14.90,true,1,
8410655000423,false,בירה רביעייה 5.4% אלכוהול 330 מל סאן מי,סרבסס סאן מיגל אס.אל.יו,,,יח`,1.32,1 ליטר,false,1,24.90,17.95,false,1,
8410655001147,false,סאן מיגל בירה 4.5% פחית 500מל,אבאל יזמות בעמ,,,יח`,5,"100 מ""ל",false,1,8.90,1.72,true,1,
8412168003106,false,"ערק מחייה 13 פסיפלורה 700 מ""ל",דיסטילריאס לה הורטנה,,,יח`,7,"100 מ""ל",false,1,49.90,7.09,false,1,
8420822130600,false,"ספריי סופר מסיר שומנים 750מ""ל יעקבי","יעקב יעקבי ובניו בע""מ",,,יח`,7.50,"100 מ""ל",false,1,15.90,2.12,false,1,
8423207206488,false,סלים דליס חטיף דגנים מצופה שוקולד חלב מרבה 6*20 גרם,אף.סי תבליני בגליל ב,,,יח`,1.20,100 גרם,false,1,10.90,9.08,true,1,
8423207206495,false,סלים דליס חטיף דגנים מצופה שוקולד מריר מרבה 6*20 גרם,אף.סי תבליני בגליל ב,,,יח`,1.20,100 גרם,false,1,10.90,9.08,true,1,
8423207206501,false,סלים דליס חטיף דגנים עם שוקולד חלב מרבה 6*13 גרם,סלים דליס Slim Delis,,,יח`,0.78,100 גרם,false,1,10.90,13.97,true,1,
8423207207362,false,חטיפי סלים דליס שוקולד לבן מרבה 6 יחידות,ביסנצ'ורי אס.אל.יו,,,יח`,1.20,100 גרם,false,1,10.90,9.08,true,1,
8423207208260,false,מרבה סלים דליס 125 ג' ללא גלוטן שוקולד חלב,ביסנצ'ורי אס.אל.יו,,,יח`,1,,false,1,10.90,10.90,true,1,
8423207208680,false,חטיף דגנים שוקולד סלים דליס לילדים מרבה 6 יחידות,ביסנצ'ורי אס.אל.יו,,,יח`,0.78,100 גרם,false,1,10.90,13.97,true,1,
8423207208697,false,חטיפי סלים דליס לילדים שוקולד לבן מרבה 6 יחידות,ביסנצ'ורי אס.אל.יו,,,יח`,0.78,100 גרם,false,1,10.90,13.97,true,1,
8423207208703,false,חטיפי סלים דליס שוקולד מריר מרבה 6 יחידות,ביסנצ'ורי אס.אל.יו,,,יח`,0.78,100 גרם,false,1,10.90,13.97,true,1,
8423207208871,false,פריכיות תירס בטעם טבעי סלים דליס 130 גרם,גורי מוצרי צריכה (1991) בעמ,,,יח`,1.30,100 גרם,false,1,9.90,7.62,true,1,
8423207208895,false,פריכיות תירס בטעם זיתים ועירית סלים דליס 123 ג',גורי מוצרי צריכה (1991) בעמ,,,יח`,1.23,100 גרם,false,1,9.90,8.05,true,1,
8423207209885,false,מרבה חטיפי סלים דליס מהדורה מיוחדת שוקולד חלב,סלים דליס Slim Delis,,,יח`,1.20,100 גרם,false,1,10.90,9.08,true,1,
8423207210287,false,חטיפי סלים דליס שוקולד לבן יוגורט 6 יחידות,סלים דליס Slim Delis,,,יח`,1.20,100 גרם,false,1,10.90,9.08,true,1,
8423207210928,false,חטיף דגנים מצופה שוקולד חלב ואגוזי לוז - 5 במארז,נוטרישן אנד סנטה קוב,,,יח`,0.90,100 גרם,false,1,10.90,12.11,true,1,
8423207210942,false,חטיף דגנים מצופה שוקולד לבן ופירות יער,נוטרישן אנד סנטה קוב,,,יח`,0.90,100 גרם,false,1,10.90,12.11,true,1,
8423207210966,false,חטיף רב דגנים מצופה שוקולד לבן קוקוס ולימון,נוטרישן אנד סנטה קוב,,,יח`,1.20,100 גרם,false,1,10.90,9.08,true,1,
8423207210980,false,סלים דליס טופינג קליפת תפוז 90 גרם,נוטרישן אנד סנטה קוב,,,יח`,0.90,100 גרם,false,1,10.90,12.11,true,1,
8424842050016,false,צ'יפס בטעם כמהין 125 גרם רביו,א. סיימן סחר בעמ,,,יח`,1.25,100 גרם,false,1,12.90,10.32,true,1,
8424842050030,false,צ'יפס בטעם מלח הימלאי 125 גרם רביו,א. סיימן סחר בעמ,,,יח`,1.25,100 גרם,false,1,12.90,10.32,true,1,
8424842050085,false,צ'יפס בטעם חרדל ודבש 125 גרם רביו,א. סיימן סחר בעמ,,,יח`,1.25,100 גרם,false,1,12.90,10.32,true,1,
8424842201340,false,צ'יפס בטעם מסורתי פרימיום 130 גרם רביו,א. סיימן סחר בעמ,,,יח`,1.30,100 גרם,false,1,12.90,9.92,true,1,
8425206000081,false,ריבת חלב מרדל 450 גרם,גורי מוצרי צריכה (1991) בעמ,,,יח`,4.50,100 גרם,false,1,17.90,3.98,false,1,
8435495805106,false,"ביומט אבקת כביסה בניחוח רענן 5ק""ג",ליימן שליסל בעמ,,,יח`,5,"ק""ג",false,1,29.90,5.98,true,1,
8435495805168,false,"תינוקלין לכביסה לעור רגיש אולימפיק 1.25ק""ג",מולינו ניקולי s.p.a,,,יח`,1.25,"ק""ג",false,1,21.90,17.52,false,1,
8435495807605,false,תינוקלין מרכך כביסה היפואלרגני מרוכז 1 ליטר,מולינו ניקולי s.p.a,,,יח`,1,1 ליטר,false,1,19.90,19.90,false,1,
8435495807636,false,תינוקלין ג`ל כביסה בייבי סנסטיב היפואל,ליימן שליסל בע`מ,,,יח`,2,1 ליטר,false,1,34.90,17.45,true,1,
8435495819363,false,תינוקלין - מרכך כביסה פרש & ג'נטל 1 ליטר,ליימן שליסל בע`מ,,,יח`,1,1 ליטר,false,1,19.90,19.90,false,1,
8445290341617,false,פנסי פיסט פטה עוף וסלמון 85 גרם,קבוצת אוסם סחר-שות.מוגבלת,,,יח`,0.85,100 גרם,false,1,5.90,6.94,false,1,
8445290341655,false,פנסי פיסט פטה עוף 85 גרם,קבוצת אוסם סחר-שות.מוגבלת,,,יח`,0.85,100 גרם,false,1,5.90,6.94,false,1,
8593868006014,false,"בירה בלו מון 500מ""ל פחית 5.4%",הכרם - משקאות חריפים בעמ,,,יח`,5,"100 מ""ל",false,1,9.90,1.92,false,1,
8595134503302,false,פילטרים לגלגול 6 ממ- ארוך,צפניה ברזילי בעמ,,,יח`,1,,false,1,4,4,false,1,
8606018615827,false,גלידת וניל עם שברי עוגיות אוראו 480 גרם,נגה גלידות שותפות מוגבלת,,,יח`,3,100 גרם,false,1,21.90,7.30,false,1,
8606109023722,false,"פרוויטה - מיץ תפוחי עץ ומשמשים 750 מ""ל",יורוסטנדרט בעמ,,,יח`,7.50,"100 מ""ל",false,1,11.90,1.55,false,1,
8683323063024,false,יוגטה שטיחים בטעם תותי פרוטי 220 גרם,ליימן שליסל בע`מ,,,יח`,2.20,100 גרם,false,1,7.90,3.59,true,1,
8686868600068,false,אביזרי שיער סרטים וקשתות,אל האופק שיווק וסחר,,,יח`,1,,false,1,8.90,8.90,false,1,
8686868600075,false,אביזרי שיער סיכות פפיון גדולות,אל האופק שיווק וסחר,,,יח`,1,,false,1,9.90,9.90,false,1,
8686868600099,false,המותג אביזרי שיער,אל האופק שיווק וסחר,,,יח`,1,,false,1,11.90,11.90,false,1,
8686868600112,false,המותג אביזרי שיער,אל האופק שיווק וסחר,,,יח`,1,,false,1,13.90,13.90,false,1,
8686868600129,false,המותג אביזרי שיער,אל האופק שיווק וסחר,,,יח`,1,,false,1,14.90,14.90,false,1,
8686868600150,false,המותג אביזרי שיער,אל האופק שיווק וסחר,,,יח`,1,,false,1,17.90,17.90,false,1,
8686868600174,false,המותג אביזרי שיער,אל האופק שיווק וסחר,,,יח`,1,,false,1,19.90,19.90,false,1,
8690120060170,false,וופל נאמבר 1 שוקולד חלב 35 גרם,רויאל קנדיס בעמ,,,יח`,0.35,100 גרם,false,1,1.90,5.43,true,1,
8690526009278,false,אי טי אי - חטיף קרמל מצופה שוקולד וחלב כדורוני דגנים 126 גרם,"GIDA ETI , טורקיה n\",,,יח`,1.26,100 גרם,false,1,9.90,7.86,true,1,
8690526009353,false,אי טי אי - מיני חטיף בוטנים נוגט קרמל מצופה שוקולד חלב 140 גרם,"GIDA ETI , טורקיה n\",,,יח`,1.40,100 גרם,false,1,9.90,7.07,true,1,
8690526019154,false,אי טי אי - וופל קקאו במילוי קרם קקאו 142 גרם,מולינו ניקולי s.p.a,,,יח`,1.42,100 גרם,false,1,7.90,5.56,true,1,
8690637504426,false,"קרם ניקוי סיף בניחוח לימון 500 מ""ל",יוניליוור ישראל שיווק בע`מ,,,יח`,5,"100 מ""ל",false,1,11.90,2.38,true,1,
8690637505607,false,מרכך כביסה מרוכז בדין אקסטרה בניחוח פינוק כחול,יוניליוור ישראל שיווק בע`מ,,,יח`,9.60,"100 מ""ל",false,1,16.90,1.76,true,1,
8690637506956,false,"דאב שמפו נגד קשקשים אלוורה 600 מ""ל","יוניליוור ישראל שיווק בע""מ",,,יח`,6,"100 מ""ל",false,1,14.90,2.48,false,1,
8690637688195,false,"תה ירוק קלאסי ליפטון 20 יחידות בד""צ",יוניליוור ישראל שיווק בע`מ,,,יח`,0.30,100 גרם,false,1,16.90,56.33,true,1,
8690637799594,false,תה ירוק ליפטון נענע בסגנון מרוקאי 20יח',"יוניליוור ישראל שיווק בע""מ",,,יח`,0.30,100 גרם,false,1,16.90,56.33,true,1,
8690637835643,false,"תה ירוק לימונית ולאויזה 30 גרם ""ליפטון""","יוניליוור ישראל שיווק בע""מ",,,יח`,0.30,100 גרם,false,1,16.90,56.33,true,1,
8690637871047,false,דאב שמפו בתוספת שמן קוקוס וכורכום 600 מל,"יוניליוור ישראל שיווק בע""מ",,,יח`,6,"100 מ""ל",false,1,14.90,2.48,true,1,
8690637971310,false,"מרכך כביסה מרוכז אקסטרה בניחוח יערת הדבש בדין 960 מ""ל",יוניליוור ישראל שיווק בע`מ,,,יח`,9.60,"100 מ""ל",false,1,16.90,1.76,true,1,
8690758961009,false,אסותא צמרוני אוזנים כותנה לתינוקות,עיסא ערטול בעמ,,,יח`,1,,false,1,6.90,6.90,false,1,
8690766156367,false,טבלת שוקולד חלב מעולה 90 גר` גודייבה,תה ויסוצקי (ישראל) בעמ,,,יח`,0.90,100 גרם,false,1,14.90,16.56,true,1,
8690766156374,false,גודייבה שוקולד מריר מעולה 72% מוצקי קקאו 72גרם,תה ויסוצקי (ישראל) בעמ,,,יח`,0.90,100 גרם,false,1,14.90,16.56,true,1,
8690766156381,false,גודייבה שוקולד מריר 90% מוצקי קקאו 90 גרם,תה ויסוצקי (ישראל) בעמ,,,יח`,0.90,100 גרם,false,1,14.90,16.56,true,1,
8690770322079,false,שמרים יבשים 450 גר` בדצ הנמל,הנמל אריזות ושיווק (1984) בעמ,,,יח`,4.50,100 גרם,false,1,12.90,2.87,true,1,
8690770322598,false,שמרים יבשים פוליבה הנמל 125 גרם,הנמל אריזות ושיווק (1984) בעמ,,,יח`,1.25,100 גרם,false,1,5.50,4.40,true,1,
8690777203012,false,פלפלים ירוקים כבושים לא חריפים סרה ויליפוד 600 גרם,ג. וילי-פוד אינטרנשיונל בע`מ,,,יח`,6,100 גרם,false,1,12.90,2.15,true,1,
8690777204071,false,פלפלים כבושים חריפים סרה 320 גרם,ג. וילי-פוד אינטרנשיונל בע`מ,,,יח`,6.40,100 גרם,false,1,12.90,2.02,true,1,
8690777206051,false,חציל קלוי על האש סרה ויליפוד 650 גרם,ג. וילי-פוד אינטרנשיונל בע`מ,,,יח`,6.50,100 גרם,false,1,12.90,1.98,true,1,
8690777221405,false,פלפל אדום קלוי על האש 650 גר` ויליפוד,ג. וילי-פוד אינטרנשיונל בע`מ,,,יח`,6.50,100 גרם,false,1,12.90,1.98,true,1,
8690784614665,false,דאק סבון ניקוי לאסלה 5ב1 בניחוח ים,דאופלור אס פי אי כונ,,,יח`,1,,false,1,9.90,9.90,true,1,
8690784616775,false,סבון מוצק לאסלה דאק אקווה בלו 4 ב-1 80 ג,טואלט דאק (ג'ונסון),,,יח`,1,,false,1,10.90,10.90,true,1,
8691058141238,false,ערמונים שלמים קלויים וקלופים 100 גר` Ave,אבאל יזמות בעמ,,,יח`,1,100 גרם,false,1,4.90,4.90,true,1,
8691707036014,false,אוזמו שוקולד בצורת ביצה,מוחמד נעמה (1994) בעמ,,,יח`,1,,false,1,3.90,3.90,true,1,
8691707061153,false,אוזמו בובה קריסמס כש,מוחמד נעמה (1994) בעמ,,,יח`,1,,false,1,3.90,3.90,true,1,
8691707066035,false,אוזמו בורגר ביסקוויט סנדוויץ ממולא,מוחמד נעמה (1994) בעמ,,,יח`,1,,false,1,2.90,2.90,true,1,
8691707087962,false,אוזמו סוכריה שוקולד על מקל,מוחמד נעמה (1994) בעמ,,,יח`,1,,false,1,2.90,2.90,true,1,
8693495002325,false,אג`קס נוזל ניקוי רצפות פרחים ורוד 2 ליטר,פארמה דיל (פ.א.ב.) שיווק והפצה,,,יח`,2,1 ליטר,false,1,14.90,7.45,false,1,
8693495002349,false,נוזל לניקוי רצפות בניחוח לבנדר 2 ל' אגקס,פארמה דיל (פ.א.ב.) שיווק והפצה,,,יח`,2,1 ליטר,false,1,14.90,7.45,false,1,
8693495034364,false,"פלמוליב סבון מוצק בניחוח אורכידאה, רבעייה * 90 גרם",פארמה דיל (פ.א.ב.) שיווק והפצה,,,יח`,1,,false,1,9.90,9.90,false,1,
8693495051002,false,מברשת שיניים לילדים מיניונים קולגייט 6+,קולגייט פלמוליב,,,יח`,1,,false,1,9.90,9.90,false,1,
8693495052177,false,פלמוליב נטורלס תחליב רחצה זיתים 750 מל,קולגייט פלמוליב,,,יח`,7.50,"100 מ""ל",false,1,19.90,2.65,true,1,
8693495053792,false,פלמוליב סבון מוצק זיתים רביעייה-יבוא מקב,פארמה דיל (פ.א.ב.) שיווק והפצה,,,יח`,1,,false,1,9.90,9.90,false,1,
8696486406416,false,"מיצ'ו חתולים 3 ק""ג",שחורי אריה ואנסטסיה,,,יח`,30,100 גרם,false,1,69.90,2.33,false,1,
8697040108975,false,אסותא סבון נוזלי להיגיינה אישית 1/12,עיסא ערטול בעמ-סוכן הנקל סוד,,,יח`,1,,false,1,19.90,19.90,false,1,
8697040108982,false,אסותא סבון נוזלי לש.אינטמ,עיסא ערטול בעמ-סוכן הנקל סוד,,,יח`,1,,false,1,19.90,19.90,false,1,
8697431921718,false,קונפיטורה דובדבן חמוץ 70% פרי פרופה 454 גר',תומר יבוא ושיווק מוצרי מזון (1,,,יח`,4.50,100 גרם,false,1,14.90,3.31,false,1,
8697431925143,false,קונפיטורה 70% פירות יער 450 גר`תומר,תומר יבוא ושיווק מוצרי מזון (1,,,יח`,4.50,100 גרם,false,1,14.90,3.31,false,1,
8697530910743,false,סיגריות פאל מאל כחול קצר מטאליק,גלוברנדס בעמ - שיווק סיגריות,,,יח`,1,,false,1,30,30,true,1,
8697530910750,false,סיגריות פאל מאל כחול ארוך האוס,גלוברנדס בעמ - שיווק סיגריות,,,יח`,1,,false,1,30,30,true,1,
8697826469092,false,טורטיה קטנה שקדיה 540 גרם 12 יחידות,דין שיווק וקליה 2021 בעמ,,,יח`,5.40,100 גרם,false,1,9.90,1.83,true,1,
8699141054595,false,אוזמו האפי ביסקוויט במילוי,מוחמד נעמה (1994) בעמ,,,יח`,1,,false,1,1.90,1.90,true,1,
8699568532003,false,וולה פלקס ספריי לעיצוב שיער מגה עמיד 250,דיפלומט מפיצים (1968) בעמ,,,יח`,2.50,"100 מ""ל",false,1,27.90,11.16,false,1,
8710502060021,false,מרבה פטיסרי עוגיות מאפין רכות 210 גרם,ש. שסטוביץ בע`מ,,,יח`,2.10,100 גרם,false,1,8.90,4.24,false,1,
8710502064814,false,עוגיות מרבה שוקולד ציפס במרקם רך 175 גר,בנקטבקריי מרבה בי.וי,,,יח`,1.75,100 גרם,false,1,9.90,5.66,true,1,
8710502139017,false,עוגיות טריפל שוקולד צ`יפס מרבה (180 גרם),בנקטבקריי מרבה בי.וי,,,יח`,2.25,100 גרם,false,1,9.90,4.40,true,1,
8710502231018,false,מרבה מיני עוגיות שוקולד צ'יפס 175 גרם,ש. שסטוביץ בע`מ,,,יח`,1.75,100 גרם,false,1,9.90,5.66,true,1,
8710502285509,false,מרבה - עוגיות לימון ושוקולד צ'יפס במרקם רך 175 גרם,בנקטבקריי מרבה בי.וי,,,יח`,1.75,100 גרם,false,1,9.90,5.66,true,1,
8710502405204,false,עוגיות שוקולד צ'יפס עם קרם שוקולד מרבה 175 גרם,קריניציה ויטמינה אס,,,יח`,1.75,100 גרם,false,1,9.90,5.66,true,1,
8710502470028,false,עוגיות שוקולד צ'יפס ממולאות בקרם נוגט,קריניציה ויטמינה אס,,,יח`,1.60,100 גרם,false,1,9.90,6.19,true,1,
8710732228918,false,מצת לסיגריה cricket יח,צפניה ברזילי בעמ,,,יח`,1,,false,1,5,5,false,1,
8710732229908,false,מצת קריקט לגז קצר,צפניה ברזילי בעמ,,,יח`,1,,false,1,14,14,false,1,
8710800027573,false,סוכריות מיני בטעם פירות מנטוס 178 גרם,פרפטי ואן מלה ברדה,,,יח`,1.78,100 גרם,false,1,13.90,7.81,true,1,
8710800961310,false,סוכריות בטעם תות מנטוס 4*375 גרם,פרפטי ואן מלה ברדה,,,יח`,1.50,100 גרם,false,1,13.90,9.27,true,1,
8710847942679,false,טרזמה שמפו לשיער יבש בתוספת שמן המפ,"יוניליוור ישראלשיווק בע""מ",,,יח`,4,"100 מ""ל",false,1,22.90,5.73,true,1,
8711000360606,false,קפסולות קפה אספרסו רוז) (952 גר`לור,דיפלומט מפיצים (1968) בעמ**,,,יח`,1,,false,1,19.90,19.90,true,1,
8711000362570,false,קפסולות קפה תואמות נספרסו פורזה 9 ל'אור 10 יחידות,דיפלומט מפיצים (1968) בעמ**,,,יח`,0,100 גרם,false,1,19.90,19.90,true,1,
8711000362631,false,קפסולות קפה תואמות נספרסו אוניקס 12 ל'אור 10 יחידות,דיפלומט מפיצים (1968) בעמ**,,,יח`,0,100 גרם,false,1,19.90,19.90,true,1,
8711000362655,false,קפסולות קפה אספרסו אבסולו) (9 52 גר`לור,דיפלומט מפיצים (1968) בעמ**,,,יח`,1,,false,1,19.90,19.90,true,1,
8711000362747,false,קפסולות קפה תואמות נספרסו ריסטרטו 11 ל'אור 10 יחידות,דיפלומט מפיצים (1968) בעמ**,,,יח`,1,,false,1,19.90,19.90,true,1,
8711000371176,false,ג'ייקובס קפסולות קפה אספרסו קלאסיקו עוצמה 7,ג'ייקובס דאו אגברטס צרפת,,,יח`,1,,false,1,15.90,15.90,true,1,
8711000371183,false,ג'ייקובס קפסולות קפה אספרסו אינטסו עוצמה 10,ג'ייקובס דאו אגברטס צרפת,,,יח`,1,,false,1,15.90,15.90,true,1,
8711000371244,false,"ג'ייקובס קפסולות אספרסו (8) 10 יח', 52ג' לונגו",דיפלומט מפיצים (1968) בעמ**,,,יח`,1,,false,1,15.90,15.90,true,1,
8711000431108,false,קפסולות קפה אספרסו הודו (10)52 גר`לור,דיפלומט מפיצים (1968) בעמ**,,,יח`,0,100 גרם,false,1,19.90,19.90,true,1,
8712000051099,false,"שישיית בירה היינקן 0% אלכוהל בקבוק 330 מ""ל","מבשלת היינקן, ריטבלדנברג",,,יח`,1.98,1 ליטר,false,1,30.40,14.44,true,1,
8712400802499,false,תרכובת מזון המשך לפעוטות על בסיס חלב שלב 1,דיפלומט מפיצים (1968) בעמ**,,,יח`,8,100 גרם,false,1,62.90,7.86,true,1,
8712400802512,false,תרכובת מזון המשך לפעוטות על בסיס חלב שלב 2,דיפלומט מפיצים (1968) בעמ**,,,יח`,8,100 גרם,false,1,62.90,7.86,true,1,
8712400802536,false,תרכובת מזון המשך לפעוטות על בסיס חלב שלב 3,דיפלומט מפיצים (1968) בעמ**,,,יח`,8,100 גרם,false,1,62.90,7.86,true,1,
8714599410806,false,ג'ייקובס קרוננג מיובש בהקפאה 160 גרם סגירה חוזרת,דיפלומט מפיצים (1968) בעמ**,,,יח`,1.60,100 גרם,false,1,17.90,11.19,true,1,
8714599412220,false,ג'ייקובס וולווט קפה נמס 95 מיובש בהקפאה,דיפלומט מפיצים (1968) בעמ**,,,יח`,0.95,100 גרם,false,1,14.90,15.68,false,1,
8714599513781,false,"קפה נמס מיובש בהקפאה זהב צנצנת ג'ייקובס 200 גרם לל""ס",דיפלומט מפיצים (1968) בעמ**,,,יח`,2,100 גרם,false,1,24.90,12.45,false,1,
8714599513866,false,"קפה נמס מיובש בהקפאה קרונג צנצנת ג'ייקובס 200 גרם לל""ס",דיפלומט מפיצים (1968) בעמ**,,,יח`,2,100 גרם,false,1,24.90,12.45,true,1,
8714789394534,false,משחת שיניים קולגייט הגנה מפני עששת- יבו,איינשטיין-צור יבוא-יצוא וסחר ב,,,יח`,1,100 גרם,false,1,8.90,8.90,false,1,
8714789402918,false,נוזל לניקוי כללי ורצפות בניחוח פרחי בר אג'קס 1.5 ליטר,הנסיך- מפעל לייצור ט,,,יח`,1.50,1 ליטר,false,1,19.90,13.27,true,1,
8714789529561,false,"משחת שיניים סנסטיב פרו ריליף להלבנה קולגייט 75 מ""ל",קולגייט פלמוליב,,,יח`,0.75,100 גרם,false,1,22.90,30.53,true,1,
8714789699110,false,פלמוליב סבון מוצק חלב שקדים רביעייה-יבוא,פארמה דיל (פ.א.ב.) שיווק והפצה,,,יח`,1,,false,1,9.90,9.90,false,1,
8714789797786,false,"פלמוליב נוזל לניקוי כלים גריז בלסטר 750 מ""ל",יבואן ומשווק: ש. שסט,,,יח`,7.50,"100 מ""ל",false,1,12.90,1.72,true,1,
8714789930848,false,"משחת שיניים אופטיק וייט הלבנה מיידית קולגייט 75 מ""ל",איינשטיין-צור יבוא-יצוא וסחר ב,,,יח`,0.75,100 גרם,false,1,14.90,19.87,false,1,
8715300238306,false,חמאה הולנדית ללא מלח 200 גרם,בני ג`ורג` שוקחה (חיפה) בעמ,,,יח`,2,100 גרם,false,1,12.90,6.45,false,1,
8715700110141,false,מיונז קרמי היינץ צנצנת 460ג',דיפלומט מפיצים (1968) בעמ**,,,יח`,4.60,100 גרם,false,1,11.90,2.59,true,1,
8715700110158,false,היינץ ממרח במרקם קרמי צנצנת 490 גרם,דיפלומט מפיצים (1968) בעמ**,,,יח`,4.90,100 גרם,false,1,11.90,2.43,true,1,
8715700117805,false,"קטשופ היינץ מתבל עגבניות ללא תוספת סוכר ומלח 425 מ""ל",דיפלומט מפיצים (1968) בעמ**,,,יח`,4,100 גרם,false,1,11.90,2.98,true,1,
8715700118789,false,מיונז היינץ לחיץ טבעוני 390 גרם,דיפלומט מפיצים (1968) בעמ**,,,יח`,3.90,100 גרם,false,1,19.90,5.10,false,1,
8715700118925,false,היינץ מתבל עגבניות חריף 460 גר`,דיפלומט מפיצים (1968) בע`מ,,,יח`,4.60,100 גרם,false,1,11.90,2.59,false,1,
8715700419695,false,היינץ רוטב ברביקיו מתוק 500 גרם,דיפלומט מפיצים (1968) בעמ**,,,יח`,5,100 גרם,false,1,16.90,3.38,false,1,
8715700419732,false,מתבל עגבניות היינץ (700 גרם),דיפלומט מפיצים (1968) בעמ**,,,יח`,7,100 גרם,false,1,11.90,1.70,true,1,
8715700421322,false,היינץ רוטב ברביקיו צ'ילי 490 גרם,דיפלומט מפיצים (1968) בעמ**,,,יח`,4.90,100 גרם,false,1,16.90,3.45,false,1,
8715700422473,false,ממרח לכריכים וסלטים ללא ח. משמרים היינץ 395 גרם,דיפלומט מפיצים (1968) בעמ**,,,יח`,3.95,100 גרם,false,1,15.90,4.03,false,1,
8715700423906,false,היינץ מתבל עגבניות מופחת סוכר ומלח 50/50 550 גרם,דיפלומט מפיצים (1968) בעמ**,,,יח`,5.55,100 גרם,false,1,11.90,2.14,true,1,
8717677336593,false,טוניס שוקולד חלב 180 גרם רבנות - נוכרי,טוניס/שוקולונלי,,,יח`,1.80,100 גרם,false,1,19.90,11.06,true,1,
8717677336630,false,שוקולד חלב עם שקדים ודבש טוניס' שוקולונלי 180 גרם,ליימן שליסל בע`מ,,,יח`,1.80,100 גרם,false,1,19.90,11.06,true,1,
8717677336654,false,טוניס - שוקולד חלב מעולה עם שברי קרמל מלוח,ליימן שליסל בע`מ,,,יח`,1.80,100 גרם,false,1,19.90,11.06,false,1,
8717677338436,false,שוקולד חלב עם אגוזי לוז טוניס' שוקולונלי 180 גרם,טוניס/שוקולונלי,,,יח`,1.80,100 גרם,false,1,19.90,11.06,true,1,
8718951030206,false,"קולגייט סנסיטיב פרוטקשן משחת שיניים לשיניים רגישות 75 מ""ל",קולגייט-פלמוליב,,,יח`,0.75,100 גרם,false,1,14.90,19.87,true,1,
8718951048461,false,אג`קס חלונות 750 מל יבוא מקביל טריפל אק,אופאל יאצא בעמ,,,יח`,7.50,"100 מ""ל",false,1,11.90,1.59,true,1,
8718951093331,false,מרידול זוג מברשות שיניים אקסטרה סופט,קולגייט פלמוליב,,,יח`,1,,false,1,29.90,29.90,true,1,
8718951159402,false,"קולגייט משחת שיניים אופטיק וויט - אקסטרה פאוור 75 מ""ל",איינשטיין-צור יבוא-יצוא וסחר ב,,,יח`,0.75,"100 מ""ל",false,1,14.90,19.87,false,1,
8718951167094,false,נוזל כלים פלמוליב צילינדר תפוז וליים 1 ל,יבואן ומשווק: ש. שסט,,,יח`,10,"100 מ""ל",false,1,13.90,1.39,false,1,
8718951236783,false,קולגייט משחת שיניים טוטל פרש סטריפ 100 מ,איינשטיין-צור יבוא-יצוא וסחר ב,,,יח`,1,"100 מ""ל",false,1,12.90,12.90,false,1,
8718951236790,false,"קולגייט טוטאל משחת שיניים קלין מינט לפה בריא 100 מ""ל",קולגייט פלמוליב,,,יח`,1,"100 מ""ל",false,1,16.90,16.90,true,1,
8718951236806,false,"קולגייט טוטאל הלבנה משחת שיניים המסייעת בהסרת כתמים 100 מ""ל",ש. שסטוביץ בע`מ,,,יח`,1,"100 מ""ל",false,1,16.90,16.90,true,1,
8718951254527,false,קולגייט משחה סנסיטיב פרו רליף חוזק מוגבר,קולגייט פלמוליב,,,יח`,0.75,100 גרם,false,1,22.90,30.53,false,1,
8718951259409,false,"פלמוליב תחליב רחצה נטורלס לעור עדין 750 מ""ל",קולגייט פלמוליב,,,יח`,7.50,"100 מ""ל",false,1,19.90,2.65,true,1,
8718951264618,false,"קולגייט אופטיק וייט פחם צ'רקול משחת שיניים, 75 מ""ל",איינשטיין-צור יבוא-יצוא וסחר ב,,,יח`,0.75,"100 מ""ל",false,1,14.90,19.87,false,1,
8718951315303,false,"קולגייט אדומה משחת שיניים להגנה מפני עששת 2*100 מ""ל",קולגייט-פלמוליב,,,יח`,2,100 גרם,false,1,19.90,9.95,false,1,
8718951320093,false,זוג מברשות 360 אדוונס וויט שיניים קולגייט,קולגייט-פלמוליב,,,יח`,1,,false,1,24.90,24.90,false,1,
8718951382787,false,"משחת שיניים אופטיק וויט חימר ומינרלים 75 מ""ל קולגייט",ש.שסטוביץ בעמ,,,יח`,0.75,"100 מ""ל",false,1,29.90,39.87,true,1,
8718951400474,false,"תחליב רחצה קמליה ושקדים ללא משאבה750 מ""ל פלמולי",קולגייט פלמוליב,,,יח`,7.50,"100 מ""ל",false,1,19.90,2.65,true,1,
8718951428492,false,"פלמוליב סבון רחצה לגבר 4ב1 מועשר בפחם 750 מ""ל",ש.שסטוביץ בעמ,,,יח`,7.50,"100 מ""ל",false,1,19.90,2.65,true,1,
8718951443358,false,"סבון ידיים הגיינה פלמוליב מארז 3*300 מ""ל",ש.שסטוביץ בעמ,,,יח`,9,"100 מ""ל",false,1,24.90,2.77,true,1,
8718951461444,false,"זוג משחת שיניים טוטאל הלבנה ביטיו *100 מ""ל קולגייט",קולגייט פלמוליב,,,יח`,2,"100 מ""ל",false,1,29.90,14.95,false,1,
8718951466371,false,מרידול משחת לחניכיים רגישות 75 מל,קולגייט פלמוליב,,,יח`,0.75,100 גרם,false,1,19.90,26.53,false,1,
8718951470538,false,קולגייט משחת שיניים מקס פרש ביטיוב 125*2 כשלפ,קולגייט פלמוליב,,,יח`,2.50,"100 מ""ל",false,1,29.90,11.96,true,1,
8718951509627,false,"קולגייט אופטיק וייט לאוהבי קפה ותה משחת שיניים 75 מ""ל",קולגייט פלמוליב,,,יח`,0.75,"100 מ""ל",false,1,29.90,39.87,false,1,
8719200998001,false,מרגרינה לאפיה ובישול בלי מלח 200 ג' בלו בנד,יוניליוור ישראל מזון בע\,,,יח`,2,100 גרם,false,1,4.50,2.25,false,1,
8719200998018,false,מחמאה מרגרינה בטעם חמאה בלובנד 200 גרם,"מיוצר ע""\י יוניליוור ישר",,,יח`,2,100 גרם,false,1,4.80,2.40,false,1,
8719200998094,false,"מרגרינה מזולה לאפיה ללא תוספת מלח 200גר - 40 יח' -כשל""פ","מיוצר ע""\י יוניליוור ישר",,,יח`,2,100 גרם,false,1,6.90,3.45,false,1,
8719200998100,false,מרגרינה מזולה לאפיה טעם חמאה 200גר - 40 יח',דיפלומט מפיצים (1968) בעמ**,,,יח`,2,100 גרם,false,1,6.90,3.45,false,1,
8720181046605,false,דאב - דאודורנט ספריי לאישה אורגינל כחול 150מל,"יוניליוור ישראל שיווק בע""מ",,,יח`,1.50,"100 מ""ל",false,1,14.90,9.93,false,1,
8720181046612,false,"דאב - דאודורנט רול און לאישה אורגינל 50 מ""ל","יוניליוור ישראל שיווק בע""מ",,,יח`,0.50,100 גרם,false,1,14.90,29.80,false,1,
8720181114458,false,אקס דאו ספריי לאישה 150 מל(יבוא מקביל,איינשטיין-צור יבוא-יצוא וסחר ב,,,יח`,1.50,"100 מ""ל",false,1,9.90,6.60,true,1,
8720181114465,false,"אקס - דאודורנט ספריי לגבר אנרכי 150 מ""ל",איינשטיין-צור יבוא-יצוא וסחר ב,,,יח`,1.50,"100 מ""ל",false,1,9.90,6.60,true,1,
8720181114472,false,"אקס - דאודורנט ספריי לגבר אפולו 150 מ""ל",איינשטיין-צור יבוא-יצוא וסחר ב,,,יח`,1.50,"100 מ""ל",false,1,9.90,6.60,true,1,
8720181114496,false,"אקס - דאודורנט ספריי לגבר שוקולד 150 מ""ל",איינשטיין-צור יבוא-יצוא וסחר ב,,,יח`,1.50,"100 מ""ל",false,1,9.90,6.60,true,1,
8720181114519,false,"אקס - דאודורנט ספריי לגבר דארק ונילה 150 מ""ל",איינשטיין-צור יבוא-יצוא וסחר ב,,,יח`,1.50,"100 מ""ל",false,1,9.90,6.60,true,1,
8723400756552,false,מארז סוכריות מנטוס Mentos ריינבואו,פרפטי ואן מלה ברדה,,,יח`,1.50,100 גרם,false,1,13.90,9.27,true,1,
8801055707966,false,קפה טייסטרס צ`ויס בריסטה נסקפה (180 גרם),קבוצת אוסם סחר שותפות מוגבלת,,,יח`,1.80,100 גרם,false,1,32.90,18.28,false,1,
8801055709427,false,נס קפה טייסטרס צ'ויס אלטה ריקה 100גרם,קבוצת אוסם סחר שותפות מוגבלת,,,יח`,1,100 גרם,false,1,23.90,23.90,true,1,
8801055709458,false,אבקה להכנת משקה קפה בטעם קפוצ'ינו קרמל,קבוצת אוסם סחר שותפות מוגבלת,,,יח`,1.70,100 גרם,false,1,18.90,11.12,false,1,
8801055709472,false,נסטלה - נסקפה קפוצ'ינו קלאסי 12.50 גרם * 10,קבוצת אוסם סחר שותפות מוגבלת,,,יח`,1.25,100 גרם,false,1,18.90,15.12,false,1,
8801055709489,false,אבקה להכנת משקה קפה בטעם קפוצ'ינו אגוזים,קבוצת אוסם סחר שותפות מוגבלת,,,יח`,1.80,100 גרם,false,1,18.90,10.50,false,1,
8801055709526,false,אבקה להכנת משקה קפה בטעם קפוצ'ינו שוקולד לבן,קבוצת אוסם סחר שותפות מוגבלת,,,יח`,1.80,100 גרם,false,1,18.90,10.50,false,1,
8802241131664,false,חטיף אצות קלויות עם מלח ים Laverland Crunch,טחנת האבן קואופ בעמ,,,יח`,0.4050,100 גרם,false,1,30.90,76.30,false,1,
8832774554005,false,תנור קוורץ BENATON BT-55400,קונסיגנציה-ד.ש.ש. אלקטרוניקה ב,,,יח`,1,,false,1,39,39,false,1,
8850389105849,false,סאפה משקה אלוורה מופחת קלוריות בטעם אפרסק 1 ליטר,סאפה פובליק קומפני לימיט,,,יח`,1,1 ליטר,false,1,13.90,13.90,false,1,
8850389115336,false,משקה אלוורה בטעם מלון סאפה 1 ליטר,סאפה פובליק קומפני לימיט,,,יח`,1,1 ליטר,false,1,13.90,13.90,false,1,
8850632604259,false,"יוגטה, חיספוסים, ממתק חמוץ בצורת מקלות בטעם תות שדה,50 גרם",ליימן שליסל בע`מ,,,יח`,0.50,100 גרם,false,1,3.90,7.80,false,1,
8850632604266,false,"יוגטה, ממתק חמוץ בצורת מקלות בטעם קולה, 50 גרם",ליימן שליסל בע`מ,,,יח`,0.50,100 גרם,false,1,3.90,7.80,false,1,
8850632604372,false,"יוגטה, חיספוסים בצורת שטיח בטעם תות שדה 50 גרם",ליימן שליסל בע`מ,,,יח`,0.50,100 גרם,false,1,3.90,7.80,false,1,
8850632604402,false,יוגטה חיספוסים בטעם מעורב תות שדה אבטיח ענבים בננה 50 גרם,ליימן שליסל בע`מ,,,יח`,0.50,100 גרם,false,1,3.90,7.80,false,1,
8851613101378,false,"נוזל קוקוס ארוי די 250 מ""ל",גורי מוצרי צריכה (1991) בעמ,,,יח`,2.50,"100 מ""ל",false,1,9.80,3.92,false,1,
8851613101385,false,"חלב קוקוס ארוי-די קרטון 500מ""ל",גורי מוצרי צריכה (1991) בעמ,,,יח`,5,"100 מ""ל",false,1,12.90,2.58,false,1,
8857101301008,false,רוטב צילי מתוק וילי 700 מל יצרןמותג: פאן,ג.וילי פוד אינטרנשיונל בעמ,,,יח`,7,"100 מ""ל",false,1,9.80,1.40,false,1,
8888021200256,false,סוללות אנרג'ייזר AA מקס 8 יחידות,יצרן: אנרג'ייזר סינג,,,יח`,1,,false,1,24.90,24.90,false,1,
8888021200720,false,סוללות אנרג'ייזר AAA מקס 8 יחידות,יצרן: אנרג'ייזר סינג,,,יח`,1,,false,1,24.90,24.90,false,1,
8901314517487,false,מברשת שיניים קולגייט 360 וויזבל וויט 4 י,פארמה דיל (פ.א.ב.) שיווק והפצה,,,יח`,1,,false,1,19.90,19.90,false,1,
8901537024014,false,"אורז בסמטי מובחר 1 ק""ג - דוואט) יורה דיעה",ג. וילי-פוד אינטרנשיונל בע`מ,,,יח`,1,"ק""ג",false,1,11.90,11.90,false,1,
8901537076679,false,אורז בסמטי חום מלא 1 קג`DAAWAT וילי פוד,ג. וילי-פוד אינטרנשיונל בע`מ,,,יח`,1,"ק""ג",false,1,11.90,11.90,false,1,
8959286455405,false,תנור קוורץ BENATON BT-55405,קונסיגנציה-ד.ש.ש. אלקטרוניקה ב,,,יח`,1,,false,1,69,69,false,1,
9000101515596,false,קפסולות ג'ל מרוכזות לכביסה צבעונית 56 יח' פרסיל,גורי שיווק בעמ,,,יח`,1,,false,1,54.90,54.90,false,1,
9000101537550,false,פרסיל קאפסולות לכביסה לבנה וצבעונית 52 יח',גורי שיווק בעמ,,,יח`,1,,false,1,59.90,59.90,true,1,
9001616202100,false,מוצץ לתינוק ללא ביספנול 6+ מאם 2 יחידות,אלפא קוסמטיקה בעמ,,,יח`,1,,false,1,34.90,34.90,false,1,
9001616202155,false,מוצץ לתינוק אולטי סיליקון ללא ביספנול 16+ מאם,אלפא קוסמטיקה בעמ,,,יח`,1,,false,1,34.90,34.90,false,1,
9001616661099,false,"בקבוק לתינוק 270 מ""ל 2+ חודשים Easy Active",אלפא קוסמטיקה בעמ,,,יח`,1,,false,1,34.90,34.90,true,1,
9001616703010,false,"בקבוק 330מ""ל ללא חלקים מתפרקים",אלפא קוסמטיקה בעמ,,,יח`,1,,false,1,34.90,34.90,true,1,
9044400851672,false,סוכריות פז סוגים שונים + 3 מילויים,ר.ב. מוצרי דגנים בעמ,,,יח`,0.2550,100 גרם,false,1,11.90,46.67,false,1,
9120025834723,false,חטיף אוראו מצונן 120 גרם רבנות,ג.וילי-פוד אינטרנשיונל **גבינו,,,יח`,1.20,100 גרם,false,1,14.90,12.42,true,1,
9120025839896,false,חטיף מילקה מצונן 128 גרם,ג.וילי-פוד אינטרנשיונל **גבינו,,,יח`,1.28,100 גרם,false,1,14.90,11.64,false,1,
9310072028743,false,טים טם ביסקוויט במילוי שוקולד 200 גרם,"ארנוטס ביסקוויטס בע""",,,יח`,2,100 גרם,false,1,20.90,10.45,true,1,
9310072028750,false,חטיף שוקולד דאבל קרם טים טם (200 גרם),"ארנוטס ביסקוויטס בע""",,,יח`,2,100 גרם,false,1,20.90,10.45,true,1,
9711953105807,false,בלוז מעדנייה שטראוס,שטראוס גרופ בעמ/מצונן,,,"ק""ג",10,100 גרם,true,1,69,6.90,false,1,
9720188060108,false,ממרח על בסיס סויה בסגון שמנת טופוטי 340 גרם,*החברה המרכזית להפצת משקאותבעמ,,,יח`,3.40,100 גרם,false,1,21.40,6.29,false,1,
