code,internal_code,name,manufacturer_name,manufacture_country,manufacturer_item_description,unit_qty,quantity,unit_of_measure,weighted,qty_in_package,price,unit_of_measure_price,allow_discount,status,item_id
55,true,משלוחים לבית,,,משלוחים לבית,יחידה,0.00,יחידה,false,,25.60,0.0000,true,1,34165
96,true,משלוח אינטרנטי.,,,משלוח אינטרנטי.,יחידה,0.00,יחידה,false,,24.80,0.0000,true,1,34173
103,true,לחמניה בריאות,,,לחמניה בריאות,יח',1.00,יח',false,,3.20,3.2000,true,1,2400
112,true,לחמניות ג`בטה (10011,,,לחמניות ג`בטה (10011,יח',1.00,יח',false,,2.70,2.7000,true,1,35887
116,true,פלסטונים,,,פלסטונים,יחידה,0.00,יחידה,false,,4.90,0.0000,true,1,17748
161,true,קישוא עגול,,,קישוא עגול,קילוגרמים,1.00,"ק""ג",true,,12.90,12.9000,true,1,50281
163,true,פטריות שמפיניון תפזו,,,פטריות שמפיניון תפזו,קילוגרמים,1.00,"ק""ג",true,,39.90,39.9000,true,1,50282
164,true,פטריות חורש תפזורת,,,פטריות חורש תפזורת,קילוגרמים,1.00,"ק""ג",true,,39.90,39.9000,true,1,50283
214,true,"10 פיתות ד""ר פיתה",,,"10 פיתות ד""ר פיתה",יחידה,0.00,יחידה,false,,15.90,0.0000,true,1,51287
301,true,בקבוק ריק חוזר בירה,,,בקבוק ריק חוזר בירה,יחידה,0.00,יחידה,false,,1.02,0.0000,true,1,6864
374,true,פטריות שמפניון,,,פטריות שמפניון,יח',1.00,יח',false,,8.90,8.9000,true,1,50285
413,true,רול/קוקטייל בולגרית/,,,רול/קוקטייל בולגרית/,קילוגרמים,1.00,"ק""ג",true,,42.80,42.8000,true,1,2411
495,true,פריט מבצע ב-20ש`ח,,,פריט מבצע ב-20ש`ח,יחידה,0.00,יחידה,false,,20.00,0.0000,true,1,27295
519,true,מעורב בבגט,,,מעורב בבגט,יחידה,0.00,יחידה,false,,25.00,0.0000,true,1,343833
572,true,קופון מצטרף חדש למוע,,,קופון מצטרף חדש למוע,יחידה,0.00,יחידה,false,,0.01,0.0000,true,1,34183
574,true,קופון מצטרף חדש למוע,,,קופון מצטרף חדש למוע,יחידה,0.00,יחידה,false,,0.01,0.0000,true,1,34185
652,true,כריך פרצל,,,כריך פרצל,יח',1.00,יח',false,,3.90,3.9000,true,1,2416
996,true,חלה קלועה,,,חלה קלועה,יח',1.00,יח',false,,10.20,10.2000,true,1,2420
998,true,חלה מתוקה קלועה,,,חלה מתוקה קלועה,יח',1.00,יח',false,,10.20,10.2000,true,1,2422
1003,true,לחמניה עגולה כפרית,,,לחמניה עגולה כפרית,יח',1.00,יח',false,,2.60,2.6000,true,1,2423
1009,true,בגט שלם,,,בגט שלם,יח',1.00,יח',false,,4.20,4.2000,true,1,2426
1011,true,לחמנית קוראסול,,,לחמנית קוראסול,יח',1.00,יח',false,,3.40,3.4000,true,1,2427
1014,true,בגט רוסטיק,,,בגט רוסטיק,יח',1.00,יח',false,,7.30,7.3000,true,1,2428
1020,true,שליש בגט,,,שליש בגט,יח',1.00,יח',false,,2.40,2.4000,true,1,2430
1028,true,חצי בגט,,,חצי בגט,יח',1.00,יח',false,,3.00,3.0000,true,1,2431
1043,true,כרוב לבן כשר,,,כרוב לבן כשר,קילוגרמים,1.00,"ק""ג",true,,14.90,14.9000,true,1,47257
1055,true,לחם לבן 750 גרם,,,לחם לבן 750 גרם,גרמים,750.00,100 גרם,false,,4.19,0.5587,true,1,4439
1058,true,חלה רגילה/חלה ציפורי,,,חלה רגילה/חלה ציפורי,גרמים,500.00,100 גרם,false,,3.80,0.7600,true,1,4440
1073,true,סופגניה גדולה בודדת,,,סופגניה גדולה בודדת,יחידה,0.00,יחידה,false,,3.40,0.0000,true,1,2435
1074,true,כרוב אדום כשר,,,כרוב אדום כשר,קילוגרמים,1.00,"ק""ג",true,,14.90,14.9000,true,1,47258
1077,true,חצי חלה מתוקה 250 גר,,,חצי חלה מתוקה 250 גר,גרמים,250.00,100 גרם,false,,4.80,1.9200,true,1,4442
1079,true,מיני סופגניה בודדת,,,מיני סופגניה בודדת,יחידה,0.00,יחידה,false,,2.90,0.0000,true,1,2438
1091,true,צנונית בייבי,,,צנונית בייבי,גרמים,400.00,100 גרם,false,,5.90,1.4750,true,1,35300
1488,true,אשכולית אדומה,,,אשכולית אדומה,קילוגרמים,1.00,"ק""ג",true,,5.90,5.9000,true,1,50301
1494,true,תפו`א לבן תפזורת,,,תפו`א לבן תפזורת,קילוגרמים,1.00,"ק""ג",true,,4.90,4.9000,true,1,50306
1495,true,תפו`א אדום תפזורת,,,תפו`א אדום תפזורת,קילוגרמים,1.00,"ק""ג",true,,4.90,4.9000,true,1,50307
1500,true,פלפל כתום,,,פלפל כתום,קילוגרמים,1.00,"ק""ג",true,,9.90,9.9000,true,1,50310
1501,true,עגבניות,,,עגבניות,קילוגרמים,1.00,"ק""ג",true,,6.90,6.9000,true,1,50311
1502,true,מלפפונים,,,מלפפונים,קילוגרמים,1.00,"ק""ג",true,,5.90,5.9000,true,1,50312
1503,true,גזר ארוז,,,גזר ארוז,קילוגרמים,1.00,"ק""ג",true,,3.90,3.9000,true,1,50313
1504,true,סלק,,,סלק,קילוגרמים,1.00,"ק""ג",true,,3.90,3.9000,true,1,50314
1505,true,כרוב לבן,,,כרוב לבן,קילוגרמים,1.00,"ק""ג",true,,3.90,3.9000,true,1,50315
1506,true,כרוב אדום,,,כרוב אדום,קילוגרמים,1.00,"ק""ג",true,,5.90,5.9000,true,1,50316
1507,true,כרובית,,,כרובית,קילוגרמים,1.00,"ק""ג",true,,8.90,8.9000,true,1,50317
1510,true,קישואים,,,קישואים,קילוגרמים,1.00,"ק""ג",true,,6.90,6.9000,true,1,50318
1511,true,חצילים,,,חצילים,קילוגרמים,1.00,"ק""ג",true,,6.90,6.9000,true,1,50319
1513,true,פלפל ירוק,,,פלפל ירוק,קילוגרמים,1.00,"ק""ג",true,,7.90,7.9000,true,1,50320
1514,true,פלפל בהיר,,,פלפל בהיר,קילוגרמים,1.00,"ק""ג",true,,8.90,8.9000,true,1,50321
1515,true,פלפל חריף,,,פלפל חריף,קילוגרמים,1.00,"ק""ג",true,,7.90,7.9000,true,1,50322
1516,true,פלפל אדום,,,פלפל אדום,קילוגרמים,1.00,"ק""ג",true,,9.90,9.9000,true,1,50323
1519,true,בצל יבש,,,בצל יבש,קילוגרמים,1.00,"ק""ג",true,,4.90,4.9000,true,1,50326
1521,true,קולורבי,,,קולורבי,קילוגרמים,1.00,"ק""ג",true,,6.90,6.9000,true,1,50327
1522,true,חסה ערבית,,,חסה ערבית,יח',1.00,יח',false,,4.90,4.9000,true,1,50328
1527,true,פטרוזיליה גומי,,,פטרוזיליה גומי,יח',1.00,יח',false,,3.50,3.5000,true,1,35301
1528,true,כוסברה גומי,,,כוסברה גומי,יח',1.00,יח',false,,3.50,3.5000,true,1,35302
1529,true,שמיר גומי,,,שמיר גומי,יח',1.00,יח',false,,3.50,3.5000,true,1,35303
1530,true,נענע גומי,,,נענע גומי,יח',1.00,יח',false,,3.50,3.5000,true,1,35304
1531,true,לפת,,,לפת,קילוגרמים,1.00,"ק""ג",true,,6.90,6.9000,true,1,50331
1535,true,תפו`א אדום ארוז,,,תפו`א אדום ארוז,קילוגרמים,1.00,"ק""ג",true,,4.90,4.9000,true,1,50334
1542,true,ערמונים,,,ערמונים,קילוגרמים,1.00,"ק""ג",true,,17.90,17.9000,true,1,50339
1545,true,שום ארוז ייבוא יח',,,שום ארוז ייבוא יח',יח',1.00,יח',false,,4.90,4.9000,true,1,50342
1547,true,שומר,,,שומר,קילוגרמים,1.00,"ק""ג",true,,6.90,6.9000,true,1,50344
1548,true,תות שדה ביח',,,תות שדה ביח',יח',1.00,יח',false,,19.90,19.9000,true,1,47390
1550,true,תפו`א לבן ארוז,,,תפו`א לבן ארוז,קילוגרמים,1.00,"ק""ג",true,,3.90,3.9000,true,1,50345
1551,true,לימון,,,לימון,קילוגרמים,1.00,"ק""ג",true,,7.90,7.9000,true,1,50346
1552,true,תפוז,,,תפוז,קילוגרמים,1.00,"ק""ג",true,,5.90,5.9000,true,1,50347
1553,true,ענב לבן,,,ענב לבן,קילוגרמים,1.00,"ק""ג",true,,29.90,29.9000,true,1,50348
1556,true,בננה מובחרת,,,בננה מובחרת,קילוגרמים,1.00,"ק""ג",true,,6.90,6.9000,true,1,50351
1558,true,אשכולית צהובה,,,אשכולית צהובה,קילוגרמים,1.00,"ק""ג",true,,5.90,5.9000,true,1,50353
1560,true,דלעת ארוזה,,,דלעת ארוזה,קילוגרמים,1.00,"ק""ג",true,,8.90,8.9000,true,1,50355
1561,true,תפוח עץ זהוב,,,תפוח עץ זהוב,קילוגרמים,1.00,"ק""ג",true,,9.90,9.9000,true,1,50356
1562,true,תפוח עץ יונתן,,,תפוח עץ יונתן,קילוגרמים,1.00,"ק""ג",true,,9.90,9.9000,true,1,50357
1563,true,תפוח עץ חרמון,,,תפוח עץ חרמון,קילוגרמים,1.00,"ק""ג",true,,9.90,9.9000,true,1,50358
1564,true,תפוח עץ סמיט,,,תפוח עץ סמיט,קילוגרמים,1.00,"ק""ג",true,,9.90,9.9000,true,1,50359
1568,true,רימון,,,רימון,קילוגרמים,1.00,"ק""ג",true,,8.90,8.9000,true,1,50362
1570,true,קלמנטינה,,,קלמנטינה,קילוגרמים,1.00,"ק""ג",true,,5.90,5.9000,true,1,50363
1572,true,אבוקדו מובחר,,,אבוקדו מובחר,קילוגרמים,1.00,"ק""ג",true,,7.90,7.9000,true,1,50365
1574,true,בטטה מתוקה,,,בטטה מתוקה,קילוגרמים,1.00,"ק""ג",true,,8.90,8.9000,true,1,50367
1576,true,אגס,,,אגס,קילוגרמים,1.00,"ק""ג",true,,11.90,11.9000,true,1,50368
1581,true,פלפל צהוב,,,פלפל צהוב,קילוגרמים,1.00,"ק""ג",true,,9.90,9.9000,true,1,50370
1588,true,תירס ארוז,,,תירס ארוז,קילוגרמים,1.00,"ק""ג",true,,9.90,9.9000,true,1,50374
1590,true,משורית סרט 1590 ממ,,,פומלה,קילוגרמים,1.00,"ק""ג",true,,7.90,7.9000,true,1,50375
1591,true,ענב אדום,,,ענב אדום,קילוגרמים,1.00,"ק""ג",true,,29.90,29.9000,true,1,50376
1601,true,סלרי חתוך ליח,,,סלרי חתוך ליח,יח',1.00,יח',false,,6.90,6.9000,true,1,47259
1604,true,אפרסמון,,,אפרסמון,קילוגרמים,1.00,"ק""ג",true,,14.90,14.9000,true,1,50382
1605,true,גויאבה,,,גויאבה,קילוגרמים,1.00,"ק""ג",true,,19.90,19.9000,true,1,50383
1608,true,זנגוויל\גינגיר תפזור,,,זנגוויל\גינגיר תפזור,קילוגרמים,1.00,"ק""ג",true,,22.90,22.9000,true,1,50386
1610,true,שרי אשכולות לקג,,,שרי אשכולות לקג,קילוגרמים,1.00,"ק""ג",true,,18.90,18.9000,true,1,50387
1615,true,בצל אדום,,,בצל אדום,קילוגרמים,1.00,"ק""ג",true,,6.90,6.9000,true,1,50391
1616,true,כוסברה כשר,,,כוסברה כשר,יח',1.00,יח',false,,5.90,5.9000,true,1,47260
1617,true,אננס,,,אננס,יח',1.00,יח',false,,37.90,37.9000,true,1,50392
1619,true,פומלית,,,פומלית,קילוגרמים,1.00,"ק""ג",true,,5.90,5.9000,true,1,50394
1628,true,צנון לבן,,,צנון לבן,קילוגרמים,1.00,"ק""ג",true,,9.90,9.9000,true,1,640691
1683,true,תפוח עץ פינק קריפס,,,תפוח עץ פינק קריפס,קילוגרמים,1.00,"ק""ג",true,,13.90,13.9000,true,1,50415
1708,true,גזר תפזורת,,,גזר תפזורת,קילוגרמים,1.00,"ק""ג",true,,4.90,4.9000,true,1,50426
1814,true,בצלצלי שאלוט,,,בצלצלי שאלוט,גרמים,280.00,100 גרם,false,,14.90,5.3214,true,1,35305
1859,true,שיבה ליח',,,שיבה ליח',יח',1.00,יח',false,,4.90,4.9000,true,1,35306
1876,true,עירית ליח,,,עירית ליח,יח',1.00,יח',false,,5.90,5.9000,true,1,41083
1880,true,רוקולה ליח,,,רוקולה ליח,גרמים,100.00,100 גרם,false,,7.90,7.9000,true,1,35309
2000,true,"בורקס גבינה/תפו""א",,,"בורקס גבינה/תפו""א",קילוגרמים,1.00,"ק""ג",true,,35.90,35.9000,true,1,33735
2001,true,מב בורקס תורכי בטעמי,,,בורקס תורכי בטעמים,קילוגרמים,1.00,"ק""ג",true,,30.00,30.0000,true,1,2443
2011,true,פלמה קרם שניט/גבינה,,,פלמה קרם שניט/גבינה,קילוגרמים,1.00,"ק""ג",true,,35.90,35.9000,true,1,2449
3075,true,פילו מתוק בטעמים,,,פילו מתוק בטעמים,קילוגרמים,1.00,"ק""ג",true,,35.90,35.9000,true,1,2459
4650,true,5 יח' לחמניות שמיניה,,,5 יח' לחמניות שמיניה,יח',1.00,יח',false,,13.60,13.6000,true,1,51696
5504,true,דונאטס בטעמים מצופה,,,דונאטס בטעמים מצופה,גרמים,45.00,100 גרם,false,,5.90,13.1111,true,1,2755
6303,true,6 יח' יאמיס,,,6 יח' יאמיס,יח',1.00,יח',false,,13.50,13.5000,true,1,2472
6305,true,10 יח' פטיט פאן,,,10 יח' פטיט פאן,יח',1.00,יח',false,,11.90,11.9000,true,1,2474
7664,true,שרי תמר תפזורת לובלו,,,שרי תמר תפזורת לובלו,קילוגרמים,1.00,"ק""ג",true,,22.90,22.9000,true,1,50477
8888,true,פיקדון זיכוי לקוח,,,פיקדון זיכוי לקוח,יחידה,0.00,יחידה,false,,0.30,0.0000,true,1,34313
9999,true,פיקדון בקבוקים,,,פיקדון בקבוקים,יחידה,0.00,יחידה,false,,0.30,0.0000,true,1,75
5678585,true,ענב סקרלוטה,,,ענב סקרלוטה,קילוגרמים,1.00,"ק""ג",true,,29.90,29.9000,true,1,50491
32147230,false,"מיץ לימון משומר 200מ""ל(לימונית אקסטרא)",ג'נרל מילס סאן אדריא,CH,מיץ לימון סיצילייה 2,מיליליטרים,200.00,"100 מ""ל",false,,5.90,2.9500,true,1,5443
40084107,false,ביצת שוקולד הפתעה קינדר,פרדי קונדטוריה אס פי,IT,ביצת הפתעה קינדר 20,גרמים,20.00,100 גרם,false,,5.40,27.0000,true,1,40996
42138105,false,סיגריות וינסטון סלימס כחול בודד,גיי טי אינטרנשיונל,CH,וינסטון סלימס כחול ק,יחידה,0.00,יחידה,false,,32.00,0.0000,false,1,4090
42246640,false,"ניוואה - דאודורנט רול און לאישה פאודר טאצ' נשים 50 מ""ל",ביירסדורץ,DE,דאודורנט רול און פאו,מיליליטרים,50.00,"100 מ""ל",false,,11.90,23.8000,true,1,50584
54051157,false,מעדן סויה טעם שוקו אלפרו רביעיה 125 ג',קריות זול,BE,אלפרו מעדן סויה בטעם,גרמים,500.00,100 גרם,false,,14.90,2.9800,true,1,124304
59039549,false,סיגריות ווג פריזון מנטה בודד,Unknown,PL,ווג קופסא בודדת פריס,יחידה,0.00,יחידה,false,,37.50,0.0000,false,1,4095
59068907,false,סיגריות פאל מאל כחול דמי סלימס,גלוברנס,PL,פאל מאל כחול דמי סלי,יחידה,0.00,יחידה,false,,26.00,0.0000,false,1,4096
59455233,false,סיגריות ווג ליידי כחול בודד,Unknown,PL,ווג ליידי בלו קופסא,יחידה,0.00,יחידה,false,,37.50,0.0000,false,1,4098
72917367,false,טעמי חטיף במילוי קרם נוגט וקרמל,"שטראוס גרופ בע""מ",IL,טעמי 40 גר',גרמים,40.00,100 גרם,false,,3.30,8.2500,true,1,21901
72940761,false,"מילקי מעדן שוקולד עם קצפת שטראוס 133 מ""ל",מיוצר עי קונדיטוריית,IL,מילקי שוקולד מהדרין,מיליליטרים,170.00,"100 מ""ל",false,,2.50,1.4706,true,1,22968
72940952,false,מעדן מילקי בטעם שוקולד עם אקסטרה קצפת,"שטראוס גרופ בע""\מ",IL,מילקי אקסטראה קצפת מ,מיליליטרים,110.00,"100 מ""ל",false,,3.30,3.0000,true,1,22969
72940976,false,סלט כרוב אדום אחלה 250 גרם,מיוצר עי קונדיטוריית,IL,אחלה סלט כרוב אדום,גרמים,250.00,100 גרם,false,,6.80,2.7200,true,1,22970
72940983,false,סלט חומוס 250 גר אחל,אחלה - שטראוס,IL,אחלה חומוס 250ג,גרמים,250.00,100 גרם,false,,5.90,2.3600,true,1,22971
72941041,false,מעדן מילקי מיני בטעם שוקולד עם קצפת,"שטראוס גרופ בע""\מ",IL,מיני מילקי שוקולד 70,מיליליטרים,70.00,"100 מ""ל",false,,2.10,3.0000,true,1,22972
72945308,false,קוביות שמרים לאפיה שמרית 2*25 ג',"פאקא תעשיות בע""\מ",IL,שמרית קוביות שמרים ל,גרמים,50.00,100 גרם,false,,3.00,6.0000,true,1,22973
72961209,false,"שמנת חמוצה 15% 200מל בד""צ תנובה",תנובה מרכז שיתופי לש,IL,"שמנת חמוצהבד""צ תנובה",מיליליטרים,200.00,"100 מ""ל",false,,2.05,1.0250,true,1,25447
72961506,false,יוגורט עם תות 1.5% שומן 125 ג' פרילי,מיוצר עי קונדיטוריית,IL,פרילי תות 1.5% 125מל,מיליליטרים,125.00,"100 מ""ל",false,,3.00,2.4000,true,1,25450
72961520,false,"פרילי יוגורט עם אננס 1.5% תנובה 125 מ""ל",מיוצר עי קונדיטוריית,IL,פרילי אננס 1.5% 125מ,מיליליטרים,125.00,"100 מ""ל",false,,3.00,2.4000,true,1,25452
72961544,false,"באדי יוגורט בטעם תות שדה 3% תנובה 125 מ""ל",מחלבת אלון תבור,IL,באדי תות 125מל,מיליליטרים,125.00,"100 מ""ל",false,,2.50,2.0000,true,1,25453
72963753,false,שמנת אורגינל של פעם 27% שומן 200 ג' תנובה,תנובה מרכז שיתופי לש,IL,תנובה שמנת של פעם 27,מיליליטרים,200.00,"100 מ""ל",false,,3.60,1.8000,true,1,25458
72964132,false,פרילי טבע יוגורט עם גרנולה 200 גרם,מיוצר עי קונדיטוריית,IL,פרילי טבע עם גרנולה,מיליליטרים,200.00,"100 מ""ל",false,,4.20,2.1000,true,1,25460
72986240,false,באדי מעדן חלב בטעם שוקולד תנובה 125 גרם,מחלבת אלון תבור,IL,באדי שוקו בדץ 125מל,מיליליטרים,125.00,"100 מ""ל",false,,2.50,2.0000,true,1,25463
72986370,false,"גלידת בן & ג'ריס פיינטים וניל 500מ""ל",מוצרי איכות אמריקאיים,IL,גלידת פיינטים וניל צ,מיליליטרים,420.00,"100 מ""ל",false,,17.00,4.0476,true,1,14103
72986424,false,"גלידת בן & ג'ריס פיינטים קרם עוגיות 500מ""ל",מוצרי איכות אמריקאיים בע,IL,גלידת פיינטים קרם עו,מיליליטרים,420.00,"100 מ""ל",false,,17.00,4.0476,true,1,14104
72986448,false,"גלידת בן & ג'ריס פיינטים טופי קראנץ 500מ""ל",מוצרי איכות אמריקאיים בע,IL,גלידת טופי קרנץ,מיליליטרים,420.00,"100 מ""ל",false,,17.00,4.0476,true,1,14105
72986455,false,"ניו יורק סופר גלידת שוקולד, חתיכות פאדג' ואגוזים",מוצרי איכות אמריקאיים בע,IL,גלידת פיינטים ניו-יו,מיליליטרים,420.00,"100 מ""ל",false,,17.00,4.0476,true,1,14106
72986479,false,"צ'אנקי מנקי גלידת וניל, בננות, חתיכות פאדג' ואגוזים",מוצרי איכות אמריקאיים בע,IL,גלידת פיינטים צאנקי,מיליליטרים,420.00,"100 מ""ל",false,,17.00,4.0476,true,1,14107
72991374,false,סיגריות טיים רד חפיס,דובק,IL,טיים רד,יחידה,0.00,יחידה,false,,28.90,0.0000,false,1,4541
72991466,false,קופסה גולף גולד ארוך,דובק,IL,גולף גולד ארוך סופט,יחידה,0.00,יחידה,false,,29.90,0.0000,false,1,4548
72991497,false,קופסה נובלס ירוק כהה,קריות זול,IL,נובלס ורג'יניה פילטר,יחידה,0.00,יחידה,false,,28.90,0.0000,false,1,4551
72993637,false,מעדן חלב בטעם שוקולד 125 ג' דני,"שטראוס גרופ בע""\מ",IL,דני מהדרין שוקו בודד,מיליליטרים,125.00,"100 מ""ל",false,,2.50,2.0000,true,1,22976
72994061,false,חטיף פסק זמן GOOD גלילית לבן 40 גרם,שולן צ'\יקולטה גידה סאן.,TR,פסק זמן 36גר,גרמים,36.00,100 גרם,false,,4.20,11.6667,true,1,21911
72994306,false,סיגריות רויאל אדום ח,דובק,IL,רויאל רד,יחידה,0.00,יחידה,false,,23.90,0.0000,false,1,4568
72994313,false,סיגריות רויאל כחול ח,דובק,IL,רויאל בלו,יחידה,0.00,יחידה,false,,23.90,0.0000,false,1,4569
78009226,false,דאו.דאב סטיק אורגינל50ג,"זולברג, גוברנור דריי",PH,דאו' סטיק אורגינל לא,גרמים,50.00,100 גרם,false,,18.80,37.6000,true,1,10040
80001461,false,חטיף גרנדה שוקולד 38 גרם,"א. לואקר קונפקט בע""מ",AT,'חטיף גרדנה שוקולד 3,גרמים,38.00,100 גרם,false,,3.00,7.8947,true,1,12530
80052760,false,קינדר בואנו Kinder Bueno עם חלב ואגוזי לוז,פררו - אלבה,PL,חטיף קינדר בואנו שוק,גרמים,43.00,100 גרם,false,,3.30,7.6744,true,1,41005
80136194,false,חטיפי הפי היפו Happy Hippo במילוי קרם חלבי ואגוזי לוז,קינדר Kinder,DE,הפי היפו 5*20ג,גרמים,102.00,100 גרם,false,,11.10,10.8824,true,1,41006
80176800,false,נוטלה ממרח שוקולד 750 גרם,פררו תעשיות איטליה ס,IT,ממרח שוקולד נוטלה 75,גרמים,750.00,100 גרם,false,,22.10,2.9467,true,1,41008
80177173,false,ממרח שוקולד נוטלה 350 גרם,פררו - אלבה,IT,ממרח נוטלה קקאו עם א,גרמים,350.00,100 גרם,false,,12.70,3.6286,true,1,41009
80177609,false,אצבעות שוקולד קינדר Kinder ארבע יחידות,פררו - אלבה,IT,קינדר אצבעות שוק.חלב,גרמים,50.00,100 גרם,false,,4.20,8.4000,true,1,41011
80310891,false,ג'וי ביצת הפתעה קינדר 20 גרם,קריות זול,ZA,קינדר ג'וי 20 גרם,גרמים,20.00,100 גרם,false,,5.40,27.0000,true,1,624086
80718758,false,טונה בשמן זית 160 גר CALIPO,גיאצינטו קליפו,IT,טונה בשמן זית 160 גר,גרמים,160.00,100 גרם,false,,19.60,12.2500,true,1,47427
80761761,false,קינדר בואנו לבן בודד 39 גרם,ליימן שליסל,PL,קינדר בואנו לבן 39ג,גרמים,43.00,100 גרם,false,,3.30,7.6744,true,1,41014
80768838,false,מסטיק מנטוס וויט ביג פירות ומנטה 105 ג',פרפטי ואן מלה,TR,מסטיק מנטוס וויט מנט,גרמים,105.00,100 גרם,false,,14.00,13.3333,true,1,12542
80769699,false,מנטוס וויט בטעם פירות-מנטה 40 יח,הדקלאים אגודת שיתופי,TR,מסטיק מנטוס ויט טעם,גרמים,60.00,100 גרם,false,,8.50,14.1667,true,1,12545
80773429,false,מנטוס בקבוק מעוגל - מסטיק ללא סוכר בטעם תות 60 גרם,"פרפטי ואן מלה ג'\ידה,סאן",TR,מסטיק מנטוס בקבוק בט,גרמים,60.00,100 גרם,false,,9.40,15.6667,true,1,12546
80773443,false,מנטוס בקבוק מעוגל - מסטיק ללא סוכר בטעם מנטה 60 גרם,"פרפטי ואן מלה ג'\ידה,סאן",TR,מסטיק מנטוס בקבוק בט,גרמים,60.00,100 גרם,false,,9.40,15.6667,true,1,12547
80790990,false,מסטיק מנטוס בבקבוק מעוגל בטעם פירות -מנטה 60 ג',"פרפטי ואן מלה ג'\ידה,סאן",TR,מסטיק מנטוס בקבוק בט,גרמים,60.00,100 גרם,false,,9.40,15.6667,true,1,12551
80804697,false,מסטיק וויט White בטעם מנטה מתוקה ללא סוכר,פרפטי ואן מלה,TR,מסטיק מנטוס וויט מנט,גרמים,105.00,100 גרם,false,,14.00,13.3333,true,1,12557
80864295,false,סוכריות פיור וויט טעם מנטה עדינה 60 ג' מנטוס,"פרפטי ואן מלה ג'ידה,סאן",TR,מנטוס פיור וויט ללא,גרמים,60.00,100 גרם,false,,9.40,15.6667,true,1,275844
80896081,false,מנטוס בקבוק מעוגל - מסטיק ללא סוכר בטעם אבטיח 60 גרם,"פרפטי ואן מלה ג'\ידה,סאן",TR,מסטיק מנטוס בקבוק בט,גרמים,60.00,100 גרם,false,,9.40,15.6667,true,1,12570
80913467,false,מנטוס בקבוק מעוגל - מסטיק ללא סוכר בטעם מנטה,פרפטי ואן מלה הולנד,TR,מסטיק מנטוס בקבוק בט,גרמים,60.00,100 גרם,false,,9.40,15.6667,true,1,12572
80945468,false,סוכריות פיור וויט טעם מנטה מתוקה 60 ג' מנטוס,"פרפטי ואן מלה ג'ידה,סאן",TR,מנטוס פיור וויט ללא,גרמים,60.00,100 גרם,false,,9.40,15.6667,true,1,275845
80986348,false,סוכריות פיור וויט טעם מנטה 60 ג' מנטוס,"פרפטי ואן מלה ג'ידה,סאן",TR,מנטוס פיור וויט ללא,גרמים,60.00,100 גרם,false,,9.40,15.6667,true,1,275830
80995128,false,מנטוס בקבוק עגול בטעם הדרים בתוספת ויטמינים 60 גרם,פרפטי ואן מלה הולנד,TR,מסטיק מנטוס ויטמין ל,גרמים,60.00,100 גרם,false,,9.40,15.6667,true,1,611814
87108538,false,סוכריות בטעם תות מנטוס 37.5 גרם,הדקלאים אגודת שיתופי,NL,מנטוס תות בגליל 37.5,גרמים,37.50,100 גרם,false,,2.50,6.6667,true,1,12585
87108651,false,סוכריות בטעם מנטה מנטוס 4*37.5 גרם,הדקלאים אגודת שיתופי,NL,סוכריות מנטוס מנטה 1,גרמים,150.00,100 גרם,false,,9.40,6.2667,true,1,12586
87108712,false,סוכריות בטעם פירות מנטוס 4*37.5 גרם,פרפטי ואן מלה ברדה,NL,סוכריות מנטוס פירות,גרמים,150.00,100 גרם,false,,9.40,6.2667,true,1,12587
90162602,false,רד בול משקה אנרגיה פקדון 30 אג,רד בול ג'י.אם.בי. אץ,IL,משקה אנרגיה RED BULL,מיליליטרים,250.00,"100 מ""ל",false,,5.10,2.0400,true,1,5222
198888886,false,עיגול אגורות,,,עיגול אגורות,יחידה,0.00,יחידה,false,,1.00,0.0000,true,1,46684
8421361250,false,בובת TY עיניים גדולות (S) דיוק הכלב לבן חום,,,בובות TY עיניים גדול,יחידה,0.00,יחידה,false,,24.70,0.0000,true,1,31516
9800800056,false,חטיף שוקולד עם מקלות לחם אנד גו,פררו - אלבה,DE,ממרח נוטלה & GO,גרמים,52.00,100 גרם,false,,4.20,8.0769,true,1,41019
10900634069,false,XL דיימונד שקיות אשפה חזקות במיוחד 8 יח,דיימונד,ZA,שקיות אשפה חזקות במי,גרמים,325.00,100 גרם,false,,11.00,3.3846,true,1,385105
10900678148,false,דיאמונד רדיד אלומיניום נון סטיק,דיימונד,CN,רדיד אלומיניום נון ס,יחידה,0.00,יחידה,false,,12.80,0.0000,true,1,265094
13628609388,false,חומץ בלסמי מובחר 500מל,MONARI FEDERZONI,IT,חומץ בלסמי כשר ירוק,מיליליטרים,500.00,"100 מ""ל",false,,25.00,5.0000,true,1,5447
16000548404,false,חטיפי גרנולה קראנצ'י עם שיבולת שועל ודבש נייצ'ר ואלי 5*42 גרם,ג'נרל מילס סאן אדריאן,ES,חטיף קראנצי גרנולה ש,גרמים,210.00,100 גרם,false,,16.70,7.9524,true,1,12601
16000548503,false,חטיפי גרנולה קראנצ'י עם מייפל וסוכר חום נייצ'ר ואלי 5*42 גרם,ג'נרל מילס סאן אדריאן,ES,חטיף קראנצי גרנולה מ,גרמים,210.00,100 גרם,false,,16.70,7.9524,true,1,12603
16000548909,false,חטיפי גרנולה קראנצ'י במגוון טעמים נייצ'ר ואלי 5*42 גרם,ג'נרל מילס סאן אדריאן,ES,חטיף קראנצי גרנולה מ,גרמים,210.00,100 גרם,false,,16.70,7.9524,true,1,12606
18000766413,false,"פילסברי, עוגה בטעם שוקולד, תערובת להכנת עוגה בטעם שוקולד. 550 גרם.",הדקלאים אגודת שיתופי,IL,תערובת לעוגת בראוניס,גרמים,550.00,100 גרם,false,,14.40,2.6182,true,1,12611
22200956932,false,דאודורנט ספיד סטיק גל 24/7 כחול 85 גר,הנסיך- מפעל לייצור ט,US,דאו' ג'ל כחול ספיד ס,גרמים,85.00,100 גרם,false,,16.20,19.0588,true,1,20954
25675120006,false,חמצוצים 4 צבעים טעמים טבעי 100 גרם,פאסין ב.ו,NL,חמצוצים חמצוצים טבעי,גרמים,100.00,100 גרם,false,,7.60,7.6000,true,1,3758
25700005698,false,זיפלוק שקיות אחסון בינוניות 24 יחידות,אס.סי.גונסון ובניו,US,זיפלוק שקיות אחסון ב,גרמים,147.00,100 גרם,false,,11.10,7.5510,true,1,109609
31290140176,false,שוקולוד מריר בתוספת שקדים שוקולד גודייבה פינגרס,"אולקר מקבוצת פלאדיס, ציק",TR,שוקולד מריר בתוספת ש,גרמים,90.00,100 גרם,false,,12.80,14.2222,true,1,98833
34000148301,false,הרשי נטיפי שוקולד מריר לאפייה 340 גר,ליימן מותגים,US,הרשי נטיפי אפייה שוק,גרמים,340.00,100 גרם,false,,16.20,4.7647,true,1,12621
37600207188,false,חמאת בוטנים קלאסי סקיפי 462 גרם,חברת המזון אלגוד,US,סקיפי חמאת בוטנים קל,גרמים,462.00,100 גרם,false,,15.30,3.3117,true,1,5226
38000232152,false,פרינגלס חטיפי תפוח אדמה בטעם ברביקיו 158 גרם,פרינגלס מנופקצ'ורינג קומ,US,פרינגלס ביג ברביקיו,גרמים,158.00,100 גרם,false,,7.60,4.8101,true,1,51792
38000232176,false,פרינגלס ביג שמנת בצל 158 גרם,פרינגלס מנופקצ'ורינג קונ,US,פרינגלס ביג שמנת בצל,גרמים,158.00,100 גרם,false,,7.60,4.8101,true,1,51794
38000232183,false,פרינגלס ביג אורגינל 149 גרם,פרינגלס מנופקצ'ורינג קונ,US,פרינגלס ביג אורגינל,גרמים,158.00,100 גרם,false,,7.60,4.8101,true,1,51795
40000512943,false,סוכריות אם אנד אמס M&M שוקולד חלב,M&M אם אנד אם,US,MַM שוקולד 300גר,גרמים,300.00,100 גרם,false,,17.90,5.9667,true,1,20409
40000514510,false,M&M אריזה קטנה's בוטנים אריזה קטנה 49 גרם,M&M אם אנד אם,US,בוטנים 49 גרם M&M עד,גרמים,49.00,100 גרם,false,,4.20,8.5714,true,1,20415
46214382259,false,עוגיות בראוניס שוקולד 225 ג',בנקטבקריי מרבה בי.וי,NL,מרבה עוגיות בראוניס,גרמים,225.00,100 גרם,false,,6.80,3.0222,true,1,20961
46214731552,false,עוגיות שוקולד צ'יפס 37% גודיס 225 גרם,קריניציה ויטמינה אס,NL,מרבה עוגיות שוקולד צ,גרמים,225.00,100 גרם,false,,6.80,3.0222,true,1,20962
50000225224,false,מזול חתולים פריסקיז פילה הודו ברוטב 156 גרם,נסטלה פורינה USA קר,US,פריסקיז פריים פילה ה,גרמים,156.00,100 גרם,false,,5.90,3.7821,true,1,18125
50000429448,false,פריסקיז פנסי פיסט פטה מוס סלמון 85 גרם,נסטלה פורינה USA סט,US,פנסי פיסט פטה מוס סל,גרמים,85.00,100 גרם,false,,5.30,6.2353,true,1,18135
50000429646,false,פריסקיז פנסי פיסט לח דג אוקיאנוס 85 גרם,נסטלה פורינה USA ג',US,פנסי פיסט פטה דג אוק,גרמים,85.00,100 גרם,false,,4.90,5.7647,true,1,18136
51500255162,false,"חמאת בוטנים לל""ג JIF אריזת 454ג'",ג'י.אס.קיי קונסיומר,US,חמאת בוטנים קלאסית 4,גרמים,454.00,100 גרם,false,,17.90,3.9427,true,1,5451
54881006972,false,תה שחור לימון וליים 20 שקיקים אחמד,תה אחמד Ahmad tea,,תה שחור לימון וליים,יחידה,0.00,יחידה,false,,7.70,0.0000,true,1,120636
64144090020,false,"ספריי שמן PAM בטעם שמן זית 141 מ""ל",קונאגרה פודס,US,תרסיס שמן זית פאם 14,גרמים,148.00,100 גרם,false,,15.00,10.1351,true,1,12639
64144090051,false,"ספריי שמן PAM קנולה אורגינל 148 מ""ל",קונאגרה פודס,US,תרסיס שמן קנולה פאם,מיליליטרים,148.00,"100 מ""ל",false,,15.00,10.1351,true,1,12640
70177077563,false,תה ארל גריי 25 שקיות טוינינגס 50 גר,אר. טווינינגס אנד קומפני,PL,טווינינג ארל גריי 50,גרמים,50.00,100 גרם,false,,16.20,32.4000,true,1,13664
70177086664,false,תה ירוק טהור 25 שק TWININGS,אר. טווינינגס אנד קומפני,PL,טווינינג גרין פיור 5,גרמים,50.00,100 גרם,false,,17.10,34.2000,true,1,13667
70177173159,false,תה ירוק עם לימון 25 שק TWININGS,אר. טווינינגס אנד קו,PL,טווינינג גרין למון 4,גרמים,40.00,100 גרם,false,,17.10,42.7500,true,1,13668
70177273330,false,חליטת ורבנה 37.5 גרם טווינינג,טווינינג,PL,טווינינגס חליטת לואי,גרמים,37.50,100 גרם,false,,15.30,40.8000,true,1,349413
72600062306,false,הרס חטיף במבה בטעם גבינה 198 גרם,הר פודס,US,הר חטיף גבינת 198 גר,גרמים,198.00,100 גרם,false,,17.10,8.6364,true,1,156030
72600062320,false,הר חטיף גבינה בטעם פיצה 198 גרם,הר פודסn\,US,הר חטיף גבינה בטעם פ,גרמים,198.00,100 גרם,false,,17.10,8.6364,true,1,156043
76840001774,false,"גלידה עוגיות חלב עם חתיכות פאדג בן וג'ירי 500 מ""ל",מוצרי איכות אמריקאיים בע,IL,גלידת פיינטים שוק' צ,מיליליטרים,420.00,"100 מ""ל",false,,17.00,4.0476,true,1,72735
76840002542,false,"גלידת בן & ג'ריס פיינט נטפליקס וצ'ילד 500מ""ל",מוצרי איכות אמריקאיים בע,IL,גלידת פיינטים נטפליק,מיליליטרים,420.00,"100 מ""ל",false,,17.00,4.0476,true,1,72736
76840100156,false,"בן אנד גריס גלידת צרי גרסיה 500 מ""ל",מוצרי איכות אמריקאיים בע,IL,בן&גרי גלידה צרי גרס,גרמים,473.00,100 גרם,false,,17.00,3.5941,true,1,14120
76840400218,false,"גלידה בן&ג'ריס תות שדה ועוגת גבינה 500מ""ל",מוצרי איכות אמריקאיים בע,IL,בן&גריס גלידה תות שד,מיליליטרים,475.00,"100 מ""ל",false,,17.00,3.5789,true,1,14134
77245110610,false,סוכריות מאסט ללא סוכר בטעם מנטה 80 ג'עלית,MIESZKO S.A - MS. JO,PL,סוכריות מאסט ללא סוכ,גרמים,80.00,100 גרם,false,,5.90,7.3750,true,1,21916
77975022757,false,בייגלה בסגנון אמריקאי 382 גרם סניידרס,סניידרס אוף האנובר,US,סניידרס בייגלה אמריק,גרמים,382.00,100 גרם,false,,13.60,3.5602,true,1,12642
77975034071,false,סניידרס חטיף בייגלה ניברלס 255.2 גרם,ליימן מותגים,US,בייגלה סניידרס ניבלר,גרמים,255.00,100 גרם,false,,13.60,5.3333,true,1,12646
77975094631,false,סניידרס סנדוויץ' בייגלה במילוי קרם בטעם צ'דר 226 גרם,סניידרס לאנס,US,סניידרס בייגלה סנדוו,גרמים,266.00,100 גרם,false,,13.60,5.1128,true,1,140080
77975094761,false,סניידרס חטיפים על בסיס קמח חיטה בטעם גבינת צ'דר,סניידרס אוף האנובר,US,סניידרס צ'דר 340 גרם,גרמים,340.00,100 גרם,false,,13.60,4.0000,true,1,140081
80432402931,false,"שיבאס וויסקי ריגאל 12 שנה 700 מ""ל",מזקקת האחים שיבאס,GB,שיבאס וויסקי ריגאל 1,מיליליטרים,700.00,"100 מ""ל",false,,94.10,13.4429,true,1,33534
85696608044,false,טופו ללא גלוטן 349ג' (כ) Morinaga,Morinaga nutritional,US,טופו ללא גלוטן מזרח,גרמים,349.00,100 גרם,false,,11.10,3.1805,true,1,47098
350007641028,false,משחת שיניים קולגייט משחה 2ב1 הלבנה 130 גרם,קולגייט Colgate,MX,קולגייט משחת שיניים,מיליליטרים,130.00,"100 מ""ל",false,,11.00,8.4615,true,1,126891
611745285685,true,אבוקדו בשל יח,,,אבוקדו בשל יח,גרמים,470.00,100 גרם,false,,8.90,1.8936,true,1,50492
613008742348,false,בקבוק אריזונה ג'נסינג ודבש 1 ליטר,"נטורלה גטרנק בע""\מn\",BG,אריזונה ג'נסנג ודבש,ליטרים,1.00,ליטר,false,,10.10,10.1000,true,1,99892
613008753320,false,"אריזונה ג'ינסנג ודבש בקבוק 450 מ""ל.",אריזונה Arizona,BG,אריזונה ג'נסנג ודבש,מיליליטרים,450.00,"100 מ""ל",false,,7.10,1.5778,true,1,38943
613008755461,false,בקבוק אריזונה אוכמניות 1 ליטר,"נטורלה גטרנק בע""\מn\",BG,אריזונה אוכמניות בקב,ליטרים,1.00,ליטר,false,,10.10,10.1000,true,1,99894
633824111838,false,"וודקה וואן גוך בטעם אננס, 750 מ''ל",מזקקת קוימאנס טילבורג,NL,ואן גוך וודקה אננס 7,מיליליטרים,750.00,"100 מ""ל",false,,119.70,15.9600,true,1,33536
634065859329,false,אוזניות שחור imx,,,אוזנייה שחורה,יחידה,0.00,יחידה,false,,25.60,0.0000,true,1,445313
649660432020,false,היל וויו שזיפים מיובשים מגולענים 567 גרם,היליו פאקינג קוסמי א,US,הייל ויו שזיפים מיוב,גרמים,567.00,100 גרם,false,,25.60,4.5150,true,1,178462
693493065634,false,ניוקי 3 צבעים 500 גר,,,ניוקי 3 צבעים 500 גר,גרמים,500.00,100 גרם,false,,8.50,1.7000,true,1,78641
710535495539,false,"אורז בסמטי 96% 1 ק""ג Avel",,IN,"אבאל אורז בסמטי 1 ק""",קילוגרמים,1.00,"ק""ג",false,,10.20,10.2000,true,1,79852
728229123613,false,טרה חטיף על בסיס תפוח אדמה כחול בטעם טבעי 110 גרם,היין סלסטיאל גרופ,US,טרה צ'יפס חטיף ירקות,גרמים,50.00,100 גרם,false,,13.30,26.6000,true,1,5479
728229123811,false,טרה חטיף על בסיס ירקות שורש בתיבול ים תיכוני 110 גרם,הונדורס צ'יפס יצור א,HN,טרה צ'יפס חטיף ים ת,גרמים,110.00,100 גרם,false,,13.30,12.0909,true,1,5480
753182231761,false,"משקה אנרגיה BLU ללא תוספת סוכר 250 מ""ל",אקווה ויט,PL,בלו סיקס ללא סוכר 25,מיליליטרים,250.00,"100 מ""ל",false,,3.90,1.5600,true,1,1812
768404001640,false,"גלידה בן&ג'ריס קפה משפחתית 500מ""ל",מוצרי איכות אמריקאיים בע,IL,גלידה פיינטס קפה 473,מיליליטרים,473.00,"100 מ""ל",false,,17.00,3.5941,true,1,14144
811250030699,false,פלפל שחור טחון 50 גר,נפטון Neptune,,פלפל שחור טחון 50 גר,גרמים,50.00,100 גרם,false,,5.10,10.2000,true,1,34489
835811000402,false,כפות 50 יח` קרם עבה במיוחד,"גרנג יוניברס , הונג",TR,כפות 50 יח' קרם עבה,יחידה,0.00,יחידה,false,,14.45,0.0000,true,1,7430
835811000419,false,כפיות 50 יח` קרם עבה במיוחד,"גרנג יוניברס , הונג",TR,כפיות 50 יח' קרם עבה,יחידה,0.00,יחידה,false,,14.45,0.0000,true,1,7431
835811000426,false,מזלגות קרם עבה במיוחד 50 יח',"גרנג יוניברס , הונג",TR,מזלגות 50 יח' קרם עב,יחידה,0.00,יחידה,false,,14.45,0.0000,true,1,7432
835811000433,false,סכינים 50 יח` קרם עבה במיוחד,"גרנג יוניברס , הונג",TR,סכינים 50 יח' קרם עב,יחידה,0.00,יחידה,false,,14.45,0.0000,true,1,7433
835811001157,false,צלחות גדול מדקל עגול 10 יח,,,צלחות עגולות גדולות,יח',10.00,יח',false,,14.45,1.4450,true,1,228171
835811001676,false,"תבנית אלומיניום גדולה 32*26 ס""מ - 9 יח'",הנמל,IL,תבנית גדולה 9 יח. R-,יחידה,0.00,יחידה,false,,11.90,0.0000,true,1,7447
835811003427,false,"צלחות גדול מקנה סוכר 1 ק""ג כ-67 יח`",,IN,צלחות גדול מקנה סוכר,יחידה,0.00,יחידה,false,,29.90,0.0000,true,1,615756
835811003458,false,מזלגות אלגנט שחור / שקוף 50 יח' הנמל,,TR,מזלגות אלגנט שקוף 50,יחידה,0.00,יחידה,false,,8.50,0.0000,true,1,575161
835811003465,false,סכינים אלגנט שחור / שקוף 50 יח' הנמל,,TR,סכינים אלגנט שקוף 50,יחידה,0.00,יחידה,false,,8.50,0.0000,true,1,575177
835811003472,false,כפות אלגנט שחור / שקוף 50 יח' הנמל,,TR,כפות אלגנט שקוף 50 י,יחידה,0.00,יחידה,false,,8.50,0.0000,true,1,575162
835811003588,false,צלחות קלאסי גדול לבן 65 יח' הנמל,,,צלחות קלאסי לבן גדול,יחידה,0.00,יחידה,false,,29.90,0.0000,true,1,386563
835811003595,false,צלחות קלאסי קטן לבן 65 יח' הנמל,,,צלחות קלאסי לבן קטן,יחידה,0.00,יחידה,false,,21.30,0.0000,true,1,386564
835811004219,false,מפות שולחן ניילון עבה הנמל 8 יח',זמזמ תעשיות פלסטיק,IL,מפות שולחן 8 מטר עבה,מטרים,8.00,מטר,false,,15.00,1.8750,true,1,7511
835811004431,false,מארז ממחטות טישו משי 100X5 יח`,,,מארז ממחטות נייר טי,יח',5.00,יח',false,,8.50,1.7000,true,1,285081
835811004523,false,קשים מיוחדים לשייק 75 יח הנמל,,CN,הנמל קשים מיוחדים לש,יח',75.00,יח',false,,8.47,0.1129,true,1,7518
835811005810,false,מגש הכסף תבנית מרובע קטן +מכסה 10 יח`,הנמל,IL,תבנית אלומיניום מרוב,יחידה,0.00,יחידה,false,,11.90,0.0000,true,1,7566
835811005933,false,מגש הכסף תבנית אלומ` ענק 5 יח`,ווינפאק,,תבנית ענקית 5 יח. R-,יחידה,0.00,יחידה,false,,11.90,0.0000,true,1,7568
835811006435,false,מגש הכסף תבנית מלבן עמוק + מכסה 9 יח`,,IL,תבנית מלבנית עמוקה ע,יחידה,0.00,יחידה,false,,11.90,0.0000,true,1,7601
835811006497,false,אבקת סוכר 500 גרם הנמל,ר.ס. חברה ליבוא ויצו,IL,אבקת סוכר 500 גר,גרמים,500.00,100 גרם,false,,8.90,1.7800,true,1,7604
835811008699,false,כפות שקוף/קרם עבה במיוחד הנמל 50 יח,"גרנג יוניברס , הונג",TR,כפות 50 יח שקוף עבה,יחידה,0.00,יחידה,false,,14.45,0.0000,true,1,7662
835811008934,false,מזלגות 50 יח שקוף/קרם עבה במיוחד,"גרנג יוניברס , הונג",TR,מזלגות 50 יח עבה במי,יחידה,0.00,יחידה,false,,14.45,0.0000,true,1,7673
835811008941,false,סכינים 50 יח שקוף/קרם עבה במיוחד,"איטיליאן פוד, אס.פי.",TR,סכינים 50 יח שקוף עב,יחידה,0.00,יחידה,false,,14.45,0.0000,true,1,7674
835811008958,false,כפיות 50 יח שקוף/קרם עבה במיוחד,"גרנג יוניברס , הונג",TR,כפיות 50 יח שקוף עבה,יחידה,0.00,יחידה,false,,14.45,0.0000,true,1,7675
835811008996,false,"כוסות חד פעמי קרטון 295 מ""ל",הנמל,CN,כוסות קרטון 10 אוז,יחידה,0.00,יחידה,false,,13.60,0.0000,true,1,7678
835811009016,false,כוסות קרטון 50 יח 4 OZ,הנמל,CN,כוסות קרטון 50 יח 4O,יחידה,0.00,יחידה,false,,6.80,0.0000,true,1,7680
839762000658,false,איילנד גויאבה המשקה של חופי סיני 1 ליטר,The Egyptian Co. for,EG,איילנד נקטר גויאבה 1,ליטרים,1.00,ליטר,false,,9.90,9.9000,true,1,38947
839762002386,false,"איילנד גויאבה בקבוק 350 מ""ל","פאראגאלה,דה אג'יפשן",EG,איילנד משקה גויאבה 3,מיליליטרים,350.00,"100 מ""ל",false,,5.10,1.4571,true,1,38949
841058006633,false,"אדג' ג'יל גילוח מועשר בשיבולת שועל 198 מ""ל",אנרג'ייזר,US,ג'ל גילוח אדג' מועשר,מיליליטרים,198.00,"100 מ""ל",false,,13.60,6.8687,true,1,109395
851621000050,false,בירה חיטה בטעם הדרים 1664 בלאנק - שישייה,קרלסברג ספליי קומפאני פו,PL,בירה BLANC שישיה 330,ליטרים,1.98,ליטר,false,,36.00,18.1818,true,1,72689
859547004084,false,ספוג ניקוי לימון פרש סקראב דדי,סקראב דאבי,VN,ספוג ניקוי בניחוח לי,גרמים,34.00,100 גרם,false,,15.30,45.0000,true,1,372054
859547004329,false,ספוג ניקוי צבעוני סקראב דדי Scrub Daddy,סקארקיסט,VN,ספוג ניקוי כלים בצבע,גרמים,34.00,100 גרם,false,,15.30,45.0000,true,1,372040
859547004466,false,קירצוף וספוג ניקוי SCRUB DADDY,סקראב דאבי,VN,ספוג ניקוי דו צדדי ס,גרמים,34.00,100 גרם,false,,15.30,45.0000,true,1,372013
877300000074,false,פלפל שחור גרוס צנצנת,,,פלפל שחור גרוס צנצנת,גרמים,100.00,100 גרם,false,,12.80,12.8000,true,1,34498
877300001057,false,פלפל לבן טחון צנצנת,,,נפטון פלפל לבן טחון,גרמים,100.00,100 גרם,false,,12.80,12.8000,true,1,34509
877300001071,false,שום גבישי דק 150 גרם,נפטון מוצרי מזון,IL,שום גבישי דק 150גר,גרמים,150.00,100 גרם,false,,9.40,6.2667,true,1,34511
877300001101,false,נפטון קינמון טחון 15,נפטון Neptune,,נפטון קינמון טחון 15,גרמים,150.00,100 גרם,false,,9.40,6.2667,true,1,34512
877300001163,false,נפטון פפריקה חריפה 1,נפטון Neptune,,נפטון פפריקה חריפה 1,גרמים,150.00,100 גרם,false,,9.40,6.2667,true,1,34516
877300001248,false,פפריקה מתוקה מרוקאית בשמן,נפטון Neptune,,נפטון פפריקה מתוקה 1,גרמים,150.00,100 גרם,false,,9.40,6.2667,true,1,34519
877300001286,false,כמון טחון 150 גרם,נפטון Neptune,,כמון טחון 150גר,גרמים,150.00,100 גרם,false,,9.40,6.2667,true,1,34520
877300001361,false,נפטון תבלין לשווארמה,,,נפטון תבלין לשווארמה,גרמים,150.00,100 גרם,false,,9.40,6.2667,true,1,34523
877300001385,false,תערובת תיבול לפרגיות,נפטון Neptune,,נפטון תבלין לפרגיות,גרמים,150.00,100 גרם,false,,9.40,6.2667,true,1,34525
877300001392,false,תערובת תיבול לגריל עוף,נפטון Neptune,,תבלין גריל עוף 150 ג,גרמים,150.00,100 גרם,false,,9.40,6.2667,true,1,34526
877300001576,false,תערובת תיבול על האש ברביקיו,נפטון Neptune,,תבלין על האש ברביקיו,גרמים,150.00,100 גרם,false,,9.40,6.2667,true,1,34531
877300001989,false,פפריקה הונגרית בשמן,,,פפריקה הונגרית בשמן,גרמים,150.00,100 גרם,false,,9.40,6.2667,true,1,34539
877300004270,false,ציפוי לשניצל ים תיכו,,,ציפוי לשניצל ים תיכו,גרמים,400.00,100 גרם,false,,8.60,2.1500,true,1,34576
877300004553,false,פפריקה מתוקה 80 גרם,נפטון Neptune,,פפריקה מתוקה 80 גרם,גרמים,80.00,100 גרם,false,,5.10,6.3750,true,1,34580
877300004577,false,כמון טחון 50 גרם שקי,נפטון Neptune,,כמון טחון 50 גרם שקי,גרמים,50.00,100 גרם,false,,5.10,10.2000,true,1,34582
877300004584,false,כורכום טחון 80 גרם ש,נפטון Neptune,,כורכום טחון 80 גרם ש,גרמים,80.00,100 גרם,false,,5.10,6.3750,true,1,34583
877300007714,false,כורכום טחון 400 גרם,,,כורכום טחון 400גר,גרמים,400.00,100 גרם,false,,17.90,4.4750,true,1,34587
877300007721,false,כמון טחון 400 גרם,,,כמון טחון 400גר,גרמים,400.00,100 גרם,false,,17.90,4.4750,true,1,34588
877300007752,false,פפריקה מתוקה 400 גר,,,פפריקה מתוקה 400גר,גרמים,400.00,100 גרם,false,,17.90,4.4750,true,1,34590
877300007936,false,פפריקה מתוקה גס בשמן,,,פפריקה מתוקה גס בשמן,גרמים,400.00,100 גרם,false,,17.90,4.4750,true,1,34591
877300008001,false,פפריקה חריפה בשמן 40,,,פפריקה חריפה בשמן 40,גרמים,400.00,100 גרם,false,,17.90,4.4750,true,1,34592
877300009848,false,מלח לימון 150 גרם נפ,,,מלח לימון 150 גרם נפ,גרמים,150.00,100 גרם,false,,9.40,6.2667,true,1,34611
884912102102,false,דגני בוקר פוסט סלקט אוכמניות 382 גר,הנסיך- מפעל לייצור ט,US,דגני בוקר אוכמניות ג,גרמים,382.00,100 גרם,false,,19.60,5.1309,true,1,42637
884912359162,false,האני באנצ' דגני בוקר עם שקדים פוסט 411 גרם,פוסט ארצות הברית,US,דגני בוקר שיבולת שוע,גרמים,340.00,100 גרם,false,,19.60,5.7647,true,1,391118
884912359421,false,דגני בוקר האני באנצ'ס מייפל ופקאן פוסט 340 גרם,פוסט ארצות הברית,US,דגני בוקר שיבולת שוע,גרמים,340.00,100 גרם,false,,19.60,5.7647,true,1,391148
884912365200,false,דגני בוקר אוראו שחור ולבן 311 גרם,פוסט ארצות הברית,US,דגני בוקר עם פירורי,גרמים,311.00,100 גרם,false,,19.60,6.3023,true,1,577107
3010470158221,false,פריסקיז פ.עוף וירקות400ג,ניו פטפוד איטליה,IT,פריסקיז פטה עוף וירק,גרמים,400.00,100 גרם,false,,8.50,2.1250,true,1,18147
3014260289287,false,סכין גילוח גילט בלו 2 לנשים-חמישייה,פרוקטר אנד גמבל,RU,סכיני גילוח לאישה בל,יחידה,0.00,יחידה,false,,12.80,0.0000,true,1,26548
3045206360609,false,"דזיטול נוזל מחטא בגדים בכביסה, 1 ליטר",רלוי,ES,דזיטול נוזל מחטא בגד,מיליליטרים,1.00,"100 מ""ל",false,,20.50,2050.0000,true,1,408041
3046920028004,false,לינדט שוקולד אקסלנס מריר 70% 100 גר,לינדט ושפרונגלי קילשברג,FR,לינדט אקסלנס 70% 100,גרמים,100.00,100 גרם,false,,12.80,12.8000,true,1,13702
3046920028363,false,לינדט אקסלנס 85% מוצקי קקאו 100 גרם,לינדט ושפרונגלי קילשברג,FR,לינדט אקסלנס 85% 100,גרמים,100.00,100 גרם,false,,12.80,12.8000,true,1,13703
3046920029674,false,שוקולד לינדט אקסלנס סולט 100 גרם,לינדט ושפרונגלי קילשברג,DE,לינדט אקסלנס עם שבבי,גרמים,100.00,100 גרם,false,,12.80,12.8000,true,1,13708
3046920029681,false,לינדט שוקולד אקסלנס מילד 85% קקאו 100 גר,לינדט ושפרונגלי,DE,לינדט אקסלנס מילד 85,גרמים,100.00,100 גרם,false,,12.80,12.8000,true,1,85892
3046920029759,false,לינדט אקסלנס 90% מוצקי קקאו 100 גרם,לינדט ושפרונגלי קילשברג,DE,לינדט אקסלנס 90% 100,גרמים,100.00,100 גרם,false,,12.80,12.8000,true,1,13709
3046920029780,false,לינדט שוקולד אקסלנס 70% מילד 100 גר,לינדט ושפרונגלי קילשברג,DE,לינדט אקסלנס 70% 100,גרמים,100.00,100 גרם,false,,12.80,12.8000,true,1,13710
3059943015128,false,מבשם אוויר נטול גז אקווה מיסט בניחוח לבנדר פראי ואוויר הרים,הדקלאים אגודת שיתופי,PL,איירוויק ספריי נטול,מיליליטרים,345.00,"100 מ""ל",false,,12.70,3.6812,true,1,20544
3059943016507,false,"אירוויק ספריי בניחוח לבנדר וקמומיל 240 מ""ל",איירוויק Air Wick,GB,איירויק ספריי לבנדר,מיליליטרים,240.00,"100 מ""ל",false,,8.50,3.5417,true,1,20545
3073781162790,false,גבינה מותכת בייבי בל 120 גרם,מחלבות בל,FR,בייבי בל 24% אדום 12,גרמים,120.00,100 גרם,false,,19.60,16.3333,true,1,488252
3161911229199,false,חמאה צרפתית רכה למריחה אל & ויר 250 גרם,אלל אה וויר,FR,אלוויר חמאה רכה 250ג,גרמים,250.00,100 גרם,false,,18.70,7.4800,true,1,16483
3161911366429,false,חמאה צרפתית מלוחה רכה למריחה אלוויר 250 גר',ארזינא,FR,אלוויר חמאה רכה מלוח,גרמים,250.00,100 גרם,false,,18.70,7.4800,true,1,16485
3161911393210,false,אלוויר חמאת נורמנדי מלוחה 200 גרם,אלוויר,FR,חמאת נורמנדי מלוחה 2,גרמים,200.00,100 גרם,false,,18.70,9.3500,true,1,453638
3162330060479,false,בירה SAER BRAU 6*250,,,בירה SAER BRAU 6*250,ליטרים,1.50,ליטר,false,,13.00,8.6667,true,1,613447
3178530402353,false,עוגות מיני מדלן קלאסי סאן מישל 175 גרם,סאן מישל ביסוויט,FR,עוגיות רכות מיני מדל,גרמים,175.00,100 גרם,false,,11.00,6.2857,true,1,16494
3178530407938,false,עוגיות מיני מדליין עם שוקוצ'יפס סאן מישל 175 גרם,סן מישל St Michel,FR,עוגיות שוקולד צ'יפס,גרמים,175.00,100 גרם,false,,11.00,6.2857,true,1,16496
3245412211393,false,שוקולד חלב מעולה קרפ,,FR,שוקולד חלב מעולה קרפ,גרמים,300.00,100 גרם,false,,6.80,2.2667,true,1,513561
3245412211409,false,שוקולד חלב מעולה עם,,FR,שוקולד חלב מעולה עם,גרמים,300.00,100 גרם,false,,13.60,4.5333,true,1,513011
3254550033279,false,גבינת קממבר 250 גרם סנט מר,איסיני סנט מור,FR,גבינת קממבר 250 גרם,גרמים,250.00,100 גרם,false,,26.40,10.5600,true,1,16502
3267682136176,false,ויסקי היילנד קווין בלנדד 1 ליטר,היילנד קווין קומפני,GB,ויסקי היילנד קווין ב,ליטרים,1.00,ליטר,false,,86.30,86.3000,true,1,72
3270190111108,false,קרפור מוזלי פירות 7,,,קרפור מוזלי פירות 7,גרמים,750.00,100 גרם,false,,13.60,1.8133,true,1,588641
3270190151654,false,שוקולד מריר מעולה עם,,FR,שוקולד מריר מעולה עם,גרמים,100.00,100 גרם,false,,5.10,5.1000,true,1,513026
3270190174936,false,שוקולד חלב עם תכולת,,FR,שוקולד חלב עם תכולת,גרמים,100.00,100 גרם,false,,5.10,5.1000,true,1,513056
3387390525960,false,קראנץ' דגני בוקר עם שוקולד חלב נסטלה 500 גרם,הנסיך- מפעל לייצור ט,FR,דגני קראנץ' נסטלה 50,גרמים,500.00,100 גרם,false,,19.60,3.9200,true,1,18149
3387390730852,false,פיטנס דגנים מחיטה מלאה ואורז נסטלה 375 גרם,נסטלה צרפת איטנקורט,FR,דגני פיטנס נסטלה 375,גרמים,375.00,100 גרם,false,,17.40,4.6400,true,1,18150
3523230025638,false,"גבינת עיזים בושה טבעי, 125 גרם",אוריאל,FR,גבינת עיזים בושה טבע,גרמים,125.00,100 גרם,false,,23.00,18.4000,true,1,16515
3523230026826,false,"גבינת עיזים למריחה פירמידה, 140 גרם",סואניון,FR,פרמידה עיזים טבעי 14,גרמים,140.00,100 גרם,false,,23.00,16.4286,true,1,16517
3523230026888,false,"גבינת עיזים שום ועשבי תיבול למריחה פירמידה, 140 גרם",סואניון SOIGNON,FR,פרמידה עיזים שום ועש,גרמים,140.00,100 גרם,false,,23.00,16.4286,true,1,16519
3525490011093,false,"יין לה ז'אמל שרדונה 750 מ""ל",בדט קלמנט,FR,לה ז'אמל שרדונה 750,מיליליטרים,750.00,"100 מ""ל",false,,51.30,6.8400,true,1,414349
3560070230778,false,קרפור-תה אנגלי שחור,,,קרפור-תה אנגלי שחור,גרמים,50.00,100 גרם,false,,5.90,11.8000,true,1,613744
3560070232963,false,קרפור-חליטת פירות יע,,,קרפור-חליטת פירות יע,גרמים,40.00,100 גרם,false,,5.90,14.7500,true,1,613654
3560070249343,false,קרפור- שוקולד חלב עם,,FR,קרפור- שוקולד חלב עם,גרמים,100.00,100 גרם,false,,5.10,5.1000,true,1,632750
3560070415755,false,קרפור-תה ירוק 25 יחי,,,קרפור-תה ירוק 25 יחי,גרמים,32.50,100 גרם,false,,6.80,20.9231,true,1,613537
3560070582884,false,קרפור סטייליס עם שוק,,,קרפור סטייליס עם שוק,גרמים,300.00,100 גרם,false,,7.70,2.5667,true,1,588595
3560070659517,false,קרפור-תה ארל גריי 20,,,קרפור-תה ארל גריי 20,גרמים,36.00,100 גרם,false,,8.50,23.6111,true,1,613522
3560070669981,false,שוקולד מריר מעולה 80,,FR,שוקולד מריר מעולה 80,גרמים,80.00,100 גרם,false,,4.20,5.2500,true,1,512984
3560070720859,false,שוקולד מריר מעולה 72,,FR,שוקולד מריר מעולה 72,גרמים,80.00,100 גרם,false,,4.20,5.2500,true,1,513027
3560070800230,false,קרפור שוקו קרלס 375,,,קרפור שוקו קרלס 375,גרמים,375.00,100 גרם,false,,5.90,1.5733,true,1,588657
3560070800353,false,קרפור הוני בולז 375,,,קרפור הוני בולז 375,גרמים,375.00,100 גרם,false,,5.90,1.5733,true,1,588689
3560070820221,false,קרפור-חטיף דגנים אגו,,,קרפור-חטיף דגנים אגו,גרמים,125.00,100 גרם,false,,5.10,4.0800,true,1,613834
3560070826186,false,קרפור מוזלי שוקולד ו,,,קרפור מוזלי שוקולד ו,גרמים,750.00,100 גרם,false,,12.80,1.7067,true,1,588626
3560070852116,false,קרפור-תה ירוק נענע 5,,,קרפור-תה ירוק נענע 5,גרמים,80.00,100 גרם,false,,7.70,9.6250,true,1,613669
3560070888108,false,קרפור-תה שחור בטעם ל,,,קרפור-תה שחור בטעם ל,גרמים,40.00,100 גרם,false,,5.90,14.7500,true,1,613714
3560070888115,false,קרפור-חליטת טיליה 25,,,קרפור-חליטת טיליה 25,גרמים,42.50,100 גרם,false,,5.90,13.8824,true,1,613610
3560070888139,false,קרפור-תה שחור בטעם פ,,,קרפור-תה שחור בטעם פ,גרמים,42.50,100 גרם,false,,5.90,13.8824,true,1,613699
3560070888153,false,קרפור-תה ירוק בטעם ל,,,קרפור-תה ירוק בטעם ל,גרמים,40.00,100 גרם,false,,5.90,14.7500,true,1,613729
3560071005191,false,קרפור -שוקולד לבן עם,,FR,קרפור -שוקולד לבן עם,גרמים,100.00,100 גרם,false,,5.10,5.1000,true,1,632793
3560071013127,false,קרפור סטייליס עם שוק,,,קרפור סטייליס עם שוק,גרמים,300.00,100 גרם,false,,7.70,2.5667,true,1,588610
3560071013196,false,קרפור סטייליס בטעם ט,,,קרפור סטייליס בטעם ט,גרמים,500.00,100 גרם,false,,8.50,1.7000,true,1,588611
3560071015725,false,קרפור פיברה עם 5 פיר,,,קרפור פיברה עם 5 פיר,גרמים,500.00,100 גרם,false,,10.20,2.0400,true,1,588673
3560071018566,false,קרפור-חטיף דגנים בוט,,,קרפור-חטיף דגנים בוט,גרמים,125.00,100 גרם,false,,5.10,4.0800,true,1,613835
3560071081256,false,קרפור-תה שחור 20 יחי,,,קרפור-תה שחור 20 יחי,גרמים,36.00,100 גרם,false,,8.50,23.6111,true,1,613477
3560071081263,false,קרפור-תה ירוק סיני 2,,,קרפור-תה ירוק סיני 2,גרמים,36.00,100 גרם,false,,8.50,23.6111,true,1,613507
3560071090821,false,קרפור שוקו בולז 375,,,קרפור שוקו בולז 375,גרמים,375.00,100 גרם,false,,5.90,1.5733,true,1,588658
3560071095598,false,קרפור-חטיף דגנים חמו,,,קרפור-חטיף דגנים חמו,גרמים,125.00,100 גרם,false,,5.10,4.0800,true,1,613850
3560071095659,false,קרפור-חטיף דגנים קוק,,,קרפור-חטיף דגנים קוק,גרמים,125.00,100 גרם,false,,5.10,4.0800,true,1,613851
3560071341947,false,שמן זית כתית מעולה ב,,FR,שמן זית כתית מעולה ב,מיליליטרים,750.00,"100 מ""ל",false,,9.90,1.3200,true,1,587367
3560071413750,false,קרפור-שוקולד מריר 80,,FR,קרפור-שוקולד מריר 80,גרמים,100.00,100 גרם,false,,5.90,5.9000,true,1,632907
3560071431914,false,קפסולות קפה קרפור עו,,FR,קפסולות קפה קרפור עו,גרמים,52.00,100 גרם,false,,5.90,11.3462,true,1,589894
3560071432003,false,קפסולות קפה קרפור עו,,FR,קפסולות קפה קרפור עו,גרמים,52.00,100 גרם,false,,5.90,11.3462,true,1,589953
3560071432034,false,קפסולות קפה נטול קרפ,,FR,קפסולות קפה נטול קרפ,גרמים,52.00,100 גרם,false,,5.90,11.3462,true,1,589954
3560071432065,false,קפסולות קפה קרפור עו,,FR,קפסולות קפה קרפור עו,גרמים,52.00,100 גרם,false,,5.90,11.3462,true,1,589955
3560071432096,false,קפסולות קפה קרפור עו,,FR,קפסולות קפה קרפור עו,גרמים,52.00,100 גרם,false,,5.90,11.3462,true,1,589956
3560071432157,false,קפסולות קפה וניל קרפ,,FR,קפסולות קפה וניל קרפ,גרמים,52.00,100 גרם,false,,5.90,11.3462,true,1,589957
3560071432188,false,קפסולות קפה קרמל קרפ,,FR,קפסולות קפה קרמל קרפ,גרמים,52.00,100 גרם,false,,5.90,11.3462,true,1,589958
3560071432218,false,קפסולות קפה אגוז קרפ,,FR,קפסולות קפה אגוז קרפ,גרמים,52.00,100 גרם,false,,5.90,11.3462,true,1,589959
3560071432249,false,קפסולות קפה ברזיל קר,,FR,קפסולות קפה ברזיל קר,גרמים,52.00,100 גרם,false,,5.90,11.3462,true,1,589960
3560071432270,false,קפסולות קפה קולומביה,,FR,קפסולות קפה קולומביה,גרמים,52.00,100 גרם,false,,5.90,11.3462,true,1,589961
3560071432300,false,קפסולות קפה אתיופיה,,FR,קפסולות קפה אתיופיה,גרמים,52.00,100 גרם,false,,5.90,11.3462,true,1,589962
3560071432331,false,קפסולות קפה לאוס קרפ,,FR,קפסולות קפה לאוס קרפ,גרמים,52.00,100 גרם,false,,5.90,11.3462,true,1,589963
3560071432393,false,קפסולות קפה קוסטה רי,,FR,קפסולות קפה קוסטה רי,גרמים,52.00,100 גרם,false,,5.90,11.3462,true,1,589965
3560071432690,false,קפסולות קפה קרפור עו,,FR,קפסולות קפה קרפור עו,גרמים,52.00,100 גרם,false,,5.90,11.3462,true,1,589967
3560071442545,false,בירה SAER BRAU 6*250,,,בירה SAER BRAU 6*250,ליטרים,1.50,ליטר,false,,13.00,8.6667,true,1,613462
3574660058857,false,גונסונס בייבי שמן 500 מל חדש,גונסון אנד גונסון,IT,גונסונס בייבי שמן 50,מיליליטרים,500.00,"100 מ""ל",false,,26.40,5.2800,true,1,20972
3574660089547,false,טמפונים נורמל קלאסי אובה 32 יחידות,ג'\ונסון אנד ג'\ונסון,GR,טמפון קלאסי נורמל או,יחידה,0.00,יחידה,false,,18.70,0.0000,true,1,20976
3574660115154,false,או-בה טמפונים קלאסי סופר 32יח',ג'\ונסון אנד ג'\ונסון,GR,אובה קלאסי סופר אובה,יחידה,0.00,יחידה,false,,18.70,0.0000,true,1,20981
3574660239911,false,טמפונים או בה פרו קומפורט סופר 32 יח,פארמה דיל,,או בה קומפורט סופר 3,יחידה,0.00,יחידה,false,,17.10,0.0000,true,1,17806
3574661003924,false,שטיפת פה טוטאל קר בטעם מנטה צלול,ג'\ונסון אנד ג'\ונסון,IT,מי פה טוטאל קאר ליסט,מיליליטרים,500.00,"100 מ""ל",false,,17.10,3.4200,true,1,29161
3574661114637,false,ליסטרין שטיפת פה קול מינט טעם מעודן 500,ג'\ונסון אנד ג'\ונסון,IT,מי פה זירו ליסטרין 5,מיליליטרים,500.00,"100 מ""ל",false,,19.60,3.9200,true,1,29166
3574661485201,false,טמפונים אובה סופר 32 יח' פרוקומפורט,Johnson Toilet-IT,FR,אובה פרוקומפורט סופר,יחידה,0.00,יחידה,false,,18.70,0.0000,true,1,519062
3574661491806,false,מי פה אדבנס וויט מנטה מסירה כתמים קשים,ג'\ונסון אנד ג'\ונסון,IT,מי פה אדוונס וויאט מ,מיליליטרים,500.00,"100 מ""ל",false,,17.10,3.4200,true,1,126348
3574661504162,false,מוס לשטיפה אינטימית יומיומית מכיל תה ירוק ואלוורה,קולגייט פלמוליב,IT,מוס לשטיפה אינטימית,מיליליטרים,150.00,"100 מ""ל",false,,15.30,10.2000,true,1,21056
3574661552811,false,מגן תחתון קרפרי כותון אוורירי 56 יחידות,הדקלאים אגודת שיתופי,GR,קרפרי כותון אוורירי,יחידה,0.00,יחידה,false,,14.40,0.0000,true,1,62347
3574661554877,false,מגן תחתון קרפרי כותון מבושם 56 יחידות,הנסיך- מפעל לייצור ט,GR,קרפרי כותון מבושם 56,יחידה,0.00,יחידה,false,,14.40,0.0000,true,1,62244
3574661554884,false,קרפרי מגן תחתון רגיל טנגה מבושם 56 יח,הדקלאים אגודת שיתופי,IT,קרפרי רגיל טנגה יחני,יחידה,0.00,יחידה,false,,14.40,0.0000,true,1,62258
3574661610375,false,נטרוגינה קרם לחות קליל סדרה נורווגית חדש,ג'ונסונס בייבי,FR,ניוטרוג'ינה קרם לחות,מיליליטרים,300.00,"100 מ""ל",false,,25.60,8.5333,true,1,611166
3574661650029,false,ליסטרין שטיפת פה להגנה על החניכיים בטעם מעודן,ג'\ונסון אנד ג'\ונסון,IT,שטיפת פה להגנה על הח,מיליליטרים,500.00,"100 מ""ל",false,,17.10,3.4200,true,1,384350
3574669907392,false,ג'ונסון שמפו לתינוק 750,ג'ונסון,IT,ג'ונסונס בייבי שמפו,מיליליטרים,750.00,"100 מ""ל",false,,12.80,1.7067,true,1,284056
3574669909204,false,גונסונס בייבי שמן לתינוק 300 מל,ג'ונסונס Johnson's,IT,ג'ונסונס בייבי שמן 3,מיליליטרים,300.00,"100 מ""ל",false,,18.30,6.1000,true,1,21072
3600523652280,false,"לוריאל אלביב שמפו מועשר ב 6 שמנים, 550 מ""ל",לוריאל - אלביב Elvive,TR,שמפו 6 שמנים אלביב 5,מיליליטרים,550.00,"100 מ""ל",false,,12.80,2.3273,true,1,12292
3600523652297,false,"מרכך לשיער אלביב זהב 6 שמנים , 550 מ""ל",לוריאל - אלביב Elvive,TR,מרכך 6 שמנים אלביב 5,מיליליטרים,550.00,"100 מ""ל",false,,12.80,2.3273,true,1,12293
3600523782567,false,"לוריאל - אלביב שמפו דרים לונג 500 מ""ל",קוסמטיקס,FR,שמפו דרים לונג אלביב,מיליליטרים,500.00,"100 מ""ל",false,,12.80,2.5600,true,1,12297
3600523782574,false,לוריאל - אלביב מסכה דרים לונג 300,לוריאל - אלביב Elvive,DE,מסכה דרים לונג אלביב,מיליליטרים,300.00,"100 מ""ל",false,,21.30,7.1000,true,1,12298
3600524051570,false,לוריאל - אלביב מסכה היאלורונית 300 מ''ל,DEUT PRODUKTION L\'OREAL,FR,אלביב מסכה היאלורוני,מיליליטרים,300.00,"100 מ""ל",false,,21.30,7.1000,true,1,549876
3600541029323,false,גרנייה אסנשיאל מסיר איפור 2 ב- 1,SOPROCOS סופרוקוס,FR,אסנשיאלס מסיר איפור,מיליליטרים,200.00,"100 מ""ל",false,,17.10,8.5500,true,1,12356
3608580071389,false,ממרח ערמונים 370 גרם BONNE MAMAN,בון מאמא,FR,ממרח ערמונים 370 גרם,גרמים,370.00,100 גרם,false,,17.00,4.5946,true,1,521695
3608580075646,false,קונפיטורה בטעם שזיפים 370 גר BONNE MAMAN,בון מאמא,FR,קונפיטורה שזיף 370 ג,גרמים,370.00,100 גרם,false,,17.00,4.5946,true,1,521681
3608580730248,false,קונפיטורה דובדובן 370 ג' בוני מאמן,בון ממן,FR,קונפיטורה דובדבן 370,גרמים,370.00,100 גרם,false,,17.00,4.5946,true,1,42652
3616180424856,false,קרפור הום -30 מפיות,,,קרפור הום -30 מפיות,יחידה,0.00,יחידה,false,,5.10,0.0000,true,1,623998
3616180424931,false,קרפור הום -30 מפיות,,,קרפור הום -30 מפיות,יחידה,0.00,יחידה,false,,5.10,0.0000,true,1,624001
3616180424948,false,קרפור הום -30 מפיות,,,קרפור הום -30 מפיות,יחידה,0.00,יחידה,false,,5.10,0.0000,true,1,624002
3616180425099,false,קרפור הום -30 מפיות,,,קרפור הום -30 מפיות,יחידה,0.00,יחידה,false,,5.10,0.0000,true,1,624004
3616180425174,false,קרפור הום -30 מפיות,,,קרפור הום -30 מפיות,יחידה,0.00,יחידה,false,,5.10,0.0000,true,1,624008
3770016577069,false,"שבלי ברון ניקולא 750 מ""ל",מייזון טנס,FR,יין לבן יבש שבלי ברו,מיליליטרים,750.00,"100 מ""ל",false,,76.90,10.2533,true,1,208273
3838824127200,false,פלטה סמי קיט 5-68 ערמונים בינוני,שוורצקופף והנקל,SI,סמי קיט חום כהה 3-0,יחידה,0.00,יחידה,false,,12.80,0.0000,true,1,7909
3838824127262,false,פלטה סמי קיט בלונד כהה 6-0 צבע שיער,שוורצקופף והנקל,SI,סמי קיט בלונד כהה 6-,יחידה,0.00,יחידה,false,,12.80,0.0000,true,1,7912
4000417026002,false,שוקולד ריטר ספורט פרלין 100 גרם חלב נוכרי,ריטר ספורט Ritter sport,DE,שוקולד חלב ממולא קרם,גרמים,100.00,100 גרם,false,,7.40,7.4000,true,1,12664
4000539280740,false,לינדט אקסלנס 78% מוצקי קקאו 100 גרם,לינדט ושפרונגלי קילשברג,DE,לינדט אקסלנס 78% 100,גרמים,100.00,100 גרם,false,,12.80,12.8000,true,1,560121
4004666042004,false,"מלרוד מרסס משמיד עובש יעקבי 500 מ""ל",יעקובי,DE,מלרוד מחסל עובש+מרסס,מיליליטרים,500.00,"100 מ""ל",false,,27.40,5.4800,true,1,11284
4005808368280,false,שפתון ליובש דובדבן לבלו 48 גרם,טרופיקל דגיל תעשיות,DE,שפתון דובדבן לבלו 4.,גרמים,4.80,100 גרם,false,,9.70,202.0833,true,1,50606
4005808588640,false,"ניוואה קרם גילוח לעור רגיש 100 מ""ל",ביירסדורף,DE,קרם גילוח ניוואה לעו,מיליליטרים,100.00,"100 מ""ל",false,,11.90,11.9000,true,1,65130
4005808698103,false,ניוואה תחליב גוף סמוד לעור יבש 500 מל,בטר אנד דיפרנט,DE,ניוואה תחליב גוף לע,מיליליטרים,500.00,"100 מ""ל",false,,27.90,5.5800,true,1,612161
4005808702107,false,ניוואה תחליב גוף לעור יבש מאד 500 מל,בטר אנד דיפרנט,DE,ניוואה קרם גוף עור י,מיליליטרים,500.00,"100 מ""ל",false,,27.90,5.5800,true,1,106773
4005808850723,false,לבלו שפתון תות בליסטר,טרופיקל דגיל תעשיות,DE,לבלו פירות בטעם תות,יחידה,0.00,יחידה,false,,9.70,0.0000,true,1,50663
4005808890507,false,קרם ניוואה סופט צנצנת 200 מל,ניוואה Nivea,ES,קרם ניוואה סופט 200,מיליליטרים,200.00,"100 מ""ל",false,,23.00,11.5000,true,1,50669
4005900036476,false,"ניוואה - דאודורנט רול און לאישה בלק אנד וויט קליר 50 מ""ל",טרופיקל דגיל תעשיות,DE,דאו' רולאון ניוואה 5,מיליליטרים,50.00,"100 מ""ל",false,,12.70,25.4000,true,1,50679
4005900036483,false,"ניוואה - דאודורנט ספריי לגבר שקוף בלק וווי 150 מ""ל",בטר אנד דיפרנט,DE,ניוואה דאודורנט ספרי,מיליליטרים,150.00,"100 מ""ל",false,,11.00,7.3333,true,1,50680
4005900036568,false,ניוואה דאודורנט רולאון ספריי לאישה בלק אנד וויט 150 מ''ל,ביירסדורף AG,DE,ניוואה דאודורנט ספרי,מיליליטרים,150.00,"100 מ""ל",false,,11.00,7.3333,true,1,50682
4005900513069,false,"ניוואה - דאודורנט רול און לגבר דיפ 50 מ""ל",ביירסדורף,DE,דאו' רול און לגבר די,מיליליטרים,50.00,"100 מ""ל",false,,12.70,25.4000,true,1,50704
4005900833723,false,"ניוואה - פאוור פרש ג'ל רחצה לגבר 500 מ""ל",HELLAS BEIERSDORF,DE,ג'ל רחצה לגבר ניוואה,מיליליטרים,500.00,"100 מ""ל",false,,12.80,2.5600,true,1,333142
4006387085407,false,שלישיית פילטר מקסטרא סודהסטרים,סודה קלאב,DE,שלישיית פילטר מקסטרה,יח',3.00,יח',false,,85.50,28.5000,true,1,17282
4006387097370,false,קנקן סטייל+פילטר מקסטרא סודהסטרים,בריטה,DE,קנקן בריטה STYLE,יחידה,0.00,יחידה,false,,135.90,0.0000,true,1,17284
4008287058161,false,בירה קרומבאכר פילס 4.8% שישיה 6 * 330 מל,מנדלז סי.אר. פרודקשן,DE,בירה קרומבכר פילס שי,ליטרים,1.98,ליטר,false,,26.70,13.4848,true,1,189222
4008287905786,false,בירה קרומבאכר חיטה 5.3% פחית 500 מל,מנדלז סי.אר. פרודקשן,DE,בירה קרומבכר חיטה בפ,מיליליטרים,500.00,"100 מ""ל",false,,8.80,1.7600,true,1,441511
4008400230726,false,ביצת שוקולד הפתעה קינדר ענקית 100ג' בנים,קינדר Kinder,BE,ביצת הפתעה קינדר מקס,גרמים,100.00,100 גרם,false,,20.40,20.4000,true,1,41023
4009300522935,false,תה ירוק פומפדור לימונית ולואיזה 20 יחידות,"איטיליאן פוד, אס.פי.",DE,פומפדור תה ירוק לימו,גרמים,30.00,100 גרם,false,,14.40,48.0000,true,1,21078
4009300524588,false,חליטת צמחים פומפדור פירות יער 20 יחידות,פומפדור Pompadour,DE,פומפדור חליטת פירות,גרמים,60.00,100 גרם,false,,13.60,22.6667,true,1,21080
4009300525684,false,חליטת צמחים פומפדור ג'ינג'ר ולימון 20 יחידות,פומפדור Pompadour,DE,פומפדור חליטת לימוןג,גרמים,35.00,100 גרם,false,,13.60,38.8571,true,1,21083
4009900402965,false,אורביט וויט בטעם פירות בקבוקון 46מלבניות,ריגלי פולין,PL,אורביט וויט פירות בק,גרמים,64.00,100 גרם,false,,9.00,14.0625,true,1,20431
4009900403023,false,אורביט וויט בטעם מנטה בקבוקון 46 מלבניות,"ב.א מזון בע""מ",PL,אורביט וויט מנטה בקב,גרמים,64.00,100 גרם,false,,9.00,14.0625,true,1,20432
4009900420129,false,מסטיק אורביט פרופשנל פפרמינט בקבוקון 64 גר',מרס נדרלנד,PL,אורביט פרופשייונל פפ,גרמים,64.00,100 גרם,false,,9.00,14.0625,true,1,20439
4009900426039,false,מסטיק מנטה אקליפטוס בקבוקון איירווייבס 64 גרם,איירוויבס Airwaves,PL,בקבוקון בקבוקון מסטי,גרמים,64.00,100 גרם,false,,8.30,12.9688,true,1,20441
4009900426121,false,מסטיק אורביט איירוויז בקבוקון אוכמניות 64ג',איירוויבס Airwaves,PL,בקבוקון בקבוקון מסטי,גרמים,64.00,100 גרם,false,,8.30,12.9688,true,1,20442
4009900455299,false,"סוכרית ג'לי אדומה 174 גרם ""סקיטלס""",ריגלי ממתקים,CZ,סקיטלס פירות 174 גר,גרמים,174.00,100 גרם,false,,6.80,3.9080,true,1,20446
4009900482417,false,מסטיק אורביט פירות מנטה בקבוקון באבל מינט 45יח,ריגלי פולין,PL,אורביט באבל מינט בקב,גרמים,64.00,100 גרם,false,,9.00,14.0625,true,1,20454
4009900483803,false,מסטיק איירובס מנטה אקליפטוס בקבוקון 60יח',איירוויבס Airwaves,PL,אירוויבז בקבוק M מנט,גרמים,84.00,100 גרם,false,,10.70,12.7381,true,1,20455
4009900484091,false,מסטיק אורביט פרופשיונל בטעם מנטה ללא סוכר,ריגלי פולין,PL,אורביט פרופשיונל ספי,גרמים,84.00,100 גרם,false,,10.70,12.7381,true,1,20458
4009900491044,false,מסטיק איירובס אוכמניות בקבוקון 60יח',איירוויבס Airwaves,PL,אירוויבז בקבוק M מנט,גרמים,84.00,100 גרם,false,,10.70,12.7381,true,1,20469
4009900531122,false,"מסטיק בטעם מנטה ספירמינט, 64 ג' פרופשיונל אורפיט",מרס נדרלנד,PL,אורביט פרופשייונל ספ,גרמים,64.00,100 גרם,false,,9.00,14.0625,true,1,20491
4009900535519,false,מסטיק אורביט רפרשרס ספירמינט ללא סוכר 15.6גר',אורביט,PL,אורביט רפרשרס אריזה,גרמים,15.00,100 גרם,false,,3.40,22.6667,true,1,120779
4009900535540,false,מסטיק אורביט רפרשרס פפרמינט ללא סוכר 15.6גר',אורביט,PL,אורביט רפרשרס פפרמינ,גרמים,15.00,100 גרם,false,,3.40,22.6667,true,1,120780
4009900535823,false,מסטיק אורביט רפרשרס באבלמינט ללא סוכר 15.6גר',אורביט,PL,אורביט רפרשרס באבלמי,גרמים,15.00,100 גרם,false,,3.40,22.6667,true,1,120781
4009900536257,false,מסטיק אורביט רפרשרס ספירמינט בקבוקון ללא סוכר 67 גר',מרס ריגלי קונפקשונרי,PL,מסטיק אורביט רפרשרס,גרמים,67.00,100 גרם,false,,10.20,15.2239,true,1,120794
4009900536288,false,מסטיק אורביט רפרשרס פפרמינט בקבוקון ללא סוכר 67 גר',מרס ריגלי קונפקשונרי,PL,מסטיק אורביט רפרשרס,גרמים,67.00,100 גרם,false,,10.20,15.2239,true,1,150059
4009900536486,false,מסטיק אורביט רפרשרס באבלמינט בקבוקון ללא סוכר 67 גר',מרס ריגלי קונפקשונרי,PL,מסטיק אורביט רפרשרס,גרמים,67.00,100 גרם,false,,10.20,15.2239,true,1,120795
4009900539432,false,מסטיק פייב באונס בטעם אבטיח HP,Unknown,PL,מסטיק בטעם אבטיח פיי,גרמים,14.40,100 גרם,false,,3.40,23.6111,true,1,486153
4009900539685,false,"מסטיק פייב באונס בטעם מנטה בקבוקון, 61.8 גרם",ריגלי בעמ רוסיה,PL,מסטיק בטעם מנטה ללא,גרמים,61.80,100 גרם,false,,10.20,16.5049,true,1,384534
4009900539746,false,"מסטיק פייב באונס בטעם אבטיח בקבוקון, 61.8 גרם",ריגלי בעמ רוסיה,PL,מסטיק בטעם אבטיח ללא,גרמים,31.80,100 גרם,false,,10.20,32.0755,true,1,384548
4009900540551,false,מסטיק אורביט רפרשרס טרופיקל בקבוקון ללא סוכר,מרס פולין,PL,אורביט רפרשרס טרופיק,גרמים,67.00,100 גרם,false,,10.20,15.2239,true,1,364104
4011800567613,false,מאגדת קורני מילק דרק & ואיט 120 גרם,מיוצר עי קונדיטוריית,DE,חטיף דגנים סנדוויץ ש,גרמים,120.00,100 גרם,false,,9.30,7.7500,true,1,13734
4011800630515,false,חטיף קורני שוקולד חלב ובננה 6 יח 150 גר,מיוצר עי קונדיטוריית,DE,חטיף דגנים עם שוקולד,גרמים,150.00,100 גרם,false,,9.30,6.2000,true,1,13741
4014400900217,false,בונבונריית מרסי מבחר ממתקי שוקולד 400 גרם,קריניציה ויטמינה אס,DE,בונבונירה מרסי 400 ג,גרמים,400.00,100 גרם,false,,39.20,9.8000,true,1,12694
4014400901191,false,בונבונריית מרסי מבחר ממתקי שוקולד 250 גרם,ליימן מותגים,DE,בונבונירה מרסי 250 ג,גרמים,250.00,100 גרם,false,,21.30,8.5200,true,1,12696
4014400903409,false,בונבוניירה שוקולד אגוזים טופיפי 250 גרם,קריניציה ויטמינה אס,DE,טופיפי 250גר',גרמים,250.00,100 גרם,false,,17.90,7.1600,true,1,12699
4014400904277,false,סוכריות בטעם מנטה אייס פרש סטורק 425 גרם,תות ממתקי איכות,DE,סוכריות אייס פרש 425,גרמים,425.00,100 גרם,false,,16.50,3.8824,true,1,12700
4014400904376,false,סוכריות טופי בטעם שוקולד סטורק 325 גרם,קריניציה ויטמינה אס,DE,סוכ.שטורק שוקולדן 32,גרמים,325.00,100 גרם,false,,16.50,5.0769,true,1,12703
4014400904390,false,סוכריות טופי ממולא חלב סטורק 325 גרם,קריניציה ויטמינה אס,DE,סוכריות וולמליש 325ג,גרמים,325.00,100 גרם,false,,16.50,5.0769,true,1,12704
4014400923711,false,בונבוניירה שוקולד אגוזים טופיפי 125 גרם,ליימן מותגים,DE,טופיפי בונבונירה שוק,גרמים,125.00,100 גרם,false,,10.20,8.1600,true,1,12718
4014400925319,false,וורטרס אורגינל פופקורן קרמל 140 גרם,וורטרס Werther's,DE,חטיף פופקורן בציפוי,גרמים,140.00,100 גרם,false,,12.80,9.1429,true,1,106494
4014600202609,false,רגולדס -סוכריות בפח עם ליים ואוכמניות 150 ג',RAGOLDS GMBH,,סוכריות בפח עם ליים,גרמים,150.00,100 גרם,false,,8.50,5.6667,true,1,556404
4014600202623,false,רגולדס סוכריות בפח בטעם דובדובן 150 גרם,RAGOLDS GMBH,,סוכריות בפח בטעם דוב,גרמים,150.00,100 גרם,false,,8.50,5.6667,true,1,556405
4015000280211,false,"פה - דאודורנט רול און לאישה קאריביין לימון 50 מ""ל",שוורצקוף& הנקל דיסלד,DE,דאו' רולאון קריביין,מיליליטרים,50.00,"100 מ""ל",false,,8.50,17.0000,true,1,7947
4015000996204,false,"גליס שמפו אולטימט שמן אלקסייר 400 מ""ל",שוורצקופף והנקל,DE,גליס שמפו אלקסיר 400,מיליליטרים,400.00,"100 מ""ל",false,,11.00,2.7500,true,1,7998
4015400498124,false,אולוויז תחבושת (ס) אולטרה נייט 18 יח',פרוקטל אנד גמבל,DE,תחבושות כפול לילה או,יחידה,0.00,יחידה,false,,15.30,0.0000,true,1,558424
4015400564034,false,מגן תחתון אולוויז מגה פק לונג פלוס 58 יחידות,פרוקטר אנד גמבל,DE,מגן תחתון לונג פלוס,יחידה,0.00,יחידה,false,,16.20,0.0000,true,1,26628
4015400564454,false,מגני תחתון אולוויז לארג' עם ניחוח מגה פק,פרוקטר אנד גמבל,DE,מגן תחתון לארג מגה פ,יחידה,0.00,יחידה,false,,16.20,0.0000,true,1,26632
4015400598329,false,תחבושות אולוויז קוואטרו נורמל פלוס 56 יחידות,פרוקטר אנד גמבל,DE,קוואטרו נורמל פלוס א,יחידה,0.00,יחידה,false,,31.50,0.0000,true,1,26640
4015400690313,false,טמפונים פרל רגולר טמפקס קומפאק 18 יח,פרוקטר אנד גמבל,HU,טמפון פרל רגולר טמפק,יחידה,0.00,יחידה,false,,17.00,0.0000,true,1,26668
4015400690405,false,טמפונים פרל סופר טמפקס קומפאק 18 יח,פרוקטר אנד גמבל,HU,טמפון פרל סופר טמפקס,יחידה,0.00,יחידה,false,,17.00,0.0000,true,1,26669
4015400746812,false,מגני תחתון אולוויז נורמל עם ניחוח מגה פק,פרוקטר אנד גמבל,UA,מגן תחתון מגה פק נור,יחידה,0.00,יחידה,false,,16.20,0.0000,true,1,26694
4015400990482,false,"אבקת כביסה אריאל קולור 3 ק""ג",פרוקטר אנד גמבל,TR,אבקת כביסה אריאל קול,קילוגרמים,3.00,"ק""ג",false,,29.80,9.9333,true,1,26708
4015600807436,false,"ג'ילט - דאודורנט ג'ל לגבר כדוריות קול וויב 75 מ""ל",פרוקטר אנד גמבל,GB,דאודורנט ג'ל קול לגב,מיליליטרים,75.00,"100 מ""ל",false,,18.80,25.0667,true,1,26760
4017100198151,false,בלזן היט ביסקוויט עם מלית קרם בטעם וניל (41%) 220 גרם,הדקלאים אגודת שיתופי,PL,היט עוגיות סנדביץ בט,גרמים,220.00,100 גרם,false,,7.20,3.2727,true,1,41505
4017100210105,false,וופל מגולגל מצופה שוקולד מריר בלזן 100 גרם,הדקלאים אגודת שיתופי,DE,בלזן גלילי וופל מריר,גרמים,100.00,100 גרם,false,,9.00,9.0000,true,1,41506
4017100364112,false,בלזן היט בסקוויט סנדביץ עם מלית קרם בטעם שוקולד קקאו (41%) 220 גרם,הדקלאים אגודת שיתופי,PL,היט עוגיות סנדביץ בט,גרמים,220.00,100 גרם,false,,7.20,3.2727,true,1,41516
4022025001905,false,יין בלו ווין מבעבע זהב כשר 750 מל,היי סישל סוהן טראבן,DE,בלו וויין מבעבע זהב,מיליליטרים,750.00,"100 מ""ל",false,,47.80,6.3733,true,1,41163
4022025001929,false,"בלו ווין מבעבע כחול 750 מ""ל",היי סישל סוהן טראבן,DE,בלו וויין מבעבע כחול,מיליליטרים,750.00,"100 מ""ל",false,,47.80,6.3733,true,1,41165
4022025002100,false,"בלו ווין מבעבע K24 רוזה 750 מ""ל",היי סישל סוהן טראבן,DE,בלו וויין מבעבע רוזה,מיליליטרים,750.00,"100 מ""ל",false,,47.80,6.3733,true,1,41169
4022025261002,false,יין בלו ווין גוורצטרמינר 750 מל,לנגוט טראבן,DE,יין בלו נאן בלו וויי,מיליליטרים,750.00,"100 מ""ל",false,,43.50,5.8000,true,1,41170
4022025290408,false,יין בלו ווין פינק רו,יקב רמת הגולן,DE,יין בלו וויין פינק 7,מיליליטרים,750.00,"100 מ""ל",false,,43.50,5.8000,true,1,41171
4025700001962,false,מילקה טבלת שוקולד לבן 100 גרם,פי אר ג'יי אס סי מונ,UA,מילקה שוקולד לבן 100,גרמים,100.00,100 גרם,false,,5.90,5.9000,true,1,68508
4033100013348,false,סיגריות אל די כחול ארוך בודד,Unknown,TR,אל.די בלו ארוך,יחידה,0.00,יחידה,false,,27.00,0.0000,false,1,4121
4033100014499,false,סיגריות אל די כחול בודד,Unknown,TR,אל.די בלו,יחידה,0.00,יחידה,false,,27.00,0.0000,false,1,4125
4033100014529,false,סיגריות אל די סלים בודד,Unknown,TR,אל.די סלימס,יחידה,0.00,יחידה,false,,27.00,0.0000,false,1,4127
4033100024146,false,סיגריות וינסטון CODE בודד,Unknown,CH,וינסטון קופסא בודדת,יחידה,0.00,יחידה,false,,32.00,0.0000,false,1,4132
4052197000369,false,שישיית בירה בנדיקטינר חיטה 330 מל*6,בנדיקטינר וויצבראו,DE,שישיית בירה בנדיקטינ,ליטרים,1.80,ליטר,false,,34.40,19.1111,true,1,92
4052197001281,false,בירה בנדיקטינר 500 מל פחית,בנדיקטינר וויצבראו,DE,בנדיקטינר בירה פחית,מיליליטרים,500.00,"100 מ""ל",false,,8.60,1.7200,true,1,95
4053700292455,false,ויט רצועות שעווה מוכנות להסרת שיער לעור רגיל 12 יחידות,רקיט בנקיזר צרפת,FR,רצועות שעווה תמצית צ,יחידה,0.00,יחידה,false,,26.40,0.0000,true,1,20569
4066600999614,false,"בירה פאולנר, בירת חיטה מעוננת, בקבוק 500 מ""ל",מבשלת פאולנר,DE,בירה פאולנר בקבוק 50,מיליליטרים,500.00,"100 מ""ל",false,,9.40,1.8800,true,1,9272
4079400330129,false,"בירה פילסנר וולטרס 4.9% 500 מ""ל בפחית",,,בירה וולטרס פחית 4.9,מיליליטרים,500.00,"100 מ""ל",false,,6.00,1.2000,true,1,48455
4084500065598,false,"קרם לחות פנטן לתלתלים מושלמים 300 מ""ל",פרוקטר אנד גמבל,FR,קרם לחות לתלתלים פנט,מיליליטרים,300.00,"100 מ""ל",false,,17.10,5.7000,true,1,26836
4084500739253,false,"אוראל בי משחת שיניים- להלבנה לובן מהודר 75 מ""ל",פרוקטר אנד גמבל,DE,אורל בי –משחה 3D Whi,יחידה,75.00,יחידה,false,,19.60,0.2613,true,1,187854
4100130937163,false,בירה בקס שישייה 6*275 מל,"איי, בי, אינבוו",DE,"בירה בקס 6* 275 מ""ל",ליטרים,1.65,ליטר,false,,21.50,13.0303,true,1,9959
4260147890513,false,אטריות ביצים דקות ורמיצ'לי 500ג',דין שיווק,PL,אטריות ביצים דקות במ,גרמים,500.00,100 גרם,false,,8.60,1.7200,true,1,4588
4260147890551,false,אטריות ביצים רצועות שקדיה 500 גרם,דין שיווק,PL,אטריות ביצים רחבות א,גרמים,500.00,100 גרם,false,,8.60,1.7200,true,1,4590
4603400000043,false,"וודקה רוסקיי סטנדרט 700 מ""ל",רוסקי סטנדרט וודקה,RU,רוסקי סטנדרט 700מ'ל,מיליליטרים,700.00,"100 מ""ל",false,,59.80,8.5429,true,1,11174
4603514009277,false,"גין באריסטר יבש 700 מ""ל",לאדוגה גרופ,RU,באריסטר ג'ין יבש 700,מיליליטרים,700.00,"100 מ""ל",false,,77.20,11.0286,true,1,463344
4603928000976,false,"בלוגה נובל וודקה 700 מ""ל+כוס הייבול",מרינסקי ליקרו-וודאצ'ני ז,RU,בלוגה וודקה 700מל,מיליליטרים,700.00,"100 מ""ל",false,,103.40,14.7714,true,1,33538
4640018993343,false,פיניש קוואנטום קפסולות ג'ל למדיח כלים 30 יח',רקיט בנקיזר,PL,פיניש קוואנטום למדיח,יחידה,0.00,יחידה,false,,35.00,0.0000,true,1,65313
4640018993398,false,פיניש קוואנטום 60 יח' קפסולות ג'ל למדיח כלים,רקיט בנקיזר,PL,פיניש קוואנטום למדיח,יחידה,0.00,יחידה,false,,51.20,0.0000,true,1,65316
4710068001692,false,"מאסטר קפה לאטה פחית 240 מ""ל",תאיט מרקטינג אנד דיסטריב,TW,מאסטר קפה לאטה פחית,מיליליטרים,240.00,"100 מ""ל",false,,5.30,2.2083,true,1,38950
4710068001715,false,"מאסטר קפה טירמיסו פחית 240 מ""ל",יוני פרזינדנט אנטרפר,TW,מאסטר קפה טירמיסו 24,מיליליטרים,240.00,"100 מ""ל",false,,5.30,2.2083,true,1,38951
4710068002798,false,מאסטר קפה וונילה פחית 240 מל,מאיטה פוד אינדוסטריאל קו,TW,מאסטר קפה וונילה פחי,מיליליטרים,240.00,"100 מ""ל",false,,5.30,2.2083,true,1,38954
4710068003313,false,"מאסטר קפה אמריקאנו פחית 240 מ""ל",מאיטה פוד אינדוסטריא,TW,מאסטר קפה אמריקנו בל,מיליליטרים,240.00,"100 מ""ל",false,,5.10,2.1250,true,1,243647
4800888150080,false,"דאב - דאודורנט רול און לאישה פרש טאצ' מלפפונים 50 מ""ל",יוניליוור פיליפינים,PH,דאו' רולאון מלפפונים,מיליליטרים,50.00,"100 מ""ל",false,,17.90,35.8000,true,1,10069
4800888209368,false,רקסונה - דאודורנט סטיק לגבר אקסטרא קול 50 גרם,יוניליוור,PH,רקסונה סטיק גבר אקסט,מיליליטרים,50.00,"100 מ""ל",false,,15.30,30.6000,true,1,60674
4820080720584,false,"וודקה חלבני 700 מ""ל דאר קלסיק 700מל כ",NATIONAL ALCOHOL COM,,וודקה חלבני דאר קלסי,מיליליטרים,700.00,"100 מ""ל",false,,52.10,7.4429,true,1,11185
4860019001346,false,בורז'ומי מים מינרליים טבעיים 500מ'ל חדש,אי די אס בורגומי,,בורז'ומי מים מינרליי,מיליליטרים,500.00,"100 מ""ל",false,,6.80,1.3600,true,1,11191
4860019001414,false,"בקבוק מים בוז'ורמי 750 מ""ל",אי.די.אס בורג'יומי,GE,בורז'ומי מים מינרלים,מיליליטרים,750.00,"100 מ""ל",false,,6.80,0.9067,true,1,11193
4891228430061,false,סכיני גילוח שיק אקזקטה 2 לנשים ורוד 10 יח',הנסיך- מפעל לייצור ט,CN,סכיני גילוח לאישה שי,יחידה,0.00,יחידה,false,,20.40,0.0000,true,1,21102
4891228430092,false,סכיני גילוח שיק אקסטרים קומפורט לנשים 3 להבים 4 יחידות,אנרג'יזר Energizer,CN,שיק אקסטרים3 ס.גילוח,יחידה,0.00,יחידה,false,,14.40,0.0000,true,1,21104
4891228460242,false,שיק קוואטרו חד פעמי לנשים 3 יחידות,אנרג'יזר Energizer,CN,סכיני גילוח שיק קווא,יחידה,0.00,יחידה,false,,25.60,0.0000,true,1,21111
4903001904192,false,"רוטב סויה יאמסה פרימיום 500 מ""ל",הדקלאים אגודת שיתופי,JP,רוטב סויה יאמאסה פרמ,מיליליטרים,500.00,"100 מ""ל",false,,15.60,3.1200,true,1,12720
4903001925784,false,"רוטב סויה יאמאסה פרמיום דל מלח 500 מ""ל",הדקלאים אגודת שיתופי,JP,רוטב סויה יאמאסה דל,מיליליטרים,500.00,"100 מ""ל",false,,15.60,3.1200,true,1,12722
5000146980322,false,קרם להסרת שיער לעור רגיל מועשר בחלב לוטוס ויסמין,רקיט בנקיזר צרפת,FR,קרם להסרת שיער ניחוח,מיליליטרים,100.00,"100 מ""ל",false,,26.40,26.4000,true,1,20580
5000157143365,false,מתבל בטעם מיונז וקטשופ היינץ 425 גרם,"פודליצקי ספ.ז.או.או,",PL,מתבל בטעם מיונז וקטש,מיליליטרים,425.00,"100 מ""ל",false,,12.80,3.0118,true,1,5250
5000189974579,false,מארז מיני חטיפי קיט קט Kit Kat,נסטלה גרמניה,DE,קיט קט מיני 200 גרם,גרמים,200.00,100 גרם,false,,8.50,4.2500,true,1,41524
5000204114867,false,"גלייד ארוסול בניחוח וניל 300 מ""ל","אס.סי ג'\ונסון,מידרכט, ה",TR,גלייד ארוסול בניחוח,מיליליטרים,300.00,"100 מ""ל",false,,6.80,2.2667,true,1,5635
5000204114898,false,גלייד ארוסול מבשם אוויר ניחוח מרכך כביסה,"אס.סי ג'\ונסון,מידרכט, ה",NL,גלייד ארוסול בניחוח,מיליליטרים,300.00,"100 מ""ל",false,,6.80,2.2667,true,1,5636
5000204114959,false,"גלייד ארוסול בניחוח פריחה בלבן 300 מ""ל","אס.סי ג'\ונסון,מידרכט, ה",NL,גלייד ארוסול בניחוח,מיליליטרים,300.00,"100 מ""ל",false,,6.80,2.2667,true,1,5638
5000204153729,false,מטהר אוויר גלייד מילוי אוטומטי לבנדר וניל,המאפיה של הרמן,TR,גלייד מילוי אוטומטי,מיליליטרים,269.00,"100 מ""ל",false,,13.60,5.0558,true,1,92351
5000204153903,false,מטהר אוויר גלייד מילוי אוטומטי מרכך כביסה,"קוסטר אירוסול ואלף סאן,",TR,גלייד מילוי אוטומטי,מיליליטרים,269.00,"100 מ""ל",false,,13.60,5.0558,true,1,92337
5000204155723,false,"גלייד מארז אוטומטי-בניחות מרכך כביסה 269 מ""ל",קוסטר אירוסול ואלף סאן,TR,גלייד מארז אוטומטי מ,מיליליטרים,269.00,"100 מ""ל",false,,36.70,13.6431,true,1,92364
5000204155815,false,"גלייד מארז אוטומטי וניל 269 מ""ל",גלייד,,גלייד מארז אוטומטי ו,מיליליטרים,269.00,"100 מ""ל",false,,36.70,13.6431,true,1,92365
5000204196658,false,"נוזל מילוי 45 לילות 36 מ""ל רייד",גונסון שנגחאי,BG,רייד נוזל מילוי 45 ל,יחידה,0.00,יחידה,false,,17.10,0.0000,true,1,409433
5000204196924,false,רייד מילוי נוזל *זוג 90 *לילות,גונסון שנגחאי,BG,רייד נוזל מילוי זוג,יחידה,0.00,יחידה,false,,25.60,0.0000,true,1,408027
5000204197051,false,"מכשיר חשמלי +נוזל מילוי אקליפטוס 45 לילות רייד 36 מ""ל",גונסון שנגחאי,BG,רייד מכשיר חשמלי + נ,יחידה,0.00,יחידה,false,,29.90,0.0000,true,1,409447
5000204220933,false,"קוטל מעופפים אירוסול אקליפטוס 300 מ""ל רייד",SC Jonson,NL,ארוסול קוטל מעופפים,מיליליטרים,300.00,"100 מ""ל",false,,11.00,3.6667,true,1,405773
5000204658187,false,קיווי נוזל לניקוי נעליים שחור 75 מל,אס' סי' ג'ונסון במה,PL,קיווי נוזל נעליים שח,מיליליטרים,75.00,"100 מ""ל",false,,13.30,17.7333,true,1,5655
5000204661392,false,"קיווי אקסטרא לארג' שחור(גדול) 100מ""ל",המאפיה של הרמן,ID,קיווי משחת נעליים בק,מיליליטרים,100.00,"100 מ""ל",false,,10.50,10.5000,true,1,5659
5000394137486,false,רביעיות סוללות אופטימום AA דורסל,פרוקטר אנד גמבל,BE,סוללות דורסל רבעיות,יחידה,0.00,יחידה,false,,18.80,0.0000,true,1,390872
5000394141209,false,שישיות סוללות AAA פלוס פאוור דורסל,דיפלומט,BE,סוללות דורסל שישיות,יחידה,0.00,יחידה,false,,18.80,0.0000,true,1,390828
5000394203921,false,זוג סוללות ליתיום 2032 דורסל,דורסל Duracell,CN,דורסל זוג סוללות לית,יחידה,0.00,יחידה,false,,17.10,0.0000,true,1,26901
5000396037531,false,מקוויטיס ביסקוויט מצופה שוקולד חלב 200 גרם,ברנדס סרטרה נשיונל,GB,מקוויטיס מצופה שוקול,גרמים,200.00,100 גרם,false,,9.40,4.7000,true,1,24341
5000396037548,false,מקוויטיס ביסקוויט מצופה שוקולד מריר 200 גרם,ברנדס סרטרה נשיונל,GB,מקוויטיס מצופה שוקול,גרמים,200.00,100 גרם,false,,9.40,4.7000,true,1,24342
5010038454831,false,"בקבוק בירה בלומון 330 מ""ל","מבשלת סטרופראמן בע""\מ ,",CZ,בירה בלו מון 5.4% 33,מיליליטרים,330.00,"100 מ""ל",false,,10.30,3.1212,true,1,7294
5010123703547,false,ליסטרין שטיפת פה פרש ברסט ירוק 500,גונסון אנד גונסון,IT,מי פה פרש בוסט ליסטר,מיליליטרים,500.00,"100 מ""ל",false,,12.80,2.5600,true,1,51303
5010123703585,false,ליסטרין שטיפת פה קולמינט 500 מל,גונסון אנד גונסון,IT,מי פה קול מינט ליסטר,מיליליטרים,500.00,"100 מ""ל",false,,12.80,2.5600,true,1,27435
5010182996799,false,ג'ל אסלה מנטרל ריחות בניחוח פרחי בר ורודים,דאופלור אס.פי.אי איט,IT,דאק ג'ל אסלה בניחוח,מיליליטרים,55.00,"100 מ""ל",false,,9.90,18.0000,true,1,5667
5010182997338,false,דאק ג'ל לניקוי אסלות בניחוח רענן 55 מל,"איטיליאן פוד, אס.פי.",IT,דאק ג'ל אסלה ניחוח ר,גרמים,55.00,100 גרם,false,,9.90,18.0000,true,1,5670
5010182998847,false,דאק נוזל לניקוי אסלות בניחוח ים 750 מל,מיוצר עי קונדיטוריית,NL,דאק ג'ל נוזל לניקוי,מיליליטרים,750.00,"100 מ""ל",false,,8.50,1.1333,true,1,5676
5010327000046,false,וויסקי גרנט'ס סקוטי,"וויליאם גראנט ובניו בע""\",GB,וויסקי גרנטס,מיליליטרים,750.00,"100 מ""ל",false,,60.60,8.0800,true,1,7295
5010677551281,false,בקרדי בריזר לימון 275 בקבוק,בקרדי בריזר Bacardi Breezer,BE,בקרדי בריזר לימון 27,מיליליטרים,275.00,"100 מ""ל",false,,11.90,4.3273,true,1,9277
5010677551397,false,"בקרדי בריזר לימון ליים 275 מ""ל",בקרדי בריזר Bacardi Breezer,BE,בקרדי בריזר ליים,מיליליטרים,275.00,"100 מ""ל",false,,11.90,4.3273,true,1,9278
5010677552387,false,"בקרדי בריזר אננס 275 מ""ל בקבוק",בקרדי בריזר Bacardi Breezer,BE,בקרדי בריזר אננס.,מיליליטרים,275.00,"100 מ""ל",false,,11.90,4.3273,true,1,9279
5010677554398,false,"בקרדי בריזר אבטיח 275 מ""ל בקבוק",בקרדי בריזר Bacardi Breezer,BE,בקרדי בריזר אבטיח,מיליליטרים,275.00,"100 מ""ל",false,,11.90,4.3273,true,1,9280
5010677850100,false,וודקה גריי גוס בקבוק,בקרדי מרטיני,FR,"גריי גוס 700 מ""ל",מיליליטרים,700.00,"100 מ""ל",false,,94.80,13.5429,true,1,13364
5011157630281,false,אורז לבן ארוך בסמטי טילדה Tilda,אלסקה/ טילדה,GB,טילדה אורז הימשלי בס,קילוגרמים,1.00,"ק""ג",false,,21.30,21.3000,true,1,21121
5011157730271,false,אורז יסמין לבן ארוך טילדה,טילדה Tilda,GB,אורז יסמין טילדה 1 ק,קילוגרמים,1.00,"ק""ג",false,,21.30,21.3000,true,1,409209
5011417552247,false,"אירוויק מבשם אויר נטול גז בניחוח פשתן ופרחי לילך 345 מ""ל",איירוויק Air Wick,PL,איירוויק ספריי נטול,מיליליטרים,345.00,"100 מ""ל",false,,12.70,3.6812,true,1,20595
5013931015741,false,דיש מטיק - ידית הפלא לשטיפת כלים,דישמטיק Dish matic,US,ידית הפלא לשטיפת כלי,גרמים,44.00,100 גרם,false,,17.10,38.8636,true,1,120679
5013931015758,false,דיש מטיק - ספוגי החלפה מארז 3 יחידות,דישמטיק Dish matic,US,מארז ספוגי החלפה דיש,גרמים,66.00,100 גרם,false,,17.10,25.9091,true,1,120730
5013931015819,false,דישמאטיק מארז כריות פלדה 2 יח,דישמטיק Dish matic,US,מארז כריות פלדה דיש,גרמים,66.00,100 גרם,false,,17.10,25.9091,true,1,120717
5014271002675,false,מעדן פרי תפוח וקינמון סנדלפור 284 גרם,סאן דלפור - שמבור,FR,סאן דלפור מעדן פרי ת,גרמים,284.00,100 גרם,false,,17.90,6.3028,true,1,16529
5014271300429,false,"מעדן משמש 100% פרי סנטדלפור 284 גרם לל""ס",סאן דלפור - שמבור,FR,סאן דלפור מעדן משמש,גרמים,284.00,100 גרם,false,,17.90,6.3028,true,1,16530
5014271310428,false,מעדן דובדבנים שחורים ללא תוספת סוכר 284 גרם,סאן דלפור - שמבור,FR,סאן דלפור מעדן דובדב,גרמים,284.00,100 גרם,false,,17.90,6.3028,true,1,16531
5014271350424,false,מעדן ארבעה פירות ללא תוספת סוכר 284 גרם,סאן דלפור - שמבור,FR,סאן דלפור מעדן ארבע,גרמים,284.00,100 גרם,false,,17.90,6.3028,true,1,16533
5014271400426,false,"מעדן בטעם תות שדה לל""ס סאן דלפור 284 גרם",סאן דלפור - שמבור,FR,סאן דלפור מעדן תות ש,גרמים,284.00,100 גרם,false,,17.90,6.3028,true,1,16538
5014271560427,false,מעדן תפוז וג'ינג'ר ללא סוכר סאן דלפור 284 גר,סאן דלפור - שמבור,FR,סאן דלפור מעדן תפוז,גרמים,284.00,100 גרם,false,,17.90,6.3028,true,1,16539
5014271795980,false,מעדן חמוציות ואוכמניות ללא תוספת סוכר 284 גרם,סנדלפור St.dalfour,FR,סאן דלפור מעדן חמוצי,גרמים,284.00,100 גרם,false,,17.90,6.3028,true,1,16543
5024546366609,false,"וויסקי 700 מ""ל LAUDERS SCOTCH",מקדוף אינטרנשנל דיסט,GB,וויסקי לאודרס 700מל,מיליליטרים,700.00,"100 מ""ל",false,,86.30,12.3286,true,1,134
5029053032658,false,שמיניית ממחטות טישו קלינקס 9 יחידות,חוגלה קימברלי,IT,ממחטות טישו טו גו ק,יחידה,0.00,יחידה,false,,6.80,0.0000,true,1,8801
5029053039725,false,ממחטות נייר קלינקס נטורל פרש קופסה 72 דף,קימברלי קלארק,IL,טישו נטורל פרש קופסא,יחידה,0.00,יחידה,false,,8.50,0.0000,true,1,223056
5029053534596,false,קוטקס טמפוני נורמל ללא מוליך 32 יח,קימברלי קלארק,CZ,טמפון נורמל ללא מולי,יחידה,0.00,יחידה,false,,23.00,0.0000,true,1,8816
5029053535227,false,קוטקס טמפון עם מוליך נורמל 16 יחידות,קימברלי קלארק,CZ,טמפון עם מוליך נורמל,יחידה,0.00,יחידה,false,,17.00,0.0000,true,1,8819
5029054220085,false,האגיס - מגבוני האגיס אקסטרה קר לא מבושם 56 יח' * 4,קימברלי קלארק,IL,האגיס אקסטרה קר מגבו,יחידה,0.00,יחידה,false,,21.30,0.0000,true,1,8824
5035766044772,false,"סטרונגבואו גולד, סיידר תפוחים אלכוהולי, מארז רביעייה, בקבוק 330 מ''ל",סטאסן ס.א,BE,סטרונגבאו סיידר תפוח,ליטרים,1.32,ליטר,false,,28.30,21.4394,true,1,9283
5035766060253,false,"בירה מרפיס, בירת סטאוט, פחית 500 מ""ל",מרפיס Murphys,GB,מרפיס אייריש סטאוט פ,מיליליטרים,500.00,"100 מ""ל",false,,10.30,2.0600,true,1,9285
5053827215862,false,קלוגס קוקו פופס שוקו 500ג',קלוגס מניופקטורינג אספנה,GB,דגני בוקר קוקו פופס,גרמים,500.00,100 גרם,false,,15.30,3.0600,true,1,80489
5059001003713,false,איירוויק - מקלות ריחניים בניחוח תאנה ופירות יער,רקיט בנקיזר,HU,איירוויק מקלות תאנה,מיליליטרים,30.00,"100 מ""ל",false,,12.80,42.6667,true,1,622544
5060517886486,false,"משקה אנרגיה מונסטר אנרג'י בפחית 500 מ""ל",מונסטר אנרג'י Monster Energy,RS,מונסטר אנרג'י פחית 5,מיליליטרים,500.00,"100 מ""ל",false,,5.90,1.1800,true,1,6795
5060751218173,false,"משקה אנרגיה מונסטר אנרג'י piplin punch בפחית 500 מ""ל",מונסטר אנרג'י לימטד,RS,מונסטר פייפלין פאנץ',מיליליטרים,500.00,"100 מ""ל",false,,5.90,1.1800,true,1,446777
5060751219033,false,"משקה אנרגיה מונסטר אנרג'י זירו paradise בפחית 500 מ""ל",מונסטר אנרג'י לימטד,RS,מונסטר אולטרה פרדייז,מיליליטרים,500.00,"100 מ""ל",false,,5.90,1.1800,true,1,446791
5099864006384,false,סימילאק למהדרין שלב 2 אריזת חיסכון 900 ג.,אבוט מעבדות רפואיות,ES,"סימילאק מהדרין בד""צ",גרמים,900.00,100 גרם,false,,64.90,7.2111,true,1,29203
5201004020338,false,קפריס וופל רול ממולא קרם אגוזי לוז 400 ג',א.ג פאפאגופולוס,GR,קפריס רולס קלאסיק 40,גרמים,400.00,100 גרם,false,,17.10,4.2750,true,1,13763
5201004021328,false,קפריס רולס גלילי וופל במילוי קרם אגוזי לוז וקקאו,אי. ג'יי פאפאדופולוס,GR,קפריס רולס קלאסיק 11,גרמים,115.00,100 גרם,false,,7.70,6.6957,true,1,129693
5201261201532,false,"מארז הייניקן פחית 500 מ""ל*4 יח'",מבשלת אתונה S.A.\n,IL,"היינקן פחית 500 מ""ל",ליטרים,2.00,ליטר,false,,39.41,19.7050,true,1,245586
5201347175030,false,פיניש קוואנטום 32 יח,,,פיניש קוואנטום 32 יח,יחידה,0.00,יחידה,false,,29.90,0.0000,true,1,564936
5201347400545,false,רצועות שעווה מוכנות לשימוש לפנים ולאזורים רגישים,רקיט בנקיזר צרפת,FR,רצועות שעווה לפנים ו,יחידה,0.00,יחידה,false,,26.40,0.0000,true,1,20613
5201940010110,false,זיתים שחורים קלמטה וילי פוד 250 גרם,סיוארס אס.איי,GR,זיתים שחורים קלמטה ו,גרמים,250.00,100 גרם,false,,12.80,5.1200,true,1,2841
5202300014496,false,ספריי לשיער חזק במיוחד וולה פלקס Wella flex,פרוקטר אנד גמבל,DE,אקסטרה סטרונג וולה פ,מיליליטרים,250.00,"100 מ""ל",false,,30.00,12.0000,true,1,26919
5391523057936,false,סימילאק גולד שלב 2 תרכובת מזון על בסיס חלב,אבוט מעבדות רפואיות,IE,סימילאק גולד שלב 2,גרמים,700.00,100 גרם,false,,60.60,8.6571,true,1,29212
5391523058063,false,סימילאק אדבנס פלוס 1 תרכובת מזון על בסיס חלב,טרופיקל דגיל תעשיות,IE,סימילאק אדוואנס פלוס,גרמים,700.00,100 גרם,false,,55.50,7.9286,true,1,29214
5391523058070,false,סימילאק אדבנס פלוס 3 תרכובת מזון על בסיס חלב,טרופיקל דגיל תעשיות,IE,סימילאק אדוונס פלוס,גרמים,700.00,100 גרם,false,,55.50,7.9286,true,1,29215
5410076933129,false,אריאל אבקת כביסה שושן צחור 3 קג,פרוקטר אנד גמבל,CZ,אריאל שושן צחור שקית,קילוגרמים,3.00,"ק""ג",false,,29.80,9.9333,true,1,26992
5410091648176,false,"פה - דאודורנט רול און לאישה פינק פרדייס 50 מ""ל",שוורצקופף והנקל,DE,דאו' רול און פינק פר,מיליליטרים,50.00,"100 מ""ל",false,,8.50,17.0000,true,1,8053
5410103161518,false,קרם יום עם פעולה משולשת לעור רגיל ומעורב,"לוריאל ישראל בע""מ",DE,דרמו פעולה משולשת רג,מיליליטרים,50.00,"100 מ""ל",false,,39.20,78.4000,true,1,12483
5410126006087,false,עוגיות לוטוס ארוזות בתפזורת 700 גרם,לוטוס ביקרי נ.וי.,BE,לוטוס עוגיות קרמל 70,גרמים,700.00,100 גרם,false,,21.30,3.0429,true,1,5265
5410126106183,false,עוגיות לוטוס 50 יחידות ארוזות בנפרד 312 גרם,כלורוקס אוקלנד,BE,ביסקוויט קרמל 312גרם,גרמים,312.00,100 גרם,false,,13.60,4.3590,true,1,5270
5410126116953,false,ממרח ביסקוויט קרמל לוטוס 400 גרם,לוטוס בייקרי בלגיה נ,BE,לוטוס ממרח ביסקוויט,גרמים,400.00,100 גרם,false,,17.90,4.4750,true,1,5272
5410126666038,false,"ביסקוויט קרמל לוטוס 279 גרם בד""צ",לוטוס ביקרי נ.וי,BE,עוגיות לוטוס 279 גרם,גרמים,279.00,100 גרם,false,,11.10,3.9785,true,1,5273
5410126716016,false,"עוגיות לוטוס ביסקויט קרמל בד""צ 250 גרם",לוטוס ביקרי בלגיה,BE,ביסקוויט בטעם קרמל ל,גרמים,250.00,100 גרם,false,,10.20,4.0800,true,1,5274
5410228267515,false,"שישיית בירה לאגר באדוויזר 6*330 מ""ל",באדווייזר Budweiser,GB,בירה באדוויזר שישייה,ליטרים,1.98,ליטר,false,,26.70,13.4848,true,1,7307
5410291021991,false,צוקטה ממרח אגוזי לוז וקקאו 700 גר,צ'וקטה Chocketa,BE,צ`וקטה ממרח אגוזי לו,גרמים,700.00,100 גרם,false,,16.20,2.3143,true,1,41527
5410291022011,false,ממרח אגוזי לוז עם קקאו 350 גרם חלב נכרי,צ'וקטה Chocketa,BE,צ`וקטה ממרח אגוזי לו,גרמים,350.00,100 גרם,false,,9.40,2.6857,true,1,41528
5410291022738,false,צ'וקטה ממרח חלב ואגוזי לוז עם קקאוי 350ג',צ'וקטה Chocketa,BE,צ`וקטה ממרח אגוזי לו,גרמים,350.00,100 גרם,false,,9.40,2.6857,true,1,41530
5410316983693,false,"סמירנוף אייס בקבוק 275 מ""ל",סמירנוף אייס Smirnoff ice,IT,סמירנוף אייס בודד,מיליליטרים,275.00,"100 מ""ל",false,,11.10,4.0364,true,1,6812
5410316994019,false,"וודקה סמירנוף אדום 700מ""ל",דיאג'ו אופריישנס איט,US,וודקה סמירנוף אדום 7,מיליליטרים,700.00,"100 מ""ל",false,,47.80,6.8286,true,1,50952
5410769100081,false,"בירה לה שוף קטן 330 מ""ל בקבוק","איי, בי, אינבוו",BE,"בירה לה שוף 330 מ""ל",מיליליטרים,330.00,"100 מ""ל",false,,11.10,3.3636,true,1,7308
5411081003654,false,"קסטיל בירה רוז 330 מ""ל",מבשלת קסטל ואן הונסב,BE,בירה קסטיל רוז 330 א,מיליליטרים,330.00,"100 מ""ל",false,,10.30,3.1212,true,1,36216
5411081008192,false,בירה קסטיל רוז' פחית 330 מל,מבשלת קסטל ואן הונסב,BE,בירה קסטיל רוז' 300,מיליליטרים,330.00,"100 מ""ל",false,,10.30,3.1212,true,1,612190
5411188081852,false,אלפרו משקה סויה בטעם וניל 1 ל',הנסיך- מפעל לייצור ט,BE,אלפרו משקה סויה בטעם,יחידה,0.00,יחידה,false,,11.10,0.0000,true,1,21123
5411188115472,false,משקה סויה אלפרו 1 ליטר,הנסיך- מפעל לייצור ט,BE,אלפרו משקה סויה 1 לי,ליטרים,1.00,ליטר,false,,11.10,11.1000,true,1,89852
5411188122586,false,"משקה שקדים אלפרו 250 מ""ל",אלפרו C.V.A,BE,אלפרו משקה שקדים 250,מיליליטרים,250.00,"100 מ""ל",false,,5.10,2.0400,true,1,21147
5411188124689,false,משקה אלפרו שיבולת שועל ללא סוכר 1 ליטר,אלפרו C.V.A,BE,אלפרו משקה שיבולת שו,יחידה,0.00,יחידה,false,,11.90,0.0000,true,1,116587
5411188124726,false,אלפרו משקה שיבולת שועל שקדים 1 ליטר,הדקלאים אגודת שיתופי,BE,אלפרו משקה שיבולת שו,יחידה,0.00,יחידה,false,,11.90,0.0000,true,1,21150
5411188126195,false,אלפרו משקה שקדים אורגני 1ל מפוקח סקאל,אלפרו C.V.A,BE,אלפרו משקה שקדים אור,ליטרים,1.00,ליטר,false,,11.90,11.9000,true,1,21151
5411188134985,false,אלפרו 3.5% NOT M*LK שיבולת שועל 1 ליטר בית יוסף,הנסיך- מפעל לייצור ט,BE,אלפרו 3.5% שומן NOT,ליטרים,1.00,ליטר,false,,11.10,11.1000,true,1,190205
5411188135005,false,אלפרו 1.8% NOT M*LK שיבולת שועל 1 ליטר בית יוסף,הנסיך- מפעל לייצור ט,BE,אלפרו 1.8% שומן NOT,ליטרים,1.00,ליטר,false,,11.10,11.1000,true,1,194324
5411188513483,false,"סויה לבישול 14% שומן אלפרו 250 מ""ל",אלפרו C.V.A,BE,אלפרו סויה לבישול 14,מיליליטרים,250.00,"100 מ""ל",false,,8.50,3.4000,true,1,364246
5413121355082,false,שוקולד בלגי מריר משובח 72 פרסטיז 100 גרם,BCG,,שוקולד בלגי מריר 72%,גרמים,100.00,100 גרם,false,,10.20,10.2000,true,1,555189
5413121364121,false,בלג'יאן טראפלס קקאו שוקולד 150 גרם,Q Chocolate,BE,שוקולד טראפלס קקאו ז,גרמים,150.00,100 גרם,false,,12.80,8.5333,true,1,556438
5413121388905,false,בלגיאן-טראפלס אגוז חג שמח 150 גרם,Q Chocolate,BE,שוקולד טראפלס אגוז,גרמים,150.00,100 גרם,false,,12.80,8.5333,true,1,555260
5413149655522,false,"אבקת כביסה שושן צחור 1.25 ק""ג אריאל",פרוקטר אנד גמבל,TR,אריאל אבקת כביסה שוש,קילוגרמים,1.25,"ק""ג",false,,15.30,12.2400,true,1,27002
5413548040479,false,בונבוניירה רפאלו 240 גרם,ליימן-שליסל,PL,בונבוניירה רפאלו 240,גרמים,240.00,100 גרם,false,,19.20,8.0000,true,1,41027
5413548280189,false,קינדר שוקו בון 1 יחידות 125 גרם,פררו - אלבה,BE,קינדר שוקו בון 125ג,גרמים,125.00,100 גרם,false,,11.10,8.8800,true,1,41028
5601008200451,false,עוגיות גודיס טבעות מצופות שוקולד מריר מרבה 150 גרם,מרבה Merba,PT,גודיס עוגיות טבעת מצ,גרמים,150.00,100 גרם,false,,5.00,3.3333,true,1,21155
5601010211087,false,פילה סרדין בשמן זית כתית 100 גר רמירז,רמירז אנד קה פילהאוס,PT,פילה סרדין בשמן זית,גרמים,100.00,100 גרם,false,,11.90,11.9000,true,1,47435
5601217129420,false,וולייט דפים למניעת העברת צבע 20 יחידות,רקיט בן קיזר,IT,וולייט דפים 20 יח',יחידה,0.00,יחידה,false,,17.00,0.0000,true,1,20616
5604912415058,false,סרדינים פורטוס בשמן חמניות חריף 125 גרם,פורטוס Porthos,PT,סרדינים בשמן חמניה ח,גרמים,125.00,100 גרם,false,,5.10,4.0800,true,1,5278
5701932026964,false,"הוטפופ גרעיני תירס להכנת פופקורן במיקרוגל בטעם טבעי, בתוספת מלח, 600 גרם",ליימן מותגים,US,הוט פופ .פופקורן עם,גרמים,600.00,100 גרם,false,,12.90,2.1500,true,1,12728
5701932026971,false,הוטפופ גרעיני תירס להכנת פופקורן במיקרוגל בטעם חמאה 600 גרם,ליימן מותגים,US,הוט פופ פופקורן בטעם,גרמים,600.00,100 גרם,false,,12.90,2.1500,true,1,12729
5701932026995,false,"הוטפופ גרעיני תירס להכנת פופקורן במיקרוגל בטעם טבעי מופחת שומן, 510 גרם",קריניציה ויטמינה אס,US,הוט פופ פופקורן לייט,גרמים,510.00,100 גרם,false,,12.90,2.5294,true,1,12730
5711953106583,false,גבינת שמנת בטעם טבעי 200 גרם ארלה,ארלה פודס אמבה,DK,ארלה גבינת שמנת טבעי,גרמים,200.00,100 גרם,false,,13.60,6.8000,true,1,22986
5711953106590,false,גבינת שמנת ארלה שמנת שום 200 גרם,ארלה פודס אמבה,DK,ארלה גבינת שמנת שום,גרמים,200.00,100 גרם,false,,13.60,6.8000,true,1,22987
5711953106606,false,גבינת שמנת עם תבלינים ועשבי תיבול 23.5%,ארלה פודס אמבה,DK,ארלה גבינת שמנת עשבי,גרמים,200.00,100 גרם,false,,13.60,6.8000,true,1,22988
5740900403215,false,ממרח מחמאת לורפק עם מלח 250 ג',ארלה פודס אמבה,DK,ממרח לורפק עם מלח 25,גרמים,250.00,100 גרם,false,,14.40,5.7600,true,1,22989
5740900403222,false,ממרח לורפק חמאה עם מלח מופחת שומן 250 ג,ארלה פודס אמבה,DK,ממרח לורפק עם מלח מו,גרמים,250.00,100 גרם,false,,14.40,5.7600,true,1,22990
5740900403239,false,ממרח לורפק ללא תוספת מלח 250 גר,ארלה פודס אמבה,DK,ממרח לורפק ללא מלח 2,גרמים,250.00,100 גרם,false,,14.40,5.7600,true,1,22991
5740900403246,false,ממרח לורפק ללא תוספת מלח 500 גר,ארלה פודס אמבה,DK,ממרח לורפק ללא מלח 5,גרמים,500.00,100 גרם,false,,24.70,4.9400,true,1,22992
5740900403253,false,ממרח מחמאת לורפק עם מלח 500 ג',ארלה פודס אמבה,DK,ממרח לורפק עם מלח 50,גרמים,500.00,100 גרם,false,,24.70,4.9400,true,1,22993
5740900403260,false,ממרח מחמאת לורפק ללא מלח 27% פחות שומן,ארלה פודס אמבה,DK,ממרח לורפק ללא מלח מ,גרמים,250.00,100 גרם,false,,14.40,5.7600,true,1,22994
5765220190157,false,עטרות נייר אפייה 2- 130 יחידות,,,עטרות נייר לאפייה 2,יח',130.00,יח',false,,4.20,0.0323,true,1,117270
5765220190164,false,עטרות נייר אפייה 3- 130 יחידות,,,עטרות נייר לאפייה 3,יח',130.00,יח',false,,4.20,0.0323,true,1,117271
5765220190546,false,סביבון טורבו אורות מנגן,,,סביבון טורבו אורות מ,יחידה,0.00,יחידה,false,,13.59,0.0000,true,1,102180
5900020020710,false,מארז חטיף דגנים קראנץ' בטעם שוקו וניל נסטלה,נסטלה פולין ברים,PL,חטיף דגנים קראנץ בר,גרמים,150.00,100 גרם,false,,14.50,9.6667,true,1,18156
5900020026552,false,דגני בוקר האני נאט צ'יריוס בטעם דבש ושקדים,נסטלה צרפת איטנקורט,FR,האני נאט ציריוס נסטל,גרמים,625.00,100 גרם,false,,21.30,3.4080,true,1,18168
5900020032454,false,מארז חטיף פיטנס עוגיות 8 X 23.5 גרם,נסטלה פולין ברים,PL,חטיף דגנים עוגיות פ,גרמים,188.00,100 גרם,false,,14.50,7.7128,true,1,163844
5900020036407,false,ליון דגני בוקר שוקולד וקרמל נסטלה 480 גרם,נסטלה פולין דגני בוק,PL,דגני בוקר שוקולד וקר,גרמים,480.00,100 גרם,false,,21.30,4.4375,true,1,63404
5900020037916,false,דגני בוקר שיבולת שועל צ'ריוס 375ג',ג'נרל מילס סאן אדריא,PL,צ'יריוס שיבולת שועל,גרמים,375.00,100 גרם,false,,13.60,3.6267,true,1,167208
5900627063233,false,טבליות למדיח הכל ב-1 פיניש מקס 50 יחידות,רקיט בנקיזר,PL,50 יח AIO טבליות פינ,גרמים,800.00,100 גרם,false,,34.10,4.2625,true,1,20631
5901414200411,false,בלזן היט מיני ביסקוויט סנדוויץ' עם מילוי קרם בטעם שוקולד 130 גרם,ליימן שליסל,PL,היט מיניס קרם קקאו 1,גרמים,130.00,100 גרם,false,,5.40,4.1538,true,1,41537
5902198160403,false,XL משקה אנרגיה מוגז ללא סוכר עד 10 קלוריות לפחית 250 מל,"טמפו משקאות בע""\מ",IL,אקס אל משקה אנרגיה ט,מיליליטרים,250.00,"100 מ""ל",false,,3.90,1.5600,true,1,9287
5902768862553,true,עוגיות בוגטי שוקולד,,,עוגיות בוגטי שוקולד,גרמים,155.00,100 גרם,false,,5.10,3.2903,true,1,49422
5904941750312,false,"משקה אנרגיה BLU מוחיטו בודד 250 מ""ל",אקו - ביט,PL,בלו בודד מוחיטו 250,מיליליטרים,250.00,"100 מ""ל",false,,3.90,1.5600,true,1,1813
5904941751302,false,"משקה אנרגיה בלו 250 מ""ל- בודד",אקו - ביט,PL,בלו משקה אנרגיה 250,מיליליטרים,250.00,"100 מ""ל",false,,3.90,1.5600,true,1,1814
5904941751715,false,"משקה אנרגיה בלו קרנברי 250 מ""ל -בודד",אקו - ביט,PL,בלו משקה אנרגיה קרנב,מיליליטרים,250.00,"100 מ""ל",false,,3.90,1.5600,true,1,1816
5904941751920,false,בלו משקה אנרגיה דיי חצי מכמות הקלו250 מל,אקו - ביט,PL,בלו משקה אנרגיה דיי,מיליליטרים,250.00,"100 מ""ל",false,,3.90,1.5600,true,1,1819
5906485301012,false,"משקה אנרגיה XL פחית 250 מ""ל","טמפו משקאות בע""מ",IL,אקס אל משקה אנרגיה 2,מיליליטרים,250.00,"100 מ""ל",false,,3.90,1.5600,true,1,9288
5997321701806,false,אבקה למניעת אבנית במכונת כביסה 2 ב-1,רקיט בנקיזר פולין,PL,"קלגון אבקה 1 ק""ג",קילוגרמים,1.00,"ק""ג",false,,26.40,26.4000,true,1,20634
6008165271192,false,סיגריות פאל מל ארוך אדום בודד,אמריקן גרדן,TR,פאל מאל אדום ארוך,יחידה,0.00,יחידה,false,,29.00,0.0000,false,1,4170
6102017501939,false,מצת להבה לגז brico {במעמד},,CN,מצת מהודר,יחידה,0.00,יחידה,false,,9.90,0.0000,true,1,30834
6224009175192,false,"תות שדה 1 ק""ג קפוא ב",O.K FRUIT,EG,"תות שדה 1 ק""ג קפוא ב",קילוגרמים,1.00,"ק""ג",false,,14.50,14.5000,true,1,51068
6902019042061,false,מארז בלונים 50 יח קרביץ,,IL,מארז בלונים 50 יח,יחידה,0.00,יחידה,false,,9.40,0.0000,true,1,13097
6910191800287,false,אצות נורי בלו 10 דף (ננגטונג),ננטונג היידה אקווטוק,CN,אצות נורי לסושי מזרח,גרמים,25.00,100 גרם,false,,10.20,40.8000,true,1,47105
6912977000140,false,אטריות שעועית 250 גר' ( Yantai)ללא גלוטן(כ),יאנטאי ינסידה לנוגקא,CN,אטריות שעועית ללא גל,גרמים,250.00,100 גרם,false,,7.70,3.0800,true,1,47106
6920220650028,false,חנוכיית פח זהב /כסף,,,חנוכיה פח זהב/כסף,יחידה,0.00,יחידה,false,,4.20,0.0000,true,1,608787
6936745600462,false,רוטב מירין לתיבול מז,דאנינג יוה פודס קו,CN,רוטב מירין לתיבול מז,מיליליטרים,500.00,"100 מ""ל",false,,17.10,3.4200,true,1,47109
6951097101030,false,מאג לונדון 375,,,מאג לונדון,יחידה,0.00,יחידה,false,,5.10,0.0000,true,1,27770
6972534059738,false,שטיח גומי לאמבטיה צי,,,שטיח גומי לאמבטיה צי,יחידה,0.00,יחידה,false,,20.60,0.0000,true,1,511709
6973030631008,true,מארז 50 מסכות כירוג,,,מארז 50 מסכות כירוג,יחידה,0.00,יחידה,false,,8.50,0.0000,true,1,76872
6987965789239,false,דף יציריה צהוב מדבקות חנוכה,,,דף יצירה צהוב עם מדב,יחידה,0.00,יחידה,false,,1.30,0.0000,true,1,609343
6987965789253,false,דף יציריה מדבקות חנוכה,,,דף יצירה עם מדבקות ח,יחידה,0.00,יחידה,false,,1.30,0.0000,true,1,609344
6987965789284,false,דף יציריה מדבקות חנוכה,,,דף יצירה עם מדבקות ח,יחידה,0.00,יחידה,false,,1.30,0.0000,true,1,609345
7046110064047,false,מארז זוג מברשת שיניים ג'ורדן ילדים 6-9,דנטלון,MY,ג'ורדן מארז מברשת שי,יחידה,0.00,יחידה,false,,14.90,0.0000,true,1,5720
7108325041739,false,סט 3 מגבות מטבח,,,סט 3 מגבות מטבח,יחידה,0.00,יחידה,false,,17.01,0.0000,true,1,246281
7271730901261,false,ווקי מאק ארוחת אטריות עם גבינה 156 גרם,ניו וורלד פסטה קומפנ,US,ארוחת אטריות וואקי מ,גרמים,156.00,100 גרם,false,,9.40,6.0256,true,1,36456
7290000000004,false,לחמניית אצבע עם נקני,,,לחמניית אצבע עם נקני,יחידה,0.00,יחידה,false,,8.50,0.0000,true,1,34156
7290000000104,false,סנדוויץ' עובד,ביכורי השקמה,,סנדוויץ' עובד,יחידה,0.00,יחידה,false,,4.30,0.0000,true,1,34174
7290000000311,false,קרואסון ביס בטעמים ח,,,קרואסון ביס בטעמים ח,קילוגרמים,1.00,"ק""ג",true,,35.90,35.9000,true,1,2403
7290000000465,false,נקניקיות/סרדלקי טליא,"ולדמן ביח""ר לנקניק ו",,לחמניה שמינייה,יח',1.00,יח',false,,3.40,3.4000,true,1,2414
7290000000978,true,חסה כשר,,,חסה כשר,יח',1.00,יח',false,,6.90,6.9000,true,1,47267
7290000000985,true,פטרוזיליה כשר,,,פטרוזיליה כשר,יח',1.00,יח',false,,5.90,5.9000,true,1,47268
7290000001104,false,פטריות חורש מיני ארוז 200 ג',"מרינה פטריות הגליל בע""מ",IL,פטריות חורש ארוז,יח',1.00,יח',false,,9.90,9.9000,true,1,44331
7290000001193,false,בונז'ור בייבי חליות,,,בונז'ור בייבי חליות,גרמים,70.00,100 גרם,false,,2.06,2.9429,true,1,33733
7290000001524,true,בצל ירוק כשר,,,בצל ירוק כשר,יח',1.00,יח',false,,5.90,5.9000,true,1,47269
7290000001579,true,סלרי אמריקאי כשר,,,סלרי אמריקאי כשר,יח',1.00,יח',false,,6.90,6.9000,true,1,47270
7290000001586,true,שמיר כשר,,,שמיר כשר,יח',1.00,יח',false,,5.90,5.9000,true,1,47271
7290000001593,true,נענע כשר,,,נענע כשר,יח',1.00,יח',false,,5.90,5.9000,true,1,47272
7290000001609,true,מנגולד כשר,,,מנגולד כשר,יח',1.00,יח',false,,6.90,6.9000,true,1,47273
7290000002021,false,גבינה קוסטרומסקוי,,,רוגלך פרווה,קילוגרמים,1.00,"ק""ג",true,,35.90,35.9000,true,1,2455
7290000002022,false,פרווה ביס שוקולד/מאפ,,,פרווה ביס שוקולד/מאפ,קילוגרמים,1.00,"ק""ג",true,,35.90,35.9000,true,1,2456
7290000002057,false,בורקיטס בולגרי בטעמי,,,בורקיטס בולגרי בטעמי,קילוגרמים,1.00,"ק""ג",true,,35.90,35.9000,true,1,2457
7290000002592,false,אורז יסמין,,,אורז יסמין,קילוגרמים,1.00,"ק""ג",true,,10.30,10.3000,true,1,50881
7290000003196,false,פילו מלוח טעמים מיוח,,,פילו מלוח טעמים מיוח,קילוגרמים,1.00,"ק""ג",true,,34.20,34.2000,true,1,2465
7290000004444,false,שקיות גופיה 20 מקרו,,,שקיות גופיה 20 מקרו,יחידה,0.00,יחידה,false,,0.09,0.0000,true,1,553197
7290000004991,false,מארז תרומה אגרות פתח,,,מארז תרומה אגרות פתח,יחידה,0.00,יחידה,false,,10.00,0.0000,true,1,187082
7290000005025,false,בייגל בטעמים,,,בייגל בטעמים,יח',1.00,יח',false,,4.20,4.2000,true,1,35889
7290000009350,false,בשר טחון טרי,,,בשר טחון טרי,קילוגרמים,1.00,"ק""ג",true,,32.40,32.4000,true,1,570585
7290000009351,false,בשר טחון חלק טרי,,,בשר טחון חלק טרי,קילוגרמים,1.00,"ק""ג",true,,42.70,42.7000,true,1,570734
7290000009352,false,בשר טחון פרימיום טרי,,,בשר טחון פרימיום טרי,קילוגרמים,1.00,"ק""ג",true,,42.70,42.7000,true,1,570881
7290000009358,false,כתף בקר טרי,,,כתף בקר טרי,קילוגרמים,1.00,"ק""ג",true,,55.50,55.5000,true,1,571274
7290000009362,false,צלי כתף טרי,,,צלי כתף טרי,קילוגרמים,1.00,"ק""ג",true,,76.90,76.9000,true,1,571492
7290000009370,false,שריר טרי,,,שריר טרי,קילוגרמים,1.00,"ק""ג",true,,51.20,51.2000,true,1,571637
7290000009371,false,שריר חלק טרי,,,שריר חלק טרי,קילוגרמים,1.00,"ק""ג",true,,51.20,51.2000,true,1,571656
7290000009374,false,אנטריקוט טרי,,,אנטריקוט טרי,קילוגרמים,1.00,"ק""ג",true,,111.10,111.1000,true,1,572045
7290000009395,false,אסאדו ע.ע. טרי,,,אסאדו ע.ע. טרי,קילוגרמים,1.00,"ק""ג",true,,59.80,59.8000,true,1,572245
7290000009396,false,אסאדו ע.ע חלק טרי,,,אסאדו ע.ע חלק טרי,קילוגרמים,1.00,"ק""ג",true,,59.90,59.9000,true,1,572278
7290000009397,false,אוסובוקו טרי,,,אוסובוקו טרי,קילוגרמים,1.00,"ק""ג",true,,55.50,55.5000,true,1,571854
7290000009399,false,סינטה טרי,,,סינטה טרי,קילוגרמים,1.00,"ק""ג",true,,111.10,111.1000,true,1,572308
7290000009410,false,פילה בקר חלק טרי,,,פילה בקר חלק טרי,קילוגרמים,1.00,"ק""ג",true,,170.90,170.9000,true,1,572465
7290000009421,false,עצמות בקר טרי,,,עצמות בקר טרי,קילוגרמים,1.00,"ק""ג",true,,34.20,34.2000,true,1,576862
7290000009433,false,צלעות טלה טרי,,,צלעות טלה טרי,קילוגרמים,1.00,"ק""ג",true,,162.40,162.4000,true,1,572878
7290000009434,false,אסאדו טלה טרי,,,אסאדו טלה טרי,קילוגרמים,1.00,"ק""ג",true,,85.40,85.4000,true,1,572913
7290000009435,false,צוואר טלה טרי,,,צוואר טלה טרי,קילוגרמים,1.00,"ק""ג",true,,64.10,64.1000,true,1,572929
7290000009436,false,כתף טלה טרי,,,כתף טלה טרי,קילוגרמים,1.00,"ק""ג",true,,102.50,102.5000,true,1,572962
7290000009456,false,צוואר עגל טרי,,,צוואר עגל טרי,קילוגרמים,1.00,"ק""ג",true,,47.00,47.0000,true,1,586309
7290000009458,false,צוואר ע.ע מחפוד,,,צוואר ע.ע מחפוד,קילוגרמים,1.00,"ק""ג",true,,51.20,51.2000,true,1,585647
7290000009459,false,חזה ע.ע מחפוד,,,חזה ע.ע מחפוד,קילוגרמים,1.00,"ק""ג",true,,51.20,51.2000,true,1,585708
7290000009460,false,כתף ע.ע מחפוד,,,כתף ע.ע מחפוד,קילוגרמים,1.00,"ק""ג",true,,51.20,51.2000,true,1,585772
7290000009461,false,חזה ע.ע טרי,,,חזה ע.ע טרי,קילוגרמים,1.00,"ק""ג",true,,42.70,42.7000,true,1,585937
7290000009462,false,צוואר ע.ע טרי,,,צוואר ע.ע טרי,קילוגרמים,1.00,"ק""ג",true,,42.70,42.7000,true,1,585953
7290000009464,false,אנטריקוט ע.ע טרי,,,אנטריקוט ע.ע טרי,קילוגרמים,1.00,"ק""ג",true,,81.20,81.2000,true,1,586012
7290000009465,false,אנטריקוט ע.ע מחפוד ט,,,אנטריקוט ע.ע מחפוד ט,קילוגרמים,1.00,"ק""ג",true,,89.70,89.7000,true,1,586042
7290000009466,false,חזה בקר טרי,,,חזה בקר טרי,קילוגרמים,1.00,"ק""ג",true,,47.00,47.0000,true,1,586071
7290000009469,false,קוביות לגולש טרי,,,קוביות לגולש טרי,קילוגרמים,1.00,"ק""ג",true,,76.90,76.9000,true,1,586131
7290000009475,false,אנטריקוט W טרי,,,אנטריקוט W טרי,קילוגרמים,1.00,"ק""ג",true,,145.30,145.3000,true,1,586207
7290000009479,false,שומן כבש טרי,,,שומן כבש טרי,קילוגרמים,1.00,"ק""ג",true,,85.40,85.4000,true,1,586827
7290000009480,false,עצמות מח חלק טרי,,,עצמות מח חלק טרי,קילוגרמים,1.00,"ק""ג",true,,21.30,21.3000,true,1,586842
7290000009481,false,כתף ע.ע כשר,,,כתף ע.ע כשר,קילוגרמים,1.00,"ק""ג",true,,42.70,42.7000,true,1,587089
7290000009485,false,לשון בקר מחפוד טרי,,,לשון בקר מחפוד טרי,קילוגרמים,1.00,"ק""ג",true,,59.80,59.8000,true,1,587229
7290000009488,false,זנב בקר טרי,,,זנב בקר טרי,קילוגרמים,1.00,"ק""ג",true,,59.80,59.8000,true,1,587304
7290000009489,false,זנב בקר מחפוד טרי,,,זנב בקר מחפוד טרי,קילוגרמים,1.00,"ק""ג",true,,76.90,76.9000,true,1,587320
7290000009494,false,לב בקר מחפוד טרי,,,לב בקר מחפוד טרי,קילוגרמים,1.00,"ק""ג",true,,29.90,29.9000,true,1,587474
7290000009497,false,נתח קצבים בקר טרי,,,נתח קצבים בקר טרי,קילוגרמים,1.00,"ק""ג",true,,85.40,85.4000,true,1,587534
7290000009504,false,שפיץ צאך טרי,,,שפיץ צאך טרי,קילוגרמים,1.00,"ק""ג",true,,102.50,102.5000,true,1,587565
7290000009505,false,כנפיים טרי ארוז - מב,,,שייטל בקר טרי,קילוגרמים,1.00,"ק""ג",true,,81.20,81.2000,true,1,587580
7290000009506,false,כרעיים טרי ארוז - מב,,,ויסברטן בקר טרי,קילוגרמים,1.00,"ק""ג",true,,68.30,68.3000,true,1,587595
7290000009512,false,ויסברטן בקר מחפוד ט,,,ויסברטן בקר מחפוד ט,קילוגרמים,1.00,"ק""ג",true,,76.90,76.9000,true,1,587643
7290000009515,false,אווזית בקר מחפוד טרי,,,אווזית בקר מחפוד טרי,קילוגרמים,1.00,"ק""ג",true,,76.90,76.9000,true,1,587674
7290000010030,false,אצבעות וניל/ביס שוקו,בונז'ור,,5 יח' לחמניה לבנה ע,יח',1.00,יח',false,,12.80,12.8000,true,1,51698
7290000011040,false,5 יח' לחמניה קשר,,,5 יח' לחמניה קשר,יח',1.00,יח',false,,11.90,11.9000,true,1,2485
7290000014510,false,חסה עגולה,,,חסה עגולה,יח',1.00,יח',false,,6.90,6.9000,true,1,50479
7290000023083,false,ערק אשקלון בקבוק 700,"יקבי ברקן בע""\מ",IL,"ערק אשקלון 700 מ""ל כ",מיליליטרים,700.00,"100 מ""ל",false,,43.50,6.2143,true,1,9296
7290000023809,false,"יין קלאסיק קברנה סוביניון ברקן 750 מ""ל",יקבי ברקן שיווק והפצה בע,IL,קלאסיק קברנה סובניון,מיליליטרים,750.00,"100 מ""ל",false,,28.20,3.7600,true,1,9309
7290000023816,false,"יין קלאסיק אמרלד ריזלינג ברקן 750 מ""ל",יקבי ברקן שיווק והפצה בע,IL,קלאסיק אמרלד ריזלינג,מיליליטרים,750.00,"100 מ""ל",false,,28.20,3.7600,true,1,9310
7290000023977,false,"יין קלאסיק מרלו ברקן 750 מ""ל",יקבי ברקן שיווק והפצה בע,IL,קלאסיק מרלו 750מל.,מיליליטרים,750.00,"100 מ""ל",false,,28.20,3.7600,true,1,9316
7290000024240,false,יין רזרב שרדונה 750 מל שביעית,ביבקבי ברקן שיווק וה,IL,"שרדונה רזרבד 750 מ""ל",מיליליטרים,750.00,"100 מ""ל",false,,36.80,4.9067,true,1,9322
7290000024523,false,"תירוש של סגל ,מיץ ענבים , 1 ליטר",כרמי צבי - האחים סגל,IL,תירוש של סגל 1 ליטר,ליטרים,1.00,ליטר,false,,12.00,12.0000,true,1,9327
7290000024905,false,"וודקה קגלביץ' קלאסיקה 700 מ""ל","יקבי ברקן בע""\מ",IL,קגלביץ קלאסיקה 700 מ,מיליליטרים,700.00,"100 מ""ל",false,,43.50,6.2143,true,1,9333
7290000024912,false,"וודקה קגלביץ' לימון 700 מ""ל","יקבי ברקן בע""מ",IL,"קגלביץ לימון 700 מ""ל",מיליליטרים,700.00,"100 מ""ל",false,,30.70,4.3857,true,1,9334
7290000025786,false,דניס נקי טרי,,,דניס נקי טרי,קילוגרמים,1.00,"ק""ג",true,,59.80,59.8000,true,1,47457
7290000026813,false,אמנון טרי נקי,,,אמנון טרי נקי,קילוגרמים,1.00,"ק""ג",true,,31.60,31.6000,true,1,47460
7290000026893,false,פלפלית בלימון חריף,,,ברמונדי נקי,קילוגרמים,1.00,"ק""ג",true,,42.70,42.7000,true,1,47465
7290000027742,false,לברק נקי טרי,,,לברק נקי טרי,קילוגרמים,1.00,"ק""ג",true,,59.80,59.8000,true,1,47472
7290000027995,false,פילה סלמון טרי,,,פילה סלמון טרי,קילוגרמים,1.00,"ק""ג",true,,85.40,85.4000,true,1,47480
7290000039237,false,צאך עגל טרי,,,צאך עגל טרי,קילוגרמים,1.00,"ק""ג",true,,68.30,68.3000,true,1,1723
7290000040042,false,יופלה יוגורט תות %3 גביע 150 גרם,תנובה חלב,IL,יופלה תות שובב 3% 15,מיליליטרים,150.00,"100 מ""ל",false,,4.40,2.9333,true,1,25465
7290000040066,false,יופלה יוגורט דובדבן %3 גביע 150 גרם,תנובה מרכז שיתופי לש,IL,יופלה דובדבן פראי 3%,מיליליטרים,150.00,"100 מ""ל",false,,4.40,2.9333,true,1,25466
7290000040080,false,יופלה יוגורט אפרסק %3 גביע 150 גרם,תנובה חלב,IL,יופלה אפרסק מאוהב 3%,מיליליטרים,150.00,"100 מ""ל",false,,4.40,2.9333,true,1,25467
7290000040301,false,תנובה עין גדי קממבר מחלב בקר 24% שומן,תנובה מרכז שיתופי לש,IL,תנובה גבינת קממבר עי,גרמים,125.00,100 גרם,false,,14.50,11.6000,true,1,25468
7290000040318,false,גבינת ברי 24% קולאז עדי תנובה 125 ג',תנובה מרכז שיתופי לש,IL,תנובה גבינת ברי 24%,גרמים,125.00,100 גרם,false,,15.30,12.2400,true,1,25469
7290000040462,false,טוסטי גבינה בסגנון אמריקאי אדם 23% תנובה 200 גרם,תנובה מרכז שיתופי לש,IL,טוסטי טעם אדם 22% 20,גרמים,200.00,100 גרם,false,,14.40,7.2000,true,1,25471
7290000041445,false,קוטג תנובה גביע 250 גרם 5% בדצ,מיוצר עי קונדיטוריית,IL,"קוטג' 5% תנובה בד""צ",גרמים,250.00,100 גרם,false,,4.80,1.9200,true,1,25474
7290000041452,false,קוטג תנובה גביע 250 גרם 9% בדצ,תנובה מרכז שיתופי לש,IL,"קוטג' תנובה בד""צ 9%",גרמים,250.00,100 גרם,false,,4.80,1.9200,true,1,25475
7290000041858,false,"שמנת חמוצה 15% מועשרת יטבתה 200 מ""ל",שטראוס גרופ,IL,יטבתה שמנת חמוצה 15%,מיליליטרים,200.00,"100 מ""ל",false,,2.10,1.0500,true,1,22995
7290000041865,false,"לבן 4.5% שומן מהדרין ""יטבתה""",שטראוס גרופ,IL,יטבתה לבן 4.5% 200מל,מיליליטרים,200.00,"100 מ""ל",false,,2.10,1.0500,true,1,22996
7290000042411,false,חלב בקרטון 3% יטבתה 1 ל',מחלבת יטבתה,IL,יטבתה חלב קרטון 3% 1,ליטרים,1.00,ליטר,false,,5.32,5.3200,true,1,22999
7290000042435,false,חלב דל שומן בקרטון+פקק תנובה 1 ליטר,תנובה מרכז שיתופי לש,IL,חלב תנובה בקרטון 1%,ליטרים,1.00,ליטר,false,,5.01,5.0100,true,1,25483
7290000042640,false,"חלב תנובה עמיד 3% קרטון 250 מ""ל",תנובה חלב,IL,חלב תנובה עמיד 3% מה,מיליליטרים,250.00,"100 מ""ל",false,,2.50,1.0000,true,1,25488
7290000042855,false,"שוקו בשקית 250 מ""ל ""יטבתה""",שטראוס גרופ,IL,יטבתה שוקו שקית 225,מיליליטרים,225.00,"100 מ""ל",false,,2.50,1.1111,true,1,23000
7290000043012,false,"שוקו עמיד 2% בקרטון 250 מ""ל תנובה",תנובה מרכז שיתופי לש,IL,שוק שוקו עמיד 2% בקר,מיליליטרים,250.00,"100 מ""ל",false,,4.20,1.6800,true,1,25490
7290000043814,false,השף הלבן שמנת להקצפה 38% שומן 250 מל - מוצר בפיקוח,תנובה מרכז שיתופי לש,IL,שף לבן שמנת לקצפת עמ,מיליליטרים,250.00,"100 מ""ל",false,,5.53,2.2120,true,1,25493
7290000043890,false,תנובה רויון לבן מחלב מפסוטר 1.5%,תנובה מרכז שיתופי לש,IL,ריויון 1.5% 1ל,ליטרים,1.00,ליטר,false,,9.80,9.8000,true,1,25494
7290000043944,false,כד יוגורט תנובה 4% שומן 1.5 ליטר,מיוצר עי קונדיטוריית,IL,יוגורט כדים תנובה 1.,ליטרים,1.50,ליטר,false,,13.30,8.8667,true,1,25495
7290000044712,false,יוגורט עם תות 1.5% שומן 500 ג' פרילי,מיוצר עי קונדיטוריית,IL,פרילי תות 1.5% 500מל,מיליליטרים,500.00,"100 מ""ל",false,,9.30,1.8600,true,1,25499
7290000044880,false,באדי יוגורט תות 3% שומן 500 ג' תנובה,מיוצר עי קונדיטוריית,IL,באדי תות 3% 500מל,מיליליטרים,500.00,"100 מ""ל",false,,7.60,1.5200,true,1,25501
7290000045580,false,גבינה מותכת נעמה חורש תנובה 240 גרם,תנובה מרכז שיתופי לש,IL,נעמה גבינת מותכת 25%,גרמים,240.00,100 גרם,false,,15.30,6.3750,true,1,25504
7290000045771,false,יוגורט לבן 4% תנובה 3 ליטר,תנובה מרכז שיתופי לש,IL,יוגורט כדים תנובה 3,ליטרים,3.00,ליטר,false,,25.60,8.5333,true,1,25505
7290000045917,false,תנובה פרומעז גבינה מותכת מחלב עיזים 23% שומן,תנובה חלב,IL,תנובה גבינת פרומעז 2,גרמים,200.00,100 גרם,false,,21.30,10.6500,true,1,25506
7290000046327,false,גלבוע גבינה צהובה פרוסה 22% תנובה 200 גרם,תנובה מרכז שיתופי לש,IL,גלבוע גבינה פרוסה 22,גרמים,200.00,100 גרם,false,,10.80,5.4000,true,1,25507
7290000047546,false,השף הלבן כנען גבינה לבנה דלת נתרן 5% תנובה 500 גרם,תנובה מרכז שיתופי לש,IL,שף לבן כנען 5% 500ג,גרמים,500.00,100 גרם,false,,20.40,4.0800,true,1,25508
7290000048185,false,גבינה לבנה 5% תנובה 250 גרם מהדרין,מיוצר עי קונדיטוריית,IL,גבינה לבנה רכה 5% תנ,גרמים,250.00,100 גרם,false,,4.26,1.7040,true,1,25511
7290000048192,false,גבינה לבנה 9% תנובה 250 גרם מהדרין,מחלבת אלון תבור,IL,גבינה לבנה רכה 9% בד,גרמים,250.00,100 גרם,false,,4.30,1.7200,true,1,25512
7290000048307,false,גבינת קוטג' עם זיתים 5% תנובה 250 גרם,מיוצר עי קונדיטוריית,IL,קוטג תנובה עם זיתים,גרמים,250.00,100 גרם,false,,4.90,1.9600,true,1,25513
7290000048413,false,פיראוס חמד גבינה מלוחה 16% שומן,תנובה מרכז שיתופי לש,IL,פיראוס חמד 16% 250ג,גרמים,250.00,100 גרם,false,,16.20,6.4800,true,1,25514
7290000048437,false,פיראוס צפתית 5% שומן 200 גרם,פארייפאבה אגרואינדוס,IL,פיראוס צפתית 5% 200,גרמים,200.00,100 גרם,false,,12.50,6.2500,true,1,25515
7290000049458,false,גבינת פטה עיזים 16% גביע פיראוס 250 ג',תנובה מרכז שיתופי לש,IL,פיראוס בולגרית עיזים,גרמים,250.00,100 גרם,false,,23.80,9.5200,true,1,25518
7290000050447,false,"יוגורט ביו בטעם תות YYY יופלה 500 מ""ל",מיוצר עי קונדיטוריית,IL,יופלהYYY תות 3% 500מ,מיליליטרים,500.00,"100 מ""ל",false,,11.10,2.2200,true,1,25522
7290000050454,false,יוגורט יופלה אפרסק 3% שומן 500 גרם,מיוצר עי קונדיטוריית,IL,יופלהYYY אפרסק 3% 50,מיליליטרים,500.00,"100 מ""ל",false,,11.10,2.2200,true,1,25523
7290000051307,false,"מארז הפסקת אוכל עם דגני עוגי ומשקה חלב עמיד בטעם וניל 150 מ""ל",תנובה מרכז שיתופי לש,IL,חלב תנובה הפ.אוכל עו,מיליליטרים,150.00,"100 מ""ל",false,,8.10,5.4000,true,1,25528
7290000051376,false,יוגורט יופלה דיאט אננס 0% שומן 150 גרם,תנובה מרכז שיתופי לש,IL,יופלה דיאט אננס ספור,מיליליטרים,150.00,"100 מ""ל",false,,4.40,2.9333,true,1,25530
7290000051710,false,פיראוס גבינת לאבנה אסלית על בסיס יוגורט תנובה 263 גרם,"תנובה, מחלבת אלון תב",IL,פיראוס לאבנה עם שמן,גרמים,263.00,100 גרם,false,,11.90,4.5247,true,1,25532
7290000052311,false,גבינה צהובה עמק לייט 15% שומן 200 גרם,תנובה מרכז שיתופי לש,IL,עמק מהדרין 15% 200 ג,גרמים,200.00,100 גרם,false,,14.10,7.0500,true,1,25537
7290000052649,false,גבינת לאבנה 5% שומן 500 ג' פיראוס,תנובה מרכז שיתופי לש,IL,פיראוס לאבנה 5% 500ג,גרמים,500.00,100 גרם,false,,17.00,3.4000,true,1,25539
7290000052717,false,גבינת קוטג' שום שמיר 5% תנובה 250 גרם,מיוצר עי קונדיטוריית,IL,קוטג תנובה עם שום שמ,גרמים,250.00,100 גרם,false,,4.90,1.9600,true,1,25541
7290000053981,false,מאגדת יופלה 4*תות 150ג 4*אפרסק 150ג בדצ,תנובה מרכז שיתופי לש,IL,מאגדת יופלה תות ואפר,קילוגרמים,1.20,"ק""ג",false,,22.20,18.5000,true,1,25545
7290000055015,false,פיראוס גבינת פטה כבשים 5% תנובה 250 גרם,תנובה מרכז שיתופי לש,IL,פיראוס גבינת פטה כבש,גרמים,250.00,100 גרם,false,,23.00,9.2000,true,1,25551
7290000055329,false,"משקה בוקר יוגורט 1.5% בטעם תות מלון יופלה 250 מ""ל",תנובה מרכז שיתופי לש,IL,יופלה משקה יוגורט תו,מיליליטרים,250.00,"100 מ""ל",false,,4.70,1.8800,true,1,25553
7290000055336,false,"משקה יוגורט 1.5% בטעם בננה אפרסק יופלה 250 מ""ל",תנובה מרכז שיתופי לש,IL,יופלה משקה יוגורט בנ,מיליליטרים,250.00,"100 מ""ל",false,,4.70,1.8800,true,1,25554
7290000055343,false,משקה יוגורט יופלה פירות טרופיים 250 גרם,תנובה מרכז שיתופי לש,IL,יופלה משקה יוגורט טר,מיליליטרים,250.00,"100 מ""ל",false,,4.70,1.8800,true,1,25555
7290000055893,false,חמאה משמנת מפוסטרת 200גרם 82% כ.מהדרין - מוצר בפיקוח,תנובה מרכז שיתופי לש,IL,חמאה מהדרין תנובה 20,גרמים,200.00,100 גרם,false,,6.80,3.4000,true,1,25561
7290000056845,false,תנובה חלב טרי 3% שומן 1.5 ליטר - מוצר בפיקוח,פארייפאבה אגרואינדוס,IL,חלב תנובה בקרטון 3%,ליטרים,1.50,ליטר,false,,7.98,5.3200,true,1,25569
7290000056883,false,שמיניית יוגורט יופלה 3% טעמים שונים 150 גרם,תנובה מרכז שיתופי לש,IL,יופלה טעמים משתנים 3,קילוגרמים,1.20,"ק""ג",false,,26.90,22.4167,true,1,25570
7290000056890,false,שמיניית דיאט יופלה 0% טעמים שונים 150 גרם,מיוצר עי קונדיטוריית,IL,יופלה דיאט טעמים שונ,קילוגרמים,1.20,"ק""ג",false,,26.90,22.4167,true,1,25571
7290000056906,false,מאגדת לבן טבעי 1.5% שומן 8 יח' * 150 ג' יופלה,מחלבת אלון תבור,IL,יופלה לבן 1.5% 8*150,ליטרים,1.20,ליטר,false,,15.00,12.5000,true,1,25572
7290000056951,false,"תנובה, השף הלבן, שמנת לבישול 15% שומן 500 מל",תנובה מרכז שיתופי לש,IL,שף לבן שמנת לבישול +,מיליליטרים,500.00,"100 מ""ל",false,,14.20,2.8400,true,1,25574
7290000057088,false,עמק גבינה צהובה פרוסה דק דק 28% תנובה 200 גרם,תנובה מרכז שיתופי לש,IL,עמק דק דק 28% 200גר,גרמים,200.00,100 גרם,false,,14.30,7.1500,true,1,25577
7290000057118,false,גבינה צהובה עמק 28% שומן ואקום 400 גרם,תנובה מרכז שיתופי לש,IL,עמק סמי 28% 400 גר,גרמים,400.00,100 גרם,false,,18.70,4.6750,true,1,25578
7290000057132,false,יוגורט תנובה טבעי 1.5% גביע 200 גרם,מחלבת אלון תבור,IL,תנובה יוגורט טבעי 1.,מיליליטרים,200.00,"100 מ""ל",false,,3.00,1.5000,true,1,25579
7290000057149,false,יוגורט תנובה טבעי 3% גביע 200 גרם,מיוצר עי קונדיטוריית,IL,תנובה יוגורט טבעי 3%,גרמים,200.00,100 גרם,false,,3.00,1.5000,true,1,25580
7290000057552,false,יופלה דיאט עוגת גבינה ותות 0% גביע 150ג',תנובה חלב,IL,יופלה דיאט ע.גבינה ו,מיליליטרים,150.00,"100 מ""ל",false,,4.40,2.9333,true,1,25583
7290000058001,false,עצמות עגל חלק טרי,,,עצמות עגל חלק טרי,קילוגרמים,1.00,"ק""ג",true,,30.00,30.0000,true,1,1737
7290000058002,false,צוואר עגל חלק טרי,,,צוואר עגל חלק טרי,קילוגרמים,1.00,"ק""ג",true,,55.50,55.5000,true,1,1738
7290000058003,false,צלעות עגל חלק טרי,,,צלעות עגל חלק טרי,קילוגרמים,1.00,"ק""ג",true,,68.30,68.3000,true,1,1739
7290000058007,false,צלי כתף עגל חלק טרי,,,צלי כתף עגל חלק טרי,קילוגרמים,1.00,"ק""ג",true,,76.90,76.9000,true,1,1743
7290000058022,false,אוסובוקו עגל חלק טרי,,,אוסובוקו עגל חלק טרי,קילוגרמים,1.00,"ק""ג",true,,59.80,59.8000,true,1,1755
7290000058030,false,"שמיניית יופלה שטוזים משקה יוגורט תות 100 מ""ל",מיוצר עי קונדיטוריית,IL,יופלה שטוזים משקה יו,מיליליטרים,800.00,"100 מ""ל",false,,17.90,2.2375,true,1,25585
7290000058047,false,שמנת להקצפה 38% 500מל מהדרין עמיד השף הלבן,תנובה מרכז שיתופי לש,IL,שף לבן שמנת מתוקה מה,מיליליטרים,500.00,"100 מ""ל",false,,11.06,2.2120,true,1,25586
7290000058580,false,קוקילידה בטעם וניל עם עוגיות שוקולד גלידות נסטלה 80 גרם,נגה גלידות (גלידות נ,IL,קוקילידה וניל,יחידה,0.00,יחידה,false,,9.00,0.0000,true,1,15839
7290000058979,false,גיל בטעם תות 3% שומן 125 ג' תנובה,תנובה מרכז שיתופי לש,IL,"גיל בטעם תות בד""צ 3%",גרמים,125.00,100 גרם,false,,1.40,1.1200,true,1,25592
7290000059502,false,צואר כבש טרי,,,צואר כבש טרי,קילוגרמים,1.00,"ק""ג",true,,64.10,64.1000,true,1,1770
7290000060071,false,אוסם - חטיפי פריכונים מאורז מלא קלוי 80גר,"פרח תעשיות מזון בע""מ.",IL,חטיפי פריכונים מאורז,גרמים,80.00,100 גרם,false,,6.80,8.5000,true,1,18181
7290000060088,false,בייגלה מקלות מלוחים אסם 400 גרם,מיוצר עי קונדיטוריית,IL,בייגלה אסם מקלות מלו,גרמים,400.00,100 גרם,false,,8.50,2.1250,true,1,18182
7290000060163,false,פסטה אסם אטריות דקות 400גר,"אסם תעשיות בע""מ",IL,אטריות דקות אסם 400,גרמים,400.00,100 גרם,false,,5.90,1.4750,true,1,18185
7290000060200,false,פסטה אסם פתיתים אפויים קוסקוס 500גר,"אסם תעשיות בע""מ",IL,פתיתים אפויים קוסקוס,גרמים,500.00,100 גרם,false,,5.90,1.1800,true,1,18186
7290000060217,false,פסטה מקרוני מספר 7 אסם 500 גרם,קריות זול,IT,פסטה מקרוני אסם 500,גרמים,500.00,100 גרם,false,,5.00,1.0000,true,1,18187
7290000060248,false,פסטה אסם פתיתים תלתלים 500 גר',קריות זול,IT,פסטה תלתלים אסם 500,גרמים,500.00,100 גרם,false,,5.00,1.0000,true,1,18188
7290000060316,false,פרפקטו ספגטי מס' 8 אסם 500 גרם,אסם פרפקטו,IT,פסטה ספגטי פרפקטו 50,גרמים,500.00,100 גרם,false,,5.90,1.1800,true,1,18190
7290000060330,false,פרפקטו פרפקטו ספיראלי גירף 500 גר,אסם פרפקטו,IT,פסטה ספירלי פרפקטו 5,גרמים,500.00,100 גרם,false,,5.90,1.1800,true,1,18192
7290000060408,false,פסטה אסם פתיתים אפויים טבעות 500 גר,"אסם השקעות בע""\מ",IL,פתיתים אפויים טבעות,גרמים,500.00,100 גרם,false,,5.90,1.1800,true,1,18194
7290000060415,false,"פסטה פרפקטו לאזניה 500 ג' ""אסם""",אסם פרפקטו,IT,לזאניה פרפקטו 500 ג,גרמים,500.00,100 גרם,false,,11.10,2.2200,true,1,18195
7290000060576,false,פתיתים אפויים כוכבים אסם 500 גרם,"אסם השקעות בע""\מ",IL,פתיתים אפויים כוכבים,גרמים,500.00,100 גרם,false,,5.90,1.1800,true,1,18201
7290000060781,false,פסטה אסם פתיתים מסולסלים 500גר,קריות זול,IT,פסטה מסולסלים אסם 50,גרמים,500.00,100 גרם,false,,5.00,1.0000,true,1,18202
7290000060828,false,פסטה קרניים בינוניות אסם 500 גרם,קריות זול,IT,פסטה קרניים בינוניות,גרמים,500.00,100 גרם,false,,5.00,1.0000,true,1,18203
7290000060842,false,פסטה אסם פתיתים צדפים גדולים 500גר,קריות זול,IT,פסטה צדפים גדולים אס,גרמים,500.00,100 גרם,false,,5.00,1.0000,true,1,18204
7290000060880,false,פסטה ספגטי מספר 8 אסם 500 גרם,קריות זול,IT,ספגטי אסם 500 גרם,גרמים,500.00,100 גרם,false,,5.00,1.0000,true,1,18207
7290000060903,false,פסטה אסם פתיתים אפויים אורז 500גר,"אסם השקעות בע""\מ",IL,פתיתים אפויים אורז א,גרמים,500.00,100 גרם,false,,5.90,1.1800,true,1,18208
7290000060958,false,פסטה אסם אטריות בינוניות 400 גרם,"אסם השקעות בע""\מ",IL,אטריות בינוניות אסם,גרמים,400.00,100 גרם,false,,5.90,1.4750,true,1,18210
7290000060965,false,פסטה אסם אטריות רחבות 400גר,"אסם השקעות בע""\מ",IL,אטריות רחבות אסם 400,גרמים,400.00,100 גרם,false,,5.90,1.4750,true,1,18211
7290000061061,false,קרקר חיטה עם בצל אסם,"אסם השקעות בע""\מ",IL,אסם קרקר בצל 250גרם,גרמים,250.00,100 גרם,false,,8.50,3.4000,true,1,18213
7290000061085,false,"רוטב צילי מתוק 290 מ""ל-בקבוק","אסם השקעות בע""\מ",IL,אסם רוטב צ'ילי מתוק,מיליליטרים,290.00,"100 מ""ל",false,,8.10,2.7931,true,1,18214
7290000061108,false,"רוטב טריאקי 290 מ""ל-בקבוק","אסם השקעות בע""\מ",IL,רוטב טריאקי אסם 290,מיליליטרים,290.00,"100 מ""ל",false,,8.10,2.7931,true,1,18215
7290000061214,false,פתיתים אפויים קוסקוס עם בצל אסם 500 גרם,"אסם השקעות בע""\מ",IL,פתיתים קוסקוס בצל אס,גרמים,500.00,100 גרם,false,,5.90,1.1800,true,1,18216
7290000061764,false,קפה נמס מגורען רד מאג 200 גרם,נסטלה ספרד קפה,ES,נס קפה רד מאג טעם חד,גרמים,200.00,100 גרם,false,,17.10,8.5500,true,1,18220
7290000062952,false,אוסם - מיני קרוטונים למרק ולסלט 250 גרם,עינת תעשיות מזון אגו,IL,מיני קרוטונים למרק ו,גרמים,250.00,100 גרם,false,,11.90,4.7600,true,1,18226
7290000063102,false,קמח עוגה תופח מאליו אסם 350 גרם,"אסם השקעות בע""\מ",IL,קמח תופח קטן אסם 350,גרמים,350.00,100 גרם,false,,4.20,1.2000,true,1,18229
7290000063133,false,אסם שקדי מרק רכיבים טבעיים 24*100גרם,"אסם השקעות בע""מ",IL,שקדי מרק רכיבים טבעי,גרמים,100.00,100 גרם,false,,5.00,5.0000,true,1,18230
7290000063140,false,שקדי מרק רכיבים טבעיים בשקית 400 ג' אסם,"אסם תעשיות בע""מ",IL,שקדי מרק רכיבים טבעי,גרמים,400.00,100 גרם,false,,9.30,2.3250,true,1,18231
7290000063157,false,"קמח עוגה תופח מאליו אסם 1 ק""ג","אסם השקעות בע""\מ",IL,קמח עוגה תופח מאליו,קילוגרמים,1.00,"ק""ג",false,,6.80,6.8000,true,1,18232
7290000064758,false,קוסקוס בינוני אמיתי אסם 350 ג',"מיוצר ע""י קוד יצרן K",IL,קוסקוס אמיתי אסם 350,גרמים,350.00,100 גרם,false,,6.80,1.9429,true,1,18242
7290000064871,false,"אוסם - מנה חמה פירה תפו""א עם בצל 56 גרם","אסם תעשיות בע""מ",IL,"מנה חמה פירה תפו""א ו",גרמים,56.00,100 גרם,false,,5.05,9.0179,true,1,18243
7290000065090,false,מיני קרוטונים מתובלים למרק ולסלט אסם 400 גרם,עינת תעשיות מזון אגו,IL,מיני קרוטונים למרק ו,גרמים,400.00,100 גרם,false,,17.90,4.4750,true,1,18244
7290000065148,false,פילה סלמון 0.9-1.4 ב,,,פילה סלמון 0.9-1.4 ב,קילוגרמים,1.00,"ק""ג",true,,59.80,59.8000,true,1,161606
7290000065335,false,אוסם - מנה חמה פירה עם ירקות 55 גרם,"אסם תעשיות בע""מ",IL,מנה חמה פירה וירקות,גרמים,55.00,100 גרם,false,,5.05,9.1818,true,1,18246
7290000065540,false,אוסם - מנה חמה פסטה מוקרמת בטעם עוף 55 גרם,"אסם תעשיות בע""מ",IL,מנה חמה פסטה מוקרמת,גרמים,55.00,100 גרם,false,,5.05,9.1818,true,1,18247
7290000065557,false,אוסם - מנה חמה קוסקוס עם ירקות 84 גרם,"אסם תעשיות מזון בע""מ",IL,מנה חמה קוסקוס וירקו,גרמים,84.00,100 גרם,false,,5.05,6.0119,true,1,18248
7290000065977,false,חטיפי פריכונים תירס שומשום אסם 80 גרם,"פרח תעשיות מזון בע""מ.",IL,חטיפי פריכונים תירס,גרמים,80.00,100 גרם,false,,6.80,8.5000,true,1,18254
7290000066141,false,ביסלי חטיף בטעם גריל אסם 70 גרם,"אסם השקעות בע""\מ",IL,ביסלי גריל 70 גר'.,גרמים,70.00,100 גרם,false,,3.40,4.8571,true,1,18256
7290000066172,false,ביסלי חטיף בטעם פיצה אסם 70 גרם,"אסם השקעות בע""\מ",IL,ביסלי פיצה 70גרם,גרמים,70.00,100 גרם,false,,3.40,4.8571,true,1,18259
7290000066196,false,ביסלי חטיף בטעם גריל אסם 200 גרם,מיוצר עי קונדיטוריית,IL,ביסלי גריל 200גרם,גרמים,200.00,100 גרם,false,,5.90,2.9500,true,1,18261
7290000066226,false,ביסלי חטיף בטעם פיצה אסם 200 גרם,מיוצר עי קונדיטוריית,IL,ביסלי טעם פיצה 200גר,גרמים,200.00,100 גרם,false,,5.90,2.9500,true,1,18264
7290000066295,false,במבה מתוקה מחומרים טבעיים 30 גרם,מיוצר עי קונדיטוריית,IL,במבה מתוקה מחומרים ט,גרמים,30.00,100 גרם,false,,2.50,8.3333,true,1,18266
7290000066318,false,במבה חטיף בוטנים אסם 80 גרם,"אסם השקעות בע""\מ",IL,במבה קלאסי 80 גרם,גרמים,80.00,100 גרם,false,,3.80,4.7500,true,1,18268
7290000066332,false,אפרופו חטיף תירס אסם 50 גרם,מיוצר עי קונדיטוריית,IL,אפרופו 50 גרם,גרמים,50.00,100 גרם,false,,4.30,8.6000,true,1,18269
7290000066349,false,אפרופו חטיף תירס אסם 100 גרם,מיוצר עי קונדיטוריית,IL,אפרופו 100גרם,גרמים,100.00,100 גרם,false,,7.60,7.6000,true,1,18270
7290000066431,false,פופקו חטיף פופקורן בטעם חמאה ודבש אסם 80 גרם,מיוצר עי קונדיטוריית,IL,פופקו חמאה ודבש 80גר,גרמים,80.00,100 גרם,false,,4.20,5.2500,true,1,18271
7290000067407,false,פרורית מתובלת בשקית 200 גרם,עינת תעשיות מזון אגו,IL,פירורית מתובל שקית 2,גרמים,200.00,100 גרם,false,,5.60,2.8000,true,1,18278
7290000067544,false,פירורית זהב פירורי לחם אסם 200 גרם,עינת תעשיות מזון אגו,IL,אסם פירורית פירורי ל,גרמים,200.00,100 גרם,false,,5.60,2.8000,true,1,18280
7290000067599,false,מנה חמה ספגטי ברוטב בולונז אסם 65 גרם,"אסם השקעות בע""\מ",IL,מנה חמה ספגטי בולונז,גרמים,65.00,100 גרם,false,,5.05,7.7692,true,1,18284
7290000068138,false,אינסטנט פודינג בטעם וניל אסם 80 גרם,מיוצר עי קונדיטוריית,IL,אסם פודינג אינסטנט ו,גרמים,80.00,100 גרם,false,,4.70,5.8750,true,1,18290
7290000068190,false,אסם ג'לי תות שדה צבעים טבעיים 90 גרם,מיוצר עי קונדיטוריית,IL,אסם ג'לי תות שדה צבע,גרמים,90.00,100 גרם,false,,5.00,5.5556,true,1,18294
7290000068237,false,אבקה להכנת ג'לי בטעם פטל אסם 85 גרם,מיוצר עי קונדיטוריית,IL,אסם ג'לי פטל צבעים ט,גרמים,85.00,100 גרם,false,,5.00,5.8824,true,1,18296
7290000068343,false,אסם פריכונים פרוסות קלויות מלא,"פרח תעשיות מזון בע""מ.",IL,פריכונים מאורז מלא א,גרמים,140.00,100 גרם,false,,5.90,4.2143,true,1,18300
7290000068770,false,במבה יום הולדת חטיף בוטנים אסם 80 גרם,"אסם השקעות בע""\מ",IL,במבה יום הולדת 80גרם,גרמים,80.00,100 גרם,false,,3.80,4.7500,true,1,18302
7290000068787,false,במבה יום הולדת חטיף בוטנים אסם 25 גרם,מיוצר עי קונדיטוריית,IL,במבה יום הולדת 25גרם,גרמים,25.00,100 גרם,false,,2.10,8.4000,true,1,18303
7290000069258,false,פסטה פרפקטו פנה ריגאטה 500 ג' אסם,קריות זול,IT,פנה ריגאטה פרפקטו 50,גרמים,500.00,100 גרם,false,,5.90,1.1800,true,1,18307
7290000069364,false,פריכונים מאורז מלא ללא תוספת סוכר אסם 140 גרם,"פרח תעשיות מזון בע""מ.",IL,פריכונים מאורז מלא ל,גרמים,140.00,100 גרם,false,,5.90,4.2143,true,1,18308
7290000070308,false,אבקת מרק עוף אמיתי בשרי אסם 400 גרם,"אסם השקעות בע""\מ",IL,מרק עוף אמיתי אסם 40,גרמים,400.00,100 גרם,false,,14.40,3.6000,true,1,18318
7290000070322,false,אבקת מרק פטריות רכיבים טבעיים אסם 400 גרם,"אסם השקעות בע""\מ",IL,אבקת מרק פטריות רכיב,גרמים,400.00,100 גרם,false,,17.00,4.2500,true,1,18319
7290000070919,false,בייגלה אסם רשתות עם מלח 400 ג',מיוצר עי קונדיטוריית,IL,בייגלה אסם רשתות מלח,גרמים,400.00,100 גרם,false,,10.20,2.5500,true,1,18328
7290000072067,false,במבה במילוי קרם חלבה 60ג' אסם,מיוצר עי קונדיטוריית,IL,במבה במילוי קרם חלבה,גרמים,60.00,100 גרם,false,,3.80,6.3333,true,1,18330
7290000072241,false,"רוטב פיצה 290 מ""ל-בקבוק","אסם השקעות בע""\מ",IL,אסם רוטב פיצה 290מל,מיליליטרים,290.00,"100 מ""ל",false,,8.10,2.7931,true,1,18334
7290000072623,false,קטשופ אסם בקבוק לחיץ 750 גרם,"אסם תעשיות בע""מ",IL,אסם קטשופ בקבוק לחיץ,גרמים,750.00,100 גרם,false,,9.30,1.2400,true,1,18336
7290000072630,false,קטשופ אסם חריף 750 גרם-בקבוק,"אסם תעשיות בע""מ",IL,אסם קטשופ חריף 750 ג,גרמים,750.00,100 גרם,false,,9.30,1.2400,true,1,18337
7290000072753,false,קפה נמס מגורען טסטרס צ'ויס 200 גרם-,נסטלה קוריאה - קפה,KR,נס קפה טייסטרס צ'ויס,גרמים,200.00,100 גרם,false,,25.60,12.8000,true,1,18339
7290000072760,false,נסקפה טייסטרס צויס 100 גר אוריגנל,נסטלה קוריאה - קפה,KR,טייסטרס צ'וייס 100גר,גרמים,100.00,100 גרם,false,,23.80,23.8000,true,1,18340
7290000072777,false,קפה נמס מגורען נטול קפאין טסטרס צ'ויס 200 גרם,נסטלה קוריאה - קפה,KR,טייסטרס צוייס נטול ק,גרמים,200.00,100 גרם,false,,31.50,15.7500,true,1,18341
7290000072968,false,דגני בוקר סיני מיניס חיטה מלאה וקינמון נסטלה 500 גרם,נסטלה פולין דגני בוק,PL,סיני מיניס דגני נסטל,יחידה,500.00,יחידה,false,,21.30,0.0426,true,1,18347
7290000073125,false,מנה חמה פסטה ברוטב עגבניות אסם 62 גרם,"אסם השקעות בע""\מ",IL,מנה חמה פסטה עם עגבנ,גרמים,62.00,100 גרם,false,,5.05,8.1452,true,1,18348
7290000073699,false,סלט חומוס צבר 150 גרם,סלטי צבר,IL,צבר חומוס חלק 150ג,גרמים,150.00,100 גרם,false,,4.70,3.1333,true,1,19403
7290000073750,false,מנה חמה נודלס אטר+ירקות טעם עוף 70 גרם,PUB FOODS PRESIDENT THAI,TH,מנה חמה נודלס בטעם ע,גרמים,70.00,100 גרם,false,,5.00,7.1429,true,1,18351
7290000073767,false,מנה חמה נודלס אטר.+ירקות טעם בקר 70 גרם,PUB FOODS PRESIDENT THAI,TH,מנה חמה נודלס בטעם ב,גרמים,70.00,100 גרם,false,,5.00,7.1429,true,1,18352
7290000074153,false,ביסקוויט פתי בר שוקולד אסם 500 גרם,מיוצר עי קונדיטוריית,IL,אסם פתי בר שוקו 500ג,גרמים,500.00,100 גרם,false,,11.90,2.3800,true,1,18357
7290000074184,false,ביסקוויט פתי בר אסם 500 גרם,"אסם השקעות בע""\מ",IL,אסם פתי בר 500גרם.,גרמים,500.00,100 גרם,false,,9.30,1.8600,true,1,18359
7290000074245,false,אוסם - קרם קרקר אסם 250 גרם,"אסם השקעות בע""\מ",IL,אסם קרם קרקר 250גרם,גרמים,250.00,100 גרם,false,,7.60,3.0400,true,1,18360
7290000074276,false,קרקר פיקנטי טבעון 250 ג' אסם,"אסם השקעות בע""\מ",IL,טבעון קרקר פיקנטי 25,גרמים,250.00,100 גרם,false,,8.50,3.4000,true,1,18362
7290000074375,false,אוסם - קרקר זהב 150 גרם,"אסם השקעות בע""\מ",IL,אסם קרקר זהב 150גרם,גרמים,150.00,100 גרם,false,,6.40,4.2667,true,1,18365
7290000074481,false,לחמית אגוזים אסם 160 גרם,"אסם השקעות בע""\מ",IL,לחמית אגוזים 160גרם,גרמים,160.00,100 גרם,false,,8.50,5.3125,true,1,18367
7290000074696,false,אסם קרם קרקר 4*1קג ח,"אסם השקעות בע""\מ",IL,אסם קרם קרקר 1קג,קילוגרמים,1.00,"ק""ג",false,,19.60,19.6000,true,1,18369
7290000075693,false,עוגת הבית שמרים בריוש שוקולד אסם 360 גרם,מיוצר עי קונדיטוריית,IL,עוגת שמרים בריוש שוק,גרמים,360.00,100 גרם,false,,13.60,3.7778,true,1,18378
7290000076133,false,בייגלה שמיניות קטנות עם מלח אסם 400 גרם,"אסם השקעות בע""\מ",IL,בייגלה אסם שמיניות ק,גרמים,400.00,100 גרם,false,,8.50,2.1250,true,1,18380
7290000076645,false,טוסטעים פת קלויה חיטה מלאה אסם 100 גרם,ון דר מולן האלום,NL,טוסטעים חיטה מלאה אס,גרמים,100.00,100 גרם,false,,8.50,8.5000,true,1,18382
7290000077017,false,עוגיות קרמוגית במילוי קרם שוקולד אסם 200 גרם,מיוצר עי קונדיטוריית,IL,אסם קרמוגית במילוי ש,גרמים,200.00,100 גרם,false,,9.00,4.5000,true,1,18384
7290000078212,false,קרוטונים מתובלים למרק אסם 250 גרם,עינת תעשיות מזון אגו,IL,קרוטונים מתובלים אסם,גרמים,250.00,100 גרם,false,,11.90,4.7600,true,1,18388
7290000078762,false,אוסם - חטיפי פריכונים מאורז מלא בטעם דבש 80גר,סנורייס בלגיום אן. ו,GB,חטיפי פריכונים אורז,גרמים,80.00,100 גרם,false,,6.80,8.5000,true,1,18390
7290000080765,false,טוסטעים פת קלויה עם שומשום אסם 100 גרם,ון דר מולן האלום,NL,טוסטעים פת קלויה עם,גרמים,100.00,100 גרם,false,,8.50,8.5000,true,1,18394
7290000081663,false,"בייגלה טבעות שומשום אסם 300 גרם בד""ץ",מיוצר עי קונדיטוריית,IL,בייגלה אסם טבעות שומ,גרמים,300.00,100 גרם,false,,8.50,2.8333,true,1,18396
7290000085159,false,פרורי ביסקוויט בטעם וניל הדר 250 גרם,גטניו אם החיטה,IL,פרורי ביסקוויט וניל,גרמים,300.00,100 גרם,false,,5.90,1.9667,true,1,156375
7290000085180,false,גטניו פתי בר וניל 470 גרם,"אחים גטניו בע""מ",IL,גטניו - פתיבר וניל 4,גרמים,470.00,100 גרם,false,,8.50,1.8085,true,1,40780
7290000100081,false,לחמניה קשר/קלועה,,,לחמניה קשר/קלועה,יח',1.00,יח',false,,2.50,2.5000,true,1,33759
7290000100156,false,נילס קוקיס חלבי,,,נילס קוקיס חלבי,קילוגרמים,1.00,"ק""ג",true,,44.50,44.5000,true,1,2498
7290000100160,false,נילס קוקיס שוקו,,,נילס קוקיס שוקו,קילוגרמים,1.00,"ק""ג",true,,44.50,44.5000,true,1,2501
7290000100300,false,לחם מחמצת טוסקני כפר,,,לחם מחמצת טוסקני כפר,גרמים,530.00,100 גרם,false,,14.50,2.7358,true,1,51703
7290000100593,false,פרוסות אנטיפסטי לתנור סנפרוסט 600 גרם,"סנפרוסט בע""\מ",IL,פרוסות אנטיפסטי לתנו,גרמים,600.00,100 גרם,false,,17.00,2.8333,true,1,25213
7290000100615,false,5 יח' חליות לחמניו,,,5 יח' חליות לחמניו,יח',1.00,יח',false,,10.20,10.2000,true,1,2507
7290000101927,false,אוכמניות כחולות מוקפאות סנפרוסט 300 גרם,"איי, בי, אינבוו",IL,אוכמניות כחולות מוקפ,גרמים,300.00,100 גרם,false,,11.10,3.7000,true,1,25221
7290000101934,false,מיקס פירות יער מוקפאות 300 ג' סנפרוסט,"סנפרוסט בע""\מ",IL,מיקס פירות יער 300 ג,גרמים,300.00,100 גרם,false,,11.10,3.7000,true,1,25222
7290000101941,false,אננס חתוך מוקפא סנפרוסט 300ג',"סנפרוסט בע""\מ",IL,אננס מוקפא 300 גרם,גרמים,300.00,100 גרם,false,,11.10,3.7000,true,1,283495
7290000101958,false,מנגו חתוך מוקפא סנפרוסט 300ג',"סנפרוסט בע""\מ",IL,מנגו מוקפא 300 גרם,גרמים,300.00,100 גרם,false,,11.10,3.7000,true,1,25223
7290000103365,false,מרק ירקות עשיר סנפרוסט 550 גרם,"איי, בי, אינבוו",IL,סנפרוסט מרק ירקות 50,גרמים,500.00,100 גרם,false,,14.50,2.9000,true,1,25228
7290000103433,false,"לקט ירקות לתנור 800 גרם ""סנפרוסט""","איי, בי, אינבוו",IL,לקט ירקות לתנור 800,גרמים,800.00,100 גרם,false,,18.70,2.3375,true,1,25233
7290000103457,false,"מיני כרובית 600 גרם ""סנפרוסט""","סנפרוסט בע""\מ",IL,מיני כרובית 600 גרם,גרמים,600.00,100 גרם,false,,9.40,1.5667,true,1,25235
7290000103471,false,מיני ברוקולי סנפרוסט 600 גרם,"סנפרוסט בע""\מ",IL,סנפרוסט מיני ברוקולי,גרמים,600.00,100 גרם,false,,12.80,2.1333,true,1,25236
7290000103839,false,מרק כתום עשיר בירקות סנפרוסט 570 גרם,"סנפרוסט בע""\מ",IL,סנפרוסט מרק כתום קפו,גרמים,572.00,100 גרם,false,,14.50,2.5350,true,1,25258
7290000103846,false,מרק אפונה עשיר בירקות סנפרוסט 570 גרם,"סנפרוסט בע""\מ",IL,סנפרוסט מרק אפונה קפ,גרמים,570.00,100 גרם,false,,14.70,2.5789,true,1,25259
7290000103860,false,מרק עדשים עשיר בירקות סנפרוסט 570 גרם,"איי, בי, אינבוו",IL,סנפרוסט מרק עדשים קפ,גרמים,572.00,100 גרם,false,,14.80,2.5874,true,1,25260
7290000103877,false,מרק שעועית עשיר בירקות סנפרוסט 640 גרם,"סנפרוסט בע""\מ",IL,סנפרוסט מרק שעועית ק,גרמים,644.00,100 גרם,false,,14.50,2.2516,true,1,25261
7290000104072,false,עדשים ירוקות מבושלות מוקפאות 800 ג' סנפרוסט,"איי, בי, אינבוו",IL,סנפרוסט עדשים ירוקות,גרמים,800.00,100 גרם,false,,15.30,1.9125,true,1,25264
7290000104188,false,שעועית אדומה מבושלת סנפרוסט 800 גרם,"סנפרוסט בע""\מ",IL,סנפרוסט שעועית אדומה,גרמים,800.00,100 גרם,false,,13.60,1.7000,true,1,25265
7290000104201,false,אפונה עדינה סנפרוסט 600 גרם,"איי, בי, אינבוו",IL,אפונה עדינה סנפרוסט,גרמים,600.00,100 גרם,false,,14.40,2.4000,true,1,25266
7290000104218,false,סנפרוסט במיה 600 גרם,"איי, בי, אינבוו",IL,סנפרוסט במיה 600גר,גרמים,600.00,100 גרם,false,,13.60,2.2667,true,1,25267
7290000104676,false,אפונה קפואה סנפרוסט 800 גרם,"איי, בי, אינבוו",IL,אפונת גינה סנפרוסט 8,גרמים,800.00,100 גרם,false,,12.80,1.6000,true,1,25270
7290000104683,false,שעועית ירוקה שלמה סנפרוסט 800 גרם,"סנפרוסט בע""\מ",IL,שעועית שלמה סנפרוסט,גרמים,800.00,100 גרם,false,,17.10,2.1375,true,1,25271
7290000104690,false,תירס גרעינים 800 גרם סנפרוסט,"איי, בי, אינבוו",IL,תירס גרעינים 800גר,גרמים,800.00,100 גרם,false,,14.50,1.8125,true,1,25272
7290000104713,false,פול ירוק סנפרוסט 800 גרם,"איי, בי, אינבוו",IL,פול ירוק 800גר,גרמים,800.00,100 גרם,false,,17.90,2.2375,true,1,25274
7290000104720,false,שעועית ירוקה חתוכה סנפרוסט 800 גרם,"סנפרוסט בע""\מ",IL,שעועית ירוקה חתוכה ס,גרמים,800.00,100 גרם,false,,14.50,1.8125,true,1,25275
7290000104744,false,כרובית סנפרוסט 800 גרם,"סנפרוסט בע""\מ",IL,כרובית 800גר,גרמים,800.00,100 גרם,false,,20.40,2.5500,true,1,25277
7290000104751,false,"כרוב ניצנים 800 גרם ""סנפרוסט""","איי, בי, אינבוו",IL,כרוב ניצנים 800גר,גרמים,800.00,100 גרם,false,,17.00,2.1250,true,1,25278
7290000104768,false,תרד עלים סנפרוסט 800 ג ',"איי, בי, אינבוו",IL,תרד עלים 800 גרם,גרמים,800.00,100 גרם,false,,17.00,2.1250,true,1,25279
7290000104775,false,תרד מדליונים סנפרוסט 800 גרם,"איי, בי, אינבוו",IL,תרד מדליונים 800גר,גרמים,800.00,100 גרם,false,,18.70,2.3375,true,1,25280
7290000104799,false,שעועית לבנה מבושלת סנפרוסט 800 גרם,"איי, בי, אינבוו",IL,שעועית לבנה מבושלת 8,גרמים,800.00,100 גרם,false,,12.80,1.6000,true,1,25281
7290000104829,false,קלחי תירס חתוכים סנפרוסט 1 קילו,"סנפרוסט בע""\מ",IL,"קלחוני תירס 1 ק""ג",קילוגרמים,1.00,"ק""ג",false,,16.70,16.7000,true,1,25283
7290000104836,false,שעועית ירוקה עדינה שלמה סנפרוסט 600 גרם,"סנפרוסט בע""\מ",IL,שעועית עדינה שלמה סנ,גרמים,600.00,100 גרם,false,,18.70,3.1167,true,1,25284
7290000104881,false,לקט אפונה וגזר סנפרוסט 800 גרם,"איי, בי, אינבוו",IL,אפונה וגזר 800 גרם ס,גרמים,800.00,100 גרם,false,,12.70,1.5875,true,1,25287
7290000104904,false,לקט ירקות מעורבים סנפרוסט 800 גרם,"איי, בי, אינבוו",IL,לקט ירקות מעורבים 80,גרמים,800.00,100 גרם,false,,19.60,2.4500,true,1,25288
7290000104911,false,לקט נורמנדי סנפרוסט 800 גרם,"איי, בי, אינבוו",IL,לקט נורמנדי 800גר,גרמים,800.00,100 גרם,false,,15.30,1.9125,true,1,25289
7290000105145,false,צלעות מחפוד קפוא מס`,,,צלעות מחפוד קפוא מס`,קילוגרמים,1.00,"ק""ג",true,,42.70,42.7000,true,1,46386
7290000105176,false,כתף מס' 4 קפוא מחפו,,,כתף מס' 4 קפוא מחפו,קילוגרמים,1.00,"ק""ג",true,,47.00,47.0000,true,1,46388
7290000105183,false,צלי כתף מס' 5 חלק,,,צלי כתף מס' 5 חלק,קילוגרמים,1.00,"ק""ג",true,,85.40,85.4000,true,1,46389
7290000105190,false,פילה מדומה מחפוד קפו,,,פילה מדומה מחפוד קפו,קילוגרמים,1.00,"ק""ג",true,,54.70,54.7000,true,1,46390
7290000105220,false,שריר בשר מס' 8 מחפוד,,,שריר בשר מס' 8 מחפוד,קילוגרמים,1.00,"ק""ג",true,,54.70,54.7000,true,1,46393
7290000106526,false,ירקות מעורבים מוקפאים חגיגה ירוקה להקפצה,"איי, בי, אינבוו",IL,סנפרוסט חגיגה ירוקה,גרמים,800.00,100 גרם,false,,17.00,2.1250,true,1,25294
7290000107165,false,חטיף סויה אדממה סנפרוסט 400 גרם,"איי, בי, אינבוו",IL,פולי סויה אדממה קפוא,גרמים,400.00,100 גרם,false,,11.80,2.9500,true,1,25296
7290000107189,false,תחתיות ארטישוק סנפרוסט 400 גרם,"איי, בי, אינבוו",IL,תחתיות ארטישוק 400גר,גרמים,400.00,100 גרם,false,,17.00,4.2500,true,1,25297
7290000107295,false,תפרחות ברוקולי סנפרוסט 800 גרם,"איי, בי, אינבוו",IL,תפרחות ברוקולי 800ג,גרמים,800.00,100 גרם,false,,21.30,2.6625,true,1,25298
7290000107622,false,ירקות ופסטה א-לה איטליה סנפרוסט 800 גרם,"איי, בי, אינבוו",IL,סנפרוסט פסטה וירקות,גרמים,800.00,100 גרם,false,,17.00,2.1250,true,1,25301
7290000112220,false,טחינה גולמית שומשום טהור בארכה 500 גרם,"רושדי תעשיות מזון בע""\מ",IL,בארכה טחינה 100% שומ,גרמים,500.00,100 גרם,false,,11.90,2.3800,true,1,18397
7290000112237,false,"טחינה גולמית שומשום טהור בארכה 1 ק""ג","רושדי תעשיות מזון בע""\מ",IL,בארכה טחינה 100% שומ,קילוגרמים,1.00,"ק""ג",false,,19.60,19.6000,true,1,18398
7290000112497,false,מרק עשיר עוף אטריות קנור 75 גרם - שקיות,יוניליוור ישראל מזון בע\,IL,מרק עשיר עוף עם אטרי,גרמים,68.00,100 גרם,false,,8.50,12.5000,true,1,10099
7290000118277,false,כופתאות מצה להכנת מהירה 65 ג' קנור,יוניליוור ישראל מזון בע\,IL,קנור קניידלך 2* 65 ג,גרמים,130.00,100 גרם,false,,7.70,5.9231,true,1,10127
7290000118352,false,לטקס תפוחי אדמה קנור 2*85 גרם,יוניליוור ישראל מזון בעמ,IL,קנור לטקס 2*85 גרם,גרמים,170.00,100 גרם,false,,11.90,7.0000,true,1,10129
7290000121031,false,החתול המחייך גבינה מותכת 14% מון בלאן 120 גרם,שלושת האופים,IL,מון בלאן גבינת חתול,גרמים,120.00,100 גרם,false,,8.50,7.0833,true,1,16547
7290000121093,false,גבינה מותכת לייט בטעם שוויצרי 7% מון בלאן 120 גר',האי נאם סי או אל.טי.,IL,מון בלאן שויצרית 7%,גרמים,120.00,100 גרם,false,,10.20,8.5000,true,1,16550
7290000121147,false,גבינה מותכת לייט בטעם פיקנטי 7% מון בלאן 120 גרם,"שלושת האופים בע""מ",IL,מון בלאן פיקנטי 7% 1,גרמים,120.00,100 גרם,false,,10.20,8.5000,true,1,16552
7290000121154,false,גבינה מותכת לייט עם סלמון 7% מון בלאן 120 גרם,האי נאם סי או אל.טי.,IL,מון בלאן סלמון 7% 12,גרמים,120.00,100 גרם,false,,9.40,7.8333,true,1,16553
7290000125251,false,שמפו לכביסה עדינה בדין 2 ליטר,"זוהר דליה, קיבוץ דליה, 1",IL,בדין שמפו לכביסה עדי,ליטרים,2.00,ליטר,false,,20.40,10.2000,true,1,10153
7290000134314,false,פיצה תערובת תיבול 120 גרם מיכל גדול,"תבליני טעם וריח בע""מ",IL,תערובת תיבול לפיצה ט,גרמים,120.00,100 גרם,false,,9.00,7.5000,true,1,41932
7290000134376,false,פפריקה בשמן בקופ' 90 גר' טעם וריח,"תבליני טעם וריח בע""מ",IL,טעם וריח פפריקה בשמן,גרמים,90.00,100 גרם,false,,9.00,10.0000,true,1,41935
7290000134840,false,כורכום טחון בקופ' 100 גר' טעם וריח,"תבליני טעם וריח בע""מ",IL,טעם וריח ת.כורכום במ,גרמים,100.00,100 גרם,false,,9.00,9.0000,true,1,41947
7290000134857,false,פפריקה מתוקה בקופ' 100 גר' טעם וריח,"תבליני טעם וריח בע""מ",IL,טעם וריח ת.פפריקה מת,גרמים,100.00,100 גרם,false,,9.00,9.0000,true,1,41948
7290000134970,false,חוואיג' בקופ' 100 גר' טעם וריח,"תבליני טעם וריח בע""מ",IL,תבלין חוואייג טעם ור,גרמים,100.00,100 גרם,false,,9.00,9.0000,true,1,41951
7290000135113,false,"משקה אנרגיה XL פחית ten נענע ליים 250 מ""ל","טמפו משקאות בע""\מ",IL,פחית XL TEN נענע ליי,מיליליטרים,250.00,"100 מ""ל",false,,3.90,1.5600,true,1,9353
7290000135465,false,"מי סודה 500 מ""ל - מארז 12 בקבוקים","טמפו משקאות בע""\מ",IL,מארז תריסר סודה טמפו,ליטרים,6.00,100 ליטר,false,,26.90,448.3333,true,1,173694
7290000135595,false,פפסי מקס בטעם דובדבן 1.5 ללא סוכר,"טמפו משקאות בע""\מ",IL,פפסי מקס בטעם דובדבן,ליטרים,1.50,ליטר,false,,6.80,4.5333,true,1,148536
7290000135625,false,"רביעיית פחיות בירה גולדסטאר 500 מ""ל","טמפו משקות בע""\מ",IL,גולדסטאר פחיות 4*500,ליטרים,2.00,ליטר,false,,24.00,12.0000,true,1,173131
7290000135632,false,"רביעיית פחיות גולדסטאר לא מסונן 500 מ""ל","טמפו משקאות בע""\מ",IL,גולדסטאר לא מסונן פח,ליטרים,2.00,ליטר,false,,29.10,14.5500,true,1,173145
7290000136141,false,משקה בטעם קולה 1.5ל' פפסי,"טמפו משקאות בע""\מ",IL,פפסי קולה 1.5 ליטר,ליטרים,1.50,ליטר,false,,6.80,4.5333,true,1,249236
7290000136158,false,פפסי מקס 1.5 ליטר פיקדון,"טמפו משקאות בע""\מ",IL,פפסי מקס 1.5 ליטר,ליטרים,1.50,ליטר,false,,6.80,4.5333,true,1,249264
7290000136165,false,משקה מירינדה 1.5ליטר,"טמפו משקאות בע""\מ",IL,מירינדה 1.5 ליטר,ליטרים,1.50,ליטר,false,,6.80,4.5333,true,1,249098
7290000136172,false,סבן אפ בקבוק 1.5 ליט,"טמפו משקאות בע""\מ",IL,סבן אפ 1.5 ליטר,ליטרים,1.50,ליטר,false,,6.80,4.5333,true,1,249142
7290000136189,false,סבן אף דיאט 1.5 ליטר בודד,"טמפו משקאות בע""\ם.",IL,סבן אפ דיאט 1.5 ליטר,ליטרים,1.50,ליטר,false,,6.80,4.5333,true,1,249070
7290000136240,false,סודה 1.5 ליטר שישייה בודד,"טמפו משקאות בע""\מ",IL,טמפו סודה 1.5 ליטר,ליטרים,1.50,ליטר,false,,2.50,1.6667,true,1,248355
7290000136295,false,"סירופ בטעם פטל ג'ויסר סיידר הגליל 330 מ""ל","טמפו משקאות בע""\מ",IL,סיידר הגליל JUICER ס,מיליליטרים,330.00,"100 מ""ל",false,,11.40,3.4545,true,1,517354
7290000136455,false,משקה בטעם אשכוליות תריסר 1.5 ל' ג'אמפ,"טמפו משקאות בע""\ם.",IL,ג`אמפ אשכול 1.5 ליטר,ליטרים,1.50,ליטר,false,,6.80,4.5333,true,1,248268
7290000136486,false,משקה בטעם אשכוליות דיאט תריסר 1.5 ל' ג'אמפ,"טמפו משקאות בע""\ם.",IL,ג`אמפ דיאט אשכוליות,ליטרים,1.50,ליטר,false,,6.80,4.5333,true,1,248298
7290000136523,false,משקה בטעם ענבים תריסר 1.5 ל' ג'אמפ,"טמפו משקאות בע""\ם.",IL,ג`אמפ ענבים 1.5 ליטר,ליטרים,1.50,ליטר,false,,6.80,4.5333,true,1,248283
7290000136561,false,משקה בטעם תות בננה תריסר 1.5 ל' ג'אמפ,"טמפו משקאות בע""\מ",IL,ג`אמפ תות בננה 1.5 ל,ליטרים,1.50,ליטר,false,,6.80,4.5333,true,1,248284
7290000136585,false,משקה בטעם תפוזים תריסר 1.5 ל' ג'אמפ,"טמפו משקאות בע""\ם.",IL,ג`אמפ תפוז 1.5 ליטר,ליטרים,1.50,ליטר,false,,6.80,4.5333,true,1,248269
7290000136646,false,בירה נשר מאלט ללא אלכוהול 1.5 ליטר,"טמפו משקאות בע""\מ",IL,נשר מאלט 1.5 ליטר,ליטרים,1.50,ליטר,false,,7.70,5.1333,true,1,248046
7290000136653,false,דיאט נשר מאלט ללא אלכוהול 1.5 ליטר,"טמפו משקאות בע""\מ",IL,נשר מאלט דיאט 1.5 לי,ליטרים,1.50,ליטר,false,,7.70,5.1333,true,1,248061
7290000136660,false,סודה טמפו ליטר וחצי,טמפו,IL,טמפו סודה 1.5 ליטר,ליטרים,1.50,ליטר,false,,2.50,1.6667,true,1,248909
7290000136691,false,מארז שישייה סבן אפ 1.5 ל',סבן אפ 7up,IL,סבן אפ 6*1.5 ליטר,ליטרים,9.00,ליטר,false,,33.50,3.7222,true,1,249114
7290000136776,false,שישיית פפסי מקס דל קלוריות 1.5 ליטר,פפסי Pepsi,IL,פפסי מקס 6*1.5 ליטר,ליטרים,9.00,ליטר,false,,32.70,3.6333,true,1,249265
7290000136790,false,שישיית מי סודה טמפו 1.5 ליטר,"טמפו משקאות בע""\מ",IL,טמפו סודה 6*1.5 ליטר,ליטרים,9.00,ליטר,false,,15.40,1.7111,true,1,248340
7290000136813,false,סודה בטעם אננס מארז רביעייה 1.5 ל' טמפו,טמפו משקאות בע''מn\,IL,טמפו סודה אננס 1.5 ל,ליטרים,6.00,ליטר,false,,10.00,1.6667,true,1,248385
7290000136837,false,רביעיית מי סודה נגיעות אפרסק טמפו 1.5 ליטר,טמפו משקאות בע''מn\,IL,טמפו סודה אפרסק 1.5,ליטרים,6.00,ליטר,false,,10.00,1.6667,true,1,249016
7290000136844,false,מארז מים מזוככים אקווה נובה שישיית 2 ליטר,"טמפו משקאות בע""\מ",IL,אקווה נובה 6*2 ליטר,ליטרים,12.00,ליטר,false,,10.40,0.8667,true,1,248128
7290000136868,false,סאן בנדטו - מים מינרלים - מארז שישיית 1.5 ליטר,אקווה מינרלה סאן בנדטו ב,IT,מים סאן בנדטו 6* 1.5,ליטרים,9.00,ליטר,false,,15.40,1.7111,true,1,248156
7290000136875,false,שישיית מים מינרליים מוגזים סן בנדטו 1.5 ליטר,סאן בנדטו San Benedetto,IT,סאן בנדטו מים מינרלי,ליטרים,9.00,ליטר,false,,15.60,1.7333,true,1,248312
7290000137513,false,גלידונית גלידה וניל בציפוי שוקולד 60 יח' קרמיסימו,"גלידת שטראוס בע""\מ, רחוב",IL,קרמיסימו גלידונית ש.,גרמים,700.00,100 גרם,false,,42.60,6.0857,true,1,4225
7290000137643,false,שלגוני טעמקור בטעם שוקו וניל שטראוס 8*50 גרם,"גלידת שטראוס בע""\מ, רחוב",IL,שלגוני טעמקור 8יח,גרמים,416.00,100 גרם,false,,32.40,7.7885,true,1,4226
7290000143293,false,"הוואי - מרכך ילדים מתיר קשרים 700 מ""ל",טרופיקל דגיל,IL,מרכך הוואי ילדים מתי,מיליליטרים,700.00,"100 מ""ל",false,,8.50,1.2143,true,1,8073
7290000144160,false,"שמן זית כתית מעולה ארומתי עץ הזית 750 מ""ל","מרקאולאו, ספרד.אבסה,",IT,שמן זית כתית מעולה א,מיליליטרים,750.00,"100 מ""ל",false,,29.00,3.8667,true,1,29098
7290000144467,false,שמן חמניות מועשר בנוגדי חמצון 1 ל' עץ הזית,"נארז ע""י : א.ג. גילר",GR,שמן חמניות בריאות מה,ליטרים,1.00,ליטר,false,,13.60,13.6000,true,1,29101
7290000144474,false,שמן עץ הזית קנולה 1 ליטר בריאות מהטבע,שמן תעשיות בעמ,EE,שמן קנולה בריאות עץ,ליטרים,1.00,ליטר,false,,13.60,13.6000,true,1,29102
7290000146645,false,הוואי - סבון מוצק שחור מסתורי 100 גרם רביעייה,טרופיקל דגיל קוסמטיק,IL,סבון מוצק שחור מסתור,גרמים,400.00,100 גרם,false,,10.20,2.5500,true,1,8076
7290000146669,false,הוואי - סבון מוצק שמיים כחולים 100 גרם רביעייה,טרופיקל דגיל קוסמטיק,IL,סבון מוצק שמיים כחול,גרמים,400.00,100 גרם,false,,10.20,2.5500,true,1,8078
7290000146683,false,הוואי - סבון מוצק אפקט דאודורנט 100 גרם רביעייה,טרופיקל דגיל קוסמטיק,PL,סבון מוצק אפקט דאודו,גרמים,400.00,100 גרם,false,,10.20,2.5500,true,1,8080
7290000148380,false,פיסטוקים קלויים קליית גת 200 גרם,"ג'י אנד ג'י בע""מ",IL,פיסטוק קלוי 200 גרם,גרמים,200.00,100 גרם,false,,18.40,9.2000,true,1,12732
7290000148618,false,קשיו מטוגן שקית קליית גת 200 גרם,"ג'י אנד ג'י בע""מ",IL,אגוז קשיו מטוגן 200,גרמים,200.00,100 גרם,false,,15.30,7.6500,true,1,12734
7290000148748,false,קליית גת גרעיני חמניה קלויים ומומלחים200,"ג'י אנד ג'י בע""מ",IL,גרעיני חמניה 200 גרם,גרמים,200.00,100 גרם,false,,5.90,2.9500,true,1,12735
7290000148939,false,שקדים קלויים קלית גת 200 ג',"ג'י אנד ג'י בע""מ",IL,שקדים קלויים 200 גרם,גרמים,200.00,100 גרם,false,,17.90,8.9500,true,1,12736
7290000149851,false,סבון לניקוי והסרת כתמים סינטבון 460 גרם,יבואן ומשווק: ש. שסט,IL,סינטבון כפול 460גר,גרמים,460.00,100 גרם,false,,9.30,2.0217,true,1,29439
7290000151885,false,נקניק הודו יחידה עוף טוב 700ג',עוף טוב,IL,נקניק הודו יחידה 700,גרמים,700.00,100 גרם,false,,12.70,1.8143,true,1,19425
7290000152943,false,מארז פסטרמה כפרית וסלמי כפרי עוף טוב 2*350 גרם,מוצרי עוף טוב (2001) בע\,IL,עוף טוב סלמי פסטרמה,גרמים,700.00,100 גרם,false,,18.70,2.6714,true,1,19430
7290000153445,false,קציצות בקר מתובלות 100% רכיבים טבעיים,מולינו ניקולי s.p.a,IL,עוף טוב קציצות בקר מ,גרמים,500.00,100 גרם,false,,25.60,5.1200,true,1,19434
7290000153469,false,קציצות עוף קלאסיות 100% רכיבים טבעיים,"מוצרי עוף טוב (2001) בע""",IL,עוף טוב קציצות עוף ק,גרמים,600.00,100 גרם,false,,25.60,4.2667,true,1,19435
7290000158105,false,שניצל עוף מיני דינוזאור ללא אנטיביוטיקה מ100% ר.טבעי,"מוצרי עוף טוב (2001) בע""",IL,עוף טוב שניצל עוף מי,גרמים,700.00,100 גרם,false,,21.30,3.0429,true,1,19449
7290000168173,false,"ברנפלקס קרנצ'ים תלמה בד""ץ 375 גרם",יוניליור ישראל מזון,IL,ברנפלקס קרנצים תלמה,גרמים,375.00,100 גרם,false,,17.90,4.7733,true,1,10249
7290000170053,false,"שוקולד פרה חלב 100 גרם בד""צ לל""ג","שטראוס גרופ בע""\מ.",IL,שוקולד חלב פרה 100 ג,גרמים,100.00,100 גרם,false,,4.20,4.2000,true,1,21926
7290000174723,false,שוקולית אבקה להכנת משקה שוקו 500 גרם,הנסיך- מפעל לייצור ט,IL,שוקולית 500 גרם,גרמים,500.00,100 גרם,false,,10.20,2.0400,true,1,21934
7290000176079,false,קפה עלית טורקי עם הל 100 גרם,הנסיך- מפעל לייצור ט,IL,טורקי עלית קפה עם הל,גרמים,100.00,100 גרם,false,,7.60,7.6000,true,1,21937
7290000176116,false,"קפה טורקי עלית וואקום 1 ק""ג",הנסיך- מפעל לייצור ט,IL,טורקי עלית 1קג,קילוגרמים,1.00,"ק""ג",false,,66.60,66.6000,true,1,21939
7290000176413,false,קפה נמס אבקתי 50 ג' עלית,הנסיך- מפעל לייצור ט,IL,עלית נמס 50 גר',גרמים,50.00,100 גרם,false,,7.60,15.2000,true,1,21942
7290000176420,false,קפה נמס פחית עלית 200 גרם,שטראוס קפה בי.וי,IL,קפה נמס עלית פחית 20,גרמים,200.00,100 גרם,false,,16.70,8.3500,true,1,21943
7290000176468,false,קפה נמס נטול קפאין 50 ג' קפה האג,"איי, בי, אינבוו",IL,האג קפה נטול קפאין 5,גרמים,50.00,100 גרם,false,,9.00,18.0000,true,1,21944
7290000178707,false,תפוצ'יפס בטעם טבעי 50 גרם,"שטראוס פריטו ליי בע""\מ )",IL,תפוציפס טבעי 50 גרם,גרמים,50.00,100 גרם,false,,3.30,6.6000,true,1,23914
7290000178721,false,תפוצ'יפס בטעם טבעי 200 גרם,"שטראוס פריטו ליי בע""\מ )",IL,תפוציפס טבעי 200 גרם,גרמים,200.00,100 גרם,false,,8.50,4.2500,true,1,23916
7290000188270,false,קליניקס ממחטות אף אולטרא סופט 2*80 דף,חוגלה קימברלי,IL,קליניקס ממחטות אף או,יחידה,0.00,יחידה,false,,13.60,0.0000,true,1,8856
7290000188355,false,מגבות מטבח ניקול לבנה שישייה,קימברלי-קלארק,IL,מגבות מטבח ניקול לבנ,מטרים,64.80,מטר,false,,11.00,0.1698,true,1,8857
7290000189116,false,תבניות עגולות עבות במיוחד 5 יחידות ניקול,ניקול,CN,ניקול תבניות עגולות,יחידה,0.00,יחידה,false,,8.50,0.0000,true,1,8870
7290000189260,false,תבניות מלבניות עבות וחזקות ניקול 5 יחידות,ניקול,CN,ניקול תבניות מלבניות,יחידה,0.00,יחידה,false,,8.50,0.0000,true,1,8876
7290000189277,false,תבניות מלבניות עבות וחזקות ניקול 3 יחידות,ניקול,CN,ניקול תבניות מלבניות,יחידה,0.00,יחידה,false,,8.50,0.0000,true,1,8877
7290000189505,false,ניקול תבנית אפייה מקרטון אינגליש קייק ניקול 5 יחידות,"דוקארט בעמ, קיבוץ כפ",IL,ניקול תבנית אפייה מק,יחידה,0.00,יחידה,false,,8.50,0.0000,true,1,8882
7290000189598,false,מטליות לחות חד פעמיות לניקוי כללי 50 יח' ניקול,עלבד משואות יצחק בעמ,IL,מטליות לחות חד פעמיו,יחידה,0.00,יחידה,false,,9.30,0.0000,true,1,8885
7290000189659,false,מטליות לחות לרצפה ניקול 10 יח'-מרכז,עלבד משואות יצחק בעמ,IL,ניקול מטליות לחות לר,יחידה,0.00,יחידה,false,,9.80,0.0000,true,1,8887
7290000190150,false,מפיות מודפסות תלת שכבתיות ניקול 20 יחידות,חוגלה קימברלי,SI,מפיות תלת שכבתיות ני,יחידה,0.00,יחידה,false,,6.80,0.0000,true,1,8897
7290000191652,false,שלישיית ממחטות אולטרה סופט קלינקס 90 יחידות,חוגלה קימברלי,IL,קלינקס קלאסיק ניילון,יחידה,0.00,יחידה,false,,9.40,0.0000,true,1,8920
7290000193014,false,מגן תחתון פדיות אינטרלוד לילי 50 יחידות,חוגלה קימברלי,CZ,מגן תחתון אינטרלוד ל,יחידה,0.00,יחידה,false,,8.50,0.0000,true,1,8926
7290000193083,false,נובה-לי תחבושות היגייניות לילי 28 יחידות,חוגלה קימברלי,CZ,תחבושות נובה לי לילי,יחידה,0.00,יחידה,false,,8.50,0.0000,true,1,8928
7290000193540,false,מגן תחתון לונג נטורל לילי 52 יחידות,חוגלה קימברלי,ES,מגן תחתון נטורל לונג,יחידה,0.00,יחידה,false,,13.20,0.0000,true,1,8935
7290000193649,false,תחבושות עם כנפיים נורמל פלוס לילי 24 יחידות,חוגלה קימברלי,ES,תחבושות נטורל אולטרה,יחידה,0.00,יחידה,false,,13.20,0.0000,true,1,8937
7290000193656,false,תחבושות עם כנפיים סופר פלוס לילי 24 יחידות,חוגלה קימברלי,ES,תחבושות נטורל אולטרה,יחידה,0.00,יחידה,false,,13.20,0.0000,true,1,8938
7290000194178,false,עוף מס' 1 קפוא מחפוד,,,עוף מס' 1 קפוא מחפוד,קילוגרמים,1.00,"ק""ג",true,,23.90,23.9000,true,1,46413
7290000194185,false,עוף מספר 2 קפוא חלק,,,עוף מספר 2 קפוא חלק,קילוגרמים,1.00,"ק""ג",true,,23.90,23.9000,true,1,46414
7290000194208,false,כרעיים עוף חלק רב מח,,,כרעיים עוף חלק רב מח,קילוגרמים,1.00,"ק""ג",true,,29.00,29.0000,true,1,46415
7290000194239,false,מחפוד-חזה עוף קפוא מ,,,מחפוד-חזה עוף קפוא מ,קילוגרמים,1.00,"ק""ג",true,,29.00,29.0000,true,1,46416
7290000194253,false,כנפיים עוף קפוא ארוז,,,כנפיים עוף קפוא ארוז,קילוגרמים,1.00,"ק""ג",true,,11.90,11.9000,true,1,46417
7290000194260,false,מחפוד-שוקיים עוף קפו,,,מחפוד-שוקיים עוף קפו,קילוגרמים,1.00,"ק""ג",true,,30.70,30.7000,true,1,46418
7290000194284,false,מחפוד - פרגיות עוף ק,,,מחפוד - פרגיות עוף ק,קילוגרמים,1.00,"ק""ג",true,,64.10,64.1000,true,1,46420
7290000194314,false,עוף ירושלים לבבות עו,,,עוף ירושלים לבבות עו,קילוגרמים,1.00,"ק""ג",true,,28.20,28.2000,true,1,46422
7290000194345,false,שניצל עוף ארוז מחפוד,,,שניצל עוף ארוז מחפוד,קילוגרמים,1.00,"ק""ג",true,,29.90,29.9000,true,1,46423
7290000196343,false,מפת שולחן מהודרת ניקול 1 יחידה,חוגלה קימברלי,IL,מפת שולחן מהודרת ניק,יחידה,0.00,יחידה,false,,11.10,0.0000,true,1,8970
7290000196763,false,"שקיות אשפה חזקות במיוחד עם שרוך 52 * 65 ס""מ ניקול 40 יחידות",חוגלה קימברלי,IL,ניקול השקית החזקה,יחידה,0.00,יחידה,false,,18.70,0.0000,true,1,8973
7290000197029,false,שקיות ריצ'רץ' רב תכליתיות ניקול 12 יחידות,קריות זול,IL,ניקול שקיות ניילון ר,יחידה,0.00,יחידה,false,,16.00,0.0000,true,1,8977
7290000197425,false,חיתולים פרידום דריי שלב 3 האגיס 52 יחידות,קימברלי קלארק ישראל,IL,האגיס פרידום דריי של,יחידה,0.00,יחידה,false,,36.70,0.0000,true,1,8991
7290000197470,false,שקיות רב שימושיות מתכלות ניקול 250 יחידות,אשלפסט תעשיות בעמ,IL,"ניקול שקיות רב""ש 250",יחידה,0.00,יחידה,false,,11.80,0.0000,true,1,8995
7290000197654,false,ניקול אשפתון שקיות אשפה ענקיות 45 יח',"אשפלסט תעשיות בע""מ",IL,אשפתון שקיות אשפה ענ,יחידה,0.00,יחידה,false,,19.90,0.0000,true,1,8999
7290000197753,false,ניילון נצמד אנטי בטקריאלי ניקול 30X2מ',חוגלה קימברלי,CN,ניקול ניילונית זוג,מטרים,60.00,מטר,false,,9.30,0.1550,true,1,9002
7290000197883,false,תבנית אלומיניום 100 גדולה ניקול 4 יחידות,חוגלה קימברלי,CN,ניקול תבניות אלומיני,יחידה,0.00,יחידה,false,,7.70,0.0000,true,1,9005
7290000197982,false,"רדיד אלומיניום עבה 45 ס""מ רוחב ניקול 2 יח' 7.5 מטר",ניקול,IL,ניקול רדיד אלומיניום,מטרים,15.00,מטר,false,,17.50,1.1667,true,1,9007
7290000201832,false,טיטולים פרימיום שלב 3 50 יחידות,חוגלה קימברלי,IL,טיטולים פרימיום שלב,יחידה,0.00,יחידה,false,,26.40,0.0000,true,1,9018
7290000201849,false,טיטולים פרימיום שלב 4 42 יח' (8-14),חוגלה קימברלי,IL,טיטולים פרימיום שלב,יחידה,0.00,יחידה,false,,26.40,0.0000,true,1,9019
7290000201856,false,טיטולים פרימיום שלב4+ 38 יחידות .,חוגלה קימברלי,IL,טיטולים פרימיום שלב,יחידה,0.00,יחידה,false,,26.40,0.0000,true,1,9020
7290000201979,false,האגיס מגבונים ללא בישום רביעייה מהדורה,חוגלה קימברלי,IL,מגבוני האגיס מהדורה,יח',288.00,יח',false,,16.20,0.0562,true,1,9023
7290000204147,false,רביעיית כרית יפנית עבה ניקול 4 יחידות,פלסטו פוליש (ברקן),IL,כריות יפניות 2 ב 1 ר,יחידה,0.00,יחידה,false,,9.30,0.0000,true,1,9040
7290000204253,false,מטליות רב שימושיות לניקיון ניקול 9 יחידות,נועם אורים-קיבוץ אור,IL,מטלית רב שימושית תשע,יחידה,0.00,יחידה,false,,8.50,0.0000,true,1,9043
7290000204512,false,מטליות לחות לניקוי רצפה בריח לימון ניקול 10 יחידות,עלבד משואות יצחק בעמ,IL,מטליות לחות לרצפה בר,יחידה,0.00,יחידה,false,,9.80,0.0000,true,1,9045
7290000207063,false,רסק עגבניות פריכוז 28% 240 גרם יכין,היינץ צפון אמריקה מק,IL,רוטב עגבניות פריכוז,גרמים,240.00,100 גרם,false,,3.30,1.3750,true,1,8615
7290000207162,false,רוטב עגבניות מרכיב טבעי 100 ג' יכין,"זנלכל בע""\מ",IL,רוטב עגבניות 100 גרם,גרמים,100.00,100 גרם,false,,2.20,2.2000,true,1,8618
7290000208022,false,עגבניות מרוסקות פריכוז 800 ג' יכין,"זנלכל בע""\מ",IL,עגבניות מרוסקות יכין,גרמים,800.00,100 גרם,false,,8.50,1.0625,true,1,8622
7290000208077,false,אפונת גינה רגילה 550 גרם יכין,"זנלכל בע""\מ",IL,אפונת גינה גדולה L י,גרמים,335.00,100 גרם,false,,7.60,2.2687,true,1,8624
7290000208114,false,"אפונה וגזר יכין A2 פ""ק בית יוסף","זנלכל בע""\מ",IL,אפונת גינה וגזר יכין,גרמים,330.00,100 גרם,false,,7.60,2.3030,true,1,8627
7290000208145,false,גרעיני תירס מתוק לייט 550 גרם יכין,"זנלכל בע""\מ",IL,גרעיני תירס לייט יכי,גרמים,335.00,100 גרם,false,,8.50,2.5373,true,1,8630
7290000208213,false,שעועית לבנה אפויה A2 ברוטב עגבניות יכין 560ג',היינץ צפון אמריקה מק,IL,שעועית לבנה ברוטב עג,גרמים,355.00,100 גרם,false,,7.60,2.1408,true,1,8632
7290000208220,false,"שעועית צ'לי יכין פ""ק A2 בית יוסף",היינץ צפון אמריקה מק,IL,שעועית צילי חריף יכי,גרמים,355.00,100 גרם,false,,8.50,2.3944,true,1,8633
7290000208312,false,גרעיני תירס מתוק בואקום יכין 400 גר',"זנלכל בע""\מ",IL,גרעיני תירס מתוק יכי,גרמים,400.00,100 גרם,false,,5.90,1.4750,true,1,8637
7290000208329,false,גרעיני תירס מתוק 550 גרם יכין,"זנלכל בע""\מ",IL,גרעיני תירס מתוק יכי,גרמים,335.00,100 גרם,false,,7.60,2.2687,true,1,8638
7290000208336,false,רסק יכין 240גר 22% יכין בית יוסף,"זנלכל בע""\מ",IL,רוטב עגבניות יכין 24,גרמים,240.00,100 גרם,false,,3.80,1.5833,true,1,8639
7290000208343,false,עגבניות מרוסקות שום יכין A2.5 בית יוסף,היינץ צפון אמריקה מק,IL,עגבניות מרוסקות שום,גרמים,800.00,100 גרם,false,,8.50,1.0625,true,1,8640
7290000208350,false,עגבניות מרוסקות בצל 850 גר יכין A 2.5,זנלכל,IL,עגבניות מרוסקות עם ב,גרמים,800.00,100 גרם,false,,8.50,1.0625,true,1,8641
7290000208367,false,עגבניות מרוסקות בתוספת בזיליקום 800 ג' יכין,זנלכל,IL,עגבניות מרוסקות בזיל,גרמים,800.00,100 גרם,false,,8.50,1.0625,true,1,8642
7290000208404,false,A2 פול מצרי 550 גרם יכין,"זנלכל בע""\מ",IL,פול מצרי יכין 550 גר,גרמים,350.00,100 גרם,false,,7.60,2.1714,true,1,8643
7290000208428,false,גרגרי חומוס שלם 550 גרם יכין,"זנלכל בע""\מ",IL,חומוס שלם יכין 550 ג,גרמים,290.00,100 גרם,false,,7.60,2.6207,true,1,8644
7290000208800,false,גרעיני תירס מתוק לילדים 400 גרם יכין,זנלכל,IL,תירס קיד מתוק יכין 4,גרמים,400.00,100 גרם,false,,5.90,1.4750,true,1,8651
7290000208893,false,גרעיני תירס מתוק לייט 400 גרם יכין,היינץ צפון אמריקה מק,IL,תירס לייט יכין 400 ג,גרמים,400.00,100 גרם,false,,5.90,1.4750,true,1,8653
7290000208930,false,עגבניות מרוסקות בתוספת שום 240 גרם יכין,"זנלכל בע""מ",IL,עגבניות מרוסקות עם ש,גרמים,260.00,100 גרם,false,,4.70,1.8077,true,1,8654
7290000208947,false,עגבניות מרוסקות יכין 260 גרם,היינץ צפון אמריקה מק,IL,עגבניות מרוסקות יכין,יחידה,260.00,יחידה,false,,4.70,0.0181,true,1,8655
7290000208978,false,רוטב עגבניות פריכוז יכין 100 גרם,היינץ צפון אמריקה מק,IL,רוטב עגבניות פריכוז,גרמים,100.00,100 גרם,false,,2.50,2.5000,true,1,8656
7290000209012,false,חומץ 1ליטר יכין הדרים,"זנלכל בע""\מ",IL,חומץ הדרים 5% יכין 1,ליטרים,1.00,ליטר,false,,5.00,5.0000,true,1,8658
7290000209371,false,תירס מתוק יכין 200 גרם מארז 3 יח',היינץ צפון אמריקה מק,IL,תירס שלישיה יכין 3*1,גרמים,495.00,100 גרם,false,,12.70,2.5657,true,1,8668
7290000209388,false,תירס מתוק לייט יכין 200 גרם מארז 3 יח',"זנלכל בע""\מ",IL,תירס לייט שלישיה יכי,גרמים,420.00,100 גרם,false,,12.70,3.0238,true,1,8669
7290000209722,false,רסק עגבניות 28% פריכוז 580 גרם יכין,"זנלכל בע""\מ",IL,רוטב עגבניות מרוכז מ,גרמים,580.00,100 גרם,false,,8.50,1.4655,true,1,8680
7290000209906,false,עגבניות מרוסקות בתוספת בצל 240 גרם יכין,זנלכל,IL,עגבניות מרוסקות עם ב,גרמים,260.00,100 גרם,false,,4.70,1.8077,true,1,8681
7290000209951,false,רוטב עגבניות לפיצה 260 גרם יכין,"זנלכל בע""\מ",IL,רוטב עגבניות לפיצה י,מיליליטרים,260.00,"100 מ""ל",false,,4.70,1.8077,true,1,8684
7290000209968,false,רוטב עגבניות ללזניה יכין 240 גרם,"זנלכל בע""\מ",IL,רוטב ללזניה יכין 240,גרמים,260.00,100 גרם,false,,4.70,1.8077,true,1,8685
7290000210469,false,עגבניות שלמות יכין A2.5 בית יוסף,זנלכל,IL,עגבניות שלמות יכין 8,גרמים,800.00,100 גרם,false,,8.50,1.0625,true,1,8686
7290000210896,false,רוטב לפסטה בולונז 240 גרם יכין,"זנלכל בע""מ",IL,רוטב לפסטה בולונז יכ,גרמים,260.00,100 גרם,false,,4.70,1.8077,true,1,8687
7290000211312,false,סוגת אורז מלא פרסי אחד אחד 1 קג,האי נאם סי או אל.טי.,IL,אורז מלא אחד אחד 1קג,קילוגרמים,1.00,"ק""ג",false,,6.70,6.7000,true,1,17068
7290000211374,false,"קמח חיטה מלא סוגת 1 ק""ג",טחנת קמח דגן-שטיבל,IL,"קמח מלא סוגת 1 ק""ג",קילוגרמים,1.00,"ק""ג",false,,5.50,5.5000,true,1,17069
7290000211442,false,"סוגת אורז פרסי קלאסי שקית 1 ק""ג",האי נאם סי או אל.טי.,IL,סוגת אורז פרסי קלאסי,קילוגרמים,1.00,"ק""ג",false,,9.30,9.3000,true,1,17071
7290000211503,false,סוכר לבן ארוז בשקית,"סוגת תעשיות בע""\מ",IL,"סוכר סוגת לבן 1 ק""ג",קילוגרמים,1.00,"ק""ג",false,,3.80,3.8000,true,1,17072
7290000211626,false,"סוגת אורז חיש 1 ק""ג","סוגת תעשיות בע""\מ",IL,"אורז חיש 1 ק""ג",קילוגרמים,1.00,"ק""ג",false,,8.50,8.5000,true,1,17073
7290000211985,false,"סוגת אורז עגול ריזוטו 1 ק""ג","סוגת תעשיות בע""\מ",IL,סוגת אורז עגול 1קג,קילוגרמים,1.00,"ק""ג",false,,10.20,10.2000,true,1,17075
7290000212173,false,וופל טעם שוקולד מנעמים 500 ג',קריות זול,,ופל שוקו מנעמים 500,גרמים,500.00,100 גרם,false,,8.50,1.7000,true,1,35809
7290000212579,false,וופלים מצופים מנעמים 800 גרם מארז 40 יחידות,מנעמים תעשיות מזון,IL,ופל מצופה שוקולד מנע,גרמים,800.00,100 גרם,false,,14.50,1.8125,true,1,35811
7290000212975,false,"ופל שוקו מנעמים 1 ק""",מנעמים,,"ופל שוקו מנעמים 1 ק""",קילוגרמים,1.00,"ק""ג",false,,14.50,14.5000,true,1,35813
7290000226514,false,עוגת דובוש טעם ריבת חלב קפולסקי 450 גרם,תופינים מקבוצת קפולסקי,IL,עוגת היום- דובוש ריב,גרמים,450.00,100 גרם,false,,35.00,7.7778,true,1,39484
7290000226545,false,"עוגת טורט היער השחור קפולסקי 1 ק""ג",קפולסקי שיווק וקמעונ,IL,עוגת טורט היער השחור,קילוגרמים,1.10,"ק""ג",false,,56.30,51.1818,true,1,39486
7290000226552,false,קפולסקי עוגת טורט ריבת חלב+ קוקוס קפוא,קפולסקי שיווק וקמעונ,IL,עוגת טורט ריבת חלב ע,קילוגרמים,1.00,"ק""ג",false,,56.30,56.3000,true,1,39487
7290000226569,false,"עוגת טורט קצפת שוקולד קפולסקי 1 ק""ג",תופינים מקבוצת קפולסקי,IL,עוגת טורט קצפת שוקול,קילוגרמים,1.00,"ק""ג",false,,56.30,56.3000,true,1,39488
7290000226576,false,"עוגת טורט מצופה שוקולד קפולסקי 1 ק""ג",תופינים מקבוצת קפולסקי,IL,עוגת טורט מצופה שוקו,קילוגרמים,1.00,"ק""ג",false,,56.30,56.3000,true,1,39489
7290000226613,false,עוגת דובוש מצופה שוקולד קפולסקי 450 גרם,תופינים מקבוצת קפולסקי,IL,עוגת דובוש מצופה בטע,גרמים,450.00,100 גרם,false,,35.00,7.7778,true,1,39491
7290000238029,false,"בצק עלים צרפתי מרודד מעדנות 1 ק""ג",מיוצר עי קונדיטוריית,IL,"בצק עלים 1ק""ג",קילוגרמים,1.00,"ק""ג",false,,15.30,15.3000,true,1,35372
7290000238036,false,מלאווח בקופסא מעדנות 700 גרם,מיוצר עי קונדיטוריית,IL,מעדנות מלווח 700גר,גרמים,700.00,100 גרם,false,,13.60,1.9429,true,1,35373
7290000238173,false,בורקס גבינה מעדנות 800 גרם,מיוצר עי קונדיטוריית,IL,בורקס גבינה מעדנות 8,גרמים,800.00,100 גרם,false,,17.10,2.1375,true,1,35374
7290000238180,false,בורקס תפוחי אדמה מעדנות 800 גרם,מיוצר עי קונדיטוריית,IL,"בורקס תפו""א 800גר",גרמים,800.00,100 גרם,false,,12.80,1.6000,true,1,35375
7290000243566,false,"שמן קנולה בריאות 750 מ""ל",שמן תעשיות,EE,שמן קנולה בריאות עץ,מיליליטרים,750.00,"100 מ""ל",false,,10.20,1.3600,true,1,29108
7290000244051,false,"הוואי שלישיית סבון נוזלי משב טרופי 500 מ""ל",טרופיקל דגיל,IL,סבון נוזלי טרופי הוו,ליטרים,1.50,ליטר,false,,12.70,8.4667,true,1,8086
7290000245089,false,סוד סופט מרכך כביסה סגול 4 ליטר,"הנקל סוד בע""מ",IL,מרכך כביסה סוד סגול,ליטרים,4.00,ליטר,false,,16.20,4.0500,true,1,34638
7290000245157,false,סוד סופט מרכך כביסה סנסיישן 4 ליטר,"הנקל סוד בע""\מ",IL,מרכך כביסה סוד סנסיי,ליטרים,4.00,ליטר,false,,16.20,4.0500,true,1,34639
7290000245287,false,"פרסיל אבקת כביסה 1.250 ק""ג קולור ויניגר","הנקל סוד בע""מ",IL,אבקת כביסה פרסיל קול,קילוגרמים,1.25,"ק""ג",false,,13.60,10.8800,true,1,34642
7290000245799,false,סוד סופט מרכך כביסה כחול 4 ליטר,"הנקל סוד בע""\מ",IL,מרכך כביסה סוד כחול,ליטרים,4.00,ליטר,false,,16.20,4.0500,true,1,34654
7290000253251,false,שוקולד צ'יפס לבן אופנהיימר 250 גרם,אופנהיימר,IL,שוקולד צ'יפס לבן אופ,גרמים,250.00,100 גרם,false,,9.40,3.7600,true,1,24349
7290000267500,false,קליפות הדר מצופות בשוקולד 200 גרם,"דין שיווק וקלייה בע""",IL,קליפות הדר בציפוי שו,גרמים,200.00,100 גרם,false,,9.40,4.7000,true,1,4607
7290000272443,false,סירופ דיאט בטעם תפוזים עסיס 1 ליטר,בית-השיטה עסיס תעשיות מז,IL,סירופ דיאט תפוז עסיס,יחידה,0.00,יחידה,false,,14.50,0.0000,true,1,18402
7290000272467,false,עסיס פטל דיאט סירופ 1 ליטר,בית-השיטה עסיס תעשיות מז,IL,סירופ דיאט פטל עסיס,ליטרים,1.00,ליטר,false,,14.50,14.5000,true,1,18403
7290000272696,false,עסיס מיץ לימון טבעי משומר 1 ל' אסם,בית-השיטה עסיס תעשיות מז,IL,מיץ לימון משומר עסיס,ליטרים,1.00,ליטר,false,,8.10,8.1000,true,1,18404
7290000272726,false,חומץ רכיבים רכיבים טבעיים 5% עסיס 1 ליטר,בית-השיטה עסיס תעשיות מז,IL,חומץ טבעי 5% עסיס 1,ליטרים,1.00,ליטר,false,,5.00,5.0000,true,1,18405
7290000284316,false,קוקה -קולה בקבוק 1.5 ליטר,החברה המרכזית לייצור משקאות,IL,קוקה קולה 1.5 ליטר,ליטרים,1.50,ליטר,false,,7.10,4.7333,true,1,6818
7290000286228,false,ספוגיות לניקוי כללי סנו סושי 6 יחידות,סנו מפעלי ברונו בעמ,IL,סנו סושי שישיות כריו,יחידה,0.00,יחידה,false,,10.20,0.0000,true,1,29444
7290000286297,false,"אנטי קאלק מסיר אבנית מקומקום סנו 700 מ""ל",סנו מפעלי ברונוס בעמ,IL,סנו מסיר אבן מקומקום,מיליליטרים,700.00,"100 מ""ל",false,,9.30,1.3286,true,1,29445
7290000286549,false,מטליות לניקוי כללי סנו סושי 9 יחידות,נועם אורים תעשיות בע,IL,סנו סושי מטליות לכל,יחידה,0.00,יחידה,false,,10.20,0.0000,true,1,29453
7290000286761,false,ניילון נצמד סנו סושי פלסטיק מארז 30X2 מ',מיוצר עי קונדיטוריית,CN,סנו סושי פלסטיק נצמד,מטרים,60.00,מטר,false,,10.20,0.1700,true,1,29457
7290000286824,false,פילה דג נסיכת הנילוס,,,פילה דג נסיכת הנילוס,קילוגרמים,1.00,"ק""ג",true,,34.20,34.2000,true,1,593625
7290000286921,false,"ספריי להסרת כתמים סנו קל 750 מ""ל",סנו מפעלי ברונוס בעמ,IL,סנוקל רסס כבס,מיליליטרים,750.00,"100 מ""ל",false,,11.00,1.4667,true,1,29462
7290000287102,false,"ספריי שמפו לניקוי שטיחים סנו 600 מ""ל",מיוצר עי קונדיטוריית,IL,סנו שמפו שטיחים אירו,מיליליטרים,600.00,"100 מ""ל",false,,18.70,3.1167,true,1,29465
7290000287621,false,"אנטי קאלק נוזל לניקוי אסלות סנו 750 מ""ל",מיוצר עי קונדיטוריית,IL,סנו אנטי קאלק W.C מנ,מיליליטרים,750.00,"100 מ""ל",false,,10.20,1.3600,true,1,29475
7290000288024,false,סנו - ז'אוול אקונומיקה בריח לימון 4 ליטר,"סנו מפעלי ברונוס בע""מ",IL,סנו ז'אוול בריח לימו,ליטרים,4.00,ליטר,false,,14.40,3.6000,true,1,29480
7290000288031,false,"אקונומיקה תו תקן 4 ליטר ""סנו""","סנו מפעלי ברונוס בע""\מ",IL,סנו אקנומיקה 4 ל,ליטרים,4.00,ליטר,false,,9.30,2.3250,true,1,29481
7290000288048,false,סנו זאוול מרסס מונבלאן 1 ליטר,"סנו מפעלי ברונוס בע""מ",IL,סנו ג'אוול מרסס אילנ,ליטרים,1.00,ליטר,false,,15.30,15.3000,true,1,29482
7290000288079,false,סנו - ז'אוול אקונומיקה לימון 2 ליטר,"סנו מפעלי ברונוס בע""מ",IL,סנו זאוול בריח לימון,ליטרים,2.00,ליטר,false,,10.20,5.1000,true,1,29483
7290000288086,false,אבקת ניקוי עם אקונומיקה בריח לימון סנו ז'אוול 600 ג',מיוצר עי קונדיטוריית,IL,אבקת ניקוי ג'אוול לי,גרמים,600.00,100 גרם,false,,10.20,1.7000,true,1,29484
7290000288307,false,סנו - מט מכשיר דוחה יתושים + טבליות,קריות זול,IT,מכשיר סנומט+30 טבליו,יחידה,0.00,יחידה,false,,21.30,0.0000,true,1,29488
7290000288642,false,מקסימה מרכך כביסה סנסיטיב בייבי סנו 4 ליטר,"סנו מפעלי ברונוס בע""\מ",IL,מרכך כביסה סנו מקסימ,ליטרים,4.00,ליטר,false,,19.60,4.9000,true,1,29495
7290000288727,false,סנו מקסימה אבקת כביסה מאסק מילוי 1.25,קריות זול,IL,סנו מקסימה מאסק 1.25,קילוגרמים,1.25,"ק""ג",false,,12.70,10.1600,true,1,29498
7290000289069,false,סנו - ז'אוול מרסס קצף ניקוי בתוספת אקונומיקה בריח לימון 1 ליטר,"סנו מפעלי ברונוס בע""מ",IL,סנו ג'אוול מרסס לימו,ליטרים,1.00,ליטר,false,,15.30,15.3000,true,1,29502
7290000289380,false,"סנו - ז'אוול לניקוי אסלות לימון 750 מ""ל",סנו מפעלי ברונוס בעמ,IL,סנו ג'אוול לימון לני,מיליליטרים,750.00,"100 מ""ל",false,,10.20,1.3600,true,1,29503
7290000289472,false,סנו סושי שקיות אשפה - 50 יחידות,מיוצר עי קונדיטוריית,IL,סנו סושי שקיות HD 76,יחידה,0.00,יחידה,false,,17.90,0.0000,true,1,29505
7290000289601,false,סנו ז'אוול בריח לבנדר 2 ל',"סנו מפעלי ברונוס בע""מ",IL,אקונומיקה LEVAJ לבנד,ליטרים,2.00,ליטר,false,,10.20,5.1000,true,1,29509
7290000289748,false,"מסיר שומנים לתנורים פורטה פלוס סנו 750 מ""ל","סנו מפעלי ברונוס בע""\מ",IL,סנו פורטה פלוס לתנור,מיליליטרים,750.00,"100 מ""ל",false,,12.70,1.6933,true,1,29511
7290000292557,false,סנומט מלוי נוזלי דוחה יתושים 45 לילות,טרופיקל דגיל תעשיות,IT,סנומט 45 נוזל מילוי,יחידה,0.00,יחידה,false,,16.20,0.0000,true,1,29526
7290000292687,false,סנובון מוצק לניקוי אסלה קלאסיק כחול סנו 3 יחידות,מיוצר עי קונדיטוריית,IL,סנובון כחול שלישיה,גרמים,165.00,100 גרם,false,,14.40,8.7273,true,1,29528
7290000293561,false,"תרסיס להסרת כתמי עובש עם אקונומיקה סנו 750 מ""ל","סנו מפעלי ברונוס בע""\מ",IL,סנו מסיר עובש 750מל,מיליליטרים,750.00,"100 מ""ל",false,,12.70,1.6933,true,1,29536
7290000293820,false,"קרמה מן שמפו וג'ל גל רחצה אקטיב בלוק 700מ""ל",קוסמופארם בעמ,IL,שמפו וג'ל רחצה קרבון,מיליליטרים,700.00,"100 מ""ל",false,,16.20,2.3143,true,1,29537
7290000294773,false,אקונומיקה בריח לבנדר סנו ז'אוול 4 ליטר,"סנו מפעלי ברונוס בע""\מ",IL,סנו ז'אוול בריח אילנ,ליטרים,4.00,ליטר,false,,14.40,3.6000,true,1,29545
7290000294780,false,אקונומיקה סמיכה בריח לימון סנו ז'אוול 4 ליטר,"סנו מפעלי ברונוס בע""מ",IL,סנו ז'אוול סמיכה 4 ל,ליטרים,4.00,ליטר,false,,14.40,3.6000,true,1,29546
7290000295299,false,סנו סושי כריות הפלא רב תכלתיות רביעייה,סנו מפעלי ברונו בעמ,IL,כריות יפניות סנו סוש,יחידה,0.00,יחידה,false,,10.20,0.0000,true,1,29548
7290000295503,false,זוג שקיות מזון טבע 19*25 סנו סושי 150 יחידות,"אשפלסט תעשיות בע""מ",CN,סנו סושי צמד שקיות א,יחידה,0.00,יחידה,false,,12.70,0.0000,true,1,29554
7290000295558,false,"רדיד אלומיניום רוחב 30 ס""מ סנו סושי 2 יח' 7.5 מטר",מולינו ניקולי s.p.a,TR,צמד רדיד אלומיניום ק,מטרים,15.00,מטר,false,,10.20,0.6800,true,1,29556
7290000295565,false,"רדיד אלומיניום רוחב 45 ס""מ סנו 2 יח' 7.5 מטר",בורסה פאזרי,TR,רדיד אלומיניום רחב ב,מטרים,15.00,מטר,false,,14.40,0.9600,true,1,29557
7290000295572,false,"מארז זוגי מנקה אסלות 00 סנו 750 מ""ל",מיוצר עי קונדיטוריית,IL,מנקה אסלות 00 צמד,ליטרים,1.50,ליטר,false,,15.30,10.2000,true,1,29558
7290000295749,false,ספוג סאקי מסאז' כיף 1 יחידה,גוד פוד פרודקטס S.p,IL,סנו ספוג סאקי כיף 26,יחידה,0.00,יחידה,false,,10.20,0.0000,true,1,29560
7290000295794,false,ספוגיות מתכת אל חלד לניקוי סנו 3 יחידות,סנו,,ספוגיות אל חלד זוג,יחידה,0.00,יחידה,false,,11.00,0.0000,true,1,29561
7290000300900,false,שניצל תירס מרכיבים טבעיים טבעול 750 גרם,עיצובים 2020 (4.8),IL,שניצל תירס טבעול רכי,גרמים,750.00,100 גרם,false,,21.30,2.8400,true,1,19468
7290000305882,false,אס הרינג עם ירקות ברוטב עגבניות 120 גרם,"סטארקיסט פודור בע""מ",TR,אס דגים עם ירקות ברו,גרמים,120.00,100 גרם,false,,4.20,3.5000,true,1,26401
7290000313160,false,זהבה ושלושת הדובים עוגיות בטעם שוקולד אסם 350 גרם,"הגביע מוצרי וופלים בע""\מ",IL,חברים זהבה ושלושת הד,גרמים,250.00,100 גרם,false,,7.30,2.9200,true,1,18406
7290000313184,false,עוגיות חברים גן חיות וניל אסם 250 גר',"הגביע מוצרי וופלים בע""\מ",IL,חברים ביסקויט גן חיו,גרמים,250.00,100 גרם,false,,7.30,2.9200,true,1,18407
7290000313290,false,אסם נודלס נודלס אטריות מסולסלות 200גר,תאי פרזידנט פוד בנגק,TH,נודלס אטריות מסולסלו,יחידה,200.00,יחידה,false,,7.70,0.0385,true,1,18409
7290000318127,false,"נקניקיות ביס 380 גרם ""יחיעם""",מעדני יחיעם 1993,IL,נקניקיות ביס 380 גרם,גרמים,380.00,100 גרם,false,,9.40,2.4737,true,1,15283
7290000318479,false,נקניק פרושוטו בקר יחיעם 100 גרם,תאי פרזידנט פוד פאבל,IL,פרושטו בקר יחיעם 100,גרמים,100.00,100 גרם,false,,23.00,23.0000,true,1,15290
7290000318677,false,נקניק סלמי סרוולט יחיעם 150 גרם,מעדני יחיעם 1993,IL,סלמי סרוולט 150גר יח,גרמים,150.00,100 גרם,false,,19.60,13.0667,true,1,15292
7290000318943,false,פסטרמה של פעם מעושן 1.5% יחיעם 200 גרם,תאי פרזידנט פוד פאבל,IL,פסטרמה של פעם 200 גר,גרמים,200.00,100 גרם,false,,18.80,9.4000,true,1,15299
7290000319124,false,סלמי סרוולט מאפ יחיעם 250 גרם,מעדני יחיעם 1993,IL,סלמי סרוולט 250 גרם,גרמים,250.00,100 גרם,false,,29.80,11.9200,true,1,15302
7290000319131,false,נקניקיות עוף יחיעם 400 גרם,מעדני יחיעם 1993,IL,נקניקיות עוף יחיעם 4,גרמים,400.00,100 גרם,false,,9.40,2.3500,true,1,15303
7290000319520,false,נקניק סלמי צרפתי יחיעם 100 גרם,מעדני יחיעם 1993,IL,סאלמי צרפתי יחיעם 10,גרמים,100.00,100 גרם,false,,16.20,16.2000,true,1,15311
7290000319803,false,קבנוס קלאסי יחיעם 125 גרם,תאי פרזידנט פוד פאבל,IL,קבנוס קלאסי 125גר,גרמים,125.00,100 גרם,false,,9.40,7.5200,true,1,15318
7290000319834,false,קבנוס פפרוני קלאסי 125 גרם,תאי פרזידנט פוד פאבל,IL,יחיעם קבנוס פפרוני ק,גרמים,125.00,100 גרם,false,,9.40,7.5200,true,1,15319
7290000327051,false,שישיית מי סודה בטעם אננס טמפו 0.5 ליטר,"טמפו משקאות בע""\מ",IL,סודה בטעם אננס 500 מ,ליטרים,3.00,ליטר,false,,13.00,4.3333,true,1,387904
7290000334325,false,ציפס למיקרו מארז שלישיה 125 ג' תפוגן,"תעשיות תפוגן בע""\מ",IL,תפוגן ציפס למיקרו מא,גרמים,375.00,100 גרם,false,,11.10,2.9600,true,1,19480
7290000334684,false,תפוגן טבעות בצל 700 גרם,"תעשיות תפוגן בע""\מ",IL,טבעות בצל 700 גרם,גרמים,700.00,100 גרם,false,,15.30,2.1857,true,1,19482
7290000334745,false,"אמריקאן צ'יפס תפוגן 1.5 ק""ג","תעשיות תפוגן בע""מ",IL,"אמריקאן ציפס 1.5 ק""ג",קילוגרמים,1.50,"ק""ג",false,,21.30,14.2000,true,1,19483
7290000339191,false,אבקת הלבנה רן ללא כל,יוניליוור ניקיון,IL,אבקת הלבנה רן 350 גר,גרמים,350.00,100 גרם,false,,15.30,4.3714,true,1,10294
7290000345215,false,תה כחול קלאסיק ויסוצקי 100 יחידות,מולינו ניקולי s.p.a,IL,תה ויסוצקי קלאסיק 10,גרמים,100.00,100 גרם,false,,13.60,13.6000,true,1,24355
7290000345291,false,תה ארל גריי ויסוצקי 25 יחידות,תה ויסוצקי,IL,תה ארל גריי 1.5/25,גרמים,37.50,100 גרם,false,,13.60,36.2667,true,1,24359
7290000345307,false,תה ארל גריי ויסוצקי 50 יחידות,מולינו ניקולי s.p.a,IL,תה ארל גריי 1.5/50,גרמים,75.00,100 גרם,false,,24.70,32.9333,true,1,24360
7290000346120,false,חליטת קינמון הגן הקסום ויסוצקי 25 יחידות,תה ויסוצקי,IL,תה קסם הקנמון 25 שקי,גרמים,62.50,100 גרם,false,,15.30,24.4800,true,1,24367
7290000346199,false,חליטת פירות יער הגן הקסום ויסוצקי 25 יחידות,תה ויסוצקי,IL,תה פירות יער 25 שקיק,גרמים,67.50,100 גרם,false,,15.30,22.6667,true,1,24372
7290000346205,false,חליטת קמומיל הגן הקסום ויסוצקי 25 יחידות,תה ויסוצקי,IL,תה קמומיל 25 שקיקים,גרמים,37.50,100 גרם,false,,15.30,40.8000,true,1,24373
7290000346212,false,חליטת מנטה הגן הקסום ויסוצקי 25 יחידות,תה ויסוצקי,IL,תה מנטה 25 שקיקים,גרמים,50.00,100 גרם,false,,15.30,30.6000,true,1,24374
7290000347738,false,תה ירוק נענע ויסוצקי 25 יחידות,תה ויסוצקי,IL,תה ירוק נענע 25 שקיק,גרמים,37.50,100 גרם,false,,20.40,54.4000,true,1,24379
7290000347752,false,תה ירוק לימונית ולואיזה 25 שקיקים *1.5 ג'' ויסוצקי,תה ויסוצקי,IL,תה ירוק לימונית ולוא,גרמים,37.50,100 גרם,false,,20.40,54.4000,true,1,24380
7290000358753,false,לשון בקר ארוז חלק קפ,,,לשון בקר ארוז חלק קפ,קילוגרמים,1.00,"ק""ג",true,,34.20,34.2000,true,1,90847
7290000363233,false,קבנוס מובחר 100 גרםטירת צבי,טירת- צבי,IL,קבנוס 100 גרם,גרמים,100.00,100 גרם,false,,8.40,8.4000,true,1,25084
7290000363899,false,נקניקיות פיקנטיות טירת צבי 400 גרם,טירת צבי - מדף,IL,נקניקיות פיקנטיות 40,גרמים,400.00,100 גרם,false,,10.10,2.5250,true,1,25086
7290000364803,false,נקניקיות בקר אמריקאיות טירת צבי 500 גרם,הנסיך- מפעל לייצור ט,IL,נקניקיות קרנץ אמריקא,גרמים,500.00,100 גרם,false,,23.00,4.6000,true,1,25095
7290000364810,false,נקניקיות עגל 500 גרםטירת צבי,הנסיך- מפעל לייצור ט,IL,נקנקיות עגל 500 גרם,גרמים,500.00,100 גרם,false,,23.00,4.6000,true,1,25096
7290000364858,false,"נקניקיות עוף טרי טירת צבי 1 ק""ג",הנסיך- מפעל לייצור ט,IL,נקניקיות עוף טרי 1 ק,קילוגרמים,1.00,"ק""ג",false,,19.60,19.6000,true,1,25097
7290000367590,false,פסטרמה כפרית וסלמי פריזר כפרי טירת צבי 2*400 גרם,טיב טירת צבי 2000,IL,צמד כפרי נק.סלמי+פסט,גרמים,800.00,100 גרם,false,,21.80,2.7250,true,1,25101
7290000377612,false,מיץ תפוזים סחוט טבעי פריגת 400 מל,גת גבעת חיים,IL,פריגת סחוט תפוזים 40,מיליליטרים,400.00,"100 מ""ל",false,,8.50,2.1250,true,1,6338
7290000379104,false,לחם אחיד פרוס אנג'ל 750 גרם,מאפיית אנג'\ל אורנים מאפ,IL,לחם אחיד פרוס 750 גר,גרמים,750.00,100 גרם,false,,5.90,0.7867,true,1,35140
7290000382210,false,שקיות גופיה ינות בית,,,שקיות גופיה ינות בית,יחידה,0.00,יחידה,false,,0.10,0.0000,true,1,48
7290000408316,false,יוגורט דנונה דל לקטוז 200 גרם,מיוצר עי קונדיטוריית,IL,דנונה טבעי 3% 200מל,מיליליטרים,200.00,"100 מ""ל",false,,3.20,1.6000,true,1,23003
7290000408354,false,יוגורט עם אורז מצופה שוקולד קקאו 175 ג' דנונה,"שטראוס בריאות בע""\מ",IL,דנונה קראנצ' פצפוצים,מיליליטרים,175.00,"100 מ""ל",false,,3.90,2.2286,true,1,23004
7290000412481,false,נוזל לניקוי אסלות 00 סנו 1 ליטר,מיוצר עי קונדיטוריית,IL,מנקה אסלות 1 ליטר 00,ליטרים,1.00,ליטר,false,,6.80,6.8000,true,1,29565
7290000416021,false,ממרח בטעם שוקולד השחר חלבי 500,השחר העולה,IL,ממרח שוקולד השחר 500,גרמים,500.00,100 גרם,false,,11.89,2.3780,true,1,28619
7290000416618,false,"ממרח שוקולד פרווה השחר 400 גרם כשל""פ",השחר העולה תעשייות מ,IL,ממרח שוקולד פרווה הש,גרמים,400.00,100 גרם,false,,10.20,2.5500,true,1,28629
7290000418131,false,תחבושות טופ פד מקופלת 18 יח',מוצרי נייר עמיר,IL,תחבושות סופר מקופלת,יחידה,0.00,יחידה,false,,5.10,0.0000,true,1,29218
7290000419107,false,לנדוור קפה מקורי לבוקר טחון טורקי 100 גרם,קפה לנדוור בע''מ,IL,לנדוור מקורי קפה טחו,גרמים,100.00,100 גרם,false,,8.50,8.5000,true,1,18410
7290000419114,false,קפה טחון טורקי לנדור200ג,"קפה לנדוור בע""\מ",IL,לנדוור המקורי קפה טח,גרמים,200.00,100 גרם,false,,13.60,6.8000,true,1,18411
7290000420325,false,"פופסטאר פופקורן למקירוגל בטעם טבעי 5 שקיות,500 גרם",פרסטון פארמס,US,פופסטאר פופקורן טבעי,גרמים,500.00,100 גרם,false,,11.00,2.2000,true,1,5730
7290000420332,false,פופסטאר פופקורן למיקרוגל בטעם חמאה 5 יחידות 500 גרם,פרסטון פארמס,US,פופסטאר פופקורן חמאה,גרמים,500.00,100 גרם,false,,11.00,2.2000,true,1,5731
7290000430102,false,קוביות קרח בשקית מיסטר אייס 2 קילו,"אייס (קיובס) בע""מ -",IL,שקיות קרח 2 ק`ג,קילוגרמים,2.00,"ק""ג",false,,7.60,3.8000,true,1,30813
7290000433974,false,פפסי מקס 1.5 ליטר,"טמפו משקאות בע""מ",IL,פפסי מקס 1.5 ליטר,ליטרים,1.50,ליטר,false,,6.20,4.1333,true,1,9378
7290000453019,false,שמרים טריים לאפייה שקית שמרית 50 ג',"פאקא תעשיות בע""\מ",IL,שמרית שמרים טריים לא,גרמים,50.00,100 גרם,false,,3.80,7.6000,true,1,23005
7290000453385,false,שמרים יבשים פארא אינסטנט 500 גרם עלית,פאקא תעשיות בעמ,GB,פאקא שמרים יבשים 500,גרמים,500.00,100 גרם,false,,11.90,2.3800,true,1,21959
7290000453408,false,בצק פיצה דק מצונן ומוכן לאפייה שמרית 415 גרם,"פאקא תעשיות בע""מ",FR,שמרית בצק פיצה דק מצ,גרמים,415.00,100 גרם,false,,15.00,3.6145,true,1,23007
7290000453415,false,בצק עלים מצונן ומוכן לאפייה שמרית 300 גרם,"פאקא תעשיות בע""מ",FR,שמרית בצק עלים מצונן,גרמים,300.00,100 גרם,false,,13.60,4.5333,true,1,23008
7290000453422,false,בצק פילו מצונן ומוכן לאפייה שמרית 300 גרם,"פאקא תעשיות בע""מ",GR,שמרית בצק פילו מוכן,גרמים,300.00,100 גרם,false,,13.60,4.5333,true,1,23009
7290000453866,false,נטורינה תחליף מרגרינה לבישול ואפיה קוקוס שמרית 200 גרם,גרונבאנג- גרונדנסק א,DK,נטורינה קוקוס שטראוס,גרמים,200.00,100 גרם,false,,6.60,3.3000,true,1,23010
7290000453897,false,מרגרינה בטעם חמאה שמרית 200 גרם,גרונבאנג- גרונדנסק א,IL,מרגרינה בטעם חמאה 20,גרמים,200.00,100 גרם,false,,4.20,2.1000,true,1,23013
7290000461793,false,בייגלה ארוך ארוך סידרה ירוקה בייגל בייגל 150 גרם,בייגל את בייגל מזון 198),IL,ביגלה ארוך ארוך דל ש,גרמים,150.00,100 גרם,false,,5.10,3.4000,true,1,10310
7290000462103,false,סחוג תימני אדום חריף עדין זהבי הכרם 150 גרם,קריניסה ויטמין אס אי,IL,סחוג אדום חריף עדין,גרמים,150.00,100 גרם,false,,6.80,4.5333,true,1,23014
7290000462172,false,סחוג תימני ירוק חריף זהבי הכרם 150 גרם,קריניסה ויטמין אס אי,IL,סחוג ירוק חריף מאוד,גרמים,150.00,100 גרם,false,,6.80,4.5333,true,1,23017
7290000462981,false,סחוג חריף אש זהבי 150 גרם,"זהבי הכרם בועז בע""מ-",IL,סחוג חריף אשש 150 גר,גרמים,150.00,100 גרם,false,,6.80,4.5333,true,1,80840
7290000467153,false,מלך החומוס סמיר הגדול 400 גרם צבר,סלטי צבר,IL,צבר חומוס סמיר הגדול,גרמים,400.00,100 גרם,false,,11.90,2.9750,true,1,19494
7290000474090,false,"חלב בקרטון 1%- 1 ליטר בד""צ - מוצר בפיקוח",מילקו תעשיות בעמ,IL,טרה חלב בקרטון 1% 1ל,ליטרים,1.00,ליטר,false,,5.01,5.0100,true,1,6345
7290000474502,false,גבינה לבנה טרה 5% מרכיבים טבעיים,הפריט בפיקוח,IL,טרה גבינה לבנה 5% 25,גרמים,250.00,100 גרם,false,,4.26,1.7040,true,1,6354
7290000474540,false,טוב טעם גבינה לבנה 3% טרה 250 גרם,קריות זול,IL,טוב טעם גבינה 3% 250,גרמים,250.00,100 גרם,false,,9.30,3.7200,true,1,6355
7290000480442,false,קוואקר שיבולת שועל בשקית 500 גרם,פריטו ליי FRITO-LAY,IL,שיבולת שועל בשקית קו,גרמים,500.00,100 גרם,false,,10.20,2.0400,true,1,23918
7290000481883,false,דגנית עין בר מארז לחמניות 10 יח'*75 ג',דגנית עין בר תעשיות מזון,IL,10 לחמניות דגנית,גרמים,750.00,100 גרם,false,,11.90,1.5867,true,1,4466
7290000482033,false,שקיות לצליה בתנור ובמיקרוגל קוקי 5 יחידות,הנסיך- מפעל לייצור ט,IL,שקיות קוקי ענק בתנור,יחידה,0.00,יחידה,false,,10.20,0.0000,true,1,21174
7290000484747,false,עראק עלית 700 מל 40% כהל,יקב הגליל יוסף גולד ובניו,IL,"עלית הארק 40% 700 מ""",מיליליטרים,700.00,"100 מ""ל",false,,51.20,7.3143,true,1,28654
7290000490397,false,קרמבו מנבו וניל 480 ג',הגלידות של פלדמן,IL,מנבו 20 יחידות,גרמים,480.00,100 גרם,false,,28.20,5.8750,true,1,35822
7290000490601,false,גלידל וניל פלדמן מארז שמינייה,הגלידות של פלדמן,IL,גלידל מאגדת בטעם וני,גרמים,400.00,100 גרם,false,,27.30,6.8250,true,1,35823
7290000490625,false,שלגונים ציפוי שוקו מאגדת שמינייה 560 ג',הגלידות של פלדמן,IL,מאגדת שלגונים ציפוי,גרמים,560.00,100 גרם,false,,20.50,3.6607,true,1,69361
7290000493176,false,אסם אבקת רוטב צלי לבשר 22 ג',"אסם השקעות בע""\מ",IL,אסם אבקת רוטב צלי לב,גרמים,22.00,100 גרם,false,,3.30,15.0000,true,1,18446
7290000493183,false,אבקת רוטב פטריות לבשר-30 גרם,"אסם השקעות בע""\מ",IL,אסם אבקת רוטב פטריות,גרמים,30.00,100 גרם,false,,3.30,11.0000,true,1,18447
7290000504025,false,ממתיק סוכרזית פטרייה עלית 300 גרם,אף.סי תבליני בגליל ב,IL,סוכרזית פטריה 300 טב,גרמים,246.00,100 גרם,false,,7.30,2.9675,true,1,21967
7290000504049,false,סוכרזית קלאסי קנקן 1200 טבליות,אף.סי תבליני בגליל ב,IL,סוכרזית קנקן 1200 טב,גרמים,984.00,100 גרם,false,,20.50,2.0833,true,1,21968
7290000504278,false,ממתיק סוכרזית אריזת פטנט 700 טבליות,אף.סי תבליני בגליל ב,IL,סוכרזית פטנט 700 טבל,גרמים,574.00,100 גרם,false,,11.90,2.0732,true,1,21971
7290000521008,false,יין אדום יבש של סגל750מל,"כרמי צבי - אחים סגל בע""\",IL,אדום יבש סגל.,מיליליטרים,750.00,"100 מ""ל",false,,18.80,2.5067,true,1,9379
7290000521015,false,"יין לבן יבש של סגל750מ""ל","מיוצר ע""י כרמי צבי-",IL,"לבן סגל 750 מ""ל",מיליליטרים,750.00,"100 מ""ל",false,,18.80,2.5067,true,1,9380
7290000523125,false,מלח הארץ הים האדום 250 ג' עדין,"חברת מלח הארץ אילת בע""\מ",IL,מלח ים יבש הארץ 250,גרמים,250.00,100 גרם,false,,4.80,1.9200,true,1,24382
7290000523224,false,מלח הארץ הים האדום 500 ג' עדין,"חברת מלח הארץ אילת בע""\מ",IL,מלח ים יבש הארץ 500,גרמים,500.00,100 גרם,false,,6.80,1.3600,true,1,15224
7290000523514,false,מלח ים יבש מלח הארץ 250 גרם מופחת נתרן,"חברת מלח הארץ אילת בע""\מ",IL,מלח 50% פחות נתרן הא,גרמים,250.00,100 גרם,false,,8.40,3.3600,true,1,15225
7290000523521,false,מלח ים מלח הארץ 250 גרם מועשר ביוד,חברת מלח הארץ אילת ב,IL,מלח מעושר ביוד הארץ,גרמים,250.00,100 גרם,false,,5.10,2.0400,true,1,24383
7290000523804,false,"מלח עדין צנצנת 1 ק""ג מלח הארץ","חברת מלח הארץ אילת בע""\מ",IL,מלח עדין בצנצנת הארץ,קילוגרמים,1.00,"ק""ג",false,,6.40,6.4000,true,1,24384
7290000525969,false,מיץ תפוזים סחוט רכיבים טבעיים פרימור 1 ליטר,"גניר (1992) בע""מ",IL,פרימור מיץ תפוזים 1ל,ליטרים,1.00,ליטר,false,,13.60,13.6000,true,1,23021
7290000530086,false,נקניק סלמי מעושן זוגלובק 600 גרם,נקניק נהריה כשר זוגל,IL,סלמי מעושן 7000 א.מ.,גרמים,600.00,100 גרם,false,,28.20,4.7000,true,1,38486
7290000530109,false,קבנוס זוגי בואקום זוגלובק 180ג',נקניק נהריה כשר זוגל,IL,זוג קבנוס בוואקום 36,גרמים,360.00,100 גרם,false,,21.30,5.9167,true,1,38487
7290000530116,false,נקניק סלמי מעושן בשן 470 ג' זוגלובק,נקניק נהריה כשר זוגל,IL,סלמי מעושן בשן זוגלו,גרמים,470.00,100 גרם,false,,19.60,4.1702,true,1,38488
7290000530291,false,נקניק מבשר הודו קטן זוגלובק 750 גרם,נקניק נהריה כשר זוגל,IL,זוגלובק נקניק מבשר ה,גרמים,800.00,100 גרם,false,,16.20,2.0250,true,1,38490
7290000530468,false,"נקניקיות וינר זוגלובק 1 ק""ג",זוגלובק,IL,נקניקיות וינר טרי 1ק,קילוגרמים,1.00,"ק""ג",false,,21.30,21.3000,true,1,38492
7290000530598,false,נקניקיות עוף וינר זוגלובק 500 גרם,נקניק נהריה כשר זוגל,IL,נקניקיות וינר טרי זו,גרמים,500.00,100 גרם,false,,10.20,2.0400,true,1,38495
7290000530703,false,פסטרמה חרמון כפרית ונקניק תה מעושן זוגלובק 2*400 גרם,נקניק נהריה כשר זוגל,IL,זוג תה 400 + חרמון 4,גרמים,800.00,100 גרם,false,,23.80,2.9750,true,1,38497
7290000533353,false,"בצק עלים צרפתי 1 ק""ג זוגלובק",מאפיית אריאל וגידרון,IL,זוגלובק בצק עלים 1קג,קילוגרמים,1.00,"ק""ג",false,,11.90,11.9000,true,1,38502
7290000536316,false,"שניצל מן הצומח זוגלובק 1 ק""ג",נקניק נהריה כשר זוגל,IL,"שניצל מן הצומח 1 ק""ג",קילוגרמים,1.00,"ק""ג",false,,20.40,20.4000,true,1,38506
7290000536774,false,"נקניקיות מן הצומח זוגלובק 1ק""ג בד""צ",זוגלובק טבע,IL,"נקניקיה 1 ק""ג בד""ץ.",קילוגרמים,1.00,"ק""ג",false,,20.40,20.4000,true,1,38509
7290000537566,false,נקניקיות עוף טרי 400 ג' זוגלובק,נקניק נהריה כשר זוגל,IL,נקניקיות עוף טרי 400,גרמים,400.00,100 גרם,false,,9.80,2.4500,true,1,38514
7290000537603,false,"נקניקיות עוף זוגלובק 1 ק""ג",זוגלובק,IL,"נקנקיות עוף 1 ק""ג -ז",קילוגרמים,1.00,"ק""ג",false,,21.30,21.3000,true,1,38515
7290000538709,false,נקניק סלמי תה מעושן זוגלובק 200 גרם,זוגלובק,IL,תה מעושן 200 גרם,גרמים,200.00,100 גרם,false,,12.80,6.4000,true,1,38520
7290000552118,false,נקניקיות מרגז טיבון ויל 400 גרם,טיבון ויל אחזקות בעמ,IL,נקנקיות מרגז 400 גרם,גרמים,400.00,100 גרם,false,,17.90,4.4750,true,1,16558
7290000552569,false,סטייקבורגר בקר טיבון ויל 400 גרם,"טיבון ויל אחזקות בע""\מ",IL,סטייק בורגר 400 ג'-ט,גרמים,400.00,100 גרם,false,,15.30,3.8250,true,1,16561
7290000552934,false,בשר הודו טחון טיבון ויל 500 גרם,"טיבון ויל אחזקות בע""\מ",IL,טחון הודו 500 גרם,גרמים,500.00,100 גרם,false,,11.10,2.2200,true,1,16564
7290000552989,false,בשר טחון מובחר טיבון 500 ג',"טיבון ויל אחזקות בע""\מ",IL,בשר עגל טחון קפוא 50,גרמים,500.00,100 גרם,false,,18.80,3.7600,true,1,16565
7290000554402,false,מעדן חלב מלבי 5% גד 170 גרם,"מיוצר ע""\י קוד יצרן EDNK",IL,"גד מלבי 160 מ""ל",מיליליטרים,160.00,"100 מ""ל",false,,5.50,3.4375,true,1,14388
7290000554471,false,נקניק מוצרלה 22 אחוז 180גרם גד מהדרין,"מחלבות גד בע""\מ",IL,גד מוצרלה נקניק טבעי,גרמים,180.00,100 גרם,false,,15.00,8.3333,true,1,14390
7290000554532,false,גבינה צפתית מעודנת במלח ים 5% 200 ג' גד,הנסיך- מפעל לייצור ט,IL,גד צפתית מעודנת במלח,גרמים,200.00,100 גרם,false,,13.50,6.7500,true,1,14391
7290000554624,false,מעדן חלב ירח מתוק עם אורז 3% גד 150 גרם,"מיוצר ע""\י קוד יצרן EDNK",IL,גד ירח מתוק 150מל,גרמים,150.00,100 גרם,false,,5.50,3.6667,true,1,14393
7290000554686,false,גבינת לאבנה בתוספת שמן זית וזעתר 5% גד 250 גרם,מחלבות גד בעמ,IL,גד לאבנה בשמן זית וז,גרמים,250.00,100 גרם,false,,13.20,5.2800,true,1,14394
7290000554822,false,ריקוטה גבינה לבנה בסגנון איטלקי 5% גד 250 גרם,מחלבות גד בעמ,IL,גד ריקוטה טבעי 5% 25,גרמים,250.00,100 גרם,false,,12.70,5.0800,true,1,14396
7290000554839,false,מסקרפונה שמנת מתוקה קשה בסגנון איטלקי 40% גד 250 גרם,מחלבות גד בעמ,IL,גד מסקרפונה 40% 250ג,גרמים,250.00,100 גרם,false,,19.60,7.8400,true,1,14397
7290000560295,false,אוסובוקו בקר פרוס אר,,,אוסובוקו בקר פרוס אר,קילוגרמים,1.00,"ק""ג",true,,51.20,51.2000,true,1,593495
7290000560540,false,אדג' ג'ל גילוח כתום לעור רגיש 198גרם,המאפיה של הרמן,US,ג'ל גילוח כתום לעור,מיליליטרים,200.00,"100 מ""ל",false,,13.60,6.8000,true,1,5741
7290000561097,false,תערובת פיצוחים מובחרת 150 גרם,,,תערובת פיצוחים 150 ג,גרמים,150.00,100 גרם,false,,15.30,10.2000,true,1,1420
7290000561158,false,תערובת אגוזים וחמוציות 150גר' שקית,,,תערובת בריאות 150 גר,גרמים,150.00,100 גרם,false,,12.80,8.5333,true,1,1423
7290000561202,false,גרעינים חמניה 200 גרם פיצוחי חממה,,,גרעין חמניה קלוי 200,גרמים,200.00,100 גרם,false,,5.90,2.9500,true,1,1427
7290000561233,false,בוטנים קלויים 200 גרם פיצוחי חממה,,,בוטן קלוי 200ג פיצוח,גרמים,200.00,100 גרם,false,,6.80,3.4000,true,1,1429
7290000561240,false,גרעיני דלעת 200 גרם פיצוחי חממה,,,גרעין דלעת קלוי 200ג,גרמים,200.00,100 גרם,false,,8.50,4.2500,true,1,1430
7290000561363,false,גרעיני אבטיח 200 גרם פיצוחי חממה,,,גרעין אבטיח קלוי 200,גרמים,200.00,100 גרם,false,,11.90,5.9500,true,1,1438
7290000561578,false,בוטן אמריקאי 200 גרם פיצוחי חממה,,,בוטן אמריקאי 200ג,גרמים,200.00,100 גרם,false,,5.90,2.9500,true,1,1447
7290000561585,false,קבוקים 200 גרם פיצוחי חממה,,,קבוקים 200ג - חממה,גרמים,200.00,100 גרם,false,,5.90,2.9500,true,1,1448
7290000574035,false,לחם אחיד פרוס 750גרם דגנית עין בר,יוניליוור גרמניה Gm,IL,לחם אחיד פרוס דגנית,גרמים,750.00,100 גרם,false,,6.08,0.8107,true,1,4472
7290000574141,false,לחם חיטה מלא 750ג' דגנית עין בר,דגנית עין בר תעשיות מזון,IL,לחם חיטה מלאה דגנית,גרמים,750.00,100 גרם,false,,12.80,1.7067,true,1,4478
7290000574172,false,לחם קל מחיטה מלאה 750 ג' דגנית עין בר,דגנית עין בר תעשיות מזון,IL,לחם קל חיטה מלאה דגנ,גרמים,750.00,100 גרם,false,,10.20,1.3600,true,1,4480
7290000599441,false,סחבות מגולגלות שייני,,,סחבות מגולגלות שייני,יחידה,0.00,יחידה,false,,10.90,0.0000,true,1,13407
7290000599472,false,שישיית כריות יפניות שייני,,IL,שישיית כריות יפניות,יחידה,0.00,יחידה,false,,6.80,0.0000,true,1,13446
7290000599953,false,מגב פלסטיק 60 ס',,CN,מגב-K+מקל מתכת,יחידה,0.00,יחידה,false,,15.00,0.0000,true,1,13466
7290000604343,false,תמר דקל נור 400 גר,פרי וירק טמרה ושותפי,,תמר דקל נור 400גר,גרמים,400.00,100 גרם,false,,9.90,2.4750,true,1,42500
7290000614481,false,סטייק אנטריקוט חלק א,,,סטייק אנטריקוט חלק א,קילוגרמים,1.00,"ק""ג",true,,59.80,59.8000,true,1,610374
7290000614528,false,צלי כתף מס' 5 חלק אר,,,צלי כתף מס' 5 חלק אר,קילוגרמים,1.00,"ק""ג",true,,59.80,59.8000,true,1,299661
7290000614535,false,פילה מדומה מס' 6 חלק,,,פילה מדומה מס' 6 חלק,קילוגרמים,1.00,"ק""ג",true,,32.40,32.4000,true,1,299675
7290000614559,false,שריר הזרוע מס' 8 חלק,,,שריר הזרוע מס' 8 חלק,קילוגרמים,1.00,"ק""ג",true,,25.60,25.6000,true,1,299702
7290000614566,false,אסאדו מס' 9 חלק ארוז,,,אסאדו מס' 9 חלק ארוז,קילוגרמים,1.00,"ק""ג",true,,51.20,51.2000,true,1,299582
7290000614580,false,בשר לחמין חלק ארוז,,,בשר לחמין חלק ארוז,קילוגרמים,1.00,"ק""ג",true,,25.60,25.6000,true,1,299703
7290000646299,false,פילה נסיכת הנילוס 100% דג קפוא תנובה,דגי תנובה,IL,פילה נסיכה 100% דגי,קילוגרמים,1.00,"ק""ג",true,,47.00,47.0000,true,1,166557
7290000652177,false,נתחי פילה נסיכה 100% דג קפוא תנובה,דגי תנובה,IL,נתחי פילה נסיכה 100%,קילוגרמים,1.00,"ק""ג",true,,59.80,59.8000,true,1,88935
7290000652542,false,פילה אמנון קפוא 5-7 קג,דגי תנובה,IL,פילה אמנון 5-7 100%,קילוגרמים,1.00,"ק""ג",true,,29.90,29.9000,true,1,88920
7290000655376,false,פילה דניס קפוא תנובה,דגי תנובה,TR,פילה דניס קפוא,קילוגרמים,1.00,"ק""ג",true,,76.90,76.9000,true,1,26251
7290000659312,false,דגי תנובה פילה סלומון קפוא בוואקום,דגי תנובה,IL,דגי תנובה פילה סלמון,קילוגרמים,1.00,"ק""ג",true,,59.80,59.8000,true,1,26255
7290000662213,false,נתח פילה סלמון קפוא תנובה,תנובה,IL,נתח פילה סלמון קפוא,קילוגרמים,1.00,"ק""ג",true,,76.90,76.9000,true,1,26257
7290000663036,false,פילה אמנון קפוא ללא עור 100% דג תנובה,דגי תנובה,IL,פילה אמנון ללא עור 1,קילוגרמים,1.00,"ק""ג",true,,38.40,38.4000,true,1,166543
7290000663135,false,קוביות סלומון קפוא 100% דג 300 גרם תנובה,"צ'\ילה, Ll MONTT, PUERTO",CL,קוביות סלמון 300 גרם,גרמים,300.00,100 גרם,false,,25.60,8.5333,true,1,195576
7290000663166,false,דג פילה הייק דרום אפריקאי,דגי תנובה,IL,פילה הייק דרום אפריק,קילוגרמים,1.00,"ק""ג",true,,38.40,38.4000,true,1,195562
7290000679318,false,חזה הודו נקבה ארוז,,,חזה הודו נקבה ארוז,קילוגרמים,1.00,"ק""ג",true,,29.00,29.0000,true,1,49452
7290000679363,false,שווארמה הודו נקבה אר,,,שווארמה הודו נקבה אר,קילוגרמים,1.00,"ק""ג",true,,59.80,59.8000,true,1,49457
7290000679370,false,גרון הודו נקבה ארוז,,,גרון הודו נקבה ארוז,קילוגרמים,1.00,"ק""ג",true,,25.60,25.6000,true,1,49458
7290000680123,false,כנפיים עוף טרי ארוז,,,כנפיים עוף טרי ארוז,קילוגרמים,1.00,"ק""ג",true,,9.40,9.4000,true,1,49471
7290000680130,false,שוקיים עוף טרי ארוז,,,שוקיים עוף טרי ארוז,קילוגרמים,1.00,"ק""ג",true,,24.80,24.8000,true,1,49472
7290000680147,false,כרעיים עוף טרי ארוז,,,כרעיים עוף טרי ארוז,קילוגרמים,1.00,"ק""ג",true,,23.00,23.0000,true,1,49473
7290000680154,false,שניצל עוף טרי ארוז,,,שניצל עוף טרי ארוז,קילוגרמים,1.00,"ק""ג",true,,29.90,29.9000,true,1,49474
7290000680161,false,חזה עוף שלם טרי ארוז,,,חזה עוף שלם טרי ארוז,קילוגרמים,1.00,"ק""ג",true,,27.30,27.3000,true,1,49475
7290000680178,false,ירכיים עוף טרי ארוז,,,ירכיים עוף טרי ארוז,קילוגרמים,1.00,"ק""ג",true,,23.00,23.0000,true,1,49476
7290000680185,false,פילה עוף טרי ארוז,,,פילה עוף טרי ארוז,קילוגרמים,1.00,"ק""ג",true,,29.90,29.9000,true,1,49477
7290000680444,false,עוף שלם טרי ארוז,,,עוף שלם טרי ארוז,קילוגרמים,1.00,"ק""ג",true,,16.20,16.2000,true,1,49479
7290000680451,false,כבד עוף טרי ארוז.,,,כבד עוף טרי ארוז.,קילוגרמים,1.00,"ק""ג",true,,17.10,17.1000,true,1,49480
7290000680468,false,קורקבן עוף טרי ארוז,,,קורקבן עוף טרי ארוז,קילוגרמים,1.00,"ק""ג",true,,8.50,8.5000,true,1,49481
7290000680475,false,לבבות עוף טרי ארוז,,,לבבות עוף טרי ארוז,קילוגרמים,1.00,"ק""ג",true,,23.90,23.9000,true,1,49482
7290000680529,false,שניצל עוף טרי ארוז,,,שניצל עוף טרי ארוז,קילוגרמים,1.00,"ק""ג",true,,31.60,31.6000,true,1,49485
7290000680536,false,סטייק פרגית טרי כרע,,,סטייק פרגית טרי כרע,קילוגרמים,1.00,"ק""ג",true,,42.70,42.7000,true,1,49486
7290000681281,false,עוף טרי מחפוד ארוז-ק,,,עוף טרי מחפוד ארוז-ק,קילוגרמים,1.00,"ק""ג",true,,23.90,23.9000,true,1,49487
7290000681298,false,חזה עוף טרי מחפוד אר,,,חזה עוף טרי מחפוד אר,קילוגרמים,1.00,"ק""ג",true,,28.20,28.2000,true,1,49488
7290000681304,false,כרעיים עוף טרי מחפוד,,,כרעיים עוף טרי מחפוד,קילוגרמים,1.00,"ק""ג",true,,28.20,28.2000,true,1,49489
7290000681311,false,ירכיים עוף טרי מחפוד,,,ירכיים עוף טרי מחפוד,קילוגרמים,1.00,"ק""ג",true,,28.20,28.2000,true,1,49490
7290000681328,false,מחפוד שוקיים עוף טרי,,,מחפוד שוקיים עוף טרי,קילוגרמים,1.00,"ק""ג",true,,31.60,31.6000,true,1,49491
7290000681335,false,פרגיות עוף טרי מחפוד,,,פרגיות עוף טרי מחפוד,קילוגרמים,1.00,"ק""ג",true,,64.10,64.1000,true,1,49492
7290000681342,false,לבבות עוף טרי מחפוד,,,לבבות עוף טרי מחפוד,קילוגרמים,1.00,"ק""ג",true,,29.90,29.9000,true,1,49493
7290000681366,false,כנפיים עוף מחפוד ב-ק,,,כנפיים עוף מחפוד ב-ק,קילוגרמים,1.00,"ק""ג",true,,12.80,12.8000,true,1,49495
7290000681373,false,גרון עוף טרי מחפוד א,,,גרון עוף טרי מחפוד א,קילוגרמים,1.00,"ק""ג",true,,8.50,8.5000,true,1,49496
7290000681380,false,שניצל עוף טרי מחפוד,,,שניצל עוף טרי מחפוד,קילוגרמים,1.00,"ק""ג",true,,29.90,29.9000,true,1,49497
7290000688084,false,מי עדן פקק ספורטאים500מל,"מופק ממקור בזלתי עדן ,1",IL,מי עדן 1/2 ליטר ספור,מיליליטרים,500.00,"100 מ""ל",false,,2.50,0.5000,true,1,11459
7290000688114,false,מים מינרלים מי עדן 1.5 ליטר,מים מינרליים,IL,מי עדן 1.5 ליטר,ליטרים,1.50,ליטר,false,,3.10,2.0667,true,1,11460
7290000688374,false,"מים מינרליים מי עדן בייבי 6*330 מ""ל","מופק ממקור בזלתי עדן ,1",IL,"מי עדן בייבי 330 מ""ל",ליטרים,1.98,ליטר,false,,13.00,6.5657,true,1,11462
7290000688381,false,שישיית מי עדן פקק ספורט 0.5 ליטר,"מופק ממקור בזלתי עדן ,1",IL,מי עדן פקק ספורט 6*5,ליטרים,3.00,ליטר,false,,12.20,4.0667,true,1,11463
7290000688466,false,מים מינרלים פקק ספור,מופק ממקור בזלתי עדן,IL,מי עדן ג'ים 750מל,מיליליטרים,750.00,"100 מ""ל",false,,2.60,0.3467,true,1,11465
7290000688503,false,"מים מינרלים פקק ספורט מי עדן 6*750 מ""ל","מופק ממקור בזלתי עדן ,1",IL,מי עדן ג'ים 6*750מל,ליטרים,4.50,ליטר,false,,13.90,3.0889,true,1,11466
7290000692203,false,נוזל לניקוי כללי ורצפות בניחוח לימון אג'קס 2 ליטר,הנסיך- מפעל לייצור ט,GR,אג'קס ניקוי כללי ורצ,ליטרים,2.00,ליטר,false,,17.90,8.9500,true,1,21177
7290000692210,false,נוזל לניקוי כללי ורצפות בניחוח לבנדר אג'קס 2 ליטר,הנסיך- מפעל לייצור ט,GR,אג'קס ניקוי כללי ורצ,ליטרים,2.00,ליטר,false,,17.90,8.9500,true,1,21178
7290000692227,false,נוזל כלים פלמוליב צילינדר קלאסי 1 ליטר,יבואן ומשווק: ש. שסט,GR,פלמוליב לכלים קלאסי-,יחידה,0.00,יחידה,false,,11.90,0.0000,true,1,21179
7290000740212,false,נקניקיות ג'מבו שקיל,,,נקניקיות ג'מבו שקיל,קילוגרמים,1.00,"ק""ג",true,,17.10,17.1000,true,1,38481
7290000803067,false,"משחת שיניים לילדים גילאים 6-2 אלמקס 75 מ""ל",הנסיך- מפעל לייצור ט,PL,משחת שיניים לילדים א,מיליליטרים,75.00,"100 מ""ל",false,,13.60,18.1333,true,1,21186
7290000910291,false,פלפל צ`ילי,,,פלפל צ`ילי,גרמים,100.00,100 גרם,false,,7.90,7.9000,true,1,46149
7290000913551,false,פסטרמה כפרית טירת צבי 400 ג',טירת צבי,IL,פסטרמה כפרית 400 גרם,גרמים,400.00,100 גרם,false,,17.10,4.2750,true,1,25102
7290001041147,false,חומוס גדול יבש מיה 1 ק'ג,מיה תעשיות מזון מ.ת.מ. ב,IL,חומוס 1 ק'ג,קילוגרמים,1.00,"ק""ג",false,,10.20,10.2000,true,1,14615
7290001041161,false,"שעועית לבנה יבשה מיה 1 ק""ג",מיה תעשיות מזון מ.ת.מ. ב,IL,שעועית 1 ק'ג,קילוגרמים,1.00,"ק""ג",false,,12.80,12.8000,true,1,14617
7290001041185,false,"פופקורן גרעינים מיה 1 ק""ג",מיה תעשיות מזון מ.ת.מ. ב,IL,פופקורן 1 ק'ג,קילוגרמים,1.00,"ק""ג",false,,8.40,8.4000,true,1,14619
7290001041208,false,"עדשים ירוקים יבשים מיה 1 ק""ג",מיה תעשיות מזון מ.ת.מ. ב,IL,עדשים ירוקות 1 ק'ג,קילוגרמים,1.00,"ק""ג",false,,11.10,11.1000,true,1,14621
7290001041215,false,"מיה חיטה 1 ק""ג",מיה תעשיות מזון מ.ת.מ. ב,IL,חיטה 1 ק'ג,קילוגרמים,1.00,"ק""ג",false,,5.90,5.9000,true,1,14622
7290001041260,false,שומשום מיה 400 גרם,מיה תעשיות מזון מ.ת.מ. ב,IL,שומשום מיה 400 גרם,גרמים,400.00,100 גרם,false,,10.20,2.5500,true,1,14624
7290001041277,false,פירורי לחם רגיל מיה 400ג ',מיה תעשיות מזון מ.ת.מ. ב,IL,פרורי לחם 400 גרם,גרמים,400.00,100 גרם,false,,5.00,1.2500,true,1,14625
7290001041840,false,"שקדים טחונים 250ג' מיה בד""ץ כשל""פ",מיה תעשיות מזון מ.ת.מ. ב,IL,שקדים טחונים 250 גרם,גרמים,250.00,100 גרם,false,,16.20,6.4800,true,1,14641
7290001041994,false,"סוכר דמררה בצנצנת מיה 1 ק""ג",מיה תעשיות מזון מ.ת.מ. ב,IL,סוכר זהב דמררה צנצנת,קילוגרמים,1.00,"ק""ג",false,,8.50,8.5000,true,1,14650
7290001045169,false,מיץ תפוחי עץ צלול פרימור 1 ליטר,"גניר (1992) בע""מ",IL,פרימור מיץ תפוחים צל,ליטרים,1.00,ליטר,false,,13.60,13.6000,true,1,23022
7290001045688,false,"מיץ תפוזים סחוט פרימור 400 מ""ל",פרימור,IL,פרימור מיץ תפוזים 40,מיליליטרים,400.00,"100 מ""ל",false,,6.80,1.7000,true,1,23027
7290001121672,false,פסטרמה מעודנת בפפריקה 300 ג' יחיעם,מעדני יחיעם 1993,IL,פסטרמה הודו בפפריקה,גרמים,300.00,100 גרם,false,,17.10,5.7000,true,1,15324
7290001123775,false,שווארמה אמיתית פרגיות טיבון ויל 500 גרם,"טיבול ויל אחזקות בע""",IL,שווארמה פרגיות 500 ג,גרמים,500.00,100 גרם,false,,17.00,3.4000,true,1,16570
7290001123782,false,שווארמה אמיתית הודו טיבון ויל 500 גרם,טיבון ויל - נטו,IL,שווארמה הודו 500 גרם,גרמים,500.00,100 גרם,false,,17.00,3.4000,true,1,16571
7290001136294,false,"שמפו לשיער יבש בבישום פרחים נקה 7 750 מ""ל","אמיליה קוסמטיקס בע""מ",IL,שמפו יבש אדום נקה 7,מיליליטרים,750.00,"100 מ""ל",false,,10.20,1.3600,true,1,29568
7290001136973,false,נקה 7 תחליב רחצה ארומה קמומיל לבן 1 ל',טרופיקל דגיל תעשיות,IL,תחליב רחצה קמומיל נק,יחידה,0.00,יחידה,false,,11.90,0.0000,true,1,29574
7290001201589,false,ביצים ארוזות L 12 יחידות,"מ.לסר בע""מ",IL,12 ביצים L מ.לסר,יחידה,0.00,יחידה,false,,10.30,0.0000,true,1,13623
7290001201596,false,ביצים ארוזות M 12 יחידות,"מ.לסר בע""מ",IL,12 ביצים M מ.לסר,יחידה,0.00,יחידה,false,,9.50,0.0000,true,1,13624
7290001216040,false,טחינה גולמית שומשום טהור אל ארז 500 גרם,אגס ירוק מסחר ושירותים,IL,טחינה אל ארז 100% שו,גרמים,500.00,100 גרם,false,,13.60,2.7200,true,1,34613
7290001216057,false,"טחינה שומשום טהור אל ארז 1 ק""ג",אגס ירוק מסחר ושירותים,IL,טחינה אל ארז 100% שו,קילוגרמים,1.00,"ק""ג",false,,25.60,25.6000,true,1,34614
7290001216101,false,"טחינה שומשום מלא אל ארז 1 ק""ג",טחינה אל ארז,IL,טחינה אל ארז 100% שו,קילוגרמים,1.00,"ק""ג",false,,28.20,28.2000,true,1,567499
7290001230331,false,סיגריות כאמל בוקס חפ,Unknown,CH,כאמל בוקס קופסא בודד,יחידה,0.00,יחידה,false,,32.00,0.0000,false,1,4078
7290001230739,false,כאמל כחול חפיסה חפיסה,Unknown,CH,כאמל קופסא בודדת כחו,יחידה,0.00,יחידה,false,,32.00,0.0000,false,1,4079
7290001231932,false,ווינסטון כחול בוקס חפיסה,Unknown,CH,וינסטון קופסא בודדת,יחידה,0.00,יחידה,false,,32.00,0.0000,false,1,4083
7290001235938,false,וינסטון כחול ארוך חפיסה,Unknown,CH,וינסטון קופסא בודדת,יחידה,0.00,יחידה,false,,32.00,0.0000,false,1,4085
7290001246634,false,"נוזל אסלות ע""ב חומצה 1 ליטר טאצ'",,,נוזל אסלות על בסיס ח,ליטרים,1.00,ליטר,false,,6.80,6.8000,true,1,37590
7290001247068,false,קרטונית נקטר ספרינג תות בננה 1 ליטר,יפאורה שותפות מובגלת לשיווק,IL,ספרינג תות בננה קרטו,ליטרים,1.00,ליטר,false,,5.90,5.9000,true,1,11480
7290001247099,false,קרטונית נקטר ספרינג מנגו 1 ליטר,יפאורה שותפות מובגלת לשיווק,IL,ספרינג מנגו קרטונית,ליטרים,1.00,ליטר,false,,5.90,5.9000,true,1,11482
7290001247105,false,קרטונית נקטר ספרינג אפרסק 1 ליטר,יפאורה שותפות מובגלת לשיווק,IL,ספרינג נקטר אפרסק 1ל,ליטרים,1.00,ליטר,false,,5.90,5.9000,true,1,11483
7290001247112,false,קרטונית נקטר ספרינג לימונענע 1 ליטר,יפאורה שותפות מובגלת לשיווק,IL,ספרינג לימונענע קרטו,ליטרים,1.00,ליטר,false,,5.90,5.9000,true,1,11484
7290001247129,false,נקטר ספרינג תפוזים קרטונית 1 ל',יפאורה שותפות מובגלת לשיווק,IL,ספרינג תפוז קרטונית,ליטרים,1.00,ליטר,false,,5.90,5.9000,true,1,11485
7290001247143,false,קרטונית נקטר ספרינג תפוחים 1 ליטר,יפאורה שותפות מובגלת לשיווק,IL,ספרינג תפוח קרטונית,ליטרים,1.00,ליטר,false,,5.90,5.9000,true,1,11487
7290001274422,false,שלגונים ציפוי בננה מאגדת שמינייה 560 ג',הגלידות של פלדמן,IL,מאגדת שלגונים ציפוי,גרמים,560.00,100 גרם,false,,20.50,3.6607,true,1,35827
7290001305058,false,"פלמוליב - נטורלס תחליב רחצה חלב ודבש 500 מ""ל",הנסיך- מפעל לייצור ט,TR,סבון נוזלי חלב ודבש,מיליליטרים,500.00,"100 מ""ל",false,,13.60,2.7200,true,1,21190
7290001305188,false,"נוזל לניקוי כלים בריח לימון פלמוליב 750 מ""ל",יבואן ומשווק: ש. שסט,GR,פלמוליב לכלים פריחת,מיליליטרים,750.00,"100 מ""ל",false,,10.20,1.3600,true,1,21191
7290001407134,false,בארכה פרוסות חלווה שוקו וניל+פ.קקאו 400גר,רושדי תעשיות מזון בע,IL,פרוסות חלבה שוקו וני,גרמים,350.00,100 גרם,false,,12.20,3.4857,true,1,18455
7290001407547,false,טחינה גולמית משומשום מלא פי 6 בארכה 500ג',"רושדי תעשיות מזון בע""\מ",IL,בארכה טחינה שומשום מ,גרמים,500.00,100 גרם,false,,12.80,2.5600,true,1,18458
7290001407769,false,טחינה גולמית שומשום מלא בארכה 500 גרם,"רושדי תעשיות מזון בע""\מ",IL,בארכה טחינה עם שומשו,גרמים,500.00,100 גרם,false,,12.80,2.5600,true,1,18461
7290001407813,false,חלבה שאמית עם פיסטוק בארכה 350 גרם,"רושדי תעשיות מזון בע""\מ",IL,חלבה שאמית וניל עם פ,גרמים,350.00,100 גרם,false,,12.80,3.6571,true,1,18462
7290001407844,false,חלבה קלאסית בטעם וניל בארכה 350 גרם,"רושדי תעשיות מזון בע""\מ",IL,חלבה קלאסית וניל באר,גרמים,350.00,100 גרם,false,,12.20,3.4857,true,1,18465
7290001419793,false,גביעי גלידה מגולגל עלמה גילרו 30 יח',"גילרו בע""מ",IL,גביעים מגולגלים עלמה,גרמים,120.00,100 גרם,false,,10.20,8.5000,true,1,40805
7290001439074,false,ספוג שלישיית כדורי רחצה מוסקו,יושלם,,שלישיית כדור ליפה,יחידה,0.00,יחידה,false,,8.50,0.0000,true,1,14029
7290001439432,false,ספוג רחצה משולב מוסק,חוואנטן,CN,ג.ס ספוג ליפה,יחידה,0.00,יחידה,false,,9.30,0.0000,true,1,14031
7290001461105,false,לחם מחמצת לבן (ברקוד,פילסברי,,לחם מחמצת לבן,גרמים,530.00,100 גרם,false,,14.50,2.7358,true,1,2517
7290001491096,false,תה ירוק בתוספת לימונית ולואיזה 50 שקיקים ויסוצקי,תה ויסוצקי,IL,תה ירוק בתוספת לימונ,גרמים,75.00,100 גרם,false,,39.20,52.2667,true,1,24388
7290001567708,false,נקניקיות וינר יחיעם 400 גרם,מעדני יחיעם,IL,נקניקיות עוף 400 גר`,גרמים,400.00,100 גרם,false,,8.50,2.1250,true,1,15331
7290001591703,false,קבב אנגוס עגול טיבון ויל 500 גרם,טיבון ויל,IL,קבב בקר אנגוס עגול ט,גרמים,500.00,100 גרם,false,,19.60,3.9200,true,1,394995
7290001591710,false,המבורגר אנגוס טיבון ויל 600 גרם,טיבון ויל,IL,המבורגר אנגוס טיבון,גרמים,600.00,100 גרם,false,,19.60,3.2667,true,1,394996
7290001591727,false,קבב על מקל 500 ג' טיבון ויל,טיבון ויל,IL,קבב בקר על מקל טיבון,גרמים,500.00,100 גרם,false,,19.60,3.9200,true,1,394997
7290001591734,false,נקניקיה מרגז בסגנון מרוקאי טיבון ויל 500 גרם,טיבון ויל,IL,נקניקיות מרגז בסגנון,גרמים,500.00,100 גרם,false,,19.60,3.9200,true,1,394998
7290001594155,false,"קוקה-קולה בבקבוק אישי 500 מ""ל",החברה המרכזית לייצור משקאות,IL,קוקה קולה 500מל,מיליליטרים,500.00,"100 מ""ל",false,,5.90,1.1800,true,1,6836
7290001594179,false,"פאנטה אורנג' בבקבוק אישי 500 מ""ל",החברה המרכזית לייצור משקאות,IL,פאנטה אורנג' 500 בקב,מיליליטרים,500.00,"100 מ""ל",false,,5.90,1.1800,true,1,6838
7290001594230,false,קינלי סודה בבקבוק זכוכית,החברה המרכזית לייצור,IL,סודה קינלי 250 מ'ל,מיליליטרים,250.00,"100 מ""ל",false,,2.50,1.0000,true,1,6841
7290001594377,false,פריגת תפוזים 0.5 ליטר חייב בפקדון,מבשלות בירה בינלאומיות ב,IL,פריגת משקה תפוזים 50,מיליליטרים,500.00,"100 מ""ל",false,,5.60,1.1200,true,1,6846
7290001594810,false,"בירה שחורה מאלטי בקב' מארז 330X6מ""ל",החברה המרכזית לייצור משקאות,IL,מאלטי טובורג בקבוק 6,ליטרים,1.98,ליטר,false,,27.00,13.6364,true,1,6857
7290001594858,false,"שישייה בירה טובורג רד בקבוק 330 מ""ל",מבשלות בירה בינלאומיות ב,IL,טובורג רד בקבוק פקדו,ליטרים,1.98,ליטר,false,,37.80,19.0909,true,1,6859
7290001594865,false,"שישייה בירה קרלסברג בקבוק 330 מ""ל",מבשלות בירה בינלאומיות ב,IL,קרלסברג בירה בקבוק 6,ליטרים,1.98,ליטר,false,,34.40,17.3737,true,1,6860
7290001670057,false,כפיות לבן 100 יחידות,הנמל אריזות ושיווק ב,IL,.סכום ח.פ.כפיות 100י,יחידה,0.00,יחידה,false,,11.00,0.0000,true,1,7722
7290001670071,false,כפות חד פעמי לבן 100 יח',הנמל אריזות ושיווק ב,IL,.סכום ח.פ.כפות 100יח,יחידה,0.00,יחידה,false,,11.00,0.0000,true,1,7724
7290001670255,false,כוס קרטון לשתייה חמה 50 יחידות,הנמל,,כוסות שתיה חמה 50 יח,יח',50.00,יח',false,,7.70,0.1540,true,1,7732
7290001696620,false,מיקס פיצוחים 350 גר',,,מיקס פיצוחים 350 גר',גרמים,350.00,100 גרם,false,,11.10,3.1714,true,1,1465
7290001696729,false,פקאן טבעי 100 גרם פיצוחי חממה,,,פקאן טבעי 100 גרם,גרמים,100.00,100 גרם,false,,14.50,14.5000,true,1,1467
7290001696989,false,גרעינים בלי מלח 200 גרם פיצוחי חממה,,,בוטנת גרעינים שחורים,גרמים,200.00,100 גרם,false,,6.40,3.2000,true,1,1470
7290001710111,false,נקניקיות מרגז ארוז 500 גר,לאטי עזרא גלם ודגים,IL,נקניקיות מרגז 500 גר,גרמים,500.00,100 גרם,false,,17.10,3.4200,true,1,16584
7290001710128,false,נקניקיות צוריסוס ארוז 500 גר,מעדני הטלה,,נקניקיות צוריסוס 500,גרמים,500.00,100 גרם,false,,17.10,3.4200,true,1,16585
7290001713150,false,סנט מוריץ מתז אקונומיקה Bleach קצף לימון 1 ליטר,קומפלקס כימיקלים בעמ,IL,אקונומיקה קצף ניקוי,ליטרים,1.00,ליטר,false,,7.60,7.6000,true,1,19855
7290001713167,false,סנט מוריץ - מרסס קצף ניקוי 1 ליטר סניטרי אפור,קומפלקס כימיקלים בעמ,IL,קצף לניקוי כלים סניט,ליטרים,1.00,ליטר,false,,7.60,7.6000,true,1,19856
7290001780428,false,גלידיאט שלגון מצופה נסטלה 312 גרם מארז 6 יחידות,גלידות נסטלה )נגה גלידות,IL,נסטלה לייט 6 שלגוני,גרמים,312.00,100 גרם,false,,23.80,7.6282,true,1,15860
7290001780800,false,שלגון קראנץ שוקולד ליבת נוגט נסטלה 100 גרם,נסטלה גלידות,IL,קראנץ' ליבת נוגט,יחידה,0.00,יחידה,false,,9.00,0.0000,true,1,15861
7290001791349,false,פיסגה אקונומיקה ריחנית סנו 4 ליטר,"סנו מפעלי ברונוס בע""מ",IL,אקונומיקה ריחנית פסג,ליטרים,4.00,ליטר,false,,10.20,2.5500,true,1,29596
7290001813478,false,"עוגיות חיוכים וניל עלית 900 גרם מארז 6 יחידות בד""צ",אפיפית נצרת תעשיות ב,IL,חיוכים חגיגה וניל 90,גרמים,900.00,100 גרם,false,,17.10,1.9000,true,1,21978
7290001817728,false,צ'יטוס אפוי כאפה בטעם קטשופ 55 גרם,"שטראוס פריטו ליי בע""\מ )",IL,ציטוס כאפה 55 גרם,גרמים,55.00,100 גרם,false,,3.00,5.4545,true,1,23921
7290001867600,false,"תפו""א בייבי פרימיום",אראל תוצרת חקלאית בע,IL,"תפו""א בייבי פרימיום",קילוגרמים,1.00,"ק""ג",true,,6.90,6.9000,true,1,156845
7290001917527,false,פרש וואנס פדים להסרת איפור 80 יח' *3,קריות זול,IL,פדיות קוסמטיות פרש ו,יחידה,0.00,יחידה,false,,17.10,0.0000,true,1,5764
7290001990117,false,שומשום סוגת 100 גרם,האי נאם סי או אל.טי.,IL,שומשום 100 גרם,גרמים,100.00,100 גרם,false,,3.90,3.9000,true,1,17079
7290001990148,false,"סוכר גולדן קלאסי בצנצנת סוגת 1 ק""ג",האי נאם סי או אל.טי.,IL,סוכר גולדן קלאסי בצנ,קילוגרמים,1.00,"ק""ג",false,,11.00,11.0000,true,1,17080
7290001990261,false,"סוגת חומוס 1 ק""ג","סוגת תעשיות בע""\מ",IL,"סוגת חומוס 1 ק""ג",קילוגרמים,1.00,"ק""ג",false,,12.80,12.8000,true,1,17081
7290001990278,false,"שעועית לבנה סוגת 1 ק""ג","סוגת תעשיות בע""\מ",IL,סוגת שעועית לבנה 1 ק,קילוגרמים,1.00,"ק""ג",false,,16.20,16.2000,true,1,17082
7290001990391,false,אפונה יבשה 1קג סוגת,"סוגת תעשיות בע""\מ",IL,"אפונה 1 ק""ג",קילוגרמים,1.00,"ק""ג",false,,10.20,10.2000,true,1,17084
7290001990407,false,"עדשים ירוקים 1 ק""ג סוגת","סוגת תעשיות בע""\מ",IL,עדשים ירוקים 1 קג,קילוגרמים,1.00,"ק""ג",false,,12.70,12.7000,true,1,17085
7290001990414,false,"עדשים אדומים 1 ק""ג סוגת","סוגת תעשיות בע""\מ",IL,סוגת עדשים אדומים 1,קילוגרמים,1.00,"ק""ג",false,,12.70,12.7000,true,1,17086
7290001990421,false,"פופקורן גרעינים סוגת 1 ק""ג","סוגת תעשיות בע""\מ",IL,"סוגת פופקורן 1 ק""ג",קילוגרמים,1.00,"ק""ג",false,,8.50,8.5000,true,1,17087
7290002000136,false,שעווה לחימום במיקרוגל - דבש ופרופוליס,"ש. שוורץ )באר שבע( בע""\מ",IL,שעווה להסרת שיער למי,גרמים,500.00,100 גרם,false,,15.30,3.0600,true,1,5766
7290002000266,false,שעווה מגע המשי הדבש תפוח למיקרו 500 גרם,המאפיה של הרמן,IL,שעווה תפוח לחימום במ,גרמים,500.00,100 גרם,false,,15.30,3.0600,true,1,5768
7290002007234,false,אבקת סוכר הנמל 100 גרם,"מיוצר וארוז ע""י: ר.ס",IL,אבקת סוכר 100ג,גרמים,100.00,100 גרם,false,,1.60,1.6000,true,1,7751
7290002007890,false,כוסות שתייה קרה 100 יח` 200 PP מל`,אריזות מדף - פלזית,IL,כוס שתיה קרה 100 יח,יחידה,0.00,יחידה,false,,11.00,0.0000,true,1,7771
7290002007975,false,"צלחות קטנות ח""פ הנמל 50 יח'",אריזות מדף - פלזית,IL,צלחות קטן 50יח,יחידה,0.00,יחידה,false,,11.10,0.0000,true,1,7773
7290002007982,false,מזלגות חד פעמי 100 י,הנמל אריזות ושיווק ב,IL,מזלגות חד פעמי 100 י,יחידה,0.00,יחידה,false,,11.00,0.0000,true,1,7774
7290002008040,false,שיפודי במבוק הנמל 100 יחידות,"הנמל אריזות ושיווק בע""\מ",IL,שיפודים עץ 30סמ,יחידה,0.00,יחידה,false,,2.50,0.0000,true,1,7778
7290002008187,false,קשים מתקפלים לשתיה הנמל 40 יחידות,יבוא ושיווק: הנמל אריזות,CN,קש לשתיה מתקפל 40יח,יחידה,0.00,יחידה,false,,1.60,0.0000,true,1,7787
7290002008224,false,סוכריות לקישוט צבעונית הנמל 100 ג',ממתקי עלה בעמ,IL,קישוט לעוגה גליד.,גרמים,60.00,100 גרם,false,,5.90,9.8333,true,1,7788
7290002008507,false,נייר אפיה הנמל 50 יחידות,הנמל אריזות ושיווק ב,IL,נייר אפיה 50יח,יחידה,0.00,יחידה,false,,9.90,0.0000,true,1,7798
7290002008743,false,סוכר וניל עשירייה הנמל 100 גרם,"מיוצר וארוז ע""י: ר.ס",IL,סוכר וניל 10*10 גרם,גרמים,100.00,100 גרם,false,,2.50,2.5000,true,1,7803
7290002008750,false,אבקת אפיה עשירייה הנמל 100 גרם,ר.ס. חברה ליבוא ויצו,IL,אבקת אפיה 10*10 גרם,גרמים,100.00,100 גרם,false,,2.50,2.5000,true,1,7804
7290002026341,false,בטטה צ'יפס רגיל אריסטו קראנץ 500 ג',מוצרי איכות אמריקאיים,CA,אריסטו קראנץ-ציפס בט,גרמים,500.00,100 גרם,false,,12.80,2.5600,true,1,14153
7290002026402,false,בלינצס גבינה בראנץ אנד קראנץ 350 ג',מוצרי איכות אמריקאיים בע,IL,בראנץ אנד קראנץ בלינ,גרמים,350.00,100 גרם,false,,11.90,3.4000,true,1,14154
7290002026587,false,וופל בלגי פרווה בראנץ אנד קראנץ 8 יח',בראנץ' אנד קראנץ Brunch& Crunch,BE,בראנץ אנד קראנץ וופל,גרמים,28.00,100 גרם,false,,11.90,42.5000,true,1,14158
7290002043096,false,אקסטרה פריכוני אורז בציפוי שוקולד לבן בלגי,נוהלס ג'\י אס סי.,BG,פריכוני אורז בציפוי,גרמים,70.00,100 גרם,false,,8.00,11.4286,true,1,95657
7290002053088,false,אטריות ביצים דקיקים מספר 8 אוריינט 200 גרם,פ.פ.ח טאביט,PL,אטריות ביצים מס' 8 א,גרמים,210.00,100 גרם,false,,6.80,3.2381,true,1,3435
7290002053095,false,אטריות ביצים דקות מספר 10 אוריינט 200 גרם,פ.פ.ח טאביט,PL,אטריות ביצים מס' 10,גרמים,200.00,100 גרם,false,,6.80,3.4000,true,1,3436
7290002053538,false,נודלס בסגנון תאילנדי 25 תוספת אוריינטל 500 גרם,פ.פ.ח. טאביה ספ זאו.או,PL,נודלס אוריינט 400 גר,גרמים,500.00,100 גרם,false,,11.90,2.3800,true,1,3441
7290002057017,false,זיתים נובו ענק A2 יבנה 330ג',שיוך למחסן 17,IL,זיתים נובו ענק קבוצת,גרמים,560.00,100 גרם,false,,7.70,1.3750,true,1,44269
7290002057031,false,זיתים מבוקעים פיקנטי קבוצת יבנה 340 גרם,קבוצת יבנה,IL,זיתים מבוקעים פיקנטי,גרמים,560.00,100 גרם,false,,7.70,1.3750,true,1,44270
7290002057123,false,זיתים ירוקים מנזנילו קבוצת יבנה 560 גרם,קבוצת יבנה,IL,זיתים חרוזית ירוק קב,גרמים,275.00,100 גרם,false,,8.50,3.0909,true,1,44278
7290002057185,false,טבעות זיתים ירוקים קבוצת יבנה 560 גרם,קבוצת יבנה,IL,טבעות זיתים ירוקים ק,גרמים,540.00,100 גרם,false,,8.10,1.5000,true,1,44284
7290002057352,false,מלפפונים במלח ‏9‏-‏7‏ קבוצת יבנה 320 גרם,קבוצת יבנה מוצרי מזון,IL,מלפפונים במלח 7-9 ק,גרמים,560.00,100 גרם,false,,5.90,1.0536,true,1,44292
7290002057369,false,מלפפונים במלח ‏12‏-‏10‏ קבוצת יבנה 320 גרם,קבוצת יבנה,IL,מלפפון במלח 10-12 קב,גרמים,560.00,100 גרם,false,,6.80,1.2143,true,1,44293
7290002057376,false,מלפפונים במלח ‏17‏-‏13‏ קבוצת יבנה 320 גרם,קבוצת יבנה,IL,מלפפון במלח 13-17 קב,גרמים,560.00,100 גרם,false,,8.50,1.5179,true,1,44294
7290002057383,false,מלפפונים במלח ‏25‏-‏18‏ קבוצת יבנה 320 גרם,קבוצת יבנה,IL,מלפפון 18-25במלח קבו,גרמים,560.00,100 גרם,false,,11.10,1.9821,true,1,44295
7290002057437,false,פלפל שיפקונית קבוצת יבנה 225 גרם,קבוצת יבנה,IL,שיפקונית קבוצת יבנה,גרמים,560.00,100 גרם,false,,8.50,1.5179,true,1,114327
7290002057451,false,מלפפונים בחומץ ‏9‏-‏7 קבוצת יבנה 290 גרם,קבוצת יבנה מוצרי מזון,IL,מלפפון בחומץ 7-9 קבו,גרמים,560.00,100 גרם,false,,5.90,1.0536,true,1,44298
7290002057475,false,מלפפונים בחומץ ‏17‏-‏13 קבוצת יבנה 290 גרם,קבוצת יבנה,IL,מלפפון בחומץ 13-17 ק,גרמים,560.00,100 גרם,false,,8.50,1.5179,true,1,27840
7290002057482,false,מלפפונים קטנים בחומץ קבוצת יבנה 560 גרם,קבוצת יבנה,IL,מלפפון בחומץ 18-25 ק,גרמים,560.00,100 גרם,false,,11.10,1.9821,true,1,27841
7290002057604,false,פלפל חריף שיפקה קבוצת יבנה 225 גרם.,קבוצת יבנה,IL,פלפל חריף שיפקה קבוצ,גרמים,560.00,100 גרם,false,,5.00,0.8929,true,1,44300
7290002057734,false,זיתים חרוזית מושחר קבוצת יבנה 275 גרם,קבוצת יבנה,IL,זיתים חרוזית מושחר ק,גרמים,560.00,100 גרם,false,,7.70,1.3750,true,1,44307
7290002065555,false,שישיית לחמנייה הכי רכה בהפסקה אנג'ל 450 גרם,מאפיית שלמה א. אנג'\ל בע,IL,6 לחמניות רכות אנגל,גרמים,450.00,100 גרם,false,,9.80,2.1778,true,1,35189
7290002065616,false,לחם שיפון גרעינים פרוס אחדות 750 גרם,מאפיית שלמה א. אנג'\ל בע,IL,שיפון גרעינים אנגל 7,גרמים,750.00,100 גרם,false,,11.90,1.5867,true,1,35190
7290002065623,false,לחם שיפון של פעם כפרי פרוס אורנים 750 גרם,מאפיית שלמה א. אנג'\ל בע,IL,לחם שיפון כפרי אנגל,גרמים,750.00,100 גרם,false,,11.90,1.5867,true,1,35191
7290002077725,false,סלומון נורווגי מצונן דלידג 100ג',וי קינג V King,IL,סלמון מעושן 100 גרם,גרמים,100.00,100 גרם,false,,17.00,17.0000,true,1,16589
7290002079354,false,פרורים מוזהבים שקית,,,פרורים מוזהבים שקית,גרמים,200.00,100 גרם,false,,4.30,2.1500,true,1,621224
7290002105503,false,בורגר מזרחי קפוא גלאט 500ג' מחפוד,עוף ירושלים,IL,המבורגר טחון 500 גר,גרמים,500.00,100 גרם,false,,17.10,3.4200,true,1,46604
7290002105510,false,קבב מזרחי מתובל וקפוא גלאט הדר בשר 500ג',עוף ירושלים,,קבב מזרחי 500-מחפוד,גרמים,500.00,100 גרם,false,,17.90,3.5800,true,1,46605
7290002105541,false,סטייק אנטריקוט מעובד קפוא ה.הבשר 800ג',עוף ירושלים,,סטייק אנטריקוט 800 ג,גרמים,800.00,100 גרם,false,,42.70,5.3375,true,1,46608
7290002105565,false,טחון הודו 500 גרם מחפוד מהדרין,עוף ירושלים,IL,טחון הודו 500 גרם מח,גרמים,500.00,100 גרם,false,,11.90,2.3800,true,1,46610
7290002105671,false,טחון עוף 500 גר' קפוא מחפוד,עוף ירושלים,IL,טחון עוף 500 גר מחפו,גרמים,500.00,100 גרם,false,,11.90,2.3800,true,1,46611
7290002105756,false,טחון בקר בתוספת חלבון מן הצומח מחפוד,עוף ירושלים,IL,"טחון בקר 1 ק""ג מחפוד",קילוגרמים,1.00,"ק""ג",false,,34.20,34.2000,true,1,46615
7290002107385,false,גליל גבינת עיזים מה עז משק צוריאל 180 גרם,מחלבת משק צוריאל,IL,צוריאל גליל גבינת עי,גרמים,180.00,100 גרם,false,,17.90,9.9444,true,1,6375
7290002107965,false,טבורוג גבינה לאפייה 5% צוריאל 500 ג',מחלבת משק צוריאל,IL,צוריאל טבורוג גבינה,גרמים,500.00,100 גרם,false,,19.60,3.9200,true,1,6378
7290002109372,false,בורקס פילו אצבעות בולגרי 700 ג' שלושת האופים,שלושת האופים שגמור,IL,בורקס פילו אצבעות בו,גרמים,700.00,100 גרם,false,,17.00,2.4286,true,1,16592
7290002111085,false,"רוטב עגבניות 22% ""פרי מבורך"" 100 גרם","זנלכל בע""\מ",IL,רוטב עגבניות 22% פרי,גרמים,100.00,100 גרם,false,,2.20,2.2000,true,1,8690
7290002111313,false,עגבניות קוביות A2.5 פרי מבורך 800ג' בדצ,פרי מבורך,IL,עגבניות קוביות פרי מ,גרמים,800.00,100 גרם,false,,8.50,1.0625,true,1,8694
7290002111474,false,אפונה גדולה A2 פרי מבורך 600ג',"זנלכל בע""\מ",IL,אפונת גדולה פרי מבור,גרמים,335.00,100 גרם,false,,6.80,2.0299,true,1,8696
7290002111511,false,אפונת גינה וגזר פרי מבורך 550 גרם,"זנלכל בע""\מ",IL,אפונה וגזר פרי מבורך,גרמים,550.00,100 גרם,false,,6.80,1.2364,true,1,8698
7290002111634,false,חומוס שלם פרי מבורך 290 גרם,"זנלכל בע""\מ",IL,חומוס שלם פרי מבורך,גרמים,550.00,100 גרם,false,,7.60,1.3818,true,1,8699
7290002111696,false,עגבניות מרוסקות פרי מבורך 800 גרם,פרי מבורך,IL,עגבניות מרוסקות פרי,גרמים,800.00,100 גרם,false,,8.50,1.0625,true,1,8702
7290002111764,false,שעועית לבנה ברוטב עגבניות פרי מבורך 580,"זנלכל בע""\מ",IL,שעועית לבנה ברוטב עג,גרמים,580.00,100 גרם,false,,7.60,1.3103,true,1,8703
7290002111818,false,גרעיני תירס מתוק ואקום פרי מבורך 400ג',"זנלכל בע""\מ",IL,גרעיני תירס מתוק פרי,גרמים,246.00,100 גרם,false,,5.00,2.0325,true,1,8704
7290002111825,false,גרעיני תירס מתוק 550 גרם פרי מבורך,"זנלכל בע""\מ",IL,גרעיני תירס מתוק פרי,גרמים,335.00,100 גרם,false,,6.80,2.0299,true,1,8705
7290002129455,false,פיצה איטלקית XL גדולה שלושת האופים 450 גרם,,IT,פיצה איטלקית 450 ג,גרמים,450.00,100 גרם,false,,17.01,3.7800,true,1,16596
7290002130567,false,דבש דבורים טהור פרחי בר יד מרדכי 350 גרם,מכוורת יד מרדכי שטראוס ב,IL,דבש טהור מפרחי בר בצ,גרמים,350.00,100 גרם,false,,16.20,4.6286,true,1,21988
7290002130574,false,דבש טהור מפרחי בר בזכוכית 500 ג' יד מרדכי,מכוורת יד מרדכי שטראוס ב,IL,דבש טהור מפרחי בר בצ,גרמים,500.00,100 גרם,false,,21.30,4.2600,true,1,21989
7290002130581,false,"דבש טהור יד מרדכי 1 ק""ג",מכוורת יד מרדכי שטראוס ב,IL,דבש טהור מפרחי בר בצ,קילוגרמים,1.00,"ק""ג",false,,37.50,37.5000,true,1,21990
7290002253006,false,שום כתוש דורות בצנצנת 200 גרם,עיצובים 2020 (3.8),IL,דורות שום כתוש טרי 2,גרמים,200.00,100 גרם,false,,13.60,6.8000,true,1,19499
7290002253013,false,ראשום שום כתוש דורות,מוצרי שום ותיבול דורות,IL,דורות ראשום 400 גרם.,גרמים,400.00,100 גרם,false,,17.10,4.2750,true,1,188574
7290002253105,false,קוביות שום כתוש טרי דורות 80 גרם,עיצובים 2020 (3.8),IL,דורות מגשית קוביות ש,גרמים,80.00,100 גרם,false,,8.50,10.6250,true,1,19502
7290002253167,false,פטרוזיליה קצוצה דורות 70 גרם,עיצובים 2020 (3.8),IL,פטרוזליה טרייה קצוצה,גרמים,70.00,100 גרם,false,,9.00,12.8571,true,1,19504
7290002253174,false,קוביות שמיר קצוץ דורות 70 גרם,עיצובים 2020 (3.8),IL,שמיר טרי קצוץ 70 גרם,גרמים,70.00,100 גרם,false,,8.50,12.1429,true,1,19505
7290002253181,false,קוביות כוסברה קצוצה דורות 70 גרם,עיצובים 2020 (3.8),IL,כוסברה טריה קצוצה 70,גרמים,70.00,100 גרם,false,,8.50,12.1429,true,1,19506
7290002253198,false,ג'ינג'ר טרי כתוש במגשית 70 ג' דורות,עיצובים 2020 (3.8),IL,דורות ג'ינג'ר טרי כת,גרמים,70.00,100 גרם,false,,8.50,12.1429,true,1,19507
7290002253235,false,דורות רוטב פסטו 160 גרם,עיצובים 2020 (3.8),IL,דורות רוטב פסטו 160,גרמים,160.00,100 גרם,false,,9.40,5.8750,true,1,19508
7290002255024,false,אגרול סיני בתוספת רו,,,אגרול סיני בתוספת רו,גרמים,800.00,100 גרם,false,,19.60,2.4500,true,1,51072
7290002255031,false,סיגרים במילוי בשר חט,חטיפי אלקיים בעמ,IL,סיגרים במילוי בשר חט,גרמים,800.00,100 גרם,false,,19.60,2.4500,true,1,51073
7290002255048,false,קובה למרק במילוי בשר,חטיפי אלקיים בעמ,IL,קובה למרק במילוי בשר,גרמים,800.00,100 גרם,false,,19.60,2.4500,true,1,51074
7290002255055,false,פלאפל חטיפי אלקיים 7,חטיפי אלקיים בעמ,IL,פלאפל חטיפי אלקיים 7,גרמים,700.00,100 גרם,false,,11.90,1.7000,true,1,51075
7290002255086,false,קובה ביתי במילוי בשר,חטיפי אלקיים בעמ,IL,קובה ביתי במילוי בשר,גרמים,700.00,100 גרם,false,,19.60,2.8000,true,1,51076
7290002255116,false,קרפלך במילוי בשר חטי,חטיפי אלקיים בעמ,IL,קרפלך במילוי בשר חטי,גרמים,800.00,100 גרם,false,,19.60,2.4500,true,1,51077
7290002255130,false,"סיגרים במילוי תפו""א",,,"סיגרים במילוי תפו""א",גרמים,800.00,100 גרם,false,,19.60,2.4500,true,1,51078
7290002255161,false,"קרפלך במילוי תפו""א ק",,,"קרפלך במילוי תפו""א ק",גרמים,800.00,100 גרם,false,,19.60,2.4500,true,1,51079
7290002255222,false,"פסטל במילוי תפו""א חט",,,"פסטל במילוי תפו""א חט",גרמים,800.00,100 גרם,false,,19.60,2.4500,true,1,51082
7290002255284,false,"קובה חמוסטה בד""צ חטי",חטיפי אלקיים בעמ,IL,"קובה חמוסטה בד""צ חטי",גרמים,800.00,100 גרם,false,,19.60,2.4500,true,1,51083
7290002259640,false,דיימונד רדיד אלומיניום צר 30 ס''מ 7.5 מ'-,ריינולדס מוצרי צריכה,US,רדיד אלומיניום דאיימ,מטרים,7.60,מטר,false,,10.20,1.3421,true,1,3806
7290002278528,false,כריות ניקוי שבתכלין ביאנקו שייני 2 יחידות,מ.א ייצור ושיווק מטל,IL,כריות ניקוי כלים לשב,יחידה,0.00,יחידה,false,,6.80,0.0000,true,1,13472
7290002317081,false,זיתים נטולי גלעין +20% 670ג A2 מטולה,שימורי מוטולה בעמ,IL,זיתים נטולי גלעין 20,גרמים,670.00,100 גרם,false,,9.40,1.4030,true,1,24169
7290002317265,false,מלפפון 650ג במלח +20% 7-9 A2 מטולה,שימורי מוטולה בעמ,IL,מלפפון במלח 20% 7-9,גרמים,670.00,100 גרם,false,,8.50,1.2687,true,1,24180
7290002317289,false,חצילים מוחמצים 560 גרם,שימורי מוטולה בעמ,IL,חצילים מוטולה 560 גר,גרמים,560.00,100 גרם,false,,8.50,1.5179,true,1,24181
7290002317319,false,מלפפון 650ג בחומץ +20% 7-9 A2 מטולה,שימורי מוטולה בעמ,IL,מלפפון בחומץ 7-9 20%,גרמים,670.00,100 גרם,false,,8.50,1.2687,true,1,24184
7290002317326,false,זיתים מנזולינו 12-15 +20% 670ג A2 מטולה,שימורי מוטולה בעמ,IL,זיתים מנזלינו 20% 12,גרמים,670.00,100 גרם,false,,8.50,1.2687,true,1,24185
7290002317609,false,כרוב כבוש 560ג A2 מטולה,שימורי מוטולה בעמ,IL,כרוב כבוש מוטולה 560,גרמים,560.00,100 גרם,false,,5.90,1.0536,true,1,24199
7290002317661,false,מנז צנצנת גדולה מוטולה,שימורי מוטולה בעמ,IL,זיתים מנזלינו גדול מ,גרמים,560.00,100 גרם,false,,9.40,1.6786,true,1,24202
7290002317678,false,"זיתים נטולי גלעין צנצנת זכוכית 560 ג""ר",שימורי מוטולה בעמ,IL,זיתים נטולי גלעין צנ,גרמים,560.00,100 גרם,false,,9.40,1.6786,true,1,24203
7290002319016,false,אבקת אפיה עשיריות מיה 100 גרם,מיה תעשיות מזון מ.ת.מ. ב,IL,אבקת אפיה 10 יח' מיה,גרמים,100.00,100 גרם,false,,1.60,1.6000,true,1,14652
7290002319023,false,סוכר וניל עשיריות מיה 100 גרם,מיה תעשיות מזון מ.ת.מ. ב,IL,1/10 סוכר וניל,גרמים,100.00,100 גרם,false,,1.60,1.6000,true,1,14653
7290002319047,false,אגוזי המלך 100 גר' מיה,מיה תעשיות מזון מ.ת.מ. ב,IL,אגוזי מלך מיה 100 גר,גרמים,100.00,100 גרם,false,,10.10,10.1000,true,1,14655
7290002319078,false,שומשום מיה 100 גרם,"מיה תעשיות מזון בע""מ",IL,שומשום 100ג,גרמים,100.00,100 גרם,false,,3.30,3.3000,true,1,14658
7290002319092,false,קמח תפוחי אדמה מיה 500 גרם,מיה תעשיות מזון מ.ת.מ. ב,IL,קמח תפוחי אדמה מיה 5,גרמים,500.00,100 גרם,false,,5.10,1.0200,true,1,14660
7290002319115,false,חומוס גדול יבש מיה 500 גר',מיה תעשיות מזון מ.ת.מ. ב,IL,חומוס גדול מיה 500 ג,גרמים,500.00,100 גרם,false,,7.70,1.5400,true,1,14661
7290002319122,false,גריסים יבשים מיה 500 גר',מיה תעשיות מזון מ.ת.מ. ב,IL,גריסים מיה 500 גרם,גרמים,500.00,100 גרם,false,,4.20,0.8400,true,1,14662
7290002319139,false,שעועית לבנה יבשה מיה 500 ג',מיה תעשיות מזון מ.ת.מ. ב,IL,שעועית מיה 500 גרם,גרמים,500.00,100 גרם,false,,6.80,1.3600,true,1,14663
7290002319146,false,שעועית אדומה מיה 500 גרם,מיה תעשיות מזון מ.ת.מ. ב,IL,שעועית אדומה מיה 500,גרמים,500.00,100 גרם,false,,7.60,1.5200,true,1,14664
7290002319160,false,אפונה ירוקה יבשה מיה 500 ג',מיה תעשיות מזון מ.ת.מ. ב,IL,אפונה יבשה מיה 500 ג,גרמים,500.00,100 גרם,false,,4.20,0.8400,true,1,14665
7290002319177,false,פופקורן גרעינים מיה 500 גר',מיה תעשיות מזון מ.ת.מ. ב,IL,פופקורן מיה 500 גרם,גרמים,500.00,100 גרם,false,,5.00,1.0000,true,1,14666
7290002319184,false,עדשים אדומים יבשים מיה 500 גר',מיה תעשיות מזון מ.ת.מ. ב,IL,עדשים אדומים מיה 500,גרמים,500.00,100 גרם,false,,7.70,1.5400,true,1,14667
7290002319191,false,עדשים ירוקים יבשים מיה 500 גר',מיה תעשיות מזון מ.ת.מ. ב,IL,עדשים ירוקים מיה 500,גרמים,500.00,100 גרם,false,,5.90,1.1800,true,1,14668
7290002319207,false,כוסמת מיה 500 גרם,מיה תעשיות מזון מ.ת.מ. ב,IL,כוסמת מיה 500 גרם,גרמים,500.00,100 גרם,false,,6.80,1.3600,true,1,14669
7290002319344,false,שקדים טבעיים מיה 100,מיה תעשיות מזון מ.ת.מ. ב,IL,שקד טבעי מיה 100 גרם,גרמים,100.00,100 גרם,false,,10.10,10.1000,true,1,14675
7290002319740,false,אגוזי מלך טחונים מיה 100 גרם,מיה תעשיות מזון מ.ת.מ. ב,IL,אגוז טחון 100 גרם,גרמים,100.00,100 גרם,false,,9.40,9.4000,true,1,14698
7290002319771,false,"תמצית אפיה בטעם וניל מיה 50 מ""ל",מיה תעשיות מזון מ.ת.מ. ב,IL,תמצית אפיה וניל,מיליליטרים,50.00,"100 מ""ל",false,,2.50,5.0000,true,1,14700
7290002327042,false,"בורקס תפו""א 800 גר' שלושת האופים קהילות",שלושת האופים,IL,"בורקס תפו""א 800 ג",גרמים,800.00,100 גרם,false,,17.00,2.1250,true,1,16618
7290002327059,false,"בצק עלים 1 ק""ג שלושת האופים קהילות",שלושת האופים,IL,בצק עלים 1 ק`ג,קילוגרמים,1.00,"ק""ג",false,,17.00,17.0000,true,1,16619
7290002327073,false,בורקס גבינה 800 גר' שלושת האופים קהילות,שלושת האופים,IL,בורקס גבינה 800 גרם,גרמים,800.00,100 גרם,false,,17.00,2.1250,true,1,16621
7290002331360,false,"נביעות מים מינרליים טו גו מארז 500X6מ""ל",נביעות טבע,IL,נביעות TO GO שישייה,ליטרים,3.00,ליטר,false,,13.00,4.3333,true,1,6883
7290002331421,false,"שישיית מים מינרליים GO TO נביעות 755 מ""ל",נביעות טבע הגליל בעמ,IL,נביעות 6*755מל,ליטרים,4.53,ליטר,false,,14.80,3.2671,true,1,6884
7290002331483,false,"שישיית נביעות אישי בייבי 320 מ""ל",נביעות טבע הגליל בעמ,IL,נביעות בייבי 320*6 מ,ליטרים,1.92,ליטר,false,,12.00,6.2500,true,1,6886
7290002331490,false,מים מינרליים נביעות 1 ליטר,נביעות טבע הגליל בעמ,IL,נביעות 1 ליטר,ליטרים,1.00,ליטר,false,,2.60,2.6000,true,1,6887
7290002344032,false,סחבות מיקרופייבר מא,,,סחבות מיקרופייבר מא,יחידה,0.00,יחידה,false,,11.10,0.0000,true,1,537679
7290002344056,false,מטליות מיקרופייבר מ,,,מטליות מיקרופייבר מ,יחידה,0.00,יחידה,false,,11.10,0.0000,true,1,537680
7290002345015,false,סינטה דק דק אל גאוצ'ו 250ג' מינוט,"טיבון ויל אחזקות בע""\מ",IL,סינטה דקדק 250 גרם,גרמים,250.00,100 גרם,false,,13.60,5.4400,true,1,16627
7290002345022,false,אנטריקוט דק דק מינוט סטייק אל גאוצ'ו 250 גרם,"טיבון ויל אחזקות בע""\מ",IL,אנטריקוט דקדק 250 ג,גרמים,250.00,100 גרם,false,,13.60,5.4400,true,1,16628
7290002348238,false,אננס חתוך 820 ג' ויליגר,טיפקו,TH,לפתן אננס חתוך ויליג,גרמים,830.00,100 גרם,false,,5.90,0.7108,true,1,58583
7290002353836,false,סרדינים רוברט בשמן זית 115 גרם,קונסרבס פורטוגל נורטה,PT,סרדינים רוברט בשמן ז,גרמים,120.00,100 גרם,false,,7.60,6.3333,true,1,16638
7290002360124,false,חליטת צמחים ורד הבר והיביסקוס פומפדור 20 יחידות,TEEKANNE- POMPADOU,DE,פומפדור חליטת ורד הב,גרמים,30.00,100 גרם,false,,13.60,45.3333,true,1,21192
7290002360278,false,חליטת צמחים פומפדור מנטה 20 יחידות,"איטיליאן פוד, אס.פי.",DE,פומפדור חליטת מנטה 2,גרמים,45.00,100 גרם,false,,13.60,30.2222,true,1,21196
7290002360285,false,חליטת צמחים פומפדור קמומיל 20 יחידות,TEEKANNE- POMPADOU,DE,פומפדור חליטת קמומיל,גרמים,30.00,100 גרם,false,,13.60,45.3333,true,1,21197
7290002371533,false,דקניקים סלסולי פסטרמה דבש טירת צבי 120 גרם,הנסיך- מפעל לייצור ט,IL,טירת צבי סלסולי פסטר,גרמים,120.00,100 גרם,false,,11.00,9.1667,true,1,25105
7290002371854,false,נקניקיות עוף חריפות טירת צבי 2 * 500 גרם,הנסיך- מפעל לייצור ט,IL,נקניקיות עוף מתובלות,קילוגרמים,1.00,"ק""ג",false,,21.30,21.3000,true,1,25108
7290002374268,false,שמן חמניות מילומור 1 ליטר,שמן תעשיות,IL,שמן חמניות מילומור 1,ליטרים,1.00,ליטר,false,,8.47,8.4700,true,1,29112
7290002374312,false,"שמן קנולה מילומור 1 ל' עד""ח","נארז ע""י : א.ג. גילר",IL,שמן קנולה מילומור 1,ליטרים,1.00,ליטר,false,,10.20,10.2000,true,1,29113
7290002374640,false,שמן בריאות קנולה פלוס אומגה 3 עץ הזית 1 ליטר,שמן תעשיות,EE,שמן קנולה פלוס אומגה,ליטרים,1.00,ליטר,false,,14.50,14.5000,true,1,29115
7290002404590,false,"יין מרלו הראשית 750 מ""ל היוצר",יקבי ארזה,IL,יין היוצר בראשית רזר,מיליליטרים,750.00,"100 מ""ל",false,,32.40,4.3200,true,1,11869
7290002407454,false,שמן זית כתית מעולה ס,משק משפחת ג'השאן,IL,שמן זית כתית מעולה ס,מיליליטרים,750.00,"100 מ""ל",false,,34.20,4.5600,true,1,5037
7290002461562,false,מיני מרגז מעדני הטלה,מעדני הטלה והעגל,IL,נקניקיות מיני מרגז 5,גרמים,500.00,100 גרם,false,,22.20,4.4400,true,1,16658
7290002478416,false,מעדני הטלה קבב כבש ט,מעדני הטלה והעגל,IL,קבב כבש טורקי 800 גר,גרמים,800.00,100 גרם,false,,39.20,4.9000,true,1,16660
7290002507277,false,קציצות דג דלידג 700 גרם,אף.סי תבליני בגליל ב,IL,קציצות דג 700גר,גרמים,700.00,100 גרם,false,,21.30,3.0429,true,1,16665
7290002512004,false,מלוואח צנעני 900 גרם,צנעני מוצרי בצק,IL,צנעני מלווח 900 גרם,גרמים,900.00,100 גרם,false,,18.70,2.0778,true,1,51092
7290002512066,false,גחנון אפוי צנעני 600 גרם,YOAL,IL,ג'חנון אפוי צנעני 65,גרמים,650.00,100 גרם,false,,17.90,2.7538,true,1,283641
7290002512257,false,מלווח מופחת שומן 700 גר,צנעני,IL,מלווח מופחת שומן 700,גרמים,700.00,100 גרם,false,,15.30,2.1857,true,1,51095
7290002515364,false,"קמיל בלו אל סבון לתינוק קלאסיק ד""ר פישר 500 מ""ל",פישר מעבדות פרמצבטיות בע,IL,קמיל בלו אל סבון 500,מיליליטרים,500.00,"100 מ""ל",false,,11.90,2.3800,true,1,28831
7290002515371,false,"קמיל בלו אל סבון לתינוקות ד""ר פישר 1 ליטר",פישר מעבדות פרמצבטיות בע,IL,קמיל בלו משפחתי 1 לי,ליטרים,1.00,ליטר,false,,23.00,23.0000,true,1,28832
7290002543046,false,קלוגס פרוסטיס דגנים וסוכר 750ג',קלוג מנייופרטורינג א,ES,פרוסטיס דגני קלוגס 7,גרמים,750.00,100 גרם,false,,13.60,1.8133,true,1,5285
7290002543237,false,דגני בוקר קלוגס קורנפלקס 750 גרם,קלוגס קומפני אוף גרייט ב,GB,קורנפלקס קלוגס 750 ג,גרמים,750.00,100 גרם,false,,12.70,1.6933,true,1,5289
7290002577508,false,פילה דג הרינג מלוח בשמן ובצל דלידג 240 ג',מיוצר על ידי קוד יצר,IL,פילה הרינג בשמן ובצל,גרמים,240.00,100 גרם,false,,21.30,8.8750,true,1,283668
7290002603481,false,פיצת השף מאיטליה CHEF שגב פסטו ועגבניות 200 גרם,האי נאם סי או אל.טי.,IT,פיצת השף מאיטליה CHE,גרמים,200.00,100 גרם,false,,14.40,7.2000,true,1,16669
7290002603498,false,פיצת השף מאיטליה אנטי פסטי 256 גרם,האי נאם סי או אל.טי.,IT,פיצת השף מאיטליה CHE,גרמים,220.00,100 גרם,false,,14.40,6.5455,true,1,16670
7290002603504,false,פיצת השף מאיטליה CHEF שגב עגבניות ובצל סגול 200 גרם,סוילה אס.אר.אל,IT,פיצת השף מאיטליה CHE,גרמים,200.00,100 גרם,false,,14.40,7.2000,true,1,16671
7290002608509,false,לחם מחמצת זיתי קלמנט,,,לחם מחמצת זיתי קלמנט,גרמים,530.00,100 גרם,false,,15.30,2.8868,true,1,51712
7290002608516,false,לחם מחמצת מקמח מלא 5,פילסברי,,לחם מחמצת מקמח מלא,גרמים,530.00,100 גרם,false,,14.50,2.7358,true,1,51713
7290002608523,false,לחם מחמצת כוסמין (בר,פילסברי,,לחם מחמצת כוסמין,גרמים,530.00,100 גרם,false,,15.30,2.8868,true,1,51714
7290002608547,false,לחם מחמצת שיפון חמוצ,פילסברי,IL,לחם מחמצת שיפון כהה,גרמים,530.00,100 גרם,false,,15.30,2.8868,true,1,51715
7290002627210,false,גפילטע פיש קציצות מדגי קרפיון וכסיף בצנצנת 560 גרם,האי נאם סי או אל.טי.,IL,גפילטע פיש בצנצנת דל,גרמים,560.00,100 גרם,false,,10.20,1.8214,true,1,16673
7290002651116,false,גחנון חמסי 1 קג לא א,מאפיית אריאל,IL,"גחנון חמסי 1 ק""ג",קילוגרמים,1.00,"ק""ג",false,,13.60,13.6000,true,1,16674
7290002651253,false,גחנון אפוי חמסי 600 גרם,מעדני הטלה,IL,ג'חנון אפוי חמסי 60,גרמים,600.00,100 גרם,false,,13.60,2.2667,true,1,16676
7290002692393,false,שמן קנולה מזוכך מועשר עץ הזית 1 ליטר,שמן תעשיות בעמ,EE,שמן קנולה מועשר עץ ה,ליטרים,1.00,ליטר,false,,13.60,13.6000,true,1,29117
7290002692478,false,"שמן זית כתית מעולה קלאסי מעודן 750 מ""ל עץ הזית","מרקאולאו, ספרד.אבסה,",IT,שמן זית כתית מעולה מ,מיליליטרים,750.00,"100 מ""ל",false,,29.00,3.8667,true,1,29119
7290002703402,false,דבש בבקבוק לחיץ 400 גרם עין חרוד,,,דבש עין חרוד 400 גרם,גרמים,400.00,100 גרם,false,,19.90,4.9750,true,1,46966
7290002715375,false,קבב יווני טיבון ויל 400 גרם,טיבון ויל אחזקות בעמ,IL,קבב יווני 400 גרם,גרמים,400.00,100 גרם,false,,15.30,3.8250,true,1,16683
7290002730262,false,"נוזל לניקוי כלים קלאסי פלמוליב 750 מ""ל",יבואן ומשווק: ש. שסט,GR,פלמוליב לכלים קלאסי,מיליליטרים,750.00,"100 מ""ל",false,,10.20,1.3600,true,1,21201
7290002730675,false,"קולגייט משחת שיניים אדומה משפחתי 100 מ""ל",קולגייט-פלמוליב,PL,משחת שיניים משפחתי ק,מיליליטרים,100.00,"100 מ""ל",false,,9.40,9.4000,true,1,21207
7290002730811,false,"משחת שיניים ג'ל פסים מרעננים קולגייט 100 מ""ל",הנסיך- מפעל לייצור ט,PL,משחת שיניים גל משפחת,מיליליטרים,100.00,"100 מ""ל",false,,11.20,11.2000,true,1,21208
7290002730941,false,כדורי צמר גפן בלונס 100 יחידות,הנסיך- מפעל לייצור ט,GR,צמר גפן פרוס בלונס 1,גרמים,100.00,100 גרם,false,,4.70,4.7000,true,1,21212
7290002730958,false,סבון מוצק בניחוח זיתים ואלוורה פלמוליב 4*100 גרם,הנסיך- מפעל לייצור ט,TR,סבון מוצק ירוק זית פ,גרמים,400.00,100 גרם,false,,14.50,3.6250,true,1,21213
7290002735014,false,מלוואח ארוז ינון 800 גר',ג'נרל מילס סאן אדריא,IL,ינון מלווח ארוז 800,גרמים,800.00,100 גרם,false,,11.90,1.4875,true,1,20186
7290002735021,false,ג'חנון קפוא ינון 750 גרם,ג'נרל מילס סאן אדריא,IL,ינון גחנון ארוז 750,גרמים,750.00,100 גרם,false,,11.90,1.5867,true,1,20187
7290002735113,false,בורקס גבינה ינון 800 גר,,,בורקס גבינה ינון 800,גרמים,800.00,100 גרם,false,,13.60,1.7000,true,1,20188
7290002735274,false,ג'חנון אפוי ינון 600 גרם,ג'נרל מילס סאן אדריא,IL,ינון גחנון אפוי 600,גרמים,600.00,100 גרם,false,,12.80,2.1333,true,1,20192
7290002750222,false,פיתות מקמח מלא 5יח,,,פיתות מקמח מלא 5יח,גרמים,500.00,100 גרם,false,,10.20,2.0400,true,1,2666
7290002752349,false,סוכריות מנטוס מנטה 40יח' בגליל 38ג',פרפטי ואן מלה,NL,מנטוס סוכריות מנטה 3,גרמים,37.50,100 גרם,false,,2.50,6.6667,true,1,12745
7290002752493,false,רביעיה סוכריות מנטה 4* 16 ג' טיק טק,פררו - אלבה,ZA,טיק טק 1/4,גרמים,64.00,100 גרם,false,,8.50,13.2813,true,1,41030
7290002753223,false,רביעייה סוכריות תפוז 4*16 ג' טיק טק,פררו - אלבה,ZA,טיק טק תפוז 4/1,גרמים,64.00,100 גרם,false,,8.50,13.2813,true,1,41031
7290002757139,false,מלוואח 700 גר' שלושת האופים קהילות,שלושת האופים,IL,שלושת האופים מלוואח,גרמים,700.00,100 גרם,false,,11.10,1.5857,true,1,16694
7290002757146,false,"קובה חמוסטה למרק שלושת האופים 1 ק""ג","שלושת האופים בע""\מ",IL,שלושת האופים קובה חמ,קילוגרמים,1.00,"ק""ג",false,,14.50,14.5000,true,1,16695
7290002757511,false,דלידג קציצות דג לבישול 750 גר קהילות,האי נאם סי או אל.טי.,IL,דלידג קציצות דג לביש,גרמים,750.00,100 גרם,false,,26.40,3.5200,true,1,16697
7290002757665,false,קבב מזרחי טיבון ויל 400 ג',טיבון ויל,IL,קבב מזרחי 400 גרם,גרמים,400.00,100 גרם,false,,8.50,2.1250,true,1,16701
7290002757672,false,המבורגר מזרחי טיבון ויל 400ג',טיבון ויל,IL,המבורגר 400גרם נטו,גרמים,400.00,100 גרם,false,,8.50,2.1250,true,1,16702
7290002768036,false,"מי פה תיאדנט ענק מונע עששת 150מ""ל",אמיליה קוסמטיקס,IL,"מי פה תיאדנט 150 מ""ל",מיליליטרים,150.00,"100 מ""ל",false,,13.60,9.0667,true,1,29609
7290002768159,false,"קצף אמבט בת אורן קרליין 500 מ""ל",פארק תעשיות עמק חפרמ,IL,קצף אמבט בת אורן 500,מיליליטרים,500.00,"100 מ""ל",false,,14.40,2.8800,true,1,29612
7290002782131,false,"פנינה רוזנבלום - דאודורנט ספריי לאישה מס' 1 150 מ""ל",פנינה רוזנבלום,IL,דאו' ספריי לאישה פ.ר,מיליליטרים,150.00,"100 מ""ל",false,,19.00,12.6667,true,1,17877
7290002782759,false,"פנינה קרם גוף רוזנבלום 400 מ""ל",פנינה רוזנבלום,IL,קרם גוף מס' 2 פנינה,מיליליטרים,400.00,"100 מ""ל",false,,19.60,4.9000,true,1,17880
7290002793311,false,שירות והחלפה מילוי גז 60 סודהסטרים,סודה סטרים,IL,מילוי למכשיר 50,יחידה,0.00,יחידה,false,,51.30,0.0000,true,1,17292
7290002814160,false,מסיר שומנים סנט מוריץ 1ל,קומפלקס כימיקלים בעמ,IL,מסיר שומנים קר סנט מ,יחידה,0.00,יחידה,false,,16.20,0.0000,true,1,19872
7290002814290,false,קצף מרוכז blanco בניחוח לימון משמיד 99.9% חיידקים סנט מוריץ 1 ליטר,קומפלקס כימיקלים בעמ,IL,קצף מרוכז 1 ליטר בלנ,ליטרים,1.00,ליטר,false,,9.40,9.4000,true,1,79633
7290002814603,false,"סנט מוריץ - מרסס מסיר שומנים קר מבושם לימון 750 מ""ל",קומפלקס כימיקלים בעמ,IL,מסיר שומנים קר מבושם,מיליליטרים,750.00,"100 מ""ל",false,,12.80,1.7067,true,1,19884
7290002814870,false,"סנט מוריץ - מרסס מסיר שומנים קר מבושם לוונדר\פרחים 750 מ""ל",קומפלקס כימיקלים בעמ,IL,מסיר שומנים קר מבושם,מיליליטרים,750.00,"100 מ""ל",false,,12.80,1.7067,true,1,19885
7290002814887,false,מטליות רצפה לניקוי ובישום סנטמוריץ,קומפלקס כימיקלים,CN,מגבונים לחים לרצפה 1,יחידה,0.00,יחידה,false,,7.30,0.0000,true,1,79698
7290002824183,false,"גבינה לבנה סקי 500 גרם 5% ""שטראוס"" -מוצר בפיקוח",מיוצר עי קונדיטוריית,IL,גבינה לבנה 5% סקי 50,גרמים,500.00,100 גרם,false,,7.61,1.5220,true,1,23029
7290002824466,false,יוגורט דנונה ביו לבן 0% שומן 200 גרם,"שטראוס בריאות בע""\מ",IL,דנונה יוגורט ביו 0%,מיליליטרים,200.00,"100 מ""ל",false,,3.20,1.6000,true,1,23030
7290002824640,false,"גבינת סקי 250 גרם 5% ""שטראוס"" -מוצר בפיקוח",מיוצר עי קונדיטוריית,IL,גבינה 5% סקי 250 גרם,גרמים,250.00,100 גרם,false,,4.26,1.7040,true,1,23031
7290002825722,false,סלט כרוב אדום אחלה 500 גרם,מיוצר עי קונדיטוריית,IL,אחלה כרוב אדום 500ג,גרמים,500.00,100 גרם,false,,11.10,2.2200,true,1,23033
7290002827306,false,נקניקיות עוף ירושלים מחפוד 400 ג',עוף ירושלים,IL,עוף ירושלים נקניקיות,גרמים,400.00,100 גרם,false,,9.40,2.3500,true,1,46638
7290002827320,false,נקניקיות מרגז קפוא גלאט הדר הבשר 400ג',עוף ירושלים,IL,עוף ירושלים נקניקיות,גרמים,400.00,100 גרם,false,,14.40,3.6000,true,1,46640
7290002827337,false,נקניקיות עוף פיקנטי חריף 400 מחפוד,עוף ירושלים,IL,עוף ירושלים נקניקיות,גרמים,400.00,100 גרם,false,,9.40,2.3500,true,1,46641
7290002830948,false,גבינת עיזים מותכת 30% מון בלאן 120 גרם,סלס קרית מלאכי ישראל,IL,מון בלאן גבינת עיזים,גרמים,120.00,100 גרם,false,,10.20,8.5000,true,1,16735
7290002868996,false,"קוטג' 5% שומן, רכיבים טבעיים, 250 גרם",קריות זול,IL,טרה קוטג מועשר 5% 25,גרמים,250.00,100 גרם,false,,4.70,1.8800,true,1,6382
7290002871248,false,"בירה טובורג רד בקבוק 500 מ""ל חוזר",מבשלות בירה בינלאומיות ב,IL,בירה טובורג רד בקבוק,מיליליטרים,500.00,"100 מ""ל",false,,6.72,1.3440,true,1,6906
7290002871361,false,"בירה קרלסברג בקבוק 500 מ""ל חוזר",מבשלות בירה בינלאומיות ב,IL,קרלסברג בירה בק.חוזר,מיליליטרים,500.00,"100 מ""ל",false,,6.72,1.3440,true,1,6907
7290002900566,false,פסטרמה ברביקיו דל שומן טירת צבי 400 גרם,הנסיך- מפעל לייצור ט,IL,פסטרמה ברביקיו דל שו,גרמים,360.00,100 גרם,false,,23.80,6.6111,true,1,25112
7290002904694,false,"טיטניום דאודורנט ספריי לגברים 150 מ""ל","אמיליה קוסמטיקס בע""מ",IL,דאודורנט ספריי קלאסי,מיליליטרים,180.00,"100 מ""ל",false,,13.60,7.5556,true,1,29613
7290002921165,false,"חלב לניקוי רהיטי עור הזלין יעקבי 400 מ""ל",אסטוניש -לידס,CH,הזלין: חלב עור 250 מ,מיליליטרים,400.00,"100 מ""ל",false,,28.10,7.0250,true,1,11290
7290002971955,false,קמח שטיבל חיטה לבן מנופה 1קג,טחנת קמח דגן-שטיבל,IL,קמח לבן 650 ללא צורך,קילוגרמים,1.00,"ק""ג",false,,7.30,7.3000,true,1,9223
7290002971986,false,קמח שיפון ללא צורך ב,טחנת קמח דגן-שטיבל,IL,קמח שיפון ללא צורך ב,קילוגרמים,1.00,"ק""ג",false,,6.80,6.8000,true,1,9224
7290002972365,false,קמח תופח שטיבל 13 ללא צורך בניפוי 1 קג,מיוצר עי קונדיטוריית,IL,קמח תופח ללא צורך בנ,קילוגרמים,1.00,"ק""ג",false,,7.30,7.3000,true,1,9227
7290002972426,false,"קמח חיטה 80% ללא ניפוי שטיבל 1ק""ג",טחנת קמח דגן-שטיבל,IL,קמח מלא 80% ללא צורך,קילוגרמים,1.00,"ק""ג",false,,7.30,7.3000,true,1,9228
7290002973669,false,"קמח שטיבל ללחם 2 ללא ניפוי 1 ק""ג",טחנת קמח דגן-שטיבל,IL,קמח לחם ללא צורך בני,קילוגרמים,1.00,"ק""ג",false,,6.80,6.8000,true,1,98502
7290002973676,false,"קמח שטיבל לחלה 18 ללא ניפוי 1 ק""ג",טחנת קמח דגן-שטיבל,IL,קמח לחלה ללא צורך בנ,קילוגרמים,1.00,"ק""ג",false,,6.80,6.8000,true,1,98503
7290002973812,false,קמח כוסמין 80% ללא צ,"שטיבל בע""\מ",IL,קמח כוסמין 80% ללא צ,קילוגרמים,1.00,"ק""ג",false,,12.80,12.8000,true,1,102642
7290002973829,false,קמח כוסמין לבן שטיבל 1 ק,"שטיבל בע""מ",IL,קמח כוסמין לבן ללא צ,קילוגרמים,1.00,"ק""ג",false,,12.80,12.8000,true,1,102643
7290002974338,false,"קמח מניטובה מנופה ""0",טחנת קמח דגן-שטיבל,IL,"קמח מניטובה מנופה ""0",קילוגרמים,1.00,"ק""ג",false,,11.10,11.1000,true,1,207134
7290002974352,false,קמח מלא חיטה ישראלית,טחנת קמח דגן-שטיבל,IL,קמח רותה חיטה מלא שט,קילוגרמים,1.00,"ק""ג",false,,8.50,8.5000,true,1,562324
7290002986652,false,גטניו פתי בר שוקו 470 גרם,"אחים גטניו בע""מ",IL,גטניו - פתיבר שוקו 4,גרמים,470.00,100 גרם,false,,8.50,1.8085,true,1,40827
7290002987963,false,"סלט חומוס אחלה 1 ק""ג",מיוצר עי קונדיטוריית,IL,אחלה חומוס 1קג,קילוגרמים,1.00,"ק""ג",false,,11.90,11.9000,true,1,23034
7290003009183,false,"סירופ דיאט תפוחים פריגת 750 מ""ל",סירופ - גבעת חיים,IL,סירופ דיאט תפוחים פר,מיליליטרים,750.00,"100 מ""ל",false,,18.50,2.4667,true,1,6915
7290003009312,false,בוטן קלוי קליית גת 200 גרם,הדקלאים אגודת שיתופי,IL,בוטן קלוי 200 גרם,גרמים,200.00,100 גרם,false,,6.90,3.4500,true,1,12749
7290003009336,false,קבוקים קליית גת 200 גרם,הדקלאים אגודת שיתופי,IL,קבוקים מצופים 200 גר,גרמים,200.00,100 גרם,false,,5.60,2.8000,true,1,12751
7290003009640,false,מיץ תפוזים סחוט רכיבים טבעיים פריגת 1 ליטר,פריגת מצוננים,IL,פריגת סחוט מיץ תפוזי,ליטרים,1.00,ליטר,false,,13.60,13.6000,true,1,6384
7290003015627,false,"נוזל רצפות אפרסק 2 ליטר ""ריצפז פרש""","סנו מפעלי ברונוס בע""",IL,ריצפז פרש אפרסק 2 לי,ליטרים,2.00,ליטר,false,,16.20,8.1000,true,1,29622
7290003026197,false,קמיל בלו סנסיטיב שמן טיפולי לתינוק 500 מ,פישר מעבדות פרמצבטיות בע,IL,קמיל בלו שמן טיפולי,מיליליטרים,500.00,"100 מ""ל",false,,26.40,5.2800,true,1,28835
7290003026227,false,"קמיל בלו שמפו לתינוק סנסיטיב אל דמע ד""ר פישר 1 ליטר",פישר מעבדות פרמצבטיות בע,IL,קמיל בלו סנסיטיב שמפ,יחידה,0.00,יחידה,false,,29.00,0.0000,true,1,28836
7290003029181,false,משקה יטבתה שוקו' בקבוק 1ל מהדרין,שטראוס גרופ,IL,יטבתה שוקו בקבוק 1ל,ליטרים,1.00,ליטר,false,,10.20,10.2000,true,1,23038
7290003029372,false,משקה חלב בטעם בננה יטבתה 1 ליטר,שטראוס גרופ,IL,יטבתה משקה חלב בננה,ליטרים,1.00,ליטר,false,,10.20,10.2000,true,1,23041
7290003029389,false,"משקה חלב בננה פקק ספורט 250 מ""ל יוטבתה",שטראוס גרופ,IL,יטבתה משקה חלב בננה+,מיליליטרים,250.00,"100 מ""ל",false,,4.70,1.8800,true,1,23042
7290003029433,false,"משקה יטבתה שוקו פקק 250 מ""ל מהדרין",שטראוס גרופ,IL,יטבתה שוקו +פקק 250,מיליליטרים,250.00,"100 מ""ל",false,,4.70,1.8800,true,1,23043
7290003029532,false,מוקה בבקבוק יטבתה 1 ליטר מהדרין,שטראוס גרופ,IL,יטבתה מוקה 1ל,ליטרים,1.00,ליטר,false,,10.20,10.2000,true,1,23045
7290003029792,false,"משקה יטבתה שוקו שקיות מהדרין מארז 225X8מ""ל",שטראוס גרופ,IL,יטבתה מהדרין שוקו שק,ליטרים,1.80,ליטר,false,,16.20,9.0000,true,1,23047
7290003029815,false,כד חלב 3% יטבתה 2 ליטר מהדרין,שטראוס גרופ,IL,חלב מועשר בכד2 ליטר,ליטרים,2.00,ליטר,false,,12.70,6.3500,true,1,23048
7290003029907,false,אייס קפה יטבתה 1 ליטר מהדרין,שטראוס גרופ,IL,יטבתה אייס קפה 1ל,ליטרים,1.00,ליטר,false,,10.20,10.2000,true,1,23050
7290003054657,false,חרדל ריין דיז'ון אקסטרה פורטה 370 גרם,מרום את קונפינו,FR,חרדל דיג'ון אקסטרא פ,גרמים,370.00,100 גרם,false,,9.30,2.5135,true,1,5298
7290003072835,false,נקניקיות קנאקוורסט טירת צבי 320 גרם,טיב טירת צבי 2000,IL,טירת צבי נקניקיות קנ,גרמים,320.00,100 גרם,false,,17.10,5.3438,true,1,25135
7290003102136,false,צמר גפן COTTON SOFT רפואי 100 גר' 3102136,הדקלאים אגודת שיתופי,TR,צמר גפן כוטון סופט 1,גרמים,100.00,100 גרם,false,,4.20,4.2000,true,1,868
7290003102891,false,שקיות צליה הוסטס בקופסה 10יח',הוסטס,TR,שקיות צליה הוסטס 10י,יחידה,0.00,יחידה,false,,4.20,0.0000,true,1,876
7290003102976,false,צימרוני אוזניים פלסטיק בקופסה 200 יחידות,הדקלאים אגודת שיתופי,CN,קיסמי אוזניים פלסטיק,יחידה,0.00,יחידה,false,,3.80,0.0000,true,1,878
7290003107148,false,"קמח לבן דגן 1 ק""ג",טחנות קמח דגן בעמ,IL,"קמח לבן דגן 1 ק""ג",קילוגרמים,1.00,"ק""ג",false,,3.90,3.9000,true,1,9231
7290003107216,false,קמח 1 קג שימורי איכ,טחנת קמח דגן לישראל,IL,"קמח לבן דגן 1 ק""ג",קילוגרמים,1.00,"ק""ג",false,,5.60,5.6000,true,1,9233
7290003107223,false,"סולת לנדא ארוז 1 ק""ג",טחנת קמח דגן לישראל,IL,"סולת חיטה דגן 1 ק""ג",קילוגרמים,1.00,"ק""ג",false,,5.60,5.6000,true,1,9234
7290003107315,false,"סולת בד""צ ארוז 1 ק""ג",טחנת קמח דגן לישראל,IL,"סולת דגן 1 ק""ג",קילוגרמים,1.00,"ק""ג",false,,3.90,3.9000,true,1,9237
7290003107346,false,טחנת קמח דגן קמח 1 קג,טחנת קמח דגן לישראל,IL,קמח חיטה לבן דגן 1 ק,קילוגרמים,1.00,"ק""ג",false,,3.90,3.9000,true,1,9239
7290003126712,false,יוגורט עיזים מחלב מלא 3.7% משק צוריאל 150 גרם,מחלבת משק צוריאל,IL,צוריאל יוגורט עיזים,מיליליטרים,150.00,"100 מ""ל",false,,5.00,3.3333,true,1,6388
7290003142422,false,גרעיני חמניה בשקית ללא מלח קליית גת 180 גרם,"ג'י אנד ג'י בע""מ",IL,גרעיני חמניה ללא מלח,גרמים,180.00,100 גרם,false,,5.90,3.2778,true,1,12759
7290003143276,false,יוגטה מרשמלו ממתק מוקצף בטעם תות שדה 180 גרם,תות ממתקי איכות,IL,יוגטה מרשמלו מגולגל,גרמים,180.00,100 גרם,false,,5.90,3.2778,true,1,41548
7290003143337,false,סילאן רכיבים טבעיים לחיץ קליית גת 350 גרם,ליימן מותגים,IL,סילאן טבעי 350 גרם,גרמים,350.00,100 גרם,false,,11.90,3.4000,true,1,12770
7290003145751,false,"קליית גת אגוזי קלויים, 200 גרם",הדקלאים אגודת שיתופי,IL,קשיו קלוי 200 גרם,גרמים,200.00,100 גרם,false,,17.10,8.5500,true,1,12786
7290003145959,false,פקאן טבעי קליית גת 150 גרם,ליימן מותגים,IL,אגוז פקאן טבעי 150 ג,גרמים,150.00,100 גרם,false,,17.10,11.4000,true,1,12789
7290003163939,false,מעדני הטלה נקניקיות,יושלם,,"נקניקיות גריל 1.5 ק""",קילוגרמים,1.50,"ק""ג",false,,21.30,14.2000,true,1,16760
7290003185719,false,קבב רומני טיבון ויל 500 גרם,טיבון ויל אחזקות בעמ,IL,קבב רומני 500 גרם,גרמים,500.00,100 גרם,false,,15.30,3.0600,true,1,16761
7290003185726,false,קבב מזרחי טיבון ויל 500 גרם,טיבון ויל אחזקות בעמ,IL,קבב מזרחי 500 גרם,גרמים,500.00,100 גרם,false,,15.30,3.0600,true,1,16762
7290003220526,false,"WOK רוטב צ'ילי חריף 700 מ""ל",תאי פרידה אינדסטרי,TH,רוטב צ'ילי חריף 700,מיליליטרים,700.00,"100 מ""ל",false,,9.30,1.3286,true,1,40843
7290003220533,false,"רוטב צ'ילי מתוק ווק 700 מ""ל",תאי פרידה אינדסטרי ב,TH,רוטב צ'ילי מתוק 700,מיליליטרים,700.00,"100 מ""ל",false,,9.30,1.3286,true,1,40844
7290003229109,false,פסטרמה הודו בפפריקה טירת צבי 400 גרם,הנסיך- מפעל לייצור ט,IL,א.מ .פסטרמה בפפריקה,גרמים,400.00,100 גרם,false,,23.00,5.7500,true,1,25138
7290003229116,false,פסטרמה הודו בדבש שומן טירת צבי 400 גרם,הנסיך- מפעל לייצור ט,IL,א.מ פסטרמה בדבש 400,גרמים,400.00,100 גרם,false,,23.00,5.7500,true,1,25139
7290003229147,false,נקניק סלמי איטלקי מעושן טירת צבי 300 גרם,הנסיך- מפעל לייצור ט,IL,סלמי בסגנון איטלקי 3,גרמים,300.00,100 גרם,false,,23.00,7.6667,true,1,25141
7290003229192,false,נקניק כתף בקר מעושן 2% טירת צבי 400 גרם,טיב טירת צבי 2000,IL,א.מ. כתף בקר מעושן 4,גרמים,400.00,100 גרם,false,,23.00,5.7500,true,1,25144
7290003268252,false,לחם חיטה מלא לילדים 750 ג' דגנית עין בר,דגנית עין בר תעשיות מזון,IL,לחם חיטה מלא ללא גרע,גרמים,750.00,100 גרם,false,,11.90,1.5867,true,1,4507
7290003318100,false,וופל בטעם שוקולד מנעמים 200 ג',מנעמים תעשיות מזון,IL,ופל שוקו מנעמים 200,גרמים,200.00,100 גרם,false,,3.70,1.8500,true,1,35814
7290003318131,false,ופל קלאסיק אגוז 200 גרם מנעמים,מנעמים תעשיות מזון,IL,ופל אגוז מנעמים 200,גרמים,200.00,100 גרם,false,,3.70,1.8500,true,1,35815
7290003318155,false,וופל טעם לימון מנעמים 200 ג',מנעמים תעשיות מזון,IL,ופל לימון מנעמים 200,גרמים,250.00,100 גרם,false,,3.70,1.4800,true,1,35816
7290003318599,false,וופלים וניל מנעמים 200 גרם,מנעמים תעשיות מזון,IL,ופל וניל מנעמים 200,גרמים,200.00,100 גרם,false,,3.70,1.8500,true,1,35818
7290003321155,false,יוגורט בר עם פקאן מצופה שוקולד 183 ג' דנונה,"שטראוס בריאות בע""\מ",IL,דנונה קראנצ' ששבי פק,מיליליטרים,183.00,"100 מ""ל",false,,3.90,2.1311,true,1,23051
7290003321292,false,גבינה לבנה 9% שומן 250 ג' שטראוס,מיוצר עי קונדיטוריית,IL,גבינה 9% סקי 250 גרם,גרמים,250.00,100 גרם,false,,4.20,1.6800,true,1,23052
7290003332007,false,קפה שחור עם הל 250 גרם,סובחי נחלה ובניו,IL,קפה נחלה סובחי 250ג,גרמים,250.00,100 גרם,false,,11.90,4.7600,true,1,33527
7290003332014,false,קפה נח'לה אדום עם הל500ג,קפה אל נח'לה,IL,קפה נחלה סובחי 500 ג,גרמים,500.00,100 גרם,false,,23.80,4.7600,true,1,33528
7290003332021,false,"קפה נחלה סובחי 1 ק""ג",,,"קפה נחלה סובחי 1 ק""ג",קילוגרמים,1.00,"ק""ג",false,,43.50,43.5000,true,1,33529
7290003387205,false,דאו' ספיד סטיק בסיסי ירוק רגיל לגבר 63ג',הנסיך- מפעל לייצור ט,US,דאו' סטיק ירוק לגבר,גרמים,63.00,100 גרם,false,,16.20,25.7143,true,1,21214
7290003411276,false,עמבה הודית מובחרת הנמל 600ג',טרופיקל דגיל תעשיות,IL,עמבה מובחרת 500 גרם,גרמים,500.00,100 גרם,false,,7.60,1.5200,true,1,7839
7290003411689,false,ליפתניות לבן 25 יחידות,הנמל אריזות ושיווק ב,IL,לפתניות 25 יח,יחידה,0.00,יחידה,false,,4.20,0.0000,true,1,7850
7290003411696,false,"מרקיות לבן ח""פ הנמל 25 יח'",פלסטכים תורכיה,IL,מרקיות חד פעמי 25 יח,יחידה,0.00,יחידה,false,,8.50,0.0000,true,1,7851
7290003411993,false,גפרורים הנמל 10 יחידות,"איטיליאן פוד, אס.פי.",SE,גפרורים 10 יחידות,יחידה,0.00,יחידה,false,,2.50,0.0000,true,1,7862
7290003438853,false,אוליביה ממרח אריסה חריפה 185 גר ',אוליביה,IL,אוליביה ממרח אריסה ח,גרמים,185.00,100 גרם,false,,11.10,6.0000,true,1,51551
7290003450602,false,חרדל אמיתי צהוב בקבוק לחיץ 255 גר,היינץ צפון אמריקה מקבוצת ה.י.היינץ,US,חרדל אמיתי צהוב בקבו,גרמים,255.00,100 גרם,false,,8.50,3.3333,true,1,5304
7290003514007,false,מנה שקדי מרק מנה 400 גרם,מנה Mana,IL,שקדי מרק מנה 400 גרם,גרמים,400.00,100 גרם,false,,6.80,1.7000,true,1,21218
7290003525898,false,שלישיית סלט טונה ויליגר 160 גרם,נטו מלינדה,,סלט טונה ויליגר שליש,גרמים,480.00,100 גרם,false,,12.80,2.6667,true,1,16774
7290003525904,false,שלישיית סלט טונה פיקנטי ויליגר 160 גרם,ויליגר,,סלט טונה פיקנטי וילי,גרמים,480.00,100 גרם,false,,12.80,2.6667,true,1,16775
7290003527380,false,דובדבן ללא חרצן בצנצנת ויליגר 680 גרם,גולדסטארקפט,,דובדבן ללא חרצן וילי,גרמים,680.00,100 גרם,false,,7.70,1.1324,true,1,16785
7290003578108,false,חתיכות אננס בסירופ קל וילי פוד 850 גרם,טקרנג פינאפל אינדסטר,TH,אננס חתוך ויליפוד 85,גרמים,490.00,100 גרם,false,,7.70,1.5714,true,1,2867
7290003578313,false,דובדבנים ללא חרצנים ויליפוד 680 גרם,דל מונטה היילס אס.אי,HR,דובדבנים חמוצים ללא,גרמים,350.00,100 גרם,false,,8.50,2.4286,true,1,2873
7290003643004,false,"סוגת אורז בסמטי קלאסי 1 ק""ג",האי נאם סי או אל.טי.,IL,"סוגת אורז בסמטי 1 ק""",קילוגרמים,1.00,"ק""ג",false,,11.90,11.9000,true,1,17088
7290003643158,false,קורנפולר שקית 200 ג' סוגת,המאפיה של הרמן,IL,קונפלור 200 גרם,גרמים,200.00,100 גרם,false,,2.50,1.2500,true,1,17092
7290003643325,false,קוסקוס בינוני סוגת 350 גרם,"אסיף תעשיות מזון בע""\מ",IL,קוסקוס בינוני סוגת 3,גרמים,350.00,100 גרם,false,,4.20,1.2000,true,1,17096
7290003643387,false,"סוכר לבן בצנצנת 1 ק""ג סוגת",האי נאם סי או אל.טי.,IL,סוכר לבן בצנצנת סוגת,קילוגרמים,1.00,"ק""ג",false,,8.50,8.5000,true,1,17099
7290003643646,false,"סוכר דמררה קלאסי בצנצנת סוגת 1 ק""ג",האי נאם סי או אל.טי.,IL,סוכר דמררה בצנצנת חו,קילוגרמים,1.00,"ק""ג",false,,11.00,11.0000,true,1,17100
7290003643684,false,אפונה יבשה סוגת 500 גר',האי נאם סי או אל.טי.,IL,אפונה יבשה 500 גרם,גרמים,500.00,100 גרם,false,,5.00,1.0000,true,1,17101
7290003643707,false,סוגת גריסים 500 גרם,"סוגת תעשיות בע""מ",IL,סוגת גריסים 500גר,גרמים,500.00,100 גרם,false,,4.20,0.8400,true,1,17102
7290003643714,false,חומוס גרגירים 500 גרם סוגת,האי נאם סי או אל.טי.,IL,חומוס 500 גרם,גרמים,500.00,100 גרם,false,,6.80,1.3600,true,1,17103
7290003643738,false,סוגת חיטה 500 גרם,האי נאם סי או אל.טי.,IL,סוגת חיטה 500 גר,גרמים,500.00,100 גרם,false,,4.20,0.8400,true,1,17104
7290003643745,false,סוגת כוסמת 500 גרם,האי נאם סי או אל.טי.,IL,כוסמת 500 גרם,גרמים,500.00,100 גרם,false,,6.80,1.3600,true,1,17105
7290003643752,false,עדשים ירוקים יבש סוגת 500 גר',האי נאם סי או אל.טי.,IL,עדשים ירוקות 500 גרם,גרמים,500.00,100 גרם,false,,6.80,1.3600,true,1,17106
7290003643769,false,עדשים אדומים יבש סוגת 500 גר',"סוגת תעשיות בע""\מ",IL,עדשים אדומות 500 גרם,גרמים,500.00,100 גרם,false,,6.80,1.3600,true,1,17107
7290003643776,false,"פופקורן גרעינים סוגת 500 ג' כשל""פ",האי נאם סי או אל.טי.,IL,סוגת פופקורן 500 גרם,גרמים,500.00,100 גרם,false,,4.20,0.8400,true,1,17108
7290003643806,false,שעועית לבנה יבשה סוגת 500 ג',האי נאם סי או אל.טי.,IL,שעועית לבנה 500 גרם,גרמים,500.00,100 גרם,false,,9.40,1.8800,true,1,17110
7290003643813,false,שעועית אדומה יבשה סוגת 500 גר',האי נאם סי או אל.טי.,IL,שעועית אדומה 500 גרם,גרמים,500.00,100 גרם,false,,9.40,1.8800,true,1,17111
7290003681051,false,אגוזי פאקן סיני מסוכר 100 גר' מיה,מיה תעשיות מזון מ.ת.מ. ב,IL,אגוז פקאן סיני מסוכר,גרמים,100.00,100 גרם,false,,11.90,11.9000,true,1,14719
7290003681303,false,שעועית מעורבת יבשה מיה 500 גר',מיה תעשיות מזון מ.ת.מ. ב,IL,שעועית מעורבת 500 גר,גרמים,500.00,100 גרם,false,,6.80,1.3600,true,1,14728
7290003681365,false,קישוט לעוגה צבעוני בבצנצנת מיה 80 גרם,מיה תעשיות מזון מ.ת.מ. ב,IL,70 סוכריות קישוט לעו,גרמים,70.00,100 גרם,false,,4.20,6.0000,true,1,14731
7290003681532,false,דובדבנים מסוכרים 80 גרם מיה,מיה תעשיות מזון מ.ת.מ. ב,IL,דובדבן מסוכר 80 גרם,גרמים,80.00,100 גרם,false,,5.10,6.3750,true,1,14736
7290003681716,false,גריסי פנינה מיה 500 גרם,מיה תעשיות מזון מ.ת.מ. ב,IL,גריסי פנינה 500 גרם,גרמים,500.00,100 גרם,false,,4.20,0.8400,true,1,14746
7290003681921,false,"סוכריות טופי פירות מיה 200 ג' בד""ץ'",מיה תעשיות מזון מ.ת.מ. ב,IL,טופי מתוק מיה 200 גר,גרמים,200.00,100 גרם,false,,5.50,2.7500,true,1,14757
7290003706167,false,בצל ירוק ארוז,,,בצל ירוק ארוז,יח',1.00,יח',false,,5.90,5.9000,true,1,35315
7290003706440,false,בייבי מיקס נספק,,,בייבי מיקס נספק,יח',1.00,יח',false,,9.90,9.9000,true,1,35316
7290003726615,false,"טופו ויילר 300 גרם ""שטראוס""",הדקלאים אגודת שיתופי,IL,טופו ויילר 300 גרם.,גרמים,300.00,100 גרם,false,,9.30,3.1000,true,1,23054
7290003781652,false,צלפים במי מלח וילי פוד 230 גרם,קריות זול,TR,צלפים במלח ויליפוד 3,גרמים,350.00,100 גרם,false,,7.70,2.2000,true,1,2880
7290003804252,false,תיבולית קנור בנוסח הודי 72 גרם,יוניליוור ישראל מזון בע\,IL,תיבולית בנוסח הודי ק,גרמים,72.00,100 גרם,false,,6.80,9.4444,true,1,10336
7290003804382,false,"תיבוליות פטריות קנור 72 גרם בד""צ",יוניליוור ישראל מזון בע\,IL,תיבולית פטריות קנור,גרמים,72.00,100 גרם,false,,6.80,9.4444,true,1,10342
7290003864478,false,סרדינים בשמן צמחי פתח קל ויליפוד 110 גרם,גולדן פרייז קאנינג א,TH,סרדין בשמן צמחי וילי,גרמים,110.00,100 גרם,false,,4.60,4.1818,true,1,2882
7290003864485,false,סרדינים ברוטב עגבנ יות ויליפוד 110ג' פתח קל,גולדן פרייז קאנינג א,TH,סרדינים ברוטב עגבניו,גרמים,120.00,100 גרם,false,,4.60,3.8333,true,1,2883
7290003864492,false,סרדינים בשמן צמחי חריף פתח קל ויליפוד 110ג',גולדן פרייז קאנינג א,TH,סרדין בשמן צמחי חריף,גרמים,120.00,100 גרם,false,,4.60,3.8333,true,1,2884
7290003882922,false,עלי גפן ממולאים באורז וילי פוד 360 גרם,הזה פלאקספו פוד קו ב,CN,עלי גפן ממולאים באור,גרמים,360.00,100 גרם,false,,7.70,2.1389,true,1,2887
7290003903771,false,קפה נמס קפוצ'ינו רגיל 200 ג',שטראס קפה בי.וי,IL,עלית קפוצינו פחית 20,גרמים,200.00,100 גרם,false,,21.30,10.6500,true,1,21995
7290003989096,false,סלט חצילים פיקנטי אחלה 500 גרם,מיוצר עי קונדיטוריית,IL,אחלה חציל פיקנטי 500,גרמים,500.00,100 גרם,false,,12.70,2.5400,true,1,23057
7290003989539,false,לורנצו רביולי במילוי גבינה,מיוצר עי קונדיטוריית,IL,EAT GOOD רביולי גבינ,גרמים,400.00,100 גרם,false,,17.10,4.2750,true,1,23058
7290003989553,false,פסטה טורטליני גבינה ופטריות 400 גרם,מיוצר עי קונדיטוריית,IL,שטראוס טורטליני פטרי,גרמים,400.00,100 גרם,false,,17.10,4.2750,true,1,23059
7290004006440,false,בקבוק מעוצב עם ידיות,,,בקבוק חתול עם ידיות,יחידה,0.00,יחידה,false,,15.30,0.0000,true,1,882
7290004011284,false,ריצ בסיס להכנת קצפת 25% 212מל,ריצ' פרודקטס קורפריי,US,ריצ בסיס להכנת קצפת,מיליליטרים,212.00,"100 מ""ל",false,,5.90,2.7830,true,1,16793
7290004011338,false,"ספריי קצפת מתוקה מוכנה ריץ' 250 מ""ל",האי נאם סי או אל.טי.,IT,ריצ קצפת במיכל 250מל,מיליליטרים,250.00,"100 מ""ל",false,,8.50,3.4000,true,1,16795
7290004011345,false,"ספריי קצפת מתוקה מוכנה פרווה ריץ' 238 מ""ל",האי נאם סי או אל.טי.,IT,קצפת ריץ במיכל פרווה,מיליליטרים,238.00,"100 מ""ל",false,,8.50,3.5714,true,1,16796
7290004011796,false,קבבונים בקר קפוא אל גאוצ''ו 400ג',"טיבון ויל אחזקות בע""",IL,אל גאוצו קבבונים 400,גרמים,400.00,100 גרם,false,,18.70,4.6750,true,1,16802
7290004011819,false,המבורגר ריב אנטריקוט אל גאוצ'ו 360 גרם,האי נאם סי או אל.טי.,IL,אל גאוצו המבורגר ריב,גרמים,360.00,100 גרם,false,,18.70,5.1944,true,1,16804
7290004011826,false,מיני המבורגר ריב אנטריקוט,טיבון ויל אחזקות בעמ,IL,אל גאוצ'ו מיני המבור,גרמים,320.00,100 גרם,false,,18.70,5.8437,true,1,16805
7290004014407,false,עדשי מ&מ'ס חמאת בוטנים46,מרס נדרלנד,US,פינאטבאטר M&M עדשי ש,גרמים,46.00,100 גרם,false,,4.20,9.1304,true,1,20528
7290004022309,false,עדשי מ&מ'ס חמאת בוטנים80,מרס,GB,M&M עדשי חמאת בוטנים,גרמים,80.00,100 גרם,false,,5.90,7.3750,true,1,20349
7290004026776,false,לחם מחמצת אגוזים וצימוקים,פילסברי,,לחם מחמצת אגוזים וצי,גרמים,530.00,100 גרם,false,,15.30,2.8868,true,1,51718
7290004030100,false,מיץ תפוזים ולנסיה סחוט 1 ליטר100%,פרי ניב,IL,מיץ תפוזים סחוט וולנ,ליטרים,1.00,ליטר,false,,13.60,13.6000,true,1,51882
7290004030216,false,משקה בטעם חמוציות 1 ליטר פריניב,פריניב בעמ,IL,פריניב נקטר חמוציות,ליטרים,1.00,ליטר,false,,10.90,10.9000,true,1,48985
7290004030223,false,מיץ תפוחים סחוט רכיבים טבעיים 100% פרי ניב 1 ליטר,פריניב בעמ,IL,פרי ניב מיץ תפוח סחו,יחידה,0.00,יחידה,false,,12.80,0.0000,true,1,48986
7290004030445,false,מיץ תפוזים סחוט רכיבים טבעיים 1 ליטר פרי ניב,פריניב בעמ,IL,פרי ניב תפוז סחוט 1ל,ליטרים,1.00,ליטר,false,,11.90,11.9000,true,1,48996
7290004030834,false,מיץ רימונים סחוט 100% רכיבים טבעיים פרי ניב 1 ליטר,פריניב בעמ,IL,מיץ סחוט רימונים 100,ליטרים,1.00,ליטר,false,,20.40,20.4000,true,1,49015
7290004043108,false,עדשי מ&מ'ס שוקולד 89 גרם,מרס,US,M&M עדשי שוקולד 89 ג,גרמים,89.00,100 גרם,false,,5.90,6.6292,true,1,20350
7290004043205,false,עדשי שוק.מ&מ'ס בוטנים90ג,מרס,US,M&M עדשי בוטנים 93 ג,גרמים,93.00,100 גרם,false,,5.90,6.3441,true,1,637948
7290004063016,false,מלח שולחן -מוצר בפיקוח,האי נאם סי או אל.טי.,IL,"מלח שולחן סלית 1 ק""ג",קילוגרמים,1.00,"ק""ג",false,,1.50,1.5000,true,1,15226
7290004063115,false,"מלח מטבח עבה להמלחת בשר ובישול 1 ק""ג 1ק""ג",האי נאם סי או אל.טי.,IL,מלח מטבח גס לבישול כ,קילוגרמים,1.00,"ק""ג",false,,1.50,1.5000,true,1,15227
7290004064389,false,מלח הימלאייה דק מלחייה 250 גרם,"חברת מלח הארץ אילת בע""\מ",IL,מלח הימלאיה דק מלחיי,גרמים,250.00,100 גרם,false,,8.50,3.4000,true,1,127444
7290004068028,false,"יוגורט צזיקי לשתייה 3.5% 500 מ""ל רובין",מיוצר על ידי קוד יצר,IL,גד משקה צזיקי 2% 500,מיליליטרים,500.00,"100 מ""ל",false,,9.10,1.8200,true,1,14401
7290004068035,false,"יוגורט לשתייה איירן 3% גד 500 מ""ל","מיוצר ע""י קוד יצרן M",IL,גד משקה איירן בסגנון,גרמים,500.00,100 גרם,false,,7.30,1.4600,true,1,14402
7290004075231,false,סטייק דק דק פרמיום 300 גר' מחפוד.,עוף ירושלים מהדרין ב,IL,סטייק אנטריקוט דק דק,גרמים,300.00,100 גרם,false,,26.40,8.8000,true,1,283844
7290004078263,false,מקלות אוזניים פלסטיק 2* 200 יחידות,ספטונה,GR,צמרונים בקופסא זוג ב,יחידה,0.00,יחידה,false,,9.30,0.0000,true,1,21238
7290004078270,false,נוזל לניקוי כלים בריח לימון פלמוליב 1 ליטר,יבואן ומשווק: ש. שסט,GR,פלמוליב לכלים לימון-,יחידה,0.00,יחידה,false,,11.90,0.0000,true,1,21239
7290004078690,false,"אגקס נוזל לניקוי אסלות מרענן 750 מ""ל",הנסיך- מפעל לייצור ט,GR,אגקס כלורון נוזל לני,מיליליטרים,750.00,"100 מ""ל",false,,12.70,1.6933,true,1,21241
7290004078942,false,ליידי ספיד סטיק - דאודורנט ג'ל לאישה 65 גרם,קולגייט-פלמוליב,US,דיאודורנט ג'ל מרענן,גרמים,65.00,100 גרם,false,,15.30,23.5385,true,1,21242
7290004102326,false,תרד בקופסא יחידה,Unknown,,תרד לא שטוף,גרמים,180.00,100 גרם,false,,11.90,6.6111,true,1,35317
7290004119133,false,כד יוגורט תנובה 6.5% שומן 1.5 ליטר,מיוצר עי קונדיטוריית,IL,יוגורט כדים תנובה 7%,ליטרים,1.50,ליטר,false,,14.20,9.4667,true,1,25625
7290004119225,false,יופלה יוגורט אננס %3 גביע 150 גרם,תנובה מרכז שיתופי לש,IL,יופלה אננס 3% 150מל,גרמים,150.00,100 גרם,false,,4.40,2.9333,true,1,25626
7290004120061,false,מעדן חלב בטעם שוקו וניל שוניל 2% קרלו 125 גרם,תנובה מרכז שיתופי לש,IL,קרלו שוניל 3% 125מל,מיליליטרים,125.00,"100 מ""ל",false,,2.50,2.0000,true,1,25630
7290004120108,false,יופלה דיאט יוגורט דובדבן %0 גביע 150גרם,תנובה מרכז שיתופי לש,IL,יופלה דיאט דובדבן 0%,מיליליטרים,150.00,"100 מ""ל",false,,4.40,2.9333,true,1,25631
7290004120566,false,פיראוס 24% גבינה בולגרית 250 גרם,תנובה חלב,IL,פיראוס בולגרית 24% 2,גרמים,250.00,100 גרם,false,,18.70,7.4800,true,1,25638
7290004120573,false,פיראוס 16% גבינה בולגרית 250 גרם,תנובה מרכז שיתופי לש,IL,פיראוס בולגרית בקר 1,גרמים,250.00,100 גרם,false,,18.70,7.4800,true,1,25639
7290004120634,false,גבינה פיראוס בולגרית 5% 250 גרם,תנובה מרכז שיתופי לש,IL,פיראוס בולגרית 5% 25,גרמים,250.00,100 גרם,false,,18.70,7.4800,true,1,25640
7290004120832,false,"חלב 2 ליטר 3% כד ""תנובה""- מוצר בפיקוח",תנובה מרכז שיתופי לש,IL,"חלב תנובה טרי 3% בד""",ליטרים,2.00,ליטר,false,,10.65,5.3250,true,1,25642
7290004121488,false,יופלה דיאט אפרסק 0% גביע 150 גרם,תנובה מרכז שיתופי לש,IL,יופלה דיאט אפרסק 0%,מיליליטרים,150.00,"100 מ""ל",false,,4.40,2.9333,true,1,25643
7290004121525,false,יופלה מאגדת פרי 4 תות 4 אפרסק 3% 8 יח'*150 ג',תנובה מרכז שיתופי לש,IL,יופלה אפרסק תות 3% 8,קילוגרמים,1.20,"ק""ג",false,,26.90,22.4167,true,1,25644
7290004121853,false,גבינה בולגרית פיראוס 5% קוביות 200 גרם,תנובה מרכז שיתופי לש,IL,פיראוס בולגרית בקובי,גרמים,200.00,100 גרם,false,,16.20,8.1000,true,1,25647
7290004122119,false,פתיתי פרמזן לפסטה 23% השף הלבן 100 גרם,פ.פ.ח. שאביט,IL,שף לבן פתיתי פרמזן ל,גרמים,100.00,100 גרם,false,,9.40,9.4000,true,1,25649
7290004122195,false,גוש חלב גבינה צהובה פרוסה 28% תנובה 200 גרם,תנובה חלב,IL,גוש חלב פרוס 28% 200,גרמים,200.00,100 גרם,false,,12.10,6.0500,true,1,25650
7290004122270,false,עמק קלאסית פרוסות גבינה חצי קשה 28% 200 גרם,תנובה מרכז שיתופי לש,IL,עמק פרוס סגירה חוזרת,גרמים,200.00,100 גרם,false,,14.20,7.1000,true,1,25651
7290004122348,false,גבינת עמק לייט פרוס בקופסא 200 גרם,תנובה מרכז שיתופי לש,IL,עמק לייט 9% 200ג,גרמים,200.00,100 גרם,false,,15.00,7.5000,true,1,25652
7290004122683,false,עמק חטיף אצבעות גבינה חצי קשה 28% שומן,תנובה מרכז שיתופי לש,IL,עמק אצבעות 172ג,גרמים,172.00,100 גרם,false,,14.30,8.3140,true,1,25655
7290004124205,false,יופלה דיאט יוגורט תות %0 גביע 150 גרם,תנובה מרכז שיתופי לש,IL,יופלה דיאט תות 0% 15,מיליליטרים,150.00,"100 מ""ל",false,,4.40,2.9333,true,1,25663
7290004124847,false,"קצפת צמחית השף הלבן 500 מ""ל תנובה",תנובה מרכז שיתופי לש,IL,שף לבן קצפת צמחית 24,מיליליטרים,500.00,"100 מ""ל",false,,12.40,2.4800,true,1,25665
7290004125400,false,"אשל שלי מהדרין 200 מ""ל 4.5% ""תנובה""- מוצר בפיקוח",פארייפאבה אגרואינדוס,IL,"אשל 4.5% בד""צ מהדרין",מיליליטרים,200.00,"100 מ""ל",false,,1.44,0.7200,true,1,25668
7290004125417,false,"גיל 3% שלי 200 מ""ל ""תנובה"" -מוצר בפיקוח",תנובה מרכז שיתופי לש,IL,"גיל 3% בד""צ מהדרין",מיליליטרים,200.00,"100 מ""ל",false,,1.29,0.6450,true,1,25669
7290004125455,false,"שמנת חמוצה 200 מ""ל 15% ""תנובה"" -מוצר בפיקוח",תנובה מרכז שיתופי לש,IL,תנובה שמנת אורגינל מ,מיליליטרים,200.00,"100 מ""ל",false,,2.05,1.0250,true,1,25670
7290004125462,false,"שמנת חמוצה 15% תנובה 500 מ""ל מהדרין",תנובה מרכז שיתופי לש,IL,תנובה שמנת חמוצה 15%,מיליליטרים,500.00,"100 מ""ל",false,,5.13,1.0260,true,1,25671
7290004125509,false,"שמנת חמוצה 15% מועשרת תנובה 100 מ""ל",תנובה מרכז שיתופי לש,IL,תנובה שמנת חצי מנה 1,מיליליטרים,100.00,"100 מ""ל",false,,1.50,1.5000,true,1,25672
7290004125578,false,משקה סויה מעושר בסידן תנובה 1ל',תנובה מרכז שיתופי לש,IL,משקה סויה תנובה מועש,ליטרים,1.00,ליטר,false,,8.90,8.9000,true,1,25673
7290004125585,false,משקה סויה בטעם וניל תנובה 1 ליטר,תנובה מרכז שיתופי לש,IL,סויה תנובה משקה סויה,ליטרים,1.00,ליטר,false,,8.90,8.9000,true,1,25674
7290004125721,false,"השף הלבן שמנת עמידה לבישול 15% תנובה 250 מ""ל",תנובה מרכז שיתופי לש,IL,שף לבן שמנת לבישול 1,מיליליטרים,250.00,"100 מ""ל",false,,7.30,2.9200,true,1,25676
7290004125738,false,שמנת מתוקה להקצפה32% 250מל עמיד השף הלבן,תנובה מרכז שיתופי לש,IL,שף לבן שמנת להקצפה 3,מיליליטרים,250.00,"100 מ""ל",false,,5.80,2.3200,true,1,25677
7290004125776,false,גבינה צהובה עמק 28% 400 גרם בקופסא,תנובה חלב,IL,עמק גבינה קשה פרוסה,גרמים,400.00,100 גרם,false,,25.20,6.3000,true,1,25678
7290004126872,false,משקאות חלב תנובה שוקו בקבוק 250מל,תנובה חלב,IL,משקאות חלב תנובה שוק,מיליליטרים,250.00,"100 מ""ל",false,,5.00,2.0000,true,1,25683
7290004127329,false,קוטג תנובה גביע 250 גרם %5 ו.מהדרין,מיוצר עי קונדיטוריית,IL,קוטג' 5% תנובה מהדרי,גרמים,250.00,100 גרם,false,,4.80,1.9200,true,1,25685
7290004127336,false,קוטג תנובה גביע 250 גרם %9 ו.מהדרין,מיוצר עי קונדיטוריית,IL,קוטג' תנובה מהדרין 9,גרמים,250.00,100 גרם,false,,4.80,1.9200,true,1,25686
7290004127800,false,"גבינה לבנה 500 גרם 5% ""תנובה"" -מוצר בפיקוח",מיוצר עי קונדיטוריית,IL,תנובה גבינה לבנה 5%,גרמים,500.00,100 גרם,false,,8.51,1.7020,true,1,25688
7290004127817,false,גבינה לבנה 9% שומן 500 ג' תנובה,מיוצר עי קונדיטוריית,IL,תנובה גבינה לבנה 9%,גרמים,500.00,100 גרם,false,,7.90,1.5800,true,1,25689
7290004127862,false,"גבינה לבנה 750 גרם 5% ""תנובה"" - מוצר בפיקוח",תנובה מרכז שיתופי לש,IL,תנובה גבינה למריחה מ,גרמים,750.00,100 גרם,false,,12.74,1.6987,true,1,25690
7290004128333,false,לאבנה על בסיס יוגורט %9 שומן 500 ג' פיראוס,תנובה חלב,IL,פיראוס לאבנה גביע %9,גרמים,500.00,100 גרם,false,,17.00,3.4000,true,1,25693
7290004128340,false,קרם גבינת שמנת %5 בטעם טבעי 200 ג' תנובה,תנובה חלב,IL,תנובה קרם גבינת שמנת,גרמים,200.00,100 גרם,false,,9.80,4.9000,true,1,25694
7290004128432,false,פתיתים מיוחדים לפיצה על בסיס גבינה 500 ג',תנובה חלב,IL,שף לבן פתיתי גבינה מ,גרמים,500.00,100 גרם,false,,18.80,3.7600,true,1,25696
7290004129101,false,גבינת שמנת 25% בטעם טבעי 225 ג' נפוליאון,תנובה מרכז שיתופי לש,IL,נפוליאון בטעם טבעי 2,גרמים,225.00,100 גרם,false,,12.40,5.5111,true,1,25697
7290004129156,false,גבינת שמנת25% עם שום שמיר 225 ג' נפוליאון,תנובה מרכז שיתופי לש,IL,נפוליאון שום שמיר 25,גרמים,225.00,100 גרם,false,,12.40,5.5111,true,1,25699
7290004129736,false,יוגורט במתיקות מעודנת 1.5% שומן 200 ג' יופלה,תנובה מרכז שיתופי לש,IL,יופלה קרם יוגרט מעוד,מיליליטרים,200.00,"100 מ""ל",false,,3.80,1.9000,true,1,25702
7290004129767,false,"3% 'יופלה לבן מארז שמינייה 1.2 ק""ג",מחלבת אלון תבור,IL,יופלה לבן מאגדת 3% 8,קילוגרמים,1.20,"ק""ג",false,,15.00,12.5000,true,1,25703
7290004130794,false,משקה סויה במתיקות מופחתת תנובה 1 ליטר,תנובה מרכז שיתופי לש,IL,סויה תנובה טבעי במתי,ליטרים,1.00,ליטר,false,,9.00,9.0000,true,1,25706
7290004130916,false,יוגורט יופלה פירות יער בשמנת 3% 150 גרם,תנובה מרכז שיתופי לש,IL,יופלה בטעם פירות יער,גרמים,150.00,100 גרם,false,,4.40,2.9333,true,1,25707
7290004131074,false,"חלב 1 ליטר 3% קרטון ""תנובה""- מוצר בפיקוח",תנובה מרכז שיתופי לש,IL,חלב תנובה הומוגני מה,ליטרים,1.00,ליטר,false,,5.32,5.3200,true,1,25709
7290004131814,false,גבינה צפתית 5% מעודנת 200 ג' פיראוס,פארייפאבה אגרואינדוס,IL,פיראוס צפתית מעודנת,גרמים,200.00,100 גרם,false,,12.50,6.2500,true,1,25717
7290004132552,false,משקה סויה בטעם טבעי לייט תנובה 1 ליטר,תנובה מרכז שיתופי לש,IL,סויה תנובה לייט בטעם,ליטרים,1.00,ליטר,false,,9.00,9.0000,true,1,25724
7290004132712,false,חטיף אצבעות גבינת מוצרלה 20% 172 ג' עמק,תנובה מרכז שיתופי לש,IL,עמק אצבעות מוצרלה 20,גרמים,174.00,100 גרם,false,,14.30,8.2184,true,1,25726
7290004133511,false,יופלה מאגדת לבן 1.5% מעודן 8 יח' * 150 ג',מיוצר עי קונדיטוריית,IL,יופלה לבן מעודן 1.5%,ליטרים,1.20,ליטר,false,,17.10,14.2500,true,1,25731
7290004135058,false,שמיניית קרלו מיני שוקולד 100 גרם מהדרין,תנובה מרכז שיתופי לש,IL,קרלו מהדרין מיני שוק,מיליליטרים,800.00,"100 מ""ל",false,,11.90,1.4875,true,1,25738
7290004135225,false,מעדן חלב דל קלוריות בטעם שוקולד 0.2שומ,תנובה מרכז שיתופי לש,IL,מעדן תנובה דיאט שוקו,מיליליטרים,150.00,"100 מ""ל",false,,3.30,2.2000,true,1,25741
7290004135614,false,גבינה בולגרית מעודנת 5% פיראוס 250 גרם,תנובה חלב,IL,פיראוס בולגרית מעודנ,גרמים,250.00,100 גרם,false,,17.90,7.1600,true,1,25743
7290004136598,false,מארז הפסקת אוכל עם קורנפלקס ומשקה חלב עמיד בטעם וניל,פארייפאבה אגרואינדוס,IL,מארז הפסקת אוכל חלב,גרמים,150.00,100 גרם,false,,8.10,5.4000,true,1,25750
7290004136857,false,מעדן גלי פטל תנובה 125 גרם,תנובה מרכז שיתופי לש,IL,ג'לי תנובה פטל 125מל,מיליליטרים,125.00,"100 מ""ל",false,,2.10,1.6800,true,1,25751
7290004136864,false,מעדן ג'לי בטעם אננס עם חתיכות תנובה 125 גרם,תנובה חלב,IL,ג'לי תנובה אננס עם ח,מיליליטרים,125.00,"100 מ""ל",false,,2.50,2.0000,true,1,25752
7290004136871,false,מעדן ג'לי בטעם אפרסק עם חתיכות תנובה 125 גרם,תנובה מרכז שיתופי לש,IL,ג'לי תנובה אפרסק עם,מיליליטרים,125.00,"100 מ""ל",false,,2.50,2.0000,true,1,25753
7290004137021,false,"שמנת עמידה לבישול מופחת שומן 10% השף הלבן 250 מ""ל",תנובה מרכז שיתופי לש,IL,שף לבן שמנת לבישול 1,מיליליטרים,250.00,"100 מ""ל",false,,7.20,2.8800,true,1,25755
7290004137311,false,עמק לייט משפחתית 9% 400ג-ועדת מהדרין,תנובה חלב,IL,עמק לייט משפחתית 9%,גרמים,400.00,100 גרם,false,,26.90,6.7250,true,1,25756
7290004137809,false,פיראוס לאבנה 5% גביע 250 גרם,"תנובה, מחלבת אלון תב",IL,פיראוס לאבנה 5% 250ג,גרמים,250.00,100 גרם,false,,10.20,4.0800,true,1,25757
7290004165017,false,"רסק תפו""ע 600 גרם טבעי ללא סוכר יכין","זנלכל בע""\מ",IL,"רסק תפו""ע סוכר יכין",גרמים,560.00,100 גרם,false,,7.60,1.3571,true,1,8710
7290004199777,false,צימרוני אוזניים פלסטיק בכוס 300 יחידות אינטרסאן,כוטון סופט,,צימרוני אוזניים כוטו,יחידה,0.00,יחידה,false,,5.90,0.0000,true,1,897
7290004199807,false,כפפות L לטקס עם איבוק עדין 100 יח- SAFE TOUCH,סייף טאצ,TH,כפפות לאטקס סייף טאצ,יחידה,0.00,יחידה,false,,19.60,0.0000,true,1,67373
7290004200244,false,שקית פרסים,,,פרסים רמה 3,יחידה,0.00,יחידה,false,,8.10,0.0000,true,1,31990
7290004225285,false,גבינה בסגנון דנאבלו 100 ג',האי נאם סי או אל.טי.,DK,סגנון דנאבלו 100 גרם,גרמים,100.00,100 גרם,false,,8.50,8.5000,true,1,16807
7290004230081,false,קציצות עוף ברוטב עגבניות שגב 800 גרם,"טיבון ויל אחזקות בע""\מ",IL,שגב קציצות עוף ברוטב,גרמים,800.00,100 גרם,false,,21.30,2.6625,true,1,16819
7290004230333,false,"מקלות בורקס פילו תפו""א שגב 600 גר",שלושת האופים שגמור,IL,שגב מקלות בורקס פילו,גרמים,600.00,100 גרם,false,,17.00,2.8333,true,1,16828
7290004230340,false,מקלות בורקס פילו תרד ובצל שגב 600 ג,שלושת האופים שגמור,IL,שגב מקלות בורקס פילו,גרמים,600.00,100 גרם,false,,17.00,2.8333,true,1,16829
7290004255558,false,נרות שבת אורה מספר 2,מנורה,IL,נרות שבת 20 יח' - או,יחידה,0.00,יחידה,false,,2.50,0.0000,true,1,184642
7290004323882,false,טחון הודו אדום מתובל,"טיבון ויל אחזקות בע""\מ",IL,טחון הודו אדום 500 ג,גרמים,500.00,100 גרם,false,,11.10,2.2200,true,1,16848
7290004324605,false,גבינה מותכת למריחה בטעם רוקפור 7% מון בלאן 120 ג',האי נאם סי או אל.טי.,IL,מון בלאן רוקפור 7% 1,גרמים,120.00,100 גרם,false,,9.40,7.8333,true,1,16850
7290004324858,false,קבב כבש טיבון ויל 500 גרם,"טיבון ויל אחזקות בע""",IL,קבב כבש 500 גרם,גרמים,500.00,100 גרם,false,,15.30,3.0600,true,1,16851
7290004537241,false,אפונת גינה שדה בשקית,בסט מייסטר,IL,אפונת גינה קפואה 800,גרמים,800.00,100 גרם,false,,11.90,1.4875,true,1,51100
7290004537258,false,אפונה וגזר 800 גר שד,,,אפונה וגזר 800 גר שד,גרמים,800.00,100 גרם,false,,11.90,1.4875,true,1,51101
7290004537265,false,אפונה עדינה קפואה 60,,,אפונה עדינה קפואה 60,גרמים,600.00,100 גרם,false,,12.70,2.1167,true,1,51102
7290004537326,false,לקט ירקות מעורבים קפ,,,לקט ירקות העונה 800,גרמים,800.00,100 גרם,false,,11.90,1.4875,true,1,51107
7290004537333,false,חומוס גרגירים 800 גר,,,חומוס גרגירים 800 גר,גרמים,800.00,100 גרם,false,,11.90,1.4875,true,1,51108
7290004537340,false,גזר גמדי 800גרם שדה,,,גזר גמדי 800גרם שדה,גרמים,800.00,100 גרם,false,,11.90,1.4875,true,1,51109
7290004584306,false,רבעיית גמדים בטעם תות בננה * 100 ג' שטראוס,מיוצר עי קונדיטוריית,IL,גמדים תות בננה 4*100,מיליליטרים,400.00,"100 מ""ל",false,,9.50,2.3750,true,1,23060
7290004584351,false,גבינה לבנה סימפוניה עם תוספות 200 ג' חמישית 200,"שטראוס בריאות בע""\מ",IL,סימפוניה חמישית 200ג,גרמים,200.00,100 גרם,false,,9.80,4.9000,true,1,23061
7290004584528,false,יוגורט דנונה ביו לבן 1.7% שומן 200 גרם,מיוצר עי קונדיטוריית,IL,דנונה יוגורט טבעי 1.,מיליליטרים,200.00,"100 מ""ל",false,,3.20,1.6000,true,1,23062
7290004585907,false,דני ועדן וניל 1.5% 125ג' שטראוס,מיוצר עי קונדיטוריית,IL,דני וניל מהדרין 130מ,מיליליטרים,130.00,"100 מ""ל",false,,2.50,1.9231,true,1,23063
7290004603175,false,מלח הים האדום גס מלח הארץ 500 גרם,"חברת מלח הארץ אילת בע""\מ",IL,מלח ים האדום גס הארץ,גרמים,500.00,100 גרם,false,,6.80,1.3600,true,1,24415
7290004658946,false,"יין P.C שרדונה כרמל 750 מ""ל","כד בני דרום בע""מ",IL,יין P.C שרדונה לבן,מיליליטרים,750.00,"100 מ""ל",false,,34.10,4.5467,true,1,508
7290004658960,false,יין אמרלד ריזלינג פרייבט קולקשן יקבי כרמל,אגודת הכורמים הקואופרטיב,IL,יין P.C אמרלד ריזל,מיליליטרים,750.00,"100 מ""ל",false,,34.10,4.5467,true,1,510
7290004731472,false,"שלישיית אלסבון צבעוני כיף 500 מ""ל",טרופיקל דגיל תעשיות,IL,שלישיית אלסבון צבעונ,ליטרים,1.50,ליטר,false,,17.00,11.3333,true,1,29646
7290004731519,false,"מקסימה מרכך ומבשם כביסה למייבש סנסיטיב סנו 750 מ""ל",סנו מקסימה,IL,סנו מקסימה למייבש סנ,מיליליטרים,750.00,"100 מ""ל",false,,15.30,2.0400,true,1,29647
7290004731564,false,"מקסימה מבשם ומרכך למייבש הכביסה בלו בלוסום 750 מ""ל",סנו מקסימה,IL,סנו מקסימה מבשם ומרכ,מיליליטרים,750.00,"100 מ""ל",false,,15.30,2.0400,true,1,29649
7290004762056,false,שקדי מרק חטיפים מן ה,,IL,שקדי מרק חטיפים מן ה,גרמים,400.00,100 גרם,false,,8.50,2.1250,true,1,591424
7290004762070,false,פתיתים אפויים אורז 500 גרם דוידוביץ,,,פתיתים אפויים אורז ד,גרמים,500.00,100 גרם,false,,5.90,1.1800,true,1,621330
7290004872021,false,קרחון רמזור כלפ 48*80גר,גלידות נסטלה )נגה גלידות,IL,קרחון רמזור,יחידה,0.00,יחידה,false,,2.10,0.0000,true,1,15863
7290004872250,false,שלגון שרבט אבטיח נסטלה 108 גרם,גלידות נסטלה )נגה גלידות,IL,אבטיח שרבט,גרמים,540.00,100 גרם,false,,4.20,0.7778,true,1,15868
7290005008184,false,"סבון נוזלי בניחוח חלב שקדים פלמוליב 500 מ""ל",הנסיך- מפעל לייצור ט,TR,סבון נוזלי חלב שקדים,מיליליטרים,500.00,"100 מ""ל",false,,13.60,2.7200,true,1,21245
7290005008191,false,"סבון נוזלי ארומה בניחוח לבנדר פטצ'ולי וילנג ילנג פלמוליב 500 מ""ל",הנסיך- מפעל לייצור ט,TR,סבון נוזלי ארומה סגו,מיליליטרים,500.00,"100 מ""ל",false,,13.60,2.7200,true,1,21246
7290005008481,false,ספיד סטיק - דאודורנט ג'ל לגבר ספורט 85 גרם,הנסיך- מפעל לייצור ט,US,דאודורנט ג'ל ספורט ס,גרמים,85.00,100 גרם,false,,16.20,19.0588,true,1,21247
7290005020162,false,וויסקי סקוטי בלנטייס פיינסט 700 מל,פרנו,LK,וויסקי בלנטיין 700 מ,מיליליטרים,700.00,"100 מ""ל",false,,72.70,10.3857,true,1,33544
7290005041402,false,שיפודי שווארמה פרגיות 600 גרם,מעדני הטלה והעגל,IL,שיפודי שוארמה פרגית,גרמים,600.00,100 גרם,false,,47.80,7.9667,true,1,283998
7290005095061,false,נר נשמה בפחית 26 שעות,HQP,IL,נר נשמה 26 שעות שקד,גרמים,68.00,100 גרם,false,,1.90,2.7941,true,1,210035
7290005174513,false,סלט חצילים במיונז אחלה 500 גרם,מיוצר עי קונדיטוריית,IL,חציל במיונז אחלה 500,גרמים,500.00,100 גרם,false,,12.70,2.5400,true,1,23064
7290005174551,false,סלט חומוס עם צנוברים 125 ג' אחלה,מיוצר עי קונדיטוריית,IL,אחלה חומוס 125ג,גרמים,125.00,100 גרם,false,,4.20,3.3600,true,1,23065
7290005197758,false,"עוגיות חיוכים שוקולד עלית 150 גרם בד""צ",אפיפית נצרת תעשיות ב,IL,חיוכים של שוקו,גרמים,150.00,100 גרם,false,,4.20,2.8000,true,1,22003
7290005200786,false,תפוצ'יפס בטעם שמנת בצל עלית 50 גרם,"שטראוס פריטו ליי בע""\מ )",IL,תפוציפס שמנת ובצל 50,גרמים,50.00,100 גרם,false,,3.30,6.6000,true,1,23924
7290005201882,false,קפה טורקי בצלופן עלית 200 גרם,הנסיך- מפעל לייצור ט,IL,טורקי עלית 200 גר',גרמים,200.00,100 גרם,false,,13.60,6.8000,true,1,22014
7290005287206,false,רביעיית טונה בשמן סטארקיסט 160 גרם,"סטארקיסט פודור בע""מ",VN,טונה בשמן סטארקיסט ר,גרמים,640.00,100 גרם,false,,21.30,3.3281,true,1,26419
7290005287213,false,"רביעיית טונה בשמן סטארקיסט 160 גרם בד""צ",סטארקיסט,IL,טונה בשמן סטארקיסט ב,גרמים,640.00,100 גרם,false,,21.30,3.3281,true,1,26420
7290005287251,false,רביעיית טונה במים סטארקיסט 160 גרם,"סטארקיסט פודור בע""מ",VN,טונה במים סטארקיסט ר,גרמים,640.00,100 גרם,false,,21.30,3.3281,true,1,26422
7290005287930,false,"טונה סטארקיסט רבעיות מים בד""ץ 112 גר-עדה",סטארקיסט,IL,טונה במים סטארקיסט ב,גרמים,640.00,100 גרם,false,,21.30,3.3281,true,1,26441
7290005296246,false,"פותח סתימות דריין אאוט 946 מ""ל יעקבי",יוליניבר,US,יעקבי פותח סתימות אק,מיליליטרים,946.00,"100 מ""ל",false,,23.00,2.4313,true,1,11301
7290005326585,false,ממרח אוליביה פסטו בזיליקום 180 ג',"אוליביה גורמה בע""מ",IL,אוליביה פסטו בזיליקו,גרמים,180.00,100 גרם,false,,11.10,6.1667,true,1,25763
7290005403972,false,תחתיות ארטישוק 400 ג,,,תחתיות ארטישוק 400 ג,גרמים,400.00,100 גרם,false,,14.10,3.5250,true,1,51113
7290005403989,false,במיה קפואה 600 גרם שדה בשקית,,,במיה קפואה 600 גרם ש,גרמים,600.00,100 גרם,false,,10.20,1.7000,true,1,51114
7290005423567,false,מטליות ניקוי רב שימושיות בגליל סנו סושי 40 יחידות,אסותא תעשיות אלבד בע,IL,סנו סושי מטלית לכל 3,יחידה,0.00,יחידה,false,,17.10,0.0000,true,1,29675
7290005423635,false,ריצפז נוזל רצפות דוחה תיקנים סנו 2 ליטר,מיוצר עי קונדיטוריית,IL,נוזל לניקוי רצפות דו,ליטרים,2.00,ליטר,false,,18.70,9.3500,true,1,29676
7290005423734,false,מרכך כביסה מרוכז אולטרא פרש סנו מקסימה 4 ליטר,"סנו מפעלי ברונוס בע""\מ",IL,מרכך כביסה סנו מקסימ,ליטרים,4.00,ליטר,false,,19.60,4.9000,true,1,29677
7290005423888,false,"אל סבון נוזלי מעורב כיף 3*500 מ""ל",טרופיקל דגיל תעשיות,IL,שלישיית אלסבון מעורב,ליטרים,1.50,ליטר,false,,17.00,11.3333,true,1,29680
7290005423918,false,סנו - מקסימה מרכך כביסה היפואלרגני אלוורה 4 ליטר,"סנו מפעלי ברונוס בע""\מ",IL,מרכך כביסה סנו מקסימ,ליטרים,4.00,ליטר,false,,20.40,5.1000,true,1,29681
7290005424113,false,מטליות רצפה סנו סושי 4 יחידות,סנו סושי,IL,סנו סושי מטליות רצפה,יחידה,0.00,יחידה,false,,11.00,0.0000,true,1,29683
7290005424311,false,"קוטל חרקים רב קוטל K סנו 500 מ""ל",מיוצר עי קונדיטוריית,IL,סנו K רב קוטל,מיליליטרים,475.00,"100 מ""ל",false,,17.00,3.5789,true,1,29685
7290005424762,false,ריצפז פלוס ווקס נוזל להברקת רצפות דוחה תיקנים סנו 2 ליטר,"סנו מפעלי ברונוס בע""\מ",IL,ריצפז פלוס ווקס דוחה,ליטרים,2.00,ליטר,false,,24.70,12.3500,true,1,29694
7290005424991,false,סנו פרש אוטומטיק בהתזה קצובה ניחוח בייבי פאודר,סנו מפעלי ברונוס בעמ,IL,סנו פרש אוטומטיק בהת,גרמים,165.00,100 גרם,false,,11.90,7.2121,true,1,29700
7290005425110,false,"חיטוי משטחים 99.9% מתז מחטא ומשמיד 750 מ""ל","סנו מפעלי ברונוס בע""\מ",IL,מתז מחטא ומשמיד 99.9,מיליליטרים,750.00,"100 מ""ל",false,,11.00,1.4667,true,1,29705
7290005425127,false,"חיטוי משטחים 99.9% מתז לשומנים ואבנית 750 מ""ל","סנו מפעלי ברונוס בע""\מ",IL,מתז 99.9% מנקה שומני,מיליליטרים,750.00,"100 מ""ל",false,,11.00,1.4667,true,1,284029
7290005425202,false,אבקת כביסה ביו מקסימה לכתמים קשים,"סנו מפעלי ברונוס בע""\מ",IL,אבקת כביסה סנו מקסימ,קילוגרמים,2.50,"ק""ג",false,,23.00,9.2000,true,1,29707
7290005426940,false,"סנו K-300 מדביר חרקים 475 מ""ל",טרופיקל דגיל תעשיות,IL,סנו 300 K פלוס 8,מיליליטרים,400.00,"100 מ""ל",false,,16.20,4.0500,true,1,29739
7290005426971,false,סנובון סבון לאסלה תפוח כחול סנו 3 יחידות,סנו מפעלי ברונו בעמ,IL,סנובון כחול שלישיה ב,גרמים,165.00,100 גרם,false,,14.40,8.7273,true,1,29741
7290005427633,false,"כיף גל לשיער לשיער חזק במיוחד 1 ק""ג",קוסמופארם,IL,ג'ל לשיער לשיער חזק,קילוגרמים,1.00,"ק""ג",false,,17.00,17.0000,true,1,29759
7290005428845,false,מפיות סנו סופט 33*33 100 יחידות,"חי מוצרי נייר בע""מ",IL,סנו סופט מפיות 33*33,יחידה,0.00,יחידה,false,,6.80,0.0000,true,1,29773
7290005429279,false,סנו מקסימה קומפקט קומפקט אפקט גאוול 6 ק,סנו מפעלי ברונוס בעמ,IL,אבקת כביסה סנו מקסימ,קילוגרמים,6.00,"ק""ג",false,,42.60,7.1000,true,1,29781
7290005430602,false,"סנו אוקסיג'ן ספריי להסרת כתמים עם חמצן פעיל 750 מ""ל","סנו מפעלי ברונוס בע""",IL,סנו אוקסיג'ן מסיר כת,מיליליטרים,750.00,"100 מ""ל",false,,15.30,2.0400,true,1,29786
7290005430671,false,פוליויקס נוזל לניקוי קרמיקה סנו 2 ליטר,סנו מפעלי ברונו בעמ,IL,סנו פוליווקס קרמיקה,ליטרים,2.00,ליטר,false,,17.90,8.9500,true,1,29789
7290005431883,false,מלבי חלבי עדן קינוחים 165 גרם,עדן קינוחים Eden,IL,עדן מלבי חלבי 165 גר,גרמים,165.00,100 גרם,false,,6.20,3.7576,true,1,25774
7290005431906,false,קדאיף עדן קינוחים 82 גרם,עדן קינוחים Eden,IL,עדן קדאיף 82 גרם,גרמים,82.00,100 גרם,false,,6.20,7.5610,true,1,25776
7290005431913,false,עוגת גבינה פירורים עדן קינוחים 92 גרם,עדן קינוחים Eden,IL,קינוחי עדן עוגת גבינ,גרמים,92.00,100 גרם,false,,6.20,6.7391,true,1,25777
7290005431920,false,עוגת גבינה פירורים לייט עדן קינוחים 78 גרם,עדן קינוחים Eden,IL,עדן עוגת גבינה פירור,גרמים,78.00,100 גרם,false,,6.20,7.9487,true,1,25778
7290005431937,false,טירמיסו עדן קינוחים 82 גרם,עדן קינוחים Eden,IL,עדן טירמיסו 82 גרם,גרמים,82.00,100 גרם,false,,6.20,7.5610,true,1,25779
7290005559709,false,בורקס פיצה מעדנות 700 גרם,"מעדנות בע""\מ",IL,בורקס פיצה 700 גרם,גרמים,700.00,100 גרם,false,,21.30,3.0429,true,1,35381
7290005559907,false,פיצה משפחתית 100% גבינה מעדנות 500 גרם,מיוצר עי קונדיטוריית,IL,פיצה משפחתית גבינה 5,גרמים,500.00,100 גרם,false,,17.10,3.4200,true,1,35384
7290005559914,false,פיצה משפחתית עם 100% גבינה בתוספת זיתים מעדנות 550 גרם,מיוצר עי קונדיטוריית,IL,פיצה משפחתית זיתים 5,גרמים,550.00,100 גרם,false,,17.00,3.0909,true,1,35385
7290005559990,false,בצק פילאס תורכי מעדנות 600 גרם,מיוצר עי קונדיטוריית,IL,בצק פילאס תורכי מעדנ,גרמים,600.00,100 גרם,false,,17.00,2.8333,true,1,35389
7290005591761,false,דבש טהור מפרחי בר בלחיץ 400 ג' יד מרדכי,מכוורת יד מרדכי שטראוס ב,IL,דבש טהור מפרחי בר בל,גרמים,400.00,100 גרם,false,,17.90,4.4750,true,1,22015
7290005610127,false,תפוח אדמה גורמה דוד משה,אראל תוצרת חקלאית בע,IL,תפו`א גורמה לבן דוד,קילוגרמים,1.00,"ק""ג",true,,6.90,6.9000,true,1,50488
7290005610196,false,תפוח אדמה לבןבייבי גורמה,אראל תוצרת חקלאית בע,IL,תפו`א בייבי גורמה,קילוגרמים,1.00,"ק""ג",true,,6.90,6.9000,true,1,50489
7290005719080,true,לחמניית פרנה עגולה א,,,לחמניית פרנה עגולה א,יח',1.00,יח',false,,4.40,4.4000,true,1,2699
7290005719189,false,לחם מחמצת שיפון אגוז,,,לחם מחמצת שיפון אגו,יח',1.00,יח',false,,15.30,15.3000,true,1,2700
7290005803628,false,קרחון מלון - צבע מאכל טבעי,גלידות נסטלה )נגה גלידות,IL,קרחון מלון - צבע מאכ,יחידה,0.00,יחידה,false,,2.10,0.0000,true,1,15873
7290005838002,false,מעדן גבינה ויוגורט בטעם וניל 88 ג' דניאלה,"שטראוס בריאות בע""מ",IL,דניאלה מעדן גבינה 15,מיליליטרים,150.00,"100 מ""ל",false,,3.50,2.3333,true,1,23069
7290005838613,false,"סקי וניל בודד 125 גרם ""שטראוס""","שטראוס בריאות בע""\מ",IL,גבינה וניל 3% סקי 12,גרמים,125.00,100 גרם,false,,3.30,2.6400,true,1,23070
7290005839078,false,שמיניית יוגורט לבן 3% ביו דנונה 150 גרם,מיוצר עי קונדיטוריית,IL,דנונה ביו מארז חסכון,קילוגרמים,1.20,"ק""ג",false,,14.40,12.0000,true,1,23072
7290005839108,false,גבינה לבנה סימפוניה עם תוספות 200 ג'+זיתים 5%,"שטראוס בריאות בע""\מ",IL,סימפוניה עם זיתים 5%,גרמים,200.00,100 גרם,false,,9.80,4.9000,true,1,23073
7290005839313,false,"מילקי טופ מגולגלת שטראוס 170 מ""ל",מיוצר עי קונדיטוריית,IL,מילקי טופ מגולגלת 14,מיליליטרים,142.00,"100 מ""ל",false,,4.20,2.9577,true,1,23074
7290005896439,false,"בירה מכבי, בקבוק חוזר 500 מ''ל","טמפו משקאות בע""מ",IL,מכבי בקבוק חוזר 500,מיליליטרים,500.00,"100 מ""ל",false,,5.02,1.0040,true,1,9396
7290005896453,false,"בירה מכבי 7.9%, בירה חזקה, בקבוק חוזר 500 מ''ל",טמפו משקאות בע''מ,IL,בירה מכבי 7.9 בקבוק,מיליליטרים,500.00,"100 מ""ל",false,,7.22,1.4440,true,1,9397
7290005896637,false,סאן בנדטו - מים מינרלים טבעיים מהאלפים 1.5 ליטר,אקווה מינרלה סאן בנדטו ב,IT,סאן בנדטו 1.5 ליטר,ליטרים,1.50,ליטר,false,,3.90,2.6000,true,1,9400
7290005901348,false,קבב כבש מעדני המנגל,,,קבב כבש מעדני המנגל,גרמים,400.00,100 גרם,false,,11.10,2.7750,true,1,51115
7290005901362,false,קבב רומני מעדני המנג,,,קבב רומני מעדני המנג,גרמים,400.00,100 גרם,false,,11.10,2.7750,true,1,51117
7290005901379,false,המבורגר מעדני המנגל,,,המבורגר מעדני המנגל,גרמים,400.00,100 גרם,false,,11.10,2.7750,true,1,51118
7290005901386,false,קבב טלה וצנובר טעים,,,קבב טלה וצנובר טעים,גרמים,500.00,100 גרם,false,,24.70,4.9400,true,1,51119
7290005901416,false,קבב הבית טעים טעים א,,,קבב הבית טעים טעים א,גרמים,500.00,100 גרם,false,,24.70,4.9400,true,1,51122
7290005901423,false,קבב קציצות ביתי טעים,,,קבב קציצות ביתי טעים,גרמים,500.00,100 גרם,false,,24.70,4.9400,true,1,51123
7290005901430,false,המבורגר מסעדות טעים,,,המבורגר מסעדות טעים,גרמים,480.00,100 גרם,false,,21.30,4.4375,true,1,51124
7290005901447,false,"""טעים טעים"" שווארמה",,,"""טעים טעים"" שווארמה",גרמים,300.00,100 גרם,false,,23.00,7.6667,true,1,51125
7290005901454,false,סטייק מינוט טעים טעי,,,סטייק מינוט טעים טעי,גרמים,300.00,100 גרם,false,,30.70,10.2333,true,1,51126
7290005938238,false,ממרח צ'ימצ'ורי פרסקו 220ג' מצונן,"פרסקו חצבה 2006 בע""מ",IL,פרסקו ממרח מצונן צ'י,גרמים,220.00,100 גרם,false,,15.30,6.9545,true,1,16858
7290005966088,false,"יין הר חרמון אדום עברית 750 מ""ל",יקבי רמת הגולן קצרין,IL,יקבי רמת הגולן הר חר,מיליליטרים,750.00,"100 מ""ל",false,,30.70,4.0933,true,1,41178
7290005992018,false,"יוגורט עיזים לשתיה 3% מחלבות גד 500 מ""ל","מיוצר ע""\י קוד יצרן MKN",IL,גד יוגורט עיזים 3% 5,מיליליטרים,500.00,"100 מ""ל",false,,11.80,2.3600,true,1,14408
7290005992575,false,גבינה בולגרית למריחה 5% גד 250 גרם,מחלבות גד בעמ,IL,גד בולגרית למריחה 5%,גרמים,250.00,100 גרם,false,,14.50,5.8000,true,1,14411
7290005996221,false,פסטרמה של פעם דקדק יחיעם 120 גרם,מעדני יחיעם,IL,פסטרמה של פעם דק דק,גרמים,120.00,100 גרם,false,,9.40,7.8333,true,1,71362
7290005996238,false,פסטרמה בדבש דק דק 120 גרם,מעדני יחיעם,IL,פסטרמה בדבש דק דק יח,גרמים,120.00,100 גרם,false,,9.40,7.8333,true,1,71363
7290006185952,false,מגבונים לחים להסרת איפור פנינה רוזנבלום 30 יחידות,דן מור חומרי טבע וכי,IL,מגבון איפור פנינה רו,יחידה,0.00,יחידה,false,,6.80,0.0000,true,1,17904
7290006229427,false,סן בנדטו - מים מינרלים - מארז שישיית 500 מל,קריות זול,IT,"סאן בנדטו 6*500 מ""ל",ליטרים,3.00,ליטר,false,,10.50,3.5000,true,1,9413
7290006229588,false,בירה איגל לאגר פרימיום חזקה 6.3% 500 מל,"טמפו משקאות בע""מ",IL,איגל בירה פחית זהב 5,מיליליטרים,500.00,"100 מ""ל",false,,5.10,1.0200,true,1,9414
7290006241191,false,אגוזי מלך קליית גת 150 גר,הדקלאים אגודת שיתופי,US,אגוזי מלך 150 גרם קל,גרמים,150.00,100 גרם,false,,15.00,10.0000,true,1,12801
7290006241504,false,"משקה תפוזים קפוא פריגת 340 מ""ל",פריגת מצוננים,IL,קפוא תפוזים 340 גרם,גרמים,340.00,100 גרם,false,,11.90,3.5000,true,1,6393
7290006251107,false,תה צ'אי מסאלה ויסוצקי 25 יחידות,מולינו ניקולי s.p.a,IL,תה מסאלה ויסוצקי 2/2,גרמים,50.00,100 גרם,false,,16.20,32.4000,true,1,24416
7290006251275,false,תה ירוק סיני קלאסי ויסוצקי 25 יחידות,תה ויסוצקי,IL,תה ירוק סיני,גרמים,37.50,100 גרם,false,,20.40,54.4000,true,1,24418
7290006256089,false,"יין אדום קברנה סוביניון גאטו נגרו 750 מ""ל",פינקה לה סליה,AR,גאטו נגרו קברנה סובי,מיליליטרים,750.00,"100 מ""ל",false,,34.20,4.5600,true,1,345823
7290006256102,false,"יין אדום מרלו גאטו נגרו 750 מ""ל",פינקה לה סליה,AR,גאטו נגרו מרלו 750 מ,מיליליטרים,750.00,"100 מ""ל",false,,34.20,4.5600,true,1,7410
7290006256775,false,"יין גאטו נגרו מלבק 750 מ""ל",פינקה לה סליה,AR,גאטו נגרו מלבק 750 מ,מיליליטרים,750.00,"100 מ""ל",false,,34.20,4.5600,true,1,415503
7290006265548,false,נבטים סינים מרינה ארוז 360ג',"מרינה פטריות הגליל בע""מ",IL,נבטים סינים,יח',1.00,יח',false,,6.90,6.9000,true,1,41089
7290006265890,false,נבטי גרעיני חמניה יח,"מרינה פטריות הגליל בע""מ",IL,נבטי חמניה יח,יח',1.00,יח',false,,8.90,8.9000,true,1,35318
7290006271174,false,ג'חנון לאפיה בתנור מעדנות 700 גרם,מיוצר עי קונדיטוריית,IL,גחנון לאפיה בתנור מע,גרמים,700.00,100 גרם,false,,14.50,2.0714,true,1,35390
7290006271181,false,ג'חנון אפוי למיקרוגל מעדנות 750 גרם,מיוצר עי קונדיטוריית,IL,מעדנות גחנון אפוי 75,גרמים,750.00,100 גרם,false,,18.70,2.4933,true,1,35391
7290006271655,false,מיני בורקס גבינה מעדנות 800 גרם,מיוצר עי קונדיטוריית,IL,מיני בורקס גבינה 800,גרמים,800.00,100 גרם,false,,17.10,2.1375,true,1,35396
7290006272072,false,חטיפי פיצה גבינה מעדנות 650 גרם,"מעדנות בע""\מ",IL,חטיפי פיצה מעדנות 65,גרמים,650.00,100 גרם,false,,25.60,3.9385,true,1,35399
7290006272430,false,בצק עלים חמאה מעדנות 600 גרם,מיוצר עי קונדיטוריית,IL,בצק עלים חמאה 600 גר,גרמים,600.00,100 גרם,false,,24.70,4.1167,true,1,35401
7290006306302,false,רביולי במילוי גבינות פרמזן ריקוטה 400 ג' פסטה נונה,דורום תעשיות מזון ופסטה,IL,פסטה נונה ריביולי פר,גרמים,400.00,100 גרם,false,,22.10,5.5250,true,1,14421
7290006306319,false,רביולי במילוי בטטה 400 ג' פסטה נונה,דורום תעשיות מזון ופסטה,IL,פסטה נונה פסטה נונה,גרמים,400.00,100 גרם,false,,22.10,5.5250,true,1,14422
7290006342065,false,בוטנים קלויים ששון הקולה 200 גרם,,,בוטנים קלויים 200 ג,גרמים,200.00,100 גרם,false,,7.70,3.8500,true,1,4627
7290006342515,false,מנצ'ס ששון הקולה 200 גרם,"דין שיווק וקלייה בע""",,מנציס 200 גרם,גרמים,200.00,100 גרם,false,,6.80,3.4000,true,1,4633
7290006342560,false,בוטן אמריקאי 200 גרם ששון הקולה,"דין שיווק וקלייה בע""",IL,בוטן אמריקאי 200 גרם,גרמים,200.00,100 גרם,false,,6.80,3.4000,true,1,4635
7290006342645,false,טורטיה גדולה שקדיה 840 גרם 12 יחידות,אלקטי קוראבייכיסיגיד,TR,טורטייה 840 גרם,גרמים,840.00,100 גרם,false,,12.80,1.5238,true,1,4638
7290006374738,false,קונפיטורית תות 340 גר' יד מרדכי,אף.סי תבליני בגליל ב,IL,קונפיטורת תות יד מור,גרמים,340.00,100 גרם,false,,10.20,3.0000,true,1,22022
7290006449955,false,מלפפון בייבי מארז,"מרינה פטריות הגליל בע""מ",IL,מלפפון בייבי,יח',1.00,יח',false,,8.90,8.9000,true,1,184414
7290006459527,false,נרות חנוכה לוקס לא נוטפים 45 יח,,CN,נרות חנוכה לוקס שקד,גרמים,330.00,100 גרם,false,,5.10,1.5455,true,1,621223
7290006492432,false,גבינת מוצרלה בייבי 18% גד 150 גרם,מחלבות גד בעמ,IL,גד בייבי מוצרלה 150ג,גרמים,170.00,100 גרם,false,,12.70,7.4706,true,1,14429
7290006492630,false,גבינת פרומעז עיזים 22% גד 180 גרם,מחלבות גד בעמ,IL,גד גבינת גליל גד עזי,גרמים,180.00,100 גרם,false,,20.90,11.6111,true,1,14431
7290006492685,false,גבינת לאבנה 5% מחלב עזים גד 250 גרם,מחלבות גד בעמ,IL,גד לאבנה עזים 3% 250,גרמים,250.00,100 גרם,false,,15.80,6.3200,true,1,14433
7290006492852,false,גבינת עיזים למריחה 5% שומן 250 ג' גד,גבינות מדף,IL,גד גבינת עיזים למריח,גרמים,250.00,100 גרם,false,,15.20,6.0800,true,1,14434
7290006494917,false,טוסו וופל קלאסי במילוי שוקולד 200 גרם,"איטיליאן פוד, אס.פי.",IL,טוסו וופל טעם שוקולד,גרמים,180.00,100 גרם,false,,9.00,5.0000,true,1,5813
7290006511157,false,"פטריות שלמות ויליפוד 400 גרם בד""ץ",אוקצ'מפס אס.איי אויי,PL,פטריות שלמות שמפיניו,גרמים,230.00,100 גרם,false,,5.90,2.5652,true,1,2906
7290006511751,false,פטריות שמפניון חתוך ויליפוד 290X3 ג' בד”צ,לוטס,NL,פטריות חתוכות ויליפו,גרמים,870.00,100 גרם,false,,10.20,1.1724,true,1,2909
7290006567048,false,פתיתי קוסקוס ישראלי אסם 350 גרם,"מיוצר ע""י קוד יצרן K",IL,קוסקוס ישראלי בשקית,גרמים,350.00,100 גרם,false,,6.80,1.9429,true,1,18471
7290006618078,false,"מרסס לניקוי יסודי מטבח אסטוניש 750 מ""ל",יעקובי אסטוניש,GB,אסטוניש מרסס ניקוי צ,מיליליטרים,750.00,"100 מ""ל",false,,11.10,1.4800,true,1,11311
7290006618146,false,"מדליק פחמים נוזלי הפי יעקבי 500 מ""ל",תות תעשיות מזון (201,NL,הפי-מדליק פחמים 500,מיליליטרים,500.00,"100 מ""ל",false,,11.90,2.3800,true,1,11314
7290006651730,false,"ד""ר פישר - אלכוג'ל מגבונים לשמירת היגייניית הידיים 20 יח'","ד""ר פישר Dr fischer",IL,20 אלכוויפס מגבונים,יחידה,0.00,יחידה,false,,13.60,0.0000,true,1,28873
7290006652027,false,במבה חטיף בוטנים אסם 20*15 גרם,מיוצר עי קונדיטוריית,IL,במבה יום הולדת מאח.1,גרמים,300.00,100 גרם,false,,20.40,6.8000,true,1,18476
7290006653819,false,פתיתי קוסקוס דק 350 גרם,"מיוצר ע""י קוד יצרן K",IL,קוסקוס דק בשקית אסם,גרמים,350.00,100 גרם,false,,6.80,1.9429,true,1,18479
7290006664037,false,גמדים דגנים ארוחת בוקר מארז 100X4ג',"שטראוס בריאות בע""\מ",IL,גמדים ארוחת בוקר 4*1,מיליליטרים,400.00,"100 מ""ל",false,,9.50,2.3750,true,1,23077
7290006664051,false,"אקטימל לבן 1.51 ק""ג מארז 14 יחידות",מיוצר עי קונדיטוריית,IL,אקטימל טבעי 14*100מל,ליטרים,1.40,ליטר,false,,25.60,18.2857,true,1,23078
7290006664310,false,גבינה לבנה 3% שומן 250 ג' שטראוס,מיוצר עי קונדיטוריית,IL,גבינה 3% סקי 250 גרם,גרמים,250.00,100 גרם,false,,4.20,1.6800,true,1,23081
7290006664402,false,גבינה לבנה סקי 5% שומן 750 גרם,מיוצר עי קונדיטוריית,IL,שטראוס גבינה 5% 750ג,גרמים,750.00,100 גרם,false,,11.03,1.4707,true,1,23082
7290006664532,false,יוגורט עם תות 3% שומן 150 ג' דנונה,מיוצר עי קונדיטוריית,IL,דנונה תות 3% 150מל,גרמים,150.00,100 גרם,false,,3.30,2.2000,true,1,23083
7290006664655,false,"אקטימל לבן טבעי מארז 100X8 מ""ל",מיוצר עי קונדיטוריית,IL,אקטימל טבעי 8*100מל,מיליליטרים,800.00,"100 מ""ל",false,,17.00,2.1250,true,1,23085
7290006664693,false,יוגורט עם אפרסק 3% שומן 150 ג' דנונה,מיוצר עי קונדיטוריית,IL,דנונה אפרסק 3% 150מל,גרמים,150.00,100 גרם,false,,3.30,2.2000,true,1,23086
7290006664990,false,"יוגורט דנונה ביו לבן 1.7% שומן 8*150 מ""ל",מיוצר עי קונדיטוריית,IL,דנונה ביו מארז חיסכו,קילוגרמים,1.20,"ק""ג",false,,14.40,12.0000,true,1,23088
7290006681577,false,מאגדת קרחון אסקימו לימון דובדובן 10 יח' שטראוס,"מיוצר ע""\י גלידת שטראוס",IL,קרחון אסקימו 2+8,גרמים,700.00,100 גרם,false,,13.60,1.9429,true,1,4267
7290006681843,false,"מארז מיני שלגונים אפרסק לייט ""שטראוס""","גלידת שטראוס בע""\מ, רחוב",IL,מאגדת לייט מיני פרי,גרמים,300.00,100 גרם,false,,20.40,6.8000,true,1,4268
7290006704016,false,בזיליקום ארוז יחידה,,,בזיליקום ארוז יחידה,יח',1.00,יח',false,,5.90,5.9000,true,1,35319
7290006704047,false,רוזמרין,,,רוזמרין,יח',1.00,יח',false,,5.90,5.9000,true,1,41092
7290006704078,false,אורגנו,,,אורגנו,יח',1.00,יח',false,,5.90,5.9000,true,1,41093
7290006704092,false,מרווה יחידה,,,מרווה יחידה,יח',1.00,יח',false,,5.90,5.9000,true,1,41094
7290006704108,false,קורנית /טימין יח',,,קורנית /טימין יח',יח',1.00,יח',false,,5.90,5.9000,true,1,41095
7290006704511,false,"תפו""א גמדי אדום למיקרו מרינה 750ג'","מרינה פטריות הגליל בע""מ",IL,תפוא ננסי מיקרוגל,גרמים,750.00,100 גרם,false,,6.90,0.9200,true,1,35322
7290006704733,false,אספרגוס ארוז,מרינה,IL,אספרגוס ארוז,יח',1.00,יח',false,,31.90,31.9000,true,1,41098
7290006712981,false,"משחת שיניים קולגייט ספיידרמן מגיל שש 50 מ""ל",הנסיך- מפעל לייצור ט,PL,מ.שיניים סמיילס לגיל,מיליליטרים,50.00,"100 מ""ל",false,,10.20,20.4000,true,1,21253
7290006730374,false,טרופית קש בודד ע.חרדית,,,טרופית קש בודד ע.חרד,מיליליטרים,200.00,"100 מ""ל",false,,1.30,0.6500,true,1,20130
7290006739346,false,נקניקיות פרגיות טרי 400 גרם זוגלובק,נקניק נהריה כשר זוגל,IL,נקניקיות פרגיות טרי,גרמים,400.00,100 גרם,false,,11.90,2.9750,true,1,38544
7290006739414,false,נקניק סלמי קוניאק זוגלובק 300 גרם,נקניק נהריה כשר זוגל,IL,סלמי קוניאק זוגלובק,גרמים,300.00,100 גרם,false,,23.00,7.6667,true,1,38547
7290006739421,false,נקניק סלמי מעושן איטלקי זוגלובק 300 גרם,נקניק נהריה כשר זוגל,IL,סלמי מעושן איטלקי ז,גרמים,300.00,100 גרם,false,,23.00,7.6667,true,1,38548
7290006739445,false,שניצל תירס קלאסי 750 ג' זוגלובק,נקניק נהריה כשר זוגל,IL,שניצל תירס קלאסי 750,גרמים,750.00,100 גרם,false,,18.80,2.5067,true,1,38549
7290006739544,false,נקניק כתף בקר 3% 300 גרם,זוגלובק,IL,כתף בקר זוגלובק 300,גרמים,300.00,100 גרם,false,,25.60,8.5333,true,1,38550
7290006741363,false,בורקס תפוחי אדמה זוגלובק 800 גרם,מאפיית אריאל וגידרון,IL,"זוגלובק בורקס תפו""א",גרמים,800.00,100 גרם,false,,11.90,1.4875,true,1,38562
7290006742278,false,פסטרמה הודו צלויה על לבנים 330 ג' זוגלובק,נקניק נהריה כשר זוגל,IL,פסטרממיה צלויה על לב,גרמים,330.00,100 גרם,false,,23.80,7.2121,true,1,38571
7290006753922,false,נקניקיות מיני צ'וריס,מעדני הטלה והעגל,IL,נקניקיות מיני צ'וריס,גרמים,500.00,100 גרם,false,,27.30,5.4600,true,1,494216
7290006764065,false,בירה נשר מאלט ללא אלכוהול 500 מל,"טמפו משקאות בע""\ם.",IL,נשר מאלט בקבוק פקדון,מיליליטרים,500.00,"100 מ""ל",false,,4.22,0.8440,true,1,9416
7290006764072,false,"בירה גולדסטאר בקבוק 500 מ""ל חוזר","טמפו משקאות בע""\מ",IL,גולדסטאר בירה בק חוז,מיליליטרים,500.00,"100 מ""ל",false,,6.72,1.3440,true,1,9417
7290006764096,false,"בירה איגל 500 מ""ל 3.8% בקבוק חוזר","טמפו משקאות בע""\מ",IL,בירה איגל בקבוק 500,מיליליטרים,500.00,"100 מ""ל",false,,4.72,0.9440,true,1,9418
7290006764270,false,סודה בנגיעות אשכולית,טמפו משקאות בע''מn\,IL,סודה בנגיעות אשכולית,ליטרים,6.00,ליטר,false,,10.00,1.6667,true,1,540304
7290006764485,false,"בירה שחורה נשר מאלט שישייה ח""פ 330*6 מ''ל","טמפו משקאות בע""\ם.",IL,נשר מאלט 6*330מל,ליטרים,1.98,ליטר,false,,27.50,13.8889,true,1,9425
7290006765000,false,טורטיה מקמח מלא שקדיה 540 גרם,אלקטי קוראבייכיסיגיד,TR,8 טורטיות חיטה מלאה,גרמים,540.00,100 גרם,false,,8.50,1.5741,true,1,4646
7290006784483,false,"PURE מבשם אוויר ניחוח חופשה בסנט מוריץ 400 מ""ל",קומפלקס כימיקלים,TR,"מבשם אוויר 400 מ""ל נ",מיליליטרים,400.00,"100 מ""ל",false,,8.47,2.1175,true,1,244681
7290006784865,false,סנט מוריץ לניקוי משטחי מטבחים מרוכז ועוצמתי 1ל',קומפלקס כימיקלים בעמ,IL,ניקוי משטחי מטבח סנט,ליטרים,1.00,ליטר,false,,10.20,10.2000,true,1,19900
7290006788429,false,"קרליין - נושם סאן רייס דאודורנט רול און לאישה כתום 75 מ""ל","אמיליה קוסמטיקס בע""מ",IL,דאו' רולאון נושם סאנ,גרמים,75.00,100 גרם,false,,11.00,14.6667,true,1,29818
7290006788436,false,"קרליין - נושם פיור דאודורנט רול און לאישה ורוד 75 מ""ל",משווק: קוסמופארם בעמ,IL,דאו' רולאון נושם פיו,גרמים,75.00,100 גרם,false,,11.00,14.6667,true,1,29819
7290006788498,false,"קרליין - נושם פיור דאודורנט ספריי לאישה ורוד 200 מ""ל",מיוצר עי : אמיליה קוסמטי,IL,דאו' תרסיס נושם ורוד,מיליליטרים,200.00,"100 מ""ל",false,,11.00,5.5000,true,1,29825
7290006788504,false,"קרליין - נושם אוקסיג'ן דאודורנט ספריי לאישה סגול 200 מ""ל",מיוצר עי : אמיליה קוסמטי,IL,דאו' תרסיס נושם סגול,מיליליטרים,200.00,"100 מ""ל",false,,11.00,5.5000,true,1,29826
7290006789655,false,"קרם לחות לסירוק קל לשיער מתולתל ומקורזל 10 קרליין 400 מ""ל",מיוצר עי : אמיליה קוסמטי,IL,קרם לחות לבניית תלתל,מיליליטרים,400.00,"100 מ""ל",false,,12.70,3.1750,true,1,29836
7290006804877,false,פיתה ביס פילסברי 1/,פילסברי,,פיתלה 10 יח',יח',1.00,יח',false,,10.20,10.2000,true,1,51719
7290006804907,false,פיתה אסלית אפויה קפואה (חמישיות),פילסברי,,פיתות אסלי 5 יח',גרמים,500.00,100 גרם,false,,6.80,1.3600,true,1,51720
7290006806048,false,עוגת פרסבורגר גבינה,פילסברי,,פרסבורגר גבינה,יח',1.00,יח',false,,23.00,23.0000,true,1,51721
7290006806055,false,עוגת פרסבורגר פרג 50,פילסברי,,פרסבורגר פרג,יח',1.00,יח',false,,23.00,23.0000,true,1,51722
7290006822192,false,נקטר דיאט חמוציות אושן ספריי פריגת 1 ליטר,מבשלות בירה בינלאומיות ב,IL,אושן ספרי דיאט חמוצי,ליטרים,1.00,ליטר,false,,10.20,10.2000,true,1,6968
7290006855244,false,ברבריא חטיף אגוזים שקדים וצימוקים 30*4,טבעית מוצרים מן הטבע בעמ,IL,ברבריא חטיף שקדים צי,גרמים,120.00,100 גרם,false,,12.80,10.6667,true,1,24757
7290006866363,false,מיץ סחוט אשכוליות אדומות פרימור 1 ליטר,"גניר (1992) בע""מ",IL,פרימור מיץ אשכולית א,ליטרים,1.00,ליטר,false,,13.60,13.6000,true,1,23089
7290006908384,false,פיסטוק חלבי 150 גר' פיצוחי חמהה,בוטנת,,פיסטוק חלבי 150 גרם,גרמים,150.00,100 גרם,false,,15.30,10.2000,true,1,1478
7290006908391,false,קאשיו קלוי 150 גר' פיצוחי חממה,בוטנת,,קשיו קלוי 150 גר` פי,גרמים,150.00,100 גרם,false,,15.30,10.2000,true,1,1479
7290006983176,false,אוסם - לחמית שיפון 250 גרם,"אסם השקעות בע""\מ",IL,לחמית שיפון אסם 250,גרמים,230.00,100 גרם,false,,7.60,3.3043,true,1,18483
7290006983763,false,עוגת הבית שוקולד 400 גרם אסם.,מיוצר עי קונדיטוריית,IL,עוגת הבית שוקולד 400,גרמים,400.00,100 גרם,false,,10.20,2.5500,true,1,18487
7290006983770,false,עוגת הבית שיש אסם 400 גרם,מיוצר עי קונדיטוריית,IL,עוגת הבית שיש 400גר,גרמים,400.00,100 גרם,false,,10.20,2.5500,true,1,18488
7290006983787,false,עוגת הבית שוקולד צ'יפס אסם 400 גרם,מיוצר עי קונדיטוריית,IL,עוגת הבית שוקוציפס 4,גרמים,400.00,100 גרם,false,,10.20,2.5500,true,1,18489
7290006983794,false,עוגת הבית בטעם תפוז אסם 400 גרם,מיוצר עי קונדיטוריית,IL,עוגת הבית תפוז 400גר,גרמים,400.00,100 גרם,false,,10.20,2.5500,true,1,18490
7290006992161,false,מטרנה - דייסת קורנפלור פרוביוטי 200 גרם,מולינו ניקולי s.p.a,IL,מטרנה דייסת קורנפלור,גרמים,200.00,100 גרם,false,,11.50,5.7500,true,1,18492
7290006992185,false,"מטרנה - דייסת אורז פרוביוטי כשל""פ 200 גרם",מולינו ניקולי s.p.a,IL,מטרנה דייסת אורז פרו,גרמים,200.00,100 גרם,false,,11.50,5.7500,true,1,18493
7290006992192,false,דייסה מטרנה סולת פרוביוטיקה,מטרנה תעשיות ש.מ,IL,מטרנה דייסת סולת פרו,גרמים,200.00,100 גרם,false,,11.50,5.7500,true,1,18494
7290006992208,false,מטרנה דייסת 8 דגנים מעורבים 200 גרם,מטרנה תעשיות ש.מ,IL,מטרנה דייסת דגנים פר,גרמים,200.00,100 גרם,false,,11.50,5.7500,true,1,18495
7290006992390,false,"מטרנה - דייסת וניל פרוביוטי כשל""פ 200 גרם",מולינו ניקולי s.p.a,IL,מטרנה דייסת וניל פרו,גרמים,200.00,100 גרם,false,,11.50,5.7500,true,1,18496
7290008000246,false,"פמינה - שטיפה אינטימית מועשר באלוורה 220 מ""ל",פמינה,IL,סבון שטיפה מועשר באל,מיליליטרים,220.00,"100 מ""ל",false,,19.60,8.9091,true,1,3828
7290008101318,false,קריספ פירורי לחם זהוב 300 גרם מיימונס,א.ל ייצור ושיווק תבל,IL,פירורי לחם זהוב קלאס,גרמים,300.00,100 גרם,false,,5.90,1.9667,true,1,484854
7290008104050,false,"שטיפת אינטימית לקטופיל פמינה 220 מ""ל",כצט נוביס סעמ,IL,סבון שטיפה אינטימית,מיליליטרים,220.00,"100 מ""ל",false,,20.40,9.2727,true,1,3839
7290008116541,false,"שטיפת פה ליסטרין קול מינט 500 מ""ל",ג'\ונסון אנד ג'\ונסון,IT,מי פה ליסטרין בטעם מ,מיליליטרים,500.00,"100 מ""ל",false,,19.60,3.9200,true,1,29239
7290008116565,false,ליסטרין שטיפת פה פרש 500 מל,ג'\ונסון אנד ג'\ונסון,IT,מי פה פרש ליסטרין 50,מיליליטרים,500.00,"100 מ""ל",false,,19.60,3.9200,true,1,29241
7290008154222,false,שניצלונים עוף טוב 700 גרם,"מוצרי עוף טוב (2001) בע""",IL,שניצלונים עוף טוב 70,גרמים,700.00,100 גרם,false,,17.10,2.4429,true,1,19535
7290008175210,false,גבינת פרמזן מגורדת 90ג' ויליפוד,זנטי אס.איי.,IT,וילי פוד פרמזן מגורד,גרמים,90.00,100 גרם,false,,12.80,14.2222,true,1,2911
7290008268288,true,מארז תפוח קריפס פינק,,,מארז תפוח קריפס פינק,גרמים,900.00,100 גרם,false,,12.90,1.4333,true,1,633304
7290008268301,false,אוכמניות יחידה,בראשית,IL,אוכמניות,גרמים,120.00,100 גרם,false,,14.90,12.4167,true,1,47397
7290008268455,false,קיווי ישראלי בראשית,בראשית,IL,קיווי ארוז בראשית,יח',1.00,יח',false,,11.90,11.9000,true,1,262356
7290008333115,false,אבקת ג'לטין טהור נטו 28 גרם,מאיר עזרא ובניו,IL,.ג'לטין טהור 28 גר,גרמים,28.00,100 גרם,false,,8.50,30.3571,true,1,16868
7290008343466,false,בצק פילו 500 גרם שלושת האופים,שלושת האופים שגמור,IL,בצק פילו 500 גרם,גרמים,500.00,100 גרם,false,,17.00,3.4000,true,1,16879
7290008343558,false,"סיגרים בשר שלושת האופים 1 ק""ג","שלושת האופים בע""\מ",IL,סיגרים בשר 1 ק`ג שלו,קילוגרמים,1.00,"ק""ג",false,,14.90,14.9000,true,1,16883
7290008343572,false,"אגרול סיני 1 ק""ג שלושת האופים","שלושת האופים בע""\מ",IL,אגרול סיני 1 ק`ג שלו,קילוגרמים,1.00,"ק""ג",false,,14.50,14.5000,true,1,16885
7290008343602,false,"קובה בשר 1 ק""ג שלושת האופים","שלושת האופים בע""\מ",IL,קובה בשר 1 ק`ג שלושת,קילוגרמים,1.00,"ק""ג",false,,14.90,14.9000,true,1,16886
7290008343619,false,"פסטלים תפו""א שלושת האופים 1 ק""ג","שלושת האופים בע""\מ",IL,פסטלים תפו`א שלושת ה,קילוגרמים,1.00,"ק""ג",false,,14.90,14.9000,true,1,16887
7290008343626,false,"כדורי פלאפל 1 ק""ג שלושת האופים","שלושת האופים בע""\מ",IL,כדורי פלאפל 1 ק`ג של,קילוגרמים,1.00,"ק""ג",false,,17.10,17.1000,true,1,16888
7290008344258,false,המבורגר מזרחי טיבון ויל 400 גרם,"טיבון ויל אחזקות בע""\מ",IL,המבורגר מזרחי 400 ג',גרמים,400.00,100 גרם,false,,15.30,3.8250,true,1,16893
7290008344272,false,המבורגר 100% טיבון ויל 400 גרם,טיבון ויל אחזקות בעמ,IL,המבורגר 100% 400 ג'-,גרמים,400.00,100 גרם,false,,15.30,3.8250,true,1,16895
7290008345118,false,דלידג מקרל בשמן 240 גרם,מיוצר על ידי קוד יצר,IL,מקרל בשמן דלידג 240,גרמים,240.00,100 גרם,false,,21.30,8.8750,true,1,16896
7290008347211,false,אצבעות דג מצופות דלידג 700 גרם,אף.סי תבליני בגליל ב,IL,דלידג אצבעות דג 700,גרמים,700.00,100 גרם,false,,17.00,2.4286,true,1,16901
7290008409100,false,אצבעות שניצל בציפוי שומשום מאמא עוף 700 גרם,תנובה גליל שותפות מוגבלת,IL,אצבעות שניצל ציפוי ש,גרמים,700.00,100 גרם,false,,26.40,3.7714,true,1,25312
7290008409124,false,מאמא עוף קפוא שניצל ג'ונגל פריך 700 גרם,תנובה גליל שותפות מוגבלת,IL,מאמא עוף קפוא שניצל,גרמים,700.00,100 גרם,false,,26.40,3.7714,true,1,25313
7290008409216,false,מאמא עוף קפוא שניצל דק פריך 700 גרם,תנובה גליל,IL,מאמא עוף קפוא שניצל,גרמים,700.00,100 גרם,false,,30.70,4.3857,true,1,25314
7290008409315,false,שניצלונים בציפוי פריך מיני מיני דק מאמא עוף 500 גרם,תנובה גליל,IL,מאמא עוף מיני דק שני,גרמים,500.00,100 גרם,false,,21.30,4.2600,true,1,25318
7290008409582,false,שניצל עוף אמיתי בציפוי ביתי מאמא עוף 700 גרם,תנובה גליל שותפות מוגבלת,IL,שניצל אמיתי בציפוי ב,גרמים,700.00,100 גרם,false,,29.90,4.2714,true,1,25333
7290008443616,false,"מרכך לשיער יבש אדום נקה 7 750 מ""ל","אמיליה קוסמטיקס בע""מ",IL,מרכך לשיער יבש אדום,מיליליטרים,750.00,"100 מ""ל",false,,10.20,1.3600,true,1,29848
7290008461221,false,סרדינים רוברט בשמן חמניות 115 גרם,"רמירז, מטוסינוס",PT,סרדינים רוברט שמן חמ,גרמים,115.00,100 גרם,false,,5.90,5.1304,true,1,16905
7290008461238,false,"סרדינים בשמן חמניות ופלפל חריף רוברט 84 גרם, 115 גרם","רמירז, מטוסינוס",PT,סרדינים רוברט בשמן ח,גרמים,115.00,100 גרם,false,,5.90,5.1304,true,1,16906
7290008462204,false,חרדל דיז'ון מקורי נטו מאי 380 גרם,יוניליבר צרפת,FR,חרדל דיזון מקורי 380,גרמים,380.00,100 גרם,false,,15.30,4.0263,true,1,16908
7290008462259,false,חרדל דיז'ון גרגירים מיילי 380 גרם,יוניליוור צרפת,FR,חרדל דיזון חריף גרגי,גרמים,380.00,100 גרם,false,,14.40,3.7895,true,1,16909
7290008464024,false,"בירה גולדסטאר Unfiltered, בירה לא מסוננת, פחית 500 מ""ל","טמפו משקאות בע""מ",IL,גולדסטאר לא מסונן פח,מיליליטרים,500.00,"100 מ""ל",false,,7.70,1.5400,true,1,9434
7290008464130,false,"בירה גולדסטאר Unfiltered, בירה לא מסוננת, מארז שישייה, בקבוק 330 מ""ל",טמפו,IL,גולדסטאר לא מסונן 6*,ליטרים,1.98,ליטר,false,,31.80,16.0606,true,1,9436
7290008464222,false,"בירה מכבי 7.9%, בירה חזקה, פחית 500 מ""ל","טמפו משקאות בע""\מ",IL,מכבי 7.9 פחית 500 מל,מיליליטרים,500.00,"100 מ""ל",false,,6.80,1.3600,true,1,9437
7290008464468,false,"בירה גולדסטאר, פחית 500 מ""ל","טמפו משקות בע""\מ",IL,"גולדסטאר פחית 500מ""ל",מיליליטרים,500.00,"100 מ""ל",false,,6.80,1.3600,true,1,9448
7290008464475,false,"בירה מכבי, פחית 500 מ""ל","טמפו משקאות בע""\מ",IL,"מכבי פחית 500מ""ל",מיליליטרים,500.00,"100 מ""ל",false,,5.90,1.1800,true,1,9449
7290008464604,false,"בירה הייניקן פחית 500 מ""ל",טמפו משקאות בע''מ,NL,הייניקן בירה פח 500מ,מיליליטרים,500.00,"100 מ""ל",false,,10.70,2.1400,true,1,9457
7290008464611,false,"הסודה של טמפו, מי סודה בגיזוז חזק, 275 מל",טמפו משקאות בעמ,IL,"מי סודה טמפו 275 מ""ל",מיליליטרים,275.00,"100 מ""ל",false,,3.00,1.0909,true,1,9458
7290008464673,false,"בירה גולדסטאר SLOWBREW פחית 10%, 500 מ""ל","טמפו משקאות בע""\מ",IL,גולדסטאר SLOWBREW 10,מיליליטרים,500.00,"100 מ""ל",false,,7.70,1.5400,true,1,9459
7290008464697,false,"בירה מכבי 7.9%, בירה חזקה, מארז שישייה, בקבוק 330 מ""ל",טמפו,IL,מכבי 7.9% בקבוק 6* 3,ליטרים,1.98,ליטר,false,,32.70,16.5152,true,1,9461
7290008464703,false,"שישיית בירה מכבי בקבוק 330 מ""ל",טמפו משקאות בע''מ,IL,בירה מכבי מארז 6 *33,ליטרים,1.98,ליטר,false,,30.10,15.2020,true,1,9462
7290008464741,false,"בירה גולדסטאר, מארז שישייה, בקבוק 330 מ''ל","טמפו משקאות בע""\מ",IL,"גולדסטאר ח""פ בקבוק 6",ליטרים,1.98,ליטר,false,,32.70,16.5152,true,1,9464
7290008464796,false,"בירה היינקן, מארז שישייה, בקבוק 330 מ''ל",טמפו משקאות בע''מ,IL,"הייניקן בקבוק ח""פ 6*",ליטרים,1.98,ליטר,false,,33.50,16.9192,true,1,9467
7290008470759,false,מסטיק אורביט סטיקס ספירמינט שמינייה,אורביט,FR,אורביט סטיקס ספירמינ,יחידה,0.00,יחידה,false,,12.00,0.0000,true,1,20532
7290008500005,false,תערובת להכנת עוגת בראוניז ללא גלוטן פלסברי,פילסברי,IL,תערובת להכנת בראוניז,גרמים,415.00,100 גרם,false,,17.10,4.1205,true,1,205557
7290008500128,false,עוגת שמרים פרימיום ש,ב- פילסברי (ג'נל מיל,IL,עוגת שמרים טעם שוקול,גרמים,500.00,100 גרם,false,,22.20,4.4400,true,1,138839
7290008500142,false,עוגת שמרים פרימיום ת,ב- פילסברי (ג'נל מיל,IL,"עוגת שמרים טעם תפו""ע",גרמים,480.00,100 גרם,false,,22.20,4.6250,true,1,213962
7290008500166,false,עוגת שמרים פרימיום פ,ב- פילסברי (ג'נל מיל,IL,עוגת שמרים טעם פרג 5,גרמים,520.00,100 גרם,false,,22.20,4.2692,true,1,138842
7290008634045,false,"פלסטר שקוף 30 יחידות ""SUNNY PLASTER""",A.U. In,CN,סאני פלסטר שקוף 30י,יחידה,0.00,יחידה,false,,5.90,0.0000,true,1,898
7290008636018,false,כפתורי שוקולד שמינייה מיה 240 גרם,מיה תעשיות מזון בעמ,IL,1/8 כפתורי שוקולד 30,גרמים,30.00,100 גרם,false,,8.50,28.3333,true,1,14771
7290008636933,false,אגוזי מלך גרוסים מיה 100 גרם,מיה תעשיות מזון מ.ת.מ. ב,IL,אגוז מלך גרוסים 100,גרמים,100.00,100 גרם,false,,9.40,9.4000,true,1,14787
7290008636995,false,גרעיני דלעת קלופים מיה 100 גרם,מיה תעשיות מזון מ.ת.מ. ב,IL,מיה גרעיני דלעת קלופ,גרמים,100.00,100 גרם,false,,5.90,5.9000,true,1,14793
7290008639095,false,פחזניות וניל פסים קפולסקי 280 גר',קפולסקי שיווק וקמעונ,IL,פחזניות וניל 280גרם,גרמים,280.00,100 גרם,false,,25.60,9.1429,true,1,39507
7290008644112,false,סלט מטבוחה יום יום אחלה 125 גרם,"שטראוס גרופ בע""\מ",IL,אחלה מטבוחה 125ג,גרמים,125.00,100 גרם,false,,4.20,3.3600,true,1,23090
7290008644235,false,עלי בייבי שטראוס 120 גרם,שטראוס בריאות ירקות טריי,IL,עלי בייבי 120 ג ירקו,גרמים,120.00,100 גרם,false,,9.90,8.2500,true,1,23091
7290008644945,false,לקט לסלט המושבה שטראוס 450 גרם,שטראוס בריאות ירקות טריי,IL,סלט המושבה 450 ג ירק,גרמים,450.00,100 גרם,false,,9.40,2.0889,true,1,23093
7290008670142,false,"יין רקנאטי יסמין אדום 750 מ""ל",יקב רקאנטי,IL,רקנאטי יסמין אדום 75,מיליליטרים,750.00,"100 מ""ל",false,,32.40,4.3200,true,1,41191
7290008690713,false,נקטר חמוציות אושן ספריי פריגת 1 ליטר,מבשלות בירה בינלאומיות ב,IL,אושן ספרי חמוציות 1ל,ליטרים,1.00,ליטר,false,,10.20,10.2000,true,1,6989
7290008693134,false,מעדן גבינה ויוגורט בטעם תות 5% שומן 88 ג' דניאלה,"שטראוס בריאות בע""מ",IL,דניאלה תות מעדן גבינ,מיליליטרים,150.00,"100 מ""ל",false,,3.50,2.3333,true,1,23095
7290008713900,false,לחם שיפון עגול פרוס אנג'ל 750 גרם,מאפיית אנג'\ל אורנים מאפ,IL,לחם שיפון עגול אנגל,גרמים,750.00,100 גרם,false,,11.90,1.5867,true,1,35232
7290008713917,false,לחם שיפון כהה פרוס מאפיית אחדות 750 גרם,מאפיית שלמה א. אנג'\ל בע,IL,לחם שיפון כהה אנגל 7,גרמים,750.00,100 גרם,false,,11.90,1.5867,true,1,35233
7290008739955,false,נרות שולחן/חמסה ריחנ,,,נר LOVE,יחידה,0.00,יחידה,false,,10.00,0.0000,true,1,14043
7290008745239,false,תפוצ'יפס קראנצ' בטעם טבעי עלית 50 גרם,"שטראוס פריטו ליי בע""\מ )",IL,תפוציפס קראנץ טבעי 5,גרמים,50.00,100 גרם,false,,3.30,6.6000,true,1,23926
7290008747547,false,תפוצ'יפס קראנץ' בטעם טבעי עלית 200 גרם,"שטראוס פריטו ליי בע""\מ )",IL,תפוציפס קראנץ טבעי 2,גרמים,200.00,100 גרם,false,,8.50,4.2500,true,1,23928
7290008752244,false,תפוצ'יפס קראנץ' בטעם גריל עלית 50 גרם,"שטראוס פריטו ליי בע""\מ )",IL,תפוציפס קראנץ גריל 5,גרמים,50.00,100 גרם,false,,3.30,6.6000,true,1,23930
7290008753111,false,תפוצ'יפס קראנץ' בטעם מקסיקני עלית 50 גרם,"שטראוס פריטו ליי בע""\מ )",IL,תפוציפס מקסיקני 50גר,גרמים,50.00,100 גרם,false,,3.30,6.6000,true,1,23931
7290008754040,false,ממרח שוקולד פרה עלית 850 גרם מגדים,שטראוס גרופ,IL,ממרח פרה שוקולד 850,גרמים,850.00,100 גרם,false,,12.70,1.4941,true,1,22041
7290008757034,false,"שוופס סודה זכוכית 250 מ""ל",יפאורה שותפות מובגלת לשיווק,IL,"סודה שוופס 250 מ""ל ב",מיליליטרים,250.00,"100 מ""ל",false,,3.40,1.3600,true,1,11556
7290008757072,false,שוופס תות מוגז פחית330מל,יפאורה שותפות מובגלת לשיווק,IL,שוופס פחית תות 330 מ,מיליליטרים,330.00,"100 מ""ל",false,,3.90,1.1818,true,1,11558
7290008775816,false,ערגליות עוגיות במילוי שוקולד אסם 300 גרם,מיוצר עי קונדיטוריית,IL,ערגליות שוקולד 300 ג,גרמים,300.00,100 גרם,false,,8.50,2.8333,true,1,18499
7290008775823,false,ערגליות עוגיות תות שדה אסם 300 גרם,מיוצר עי קונדיטוריית,IL,ערגליות תות שדה 300,גרמים,300.00,100 גרם,false,,8.50,2.8333,true,1,18500
7290008801010,false,"יין קברנה סוביניון מרלו פרייוט קולקשן 750 מ""ל",אגודת הכורמים הקאופו,IL,יין P.C קברנה סובי,מיליליטרים,750.00,"100 מ""ל",false,,34.10,4.5467,true,1,511
7290008801478,false,"יין טופז זהב כרמל 750 מ""ל",כרמל מזרחי,IL,"טופז זהב 750 מ""ל",מיליליטרים,750.00,"100 מ""ל",false,,17.90,2.3867,true,1,519
7290008801539,false,יין כרמל 120 קינג דיוויד יקבי כרמל,אגודת הכורמים הקואופרטיב,IL,יין קונקורד קינג דיו,מיליליטרים,750.00,"100 מ""ל",false,,18.80,2.5067,true,1,521
7290008801546,false,יין מוסקט מתוק קינג דיוויד יקבי כרמל,אגודת הכורמים הקואופרטיב,IL,יין קונקורד קינג דיו,מיליליטרים,750.00,"100 מ""ל",false,,18.80,2.5067,true,1,522
7290008801843,false,"יין קברנה סוביניון סלקטד כרמל 750 מ""ל","כד בני דרום בע""מ",IL,יין סלקטד קברנה סובנ,מיליליטרים,750.00,"100 מ""ל",false,,25.60,3.4133,true,1,523
7290008801850,false,סלקטד אמרלד ריזלינג לבן חצי יבש 750 מל,אגודת הכורמים הקואופרטיב,IL,יין סלקטד אמרלד ריזל,מיליליטרים,750.00,"100 מ""ל",false,,25.60,3.4133,true,1,524
7290008802291,false,יין מרלו פרייבט קולקשן יקבי כרמל,אגודת הכורמים הקואופרטיב,IL,"יין P.C מרלו 750מ""",מיליליטרים,750.00,"100 מ""ל",false,,34.10,4.5467,true,1,525
7290008802512,false,"יין וינו אדום ""כרמל מזרחי""","כד בני דרום בע""מ",IL,יין וינו אדום יבש,מיליליטרים,750.00,"100 מ""ל",false,,18.80,2.5067,true,1,526
7290008802895,false,יין קברנה סוביניון פרייבט קולקשן יקבי כרמל,אגודת הכורמים הקאופורטיב,IL,יין P.C קברנה סובי,מיליליטרים,750.00,"100 מ""ל",false,,34.10,4.5467,true,1,528
7290008805520,false,"יין קברנה/סוביניון סלקטד כרמל 750 מ""ל","כד בני דרום בע""מ",IL,יין סלקטד קברנה סובנ,מיליליטרים,750.00,"100 מ""ל",false,,25.60,3.4133,true,1,545
7290008805964,false,יין קברנה שיראז גליל עליון סדרה אזורית יקבי כרמל,אגודת הכורמים הקואופרטיב,IL,קברנה/שיראז סדרה אזו,מיליליטרים,750.00,"100 מ""ל",false,,51.20,6.8267,true,1,547
7290008806961,false,גלידה שוקולד שבבי שוקולד פרה 1.33 ל' קרמיסימו,"גלידת שטראוס בע""\מ, רחוב",IL,קרמיסימו שוקולד שבבי,ליטרים,1.33,ליטר,false,,16.20,12.1805,true,1,4277
7290008849586,false,רוטב לעוף ריבת בצל אוליביה 310 גרם,קריות זול,IL,רוטב ריבת בצל אוליבי,גרמים,310.00,100 גרם,false,,11.90,3.8387,true,1,51557
7290008849609,false,רוטב לעוף שום דבש אוליביה 330 גרם,אוליביה גורמה (1996),IL,רוטב שום דבש אוליבי,גרמים,330.00,100 גרם,false,,11.90,3.6061,true,1,3506
7290008849661,false,אוליביה ממרח עגבניות מיובשות פיקנטי 180 גרם,טרופיקל דגיל תעשיות,IL,אוליביה ממרח עגבניות,גרמים,180.00,100 גרם,false,,11.10,6.1667,true,1,25783
7290008849777,false,רוטב צ'ילי מתוק אוליביה 345 גרם,קריות זול,IL,אוליביה רוטב צילי מת,גרמים,350.00,100 גרם,false,,11.50,3.2857,true,1,51561
7290008849845,false,ממרח אוליביה אריסה פיקנטי 180 ג',"אוליביה גרומה בע""מ",IL,אוליביה אריסה פיקנטי,גרמים,185.00,100 גרם,false,,11.10,6.0000,true,1,25786
7290008909853,false,"קוקה קולה זירו בקבוק 500 מ""ל.",החברה המרכזית לייצור משקאות,IL,קוקה קולה זירו 500 מ,מיליליטרים,500.00,"100 מ""ל",false,,5.90,1.1800,true,1,7005
7290008945172,false,"שקיות אשפה עם שרוך 52 * 65 ס""מ גלילונית 40 יחידות","אשפלסט תעשיות בע""מ",IL,גלילונית אשפה למטבח,יחידה,0.00,יחידה,false,,11.00,0.0000,true,1,5821
7290008945202,false,גלילונית שקיות אשפה ענק 90/75 50 יח,"קילט ניהול פרוייקטים בע""מ",IL,גלילונית לאשפה משרדי,יחידה,0.00,יחידה,false,,11.00,0.0000,true,1,5822
7290008975551,false,תחליף חלב מטרנה מהדרין שלב 3 חלבי 700 גרם,מולינו ניקולי s.p.a,IL,מטרנה מהדרין שלב 3,גרמים,700.00,100 גרם,false,,42.60,6.0857,true,1,18504
7290009018004,false,פיקדון בקבוק/פחית בו,Unknown,,פיקדון בקבוק/פחית בו,יחידה,0.00,יחידה,false,,0.30,0.0000,true,1,66
7290009018011,false,פיקדון בקבוק/פחיות ש,,,פיקדון בקבוק/פחיות ש,יחידה,0.00,יחידה,false,,1.80,0.0000,true,1,64
7290009018264,false,פיקדון בקבוק/פחית רב,,,פיקדון בקבוק/פחית רב,יחידה,0.00,יחידה,false,,1.20,0.0000,true,1,105
7290009023480,false,פיקדון בקבוק 12 יח,,,פיקדון בקבוק 12 יח,יחידה,0.00,יחידה,false,,3.60,0.0000,true,1,48846
7290009174397,false,כריך א לעובד-כשר לפס,,,כריך עובד מגה,יחידה,0.00,יחידה,false,,1.50,0.0000,true,1,46683
7290009370805,false,מאפה מלוח מעורב בונז,,,מאפה מלוח מעורב בונז,קילוגרמים,1.00,"ק""ג",true,,36.00,36.0000,true,1,33804
7290009370812,false,מאפה מתוק מעורב בונז,,,מאפה מתוק מעורב בונז,קילוגרמים,1.00,"ק""ג",true,,36.00,36.0000,true,1,33805
7290010002023,false,כורכום הודי טחון תבליני מימון 100 גרם,א.ל ייצור ושיווק תבלינים,IL,מימון כורכום הודי טח,גרמים,100.00,100 גרם,false,,10.20,10.2000,true,1,245
7290010002030,false,תבלין כמון טחון תבליני מימון 100 גרם,א.ל ייצור ושיווק תבלינים,IL,מימון כמון במיכל 100,גרמים,100.00,100 גרם,false,,10.20,10.2000,true,1,246
7290010002078,false,פלפל שחור טחון תבליני מימון 100 גרם,א.ל ייצור ושיווק תבלינים,IL,מימון פלפל שחור טחון,גרמים,100.00,100 גרם,false,,12.40,12.4000,true,1,250
7290010002092,false,תבלין פלפל שחור גרוס דק תבליני מימון 90,א.ל ייצור ושיווק תבלינים,IL,מימון פלפל שחור גרוס,גרמים,90.00,100 גרם,false,,12.40,13.7778,true,1,252
7290010002108,false,תבלין פלפל שחור גרוס גס תבליני מימון 90,א.ל ייצור ושיווק תבלינים,IL,מימון פלפל שחור גרוס,גרמים,90.00,100 גרם,false,,12.40,13.7778,true,1,253
7290010002122,false,פפריקה הונגרית מתוקה תבליני מימון 100 גרם,א.ל ייצור ושיווק תבלינים,IL,מימון פפריקה הונגרית,גרמים,100.00,100 גרם,false,,10.20,10.2000,true,1,255
7290010002139,false,פפריקה הונגרית חריפה תבליני מימון 100 גרם,א.ל ייצור ושיווק תבלינים,IL,מימון פפריקה הונגרית,גרמים,100.00,100 גרם,false,,10.20,10.2000,true,1,256
7290010002191,false,תבלין מקלות קינמון תבליני מימון 50 גרם,א.ל ייצור ושיווק תבל,IL,מימון מקלות קינמון ב,גרמים,70.00,100 גרם,false,,8.10,11.5714,true,1,259
7290010002283,false,תיבול על האש תבליני מימון 100 גרם,א.ל ייצור ושיווק תבלינים,IL,מימון תבלין על האש ב,גרמים,100.00,100 גרם,false,,10.20,10.2000,true,1,263
7290010002290,false,תיבול לשווארמה תבליני מימון 100 גרם,א.ל ייצור ושיווק תבל,IL,מימון תערובת לשווארמ,גרמים,100.00,100 גרם,false,,10.20,10.2000,true,1,264
7290010002313,false,תבלין ראס אל חנות תבליני מימון 100 גרם,א.ל ייצור ושיווק תבלינים,IL,מימון ראס אל חנות 10,גרמים,100.00,100 גרם,false,,10.20,10.2000,true,1,266
7290010002320,false,תיבול לגריל עוף תבליני מימון 100 גרם,א.ל ייצור ושיווק תבלינים,IL,מימון תיבול לגריל עו,גרמים,100.00,100 גרם,false,,10.20,10.2000,true,1,267
7290010002337,false,תיבול לסטייק תבליני מימון 100 גרם,א.ל ייצור ושיווק תבלינים,IL,מימון תיבול לסטייק 1,גרמים,110.00,100 גרם,false,,10.20,9.2727,true,1,268
7290010002375,false,קארי תבליני מימון 100 גרם,א.ל ייצור ושיווק תבל,IL,מימון קארי 100 גרם,גרמים,100.00,100 גרם,false,,10.20,10.2000,true,1,272
7290010002382,false,תבלין אורגנו תבליני מימון 40 גרם,א.ל ייצור ושיווק תבלינים,IL,מימון אורגנו במיכל 4,גרמים,40.00,100 גרם,false,,8.10,20.2500,true,1,273
7290010002436,false,תבלין פטרוזיליה תבליני מימון 25 גרם,א.ל ייצור ושיווק תבל,IL,מימון פטרוזיליה במיכ,גרמים,25.00,100 גרם,false,,8.10,32.4000,true,1,277
7290010002658,false,פלפל יבש מתוק תבליני מימון 150 גרם,א.ל ייצור ושיווק תבל,IL,מימון פלפל יבש מתוק,גרמים,150.00,100 גרם,false,,13.60,9.0667,true,1,283
7290010002726,false,תבלין לפרגיות תבליני מימון 100 גרם.,א.ל ייצור ושיווק תבלינים,IL,מימון תיבול לפרגיות,גרמים,100.00,100 גרם,false,,10.20,10.2000,true,1,284
7290010003051,false,פפריקה הונגרית מתוקה תבליני מימון 400 גרם,א.ל ייצור ושיווק תבלינים,IL,מימון פפריקה הונגרית,גרמים,400.00,100 גרם,false,,21.30,5.3250,true,1,285
7290010003075,false,פפריקה מרוקאית מתוקה תבליני מימון 400 גרם,א.ל ייצור ושיווק תבלינים,IL,מימון פפריקה מרוקאית,גרמים,400.00,100 גרם,false,,21.30,5.3250,true,1,286
7290010003693,false,פפריקה מתוקה בשקית תבליני מימון 80 גרם,א.ל ייצור ושיווק תבל,IL,מימון פפריקה מתוקה ש,גרמים,80.00,100 גרם,false,,5.00,6.2500,true,1,291
7290010003709,false,פלפל שחור טחון בשקית תבליני מימון 50 גרם,א.ל ייצור ושיווק תבל,IL,מימון פלפל שחור טחון,גרמים,50.00,100 גרם,false,,6.80,13.6000,true,1,292
7290010003754,false,כמון טחון בשקית תבליני תבליני מימון 50 גרם,א.ל ייצור ושיווק תבל,IL,מימון כמון טחון שקית,גרמים,50.00,100 גרם,false,,5.00,10.0000,true,1,293
7290010003761,false,כורכום טחון בשקית תבליני מימון 80 גרם,א.ל ייצור ושיווק תבל,IL,מימון כורכום טחון שק,גרמים,80.00,100 גרם,false,,5.00,6.2500,true,1,294
7290010003808,false,זעתר ושמשום בשקית תבליני מימון 80 גרם,א.ל ייצור ושיווק תבל,IL,מימון זעתר ושומשום ש,גרמים,80.00,100 גרם,false,,5.00,6.2500,true,1,298
7290010003822,false,פפריקה חריפה בשקית תבליני מימון 80 גרם,א.ל ייצור ושיווק תבל,IL,מימון פפריקה חריפה ש,גרמים,80.00,100 גרם,false,,5.00,6.2500,true,1,300
7290010003846,false,אורגנו בשקית תבליני מימון 20 גרם,א.ל ייצור ושיווק תבל,IL,מימון אורגנו שקית 20,גרמים,20.00,100 גרם,false,,5.00,25.0000,true,1,302
7290010045006,false,עוגיות חמאה פריכות 200 גרם לחמי,קונדטוריות לחמי,IL,עוגיות חמאה פריכות ל,גרמים,200.00,100 גרם,false,,16.20,8.1000,true,1,24441
7290010045013,false,עוגיות חמאה צרפתיות 200 גרם לחמי,קונדטוריות לחמי,IL,עוגיות עם חמאה וסוכר,גרמים,200.00,100 גרם,false,,16.20,8.1000,true,1,24442
7290010045051,false,עוגיות מלבן שקדים 200 גרם לחמי,קונדטוריות לחמי,IL,עוגיות מלבן שקדים לח,גרמים,200.00,100 גרם,false,,16.20,8.1000,true,1,24444
7290010051243,false,תרד ניו-זילנדי ארוז א.אדמה,,,תרד ניו זילנדי,גרמים,150.00,100 גרם,false,,11.90,7.9333,true,1,560581
7290010065745,false,מחית לפתן פירות ג'וניור פרינוק 190 גרם,פרוטה פודווין איי.אס,CZ,פרינוק ג'וניור לפתן,גרמים,190.00,100 גרם,false,,5.90,3.1053,true,1,3535
7290010066513,false,נתחי טונה בשמן צמחי רביעיה *158ג' פילטונה,תעשיות פילטונה,IL,נתחי טונה בשמן צמחי,גרמים,632.00,100 גרם,false,,19.60,3.1013,true,1,26351
7290010066582,false,נתחי טונה בשמן קנולה רביעיה * 158 ג' פילטונה,תעשיות פילטונה,IL,נתחי טונה בשמן קנולה,גרמים,632.00,100 גרם,false,,19.60,3.1013,true,1,26354
7290010066599,false,מארז רביעיית טונה בשמן זית 4*160 גרם,תעשיות פילטונה,IL,נתחי טונה בשמן זית פ,גרמים,632.00,100 גרם,false,,23.00,3.6392,true,1,26355
7290010116980,false,אבקת שוקולית שקית עלית 850 ג',הנסיך- מפעל לייצור ט,IL,שוקולית 850 גרם,גרמים,850.00,100 גרם,false,,13.60,1.6000,true,1,22055
7290010117864,false,דוריטוס חטיף תירס בטעם חריף אש עלית 70 גרם,"שטראוס פריטו ליי בע""\מ )",IL,דוריטוס חריף אש 70 ג,גרמים,70.00,100 גרם,false,,3.10,4.4286,true,1,23938
7290010118328,false,תפוצ'יפס בטעם טבעי עלית מארז 6*40 גרם,שטראוס פריטו ליי (מל,IL,תפוצ'יפס טבעי 6*40 ג,גרמים,240.00,100 גרם,false,,11.90,4.9583,true,1,23942
7290010129010,false,עוג.כתר במילוי ריבה 600ג,ק.א. ומשווק בבלעדיות על,IL,עוגיות ריבה 600גר,גרמים,600.00,100 גרם,false,,17.00,2.8333,true,1,19920
7290010129027,false,עוגיות מרוקאיות 600 גרם,ק.א. ומשווק בבלעדיו על י,IL,עוגיות מרוקאיות 600,גרמים,600.00,100 גרם,false,,17.00,2.8333,true,1,19921
7290010129300,false,עוגיות רייף מרוקאיות 350 גרם,קונדטוריית אנגל,IL,עוגיות רייף מרוקאיות,גרמים,350.00,100 גרם,false,,15.30,4.3714,true,1,19936
7290010129324,false,עוגיות מעמול 600 גרם,ק.א. ומשווק בבלעדיות על,IL,עוגיות מעמול 600 גרם,גרמים,600.00,100 גרם,false,,17.00,2.8333,true,1,19938
7290010129553,false,עוגיות רולדה תמרים 600 גרם,ק.א. ומשווק בבלעדיות על,IL,עוגיות רולדה תמרים 6,גרמים,600.00,100 גרם,false,,17.00,2.8333,true,1,19945
7290010129652,false,עוגיות לקפה דולצ'ה ו,קונדטוריית אנגל,IL,עוגיות לקפה דולצ'ה ו,גרמים,350.00,100 גרם,false,,15.30,4.3714,true,1,19952
7290010129676,false,עוגיות מרוקאיות ארוך 350 גרם,קונדטוריית אנגל,IL,עוגיות מרוקאיות ארוך,גרמים,350.00,100 גרם,false,,15.30,4.3714,true,1,19954
7290010129720,false,עוגיות שמרים קינמון 400 גרם דולצה ויטה,שיבולים א.ד.ל,IL,עוגיות שמרים שניק קי,גרמים,400.00,100 גרם,false,,10.20,2.5500,true,1,19957
7290010153503,false,שעועית בובס יבשה מיה 400 גר',מיה תעשיות מזון מ.ת.מ. ב,IL,שעועית ענק 400 גרם,גרמים,400.00,100 גרם,false,,9.30,2.3250,true,1,14798
7290010153510,false,בורגול יבש מיה 500 גר',מיה תעשיות מזון מ.ת.מ. ב,IL,בורגול מיה 500 גרם,גרמים,500.00,100 גרם,false,,4.80,0.9600,true,1,14799
7290010153534,false,קמח תירס מיה 400 גרם,מיה תעשיות מזון מ.ת.מ. ב,IL,קמח תירס מיה 400 גרם,גרמים,400.00,100 גרם,false,,5.00,1.2500,true,1,14801
7290010153688,false,חומץ רכיבים טבעיים 1 ליטר,פרידמן תעשיות חומץ ו,IL,חומץ טבעי מיה 1 ליטר,ליטרים,1.00,ליטר,false,,5.00,5.0000,true,1,14806
7290010153770,false,ציפוי לשניצל פיקנטי מיה 500 גרם,מיה תעשיות מזון מ.ת.מ. ב,IL,ציפוי לשניצל פיקנטי,גרמים,500.00,100 גרם,false,,7.70,1.5400,true,1,14813
7290010153787,false,ציפוי לשניצל עם שום מיה 500 גרם,מיה תעשיות מזון מ.ת.מ. ב,IL,ציפוי לשניצל עם שום,גרמים,500.00,100 גרם,false,,7.70,1.5400,true,1,14814
7290010153794,false,ציפוי לשניצל עם עשבי תיבול מיה 500 גרם,מיה תעשיות מזון מ.ת.מ. ב,IL,ציפוי לשניצל עם עשבי,גרמים,500.00,100 גרם,false,,7.70,1.5400,true,1,14815
7290010153879,false,ריבת חלב מרוכזת בטעם שמנת מיה 400 גר',מיה תעשיות מזון מ.ת.מ. ב,IL,ריבת חלב בטעם שמנת 4,גרמים,400.00,100 גרם,false,,10.70,2.6750,true,1,14823
7290010153978,false,קונפיטורה שזיפים מיה 340 גרם,מיה תעשיות מזון מ.ת.מ. ב,IL,קונפיטורה שזיפים 340,גרמים,340.00,100 גרם,false,,7.70,2.2647,true,1,14827
7290010154012,false,לימון בלאדי כבוש תבליני ביטון 250 גרם,תבליני יוחאי ביטון,IL,לימון כבוש 250 ביטון,גרמים,250.00,100 גרם,false,,11.90,4.7600,true,1,16911
7290010154029,false,אריסה מתוקה יוחאי ביטון 250 גרם,תבליני יוחאי ביטון,IL,250 אריסה מתוקה ביטו,גרמים,250.00,100 גרם,false,,11.90,4.7600,true,1,16912
7290010154265,false,פלפל צ'ומה תבליני ביטון 250 גרם,תבליני יוחאי ביטון,IL,פלפל צ`ומה ביטון 250,גרמים,250.00,100 גרם,false,,11.90,4.7600,true,1,16915
7290010154418,false,סחוג אדום תבליני ביטון 130 גרם,תבליני יוחאי ביטון,IL,יוחאי ביטון סחוג אדו,גרמים,130.00,100 גרם,false,,7.70,5.9231,true,1,16920
7290010154678,false,אריסה מרוקאית תבליני ביטון 250 גרם,תבליני יוחאי ביטון,IL,יוחאי ביטון אריסה מר,גרמים,250.00,100 גרם,false,,11.90,4.7600,true,1,16925
7290010154685,false,סלט שום כתוש 250 ג' ביטון יוחאי,תבליני יוחאי ביטון,IL,סלט שום כתוש 250 גר',גרמים,250.00,100 גרם,false,,11.90,4.7600,true,1,16926
7290010173044,false,"יין בר הרי גליל מרלו 750 מ""ל",יקבי רמת הגולן,IL,הרי גליל מרלו 2007 7,מיליליטרים,750.00,"100 מ""ל",false,,32.40,4.3200,true,1,41196
7290010173068,false,"יין חרמון גליל קברנה אדום יבש 750מ""ל",יקבי רמת הגולן,IL,הרי גליל קברנה סובינ,מיליליטרים,750.00,"100 מ""ל",false,,32.40,4.3200,true,1,41197
7290010173334,false,יין הרי גליל שיראז 750 מל,יקבי רמת הגולן,IL,הרי גליל סירה 2017 7,מיליליטרים,750.00,"100 מ""ל",false,,32.40,4.3200,true,1,41200
7290010192007,false,פטרוזיליה,,,פטרוזיליה,יח',1.00,יח',false,,3.50,3.5000,true,1,35327
7290010192014,false,שמיר,,,שמיר,יח',1.00,יח',false,,3.50,3.5000,true,1,35328
7290010192021,false,כוסברה ארוז,,,כוסברה,יח',1.00,יח',false,,3.50,3.5000,true,1,35329
7290010192038,false,שורש פטרוזיליה ארוז,,IL,שורש פטרוזיליה ארוז,יח',1.00,יח',false,,5.90,5.9000,true,1,35330
7290010192045,false,נענע יחידה,,,נענע יחידה,יח',1.00,יח',false,,3.50,3.5000,true,1,35331
7290010192052,false,סלרי עלים (אמריקאי),,,סלרי עלים (אמריקאי),יח',1.00,יח',false,,5.90,5.9000,true,1,35332
7290010192069,false,סלרי ראש יחידה,קטיף.,IL,סלרי ראש ארוז,יח',1.00,יח',false,,5.90,5.9000,true,1,35333
7290010192083,false,מנגולד ארוז,,,מנגולד ארוז,יח',1.00,יח',false,,6.90,6.9000,true,1,35334
7290010192137,false,לוף ארוז ליח,,,לוף ארוז ליח,יח',1.00,יח',false,,8.90,8.9000,true,1,35335
7290010193882,false,"ציפס קפוא 1.5 ק""ג",,,"ציפס קפוא 1.5 ק""ג",קילוגרמים,1.50,"ק""ג",false,,17.10,11.4000,true,1,42327
7290010237531,false,"פפסי קולה פלסטיק 500 מ""ל","טמפו משקאות בע""ם.",IL,פפסי קולה 500 מ'ל,מיליליטרים,500.00,"100 מ""ל",false,,4.20,0.8400,true,1,9474
7290010237562,false,משקה פפסי מרינדה קוו,"טמפו משקאות בע""מ",IL,מירנדה 500 מ'ל,מיליליטרים,500.00,"100 מ""ל",false,,4.20,0.8400,true,1,9476
7290010237579,false,משקה סבן אפ קוול 500,"טמפו משקאות בע""מ",IL,סבן אפ 500 מ'ל,מיליליטרים,500.00,"100 מ""ל",false,,4.20,0.8400,true,1,9477
7290010237586,false,סבן אפ דיאט פלסטיק 500מל,"טמפו משקאות בע""מ",IL,דיאט סבן אפ 500 מ'ל,מיליליטרים,500.00,"100 מ""ל",false,,3.90,0.7800,true,1,9478
7290010237685,false,"הייניקן בירה צואר ארוך 330מ""ל",טמפו משקאות בע''מ,IL,היינקן בירה צואר ארו,מיליליטרים,330.00,"100 מ""ל",false,,10.30,3.1212,true,1,9482
7290010237784,false,בירה שנדי בתוספת משקה לימון ליים - שישייה,"טמפו משקאות בע""\מ",IL,מכבי שנדי לימון ליים,ליטרים,1.98,ליטר,false,,26.70,13.4848,true,1,9486
7290010237890,false,"בירה הייניקן בקבוק 500 מ""ל חוזר",טמפו משקאות בע''מ,IL,הייניקן בירה בקבוק ח,מיליליטרים,500.00,"100 מ""ל",false,,7.22,1.4440,true,1,9487
7290010259007,false,"עוגיות איטלקיות מובחרות ויליפוד 1 ק""ג",וילי פוד,PT,עוגיות בישקוטים וניל,גרמים,200.00,100 גרם,false,,5.60,2.8000,true,1,2918
7290010259823,false,מנת השף-מרק עם נודלס בטעם עוף ויליפוד,נמצ'או(תאילנד) בעמ,TH,נודלס בטעם עוף מנת ה,גרמים,70.00,100 גרם,false,,4.20,6.0000,true,1,2925
7290010259830,false,מנת השף נודלס בסגנון סיני פיקנטי וילי פוד 70 גרם,נמצ'או(תאילנד) בעמ,TH,נודלס בטעם סיני פיקנ,גרמים,70.00,100 גרם,false,,4.20,6.0000,true,1,2926
7290010429554,false,"שמן זית כתית מעולה יד מרדכי 2 קלאסי, 750 מ""ל",מכוורת יד מרדכי שטראוס ב,IL,שמן זית כתית מעולה 2,מיליליטרים,750.00,"100 מ""ל",false,,29.00,3.8667,true,1,22060
7290010439287,false,מגבת ענק חלק 550 גר מנהטן,,,מגבת גוף ענק חלק,יחידה,0.00,יחידה,false,,34.20,0.0000,true,1,15235
7290010471669,false,יוגורט תות עם קורנפלקס מצופה שוקולד ללא גלוטן 3.9%,"שטראוס בריאות בע""\מ",IL,דנונה קראנצ' יוגורט,מיליליטרים,175.00,"100 מ""ל",false,,3.90,2.2286,true,1,23096
7290010472307,false,"שמיניית משקה גמדים תות בננה דיסני 108 מ""ל",מיוצר עי קונדיטוריית,IL,גמדים לשתיה תות בננה,מיליליטרים,864.00,"100 מ""ל",false,,17.10,1.9792,true,1,23099
7290010472390,false,מארז 8 יחידות מעדן דני בטעם שוקולד 1.5%,מיוצר עי קונדיטוריית,IL,מארז דני שוקולד 8*,מיליליטרים,1000.00,"100 מ""ל",false,,14.40,1.4400,true,1,23100
7290010513727,false,פנקו פרורי לחם 200 גרם (קינגדאו),קינגדאו גוניון פודס,CN,פנקו פרורי לחם יפניי,גרמים,200.00,100 גרם,false,,6.80,3.4000,true,1,47111
7290010627004,false,טחינה גולמית מסורתית ירושלים 500 ג',"בראשית ירושלים בע""מ",IL,טחינה ירושלים 500 גר,גרמים,500.00,100 גרם,false,,12.80,2.5600,true,1,24446
7290010650088,false,פטריות שמפיניון מיובשות 25 גרם,חוות פטריות תקוע,CN,פטריות שמפיניון מיוב,גרמים,25.00,100 גרם,false,,9.90,39.6000,true,1,50504
7290010650279,false,לקט פטריות מיובשות לפסטה,חוות פטריות תקוע,IL,לקט פיטריות לפסטה 25,גרמים,25.00,100 גרם,false,,16.90,67.6000,true,1,50510
7290010711031,false,מברשת אבק גדולה 1522,מ.א. ייצור ויבוא מטליות,TR,מברשת אבק גדולה 1522,יחידה,0.00,יחידה,false,,12.80,0.0000,true,1,13480
7290010711123,false,כריות מתכת שייני 4 יחידות,מ.א ייצור ושיווק מטל,CN,"ננס רביעיה ""שייני"" ח",יחידה,0.00,יחידה,false,,5.90,0.0000,true,1,13484
7290010711253,false,מטליות לניקוי כללי מיקרו,,CN,מיקרופייבר ניקוי כלל,יחידה,0.00,יחידה,false,,9.90,0.0000,true,1,13488
7290010711864,false,מטאטא משובח,,TR,מטאטא משובח,יחידה,0.00,יחידה,false,,19.60,0.0000,true,1,13502
7290010711901,false,מטליות מיקרו רצפה שייני,מ.א ייצור ושיווק מטל,CN,שייני מטליות מיקרופי,יחידה,0.00,יחידה,false,,13.60,0.0000,true,1,13503
7290010711918,false,שייני מטליות מיקרופייבר לניקוי כללי חמישיה,מ.א ייצור ושיווק מטל,IL,מ.א מטליות מיקרופייב,יחידה,0.00,יחידה,false,,7.70,0.0000,true,1,13504
7290010718634,false,"פנינה רוזנבלום -אל סבון נוזלי לבן,1 ליטר",פנינה רוזנבלום,IL,אל סבון נוזלי לבן פנ,יחידה,0.00,יחידה,false,,7.60,0.0000,true,1,17912
7290010760909,false,"בורקס פיצה כשל""פ 600 גרם",מאפיית אריאל,IL,"בורקס פיצה כשל""פ 600",גרמים,600.00,100 גרם,false,,18.80,3.1333,true,1,51145
7290010849789,false,יין מבעבע קאווה די מארמו Cave Di Marmo,קאויקיולי,ES,קוויקיולי קאווה די מ,מיליליטרים,750.00,"100 מ""ל",false,,21.40,2.8533,true,1,7346
7290010931330,false,סלט מטבוחה אחלה 500 גרם,מיוצר עי קונדיטוריית,IL,אחלה מטבוחה 500ג,גרמים,500.00,100 גרם,false,,11.90,2.3800,true,1,23102
7290010945146,false,קוטג' 3% מועשר בסידן טרה 250 ג' מהדרין,קריות זול,IL,טרה קוטג מועשר 3% 25,גרמים,250.00,100 גרם,false,,4.70,1.8800,true,1,6413
7290011017866,false,קוקה קולה קלאסי בפחית,החברה המרכזית לייצור משקאות,IL,קוקה קולה פחית סליק,מיליליטרים,330.00,"100 מ""ל",false,,4.70,1.4242,true,1,7031
7290011017873,false,"פחיות קוקה קולה זירו 330 מ""ל",החברה המרכזית לייצור משקאות,IL,ZERO קולה פחית סליק,מיליליטרים,330.00,"100 מ""ל",false,,4.70,1.4242,true,1,7032
7290011017880,false,דיאט קוקה קולה פחית סליק 330מל,החברה המרכזית לייצור משקאות,IL,קולה דיאט פחית סליק,מיליליטרים,330.00,"100 מ""ל",false,,4.70,1.4242,true,1,7033
7290011018368,false,ויינשטפן בירת חיטה לא מסוננת,"ויינשטפן, ת.ד 1155 פ",DE,ויינשטפן בירה לבנה 6,ליטרים,1.98,ליטר,false,,61.60,31.1111,true,1,7049
7290011018443,false,"פנטה אורנג פחית סליק 330 מ""ל",החברה המרכזית לייצור משקאות,IL,פאנטה אורנג פחית סלי,מיליליטרים,330.00,"100 מ""ל",false,,4.70,1.4242,true,1,7053
7290011026066,false,"ד""ר פישר - סרקל שמפו + מרכך לילדים 1 ליטר",פישר מעבדות פרמצבטיות בע,IL,סרקל שמפו + מרכך ליל,יחידה,0.00,יחידה,false,,25.60,0.0000,true,1,28888
7290011065416,true,פלפל שחור מטחנה 60 ג,,,פלפל שחור מטחנה 60 ג,גרמים,60.00,100 גרם,false,,15.30,25.5000,true,1,334
7290011115203,false,אל סבון מוצק מבושם בניחוח עדין קלאסיק - מארז רביעיה,טרופיקל דגיל תעשיות,IL,סבון מוצק ורוד נקה 7,גרמים,400.00,100 גרם,false,,9.30,2.3250,true,1,29893
7290011115258,false,אל סבון מוצק מבושם בניחוח עדין קלאסיק - מארז רביעיה,"גליל כימיכלים בע""מ",IL,סבון מוצק ירוק נקה 7,גרמים,400.00,100 גרם,false,,9.30,2.3250,true,1,29895
7290011115289,false,אל סבון מוצק מבושם בניחוח עדין קלאסיק - מארז רביעיה,"גליל כימיכלים בע""מ",IL,סבון מוצק לילך נקה 7,גרמים,400.00,100 גרם,false,,9.30,2.3250,true,1,29898
7290011126469,false,חליטת צמחים וקמומיל הגן הקסום ויסוצקי 25 יחידות,תה ויסוצקי,IL,תה קמומיל ודבש 1.5גר,גרמים,37.50,100 גרם,false,,15.30,40.8000,true,1,24459
7290011133375,false,בירה שנדי בתוספת משקה אפרסק - שישייה,"טמפו משקאות בע""מ",IL,מכבי שנדי אפרסק בקבו,ליטרים,1.98,ליטר,false,,26.70,13.4848,true,1,9504
7290011133504,false,"מכבי שנדי אפרסק בקבוק בודד 330 מ""ל",טמפו משקאות בע''מ,IL,מכבי שנדי אפרסק בקבו,מיליליטרים,330.00,"100 מ""ל",false,,5.10,1.5455,true,1,9512
7290011148911,false,פלפלים מתוקים טינקרב,מרינה פטריות הגליל,IL,פלפלים מתוקים טינקרב,גרמים,300.00,100 גרם,false,,9.90,3.3000,true,1,35337
7290011154035,false,"תרכיז תפוחים סחוט טעמי הגליל 500 מ""ל",טעמי הגליל,IL,תרכיז תפוחים סחוט טע,מיליליטרים,500.00,"100 מ""ל",false,,17.10,3.4200,true,1,383617
7290011154080,false,"תרכיז תפוחים צלול טעמי הגליל 500 מ""ל",טעמי הגליל,IL,תרכיז תפוחים צלול טע,מיליליטרים,500.00,"100 מ""ל",false,,17.10,3.4200,true,1,383618
7290011174231,false,עוגת מוס גבינה אוכמניות 850 גרם,קפולסקי שיווק וקמעונ,IL,עוגת מוס גבינה עם או,גרמים,850.00,100 גרם,false,,55.50,6.5294,true,1,39508
7290011194215,false,מעדן גבינה ויוגורט בטעם בננה 5% שומן 88 ג' דניאלה,"שטראוס בריאות בע""מ",IL,"דניאלה בננה 150 מ""ל",מיליליטרים,150.00,"100 מ""ל",false,,3.50,2.3333,true,1,23103
7290011194246,false,קוטג' 5% עם סידן 250 ג' שטראוס,מיוצר עי קונדיטוריית,IL,קוטג שטראוס 5% עם סי,גרמים,250.00,100 גרם,false,,5.10,2.0400,true,1,23104
7290011223038,false,בונומי עלים לקרמשניט שכבות אפויות מבצק עלים 300 גרם,בונומי ס.פ.א,IT,בונומי עלים לקרמשניט,גרמים,300.00,100 גרם,false,,12.80,4.2667,true,1,5854
7290011223205,false,ריבת חלב ארגנטינאית דולקור דאנש 450 גרם,אשבל מזון פונקציונלי,IL,דולקור ריבת חלב 454,גרמים,454.00,100 גרם,false,,13.60,2.9956,true,1,5861
7290011223229,false,"טואלט דאק ג'ל לאסלה טיפות טל רעננות 55 מ""ל","איטיליאן פוד, אס.פי.",IT,דאק ג'ל אסלה ניחוח ט,מיליליטרים,55.00,"100 מ""ל",false,,9.90,18.0000,true,1,5862
7290011236649,false,"נטיפי שוקולד ציפס אמיתי 300 גר' 54% מוצקי קקאו (בד""ץ)",קריות זול,IL,שוקולד צ'יפס בלגי שק,גרמים,300.00,100 גרם,false,,8.50,2.8333,true,1,4656
7290011239213,false,עמוס חטיפים מתוקים מ,בני ריאד מחרום,IL,עמוס חטיפים מתוקים מ,גרמים,100.00,100 גרם,false,,5.10,5.1000,true,1,42359
7290011239336,false,"חלבה מחרום ללת""ס 400 גרם","בני ריאד מחרום בע""מ",IL,מחרום חלבה ללא סוכר,גרמים,400.00,100 גרם,false,,21.90,5.4750,true,1,42360
7290011239404,false,חטיפים שונים ארוזים330ג,"בני ריאד מחרום בע""מ",IL,עמוס חטיפים שונים אר,גרמים,300.00,100 גרם,false,,12.80,4.2667,true,1,42362
7290011254018,false,שעועית מש מיה 500 גר',מיה תעשיות מזון מ.ת.מ. ב,IL,שעועית מש 500 גרם,גרמים,500.00,100 גרם,false,,7.60,1.5200,true,1,14829
7290011254025,false,דוחן מיה 500 גרם,מיה תעשיות מזון מ.ת.מ. ב,IL,דוחן 500 גרם,גרמים,500.00,100 גרם,false,,6.70,1.3400,true,1,14830
7290011254032,false,קינואה מיה 500 גרם,מיה תעשיות מזון מ.ת.מ. ב,IL,קינואה 500 גרם,גרמים,500.00,100 גרם,false,,11.10,2.2200,true,1,14831
7290011254254,false,נטיפי שוקולד צ'יפס בטעם שוקולד מיה 300 גרם,"מיה תעשיות מזון בע""מ",IL,שוקולד ציפס 300גר,גרמים,300.00,100 גרם,false,,7.60,2.5333,true,1,14851
7290011254452,false,סוכריות ללא תוספת סוכר בטעם מנטה מיה 80 גרם,מיה תעשיות מזון מ.ת.מ. ב,IL,סוכריות ללא סוכר מנט,גרמים,80.00,100 גרם,false,,5.00,6.2500,true,1,14859
7290011254469,false,סוכריות ללא תוספת סוכר בטעם לימון מיה 80 גרם,מיה תעשיות מזון מ.ת.מ. ב,IL,סוכריות ללא סוכר לימ,גרמים,80.00,100 גרם,false,,5.00,6.2500,true,1,14860
7290011254490,false,סוכריות ללא תוספת סוכר בטעם פירות יער מיה 80 גרם,מיה תעשיות מזון מ.ת.מ. ב,IL,סוכריות ללא סוכר טעם,גרמים,80.00,100 גרם,false,,5.00,6.2500,true,1,14863
7290011254728,false,ג'לטין טהור בקרטוני מיה 25 גרם,מיה תעשיות מזון מ.ת.מ. ב,IL,ג'לטין טהור 25 גר' ב,גרמים,25.00,100 גרם,false,,8.50,34.0000,true,1,14870
7290011254773,false,שעועית ארגנטינאית יבשה מיה 500 גר',מיה תעשיות מזון מ.ת.מ. ב,IL,שעועית ארגנטינאית 50,גרמים,500.00,100 גרם,false,,7.60,1.5200,true,1,14873
7290011254780,false,"שעועית ארגנטינאית יבשה מיה 1 ק""ג",מיה תעשיות מזון מ.ת.מ. ב,IL,מיה שעועית ארגנטינאי,קילוגרמים,1.00,"ק""ג",false,,13.60,13.6000,true,1,14874
7290011254841,false,"סוכריות ג'לילנד חמוצמוצים 125ג' מיה בד""צ",מיה תעשיות מזון מ.ת.מ. ב,IL,סוכריות ג'לי חמוץ מו,גרמים,125.00,100 גרם,false,,5.10,4.0800,true,1,14879
7290011378028,false,חלבה קלאסית וניל ללא תוספת סוכר בארכה 350 גרם,"רושדי תעשיות מזון בע""\מ",IL,בארכה חלבה וניל ללא,גרמים,350.00,100 גרם,false,,12.80,3.6571,true,1,18506
7290011378769,false,חטיף חלווה וניל בארכה 126 גרם מארז 7 יחידות,"רושדי תעשיות מזון בע""\מ",IL,בארכה בקטנה מאגדת ונ,גרמים,120.00,100 גרם,false,,10.20,8.5000,true,1,18512
7290011378776,false,חטיף חלווה פיסטוק בארכה 126 גרם מארז 7 יחידות,"רושדי תעשיות מזון בע""\מ",IL,בארכה בקטנה מאגדת פי,גרמים,120.00,100 גרם,false,,10.20,8.5000,true,1,18513
7290011379018,false,פטריות טריות מיקס מרינה זוגי 250X2ג',"מרינה פטריות הגליל בע""מ",IL,פטריות צמד חמד,גרמים,500.00,100 גרם,false,,15.90,3.1800,true,1,41103
7290011438142,false,"משקה יטבתה אייס קפה בבקבוק אישי 350 מ""ל",שטראוס גרופ,IL,יטבתה אייס קפה בבקבו,מיליליטרים,350.00,"100 מ""ל",false,,5.60,1.6000,true,1,23110
7290011447281,false,מטרנה פרימיום חלבי שלב 2 700 גרם חיסכון,מטרנה תעשיות ש.מ,IL,מטרנה חלבי שלב 2 70,גרמים,700.00,100 גרם,false,,41.80,5.9714,true,1,18522
7290011447304,false,מטרנה פרימיום חלבי שלב 3 700 גרם חיסכון,מטרנה תעשיות ש.מ,IL,מטרנה חלבי שלב 3 12*,גרמים,700.00,100 גרם,false,,41.80,5.9714,true,1,18523
7290011447359,false,תחליף חלב מטרנה מהדרין שלב 1 חלבי 700 גרם,מולינו ניקולי s.p.a,IL,מטרנה מהדרין שלב 1,גרמים,700.00,100 גרם,false,,42.60,6.0857,true,1,18525
7290011447373,false,תחליף חלב מטרנה מהדרין שלב 2 חלבי 700 גרם,מטרנה תעשיות ש.מ,IL,מטרנה מהדרין שלב 2,גרמים,700.00,100 גרם,false,,42.60,6.0857,true,1,18526
7290011473648,false,"סוכר חום אורגני 1 ק""ג ""תבואות""",תבואות,BR,סוכר דמררה אורגני תב,קילוגרמים,1.00,"ק""ג",false,,11.10,11.1000,true,1,3572
7290011473655,false,סוכר קנים אורגני 1 קילו,ארוז ע' תבואות,BR,סוכר קנים אורגני תבו,קילוגרמים,1.00,"ק""ג",false,,9.40,9.4000,true,1,3573
7290011474591,false,פנה כוסמין מלא אורגני 500 גרם,,,פנה פסטה מקמח כוסמין,גרמים,500.00,100 גרם,false,,15.30,3.0600,true,1,3582
7290011499051,false,פטה כבשים מסורתית 20% בגביע 250 גרם - רובין,MKN עבור מחלבות גד ב,IL,גד פטה כבשים גביע 20,גרמים,250.00,100 גרם,false,,23.00,9.2000,true,1,14436
7290011499105,false,בולגרית מסורתית 5% 250 גרם -רבנות,ג'נרל מילס סאן אדריא,IL,גד בולגרית 5% 250ג,גרמים,250.00,100 גרם,false,,20.40,8.1600,true,1,14437
7290011499129,false,גבינה בולגרית מעודנת קוביות קטנות 5% גד 200 גרם,קוד יצרן DSH,IL,גד בולגרית מעודנת קו,גרמים,200.00,100 גרם,false,,19.60,9.8000,true,1,14439
7290011499327,false,גבינה בולגרית מעודנת 5% 250 גרם - רבנות,מיוצר על ידי DSH עבו,IL,גד בולגרית בקר מעודנ,גרמים,250.00,100 גרם,false,,20.40,8.1600,true,1,14443
7290011499341,false,גבינת קשקבל ארוז 26 אחוז 250גרם גד,הנסיך- מפעל לייצור ט,IL,קשקבל מחלבות גד 200,גרמים,250.00,100 גרם,false,,24.40,9.7600,true,1,14445
7290011499358,false,פטה עיזים מסורתית 20% בגביע 200 גרם - רובין,מיוצר על ידי קוד יצר,IL,גד פטה עיזים 20% 200,גרמים,200.00,100 גרם,false,,24.60,12.3000,true,1,14446
7290011499365,false,גד חלומי 24% 200 גרם רובין,"מחלבות גד בע""\מ",IL,גד חלומי 24% 200ג,גרמים,200.00,100 גרם,false,,19.10,9.5500,true,1,14447
7290011499419,false,גבינה במרקם שמנת בטעם טבעי 5% ניו יורק,גבינות מדף,IL,גבינה במרקם שמנת 5%,גרמים,200.00,100 גרם,false,,10.50,5.2500,true,1,14449
7290011499624,false,שמנת 30% ניו יורק טבעי 200 גרם רבנות,גבינות מדף,IL,גד ניו יורק גבינת שמ,גרמים,200.00,100 גרם,false,,12.10,6.0500,true,1,14452
7290011505806,false,קיסמי שיניים דנטאליים מפלסטיק 200 יחידות בחבית,הוסטס Hostess,CN,קיסמי שיניים פלסטיק,יחידה,0.00,יחידה,false,,8.50,0.0000,true,1,965
7290011515683,false,מאגדת טילון אקסטרים וניל נסטלה 6 יחידות,תות תעשיות מזון (201,IL,אקסטרים וניל מאגדת 6,גרמים,432.00,100 גרם,false,,29.00,6.7130,true,1,15875
7290011518561,false,"אקטימל תות 1.51 ק""ג מארז 14 יחידות",מיוצר עי קונדיטוריית,IL,אקטימל תות משפחתי 14,ליטרים,1.40,ליטר,false,,25.60,18.2857,true,1,23115
7290011522605,false,"גלייז מעצב שיער לתלתלים 400 מ""ל",ג'נרל מילס סאן אדריא,IL,גלייז מעצב שיער סטיי,מיליליטרים,400.00,"100 מ""ל",false,,17.10,4.2750,true,1,3857
7290011525712,false,"קמיל בלו אל סבון סנסיטיב לפני השינה ד""ר פישר 1 ליטר",פישר מעבדות פרמצבטיות בע,IL,קמיל בלו סנסיטיב לפנ,יחידה,0.00,יחידה,false,,29.00,0.0000,true,1,28901
7290011530488,false,שייק איט 450 גר saturday מיקס פירות קפוא,"הבו-קדו בע""מ",IL,שייק איט(3*150 גר')-,גרמים,450.00,100 גרם,false,,26.40,5.8667,true,1,102350
7290011553456,false,קרוטונים למרק שקית,,,קרוטונים למרק שקית,גרמים,400.00,100 גרם,false,,12.80,3.2000,true,1,621331
7290011553876,false,פרורי לחם קלאסי שקית,,,פרורי לחם קלאסי שקית,גרמים,800.00,100 גרם,false,,10.20,1.2750,true,1,621225
7290011553883,false,פרורים מוזהבים שקית,,,פרורים מוזהבים שקית,גרמים,800.00,100 גרם,false,,10.20,1.2750,true,1,621242
7290011593087,false,"שמן זית כתית מעולה 750 מ""ל סבא חביב",סאן אויל עיבוד ושיוו,IL,סבא חביב שמן זית כתי,מיליליטרים,750.00,"100 מ""ל",false,,26.40,3.5200,true,1,282813
7290011593742,false,"שמן זית פיקואל 750 מ""ל סבא חביב",,,שמן זית פיקואל הסדרה,מיליליטרים,750.00,"100 מ""ל",false,,36.70,4.8933,true,1,601657
7290011598402,false,מקסימה מרכך כביסה ארומתרפי מאסק סנו 4 ליטר,"סנו מפעלי ברונוס בע""\מ",IL,מרכך כביסה סנו מקסימ,ליטרים,4.00,ליטר,false,,19.60,4.9000,true,1,29913
7290011607180,false,"אבקת כביסה קולון 101 1.25 ק""ג",ריקט בנקיזר ( ניר אי,IL,"קולון 101 1.25 ק""ג",קילוגרמים,1.25,"ק""ג",false,,12.70,10.1600,true,1,20653
7290011607197,false,"קולון 101 אבקת כביסה 5 ק""ג",רקיט בנקיזר,IL,"קולון 101 5 ק""ג",קילוגרמים,5.00,"ק""ג",false,,34.10,6.8200,true,1,20654
7290011622428,false,כתמטמינים-חטיף בריאות לתינוקות וילדים 45 ג',מיוצר עבור גולדן האר,IL,כתמטמינים-חטיף בריאו,גרמים,100.00,100 גרם,false,,5.00,5.0000,true,1,3591
7290011659035,false,קוביות בצל מטוגן קפו,,,קוביות בצל מטוגן קפו,גרמים,70.00,100 גרם,false,,10.20,14.5714,true,1,157611
7290011659073,false,מגשית קוביות שום כתו,,,קוביות שום קפוא 80 ג,גרמים,80.00,100 גרם,false,,8.50,10.6250,true,1,157597
7290011765095,false,קרמה מן גל גילוח אלוורה ירוק 200 מל,טרופיקל דגיל תעשיות,TR,ג'ל גילוח לעור עדין,מיליליטרים,200.00,"100 מ""ל",false,,9.30,4.6500,true,1,29917
7290011860271,false,ביסבול כדורי פירה מתפוחי אדמה תפוגן 700 גרם,"תעשיות תפוגן בע""\מ",IL,תפוגן ביס בול טבעי 7,גרמים,700.00,100 גרם,false,,13.60,1.9429,true,1,19559
7290011877088,false,"רדיד אלומיניום רוחב 30 ס""מ, 18 מיקרון - מארז זוג",בורסה פאזרי,TR,סנו סושי צמד רדידי א,מטרים,15.00,מטר,false,,14.40,0.9600,true,1,29937
7290011877095,false,"רדיד אלומיניום רוחב 45 ס""מ סנו סושי 2*7.5 מטר",בורסה פאזרי,TR,סנו סושי צמד רדידי א,מטרים,15.00,מטר,false,,18.70,1.2467,true,1,29938
7290011947309,false,זיתים מצוננים סורי מבוקע ולימון כבוש זיתא 230 ג',זיתא – י.ט.ב תעשיות,IL,זית סורי מבוקע עם לי,גרמים,215.00,100 גרם,false,,9.40,4.3721,true,1,24470
7290011947798,false,זית קלמטה ללא גלעין עם שמן זית כתית מעולה,זיתא - י.ט.ב תעשיות,IL,זית קלמטה ללא גלעין,גרמים,190.00,100 גרם,false,,11.90,6.2632,true,1,120439
7290011947903,false,מיקס זיתים יווני זיתא 215 ג',זיתא - י.ט.ב תעשיות,IL,זיתים מיקס ייווני זי,גרמים,215.00,100 גרם,false,,9.40,4.3721,true,1,207120
7290011964689,false,על האש לא מונוסודיום 100 גרם 100 גרם מיכל גדול,"תבליני טעם וריח בע""מ",IL,תבלין על האש ללא מונ,גרמים,100.00,100 גרם,false,,9.70,9.7000,true,1,42001
7290011964702,false,שווארמה ללא מונסודיום 100 גרם מיכל גדול,"תבליני טעם וריח בע""מ",IL,תבלין לשווארמה ללא מ,גרמים,100.00,100 גרם,false,,9.70,9.7000,true,1,42003
7290012022203,false,פריכיות קליליות חיטה,דילייט 2005,IL,קליליות חיטה מלאה די,גרמים,100.00,100 גרם,false,,11.90,11.9000,true,1,31319
7290012022227,false,קליליות חיטה בטעם טבעי,דילייט 2005,IL,קליליות בטעם טבעי די,גרמים,60.00,100 גרם,false,,10.00,16.6667,true,1,31320
7290012022272,false,פריכיות קליליות קידס,דילייט 2005,IL,פריכיות קליליות קידס,יחידה,0.00,יחידה,false,,10.20,0.0000,true,1,31321
7290012086113,false,עגבניות שרי צימן קופסא 500ג',קטיף.,IL,עגבניות שרי,גרמים,500.00,100 גרם,false,,9.90,1.9800,true,1,50520
7290012116063,false,"כיף אל סבון פיות בתמציות קמומיל 750 מ""ל",טרופיקל דגיל תעשיות,IL,אל סבון כיף פיות בתמ,מיליליטרים,750.00,"100 מ""ל",false,,10.20,1.3600,true,1,29956
7290012116360,false,פוליויקס נוזל לניקוי רצפות גרניט פורצלן סנו 2 ליטר,"מפעלי סנו ברונוס בע""",IL,סנו פוליוקס גרניט פו,ליטרים,2.00,ליטר,false,,17.90,8.9500,true,1,29961
7290012116537,false,"מקסימה אבקת כביסה בניחוח מאסק סנו 2.5 ק""ג",טרופיקל דגיל תעשיות,IL,אבקת כביסה סנו מקסימ,קילוגרמים,2.50,"ק""ג",false,,23.00,9.2000,true,1,29962
7290012117350,false,"נוזל רצפות לילך 2 ליטר ""ריצפז פרש""","סנו מפעלי ברונוס בע""\מ",IL,ריצפז פרש לילך לבנדר,ליטרים,2.00,ליטר,false,,16.20,8.1000,true,1,29981
7290012117428,false,"ג'ל רחצה ושמפו מעיינות מנטה קרמה מן 700 מ""ל",טרופיקל דגיל תעשיות,IL,שמפו וג'ל רחצה לגבר,מיליליטרים,700.00,"100 מ""ל",false,,16.20,2.3143,true,1,29987
7290012117435,false,"קרמה - שמפו וג'ל רחצה 2 ב-1 אלוורה 700 מ""ל",טרופיקל דגיל תעשיות,IL,שמפו וג'ל רחצה אלוור,מיליליטרים,700.00,"100 מ""ל",false,,16.20,2.3143,true,1,29988
7290012117534,false,מרכך כביסה מרוכז תכלת קול סנו מקסימה 1 ליטר,"סנו מפעלי ברונוס בע""\מ",IL,סנו מקסימה מרכך קומפ,יחידה,0.00,יחידה,false,,16.20,0.0000,true,1,29990
7290012117541,false,מרכך כביסה מרוכז צהוב סנו מקסימה 1 ליטר,סנו מפעלי ברונוס בעמ,IL,סנו מקסימה מרכך קומפ,יחידה,0.00,יחידה,false,,16.20,0.0000,true,1,29991
7290012117558,false,מקסימה מרכך כביסה מרוכז ורוד בניחוח מאסק סנו 1 ליטר,"סנו מפעלי ברונוס בע""\מ",IL,סנו מקסימה מרכך קומפ,יחידה,0.00,יחידה,false,,16.20,0.0000,true,1,29992
7290012117565,false,כפפות לטקס S סנו סושי 100 יחידות,סנו סושי,IL,סנו סושי 100 כפפות ל,יחידה,0.00,יחידה,false,,38.40,0.0000,true,1,29993
7290012117732,false,מקסימה מרכך כביסה ארומתרפי קול סנו 4 ליטר,"סנו מפעלי ברונוס בע""\מ",IL,מרכך כביסה סנו מקסימ,ליטרים,4.00,ליטר,false,,19.60,4.9000,true,1,30000
7290012191053,true,המנגליסט גפרור ארוך,,,המנגליסט גפרור ארוך,יחידה,0.00,יחידה,false,,5.00,0.0000,true,1,143842
7290012191084,false,אריזת גפרורים 10 קופסאות,,IN,המנגליסט גפרורים עשי,יחידה,0.00,יחידה,false,,2.50,0.0000,true,1,7887
7290012191107,false,המנגליסט גפרורים XL,,,המנגליסט גפרורים XL,יחידה,0.00,יחידה,false,,5.10,0.0000,true,1,144178
7290012193163,false,פמילי אל סבון נוזלי פריחת הדובדבן 1 ליטר,אף.סי תבליני בגליל ב,IL,אלסבון פרחי בר ורוד+,ליטרים,1.00,ליטר,false,,9.30,9.3000,true,1,5902
7290012212154,false,מלפפון במלח קטן מוטו,מוטולה,IL,מלפפון במלח קטן בצנצ,גרמים,560.00,100 גרם,false,,11.10,1.9821,true,1,486729
7290012226021,false,נקניק סלמי מעושן פראג זוגלובק 400 גרם,נקניק נהריה כשר זוגל,IL,סלמי מעושן פראג יבש,גרמים,400.00,100 גרם,false,,14.40,3.6000,true,1,38584
7290012226120,false,"קבנוס 135 גרם ""זוגלובק""",נקניק נהריה כשר זוגל,IL,זוגלובק קבנוס 135ג.,גרמים,135.00,100 גרם,false,,8.50,6.2963,true,1,38585
7290012226342,false,נקניקיה טבעונית למחבת או לתנור עשירה בחלבון,זוגלו'ס Zoglos,IL,נקניקיה מן הצומח טבע,גרמים,460.00,100 גרם,false,,21.30,4.6304,true,1,38588
7290012226939,false,קבנוס עם צ'ילי חריף זוגלובק 135 גרם,נקניק נהריה כשר זוגל,IL,זוגלובק קבנוס בטעם צ,גרמים,135.00,100 גרם,false,,8.50,6.2963,true,1,38594
7290012227325,false,סלמי דק דק מעושן איטלקי 120 ג' זוגלובק,זוגלובק,IL,זוגלובק סלמי מעושן ד,גרמים,120.00,100 גרם,false,,10.20,8.5000,true,1,38607
7290012227912,false,קבנוס מעודן זוגלובק 135 גרם,זוגלובק,IL,קבנוס מעודן זוגלובק,גרמים,135.00,100 גרם,false,,8.50,6.2963,true,1,38629
7290012227974,false,פסטרמה הודו בדבש טהור דק דק דק,זוגלובק,IL,זוגלובק פסטרמה בדבש,גרמים,120.00,100 גרם,false,,10.20,8.5000,true,1,38630
7290012227981,false,פסטרמה דק דק ברביקיו 120 ג' זוגלובק,זוגלובק,IL,פסטרמה ברביקיו זוגלו,גרמים,120.00,100 גרם,false,,10.20,8.5000,true,1,38631
7290012227998,false,פסטרמה דק דק חזה בקר 120 ג' זוגלובק,זוגלובק,IL,זוגלובק חזה בקר 12,גרמים,120.00,100 גרם,false,,11.10,9.2500,true,1,38632
7290012228124,false,קבנוס סטיקס עם נגיעות מלח ים סדרת ריינהולד'ס,זוגלובק,IL,קבנוס סטיקס 50 גר'.,גרמים,50.00,100 גרם,false,,8.50,17.0000,true,1,38635
7290012228261,false,נקנקיות קנקרס הודו ועוף ריינהולד'ס זוגלובק 300 ג',זוגלובק,IL,נקנקיות הודו קנקרס ר,גרמים,300.00,100 גרם,false,,17.10,5.7000,true,1,38642
7290012228278,false,נקנקיות בוקוורסט עוף ובקר ריינהולד'ס 310 ג' זוגלובק,זוגלובק,IL,נקנקיות בוקוורסט הוד,גרמים,300.00,100 גרם,false,,17.10,5.7000,true,1,38643
7290012228728,false,קבנוס סטיקס בסגנון מקסיקני חריף סדרת ריינהולד'ס,זוגלובק,IL,קבנוס סטיקס מקסיקני,גרמים,50.00,100 גרם,false,,8.10,16.2000,true,1,38667
7290012260827,false,שערות קדאיף מזאווי 4,"ממתקי מזוואי בע""מ",IL,שערות קדאיף 475 גרם,גרמים,475.00,100 גרם,false,,11.90,2.5053,true,1,48928
7290012309878,false,חלוה פיסטוק ששון הקולה 500 גרם,ששון הקולה,IL,חלבה פיסטוק שקדיה 50,גרמים,500.00,100 גרם,false,,11.10,2.2200,true,1,4669
7290012313141,false,מלפפונים פרוסות במלח קבוצת יבנה 330 גרם,אף.סי תבליני בגליל ב,IL,פרוסות מלפפון במלח י,גרמים,540.00,100 גרם,false,,5.56,1.0296,true,1,44321
7290012313240,false,מיקס זית ירוק וקלמטה קבוצת יבנה 560 גרם,קבוצת יבנה,IL,מיקס זית ירוק וקלמטה,גרמים,560.00,100 גרם,false,,9.40,1.6786,true,1,114328
7290012372117,false,קמח מלא 100% רובינפלד,"סופר קמח רובינפלד בע""מ",IL,קמח חיטה מלא 100% רו,קילוגרמים,1.00,"ק""ג",false,,9.40,9.4000,true,1,36390
7290012372247,false,"קמח מנופה כוסמין לבן רוביפנלד 1 ק""ג","סופר קמח רובינפלד בע""מ",IL,קמח כוסמין לבן רובינ,קילוגרמים,1.00,"ק""ג",false,,14.50,14.5000,true,1,417799
7290012404955,false,נקטר חמוציות ספרינג קולקשן 1.25 ליטר,יפאורה שותפות מובגלת לשיווק,IL,ספרינג נקטר חמוציות,ליטרים,1.25,ליטר,false,,10.70,8.5600,true,1,11628
7290012413636,false,תה ירוק צ'אי מסאלה ויסוצקי 25 יחידות,ויסוצקי ירוק,IL,תה ירוק צ'אי T.Tשמינ,גרמים,37.50,100 גרם,false,,20.40,54.4000,true,1,24497
7290012454172,false,סוכריות ללא תוספת סוכר בטעם תות מיה 80 גרם,מיה תעשיות מזון מ.ת.מ. ב,IL,סוכריות ללא סוכר בטע,גרמים,80.00,100 גרם,false,,5.00,6.2500,true,1,14891
7290012454189,false,סוכריות ללא תוספת סוכר בטעם קפוצ'ינו מיה 80 גרם,מיה תעשיות מזון,IL,סוכריות ללא סוכר מיה,גרמים,80.00,100 גרם,false,,5.00,6.2500,true,1,14892
7290012454202,false,סוכריות ללא תוספת סוכר בטעם ריבת חלב מיה 80 גרם,מיה תעשיות מזון מ.ת.מ. ב,IL,סוכריות ללא סוכר מיה,גרמים,80.00,100 גרם,false,,5.00,6.2500,true,1,14894
7290012522581,false,טבעול שניצל תירס ללא גלוטן טבעול 664 גרם,עיצובים 2020 (4.8),IL,טבעול שניצל תירס ללא,גרמים,664.00,100 גרם,false,,17.00,2.5602,true,1,19567
7290012561313,false,בצל קצוץ ומטוגן דורות 400 גרם,עיצובים 2020 (3.8),IL,בצל מטוגן דורות 400,גרמים,400.00,100 גרם,false,,14.50,3.6250,true,1,188681
7290012576607,false,"יין קברנה סוביניון פרמייר מלבק אדום ברקן 750 מ""ל","ברקן שיווק והפצה בע""",IL,ברקן יין פרמייר אדום,מיליליטרים,750.00,"100 מ""ל",false,,23.10,3.0800,true,1,9530
7290012576614,false,יין Premieur לבן חצי יבש אמרלד ריזלינג קולומברד,יקבי ברקן שיווק והפצה בע,IL,ברקן יין פרמייר לבן,מיליליטרים,750.00,"100 מ""ל",false,,23.10,3.0800,true,1,9531
7290012645075,false,יוגורט כבשים יווני גביע 350 גרם חלב הארץ,חלב הארץ,IL,יוגורט כבשים בסגנון,גרמים,350.00,100 גרם,false,,9.90,2.8286,true,1,145426
7290012645112,false,יוגורט עיזים 2.8% בדלי חלב הארץ 750 גרם,מחלבות סוסיא,IL,יוגורט עיזים בדלי 75,מיליליטרים,750.00,"100 מ""ל",false,,16.20,2.1600,true,1,23123
7290012645181,false,לאבנה עיזים 5% חלב הארץ 200 גרם,חלב הארץ,IL,לאבנה עיזים 5% חלב ה,גרמים,200.00,100 גרם,false,,11.90,5.9500,true,1,477685
7290012645297,false,יוגורט עיזים ביו 2.8% טעם טבעי חלב הארץ 150 גרם,מחלבות סוסיא,IL,סוסיא יוגורט עיזים ב,מיליליטרים,150.00,"100 מ""ל",false,,4.20,2.8000,true,1,23129
7290012645389,false,יוגורט עיזים 3.7%בבקבוק חלב הארץ 1 ליטר,מחלבות סוסיא,IL,חלב הארץ יוגורט ביו,ליטרים,1.00,ליטר,false,,18.80,18.8000,true,1,23132
7290012803772,false,טוסו שוקולד חלב ללא תוספת סוכר 100 גרם,אלטינמארקה גידה סאן,TR,טוסו שוקלד חלב 100ג,גרמים,100.00,100 גרם,false,,7.70,7.7000,true,1,5933
7290012803789,false,טוסו שוקולד מריר עם אגוזים ללא תוספת סוכר 100 גרם,האי נאם סי או אל.טי.,TR,טוסו שוקלד מריר ואגו,גרמים,100.00,100 גרם,false,,7.70,7.7000,true,1,5934
7290012823381,false,מקסימה מרכך כביסה מרוכז סנסטיב בייבי סנו 1 ליטר,"סנו מפעלי ברונוס בע""\מ",IL,סנו מקסימה סנסטיב מר,יחידה,0.00,יחידה,false,,16.20,0.0000,true,1,30035
7290012823565,false,פוליויקס מטליות ענק לחות לפרקט סנו 10 יחידות,דינאמיק תעשיות,IL,פוליויקס פרקט מטליות,יחידה,0.00,יחידה,false,,12.70,0.0000,true,1,30041
7290012823923,false,"מקסימה מרכך כביסה מרוכז פרפיום גולדן סנרייז סנו 750 מ""ל",סנו מפעלי ברונוס בעמ,IL,סנו מקסימה מרכך פרפי,מיליליטרים,750.00,"100 מ""ל",false,,16.20,2.1600,true,1,30057
7290012823947,false,"סנו - מרכך כביסה מרוכז פרפיום קריסטל נואר 750 מ""ל",מיוצר עי קונדיטוריית,IL,סנו מקסימה מרכך פרפי,מיליליטרים,750.00,"100 מ""ל",false,,16.20,2.1600,true,1,30059
7290012850011,false,מחית ביליבד תפוחי עץ 190ג',נאופארם,IL,בי לאב מחית תפוח עץ,גרמים,190.00,100 גרם,false,,5.00,2.6316,true,1,29274
7290012850073,false,מחית בוליווד סלט פירות 190 גרם,בילובד Beloved,SK,בי לאב מחית סלט פירו,גרמים,190.00,100 גרם,false,,5.00,2.6316,true,1,29277
7290012884986,false,תפוגן ציפס לתנור עד 4% שומן 1.5 קג,"תעשיות תפוגן בע""\מ",IL,תפוגן ציפס לתנור עד,קילוגרמים,1.50,"ק""ג",false,,21.30,14.2000,true,1,19577
7290012901355,false,דודלס ארוחת אטריות עם גבינה 206 גרם,האי נאם סי או אל.טי.,US,דודלס ארוחת איטריות,גרמים,206.00,100 גרם,false,,9.40,4.5631,true,1,36461
7290012931611,false,כריות ברזל לקרצוף חזק שייני 3 יחידות,מ.א ייצור ושיווק מטל,CN,כריות ברזל שלישייה,יחידה,0.00,יחידה,false,,5.00,0.0000,true,1,13520
7290012936937,false,תבלינים בהרט בצנצנת 40 גרם,א.ל ייצור ושיווק תבל,IL,מימון בהרט 40 גרם,גרמים,50.00,100 גרם,false,,10.20,20.4000,true,1,355
7290012936944,false,אגוז מוסקט טחון תבליני מימון 40 גרם,א.ל ייצור ושיווק תבלינים,IL,מימון אגוז מוסקט טחו,גרמים,40.00,100 גרם,false,,12.40,31.0000,true,1,356
7290012938405,false,"רדיד אלומיניום עבה במיוחד לבישול,אפייה והקפאה.",ריינולדס,CN,דאיימונד נייר כסף 87,מטרים,7.60,מטר,false,,15.00,1.9737,true,1,3876
7290012938580,false,"סנסודיין משחת שיניים להלבנה עדינה 75 מ""ל",גלקסוסמית'\קליין קונסיומ,GB,משחת שיניים הלבנה עד,מיליליטרים,75.00,"100 מ""ל",false,,18.80,25.0667,true,1,3878
7290012962448,false,"מדליק פחם נוזלי 250 מ""ל עם פקק ביטחון EASY LIGHT",איזי לייט Easy light,NL,מדליק פחם נוזלי 250,מיליליטרים,250.00,"100 מ""ל",false,,9.90,3.9600,true,1,972
7290013010001,false,עגבניות מרוסקות פרי מבורך 260 גרם,"זנלכל בע""\מ",IL,עגבניות מרוסקות פרי,גרמים,260.00,100 גרם,false,,4.70,1.8077,true,1,8711
7290013010018,false,רוטב עגבניות לפסטה פרי מבורך 240 גרם,"זנלכל בע""\מ",IL,רוטב לפסטה פרי מבורך,גרמים,260.00,100 גרם,false,,4.70,1.8077,true,1,8712
7290013010025,false,"רוטב עגבניות לפיצה בד""ץ פרי מבורך 240 גרם","זנלכל בע""\מ",IL,רוטב לפיצה פרי מבורך,גרמים,260.00,100 גרם,false,,4.70,1.8077,true,1,8713
7290013027399,false,לחם קמח מלא קל בתוספת שיפון 750 ג' אנג'ל,מאפיית שלמה א. אנג'\ל בע,IL,לחם 100 בתוספת שיפון,גרמים,750.00,100 גרם,false,,11.90,1.5867,true,1,35251
7290013038432,false,מים אקווה נובה בקבוק יחיד,אקווה נובה Aqua Nova,IL,אקווה נובה 2 ליטר,ליטרים,2.00,ליטר,false,,3.90,1.9500,true,1,9540
7290013083661,false,תחליף חלב מטרנה אקסטרה קר שלב 1 700 גרם,מטרנה תעשיות ש.מ,IL,מטרנה אקסטרה קר חסכו,גרמים,700.00,100 גרם,false,,50.40,7.2000,true,1,18530
7290013083678,false,תחליף חלב מטרנה אקסטרה קר שלב 2 700 גרם,מולינו ניקולי s.p.a,IL,מטרנה אקסטרה קר שלב,גרמים,700.00,100 גרם,false,,50.40,7.2000,true,1,18531
7290013117212,false,בורקס פילו במילוי גבינה מעדנות 600 גר,מיוצר עי קונדיטוריית,IL,בורקס פילו גבינה מעד,גרמים,600.00,100 גרם,false,,16.20,2.7000,true,1,35406
7290013117236,false,בורקס פילו פיצה מעדנות 600 גרם,מיוצר עי קונדיטוריית,IL,בורקס פילו פיצה מעדנ,גרמים,600.00,100 גרם,false,,16.20,2.7000,true,1,35408
7290013117243,false,בורקס פילו בולגרית מעדנות 600 גרם,מיוצר עי קונדיטוריית,IL,בורקס פילו בולגרית מ,גרמים,600.00,100 גרם,false,,16.20,2.7000,true,1,35409
7290013117427,false,בצק פריך מרודד למאפים מלוחים מעדנות 2*450 גרם,מיוצר עי קונדיטוריית,IL,מעדנות בצק פריך מרוד,גרמים,900.00,100 גרם,false,,17.00,1.8889,true,1,35412
7290013117526,false,בצק שמרים מרודד למאפים מתוקים מעדנות 900 גרם,"מעדנות בע""\מ",IL,מעדנות בצק שמרים למא,גרמים,900.00,100 גרם,false,,17.00,1.8889,true,1,35415
7290013121028,false,לחם לבן 500 גרם ללא גלוטן גרין לייט,אביב קונדיטוריה מעול,IL,לחם לבן ללא גלוטן גר,גרמים,500.00,100 גרם,false,,15.30,3.0600,true,1,49290
7290013121103,false,רביעיית לחמניות סנדויץ ללא גלוטן 460 גרם,אביב קונדיטוריה מעול,IL,שליש בגט 4 יחידות גר,גרמים,400.00,100 גרם,false,,14.00,3.5000,true,1,49294
7290013144140,false,תערובת להכנת סופגניות ודונאט 600 גרם,מיוצר עי קונדיטוריית,IL,מימונס תערובת לסופגנ,גרמים,600.00,100 גרם,false,,15.00,2.5000,true,1,15115
7290013144171,false,"תערובת עוגת שוקולד 560 גרם ""מיימונס""",א.ל ייצור ושיווק תבלינים,IL,תערובת עוגת שוקולד 5,גרמים,560.00,100 גרם,false,,13.60,2.4286,true,1,15118
7290013144218,false,מיימונס תערובת עוגת וניל 560 גרם.,א.ל ייצור ושיווק תבלינים,IL,תערובת עוגת וניל 560,גרמים,560.00,100 גרם,false,,13.60,2.4286,true,1,15122
7290013144232,false,מיימונס פודינג בטעם וניל 80 גרם,א.ל ייצור ושיווק תבלינים,IL,פודינג וניל מימונס 8,גרמים,80.00,100 גרם,false,,4.20,5.2500,true,1,15124
7290013144249,false,מיימונס פודינג שוקולד 95 גרם,א.ל ייצור ושיווק תבלינים,IL,פודינג שוקולד 95 גרם,גרמים,95.00,100 גרם,false,,4.20,4.4211,true,1,15125
7290013144409,false,תמצית בטעם רום מימונס 50 גרם,א.ל ייצור ושיווק תבלינים,IL,תמצית בטעם רום 50גר,מיליליטרים,50.00,"100 מ""ל",false,,3.80,7.6000,true,1,15134
7290013145093,false,"שקד מולבן גרוס 100 גרם ""מיימונס",א.ל ייצור ושיווק תבלינים,IL,מימונס שקד מולבן גרו,גרמים,100.00,100 גרם,false,,11.00,11.0000,true,1,15156
7290013145109,false,שקד מולבון טחון מימונס 100 גרם,א.ל ייצור ושיווק תבלינים,IL,מימונס שקד מולבן טחו,גרמים,100.00,100 גרם,false,,11.00,11.0000,true,1,15157
7290013145116,false,מיימונס שקד מולבן מקלות 100 גרם.,א.ל ייצור ושיווק תבלינים,IL,מימונס שקד מולבן מקל,גרמים,100.00,100 גרם,false,,11.00,11.0000,true,1,15158
7290013145130,false,"שקד מולבן חצוי 100 גרם ""מיימונס",מימונס אפייה,IL,מימונס שקד מולבן חצו,גרמים,100.00,100 גרם,false,,11.00,11.0000,true,1,15160
7290013145192,false,שומשום מיימונס 100 גרם,א.ל ייצור ושיווק תבלינים,IL,שומשום 100גר,גרמים,100.00,100 גרם,false,,4.20,4.2000,true,1,15164
7290013145246,false,גרעין חמניה מקולף מיימונס 100 גרם,א.ל ייצור ושיווק תבלינים,IL,מימונס גרעין חמניה מ,גרמים,100.00,100 גרם,false,,4.50,4.5000,true,1,15166
7290013145444,false,שוקולד מריר מעולה ציפס 66% מימונס 250 ג',המאפיה של הרמן,IL,מימונס שוקולד ציפס 6,גרמים,250.00,100 גרם,false,,12.80,5.1200,true,1,15173
7290013145451,false,אבקת קקאו מימונס 150 ג',מיוצר עי קונדיטוריית,IL,מימונס קקאו 150 גר,גרמים,150.00,100 גרם,false,,8.50,5.6667,true,1,15174
7290013145628,false,סוכריות צבעוניות לקישוט מימונס 200 גרם,א.ל ייצור ושיווק תבלינים,IL,סוכריות צבעוניות לקי,גרמים,200.00,100 גרם,false,,7.60,3.8000,true,1,15181
7290013145826,false,פודניג בטעם וניל לבן במיוחד מימונס 80 ג',א.ל ייצור ושיווק תבלינים,IL,מימונס פודינג בטעם ו,גרמים,80.00,100 גרם,false,,3.40,4.2500,true,1,15193
7290013145833,false,פודינג שוקולד אמיתי מימונס 80 גרם,א.ל ייצור ושיווק תבלינים,IL,מימונס פודינג שוקולד,גרמים,95.00,100 גרם,false,,3.40,3.5789,true,1,15194
7290013145840,false,סוכר וניל מיימונס 10 יחידות,א.ל ייצור ושיווק תבלינים,IL,מימונס סוכר וניל 10*,גרמים,100.00,100 גרם,false,,2.10,2.1000,true,1,15195
7290013145857,false,אבקת אפיה מיימונס 10 יחידות,מימונס אפייה,IL,אבקת אפיה 10* 10 גרם,גרמים,100.00,100 גרם,false,,2.10,2.1000,true,1,15196
7290013145963,false,שמרים יבשים בוואקום מיימונס 125 גרם,מימונס אפייה,CN,מימונס שמרים יבשים ב,גרמים,125.00,100 גרם,false,,4.70,3.7600,true,1,15204
7290013145970,false,קורנפלור מימונס בשקית 200 ג',א.ל ייצור ושיווק תבלינים,IL,מימונס קורנפלור 200,גרמים,200.00,100 גרם,false,,3.30,1.6500,true,1,15205
7290013146243,false,פודינג בטעם וניל מיממונס 320 גרם,,IL,פודינג בטעם וניל 320,גרמים,320.00,100 גרם,false,,16.20,5.0625,true,1,570955
7290013146304,false,קורנפלור 500 גרם מימונס.,א.ל ייצור ושיווק תבלינים,IL,מימונס קורנפלור 500,גרמים,500.00,100 גרם,false,,5.90,1.1800,true,1,15217
7290013146410,false,נשיקות לקישוט צבע כחול מימונס 60 גרם,רות פטיפורים,IL,נשיקות לקישוט צבע כח,יחידה,0.00,יחידה,false,,13.60,0.0000,true,1,63269
7290013146724,false,אבקת אייס קפה 350 גרם מימונס,מימונס אפייה,IL,אייס קפה להכנה ביתית,גרמים,350.00,100 גרם,false,,15.30,4.3714,true,1,281163
7290013153593,false,תפוזים מתקתק 100% פריגת 1 ליטר,"גת גבעת חיים,",IL,פריגת סחוט תפוזים מת,ליטרים,1.00,ליטר,false,,10.20,10.2000,true,1,6437
7290013220899,false,תות שדה קפוא 500 גרם,א.מ שרון,PL,תות שדה קפוא 500 גרם,גרמים,500.00,100 גרם,false,,17.10,3.4200,true,1,51201
7290013220929,false,אוכמניות כחולות 400 גרם,א.צלוביץ,PL,אוכמנית כחולות 400,גרמים,400.00,100 גרם,false,,17.10,4.2750,true,1,51202
7290013268020,false,מקסימה מרכך כביסה מרוכז בניחוח אולטרא פרש סנו 1 ליטר,"סנו מפעלי ברונוס בע""\מ",IL,סנו מקסימה אולטרא פר,יחידה,0.00,יחידה,false,,16.20,0.0000,true,1,30061
7290013268037,false,מקסימה מרכך כביסה מרוכז בניחוח לבנדר פצ'ולי סנו 1 ליטר,"סנו מפעלי ברונוס בע""\מ",IL,סנו מקסימה פצ'ולי מר,יחידה,0.00,יחידה,false,,16.20,0.0000,true,1,30062
7290013268563,false,"קרמה - דאודורנט ספריי לגבר ללא אלומיניום כחול קול 200 מ""ל",מיוצר עי אמיליה קוסמ,IL,דאודורנט ספרי קרמה מ,מיליליטרים,200.00,"100 מ""ל",false,,11.90,5.9500,true,1,30080
7290013268839,false,פוליויקס פרקט-תרכיז ריחני לניקוי רצפות עץ,"סנו מפעלי ברונוס בע""\מ",IL,סנו פוליויקס פרקט בנ,ליטרים,2.00,ליטר,false,,18.70,9.3500,true,1,30094
7290013268891,false,אוקסיג'ן ג'ל ללא אקונומיקה עם חמצן פעיל סנו 3 ליטר,"סנו מפעלי ברונוס בע""\מ",IL,סנו אוקסיג'ן 3 ליטר,ליטרים,3.00,ליטר,false,,26.40,8.8000,true,1,30097
7290013268938,false,סנובון סבון אסלה בניחוח מאסק - מארז 3 יח',סנו סנובון,IL,סנובון שלישיה מאסק 3,גרמים,195.00,100 גרם,false,,10.20,5.2308,true,1,30100
7290013268983,false,מרכך כביסה סופר מרוכז בבישום עוצמתי סנו מקסימה 1 ל',"סנו מפעלי ברונוס בע""\מ",IL,מקסימה מרכך כביסה בב,יחידה,0.00,יחידה,false,,16.20,0.0000,true,1,169560
7290013268990,false,מרכך כביסה מרוכז לבן ביו סנו מקסימה 1 ליטר,"סנו מפעלי ברונוס בע""\מ",IL,סנו מקסימה מרכך מרוכ,יחידה,0.00,יחידה,false,,16.20,0.0000,true,1,30101
7290013269003,false,מרכך כביסה סופר מרוכז בייבי לתינוקות ולעור רגיש,"סנו מפעלי ברונוס בע""\מ",IL,סנו מקסימה קר בייבי,ליטרים,1.00,ליטר,false,,17.00,17.0000,true,1,30102
7290013269263,false,ג'ל כביסה מרוכז מקסימה בבישום קריסטל נואר,סנו מפעלי ברונוס בעמ,IL,מקסימה גל כביסה קריס,ליטרים,3.00,ליטר,false,,29.00,9.6667,true,1,30108
7290013269287,false,סנו - מקסימה ג'ל כביסה מרוכז מאסק 3 ליטר,"סנו מפעלי ברונוס בע""\מ",IL,מקסימה מאסק גל כביסה,ליטרים,3.00,ליטר,false,,29.00,9.6667,true,1,30109
7290013269300,false,ניילון נצמד פלוס סנו סושי 150 מטר,"מיוצר בהונג קונג, סי",IL,סנו סושי פלסטיק נצמד,מטרים,150.00,מטר,false,,20.40,0.1360,true,1,30110
7290013269621,false,ריצפז פרש לניקוי רצפות בניחוח מלון בוטיק,מיוצר עי קונדיטוריית,IL,ריצפז פרש הום בניחוח,ליטרים,2.00,ליטר,false,,18.70,9.3500,true,1,30116
7290013269638,false,ספוג הפלא אקסטרה Extra- מארז 6 יח',החברה הדרומית,IL,סנו סושי ספוג הפלא א,יחידה,0.00,יחידה,false,,8.30,0.0000,true,1,30117
7290013269645,false,ריצפז פרש מטליות לחות לריצפה בניחוח מאסק 10 יחידות,סנו מפעלי ברונוס בעמ,IL,ריצפז פרש מטליות לחו,יחידה,0.00,יחידה,false,,10.20,0.0000,true,1,30118
7290013269669,false,ריצפז בניחוח פנטזיה לניקוי הרצפה,"סנו מפעלי ברונוס בע""",IL,ריצפז פנטזיה 3ל,ליטרים,3.00,ליטר,false,,11.00,3.6667,true,1,30120
7290013269751,false,מטליות לחותריצפז פרש לניקוי ריצפה בניחות מלון בוטיק 10 יח' סנו,טרופיקל דגיל תעשיות,IL,ריצפז מטליות לחות לנ,יחידה,0.00,יחידה,false,,10.20,0.0000,true,1,30123
7290013269850,false,נייר אפיה אקולוגי סנו סושי 50 יחידות,מולינו ניקולי s.p.a,IL,סנו סושי נייר אפיה א,יחידה,0.00,יחידה,false,,12.70,0.0000,true,1,30127
7290013358356,false,מאסטר שף - פירורי לחם מוזהבים 320 גרם,מנה י.א בעמ,IL,מאסטר שף פירורי לחם,גרמים,350.00,100 גרם,false,,5.90,1.6857,true,1,21265
7290013358363,false,מאסטר שף פרורי לחם פנקו עבים בסגנון יפני 300 גר,קריניציה ויטמינה אס,IL,מאסטר שף פירורי לחם,גרמים,300.00,100 גרם,false,,8.50,2.8333,true,1,21266
7290013358370,false,פנקו פירורי לחם מאסטר שף בטעם שום 300 גרם,"מיוצר ע""י מנה י.א בע",IL,מאסטר שף פירורי לחם,גרמים,300.00,100 גרם,false,,8.50,2.8333,true,1,21267
7290013358530,false,מאסטר שף אסייאתי רוטב צ'ילי מתוק 700 מל כשלפ,קריניציה ויטמינה אס,TH,מאסטר שף רוטב צ'ילי,מיליליטרים,700.00,"100 מ""ל",false,,10.20,1.4571,true,1,21280
7290013358547,false,מאסטר שף אסייאתי רוטב צ'ילי חריף 700 מל כשלפ,קי.אר.אס. ספייסי פוד,TH,מאסטר שף רוטב צ'ילי,מיליליטרים,700.00,"100 מ""ל",false,,10.20,1.4571,true,1,21281
7290013358806,false,מנה מאגדת פריכיות אורז עם מלח 264 גרם,מנה Mana,IL,מאגדת פריכיות עם מלח,גרמים,264.00,100 גרם,false,,10.20,3.8636,true,1,21287
7290013366634,false,כרמל יבולים חסה סלנו,שמיניית מעדן חלב שוק,IL,חסה סלנובה,יח',1.00,יח',false,,11.90,11.9000,true,1,47291
7290013382382,false,קומקום נירוסטה נשלף.,,,קומקום נירוסטה נשלף.,יחידה,0.00,יחידה,false,,56.30,0.0000,true,1,83767
7290013424921,false,קיווי פרוסות קפוא פי,בינזו לונגשינטיאנרן,PL,קיווי פרוס קפוא 500,גרמים,500.00,100 גרם,false,,11.00,2.2000,true,1,144941
7290013424952,false,אננס קפוא 500 ג' פילד גוד,סאפו דקלאק טריידינג,PL,אננס חתוך קפוא 500 ג,גרמים,500.00,100 גרם,false,,11.00,2.2000,true,1,144942
7290013440648,false,מאגדת שלגוני אבטיח נסטלה 5 יחידות,גלידות נסטלה )נגה גלידות,IL,אבטיח קרחונים מאגדת,גרמים,540.00,100 גרם,false,,21.30,3.9444,true,1,15884
7290013472199,false,ערמונים קלופים וקלויים 105 גרם,בייג'גג פוינונג,CN,וילי פוד ערמונים 100,גרמים,100.00,100 גרם,false,,5.90,5.9000,true,1,2961
7290013531117,false,רוטב פסטה לילדים 240 גרם יכין,"זנלכל בע""\מ",IL,רוטב לפסטה לילדים יכ,גרמים,260.00,100 גרם,false,,4.70,1.8077,true,1,8726
7290013531759,false,שעועית אפויה במים יכין 330 גרם,"זנלכל בע""\מ",IL,שעועית אפויה במים יכ,גרמים,550.00,100 גרם,false,,8.50,1.5455,true,1,8745
7290013585233,false,"ספרייט זירו פחית סליק 330 מ""ל",החברה המרכזית לייצור משקאות,IL,פחית סליק 330 מל ZER,מיליליטרים,330.00,"100 מ""ל",false,,4.70,1.4242,true,1,7083
7290013585257,false,ספרייט זירו בבקבוק אישי,החברה המרכזית לייצור משקאות,IL,ZERO ספרייט 0.5 ל,מיליליטרים,500.00,"100 מ""ל",false,,6.50,1.3000,true,1,7085
7290013585387,false,קוקה קולה זירו בקבוק,החברה המרכזית לייצור משקאות,IL,קולה זירו 1 ליטר,ליטרים,1.00,ליטר,false,,5.90,5.9000,true,1,7095
7290013585394,false,קוקה קולה 1ליטר בודד,החברה המרכזית לייצור משקאות,IL,קוקה קולה 1 ליטר,ליטרים,1.00,ליטר,false,,6.50,6.5000,true,1,7096
7290013608260,false,מיץ רימונים 100%מיץ סחוט טרי מצונן 1ליט,"גניר (1992) בע""מ",IL,פרימור מיץ רימונים ס,יחידה,0.00,יחידה,false,,19.60,0.0000,true,1,23137
7290013608864,false,פרימור משקה פירות הדר 1 ליטר בתוספת ויטמין C,"גניר (1992) בע""מ",IL,פרימור משקה פירות הד,ליטרים,1.00,ליטר,false,,13.60,13.6000,true,1,86015
7290013652171,false,"ד""ר פישר - נטורל קר מגבונים להסרת איפור לעור שמן מעורב 30 יח' * 3",פישר מעבדות פרמצבטיות בע,IL,נטורל קר מגב.הסרת אי,יחידה,0.00,יחידה,false,,21.30,0.0000,true,1,28946
7290013677372,false,ג'לילנד - ג'ליבינס - תפוח /דובדבן - 100גרם *(12יח'),מיה תעשיות מזון מ.ת.מ. ב,IL,מיה ג'לי לנד תפוח דו,גרמים,100.00,100 גרם,false,,5.00,5.0000,true,1,14940
7290013677648,false,שמן זית למאור מיה 1 ליטר,מיה תעשיות מזון בעמ,ES,שמן זית למאור 1 ל' ב,ליטרים,1.00,ליטר,false,,17.10,17.1000,true,1,14948
7290013677679,false,סודה לשתיה בשקית מיה 80 גרם,מיה תעשיות מזון מ.ת.מ. ב,IL,סודה לשתיה בשקית 80,גרמים,80.00,100 גרם,false,,3.40,4.2500,true,1,14951
7290013677839,false,"בורגול יבש מיה 1 ק""ג","מיה תעשיות מזון בע""מ",IL,בורגול 1 ק'ג,קילוגרמים,1.00,"ק""ג",false,,5.90,5.9000,true,1,14959
7290013702005,false,מים טעם פירות יער 1.5 ל,יפאורה שותפות מובגלת לשיווק,IL,שוופס וואטר פירות יע,ליטרים,1.50,ליטר,false,,6.60,4.4000,true,1,11631
7290013702883,false,"שוופס מוגז פינק למונייד 500 מ""ל",יפאורה שותפות מובגלת לשיווק,IL,משקה פינק למונייד שו,מיליליטרים,500.00,"100 מ""ל",false,,5.10,1.0200,true,1,11657
7290013724946,false,שקדים בשוקולד מריר 140 גר שקדיה,"דין שיווק וקלייה בע""",IL,שקדים בציפוי שוקלד מ,גרמים,140.00,100 גרם,false,,9.40,6.7143,true,1,4677
7290013724960,false,שקדים בציפוי שוקולד בקופסא שקדיה 140 גרם,"דין שיווק וקלייה בע""",IL,שקדים בציפוי שוקולד,גרמים,140.00,100 גרם,false,,9.40,6.7143,true,1,4679
7290013724991,false,אגוזי לוז בציפוי שוקולד בקופסא שקדיה 140 גרם,"דין שיווק וקלייה בע""",IL,אגוזי לוז בציפוי שוק,גרמים,140.00,100 גרם,false,,9.40,6.7143,true,1,4682
7290013725820,false,אגוזי לוז בשוקולד מריר 140 גר שקדיה,"דין שיווק וקלייה בע""",IL,אגוזי לוז בציפוי שוק,גרמים,140.00,100 גרם,false,,9.40,6.7143,true,1,4685
7290013787392,false,רביולי גבינות קלאסי 330 גרם ריקו בית יוסף,דודו איטליאן פרודקטס בע\,IL,רביולי גבינות קלאסי,גרמים,330.00,100 גרם,false,,21.30,6.4545,true,1,89746
7290013793102,false,ערכת נוזלי עטרת מלכו,,,ערכת נוזלי עטרת מלכו,יחידה,0.00,יחידה,false,,60.60,0.0000,true,1,17787
7290013793126,false,ערכת מוצק אור והדר,,,ערכת מוצק אור והדר,יחידה,0.00,יחידה,false,,52.10,0.0000,true,1,17789
7290013847102,false,נתחי טונה בהירה בשמן - מארז שלישיה,סטארקיסט Starkist,TR,טונה בשמן סטארקיסט ש,גרמים,240.00,100 גרם,false,,10.60,4.4167,true,1,26448
7290013847867,false,מארז זוג טונה בשמן סויה 140 ג' סטארקיסט,טונה ויטנאם קו. אל.ט,IL,נתחי טונה בהירה בשמן,גרמים,140.00,100 גרם,false,,11.10,7.9286,true,1,615628
7290013848383,false,קרמה מן גל רחצה אקטיב בלוק 700 מל לגבר,טרופיקל דגיל תעשיות,IL,ג'ל רחצה אנטי בלוק ק,מיליליטרים,700.00,"100 מ""ל",false,,16.20,2.3143,true,1,30139
7290013906441,false,קבנוס טירת צבי 120 גרם,הנסיך- מפעל לייצור ט,IL,טירת צבי קבנוס 120 ג,גרמים,120.00,100 גרם,false,,8.50,7.0833,true,1,25162
7290013906489,false,חטיפי מיני קבנוס טירת צבי 120 גרם,הנסיך- מפעל לייצור ט,IL,טירת צבי חטיפי מיני,גרמים,120.00,100 גרם,false,,8.50,7.0833,true,1,25164
7290013906687,false,פסט' צמד כפרית ברביקיו ודבש 300X2ג' טירת צבי,הנסיך- מפעל לייצור ט,IL,טירת צבי צמד כפרית ב,גרמים,600.00,100 גרם,false,,21.30,3.5500,true,1,25168
7290013906694,false,נקניקיות שקית קילו וחצי טירת צבי,הנסיך- מפעל לייצור ט,IL,"נקניקיות עוף 1.5 ק""ג",קילוגרמים,1.50,"100 ק""ג",false,,29.90,1993.3333,true,1,357070
7290013906700,false,"נקניקיות הודו טירת צבי כשרות הרב מחפוד 1.5 ק""ג",טיב טירת צבי 2000,IL,"נקניקיות הודו 1.5 ק""",קילוגרמים,1.50,"100 ק""ג",false,,30.70,2046.6667,true,1,357056
7290014002197,false,חליטת קמומיל ולימונית הגן הקסום ויסוצקי 25 יחידות,תה ויסוצקי,IL,תה חליטת קמומיל ולימ,גרמים,37.50,100 גרם,false,,15.30,40.8000,true,1,24508
7290014002203,false,חליטת לימונית ולואיזה הגן הקסום ויסוצקי 25 יחידות,תה ויסוצקי,IL,תה חליטת לימונית ולו,גרמים,37.50,100 גרם,false,,15.30,40.8000,true,1,24509
7290014002944,false,גן קסום חליטת פירות וצמחים חמדת שקד 25 שקיקים,תה ויסוצקי,IL,תה גן קסום חליטת חמא,גרמים,62.50,100 גרם,false,,15.30,24.4800,true,1,24521
7290014027213,false,"ערק ג'בלנא 40% אלכוהול 700 מ""ל",משקאות ג'בלנא,IL,ערק ג'בלנא מיוצר מכו,מיליליטרים,700.00,"100 מ""ל",false,,42.70,6.1000,true,1,191145
7290014046016,false,פסטרמה של פעם דל שומן 2% רכיבים טבעיים,מעדני יחיעם,IL,יחיעם פסטרמה הודו 10,גרמים,250.00,100 גרם,false,,21.30,8.5200,true,1,15350
7290014046474,false,"נקניקיות עוף יחיעם 1.5 ק""ג",מעדני יחיעם,IL,יחיעם נקניקיות עוף 1,קילוגרמים,1.50,"ק""ג",false,,23.80,15.8667,true,1,15356
7290014046580,false,"פסטרמה מעודנת על האש 300 גרם ""יחיעם""",מעדני יחיעם 1993,IL,יחיעם פסטרמה מעודנת,גרמים,300.00,100 גרם,false,,17.10,5.7000,true,1,15363
7290014059436,false,"משחת שיניים סנסודיין 75 מ""ל פרימיום לשיקום והגנה מלבינה 75 מ""ל","סמית קליין ביצ'ם בע""",GB,משחת שיניים לשיקום ס,מיליליטרים,75.00,"100 מ""ל",false,,20.40,27.2000,true,1,3903
7290014066373,false,לנדוור-קפסולות אספרסו קלאסיק(09) - 10יח'12X יח,קפה לנדוור,IL,לנדוור קפה אספרסו קל,יחידה,0.00,יחידה,false,,13.60,0.0000,true,1,45
7290014066533,false,לנדוור-קפסולות אספרסו קלייה כפולה(12) - 10יח'12X יח,קפה לנדוור,IL,לנדוור קפסולות אספרס,יחידה,0.00,יחידה,false,,13.60,0.0000,true,1,61500
7290014072107,false,חסה קטיף כהלכה,קטיף.,IL,"חסה בד""צ",יח',1.00,יח',false,,8.90,8.9000,true,1,48875
7290014072169,false,"פטרוזיליה בד""ץ יח'",קטיף.,IL,פטרוזליה בדץ יח,גרמים,90.00,100 גרם,false,,7.90,8.7778,true,1,48878
7290014079014,false,לבבות קיסר ארוז נספק,"מרינה פטריות הגליל בע""מ",IL,לבבות קיסר,גרמים,300.00,100 גרם,false,,9.90,3.3000,true,1,35340
7290014083813,false,וילי פוד מריגה שפרוטים מעושנים בשמן 190ג,הנסיך- מפעל לייצור ט,LV,בריוולס וילניס שפרוט,גרמים,190.00,100 גרם,false,,6.80,3.5789,true,1,2990
7290014094338,false,דלעת מקולפת 250 גרם בקופסא,"דין שיווק וקלייה בע""",,גרעיני דלעת קלופים 2,גרמים,250.00,100 גרם,false,,12.80,5.1200,true,1,4701
7290014094345,false,גרעיני חמניה קלופים ששון הקולה בקופסא 300 גרם,"דין שיווק וקלייה בע""",US,ששון הקולה גרעיני חמ,גרמים,300.00,100 גרם,false,,8.50,2.8333,true,1,4702
7290014094383,false,משמש מיובש ששון הקול,"דין שיווק וקלייה בע""",,שקדיה משמש מיובש 250,גרמים,250.00,100 גרם,false,,20.50,8.2000,true,1,4706
7290014094406,false,צימוק לבן בקופסא ששון הקולה 330 גרם,"דין שיווק וקלייה בע""",US,צימוק בהיר בקופסא 2,גרמים,250.00,100 גרם,false,,14.50,5.8000,true,1,4708
7290014094659,false,בונדוק טבעי 250 גרם בקופסא,"ליגו, ואני",IL,אגוז לוז טבעי 250 גר,גרמים,250.00,100 גרם,false,,21.30,8.5200,true,1,4728
7290014094864,false,פיסטוק קלוי 170 גר עם קליפה ששון הקולה,"דין שיווק וקלייה בע""",IL,פיסטוק קלוי 170 גרם,גרמים,170.00,100 גרם,false,,14.50,8.5294,true,1,4735
7290014094895,false,אגוזים קלופים בשקית ששון הקולה 150 גרם,"שקדיה גבע תעשיות בע""",IL,אגוז מלך 150גר ששון,גרמים,150.00,100 גרם,false,,9.40,6.2667,true,1,4738
7290014094901,false,פקאן טבעי 150 גרם ששון הקולה,"דין שיווק וקלייה בע""",IL,פקאן טבעי 150 גרם,גרמים,150.00,100 גרם,false,,17.10,11.4000,true,1,4739
7290014217065,false,אורגנו עלים בקופ' 30 גר' טעם וריח,"תבליני טעם וריח בע""מ",IL,טעם וריח אורגנו מיכל,גרמים,30.00,100 גרם,false,,10.10,33.6667,true,1,42010
7290014217164,false,תבלין פטרוזיליה מיכל גדול 20 ג',"תבליני טעם וריח בע""מ",IL,תבלין פטרויליה טעם ו,גרמים,20.00,100 גרם,false,,10.80,54.0000,true,1,42015
7290014217171,false,תערובת תיבול תיבול גריל דג מיכל 100ג',"תבליני טעם וריח בע""מ",IL,תבלין בתיבול גריל דג,גרמים,100.00,100 גרם,false,,11.80,11.8000,true,1,42016
7290014217225,false,גריל עוף בקופ' 120 גר' טעם וריח,"תבליני טעם וריח בע""מ",IL,טעם וריח גריל עוף מי,גרמים,120.00,100 גרם,false,,10.80,9.0000,true,1,42017
7290014217362,false,תיבול לקציצות בקופ' 100 גר' טעם וריח,"תבליני טעם וריח בע""מ",IL,תערובת תיבול קציצות,גרמים,100.00,100 גרם,false,,11.80,11.8000,true,1,42023
7290014218932,false,חטיפי פיצה בתוספ זיתים בשקית מעדנות 710 גרם,מיוצר עי קונדיטוריית,IL,חטיפי פיצה בתוספת זי,גרמים,710.00,100 גרם,false,,23.90,3.3662,true,1,35465
7290014256637,false,"יין מבעבע מוסקטו באזז יקבי כרמל 750 מ""ל",יקבי כרמל Carmel Winery,IL,יין באזז מוסקטו 750מ,מיליליטרים,750.00,"100 מ""ל",false,,23.90,3.1867,true,1,565
7290014258730,false,תרכובת מזון צמחי לתינוקות מגיל 12 חודשים ואילך,מטרנה תעשיות ש.מ,IL,מטרנה צמחי מגיל שנה,גרמים,700.00,100 גרם,false,,54.60,7.8000,true,1,18548
7290014258877,false,מטרנה מהדרין ספיישל 700 גרם,מטרנה תעשיות ש.מ,IL,מטרנה מהדרין ספיישל,גרמים,700.00,100 גרם,false,,59.70,8.5286,true,1,18549
7290014298200,false,בקבוק ספורט / ילדים,,,בקבוקי שתיה ילדים,יחידה,0.00,יחידה,false,,29.90,0.0000,true,1,14052
7290014298675,false,מצע לשמירת טריות ירקות,,,ספוג ירוק לשמירת טרי,יחידה,0.00,יחידה,false,,9.90,0.0000,true,1,14061
7290014298996,false,בקבוק תרמי 500 מ''ל מוסקו,,,בקבוק טרמי,יחידה,0.00,יחידה,false,,49.90,0.0000,true,1,14064
7290014325135,false,"קונפיטורה אוכמניות 340 גרם כשל""פ חתם סופר",מיה תעשיות מזון מ.ת.מ. ב,IL,מיה קונפיטורה אוכמני,גרמים,340.00,100 גרם,false,,7.70,2.2647,true,1,14971
7290014397279,false,שקיות מזון גדולות XL סנו סושי 300 יחידות,"אשפלסט תעשיות בע""מ",CN,סנו סושי שקיות מזון,יחידה,0.00,יחידה,false,,11.90,0.0000,true,1,30186
7290014397286,false,מרכך כביסה מרוכז חלב ודבש סנו מקסימה 1 ליטר,סנו-מקסימה,IL,סנו מקסימה קר מרכך מ,ליטרים,1.00,ליטר,false,,16.20,16.2000,true,1,30187
7290014397705,false,נוזל רצפות פוליווקס פרקט מרענן סנו 2ל',סנו פוליויקס,IL,פוליויקס פרקט בניחוח,ליטרים,2.00,ליטר,false,,18.70,9.3500,true,1,30207
7290014397767,false,סנו ריצפז פרש הום 2 ליטר בניחוח כותנה-מרכז,"סנו מפעלי ברונוס בע""",IL,ריצפז פרש הום כותנה,ליטרים,2.00,ליטר,false,,18.70,9.3500,true,1,30213
7290014397835,false,סנו - מט דוחה יתושים נוזלי מכשיר + מילוי 45 לילות,זובאלה,IT,סנומט סמארט מכשיר+מי,יחידה,0.00,יחידה,false,,35.00,0.0000,true,1,30217
7290014397873,false,מרכך כביסה בבישום עוצמתי ג'נטל בריז,סנו מפעלי ברונוס בעמ,IL,מרכך כביסה סנו מקסימ,ליטרים,4.00,ליטר,false,,19.60,4.9000,true,1,30221
7290014435704,false,סלמון מעושן שמיר 100 גרם,שבעת הימים - שמיר,IL,סלמון מעושן סלטי שמי,גרמים,100.00,100 גרם,false,,20.40,20.4000,true,1,17515
7290014435803,false,מטיאס הולנדי (פרובנציאל) עם בצל בשמן 180 גרם,שבעת הימים - שמיר,IL,מטיאס הולנדי פרובנצי,גרמים,180.00,100 גרם,false,,16.20,9.0000,true,1,17517
7290014435810,false,נתחי הרינג כבוש עם בצל במרינת חמוץ מתוק שמיר 220 גרם,שבעת הימים - שמיר,IL,הרינג כבוש עם בצל במ,גרמים,180.00,100 גרם,false,,16.20,9.0000,true,1,17518
7290014455245,false,גבינת גרנה פדנו משולש 29% 200 גרם בית יוסף,מחלבת סוציאלה מנטובה,IT,גד גרנה פדנו משולש כ,גרמים,200.00,100 גרם,false,,22.10,11.0500,true,1,14466
7290014455252,false,גבינה קשה מגורדת גרנה פדנו 29% שומן,מחלבות גד שיווק 1992,IT,גד גרנה פדנו מגורד כ,גרמים,100.00,100 גרם,false,,11.00,11.0000,true,1,14467
7290014455320,false,גבינה כדורי מוצרלה פרסקה גד 100ג',מחלבות גד בעמ,IL,גד כדור מוצרלה פרסקה,גרמים,100.00,100 גרם,false,,8.90,8.9000,true,1,14470
7290014455467,false,ירח מתוק מעדן חלב 2% ושיבולת שועל גד 150ג',גבינות מדף,IL,גד מעדן שיבולת שועל,מיליליטרים,150.00,"100 מ""ל",false,,5.50,3.6667,true,1,14475
7290014459137,false,"תפוגן סטייק צ'יפס 1.5 ק""ג אסם","תעשיות תפוגן בע""\מ",IL,תפוגן סטייק ציפס 1.5,קילוגרמים,1.50,"ק""ג",false,,20.40,13.6000,true,1,19587
7290014459472,false,"צ'יפס קפוא תפוגן 2 ק""ג כשל""פ","תעשיות תפוגן בע""מ",IL,תפוגן צ`יפס קלאסי 2,קילוגרמים,2.00,"ק""ג",false,,21.30,10.6500,true,1,19594
7290014466128,false,"יין הר חרמון אינדיגו 750 מ""ל",מיוצר וממולא על ידי יקב,IL,יקבי רמת הגולן הר חר,מיליליטרים,750.00,"100 מ""ל",false,,30.70,4.0933,true,1,41207
7290014466463,false,"יין הר חרמון מסקטו עברית 750 מ""ל",יקבי רמת הגולן קצרין,IL,יקבי רמת הגולן הר חר,מיליליטרים,750.00,"100 מ""ל",false,,30.70,4.0933,true,1,41215
7290014466609,false,יין מרלו גמלא 2020 750 מל,יקבי רמת הגולן קצרין,IL,יין גמלא מרלו 2012 7,מיליליטרים,750.00,"100 מ""ל",false,,47.80,6.3733,true,1,41218
7290014471429,false,"מוזלי עם פירות 1 ק""ג - 429 סגול שקדיה","דין שיווק וקלייה בע""",IL,מוזלי פירות עם פירות,קילוגרמים,1.00,"ק""ג",false,,16.20,16.2000,true,1,4747
7290014471436,false,"מוזלי צימוקים תפוח קינמון וגרעיני חמניה 1 ק""ג כחול שקדיה","דין שיווק וקלייה בע""",MK,מוזלי צימוקים תפוח ק,קילוגרמים,1.00,"ק""ג",false,,16.20,16.2000,true,1,4748
7290014472136,false,גרעיני חמנייה ששון הקולה 150 גרם,"דין שיווק וקלייה בע""",IL,גרעין שחור קלוי 150,גרמים,150.00,100 גרם,false,,4.20,2.8000,true,1,4759
7290014472471,false,גרעיני חמנייה קלוי ענק ששון הקולה 200 גרם,"דין שיווק וקלייה בע""",IL,גרעין שחור ענק 200 ג,גרמים,200.00,100 גרם,false,,5.90,2.9500,true,1,4769
7290014472488,false,שקד קלוי ענק פרימיום ששון הקולה 250 גרם,"שקדיה גבע תעשיות בע""",IL,שקד קלוי פרימיום 250,גרמים,250.00,100 גרם,false,,23.00,9.2000,true,1,4770
7290014472495,false,קשיו קלוי ענק פרימיום ששון הקולה 250 גרם,"דין שיווק וקלייה בע""",IL,קשיו קלוי ענק פרימיו,גרמים,250.00,100 גרם,false,,18.80,7.5200,true,1,4771
7290014472501,false,פיסטוק קלוי ענק פרימיום ששון הקולה 250 גרם,"דין שיווק וקלייה בע""",IL,פיסטוק קלוי ענק 250,גרמים,250.00,100 גרם,false,,22.20,8.8800,true,1,4772
7290014472990,false,ממרח 100% שקדים שקדיה 300 גרם,ג'\י אנד ג'\י פקאנס בעמ,IL,ממרח 100% שקדים שקדי,גרמים,300.00,100 גרם,false,,26.40,8.8000,true,1,4788
7290014525290,false,חטיפי סלים דליס קריספי תות מרבה 125 גרם,סלים דליס Slim Delis,NL,חטיף מרבה קריספי תות,גרמים,125.00,100 גרם,false,,9.30,7.4400,true,1,21312
7290014525306,false,חטיפי סלים דליס קריספי אוכמניות מרבה 125 גרם,סלים דליס Slim Delis,NL,חטיף מרבה קריספי אוכ,גרמים,125.00,100 גרם,false,,9.30,7.4400,true,1,21313
7290014525573,false,שוקו דליס עוגיות מצופות במילוי קרם שוקול,הלמה הלום בי.וי,NL,מרבה שוקודליס עוגיות,גרמים,145.00,100 גרם,false,,11.10,7.6552,true,1,21321
7290014636545,false,שלישית מגבות מטבח ג'קרד,,,שלישית מגבות מטבח פס,יחידה,0.00,יחידה,false,,17.10,0.0000,true,1,360094
7290014636675,false,מגבת גוף חלקה 550 גר,,,מגבת גוף מנהטן 70*13,יחידה,0.00,יחידה,false,,29.80,0.0000,true,1,27907
7290014636842,false,כרית ממורי ויסקו,,,כרית ויסקו,יחידה,0.00,יחידה,false,,76.90,0.0000,true,1,372951
7290014673021,false,פלפל שחור שלם תבליני מימון 100 גרם,א.ל ייצור ושיווק תבל,IL,תבליני מימון פלפל שח,גרמים,100.00,100 גרם,false,,12.40,12.4000,true,1,358
7290014673373,false,פפריקה הונגרית חריפה תבליני מימון 250 גרם,א.ל ייצור ושיווק תבל,IL,מימון פפריקה הונגרית,גרמים,250.00,100 גרם,false,,18.70,7.4800,true,1,363
7290014673380,false,כמון טחון תבליני מימון 250 גרם,א.ל ייצור ושיווק תבל,IL,מימון כמון טחון 250,גרמים,250.00,100 גרם,false,,18.70,7.4800,true,1,364
7290014673403,false,פלפל שחור טחון תבליני מימון 250 גרם,א.ל ייצור ושיווק תבל,IL,מימון פלפל שחור טחון,גרמים,250.00,100 גרם,false,,25.60,10.2400,true,1,366
7290014673410,false,פלפל שחור גרוס דק תבליני מימון 250 גרם,א.ל ייצור ושיווק תבלינים,IL,מימון פלפל שחור גרוס,גרמים,250.00,100 גרם,false,,25.60,10.2400,true,1,367
7290014673434,false,פלפל שחור גרוס דק שקית תבליני מימון 80גרם,א.ל ייצור ושיווק תבל,,פלפל שחור גרוס דק בש,גרמים,80.00,100 גרם,false,,7.60,9.5000,true,1,368
7290014731189,false,כפיות איכותי 100 יח',,,כפיות P.P לבן 100 יח,יח',100.00,יח',false,,5.90,0.0590,true,1,564702
7290014731264,false,ספלאש כוסות 180CC לשתייה קרה 100 יחידות,רם,IL,כוסות לשתיה קרה חד פ,יח',100.00,יח',false,,5.90,0.0590,true,1,27909
7290014731271,false,כוסות שתיה קרה 80 יח,,,כוסות שתיה קרה 80 יח,יחידה,0.00,יחידה,false,,5.10,0.0000,true,1,541665
7290014748613,false,דג טוב מקלוני דגים בציפוי ציפס 600גר,מוצרי עוף טוב (2001) בע\,IL,דג טוב מקלוני דגים ב,גרמים,600.00,100 גרם,false,,24.70,4.1167,true,1,19648
7290014749078,false,מקלוני קבנוס עוף טוב 200 גרם,עיצובים 2020 (4.9),IL,עוף טוב מקלוני קבנוס,גרמים,200.00,100 גרם,false,,15.30,7.6500,true,1,19662
7290014749245,false,ספיישל רצועות שניצל שומשום עוף טוב 600 גרם,מוצרי עוף טוב (2001) בע\,IL,רצועות שניצל שומשום,גרמים,600.00,100 גרם,false,,26.40,4.4000,true,1,63288
7290014758100,false,מאגדת יוגורט ביו 3% שומן 8 יח' *150ג' תנובה,מיוצר עי קונדיטוריית,IL,יוגורט תנובה 3% 8*15,קילוגרמים,1.20,"ק""ג",false,,14.40,12.0000,true,1,25792
7290014758117,false,מאגדת יוגורט ביו 1.5% שומן 8 יח' *150 ג' תנובה,מיוצר עי קונדיטוריית,IL,יוגורט תנובה 1.5% 8*,קילוגרמים,1.20,"ק""ג",false,,14.40,12.0000,true,1,25793
7290014759084,false,גבינת שמנת נפוליאון 16% מופחת שומן תנובה 225 גרם,תנובה מרכז שיתופי לש,IL,נפוליאון 16% 225גר,גרמים,225.00,100 גרם,false,,12.40,5.5111,true,1,25800
7290014759701,false,"מאגדת שמינייה יופלה מעודן בד""צ בנגיעות וניל",עדן קינוחים בעמ,IL,יופלה יוגורט מעודן ט,קילוגרמים,1.20,"ק""ג",false,,17.10,14.2500,true,1,25806
7290014759978,false,גבינת קצקבל גלעד 27% תנובה 200 גרם,תנובה חלב,IL,גבינות תנובה קצקבל פ,גרמים,200.00,100 גרם,false,,21.30,10.6500,true,1,25809
7290014759992,false,גבינת רוקפור גליל פלח 140 ג' תנובה,"תנובה, מחלבת תל יוסף",IL,גבינות תנובה רוקפור,גרמים,140.00,100 גרם,false,,15.60,11.1429,true,1,25811
7290014760134,false,"מעדן סויה בטעם וניל תנובה 125 מ""ל",תנובה Alternative,IL,גביע מעדן סויה בטעם,גרמים,125.00,100 גרם,false,,3.30,2.6400,true,1,25812
7290014760141,false,משקה שקדים תנובה E אלטרנטיב,תנובה Alternative,IL,תנובה משקה שקדים טרי,יחידה,0.00,יחידה,false,,11.50,0.0000,true,1,25813
7290014760448,false,גבינה צהובה גלבוע 400 גרם 22% שומן תנובה,מחלבת בית יצחק,IL,גלבוע 22% 400 גרם,גרמים,400.00,100 גרם,false,,20.00,5.0000,true,1,25816
7290014760912,false,פרוסות גבינה 28% שומן 400 ג' גוש חלב,תנובה מרכז שיתופי לש,IL,גוש חלב 28% מהדרין 4,גרמים,400.00,100 גרם,false,,22.60,5.6500,true,1,25820
7290014761018,false,גיל בטעם וניל תנובה 125 גרם,תנובה מרכז שיתופי לש,IL,גיל בטעם וניל 3% 125,גרמים,125.00,100 גרם,false,,1.40,1.1200,true,1,25821
7290014761056,false,מעדן שוקולד חלב יולו תנובה 123 גרם,מיוצר עי קונדיטוריית,IL,יולו שוקולד חלב מעול,גרמים,122.00,100 גרם,false,,4.40,3.6066,true,1,25822
7290014761063,false,מעדן שוקולד מריר יולו תנובה 123 גרם,מיוצר עי קונדיטוריית,IL,יולו שוקולד מריר מעו,גרמים,122.00,100 גרם,false,,4.40,3.6066,true,1,25823
7290014761070,false,מעדן שוקולד לבן יולו תנובה 123 גרם,מיוצר עי קונדיטוריית,IL,יולו שוקולד לבן מעול,גרמים,122.00,100 גרם,false,,4.40,3.6066,true,1,25824
7290014761193,false,יוגורט עם פירות יער 1.5% שומן 125 ג' פרילי,תנובה מרכז שיתופי לש,IL,פרילי פירות יער 1.5%,גרמים,125.00,100 גרם,false,,3.00,2.4000,true,1,25825
7290014761414,false,יולו מעדן שכבות שוקולד חלב ולבן 123 גר,מיוצר עי קונדיטוריית,IL,יולו מעדן שכבות שוקו,גרמים,122.00,100 גרם,false,,4.40,3.6066,true,1,25833
7290014762800,false,מעדן סויה שוקולד גביע 125 גרם אלטרנטיב,תנובה מרכז שיתופי לש,IL,גביע מעדן סויה בטעם,גרמים,125.00,100 גרם,false,,3.30,2.6400,true,1,25857
7290014762831,false,גבינת שמנת נפוליאון 16% עם פלפל חלפיניו תנובה 225 גרם,תנובה מרכז שיתופי לש,IL,גבינת שמנת נפוליאון,גרמים,225.00,100 גרם,false,,12.40,5.5111,true,1,25858
7290014762909,false,פתיתי מוצרלה השף הלבן 10% תוספת מתנה,"תנובה, מחלבת תל יוסף",IL,פתיתי מוצרלה 200 גר`,גרמים,200.00,100 גרם,false,,13.60,6.8000,true,1,25862
7290014762947,false,לאבנה גלילית 11% שומן 750 ג' פיראוס,תנובה,IL,לאבנה גלילית פיראוס,גרמים,750.00,100 גרם,false,,20.40,2.7200,true,1,25864
7290014763098,false,קרם גבינת שמנת 5% עם פלפל שום ובצל 200 ג' תנובה,תנובה,IL,קרם גבינת שמנת 5% טו,גרמים,200.00,100 גרם,false,,9.80,4.9000,true,1,25867
7290014763272,false,יוגורט סויה BIO לשתייה תות ובננה אלטרנטיב,תות תעשיות מזון (201,IL,משקה סויה ביו עם תות,מיליליטרים,250.00,"100 מ""ל",false,,4.20,1.6800,true,1,25869
7290014789913,false,עוגיות אוראו קרם בטעם וניל מארז 176 גרם,מונדלייז,UA,עוגיות אוראו מארז 3,גרמים,528.00,100 גרם,false,,19.50,3.6932,true,1,5114
7290014791725,false,"שוויפס תפוחים מוגז 500 מ""ל",יפאורה שותפות מובגלת לשיווק,IL,משקה מוגז תפוחים שוו,מיליליטרים,500.00,"100 מ""ל",false,,5.10,1.0200,true,1,11680
7290014855434,false,מגבונים בייביסיטר פרפורמנס מבושם רביעיה,בייביסיטר Babysitter,IL,בייביסיטר פרפורמנס מ,יחידה,0.00,יחידה,false,,13.60,0.0000,true,1,29305
7290014855458,false,מגבוני בייביסיטר פרפורמנס ללא בישום מארז 72X4יח',בייביסיטר Babysitter,IL,מגבוני בייבי פרפורמנ,יחידה,0.00,יחידה,false,,13.60,0.0000,true,1,29306
7290014860155,false,מחצלת במבו שטוחה 24X24 ס'מ,גולין פנגזו,CN,מחצלת במבו שטוחה מזר,יחידה,0.00,יחידה,false,,6.80,0.0000,true,1,576460
7290014901247,false,"שמפו קרטין לאחר החלקה ועיצוב בחום סטייל 750 מ""ל",א.ל. ארמן ייצור תמרו,IL,שמפו קרטין סטייל 750,מיליליטרים,750.00,"100 מ""ל",false,,21.30,2.8400,true,1,3923
7290014901308,false,"סנסודיין משחת שיניים להגנה מלאה 75 מ""ל - סדרת פרמיום","סמית קליין ביצ'ם בע""",GB,משחת שיניים הגנה מלא,מיליליטרים,75.00,"100 מ""ל",false,,20.40,27.2000,true,1,3927
7290014905696,false,"נוזל כלים הפי מרוכז 24% לימון 750 מ""ל",יעקובי הפי,IL,הפי לכלים צהוב לימון,מיליליטרים,750.00,"100 מ""ל",false,,8.90,1.1867,true,1,11381
7290014910515,false,שימורי דגים שפרוטים מעושנים בשמן צמחי 250 גרם,סיא אונדה,LV,שפרוטים מעושנים רויא,גרמים,250.00,100 גרם,false,,9.40,3.7600,true,1,11228
7290014940901,false,לחם פשוט מלא אנג'ל 750 גרם,מאפיית שלמה א. אנג'\ל בע,IL,לחם פשוט מלא אנגל 75,גרמים,750.00,100 גרם,false,,12.70,1.6933,true,1,35261
7290014945654,false,מדליק עץ ופחמים שיינ,מ.א ייצור ושיווק מטל,DE,מדליק עץ ופחמים שיינ,יחידה,0.00,יחידה,false,,5.10,0.0000,true,1,13556
7290014945890,false,מברשת שטיחים,,,מברשת שטיחים,יחידה,0.00,יחידה,false,,12.80,0.0000,true,1,577563
7290014949744,false,"אוטן טרופי ספריי יבש ל- 8שעות 100מ""ל",מיוצר עי קונדיטוריית,PL,אוטן ספריי טרופי יבש,מיליליטרים,100.00,"100 מ""ל",false,,19.90,19.9000,true,1,5983
7290014974562,false,גביעי גלידה רגיל טילון עלמה גילרו 24 יח',"א.ג גילרו בע""מ",IL,עלמה גביעי גלידה 24,גרמים,120.00,100 גרם,false,,5.90,4.9167,true,1,40908
7290015009027,false,"חומץ בלסמי 500 מ""ל ""daniel""",ר. צ'צ'יק,ES,חומץ בלסמי חומציות 6,מיליליטרים,500.00,"100 מ""ל",false,,19.60,3.9200,true,1,47437
7290015009232,false,"רוטב סלסה בינוני צהוב 454 גרם ""סבוריטו""",,CR,רוטב סלסה בחריפות בי,גרמים,454.00,100 גרם,false,,17.10,3.7665,true,1,483536
7290015009317,false,נאצו'ס תירס טבעי 200 גרם,אוקי סנייקס,DK,חטיף  נאצ'וס טבעי צה,גרמים,200.00,100 גרם,false,,11.10,5.5500,true,1,132077
7290015033084,false,קוסקוס חיטה בינוני ד,,IL,קוסקוס חיטה בינוני ד,גרמים,350.00,100 גרם,false,,5.10,1.4571,true,1,621536
7290015033299,false,פרורי לחם קלאסי שקית,חטיפים מן הארץ,,פרורי לחם קלאסי שקית,גרמים,400.00,100 גרם,false,,4.30,1.0750,true,1,621227
7290015039246,false,נתחי טונה בשמן צמחי רביעיה * 160 ג' וילי פוד,וילי פוד,TH,טונה בהירה בשמן וילי,גרמים,640.00,100 גרם,false,,18.30,2.8594,true,1,3012
7290015039338,false,נתחי טונה במי מלח רביעיה * 160 ג' וילי פוד,וילי פוד,TH,טונה במי מלח ויליפוד,גרמים,640.00,100 גרם,false,,18.30,2.8594,true,1,3014
7290015150088,false,מחית עגבניות קלה גרנד איטליה 700 גרם,שוורצקוף& הנקל דיסלד,IT,מחית עגבניות בלה איט,גרמים,700.00,100 גרם,false,,10.20,1.4571,true,1,24545
7290015150118,false,שלישיית עגבניות חתוכות דק גרנד איטליה 400 גרם,אמיליאנה קונסרב ס.פ.,IT,עגבניות חתוכות דק בל,גרמים,400.00,100 גרם,false,,14.40,3.6000,true,1,24548
7290015150200,false,עגבניות חתוכות דק גרנד איטליה ויסוצקי,HIQ FOOD PRODUCTS,IT,עגבניות חתוכות דק ו,גרמים,400.00,100 גרם,false,,5.10,1.2750,true,1,24549
7290015155823,false,מחית תפוחי עץ חטיפטף ללא תוספת סוכר,פרוטה פודיווין איי.א,CZ,פאוץ' פרינוק מחית תפ,גרמים,120.00,100 גרם,false,,5.10,4.2500,true,1,3657
7290015156769,false,מחית פרינוק פאוץ' תפוח ואוכמניות 120 גרם,פרוטה פודווין איי.אס,CZ,פאוץ' פרינוק תפוח וא,גרמים,120.00,100 גרם,false,,5.10,4.2500,true,1,3664
7290015156776,false,מחית פירות טרופיים חטיפטף ללא תוספת סוכר,פרוטה פודווין איי.אס,CZ,פאוץ' פרינוק פירות ט,גרמים,120.00,100 גרם,false,,5.10,4.2500,true,1,3665
7290015156813,false,פאוץ' מחית פירות מעורבים פרינוק 120 גרם,פרוטה פודווין איי.אס,CZ,פאוץ' פרינוק פירות מ,גרמים,120.00,100 גרם,false,,5.10,4.2500,true,1,3667
7290015178273,false,רוטב מרינדה לעוף בגריל אוליביה 270 גר,אוליביה,IL,רוטב מרינדה לעוף בגר,גרמים,320.00,100 גרם,false,,11.90,3.7188,true,1,614526
7290015193832,false,קרקר עם שומשום ארומה 300 גרם,פפושדו,IL,ארומה קרקר עם שומשום,גרמים,300.00,100 גרם,false,,8.50,2.8333,true,1,40958
7290015193849,false,קרקר עם מלח ארומה 300 גרם,פפושדו,IL,ארומה קרקר עם מלח 30,גרמים,300.00,100 גרם,false,,8.50,2.8333,true,1,40959
7290015253321,false,"פחם 2 ק""ג ירוק פרימי",,CN,"פחם 2 ק""ג ירוק פרימי",קילוגרמים,2.00,"ק""ג",false,,11.90,5.9500,true,1,92134
7290015282024,false,איקרא לבנה SEVEN SEAS 200 גרם,שבעת הימים - שמיר,IL,איקרה לבנה סלטי שמיר,גרמים,200.00,100 גרם,false,,11.90,5.9500,true,1,17528
7290015282581,false,חומוס אבו גוש עם חריף שמיר 200 גרם,"סלטי שמיר 2006 בע""מ",IL,חומוס אבו גוש עם חרי,גרמים,200.00,100 גרם,false,,9.32,4.6600,true,1,17545
7290015282598,false,חומוס מסעדות גורמה שמיר 200 גרם,"סלטי שמיר 2006 בע""מ",IL,חומוס מסעדות,גרמים,200.00,100 גרם,false,,9.32,4.6600,true,1,17546
7290015282604,false,טחינה מיוחדת גורמה שמיר 200 גרם,"סלטי שמיר 2006 בע""מ",IL,טחינה מיוחדת,גרמים,200.00,100 גרם,false,,9.32,4.6600,true,1,17547
7290015282642,false,חומוס אבו גוש גורמה שמיר 200 גרם,"סלטי שמיר 2006 בע""מ",IL,חומוס אבו גוש,גרמים,200.00,100 גרם,false,,9.32,4.6600,true,1,17551
7290015282673,false,חציל במיונז ביתי גורמה שמיר 200 גרם,"סלטי שמיר 2006 בע""מ",IL,חציל במיונז ביתי,גרמים,200.00,100 גרם,false,,9.32,4.6600,true,1,17553
7290015282697,false,כרוב אדום שמיר גורמה 200גר,"סלטי שמיר 2006 בע""מ",IL,סלט כרוב אדום 200ג ש,גרמים,200.00,100 גרם,false,,11.10,5.5500,true,1,17555
7290015282710,false,קוביות סלק גורמה שמיר 200 גרם,"סלטי שמיר 2006 בע""מ",IL,קוביות סלק סלטי שמיר,גרמים,200.00,100 גרם,false,,9.32,4.6600,true,1,17556
7290015282727,false,גזר מרוקאי ברוטב פיקנטי אסלי שמיר 200 ג',"סלטי שמיר 2006 בע""מ",IL,גזר מרוקאי ברוטב פיק,גרמים,200.00,100 גרם,false,,11.10,5.5500,true,1,17557
7290015282734,false,מטבוחה ביתית גורמה שמיר 200 גרם,"סלטי שמיר 2006 בע""מ",IL,מטבוחה ביתית.,גרמים,200.00,100 גרם,false,,11.10,5.5500,true,1,17558
7290015282741,false,חציל תאילנדי אסלי שמיר 200 ג',"סלטי שמיר 2006 בע""מ",IL,חציל תילאנדי סלטי שמ,גרמים,200.00,100 גרם,false,,11.10,5.5500,true,1,17559
7290015282796,false,"סלט תפו""א שמיר במיונז 200ג'","סלטי שמיר 2006 בע""מ",IL,סלט תפוח אדמה 200 ג,גרמים,200.00,100 גרם,false,,11.10,5.5500,true,1,17564
7290015324007,false,פלפל שחור גרוס 80 גר' טעם וריח,"תבליני טעם וריח בע""מ",IL,טעם וריח פלפל שחור ג,גרמים,80.00,100 גרם,false,,8.50,10.6250,true,1,42030
7290015324014,false,"פלפל שחור טחון בשקית 80 גרם ""טעם וריח""","תבליני טעם וריח בע""מ",IL,טעם וריח פלפל שחור ט,גרמים,80.00,100 גרם,false,,8.50,10.6250,true,1,42031
7290015324038,false,פפריקה מתוקה בשמן 100 גרם טעם וריח,"תבליני טעם וריח בע""מ",IL,טעם וריח פפריקה בשמן,גרמים,80.00,100 גרם,false,,5.60,7.0000,true,1,42032
7290015324045,false,תבלין פפריקה חריפה 80 גר' שק',"תבליני טעם וריח בע""מ",IL,תבלין פפריקה חריפה ב,גרמים,80.00,100 גרם,false,,5.60,7.0000,true,1,42033
7290015324069,false,גריל עוף 80 גר' טעם וריח,"תבליני טעם וריח בע""מ",IL,טעם וריח גריל עוף שק,גרמים,80.00,100 גרם,false,,5.60,7.0000,true,1,42035
7290015324083,false,מלח לימון 80 גר' טעם וריח,"תבליני טעם וריח בע""מ",IL,טעם וריח מלח לימון ש,גרמים,80.00,100 גרם,false,,5.60,7.0000,true,1,42037
7290015324090,false,כמון טחון 80 גר' טעם וריח,"תבליני טעם וריח בע""מ",IL,טעם וריח כמון שקית 8,גרמים,80.00,100 גרם,false,,6.80,8.5000,true,1,42038
7290015324106,false,כורכום טחון 80 גר' טעם וריח,"תבליני טעם וריח בע""מ",IL,טעם וריח כורכום שקית,גרמים,80.00,100 גרם,false,,6.80,8.5000,true,1,42039
7290015324120,false,שום גבישי 80 גר' טעם וריח,"תבליני טעם וריח בע""מ",IL,טעם וריח שום גבישי ב,גרמים,80.00,100 גרם,false,,10.10,12.6250,true,1,42041
7290015324175,false,תיבול לשווארמה 80 גר' טעם וריח,"תבליני טעם וריח בע""מ",IL,תערובת תיבול לשווארמ,גרמים,80.00,100 גרם,false,,7.00,8.7500,true,1,42044
7290015324717,false,"מחית שום `טעם וריח, 210 גרם",ליני קאטייאמה פודסטאפס ב,CN,מחית שום 210 גרם,גרמים,210.00,100 גרם,false,,11.90,5.6667,true,1,457098
7290015324724,false,מחית צ`ילי חריף `טעם וריח' 230 גרם,ליני קאטייאמה פודסטאפס ב,CN,מחית צ'ילי חריף 230,גרמים,230.00,100 גרם,false,,11.90,5.1739,true,1,457113
7290015328517,false,נרונים 4 שעות 72 יח',,,נרונים 4 שעות 72 יח',יחידה,0.00,יחידה,false,,18.80,0.0000,true,1,13233
7290015328791,false,נרות חנוכה צבעוניים 50 יח',,,נרות חנוכה צבעוניים,יחידה,0.00,יחידה,false,,3.40,0.0000,true,1,13255
7290015328807,false,נרות חנוכה דלוקס 24 יח',,,נרות חנוכה לוקס לירו,יחידה,0.00,יחידה,false,,5.90,0.0000,true,1,13256
7290015347259,false,פירורי לחם מוזהבים מיה 400 גרם,מיה תעשיות מזון מ.ת.מ. ב,IL,פירורי לחם מוזהבים 4,גרמים,400.00,100 גרם,false,,5.00,1.2500,true,1,14988
7290015347273,false,נטיפי שוקולד אמיתי לאפיה 250 גר',מיה תעשיות מזון מ.ת.מ. ב,IL,נטיפי שוקולד מריר לא,גרמים,250.00,100 גרם,false,,8.50,3.4000,true,1,14990
7290015347488,false,"סוכר דמררה חום שקית מיה 1 ק""ג",מיה תעשיות מזון מ.ת.מ. ב,IL,סוכר דמררה בשקית מיה,קילוגרמים,1.00,"ק""ג",false,,7.70,7.7000,true,1,15005
7290015347778,false,סוכריות ג'לילנד דגים 125 גר' מיה,מיה תעשיות מזון מ.ת.מ. ב,IL,סוכריות ג'לי רכות דג,גרמים,125.00,100 גרם,false,,5.10,4.0800,true,1,15017
7290015347990,false,מארז שמיניית עדשי שוקולד מיה 160 גרם,מיה תעשיות מזון בעמ,IL,עדשי שוקולד מיה 8*20,גרמים,160.00,100 גרם,false,,8.50,5.3125,true,1,15021
7290015348089,false,"למברוסקו אדום ביאנקו 750 מ""ל ""אמיליאנו""",גאטטיקו איטליה,IL,למברוסקו אמיליאנו לב,מיליליטרים,750.00,"100 מ""ל",false,,21.30,2.8400,true,1,9542
7290015348096,false,"למברוסקו אמיליאנו רוזה 750 מ""ל",גאטטיקו איטליה,IL,למברוסקו אמיליאנו רו,מיליליטרים,750.00,"100 מ""ל",false,,21.30,2.8400,true,1,9543
7290015350150,false,"יין אדום חצי יבש סגל 750 מ""ל","כרמי צבי - אחים סגל בע""\",IL,סגל אדום חצי יבש 750,מיליליטרים,750.00,"100 מ""ל",false,,18.80,2.5067,true,1,89413
7290015366663,false,"משחת שיניים מנטה עדין אקווה פרש 100 מ""ל",גלקסוסמיתקליין,SK,מש.שיניים מנטה עדין,גרמים,100.00,100 גרם,false,,6.80,6.8000,true,1,3963
7290015366670,false,משחת שיניים הגנה משולשת מנטה מרענן,גלקסוסמיתקליין,SK,מש.שיניים מנטה אקווה,גרמים,100.00,100 גרם,false,,6.80,6.8000,true,1,3964
7290015596817,false,"ד""ר פישר - אפקטיב קר קרם גוף מועשר בשמן קוקוס 450 מ""ל",פישר מעבדות פרמצבטיות בע,IL,קרם גוף אפקטיב קר 4,מיליליטרים,450.00,"100 מ""ל",false,,21.30,4.7333,true,1,117856
7290015597210,false,מאגדת טילון קורנטו פרווה טבעוני-וויגן פרנדלי,"גלידת שטראוס בע""\מ, רחוב",IL,מאגדת טילון קורנטו פ,גרמים,300.00,100 גרם,false,,29.00,9.6667,true,1,4338
7290015603188,false,אטריות ביצים 454ג' (כ) (fu),פוגיאן לונגהי אנלידה אינ,CN,אטריות ביצים מזרח ומ,גרמים,454.00,100 גרם,false,,8.50,1.8722,true,1,47118
7290015603218,false,אטריות עם עגבניה מזרח מערב 454 גרם,פוגקן לונגהי אנלידה,CN,אטריות עם עגבניות מז,גרמים,454.00,100 גרם,false,,8.50,1.8722,true,1,47121
7290015603225,false,איטריות בתוספת גזר 454 גרם,פוגקן לונגהי אנלידה,CN,אטריות עם גזר מזרח ו,גרמים,454.00,100 גרם,false,,9.40,2.0705,true,1,47122
7290015644297,false,שישיית לחמניות פשוט מלא אנג'ל 450 גרם,מאפיית שלמה א. אנג'\ל בע,IL,6 לחמניות פשוט מלא א,יחידה,0.00,יחידה,false,,9.80,0.0000,true,1,35262
7290015644433,false,לחם מחמצת 100% שיפון קל אנג'ל 600 גרם,מאפיית שלמה א. אנג'\ל בע,IL,לחם מחמצת 100% שיפון,גרמים,600.00,100 גרם,false,,15.30,2.5500,true,1,35265
7290015652070,false,קשוי קלוי בשקית ששון הקולה 150 גרם,"דין שיווק וקלייה בע""",IL,קשיו קלוי 150 גרם שש,גרמים,150.00,100 גרם,false,,11.10,7.4000,true,1,4802
7290015652087,false,תערובת פיצוחים בשקית ששון הקולה 150 גרם,דין שיווק,IL,תערובת פיצוחים 150גר,גרמים,150.00,100 גרם,false,,10.20,6.8000,true,1,4803
7290015652254,false,גרעיני חמניה קלויים 400 גרם ששון הקלה,"דין שיווק וקלייה בע""",IL,גרעיני חמניה קלויים,גרמים,400.00,100 גרם,false,,8.55,2.1375,true,1,4812
7290015652278,false,תערובת פיצוחים ששון הקולה 300 גרם,"דין שיווק וקלייה בע""",IL,תערובת פיצוחים ששון,גרמים,250.00,100 גרם,false,,17.09,6.8360,true,1,4814
7290015652285,false,אגוזים קלופים ששון הקולה 250 גרם,"שקדיה גבע תעשיות בע""",IL,אגוזים קלופים 250 גר,גרמים,250.00,100 גרם,false,,17.09,6.8360,true,1,4815
7290015652292,false,קבוקים עם שומשום ששון הקולה 400 גרם,"דין שיווק וקלייה בע""",IL,קבוקים עם שומשום ששו,גרמים,400.00,100 גרם,false,,8.55,2.1375,true,1,4816
7290015652308,false,מנצ'ס ששון הקולה 400 גרם,"דין שיווק וקלייה בע""",,מנצ'ס ששון הקולה 300,גרמים,300.00,100 גרם,false,,8.55,2.8500,true,1,4817
7290015652315,false,חמוציות מסוכרות ששון הקולה 300 גרם,"דין שיווק וקלייה בע""",IL,חמוציות מסוכרות ששון,גרמים,300.00,100 גרם,false,,8.55,2.8500,true,1,4818
7290015652322,false,בוטנים אמריקאיים מצופים 400 גר ששון הקלה,"דין שיווק וקלייה בע""",IL,בוטנים אמריקאים מצופ,גרמים,400.00,100 גרם,false,,8.55,2.1375,true,1,4819
7290015652407,false,פיסטוק קלוי ששון הקולה 250 גרם,"דין שיווק וקלייה בע""",IL,פיסטוק קלוי ששון הקו,גרמים,250.00,100 גרם,false,,17.09,6.8360,true,1,4826
7290015733205,false,תרכובת מזון לתינוקות חלבי שלב 1 אקסטרה קר מהדרין,נסטלה,IL,מטרנה אקסטרה קר מהדר,גרמים,700.00,100 גרם,false,,51.20,7.3143,true,1,18557
7290015766005,false,שרי וויטני יחידה,,IL,שרי וויטני יחידה,גרמים,500.00,100 גרם,false,,9.90,1.9800,true,1,50523
7290015766029,false,שרי כתום יח',,,שרי כתום יח',גרמים,460.00,100 גרם,false,,9.90,2.1522,true,1,50524
7290015781008,false,"יין VISION מרלו אדום טפרברג 750 מ""ל","יקב טפרברג 1870 בע""מ",IL,ויז'ן מרלו,מיליליטרים,750.00,"100 מ""ל",false,,34.20,4.5600,true,1,11821
7290015781053,false,"יין VISION לבן יבש טפרברג 750 מ""ל","יקב טפרברג 1870 בע""מ",IL,ויז'ן לבן יבש,מיליליטרים,750.00,"100 מ""ל",false,,34.20,4.5600,true,1,11824
7290015781091,false,"יין VISION קברנה סוביניון טפרברג 750 מ""ל","יקב טפרברג 1870 בע""מ",IL,ויז'ן קברנה סובניון,מיליליטרים,750.00,"100 מ""ל",false,,34.20,4.5600,true,1,11825
7290015781114,false,"יין IMPRESSION מרלו טפרברג 750 מ""ל","יקב טפרברג 1870 בע""מ",IL,אימפרשן מרלו,מיליליטרים,750.00,"100 מ""ל",false,,42.70,5.6933,true,1,11827
7290015781305,false,"יין אימפרשן סירה 750 מ""ל","יקב טפרברג 1870 בע""מ",IL,אימפרשן יין סירה,מיליליטרים,750.00,"100 מ""ל",false,,42.70,5.6933,true,1,11837
7290015855082,false,ברוקולי מיני,,,ברוקולי מיני,יח',1.00,יח',false,,9.90,9.9000,true,1,35341
7290015855143,false,שיני שום קלופות בנספ,רעננים,,שום קלוף,גרמים,170.00,100 גרם,false,,10.20,6.0000,true,1,48899
7290015855181,false,ג'ינג'ר ארוז,,,ג'ינג'ר ארוז,יח',1.00,יח',false,,8.90,8.9000,true,1,48900
7290015855495,false,חסה לאליק ארוז א.אדמה,פריסלנד,IL,חסה לאליק,יח',1.00,יח',false,,12.90,12.9000,true,1,365607
7290015858106,false,"ממרח פסטו ביתי 180 גרם ""עללחם""","מדשא תעשיות מזון בע""\מ",IL,ממרח פסטו ביתי עללחם,גרמים,180.00,100 גרם,false,,14.40,8.0000,true,1,23149
7290015858113,false,"ממרח עגבניות מיובשות 180 גרם ""טריטרי""","מדשא תעשיות מזון בע""\מ",IL,ממרח עגבניות מיובשות,גרמים,180.00,100 גרם,false,,14.40,8.0000,true,1,23150
7290015858144,false,ממרח ארטישוק עללחם 180 גרם,"מדשא תעשיות מזון בע""\מ",IL,ממרח ארטישוק עללחם 1,גרמים,180.00,100 גרם,false,,14.40,8.0000,true,1,23151
7290015858243,false,ממרח צימיצורי עללחם 180 גרם,"מדשא תעשיות מזון בע""\מ",IL,ממרח צימיצורי עללחם,גרמים,180.00,100 גרם,false,,14.40,8.0000,true,1,23155
7290015865692,false,תענוג פרי תות שדה 400 גר,קריות זול,IL,תענוג פרי תות שדה ענ,גרמים,400.00,100 גרם,false,,15.30,3.8250,true,1,289177
7290016006292,false,נקטר מנגו בננה מלון קרטונית 1 ל' ספרינג,יפאורה שותפות מובגלת לשיווק,IL,ספרינג מנגו בננה מלו,יחידה,0.00,יחידה,false,,5.90,0.0000,true,1,11705
7290016006322,false,מים מינרליים מי עדן,"מופק ממקור בזלתי עדן ,1",IL,מי עדן 1 ליטר,ליטרים,1.00,ליטר,false,,2.60,2.6000,true,1,11706
7290016006339,false,מים מינרלים - מארז רביעייה,"מופק ממקור בזלתי עדן ,1",IL,מי עדן רביעייה 1 ליט,ליטרים,4.00,ליטר,false,,9.50,2.3750,true,1,11707
7290016087123,false,רוטב מתובל לפסטה בסגנון קלאסי פריניר 240 גרם,פריניר,IL,רוטב עגבניות מתובל ל,גרמים,240.00,100 גרם,false,,4.20,1.7500,true,1,40963
7290016087222,false,רוטב עגבניות מרוכז לשקשוקה פריניר 230 גרם,פריניר ( הדס 1987) ב,IL,ברוטב עגבניות מרוכז,גרמים,240.00,100 גרם,false,,4.20,1.7500,true,1,40968
7290016094695,false,אלכוג'ל לשמירה על הייגיינת הידיים 70% אלכוהול,פישר מעבדות פרמצבטיו,IL,אלכוגל לידיים 500 מ,מיליליטרים,500.00,"100 מ""ל",false,,17.10,3.4200,true,1,117826
7290016096217,false,רביעיית נתחי טונה קט,,,רביעיית נתחי טונה קט,גרמים,560.00,100 גרם,false,,18.80,3.3571,true,1,26361
7290016096491,false,נתחי טונה בהירה בשמן צמחי שלישיה *80ג' פילטונה,תעשיות פילטונה,IL,נתחי טונה בשמן צמחי,גרמים,240.00,100 גרם,false,,10.20,4.2500,true,1,26365
7290016096675,false,שלישיה פיל טונה בשמן,,IL,טונה בשמן זית פילטונ,גרמים,240.00,100 גרם,false,,15.30,6.3750,true,1,26370
7290016096811,false,רביעיית ממרח טונה פילטונה 160 גר'*4,תעשיות פילטונה,IL,ממרח טונה פילטונה רב,גרמים,160.00,100 גרם,false,,17.10,10.6875,true,1,111760
7290016096934,false,מארז זוגות סלט טונה 2*160 ג' פילטונה,תעשיות פילטונה,IL,סלט טונה 2 יח' פילטו,גרמים,320.00,100 גרם,false,,10.20,3.1875,true,1,161830
7290016104271,false,ריבת חלב בצנצנת 20% חלב,פוליבה,IL,ריבת חלב 340 גר`,גרמים,340.00,100 גרם,false,,11.10,3.2647,true,1,13278
7290016104615,false,סילאן סירופ תמרים פוליבה צנצנת 900 ג',,,סילאן תמרים 900 גרם,גרמים,900.00,100 גרם,false,,11.10,1.2333,true,1,13285
7290016117417,false,כרית יפנית 6 יח,,,כרית יפנית 6 יח,יחידה,0.00,יחידה,false,,7.70,0.0000,true,1,537665
7290016136142,false,תערובת להכנת פנקייק ללא גלוטן 400 גר,"אשבל -מזון פונקציונלי בע""מ",IL,תערובת להכנת פנקייק,גרמים,400.00,100 גרם,false,,17.10,4.2750,true,1,39638
7290016144000,false,"קמח חיטה מלאה נפלאות 80% 1 ק""ג","קמח מלכים בע""\מ",IL,קמח חיטה 80% נפלאות,קילוגרמים,1.00,"ק""ג",false,,8.50,8.5000,true,1,46953
7290016144024,false,"קמח כוסמין מלא נפלאות 100% 1 ק""ג","קמח מלכים בע""מ",IL,קמח כוסמין מלא 100%,קילוגרמים,1.00,"ק""ג",false,,12.80,12.8000,true,1,46955
7290016144031,false,קמח חיטה לבן מנופה נפלאות,קמח מלכים,IL,קמח נפלאות חיטה לבן,קילוגרמים,1.00,"ק""ג",false,,5.90,5.9000,true,1,46956
7290016144055,false,קמח כוסמין בהיר 80%-נפלאות,קמח מלכים,IL,קמח כוסמין 80% נפלאו,קילוגרמים,1.00,"ק""ג",false,,12.80,12.8000,true,1,46958
7290016150117,false,סלק אדום מבושל 500 ג' בוואקום,ג'ואבג'י יואייבי,LE,מעדן סלק בוואקום 500,גרמים,500.00,100 גרם,false,,5.10,1.0200,true,1,46817
7290016150711,false,Avel -נוזל קוקוס תאילנדי בפחית 400 גרם,,,AVEL נוזל קוקוס תאיל,מיליליטרים,400.00,"100 מ""ל",false,,5.10,1.2750,true,1,48481
7290016162219,false,כדורי שוקולד קוקוס קפולסקי 280 גר',תופינים מקבוצת קפולסקי,IL,כדורי שוקולד פרווה,גרמים,280.00,100 גרם,false,,26.40,9.4286,true,1,39527
7290016162233,false,עוגיות ממולאות סוגים שונים 200 גרם קפולסקי,קפולסקי,IL,עוגיות דיזרט פרימיום,גרמים,200.00,100 גרם,false,,17.10,8.5500,true,1,39529
7290016162264,false,עוגת גבינה רנסנס קפולסקי 450 גרם,קפולסקי שיווק וקמעונ,IL,עוגת גבינה רנסנס 450,גרמים,450.00,100 גרם,false,,35.00,7.7778,true,1,39532
7290016188585,false,GIACOBAZZI למברוסקו רוזה חצי יבש יקבי כרמל,יקב גאקובזי,IT,רוזה מבעבע למברוסקו,מיליליטרים,750.00,"100 מ""ל",false,,19.70,2.6267,true,1,613
7290016188608,false,GIACOBAZZI למברוסקו לבן חצי יבש יקבי כרמל,יקב גאקובזי,IT,למברוסקו לבן חצי יבש,מיליליטרים,750.00,"100 מ""ל",false,,19.70,2.6267,true,1,615
7290016197839,false,ניקול השקית החזקה 20 יח' XL,"אשפלסט תעשיות בע""מ",IL,ניקול השקית החזקה XL,יחידה,0.00,יחידה,false,,20.40,0.0000,true,1,9098
7290016197877,false,שקיות אשפה לפחים בינוניים עם שרוך 50 * 53 ניקול 50 יחידות,"אשפלסט תעשיות בע""מ",IL,שקית לפחי מטבח קטנים,יחידה,0.00,יחידה,false,,17.10,0.0000,true,1,9100
7290016217735,false,חציל על האש 200גרם גורמה,"סלטי שמיר 2006 בע""מ",IL,חציל על האש סלטי שמי,גרמים,200.00,100 גרם,false,,9.32,4.6600,true,1,17576
7290016246018,false,בארכה מיקס פינוקיות חלבה 10*20 גרם.,"רושדי תעשיות מזון בע""\מ",IL,בארכה מיקס פינוקיות,גרמים,200.00,100 גרם,false,,10.20,5.1000,true,1,18562
7290016246025,false,בארכה מיקס פינוקיות חלווה ללא סוכר 10*20ג,"רושדי תעשיות מזון בע""\מ",IL,בארכה פנוקיות חלבה ל,גרמים,200.00,100 גרם,false,,10.20,5.1000,true,1,18563
7290016246209,false,"חטיף חלבה וניל 100 גרם ""בארכה""","רושדי תעשיות מזון בע""\מ",IL,בארכה חטיף חלבה וניל,גרמים,100.00,100 גרם,false,,3.30,3.3000,true,1,18565
7290016246292,false,בארכה בקטנה חטיף חלבה וניל לוז 7*18 גר,"רושדי תעשיות מזון בע""\מ",IL,בארכה בקטנה חטיף חלב,גרמים,120.00,100 גרם,false,,10.20,8.5000,true,1,18567
7290016246445,false,בארכה טחינה גולמית מעודנת שומשום מלא 310 גם,"רושדי תעשיות מזון בע""\מ",IL,בארכה טחינה גולמית מ,גרמים,310.00,100 גרם,false,,10.20,3.2903,true,1,18569
7290016270907,false,ברוקולי ארוז במגשית,,,ברוקולי,יח',1.00,יח',false,,8.90,8.9000,true,1,50526
7290016273090,false,סוכריה על מקל בטעם תות בננה 31 גרם,אוריגינל גורמה,US,סוכרית לוליפופ על מק,גרמים,31.00,100 גרם,false,,4.70,15.1613,true,1,4006
7290016319309,false,סבון נוזלי מאסק קלאסי+משאבה פמלי 1 ל,הנסיך- מפעל לייצור ט,IL,אל סבון מאסק+משאבה פ,ליטרים,1.00,ליטר,false,,9.30,9.3000,true,1,6018
7290016321661,false,פרש וואנס SENSITIVE מגבונים ללא בישום רביעייה 72 יחידות,עלבד משואות יצחק,IL,מגבוני פרש וואנס רבי,יחידה,0.00,יחידה,false,,13.60,0.0000,true,1,6048
7290016321678,false,מגבונים לחים בניחוח מרענן עם תמציות קמומיל ואלוורה,עלבד משואות יצחק,IL,פרשוואנס רביעייה נטו,יחידה,0.00,יחידה,false,,13.60,0.0000,true,1,6049
7290016321883,false,פרשוואנס נייר טואלט מתכלה לילדים -מארז שלישייה,עלבד משואות יצחק בעמ,IL,פרשוואנס נייר טואלט,יחידה,0.00,יחידה,false,,11.50,0.0000,true,1,6051
7290016334500,false,לבבות חסה זוגות בשקי,,,לבבות חסה זוגות בשקי,יח',1.00,יח',false,,9.90,9.9000,true,1,47321
7290016334692,false,בצל ירוק אדמה,,,בצל ירוק אדמה,יח',1.00,יח',false,,5.90,5.9000,true,1,35345
7290016370270,false,זית קלמטה מגולען 560 ג' -יבנה,קבוצת יבנה,IL,זית קלמטה ללא גלעין,גרמים,560.00,100 גרם,false,,10.20,1.8214,true,1,114341
7290016370300,false,זית קלמטה שלם צנצנת יבנה,קוזט אס.אי. פיין פודס,GR,זית קלמטה שלם בצנצנת,גרמים,560.00,100 גרם,false,,12.80,2.2857,true,1,114129
7290016372335,false,עגבניות חתוכות לקוביות,,,עגבניות חתוכות לקובי,גרמים,400.00,100 גרם,false,,6.00,1.5000,true,1,177660
7290016387483,false,כריות יפניות דו צדדיות שייני 3 יחידות,מ.א ייצור ושיווק מטל,IL,3 כריות יפניות דו צד,יחידה,0.00,יחידה,false,,5.60,0.0000,true,1,13574
7290016387674,false,בלאק מג'יק פרו כרית הברקה וקרצוף שייני,,IL,כרית הברקה וקרצוף לנ,יחידה,0.00,יחידה,false,,7.70,0.0000,true,1,563761
7290016416961,false,מוס גבינה תות שדה קפולסקי 400 גרם,קפולסקי שיווק וקמעונ,IL,עוגת פס מוס גבינה תו,גרמים,400.00,100 גרם,false,,35.00,8.7500,true,1,39537
7290016437621,false,חיתולי האגיס פרידום דריי pants מידה 4 36 יחידות,קימברלי קלארק צ'כיה,CZ,האגיס פרידום דריי 3,יחידה,0.00,יחידה,false,,37.50,0.0000,true,1,9110
7290016437690,false,תחבושות קוטקס קווארט,קימברלי קלארק,CZ,זוג תחבושות קוטקס יא,יחידה,0.00,יחידה,false,,30.70,0.0000,true,1,9113
7290016437713,false,תחבושות סופר 22*2 יחידות,חוגלה קימברלי,CZ,תחבושות קוטקס סופר פ,יחידה,0.00,יחידה,false,,30.70,0.0000,true,1,9115
7290016437720,false,תחבושות קוטקס נורמל זוג,קימברלי קלארק,CZ,תחבושות יאנג נורמל ק,יחידה,0.00,יחידה,false,,30.70,0.0000,true,1,9116
7290016437737,false,תחבושות קוטקס נייט זוג,קימברלי קלארק,CZ,תחבושות יאנג נייט קו,יחידה,0.00,יחידה,false,,30.70,0.0000,true,1,9117
7290016440652,false,תערובת פרוסות ירקות חמוצים מעדני עופר 500 גרם,מוצרי קפוא זן,,תערובת פרוסות ירקות,גרמים,500.00,100 גרם,false,,17.01,3.4020,true,1,217920
7290016509786,false,פרסיל גל לכביסה לבנה וצבעונית-ירוק 2.5 ל,"הנקל סוד בע""\מ",IL,פרסיל ג'ל 2.5 ליטר י,ליטרים,2.50,ליטר,false,,29.90,11.9600,true,1,34677
7290016509793,false,ג'ל לכביסה לבנה וצבעונית אריזת XL,"הנקל סוד בע""\מ",IL,פרסיל ג'ל 4 ליטר ירו,ליטרים,4.00,ליטר,false,,38.40,9.6000,true,1,34678
7290016509809,false,ג'ל מרוכז לכביסה קולור 2.5 ל' פרסיל,"הנקל סוד בע""\מ",IL,פרסיל ג'ל 2.5 ליטר ק,ליטרים,2.50,ליטר,false,,29.90,11.9600,true,1,34679
7290016509816,false,ג'ל כביסה פרסיל קולור 4ל,"הנקל סוד בע""\מ",IL,פרסיל ג'ל 4 ליטר קול,ליטרים,4.00,ליטר,false,,38.40,9.6000,true,1,34680
7290016509823,false,ג'ל לכביסה לבנה וצבעונית בניחוח רענן,"הנקל סוד בע""\מ",IL,פרסיל ג'ל 2.5 ליטר ב,ליטרים,2.50,ליטר,false,,29.90,11.9600,true,1,34681
7290016509847,false,פרסיל ג'ל לכביסה כהה בלאק 2.5 ליטר,"הנקל סוד בע""\מ",IL,פרסיל ג'ל 2.5 ליטר ב,ליטרים,2.50,ליטר,false,,29.90,11.9600,true,1,34683
7290016510232,false,"תחליב רחצה הוואי יוגורט קוקוס 700 מ""ל",תאי פרזידנט פוד פאבל,IL,תחליב רחצה יוגורט קו,מיליליטרים,700.00,"100 מ""ל",false,,8.50,1.2143,true,1,8111
7290016510249,false,"הוואי - תחליב רחצה יוגורט שקדים 700 מ""ל",תאי פרזידנט פוד פאבל,IL,תחליב רחצה יוגורט שק,מיליליטרים,700.00,"100 מ""ל",false,,8.50,1.2143,true,1,8112
7290016510287,false,"תחליב רחצה הוואי דבש אירוס זהוב 700 מ""ל",תאי פרזידנט פוד פאבל,IL,תחליב רחצה קרם דבש ה,מיליליטרים,700.00,"100 מ""ל",false,,8.50,1.2143,true,1,8115
7290016510324,false,"הוואי תחליב רחצה לגבר אריסטבבול 700 מ""ל",טרופיקל דגיל בעמ,IL,תחליב רחצה לגבר אירי,מיליליטרים,700.00,"100 מ""ל",false,,8.50,1.2143,true,1,8119
7290016510683,false,הוואי אל סבון נוזלי בלו סקיי 1 ליטר,טרופיקל דגיל קוסמטיק,IL,הוואי סבון נוזלי שמי,ליטרים,1.00,ליטר,false,,9.40,9.4000,true,1,8122
7290016566215,false,אטבי כביסה 18 יחידות סיליקון מוסקו,,,אטבי כביסה 18 יח,יחידה,0.00,יחידה,false,,8.50,0.0000,true,1,14087
7290016682328,false,מיץ תפוזים 100% מרכז פריניב 2 ליטר,פרי ניב,IL,פרי ניב מיץ תפוזים ט,ליטרים,2.00,ליטר,false,,17.70,8.8500,true,1,246800
7290016682342,false,מיץ תפוזים וולנסיה פרי ניב 2 ליטר-,פרי ניב,IL,פרי ניב מיץ 100% טבע,ליטרים,2.00,ליטר,false,,22.80,11.4000,true,1,246828
7290016682359,false,מיץ תפוזים שמוטי פרי ניב 2 ליטר-,פרי ניב,IL,פרי ניב מיץ 100% טבע,ליטרים,2.00,ליטר,false,,22.80,11.4000,true,1,246842
7290016717099,false,"יין כרמל סלקטד אדום חצי יבש, 750 מ""ל",יקבי כרמל Carmel Winery,IL,יין סלקטד אדום חצי י,מיליליטרים,750.00,"100 מ""ל",false,,25.60,3.4133,true,1,630
7290016717631,false,יין מוסקטו בעל חוזק אלכוהול נמוך פרייבט קולקשן,אגודת הכורמים הקואופרטיב,IL,יין P.C מוסקטו יין,מיליליטרים,750.00,"100 מ""ל",false,,34.10,4.5467,true,1,637
7290016867008,false,"לחם כוסמין מחמצת ד""ר מרק",המאפה של דר' מארק,IL,לחם כוסמין מחמצת 700,גרמים,700.00,100 גרם,false,,15.30,2.1857,true,1,216164
7290016867039,false,"מארז פיתות קלות כוסמין בתוספת מחמצת 6 יחידות ד""ר מרק",המאפה של דר מרק בריא,IL,פיתות קלות כוסמין בת,גרמים,324.00,100 גרם,false,,12.80,3.9506,true,1,216292
7290016867046,false,"מארז פיתות קלות כוסמין במתיקות מעודנת 6 יחידות ד""ר מרק",המאפה של דר מרק בריא,IL,פיתות קלות כוסמין במ,גרמים,303.00,100 גרם,false,,12.80,4.2244,true,1,216293
7290016867114,false,לחם כוסמין קל מלא 500 גר',המאפה של דר מרק בריא,IL,לחם כוסמין קל מלא 50,גרמים,500.00,100 גרם,false,,15.30,3.0600,true,1,216165
7290016867138,false,"מארז לחמניות קלות כוסמין 5 יחידות ד""ר מרק",המאפה של דר' מארק,IL,לחמניות קלות כוסמין,גרמים,330.00,100 גרם,false,,10.20,3.0909,true,1,216250
7290016867152,false,"מארז פיתות קלות כוסמין 5 יחידות ד""ר מרק",המאפה של דר מרק בריא,IL,פיתות קלות כוסמין 29,גרמים,292.00,100 גרם,false,,11.90,4.0753,true,1,216294
7290016867176,false,"מארז לחמניות קלות כוסמין שומשום במתיקות מעודמת 5 יחידות ד""ר מרק",המאפה של דר מרק,IL,לחמניות ק. כוסמין שו,גרמים,300.00,100 גרם,false,,11.90,3.9667,true,1,216251
7290016883091,false,חרדל דיזון שקדיה 350,צרבונוקס בברבנט אסאיי,FR,חרדל דיז'ון שקדיה 35,גרמים,350.00,100 גרם,false,,8.60,2.4571,true,1,546698
7290016967074,false,לחם חיטה מלאה עם גרעינים ודגנים,מאפיית שלמה א. אנג'\ל בע,IL,חיטה מלאה אנגל 750 ג,גרמים,750.00,100 גרם,false,,14.40,1.9200,true,1,35267
7290016967456,false,לחם צרפתי מחמצת 100% כוסמין 600 ג' אנג'ל,"מאפיית אנג'\ל בעמ, מקבוצ",IL,לחם מחמצת כוסמין אנג,גרמים,600.00,100 גרם,false,,15.30,2.5500,true,1,35268
7290017023212,false,"שוויפס מוגז פירות תפוח מארז רביעייה* 330 מ""ל",יפאורה תבורי בעמ,IL,רביעיית משקה שוופס ב,ליטרים,1.32,ליטר,false,,12.10,9.1667,true,1,11727
7290017023229,false,רביעיית פחיות שוופס מוגז פירות תות ליים 330 מל.,יפאורה תבורי בעמ,IL,רביעיית משקה שוופס ב,ליטרים,1.32,ליטר,false,,12.10,9.1667,true,1,11728
7290017023854,false,מי סודה בקבוקים אישיים - מארז 4 יח',יפאורה תבורי בעמ,IL,"שוופס סודה 250 מ""ל ר",ליטרים,1.00,ליטר,false,,8.70,8.7000,true,1,11753
7290017031705,false,"סנסודיין משחת שיניים קלין & פרש 75 מ""ל",גלקסוס סמית קליין,SK,משחת שיניים קלין&פרש,מיליליטרים,75.00,"100 מ""ל",false,,18.80,25.0667,true,1,4049
7290017062914,false,"קצף לכלים בניחוח לימון פלירוסול 500 מ""ל טאצ",סאסאטק,IL,קצף לכלים בניחוח לימ,מיליליטרים,500.00,"100 מ""ל",false,,18.80,3.7600,true,1,364346
7290017065137,false,ריקוטה למריחה 5% טבעית 200 גרם - רובין,האי נאם סי או אל.טי.,IL,גבינה ריקוטה למריחה,גרמים,200.00,100 גרם,false,,9.30,4.6500,true,1,14488
7290017065236,false,גבינה בולגרית מעודנת 24% גד 250 גרם,הנסיך- מפעל לייצור ט,IL,בולגרית מעודנת 24% 2,גרמים,250.00,100 גרם,false,,20.40,8.1600,true,1,14495
7290017065786,false,"גבינת צ`דר מחלבות גד , 210 גרם","מחלבות גד בע""\מ",IL,גבינה אנגלית קשה צ'ד,גרמים,210.00,100 גרם,false,,18.70,8.9048,true,1,319581
7290017068350,false,עדשים שחורות בלוגה מיה 500 גרם,מיה,IL,עדשים שחורות בלוגה מ,גרמים,500.00,100 גרם,false,,6.80,1.3600,true,1,353405
7290017068367,false,שמרים בוואקום 125 גרם,מיה,IL,מיה שמרים בוואקום 12,גרמים,125.00,100 גרם,false,,4.20,3.3600,true,1,15047
7290017068374,false,שמרים יבשים בואקום מיה 500 גרם,angle yeast co ltd,IL,מיה שמרים בוואקום 50,גרמים,500.00,100 גרם,false,,9.40,1.8800,true,1,15048
7290017068381,false,"ריבה משמש לל""ג מיה 370 גר' מיה",,BG,מעדן משמש 370 גר' לל,גרמים,370.00,100 גרם,false,,11.10,3.0000,true,1,57705
7290017068886,false,ג'לי דובונים בציפוי שמן 350 גרם,מיה תעשיות מזון בעמ,IL,ג'לי דובונים מיה 350,גרמים,350.00,100 גרם,false,,12.80,3.6571,true,1,349284
7290017068909,false,ג'לי לבבות בציפוי שמן 350 גרם,מיה תעשיות מזון בעמ,IL,ג'לי לבבות מיה 350 ג,גרמים,350.00,100 גרם,false,,12.80,3.6571,true,1,90710
7290017068978,false,שיבולת שועל מלאה להכנה מהירה מיה 500 גרם,מיה,IL,שיבולת שועל מלאה להכ,קילוגרמים,1.00,"ק""ג",false,,8.50,8.5000,true,1,521910
7290017068985,false,שיבולת שועל מלאה עבה מיה 500 גרם,מיה,IL,שיבולת שועל מלאה עבה,קילוגרמים,1.00,"ק""ג",false,,8.50,8.5000,true,1,521896
7290017088075,false,בייביסיטר - חיתולי סטנדרט מידה 4+ - 40 יח',די.פי.אל תעשיות מוצרים ח,IL,חיתולי ביייביסיטר סט,יח',40.00,יח',false,,29.90,0.7475,true,1,537231
7290017088396,false,קוויק מגבון מסיר כתמים 20 יח בקופ' 12 קופ' בקר,נאופארם,IL,מגבונים להסרת כתמים,יח',20.00,יח',false,,15.30,0.7650,true,1,71204
7290017088693,false,קוויק מטליות לחות לניקוי וחיטוי רצפות ניחוח לוונדר 10 יחידות,די.פי.אל,IL,מגבונים לניקוי וחיטו,יח',10.00,יח',false,,9.40,0.9400,true,1,29328
7290017088822,false,BREEZE תחבושות לבריחת שתן אקסטרה (10 יח'),ניאופארם,IT,תחבושות Breeze לבריח,יח',12.00,יח',false,,16.20,1.3500,true,1,157413
7290017088846,false,BREEZE תחבושות לבריחת שתן מקסי (8 יח'),ניאופארם,IT,תחבושות Breeze לבריח,יח',12.00,יח',false,,16.20,1.3500,true,1,156452
7290017088969,false,חיתולי בייביסיטר ניו בורן מידה 1 42 יח',די.פי.אל תעשיות מוצרים ח,IL,חיתולי בייביסיטר NB,יחידה,0.00,יחידה,false,,25.56,0.0000,true,1,228030
7290017090993,false,כירה חשמלית כפול פלט,,,כירה חשמלית כפול פלט,יחידה,0.00,יחידה,false,,128.20,0.0000,true,1,84037
7290017100418,false,"כפפות לטקס 100 יחי' L כשלפ עד""ח פרפקט",פאלאס,ID,כפפות לטקס 100 יח' L,יחידה,0.00,יחידה,false,,26.40,0.0000,true,1,93330
7290017105062,false,גרגירי חומוס שלם יכין הקטניה הטובה 200 ג,היינץ צפון אמריקה מק,IL,חומוס 6OZ יכין 200 ג,גרמים,200.00,100 גרם,false,,3.30,1.6500,true,1,8750
7290017105079,false,שעועית לבנה ברוטב עגבניות יכין הקטניה הט,היינץ צפון אמריקה מק,IL,שעועית אפויה 6OZ יכי,גרמים,200.00,100 גרם,false,,3.30,1.6500,true,1,8751
7290017105086,false,שימורי יכין שעועית צילי 200 גר,"זנלכל בע""\מ",IL,שעועית צ'ילי 6OZ יכי,גרמים,200.00,100 גרם,false,,3.30,1.6500,true,1,8752
7290017105116,false,תורמוס הקטניה הטובה יכין 200/105 גרם,"זנלכל בע""\מ",IL,תורמוס 6OZ יכין 200,גרמים,200.00,100 גרם,false,,3.30,1.6500,true,1,8755
7290017105468,false,מארז שלישייה אפונה קטנה יכין 3*200 גר,קשקמט קונסרב הונגריה,IL,אפונה יכין 3*120 גרם,גרמים,360.00,100 גרם,false,,11.90,3.3056,true,1,8759
7290017105895,false,גרגרי חומוס להכנת חומוס משובח יכין 560 ג,זנלכל,IL,גרגרי חומוס מסעדות י,גרמים,550.00,100 גרם,false,,8.50,1.5455,true,1,80826
7290017121048,false,"פלפל צ'ומה 250 גרם ""עללחם""","מדשא תעשיות מזון בע""\מ",IL,ממרח פלפל צ'ומה עללח,גרמים,250.00,100 גרם,false,,12.80,5.1200,true,1,23157
7290017142111,false,פתיתי טונה בשמן זית טו גו עץ הזית 85 גרם,"יוניקורד ח.צ בע""מ",TH,פתיתי טונה בהירה בשמ,גרמים,85.00,100 גרם,false,,8.50,10.0000,true,1,29133
7290017142128,false,"שמן זית כתית מעולה קלאסי עץ הזית 750 מ""ל",שמן תעשיות בעמ,IT,שמן זית כתית מעולה ק,מיליליטרים,750.00,"100 מ""ל",false,,29.00,3.8667,true,1,29134
7290017142159,false,"שלישיית נתחי טונה בהירה בשמן זית 80 גרם ""עץ הזית""",הנסיך- מפעל לייצור ט,TH,נתחי טונה בהירה בשמן,גרמים,240.00,100 גרם,false,,20.40,8.5000,true,1,29135
7290017142166,false,"פילה טונה פרוס עם שמן זית 120 גרם ""עץ הזית""","יוניקורד ח.צ בע""מ",TH,פילה טונה פרוס עם בש,גרמים,120.00,100 גרם,false,,12.80,10.6667,true,1,29136
7290017142180,false,פילה פרוס ושמן זית בנגיעות טעם לימון ופלפל שחור,"יוניקורד ח.צ בע""מ",TH,פילה טונה פרוס זית ל,גרמים,120.00,100 גרם,false,,12.80,10.6667,true,1,29137
7290017142203,false,"פילה טונה פרוס עם שמן זית בטעם מעושן 120 גרם ""עץ הזית""","יוניקורד ח.צ בע""מ",TH,פילה טונה פרוס עם בש,גרמים,120.00,100 גרם,false,,12.80,10.6667,true,1,29138
7290017142340,false,שמן זרעי ענבים מזוכך 1 לי עץ הזית,אף.ג'\יי.סנצ'\ז סוקחורס,TH,שמן זרעי ענבים מזוכך,ליטרים,1.00,ליטר,false,,25.60,25.6000,true,1,29147
7290017142371,false,"שמן שומשום לא מזוכך עץ הזית 250 מ""ל",גאה די. או. או.,SI,שמן שומשום לא מזוכך,מיליליטרים,250.00,"100 מ""ל",false,,25.60,10.2400,true,1,29150
7290017142388,false,שמן חמניות פלוס אומגה 3 עץ הזית 1 ליטר,שמן תעשיות בעמ,IL,שמן חמניות פלוס אומג,ליטרים,1.00,ליטר,false,,13.60,13.6000,true,1,29151
7290017142395,false,"LUNCH TO GO פסטה עם טונה בשמן זית 160 גרם ""עץ הזית""",יוניקורד ח.צ בעמ,TH,פסטה עם טונה בשמן זי,גרמים,160.00,100 גרם,false,,11.90,7.4375,true,1,29152
7290017142401,false,"LUNCH TO GO קינואה לבנה ואדומה טונה בשמן זית 160 גרם ""עץ הזית""",ג'נרל מילס סאן אדריא,TH,קינואה לבנה ואדומה ע,גרמים,160.00,100 גרם,false,,11.90,7.4375,true,1,99863
7290017142418,false,"LUNCH TO GO אורז עם עדשים טונה בשמן זית 160 גרם ""עץ הזית""",יוניקורד ח.צ בעמ,TH,אורז עדשים עם טונה ב,גרמים,160.00,100 גרם,false,,11.90,7.4375,true,1,29153
7290017217307,false,נרות חימום ריחניים בניחות ורדים 50יח',הוסטס,CN,נרות חימום ריחניים ב,יחידה,0.00,יחידה,false,,11.10,0.0000,true,1,554315
7290017217437,false,סבון לאסלה פרחים 50*3 גר,JIANGBEI NINGBO,CN,סבון אסלה מבושם בניח,יחידה,0.00,יחידה,false,,10.20,0.0000,true,1,549676
7290017289595,false,"יין אינספייר בלנד אדום יבש 150 שנה 750 מ""ל",יקב טפרברג 1870 בעמ,IL,אינספייר בלנד אדום י,מיליליטרים,750.00,"100 מ""ל",false,,64.10,8.5467,true,1,552047
7290017303802,false,אריאל מלוואח 600 גרם,מאפיית אריאל,IL,"מלוואח 600 גרם כשל""פ",גרמים,600.00,100 גרם,false,,18.80,3.1333,true,1,51158
7290017304885,false,לחם שיפון מחיטה מלאה ללא תוספת סוכר 750 ג' אנג'ל,מאפיית שלמה א. אנג'\ל בע,IL,לחם שיפון וחיטה מלאה,גרמים,750.00,100 גרם,false,,14.40,1.9200,true,1,35273
7290017440286,false,"ד""ר פישר מרכך מולטי ויטמין קידס ,750 מ""ל","ד""ר פישר Dr fischer",IL,"ד""ר פישר מרכך קידס 7",מיליליטרים,750.00,"100 מ""ל",false,,14.50,1.9333,true,1,29085
7290017440309,false,"ד""ר פישר - קידס שמפו ויטמינים 750 מ""ל","ד""ר פישר Dr fischer",IL,"ד""ר פישר שמפו קידס 7",מיליליטרים,750.00,"100 מ""ל",false,,14.50,1.9333,true,1,29086
7290017457611,false,גל כביסה סוד טוטאל ירוק 2.5 ליטר,הנקל סוד,IL,ג'ל כביסה ירוק סוד,ליטרים,2.50,ליטר,false,,21.30,8.5200,true,1,70011
7290017457734,false,"סוד ורוד מרכך כביסה מרוכז20%+בישום 900 מ""ל",הנקל סוד,IL,מרכך כביסה מרוכז סוד,מיליליטרים,900.00,"100 מ""ל",false,,10.20,1.1333,true,1,34702
7290017457888,false,סוד ג'ל כביסה טוטל כחול 4 לי,הנקל סוד,IL,ג'ל כביסה סוד כחול 4,ליטרים,4.00,ליטר,false,,29.90,7.4750,true,1,70014
7290017457925,false,סוד מרכך כביסה מרוכז פרש קונטרול ורוד,הנקל סוד,IL,מרכך כביסה מרוכז סוד,מיליליטרים,900.00,"100 מ""ל",false,,10.20,1.1333,true,1,104499
7290017457932,false,סוד מרכך כביסה מרוכז פרש קונטרול כחול,הנקל סוד,IL,מרכך כביסה מרוכז סוד,מיליליטרים,900.00,"100 מ""ל",false,,10.20,1.1333,true,1,104486
7290017477169,false,קשיו קלוי 250 גרם ששון הקולה,"דין שיווק וקלייה בע""",IL,קשיו קלוי ששון הקולה,גרמים,250.00,100 גרם,false,,17.09,6.8360,true,1,4898
7290017495552,false,מטאטא גב עץ,,,מטאטא גב עץ,יחידה,0.00,יחידה,false,,14.50,0.0000,true,1,129053
7290017513485,false,מחית עגבניות רוסטיקה גרנד איטליה 680 גרם,היצרן: ס.פ. פודנצנו -10,IT,מחית עגבניות רוסטיקה,גרמים,680.00,100 גרם,false,,10.20,1.5000,true,1,24607
7290017589633,false,"רזרב גולד אדישיין קברנה סוביניון 750 מ""ל",יקבי ברקן Barkan,IL,יין רזרב קברנה גולד,מיליליטרים,750.00,"100 מ""ל",false,,41.90,5.5867,true,1,9556
7290017599229,false,ממתיק סוכרלוז 200 טבליות סוכרזית,"סוכרזית בע""מ",IL,סוכרזית סוכרלוז 200,גרמים,17.00,100 גרם,false,,20.50,120.5882,true,1,333076
7290017616902,false,שעועית ירוקה שלמה עד,,,שעועית ירוקה שלמה עד,גרמים,800.00,100 גרם,false,,8.50,1.0625,true,1,161244
7290017617084,false,סטארקיסט מיקס טוגו טונה עם שעועית 185 גרם,דרדנל אוננטאס גידה,TR,סטארקיסט מיקס 185 גר,גרמים,185.00,100 גרם,false,,11.03,5.9622,true,1,306545
7290017617091,false,סטארקיסט מיקס טוגו טונה עם פתיתים 185 גרם,דרדנל אוננטאס גידה,TR,סטארקיסט מיקס 185 גר,גרמים,185.00,100 גרם,false,,11.03,5.9622,true,1,245722
7290017617107,false,סטארקיסט מיקס טוגו טונה עם 4 דגנים 185 גרם,"איטיליאן פוד, אס.פי.",TR,סטארקיסט מיקס 185 גר,גרמים,185.00,100 גרם,false,,11.03,5.9622,true,1,245736
7290017618111,false,עוגיות שקדים עם טריפל שוקולד 200 גר לחמי,קונדטוריות לחמי,IL,עוגיות מלבן שקדים עם,גרמים,180.00,100 גרם,false,,16.20,9.0000,true,1,24615
7290017619316,false,גומא אפור גבוה מוסקו מקלות,מוסקו,,מפיץ ריח אפור UV גבו,מיליליטרים,120.00,"100 מ""ל",false,,21.30,17.7500,true,1,208050
7290017637587,false,קרם לתלתלים מושלמים 200 מל בוגנים,סאסא קוסמטיקס,IL,קרם CURLS לתלתלים מו,מיליליטרים,200.00,"100 מ""ל",false,,23.90,11.9500,true,1,471972
7290017647425,false,"יין גמלא קברנה סוביניון שנת 2018 750 מ""ל",יקבי רמת הגולן,IL,יין גמלא קברנה סובינ,מיליליטרים,750.00,"100 מ""ל",false,,58.10,7.7467,true,1,83146
7290017677804,false,"רוטב סויה קיקומן ללא חומרים משמרים 444 מ""ל",קיקומן פודז אינק,US,קיקומן רוטב סויה ללא,מיליליטרים,444.00,"100 מ""ל",false,,17.10,3.8514,true,1,5347
7290017682099,false,מקל מטאטא טיטניוום,,,מקל טיטניום 1.3 מטר,יחידה,0.00,יחידה,false,,5.10,0.0000,true,1,51516
7290017682617,false,"מגב 40 ס""מ עם תפס להצמדה סחבה",,CN,מגב קלינג CLING עם ת,יחידה,0.00,יחידה,false,,13.60,0.0000,true,1,13585
7290017812380,false,תירוש מיץ ענבים אדום,,,תירוש מיץ ענבים אדום,מיליליטרים,750.00,"100 מ""ל",false,,11.10,1.4800,true,1,649
7290017812571,false,מיץ ענבים תירוש אדום 100% טבעי כרמל 1 ליטר,יקבי כרמל Carmel Winery,IL,תירוש מיץ ענבים אדום,ליטרים,1.00,ליטר,false,,17.10,17.1000,true,1,51690
7290017812618,false,מיץ ענבים תירוש אדום רוזה כרמל 1 ליטר,כרמל מזרחי,IL,מיץ ענבים רוזה תירוש,ליטרים,1.00,ליטר,false,,17.10,17.1000,true,1,66239
7290017812861,false,יין וינו לבן יקבי כרמל,כרמל מזרחי,IL,יין וינו לבן יבש יקב,מיליליטרים,750.00,"100 מ""ל",false,,18.80,2.5067,true,1,189115
7290017812878,false,"אקסלנס וזה -קברנה סוביניון כרמל 750 מ""ל",קריות זול,IL,יין רוזה אקסלנס יקבי,מיליליטרים,750.00,"100 מ""ל",false,,22.20,2.9600,true,1,189101
7290017816012,false,קרם קרקר כוסמין מקור הכוסמין 250 גר,מגדנית הדר,IL,קרם קרקר מקור הכוסמי,גרמים,250.00,100 גרם,false,,12.80,5.1200,true,1,321470
7290017816111,false,פתי בר מקןר הכוסמין 220 גרם,אפיפית הדר,IL,פתי בר מקור הכוסמין,גרמים,220.00,100 גרם,false,,10.20,4.6364,true,1,321454
7290017816135,false,פריכיות כוסמין מקור הכוסמין 90 גר,זן-בר,IL,פריכיות כוסמין ללא ת,גרמים,90.00,100 גרם,false,,8.50,9.4444,true,1,321485
7290017872070,false,מארז מגבונים לחים בניחוח מרענן פרש וואנס שלישייה,"ווטנפס בע""\מn\",IL,פרשוואנס מגבונים מאר,יחידה,0.00,יחידה,false,,11.10,0.0000,true,1,515466
7290017872179,false,עוגיות טחינה ללא תוספת סוכר,"הגביע מוצרי וופלים בע""\מ",IL,עוגיות טחינה טוסו 20,גרמים,200.00,100 גרם,false,,14.90,7.4500,true,1,71344
7290017872193,false,טוסו עוגיות שקדים וקינמון ללא סוכר 200 גרם,"הגביע מוצרי וופלים בע""\מ",IL,עוגיות שקדים וקינמון,גרמים,200.00,100 גרם,false,,14.90,7.4500,true,1,71346
7290017873008,false,גלילונית הקפאה זוג 275 יחידות,"אשפלסט תעשיות בע""מ",IL,גלילונית שקיות רב שי,יחידה,0.00,יחידה,false,,10.20,0.0000,true,1,266316
7290017873039,false,מארז זוג שקיות לסנדוויץ גלילונית 2*160 יח',"קינג באג בע""מ",TH,גלילונית שקיות אוכל,יחידה,0.00,יחידה,false,,9.30,0.0000,true,1,266343
7290017888019,false,"משקה תפוח רימון סלק גינגיר פרות &ווג 350 מ""ל",פרוט אנד וג' Fruit & Veg,IL,פרוט & וג' תפוח רימו,מיליליטרים,330.00,"100 מ""ל",false,,6.80,2.0606,true,1,11765
7290017888033,false,"משקה בננה מלון נענע פרות &ווג 350 מ""ל",פרוט אנד וג' Fruit & Veg,IL,פרוט & וג' בננה מלון,מיליליטרים,330.00,"100 מ""ל",false,,6.80,2.0606,true,1,11767
7290017888644,false,"משקה אננס בננה כורכום פרות & ווג 350 מ""ל",פרוט אנד וג' Fruit & Veg,IL,פרוט & וג' אננס בננה,גרמים,330.00,100 גרם,false,,6.80,2.0606,true,1,57521
7290017888729,false,שוופס סודה בקבוק 1 ל',"יפאורה תבורי בע""\מ",IL,שוופס סודה 1 ליטר,ליטרים,1.00,ליטר,false,,3.90,3.9000,true,1,67710
7290017888972,false,בקבוק מי עדן פקק ספורט 1 ליטר,"מופק ממקור בזלתי עדן ,1",IL,מי עדן פקק ספורט 1 ל,ליטרים,1.00,ליטר,false,,4.20,4.2000,true,1,72861
7290017917764,false,"ד""ר פישר - אפקטיב קר קרם גוף מועשר בשמן ארגן 450 מ""ל",פישר מעבדות פרמצבטיות בע,IL,קרם גוף אפקטיב קר 4,מיליליטרים,450.00,"100 מ""ל",false,,21.30,4.7333,true,1,117857
7290017928036,false,מקלות גריסיני שומשום מאיר בייגל 175 גרם,מאיר את בייגל,IL,מקלות גריסיני שומשום,גרמים,175.00,100 גרם,false,,10.20,5.8286,true,1,5348
7290017928043,false,מקלות גריסיני קראנץ' מלח מאיר בייגל 175 גרם,מאיר את בייגל,IL,גריסיני קראנץ' מלח מ,גרמים,175.00,100 גרם,false,,10.20,5.8286,true,1,5349
7290017928098,false,שטוחלה מלח מאיר בייגל 330 גרם,מאיר את בייגל,IL,בייגלה שטוח מלח מאיר,גרמים,330.00,100 גרם,false,,10.20,3.0909,true,1,220495
7290017928432,false,מקלות גריסיני קראנץ' פרג מאיר בייגל 175 גרם,מאיר את בייגל,IL,גריסיני קראנץ' פרג מ,גרמים,175.00,100 גרם,false,,10.20,5.8286,true,1,5357
7290017928463,false,מאיר בייגל -סמאש-שבורים בטעם דבש חרדל ובצל 300 גרם,מאיר בייגל,BG,שברי בייגלה דבש חרדל,גרמים,300.00,100 גרם,false,,11.10,3.7000,true,1,124865
7290017928524,false,בייגלה שטוח ניגובים מלח 330 ג' מאיר בייגל,מאיר את בייגל,IL,בייגלה שטוח ניגובים,גרמים,300.00,100 גרם,false,,10.20,3.4000,true,1,228669
7290017928616,false,מאיר בייגל שטוחהלה שומשום 300 גר',מאיר את בייגל,IL,שטוחלה שומשום מאיר ב,גרמים,300.00,100 גרם,false,,10.20,3.4000,true,1,5360
7290017928685,false,בייגלה שמיניות מלוח מאיר בייגל 400 גרם.,מאיר את בייגל,IL,בייגלה שמיניות עם מל,גרמים,400.00,100 גרם,false,,10.20,2.5500,true,1,220416
7290017928746,false,פירורי בייגלה מאיר בייגל 200 גרם,מאיר בייגל,IL,פירורי בייגלה מאיר ב,גרמים,200.00,100 גרם,false,,5.90,2.9500,true,1,385501
7290017928821,false,מקלות גריסיני קלאסי מאיר בייגל 200 גרם,מאיר את בייגל,IL,מקלות גריסיני קלאסי,גרמים,200.00,100 גרם,false,,10.20,5.1000,true,1,5365
7290017932088,false,גאלה תחתית אפויה לפאי 170 גרם,פיניקל פודס גרופ,US,גאלה תחתית אפויה לפא,גרמים,170.00,100 גרם,false,,10.20,6.0000,true,1,158293
7290017941158,false,WIZ סכינים עבים שקוף 100 יח',,,סכינים עבות 100 יח',יחידה,0.00,יחידה,false,,10.18,0.0000,true,1,136807
7290017941219,false,WIZ כפות עבות במיוחד שקוף 40 יח',,,כפות 40 יח' עבה במיו,יחידה,0.00,יחידה,false,,6.80,0.0000,true,1,131789
7290017941226,false,מזלגות 40 יח' עבה במ,,,מזלגות 40 יח' עבה במ,יחידה,0.00,יחידה,false,,6.80,0.0000,true,1,131819
7290017941233,false,סכינים 50 יח' עבה במ,,,סכינים 40 יח' עבה במ,יחידה,0.00,יחידה,false,,6.80,0.0000,true,1,131790
7290017941288,false,נר נשמה 24 שעות,,,נר נשמה 24 שעות,יחידה,0.00,יחידה,false,,1.60,0.0000,true,1,182519
7290017941356,false,נר שבת 72 יח',,,נר שבת 72 יח',יחידה,0.00,יחידה,false,,27.30,0.0000,true,1,197427
7290017941370,false,להבונים 50 יח' 3 שעו,,,להבונים 50 יח' 3 שעו,יחידה,0.00,יחידה,false,,8.50,0.0000,true,1,182549
7290017941462,false,50 כוסות שתייה חמה 8B,,,כוסות שתיה חמה 8B י,יחידה,0.00,יחידה,false,,8.47,0.0000,true,1,140119
7290017941493,false,שקיות פס סגור 25 יח',,,שקיות פס סגור 25 יח',יחידה,0.00,יחידה,false,,6.80,0.0000,true,1,161633
7290017941516,false,שקיות זיפר S לאחסון-,,,שקיות זיפר S לאחסון-,יחידה,0.00,יחידה,false,,5.90,0.0000,true,1,161635
7290017941530,false,כוסות TO-GO לשתייה ח,,,כוסות TO-GO לשתייה ח,יחידה,0.00,יחידה,false,,11.03,0.0000,true,1,149506
7290017941608,false,WIZ קעריות אובליות לבן 50 יח',,,קערות אובליות לבן 50,יחידה,0.00,יחידה,false,,9.32,0.0000,true,1,131184
7290017941660,false,מארז תבניות לחלה עבו,,,מארז תבניות לחלה עבו,יחידה,0.00,יחידה,false,,11.03,0.0000,true,1,131120
7290017941677,false,WIZ מארז תבניות רוסטר בנוני 3 יח',,,מארז תבניות רוסטר בנ,יחידה,0.00,יחידה,false,,11.03,0.0000,true,1,131121
7290017941684,false,מארז תבניות רוסטר ענ,,,מארז תבניות רוסטר ענ,יחידה,0.00,יחידה,false,,11.03,0.0000,true,1,131122
7290017941691,false,מפת שולחן מהודרת 270,,,מפת שולחן מהודרת 270,יחידה,0.00,יחידה,false,,7.70,0.0000,true,1,182578
7290017941707,false,זוג מפות אירוח 120*1,,,זוג מפות אירוח 120*1,יחידה,0.00,יחידה,false,,6.80,0.0000,true,1,182579
7290017941745,false,מארז צלחות מהודר 20+,,,מארז צלחות מהודר 20+,יחידה,0.00,יחידה,false,,47.80,0.0000,true,1,126265
7290017941790,false,ניילון נצמד 30*30 עם,,,ניילון נצמד 30*30 עם,מטרים,30.00,מטר,false,,7.70,0.2567,true,1,182564
7290017941820,false,כוסות שתיה קרה כחול,,,כוסות שתיה קרה כחול,יחידה,0.00,יחידה,false,,11.89,0.0000,true,1,122682
7290017941868,false,קערת פלסטיק עגולה 8,,,קערת פלסטיק עגולה 8,יחידה,0.00,יחידה,false,,4.20,0.0000,true,1,122698
7290017941882,false,קערת פלסטיק אובלית 1,,,קערת פלסטיק אובלית 1,יחידה,0.00,יחידה,false,,6.76,0.0000,true,1,122713
7290017941929,false,"שיפודי יקטורי 18 ס""מ",,,"שיפודי יקטורי 18 ס""מ",יחידה,0.00,יחידה,false,,6.80,0.0000,true,1,134411
7290017941936,false,"כוסות לברד 330 מ""ל 4",,,"כוסות לברד 330 מ""ל 4",מיליליטרים,330.00,"100 מ""ל",false,,9.32,2.8242,true,1,136264
7290017947105,false,לחם אנג'ל בסגנון אמריקה 500 גרם,מאפיית שלמה א. אנג'\ל בע,IL,לחם בסגנון אמריקה אנ,גרמים,500.00,100 גרם,false,,12.70,2.5400,true,1,35274
7290017947464,false,שמיניית פיתות כוסמין אנג'ל 8*50 גרם,מאפיית שלמה א.אנג'\ל בע\,IL,שמיניית פיתות כוסמין,גרמים,400.00,100 גרם,false,,13.60,3.4000,true,1,94323
7290017947495,false,6 לחמניות כוסמין 450 גרם אנג'ל,מאפיית שלמה א.אנג'\ל,IL,6 לחמניות כוסמין אנג,גרמים,450.00,100 גרם,false,,13.60,3.0222,true,1,110910
7290017947891,false,לחם אנג'ל כוסמין וחיטה מלאה 750 גרם,מאפיית שלמה א. אנג'\ל בע,IL,לחם כוסמין וחיטה מלא,גרמים,750.00,100 גרם,false,,14.40,1.9200,true,1,35275
7290017947921,true,מארז לחמניות המבורגר,,,מארז לחמניות המבורגר,גרמים,450.00,100 גרם,false,,12.70,2.8222,true,1,69590
7290017947938,false,מיני לחמניות המבורגר בסגנון אמריקה 400 ג' אנג'ל,מאפיית שלמה א. אנג'\ל בע,IL,8 לחמניות המבורגר בס,גרמים,4000.00,100 גרם,false,,12.70,0.3175,true,1,111466
7290018023013,false,זית סורי שבור סבא חביב 215 גרם,,IL,זיתים סורי שבור סבא,גרמים,215.00,100 גרם,false,,9.32,4.3349,true,1,51875
7290018023495,false,טחינה גולמית 500ג' סבא חביב,מ.א ושות',IL,טחינה גולמית סבא חבי,גרמים,500.00,100 גרם,false,,12.80,2.5600,true,1,550358
7290018043196,false,פראוד - חטיף חלבון בטעם שוקולד לבן עוגיות 60 גרם,הרת'סייד פוד סולושיי,NL,חטיף חלבון בטעם שוקו,גרמים,60.00,100 גרם,false,,11.90,19.8333,true,1,417110
7290018045084,false,BON&BON דגנים במילוי קרם בטעם בראוניז 480 גרם,monday,DE,דגנים במילוי קרם ברא,גרמים,480.00,100 גרם,false,,20.40,4.2500,true,1,315860
7290018091029,false,מקלות פילו תפוחי אדמה מעדנות 450 ג',תנובה מעדנות,IL,מקלות פילו תפוח אדמה,גרמים,450.00,100 גרם,false,,12.80,2.8444,true,1,79580
7290018091616,false,מקלות פילו גבינה מעדנות 450 גרם,מיוצר עי קונדיטוריית,IL,מקלות פילו גבינה 450,גרמים,450.00,100 גרם,false,,12.80,2.8444,true,1,79567
7290018091838,false,חטיפי פילאס גבינה מעדנות 600 גרם,מעדנות בעמ,IL,חטיפי בורקס מבצק פיל,גרמים,600.00,100 גרם,false,,16.20,2.7000,true,1,120291
7290018131077,false,נסטלה מילקה שלגון וניל חדש 71 גרם,פרונרי פולין,PL,מילקה שלגון וניל עם,גרמים,71.00,100 גרם,false,,7.70,10.8451,true,1,155789
7290018131251,false,אקסטרים מטבע שוקולד לבן וליבת קרם עוגיות 115ג',גלידות נסטלה )נגה גלידות,IL,אקסטרים מטבע שוקולד,יחידה,0.00,יחידה,false,,8.50,0.0000,true,1,61576
7290018131336,false,שלגון ליון בטעם קרמל עם,שוורצקוף& הנקל דיסלד,PL,שלגון ליון בטעם קרמל,גרמים,66.00,100 גרם,false,,6.80,10.3030,true,1,155802
7290018131558,false,מאגדת מיני בייטס אוראו 201 גרם,שוורצקוף& הנקל דיסלד,PL,אוראו מאגדת מיני ביי,גרמים,162.00,100 גרם,false,,17.10,10.5556,true,1,172099
7290018131640,false,קראנץ בלונד עם ליבת נוגט בוטנים 100 גרם,גלידות נסטלה )נגה גלידות,IL,קראנץ בלונד עם ליבת,גרמים,100.00,100 גרם,false,,8.50,8.5000,true,1,155776
7290018131756,false,מאגדת שלגון וניל מצופה תות נסטלה 440 גרם,גלידות נסטלה )נגה גלידות,IL,נסטלה וניל מצופה תות,גרמים,440.00,100 גרם,false,,26.40,6.0000,true,1,129593
7290018131855,false,אקסטרים טילון בראוניז בדצ מאגדת 6*72 גרם נסטלה,גלידות נסטלה )נגה גלידות,IL,אקסטרים מאגדת טילון,גרמים,432.00,100 גרם,false,,31.50,7.2917,true,1,155815
7290018131879,false,אקסטרים טילון חלב בדצ מאגדת 6*72 גרם נסטלה,גלידות נסטלה )נגה גלידות,IL,אקסטרים מאגדת טילון,גרמים,432.00,100 גרם,false,,31.50,7.2917,true,1,155816
7290018156124,false,"אל סבון קמיל צבעוני ד""ר פישר שלישיה* 500 מ""ל",פישר תעשיות,IL,"אל סבון קמיל 500 מ""ל",ליטרים,1.50,ליטר,false,,17.10,11.4000,true,1,117840
7290018165560,false,תירוש לבן של סגל 1 ליטר,יינות סגל,IL,תירוש לבן של סגל 1 ל,ליטרים,1.00,ליטר,false,,11.10,11.1000,true,1,388065
7290018195406,false,"שמן זית כתית מעולה עגול 750 מ""ל",מוצרי יסוד - טעמן,IL,שמן זית כתית עגול טע,מיליליטרים,750.00,"100 מ""ל",false,,25.60,3.4133,true,1,319394
7290018213100,false,דלי מגבונים לניקוי כללי שייני focus,,IL,דלי מגבונים לניקוי ו,יחידה,0.00,יחידה,false,,21.30,0.0000,true,1,97167
7290018213353,false,מטליות לחות לרצפות גדול-,,IL,מטליות לרצפה בניחוח,יח',10.00,יח',false,,7.70,0.7700,true,1,566981
7290018213414,false,מפה מהודרת מוטבעת 27,,,מפה מהודרת מוטבעת 27,יחידה,0.00,יחידה,false,,8.50,0.0000,true,1,567224
7290018225134,false,"מערבל יד חשמלי "" פל",,,"מערבל יד חשמלי "" פל",יחידה,0.00,יחידה,false,,52.10,0.0000,true,1,135894
7290018225219,false,קומקום זכוכית נשלף פ,,,קומקום זכוכית נשלף פ,יחידה,0.00,יחידה,false,,64.90,0.0000,true,1,83784
7290018236086,false,"נקניקיות במליחות מעודנת עוף טוב 1 ק""ג",עיצובים 2020 (4.9),,ע.ט. נקניקיות עוף 12,קילוגרמים,1.00,"ק""ג",false,,23.80,23.8000,true,1,169344
7290018236659,false,צ'ונגו-פופקורן ציפ מתובל עוף טוב 600 גרם,מוצרי עוף טוב (2001) בע\,IL,רצועות צ'ונגו פופקור,גרמים,600.00,100 גרם,false,,26.40,4.4000,true,1,117041
7290018237281,false,עוף טוב נקניק סלמי ירדן 550 גר',מוצרי עוף טוב (2001) בע\,IL,נקניק סלמי ירדן עוף,גרמים,550.00,100 גרם,false,,18.80,3.4182,true,1,214632
7290018237502,false,עוף טוב כתף בקר דק-דק 200 גרם,"עוף טוב (שאן) בע""מ",IL,עוף טוב דק דק כתף בק,גרמים,200.00,100 גרם,false,,17.90,8.9500,true,1,282907
7290018237939,false,שניצלונים ציפוי שומשום עוף טוב 700 גרם,מוצרי עוף טוב (2001) בע\,IL,שניצלונים ציפוי שומש,גרמים,700.00,100 גרם,false,,17.10,2.4429,true,1,546304
7290018249086,false,סוויטאנגו ממרח בטעם חלווה פיסטוקחום,,IL,סוויטאנגו ממרח בטעם,גרמים,350.00,100 גרם,false,,28.20,8.0571,true,1,624333
7290018249154,false,ממרח קקאו עם אגוזי לוז 350 גר,"אחדות ביח""ר לטחינה ח",IL,ממרח שוקולד עם אגוזי,גרמים,350.00,100 גרם,false,,28.20,8.0571,true,1,624334
7290018294000,false,"יין קינג דויד רוזה כרמל 750 מ""ל",כרמל מזרחי,IL,יין קינג דיוויד רוזה,מיליליטרים,750.00,"100 מ""ל",false,,18.80,2.5067,true,1,161525
7290018294352,false,"ארק יקבי כרמל 700 מ""",יקבי כרמל Carmel Winery,ES,"ארק יקבי כרמל 700 מ""",מיליליטרים,700.00,"100 מ""ל",false,,47.30,6.7571,true,1,365554
7290018294901,false,"יין מונלייט אדום יבש 750 מ""ל כרמל",יקבי כרמל Carmel Winery,IL,יין מונלייט אדום יבש,מיליליטרים,750.00,"100 מ""ל",false,,29.90,3.9867,true,1,551141
7290018344095,false,חטיף חלבון בטעם בוטנים מלח 50 ג' VEG PROTEIN,ממתקי השלום,IL,חטיף חלבון בוטנים ומ,גרמים,50.00,100 גרם,false,,8.47,16.9400,true,1,230066
7290018344101,false,חטיף חלבון בטעם קקאו וקפה 50 ג' VEG PROTEIN,טבע ירוק,IL,חטיף חלבון קקאו וקפה,גרמים,50.00,100 גרם,false,,8.47,16.9400,true,1,230107
7290018344125,false,חטיף חלבון אגוזי לוז קקאו טבע ירוק 50 גר,ממתקי השלום,IL,חטיף חלבון אגוזי לוז,גרמים,50.00,100 גרם,false,,8.47,16.9400,true,1,230093
7290018359129,false,פולפה עגבניות חתוכות מקולפות דק יכין 690 גרם,אמיליאנה קונסרב,IT,פאסאטה מחית עגבניות,גרמים,690.00,100 גרם,false,,7.70,1.1159,true,1,129424
7290018359334,false,רכז עגבניות טבעי פריכוז שף יכין 580 גרם,זנלכל,IL,רכז עגבניות טבעי פרי,גרמים,580.00,100 גרם,false,,8.50,1.4655,true,1,99737
7290018359495,false,תירס מהשדה בלי תוספת סוכר יכין 550 גרם,היינץ צפון אמריקה מק,IL,תירס מהשדה בלי תוספת,גרמים,550.00,100 גרם,false,,7.60,1.3818,true,1,99762
7290018359686,false,יכין חומוס גדול 550 גר A2,היינץ צפון אמריקה מק,IL,חומוס ענק יכין 550 ג,גרמים,550.00,100 גרם,false,,8.50,1.5455,true,1,202526
7290018359716,false,רוטב עגבניות פיצה טוסקנה 240 גרם יכין,"זנלכל בע""\מ",IL,רוטב פיצה טוסקנה יכי,גרמים,240.00,100 גרם,false,,4.70,1.9583,true,1,140696
7290018359877,false,רסק עגבניות טבעי יכין 200 גר*3,זנלכל,IL,רסק עגבניות טבעי יכי,גרמים,600.00,100 גרם,false,,13.60,2.2667,true,1,328289
7290018359884,false,פולפה ליקופן טבעית 2*400 גרם יכין,זנלכל,IL,פולפה ליקופן טבעית י,גרמים,800.00,100 גרם,false,,14.50,1.8125,true,1,328247
7290018359938,false,"רוטב עגבניות לשקשוקה יכין, 400 גרם",זנלכל,IL,רוטב עגבניות לשקשוקה,גרמים,400.00,100 גרם,false,,10.20,2.5500,true,1,533980
7290018359952,false,רוטב עגבניות לפסטה יכין 400 גרם,זנלכל,IL,רוטב עגבניות לפסטה י,גרמים,400.00,100 גרם,false,,10.20,2.5500,true,1,533982
7290018376416,false,פילה דג ברבוניה קפוא,,,פילה ברבוניה ארוז 40,גרמים,400.00,100 גרם,false,,25.60,6.4000,true,1,599724
7290018400036,false,חגיגת טעמים כתומים סנפרוסט 800 גרם,"סנפרוסט בע""מ",IL,ירקות מוקפאים מעורבי,גרמים,800.00,100 גרם,false,,17.10,2.1375,true,1,192189
7290018400661,false,לקט פאייה בסגנון ספרדי סנפרוסט 800 גרם,"סנפרוסט בע""\מ",IL,לקט פאייה בסגנון ספר,גרמים,800.00,100 גרם,false,,17.00,2.1250,true,1,180586
7290018440223,false,תה צ'אי מסאלה 25 שקיקים ויסוצקי,תה ויסוצקי,IL,חווית הצ'אי- מסאלה ע,גרמים,50.00,100 גרם,false,,17.01,34.0200,true,1,239493
7290018440438,false,Calvo טונה בשמן זית פתיחה קלה 3 * 65 גרם,"קאלוו קונסרבס ס.ל.יו. ,",ES,טונה easy flip בשמן,גרמים,195.00,100 גרם,false,,22.20,11.3846,true,1,554119
7290018440445,false,טונה קאלוו בשמן זית 160 גר,"קאלוו קונסרבס ס.ל.יו. ,",ES,נתחי טונה בהירה בשמן,גרמים,160.00,100 גרם,false,,14.50,9.0625,true,1,514838
7290018440513,false,סלט קליפורנייה קאלוו עם טונה 150 גר,"קאלוו קונסרבס ס.ל.יו. ,",ES,סלט טונה עם ירקות בס,גרמים,150.00,100 גרם,false,,12.80,8.5333,true,1,554024
7290018468425,false,נקניק טבעוני בטעם פיקנטי 100 גרם טירת צבי,טיב טירת צבי 2000,IL,נקניק טבעוני בטעם מע,גרמים,100.00,100 גרם,false,,13.60,13.6000,true,1,597906
7290018468432,false,נקניק טבעוני בטעם מעושן 100 גרם טירת צבי,טיב טירת צבי 2000,IL,נקניק טבעוני בטעם פי,גרמים,100.00,100 גרם,false,,13.60,13.6000,true,1,597889
7290018471029,false,"סודה בטעם לימון - מארז 6 בקבוקים 500 מ""ל",יפאורה תבורי בעמ,IL,שוופס סודה לימון שיש,ליטרים,3.00,ליטר,false,,12.20,4.0667,true,1,104356
7290018471180,false,משקה פרוט& ווג' אננס תפוח גזר 1 ליטר,פרוט אנד וג' Fruit & Veg,IL,פרוט ווג אננס תפוח ו,ליטרים,1.00,ליטר,false,,11.60,11.6000,true,1,136532
7290018471210,false,קרטונית נקטר ספרינג תפוח סברס 1 ליטר,"יפאורה תבורי בע""\מ",IL,קרטונית אגס תפוח וסב,ליטרים,1.00,ליטר,false,,5.90,5.9000,true,1,137795
7290018471395,false,משקה פרוט& ווג' תפוח רימון ג'ינג'ר 1 ליטר,פרוט אנד וג' Fruit & Veg,IL,פרוט ווג תפוח רימון,ליטרים,1.00,ליטר,false,,11.60,11.6000,true,1,136534
7290018471401,false,משקה פרוט& ווג' אננס בננה כורכום 1 ליטר,פרוט אנד וג' Fruit & Veg,IL,פרוט ווג אננס בננה כ,ליטרים,1.00,ליטר,false,,11.60,11.6000,true,1,136535
7290018471449,false,קרטונית ספרינג שייק בננה תמר תפוז 1 ליטר,"יפאורה תבורי בע""\מ",IL,ספרינג שייק בננה תמ,ליטרים,1.00,ליטר,false,,11.20,11.2000,true,1,173116
7290018471463,false,תפוזינה נקטר תפוז מנגו קרטונית 1 ליטר,"יפאורה תבורי בע""\מ",IL,נקטר תפוזינה ENJOY ב,ליטרים,1.00,ליטר,false,,5.90,5.9000,true,1,155325
7290018471470,false,תפוזינה נקטר תפוז פסיפלורה קרטונית 1 ליטר,"יפאורה תבורי בע""\מ",IL,נקטר תפוזינה ENJOY ב,ליטרים,1.00,ליטר,false,,5.90,5.9000,true,1,155326
7290018471487,false,תפוזינה נקטר תפוז אננס קרטונית 1 ליטר,"יפאורה תבורי בע""\מ",IL,נקטר תפוזינה ENJOY ב,ליטרים,1.00,ליטר,false,,5.90,5.9000,true,1,155327
7290018471494,false,תפוזינה משקה תפוז גזר קרטונית 1 ליטר,"יפאורה תבורי בע""\מ",IL,נקטר תפוזינה ENJOY ב,ליטרים,1.00,ליטר,false,,5.90,5.9000,true,1,155328
7290018471692,false,ספרינג שייק בננה אננס קוקוס פירות יער קרטונית 1 ליטר,"יפאורה תבורי בע""\מ",IL,ספרינג שייק בננה אננ,ליטרים,1.00,ליטר,false,,11.20,11.2000,true,1,173117
7290018471906,false,שוופס מוגז פירות לימונדה ורודה 1.5 ליטר פיקדון,"יפאורה תבורי בע""\מ",IL,שוופס מוגז לימונדה ו,ליטרים,1.50,ליטר,false,,8.20,5.4667,true,1,249336
7290018471913,false,משקה מוגז פירות תפוחים שוופס 1.5 ליטר,"יפאורה תבורי בע""\מ",IL,שוופס פרוטס תפוחים 1,ליטרים,1.50,ליטר,false,,8.20,5.4667,true,1,249337
7290018471920,false,שוופס מוגז פירות ענבים 1.5 ליטר פיקדון,"יפאורה תבורי בע""\מ",IL,שוופס ענבים מוגז 1.5,ליטרים,1.50,ליטר,false,,8.20,5.4667,true,1,249351
7290018471937,false,שוופס מוגז פירות תות ליים 1.5 ליטר פיקדון,"יפאורה תבורי בע""\מ",IL,שוופס מוגז פירות תות,ליטרים,1.50,ליטר,false,,8.20,5.4667,true,1,249352
7290018471944,false,שוופס מוגז פירות לימונייד 1.5 ליטר פיקדון,"יפאורה תבורי בע""\מ",IL,שוופס מוגז למונייד 1,ליטרים,1.50,ליטר,false,,8.20,5.4667,true,1,249366
7290018471951,false,שוופס מוגז פירות אשכולית אדומה 1.5 ליטר פיקדון,"יפאורה תבורי בע""\מ",IL,שוופס פרוטס אשכולית,ליטרים,1.50,ליטר,false,,8.20,5.4667,true,1,249380
7290018493069,false,"אפקטיב קר קרם ידייםמועשר בשמן כותנה ד""ר פישר 100 מ""ל",פישר מעבדות פרמצבטיות,IL,קרם ידיים אפקטיב קר,מיליליטרים,100.00,"100 מ""ל",false,,13.60,13.6000,true,1,474049
7290018493700,false,"סבון ידיים ויטמינים לילדים כחול 500 מ""ל ד""ר פישר",מדי פישר,IL,סבון ידיים ויטמינים,מיליליטרים,500.00,"100 מ""ל",false,,11.03,2.2060,true,1,233597
7290018493748,false,"ד""ר פישר - מגבונים להסרת איפור אקסטרה סופט 30 יח' * 3",פישר מעבדות פרמצבטיות בע,IL,מגבונים להסרת איפור,יחידה,0.00,יחידה,false,,25.56,0.0000,true,1,228575
7290018493892,false,"ד""ר פישר - קמיל בלו סנסיטיב אל סבון 750 מ""ל",פישר מעבדות פרמצבטיות בע,IL,קמיל בלו סנסיטיב אל,מיליליטרים,750.00,"100 מ""ל",false,,17.10,2.2800,true,1,180369
7290018493977,false,קמיל לניקוי והרגעת העור מועשר בשיבולת שועל 1 ל',פישר מעבדות פרמצבטיות,IL,אל סבון ניקיון ולחות,ליטרים,1.00,ליטר,false,,13.60,13.6000,true,1,228442
7290018500361,false,"לחם שחור פרוס 900 גרם ""אנג'ל"" -מוצר בפיקוח",מאפיית שלמה א. אנג'\ל בע,IL,לחם אחיד פרוס מאפיית,גרמים,900.00,100 גרם,false,,7.20,0.8000,true,1,541734
7290018500392,true,חלה קלועה אנגל 650 ג,,,חלה קלועה אנגל 650 ג,גרמים,650.00,100 גרם,false,,5.56,0.8554,true,1,578427
7290018540329,false,שקית פיתה פיתה בלדי 800 ג' אנג'ל,מאפיית שלמה א. אנג'\ל בע,IL,פיתה פיתה אנגל 880 ג,יח',10.00,יח',false,,11.00,1.1000,true,1,127493
7290018564677,false,ממרח ארטישוק שף הטבע,,,ממרח ארטישוק שף הטבע,גרמים,200.00,100 גרם,false,,10.20,5.1000,true,1,386630
7290018564684,false,ממרח פסטו בזיליקום ואגוזים 200 גרם,,,ממרח פסטו בזיליקום ו,גרמים,200.00,100 גרם,false,,10.20,5.1000,true,1,386631
7290018564707,false,ממרח פלפל קלוי 200 גרם,,,ממרח פלפל קלוי שף הט,גרמים,200.00,100 גרם,false,,10.20,5.1000,true,1,386633
7290018564714,false,ממרח לימון כבוש 200 גרם,,,ממרח לימון כבוש שף ה,גרמים,200.00,100 גרם,false,,10.20,5.1000,true,1,386634
7290018571415,false,מיה לקקנים מולטיקולור תות בננה 220 גרם,מיה,IL,לקקנים מולטיקולור תו,גרמים,220.00,100 גרם,false,,6.80,3.0909,true,1,349386
7290018571545,false,סוכריות ג'לי עם מיצוי כורכומין וג'ינג'ר למבוגרים,מיה תעשיות מזון בעמ,IL,סוכריות כורכומין מבו,גרמים,210.00,100 גרם,false,,34.20,16.2857,true,1,593803
7290018571552,false,סוכריות ג'לי ללא סוכר עם חומצות שומן אומגה 3 למבוגרים,מיה תעשיות מזון בעמ,IL,סוכריות אומגה 3 -ילד,גרמים,240.00,100 גרם,false,,34.20,14.2500,true,1,593804
7290018571637,false,סוכריות מולטי ויטמין גברים מבוגרים גבעות  220 גרם מיה פלוס,מיה תעשיות מזון בעמ,IL,סוכריות מולטי ויטמין,גרמים,220.00,100 גרם,false,,34.20,15.5455,true,1,593807
7290018571644,false,סוכריות ג'לי ללא סוכר מולטי ויטמין בשילוב תוספת ביוטין,מיה תעשיות מזון בעמ,IL,סוכריות קוסמטיקה מבו,גרמים,210.00,100 גרם,false,,34.20,16.2857,true,1,593808
7290018571651,false,סוכריות קולגן מבוגרים אצבעות רחבות 210גרם,מיה תעשיות מזון בעמ,IL,סוכריות קולגן מבוגרי,גרמים,210.00,100 גרם,false,,34.20,16.2857,true,1,593809
7290018571699,false,"קמח שקדים 250 גרם כשל""פ עד""ח",מיה תעשיות מזון בעמ,IL,קמח שקדים מיה 250 גר,גרמים,250.00,100 גרם,false,,22.20,8.8800,true,1,429316
7290018571743,false,"אורז פרסי מלא 1 ק""ג",מיה,IL,"אורז מלא 1 ק""ג",קילוגרמים,1.00,"ק""ג",false,,8.50,8.5000,true,1,521882
7290018626009,false,צלחות וינטג' ענקיות,,,צלחות וינטג' ענקיות,יחידה,0.00,יחידה,false,,18.72,0.0000,true,1,144838
7290018626078,false,"צלחות קטנות ""7 שקוף",,,"צלחות קטנות ""7 שקוף",יחידה,0.00,יחידה,false,,9.32,0.0000,true,1,131136
7290018626214,false,קינוחית אישית פאי +,,,קינוחית אישית פאי +,יחידה,0.00,יחידה,false,,10.70,0.0000,true,1,137276
7290018626283,false,פיצה מרגריטה אדום גר,,,פיצה מרגריטה 350 גרם,גרמים,350.00,100 גרם,false,,10.20,2.9143,true,1,188708
7290018626337,false,קערות וינטג' 10 יח',,,קערות וינטג' 10 יח',יחידה,0.00,יחידה,false,,12.74,0.0000,true,1,144899
7290018626443,false,אובלים וינטג' 10 יח',,,אובלים וינטג' 10 יח',יחידה,0.00,יחידה,false,,8.47,0.0000,true,1,146362
7290018626528,false,ניילון נצמד 30*150 ע,,,ניילון נצמד 30*150 ע,מטרים,150.00,מטר,false,,16.20,0.1080,true,1,157688
7290018626535,false,שקיות נייר לכריכים 5,,,שקיות נייר לכריכים 5,יחידה,0.00,יחידה,false,,6.80,0.0000,true,1,144927
7290018626580,false,צימרונים לאוזנים 100,,,צימרונים לאוזנים 100,יחידה,0.00,יחידה,false,,2.50,0.0000,true,1,189615
7290018626634,false,מארז תבניות רוסטר עמ,,,מארז תבניות רוסטר עמ,יחידה,0.00,יחידה,false,,12.80,0.0000,true,1,311674
7290018626641,false,מארז תבניות רוסטר גד,,,מארז תבניות רוסטר גד,יחידה,0.00,יחידה,false,,12.80,0.0000,true,1,311675
7290018626658,false,מארז תבניות רוסטר שט,,,מארז תבניות רוסטר שט,יחידה,0.00,יחידה,false,,12.80,0.0000,true,1,311676
7290018626856,false,כוסות ליקר 50 יח' WI,,,כוסות ליקר 50 יח' WI,יחידה,0.00,יחידה,false,,7.61,0.0000,true,1,222853
7290018626894,false,WIZ כוסות יהלום כסף 40 יח',,,כוסות P.P יהלום כסף,יחידה,0.00,יחידה,false,,8.47,0.0000,true,1,189697
7290018626924,false,מפיות תלת שכבתיות 20,,,מפיות תלת שכבתיות 20,יחידה,0.00,יחידה,false,,4.20,0.0000,true,1,213104
7290018626955,false,מפיות תלת שכבתיות 20,,,מפיות תלת שכבתיות 20,יחידה,0.00,יחידה,false,,4.20,0.0000,true,1,213119
7290018626993,false,מפיות תלת שכבתיות 20,,,מפיות תלת שכבתיות 20,יחידה,0.00,יחידה,false,,4.20,0.0000,true,1,213136
7290018652015,false,נסטלה שלגון סופרולר 75 גרם,פרונרי איברייה,PL,סופרולר 75 גרם.,גרמים,75.00,100 גרם,false,,6.80,9.0667,true,1,169974
7290018652053,false,"יסקולידה אקסטרה גלידה בטעמי וניל ושוקולד, 90 גרם",גלידות נסטלה,IL,ביסקולידה אקס בטעם ש,גרמים,90.00,100 גרם,false,,6.80,7.5556,true,1,155930
7290018652657,false,פרוייקט סער-מאגת לייט מנגו נסטלה 6*52 גרם,גלידות נסטלה,IL,מאגדת מנגו-יוגורט לי,גרמים,312.00,100 גרם,false,,25.60,8.2051,true,1,472253
7290018652671,false,"לה קרמריה שוקולד וניל 1.4 ליטר [תו אי""ל]",גלידות נסטלה,IL,גלידת שוקו וניל מופח,גרמים,0.00,100 גרם,false,,19.60,0.0000,true,1,366187
7290018720011,false,ביסקוויט קרנבל חיות בטעם וניל 250 ג' מעדני מלך,הגביע מוצרי וופלים,IL,מעדני המלך קרנבל חיו,גרמים,250.00,100 גרם,false,,5.10,2.0400,true,1,141524
7290018792841,false,אבקת קקאו טבעי גאנה 150 גר,אברמוביץ עזר קקאו וש,IL,אבקת קקאו דל שומן 15,גרמים,150.00,100 גרם,false,,9.40,6.2667,true,1,592674
7290018835029,false,מרק בטעם עוף פרווה 400 ג,תבליני מימון,IL,מרק בטעם עוף פרווה ת,גרמים,400.00,100 גרם,false,,13.60,3.4000,true,1,561553
7290018860991,false,אטריות ביצים רחבות 400 גרם,xiamen zhongshi impo,CN,אטריות ביצים רחבות מ,גרמים,400.00,100 גרם,false,,8.50,2.1250,true,1,577092
7290018886113,false,מפיות תלת שכבתיות 20,,,מפיות תלת שכבתיות 20,יחידה,0.00,יחידה,false,,4.20,0.0000,true,1,213138
7290018886120,false,מפיות תלת שכבתיות 20,,,מפיות תלת שכבתיות 20,יחידה,0.00,יחידה,false,,4.20,0.0000,true,1,213139
7290018886168,false,מפיות תלת שכבתיות 20,,,מפיות תלת שכבתיות 20,יחידה,0.00,יחידה,false,,4.20,0.0000,true,1,213156
7290018886175,false,כפיות עבות 50 יח' ש,,,כפיות עבות 50 יח' ש,יחידה,0.00,יחידה,false,,8.47,0.0000,true,1,189658
7290018886205,false,WIZ סכינים עבות קרם 50 יח',,,סכינים עבות 50 יח',יחידה,0.00,יחידה,false,,8.47,0.0000,true,1,189661
7290018886212,false,מזלגות עבות 50 יח',,,מזלגות עבות 50 יח',יחידה,0.00,יחידה,false,,8.47,0.0000,true,1,189662
7290018886229,false,מזלגות עבות 50 יח',,,מזלגות עבות 50 יח',יחידה,0.00,יחידה,false,,8.47,0.0000,true,1,189663
7290018886236,false,WIZ כפות עבות שקוף 50 יח',,,כפות עבות 50 יח' שק,יחידה,0.00,יחידה,false,,8.47,0.0000,true,1,189664
7290018886243,false,כפות עבות 50 יח' קר,,,כפות עבות 50 יח' קר,יחידה,0.00,יחידה,false,,8.47,0.0000,true,1,189665
7290018886274,false,מגש איכותי מחולק ל 4,,,מגש איכותי מחולק ל 4,יחידה,0.00,יחידה,false,,7.70,0.0000,true,1,300902
7290018886304,false,פת דגנים סגנון שוודי,סונקו,PL,פת דגנים סגנון שוודי,גרמים,340.00,100 גרם,false,,10.20,3.0000,true,1,220772
7290018886519,false,כפיות מהודרות כסף 10,,,כפיות מהודרות כסף 10,יחידה,0.00,יחידה,false,,5.10,0.0000,true,1,300442
7290018886564,false,כפות מיני מהודרות שק,,,כפות מיני מהודרות שק,יחידה,0.00,יחידה,false,,4.20,0.0000,true,1,300844
7290018886601,false,כוסות דמוי שיש 40 יח,,,כוסות דמוי שיש 40 יח,יחידה,0.00,יחידה,false,,7.61,0.0000,true,1,189679
7290018886625,false,כוסות דמוי שיש 40 יח,,,כוסות דמוי שיש 40 יח,יחידה,0.00,יחידה,false,,7.61,0.0000,true,1,189681
7290018886632,false,כוסות דמוי שיש 40 יח,,,כוסות דמוי שיש 40 יח,יחידה,0.00,יחידה,false,,7.61,0.0000,true,1,189682
7290018886656,false,כוס קינוח טרפז 20 יח,,,כוס קינוח טרפז 20 יח,יחידה,0.00,יחידה,false,,9.40,0.0000,true,1,300974
7290018886663,false,כוס קינוח מרובעת 20,,,כוס קינוח מרובעת 20,יחידה,0.00,יחידה,false,,9.40,0.0000,true,1,300988
7290018886694,false,כוס קינוח קצה גלי 12,,,כוס קינוח קצה גלי 12,יחידה,0.00,יחידה,false,,11.10,0.0000,true,1,300916
7290018886861,false,קערת סלט בועות טורקי,,,קערת סלט בועות טורקי,יחידה,0.00,יחידה,false,,8.47,0.0000,true,1,222926
7290018886908,false,קערת סלט בועות טורקי,,,קערת סלט בועות טורקי,יחידה,0.00,יחידה,false,,11.89,0.0000,true,1,222943
7290018886939,false,מזלגות מוכספים 20 י,,,מזלגות מוכספים 20 י,יחידה,0.00,יחידה,false,,7.61,0.0000,true,1,222959
7290018886946,false,כפות מוכספים 20 יח',,,כפות מוכספים 20 יח',יחידה,0.00,יחידה,false,,7.61,0.0000,true,1,222960
7290018893005,false,"חטיפי בייגלה אפוי בטעם חרדל ודבש, 160 גרם",צ'וקטה Chocketa,RO,בייגלה שטוח בתוספת ח,גרמים,200.00,100 גרם,false,,5.90,2.9500,true,1,289633
7290018893081,false,עוגות מגולגלות במילוי קרם חלבי וציפוי בטעם שוקולד,צ'וקטה Chocketa,IL,צ'וקטה מגולגלות חלב,גרמים,222.00,100 גרם,false,,7.70,3.4685,true,1,223918
7290018893135,false,מקלות אפויים בתוספת מלח Salty,צ'וקטה Chocketa,US,צ'וקטה גריסיני מלח 1,גרמים,120.00,100 גרם,false,,7.70,6.4167,true,1,550386
7290018893289,false,עוגות מגולגלות בטעם קקאו - 6 יחידות במארז,צ'וקטה Chocketa,IL,צ'וקטה מגולגלות קקאו,גרמים,222.00,100 גרם,false,,7.70,3.4685,true,1,223919
7290018893487,false,צ'וקטה עוגות אישיות עם קוקוס-מארז עשירייה,פרדי קונדטוריה אס פי,IT,צ'וקטה עוגות אישיות,גרמים,350.00,100 גרם,false,,9.40,2.6857,true,1,223934
7290018893500,false,צ'וקטה עוגיות סנדביץ שוקו 180 גרם חלב נכרי,צ'וקטה,ES,צ'וקטה עוגיות סנדביץ,גרמים,180.00,100 גרם,false,,4.20,2.3333,true,1,457156
7290018893609,false,שוקולד מריר פרימיום 85% 100 גרם איגוד רבנים,צ'וקטה Chocketa,ES,שוקולד מריר 85% צ`וק,גרמים,100.00,100 גרם,false,,7.70,7.7000,true,1,223961
7290018893647,false,עוגיות סנדוויץ במילוי קרם וניל בציפוי שוקולד 150 גרם צ'וקטה,צ'וקטה Chocketa,ES,עוגיות סנדויץ' מצופו,גרמים,150.00,100 גרם,false,,6.80,4.5333,true,1,321340
7290018893654,false,חטיפי בייגלה דקיקים ופריכים מלח צ'וקטה 200 ג',צ'וקטה Chocketa,RO,צ'וקטה חטיף בייגלה ב,גרמים,200.00,100 גרם,false,,5.90,2.9500,true,1,223890
7290018893746,false,צ'וקטה בייגלה עגבניות ועשבי תיבול 180 גרם,SC ALKA TRADING CO S,RO,צ'וקטה בייגלה עגבניו,גרמים,180.00,100 גרם,false,,5.90,3.2778,true,1,592572
7290018894002,false,בלקוני וופל קוביות קקאו 250 גרם חלבי OU,בלקוני Balconi,IT,בלקוני קוביות וופל ק,גרמים,250.00,100 גרם,false,,10.70,4.2800,true,1,511906
7290018894019,false,עוגות אישיות במילוי קרם חלבי ובציפוי קרם קקאו,בלקוני Balconi,IT,עוגות אישיות מיקס מק,גרמים,350.00,100 גרם,false,,12.80,3.6571,true,1,469406
7290018894200,false,בלקוני וופל קוביות ויל 250 גרם חלבי OU,בלקוני Balconi,IT,בלקוני קוביות וופל ו,גרמים,250.00,100 גרם,false,,10.70,4.2800,true,1,511907
7290018894217,false,עוגות אישיות במילוי קרם קקאו ובציפוי קרם קקאו,בלקוני Balconi,IT,עוגות אישיות מיקס מק,גרמים,350.00,100 גרם,false,,12.80,3.6571,true,1,469447
7290018894408,false,קוביות וופל במילוי קרם אגוזי לוז - חלבי,בלקוני Balconi,IT,בלקוני קוביות וופל א,גרמים,250.00,100 גרם,false,,10.70,4.2800,true,1,511908
7290018894606,false,בלקוני וופל קקאו 175 גרם חלבי OU,בלקוני Balconi,IT,וופל במילוי קרם קקאו,גרמים,175.00,100 גרם,false,,6.80,3.8857,true,1,469475
7290018894804,false,וופלים במילוי קרם אגוזי לוז - חלבי,בלקוני Balconi,IT,וופל במילוי קרם אגוז,גרמים,175.00,100 גרם,false,,6.80,3.8857,true,1,469489
7290018921067,false,"ד""ר פישר - אפקטיב קר תחליב רחצה שמן שקדים 700 מ""ל",פישר מעבדות פרמצבטיות בע,IL,תחליב רחצה לגוף מועש,מיליליטרים,700.00,"100 מ""ל",false,,14.50,2.0714,true,1,292835
7290018921609,false,"ד""ר פישר - קמיל בלו קרם החתלה קלנדולה 120 גרם",פישר מעבדות פרמצבטיות בע,IL,קמיל בלו קרם החתלה ק,גרמים,120.00,100 גרם,false,,18.80,15.6667,true,1,563590
7290018925089,false,"מיץ פרימור תפו""ע צלול סחוט 2 ליטר-","גניר (1992) בע""מ",IL,פרימור מיץ תפוחים צל,ליטרים,2.00,ליטר,false,,23.90,11.9500,true,1,271829
7290018989005,false,שלישיית פולפה עגבניות טבעי יכין 400X3 גרם,זנלכל,IL,פולפה טבעית יכין 3*,קילוגרמים,1.20,"ק""ג",false,,14.50,12.0833,true,1,328261
7290018989081,false,יכין חומוס הבית להכנת חומוס טרי 410 גי,זנלכל,IL,חומוס הבית יכין 400,גרמים,400.00,100 גרם,false,,6.80,1.7000,true,1,531293
7290019014027,false,טאצ' נוזל רצפות בלוסום 4 ליטר,,IL,נוזל רצפות בלוסום טא,ליטרים,4.00,ליטר,false,,11.90,2.9750,true,1,310368
7290019014034,false,טאצ' נוזל רצפות לוטוס 4 ליטר,,IL,נוזל רצפות לוטוס טאצ,ליטרים,4.00,ליטר,false,,11.90,2.9750,true,1,310369
7290019015154,false,"מבשם אוויר בוהו 250 מ""ל",,,מבשם אוויר בוהו פרחי,יחידה,0.00,יחידה,false,,25.60,0.0000,true,1,366287
7290019015192,false,דפיוזר פרימיום מקלות,,,דפיוזר פרימיום,יחידה,0.00,יחידה,false,,42.70,0.0000,true,1,366288
7290019031000,false,WIZ מארז חמישיית ניי,,,WIZ מארז חמישיית ניי,יחידה,0.00,יחידה,false,,9.40,0.0000,true,1,311716
7290019031017,false,נר הבדלה צהוב,,,נר הבדלה צהוב,יחידה,0.00,יחידה,false,,7.70,0.0000,true,1,421147
7290019031024,false,נר הבדלה כחול לבן,,,נר הבדלה כחול לבן,יחידה,0.00,יחידה,false,,7.70,0.0000,true,1,421175
7290019031048,false,להבונים ריחניים וניל,,,להבונים ריחניים וניל,יחידה,0.00,יחידה,false,,10.20,0.0000,true,1,421190
7290019031062,false,תבנית R-2 מלבנית 7 י,,,תבנית R-2 מלבנית 7 י,יחידה,0.00,יחידה,false,,8.50,0.0000,true,1,385468
7290019031079,false,תבנית R-29 מרובעת קט,,,תבנית R-29 מרובעת קט,יחידה,0.00,יחידה,false,,8.50,0.0000,true,1,385469
7290019031086,false,תבנית R-31 גדולה 7 י,,,תבנית R-31 גדולה 7 י,יחידה,0.00,יחידה,false,,8.50,0.0000,true,1,385470
7290019031093,false,תבנית R-64 בינונית 7,,,תבנית R-64 בינונית 7,יחידה,0.00,יחידה,false,,8.50,0.0000,true,1,385471
7290019031116,false,תבנית R-99 ענקית 3 י,,,תבנית R-99 ענקית 3 י,יחידה,0.00,יחידה,false,,8.50,0.0000,true,1,385473
7290019031123,false,WIZ תבניות אלומיניום עגול 5 יח חזקות,,,תבנית אלומינים A-14,יחידה,0.00,יחידה,false,,8.50,0.0000,true,1,385474
7290019031178,false,כפפות לטקס 100 יח' S,,,כפפות לטקס 100 יח' S,יחידה,0.00,יחידה,false,,26.40,0.0000,true,1,355313
7290019031185,false,כפפות לטקס 100 יח' M,,,כפפות לטקס 100 יח' M,יחידה,0.00,יחידה,false,,26.40,0.0000,true,1,355342
7290019031215,false,כוסות 10OZ לשתייה חמ,,,כוסות 10OZ לשתייה חמ,יחידה,0.00,יחידה,false,,8.50,0.0000,true,1,401829
7290019031222,false,כוסות 12OZ לשתייה חמ,,,כוסות 12OZ לשתייה חמ,יחידה,0.00,יחידה,false,,10.20,0.0000,true,1,401857
7290019031239,false,WIZ כוסות 16OZ לשתייה חמה 25 יח',,,כוסות 16OZ לשתייה חמ,יחידה,0.00,יחידה,false,,12.80,0.0000,true,1,401843
7290019031314,false,קערות אובליות לבנות,,,קערות אובליות לבנות,יחידה,0.00,יחידה,false,,5.90,0.0000,true,1,368982
7290019031321,false,"מרקיות 7"" לבנות 25 י",,,"מרקיות 7"" לבנות 25 י",יחידה,0.00,יחידה,false,,8.50,0.0000,true,1,368983
7290019031338,false,WIZ צלחות קטנות לבנות 25 יח',,,"צלחות קטנות 7"" לבנות",יחידה,0.00,יחידה,false,,7.70,0.0000,true,1,368997
7290019031345,false,צלחות גדולות 9 לבן 2,,,צלחות גדולות 9 לבן 2,יחידה,0.00,יחידה,false,,11.10,0.0000,true,1,321426
7290019031352,false,"צלחות ענקיות 10"" לבנ",,,"צלחות ענקיות 10"" לבנ",יחידה,0.00,יחידה,false,,20.50,0.0000,true,1,368998
7290019031369,false,"צלחות גדולות 9"" קרם",,,"צלחות גדולות 9"" קרם",יחידה,0.00,יחידה,false,,12.80,0.0000,true,1,369012
7290019031406,false,רביעיית מגבונים לחים,,,רביעיית מגבונים לחים,יחידה,0.00,יחידה,false,,8.50,0.0000,true,1,401567
7290019031420,false,אל סבון נוזלי שלישיי,,,אל סבון נוזלי שלישיי,מיליליטרים,500.00,"100 מ""ל",false,,10.20,2.0400,true,1,401370
7290019031444,false,אשפתון 65X54 XL חזקו,,,אשפתון 65X54 XL חזקו,יחידה,0.00,יחידה,false,,15.30,0.0000,true,1,450888
7290019031482,false,WIZ צלחות מתכלות קטנ,,,WIZ צלחות מתכלות קטנ,יחידה,0.00,יחידה,false,,6.80,0.0000,true,1,564592
7290019031505,false,WIZ צלחות מתכלות ענק,,,WIZ צלחות מתכלות ענק,יחידה,0.00,יחידה,false,,11.90,0.0000,true,1,564548
7290019031512,false,WIZ צלחות מתכלות גדו,,,WIZ צלחות מתכלות גדו,יחידה,0.00,יחידה,false,,8.50,0.0000,true,1,564593
7290019031550,false,מנגל קטן 40*25 WIZ,,,מנגל קטן 40*25 WIZ,יחידה,0.00,יחידה,false,,34.20,0.0000,true,1,421087
7290019031598,false,מארז 5 מכלים + מכסים,,,מארז 5 מכלים + מכסים,ליטרים,0.50,ליטר,false,,8.50,17.0000,true,1,388588
7290019031604,false,מארז 5 מכלים + מכסים,,,מארז 5 מכלים + מכסים,ליטרים,1.00,ליטר,false,,8.50,8.5000,true,1,388589
7290019031611,false,מארז 4 מכלים + מכסים,,,מארז 4 מכלים + מכסים,ליטרים,1.00,ליטר,false,,8.50,8.5000,true,1,388658
7290019031642,false,WIZ צלחות ענקיות שקו,,,WIZ צלחות ענקיות שקו,יחידה,0.00,יחידה,false,,18.80,0.0000,true,1,564625
7290019031666,false,WIZ צלחות קטנות שקופ,,,WIZ צלחות קטנות שקופ,יחידה,0.00,יחידה,false,,8.50,0.0000,true,1,564641
7290019031680,false,WIZ קערות אובליות שק,,,WIZ קערות אובליות שק,יחידה,0.00,יחידה,false,,7.70,0.0000,true,1,564657
7290019031697,false,WIZ לפתניות שקופות 2,,,WIZ לפתניות שקופות 2,יחידה,0.00,יחידה,false,,5.10,0.0000,true,1,564658
7290019056027,false,שוופס מוגז פירות תפוחים ללא סוכר 1.5 ליטר פיקדון,"יפאורה תבורי בע""\מ",IL,שוופס מוגז פירות תפו,ליטרים,1.50,ליטר,false,,7.30,4.8667,true,1,249381
7290019056034,false,שוופס מוגז פירות אננס ללא סוכר 1.5 ליטר פיקדון,"יפאורה תבורי בע""מ",IL,שוופס מוגז פירות אננ,ליטרים,1.50,ליטר,false,,7.30,4.8667,true,1,249395
7290019056041,false,שוופס מוגז פירות לימונייד ללא סוכר 1.5 ליטר פיקדון,"יפאורה תבורי בע""מ",IL,שוופס מוגז פירות ללא,ליטרים,1.50,ליטר,false,,7.30,4.8667,true,1,249409
7290019056058,false,שוופס מוגז עדין תפוח ליים 1.5 ליטר פיקדון,"יפאורה תבורי בע""\מ",IL,שוופס מוגז עדין תפוח,ליטרים,1.50,ליטר,false,,7.30,4.8667,true,1,248326
7290019056065,false,שוופס מוגז עדין פירות יער 1.5 ליטר פיקדון,"יפאורה תבורי בע""\מ",IL,שוופס מוגז עדין פירו,ליטרים,1.50,ליטר,false,,7.30,4.8667,true,1,248341
7290019056072,false,שוופס מוגז עדין אננס 1.5 ליטר פיקדון,"יפאורה תבורי בע""מ",IL,שוופס מוגז עדין אננס,ליטרים,1.50,ליטר,false,,7.30,4.8667,true,1,248369
7290019056089,false,שוופס מוגז עדין ענבי ריזלינג 1.5 ליטר פיקדון,"יפאורה תבורי בע""\מ",IL,שוופס מוגז עדין טעם,ליטרים,1.50,ליטר,false,,7.30,4.8667,true,1,248370
7290019056096,false,שוופס מוגז עדין אפרסק 1.5 ליטר פיקדון,"יפאורה תבורי בע""\מ",IL,שוופס מוגז עדין אפרס,ליטרים,1.50,ליטר,false,,7.30,4.8667,true,1,248386
7290019056119,false,שוופס סודה 1.5 ליטר פיקדון,"יפאורה תבורי בע""\מ",IL,שוופס סודה 1.5ליטר,ליטרים,1.50,ליטר,false,,3.00,2.0000,true,1,248114
7290019056133,false,שוופס סודה נענע ליים 1.5 ליטר בק' בודד,"יפאורה תבורי בע""\מ",IL,שוופס סודה נענע ליים,ליטרים,1.50,ליטר,false,,3.00,2.0000,true,1,249424
7290019056164,false,שוופס סודה 1.5 ליטר רביעייה פיקדון,"יפאורה תבורי בע""\מ",IL,שוופס סודה 4*1.5ליטר,ליטרים,6.00,ליטר,false,,10.50,1.7500,true,1,248142
7290019056171,false,שוופס סודה לימון 1.5 ליטר רביעייה פיקדון,"יפאורה תבורי בע""\מ",IL,שוופס סודה לימון 4*1,ליטרים,6.00,ליטר,false,,10.50,1.7500,true,1,248184
7290019056188,false,שוופס סודה נענע ליים 1.5 ליטר רביעייה פיקדון,"יפאורה תבורי בע""\מ",IL,שוופס סודה נענע ליים,ליטרים,6.00,ליטר,false,,10.50,1.7500,true,1,248198
7290019056232,false,משקה מוגז בטעם ליים מוחיטו 1.5 ל' שוופס,"יפאורה תבורי בע""\מ",IL,שוופס ליים מוחיטו 1.,ליטרים,1.50,ליטר,false,,8.20,5.4667,true,1,248387
7290019056249,false,שוופס מים בטעמים ענבים 1.5 ליטר פיקדון,"יפאורה תבורי בע""מ",IL,שוופס וואטר ענבים 1.,ליטרים,1.50,ליטר,false,,7.30,4.8667,true,1,248005
7290019056256,false,שוופס מים בטעמים תפוחים 1.5 ליטר פיקדון,"יפאורה תבורי בע""מ",IL,שוופס וואטר בטעם תפו,ליטרים,1.50,ליטר,false,,7.30,4.8667,true,1,248032
7290019056263,false,שוופס מים בטעמים אפרסק 1.5 ליטר פיקדון,"יפאורה תבורי בע""מ",IL,שוופס וואטר אפרסק 1.,ליטרים,1.50,ליטר,false,,7.30,4.8667,true,1,248047
7290019056270,false,שוופס מים בטעמים פירות יער 1.5 ליטר פיקדון,"יפאורה תבורי בע""\מ",IL,שוופס וואטר פירות יע,ליטרים,1.50,ליטר,false,,7.30,4.8667,true,1,254969
7290019056294,false,שוופס ג'ינג'ר אייל 1.5 ליטר פיקדון,"יפאורה תבורי בע""\מ",IL,שוופס ג'ינג'ר אייל 1,ליטרים,1.50,ליטר,false,,10.70,7.1333,true,1,249465
7290019056300,false,משקה בטעם ביטר לימון 1.5 ל' שוויפס,"יפאורה תבורי בע""\מ",IL,שוופס ביטר לימון 1.5,ליטרים,1.50,ליטר,false,,10.70,7.1333,true,1,249479
7290019056317,false,שוופס ראשן 1.5 ליטר פיקדון,"יפאורה תבורי בע""\מ",IL,שוופס ראשן 1.5 ליטר,ליטרים,1.50,ליטר,false,,10.70,7.1333,true,1,249480
7290019056324,false,שוופס טוניק 1.5 ליטר פיקדון,"יפאורה תבורי בע""\מ",IL,שוופס מי טוניק 1.5 ל,ליטרים,1.50,ליטר,false,,10.70,7.1333,true,1,249494
7290019056331,false,שוופס טוניק ללא סוכר 1.5 ליטר פיקדון,"יפאורה תבורי בע""מ",IL,שוופס טוניק ללא סוכר,ליטרים,1.50,ליטר,false,,10.20,6.8000,true,1,249495
7290019056355,false,תפוזינה לימונדה MIX לימונענע 1.5 ליטר,"יפאורה תבורי בע""\מ",IL,תפוזינה לימונדה נענע,ליטרים,1.50,ליטר,false,,7.30,4.8667,true,1,247348
7290019056362,false,תפוזינה ענבים 1.5 ליטר פיקדון,"יפאורה תבורי בע""\מ",IL,תפוזינה ענבים 1.5 לי,ליטרים,1.50,ליטר,false,,7.30,4.8667,true,1,247517
7290019056379,false,תפוזינה תפוזים 1.5 ליטר פיקדון,"יפאורה תבורי בע""\מ",IL,תפוזינה תפוזים 1.5 ל,ליטרים,1.50,ליטר,false,,7.30,4.8667,true,1,247588
7290019056386,false,פתוזינה אשכולית 1.5 ליטר פיקדון,"יפאורה תבורי בע""\מ",IL,תפוזינה אשכוליות 1.5,ליטרים,1.50,ליטר,false,,7.30,4.8667,true,1,247604
7290019056393,false,תפוזינה תות בננה 1.5 ליטר פיקדון,"יפאורה תבורי בע""\מ",IL,תפוזינה תות בננה 1.5,ליטרים,1.50,ליטר,false,,7.30,4.8667,true,1,247635
7290019056409,false,תפוזינה מנגו 1.5 ליטר פיקדון,"יפאורה תבורי בע""\מ",IL,תפוזינה מנגו עסיסי 1,ליטרים,1.50,ליטר,false,,7.30,4.8667,true,1,247636
7290019056416,false,מיץ בטעם לימונדה ורודה 1.5 ל' תפוזינה,"יפאורה תבורי בע""\מ",IL,תפוזינה לימונדה 1.5,ליטרים,1.50,ליטר,false,,7.30,4.8667,true,1,247651
7290019056423,false,מיץ בטעם תפוח רענן 1.5ל' תפוזינה,"יפאורה תבורי בע""\מ",IL,תפוזינה תפוח רענן 1.,ליטרים,1.50,ליטר,false,,7.30,4.8667,true,1,247717
7290019056430,false,תפוזינה תפוזים לייט 1.5 ליטר פיקדון,"יפאורה תבורי בע""\מ",IL,תפוזינה תפוז 1.5 ליט,ליטרים,1.50,ליטר,false,,6.80,4.5333,true,1,247757
7290019056508,false,פרוט ווטר ענבים 1.5 ליטר פיקדון,"יפאורה תבורי בע""\מ",IL,פרוט ווטר ענבים 1.5,ליטרים,1.50,ליטר,false,,7.70,5.1333,true,1,247882
7290019056539,false,פרוט ווטר אפרסק 1.5 ליטר פיקדון,"יפאורה תבורי בע""\מ",IL,פרוט ווטר אפרסק 1.5,ליטרים,1.50,ליטר,false,,7.70,5.1333,true,1,247977
7290019056546,false,פרוט ווטר אבטיח 1.5 ליטר פיקדון,"יפאורה תבורי בע""\מ",IL,פרוט ווטר אבטיח 1.5,ליטרים,1.50,ליטר,false,,7.70,5.1333,true,1,247991
7290019056553,false,שישיית מים מינרלים עין גדי 2 ליטר,עין גדי מים מינרליים,IL,עין גדי מים מינרלים,ליטרים,12.00,ליטר,false,,11.60,0.9667,true,1,249736
7290019056560,false,עין גדי 2 ליטר בק' בודד פיקדון,עין גדי מיים מינרלים,IL,עין גדי מים מינרלים,ליטרים,2.00,ליטר,false,,3.00,1.5000,true,1,249750
7290019056577,false,משקה קל מנגו ספרינג 1.5 ליטר,"יפאורה תבורי בע""\מ",IL,ספרינג מנגו 1.5 ליטר,ליטרים,1.50,ליטר,false,,7.30,4.8667,true,1,247118
7290019056584,false,משקה קל תפוזים ספרינג 1.5 ליטר,"יפאורה תבורי בע""\מ",IL,ספרינג תפוזים 1.5 לי,ליטרים,1.50,ליטר,false,,7.30,4.8667,true,1,247161
7290019056591,false,משקה קל ענבים ספרינג 1.5 ליטר,"יפאורה תבורי בע""\מ",IL,ספרינג ענבים 1.5 ליט,ליטרים,1.50,ליטר,false,,7.30,4.8667,true,1,247188
7290019056607,false,משקה קל תפוחים ספרינג 1.5 ליטר,"יפאורה תבורי בע""\מ",IL,ספרינג תפוחים 1.5 לי,ליטרים,1.50,ליטר,false,,7.30,4.8667,true,1,247189
7290019056614,false,משקה קל אפרסק ספרינג 1.5 ליטר,"יפאורה תבורי בע""\מ",IL,ספרינג אפרסק 1.5 ליט,ליטרים,1.50,ליטר,false,,7.30,4.8667,true,1,247203
7290019056621,false,משקה קל פירות טרופיים ספרינג 1.5 ליטר,"יפאורה תבורי בע""\מ",IL,ספרינג פירות טרופיים,ליטרים,1.50,ליטר,false,,7.30,4.8667,true,1,247204
7290019056638,false,משקה קל תות בננה ספרינג 1.5 ליטר,"יפאורה תבורי בע""\מ",IL,ספרינג תות בננה 1.5,ליטרים,1.50,ליטר,false,,7.30,4.8667,true,1,247218
7290019056645,false,משקה קל אגס תפוח סברס ספרינג 1.5 ליטר,"יפאורה תבורי בע""\מ",IL,ספרינג אגס סברס תפוח,ליטרים,1.50,ליטר,false,,7.30,4.8667,true,1,247234
7290019056652,false,משקה קל אננס בננה ספרינג 1.5 ליטר,"יפאורה תבורי בע""\מ",IL,ספרינג אננס בננה 1.5,ליטרים,1.50,ליטר,false,,7.30,4.8667,true,1,247312
7290019056669,false,משקה קל תפוחים דיאט ספרינג 1.5 ליטר,"יפאורה תבורי בע""\מ",IL,ספרינג תפוחים דיאט 1,ליטרים,1.50,ליטר,false,,6.80,4.5333,true,1,247313
7290019056676,false,משקה קל אשכולית אננס דיאט ספרינג 1.5 ליטר,"יפאורה תבורי בע""\מ",IL,ספרינג דיאט אשכוליות,ליטרים,1.50,ליטר,false,,6.80,4.5333,true,1,283454
7290019056720,false,קריסטל מיץ ענבים 2 ליטר פיקדון,"יפאורה תבורי בע""\מ",IL,קריסטל מיץ ענבים 2 ל,ליטרים,2.00,ליטר,false,,6.80,3.4000,true,1,249509
7290019056737,false,קריסטל מיץ אשכוליטרות 2 ליטר,"יפאורה תבורי בע""\מ",IL,קריסטל מיץ אשכוליות,ליטרים,2.00,ליטר,false,,6.80,3.4000,true,1,249523
7290019056744,false,קריסטל מיץ תפוזים 2 ליטר פיקדון,"יפאורה תבורי בע""\מ",IL,קריסטל מיץ תפוזים 2,ליטרים,2.00,ליטר,false,,6.80,3.4000,true,1,249537
7290019056751,false,קריסטל מיץ אשכוליות דיאט 2 ליטר פיקדון,"יפאורה תבורי בע""\מ",IL,קריסטל דיאט מיץ אשכו,ליטרים,2.00,ליטר,false,,5.90,2.9500,true,1,249538
7290019056768,false,קריסטל מיץ מנגו 2 ליטר פיקדון,"יפאורה תבורי בע""\מ",IL,קריסטל מיץ מנגו 2 לי,ליטרים,2.00,ליטר,false,,6.80,3.4000,true,1,249552
7290019056799,false,קריסטל מוגז אקזוטי 2 ליטר פיקדון,"יפאורה תבורי בע""\מ",IL,קריסטל אקזוטי 2 ליטר,ליטרים,2.00,ליטר,false,,6.80,3.4000,true,1,249594
7290019056805,false,קריסטל מוגז תפוחים 2 ליטר פיקדון,"יפאורה תבורי בע""\מ",IL,משקה מוגז קריסטל תפו,ליטרים,2.00,ליטר,false,,6.80,3.4000,true,1,249595
7290019056812,false,קריסטל מוגז מנטה 2 ליטר פיקדון,"יפאורה תבורי בע""\מ",IL,קריסטל מנטה 2 ליטר,ליטרים,2.00,ליטר,false,,6.80,3.4000,true,1,249609
7290019056836,false,קריסטל מוגז תות 2 ליטר פיקדון,"יפאורה תבורי בע""\מ",IL,תות קריסטל 2 ליטר,ליטרים,2.00,ליטר,false,,6.80,3.4000,true,1,249624
7290019056959,false,מי עדן 1.5 ליטר בק' בודד פיקדון,"מופק ממקור בזלתי עדן ,1",IL,מי עדן 1.5 ליטר,ליטרים,1.50,ליטר,false,,3.40,2.2667,true,1,283455
7290019056973,false,שישיית מי עדן 1.5 ליטר משפחתי,"מופק ממקור בזלתי עדן ,1",IL,מי עדן 6*1.5 ליטר,ליטרים,9.00,ליטר,false,,11.30,1.2556,true,1,249667
7290019153269,false,שוופס סודה אננס 1.5 ליטר רביעייה פיקדון,"יפאורה תבורי בע""\מ",IL,שוופס סודה אננס 4*1.,ליטרים,6.00,ליטר,false,,10.50,1.7500,true,1,463388
7290019153375,false,מיץ בטעם מוחיטו 1.5 ל' תפוזינה,"יפאורה תבורי בע""\מ",IL,תפוזינה מוחיטו 1.5 ל,ליטרים,1.50,ליטר,false,,7.30,4.8667,true,1,493915
7290019204008,false,עוף טוב פסטרמה ארבעה פלפלים 350 גרם,עיצובים 2020 (4.9),IL,פסטרמה ארבעה פלפלים,גרמים,350.00,100 גרם,false,,21.30,6.0857,true,1,574878
7290019245001,false,שמן קנולה אלומות 1 ל,סקנולה,EE,שמן קנולה אלומות 1 ל,ליטרים,1.00,ליטר,false,,9.40,9.4000,true,1,443725
7290019297161,false,טורטיה ראפ מקמח תירס שקדיה 450 גרם,דין שיווק,TR,טורטיות ראפ מקמח תיר,גרמים,540.00,100 גרם,false,,8.50,1.5741,true,1,4911
7290019297543,false,חמאת בוטנים שקדיה 510 גרם,דין שיווק,IN,חמאת בוטנים שקדיה 51,גרמים,510.00,100 גרם,false,,8.50,1.6667,true,1,4926
7290019297628,false,שקד טבעי בשקית ששון הקולה 150 גרם,"דין שיווק וקלייה בע""",IL,שקד טבעי 150 גרם ששו,גרמים,150.00,100 גרם,false,,11.90,7.9333,true,1,4932
7290019297635,false,שקדים קלויים ששון הקולה 150 גרם,"דין שיווק וקלייה בע""",IL,שקד קלוי 150 גרם,גרמים,150.00,100 גרם,false,,14.50,9.6667,true,1,4933
7290019302315,false,"ייו buzz אבטיח מלון 750 מ""ל",יקבי כרמל,IL,יין באזז אבטיח ומלון,מיליליטרים,750.00,"100 מ""ל",false,,23.90,3.1867,true,1,551169
7290019303701,false,טבע ירוק פינוקית שומשום מיקס ישראלי 250ג,טבע ירוק,IL,פינוקיות שומשום מיקס,גרמים,220.00,100 גרם,false,,16.20,7.3636,true,1,590143
7290019303756,false,טבע ירוק פינוקית שומשום וגרעינים 250 גר,טבע ירוק,IL,פינוקיות שומשום וגרע,גרמים,220.00,100 גרם,false,,16.20,7.3636,true,1,590144
7290019303800,false,פינוקיות שומשום עם שקדים וחמוציות 250 ג',טבע ירוק,IL,פינוקיות שומשום שקדי,גרמים,220.00,100 גרם,false,,16.20,7.3636,true,1,590145
7290019393016,false,"קמח חיטה לבן ללא צורך בניפוי 1 ק""ג האופה",טבע ירוק,IL,קמח חיטה לבן מנופה,קילוגרמים,1.00,"ק""ג",false,,7.70,7.7000,true,1,603055
7290022005562,false,קריספ פירורי לחם שום 300 גרם מיימונס,א.ל ייצור ושיווק תבל,IL,פירורי לחם עם שום קר,גרמים,300.00,100 גרם,false,,6.80,2.2667,true,1,484882
7290100240137,false,"תרסיס ריחני למייבש כחול בדין 500 מ""ל","זוהר דליה, קיבוץ דליה, 1",IL,בדין תרסיס למייבש כב,מיליליטרים,500.00,"100 מ""ל",false,,14.40,2.8800,true,1,10437
7290100240144,false,"תרסיס ריחני למייבש ורוד בדין 500 מ""ל","זוהר דליה, קיבוץ דליה, 1",IL,בדין תרסיס למייבש כב,מיליליטרים,500.00,"100 מ""ל",false,,14.40,2.8800,true,1,10438
7290100412343,false,קוויק מטליות לחות 99.9% לניקוי כללי בריח לימון 50 יחידות,די.פי.אל,IL,מגבונים לניקוי וחיטו,יחידה,0.00,יחידה,false,,7.70,0.0000,true,1,29344
7290100412435,false,קוויק מטליות לחות 99.9% לניקוי כללי בריח פרחי בר 50 יחידות,די.פי.אל,IL,מגבונים לניקוי וחיטו,יחידה,0.00,יחידה,false,,7.70,0.0000,true,1,29347
7290100412718,false,"תרחיץ פנים קלאסק מאסק דר עור 150 מ""ל","אמיליה קוסמטיקס בע""מ",IL,דר' עור ג'ל ניקוי פנ,מיליליטרים,150.00,"100 מ""ל",false,,21.30,14.2000,true,1,29353
7290100412800,false,"תחליב רחצה לעור יבש וילד פלאור דר עור 700 מ""ל","אמיליה קוסמטיקס בע""מ",IL,תחליב רחצה עור יבש פ,מיליליטרים,700.00,"100 מ""ל",false,,16.20,2.3143,true,1,29362
7290100412831,false,תחליב רחצה אנטי אייג'ינג בניחוח וניל טרופי,"אמיליה קוסמטיקס בע""מ",IL,תחליב רחצה אנטי איגי,מיליליטרים,700.00,"100 מ""ל",false,,16.20,2.3143,true,1,29364
7290100413593,false,קוויק מטליות לחות גדולות לניקוי כללי בריח פרחי בר 40 יחידות,די.פי.אל,IL,קוויק מטליות XL בניח,יחידה,0.00,יחידה,false,,7.70,0.0000,true,1,29367
7290100572702,false,אביזרי מטבח ב-11.00,,,אביזרי מטבח ב-11.00,יחידה,0.00,יחידה,false,,9.40,0.0000,true,1,34046
7290100573402,false,אביזרי מטבח,,,אביזרי מטבח,יחידה,0.00,יחידה,false,,12.80,0.0000,true,1,34049
7290100653463,false,"פלמוליב - ארומה ג'ל רחצה מסאז' 500 מ""ל",קולגייט-פלמוליב,TR,סבון נוזלי ספא מסאג',מיליליטרים,500.00,"100 מ""ל",false,,13.60,2.7200,true,1,21328
7290100653586,false,"דאודורנט ג'ל פרש פיוזן 24/7 ליידי ספיד סטיק 65 מ""ל",ליידי ספיד סטיק Lady Speed Stick,US,דיאודורנט ליידי ספיד,גרמים,65.00,100 גרם,false,,15.30,23.5385,true,1,21330
7290100658338,false,"נוזל לניקוי כלים אוקסי פלוס פלמוליב 750 מ""ל",הנסיך- מפעל לייצור ט,GR,פלמוליב לכלים אוקסי-,מיליליטרים,750.00,"100 מ""ל",false,,10.20,1.3600,true,1,21335
7290100680650,false,מנה חמה נודלס-אטריות ירקות טעם תאילנדי אסם 76 ג',PUB FOODS PRESIDENT THAI,TH,מנה חמה נודלס תאילנד,גרמים,76.00,100 גרם,false,,5.00,6.5789,true,1,18575
7290100680667,false,מנה חמה נודלס-אטריות+ירקות טעם סצ'ואן,PUB FOODS PRESIDENT THAI,TH,מנה חמה נודלס ירקות,גרמים,76.00,100 גרם,false,,5.00,6.5789,true,1,18576
7290100680711,false,פירורית זהב אסם זהב 350ג',עינת תעשיות מזון אגו,IL,אסם פירורית זהב 350,גרמים,350.00,100 גרם,false,,7.70,2.2000,true,1,18577
7290100680728,false,פירורית רגילה שקית 350 גרם,מיוצר עי קונדיטוריית,IL,פירורית רגילה שקית 3,גרמים,350.00,100 גרם,false,,6.80,1.9429,true,1,18578
7290100681015,false,אינסטנט פודינג בטעם ריבת חלב אסם 84 גרם,מיוצר עי קונדיטוריית,IL,אסם פודינג אינסטנט ר,גרמים,84.00,100 גרם,false,,4.70,5.5952,true,1,18580
7290100681138,false,מארז אפרופו חטיף תירס 3 יחידות,"אסם השקעות בע""\מ",IL,אפרופו מאח 3*50 גר',גרמים,150.00,100 גרם,false,,11.00,7.3333,true,1,18582
7290100683880,false,פירה אסם ללא צורך בבישול 260 גרם,"אסם השקעות בע""\מ",IL,פירה אסם 260 גרם,גרמים,260.00,100 גרם,false,,11.90,4.5769,true,1,18592
7290100684139,false,פסטה מיני מקרוני אסם 500 גרם,פסטה זארה,IT,מיני מקרוני אסם 500,גרמים,500.00,100 גרם,false,,5.00,1.0000,true,1,18593
7290100685136,false,"אבקת מרק בטעם עוף אסם 1 ק""ג","אסם השקעות בע""\מ",IL,מרק בטעם עוף אסם 1 ק,קילוגרמים,1.00,"ק""ג",false,,12.70,12.7000,true,1,18599
7290100685242,false,במבה מתוקה מחומרים טבעיים סרט 30 גרם,"אסם תעשיות בע""מ",IL,במבה מתוקה מחומרים ט,גרמים,30.00,100 גרם,false,,2.50,8.3333,true,1,18600
7290100685341,false,אבקת מרק טעם עוף זך רכיבים טבעיים אסם 400 גרם,"אסם השקעות בע""\מ",IL,מרק זך טעם עוף רכיבי,גרמים,400.00,100 גרם,false,,11.90,2.9750,true,1,18602
7290100685600,false,פירורית זהב אסם זהב חיטה מלאה 200ג',עינת תעשיות מזון אגו,IL,פירורית זהב חיטה מלא,גרמים,200.00,100 גרם,false,,6.80,3.4000,true,1,18605
7290100686164,false,מארז מולטיפק ביסלי ברביקיו 6 יח 35 גר יח,מיוצר עי קונדיטוריית,IL,ביסלי ברביקיו מאח.8,גרמים,210.00,100 גרם,false,,10.60,5.0476,true,1,18609
7290100686171,false,מארז מולטיפק ביסלי גריל 6 יח 35 גר ליח,"אסם השקעות בע""\מ",IL,ביסלי גריל מאח.8 6*3,גרמים,210.00,100 גרם,false,,10.60,5.0476,true,1,18610
7290100687109,false,במבה במילוי קרם נוגט 60ג' אסם,"אסם השקעות בע""\מ",IL,במבה במילוי קרם נוגט,גרמים,60.00,100 גרם,false,,3.80,6.3333,true,1,18613
7290100689301,false,אבקת מרק בטעם עוף זך עדיף אסם 400 גרם,"אסם השקעות בע""\מ",IL,מרק בטעם עוף זך אסם,גרמים,400.00,100 גרם,false,,11.90,2.9750,true,1,18620
7290100700006,false,"סוגת חיטה 1 ק""ג","סוגת תעשיות בע""\מ",IL,"סוגת חיטה 1 ק""ג",קילוגרמים,1.00,"ק""ג",false,,7.70,7.7000,true,1,17114
7290100700020,false,סוגת גריסי פנינה 500 גרם,האי נאם סי או אל.טי.,IL,סוגת גריסי פנינה 500,גרמים,500.00,100 גרם,false,,4.20,0.8400,true,1,17115
7290100700273,false,קינואה לבנה 500 ג סו,האי נאם סי או אל.טי.,IL,קינואה סוגת 500 גרם,גרמים,500.00,100 גרם,false,,11.00,2.2000,true,1,17119
7290100700310,false,"סוגת כוסמת סוגת 1ק""ג","סוגת תעשיות בע""מ",IL,כוסמת 1 ק'ג,קילוגרמים,1.00,"ק""ג",false,,12.70,12.7000,true,1,17121
7290100700334,false,קינואה לבנה 1 קג סוג,"סוגת תעשיות בע""מ",IL,סוגת קינואה 1קג,קילוגרמים,1.00,"ק""ג",false,,17.00,17.0000,true,1,17123
7290100700389,false,"אורז אדום 1 ק""ג ""סוגת""","סוגת תעשיות בע""\מ",IL,אורז אדום 1 ק'ג,קילוגרמים,1.00,"ק""ג",false,,11.00,11.0000,true,1,17126
7290100700396,false,"סוגת אורז יסמין קלאסי 1 ק""ג",האי נאם סי או אל.טי.,IL,סוגת אורז יסמין קלאס,קילוגרמים,1.00,"ק""ג",false,,10.20,10.2000,true,1,17127
7290100700563,false,"סוגת אורז מיקס קלאסי 1 ק""ג",סוגת תעשיות בעמ,IL,אורז מיקס קלאסי 1 ק',קילוגרמים,1.00,"ק""ג",false,,11.00,11.0000,true,1,17132
7290100700587,false,"בורגול ""סוגת"" 500 גרם",האי נאם סי או אל.טי.,IL,סוגת בורגול 500 גר,גרמים,500.00,100 גרם,false,,5.00,1.0000,true,1,17133
7290100701157,false,"אורז להכנת סושי סוגת 1 ק""ג","סוגת תעשיות בע""\מ",IL,אורז סושי 1 קג,קילוגרמים,1.00,"ק""ג",false,,10.20,10.2000,true,1,17136
7290100701300,false,קינואה אדומה סוגת 500 גרם,"סוגת תעשיות בע""\מ",IL,סוגת קינואה אדומה 50,גרמים,500.00,100 גרם,false,,11.00,2.2000,true,1,17137
7290100701331,false,קמח רב תכליתי שטיבל קמח חיטה לבן בהיר,"שטיבל בע""\מ - טחנות קמח",IL,קמח רב תכליתי סוגת,קילוגרמים,1.00,"ק""ג",false,,5.50,5.5000,true,1,17139
7290100701409,false,קמח תירס סוגת 500 גר,מולינו פילה ספא,IL,קמח תירס סוגת 500 גר,גרמים,500.00,100 גרם,false,,5.90,1.1800,true,1,17143
7290100701454,false,גרישה בורגול דק סוגת 500 גרם,"סוגת תעשיות בע""\מ",IL,גרישה 500 גרם,גרמים,500.00,100 גרם,false,,5.00,1.0000,true,1,17145
7290100701874,false,"קמח כוסמין מלא סוגת 1 ק""ג",טחנות קמח שטיבל באר,IL,"קמח כוסמין סוגת 1 ק""",קילוגרמים,1.00,"ק""ג",false,,13.60,13.6000,true,1,17150
7290100701881,false,קמח פיצה ופוקצ'ה- קמח חיטה לבן בהיר שטיבל,"שטיבל בע""\מ - טחנת קמח",IL,קמח פיצה ופוקצה סוגת,קילוגרמים,1.00,"ק""ג",false,,5.50,5.5000,true,1,17151
7290100702277,false,קוסקוס עבה סוגת 350 גרם,"אסיף תעשיות מזון בע""",IL,קוסקוס עבה סוגת 350,גרמים,350.00,100 גרם,false,,4.20,1.2000,true,1,17157
7290100702284,false,קוסקוס מלא סוגת 350 גרם,"אסיף תעשיות מזון בע""",IL,קוסקוס מלא סוגת 350,גרמים,350.00,100 גרם,false,,4.20,1.2000,true,1,17158
7290100702611,false,פתיתים אפויים אורז סוגת 500 גרם,"אסיף תעשיות מזון בע""\מ",IL,פתיתים אפויים אורז ס,גרמים,500.00,100 גרם,false,,4.20,0.8400,true,1,17170
7290100702628,false,פתיתים אפויים קוסקוס סוגת 500 גרם,"אסיף תעשיות מזון בע""\מ",IL,פתיתים אפויים קוסקוס,גרמים,500.00,100 גרם,false,,4.20,0.8400,true,1,17171
7290100702635,false,פתיתים אפויים כוכבים סוגת 500 גרם,"אסיף תעשיות מזון בע""",IL,פתיתים אפויים כוכבים,גרמים,500.00,100 גרם,false,,4.20,0.8400,true,1,17172
7290100702741,false,"סוכר חום בהיר בצנצנת סוגת 1 ק""ג",סוגת תעשיות בעמ,IL,סוכר חום בהיר בצנצנת,קילוגרמים,1.00,"ק""ג",false,,11.00,11.0000,true,1,17181
7290100702987,false,שיבולת שועל פתיתים סוגת 500 גרם,סוגת תעשיות,,פתיתי שיבולת שועל סו,גרמים,500.00,100 גרם,false,,5.10,1.0200,true,1,17198
7290100702994,false,סוכר דמררה קלאסי בשקית סוגת 500 גרם,"סוגת תעשיות בע""מ",IL,סוכר דמררה בשקית סוג,גרמים,500.00,100 גרם,false,,4.10,0.8200,true,1,17199
7290100703007,false,"עדשים שחורות בלוגה 500 גרם ""סוגת""",האי נאם סי או אל.טי.,IL,סוגת עדשים שחורות בל,גרמים,500.00,100 גרם,false,,7.70,1.5400,true,1,17200
7290100703564,false,"פתיתי שיבולת שועל עבה 500 גרם ""סוגת""",,,שיבולת שועל עבה סוגת,גרמים,500.00,100 גרם,false,,5.10,1.0200,true,1,17224
7290100703632,false,קמח חיטה מלא ללא צורך בניפוי,"שטיבל בע""מ",IL,קמח מלא ללא ניפוי סו,קילוגרמים,1.00,"ק""ג",false,,7.60,7.6000,true,1,17228
7290100703649,false,"קמח חיטה 80% ללא צורך בניפוי סוגת 1 ק""ג","שטיבל בע""מ",IL,קמח מלא חיטה 80% ללא,קילוגרמים,1.00,"ק""ג",false,,7.60,7.6000,true,1,17229
7290100703687,false,"קמח חלה ללא ניפוי סוגת 1 ק""ג","שטיבל בע""מ",IL,קמח חלה ללא ניפוי סו,קילוגרמים,1.00,"ק""ג",false,,7.60,7.6000,true,1,17232
7290100703861,false,"תערובת קסם לחלה ללא צורך בניפוי סוגת 1 ק""ג","שטיבל בע""\מ - טחנות קמח",IL,קמח תערובת קסם לחלה,קילוגרמים,1.00,"ק""ג",false,,7.60,7.6000,true,1,17235
7290100703915,false,פופקורן להכנה במיקרוגל בטעם חמאה - מארז 6 שקיות,סוגת,IL,מארז פופקורן למיקרוג,גרמים,540.00,100 גרם,false,,8.50,1.5741,true,1,17239
7290100704141,false,סודה לשתייה 100 ג' סוגת,א.ל. ייצור ושיווק תב,IL,סוגת סודה לשתייה 100,גרמים,100.00,100 גרם,false,,2.50,2.5000,true,1,17250
7290100704578,false,"קמח כוסמין לבן תופח סוגת 1 ק""ג","שטיבל בע""\מ - טחנת קמח",IL,קמח כוסמין לבן סוגת,קילוגרמים,1.00,"ק""ג",false,,13.60,13.6000,true,1,140735
7290100704608,false,שעועית לבנה עדינה סוגת 500 גרם,"סוגת תעשיות בע""\מ",IL,שעועית לבנה עדינה 50,גרמים,500.00,100 גרם,false,,5.90,1.1800,true,1,181567
7290100704622,false,סוכר דמררה דק דק בצנצנת סוגת 500 גרם,"סוגת תעשיות בע""\מ",IL,סוכר דמררה דק דק בצנ,גרמים,500.00,100 גרם,false,,6.76,1.3520,true,1,239175
7290100850916,false,דוריטוס חמוץ חריף מעודן 70 גרם כשר לפסח,"שטראוס פריטו ליי בע""\מ )",IL,דוריטוס חמוץ חריף 70,גרמים,70.00,100 גרם,false,,3.10,4.4286,true,1,23946
7290100850923,false,דוריטוס בטעם גריל 70 גרם,"שטראוס פריטו ליי בע""\מ )",IL,דוריטוס גריל 70 גרם,גרמים,70.00,100 גרם,false,,3.10,4.4286,true,1,23947
7290100850930,false,דוריטוס בטעם טבעי 70 גרם,"שטראוס פריטו ליי בע""\מ )",IL,דוריטוס טבעי 70 גרם,גרמים,70.00,100 גרם,false,,3.10,4.4286,true,1,23948
7290100858592,false,אבקת קקאו עלית שקית 150 ג',הנסיך- מפעל לייצור ט,IL,עלית קקאו 150ג,גרמים,150.00,100 גרם,false,,8.50,5.6667,true,1,22131
7290100922637,false,"הוואי שלישיית סבון נוזלי מי קוקוס 500 מ""ל",הנקל סוד,IL,הוואי אל סבון נוזלי,ליטרים,1.50,ליטר,false,,12.70,8.4667,true,1,8172
7290100926147,false,אבקת כביסה פרסיל קולור שקית 2.5 קג,"הנקל סוד בע""מ",IL,אבקת כביסה פרסיל קול,קילוגרמים,2.50,"ק""ג",false,,23.00,9.2000,true,1,34792
7290101112228,false,גלידל פרי קרחון מופחת קלוריות בטעם אננס - 8 יח',הגלידות של פלדמן,IL,פופסיקל בטעם אננס 8,גרמים,640.00,100 גרם,false,,21.30,3.3281,true,1,35840
7290101113751,false,מאגדת שלגון קרמל ושוקולד בלונדי רביעיה * 50 ג' יולו,הגלידות של פלדמן,IL,מאגדת רביעייה שלגון,גרמים,200.00,100 גרם,false,,17.10,8.5500,true,1,380215
7290101113904,false,מארז מנבו וניל 12 יח' פלדמן,הגלידות של פלדמן,IL,מנבו וניל 12 יח 288,גרמים,288.00,100 גרם,false,,17.90,6.2153,true,1,599326
7290101453888,false,נר מספר - 1 (1X12X60),סודי,CN,נר מספר 1,יחידה,0.00,יחידה,false,,3.80,0.0000,true,1,32049
7290101453918,false,נר מספר - 4 (1X12X60),סודי,CN,נר מספר 4,יחידה,0.00,יחידה,false,,3.80,0.0000,true,1,32052
7290101459880,false,נרות אותיות- יום הול,,,נרות אותיות- יום הול,יחידה,0.00,יחידה,false,,8.50,0.0000,true,1,32251
7290101486688,false,חטיף דגנים עם שוקולד ללא גלוטן וסוכר פרי 5*20 גרם,טבעית מוצרים מן הטבע בעמ,IL,פרי חטיפי בריאות מאר,גרמים,100.00,100 גרם,false,,12.80,12.8000,true,1,21339
7290101488286,false,"ליידי ספיד סטיק - דאודורנט ספריי לאישה 24/7 פרש פיוזן ורוד 150 מ""ל",ליידי ספיד סטיק Lady Speed Stick,RU,דאו' ספריי ורוד לייד,מיליליטרים,150.00,"100 מ""ל",false,,14.10,9.4000,true,1,21343
7290101551300,false,סילאן טבעי ללא תוספת סוכר בקבוק לחיץ,מכוורת יד מרדכי שטראוס ב,IL,סילאן טבעי לחיץ יד מ,גרמים,380.00,100 גרם,false,,12.70,3.3421,true,1,22142
7290101551539,false,יוגורט PRO בטעם אפרסק 0% 20 גרם חלבון בגביע,"שטראוס בריאות בע""מ",IL,דנונה פרו 20 אפרסק 2,גרמים,200.00,100 גרם,false,,5.00,2.5000,true,1,23163
7290101551577,false,קוואקר שיבות שועל פחית מארז 2*500 גר',FRITO-LAY TRADING CO,GB,זוג קוואקר פחית שיבו,קילוגרמים,1.00,"ק""ג",false,,17.00,17.0000,true,1,23952
7290101551584,false,תפוצ'יפס קידס מארז 10 יח' * 20 ג',"שטראוס פריטו ליי בע""מ )פ",IL,מארז תפוצ'יפס קידס 1,גרמים,200.00,100 גרם,false,,11.10,5.5500,true,1,23953
7290101551638,false,חטיף צ'יטוס כאפה בטעם קטשופ - מארז 10 יח',"שטראוס פריטו ליי בע""מ )פ",IL,מארז צ'יטוס כאפה 10*,גרמים,200.00,100 גרם,false,,11.00,5.5000,true,1,23957
7290101864127,false,"ספריי להסרת כתמים 750 מ""ל וניש קליה",קליה וניש Kalia Vanish,IL,קליה אוקסי ספריי 750,מיליליטרים,750.00,"100 מ""ל",false,,14.50,1.9333,true,1,20673
7290101866633,false,וניש קליה גל להסרת כתמים 3 ליטר אוקסיפרש,קליה וניש Kalia Vanish,IL,וניש קליה ג'ל 3 ליטר,ליטרים,3.00,ליטר,false,,25.60,8.5333,true,1,20686
7290101868460,false,"קולון 101 אבקת כביסה 8 ק""ג",רקיט בנקיזר,IL,אבקת כביסה קולון 101,קילוגרמים,8.00,"ק""ג",false,,46.90,5.8625,true,1,20708
7290101868958,false,"פיניש נוזל הברקה למדיח בניחוח לימון 500 מ""ל",רקיט בנקיזר,PL,פיניש נוזל הברקה לימ,מיליליטרים,800.00,"100 מ""ל",false,,17.00,2.1250,true,1,20712
7290101869702,false,"ג 'ל פיניש AIO MAX מרוכז למדיח 600מ""ל",פיניש רקיט בנקיזר,PL,פיניש ג'ל 600 מלAIO,מיליליטרים,600.00,"100 מ""ל",false,,28.10,4.6833,true,1,20721
7290101869719,false,ג'ל מרוכז למדיח פיניש all in one max בניחוח לימון,פיניש רקיט בנקיזר,PL,פיניש ג'ל לימון 600,יחידה,0.00,יחידה,false,,28.10,0.0000,true,1,20722
7290101869733,false,פיניש ג'ל למדיח כלים בניחוח לימון 1 ליטר ALL IN 1,רקיט בנקיזר,PL,ג'ל 1 ליטר לימון AIO,ליטרים,1.00,ליטר,false,,36.70,36.7000,true,1,20724
7290101869757,false,מבשם אויר מכשיר אוטמטי חלום אואזיס,רקיט בנקיזר,PL,איירוויק מבשם אויר מ,יחידה,0.00,יחידה,false,,38.40,0.0000,true,1,20726
7290101869788,false,"אירוויק ספריי אוטומטי מילוי בניחוח אואזיס 250 מ""ל*",איירוויק Air Wick,HU,איירוויק מילוי מבשם,מיליליטרים,250.00,"100 מ""ל",false,,12.80,5.1200,true,1,20729
7290101869832,false,"אירוויק מילוי מבשם אויר חשמלי חלום ליל קיץ 19 מ""ל",איירוויק Air Wick,HU,איירוויק מילוי מבשם,יחידה,0.00,יחידה,false,,14.40,0.0000,true,1,20734
7290101869917,false,"אירוויק מילוי מבשם אויר אטומטי היער הקסום 19 מ""ל",איירוויק Air Wick,GB,איירוויק מילוי מבשם,מיליליטרים,250.00,"100 מ""ל",false,,12.80,5.1200,true,1,20737
7290101869962,false,"אירוויק מקלות ריחניים בניחוח חלום ליל קיץ 30 מ""ל",איירוויק Air Wick,HU,איירוויק מקלות ריחני,יחידה,0.00,יחידה,false,,12.80,0.0000,true,1,20742
7290101981787,false,צלחת פולי מעוצבת מיקי,שמחה זה אנחנו,CN,צלחת פולי-מכוניות,יחידה,0.00,יחידה,false,,8.50,0.0000,true,1,32267
7290101985365,false,בקבוק אלומיניום גדול,,,בקבוק אלומיניום גדול,יחידה,0.00,יחידה,false,,19.20,0.0000,true,1,32330
7290101999720,false,נרות מטה לבבות פו,,,נרות מטה לבבות פו,יחידה,0.00,יחידה,false,,6.40,0.0000,true,1,32585
7290102030330,false,תפוצ'יפס קראנצ' בטעם מקסיקני 200 גרם,"שטראוס פריטו ליי בע""\מ )",IL,תפוצ'יפס קראנץ מקסיק,גרמים,200.00,100 גרם,false,,8.50,4.2500,true,1,23966
7290102031276,false,מארז 8 יחידות אקטימל משקה יוגורט בטעם תות בננה,מיוצר עי קונדיטוריית,IL,אקטימל תות בננה 8*10,מיליליטרים,800.00,"100 מ""ל",false,,17.00,2.1250,true,1,23184
7290102032334,false,אבקה להכנת משקה קפה בטעם וניל,שטראוס קפה בי.וי,IL,קפה נמס עלית בטעם ונ,גרמים,200.00,100 גרם,false,,17.00,8.5000,true,1,22145
7290102060764,false,מרידול מברשת שיניים אריזת זוג,יבואן ומשווק: ש. שסט,CH,זוג מברשות שיניים עד,יחידה,0.00,יחידה,false,,30.70,0.0000,true,1,21347
7290102060979,false,"אלמקס משחת שיניים למניעת עששת 100מ""ל",יבואן ומשווק: ש. שסט,PL,משחת שיניים משפחתי א,מיליליטרים,100.00,"100 מ""ל",false,,16.20,16.2000,true,1,21349
7290102300822,false,גבינה צ'דר אנגלית כתומה 200 גרם,דאולי צ'יסמייקרס,GB,סיימן גבינת צדר אנגל,גרמים,200.00,100 גרם,false,,20.40,10.2000,true,1,16947
7290102302246,false,גבינת גאודה הולנדית 200 גרם,מיוצר עי קונדיטוריית,NL,גבינת גאודה 200 גר',גרמים,200.00,100 גרם,false,,19.60,9.8000,true,1,16954
7290102302888,false,גבינת גאודה כמון 200 גרם,מיוצר עי קונדיטוריית,NL,גבינה הולנדית עם כמו,גרמים,200.00,100 גרם,false,,25.60,12.8000,true,1,447456
7290102303984,false,גוש טונה במים רוברט 140 גרם,קונסרבס פורטוגל נורטה,PT,טונה במי מלח רוברט 1,גרמים,120.00,100 גרם,false,,9.40,7.8333,true,1,561277
7290102390427,false,יוגורט ביו עם קציפת תות 3% שומן 150 ג' מולר,מולר Muller,IL,מולר פרופ תות 3% 150,גרמים,150.00,100 גרם,false,,4.20,2.8000,true,1,6444
7290102390465,false,יוגורט ביו עם קציפת אפרסק ופסיפלורה 3% שומן 150 ג' מולר,מולר Muller,IL,מולר פרופ אפרסק פסיפ,גרמים,150.00,100 גרם,false,,4.20,2.8000,true,1,6445
7290102390489,false,יוגורט ביו עם קציפת לימון 3% שומן 150 ג' מולר,מולר Muller,IL,מולר פרופ לימון 3% 1,גרמים,150.00,100 גרם,false,,4.20,2.8000,true,1,6447
7290102391844,false,יוגורט ביו עם קציפת פירות יער3% שומן 150 ג' מולר,מולר Muller,IL,מולר פרופ לבן+קציפת,גרמים,150.00,100 גרם,false,,4.20,2.8000,true,1,6454
7290102392049,false,גבינה לאפיה תבור ללא תוספת מלח 5% משק צוריאל 500 גרם,מחלבת משק צוריאל,IL,צוריאל תבור 5% 500ג,גרמים,500.00,100 גרם,false,,19.60,3.9200,true,1,6456
7290102392254,false,חלב בקרטון 1% 2 ליטר טרה,מילקו תעשיות בעמ,IL,טרה חלב 1% 2ל,ליטרים,2.00,ליטר,false,,10.02,5.0100,true,1,6460
7290102393268,false,**טרה גבינה לבנה אריזת חיסכון 5% 750ג,הפריט בפיקוח,IL,טרה גבינה לבנה אריזת,גרמים,750.00,100 גרם,false,,12.74,1.6987,true,1,6483
7290102393848,false,יוגורט עיזים 2.4% עם תות משק צוריאל 150 גרם,מחלבת משק צוריאל,IL,צוריאל יוגורט עיזים,מיליליטרים,150.00,"100 מ""ל",false,,5.10,3.4000,true,1,6488
7290102393855,false,יוגורט עיזים 2.5% עם אפרסק משק צוריאל 150 גרם,מחלבת משק צוריאל,IL,צוריאל יוגורט עיזים,מיליליטרים,150.00,"100 מ""ל",false,,5.10,3.4000,true,1,6489
7290102394463,false,נעם גבינה צהובה פרוסה ואקום 28% טרה 500 גרם,Unknown,IL,נעם גבינה צהובה וואק,גרמים,500.00,100 גרם,false,,22.20,4.4400,true,1,6501
7290102394821,false,נעם גבינה צהובה פרוסה 28% טרה 200 גרם,מילקו תעשיות בעמ,IL,נעם גבינה צהובה דק ד,גרמים,200.00,100 גרם,false,,13.20,6.6000,true,1,6505
7290102395101,false,ממרח גבינה ושוקולד מוו טרה 200 גרם,מילקו תעשיות בעמ,IL,מוו ממרח גבינה ושוקו,גרמים,200.00,100 גרם,false,,9.30,4.6500,true,1,6509
7290102395231,false,שמיניית יוגורט ביו ביאנקו 2.8% מולר 150 גרם,מולר Muller,IL,מולר נטורל 2.8% 8*15,קילוגרמים,1.20,"ק""ג",false,,13.60,11.3333,true,1,6515
7290102395378,false,נעם גבינה צהובה פרוסה ואקום 28% טרה 360 גרם,טרה,IL,נעם גבינה צהובה ואקו,גרמים,360.00,100 גרם,false,,17.10,4.7500,true,1,6518
7290102395439,false,מארז 8 גביעים יוגורט בטעם פירות יער וקיווי 3% Simply Fruit,מילקו תעשיות בעמ,IL,מולר סימפלי פירות יע,קילוגרמים,1.20,"ק""ג",false,,26.40,22.0000,true,1,6520
7290102396399,false,שמיניית מעדן שוקולד מוו 1.5% טרה 100 גרם,Unknown,IL,מוו מעדן שוקולד 100*,גרמים,800.00,100 גרם,false,,11.50,1.4375,true,1,6542
7290102396405,false,שמיניית מעדן וניל מוו 1.5% טרה 100 גרם,Unknown,IL,מוו מעדן וניל 100*8,גרמים,800.00,100 גרם,false,,11.50,1.4375,true,1,6543
7290102396672,false,"גבנ""צ דק דק נעם פתיחה חוזרת 9% 360 גרם",מילקו תעשיות בעמ,IL,נעם צהובה דק דק 9% 3,גרמים,360.00,100 גרם,false,,22.20,6.1667,true,1,6556
7290102397464,false,יוגורט ביו בתוספת גרעינים אגוזים וחמוציות 170 ג' מולר,מולר Muller,IL,מולר יוגורט נטורל +,גרמים,150.00,100 גרם,false,,5.00,3.3333,true,1,6597
7290102397891,false,גבינה מותכת משק צוריאל 100 גרם,משק צוריאל,IL,רביעייה גבינה מותכת,גרמים,100.00,100 גרם,false,,6.40,6.4000,true,1,6624
7290102398065,false,חלב טרה בקרטון 2 ליטר מהדרין 3% - מוצר בפיקוח,הפריט בפיקוח,IL,טרה חלב קרטון 3% מהד,יחידה,0.00,יחידה,false,,10.65,0.0000,true,1,6633
7290102398072,false,"חלב קרטון 3%-1 ליטר "" טרה"" -מוצר פיקוח",הפריט בפיקוח,IL,טרה חלב בקרטון 3% 1ל,ליטרים,1.00,ליטר,false,,5.32,5.3200,true,1,6634
7290102398560,false,שוקו טרה מועשר בבקבוק 1 ליטר,מילקו תעשיות בעמ,IL,שוקו טרה מועשר בבקבו,ליטרים,1.00,ליטר,false,,10.20,10.2000,true,1,6667
7290102399772,false,מולר ספרדבל-ממרח חמאת מולר במליחות עדינה 250 גרם,G Weihenstephan Molkerei,DE,מולר ממרח חמאה במליח,גרמים,250.00,100 גרם,false,,14.50,5.8000,true,1,75422
7290103124601,false,"תחליב רחצה נוזל חלב ודבש משאבה 750מ""ל פלמוליב",הנסיך- מפעל לייצור ט,TR,תחליב רחצה חלב ודבש,מיליליטרים,750.00,"100 מ""ל",false,,17.10,2.2800,true,1,21367
7290103126797,false,"משחת שיניים קולגייט סנסיטיב פרו רליף 75 מ""ל",הנסיך- מפעל לייצור ט,BR,סנסטיב פרו רילף קולג,מיליליטרים,110.00,"100 מ""ל",false,,18.80,17.0909,true,1,21371
7290103401429,false,קפה קצב ברזילאי אוריגינס 200 גר,הנסיך- מפעל לייצור ט,IL,קפה אוריגינס קצב ברז,גרמים,200.00,100 גרם,false,,21.30,10.6500,true,1,22159
7290103404758,false,סלט כרוב אדום במיונז אחלה 120 גרם,מיוצר עי קונדיטוריית,IL,אחלה כרוב אדום 120ג,גרמים,120.00,100 גרם,false,,4.70,3.9167,true,1,23192
7290103408206,false,עלי חסה ערבית שטופים שטראוס 250 גרם,שטראוס בריאות ירקות טריי,IL,עלי חסה ערבית שטופים,גרמים,250.00,100 גרם,false,,9.90,3.9600,true,1,23195
7290103681173,false,"יין הר קברנה סובניון יקבי תבור 750 מ""ל.",מיוצר על ידי יקב תבור,IL,הר תבור קברנה סוביני,מיליליטרים,750.00,"100 מ""ל",false,,30.80,4.1067,true,1,6745
7290103681180,false,"יין הר מרלו מיתוג תנשמת 750 מ""ל",מיוצר על ידי יקב תבור,IL,"הר תבור מרלו 750 מ""ל",מיליליטרים,750.00,"100 מ""ל",false,,30.80,4.1067,true,1,6746
7290103681227,false,"יין הר גוורצטרמינר מיתוג תנשמת 750 מ""ל",מיוצר על ידי יקב תבור,IL,הר תבור גוורצטרמינר,מיליליטרים,750.00,"100 מ""ל",false,,30.80,4.1067,true,1,6749
7290103702298,false,טאצ' אשפתון עבה בגליל 77*90 50 יח',"שניב תעשיות נייר בע""",,טאצ אשפתון בגליל 50,יחידה,0.00,יחידה,false,,15.90,0.0000,true,1,24249
7290103702328,false,טאצ אשפתון עבה וחזק במיוחד 25 יחידות,"שניב תעשיות נייר בע""",,טאצ אשפתון בגליל 25,יחידה,0.00,יחידה,false,,15.90,0.0000,true,1,24252
7290103703240,false,טאצ' מטליות לחות לניקוי רצפות,,IL,טאצ' מטליות לחות לרי,יח',10.00,יח',false,,8.50,0.8500,true,1,24266
7290103704155,false,נייר מגבת טאצ' 6 גלילים מהדורת 2021,"שניב תעשיות נייר בע""",IL,מגבות נייר 6 גלילים,מטרים,63.00,מטר,false,,9.40,0.1492,true,1,175208
7290103704162,false,נייר טואלט טאצ' 32 גלילים מהדורה 2021,"שניב תעשיות נייר בע""",IL,נייר טואלט טאצ' 32 ג,יח',0.00,יח',false,,24.70,0.0000,true,1,141436
7290103704179,false,מגבת נייר למטבח טאצ' 8 יח',,,מגבות נייר 8 גלילים,מטרים,83.00,מטר,false,,11.90,0.1434,true,1,173996
7290103704186,false,מגבות מטבח כפול טאצ`מהדורת 2021 6 יחידות,,IL,מגבות טאצ' גליל כפול,יחידה,0.00,יחידה,false,,17.10,0.0000,true,1,317950
7290103704766,false,נייר טואלט 24 גליל כפול מהדורת פרח סגול,"שניב תעשיות נייר בע""\מ",IL,נייר טואלט 24 גליל,יחידה,0.00,יחידה,false,,36.70,0.0000,true,1,489012
7290103746001,false,ממחטות טאצ' 5*100 צץ רץ (19*195),"שניב תעשיות נייר בע""",IL,ממחטות טאצ' חמישייה,יחידה,0.00,יחידה,false,,10.20,0.0000,true,1,24282
7290104005176,false,חגורות גברים,,,חגורות גברים,יחידה,0.00,יחידה,false,,19.90,0.0000,true,1,31087
7290104061417,false,סלט חומוס עם טחינה אחלה 400 גרם,"שטראוס גרופ בע""\מ",IL,אחלה חומוס טחינה 400,גרמים,400.00,100 גרם,false,,8.50,2.1250,true,1,23197
7290104061424,false,סלט חומוס עם זעתר אחלה 400 גרם,מיוצר עי קונדיטוריית,IL,אחלה חומוס זעתר 400,גרמים,400.00,100 גרם,false,,9.30,2.3250,true,1,23198
7290104061431,false,סלט חומוס עם צנובר אחלה 400 גרם,"שטראוס גרופ בע""\מ",IL,אחלה חומוס צנובר 400,גרמים,400.00,100 גרם,false,,9.30,2.3250,true,1,23199
7290104061448,false,סלט חומוס עם חריף אחלה 400 גרם,מיוצר עי קונדיטוריית,IL,אחלה חומוס חריף 400ג,גרמים,400.00,100 גרם,false,,9.30,2.3250,true,1,23200
7290104062599,false,מארז 8 יחידות מעדן גמדים בטעמי תות ובננה,"שטראוס בריאות בע""\מ",IL,גמדים תות בננה 8*100,מיליליטרים,800.00,"100 מ""ל",false,,16.20,2.0250,true,1,23201
7290104065934,false,עלי רוקט שטראוס 150 גרם,שטראוס בריאות ירקות טריי,IL,שטראוס עלי רוקט 150ג,גרמים,150.00,100 גרם,false,,9.90,6.6000,true,1,23202
7290104066566,false,טחינה שומשום מלא אחלה 500 גר',מיוצר עי קונדיטוריית,IL,אחלה טחינה 500ג,גרמים,500.00,100 גרם,false,,11.80,2.3600,true,1,23204
7290104067693,false,אחלה חומוס עם חריף 150 גרם,מיוצר עי קונדיטוריית,IL,אחלה חומוס עם חריף 1,גרמים,150.00,100 גרם,false,,5.00,3.3333,true,1,23207
7290104500572,false,אפרופו חטיף תירס איטליאנו אסם 50 גרם,מיוצר עי קונדיטוריית,IL,אפרופו איטלקי 36*50ג,גרמים,50.00,100 גרם,false,,4.30,8.6000,true,1,18623
7290104501661,false,אינסטנט פודינג בטעם וניל צרפתי אסם 80 גרם,מיוצר עי קונדיטוריית,IL,אסם פודינג בטעם וניל,גרמים,80.00,100 גרם,false,,4.70,5.8750,true,1,18624
7290104508189,false,גביעי וופל ממותקים לגלידה 24 יח',בטר אנד דיפרנט,IL,גביעי גלידה ממותקים,0 יח',24.00,0 יח',false,,11.00,0.4583,true,1,18635
7290104508202,false,גביעי גלידה אמריקאים אסם 120 גרם 24 יחידות,"גילרו בע""מ",IL,גביעי גלידה אמריקאים,גרמים,120.00,100 גרם,false,,11.00,9.1667,true,1,18636
7290104508943,false,במבה חטיף בוטנים אסם 200 גרם,"אסם השקעות בע""\מ",IL,במבה קלאסי 18*200 גר,גרמים,200.00,100 גרם,false,,7.60,3.8000,true,1,18638
7290104570131,false,תמר מג'הול ששון ושות,,,"תמר מג'הול 1 ק""ג",קילוגרמים,1.00,"ק""ג",false,,17.90,17.9000,true,1,42506
7290104570162,false,תמרים כבושים 500גרם בית שאן,תמר העמקים בית שאן,IL,תמר כבוש 500 גרם,גרמים,500.00,100 גרם,false,,8.50,1.7000,true,1,42507
7290104720499,false,מארז 8 יחידות מעדן דני בטעם וניל 1.5%,מיוצר עי קונדיטוריית,IL,מארז דני וניל 8*125,מיליליטרים,125.00,"100 מ""ל",false,,14.40,11.5200,true,1,23209
7290104721533,false,רצועות פלפלים קלויים אחלה 400 ג',מיוצר עי קונדיטוריית,IL,אחלה פלפלים קלויים 4,גרמים,400.00,100 גרם,false,,12.70,3.1750,true,1,23211
7290104721762,false,מארז שלשות קפה טורקי עלית 85 ג',שטראוס גרופ,IL,טורקי עלית 3*85 גר'.,גרמים,255.00,100 גרם,false,,16.20,6.3529,true,1,22198
7290104726262,false,רביעייה מעדן דני שוקולד דיסני לבנים 125 גרם,מיוצר עי קונדיטוריית,IL,דני שוקולד לשתייה מא,מיליליטרים,500.00,"100 מ""ל",false,,9.30,1.8600,true,1,23219
7290104726712,false,מארז 8 יחידות מעדן מילקי בטעם שוקולד עם קצפת,"שטראוס גרופ בע""\מ",IL,מילקי שמינייה מארז 8,קילוגרמים,1.06,"ק""ג",false,,17.00,16.0377,true,1,23220
7290104728310,false,"שמנת מתוקה עמידה 38% שומן ""יטבתה"" -מוצר בפיקוח",שטראוס גרופ,IL,יטבתה שמנת עמידה לקצ,מיליליטרים,250.00,"100 מ""ל",false,,5.53,2.2120,true,1,23225
7290104960239,false,"תחליב רחצה נקה 7 ארומה לבן 750 מ""ל",טרופיקל דגיל תעשיות קוסמ,IL,תחליב רחצה קמומיל נק,מיליליטרים,750.00,"100 מ""ל",false,,10.20,1.3600,true,1,30231
7290104960246,false,"נקה 7 - תחליב רחצה ורד ויסמין 750 מ""ל",טרופיקל דגיל תעשיות קוסמ,IL,תחליב רחצה ורד ויסמי,מיליליטרים,750.00,"100 מ""ל",false,,10.20,1.3600,true,1,30232
7290104961878,false,"שמפו לשיער קרטין אינטנס פורמולה 400 מ""ל נטורל",נטורל פורמולה Natural Formula,IL,קרטין אינטנס שמפו נט,מיליליטרים,400.00,"100 מ""ל",false,,26.40,6.6000,true,1,30256
7290104961885,false,מרכך קרטין טהור לשיער שעבר החלקה או עיצוב בחום,נטורל פורמולה Natural Formula,IL,מרכך קרטין אינטנס נט,מיליליטרים,400.00,"100 מ""ל",false,,26.40,6.6000,true,1,30257
7290104962073,false,דאודורנט ספריי גוף טיטניום גולד Titanium Gold,"אמיליה קוסמטיקס בע""מ",IL,דאו' ספריי גולד טיטנ,מיליליטרים,180.00,"100 מ""ל",false,,13.60,7.5556,true,1,30266
7290104962080,false,"טיטניום - דאודורנט ספריי לגבר גולד 150 מ""ל",משווק: קוסמופארם בעמ,IL,ספריי גוף גולד טיטני,מיליליטרים,150.00,"100 מ""ל",false,,10.20,6.8000,true,1,30267
7290104963216,false,סופטקר - אל סבון עדין לתינוק לעור רגיש 1 ליטר,קוסמופארם בע'\'\מ,IL,סופטקר אלסבון עדין ל,יחידה,0.00,יחידה,false,,15.30,0.0000,true,1,30298
7290105360250,false,קפסולות 09 עשיר וארומטי למכונת נספרסו עלית 10יח',הנסיך- מפעל לייצור ט,IL,עלית קפסולות מקיאטו,גרמים,50.00,100 גרם,false,,14.40,28.8000,true,1,22215
7290105360328,false,קפסולות אספרסו חזק למכונות נספרסו 10 יח',הנסיך- מפעל לייצור ט,IL,עלית קפסולות אספרסו,גרמים,50.00,100 גרם,false,,14.40,28.8000,true,1,22216
7290105360755,false,"שמן זית 3 חזק 750 מ""ל יד מרדכי",מכוורת יד מרדכי שטראוס ב,IL,שמן זית 3 חזק כתית י,מיליליטרים,750.00,"100 מ""ל",false,,29.00,3.8667,true,1,22220
7290105360762,false,"שמן זית 1 עדין 750 מ""ל יד מרדכי",מכוורת יד מרדכי שטראוס ב,IL,שמן זית 1 עדין כתית,מיליליטרים,750.00,"100 מ""ל",false,,29.00,3.8667,true,1,22221
7290105360878,false,תפוציפס טבעי 50 גרם מארז רביעייה,"שטראוס פריטו ליי בע""\מ )",IL,תפוציפס מארז 4*50ג,גרמים,200.00,100 גרם,false,,9.30,4.6500,true,1,23998
7290105362339,false,"שמנת לבישול 15% 250 מ""ל יטבתה מהדרין",שטראוס גרופ,IL,יטבתה שמנת לבישול 15,מיליליטרים,250.00,"100 מ""ל",false,,6.80,2.7200,true,1,23230
7290105363602,false,מקלות כיף כף קלאסי עלית 40 גרם,שולן צ'\יקולטה גידה סאן.,TR,כיף כף מקלות קלאסי 4,גרמים,40.00,100 גרם,false,,4.20,10.5000,true,1,22226
7290105364289,false,מקלות כיף כף פצפוצים עלית 40 גרם,שולן צ'\יקולטה גידה סאן.,TR,כיף כף מקלות פצפוצים,גרמים,40.00,100 גרם,false,,4.20,10.5000,true,1,22227
7290105364302,false,"עלית חטיף שוקולד כיף כף מקלות אגוזים, 40 גרם",שולן צ'\יקולטה גידה סאן.,TR,כיף כף מקלות אגוזים,גרמים,42.00,100 גרם,false,,4.20,10.0000,true,1,22228
7290105366023,false,סלט חצילים בטעם כבד אחלה 400 גרם,מיוצר עי קונדיטוריית,IL,אחלה חציל בטעם כבד 4,גרמים,400.00,100 גרם,false,,12.70,3.1750,true,1,23233
7290105368331,false,מעדן מילקי בטעם תות עם קצפת,מחלבת אחיהוד,IL,"מילקי תות 170 מ""ל",מיליליטרים,170.00,"100 מ""ל",false,,2.50,1.4706,true,1,23251
7290105368904,false,"שמנת מתוקה להקצפה 32% שומן 250 מ""ל יוטבתה",שטראוס גרופ,IL,יטבתה שמנת עמידה לקצ,מיליליטרים,250.00,"100 מ""ל",false,,6.40,2.5600,true,1,23260
7290105369130,false,סימפוניה גבינת שמנת בצל ירוק 5% שטראוס 200 גרם,"שטראוס בריאות בע""\מ",IL,סימפוניה שטראוס בצל,גרמים,200.00,100 גרם,false,,9.80,4.9000,true,1,23264
7290105430496,false,ליידי ספיד סטיק סטיינגארד ספריי,קולגייט-פלמוליב,RU,ספיד סטיק ספריי סטיי,מיליליטרים,65.00,"100 מ""ל",false,,14.10,21.6923,true,1,21391
7290105431516,false,מארז חטיף פריי תמרים ובוטנים ללא גלוטן ותוספת סוכר 125 גרם,טבעית מוצרים מן הטבע בעמ,IL,פרי חטיפי תמרים ובוט,גרמים,125.00,100 גרם,false,,12.80,10.2400,true,1,21396
7290105434067,false,ספיד סטיק - דאודורנט סטיק לגבר XL אושן סרף 85 גרם,קולגייט פלמוליב,US,ספיד סטיק כחול אושיי,גרמים,85.00,100 גרם,false,,17.00,20.0000,true,1,21411
7290105439505,false,מאסטר שף קרם בטעם מיונז לייט 479 גר כשלפ,רמיה סי.וי. הולנד,NL,מאסטר שף קרם בטעם מ,גרמים,479.00,100 גרם,false,,10.20,2.1294,true,1,21424
7290105439581,false,מנה מאסטר שף חרדל דיזיון צרפתי 370 גר,רמיה סי.וי.הולנד,FR,מאסטר שף מאסטר שף חר,מיליליטרים,370.00,"100 מ""ל",false,,9.30,2.5135,true,1,21425
7290105500151,false,וודקה פינלנדיה בקבוק,"אלטיה קורפ, הלסינקי,",FI,וודקה פינלנדיה 700 מ,מיליליטרים,700.00,"100 מ""ל",false,,52.10,7.4429,true,1,13394
7290105500236,false,וויסקי ג'ק דניאלס מס' 7 Brand No,ג'ק דניאלס Jack Daniel's,US,גק דניאלס וויסקי 700,מיליליטרים,700.00,"100 מ""ל",false,,85.40,12.2000,true,1,13395
7290105500953,false,"וויסקי ג'ק דניאלס דבש 700 מ""ל",ג'ק דניאל'ס,BE,ג'ק נדיאלס וויסקי דב,מיליליטרים,700.00,"100 מ""ל",false,,85.40,12.2000,true,1,13399
7290105691248,false,אסם חטיפי פריכונים טורטייה תירס 60 גרם,"פרח תעשיות מזון בע""מ.",IL,חטיפי פריכונים טורטי,גרמים,60.00,100 גרם,false,,6.50,10.8333,true,1,18650
7290105691897,false,קוסקוס עם חיטה מלאה אסם 350 גרם,"מיוצר ע""י קוד יצרן K",IL,קוסקוס עם חיטה מלאה,גרמים,350.00,100 גרם,false,,7.60,2.1714,true,1,18655
7290105693341,false,מארז עשיריית במבה אסם 25*10 גרם,"אסם השקעות בע""\מ",IL,במבה מאח.15 10*25גרם,גרמים,250.00,100 גרם,false,,12.70,5.0800,true,1,18664
7290105693457,false,עוגת הבית דמקה שוקו וניל אסם 320 גרם,מיוצר עי קונדיטוריית,IL,עוגת הבית דמקה שוקו,גרמים,320.00,100 גרם,false,,10.20,3.1875,true,1,18665
7290105693952,false,פירורית זהב אסם זהב שומשום 200 ג',מיוצר עי קונדיטוריית,IL,פירורית זהב שומשום 2,גרמים,200.00,100 גרם,false,,5.60,2.8000,true,1,18667
7290105694928,false,אבקת מרק בצל רכיבים טבעיים אסם 220 גרם,"אסם השקעות בע""\מ",IL,אבקת מרק בצל רכיבים,גרמים,220.00,100 גרם,false,,11.90,5.4091,true,1,18672
7290105695024,false,פתיתים אפויים אורז עם אטריות אסם 500 גרם,"אסם השקעות בע""\מ",IL,פתיתים אפויים אורז ע,גרמים,500.00,100 גרם,false,,5.90,1.1800,true,1,18673
7290105695321,false,עוגת הבית בראוניס פאדג' אסם 380 גרם,מיוצר עי קונדיטוריית,IL,הבית עוגות בראוניס פ,גרמים,380.00,100 גרם,false,,13.60,3.5789,true,1,18676
7290105962331,false,סחוג תימני אדום חריף מאוד זהבי הכרם 220 גרם,קריניסה ויטמין אס אי,IL,סחוג חריף מאוד זהבי,גרמים,220.00,100 גרם,false,,9.40,4.2727,true,1,23266
7290105964564,false,סלט חומוס אחלה 400גר,מיוצר עי קונדיטוריית,IL,אחלה חומוס אחלה 400ג,גרמים,400.00,100 גרם,false,,6.80,1.7000,true,1,23271
7290105965738,false,יוגורט לשתיה בטעם תות בננה267 ג' דנונה,מיוצר עי קונדיטוריית,IL,דנונה משקה תות בננה,גרמים,267.00,100 גרם,false,,4.20,1.5730,true,1,23277
7290105968098,false,"סלט קולסלאו 500 גרם ""אחלה""",שטראוס גרופ סלטים,IL,אחלה קולסלאו 500ג,גרמים,500.00,100 גרם,false,,12.70,2.5400,true,1,23283
7290105968777,false,פריכיות 5 דגנים עם תחתית שוקולד מריר 70 גרם,"טחנת האבן תעשיות בע""",IL,פריכיות תחתית שוקלד,גרמים,70.00,100 גרם,false,,6.80,9.7143,true,1,22265
7290106520066,false,"רבע לשבע שוקולד חלב במילוי אגוזים עלית 160 גרם בד""צ","הגביע מוצרי וופלים בע""\מ",IL,רבע לשבע 160 גרם,גרמים,160.00,100 גרם,false,,9.30,5.8125,true,1,22267
7290106520288,false,יוגורט פרו חלבון עם תות 2.4% שומן 150 ג' דנונה,"שטראוס בריאות בע""מ",IL,דנונה פרו תות 150 גר,גרמים,150.00,100 גרם,false,,4.20,2.8000,true,1,23286
7290106520912,false,"שמנת 9% לבישול יטבתה 250 מ""ל מהדרין",שטראוס גרופ,IL,יטבתה שמנת לבישול 9%,מיליליטרים,250.00,"100 מ""ל",false,,6.80,2.7200,true,1,23295
7290106521049,false,אחלה טעמי השוק קוביות סלק 400 גר,מיוצר עי קונדיטוריית,IL,אחלה קוביות סלק 400,גרמים,400.00,100 גרם,false,,12.70,3.1750,true,1,23297
7290106521926,false,קפה טורקי בצלופן עלית 150 גרם,שטראוס קפה בי.ויn\.,IL,קפה טורקי עלית 150 ג,גרמים,150.00,100 גרם,false,,11.10,7.4000,true,1,22275
7290106524439,false,"תפוצ'יפס פופס 60 גרם ""עלית""","שטראוס פריטו ליי בע""\מ )",IL,תפוציפס פופס 60 גרם,גרמים,60.00,100 גרם,false,,3.30,5.5000,true,1,24008
7290106528567,false,"דוריטוס גריל 185 גרם ""עלית""","שטראוס פריטו ליי בע""\מ )",IL,דוריטוס גריל 185 גר`,גרמים,185.00,100 גרם,false,,6.40,3.4595,true,1,24014
7290106528628,false,"דוריטוס טבעי 185 גרם ""עלית""","שטראוס פריטו ליי בע""\מ )",IL,דוריטוס טבעי 185 גר`,גרמים,185.00,100 גרם,false,,6.40,3.4595,true,1,24015
7290106571921,false,עוגיות פיטנס עוגיות חמוציות 180 גר',מיוצר עי קונדיטוריית,IL,פיטנס עוגיות חמוציות,גרמים,180.00,100 גרם,false,,9.80,5.4444,true,1,18694
7290106572027,false,אוסם - לחמית חמישה דגנים 190 גרם,"אסם השקעות בע""\מ",IL,לחמית חמישה דגנים אס,גרמים,190.00,100 גרם,false,,7.60,4.0000,true,1,18696
7290106572065,false,חטיפי פריכונים טורטיה חמוץ מתוק 60 גרם,"פרח תעשיות מזון בע""מ",IL,טורטיה בטעם תירס חמו,גרמים,60.00,100 גרם,false,,6.50,10.8333,true,1,18697
7290106572959,false,מארז אפרופו חטיף תירס 5 יחידות,"אסם השקעות בע""\מ",IL,אפרופו קלאסי מאח.8 5,גרמים,75.00,100 גרם,false,,11.00,14.6667,true,1,18701
7290106574120,false,שלגון שרבט סוכריות גומיגם נסטלה 90 גרם,גלידות נסטלה )נגה גלידות,IL,גומיגם 90גר.,גרמים,90.00,100 גרם,false,,5.00,5.5556,true,1,15909
7290106574793,false,עוגת הבית בטעם שוקו-שוקוצ'יפס 350 ג' אסם,מיוצר עי קונדיטוריית,IL,עוגת הבית שוקו שוקוצ,גרמים,350.00,100 גרם,false,,10.20,2.9143,true,1,18716
7290106574953,false,בייגלה שטוחים כעכים שטוחים עם שומשום,מיוצר עי קונדיטוריית,IL,אסם בייגלה שטוחים שו,גרמים,300.00,100 גרם,false,,9.30,3.1000,true,1,18717
7290106574977,false,בייגלה שטוחים כעכים שטוחים עם מלח,מיוצר עי קונדיטוריית,IL,אסם בייגלה שטוחים עם,גרמים,300.00,100 גרם,false,,9.30,3.1000,true,1,18718
7290106575011,false,פתיתים אפויים קוסקוס מחיטה מלאה אסם 400 גרם,מיוצר עי קונדיטוריית,IL,פתיתים אפויים חיטה מ,גרמים,400.00,100 גרם,false,,5.90,1.4750,true,1,18719
7290106575257,false,עוגת הבית סופלה בטעם שוקולד 340 ג' אסם,מיוצר עי קונדיטוריית,IL,עוגת הבית סופלה בטעם,גרמים,340.00,100 גרם,false,,10.20,3.0000,true,1,18721
7290106575431,false,עוגת הבית סופלה בטעם שוקוניל 340 ג' אסם,מיוצר עי קונדיטוריית,IL,עוגת הבית סופלה בטעם,גרמים,340.00,100 גרם,false,,10.20,3.0000,true,1,18725
7290106576797,false,"לה קרמריה גלידת וניל איטלקי כשל""פ 1.4ל'",תות תעשיות מזון (201,IL,לה קרמריה וניל איטלק,ליטרים,1.40,ליטר,false,,19.60,14.0000,true,1,15914
7290106576810,false,גלידה לה קרמריה ריבת חלב 1.4 ל' נסטלה,לה קרמריה- נסטלה,IL,לה קרמריה ריבת חלב 1,ליטרים,1.40,ליטר,false,,19.60,14.0000,true,1,15915
7290106576834,false,גלידה לה קרמריה פונטש בננה1.4 ל' נסטלה,תות תעשיות מזון (201,IL,גלידה קרמריה פונטש ב,ליטרים,1.40,ליטר,false,,19.60,14.0000,true,1,15916
7290106576919,false,גלידה קרמריה סורבה תות לימון 1.4 ליטר,גלידות נסטלה )נגה גלידות,IL,גלידה קרמריה סורבה ת,ליטרים,1.40,ליטר,false,,19.60,14.0000,true,1,15919
7290106576971,false,גלידה לה קרמריה שוקולד בלגי 1.4 ל' נסטלה,תות תעשיות מזון (201,IL,לה קרמריה שוקולד בלג,ליטרים,1.40,ליטר,false,,19.60,14.0000,true,1,15922
7290106576995,false,גלידה סורבה לה קרמריה תות מנגו לייט 1.4 ל' נסטלה,גלידות נסטלה )נגה גלידות,IL,לה קרמריה לייט סורבה,ליטרים,1.40,ליטר,false,,19.60,14.0000,true,1,15923
7290106577039,false,גלידה לה קרמריה שוקו וניל פליק 1.4 ל' נסטלה,תות תעשיות מזון (201,IL,לה קרמריה שוקו וניל,ליטרים,1.40,ליטר,false,,19.60,14.0000,true,1,15924
7290106578692,false,ביסלי במבה מיקס מהדורת אליפות אסם 80 גרם,פרו מן יו פתרונות אר,IL,במבה ביסלי מיקס 36*8,גרמים,80.00,100 גרם,false,,3.80,4.7500,true,1,18740
7290106578821,false,עוגת הבית שמרים קלאסית שוקולד אסם 350 גרם,מיוצר עי קונדיטוריית,IL,עוגת הבית שמרים קלאס,גרמים,350.00,100 גרם,false,,14.40,4.1143,true,1,18741
7290106652996,false,כיף כף מקלות קוקוס חלבי 40 גר',סולן בעבור שטראוס,TR,כיף כף מקלות קוקוס 4,גרמים,40.00,100 גרם,false,,4.20,10.5000,true,1,610035
7290106654099,false,מילקי CAKE עוגות אישיות במילוי קרם חלב,בובארד איטליה אס.פי.איי,IT,עוגות אישיות מילקי ק,גרמים,272.00,100 גרם,false,,17.10,6.2868,true,1,23308
7290106656734,false,"עוגיות חיוכים וניל עלית 600 גרם בד""צ",אפיפית נצרת תעשיות ב,IL,"חיוכים וניל בד""צ 600",גרמים,600.00,100 גרם,false,,14.90,2.4833,true,1,22319
7290106658479,false,עלית וופל בטעם טורטית אגוזים 360גר,"שטראוס גרופ בע""\מ",IL,עלית וופל בטעם טורטי,גרמים,40.00,100 גרם,false,,3.30,8.2500,true,1,22324
7290106663091,false,"לאבנה 9 % עם שמן זית 500 גר' ""שטראוס""",הדקלאים אגודת שיתופי,IL,שטראוס לאבנה 9% 500,גרמים,500.00,100 גרם,false,,15.30,3.0600,true,1,23334
7290106663121,false,"עוגה אישית במילוי קרם חלב ""מילקי קייק"" שטראוס",בובארד איטליה אס.פי.איי,IT,מילקי קייק עוגה בודד,גרמים,34.00,100 גרם,false,,2.50,7.3529,true,1,23335
7290106663503,false,קונפיטורה לייט תות יד מרדכי 230 גרם,אף.סי תבליני בגליל ב,IL,קונפיטורת לייט תות 2,גרמים,230.00,100 גרם,false,,10.20,4.4348,true,1,22359
7290106664555,false,"רוטב שמנת עם עגבניות 9% שומן 250 מ""ל יוטבתה",שטראוס גרופ,IL,יטבתה רוטב שמנת עם ע,מיליליטרים,250.00,"100 מ""ל",false,,8.50,3.4000,true,1,23340
7290106664562,false,רוטב שמנת עם פטריות 9% שומן 258 ג' יוטבתה,שטראוס גרופ,IL,יטבתה רוטב שמנת עם פ,גרמים,250.00,100 גרם,false,,8.50,3.4000,true,1,23341
7290106666788,false,עלית - סוכריות נוסטלגיה דבש ממולאות 80 גרם,שטראוס גרופ,PL,סוכריות נוסטלגיה דבש,גרמים,80.00,100 גרם,false,,4.20,5.2500,true,1,22377
7290106667266,false,"דוריטוס חמוץ חריף 185 גרם ""עלית""","שטראוס פריטו ליי בע""\מ )",IL,דוריטוס חמוץ חריף 18,גרמים,185.00,100 גרם,false,,6.40,3.4595,true,1,24068
7290106668577,false,"מיץ לימון טיבעי 250 מ""ל יד מרדכי",האי נאם סי או אל.טי.,IT,מיץ לימון טבעי יד מר,מיליליטרים,250.00,"100 מ""ל",false,,6.70,2.6800,true,1,22383
7290106668713,false,יוגורט עם פירות יער 3% שומן 150 ג' דנונה,מיוצר עי קונדיטוריית,IL,דנונה פירות יער3% 15,מיליליטרים,150.00,"100 מ""ל",false,,3.30,2.2000,true,1,23344
7290106720626,false,צ'יטוס קראנצ' בטעם גבינה - חלבי,"שטראוס פריטו ליי בע""\מ )",IL,ציטוס גבינה 80 גרם,גרמים,80.00,100 גרם,false,,4.20,5.2500,true,1,24071
7290106721920,false,צנצנת מסטיק מאסט בטעם ספירמינט עדין 66 ג' עלית,"שטראוס גרופ בע""\מ.",IL,מאסט צנצנת ספירמינט,גרמים,66.00,100 גרם,false,,8.50,12.8788,true,1,22411
7290106723689,false,עלי תרד בייבי שטראוס 200 גרם,שטראוס בריאות ירקות טריי,IL,שטראוס תרד בייבי 200,גרמים,200.00,100 גרם,false,,9.90,4.9500,true,1,23351
7290106725867,false,"סירופ מייפל טבעי 189 מ""ל ""יד מרדכי""",קוסלסי פוד,CA,יד מרדכי סירופ מייפל,מיליליטרים,189.00,"100 מ""ל",false,,26.40,13.9683,true,1,22446
7290106727984,false,"כיף כף פצפצים בגביע 135 גרם ""עלית""",שולן צ'\יקולטה גידה סאן.,TR,כיף כף פצפצים 135 גר,גרמים,135.00,100 גרם,false,,8.50,6.2963,true,1,22450
7290107280013,false,"חמישיית מגבונים ל.מבושם ""ליטופים""",טרופיקל דגיל קוסמטיק,IL,ליטופים מגבונים ללא,יחידה,0.00,יחידה,false,,16.20,0.0000,true,1,30327
7290107280068,false,סנו סושי תבנית אלומיניום ענק א.לארג 2 יח,סנו מפעלי ברונוס בעמ,CN,2 תבניות אלומיניום X,יחידה,0.00,יחידה,false,,8.50,0.0000,true,1,30331
7290107280075,false,סנו סושי תבנית אלומיניום לארג 4יח,סנו מפעלי ברונוס בעמ,CN,4 תבניות אלומיניום L,יחידה,0.00,יחידה,false,,8.50,0.0000,true,1,30332
7290107280082,false,מארז 7 תבניות אלומיניום מוארכות לאפייה אינגליש קייק,סנו מפעלי ברונוס בעמ,CN,7 תבניות אינגליש קיי,יחידה,0.00,יחידה,false,,8.50,0.0000,true,1,30333
7290107280112,false,נייר טואלט סופט סילק 24 גליל,Unknown,IL,סנו סופט נייר טואלט,מטרים,441.00,מטר,false,,22.20,0.0503,true,1,30336
7290107280723,false,נוזל לניקוי כלים סנו ספארק Spark בניחוח לימון רענן,סנו כימיקלים,IL,סנו ספארק נוזל לניקו,מיליליטרים,700.00,"100 מ""ל",false,,8.50,1.2143,true,1,30364
7290107280730,false,נוזל לניקוי כלים סנו ספארק Spark בניחוח לבנדר,מיוצר עי קונדיטוריית,IL,סנו ספארק נוזל לניקו,מיליליטרים,700.00,"100 מ""ל",false,,8.50,1.2143,true,1,30366
7290107280747,false,נוזל לניקוי כלים סנו ספארק Spark קלאסי,סנו כימיקלים,IL,סנו ספארק נוזל לניקו,מיליליטרים,700.00,"100 מ""ל",false,,8.50,1.2143,true,1,30367
7290107280754,false,נוזל כלים סנו ספארק Spark היפואלרגני פריחת השקד,סנו ספארק,IL,ספארק נוזל לכלים עדי,מיליליטרים,700.00,"100 מ""ל",false,,8.50,1.2143,true,1,30368
7290107280761,false,נוזל לניקוי כלים בניחוח לימון רענן סנו ספארק Spark,מיוצר עי קונדיטוריית,IL,ספארק נוזל לכלים לימ,יחידה,0.00,יחידה,false,,10.20,0.0000,true,1,30369
7290107340656,false,מטען רכב אייפון imx,,,מטען רכב אייפון,יחידה,0.00,יחידה,false,,34.20,0.0000,true,1,445317
7290107341356,false,כבל אייפון imx,,,כבל אייפון,יחידה,0.00,יחידה,false,,17.10,0.0000,true,1,419200
7290107341363,false,כבל מיקרו imx.,,,כבל מיקרו,יחידה,0.00,יחידה,false,,17.10,0.0000,true,1,445295
7290107341370,false,כבל טפייסי imx,,,כבל טייפ סי,יחידה,0.00,יחידה,false,,17.10,0.0000,true,1,445296
7290107646062,false,אבקת מרק בצל רכיבים טבעיים קנור 400 ג',יוניליוור ישראל מזון בע\,IL,מרק בצל רכיבים טבעיי,גרמים,400.00,100 גרם,false,,17.00,4.2500,true,1,10615
7290107646154,false,"חטיף קוקומן פצפוצים תלמה 126 גרם מארז 6 יחידות בד""צ",יוניליוור ישראל מזון בעמ,IL,חטיף קוקומן פצפוצים,גרמים,126.00,100 גרם,false,,11.10,8.8095,true,1,10617
7290107646918,false,רוטב עגבניות ופלפלים לשקשוקה 415 ג' קנור,קונסורזיו קאסאלאסקו דל פ,IT,קנור רוטב שקשוקה עגב,מיליליטרים,415.00,"100 מ""ל",false,,11.00,2.6506,true,1,10647
7290107870047,false,טילון אקסטרים115-120 גרם ענק נסטלה 120 גרם,תות תעשיות מזון (201,IL,אקסטרים מטבע ענק ברא,גרמים,115.00,100 גרם,false,,8.50,7.3913,true,1,15927
7290107871990,false,"פסטה צינורות 500 גרם ""אסם""",פסטה זארה,IT,פסטה צינורות אסם 500,גרמים,500.00,100 גרם,false,,5.00,1.0000,true,1,18767
7290107874502,false,ביסלי גריל קדמ. מארז אחיד 10 4*55 גרם,מיוצר עי קונדיטוריית,IL,ביסלי גריל 4*55 גרם,גרמים,220.00,100 גרם,false,,11.00,5.0000,true,1,18789
7290107875004,false,פופקורן חמאה ודבש מארז12*20גר',אסם,IL,פופקו חמאה ודבש מארז,גרמים,240.00,100 גרם,false,,16.20,6.7500,true,1,18794
7290107875271,false,ביסלי ברביקיו קדמ. מארז אחיד10 4*55 גרם,"אסם השקעות בע""\מ",IL,ביסלי ברבקיו מארז 4*,גרמים,220.00,100 גרם,false,,11.00,5.0000,true,1,18800
7290107875820,false,קרוטונים אפויים בתיבול ביתי אוסם 180 ג',עינת תעשיות מזון,IL,קרוטונים אפויים בתיב,גרמים,180.00,100 גרם,false,,9.40,5.2222,true,1,18805
7290107876889,false,אוסם - במבה במילוי קרם נוגט 45 גרם,"אסם השקעות בע""מ",IL,במבה במילוי קרם נוגט,גרמים,45.00,100 גרם,false,,3.80,8.4444,true,1,18826
7290107877619,false,מארז במבה במילוי קרם נוגט 5*30ג' אסם,"אסם השקעות בע""\מ",IL,במבה במילוי קרם נוגט,גרמים,150.00,100 גרם,false,,11.90,7.9333,true,1,18835
7290107879521,false,קרחוני לה פרוטה La Frutta תות שדה - 5 יח',גלידות נסטלה )נגה גלידות,IL,לה פרוטה תות 5 יח,גרמים,350.00,100 גרם,false,,20.40,5.8286,true,1,15957
7290107879569,false,קרחון לה פרוטה שרבט מנגו מאגדת 5יח',גלידות נסטלה )נגה גלידות,IL,לה פרוטה מנגו 5 יח,גרמים,350.00,100 גרם,false,,20.40,5.8286,true,1,15958
7290107879620,false,שלגון לה פרוטה מלון תפוח נסטלה 70ג',גלידות נסטלה )נגה גלידות,IL,לה פרוטה תפוח מלון,יחידה,0.00,יחידה,false,,5.00,0.0000,true,1,15960
7290107931397,false,כיף כף פצפוצים במילוי שוקולד 40 גרם,שולן צ'\יקולטה גידה סאן.,TR,כיף כף פצפצים 40גר`,גרמים,40.00,100 גרם,false,,4.20,10.5000,true,1,22475
7290107932080,false,חלב מועשר יוטבתה בבקבוק 3% 1 ליטר,מחלבת יטבתה,IL,יטבתה חלב בבקבוק 3%,ליטרים,1.00,ליטר,false,,6.60,6.6000,true,1,23389
7290107932134,false,חלב מועשר יוטבתה בבקבוק 1% 1 ליטר,מחלבת יטבתה,IL,יטבתה חלב בבקבוק 1%,ליטרים,1.00,ליטר,false,,6.60,6.6000,true,1,23391
7290107933155,false,לקט סלנובה שטראוס 200 גרם,שטראוס בריאות ירקות טריי,IL,לקט סלנובה 200 גרם,גרמים,200.00,100 גרם,false,,12.90,6.4500,true,1,23392
7290107933193,false,שטראוס סלק מבושל בוו,לס לגוסודה סנצונוניו,IL,שטראוס סלק מבושל בוו,גרמים,500.00,100 גרם,false,,6.80,1.3600,true,1,23393
7290107936309,false,דנונה יוגורט 7% יווני לבן 130 ג',"שטראוס בריאות בע""מ",IL,דנונה יווני לבן 130,גרמים,130.00,100 גרם,false,,2.90,2.2308,true,1,23412
7290107936958,false,עד חצות ביסקוויט אצבעות שוקולד 125 גרם,ביסקוויטס טור ד'\אלבון,FR,עד חצות אצבעות 125 ג,גרמים,125.00,100 גרם,false,,9.30,7.4400,true,1,22512
7290107936965,false,עיגולים עד חצות עם שוקולד חלב 225 גר,ביסקווטרי עוגיות סנט,FR,עד חצות עיגולים 225,גרמים,125.00,100 גרם,false,,11.00,8.8000,true,1,22513
7290107937542,false,משקה יוגורט אקטיביה עם תות 1.2% שומן,מיוצר עי קונדיטוריית,IL,משקה אקטיביה תות 1.2,מיליליטרים,265.00,"100 מ""ל",false,,4.20,1.5849,true,1,23417
7290107937627,false,מסטיק מאסט Must קוביות ללא סוכר בטעם מנטה עדינה,אסקום קונפקשיין,DE,צנצנת קוביות ספירמינ,גרמים,58.00,100 גרם,false,,8.50,14.6552,true,1,22523
7290107937856,false,קפסולות 11חזק למכונות נספרסו עלית 10יח',הנסיך- מפעל לייצור ט,IL,עלית קפסולות בטעם נס,גרמים,50.00,100 גרם,false,,14.40,28.8000,true,1,22528
7290107938396,false,שמיניית אקטימל תות דיסני בנים 108 גרם,מיוצר עי קונדיטוריית,IL,דנונה Actimel בנים ב,גרמים,864.00,100 גרם,false,,17.90,2.0718,true,1,23423
7290107940030,false,חומוס אחלה 650 גרם,שטראוס גרופ,IL,חומוס אחלה 650 גר,גרמים,650.00,100 גרם,false,,7.70,1.1846,true,1,23440
7290107943192,false,"שמנת חמוצה מהערבה 27% שומן 200 מ""ל יטבתה",מחלבת יטבתה,IL,יטבתה שמנת 27% 200מ,מיליליטרים,200.00,"100 מ""ל",false,,3.30,1.6500,true,1,23484
7290107944243,false,אפיפיות בטעם שוקולד 200 גרם כשר לפסח,"שטראוס גרופ בע""\מ",IL,"אפיפית ללא גלוטן בד""",גרמים,200.00,100 גרם,false,,5.90,2.9500,true,1,22580
7290107944472,false,סימפוניה גבינה במרקם שמנת 5% שום שמיר,"שטראוס בריאות בע""\מ",IL,סימפוניה 5% שום שמיר,גרמים,200.00,100 גרם,false,,9.80,4.9000,true,1,23491
7290107945165,false,קונפיטורת משמש יד מרדכי 340 גרם,אף.סי תבליני בגליל ב,IL,יד מרדכי קונפיטורת מ,גרמים,340.00,100 גרם,false,,10.20,3.0000,true,1,22596
7290107950190,false,מעדן חלב דל קלוריות בטעם שוקולד מריר 0.5% שומן,מיוצר עי קונדיטוריית,IL,מעדן דיאט שוקולד מרי,גרמים,130.00,100 גרם,false,,3.00,2.3077,true,1,23551
7290107950206,false,מעדן חלב דל קלוריות בטעם שוקולד 0% שומן,מיוצר עי קונדיטוריית,IL,מעדן דיאט שוקולד % 0,גרמים,130.00,100 גרם,false,,3.00,2.3077,true,1,23552
7290107951104,false,בפלות ופלים ארוכים בטעם שוקולד,"שטראוס גרופ בע""\מ",IL,בפלות 200 גרם שוקולד,גרמים,200.00,100 גרם,false,,3.30,1.6500,true,1,22632
7290107951715,false,צנצנת מסטיק מאסט קוביות בטעם ענבים 58 ג' עלית,אסקום קונפקשיין,IL,מאסט צנצנת קוביות ענ,גרמים,58.00,100 גרם,false,,8.50,14.6552,true,1,22648
7290107953559,false,"מארז קפה טורקי עלית לדרך כשל""פ 168 גרם",הנסיך- מפעל לייצור ט,IL,קפה טורקי לדרך 168 ג,גרמים,168.00,100 גרם,false,,15.30,9.1071,true,1,22659
7290107954709,false,"קונפיטורת פירות יער ""יד מרדכי"" 340 גר'","ב.א. מזון בע""\מ",IL,יד מרדכי קונפיטורת פ,גרמים,340.00,100 גרם,false,,10.20,3.0000,true,1,22680
7290107954976,false,"משקה יטבתה חלבון פרו קפה 350מ""ל",מחלבת יטבתה,DE,משקה פרו בטעם קפה יט,מיליליטרים,350.00,"100 מ""ל",false,,5.90,1.6857,true,1,23618
7290107956925,false,קפסולות 13 אוגנדה למכונת נספרסו עלית 10יח',שטראוס קפה בי.וי.,IL,עלית קפסולות אוגנדה,גרמים,50.00,100 גרם,false,,14.40,28.8000,true,1,22723
7290107956932,false,קפסולות אספרסו אידונזיה למכונות 50 גר,שטראוס קפה בי.וי.,IL,עלית קפסולות אידונזי,גרמים,50.00,100 גרם,false,,14.40,28.8000,true,1,22724
7290107957991,false,מילקי CAKE מיניס קרם חלב בציפוי שוקולד חלב שקית 16X9ג',בובארד איטליה אס.פי.איי,IT,"מילקי מייניס 9*16 מ""",גרמים,144.00,100 גרם,false,,11.90,8.2639,true,1,23651
7290107958035,false,יוגורט במתיקות מעודנת 2% ללא תוספת סוכר- מארז 8 יח,"שטראוס בריאות בע""\מ",IL,8 דנונה מתיקות מעודנ,קילוגרמים,1.20,"ק""ג",false,,15.80,13.1667,true,1,23652
7290107958639,false,"מטבוחה מרוקאית חריפה 400 גרם ""אחלה""",מיוצר עי קונדיטוריית,IL,אחלה מטבוחה מרוקאית,גרמים,400.00,100 גרם,false,,12.70,3.1750,true,1,23658
7290107971744,false,"קולגייט - מי פה טוטל ירוק ספרמינט 500 מ""ל",יבואן ומשווק: ש. שסט,PL,קולגייט מי פה טוטל י,מיליליטרים,500.00,"100 מ""ל",false,,26.40,5.2800,true,1,21455
7290107971751,false,מי פה קולגייט טוטל ללא אלכוהול פפרמינט,יבואן ומשווק: ש. שסט,PL,קולגייט מי פה טוטל כ,מיליליטרים,500.00,"100 מ""ל",false,,26.40,5.2800,true,1,21456
7290107973809,false,שימורי עגבניות קוביות 400 ג' מאסטר שף,פראנו אריקו ופיגלי ס.פ.א,IT,קוביות עגבניות מאסטר,גרמים,400.00,100 גרם,false,,4.20,1.0500,true,1,21474
7290107973861,false,מאסטר שף עגבניות קצוצות דק שלישיה 400ג*3 כשלפ,קונסרזיו קאסאלאסקו ד,IT,עגבניות קצוצות דק מא,קילוגרמים,1.20,"ק""ג",false,,13.60,11.3333,true,1,21475
7290107974073,false,מנה עלי טורטיה קמח לבן מ.שף 20 סמ 320 גר,אלקאטי קורביישיסי גי,ES,עלי טורטיה קמח לבן מ,גרמים,320.00,100 גרם,false,,8.50,2.6563,true,1,21481
7290107974806,false,"מאסטר שף - אורז בסמטי 1 ק""ג",דווה סינג שיהם סינג,IN,אורז בסמטי מאסטר שף,קילוגרמים,1.00,"ק""ג",false,,9.40,9.4000,true,1,21490
7290107974813,false,"אורז יסמין 1 ק""ג מאסטר שף",טאומי אינטרפרייד,TH,אורז יסמין מאסטר שף,קילוגרמים,1.00,"ק""ג",false,,8.47,8.4700,true,1,21491
7290107974820,false,ממרח בטעם ספייסי מיונז מאסטר שף 250 גרם,רמיה סי.וי.הולנד,NL,מאסטר שף ממרח מתובל,גרמים,252.00,100 גרם,false,,6.80,2.6984,true,1,21492
7290107975544,false,"קולגייט משחת שיניים סמיילס ברבי לגילאי 6 50מ""ל",קולגייט- פלמוליב,PL,קולגייט מ.שיניים סמי,מיליליטרים,50.00,"100 מ""ל",false,,10.20,20.4000,true,1,21503
7290107978330,false,מאסטר שף איטריות דקות 400 גרם,הדקלאים אגודת שיתופי,PL,איטריות דקות מאסטר ש,גרמים,400.00,100 גרם,false,,5.10,1.2750,true,1,21530
7290107978460,false,חטיף בטעם פלאפל קראנ,מנה,IL,קראנצו'ס פלאפל 55 גר,גרמים,55.00,100 גרם,false,,3.30,6.0000,true,1,21535
7290107979184,false,"תבניות אלומיניום פלוס נייר אפייה 32/26 ס""מ L",HAI PLASTIC,CN,קוקי תבנית אלומניום,יחידה,0.00,יחידה,false,,10.20,0.0000,true,1,21544
7290108070316,false,שקית 50בלונים פסטל מעורב,,IL,שקית 50 פסטל,יחידה,0.00,יחידה,false,,10.20,0.0000,true,1,32864
7290108071108,false,בוקט סוכריות על מקל 10 יח-סמי הכבאי 1/40,,,בוקט סוכריות על מקל,יח',10.00,יח',false,,10.20,1.0200,true,1,32896
7290108201864,false,קולון קפסולות גל לכביסה 28 יחידות,רקיט בנקיזר,IT,קולון קפסולות לכביסה,יחידה,0.00,יחידה,false,,21.30,0.0000,true,1,20776
7290108350258,false,נייר טואלט סנו סופט מוגדל סנו 12 יחידות,מפעלי ברונוס בעמ,IL,סופט נייר טואלט גליל,מטרים,180.00,מטר,false,,36.70,0.2039,true,1,30386
7290108350531,false,סנו ספארק נוזל כלים בניחוח קלאסי עם משאבה 1 ל',מיוצר עי קונדיטוריית,IL,סנו ספארק משאבה בניח,ליטרים,1.00,ליטר,false,,10.20,10.2000,true,1,30392
7290108350555,false,נוזל כלים סנו ספארק Spark היפואלרגני פריחת השקד,סנו ספארק,IL,סנו ספארק משאבה בניח,ליטרים,1.00,ליטר,false,,10.20,10.2000,true,1,30394
7290108350586,false,נוזל לניקוי כלים סנו ספארק Spark בניחוח לימון רענן,"סנו מפעלי ברונוס בע""\מ",IL,ספארק נוזל כלים בניח,ליטרים,1.50,ליטר,false,,12.70,8.4667,true,1,30396
7290108350616,false,סנו - מקסימה מרכך כביסה מרוכז פריחה כחולה 1 ליטר,"סנו מפעלי ברונוס בע""\מ",IL,מרכך כביסה מקסימה סו,יחידה,0.00,יחידה,false,,16.20,0.0000,true,1,30399
7290108350623,false,מרכך כביסה סופר מרוכז סופט סילק מקסימה 1 ל' סנו,"סנו מפעלי ברונוס בע""\מ",IL,מרכך כביסה מקסימה סו,יחידה,0.00,יחידה,false,,16.20,0.0000,true,1,30400
7290108351118,false,"סנו K-4000 קוטל מעופפים 750 מ""ל",סנו מפעלי ברונוס בעמ,IL,K4000,מיליליטרים,750.00,"100 מ""ל",false,,26.40,3.5200,true,1,30429
7290108351149,false,ג'ל ניקוי כללי בתוספת אבקת סודה ריח כביסה סנו ג'ט 1.5 ליטר,"סנו מפעלי ברונוס בע""\מ",IL,סנו ג`ט פלוס לניקוי,יחידה,0.00,יחידה,false,,11.00,0.0000,true,1,30431
7290108351156,false,ג'ל ניקוי כללי בתוספת חומץ בריח לבנדר סנו ג'ט 1.5 ליטר,"סנו מפעלי ברונוס בע""\מ",IL,סנו ג`ט פלוס לניקוי,יחידה,0.00,יחידה,false,,11.00,0.0000,true,1,30432
7290108351507,false,מרכך כביסה אינספרישיין סנו מקסימה 4 ליטר,סנו מקסימה,IL,מרכך כביסה סנו מקסימ,ליטרים,4.00,ליטר,false,,19.60,4.9000,true,1,30434
7290108351514,false,מרכך כביסה בלו בלוסום סנו מקסימה 4 ליטר,סנו מקסימה,IL,מרכך כביסה סנו מקסימ,ליטרים,4.00,ליטר,false,,19.60,4.9000,true,1,30435
7290108351521,false,גל כביסה סנו מקסימ בניחוח מאסק 5 ל,סנו מקסימה,IL,סנו מקסימה ג`ל כביסה,ליטרים,5.00,ליטר,false,,40.90,8.1800,true,1,30436
7290108351538,false,סנופרש הום מבשם לבית בניחוח מרכך כביסה ב,סנו מפעלי ברונוס בעמn,IL,סנו פרש הום -מבשם יב,מיליליטרים,200.00,"100 מ""ל",false,,10.20,5.1000,true,1,30437
7290108351552,false,"סנו - ג'ט לניקוי כללי בתוספת חומץ בניחוח לבנדר 750 מ""ל","סנו מפעלי ברונוס בע""\מ",IL,סנו ג'ט מתז חומץ 750,מיליליטרים,750.00,"100 מ""ל",false,,11.00,1.4667,true,1,30439
7290108351583,false,"סנו - ג'ט פלוס חומץ ג'ל לניקוי אסלות לבנדר 750 מ""ל",טרופיקל דגיל תעשיות,IL,סנו ג'ט+לניקוי אסלות,מיליליטרים,750.00,"100 מ""ל",false,,10.20,1.3600,true,1,30441
7290108351590,false,"סנופרש הום בלו בלוסון בניחוח מרכך כביסה 350 מ""ל",סנו פרש Fresh,IL,סנו פרש BLUE BLOSSOM,מיליליטרים,350.00,"100 מ""ל",false,,10.20,2.9143,true,1,30442
7290108351613,false,סנו ריצפז פרש הום 2 ליטר בניחוח מלון חלומי,"סנו מפעלי ברונוס בע""\מ",IL,ריצפז פרש הום מלון ח,ליטרים,2.00,ליטר,false,,18.70,9.3500,true,1,30444
7290108351682,false,גל כביסה סנו מקסימה ביו קולד ווטר 5 ל,"סנו מפעלי ברונוס בע""\מ",IL,ג'ל כביסה סנו מקסימה,ליטרים,5.00,ליטר,false,,40.90,8.1800,true,1,30451
7290108351699,false,סנו - ג'ט מטליות לחות לניקוי כללי בתוספת חומץ לבנדר שלישיה,סנו מפעלי ברונוס על,IL,מגבונים ג'ט+חומץ מאר,יחידה,0.00,יחידה,false,,16.20,0.0000,true,1,30452
7290108351804,false,מרכך כביסה סופר מרוכז Gentl Breeze סנו מקסימה 1 ליטר,מיוצר עי קונדיטוריית,IL,סנו מקסימה מרכך כביס,יחידה,0.00,יחידה,false,,16.20,0.0000,true,1,30458
7290108351811,false,מרכך כביסה סופר מרוכז Floral touch סנו מקסימה 1 ליטר,מיוצר עי קונדיטוריית,IL,סנו מקסימה מרכך כביס,יחידה,0.00,יחידה,false,,16.20,0.0000,true,1,30459
7290108351835,false,מרכך כביסה Pure Sensation סנו מקסימה 4 ליטר,מיוצר עי קונדיטוריית,IL,מרכך כביסה סנו מקסימ,ליטרים,4.00,ליטר,false,,19.60,4.9000,true,1,30460
7290108352207,false,מקסימה 40 קפסולות לכביסה בניחוח fresh burst,"גליל כימיקלים, א.ת. צפונ",IL,קפס' כביסה בניחוח פל,גרמים,840.00,100 גרם,false,,30.70,3.6548,true,1,66291
7290108352337,false,"סנו - פרש מילוי למטהר אוויר מלון מפנק 250 מ""ל",מיוצר עי קונדיטוריית,IL,סנו פרש הום אוטומטיק,גרמים,250.00,100 גרם,false,,11.90,4.7600,true,1,69766
7290108352399,false,ריצפז פרש הום בניחוח מרכך כביסה פלורל טאצ',"סנו מפעלי ברונוס בע""\מ",IL,ריצפז פרש הום פלורל,ליטרים,2.00,ליטר,false,,18.70,9.3500,true,1,316061
7290108352443,false,סנובון מוצק לניקוי אסלה כחול סנו 3 יחידות,סנו מפעלי ברונוס בעמ,IL,סנובון מוצק שלישיה כ,גרמים,165.00,100 גרם,false,,14.40,8.7273,true,1,92136
7290108352535,false,סנו - מקסימה דפי בישום לחים למייבש הכביסה בניחוח מרכך כביסה,טרופיגל דגיל תעשיות קוסמ,IL,דפי בישום לחים למייב,יחידה,0.00,יחידה,false,,11.00,0.0000,true,1,232361
7290108352566,false,מרכך כביסה בבישום עוצמתי 4 ל' סנו מקסינה,"סנו מפעלי ברונוס בע""\מ",IL,מרכך JOY בבישום עוצמ,ליטרים,4.00,ליטר,false,,19.60,4.9000,true,1,232240
7290108352573,false,מרכך כביסה סנו מקסימה בבישום עוצמתי 4 ליטר,"סנו מפעלי ברונוס בע""\מ",IL,מרכך כביסה CALM בבי,ליטרים,4.00,ליטר,false,,19.60,4.9000,true,1,402494
7290108352641,false,סנו סושי מטלית הפלא לניקוי כללי במארז שלישייה,סנו מפעלי ברונוס.,IL,סנו סושי מטלית הפלא,יחידה,0.00,יחידה,false,,12.70,0.0000,true,1,30481
7290108352689,false,כריות קרצוף ללכלוך קשה סנו סושי 9 יחידות,טרופיקל דגיל תעשיות,US,כריות קרצוף ללכלוך ק,יחידה,0.00,יחידה,false,,8.50,0.0000,true,1,30485
7290108352702,false,סנו סופט שלישיית מגבוני טואלט נשטפים בוב ספוג 48 יחידות,סנו סופט Soft,IL,שלישיית מגבוני טואלט,יחידה,0.00,יחידה,false,,13.60,0.0000,true,1,30487
7290108352795,false,סנו סושי שקיות M זיפר 50 יחידות,פיין ונטג,CN,סנו סושי שקיות זיפר,יחידה,0.00,יחידה,false,,11.00,0.0000,true,1,30490
7290108352801,false,"שקיות אשפה לפחים קטנים 45 * 56 ס""מ סנו סושי 100 יחידות","סנו מפעלי ברונוס בע""מ",IL,סנו סושי 100 שקיות א,יח',100.00,יח',false,,17.00,0.1700,true,1,30491
7290108352825,false,ספוג הפלא נירוסטה סנו סושי 3יח',ltdn s.k.a.tסנו מפעלי בר,CN,סנו סושי-ספוג הפלא נ,יח',3.00,יח',false,,8.50,2.8333,true,1,30493
7290108352863,false,סנו סושי שקיות צלייה 20יח' מידה L,סנו מפעלי ברונוס בעמ . ח,TR,סנו סושי-20 שקיות צל,יחידה,0.00,יחידה,false,,6.80,0.0000,true,1,30496
7290108352894,false,סנו סושי מפת שולחן חגיגית,שואוגאנג,CN,סנוסושי מפת שולחן חג,יחידה,0.00,יחידה,false,,6.80,0.0000,true,1,30499
7290108353020,false,4 תבנית אפייה מנייר מלבנית גדולה סנו,מיוצר עי קונדיטוריית,CN,סנו-סושי-4 תבניות אפ,יחידה,0.00,יחידה,false,,11.10,0.0000,true,1,30512
7290108353068,false,ספוג הפלא נירוסטה עם סיבי קירצוף סנו סושי 2 יח',מיוצר עי קונדיטוריית,CN,סנו סושי-כרית קרצוף,יח',3.00,יח',false,,8.50,2.8333,true,1,30516
7290108353075,false,מפיות אירוח גדולות ועבות סנו סושי 50 יחידות,האנק טישו,PL,סנו סושי 50 מפיות אי,יחידה,0.00,יחידה,false,,9.30,0.0000,true,1,30517
7290108353082,false,ממחטות אף בקופסה 2 שכבות סנו סופט 120 דף,מיוצר עי קונדיטוריית,IL,סנו סופט 120 ממחטות,יחידה,0.00,יחידה,false,,8.50,0.0000,true,1,30518
7290108353334,false,"שמפו למניעת קשקשים עם שמן עץ התה ואסאי 700 מ""ל כיף",קוסמופארם בעמ,IL,שמפו למניעת קשקשים ע,מיליליטרים,700.00,"100 מ""ל",false,,10.20,1.4571,true,1,30520
7290108353495,false,אורביטול - חוט דנטאלי 50 מטר בתוספת שעווה ופלואוריד,אורביטול,IL,חוט דנטלי אורביטול,יחידה,0.00,יחידה,false,,9.40,0.0000,true,1,517297
7290108353525,false,סנו סושי - תבניות אלומיניום עם ידיות אחיזה,קריניסה ויטמין אס אי,CN,סנו סושי 4 תבניות אל,יחידה,0.00,יחידה,false,,11.10,0.0000,true,1,30531
7290108353532,false,"שקיות אשפה חזקות עם שרוך לארג' 54 * 65 ס""מ סנו סושי 100 יחידות",סנו סושי,IL,שקיות אשפה בגליל סנו,יחידה,0.00,יחידה,false,,26.40,0.0000,true,1,30532
7290108353556,false,נייר טואלט סנו סופט שלוש שכבות 32 גלילים,טרופיקל דגיל תעשיות,IL,נייר טואלט סנו סופט,יחידה,0.00,יחידה,false,,38.40,0.0000,true,1,67387
7290108353655,false,"סנו סושי - 50 מפיות אירוח איכותיות גדולות ועבות 3 שכבות לבנות """,האנק טישו,PL,סנו סושי 50 מפיות אי,יחידה,0.00,יחידה,false,,9.30,0.0000,true,1,30534
7290108353662,false,"סנו סושי מפת שולחן מוטבעת 120*270 ס""מ",שואוגאנג,CN,סנוסושי מפת שולחן מו,יחידה,0.00,יחידה,false,,9.40,0.0000,true,1,515286
7290108353815,false,"תחליב רחצה מדיטציה, בניחוח פצ'ולי לבנדר 600 מ""ל קרימה","קוסמופארם בע""\מ",IL,קרמה תחליב רחצה ספא,מיליליטרים,600.00,"100 מ""ל",false,,16.20,2.7000,true,1,568826
7290108353891,false,"קרמה - דאודורנט רול און לאישה קרמה מאסק 75 מ""ל","קוסמופארם בע""\מ",IL,דאודורנט רול און מאס,מיליליטרים,75.00,"100 מ""ל",false,,11.00,14.6667,true,1,87769
7290108353969,false,"קרמה - דאודורנט ספריי לאישה קרמה מאסק 150 מ""ל",מיוצר עי : אמיליה קוסמטי,IL,דאודורנט ספריי ReFre,מיליליטרים,150.00,"100 מ""ל",false,,11.00,7.3333,true,1,214699
7290108354270,false,מרכך כביסה מרוכז בבישום עוצמתי 1 ל' סנו מקסימה,מיוצר עי קונדיטוריית,IL,מרכך בבישום עוצמתי מ,ליטרים,1.00,ליטר,false,,16.20,16.2000,true,1,232199
7290108354355,false,סנו מגבוני היגיינים לניקוי הידיים 70 % אלכוהול 20 יח',דן - מור חומרי טבע וכימי,IL,סנו מדיק מגבונים לני,יחידה,0.00,יחידה,false,,8.50,0.0000,true,1,79326
7290108354416,false,"תחליב רחצה יוגה בניחוח ברגמוט+ משאבה 600 מ""ל","קוסמופארם בע""\מ",IL,קרמה תחליב רחצה ספא,מיליליטרים,600.00,"100 מ""ל",false,,16.20,2.7000,true,1,568827
7290108354829,false,"קרם ידיים קרמה ורד וניל 100 מ""ל מ""ל",קוסמופארם,IL,קרם ידיים קרמה ורד ו,מיליליטרים,100.00,"100 מ""ל",false,,8.50,8.5000,true,1,92137
7290108354836,false,קרם ידיים מרוכז לידיים יבשות מאוד בבישום עדין,קוסמופארם,IL,קרם ידיים קרמה מרוכז,מיליליטרים,50.00,"100 מ""ל",false,,12.70,25.4000,true,1,98847
7290108354911,false,"שמפו, ג'ל רחצה וגילוח מועשר בתמצית אלוורה",טרופיקל דגיל תעשיות,IL,שמפו ג'ל רחצה וגילו,מיליליטרים,700.00,"100 מ""ל",false,,16.20,2.3143,true,1,63645
7290108354973,false,"סבון ידיים קרמה ורד ווניל 300 מ""ל",טרופיקל דגיל תעשיות,IL,סבון ידיים קרמה ורד,מיליליטרים,300.00,"100 מ""ל",false,,8.50,2.8333,true,1,87756
7290108355031,false,"נקה 7 אל סבון לילדים מיניונים 750 מ""ל",קוסמופארם בע'\'\מ,IL,אל סבון מיניונים נקה,מיליליטרים,750.00,"100 מ""ל",false,,10.20,1.3600,true,1,30544
7290108355147,false,"תחליב רחצה שמני הזנה נקה 7 750 מ""ל",טרופיקל דגיל תעשיות קוסמ,IL,תחליב רחצה שמני הזנה,מיליליטרים,750.00,"100 מ""ל",false,,10.20,1.3600,true,1,30553
7290108355734,false,"קרליין קרם גוף מבושם KISS STOLEN שפופרת 250 מ""ל",החברה הדרומית,IL,קרם גוף מבושם סטולן,מיליליטרים,250.00,"100 מ""ל",false,,21.30,8.5200,true,1,70950
7290108355802,false,"תחליב רחצה קרמה ורד ווניל 700 מ""ל",גוד פוד פרודקטס S.p,IL,קרמה תחליב רחצה ורד,מיליליטרים,700.00,"100 מ""ל",false,,14.40,2.0571,true,1,86084
7290108356113,false,"כיף תחליב רחצה דבש 700 מ""ל-מרכז",קוסמופארם בעמ,IL,תחליב רחצה דבש כיף 7,מיליליטרים,700.00,"100 מ""ל",false,,10.20,1.4571,true,1,30591
7290108356120,false,"תחליב רחצה כיף קוקוס וניל 700 מ""ל",קוסמופארם,IL,תחליב רחצה קוקוס וני,מיליליטרים,700.00,"100 מ""ל",false,,10.20,1.4571,true,1,30592
7290108356137,false,"כיף - תחליב רחצה לבנדר 700 מ""ל",קוסמופארם,IL,תחליב רחצה לבנדר כיף,מיליליטרים,700.00,"100 מ""ל",false,,10.20,1.4571,true,1,30593
7290108356274,false,"כיף - מוס רחצה בניחוח תותים ושמנת 150 מ""ל",החברה הדרומית,IL,מוס רחצה בניחוח תותי,מיליליטרים,200.00,"100 מ""ל",false,,11.00,5.5000,true,1,232094
7290108356298,false,"כיף - מוס רחצה בניחוח קרם עוגיות 150 מ""ל",קוסטר אירוסול,IL,מוס רחצה בניחוח קרם,מיליליטרים,200.00,"100 מ""ל",false,,11.00,5.5000,true,1,232080
7290108356489,false,"כיף - תחליב רחצה אפרסק וחמאת מורומורו 700 מ""ל",קוסמופארם בעמ,IL,תחליב רחצה אפרסק וחמ,מיליליטרים,700.00,"100 מ""ל",false,,10.20,1.4571,true,1,404735
7290108356519,false,קרליין שמפו 10למניעת קשקשים 700מל,"קוסמופארם בע""\מ",IL,שמפו לשיער בתוספת שמ,מיליליטרים,700.00,"100 מ""ל",false,,11.90,1.7000,true,1,316789
7290108356526,false,"קרליין - שמפו 10 לשיער יבש 700 מ""ל","קוסמופארם בע""\מ",IL,שמפו לשיער יבש קרליי,מיליליטרים,700.00,"100 מ""ל",false,,11.90,1.7000,true,1,316816
7290108356557,false,"שמפו 10 לשיער למניעת קשקשים 700 מ""ל קרליין","קוסמופארם בע""\מ",IL,שמפו למניעת קשקשים ק,מיליליטרים,700.00,"100 מ""ל",false,,11.90,1.7000,true,1,316858
7290108356564,false,"קרליין - מרכך 10 לשיער רגיל 700 מ""ל","קוסמופארם בע""\מn\",IL,מרכך לשיער רגיל קרלי,מיליליטרים,700.00,"100 מ""ל",false,,11.90,1.7000,true,1,316872
7290108356571,false,"קרליין - מרכך 10 לשיער יבש 700 מ""ל","קוסמופארם בע""\מ",IL,מרכך לשיער יבש קרליי,מיליליטרים,700.00,"100 מ""ל",false,,11.90,1.7000,true,1,316899
7290108356588,false,קרוליין 10 מרכך לשיער מתולתל 700 מל,"קוסמופארם בע""\מ",IL,מרכך לשיער מתולתל קר,מיליליטרים,700.00,"100 מ""ל",false,,11.90,1.7000,true,1,316900
7290108356816,false,"סבון בוטני גרניום ופטצ'ולי לניקוי וטיפוח הידיים, טבעוני 1 ל' כיף",קוסמופארם בע'\'\מ,IL,סבון בוטני גרניום לנ,ליטרים,1.00,ליטר,false,,13.60,13.6000,true,1,564761
7290108357097,false,"קרליין - נושם ביו דאודורנט ספריי 150 מ""ל Velvet Rose לאישה",קוסטר אירוסול,IL,דיאודורנט ספריי בניח,מיליליטרים,150.00,"100 מ""ל",false,,11.00,7.3333,true,1,404914
7290108357226,false,"אוקסיגן POWER אבקה לכביסה לבנה והסרת כתמים 1.4 ק""ג סנו",החברה הדרומית,IL,אוקסיג'ן אבקה להסרת,קילוגרמים,1.40,"ק""ג",false,,25.60,18.2857,true,1,364020
7290108357240,false,"אוקסיג'ן פאוור תוסף להסרת כתמים קשים 1.4 ק""ג",החברה הדרומית,IL,אוקסיג'ן אבקה תוסף ל,קילוגרמים,1.40,"ק""ג",false,,25.60,18.2857,true,1,364021
7290108357271,false,סנובון ג'ל לניקוי אסלות עם חמצן פעיל לניקוי עוצמתי,סנו מפעלי ברונוס בעמ,IL,סנובון ג'ל לניקוי אס,מיליליטרים,750.00,"100 מ""ל",false,,10.20,1.3600,true,1,517176
7290108357288,false,אקונומיקה ז'אוול בניחוח פריחה לבנה 4 ל' סנו,סנו ז'אוול Javel,IL,סנו ז'אוול בניחוח פר,ליטרים,4.00,ליטר,false,,14.40,3.6000,true,1,368941
7290108357295,false,"מרסס אוקסיג'ן מסיר כתמים סנו לכביסה לבנה 750 מ""ל","סנו מפעלי ברונוס בע""\מ",IL,מרסס אוקסיג'ן מסיר כ,מיליליטרים,750.00,"100 מ""ל",false,,15.30,2.0400,true,1,517162
7290108357417,false,"קרמה - קרם גוף קרמה ורד ווניל 500 מ""ל",טרופיקל דגיל תעשיות,IL,קרם גוף קרמה ורד וונ,מיליליטרים,500.00,"100 מ""ל",false,,21.30,4.2600,true,1,96930
7290108357516,false,"קרמה - סבון ידיים וניל ופלפל ורוד 500 מ""ל",קרמה,IL,סבון ידיים וניל ופלפ,מיליליטרים,500.00,"100 מ""ל",false,,11.10,2.2200,true,1,266986
7290108357660,false,סנובון Bubbles שלישיית כדוריות ג'ל אסלה ניחוח לבנדר,סנו סנובון,CZ,סנובון סבון ג'ל לאסל,גרמים,315.00,100 גרם,false,,14.50,4.6032,true,1,612772
7290108357707,false,"כיף שמפו לשיער רגיל- תפוח זרעי צ'יה 700 מ""ל",גוד פוד פרודקטס S.p,IL,שמפו לשיער רגיל תפוח,מיליליטרים,700.00,"100 מ""ל",false,,10.20,1.4571,true,1,30600
7290108357714,false,"כיף שמפו לשיער יבש -רימונים ושמן ארגן 700 מ""ל",גוד פוד פרודקטס S.p,IL,שמפו לשיער יבש רימונ,מיליליטרים,700.00,"100 מ""ל",false,,10.20,1.4571,true,1,30601
7290108357851,false,"כיף - ג'ל רחצה אליקסיר אוילס מועשר בשמן קוקוס 700 מ""ל","קוסמופארם בע""\מ",IL,ג'ל רחצה מועשר בשמן,מיליליטרים,700.00,"100 מ""ל",false,,11.00,1.5714,true,1,317700
7290108358100,false,"פרש הום מקלות ריחניים לבית בניחוח בייבי 100 מ""ל",סנו fresh,IL,מקלות ריחניים לבית ב,מיליליטרים,100.00,"100 מ""ל",false,,17.10,17.1000,true,1,364037
7290108358117,false,"פרש הום מקלות ריחניים לבית בניחוח כביסה רעננה 100 מ""ל",החברה הדרומית,IL,מקלות ריחניים לבית ב,מיליליטרים,100.00,"100 מ""ל",false,,17.10,17.1000,true,1,364038
7290108359008,false,סושי שקיות זיפר עם סליידר 15 יח לארג',החברה הדרומית,CN,שקיות זיפר עם סליידר,יחידה,0.00,יחידה,false,,12.80,0.0000,true,1,321231
7290108359060,false,סנו סושי כריות הפלא רב תכלתיות *4 לשבת,סנו מפעלי ברונו בעמ,IL,כריות ניקוי לשבת 4 י,יחידה,0.00,יחידה,false,,10.20,0.0000,true,1,237737
7290108359077,false,סנו - סופט לושן ממחטות אף בקופסא 3 שכבות 120 יח',"סנו מפעלו ברונוס בע""\מ",EG,ממחטות אף בקופסא 3 ש,יחידה,0.00,יחידה,false,,11.10,0.0000,true,1,321259
7290108359084,false,סנו סושי כיסוי ניילון עם גומי 30 יחידות M,תאיזו ווילד,IL,סנו סושי כיסוי ניילו,יחידה,0.00,יחידה,false,,10.20,0.0000,true,1,597228
7290108359114,false,סנו סושי – 10 חמגשית אלומיניום עם מכסה,סנו סושי,IL,סנו סושי חמגשית אלומ,יחידה,0.00,יחידה,false,,9.40,0.0000,true,1,517311
7290108359152,false,"תבנית אלומיניום עגולה 25 ס""מ -6 יחי סנו סושי","אופל אריזות בע""\מ",IL,סנו סושי-6 תבניות אל,יחידה,0.00,יחידה,false,,10.20,0.0000,true,1,592949
7290108359169,false,"תבנית אלומיניום עגולה 628 ס""מ יחי סנו סושי","אופל אריזות בע""\מ",IL,סנו סושי-6 תבניות אל,יחידה,0.00,יחידה,false,,10.20,0.0000,true,1,592950
7290108359183,false,שקית אשפה חזקות 70*50 60 יח' סנו סושי,סנו סושי,IL,שקיות אשפה L עם ידי,יחידה,0.00,יחידה,false,,19.60,0.0000,true,1,591903
7290108359190,false,סושי מגבת הפלא 4 יח' = 12 גליל ארוך פי 3,סנו סושי,IL,סנו סושי מגבות הפלא,יחידה,0.00,יחידה,false,,21.30,0.0000,true,1,618148
7290108359824,false,"כיף - בייבי כיף קרם 500 מ""ל",קוסמופארם בעמ,IL,קרם גוף HYDROMOIST ב,מיליליטרים,500.00,"100 מ""ל",false,,18.70,3.7400,true,1,30609
7290108359985,false,סנו - ז'אוול מרסס קצף לניקוי וחינו בניחוח פריחה לבנה 1 ליטר,סנו ז'אוול Javel,IL,אקונומיקה מרסס עם ממ,ליטרים,1.00,ליטר,false,,15.30,15.3000,true,1,369109
7290108501490,false,גבינת מוצרלה פרוסות 150גרם RO CHEESE,ג.וילי פוד אינטרנשיונל ב,IL,גבינה מוצרלה פרוסות,גרמים,150.00,100 גרם,false,,11.10,7.4000,true,1,3084
7290108502305,false,גבינת גרנה פדנו משולש ויליפוד 150 גרם,וילי פוד,IT,גבינת גרנה פדנו משול,גרמים,150.00,100 גרם,false,,14.50,9.6667,true,1,3133
7290108502862,false,מלפפונים כבושים במלח 18-25 קטנים ויליפוד 600 גרם,זיתור סאן גידה סני וטיקר,TR,מלפפונים כבושים במלח,גרמים,600.00,100 גרם,false,,7.70,1.2833,true,1,3170
7290108503043,false,תפוחונים חטיף פלחים מיובשים מארז 22X4ג',הביי דונגפנג פוד קו. בעמ,CN,מארז רביעייה תפוחוני,גרמים,88.00,100 גרם,false,,11.10,12.6136,true,1,3181
7290108503067,false,פרמז'נו משולש ויליפוד 150 גרם,וילי פוד,IT,פרמז'נו משולש 150 גר,גרמים,150.00,100 גרם,false,,11.90,7.9333,true,1,3183
7290108503159,false,גבינה כחולה עם עובש 31% ויליפוד 100 גרם,קסוס אל פסטור,ES,וילי פוד גבינה כחולה,גרמים,100.00,100 גרם,false,,6.80,6.8000,true,1,3188
7290108503692,false,פיצה מרגריטה ויליפוד 380 גרם,מוטלוקל גידה סאנאי טיקרט,IT,פיצה מרגריטה 380 גרם,גרמים,380.00,100 גרם,false,,10.20,2.6842,true,1,3219
7290108503715,false,פיצה עם זיתים ויליפוד 385 גרם,מוטלוקל גידה סאנאי טיקרט,IT,פיצה עם זיתים 380 גר,גרמים,390.00,100 גרם,false,,10.20,2.6154,true,1,3221
7290108503999,false,פרוסות גבינה בטעם גאודה לכריכים וטוסטים ויליפוד 150 גרם,סנטרל קסרה,ES,פרוסות גבינה בטעם גא,גרמים,150.00,100 גרם,false,,8.50,5.6667,true,1,3229
7290108504286,false,איבריקו צ'אנק ויליפוד 150 גרם,ג.וילי פוד אינטרנשיו,ES,איבריקו צ'אנק 150 גר,גרמים,150.00,100 גרם,false,,14.50,9.6667,true,1,3244
7290108504392,false,גבינת שמנת לייט עם זיתים 200 ג' - EURO CHEESE,אטלסר&אלפרי קאסורק,DE,גבינת שמנת לייט עם ז,גרמים,200.00,100 גרם,false,,10.70,5.3500,true,1,3253
7290108504699,false,רביעיית טונה בשמן קנולה פתח קל ויליפוד 4*160 גרם,גולדן פרייז קאנינג אל טי,TH,נתחי טונה בשמן קנולה,גרמים,640.00,100 גרם,false,,18.30,2.8594,true,1,3262
7290108505184,false,יוגורט עם קוקוס 5% שומן ויליפוד 150 גרם,Euro יורו מחלבות אירופה,GR,יוגורט יווני עם קוקו,גרמים,150.00,100 גרם,false,,4.20,2.8000,true,1,69512
7290108505191,false,יוגורט עם פצפוצי שוקולד 5% שומן ויליפוד 150 גרם,Euro יורו מחלבות אירופה,GR,י.יווני עם פצפוצי שו,גרמים,150.00,100 גרם,false,,4.20,2.8000,true,1,69513
7290108505726,false,אצבעות גבינת חצי קשה EURO CHEESE ויליפוד 200 גרם,סאסו פטוראגס קומטויס אף,TR,אצבעות גבינה חצי קשה,גרמים,200.00,100 גרם,false,,11.10,5.5500,true,1,69267
7290108505740,false,קשקבל גבינה חצי קשה EURO CHEESE ויליפוד 200 גרם,Euro יורו מחלבות אירופה,TR,גבינת קשקבל חצי קשה,גרמים,200.00,100 גרם,false,,11.10,5.5500,true,1,69269
7290108506488,false,סופלה שוקולד קפוא ויליפוד 200 גרם,ארמה גרופ,TR,סופלה שוקולד קפוא 20,גרמים,200.00,100 גרם,false,,12.80,6.4000,true,1,61915
7290108506495,false,"כנאפה מאפה בצק ""שערות"" קדאיף וגבינה",ארמה גרופ,TR,כנאפה קפוא 192.5 גרם,גרמים,192.50,100 גרם,false,,11.10,5.7662,true,1,61916
7290108506501,false,אצבעות בצק פילו ממולאות גבינה 500 ג' ויליפוד,סיהאן גידה,TR,אצבעות בצק פילו ממול,גרמים,500.00,100 גרם,false,,13.60,2.7200,true,1,392084
7290108506969,false,מאפה בורקס מים תורכי גבינה ויליפוד 300 גרם,וילי פוד,TR,מ.בורקס מים תורכי גב,גרמים,300.00,100 גרם,false,,11.10,3.7000,true,1,69240
7290108507058,false,ביסקויט פריך בשוקולד חלב 100 גרם -קהילות,מודרן צ'יקולטה,TR,ביסקויט פריך בשוקולד,גרמים,100.00,100 גרם,false,,5.90,5.9000,true,1,350403
7290108508543,false,אפונה מבושלת במי מלח 700 גר,,TR,אפונה מבושלת 700 גרם,גרמים,700.00,100 גרם,false,,8.60,1.2286,true,1,162920
7290108509199,false,גבינת פטה 17% שומן יורו 500 ג',מבגל אס.איי,TR,גבינה פטה 500 גרם -,גרמים,500.00,100 גרם,false,,19.60,3.9200,true,1,173762
7290108509205,false,חטיף אורז בטעם טבעי לתינוקות ויליפוד 50 גרם,נמצ'או,TH,חטיף אורז אפוי לתינו,גרמים,50.00,100 גרם,false,,10.20,20.4000,true,1,302068
7290108509212,false,חטיף אורז בטעם ירקות לתינוקות ויליפוד 50 גרם,נמצ'או,TH,חטיף אורז אפוי לתינו,גרמים,50.00,100 גרם,false,,10.20,20.4000,true,1,302083
7290108509229,false,חטיף אורז בטעם בננה לתינוקות ויליפוד 50 גרם,נמצ'או,TH,חטיף אורז אפוי לתינו,גרמים,50.00,100 גרם,false,,10.20,20.4000,true,1,302069
7290108509267,false,ארוחת פסטה עם רוטב גבינה ויליפוד 206 גרם,הנסיך- מפעל לייצור ט,UA,ארוחת פסטה עם רוטב ג,גרמים,206.00,100 גרם,false,,6.80,3.3010,true,1,189060
7290108509588,false,גבינה פטה 24% עם עשבי תיבול 153 גרם ויליפוד,,GR,גבינה מלוחה עם עשבי,גרמים,153.00,100 גרם,false,,13.60,8.8889,true,1,624710
7290108509618,false,זיתים ירוקים על הגריל מגולענים במרינדה 730 גרם,,TR,זיתים ירוקים על הגרי,גרמים,730.00,100 גרם,false,,17.10,2.3425,true,1,210949
7290108509625,false,זיתים ירוקים ופלפל על הגריל מגולענים במרינדה 730 גרם ויליפוד,,TR,זיתים ירוקים ופלפל,גרמים,730.00,100 גרם,false,,17.10,2.3425,true,1,210976
7290108509656,false,מיקס זיתים פרוסות 800 גר,,,מיקס זיתים פרוסים במ,גרמים,800.00,100 גרם,false,,8.50,1.0625,true,1,210990
7290108509700,false,"אורז פרסי DAAWAT מהדרין 1 ק""ג",אל.טי.פודס לימיטד,IN,"אורז פרסי 1 ק""ג DAAW",קילוגרמים,1.00,"ק""ג",false,,8.47,8.4700,true,1,241702
7290108509939,false,פרוסות פילה טונה בשמן זית כתית מעולה,וילי פוד,TH,פרוסות פילה טונה 120,גרמים,120.00,100 גרם,false,,11.10,9.2500,true,1,302228
7290109351025,false,מלך החומוס חומוסטחינה 40% טחינה גולמית,סלטי צבר,IL,מלך החומוס חומוס טחי,גרמים,400.00,100 גרם,false,,11.90,2.9750,true,1,19722
7290109354101,false,"לחמית ללא גלוטן 200 גר' ""אסם""","אסם תעשיות בע""מ",IL,לחמית ללא גלוטן 200,גרמים,200.00,100 גרם,false,,8.50,4.2500,true,1,18915
7290109355504,false,שלגון קראנץ וניל ליבת נוגט נסטלה 100 גרם,נטו מלינדה-בשר,IL,קראנץ' וניל ליבת נוג,גרמים,72.00,100 גרם,false,,9.00,12.5000,true,1,15982
7290109358130,false,מאגדת שלגון לה פרוטה יוגורט אננס פסיפל' 50X6ג',גלידות נסטלה )נגה גלידות,IL,לה פרוטה מאגדת אננס,גרמים,300.00,100 גרם,false,,20.40,6.8000,true,1,15986
7290109358284,false,"שניצל תירס עם חלבון 664 גר' ""טבעול""",עיצובים 2020 (4.8),IL,טבעול שניצל תירס ע,גרמים,664.00,100 גרם,false,,26.40,3.9759,true,1,19756
7290109580043,false,"שניצל תירס קלאסי זוגלובק 1.75 ק""ג",זוגלובק,IL,זוגלובק שניצל תירס 1,קילוגרמים,1.75,"ק""ג",false,,42.70,24.4000,true,1,102298
7290109580098,false,קבנוס בטעם סרירצ'ה זוגלובק 135 גרם,זוגלובק,IL,קבנוס בטעם סרירצ'ה ז,גרמים,135.00,100 גרם,false,,8.50,6.2963,true,1,390426
7290109580111,false,צלעות אסאדו מעושנות פרימיום זוגלובק 120 גרם,זוגלובק,IL,צלעות אסאדו מעושנות,גרמים,180.00,100 גרם,false,,21.30,11.8333,true,1,363317
7290109580159,false,פסטרמה בנוסח טוסקנה פרימיום זוגלובק 180 גרם,זוגלובק,IL,פסטרמה בנוסח טוסקנה,גרמים,180.00,100 גרם,false,,21.30,11.8333,true,1,138650
7290109580210,false,נקנקיות ריינהולד'ס הצרפתיה זוגלובק 300 ג',זוגלובק,IL,נקנקיות ריינהולד'ס,גרמים,300.00,100 גרם,false,,17.10,5.7000,true,1,285399
7290109580227,false,נקניקיות עוף ובקר בסגנון ברלינאי קאריוורסט,זוגלובק,IL,נקנקיות ריינהולד'ס ק,גרמים,300.00,100 גרם,false,,17.10,5.7000,true,1,285413
7290109580241,false,נאגטס מן הצומח זוגלובק 500 גרם,זוגלובק טבע,IL,נאגטס מן הצומח זוגלו,גרמים,500.00,100 גרם,false,,17.00,3.4000,true,1,515091
7290109580432,false,פסטרמה חזה הודו מעושן דק דק זוגלובק 120 גרם,זוגלובק,IL,פסטרמה אקסטרה מעושנת,גרמים,120.00,100 גרם,false,,11.60,9.6667,true,1,515383
7290109920146,false,"דורגול מסיר אבנית מקומקומים 750 מ""ל",יעקובי דורגול,CH,דורגול מסיר אבן לקומ,מיליליטרים,750.00,"100 מ""ל",false,,16.20,2.1600,true,1,11394
7290109920313,false,"אסטוניש מרסס לניקוי חלונות 750 מ""ל",יעקבי- אסטוניש Astonish,GB,אסטוניש מרסס מבריק ש,מיליליטרים,750.00,"100 מ""ל",false,,11.10,1.4800,true,1,11396
7290109920627,false,"אסטוניש קרם ואקונומיקה לניקוי אמבטיות 500 מ""ל",יעקובי אסטוניש,GB,"אסטוניש קרם 500 מ""ל",מיליליטרים,500.00,"100 מ""ל",false,,11.10,2.2200,true,1,11402
7290109921488,false,"דורגול לניקוי וחיטוי מכונת הכביסה יעקבי 500 מ""ל",יעקובי דורגול,DE,דורגול לניקוי וחיטוי,מיליליטרים,500.00,"100 מ""ל",false,,26.40,5.2800,true,1,11421
7290109921853,false,אסטוניש המשחה המקורית לניקוי עם עוצמה,יעקבי- אסטוניש Astonish,GB,המשחה המקורית לניקוי,גרמים,150.00,100 גרם,false,,15.30,10.2000,true,1,385281
7290109923031,false,"אסטוניש מרסס פרימיום ארומטיק למקלחון 750 מ""ל",יעקובי אסטוניש,GB,אסטוניש פרימיום ארומ,מיליליטרים,750.00,"100 מ""ל",false,,12.80,1.7067,true,1,400741
7290109923130,false,מדליק לפחמים קוביות הפי 24 יח',דה טורן,,מדליק פחמים הפי 48 י,גרמים,250.00,100 גרם,false,,9.40,3.7600,true,1,556614
7290110058814,false,שלישית ביצי שוקולד (חלב ישראל) סמיילי (3X24),מונדזיר,IT,שלישיית ביצי שוקולד,גרמים,60.00,100 גרם,false,,11.10,18.5000,true,1,33177
7290110110369,false,"שישייה בירה קרלסברג LUMA בקבוק 330 מ""ל",מבשלות בירה בינלאומיות ב,IL,שישיית בירה קרלסברג,ליטרים,1.98,ליטר,false,,30.90,15.6061,true,1,72690
7290110110659,false,"ספרייט לימון ליים פחית 330מ""ל",החברה המרכזית לייצור משק,IL,סליק ספרייט חדש 330,מיליליטרים,330.00,"100 מ""ל",false,,4.70,1.4242,true,1,7195
7290110113476,false,בירה קרלסברג ללא אלכוהול - שישייה,קרלסברג רומניהn\יבואן:מב,RO,קרלסברג 0.0 בקבוק 6*,ליטרים,1.98,ליטר,false,,26.70,13.4848,true,1,51743
7290110114787,false,נביעות+ מים מינרליים בטעם תפוח 1.5 ליטר,נביעות טבע הגליל בעמ,IL,נביעות + תפוח 1.5 לי,ליטרים,1.50,ליטר,false,,7.70,5.1333,true,1,246871
7290110114794,false,נביעות+ מים מינרליים בטעם אפרסק 1.5 ליטר,"נביעות טבע הגליל בע""\מ ,",IL,נביעות + אפרסק 1.5 ל,ליטרים,1.50,ליטר,false,,7.70,5.1333,true,1,246885
7290110114800,false,נביעות+ מים מינרליים בטעם ענבים 1.5 ליטר,"נביעות טבע הגליל בע""\מ",IL,נביעות + ענבים 1.5 ל,ליטרים,1.50,ליטר,false,,7.70,5.1333,true,1,246900
7290110114855,false,"נביעות מים מינרליים, שישיה 6 * 1.5 ליטר פקדון",נביעות טבע הגליל בעמ,IL,מי נביעות שישייה 1.5,ליטרים,9.00,ליטר,false,,12.10,1.3444,true,1,246980
7290110114893,false,פריגת סחוט טרי תפוז 2 ליטר,פריגת מצוננים,IL,פריגת סחוט תפוזים 2,ליטרים,2.00,ליטר,false,,25.00,12.5000,true,1,246728
7290110114954,false,מיץ תפוזים מתקתקים פריגת 2 ליטר,פריגת מצוננים,IL,מיץ תפוזים מתקתק 100,ליטרים,2.00,ליטר,false,,19.00,9.5000,true,1,246772
7290110114961,false,משקה קל תפוזים פריגת 1.5 ליטר,מבשלות בירה בינלאומיות ב,IL,פריגת תפוזים 1.5 ליט,ליטרים,1.50,ליטר,false,,7.70,5.1333,true,1,246994
7290110114985,false,משקה קל אשכוליות פריגת 1.5 ליטר,מבשלות בירה בינלאומיות ב,IL,פריגת אשכולית 1.5 לי,ליטרים,1.50,ליטר,false,,7.70,5.1333,true,1,247009
7290110115005,false,משקה קל ענבים פריגת 1.5 ליטר,מבשלות בירה בינלאומיות ב,IL,פריגת ענבים 1.5 ליטר,ליטרים,1.50,ליטר,false,,7.70,5.1333,true,1,247050
7290110115036,false,משקה קל מנגו פריגת 1.5 ליטר,מבשלות בירה בינלאומיות ב,IL,פריגת מנגו 1.5 ליטר,ליטרים,1.50,ליטר,false,,7.70,5.1333,true,1,247132
7290110115043,false,משקה קל לימונענע פריגת 1.5 ליטר,מבשלות בירה בינלאומיות ב,IL,פריגת לימונענע 1.5 ל,ליטרים,1.50,ליטר,false,,7.70,5.1333,true,1,247146
7290110115050,false,פריגת מיקס תות בננה 1.5 ליטר פיקדון,מבשלות בירה בינלאומיות ב,IL,פריגת מיקס תות בננה,ליטרים,1.50,ליטר,false,,7.70,5.1333,true,1,247147
7290110115067,false,פריגת אפרסק 1.5 ליטר פיקדון,מבשלות בירה בינלאומיות ב,IL,פריגת אפרסק 1.5 ליטר,ליטרים,1.50,ליטר,false,,7.70,5.1333,true,1,247248
7290110115074,false,פריגת תפוח דובדבן 1.5 ליטר פיקדון,מבשלות בירה בינלאומיות ב,IL,פריגת דובדבן 1.5 ליט,ליטרים,1.50,ליטר,false,,7.70,5.1333,true,1,247262
7290110115104,false,פריגת צלול אפרסק 1.5 ליטר פיקדון,מבשלות בירה בינלאומיות ב,IL,פריגת צלול אפרסק 1.5,ליטרים,1.50,ליטר,false,,7.30,4.8667,true,1,247293
7290110115111,false,פריגת צלול אננס 1.5 ליטר פיקדון,"מבשלות בירה לישראל בע""\מ",IL,פריגת צלול אננס 1.5,ליטרים,1.50,ליטר,false,,7.30,4.8667,true,1,247308
7290110115128,false,פריגת צלול בטעם לימונענע 1.5 ליטר פיקדון,"מבשלות בירה לישראל בע""\מ",IL,פריגת צלול בטעם לימו,ליטרים,1.50,ליטר,false,,7.30,4.8667,true,1,247309
7290110115180,false,מים מינרלים נביעות 1.5 ליטר,"נביעות טבע הגליל בע""",IL,נביעות 1.5 ליטר,ליטרים,1.50,ליטר,false,,2.80,1.8667,true,1,295850
7290110115203,false,קוקה קולה 1.5 ליטר פיקדון,החברה המרכזית לייצור משק,IL,קוקה קולה 1.5 ליטר,ליטרים,1.50,ליטר,false,,7.70,5.1333,true,1,247328
7290110115210,false,דיאט קוקה קולה 1.5 ליטר פיקדון,החברה המרכזית לייצור משק,IL,דיאט קוקה קולה 1.5 ל,ליטרים,1.50,ליטר,false,,7.30,4.8667,true,1,247329
7290110115227,false,קוקה-קולה זירו בקבוק 1.5 ליטר,החברה המרכזית לייצור משק,IL,קוקה קולה זירו בקבוק,ליטרים,1.50,ליטר,false,,7.70,5.1333,true,1,247330
7290110115234,false,קוקה-קולה זירו נטול בקבוק 1.5 ליטר,החברה המרכזית לייצור משק,IL,קולה ZERO נטול 1.5 ל,ליטרים,1.50,ליטר,false,,7.70,5.1333,true,1,247331
7290110115241,false,קוקה-קולה זירו לימון בקבוק 1.5 ליטר,החברה המרכזית לייצור משק,IL,קולה ZERO לימון 1.5,ליטרים,1.50,ליטר,false,,7.70,5.1333,true,1,247345
7290110115265,false,ספרייט לימון ליים 1.5 ליטר-,החברה המרכזית לייצור משק,IL,ספרייט 1.5 ליטר LIME,ליטרים,1.50,ליטר,false,,7.70,5.1333,true,1,247457
7290110115272,false,ZERO ספרייט זירו 1.5 ליטר פיקדון,החברה המרכזית לייצור משק,IL,ספרייט זירו 1.5 ליטר,ליטרים,1.50,ליטר,false,,7.30,4.8667,true,1,247458
7290110115289,false,ספרייט 19 קל' לימון-נענע 1.5 ליטר פיקדון,החברה המרכזית לייצור משק,IL,ספרייט 19 קלוריות לי,ליטרים,1.50,ליטר,false,,7.30,4.8667,true,1,247486
7290110115296,false,משקה מוגז אורנג' פאנטה 1.5 ליטר,החברה המרכזית לייצור משק,IL,פאנטה אורנג' 1.5 ליט,ליטרים,1.50,ליטר,false,,7.70,5.1333,true,1,247501
7290110115302,false,משקה מוגז אורנג' זירו פאנטה 1.5 ליטר,החברה המרכזית לייצור משק,IL,פאנטה זירו בטעם אורנ,ליטרים,1.50,ליטר,false,,7.70,5.1333,true,1,247515
7290110115319,false,פאנטה אקזוטיק 1.5 ליטר פיקדון,החברה המרכזית לייצור משק,IL,פאנטה אקזוטיק 1.5 לי,ליטרים,1.50,ליטר,false,,7.70,5.1333,true,1,247531
7290110115333,false,פאנטה תות 1.5 ליטר פיקדון,החברה המרכזית לייצור משק,IL,פאנטה תות 1.5 ליטר,ליטרים,1.50,ליטר,false,,7.70,5.1333,true,1,247546
7290110115340,false,פאנטה ענבים 1.5 ליטר פיקדון,החברה המרכזית לייצור משק,IL,פאנטה ענבים 1.5 ליטר,ליטרים,1.50,ליטר,false,,7.70,5.1333,true,1,247560
7290110115357,false,קינלי סודה 1.5 ליטר פיקדון,החברה המרכזית לייצור משק,IL,קינלי סודה 1.5 ליטר,ליטרים,1.50,ליטר,false,,3.00,2.0000,true,1,247574
7290110115364,false,שישייה קוקה קולה 1.5 ליטר פיקדון,החברה המרכזית לייצור משק,IL,קוקה קולה 6*1.5 ליטר,ליטרים,9.00,ליטר,false,,43.00,4.7778,true,1,247347
7290110115388,false,ספרייט ליים שישיות 1.5 ליטר פיקדון,החברה המרכזית לייצור משק,IL,ספרייט 6*1.5 ליטר L,ליטרים,9.00,ליטר,false,,43.00,4.7778,true,1,247472
7290110115395,false,ZERO ספרייט שישיות 1.5 ליטר פיקדון,החברה המרכזית לייצור משק,IL,ספרייט זירו 6* 1.5 ל,ליטרים,9.00,ליטר,false,,40.50,4.5000,true,1,247487
7290110115401,false,קינלי סודה שישייה 1.5 ליטר פיקדון,החברה המרכזית לייצור משק,IL,קינלי סודה 6*1.5 ליט,ליטרים,9.00,ליטר,false,,13.00,1.4444,true,1,279135
7290110115418,false,מארז שישייה קוקה קולה זירו 1.5 ל',החברה המרכזית לייצור משק,IL,קוקה קולה זירו שישיי,ליטרים,9.00,ליטר,false,,40.30,4.4778,true,1,247363
7290110115425,false,FUZE TEA גרין לימונענע -נענע 1.5 ליטר פיקדון,מבשלות בירה בינלאומיות ב,IL,פיוז טי לימון נענע 1,ליטרים,1.50,ליטר,false,,7.70,5.1333,true,1,247602
7290110115449,false,אייס תה בטעם מנגו אננס 1.5ל' FUZE TEA,מבשלות בירה בינלאומיות ב,IL,פיוז טי מנגו אננס 1.,ליטרים,1.50,ליטר,false,,8.20,5.4667,true,1,247618
7290110115456,false,"תה קר בטעם אפרסק 19 קלוריות ב- 100 מ""ל",מבשלות בירה בינלאומיות ב,IL,פיוז טי אפרסק 19 קל,ליטרים,1.50,ליטר,false,,7.70,5.1333,true,1,247619
7290110115463,false,פיוז טי אפרסק 1.5 ליטר פיקדון,מבשלות בירה בינלאומיות ב,IL,פיוז טי אפרסק 1.5 לי,ליטרים,1.50,ליטר,false,,8.20,5.4667,true,1,247633
7290110115494,false,תה קר בטעם ענבים פיוז טי 1.5 ליטר,מבשלות בירה בינלאומית בע,IL,פיוז טי ענבים 1.5 לי,ליטרים,1.50,ליטר,false,,8.20,5.4667,true,1,247650
7290110115531,false,משקה מוגז תפוח זירו פאנטה 1.5 ליטר,החברה המרכזית לייצור משק,IL,פאנטה זירו בטעם תפוח,ליטרים,1.50,ליטר,false,,7.70,5.1333,true,1,247516
7290110115586,false,פריגת תפוזים 40% פחות סוכר 1.5 ליטר פיקדון,מבשלות בירה בינלאומיות ב,IL,משקה קל בטעם תפוזים,ליטרים,1.50,ליטר,false,,7.30,4.8667,true,1,247276
7290110115593,false,פריגת אשכוליות 40% פחות סוכר 1.5 ליטר פיקדון,מבשלות בירה בינלאומיות ב,IL,משקה קל בטעם אשכוליו,ליטרים,1.50,ליטר,false,,7.30,4.8667,true,1,247277
7290110115609,false,פריגת ענבים 40% פחות סוכר 1.5 ליטר פיקדון,מבשלות בירה בינלאומיות ב,IL,משקה קל בטעם ענבים 4,ליטרים,1.50,ליטר,false,,7.30,4.8667,true,1,247294
7290110115623,false,משקה פיוז טי זירו ZERO בטעם אפרסק,מבשלות בירה בינלאומיות ב,IL,פיוז טי ZERO בטעם אפ,ליטרים,1.50,ליטר,false,,7.70,5.1333,true,1,331697
7290110115869,false,קוקה קולה זירו 1.5 ליטר פיקדון,תות תעשיות מזון (201,IL,קוקה קולה זירו בקבוק,ליטרים,1.50,ליטר,false,,7.70,5.1333,true,1,601436
7290110116064,false,פאנטה ZERO פירות ירוק 1.5 ליטר פיקדון,החברה המרכזית לייצור משק,IL,פאנטה זירו 1.5 ליטר,ליטרים,1.50,ליטר,false,,7.70,5.1333,true,1,463330
7290110116149,false,"סירופ בטעם ענבים פריגת 750 מ""ל",סירופ - גבעת חיים,IL,סירופ פריגת טעם ענבי,מיליליטרים,750.00,"100 מ""ל",false,,16.20,2.1600,true,1,517015
7290110116156,false,נביעות+רכיבי פרי מנגו-פסיפלורה 1.5 ליטר-,"נביעות טבע הגליל בע""\מ",IL,נביעות+ פרי בטעם מנג,ליטרים,1.50,ליטר,false,,7.70,5.1333,true,1,561929
7290110116170,false,נביעות+רכיבי פרי אננס-קוקוס 1.5 ליטר-,"נביעות טבע הגליל בע""\מ",IL,נביעות+ פרי בטעם אננ,ליטרים,1.50,ליטר,false,,7.70,5.1333,true,1,561914
7290110116200,false,מים 0 קלוריות בטעם לימון-ליים 0.5 ל נביעות,"נביעות טבע הגליל בע""",TW,נביעות+ פרי בטעם מנג,מיליליטרים,500.00,"100 מ""ל",false,,5.40,1.0800,true,1,561990
7290110116217,false,נביעות+ סדרת 0 קלוריות אשכוליות 1.5 ליטר,"נביעות טבע הגליל בע""\מ",IL,נביעות+ אשכולית 0 קל,ליטרים,1.50,ליטר,false,,7.70,5.1333,true,1,561975
7290110116224,false,מים 0 קלוריות בטעם אשכולית 0.5 ל נביעות,"נביעות טבע הגליל בע""",TW,נביעות+ אשכולית 0 קל,מיליליטרים,500.00,"100 מ""ל",false,,5.40,1.0800,true,1,561991
7290110116392,false,"סירופ בטעם תפוזים פריגת 750 מ""ל",סירופ - גבעת חיים,IL,סירופ בטעם תפוזים 75,מיליליטרים,750.00,"100 מ""ל",false,,16.20,2.1600,true,1,562006
7290110116507,false,פריגת סחוט מיקס אננס בננה אגס 1ליטר,פריגת מצוננים,IL,פריגת סחוט MIX אננס,ליטרים,1.00,ליטר,false,,12.80,12.8000,true,1,589734
7290110116514,false,פריגת סחוט מיקס תות בננה 400מל,פריגת,IL,פריגת סחוט MIX תות ב,מיליליטרים,400.00,"100 מ""ל",false,,7.70,1.9250,true,1,611945
7290110116521,false,"פריגת סחוט מיקס אפרסק משמש 400 מ""ל",פריגת,IL,פריגת סחוט MIX אפרסק,מיליליטרים,400.00,"100 מ""ל",false,,7.70,1.9250,true,1,611902
7290110320683,false,שמיניית משקה יוגורט 1.5% טעם תות יופלה 107 גרם,מיוצר עי קונדיטוריית,IL,משקה יופלה שמיניה בט,מיליליטרים,856.00,"100 מ""ל",false,,14.40,1.6822,true,1,25945
7290110320850,false,פתיתים גבינה חצי קשה מגורדת 28% שומן,תנובה מרכז שיתופי לש,IL,עמק פתיתים 200 גרם,גרמים,200.00,100 גרם,false,,12.80,6.4000,true,1,25955
7290110320867,false,פתיתים גבינה חצי קשה מגורדת 28% שומן,תנובה מרכז שיתופי לש,IL,עמק פתיתים למאפים 28,גרמים,500.00,100 גרם,false,,26.90,5.3800,true,1,25956
7290110320935,false,גבינת מוצרלה תנובה 150ג' פרוסות,תנובה מרכז שיתופי לש,IL,פרוסות מוצרלה 150 גר,גרמים,150.00,100 גרם,false,,13.60,9.0667,true,1,25961
7290110321031,false,מעדן חלב GO יוגורט מועשר בחלבון טבעי 200 ג' יופלה,"תנובה, מחלבת אלון תב",IL,יופלה גו 200 גרם תנו,גרמים,200.00,100 גרם,false,,4.20,2.1000,true,1,25969
7290110321680,false,יוגורט GO בטעם תות 20 גרם חלבון בגביע,מיוצר עי קונדיטוריית,IL,יופלה גו בטעם תות 20,גרמים,200.00,100 גרם,false,,5.30,2.6500,true,1,26010
7290110321697,false,יוגורט GO בטעם אפרסק 20 גרם חלבון בגביע,מיוצר עי קונדיטוריית,IL,יופלה גו בטעם אפרסק,מיליליטרים,200.00,"100 מ""ל",false,,5.30,2.6500,true,1,26011
7290110322038,false,"תנובה טופו פיקנטי 300 גר' בד""צ",תנובה Alternative,IL,טופו פיקנטי 300 גרם,גרמים,300.00,100 גרם,false,,10.20,3.4000,true,1,26033
7290110323301,false,טל העמק בסגנון אמנטל 32% שומן 200 גרם,עמק - תנובה,IL,גבינת עמק טל 32% שומ,גרמים,200.00,100 גרם,false,,15.30,7.6500,true,1,26078
7290110323585,false,יופלה יוגורט עם דובדבן מופחת קלוריות 200 ג' GO,יופלה Yoplait,IL,יופלה GO לייט עם דוב,גרמים,200.00,100 גרם,false,,5.30,2.6500,true,1,26096
7290110323592,false,יופלה יוגורט עם אפרסק מופחת קלוריות 200 ג' GO,יופלה Yoplait,IL,יופלה GO לייט עם אפר,גרמים,200.00,100 גרם,false,,5.30,2.6500,true,1,26097
7290110323714,false,משקה קוקוס שקדים תנובה E אלטרנטיב,מיוצר עי קונדיטוריית,IL,תנובה משקה קוקוס שקד,יחידה,0.00,יחידה,false,,11.50,0.0000,true,1,26108
7290110324711,false,ממרח סויה 9% שומן בטעם טבעי תנובה 250 גרם,מיוצר עי קונדיטוריית,IL,ממרח סויה 9% בטעם טב,גרמים,250.00,100 גרם,false,,7.70,3.0800,true,1,26176
7290110324728,false,ממרח סויה 9% שומן עם שום שמיר תנובה 250 גרם,מיוצר עי קונדיטוריית,IL,ממרח סויה 9% עם שום,גרמים,250.00,100 גרם,false,,7.70,3.0800,true,1,26177
7290110324841,false,מעדן שקדים עם שוקולד מריר תנובה 125 גרם,מיוצר עי קונדיטוריית,IL,מעדן שקדים עם שוקולד,גרמים,125.00,100 גרם,false,,3.80,3.0400,true,1,26186
7290110324872,false,גבינה צהובה גלבוע 5% שומן 200 גרם,גלבוע - תנובה,IL,גלבוע גבינה פרוסה 5%,גרמים,200.00,100 גרם,false,,15.30,7.6500,true,1,26188
7290110324926,false,משקה סויה ללא תוספת סוכר E אלטרנטיב,תנובה מרכז שיתופי לש,IL,משקה סויה ללא תוספת,יחידה,0.00,יחידה,false,,8.90,0.0000,true,1,26191
7290110325169,false,פרוסות גאודה תנובה 170 גרם,תנובה חלב,IL,פרוסות גאודה 170 גרם,גרמים,170.00,100 גרם,false,,15.30,9.0000,true,1,58875
7290110325305,false,יופלה GO סויה 20 גרם חלבון במתיקות מעודנת תנובה 200 גרם,מיוצר עי קונדיטוריית,IL,יופלה סויה גו 20 גרם,גרמים,200.00,100 גרם,false,,5.30,2.6500,true,1,26207
7290110325619,false,משקה שיבולת שועל תנובה E אלטרנטיב,מיוצר עי קונדיטוריית,IL,תנובה משקה שיבולת שו,יחידה,0.00,יחידה,false,,11.50,0.0000,true,1,26217
7290110325893,false,משקה חלב GO מועשר בחלבון בטעם אייס קפה,מיוצר עי קונדיטוריית,IL,משקה תנובה GO אייס ק,גרמים,340.00,100 גרם,false,,6.80,2.0000,true,1,26236
7290110326227,false,יופלה און טופ קורנפלקס תנובה 157 גרם,מיוצר עי קונדיטוריית,IL,יופלה און טופ קורנפל,גרמים,157.00,100 גרם,false,,4.20,2.6752,true,1,58860
7290110326234,false,יופלה און טופ כוכבים תנובה 157 גרם,מיוצר עי קונדיטוריית,IL,יופלה און טופ כוכבים,גרמים,157.00,100 גרם,false,,4.20,2.6752,true,1,58861
7290110327514,false,alternative משקה שיבולת שועל בטעם אגוזי לוז תנובה 1 ליטר,תנובה מרכז שיתופי לש,IL,משקה שיבולת שועל בטע,יחידה,0.00,יחידה,false,,11.50,0.0000,true,1,184428
7290110327804,false,חטיף חלבון GO - עוגיות 60 ג' חלב נוכרי - רבנות,"בלמונט קונפקציות בע""\מ.",US,GO חטיף חלבון בטעם ב,גרמים,60.00,100 גרם,false,,10.20,17.0000,true,1,163189
7290110328023,false,משקה סויה מועשר בחלבון בטעם קפה 250 גרם,תנובה מרכז שיתופי לש,IL,משקה סויה מעושר בחלב,גרמים,250.00,100 גרם,false,,5.10,2.0400,true,1,125009
7290110328481,false,פתיתי פרמג'יאנו רג'יאנו מחלב בקר 30%,ברטינלי גיאני א.,IT,פתיתי פרמג'יאנו רג'י,גרמים,100.00,100 גרם,false,,11.90,11.9000,true,1,144995
7290110328627,false,יוגורט יופלה GO במרקם סמיך בטעם בננה קרמל 0%,מיוצר עי קונדיטוריית,IL,יוגורט גו סמיך 0% בנ,גרמים,200.00,100 גרם,false,,5.30,2.6500,true,1,168958
7290110328764,false,יוגורט יופלה GO במרקם סמיך עם תות 0%,מיוצר עי קונדיטוריית,IL,יוגורט גו סמיך 0% תו,גרמים,200.00,100 גרם,false,,5.30,2.6500,true,1,168973
7290110328771,false,יוגורט יופלה GO במרקם סמיך עם פירות יער 0%,מיוצר עי קונדיטוריית,IL,יוגורט גו סמיך 0% פי,גרמים,200.00,100 גרם,false,,5.30,2.6500,true,1,168959
7290110329136,false,מעדן חלב מעושר בחלבון בטעם שוקולד 120 ג' GO,תנובה מרכז שיתופי לש,IL,מעדן חלב גו בטעם שוק,גרמים,120.00,100 גרם,false,,4.00,3.3333,true,1,259954
7290110329709,false,יוגורט תנובה טבעי 0% גביע 200 גרם,מיוצר עי קונדיטוריית,IL,יוגורט טבעי תנובה 0%,גרמים,200.00,100 גרם,false,,3.00,1.5000,true,1,317420
7290110329792,false,יוגורט סויה BIO Alternative אפרסק 150 ג' תנובה,מיוצר עי קונדיטוריית,IL,סויה BIO אפרסק גביע,גרמים,150.00,100 גרם,false,,3.90,2.6000,true,1,336575
7290110329808,false,יוגורט סויה BIO Alternative תות 150 ג' תנובה,מיוצר עי קונדיטוריית,IL,סויה BIO תות גביע 15,גרמים,150.00,100 גרם,false,,3.90,2.6000,true,1,336576
7290110329815,false,סויה BIO מתיקות מעודנת גביע 150 גרם אלטרנטיב,מיוצר עי קונדיטוריית,IL,סויה BIO מתיקות מעוד,גרמים,150.00,100 גרם,false,,3.90,2.6000,true,1,336577
7290110329822,false,יוגורט סויה BIO Alternative פירות יער 150 ג' תנובה,מיוצר עי קונדיטוריית,IL,סויה BIO פירות יער ג,גרמים,150.00,100 גרם,false,,3.90,2.6000,true,1,336578
7290110329846,false,יוגורט סויה BIO Alternative בטעם טבעי 150 ג' תנובה,תנובה Alternative,IL,סויה BIO טבעי גביע 1,גרמים,150.00,100 גרם,false,,3.90,2.6000,true,1,336579
7290110550226,false,מטבעות שוקולד מריר לאפיה 400 גרם עלית,"פוליבה בע""\מ",IL,מטבעות שוקולד מריר ל,גרמים,400.00,100 גרם,false,,25.60,6.4000,true,1,442800
7290110550370,false,פריכיות משולשות קינואה ופלפל שחור 65 גרם,שטראוס גרופ,IL,אנרגי פריכיות משולשו,גרמים,65.00,100 גרם,false,,8.50,13.0769,true,1,599297
7290110551261,false,טעם הטבע נשנושי תירס 500 גרם,"מיוצר ע""\י או.וי אינטרנש",TH,נשנושי תירס 500 גרם,גרמים,500.00,100 גרם,false,,11.10,2.2200,true,1,601679
7290110552220,false,יוגורט PRO בטעם תות 0% סוכר לבן 20 גרם חלבון בגביע,"שטראוס בריאות בע""\מ",IL,דנונה PRO 20 גרם חלב,גרמים,200.00,100 גרם,false,,5.00,2.5000,true,1,316237
7290110552237,false,יוגורט פרו בטעם אפרסק מנגו ללא סוכר 200 ג' דנונה,"שטראוס בריאות בע""\מ",IL,דנונה PRO 20 גרם חלב,גרמים,200.00,100 גרם,false,,5.00,2.5000,true,1,316223
7290110552817,false,צנצנת מסטיק - גלידה לימון 58 גרם וועסטהיים,אסקום קונפקשיין,DE,מסטיק ללא סוכר בטעם,גרמים,66.00,100 גרם,false,,8.50,12.8788,true,1,516442
7290110553029,false,"אנרג'י קריספס-פריכיות חומוס, עדשים ואפונה עם קייל וסלק","פרח תעשיו מזון בע""מ",IL,פריכיות חלבון קייל ח,גרמים,60.00,100 גרם,false,,8.50,14.1667,true,1,324604
7290110553036,false,קריספס-פריכיות עם אפונה ובטטה סגולה בטעם בצל מקורמל,"פרח תעשיו מזון בע""מ",IL,פרכית חלבון בטטה סגו,גרמים,60.00,100 גרם,false,,8.50,14.1667,true,1,324605
7290110553173,false,אנרגי פריכיות אורז בטעם קרמל 50 גרם,סאנורייס בלגיום,IL,פריכיות אורז בטעם קר,גרמים,40.00,100 גרם,false,,5.90,14.7500,true,1,599532
7290110553340,false,נמס מילקשייק- אבקה להכנת משקה קר בטעם מלבי,שטראוס קפה בי.וי,IL,ICE נמס מילקשייק בטע,גרמים,200.00,100 גרם,false,,12.80,6.4000,true,1,471344
7290110554101,false,"סירופ מייפל בפאוץ' יד מרדכי 125 מ""ל",ציטדל,CA,סירופ מייפל טבעי 125,מיליליטרים,125.00,"100 מ""ל",false,,15.30,12.2400,true,1,589608
7290110554125,false,"נודלס סצ'ואן חריף""דלישס"" שטראוס",אוכל ביתי ניר עציון,IL,נודלס בסגנון סצ'ואן,גרמים,350.00,100 גרם,false,,23.80,6.8000,true,1,236639
7290110554262,false,חלבית מלבין קפה חלבי 350 ג' עלית,מוקטה אס.פי.,PL,מלבין קפה חלבי 350 ג,גרמים,350.00,100 גרם,false,,15.30,4.3714,true,1,363429
7290110554422,false,פומודורו רוטב עגבניות ופלפלים לשקשוקה לפסטה יד מרדכי 350 גרם,אמיליאנה קונסרב סוסייטה,IT,רוטב עגבניות ופלפלים,גרמים,350.00,100 גרם,false,,9.40,2.6857,true,1,364105
7290110554514,false,עלית - קפה טורקי אתיופי 100 גרם,שטראוס קפה בי.וי.,IL,קפה טורקי אתיופי עלי,גרמים,100.00,100 גרם,false,,7.60,7.6000,true,1,530841
7290110554583,false,מארז חטיפי צ'יטוס פאפס בטעם גבינה - 10 יחידות,"שטראוס פריטו ליי בע""\מ )",IL,מארז צ'יטוס PUFFS בט,גרמים,200.00,100 גרם,false,,11.00,5.5000,true,1,288988
7290110554699,false,"קפה עולה קפסולות אספרסו קלייה איטית וכהה מאוד, 10 * 50 ג'",שטראוס קפה בי.וי.,IL,"שת""פ קפה 50 גרם עולה",גרמים,50.00,100 גרם,false,,17.10,34.2000,true,1,592066
7290110554712,false,"קפסולות קפה אספרסו קלייה איטית ובהירה, 10 * 50 ג'",שטראוס קפה בי.וי.,IL,"שת""פ קפה 50 גרם נחת",גרמים,50.00,100 גרם,false,,17.10,34.2000,true,1,592068
7290110554729,false,קפסולות עלית אספרסו 04 תואמות למכונות NESPRESSO,שטראוס קפה בי.וי.,IL,עלית קפסולות אספרסו,גרמים,50.00,100 גרם,false,,14.40,28.8000,true,1,469753
7290110555078,false,לאבנה עם שמן זית ועשבי תיבול שטראוס 250 גרם,"מחלבות בר בכפר בע""\מ",IL,לאבנה עם עשבי תיבול,גרמים,250.00,100 גרם,false,,9.40,3.7600,true,1,471136
7290110555665,false,קקאו דל שומן עלית בקופסא 220 גרם,"ג'אלוסיס י. בע""\מ",GR,אבקת קקאו דל שומן 22,גרמים,220.00,100 גרם,false,,16.20,7.3636,true,1,610228
7290110556242,false,"שוקולד מריר פרווה 100 גר' בד""ץ תוצרת חוץ","שטראוס גרופ בע""מ.",FR,שוקולד מריר מעולה 10,גרמים,100.00,100 גרם,false,,4.20,4.2000,true,1,583899
7290110557027,false,חומוס עשיר 50% טחינה גולמית 400 ג' אחלה,מיוצר עי קונדיטוריית,IL,חומוס הסדרה עשיר ב50,גרמים,400.00,100 גרם,false,,11.10,2.7750,true,1,257293
7290110557102,false,מעדן חלב עם שוקולד מועשר בחלבון 150 ג' שטראוס,מיוצר עי קונדיטוריית,IL,מעדן פרו חלב עם שוקו,גרמים,150.00,100 גרם,false,,4.70,3.1333,true,1,219220
7290110557133,false,מעדן הגולן וניל 125 ג' שטראוס,מיוצר עי קונדיטוריית,IL,מעדן הגולן מעדן חלב,גרמים,125.00,100 גרם,false,,2.50,2.0000,true,1,243567
7290110557478,false,חומוס גלילי במרקם מעודן 600 גרם,"שטראוס גרופ בע""\מ",IL,חומוס גלילי אחלה 60,גרמים,600.00,100 גרם,false,,11.10,1.8500,true,1,405399
7290110558253,false,דנונה שייק נונה ריפרש בננה אננס וצ'יה,"שטראוס בריאות בע""\מ",IL,יוגורט עם אננס בננה,גרמים,250.00,100 גרם,false,,4.80,1.9200,true,1,472117
7290110558284,false,דנונה ביו מולטי שטראוס 200 גרם,"שטראוס בריאות בע""\מ",IL,דנונה מולטי 3% שומן,מיליליטרים,200.00,"100 מ""ל",false,,3.60,1.8000,true,1,515105
7290110559748,false,ריל מאגדת שקדים קוקוס ושוקולד מריר שטראוס 105 גרם,"ואמואליס פודס אס.איי,",GR,מאגדת חטיף Real אנר,גרמים,105.00,100 גרם,false,,13.60,12.9524,true,1,548145
7290110559755,false,ריל מאגדת בוטנים פיסטוק וחמוציות שטראוס 105 גרם,"ואמואליס פודס אס.איי,",GR,מאגדת חטיף Real אנר,גרמים,105.00,100 גרם,false,,13.60,12.9524,true,1,548159
7290110561352,false,דנונה יוגורט ביו פרוביוטי 3% דל לקטוז 150ג',"שטראוס בריאות בע""\מ",IL,דנונה ביו דל לקטוז ב,גרמים,200.00,100 גרם,false,,3.30,1.6500,true,1,23690
7290110561604,false,מארז 8 יחידות מעדן גמדים בטעם תות בננה,"שטראוס בריאות בע""\מ",IL,שמיניית גמדים תות בנ,גרמים,800.00,100 גרם,false,,16.20,2.0250,true,1,23699
7290110563431,false,"משקה קפה קר בסגנון קלאסי 230 מ""ל 1.6% יוטבתה",האי נאם סי או אל.טי.,AT,יטבתה משקה קפה קר בס,מיליליטרים,230.00,"100 מ""ל",false,,6.80,2.9565,true,1,23703
7290110563448,false,"משקה קפה קר בסגנון מעודן 230 מ""ל 1.6% יוטבתה",האי נאם סי או אל.טי.,AT,יטבתה משקה קפה קר בס,מיליליטרים,230.00,"100 מ""ל",false,,6.80,2.9565,true,1,23704
7290110563462,false,חלב 2% דל לקטוז בבקבוק יטבתה 1 ליטר.,מחלבת יטבתה,IL,יטבתה חלב בבקבוק נטו,ליטרים,1.00,ליטר,false,,7.60,7.6000,true,1,23706
7290110564339,false,חומוס אחלה הסידרה המובחר 30% טחינה 400 גר',מיוצר עי קונדיטוריית,IL,חומוס הסדרה המובחרת,גרמים,400.00,100 גרם,false,,11.10,2.7750,true,1,23713
7290110564360,false,חומוס אחלה הסידרה המובחר 40% טחינה 400 גר',מיוצר עי קונדיטוריית,IL,חומוס אחלה עשיר ב 40,גרמים,400.00,100 גרם,false,,11.10,2.7750,true,1,23714
7290110564414,false,חומוס אחלה הסידרה המובחר 30% טחינה 600 גר',מיוצר עי קונדיטוריית,IL,חומוס הסדרה המובחרת,גרמים,600.00,100 גרם,false,,12.80,2.1333,true,1,23718
7290110564742,false,"משקה קפה קר בסגנון חזק 230 מ""ל 1.2% יוטבתה",האי נאם סי או אל.טי.,AT,יטבתה משקה קפה קר בס,מיליליטרים,230.00,"100 מ""ל",false,,6.80,2.9565,true,1,23724
7290110565435,false,"לימבו ג'לי פטל 125 גרם חלבי ""שטראוס""","שטראוס גרופ בע""\מ",IL,לימבו בטעם פטל 0% שו,גרמים,125.00,100 גרם,false,,2.10,1.6800,true,1,23729
7290110565527,false,יוגורט PRO פרו 1.5% 20 גרם חלבון בגביע,"שטראוס בריאות בע""מ",IL,דנונה PRO 20 גרם חלב,גרמים,200.00,100 גרם,false,,5.00,2.5000,true,1,23731
7290110566623,false,קפסולות קולומביה עלית 08 למכונת נספרסו מארז 5X10ג',שטראוס קפה בי.וי.,IL,עלית קפסולות קולומבי,גרמים,50.00,100 גרם,false,,14.40,28.8000,true,1,22801
7290110566975,false,דנונה פרו יוגורט 0% תות עשיר בחלבון 200ג',"שטראוס בריאות בע""\מ",IL,דנונה PRO 20 גרם חלב,גרמים,200.00,100 גרם,false,,5.00,2.5000,true,1,23741
7290110568238,false,"קצפת צמחית 21% שומן 250 מ""ל יוטבתה",מחלבת יטבתה,IL,קצפת צימחית 21% במתי,מיליליטרים,250.00,"100 מ""ל",false,,6.80,2.7200,true,1,23753
7290110568276,false,משקה וניל פרו Pro מועשר בחלבון 1.5%,מחלבת יטבתה,DE,משקה פרו וניל יטבתה,מיליליטרים,350.00,"100 מ""ל",false,,5.90,1.6857,true,1,23754
7290110568627,false,עלית - פסק זמן רול שוקולד חלב עם קרם אגוזים 26 גרם,שולן צ'\יקולטה גידה סאן.,TR,פסק זמן רול ש.חלב עם,גרמים,28.00,100 גרם,false,,3.40,12.1429,true,1,59278
7290110568924,false,עלית - פסק זמן רול שוקולד חלב עם קרם חלב וקוקוס 26 גרם,שולן צ'\יקולטה גידה סאן.,TR,פסק זמן רול ש.חלב עם,גרמים,26.00,100 גרם,false,,3.40,13.0769,true,1,62533
7290110570583,false,"פולי אספרסו עשירים וארומטיים עוצמה 10 1 ק""ג עלית",,,פולי אספרסו עשירים ו,קילוגרמים,1.00,"ק""ג",false,,64.10,64.1000,true,1,392681
7290110571382,false,מעדן חלב בטעם וניל מעושר בחלבון 150 ג' שטראוס,"שטראוס בריאות בע""\מ",IL,מעדן חלב מועשר בחלבו,גרמים,150.00,100 גרם,false,,4.30,2.8667,true,1,421790
7290110571405,false,עלית - מיני פינוקיות בגביע פסק זמן 180 גרם,"הגביע מוצרי ופלים בע""\מ",IL,מיני פינוקיות פסק זמ,גרמים,180.00,100 גרם,false,,9.40,5.2222,true,1,610006
7290110571412,false,מיני פינוקיות - פאדג' שוקולד בגביע 180 גרם,"הגביע מוצרי ופלים בע""\מ",IL,מיני פינוקיות בגביע,גרמים,180.00,100 גרם,false,,9.40,5.2222,true,1,609977
7290110571535,false,מארז קפה טורקי הל עלית 300 גרם,שטראוס קפה בי.וי.,IL,קפה עלית טורקי הל מא,גרמים,300.00,100 גרם,false,,21.30,7.1000,true,1,442696
7290110572129,false,כיף כף מקלות שוקולד לבן 40 ג' עלית,סולן בעבור שטראוס,TR,כיף כף מקלות שוקולד,גרמים,40.00,100 גרם,false,,4.20,10.5000,true,1,613360
7290110572969,false,כיף כף פצפצים עקרם לבן 40ג' עלית,שולן צ'\יקולטה גידה סאן.,TR,כיף כף פצפצים קרם לב,גרמים,40.00,100 גרם,false,,4.20,10.5000,true,1,547546
7290110572976,false,כיף כף פצפצים בגביע במילוי קרם בטעם שוקולד לבן,שולן צ'יקולטה גידה ס,TR,כיף כף פצפצים קרם לב,גרמים,135.00,100 גרם,false,,8.50,6.2963,true,1,547401
7290110574413,false,עלית - פופקורן בטעם טעמי 70 גרם,סראנו בעבור שטראוס,קפריסין,נשנושי פופקורן מתוק,גרמים,70.00,100 גרם,false,,6.80,9.7143,true,1,620394
7290110574420,false,עלית - פופקורן בטעם פסק זמן 70 גרם,סראנו בעבור שטראוס,קפריסין,נשנושי פופקורן מתוק,גרמים,70.00,100 גרם,false,,6.80,9.7143,true,1,620395
7290110576370,false,מארז שלישייה שוקולד מריר חלבי עם אגוזי לוז,סמואה,FR,מארז שלישיית אגוז מ,גרמים,300.00,100 גרם,false,,18.70,6.2333,true,1,588181
7290110576752,false,טבלאות שוקולד ספלנדיד מריר 70% 100 ג' עלית,קימ'ס גריפלנן,BE,שוקולד ספלנדיד מריר,גרמים,100.00,100 גרם,false,,8.50,8.5000,true,1,610300
7290110576776,false,טבלאות שוקולד ספלנדיד מריר 85% 100 ג' עלית,קימ'ס גריפלנן,BE,שוקולד ספלנדיד מריר,גרמים,100.00,100 גרם,false,,8.50,8.5000,true,1,610301
7290110577711,false,"משקה שייק חלבון מי גבינה עם אפרסק ומנגו350מ""ל יטבתה",מחלבת יטבתה,IL,שייק חלבון whey אפרס,מיליליטרים,350.00,"100 מ""ל",false,,6.80,1.9429,true,1,611007
7290111090424,false,"I-CARE מגבונים להסרת לק, 10 בקופ'/24 יח' בקרטון",די.פי.אל,IL,מגבונים להסרת לק איי,יחידה,0.00,יחידה,false,,6.80,0.0000,true,1,29371
7290111091520,false,"דר' עור תחליב רחצה קלאסי -קוקוס 700 מ""ל","אמיליה קוסמטיקס בע""מ",IL,תחליב רחצה קלאסי קוק,מיליליטרים,700.00,"100 מ""ל",false,,16.20,2.3143,true,1,29378
7290111093180,false,מטליות לחות לניקוי ב,די.פי.אל,IL,מטליות לחות לניקוי ב,יח',150.00,יח',false,,16.20,0.1080,true,1,298872
7290111093760,false,קוויק מטליות לחות לניקוי רצפות ניחוח מרכך כביסה 10 יחידות,די.פי.אל,IL,קוויק מגבונים לניקוי,יח',10.00,יח',false,,9.40,0.9400,true,1,373625
7290111093982,false,"טרופיקל תחליב רחצה פסיפלורה ואינקה אינצ'י 700 מ""ל דר' עור","אמיליה קוסמטיקס בע""\מ",IL,תחליב רחצה פסיפלורה,מיליליטרים,700.00,"100 מ""ל",false,,16.20,2.3143,true,1,589479
7290111094651,false,שקיות אשפה L עם ידית קוויק 40 יח',,TR,קוויק שקיות אשפה L ח,יחידה,0.00,יחידה,false,,11.03,0.0000,true,1,237804
7290111097041,false,מגבוני בייביסיטר מבושמים 66*8,קיבוץ עמיר dpl,IL,בייביסיטר מגבונים לח,יחידה,0.00,יחידה,false,,17.90,0.0000,true,1,181364
7290111097836,false,קוויק מגבונים 99.9% דוחה אבק למשטחים בניחוח מרכך כביסה 50 יחידות,די.פי.אל,IL,קוויק מגבונים לניקוי,יחידה,0.00,יחידה,false,,7.70,0.0000,true,1,373585
7290111098536,false,מגבונים לחים לתינוק,,,מגבונים לחים לתינוק,יחידה,0.00,יחידה,false,,12.80,0.0000,true,1,417285
7290111285288,false,צלחת במבוק 23 סמ ספיידרמן,שמחה זה אנחנו,CN,צלחת במבוק 9 אנץ,יחידה,0.00,יחידה,false,,9.40,0.0000,true,1,33198
7290111285462,false,כוס במבוק ספיידרמן יח,שמחה זה אנחנו,CN,כוס במבוק ספיידרמן,יחידה,0.00,יחידה,false,,7.70,0.0000,true,1,33200
7290111341540,false,קוטקס אקטיב טמפונים ללא מוליך נורמל 32יח,קימברלי קלארק צ'כיה,CZ,טמפונים קוטקס אקטיב,יחידה,0.00,יחידה,false,,23.00,0.0000,true,1,9140
7290111342059,false,50 מטליות מיקרופייבר לשטחים אנטיבקטריאלי ניקול,ניקול,IL,מטליות לחות אנטיבקטר,יחידה,0.00,יחידה,false,,11.10,0.0000,true,1,9155
7290111343827,false,ניקול מטליות רב שימושיות לניקוי וקרצוף 6 יח',ניקול,IL,ניקול מטליות רב שימו,יח',9.00,יח',false,,8.50,0.9444,true,1,87850
7290111344527,false,ניקול שקיות אשפה XXL לפחים ענקיים 20 יחי,קימברלי קלארק,IL,שקיות אשפה ניקול XXL,יחידה,0.00,יחידה,false,,20.40,0.0000,true,1,150205
7290111344558,false,ניקול שקיות אשפה גדולות 100 יח,חוגלה קימברלי,IL,שקיות אשפה נשלפות לא,יח',100.00,יח',false,,25.60,0.2560,true,1,289917
7290111344855,false,קוטקס - מגיני יום אקסטרא פרוטקט לארג' ביג 52 יח',חוגלה קימברלי,CN,מגיני תחתון סופר פרו,יחידה,0.00,יחידה,false,,16.90,0.0000,true,1,289821
7290111345753,false,תחבושות נטורל דואו נורמל 24 יח' קוטקס,קריות זול,CZ,תחבושות כותנה נורמל,יחידה,0.00,יחידה,false,,16.20,0.0000,true,1,372672
7290111345777,false,תחבושת קוטקס כותנה לילה 16 יח' קוטקס,קריות זול,CZ,תחבושות כותנה נייט +,יחידה,0.00,יחידה,false,,16.20,0.0000,true,1,372674
7290111346118,false,האגיס מגבונים בישום עדין רביעייה מהדורה,ווטנאפס,IL,מגבוני האגיס מהדורה,יח',288.00,יח',false,,16.20,0.0562,true,1,552190
7290111350726,false,חטיף נאצוס הוטפופ בסגנון מקסיקני 322 גר,ליימן מותגים,US,הוטפופ נאצ'וס בסגנון,גרמים,322.00,100 גרם,false,,13.60,4.2236,true,1,12821
7290111352973,false,יוגוטה קוביות חמוצות ממולאות בטעם פירות,יוגטה yogueta,TR,יוגטה קוביות חמוציות,גרמים,220.00,100 גרם,false,,5.90,2.6818,true,1,87675
7290111353109,false,"גומי נחש מבריק 200 גר' וסטהיים (כש""לפ בית יוסף).",טופגם תעשיות ממתקים,TR,יוגטה סוכריות גומי נ,גרמים,200.00,100 גרם,false,,7.60,3.8000,true,1,104011
7290111353680,false,גרעיני חמניה קליית גת 350 גרם,קליית גת,,גרעיני חמנייה 350 גר,גרמים,350.00,100 גרם,false,,8.60,2.4571,true,1,157110
7290111354748,false,כדורגל קליית גת מתנה,,CN,כדורגל קליית גת מתנה,יחידה,0.00,יחידה,false,,0.01,0.0000,true,1,598700
7290111564239,false,שלגוני קראנץ' Crunch בטעם וניל - 5 יח',גלידות נסטלה )נגה גלידות,IL,קראנץ' מאגדת מיני ונ,גרמים,275.00,100 גרם,false,,23.80,8.6545,true,1,15990
7290111564277,false,פריכיות דקות ונימוחות 3 דגנים פיטנס Fitness,פרח תעשיות בעמ,IL,פריכיות 3 דגנים דקות,גרמים,120.00,100 גרם,false,,9.30,7.7500,true,1,18989
7290111564291,false,פריכיות דקות ונימוחות 3 דגנים וקינואה פיטנס Fitness,פרח תעשיות בעמ,IL,פריכיות קינואה דקות,גרמים,120.00,100 גרם,false,,9.30,7.7500,true,1,18990
7290111565038,false,"לה קרמריה וניל קוקילידה בד""צ 1.4 ל'",גלידות נסטלה )נגה גלידות,IL,לה קרמריה בטעם וניל,ליטרים,1.40,ליטר,false,,19.60,14.0000,true,1,15994
7290111565502,false,ארטיק אוראו וניל ועוגיות סנדוויץ נסטלה 80 ג',ג'נרל מילס סאן אדריא,IT,סנדוויץ אוראו,יחידה,0.00,יחידה,false,,8.50,0.0000,true,1,15998
7290111566127,false,מעדן אוראו קפוא בטעם וניל עם עוגיות בטעם שוקולד,ג'נרל מילס סאן אדריא,IT,אוראו מאגדת סנדביץ 6,גרמים,198.00,100 גרם,false,,18.70,9.4444,true,1,15999
7290111566271,false,חטיפי תירס טבעול 657 גרם,עיצובים 2020 (4.8),IL,חטיפי תירס טבעול 65,גרמים,657.00,100 גרם,false,,26.40,4.0183,true,1,19784
7290111566318,false,שניצל דק מן הצומח בטעם ביתי 700 גרם,עיצובים 2020 (4.8),IL,שניצל דק צמחוני בט,גרמים,564.00,100 גרם,false,,26.40,4.6809,true,1,19786
7290111566547,false,טבעול חזה בגריל צמחוני 99 קלוריות 560ג',עיצובים 2020 (4.8),IL,חזה בגריל מו הצומח,גרמים,560.00,100 גרם,false,,26.40,4.7143,true,1,19790
7290111566561,false,"שניצל ברוקולי 99 קלוריות 560 גר' ""טבעול""",עיצובים 2020 (4.8),IL,טבעול שניצל ברוקולי,גרמים,630.00,100 גרם,false,,26.40,4.1905,true,1,19791
7290111566585,false,"שניצל צמחוני 99 קלוריות 650 גר' ""טבעול""",עיצובים 2020 (4.8),IL,שניצל מן הצומח מופח,גרמים,650.00,100 גרם,false,,26.40,4.0615,true,1,19792
7290111566660,false,קציצות עדשים כתומות טבעול 530 גרם,עיצובים 2020 (4.8),IL,קציצות עדשים כתומות,גרמים,530.00,100 גרם,false,,26.40,4.9811,true,1,19793
7290111566714,false,טבעול המבורגר צמחוני 99 קלוריות 600 גרם,עיצובים 2020 (4.8),IL,המבורגר מן הצומח 6,גרמים,600.00,100 גרם,false,,26.40,4.4000,true,1,19795
7290111566776,false,"נקניקיות קוקטייל מן הצומח 680 גרם ""טבעול""",עיצובים 2020 (4.8),IL,נקנקיות קוקטייל מן,גרמים,680.00,100 גרם,false,,26.40,3.8824,true,1,19798
7290111568206,false,"מיקס ביסלי, אפרופו ופיצוחים מתובלים",פרו מן יו פתרונות אר,IL,ביסלי פארטי מיקס ברב,גרמים,150.00,100 גרם,false,,5.90,3.9333,true,1,19036
7290111568251,false,אטריות נודלס להקפצה אסם אסייתי 350 גר',תאי פרזידנטפוד,TH,נודלס אטריות להקפצה,גרמים,350.00,100 גרם,false,,7.70,2.2000,true,1,19037
7290111568275,false,אטריות נודלס אורז רחבות אסם אסייתי 300גרם,תאי פרזידנט,TH,נודלס אטריות אורז רח,גרמים,300.00,100 גרם,false,,7.70,2.5667,true,1,19038
7290111568466,false,רוטב אסייתי למוקפץ הסדרה האסייתית,אסיף תעשיות מזון בעמ,IL,אסם רוטב אסיאתי למוק,מיליליטרים,290.00,"100 מ""ל",false,,11.00,3.7931,true,1,19045
7290111870927,false,מרשמלו מסולסל ארוך 18 גר'-הלו קיטי,,CN,מרשמלו מסולסל ארוך 1,גרמים,432.00,100 גרם,false,,25.56,5.9167,true,1,230952
7290111870934,false,מרשמלו מסולסל ארוך 18 גר'-מפרץ הרפתקאות,,CN,מרשמלו מסולסל ארוך 1,גרמים,432.00,100 גרם,false,,25.56,5.9167,true,1,230968
7290111871061,false,מרשמלו מסולסל ארוך 18 גר'-סמי הכבאי,,CN,מרשמלו מסולסל ארוך 1,גרמים,432.00,100 גרם,false,,25.56,5.9167,true,1,230969
7290111871078,false,מרשמלו מסולסל ארוך 18 גר' -ליגת הצדק,,CN,מרשמלו מסולסל ארוך 1,גרמים,432.00,100 גרם,false,,25.56,5.9167,true,1,230953
7290111930805,false,קראנצ'וס טעם ברביקיו 55 גר',חברת מנה בעמ,IL,קראנצו'ס ברביקיו 55,גרמים,55.00,100 גרם,false,,3.30,6.0000,true,1,21552
7290111930850,false,קראנצ'וס טעם פיצה 55גר',קראנצ'וס,IL,קראנצו'ס פיצה 55 גרם,גרמים,55.00,100 גרם,false,,3.30,6.0000,true,1,21557
7290111930898,false,חטיף פוף כוכבים גריל אמריקאי 40 גרם,פוף POOF,IL,פוף כוכבים גריל אמרי,גרמים,40.00,100 גרם,false,,3.30,8.2500,true,1,21561
7290111930911,false,חטיף פוף לבבות קלאסי 40 גרם,פוף POOF,IL,פוף לבבות קלאסי 40 ג,גרמים,40.00,100 גרם,false,,3.40,8.5000,true,1,21563
7290111930928,false,חטיף פוף לבבות גריל 40 גרם,פוף POOF,IL,"פוף לבבות גריל 40 ג""",גרמים,40.00,100 גרם,false,,3.40,8.5000,true,1,21564
7290111932380,false,"מארז זוגי משחת שיניים מרידול 75 מ""ל",GABA LOER GER,PL,מרידול משחות שיניים,גרמים,150.00,100 גרם,false,,25.60,17.0667,true,1,21580
7290111932502,false,"משחת שיניים קולגייט אופטיק וייט אקספרט וויט 75 מ""ל",קולגייט Colgate,MX,מש.שיניים אופטיק ויי,מיליליטרים,75.00,"100 מ""ל",false,,23.90,31.8667,true,1,21581
7290111933462,false,"רוטב צ'ילי מתוק מאסטר שף 300 מ""ל","סיטי פוד בע""מ",TH,רוטב צ'ילי מתוק 300,מיליליטרים,300.00,"100 מ""ל",false,,8.50,2.8333,true,1,21590
7290111933554,false,שלישייה עגבניות קוביות מאסטר שף 400 גרם,קונסוריזיו קאסאלסקו,IT,עגבניות קוביות מאסטר,קילוגרמים,1.20,"ק""ג",false,,13.60,11.3333,true,1,21595
7290111935527,false,"מ. שיניים קולגייט טוטל קלין מיניט -זוג כשל""פ2*100 גרם",קולגייט פלמוליב,PL,קולגייט טוטל קלין מי,מיליליטרים,200.00,"100 מ""ל",false,,25.60,12.8000,true,1,21599
7290111936647,false,"משחת שיניים קולגייט מקס כחול 125 מ""ל*2 כשלפ",קולגייט פלמוליב,PL,קולגייט מקס זוג 2*12,מיליליטרים,250.00,"100 מ""ל",false,,25.60,10.2400,true,1,21619
7290111938481,false,"רוטב סויה בהירה מאסטר שף 300 מ""ל",מאסטר שף,TH,רוטב סויה בהירה מ.שף,מיליליטרים,300.00,"100 מ""ל",false,,9.40,3.1333,true,1,72643
7290111939143,false,קוקי נייר אפייה עגול קוטר 28,,IL,קוקי נייר אפייה עגול,יחידה,0.00,יחידה,false,,6.80,0.0000,true,1,96771
7290112000736,false,פיניש טבליות aio 80 יח אריזת חסכון,רקיט בנקיזר,PL,פיניש הכל ב-1 80 טבל,יחידה,0.00,יחידה,false,,51.20,0.0000,true,1,20811
7290112000828,false,דטול - מגבונים חיטוי וניקוי אנטי בקטריאלי 60 יח',רקיט בנקיזר,PL,מגבונים אנטי בקטריאל,יח',60.00,יח',false,,11.00,0.1833,true,1,20814
7290112002105,false,קולון גל כביסה מרוכז 2.5 ליטר ניחוח לילך,רקיט בנקיזר,IL,קולון ג'ל 2.5 ליטר כ,ליטרים,2.50,ליטר,false,,21.30,8.5200,true,1,20840
7290112002129,false,ג'ל כביסה מרוכז קולון 101 בניחוח פריחה מרענן,רקיט בנקיזר,IL,קולון ג'ל 2.5 ליטר ב,ליטרים,2.50,ליטר,false,,21.30,8.5200,true,1,20842
7290112002143,false,ג'ל כביסה מרוכז קולון 101 בניחוח לילך,רקיט בנקיזר,IL,קולון ג'ל 4 ליטר ליל,ליטרים,4.00,ליטר,false,,29.80,7.4500,true,1,20844
7290112002150,false,ג'ל כביסה מרוכז קולון 101 בניחוח ורדים,רקיט בנקיזר,IL,קולון ג'ל 4 ליטר בני,ליטרים,4.00,ליטר,false,,29.80,7.4500,true,1,20845
7290112003140,false,"אירוויק ספרי אוטמטי מילוי מנגו מרענן 250 מ""ל",RECKITT BENCKISER UK,GB,איירוויק פרשמטיק מיל,מיליליטרים,250.00,"100 מ""ל",false,,12.80,5.1200,true,1,69921
7290112003188,false,קולון קפסולות גל לכביסה 60 יחידות,רקיט בנקיזר,IT,קולון קפסולות למכונת,יחידה,0.00,יחידה,false,,49.50,0.0000,true,1,101189
7290112003232,false,אבקת כביסה בניחוח לבנדר קולון 5 ק''ג,זוהר דליה,IL,אבקת כביסה קולון לבנ,קילוגרמים,5.00,"ק""ג",false,,34.10,6.8200,true,1,81009
7290112003478,false,"איירוויק ספריי נטול גז אננס ורוזמרין 236 מ""ל",רקיט בנקיזר,PL,איירוויק בוטניקה ספר,מיליליטרים,236.00,"100 מ""ל",false,,17.10,7.2458,true,1,120410
7290112003515,false,איירוויק ספריי בוטינקה בניחוח ורדים וגרניום 236 מל,רקיט בנקיזר,PL,איירוויק בוטניקה ספר,מיליליטרים,236.00,"100 מ""ל",false,,17.10,7.2458,true,1,120412
7290112003997,false,אבקת וניש להסרת כתמי,RB איטליה,IT,אבקה להסרת כתמים לבג,קילוגרמים,1.62,"ק""ג",false,,29.90,18.4568,true,1,384336
7290112004413,false,"ספריי וניש קליה להסרת כתמים לבגדים לבנים 750 מ""ל",רקיט בנקיזר,PL,מסיר כתמים ספריי כבי,מיליליטרים,750.00,"100 מ""ל",false,,14.50,1.9333,true,1,394378
7290112004468,false,דטול - מחטא כביסה לכותנה 1.50 ליטר,RB איטליה,IT,מחטא כביסה בניחוח כו,ליטרים,1.50,ליטר,false,,21.29,14.1933,true,1,235578
7290112004710,false,"ג'ל וניש שקוף לכביסה לבנה ועדינה 750 מ""ל",רקיט בנקיזר,IT,וניש מסיר כתמים ג'לי,ליטרים,750.00,100 ליטר,false,,17.10,2.2800,true,1,612805
7290112005045,false,וניש תוסף כביסה רב תכליתי לבגדים לבנים,קליה וניש Kalia Vanish,IT,וניש אבקה לכביסה לבנ,מיליליטרים,480.00,"100 מ""ל",false,,14.50,3.0208,true,1,549997
7290112005052,false,וניש תוסף כביסה רב תכליתי לבגדים לבנים,קליה וניש Kalia Vanish,IT,וניש אבקה לכביסה לבנ,ליטרים,1500.00,100 ליטר,false,,34.20,2.2800,true,1,549970
7290112005076,false,אבקה להסרת כתמים לכביסה צבעונית וניש קליה 480 גרם,קליה וניש Kalia Vanish,IT,וניש אבקה לכביסה צבע,גרמים,480.00,100 גרם,false,,14.50,3.0208,true,1,550011
7290112005083,false,וניש תוסף כביסה רב תכליתי לכביסה צבעונית,קליה וניש Kalia Vanish,IT,וניש אבקה לכביסה צבע,ליטרים,1.50,100 ליטר,false,,34.20,2280.0000,true,1,549956
7290112005144,false,מכשיר פרשמטיק אוטומטי ניחוח יסמין,רקיט בנקיזר,GB,איירוויק מכשיר אוטומ,יחידה,0.00,יחידה,false,,38.40,0.0000,true,1,515452
7290112190468,false,שמן זית ספרדי טבעי 7,,ES,"שמן זית 750 מ""ל G FO",מיליליטרים,750.00,"100 מ""ל",false,,26.40,3.5200,true,1,199866
7290112191069,false,8 טורטיות מזונות ברי,,,8 טורטיות מזונות ברי,גרמים,320.00,100 גרם,false,,7.70,2.4063,true,1,48960
7290112191274,false,טורטיה מקמח חיטה 780גרם 12 יחידות,,,12 טורטיות מקמח חיט,גרמים,780.00,100 גרם,false,,11.10,1.4231,true,1,48967
7290112192578,false,משחת שיניים פרודונטקס אקסטרה פרש הגנה מלאה,ג'י.אס.קיי קונסיומר,IE,מש.שיניים פרמיום הגנ,מיליליטרים,75.00,"100 מ""ל",false,,30.70,40.9333,true,1,4065
7290112193278,false,"סטייל - שמפו מתולתלות לניקוי יסודי 600 מ""ל",א.ל.ארמן ייצור תמרוקים ב,IL,"שמפו מתולתלות 600 מ""",מיליליטרים,600.00,"100 מ""ל",false,,21.30,3.5500,true,1,86178
7290112193285,false,"סטייל - מרכך מתולתלות מגביר לחות 600 מ""ל",א.ל.ארמן ייצור תמרוקים ב,IL,"מרכך מתולתלות 600 מ""",מיליליטרים,600.00,"100 מ""ל",false,,21.30,3.5500,true,1,86179
7290112195227,false,אטריות ביצים דקיקות 500 גר,פ.פ.איץ טאביט ספ. ז.או.א,PL,אטריות ביצים דקיקות,גרמים,500.00,100 גרם,false,,11.90,2.3800,true,1,200028
7290112195579,false,שמן זית כתית מעולה 7,אסאס דל סור,ES,שמן זית איטליה 750 מ,מיליליטרים,750.00,"100 מ""ל",false,,26.40,3.5200,true,1,272259
7290112196774,false,ביסקוויט כוסמין חצי מצופה 175 גרם,,,ביסקוויט חצי מצופה כ,גרמים,175.00,100 גרם,false,,10.20,5.8286,true,1,563746
7290112330352,false,"יוגורט PRO בטעם וניל 0% , 20 גרם חלבון בגביע","שטראוס בריאות בע""\מ",IL,דנונה פרו 20 גר וניל,גרמים,200.00,100 גרם,false,,5.00,2.5000,true,1,23763
7290112330390,false,דנונה פרו פירות יער 20 גרם חלבון 0% שומן 200 גרם,"שטראוס בריאות בע""\מ",IL,דנונה פרו 20 גר פירו,גרמים,200.00,100 גרם,false,,5.00,2.5000,true,1,23765
7290112332691,false,פינוקיות עוגיות קרם פסק זמן אגוזים 200 גרם,"הגביע מוצרי וופלים בע""\מ",IL,פינוקיות עוגיית קרם,גרמים,200.00,100 גרם,false,,9.40,4.7000,true,1,22856
7290112334596,false,שוקולית 935 גר עלית,שטראוס קפה בי.וי.,IL,אבקה להכנת שוקו 850,גרמים,935.00,100 גרם,false,,13.60,1.4545,true,1,615843
7290112335487,false,הפריכיות הטעימות קצח ודגנים אנרג'י 135 גרם,אנרג'י Energy - שטראוס,IL,פריכיות הטעימות קצח,גרמים,135.00,100 גרם,false,,9.30,6.8889,true,1,22870
7290112335500,false,"פרכיות אנרג'י חומוס,אורז,עדשים שחורות וקינואה 135 גרם","פרח תעשיות מזון בע""\מ",IL,פריכיות הטעימות עשיר,גרמים,135.00,100 גרם,false,,9.30,6.8889,true,1,22872
7290112336613,false,עד חצות סנדוויץ' ביסקוויט עם שוקולד חלב,שטראוס גרופ,FR,עד חצות סנדוויץ' 135,גרמים,135.00,100 גרם,false,,8.50,6.2963,true,1,22881
7290112336644,false,סוכריות מאסט ללא סוכר לימון 80 ג' עלית,שטראוס גרופ,PL,"סוכריות מאסט לל""ס לי",גרמים,80.00,100 גרם,false,,5.90,7.3750,true,1,22884
7290112336712,false,יוגורט PRO לבן 0% 21 גרם חלבון בגביע,"שטראוס בריאות בע""מ",IL,דנונה פרו 21 0% שומן,גרמים,200.00,100 גרם,false,,5.00,2.5000,true,1,23795
7290112337474,false,סוכריות מאסט ללא סוכר פטל לימון 80 ג' עלית,שטראוס גרופ,PL,"סוכריות מאסט לל""ס פט",גרמים,80.00,100 גרם,false,,5.90,7.3750,true,1,22888
7290112337481,false,סוכריות מאסט ללא סוכר קפצ''ינו 80 ג' עלית,שטראוס גרופ,PL,"סוכריות מאסט לל""ס קפ",גרמים,80.00,100 גרם,false,,5.90,7.3750,true,1,22889
7290112339362,false,דנונה לייט אנד פריי בטעם קפוצ'ינו 150 גרם,"שטראוס בריאות בע""\מ",IL,דנונה לייט אנד פריי,גרמים,150.00,100 גרם,false,,4.20,2.8000,true,1,23811
7290112339867,false,גמדים לדרך גבינה לבנה עם מחית תות,"שטראוס בריאות בע""\מ",IL,גמדים סקוויז בודד תו,גרמים,100.00,100 גרם,false,,5.00,5.0000,true,1,23824
7290112339874,false,גמדים לדרך גבינה לבנה עם מחיות תות ובננה,"שטראוס בריאות בע""\מ",IL,גמדים סקוויז בודד תו,גרמים,100.00,100 גרם,false,,5.00,5.0000,true,1,23825
7290112340122,false,הפריכיות הטעימות 3 דגנים אנרג'י 135 גרם,"פרח תעשיות מזון בע""\מ",IL,פריכיות הטעימות 3 דג,גרמים,135.00,100 גרם,false,,9.30,6.8889,true,1,22898
7290112341679,false,דנונה אקטיביה 3% שומן 200 גרם,מיוצר עי קונדיטוריית,IL,דנונה אקטיביה 3% 200,גרמים,200.00,100 גרם,false,,3.30,1.6500,true,1,23838
7290112341686,false,שמינייה יוגורט לבן אקטיביה 3% דנונה 150 גרם.,מיוצר עי קונדיטוריית,IL,אקטיביה מארז 3% 8*15,קילוגרמים,1.20,"ק""ג",false,,17.00,14.1667,true,1,23839
7290112342102,false,סימפוניה גבינה במרקם שמנת בצל מקורמל 5%,"שטראוס בריאות בע""\מ",IL,סימפוניה 5% בצל מקור,גרמים,200.00,100 גרם,false,,9.80,4.9000,true,1,23847
7290112342270,false,קפה פלטינום אינטנס מחוזק ב- 10% אספרסו,שטראוס קפה בי.וי,IL,קפה פלטינום אינטנס 1,גרמים,125.00,100 גרם,false,,16.20,12.9600,true,1,22920
7290112342508,false,דוריטוס צ'יזי טוויסט 70 גרם,"שטראוס פריטו ליי בע""\מ",IL,דוריטוס קול ראנץ' 70,גרמים,70.00,100 גרם,false,,3.10,4.4286,true,1,24162
7290112343260,false,"יטבתה רוטב שמנת קלאסי 9% שומן 260 מ""ל",שטראוס גרופ,IL,יטבתה רוטב שמנת קלאס,גרמים,260.00,100 גרם,false,,8.50,3.2692,true,1,23854
7290112343420,false,"משקה חלב עם דגנים מלאים ובננה פרו יטבתה 350מ""ל",מחלבת יטבתה,IL,משקה יטבתה פרו 20 אר,מיליליטרים,350.00,"100 מ""ל",false,,6.80,1.9429,true,1,23857
7290112343499,false,חטיף צ'יטוס פאפס אפוי בטעם גבינה,"שטראוס פריטו ליי בע""\מ )",IL,ציטוס Puffs בטעם גבי,גרמים,55.00,100 גרם,false,,3.00,5.4545,true,1,223584
7290112344724,false,מעדן בטעם שוקולד בלונדי 170 ג' מילקי,מיוצר עי קונדיטוריית,IL,מילקי בטעם שוקולד בל,מיליליטרים,170.00,"100 מ""ל",false,,3.00,1.7647,true,1,23864
7290112344755,false,מילקי שוקולד 26% פחות סוכר 135 גרם,מיוצר עי קונדיטוריית,IL,מילקי עם 26% פחות סו,מיליליטרים,135.00,"100 מ""ל",false,,2.50,1.8519,true,1,112540
7290112344786,false,קפה פלטינום קלאסיק עלית 200 גרם,שטראוס קפה בי.וי.,IL,פלטינום קלאסיק עלית,גרמים,200.00,100 גרם,false,,21.30,10.6500,true,1,22931
7290112346360,false,בפלות אחת אחת ופל בטעם שוקולד מצופה שוקולד,הגביע מוצרי וופלים ב,GR,בפלות אחת אחת בציפוי,גרמים,180.00,100 גרם,false,,12.80,7.1111,true,1,22942
7290112346537,false,עוגיות פינוקיות בטעם טורטית 200 ג' עלית,"הגביע מוצרי ופלים בע""\מ",IL,פינוקיות עוגיות בטעם,גרמים,200.00,100 גרם,false,,9.40,4.7000,true,1,22943
7290112346629,false,דנונה בר יוגורט+קורנפלקס מצופה שוקולד חלב ולבן 172 גרם,"שטראוס בריאות בע""\מ",IL,דנונה קראנצ' עם קורנ,מיליליטרים,172.00,"100 מ""ל",false,,3.90,2.2674,true,1,73714
7290112346773,false,יוגורט בטעם וניל 0% לייט אנד פרי 10 גרם חלבון בגביע,מיוצר עי קונדיטוריית,IL,דנונה לייט אנד פריי,מיליליטרים,150.00,"100 מ""ל",false,,4.20,2.8000,true,1,120166
7290112347473,false,מארז דנונה לייט אנד פריי תות ואפרסק 150 גרם 8 יחידות,מיוצר עי קונדיטוריית,IL,דנונה לייט אנד פריי,קילוגרמים,1.20,"ק""ג",false,,23.80,19.8333,true,1,23892
7290112348999,false,הפריכיות הטעימות תירס דקות אנרג'י 135 גרם,פרח תעשיות,IL,פריכיות טעימות תירס,גרמים,135.00,100 גרם,false,,9.30,6.8889,true,1,118437
7290112349606,false,מעדן גבינה ויוגורט תות בננה 88 ג' דניאלה,"שטראוס בריאות בע""\מ",IL,דניאלה תות בננה 150,מיליליטרים,150.00,"100 מ""ל",false,,3.50,2.3333,true,1,316264
7290112349736,false,בזיליקום רוטב עגבניות לפסטה יד מרדכי 350 גרם,אמיליאנה קונסרב סוסייטה,IT,רוטב עגבניות בזיליקו,גרמים,350.00,100 גרם,false,,9.40,2.6857,true,1,22951
7290112349750,false,פיצה רוטב עגבניות לפיצה יד מרדכי 350 גרם,אמיליאנה קונסרב סוסייטה,IT,רוטב עגבניות לפיצה 3,גרמים,350.00,100 גרם,false,,9.40,2.6857,true,1,22953
7290112350312,false,קפסולות 15 קפה יותר למכונות נספרסו עלית 10יח',הנסיך- מפעל לייצור ט,IL,עלית קפסולות 15 למכ,גרמים,50.00,100 גרם,false,,14.40,28.8000,true,1,96664
7290112351067,false,סילאן טבעי 100% תמר מג'הול ללא תוספת סוכר,יד מרדכי,IL,סילאן טבעי לחיץ יד מ,גרמים,630.00,100 גרם,false,,20.40,3.2381,true,1,63784
7290112351104,false,שוקולד פרה ממולא פיצפוצי אורז 100 ג' עלית,"שטראוס גרופ בע""\מ",IL,שוקולד פרה פיצפוצי א,גרמים,100.00,100 גרם,false,,4.20,4.2000,true,1,70804
7290112351128,false,שוקולד פרה סוכריות קופצות וועסטהייים,"שטראוס גרופ בע""\מ",IL,שוקולד פרה חלב סוכרי,גרמים,100.00,100 גרם,false,,4.20,4.2000,true,1,171953
7290112351524,false,עלי סלנובה 200 גר' שטראוס טעם הטבע,שטראוס בריאות ירקות טריי,IL,עלי סלנובה טעם הטבע,גרמים,200.00,100 גרם,false,,11.90,5.9500,true,1,78964
7290112354174,false,"פסטה רוזה 280 ג""ר ""דלישס"" שטראוס",גסטרונומיה פרוסט אס. אר.,IT,פסטה רוזה שטראוס דלי,גרמים,280.00,100 גרם,false,,18.72,6.6857,true,1,236595
7290112354204,false,"ספגטי עגבניות 280 גר' ""דלישס"" שטראוס",גסטרונומיה פרוסט אס. אר.,IT,ספגטי עגבניות שטראוס,גרמים,280.00,100 גרם,false,,18.72,6.6857,true,1,236596
7290112354945,false,תפוצ'יפס WAVY בטעם טבעי 50 גרם,שטראוס פריטו ליי בע”,IL,תפוצ'יפס wavy 50 גר,גרמים,50.00,100 גרם,false,,3.30,6.6000,true,1,614393
7290112354952,false,"תפוציפס WAVY בטעם פפריקה , 50 גרם",שטראוס פריטו ליי בע”,IL,תפוצ'יפס wavy פפריקה,גרמים,50.00,100 גרם,false,,3.30,6.6000,true,1,614394
7290112354969,false,תפוצ'יפס בטעם טבעי 200 גרם היתר מכירה,שטראוס פריטו ליי בע”,IL,תפוצ'יפס וויבי 200 ג,גרמים,200.00,100 גרם,false,,8.50,4.2500,true,1,614274
7290112355027,false,דנונה פרו 20 גרם חלבון בטעם קרמל מלוח 200 גרם,"שטראוס בריאות בע""\מ",IL,דנונה פרו 20 גר' בטע,גרמים,200.00,100 גרם,false,,5.00,2.5000,true,1,112569
7290112355263,false,רוטב שמנת עם שוקולד 9% שומן 260 ג' יטבתה,מחלבת יטבתה,IL,רוטב שמנת עם שוקולד9,גרמים,265.00,100 גרם,false,,8.50,3.2075,true,1,471192
7290112355393,false,"יטבתה רוטב שמנת+בטטה 9% שומן 250 מ""ל",שטראוס גרופ,IL,רוטב שמנת עם בטטה 9%,גרמים,257.00,100 גרם,false,,8.50,3.3074,true,1,589012
7290112357045,false,עגבניות איטלקיות מרוסקות 390 גר' בקופסה טעם הטבע,שטראוס טעם הטבע,IT,עגבניות איטלקיות מרו,גרמים,390.00,100 גרם,false,,5.70,1.4615,true,1,65940
7290112357083,false,טעם הטבע אפונה ירוקה 380 גרם קופסה,שטראוס טעם הטבע,IT,אפונה ירוקה טעם הטבע,גרמים,380.00,100 גרם,false,,5.90,1.5526,true,1,208009
7290112357106,false,שעועית אדומה 380 גר' בקופסה טעם הטבע,שטראוס טעם הטבע,IT,שעועית אדומה טעם הטב,גרמים,380.00,100 גרם,false,,5.90,1.5526,true,1,65942
7290112357113,false,גרגרי חומוס בקופסה 380 גר' טעם הטבע,שטראוס טעם הטבע,IT,גרגרי חומוס טעם הטבע,גרמים,380.00,100 גרם,false,,5.90,1.5526,true,1,65943
7290112358004,false,פסק זמן קראנצ' עלית 32 גרם,שולן צ'\יקולטה גידה סאן.,TR,פסק זמן קראנץ' 32 גר,גרמים,32.00,100 גרם,false,,4.20,13.1250,true,1,131063
7290112358127,false,דנונה פרו חלבון+מגנזיום- וניל ועוגיות 200 גרם,מיוצר עי קונדיטוריית,IL,דנונה פרו 20 גר עם מ,גרמים,200.00,100 גרם,false,,5.60,2.8000,true,1,106684
7290112358219,false,רוטב צ'ילי מתוק יד מרדכי 300 גרם,אף.סי תבליני בגליל ב,IL,יד מורדכי רוטב צ'ילי,מיליליטרים,300.00,"100 מ""ל",false,,11.90,3.9667,true,1,85824
7290112358240,false,רוטב גריל יד מרדכי 300 גרם,"בית אל מזון בע""מ",IL,יד מורדכי רוטב גריל,מיליליטרים,300.00,"100 מ""ל",false,,11.90,3.9667,true,1,129554
7290112358431,false,עד חצות דאבל ביסקוויט עם שוקולד חלב -8 אריזות אישיות,ביסקוויטס טור ד'\אלבון,FR,דאבל ביסקוויט עם שוק,גרמים,200.00,100 גרם,false,,11.00,5.5000,true,1,147906
7290112415400,false,עוגיות אלפחורס קפולסקי 280 גרם,תופינים מקבוצת קפולסקי,IL,עוגיות אלפאחורס 280,גרמים,280.00,100 גרם,false,,26.40,9.4286,true,1,39556
7290112490674,false,קונפיטורה דובדבנים 778 50% פרי 340 גר-,יוניליוור מזון,IL,קונפיטורה 778 דובדבן,גרמים,340.00,100 גרם,false,,10.60,3.1176,true,1,10760
7290112490728,false,מרק עשיר ירקות עם בורגול רכיבים טבעיים 95 ג' קנור,יוניליוור ישראל מזון בעמ,IL,מרק היום מרק ירקות ע,גרמים,94.00,100 גרם,false,,10.20,10.8511,true,1,219538
7290112490735,false,מרק עשיר עגבניות עם פסטה ר.טבעיים 105 גרם קנור,יוניליוור ישראל מזון בעמ,IL,מרק היום מרק עגבניות,גרמים,105.00,100 גרם,false,,10.20,9.7143,true,1,219511
7290112490742,false,מרק עשיר פטריות עם גריסים רכיבים טבעיים 104 ג' קנור,יוניליוור ישראל מזון בע\,IL,מרק היום מרק פטריות,גרמים,104.00,100 גרם,false,,10.20,9.8077,true,1,219497
7290112490759,false,מרק עשיר עוף עם אטריות רכיבים טבעיים 74 ג' קנור,יוניליוור ישראל מזון בעמ,IL,מרק היום עוף עם אטרי,גרמים,74.00,100 גרם,false,,10.20,13.7838,true,1,219470
7290112491497,false,"קנור מרק פטריות 400 גרם כשל""פ","יונליוור ישראל מזון בע""\",IL,מרק פטריות קנור 400,גרמים,400.00,100 גרם,false,,12.80,3.2000,true,1,51745
7290112491787,false,בייגלה דקים דקים עם שומשום בייגל בייגל 300 גרם,בייגל את בייגל מזון 198),IL,בייגלה דקים דקים עם,גרמים,300.00,100 גרם,false,,8.10,2.7000,true,1,10802
7290112492593,false,תחליב רחצה פינוק בניחוח פינוק קלאסי 700,יוניליוור ישראל טיפוח אי,IL,פינוק תחליב רחצה קלא,מיליליטרים,700.00,"100 מ""ל",false,,8.50,1.2143,true,1,56616
7290112492746,false,"פינוק מרכך ללא דמעות לסירוק קל לילדים 700 מ""ל",יוניליוור ישראל טיפוח אי,IL,פינוק מרכך ילדים 700,מיליליטרים,700.00,"100 מ""ל",false,,10.10,1.4429,true,1,77142
7290112492968,false,"אבקת מרק בצל קנור כשל""פ 400 גר'","יונליוור ישראל מזון בע""\",IL,מרק קנור בצל 400 גרם,גרמים,400.00,100 גרם,false,,12.80,3.2000,true,1,51747
7290112492982,false,"אבקת מרק פטריות כשל""פ 100% רכיבים טבעיים 400 גרם",יוניליוור ישראל מזון בע\,IL,מרק פטריות 100% רכיב,יח',400.00,יח',false,,17.00,0.0425,true,1,70751
7290112493095,false,נמס בכוס מרק עגבניות חריף רכיבים טבעיים קנור 48 ג',אתר חיפה אבקות - Foo,IL,נמס בכוס מרק עגבניות,גרמים,48.00,100 גרם,false,,5.90,12.2917,true,1,10827
7290112493927,false,גלידה בטעם ריבת חלב 1.33ל' קרמיסימו,"גלידת שטראוס בע""\מ, רחוב",IL,קרמיסימו ריבת חלב 1.,ליטרים,1.33,ליטר,false,,16.20,12.1805,true,1,4412
7290112493965,false,קרמיסימו חלבית בטעם מסטיק וניל 665 גר,"גלידת שטראוס בע""\מ, רחוב",IL,קרמיסימו מסטיגם 1.33,יחידה,1.33,יחידה,false,,16.20,12.1805,true,1,4414
7290112494238,false,קליק - כדורים חלב תפזורת 65 גרם,יוניליוור ישראל מזון בע\,IL,קליק כדורים חלב 65 ג,גרמים,65.00,100 גרם,false,,5.00,7.6923,true,1,10846
7290112494993,false,דגני בוקר וניל 686ג' כריות,"יוניליוור שפע ישראל בע""\",IL,"כריות וניל תלמה בד""ץ",גרמים,686.00,100 גרם,false,,21.30,3.1050,true,1,10865
7290112495280,false,ריבועי ברנפלקס קינמון תלמה 400 גרם,"יוניליוור שפע ישראל בע""\",IL,ריבועי ברנפלקס קינמו,גרמים,400.00,100 גרם,false,,17.90,4.4750,true,1,70754
7290112496027,false,סירופ שוקולד אפיכל 580 גרם,יוניליוור ישראל מזון בע\,IL,"סירופ שוקולד 600 מ""ל",מיליליטרים,600.00,"100 מ""ל",false,,10.20,1.7000,true,1,10888
7290112496287,false,פתית - צ'יפס בטטה בטעם טבעי 21 גרם,JLM גלובל פודסn37\ דרך א,GB,פתית צ'יפס בטטה בטעם,גרמים,21.00,100 גרם,false,,4.20,20.0000,true,1,181066
7290112497994,false,"גרנולה תלמה פרוטאין בתוספת חלבון ואגוזים, 300 גרם","רפאלס בריא וטעים בע""\מ,",IL,גרנולה PROTEIN בתוספ,גרמים,300.00,100 גרם,false,,14.50,4.8333,true,1,193286
7290112498007,false,גרנולה פרוטאין בתוספת חלבון שקדים וחמוציות תלמה 300 ג',"רפאלס בריא וטעים בע""\מ,",IL,גרנולה PROTEIN בתוספ,גרמים,300.00,100 גרם,false,,14.50,4.8333,true,1,240819
7290112498267,false,פינוק אל סבון לידיים בניחוח פינוק קלאסי,קוסטר אירוסול ולף סנ,TR,אל סבון לידיים בניחו,מיליליטרים,950.00,"100 מ""ל",false,,10.20,1.0737,true,1,175558
7290112498298,false,"אל סבון ליידים בתוספת שמן מרוקאי פינוק 950 מ""ל",קוסטר אירוסול ולף סנ,TR,אל סבון לידיים בתוספ,מיליליטרים,950.00,"100 מ""ל",false,,10.20,1.0737,true,1,175560
7290112498441,false,"קנור רוטב אסיאתי למוקפץ 300 מ""ל בד""ץ",יוניליוור ישראל מזון בע\,IL,טעמים מהמזרח רוטב רו,גרמים,370.00,100 גרם,false,,9.00,2.4324,true,1,594686
7290112498885,false,מאגדת גודי'ז תותים ושוקולד לבן 235 גרם,"גלידת שטראוס בע""\מ, רח'\",IL,מאגדת גודיז שלגון ב,גרמים,240.00,100 גרם,false,,23.80,9.9167,true,1,135043
7290112498915,false,מאגדת מיני מגנום שקדים מובחר שטראוס 250 גרם,"מיוצר ע""\י גלידת שטראוס",IL,מאגדת מיני מגנום שקד,גרמים,310.00,100 גרם,false,,23.80,7.6774,true,1,163579
7290112499776,false,גלידת שמנת מופחתת שומן וקלוריות בטעם שוקולד לבן 240 גרם,"גלידת שטראוס בע""\מ, רח'\",IL,מאגדת גודיז שלגון אי,גרמים,240.00,100 גרם,false,,23.80,9.9167,true,1,54697
7290112499844,false,מאגדת מיני מגנום דואט שוקולד עם נוגט שטראוס 310 גרם,"מיוצר ע""\י גלידת שטראוס",IL,מגנום מיני דואט מאגד,גרמים,310.00,100 גרם,false,,23.80,7.6774,true,1,4419
7290112499943,false,מיני מאגדת מיני מגנום טעמים שונים וניל+שוקו,"מיוצר ע""\י גלידת שטראוס",IL,מגנום מאגדת מיני שוק,גרמים,250.00,100 גרם,false,,23.80,9.5200,true,1,4420
7290112960115,false,שקדי מרק אסם 30% קמח חיטה מלאה 350 גרם,אסם,IL,שקדי מרק 30% קמח חיט,גרמים,350.00,100 גרם,false,,9.30,2.6571,true,1,19060
7290112960856,false,טילון אקסטרים115-120 גרם מטבע שוקולד בטעם לוז נוגט נסטלה 115 גרם,גלידות נסטלה )נגה גלידות,IL,אקסטרים מטבע שוקולד,גרמים,115.00,100 גרם,false,,8.50,7.3913,true,1,16006
7290112961464,false,פיטנס חטיפי פריכיות דגנים וחומוס מתובלות,"פרח תעשיות מזון בע""\מ",IL,חטיפי פריכיות דקות מ,גרמים,60.00,100 גרם,false,,7.70,12.8333,true,1,19073
7290112962003,false,שלגון קראנץ וניל עוגיות עם שוקולד נסטלה 90 גרם,גלידות נסטלה )נגה גלידות,IL,קראנץ' וניל עוגיות,יחידה,0.00,יחידה,false,,8.50,0.0000,true,1,16010
7290112962751,false,מעדן קפוא בטעם וניל עם שברי עוגיות וציפוי,שוורצקוף& הנקל דיסלד,IL,שלגון אוראו בטעם וני,גרמים,65.00,100 גרם,false,,7.70,11.8462,true,1,16013
7290112963529,false,מאגדת טילון אקסטרים שוקו וניל פרווה נסטלה,גלידות נסטלה )נגה גלידות,IL,מאגדת אקסטרים 6 יח',גרמים,444.00,100 גרם,false,,31.50,7.0946,true,1,16015
7290112963918,false,פיטנס חטיפי קרקר דק רוזמרין 140 גרם,נסטלה Nestle,IL,פיטנס חטיפי קרקר דק,גרמים,140.00,100 גרם,false,,10.20,7.2857,true,1,19099
7290112964410,false,אסם רוטב אלף האיים חדש לסלט 290 גרם,"אסם תעשיות בע""מ",IL,אסם רוטב אלף האיים ל,מיליליטרים,290.00,"100 מ""ל",false,,8.50,2.9310,true,1,19112
7290112964434,false,אסם רוטב קיסר חדש לסלט 295 גרם,"אסם תעשיות בע""מ",IL,אסם רוטב קיסר לסלט 2,מיליליטרים,295.00,"100 מ""ל",false,,8.50,2.8814,true,1,19113
7290112964458,false,רוטב ויניגרט חדש לסלט 295 גרם אסם,"אסם תעשיות בע""מ",IL,אסם רוטב ויניגרט לסל,מיליליטרים,295.00,"100 מ""ל",false,,8.50,2.8814,true,1,19114
7290112964472,false,אסם רוטב שום חדש לסלט 290 גרם,"אסם תעשיות בע""מ",IL,אסם רוטב שום לסלט 29,מיליליטרים,295.00,"100 מ""ל",false,,8.50,2.8814,true,1,19115
7290112964564,false,"רוטב אלף האיים לייט לסלט אסם 295 מ""ל","אסם תעשיות בע""מ",IL,אסם רוטב אלף האיים ל,מיליליטרים,295.00,"100 מ""ל",false,,8.50,2.8814,true,1,19118
7290112964724,false,המבורגר צמחוני עם המון חלבון 580 גר,מיוצר עי קונדיטוריית,IL,טבעול המבורגר טבעוני,גרמים,580.00,100 גרם,false,,26.40,4.5517,true,1,19826
7290112965103,false,תבשיל קוסקוס עם ירקות אסם 146 גרם,אסם,IL,קוסקוס עם ירקות אסם,גרמים,146.00,100 גרם,false,,10.20,6.9863,true,1,19125
7290112965165,false,מרק נמס פטריות אסם בדצ 48 גרם מארז זוגי,"אסם תעשיות בע""מ",IL,זוג מרק נמס פטריות ב,גרמים,48.00,100 גרם,false,,5.10,10.6250,true,1,19128
7290112965240,false,מרק נמס בטעם עגבניות זוג * 44 ג' אסם,"אסם תעשיות בע""מ",IL,זוג מרק נמס עגבניות,גרמים,60.00,100 גרם,false,,5.10,8.5000,true,1,19132
7290112965585,false,פרפקטו פסטה קסרצה אסם 500 גרם,אסם פרפקטו Perfecto,IT,פסטה קסרצה פרפקטו 50,גרמים,500.00,100 גרם,false,,5.90,1.1800,true,1,19141
7290112965660,false,פיטנס - חטיף מולטיגריין מלח פלפל 25 גרם,מיוצר עי קונדיטוריית,IL,פיטנס חטיף מולטיגריי,גרמים,25.00,100 גרם,false,,4.20,16.8000,true,1,112388
7290112965684,false,פיטנס - חטיף מולטיגריין עשבי תיבול 25 גרם,מיוצר עי קונדיטוריית,IL,פיטנס חטיף מולטיגריי,גרמים,25.00,100 גרם,false,,4.20,16.8000,true,1,112389
7290112965707,false,פיטנס - חטיף מולטיגריין צילי מעודן 25 גרם,"אסם השקעות בע""\מ",IL,פיטנס חטיף מולטיגריי,גרמים,25.00,100 גרם,false,,4.20,16.8000,true,1,112390
7290112965783,false,אוסם - ביסלי פריסטייל על האש 60 גרם,"אסם השקעות בע""\מ",IL,ביסלי פריסטייל על הא,גרמים,60.00,100 גרם,false,,3.80,6.3333,true,1,175503
7290112965806,false,אוסם - ביסלי פריסטייל חמוץ חריף 60 גרם,"אסם תעשיות בע""מ",IL,ביסלי פריסטייל חמוץ,גרמים,60.00,100 גרם,false,,3.80,6.3333,true,1,175504
7290112966094,false,עוגת הבית תפוז מופחת סוכר אסם 400 גרם,מיוצר עי קונדיטוריית,IL,עוגת הבית תפוז מופחת,גרמים,400.00,100 גרם,false,,10.20,2.5500,true,1,19151
7290112966803,false,אסם פודינג אינסטנט שוקולד 95 גרם,"אסם השקעות בע""\מ",IL,אסם פודינג אינסטנט ש,גרמים,88.00,100 גרם,false,,4.70,5.3409,true,1,19163
7290112967220,false,ביסלי מארז ברביקיו 20 גר'*10 יח' אסם,"אסם השקעות בע""\מ",IL,ביסלי ברביקיו מארז 1,גרמים,200.00,100 גרם,false,,10.20,5.1000,true,1,70853
7290112967244,false,ביסלי גריל מארז 20 גר'*10 יח' אסם,,,ביסלי גריל מארז 10*,גרמים,200.00,100 גרם,false,,11.90,5.9500,true,1,19167
7290112968203,false,צבר סלט טחינה בלאדי 6*250גרם,שוורצקוף& הנקל דיסלד,IL,סלט טחינה בלאדי צבר,גרמים,250.00,100 גרם,false,,9.40,3.7600,true,1,19838
7290112968708,false,"שניצל תירס עדה חרדית טבעול 1.3 ק""ג","טבעול תעשיות מזון בע""\מ",IL,שניצל תירס עדה חרדי,קילוגרמים,1.30,"ק""ג",false,,35.00,26.9231,true,1,58600
7290112968807,false,פיטנס - קרקר דק סלק 140 גרם,מפעל אסם יקנעם,IL,פיטנס קרקר דק סלק 14,גרמים,140.00,100 גרם,false,,10.20,7.2857,true,1,120892
7290112968821,false,פיטנס - קרקר דק בטטה 140 גרם,מפעל אסם יקנעם,IL,פיטנס קרקר דק בטטה 1,גרמים,140.00,100 גרם,false,,10.20,7.2857,true,1,120893
7290112969286,false,אסם בישולים רוטב חרדל ודבש 330*9 גרם,"אסם תעשיות בע""מ",IL,אוסם בישולים רוטב חר,גרמים,330.00,100 גרם,false,,14.50,4.3939,true,1,116846
7290112969903,false,טבעול נאגטס ירקות לבנים 6*500גרם,טבעול תעשיות מזון בע,IL,טבעול נאגטס ירקות לב,גרמים,500.00,100 גרם,false,,26.40,5.2800,true,1,110926
7290113100572,false,מחבת 24 ס`מ אינדוקצי,,,מחבת 24 ס`מ אינדוקצי,יחידה,0.00,יחידה,false,,230.70,0.0000,true,1,49578
7290113190757,false,חלבה מסולסלת וניל שקדיה 300 גר,חיאל עמר שומרון,IL,חלבה תלתלים בטעם וני,גרמים,300.00,100 גרם,false,,12.80,4.2667,true,1,551977
7290113192171,false,מיקס אגוזים שקדים וחמוציות 150 גרם,דין שיווק,IL,מיקס אגוזים שקדים וח,גרמים,150.00,100 גרם,false,,12.80,8.5333,true,1,104944
7290113192201,false,תערובת להכנת סחלב 500 גרם ששון הקולה,"י. כהן בע""מ",IL,תערובת להכנת סחלב 50,גרמים,500.00,100 גרם,false,,11.90,2.3800,true,1,363456
7290113192218,false,תערובת להכנת מלבי 500 גרם ששון הקולה,"שקדיה גבע תעשיות בע""",IL,תערובת להכנת מלבי 50,גרמים,500.00,100 גרם,false,,11.90,2.3800,true,1,363457
7290113192300,false,זיתים מושחרים חרוזית 275 גרם בית השיטה,בית השיטה,IL,זיתים חרוזית מושחר ב,גרמים,275.00,100 גרם,false,,8.47,3.0800,true,1,19190
7290113192324,false,זיתים ירוקים שלמים בינוניים בית השיטה,בית-השיטה עסיס תעשיות מז,IL,זית ירוק בית השיטה 3,גרמים,340.00,100 גרם,false,,7.61,2.2382,true,1,19192
7290113192348,false,בית השיטה זיתים ירוקים גדול מאודבטעם שום,בית-השיטה עסיס תעשיות מז,IL,זית ירוק שום 17-19בי,גרמים,560.00,100 גרם,false,,8.47,1.5125,true,1,19194
7290113192355,false,חרוזית זיתים ירוקים ללא גלעין 275 ג' בית השיטה,בית-השיטה עסיס תעשיות מז,IL,זיתים חרוזית ירוק בי,גרמים,275.00,100 גרם,false,,8.47,3.0800,true,1,19195
7290113192362,false,זיתים ירוקים טבעות A2 בית השיטה 280 גרם,בית-השיטה עסיס תעשיות מז,IL,טבעות זיתים ירוקים ב,גרמים,280.00,100 גרם,false,,9.32,3.3286,true,1,19196
7290113192379,false,בית השיטה זיתים ירוקים מבוקעים א2 340גר',"בית-השיטה תעשיות בע""\מ",IL,זיתים ירוקים מבוקעים,גרמים,340.00,100 גרם,false,,9.32,2.7412,true,1,19197
7290113192386,false,בית השיטה זיתים ירוקים סורי מבוקע 340גרם,בית השיטה,IL,זית סורי מבוקע בית ה,גרמים,340.00,100 גרם,false,,10.18,2.9941,true,1,19198
7290113192393,false,בית השיטה קוקטייל זיתים א2 336 גרם,בית-השיטה עסיס תעשיות מז,IL,קוקטייל זיתים בית הש,גרמים,336.00,100 גרם,false,,9.32,2.7738,true,1,19199
7290113192478,false,בית השיטה מלפפונים במלח בינוני 10-12 320 גרם,בית-השיטה עסיס תעשיות מז,IL,מלפפון במלח 10-12 בי,גרמים,320.00,100 גרם,false,,6.80,2.1250,true,1,19207
7290113192485,false,בית השיטה מלפפונים בחומץ בינוני 10-12 290 גרם,בית-השיטה עסיס תעשיות מז,IL,מלפפון בחומץ 12-10 ב,גרמים,290.00,100 גרם,false,,6.80,2.3448,true,1,19208
7290113192492,false,בית השיטה מלפפונים בחומץ קטנים 1317 290 גרם,בית-השיטה עסיס תעשיות מז,IL,מלפפון בחומץ 13-17 ב,גרמים,290.00,100 גרם,false,,8.47,2.9207,true,1,19209
7290113192515,false,בית השיטה מלפפונים במלח קטן מאוד 1825 320 גרם,בית-השיטה עסיס תעשיות מז,IL,מלפפון במלח 18-25 בי,גרמים,320.00,100 גרם,false,,9.32,2.9125,true,1,19211
7290113192522,false,בית השיטה מלפפונים בחומץ קטן מאוד 1825 290 גרם,בית-השיטה עסיס תעשיות מז,IL,מלפפון בחומץ 18-25 ב,גרמים,290.00,100 גרם,false,,9.32,3.2138,true,1,19212
7290113192539,false,בית השיטה מלפפונים במלח גדול 79 320 גרם,בית-השיטה עסיס תעשיות מז,IL,מלפפון במלח 7-9 בית,גרמים,560.00,100 גרם,false,,5.90,1.0536,true,1,19213
7290113192546,false,"מלפפונים בחומץ רכיבים טבעיים 7-9 ""בית השיטה""",בית-השיטה עסיס תעשיות מז,IL,מלפפון בחומץ 7-9 בית,גרמים,560.00,100 גרם,false,,5.90,1.0536,true,1,19214
7290113192553,false,מלפפונים במלח 13-17 פיקנטי בית השיטה 320 גרם,בית-השיטה עסיס תעשיות מז,IL,מלפפון במלח בלדי 13-,גרמים,320.00,100 גרם,false,,9.32,2.9125,true,1,19215
7290113192560,false,בית השיטה פלפל שיפקה חריף כבוש 230 גרם,בית-השיטה עסיס תעשיות מז,IL,פלפל שיפקה בית השיטה,גרמים,230.00,100 גרם,false,,5.90,2.5652,true,1,19216
7290113192997,false,בית השיטה זית מרוקאי 340 גרם*,"בית השיטה תעשיות בע""\מ",IL,זית מרוקאי בית השיטה,גרמים,340.00,100 גרם,false,,11.03,3.2441,true,1,105313
7290113193017,false,בית השיטה חרוזית קוקטייל זיתים 275 גרם,"בית השיטה תעשיות בע""\מ",IL,בית השיטה קוקטייל זי,גרמים,275.00,100 גרם,false,,11.03,4.0109,true,1,105286
7290113193031,false,חרוזית קלמטה - זיתים שחורים ללא גלעין קלמטה,"בית השיטה תעשיות בע""\מ",IL,חרוזית קלמטה בית השי,גרמים,275.00,100 גרם,false,,11.03,4.0109,true,1,105287
7290113193321,false,"שמן זית כתית מעולה בית השיטה 750 מ""ל",אצטס אבסה אס. איי. יו.,IL,שמן זית כתית מעולה ב,מיליליטרים,750.00,"100 מ""ל",false,,26.40,3.5200,true,1,243687
7290113194359,false,בית השיטה האנדלוסים - זיתים מגולענים בנוסח אנדלוס 430 גרם,"בית השיטה תעשיות בע""\מ",IL,זיתים מגולענים בנוסח,גרמים,215.00,100 גרם,false,,9.40,4.3721,true,1,145818
7290113194632,false,ממרח שקדים 100% 500 גרם,ג'\י אנד ג'\י פקאנס בעמ,IL,שקדיה ממרח 100% שקדי,גרמים,500.00,100 גרם,false,,41.80,8.3600,true,1,203535
7290113195042,false,מלפפון חמוץ במלח כבישה ביתית בית השיטה 750 גר',שוורצקוף& הנקל דיסלד,IL,מלפפון מלח כבישה בית,גרמים,750.00,100 גרם,false,,21.30,2.8400,true,1,175076
7290113195424,false,"אטריות אורז 5 מ""מ שקדיה 400 גרם",,VN,אטריות אורז דקות 5 מ,גרמים,400.00,100 גרם,false,,7.70,1.9250,true,1,203940
7290113195967,false,קוואקר שיבולת שועל פחית שקדיה 500 גרם,דין שיווק,IL,שיבולת שועל להכנה מי,גרמים,500.00,100 גרם,false,,8.50,1.7000,true,1,203166
7290113196513,false,פריכיות כוסמת בתוספת שקדים שקדיה 150 גרם,זנבר המכללה לטבעונות,IL,פריכיות כוסמת שקדים,גרמים,150.00,100 גרם,false,,10.20,6.8000,true,1,203762
7290113196759,false,ירקות מעורבים בסגנון מזרחי בטעם ביתי,בית השיטה עסיס תעשיו,IL,ירקות מעורבים צנצנת,גרמים,750.00,100 גרם,false,,25.56,3.4080,true,1,245507
7290113196902,false,מנה חמה אטריות אורז בטעם בקר שקדיה 70 גרם,טיאן האנג פוד ג'וינט,VN,מנה חמה אטריות אורז,גרמים,60.00,100 גרם,false,,6.80,11.3333,true,1,581550
7290113196926,false,מנה חמה אטריות אורז בטעם ירקות שקדיה 70 גרם,טיאן האנג פוד ג'וינט,VN,מנה חמה אטריות אורז,גרמים,60.00,100 גרם,false,,6.80,11.3333,true,1,581552
7290113196933,false,מנה חמה אטריות אורז בטעם טום יאס שקדיה 70 גרם,טיאן האנג פוד ג'וינט,VN,מנה חמה אטריות אורז,גרמים,60.00,100 גרם,false,,6.80,11.3333,true,1,581553
7290113196940,false,חטיפי תירס [טורטיה]בטעם טבעי 300 גרם,אלקטי קוראבייכיסיגידה טו,BE,חטיפי תירס טורטיה בט,גרמים,300.00,100 גרם,false,,11.90,3.9667,true,1,514727
7290113196957,false,חטיפי תירס [טורטיה]בטעם ברביקיו 300 גרם,אן וי רוגר,BE,חטיפי תירס טורטיה בט,גרמים,300.00,100 גרם,false,,11.90,3.9667,true,1,514728
7290113197169,false,חמאת בוטנים טבעית 510 גרם,סופר נוטרי פודס,IN,חמאת בוטנים טבעית שק,גרמים,510.00,100 גרם,false,,13.60,2.6667,true,1,581582
7290113197176,false,חמאת בוטנים עם שבבים 510 גר,סופר נוטרי פודס,IN,חמאת בוטנים טבעית עם,גרמים,510.00,100 גרם,false,,13.60,2.6667,true,1,581583
7290113198562,false,סוכריות גומי בטעם תות שדה 200 ג' שקדיה,טופגאם תעשיות ממתקים,IL,סוכריות גומי בטעמי ת,גרמים,200.00,100 גרם,false,,8.50,4.2500,true,1,382170
7290113198579,false,סוכריות גומי דובונים בטעמי פירות 200 ג' שקדיה,טופגאם תעשיות ממתקים,IL,סוכריות גומי דובונים,גרמים,200.00,100 גרם,false,,8.50,4.2500,true,1,382171
7290113198593,false,סוכריות גומי מסוכרות בטעם בננה 200 ג' שקדיה,טופגאם תעשיות ממתקים,IL,סוכריות גומי מסוכר ב,גרמים,200.00,100 גרם,false,,8.50,4.2500,true,1,382173
7290113199774,false,ממרח בוטנים 300 גרם השקדיה,פפויאנס,GR,ממרח 100% בוטנים 300,גרמים,300.00,100 גרם,false,,12.80,4.2667,true,1,514782
7290113199842,false,מגש אירוח סוכריות גומי 700 ג' שקדיה,טופגאם תעשיות ממתקים,IL,מגש אירוח סוכריות גו,גרמים,700.00,100 גרם,false,,25.60,3.6571,true,1,382202
7290113199859,false,מגש אירוח סוכריות גומי 350 ג' שקדיה,טופגאם תעשיות ממתקים,IL,מגש אירוח סוכריות גו,גרמים,350.00,100 גרם,false,,12.80,3.6571,true,1,382188
7290113284517,false,נייר טואלט דו שכבתי,,,נייר טואלט דו שכבתי,יחידה,0.00,יחידה,false,,25.60,0.0000,true,1,624289
7290113289109,false,קערות אלגנט קרם 25 י,,,קערות אלגנט קרם 25 י,יחידה,0.00,יחידה,false,,5.05,0.0000,true,1,213797
7290113289123,false,קערות אלגנט כסף 25 י,,,קערות אלגנט כסף 25 י,יחידה,0.00,יחידה,false,,5.05,0.0000,true,1,213812
7290113289208,false,צלחות מתכלות יהלום ג,,,צלחות מתכלות יהלום ג,יחידה,0.00,יחידה,false,,11.90,0.0000,true,1,273914
7290113289215,false,צלחות מתכלות יהלום ע,,,צלחות מתכלות יהלום ע,יחידה,0.00,יחידה,false,,17.10,0.0000,true,1,273928
7290113289222,false,מרקיות מתכלות יהלום,,,מרקיות מתכלות יהלום,יחידה,0.00,יחידה,false,,11.10,0.0000,true,1,273942
7290113289505,false,רדיד אלומיניום כוכבי,,,רדיד אלומיניום כוכבי,יחידה,0.00,יחידה,false,,28.20,0.0000,true,1,311555
7290113289543,false,כוסות שקופות 150 יחי,,,כוסות שקופות 150 יחי,יחידה,0.00,יחידה,false,,12.70,0.0000,true,1,376845
7290113560109,false,פרודונטקס מ.שיניים בטעם צמחי 75 מל,פרודונטקס Parodontax,SK,משחת שיניים בטעם צמח,מיליליטרים,75.00,"100 מ""ל",false,,27.30,36.4000,true,1,115241
7290114310215,false,"שמנת מתוקה 38% רמת הגולן 250 מ""ל ווסטהיים - מוצר בפיקוח",מילקו תעשיות בעמ,IL,שמנת מתוקה 38% בקבוק,מיליליטרים,250.00,"100 מ""ל",false,,5.53,2.2120,true,1,66642
7290114310673,false,גבינת לאבנה 9% 250 גרם,Unknown,IL,לאבנה מחלב בקר 9% 25,גרמים,250.00,100 גרם,false,,10.20,4.0800,true,1,145650
7290114310895,false,"סימפלי פרוט יוגורט עם מנגו תות, שמיניה 8 * 150 גרם",מולר Muller,IL,מאגדת שמינייה סימפלי,קילוגרמים,1.20,"ק""ג",false,,26.40,22.0000,true,1,218876
7290114311014,false,"משקה חלב אייס קפוצ'ינו פקק ספורט טרה 250 מ""ל",מילקו תעשיות בעמ,IL,משקה חלב אייס קפוצ'י,מיליליטרים,250.00,"100 מ""ל",false,,4.70,1.8800,true,1,456846
7290114311021,false,"משקה חלב וניל עוגיות פקק ספורט טרה 250 מ""ל",Unknown,IL,משקה חלב וניל עוגיות,מיליליטרים,250.00,"100 מ""ל",false,,4.70,1.8800,true,1,456860
7290114311038,false,"שמנת מתוקה 32% עמידה בבקבוק טרה 250 מ""ל",מילקו תעשיות בעמ,IL,שמנת מתוקה 32% בקבוק,מיליליטרים,250.00,"100 מ""ל",false,,5.90,2.3600,true,1,456978
7290114311076,false,"חמאת מולר צהובה עם שום, 200 גרם",מולר Muller,IL,חמאה צהובה עם שום מו,גרמים,200.00,100 גרם,false,,9.40,4.7000,true,1,443171
7290114311304,false,יוגורט קציפת מנגו פסיפלורה בננה 150 ג' מולר,מולר Muller,IL,מולר פרופ מנגו פסיפל,גרמים,150.00,100 גרם,false,,4.20,2.8000,true,1,551832
7290114311328,false,חלב מועשר דל לקטוז מעושר בויטמין Dי 2% שומן טרה 1 ליטר,ג'י.אר.אמ.גרופו אלימ,IL,חלב נטול לקטוז טרה 1,ליטרים,1.00,ליטר,false,,6.10,6.1000,true,1,566344
7290114311434,false,מולר אקטיב יוגורט חלבון קרמל מלוח 200 גרם,מולר Muller,IL,מולר אקטיב בטעם קרמל,גרמים,200.00,100 גרם,false,,5.00,2.5000,true,1,587335
7290114311441,false,מולר אקטיב יוגורט חלבון עוגיות חמאה 200 גרם,מולר Muller,IL,מולר אקטיב בטעם עוגי,גרמים,200.00,100 גרם,false,,5.00,2.5000,true,1,587350
7290114311458,false,קרטון חלב 3% מועשר ויטמין די 1ליטר,Unknown,IL,קרטון חלב מועשר ויטמ,ליטרים,1.00,ליטר,false,,7.70,7.7000,true,1,589807
7290114311502,false,משקה חלב בטעם סחלב בבקבוק 1 ליטר,מילקו תעשיות בעמ,IL,משקה חלב בטעם סחלב 1,ליטרים,1.00,ליטר,false,,10.20,10.2000,true,1,634209
7290114600927,false,עלי טורטייה חיטה מלאה מאסטר שף 320 גרם,אלקאטי קורביישיסי גי,ES,עלי טורטיה חיטה מלאה,גרמים,320.00,100 גרם,false,,8.50,2.6563,true,1,204514
7290114600989,false,"רוטב אלף האיים מאסטר שף 250 מ""ל",קפה לנדוור,NL,מאסטר שף רוטב אלף הא,מיליליטרים,250.00,"100 מ""ל",false,,8.50,3.4000,true,1,82572
7290114600996,false,"רוטב שום מאסטר שף 250 מ""ל",קפה לנדוור,NL,מאסטר שף רוטב שום 25,מיליליטרים,250.00,"100 מ""ל",false,,8.50,3.4000,true,1,82573
7290114602778,false,פרי סלייסים צ'יפס ירקות שורש 90 גרם,פלפר אפרטיבוס,ES,FREE סלייסים צ'יפס ב,גרמים,900.00,100 גרם,false,,12.80,1.4222,true,1,163005
7290114602785,false,פרי סלייסים צ'יפס בננה מלוח 90 גרם,פלפר אפרטיבוס,ES,FREE סלייסים צ'יפס ב,גרמים,900.00,100 גרם,false,,12.80,1.4222,true,1,162991
7290114603041,false,פרי גרנולה בוטנים אגוזים וקוקוס חלבון .,"אפקט טבעי בע""מ",IL,פרי גרנולה בוטנים אג,גרמים,300.00,100 גרם,false,,12.80,4.2667,true,1,111922
7290114603508,false,"רוטב להקצפה מאסטר שף 300 מ""ל",סיטי פוד,TH,מאסטר שף רוטב להקפצה,מיליליטרים,300.00,"100 מ""ל",false,,8.50,2.8333,true,1,106246
7290114603515,false,"רוטב קארי אדום מאסטר שף 340 מ""ל",תאי סופרים,TH,מאסטר שף רוטב קארי א,גרמים,340.00,100 גרם,false,,11.90,3.5000,true,1,129488
7290114603539,false,קרוטונים למרק שום בצל מאסטר שף 350 גרם,"עינת תעשיות מזון, אגשח ב",IL,מאסטר שף קרוטונים למ,גרמים,350.00,100 גרם,false,,15.30,4.3714,true,1,211181
7290114604840,false,דפי אורז קוטר 16 מאסטר שף 400 ג',מאסטר שף,VN,דפי אורז קוטר 16 כשל,גרמים,400.00,100 גרם,false,,8.50,2.1250,true,1,129115
7290114604864,false,קוסקוס סולת דק מאסטר שף 350 גרם,דוידוביץ,IL,קוסקוס דק מאסטר שף 3,גרמים,350.00,100 גרם,false,,5.10,1.4571,true,1,204957
7290114604871,false,קוסקוס סולת בינוני מאסטר שף 350 גרם,דוידוביץ,IL,קוסקוס בינוני מאסטר,גרמים,350.00,100 גרם,false,,5.10,1.4571,true,1,204613
7290114604901,false,ממרח שום לחיץ מאסטר שף 444 גרם,מאסטר שף,NL,מאסטר שף ממרח שום לח,גרמים,242.00,100 גרם,false,,11.90,4.9174,true,1,147608
7290114604932,false,רוטב ברביקיו דבש מאסטר שף 520 גרם,רמיה סי.וי. הולנד,NL,מאסטר שף רוטב ברביקי,מיליליטרים,520.00,"100 מ""ל",false,,11.10,2.1346,true,1,147579
7290114606530,false,רוטב בטעם מיונז וקטשופ מאסטר שף 515 גרם,מאסטר שף,NL,מאסטר שף רוטב בטעם מ,גרמים,515.00,100 גרם,false,,11.90,2.3107,true,1,147593
7290114606547,false,מיונז פטריות כמהין לחיץ מאסטר שף 242 גרם,מאסטר שף,NL,מאסטר שף מיונז עם כמ,גרמים,242.00,100 גרם,false,,11.90,4.9174,true,1,147609
7290114606554,false,מיונז מופחת קלוריות בקבוק לחיץ,מאסטר שף,NL,מאסטר שף מיונז לייט,גרמים,470.00,100 גרם,false,,11.90,2.5319,true,1,147594
7290114606592,false,רוטב סויה מסורתית 46% פולי סויה מאסטר שף 620 ג',קריניציה ויטמינה אס,TH,מאסטר שף רוטב סויה מ,גרמים,620.00,100 גרם,false,,16.20,2.6129,true,1,633107
7290114607315,false,זוג משחת שיניים מקס וויט,קולגייט- פלמוליב,PL,מקס וויט מארז זוג 2*,מיליליטרים,250.00,"100 מ""ל",false,,25.60,10.2400,true,1,197372
7290114608664,false,סילאן לחיץ מאסטר שף 680 גרם,,AE,סילאן לחיץ 100% תמרי,גרמים,680.00,100 גרם,false,,16.20,2.3824,true,1,561436
7290114659949,true,מארז 50 מסכות כירוג,,,מארז 50 מסכות כירוג,יחידה,0.00,יחידה,false,,8.50,0.0000,true,1,78135
7290115073676,true,מארז מסכות 3 שכבות צ,,,מארז מסכות 3 שכבות צ,יחידה,0.00,יחידה,false,,8.50,0.0000,true,1,80135
7290115190014,false,סיגריות מרלבורו רד קצר בוקס,פיליפ מוריס,IL,סיגריות מרלבורו חפי,יחידה,0.00,יחידה,false,,35.00,0.0000,false,1,102137
7290115190076,false,סיגריות מרלבורו גולד ארוך 100 בוקס,פיליפ מוריס,TR,סיגריות מרלבורו חפי,יחידה,0.00,יחידה,false,,35.00,0.0000,false,1,110559
7290115190090,false,סיגריות מרלבורו קצר בוקס בודד,פיליפ מוריס,US,סיגריות מרלבורו חפי,יחידה,0.00,יחידה,false,,35.00,0.0000,false,1,102165
7290115190151,false,סיגריות מרלבורו טאצ גולד,פיליפ מוריס,IL,מרלבורו גולד טאצ בוד,יחידה,0.00,יחידה,false,,31.00,0.0000,false,1,102121
7290115190199,false,פרלמנט נייט ארוך חפיסה,פיליפ מוריס,TR,סיגריות פרלמנט (חפיס,יחידה,0.00,יחידה,false,,40.00,0.0000,false,1,151016
7290115190212,false,סיגריות פרלמנט בלו 100 BR בודד,פיליפ מוריס,PL,סיגריות פרלמנט (חפיס,יחידה,0.00,יחידה,false,,40.00,0.0000,false,1,102103
7290115190236,false,סיגריות פרלמנט קצר בלו בודד,פיליפ מוריס,IL,סיגריות פרלמנט (חפיס,יחידה,0.00,יחידה,false,,40.00,0.0000,false,1,102090
7290115190250,false,סיגריות פרלמנט קצר בודד,פיליפ מוריס,US,סיגריות פרלמנט (חפיס,יחידה,0.00,יחידה,false,,40.00,0.0000,false,1,94450
7290115190335,false,ל.מ.בלו לייבל ארוך בוקס חפיסה,פיליפ מוריס,TR,אל אם בלו ארוך,יחידה,0.00,יחידה,false,,31.00,0.0000,false,1,154344
7290115190359,false,סיגריות L.M בלו לייבל קצר,פיליפ מוריס,US,אל אם בלו לייבל קצר,יחידה,0.00,יחידה,false,,31.00,0.0000,false,1,94421
7290115190458,false,סיגריות נקסט פיין אדג' בודד,פיליפ מוריס,TR,נקסט אדג` בודד,יחידה,0.00,יחידה,false,,26.00,0.0000,false,1,110561
7290115190472,false,סיגריות נקסט פיין אדג',פיליפ מוריס,TR,נקסט פיין אדג` בודד,יחידה,0.00,יחידה,false,,26.00,0.0000,false,1,116475
7290115190496,false,סיגריות נקסט ארוך בודד,פיליפ מוריס,IL,סיגריות נקסט (בודד),יחידה,0.00,יחידה,false,,30.00,0.0000,false,1,127447
7290115190533,false,סיגריות נקסט כחול ארוך,פיליפ מוריס,TR,סיגריות נקסט (בודד),יחידה,0.00,יחידה,false,,28.00,0.0000,false,1,110546
7290115190557,false,סיגריות נקסט ריסס בודד,פיליפ מוריס,TR,סיגריות נקסט(בודד) ר,יחידה,0.00,יחידה,false,,28.00,0.0000,false,1,102106
7290115190595,false,סיגריות נקסט אוריגינ,פיליפ מוריס,PL,סיגריות נקסט(בודד),יחידה,0.00,יחידה,false,,30.00,0.0000,false,1,102077
7290115190656,false,טבק נקסט פיין 40 גרם,פיליפ מוריס,PL,נקסט טבק פיין 40 גר,יחידה,0.00,יחידה,false,,80.00,0.0000,false,1,114440
7290115190892,false,סיגריות מרלבורו פיוז'ן קפסולה בודד,פיליפ מוריס,IL,סיגריות מרלבורו פיוז,יחידה,0.00,יחידה,false,,28.90,0.0000,false,1,175574
7290115190939,false,אל.אם קפסולות קליק חפיסה,פיליפ מוריס,TR,אל אם וייב קליק קפסו,יחידה,0.00,יחידה,false,,27.00,0.0000,false,1,240724
7290115200003,false,פתי בר פינוקי וניל אסם 220 גרם,תאי פרזידנט פוד פאבל,PL,פתי בר פינוקי וניל 2,גרמים,220.00,100 גרם,false,,8.50,3.8636,true,1,112210
7290115200027,false,אסם פתי בר פינוקים שוקו 220 גרם,קריות זול,PL,פתי בר פינוקי שוקו 2,גרמים,220.00,100 גרם,false,,8.50,3.8636,true,1,112211
7290115200713,false,במבה קלאסי מארז אחיד 8 50*5 ג',"אסם השקעות בע""\מ",IL,מארז במבה קלאסי אסם,גרמים,250.00,100 גרם,false,,10.20,4.0800,true,1,114414
7290115201031,false,אסם פתי בר דובי שוקולד 175 גרם,טרופיקל דגיל תעשיות,PL,אסם פתיבר דובי שוקול,גרמים,175.00,100 גרם,false,,9.00,5.1429,true,1,145883
7290115201253,false,לחם מחמצת עם קמח מלא וסובין,בונז'ור,,לחם מחמצת עם קמח מלא,גרמים,550.00,100 גרם,false,,15.30,2.7818,true,1,108830
7290115201291,false,בונזור לחם מחמצת כפרי עם שיפון 640 ג',בונז'ור,,לחם מחמצת כפרי עם שי,גרמים,640.00,100 גרם,false,,15.30,2.3906,true,1,109958
7290115201680,false,ביסלי בטעם ברביקיו אסם 70 גרם,"אסם השקעות בע""\מ",IL,ביסלי ברביקיו 70 גרם,גרמים,70.00,100 גרם,false,,3.40,4.8571,true,1,120101
7290115202236,false,טופו קראנצ'ים טבעול 470 גרם,עיצובים 2020 (4.8),IL,טבעול טופו קראנצ'ים,גרמים,470.00,100 גרם,false,,26.40,5.6170,true,1,188506
7290115202816,false,מנה חמה פאוץ נודלס אטריות טעם עוף 70 גרם,תאי פרזידנט,TH,מנה חמה פאוצ' נדלסאט,גרמים,70.00,100 גרם,false,,4.20,6.0000,true,1,145778
7290115202847,false,מנה חמה פאוץ נודלס אטריות טעם עוף 70 גרם,תאי פרזידנט,TH,מנה חמה פאוצ' נדלסאט,גרמים,70.00,100 גרם,false,,4.20,6.0000,true,1,145779
7290115202939,false,מנה חמה רייס נודלס עוף פטריות אסם 50 גרם,מיוצר עי קונדיטוריית,TH,מנה חמה רייס נודלס ע,גרמים,50.00,100 גרם,false,,6.80,13.6000,true,1,256378
7290115203172,false,במבה PRO מכיל 18 גרם חלבון בשקית,"אסם השקעות בע""\מ",IL,במבה אסם 80 גרם PRO,גרמים,80.00,100 גרם,false,,3.80,4.7500,true,1,547573
7290115203486,false,פירורית בטעם ביסלי גריל אסם 200 גרם,עינת תעשיות מזון אגו,IL,אסם פירורית בטעם ביס,גרמים,200.00,100 גרם,false,,5.60,2.8000,true,1,154967
7290115204056,false,"קטשופ מופחת סוכר אסם 690 גרם כשל""פ","אסם תעשיות בע""מ",IL,אסם קטשופ מופחת סוכר,גרמים,690.00,100 גרם,false,,9.00,1.3043,true,1,156537
7290115204186,false,פסטו המעדינה של צבר,פרסקו,IL,פסטו המעדינה של צבר,גרמים,190.00,100 גרם,false,,12.80,6.7368,true,1,390371
7290115205176,false,פיטנס - קרקר דק כפרי פיטנס 140 גרם,נסטלה Nestle,IL,פיטנס קרקר THIN כפרי,גרמים,140.00,100 גרם,false,,10.20,7.2857,true,1,250347
7290115205312,false,קרקר פיטנס דק עם זיתי קלמטה ועשבי תיבול,"אסם השקעות בע""\מ",IL,פיטנס קרקר Thin Deli,גרמים,140.00,100 גרם,false,,10.20,7.2857,true,1,507749
7290115205527,false,פיטנס חטיף מולטיגריין עם עדשים 25 גרם,"אסם השקעות בע""\מ",IL,פיטנס חטיף מולטגריין,גרמים,25.00,100 גרם,false,,4.20,16.8000,true,1,515186
7290115205978,false,"פתי בר אצבעות שוקולד אוסם, 180 גרם","t\ד""\ר ג'\רארד בע""\מn\",PL,פתי בר אצבעות שוקולד,גרמים,180.00,100 גרם,false,,8.50,4.7222,true,1,392472
7290115206531,false,אסם קרמוגית במילוי קרם בייגלה 12*200 גרם,אסם-נסטלה,IL,אסם קרמוגית במילוי ק,גרמים,200.00,100 גרם,false,,9.00,4.5000,true,1,274707
7290115207163,false,פרפקטו ניוקי בזיליקום ושום אסם 500 גרם,איטלניוקי,IT,ניוקי בזיליקום ושום,גרמים,500.00,100 גרם,false,,11.10,2.2200,true,1,313340
7290115207507,false,"סלט טורקי 330 גרם ""צבר""",ג'נרל מילס סאן אדריא,IL,צבר סלט טורקי 360 גר,גרמים,360.00,100 גרם,false,,13.20,3.6667,true,1,329320
7290115207620,false,"רוטב בסגנון סויה קלאסי 290 מ""ל אסם","אסם השקעות בע""\מ",IL,אסם רוטב בסגנון סויה,מיליליטרים,320.00,"100 מ""ל",false,,11.00,3.4375,true,1,507275
7290115207682,false,אסם רוטב בסגנון סויה סיני 9*290מל חדש,"אסם השקעות בע""\מ",IL,אסם רוטב בסגנון סויה,מיליליטרים,330.00,"100 מ""ל",false,,8.10,2.4545,true,1,507206
7290115207989,false,סירופ לימון ויטמינצ'יק 1 ליטר,בית-השיטה עסיס תעשיות מז,IL,ויטמינצ'יק לימון 1 ל,ליטרים,1.00,ליטר,false,,19.30,19.3000,true,1,352822
7290115208009,false,סירופ ענבים ויטמינצ'יק 1 ליטר,בית-השיטה עסיס תעשיות מז,IL,ויטמינצ'יק ענבים 1 ל,ליטרים,1.00,ליטר,false,,19.30,19.3000,true,1,352838
7290115208047,false,סירופ פטל ויטמינצ'יק 1 ליטר,בית-השיטה עסיס תעשיות מז,IL,ויטמינצ'יק פטל 1 ליט,ליטרים,1.00,ליטר,false,,19.30,19.3000,true,1,352823
7290115208061,false,סירופ תפוח ויטמינצ'יק 1 ליטר,בית השיטה עסיס תעשיות מז,IL,ויטמינצ'יק תפוח 1 לי,ליטרים,1.00,ליטר,false,,19.30,19.3000,true,1,352839
7290115208320,false,אפרופו חטיף בטעם ביסלי בצל 50 גרם,"אסם השקעות בע""\מ",IL,אפרופו בטעם ביסלי בצ,גרמים,50.00,100 גרם,false,,4.30,8.6000,true,1,595245
7290115208344,false,בייגלה כפיות שמנת בצל אסם 300 גרם,"אסם השקעות בע""\מ",IL,אסם בייגלה כפיות שמנ,גרמים,300.00,100 גרם,false,,9.30,3.1000,true,1,554373
7290115208801,false,לחמית דבש ואגוזים אסם 190 גרם,לחמית,IL,לחמית דבש ואגוזים 19,גרמים,190.00,100 גרם,false,,8.50,4.4737,true,1,554415
7290115209136,false,טבעול חטיפי עוף צמחי העדה החרדית 6*1.2קג,"טבעול תעשיות מזון בע""\מ",IL,חטיפים צמחוניים בטעם,קילוגרמים,1.20,"100 ק""ג",false,,34.20,2850.0000,true,1,566169
7290115209372,false,במבה במילוי בראוניז 150ג' אסם,"אסם השקעות בע""\מ",IL,במבה במילוי בראוניז,גרמים,150.00,100 גרם,false,,8.60,5.7333,true,1,594902
7290115403299,false,עוגיות פרפריות 450 גרם,"שיבולים א.ד.ל ק""\א",IL,עוגיות פרפריות אדל 4,גרמים,450.00,100 גרם,false,,13.60,3.0222,true,1,463696
7290115403312,false,עוגיות מלוחות קריספי 450,,IL,עוגיות מלוחות קריספי,גרמים,450.00,100 גרם,false,,13.60,3.0222,true,1,463698
7290115403329,false,עוגיות רשת קינמון מסוכר,ק.א. ומשווק בבלעדיות על,IL,עוגיות רשת קינמון מס,גרמים,450.00,100 גרם,false,,13.60,3.0222,true,1,463699
7290115403350,false,עוגיות רשת שוקו מסוכרות,ק.א. ומשווק בבלעדיות על,IL,עוגיות רשת שוקו מסוכ,גרמים,450.00,100 גרם,false,,13.60,3.0222,true,1,463701
7290115403367,false,עוגיות קוואקר פריכות 500,,IL,עוגיות קוואקר פריכות,גרמים,500.00,100 גרם,false,,13.60,2.7200,true,1,463702
7290115403381,false,עוגיות פיצפוצים לבן 500,,IL,עוגיות פיצפוצים לבן,גרמים,500.00,100 גרם,false,,13.60,2.7200,true,1,463704
7290115403404,false,עוגיות פרפריות שוקו 450,"שיבולים א.ד.ל ק""\א",IL,עוגיות פרפריות שוקו,גרמים,450.00,100 גרם,false,,13.60,3.0222,true,1,463706
7290115403411,false,עוגיות עינוגים אגוזים,,IL,עוגיות עינוגים בטעם,גרמים,500.00,100 גרם,false,,13.60,2.7200,true,1,463707
7290115403435,false,עוגיות מעמול תמר 500 גרם,שיבולים א.ד.ל )ק.א(,IL,עוגיות מעמול תמר אדל,גרמים,500.00,100 גרם,false,,13.60,2.7200,true,1,463709
7290115403459,false,עוגיות נסיכה בטעם תות 50,שיבולים א.ד.ל )ק.א(,IL,עוגיות נסיכה בטעם תו,גרמים,500.00,100 גרם,false,,13.60,2.7200,true,1,463711
7290115403466,false,עוגיות נסיכה מיקס 500 גר,שיבולים א.ד.ל )ק.א(,IL,עוגיות נסיכה מיקס אד,גרמים,500.00,100 גרם,false,,13.60,2.7200,true,1,463712
7290115403473,false,עוגיות עינוגי שוקולד,שיבולים א.ד.ל )ק.א(,IL,עוגיות עינוגי שוקולד,גרמים,500.00,100 גרם,false,,13.60,2.7200,true,1,463713
7290115403480,false,עוגיות בסגנון מרוקאי 500,,IL,עוגיות בסגנון מרוקאי,גרמים,500.00,100 גרם,false,,13.60,2.7200,true,1,463714
7290115403510,false,עוגיות מגולגלות תמרים,,IL,עוגיות מגולגלות תמרי,גרמים,500.00,100 גרם,false,,13.60,2.7200,true,1,463716
7290115403541,false,עוגיות גרייבה 500 גרם,,IL,עוגיות גרייבה אדל 50,גרמים,500.00,100 גרם,false,,13.60,2.7200,true,1,463719
7290115403565,false,עוגיות קיפל וניל 500 גרם,,IL,עוגיות קיפל וניל אדל,גרמים,500.00,100 גרם,false,,13.60,2.7200,true,1,463721
7290115405088,false,קינוח אישי קדאיף קפולסקי 200 גרם,תופינים מקבוצת קפולסקי,IL,קינוח אישי קדאיף-200,גרמים,200.00,100 גרם,false,,12.80,6.4000,true,1,63072
7290115405118,false,קינוח אישי גבינה תענוג תות קפולסקי 200 ג,תופינים מקבוצת קפולסקי,IL,קינוח אישי תענוג תות,גרמים,200.00,100 גרם,false,,12.80,6.4000,true,1,63075
7290115405774,false,פחזניות ממולאות בטעם וניל קפולסקי 180 גרם,תופינים מקבוצת קפולס,IL,פחזניות בטעם וניל תו,גרמים,180.00,100 גרם,false,,12.80,7.1111,true,1,496397
7290115405781,false,פחזניות ממולאות בטעם שוקולד קפולסקי 180 גרם,קפולסקי אדל בעמ,IL,פחזניות בטעם שוקולד,גרמים,180.00,100 גרם,false,,12.80,7.1111,true,1,496411
7290115405804,false,פחזניות ממולאות בטעם תות קפולסקי 180 גרם,קפולסקי אדל בעמ,IL,פחזניות בטעם תות תופ,גרמים,180.00,100 גרם,false,,12.80,7.1111,true,1,496439
7290115405811,false,קינוח אישי גבינה ופירורי עוגיות קפולסקי 200 גרם,תופינים מקבוצת קפולסקי,IL,קינוח אישי גבינה פרו,גרמים,200.00,100 גרם,false,,12.80,6.4000,true,1,505794
7290115405828,false,קינוח אישי גבינה אוכמניות קפולסקי 200 גרם,תופינים מקבוצת קפולסקי,IL,קינוח אישי גבינה אוכ,גרמים,200.00,100 גרם,false,,12.80,6.4000,true,1,505795
7290115410075,false,טחינה סלטי היום 400 גרם,סלטי היום - קפוא זן,IL,טחינה 400 גרם סלטי ה,גרמים,400.00,100 גרם,false,,9.40,2.3500,true,1,202307
7290115410099,false,מטבוחה סלטי היום 400 גרם,סלטי היום - קפוא זן,IL,מטבוחה 400 גרם סלטי,גרמים,400.00,100 גרם,false,,9.40,2.3500,true,1,202324
7290115410112,false,חומוס סלטי היום 400 גרם,סלטי היום - קפוא זן,IL,חומוס 400 גרם סלטי ה,גרמים,400.00,100 גרם,false,,9.40,2.3500,true,1,202292
7290115410549,false,המעדניה חומוס ירושלים 250 גר',סלטי היום - קפוא זן,IL,חומוס מסעדות המעדניה,גרמים,250.00,100 גרם,false,,9.40,3.7600,true,1,202202
7290115410556,false,המעדניה חומוס מסבחה ירוק 250 גר',סלטי היום - קפוא זן,IL,חומוס מסבחה 250 גרם,גרמים,250.00,100 גרם,false,,9.40,3.7600,true,1,202229
7290115410563,false,המעדניה חומוס מסבחה חריף אדום 250 גר',סלטי היום - קפוא זן,IL,חומוס מסבחה חריף 250,גרמים,250.00,100 גרם,false,,9.40,3.7600,true,1,202230
7290115410587,false,טחינה לבנה 250 גרם המעדניה,סלטי היום - קפוא זן,IL,טחינה לבנה 250 גרם -,גרמים,250.00,100 גרם,false,,9.40,3.7600,true,1,202245
7290115410594,false,חציל תאילנדי 250 גרם המעדניה,סלטי היום - קפוא זן,IL,חציל תאילנדי 250 גרם,גרמים,250.00,100 גרם,false,,9.40,3.7600,true,1,202246
7290115410600,false,חציל במיונז 250 גרם המעדניה,סלטי היום - קפוא זן,IL,חציל במיונז 250 גרם-,גרמים,250.00,100 גרם,false,,9.40,3.7600,true,1,202260
7290115410655,false,מטבוחה 250 גרם המעדניה,סלטי היום - קפוא זן,IL,מטבוחה 250 גרם המעדנ,גרמים,250.00,100 גרם,false,,9.40,3.7600,true,1,202264
7290115671223,false,מסטיק מאסט פאן אבטיח מנגו צנצנת 58 גרם,אסקום קונפקשיין,DE,מסטיק קוביות ללא סוכ,גרמים,58.00,100 גרם,false,,8.50,14.6552,true,1,324778
7290115671339,false,מיני פינוקיות בראוניז בייגל בוטן עלית 180 ג' עלית,"הגביע מוצרי ופלים בע""\מ",IL,מיני פינוקיות בראוני,גרמים,180.00,100 גרם,false,,9.40,5.2222,true,1,188437
7290115671353,false,מיני פינוקיות עוגיות קקאו במילוי קרם בטעם וניל,"הגביע מוצרי ופלים בע""\מ",IL,מיני פינוקיות שחור ל,גרמים,180.00,100 גרם,false,,9.40,5.2222,true,1,301498
7290115675559,false,מארז קפה טורקי לדרך 10 יחידות,שטראוס קפה בי.וי.,IL,מארז קפה טורקי לדרך,גרמים,70.00,100 גרם,false,,6.80,9.7143,true,1,121162
7290115675986,false,דנונה יוגורט בר עם אגוזים מקורמלים 173 גרם,"שטראוס בריאות בע""\מ",IL,דנונה קראנצ' אגוזים,גרמים,173.00,100 גרם,false,,3.90,2.2543,true,1,120530
7290115676051,false,"משקה אקטיביה שיבולת שועל במתיקות מעודנת 250 מ""ל",מיוצר עי קונדיטוריית,IL,משקה אקטיביה עם שיבו,גרמים,265.00,100 גרם,false,,4.20,1.5849,true,1,226819
7290115676082,false,משקה דנונה פרו 20 יוגורט תות 255 ג' רבנות,"שטראוס בריאות בע""\מ.",IL,משקה יוגורט עם חלבון,גרמים,255.00,100 גרם,false,,5.90,2.3137,true,1,158280
7290115676099,false,משקה דנונה פרו 20 יוגורט וניל 255 ג' רבנות,"שטראוס בריאות בע""\מ.",IL,משקה יוגורט עם חלבון,גרמים,265.00,100 גרם,false,,5.90,2.2264,true,1,158243
7290115677140,false,תפוצ'יפס בטעם פפריקה 200 גרם היתר מכירה,שטראוס פריטו ליי בע”,IL,תפוצ'יפס wavy פפריקה,גרמים,200.00,100 גרם,false,,8.50,4.2500,true,1,614275
7290115677362,false,"נודלס טריאקי ""דלישס"" שטראוס","טרופיקל דגיל בע""מ אז",IL,נודלס טריאקי שטראוס,גרמים,350.00,100 גרם,false,,23.80,6.8000,true,1,236624
7290115677423,false,אורז ירוק קארי חריף חריף דלישס 350 גרם,"טרופיקל דגיל בע""מ אז",IL,אורז קארי ירוק חריף,גרמים,350.00,100 גרם,false,,23.80,6.8000,true,1,236655
7290115677966,false,ממרח אבוקדו טעם הטבע 200 גרם,ג'י. אר. סימפלוט,MX,ממרח אבוקדו אחלה 200,גרמים,200.00,100 גרם,false,,12.80,6.4000,true,1,214605
7290115678376,false,מעדן הגולן שוקולד 125 גרם,מיוצר עי קונדיטוריית,IL,מעדן הגולן מעדן חלב,גרמים,125.00,100 גרם,false,,2.50,2.0000,true,1,190433
7290115678383,false,מעדן הגולן שוקולד מריר 125 גרם,מיוצר עי קונדיטוריית,IL,מעדן הגולן מעדן חלב,גרמים,125.00,100 גרם,false,,2.50,2.0000,true,1,190447
7290115678635,false,נשנושי גבינה -גבינת שמנת 16%+כעכים שטוחים עם מלח,"מחלבת טבע עז בע""\מ",IL,נשנושי גבינה 16% עם,גרמים,67.00,100 גרם,false,,9.40,14.0299,true,1,517283
7290115679762,false,שייק פירות צהוב 150X2גר,סיבהפרוסט,BE,שייק פירות צהוב דליש,גרמים,300.00,100 גרם,false,,18.80,6.2667,true,1,592485
7290116244037,false,חד קרן אצבעות שוקולד חלב 84 גרם,סטילנד שוקולד,NL,אצבעות שוקולד חלב חד,גרמים,84.00,100 גרם,false,,6.80,8.0952,true,1,369264
7290116244068,false,אצבעות שוקולד חלב 84 גר'-כוח פי גיי,סטילנד שוקולד,NL,אצבעות שוקולד חלב כו,גרמים,84.00,100 גרם,false,,6.80,8.0952,true,1,369267
7290116244082,false,מפרץ הרפתקאות אצבעות שוקולד חלב 84 גרם,סטילנד שוקולד,NL,אצבעות שוקולד חלב מפ,גרמים,84.00,100 גרם,false,,6.80,8.0952,true,1,369269
7290116512426,false,גרבי נשים נגד החלקה,,,גרבי נשים נגד החלקה,יחידה,0.00,יחידה,false,,12.74,0.0000,true,1,241447
7290116530109,false,חטיף קליק נוגט ציפוי שוקולד לבן 35 גרם,"טחנת האבן תעשיות בע""\מ,",IL,קליק חטיף נוגט מצופה,גרמים,35.00,100 גרם,false,,3.40,9.7143,true,1,170650
7290116530482,false,תלמה מארז קורנפלקס אלופים 30 גרם*5 יחידו,פרו מן-יו פתרנות ארי,IL,מארז קורנפלקס של אלו,גרמים,150.00,100 גרם,false,,10.18,6.7867,true,1,226556
7290116530871,false,נשנושים מיקס בייגל בייגל 240 גרם,"דרך השוקולד ,1 צפת 13404",IL,חטיף נשנושים מיקס+בי,גרמים,240.00,100 גרם,false,,10.20,4.2500,true,1,561524
7290116530895,false,"תרסיס ריחני למייבש כביסה פינוק כחול בדין 500 מ""ל","זוהר דליה, קיבוץ דליה, 1",TR,תרסיס ריחני למייבש כ,מיליליטרים,500.00,"100 מ""ל",false,,14.40,2.8800,true,1,191585
7290116531496,false,קינמונים דגנים פריכים מצופים 375 גרם,"נאוג'\אזיס נווזיס ,UAB ג",LT,דגני בוקר קינמונים ת,גרמים,375.00,100 גרם,false,,17.00,4.5333,true,1,389946
7290116532387,false,"אל סבון ידיים נוזלי חמאת שיאה 950 מ""ל פינוק",יוניליוור ישראל טיפוח אי,TR,אל סבון לידיים בתוספ,מיליליטרים,950.00,"100 מ""ל",false,,10.20,1.0737,true,1,395026
7290116533032,false,"מארז זוג תחליב רחצה פינוק קלאסי 1400 מ""ל",יוניליוור ישראל טיפוח אי,IL,מארז זוג תחליב רחצה,ליטרים,1.40,ליטר,false,,17.00,12.1429,true,1,530352
7290116533063,false,דגני בוקר שוגי קרטיב ענבים 400 גרם,"יוניליוור שפע ישראל בע""\",IL,שוגי דגני בוקר בטעם,גרמים,400.00,100 גרם,false,,17.10,4.2750,true,1,516258
7290116533216,false,"קנור מרק תיבול ירקות 235 מ""ל",יוניליוור,IL,מרק ירקות 100% רכיבי,גרמים,235.00,100 גרם,false,,17.90,7.6170,true,1,593155
7290116930022,false,GO חטיף חלבון עוגיות ציפוי קריספי 20 גרם חלבון,"בלמונט קונפקציות בע""\מ.",US,חטיף חלבון בטעם קרם,גרמים,60.00,100 גרם,false,,10.20,17.0000,true,1,435789
7290116930282,false,ארוחה בקטנה לאבנה עם קרקרים 150ג' תנובה,תנובה חלב,IL,לאבנה 9% שומן עם קרק,גרמים,150.00,100 גרם,false,,6.80,4.5333,true,1,550617
7290116930626,false,ארוחה בקטנה ציזיקי עם קרקרים 150ג' תנובה,תנובה חלב,IL,ציזיקי עם קרקרים תנו,גרמים,150.00,100 גרם,false,,6.80,4.5333,true,1,550644
7290116931159,false,יופלה דיאט 0% שומן תות בננה 150 גרם,תנובה מרכז שיתופי לש,IL,יופלה דיאט 0% שומן ת,מיליליטרים,150.00,"100 מ""ל",false,,4.40,2.9333,true,1,613345
7290116931289,false,יופלה גו במרקם סמיך אלפחורס 200מל,תנובה מרכז שיתופי לש,IL,יוגורט גו סמיך 0% אל,גרמים,200.00,100 גרם,false,,5.30,2.6500,true,1,610788
7290117260449,false,גבינה בולגרית מעודנת למריחה בטעם טבעי 5% שומן 200 ג' יורו,אם.בי.טורקיה,TR,גבינה בולגרית מעודנת,גרמים,200.00,100 גרם,false,,10.20,5.1000,true,1,553115
7290117260456,false,גבינה בולגרית מעודנת למריחה עם זיתים 5% שומן 200 ג' יורו,אם.בי.טורקיה,TR,גבינה בולגרית מעודנת,גרמים,200.00,100 גרם,false,,10.20,5.1000,true,1,553169
7290117260463,false,גבינה בולגרית מעודנת למריחה עם חלפיניו 5% שומן 200 ג' יורו,Euro יורו מחלבות אירופה,TR,גבינה בולגרית מעודנת,גרמים,200.00,100 גרם,false,,10.20,5.1000,true,1,553170
7290117260470,false,גבינה בולגרית מעודנת למריחה עם שום 5% שומן 200 ג' יורו,אם.בי.טורקיה,TR,גבינה בולגרית מעודנת,גרמים,200.00,100 גרם,false,,10.20,5.1000,true,1,553142
7290117260562,false,חמאה כפרית מסורתית בגביע,וילי פוד,TR,חמאה בגביע יורו 225,גרמים,225.00,100 גרם,false,,14.50,6.4444,true,1,613973
7290117260579,false,חטיף קראנצ'י על בסיס קמח עדשים בטעם שמנת חמוצה ובצל 80 ג',וילי פוד,LT,חטיף קראנצ'י על בסיס,גרמים,80.00,100 גרם,false,,6.80,8.5000,true,1,592790
7290117260586,false,חטיף קראנצ'י על בסיס קמח עדשים בטעם פלפל חלפיניו וליים 80 ג',וילי פוד,LT,חטיף קראנצ'י על בסיס,גרמים,80.00,100 גרם,false,,6.80,8.5000,true,1,592791
7290117260593,false,חטיף קראנצ'י על בסיס קמח עדשים בטעם צ'דר 80 ג',וילי פוד,LT,חטיף קראנצ'י על בסיס,גרמים,80.00,100 גרם,false,,6.80,8.5000,true,1,592792
7290117260685,false,תן בו וניל ציפויים בטעמים שונים 230 גרם,אלויראסמינדה,DK,תן בו בטעם וניל בציפ,גרמים,230.00,100 גרם,false,,17.10,7.4348,true,1,326034
7290117260906,false,פופקורן בציפוי בטעם פירות 90 גרם,אלאלסי,UA,פופקורן בטעם פירות ו,גרמים,90.00,100 גרם,false,,6.80,7.5556,true,1,366390
7290117261057,false,EURO זו קינוחים בטעם קרם עוגיות 140 גרם,מונטרו,ES,זוג קינוחים בטעם קרם,גרמים,140.00,100 גרם,false,,9.40,6.7143,true,1,578365
7290117261521,false,סלמון אטלנטי בשמן קנולה 120 גרם ויליפוד,קריות זול,LV,סלמון אטלנטי בשמן קנ,גרמים,120.00,100 גרם,false,,9.40,7.8333,true,1,589641
7290117261552,false,סלמון אטלנטי ברוטב עגבניות 120 גרם ויליפוד,קריות זול,LV,סלמון אטלנטי ברוטב ע,גרמים,120.00,100 גרם,false,,9.40,7.8333,true,1,589644
7290117261569,false,סלמון אטלנטי מעושן בשמן קנולה 120 גרם ויליפוד,קריות זול,LV,סלמון אטלנטי מעושן ב,גרמים,120.00,100 גרם,false,,9.40,7.8333,true,1,589645
7290117261576,false,סרדינים בריסלינג מעושנים ברוטב עגבניות 185 גרם צנצנת,קריות זול,LV,סרדינים בריסלינג מעו,גרמים,185.00,100 גרם,false,,11.90,6.4324,true,1,589623
7290117261583,false,סרדינים בריסלינג מעושנים בשמן קנולה 129 גרם (צנצנת),גולדן פרייז קאנינג אל.טי,LV,סרדינים בריסלינג מעו,גרמים,185.00,100 גרם,false,,11.90,6.4324,true,1,589624
7290117261644,false,פרוסות צהובה בטעם צדר טבעוני 140 גרם,קוליוס,GR,צהובה טבעונית בטעם צ,גרמים,140.00,100 גרם,false,,12.80,9.1429,true,1,586809
7290117261927,false,גבינת פקורינו מחלב כבשים צ'אנק 150 EURO CHEESE,ג.וילי פוד אינטרנשיונל ב,ES,גבינת פקורינו מחלב כ,גרמים,150.00,100 גרם,false,,17.10,11.4000,true,1,589763
7290117261934,false,בסיסים לחצ'פורי ומאפים מוקפאים 460 גרם ויליפוד,,GR,בסיסים לחצ'פורי מוקפ,גרמים,460.00,100 גרם,false,,12.80,2.7826,true,1,563403
7290117380215,false,חטיף פוף קראנץ בטעם טאקו 60 גרם,מנה,IL,פוף קראנצ בטעם טאקו,גרמים,60.00,100 גרם,false,,3.40,5.6667,true,1,347921
7290117823798,false,בדיקה עצמית מהירה לזיהוי אנטיגן 5 יח,,CN,בדיקה עצמית מהירה לז,יחידה,0.00,יחידה,false,,34.20,0.0000,true,1,350094
7290117829592,false,צ.גפן מתוק בדלי פיג'יי,קוטון קנדי,IL,צמר גפן מתוק בדלי 50,גרמים,50.00,100 גרם,false,,8.60,17.2000,true,1,611748
7290117829615,false,צמר גפן מתוק בדלי 50,,,צמר גפן מתוק בדלי 50,גרמים,50.00,100 גרם,false,,8.60,17.2000,true,1,611750
7290117860038,false,"הוואי - תחליב רחצה יוגורט בניחוח אוכמניות 700 מ""ל","טרופיקל דגיל בע""\מ",IL,תחליב רחצה יוגורט בנ,מיליליטרים,700.00,"100 מ""ל",false,,12.80,1.8286,true,1,606062
7290117860045,false,שמפו תמציות אלוורה ותה ירוק לשיער רגיל,"טרופיקל דגיל בע""\מ",IL,שמפו מטפח לשיער רגיל,מיליליטרים,700.00,"100 מ""ל",false,,12.80,1.8286,true,1,601659
7290117860090,false,מרכך תמציות אלוורה ותה ירוק לשיער רגיל,"טרופיקל דגיל בע""\מ",IL,מרכך מטפח לשיער רגיל,מיליליטרים,700.00,"100 מ""ל",false,,12.80,1.8286,true,1,601660
7290117860137,false,"הוואי קרם רחצה יוגורט בניחוח פרח הקמליה 700 מ""ל","טרופיקל גליל בע""מ",IL,תחליב רחצה בניחוח פר,מיליליטרים,700.00,"100 מ""ל",false,,12.80,1.8286,true,1,606064
7290117860144,false,הוואי שמפו פירות אקזוטיים וקלנדולה 700,"טרופיקל דגיל בע""\מ",IL,שמפו נגד קשקשים הווא,מיליליטרים,700.00,"100 מ""ל",false,,12.80,1.8286,true,1,601661
7290117860182,false,"הוואי - תחליב רחצה בניחוח מגנוליה ושמן שקדים 700 מ""ל","טרופיקל דגיל בע""\מ",IL,תחליב רחצה בניחוח מג,מיליליטרים,700.00,"100 מ""ל",false,,12.80,1.8286,true,1,606065
7290117860199,false,שמפו שמן ורד הבר ושמן מקדמיה לשיער יבש,"טרופיקל דגיל בע""\מ",IL,שמפו לשיער יבש הוואי,מיליליטרים,700.00,"100 מ""ל",false,,12.80,1.8286,true,1,601662
7290117860243,false,"הוואי - מרכך מעניק לחות לשיער יבש 700 מ""ל","טרופיקל דגיל בע""\מ",IL,מרכך לשיער יבש הוואי,מיליליטרים,700.00,"100 מ""ל",false,,12.80,1.8286,true,1,601663
7290117860281,false,"הוואי - ג'ל רחצה לגבר בניחוח עוצמתי 700 מ""ל","טרופיקל דגיל בע""\מ",IL,ג'ל רחצה לגבר בניחוח,מיליליטרים,700.00,"100 מ""ל",false,,12.80,1.8286,true,1,606067
7290117860298,false,שמפו קומפלקס קרטין לשיער עדין או חלש,"טרופיקל דגיל בע""\מ",IL,שמפו קרטין מחזק הווא,מיליליטרים,700.00,"100 מ""ל",false,,12.80,1.8286,true,1,608329
7290117860335,false,"הוואי ג'ל רחצה לגבר בניחוח מעורר 700 מ""ל","טרופיקל דגיל בע""\מ",IL,ג'ל רחצה לגבר בניחוח,מיליליטרים,700.00,"100 מ""ל",false,,12.80,1.8286,true,1,606068
7290117860342,false,מרכך קומפלקס קרטין לשיער עדין או חלש,"טרופיקל דגיל בע""\מ",IL,מרכך קרטין מחזק הווא,מיליליטרים,700.00,"100 מ""ל",false,,12.80,1.8286,true,1,608330
7290117860397,false,שמפו תמצית פריחת הדובדבן לשיער רגיל,"טרופיקל דגיל בע""\מ",IL,שמפו פריחת הדובדבן ה,מיליליטרים,700.00,"100 מ""ל",false,,12.80,1.8286,true,1,601664
7290117860496,false,"הוואי שמפו + מרכך 2 ב-1 לגבר 700 מ""ל-חדש","טרופיקל גליל בע""מ",IL,שמפו לגבר + מרכך 2ב-,מיליליטרים,700.00,"100 מ""ל",false,,12.80,1.8286,true,1,601666
7290117860649,false,הוואי שמפו קרטין קיק ללא סולפטים 700 מל,"טרופיקל דגיל בע""\מ",IL,שמפו ללא סולפטים הוו,מיליליטרים,700.00,"100 מ""ל",false,,12.80,1.8286,true,1,608332
7290117860694,false,הוואי מרכך קרטין קיק ללא סולפטים 700 מל,"טרופיקל דגיל בע""\מ",IL,מרכך ללא סולפטים הוו,מיליליטרים,700.00,"100 מ""ל",false,,12.80,1.8286,true,1,608333
7290117860748,false,הוואי שמפו תמצית יסמין מעניק נפח 700 מל,"טרופיקל דגיל בע""\מ",IL,שמפו מעניק נפח הוואי,מיליליטרים,700.00,"100 מ""ל",false,,12.80,1.8286,true,1,608334
7290117860847,false,"הוואי רעננות מושלמת לגבר לשיער, גוף, פנים וזקן","טרופיקל גליל בע""מ",IL,שמפו 4 ב 1 לגבר רעננ,מיליליטרים,700.00,"100 מ""ל",false,,12.80,1.8286,true,1,608336
7290117860892,false,"הוואי - תחליב רחצה יוגורט בניחוח וניל ודבש 700 מ""ל","טרופיקל דגיל בע""\מ",IL,תחליב רחצה יוגורט בנ,מיליליטרים,700.00,"100 מ""ל",false,,12.80,1.8286,true,1,606070
7290117860946,false,"תחליב רחצה יוגורט בניחוח קוקוס 700 מ""ל הוואי","טרופיקל דגיל בע""\מ",IL,תחליב רחצה יוגורט בנ,מיליליטרים,700.00,"100 מ""ל",false,,12.80,1.8286,true,1,606071
7290117860991,false,"תחליב רחצה יוגורט בניחוח שקדים 700 מ""ל הוואי","טרופיקל דגיל בע""\מ",IL,תחליב רחצה יוגורט בנ,מיליליטרים,700.00,"100 מ""ל",false,,12.80,1.8286,true,1,606072
7290117900949,false,בוטנים מצופים אמריקאים 250 גרם,"שקדיה גבע תעשיות בע""",IL,בוטנים מצופים אמריק,גרמים,250.00,100 גרם,false,,9.40,3.7600,true,1,520290
7290117900956,false,תערובת פיצוחים קלויים ששון הקולה 180 גרם,"שקדיה גבע תעשיות בע""",IL,תערובת פיצוחים קלויי,גרמים,180.00,100 גרם,false,,13.60,7.5556,true,1,520291
7290117900963,false,בוטנים קלויים ששון ה,דין שיווק וקלייה בעמ,IL,בוטנים קלויים 270 גר,גרמים,270.00,100 גרם,false,,9.40,3.4815,true,1,520292
7290117901014,false,קשיו קלוי ששון הקולה 160 גרם,"שקדיה גבע תעשיות בע""",IL,קשיו קלוי 160 גרם,גרמים,160.00,100 גרם,false,,13.60,8.5000,true,1,520297
7290118420071,false,במבה ביסלי ברביקיו מיקס 80ג' אסם,"אסם השקעות בע""\מ",IL,במבה ביסלי ברביקיו מ,גרמים,80.00,100 גרם,false,,3.80,4.7500,true,1,594945
7290118420378,false,פתיבר פינוקים בטעם תותים בשמנת - חלבי,קריות זול,PL,פתי בר פינוקים תותים,גרמים,220.00,100 גרם,false,,8.50,3.8636,true,1,595200
7290118420477,false,אסם בייגלה שטוחים בטעם ביסלי בצל 300 גרם,"אסם תעשיות בע""מ",IL,בייגלה שטוחים בטעם ב,גרמים,300.00,100 גרם,false,,9.30,3.1000,true,1,595215
7290118420514,false,אינסטנט פודינג בטעם נוגט אסם 75 גרם,"אסם תעשיות בע""מ",IL,אינסטנט פודינג נוגט,גרמים,80.00,100 גרם,false,,4.70,5.8750,true,1,592293
7290900010367,false,טורטייה שמינייה משקל נקי 360 ג' Avel,Turka Invest,PL,טורטייה אבאל 360 גרם,גרמים,360.00,100 גרם,false,,7.70,2.1389,true,1,48484
7291008084915,false,תמר מג'הול 500גר,,,תמר מג'הול 500גר,גרמים,500.00,100 גרם,false,,10.00,2.0000,true,1,400334
7296021124938,false,קרש חיתוך - זוג,,,קרש חיתוך - זוג,יחידה,0.00,יחידה,false,,34.20,0.0000,true,1,44714
7296021129940,false,צנצנות מלח ופלפל זכו,ade,CN,צנצנת מלח ופלפל עם י,יחידה,0.00,יחידה,false,,6.80,0.0000,true,1,390171
7296021131394,false,סכין מולטי משוננת מ,,,סכין מולטי משוננת מ,יחידה,0.00,יחידה,false,,19.90,0.0000,true,1,28246
7296021133626,false,כף מסננת קטנה ידית ש,,,כף מסננת קטנה ידית ש,יחידה,0.00,יחידה,false,,13.60,0.0000,true,1,44762
7296021146374,false,תבנית CS לאפיה טוסטר,,,תבנית CS לאפיה טוסטר,יחידה,0.00,יחידה,false,,68.30,0.0000,true,1,388859
7296021169946,false,מלקחיים NYLON 3 צבעי,,,מלקחיים NYLON 3 צבעי,יחידה,0.00,יחידה,false,,13.60,0.0000,true,1,391168
7296021255830,false,קישואן זוקיני ידית ש,,,קישואן זוקיני ידית ש,יחידה,0.00,יחידה,false,,12.80,0.0000,true,1,390412
7296021266775,false,לוח חיתוך מתקפל,,,לוח חיתוך מתקפל,יחידה,0.00,יחידה,false,,14.50,0.0000,true,1,391425
7296021269011,false,מאג ג'מבו 650 מל קרמ,,,"מאג ג'מבו 650 מ""ל רק",יחידה,0.00,יחידה,false,,17.10,0.0000,true,1,507247
7296021282614,false,מסננת נירוסטה 28 סמ',,,"מסננת נירוסטה 28 ס""מ",יחידה,0.00,יחידה,false,,29.00,0.0000,true,1,44973
7296021288647,false,"סיר בישוול 24 ס""מ 5.",,,"סיר בישוול 24 ס""מ 5.",יחידה,0.00,יחידה,false,,341.80,0.0000,true,1,573981
7296021288661,false,"מחבת לטיגון 20 ס""מ C",,,"מחבת לטיגון 20 ס""מ C",יחידה,0.00,יחידה,false,,170.90,0.0000,true,1,573997
7296102210727,false,סט 4 קופסאות עגול,,,סט 4 קופסאות עגול,יחידה,0.00,יחידה,false,,17.10,0.0000,true,1,346905
7296102521779,false,סט 4 קופסאות פלסטיק,,,סט 4 קופסאות פלסטיק,יחידה,0.00,יחידה,false,,17.01,0.0000,true,1,265047
7296102831571,false,סט 4 כוסות שתייה,,,סט 4 כוסות לשתיה,יחידה,0.00,יחידה,false,,12.90,0.0000,true,1,346386
7297028161575,false,קרסוליות גבר (10 ) לבן/שחור/מעורב,,,עשיריית גרבי גרב,יחידה,0.00,יחידה,false,,25.56,0.0000,true,1,222475
7297028161582,false,קרסוליות נשים (10 )שחור/לבן/מעורב,,,עשיריית גרבי נשים,יחידה,0.00,יחידה,false,,25.56,0.0000,true,1,222476
7297028164552,false,גרבי עבודה לגבר שלי,,,גרבי עבודה לגבר,יחידה,0.00,יחידה,false,,26.40,0.0000,true,1,278828
7297028164682,false,גרבי נשים שניל,,,גרבי נשים שניל,יחידה,0.00,יחידה,false,,12.80,0.0000,true,1,278935
7297028192197,false,שלישיית גרבי גבר שחו,,,שלישיית גרבי גבר שחו,יחידה,0.00,יחידה,false,,12.80,0.0000,true,1,622817
7297373004404,false,רב מגבת לבן 800 גרם,,,רב מגבת לבן 800 גרם,יחידה,0.00,יחידה,false,,16.20,0.0000,true,1,571688
7297461005573,false,שמיכת כבש דו צדדי י,,,שמיכת כבש דו צדדי י,יחידה,0.00,יחידה,false,,110.30,0.0000,true,1,308217
7297461005580,false,שמיכת כבש דו צדדי ז,,,שמיכת כבש דו צדדי ז,יחידה,0.00,יחידה,false,,136.80,0.0000,true,1,308231
7297478003517,false,גרבי ילדים שלישייה,,,גרבי ילדים שלישייה,יחידה,0.00,יחידה,false,,11.03,0.0000,true,1,246770
7297488098688,false,דגש פצפוצי אורז מלא ללא תוספת סוכר ומלח 450 גרם,משובח תעשיות מזון,IL,דגש פצפוצי אורז מלא,גרמים,450.00,100 גרם,false,,19.60,4.3556,true,1,107184
7298171185395,false,גרבי בנות מיני מאוס,,,גרבי בנות מיני מאוס,יחידה,0.00,יחידה,false,,17.10,0.0000,true,1,278992
7298171185418,false,גרבי בנות מגבת מיני,,,גרבי בנות מגבת מיני,יחידה,0.00,יחידה,false,,17.10,0.0000,true,1,278949
7298171185470,false,גרבי בנים מיקי מאוס,,,גרבי בנים מיקי מאוס,יחידה,0.00,יחידה,false,,17.10,0.0000,true,1,278978
7298171201477,false,כרבולית קורל נוער מי,,,כרבולית קורל נוער מי,יחידה,0.00,יחידה,false,,42.65,0.0000,true,1,224203
7312040017683,false,"אבסולוט וודקה, 700 מ''ל",חברת אבסולוט,SE,אבסולוט וודקה 700 מל,מיליליטרים,700.00,"100 מ""ל",false,,52.10,7.4429,true,1,33547
7450014901320,false,נעלי בית חורף נשים,,,נעלי בית חורף נשים,יחידה,0.00,יחידה,false,,34.20,0.0000,true,1,31299
7450026800499,false,נעלי בית חורף גברים,,,נעלי בית חורף גברים,יחידה,0.00,יחידה,false,,34.20,0.0000,true,1,31311
7501013101348,false,"נקטר בטעם מנגו 500 מ""ל JUMEX",חומקס קומר קומרסאליזדורה,MX,ג'ומקס נקטר מנגו 473,מיליליטרים,473.00,"100 מ""ל",false,,7.00,1.4799,true,1,38984
7501013101355,false,"נקטר בטעם אפרסק 500 מ""ל JUMEX",חומקס קומר קומרסאליזדורה,MX,ג'ומקס נקטר אפרסק 47,מיליליטרים,473.00,"100 מ""ל",false,,7.00,1.4799,true,1,38985
7501013101362,false,"נקטר בטעם קוקוס ואננס 500 מ""ל JUMEX",חומקס קומר קומרסאליזדורה,MX,ג'ומקס משקה קוקוס אנ,מיליליטרים,473.00,"100 מ""ל",false,,7.00,1.4799,true,1,38986
7501013122039,false,ג'ומקס מיץ מנגו קרטונית ליטר תריסר,חומקס קומר קומרסאליזדורה,MX,ג'ומקס נקטר מנגו קרט,ליטרים,1.00,ליטר,false,,9.00,9.0000,true,1,38991
7501013122114,false,"נקטר משקה אננס בקרטונית ג'ומקס, 1 ל'",חומקס קומר קומרסאליזדורה,MX,ג'ומקס נקטר אננס קרט,ליטרים,1.00,ליטר,false,,9.00,9.0000,true,1,38993
7501013122190,false,ג'ומקס מיץ תפוחים קרטונית ליטר תריסר,חומקס קומר קומרסאליזדורה,MX,ג'ומקס משקה תפוחים ק,ליטרים,1.00,ליטר,false,,9.00,9.0000,true,1,38994
7501013122992,false,ג'ומקס מיץ קוקוס אננס קרטונית ליטר תריסר,חומקס קומר קומרסאליזדורה,MX,ג'ומקס משקה קוקוס אנ,ליטרים,1.00,ליטר,false,,9.00,9.0000,true,1,38995
7501013138047,false,משקה רימונים יוניקו פרסקו ג'ומקס בקרטונית 1 ליטר,חומקס קומר קומרסאליזדורה,MX,יוניקו פרסקו משקה רי,ליטרים,1.00,ליטר,false,,9.80,9.8000,true,1,39001
7501013138184,false,משקה חמוציות יוניקו פרסקו ג'ומקס קרטונית 1 ליטר,חומקס קומר קומרסאליזדורה,MX,יוניקו פרסקו משקה חמ,ליטרים,1.00,ליטר,false,,9.80,9.8000,true,1,39002
7501049936945,false,"שישיית בירה סול בקבוק 330 מ""ל",היינקן,NL,מארז שישייה בירה סול,ליטרים,1.98,ליטר,false,,31.80,16.0606,true,1,66252
7509546057545,false,ליידי ספיד סטיק פרו 5 סטיק 45 גרם,קולגייט פלמוליב,US,דיאודורנט סטיק פרו 5,גרמים,45.00,100 גרם,false,,17.10,38.0000,true,1,407904
7509546061160,false,"משחת שיניים לילדים מיניונים 2-5 75 מ""ל קולגייט",קולגייט פלמוליב,PL,משחת שיניים קולגייט,מיליליטרים,75.00,"100 מ""ל",false,,13.60,18.1333,true,1,469621
7610113011652,false,בריזר - משקה כוהלי מוגז בטעם תפוח,בקרדי בריזר Bacardi Breezer,BE,בקרדי בריזר תפוח 275,מיליליטרים,275.00,"100 מ""ל",false,,11.90,4.3273,true,1,77985
7610400068505,false,לינדט לינדור בונבוניירה שוקולד חלב 200 גרם,לינדט ושפרונגלי קילשברג,CH,לינדור בונבוניירה חל,גרמים,200.00,100 גרם,false,,19.60,9.8000,true,1,13833
7610400068529,false,לינדט לינדור בונבוניירה כדורי שוקולד מטעמים 200 גרם,לינדט ושפרונגלי קילשברג,CH,לינדור בונבוניירה אס,גרמים,200.00,100 גרם,false,,19.60,9.8000,true,1,13834
7610400075770,false,לינדט לה גרנד שוקולד מריר אגוז 150 גרם,לינדט ושפרונגלי קילשברג,CH,לינדט לה גרנד מריר ע,גרמים,150.00,100 גרם,false,,20.40,13.6000,true,1,13838
7613030979647,false,דגני בוקר טריקס פירות עולם היורה 480 ג',ג'נרל מילס סאן אדריא,CL,דגני בוקר טריקס 480,גרמים,480.00,100 גרם,false,,21.30,4.4375,true,1,19220
7613032045753,false,פיטנס - דגני בוקר שוקולד 375 גרם,נסטלה צרפת איטנקורט,FR,דגני פיטנס שוקולד נס,גרמים,375.00,100 גרם,false,,17.40,4.6400,true,1,19226
7613033548192,false,פיטנס - דגני בוקר שוקולד מריר 375 גרם,נסטלה צרפת איטנקורט,FR,דגני בוקר פיטנס שוקו,גרמים,375.00,100 גרם,false,,17.40,4.6400,true,1,19243
7613034146502,false,מזון לכלבים קטנים בטעם עוף פורינה ONE,נסטלה פורינה איטליה,US,פורינה ONE כלב מיני,קילוגרמים,1.50,"ק""ג",false,,51.20,34.1333,true,1,19257
7613035379794,false,דנטלייף חטיף דנטלי לכלבים מגזע בינוני - 4 יחידות,נסטלה פורינה גרמניה,DE,דנטלייף גזע בינוני 5,גרמים,690.00,100 גרם,false,,11.90,1.7246,true,1,256336
7613035379817,false,דנטלייף חטיף דנטלי לכלבים מגזע קטן - 4 יחידות,נסטלה פורינה גרמניה,DE,דנטלייף גזע קטן 7 6*,גרמים,690.00,100 גרם,false,,11.90,1.7246,true,1,256308
7613035548374,false,דגני בוקר גולדן מיניס מחיטה מלאה ותירס,נסטלה פולין דגני בוק,FR,דגני בוקר גולדן מיני,גרמים,570.00,100 גרם,false,,21.30,3.7368,true,1,19268
7613035619050,false,פירולו חמשושים מפלצות 75 מל,שוורצקוף& הנקל דיסלד,ES,חמשושים מפלצות,יחידה,0.00,יחידה,false,,6.00,0.0000,true,1,16020
7613035622623,false,פיטנס - גרנולה שקדים ודבש 300 גרם,שוורצקוף& הנקל דיסלד,LT,פיטנס גרנולה שקדים ו,גרמים,300.00,100 גרם,false,,12.70,4.2333,true,1,19271
7613035758834,false,פיטנס סופר גרנולה וחמוציות 300 גרם,שוורצקוף& הנקל דיסלד,LT,פיטנס גרנולה חמוציות,גרמים,300.00,100 גרם,false,,12.70,4.2333,true,1,19274
7613035807778,false,פרפקטו רוטב עגבניות לבולונז אסם 400 גרם,אסם פרפקטו Perfecto,ES,פרפקטו רוטב עגבניות,גרמים,400.00,100 גרם,false,,8.50,2.1250,true,1,19275
7613035809109,false,פרפקטו רוטב עגבניות ובזיליקום אסם 400 גרם,אסם פרפקטו Perfecto,ES,פרפקטו רוטב עגבניות,גרמים,400.00,100 גרם,false,,8.50,2.1250,true,1,19276
7613036105576,false,דוגלי עוף לכלבים בוגרים,נסטלה פורינה באק הונ,HU,"דוגלי בוגר עוף 3 ק""ג",קילוגרמים,3.00,"ק""ג",false,,37.50,12.5000,true,1,19286
7613036120395,false,ONE בקר לכלב בינוני/גדול,נסטלה פורינה איטליה,IT,פורינה ONE כלב מידמק,קילוגרמים,2.50,"ק""ג",false,,72.60,29.0400,true,1,19291
7613036710879,false,מארז מיני חטיפי קיט קט צ'אנקי Kit Kat Chanky,נסטלה גרמניה,DE,קיט קט צ'אנקי מיני 1,גרמים,194.00,100 גרם,false,,8.50,4.3814,true,1,41646
7613036880534,false,גרבר מחית ירקות מעורבים מטרנה 190 גר',נסטלה פולסקה אס.איי,PL,גרבר מחית מרק ירקות,גרמים,190.00,100 גרם,false,,5.10,2.6842,true,1,19308
7613036976671,false,פריסקיז פאוצ' עוף ברוטב 26*85גרם,נסטלה פורינה הונגריה,HU,פריסקיז פאוצ' עוף 85,גרמים,85.00,100 גרם,false,,4.20,4.9412,true,1,19312
7613036976718,false,פריסקיז פאוצ' ברווז ברוטב 26*85גרם,נסטלה פורינה הונגריה,HU,פריסקיז פאוצ' ברווז,גרמים,85.00,100 גרם,false,,4.20,4.9412,true,1,19314
7613037012200,false,גרבר מחית תפוח גזר ומנגו 90 גרם פאוץ,"מפעל סברס, נסטלה ספרד ס.",PL,פאוץ' גרבר מחית בטעם,גרמים,90.00,100 גרם,false,,5.10,5.6667,true,1,19316
7613038268262,false,דגני בוקר צ'יריוס דבש ושקדים במתיקות מעודנת,נסטלה פולין דגני בוק,FR,האני נאט ציריוס מופח,גרמים,410.00,100 גרם,false,,16.20,3.9512,true,1,19324
7613038451954,false,דגני בוקר שוקולד מופחת סוכר 410 ג' קראנץ',נסטלה צרפת איטנקורט,FR,קראנץ שוקולד מופחת ס,גרמים,410.00,100 גרם,false,,17.40,4.2439,true,1,19325
7613039881521,false,גרבר מחית מרק מנגו 190 גרם,נסטלה פולסקה אס.איי,PL,גרבר מחית מנגו 190,גרמים,190.00,100 גרם,false,,5.10,2.6842,true,1,134882
7613287155924,false,מטרנה מחית תפוח וגזר פאוץ' 90 גר',"מפעל סברס, נסטלה ספרד ס.",ES,מחית בטעם תפוח גזר פ,גרמים,90.00,100 גרם,false,,5.10,5.6667,true,1,134921
7613287181411,false,ויטמינציק מחית סלט פירות 110 גרם,"טרופיקל דגיל בע""מ אז",ES,פאוץ סלט פירות ויטמי,גרמים,110.00,100 גרם,false,,4.20,3.8182,true,1,199061
7613287182357,false,מחית אגס תפוח ופירות יער ויטמינצ'יק 110 ג',נסטלה,ES,פאוץ אגס תפוח ופירות,גרמים,110.00,100 גרם,false,,4.20,3.8182,true,1,199063
7613287182425,false,ויטמינציק מחית תפוח בננה ותות 110 גרם,"טרופיקל דגיל בע""מ אז",ES,פאוץ תפוח בננה ותות,גרמים,110.00,100 גרם,false,,4.20,3.8182,true,1,199064
7613287302373,false,סטארבקס קפסולות איטליאן סטייל רוסט 56 גרם,נסטלה שוויץ - קפה,PT,קפסולות סטארבקס איטל,גרמים,56.00,100 גרם,false,,18.80,33.5714,true,1,149201
7613287325808,false,אוסם - דיפ אנד ספרד מטבל איולי שום 295 גרם,נסטלה פולין,PL,רוטב איולי שום לחיץ,גרמים,295.00,100 גרם,false,,12.74,4.3186,true,1,251844
7613287325822,false,אוסם - דיפ אנד ספרד מטבל מיקס 295 גרם,נסטלה,PL,רוטב מיקס לחיץ אסם 2,גרמים,295.00,100 גרם,false,,12.74,4.3186,true,1,251830
7613287325853,false,אוסם - דיפ אנד ספרד מטבל איולי ספייסי 295 גרם,נסטלה פולין,PL,רוטב ספייסי איולי לח,גרמים,295.00,100 גרם,false,,12.74,4.3186,true,1,251845
7613287394323,false,דגני בוקר מולטי צ'יריוס 600 גרם,נסטלה פולין דגני בוק,GB,מולטי צ'יריוס 100% ד,גרמים,600.00,100 גרם,false,,17.90,2.9833,true,1,170981
7613287476494,false,אוסם - דיפ אנד ספרד מיונז בסגנון צרפתי 280 גרם,נסטלה פולין,PL,מיונז לחיץ אסם 280 ג,גרמים,280.00,100 גרם,false,,12.74,4.5500,true,1,251816
7622010001858,false,עוגיות אוראו ממולאות קרם וניל 176 גרם.,פי אר ג'\יי אס אי מנדלז,UA,עוגיות אוראו סנדביץ,גרמים,176.00,100 גרם,false,,7.60,4.3182,true,1,5130
7622201137052,false,אוראו מיני קוקיס - עוגיות שוקולד צ'יפס ותחתית מצופה שוקולד חלב,מונדלז אספנה גלטאס פ,ES,מיני קוקיז מילקה 110,גרמים,110.00,100 גרם,false,,6.76,6.1455,true,1,251625
7622201139278,false,גבינת שמנת 27% שומן 150 ג' פילדלפיה,מיודלז אספניה פרודוק,ES,פילדלפיה גבינת שמנת,גרמים,150.00,100 גרם,false,,10.20,6.8000,true,1,16983
7622201502515,false,עוגיות מילקה קוקי לופ שוקולד צ'יפס,גיורי קייקס קייאפטי,HU,קוקי לופ מילקה 132 ג,גרמים,110.00,100 גרם,false,,11.03,10.0273,true,1,251706
7622201521493,false,גבינת פילדלפיה שום ועשבי תיבול 150 גרם,מיודלז אספניה פרודוק,ES,גבינת שמנת עם שום וע,גרמים,150.00,100 גרם,false,,10.20,6.8000,true,1,553917
7622201801809,false,מילקה שוקולד חלב עם אגוזים 100 גרם חדש,מנדלז דויצ'\לנד סנקס פרו,DE,מילקה שוקוד חלב עם א,גרמים,100.00,100 גרם,false,,5.90,5.9000,true,1,190046
7622201802363,false,מילקה טבלת שוקולד חלב וצימוקים ואגוזים 100ג',מנדלז דויצ'\לנד סנקס פרו,DE,מילקה שוקולד חלב עם,גרמים,100.00,100 גרם,false,,5.90,5.9000,true,1,190047
7622201802394,false,שוקולד מילקה חלב מסרונים 100 גרם,מנדלז דויצ'\לנד סנקס פרו,DE,מילקה שוקולד חלב 100,גרמים,100.00,100 גרם,false,,5.90,5.9000,true,1,190032
7622201808631,false,אוראו מיני עוגיות ממולאות קרם וניל 67גרם,פי.טי. מונדלז אינדונ,ID,אוראו מיני כוסות בטע,גרמים,67.00,100 גרם,false,,8.50,12.6866,true,1,197162
7622201813390,false,עוגיות מילקה וואפל במילוי קרם קקאו 150 ג,מונדליז סי.אר. ביסקוויט,CZ,מילקה וואפל במילוי ק,גרמים,150.00,100 גרם,false,,8.50,5.6667,true,1,172936
7622210137234,false,עוגיות אוראו עם דאבל קרים וניל 170 גר,מונדלייז,ES,עוגיות סנדביץ אוראו,גרמים,170.00,100 גרם,false,,7.60,4.4706,true,1,5134
7622210453327,false,עוגיות שוקוצ'יפס במילוי שוקולד סנסיישן,מנדלז פולסקה פרודקשן,PL,מילקה סנסיישן 156 גר,גרמים,156.00,100 גרם,false,,8.50,5.4487,true,1,5138
7622210464729,false,אוראו גולדן עוגיות וניל במילוי קרם וניל,מונדלייז,CZ,עוגיות אוראו גולדן 1,גרמים,154.00,100 גרם,false,,6.80,4.4156,true,1,5140
7622300270506,false,מילקה גריינס - עוגיות שיבולת שועל מצופות שוקולד 168 ג',מונדלז פולסקה פרודקש,PL,מילקה גריינס עוגיות,גרמים,168.00,100 גרם,false,,8.50,5.0595,true,1,5158
7622300489427,false,עוגיות אוראו בציפוי בטעם שוקולד לבן 246 גרם,מנדלז אספנה גאלטס פר,ES,אוראו פאג שוקולד לבן,גרמים,246.00,100 גרם,false,,13.60,5.5285,true,1,5163
7622300489434,false,"עוגיות אוראו פאדג' בציפוי שוקולד חלב, 246 גרם",מנדלז אספנה גאלטס פר,ES,אוראו פאג שוקולד חלב,גרמים,246.00,100 גרם,false,,13.60,5.5285,true,1,5164
7622300503079,false,עוגיות ביסקוויט מצופה שוקולד חלב מילקה 200 גרם,מונדלז פולסקה פרודקש,PL,מילקה מוו - ביסקוויט,גרמים,200.00,100 גרם,false,,8.50,4.2500,true,1,5167
7622300617820,false,מילקה שוקולד חלב במילוי קרם חלב ווניל ושבבי עוגיות אוראו 100 גרם,מנדלז דויצ'\לנד סנקס פרו,DE,מילקה שוקולד אוראו 1,גרמים,100.00,100 גרם,false,,5.90,5.9000,true,1,5168
7630477891592,false,סטארבקס קפסולות קפה האוס בלנד 10 יחידות,נסטלה שוויץ - קפה,CH,קפסולות האוס בלנד סט,גרמים,57.00,100 גרם,false,,18.80,32.9825,true,1,110057
7630477891639,false,סטארבקס קפסולות קפה ורונה 10 יחידות,נסטלה שוויץ - קפה,CH,סטארבקס קפסולות ורונ,גרמים,55.00,100 גרם,false,,18.80,34.1818,true,1,98608
7630477891691,false,סטארבקס קפסולות קפה קולמביה 10 יחידות,נסטלה שוויץ - קפה,CH,סטארבקס קפסולות קולו,גרמים,57.00,100 גרם,false,,18.80,32.9825,true,1,98609
7630477891714,false,סטארבקס קפסולות קפה אספרסו 10 יחידות,נסטלה שוויץ - קפה,CH,קפסולות אספרסו סטארב,גרמים,57.00,100 גרם,false,,18.80,32.9825,true,1,110059
7630477891738,false,סטארבקס קפסולות קפה אספרסו בלונד 10 יחיד,נסטלה שוויץ - קפה,CH,סטארבקס קפסולות אספר,גרמים,53.00,100 גרם,false,,18.80,35.4717,true,1,98594
7638900426809,false,סוללות מקס C אנרגייזר2יח,אנרג'יזר Energizer,US,סוללת MAX אנרג'ייזר,יחידה,0.00,יחידה,false,,19.60,0.0000,true,1,115004
7638900426823,false,סוללות מקס D אנרגייזר2יח,אנרג'ייזר,US,סוללת MAX אנרג'ייזר,יחידה,0.00,יחידה,false,,21.30,0.0000,true,1,115005
7702018321520,false,דאודורנט סטיק לגבר Pro G Arctic ice,תות ממתקי איכות,US,דאודורנט אנטיפרספירנ,גרמים,50.00,100 גרם,false,,18.80,37.6000,true,1,27093
7702018441075,false,גילט מארז סכינים פיוזן ידני 12 יחידות,דיפלומט,PL,סכיני גילוח פיוזן יד,יחידה,0.00,יחידה,false,,103.30,0.0000,true,1,27121
7702018469383,false,גילט מארז סכיני גילוח פיוזן ידני 12 יחיד,דיפלומט,PL,מארז סכיני גילוח פיו,יחידה,0.00,יחידה,false,,103.30,0.0000,true,1,27124
7702018980826,false,"גילט ג'ל גילוח טורקיז 200 מ""ל- להגנה",ג'ילט,GB,ג'ל גילוח GILLETTE S,מיליליטרים,200.00,"100 מ""ל",false,,12.80,6.4000,true,1,17844
7702024074625,false,פיטנס - חטיפי קרקר חיטה מלאה 234 גרם,קומסטיבלס לה רוזה אס.איי,CO,פיטנס חטיפי קרקר חיט,גרמים,234.00,100 גרם,false,,10.20,4.3590,true,1,19329
7702174068833,false,יוגטה סוכריות קשות על מקל ממולאות טופי בטעמי גלידת פירות 12 יח' 204 גרם,ליימן שליסל,CO,'לקקן יוגטה אייס קרי,גרמים,216.00,100 גרם,false,,7.70,3.5648,true,1,41653
7702174070201,false,יוגטה לקקן בטעם מסטיק ממולא טופי בטעם תות 12 יח' 204 גרם,ליימן שליסל,CO,לקקן בטעם מסטיק ממול,גרמים,216.00,100 גרם,false,,7.70,3.5648,true,1,41654
7702174073783,false,סוכריות על מקל בטעם קולה במילוי גומי לעיסה,הדקלאים אגודת שיתופי,CO,לקקן פינפופ קולה 10,גרמים,180.00,100 גרם,false,,6.80,3.7778,true,1,41655
7791875005353,false,ריבת חלב הוואנה דוצה דה לצה 450 גרם,מיגה פוד קומרס,ES,הוואנה ריבת חלב 450,גרמים,450.00,100 גרם,false,,17.10,3.8000,true,1,326894
7792860006218,false,סוכריות לקקנים בייבי דול Baby Doll לריטר,גוד פוד פרודקטס S.p,AR,בייבי דול לקקן 20גר,גרמים,24.00,100 גרם,false,,2.10,8.7500,true,1,13845
7798141877829,false,"יין גאטו נגרו פינו גריג'ו 750 מ""ל",פינקה לה סליה,AR,גאטו נגרו פינו גריג',מיליליטרים,750.00,"100 מ""ל",false,,34.20,4.5600,true,1,415569
7800601801159,false,סביבון מכני ברשת אורות,,,סביבון מכני אורות בר,יחידה,0.00,יחידה,false,,8.47,0.0000,true,1,13337
7840392000454,false,"פחם בריקאפאר 5 ק""ג",,,"פחם בריקאפאר 5 ק""ג",קילוגרמים,5.00,"ק""ג",false,,42.70,8.5400,true,1,590862
7860001950666,false,כדור תה פלסטיק,,,כדור תה פלסטיק,יחידה,0.00,יחידה,false,,9.90,0.0000,true,1,34071
7891024124826,false,קולגייט משחת אופטיק ספרקלינג וייט 75מל,הנסיך- מפעל לייצור ט,BR,מש.שיניים אופטיק ווי,מיליליטרים,75.00,"100 מ""ל",false,,17.10,22.8000,true,1,21644
7897654496197,true,חנוכייה מתכת,,,חנוכייה מתכת,יחידה,0.00,יחידה,false,,17.01,0.0000,true,1,233794
8000070003798,false,קפסולות אספרסו לוואצה דליסיוזו 8 16 יח,לאוג'י לוואצה אס.פי.אי,IT,קפסולת LAVAZZA DELIZ,גרמים,120.00,100 גרם,false,,25.60,21.3333,true,1,579999
8000070003880,false,קפסולות קפה קרמה דולצ'ה AMM6 לוואצה 120ג',לווצה טורינו,IT,קפסולת LAVAZZA CREMA,גרמים,120.00,100 גרם,false,,25.60,21.3333,true,1,580002
8000380003723,false,וופל אגוזים בציפוי שוקולד לואקר 100 גרם,קריניציה ויטמינה אס,IT,גרנד פטיסרי ופל אגוז,גרמים,100.00,100 גרם,false,,9.80,9.8000,true,1,12842
8000380003761,false,וופל גרנד פטיסרי שוקולד וקוקוס לואקר 100 גרם,קריניציה ויטמינה אס,IT,גרנד פטיסרי ופל קוקו,גרמים,100.00,100 גרם,false,,9.80,9.8000,true,1,12844
8000380004669,false,וופל לואקר סנדוויץ קוביות ושוקולד 200ג',"א. לואקר, קונפקט ג'י",AT,לואקר וופל סנדוויץ',גרמים,200.00,100 גרם,false,,11.00,5.5000,true,1,12847
8000380004911,false,קוביות וופל קואדרטיני Quadratini קרם אגוזים,קריניציה ויטמינה אס,AT,וופל קואדרטיני אגוז,גרמים,250.00,100 גרם,false,,11.60,4.6400,true,1,12850
8000380004966,false,וופל קוארדטיני לואקר קוביות שוקולד 250ג',קריניציה ויטמינה אס,AT,וופל קואדרטיני קקאו,גרמים,250.00,100 גרם,false,,11.60,4.6400,true,1,12853
8000380007219,false,וופלים בטעם אגוזים לואקר 175 גרם,ליימן מותגים,AT,וופל לואקר אגוז 175,גרמים,175.00,100 גרם,false,,9.00,5.1429,true,1,12859
8000380007257,false,וופל גרדנה אגוזים לואקר 200 גרם,קריניציה ויטמינה אס,IT,.וופל מצופה שוקולד ג,גרמים,200.00,100 גרם,false,,11.90,5.9500,true,1,12861
8000380007264,false,וופלים בטעם קקאו לואקר 175 גרם,קריניציה ויטמינה אס,AT,וופל לואקר קקאו 175,גרמים,175.00,100 גרם,false,,9.00,5.1429,true,1,12862
8000380007271,false,וופל במילוי קרם חלב לואקר 175 גרם,ליימן מותגים,AT,וופל לואקר חלב 175 ג,גרמים,175.00,100 גרם,false,,9.00,5.1429,true,1,12863
8000380144044,false,גרדנה וופל מצופה שוקולד חלב לואקר 200 גרם,"א. לואקר , AG/SpA, ו",IT,וופל גרדנה שוקולד 20,גרמים,200.00,100 גרם,false,,11.90,5.9500,true,1,12868
8000380180721,false,לואקר וופל קקאו במילוי קרם חלבי 175 גר,קריניציה ויטמינה אס,AT,וופל לואקר קלאסיק שו,גרמים,175.00,100 גרם,false,,9.00,5.1429,true,1,12891
8000380180745,false,וופל קוביות קקאו במילוי קרם חלב לואקר 250 גרם,"א. לואקר, קונפקט ג'י",AT,וופל קואדרטיני לואקר,גרמים,250.00,100 גרם,false,,11.60,4.6400,true,1,12892
8000380187300,false,עוגיות חמאה עם שוקולד חלב לואקר 120 גר,לואקר Loacker,AT,עוגיות לואקר פתיתי ש,גרמים,120.00,100 גרם,false,,11.90,9.9167,true,1,103619
8000380201396,false,שוקולד חלב ממולא קרם קרמל ועלי וופל פריכ,ליימן מותגים,AT,טורטינה קרמל לואקר 1,גרמים,125.00,100 גרם,false,,14.50,11.6000,true,1,355023
8000380206896,false,וופל גרדנה חמאת בוטנים לואקר 200 גרם,ליימן מותגים,IT,לואקר גרדנה חמאת בוט,גרמים,200.00,100 גרם,false,,11.90,5.9500,true,1,541169
8000500009673,false,בונבונרייה פררו רושר 300 גרם,פררו - אלבה,IT,רושר בונבוניירה 300,גרמים,300.00,100 גרם,false,,39.20,13.0667,true,1,41033
8000500018828,false,שלישיית קינדר שוקולד חצי מטר 100 גרם,קינדר Kinder,IT,שוקולד חצי מטר קינדר,גרמים,300.00,100 גרם,false,,16.20,5.4000,true,1,41036
8000500023624,false,חטיפי הפי היפו Happy Hippo במילוי קרם חלב וקקאו,פררו - אלבה,IT,הפי היפו 5*20ג,גרמים,102.00,100 גרם,false,,11.10,10.8824,true,1,41037
8000500026731,false,שוקולד ביצי הפתעה קינדר שלישייה,פררו אס.פי.אי,IT,קינדר ביצי שוקולד 3*,גרמים,60.00,100 גרם,false,,12.70,21.1667,true,1,41039
8000500029350,false,מארז וופל מצופה 3יח' *43 גרם קינדר בואנו,פררו - אלבה,PL,קינדר בואנו 3*43 גרם,גרמים,129.00,100 גרם,false,,8.50,6.5891,true,1,41040
8000500032237,false,בונבונרייה פררו רושר 375 גרם,פררו - אלבה,IT,רושר 375 גרם,גרמים,375.00,100 גרם,false,,37.50,10.0000,true,1,41041
8000500037874,false,בונבונרייה פררו רושר 200 גרם,פררו - אלבה,IT,בונבוניירת רושר 200ג,גרמים,200.00,100 גרם,false,,21.30,10.6500,true,1,41043
8000500094976,false,"בונבוניירה פררו רושר רושה קונוס, 212 גרם T17X4",רושר,IT,פררו רושר קונוס 212.,גרמים,212.00,100 גרם,false,,33.20,15.6604,true,1,41047
8000500121436,false,מארז קינדר בואנו Kinder Bueno לבן שלוש יחידות,פררו - אלבה,PL,קינדר בואנו לבן 3*43,גרמים,117.00,100 גרם,false,,8.50,7.2650,true,1,41049
8000500172810,false,סוכריות בטעם תות שדה מנטה- מארז רביעייה,פררו - אלבה,EC,טיק טק תות שדה 4*16ג,גרמים,64.00,100 גרם,false,,8.50,13.2813,true,1,41057
8000500227848,false,נוטלה - בי רדי אצבעות ביסקוויט במילוי שוקולד 6 יח' * 22 גרם,פררו,IT,'וופל מלוח במילוי ממ,גרמים,132.00,100 גרם,false,,9.30,7.0455,true,1,41064
8000500247167,false,פררו קולקשן - כדורי וופל מצופים 24 יחידו,פררו,DE,פררו קולקשיין 249.5,גרמים,249.50,100 גרם,false,,39.20,15.7114,true,1,41068
8000500249352,false,קינדר בואנו מיני מיקס שקית 205 ג',פררו - אלבה,PL,קינדר בואנו מיני מיק,יחידה,0.00,יחידה,false,,15.30,0.0000,true,1,41072
8000500256213,false,קינדר שוקולד מיני בשקית.,פררו - אלבה,IT,פרר-קינדר שוקולד מינ,גרמים,120.00,100 גרם,false,,7.70,6.4167,true,1,41074
8000500269169,false,קינדר קארדס Kinder Cards - חמישייה,קריות זול,IT,קינדר קארדס 128 גרם,גרמים,128.00,100 גרם,false,,11.10,8.6719,true,1,114077
8000500294345,false,רושר איש שלג שוקולד חלב ואגוזי לוז 90 גר,פררו,PL,פררו איש שלג 90 גרם,גרמים,90.00,100 גרם,false,,12.80,14.2222,true,1,36356
8000500310397,true,ביסקוויטים במילוי נו,,,ביסקוויטים במילוי נו,גרמים,166.00,100 גרם,false,,12.80,7.7108,true,1,626641
8000500366073,true,ביסקוויטים במילוי נו,,,ביסקוויטים במילוי נו,גרמים,276.00,100 גרם,false,,18.80,6.8116,true,1,626626
8000500374429,false,גרנד פררו רושה מעטפת שוקולד חלב עם אגוזי לוז,פררו Ferrero,PL,גרנד פררו רושר 125,גרמים,125.00,100 גרם,false,,13.60,10.8800,true,1,180289
8000500386941,false,"ממרח קקאו עם אגוזי לוז, 900 גרם",קדבורי,IT,ממרח קקאו עם אגוזי ל,גרמים,900.00,100 גרם,false,,27.30,3.0333,true,1,457057
8000798000925,false,מטאטא רך שיער איטלקי עבה,,IT,מטאטא יהלום,יחידה,0.00,יחידה,false,,11.10,0.0000,true,1,13601
8001003100164,false,יוגטה סוכריות ג'לי בטעמי פירות 450 גרם,יוגטה yogueta,IT,יוגטה סוכריות ג'לי פ,גרמים,450.00,100 גרם,false,,8.50,1.8889,true,1,41670
8001090222879,false,"הרבל אסנסס - מרכך שיקום שמן ארגן 400 מ""ל",הרבל אסנס Herbal Essences,FR,מרכך שיקום שמן ארגן,מיליליטרים,400.00,"100 מ""ל",false,,12.70,3.1750,true,1,27176
8001090336354,false,פמפרס בייבי דריי חיתולים מידה 2 46 יח,פרוקטר אנד גמבל,DE,פמפרס בייבי דריי מיד,יחידה,0.00,יחידה,false,,27.30,0.0000,true,1,27178
8001090336446,false,פמפרס בייבי דריי חיתולים מידה 4 34 יח,פרוקטר אנד גמבל,DE,פמפרס בייבי דריי מיד,יחידה,0.00,יחידה,false,,27.30,0.0000,true,1,27180
8001090336491,false,פמפרס בייבי דריי חיתולים מידה +4 31 יח,פרוקטר אנד גמבל,DE,פמפרס בייבי דריי מיד,יחידה,0.00,יחידה,false,,27.30,0.0000,true,1,27181
8001090336521,false,פמפרס בייבי דריי חיתולים מידה 5 30 יח,פרוקטר אנד גמבל,DE,פמפרס בייבי דריי מיד,יחידה,0.00,יחידה,false,,27.30,0.0000,true,1,27182
8001090336606,false,פמפרס בייבי דריי חיתולים מידה 6 26 יח,פרוקטר אנד גמבל,DE,פמפרס בייבי דריי מיד,יחידה,0.00,יחידה,false,,27.30,0.0000,true,1,27183
8001090364203,false,"משחת שיניים אורל בי G&E להלבנה עדינה 75 מ""ל",פרוקטר אנד גמבל,DE,אורל בי משחה G&E - ל,מיליליטרים,75.00,"100 מ""ל",false,,13.60,18.1333,true,1,187785
8001090375230,false,"מרכך מרוכז 200 מ""ל לחות מוגברת ""פנטן""",פרוקטר אנד גמבל,FR,פנטן מרכך מרוכז 200,מיליליטרים,200.00,"100 מ""ל",false,,18.80,9.4000,true,1,27186
8001090379399,false,פמפרס פרימיום קר חיתולים שלב 5 30 יח VP,פרוקטר אנד גמבל,PL,חיתולי פמפרס פרימיום,יחידה,0.00,יחידה,false,,27.30,0.0000,true,1,27194
8001090458322,false,פיירי ורדים משי 1.015 מלי,פרוקטר אנד גמבל,GB,פיירי ורדים ומשי 101,ליטרים,1.01,ליטר,false,,11.90,11.7822,true,1,27195
8001090678614,false,"שמפו סופרים לחות הד אנד שולדרס 400 מ""ל",פרוקטר אנד גמבל,FR,שמפו שולדרס סופרים ל,מיליליטרים,400.00,"100 מ""ל",false,,17.10,4.2750,true,1,27215
8001090748607,false,מרכך כביסה לנור מרוכז מיסתרי 1 ל,,SA,לנור מרכך מרוכז מיסת,ליטרים,1.00,ליטר,false,,19.60,19.6000,true,1,27226
8001090748638,false,מרכך כביסה לנור מרוכז קיס 1 ל,,SA,לנור מרכך מרוכז קיס,ליטרים,1.00,ליטר,false,,19.60,19.6000,true,1,27227
8001090832818,false,מרכך פנטן הנוסחה הקלאסית לשיער רגיל ומעורב,פרוקטר אנד גמבל,RO,מרכך נוסחה קלאסית פנ,מיליליטרים,660.00,"100 מ""ל",false,,17.10,2.5909,true,1,65320
8001090832894,false,מרכך לשיער חלש ופגום לחות מוגברת,פרוקטר אנד גמבל,RO,מרכך לחות מוגברת פנט,מיליליטרים,660.00,"100 מ""ל",false,,17.10,2.5909,true,1,65322
8001090891273,false,לנור כדוריות בושם בניחוח סחלב 210 גרם,פרוקטר אנד גמבל,US,לנור כדוריות הבושם ב,גרמים,210.00,100 גרם,false,,23.80,11.3333,true,1,99876
8001090899224,false,תחבושות אולוויז פלטינום לונג 20 יחידות,פרוקטר אנד גמבל,DE,תחבושות פלטינום לונג,יחידה,0.00,יחידה,false,,17.10,0.0000,true,1,27258
8001090899255,false,תחבושות אולוויז פלטינום לילה 16 יחידות,פרוקטר אנד גמבל,DE,תחבושות פלטינום לילה,יחידה,0.00,יחידה,false,,17.10,0.0000,true,1,27259
8001100059242,false,שקיות וופל ריבועי פלוקו במילוי קרם קקאו 250 ג',,,וואפל קוביות BALOCCO,גרמים,250.00,100 גרם,false,,11.10,4.4400,true,1,139008
8001100059266,false,שקיות פרוסות ריבועי פלוקו במילוי קרם וניל וחלב 250 ג',,,וואפל קוביות BALOCCO,גרמים,250.00,100 גרם,false,,11.10,4.4400,true,1,139010
8001160001786,false,"משקה אנרגיה גטורייד ספורט כחול 500מ""ל",אקווה מינרלה סאן בנדטו,IT,גטורייד ספורט כחול 5,יחידה,500.00,יחידה,false,,8.90,0.0178,true,1,39006
8001620011935,false,"סן בנדטו- מים מינרלים מוגז - מארז שישיית 500 מ""ל",אקווה מינרלה סאן בנד,IT,סאן בנדטו מוגז 6*500,ליטרים,3.00,ליטר,false,,10.50,3.5000,true,1,9561
8001620017456,false,"סן בנדטו ספורט, מים מינרלים טבעיים 500 מ""ל שישייה",אקווה מינרלה סאן בנדטו ב,IT,סאן בנדטו פקק ספורט,ליטרים,3.00,ליטר,false,,12.70,4.2333,true,1,9563
8001841006710,false,לנור כדוריות הריח בניחוח רענן 210 גרם,פרוקטר אנד גמבל,US,לנור כדוריות הבושם ב,גרמים,210.00,100 גרם,false,,23.80,11.3333,true,1,99877
8001841053806,false,תחבושות היגייניות אולוויז מקסי עבה לילה,פרוקטר אנד גמבל,HU,תחבושות עבה לילה אול,יחידה,0.00,יחידה,false,,11.00,0.0000,true,1,27276
8001841104751,false,פמפרס פרימיום קר חיתולים שלב 1 52 יח VP,פרוקטר אנד גמבל,PL,חיתולי פמפרס פרימיום,יחידה,0.00,יחידה,false,,27.30,0.0000,true,1,27278
8001841137216,false,"קונדישנר למגע רך כמשי הד אנד שולדרס 275 מ""ל",פרוקטר אנד גמבל,RO,מרכך למגע רך כמשי הד,מיליליטרים,275.00,"100 מ""ל",false,,14.50,5.2727,true,1,27282
8001841566771,false,לנור כדוריות בושם בניחוח יסמין 210 גרם,פרוקטר אנד גמבל,US,לנור כדוריות הבושם ב,גרמים,210.00,100 גרם,false,,23.80,11.3333,true,1,99878
8001841625188,false,סבון כלים פלטינום לימון X3 פעולות להסרת שומנים,פרוקטר אנד גמבל,GB,פיירי נוזל כלים פלטי,מיליליטרים,515.00,"100 מ""ל",false,,8.50,1.6505,true,1,69904
8001841663654,false,"פיירי נוזל כלים אקסטרה 650 מ""ל - צהוב",פרוקטר אנד גמבל,CZ,פיירי נוזל כלים 650,מיליליטרים,650.00,"100 מ""ל",false,,8.50,1.3077,true,1,570485
8001841663692,false,פיירי אקסטרא נוזל כל,,,פיירי נוזל כלים לימ,מיליליטרים,900.00,"100 מ""ל",false,,10.20,1.1333,true,1,537636
8001841663852,false,פיירי נוזל כלים ליל,,,פיירי נוזל כלים ליל,מיליליטרים,900.00,"100 מ""ל",false,,10.20,1.1333,true,1,560524
8001841664026,false,נוזל כלים פיירי אקסט,,,פיירי נוזל כלים פיר,מיליליטרים,900.00,"100 מ""ל",false,,10.20,1.1333,true,1,537650
8001841716312,false,"ג'ל רחצה ושמפו ספורט האד אנד שולדרס 360 מ""ל","פרוקטר אנד גמבל, צרפ",FR,ג'ל רחצה ושמפו ספורט,מיליליטרים,360.00,"100 מ""ל",false,,14.50,4.0278,true,1,230298
8001841716596,false,"ג'ל רחצה ושמפו מרענן האד אנד שולדרס 360 מ""ל","נארז ע""י : א.ג. גילר",FR,ג'ל רחצה ושמפו מרענן,מיליליטרים,360.00,"100 מ""ל",false,,14.50,4.0278,true,1,230300
8001841943961,false,לנור כדוריות בושם בניחוח אוקיינוס 210 גר,פרוקטר אנד גמבל,US,לנור כדוריות הבושם ב,גרמים,210.00,100 גרם,false,,23.80,11.3333,true,1,99879
8001943549122,false,"צ'וקטה מטבעות שוקולד חלב, 40 גרם",ואל קור קורסניני אס אנ ס,IT,צ`וקטה מטבעות שוקולד,גרמים,40.00,100 גרם,false,,3.40,8.5000,true,1,41676
8002270436581,false,"שישיית מים סאן פלגרינו פלסט 500 מ""ל",סן-פלגרינו,IT,סאן פלגרינו מים מוגז,ליטרים,3.00,ליטר,false,,25.80,8.6000,true,1,9567
8002270866524,false,סן פלגרינו מים מינרליים טבעיים מוגזים,סן פלגרינו San Pellegrino,IT,סאן פלנגרינו מים מינ,ליטרים,1.00,ליטר,false,,6.90,6.9000,true,1,9571
8003130129506,false,סאן קרלו חטיפי תפוחי אדמה פריכים CLASSIC,קנדי חשמל ונכסים,IT,חטיף ציפס 50 גרם CL,גרמים,50.00,100 גרם,false,,5.10,10.2000,true,1,547740
8003130129544,false,סאן קרלו חטיפי תפוחי אדמה פריכ.CROCCANTE,קנדי חשמל ונכסים,IT,חטיף ציפס 50 גרם,גרמים,50.00,100 גרם,false,,5.10,10.2000,true,1,547741
8003477500044,false,"פרימלוצ'י ספגטי מ""ס",,,"פרימלוצ'י ספגטי מ""ס",גרמים,500.00,100 גרם,false,,5.10,1.0200,true,1,588119
8003477500051,false,"פרימלוצ'י ספגטי מ""ס",,,"פרימלוצ'י ספגטי מ""ס",גרמים,500.00,100 גרם,false,,5.10,1.0200,true,1,588120
8003477500327,false,פרימלוצ'י קורנטי 500,,,פרימלוצ'י קורנטי 500,גרמים,500.00,100 גרם,false,,5.10,1.0200,true,1,588121
8003477500365,false,פרימלוצ'י קונקילייה,,,פרימלוצ'י קונקילייה,גרמים,500.00,100 גרם,false,,5.10,1.0200,true,1,588122
8003753158617,false,אילי קפסולות אספרסו לונגו קלאסיקו 10 יח' 57 גרם,ג'ייקובס דאו אגרבטס פר א,FR,אילי קפסולות אספרסו,גרמים,57.00,100 גרם,false,,21.30,37.3684,true,1,383576
8004030022010,false,ירקות גינה עם טונה ריו מרה אינסלטיסימי 160 ג',"בולטון אלימנטרי בע""\מ",IT,טונה וירקות גינה ריו,גרמים,160.00,100 גרם,false,,14.50,9.0625,true,1,21652
8004030102033,false,טונה בשמן זית עם מיץ לימון ופלפל שחור - מארז 3 יח',בולטון אלימנטרי,IT,טונה בשמן עם לימון ו,גרמים,240.00,100 גרם,false,,23.90,9.9583,true,1,21656
8004030180000,false,ריו מרה טונה בשמן זית כתית מעולה 3*80 גרם,"בולטון אלימנטרי בע""\מ",IT,ריו מרה טונה בשמן זי,גרמים,240.00,100 גרם,false,,23.90,9.9583,true,1,614059
8004030344938,false,"ריו מרה טונה בשמן זית 3X80 גרם מתכון חדש כשל""פ","בולטון אלימנטרי בע""\מ",IT,טונה בשמן זית ריו מר,גרמים,240.00,100 גרם,false,,23.90,9.9583,true,1,21661
8004030381681,false,ריו מרה נתחי טונה בהירה בשמן זית זוג 160 גר,BOLTON GROUP- RIO,IT,טונה בשמן זית ריו מר,גרמים,320.00,100 גרם,false,,28.20,8.8125,true,1,21664
8004123004893,false,"שמן מתובל בטעם פטריות כמהין 250 מ""ל",באסו פדלה,IT,שמן מתובל בטעם פטריו,מיליליטרים,250.00,"100 מ""ל",false,,25.60,10.2400,true,1,481654
8004800000071,false,לאגו פלאסיר- גלילי ופל במילוי קרם אגוזי לוז שוקולד חלב - 100 ג',לגו גרופ ס.פ.א.,IT,לאגו פלאסיר- גלילי ו,גרמים,100.00,100 גרם,false,,9.40,9.4000,true,1,593079
8005110002243,false,רכז עגבניות Doppio Concentr בשפופרת 185 ג' MUTTI,"איי, בי, אינבוו",IT,תרכיז MUTTI עגבניות,גרמים,185.00,100 גרם,false,,5.90,3.1892,true,1,95981
8005200256587,false,נסטי - תה קר בטעם אפרסק 1.5 ליטר,מפעל סאנפלגרינו S.P.A,IT,נסטי אפרסק 1.5 ליטר,ליטרים,1.50,ליטר,false,,7.70,5.1333,true,1,249294
8005803010357,false,גריסיני קלאסי - מקלות אפויים עם שמן זית ומלח,"אינסטנטה בע""מ",IT,גריסיני בטעם קלאסי 1,גרמים,125.00,100 גרם,false,,7.30,5.8400,true,1,12908
8005803010371,false,"גריסיני רוזמרין - מקלות אפויים עם שמן זית, מלח ורוזמרין","אינסטנטה בע""מ",IT,גריסיני עם רוזמרין 1,גרמים,125.00,100 גרם,false,,7.30,5.8400,true,1,12909
8006227000399,false,סמנצאטו לחם מחמצת פרוס לבן 400 גרם,,IT,לחם מחמצת פרוס לבן 4,גרמים,400.00,100 גרם,false,,14.50,3.6250,true,1,551721
8006227000405,false,סמנצאטו לחם מחמצת פרוס חיטה מלאה 400 גרם,,IT,לחם מחמצת פרוס חיטה,גרמים,400.00,100 גרם,false,,14.50,3.6250,true,1,551722
8006227001372,false,סמנצאטו – לחם מחמצת לבן עם שמן זית ללא קשה 1400 גרם,רו. מאר ס.ר.ל,IT,לחם מחמצת לבן עם שמן,גרמים,400.00,100 גרם,false,,16.20,4.0500,true,1,551419
8006540106709,false,אולוויז - מגן תחתון נורמל 58 יח',,,מגן תחתון מגה פק נור,יחידה,0.00,יחידה,false,,15.30,0.0000,true,1,612349
8006540112823,false,"לנור מרכך כביסה מרוכז בניחוח האוקיינוס 900 מ""ל",פרוקטר אנד גמבל,FR,לנור מרכך מרוכז בניח,מיליליטרים,900.00,"100 מ""ל",false,,13.60,1.5111,true,1,163552
8006540404850,false,דיסקריט תחבושות לבריחת שתן לונג 10 יח,פרוקטר & גמבל,DE,תחבושות אולוויז דיסק,יח',10.00,יח',false,,14.50,1.4500,true,1,578050
8006540404898,false,אולוויז דיסקריט לבריחת שתן לונג פלוס 8יח,פרוקטר & גמבל,DE,תחבושות אולוויז דיסק,יח',8.00,יח',false,,14.50,1.8125,true,1,578051
8006540404935,false,דיסקריט תחבושות לבריחת שתן נורמל 12 יח,פרוקטר & גמבל,DE,תחבושות אולוויז דיסק,יח',12.00,יח',false,,14.50,1.2083,true,1,578052
8006540429327,false,פיירי מקס פאוור לימון עם מנגנון למניעת נזילות,פרוקטר אנד גמבל,CZ,"פיירי לימון 440 מ""ל",מיליליטרים,440.00,"100 מ""ל",false,,9.40,2.1364,true,1,317353
8006540495186,false,לנור מרכך כביסה מרוכז רגיש בייבי 900 מל,פרוקטר אנד גמבל,FR,לנור מרכך כביסה בייב,מיליליטרים,900.00,"100 מ""ל",false,,13.60,1.5111,true,1,535517
8006540592465,false,אולוויז תחבושות לונג 24 יח,פרוקטר & גמבל,HU,תחבושות אולוויז סגול,100 יח',16.00,100 יח',false,,16.20,101.2500,true,1,566487
8006540592496,false,תחבושות אולוויז אולטרא כפול לילה 20 יח,פרוקטר & גמבל,HU,תחבושות אולוויז כחול,100 יח',16.00,100 יח',false,,16.20,101.2500,true,1,566488
8006540628737,false,שמפו הד שולדרס קלאסי,,,שמפו הד שולדרס קלאסי,מיליליטרים,350.00,"100 מ""ל",false,,14.50,4.1429,true,1,580207
8008245004861,true,ממרח אגוזי לוז עם חל,,,ממרח אגוזי לוז עם חל,גרמים,300.00,100 גרם,false,,12.70,4.2333,true,1,122802
8008620009290,false,קריץ קרקר חיטה מלאה 500 גרם פרווה,.,IT,קרקר חיטה מלאה 500 ג,גרמים,500.00,100 גרם,false,,17.10,3.4200,true,1,39154
8008660210045,false,מעדן פירות יער מנז אנד גאסר ויסוצקי 300 גרם,שוורצקוף& הנקל דיסלד,IT,מעדן פירות יער 300 ג,גרמים,300.00,100 גרם,false,,16.90,5.6333,true,1,24626
8008912010034,false,ליגורי- ספגטי מספר 3 500גר,מנז'\ אנד גאסר ס.פ.א,IT,פסטה ספגטי מספר 3 -,גרמים,500.00,100 גרם,false,,6.80,1.3600,true,1,514852
8008912010300,false,LIGUORI פסטה פרפלה 500 גרם מספר 30,מנז'\ אנד גאסר ס.פ.א,IT,פסטה פרפלה מספר 30 -,גרמים,500.00,100 גרם,false,,6.80,1.3600,true,1,514855
8008912010317,false,LIGUORI פסטה פוזילי 500 גרם מספר 31,מנז'\ אנד גאסר ס.פ.א,IT,פסטה פוזלי מספר 31 -,גרמים,500.00,100 גרם,false,,6.80,1.3600,true,1,514856
8008912010423,false,LIGUORI פסטה פנה ריגטה 500 גרם מספר 42,מנז'\ אנד גאסר ס.פ.א,IT,פסטה פנה ריגטה מספר,גרמים,500.00,100 גרם,false,,6.80,1.3600,true,1,514857
8023788030610,false,שוקולד חלב 300 גרם,,,שוקולד חלב 300 גרם,גרמים,300.00,100 גרם,false,,15.30,5.1000,true,1,562599
8023788030627,false,שוקולד מריר מעולה 3,,,שוקולד מריר מעולה 3,גרמים,300.00,100 גרם,false,,15.30,5.1000,true,1,562584
8023788030634,false,שוקולד חלב עם שברי א,,,שוקולד חלב עם שברי א,גרמים,300.00,100 גרם,false,,16.20,5.4000,true,1,562600
8023788030658,false,עוגיות מלוחות בטעם ט,,,עוגיות מלוחות בטעם ט,גרמים,400.00,100 גרם,false,,11.10,2.7750,true,1,601389
8023788030665,false,עוגיות מלוחות בטעם ב,,,עוגיות מלוחות בטעם ב,גרמים,400.00,100 גרם,false,,11.10,2.7750,true,1,601390
8023788030672,false,עוגיות מלוחות בתוספת,,,עוגיות מלוחות בתוספת,גרמים,400.00,100 גרם,false,,11.10,2.7750,true,1,601391
8023788030689,false,עוגיות מלוחות בטעם ע,,,עוגיות מלוחות בטעם ע,גרמים,400.00,100 גרם,false,,11.10,2.7750,true,1,601697
8032793344292,false,עגבניות חתוכות דק בבקבוק 700ג,קונסוריזיו קאסאלסקו דל פ,IT,עגבניות חתוכות דק פו,גרמים,700.00,100 גרם,false,,9.32,1.3314,true,1,79775
8032880800243,false,פיקניק הפתעה - אגוזי לוז ומקלות אפויים,"הוסטה איטליה, ס.ר.ל.",IT,פיקניק הפתעה 50ג,גרמים,50.00,100 גרם,false,,5.80,11.6000,true,1,12916
8033413430708,false,ליקר למונצ'ילו וילה מסה,וילה מאסה,DE,ליקר לימונצ'לו וילה,מיליליטרים,700.00,"100 מ""ל",false,,77.20,11.0286,true,1,7399
8076800105056,false,"ברילה ספגטי 1 ק""ג קופסה",ברילה Barilla,IT,פסטה ספגטי בקופסה בר,קילוגרמים,1.00,"ק""ג",false,,11.10,11.1000,true,1,561465
8076800105735,false,"ברילה פנה ריגטה 1 ק""ג קופסה",שסטוביץ,IT,פנה ריגטה בקופסה ברי,קילוגרמים,1.00,"ק""ג",false,,11.10,11.1000,true,1,561480
8076800105988,false,ברילה פוזילי בקופסה 1 קג,ברילה גי.אי.אר פרטלי ס.פ,IT,פוזלי בקופסה ברילה 1,קילוגרמים,1.00,"ק""ג",false,,11.10,11.1000,true,1,561509
8076800195019,false,ברילה - צ.א ספגטי מס1 קפליני 500 גרם,ברילה גי.אי.אר פרטלי ס.פ,IT,ספגטי קפליני מס' 1 ב,גרמים,500.00,100 גרם,false,,5.90,1.1800,true,1,21669
8076800195033,false,ברילה - צ.א ספגטיני מס3 חדש 500 גרם,ברילה גי.אי.אר פרטלי ס.פ,IT,ספגטי מס' 3 ברילה 50,גרמים,500.00,100 גרם,false,,5.90,1.1800,true,1,21670
8076800195057,false,ברילה - צ.א ספגטי מס5 חדש 500 גרם,ברילה גי.אי.אר פרטלי ס.פ,IT,ספגטיני מס' 5 ברילה,גרמים,500.00,100 גרם,false,,5.90,1.1800,true,1,21671
8076800195132,false,ברילה - צ.א בבטה מס13 500 גרם,ברילה גי.אי.אר פרטלי ס.פ,IT,ספגטי בבטה מס' 13 בר,גרמים,500.00,100 גרם,false,,5.90,1.1800,true,1,21672
8076800315097,false,פסטה מקרוני בוקטיני מספר 9 ברילה 500 גרם,ברילה גי.אי.אר פרטלי ס.פ,IT,ספגטי בוקטיני מס' 9,גרמים,500.00,100 גרם,false,,5.90,1.1800,true,1,21673
8076802085738,false,ברילה צ.ק פנה רגטה מס' 73 500 גרם,ברילה גי.אי.אר פרטלי ס.פ,IT,פנה רגטה מס' 73 בריל,גרמים,500.00,100 גרם,false,,5.90,1.1800,true,1,21676
8076802085981,false,ברילה - צ.ק פוזילי חדש 500 גרם,ברילה גי.אי.אר פרטלי ס.פ,IT,פסטה פוזילי 98 ברילה,גרמים,500.00,100 גרם,false,,5.90,1.1800,true,1,21679
8076808050440,false,פסטה מקרוני מספר 44 ברילה 500 גרם,ברילה Barilla,IT,פסטה מקרוני מס' 44 ב,גרמים,500.00,100 גרם,false,,5.90,1.1800,true,1,21680
8076808060654,false,פסטה פרפלה מספר 65 ברילה 500 גרם,ברילה גי.אי.אר פרטלי ס.פ,IT,פסטה פרפלה 65 ברילה,גרמים,500.00,100 גרם,false,,5.90,1.1800,true,1,21681
8076808150072,false,ברילה - צ.א ספגטוני מס7 חדש 500 גרם,ברילה גי.אי.אר פרטלי ס.פ,IT,ספגטי מס' 7 ברילה 50,גרמים,500.00,100 גרם,false,,5.90,1.1800,true,1,21683
8076809501415,false,ברילה קנלוני/פנה 500 ג' מצה פנה טרקולור 500 גרם,"ש. שסטוביץ בע""\מ",IT,ברילה פסטה פנה טריקו,גרמים,500.00,100 גרם,false,,12.80,2.5600,true,1,21684
8076809513388,false,רוטב לפסטה ארביאטה ברילה 400 גרם,ברילה גי.אי.אר פרטלי ס.פ,IT,ברילה רוטב ארביאטה 4,גרמים,400.00,100 גרם,false,,12.80,3.2000,true,1,21686
8076809513395,false,ברילה פומודורו רוטב עגבניות קלאסי 400 גר,ברילה גי.אי.אר פרטלי ס.פ,IT,ברילה רוטב פורמודרו,גרמים,400.00,100 גרם,false,,12.80,3.2000,true,1,21687
8076809513654,false,בסיס רוטב עגבניות לבולונז ברילה 400 גרם,ברילה גי.אי.אר פרטלי ס.פ,IT,ברילה רוטב עגבניות ל,גרמים,400.00,100 גרם,false,,12.80,3.2000,true,1,21689
8076809513739,false,ברילה רוטב עגבניות עם בזיליקום 400 גרם,ברילה גי.אי.אר פרטלי ס.פ,IT,ברילה רוטב בזיליקום,גרמים,400.00,100 גרם,false,,12.80,3.2000,true,1,21692
8076809514774,false,ברילה איטריות ביצים פפרדלה 250ג',ברילה גי.אי.אר פרטלי ס.פ,IT,ברילה פפרדלה ביצים 2,גרמים,250.00,100 גרם,false,,16.20,6.4800,true,1,21694
8076809523561,false,רוטב עגבניות עם עשבי תיבול 400 ג' ברילה,ברילה גי.אי.אר פרטלי ס.פ,IT,ברילה רוטב פסטה טוסק,גרמים,400.00,100 גרם,false,,12.80,3.2000,true,1,21697
8076809523738,false,דפי לזניה ברילה 500 גרם,ברילה גי.אי.אר פרטלי ס.פ,IT,לזניה ברילה 500 גרם,גרמים,500.00,100 גרם,false,,20.40,4.0800,true,1,21700
8076809529419,false,ספגטי מחיטה מלאה מס' 5 500 ג' ברילה,ברילה גי. אי. אר פרט,IT,ספגטי מחיטה מלאה ברי,גרמים,500.00,100 גרם,false,,12.80,2.5600,true,1,21701
8076809529433,false,פסטה פנה ריגטה חיטה מלאה ברילה 500 גרם,"ש. שסטוביץ בע""\מ",IT,פנה רגטה מחיטה מלאה,גרמים,500.00,100 גרם,false,,12.80,2.5600,true,1,21702
8076809545440,false,ברילה איטריות ללא גלוטן 400 גר,ברילה ג'.אי.אר פרטלי,IT,ברילה אטריות ללא גלו,גרמים,400.00,100 גרם,false,,12.80,3.2000,true,1,21705
8076809578998,false,ברילה - צ.ק. סטלינה 500 גרם,ברילה גי. אי. אר פרטלי ס,IT,פסטה סטלינה מס' 27,גרמים,500.00,100 גרם,false,,5.90,1.1800,true,1,157926
8121300207004,false,טרוביה - סטיביה ממתיק בצנצנת 270 גרם,קספרס פאקאגעהג,US,טרוביה - סטיביה ממתי,גרמים,270.00,100 גרם,false,,29.00,10.7407,true,1,115043
8121300208780,false,טרוביה תחליף סוכר לכל מטרה 360 גרם,טרוביה Truvia,US,תחליף סוכר לכל מטרה,גרמים,360.00,100 גרם,false,,29.90,8.3056,true,1,586543
8410076600622,false,חטיפי גרנולה קראנצ'י עם שוקולד מריר נייצ'ר ואלי 210 גרם,ג'נרל מילס סאן אדריאן,ES,חטיף קראנצי שבבי שוק,גרמים,210.00,100 גרם,false,,16.70,7.9524,true,1,12921
8410076610508,false,"חטיף שיבולת שועל מלאה עם בוטנים, שקדים ושוקולד מריר בציפוי בטעם שוקולד",נייצ'ר ואלי Nature Valley,ES,חטיף צ'ואי שוקולד מר,גרמים,150.00,100 גרם,false,,16.20,10.8000,true,1,12931
8410104045111,false,"פיניש מלח למדיח כלים 2ק""ג",רקיט בנקיזר,IL,"פיניש מלח למדיח 2 ק""",קילוגרמים,2.00,"ק""ג",false,,12.70,6.3500,true,1,20871
8410104437268,false,מפיג ריח רגיל למדיח פיניש 1 יחידה,רקיט בנקיזר,HU,פיניש מפיג ריחות ציט,יחידה,0.00,יחידה,false,,12.80,0.0000,true,1,20877
8410342004796,false,שוקולד מריר 85% ללא סוכר טוראס 100ג',צ'יקולטס טוארס,ES,שוקולד מריר 85% ללא,גרמים,100.00,100 גרם,false,,12.80,12.8000,true,1,551540
8410628460612,false,טונה ספרדית בשמן זית ולימון 190 גרם,קונסורסיו ספרד,ES,טונה ספרדית בשמן זית,גרמים,190.00,100 גרם,false,,24.40,12.8421,true,1,25004
8410655000423,false,"מארז בירה סאן מיגל 4*330 מ""ל",סרבסס סאן מיגל אס.אל.יו,ES,סאן מיגל בקבוק 4*330,ליטרים,1.32,ליטר,false,,18.90,14.3182,true,1,651
8412300801072,false,"קרם רב שימושי ניוואה 400 מ""ל",ביירסדורץ,DE,קרם רב שימושי ניוואה,מיליליטרים,400.00,"100 מ""ל",false,,23.80,5.9500,true,1,69986
8412497531103,false,סט 3 חלקים-צלחת+קערה,,,סט 3 חלקים-צלחת+קערה,יחידה,0.00,יחידה,false,,17.00,0.0000,true,1,33348
8413664611611,false,פאפאס ארגנטה-ציפס דליקטס 180 גרם 1/12 121007,פאפאס ארג'\נטה ס.א.ו.,ES,ARGENTE חטיף תפוח א,גרמים,180.00,100 גרם,false,,14.50,8.0556,true,1,551081
8413664611956,false,פאפאס ארגנטה-ציפס עם עשבי תיבול 160 ג,,,ARGENTE חטיף תפוח א,גרמים,160.00,100 גרם,false,,14.50,9.0625,true,1,551392
8420822130624,false,"ספריי סופר מסיר כתמים 750מ""ל יעקבי",קה לורדה,ES,ספריי סופר מסיר כתמי,מיליליטרים,750.00,"100 מ""ל",false,,16.20,2.1600,true,1,317299
8423207206495,false,סלים דליס חטיף דגנים מצופה שוקולד מריר מרבה 6*20 גרם,אף.סי תבליני בגליל ב,ES,סלים דליס חטיף דגנים,גרמים,120.00,100 גרם,false,,9.30,7.7500,true,1,21722
8423207207362,false,חטיפי סלים דליס שוקולד לבן מרבה 6 יחידות,ביסנצ'ורי אס.אל.יו,ES,סלים דליס חטיף דגנים,גרמים,120.00,100 גרם,false,,9.30,7.7500,true,1,21725
8423207208680,false,חטיף דגנים שוקולד סלים דליס לילדים מרבה 6 יחידות,ביסנצ'ורי אס.אל.יו,ES,סלים דליס קידס בציפו,גרמים,121.00,100 גרם,false,,9.30,7.6860,true,1,21729
8423207208697,false,חטיפי סלים דליס לילדים שוקולד לבן מרבה 6 יחידות,ביסנצ'ורי אס.אל.יו,ES,סלים דליס קידס עוגיו,גרמים,120.00,100 גרם,false,,9.30,7.7500,true,1,21730
8423207208871,false,פריכיות תירס בטעם טבעי סלים דליס 130 גרם,סלים דליס Slim Delis,ES,פריכיות תירס בטעם טב,גרמים,130.00,100 גרם,false,,7.60,5.8462,true,1,3705
8423207209885,false,מרבה חטיפי סלים דליס מהדורה מיוחדת שוקולד חלב,סלים דליס Slim Delis,ES,סלים דליס אקסטרא חטי,גרמים,120.00,100 גרם,false,,9.30,7.7500,true,1,21733
8423453905692,false,"בירה ווילדר לאגר 500 מ""ל פחית",פונט סאלם וולנסיה ספרד,ES,בירה ווילדר לאגר פחי,מיליליטרים,500.00,"100 מ""ל",false,,6.00,1.2000,true,1,143
8424842050016,false,צ'יפס בטעם כמהין 125 גרם רביו,רובין,FR,חטיף צ'יפס בטעם כמהי,גרמים,130.00,100 גרם,false,,11.00,8.4615,true,1,351882
8424842050085,false,צ'יפס בטעם חרדל ודבש 125 גרם רביו,רובין,FR,חטיף צ'יפס דבש וחרדל,גרמים,125.00,100 גרם,false,,11.00,8.8000,true,1,351884
8424842201340,false,צ'יפס בטעם מסורתי פרימיום 130 גרם רביו,,ES,חטיף צ'יפס רביו 130,גרמים,130.00,100 גרם,false,,11.00,8.4615,true,1,351885
8435495805199,false,"אבקת כביסה תינוקלין שקית 3 ק""ג.",מולינו ניקולי s.p.a,TR,אבקת כביסה תינוקלין,קילוגרמים,3.00,"ק""ג",false,,35.00,11.6667,true,1,41686
8435495807605,false,תינוקלין מרכך כביסה היפואלרגני מרוכז 1 ליטר,מולינו ניקולי s.p.a,TR,תינוקלין מרכך כביסה,ליטרים,1.00,ליטר,false,,15.30,15.3000,true,1,41689
8435495807636,false,ג'ל כביסה היפואלרגני 2 ל' תינוקלין,פרוקטר אנד גמבל,TR,תינוקלין ג'ל כביסה 2,ליטרים,2.00,ליטר,false,,30.70,15.3500,true,1,41690
8436575292205,false,ארטיק חמשושים מאגדת 15*12 גר',גלידות נסטלה )נגה גלידות,IL,מאגדת חמשושים אננס מ,גרמים,180.00,100 גרם,false,,17.00,9.4444,true,1,16023
8485818700014,false,משקפיים בנרתיק,,,משקפיים,יחידה,0.00,יחידה,false,,19.90,0.0000,true,1,31317
8594403707649,false,"בירה באדוויזר דארק לאגר 500 מ""ל פחית","מיוצר ע""\י מבשלת טוכרn\",CZ,באדוויזר דארק לאגר 5,מיליליטרים,330.00,"100 מ""ל",false,,7.70,2.3333,true,1,612206
8606018615827,false,גלידת וניל עם שברי עוגיות אוראו 480 גרם,פרונרי סרביה,RS,גלידת וניל עם שברי ע,מיליליטרים,300.00,"100 מ""ל",false,,11.90,3.9667,true,1,618980
8606109023647,false,"פרוויטה - מיץ סלק ותפוחי עץ 750 מ""ל",פרובישקה,RS,מיץ פרוויטה מיץ סלק,מיליליטרים,750.00,"100 מ""ל",false,,10.50,1.4000,true,1,161877
8606109023722,false,"פרוויטה - מיץ תפוחי עץ ומשמשים 750 מ""ל",,RS,מיץ פרוויטה תפוחי עץ,מיליליטרים,750.00,"100 מ""ל",false,,10.50,1.4000,true,1,161879
8681863065287,false,saltbae מלח הימלאיה 350 גרם ויליפוד,גידה,TR,מלח הימלאיה 350 גרם,גרמים,350.00,100 גרם,false,,21.30,6.0857,true,1,530856
8683323063024,false,יוגטה שטיחים בטעם תותי פרוטי 220 גרם,ליימן מותגים,TR,יוגטה חיספוסים שטיחי,גרמים,220.00,100 גרם,false,,5.90,2.6818,true,1,41697
8686868600075,false,המותג אביזרי שיער,,CN,המותג אביזרי שיער,יחידה,0.00,יחידה,false,,8.40,0.0000,true,1,30817
8686868600112,false,המותג אביזרי שיער,,CN,המותג אביזרי שיער,יחידה,0.00,יחידה,false,,11.80,0.0000,true,1,30820
8686868600129,false,המותג אביזרי שיער,,CN,המותג אביזרי שיער,יחידה,0.00,יחידה,false,,12.70,0.0000,true,1,30821
8686868600150,false,המותג אביזרי שיער,,CN,המותג אביזרי שיער,יחידה,0.00,יחידה,false,,15.20,0.0000,true,1,30822
8690504081937,false,מקוויטיס טינס שוקולד חלב וקפוצינו 150 גר,"אולקר ביסקווי סנאי,",TR,טינס מצופה שוקולד חל,גרמים,150.00,100 גרם,false,,8.50,5.6667,true,1,24637
8690526009278,false,אי טי אי - חטיף קרמל מצופה שוקולד וחלב כדורוני דגנים 126 גרם,"GIDA ETI , טורקיה n\",TR,חטיף קרמל מצופה שוקו,יחידה,0.00,יחידה,false,,8.50,0.0000,true,1,106453
8690637506956,false,"דאב שמפו נגד קשקשים אלוורה 600 מ""ל",יוניליוור סנאי ווי טיקאר,TR,שמפו למניעת קשקשים ד,מיליליטרים,600.00,"100 מ""ל",false,,14.45,2.4083,true,1,567951
8690637555084,false,"מרכך כביסה מרוכז אקסטרה פריחת התפוז בדין 960 מ""ל",יוניליוור סנאיי וי טיקאר,TR,בדין אקסטרה לבן 960,מיליליטרים,960.00,"100 מ""ל",false,,12.80,1.3333,true,1,10915
8690637704291,false,שמפו לשיקום אינטנסיבי לשיער פגום,יוניליוור טורקיה. אזור ת,TR,"שמפו משקם דאב 600 מ""",מיליליטרים,600.00,"100 מ""ל",false,,14.45,2.4083,true,1,10939
8690637704390,false,"מרכך שיער לטיפוח יום יומי דאב 600 מ""ל",יוניליוור טורקיה. אזור ת,TR,מרכך יום יומי דאב 60,מיליליטרים,600.00,"100 מ""ל",false,,14.45,2.4083,true,1,10941
8690637842399,false,מאגדת מגנום מיני דאבל פרי יער שוקולד 6 יח' נסטלה,יוניליוור סנאי וי סי,TR,מיני מגנום דאבל פרי,גרמים,329.00,100 גרם,false,,23.80,7.2340,true,1,4427
8690637890666,false,מאגדת מגנום מיני דאבל פיסטוק 6 יח' שטראוס,יוניליוור סנאיי וי ט,TR,מיני מגנום דאבל פיסט,גרמים,282.00,100 גרם,false,,23.80,8.4397,true,1,4429
8690637916977,false,מרכך עם שמן קוקוס וכורכום למראה שיער משוקם,יוניליוור סנאיי וי טיקאר,TR,מרכך קוקוס וכרכום דא,מיליליטרים,600.00,"100 מ""ל",false,,14.45,2.4083,true,1,368026
8690637971310,false,"מרכך כביסה מרוכז אקסטרה בניחוח יערת הדבש בדין 960 מ""ל",יוניליוור סנאיי וי טיקאר,TR,בדין אקסטרא פריחת הת,מיליליטרים,960.00,"100 מ""ל",false,,12.80,1.3333,true,1,110072
8690766156404,false,שוקולד מריר גודייבה בטעם תפוז אדום 90 גר,גודייבה,TR,גודייבה שוקולד מריר,גרמים,90.00,100 גרם,false,,13.10,14.5556,true,1,84752
8690777203012,false,פלפלים ירוקים כבושים לא חריפים סרה ויליפוד 600 גרם,יוליניבר,TR,פלפל ירוק כבוש סרה 6,גרמים,600.00,100 גרם,false,,9.30,1.5500,true,1,3297
8690777204071,false,פלפלים כבושים חריפים סרה 320 גרם,יוליניבר,TR,פלפל חריף סרה 640 גר,גרמים,640.00,100 גרם,false,,9.30,1.4531,true,1,3298
8690777206051,false,חציל קלוי על האש סרה ויליפוד 650 גרם,קוראהן פזלרמה וי דיס,TR,חציל קלוי על האש סרה,גרמים,650.00,100 גרם,false,,9.30,1.4308,true,1,3299
8690777221405,false,פלפל אדום קלוי סרה ויליפוד 650 גרם,קוראהן פזלרמה וי דיס,TR,פלפל אדום קלוי על הא,גרמים,650.00,100 גרם,false,,9.30,1.4308,true,1,3301
8690784614665,false,סבון דאק לניקוי אסלה בניחוח ים נתלה,דאופלור אס.פי.אי כונ,PL,דאק סבון ניקוי אסלה,גרמים,38.60,100 גרם,false,,7.70,19.9482,true,1,6121
8690946270074,false,פסטה ספגטי 500 גרם B,,,פסטה ספגטי 500 גרם B,גרמים,500.00,100 גרם,false,,3.40,0.6800,true,1,601741
8690946270111,false,פסטה פוזלי 500 גרם B,,,פסטה פוזלי 500 גרם B,גרמים,500.00,100 גרם,false,,3.40,0.6800,true,1,601742
8690946270241,false,פסטה קונכיות גדולות,,,פסטה קונכיות גדולות,גרמים,500.00,100 גרם,false,,3.40,0.6800,true,1,601743
8690946272207,false,פסטה פנה 500 גרם BAH,,,פסטה פנה 500 גרם BAH,גרמים,500.00,100 גרם,false,,3.40,0.6800,true,1,601744
8690946272320,false,פסטה מקרוני 500 גרם,,,פסטה מקרוני 500 גרם,גרמים,500.00,100 גרם,false,,3.40,0.6800,true,1,601745
8691058141238,false,ערמונים שלמים קלויים וקלופים 100 ג' Avel,,,AVEL ערמונים שלמים ק,גרמים,100.00,100 גרם,false,,4.20,4.2000,true,1,48492
8691900174032,false,קוטקס תחבושות נורמל 24 יח,חוגלה קימברלי,CZ,תחבושות קוטקס נורמל,100 יח',24.00,100 יח',false,,14.50,60.4167,true,1,537814
8693323099107,false,מרשמלו לבבות בטעם תות ווניל,ליימן שליסל,TR,יוגטה מרשמלו לבבות 1,גרמים,150.00,100 גרם,false,,5.90,3.9333,true,1,41735
8693357090965,false,סט 6 כוסות מים איזמי,,,סט 6 כוסות מים איזמי,יחידה,0.00,יחידה,false,,42.70,0.0000,true,1,45225
8693357192904,false,סט 2 תבניות פיירקס ע,,,סט 2 תבניות פאי 26 ס,יחידה,0.00,יחידה,false,,128.20,0.0000,true,1,45269
8693495051002,false,קולגייט מברשת שיניים מיניונים 6+ לילדים,קולגייט פלמוליב,CN,קולגייט מברשת ילדים,יחידה,0.00,יחידה,false,,8.50,0.0000,true,1,21748
8693495052177,false,פלמוליב נטורלס תחליב רחצה זיתים 750 מל,קולגייט פלמוליב,TR,פלמוליב נטורלס תחליב,מיליליטרים,750.00,"100 מ""ל",false,,17.10,2.2800,true,1,21750
8697530910743,false,סיגריות פאל מאל כחול קצר מטאליק,Unknown,TR,פאל מאל בלו,יחידה,0.00,יחידה,false,,29.00,0.0000,false,1,4191
8697530910750,false,סיגריות פאל מאל כחול ארוך האוס,Unknown,TR,פאל מאל בלו ארוך,יחידה,0.00,יחידה,false,,29.00,0.0000,false,1,4192
8697530910781,false,סיגריות פאל מאל אדום מטאליק,גלוברנדס,TR,פאל מאל רד,יחידה,0.00,יחידה,false,,29.00,0.0000,false,1,4195
8697975032505,false,"בקבוק ספורט 630 מ""ל",,,"בקבוק ספורט 630 מ""ל",יחידה,0.00,יחידה,false,,21.30,0.0000,true,1,529544
8698996000207,false,מגבות נייר 1/6,,,מגבות נייר 1/6,מטרים,0.00,מטר,false,,9.40,0.0000,true,1,605559
8698996003413,false,מגבות נייר 9ב1 רמילוי,,,נייר סופג 9=1 JUMB,יחידה,0.00,יחידה,false,,16.20,0.0000,true,1,571704
8710428017024,false,פדיאשור השלמה תזונתית בטעם שוקולד 850 גר,פדיאשור Pediasure,NL,משקה להשלמה תזונתית,גרמים,850.00,100 גרם,false,,68.30,8.0353,true,1,366635
8710447320662,false,דאודורנט ספריי בניחוח אפרסק ולימון ללא אלומיניום,"פרמול איטליה, קומון",GB,דאודורנט ספריי אפרסק,מיליליטרים,150.00,"100 מ""ל",false,,12.70,8.4667,true,1,591061
8710502100864,false,עוגיות מרבה פטיסרי דאבל שוקולד 200 גרם,"מרבה בע""\מ",NL,מרבה פטיסרי דאבל שוק,גרמים,200.00,100 גרם,false,,9.40,4.7000,true,1,565057
8710502139017,false,עוגיות מרבה טריפל שוקולד שוקוצ'יפס 180ג',בנקטבקריי מרבה בי.וי,NL,מרבה עוגיות טריפל שו,גרמים,180.00,100 גרם,false,,6.80,3.7778,true,1,21758
8710502260032,false,מרבה עוגיות שוקוצ'יפס 150גרם,בנקטבקריי מרבה בי.וי,NL,מרבה עוגיות שוקולד צ,גרמים,150.00,100 גרם,false,,5.00,3.3333,true,1,21762
8710502279010,false,מרבה עוגיות שוקולד צ'יפס מצופות שוקולד 175 גרם,"י.מרבה ישראל בע""מ",NL,מרבה עוגיות שוקולד צ,גרמים,175.00,100 גרם,false,,8.50,4.8571,true,1,129116
8710502285509,false,מרבה - עוגיות לימון ושוקולד צ'יפס במרקם רך 175 גרם,בנקטבקריי מרבה בי.וי,NL,מרבה עוגיה רכה לימון,גרמים,175.00,100 גרם,false,,8.50,4.8571,true,1,356739
8710502470028,false,עוגיות שוקולד צ'יפס ממולאות בקרם נוגט,קריניציה ויטמינה אס,NL,מרבה עוגיות נוגטלי 1,גרמים,160.00,100 גרם,false,,8.50,5.3125,true,1,21766
8710800027573,false,סוכריות מיני בטעם פירות מנטוס 178 גרם,פרפטי ואן מלה ברדה,NL,מיני מנטוס שקית,גרמים,178.00,100 גרם,false,,10.60,5.9551,true,1,12945
8710800961310,false,סוכריות בטעם תות מנטוס 4*375 גרם,פרפטי ואן מלה ברדה,NL,מנטוס 1/4 תות,גרמים,150.00,100 גרם,false,,9.40,6.2667,true,1,12947
8710908404184,false,"דאב דאו ספריי אורגינל 50 מ""ל*-ללא אלומני","פרמול איטליה, קומון",GB,דאודורנט ספריי 0% אל,מיליליטרים,150.00,"100 מ""ל",false,,12.70,8.4667,true,1,591062
8711000362679,false,קפסולות קפה תואמות נספרסו קולומביה 8 ל'אור 10 יחידות,ג'\ייקובס דאו אגרבטס צרפ,FR,לור קפסולות קפה אספר,גרמים,52.00,100 גרם,false,,16.20,31.1538,true,1,5185
8711000371183,false,ג'ייקובס קפסולות קפה אספרסו אינטסו עוצמה 10,ג'ייקובס דאו אגברטס צרפת,FR,ג'ייקובס קפסולות קפה,גרמים,52.00,100 גרם,false,,13.60,26.1538,true,1,5189
8711000371206,false,ג'ייקובס קפסולות קפה אספרסו ריסטרטו עוצמה 12,ג'ייקובס דאו אגברטס צרפת,FR,ג'ייקובס קפסולות קפה,גרמים,52.00,100 גרם,false,,13.60,26.1538,true,1,5190
8712000051099,false,"שישיית בירה היינקן 0% אלכוהל בקבוק 330 מ""ל","מבשלת היינקן, ריטבלדנברג",NL,הייניקן בירה 0% בק',ליטרים,1.98,ליטר,false,,29.20,14.7475,true,1,9585
8712400802499,false,תרכובת מזון המשך לפעוטות על בסיס חלב שלב 1,נוטרישיה קאלק ב. ו.,NL,נוטרילון שלב 1- 800,גרמים,800.00,100 גרם,false,,55.50,6.9375,true,1,5212
8712400802536,false,תרכובת מזון המשך לפעוטות על בסיס חלב שלב 3,נוטרישיה קאלק ב. ו.,NL,נוטרילון שלב 3- 800,גרמים,800.00,100 גרם,false,,55.50,6.9375,true,1,5216
8712561594240,false,"דאב תחליב רחצה להזנה עמוקה500 מ""ל-מרכז","יוניליוור גרמניה, Gmbh &",DE,דאב תחליב רחצה להזנה,מיליליטרים,500.00,"100 מ""ל",false,,15.30,3.0600,true,1,11062
8712561594608,false,"דאב תחליב רחיצה להזנה עמוקה 750 מ""ל","יוניליוור גרמניה, Gmbh &",DE,תחליב רחצה להזנה עמו,מיליליטרים,750.00,"100 מ""ל",false,,17.00,2.2667,true,1,11063
8712561611411,false,"תחליב רחצה בניחוח מלפפון ותה ירוק דאב 750 מ""ל","יוניליוור גרמניה, Gmbh &",DE,תחליב רחצה תה ירוק ו,מיליליטרים,750.00,"100 מ""ל",false,,17.00,2.2667,true,1,11065
8712561626286,false,"תחליב רחצה דאב זוהר כמשי 750 מ""ל",יוניליוור גרמניה (בו,DE,תחליב רחצה זוהר כמשי,מיליליטרים,750.00,"100 מ""ל",false,,17.00,2.2667,true,1,11067
8712561631570,false,"תחליב רחצה קוקוס ויסמין דאב 750 מ""ל",יוניליוור גרמניה (בו,DE,תחליב רחצה חלב קוקוס,מיליליטרים,750.00,"100 מ""ל",false,,17.00,2.2667,true,1,11069
8714599410530,false,גייקובס קרונינג שקית רפיל 200 גרם,ג'יי.די.אי.,UA,גייקובס קפה נמס 200ג,גרמים,200.00,100 גרם,false,,17.10,8.5500,true,1,5196
8714599513781,false,"קפה נמס מיובש בהקפאה זהב צנצנת ג'ייקובס 200 גרם לל""ס",אל.אל. סי ג''יקובס דאו א,RU,קפה ג'יקובס גולד 200,גרמים,200.00,100 גרם,false,,23.00,11.5000,true,1,5200
8714599513866,false,"קפה נמס מיובש בהקפאה קרונג צנצנת ג'ייקובס 200 גרם לל""ס",אל.אל.סי גייקובס דאו,DE,קפה ג'יקובס קרונונג,גרמים,200.00,100 גרם,false,,23.00,11.5000,true,1,5203
8714789177229,false,רבעיית מברשות שיניים קולגייט אקסטרה קלין 1 יחידה,הנסיך- מפעל לייצור ט,CN,מב.שיניים אקסטרא קלי,יחידה,0.00,יחידה,false,,8.50,0.0000,true,1,21772
8714789218465,false,מברשת שיניים 360 סופט קולגייט 2 יחידות,הנסיך- מפעל לייצור ט,CN,זוג מברשות שיניים 36,יחידה,0.00,יחידה,false,,21.30,0.0000,true,1,21776
8714789303925,false,מברשת שיניים 360 סנסטיב רכה במיוחד קולגייט 2 יחידות,קולגייט- פלמוליב,CH,זוג מברשת שיניים 360,יחידה,0.00,יחידה,false,,21.30,0.0000,true,1,21780
8714789402970,false,נוזל לניקוי כללי ורצפות בניחוח פרחי אביב אגק'ס 1.5 ליטר,הנסיך- מפעל לייצור ט,GR,אג'קס חגיגת הפרחים י,ליטרים,1.50,ליטר,false,,17.10,11.4000,true,1,21783
8714789450315,false,פלמוליב נוזל כלים לימון 1.5 ליטר,הנסיך- מפעל לייצור ט,GR,פלמוליב שקוף לימון 1,ליטרים,1.50,ליטר,false,,13.60,9.0667,true,1,21785
8714789797786,false,"פלמוליב נוזל לניקוי כלים גריז בלסטר 750 מ""ל",יבואן ומשווק: ש. שסט,GR,פלמוליב לכלים 4ב1 כ,מיליליטרים,750.00,"100 מ""ל",false,,10.20,1.3600,true,1,21798
8714789831275,false,מברשת שיניים 360 אופטיק ווייט קולגייט 2 יחידות,קולגייט-פלמוליב,CN,קולגייט מברשת שיניים,יחידה,0.00,יחידה,false,,21.30,0.0000,true,1,21802
8715700110141,false,מיונז קרמי היינץ צנצנת 460ג',ה.י.היינץ הולדינג בי.וי,NL,מיונז היינץ אמיתי צנ,גרמים,460.00,100 גרם,false,,9.30,2.0217,true,1,5408
8715700110158,false,היינץ ממרח במרקם קרמי צנצנת 490 גרם,ה.י.היינץ הולדינג בי.וי,NL,מיונז היינץ לייט צנצ,גרמים,490.00,100 גרם,false,,9.30,1.8980,true,1,5409
8715700419732,false,מתבל עגבניות היינץ 700 גרם,ה.י. היינץ,NL,היינץ קטשופ 700 גרם,גרמים,700.00,100 גרם,false,,8.50,1.2143,true,1,5416
8715700423906,false,היינץ מתבל עגבניות מופחת סוכר ומלח 50/50 550 גרם,היינץ צפון אמריקה מק,NL,מתבל עגבניות היינץ 2,גרמים,555.00,100 גרם,false,,9.30,1.6757,true,1,5424
8717163655764,false,"רקסונה - דאודורנט ספריי לאישה שוואר פרש 150 מ""ל","קוסטר אירוסול, גבזה 4140",GB,רקסונה ספריי שאוורפר,מיליליטרים,150.00,"100 מ""ל",false,,11.90,7.9333,true,1,69792
8718114734484,false,מיונז מאילי 320 גר צ,יונילבר צרפת,FR,מיונז מיילי 320 גרם,גרמים,320.00,100 גרם,false,,11.90,3.7188,true,1,17016
8718951001596,false,"ספריי ניקוי לאמבטיה 600 מ""ל ""א'גקס""",הנסיך- מפעל לייצור ט,GR,אגקס ספריי כחול אמבט,מיליליטרים,600.00,"100 מ""ל",false,,11.10,1.8500,true,1,21815
8718951030169,false,"קולגייט סנסיטיב הלבנה המסייעת בהגנה לשיניים רגישות 75 מ""ל",קולגייט Colgate,PL,משחת קולגייט סנסטיב,מיליליטרים,75.00,"100 מ""ל",false,,15.30,20.4000,true,1,60647
8718951030206,false,"קולגייט סנסיטיב פרוטקשן משחת שיניים לשיניים רגישות 75 מ""ל",קולגייט-פלמוליב,PL,משחת קולגייט סנסטיב,מיליליטרים,75.00,"100 מ""ל",false,,15.30,20.4000,true,1,60648
8718951031241,false,משחת שיניים אלמקס מנטרל חומצות סוכר 75 מל,CP-Poland swidnica,PL,אלמקס משחת שיניים למ,מיליליטרים,75.00,"100 מ""ל",false,,16.20,21.6000,true,1,628379
8718951044913,false,מרידול משחת שיניים להלבנה 75 מל,קולגייט פלמוליב,PL,משחת שיניים הלבנה מר,מיליליטרים,75.00,"100 מ""ל",false,,18.80,25.0667,true,1,21819
8718951076402,false,"קולגייט משחת שיניים הרבל להלבנה 100 מ""ל",קולגייט פלמוליב,BR,משחת הרבל להלבנה קול,מיליליטרים,100.00,"100 מ""ל",false,,8.50,8.5000,true,1,51330
8718951093331,false,מרידול זוג מברשות שיניים אקסטרה סופט,קולגייט פלמוליב,CH,מברשת שיניים מרידול,יחידה,0.00,יחידה,false,,30.70,0.0000,true,1,21825
8718951144064,false,מרידול מברשת שיניים פרודונט אקספרט זוג,"ש. שסטוביץ בע""\מ",CH,זוג מברשות שיניים פר,יחידה,0.00,יחידה,false,,30.70,0.0000,true,1,21833
8718951159808,false,מברשות שיניים 360 מדיום- מארז שלישייה,קולגייט-פלמוליב,CN,מארז שלישייה מברשת 3,יחידה,0.00,יחידה,false,,26.40,0.0000,true,1,21834
8718951160897,false,ספריי אקונומיקה עוצמת ה7 טריגר אגקס 500מ,קולגייט-פלמוליב,GR,אגקס עוצמת ה 7 טריגר,מיליליטרים,500.00,"100 מ""ל",false,,12.80,2.5600,true,1,21835
8718951166288,false,"משחת שיניים קולגייט מקס וייט 125 מ""ל",הנסיך- מפעל לייצור ט,PL,קולגייט משחת שיניים,מיליליטרים,125.00,"100 מ""ל",false,,15.30,12.2400,true,1,21837
8718951166561,false,משחת שיניים לרעננות מוגברת max fresh cooling crystals,הנסיך- מפעל לייצור ט,PL,קולגייט משחת שיניים,מיליליטרים,125.00,"100 מ""ל",false,,15.30,12.2400,true,1,21838
8718951170445,false,"קולגייט סמיילס משחת שיניים ילדים גילאי 2-5 50 מ""ל",קולגייט פלמוליב,PL,קולגייט סמיילס משחת,מיליליטרים,50.00,"100 מ""ל",false,,10.20,20.4000,true,1,21840
8718951176874,false,קולגייט שטיפת פה לילדים מיניונים 250 מל,קולגייט-פלמוליב,PL,שטיפת פה מיניונים בט,מיליליטרים,250.00,"100 מ""ל",false,,12.80,5.1200,true,1,192952
8718951190191,false,"אג'קס טריגר בוסט לימון וסודה 500 מ""ל",קולגייט פלמוליב פירא,GR,אג'קס טריגר בוסט לימ,מיליליטרים,500.00,"100 מ""ל",false,,12.80,2.5600,true,1,21849
8718951207233,false,אג'קס ורוד רצפות- ור,,,אג'קס ורוד רצפות- ור,ליטרים,1.25,ליטר,false,,11.90,9.5200,true,1,263345
8718951236790,false,"קולגייט טוטאל משחת שיניים קלין מינט לפה בריא 100 מ""ל",קולגייט פלמוליב,PL,משחת שיניים קלין מינ,מיליליטרים,100.00,"100 מ""ל",false,,14.50,14.5000,true,1,21853
8718951236806,false,"קולגייט טוטאל הלבנה משחת שיניים המסייעת בהסרת כתמים 100 מ""ל",קולגייט Colgate,PL,מש.שיניים להלבנה קול,מיליליטרים,100.00,"100 מ""ל",false,,14.50,14.5000,true,1,21854
8718951240742,false,"קולגייט טוטאל משחת שיניים פסים מרעננים 100 מ""ל",קולגייט פלמוליב,PL,מש.שיניים פסים מרעננ,גרמים,128.00,100 גרם,false,,14.50,11.3281,true,1,21856
8718951264618,false,"קולגייט אופטיק וייט פחם צ'רקול משחת שיניים, 75 מ""ל",קולגייט-פלמוליב,PL,קולגייט אופטיק וייט,מיליליטרים,75.00,"100 מ""ל",false,,23.90,31.8667,true,1,60407
8718951286733,false,"קולגייט אופטיק וייט לסטינג וייט משחת שיניים 75 מ""ל",קולגייט Colgate,PL,קולגייט אופטיק וייט,מיליליטרים,75.00,"100 מ""ל",false,,23.90,31.8667,true,1,223015
8718951315303,false,"קולגייט אדומה משחת שיניים להגנה מפני עששת 2*100 מ""ל",קולגייט-פלמוליב,PL,משחת שיניים קולגייט,מיליליטרים,200.00,"100 מ""ל",false,,17.10,8.5500,true,1,81035
8718951319806,false,פלמוליב לגבר גל רחצה ושמפו מרענן 750 משא,פלמוליב Palmolive,TR,פלמוליב לגבר 2 ב-1 ג,מיליליטרים,750.00,"100 מ""ל",false,,17.10,2.2800,true,1,198023
8718951350137,false,"פלמוליב תחליב רחצה מקדמיה וקקאו עם חמאת שיאה 750 מ""ל",קולגייט פלמוליב,IT,תחליב רחצה נטורלס עם,מיליליטרים,750.00,"100 מ""ל",false,,17.10,2.2800,true,1,610948
8718951365865,false,קולגייט זוג מברשות עם סיבי פחם בצפיפות ג,קולגייט פלמוליב,PL,קולגייט זוג מברשות ע,יחידה,0.00,יחידה,false,,29.90,0.0000,true,1,173953
8718951381292,false,"משחת שיניים מקס דיטוקס פואם קולגייט 125 מ""ל",קולגייט Colgate,PL,קולגייט משחת שיניים,מיליליטרים,125.00,"100 מ""ל",false,,15.30,12.2400,true,1,115726
8718951382664,false,"פלמוליב ג'ל רחצה חימר ואקליפטוס 750 מ""ל",קולגייט פלמוליב,TR,ג'ל רחצה חימר טונוס,מיליליטרים,750.00,"100 מ""ל",false,,17.10,2.2800,true,1,100200
8718951428492,false,"פלמוליב סבון רחצה לגבר 4ב1 מועשר בפחם 750 מ""ל",שסטוביץ,TR,תחליב רחצה לגבר 4 ב-,מיליליטרים,750.00,"100 מ""ל",false,,17.10,2.2800,true,1,366217
8718951428522,false,"פלמוליב סבון רחצה לגבר 4 ב-1 המפ 750 מ""ל",שסטוביץ,TR,סבון רחצה לגבר 4 ב-1,מיליליטרים,750.00,"100 מ""ל",false,,17.10,2.2800,true,1,358146
8718951431614,false,"סבון רחצה סו פירם מינרלים 750 מ""ל פלמוליב",קולגייט פלמוליב,TR,ג'ל רחצה פלמוליב So,מיליליטרים,750.00,"100 מ""ל",false,,17.10,2.2800,true,1,223029
8718951433120,false,קולגייט טוטאל משחת שיניים לילדים לגילאי,קולגייט פלמוליב,PL,משחת שיניים קולגייט,מיליליטרים,50.00,"100 מ""ל",false,,15.30,30.6000,true,1,562066
8718951443396,false,"סבון ידיים חלב ודבש פלמוליב מארז 3*300 מ""ל",CP - Turkey+60,TR,פלמוליב סבון ידיים ח,מיליליטרים,900.00,"100 מ""ל",false,,21.30,2.3667,true,1,162951
8718951461444,false,"זוג משחת שיניים טוטאל הלבנה ביטיו *100 מ""ל קולגייט",קולגייט פלמוליב,PL,משחת שיניים קולגייט,מיליליטרים,200.00,"100 מ""ל",false,,25.60,12.8000,true,1,394849
8718951470538,false,קולגייט משחת שיניים מקס פרש ביטיוב 125*2 כשלפ,קולגייט פלמוליב,PL,משחת שיניים קולגייט,מיליליטרים,250.00,"100 מ""ל",false,,25.60,10.2400,true,1,394876
8718951509627,false,"קולגייט אופטיק וייט לאוהבי קפה ותה משחת שיניים 75 מ""ל",קולגייט פלמוליב,PL,קולגייט וואייט להסרת,יחידה,0.00,יחידה,false,,23.90,0.0000,true,1,463467
8719128117249,false,"סירופ פפסי מקס 440 מ""ל סודהסטרים",סודה סטרים,IL,סירופ פפסי מקס סודה,מיליליטרים,440.00,"100 מ""ל",false,,19.60,4.4545,true,1,153634
8719200997998,false,מרגרינה למריחה בישול וטיגון 200 ג' בלו בנד,אתר חיפה מרגרינה - F,IL,בלו בנד לבישול וטיגו,גרמים,200.00,100 גרם,false,,4.20,2.1000,true,1,11119
8719200998001,false,מרגרינה לאפיה ובישול בלי מלח 200 ג' בלו בנד,יוניליוור ישראל מזון בע\,IL,בלו בנד ללא מלח 200,גרמים,200.00,100 גרם,false,,4.20,2.1000,true,1,11120
8719200998018,false,מחמאה מרגרינה בטעם חמאה בלובנד 200 גרם,"מיוצר ע""\י יוניליוור ישר",IL,מחמאה מרגרינה בטעם ח,גרמים,200.00,100 גרם,false,,4.20,2.1000,true,1,11121
8719200998094,false,"מרגרינה מזולה לאפיה ללא תוספת מלח 200גר - 40 יח' -כשל""פ","מיוצר ע""\י יוניליוור ישר",IL,מזולה מרגרינה לאפייה,גרמים,200.00,100 גרם,false,,5.90,2.9500,true,1,11129
8720181046612,false,"דאב - דאודורנט רול און לאישה אורגינל 50 מ""ל","יוניליוור אנגליה, דרך קו",GB,דאו' רולאון אורגינל,מיליליטרים,50.00,"100 מ""ל",false,,17.90,35.8000,true,1,535471
8722700197508,false,גלייז חומץ בלסמי 250,,,גלייז חומץ בלסמי 250,מיליליטרים,250.00,"100 מ""ל",false,,37.60,15.0400,true,1,561306
8801055709434,false,קפה נמס טסטר'ס צ'ויס קולומביה 100 גרם,נסטלה קוריאה - קפה,KR,נסקפה טייסטרס צ'ויס,גרמים,100.00,100 גרם,false,,20.43,20.4300,true,1,251747
8801055709458,false,אבקה להכנת משקה קפה בטעם קפוצ'ינו קרמל,נסטלה קוריאה - קפה,IL,נסקפה קפוצ'ינו קרמל,גרמים,170.00,100 גרם,false,,16.20,9.5294,true,1,519570
8801055709465,false,אבקה להכנת משקה קפה בטעם קפוצ'ינו וניל,נסטלה קוריאה - קפה,KR,נסקפה קפוצ'ינו וניל,גרמים,185.00,100 גרם,false,,16.20,8.7568,true,1,390316
8801055709472,false,נסטלה - נסקפה קפוצ'ינו קלאסי 12.50 גרם * 10,נסטלה קוריאה - קפה,KR,נסקפה קפוצ'ינו קלאסי,גרמים,185.00,100 גרם,false,,16.20,8.7568,true,1,390330
8801055709489,false,אבקה להכנת משקה קפה בטעם קפוצ'ינו אגוזים,נסטלה קוריאה - קפה,IL,נסקפה קפוצ'ינו אגוזי,גרמים,185.00,100 גרם,false,,16.20,8.7568,true,1,390331
8803733180788,false,"קופסא 807 -470 מ""ל עם מכסה ורוד/כחול/צהוב",,,"קופסא807 -470מ""ל L&L",יחידה,0.00,יחידה,false,,25.60,0.0000,true,1,42702
8809168840471,false,חטיף אצות מיובשות 9*4.5 גרם,ג'י וואן גלובול נאט,KR,חטיף אצות מיובשות 9,גרמים,4.50,100 גרם,false,,21.30,473.3333,true,1,428581
8850206280049,false,רוטב צ'ילי חריף מיו 250 גרם,יאן וואל יון קו.לטד,TH,רוטב צ'ילי חריף צ'יל,גרמים,250.00,100 גרם,false,,14.50,5.8000,true,1,576935
8850367992164,false,קרם קוקוס 250 מל 20-22% ללא חומר משמר,טאפאדונגפורן קוקנט,TH,קרם קוקוס ללא גלוטן,גרמים,250.00,100 גרם,false,,6.80,2.7200,true,1,47133
8850389103111,false,סאפי משקה אלוורה בטעם ענבים 300מל,סאפה פובליק קומפני ל,TH,סאפה משקה אלוורה ענב,מיליליטרים,300.00,"100 מ""ל",false,,5.50,1.8333,true,1,39011
8850389103128,false,סאפי משקה אלוורה בטעם תפוח 300מל,סאפה פובליק קומפני ל,TH,סאפה משקה אלוורה תפו,מיליליטרים,300.00,"100 מ""ל",false,,5.50,1.8333,true,1,39012
8850389103159,false,"משקה ליצ'י עם חתיכות גלי קוקוס 320 מ""ל מוגו מוגו",סאפה פובליק קומפני לימיט,TH,ליצי' משקה עם חתיכות,מיליליטרים,320.00,"100 מ""ל",false,,6.00,1.8750,true,1,388200
8850389104637,false,"משקה קל סאפה אלוורה אפרסק 300 מ""ל",סאפה פובליק קומפני ל,TH,סאפה משקה אלוורה אפר,מיליליטרים,300.00,"100 מ""ל",false,,5.50,1.8333,true,1,39014
8850389105825,false,משקה אלוורה בטעם ענבים סאפה 1 ליטר,סאפה פובליק קומפני לימיט,TH,סאפה משקה אלוורה ענב,ליטרים,1.00,ליטר,false,,11.60,11.6000,true,1,39015
8850389105832,false,סאפה משקה אלוורה בטעם תפוח עם קוביות אלוורה 1 ליטר,סאפה פובליק קומפני לימיט,TH,סאפה משקה אלוורה תפו,ליטרים,1.00,ליטר,false,,11.60,11.6000,true,1,39016
8850389105849,false,סאפה משקה אלוורה מופחת קלוריות בטעם אפרסק 1 ליטר,סאפה פובליק קומפני לימיט,TH,סאפה משקה אלוורה אפר,ליטרים,1.00,ליטר,false,,11.60,11.6000,true,1,39017
8850389115312,false,"סאפה אלוורה מלון בקבוק 300 מ""ל",סאפה פובליק קומפני ל,TH,"סאפה משקה מלון 300מ""",מיליליטרים,300.00,"100 מ""ל",false,,5.50,1.8333,true,1,39022
8850389115336,false,משקה אלוורה בטעם מלון סאפה 1 ליטר,סאפה פובליק קומפני לימיט,TH,סאפה משקה מלון 1ל,ליטרים,1.00,ליטר,false,,11.60,11.6000,true,1,39023
8850632604259,false,"יוגטה, חיספוסים, ממתק חמוץ בצורת מקלות בטעם תות שדה,50 גרם",ג'נרל קנדי בעמ,TH,יוגטה חיספוסים מקלות,גרמים,50.00,100 גרם,false,,3.30,6.6000,true,1,41745
8850632604266,false,"יוגטה, ממתק חמוץ בצורת מקלות בטעם קולה, 50 גרם",ג'נרל קנדי בעמ,TH,יוגטה חיספוסים מקלות,גרמים,50.00,100 גרם,false,,3.30,6.6000,true,1,41746
8850632604402,false,יוגטה חיספוסים בטעם מעורב תות שדה אבטיח ענבים בננה 50 גרם,"ג'נרל קנדי בע""מ",TH,יוגטה ממתק תות ענבים,גרמים,50.00,100 גרם,false,,3.30,6.6000,true,1,41748
8858271002870,false,רוטב פאד תאי 250 מ'ל - מקסצ'אפ,"ייאן וואל יון בע""מ",TH,רוטב פאד תאי MAXCHUP,מיליליטרים,250.00,"100 מ""ל",false,,8.50,3.4000,true,1,47146
8858271003020,false,רוטב סויה פורמולה 1 - 700 מ'ל מקסצ'אפ,יאן ונזל יון,TH,רוטב סויה MAXCHUP מז,מיליליטרים,700.00,"100 מ""ל",false,,12.80,1.8286,true,1,47148
8858271003921,false,רוטב קארי אדום 250 מ'ל - מקסצ'אפ,יאן וואל יאן,TH,רוטב קארי אדום MAXCH,מיליליטרים,250.00,"100 מ""ל",false,,8.50,3.4000,true,1,47153
8858271004300,false,רוטב טריאקי 700 מ'ל מקסצ'אפ,דאנינג יוה פודס קו,TH,רוטב טריאקי MAXCHUP,מיליליטרים,700.00,"100 מ""ל",false,,17.10,2.4429,true,1,47157
8858271004799,false,"רוטב צילי מתוק אל פורפסיס 700 מ""ל",יאן ונזל יון,TH,רוטב צ'ילי מתוק מזרח,מיליליטרים,700.00,"100 מ""ל",false,,11.10,1.5857,true,1,47159
8901537024014,false,"אורז בסמטי מובחר 1 ק""ג - דוואט) יורה דיעה",הנסיך- מפעל לייצור ט,IN,וילי פוד אורז בסמטי,גרמים,1000.00,100 גרם,false,,11.00,1.1000,true,1,3315
8934878081811,false,"דפי אורז 22 ס""מ 400 גר'(Trav) ללא גלוטן",דאנינג יוה פודס קו,VN,דפים על בסיס קמח טפי,גרמים,400.00,100 גרם,false,,10.20,2.5500,true,1,47163
9000101372878,false,קפסולות דיסקס לניקוי כביסה לבנה וצבעונית Deep Clean,פרסיל Persil,HU,פרסיל דיסקס לכביסה ל,יח',22.00,יח',false,,29.90,1.3591,true,1,172153
9000101380255,false,פרסיל דיסקס לכביסה ניקיון היגייני 22 יחידות,פרסיל Persil,HU,פרסיל דיסקס לכביסה ל,יח',22.00,יח',false,,29.90,1.3591,true,1,194152
9000101512526,false,פרסיל - פאוור קאפס קפסולות ג'ל מרוכזות לכביסה 26 יח',קריות זול,RS,פרסיל פאוור קאפס לכב,יח',26.00,יח',false,,29.90,1.1500,true,1,497135
9000101515596,false,קפסולות ג'ל מרוכזות לכביסה צבעונית 56 יח' פרסיל,הנקל,RS,פרסיל פאוור קאפס קפס,יחידה,0.00,יחידה,false,,50.30,0.0000,true,1,208876
9000101537581,false,פרסיל קאפסולות לכביסה צבעונית 52 יחידו,הנקל סוד,HU,פרסיל פאוור קאפס קפס,יחידה,0.00,יחידה,false,,50.30,0.0000,true,1,480798
9001616620065,false,זוג מוצצי סיליקון 6+חודשים Hebrew Sayings,מאם Mam,HU,זוג מוצצים סיליקון 6,יח',2.00,יח',false,,33.10,16.5500,true,1,109516
9002859036644,false,גונץ שוקולד עם ק. טר,,,גונץ שוקולד עם ק. טר,גרמים,100.00,100 גרם,false,,8.50,8.5000,true,1,556178
9002859037221,false,שוקולד מריר אספרסו 7,,,שוקולד מריר אספרסו 7,גרמים,100.00,100 גרם,false,,8.50,8.5000,true,1,556117
9002859042560,false,שוקולד מריר 100 גרם,,,שוקולד מריר 100 גרם,גרמים,100.00,100 גרם,false,,8.50,8.5000,true,1,556162
9002859050848,false,מטבעות זהב וכסף ברשת 100 גרם גונץ,,,מטבעות ושטרות שוקולד,גרמים,100.00,100 גרם,false,,8.50,8.5000,true,1,556343
9002859053801,false,גונץ-שוקולד סטיקס מריר מנטה 75 גרם,,,שוקולד סטיקס מריר מנ,גרמים,75.00,100 גרם,false,,10.20,13.6000,true,1,556868
9002859053825,false,גונץ-שוקולד סטיקס מריר קפה 75 גרם,,,שוקולד סטיקס מריר קפ,גרמים,75.00,100 גרם,false,,10.20,13.6000,true,1,556869
9002859058172,false,בונבוניירה בננה ציפוי שוקולד מריר 300 גר,GUNZ WARENHANDELS,AT,בננה ציפוי שוקולד מר,גרמים,300.00,100 גרם,false,,12.80,4.2667,true,1,556543
9002975393836,false,סוכריות גילי הריבו האפי קולה 70 גרם,"האריבו , ג'\י.אם.בי.אייץ",AT,סוכריות גומי בטעם קו,גרמים,70.00,100 גרם,false,,5.90,8.4286,true,1,151791
9002975393843,false,סוכריות גילי הריבו גולדברס 70 גרם,"האריבו , ג'\י.אם.בי.אייץ",AT,סוכריות גומי בטעמי פ,גרמים,70.00,100 גרם,false,,5.90,8.4286,true,1,151792
9002975393850,false,סוכריות גילי הריבו וורמס 70 גרם,"האריבו , ג'\י.אם.בי.אייץ",AT,סוכריות גומי בטעמי פ,גרמים,70.00,100 גרם,false,,5.90,8.4286,true,1,151793
9028800639962,false,"אדלוויס בירה לבנה בקבוק 500 מ""ל",מבשלת בראו יוניון,AT,אדלוויס הפרטובה בירת,מיליליטרים,330.00,"100 מ""ל",false,,9.40,2.8485,true,1,612208
9044400822320,false,מארז פז בובה + 10 סוכריות 85 גר,פז פרודוקשיין,HU,סוכריות פז שקית 85 ג,יחידה,0.00,יחידה,false,,11.90,0.0000,true,1,154585
9120025834723,false,חטיף אוראו מצונן 120 גרם רבנות,בובארד איטליה אס.פי.,IT,חטיף אוראו מצונן 120,גרמים,120.00,100 גרם,false,,12.80,10.6667,true,1,565539
9120025839896,false,חטיף מילקה מצונן 128 גרם,בובארד איטליה אס.פי.,IT,חטיף מילקה מצונן 128,גרמים,128.00,100 גרם,false,,12.80,10.0000,true,1,566443
9310072028750,false,טים טם Tim Tam וופל שוקולד ציפוי כפול,"ארנוטס ביסקוויטס בע""",AU,טים טם קרם דאבל 200,גרמים,200.00,100 גרם,false,,17.10,8.5500,true,1,13877
9322969000039,false,פריכיות תירס 150 גרם עם 5 סוגי דגנים,ריאל פודס בעמ,AU,פריכיות תירס עם 4 דג,גרמים,150.00,100 גרם,false,,12.00,8.0000,true,1,6148
9720188060108,false,ממרח על בסיס סויה בסגון שמנת טופוטי 340 גרם,טופוטי ברנדס אינק.ג',IL,טופוטי ממרח טופו בטע,גרמים,340.00,100 גרם,false,,17.10,5.0294,true,1,6763
9771565051066,false,עיתון ידיעות אחרונות,ידיעות אחרונות,,ידיעות אחרונות יום ו,יחידה,0.00,יחידה,false,,10.30,0.0000,true,1,10010
