code,internal_code,name,manufacturer_name,manufacture_country,manufacturer_item_description,unit_qty,quantity,unit_of_measure,weighted,qty_in_package,price,unit_of_measure_price,allow_discount,status,item_id
13579775,false,לשון בקר מוכשר קפוא,,,לשון בקר מוכשר קפוא,קילוגרמים,1.00,"ק""ג",true,,39.90,39.9000,true,1,179206
32147230,false,לימונית - מיץ לימון משומר,ג'נרל מילס סאן אדריא,CH,מיץ לימון סיצילייה 2,,200.00,100 גרם,false,,8.90,0.0445,true,1,101289
40052403,false,קיט קט אצבעות 40 גרם,נסטלה Nestle,,קיט קאט אצבעות 36 גר,,36.00,,false,,4.90,0.1361,true,1,139108
42154662,false,אורביט ספרמינט מעטפה,ריגלי צרפת,FR,אורביט מעטפה בטעם ספ,,27.00,100 גרם,false,,6.30,0.2333,true,1,104398
42182115,false,מסטיק פייב ספירמינט 12 סטיקס,ריגלי צרפת,FR,פייב ספירמינט סטיקס,,29.00,100 גרם,false,,7.50,0.2586,true,1,104409
42188889,false,מסטיק פייב אבטיח 12 סטיקס,ריגלי צרפת,FR,פייב אבטיח סטיקס 29ג,,29.00,100 גרם,false,,7.50,0.2586,true,1,119138
42212119,false,אורביט פפרמינט מעטפה - חדש,ריגלי צרפת,FR,אורביט מעטפה פרופשיו,יחידה,0.00,יחידה,false,,6.30,0.0000,true,1,138701
42306788,false,מסטיק אורביט איירוייבוז אוכמניות,ריגלי,,איירוייז אוכמניות ומ,,35.00,,false,,5.90,0.1686,true,1,159721
54051140,false,מעדן סויה טעם וניל אלפרו רביעיה * 125 ג',הנסיך- מפעל לייצור ט,BE,אלפרו מעדן סויה וניל,,500.00,100 גרם,false,,18.90,0.0378,true,1,104752
59085645,false,דאודורנט רול און בניחוח אסאי,דאב Dove,,דאב רולאון אסאי 50,,50.00,100 גרם,false,,14.90,0.2980,true,1,190876
72917367,false,טעמי חטיף במילוי קרם נוגט וקרמל,"שטראוס גרופ בע""מ",IL,טעמי 40 גרם,,40.00,,false,,4.90,0.1225,true,1,109851
72940754,false,מעדן מילקי בטעם וניל עם קצפת,"שטראוס גרופ בע""מ",IL,מילקי וניל,,170.00,,false,,3.00,0.0176,true,1,109858
72940761,false,מעדן מילקי בטעם שוקולד עם קצפת,מיוצר עי קונדיטוריית,IL,מילקי שוקו,,170.00,,false,,3.00,0.0176,true,1,109859
72940952,false,מעדן מילקי בטעם שוקולד עם אקסטרה קצפת,"שטראוס גרופ בע""מ",IL,מילקי פי 2 קצפת,,110.00,100 גרם,false,,3.90,0.0355,true,1,109861
72941041,false,מעדן מילקי מיני בטעם שוקולד עם קצפת,"שטראוס גרופ בע""מ",IL,מיני מילקי שוקולד 70,,70.00,,false,,2.40,0.0343,true,1,109864
72945308,false,קוביות שמרים לאפיה שמרית 2*25 ג',"פאקא תעשיות בע""מ",IL,שמרית קוביות שמרים ל,,50.00,,false,,4.20,0.0840,true,1,109865
72961223,false,"גילה גדול 200 מ""ל",תנובה מרכז שיתופי לש,IL,"גיל 3% 200 מ""ל בדצ",,200.00,,false,,1.51,0.0076,true,1,172513
72961506,false,יוגורט עם תות 1.5% שומן 125 ג' פרילי,מיוצר עי קונדיטוריית,IL,יוגורט עם תות 1.5% פ,,125.00,100 גרם,false,,3.60,0.0288,true,1,105981
72961520,false,יוגורט עם אננס 1.5% שומן 125 ג' פרילי,מיוצר עי קונדיטוריית,IL,יוגורט עם אננס 1.5%,,125.00,100 גרם,false,,3.60,0.0288,true,1,105983
72961544,false,באדי יוגורט בטעם תות שדה 3%,מחלבת אלון תבור,IL,יוגורט בטעם תות שדה,,125.00,100 גרם,false,,3.10,0.0248,true,1,105984
72963753,false,שמנת אורגינל של פעם 27% שומן 200 ג' תנובה,תנובה מרכז שיתופי לש,IL,שמנת של פעם 27% תנוב,,200.00,,false,,4.50,0.0225,true,1,105991
72964132,false,פרילי טבע עם גרנולה 1.5% 200מל,מיוצר עי קונדיטוריית,IL,פרילי טבעי עם גרנולה,,150.00,100 גרם,false,,5.40,0.0360,true,1,105993
72964422,false,תנובה יוגורט פרחים 4.5% 200מל,מחלבת תנובה,IL,יוגורט פרחים תנובה 4,,200.00,,false,,3.00,0.0150,true,1,105994
72986370,false,"גלידת בן & ג'ריס פיינטים וניל 500מ""ל",מוצרי איכות אמריקאים,IL,בן&גריס גלידה פיינטי,,420.00,,false,,19.90,0.0474,true,1,97369
72986424,false,"גלידת בן & ג'ריס פיינטים קרם עוגיות 500מ""ל",מוצרי איכות אמריקאיי,IL,בן&גריס גלידה פיינטי,יחידה,420.00,יחידה,false,,19.90,0.0474,true,1,97370
72986448,false,"גלידת בן & ג'ריס פיינטים טופי קראנץ 500מ""ל",מוצרי איכות אמריקאיי,IL,בן&גריס גלידה טופי ק,יחידה,420.00,יחידה,false,,19.90,0.0474,true,1,97371
72986455,false,"ניו יורק סופר גלידת שוקולד, חתיכות פאדג' ואגוזים",מוצרי איכות אמריקאיי,IL,בן&גריס גלידה פיינטי,,420.00,,false,,19.90,0.0474,true,1,97372
72986479,false,"צ'אנקי מנקי גלידת וניל, בננות, חתיכות פאדג' ואגוזים",מוצרי איכות אמריקאיי,IL,בן&גריס גלידה צאנקי,,420.00,,false,,19.90,0.0474,true,1,97373
72989425,false,"גלידת בן & ג'ריס פיינטים שוקולד בראוניז 500מ""ל",מוצרי איכות אמריקאיי,IL,בן&גריס גלידה פיינטי,יחידה,500.00,יחידה,false,,19.90,0.0398,true,1,97374
72991886,false,"גלידת דולצ'ה בטעם ריבת חלב עם פאדג' בן וג'ירי 500 מ""ל",מוצרי איכות אמריקאיי,IL,בן&גריס גלידה ריבת ח,,750.00,100 גרם,false,,19.90,0.0265,true,1,97375
72993637,false,מעדן חלב בטעם שוקולד 125 ג' דני,מחלבת אחיהוד,IL,דני מהדרין שוקו בודד,,125.00,100 גרם,false,,2.70,0.0216,true,1,109889
80042563,false,רסק עגבניות 700 ג' (צהוב) MUTTI,"איי, בי, אינבוו",IT,רסק עגבניות 700גר (צ,,700.00,,false,,13.90,0.0199,true,1,159581
80050025,false,סוכריות תפוז 16 ג' טיק טק,קריות זול,ZA,טיק טק תפוז 16גר,,16.00,,false,,3.90,0.2437,true,1,107659
80136194,false,חטיפי הפי היפו Happy Hippo במילוי קרם חלבי ואגוזי לוז,קינדר Kinder,DE,הפי היפו אגוזי לוז 5,יחידה,0.00,יחידה,false,,14.90,0.0000,true,1,166038
80177609,false,אצבעות שוקולד קינדר Kinder ארבע יחידות,קריות זול,IT,קינדר אצבעות שוקולד,,50.00,100 גרם,false,,4.90,0.0980,true,1,107670
80177616,false,אצבעות שוקולד קינדר Kinder שמונה יחידות,קריות זול,IT,קינדר אצבעות שוקולד,,100.00,100 גרם,false,,8.90,0.0890,true,1,107671
80310891,false,ביצת הפתעה קינדר ג'וי כתום,קריות זול,ZA,קינדר ג'וי 20 גרם,,20.00,100 גרם,false,,6.50,0.3250,true,1,194960
80773429,false,מסטיק מנטוס פיור פרש בבקבוק בינוני בטעם תות 60 ג',פרפטי ואן מלה הולנד,TR,מסטיק מנטוס פיור פרש,,60.00,,false,,9.90,0.1650,true,1,166639
80773443,false,מסטיק מנטוס בבקבוק מעוגל בטעם מנטה מעודנת 60 ג',פרפטי ואן מלה הולנד,TR,מסטיק מנטוס בקבוק מע,,60.00,,false,,9.90,0.1650,true,1,164332
80790990,false,מסטיק מנטוס בבקבוק מעוגל בטעם פירות -מנטה 60 ג',פרפטי ואן מלה הולנד,TR,מסטיק מנטוס בקבוק מע,,60.00,,false,,9.90,0.1650,true,1,164333
80843184,false,מנטוס מסטיק פיור פרש בטעם ענבים 60גר,פרפטי ואן מלה הולנד,TR,מסטיק מנטוס פיור פרש,,60.00,100 גרם,false,,9.90,0.1650,true,1,191190
80896081,false,מסטיק מנטוס פיור פרש בבקבוק בינוני בטעם אבטיח 60 ג',פרפטי ואן מלה הולנד,TR,מנטוס מסטיק פיור פרש,,60.00,,false,,9.90,0.1650,true,1,166640
80913467,false,מסטיק מנטו בבקבוק מעוגל בטעם מנטה 60 ג',פרפטי ואן מלה הולנד,TR,מסטיק מנטוס בבקבוק מ,,60.00,100 גרם,false,,9.90,0.1650,true,1,164334
80936459,false,שלישיית ביצי שוקולד,,,שלישיית ביצי שוקולד,,60.00,,false,,9.90,0.1650,true,1,192231
80979128,false,מסטיק מנטוס פיור בטעם דובדבן 60 ג',פרפטי ואן מלה הולנד,TR,מסטיק מנטוס פיור פרש,,60.00,100 גרם,false,,9.90,0.1650,true,1,191189
80995128,false,מנטוס - מסטיק בטעם הדרים בתוספת ויטמינים 60 גרם,פרפטי ואן מלה הולנד,TR,מנטוס מסטיק בטעם הדר,,60.00,100 גרם,false,,9.90,0.1650,true,1,195126
87108712,false,מארז סוכריות מנטוס Mentos פירות,פרפטי ואן מלה ברדה,NL,סוכריות מנטוס רביעיי,,37.50,,false,,12.90,0.3440,true,1,107683
90087974,false,"חומץ תפוחים 5% 750 מ""ל",ראוך פרוכטסאפה,,חומץ תפוחים 5% 750מל,,750.00,100 גרם,false,,13.90,0.0185,true,1,163011
11210000094,false,"רוטב ""טבסקו"" על בסיס פלפל אדום 60 מ""ל",מקאילהייני אייבורי,US,טבסקו אדום 60מל,,60.00,100 גרם,false,,10.90,0.1817,true,1,97649
16000185517,false,דגני בוקר פייבר וואן עתירי סובין FIBRE1,בטר אנד דיפרנט,US,*מבצע* דגני פייבר וו,,555.00,100 גרם,false,,19.90,0.0359,true,1,193168
16000423534,false,ניטשר ואלי חטיף שיבולת שועל שוקולד מריר קראנצי 210ג',ג'נרל מילס סאן אדריא,ES,ניטשר וואלי חטיף שיב,,210.00,,false,,21.90,0.1043,true,1,119806
16000548404,false,ניטשר ואלי חטיף קראנצי גרנולה שיבולת שועל 210 ג',ג'נרל מילס סאן אדריא,ES,ניטשר וואלי חטיף קרא,,210.00,100 גרם,false,,21.90,0.1043,true,1,107701
16000548602,false,נייטשר וואלי חטיף קראנצ'י קינמון 210ג',ג'נרל מילס סאן אדריא,ES,ניטשר וואלי חטיף קרא,,210.00,100 גרם,false,,21.90,0.1043,true,1,107703
18000703494,false,תערובת עוגת וניל פיסברי 500 גר',הדקלאים אגודת שיתופי,IL,תערובת עוגת וניל 500,,500.00,,false,,19.50,0.0390,true,1,107708
22200956949,false,דאודורנט ג'ל לגבר Cool Fusion 24h,קולגייט פלמוליב,BY,ספיד סטיק 24/7 ג'ל כ,,85.00,100 גרם,false,,19.90,0.2341,true,1,172242
29424000687,false,גלילי ופל מנעמים אגוז 100גר,,,גלילי וופל אגוז מנעמ,,100.00,,false,,5.90,0.0590,true,1,114753
29424000854,false,גלילי וופל מנעמים שו,,,גלילי וופל מנעמים שו,,100.00,100 גרם,false,,5.90,0.0590,true,1,114754
31200001597,false,גרגירי חמוציות ממותקים ומיובשים,אושן ספריי,,חמוציות אושן ספריי 1,,170.00,,false,,13.50,0.0794,true,1,172722
34000470563,false,ריסז מיניס פאוצ'215גרם,,,ריסז מיניס פאוצ 215ג,,215.00,100 גרם,false,,19.90,0.0926,true,1,194209
34000544431,false,טוויזלרס ממתק בטעם דובדבן 172 ג',הרשי שוקולד,US,ממתק טוויזלרס בטעם ד,,172.00,100 גרם,false,,8.90,0.0517,true,1,194208
36000258295,false,ממחטות קלינקס לושן 7,KC USA,,קלינקס לושן 75יח,,75.00,,false,,10.90,0.1453,true,1,127115
37600207188,false,חמאת בוטנים סקיפי קלאסי 462 גר',חברת המזון אלגוד,US,חמאת בוטנים קלאסי סק,,462.00,,false,,24.90,0.0539,true,1,133979
38000138638,false,חטיף צ'יפס בטעם פיצה,פרינגלס מנופקצורינג,US,פרינגלס פיצה 158גר,,158.00,100 גרם,false,,10.90,0.0690,true,1,163056
38000197840,false,פרינגלס גלי בטעם חריף מתוק 137 ג',פרינגלס מניופקצ'ורינ,US,פרינגלס גלי בטעם חרי,,137.00,,false,,10.90,0.0796,true,1,188832
38000202278,false,חטיף צ'יפס גלי בטעם אורגינל מלוח,פרינגלס מניופקצ'ורינ,US,פרינגלס גלי בטעם אור,,130.00,,false,,10.90,0.0838,true,1,188840
38000232152,false,פרינגלס ברביקיו 158 גרם – חדש,פרינגלס מניופקצ'ורינ,US,פרינגלס ביג ברביקיו,,158.00,,false,,10.90,0.0690,true,1,185414
38000232176,false,חטיף צ'יפס שמנת חמוצה ובצל,פרינגלס מניופקצ'ורינ,US,פרינגלס ביג שמנת ובצ,,149.00,,false,,10.90,0.0732,true,1,185413
38000232183,false,פרינגלס אורגינל 149 גרם,פרינגלס מניופקצ'ורינ,US,פרינגלס ביג אורגינל,,149.00,,false,,10.90,0.0732,true,1,185412
38527591053,false,קוואקר מרובעים קינמון דגני בוקר 412 גרם,BEVERAGES FOODS & SE,US,דגני בוקר קוואקר מרו,,412.00,,false,,24.70,0.0600,true,1,126531
38527591060,false,דגני קוואקר מרובעים Quaker Squares עם סוכר חום,BEVERAGES FOODS & SE,US,דגני בוקר קוואקר מרו,,412.00,,false,,24.70,0.0600,true,1,123951
40000513568,false,סוכריות אם אנד אמס M&M שוקולד חלב,M&M אם אנד אם,US,אמ&אמס אריזה גדולה ש,,156.00,100 גרם,false,,11.90,0.0763,true,1,174953
40000514480,false,M&M אריזה קטנה's שוקולד אריזה קטנה 48 גרם,M&M אם אנד אם,,אמ&אמס עדשי שוקולד 4,,48.00,,false,,4.90,0.1021,true,1,160586
40000514510,false,M&M אריזה קטנה's בוטנים אריזה קטנה 49 גרם,M&M אם אנד אם,,אמ&אמס עדשי שוקולד ב,,49.00,,false,,4.90,0.1000,true,1,160001
41500000299,false,חרדל דבש דיג'ון 340 גרם,,,חרדל דבש דיז'ון פרנצ,,340.00,,false,,19.90,0.0585,true,1,193952
41500000428,false,חרדל חום חריף פרנציס,,,חרדל חום חריף פרנציס,,340.00,,false,,19.90,0.0585,true,1,193951
46214382259,false,עוגיות בראוניס שוקולד 225 ג',בנקטבקריי מרבה בי.וי,NL,עוגיות בראוניס שוקול,,200.00,100 גרם,false,,11.90,0.0595,true,1,100462
46214731552,false,עוגיות שוקולד ציפס מובחרות 225 ג',קריניציה ויטמינה אס,NL,עוגיות שוקולד ציפס ע,,225.00,100 גרם,false,,11.90,0.0529,true,1,100463
50000100347,false,"פריסקיז - מעדני החתול מועשר בחלב 1.40 ק""ג",נסטלה פורינה USA מק,US,פריסקיז מעדני החתול,קילוגרמים,1.40,"ק""ג",false,,39.90,28.5000,true,1,142184
50000168583,false,"פריסקיז אקסטרא קראנץ 1.43 ק""ג",פורינה,US,פריסקיז אקסטרא קראנץ,,1430.00,,false,,39.90,0.0279,true,1,190335
54881000048,false,תה שחור מבחר פרי הדר,תה אחמד Ahmad tea,,תה אנגלי במבחר פרי ה,יחידה,0.00,יחידה,false,,9.90,0.0000,true,1,169076
54881000055,false,תה מיקס פירות יער והיביסקוס,תה אחמד Ahmad tea,,תה אנגלי שחור מחר פי,יחידה,0.00,יחידה,false,,9.90,0.0000,true,1,169077
54881000062,false,תה שחור לימונית וקמומי 20 שקיות AHMAD TEA,תה אחמד Ahmad tea,,תה אנגלי שחור לימוני,יחידה,0.00,יחידה,false,,9.90,0.0000,true,1,169078
54881000109,false,תה דומדמניות שחורות,תה אחמד Ahmad tea,,תה אנגלי עם ענבי שוע,יחידה,0.00,יחידה,false,,9.90,0.0000,true,1,169079
54881000208,false,תה שחור לימון ןגינגר,תה אחמד Ahmad tea,,תה אנגלי שחור לימון,יחידה,0.00,יחידה,false,,9.90,0.0000,true,1,169080
54881003971,false,תה אנגלי ירוק מבחר 2,תה אחמד Ahmad tea,,תה אנגלי ירוק מבחר 2,יחידה,0.00,יחידה,false,,9.90,0.0000,true,1,169086
54881003995,false,תה שחור 4 סוגי פירות,תה אחמד Ahmad tea,,תה פירות אנגלי 20שק,יחידה,0.00,יחידה,false,,9.90,0.0000,true,1,169073
54881004787,false,תה אהמאד ירוק 100יח',Sunshine tea (pvt) l,,תה ירוק אחמד 100יח,יחידה,0.00,יחידה,false,,15.90,0.0000,true,1,163013
54881005654,false,תה ירוק יסמין 20 שקיות AHMAD TEA,תה אחמד Ahmad tea,,תה אנגלי ירוק יסמין,יחידה,0.00,יחידה,false,,9.90,0.0000,true,1,169087
54881006941,false,תה שחור תפוח 20 שקיות AHMAD TEA,גיבונג אינדסקיאלס,,תה אנגלי שחור תפוח 2,יחידה,0.00,יחידה,false,,9.90,0.0000,true,1,169074
54881006972,false,תה שחור לימון וליים 20 שקיות AHMAD TEA,תה אחמד Ahmad tea,,תה אנגלי שחור לימון,יחידה,0.00,יחידה,false,,9.90,0.0000,true,1,169082
54881006996,false,תה שחור בטעם אפרסק ופסיפלורה,תה אחמד Ahmad tea,,תה אנגלי אפרסק ופסיפ,יחידה,0.00,יחידה,false,,9.90,0.0000,true,1,169083
54881007115,false,תה אנגלי שחור וניל 2,תה אחמד Ahmad tea,,תה אנגלי שחור וניל 2,יחידה,0.00,יחידה,false,,9.90,0.0000,true,1,169084
54881007511,false,תה ירוק בטעם מנטה 20 שקיות AHMAD TEA,תה אחמד Ahmad tea,,תה אנגלי ירוק בטעם מ,יחידה,0.00,יחידה,false,,9.90,0.0000,true,1,169088
54881007535,false,תה ירוק בטעם לימון 20 שקיות AHMAD TEA,תה אחמד Ahmad tea,,תה אנגלי ירוק בטעם ל,יחידה,0.00,יחידה,false,,9.90,0.0000,true,1,169089
54881008167,false,תה אינגליש ברקפסט 100 שקיות AHMAD TEA,תה אחמד Ahmad tea,,תה אינגליש ברק אחמד,,200.00,,false,,15.90,0.0795,true,1,162344
54881008174,false,תה ארל גריי 100 שקיות AHMAD TEA,תה אחמד Ahmad tea,,תה ארל גריי אחמד 100,יחידה,0.00,יחידה,false,,15.90,0.0000,true,1,141555
54881008181,false,תה אינגליש 100 שקיות AHMAD TEA,תה אחמד Ahmad tea,,תה אינגליש אחמד 100י,,0.00,,false,,15.90,0.0000,true,1,162345
54881008945,false,תה ירוק 20 שקיות AHMAD TEA,תה אחמד Ahmad tea,,תה אנגלי ירוק 20שק,יחידה,0.00,יחידה,false,,9.90,0.0000,true,1,169090
54881009522,false,תה אנגלי שחור פטל 20,תה אחמד Ahmad tea,,תה אנגלי שחור פטל 20,יחידה,0.00,יחידה,false,,9.90,0.0000,true,1,169085
54881012423,false,תה ירוק בטעם פטל ורימונים,תה אחמד Ahmad tea,,תה אנגלי ירוק בטעם פ,יחידה,0.00,יחידה,false,,9.90,0.0000,true,1,169091
73490130359,false,אפיפית קרם קרקר 250 ג,אפיפית נצרת,IL,קרם קרקר 250גר,,250.00,,false,,6.90,0.0276,true,1,114428
73490130946,false,ביסקוויט פתיבר 500 ג,אפיפית נצרת,IL,פתי בר וניל 500 גרם,,500.00,,false,,8.90,0.0178,true,1,114429
76840002542,false,"גלידת בן & ג'ריס פיינט נטפליקס וצ'ילד 500מ""ל",מוצרי איכות אמריקאים,IL,בן&גריס גלידה פיינט,יחידה,0.00,יחידה,false,,19.90,0.0000,true,1,186664
76840400218,false,"גלידה בן&ג'ריס תות שדה ועוגת גבינה 500מ""ל",מוצרי איכות אמריקאיי,IL,בן&גריס גלידה עוגת ג,יחידה,473.00,יחידה,false,,19.90,0.0421,true,1,132337
77245110610,false,סוכריות מאסט ללא סוכר בטעם מנטה 80 ג'עלית,MIESZKO S.A - MS. JO,IL,מאסט סוכריות ללא סוכ,,80.00,100 גרם,false,,8.90,0.1113,true,1,109899
77343000233,false,נרות חימום אורה 50,קריות זול,IL,להבונים 50יח,יחידה,0.00,יחידה,false,,9.90,0.0000,true,1,96709
77975094631,false,סנדביץ בייגלה במילוי קרם בטעם צ'דר 226 גרם סניידרס,סניידרס Snyder's,,בייגלה סניידרס גבינה,,266.00,,false,,16.90,0.0635,true,1,188356
77975094761,false,שברי בייגלה בטעם צ'דר 340 גרם סניידרס,סניידרס Snyder's,US,שברי בייגל בטעם גבינ,,340.00,100 גרם,false,,16.90,0.0497,true,1,190110
77975094778,false,סניידרס שברי בייגל בטעם דבש וחרדל 340 גר,סניידרס Snyder's,US,סניידרס בטעם דבש חרד,,340.00,100 גרם,false,,16.90,0.0497,true,1,190595
80518532743,false,שקית בלון 50 בלונים,NORTHERN,,בלוני גומי רמה 3,יחידה,0.00,יחידה,false,,11.90,0.0000,true,1,105281
645173911038,false,קורנישון מלפפוןן מיני 720 גרם - תומר,קלמן אינדיה,,קורנישון מיני 720גר,,720.00,100 גרם,false,,11.90,0.0165,true,1,97831
651080161510,false,"פלאקרס ""פלוסר ""חוט דנטלי משופר 35יח'-חדש",מיוצר עי קונדיטוריית,CN,"פלקסר ""פלוסר"" חוט דנ",יחידה,0.00,יחידה,false,,10.90,0.0000,true,1,191256
651080647519,false,"פלאקרס ""פלוסר ""חוט דנטלי ירוק -מנטה",המאפיה של הרמן,US,"פלאקרס ""פלוסר"" חוט ד",יחידה,0.00,יחידה,false,,10.90,0.0000,true,1,191257
693493084949,false,שמן קנולה מזוכך oro 1ליטר.,קובנסקי אלווטו,RU,שמן קנולה מזוכך 1 לי,,1000.00,100 גרם,false,,10.90,0.0109,true,1,192897
693493184618,false,"שמן חמניות מזוכך 850 מ""ל אור",,,שמן חמניות מזוכך 850,,850.00,100 גרם,false,,10.90,0.0128,true,1,195794
773430021456,false,חנוכית פח לילדים,,,חנוכית פח לילדים,יחידה,0.00,יחידה,false,,4.90,0.0000,true,1,168975
835811005728,false,עלים לקרמשניט 400 גר`,רונית מאפים בעמ,IL,עלים לקרמשניט 2*200ג,,300.00,,false,,19.90,0.0663,true,1,131437
884912377142,false,דגני בוקר האני באנצס וניל 340 ג' POST,פוסט לקיוויל,US,דגני פוסט האני בנצ'ס,,340.00,100 גרם,false,,23.90,0.0703,true,1,193931
887930413397,false,סוללות קודאק זוג AAA,,,סוללות קודאק זוג AAA,יחידה,0.00,יחידה,false,,5.90,0.0000,true,1,193178
887930415018,false,סוללות קודאק אקסטרא,,,סוללות קודאק אקסטרא,יחידה,0.00,יחידה,false,,19.90,0.0000,true,1,165960
887930415025,false,סוללות קודאק אקסטרא,,,סוללות קודאק אקסטרא,יחידה,0.00,יחידה,false,,19.90,0.0000,true,1,165961
887930952001,false,סוללה AAA קודאק 4+2,,,סוללה AAA קודאק 4+2,יחידה,0.00,יחידה,false,,14.90,0.0000,true,1,195005
887930952025,false,סוללות קודאק AA4 אצב,,,סוללות קודאק AA4 אצב,יחידה,0.00,יחידה,false,,7.90,0.0000,true,1,165950
3059940007768,false,"אירוויק ספריי בניחוח וניל ואורכידאה 240 מ""ל",איירוויק Air Wick,GB,איירוויק ספריי וניל,,240.00,,false,,9.90,0.0413,true,1,119681
3059943016569,false,"אירוויק ספריי בניחוח פריסיה ויסמין 240 מ""ל",איירוויק Air Wick,GB,איירוויק ספריי פריסי,,240.00,,false,,9.90,0.0413,true,1,153372
3141360054405,false,פיניש מפיץ ריח למדיח בניחוח לימון וליים,הדקלאים אגודת שיתופי,PL,פיניש דאו ריח לימון,יחידה,0.00,יחידה,false,,21.90,0.0000,true,1,160768
3387390320244,false,פיטנס Fitness דגנים מלאים עם פירות,נסטלה צרפת איטנקורט,FR,פיטנס פירות 375גר,,375.00,,false,,23.90,0.0637,true,1,98690
3387390525960,false,קראנץ' Crunch דגנים פריכים עם שוקולד,הנסיך- מפעל לייצור ט,FR,דגני קראנץ' נסטלה 50,,500.00,100 גרם,false,,26.90,0.0538,true,1,98695
3387390730852,false,פיטנס Fitness קלאסי דגנים מלאים ואורז,נסטלה צרפת איטנקורט,FR,פיטנס דגנים מחיטה מל,,375.00,100 גרם,false,,23.90,0.0637,true,1,98697
3523230025638,false,גבינת עיזים מיני בוש,אוריאל,FR,גבינת עיזים מיני בוש,,125.00,100 גרם,false,,24.90,0.1992,true,1,196027
3574660389128,false,"שטיפת ליסטרין 500 מ""ל קוול מנת",,,ליסטרין מי פה קול מי,,500.00,,false,,19.90,0.0398,true,1,195046
3574660389142,false,"ליסטרין מי פה ירוק פרש בורסט 500 מ""ל",,,ליסטרין מי פה פרש יר,,500.00,,false,,19.90,0.0398,true,1,195047
3574661487328,false,קרפרי מגני תחתון אורגינל פלוס 56 יח',הדקלאים אגודת שיתופי,IT,קרפרי תחתוניות רגיל,יחידה,0.00,יחידה,false,,14.90,0.0000,true,1,179538
3574661487335,false,קרפרי מגן תחתון מקסי לונג ריח'ני 40 יח',קרפרי Carefree,,קרפרי תחתוניות לונג,יחידה,0.00,יחידה,false,,14.90,0.0000,true,1,179541
3574661487618,false,קרפרי מגן תחתון מקסי לארג'' מבושם 48 יח'',ג'ויה מעבדות לקוסמטי,IT,קרפרי תחתוניות מקסי,יחידה,0.00,יחידה,false,,14.90,0.0000,true,1,179539
3574661487625,false,מגני תחתון פלוס לארג' בניחוח עדין L,הדקלאים אגודת שיתופי,IT,קרפרי תחתוניות מקסי,יחידה,0.00,יחידה,false,,14.90,0.0000,true,1,179540
3574661552576,false,קרפרי מגן תחתון רגיל טנגה לבן 56 יח חדש,הדקלאים אגודת שיתופי,GR,קרפרי מגן תחתון רגיל,,56.00,,false,,14.90,0.2661,true,1,186779
3574661554877,false,מגן תחתון אוורירי מבושם,הנסיך- מפעל לייצור ט,GR,קרפרי מגן תחתון אוור,,56.00,,false,,14.90,0.2661,true,1,186781
3800020403631,false,חטיף שוקולד צאנקי חמאת בוטנים 42ג' קיט קט,נסטלה בולגריה A.D.,BG,קיט קט צ'אנקי חמאת ב,,42.00,100 גרם,false,,4.90,0.1167,true,1,129785
3800020423578,false,חטיף שוקולד חלב צאנקי 40 ג' קיט קט,נסטלה Nestle,BG,קיט קאט צאנקי 40 גרם,,40.00,,false,,4.90,0.1225,true,1,113291
3800020472569,false,קיט קט צ'אנקי קרמל 43.5ג,,,קיט קט צ'אנקי קרמל 4,,43.50,,false,,4.90,0.1126,true,1,194929
3800020472712,false,חטיף קיט קאט צאנקי פופקורן 42 ג',Unknown,,קיטקט צ'אנקי פופקורן,,42.00,,false,,4.90,0.1167,true,1,191398
4000415039707,false,שוקולד אוריו בלאק הנ,,,שוגטן עוגיות וניל 10,יחידה,0.00,יחידה,false,,6.90,0.0000,true,1,189375
4000415040109,false,שוקולד שוגטן קרמל 10,,,שוגטן בראוניז 100 ג,,100.00,,false,,6.90,0.0690,true,1,176177
4000415143800,false,שוקולד שוגטן טרילוגי,,,שוגטן טרילוגיה 100 ג,,100.00,,false,,6.90,0.0690,true,1,176963
4000415730109,false,שוקולד שוגטן מריר אג,,,שוגטן מריר אגוזים קצ,,100.00,,false,,6.90,0.0690,true,1,193256
4000415749606,false,שוקולד שוגטן יום הול,,,שוגטן יום הולדת 100ג,,100.00,,false,,6.90,0.0690,true,1,193888
4000417025005,false,שוקולד ריטר ספורט מרציפן 100 גרם חלב נוכרי,ריטר ספורט Ritter sport,DE,שוקולד ריטר ספורט מר,,100.00,,false,,8.90,0.0890,true,1,107747
4000417026002,false,שוקולד ריטר ספורט פרלין 100 גרם חלב נוכרי,ריטר ספורט Ritter sport,DE,שוקולד ריטר ספורט פר,,100.00,,false,,8.90,0.0890,true,1,107748
4000417211002,false,שוקולד ריטר ספורט מוס קרמל 100 גרם חלב נוכרי,ריטר ספורט Ritter sport,DE,שוקולד ריטר ספורט מו,,100.00,,false,,8.90,0.0890,true,1,172736
4000417298003,false,שוקולד ריטר ספורט קוקוס 100 גרם חלב נוכרי,ריטר ספורט Ritter sport,DE,שוקולד ריטר ספורט קו,,100.00,,false,,8.90,0.0890,true,1,131068
4000607854705,false,שוקולד שוגטן יוגורט,קריות זול,,שוגטן תות 100גר,,100.00,100 גרם,false,,6.90,0.0690,true,1,176976
4002631025069,false,בירה גרמנית קוניגסבכר Konigsbacher,קרלסברג יבוא יצוא,DE,בירה קוניגסבכר פחית,,500.00,100 גרם,false,,5.90,0.0118,true,1,165371
4003754081000,false,חטיף מרציפן קארסטנס,Erasmi & Carstens Gm,DE,מרציפן 100גר,,100.00,,false,,8.90,0.0890,true,1,138406
4003754092006,false,סרגל מרציפן מצופה 12,,,סרגל מרציפן מצופה 12,,125.00,,false,,11.90,0.0952,true,1,172981
4004715020755,false,קישוטי עוגה פרינס אנד פרינסס 75 ג',היינץ צפון אמריקה מק,DE,פרינס אנד פרינסס קיש,,75.00,100 גרם,false,,14.90,0.1987,true,1,121639
4005808890576,false,ניוואה סופט שפופרת 75מל,ניוואה Nivea,DE,ניוואה קרם ידיים שפו,יחידה,0.00,יחידה,false,,11.90,0.0000,true,1,186824
4005900138842,false,"ניוואה - תחליב רחצה סמוט 750 מ""ל",NIVEA,DE,ניוואה תחליב רחצה סמ,,750.00,,false,,14.90,0.0199,true,1,191096
4005900555915,false,"ניוואה - תחליב רחצה קוקוס וחוחובה 750 מ""ל",ביירסדורף AG,DE,ניוואה תחליב רחצה קו,,750.00,,false,,14.90,0.0199,true,1,186931
4005900648181,false,"ניוואה - תחליב רחצה אלוורה 750 מ""ל",ביירסדורף AG,DE,ניוואה תחליב רחצה אל,,750.00,,false,,14.90,0.0199,true,1,191095
4005900833723,false,"ניוואה - פאוור פרש ג'ל רחצה לגבר 500 מ""ל",,,ניוואה ג'ל רחצה לגב,,500.00,100 גרם,false,,14.90,0.0298,true,1,191695
4008287058161,false,בירה קרומבאכר פילס 4.8% שישיה 6 * 330 מל,מנדלז סי.אר. פרודקשן,DE,שישיית בירת קרומבכר,,1980.00,100 גרם,false,,29.90,0.0151,true,1,191109
4009300522935,false,תה פומפדור תה ירוק לימונית ולואיזה 20 יח',"איטיליאן פוד, אס.פי.",DE,פומפדור תה ירוק לימו,,30.00,,false,,17.90,0.5967,true,1,134379
4009300524588,false,תה פומפדור חליטת צמחים פירות יער 20 יח',פומפדור Pompadour,DE,פומפדור חליטת תה פיר,,60.00,,false,,14.90,0.2483,true,1,104826
4009900379564,false,מסטיק הובה בובה Hubba Bubba טייפ בטעם פירות,הובה בובה Hubba Bubba,GB,הובה בובה פירות טייפ,,56.00,,false,,7.50,0.1339,true,1,104428
4009900385824,false,מסטיק אורביט פפרמינט סטיקס משפחתי-חמישיות,אורביט Orbit,,אורביט סטיקס בטעם פפ,יחידה,0.00,יחידה,false,,9.90,0.0000,true,1,131651
4009900402965,false,מסטיק אורביט וויט בטעם פירות ללא סוכר,ריגלי פולין,PL,אורביט ווייט בקבוקון,,65.00,,false,,10.90,0.1677,true,1,129422
4009900403023,false,מסטיק אורביט בקבוקון דאבל white קלאסי 64ג',"ב.א מזון בע""מ",PL,אורביט ווייט בקבוקון,,64.00,100 גרם,false,,10.90,0.1703,true,1,129423
4009900406918,false,מסטיק הובה בובה טייפ טריפל מיקס 56ג',הובה בובה Hubba Bubba,GB,הובה בובה טריפל מיקס,,56.00,100 גרם,false,,7.50,0.1339,true,1,104436
4009900420129,false,מסטיק אורביט פרופשנל פפרמינט בקבוקון 64 גר',מרס נדרלנד,PL,אורביט פרופשיונל פפר,,64.00,,false,,10.90,0.1703,true,1,169777
4009900479998,false,מסטיק אורביט בטעם אוכמניות ללא סוכר,ריגלי פולין,PL,אורביט אוכמניות בקבו,יחידה,0.00,יחידה,false,,10.90,0.0000,true,1,134862
4009900482417,false,מסטיק אורביט פירות מנטה בקבוקון באבל מינט 45יח,ריגלי פולין,PL,אורביט באבל מינט בקב,יחידה,0.00,יחידה,false,,10.90,0.0000,true,1,130271
4009900531122,false,"מסטיק בטעם מנטה ספירמינט, 64 ג' פרופשיונל אורפיט",מרס נדרלנד,PL,אורביט פרופשיונל פפר,,64.00,,false,,10.90,0.1703,true,1,169778
4009900536486,false,מסטיק אורביט רפרשרס באבלמינט בקבוקון ללא סוכר 67 גר',מרס ריגלי קונפקשונרי,PL,אורביט רפרשרס באבלמי,,67.00,100 גרם,false,,11.90,0.1776,true,1,190342
4009900539685,false,"מסטיק פייב באונס בטעם מנטה בקבוקון, 61.8 גרם",ריגלי בעמ רוסיה,PL,מסטיק פייב באונס בטע,,61.80,100 גרם,false,,11.90,0.1926,true,1,194865
4009900539746,false,"מסטיק פייב באונס בטעם אבטיח בקבוקון, 61.8 גרם",ריגלי בעמ רוסיה,PL,מסטיק פייב באונס בטע,,61.80,100 גרם,false,,11.90,0.1926,true,1,194867
4009900540551,false,מסטיק אורביט רפרשרס טרופיקל בקבוקון ללא סוכר,מרס פולין,PL,אורביט רפרשרס טרופיק,,67.00,,false,,11.90,0.1776,true,1,193342
4011800528416,false,חטיף דגנים עם בוטנים מתוק מלוח,קורני Corny,,קורני בייס סויט&סול,,150.00,,false,,12.90,0.0860,true,1,188913
4011800568610,false,חטיף קורני מילק Corny milk קלאסי,שוורטאוור וורקה,DE,קורני סנדביץ במילוי,,120.00,,false,,12.90,0.1075,true,1,133485
4011800577810,false,קורני חטיף דגנים פרי,Schwartauer,,קורני חטיף דגנים פרי,,150.00,100 גרם,false,,12.90,0.0860,true,1,192211
4011800628512,false,חטיף דגנים עם שוקולד חלב,מיוצר עי קונדיטוריית,DE,קורני חטיף דגנים עם,,150.00,,false,,12.90,0.0860,true,1,132694
4011800629519,false,חטיף דגנים עם אגוזי לוז,קורני Corny,DE,קורני חטיף דגנים עם,,150.00,100 גרם,false,,12.90,0.0860,true,1,132695
4011800630515,false,חטיף דגנים עם שוקולד חלב ובננה,מיוצר עי קונדיטוריית,DE,קורני חטיף דגנים עם,,150.00,100 גרם,false,,12.90,0.0860,true,1,132696
4011800632519,false,חטיף דגנים עם שוקולד חלב וקוקוס,מיוצר עי קונדיטוריית,DE,קורני חטיף דגנים עם,,150.00,,false,,12.90,0.0860,true,1,132698
4011800633516,false,חטיף דגנים עם שוקולד מריר מעולה,שוורטאוור וורקה,DE,קורני חטיף דגנים עם,,150.00,,false,,12.90,0.0860,true,1,132699
4011800637514,false,חטיף קורני Corny Free עם שוקולד לבן ללא תוספת סוכר,קורני Corny,DE,קורני פרי חטיף דגנים,,120.00,,false,,12.90,0.1075,true,1,132702
4014400901191,false,בונבונירה מרסי קלאסי 250 גרם חלב נוכרי,אוגוסט שטורק,DE,*מבצע* בונבונירה מרס,,250.00,,false,,22.90,0.0916,true,1,107772
4014400923711,false,טופיפי 125 גר' - חלב נוכרי,אוגוסט שטורק,DE,טופיפי 125גרם,,125.00,,false,,12.90,0.1032,true,1,162226
4015400731719,false,תחבושות היגייניות אולוויז יום ולילה Day & Night,פרוקטר אנד גמבל,UA,אולוויז תחבושות דואו,יחידה,0.00,יחידה,false,,19.90,0.0000,true,1,139751
4015400755241,false,תחבושות היגייניות אולוויז אולטרה נורמל - 28 יח',פרוקטר אנד גמבל,UA,אולוויז תחבושות דואו,יחידה,0.00,יחידה,false,,19.90,0.0000,true,1,139752
4015400755487,false,תחבושות היגייניות אולוויז אולטרה לונג - 24 יח',פרוקטר אנד גמבל,UA,אולוויז תחבושות דואו,יחידה,0.00,יחידה,false,,19.90,0.0000,true,1,139754
4017100198151,false,עוגיות היט Hit קקאו במילוי קרם וניל,הדקלאים אגודת שיתופי,PL,בלזן עוגיות סנדוויץ,,220.00,,false,,8.90,0.0405,true,1,135932
4017100364112,false,עוגיות היט Hit במילוי קרם בטעם שוקולד,הדקלאים אגודת שיתופי,PL,בלזן עוגיות סנדוויץ,,220.00,100 גרם,false,,8.90,0.0405,true,1,135688
4022025261002,false,יין בלו ווין גוורצטרמינר 750 מל,לנגוט טראבן,DE,בלו וויין גוורצטרמינ,,750.00,100 גרם,false,,54.90,0.0732,true,1,188432
4067700014849,false,ליקר ייגרייסטר 700 מ,מסט-יגרמייסטר,DE,ייגרמייסטר 700מל,,700.00,,false,,99.90,0.1427,true,1,160296
4084500149526,false,טייד נוזל כביסה 2.48 ליטר,פרוקטר אנד גמבל,FR,טייד גל כביסה 2.48לי,ליטרים,2.48,ליטר,false,,33.90,13.6694,true,1,133737
4084500853898,false,סבון כלים אלוורה ומלפפונים,פרוקטר אנד גמבל,GB,פיירי לכלים אלוורה ו,,515.00,,false,,10.90,0.0212,true,1,192403
4100130937163,false,מארז בירה בקס שישייה,"איי, בי, אינבוו",DE,בירה גרמנית בקס שישי,,1650.00,100 גרם,false,,29.90,0.0181,true,1,185698
4260147890551,false,איטריות ביצים רצועות,דין שיווק,PL,אטריות ביצים רצועות,,500.00,100 גרם,false,,9.90,0.0198,true,1,153794
4605561010305,false,פילה הרינג עם שמיר בשמן חתיכות 500גר RS,,,פילה הרינג עם שמיר ב,,500.00,100 גרם,false,,29.90,0.0598,true,1,190803
4605561010343,false,פילה הרינג בשמן חתיכות 500גר RS,,,פילה דג הרינג בשמן ח,,500.00,100 גרם,false,,29.90,0.0598,true,1,190801
4605561010350,false,חתיכות פילה הרינג בש,,,חתיכות פילה הרינג בש,,200.00,100 גרם,false,,11.90,0.0595,true,1,188511
4605561011975,false,חתיכות פילה הרינג בשמן 150 גר RS,,,חתיכות פילה הרינג בש,,150.00,100 גרם,false,,8.90,0.0593,true,1,188512
4605561012613,false,פילה הרינג (קצוץ) בשמן 400 גר RS,,,פילה הרינג (קצוץ) בש,,400.00,100 גרם,false,,18.90,0.0472,true,1,188515
4605561013009,false,פילה הרינג בשמן 400 גר RS,,,פילה הרינג בשמן 400,,400.00,100 גרם,false,,18.90,0.0472,true,1,188516
4606260008785,false,תערובת תיבול מלח עם פטרוזיליה 65 גרם ויטקס,,,תערובת תיבול מלח עם,,65.00,,false,,10.00,0.1538,true,1,180080
4607051158221,false,תה שחור ארל גריי 20,או א.או מאי קומפני,,תה שחור ארל גריי 20,יחידה,0.00,יחידה,false,,10.90,0.0000,true,1,180111
4607051158306,false,תה שחור איזבלה גראפ,או א.או מאי קומפני,,תה שחור איזבלה גראפ,יחידה,0.00,יחידה,false,,10.90,0.0000,true,1,180114
4607051158672,false,תה קורטיס ברייס 34 ג,או א.או מאי קומפני,,תה שחור 20 שקיקים,יחידה,0.00,יחידה,false,,10.90,0.0000,true,1,180116
4607054451718,false,גרעינים טמבובסקי וול,או.או.או אגרוסווז,,גרעינים שחורים 230 ג,,230.00,,false,,10.90,0.0474,true,1,180110
4607054451831,false,גרעינים טמבובסקי וול,או.או.או אגרוסווז,,גרעינים שחורים עם מל,,200.00,100 גרם,false,,10.90,0.0545,true,1,180112
4607054453651,false,בוטנים טמבובסקי וולק,,,בוטנים קלויים 250 גר,,250.00,,false,,14.90,0.0596,true,1,190853
4607132825004,false,חלבה חמניות טימושה 5,,,חלבה חמניות טימושה 5,,500.00,100 גרם,false,,14.90,0.0298,true,1,190851
4620015850351,false,תה ירוק אוגו קוקטייל,או א.או מאי קומפני,,תה ירוק אוגו קוקטייל,יחידה,0.00,יחידה,false,,10.90,0.0000,true,1,180118
4620015851860,false,תה שחור ריצארד רויאל,או א.או מאי קומפני,,תה שחור גריי ריצ'ארד,יחידה,0.00,יחידה,false,,10.90,0.0000,true,1,180120
4620015852553,false,תה שחור קורטיס אוכמנ,או א.או מאי קומפני,,תה שחור 20 שקיקים,יחידה,0.00,יחידה,false,,10.90,0.0000,true,1,180123
4620015852973,false,תה פירות ריצרד רואיל,או א.או מאי קומפני,,תה פירות ריצ'ארד ראד,יחידה,0.00,יחידה,false,,10.90,0.0000,true,1,180124
4710964170799,false,שומשום שחור קלוי 91 גרם,פלייבור פול פודס טיי,TH,שומשום שחור קלוי 91ג,,91.00,,false,,15.90,0.1747,true,1,121533
4770179106976,false,שוקולד פרגלה מריר עם,,,שוקולד פרגלה מריר עם,,93.00,100 גרם,false,,5.90,0.0634,true,1,168187
4770179125144,false,שוקולד פרגלה מריר עם,PERGALE,,שוקולד פרגלה מריר עם,,100.00,100 גרם,false,,5.90,0.0590,true,1,168193
4770237048088,false,גלידת שרבט בטעם יוגורט עם אוכמניות שחורות בגביע וופל אישי 82 גר' SVALIA,,,גלידה יוגורט אוכמניו,יחידה,0.00,יחידה,false,,5.90,0.0000,true,1,162323
4770237049290,false,גלידת שמנת בטעם וניל בציפוי צימקאו על מקל פלומביר 58 גר' SVALIA,,,אסקימו עגול פלומביר,יחידה,0.00,יחידה,false,,5.90,0.0000,true,1,162325
4770237049443,false,גלידת שמנת בטעם קרמל- קרם ברולה פלומביר בגביע וופל אישי 70 גר' SVALIA,Svalya,,פלומביר גלידה קרם בר,יחידה,0.00,יחידה,false,,5.90,0.0000,true,1,162327
4770237049450,false,גלידת שמנת בטעם וניל בגביע וופל אישי פלומביר 70 גר' SVALIA,Svalya,,פלומביר גלידה בכוס 7,יחידה,0.00,יחידה,false,,5.90,0.0000,true,1,162328
4770237050432,false,גלידת שמנת בטעם שוקולד פלומביר בגביע וופל אישי 70 גר' SVALIA,,,פלומביר גלידה שוקולד,יחידה,0.00,יחידה,false,,5.90,0.0000,true,1,162329
4770237052092,false,גלידת שמנת בטעם וניל בציפוי צימקאו בגביע וופל אישי 85 גר' SVALIA,,,"גלידה סליבוצ""נאיה בג",יחידה,0.00,יחידה,false,,5.90,0.0000,true,1,162332
4770237054423,false,גלידת ס שרבט מנגו עם אפרסק בגביע וופל אישי 85 גר' SVALIA,,,גלידה שרבט עם מנגו ו,יחידה,0.00,יחידה,false,,5.90,0.0000,true,1,162338
4770237055574,false,גלידת שמנת בטעם וניל בגביע וופל עם שקדים בציפוי צימקאו SVALYA גר 85,,,גלידה SVALYA סליבוצ',,85.00,,false,,5.90,0.0694,true,1,168578
4770237056748,false,גלידת שמנת משובחת בטעם וניל בציפוי בטעם מסטיק SVALIA גר 58,ז'יטומרסקי זאבוד,,אסקימו עגול פלומביר,,58.00,100 גרם,false,,5.90,0.1017,true,1,187044
4810168019051,false,חתיכות פילה דג הרינג מלוח מצונן עם תבלין 200ג',SANTA BREMOR,,חתיכות פילה דג הרינג,,200.00,100 גרם,false,,16.90,0.0845,true,1,169870
4810168052270,false,עלי בלינצ'ס מוקפאים 320 גר,,,עלי בלינצ'ס 320גר,,320.00,,false,,9.90,0.0309,true,1,191458
4810168062187,false,בלינצס במילוי תפוא ו,,,בלינצ'יס פרווה במילו,,420.00,,false,,15.90,0.0379,true,1,195806
4810168062217,false,בלינצס במילוי תפוע ו,,,בלינצ'יס פרווה במילו,,360.00,100 גרם,false,,15.90,0.0442,true,1,195810
4810322005944,false,שמן קנולה מזוכך 850מ,,,שמן קנולה מזוכך 850מ,,850.00,100 גרם,false,,10.90,0.0128,true,1,192206
4820015165213,false,גלידת שמנת משובחת בטעם וניל פלומביר מס 1 בין שכבות וופל 90 גר',ז'יטומרסקי זאבוד,,גלידה פלומביר בריקט,,90.00,100 גרם,false,,5.90,0.0656,true,1,179560
4823077602863,false,סוכריות טופי בטעם חל,רושן,UA,"סוכריות ג'לי רושן ""ק",,200.00,100 גרם,false,,7.90,0.0395,true,1,190771
4823077604379,false,סוכריות קשות במילוי,קייב קרמנציק,,סוכריות ריצ'קי 1קג,,1000.00,,false,,24.90,0.0249,true,1,175356
4823077612732,false,סוכריות קשות ממולאות,קייב קרמנציק,,סוכריות בים בום 200,,200.00,100 גרם,false,,7.90,0.0395,true,1,170436
4823077614699,false,ביסקוויט לקפה רושן ב,קייב קרמנציק,,ביסקוויט לקפה רושן ב,,185.00,100 גרם,false,,3.90,0.0211,true,1,194822
4823077621635,false,וופל רושן בטעם חלב 7,Unknown,,וופל רושן בטעם חלב 7,,72.00,100 גרם,false,,3.90,0.0542,true,1,191824
4823077621642,false,וופל רושן בטעם שוקול,Unknown,,וופל רושן בטעם שוקול,,72.00,100 גרם,false,,3.90,0.0542,true,1,191825
4823077621659,false,וופל רושן בטעם אגוז,Unknown,,וופל רושן בטעם אגוז,,72.00,,false,,3.90,0.0542,true,1,191826
4823077624247,false,סוכריות ג'לי מסוכרות בטעמי פירות,רושן Roshen,,סוכריות ג'לי בוני פר,,200.00,,false,,7.90,0.0395,true,1,169462
4823077625145,false,ממתקי שוקולד מריר עם דובדבן בליקר דובדבן,רושן Roshen,,בונבוניירה דובדבן+לי,,155.00,,false,,12.90,0.0832,true,1,170245
4823077625589,false,וופל רושן בטעם חלב 2,,,וופל רושן בטעם חלב 2,,216.00,100 גרם,false,,6.90,0.0319,true,1,190757
4823077625602,false,וופל רושן בטעם שוקול,,,וופל רושן בטעם שוקול,,216.00,,false,,6.90,0.0319,true,1,190758
4823077625626,false,וופל רושן בטעם אגוז,,,וופל רושן בטעם אגוז,,216.00,100 גרם,false,,6.90,0.0319,true,1,190759
4823077626203,false,שוקולד רושן אוורירי,רושן Roshen,,שוקולד רושן אוורירי,,80.00,100 גרם,false,,6.90,0.0863,true,1,179280
4823077626227,false,שוקולד רושן אוורירי,רושן Roshen,,שוקולד רושן אוורירי,,80.00,100 גרם,false,,6.90,0.0863,true,1,179281
4823077626241,false,שוקולד אורירי לבן קרמל,רושן Roshen,,שוקולד רושן אוורירי,,80.00,100 גרם,false,,6.90,0.0863,true,1,179282
4823077626364,false,שוקולד רושן אוורירי,רושן Roshen,,שוקולד רושן אוורירי,,80.00,,false,,6.90,0.0863,true,1,179283
4823077630422,false,קרקר סנדוויץ חלב וני,רושן,,סנדוויץ' קרקר חלב ונ,,235.00,,false,,9.90,0.0421,true,1,191309
4823077630439,false,סנדוויץ' קרקר שוקולד,רושן,,סנדוויץ' קרקר שוקולד,,235.00,,false,,9.90,0.0421,true,1,191310
4823077630637,false,סוכריות מקל רושן קול,,,סוכריות מקל רושן קול,,920.00,,false,,24.90,0.0271,true,1,190775
4823077630743,false,סוכריות מקל רושן קוק,,,סוכריות מקל רושן קוק,,800.00,,false,,24.90,0.0311,true,1,190779
4823077630996,false,קרקר סנדוויץ קקאו אג,רושן,,סנדוויץ' קרקר קקאו א,,235.00,100 גרם,false,,9.90,0.0421,true,1,191311
4823077631467,false,קרקר עם מלח ים רושן,רושן,,קרקר עם מלח ים רושן,,168.00,,false,,6.90,0.0411,true,1,191312
4823077631474,false,קרקר קלאסי רושן 168,רושן,,קרקר קלאסי רושן 168,,168.00,,false,,6.90,0.0411,true,1,191313
4823077632259,false,חטיף שוקולד חלב ובוטנים,רושן Roshen,,חטיף שוקולד רושן עם,,43.00,,false,,3.90,0.0907,true,1,190060
4823077632570,false,שוקולד רושן מריר 85,רושן,,שוקולד רושן מריר 85,,85.00,,false,,6.90,0.0812,true,1,191260
4823077633317,false,עוגיות לוויטה שוקולד,,,עוגיות לוויטה שוקולד,,150.00,100 גרם,false,,7.90,0.0527,true,1,190763
4823077633331,false,עוגיות רושן לוויטהבט,,,עוגיות רושן לוויטהבט,,150.00,,false,,7.90,0.0527,true,1,190765
4823077633690,false,בונבוניירה רושן שוטר,רושן,,בונבוניירה רושן שוטר,,150.00,,false,,12.90,0.0860,true,1,191867
4823077634741,false,עוגיות רושן לוויטה ב,,,עוגיות רושן לוויטה ב,,168.00,,false,,7.90,0.0470,true,1,192196
4823077635489,false,חטיף וופל רושן קרם ק,,,חטיף וופל רושן קרם ק,,350.00,100 גרם,false,,17.90,0.0511,true,1,193056
4823077635533,false,חטיף וופל רושן קרם ח,,,חטיף וופל רושן קרם ח,,350.00,,false,,17.90,0.0511,true,1,193057
4823077635793,false,וופלים דקיקים רושן ס,,,וופלים דקיקים רושן,,55.00,100 גרם,false,,4.90,0.0891,true,1,195429
4823077635809,false,וופלים דקיקים רושן ס,,,וופלים דקיקים רושן ט,,55.00,100 גרם,false,,4.90,0.0891,true,1,195430
4823077635816,false,וופלים דקיקים רושן ס,,,וופלים דקיקים רושן ט,,55.00,,false,,4.90,0.0891,true,1,195431
4823077636004,false,עוגיות Lovita ממולאות ג'לי דובדבן מצופות צימקאו,רושן Roshen,,עוגיות קקאו דובדבן ל,,135.00,100 גרם,false,,7.90,0.0585,true,1,192873
4823077636172,false,וופל רושן בטעם לימון,,,וופל רושן בטעם לימון,,216.00,,false,,6.90,0.0319,true,1,194176
4823077636561,false,סוכריות ממולאות בטעם,רושן,,סוכריות ממולאות בטעם,,378.00,100 גרם,false,,11.90,0.0315,true,1,193843
4823077636578,false,סוכריות טופי כוס חלב,רושן,,סוכריות טופי כוס חלב,,325.00,100 גרם,false,,11.90,0.0366,true,1,193846
4823077636592,false,סוכריות גלי רושן קרי,רושן,,סוכריות גלי רושן קרי,,378.00,,false,,11.90,0.0315,true,1,193845
4823077636608,false,סוכריות טופי רושן במ,רושן,,סוכריות טופי רושן במ,,325.00,,false,,11.90,0.0366,true,1,193847
4823097809778,false,גלידה בריקט שוקולד 9,ז'יטומרסקי זאבוד,,גלידה בריקט שוקולד 9,,90.00,,false,,5.90,0.0656,true,1,190746
4903001904192,false,"רוטב סויה יאמסה פרימיום 500 מ""ל",הדקלאים אגודת שיתופי,JP,רוטב סויה יאמסה 500מ,,500.00,,false,,19.90,0.0398,true,1,120872
4903001945706,false,רוטב סויה ימאסה פונז,יאמאסה yamasa,,רוטב פונדו יאמסה 500,,500.00,,false,,19.90,0.0398,true,1,194212
5000127533196,false,"קלוגס ווראייטי, 191 גרם",חברת קלוגס בריטניה,GB,קלוגס מנות אישיות וו,,191.00,100 גרם,false,,22.90,0.1199,true,1,169259
5000146057710,false,ספריי רב שימושי לחלונות ומשטחים ווינדולין Windolene,רקיט בנקיזר,PL,וינדולין ספריי לחלונ,,750.00,,false,,8.90,0.0119,true,1,113048
5000146401568,false,וולייט דפים למניעת העברת צבע 10 דפים,ווליט Woolite,IT,ווליט לכביסה שומרי צ,יחידה,0.00,יחידה,false,,16.90,0.0000,true,1,113055
5000157143365,false,מתבל בטעם מיונז וקטשופ היינץ 425 ג',היינץ Heinz,PL,מתבל בטעם מיונז וקטש,,425.00,,false,,14.90,0.0351,true,1,185344
5000159020312,false,מלטיזרס אריזה קטנה 37 גרם,מלטיזרס Maltesers,NL,מלטיזרס חטיף 37גר,,37.00,100 גרם,false,,4.90,0.1324,true,1,107345
5000159376655,false,סוכריות סקיטלס 38 גר פירות 38 גרם,ריגלי ממתקים,,סקיטלס פירות 38גר,,38.00,100 גרם,false,,3.50,0.0921,true,1,132259
5000189974579,false,מארז מיני חטיפי קיט קט Kit Kat,נסטלה Nestle,,קיט קט מיני 200 גרם,,200.00,,false,,10.90,0.0545,true,1,168449
5000204658064,false,קיווי אקספרס ספוג הברקה שחור,המאפיה של הרמן,HN,קיווי אקספרס ספוגית,יחידה,0.00,יחידה,false,,18.90,0.0000,true,1,129267
5000267014234,false,וויסקי ג'וני ווקר רד לייבל Red label,ג'וני ווקר Johnnie walker,,וויסקי ג'וני ווקר רד,,700.00,100 גרם,false,,89.90,0.1284,true,1,96614
5000267024233,false,"וויסקי ג'וני בלאק לייבל עם פורר 700מ""ל",ג'וני ווקר Johnnie walker,,*מבצע* גוני ווקר שחו,,700.00,100 גרם,false,,119.90,0.1713,true,1,127458
5000394035140,false,דורסל סוללות AA פלוס,,,דורסל סוללות AA פלוס,יחידה,0.00,יחידה,false,,4.90,0.0000,true,1,194161
5010327000046,false,וויסקי גרנט'ס סקוטי,"איי, בי, אינבוו",,וויסקי גרנטס 700מל,,700.00,,false,,99.90,0.1427,true,1,117157
5010677554398,false,"בקרדי בריזר אבטיח 275 מ""ל בקבוק",בקרדי בריזר Bacardi Breezer,BE,בקרדי בריזר אבטיח 27,,275.00,,false,,15.90,0.0578,true,1,96358
5010677850100,false,וודקה גריי גוס בקבוק,בקרדי מרטיני,FR,וודקה גריי גוס 700 מ,,700.00,100 גרם,false,,119.90,0.1713,true,1,170468
5014271310428,false,סן דלפו מעדן דבדבן שחור ללא סוכ 284 ג',המאפיה של הרמן,FR,מעדן דובדבנים שחורים,,284.00,100 גרם,false,,19.90,0.0701,true,1,175473
5029053039725,false,קופסת ממחטות נטורל פרש 72 דף קלינקס,עלבד,,קלינקס נטורל פרש טיש,,72.00,,false,,12.90,0.1792,true,1,192021
5029053510811,false,קוטקס - תחבושות אולטרה נורמל + כנפיים 30 יח',קימברלי קלארק,,קוטקס תחבושות אולטרה,,28.00,,false,,18.90,0.6750,true,1,102372
5029053510828,false,קוטקס - תחבושות אולטרה סופר + כנפיים 22 יח',קימברלי קלארק,,קוטקס תחבושות אולטרה,,24.00,,false,,18.90,0.7875,true,1,102373
5029053527604,false,תחתוני ספיגה לילדים Drynites בנות לגילאי 8-15,האגיס Huggies,CZ,האגיס פרידום דריי ני,,9.00,,false,,35.90,3.9889,true,1,144717
5029053535227,false,קוטקס טמפון עם מוליך נורמל 16 יח',KC Czech,,קוטקס טמפון+מוליך נו,יחידה,0.00,יחידה,false,,26.90,0.0000,true,1,120930
5050083559761,false,קלוגס קוקו פופס שוקוס 500 גרם.,קלוגס מניופקטורינג א,ES,*מבצע* דגני קלוגס קו,,500.00,100 גרם,false,,17.90,0.0358,true,1,122102
5060517886486,false,"משקה אנרגיה מונסטר פח 500 מ""ל",מונסטר אנרג'י Monster Energy,RU,מונסטר אנרגי פח 500מ,,500.00,,false,,7.90,0.0158,true,1,185393
5060639128051,false,"משקה אנרגיה מונסטר אולטרה פחית 500 מ""ל",מונסטר אנרג'י Monster Energy,RS,מונסטר אולטרה פחית 5,,500.00,,false,,7.90,0.0158,true,1,187193
5060639129102,false,"משקה אנרגיה מונסטר מנגו פח 500 מ""ל",מונסטר אנרג'י Monster Energy,RS,מונסטר אנרגי פח 500,,500.00,100 גרם,false,,7.90,0.0158,true,1,189424
5060751218173,false,"משקה אנרגיה מונסטר Pipline punch פח 500 מ""ל",Monster energy סרביה,IE,מונסטר פונצ פח 500מל,,500.00,100 גרם,false,,7.90,0.0158,true,1,193879
5060751219033,false,"משקה אנרגיה מונסטר ULTRA PARADISE פח 500 מ""ל",Monster energy סרביה,IE,מונסטר אולטרה פרדייס,,500.00,,false,,7.90,0.0158,true,1,194249
5200133120476,false,גלילות וופלים ממולאים קרם אגוזים וקקאו 400 ג',יוניליוור גרמניה Gm,GR,גליליות וופלים ממולא,,400.00,100 גרם,false,,17.90,0.0447,true,1,172057
5201184066508,false,נרות מספרים,שמחה,,נרות מספרים,יחידה,0.00,יחידה,false,,3.90,0.0000,true,1,105294
5201347400545,false,רצועות שעווה מוכנות לשימוש לפנים ולאזורים רגישים,רקיט בנקיזר,FR,ויט רצועות שעווה לפנ,יחידה,0.00,יחידה,false,,29.90,0.0000,true,1,161277
5201583115098,false,סוכריות ג'לי פירות 1,,,סוכריות ג'לי פירות 1,,1000.00,,false,,24.90,0.0249,true,1,132190
5201583752415,false,זירו סוכריות ללא סוכר תפוז במילוי שוקולד,,,סוכריות תפוז במילוי,,36.00,100 גרם,false,,6.90,0.1917,true,1,191662
5206759020701,false,סוכריות ג'לי פירות אקזוטי 700 גר',,,סוכריות ג'לי אקזוטי,,700.00,,false,,15.90,0.0227,true,1,137155
5391523057929,false,סימילאק גולד שלב 1 תרכובת מזון על בסיס חלב,אבוט לבורטיז,IE,סימילאק גולד 700 גרם,,700.00,,false,,72.90,0.1041,true,1,168057
5391523057936,false,סימילאק גולד שלב 2 תרכובת מזון על בסיס חלב,אבוט לבורטיז,IE,סימילאק גולד 700 גרם,,700.00,100 גרם,false,,72.90,0.1041,true,1,168058
5391523057943,false,סימילאק גולד שלב 3 תרכובת מזון על בסיס חלב,אבוט לבורטיז,IE,סימילאק גולד 700 גרם,,700.00,100 גרם,false,,72.90,0.1041,true,1,168059
5391523058087,false,סימילאק אדבנס פלוס 2 תרכובת מזון על בסיס חלב,טרופיקל דגיל תעשיות,IE,סימילאק אדוונס פלוס,,700.00,100 גרם,false,,64.90,0.0927,true,1,168422
5400265024349,false,המלט מאפה בצק עלים מסוכר 250 ג',HAMLET NV,,מאפה מסוכר בייגלה המ,,250.00,,false,,10.90,0.0436,true,1,174075
5410126006360,false,לוטוס עוגיות סנדוויץ' במילוי לוטוס 150 גר',לוטוס ביקרי בלגיה נ.,BE,לוטוס עוגיות סנדוויץ,,150.00,,false,,9.90,0.0660,true,1,194908
5410126106022,false,לוטוס מארז חגים 250X2 גר',לוטוס בייקרי,BE,לוטוס מארז חגים 2*25,,500.00,,false,,17.90,0.0358,true,1,194945
5410126116953,false,ממרח עוגיות קרמל 400 ג' לוטוס,לוטוס בייקרי בלגיה נ,BE,ממרח ביסקוויט לוטוס,,400.00,,false,,22.90,0.0572,true,1,128987
5410228267515,false,בירה באדוויזר שישייה,באדווייזר Budweiser,,בירה באדוויזר שישייה,,1980.00,,false,,29.90,0.0151,true,1,185696
5410291021991,false,ממרח אגוזי לוז עם קקאו,צ'וקטה Chocketa,,ממרח אגוזי לוז עם קק,,700.00,,false,,19.90,0.0284,true,1,172751
5410316983693,false,"אייס סמירנוף בודד 275 מ""ל",סמירנוף אייס Smirnoff ice,IT,סמירנוף אייס בודד 27,,275.00,100 גרם,false,,13.90,0.0505,true,1,131915
5410316994019,false,וודקה סמירנוף אדום ב,דיאג'ו אופריישנס איט,US,וודקה סמירנוף אדום 7,,700.00,,false,,59.90,0.0856,true,1,130046
5411188096108,false,"אלפרו סויה לבישול ואפייה 250 מ""ל",אלפרו C.V.A,BE,אלפרו סויה לבישול 4.,,250.00,,false,,12.50,0.0500,true,1,104859
5411188110835,false,אלפרו חלב סויה שקדים וניל 1ל',הנסיך- מפעל לייצור ט,BE,אלפרו משקה משקה שקדי,,1000.00,100 גרם,false,,15.50,0.0155,true,1,130123
5411188112709,false,משקה אלפרו שקדים ללא סוכר 1 ליטר,הנסיך- מפעל לייצור ט,BE,אלפרו משקה שקדים ללא,,1000.00,,false,,15.50,0.0155,true,1,137347
5411188115366,false,אלפרו משקה שיבולת שועל 1 ליטר,הנסיך- מפעל לייצור ט,BE,אלפרו משקה שיבולת שו,,1000.00,100 גרם,false,,15.90,0.0159,true,1,137348
5411188115472,false,אלפרו משקה סויה 1 ליטר,הנסיך- מפעל לייצור ט,BE,אלפרו משקה סויה 1 לי,,1000.00,100 גרם,false,,15.50,0.0155,true,1,188424
5411188134985,false,אלפרו 3.5% NOT M*LK שיבולת שועל 1 ליטר בית יוסף,הנסיך- מפעל לייצור ט,BE,אלפרו נוט מילק 3.5%,,1000.00,100 גרם,false,,15.90,0.0159,true,1,192363
5411188135005,false,אלפרו 1.8% NOT M*LK שיבולת שועל 1 ליטר בית יוסף,הנסיך- מפעל לייצור ט,BE,אלפרו נוט מילק 1.8%,,1000.00,100 גרם,false,,15.90,0.0159,true,1,192364
5411188543398,false,משקה סויה ללא סוכר 1 ל' אלפרו,הנסיך- מפעל לייצור ט,BE,אלפרו משקה סויה ללא,,1000.00,100 גרם,false,,15.50,0.0155,true,1,188425
5413548280189,false,קינדר שוקובון 125 גרם,פררו,BE,קינדר שוקובון 125גר,,125.00,,false,,13.90,0.1112,true,1,107792
5604912415058,false,סרדינים בשמן חמניה חריף פורטוס 125 ג',פורטוס Porthos,PT,סרדינים בשמן חריף פו,,125.00,,false,,6.90,0.0552,true,1,170210
5701932026964,false,פופקורן להכנה במיקרוגל בטעם טבעי 6 שקיות,הוט פופ Hot pop,US,הוטפופ פופקורן בתוספ,,600.00,100 גרם,false,,16.90,0.0282,true,1,107793
5701932026971,false,פופקורן להכנה במיקרוגל בטעם חמאה 6 שקיות,הוט פופ Hot pop,US,הוטפופ פופקורן בטעם,,600.00,100 גרם,false,,16.90,0.0282,true,1,107794
5701932026995,false,פופקורן להכנה במיקרוגל בטעם טבעי מופחת שומן 6 שקיות,קריניציה ויטמינה אס,US,הוטפופ פופקורן לייט,,510.00,100 גרם,false,,16.90,0.0331,true,1,107795
5711953106583,false,גבינת שמנת בטעם טבעי 200 גרם ארלה,ארלה פודס אמבה,DK,גבינת שמנת טבעי ארלה,,200.00,,false,,16.90,0.0845,true,1,179399
5711953106590,false,גבינת שמנת עם שום 200 גרם ארלה,ארלה פודס אמבה,DK,גבינת שמנת שום ארלה,,200.00,,false,,16.90,0.0845,true,1,179400
5711953106606,false,גבינת שמנת עם תבלינים ועשבי תיבול 23.5%,ארלה פודס אמבה,DK,גבינת שמנת עשבי תיבו,,200.00,,false,,16.90,0.0845,true,1,179401
5740900403215,false,ממרח לורפק חמאה עם מלח 250 ג',לורפאק Lurpak,,לורפק ממרח עם מלח 25,,250.00,,false,,19.90,0.0796,true,1,169274
5740900403222,false,ממרח לורפק חמאה עם מלח מופחת שומן 250 ג,לורפאק Lurpak,,לורפק ממרח עם מלח מו,,250.00,,false,,19.90,0.0796,true,1,169275
5740900403239,false,ממרח לורפק חמאה בלי מלח 250 ג',לורפאק Lurpak,,לורפק ממרח ללא מלח 2,,250.00,,false,,19.90,0.0796,true,1,169278
5740900403246,false,ממרח לורפק חמאה בלי מלח 500 ג',לורפאק Lurpak,,לורפק ממרח ללא מלח 5,,500.00,,false,,34.90,0.0698,true,1,169276
5740900403253,false,ממרח לורפק חמאה עם מלח 500 ג',לורפאק Lurpak,,לורפק ממרח עם מלח 50,,500.00,,false,,34.90,0.0698,true,1,169277
5740900403260,false,ממרח מחמאת לורפק ללא מלח 27% פחות שומן,ארלה פודס אמבה,DK,לורפק ממרח עם מלח מו,,250.00,,false,,19.90,0.0796,true,1,169279
5900020012814,false,דגני בוקר בטעם שוקולד נסקוויק Nesquik,מיוצר עי קונדיטוריית,PL,דגני בוקר נסקוויק נס,,500.00,100 גרם,false,,26.90,0.0538,true,1,98703
5900020015174,false,חטיף דגנים פיטנס Fitness עם שוקולד מריר,מיוצר עי קונדיטוריית,PL,פיטנס חטיף דגנים שוק,,141.00,,false,,16.90,0.1199,true,1,119212
5900020018908,false,חטיף פיטנס דגנים עם עוגיות ופצפוצי שוקולד לבן,מיוצר עי קונדיטוריית,PL,פיטנס חטיף דגנים עוג,,141.00,,false,,16.90,0.1199,true,1,127678
5900020020710,false,נסטלה - קראנץ' שוקו וניל חטיף דגנים 25 גרם * 6,נסטלה פולין ברים,PL,חטיף דגנים קראנץ בר,,150.00,100 גרם,false,,16.90,0.1127,true,1,131618
5900020020741,false,חטיף נסקוויק Nesquik שוקו שוקו,נסטלה פולין ברים,PL,חטיף דגנים נסקוויק ב,,150.00,100 גרם,false,,16.90,0.1127,true,1,131619
5900020022325,false,חטיף סיני מיניס Cini Minis בטעם קינמון - 6 במארז,נסטלה פולין דגני בוק,PL,חטיף דגנים סיני מיני,,150.00,100 גרם,false,,16.90,0.1127,true,1,134184
5900020025807,false,נסטלה - דגני סיני מיניס 375 גרם,סי. פי. פולין,PL,דגני סיני מיניס נסטל,,375.00,,false,,12.90,0.0344,true,1,137045
5900020026552,false,דגני בוקר האני נאט צ'יריוס בטעם דבש ושקדים,נסטלה צרפת איטנקורט,FR,צ׳יריוס האני נאט נסט,,625.00,,false,,26.90,0.0430,true,1,139520
5900020026859,false,דגני האני נאט צ'יריו,Unknown,,דגני האני נאט צ'יריו,,375.00,100 גרם,false,,12.90,0.0344,true,1,159532
5900020029669,false,פיטנס - חטיף דגנים פירות יער 23.50 גרם * 6,נסטלה פולין דגני בוק,,פיטנס חטיף דגני פירו,,141.00,100 גרם,false,,16.90,0.1199,true,1,165102
5900020033314,false,חטיף דגני בוקר Lion בטעם קרמל ושוקולד על קרם חלב,נסטלה פולין ברים,PL,חטיף דגנים ליון 6*25,,150.00,100 גרם,false,,16.90,0.1127,true,1,169047
5900020034021,false,חטיף דגנים פיטנס שוקולד בננה,מיוצר עי קונדיטוריית,PL,פיטנס חטיף דגנים שוק,,141.00,,false,,16.90,0.1199,true,1,170896
5900020034991,false,דגני בוקר צדפים בטעם שוקולד 450 ג' קראנץ',סי. פי. פולין,PL,קראנץ צדפים בטעם שוק,,450.00,100 גרם,false,,26.90,0.0598,true,1,180298
5900020036407,false,דגני בוקר ליון Lion בטעם שוקולד וקרמל,נסטלה פולין דגני בוק,,ליון שוקולד קרמל נסט,,480.00,,false,,26.90,0.0560,true,1,186793
5900020039620,false,פיטנס חטיף דגנים שקדים ודבש פרווה,נסטלה פולין ברים,IL,פיטנס חטיף דגנים שק,,141.00,100 גרם,false,,16.90,0.1199,true,1,191013
5900020041142,false,קורנפלקס פיטנס 500 ג' אסם,נסטלה צרפת איטנקורט,PL,פיטנס קורנפלקס 500 ג,,500.00,,false,,12.90,0.0258,true,1,195238
5900020041371,false,פיטנס מארז חטף שוקולד מריר 8*23.5 גרם,נסטלה פולין ברים,PL,פיטנס חטיף שוקולד מר,,141.00,100 גרם,false,,16.90,0.1199,true,1,194924
5900352001821,false,שוקולד חלב ממולא ג'לי לימון Mella,,,גלרטקה לימון 190 ג,,190.00,,false,,7.90,0.0416,true,1,170627
5900352002361,false,עוגיות יזיקי קלאסיק,,,יזיקי קלאסיק 140 ג,,140.00,,false,,7.90,0.0564,true,1,170612
5900352002866,false,חטיף שוקולד אליבי מק,אליבי מקס Alibi Max,,חטיף אליבי 49 ג,יחידה,0.00,יחידה,false,,4.50,0.0000,true,1,171740
5900352014449,false,וופל בלגי וניל 130 ג,,,וופל בלגי וניל 130 ג,,130.00,,false,,4.90,0.0377,true,1,170618
5900352014456,false,וופל בלגי שוקולד 130,,,וופל בלגי שוקולד 130,,130.00,,false,,4.90,0.0377,true,1,170619
5900352014470,false,וופל בלגי קרמל 140 ג,,,וופל בלגי קרמל 140 ג,,140.00,,false,,4.90,0.0350,true,1,170620
5900352015576,false,וופל בלגי קרם קוקוס,,,וופל בלגי קרם קוקוס,,130.00,,false,,4.90,0.0377,true,1,195233
5900394009762,false,וופל אידיליה 47 ג,,,וופל אידיליה 47 ג,,47.00,100 גרם,false,,4.50,0.0957,true,1,179916
5900627026429,false,"סיליט באנג גיל לניקוי אסלות בתוספת אקונומיקה 750מ""ל",,,סיליט באנג סתימות 75,,750.00,100 גרם,false,,9.90,0.0132,true,1,178284
5901677007611,false,שוקולד ברון חלב 300ג,,,שוקולד ברון חלב 300ג,,300.00,,false,,11.90,0.0397,true,1,193192
5901677008489,false,שוקולד ברון מריר 300,,,שוקולד ברון מריר 300,,300.00,,false,,11.90,0.0397,true,1,193193
5901677009011,false,שוקולד ברון מריר 70%,,,שוקולד ברון מריר 70%,,100.00,,false,,6.90,0.0690,true,1,195374
5902198160403,false,"משקה אנרגיה XL TEN פחית לל""ס 250מ""ל","טמפו משקאות בע""מ",IL,אקסל משקה אנרגיה טן,,250.00,100 גרם,false,,5.00,0.0200,true,1,163673
5904603191323,false,מלפפונים כבושים דוור,דבורק,,מלפפונים כבושים דוור,,850.00,100 גרם,false,,13.90,0.0164,true,1,194182
5904941751302,false,"משקה אנרגיה בלו 250 מ""ל- בודד",אקו - ביט,PL,בלו משקה אנרגיה 250מ,,250.00,100 גרם,false,,4.90,0.0196,true,1,95720
5906485301012,false,"משקה אנרגיה XL פחית 250 מ""ל","טמפו משקאות בע""מ",IL,אקסל משקה אנרגיה 250,,250.00,100 גרם,false,,5.00,0.0200,true,1,96362
5941021001261,false,טבלת שוקולד היידי גראנדור 75% 80 ג',,,שוקולד היידי גראנדור,,80.00,100 גרם,false,,10.90,0.1363,true,1,129723
5941021005139,false,טבלת שוקולד חלב שקד היידי גראנדור 100 ג',,,שוקולד היידי שוקולד,,100.00,100 גרם,false,,10.90,0.1090,true,1,129725
5941021024222,false,שוקולד היידי מילקברי,,,שוקולד היידי מילקברי,,80.00,,false,,10.90,0.1363,true,1,195640
5997321701806,false,אבקה למניעת אבנית במכונת כביסה 2 ב-1,רקיט בנקיזר פולין,PL,קלגון אבקה 1קג,,1000.00,,false,,36.90,0.0369,true,1,164594
6001067017523,false,קולגייט מברשת שיניים ילדים ספידרמן-ברבי 5+,יבואן ומשווק: ש. שסט,CN,קולגייט מברשת שיניים,יחידה,0.00,יחידה,false,,10.90,0.0000,true,1,132244
6111094000228,false,"קוסקוס דארי דק תומר 1 ק""ג",קריות זול,MA,קוסקוס תומר דק 1 קג,,1000.00,,false,,17.90,0.0179,true,1,122045
6111094000242,false,תומר קוסקוס דארי דק 500גר,דרי קוספט,MA,קוסקוס דארי דק תומר,,500.00,,false,,8.90,0.0178,true,1,195300
6111094000808,false,"קוסקוס דארי בינוני תומר 1 ק""ג + 10% תוספת",דרי קוספט,MA,קוסקוס דארי 1.1קג,,1000.00,,false,,17.90,0.0179,true,1,133798
6118000061090,false,סרדינים מרוקאים בשמן סויה -טנגיר 125,,,סרדין מרוקאי בשמן סו,,125.00,,false,,6.90,0.0552,true,1,171234
6118000240501,false,סרדינים מרוקאים בשמן סויה עם פלפל חריף - 125 גרם,,,סרדין מרוקאי בשמן סו,,125.00,100 גרם,false,,6.90,0.0552,true,1,171235
6281001510390,false,מברשת שיניים לילדים אקסטרא סופט לגילאי 0-2,קולגייט Colgate,CN,קולגייט מברשת שיניים,יחידה,0.00,יחידה,false,,10.90,0.0000,true,1,132162
6906539758136,false,כפפות TPEמידה Sצבע שחור,,,כפפות חד פעמיות S,יחידה,0.00,יחידה,false,,8.90,0.0000,true,1,191569
6906539758143,false,LIRON '100 יח M חד פעמיות גודל TPE כפפות,,,כפפות חד פעמיות M,יחידה,0.00,יחידה,false,,8.90,0.0000,true,1,191567
6906539758150,false,LIRON '100 יח L חד פעמיות גודל TPE כפפות,,,כפפות חד פעמיות L,יחידה,0.00,יחידה,false,,8.90,0.0000,true,1,191566
6910191800287,false,אצות נורי בלו 10 דף (ננגטונג),ננטונג היידה אקווטוק,CN,דפי סושי אצות נורי ב,,10.00,,false,,12.90,1.2900,true,1,127777
6921052701001,false,אצות ווקאמה מיובשות,ננטונג הידה אקוטיק פ,CN,אצות ים וואקמה 40גר,,40.00,100 גרם,false,,11.90,0.2975,true,1,169288
6935673035612,false,כפפות אלוורה להקלה על עור יבש - קטן S,מ.א ייצור ושיווק מטל,CN,כפפות אלוורה שאיני S,יחידה,0.00,יחידה,false,,7.90,0.0000,true,1,111426
6935673035629,false,כפפות אלוורה להקלה על עור יבש - בינוני M,מ.א ייצור ושיווק מטל,CN,כפפות אלוורה שאיני M,יחידה,0.00,יחידה,false,,7.90,0.0000,true,1,111427
6935673035636,false,כפפות אלוורה להקלה על עור יבש - גדול L,מ.א ייצור ושיווק מטל,CN,כפפות אלוורה שאיני L,יחידה,0.00,יחידה,false,,7.90,0.0000,true,1,111428
6936745600462,false,רוטב מירין לתיבול מז,דאנינג יוה פודס קו,CN,מירין דאניינג 500מל,,500.00,,false,,19.90,0.0398,true,1,127740
6936745600783,false,"חומץ אורז 500 מ""ל (דאניינג)",דאנינג יוה פודס קו,CN,חומץ אורז דאניינג 50,,500.00,100 גרם,false,,15.90,0.0318,true,1,127741
7290000000943,false,פרינגלס עד 158גר+ביר,,,פרינגלס עד 158גר+ביר,יחידה,0.00,יחידה,false,,16.90,0.0000,true,1,195918
7290000001009,false,לאבנה 9% טרה 250גר+ק,,,לאבנה 9% טרה 250גר+ק,יחידה,0.00,יחידה,false,,20.90,0.0000,true,1,195921
7290000001038,false,נשנושי גבינה 67גר+מל,מעדני מניה תעשיות בש,,נשנושי גבינה 67גר+מל,יחידה,0.00,יחידה,false,,19.90,0.0000,true,1,195923
7290000001106,false,2יח קלרו טבליות למדי,,,2יח קלרו טבליות למדי,יחידה,0.00,יחידה,false,,20.00,0.0000,true,1,195925
7290000001693,false,פתי בר הדר+חלב בקרטו,,,פתי בר הדר+חלב בקרטו,יחידה,0.00,יחידה,false,,15.90,0.0000,true,1,195503
7290000001715,false,הפי לחלונות 750מל+הפ,,,הפי לחלונות 750מל+הפ,יחידה,0.00,יחידה,false,,24.90,0.0000,true,1,195919
7290000023007,false,"ברנדי שטוק 84 40% 750 מ""ל","יקבי ברקן בע""ם",IL,ברנדי שטוק 84 750מל,,750.00,,false,,79.90,0.1065,true,1,96367
7290000023083,false,ערק אשקלון 40% בקבוק,"יקבי ברקן בע""מ",IL,ערק אשקלון 700 מל,,700.00,,false,,49.90,0.0713,true,1,133316
7290000023427,false,ליקר שטוק אמרטו 750מ,"יקבי ברקן בע""מ",IL,ליקר שטוק אמרטו 750מ,,750.00,100 גרם,false,,49.90,0.0665,true,1,115077
7290000023809,false,"יין ברקן קלאסיק קברנה סובניון 750מ""ל",יקבי ברקן שיווק והפצ,IL,יין קלאסיק קברנה סוב,,750.00,,false,,39.90,0.0532,true,1,96385
7290000023816,false,"יין ברקן קלאסיק אמרלד ריזלינג 750מ""ל",יקבי ברקן שיווק והפצ,IL,יין קלאסיק אמרלד ריז,,750.00,,false,,39.90,0.0532,true,1,96386
7290000023977,false,"יין ברקן קלאסיק מרלו 750 מ""ל",יקבי ברקן שיווק והפצ,IL,יין קלאסיק מרלו 750מ,,750.00,100 גרם,false,,39.90,0.0532,true,1,96391
7290000024523,false,מיץ ענבים תירוש אדום,כרמי צבי - האחים סגל,IL,מיץ ענבים של סגל 1 ל,,1000.00,100 גרם,false,,13.90,0.0139,true,1,132714
7290000024530,false,יין אדום מתוק של סגל,כרמי צבי - אחים סגל,IL,יין אדום מתוק קידוש,,750.00,,false,,16.90,0.0225,true,1,162006
7290000034256,false,ביסקוויט תירוש חצי מצופה הדר 175ג',אפיפית נצרת תעשיות ב,IL,ביסקויט תירוש 175גרם,,175.00,100 גרם,false,,7.90,0.0451,true,1,114434
7290000037066,false,פרגית טרי,,,פרגית טרי,קילוגרמים,1.00,"ק""ג",true,,64.90,64.9000,true,1,112276
7290000040042,false,יוגורט תות %3 גביע 150 ג' יופלה,תנובה בעמ,IL,יופלה תות שובב 3% 15,,150.00,100 גרם,false,,5.20,0.0347,true,1,105998
7290000040066,false,יוגורט דובדבן 3% שומן 150 ג' יופלה,תנובה מרכז שיתופי לש,IL,יופלה דובדבן פראי 3%,,150.00,100 גרם,false,,5.20,0.0347,true,1,106000
7290000040080,false,יוגורט אפרסק 3% שומן 150 ג' יופלה,תנובה בעמ,IL,יופלה אפרסק מאוהב 3%,,150.00,100 גרם,false,,5.20,0.0347,true,1,106001
7290000040301,false,"גבינת קולאז קממבר עין גדי 24%, 125 ג'",תנובה מרכז שיתופי לש,IL,גבינה קממבר עין גדי,,125.00,100 גרם,false,,21.50,0.1720,true,1,106003
7290000040974,false,חלב תנובה קרטון דל לקטוז 2% 1ל,תנובה מרכז שיתופי לש,IL,חלב קרטון דל לקטוז ת,,1000.00,,false,,7.50,0.0075,true,1,119515
7290000041445,false,קוטג' 5% תנובה מהדרין 250ג',מיוצר עי קונדיטוריית,IL,קוטג' 5% בדצ 250גר,,250.00,100 גרם,false,,5.90,0.0236,true,1,106007
7290000041858,false,"שמנת חמוצה 15% יטבתה 200 מ""ל מהדרין",שטראוס גרופ,IL,שמנת חמוצה מעושר 15%,,200.00,,false,,2.70,0.0135,true,1,109908
7290000041865,false,"לבן 4.5% יטבתה מהדרין 200מ""ל",מחלבת יטבתה,IL,אשל 4.5% יטבתה 200מל,,200.00,,false,,2.00,0.0100,true,1,109909
7290000041872,false,"לבן 3% יטבתה 200מ""ל מהדרין",מחלבת יטבתה,IL,לבן 3% 200מל,,200.00,100 גרם,false,,2.00,0.0100,true,1,109910
7290000042015,false,חלב טרי 3% תנובה שקית 1ל' מהדרין,תנובה מרכז שיתופי לש,IL,חלב טרי בשקית 3% בדצ,,1000.00,100 גרם,false,,5.43,0.0054,true,1,106011
7290000042404,false,חלב יוטבתה מועשר 3% שקית 1ל',מחלבת יטבתה,IL,חלב מועשר שקית יטבתה,,1000.00,100 גרם,false,,6.20,0.0062,true,1,109911
7290000042435,false,חלב טרי 1% קרטון פקק 1ל' תנובה,תנובה מרכז שיתופי לש,IL,חלב דל שומן 1% בקרטו,,1000.00,100 גרם,false,,5.86,0.0059,true,1,106019
7290000042442,false,חלב הומוגני 3% בקרטון 1ל' תנובה,קריות זול,IL,חלב בקרטון תנובה 3%,,1000.00,100 גרם,false,,6.23,0.0062,true,1,106020
7290000042640,false,"חלב תנובה עמיד 3% קרטון 250 מ""ל",קריות זול,IL,חלב עמיד תנובה 3% 25,,250.00,100 גרם,false,,3.30,0.0132,true,1,106027
7290000042855,false,יוטבתה שוקו שקית 225מל,שטראוס גרופ,IL,שוקו שקית 250,,250.00,,false,,3.00,0.0120,true,1,109913
7290000043814,false,"שמנת מתוקה להקצפה 38% 250 מ""ל תנובה",תנובה מרכז שיתופי לש,IL,השף הלבן שמנת עמידה,,250.00,100 גרם,false,,6.47,0.0259,true,1,106033
7290000043890,false,רויון בקרטון 1 ליטר,תנובה מרכז שיתופי לש,IL,רויון תנובה 1.5% 1לי,,1000.00,,false,,12.20,0.0122,true,1,106035
7290000043944,false,כד יוגורט תנובה 4% שומן 1.5 ליטר,מיוצר עי קונדיטוריית,IL,יוגורט כדים תנובה 1.,,1500.00,,false,,17.90,0.0119,true,1,106036
7290000044248,false,"רויון קרטון 1.5% שומן 500 מ""ל תנובה",קריות זול,IL,רויון 1.5% תנובה 500,,500.00,100 גרם,false,,7.20,0.0144,true,1,106041
7290000044712,false,יוגורט עם תות 1.5% שומן 500 ג' פרילי,מיוצר עי קונדיטוריית,IL,יוגורט פרילי תות 1.5,,500.00,100 גרם,false,,11.50,0.0230,true,1,106042
7290000044880,false,באדי יוגורט תות 3% שומן 500 ג' תנובה,מיוצר עי קונדיטוריית,IL,יוגורט באדי בטעם תות,,500.00,100 גרם,false,,9.70,0.0194,true,1,106043
7290000045573,false,גבינת מותכת משולשים 25% שומן 200 ג' נעמה,קריות זול,IL,גבינה מותכת נעמה 25%,,200.00,,false,,15.70,0.0785,true,1,106044
7290000045580,false,"גבינת מותכת נעמה חורש 25%, 240 ג'",תנובה מרכז שיתופי לש,IL,גבינת חורש 16 יחידות,,240.00,,false,,18.90,0.0787,true,1,106045
7290000045771,false,יוגורט 4% שומן 3 ל' תנובה,תנובה מרכז שיתופי לש,IL,יוגורט כדים תנובה 3ל,,3000.00,100 גרם,false,,29.90,0.0100,true,1,106046
7290000045917,false,תנובה גבינת פרומעז 23% גלילית 200ג,קריות זול,IL,גבינה פרומעז 23% קול,,200.00,100 גרם,false,,27.90,0.1395,true,1,106047
7290000046327,false,"גבינת גלבוע פרוס 22%, 200 ג' תנובה",תנובה מרכז שיתופי לש,IL,צהובה גלבוע 22% 200,,200.00,,false,,13.90,0.0695,true,1,106050
7290000047546,false,כנען גבינה לבנה ללא מלח 5% 500 ג',תנובה מרכז שיתופי לש,IL,גבינה לבנה ללא תוספת,,500.00,100 גרם,false,,26.50,0.0530,true,1,106053
7290000047621,false,גבינה לבנה רכה 5% תנובה 250ג' מהדרין,תנובה מרכז שיתופי לש,IL,גבינה לבנה 5% תנובה,,250.00,,false,,4.98,0.0199,true,1,106055
7290000047942,false,**תנובה גבינה לבנה מהדרין 9% 250ג,תנובה מרכז שיתופי לש,IL,גבינה לבנה 9% בדצ 2,,250.00,,false,,5.20,0.0208,true,1,116810
7290000048185,false,גבינה לבנה 5% שומן 250 ג' תנובה,מיוצר עי קונדיטוריית,IL,גבינה לבנה 5% תנובה,,250.00,,false,,4.98,0.0199,true,1,106058
7290000048192,false,גבינה לבנה 9% שומן 250 ג' תנובה,מחלבת אלון תבור,IL,גבינה לבנה 9% תנובה,,250.00,,false,,5.20,0.0208,true,1,106059
7290000048307,false,קוטג' 5% וזיתים ירוקים 250ג' תנובה,מיוצר עי קונדיטוריית,IL,גבינת קוטג׳ 5% עם זי,,250.00,,false,,5.90,0.0236,true,1,106060
7290000048413,false,גבינה חמד %16 שקית 250 ג' פיראוס,תנובה מרכז שיתופי לש,IL,פיראוס חמד 16% 250 ג,,250.00,,false,,18.90,0.0756,true,1,106062
7290000048437,false,גבינה צפתית 5% 200 ג' פיראוס,פארייפאבה אגרואינדוס,IL,פיראוס צפתית 5% שומן,,200.00,,false,,15.90,0.0795,true,1,106063
7290000050447,false,יוגורט תות 500 ג' יופלה,מיוצר עי קונדיטוריית,IL,יופלה YYY תות 3% 500,,500.00,,false,,14.30,0.0286,true,1,106077
7290000050454,false,יוגורט אפרסק 500 ג' יופלה,מיוצר עי קונדיטוריית,IL,יופלה YYY אפרסק 3% 5,,500.00,,false,,14.30,0.0286,true,1,106078
7290000051307,false,מארז הפסקת אוכל עם דגני עוגי ומשקה חלב עמיד בטעם וניל,תנובה מרכז שיתופי לש,IL,הפסקת אוכל עוגי +חלב,,150.00,,false,,9.90,0.0660,true,1,106103
7290000051352,false,חלב מלא בטעם של פעם 3.4% תנובה קרטון 1 ל',תנובה מרכז שיתופי לש,IL,חלב בטעם של פעם 3.4%,,1000.00,100 גרם,false,,8.00,0.0080,true,1,106104
7290000051376,false,יופלה דיאט אננס גביע 150 ג',תנובה מרכז שיתופי לש,IL,יופלה דיאט אננס ספור,,150.00,100 גרם,false,,5.20,0.0347,true,1,106106
7290000051710,false,לאבנה 9% עם שמן זית וזעתר 263 ג' פיראוס,"תנובה, מחלבת אלון תב",IL,לאבנה עם שמן זית וזע,,263.00,100 גרם,false,,14.90,0.0567,true,1,106112
7290000052311,false,גבינה צהובה לייט 15% 200 ג' עמק,תנובה מרכז שיתופי לש,IL,גבינה צהובה עמק לייט,,200.00,,false,,17.50,0.0875,true,1,117868
7290000052649,false,גבינת לאבנה 5% שומן 500 ג' פיראוס,תנובה מרכז שיתופי לש,IL,פיראוס לאבנה 5% גביע,,500.00,,false,,20.90,0.0418,true,1,106139
7290000052717,false,קוטג' 5%עם שום שמיר 250 ג' תנובה,מיוצר עי קונדיטוריית,IL,קוטג' שום שמיר 5% 25,,250.00,,false,,5.90,0.0236,true,1,129012
7290000055329,false,יופלה משקה יוגורט תות מלון 1.5% 250מל.,תנובה מרכז שיתופי לש,IL,יופלה משקה יוגורט תו,,250.00,,false,,5.90,0.0236,true,1,120924
7290000055336,false,יופלה משקה יוגורט בננה אפרסק 1.5% 250מל,תנובה מרכז שיתופי לש,IL,יופלה משקה יוגורט בנ,,250.00,,false,,5.90,0.0236,true,1,120925
7290000055343,false,יופלה משקה יוגורט טרופי 1.5% 250מל,תנובה מרכז שיתופי לש,IL,יופלה משקה יוגורט טר,,250.00,,false,,5.90,0.0236,true,1,120926
7290000055893,false,חמאה משמנת מפוסטרת 200ג' כ.מהדרין,תנובה מרכז שיתופי לש,IL,חמאה מהדרין תנובה 20,,200.00,,false,,8.70,0.0435,true,1,122231
7290000056845,false,חלב טרי 3% הומוגני קרטון 1.5 ל' תנובה,פארייפאבה אגרואינדוס,IL,חלב טרי 3% תנובה 1.5,,1500.00,100 גרם,false,,9.35,0.0062,true,1,123914
7290000056883,false,יופלה מאגדת פרי 3% 8 יח' * 150 ג',תנובה מרכז שיתופי לש,IL,יופלה טעמים משתנים 3,,1200.00,100 גרם,false,,31.50,0.0263,true,1,122579
7290000056890,false,דיאט יופלה שמינייה טעמים שונים,מיוצר עי קונדיטוריית,IL,יופלה מאגדת דיאט טעמ,יחידה,0.00,יחידה,false,,32.50,0.0000,true,1,122698
7290000056906,false,מאגדת לבן טבעי 1.5% שומן 8 יח' * 150 ג' יופלה,מחלבת אלון תבור,IL,יופלה לבן מאגדת שמינ,,1200.00,,false,,18.90,0.0157,true,1,122699
7290000056951,false,"שמנת לבישול 15% שומן 500 מ""ל תנובה",תנובה מרכז שיתופי לש,IL,שמנת עמידה לבישול 15,,500.00,100 גרם,false,,18.50,0.0370,true,1,124232
7290000057088,false,גבינת דק דק 28% 200 ג' עמק,תנובה מרכז שיתופי לש,IL,גבינה צהובה עמק דק ד,,200.00,,false,,17.50,0.0875,true,1,123915
7290000057118,false,עמק סמי מעדנייה כשרות מהדרין,תנובה מרכז שיתופי לש,IL,המעדניה של עמק 28% 4,,400.00,100 גרם,false,,23.90,0.0597,true,1,123596
7290000057149,false,יוגורט טבעי 3% שומן 200 ג' תנובה,מיוצר עי קונדיטוריית,IL,יוגורט טבעי 3% תנובה,,200.00,,false,,3.20,0.0160,true,1,123598
7290000058030,false,"יופלה שטוזים משקה יוגורט תות 8 יח' * 100 מ""ל",מיוצר עי קונדיטוריית,IL,יופלה שטוזים משקה יו,,800.00,100 גרם,false,,21.90,0.0274,true,1,126883
7290000058047,false,**שף לבן שמנת מתוקה מהדרין 38% פקק 500מ,תנובה מרכז שיתופי לש,IL,השף הלבן שמנת 38% 5ע,,500.00,100 גרם,false,,12.94,0.0259,true,1,127725
7290000060071,false,אוסם - חטיפי פריכונים מאורז מלא קלוי 80גר,"מיוצר ע""י PT, משווק",IL,חטיפי פריכונים מאורז,,80.00,,false,,8.90,0.1113,true,1,98744
7290000060088,false,בייגלה אסם מקלות מלוחים 400 גרם,מיוצר עי קונדיטוריית,IL,בייגלה מקלות מלוחים,,300.00,,false,,11.90,0.0397,true,1,98745
7290000060156,false,פסטה אסם אטריות ביצים דקות 200גר,"אסם השקעות בע""מ",IL,אסם אטריות ביצים דקו,,200.00,,false,,6.90,0.0345,true,1,98748
7290000060163,false,פסטה אסם אטריות דקות 400גר,"אסם השקעות בע""מ",IL,אטריות דקות אסם 400ג,,400.00,100 גרם,false,,6.90,0.0173,true,1,98749
7290000060200,false,פסטה אסם פתיתים אפויים קוסקוס 500גר,"אסם השקעות בע""מ",IL,פתיתים אפויים קוסקוס,,500.00,,false,,7.90,0.0158,true,1,98751
7290000060217,false,פסטה אסם מקרוני 7 500 גר,קריות זול,IT,פסטה מקרוני 7 אסם 50,,500.00,100 גרם,false,,6.50,0.0130,true,1,98752
7290000060248,false,פסטה אסם פתיתים תלתלים 500גר,קריות זול,IT,פסטה תלתלים אסם 500,,500.00,100 גרם,false,,6.50,0.0130,true,1,98753
7290000060316,false,פסטה פרפקטו ספגטי 500ג' אסם,קריות זול,IT,ספגטי אסם פרפקטו 500,,500.00,,false,,7.90,0.0158,true,1,98756
7290000060330,false,פרפקטו פרפקטו ספיראלי גירף 500 גר,קריות זול,IT,פסטה פרפקטו ספיראלי,,500.00,,false,,7.90,0.0158,true,1,98758
7290000060408,false,פסטה אסם פתיתים אפויים טבעות 500 גר,"אסם השקעות בע""מ",IL,פתיתים אפויים טבעות,,500.00,,false,,7.90,0.0158,true,1,98762
7290000060415,false,פסטה פרפקטו לזאניה אסם 500ג',קריות זול,IT,לזניה פרפקטו 500גר,,500.00,,false,,15.90,0.0318,true,1,98763
7290000060576,false,פסטה אסם פתיתים אפוי כוכב 500גר,"אסם השקעות בע""מ",IL,פתיתים אפויים כוכב א,,500.00,100 גרם,false,,7.90,0.0158,true,1,98772
7290000060781,false,פסטה אסם פתיתים מסולסלים 500גר,קריות זול,IT,פסטה מסולסלים אסם 50,,500.00,100 גרם,false,,6.50,0.0130,true,1,98775
7290000060828,false,פסטה קרניים בינוניות 500 ג' אסם,קריות זול,IT,פסטה קרניים בינוניות,,500.00,100 גרם,false,,6.50,0.0130,true,1,98777
7290000060842,false,פסטה אסם פתיתים צדפים גדולים 500גר,קריות זול,IT,פסטה צדפים גדולים אס,,500.00,,false,,6.50,0.0130,true,1,98778
7290000060880,false,פסטה מס' 8 ספגטי אסם 500ג',קריות זול,IT,פסטה ספגטי אסם 500גר,,500.00,100 גרם,false,,6.50,0.0130,true,1,98780
7290000060903,false,פסטה אסם פתיתים אפויים אורז 500גר,"אסם השקעות בע""מ",IL,פתיתים אפויים אורז א,,500.00,100 גרם,false,,7.90,0.0158,true,1,98781
7290000060958,false,פסטה אסם אטריות בינוניות 400 גרם,"אסם השקעות בע""מ",IL,אטריות בינוניות אסם,,400.00,,false,,6.90,0.0173,true,1,98784
7290000060965,false,פסטה אסם אטריות רחבות 400גר,"אסם השקעות בע""מ",IL,אטריות רחבות אסם 400,,400.00,100 גרם,false,,6.90,0.0173,true,1,98785
7290000061061,false,קרקר בצל אסם 250 גרם,"אסם השקעות בע""מ",IL,קרקר בצל אסם 250גר,,250.00,100 גרם,false,,11.90,0.0476,true,1,98787
7290000061085,false,"רוטב צ'ילי מתוק אסם 290מ""ל","אסם השקעות בע""מ",IL,רוטב צילי מתוק אסם 2,,290.00,100 גרם,false,,12.50,0.0431,true,1,98789
7290000061108,false,"רוטב טריאקי 290 מ""ל אסם","אסם השקעות בע""מ",IL,רוטב טריאקי אסם 290מ,,290.00,100 גרם,false,,12.50,0.0431,true,1,98790
7290000061214,false,פתיתים אפויים קוסקוס עם בצל אסם 500 גר',"אסם השקעות בע""מ",IL,פתיתים אפויים קוסקוס,,500.00,100 גרם,false,,7.90,0.0158,true,1,98792
7290000061245,false,עוגיות שוקוצ'יפס ממולאו שוקו' אסם 220ג',מיוצר עי קונדיטוריית,IL,עוגיות שוקוציפס ממול,,220.00,100 גרם,false,,12.70,0.0577,true,1,98793
7290000061764,false,נסקפה רד מאג טעם חדש 200ג',נסטלה ספרד קפה,ES,רד מאג נסקפה 200גר,,200.00,100 גרם,false,,24.90,0.1245,true,1,95189
7290000062242,false,דובונים שמנת בצל 40 גר' אסם,"אסם השקעות בע""מ",IL,דובונים שמנת בצל אסם,,40.00,,false,,4.90,0.1225,true,1,127407
7290000063102,false,קמח עוגה אסם תופח מאליו 350ג',"אסם השקעות בע""מ",IL,קמח תופח אסם 350גר,,350.00,,false,,4.90,0.0140,true,1,98825
7290000063140,false,שקדי מרק רכיבים טבעיים בשקית 400 ג' אסם,"אסם השקעות בע""מ",IL,שקדי מרק רכיבים טבעי,,400.00,100 גרם,false,,13.90,0.0348,true,1,98827
7290000063157,false,"קמח תופח מאליו אסם 1 ק""ג","אסם השקעות בע""מ",IL,קמח תופח מאליו אסם 1,,1000.00,100 גרם,false,,9.90,0.0099,true,1,98828
7290000064758,false,קוסקוס בינוני אמיתי אסם 350 ג',"מיוצר ע""י קוד יצרן K",IL,קוסקוס בינוני אסם 35,,350.00,100 גרם,false,,7.90,0.0226,true,1,98863
7290000064871,false,"אוסם - מנה חמה פירה תפו""א עם בצל 56 גרם","אסם השקעות בע""מ",IL,מנה חמה אסם פירה תפו,,56.00,,false,,6.90,0.1232,true,1,98868
7290000065090,false,מיני קרוטונים למרק ולסלט 400 ג' אסם,עינת תעשיות מזון,IL,מיני קורטונים למרק ו,,400.00,100 גרם,false,,26.90,0.0672,true,1,98871
7290000065335,false,אוסם - מנה חמה פירה עם ירקות 55 גרם,"אסם השקעות בע""מ",IL,מנה חמה אסם פירה עם,,55.00,,false,,6.90,0.1255,true,1,98874
7290000065540,false,אוסם - מנה חמה פסטה מוקרמת בטעם עוף 55 גרם,"אסם השקעות בע""מ",IL,מנה חמה אסם פסטה מוק,,55.00,,false,,6.90,0.1255,true,1,98875
7290000065557,false,אוסם - מנה חמה קוסקוס עם ירקות 84 גרם,"אסם תעשיות מזון בע""מ",IL,מנה חמה אסם קוסקוס ע,,84.00,100 גרם,false,,6.90,0.0821,true,1,98876
7290000066134,false,ביסלי בטעם פלאפל אסם,"אסם השקעות בע""מ",IL,ביסלי בטעם פלאפל אסם,,70.00,100 גרם,false,,4.90,0.0700,true,1,98888
7290000066141,false,ביסלי בטעם גריל אסם,"אסם השקעות בע""מ",IL,ביסלי בטעם גריל אסם,,70.00,100 גרם,false,,4.90,0.0700,true,1,98889
7290000066172,false,ביסלי בטעם פיצה אסם,"אסם השקעות בע""מ",IL,ביסלי בטעם פיצה אסם,,70.00,,false,,4.90,0.0700,true,1,98892
7290000066189,false,ביסלי גדול בטעם פלאפל 200 ג' אסם,"אסם השקעות בע""מ",IL,ביסלי גדול פלאפל אסם,,200.00,100 גרם,false,,8.90,0.0445,true,1,98893
7290000066196,false,ביסלי גדול בטעם גריל 200 ג' אסם,מיוצר עי קונדיטוריית,IL,ביסלי גדול טעם גריל,,200.00,,false,,8.90,0.0445,true,1,98894
7290000066226,false,ביסלי בטעם פיצה 200 ג' אסם,מיוצר עי קונדיטוריית,IL,ביסלי בטעם פיצה אסם,,200.00,,false,,8.90,0.0445,true,1,98897
7290000066264,false,אוסם - חטיף דובונים 40 גרם,"אסם השקעות בע""מ",IL,דובונים אסם 40גר,,40.00,100 גרם,false,,4.90,0.1225,true,1,98898
7290000066295,false,אסם במבה תות מחומרים טבעיים 30גר,מיוצר עי קונדיטוריית,IL,במבה תות מחומרים טבע,,30.00,100 גרם,false,,2.90,0.0967,true,1,98899
7290000066318,false,במבה קלאסי 80 גרם,"אסם השקעות בע""מ",IL,במבה אסם 80 גרם,,80.00,,false,,4.90,0.0613,true,1,98901
7290000066332,false,אפרופו חטיף אסם 50ג',מיוצר עי קונדיטוריית,IL,אפרופו אסם 50גר,,50.00,100 גרם,false,,5.30,0.1060,true,1,98902
7290000066349,false,אפרופו גדול אסם 100ג',מיוצר עי קונדיטוריית,IL,אפרופו אסם 100/200 ג,,100.00,,false,,8.90,0.0890,true,1,98903
7290000067407,false,פירורית מתובל שקית 200גר,עינת תעשיות מזון,IL,פירורית מתובל שקית א,,200.00,,false,,6.50,0.0325,true,1,98921
7290000067544,false,פירורית זהב שקית 200גר,עינת תעשיות מזון,IL,פירורית זהב שקית אסם,,200.00,100 גרם,false,,6.50,0.0325,true,1,98927
7290000067599,false,אוסם - מנה חמה ספגטי רוטב בולנז 65 גרם,"אסם השקעות בע""מ",IL,מנה חמה אסם ספגטי רו,,65.00,,false,,6.90,0.1062,true,1,98931
7290000068138,false,אסם פודינג אינסטנט וניל 80 גרם,מיוצר עי קונדיטוריית,IL,פודינג וניל אסם 80גר,,80.00,100 גרם,false,,5.90,0.0738,true,1,98940
7290000068190,false,ג'לי תות שדה צבע טבעי 85 ג',מיוצר עי קונדיטוריית,IL,ג'לי תות אסם 85 גר,,85.00,,false,,6.90,0.0812,true,1,98944
7290000068206,false,ג'לי משמש אסם צבע טבעי 85 ג',מיוצר עי קונדיטוריית,IL,ג'לי משמש אסם 85 גר,,85.00,100 גרם,false,,6.90,0.0812,true,1,98945
7290000068237,false,ג'לי פטל צבע טבעי 85ג' אסם,מיוצר עי קונדיטוריית,IL,ג'לי פטל אסם 85 גר,,85.00,,false,,6.90,0.0812,true,1,98946
7290000068343,false,אוסם - פירכונים מאורז מלא 140 גרם,"מיוצר ע""י PT, משווק",IL,פריכונים מאורז מלא א,,140.00,100 גרם,false,,8.90,0.0636,true,1,98956
7290000068770,false,במבה יום הולדת אסם 8,"אסם השקעות בע""מ",IL,במבה יום הולדת אסם 8,,80.00,,false,,4.90,0.0613,true,1,98963
7290000069258,false,פסטה פרפקטו פנה ריגאטה 500ג' אסם,קריות זול,IT,פסטה פרפקטו פנה ריגא,,500.00,,false,,7.90,0.0158,true,1,98975
7290000069364,false,פריכונים עגולים אורז דל נתרן אסם 140 גרם,"מיוצר ע""י PT, משווק",IL,פריכונים מאורז מלא ל,,140.00,,false,,8.90,0.0636,true,1,98978
7290000070308,false,אבקת מרק עוף אמיתי במיכל 400 גרם,"אסם השקעות בע""מ",IL,מרק עוף אמיתי אסם 40,,400.00,,false,,17.90,0.0447,true,1,98999
7290000070322,false,אבקת מרק פטריות רכיבים טבעיים אוסם 400 ג',"אסם השקעות בע""מ",IL,מרק פטריות רכיבים טב,,400.00,100 גרם,false,,27.90,0.0697,true,1,99001
7290000070353,false,אבקת מרק בצל רכיבים טבעיים 400 ג' אסם,"אסם השקעות בע""מ",IL,מרק בצל רכיבים טבעיי,,400.00,,false,,27.90,0.0697,true,1,99002
7290000072067,false,במבה במילוי קרם חלבה 60ג' אסם,מיוצר עי קונדיטוריית,IL,במבה במילוי קרם חלבה,,60.00,,false,,4.90,0.0817,true,1,99022
7290000072623,false,אסם קטשופ בקבוק לחיץ,"אסם השקעות בע""מ",IL,קטשופ אסם 750 גרם,,750.00,,false,,9.90,0.0132,true,1,99029
7290000072630,false,קטשופ חריף אוסם 750 ג',"אסם השקעות בע""מ",IL,אסם קטשופ חריף 750 ג,,750.00,,false,,11.90,0.0159,true,1,99030
7290000072753,false,קפה טייסטר צ'ויס קפה מגורען 200ג',נסטלה קוריאה - קפה,IL,קפה טייסטרס צ׳ויס נס,,200.00,,false,,29.90,0.1495,true,1,99035
7290000072777,false,קפה טייסטר צ'ויס מגור' נ.קפאין 200ג',נסטלה קוריאה - קפה,IL,טסטרס צויס נטול קפאי,,200.00,,false,,39.90,0.1995,true,1,99037
7290000072968,false,דגני בוקר סיני מיניס נסטלה 500 ג',נסטלה פולין דגני בוק,PL,סיני מיניס 500 גרם,,500.00,,false,,26.90,0.0538,true,1,99046
7290000073125,false,אוסם - מנה חמה פסטה עם עגבניות 62 גרם,"אסם השקעות בע""מ",IL,מנה חמה אסם פסטה עם,,62.00,100 גרם,false,,6.90,0.1113,true,1,99049
7290000073415,false,אוסם - מנה חמה פסטה ברוטב פיצה 61 גרם,"אסם השקעות בע""מ",IL,מנה חמה אסם פסטה ברו,,61.00,100 גרם,false,,6.90,0.1131,true,1,99055
7290000073750,false,אוסם - מנה חמה נודלס בטעם עוף 70 גרם,טאי רזידנט,CN,מנה חמה נודלס בטעם ע,,70.00,,false,,6.90,0.0986,true,1,99056
7290000073767,false,אוסם - מנה חמה נודלס בטעם בקר 70 גרם,טאי רזידנט,CN,מנה חמה נודלס בטעם ב,,70.00,,false,,6.90,0.0986,true,1,99057
7290000073774,false,אוסם - מנה חמה נודלס בטעם פיקנטי 70 גרם,טאי רזידנט,CN,מנה חמה נודלס בטעם פ,,70.00,,false,,6.90,0.0986,true,1,99058
7290000074153,false,ביסקוויט פתיבר שוקו,מיוצר עי קונדיטוריית,IL,פתי בר שוקו אסם 500ג,,500.00,100 גרם,false,,14.90,0.0298,true,1,99062
7290000074184,false,אוסם - פתי בר בינוני 500 גרם,"אסם השקעות בע""מ",IL,פתי בר וניל אסם 500ג,,500.00,100 גרם,false,,11.90,0.0238,true,1,99064
7290000074245,false,אוסם - קרם קרקר אסם 250 גרם,"אסם השקעות בע""מ",IL,קרם קרקר אסם 250גר,,250.00,100 גרם,false,,8.90,0.0356,true,1,99065
7290000074252,false,קרקר אסם שומשום 250 גרם,"אסם השקעות בע""מ",IL,קרקר שומשום אסם 250ג,,250.00,,false,,9.90,0.0396,true,1,99066
7290000074276,false,קרקר פיקנטי טבעון 250 ג' אסם,"אסם השקעות בע""מ",IL,קרקר פיקנטי טבעון אס,,250.00,,false,,11.90,0.0476,true,1,99067
7290000074375,false,אוסם - קרקר זהב 150 גרם,"אסם השקעות בע""מ",IL,קרקר זהב אסם 150 גרם,,150.00,100 גרם,false,,7.90,0.0527,true,1,99071
7290000074481,false,לחמית אגוזים אסם 160 ג',"אסם השקעות בע""מ",IL,לחמית אגוזים אסם 160,,160.00,100 גרם,false,,11.50,0.0719,true,1,123290
7290000074696,false,"קרם קרקר 1 ק""ג אוסם","אסם השקעות בע""מ",IL,קרם קרקר אסם 1 ק״ג,,1000.00,,false,,29.90,0.0299,true,1,99074
7290000074764,false,קרקר זהב אסם 900 גרם,אסם תעשיות,IL,קרקר זהב אסם 900גר,,900.00,,false,,29.90,0.0332,true,1,99078
7290000075204,false,אוסם - לחמית חיטה מלאה 250 גרם,"אסם השקעות בע""מ",IL,לחמית חיטה מלאה אסם,,250.00,,false,,9.90,0.0396,true,1,99088
7290000075693,false,עוגת הבית שמרים בריוש שוקולד 360ג',מיוצר עי קונדיטוריית,IL,עוגת הבית שמרים בריו,,360.00,,false,,18.50,0.0514,true,1,99095
7290000076133,false,בייגלה שמיניות קטנות 400 גרם אסם,"אסם השקעות בע""מ",IL,בייגלה שמיניות קטנות,,400.00,100 גרם,false,,11.90,0.0298,true,1,99097
7290000077017,false,עוגיות קרמוגית וקרם שוקולד אסם 200 גרם,מיוצר עי קונדיטוריית,IL,קרמוגית במילוי שוקול,,200.00,100 גרם,false,,12.70,0.0635,true,1,99121
7290000077253,false,אוסם - לחמית כפרית עם דגנים מלאים 190 גרם,"אסם השקעות בע""מ",IL,לחמית כפרית עם דגנים,,190.00,100 גרם,false,,11.50,0.0605,true,1,117725
7290000078212,false,קרוטונים מתובלים 250 ג' אסם,עינת תעשיות מזון,IL,קרוטונים מתובלים אסם,,250.00,,false,,16.90,0.0676,true,1,99128
7290000078762,false,אוסם - חטיפי פריכונים מאורז מלא בטעם דבש 80גר,סנורייס בלגיום אן. ו,BE,חטיפי פריכונים מאורז,,80.00,,false,,8.90,0.1113,true,1,99130
7290000080406,false,אסאדו עע,,,אסאדו עע,קילוגרמים,1.00,"ק""ג",true,,69.90,69.9000,true,1,114391
7290000080420,false,צלי כתף עגל,,,צלי כתף עגל,קילוגרמים,1.00,"ק""ג",true,,89.90,89.9000,true,1,112109
7290000080758,false,אוסם - טוסטעים פת קלוי 100 גרם,ון דר מולן האלום,NL,טוסטעים פת קלוי אסם,,100.00,,false,,10.90,0.1090,true,1,99150
7290000080765,false,טוסטעים פת קלויה עם שומשום 100 ג' אוסם,ון דר מולן האלום,NL,טוסטעים פת קלוי עם ש,,100.00,100 גרם,false,,10.90,0.1090,true,1,99151
7290000081663,false,בייגלה אסם טבעות שומשום 300 גרם,מיוצר עי קונדיטוריית,IL,בייגלה טבעות שומשום,,300.00,100 גרם,false,,11.90,0.0397,true,1,99154
7290000101132,false,לקט קטניות לחמין 800 ג' סנפרוסט,סנפרוסט בעמ,IL,לקט קטניות לחמין סנפ,,800.00,,false,,21.90,0.0274,true,1,172472
7290000103730,false,לקט להקפצה עם פסטה פוזילי סנפרוסט 800 ג',"איי, בי, אינבוו",IL,לקט להקפצה עם פסטה פ,,800.00,,false,,23.90,0.0299,true,1,105732
7290000104201,false,סנפרוסט אפונה עדינה,"איי, בי, אינבוו",IL,אפונה עדינה סנפרוסט,,600.00,100 גרם,false,,19.90,0.0332,true,1,105735
7290000104218,false,במיה סנפרוסט 600 גרם,"איי, בי, אינבוו",IL,במיה סנפרוסט 600גר,,600.00,100 גרם,false,,16.90,0.0282,true,1,105736
7290000104676,false,אפונה קפואה סנפרוסט 800 גרם,"איי, בי, אינבוו",IL,אפונה גינה סנפרוסט 8,,800.00,,false,,16.90,0.0211,true,1,105739
7290000104683,false,שעועית שלמה 800 ג' סנפרוסט,"סנפרוסט בע""מ",IL,שעועית שלמה ירוקה סנ,,800.00,100 גרם,false,,19.90,0.0249,true,1,105740
7290000104690,false,תירס גרעינים 800 ג' סנפרוסט,"איי, בי, אינבוו",IL,גרעיני תירס סנפרוסט,,800.00,100 גרם,false,,17.90,0.0224,true,1,105741
7290000104706,false,גזר גמדי סנפרוסט 800ג',"סנפרוסט בע""מ",IL,גזר גמדי סנפרוסט 800,,800.00,,false,,17.90,0.0224,true,1,105742
7290000104713,false,פול ירוק סנפרוסט 800 ג',"איי, בי, אינבוו",IL,פול ירוק סנפרוסט 800,,800.00,,false,,26.90,0.0336,true,1,105743
7290000104720,false,שעועית ירוקה סנפרוסט 800ג',"סנפרוסט בע""מ",IL,שעועית ירוקה חתוכה ס,,800.00,,false,,18.90,0.0236,true,1,105744
7290000104737,false,שעועית צהובה חתוכה 800 ג' סנפרוסט,"סנפרוסט בע""מ",IL,שעועית צהובה חתוכה ס,,800.00,,false,,18.90,0.0236,true,1,105745
7290000104751,false,כרוב ניצנים סנפרוסט 800 גרם,"איי, בי, אינבוו",IL,כרוב ניצנים סנפרוסט,,800.00,,false,,25.90,0.0324,true,1,105747
7290000104768,false,תרד עלים סנפרוסט 800 ג ',"איי, בי, אינבוו",IL,תרד עלים סנפרוסט 800,,800.00,100 גרם,false,,26.90,0.0336,true,1,105748
7290000104799,false,שעועית לבנה מבושלת סנפרוסט 800גר,"איי, בי, אינבוו",IL,שעועית לבנה מבושלת ס,,800.00,,false,,19.90,0.0249,true,1,105750
7290000104805,false,גרגירי חומוס קפוא 800 ג' סנפרוסט,"איי, בי, אינבוו",IL,גרגירי חומוס קפוא סנ,,800.00,,false,,19.90,0.0249,true,1,105751
7290000104829,false,"קלחוני תירס 1 ק""ג סנפרוסט","סנפרוסט בע""מ",IL,קלחוני תירס סנפרוסט,,1000.00,100 גרם,false,,21.90,0.0219,true,1,105752
7290000104874,false,ירקות לקוסקוס של אמא סנפרוסט 800ג',"סנפרוסט בע""מ",IL,לקט לקוסקוס סנפרוסט,,800.00,,false,,23.90,0.0299,true,1,105756
7290000104911,false,לקט נורמנדי סנפרוסט 800ג',"איי, בי, אינבוו",IL,לקט נורמנדי סנפרוסט,,800.00,,false,,23.90,0.0299,true,1,105760
7290000107165,false,פולי סויה אדממה סנפרוסט 400 ג',"איי, בי, אינבוו",IL,פולי סויה קפוא סנפרו,,400.00,100 גרם,false,,14.90,0.0373,true,1,105769
7290000107189,false,תחתיות ארטישוק סנפרוסט 400גר,"איי, בי, אינבוו",IL,תחתיות ארטישוק 400גר,,400.00,100 גרם,false,,23.90,0.0597,true,1,105770
7290000107295,false,תפרחות ברוקולי סנפרוסט 800 ג',"איי, בי, אינבוו",IL,תפרחות ברוקולי סנפרו,,800.00,,false,,25.90,0.0324,true,1,105776
7290000110844,false,"כיפלי גריל בד""צ תלמה 70 ג'",יוניליור ישראל מזון,IL,כיפלי גריל תלמה 70גר,,70.00,100 גרם,false,,5.70,0.0814,true,1,102685
7290000111384,false,חרדל אמיתי בצנצנת 550 ג' תלמה,יוניליוור ישראל מזו,IL,חרדל צנצנת תלמה 550ג,,550.00,100 גרם,false,,10.90,0.0198,true,1,102694
7290000112220,false,טחינה גולמית 100%בארכה 500ג',רושדי תעשיות מזון בע,IL,טחינה 100% שומשום בא,,500.00,,false,,15.90,0.0318,true,1,107120
7290000112619,false,מרק עוף לתיבול והעשרה קנור 400 ג',יוניליוור ישראל מזון,IL,אבקת מרק עוף אמיתי ב,,400.00,100 גרם,false,,19.90,0.0497,true,1,102705
7290000116884,false,רוטב ברביקיו 350 ג' קנור,יוניליוור ישראל מזון,IL,רוטב ברביקיו קנור 30,,300.00,,false,,14.90,0.0497,true,1,102747
7290000116921,false,רוטב צ'ילי מתוק 370ג'12x קנור,יוניליוור ישראל מזון,IL,רוטב צילי מתוק קנור,,340.00,100 גרם,false,,14.90,0.0438,true,1,102748
7290000117171,false,נמס בכוס בטעם עוף דל 48 ג' קנור,יוניליוור ישראל מזון,IL,נמס בכוס קנור 10*10,,46.00,100 גרם,false,,7.80,0.1696,true,1,102752
7290000117720,false,קנור - נמס בכוס זוג פטריות 21.50 גרם * 2,יוניליוור ישראל מזון,IL,נמס בכוס קנור פטריות,,43.00,100 גרם,false,,6.90,0.1605,true,1,102758
7290000118277,false,כופתאות מצה להכנת מהירה 65 ג' קנור,יוניליוור ישראל מזון,IL,קניידלך קנור 2*65 גר,,130.00,100 גרם,false,,10.90,0.0838,true,1,102764
7290000118352,false,"לטקס קנור כשל""פ 170 גר'",יוניליוור ישראל מזון,IL,לטקס 2*85גר,,170.00,,false,,10.90,0.0641,true,1,102766
7290000120836,false,הלמנס מיונז אמיתי 394גר ADR,קונפקו אינק' די.בי.א,CA,מיונז הלמנס 394 גר,,394.00,100 גרם,false,,13.90,0.0353,true,1,102777
7290000120874,false,מיונז הלמנס לייט מופחת קלוריות 424ג,"שד' קילבורן 2816, שי",US,מיונז הלמנס לייט 424,,424.00,100 גרם,false,,13.90,0.0328,true,1,102778
7290000123363,false,צמקאו לאכילה ציפוי ואפייה 500 גרם,אתר צפת ממרחים וצימא,IL,צמקאו לאכילה ציפוי ו,,500.00,,false,,16.90,0.0338,true,1,102800
7290000134147,false,טעם וריח מוסקט טחון מיכל 40גר,תות ממתקי איכות,IL,מוסקט טחון 40גר,,40.00,100 גרם,false,,14.90,0.3725,true,1,118632
7290000134307,false,תבלין קינמון טחון 50 גר',תות ממתקי איכות,IL,קינמון טחון 50גר,,50.00,100 גרם,false,,5.90,0.1180,true,1,118668
7290000134314,false,תבלין תיבול לפיצה 120 ג',תות ממתקי איכות,IL,תיבול לפיצה 120גר,,120.00,,false,,9.90,0.0825,true,1,118690
7290000134338,false,תבלין אבקת שום טעם ו,תבליני טעם וריח,IL,אבקת שום 90גר,,90.00,100 גרם,false,,11.90,0.1322,true,1,118679
7290000134376,false,תבלין פפריקה בשמן 90 גר',תות ממתקי איכות,IL,פפריקה בשמן 100גר,,100.00,,false,,9.90,0.0990,true,1,118682
7290000134550,false,טעם וריח עלי דפנה שק,תות ממתקי איכות,IL,עלי דפנה 20גר,,20.00,,false,,4.90,0.2450,true,1,118672
7290000134666,false,תבלין רוזמרין 15ג',תות ממתקי איכות,IL,רוזמרין 15גר,,15.00,,false,,6.90,0.4600,true,1,118638
7290000134758,false,"תבלין תיבול לתפו""א 100 ג'",תות ממתקי איכות,IL,"תיבול לתפו""א 100גר",,100.00,,false,,10.90,0.1090,true,1,118693
7290000134826,false,תבלין זעתר מעורב 100 גר',תות ממתקי איכות,IL,זעתר מעורב במיכל 100,,100.00,100 גרם,false,,9.90,0.0990,true,1,118675
7290000134833,false,תבלין כמון טחון 100 גר',תות ממתקי איכות,IL,כמון טחון במיכל 100ג,,100.00,100 גרם,false,,9.90,0.0990,true,1,118683
7290000134840,false,תבלין כורכום טחון 100 גר',תות ממתקי איכות,IL,כורכום במיכל 100גר,,100.00,,false,,9.90,0.0990,true,1,118676
7290000134857,false,תבלין פפריקה מתוקה 100 גר',תות ממתקי איכות,IL,פפריקה מתוקה במיכל 1,,100.00,,false,,9.90,0.0990,true,1,118684
7290000134864,false,תבלין פפריקה חריפה 100 גר',"תבליני טעם וריח בע""מ",IL,פפריקה חריפה במיכל 1,,100.00,100 גרם,false,,9.90,0.0990,true,1,118685
7290000134871,false,תבלין פלפל שחור טחון 100 גר',תות ממתקי איכות,IL,פלפל שחור טחון 100גר,,100.00,,false,,14.90,0.1490,true,1,118686
7290000134987,false,תבלין פלפל שחור גרוס 90 גר',תבליני טעם וריח,IL,פלפל שחור גרוס 90גר,,90.00,100 גרם,false,,14.90,0.1656,true,1,118687
7290000135113,false,"משקה אנרגיה XL פחית ten נענע ליים 250 מ""ל",טמפו,IL,אקסל פחית טן ליים 25,,250.00,,false,,5.00,0.0200,true,1,185345
7290000135595,false,פפסי מקס בטעם דובדבן 1.5 ליטר,"איי, בי, אינבוו",IL,פפסי מקס בטעם דובדבן,,1500.00,,false,,7.90,0.0053,true,1,190825
7290000136141,false,משקה בטעם קולה 1.5ל' פפסי,פפסי Pepsi,IL,פפסי 1.5 ליטר,,1500.00,100 גרם,false,,7.90,0.0053,true,1,192498
7290000136165,false,מירינדה בקבוק 1.5 לי,מירינדה Mirinda,IL,טמפו מירינדה 1.5 ליט,,1500.00,100 גרם,false,,7.90,0.0053,true,1,192496
7290000136172,false,סבן אפ בקבוק 1.5 ליט,סבן אפ 7up,IL,סבן אפ 1.5 ליטר,,1500.00,100 גרם,false,,7.90,0.0053,true,1,192500
7290000136240,false,סודה 1.5 ליטר שישייה בודד,טמפו,IL,סודה טמפו 1.5ליטר,,1500.00,,false,,3.90,0.0026,true,1,192493
7290000136264,false,מי טוניק גזוז 1.5 ל' טמפו,טמפו,IL,מי טוניק טמפו 1.5ליט,,1500.00,,false,,13.00,0.0087,true,1,192483
7290000136431,false,משקה בטעם אפרסק צלול תריסר 1.5 ל' ג'אמפ,ג'אמפ,,גאמפ אפרסק צלול 1.5ל,,1500.00,100 גרם,false,,8.90,0.0059,true,1,192494
7290000136455,false,משקה בטעם אשכוליות תריסר 1.5 ל' ג'אמפ,ג'אמפ,IL,גאמפ אשכוליות 1.5ליט,,1500.00,,false,,8.90,0.0059,true,1,192488
7290000136486,false,משקה בטעם אשכוליות דיאט תריסר 1.5 ל' ג'אמפ,ג'אמפ,IL,גאמפ דיאט אשכוליות 1,,1500.00,,false,,8.90,0.0059,true,1,192492
7290000136516,false,משקה בטעם מנגו פסיפלורה תריסר 1.5 ל' ג'אמפ,ג'אמפ,IL,גאמפ מנגו פסיפלורה 1,,1500.00,100 גרם,false,,8.90,0.0059,true,1,192487
7290000136523,false,משקה בטעם ענבים תריסר 1.5 ל' ג'אמפ,ג'אמפ,IL,גאמפ ענבים 1.5ליטר ת,,1500.00,100 גרם,false,,8.90,0.0059,true,1,192489
7290000136561,false,משקה בטעם תות בננה תריסר 1.5 ל' ג'אמפ,ג'אמפ,IL,גאמפ תות בננה 1.5 לי,,1500.00,,false,,8.90,0.0059,true,1,192490
7290000136585,false,משקה בטעם תפוזים תריסר 1.5 ל' ג'אמפ,ג'אמפ,IL,גאמפ תפוזים 1.5 ליטר,,1500.00,,false,,8.90,0.0059,true,1,192491
7290000136608,false,משקה בטעם תפוח צלול תריסר 1.5 ל' ג'אמפ,ג'אמפ,IL,גאמפ תפוח צלול 1.5לי,,1500.00,100 גרם,false,,8.90,0.0059,true,1,192495
7290000136646,false,משקה מאלט תריסר 1.5 ל' נשר,טמפו,IL,נשר מאלט 1.5ליטר תרי,,1500.00,,false,,10.90,0.0073,true,1,192484
7290000136653,false,משקה מאלט דיאט תריסר 1.5 ל' נשר,טמפו,IL,נשר מאלט דיאט 1.5ליט,,1500.00,,false,,10.90,0.0073,true,1,192485
7290000136677,false,פפסי קולה פיקדון 1.5 ליטר,טמפו,IL,פפסי 1.5 ליטר,,1500.00,100 גרם,false,,7.90,0.0053,true,1,193091
7290000136790,false,מארז סודה שישייה 1.5 ל' טמפו,טמפו,IL,סודה טמפו 6* 1.5 ליט,,9000.00,100 גרם,false,,18.90,0.0021,true,1,192470
7290000136813,false,סודה בטעם אננס מארז רביעייה 1.5 ל' טמפו,טמפו,IL,סודה אננס טמפו 4* 1.,,6000.00,100 גרם,false,,12.90,0.0021,true,1,192474
7290000136820,false,סודה בטעם פירות יער מארז ריבעיה * 1.5 ל' טמפו,טמפו,IL,סודה פירות יער טמפו,,6000.00,,false,,12.90,0.0021,true,1,192475
7290000136844,false,מארז מים מזוככים אקווה נובה שישיית 2 ליטר,אקווה נובה Aqua Nova,IL,מי אקווה נובה 2 ליטר,,12000.00,100 גרם,false,,12.90,0.0011,true,1,192469
7290000136851,false,סבן אפ פיקדון 1.5 ליטר,טמפו,IL,סבן אפ 1.5 ליטר,,1500.00,100 גרם,false,,7.90,0.0053,true,1,193804
7290000139104,false,שלווה חיטה תפוחה ומת,"אשב""ל בע""מ",IL,שלווה 230גר,,230.00,100 גרם,false,,8.90,0.0387,true,1,104537
7290000139227,false,דגן לבן משפחתי אשבול 150ג',אשבול בעמ,IL,דגן לבן 150 גרם,,150.00,100 גרם,false,,8.90,0.0593,true,1,104540
7290000139234,false,דגן תפוח שלווה אשבול בטעם חמאה ודבש 150ג',,,דגן תפוח חמאה ודבש 1,,150.00,100 גרם,false,,8.90,0.0593,true,1,122693
7290000139623,false,פיצפוצי אורז לייט 450 גר',,,פצפוצי אורז לייט 375,,375.00,,false,,13.90,0.0371,true,1,104544
7290000144160,false,שמן זית כתית מעולה ארומתי מודגש 750מל,"מרקאולאו, ספרד.אבסה,",IT,שמן זית כתית מעולה א,,750.00,100 גרם,false,,34.90,0.0465,true,1,117614
7290000144467,false,שמן חמניות מועשר בנוגדי חמצון 1 ל' עץ הזית,"נארז ע""י : א.ג. גילר",GR,שמן חמניות בריאות מה,,1000.00,100 גרם,false,,17.90,0.0179,true,1,112164
7290000146928,false,"טום וגרי משחת שיניים בטעם ענבים 50 מ""ל",שוורצקוף& הנקל דיסלד,IL,טום וגרי משחת שיניים,,50.00,,false,,10.90,0.2180,true,1,106869
7290000146997,false,"טום וג'רי - משחת שיניים מסטיק 50 מ""ל",שוורצקוף& הנקל דיסלד,IL,טום וגרי משחת שיניים,,50.00,,false,,10.90,0.2180,true,1,106872
7290000149615,false,נקה 7 סבון מוצק לתינוק רביעיה * 100 ג',גליל כימיקלים בעממשו,IL,נקה 7 סבון מוצק לתינ,,400.00,,false,,11.90,0.0298,true,1,109439
7290000150956,false,עוף טוב מקלוני קבנוס 160 ג',מוצרי עוף טוב (2001),IL,מקלוני קבנוס עוף טוב,,160.00,,false,,12.90,0.0806,true,1,163682
7290000152943,false,פסטרמה כפרית +סלמי כפרי עוף טוב 350X2ג',מולינו ניקולי s.p.a,IL,סלמי+פסטרמה עוף טוב,,700.00,100 גרם,false,,29.90,0.0427,true,1,135210
7290000153445,false,קציצות בקר מתובלות עוף טוב 500 ג',מולינו ניקולי s.p.a,IL,קציצות בקר מתובלות ע,,500.00,,false,,29.90,0.0598,true,1,123291
7290000169538,false,"נמס בכוס עגבניות וקרוטונים מרק כשרות בד""ץ 62 ג' קנור",יוניליוור ישראל מזון,IL,נמס בכוס קנור עגבניו,,62.00,100 גרם,false,,6.90,0.1113,true,1,131311
7290000169798,false,"עוגי מופחת סוכר 20% פצפוצי שוקו' 500ג' בד""צ",יוניליוור שפע ישראל,IL,עוגי תלמה 500 גרם,,500.00,100 גרם,false,,21.90,0.0438,true,1,131817
7290000170053,false,שוקולד פרה 100 ג' חלב.,"תופינית בע""מ",IL,שוקולד פרה חלב 100גר,,100.00,,false,,6.50,0.0650,true,1,109915
7290000174723,false,אבקת שוקולית עלית קופסא 500ג',הנסיך- מפעל לייצור ט,IL,שוקולית אבקת שוקו על,,500.00,,false,,12.90,0.0258,true,1,109929
7290000176062,false,קפה טורקי בצלופן 100,שטראוס קפה בי.וי.,IL,קפה טורקי עלית 100 ג,,100.00,,false,,7.90,0.0790,true,1,109936
7290000176079,false,קפה טורקי עם היל עלית 100 ג',הנסיך- מפעל לייצור ט,IL,קפה טורקי עם הל עלית,,100.00,,false,,9.90,0.0990,true,1,109937
7290000176116,false,"קפה טורקי עלית וואקום 1 ק""ג",הנסיך- מפעל לייצור ט,IL,קפה טורקי עלית 1קג,,1000.00,,false,,69.90,0.0699,true,1,174158
7290000176413,false,קפה נמס אבקתי עלית 5,הנסיך- מפעל לייצור ט,IL,קפה נמס עלית 50 גרם,,50.00,,false,,8.90,0.1780,true,1,109942
7290000176420,false,קפה נמס אבקתי 200ג עלית,שטראוס קפה בי.וי,IL,קפה נמס עלית 200 גרם,,200.00,,false,,19.90,0.0995,true,1,109943
7290000176468,false,קפה נמס נטול קפאין 50 ג' קפה האג,"איי, בי, אינבוו",IL,האג קפה נטול קפאין 5,,50.00,,false,,10.90,0.2180,true,1,109944
7290000176475,false,קפה נמס האג נטול קפאין 200 ג',קריות זול,IL,האג קפה נטול קפאין 2,,200.00,,false,,35.90,0.1795,true,1,109945
7290000178707,false,חטיף תפוציפס טבעי 50,"שטראוס פריטו ליי בע""",IL,תפוציפס טבעי 50גר,,50.00,,false,,4.10,0.0820,true,1,103648
7290000185330,false,סילאן טבעי תמר כנרת,,,סילאן טבעי 900 גרם,,900.00,100 גרם,false,,23.90,0.0266,true,1,195324
7290000185590,false,סילאן טבעי לחיץ כנרת 650 גר',,,סילאן טבעי בבקבוק לח,,650.00,100 גרם,false,,19.90,0.0306,true,1,195317
7290000187952,false,נייר טואלט טריו לילי פרימיום 32גליל,קימברלי קלארק,IL,לילי טריו נייר טאולט,יחידה,0.00,יחידה,false,,49.90,0.0000,true,1,102392
7290000188553,false,קוטקס - מגן תחתון סילק נורמל 60 יח',קימברלי קלארק,CN,קוטקס נורמל מגני תחת,,60.00,,false,,18.90,0.3150,true,1,119111
7290000188591,false,קוטקס - מגן תחתון סילק יאנג 60 יח',קימברלי קלארק,CN,קוטקס יאנג מגני תחתו,,60.00,,false,,18.90,0.3150,true,1,119113
7290000189192,false,מגבת רב שימושית סופר ניקול 64 דף,קימברלי קלארק,CO,סופר מגבת רב פעמית נ,,11.00,,false,,22.90,2.0818,true,1,102402
7290000189215,false,מטלית קסם לרצפה ניקו,קריות זול,CN,מטלית הקסם לרצפה ניק,יחידה,0.00,יחידה,false,,12.90,0.0000,true,1,102404
7290000189550,false,אשפתון 78X90 ענק ניקול 20יח',קריות זול,IL,אשפתון זוג ענק 20 מת,,20.00,,false,,25.90,1.2950,true,1,102409
7290000189598,false,מטליות לחות חד פעמיות לניקוי כללי 50 יח' ניקול,עלבד משואות יצחק בעמ,IL,מטליות לחות לניקוי כ,,50.00,,false,,10.90,0.2180,true,1,102410
7290000189871,false,אשפתון שרוך מתכלה ניקול 60יח',אשפלסט,IL,אשפתון 60 שקיות מתכל,,60.00,100 גרם,false,,25.90,0.4317,true,1,102414
7290000190068,false,מפיות אירוח לבן 100 יחי' ניקול,חוגלה קימברלי,IL,מפיות ניקול 100 יח,,100.00,,false,,7.90,0.0790,true,1,102415
7290000190150,false,מפיות נייר מודפסות 3 שכבות ניקול 20 יח',קריות זול,SI,מפיות מודפסות 3 שכבו,,102.00,,false,,7.90,0.0775,true,1,98373
7290000190198,false,מטליות לניקוי וחיטוי חדרי שירותים ואמבטיה,עלבד משואות יצחק בעמ,IL,מטליות לחות לניקוי ש,יחידה,0.00,יחידה,false,,10.90,0.0000,true,1,132064
7290000191225,false,האגיס - רך נולד מידה 2 מוקטן 44 יח',קימברלי קלארק שיווק,IL,האגיס ליטל בייביס ני,יחידה,0.00,יחידה,false,,35.90,0.0000,true,1,136766
7290000191539,false,ממחטות טישו לילי צבעוני חמישיה,חוגלה קימברלי,IL,לילי צבעוני חמישיה 5,,593.00,,false,,17.50,0.0295,true,1,102422
7290000191652,false,קלינקס ממחטות טישו אולטרא סופט מארז 90X3יח',חוגלה קימברלי,IL,קלינקס קלאסיק ניילון,יחידה,0.00,יחידה,false,,11.90,0.0000,true,1,127871
7290000193076,false,ניקול שלשיית מטליות לרצפה,עופרטקס,,מטליות בד לרצפה ניקו,יחידה,0.00,יחידה,false,,8.90,0.0000,true,1,144761
7290000193083,false,לילי - תחבושות נובה לי 28 יח',חוגלה קימברלי,IL,נובה לי לילי תחבושות,,28.00,,false,,10.90,0.3893,true,1,102427
7290000193205,false,לילי תחבושות נטורל לילה 20 יח',קריות זול,,לילי תחבושות נטורל ל,,20.00,,false,,14.90,0.7450,true,1,102428
7290000193472,false,לילי מגני תחתון נטורל נורמל 60 יח',חוגלה קימברלי,IL,לילי מגני תחתון נטור,,60.00,,false,,14.90,0.2483,true,1,98381
7290000193540,false,לילי אינטימייט מגן תחתון לונג 52יח',חוגלה קימברלי,IL,לילי מגני תחתון נטור,,52.00,,false,,14.90,0.2865,true,1,102429
7290000193649,false,לילי תחבושות נטורל אולטרה סופר 24 יח',קריות זול,,לילי תחבושות נורמל א,יחידה,0.00,יחידה,false,,14.90,0.0000,true,1,98383
7290000193656,false,לילי תחבושות נטורל אולטרה סופר פלוס 24 יח',קריות זול,,לילי תחבושות נטורל א,יחידה,0.00,יחידה,false,,14.90,0.0000,true,1,98384
7290000193793,false,לילי תחבושות אינטימי נורמל אולט' 24 יח',קריות זול,,לילי תחבושות אולטרה,יחידה,0.00,יחידה,false,,14.90,0.0000,true,1,98385
7290000194172,false,חטיפי ממתקים ללא סוכ,ממתקי השלום,IL,חטיפי ממתקים ללא סוכ,יחידה,0.00,יחידה,false,,13.50,0.0000,true,1,121127
7290000194837,false,ניקול - שקיות מזון + ידיות קשירה אקסטרה לארג' 200 יח',קילת,CN,ניקול שקיות מזון XL,יחידה,0.00,יחידה,false,,11.90,0.0000,true,1,162838
7290000195216,false,נייר אפייה בשקית ניקול 50 יח',אופל,,נייר אפיה 50יח ניקול,,50.00,100 גרם,false,,11.90,0.2380,true,1,133589
7290000196039,false,"מפות שולחן איריס ח""פ ניקול 2 יח'",קריות זול,IL,מפות שולחן זוג ניקול,,250.00,,false,,9.90,0.0396,true,1,102446
7290000196763,false,ניקול שקיות לאשפה השקית החזקה 40 יח',אשפלסט,IL,השקית החזקה ניקול,יחידה,0.00,יחידה,false,,25.90,0.0000,true,1,162829
7290000197012,false,ניקול שקיות ניילון ריצרץ לאחסון 15יח',קריות זול,CN,ניקול שקיות ניילון ר,יחידה,0.00,יחידה,false,,12.90,0.0000,true,1,102447
7290000197081,false,ניקול ניילון נצמד חסכון 150 מ',אופל,IL,ניילון נצמד 150 מטר,יחידה,150.00,יחידה,false,,26.90,0.1793,true,1,102449
7290000197326,false,רדיד אלומניום ניקול זוגי 30X7.5מ',קריות זול,IL,ניקול רדיד אלומיניום,,15.00,,false,,11.90,0.7933,true,1,102451
7290000197340,false,רדיד אלומניום ניקול זוגי 45X7.5מ',קריות זול,IL,ניקול רדיד אלומיניום,,15.00,,false,,16.90,1.1267,true,1,102452
7290000197456,false,האגיס - פרידום דריי שלב 4 44 יח',קימברלי קלארק ישראל,IL,האגיס פרידום דריי של,יחידה,0.00,יחידה,false,,48.90,0.0000,true,1,136702
7290000197463,false,האגיס - פרידום דריי שלב 4+ 40 יח',קימברלי קלארק ישראל,IL,האגיס פרידום דריי של,יחידה,0.00,יחידה,false,,48.90,0.0000,true,1,136703
7290000197470,false,שקיות רב שימושית 50 יח' ניקול,אשלפסט תעשיות בעמ,IL,"שקיות רב""ש להקפאה",,50.00,,false,,14.90,0.2980,true,1,102454
7290000197548,false,האגיס - פרידום דריי שלב 5 36 יח',קימברלי קלארק ישראל,IL,האגיס פרידום דריי של,יחידה,0.00,יחידה,false,,48.90,0.0000,true,1,136704
7290000197678,false,האגיס - פרידום פלוס שלב 6 30 יח',קימברלי קלארק ישראל,IL,האגיס פרידום דריי של,יחידה,0.00,יחידה,false,,48.90,0.0000,true,1,136705
7290000197753,false,ניילון נצמד אנטי בטקריאלי ניקול 30X2מ',קריות זול,,ניילונית זוג ניקול,,60.00,,false,,11.90,0.1983,true,1,102457
7290000197982,false,רדיד אלומיניום עבה 45 ניקול 7.5 מ' זוגי,אופל,IL,ניקול רדיד אלומיניום,,15.00,,false,,19.90,1.3267,true,1,102459
7290000199313,false,קוטקס - תחבושות יאנג 30 יח',KC Turkey,,קוטקס תחבושות נורמל,,28.00,,false,,18.90,0.6750,true,1,102462
7290000201849,false,טיטולים פרימיום שלב 4 40 יח',חוגלה קימברלי,IL,טיטולים פרימיום שלב,יחידה,0.00,יחידה,false,,34.90,0.0000,true,1,135759
7290000201856,false,טיטולים פרימיום שלב 4 + 40יח',חוגלה קימברלי,IL,טיטולים פרימיום שלב4,יחידה,0.00,יחידה,false,,34.90,0.0000,true,1,135760
7290000201863,false,טיטולים פרימיום שלב 5 34 יח',חוגלה קימברלי,IL,טיטולים פרימיום שלב,יחידה,0.00,יחידה,false,,34.90,0.0000,true,1,135761
7290000201870,false,טיטולים פרימיום שלב 6 30 יח',חוגלה קימברלי,IL,טיטולים פרימיום שלב,יחידה,0.00,יחידה,false,,34.90,0.0000,true,1,135762
7290000204086,false,כרית קרצוף סקוטש ניקול 1+2,חוגלה קימברלי,US,כרית קרצוף ניקול 3 י,יחידה,0.00,יחידה,false,,12.90,0.0000,true,1,102464
7290000204215,false,ניקול כריות יפניות 6 יח',פלסטו פוליש (ברקן),IL,כריות יפניות ניקול 6,,4.00,,false,,12.90,3.2250,true,1,102466
7290000204253,false,מטליות ניקול רב שימושיות 9יח',נועם אורים-קיבוץ אור,IL,מטלית רב שימושית ניק,,9.00,,false,,12.90,1.4333,true,1,102468
7290000204611,false,ספוגיות הקסם ניקול 6יח',קריות זול,US,ספוגית הקסם ניקול 6י,,6.00,,false,,12.90,2.1500,true,1,102470
7290000207162,false,רוטב עגבניות מרכיב טבעי 100 ג' יכין,"זנלכל בע""מ",IL,רוטב עגבניות 22% 100,,100.00,100 גרם,false,,2.50,0.0250,true,1,97534
7290000208022,false,עגבניות מרוסקות פריכוז 800 ג' יכין,"זנלכל בע""מ",IL,עגבניות מרוסקות 800ג,,800.00,,false,,9.90,0.0124,true,1,97538
7290000208077,false,אפונת גינה גדולה 550 גרם יכין,"זנלכל בע""מ",IL,אפונה גדולה יכין 550,,550.00,,false,,8.90,0.0162,true,1,97540
7290000208114,false,אפונת גינה וגזר 550 ג' יכין,"זנלכל בע""מ",IL,אפונה וגזר יכין 550ג,,550.00,100 גרם,false,,8.90,0.0162,true,1,97541
7290000208213,false,שעועית לבנה אפויה A2 ברוטב עגבניות יכין 560ג',היינץ צפון אמריקה מק,IL,שעועית לבנה ברוטב עג,,580.00,,false,,9.90,0.0171,true,1,97547
7290000208220,false,שעועית צילי חריף 550 ג' יכין,היינץ צפון אמריקה מק,IL,שעועית צילי יכין 550,,550.00,100 גרם,false,,9.90,0.0180,true,1,97548
7290000208244,false,בסיס עגבניות לשקשוקה 570 ג' יכין,"זנלכל בע""מ",IL,בסיס עגבניות לשקשוקה,,570.00,100 גרם,false,,9.90,0.0174,true,1,97550
7290000208312,false,גרעיני תירס מתוק בואקום יכין 400 גר',"זנלכל בע""מ",IL,תירס מתוק ואקום יכין,,400.00,100 גרם,false,,6.90,0.0173,true,1,97554
7290000208329,false,גרעיני תירס מתוק A2 יכין 550ג',"זנלכל בע""מ",IL,תירס מתוק יכין 550גר,,550.00,,false,,8.90,0.0162,true,1,97555
7290000208336,false,רסק עגבניות 22% יכין 240ג',"זנלכל בע""מ",IL,רוטב עגבניות יכין 22,,240.00,100 גרם,false,,4.50,0.0188,true,1,97556
7290000208343,false,עגבניות מרוסקות שום יכין 800 גר,היינץ צפון אמריקה מק,IL,עגבניות מרוסקות עם ש,,800.00,,false,,9.90,0.0124,true,1,97558
7290000208350,false,עגבניות מרוסקות עם שום 800 ג' יכין,זנלכל,IL,עגבניות מרוסקות עם ב,,800.00,,false,,9.90,0.0124,true,1,97559
7290000208428,false,חומוס שלם יכין 550גר,"זנלכל בע""מ",IL,חומוס שלם יכין 550גר,,550.00,100 גרם,false,,9.90,0.0180,true,1,97562
7290000208855,false,רוטב פסטה עגבניות יכין 240 ג',"זנלכל בע""מ",IL,רוטב לפסטה קלאסי יכי,,240.00,100 גרם,false,,5.90,0.0246,true,1,97576
7290000208930,false,עגבניות מרוסקות בתוספת שום 240 ג' יכין,"זנלכל בע""מ",IL,עגבניות מרוסקות ושום,,240.00,100 גרם,false,,5.90,0.0246,true,1,97579
7290000208947,false,עגבניות מרוסקות 240 גרם יכין,היינץ צפון אמריקה מק,IL,עגבניות מרוסקות יכין,,240.00,100 גרם,false,,5.90,0.0246,true,1,97580
7290000209012,false,חומץ הדרים יכין 1 לי,"זנלכל בע""מ",IL,חומץ הדרים יכין 1 לי,,1000.00,100 גרם,false,,5.90,0.0059,true,1,97583
7290000209043,false,מיץ לימון משומר 1 ל' יכין,היינץ צפון אמריקה מק,IL,מיץ לימון משומר 1ל,,1000.00,100 גרם,false,,5.90,0.0059,true,1,97584
7290000209173,false,חומץ סינטטי יכין 1 ל,זנלכל,IL,חומץ סינטטי יכין 1 ל,,1000.00,100 גרם,false,,5.90,0.0059,true,1,97588
7290000209371,false,שלישיית תירס קטן יכי,היינץ צפון אמריקה מק,IL,תירס יכין שלישייה 3*,,495.00,,false,,14.90,0.0301,true,1,135467
7290000209388,false,תירס גרגרים לייט וואקום מארז 60X3ג',יכין,,תירס ליייט שלישייה 3,,495.00,,false,,14.90,0.0301,true,1,135468
7290000209517,false,סירופ יכין לימון דיא,היינץ צפון אמריקה מק,IL,סירופ דייאט לימון יכ,,1000.00,100 גרם,false,,16.90,0.0169,true,1,97600
7290000209524,false,סירופ דייאט פטל יכין,זנלכל,IL,סירופ דיאט פטל יכין,,1000.00,,false,,16.90,0.0169,true,1,97601
7290000209531,false,סירופ דייאט אשכוליות,זנלכל,IL,סירופ דייאט אשכוליות,,1000.00,,false,,16.90,0.0169,true,1,97602
7290000209579,false,סירופ דיאט אננס 1 ליטר,"זנלכל בע""מ",IL,סירופ דייאט אננס יכי,,1000.00,,false,,16.90,0.0169,true,1,97605
7290000209708,false,עגבניות מרוסקות עם בזיליקום 240 גרם יכין,היינץ צפון אמריקה מק,IL,עגבניות מרוסקות בזיל,,240.00,,false,,5.90,0.0246,true,1,97607
7290000209722,false,רסק עגבניות 28% פריכוז 580 גרם יכין,"זנלכל בע""מ",IL,רסק עגבניות פריכוז 2,,580.00,,false,,10.90,0.0188,true,1,97609
7290000209906,false,עגבניות מרוסקות בתוספת בצל 240 ג' יכין,זנלכל,IL,עגבניות מרוסקות בצל,,240.00,,false,,5.90,0.0246,true,1,97610
7290000209913,false,עגבניות קוביות יכין 240 ג',"זנלכל בע""מ",IL,עגבניות קוביות יכין,,240.00,100 גרם,false,,5.90,0.0246,true,1,97611
7290000210896,false,רוטב בולונז לפסטה יכין 240 גר',"זנלכל בע""מ",IL,רוטב בולונז יכין 240,,240.00,,false,,5.90,0.0246,true,1,118432
7290000211169,false,"אורז תאילנדי אחד אחד סוגת 1 ק""ג",האי נאם סי או אל.טי.,IL,אורז תאילנדי סוגת 1ק,,1000.00,,false,,8.90,0.0089,true,1,107951
7290000211312,false,סוגת אורז מלא פרסי אחד אחד 1 קג,האי נאם סי או אל.טי.,IL,אורז מלא פרסי סוגת 1,,1000.00,,false,,9.90,0.0099,true,1,107952
7290000211381,false,"סוכר חום כהה בשקית סוגת 1 ק""ג",טונגאט היולט שוגר בע,ZA,סוכר חום כהה בשקית ס,,1000.00,,false,,10.90,0.0109,true,1,107954
7290000211442,false,"סוגת אורז פרסי קלאסי שקית 1 ק""ג",האי נאם סי או אל.טי.,IL,אורז בסגנון פרסי קלא,,1000.00,,false,,10.90,0.0109,true,1,107956
7290000211503,false,סוכר לבן ארוז בשקית,"סוגת תעשיות בע""מ",IL,"סוכר סוגת 1 ק""ג",,1000.00,100 גרם,false,,4.90,0.0049,true,1,107957
7290000211626,false,"אורז חיש 1 ק""ג סוגת",סוגת תעשיות,IL,אורז חיש סוגת 1קג,,1000.00,,false,,10.90,0.0109,true,1,107959
7290000211985,false,"אורז ריזוטו עגול סוגת 1 ק""ג","סוגת תעשיות בע""מ",IL,אורז עגול סוגת 1קג,,1000.00,100 גרם,false,,12.90,0.0129,true,1,107961
7290000212173,false,וופל טעם שוקולד מנעמים 500 ג',קריות זול,,וופל טעם שוקולד מנעמ,,200.00,100 גרם,false,,9.90,0.0495,true,1,107121
7290000212401,false,וופל מצופית מנעמים 400ג',קריות זול,,וופל מצופית מנעמים 4,,400.00,100 גרם,false,,10.90,0.0273,true,1,107124
7290000212579,false,וופל מצופה מנעמים מארז 40X20ג',מנעמים תעשיות מזון,IL,וופל מצופה מנעמים 40,,800.00,,false,,18.90,0.0236,true,1,107125
7290000214115,false,מרק עוף בצנצנת 400 ג' ויטה,"פרי הגליל בע""""מ",IL,מרק עוף ויטה 400 גר,,400.00,100 גרם,false,,12.90,0.0323,true,1,113527
7290000218502,false,חמין ויטה 568 גרם,"פרי הגליל בע""""מ",IL,חמין ויטה 568 גרם,,568.00,100 גרם,false,,9.90,0.0174,true,1,113536
7290000226514,false,עוגת דובוש ריבת חלב 400 גר',קפולסקי שיווק וקמעונ,IL,עוגת דובוש ריבת חלב,,450.00,100 גרם,false,,39.90,0.0887,true,1,113566
7290000226569,false,עוגת טורט קצפת שוקולד 1 קג',קפולסקי שיווק וקמעונ,IL,עוגת טורט קצפת שוקול,,1000.00,,false,,64.90,0.0649,true,1,113570
7290000226613,false,עוגות דובוש מצופה שוקולד 400 גר',קפולסקי שיווק וקמעונ,IL,עוגת דובוש מצופה בטע,,450.00,100 גרם,false,,39.90,0.0887,true,1,113573
7290000238029,false,"בצק עלים צרפתי מרודד מעדנות 1ק""ג",מיוצר עי קונדיטוריית,IL,בצק עלים מרודד מעדנו,,1000.00,100 גרם,false,,19.90,0.0199,true,1,105779
7290000238036,false,מלאווח 6יח' מעדנות 700ג',מיוצר עי קונדיטוריית,IL,מלווח מעדנות קופסא 7,,700.00,100 גרם,false,,15.90,0.0227,true,1,105780
7290000238173,false,בורקס גבינה 800 ג' מעדנות,מיוצר עי קונדיטוריית,IL,בורקס גבינה מעדנות 8,,800.00,100 גרם,false,,19.90,0.0249,true,1,105781
7290000238180,false,בורקס תפוחי אדמה מעדנות 800ג',מיוצר עי קונדיטוריית,IL,"בורקס תפו""א מעדנות 8",,800.00,100 גרם,false,,17.90,0.0224,true,1,105782
7290000243566,false,"שמן קנולה בריאות 750 מ""ל",שמן תעשיות,EE,שמן קנולה בריאות עץ,,750.00,100 גרם,false,,13.90,0.0185,true,1,127233
7290000244051,false,"סבון נוזלי הוואי מ.טרופי - שלישיה * 500 מ""ל",קריות זול,,הוואי אל סבון טרופי,,1500.00,100 גרם,false,,16.90,0.0113,true,1,106877
7290000244761,false,"ולוטה - קרם ידיים 100 מ""ל",תאי פרזידנט פוד פאבל,IL,ולוטה קרם ידיים 80מל,,100.00,,false,,13.90,0.1390,true,1,106889
7290000245072,false,סוד מרכך לכביסה סופט בייבי 4 ל',"הנקל סוד בע""מ",IL,סוד מרכך כביסה בייבי,ליטרים,4.00,ליטר,false,,16.90,4.2250,true,1,106894
7290000245089,false,סוד סופט מרכך כביסה סגול 4 ליטר,"הנקל סוד בע""מ",IL,סוד מרכך כביסה הניצן,ליטרים,4.00,ליטר,false,,16.90,4.2250,true,1,106895
7290000245157,false,סוד סופט מרכך כביסה סנסיישן 4 ליטר,"הנקל סוד בע""מ",IL,סוד מרכך כביסה סנסיי,ליטרים,4.00,ליטר,false,,16.90,4.2250,true,1,106901
7290000245270,false,"פרסיל אבקת כביסה סופרא 1.250 ק""ג","הנקל סוד בע""מ",IL,פרסיל סופרא שקית אבק,קילוגרמים,1.25,"ק""ג",false,,14.90,11.9200,true,1,106907
7290000245287,false,"פרסיל אבקת כביסה 1.250 ק""ג קולור ויניגר","הנקל סוד בע""מ",IL,פרסיל קולור שקית אבק,קילוגרמים,1.25,"ק""ג",false,,14.90,11.9200,true,1,106908
7290000245478,false,"אבקת כביסה לבגדי תינוקות 1.25 ק""ג סוד","הנקל סוד בע""מ",IL,סוד בייבי אבקת כביסה,קילוגרמים,1.25,"ק""ג",false,,12.90,10.3200,true,1,106919
7290000245508,false,"קומפקט סוד 1.25ק""ג שושו מרענן -מרכז","הנקל סוד בע""מ",IL,סוד פרפקט אבקת כביסה,קילוגרמים,1.25,"ק""ג",false,,12.90,10.3200,true,1,106921
7290000245539,false,"קומפקט סוד 1.250 ק""ג קולור לכביסה צבעונית","הנקל סוד בע""מ",IL,סוד קומפקט קולור אבק,קילוגרמים,1.25,"ק""ג",false,,12.90,10.3200,true,1,106923
7290000245782,false,סוד סופט מרכך כביסה ורוד 4 ליטר,"הנקל סוד בע""מ",IL,סוד מרכך כביסה ורדי,ליטרים,4.00,ליטר,false,,16.90,4.2250,true,1,106937
7290000245799,false,סוד סופט מרכך כביסה כחול 4 ליטר,"הנקל סוד בע""מ",IL,סוד מרכך כביסה פעמונ,ליטרים,4.00,ליטר,false,,16.90,4.2250,true,1,106938
7290000253220,false,שוקולד צ'יפס חום אופנהיימר 260 גר',אופנהיימר,IL,שוקולד ציפס 300גר,,300.00,,false,,14.50,0.0483,true,1,97732
7290000253251,false,שוקולד צ'יפס לבן אופנהיימר 300ג',אופנהיימר,IL,שוקולד ציפס לבן 250,,250.00,,false,,14.50,0.0580,true,1,97733
7290000262031,false,נייר טואלט מולט לב 32 גליל,חוגלה קימברלי,,מולט לב נייר טואלט 3,,1850.00,,false,,29.90,0.0162,true,1,102471
7290000263359,false,האגיס - פיור נטורל שלב 1 ניו בורן 40 יח',קימברלי קלארק שיווק,IL,האגיס ליטל בייביס ני,יחידה,0.00,יחידה,false,,35.90,0.0000,true,1,118028
7290000267043,false,שקדים מולבנים פרוסים,"דין שיווק וקליה בע""מ",IL,שקד פרוס השף 100גר,,100.00,100 גרם,false,,10.90,0.1090,true,1,120976
7290000267050,false,שקדים טבעיים טחונים,"דין שיווק וקליה בע""מ",IL,שקד טחון השף 100 גר,,100.00,100 גרם,false,,10.90,0.1090,true,1,120977
7290000267548,false,אגוזי מלך גרוסים 100 ג',דין שיווק,IL,אגוזי מלך גרוסים השף,,100.00,,false,,12.90,0.1290,true,1,129089
7290000267586,false,גרעייני חמניה קלופים 150 גר,"דין שיווק וקליה בע""מ",IL,גרעייני חמניה קלופים,,150.00,100 גרם,false,,5.90,0.0393,true,1,130733
7290000267678,false,גרעיני דלעת קלופים ט,"דין שיווק וקליה בע""מ",IL,גרעיני דלעת טבעי קלו,,150.00,100 גרם,false,,7.90,0.0527,true,1,130734
7290000272696,false,עסיס מיץ לימון טבעי משומר 1 ל' אסם,בית-השיטה עסיס תעשיו,IL,מיץ לימון טבעי משומר,,1000.00,,false,,11.90,0.0119,true,1,99224
7290000272726,false,חומץ טבעי 5% עסיס 1 ל' אסם,בית השיטה עסיס תעשיו,IL,חומץ טבעי 5% עסיס 1,,1000.00,,false,,7.90,0.0079,true,1,99226
7290000286228,false,כרית קרצוף לכלים סנו סושי 6יח',סנו מפעלי ברונו בעמ,IL,סנו סושי ספוגיות לני,יחידה,0.00,יחידה,false,,11.90,0.0000,true,1,101761
7290000286297,false,"סנו אנטי קאלק מסיר אבן מקומקום 700 מ""ל",סנו מפעלי ברונוס בעמ,IL,אנטי קאלק מסיר אבן מ,,700.00,100 גרם,false,,10.90,0.0156,true,1,101762
7290000286921,false,"סנוקל רסס וכבס 750 מ""ל",סנו מפעלי ברונוס בעמ,IL,סנוקל רסס כבס להסרת,,750.00,,false,,17.90,0.0239,true,1,101778
7290000287102,false,"סנו שמפו שטיחים אירוסול 600 מ""ל",מיוצר עי קונדיטוריית,IL,סנו שמפו שטיחים 540מ,,540.00,100 גרם,false,,21.90,0.0406,true,1,101781
7290000287430,false,סנובון צבעוני לאסלה בריח לימון שלישייה,סנו מפעלי ברונו בעמ,IL,סנובון שלישיה צבעוני,,165.00,,false,,12.90,0.0782,true,1,101792
7290000287485,false,סנובון לובר לאסלה 3 יח' * 55 ג',סנו מפעלי ברונו בעמ,IL,סנובון שלישיה לובר,,165.00,,false,,12.90,0.0782,true,1,101793
7290000287492,false,"סנו - סנובון נוזלי לימון 750 מ""ל","איי, בי, אינבוו",IL,סנובון נוזלי לימון 7,,750.00,100 גרם,false,,10.90,0.0145,true,1,101794
7290000287607,false,לאסלות סנו בלו גדול,קריות זול,IL,סנו בלו לאסלה 150גר,,150.00,,false,,19.90,0.1327,true,1,101796
7290000287621,false,"מנקה אסלות סנו אנטי קאלק 750 מ""ל,",מיוצר עי קונדיטוריית,IL,אנטי קאלק W.C מנקה א,,750.00,100 גרם,false,,10.90,0.0145,true,1,101797
7290000288017,false,ז'אוול אקונומיקה 1ל'-לימון,"סנו מפעלי ברונוס בע""",IL,אקונומיקה סנו ז'אוול,,1000.00,,false,,8.90,0.0089,true,1,101805
7290000288024,false,סנו - ז'אוול אקונומיקה בריח לימון 4 ליטר,"סנו מפעלי ברונוס בע""",IL,אקונומיקה סנו ז'אוול,ליטרים,4.00,ליטר,false,,17.90,4.4750,true,1,101806
7290000288048,false,סנו ז'אוול קצף לבנדר מרסס 1ל',"סנו מפעלי ברונוס בע""",IL,סנו ז'אוול מרסס מונט,,1000.00,100 גרם,false,,19.90,0.0199,true,1,101808
7290000288086,false,"סנו ז'אוול אבקת ואקונומיקה לימון 600 מ""ל",מיוצר עי קונדיטוריית,IL,סנו ז'אוול אבקת לניק,,600.00,,false,,9.90,0.0165,true,1,101812
7290000288109,false,"אבקת כביסה מקסימה אפקט ג''אוול 1.25 ק""ג סנו",סנו מפעלי ברונוס בעמ,IL,סנו מקסימה אבקת כביס,קילוגרמים,1.25,"ק""ג",false,,14.90,11.9200,true,1,101813
7290000288642,false,סנו - מקסימה מרכך כביסה סנסטיב ורוד 4 ליטר,"סנו מפעלי ברונוס בע""",IL,סנו מקסימה מרכך כביס,ליטרים,4.00,ליטר,false,,22.90,5.7250,true,1,101827
7290000288727,false,"אבקת כביסה מקסימה מאסק 1.25 ק""ג סנו",קריות זול,IL,סנו מקסימה מאסק אבקת,קילוגרמים,1.25,"ק""ג",false,,14.90,11.9200,true,1,101828
7290000289069,false,סנו - ז'אוול מרסס קצף ניקוי בתוספת אקונומיקה בריח לימון 1 ליטר,"סנו מפעלי ברונוס בע""",IL,סנו ז'אוול מרסס לימו,,1000.00,100 גרם,false,,19.90,0.0199,true,1,101833
7290000289380,false,"סנו - ז'אוול לניקוי אסלות לימון 750 מ""ל",סנו,IL,גל לאסלות סנו זאוול,,750.00,100 גרם,false,,10.90,0.0145,true,1,101838
7290000289496,false,"סנו - ז'אוול ג'ל קרם לניקוי כללי לימון 750 מ""ל",הורביץ סחר,IL,סנו ז'אוול ג'ל קרם מ,,750.00,,false,,12.90,0.0172,true,1,101841
7290000289748,false,"סנו פורטה פלוס מסיר שומנים לתנור 750מ""ל","סנו מפעלי ברונוס בע""",IL,סנו פורטה פלוס לתנור,,750.00,,false,,14.90,0.0199,true,1,101846
7290000291932,false,"סנובון לניקוי לבנדר 750מ""ל","איי, בי, אינבוו",IL,סנובון נוזלי תפוח וק,,750.00,100 גרם,false,,10.90,0.0145,true,1,101857
7290000292137,false,"סנו: נוזל ניקוי וטיפול במוצרי עור 500 מ""",מיוצר עי קונדיטוריית,IL,סנו לניקוי עור 500מל,,500.00,,false,,29.90,0.0598,true,1,101860
7290000292311,false,סנו פוליווקס לרצפות סחלבים 2ל',"סנו מפעלי ברונוס בע""",IL,פוליויקס סחלבים 2ליט,ליטרים,2.00,ליטר,false,,21.90,10.9500,true,1,101862
7290000292687,false,סנובון לאסלה כחול אפרסק נתלה 55X3ג',מיוצר עי קונדיטוריית,IL,סנובון לאסלה כחול של,,165.00,,false,,16.90,0.1024,true,1,101873
7290000293073,false,מרכך כביסה מקסימה ביו לבן 4 ל' סנו,"סנו מפעלי ברונוס בע""",IL,סנו מקסימה מרכך כביס,ליטרים,4.00,ליטר,false,,22.90,5.7250,true,1,101879
7290000293943,false,סנו אנטי קאלק מסיר אבנית וחלודה 1ל',מיוצר עי קונדיטוריית,IL,אנטי קאלק מרסס 1ליטר,,1000.00,100 גרם,false,,20.90,0.0209,true,1,101886
7290000294575,false,סנו סושי רב מגבת 63 דפים בגליל,סנו,IL,סנו סושי רב מגבת 63ד,,200.00,100 גרם,false,,12.90,0.0645,true,1,137387
7290000294780,false,סנו - ז'אוול אקונומיקה סמיכה מבושמת 4 ליטר,"סנו מפעלי ברונוס בע""",IL,אקונומיקה סנו ז'אוול,ליטרים,4.00,ליטר,false,,17.90,4.4750,true,1,101895
7290000295121,false,מטליות זיגזג סנו סושי לניקוי רצפות 3יח',קריות זול,IL,מטלית זיגזג 3יח,,3.00,,false,,11.90,3.9667,true,1,101897
7290000295299,false,כרית קרצוף יפניות סנו סושי 4 יח',סנו מפעלי ברונו בעמ,IL,סנו סושי כריות יפניו,,4.00,,false,,11.90,2.9750,true,1,101899
7290000295336,false,"סנו - מקסימה אבקת כביסה סנסטיב 1.25 ק""ג",סנו מפעלי ברונוס בעמ,IL,סנו מקסימה סנסיטיב א,קילוגרמים,1.25,"ק""ג",false,,14.90,11.9200,true,1,101901
7290000295343,false,"אבקת כביסה מקסימה ביו 1.25 ק""ג סנו",קריות זול,IL,סנו מקסימה ביו אבקת,קילוגרמים,1.25,"ק""ג",false,,14.90,11.9200,true,1,101902
7290000295404,false,סנו סושי שקית אשפה חזקות 70*50 60 יח',מיוצר עי קונדיטוריית,IL,שקיות אשפה 60 יח סנו,,60.00,,false,,24.90,0.4150,true,1,101904
7290000295558,false,רדיד אלומיניום סנו סושי זוגי 30X7.5מ',מולינו ניקולי s.p.a,CN,סנו סושי צמד רדידי א,,0.30,,false,,10.90,36.3333,true,1,101909
7290000295794,false,כרית מתכת סנו סושי אל חלד 3יח',,,ספוגית מתכת סנו סושי,יחידה,0.00,יחידה,false,,9.90,0.0000,true,1,177308
7290000300900,false,טבעול שניצל תירס 8*750גרם רכיבים טבעיים,עיצובים 2020 (4.8),IL,שניצל תירס טבעול 750,,750.00,,false,,28.90,0.0385,true,1,99237
7290000303581,false,פול מצרי A-2 פרי הגליל 560ג',"פרי הגליל בע""""מ",IL,פול מיצרי 560גר,,560.00,100 גרם,false,,7.90,0.0141,true,1,113578
7290000303598,false,שעועית אפוייה A2 פרי גליל 570 ג',"פרי הגליל בע""""מ",IL,שעועית אפוייה 550גר,,550.00,,false,,7.90,0.0144,true,1,113579
7290000303604,false,חומוס גרגירים A2 פרי גליל 550ג',"פרי הגליל בע""""מ",IL,חומוס גרגירים 550גר,,550.00,100 גרם,false,,7.90,0.0144,true,1,113580
7290000307015,false,אפונת גינה גדול A2 פרי גליל 550ג',"פרי הגליל בע""""מ",IL,אפונת גינה גדולה 550,,550.00,,false,,7.90,0.0144,true,1,113581
7290000307046,false,אפונה גינה וגזר 550 ג' פרי הגליל,"פרי הגליל בע""""מ",IL,אפונה וגזר 550גר,,550.00,,false,,7.90,0.0144,true,1,113582
7290000307220,false,גרעיני תירס מתוק בוואקום פרי גליל 340ג',"פרי הגליל בע""""מ",IL,תירס מתוק ואקום 340ג,,340.00,,false,,6.90,0.0203,true,1,113583
7290000307237,false,גרעיני תירס מתוק 550 ג' פרי הגליל,"פרי הגליל בע""""מ",IL,תירס גרעינים 550 גר,,550.00,,false,,7.90,0.0144,true,1,113584
7290000307800,false,פול ירוק 800 ג' פרי הגליל,"פרי הגליל בע""""מ",IL,פול ירוק 800גר,,800.00,100 גרם,false,,13.90,0.0174,true,1,173567
7290000311203,false,וופלים מן שוקולד 200 גר,תות ממתקי איכות,IL,וופל מן שוקו 200גר,,200.00,,false,,5.90,0.0295,true,1,120475
7290000311210,false,וופלים מאן לימון 200 גר,רוקחמן,IL,וופל מן לימון 200גר,,200.00,100 גרם,false,,5.90,0.0295,true,1,121303
7290000311227,false,וופלים מן 200 גר קפה,רוקחמן,IL,וופל מן קפה 200גר,,200.00,100 גרם,false,,5.90,0.0295,true,1,175668
7290000311234,false,וופל בטעם וניל 200 ג,רוקחמן,IL,וופל מן וניל 200גר,,200.00,100 גרם,false,,5.90,0.0295,true,1,175669
7290000311425,false,מאגדת מן וופל מצופה כחול -עשירה 24*10,תות ממתקי איכות,IL,וופל מן מצופים עשירי,,220.00,,false,,8.90,0.0405,true,1,175673
7290000311500,false,וופלים מן 500 גר שוקו,רוקחמן,IL,וופל מן שוקו 500גר,,500.00,100 גרם,false,,10.90,0.0218,true,1,175674
7290000311517,false,וופלים מן 500 גר לימון,רוקחמן,IL,וופל מן לימון 500גר,,500.00,100 גרם,false,,10.90,0.0218,true,1,111165
7290000311845,false,עוגיות קמח מלא ללא תוספת סוכר מן 200ג,רוקחמן,IL,עוגיות קמח מלא ללא ס,,200.00,100 גרם,false,,10.90,0.0545,true,1,164518
7290000311869,false,מן-וופלים בטעם שוק ללא תוספת סוכר 180ג,תות ממתקי איכות,IL,וופל מן בטעם שוקולד,,180.00,,false,,8.90,0.0494,true,1,164520
7290000311876,false,מן-וופלים בטעם וניל ללא תוספת סוכר 180ג,רוקחמן,IL,וופל מן בטעם וניל לל,,180.00,,false,,8.90,0.0494,true,1,164521
7290000311883,false,"עוגיות גרנולה לל""ס גרנולה 200 גרם",רוקחמן,IL,עוגיות גרנולה ללא סו,,200.00,,false,,10.90,0.0545,true,1,164519
7290000313160,false,עוגיות חברים זהבה ו-3 הדובים שוקו' אסם 250 גר',היינץ צפון אמריקה מק,IL,חברים זהבה ושלושת הד,,250.00,100 גרם,false,,8.90,0.0356,true,1,99251
7290000313184,false,עוגיות חברים גן חיות וניל אסם 250 גר',הגביע מוצרי וופלים ב,IL,חברים ביסקויט גן חיו,,250.00,100 גרם,false,,8.90,0.0356,true,1,99252
7290000313290,false,אסם נודלס נודלס אטריות מסולסלות 200גר,תאי פרזידנט פוד בנגק,TH,נודלס איטריות מסולסל,,200.00,100 גרם,false,,10.90,0.0545,true,1,99254
7290000315133,false,קנור ציר בקר משפחתי,יוניליוור ישראל מזון,IL,ציר בקר קנור 300גר,,300.00,100 גרם,false,,26.90,0.0897,true,1,102878
7290000318127,false,נקניקיות ביס 380 ג' יחיעם,מעדני יחיעם 1993,IL,נקניקיות ביס יחיעם 3,,380.00,100 גרם,false,,11.90,0.0313,true,1,95779
7290000318677,false,סלמי סרוולט 150 ג' יחיעם,מעדני יחיעם 1993,IL,סלמי סרוולט יחיעם 15,,150.00,100 גרם,false,,29.90,0.1993,true,1,95795
7290000318707,false,סלמי מעושן 500 ג' יחיעם,מעדני יחיעם 1993,IL,*מבצע* סלמי מעושן יח,,500.00,100 גרם,false,,29.90,0.0598,true,1,95797
7290000318745,false,סלמי תה יחיעם 400 ג',מעדני יחיעם,IL,*מבצע* סלמי תה יחיעם,,400.00,,false,,14.90,0.0373,true,1,124368
7290000318943,false,פסטרמה של פעם יחיעם,תאי פרזידנט פוד פאבל,IL,פסטרמה של פעם יחיעם,,200.00,100 גרם,false,,23.90,0.1195,true,1,95805
7290000319131,false,נקניקיות עוף 400 ג' יחיעם,מעדני יחיעם 1993,IL,נקניקיות עוף יחיעם 4,,400.00,100 גרם,false,,11.90,0.0298,true,1,95810
7290000319834,false,קבנוס פפרוני 125 ג' יחיעם,תאי פרזידנט פוד פאבל,IL,קבנוס פפרוני קלאסי י,,125.00,,false,,14.90,0.1192,true,1,136106
7290000334684,false,טבעות בצל 700 ג' תפוגן,"תעשיות תפוגן בע""מ",IL,טבעות בצל תפוגן 700ג,,700.00,,false,,18.90,0.0270,true,1,99267
7290000334745,false,"אמריקאן צ'יפס תפוגן 1.5 ק""ג","תעשיות תפוגן בע""מ",IL,"ציפס אמריקאן 1.5ק""ג",,1500.00,,false,,26.90,0.0179,true,1,136041
7290000335711,false,שישליק הודו טרי,,,שישליק הודו טרי,קילוגרמים,1.00,"ק""ג",true,,39.90,39.9000,true,1,116989
7290000339191,false,אבקת הלבנה רן ללא כל,קריות זול,IL,אבקת הלבנה רן 350גר,,350.00,100 גרם,false,,21.90,0.0626,true,1,102895
7290000345048,false,תה ויסוצקי 74 - 125ג',HIQ FOOD PRODUCTS,IL,תה 74 ויסוצקי 125גר,,125.00,,false,,13.90,0.1112,true,1,107132
7290000345055,false,תה ויסוצקי ארל גריי 100 ג',מולינו ניקולי s.p.a,IL,תה ארל גריי עלים ויס,,100.00,100 גרם,false,,14.90,0.1490,true,1,107133
7290000345116,false,תה ירוק ויסוצקי 125ג,תה ויסוצקי,IL,תה ירוק ויסוצקי 125ג,,125.00,,false,,15.90,0.1272,true,1,107136
7290000345208,false,תה ויסוצקי קלאסיק מעודן 25X1.0יח',קריות זול,IL,תה ויסוצקי קלאסיק 25,,25.00,,false,,6.90,0.2760,true,1,107139
7290000345215,false,תה ויסוצקי קלאסיק 100/1 כחול מעודן,מולינו ניקולי s.p.a,IL,תה ויסוצקי קלאסיק כח,,100.00,100 גרם,false,,17.90,0.1790,true,1,107140
7290000345260,false,תה ויסוצקי קלאסיק 25X1.50יח',מולינו ניקולי s.p.a,IL,תה ויסוצקי קלאסיק 25,,25.00,,false,,7.90,0.3160,true,1,107141
7290000345284,false,תה ויסוצקי קלאסיק טעם עשיר 100/1.5יח',מולינו ניקולי s.p.a,IL,תה ויסוצקי קלאסיק יר,,150.00,100 גרם,false,,17.90,0.1193,true,1,107143
7290000345291,false,תה ארל גריי 25 שקיקים ויסוצקי,קריות זול,IL,תה ארל גריי ויסוצקי,,25.00,,false,,16.90,0.6760,true,1,107144
7290000345307,false,תה ארל גריי 50 שקיקים ויסוצקי,מולינו ניקולי s.p.a,IL,תה ארל גריי ויסוצקי,,75.00,100 גרם,false,,29.90,0.3987,true,1,107145
7290000345536,false,תה נענע 25 שקיקים *1.5 ג',מולינו ניקולי s.p.a,IL,תה נענע 25יח,,37.50,,false,,19.90,0.5307,true,1,107148
7290000346021,false,חליטת קמומיל הגן הקס,בית ויסוצקי,IL,תה קמומיל ויסוצקי 50,,50.00,,false,,36.90,0.7380,true,1,107154
7290000346120,false,תה ויסוצקי חליטת קסם הקינמון 25יח',קריות זול,IL,תה קסם הקנמון 25יח,,62.50,100 גרם,false,,19.90,0.3184,true,1,107155
7290000346137,false,תה הגן הקסום הילולי פירות 25 שקיקים,קריות זול,IL,תה הילולי פירות 25יח,,62.50,100 גרם,false,,19.90,0.3184,true,1,107156
7290000346168,false,תה ויסוצקי חליטת שומר הגן הקסום 25יח',קריות זול,IL,תה חליטת שומר גן הקס,,37.50,100 גרם,false,,19.90,0.5307,true,1,107159
7290000346199,false,תה הגן הקסום תה פירות יער 25 יח',קריות זול,IL,תה פירות היער ויסוצק,,67.50,,false,,19.90,0.2948,true,1,107160
7290000346205,false,תה הגן הקסום תה קמומיל 25 יח',קריות זול,IL,תה קמומיל ויסוצקי הג,,37.50,,false,,19.90,0.5307,true,1,107161
7290000347752,false,תה ירוק לימונית ולואיזה 25 שקיקים *1.5 ג'' ויסוצקי,קריות זול,IL,תה ירוק לימונית ולוא,,37.50,100 גרם,false,,25.90,0.6907,true,1,107174
7290000355405,false,עגבניות מרוסקות עם בצל 800ג',"מילוז(1989)בע""""מ",IL,עגבניות מרוסקות בצל,,800.00,,false,,9.90,0.0124,true,1,97421
7290000355498,false,רוטב עגבניות A2 BX28 טומטו 580ג',"מילוז(1989)בע""""מ",IL,רסק עגבניות 28% טומט,,580.00,100 גרם,false,,8.90,0.0153,true,1,176402
7290000364261,false,דקניקים סלסולי כתף בקר 120 ג' טירת צבי,הנסיך- מפעל לייצור ט,IL,סלסולי פסטרמה כתף בק,,120.00,100 גרם,false,,15.90,0.1325,true,1,160071
7290000364278,false,דקניקים סילסולי סלמי איטלקי 120 ג' טירת צבי,הנסיך- מפעל לייצור ט,IL,סלסולי סלמי איטלקי מ,,120.00,,false,,15.90,0.1325,true,1,160072
7290000364285,false,דקניקים סלסולי פסטרמה הודו 120 ג' טירת צבי,הנסיך- מפעל לייצור ט,IL,סלסולי פסטרמה הודו א,,120.00,100 גרם,false,,15.90,0.1325,true,1,160073
7290000364858,false,"נקניקיות עוף טרי 1 ק""ג טירת צבי",הנסיך- מפעל לייצור ט,IL,נקניקיות עוף טירת צב,,1000.00,,false,,25.90,0.0259,true,1,154205
7290000364872,false,נקניקיות עוף טירת צבי 400 ג',טיב טירת צבי 2000,IL,נקניקיות עוף טירת צב,,400.00,100 גרם,false,,14.90,0.0373,true,1,154206
7290000367590,false,צמד כפרי סלמי+פסטרמה 800 גרם טירת צבי,טיב טירת צבי 2000,IL,פסטרמה צמד סלמי 400ג,,800.00,,false,,29.90,0.0374,true,1,160083
7290000379623,false,לחם אחיד 750 גרם,מאפיית אנג'ל,,לחם אחיד שחור,,750.00,100 גרם,false,,6.96,0.0093,true,1,107036
7290000408316,false,דנונה ביו יוגורט טבעי 3% 200 ג',מיוצר עי קונדיטוריית,IL,דנונה טבעי 3% 200גר,,200.00,100 גרם,false,,3.90,0.0195,true,1,109963
7290000408354,false,יוגורט עם אורז מצופה שוקולד קקאו 175 ג' דנונה,"שטראוס בריאות בע""מ",IL,דנונה בר פיצפוצים 17,,173.00,100 גרם,false,,5.10,0.0295,true,1,109964
7290000412481,false,סנו - מנקה אסלות 00 1 ליטר,מיוצר עי קונדיטוריית,IL,מנקה אסלות 00 סנו 1ל,,1000.00,100 גרם,false,,8.90,0.0089,true,1,101923
7290000416021,false,ממרח שוקולד השחר חלבי 500 גר',השחר העולה,IL,ממרח בטעם שוקולד השח,,500.00,,false,,13.90,0.0278,true,1,102343
7290000416045,false,ממרח שוקולד השחר דלי,השחר העולה,IL,ממרח השחר העולה חלבי,,1000.00,100 גרם,false,,24.90,0.0249,true,1,102344
7290000416618,false,"ממרח שוקולד השחר פרווה בד""צ 400 גר'",השחר העולה בעמ,IL,השחר העולה קרם מובחר,,400.00,,false,,12.90,0.0323,true,1,102347
7290000418131,false,תחבושות טופ פד מקופלת 18 יח',מוצרי נייר עמיר,IL,תחבושות טופ פד סופר,יחידה,0.00,יחידה,false,,6.90,0.0000,true,1,171570
7290000419220,false,לנדוור כחול המקורי קפה טחון טורקי 3*100 גרם 16 יח',קפה לנדוור,IL,לנדוור קפה כחול מארז,,300.00,,false,,17.90,0.0597,true,1,171918
7290000420325,false,פופ קורן טבעי למיקרוגל 5 יח',קריות זול,US,פופסטאר בטעם טבעי 5י,,500.00,100 גרם,false,,13.90,0.0278,true,1,101408
7290000436203,false,עוגיות ברמן שוקו צ'פס 200 גר',קריות זול,,עוגיות שוקו ציפס ברמ,,180.00,100 גרם,false,,6.90,0.0383,true,1,175414
7290000449128,false,סיף פנטסטיק לימון ניקוי רב תכליתי 4ל',יוניליוור ישראל טיפו,IL,סיף פנטסטיק לניקוי כ,,4000.00,,false,,22.90,0.0057,true,1,102909
7290000453125,false,שמרית שמרים טריים לאפייה +משפר אפייה 100ג,"פאקא תעשיות בע""מ",IL,שמרית + משפר אפיה 10,,100.00,100 גרם,false,,8.90,0.0890,true,1,109967
7290000453408,false,בצק פיצה דק מצונן ומוכן לאפייה שמרית,"פאקא תעשיות בע""מ",GR,בצק פיצה דק שמרית מצ,,415.00,,false,,17.90,0.0431,true,1,179402
7290000453415,false,בצק עלים מצונן ומוכן לאפייה שמרית,"פאקא תעשיות בע""מ",FR,בצק עלים שמרית מצונן,,300.00,,false,,16.90,0.0563,true,1,179403
7290000453422,false,בצק פילו מצונן ומרודד מוכן לאפיה,"פאקא תעשיות בע""מ",GR,בצק פילו שמרית מצונן,,300.00,,false,,16.90,0.0563,true,1,179404
7290000453781,false,שמרים יבשים שמרית 125 ג',STRAUSS-ISRAEL,,שמרים יבשים שמרית 12,,125.00,,false,,6.50,0.0520,true,1,168956
7290000453798,false,שמרים יבשים אקטיביים שימרית 500 ג',"גי' בי' רכיבים בע""מ",,שמרים יבשים אקטיביים,,500.00,,false,,14.90,0.0298,true,1,139604
7290000453866,false,נטורינה קוקוס לאפייה שמרית 200ג',גרונבאנג- גרונדנסק א,DK,שמרית תחליף מרגרינה,,200.00,100 גרם,false,,8.90,0.0445,true,1,172989
7290000453880,false,"מרגרינה לל""מ לאפיה ובישול שימרית 200 ג'","פאקא תעשיות בע""מ",IL,מרגרינה ללא מלח לאפי,,200.00,,false,,6.50,0.0325,true,1,138762
7290000453897,false,מרגרינה בטעם חמאה שימרית 200 ג',גרונבאנג- גרונדנסק א,IL,מרגרינה בטעם חמאה 20,,200.00,,false,,6.50,0.0325,true,1,138763
7290000461793,false,בייגלה ארוך ארוך סידרה ירוקה 200גר,בייגל את בייגל מזון,IL,בייגלה ארוך ארוך סיד,,200.00,100 גרם,false,,6.70,0.0335,true,1,102919
7290000462141,false,סחוג אדום חריף מאוד (מכסה אדום) 150 גרם,קריניסה ויטמין אס אי,IL,סחוג אדום חריף מאוד,,150.00,,false,,10.90,0.0727,true,1,109970
7290000462981,false,סחוג חריף אש 150 גרם,זהבי הכרם,,זחוק חריף אש 150 גרם,,150.00,,false,,10.90,0.0727,true,1,186679
7290000467153,false,צבר חומוס סמיר הגדול 400גר,סלטי צבר,IL,חומוס סמיר הגדול צבר,,400.00,100 גרם,false,,14.50,0.0363,true,1,133366
7290000474076,false,חלב 3% טרה 1ל' קרטון מהדרין,קריות זול,IL,חלב קרטון 3% שומן 1,,1000.00,100 גרם,false,,6.23,0.0062,true,1,103813
7290000474090,false,חלב הומוגני 1% קרטון טרה 1ל',מילקו תעשיות בעמ,IL,חלב 1% בקרטון טרה 1,,1000.00,100 גרם,false,,5.86,0.0059,true,1,103814
7290000474502,false,גבינה לבנה 5% 250ג' טרה מהדרין,קריות זול,IL,גבינה לבנה 5% טרה 25,,250.00,,false,,4.98,0.0199,true,1,103823
7290000474540,false,גבינה טוב טעם 3% טרה 250ג' מהדרין,קריות זול,IL,גבינת 3% טוב טעם 250,,250.00,100 גרם,false,,11.90,0.0476,true,1,103825
7290000480107,false,קוואקר שיבולת שועל פחית 500 גר',וולקרס סנקס לימיטד,GB,קוואקר מהיר אטוס פחי,,500.00,,false,,15.40,0.0308,true,1,100936
7290000480442,false,קוואקר שיבולת שועל שקית 500 גר',פריטו ליי FRITO-LAY,IL,*מבצע* קואקר שבולת ש,,500.00,100 גרם,false,,10.90,0.0218,true,1,100944
7290000481029,false,עשיריית פיתות תנעמי,יוניליוור גרמניה Gm,IL,פיתות בטעם ביתי 10 י,,1000.00,,false,,10.90,0.0109,true,1,189386
7290000481043,false,עשריית פיתות כוסמין,,,פיתות כוסמין מארז 10,,700.00,,false,,15.90,0.0227,true,1,189939
7290000481074,false,לחם משלושה קמחים מלאים 750 גר,,,*מבצע* לחם טריו דגני,,750.00,100 גרם,false,,13.90,0.0185,true,1,194065
7290000481180,false,לחם מחמצת שאור דגנית,,,לחם מחמצת שאור דגנית,,550.00,,false,,17.90,0.0325,true,1,195557
7290000481197,false,לחם מחמצת גרעינים וש,,,לחם מחמצת גרעינים וש,,550.00,,false,,17.90,0.0325,true,1,195555
7290000481203,false,לחם מחמצת מקמח מלא ד,,,לחם מחמצת מקמח מלא ד,,550.00,,false,,17.90,0.0325,true,1,195558
7290000481487,false,חלה רגילה 500גר,,,חלה רגילה 500גר,,500.00,100 גרם,false,,6.26,0.0125,true,1,109234
7290000481494,false,זוג מיני באגט דגנית,,,מיני בגט 2יח רוסטיק,,320.00,,false,,10.90,0.0341,true,1,195556
7290000481517,false,פוקצות 2יח עם שמן זי,,,פוקצות 2יח עם שמן זי,,320.00,100 גרם,false,,11.90,0.0372,true,1,195554
7290000482033,false,שקיות קוקי ענק בתנור ובמיקרוגל 5 יח,הנסיך- מפעל לייצור ט,IL,קוקי שקיות ענק בתנור,,5.00,,false,,10.90,2.1800,true,1,104872
7290000483887,false,מרציפן המרשלג ללא תו,קריות זול,IL,מרציפן המרשלג ללא תו,,75.00,,false,,15.90,0.2120,true,1,172608
7290000483924,false,בצק סוכר- המרשלג 600,המרשלג,IL,בצק סוכר המרשלג 600,,600.00,,false,,19.90,0.0332,true,1,172609
7290000484747,false,עראק עלית 700 מל 40% כהל,יקב הגליל שווק בעמ,IL,הארק עלית 40% 700מל,,700.00,100 גרם,false,,58.90,0.0841,true,1,139788
7290000493176,false,אבקת רוטב צלי לבשר 22ג' אסם,"אסם השקעות בע""מ",IL,אבקת רוטב צלי אסם 22,,22.00,100 גרם,false,,4.90,0.2227,true,1,99361
7290000493183,false,אבקת רוטב פיטריות 30 ג' אסם,"אסם השקעות בע""מ",IL,אבקת רוטב פטריות אסם,,30.00,100 גרם,false,,4.90,0.1633,true,1,99362
7290000497044,false,ברמן אקטיב לחם ארוז,מאפית י את א ברמן בע,IL,לחם אקטיב ברמן 750גר,,750.00,,false,,16.90,0.0225,true,1,133557
7290000497112,false,לחם ברמן אחיד פרוס 750ג',מאפית י את א ברמן בע,IL,לחם אחיד פרוס ברמן,,750.00,100 גרם,false,,7.91,0.0105,true,1,119943
7290000497228,false,לחמניה רגילה בשקית ברמן 6יח',מאפית י את א ברמן בע,IL,לחמניות בשקית 6יח,,450.00,,false,,10.90,0.0242,true,1,119944
7290000497273,false,לחמניות אקטיב מארז 6 יח',מאפית י את א ברמן בע,IL,לחמניות אקטיב 6 יח',,450.00,,false,,13.50,0.0300,true,1,139741
7290000497303,false,לחמניה מקמח מלא 6יח' ברמן 450ג',מאפית י את א ברמן בע,IL,לחמניה מקמח מלא 6יח,,540.00,,false,,10.90,0.0202,true,1,119945
7290000497426,false,לחם לעניין פלוס 500 גר',מאפית י את א ברמן בע,IL,לחם ברמן לענין פלוס,,500.00,100 גרם,false,,16.90,0.0338,true,1,119946
7290000497532,false,"לחם מקמח מלא""לעניין"" 750 גר'",מאפית י את א ברמן בע,IL,לחם ברמן לעניין 750ג,,750.00,100 גרם,false,,14.90,0.0199,true,1,119949
7290000497570,false,לחם דגנים פלוס 500 גר',מאפית י את א ברמן בע,IL,לחם דגנים פלוס ברמן,,500.00,100 גרם,false,,16.90,0.0338,true,1,119950
7290000498003,false,לחם מקמח מלא ברמן 75,מאפית י את א ברמן בע,IL,לחם מקמח מלא ברמן 75,,750.00,,false,,16.90,0.0225,true,1,167231
7290000498034,false,לחם אי פרי קמח כוסמין מלא 750 גר',מאפית י את א ברמן בע,IL,לחם מקמח כוסמין מלא,,750.00,,false,,16.90,0.0225,true,1,179465
7290000498256,false,עשיריית לחמניות ברמן,מאפיות ברמן,IL,מארז 10יח לחמניות בר,יחידה,0.00,יחידה,false,,13.90,0.0000,true,1,161243
7290000504025,false,סוכרזית פטריה 300 טבליות,אף.סי תבליני בגליל ב,IL,סוכרזית פטריה 300 טב,,300.00,,false,,9.90,0.0330,true,1,109973
7290000504049,false,סוכרזית קנקן 1200 טבליות,אף.סי תבליני בגליל ב,IL,סוכרזית קנקן 1200 טב,,1200.00,,false,,28.90,0.0241,true,1,109975
7290000504209,false,"סוכרזית דיאט טיפ נוזלי 220 מ""ל",אף.סי תבליני בגליל ב,IL,סוכרזית קלאסי נוזלי,,220.00,100 גרם,false,,21.90,0.0995,true,1,109976
7290000504278,false,סוכרזית - קלאסי פטנט 700 טבליות,אף.סי תבליני בגליל ב,IL,סוכרזית פטנט 700טבלי,,700.00,,false,,18.90,0.0270,true,1,109978
7290000518169,false,ממתיק מתוק וקל בקבוק,קריות זול,IL,מתוק וקל 1000 טבליות,,1000.00,,false,,9.90,0.0099,true,1,108385
7290000518176,false,ממתיק דקסטרוזה וסכרי,מתוק וקל בעמ,IL,*מבצע* מתוק וקל ענק,,250.00,,false,,17.90,0.0716,true,1,108386
7290000518220,false,סוכרה דיאט ממתיק 100 שקיות,פתח תקווה,IL,סוכרה דיאט 100 שקיות,יחידה,0.00,יחידה,false,,27.90,0.0000,true,1,164138
7290000518251,false,מתוק וקל ממתיק זהב 100 שקיות,קריות זול,IL,מתוק וקל זהב 100 שקי,,100.00,100 גרם,false,,14.90,0.1490,true,1,108388
7290000521008,false,"יין אדום יבש סגל 750 מ""ל",כרמי צבי - אחים סגל,IL,יין סגל אדום יבש 750,,750.00,100 גרם,false,,24.90,0.0332,true,1,96435
7290000521015,false,"יין סגל לבן יבש 750מ""ל","מיוצר ע""י כרמי צבי-",IL,יין סגל לבן יבש 750מ,,750.00,,false,,24.90,0.0332,true,1,96436
7290000521022,false,יין של סגל לבן חצי י,"מיוצר ע""י כרמי צבי-",IL,יין סגל לבן חצי יבש,,750.00,,false,,24.90,0.0332,true,1,96437
7290000523125,false,מלח הארץ הים האדום 250 ג' עדין,חברת מלח הארץ אילת ב,IL,מלח הארץ ים יבש 250,,250.00,,false,,6.90,0.0276,true,1,107176
7290000523224,false,מלח הארץ הים האדום 500 ג' עדין,חברת מלח הארץ אילת ב,IL,מלח הארץ ים יבש 500,,500.00,100 גרם,false,,9.90,0.0198,true,1,107177
7290000523514,false,מלח הארץ 50% מכמות הנתרן 250 גרם,חברת מלח הארץ אילת ב,IL,מלח הארץ 50% מכמות ה,,250.00,,false,,11.90,0.0476,true,1,107178
7290000523804,false,"מלח עדין צנצנת 1 ק""ג מלח הארץ",חברת מלח הארץ אילת ב,IL,מלח הארץ עדין צנצנת,,1000.00,,false,,8.90,0.0089,true,1,121149
7290000525969,false,פרימור סחוט תפוזים טבעי 1ל',"גניר (1992) בע""מ",IL,פרימור תפוזים 1ליטר,,1000.00,,false,,16.90,0.0169,true,1,109982
7290000530086,false,נקניק סלמי מעושן 600 ג' זוגלובק,נקניק נהריה כשר זוגל,IL,*מבצע* נקניק סלמי מע,,600.00,100 גרם,false,,25.90,0.0432,true,1,106597
7290000530109,false,קבנוס זוגי בואקום זוגלובק 180ג',נקניק נהריה כשר זוגל,IL,קבנוס זוגלובק זוג 18,,180.00,100 גרם,false,,33.90,0.1883,true,1,106598
7290000530116,false,נקניק סלמי מעושן בשן 470 ג' זוגלובק,נקניק נהריה כשר זוגל,IL,*מבצע* נקניק בשן זוג,,470.00,100 גרם,false,,17.90,0.0381,true,1,106599
7290000530291,false,נקניק מבשר הודו קטן 800 ג' זוגלובק,נקניק נהריה כשר זוגל,IL,נקניק מבשר הודו קטן,,750.00,,false,,19.90,0.0265,true,1,106602
7290000530413,false,המבורגר זהב זוגלובק 400 גר',נקניק נהריה כשר זוגל,IL,המבורגר זהב זוגלובק,,400.00,,false,,24.90,0.0622,true,1,106603
7290000530598,false,נקניקיות וינר 500 ג' טרי זוגלובק,נקניק נהריה כשר זוגל,IL,נקניקיות וינר גוליבר,,500.00,100 גרם,false,,15.90,0.0318,true,1,106608
7290000530604,false,נקניקיות וינר חריפות גוליבר 500ג זוגלובק,נקניק נהריה כשר זוגל,,נקניקיות חריפות זוגל,,400.00,100 גרם,false,,15.90,0.0398,true,1,106609
7290000530703,false,זוג במארז חרמון הודו + סלמי תה זוגלובק 800 גר',נקניק נהריה כשר זוגל,IL,*מבצע* נקניק תה 400ג,,800.00,100 גרם,false,,25.90,0.0324,true,1,117593
7290000531601,false,סטייק בורגר זהב זוגלובק 400ג',נקניק נהריה כשר זוגל,IL,סטייק בורגר זוגלובק,,400.00,100 גרם,false,,24.90,0.0622,true,1,106621
7290000537566,false,נקניקיות עוף טרי 400 ג' זוגלובק,נקניק נהריה כשר זוגל,IL,נקניקיות עוף זוגלובק,,400.00,100 גרם,false,,14.90,0.0373,true,1,106668
7290000554402,false,מלבי 160גר מחלבות גד,"מיוצר ע""י קוד יצרן E",IL,מלבי 160גר מחלבות גד,,160.00,100 גרם,false,,5.90,0.0369,true,1,95511
7290000554457,false,גבינה צפתית 5% 350 גרם - רבנות,"מחלבות גד בע""מ",IL,צפתית 5% 350גר מחלבו,,350.00,,false,,22.90,0.0654,true,1,95512
7290000554532,false,גבינה צפתית מעודנת במלח ים 5% 200 ג' גד,הנסיך- מפעל לייצור ט,IL,צפתית מעודנת במלח ים,,200.00,100 גרם,false,,14.90,0.0745,true,1,95515
7290000554600,false,מוצרלה מגורדת 18% 300 גרם - רובין,מחלבות גד בעמ,IL,מוצרלה 22% מגורדת 30,,300.00,100 גרם,false,,27.90,0.0930,true,1,95516
7290000554624,false,ירח מתוק 3% 150 גרם רובין,"מיוצר ע""י קוד יצרן E",IL,ירח מתוק 150גר מחלבו,,150.00,100 גרם,false,,5.90,0.0393,true,1,95517
7290000554686,false,לאבנה שמן זית וזעתר 5% 250 גרם - רבנות,מחלבות גד בעמ,IL,לאבנה בשמן זית וזעתר,,250.00,,false,,14.70,0.0588,true,1,95518
7290000554822,false,גבינת ריקוטה טבעי 5% שומן 250 ג' גד,מחלבות גד בעמ,IL,*מבצע* ריקוטה טבעי 5,,250.00,100 גרם,false,,11.00,0.0440,true,1,95519
7290000554839,false,שמנת מתוקה קשה בסגנון איטלקי 40% שומן 250 ג' גד,מחלבות גד בעמ,IL,גבינה מסקרפונה 40% 2,,250.00,100 גרם,false,,22.70,0.0908,true,1,95520
7290000572222,false,חלבה וניל בבלוק אחווה 500ג',שוורצקוף& הנקל דיסלד,IL,חלבה בבלוק אחווה 500,,500.00,100 גרם,false,,11.90,0.0238,true,1,97433
7290000572529,false,חלבה פיסטוק מגש אחווה 400ג',אחדות ביחר לטחינה חל,IL,חלבה פיסטוק אחווה 40,,400.00,,false,,14.90,0.0373,true,1,97434
7290000572543,false,חלבה שוקו וניל אחווה 400ג',אחדות ביחר לטחינה חל,IL,חלבה קקאו וניל 400 ג,,400.00,,false,,12.90,0.0323,true,1,97436
7290000574011,false,מארז 8 לחמניות חיטה,,,מארז 8 לחמניות חיטה,,8.00,,false,,11.90,1.4875,true,1,188779
7290000574028,false,לחם שחור מועשר פלוס 750 גר'.,יוניליוור גרמניה Gm,IL,לחם שחור מועשר פלוס,,750.00,,false,,8.90,0.0119,true,1,179662
7290000574035,false,לחם אחיד פרוס 750ג' דגנית עין בר,יוניליוור גרמניה Gm,IL,לחם אחיד פרוס 750גרם,,750.00,,false,,7.10,0.0095,true,1,109257
7290000574066,false,לחם מלא פלוס שיפון 750 ג' דגנית עין בר,יוניליוור גרמניה Gm,IL,לחם חיטה מלאה עם שיפ,,750.00,100 גרם,false,,15.90,0.0212,true,1,133692
7290000574097,false,מארז לחמניות מיוחדות,,,מארז לחמניות מיוחדות,,8.00,,false,,11.90,1.4875,true,1,188780
7290000574141,false,לחם חיטה מלא 750ג' דגנית עין בר,דגנית עין בר תעשיות,IL,לחם חיטה מלאה 750גר,,750.00,,false,,13.90,0.0185,true,1,109263
7290000574158,false,מארז 8 לחמניות לוסי,,,מארז 8 לחמניות לוסי,,8.00,,false,,11.90,1.4875,true,1,188781
7290000574165,false,חלה פרוסה מעודנת 500,מולינו ניקולי s.p.a,IL,חלה פרוסה מעודנת 500,,500.00,100 גרם,false,,9.90,0.0198,true,1,109264
7290000574172,false,לחם קל מחיטה מלאה 750 ג' דגנית עין בר,יוניליוור גרמניה Gm,IL,לחם קל חיטה מלאה 750,,750.00,,false,,16.90,0.0225,true,1,109265
7290000574189,false,מארז 6 לחמניות קלועו,,,מארז 6 לחמניות קלועו,,6.00,,false,,11.90,1.9833,true,1,188782
7290000574226,false,לחמניות אצבע דגנית מ,,,לחמניות אצבע דגנית מ,יחידה,0.00,יחידה,false,,11.90,0.0000,true,1,188912
7290000574301,false,לחמניות 10יח חיטה מל,,,לחמניות 10יח חיטה מל,יחידה,0.00,יחידה,false,,11.90,0.0000,true,1,189385
7290000574332,false,חלה קלה 500 גרם,דגנית עין בר,,חלה קלה 500גר,,500.00,,false,,16.90,0.0338,true,1,109270
7290000574370,false,לחם שיפון אמיתי קל 750 ג' דגנית עין בר,יוניליוור גרמניה Gm,IL,לחם שיפון אמיתי קל 5,,500.00,100 גרם,false,,16.90,0.0338,true,1,122821
7290000574455,false,לחם חיטה מלא פלוס כוסמין 750 ג' דגנית עין בר,דגנית עין בר,IL,לחם חיטה מלאה כוסמין,,750.00,,false,,16.90,0.0225,true,1,136519
7290000599564,false,צמר פלדה 5יח,,,צמר פלדה 5יח,,200.00,,false,,3.90,0.0195,true,1,120392
7290000599847,false,רב מגבת מויסקו,,,רב מגבת גליל,יחידה,0.00,יחידה,false,,10.90,0.0000,true,1,120394
7290000599946,false,6 ספוגי הפלא SHINY,,,ספוג הפלא 6יח,,6.00,,false,,7.90,1.3167,true,1,111445
7290000599977,false,שייני כריות יפניות 9 יח',,,כרית יפנית 9יח,יחידה,0.00,יחידה,false,,10.90,0.0000,true,1,111446
7290000611099,false,כבד עוף לצליה בלבד,,,כבד עוף לצליה בלבד,קילוגרמים,1.00,"ק""ג",true,,24.90,24.9000,true,1,112286
7290000611181,false,כנפיים עוף טרי,,,כנפיים עוף טרי,קילוגרמים,1.00,"ק""ג",true,,11.90,11.9000,true,1,103624
7290000611235,false,חזה עוף קפוא,,,חזה עוף קפוא,קילוגרמים,1.00,"ק""ג",true,,33.90,33.9000,true,1,135084
7290000611242,false,פילה עוף טרי,,,פילה עוף טרי,קילוגרמים,1.00,"ק""ג",true,,39.90,39.9000,true,1,120676
7290000612461,false,כנפיים הודו טרי,,,כנפיים הודו טרי,קילוגרמים,1.00,"ק""ג",true,,16.90,16.9000,true,1,112300
7290000612652,false,ירכיים הודו טרי,,,ירכיים הודו טרי,קילוגרמים,1.00,"ק""ג",true,,57.90,57.9000,true,1,174451
7290000631059,false,כבד עוף לצליה בלבד,,,כבד עוף לצליה בלבד,קילוגרמים,1.00,"ק""ג",true,,24.90,24.9000,true,1,174455
7290000643243,false,שווארמה הודו נקבה טר,,,שווארמה הודו נקבה טר,קילוגרמים,1.00,"ק""ג",true,,74.90,74.9000,true,1,114559
7290000644356,false,גרון הודו נ. טרי,,,גרון הודו נ. טרי,קילוגרמים,1.00,"ק""ג",true,,29.90,29.9000,true,1,112304
7290000645278,false,זנב הודו מוכשר,,,זנב הודו מוכשר,קילוגרמים,1.00,"ק""ג",true,,6.90,6.9000,true,1,103641
7290000646299,false,פילה נסיכת הנילוס קפ,דגי תנובה,ZA,פילה נסיכת הנילוס קפ,קילוגרמים,1.00,"ק""ג",true,,59.90,59.9000,true,1,185831
7290000692227,false,נוזל כלים פלמוליב צילינדר קלאסי 1 ליטר,יבואן ומשווק: ש. שסט,GR,פלמוליב לכלים קלאסי,,1000.00,,false,,14.90,0.0149,true,1,104877
7290000805597,false,בונזו 7+ לכלבים 3קג,קריות זול,FR,בונזו 7+ לכלבים 3קג,קילוגרמים,3.00,"ק""ג",false,,54.90,18.3000,true,1,100948
7290000805795,false,חול לחתולים יורו קיט,דולפין ספא,IL,חול חתולים 10קג,קילוגרמים,10.00,"ק""ג",false,,35.90,3.5900,true,1,100950
7290000991527,false,פטרוזיליה בגומי,,,פטרוזיליה בגומי,יחידה,0.00,יחידה,false,,3.90,0.0000,true,1,174003
7290000991528,false,כוסברה בגומי,,,כוסברה בגומי,יחידה,0.00,יחידה,false,,3.90,0.0000,true,1,174004
7290000991529,false,שמיר בגומי,,,שמיר בגומי,יחידה,0.00,יחידה,false,,3.90,0.0000,true,1,174005
7290000991530,false,נענע בגומי,,,נענע בגומי,יחידה,0.00,יחידה,false,,3.90,0.0000,true,1,174006
7290000991961,false,תפוח ברשת,,,תפוח ברשת,קילוגרמים,1.00,"ק""ג",true,,5.90,5.9000,true,1,160910
7290000992381,false,אפרסמון,,,אפרסמון,קילוגרמים,1.00,"ק""ג",true,,14.90,14.9000,true,1,160825
7290000995410,false,נבטים סיניים נבטי הע,חקלאי,IL,נבטים סיניים נבטי הע,,1000.00,,false,,7.90,0.0079,true,1,96040
7290000999104,false,דלעת ערמונים,,,דלעת ערמונים,קילוגרמים,1.00,"ק""ג",true,,12.90,12.9000,true,1,163505
7290000999350,false,תפוז ארוז ברשת,,,תפוז ארוז ברשת,קילוגרמים,1.00,"ק""ג",true,,3.90,3.9000,true,1,160826
7290000999358,false,אשכולית אדומה,,,אשכולית אדומה,קילוגרמים,1.00,"ק""ג",true,,5.90,5.9000,true,1,160916
7290000999361,false,"תפו""ע פינק גולד",,,"תפו""ע פינק גולד",קילוגרמים,1.00,"ק""ג",true,,15.90,15.9000,true,1,160827
7290000999419,false,אבוקדו ארוז ברשת,,,אבוקדו ארוז ברשת,קילוגרמים,1.00,"ק""ג",true,,6.90,6.9000,true,1,160972
7290000999748,false,גינגר תפזורת,,,גינגר תפזורת,קילוגרמים,1.00,"ק""ג",true,,24.90,24.9000,true,1,160977
7290000999752,false,רימון,,,רימון,קילוגרמים,1.00,"ק""ג",true,,8.90,8.9000,true,1,160828
7290000999753,false,קוסבייה(ארטישוק ירוש,,,קוסבייה(ארטישוק ירוש,קילוגרמים,1.00,"ק""ג",true,,14.90,14.9000,true,1,160921
7290000999782,false,עגבניה מגי,,,עגבניה מגי,קילוגרמים,1.00,"ק""ג",true,,15.90,15.9000,true,1,160982
7290000999818,false,אננס,,,אננס,יחידה,0.00,יחידה,false,,29.90,0.0000,true,1,160923
7290000999819,false,קלמנטינה/מנדרינה.,,,קלמנטינה/מנדרינה,קילוגרמים,1.00,"ק""ג",true,,4.90,4.9000,true,1,160829
7290000999821,false,קיווי,,,קיווי,קילוגרמים,1.00,"ק""ג",true,,19.90,19.9000,true,1,160924
7290000999825,false,עגבניה שרי מנומר,,,עגבניה שרי מנומר,קילוגרמים,1.00,"ק""ג",true,,16.90,16.9000,true,1,161201
7290000999832,false,גויבה,,,גויבה,קילוגרמים,1.00,"ק""ג",true,,19.90,19.9000,true,1,175402
7290000999833,false,ברוקולי,,,ברוקולי,,1000.00,100 גרם,false,,7.90,0.0079,true,1,160830
7290000999834,false,דלורית,,,דלורית,קילוגרמים,1.00,"ק""ג",true,,4.90,4.9000,true,1,160928
7290000999861,false,שרי מנומר 500 גרם,,,שרי מנומר 500 גרם,יחידה,0.00,יחידה,false,,12.90,0.0000,true,1,162492
7290000999877,false,"תפו""א לאפיה קטן",,,"תפו""א לאפיה קטן",קילוגרמים,1.00,"ק""ג",true,,2.90,2.9000,true,1,160932
7290000999890,false,פלפל שושקה,,,פלפל שושקה,קילוגרמים,1.00,"ק""ג",true,,12.90,12.9000,true,1,160831
7290000999896,false,ענבים אדום,,,ענבים אדום,קילוגרמים,1.00,"ק""ג",true,,24.90,24.9000,true,1,160832
7290000999901,false,עגבניה אשכולות,,,עגבניה אשכולות,קילוגרמים,1.00,"ק""ג",true,,5.90,5.9000,true,1,160833
7290000999902,false,עגבניה שרי,,,עגבניה שרי,קילוגרמים,1.00,"ק""ג",true,,12.90,12.9000,true,1,160834
7290000999903,false,מלפפון,,,מלפפון,קילוגרמים,1.00,"ק""ג",true,,4.90,4.9000,true,1,160835
7290000999904,false,פלפל ירוק,,,פלפל ירוק,קילוגרמים,1.00,"ק""ג",true,,3.90,3.9000,true,1,160934
7290000999905,false,פלפל בהיר,,,פלפל בהיר,קילוגרמים,1.00,"ק""ג",true,,7.90,7.9000,true,1,160935
7290000999906,false,פלפל אדום,,,פלפל אדום,קילוגרמים,1.00,"ק""ג",true,,4.90,4.9000,true,1,160836
7290000999907,false,פלפל צהוב,,,פלפל צהוב,קילוגרמים,1.00,"ק""ג",true,,7.90,7.9000,true,1,160936
7290000999908,false,פלפל חריף,,,פלפל חריף,קילוגרמים,1.00,"ק""ג",true,,7.90,7.9000,true,1,160837
7290000999909,false,כרוב לבן,,,כרוב לבן,קילוגרמים,1.00,"ק""ג",true,,3.90,3.9000,true,1,160838
7290000999910,false,כרוב אדום,,,כרוב אדום,קילוגרמים,1.00,"ק""ג",true,,4.90,4.9000,true,1,160937
7290000999911,false,כרובית,,,כרובית,קילוגרמים,1.00,"ק""ג",true,,9.90,9.9000,true,1,160839
7290000999912,false,קישואים,,,קישואים,קילוגרמים,1.00,"ק""ג",true,,4.90,4.9000,true,1,160840
7290000999913,false,חציל,,,חציל,קילוגרמים,1.00,"ק""ג",true,,4.90,4.9000,true,1,160841
7290000999914,false,גזר ארוז,,,גזר ארוז,קילוגרמים,1.00,"ק""ג",true,,3.90,3.9000,true,1,160842
7290000999916,false,סלק אדום,,,סלק,קילוגרמים,1.00,"ק""ג",true,,5.90,5.9000,true,1,160866
7290000999917,false,בטטה,,,בטטה,קילוגרמים,1.00,"ק""ג",true,,8.90,8.9000,true,1,160844
7290000999918,false,דלעת,,,דלעת,קילוגרמים,1.00,"ק""ג",true,,8.90,8.9000,true,1,160938
7290000999919,false,בצל יבש,,,בצל יבש,קילוגרמים,1.00,"ק""ג",true,,3.90,3.9000,true,1,160939
7290000999920,false,בצל אדום,,,בצל אדום,קילוגרמים,1.00,"ק""ג",true,,6.90,6.9000,true,1,160940
7290000999921,false,חסה ערבית,,,חסה ערבית,,1000.00,100 גרם,false,,4.90,0.0049,true,1,160859
7290000999922,false,חסה עגולה,,,חסה עגולה,,1000.00,100 גרם,false,,5.90,0.0059,true,1,160965
7290000999924,false,שום יבש,,,שום יבש,,1000.00,100 גרם,false,,7.90,0.0079,true,1,160941
7290000999925,false,"תפו""א לבן",,,"תפו""א לבן",קילוגרמים,1.00,"ק""ג",true,,3.90,3.9000,true,1,160845
7290000999926,false,"תפו""א אדום",,,"תפו""א אדום",קילוגרמים,1.00,"ק""ג",true,,4.90,4.9000,true,1,160846
7290000999934,false,עגבניה שרי תמר,,,עגבניה שרי תמר,קילוגרמים,1.00,"ק""ג",true,,16.90,16.9000,true,1,160847
7290000999935,false,בצל ירוק,,,בצל ירוק,יחידה,0.00,יחידה,false,,4.90,0.0000,true,1,179020
7290000999936,false,תירס,,,תירס,קילוגרמים,1.00,"ק""ג",true,,8.90,8.9000,true,1,160848
7290000999942,false,תפו'ע זהוב,,,תפו'ע זהוב,קילוגרמים,1.00,"ק""ג",true,,9.90,9.9000,true,1,160849
7290000999943,false,תפו'ע סמיט,,,תפו'ע סמיט,קילוגרמים,1.00,"ק""ג",true,,9.90,9.9000,true,1,160850
7290000999944,false,תפו'ע חרמון/גלה,,,תפו'ע חרמון/גלה,קילוגרמים,1.00,"ק""ג",true,,9.90,9.9000,true,1,160851
7290000999945,false,אגס,,,אגס,קילוגרמים,1.00,"ק""ג",true,,12.90,12.9000,true,1,160852
7290000999947,false,שזיף אדום,,,שזיף אדום,קילוגרמים,1.00,"ק""ג",true,,18.90,18.9000,true,1,160943
7290000999949,false,בננה,,,בננה,קילוגרמים,1.00,"ק""ג",true,,4.90,4.9000,true,1,160945
7290000999953,false,לימון,,,לימון,קילוגרמים,1.00,"ק""ג",true,,5.90,5.9000,true,1,160854
7290000999955,false,קולורבי,,,קולורבי,קילוגרמים,1.00,"ק""ג",true,,4.90,4.9000,true,1,160861
7290000999956,false,פלפל כתום,,,פלפל כתום,קילוגרמים,1.00,"ק""ג",true,,7.90,7.9000,true,1,160949
7290000999957,false,אבוקדו,,,אבוקדו,קילוגרמים,1.00,"ק""ג",true,,9.90,9.9000,true,1,160855
7290000999961,false,שומר,,,שומר,קילוגרמים,1.00,"ק""ג",true,,4.90,4.9000,true,1,160856
7290000999967,false,פומלה,,,פומלה,קילוגרמים,1.00,"ק""ג",true,,7.90,7.9000,true,1,160953
7290000999972,false,לפת,,,לפת,קילוגרמים,1.00,"ק""ג",true,,7.90,7.9000,true,1,160955
7290000999974,false,תות שדה,,,תות שדה,יחידה,0.00,יחידה,false,,14.90,0.0000,true,1,160966
7290000999977,false,תפוז /לימון סיני,,,תפוז /לימון סיני,קילוגרמים,1.00,"ק""ג",true,,9.90,9.9000,true,1,160957
7290000999987,false,אשכולית צהובה,,,אשכולית צהובה,קילוגרמים,1.00,"ק""ג",true,,5.90,5.9000,true,1,160959
7290000999988,false,תפוז,,,תפוז,קילוגרמים,1.00,"ק""ג",true,,5.90,5.9000,true,1,160857
7290000999989,false,ארטישוק,,,ארטישוק,קילוגרמים,1.00,"ק""ג",true,,19.90,19.9000,true,1,160862
7290000999990,false,פומלית,,,פומלית,קילוגרמים,1.00,"ק""ג",true,,4.90,4.9000,true,1,160960
7290000999999,false,צנון,,,צנון,קילוגרמים,1.00,"ק""ג",true,,6.90,6.9000,true,1,160964
7290001009123,false,לחם כוסמין 100% 600,,,לחם כוסמין 100% 600,,600.00,100 גרם,false,,15.90,0.0265,true,1,165115
7290001009178,false,לחם שיפון לחמנו 900ג,,,לחם שיפון לחמנו 900ג,,900.00,100 גרם,false,,15.90,0.0177,true,1,113012
7290001050019,false,קמח תפוחי אדמה פירמי,,,"קמח תפו""א פרימיום 50",,500.00,,false,,5.90,0.0118,true,1,170142
7290001072110,false,אל סבון כחול+משאבה 1ל נובו,,,סבון ידיים כחול+משאב,,1000.00,,false,,10.90,0.0109,true,1,135625
7290001121054,false,צמד חמד יחיעם 700 גר,תאי פרזידנט פוד פאבל,IL,צמד חמד יחיעם 700 גר,,700.00,,false,,29.90,0.0427,true,1,95828
7290001121238,false,קורנדביף יחיעם 180גר,מעדני יחיעם 1993,IL,קורנדביף יחיעם 180גר,,180.00,100 גרם,false,,29.90,0.1661,true,1,95831
7290001136287,false,"נקה 7 - שמפו רגיל ירוק 750 מ""ל","קוסמופארם בעמ, ח.פ 5",IL,נקה 7 שמפו לשיער רגי,,750.00,100 גרם,false,,12.90,0.0172,true,1,109453
7290001136683,false,"מרכך לשיער רגיל ירוק 750 מ""ל נקה 7",אמיליה קוסמטיקס בעמ,IL,נקה 7 מרכך לשיער רגי,,750.00,,false,,12.90,0.0172,true,1,109461
7290001216040,false,טחינת אל ארז 500 גרם,דולפין ספא,IL,טחינה אל ארז 500גר,,500.00,,false,,16.90,0.0338,true,1,138678
7290001216231,false,טחינה גולמית שומשום מלא אל ארז 500ג',דולפין ספא,IL,טחינה שומשום מלא אל,,500.00,100 גרם,false,,17.90,0.0358,true,1,138679
7290001245835,false,נוזל רצפות אורנים 4 ל' טאצ,,,נוזל רצפות אורנים 4ל,,4000.00,100 גרם,false,,11.90,0.0030,true,1,179822
7290001245842,false,נוזל רצפות מאסק 4 ל' טאצ,,,נוזל רצפות מאסק 4ל ט,,4000.00,,false,,11.90,0.0030,true,1,179823
7290001245897,false,נוזל רצפות יסמין 4 ל' טאצ,,,נוזל רצפות יסמין 4ל,,4000.00,100 גרם,false,,11.90,0.0030,true,1,179824
7290001246221,false,"טאצ' תרסיס מטהר אוויר לימון 300 מ""ל",,,תרסיס מטהר אוויר לימ,,300.00,100 גרם,false,,4.90,0.0163,true,1,179839
7290001246238,false,"טאצ' תרסיס מטהר אוויר פריחה 300 מ""ל",,,תרסיס מטהר אוויר פרי,,300.00,100 גרם,false,,4.90,0.0163,true,1,179840
7290001246269,false,"טאצ' תרסיס מטהר אוויר לבנדר 300 מ""ל",,,תרסיס מטהר אוויר 300,,300.00,100 גרם,false,,4.90,0.0163,true,1,179845
7290001246276,false,"טאצ' תרסיס מטהר אוויר אורנים 300 מ""ל",,,תרסיס מטהר אוויר אור,,300.00,,false,,4.90,0.0163,true,1,179838
7290001246351,false,נוזל רצפות לבנדר 4 ל טאצ,,,נוזל רצפות לבנדר 4ל,,4000.00,100 גרם,false,,11.90,0.0030,true,1,179825
7290001246634,false,"נוזל אסלות ע""ב חומצה 1 ליטר טאצ",,,נוזל אסלות 1 ליטר טא,ליטרים,1.00,ליטר,false,,6.90,6.9000,true,1,179826
7290001247082,false,נקטר ספרינג עגבניות קרטונית 1 ל',"יפאורה תבורי בע""מ",IL,ספרינג עגבניות קרטונ,,1000.00,100 גרם,false,,7.90,0.0079,true,1,102522
7290001247105,false,נקטר ספרינג אפרסק קרטונית 1 ל',"יפאורה תבורי בע""מ",IL,ספרינג נקטר אפרסק 1,,1000.00,,false,,7.90,0.0079,true,1,102524
7290001247112,false,נקטר ספרינג לימונענע קרטונית 1 ל',"יפאורה תבורי בע""מ",IL,ספרינג לימונענע קרטו,,1000.00,,false,,7.90,0.0079,true,1,102525
7290001247129,false,נקטר ספרינג תפוזים קרטונית 1 ל',"יפאורה תבורי בע""מ",IL,ספרינג תפוז קרטונית,,1000.00,100 גרם,false,,7.90,0.0079,true,1,102526
7290001247143,false,נקטר ספרינג תפוחים קרטונית 1 ל',"יפאורה תבורי בע""מ",IL,ספרינג תפוח קרטונית,,1000.00,,false,,7.90,0.0079,true,1,102528
7290001265642,false,"מעדני לה קט פטה, שלישיה 3 * 400 ג'",קריות זול,FR,לה קט מולטי פק 3*400,,1200.00,100 גרם,false,,23.90,0.0199,true,1,100963
7290001305188,false,פלמוליב כלים שקוף לימון 750 בקבוק חדש,יבואן ומשווק: ש. שסט,GR,פלמוליב נוזל לכלים פ,,750.00,,false,,11.90,0.0159,true,1,104890
7290001335086,false,רגל בקר פרוס ארוז,,,רגל בקר פרוס ארוז,קילוגרמים,1.00,"ק""ג",true,,39.90,39.9000,true,1,194748
7290001343845,false,"גרנולה פירות 1 ק""ג - 845 - ורוד שקדיה",הנסיך- מפעל לייצור ט,IL,גרנולה מעורבת שקדיה,,1000.00,100 גרם,false,,19.90,0.0199,true,1,134416
7290001407134,false,בארכה פרוסות חלווה שוקו וניל+פ.קקאו 400גר,רושדי תעשיות מזון בע,IL,חלבה פרוסות שוקו וני,,400.00,100 גרם,false,,16.90,0.0422,true,1,132497
7290001407769,false,טחינה גולמית שומשום מלא בארכה 500ג',רושדי תעשיות מזון בע,IL,טחינה משומשום מלא בא,,500.00,100 גרם,false,,17.90,0.0358,true,1,107185
7290001407820,false,חלווה בארכה שאמית ונ,רושדי תעשיות מזון בע,IL,חלבה שאמית קלאסית בא,,350.00,,false,,17.90,0.0511,true,1,107187
7290001407936,false,בארכה-טחינה גולמית מעודנת בקבוק לחיץ 310 ג',רושדי תעשיות מזון בע,IL,טחינה מעודנת לחיץ בא,,310.00,100 גרם,false,,14.90,0.0481,true,1,160765
7290001436790,false,נקנקיות מרגז מיני אקסטרה חריף ארוז בלדי 500 ג',יוליניבר,IL,נקניקיות מרגז מיני א,,500.00,,false,,29.90,0.0598,true,1,162343
7290001455418,false,סטייק טונה בדץ קפוא,,,סטייק טונה בדץ קפוא,קילוגרמים,1.00,"ק""ג",true,,39.90,39.9000,true,1,163801
7290001455937,false,אנטריקוט עגל פריים,,,אנטריקוט עגל פריים,קילוגרמים,1.00,"ק""ג",true,,149.00,149.0000,true,1,190655
7290001482094,false,גבינה פרמז'נו משולשים ויליפוד 200ג',זנטי אס. אי לאלין,IT,פרמז'נו וילי פוד 200,,200.00,,false,,22.90,0.1145,true,1,171999
7290001485019,false,גבינת שמנת 5% טעם טבעי 200 ג' טרה,קריות זול,IL,גבינת שמנת טבעי 5% 2,,200.00,100 גרם,false,,12.90,0.0645,true,1,103836
7290001491096,false,תה ירוק בתוספת לימונית ולואיזה 50 שקיקים ויסוצקי,קריות זול,IL,תה ירוק בתוספת לימונ,,50.00,,false,,45.90,0.9180,true,1,107191
7290001567708,false,נקנקיות וינר 400 ג' יחיעם,יחיעם,IL,נקניקיות עוף ללא חומ,,400.00,100 גרם,false,,12.90,0.0323,true,1,139649
7290001567760,false,פסטרמה של פעם 300 ג' יחיעם,פ.פ.ח. שאביט,IL,פסטרמה של פעם ללא חו,,300.00,100 גרם,false,,29.90,0.0997,true,1,171607
7290001567814,false,סלמי מעושן בסגנון איטלקי 300 ג' יחיעם,פ.פ.ח. שאביט,IL,סלמי מעושן בסגנון אי,,300.00,,false,,25.90,0.0863,true,1,139648
7290001594377,false,פריגת משקה תפוזים 50,מבשלות בירה בינלאומי,IL,פריגת תפוזים 500 מל,,500.00,,false,,6.50,0.0130,true,1,103871
7290001594858,false,"בירה טובורג בקבוק 330X6מ""ל",קרלסברג ישראל,IL,בירה טובורג בקבוק שי,,1980.00,,false,,39.90,0.0202,true,1,103887
7290001594865,false,"קרלסברג בירה בקבוק 6* 330 מ""ל",קרלסברג ישראל,IL,בירה קרלסברג שישייה,,1980.00,100 גרם,false,,39.90,0.0202,true,1,103888
7290001648919,false,קפה כתר 3*70גר,,,קפה כתר 3*70גר,,210.00,100 גרם,false,,10.00,0.0476,true,1,119364
7290001670507,false,מלית תמרים פוליבה 450 ג',"פוליבה בע""מ",IL,מלית תמרים 450 גר,,450.00,,false,,4.90,0.0109,true,1,107505
7290001670521,false,"מלית תפו""ע וקינמון 4","פוליבה בע""מ",IL,"מלית תפו""ע וקינמון 4",,400.00,100 גרם,false,,11.90,0.0298,true,1,107507
7290001713167,false,סנט מוריץ - מרסס קצף ניקוי 1 ליטר סניטרי אפור,קומפלקס כימיקלים,IL,קצף לניקוי כלים סניט,ליטרים,1.00,ליטר,false,,11.90,11.9000,true,1,170394
7290001714058,false,אנטריקוט עגל פריים,,,אנטריקוט עגל פריים,קילוגרמים,1.00,"ק""ג",true,,149.00,149.0000,true,1,136918
7290001714072,false,צלעות עגל,,,צלעות עגל,קילוגרמים,1.00,"ק""ג",true,,69.90,69.9000,true,1,136919
7290001714133,false,גולש עגל,,,גולש עגל,קילוגרמים,1.00,"ק""ג",true,,69.00,69.0000,true,1,189421
7290001791349,false,אקונומיקה פסגה ריחנית 4ליטר,"סנו מפעלי ברונוס בע""",IL,אקונומיקה פיסגה ריחנ,ליטרים,4.00,ליטר,false,,12.90,3.2250,true,1,101927
7290001817377,false,צ'יטוס חטיף איקס עיגול פיצה 60 גרם,"שטראוס פריטו ליי בע""",IL,ציטוס איקס עיגול אפו,,60.00,,false,,3.90,0.0650,true,1,103652
7290001817728,false,צ'יטוס חטיף כאפה קטשופ 55 גרם,"שטראוס פריטו ליי בע""",IL,ציטוס כאפה אפוי 55גר,,55.00,,false,,3.90,0.0709,true,1,103655
7290001842652,false,בשר ראש חלק קפוא,,,בשר ראש חלק קפוא,קילוגרמים,1.00,"ק""ג",true,,59.90,59.9000,true,1,170044
7290001867655,false,תפוא לבן פרמיום לאפי,אראל תוצרת חקלאית בע,IL,"תפו""א גורמה חוות גלי",קילוגרמים,1.00,"ק""ג",true,,5.90,5.9000,true,1,190391
7290001873052,false,צלי כתף עגל,,,צלי כתף עגל,קילוגרמים,1.00,"ק""ג",true,,89.90,89.9000,true,1,189466
7290001990117,false,שומשום סוגת 100 גרם,האי נאם סי או אל.טי.,IL,שומשום סוגת 100גר,,100.00,,false,,4.90,0.0490,true,1,107964
7290001990261,false,"סוגת חומוס 1 ק""ג",Unknown,,חומוס סוגת 1קג,,1000.00,100 גרם,false,,15.90,0.0159,true,1,107966
7290001990278,false,"שעועית לבנה סוגת 1 ק""ג",סוגת,,שעועית לבנה סוגת 1קג,,1000.00,,false,,18.90,0.0189,true,1,149889
7290001990377,false,סוגת שעועית בובס 500 גר,קריות זול,,שעועית בובס סוגת 500,,500.00,100 גרם,false,,12.90,0.0258,true,1,107969
7290001990391,false,"אפונה 1 ק""ג סוגת",,,אפונה סוגת 1קג,,1000.00,,false,,11.90,0.0119,true,1,149891
7290001990421,false,"פופקורן גרעינים סוגת 1 ק""ג",,,פופקורן סוגת 1 קג,,1000.00,100 גרם,false,,10.90,0.0109,true,1,117743
7290002000136,false,"שעווה למיקרוגל מגע המשי 500 מ""ל-מרכז",ש. שוורץ (באר שבע) ב,IL,מגע המשי שעווה למיקר,,500.00,,false,,19.90,0.0398,true,1,101467
7290002007821,false,"צבע מאכל אדום 55 מ""ל",ממתקי עלה ייצור שיוו,IL,צבע מאכל אדום 55מל,,55.00,,false,,3.50,0.0636,true,1,107548
7290002008071,false,עטרות חום 2 מספר הנמל,הנמל אריזות ושיווק ב,IL,עטרות חום מס 2,יחידה,0.00,יחידה,false,,5.90,0.0000,true,1,107559
7290002008156,false,עטרות חום 5 מספר הנמל,קריות זול,IL,עטרות חום .5,יחידה,0.00,יחידה,false,,6.90,0.0000,true,1,107564
7290002008170,false,עטרות חום 3 מספר הנמל,הנמל,IL,עטרות חום 3,יחידה,0.00,יחידה,false,,5.90,0.0000,true,1,107565
7290002008224,false,סוכריות לקישוט צבעונית הנמל 100 ג',ממתקי עלה בעמ,IL,קישוט לעוגה גליד 100,,100.00,,false,,5.90,0.0590,true,1,149588
7290002008309,false,עטרות נייר חום לעוגה מס' 4 הנמל 130יח',הנמל אריזות ושיווק ב,IL,עטרות חום 4,יחידה,0.00,יחידה,false,,5.90,0.0000,true,1,107572
7290002008460,false,עטרות חום 1.5 מספר הנמל,קריות זול,IL,עטרות חום 1.5,יחידה,0.00,יחידה,false,,5.90,0.0000,true,1,107580
7290002008491,false,סוכריות לקישוט שוקולד 100 ג' הנמל,ממתקי עלה יצור שיווק,IL,סוכריות מזרה שוקולד,,100.00,100 גרם,false,,5.90,0.0590,true,1,149596
7290002008620,false,"צבע מאכל ירוק 55 מ""ל הנמל",ממתקי עלה יצור שיווק,IL,צבע מאכל ירוק 55 מל,,55.00,100 גרם,false,,3.50,0.0636,true,1,107585
7290002008828,false,סוכריות שוקולד לבן ג'מבו לקישוט הנמל 200ג' בדצ,ממתקי עלה ייצור שיוו,IL,סוכריות לעוגה גמבו ש,,200.00,,false,,9.50,0.0475,true,1,107592
7290002008927,false,סוכריות לקישוט שוקו לבן 100 ג' הנמל,ממתקי עלה יצור שיווק,IL,סוכריות מזרה שוקו לב,,100.00,,false,,5.90,0.0590,true,1,149600
7290002008934,false,סוכריות צבעוניות לקישוט לעוגה 200 גר,ממתקי עלה יצור שיווק,IL,סוכריות צבעוניות לקי,,200.00,100 גרם,false,,9.50,0.0475,true,1,107595
7290002014201,false,חומוס 200 גרם מעדני מיקי,,,חומוס מיקי 200 גרם,,200.00,100 גרם,false,,8.90,0.0445,true,1,105386
7290002014232,false,סלט טורקי 200 גרם מעדני מיקי,,,סלט טורקי 200 גר,,200.00,100 גרם,false,,8.90,0.0445,true,1,105389
7290002019183,false,עגבניות שלמות פריניר,פריניר,,עגבניות שלמות פריניר,,800.00,100 גרם,false,,7.90,0.0099,true,1,150784
7290002019763,false,עגבניות מרוסקות A2.5 נטו 800ג',פריניר,,עגבניות מרוסקות פרינ,,800.00,,false,,7.90,0.0099,true,1,150786
7290002019787,false,רסק עגבניות טבע טרי 260 ג' פריניר,פריניר ( הדס 1987) ב,IL,רסק עגבניות22% פריני,,260.00,,false,,4.50,0.0173,true,1,150787
7290002019794,false,רסק עגבניות טבע טרי פריניר 100ג',פריניר ( הדס 1987) ב,IL,רוטב עגבניות מרוכז מ,,100.00,100 גרם,false,,2.50,0.0250,true,1,150788
7290002026365,false,טבעות בצל אריסטו קראנץ 500 ג',היידי שוקולד בירונטי,IL,טבעות בצל 500גר,,500.00,,false,,10.90,0.0218,true,1,160570
7290002037309,false,לחמניות המבורגר 8יח 400גר,מאפית י את א ברמן בע,IL,לחמניות המבורגר 8יח,,400.00,,false,,14.90,0.0373,true,1,119976
7290002037637,false,חליות מתוקות מארז 4יח',מאפית י את א ברמן בע,IL,חליות מתוקות 4יח,,400.00,,false,,12.90,0.0323,true,1,119981
7290002053538,false,נודלס בסגנון תאילנדי 25% תוספת 400 ג',,,נודלס תאילנדי 400גר+,יחידה,0.00,יחידה,false,,19.90,0.0000,true,1,176211
7290002057093,false,זיתים מנזנילו ירוק A2 יבנה 540ג',קדבורי,IL,זית מנזלינו ירוק יבנ,,540.00,,false,,8.90,0.0165,true,1,111899
7290002057352,false,מלפפון במלח 7-9 560 ג' יבנה,אף.סי תבליני בגליל ב,IL,מלפפון 7-9 במלח 540ג,,540.00,100 גרם,false,,6.90,0.0128,true,1,111911
7290002057376,false,מלפפון במלח ‏17‏-‏13‏ 560 ג' יבנה,קבוצת יבנה,IL,מלפפון 13-17 במלח 54,,540.00,100 גרם,false,,9.90,0.0183,true,1,111913
7290002057468,false,מלפפון חומץ ‏12‏-‏10‏ 560 ג' יבנה,קבוצת יבנה,IL,מלפפון 10-12 בחומץ 5,,540.00,,false,,7.90,0.0146,true,1,111918
7290002057604,false,שיפקה פלפל חריף A2 יבנה 600ג',קבוצת יבנה,IL,פלפל חריף שיפקה יבנה,,540.00,100 גרם,false,,6.50,0.0120,true,1,111921
7290002057628,false,זיתים טבעות מושחר A2 יבנה 540ג',קריות זול,IL,זית טבעות מושחר 540ג,,540.00,100 גרם,false,,9.90,0.0183,true,1,111923
7290002057734,false,זיתים חרוזית שחור A2 יבנה 540ג',קריות זול,IL,חרוזית מושחר יבנה 27,,275.00,,false,,9.90,0.0360,true,1,111926
7290002057819,false,גמבה רצועות פלפל אדום A2 יבנה 300 גרם,קריות זול,IL,רצועות פלפל אדום 300,,300.00,,false,,6.90,0.0230,true,1,111927
7290002079552,false,לחם אחיד דוידוביץ 75,,,לחם אחיד שחור,,750.00,100 גרם,false,,6.96,0.0093,true,1,107014
7290002079590,false,חלה רגילה 500 גרם,מאפיית דוידוביץ,,חלה רגילה 500גר,,500.00,100 גרם,false,,6.26,0.0125,true,1,109238
7290002079606,false,חלה רגילה 500גר,,,חלה רגילה 500גר,,500.00,100 גרם,false,,6.26,0.0125,true,1,109239
7290002107965,false,טבורוג גבינה לאפייה 5% צוריאל 500 ג',מחלבת משק צוריאל,IL,גבינה טבורוג לאפייה,,500.00,,false,,27.90,0.0558,true,1,103924
7290002128045,false,נר הבדלה שטוח רגיל,מנורה,IL,נר הבדלה שטוח רגיל,יחידה,0.00,יחידה,false,,5.90,0.0000,true,1,96713
7290002128083,false,נרות חנוכה רגיל 44יח-מנורה,,,נרות חנוכה רגיל 44 י,יחידה,0.00,יחידה,false,,2.90,0.0000,true,1,118443
7290002128205,false,נרות לא נוטפים 45יח-מנורה,,,נרות חנוכה דה-לוקס ב,יחידה,0.00,יחידה,false,,6.90,0.0000,true,1,96717
7290002128311,false,נר נשמה בכוס ל-7 ימי,קריות זול,IL,נר נשמה בכוס ל-7 ימי,,72.00,,false,,10.90,0.1514,true,1,96723
7290002128380,false,חנוכיית פס+כוסיות+צי,,,חנוכיית פס+כוסיות+צי,יחידה,0.00,יחידה,false,,14.90,0.0000,true,1,188985
7290002128946,false,נר נשמה בכוס 48 שעות - מנורה,קריות זול,IL,נר נשמה כוס 48 שעות,,72.00,,false,,4.90,0.0681,true,1,96741
7290002130567,false,דבש טהור מפרחי בר בזכוכית 350 גרם,מכוורת יד מרדכי שטרא,IL,דבש טהור מפרחי בר יד,,350.00,,false,,19.90,0.0569,true,1,110014
7290002130574,false,דבש טהור מפרחי בר בזכוכית 500 ג' יד מרדכי,מכוורת יד מרדכי שטרא,IL,דבש טהור מפרחי בר בז,,500.00,,false,,29.90,0.0598,true,1,110015
7290002130581,false,דבש טהור מפרחי בר בצ,קריות זול,IL,דבש טהור מפרחי בר בז,,1000.00,,false,,47.90,0.0479,true,1,110016
7290002133162,false,בולגרית גביע 5% 250ג,מחלבת שומרון,IL,בולגרית גביע 5% 250ג,,250.00,,false,,18.90,0.0756,true,1,116742
7290002133247,false,לאבנה עם זעתר ושמן 5,מחלבת שומרון,IL,לאבנה עם זעתר ושמן 5,,250.00,100 גרם,false,,10.90,0.0436,true,1,117695
7290002133551,false,לאבנה עם שמן זית וזע,מחלבת השומרון,IL,לאבנה עם זעתר ושמן ז,,500.00,100 גרם,false,,16.90,0.0338,true,1,118458
7290002133858,false,בולגרית צאן גביע 250,מחלבת שומרון,IL,בולגרית צאן גביע 250,,250.00,100 גרם,false,,23.70,0.0948,true,1,118449
7290002133889,false,גבינה בולגרית מעודנת,מחלבת השומרון,IL,בולגרית מעודנת בקר 5,,250.00,,false,,18.90,0.0756,true,1,120795
7290002150077,false,פלאפל חמים וטעים 400,,,פלאפל חמים וטעים 400,,400.00,,false,,15.90,0.0398,true,1,171627
7290002150718,false,"קרפלך במילוי תפו""א ח",,,"קרפלך במילוי תפו""א ח",,400.00,100 גרם,false,,15.90,0.0398,true,1,140450
7290002150794,false,סיגר בשר חמים וטעים,,,סיגר בשר חמים וטעים,,400.00,100 גרם,false,,16.90,0.0422,true,1,140452
7290002150817,false,"סיגר תפו""א חמים וטעי",יושלם,,"סיגר תפו""א חמים וטעי",,400.00,100 גרם,false,,15.90,0.0398,true,1,140453
7290002150848,false,אגרול סיני חמים וטעי,,,אגרול סיני חמים וטעי,,400.00,100 גרם,false,,15.90,0.0398,true,1,140455
7290002150862,false,קובה בשר מטוגן חמים,,,קובה בשר מטוגן חמים,,400.00,,false,,16.90,0.0422,true,1,140456
7290002153801,false,אובלטים שומשום 300 גר,,,אובלטים שומשום 300 ג,,300.00,100 גרם,false,,10.90,0.0363,true,1,168686
7290002153887,false,אובלטים מלוחים 300 גר,,,אובלטים קימל 300גר,,300.00,100 גרם,false,,10.90,0.0363,true,1,168688
7290002190141,false,ממרח ריבת חלב קונדיטור,Barhan gida sanayi v,IL,ריבת חלב בצנצנת 450,,450.00,,false,,12.90,0.0287,true,1,104576
7290002190516,false,ריבת חלב ממרח קומידה 500 גר',קריות זול,IL,ריבת חלב ממרח 500גר,,500.00,100 גרם,false,,12.90,0.0258,true,1,104577
7290002195054,false,המבורגר בלדי 400 גרם ארוז,יוליניבר,IL,המבורגר בלדי 400גר,,400.00,,false,,13.90,0.0348,true,1,112472
7290002195078,false,קבב כבש בלדי קפוא 400 ג',,,בלדי קבב כבש 400גר,,400.00,,false,,13.90,0.0348,true,1,112474
7290002195085,false,קבב מזרחי בלדי 400 ג'- 8 יח',יוליניבר,IL,קבב מזרחי 400גר,,400.00,,false,,13.90,0.0348,true,1,112475
7290002195092,false,קבב רומני 400 גרם ארוז,,,קבב רומני 400גר,,400.00,,false,,13.90,0.0348,true,1,112476
7290002211044,false,"סולת - חום רוט 1 ק""ג",,,"סולת 1ק""ג",,1000.00,,false,,6.50,0.0065,true,1,112125
7290002211112,false,קמח רוט כחול לבן 1קג,,,קמח רוט כחול לבן 1קג,,1000.00,,false,,5.90,0.0059,true,1,162401
7290002239185,false,אפונת גינה קפואה פרי גליל 800 גרם,"פרי הגליל בע""""מ",IL,אפונה מוקפאת 800גר,,800.00,100 גרם,false,,12.90,0.0161,true,1,173568
7290002239215,false,אפונה וגזר קפוא פרי גליל 800 גרם,"פרי הגליל בע""""מ",IL,אפונה וגזר 800גר,,800.00,100 גרם,false,,12.90,0.0161,true,1,173569
7290002239307,false,שעועית צהובה 800 ג ' פרי הגליל,"פרי הגליל בע""""מ",IL,שעועית צהובה 800גר,,800.00,100 גרם,false,,12.90,0.0161,true,1,173571
7290002239338,false,שעועית ירוקה 800 ג' פרי הגליל,"פרי הגליל בע""""מ",IL,שעועית ירוקה 800גר,,800.00,100 גרם,false,,12.90,0.0161,true,1,173572
7290002253105,false,מגשית קוביות שום טרי דורות 80 ג',עיצובים 2020 (3.8),IL,קוביות שום דורות 80ג,,80.00,,false,,11.90,0.1488,true,1,99379
7290002265672,false,מויבה נורבגי פיש האו,,,מויבה נורבגי פיש האו,קילוגרמים,1.00,"ק""ג",true,,42.90,42.9000,true,1,195947
7290002265702,false,מקרל נורבגי פיש האוס,,,מקרל נורבגי פיש האוס,קילוגרמים,1.00,"ק""ג",true,,39.90,39.9000,true,1,195948
7290002265719,false,הרינג נורבגי פיש האו,,,הרינג נורבגי פיש האו,קילוגרמים,1.00,"ק""ג",true,,29.90,29.9000,true,1,195949
7290002291046,false,המבורגר מסעדות קצבייה 4 יח'-480 ג',יוליניבר,IL,המבורגר מסעדות קצביי,,480.00,100 גרם,false,,25.90,0.0540,true,1,122431
7290002319054,false,פרג טחון מיה 100 גרם,מיה תעשיות מזון,IL,פרג טחון 100 גרם מיה,,100.00,100 גרם,false,,5.90,0.0590,true,1,154834
7290002319061,false,קוקוס טחון מיה 100 ג,מיה,IL,קוקוס טחון מיה 100 ג,,100.00,,false,,4.90,0.0490,true,1,154835
7290002319078,false,שומשום מיה 100 גרם,מיה,IL,שומשום מיה 100 גר,,100.00,,false,,4.90,0.0490,true,1,154836
7290002319375,false,"קורנפלור 200 ג' בד""ץ מיה",מיה תעשיות מזון,IL,קורנפלור 200 גרם,,200.00,,false,,3.90,0.0195,true,1,154848
7290002319528,false,קמח מצה 200גרם,מיה תעשיות מזון,IL,קמח מצה 200גר,,200.00,,false,,2.90,0.0145,true,1,134956
7290002319771,false,"תמצית אפיה וניל 50מ""ל מיה",מיה תעשיות מזון בעמ,IL,"תמצית אפיה וניל 50מ""",,50.00,100 גרם,false,,3.50,0.0700,true,1,154852
7290002319788,false,"תמצית אפיה רום 50 מ""ל מיה",מיה תעשיות מזון,IL,תמצית אפיה בטעם רום,,50.00,100 גרם,false,,3.50,0.0700,true,1,154853
7290002319825,false,אבקת סוכר מיה 100גרם,מיה תעשיות מזון,IL,אבקת סוכר מיה 100גרם,,100.00,,false,,2.00,0.0200,true,1,154855
7290002321750,false,"פילה אמנון קפוא בד""ץ מאסטר פוד",,,פילה אמנון קפוא,קילוגרמים,1.00,"ק""ג",true,,29.90,29.9000,true,1,111521
7290002321767,false,פילה אמנון קפוא,,,פילה אמנון קפוא,קילוגרמים,1.00,"ק""ג",true,,29.90,29.9000,true,1,139787
7290002331490,false,מים מינרלים נביעות 1 ליטר,נביעות טבע הגליל בעמ,IL,נביעות 1 ליטר,,1000.00,100 גרם,false,,4.00,0.0040,true,1,133101
7290002336686,false,אסאדו עע,,,אסאדו עע,קילוגרמים,1.00,"ק""ג",true,,69.90,69.9000,true,1,185616
7290002345886,false,צלי כתף עגל,,,צלי כתף עגל,קילוגרמים,1.00,"ק""ג",true,,89.90,89.9000,true,1,189467
7290002360285,false,תה פומפדור חליטת צמחים קמומיל 20 שק,TEEKANNE- POMPADOU,DE,חליטת תה פומפדור קמו,,30.00,100 גרם,false,,14.90,0.4967,true,1,104904
7290002371854,false,"נקניקיות עוף מתובלות 1 ק""ג טירת צבי",הנסיך- מפעל לייצור ט,IL,נקניקיות עוף חריפות,,1000.00,100 גרם,false,,29.90,0.0299,true,1,160088
7290002374268,false,שמן חמניות מילומור 1 ליטר,שמן תעשיות,IL,שמן חמניות מילומור 1,,1000.00,100 גרם,false,,10.90,0.0109,true,1,187990
7290002374640,false,שמן קנולה פלוס אומגה 3 1ל' עץ הזית,שמן תעשיות,IL,שמן קנולה פלוס אומגה,,1000.00,100 גרם,false,,17.90,0.0179,true,1,134690
7290002407034,false,"זית סורי מבוקע ג""השא",ג'השאן,IL,זית סורי מבוקע 800גר,,800.00,,false,,19.90,0.0249,true,1,100965
7290002407102,false,זית סנטה גדול ג'השאן 800 ג',ג'השאן,IL,זית סנטה 800גר,,800.00,,false,,19.90,0.0249,true,1,118351
7290002409038,false,בורקס גבינה 800גר,,,בורקס גבינה 800גר,,800.00,100 גרם,false,,17.90,0.0224,true,1,113510
7290002409045,false,"בורקס תפו""א ציפור השרון 800ג'",,,"בורקס תפו""א 800גר",,800.00,100 גרם,false,,17.90,0.0224,true,1,113511
7290002409052,false,בורקס תרד 800גר,,,בורקס תרד 800גר,,800.00,100 גרם,false,,21.90,0.0274,true,1,123383
7290002409076,false,ציפור השרון גחנון בצק 800גר,ציפור השרון,,גחנון בצק ציפור השרו,,800.00,,false,,14.90,0.0186,true,1,113512
7290002409106,false,בורקס פיצה 800גר,,,בורקס פיצה 800גר,,800.00,,false,,21.90,0.0274,true,1,116987
7290002409175,false,"בצק עלים צרפתי צפ.השרון 1 ק""ג",ציפור השרון,,בצק עלים 1קג,,1000.00,100 גרם,false,,14.90,0.0149,true,1,113513
7290002409274,false,מלוואח ציפור השרון 5 יחי',,,מלווח ציפור השרון 80,,800.00,,false,,14.90,0.0186,true,1,192079
7290002409281,false,סבבה ציפור השרון 750,פילסברי,,סבבה ציפור השרון 750,,750.00,,false,,19.90,0.0265,true,1,113514
7290002409304,false,נקניקיות עטופות בבצק,,,נקניקיות עטופות בבצק,,600.00,100 גרם,false,,21.90,0.0365,true,1,123387
7290002447498,false,ויסבראטן עגל,,,ויסבראטן עגל,קילוגרמים,1.00,"ק""ג",true,,89.90,89.9000,true,1,173273
7290002447573,false,שייטל עגל טרי,,,שייטל עגל,קילוגרמים,1.00,"ק""ג",true,,89.90,89.9000,true,1,117954
7290002453383,false,מרגז טלה קצביית פרימ,קצביית פרימיום,IL,מרגז טלה 500גר,,500.00,100 גרם,false,,29.90,0.0598,true,1,161422
7290002453512,false,קבב קציצות ישראלי 80,,,קבב קציצות ישראלי 80,,800.00,100 גרם,false,,37.90,0.0474,true,1,113388
7290002453680,false,נקניקיות אסדו ארגנטנ,קצביית פרימיום,IL,נקניקיה אסאדו ארגנטי,,500.00,100 גרם,false,,29.90,0.0598,true,1,163858
7290002453697,false,קבב אנטריקוט קצבים עם שומן כבש,קצביית פרימיום,IL,קבב אנטריקוט קצבים ע,,400.00,,false,,25.90,0.0647,true,1,163859
7290002453802,false,קבב אסלי בוואקום קפו,קצביית פרימיום,IL,קבב אסלי בוואקום קפו,,1000.00,100 גרם,false,,39.90,0.0399,true,1,176313
7290002517269,false,תבלין פלפל שחור שלם 35ג',תות ממתקי איכות,IL,פלפל שחור שלם 35גר,,35.00,100 גרם,false,,11.90,0.3400,true,1,134736
7290002517337,false,תבלין אורגנו עלים 20 גר',תות ממתקי איכות,IL,אורגנו עלים 20גר,,20.00,,false,,7.90,0.3950,true,1,118648
7290002517375,false,תבלין בזיליקום 30 גר' שק',תות ממתקי איכות,IL,בזיליקום עלים 30גר,,30.00,,false,,7.90,0.2633,true,1,118649
7290002517603,false,תבלין בזיליקום מיכל 10ג',תות ממתקי איכות,IL,בזיליקום 10גר,,10.00,100 גרם,false,,6.90,0.6900,true,1,118628
7290002517801,false,תבלין צ'ילי כתוש - חריף (פלפל קיינה) 30 ג',תות ממתקי איכות,IL,צילי כתוש 30גר,,30.00,,false,,6.90,0.2300,true,1,118645
7290002517825,false,תבלין פלפל לבן טחון 40ג',תות ממתקי איכות,IL,פלפל לבן טחון 40גר,,40.00,,false,,12.90,0.3225,true,1,118637
7290002542780,false,"שישיית בירה סטלה ארטואה 330 מ""ל*6",סטלה ארטואה Stella Artois,BE,בירה סטלה ארטואה 6*3,,1980.00,,false,,32.90,0.0166,true,1,195666
7290002543046,false,קלוגס פרוסטיס דגנים וסוכר 750ג',קלוג מנייופרטורינג א,ES,דגני קלוגס פרוסטיס 7,,750.00,,false,,23.90,0.0319,true,1,104915
7290002552772,false,מאגדת ארטיק קרח 10 יח' ריאו,"גלידות ריאו ביח""ר לג",IL,ארטיק קרח עשיריות,יחידה,0.00,יחידה,false,,9.90,0.0000,true,1,112204
7290002560227,false,אשפתון גופיה 75/90 2,קריות זול,,אשפתון גופיה 75/90 2,יחידה,0.00,יחידה,false,,10.90,0.0000,true,1,166879
7290002560333,false,שקיות אוכל גדולות XL,,,שקיות אוכל גדולות XL,יחידה,0.00,יחידה,false,,10.00,0.0000,true,1,170247
7290002560524,false,נייר אפייה בגליל 25,,,נייר אפייה בגליל 25,יחידה,0.00,יחידה,false,,10.90,0.0000,true,1,195235
7290002581536,false,"וופל בטעם שוקולד לל""ס הדר 250ג'",אפיפית נצרת,IL,וופל נפוליטנה ללא סו,,250.00,,false,,9.90,0.0396,true,1,114435
7290002599029,false,תבליני יונה פפריקה מתוקה בשמן 80ג,תבליני יונה,IL,תבלינים בשקית 80גר,,80.00,100 גרם,false,,5.50,0.0688,true,1,118612
7290002599036,false,פלפל לבן/שחור 50גר,תבליני יונה,IL,פלפל לבן/שחור 50גר,,50.00,100 גרם,false,,5.50,0.1100,true,1,118613
7290002599104,false,תבלינים שונים 50 גרם,תבליני יונה,IL,תבלינים בשקית 50גר,,50.00,100 גרם,false,,5.50,0.1100,true,1,118615
7290002599197,false,תבליני יונה פלפל שחור שלם 50גר,תבליני יונה,IL,פלפל לבן/שחור 50גר,,50.00,100 גרם,false,,5.50,0.1100,true,1,118616
7290002621966,false,ברווז שלם ארוז חלק ק,,,ברווז שלם ארוז חלק ק,קילוגרמים,1.00,"ק""ג",true,,59.90,59.9000,true,1,196051
7290002627302,false,צלי כתף עגל,,,צלי כתף עגל,קילוגרמים,1.00,"ק""ג",true,,89.90,89.9000,true,1,189468
7290002627364,false,אנטריקוט עגל פריים,,,אנטריקוט עגל פריים,קילוגרמים,1.00,"ק""ג",true,,149.00,149.0000,true,1,185594
7290002627371,false,צלעות עגל,,,צלעות עגל,קילוגרמים,1.00,"ק""ג",true,,69.90,69.9000,true,1,185600
7290002627401,false,צלי כתף עגל,,,צלי כתף עגל,קילוגרמים,1.00,"ק""ג",true,,89.90,89.9000,true,1,185611
7290002628064,false,טחון בקר בלדי קפוא 500 ג' /16 יח',יוליניבר,IL,טחון בקר בלדי קפוא 5,,500.00,100 גרם,false,,19.90,0.0398,true,1,112477
7290002628088,false,טחון הודו בלדי קפוא,,,טחון הודו בלדי קפוא,,1000.00,100 גרם,false,,10.90,0.0109,true,1,118898
7290002628293,false,טחון עוף בלדי קפוא 5,,,טחון עוף בלדי קפוא 5,,1000.00,,false,,10.90,0.0109,true,1,118836
7290002661115,false,לחם שיפון הולנדי 1.2 מהדרין,מאפית י את א ברמן בע,IL,לחם הולנדי 1.2קג,,1200.00,,false,,17.90,0.0149,true,1,121756
7290002661153,false,"לחם דני קל ברמן 1 ק""",מאפית י את א ברמן בע,IL,לחם דני קל 1 קג,,1000.00,100 גרם,false,,17.90,0.0179,true,1,121757
7290002661443,false,פירורי לחם מוזהבים עדינים 200 גר.,,,פירורי לחם זהוב עדין,,200.00,100 גרם,false,,4.50,0.0225,true,1,162443
7290002661474,false,פרורי לחם עם שומשום 200 ג',Unknown,,פירורי לחם זהוב עם ש,,200.00,100 גרם,false,,4.50,0.0225,true,1,162444
7290002692393,false,שמן קנולה מועשר עץ ה,שמן תעשיות,IL,שמן קנולה מועשר עץ ה,,1000.00,,false,,16.90,0.0169,true,1,112180
7290002692768,false,"תרסיס קנולה מופחת קלוריות 200 מ""ל עץ הזית",טרנסומס פוד איי בי,IT,תרסיס שמן קנולה מופח,,200.00,,false,,17.90,0.0895,true,1,112188
7290002730262,false,פלמוליב כלים שקוף קלאסי 750 בקבוק חדש,יבואן ומשווק: ש. שסט,GR,פלמוליב נוזל לכלים ק,,750.00,,false,,11.90,0.0159,true,1,104928
7290002735007,false,"בצק עלים 1 ק""ג ינון",,,בצק עלים ינון 1קג,,1000.00,,false,,15.90,0.0159,true,1,95440
7290002735021,false,ינון גחנון ארוז 750גר,ג'נרל מילס סאן אדריא,IL,גחנון ארוז ינון 750ג,,750.00,,false,,14.90,0.0199,true,1,95442
7290002735274,false,ינון גחנון אפוי 600 גר,ג'נרל מילס סאן אדריא,IL,גחנון אפוי ינון 600ג,,600.00,100 גרם,false,,16.90,0.0282,true,1,95447
7290002752493,false,רביעיה סוכריות מנטה 4* 16 ג' טיק טק,קריות זול,ZA,טיקטק מנטה רביעייה 4,,64.00,100 גרם,false,,11.90,0.1859,true,1,107810
7290002753995,false,ערכת קישוטי עוגה 150 גר',היינץ צפון אמריקה מק,DE,ערכת קישוטי עוגה 150,,150.00,100 גרם,false,,17.90,0.1193,true,1,107816
7290002768074,false,דרמופון - סבון נוזלי 1 ליטר,טרופיקל דגיל תעשיות,IL,דרמופון סבון ללא סבו,,1000.00,,false,,18.90,0.0189,true,1,109487
7290002769347,false,עוגיות מובחרות בדלי --600-500 גרם,עוגיות הזהב,,עוגיות מובחרות 500 ג,,500.00,,false,,15.90,0.0318,true,1,178544
7290002769392,false,עוגיות אדל עבודת יד 300 גר',,,עוגיות פרימיום מיוחד,,250.00,100 גרם,false,,23.90,0.0956,true,1,171357
7290002769910,false,עוגיות ללא תוספת סוכר 350 גר',,,עוגיות ללא תוספת סוכ,,350.00,100 גרם,false,,12.90,0.0369,true,1,186674
7290002782759,false,"פנינה קרם גוף רוזנבלום 400 מ""ל",א.ל ארמן,IL,קרם גוף פנינה רוזנבל,,340.00,,false,,24.90,0.0732,true,1,178790
7290002814016,false,"מסיר שומנים קר מתז סנט מוריץ 750מ""ל",קומפלקס כימיקלים,IL,מסיר שומנים סנט מורי,,750.00,100 גרם,false,,15.90,0.0212,true,1,111940
7290002814054,false,סנט מוריץ מתז אנטרטיק מתז 1 ליטר,קומפלקס כימיקלים,IL,אנטרטיק במתז 1 ליטר,ליטרים,1.00,ליטר,false,,11.90,11.9000,true,1,170395
7290002814078,false,סנט מוריץ נוזל לניקוי אמבט אנטרטיק 1ל',קומפלקס כימיקלים,IL,אנטרטיק נוזל לניקוי,,1000.00,,false,,6.90,0.0069,true,1,97524
7290002814290,false,BLANCO קצף אקונומיקה מרוכז 1 ליטר בניחוח לימון,קומפלקס כימיקלים,IL,קצף אקונומיקה מרוכז,,1000.00,100 גרם,false,,11.90,0.0119,true,1,186432
7290002814436,false,סנט מוריץ נוזל כלים 1.6 ליטר לימון 18%,,,נוזל כלים צהוב 1.6 ל,ליטרים,1600.00,ליטר,false,,11.90,0.0074,true,1,167803
7290002814528,false,נוזל לניקוי האסלה סנט מוריץ 1 ליטר,קומפלקס כימיקלים,IL,נוזל אסלות מס'1 1ליט,,1000.00,100 גרם,false,,6.90,0.0069,true,1,97527
7290002814603,false,"סנט מוריץ - מרסס מסיר שומנים קר מבושם לימון 750 מ""ל",אלמוג דיל בעמ,IL,מסיר שומנים סנט מורי,,750.00,100 גרם,false,,15.90,0.0212,true,1,165673
7290002814832,false,סבון אסלה כדוריות לבנדר שלישיה,גורקה,TR,כדוריות לאסלה לבנדר,יחידה,0.00,יחידה,false,,9.90,0.0000,true,1,186789
7290002823711,false,פילה מדומה מס'6 קפוא,,,פילה מדומה מס'6 קפוא,קילוגרמים,1.00,"ק""ג",true,,39.90,39.9000,true,1,168677
7290002824183,false,גבינה לבנה 5% שומן 500 ג' שטראוס,מיוצר עי קונדיטוריית,IL,קרם גבינה 5% סקי 500,,500.00,,false,,9.96,0.0199,true,1,110019
7290002824466,false,דנונה יוגורט ביו 0% 200מל,"שטראוס בריאות בע""מ",IL,דנונה יוגורט ביו 0%,,200.00,100 גרם,false,,3.90,0.0195,true,1,110020
7290002824640,false,גבינה שטראוס 5% 250 ג',מיוצר עי קונדיטוריית,IL,גבינה 5% סקי 250 גרם,,250.00,100 גרם,false,,4.98,0.0199,true,1,110022
7290002825722,false,סלט כרוב אדום אחלה 5,מיוצר עי קונדיטוריית,IL,כרוב אדום אחלה 500גר,,500.00,,false,,16.90,0.0338,true,1,110026
7290002868996,false,קוטג' 5% מועשר טרה 250ג' מהדרין,קריות זול,IL,קוטג מועשר 5% 250גר,,250.00,100 גרם,false,,6.20,0.0248,true,1,103958
7290002881216,false,רסק תפוחי עץ בצנצנת 700 ג' תומר,Geurts conservenfabr,,"רסק תפו""ע לסכרתיים 7",,700.00,100 גרם,false,,9.90,0.0141,true,1,97898
7290002881407,false,נודלס אטריות ביצים דק תומר 400ג',קריות זול,,נודלס דק תומר 400גר,,400.00,,false,,10.90,0.0273,true,1,97909
7290002881414,false,נודלס עבה תומר 400גר,אופאל,,נודלס עבה תומר 400גר,,400.00,,false,,10.90,0.0273,true,1,97910
7290002881742,false,לבבות דקל פרוסות תומר 400 ג',Inaexpo,,לבבות דקל פרוסות תומ,,400.00,,false,,9.90,0.0248,true,1,97919
7290002881872,false,פטריות חתוכות תומר 2,,,פטריות חתוכות תומר 2,,290.00,,false,,4.90,0.0169,true,1,127900
7290002881919,false,פטריות שלמות תומר 40,גיבונג אינדסקיאלס,,פטריות שלמות תומר 40,,400.00,,false,,8.90,0.0223,true,1,97922
7290002881957,false,סרדינים מרוקאי חריף בשמן חמניות 125ג' תומר,Union des pecheries,,סרדין מרוקאי חריף 12,,125.00,,false,,6.90,0.0552,true,1,97924
7290002904694,false,"טיטניום דאודורנט ספריי לגברים 150 מ""ל",אמיליה קוסמטיקס בעמ,IL,טיטניום ספריי 180מל,,180.00,,false,,17.90,0.0994,true,1,109489
7290002909576,false,בשר בקר טחון לקציצות ולקבב 500 ג' 12 יח',יוליניבר,IL,בשר טחון לקציצות ולק,,500.00,,false,,19.90,0.0398,true,1,137199
7290002909804,false,פילה בקלה (מרלוזה ) ללא עור ארגנטיני,,,מרלוזה פילה ללא עור,קילוגרמים,1.00,"ק""ג",true,,34.90,34.9000,true,1,173339
7290002909880,false,פולי סויה אדממה קפוא 400 גר',,,פולי סויה אדממה קפוא,,400.00,100 גרם,false,,9.90,0.0248,true,1,160000
7290002919179,false,"פילה אמנון 5-7 בוואקום ללא עור בד""ץ עד""ח",בלאדי,IL,אמנון פילה 5-7 ללא ע,קילוגרמים,1.00,"ק""ג",true,,37.90,37.9000,true,1,194884
7290002919889,false,סינטה חלק קפוא,,,סינטה חלק קפוא,קילוגרמים,1.00,"ק""ג",true,,69.90,69.9000,true,1,194573
7290002921349,false,דבק סופר גלו מארז זוגי,קריות זול,,זוג דבק סופר גלו,יחידה,0.00,יחידה,false,,14.90,0.0000,true,1,103350
7290002927044,false,צלי כתף מס' 5 קפוא,,,צלי כתף מס' 5 קפוא,קילוגרמים,1.00,"ק""ג",true,,43.90,43.9000,true,1,113361
7290002927051,false,פילה מדומה מס' 6 קפו,,,פילה מדומה מס' 6 קפו,קילוגרמים,1.00,"ק""ג",true,,39.90,39.9000,true,1,113362
7290002927358,false,סטיק אנטריקוט 800גר,,,סטיק אנטריקוט 800גר,,800.00,,false,,39.90,0.0499,true,1,176315
7290002927464,false,גולש עגל קפוא,,,גולש עגל קפוא,קילוגרמים,1.00,"ק""ג",true,,34.90,34.9000,true,1,113373
7290002927471,false,צלי עגל חצוי קפוא,,,צלי עגל חצוי קפוא,קילוגרמים,1.00,"ק""ג",true,,39.90,39.9000,true,1,113374
7290002927518,false,טבעות פילה עגל קפוא,,,טבעות פילה עגל קפוא,קילוגרמים,1.00,"ק""ג",true,,39.90,39.9000,true,1,113377
7290002927655,false,שניצל עגל קפוא,,,שניצל עגל קפוא,קילוגרמים,1.00,"ק""ג",true,,39.90,39.9000,true,1,113382
7290003011087,false,"אורז בסמטי 1 ק""ג אלפנט",,IN,אורז בסמטי אלפנט 1קג,,1000.00,100 גרם,false,,12.90,0.0129,true,1,127841
7290003026227,false,"ד""ר פישר - קמיל בלו סנסיטיב שמפו אלדמע 1 ליטר","ד""ר פישר Dr fischer",IL,קמיל בלו סנסיטיב שמפ,,1000.00,100 גרם,false,,32.90,0.0329,true,1,155704
7290003029181,false,משקה יטבתה שוקו' בקבוק 1ל מהדרין,מחלבת יטבתה,IL,שוקו 2% בבקבוק יטבתה,,1000.00,100 גרם,false,,12.50,0.0125,true,1,110032
7290003029372,false,משקה חלב בננה בקבוק 1ל' יוטבתה,מחלבת יטבתה,IL,משקה חלב בטעם בננה י,,1000.00,100 גרם,false,,12.50,0.0125,true,1,110036
7290003029389,false,"משקה חלב בננה פקק ספורט 250 מ""ל יוטבתה",שטראוס גרופ,IL,משקה חלב בננה יטבתה,,250.00,100 גרם,false,,5.90,0.0236,true,1,110037
7290003029433,false,"משקה יטבתה שוקו פקק 250 מ""ל מהדרין",מחלבת יטבתה,IL,שוקו יטבתה 250מל,,250.00,100 גרם,false,,5.90,0.0236,true,1,110040
7290003029532,false,מוקה בקבוק 1 ל' יוטבתה,מחלבת יטבתה,IL,משקה מוקה 2% יטבתה 1,,1000.00,100 גרם,false,,12.50,0.0125,true,1,110042
7290003029792,false,"משקה יטבתה שוקו שקיות מהדרין מארז 225X8מ""ל",שטראוס גרופ,IL,שוקו 2% יטבתה 225x8,,1800.00,100 גרם,false,,20.90,0.0116,true,1,110046
7290003029815,false,חלב יוטבתה מועשר 3% בכד 2ל',מחלבת יטבתה,IL,חלב מועשר 3% בכד יטב,,2000.00,100 גרם,false,,16.70,0.0083,true,1,110047
7290003029907,false,משקה יטבתה אייס קפה 1ליטר,מחלבת יטבתה,IL,משקה חלב בטעם אייס ק,,1000.00,100 גרם,false,,12.50,0.0125,true,1,110051
7290003054657,false,חרדל דיזון אקסטרה פורטה 370 גרם,מרום את קונפינו,FR,חרדל דיזון אקסטרא פו,,370.00,,false,,12.90,0.0349,true,1,100987
7290003102891,false,שקיות צליה הוסטס בקופסה 10יח',הוסטס,,שקיות צליה הוסטס 10י,,10.00,,false,,3.90,0.3900,true,1,108995
7290003141159,false,מרשמלו יוגטה 180 גרם,סאדאט,IL,מרשמלו יוגטה 180גר,,180.00,,false,,7.90,0.0439,true,1,129144
7290003189076,false,פיצרלה מגורדת אישית 500 גרם,,,כפיר פיצרלה מגורדת 5,,500.00,100 גרם,false,,18.90,0.0378,true,1,97509
7290003189144,false,"גבינה הולנדית 22% שומן 1 ק""ג כפיר",,,כפיר הולנדי 1קג 22%,,1000.00,100 גרם,false,,39.00,0.0390,true,1,165587
7290003189205,false,כפיר הצהובה הטובה קל,,,כפיר הצהובה הטובה קל,,200.00,,false,,12.90,0.0645,true,1,97510
7290003208586,false,וורמוט מרטיני ביאנקו,מרטיני ורוסי,IT,מרטיני ביאנקו 750מל,,750.00,100 גרם,false,,49.90,0.0665,true,1,117912
7290003217014,false,תנעמי פיתות מיזרחיות 5*100גר,יוניליוור גרמניה Gm,IL,פיתות מיזרחיות 5*100,,500.00,,false,,5.90,0.0118,true,1,109286
7290003217052,false,פיתות כפריות קלות 5*100גר,יוניליוור גרמניה Gm,IL,פיתות כפריות קלות 5*,,500.00,100 גרם,false,,9.90,0.0198,true,1,109288
7290003229123,false,פסטרמה על גחלים טירת צבי 400 ג',הנסיך- מפעל לייצור ט,IL,פסטרמה על גחלים טירת,,400.00,,false,,27.90,0.0697,true,1,154276
7290003268030,false,חלה בפיקוח דגנית,,,חלה רגילה 500גר,,500.00,100 גרם,false,,6.26,0.0125,true,1,109242
7290003268252,false,לחם חיטה מלא לילדים 750 ג' דגנית עין בר,יוניליוור גרמניה Gm,IL,*מבצע* לחם חיטה מלאה,,750.00,100 גרם,false,,13.90,0.0185,true,1,136802
7290003268429,false,לחם ירוק מקמח מלא 750 ג' דגנית עין בר,מולינו ניקולי s.p.a,IL,לחם חיטה מלאה ירוק 7,,750.00,,false,,15.90,0.0212,true,1,133693
7290003268641,false,דגנית עין בר חלה מתוקה מיוחדת 500 גרם,מולינו ניקולי s.p.a,IL,חאלע חלה מתוקה מיוחד,יחידה,0.00,יחידה,false,,14.90,0.0000,true,1,167150
7290003268740,false,לחם אחיד 750 גרם,דגנית עין בר,,לחם אחיד שחור,,750.00,100 גרם,false,,6.96,0.0093,true,1,172966
7290003268764,false,חלה רגילה 500 גרם,מולינו ניקולי s.p.a,IL,חלה רגילה 500גר,,500.00,100 גרם,false,,6.26,0.0125,true,1,109295
7290003287123,false,צלעות מס 22 צרכני בעדני ברזיל,,,צלעות מס 2 צרכני קפו,קילוגרמים,1.00,"ק""ג",true,,39.90,39.9000,true,1,195922
7290003287253,false,נקנקיות מרגז בלאדי 500 ג',קרלו,IL,נקניקיות מרגז בלדי 5,,500.00,100 גרם,false,,29.90,0.0598,true,1,123717
7290003287284,false,קבב ביתי קצביה ארוז 600 ג' - 8 יח',,,קבב ביתי ארוז 600גר,,600.00,100 גרם,false,,29.90,0.0498,true,1,123727
7290003287291,false,קבב טלה וצנובר קצביה ארוז 600 ג' - 8 יח',יוליניבר,IL,קבב טלה וצנובר 600גר,,600.00,100 גרם,false,,29.90,0.0498,true,1,123728
7290003318100,false,וופל בטעם שוקולד מנעמים 200 ג',מנעמים תעשיות מזון,IL,וופל טעם שוקו מנעמים,,200.00,,false,,4.90,0.0245,true,1,107207
7290003318131,false,ופל קלאסיק אגוז 200 גרם מנעמים,מנעמים תעשיות מזון,IL,וופל אגוז מנעמים 200,,200.00,,false,,4.90,0.0245,true,1,115505
7290003318155,false,וופל טעם לימון מנעמים 200 ג',מנעמים תעשיות מזון,IL,וופל טעם לימון מנעמי,,200.00,,false,,4.90,0.0245,true,1,107208
7290003318599,false,וופל וניל 200 גרם מנעמים,מנעמים תעשיות מזון,IL,וופל וניל מנעמים 200,,200.00,,false,,4.90,0.0245,true,1,107209
7290003321155,false,יוגורט בר עם פקאן מצופה שוקולד 183 ג' דנונה,"שטראוס בריאות בע""מ",IL,דנונה בר פקאן 183גר,,183.00,,false,,5.10,0.0279,true,1,110059
7290003321292,false,גבינה לבנה 9% שומן 250 ג' שטראוס,מיוצר עי קונדיטוריית,IL,קרם גבינה 9% סקי 250,,250.00,,false,,5.20,0.0208,true,1,110060
7290003332007,false,קפה נחלה סובחי 250גר,סובחי נחלה ובניו,,קפה נחלה סובחי 250גר,,250.00,,false,,15.90,0.0636,true,1,122008
7290003332045,false,קפה נחלה אדום ללא הל 250ג',קפה אל נחלה,,קפה נחלה סובחי 250גר,,250.00,100 גרם,false,,15.90,0.0636,true,1,122009
7290003411276,false,עמבה הודית מובחרת הנמל 600ג',טרופיקל דגיל תעשיות,IL,עמבה מובחרת 500גר,,500.00,100 גרם,false,,11.90,0.0238,true,1,107621
7290003414406,false,הרשי ריזס נטיפי אפייה בוטנים 283 גר',,,נטיפי אפייה מקרם בוט,,283.00,,false,,14.90,0.0527,true,1,139236
7290003423909,false,הרשי חטיף קוקיס&קרם לבן 43 גרם,הרשי,US,הרשי קוקיס קרם לבן 4,,43.00,100 גרם,false,,4.90,0.1140,true,1,193348
7290003424863,false,פילה סלמון מנות קפוא,,,פילה סלמון מנות קפוא,קילוגרמים,1.00,"ק""ג",true,,84.90,84.9000,true,1,189591
7290003438006,false,ממרח אולביה פסטו וצנובר איטלקי 190ג',מיוצר עי קונדיטוריית,IL,פסטו איטלקי אוליביה,,180.00,,false,,14.90,0.0828,true,1,108420
7290003438013,false,ממרח זיתים ירוקים 190 ג' אוליביה,קריות זול,IL,ממרח זיתים אוליביה 1,,190.00,100 גרם,false,,14.90,0.0784,true,1,108421
7290003438020,false,ממרח עגבניות מיובשות 190 ג' אוליביה,מיוצר עי קונדיטוריית,IL,ממרח עגבניות מיובשות,,190.00,100 גרם,false,,14.90,0.0784,true,1,108422
7290003444009,false,ריזס חטיף שוקולד 42 גרם,הרשי,US,חטיף ריזס במילוי חמא,,42.00,,false,,4.90,0.1167,true,1,172710
7290003450602,false,חרדל אמיתי צהוב בקבוק לחיץ 255 גר,היינץ צפון אמריקה -,US,חרדל אמיתי צהוב בקבו,,255.00,,false,,12.90,0.0506,true,1,101006
7290003470433,false,פרג 200 גרם סולימני,,,פרג 200 גרם סולימני,,200.00,100 גרם,false,,8.90,0.0445,true,1,188702
7290003475124,false,עננים צמר גפן 100 גר',קריות זול,GR,צמר גפן 100גר,,100.00,,false,,7.90,0.0790,true,1,104948
7290003560202,false,רגליים עגל פרוס ארוז,,,רגליים עגל פרוס ארוז,קילוגרמים,1.00,"ק""ג",true,,39.90,39.9000,true,1,189759
7290003598311,false,מינוט סטייק חלק ריאה 300 ג',בלדי,IL,*מבצע* בלדי מינוט סט,,300.00,,false,,30.00,0.1000,true,1,165359
7290003598472,false,מנות פילה סלמון נורבגי.,לאטי עזרא,IL,פילה סלמון מנות נורב,קילוגרמים,1.00,"ק""ג",true,,84.90,84.9000,true,1,173363
7290003598748,false,מקרל נורבגי שלם ארוז - הדייג,,,מקרל נורבגי שלם ארוז,קילוגרמים,1.00,"ק""ג",true,,21.90,21.9000,true,1,180405
7290003643004,false,"אורז בסמטי קלאסי 1 ק""ג סוגת",האי נאם סי או אל.טי.,IL,אורז בסמטי סוגת 1קג,,1000.00,100 גרם,false,,14.90,0.0149,true,1,107977
7290003643134,false,סוגת סוכר וניל 10 יח*10 גרם,גוד פוד פרודקטס S.p,IL,סוכר וניל סוגת 10*10,,100.00,100 גרם,false,,2.20,0.0220,true,1,107979
7290003643172,false,אבקת סוכר 100 ג' סוגת,א.ל ייצור ושיווק תבל,IL,אבקת סוכר סוגת 100 ג,,100.00,100 גרם,false,,2.20,0.0220,true,1,128740
7290003643325,false,קוסקוס בינוני 350 גרם סוגת,קריות זול,IL,קוסקוס בינוני סוגת 3,,350.00,,false,,6.90,0.0197,true,1,127591
7290003643387,false,"סוכר לבן בצנצנת 1 ק""ג סוגת",האי נאם סי או אל.טי.,IL,סוכר לבן בצנצנת סוגת,,1000.00,100 גרם,false,,9.90,0.0099,true,1,107987
7290003643646,false,"סוכר דמררה קלאסי בצנצנת סוגת 1 ק""ג",האי נאם סי או אל.טי.,IL,סוכר דמררה בצנצנת סו,,1000.00,,false,,12.90,0.0129,true,1,107989
7290003643684,false,אפונה יבשה סוגת 500 גר',האי נאם סי או אל.טי.,IL,אפונה סוגת 500גר,,500.00,100 גרם,false,,6.90,0.0138,true,1,107990
7290003643707,false,גריסים 500 גרם סוגת,"סוגת תעשיות בע""מ",IL,גריסים סוגת 500גר,,500.00,100 גרם,false,,6.90,0.0138,true,1,107991
7290003643714,false,חומוס סוגת 500 גרם,האי נאם סי או אל.טי.,IL,חומוס סוגת 500גר,,500.00,100 גרם,false,,8.90,0.0178,true,1,107992
7290003643738,false,סוגת חיטה 500 גרם,האי נאם סי או אל.טי.,IL,חיטה סוגת 500 גר,,500.00,,false,,6.90,0.0138,true,1,107993
7290003643745,false,סוגת כוסמת 500 גרם,האי נאם סי או אל.טי.,IL,כוסמת סוגת 500גר,,500.00,,false,,8.90,0.0178,true,1,107994
7290003643752,false,עדשים ירוקים יבש סוגת 500 גר',האי נאם סי או אל.טי.,IL,עדשים ירוקים סוגת 50,,500.00,,false,,8.90,0.0178,true,1,107995
7290003643769,false,עדשים אדומים יבש סוגת 500 גר',"סוגת תעשיות בע""מ",IL,עדשים אדומים סוגת 50,,500.00,,false,,8.90,0.0178,true,1,107996
7290003643776,false,"פופקורן גרעינים סוגת 500 ג' כשל""פ",האי נאם סי או אל.טי.,IL,פופקורן סוגת 500 גר,,500.00,,false,,6.90,0.0138,true,1,107997
7290003643783,false,קוקוס סוגת 100 גרם,האי נאם סי או אל.טי.,IL,קוקוס סוגת 100 גר,,100.00,,false,,4.90,0.0490,true,1,107998
7290003643806,false,שעועית לבנה יבשה סוגת 500 ג',האי נאם סי או אל.טי.,IL,שעועית לבנה סוגת 500,,500.00,,false,,10.90,0.0218,true,1,107999
7290003643813,false,שעועית אדומה יבשה סוגת 500 גר',האי נאם סי או אל.טי.,IL,שעועית אדומה סוגת 50,,500.00,,false,,10.90,0.0218,true,1,149900
7290003643820,false,חומוס ענק יבש סוגת 500 גרם,Unknown,,חומוס ענק סוגת 500גר,,500.00,100 גרם,false,,12.90,0.0258,true,1,108001
7290003681334,false,קוקוס טחון 400 גרם ב,מיה,IL,קוקוס מיה 400גרם,,400.00,,false,,11.90,0.0298,true,1,154857
7290003718627,false,"פול ירוק 400 ג' בית יוסף כשל""פ",,,פול ירוק קפוא 400גר,,400.00,100 גרם,false,,9.90,0.0248,true,1,162613
7290003726615,false,טופו הבית משק ויילר,הדקלאים אגודת שיתופי,IL,טופו ויילר 300גר,,300.00,,false,,12.90,0.0430,true,1,170908
7290003726684,false,טופו חומוס בטעם טבעי 300 ג' משק ויילר,הנסיך- מפעל לייצור ט,IL,טופו חומוס בטעם טבעי,,300.00,,false,,13.90,0.0463,true,1,185339
7290003796656,false,חזה בקר מס 3 מוכשר ק,,,חזה בקר מס 3 מוכשר ק,קילוגרמים,1.00,"ק""ג",true,,34.90,34.9000,true,1,189222
7290003796953,false,בשר מוכשר 3 חזה מוכש,,,בשר מוכשר 3 חזה מוכש,קילוגרמים,1.00,"ק""ג",true,,34.90,34.9000,true,1,189317
7290003804252,false,תיבולית בנוסח הודי 72 ג' קנור,יוניליוור ישראל מזון,IL,תיבולית הודי קנור 72,,72.00,100 גרם,false,,10.90,0.1514,true,1,102967
7290003804320,false,תיבולית שום ופטרוזיליה 72 ג' קנור,יוניליוור ישראל מזון,IL,תיבולית קנור שום פטר,,72.00,100 גרם,false,,10.90,0.1514,true,1,102968
7290003804368,false,"תיבולית בזיליקום בד""ץ 72 ג' קנור",יוניליוור ישראל מזון,IL,תיבולית קנור בזיליקו,,72.00,,false,,10.90,0.1514,true,1,102971
7290003804382,false,"תיבולית פטריות בד""ץ 72 ג' קנור",יוניליוור ישראל מזון,IL,תיבולית קנור פטריות,,72.00,,false,,10.90,0.1514,true,1,102973
7290003882922,false,עלי גפן ממולאים באורז ויליפוד 400ג',הזה פלאקספו פוד קו ב,CN,עלי גפן ממולא 400 גר,,400.00,100 גרם,false,,9.90,0.0248,true,1,100151
7290003903771,false,קפוצ'ינו פחית עלית 200ג',שטראס קפה בי.וי,IL,קפוצינו עלית 200גר,,200.00,100 גרם,false,,25.90,0.1295,true,1,110065
7290003976508,false,נוזל אסלות חומצה 1 ל' מג'יק,,,נוזל לניקוי אסלות 1ל,,1000.00,,false,,6.90,0.0069,true,1,119299
7290003989096,false,סלט חציל פיקנטי אחלה,מיוצר עי קונדיטוריית,IL,חציל פיקנטי אחלה 500,,500.00,,false,,16.90,0.0338,true,1,110071
7290003989539,false,לורנצו רביולי במילוי גבינה,מיוצר עי קונדיטוריית,IL,רביולי גבינה שטראוס,,400.00,,false,,21.90,0.0547,true,1,110072
7290003989553,false,"פסטה טורטליני פטריות, 400 גרם",מיוצר עי קונדיטוריית,IL,טורטליני פטריות שטרא,,400.00,,false,,21.90,0.0547,true,1,110073
7290004014407,false,סוכריות M&M בוטנים 46 ג',מרס נדרלנד,,אמ&אמס פינאטבאטר 46ג,,46.00,100 גרם,false,,4.90,0.1065,true,1,138066
7290004030018,false,"פריניב מיץ לימון סחוט פרי לתיבול 500 מ""ל",הנסיך- מפעל לייצור ט,IL,מיץ לימון סחוט לסלטי,,500.00,100 גרם,false,,6.90,0.0138,true,1,196128
7290004030100,false,מיץ תפוזים ולנסיה סחוט 1 ליטר100%,,,מיץ תפוזים סחוט ולנס,,1000.00,100 גרם,false,,15.90,0.0159,true,1,196129
7290004030216,false,פריניב נקטר חמוציות 1ליטר,פריניב בעמ,IL,מיץ חמוציות 1 ליטר,,1000.00,100 גרם,false,,12.90,0.0129,true,1,124450
7290004030544,false,פריניב מיץ לימונדה לואיזה ולמון גראס 1 ליטר,פריניב בעמ,IL,מיץ לימונענע 1 ליטר,,1000.00,,false,,12.90,0.0129,true,1,113807
7290004033705,false,הבורגריה – 6 לחמניות המבורגר בשקית,מאפית י את א ברמן בע,IL,לחמניות המבורגר ביג,,600.00,,false,,14.90,0.0248,true,1,190726
7290004033712,false,לחם עננים מקמח מלא עם פרוסות עבות,מאפית י את א ברמן בע,IL,לחם עננים מקמח מלא 7,,750.00,,false,,15.90,0.0212,true,1,190724
7290004033736,false,"עננים לחם לבן בסגנון בריוש עם פרוסות עבות, 500 גרם",מאפית י את א ברמן בע,IL,לחם עננים סגנון בריו,,500.00,,false,,15.90,0.0318,true,1,192076
7290004061449,false,שף העוף שניצל אמרקאי 700 גר,,,שניצל אמרקאי 700גר,,700.00,,false,,11.90,0.0170,true,1,128745
7290004061463,false,שניצל עוף אמיתי שומש,,,שניצל עוף אמיתי שומש,,700.00,,false,,28.90,0.0413,true,1,128747
7290004061494,false,נגיסי עוף 700 גר,,,נגיסי עוף 700גר,,700.00,100 גרם,false,,15.90,0.0227,true,1,128746
7290004063016,false,מלח שולחן מעולה דק 1,האי נאם סי או אל.טי.,IL,מלח שולחן 1קג,,1000.00,100 גרם,false,,1.90,0.0019,true,1,112127
7290004063115,false,"מלח מטבח עבה להמלחת בשר ובישול 1 ק""ג 1ק""ג",האי נאם סי או אל.טי.,IL,מלח למליחות בשר וביש,,1000.00,100 גרם,false,,1.90,0.0019,true,1,112128
7290004064082,false,מטחנה מלח ים טבעי 250 ג',חברת מלח הארץ אילת ב,IL,מלח ים טבעי מטחנה 25,,250.00,,false,,15.90,0.0636,true,1,172575
7290004064099,false,מטחנה מלח מהרי ההימלאיה 250 גרם,חברת מלח הארץ אילת ב,IL,מלח מהרי ההימלאי מטח,,250.00,,false,,18.90,0.0756,true,1,172576
7290004064174,false,"תבלין מלח ההימלאיה דק בצנצנת 1 ק""ג",מלח הארץ,IL,מלח ההימלאיה דק בצנצ,,1000.00,100 גרם,false,,17.90,0.0179,true,1,165187
7290004064303,false,מלח אטלנטי צנצנת 800 גר',מלח הארץ,IL,מלח אטלנטי בצנצנת 80,,800.00,100 גרם,false,,17.90,0.0224,true,1,195017
7290004064334,false,מלח פלוס שום מלחייה 175 ג' מלח הארץ,,,מלח שום מלחייה 175 ג,,175.00,100 גרם,false,,9.90,0.0566,true,1,191818
7290004064358,false,"מלח דק זורם בקלות- קרטון 1 ק""ג",,IL,"מלח דק בקרטון 1 ק""ג",,1000.00,100 גרם,false,,5.90,0.0059,true,1,187039
7290004064389,false,מלח הימלאיה דק מלחייה 250 ג',,,מלח הימלאיה דק מלחיי,,250.00,100 גרם,false,,9.90,0.0396,true,1,189909
7290004068172,false,יוגורט עזים בדלי 5% שומן 600 ג' גד,קוד יצרן MKN,IL,יוגורט עיזים דלי 5%,,600.00,100 גרם,false,,18.70,0.0312,true,1,133530
7290004078270,false,נוזל כלים פלמוליב צילינדר לימון 1 ליטר,יבואן ומשווק: ש. שסט,GR,פלמוליב לכלים לימון,,1000.00,100 גרם,false,,14.90,0.0149,true,1,104953
7290004078690,false,"אגקס נוזל לניקוי אסלות מרענן 750 מ""ל",הנסיך- מפעל לייצור ט,FR,אגקס נוזל לניקוי אסל,,750.00,100 גרם,false,,15.90,0.0212,true,1,104957
7290004078942,false,ליידי ספיד סטיק - דאודורנט ג'ל לאישה 65 גרם,קולגייט פלמוליב,BY,ליידי ספיד סטיק 24/7,,65.00,100 גרם,false,,19.90,0.3062,true,1,104962
7290004119133,false,כד יוגורט תנובה 6.5% שומן 1.5 ליטר,מיוצר עי קונדיטוריית,IL,יוגורט 7% תנובה 1.5,,1500.00,,false,,18.90,0.0126,true,1,106174
7290004119225,false,יוגורט אננס 3% שומן 150 ג' יופלה,תנובה מרכז שיתופי לש,IL,יופלה אננס 3% 150גר,,150.00,100 גרם,false,,5.20,0.0347,true,1,106175
7290004119928,false,מעדן וניל גביע 1.5% שומן 125 ג' קרלו,מחלבת אלון תבור,IL,קרלו וניל 1.5% 125גר,,125.00,100 גרם,false,,3.10,0.0248,true,1,106179
7290004119973,false,מעדן שוקו 1.5% שומן 125 ג' קרלו,תנובה מרכז שיתופי לש,IL,קרלו שוקולדה 1.5% 12,,125.00,100 גרם,false,,3.10,0.0248,true,1,106180
7290004120061,false,קרלו שוקולד וניל 125,תנובה מרכז שיתופי לש,IL,קרלו שוניל 1.5% 125מ,,125.00,100 גרם,false,,3.10,0.0248,true,1,106181
7290004120108,false,יופלה דיאט יוגורט דובדבן %0 גביע 150ג',תנובה מרכז שיתופי לש,IL,יופלה דיאט דובדבן 0%,,150.00,100 גרם,false,,5.20,0.0347,true,1,106182
7290004120566,false,גבינה בולגרית 24% 250 ג' פיראוס,קריות זול,IL,בולגרית 24% פיראוס,,250.00,100 גרם,false,,24.90,0.0996,true,1,106189
7290004120573,false,גבינה בולגרית %16 250 ג' פיראוס,תנובה מרכז שיתופי לש,IL,בולגרית בקר 16% פירא,,250.00,,false,,24.90,0.0996,true,1,106190
7290004120634,false,גבינה בולגרית %5 250 ג' פיראוס,תנובה מרכז שיתופי לש,IL,פיראוס בולגרית 5% 25,,250.00,,false,,24.90,0.0996,true,1,106191
7290004120832,false,חלב תנובה טרי 3% מהדרין כד 2 ל',תנובה מרכז שיתופי לש,IL,חלב 3% מהדרין תנובה,,2000.00,100 גרם,false,,12.46,0.0062,true,1,106194
7290004121488,false,יופלה דיאט אפרסק 0% גביע 150 ג',תנובה מרכז שיתופי לש,IL,יופלה דיאט אפרסק 0%,,150.00,,false,,5.20,0.0347,true,1,106202
7290004121525,false,יופלה מאגדת פרי 4 תות 4 אפרסק 3% 8 יח'*150 ג',תנובה מרכז שיתופי לש,IL,יופלה אפרסק תות 3% 8,,1200.00,100 גרם,false,,31.50,0.0263,true,1,106204
7290004121754,false,יוגורט עוגת גבינה ותות 3% שומן 150 ג' יופלה,תנובה בעמ,IL,יופלה קרם גבינה ותות,,150.00,100 גרם,false,,5.20,0.0347,true,1,106210
7290004121853,false,גבינה בולגרית בקוביות %5 200 ג' פיראוס,תנובה מרכז שיתופי לש,IL,פיראוס קוביות בולגרי,,200.00,,false,,22.50,0.1125,true,1,106213
7290004122119,false,פתיתי פרמזן לפסטה %23 100 ג' השף הלבן,פ.פ.ח. שאביט,IL,פתיתי פרמזן לפסטה 10,,100.00,100 גרם,false,,13.90,0.1390,true,1,106217
7290004122195,false,"גבינת גוש חלב פרוס 28%, כשרות מהדרין, 200 ג'",קריות זול,IL,גבינה גוש חלב פרוס 2,,200.00,100 גרם,false,,14.90,0.0745,true,1,106218
7290004122270,false,גבינה צהובה פרוס בקופסא %28 200 ג' עמק,תנובה מרכז שיתופי לש,IL,גבינה צהובה עמק 28%,,200.00,,false,,17.50,0.0875,true,1,106219
7290004122348,false,עמק לייט 9% פרוס בקופסא,תנובה מרכז שיתופי לש,IL,גבינה צהובה מופחתת ש,,200.00,,false,,18.70,0.0935,true,1,106221
7290004122676,false,גבינת חמד לייט 5% פיראוס 250 ג',"תנובה,מחלבת טנא נוגה",IL,פיראוס חמד 5% 250 גר,,250.00,,false,,18.90,0.0756,true,1,106226
7290004122683,false,חטיף גבינת אצבעות 28% 172 ג' עמק,תנובה מרכז שיתופי לש,IL,אצבעות גבינה צהובה ע,,172.00,,false,,17.90,0.1041,true,1,106227
7290004124205,false,יוגורט דיאט תות %0 שומן 150 ג' יופלה,תנובה מרכז שיתופי לש,IL,יופלה דיאט תות 0% 15,,150.00,100 גרם,false,,5.20,0.0347,true,1,106243
7290004124847,false,"קצפת צמחית השף הלבן 500 מ""ל תנובה",תנובה מרכז שיתופי לש,IL,קצפת צמחית 24% 500מל,,500.00,100 גרם,false,,16.70,0.0334,true,1,106246
7290004125370,false,שמנת חמוצה מופחתת שומן 9%,תנובה מרכז שיתופי לש,IL,שמנת קלה 9% 200מל תנ,,200.00,,false,,4.00,0.0200,true,1,106248
7290004125400,false,"שלי אשל 4.5% תנובה 200מ""ל מהדרין",פארייפאבה אגרואינדוס,IL,אשל 4.5% מהדרין תנוב,,200.00,,false,,1.69,0.0084,true,1,106249
7290004125417,false,"שלי גיל 3% תנובה 200מ""ל מהדרין",תנובה מרכז שיתופי לש,IL,גיל 3% מהדרין תנובה,,200.00,,false,,1.51,0.0076,true,1,106250
7290004125455,false,**תנובה שמנת אורגינל מהדרין 15% 200מל,תנובה מרכז שיתופי לש,IL,שמנת חמוצה 15% מהדרי,,200.00,,false,,2.40,0.0120,true,1,106251
7290004125462,false,"שמנת אורגינל 15% מהדרין 500 מ""ל",תנובה מרכז שיתופי לש,IL,שמנת חמוצה 15% מהדרי,,500.00,100 גרם,false,,6.00,0.0120,true,1,106252
7290004125509,false,"שמנת 15% חצי מנה 100 מ""ל תנובה",תנובה מרכז שיתופי לש,IL,שמנת חצי מנה 15% תנו,,100.00,100 גרם,false,,2.10,0.0210,true,1,106253
7290004125578,false,משקה סויה מעושר בסידן תנובה 1ל',תנובה מרכז שיתופי לש,IL,משקה סויה מועשר בסיד,,1000.00,100 גרם,false,,10.90,0.0109,true,1,106254
7290004125585,false,משקה סויה וניל תנובה E אלטרנטיב,תנובה מרכז שיתופי לש,IL,משקה סויה על הבוקר ת,,1000.00,,false,,11.90,0.0119,true,1,106255
7290004125721,false,"שמנת לבישול 15% שומן 250 מ""ל תנובה",תנובה מרכז שיתופי לש,IL,שמנת לבישול 15% 250מ,,250.00,,false,,9.30,0.0372,true,1,106258
7290004125738,false,שמנת מתוקה עמידה להקצפה 32% השף הלבן,תנובה מרכז שיתופי לש,IL,שמנת להקצפה 32% 250מ,,250.00,,false,,7.20,0.0288,true,1,106259
7290004125776,false,גבינה צהובה 28% שומן 400 ג' עמק,קריות זול,IL,גבינה צהובה עמק 28%,,400.00,,false,,31.90,0.0797,true,1,106260
7290004126674,false,פרוסות גבינה חצי קשה 9% שומן 200 ג' עמק,תנובה מרכז שיתופי לש,IL,טל העמק לייט 9% 200,,200.00,,false,,20.50,0.1025,true,1,106265
7290004126759,false,יופלה דיאט פירות יער %0 גביע 150 ג',תנובה בעמ,IL,יופלה דיאט פירות יער,,150.00,100 גרם,false,,5.20,0.0347,true,1,106267
7290004126872,false,משקאות חלב תנובה שוקו בקבוק 250מל,קריות זול,IL,שוקו תנובה בקבוק 250,,250.00,,false,,5.90,0.0236,true,1,106268
7290004127077,false,קוטג' 3% שומן 250 ג' תנובה,מיוצר עי קונדיטוריית,IL,גבינת קוטג׳ 3% תנובה,,250.00,,false,,5.90,0.0236,true,1,106269
7290004127329,false,קוטג' 5% תנובה 250ג' מהדרין,מיוצר עי קונדיטוריית,IL,גבינת קוטג׳ 5% תנובה,,250.00,,false,,5.90,0.0236,true,1,106271
7290004127336,false,קוטג' 9% תנובה 250 ג' הדרין,מיוצר עי קונדיטוריית,IL,גבינת קוטג׳ 9% תנובה,,250.00,,false,,5.90,0.0236,true,1,106272
7290004127800,false,גבינה לבנה 5% שומן 500 ג' תנובה,מיוצר עי קונדיטוריית,IL,גבינה לבנה 5% תנובה,,500.00,,false,,9.96,0.0199,true,1,106276
7290004127817,false,גבינה לבנה 9% שומן 500 ג' תנובה,מיוצר עי קונדיטוריית,IL,גבינה לבנה 9% תנובה,,500.00,,false,,10.40,0.0208,true,1,106277
7290004127862,false,**תנובה גבינה למריחה מהדרין 5% 750ג,תנובה מרכז שיתופי לש,IL,גבינה לבנה 5% תנובה,,750.00,,false,,14.94,0.0199,true,1,106278
7290004128333,false,לאבנה על בסיס יוגורט %9 שומן 500 ג' פיראוס,קריות זול,IL,לאבנה גביע %9 500גר,,500.00,100 גרם,false,,20.90,0.0418,true,1,106289
7290004128340,false,קרם גבינת שמנת %5 בטעם טבעי 200 ג' תנובה,קריות זול,IL,גבינת שמנת בטעם טבעי,,200.00,,false,,12.00,0.0600,true,1,106290
7290004128432,false,פתיתים מיוחדים לפיצה על בסיס גבינה 500 ג',תנובה,IL,פתיתי גבינה מותכת הש,,500.00,,false,,24.90,0.0498,true,1,106293
7290004129101,false,גבינת שמנת 25% בטעם טבעי 225 ג' נפוליאון,תנובה מרכז שיתופי לש,IL,גבינת נפוליאון בטעם,,225.00,100 גרם,false,,14.50,0.0644,true,1,106296
7290004129118,false,גבינת שמנת 24% עם זיתים ירוקים 225 ג' נפוליאון,תנובה מרכז שיתופי לש,IL,גבינת נפוליאון בטעם,,225.00,100 גרם,false,,14.50,0.0644,true,1,106297
7290004129156,false,גבינת שמנת25% עם שום שמיר 225 ג' נפוליאון,תנובה מרכז שיתופי לש,IL,גבינת נפוליאון שום ש,,225.00,100 גרם,false,,14.50,0.0644,true,1,106298
7290004129736,false,יוגורט במתיקות מעודנת 1.5% שומן 200 ג' יופלה,תנובה מרכז שיתופי לש,IL,יופלה קרם יוגרט מעוד,,200.00,,false,,4.70,0.0235,true,1,106306
7290004129767,false,יופלה לבן טבעי מאגדת 3% 8*150מל,מחלבת אלון תבור,IL,יופלה לבן מאגדת שמינ,,1200.00,100 גרם,false,,18.90,0.0157,true,1,106308
7290004130794,false,משקה סויה טבעי במתיקות מופחתת 1 ליטר,תנובה מרכז שיתופי לש,IL,משקה סויה מועשר 1 לי,,1000.00,,false,,11.90,0.0119,true,1,106314
7290004130916,false,יוגורט 3% פירות יער בשמנת 150 ג' יופלה,תנובה מרכז שיתופי לש,IL,יופלה בטעם פירות יער,,150.00,100 גרם,false,,5.20,0.0347,true,1,106316
7290004131074,false,**חלב תנובה טרי מהדרין קרטון 3% 1ל,תנובה מרכז שיתופי לש,IL,חלב 3% מהדרין תנובה,,1000.00,100 גרם,false,,6.23,0.0062,true,1,106319
7290004131814,false,גבינה צפתית 5% מעודנת 200 ג' פיראוס,פארייפאבה אגרואינדוס,IL,פיראוס צפתית 5% מעוד,,200.00,,false,,15.90,0.0795,true,1,106335
7290004131845,false,גבינת לאבנה 9% שומן 750 ג' פיראוס,תנובה מרכז שיתופי לש,IL,לאבנה גביע 9% 750גר,,750.00,100 גרם,false,,24.50,0.0327,true,1,106336
7290004132552,false,משקה סויה לייט בטעם טבעי טרי 1 ליטר,תנובה מרכז שיתופי לש,IL,משקה סויה דיאט וניל,,1000.00,,false,,11.90,0.0119,true,1,106346
7290004132606,false,מאגדת קרלו מיני וניל 8 יח' *100ג' מהדרין,תנובה מרכז שיתופי לש,,קרלו מיני וניל 8 *10,,800.00,,false,,14.90,0.0186,true,1,106347
7290004133511,false,יופלה מאגדת לבן 1.5% מעודן 8 יח' * 150 ג',מיוצר עי קונדיטוריית,IL,יוגורט לבן מעודן מאר,,1200.00,,false,,21.90,0.0182,true,1,106364
7290004135058,false,מאגדת קרלו מיני שוקולד 8 יח' * 100 ג',תנובה מרכז שיתופי לש,IL,קרלו מיני שוקולד 8*1,,800.00,,false,,14.90,0.0186,true,1,106390
7290004135225,false,מעדן תנובה דיאט שוקולדה 0% 150מל,תנובה מרכז שיתופי לש,IL,מעדן תנובה דיאט שוקו,,150.00,,false,,4.30,0.0287,true,1,106402
7290004135614,false,גבינה בולגרית מעודנת 5% 250 ג' פיראוס,קריות זול,IL,פיראוס בולגרית מעודנ,,250.00,100 גרם,false,,24.90,0.0996,true,1,106415
7290004136598,false,מארז הפסקת אוכל עם קורנפלקס ומשקה חלב עמיד בטעם וניל,פארייפאבה אגרואינדוס,IL,הפסקת אוכל חלב ודגני,,150.00,100 גרם,false,,9.90,0.0660,true,1,106447
7290004136857,false,מעדן גלי בטעם פטל 12,תנובה מרכז שיתופי לש,IL,ג'לי תנובה פטל 125גר,,125.00,100 גרם,false,,2.60,0.0208,true,1,106452
7290004136864,false,ג'לי תנובה אננס עם חתיכות אננס 125מל,קריות זול,IL,ג'לי תנובה אננס עם ח,,125.00,100 גרם,false,,3.00,0.0240,true,1,106453
7290004136871,false,ג'לי תנובה אפרסק עם חתיכות אפרסק 125מל,תנובה מרכז שיתופי לש,IL,ג'לי תנובה אפרסק עם,,125.00,100 גרם,false,,3.00,0.0240,true,1,106454
7290004137021,false,"שמנת לבישול 10% עמיד השף הלבן 250 מ""ל",תנובה מרכז שיתופי לש,IL,שמנת לבישול 10% 250מ,,250.00,,false,,9.30,0.0372,true,1,106456
7290004137311,false,עמק לייט משפחתית 9% 400ג-ועדת מהדרין,תנובה,IL,גבינה צהובה עמק ליי,,400.00,,false,,31.90,0.0797,true,1,106471
7290004137809,false,לאבנה 5% שומן 250 ג' פיראוס,"תנובה, מחלבת אלון תב",IL,לאבנה 5% 250גר פיראו,,250.00,100 גרם,false,,13.50,0.0540,true,1,106483
7290004200077,false,שקית פרסים 2,,,שקית פרסים 2,יחידה,0.00,יחידה,false,,7.90,0.0000,true,1,131491
7290004200930,false,"זיקוק זוג 15 ס""מ בשק",שמחה זה אנחנו,,זיקוק עבה 2 בשקית,יחידה,0.00,יחידה,false,,8.90,0.0000,true,1,105304
7290004219819,false,קומפלטה מלבין קפה הולנדי 200ג,פריזלנד פודס קיוויט,NL,מלבין קפה קומפלטה 20,,200.00,100 גרם,false,,12.90,0.0645,true,1,100155
7290004239893,false,דנוור סטייק,,,דנוור סטייק,קילוגרמים,1.00,"ק""ג",true,,99.00,99.0000,true,1,191194
7290004255428,false,נר נשמה 24 שעות - מנורה,מנורה,IL,נר נשמה מנורה פחית 2,יחידה,0.00,יחידה,false,,1.90,0.0000,true,1,185556
7290004255824,false,פתיל צף מתומן 50 יח,,,פתיל צף מתומן 50 יח,,50.00,,false,,2.90,0.0580,true,1,186659
7290004257217,false,מגן פמוט 50 יח' בקופסא מנורה,,,מגן פמוט 50 יח בקופס,יחידה,0.00,יחידה,false,,8.90,0.0000,true,1,175710
7290004267124,false,עוגיות במילוי תות שדה ברמן 200ג',קריות זול,,עוגיות ממולאות בטעמי,,200.00,,false,,6.90,0.0345,true,1,175418
7290004267216,false,עוגיות ברמן ריבה בשקית 200 גר',,,עוגיות ריבה ברמן 200,,200.00,100 גרם,false,,6.90,0.0345,true,1,175421
7290004267759,false,עוגיות מפנקות קרם שוקולד 180 ברמן,,,עוגיות מפנקות במילוי,,180.00,,false,,6.90,0.0383,true,1,175427
7290004456283,false,אנטריקוט עגל פריים,,,אנטריקוט עגל פריים,קילוגרמים,1.00,"ק""ג",true,,149.00,149.0000,true,1,190657
7290004575007,false,טילון וניל וופך ושברי אגוז ריאו מארז 70X5ג',"גלידות ריאו ביח""ר לג",IL,טילונים ריאו חמישייה,יחידה,0.00,יחידה,false,,15.90,0.0000,true,1,112206
7290004584306,false,רבעיית גמדים בטעם תות בננה * 100 ג' שטראוס,מיוצר עי קונדיטוריית,IL,גמדים תות בננה 5% מא,,400.00,,false,,12.30,0.0308,true,1,110077
7290004584351,false,גבינה במרקם שמנת 5% טבעי 200 ג' סימפוניה,"שטראוס בריאות בע""מ",IL,סימפוניה במרקם שמנת,,200.00,,false,,11.90,0.0595,true,1,110078
7290004584528,false,דנונה ביו יוגורט טבעי 1.5% 200 ג',מיוצר עי קונדיטוריית,IL,דנונה ביו 1.5% 200גר,,200.00,100 גרם,false,,3.90,0.0195,true,1,110079
7290004585907,false,דני ועדן וניל 1.5% 125ג' שטראוס,מיוצר עי קונדיטוריית,IL,דני וניל 125 גר,,125.00,100 גרם,false,,2.70,0.0216,true,1,110082
7290004586171,false,תירוש אדום 650מל כרמ,,,תירוש אדום 650מל כרמ,,650.00,100 גרם,false,,13.90,0.0214,true,1,184578
7290004658953,false,יין פרייבט קולקשן סו,"כד בני דרום בע""מ",IL,יין סובניון בלאן לבן,,750.00,100 גרם,false,,39.90,0.0532,true,1,95314
7290004685089,false,לחם הארץ לחם חמניות 500 גר',מאפית י את א ברמן בע,IL,לחם הארץ חמניות 500ג,,500.00,100 גרם,false,,16.90,0.0338,true,1,126898
7290004685157,false,לחם שיפון 100% 750 גרם לחם הארץ,מאפית י את א ברמן בע,IL,לחם הארץ שיפון 100%,,750.00,100 גרם,false,,16.90,0.0225,true,1,120004
7290004685430,false,לחם כוסמין לחם הארץ,מאפית י את א ברמן בע,IL,לחם הארץ כוסמין 100%,,500.00,,false,,16.90,0.0338,true,1,163411
7290004685447,false,לחמניות כוסמין 6 יחי' 450 גר',מאפית י את א ברמן בע,IL,לחמניות כוסמין 6יח ש,,450.00,,false,,13.50,0.0300,true,1,179466
7290004685454,false,לחם שיבולת שועל 500 גר'.,מאפית י את א ברמן בע,IL,לחם הארץ שיבולת שועל,,500.00,100 גרם,false,,16.50,0.0330,true,1,187077
7290004731083,false,כיף - סבון ידיים ג'ינסנג 1 ליטר,טרופיקל דגיל תעשיות,IL,כיף אלסבון ג'נסנג 1ל,,1000.00,,false,,13.90,0.0139,true,1,101968
7290004731090,false,אל סבון קמומיל כיף 1 ל',קוסמופארם,IL,כיף אלסבון קמומיל 1,,1000.00,,false,,13.90,0.0139,true,1,101969
7290004731472,false,"אל סבון צבעוני כיף שלישיה* 500 מ""ל",טרופיקל דגיל תעשיות,IL,כיף אל סבון שלישיה צ,,1500.00,,false,,21.90,0.0146,true,1,101981
7290004731687,false,"סנו דואופרש וניל 300 מ""ל",קריות זול,IL,"דואופרש וניל 300 מ""ל",,300.00,100 גרם,false,,13.90,0.0463,true,1,101991
7290004737719,false,אספרגוס שלם בצנצנת 330 ג' ולי פוד,קריות זול,CN,אספרגוס שלם בצנצנת 3,,330.00,100 גרם,false,,10.90,0.0330,true,1,143561
7290004737900,false,וילי פוד חלב מרוכז ממותק397ג,יו.איי.בי מאריג'אמפו,LT,חלב מרוכז ממותק 397,,397.00,100 גרם,false,,11.90,0.0300,true,1,100164
7290004944049,false,טחינה אסלי שמיר 400 ג',סלטי שמיר 2006 בעמ,IL,טחינה אסלי 400גר,,400.00,100 גרם,false,,13.90,0.0348,true,1,136945
7290004944063,false,סלט תורכי אסלי שמיר 400 ג',סלטי שמיר 2006 בעמ,IL,תורכי אסלי 400גר,,400.00,100 גרם,false,,13.90,0.0348,true,1,136947
7290005008481,false,ספיד סטיק - דאודורנט ג'ל לגבר ספורט 85 גרם,הנסיך- מפעל לייצור ט,BY,ספיד סטיק ג'ל ספורט,,85.00,100 גרם,false,,19.90,0.2341,true,1,104971
7290005068058,false,תירס קל מופחת קלוריות 550 ג' פרי הגליל,"פרי הגליל בע""""מ",IL,תירס קל מופחת קלוריו,,550.00,100 גרם,false,,8.90,0.0162,true,1,113610
7290005068492,false,לקט ירקות מעורבים 700 ג' פרי הגליל,"פרי הגליל בע""""מ",IL,לקט ירקות מעורבים 70,,700.00,100 גרם,false,,12.90,0.0184,true,1,113612
7290005068553,false,לקט ירקות בורגנדי 700 ג' פרי הגליל,"פרי הגליל בע""""מ",IL,לקט ירקות בורגנדי 70,,700.00,100 גרם,false,,12.90,0.0184,true,1,173577
7290005068621,false,ברוקולי קפוא פרי גליל 800ג',"פרי הגליל בע""""מ",IL,ברוקולי 800גר,,800.00,100 גרם,false,,15.90,0.0199,true,1,113614
7290005084355,false,"סנסודיין - משחת שיניים דואל קר זהב 75 מ""ל",גלקסו סמית קליין,GB,סנסודיין משחת שיניים,,75.00,100 גרם,false,,21.90,0.2920,true,1,119673
7290005174513,false,חציל במיונז 500 ג' אחלה,מיוצר עי קונדיטוריית,IL,חציל במיונז אחלה 500,,500.00,,false,,16.90,0.0338,true,1,110085
7290005174551,false,סלט חומוס עם צנוברים 125 ג' אחלה,מיוצר עי קונדיטוריית,IL,סלט חומוס אחלה 125גר,,125.00,,false,,5.30,0.0424,true,1,110086
7290005174568,false,חציל אחלה במיונז 125 גר',"שטראוס גרופ בע""מ",IL,סלט חצילים אחלה 125ג,,125.00,100 גרם,false,,5.30,0.0424,true,1,110087
7290005174575,false,טחינה אחלה יום יום משובחת 125ג',מיוצר עי קונדיטוריית,IL,סלט טחינה אחלה 125גר,,125.00,,false,,5.30,0.0424,true,1,110088
7290005197758,false,עוגיות חיוכים שוקו שוקו 150ג',אפיפית נצרת תעשיות ב,IL,עוגיות חיוכים שוקו 1,,150.00,,false,,5.50,0.0367,true,1,110094
7290005199578,false,"קפה פלאטינום עלית נטול 200ג' כש""לפ",קריות זול,IL,קפה נטול קפאין עלית,,200.00,,false,,29.90,0.1495,true,1,110104
7290005199738,false,גומי מאסט בטעם פפרמינט ריח פה נעים פליפטופ 28 ג' עלית,"שטראוס גרופ בע""מ",IL,מסטיק מאסט פפרמינט ר,,28.00,,false,,5.00,0.1786,true,1,110106
7290005200786,false,תפוצ'יפס שמנת ובצל 50 גרם,"שטראוס פריטו ליי בע""",IL,תפוציפס שמנת ובצל 50,,50.00,,false,,4.10,0.0820,true,1,103661
7290005201455,false,קפה נמס ארומה עלית 200 ג',"אינסטנטה בע""מ",IL,קפה נמס ארומה 200 גר,,200.00,100 גרם,false,,19.90,0.0995,true,1,178696
7290005287206,false,טונה בשמן סטארקיסט 4*160 ג',"סטארקיסט פודור בע""מ",,טונה בשמן רביעייה סט,,640.00,,false,,24.90,0.0389,true,1,95188
7290005287251,false,טונה במים סטארקיסט 4*160 ג',"איטיליאן פוד, אס.פי.",,טונה במים רביעייה סט,,640.00,,false,,24.90,0.0389,true,1,95182
7290005287527,false,טונה בשמן עם לימון 160 ג' סטארקיסט,תאי יוניון גרופ,TH,טונה סטארקיסט בשמן ל,,160.00,,false,,7.80,0.0487,true,1,101029
7290005287657,false,סטארקיסט ממרח טונה 160 ג',סטארקיסט,IL,ממרח טונה סטארקיסט 1,,160.00,,false,,7.50,0.0469,true,1,101038
7290005317125,false,ביסקוויט חצי מצופה 175 גר',אפיפית נצרת תעשיות ב,IL,ביסקוויט חצי מצופה 1,,175.00,,false,,5.90,0.0337,true,1,114436
7290005317194,false,בסקויט מתוק רגיל/שוקו 110 גר,אפיפית נצרת,IL,בסקוויט פתי בר מתוק,,110.00,100 גרם,false,,3.50,0.0318,true,1,114437
7290005317200,false,קרקר טופז טעמים שונים 110 גר,אפיפית נצרת,IL,קרקר טופז מלח 110גר,,110.00,,false,,3.50,0.0318,true,1,114438
7290005326585,false,ממרח אוליביה פסטו בזיליקום 180 ג',"אוליביה גורמה בע""מ",IL,פסטו בזיליקום אוליבי,,180.00,,false,,12.90,0.0717,true,1,168293
7290005384851,false,וילי פוד מיץ לימון בדץ 200מל,קריות זול,IT,מיץ לימון ויליפוד 20,,200.00,,false,,4.90,0.0245,true,1,167733
7290005387043,false,צלעות מס' 2 חלק קפוא,,,צלעות מס' 2 חלק קפוא,קילוגרמים,1.00,"ק""ג",true,,39.90,39.9000,true,1,193017
7290005423253,false,"סנו - מקסימה מרסס למייבש כביסה אולטרה פרש 750 מ""ל","סנו מפעלי ברונוס בע""",IL,סנו מקסימה למייבש או,,750.00,100 גרם,false,,19.90,0.0265,true,1,102000
7290005423567,false,מטליות לניקוי כללי בגליל 40 יח' סנו סושי,אסותא תעשיות אלבד בע,IL,סנו סושי בגליל 40יח,יחידה,0.00,יחידה,false,,21.90,0.0000,true,1,177341
7290005423635,false,ריצפז נוזל לניקוי רצפות דוחה חרקים 2 ל',מיוצר עי קונדיטוריית,IL,ריצפז פלוס דוחה חרקי,ליטרים,2.00,ליטר,false,,23.90,11.9500,true,1,102014
7290005423734,false,סנו - מקסימה מרכך כביסה אולטרה פרש 4 ליטר,"סנו מפעלי ברונוס בע""",IL,סנו מקסימה מרכך כביס,ליטרים,4.00,ליטר,false,,22.90,5.7250,true,1,102015
7290005423871,false,אורביטול שלשות משחת שיניים מנטול מרכז,טרופיקל דגיל תעשיות,IL,אורביטול משחת שיניים,,435.00,100 גרם,false,,18.90,0.0434,true,1,102017
7290005423918,false,סנו - מקסימה מרכך כביסה היפואלרגני אלוורה 4 ליטר,"סנו מפעלי ברונוס בע""",IL,סנו מקסימה מרכך כביס,ליטרים,4.00,ליטר,false,,22.90,5.7250,true,1,102019
7290005424755,false,מטליות ריצפז פלוס לחות לניקוי רצפות דוחה תיקנים 10 יח' סנו,סנו מפעלי ברונוס בעמ,IL,ריצפז פלוס מטליות לח,,10.00,,false,,15.90,1.5900,true,1,170004
7290005424847,false,מפיות סנו סושי לבן לאירוח 150יח',מיוצר עי קונדיטוריית,TR,מפיות סנו סושי 150יח,יחידה,0.00,יחידה,false,,8.90,0.0000,true,1,102036
7290005425110,false,"חיטוי משטחים 99.9% מתז מחטא ומשמיד 750 מ""ל","סנו מפעלי ברונוס בע""",IL,מתז 99.9% לחיטוי משט,,750.00,,false,,16.90,0.0225,true,1,185683
7290005425646,false,סנו קליר ספריי אקדח לניקוי והברקת חלונות 1ל',"סנו מפעלי ברונוס בע""",IL,סנוקליר לניקוי חלונו,,1000.00,,false,,9.90,0.0099,true,1,102053
7290005427107,false,סנו - סושי מגבות נייר הפלא 6 יחידות,מיוצר עי קונדיטוריית,IL,סנו סושי מגבות הפלא,,6.00,,false,,13.90,2.3167,true,1,102095
7290005427725,false,מגבונים ליטופים מארז חמישיה,טרופיקל דגיל,IL,מגבוני ליטופים מבושם,,5.00,,false,,21.90,4.3800,true,1,177360
7290005427848,false,מטלית בגליל ורוד 40 יח' סנו סושי,קריות זול,IL,סנו סושי מטליות בגלי,,40.00,,false,,21.90,0.5475,true,1,177364
7290005428852,false,ממחטות טישו צבעוניים סנו סופט 5 יח' *100דף,ישרפייפר,IL,סנו סופט מגבוני טישו,,0.00,,false,,16.90,0.0000,true,1,102157
7290005429279,false,"אבקת כביסה מקסימה אפקט 6 ק""ג סנו",סנו,IL,סנו מקסימה אבקת כביס,קילוגרמים,6.00,"ק""ג",false,,49.90,8.3167,true,1,102166
7290005429286,false,"אבקת כביסה מקסימה ביו 6 ק""ג סנו",סנו,IL,סנו מקסימה ביו אבקת,קילוגרמים,6.00,"ק""ג",false,,49.90,8.3167,true,1,102167
7290005431159,false,תותים בקצפת לייט 80 ג' עדן,עדן קינוחים,IL,תותים בקצפת לייט 80,,80.00,,false,,7.30,0.0912,true,1,192303
7290005431883,false,קינוח מלבי חלבי עדן,עדן קינוחים Eden,IL,מלבי חלבי 165 גרם,,165.00,100 גרם,false,,7.30,0.0442,true,1,184945
7290005431913,false,עוגת גבינה פירורים 92 גרם.,עדן קינוחים Eden,IL,עוגת גבינה פירורים 9,,92.00,100 גרם,false,,7.30,0.0793,true,1,184950
7290005431937,false,קינוח טירמיסו עדן 82,עדן קינוחים Eden,IL,טירמיסו 82 גרם,,82.00,100 גרם,false,,7.30,0.0890,true,1,184947
7290005437540,false,פיטריות חתוך טעמן 290 גר',,,פטריות חתוכות טעמן 2,,290.00,100 גרם,false,,4.90,0.0169,true,1,172877
7290005437632,false,שמן קנולה טעמן 1ליטר,,,שמן קנולה טעמן 1ליטר,,1000.00,100 גרם,false,,11.90,0.0119,true,1,187674
7290005437861,false,קוקטייל פירות טרופי 900ג',פ.ת גרייט פנאפל,ID,קוקטייל פירות טרופיי,,825.00,100 גרם,false,,12.90,0.0156,true,1,172880
7290005559587,false,מאפה נקניקיה בבצק מעדנות 800ג',מיוצר עי קונדיטוריית,IL,מאפה נקניקיות מעדנות,,800.00,100 גרם,false,,28.90,0.0361,true,1,105808
7290005559907,false,פיצה משפחתית גבינה 500 ג' מעדנות,מיוצר עי קונדיטוריית,IL,פיצה משפחתית גבינה מ,,500.00,100 גרם,false,,19.90,0.0398,true,1,105817
7290005559914,false,פיצה משפחתית זיתים 550 ג' מעדנות,מיוצר עי קונדיטוריית,IL,פיצה משפחתית זיתים מ,,550.00,100 גרם,false,,19.90,0.0362,true,1,105818
7290005559990,false,בצק פילאס תורכי מעדנות 600 גרם,מיוצר עי קונדיטוריית,IL,בצק פילאס תורכי מעדנ,,600.00,100 גרם,false,,21.90,0.0365,true,1,105826
7290005591761,false,דבש טהור מפרחי בר בלחיץ 400 ג' יד מרדכי,מכוורת יד מרדכי שטרא,IL,*מבצע* דבש טהור מפרח,,400.00,100 גרם,false,,19.90,0.0497,true,1,110118
7290005610127,false,תפו`א גורמה לבן דוד,אראל תוצרת חקלאית בע,IL,"תפו""א גורמה דוד משה",קילוגרמים,1.00,"ק""ג",true,,5.90,5.9000,true,1,168968
7290005610509,false,צנוניות ארוזות דוד מ,חקלאי,IL,צנוניות יח,יחידה,0.00,יחידה,false,,4.90,0.0000,true,1,164895
7290005651366,false,מזון כלבים כבד בונזו,קריות זול,FR,בונזו כבד 3קג,קילוגרמים,3.00,"ק""ג",false,,55.90,18.6333,true,1,101045
7290005651427,false,מעדני בונזו מולטיפק שלישיה * 410 ג',קריות זול,FR,בונזו מולטי פק 3*400,,1200.00,,false,,22.90,0.0191,true,1,101048
7290005838002,false,מעדן גבינה ויוגורט בטעם וניל 88 ג' דניאלה,"שטראוס בריאות בע""מ",IL,דניאלה מעדן בטעם וני,,150.00,,false,,4.10,0.0273,true,1,110123
7290005838613,false,שטראוס גבינת וניל 3% 125ג,"שטראוס בריאות בע""מ",IL,קרם גבינה 3% בטעם ונ,,125.00,100 גרם,false,,4.20,0.0336,true,1,110126
7290005839078,false,"דנונה יוגורט ביו 3% לבן מארז 150X8מ""ל",מיוצר עי קונדיטוריית,IL,דנונה ביו מארז שמיני,,1200.00,,false,,18.50,0.0154,true,1,110128
7290005839108,false,סימפוניה 5% עם זיתים 200 ג' שטראוס,"שטראוס בריאות בע""מ",IL,סימפוניה זיתים 5% 20,,200.00,,false,,11.90,0.0595,true,1,110129
7290005839313,false,"מילקי טופ שוקולד מגולגל 170 מ""ל",מיוצר עי קונדיטוריית,IL,מילקי טופ מגולגלת 14,,142.00,,false,,5.10,0.0359,true,1,110130
7290005896415,false,"בירה איגל פחית ירוק 500מ""ל","טמפו משקאות בע""מ",IL,בירה איגל ירוק פחית,,500.00,,false,,6.90,0.0138,true,1,171705
7290005996221,false,פסטרמה של פעם דק דק 120 גר',פ.פ.ח. שאביט,IL,פסטרמה של פעם דק דק,,120.00,,false,,13.90,0.1158,true,1,186584
7290006131287,false,פילה בקלה (מרלוזה) א,,,פילה בקלה (מרלוזה) א,קילוגרמים,1.00,"ק""ג",true,,34.90,34.9000,true,1,175154
7290006131591,false,פילה ברבוניה בוואקום,,,פילה ברבוניה בוואקום,,400.00,,false,,24.90,0.0622,true,1,175157
7290006229588,false,בירה איגל פחית זהב 500 מל',"טמפו משקאות בע""מ",IL,בירה איגל זהב פחית 5,,500.00,100 גרם,false,,6.90,0.0138,true,1,171706
7290006241504,false,"פריגת קפוא תפוזים 280 מ""ל",פריגת מצוננים,IL,פריגת תפוזים קפוא 34,,345.00,,false,,15.90,0.0461,true,1,104037
7290006251107,false,תה ויסוצקי צ'אי מסאלה 25 יח',מולינו ניקולי s.p.a,IL,תה מסאלה ויסוצקי 25י,,25.00,,false,,19.90,0.7960,true,1,107221
7290006251343,false,תה חליטה הגן הקסום פסיפלורה מנגו 25 שקיקים,קריות זול,IL,תה פסיפלורה מנגו הגן,,62.50,100 גרם,false,,19.90,0.3184,true,1,107225
7290006251374,false,תה ירוק לימונית וגינגר 25 שקיקים ויסוצקי,קריות זול,IL,תה ירוק לימונית וגינ,,25.00,,false,,25.90,1.0360,true,1,107227
7290006251589,false,תה ירוק עם עלי נענע 50 שקיקים ויסוצקי,בית ויסוצקי,IL,תה ירוק עם עלי נענע,,50.00,,false,,45.90,0.9180,true,1,107228
7290006271655,false,מיני בורקס גבינה 800 ג' מעדנות,מיוצר עי קונדיטוריית,IL,מיני בורקס גבינה מעד,,800.00,100 גרם,false,,27.90,0.0349,true,1,105847
7290006272072,false,חטיפי פיצה בשקית מעדנות 650ג',"מעדנות בע""מ",IL,חטיפי פיצה מעדנות 65,,650.00,,false,,29.90,0.0460,true,1,105859
7290006342447,false,גרעיני אבטיח ששון הק,דין שיווק,IL,גרעיני אבטיח 200גרם,,200.00,,false,,12.90,0.0645,true,1,162271
7290006342515,false,מנציס 200 גרם,יושלם,,מנצס 200גרם,,200.00,100 גרם,false,,6.90,0.0345,true,1,136831
7290006342553,false,קבוקים עם שומשום ששו,"דין שיווק וקליה בע""מ",,קבוקים 200גר,,200.00,,false,,5.00,0.0250,true,1,153812
7290006342560,false,בוטנים אמריקאים מצופ,דין שיווק,IL,בוטנים מצופים 200גר,,200.00,100 גרם,false,,5.00,0.0250,true,1,153813
7290006374738,false,קונפיטורה תות 340 ג' יד מרדכי,אף.סי תבליני בגליל ב,IL,קונפיטורת תות יד מרד,,340.00,,false,,15.50,0.0456,true,1,110143
7290006376091,false,סודה לשתייה קרטונית,,,סודה לשתיה פרימיום 5,,50.00,,false,,2.10,0.0420,true,1,170145
7290006376626,false,אבקת סוכר מהדרין 100 ג',,,אבקת סוכר פרימיום 10,,100.00,,false,,2.20,0.0220,true,1,170146
7290006376688,false,עשיריית סוכר וניל,,,סוכר וניל 10*10גרם פ,,100.00,,false,,2.20,0.0220,true,1,170143
7290006376695,false,עשיריית אבקת אפיה 10,,,אבקת אפיה 10*10גר פר,,100.00,,false,,2.20,0.0220,true,1,170144
7290006376725,false,קוקוס טחון פרימיום 200 ג',,,קוקוס 200 גרם חילדה,,200.00,100 גרם,false,,7.50,0.0375,true,1,192007
7290006376732,false,שומשום 200 גרם חילדה,,,שומשום 200 גרם חילדה,,200.00,100 גרם,false,,7.90,0.0395,true,1,192008
7290006492432,false,גבינת מוצרלה בייבי 18% 300 ג' גד,מחלבות גד בעמ,IL,בייבי מוצרלה מחלבות,,100.00,,false,,15.70,0.1570,true,1,95557
7290006492616,false,גבינה בולגרית פרוסות 5% 250 ג' גד,DSH עבור מחלבות גד ב,IL,בולגרית פרוסות 5% 25,,250.00,100 גרם,false,,27.90,0.1116,true,1,95558
7290006492685,false,לאבנה עיזים 5% 250 גרם - רובין,מחלבות גד בעמ,IL,לאבנה עזים 5% 250גר,,250.00,,false,,17.90,0.0716,true,1,95561
7290006492852,false,גבינת עיזים למריחה 5% שומן 250 ג' גד,קריות זול,IL,*מבצע* גבינת עיזים 5,,250.00,100 גרם,false,,16.90,0.0676,true,1,95567
7290006492913,false,לאבנה ציזיקי למריחה 5% שומן 250 ג' גד,מחלבות גד בעמ,IL,לאבנה ציזיקי 250גר מ,,250.00,100 גרם,false,,13.90,0.0556,true,1,95570
7290006494924,false,מרמולייט וופל בטעם לימון 200 ג',קריות זול,,וופל מרמולייט ופל בט,,180.00,,false,,10.90,0.0606,true,1,101541
7290006511683,false,פולי סויה מאנצ`ו קפוא 454 ג' וילפוד,קו.אל.טי.די.קיאוניונ,CN,פולי סויה מאנצו קפוא,,454.00,,false,,9.90,0.0218,true,1,100185
7290006546012,false,שעועית בנוסח מקסיקני בטעם חריף 580 ג' פרי הגליל,"פרי הגליל בע""""מ",IL,צילי בנוסח מקסיקני ב,,580.00,100 גרם,false,,7.90,0.0136,true,1,137996
7290006546388,false,תחתיות ארטישוק 400 ג' פרי הגליל,"פרי הגליל בע""""מ",IL,תחתיות ארטישוק 400 ג,,400.00,100 גרם,false,,14.90,0.0373,true,1,173581
7290006546517,false,צי'פס סטייק קפוא פרי הגליל 800 ג',"פרי הגליל בע""""מ",IL,סטייק ציפס 800גר,,800.00,100 גרם,false,,15.90,0.0199,true,1,194722
7290006546524,false,צי'פס מובחר קפוא פרי גליל 800 ג',"פרי הגליל בע""""מ",IL,ציפס מובחר 800גר,,800.00,100 גרם,false,,15.90,0.0199,true,1,194723
7290006546999,false,לקט למרק פרי הגליל 800 ג',"פרי הגליל בע""""מ",IL,לקט למרק 800גר,,800.00,100 גרם,false,,13.90,0.0174,true,1,173584
7290006567048,false,קוסקוס ישראלי מפתול אסם 350ג',"מיוצר ע""י קוד יצרן K",IL,פתיתי קוסקוס ישראלי,,350.00,,false,,7.90,0.0226,true,1,99490
7290006618078,false,"אסטוניש מרסס ניקוי יסודי 750 מ""ל",אסטוניש Astonish,GB,אסטוניש מרסס ניקוי י,,750.00,,false,,15.90,0.0212,true,1,103365
7290006652027,false,במבה מארז 20 יח' *15ג' אסם,מיוצר עי קונדיטוריית,IL,במבה יום הולדת מארז,,300.00,,false,,19.90,0.0663,true,1,99500
7290006653765,false,פסטה פרפקטו פטוציני 500ג' אסם,קריות זול,IT,פסטה פרפקטו פטוציני,,500.00,100 גרם,false,,7.90,0.0158,true,1,99508
7290006653819,false,קוסקוס דק בשקית אסם,"מיוצר ע""י קוד יצרן K",IL,קוסקוס דק אסם 350 גר,,350.00,100 גרם,false,,7.90,0.0226,true,1,99509
7290006664037,false,גמדים דגנים ארוחת בוקר מארז 100X4ג',"שטראוס בריאות בע""מ",IL,גמדים תפוח בננה 5% מ,,400.00,,false,,12.30,0.0308,true,1,110163
7290006664051,false,"אקטימל לבן מארז 100X14 מ""ל",מיוצר עי קונדיטוריית,IL,אקטימל טבעי 14*100מל,,1400.00,100 גרם,false,,32.90,0.0235,true,1,110164
7290006664310,false,גבינה לבנה 3% שומן 250 ג' שטראוס,מיוצר עי קונדיטוריית,IL,קרם גבינה 3% סקי 250,,250.00,,false,,5.20,0.0208,true,1,110169
7290006664402,false,גבינה 5% שומן 750 ג' שטראוס,מיוצר עי קונדיטוריית,IL,גבינה לבנה סקי 5% 75,,750.00,100 גרם,false,,14.94,0.0199,true,1,110172
7290006664532,false,יוגורט עם תות 3% שומן 150 ג' דנונה,מיוצר עי קונדיטוריית,IL,דנונה תות 1.5% 150 מ,,150.00,,false,,4.20,0.0280,true,1,110175
7290006664655,false,"אקטימל לבן טבעי מארז 100X8 מ""ל",מיוצר עי קונדיטוריית,IL,?אקטימל דנונה 100x8,,800.00,100 גרם,false,,21.90,0.0274,true,1,110178
7290006664693,false,יוגורט עם אפרסק 3% שומן 150 ג' דנונה,מיוצר עי קונדיטוריית,IL,דנונה אפרסק 1.5% 150,,150.00,100 גרם,false,,4.20,0.0280,true,1,110180
7290006681003,false,גלידה תות לימון סורבה 1.33 ל' קרמיסימו,"גלידת שטראוס בע""מ, ר",IL,קרמיסימו תות לימון ס,,1330.00,,false,,21.90,0.0165,true,1,105528
7290006681553,false,שטראוס קרמבו ווניל 8יח,"גלידת שטראוס בע""מ",IL,קרמבו וניל שטראוס 8י,,8.00,,false,,15.90,1.9875,true,1,105534
7290006681560,false,שטראוס קרמבו מוקה 8יח,"גלידת שטראוס בע""מ",IL,קרמבו מוקה שטראוס 8י,,8.00,,false,,15.90,1.9875,true,1,105535
7290006712981,false,"קולגייט משחת שיניים סמיילס לגילאי 6 50 מ""ל",הנסיך- מפעל לייצור ט,PL,קולגייט משחת שיניים,,50.00,,false,,13.90,0.2780,true,1,104990
7290006738615,false,קבב פרימיום זהב 100% בשר זוגלובק 400 ג',נקניק נהריה כשר זוגל,IL,קבב פרימיום 100% בשר,,400.00,100 גרם,false,,24.90,0.0622,true,1,106695
7290006739292,false,נקניק פסטרמה פרגיות ציפוי תירס,נקניק נהריה כשר זוגל,,פסטרמה תבור זוגלובק,,330.00,,false,,29.90,0.0906,true,1,106697
7290006739407,false,שניצל תירס לייט 630 ג' זוגלובק,נקניק נהריה כשר זוגל,IL,שניצל תירס לייט זוגל,,630.00,100 גרם,false,,26.90,0.0427,true,1,106702
7290006739414,false,סלמי קוניאק 300 ג' זוגלובק,נקניק נהריה כשר זוגל,IL,סלמי קוניאק זוגלובק,,300.00,,false,,28.90,0.0963,true,1,106703
7290006739421,false,סלמי מעושן איטלקי 300 ג' זוגלובק,נקניק נהריה כשר זוגל,IL,סלמי מעושן איטלקי זו,,300.00,100 גרם,false,,28.90,0.0963,true,1,106704
7290006739544,false,כתף בקר 300 ג' זוגלובק,זוגלובק,IL,כתף בקר זוגלובק 300ג,,300.00,100 גרם,false,,34.90,0.1163,true,1,106707
7290006742162,false,המבורגר מזרחי זוגלובק 400 גר',נקניק נהריה כשר זוגל,IL,המבורגר מזרחי זוגלוב,,400.00,100 גרם,false,,21.90,0.0547,true,1,106744
7290006742278,false,פסטרמה הודו צלויה על לבנים 330 ג' זוגלובק,נקניק נהריה כשר זוגל,IL,פסטרממיה צלויה על לב,,330.00,100 גרם,false,,29.90,0.0906,true,1,106746
7290006742292,false,פסטרמה הודו בדבש 330 ג' זוגלובק,נקניק נהריה כשר זוגל,IL,פסטרממיה בדבש 1% זוג,,330.00,,false,,29.90,0.0906,true,1,106748
7290006742315,false,פסטרמה חזה הודו ברביקיו זוגלובק 330 ג',נקניק נהריה כשר זוגל,IL,חזה הודו ברביקיו 1%,,330.00,,false,,29.90,0.0906,true,1,106750
7290006764485,false,"בירה נשר מאלט שחורה מארז 330X6מ""ל",קריות זול,,נשר מאלט בקבוק שישיי,,1980.00,100 גרם,false,,31.90,0.0161,true,1,96473
7290006765000,false,טורטיות חיטה מלאה 8יח 540 ג',אלקטי קוראבייכיסיגיד,TR,טורטיות מקמח חיטה מל,,540.00,100 גרם,false,,10.00,0.0185,true,1,171236
7290006775016,false,עוגה מבית טוב 450 גרם תפוז,אחדות ביחר לטחינה חל,IL,עוגת תפוז 450גר,,450.00,100 גרם,false,,10.90,0.0242,true,1,115692
7290006775030,false,"עוגה מבית טוב"" 450 גרם שוקו-ציפס",אחדות ביחר לטחינה חל,IL,עוגת שוקולד 450גר,,450.00,,false,,10.90,0.0242,true,1,115694
7290006775047,false,"עוגה מבית טוב"" 450 גרם שוקולד",אחדות ביחר לטחינה חל,IL,עוגת שוקולד 450גר,,450.00,100 גרם,false,,10.90,0.0242,true,1,115695
7290006775191,false,מאפין ממולא בטעם שוקולד 50 גרם אחוה,אחדות ביחר לטחינה חל,IL,מאפין ממולא שוקולד 5,,50.00,,false,,2.90,0.0580,true,1,118571
7290006775306,false,מאפינס אישי וניל במילוי תות אחווה 50ג',אחדות ביחר לטחינה חל,IL,מאפין ממולא תות 50גר,,50.00,100 גרם,false,,2.90,0.0580,true,1,118572
7290006775344,false,עוגת שמרים קינמון ואגוזי מלך 400 גרם,אחדות ביחר לטחינה חל,IL,עוגת שמרים קינמון וא,,400.00,100 גרם,false,,12.90,0.0323,true,1,115700
7290006775405,false,מאפינס שוקוצ'יפס אישי אחווה 45גרם,אחדות ביחר לטחינה חל,IL,מאפינס 40גר,,40.00,,false,,2.90,0.0725,true,1,115701
7290006775795,false,"עוגת תפו""ע אחוה במילוי עדין 450'","אחדות ביח""ר לטחינה ח",IL,עוגת תפוח עץ ממולאת,,450.00,100 גרם,false,,12.90,0.0287,true,1,127506
7290006775900,false,עוגיות מיני מרוקאיות אחווה 500 ג',,,עוגיות מיני מרוקאיות,,500.00,100 גרם,false,,11.90,0.0238,true,1,127538
7290006784360,false,חלונית לניקוי והברקה 1ל-סנט מוריץ,קומפלקס כימיקלים,IL,נוזל חלונות 1 ליטר ס,ליטרים,1.00,ליטר,false,,5.90,5.9000,true,1,117395
7290006788016,false,"שמפו לשיער יבש 700 מ""ל קרליין",מיוצר עי : אמיליה קו,IL,"קרליין ""10"" שמפו לשי",,700.00,,false,,13.90,0.0199,true,1,109536
7290006788023,false,"שמפו מחייה צבע לשיער צבוע 700 מ""ל קרליין",מיוצר עי : אמיליה קו,IL,"קרליין ""10"" שמפו לשי",,700.00,,false,,13.90,0.0199,true,1,109537
7290006788030,false,"שמפו לתלתלים מלאי חיים 700 מ""ל קרליין",מיוצר עי : אמיליה קו,IL,"קרליין ""10"" שמפו לתל",,700.00,100 גרם,false,,13.90,0.0199,true,1,109538
7290006788061,false,"מרכך לשיער רגיל הנוסחה הקלאסית 700 מ""ל קרליין",מיוצר עי : אמיליה קו,IL,"קרליין ""10"" מרכך לשי",,700.00,,false,,13.90,0.0199,true,1,109540
7290006788412,false,"קרליין - נושם אקווה דאודורנט רול און לאישה כחול 75 מ""ל",אמיליה קוסמטיקס,IL,קרליין רולאון נושם כ,,75.00,,false,,13.90,0.1853,true,1,109558
7290006805850,false,תערובת להכנת פנקייקס 500ג' פילסברי,הדקלאים אגודת שיתופי,IL,תערובת להכנת פנקייקס,,500.00,,false,,19.50,0.0390,true,1,107863
7290006866967,false,נקטר חמוציות פרימור 1ל',סטאר סנקס,IL,פרימור נקטר חמוציות,,1000.00,,false,,12.90,0.0129,true,1,117130
7290006873620,false,מיץ ענבים אדום טבעי,,,מיץ ענבים אדום טבעי,,1000.00,100 גרם,false,,11.90,0.0119,true,1,137658
7290006873712,false,יין גראנש רוזה חצי י,,,יין גראנש רוזה חצי י,,1000.00,,false,,18.90,0.0189,true,1,137660
7290006873774,false,יין סמיון לבן חצי יבש1 ל,,,יין סמיון לבן חצי יב,,1000.00,100 גרם,false,,18.90,0.0189,true,1,137661
7290006873958,false,יין קרניאן אדום יבש,,,יין קרניאן אדום יבש,,1000.00,,false,,18.90,0.0189,true,1,137662
7290006920553,false,כפיר הצהובה הטובה 5%,,,כפיר הצהובה הטובה 5%,,400.00,,false,,19.90,0.0497,true,1,164250
7290006920836,false,"תחליפי גבינ""צ מעושן פרוס 350 גר'",,,מעושן פרוס 350 גרם,,350.00,100 גרם,false,,15.90,0.0454,true,1,164251
7290006920911,false,הולנדית פרוס 350ג' כפיר,,,הולנדי פרוס 350 גרם,,350.00,100 גרם,false,,15.90,0.0454,true,1,162030
7290006920935,false,פיקנטית פרוס 350ג' כפיר,,,חריפה פרוס 350 גרם,,350.00,100 גרם,false,,15.90,0.0454,true,1,164255
7290006983152,false,קרוטונים מתובלים למרק 400 ג' אסם,עינת תעשיות מזון,IL,קרוטונים מתובלים למר,,400.00,100 גרם,false,,20.90,0.0522,true,1,99529
7290006983176,false,אוסם - לחמית שיפון 250 גרם,"אסם השקעות בע""מ",IL,לחמית שיפון אסם 250ג,,250.00,,false,,9.90,0.0396,true,1,99530
7290006983206,false,אסם תערובת פלאפל בקלי קלות 180גר,"אסם השקעות בע""מ",IL,תערובת להכנת פלאפל א,,180.00,,false,,10.90,0.0606,true,1,99531
7290006983527,false,עוגת הבית תפוחי עץ עם פירורים 400 ג' אסם,מיוצר עי קונדיטוריית,IL,עוגת הבית תפוח עץ עם,,400.00,,false,,18.50,0.0463,true,1,99539
7290006983763,false,עוגת הבית שוקולד 400 גרם אסם.,מיוצר עי קונדיטוריית,IL,עוגת הבית שוקולד אסם,,400.00,100 גרם,false,,13.90,0.0348,true,1,99540
7290006983770,false,עוגת הבית שיש 400 ג' אסם,מיוצר עי קונדיטוריית,IL,עוגת הבית שיש אסם 40,,400.00,100 גרם,false,,13.90,0.0348,true,1,99541
7290006983787,false,עוגת הבית שוקוציפס 400 גרם אסם,מיוצר עי קונדיטוריית,IL,עוגת הבית שוקוציפס א,,400.00,100 גרם,false,,13.90,0.0348,true,1,99542
7290006983794,false,עוגת הבית תפוז 400 ג' אסם,מיוצר עי קונדיטוריית,IL,עוגת הבית תפוז אסם 4,,400.00,100 גרם,false,,13.90,0.0348,true,1,99543
7290006992161,false,מטרנה - דייסת קורנפלור פרוביוטי 200 גרם,מולינו ניקולי s.p.a,IL,דייסת קורנפלור מטרנה,,200.00,,false,,15.90,0.0795,true,1,101050
7290006992208,false,מטרנה - דייסת דגנים מעורבים 200 גרם,מטרנה תעשיות ש.מ,IL,דייסת דגנים מעורבים,,200.00,,false,,15.90,0.0795,true,1,101054
7290008023542,false,סיף פנטסטיק שמפו רצפות כתום 4ל',סיף פנטסטיק Cif Fantastic,IL,סיף פנטסטיק שמפו רצפ,ליטרים,4.00,ליטר,false,,21.90,5.4750,true,1,103082
7290008104050,false,"פמינה - שטיפה אינטימית קלאסית 220 מ""ל",כצט נוביס סעמ,IL,פימינה נוזל שטיפה אי,,200.00,100 גרם,false,,22.90,0.1145,true,1,173424
7290008154222,false,שניצלונים עוף טוב 700 גרם,מולינו ניקולי s.p.a,IL,שניצלונים עוף טוב 70,,700.00,100 גרם,false,,18.90,0.0270,true,1,99559
7290008175210,false,גבינת פרמזן מגורדת 90ג' ויליפוד,זנטי אס.איי.,IT,פרמזנו מגורדת ויליפו,,90.00,,false,,15.90,0.1767,true,1,100194
7290008194266,false,מארזים מתוקים א.אטיא,ממתקי השלום,IL,חטיפים מעורבים 350 ג,,350.00,,false,,13.50,0.0386,true,1,118047
7290008194839,false,חטיפים מצופים אטיאס,ממתקי השלום,IL,חטיפים מצופים אטיאס,,300.00,100 גרם,false,,13.50,0.0450,true,1,139275
7290008286299,false,"פילה דג סלמון נורווגי ארוז בד""ץ",,,פילה סלמון אטלנטי קפ,קילוגרמים,1.00,"ק""ג",true,,79.90,79.9000,true,1,190846
7290008286947,false,"מנות פילה סלומון בד""ץ עד""ח",,,פילה סלמון נורבגי מנ,קילוגרמים,1.00,"ק""ג",true,,84.90,84.9000,true,1,190847
7290008323178,false,פילה אמנון ארוז בואק,,,פילה אמנון ארוז בואק,קילוגרמים,1.00,"ק""ג",true,,29.90,29.9000,true,1,95411
7290008329217,false,צלחת 7 ציבעוני 20 יח,,,צלחת 7 ציבעוני 20 יח,יחידה,0.00,יחידה,false,,8.90,0.0000,true,1,173006
7290008329316,false,כפות פרימיום שקוף/קרם/לבן/זהב דנטס 50 יח,,,כפות פרימיום שקוף/קר,יחידה,0.00,יחידה,false,,9.90,0.0000,true,1,173012
7290008329347,false,צלחת צבעונית ענקית 2,,,צלחת 10 צבעוני 20 יח,יחידה,0.00,יחידה,false,,14.90,0.0000,true,1,152341
7290008409049,false,מיני שניצלונים ושומשום מאמא עוף 500 ג',תנובה גליל שותפות מו,IL,שניצלונים מיני מיני,,500.00,100 גרם,false,,28.90,0.0578,true,1,130959
7290008409100,false,אצבעות שניצל ציפוי שומשום 700 ג' מאמא עוף,תנובה גליל שותפות מו,IL,אצבעות שניצל שומשום,,700.00,,false,,37.90,0.0541,true,1,105898
7290008409124,false,מאמא עוף קפוא שניצל ג'ונגל פריך 700 גרם,תנובה גליל שותפות מו,IL,שניצל גונגל פריך מאמ,,700.00,,false,,37.90,0.0541,true,1,105900
7290008409216,false,מאמא עוף קפוא שניצל דק פריך 700 גרם,תנובה גליל,IL,שניצל דק פריך מאמא ע,,700.00,,false,,44.90,0.0641,true,1,105905
7290008409223,false,שניצל דק מתובל מאמא עוף 700 ג',תנובה גליל שותפות מו,IL,שניצל דק מתובל מאמא,,700.00,100 גרם,false,,44.90,0.0641,true,1,105906
7290008409315,false,מיני מיני דק שניצלונים בציפוי פריך מאמא עוף 500 ג',תנובה גליל,IL,שניצלונים מיני מיני,,500.00,100 גרם,false,,28.90,0.0578,true,1,130960
7290008409582,false,שניצל אמיתי בציפוי ביתי מאמא עוף 700 ג',תנובה גליל שותפות מו,IL,שניצל אמיתי ביתי מאמ,,700.00,,false,,44.90,0.0641,true,1,105924
7290008443630,false,"נקה 7 - שמפו מתולתל סגול 750 מ""ל",טרופיקל דגיל תעשיות,IL,נקה 7 שמפו לשיער מתו,,750.00,,false,,12.90,0.0172,true,1,109635
7290008464024,false,בירה גולדסטאר לא מסונן פחית 500 מל,"טמפו משקאות בע""מ",IL,בירה גולדסטאר לאגר כ,,500.00,100 גרם,false,,9.90,0.0198,true,1,133233
7290008464130,false,"בירה גולדסטאר לא מסונן 330X6מ""ל",טמפו,IL,בירה גולדסטאר לא מסו,,1980.00,100 גרם,false,,35.90,0.0181,true,1,129637
7290008464468,false,"בירה גולדסטאר פחית 500 מ""ל","טמפו משקות בע""מ",IL,בירה גולדסטאר פחית 5,,500.00,,false,,8.50,0.0170,true,1,96493
7290008464475,false,"בירה מכבי פחית 500 מ""ל","טמפו משקאות בע""מ",IL,בירה מכבי פחית 500מל,,500.00,100 גרם,false,,8.50,0.0170,true,1,96494
7290008464604,false,"בירה היינקן פחית 500מ""ל",טמפו משקאות בע''מ,NL,בירה היינקן הולנד פח,,500.00,,false,,9.90,0.0198,true,1,96497
7290008464734,false,"בירה גולדסטאר SLOW BREW מארז 330X6מ""ל",טמפו משקאות בע''מ,IL,בירה גולדסטאר SLOW B,,1980.00,,false,,37.90,0.0191,true,1,161429
7290008464741,false,"בירה גולדסטאר בק' מארז 330X6מ""ל",קריות זול,IL,בירה גולדסטאר בקבוק,,1980.00,100 גרם,false,,35.90,0.0181,true,1,96501
7290008464796,false,"בירה היינקין ח""פ בקבוק 330X6מ""ל",קריות זול,IL,בירה היינקן בקבוק 6*,,1980.00,,false,,35.90,0.0181,true,1,96504
7290008469128,false,סטייק עין קפוא,,,סטייק עין קפוא,קילוגרמים,1.00,"ק""ג",true,,59.90,59.9000,true,1,190205
7290008469760,false,שריר הזרוע מס 8 חלק,,,שריר הזרוע מס 8 חלק,קילוגרמים,1.00,"ק""ג",true,,29.90,29.9000,true,1,188380
7290008590129,false,שעועית ירוקה שלמה שף,משק ויילר,BE,שעועית ירוקה שלמה שף,,800.00,,false,,9.90,0.0124,true,1,194163
7290008590136,false,שעועית צהובה חתוכה ק,משק ויילר,BE,שעועית צהובה חתוכה ק,,800.00,100 גרם,false,,9.90,0.0124,true,1,192841
7290008590150,false,אפונת גינה קטנה שף ה,משק ויילר,BE,אפונת גינה קטנה שף ה,,800.00,100 גרם,false,,9.90,0.0124,true,1,192468
7290008590167,false,אפונה וגזר שף הטבע,משק ויילר,BE,אפונה וגזר 800 גרם ש,,800.00,100 גרם,false,,9.90,0.0124,true,1,192842
7290008590198,false,שעועית ירוקה חתוכה ש,משק ויילר,BE,שעועית ירוקה חתוכה 8,,800.00,100 גרם,false,,9.90,0.0124,true,1,192843
7290008614528,false,צלי כתף מס 5 חלק מהד,,,צלי כתף מס 5 חלק מהד,קילוגרמים,1.00,"ק""ג",true,,69.90,69.9000,true,1,190157
7290008614559,false,שריר הזרוע מס 8 חלק,,,שריר הזרוע מס 8 חלק,קילוגרמים,1.00,"ק""ג",true,,29.90,29.9000,true,1,187065
7290008644235,false,עלי בייבי טעם הטבע 1,שטראוס בריאות ירקות,IL,עלי בייבי 120 גר שטר,,120.00,100 גרם,false,,11.50,0.0958,true,1,110199
7290008644945,false,סלט המושבה שטופים שט,שטראוס בריאות ירקות,IL,סלט המושבה שטראוס 45,,450.00,,false,,12.90,0.0287,true,1,110207
7290008690713,false,פריגת אושן ספריי חמוציות 1ל',מבשלות בירה בינלאומי,IL,אושן ספריי חמוציות 1,,1000.00,100 גרם,false,,13.50,0.0135,true,1,104113
7290008693134,false,מעדן גבינה ויוגורט בטעם תות 5% שומן 88 ג' דניאלה,"שטראוס בריאות בע""מ",IL,דניאלה מעדן בטעם תות,,150.00,100 גרם,false,,4.10,0.0273,true,1,110219
7290008736312,false,לשון בקר קפוא,,,לשון בקר קפוא,קילוגרמים,1.00,"ק""ג",true,,39.90,39.9000,true,1,191855
7290008737289,false,גפילטע פיש בנוסח פול,"דג טעים (משווק ע""י א",,גפילטע פיש בנוסח פול,יחידה,0.00,יחידה,false,,14.90,0.0000,true,1,127330
7290008737296,false,"גפילטע פיש ""דג עדן 6",,,"גפילטע פיש ""דג עדן 6",,6.00,,false,,14.90,2.4833,true,1,127331
7290008745239,false,תפוצ'יפס אקסטרא טבעי 50 ג',"שטראוס פריטו ליי בע""",IL,תפוציפס אקסטרא טבעי,,50.00,,false,,4.10,0.0820,true,1,103664
7290008747547,false,תפוצ'יפס אקסטרא 200גר טבעי,"שטראוס פריטו ליי בע""",IL,תפוציפס אקסטרא טבעי,,200.00,,false,,12.30,0.0615,true,1,103666
7290008752244,false,תפוצ'יפס אקסטרא גריל 50 גרם,"שטראוס פריטו ליי בע""",IL,תפוציפס אקסטרא גריל,,50.00,,false,,4.10,0.0820,true,1,103669
7290008753111,false,תפוציפס קראנץ מקסיקנ,"שטראוס פריטו ליי בע""",IL,תפוציפס מקסיקני 50גר,,50.00,,false,,4.10,0.0820,true,1,103671
7290008754040,false,ממרח פרה שוקולד 850 גר - מגדים,STRAUSS-ISRAEL,IL,ממרח בטעם שוקולד מגד,,850.00,,false,,18.90,0.0222,true,1,174161
7290008754415,false,גומי מאסט בטעם ספירמינט עדין פליפטופ 28 ג' עלית,"שטראוס גרופ בע""מ",IL,מסטיק מאסט בטעם ספיר,,28.00,,false,,5.00,0.1786,true,1,110279
7290008775816,false,ערגליות שוקו חדש12*300גרם 2020,מיוצר עי קונדיטוריית,IL,ערגליות שוקו אסם 300,,300.00,,false,,10.90,0.0363,true,1,99598
7290008775823,false,ערגליות תות חדש12*300גרם 2020,מיוצר עי קונדיטוריית,IL,ערגליות תות אסם 300ג,,300.00,,false,,10.90,0.0363,true,1,99599
7290008792264,false,מפיות טישיו טאצ' 100יח',"שניב תעשיות נייר בע""",,טאצ מפיות 100,,100.00,,false,,4.90,0.0490,true,1,114464
7290008801157,false,מרלו סלקטד כרמל מזרחי 750 מל,קריות זול,IL,יין סלקטד מרלו 750 מ,,750.00,,false,,28.90,0.0385,true,1,95322
7290008801461,false,"יין הנצחון לקידוש, 750 מ""ל",יקבי כרמל Carmel Winery,,יין הניצחון 750מל,,750.00,100 גרם,false,,19.90,0.0265,true,1,95328
7290008801478,false,יין טופז זהב אדום מת,קריות זול,,יין טופז זהב 750מל,,750.00,100 גרם,false,,19.90,0.0265,true,1,95329
7290008801522,false,"יין קינג דיויד קונקורד אדום 750 מ""ל",אגודת הכורמים הקואופ,IL,יין קינג דיוויד לבן,,750.00,,false,,19.90,0.0265,true,1,95330
7290008801539,false,כרמל קינג דיוויד מתוק כרמל 750 מל,אגודת הכורמים הקואופ,IL,יין קינג דיוויד מתוק,,750.00,,false,,19.90,0.0265,true,1,95331
7290008801546,false,"יין מוסקט קינג דויד 750 מ""ל",אגודת הכורמים הקואופ,IL,יין קינג דיוויד מוסק,,750.00,100 גרם,false,,19.90,0.0265,true,1,95332
7290008801843,false,"יין סלקטד קברנה סובניון 750מ""ל","כד בני דרום בע""מ",IL,יין סלקטד קברנה סובי,,750.00,,false,,28.90,0.0385,true,1,95334
7290008801850,false,"יין סלקטד אמרלד ריזלינג 750מ""ל",אגודת הכורמים הקואופ,IL,יין סלקטד אמרלד ריזל,,750.00,,false,,28.90,0.0385,true,1,95335
7290008802291,false,"יין מרלו פרייוט קולקשן 750 מ""ל",אגודת הכורמים הקואופ,IL,יין מרלו פריווט קולק,,750.00,,false,,39.90,0.0532,true,1,95336
7290008802529,false,"יין לבן חצי יבש וינו 750 מ""ל",קריות זול,IL,יין וינו לבן יבש 750,,750.00,,false,,19.90,0.0265,true,1,95338
7290008802895,false,יין קברנה סוביניון פרייוט קולקשן,אגודת הכורמים הקאופו,IL,יין קברנה סוביניון פ,,750.00,,false,,39.90,0.0532,true,1,95339
7290008804332,false,שיראז אדום יבש פריווט קולקשיין 750מל,אגודת הכורמים הקואופ,IL,יין שיראז אדום יבש פ,,750.00,100 גרם,false,,39.90,0.0532,true,1,95350
7290008805520,false,"יין סלקטד קברנה מרלו 750מ""ל","כד בני דרום בע""מ",IL,יין סלקטד קברנה סובנ,,750.00,100 גרם,false,,28.90,0.0385,true,1,95375
7290008835763,false,בשר ראש ארגנטיני חלק,,,בשר ראש ארגנטיני חלק,קילוגרמים,1.00,"ק""ג",true,,59.90,59.9000,true,1,195988
7290008835992,false,"פילה נסיכת הנילוס פרוס בד""ץ.",,,פילה נסיכת הנילוס פר,קילוגרמים,1.00,"ק""ג",true,,69.90,69.9000,true,1,186636
7290008849845,false,ממרח אוליביה אריסה פיקנטי 180 ג',"אוליביה גרומה בע""מ",IL,אריסה פיקנטית אוליבי,,140.00,,false,,12.90,0.0921,true,1,168297
7290008925853,false,מרלוזה פילה ארגנטיני,,,מרלוזה פילה ארגנטיני,קילוגרמים,1.00,"ק""ג",true,,34.90,34.9000,true,1,195545
7290008975780,false,מזון לכלבים מגזע קטן,קריות זול,FR,בונזו גזע קטן 3קג,קילוגרמים,3.00,"ק""ג",false,,55.90,18.6333,true,1,101083
7290010023141,false,תה לימונענע הגן הקסום 25 שיקיקים,קריות זול,IL,תה לימונענע הגן הקסו,,50.00,,false,,19.90,0.3980,true,1,107234
7290010051021,false,בזיליקום,,,בזיליקום,יחידה,0.00,יחידה,false,,5.90,0.0000,true,1,121336
7290010051045,false,סלט ביבי מיקס בנספק,חקלאי,IL,סלט ביבי מיקס בנספק,יחידה,0.00,יחידה,false,,8.90,0.0000,true,1,121332
7290010051052,false,פטרוזליה,,,פטרוזליה,יחידה,0.00,יחידה,false,,3.90,0.0000,true,1,96216
7290010051076,false,לבבות קיסר,,,לבבות חסה,יחידה,0.00,יחידה,false,,9.90,0.0000,true,1,174012
7290010051113,false,טימין קורנית ארוז,חקלאי,IL,קורנית (טימין),יחידה,0.00,יחידה,false,,5.90,0.0000,true,1,121339
7290010051120,false,מרווה 70 ג',,,מרווה,יחידה,0.00,יחידה,false,,5.90,0.0000,true,1,121340
7290010051144,false,תרד עלים 180גר,,,תרד עלים 180גר,,180.00,100 גרם,false,,8.90,0.0494,true,1,121342
7290010051168,false,כוסברה ארוז,חקלאי,IL,כוסברה,יחידה,0.00,יחידה,false,,3.90,0.0000,true,1,121321
7290010051175,false,כוסברה/שמיר ארוז,,,כוסברה/שמיר ארוז,,1000.00,100 גרם,false,,3.90,0.0039,true,1,96217
7290010051182,false,נענע ארוזה,,,נענע ארוזה,יחידה,0.00,יחידה,false,,3.90,0.0000,true,1,96218
7290010051199,false,שורש פטרוזיליה,,,שורש פטרוזיליה,יחידה,0.00,יחידה,false,,3.90,0.0000,true,1,121323
7290010051205,false,סלרי אמריקאי.,,,סלרי אמריקאי.,,200.00,100 גרם,false,,5.90,0.0295,true,1,121324
7290010051212,false,סלרי ראש ארוז,,,סלרי ראש,יחידה,0.00,יחידה,false,,5.90,0.0000,true,1,121325
7290010051267,false,פרסה לוף שלם,חקלאי,IL,פרסה לוף שלם,יחידה,0.00,יחידה,false,,7.90,0.0000,true,1,127410
7290010051298,false,סלק עלים ארוז,,,סלק עלים ארוז,יחידה,0.00,יחידה,false,,6.90,0.0000,true,1,121326
7290010051311,false,סלרי חתוך,,,סלרי חתוך,,110.00,,false,,5.90,0.0536,true,1,174013
7290010051335,false,בצל ירוק,,,בצל ירוק,,110.00,100 גרם,false,,4.90,0.0445,true,1,121333
7290010051373,false,לבבות חסה א.אדמה,,,לבבות חסה א.אדמה,יחידה,0.00,יחידה,false,,9.90,0.0000,true,1,174014
7290010051403,false,סלרי אמריקאי ארוז,חקלאי,IL,שיבה,יחידה,0.00,יחידה,false,,5.90,0.0000,true,1,121345
7290010051687,false,רוזמרין ארוז,,,רוזמרין,יחידה,0.00,יחידה,false,,5.90,0.0000,true,1,129966
7290010065318,false,פרינוק - ג'וניור תפוחי עץ 190 גרם,פרינוק,CZ,פרינוק מחית גוניור ת,,190.00,100 גרם,false,,6.50,0.0342,true,1,104702
7290010065349,false,פרינוק גרבר גוניור סלט פירות 190 גר',כלורוקס אוקלנד,CZ,פרינוק מחית גוניור ס,,190.00,100 גרם,false,,6.50,0.0342,true,1,104705
7290010065721,false,פרינוק - מחית לפתן פירות 130 גרם,fruta,CZ,פרינוק מחית לפתן פיר,,130.00,,false,,4.90,0.0377,true,1,172844
7290010066513,false,נתחי טונה בשמן צמחי רביעיה *158ג' פילטונה,,,נתחי טונה בשמן פילטו,,632.00,,false,,22.90,0.0362,true,1,118907
7290010066575,false,נתחי טונה במים רביעיה *158ג' פילטונה,,,נתחי טונה במים פילטו,,632.00,,false,,22.90,0.0362,true,1,118910
7290010066582,false,נתחי טונה בשמן קנולה רביעיה * 158 ג' פילטונה,,,נתחי טונה בשמן קנולה,,632.00,,false,,22.90,0.0362,true,1,118911
7290010066957,false,נתחי טונה קטנה בשמן צמחי 960ג' פרינס,,,טונה פרינס בשמן 960ג,,960.00,100 גרם,false,,29.90,0.0311,true,1,121008
7290010116980,false,אבקת שוקולית שקית עלית 850 ג',הנסיך- מפעל לייצור ט,IL,שוקולית עלית 850גר,,820.00,,false,,17.90,0.0218,true,1,110299
7290010117864,false,דוריטוס בטעם חריף אש,שטראוס פריטו ליי בע,IL,דוריטוס חריף אש 70גר,,70.00,,false,,4.40,0.0629,true,1,103679
7290010117970,false,סבבה בוטנים קלויים מצופים - אריזה אישית,"שטראוס פריטו ליי בע""",IL,בוטנים טבעי 50 גרם,,50.00,,false,,3.40,0.0680,true,1,170943
7290010118328,false,מארז תפוצ'יפס בטעם טבעי,שטראוס,IL,תפוציפס טעם טבעי מאר,,240.00,,false,,15.20,0.0633,true,1,120437
7290010124213,false,סינטה בקר דק דק אל מטאדור 250 ג',בלאדי,IL,סינטה בקר דק דק אל מ,,250.00,100 גרם,false,,19.90,0.0796,true,1,170483
7290010163069,false,צנובר שקדיה 100 גר,אף.סי תבליני בגליל ב,IL,צנובר 100גרם,,100.00,100 גרם,false,,19.90,0.1990,true,1,137599
7290010173044,false,"יין בר הרי גליל מרלו 750 מ""ל",יקב הרי גליל,IL,יין הרי גליל מרלו 75,,750.00,,false,,39.90,0.0532,true,1,95937
7290010175840,false,לבבות דקל שלמים במי מלח,אינאקספו,UY,לבבות דקל שלם 400גר,,400.00,100 גרם,false,,12.90,0.0323,true,1,172892
7290010176229,false,נודלס בטעם בקר בכוס 65 גר' טעמן,זיזיאנג גרין הום פוד,CN,נודלס בטעם בשר 65 גר,,65.00,100 גרם,false,,5.90,0.0908,true,1,172895
7290010176236,false,נודלס בטעם ירקות בכוס 65 גר' טעמן,זיזיאנג גרין הום פוד,CN,נודלס בטעם ירקות 65ג,,65.00,100 גרם,false,,5.90,0.0908,true,1,172896
7290010176243,false,נודלס בטעם סיני בכוס 65 גר' טעמן,זיזיאנג גרין הום פוד,CN,נודלס בטעם פיקנטי 65,,65.00,,false,,5.90,0.0908,true,1,172897
7290010176793,false,סוכריות מיני רולים 375 ג,גואנגדונג צאואן פוד,CN,סוכריות מיני רולס זא,,365.00,,false,,19.90,0.0545,true,1,172898
7290010192120,false,צנונית ארוזה 400 גרם,חקלאי,IL,צנונית ארוזה,יחידה,0.00,יחידה,false,,4.90,0.0000,true,1,166145
7290010259823,false,מנת השף מרק עם נודלס טעם עוף בדץ 70ג,נמצ'או(תאילנד) בעמ,TH,נודלס בטעם עוף מנת ה,,70.00,100 גרם,false,,5.90,0.0843,true,1,100215
7290010259830,false,מנת השף נודלס בסגנון סיני פיקנטי,נמצ'או(תאילנד) בעמ,TH,נודלס סגנון סיני פיק,,70.00,100 גרם,false,,5.90,0.0843,true,1,100216
7290010259854,false,מנת השף נודלס בטעם פטריות בדץ 70ג,נמצ'או(תאילנד) בעמ,TH,נודלס בטעם פטריות מנ,,70.00,100 גרם,false,,5.90,0.0843,true,1,100218
7290010328178,false,חלבה מסולסלת שערות אחוה 250 ג',אחדות ביחר לטחינה חל,IL,חלבה מסולסלת אחווה 2,,250.00,100 גרם,false,,11.90,0.0476,true,1,115861
7290010328246,false,טחינה גולמית שומשום מלא אחווה 500 ג',,IL,טחינה משומשום מלא 50,,500.00,,false,,12.90,0.0258,true,1,127512
7290010328253,false,טחינה משומשום טבעי 500 גר מהדרין,"אחדות ביח""ר בעמ",IL,טחינה גולמית 500 גרם,,500.00,,false,,11.90,0.0238,true,1,97499
7290010328727,false,ממרח טחינה עם שוקולד אחווה 400 ג',אחדות ביחר לטחינה חל,IL,ממרח טחינה עם שוקולד,,400.00,,false,,10.90,0.0273,true,1,138693
7290010328734,false,ממרח טחינה עם סילאן משומשום מלא,אחדות ביחר לטחינה חל,IL,ממרח טחינה עם סילאן,,400.00,,false,,10.90,0.0273,true,1,139312
7290010328819,false,"ממרח טחינה עם שוקולד לל""ס 400 ג' אחדות!.",אחדות ביחר לטחינה חל,IL,ממרח טחינה עם שוקולד,,400.00,100 גרם,false,,10.90,0.0273,true,1,160588
7290010328895,false,מאפין בטעם שוקולד45 גרם אחוה,אחדות ביחר לטחינה חל,IL,מאפין שוקולד 45גר,,45.00,,false,,2.90,0.0644,true,1,162282
7290010328901,false,מאפין בטעם וניל 45 גרם אחוה,אחדות ביחר לטחינה חל,IL,מאפין בטעם וניל 45גר,,45.00,100 גרם,false,,2.90,0.0644,true,1,163306
7290010429554,false,"שמן זית כתית מעולה יד מרדכי 2 קלאסי, 750 מ""ל",מכוורת יד מרדכי שטרא,IL,שמן זית כתית מעולה ח,,750.00,100 גרם,false,,35.90,0.0479,true,1,110328
7290010454051,false,מפיות טרנדי תלת-שכבת,,,מפיות טרנדי תלת-שכבת,יחידה,0.00,יחידה,false,,6.90,0.0000,true,1,115867
7290010471669,false,יוגורט תות עם קורנפלקס מצופה שוקולד ללא גלוטן 3.9%,"שטראוס בריאות בע""מ",IL,דנונה בר תות קורנפלק,,173.00,,false,,5.10,0.0295,true,1,110343
7290010472307,false,מארז 8 יחידות משקה גמדים בטעם תות בננה,מיוצר עי קונדיטוריית,IL,מארז שמינייה גמדים ת,,800.00,100 גרם,false,,22.50,0.0281,true,1,110351
7290010472390,false,מארז 8 יחידות מעדן דני בטעם שוקולד 1.5%,מיוצר עי קונדיטוריית,IL,דני שוקולד מארז 8*12,,1000.00,100 גרם,false,,17.90,0.0179,true,1,110354
7290010513703,false,מזרח ומערב צ'ופסטיקס צפצפה,גולין פנגזו,CN,מקלות צ'ופסטיקס 20יח,יחידה,0.00,יחידה,false,,7.90,0.0000,true,1,97765
7290010513727,false,פנקו פרורי לחם יפניי,קינגדאו גוניון פודס,CN,פירורי לחם פנקו 200ג,,200.00,,false,,8.90,0.0445,true,1,129923
7290010613526,false,דלי מטליות לניקוי וח,,,דלי מטליות לניקוי וח,יחידה,0.00,יחידה,false,,10.90,0.0000,true,1,190527
7290010613953,false,דלי מטליות לניקוי וחיטוי בניחוח מלון בוטיק 250 יח' טאצ',סאסאטק,IL,דלי מטליות לניקוי וח,יחידה,0.00,יחידה,false,,10.90,0.0000,true,1,191497
7290010711086,false,סופר מגבת מבד,,,סופר מגבת מבד,יחידה,0.00,יחידה,false,,19.90,0.0000,true,1,120390
7290010711109,false,מטלית מיקרופייבר לרצ,,,מטלית מיקרופייבר לרצ,יחידה,0.00,יחידה,false,,7.90,0.0000,true,1,121498
7290010711123,false,"ננס רביעיה ""שייני"" ח",,,"ננס רביעיה ""שייני""",יחידה,0.00,יחידה,false,,6.90,0.0000,true,1,111455
7290010711208,false,שייני גליל מטליות צהוב 33 יח',,,מטליות שיאני בגליל,,33.00,,false,,17.90,0.5424,true,1,111456
7290010711932,false,שייני מטליות אינטנסיב רב שימושית 9 יח',,,מטליות רב שימושיות 9,,9.00,,false,,9.90,1.1000,true,1,121808
7290010718634,false,"פנינה רוזנבלום -אל סבון נוזלי לבן,1 ליטר",,,אל סבון לבן פנינה רו,,1000.00,100 גרם,false,,10.90,0.0109,true,1,178795
7290010814701,false,שוקולד חלב ללא תוספת סוכר וסטהיים,כרמית תעשיות ממתקים,IL,שוקולד חלב ללא סוכר,,85.00,,false,,6.90,0.0812,true,1,127006
7290010849512,false,יין למברוסקו די לואיג'ירוזטו אמבילה,פארייפאבה אגרואינדוס,IT,למברוסקו די לואיג'י,,750.00,,false,,31.90,0.0425,true,1,119108
7290010903917,false,שניצל תירס שף הטבע 1,משק ויילר,IL,"שניצל תירס בד""ץ 1 ק""",,1000.00,,false,,21.90,0.0219,true,1,179438
7290010903931,false,כוכבי תירס שף הטבע 1,משק ויילר,IL,"כוכבי תירס בד""ץ 1ק""ג",,1000.00,100 גרם,false,,21.90,0.0219,true,1,180144
7290010922017,false,"אננס קפוא 250 גרם בד""ץ עדה חרדית",,,"אננס קפוא בד""ץ 250 ג",,250.00,100 גרם,false,,11.90,0.0476,true,1,194414
7290010922949,false,תות שדה קפוא 250 ג - Shake It,,,תות שדה קפוא 250 גרם,,250.00,100 גרם,false,,11.90,0.0476,true,1,193222
7290010931330,false,סלט מטבוחה אחלה 500ג,מיוצר עי קונדיטוריית,IL,סלט מטבוחה אחלה 500ג,,500.00,,false,,16.90,0.0338,true,1,110370
7290010945146,false,קוטג' 3% מועשר בסידן טרה 250 ג' מהדרין,קריות זול,IL,קוטג מועשר 3% 250גר,,250.00,100 גרם,false,,6.20,0.0248,true,1,104157
7290010945450,false,טרה גבינה לבנה מהדרין 3% 250ג,קריות זול,IL,גבינה לבנה מהדרין 3%,,250.00,100 גרם,false,,4.98,0.0199,true,1,104167
7290010945481,false,גבינה לבנה 5% שומן 500 ג' טרה,קריות זול,IL,גבינה לבנה 5% טרה 5,,500.00,,false,,9.96,0.0199,true,1,104169
7290011017866,false,קוקה קולה קלאסי בפחית,החברה המרכזית לייצור,IL,קוקה קולה סליק 330מל,,330.00,100 גרם,false,,6.50,0.0197,true,1,127278
7290011017873,false,"קוקה קולה זירו פחית 330 מ""ל",החברה המרכזית לייצור,IL,קוקה קולה זירו סילק,,330.00,,false,,6.50,0.0197,true,1,127279
7290011018443,false,"פנטה אורנג פחית סליק 330 מ""ל",החברה המרכזית לייצור,IL,פאנטה אורנג' סליק 33,,330.00,,false,,6.50,0.0197,true,1,133515
7290011022457,false,תבנית 90 ארוז 8 ר2,,,תבנית 90 ארוז 8 ר2,יחידה,0.00,יחידה,false,,9.90,0.0000,true,1,186589
7290011022464,false,תבנית 210 ר99 ארוז 4,,,תבנית 210 ר99 ארוז 4,יחידה,0.00,יחידה,false,,9.90,0.0000,true,1,186590
7290011022921,false,תבנית 105 ארוז 8יח',,,תבנית 105 ארוז 8יח',יחידה,0.00,יחידה,false,,9.90,0.0000,true,1,186592
7290011115289,false,אל סבון מוצק מבושם בניחוח עדין קלאסיק - מארז רביעיה,"גליל כימיכלים בע""מ",IL,נקה 7 סבון מוצק לילך,,400.00,100 גרם,false,,11.90,0.0298,true,1,109694
7290011126209,false,תה הגן הקסום תפוח וקינמון - סיידר 25 שקיקים,קריות זול,IL,תה תפוח וקינמון סייד,,55.00,100 גרם,false,,19.90,0.3618,true,1,107247
7290011126452,false,תה הגן הקסום קמומיל ונענע 25 יח',קריות זול,IL,תה הגן הקסום קמומיל,,37.50,100 גרם,false,,19.90,0.5307,true,1,107255
7290011126469,false,תה קמומיל ודבש 1.5ג' *25 שקיקים,קריות זול,IL,תה קמומיל ודבש הגן ה,,37.50,,false,,19.90,0.5307,true,1,107256
7290011126940,false,תה ירוק בתוספת מרווה 25 שקיקים,ויסוצקי ירוק,IL,תה ירוק בתוספת מרווה,,37.50,100 גרם,false,,25.90,0.6907,true,1,107267
7290011126957,false,תה יסוצקי ירוק ארל גריי 25 יח',ויסוצקי ירוק,IL,תה ירוק ארל גריי 25י,,37.50,100 גרם,false,,25.90,0.6907,true,1,107268
7290011164164,false,לקקן סודה טעמן 40 יח,גואנגדונג צאואן פוד,CN,"לקקן סודה זאזא בד""ץ",,320.00,100 גרם,false,,19.90,0.0622,true,1,172901
7290011174866,false,צ'יפס בטטה 700 ג' פרי הגליל,פרי הגליל,IL,צ'יפס בטטה קפוא 700ג,,700.00,100 גרם,false,,17.90,0.0256,true,1,176393
7290011174897,false,אפונה עדינה פרי הגליל 600ג',"פרי הגליל בע""""מ",IL,אפונה עדינה 600גר,,600.00,100 גרם,false,,12.90,0.0215,true,1,173593
7290011194215,false,מעדן גבינה ויוגורט בטעם בננה 5% שומן 88 ג' דניאלה,"שטראוס בריאות בע""מ",IL,דניאלה מעדן בטעם בננ,,150.00,100 גרם,false,,4.10,0.0273,true,1,110391
7290011194246,false,קוטג שטראוס 5% עם סידן 250ג,מיוצר עי קונדיטוריית,IL,גבינת קוטג׳ 5% שטראו,,250.00,,false,,5.90,0.0236,true,1,110392
7290011236649,false,שקדיה שוקולד צ'יפס בלגי 300 ג',קריות זול,,נטיפי שוקולד צ'יפס א,,300.00,,false,,9.90,0.0330,true,1,187034
7290011254254,false,נטיפים צמקאו בטעם שוקולד,מיה תעשיות מזון,IL,נטיפי שוקולד 300 גרם,,300.00,,false,,9.90,0.0330,true,1,154895
7290011254452,false,סוכריות מנטה ללא סוכר 80גרם,מיה תעשיות מזון,IL,סוכריות ללא סוכר מנט,,80.00,,false,,5.90,0.0738,true,1,179827
7290011254476,false,סוכריות תפוח דובדבן ללא סוכר 80גרם,מיה תעשיות מזון,IL,סוכריות ללא סוכר תפו,,80.00,100 גרם,false,,5.90,0.0738,true,1,179848
7290011254490,false,סוכריות פירות יער ללא סוכר 80גרם,מיה תעשיות מזון,IL,סוכריות ללא סוכר פיר,,80.00,,false,,5.90,0.0738,true,1,179850
7290011254728,false,ג'לטין טהור 25גרם בקרטונית,מיה תעשיות מזון,IL,גלטין טהור מיה 25 גר,,25.00,,false,,10.90,0.4360,true,1,154896
7290011379018,false,פטריות טריות מיקס מרינה זוגי 250X2ג',"מרינה פטריות הגליל בע""מ",IL,פטריות צמד חמד איטלק,,500.00,100 גרם,false,,15.90,0.0318,true,1,96101
7290011431037,false,"כוס קרטון OZ 12 איכותי ח""פ 50 יח'",,,כוסות נייר 12 אוז 50,יחידה,0.00,יחידה,false,,19.90,0.0000,true,1,186163
7290011431495,false,"אלכוהול 100 סמ""ק ר.ש",,,"אלכוהול 100 סמ""ק ר.ש",יחידה,0.00,יחידה,false,,4.90,0.0000,true,1,193365
7290011431853,false,מפות שמיניה עבה קריסטלי ר.שמאי,,,מפות שמיניות עבה כתו,יחידה,0.00,יחידה,false,,7.90,0.0000,true,1,186583
7290011489595,false,טופז קרקר שומשום 110גר,אפיפית נצרת,IL,קרקר טופז שומשום 110,,110.00,,false,,3.50,0.0318,true,1,132584
7290011489601,false,קרקר טופז בטעם בצל ה,אפיפית נצרת,IL,קרקר טופז בצל 110גר,,110.00,,false,,3.50,0.0318,true,1,132585
7290011499051,false,פטה כבשים מסורתית 20% בגביע 250 גרם - רובין,MKN עבור מחלבות גד ב,IL,פטה כבשים גביע 20% 2,,250.00,100 גרם,false,,28.90,0.1156,true,1,95571
7290011499105,false,בולגרית מסורתית 5% 250 גרם -רבנות,ג'נרל מילס סאן אדריא,IL,בולגרית 5% 250גר מחל,,250.00,100 גרם,false,,23.90,0.0956,true,1,95575
7290011499112,false,בולגרית מסורתית 16% 250 גרם - רבנות,"מיוצר ע""י dsh",IL,בולגרית 16% 250גר מח,,250.00,,false,,23.90,0.0956,true,1,95576
7290011499303,false,פטה עיזים מעודנת 5% בגביע 250 גרם - רבנות,ג'נרל מילס סאן אדריא,IL,בולגרית עיזים מעודנת,,250.00,,false,,31.90,0.1276,true,1,95585
7290011499327,false,גבינה בולגרית מעודנת 5% 250 גרם - רבנות,מיוצר על ידי DSH עבו,IL,בולגרית בקר מעודנת 2,,250.00,100 גרם,false,,23.90,0.0956,true,1,95587
7290011499365,false,גד חלומי 24% 200 גרם רובין,"מחלבות גד בע""מ",IL,גבינת חלומי מחלבות ג,,200.00,100 גרם,false,,22.70,0.1135,true,1,95591
7290011499419,false,גבינה במרקם שמנת בטעם טבעי 5% ניו יורק,מחלבות גד,IL,קרם שמנת ניו יורק טב,,200.00,,false,,13.90,0.0695,true,1,168219
7290011499624,false,שמנת 30% ניו יורק טבעי 200 גרם רבנות,מחלבות גד,IL,גבינת שמנת ניו יורק,,200.00,100 גרם,false,,13.90,0.0695,true,1,117125
7290011515911,false,שלגונים מופחתי קלוריות בטעם ריבת חלב - 6 יח',גלידות נסטלה (נגה גל,IL,מאגדת לייט ריבת חלב,,312.00,100 גרם,false,,29.90,0.0958,true,1,103496
7290011518561,false,"אקטימל תות משפחתי מארז 14X100מ""ל",מיוצר עי קונדיטוריית,IL,אקטימל תות משפחתי 14,,1400.00,100 גרם,false,,32.90,0.0235,true,1,110467
7290011530532,false,מיקס פירות קפואים שייק איט ירוק - 3*150 ג',"הבו-קדו בע""מ",IL,שייק איט פירות קפואי,,450.00,100 גרם,false,,29.90,0.0664,true,1,186667
7290011530549,false,מיקס פירות קפואים שייק איט ורוד - 3*150 ג',"הבו-קדו בע""מ",IL,שייק איט פירות קפואי,,450.00,100 גרם,false,,29.90,0.0664,true,1,186668
7290011570132,false,תחליף קמח ללא גלוטן,אשבל מזון פונקציונלי,IL,"קמח ללא גלוטן 1ק""ג",,1000.00,100 גרם,false,,19.90,0.0199,true,1,116069
7290011587833,false,חצאי עגבניות מיובשות מתובלות בשמן חמניות ועשבי תיבול,Sunto gida sun ve ti,,עגבניות חצויות מיובש,,340.00,,false,,12.90,0.0379,true,1,171863
7290011598211,false,"סנו - אנטי קאלק מרסס ניקוי כללי 4 ב-1 700 מ""ל",מיוצר עי קונדיטוריית,IL,סנו אנטי קאלק ניקוי,,700.00,100 גרם,false,,19.90,0.0284,true,1,102201
7290011598259,false,"סנו - פרש מילוי למטהר אוויר מאסק 250 מ""ל",סנו מפעלי ברונוס בעמ,IL,מטהר אוויר פרש אוטומ,יחידה,0.00,יחידה,false,,15.90,0.0000,true,1,178358
7290011607180,false,"קולון 101 לכביסה 1.25 ק""ג",ריקט בנקיזר ( ניר אי,IL,קולון 101כתמים אבקת,קילוגרמים,1.25,"ק""ג",false,,10.90,8.7200,true,1,113164
7290011607197,false,"אבקת כביסה קולון 5 ק""ג",רקיט בנקיזר,IL,קולון 101כתמים אבקת,קילוגרמים,5.00,"ק""ג",false,,34.90,6.9800,true,1,113165
7290011732172,false,שרשרת 24 יח שקית משפחתית מהדרין,גואנגדונג צאואן פוד,CN,סוכריות שרשרת טעמן 2,יחידה,0.00,יחידה,false,,19.90,0.0000,true,1,172908
7290011732189,false,צמיד 48 יח שקית משפחתית מהדרין,גואנגדונג צאואן פוד,CN,סוכריות צמיד טעמן 48,יחידה,0.00,יחידה,false,,19.90,0.0000,true,1,172909
7290011800840,false,טחינה בלאדי רפי כהן 400 ג' צבר,סלטי צבר,IL,טחינה בלאדי צבר 400ג,,400.00,,false,,16.90,0.0422,true,1,99696
7290011877101,false,מבשם אוויר נטול גז מאסק,מיוצר עי קונדיטוריית,IL,סנו מוד מאסק הקולקצי,,150.00,,false,,12.90,0.0860,true,1,102234
7290011877859,false,סנו אינסטלטור חדש פותח סתימות 200ג',מיוצר עי קונדיטוריית,IL,*מבצע* סנו אינסטלטור,,200.00,100 גרם,false,,11.90,0.0595,true,1,102248
7290011877866,false,אבקת כביסה סנו מקסימה בניחוח Musk,"איי, בי, אינבוו",IL,סנו מקסימה מאסק אבקת,קילוגרמים,6.00,"ק""ג",false,,49.90,8.3167,true,1,102249
7290011964344,false,תבלין שום גבישי 120 ג',תות ממתקי איכות,IL,שום גבישי 120גר,,120.00,,false,,11.90,0.0992,true,1,118688
7290011964658,false,תבלין מלח לימון טעם,תות ממתקי איכות,IL,מלח לימון 170גר,,170.00,,false,,9.90,0.0582,true,1,118699
7290011964689,false,תבלין תיבול על האש ללא מונוס' 100ג',תות ממתקי איכות,IL,תיבול על האש ללא מונ,,100.00,100 גרם,false,,9.90,0.0990,true,1,118700
7290011964702,false,תבלין תיבול לשווארמה ללא מונוסו' 100ג',תות ממתקי איכות,IL,תיבול לשווארמה ללא מ,,100.00,,false,,9.90,0.0990,true,1,118701
7290011977627,false,סרדינים בשמן צמחי 125 גר',טעים,MA,סרדין בשמן צמחי 125,,125.00,,false,,6.90,0.0552,true,1,130436
7290011977634,false,סרדינים פלפל חריף 125ג - רובין טעים,טעים,MA,סרדין פלפל חריף 125,,125.00,100 גרם,false,,6.90,0.0552,true,1,172911
7290011977641,false,סרדינים בלימון 125 גרם - רובין טעים,טעים,MA,סרדין בלימון 125 גר,,125.00,100 גרם,false,,6.90,0.0552,true,1,172912
7290011977665,false,טעים סרדינים ברוטב עגבניות 125 גר,טעים,MA,סרדין ברוטב עגבניות,,125.00,100 גרם,false,,6.90,0.0552,true,1,130439
7290012019043,false,שום צעיר כבוש צנצנת,Qingdao canned foods,,שום צעיר כבוש צנצנת,,330.00,,false,,9.90,0.0300,true,1,171867
7290012019050,false,שום צעיר ושיני שום כבושים בחומץ,Qingdao canned foods,,שום צעיר וציפורן צנצ,,330.00,100 גרם,false,,9.90,0.0300,true,1,171868
7290012019265,false,"רסק תפו""ע דיאט תומר מארז 113X4ג'",Cherry growers inc,,"מחית תפו""ע ללא סוכר",,452.00,100 גרם,false,,11.90,0.0263,true,1,97971
7290012019272,false,"רסק תפו""ע וקינמון תומר מארז113X4ג'",Cherry growers inc,,"מחית תפו""ע עם קינמון",,452.00,100 גרם,false,,11.90,0.0263,true,1,97972
7290012022203,false,פריכיות קליליות חיטה,דילייט,,קליליות (פריכיות) חי,,100.00,100 גרם,false,,14.90,0.1490,true,1,133675
7290012022227,false,פריכיות קליליות בטעם,דילייט,,קליליות (פריכיות) חי,,100.00,,false,,12.90,0.1290,true,1,133676
7290012022272,false,פריכיות קליליות קידס,דילייט,,קליליות קידס 30גר,,30.00,100 גרם,false,,11.90,0.3967,true,1,164140
7290012025822,false,סלט סלק אסלי 400 גרם,סלטי שמיר 2006 בעמ,IL,סלק אסלי 400גר,,400.00,100 גרם,false,,13.90,0.0348,true,1,136950
7290012025839,false,מטבוחה שמיר אסלי 400 גרם,סלטי שמיר 2006 בעמ,IL,מטבוחה אסלי 400גר,,400.00,,false,,13.90,0.0348,true,1,136951
7290012116261,false,"סנו מדיק ג'ל לניקוי ידיים 500 מ""ל",גוד פוד פרודקטס S.p,IL,סנומדיק ג'ל לחיטוי י,,500.00,,false,,29.90,0.0598,true,1,185931
7290012117039,false,מסיר אבנית ומנקה לאמבטיה 00,סנו,IL,נוזל 00 לאמבטיה 1ליט,,1000.00,,false,,8.90,0.0089,true,1,102296
7290012117091,false,אבקת -כביסה סנו מקסימה סנסיטיב 6 קג,סנו מקסימה,IL,סנו מקסימה אבקת כביס,קילוגרמים,6.00,"ק""ג",false,,49.90,8.3167,true,1,102300
7290012117534,false,סנו - מקסימה מרכך כביסה מרוכז קול 1 ליטר,"סנו מפעלי ברונוס בע""",IL,סנו מקסימה קומפקט 1ל,,1000.00,100 גרם,false,,18.90,0.0189,true,1,102311
7290012117541,false,מרכך כביסה מקסימה קומפקט צהוב 1 ל' סנו,סנו מקסימה,IL,סנו מקסימה קומפקט צה,,1000.00,,false,,18.90,0.0189,true,1,102312
7290012117558,false,מרכך כביסה קומפקט מאסק ורוד סנו מקסימה 1 ל',"סנו מפעלי ברונוס בע""",IL,סנו מקסימה קומפקט מא,,1000.00,,false,,18.90,0.0189,true,1,102313
7290012117732,false,סנו - מקסימה מרכך כביסה קול שחור 4 ליטר,"סנו מפעלי ברונוס בע""",IL,סנו מקסימה מרכך כביס,ליטרים,4.00,ליטר,false,,22.90,5.7250,true,1,102323
7290012117916,false,סנו אינסטלאטור פותח סתימות נוזלי 1 ל',"סנו מפעלי ברונוס בע""",IL,סנו אינסטלטור נוזל 1,,1000.00,,false,,29.90,0.0299,true,1,102328
7290012226014,false,נקניקיות וינר זוגלובק 800 גרם,נקניק נהריה כשר זוגל,,נקניקיות וינר זוגלוב,,800.00,,false,,22.90,0.0286,true,1,117058
7290012226021,false,סלמי מעושן פראג יבש 400 ג' זוגלובק,נקניק נהריה כשר זוגל,IL,*מבצע* סלמי מעושן פר,,400.00,100 גרם,false,,15.90,0.0398,true,1,106756
7290012226120,false,קבנוס זוגלובק 135גר,נקניק נהריה כשר זוגל,IL,קבנוס זוגלובק 135גר,,135.00,,false,,11.90,0.0881,true,1,118178
7290012226922,false,קבנוס בטעם שום 135 ג' זוגלובק,נקניק נהריה כשר זוגל,IL,קבנוס בטעם שום זוגלו,,135.00,,false,,11.90,0.0881,true,1,119642
7290012226939,false,קבנוס עם צ'ילי חריף 135ג' זוגלובק,נקניק נהריה כשר זוגל,IL,קבנוס בטעם צילי זוגל,,135.00,,false,,11.90,0.0881,true,1,119643
7290012226991,false,"נקניקיות עוף באריזת ג''מבו 1.5 ק""ג זוגלובק",נקניק נהריה כשר זוגל,IL,*מבצע* נקניקיות בארי,,1000.00,100 גרם,false,,25.90,0.0259,true,1,184247
7290012227325,false,סלמי דק דק מעושן איטלקי 120 ג' זוגלובק,זוגלובק,IL,סלמי מעושן דק דק 120,,120.00,100 גרם,false,,14.90,0.1242,true,1,166664
7290012227400,false,נקניקיות עוף זוגלובק 800 גרם,נקניק נהריה כשר זוגל,,נקניקיות עוף זוגלובק,,800.00,,false,,22.90,0.0286,true,1,159031
7290012227912,false,קבנוס עודן 135 ג' זוגלובק,זוגלובק,,קבנוס מעודן זוגלובק,,135.00,,false,,11.90,0.0881,true,1,139555
7290012227974,false,פסטרמה הודו בדבש טהור דק דק דק,זוגלובק,IL,פסטרמה בדבש דק דק 12,,120.00,100 גרם,false,,14.90,0.1242,true,1,166665
7290012227981,false,פסטרמה דק דק ברביקיו 120 ג' זוגלובק,זוגלובק,IL,פסטרמה ברביקיו דק דק,,120.00,100 גרם,false,,14.90,0.1242,true,1,166666
7290012227998,false,פסטרמה דק דק חזה בקר 120 ג' זוגלובק,זוגלובק,IL,חזה בקר דק דק 120גר,,120.00,,false,,14.90,0.1242,true,1,166667
7290012228124,false,קבנוס סטיקס עם נגיעות מלח ים סדרת ריינהולד'ס,זוגלובק,IL,קבנוס סטיקס זוגלובק,,50.00,,false,,9.90,0.1980,true,1,165970
7290012228261,false,נקנקיות קנקרס הודו ועוף ריינהולד'ס זוגלובק 300 ג',זוגלובק,IL,נקניקיות הודו פרמיום,,300.00,100 גרם,false,,19.90,0.0663,true,1,168965
7290012228278,false,נקנקיות בוקוורסט עוף ובקר ריינהולד'ס 310 ג' זוגלובק,זוגלובק,IL,נקניקיות הודו בקר רי,,310.00,,false,,19.90,0.0642,true,1,168966
7290012228704,false,"ריינהולדס נקניקיות סוסג' ספרדית חריפה, 310 ג'",זוגלובק,IL,נקניקיות סוסג' ספרדי,,300.00,,false,,19.90,0.0663,true,1,169539
7290012228728,false,קבנוס סטיקס בסגנון מקסיקני חריף סדרת ריינהולד'ס,זוגלובק,IL,קבנוס סטיקס מקסיקני,,50.00,100 גרם,false,,9.90,0.1980,true,1,185112
7290012245312,false,"צ'יפס אמריקאי 1.5 ק""ג גולד שארית",יוליניבר,BE,גולד ציפס אמריקאי 1.,קילוגרמים,1.50,"ק""ג",false,,19.90,13.2667,true,1,184624
7290012245329,false,"צ'יפס קלאסי 1.5 ק""ג גולד שארית",יוליניבר,BE,גולד צ'יפס קלאסי1.5,,1500.00,,false,,19.90,0.0133,true,1,184625
7290012309311,false,ערמונים קלופים וקלויים,"דין שיווק וקליה בע""מ",CN,ערמונים קלופים שלמים,,100.00,,false,,6.90,0.0690,true,1,132733
7290012313141,false,מלפפון פרוס במלח A2 ק.יבנה 540ג',אף.סי תבליני בגליל ב,IL,פרוסות מלפפון במלח 5,,540.00,,false,,6.30,0.0117,true,1,122268
7290012335020,false,סוכריות סודה שעון מארז משפחתי 375 גר',גואנגדונג צאואן פוד,CN,סוכריות סודה שעון מש,,30.00,,false,,19.90,0.6633,true,1,172915
7290012404955,false,ספרינג קולקשן נקטר חמוציות 1.25 ל',"יפאורה תבורי בע""מ",IL,ספרינג קולקשיין נקטר,,1250.00,,false,,13.90,0.0111,true,1,118600
7290012483608,false,"אורז בסמטי מובחר 5 ק""ג",הנסיך- מפעל לייצור ט,IN,אורז בסמטי ויליפוד 5,,5000.00,100 גרם,false,,49.90,0.0100,true,1,172007
7290012522581,false,טבעול שניצל תירס ללא גלוטן טבעול 664 גרם,עיצובים 2020 (4.8),IL,שניצל תירס ללא גלוטן,,664.00,,false,,29.90,0.0450,true,1,123303
7290012576607,false,"יין פרימייר אדום קברנה סובניון ומלבק 750 מ""ל","ברקן שיווק והפצה בע""",IL,יין פרימייר אדום קבר,,750.00,,false,,29.90,0.0399,true,1,133234
7290012576614,false,יין Premieur לבן חצי יבש אמרלד ריזלינג קולומברד,יקבי ברקן שיווק והפצ,IL,יין פרימייר לבן ריזל,,750.00,,false,,29.90,0.0399,true,1,133235
7290012642036,false,פסטה לה פסטה 5 ספגטי,,,פסטה לה פסטה 5 ספגטי,,400.00,,false,,4.90,0.0123,true,1,139278
7290012642814,false,פלפלים חריפים מעורבים כבושים שלמים,תומר,,פלפלים מעורבים כבושי,,540.00,100 גרם,false,,9.90,0.0183,true,1,120820
7290012642869,false,פלפלים קטנים חריפים כבושים שלמים,תומר,,פלפל חריף פעמון אדום,,530.00,,false,,9.90,0.0187,true,1,171869
7290012645112,false,"יוגורט עיזים בדלי חלב הארץ 750מ""ל",מחלבות סוסיא,IL,יוגורט עיזים בדלי 75,,750.00,,false,,20.70,0.0276,true,1,160315
7290012645129,false,"יוגורט כבשים בדלי חלב הארץ 750מ""ל",מחלבות סוסיא,IL,יוגורט כבשים 750מל ב,,750.00,100 גרם,false,,20.70,0.0276,true,1,160316
7290012645181,false,לאבנה עיזים 5% חלב ה,חלב הארץ,IL,לאבנה עיזים 5% חלב ה,,200.00,100 גרם,false,,14.90,0.0745,true,1,194278
7290012645389,false,יוגורט עיזים טבעי חלב הארץ 1 ל',מחלבות סוסיא,IL,יוגורט טבעי בקבוק 1ל,,1000.00,100 גרם,false,,23.50,0.0235,true,1,135462
7290012665059,false,קובה למרק חמים וטעים,,,קובה למרק חמים וטעים,,400.00,100 גרם,false,,16.90,0.0422,true,1,140460
7290012803796,false,שוקולד חלב עם אגוזים ללא תוספת סוכר,אלטינמארקה גידה סאן,TR,שוקולד טוסו חלב ואגו,,100.00,,false,,12.90,0.1290,true,1,124352
7290012823381,false,מרכך כביסה מקסימה סנסיטיב מרוכז ורוד 1 ל' סנו,"סנו מפעלי ברונוס בע""",IL,סנו מקסימה ורוד סנסט,,1000.00,,false,,18.90,0.0189,true,1,117042
7290012823398,false,מטליות חד פעמיות לניקוי הרצפה בניחוח מרכך כביסה 10יח' סנו,סנו מפעלי ברונו בעמ,IL,מטליות לחות לרצפה בנ,יחידה,0.00,יחידה,false,,13.90,0.0000,true,1,189813
7290012823541,false,מטליות ריצפז פרש בריח לבנדר 10 יח' סנו,"סנו מפעלי ברונוס בע""",IL,מטליות לחות לרצפה בנ,יחידה,0.00,יחידה,false,,13.90,0.0000,true,1,177418
7290012823602,false,נייר טואלט סופט סילק לבן - מארז 32 גלילים,טרופיקל דגיל תעשיות,IL,סופט סילק נייר טואלט,,1950.00,100 גרם,false,,36.90,0.0189,true,1,119024
7290012850011,false,מחית ביליבד תפוחי עץ 190ג',,,בלאבד מחית תפוחי עץ,,190.00,100 גרם,false,,5.90,0.0311,true,1,132890
7290012850035,false,מחית ביליבד תפוח ואפרסק 190ג',NOVOFRUCHT SK S.R.O,SK,בלאבד מחית תפוח ואפר,,190.00,100 גרם,false,,5.90,0.0311,true,1,132892
7290012929779,false,פסטה ספירלה מקמח מלא טעמן 500 ג',מוטלו,TR,פסטה ספירלה חיטה מלא,,500.00,100 גרם,false,,6.90,0.0138,true,1,130440
7290012929786,false,טעמן פסטה צינורות חיטה מלאה 500גר,מוטלו,TR,פסטה צינורות חיטה מל,,500.00,100 גרם,false,,6.90,0.0138,true,1,130441
7290012929793,false,פסטה ספגטי מקמח מלא טעמן 500 גר',מוטלו,TR,ספגטי מחיטה מלאה 500,,500.00,100 גרם,false,,6.90,0.0138,true,1,130442
7290012931611,false,שייני כריות ברזל שלשייה,,,כריות ברזל 3יח,,3.00,,false,,6.90,2.3000,true,1,127556
7290012938580,false,"סנסודיין משחת שיניים להלבנה עדינה 75 מ""ל",גלקסוסמית'קליין קונס,GB,סנסודיין משחת שיניים,,75.00,,false,,21.90,0.2920,true,1,122894
7290012996450,false,הפי מרכך לכביסה מרוכז כחול 1ל',קרלו,BE,הפי מרכך כביסה מרוכז,,1000.00,,false,,10.90,0.0109,true,1,119489
7290012996672,false,הפי סבון לאסלה מבושם זוג,יוליניבר,IT,הפי סבון אסלה מבושם,,110.00,100 גרם,false,,12.90,0.1173,true,1,120916
7290013038432,false,מים מזוככים אקווה נובה,אקווה נובה Aqua Nova,IL,מים אקווה נובה 2 ליט,,2000.00,,false,,3.20,0.0016,true,1,169590
7290013083661,false,תרכובת מזון המשך לפעוטות שלב 1 Extra Care,מטרנה תעשיות ש.מ,IL,מטרנה אקסטרא קר שלב,,700.00,100 גרם,false,,59.90,0.0856,true,1,118035
7290013083678,false,תרכובת מזון המשך לפעוטות שלב 2 Extra Care,מולינו ניקולי s.p.a,IL,מטרנה אקסטרא קר שלב,,700.00,,false,,59.90,0.0856,true,1,118036
7290013083685,false,תרכובת מזון המשך לפעוטות שלב 3 Extra Care,מטרנה תעשיות ש.מ,IL,מטרנה אקסטרא קר שלב,,700.00,,false,,59.90,0.0856,true,1,118037
7290013117212,false,בורקס פילו גבינה מעדנות מעדנות 600 ג',מיוצר עי קונדיטוריית,IL,בורקס פילו גבינה מעד,,600.00,100 גרם,false,,19.90,0.0332,true,1,105949
7290013117229,false,בורקס פילו תפוא מעדנות 600 גרם,מיוצר עי קונדיטוריית,IL,בורקס פילו תפוא מעדנ,,600.00,100 גרם,false,,19.90,0.0332,true,1,105950
7290013117243,false,בורקס פילו בולגרית מעדנות 600 ג',מיוצר עי קונדיטוריית,IL,בורקס פילו בולגרית מ,,600.00,,false,,19.90,0.0332,true,1,105952
7290013117410,false,בצק פריך מרודד למאפים מתוקים 900 ג' מעדנות,מיוצר עי קונדיטוריית,IL,בצק פריך מרודד למאפי,,900.00,100 גרם,false,,23.90,0.0266,true,1,121053
7290013117526,false,מעדנות בצק שמרים למאפים מתוקים 900 גרם,"מעדנות בע""מ",IL,בצק שמרים למאפים מתו,,900.00,100 גרם,false,,23.90,0.0266,true,1,121173
7290013268020,false,סנו - מקסימה מרכך כביסה מרוכז אולטרה פרש 1 ליטר,"סנו מפעלי ברונוס בע""",IL,סנו מקסימה אולטרא פר,,1000.00,,false,,18.90,0.0189,true,1,117030
7290013268037,false,סנו מקסימה מרכך כביסה פצ''ולי מרוכז סגול 1 ל',סנו מקסימה,IL,סנו מקסימה פצ'ולי סג,,1000.00,,false,,18.90,0.0189,true,1,117046
7290013268242,false,תרכיז ריחני לניקוי רצפות בריח מלון מפנק ריצפז פרש,"סנו מפעלו ברונוס בע""",IL,ריצפז פרש הום בניחוח,,2000.00,100 גרם,false,,23.90,0.0119,true,1,185043
7290013268891,false,מסיר כתמים ג'ל אוקסיג'ן ללא אקונומיקה,"סנו מפעלי ברונוס בע""",IL,סנו אוקסיגן 3ליטר,,3000.00,100 גרם,false,,32.90,0.0110,true,1,119325
7290013268907,false,ג'ל כביסה מרוכז מקסימה Bio cold water,"סנו מפעלי ברונוס בע""",IL,סנו מקסימה גל כביסה,ליטרים,3.00,ליטר,false,,32.90,10.9667,true,1,119326
7290013268983,false,מרכך כביסה סופר מרוכז בבישום עוצמתי סנו מקסימה 1 ל',"סנו מפעלי ברונוס בע""",IL,סנו מקסימה מרכך סופר,,1000.00,,false,,18.90,0.0189,true,1,190994
7290013268990,false,סנו - מקסימה מרכך כביסה מרוכז ביו 1 ליטר,"סנו מפעלי ברונוס בע""",IL,סנו מקסימה ביו 1ליטר,,1000.00,100 גרם,false,,18.90,0.0189,true,1,164336
7290013269003,false,מרכך כביסה סופר מרוכז בייבי לתינוקות ולעור רגיש,"סנו מפעלי ברונוס בע""",IL,סנו מקסימה קר בייבי,,1000.00,,false,,19.90,0.0199,true,1,144663
7290013269263,false,ג'ל כביסה מרוכז מקסימה בבישום קריסטל נואר,סנו מפעלי ברונוס בעמ,IL,סנו מקסימה גל כביסה,ליטרים,3.00,ליטר,false,,32.90,10.9667,true,1,120748
7290013269287,false,סנו - מקסימה ג'ל כביסה מרוכז מאסק 3 ליטר,"סנו מפעלי ברונוס בע""",IL,סנו מקסימה גל כביסה,ליטרים,3.00,ליטר,false,,32.90,10.9667,true,1,123826
7290013269621,false,ריצפז פרש לניקוי רצפות בניחוח מלון בוטיק,מיוצר עי קונדיטוריית,IL,ריצפז פרש הום בניחוח,ליטרים,2.00,ליטר,false,,23.90,11.9500,true,1,169302
7290013269638,false,ספוג הפלא אקסטרה Extra- מארז 6 יח',סנו סושי,US,סנו סושי ספוג הפלא א,יחידה,0.00,יחידה,false,,11.90,0.0000,true,1,129146
7290013269645,false,מטליות לחות לניקוי הרצפה בניחוח מאסק ריצפז פרש,סנו מפעלי ברונוס בעמ,IL,מטליות לחות ריצפז פר,יחידה,0.00,יחידה,false,,13.90,0.0000,true,1,130340
7290013269751,false,מטליות לחותריצפז פרש לניקוי ריצפה בניחות מלון בוטיק 10 יח' סנו,טרופיקל דגיל תעשיות,IL,ריצפז פרש הום מטליות,,10.00,,false,,13.90,1.3900,true,1,170005
7290013269911,false,"סנו K-333 קוטל חרקים ללא ריח 750מ""ל","סנו מפעלי ברונוס בע""",IL,K - 333 -נמלים 750 מ,,750.00,100 גרם,false,,31.90,0.0425,true,1,121608
7290013284075,false,זיתים פריניר טבעות מ,פריניר,,זיתים מושחרים טבעות,,560.00,,false,,9.90,0.0177,true,1,169497
7290013284082,false,חרוזית מושחר פריניר,פריניר,,חרוזית מושחר פריניר,,560.00,100 גרם,false,,9.90,0.0177,true,1,169494
7290013284204,false,מלפפונים פריניר בחומ,פריניר,,מלפפון בחומץ 18-25 פ,,560.00,100 גרם,false,,12.90,0.0230,true,1,169491
7290013284310,false,רוטב פסטה לילדים 240 ג' פריניר,פריניר ( הדס 1987) ב,IL,רוטב פסטה לילדים פרי,,240.00,,false,,5.90,0.0246,true,1,169475
7290013284662,false,רוטב פיצה פיתה לילדים 240 ג' פריניר,פריניר ( הדס 1987) ב,IL,רוטב פיצה פריניר 240,,240.00,,false,,5.90,0.0246,true,1,169477
7290013302014,false,"אבקה שוקו שוקו טעמן 1 ק""ג",,,"שוקו שוקו בד""צ טעמן",,1000.00,,false,,11.90,0.0119,true,1,172916
7290013310101,false,"שיפודי במבוק ג'מבו 50 יח' עובי 5 מ""מ אורך 30 ס""מ",הדקלאים אגודת שיתופי,CN,שיפודי במבוק ג'מבו 5,,50.00,,false,,3.90,0.0780,true,1,195850
7290013358370,false,פירורי לחם פנקו בטעם שום מאסטר שף 300 ג',"מיוצר ע""י מנה י.א בע",IL,פירורי לחם פנקו בטעם,,300.00,100 גרם,false,,8.90,0.0297,true,1,129596
7290013358417,false,"רוטב טיריאקי מאסטר שף אסייאתי 300 מ""ל",קריניציה ויטמינה אס,TH,רוטב טריאקי אסייאתי,,300.00,100 גרם,false,,12.90,0.0430,true,1,138712
7290013358486,false,פירורי לחם מוזהבים ללא צורך בביצה,"מיוצר ע""י מנה י.א בע",IL,פירורי לחם מוזהבים ל,,300.00,,false,,6.90,0.0230,true,1,172256
7290013358493,false,"קרם קוקוס מאסטר שף 400 מ""ל",תאי קוקונט פבליק קומ,TH,קרם קוקוס פחית מאסטר,,400.00,,false,,8.90,0.0223,true,1,160690
7290013358530,false,מאסטר שף אסייאתי רוטב צ'ילי מתוק 700 מל,קריניציה ויטמינה אס,TH,רוטב צילי מתוק מאסטר,,700.00,,false,,14.90,0.0213,true,1,138714
7290013358547,false,מאסטר שף אסייאתי רוטב צ'ילי חריף 700 מל,קי אר אס ספייסי פוד,TH,רוטב צילי חריף מאסטר,,700.00,,false,,14.90,0.0213,true,1,138715
7290013389381,false,"קמח תירס פולנטה מולינו 1 ק""ג",פיקטה piccata,,"קמח תירס 1 ק""ג",,1000.00,100 גרם,false,,10.90,0.0109,true,1,129853
7290013472199,false,ערמונים קלוף וקלוי ו.פוד 105 ג',בייג'גג פוינונג,CN,ערמונים ויליפוד 100ג,,100.00,100 גרם,false,,7.90,0.0790,true,1,128811
7290013525796,false,סחוג תימני שמיר 150 גר',,,סלט סחוג תימני שמיר,,150.00,100 גרם,false,,11.90,0.0793,true,1,136930
7290013531612,false,רוטב נפוליטנה יכין 240 ג',,,רוטב נפוליטנה יכין 2,,240.00,,false,,5.90,0.0246,true,1,135968
7290013531629,false,רוטב פומדורו יכין 240ג,היינץ צפון אמריקה מק,IL,רוטב פומדורו יכין 24,,240.00,100 גרם,false,,5.90,0.0246,true,1,135969
7290013531759,false,שעועית אפויה במים 550 ג' יכין,"זנלכל בע""מ",IL,שעועית אפוייה יכין 5,,550.00,100 גרם,false,,9.90,0.0180,true,1,135469
7290013580009,false,המבורגר זהב 400 ג' 12 יח',,,המבורגר זהב ארוז 400,,400.00,100 גרם,false,,19.90,0.0497,true,1,171232
7290013585233,false,"ספרייט זירו פחית סליק 330 מ""ל",קוקה קולה Coca Cola,IL,ספרייט זירו סילק 330,,330.00,100 גרם,false,,6.50,0.0197,true,1,135901
7290013585387,false,קוקה קולה זירו בקבוק,החברה המרכזית לייצור,IL,קוקה קולה זירו 1ליטר,,1000.00,100 גרם,false,,7.50,0.0075,true,1,135774
7290013585394,false,קוקה קולה קלאסי,החברה המרכזית לייצור,IL,קוקה קולה 1ליטר,,1000.00,100 גרם,false,,7.50,0.0075,true,1,135775
7290013608482,false,פרימור נקטר מנגו 1לי,פרימור,,פרימור נקטר מנגו 1לי,,1000.00,100 גרם,false,,8.90,0.0089,true,1,160406
7290013608550,false,נקטר תפוזים 1 ל' פרימור,סטאר סנקס,IL,פרימור נקטר תפוזים 1,,1000.00,100 גרם,false,,8.90,0.0089,true,1,160410
7290013608604,false,"משקה קל תפוחי עץ פרימור 500 מ""ל",סטאר סנקס,IL,פרימור תפוחי עץ 500,,500.00,,false,,5.90,0.0118,true,1,185089
7290013608628,false,פרימור משקה קל ענבים,סטאר סנקס,IL,"פרימור ענבים 500 מ""ל",,500.00,,false,,5.90,0.0118,true,1,185090
7290013608635,false,משקה לימונים עם נענע 1ל' פרימור,סטאר סנקס,IL,פרימור נקטר לימונים,,1000.00,100 גרם,false,,8.90,0.0089,true,1,162989
7290013608673,false,נקטר תפוחי עץ 1 ל' פרימור,סטאר סנקס,IL,פרימור נקטר תפוחי עץ,,1000.00,,false,,8.90,0.0089,true,1,160412
7290013608680,false,מיץ עגבניות 1ל' פרימור,סטאר סנקס,IL,פרימור מיץ עגבניות 1,,1000.00,,false,,8.90,0.0089,true,1,160413
7290013608703,false,"משקה קל אשכליות 500 מ""ל פרימור",סטאר סנקס,IL,פרימור אשכולית 500 מ,,500.00,,false,,5.90,0.0118,true,1,185091
7290013608772,false,"משקה קל תפוזים פרימור 500 מ""ל",סטאר סנקס,IL,"פרימור תפוזים 500 מ""",,500.00,100 גרם,false,,5.90,0.0118,true,1,185092
7290013608796,false,"משקה קל תות בננה 500 מ""ל פרימור",,,פרימור תות בננה 500,,500.00,,false,,5.90,0.0118,true,1,185093
7290013625670,false,סינטטי חומצה אצטית מדוללת למזון 5%,טעמן,,חומץ סנטטי טעמן 1ליט,,1000.00,,false,,5.90,0.0059,true,1,172931
7290013625700,false,"טעמן חצאי משמש בסירופ קל 820 ג""ר",,,טעמן חצאי משמש בסירו,,820.00,,false,,11.90,0.0145,true,1,195003
7290013625939,false,אטריות דקיקות טעמן 400 גר',מוטלו,TR,איטריות דקיקות טעמן,,400.00,100 גרם,false,,5.90,0.0148,true,1,130445
7290013675545,false,שניצל כלי תחבורה מאמא עוף 700 ג',,,שניצל כלי תחבורה 700,,700.00,,false,,37.90,0.0541,true,1,167821
7290013724939,false,חטיף חמוציות בשוקולד מריר 160,דין שיווק,IL,משוקלדים חמוציות מרי,,160.00,100 גרם,false,,9.90,0.0619,true,1,126933
7290013724946,false,משוקלדים שקד מריר 160 גר' קופסא,"דין שיווק וקליה בע""מ",IL,משוקלדים שקד מריר קו,,160.00,,false,,9.90,0.0619,true,1,123802
7290013724953,false,חמוציות בשוקולד חלב 160ג,שקדיה,IL,משוקולדים חמוציות חל,,160.00,100 גרם,false,,9.90,0.0619,true,1,123803
7290013724960,false,משוקלדים שקד חלב 160 גר' קופסא,"דין שיווק וקליה בע""מ",IL,משוקלדים שקד חלב קופ,,160.00,100 גרם,false,,9.90,0.0619,true,1,123804
7290013724991,false,משוקולדים לוז חלב 160 גר' סקופסא,דין שיווק,IL,משוקולדים לוז חלב קו,,160.00,100 גרם,false,,9.90,0.0619,true,1,123806
7290013725752,false,אטריות ביצים צרות לה,,CN,נודלס דק סו שף 400גר,,400.00,100 גרם,false,,8.90,0.0223,true,1,160467
7290013725769,false,נודלס עבה סו שף 400ג,,CN,נודלס עבה סו שף 400ג,,400.00,100 גרם,false,,9.90,0.0248,true,1,160468
7290013725820,false,משוקלדים לוז מריר 160 גר' קופסא,"דין שיווק וקליה בע""מ",IL,משוקלדים לוז מריר קו,,160.00,100 גרם,false,,9.90,0.0619,true,1,123800
7290013771216,false,תחליף גבינה פטאקי 25,מיוצר עי קונדיטוריית,IL,פטאקי 16% 250גר השומ,,250.00,,false,,14.90,0.0596,true,1,130869
7290013771292,false,גבינה פטאקי 16% שומר,מחלבת השומרון,IL,פטאקי 16% 250גר הסדר,,250.00,,false,,14.90,0.0596,true,1,135364
7290013847102,false,נתחי טונה בהירה בשמן - מארז שלישיה,סטארקיסט Starkist,,טונה סטארקיסט בשמן 3,,240.00,100 גרם,false,,12.90,0.0538,true,1,126600
7290013847454,false,טונה בשמן קנולה סטארקיסט 4*160 ג',קריות זול,,טונה בשמן קנולה רביע,,640.00,100 גרם,false,,24.90,0.0389,true,1,191570
7290013847867,false,מארז זוג טונה בשמן סויה 140 ג' סטארקיסט,טונה ויטנאם קו. אל.ט,IL,טונה סטארקיסט בשמן ס,,140.00,100 גרם,false,,12.90,0.0921,true,1,185466
7290013848345,false,מארז מטליות לחיטוי וניקוי יסודי אנטיבקטריאלי 99.9%,סנו מפעלי ברונוס בעמ,IL,סנו מטליות לחות לחיט,יחידה,0.00,יחידה,false,,24.90,0.0000,true,1,186419
7290013848727,false,מכשיר אוטומטי לבישום אוויר בתוספת מילוי SOFT HARMONY,סנו פרש Fresh,IL,סנו פרש מכשיר אוטומט,יחידה,0.00,יחידה,false,,44.90,0.0000,true,1,185467
7290013906212,false,"נקנקיות וינר טירת 1 ק""ג טירת צבי",הנסיך- מפעל לייצור ט,IL,נקניקיות וינר טירת צ,,1000.00,,false,,29.90,0.0299,true,1,160090
7290013906687,false,פסט' צמד כפרית ברביקיו ודבש 300X2ג' טירת צבי,הנסיך- מפעל לייצור ט,IL,פסטרמה צמד מארז כפרי,,600.00,100 גרם,false,,27.90,0.0465,true,1,160084
7290013927002,false,עוגיות דיקליות בטעם שוקו אחווה 400 ג',,,דקליות שוקו במגש 400,,400.00,100 גרם,false,,11.90,0.0298,true,1,127535
7290013927040,false,אחדות עוגיות ממולאות שוקולד במגש 600,,,עוגיות ממולאות שוקול,,600.00,100 גרם,false,,11.90,0.0198,true,1,127541
7290013927064,false,אחדות עוגיות גרנולה פירות יער 400 גרם,,,עוגיות גרנולה עם פיר,,400.00,,false,,11.90,0.0298,true,1,127543
7290013927323,false,אחדות עוגת בראוניס 400 גרם,אחדות ביחר לטחינה חל,IL,עוגת בראוניס אחווה 4,,400.00,100 גרם,false,,12.90,0.0323,true,1,132884
7290013927989,false,מאפין ממולא בטעם קרמל 50 גרם אחוה,אחדות ביחר לטחינה חל,IL,מאפין במילוי בטעם קר,,50.00,,false,,2.90,0.0580,true,1,190836
7290013927996,false,עוגת שמרים קראץ' בטעם שוקולד 400 גר',אחדות ביחר לטחינה חל,IL,עוגת שמרים קרנץ בטעם,,400.00,,false,,12.90,0.0323,true,1,186233
7290013946089,false,מבריק חלונות מגיק 1ל,סאסאטק,IL,מבריק חלונות מגיק 1ל,,1000.00,,false,,6.90,0.0069,true,1,121293
7290014002203,false,תה ויסוצקי חליטת לימונית ולואיזה 20יח',HIQ FOOD PRODUCTS,IL,חליטת לימונית לואיזה,,25.00,,false,,19.90,0.7960,true,1,127776
7290014002944,false,גן קסום חליטת פירות וצמחים חמדת שקד 25 שקיקים,HIQ FOOD PRODUCTS,IL,תה הגן הקסום חליטת פ,,57.50,100 גרם,false,,19.90,0.3461,true,1,177885
7290014002982,false,תה ירוק לימונית לואיזה בתוספת עלי סטיביה 25 שקיקים,ויסוצקי ירוק,IL,תה ירוק לימונית לואי,יחידה,0.00,יחידה,false,,25.90,0.0000,true,1,132902
7290014046047,false,צמד פסטרמות 600 ג' יחיעם,מעדני יחיעם 1993,IL,צמד פסטרמות פפריקה ו,,600.00,,false,,29.90,0.0498,true,1,134286
7290014046474,false,"נקניקיות עוף 1.5 ק""ג יחיעם",יחיעם,IL,*מבצע* נקניקיות עוף,,1500.00,100 גרם,false,,27.90,0.0186,true,1,160568
7290014046580,false,פסטרמה מעודנת על גחלים 300 ג' יחיעם,מעדני יחיעם 1993,IL,פסטרמה מעודנת על גחל,,300.00,100 גרם,false,,25.90,0.0863,true,1,134620
7290014046757,false,סלמי תה מעדני יחיעם,פ.פ.ח. שאביט,IL,סלמי תה יחיעם 300 גר,,300.00,100 גרם,false,,24.90,0.0830,true,1,139654
7290014059085,false,"סנוסדין משחת שיניים לשיקום והגנה 75 מ""ל",סמית קליין ביצ'ם,GB,משחת שיניים סנסודיין,,75.00,,false,,19.90,0.2653,true,1,150254
7290014059436,false,"סנסודיין משחת שיניים לשיקום והגנה מלבינה 75 מ""ל",סמית קליין ביצ'ם,GB,משחת סנסודיין לשיקום,,75.00,,false,,19.90,0.2653,true,1,160564
7290014066366,false,לנדוור-קפסולות אספרסו ריסטרטו(08) - 10יח'12X יח,קפה לנדוור,IL,לנדוור קפסולות אספרס,,50.00,,false,,14.90,0.2980,true,1,186224
7290014066526,false,לנדוור-קפסולות אספרסו תערובת הבית(11) - 10יח'12X יח,קפה לנדוור,IL,לנדוור קפסולות אספרס,,50.00,100 גרם,false,,14.90,0.2980,true,1,186229
7290014083813,false,וילי פוד מריגה שפרוטים מעושנים בשמן 190ג,הנסיך- מפעל לייצור ט,LV,שפרוטים מעושנים בשמן,,190.00,,false,,9.90,0.0521,true,1,130382
7290014088948,false,קקאו 150 גרם 100 %-ח,,,קקאו 150 גרם 100 %-ח,,150.00,,false,,7.90,0.0527,true,1,192005
7290014088955,false,קקאו 500 גרם חילדה,,,קקאו 500 גרם חילדה,,500.00,100 גרם,false,,14.90,0.0298,true,1,192014
7290014094628,false,פקאן טבעי 200 ג' בקופסא,ששון הקולה,,פקאן טבעי בקופסא 200,,200.00,,false,,22.90,0.1145,true,1,133655
7290014094796,false,משמש מיובש ששון הקול,"דין שיווק וקליה בע""מ",,משמש בשקית 300גר,,300.00,,false,,20.00,0.0667,true,1,137691
7290014094826,false,שזיפים מיובשים מגולע,"דין שיווק וקליה בע""מ",,שזיפים ללא גלעין 300,,300.00,,false,,20.00,0.0667,true,1,129099
7290014094857,false,פקאן סיני מסוכר ששון,"דין שיווק וקליה בע""מ",IL,פקאן סיני מסוכר 150,,150.00,100 גרם,false,,20.00,0.1333,true,1,137684
7290014094895,false,אגוזים קלופים ששון הקולה 150 ג',,,אגוזי מלך שקית 150גר,,150.00,100 גרם,false,,10.90,0.0727,true,1,137657
7290014095861,false,שיבולת שועל דקה להכנה מהירה,"דין שיווק וקליה בע""מ",IL,קוואקר שיבולת שועל ד,,500.00,,false,,7.90,0.0158,true,1,129557
7290014095960,false,שיבולת שועל עבה להכנה מהירה,"דין שיווק וקליה בע""מ",IL,קוואקר שיבולת שועל ע,,500.00,100 גרם,false,,7.90,0.0158,true,1,129558
7290014138971,false,לפידונים - כוסיות שמן זית מוצק - 44 כוסיות,מנורה,,ערכת לפידונים משמן ז,יחידה,0.00,יחידה,false,,49.90,0.0000,true,1,168976
7290014138988,false,לפידונים נוזלי 44 כוסיות עם שמן זית להדלקה בחנוכה,מנורה,,ערכת לפידונים משמן ז,יחידה,0.00,יחידה,false,,49.90,0.0000,true,1,175711
7290014204560,false,"סבון נוזלי שלישייה * 500 מ""ל פנינה",,,*מבצע* סבון שלישייה,ליטרים,1.50,ליטר,false,,10.90,7.2667,true,1,195812
7290014204690,false,"פנינה רוזנבלום- סבון נוזלי משאבה ורוד,1 ליטר",,,סבון נוזלי משאבה ורו,,1000.00,100 גרם,false,,10.90,0.0109,true,1,178816
7290014217010,false,תבלין תיבול דגים מיכל 90גר,תבליני טעם וריח,IL,תיבול דגים 90גר,,90.00,,false,,13.90,0.1544,true,1,127325
7290014217065,false,תבלין אורגנו עלים 30 גר',תות ממתקי איכות,IL,אורגנו מיכל גדול 30ג,,30.00,,false,,9.90,0.3300,true,1,126879
7290014217119,false,תערובת לצ'יפס מיכל 100 ג',תות ממתקי איכות,IL,מיכל תערובת לצ'יפס 1,,100.00,,false,,9.90,0.0990,true,1,134384
7290014217140,false,תבלין ראס אל חנות טעם וריח 100ג',תות ממתקי איכות,IL,תבלין ראס אל חנות 10,,100.00,100 גרם,false,,9.90,0.0990,true,1,179795
7290014217171,false,תערובת תיבול תיבול גריל דג מיכל 100ג',תות ממתקי איכות,IL,מיכל תערובת תיבול תי,,100.00,,false,,10.90,0.1090,true,1,134388
7290014217201,false,תערובת תיבול סומק 45 ג',תות ממתקי איכות,IL,תערובת תיבול סומק 45,,45.00,100 גרם,false,,5.90,0.1311,true,1,137607
7290014217225,false,תבלין גריל עוף מיכל 120גר,תות ממתקי איכות,IL,גריל עוף מיכל 120גר,,120.00,,false,,11.90,0.0992,true,1,133138
7290014217263,false,תערובת תיבול לפרגיות 100ג',תות ממתקי איכות,IL,תערובת תיבול לפרגיות,,100.00,100 גרם,false,,9.90,0.0990,true,1,139084
7290014217348,false,צ'ילי כתוש חריף (פלפל קיינה),תות ממתקי איכות,IL,צ'ילי כתוש מיכל 70גר,,70.00,100 גרם,false,,9.90,0.1414,true,1,133141
7290014218321,false,בורקס אישי גבינה מעדנות 600 ג',מיוצר עי קונדיטוריית,IL,בורקס יפו גבינה מעדנ,,600.00,100 גרם,false,,18.90,0.0315,true,1,160723
7290014218536,false,"בצק עלים מופחת שומן מעדנות 1 ק""ג","מעדנות בע""מ",IL,בצק עלים מופחת שומן,,1000.00,100 גרם,false,,21.90,0.0219,true,1,160801
7290014218932,false,חטיפי פיצה בתוספת זיתים 710 ג' מעדנות,מיוצר עי קונדיטוריית,IL,חטיפי פיצה בתוספת זי,,710.00,,false,,29.90,0.0421,true,1,170367
7290014325050,false,קורנפלור מיה 500 גרם,מיה תעשיות מזון בעמ,IL,קורנפלור 500 גרם,,500.00,,false,,6.90,0.0138,true,1,163930
7290014397286,false,מרכך כביסה מקסימה מרוכז חלב ודבש 1 ל' סנו,סנו מקסימה,IL,סנו מקסימה קר חלב וד,,1000.00,,false,,18.90,0.0189,true,1,129405
7290014397453,false,מסיר כתמים לכביסה לבנה אוקסיג'ן ג'ל,סנו אוקסיג'ן,IL,סנו אוקסיגן לכביסה ל,,3000.00,,false,,32.90,0.0110,true,1,129514
7290014397538,false,פרש Home מבשם לבית בוקר אביבי,סנו מפעלי ברונוס בעמ,IL,סנו פרש הום בוקר אבי,,350.00,100 גרם,false,,14.90,0.0426,true,1,128969
7290014397767,false,סנו ריצפז פרש הום 2 ליטר בניחוח כותנה-מרכז,"סנו מפעלי ברונוס בע""",IL,ריצפז פרש הום בניחוח,ליטרים,2.00,ליטר,false,,23.90,11.9500,true,1,130777
7290014397781,false,סנו ריצפז פרש הום 2 ליטר בניחוח סבון,סנו פרש Fresh,IL,ריצפז פרש הום בניחוח,ליטרים,2.00,ליטר,false,,23.90,11.9500,true,1,130779
7290014397873,false,מרכך כביסה בבישום עוצמתי ג'נטל בריז,סנו מקסימה,IL,סנו מקסימה מרכך כביס,,4000.00,100 גרם,false,,22.90,0.0057,true,1,185042
7290014435803,false,מטיאס הולנדי (פרובנציאל) עם בצל בשמן 180 גרם,שבעת הימים - שמיר,IL,מטיאס הולנדי (פרובנצ,,180.00,100 גרם,false,,22.90,0.1272,true,1,136954
7290014435810,false,הרינג כבוש ובצל במרינת חמוץ מתוק שמיר 180 ג',שבעת הימים - שמיר,IL,הרינג כבוש עם בצל במ,,180.00,100 גרם,false,,22.90,0.1272,true,1,136955
7290014435827,false,פילה מקרל מעושן בשמן שמיר 180 ג',שבעת הימים - שמיר,IL,פילה מקרל מעושן בשמן,,180.00,100 גרם,false,,24.90,0.1383,true,1,136956
7290014435834,false,מקרל מעושן פרוס בשמן 180 גרם,שבעת הימים - שמיר,IL,מקרל מעושן פרוס בשמן,,180.00,100 גרם,false,,24.90,0.1383,true,1,136957
7290014435841,false,פילה מטיאס הולנדי בשמן שמיר 180ג',סלטי שמיר 2006 בעמ,IL,פילה מטיאס הולנדי בש,,180.00,100 גרם,false,,22.90,0.1272,true,1,136958
7290014435889,false,סלט מטיאס עם מיונז 180 גרם,שבעת הימים - שמיר,IL,סלט מטיאס עם מיונז 2,,200.00,,false,,24.90,0.1245,true,1,136960
7290014435896,false,סלט סלומון עם מיונז 180 גר',שבעת הימים - שמיר,IL,סלט סלמון עם מיונז 2,,200.00,,false,,24.90,0.1245,true,1,136961
7290014455320,false,גבינה כדורי מוצרלה פרסקה גד 100ג',מחלבות גד בעמ,IL,כדור מוצרלה פרסקה 18,,100.00,,false,,9.80,0.0980,true,1,137561
7290014455467,false,ירח מתוק מעדן חלב 2% ושיבולת שועל גד 150ג',מחלבות גד,IL,מעדן שיבולת שועל וחל,,150.00,,false,,5.90,0.0393,true,1,138162
7290014459137,false,"צ'יפס תפוגן סטייק 1.5 ק""ג","תעשיות תפוגן בע""מ",IL,ציפס סטייק תפוגן 1.5,,1500.00,,false,,26.90,0.0179,true,1,136042
7290014471429,false,"מוזלי עם פירות 1 ק""ג - 429 סגול שקדיה",דין שיווק,IL,מוזלי עם פירות שקדיה,,1000.00,100 גרם,false,,19.90,0.0199,true,1,134420
7290014472235,false,פקאן סיני מסוכר בקופ,ששון הקולה,,פקאן סיני מסוכר בקופ,,200.00,,false,,22.90,0.1145,true,1,133661
7290014534650,false,פסטה 55 צינור 400 ג' לה פסטה,,,פסטה לה פסטה צינור 4,,400.00,,false,,4.90,0.0123,true,1,139279
7290014534667,false,פסטה קונכיה 53 400 ג' לה פסטה,,,פסטה לה פסטה קונכיה,,400.00,,false,,4.90,0.0123,true,1,139280
7290014534674,false,ספגטי לה פסטה פרפר 4,,,פסטה לה פסטה פרפר 40,,400.00,,false,,4.90,0.0123,true,1,139281
7290014534681,false,פסטה בורג 64 400 ג' לה פסטה,,,פסטה לה פסטה בורג 40,,400.00,,false,,4.90,0.0123,true,1,139282
7290014534698,false,פסטה תלתל 65 400 ג' לה פסטה,,,פסטה לה פסטה תלתל 40,,400.00,,false,,4.90,0.0123,true,1,139283
7290014534704,false,פסטה 25 אטריות מרק 400 ג' לה פסטה,,,פסטה לה פסטה אטריות,,400.00,,false,,4.90,0.0123,true,1,139284
7290014555082,false,מים מזוקקים 4 לט מקסול,סאסאטק,IL,מים מזוקקים מקסול 4ל,ליטרים,4.00,ליטר,false,,10.90,2.7250,true,1,137181
7290014581036,false,"פחם טבעי קטן 2 ק""ג",,,"פחמים כ- 2 ק""ג",יחידה,0.00,יחידה,false,,11.90,0.0000,true,1,134257
7290014692299,false,גבינת ברי 125 ג' קסטיאלו ויליפוד,יורו צ'יז Euro Cheese,DK,גבינת ברי קאסטללו יו,,125.00,,false,,21.90,0.1752,true,1,131598
7290014692305,false,גבינת קממבר 125ג' CASTELLO ויליפוד,הנסיך- מפעל לייצור ט,DK,גבינת קממבר יורוציז,,125.00,100 גרם,false,,21.90,0.1752,true,1,131599
7290014692817,false,גבינת מוצרלה מגורדת 200 ג' EURO CHEESE ויליפוד,הנסיך- מפעל לייצור ט,IL,מוצרלה מגורדת יורו צ,,200.00,,false,,15.90,0.0795,true,1,131779
7290014731264,false,כוסות לשתייה קרה 100 יחי',,,כוסות פלסטיק לשתיה ק,יחידה,0.00,יחידה,false,,7.90,0.0000,true,1,171467
7290014731707,false,צלחות פלסטיק גדול 50,,,צלחות פלסטיק גדול 50,יחידה,0.00,יחידה,false,,14.90,0.0000,true,1,171386
7290014748590,false,מקלוני דגים בציפוי צ,עיצובים 2020 (4.9),IL,מקלוני דגים בציפוי צ,,600.00,,false,,27.90,0.0465,true,1,168903
7290014748613,false,דג טוב מקלוני דגים בציפוי ציפס 600גר,עיצובים 2020 (4.9),IL,מקלוני דגים בציפוי צ,,600.00,,false,,27.90,0.0465,true,1,168904
7290014749245,false,ספיישל רצועות שניצל שומשום עוף טוב 600 גרם,מוצרי עוף טוב (2001),IL,צ'ונגו רצועות שניצל,,600.00,,false,,34.90,0.0582,true,1,186599
7290014749764,false,עוף טוב שניצל עוף ביתי עדין 700,מוצרי עוף טוב (2001),IL,שניצל עוף ביתי מעודן,,700.00,,false,,43.90,0.0627,true,1,185791
7290014758100,false,מאגדת יוגורט ביו 3% שומן 8 יח' *150ג' תנובה,מיוצר עי קונדיטוריית,IL,יוגורט ביו מאגדת שמי,,1200.00,100 גרם,false,,16.90,0.0141,true,1,129274
7290014758117,false,מאגדת יוגורט ביו 1.5% שומן 8 יח' *150 ג' תנובה,מיוצר עי קונדיטוריית,IL,יוגורט ביו מאגדת שמי,,1200.00,100 גרם,false,,16.90,0.0141,true,1,129275
7290014758162,false,חלב עיזים מלא 3.6% קרטון 1 ל' תנובה,תנובה מרכז שיתופי לש,IL,חלב עיזים מלא 3.6% ש,,1000.00,,false,,16.50,0.0165,true,1,130278
7290014758681,false,קוטג' תנובה 1% גביע 250 ג',מיוצר עי קונדיטוריית,IL,גבינת קוטג׳ 1% בגביע,,250.00,,false,,5.90,0.0236,true,1,129279
7290014759084,false,גבינת שמנת 16% בטעם טבעי 225 ג' נפוליאון,תנובה מרכז שיתופי לש,IL,גבינת נפוליאון 16% 2,,225.00,100 גרם,false,,14.50,0.0644,true,1,131560
7290014759534,false,גבינה בולגרית למריחה טבעי 5% 200 ג' פיראוס,"תנובה, מחלבת תל יוסף",IL,בולגרית למריחה טבעי,,200.00,100 גרם,false,,14.90,0.0745,true,1,132490
7290014759978,false,"גבינת קצקבל פלח גלעד 27%, 200 ג'",תנובה,IL,קאשקבל פלח 200 גר,,200.00,100 גרם,false,,28.90,0.1445,true,1,132492
7290014759985,false,"גבינת פרמזן גבע 23% פלח, 200 ג'",תנובה,IL,פרמזן פלח 200 גר,,200.00,,false,,26.90,0.1345,true,1,132493
7290014759992,false,גבינת רוקפור גליל פלח 140 ג' תנובה,"תנובה, מחלבת תל יוסף",IL,רוקפור פלח 140גר,,140.00,,false,,19.90,0.1421,true,1,131814
7290014760141,false,משקה שקדים תנובה E אלטרנטיב,תנובה Alternative,IL,משקה שקדים טרי 1ליטר,,1000.00,100 גרם,false,,13.00,0.0130,true,1,136072
7290014760448,false,גבינה צהובה גלבוע 400 גרם 22% שומן תנובה,מחלבת בית יצחק,IL,גבינה צהובה 22% שומן,,400.00,,false,,25.90,0.0647,true,1,133610
7290014760912,false,פרוסות גבינה 28% שומן 400 ג' גוש חלב,תנובה מרכז שיתופי לש,IL,צהובה גוש חלב 28% 40,,400.00,,false,,27.90,0.0697,true,1,176816
7290014761056,false,מעדן שוקולד חלב מעולה 123 ג' יולו,מיוצר עי קונדיטוריית,IL,מעדן שוקולד חלב יולו,,123.00,,false,,4.60,0.0374,true,1,134977
7290014761063,false,מעדן שוקולד מריר מעולה 123 ג' יולו,מיוצר עי קונדיטוריית,IL,מעדן שוקולד מריר יול,,123.00,100 גרם,false,,4.60,0.0374,true,1,134978
7290014761070,false,מעדן שוקולד לבן מעולה 123 ג' יולו,מיוצר עי קונדיטוריית,IL,מעדן שוקולד לבן יולו,,123.00,,false,,4.60,0.0374,true,1,134979
7290014761193,false,יוגורט עם פירות יער 1.5% שומן 125 ג' פרילי,תנובה מרכז שיתופי לש,IL,יוגורט עם פירות יער,,125.00,100 גרם,false,,3.60,0.0288,true,1,135073
7290014761414,false,מעדן שכבות שוקולד חלב ולבן 123 ג' יולו,מיוצר עי קונדיטוריית,IL,יולו מעדן שכבות שוקו,,123.00,100 גרם,false,,4.60,0.0374,true,1,134982
7290014761612,false,מעדן עם שוקולד מריר ולבן 122 ג' יולו,מיוצר עי קונדיטוריית,IL,יולו מעדן שכבות שוקו,,123.00,100 גרם,false,,4.60,0.0374,true,1,136157
7290014762756,false,נפוליאון גבינת שמנת עם בצל 16% שומן,הרדוף חלב,IL,גבינת נפוליאון 16% ב,,225.00,100 גרם,false,,14.50,0.0644,true,1,137917
7290014762800,false,מעדן סויה שוקולד גביע 125 גרם אלטרנטיב,תנובה מרכז שיתופי לש,IL,מעדן סויה בטעם שוקול,,125.00,100 גרם,false,,4.10,0.0328,true,1,164933
7290014762831,false,גבינת שמנת חלפיניו 24% שומן 225 ג' נפוליאון,תנובה מרכז שיתופי לש,IL,גבינת נפוליאון 25% ע,,225.00,100 גרם,false,,14.50,0.0644,true,1,139178
7290014762909,false,פתיתי מוצרלה 20% שומן 200 ג' השף הלבן,"תנובה, מחלבת תל יוסף",IL,פתיתי מוצרלה 20% שו,,200.00,100 גרם,false,,17.90,0.0895,true,1,138867
7290014763098,false,קרם גבינת שמנת 5% עם פלפל שום ובצל 200 ג' תנובה,תנובה,IL,קרם גבינה שמנת 5% טו,,200.00,100 גרם,false,,12.00,0.0600,true,1,138871
7290014855458,false,מגבוני בייביסיטר פרפורמנס ללא בישום מארז 72X4יח',בייביסיטר Babysitter,,מגבוני בייביסיטר פרפ,יחידה,0.00,יחידה,false,,15.90,0.0000,true,1,136159
7290014860155,false,מחצלת במבו שטוחה 24X24 ס'מ,גולין פנגזו,CN,מחצלת במבו שטוחה 24*,יחידה,0.00,יחידה,false,,7.90,0.0000,true,1,130559
7290014905207,false,הפי גל לניקוי אסלה 7,אורו,,הפי גל לניקוי אסלה 7,,750.00,,false,,10.90,0.0145,true,1,131082
7290014945074,false,צמרוני בייבי 56 גרם,,,צמרוני בייבי 56 גרם,יחידה,0.00,יחידה,false,,4.90,0.0000,true,1,194539
7290014945210,false,צמרוני עץ 300 יח בשק,,,צמרוני עץ 300 יח בשק,יחידה,0.00,יחידה,false,,4.90,0.0000,true,1,194537
7290014945654,false,מדליק פחם מוצק שייני 48יח',,,מדליק עץ ופחמים 250ג,,250.00,100 גרם,false,,6.90,0.0276,true,1,138589
7290014945753,false,"שייני מבשם נוזלי פרחי אביב 400 מ""ל",,,מבשם אוויר נטול גז ב,יחידה,400.00,יחידה,false,,9.90,0.0248,true,1,138120
7290014945807,false,קיסמי שיניים דנטליים,,,קיסמי שיניים דנטליים,,200.00,,false,,6.90,0.0345,true,1,164484
7290014967465,false,מארז קפסולות אספרסו,אספרסו מור,,קפסולות אינטסו 10 יח,יחידה,0.00,יחידה,false,,10.00,0.0000,true,1,166510
7290014967472,false,קפסולות אספרסו מור א,אספרסו מור,,קפסולות אספרסו מור א,יחידה,0.00,יחידה,false,,10.00,0.0000,true,1,166511
7290015008280,false,נייר אפייה ר. שמאי 50 דף,,,נייר אפייה 50דף,יחידה,0.00,יחידה,false,,7.90,0.0000,true,1,176148
7290015008655,false,כפות שקוף/קרם ארוז 50 יח,,,כפות ארוז 50 יח,יחידה,0.00,יחידה,false,,9.90,0.0000,true,1,176144
7290015008662,false,"מזלג שקוף ארוז ח""פ 50יח'",,,מזלג ארוז 50 יח,יחידה,0.00,יחידה,false,,9.90,0.0000,true,1,176149
7290015008679,false,סכין שקוף/קרם ארוז 50 י''ח =סדרה 4= כשל''פ עד''ח,,,סכין ארוז 50 יח,יחידה,0.00,יחידה,false,,9.90,0.0000,true,1,176150
7290015008686,false,כפיות שקוף 50 יח',,,כפיות ארוז 50 יח,יחידה,0.00,יחידה,false,,9.90,0.0000,true,1,176145
7290015008822,false,"כוסות קרטון אספרסו 4OZ ח""פ 50יח'",,,כוסות קרטון 50 יח' O,יחידה,0.00,יחידה,false,,7.90,0.0000,true,1,190638
7290015008976,false,שקיות למזון מארז 150X3יח',,,שקיות אוכל בקרטון של,יחידה,0.00,יחידה,false,,10.90,0.0000,true,1,171392
7290015039253,false,וילי פוד עלי גפן במי מלח 620 גר,קוראהן פזלרמה וי דיס,TR,עלי גפן במי מלח 620ג,,620.00,,false,,10.90,0.0176,true,1,172013
7290015150088,false,מחית עגבניות גרנד איטליה 700גרם,שוורצקוף& הנקל דיסלד,IT,מחית עגבניות גרנד אי,,700.00,100 גרם,false,,12.90,0.0184,true,1,135387
7290015150118,false,עגבניות חתוכות דק בלה איטליה 3*400 ג',אמיליאנה קונסרב ס.פ.,IT,עגבניות חתוכות 3* 40,,1200.00,,false,,13.90,0.0116,true,1,135388
7290015150903,false,תה ירוק קינמון דבש 25 שקיקים,ויסוצקי ירוק,IL,תה ירוק קינמון ודבש,יחידה,0.00,יחידה,false,,25.90,0.0000,true,1,139560
7290015155830,false,מחית תפוחי עץ ובננה חטיפטף ללא תוספת סוכר,פרוטה פודיווין,CZ,פרינוק פאוץ' בטעם תפ,,120.00,,false,,5.90,0.0492,true,1,185082
7290015155847,false,מחית סלט פירות חטיפטף ללא תוספת סוכר,פרוטה פודיווין איי.א,CZ,פרינוק פאוץ' בטעם סל,,120.00,100 גרם,false,,5.90,0.0492,true,1,185083
7290015156769,false,מחית פרינוק פאוץ' תפוח ואוכמניות 120 גרם,,,פרינוק פאוץ תפוח ואו,,120.00,,false,,5.90,0.0492,true,1,185085
7290015156776,false,מחית פירות טרופיים חטיפטף ללא תוספת סוכר,פרינוק,,פרינוק פאוץ פירות טר,,120.00,,false,,5.90,0.0492,true,1,185084
7290015251174,false,"שלישיית סבון ידים ירוק נובו 500 מ""ל",סאסאטק,IL,נובו אל סבון ירוק של,,1500.00,100 גרם,false,,10.00,0.0067,true,1,133241
7290015251181,false,שלישיית ס.ידים כחול 500מל נובו,סאסאטק,IL,נובו אל סבון כחול של,,1500.00,,false,,10.00,0.0067,true,1,133242
7290015282000,false,איקרה אדומה שמיר 200 ג',שבעת הימים - שמיר,,איקרה אדומה 200גר שמ,,200.00,,false,,16.90,0.0845,true,1,136963
7290015282024,false,איקרה לבנה סלטי שמיר,שבעת הימים - שמיר,,איקרה לבנה 200גר שמי,,200.00,,false,,16.90,0.0845,true,1,136965
7290015282390,false,סלט תורכי שמיר 200 גר',"סלטי שמיר 2006 בע""מ",IL,תורכי 200 גרם גורמה,,200.00,100 גרם,false,,14.90,0.0745,true,1,173230
7290015282581,false,חומוס שמיר אבו גוש עם חריף 200 גר',"סלטי שמיר 2006 בע""מ",IL,חומוס אבו גוש עם חרי,,200.00,,false,,14.90,0.0745,true,1,173231
7290015282642,false,חומוס שמיר אבו גוש 200 גר',"סלטי שמיר 2006 בע""מ",IL,"חומוס אבו ג""וש 200 ג",,200.00,100 גרם,false,,14.90,0.0745,true,1,173237
7290015282673,false,חציל שמיר במיונז ביתי 200 גורמה גר',"סלטי שמיר 2006 בע""מ",IL,חציל במיונז ביתי שמי,,200.00,100 גרם,false,,14.90,0.0745,true,1,173239
7290015282680,false,קישוא בטעם כבד שמיר 200 גר',"סלטי שמיר 2006 בע""מ",IL,קישוא בטעם כבד 200 ג,,200.00,100 גרם,false,,14.90,0.0745,true,1,173240
7290015282697,false,כרוב אדום שמיר גורמה 200גר,"סלטי שמיר 2006 בע""מ",IL,כרוב אדום 200 גר,,200.00,100 גרם,false,,14.90,0.0745,true,1,173241
7290015282710,false,קוביות סלק שמיר 200 גר',"סלטי שמיר 2006 בע""מ",IL,קוביות סלק 200 גר,,200.00,100 גרם,false,,14.90,0.0745,true,1,173242
7290015282727,false,גזר מרוקאי ברוטב פיקנטי אסלי שמיר 200 ג',"סלטי שמיר 2006 בע""מ",IL,גזר מרוקאי ברוטב פיק,,200.00,,false,,14.90,0.0745,true,1,173243
7290015282734,false,מטבוחה שמיר ביתית גורמה 200 ג ',"סלטי שמיר 2006 בע""מ",IL,מטבוחה ביתית 200 גר,,200.00,100 גרם,false,,14.90,0.0745,true,1,173244
7290015282741,false,חציל תאילנדי אסלי שמיר 200 ג',"סלטי שמיר 2006 בע""מ",IL,חציל תאילנדי 200 גר,,200.00,100 גרם,false,,14.90,0.0745,true,1,173245
7290015320481,false,שוקולד מריר 60% יעד,,,שוקולד מריר 60% יעד,,100.00,,false,,4.90,0.0490,true,1,186024
7290015324007,false,תבלין פלפל שחור גרוס 80 ג',תות ממתקי איכות,IL,פלפל שחור גרוס שקית,,80.00,100 גרם,false,,11.90,0.1488,true,1,133144
7290015324014,false,תבלין פלפל שחור טחון 80 ג',תות ממתקי איכות,IL,פלפל שחור טחון שקית,,80.00,,false,,11.90,0.1488,true,1,133145
7290015324038,false,פפריקה מרוקאית מתוקה בשמן,תות ממתקי איכות,IL,פפריקה בשמן שקית 80ג,,80.00,,false,,6.90,0.0863,true,1,133146
7290015324052,false,תבלין פפריקה מתוקה 80 ג',תות ממתקי איכות,IL,פפריקה מתוקה שקית 80,,80.00,,false,,6.90,0.0863,true,1,133148
7290015324069,false,תערובת תיבול גריל עוף,תות ממתקי איכות,IL,גריל עוף שקית 80גר,,80.00,,false,,6.90,0.0863,true,1,133149
7290015324076,false,טעם וריח זעתר שקית 8,תות ממתקי איכות,IL,זעתר שקית 80גר,,80.00,,false,,7.90,0.0988,true,1,133150
7290015324083,false,טעם וריח מלח לימון ש,תות ממתקי איכות,IL,מלח לימון שקית 80גר,,80.00,100 גרם,false,,6.90,0.0863,true,1,133151
7290015324090,false,תבלין כמון טחון 80 ג',תות ממתקי איכות,IL,כמון שקית 80גר,,80.00,100 גרם,false,,6.90,0.0863,true,1,133152
7290015324106,false,תבלין כורכום טחון 80 גר',תות ממתקי איכות,IL,כורכום שקית 80גר,,80.00,,false,,6.90,0.0863,true,1,133153
7290015324120,false,טעם וריח שום גבישי ב,תות ממתקי איכות,IL,שום גבישי שקית 80גר,,80.00,,false,,9.90,0.1238,true,1,133155
7290015324168,false,תבלין על האש תיבול 80 גר' שק',תות ממתקי איכות,IL,על האש ללא מונוסודיו,,80.00,,false,,7.90,0.0988,true,1,133157
7290015324175,false,תבלין שווארמה תיבול 80 גר' שק',תבליני טעם וריח,IL,שווארמה ללא מונוסודי,,80.00,100 גרם,false,,7.90,0.0988,true,1,133158
7290015324526,false,תערובת תיבול לפרגיות 80 ג',יוליניבר,IL,תערובת תיבול לפרגיות,,80.00,100 גרם,false,,7.90,0.0988,true,1,179781
7290015324557,false,בהרט לבישול מיכל גדול 80 ג',"תבליני טעם וריח בע""מ",IL,בהרט לבישול מיכל גדו,,80.00,100 גרם,false,,9.90,0.1238,true,1,179793
7290015324564,false,כוסברה טחונה מיכל גדול 70 ג',"תבליני טעם וריח בע""מ",IL,כוסברה טחונה מיכל גד,,70.00,,false,,9.90,0.1414,true,1,179794
7290015324670,false,מטחנת פלפל שחור שלם 50 ג' טעם וריח,טעם וריח,IL,מטחנת פלפל שחור שלם,,50.00,100 גרם,false,,13.90,0.2780,true,1,194554
7290015324694,false,מטחנת מלח ים 100 גר,,,מטחנת מלח ים 100 גר,,50.00,100 גרם,false,,13.90,0.2780,true,1,194560
7290015324700,false,מטחנת מלח הימלאיה 100 ג' טעם וריח,,,מטחנת מלח הימלאיה 1,,50.00,,false,,13.90,0.2780,true,1,194561
7290015339414,false,דבש טהור 350גר טעמן,,,דבש טהור 350גר טעמן,,350.00,100 גרם,false,,15.90,0.0454,true,1,172942
7290015339551,false,פסטה פתיתים קוסקוס טעמן 500 גר',טעמן,,פתיתים אפויים קוסקוס,,500.00,,false,,5.90,0.0118,true,1,139326
7290015339568,false,פסטה פתיתים אורז טעמן 500 גר',,,פתיתים אפויים אורז ט,,500.00,100 גרם,false,,5.90,0.0118,true,1,139327
7290015347273,false,נטיפי שוקולד אמיתי לאפיה 250 גר',,,נטיפי שוקולד אמיתי 2,,250.00,,false,,10.90,0.0436,true,1,166693
7290015347525,false,צ'יפס בטטה עם שום ורוזמרין 80גרם,מיה תעשיות מזון בעמ,IL,צ'יפס בטטה עם שום ור,,80.00,,false,,8.90,0.1113,true,1,179861
7290015347532,false,צ'יפס בטטה עם שמן זית ועשבי תיבול 80גרם,מיה תעשיות מזון בעמ,IL,צ'יפס בטטה עם שמן זי,,80.00,100 גרם,false,,8.90,0.1113,true,1,179862
7290015350150,false,"יין אדום חצי יבש סגל 750 מ""ל",כרמי צבי - אחים סגל,IL,יין סגל אדום חצי יבש,,750.00,,false,,24.90,0.0332,true,1,187308
7290015366663,false,"אקווה פרש משחת שיניים מנטה עדין 100מ""ל",אקווה פרש Aquafresh,SK,אקווה פרש עדין משחת,,100.00,100 גרם,false,,8.90,0.0890,true,1,138576
7290015366670,false,משחת שיניים הגנה משולשת מנטה מרענן,אקווה פרש Aquafresh,SK,אקווה פרש מנטה משחת,,100.00,100 גרם,false,,8.90,0.0890,true,1,138577
7290015395045,false,קינואה שקדיה 400 גרם,"דין שיווק וקליה בע""מ",IL,קינואה 400גר,,400.00,100 גרם,false,,9.90,0.0248,true,1,135945
7290015437585,false,מוזלי קראנצ'י צימוק שוקולד ובננה 600ג',,,מוזלי קראנץ צימוק שו,,600.00,100 גרם,false,,13.90,0.0232,true,1,163008
7290015528160,false,"צלחת במבוק 10 ""סדרת",,,"צלחת במבוק 10 ""סדרת",יחידה,0.00,יחידה,false,,29.90,0.0000,true,1,173049
7290015528375,false,מרקיה לבנה מודפס כסף,,,מרקיה לבנה מודפס כסף,,20.00,,false,,12.90,0.6450,true,1,173057
7290015528412,false,קסרול לבן מודפס כסף,,,קסרול לבן מודפס כסף,,20.00,,false,,7.90,0.3950,true,1,173061
7290015528832,false,צלחת 9 מתכלה אר' 25 יח' דנטס,,,צלחת 9 מתכלה אר' 25,יחידה,0.00,יחידה,false,,14.90,0.0000,true,1,173080
7290015603225,false,איטריות בתוספת גזר 4,פוגקן לונגהי אנלידה,CN,איטריות בתוספת גזר 4,,454.00,100 גרם,false,,10.90,0.0240,true,1,159814
7290015603560,false,שימורי קרם קוקוס 400,אסי אטיק גרו אינדוסט,TH,קרם קוקוס 20-22% 400,,400.00,,false,,9.90,0.0248,true,1,170477
7290015652254,false,גרעיני חמניה קלויים 500 ג',דין שיווק,IL,גרעינים שחורים 400 ג,,400.00,100 גרם,false,,10.00,0.0250,true,1,162273
7290015652278,false,תערובת פיצוחים ששון,"דין שיווק וקליה בע""מ",IL,תערובת פיצוחים 250גר,,250.00,100 גרם,false,,20.00,0.0800,true,1,162304
7290015652292,false,קבוקים עם שומשום 400גר,"דין שיווק וקליה בע""מ",IL,קבוקים עם שומשום 500,,500.00,100 גרם,false,,10.00,0.0200,true,1,136835
7290015652308,false,מנצ'ס ששון הקולה 300,,,מנצס ששון הקולה 300,,300.00,,false,,10.00,0.0333,true,1,162295
7290015652322,false,בוטנים אמריקאים מצופים 400 ג',דין שיווק,IL,בוטנים אמריקאים מצופ,,400.00,,false,,10.00,0.0250,true,1,136837
7290015652384,false,"קמח תירס ללא גלוטן 1 ק""ג",דין שיווק,IT,קמח תירס ללא 1קג,,1000.00,100 גרם,false,,9.90,0.0099,true,1,160527
7290015652407,false,פיסטוק קלוי ששון הקו,"דין שיווק וקליה בע""מ",IL,פיסטוק 250גר,,250.00,100 גרם,false,,20.00,0.0800,true,1,162305
7290015733168,false,מטרנה גולד שלב שלוש 700 ג',מטרנה,,מטרנה גולד שלב3 700ג,,700.00,,false,,74.90,0.1070,true,1,185694
7290015775632,false,חמאת בוטנים הטיב 35,g&g,IL,חמאת בוטנים 350גר,,350.00,,false,,15.90,0.0454,true,1,192062
7290015804486,false,עגבניות מרוסקות בטעם שקשוקה 260 ג' טל,טל,,עגבניות מרוסקות שקשו,,250.00,100 גרם,false,,4.90,0.0196,true,1,138008
7290015855013,false,פלפל טינקרבל ארוז,,,פלפל טינקרבל ארוז,יחידה,0.00,יחידה,false,,7.90,0.0000,true,1,135900
7290015855037,false,פלפל צ'ילי.,,,פלפל צ'ילי.,יחידה,0.00,יחידה,false,,6.90,0.0000,true,1,136130
7290015855051,false,מלפפון מיני ארוז,,,מלפפון מיני ארוז,יחידה,0.00,יחידה,false,,8.90,0.0000,true,1,135490
7290015855143,false,שום קלוף 170גרם,,,שום קלוף 170גרם,יחידה,0.00,יחידה,false,,11.90,0.0000,true,1,160342
7290015855228,false,אספרגוס,,,אספרגוס,יחידה,0.00,יחידה,false,,24.90,0.0000,true,1,137833
7290015855501,false,חסה עגולה שקית,,,חסה עגולה שקית,יחידה,0.00,יחידה,false,,5.90,0.0000,true,1,196142
7290015856171,false,בייגלה שמיניות מלח 200 גרם הדר,,,בייגלה שמיניות עם מל,,200.00,,false,,5.90,0.0295,true,1,191972
7290015858212,false,ממרח לימון כבוש עללחם 180 ג',,,ממרח לימון כבוש 180,,180.00,,false,,15.90,0.0883,true,1,170670
7290015858441,false,ממרח איולי פלפלים 295 ג' עללחם,עלית,IL,עללחם ממרח איולי פלפ,,295.00,100 גרם,false,,15.90,0.0539,true,1,195203
7290015865692,false,תענוג פרי תות שדה ענ,קריות זול,IL,קונפיטורה תענוג פרי,,400.00,100 גרם,false,,16.90,0.0422,true,1,195147
7290015865708,false,תענוג פרי אוכמניות ע,קריות זול,IL,קונפיטורה תענוג פרי,,400.00,,false,,16.90,0.0422,true,1,195148
7290015865715,false,תענוג פרי ע ציון פ יער,קריות זול,IL,קונפיטורה תענוג פרי,,400.00,,false,,16.90,0.0422,true,1,195149
7290015865722,false,קונפיטורת תות שדה ענ,ענבי ציון,IL,קונפיטורת לייט תות ש,,400.00,,false,,18.90,0.0472,true,1,195152
7290015865739,false,קונפיטורת לייט אוכמנ,,,קונפיטורת לייט אוכמנ,,400.00,,false,,18.90,0.0472,true,1,195153
7290015968973,false,כפפות ניטריל שחורות ללא אבקה - M,סייף טאץ' Safe Touch,,כפפות ניטריל 100יח M,יחידה,0.00,יחידה,false,,24.90,0.0000,true,1,195836
7290015968980,false,כפפות ניטריל שחורות ללא אבקה - L,סייף טאץ' Safe Touch,,כפפות ניטריל 100יח L,יחידה,0.00,יחידה,false,,24.90,0.0000,true,1,195838
7290015968997,false,כפפות ניטריל שחורות,,,כפפות ניטריל 100יח X,יחידה,0.00,יחידה,false,,24.90,0.0000,true,1,195837
7290016006025,false,סודה שוופס בקבוק 500,יפאורה תבורי בעמ,IL,שוופס סודה 500מל,,500.00,,false,,3.90,0.0078,true,1,162355
7290016006292,false,נקטר מנגו בננה מלון קרטונית 1 ל' ספרינג,"יפאורה תבורי בע""מ",IL,ספרינג מנגו בננה מלו,,1000.00,100 גרם,false,,7.90,0.0079,true,1,138828
7290016028348,false,מפת אל בד חתוך 11/18,,,מפת אל בד חתוך 11/18,יחידה,0.00,יחידה,false,,4.90,0.0000,true,1,173094
7290016028836,false,קש מתקפל צבעוני אר' 150 יח' דנטס,,,קש מתקפל צבעוני אר',יחידה,0.00,יחידה,false,,7.90,0.0000,true,1,192337
7290016102161,false,גביעי נייר מעוטרים מ,,,גביעי נייר מעוטרים מ,יחידה,0.00,יחידה,false,,5.90,0.0000,true,1,186576
7290016102895,false,מפיות צבעוני מעורב 100 יח'.,,TR,מפיות צבעוני מעורב 1,יחידה,0.00,יחידה,false,,7.90,0.0000,true,1,185356
7290016144000,false,"קמח חיטה מלאה נפלאות 80% 1 ק""ג","קמח מלכים בע""מ",IL,קמח נפלאות חיטה 80%,,1000.00,,false,,9.90,0.0099,true,1,193461
7290016144017,false,"קמח חיטה מלאה נפלאות 100% 1 ק""ג",קמח מלכים,IL,קמח נפלאות חיטה מלא,,1000.00,,false,,9.90,0.0099,true,1,193463
7290016144024,false,"קמח כוסמין מלא נפלאות 100% 1 ק""ג","קמח מלכים בע""מ",IL,קמח נפלאות כוסמין מל,,1000.00,,false,,14.90,0.0149,true,1,193466
7290016150117,false,סלק אדום מבושל 500 ג' בוואקום,חקלאי,IL,סלק וואקום,,500.00,,false,,6.90,0.0138,true,1,139153
7290016150711,false,Avel -נוזל קוקוס תאילנדי בפחית 400 גרם,,,נוזל קוקוס אבאל 400,,400.00,100 גרם,false,,6.90,0.0173,true,1,179510
7290016162264,false,עוגת גבינה רנססנס 450 גר',קפולסקי שיווק וקמעונ,IL,עוגת גבינה רנסנס 450,,450.00,,false,,39.90,0.0887,true,1,138428
7290016188608,false,"יין למברוסקו לבן חצי יבש 750מ""ל",יקב גאקובזי,IT,יין למברוסקו לבן חצי,,750.00,,false,,24.90,0.0332,true,1,162370
7290016197488,false,מטליות מיקרופייבר למשטחים ניקול 3יח',UFO INC,CN,מטלית קסם לשיש ניקול,יחידה,0.00,יחידה,false,,15.90,0.0000,true,1,138673
7290016197495,false,מטלית קסם מיקרופייבר לרצפה ניקול 2יח',חוגלה קימברלי,CN,מטליות מיקרופייבר זו,יחידה,0.00,יחידה,false,,19.90,0.0000,true,1,138674
7290016197617,false,דיפנד - תחבושות לנשים אקסטרה 10 יח',kimberly clark,,תחבושות דיפנד אקסטרה,יחידה,0.00,יחידה,false,,20.90,0.0000,true,1,139544
7290016197624,false,דיפנד - תחבושת לנשים סופר 8 יח',kimberly clark,,תחבושות דיפנד סופר 8,יחידה,0.00,יחידה,false,,20.90,0.0000,true,1,139545
7290016197839,false,ניקול השקית החזקה 20 יח' XL,אשפלסט תעשיות בעמ,IL,השקית החזקה 20יח XL,יחידה,0.00,יחידה,false,,22.90,0.0000,true,1,138675
7290016217742,false,חציל בטחינה שמיר 200 ג',"סלטי שמיר 2006 בע""מ",IL,חציל אש בטחינה 200 ג,,200.00,100 גרם,false,,14.90,0.0745,true,1,173251
7290016217759,false,חצילים בסגנון מרוקאי,"סלטי שמיר 2006 בע""מ",IL,סלט חציל מרוקאי 200,,200.00,,false,,14.90,0.0745,true,1,163587
7290016233384,false,גפילטע פיש 7קציצות מהדרין 550ג',,,גפילטע פיש 7קציצות מ,,550.00,,false,,14.90,0.0271,true,1,138514
7290016233575,false,שיבולת שועל 600 גר,,,שיבולת שועל 600גר,,600.00,,false,,6.90,0.0115,true,1,163010
7290016233711,false,פסטה לינגוויני לה פס,,,פסטה לה פסטה לינגווי,,400.00,,false,,4.90,0.0123,true,1,167724
7290016233995,false,שימורי אנשובי עם שמן זית 45 ג' תומר,Inversiones prisco s,,אנשובי בפח עם שמן זי,,45.00,,false,,7.90,0.1756,true,1,164817
7290016246018,false,בארכה מיקס פינוקיות חלווה 10*20ג,רושדי תעשיות מזון בע,IL,בארכה מיקס פינוקיות,,200.00,,false,,14.90,0.0745,true,1,138837
7290016246452,false,טחינה גולמית מעודנת לימון שום בארכה 310ג',בארכה,IL,טחינה גולמית מעודנת,,310.00,100 גרם,false,,14.90,0.0481,true,1,169049
7290016276534,false,"שמן קוקוס לא מזוכך 500 מ""ל",דין שיווק,IL,שמן קוקוס לא מזוכך 5,,500.00,100 גרם,false,,29.90,0.0598,true,1,160463
7290016276763,false,מעדן שזיף 100% רכיבי פרי ללא סוכר שקדיה 284 ג',שקדיה,IL,מעדן שזיף 100% רכיבי,,284.00,100 גרם,false,,11.90,0.0419,true,1,160128
7290016276794,false,מעדן פירות ללא סוכר שקדיה 284 ג',שקדיה,IL,מעדן תפוז 100% רכיבי,,284.00,100 גרם,false,,11.90,0.0419,true,1,160131
7290016276855,false,מנה חמה אטריות טעם ירקות 70 גרם,טיאן הונג,TH,תבשיל איטריות בטעם י,,70.00,100 גרם,false,,6.90,0.0986,true,1,173536
7290016372342,false,עגבניות חתוך קוביות גראנד איטליה מארז 400X3ג',גרנד איטליה Grand Italia,,עגבניות חתוכות לקובי,,1200.00,100 גרם,false,,13.90,0.0116,true,1,165192
7290016372458,false,חליטת צמחים לימונית ולואיזה הגן הקסום,קריות זול,,תה לימונית ולואיזה ו,,50.00,,false,,36.90,0.7380,true,1,165191
7290016387407,false,אטבי כביסה 9 יח' מילניום ר. שמאי,,,אטבי כביסה 9 יח' מיל,יחידה,0.00,יחידה,false,,4.90,0.0000,true,1,193381
7290016387711,false,שלישיית מטליות מיקרו,,,שלישיית מטליות מיקרו,יחידה,0.00,יחידה,false,,10.90,0.0000,true,1,166129
7290016408294,false,"מרשמלו ורוד לבן וסטהיים 150 ג', 26 בקרטון",מנדלז סי.אר. פרודקשן,IL,מרשמלו ורוד לבן כרמי,,150.00,,false,,5.90,0.0393,true,1,165932
7290016416961,false,מוס גבינה תות שדה 400 גר',קפולסקי שיווק וקמעונ,IL,פס גבינה שמנת בציפוי,,400.00,100 גרם,false,,39.90,0.0997,true,1,170770
7290016437621,false,"תחתוני חיתולים פרידום דריי מידה 4 9-11 ק""ג",האגיס Huggies,CZ,האגיס פרידום דריי PA,יחידה,0.00,יחידה,false,,47.90,0.0000,true,1,166492
7290016437645,false,האגיס פרידום דריי פנטס מידה 5 34 יח',קימברלי,CZ,האגיס פרידום דריי PA,יחידה,0.00,יחידה,false,,47.90,0.0000,true,1,166493
7290016437652,false,האגיס פרידום דריי פנטס מידה 6 30 יח',קימברלי,CZ,האגיס פרידום דריי PA,יחידה,0.00,יחידה,false,,47.90,0.0000,true,1,166494
7290016509786,false,פרסיל - ג'ל כביסה ירוק 2.50 ליטר,פרסיל Persil,IL,פרסיל ג'ל 2.5ליטר יר,ליטרים,2.50,ליטר,false,,32.90,13.1600,true,1,168226
7290016509809,false,ג'ל מרוכז לכביסה קולור 2.5 ל' פרסיל,פרסיל Persil,IL,פרסיל ג'ל 2.5 ליטר ק,ליטרים,2.50,ליטר,false,,32.90,13.1600,true,1,168227
7290016580440,false,תבניות עגולות גדולות,,,תבניות עגולות גדולות,יחידה,0.00,יחידה,false,,9.90,0.0000,true,1,170105
7290016601886,false,תרסיסי נירוסטה מגיק,,,תרסיסי נירוסטה מגיק,,500.00,,false,,15.90,0.0318,true,1,164490
7290016682328,false,מיץ תפוזים מרכז 2 ליטר,פריניב,IL,מיץ תפוזים מרכז 2 לי,,2000.00,100 גרם,false,,17.90,0.0090,true,1,196134
7290016682335,false,מיץ תפוזים 100% סחוט טבעי,פריניב,IL,מיץ תפוזים 2 ליטר,,2000.00,100 גרם,false,,25.90,0.0130,true,1,196133
7290016682342,false,מיץ תפוזים ולנסיה 2 ליטר,פריניב,IL,מיץ תפוזים ולנסיה 2,,2000.00,100 גרם,false,,25.90,0.0130,true,1,196132
7290016682359,false,מיץ תפוזים שמוטי 2 ליטר,פריניב,IL,מיץ תפוזים סחוט שמוט,,2000.00,100 גרם,false,,25.90,0.0130,true,1,196131
7290016682441,false,100% מיץ תפוזים מיוצר מרכז טבעי,פריניב,IL,מיץ תפוזים 100% 1 לי,,1000.00,100 גרם,false,,12.90,0.0129,true,1,196130
7290016717099,false,"יין כרמל סלקטד אדום חצי יבש, 750 מ""ל",יקבי כרמל Carmel Winery,IL,יין סלקטד אדום חצי י,,750.00,,false,,28.90,0.0385,true,1,160446
7290016717754,false,"יין ישן נושן היובל 750 מ""ל",אגודת הכורמים הקואופ,IL,"יין ישן נושן 750 מ""ל",,750.00,100 גרם,false,,17.90,0.0239,true,1,168597
7290016717976,false,יין באזז ספארקלינג א,קריות זול,IL,באז משקה מבוסס יין מ,,750.00,100 גרם,false,,25.90,0.0345,true,1,186335
7290016866674,false,"פרודונטקס - משחת שיניים מלבינה 75 מ""ל",פרודונטקס Parodontax,SK,פרודונטקס משחת שיניי,,75.00,,false,,29.90,0.3987,true,1,168278
7290016882421,false,קונפיטורה 450 גרם אפ,דין שיווק,IL,קונפיטורה אפרסק 70%,,450.00,,false,,12.90,0.0287,true,1,195234
7290016898149,false,נר מס' 4 ר. שמאי,,,נרות שבת מס 4,יחידה,0.00,יחידה,false,,3.50,0.0000,true,1,191082
7290016898156,false,נר שבת מס' 6 יח',,,נרות שבת מס 6,יחידה,0.00,יחידה,false,,3.50,0.0000,true,1,191083
7290016898170,false,נר שבת מס' 10 יח',,,נרות שבת מס 10,יחידה,0.00,יחידה,false,,3.50,0.0000,true,1,191086
7290016898187,false,נר מס' 20 ר.שמאי,,,נרות שבת מס 20,יחידה,0.00,יחידה,false,,3.50,0.0000,true,1,191087
7290017023663,false,"שוופס מיץ פירות לימונייד פחית מארז 330X4מ""ל",יפאורה תבורי,IL,שוופס מוגז פירות למו,,1320.00,,false,,15.90,0.0120,true,1,170707
7290017023809,false,"רביעיית ספרינג אגס סברס תפוח 250 מ""ל",יפאורה תבורי,IL,ספרינג אגס סברס תפוח,,1000.00,,false,,14.90,0.0149,true,1,170708
7290017023816,false,"רביעיית ספרינג פירות טרופיים 250 מ""ל",יפאורה תבורי,IL,ספרינג פירות טרופיים,,1000.00,100 גרם,false,,14.90,0.0149,true,1,170709
7290017023854,false,מי סודה בקבוקים אישיים - מארז 4 יח',יפאורה תבורי בעמ,IL,"שוופס סודה 4*250מ""ל",,1000.00,,false,,13.90,0.0139,true,1,170704
7290017058092,false,שיבולת שועל שלמים 60,,,שיבולת שועל שלמה 600,,600.00,100 גרם,false,,6.90,0.0115,true,1,165775
7290017058139,false,"רביעיית רסק תפו""ע תות שדה",Cherry growers inc,,רסק תפוח עץ עם תות ש,יחידה,0.00,יחידה,false,,11.90,0.0000,true,1,168118
7290017058146,false,רסק תפוחי עץ עם אפרסק,Cherry growers inc,,רסק תפוח עץ עם אפרסק,יחידה,0.00,יחידה,false,,11.90,0.0000,true,1,168119
7290017065007,false,פרוסות גבינה מוצרלה חצי קשה 22% שומן 200 ג' גד,מחלבות גד בעמ,IL,מוצרלה פרוסה 150 גרם,,150.00,100 גרם,false,,18.70,0.1247,true,1,163252
7290017065137,false,ריקוטה למריחה 5% טבעית 200 גרם - רובין,האי נאם סי או אל.טי.,IL,ריקוטה למריחה 5% טבע,,200.00,,false,,10.70,0.0535,true,1,166358
7290017065236,false,גבינה בולגרית מעודנת 24% גד 250 ג',הנסיך- מפעל לייצור ט,IL,בולגרית מעודנת 250גר,,250.00,100 גרם,false,,23.90,0.0956,true,1,167179
7290017065526,false,קוואטרו פורמאג'י 4 גבינות מגוררות 26%,מחלבות גד בעמ,IL,קוואטרו פורמאג'י 300,,300.00,100 גרם,false,,29.90,0.0997,true,1,170942
7290017065588,false,יוגורט יווני 10% שומן 600 ג' גד,"מיוצר ע""י קוד יצרן M",IL,יוגורט יווני 600 גרם,,600.00,,false,,16.50,0.0275,true,1,186379
7290017065663,false,פטה עיזים מעודנת 16% 250 ג',ג'נרל מילס סאן אדריא,IL,בולגרית עיזים מעודנת,,250.00,100 גרם,false,,31.90,0.1276,true,1,188628
7290017065731,false,גבינת שמנת 30% ניו יורק +כמהין 200 גרם רבנות,פ.פ.ח. שאביט,IL,גבינת שמנת ניו יורק,,200.00,,false,,13.90,0.0695,true,1,190105
7290017088105,false,טיטולי בייביסיטר מידה 3 38 יח,די.פי.אל תעשיות מוצר,IL,בייביסיטר פרפורמנס נ,,38.00,,false,,29.90,0.7868,true,1,167593
7290017088327,false,מגבוני בייביסיטר extra soft ללא בישום 4*64 יח',,,מגבוני בייביסיטר אקס,יחידה,0.00,יחידה,false,,15.90,0.0000,true,1,186418
7290017094847,false,סלט תפוחי אדמה אסלי שמיר 400 ג',סלטי שמיר 2006 בעמ,IL,סלט תפוחי אדמה 400 ג,,400.00,100 גרם,false,,13.90,0.0348,true,1,169726
7290017094861,false,חומוס עם רוטב מסבחה אסלי שמיר 400 ג',סלטי שמיר 2006 בעמ,IL,חומוס עם רוטב מסבחה,,400.00,100 גרם,false,,13.90,0.0348,true,1,169728
7290017105369,false,סירופ דיאט אייס תה אפרסק 1 ליטר,זנלכל,IL,סירופ דיאט אייס אפרס,,1000.00,,false,,16.90,0.0169,true,1,171346
7290017105383,false,תירס לילדים יכין 3*200 גר',,,תירס קיד יכין שלישיי,,495.00,,false,,14.90,0.0301,true,1,185635
7290017105468,false,שלישיית אפונה קטן -,קשקמט קונסרב הונגריה,HU,אפונה גינה יכין Oz2,,600.00,100 גרם,false,,14.90,0.0248,true,1,184994
7290017121093,false,אריסה חריפה 250 גרם עללחם,"מדשא תעשיות מזון בע""",IL,ממרח אריסה חריפה 250,,250.00,,false,,12.90,0.0516,true,1,170683
7290017142128,false,"שמן זית כתית מעולה עץ הזית 750 מ""ל",שמן תעשיות,,שמן זית כתית מעולה ק,,750.00,100 גרם,false,,34.90,0.0465,true,1,166627
7290017142340,false,שמן זרעי ענבים מזוכך 1 ל',עץ השדה,IL,שמן זרעי ענבים מזוכך,,1000.00,100 גרם,false,,29.90,0.0299,true,1,191537
7290017142371,false,"שמן שומשום 250 מ""ל עץ הזית",עץ הזית,,"שמן שומשום ""עץ הזית""",,250.00,,false,,29.90,0.1196,true,1,191535
7290017142388,false,שמן חמניות אומגה 3 פלוס 1 ליטר עץ הזית,עץ הזית,,שמן חמניות פלוס 1 לי,ליטרים,1.00,ליטר,false,,17.90,17.9000,true,1,191538
7290017217802,false,"שקיות אוכל 25 ס""מ זוג 2*150 בשרינק",,,שקיות אוכל מארז זוג*,,300.00,,false,,7.90,0.0263,true,1,195858
7290017289205,false,"יין ישראלי קברנה סוביניון 750 מ""ל",יקב טפרברג 1870 בעמ,IL,יין קברנה סוביניון 7,,750.00,100 גרם,false,,24.90,0.0332,true,1,169661
7290017297330,false,"טל רוטב עגבניות מרוכז, 240 גרם",טל וטרי,,רוטב עגבניות מרוכז ט,,260.00,100 גרם,false,,4.90,0.0188,true,1,195561
7290017297620,false,רסק עגבניות A2 BX22 טל וטרי 570 גר',"מילוז(1989)בע""""מ",,רוטב עגבניות מרוכז 2,,570.00,100 גרם,false,,7.90,0.0139,true,1,192381
7290017297637,false,רכז עגבניות A2 BX28 טל וטרי 580 גר',"מילוז(1989)בע""""מ",,רוטב עגבניות מרוכז 2,,580.00,100 גרם,false,,8.90,0.0153,true,1,192382
7290017297644,false,ברוקולי קפוא גרין אנד פרש 800 גר',גרין אנד פרש Green & Fresh,,ברוקולי גרין אנד פרש,,800.00,100 גרם,false,,15.90,0.0199,true,1,192397
7290017297682,false,כרובית מקופאות 800 ג' גרין פריש,גרין אנד פרש Green & Fresh,,כרובית גרין אנד פרש,,800.00,100 גרם,false,,12.90,0.0161,true,1,192396
7290017457727,false,"סוד - מרכך כביסה מרוכז פרש סקיי 900 מ""ל",הנקל סוד,IL,סוד מרכך מרוכז כחול,,900.00,,false,,13.90,0.0154,true,1,170997
7290017457734,false,"סוד - מרכך כביסה מרוכז ווילד רוז 900 מ""ל",הנקל סוד,IL,סוד מרכך מרוכז ורוד,,900.00,100 גרם,false,,13.90,0.0154,true,1,170998
7290017470184,false,קשים עבים במיוחד שחו,,CN,קשים ארומה 100 יח',,100.00,,false,,11.90,0.1190,true,1,191093
7290017477169,false,קשיו קלוי ששון הקולה,ששון,IL,קשיו קלוי ששון הקולה,,250.00,,false,,20.00,0.0800,true,1,193848
7290017477251,false,שקד מולבן פרוס 180 ג,,,שקד מולבן פרוס 180 ג,,180.00,,false,,19.90,0.1106,true,1,173555
7290017477268,false,שקדים מולבן משובב 20,דין שיווק,,שקד מולבן משובב 200,,200.00,,false,,19.90,0.0995,true,1,168010
7290017477282,false,גרעיני דלעת קלופים קלויים 200 ג',דין שיווק,,גרעיני דלעת קלופים ק,,200.00,100 גרם,false,,10.00,0.0500,true,1,173557
7290017589633,false,יין רזרב קברנה סוביניון Gold Edition,יקבי ברקן Barkan,IL,יין רזרב ברקן גולד א,,750.00,100 גרם,false,,49.90,0.0665,true,1,170345
7290017599274,false,סוכרזית סטיוויה 120 שקיות,ביסקול בע''מ,IL,סוכרזית סטיוויה 120,יחידה,0.00,יחידה,false,,39.90,0.0000,true,1,194914
7290017599304,false,"סוכרזית סטיוויה כפית לכפית, 400 גרם",ביסקול בעמ,IL,סוכרזית סטיוויה כפית,,400.00,100 גרם,false,,39.90,0.0997,true,1,194915
7290017675015,false,טחינה היונה 450 גרם,היוצר,IL,טחינה היונה 450 גרם,,450.00,100 גרם,false,,14.90,0.0331,true,1,185437
7290017696409,false,פטריות פורטובלה,,,פטריות פורטובלה,יחידה,0.00,יחידה,false,,12.90,0.0000,true,1,169968
7290017715261,false,פתיתים בצורת אורז תו,קריות זול,,פתיתים בצורת אורז תו,,500.00,100 גרם,false,,5.90,0.0118,true,1,195878
7290017715278,false,פתיתים בצורת קוסקוס,קריות זול,,פתיתים בצורת קוסקוס,,500.00,100 גרם,false,,5.90,0.0118,true,1,195879
7290017715889,false,גרנולה עם אגוזים 600,,,גרנולה עם אגוזים 600,,600.00,100 גרם,false,,13.90,0.0232,true,1,188366
7290017812052,false,יין שיראז קברנה סוביניון אקסלנס Excellence,יקבי כרמל Carmel Winery,IL,יין אקסלנס שיראז-קבר,,750.00,100 גרם,false,,25.90,0.0345,true,1,169820
7290017812069,false,יין אמרלד ריזלינג שרדונה אקסלנס Excellence,יקבי כרמל Carmel Winery,IL,יין אקסלנס ריזלינג-ש,,750.00,100 גרם,false,,25.90,0.0345,true,1,169821
7290017812571,false,מיץ ענבים אדום 100% טבעי 1 ליטר,יקבי כרמל Carmel Winery,IL,מיץ ענבים אדום 100%,,1000.00,,false,,19.90,0.0199,true,1,185303
7290017812588,false,מיץ ענבים לבן 100% טבעי 1 ליטר,יקבי כרמל Carmel Winery,IL,מיץ ענבים לבן 100% ט,,1000.00,,false,,19.90,0.0199,true,1,185304
7290017812830,false,"יין רוזה פרייבט קולקשיין 750 מ""ל","כד בני דרום בע""מ",IL,יין רוזה פריווט קולק,,750.00,,false,,39.90,0.0532,true,1,189808
7290017812861,false,"יין וינו לבן יבש 750 מ""ל",קריות זול,IL,יין וינו לבן יבש 750,,750.00,,false,,19.90,0.0265,true,1,189810
7290017812885,false,יין קברנה סוביניון בלאן גוורצטרמינר,אגודת הכורמים א.ת אל,IL,סוביניון גוורצטרמינר,,750.00,100 גרם,false,,39.90,0.0532,true,1,190316
7290017871363,false,"סבון ידיים מועשר בשמן מקדמיה פמלי 500 מ""ל יהלום",המאפיה של הרמן,TR,פמלי יהלום סבון ידיי,,500.00,,false,,9.90,0.0198,true,1,186747
7290017871370,false,"סבון ידיים מועשר בשמן אבוקדו פמלי 500 מ""ל יהלום",המאפיה של הרמן,TR,פמלי יהלום סבון ידיי,,500.00,,false,,9.90,0.0198,true,1,186748
7290017888729,false,שוופס סודה בקבוק 1 ל',"יפאורה תבורי בע""מ",IL,שוופס סודה בקבוק 1 ל,,1000.00,100 גרם,false,,3.90,0.0039,true,1,186552
7290017938264,false,"חומוס בתוספת רוטב פיקנטי, 200 גרם",,,חומוס עם חריף 200 גר,,200.00,,false,,8.90,0.0445,true,1,194702
7290017946382,false,סוד - קפסולות ג'ל לכביסה 28 יח',קריות זול,,סוד קפסולות ג'ל לכבי,יחידה,0.00,יחידה,false,,29.90,0.0000,true,1,192514
7290017969084,false,מרקיות 25 יח שמאי,,,מרקיות 25 יחידות,יחידה,0.00,יחידה,false,,8.90,0.0000,true,1,185668
7290017969091,false,לפתניות 25 יחידות שמאי,,,לפתניות 25 יחידות,יחידה,0.00,יחידה,false,,7.90,0.0000,true,1,179915
7290017969237,false,פלסטרים 25 יח מעוצבים לילדים ר.שמאי,,,פלסטרים 25יח מודפסים,יחידה,0.00,יחידה,false,,4.90,0.0000,true,1,187058
7290017969299,false,קיסמי שיניים במבוק 500 יח',,,קיסמי שיניים 500 יח',יחידה,0.00,יחידה,false,,4.90,0.0000,true,1,193374
7290017969978,false,כוס מרוקאית צבעונית 40 יח',,,כוס מרוקאית 40 יח,יחידה,0.00,יחידה,false,,12.90,0.0000,true,1,190821
7290018023495,false,טחינה גולמית 500ג' סבא חביב,,,טחינה גולמית סבא חבי,,500.00,100 גרם,false,,15.90,0.0318,true,1,194682
7290018045084,false,דגנים במילוי קרם בטעם בראוניז 480 ג' BON & BON,,DE,דגני בוקר בון בון במ,,480.00,100 גרם,false,,22.90,0.0477,true,1,193063
7290018045497,false,דגנים במילוי קרם שוקולד 480 ג' BON & BON,,,דגני בוקר בון בון במ,,480.00,,false,,22.90,0.0477,true,1,193062
7290018045695,false,דגנים במילוי קרם קרמל מלוח 480 ג' BON & BON,,DE,דגני בוקר בון בון במ,,480.00,,false,,22.90,0.0477,true,1,193064
7290018045893,false,דגנים במילוי קרם נוגט 480ג' BON & BON,,DE,דגני בוקר בון בון במ,,480.00,,false,,22.90,0.0477,true,1,193061
7290018050460,false,קשיו קלוי קופסא 200,,,קשיו קלוי קופסא 200,,200.00,100 גרם,false,,15.00,0.0750,true,1,188313
7290018050491,false,אלמונדוס קופסא 220 ג,,,אלמונדוס קופסא 220 ג,,220.00,100 גרם,false,,10.00,0.0455,true,1,188287
7290018050514,false,בוטן מטוגן קופסא 240,,,בוטן מטוגן קופסא 240,,240.00,100 גרם,false,,10.00,0.0417,true,1,188289
7290018050545,false,גרעיני אבטיח קלויים ומומלחים 140 גרם,,,גרעיני אבטיח קלויים,,140.00,100 גרם,false,,10.00,0.0714,true,1,188292
7290018050552,false,גרעיני דלעת קלופים טבעיים 240 גרם,,,גרעיני דלעת קלופים ט,,240.00,100 גרם,false,,10.00,0.0417,true,1,188293
7290018050569,false,גרעיני חמניה קלופים טבעיים 400 גרם,,,גרעיני חמנייה קלופים,,400.00,100 גרם,false,,10.00,0.0250,true,1,188314
7290018050620,false,צימוקים בהירים קןפסא,,,צימוקים בהירים קןפסא,,220.00,100 גרם,false,,10.00,0.0455,true,1,188297
7290018050637,false,בוטנים אמריקאים - בוטנים מצופים 300 גרם,,,בוטנים אמריקאים מצופ,,300.00,100 גרם,false,,10.00,0.0333,true,1,188317
7290018050644,false,קבוקים - בוטנים מצופים 300 גרם,,,קבוקים-בוטנים מצופים,,300.00,100 גרם,false,,10.00,0.0333,true,1,188318
7290018050675,false,שקד קלוי קופסא 210 ג,,,שקד קלוי קופסא 210 ג,,210.00,100 גרם,false,,15.00,0.0714,true,1,188319
7290018050699,false,שקדים טבעיים קלופים 230 גרם,,,שקדים טבעיים קלופים,,230.00,100 גרם,false,,15.00,0.0652,true,1,188321
7290018050767,false,מיקס מאקס-חטיפי אורז,,,מיקס מאקס-חטיפי אורז,,300.00,,false,,10.00,0.0333,true,1,188324
7290018050774,false,מיאסי (בוטנים מצופים,,,מיאסי (בוטנים מצופים,,270.00,100 גרם,false,,10.00,0.0370,true,1,188325
7290018050781,false,אפונה מטוגנת קופסא 3,,,אפונה מטוגנת קופסא 3,,320.00,,false,,10.00,0.0313,true,1,188326
7290018050811,false,חטיף תירס ברביקיו 220 גר',,,חטיף תירס ברביקיו קו,,220.00,100 גרם,false,,10.00,0.0455,true,1,188327
7290018050828,false,חטיף חטיפול קופסא 22,,,חטיף חטיפול קופסא 22,,220.00,,false,,10.00,0.0455,true,1,188328
7290018050835,false,בוטנים קלויים ומומלחים 250 גרם,,,בוטנים קלויים ומומלח,,250.00,100 גרם,false,,10.00,0.0400,true,1,188329
7290018050842,false,שקדים בקרמל קופסא 20,,,שקדים בקרמל קופסא 20,,200.00,100 גרם,false,,15.00,0.0750,true,1,188330
7290018050859,false,אגוזי קשיו בקרמל 200 גרם,,,אגוזי קשיו בקרמל קופ,,200.00,,false,,15.00,0.0750,true,1,188331
7290018050866,false,בוטנים בכרמל קופסא 2,,,בוטנים בכרמל קופסא 2,,200.00,100 גרם,false,,10.00,0.0500,true,1,188303
7290018091029,false,מקלות פילו תפוחי אדמה מעדנות 450 ג',"מעדנות בע""מ",IL,מקלות פילו תפוחי אדמ,,450.00,,false,,16.90,0.0376,true,1,187183
7290018091616,false,מקלות פילו גבינה מעדנות 450 ג',מיוצר עי קונדיטוריית,IL,מקלות פילו גבינה 450,,450.00,,false,,16.90,0.0376,true,1,187182
7290018098264,false,מרק מינסטרונה +חלבון,,,מרק מינסטרונה +חלבון,,500.00,,false,,16.90,0.0338,true,1,195572
7290018098486,false,פיצה טבעונית משפחתית מרגריטה 350 גרם MILK FREE,נטורל קייקס,IL,פיצה משפחתית מרגריטה,,350.00,,false,,21.90,0.0626,true,1,194964
7290018131558,false,מאגדת מיני בייטס אור,שוורצקוף& הנקל דיסלד,PL,מאגדת מיני בייטס אור,,240.00,,false,,19.90,0.0829,true,1,190893
7290018165447,false,"יין רזרב גולד מרלו 750 מ""ל",יקבי ברקן שיווק והפצ,IL,יין רזרב גולד מרלו 7,,750.00,100 גרם,false,,49.90,0.0665,true,1,189775
7290018192658,false,מארז זוג פטריות פורטובלה ושמפיניון מרינה,"מרינה פטריות הגליל בע""מ",IL,פטריות צמד חמד איטלק,יחידה,0.00,יחידה,false,,15.90,0.0000,true,1,188760
7290018198148,false,"תפוגן קריספי צ'יפס קלאסי 1.25 ק""ג",עיצובים 2020 (4.5),,תפוגן קריספי צ'יפס ק,,1250.00,,false,,25.90,0.0207,true,1,190322
7290018198254,false,"תפוגן קריספי צ'יפס פוטטוס 1.25 ק""ג",עיצובים 2020 (4.5),,תפוגן קריספי צ'יפס פ,,1250.00,,false,,25.90,0.0207,true,1,190323
7290018204108,false,כוסות שתיה חמה 16 אוז 25 יח'',,,כוסות קרטון ענק OZ16,יחידה,0.00,יחידה,false,,15.90,0.0000,true,1,189619
7290018213247,false,מטליות לרצפה בניחוח,,,מטליות לחות לרצפה 10,יחידה,0.00,יחידה,false,,9.90,0.0000,true,1,186651
7290018213353,false,מטליות לרצפה בניחוח,,,מטליות לחות לרצפה 10,יחידה,0.00,יחידה,false,,9.90,0.0000,true,1,194545
7290018213995,false,3 מטליות מיקרופייבר,,,3 מטליות מיקרופייבר,יחידה,0.00,יחידה,false,,12.90,0.0000,true,1,194474
7290018237281,false,עוף טוב נקניק סלמי ירדן 550 גר',,,נקניק סלמי ירדן עוף,,550.00,,false,,23.90,0.0435,true,1,193654
7290018237373,false,עוף טוב פסטרמה צרובה על הגריל נתח שלם 300 גר',עיצובים 2020 (4.9),IL,פסטרמה צרובה על הגרי,,300.00,100 גרם,false,,26.90,0.0897,true,1,193647
7290018237397,false,עוף טוב פסטרמה מקורמלת נתח שלם 300 גר',מולינו ניקולי s.p.a,IL,פסטרמה מקורמלת מנתח,,300.00,100 גרם,false,,26.90,0.0897,true,1,193646
7290018237410,false,פסטרמה במעשנה נתח שלם עוף טוב 300 ג',מולינו ניקולי s.p.a,IL,פסטרמה במעשנה מנתח ש,,300.00,100 גרם,false,,26.90,0.0897,true,1,193645
7290018237496,false,פסטרמה בדבש דקדק 220 גר,עיצובים 2020 (4.9),IL,פסטרמה בדבש דק-דק 22,,220.00,100 גרם,false,,19.90,0.0905,true,1,193652
7290018237502,false,עוף טוב דק דק כתף בק,עיצובים 2020 (4.9),IL,כתף בקר דק-דק 200 גר,,200.00,,false,,19.90,0.0995,true,1,193653
7290018237922,false,שניצלונים ציפוי ציפס עוף טוב 700 גר',עיצובים 2020 (4.9),IL,שניצלונים בציפוי ציפ,,700.00,,false,,18.90,0.0270,true,1,193744
7290018237939,false,שניצלונים ציפוי שומשום עוף טוב 700 גר',עיצובים 2020 (4.9),IL,שניצלונים בציפוי שומ,,700.00,100 גרם,false,,18.90,0.0270,true,1,193745
7290018237960,false,עוף טוב כתף בקר עסיסי 265גרם,עיצובים 2020 (4.9),,עוף טוב כתף בקר עסיס,,265.00,100 גרם,false,,24.90,0.0940,true,1,194808
7290018294208,false,"סלקטד אדום יין ישראלי, 750 מ""ל","כד בני דרום בע""מ",IL,יין סלקטד אדום ישראל,,750.00,,false,,28.90,0.0385,true,1,191433
7290018294352,false,"ארק יקבי כרמל 700 מ""",יקבי כרמל Carmel Winery,IL,ארק 37.5% כרמל 700,,700.00,100 גרם,false,,49.90,0.0713,true,1,194737
7290018307212,false,תבנית רוסטר גדול 2 י,,,תבנית רוסטר גדול 2 י,יחידה,0.00,יחידה,false,,10.90,0.0000,true,1,193006
7290018307250,false,תבנית רוסטר אובלית 5,,,תבנית רוסטר אובלית 5,יחידה,0.00,יחידה,false,,10.90,0.0000,true,1,189411
7290018359112,false,יכין פאסאטה מחית עגבניות איטלקיות 690 ג',זנלכל,IL,פאסאטה מחית עגבניות,,690.00,,false,,9.90,0.0143,true,1,187218
7290018359129,false,פולפה עגבניות מקולפו,זנלכל,IL,פולפה עגבניות מקולפו,,690.00,100 גרם,false,,9.90,0.0143,true,1,187219
7290018359518,false,תירס מהשדה בלי תוספת סוכר יכין מארז 200X3 גר',,,תירס מהשדה בלי תוספת,,600.00,100 גרם,false,,14.90,0.0248,true,1,189156
7290018359570,false,שעועית צ'ילי הקטניה,,,שעועית צ'ילי הקטניה,,200.00,,false,,12.90,0.0645,true,1,189671
7290018359587,false,חומוס הקטניה הטובה י,,,חומוס הקטניה הטובה י,,200.00,100 גרם,false,,12.90,0.0645,true,1,189669
7290018359679,false,הקיסרית- שעועית לימה,קריות זול,,הקיסרית- שעועית לימה,,550.00,,false,,8.90,0.0162,true,1,193362
7290018359716,false,רוטב פיצה טוסקנה יכין 240 גר',"זנלכל בע""מ",IL,רוטב פיצה טוסקנה יכי,,240.00,100 גרם,false,,5.90,0.0246,true,1,189992
7290018359853,false,עדשים שחורות יכין 400 גר',"זנלכל בע""מ",IL,עדשים שחורות יכין 40,,400.00,100 גרם,false,,6.90,0.0173,true,1,193361
7290018359969,false,רוטב עגבניות לפיצה יכין 400 גרם,יכין,IL,רוטב עגבניות לפיצה,,400.00,100 גרם,false,,11.90,0.0298,true,1,195378
7290018376416,false,פילה ברבוניה קפוא 40,,,פילה ברבוניה קפוא 40,,400.00,100 גרם,false,,24.90,0.0622,true,1,195266
7290018380260,false,מזון לכלב עם כבד 415 ג' BUDDY,Effeffe pet food,,מזון לכלב עם כבד 415,,415.00,,false,,4.90,0.0118,true,1,191028
7290018380505,false,"אורז פרסי לבן ארוך 1 קג ""20X",,,"אורז פרסי ארוך 1 ק""ג",,1000.00,,false,,9.90,0.0099,true,1,191029
7290018380628,false,צלפים שלמים עם גבעול,,,צלפים שלמים עם גבעול,,370.00,,false,,9.90,0.0268,true,1,194367
7290018440407,false,תה ירוק מאטה קקאו לוז 25 שק' ויסוצקי,ויסוצקי,IL,תה ירוק מאטה קקאו לו,יחידה,0.00,יחידה,false,,25.90,0.0000,true,1,192065
7290018468418,false,"פסטרמה צמחונית בטעם מפולפל, 120 גרם",טיב טירת צבי 2000,IL,פסטרמה צמחונית בטעם,,120.00,,false,,19.90,0.1658,true,1,195987
7290018468425,false,נקניק טבעוני בטעם מעושן,טיב טירת צבי 2000,IL,נקניק טבעוני בטעם פי,,100.00,,false,,19.90,0.1990,true,1,195985
7290018468432,false,"נקניק טבעוני בטעם מעושן, 100 גרם",טיב טירת צבי 2000,IL,נקניק טבעוני בטעם מע,,100.00,,false,,19.90,0.1990,true,1,195984
7290018471210,false,ספרינג קרטונית אגס סברס תפוח 1 ליטר,"יפאורה תבורי בע""מ",IL,ספרינג אגס סברס תפוח,,1000.00,100 גרם,false,,7.90,0.0079,true,1,190128
7290018471463,false,תפוזינה נקטר תפוז מנגו קרטונית 1 ליטר,"יפאורה תבורי בע""מ",IL,תפוזינה נקטר תפוז מנ,,1000.00,,false,,7.90,0.0079,true,1,190666
7290018471494,false,תפוזינה משקה תפוז גזר קרטונית 1 ליטר,"יפאורה תבורי בע""מ",IL,תפוזינה משקה תפוז גז,,1000.00,100 גרם,false,,7.90,0.0079,true,1,190668
7290018471548,false,"רביעיית ספרינג ענבים 250 מ""ל",יפאורה תבורי,IL,ספרינג ענבים 4*250 מ,,1000.00,,false,,14.90,0.0149,true,1,190126
7290018471906,false,שוופס מוגז פירות לימונדה ורודה 1.5 ליטר פיקדון,"יפאורה תבורי בע""מ",IL,שוופס מוגז לימונדה ו,,1500.00,,false,,9.90,0.0066,true,1,192569
7290018471920,false,שוופס מוגז פירות ענבים 1.5 ליטר פיקדון,"יפאורה תבורי בע""מ",IL,שוופס מוגז ענבים 1.5,,1500.00,,false,,9.90,0.0066,true,1,192573
7290018471944,false,שוופס מוגז פירות לימונייד 1.5 ליטר פיקדון,"יפאורה תבורי בע""מ",IL,שוופס מוגז למונייד 1,,1500.00,,false,,9.90,0.0066,true,1,192571
7290018471951,false,שוופס מוגז פירות אשכולית אדומה 1.5 ליטר פיקדון,"יפאורה תבורי בע""מ",IL,שוופס מוגז אשכולית א,,1500.00,,false,,9.90,0.0066,true,1,192572
7290018516447,false,מקרוני 206 גרם,,,מקרוני 206 גרם,,206.00,100 גרם,false,,11.90,0.0578,true,1,195705
7290018564592,false,שף הטבע שום כתוש בצנ,בני דרום,IL,שום כתוש בצנצנת שף ה,,200.00,100 גרם,false,,14.90,0.0745,true,1,193784
7290018564622,false,שף הטבע שום כתוש טבל,בני דרום,IL,שום כתוש טבליות שף ה,,80.00,100 גרם,false,,10.90,0.1363,true,1,192099
7290018564684,false,ממרח פסטו בזיליקום ו,,,ממרח פסטו בזיליקום ו,,200.00,,false,,13.90,0.0695,true,1,193021
7290018652671,false,גלידה קרמריה שוקולד ווניל 1.4 ליטר,נסטלה,IL,לה קרמריה שוקו וניל,,1.40,,false,,21.90,15.6429,true,1,193268
7290018710111,false,אבקת סוכר 500 גרם פר,,,אבקת סוכר 500 גרם פר,,500.00,100 גרם,false,,6.90,0.0138,true,1,192015
7290018710364,false,קוקוס טחון הילדא 400 ג',,,קוקוס 400 גרם חילדה,,400.00,100 גרם,false,,11.90,0.0298,true,1,192011
7290018770252,false,זית ירוק מגולען בטעם,,,זית ירוק מגולען בטעם,,190.00,100 גרם,false,,13.90,0.0732,true,1,194597
7290018770351,false,טחינה משומשום אתיופי,,,טחינה משומשום אתיופי,,500.00,100 גרם,false,,14.90,0.0298,true,1,194680
7290018792841,false,אבקת קקאו טבעי 150ג גאנה,גאנס לודרס,IL,אבקת קקאו טבעי 150 ג,,150.00,100 גרם,false,,9.90,0.0660,true,1,195344
7290018893005,false,"חטיפי בייגלה אפוי בטעם חרדל ודבש, 160 גרם",צ'וקטה Chocketa,RO,בייגלה שטוח חרדל ודב,,160.00,,false,,8.90,0.0556,true,1,192854
7290018893142,false,מקלות אפויים בתוספת שמן זית Salty,צ'וקטה Chocketa,,צ'וקטה גריסיני שמן ז,,120.00,100 גרם,false,,7.90,0.0658,true,1,195037
7290018893258,false,צ'וקטה עוגות אישיות קרם קרמל 300 ג',צ'וקטה Chocketa,,עוגות אישיות קרמל צו,,300.00,100 גרם,false,,13.90,0.0463,true,1,192860
7290018893289,false,עוגות מגולגלות בטעם קקאו - 6 יחידות במארז,צ'וקטה Chocketa,,עוגות אישיות מגולגלו,,222.00,100 גרם,false,,10.90,0.0491,true,1,192862
7290018893296,false,עוגיות חמאה מצופות שוקולד חלב בעיטור שוקולד לבן,צ'וקטה Chocketa,BE,צ'וקטה עוגיות מיני ח,,100.00,100 גרם,false,,9.90,0.0990,true,1,195025
7290018893487,false,צ'וקטה עוגה אישית בטעם קוקוס 350 ג' נוכרי,צ'וקטה Chocketa,,עוגות אישיות קוקוס צ,,350.00,100 גרם,false,,13.90,0.0397,true,1,192864
7290018893753,false,צ'וקטה וופל חמאה בטעם לימון 100 ג,,,צ'וקטה וופל בלגי ט.ל,,100.00,100 גרם,false,,10.90,0.1090,true,1,195035
7290018893814,false,צ'וקטה שוקולד מריר 48% 5 יח' *100 ג',הדקלאים אגודת שיתופי,ES,שוקולד מריר 48% צוקט,,500.00,100 גרם,false,,18.90,0.0378,true,1,192866
7290018893920,false,לוקיטוס סוכריות ג'לי בטעמי פירות 700 גרם,צ'וקטה Chocketa,,לוקיטוס סוכריות ג'לי,,700.00,,false,,17.90,0.0256,true,1,195694
7290018893937,false,לוקיטוס סוכריות ג'לי בטעמי פירות 300 גרם,,,לוקיטוס סוכריות ג'לי,,300.00,100 גרם,false,,10.90,0.0363,true,1,195695
7290018894002,false,בלקוני וופל קוביות קקאו 250 גרם חלבי OU,בלקוני Balconi,IT,בלקוני וופל קוביות ק,,250.00,,false,,13.90,0.0556,true,1,195029
7290018894217,false,עוגות אישיות במילוי קרם קקאו ובציפוי קרם קקאו,בלקוני Balconi,IT,בלקוני עוגות מיקס מק,,350.00,,false,,15.90,0.0454,true,1,195033
7290018894248,false,צ'וקטה - שוקולד חלב שלישייה 3 * 100 גרם,צ'וקטה Chocketa,FR,צוקטה שוקול חלב שליש,,100.00,100 גרם,false,,12.90,0.1290,true,1,195039
7290018894408,false,קוביות וופל במילוי קרם אגוזי לוז - חלבי,בלקוני Balconi,IT,בלקוני וופל קוביות א,,250.00,,false,,13.90,0.0556,true,1,195028
7290018894606,false,בלקוני וופל קקאו 175 גרם חלבי OU,בלקוני Balconi,IT,בלקוני וופל קקאו 175,,175.00,100 גרם,false,,8.90,0.0509,true,1,195030
7290018894804,false,וופלים במילוי קרם אגוזי לוז - חלבי,בלקוני Balconi,IT,בלקוני וופל אגוזי ל,,175.00,100 גרם,false,,8.90,0.0509,true,1,195032
7290018925065,false,פרימור מיץ תפוזים סחוט 2 ליטר,פרימור,IL,פרימור מיץ תפוזים סח,,2000.00,100 גרם,false,,29.50,0.0148,true,1,192699
7290018925072,false,פרימור מיץ לימונענע סחוט 2 ליטר,פרימור,IL,פרימור משקה קל לימונ,,2000.00,100 גרם,false,,29.50,0.0148,true,1,192700
7290018925089,false,פרימור מיץ תפוח עץ צלול 2 ליטר,גניר,IL,פרימור מיץ תפוחים צל,,2000.00,100 גרם,false,,29.50,0.0148,true,1,192701
7290018925096,false,משקה קל תפוזים 1.5 ל' פרימור,פרימור,IL,משקה קל תפוזים ‏5‏.‏,,1500.00,100 גרם,false,,8.90,0.0059,true,1,192530
7290018925102,false,משקה קל ענבים 1.5 ל' פרימור,פרימור,IL,משקה קל ענבים ‏5‏.‏1,,1500.00,,false,,8.90,0.0059,true,1,192531
7290018925119,false,משקה קל דיאט אשכוליות 1.5ל' פרימור,פרימור,IL,משקה קל דיאט אשכוליו,,1500.00,,false,,8.90,0.0059,true,1,192532
7290018925126,false,משקה קל תפוחי עץ 1.5ל' פרימור,פרימור,IL,משקה קל תפוחי עץ ‏5‏,,1500.00,,false,,8.90,0.0059,true,1,192533
7290018925133,false,משקה קל מנגו 1.5ל' פרימור,פרימור,IL,משקה קל מנגו ‏5‏.‏1‏,,1500.00,,false,,8.90,0.0059,true,1,192534
7290018925140,false,משקה קל אשכוליות 1.5ל' פרימור,פרימור,IL,משקה קל אשכולית ‏5‏.,,1500.00,100 גרם,false,,8.90,0.0059,true,1,192535
7290018925157,false,משקה קל לימונים 1.5ל' פרימור,פרימור,IL,משקה קל לימונים 1.5,,1500.00,,false,,8.90,0.0059,true,1,192536
7290018925164,false,משקה קל תות-בננה 1.5ל' פרימור,פרימור,IL,משקה קל תות-בננה ‏5‏,,1500.00,,false,,8.90,0.0059,true,1,192537
7290018929001,false,5 מטליות מיקרופייבר,,,5 מטליות מיקרופייבר,יחידה,0.00,יחידה,false,,8.90,0.0000,true,1,194475
7290018972762,false,נודלס טעם עוף להכנה מהירה 72 גרם,,,נודלס טעם עוף להכנה,,72.00,100 גרם,false,,6.90,0.0958,true,1,194373
7290018972786,false,נודלס טעם ירקות להכנה מהירה 72 גרם,,,נודלס טעם ירקות להכנ,,72.00,100 גרם,false,,6.90,0.0958,true,1,194375
7290018989005,false,יכין פולפה טבעית 400*3 גר,זנלכל,IL,פולפה טבעית יכין 400,,1200.00,,false,,14.90,0.0124,true,1,194230
7290018989128,false,סירופ בטעם ענבים יכין 1 ליטר,זנלכל,IL,סירופ בטעם ענבים יכי,,1000.00,,false,,18.90,0.0189,true,1,194231
7290018989135,false,סירופ בטעם פטל יכין 1 ליטר,זנלכל,IL,סירופ בטעם פטל יכין,,1000.00,100 גרם,false,,18.90,0.0189,true,1,194232
7290019056027,false,שוופס מוגז פירות תפוחים ללא סוכר 1.5 ליטר פיקדון,"יפאורה תבורי בע""מ",IL,שוופס מוגז פירות תפו,,1500.00,100 גרם,false,,9.90,0.0066,true,1,192575
7290019056034,false,שוופס מוגז פירות אננס ללא סוכר 1.5 ליטר פיקדון,"יפאורה תבורי בע""מ",IL,שוופס מוגז פירות אננ,,1500.00,100 גרם,false,,9.90,0.0066,true,1,192576
7290019056041,false,שוופס מוגז פירות לימונייד ללא סוכר 1.5 ליטר פיקדון,"יפאורה תבורי בע""מ",IL,שוופס מוגז פירות ללא,,1500.00,100 גרם,false,,9.90,0.0066,true,1,192577
7290019056058,false,שוופס מוגז עדין תפוח ליים 1.5 ליטר פיקדון,"יפאורה תבורי בע""מ",IL,שוופס מוגז עדין תפוח,,1500.00,100 גרם,false,,8.90,0.0059,true,1,192564
7290019056065,false,שוופס מוגז עדין פירות יער 1.5 ליטר פיקדון,"יפאורה תבורי בע""מ",IL,שוופס מוגז עדין פירו,,1500.00,100 גרם,false,,8.90,0.0059,true,1,192565
7290019056072,false,שוופס מוגז עדין אננס 1.5 ליטר פיקדון,"יפאורה תבורי בע""מ",IL,שוופס מוגז עדין אננס,,1500.00,,false,,8.90,0.0059,true,1,192568
7290019056089,false,שוופס מוגז עדין ענבי ריזלינג 1.5 ליטר פיקדון,"יפאורה תבורי בע""מ",IL,שוופס מוגז עדין טעם,,1500.00,100 גרם,false,,8.90,0.0059,true,1,192566
7290019056096,false,שוופס מוגז עדין אפרסק 1.5 ליטר פיקדון,"יפאורה תבורי בע""מ",IL,שוופס מוגז עדין אפרס,,1500.00,100 גרם,false,,8.90,0.0059,true,1,192567
7290019056119,false,שוופס סודה 1.5 ליטר פיקדון,"יפאורה תבורי בע""מ",IL,שוופס סודה 1.5ליטר,,1500.00,,false,,4.20,0.0028,true,1,192553
7290019056164,false,שוופס סודה 1.5 ליטר רביעייה פיקדון,"יפאורה תבורי בע""מ",IL,שוופס סודה מארז 4*1.,,6000.00,100 גרם,false,,12.90,0.0021,true,1,192610
7290019056171,false,שוופס סודה לימון 1.5 ליטר רביעייה פיקדון,"יפאורה תבורי בע""מ",IL,שוופס סודה לימון מאר,,6000.00,,false,,12.90,0.0021,true,1,192611
7290019056256,false,שוופס מים בטעמים תפוחים 1.5 ליטר פיקדון,"יפאורה תבורי בע""מ",IL,שוופס וואטר תפוח 1.5,,1500.00,100 גרם,false,,8.90,0.0059,true,1,192600
7290019056263,false,שוופס מים בטעמים אפרסק 1.5 ליטר פיקדון,"יפאורה תבורי בע""מ",IL,שוופס וואטר אפרסק 1.,,1500.00,100 גרם,false,,8.90,0.0059,true,1,192601
7290019056270,false,שוופס מים בטעמים פירות יער 1.5 ליטר פיקדון,"יפאורה תבורי בע""מ",IL,שוופס וואטר פירות יע,,1500.00,100 גרם,false,,8.90,0.0059,true,1,192602
7290019056300,false,משקה בטעם ביטר לימון 1.5 ל' שוויפס,"יפאורה תבורי בע""מ",IL,שוופס ביטר לימון 1.5,,1500.00,,false,,13.90,0.0093,true,1,192612
7290019056317,false,שוופס ראשן 1.5 ליטר פיקדון,"יפאורה תבורי בע""מ",IL,שוופס רסצ'יין 1.5ליט,,1500.00,,false,,13.90,0.0093,true,1,192613
7290019056324,false,שוופס טוניק 1.5 ליטר פיקדון,"יפאורה תבורי בע""מ",IL,שוופס מי טוניק 1.5לי,,1500.00,,false,,13.90,0.0093,true,1,192609
7290019056355,false,משקה בטעם לימונענע עם חתיכות פרי,"יפאורה תבורי בע""מ",IL,תפוזינה לימונענע 1.5,,1500.00,100 גרם,false,,9.90,0.0066,true,1,192555
7290019056362,false,תפוזינה ענבים 1.5 ליטר פיקדון,"יפאורה תבורי בע""מ",IL,תפוזינה ענבים 1.5ליט,,1500.00,,false,,9.90,0.0066,true,1,192554
7290019056379,false,תפוזינה תפוזים 1.5 ליטר פיקדון,"יפאורה תבורי בע""מ",IL,תפוזינה תפוזים 1.5לי,,1500.00,,false,,9.90,0.0066,true,1,192556
7290019056393,false,תפוזינה תות בננה 1.5 ליטר פיקדון,"יפאורה תבורי בע""מ",IL,תפוזינה תות בננה 1.5,,1500.00,,false,,9.90,0.0066,true,1,192558
7290019056409,false,תפוזינה מנגו 1.5 ליטר פיקדון,"יפאורה תבורי בע""מ",IL,תפוזינה מנגו עסיסי 1,,1500.00,100 גרם,false,,9.90,0.0066,true,1,192559
7290019056416,false,מיץ בטעם לימונדה ורודה 1.5 ל' תפוזינה,"יפאורה תבורי בע""מ",IL,תפוזינה לימונים 1.5ל,,1500.00,,false,,9.90,0.0066,true,1,192560
7290019056423,false,מיץ בטעם תפוח רענן 1.5ל' תפוזינה,"יפאורה תבורי בע""מ",IL,תפוזינה תפוח רענן 1.,,1500.00,,false,,9.90,0.0066,true,1,192561
7290019056430,false,תפוזינה תפוזים לייט 1.5 ליטר פיקדון,"יפאורה תבורי בע""מ",IL,תפוזינה דיאט תפוזים,,1500.00,100 גרם,false,,9.90,0.0066,true,1,192562
7290019056447,false,תפוזינה אשכוליות לייט 1.5 ליטר פיקדון,"יפאורה תבורי בע""מ",IL,תפוזינה דיאט אשכוליו,,1500.00,100 גרם,false,,9.90,0.0066,true,1,192563
7290019056478,false,ספרינג טי קר אפרסק 1.5ליטר פיקדון,"יפאורה תבורי בע""מ",IL,ספרינג טי קר אפרסק 1,,1500.00,,false,,9.90,0.0066,true,1,192604
7290019056485,false,ספריג תה ירוק לימון לואיזה 1.5 ליטר פיקדון,"יפאורה תבורי בע""מ",IL,ספרינג טי קר לימון ל,,1500.00,100 גרם,false,,9.90,0.0066,true,1,192605
7290019056492,false,ספרינג תה מנגו אפרסק 1.5 ליטר פיקדון,"יפאורה תבורי בע""מ",IL,ספרינג טי מנגו אפרסק,,1500.00,100 גרם,false,,9.90,0.0066,true,1,192606
7290019056508,false,פרוט ווטר ענבים 1.5 ליטר פיקדון,"יפאורה תבורי בע""מ",IL,משקה וואטר פרוט ענבי,,1500.00,,false,,8.90,0.0059,true,1,192581
7290019056515,false,פרוט ווטר אננס 1.5 ליטר פיקדון,"יפאורה תבורי בע""מ",IL,משקה וואטר פרוט אננס,,1500.00,,false,,8.90,0.0059,true,1,192582
7290019056522,false,פרוט ווטר תות 1.5 ליטר פיקדון,"יפאורה תבורי בע""מ",IL,משקה וואטר פרוט תות,,1500.00,,false,,8.90,0.0059,true,1,192583
7290019056539,false,פרוט ווטר אפרסק 1.5 ליטר פיקדון,"יפאורה תבורי בע""מ",IL,משקה וואטר פרוט אפרס,,1500.00,,false,,8.90,0.0059,true,1,192584
7290019056546,false,פרוט ווטר אבטיח 1.5 ליטר פיקדון,"יפאורה תבורי בע""מ",IL,משקה וואטר פרוט אבטי,,1500.00,100 גרם,false,,8.90,0.0059,true,1,192585
7290019056553,false,עין גדי מים מינרלים 2 ליטר*6 יח',עין גדי מים מינרליים,IL,עין גדי מים מינרלים,,12000.00,100 גרם,false,,13.80,0.0012,true,1,192540
7290019056560,false,עין גדי 2 ליטר בק' בודד פיקדון,יפאורה תבורי,IL,עין גדי 2ליטר,,2000.00,100 גרם,false,,3.30,0.0016,true,1,192541
7290019056577,false,ספרינג מנגו 1.5 ליטר פיקדון,"יפאורה תבורי בע""מ",IL,ספרינג מנגו 1.5ליטר,,1500.00,100 גרם,false,,9.90,0.0066,true,1,192543
7290019056584,false,ספרינג תפוזים 1.5 ליטר פיקדון,"יפאורה תבורי בע""מ",IL,ספרינג תפוזים 1.5ליט,,1500.00,100 גרם,false,,9.90,0.0066,true,1,192542
7290019056591,false,ספרינג ענבים 1.5 ליטר פיקדון,"יפאורה תבורי בע""מ",IL,ספרינג ענבים 1.5ליטר,,1500.00,100 גרם,false,,9.90,0.0066,true,1,192549
7290019056607,false,ספרינג תפוחים 1.5 ליטר פיקדון,"יפאורה תבורי בע""מ",IL,ספרינג תפוחים 1.5ליט,,1500.00,,false,,9.90,0.0066,true,1,192544
7290019056614,false,ספרינג אפרסק 1.5 ליטר פיקדון,"יפאורה תבורי בע""מ",IL,ספרינג אפרסק 1.5ליטר,,1500.00,100 גרם,false,,9.90,0.0066,true,1,192545
7290019056621,false,ספרינג פירות טרופיים 1.5 ליטר פיקדון,"יפאורה תבורי בע""מ",IL,ספרינג פירות טרופיים,,1500.00,,false,,9.90,0.0066,true,1,192550
7290019056638,false,ספרינג תות בננה 1.5 ליטר פיקדון,"יפאורה תבורי בע""מ",IL,ספרינג תות בננה 1.5ל,,1500.00,100 גרם,false,,9.90,0.0066,true,1,192546
7290019056645,false,ספרחנג אגס תפוח סברס 1.5 ליטר פיקדון,"יפאורה תבורי בע""מ",IL,ספרינג אגס סברס תפוח,,1500.00,,false,,9.90,0.0066,true,1,192551
7290019056652,false,ספרינג אננס בננה 1.5 ליטר פיקדון,"יפאורה תבורי בע""מ",IL,ספרינג אננס בננה 1.5,,1500.00,,false,,9.90,0.0066,true,1,192552
7290019056720,false,קריסטל מיץ ענבים 2 ליטר פיקדון,יפאורה תבורי,IL,קריסטל מיץ ענבים 2 ל,,2000.00,100 גרם,false,,7.90,0.0039,true,1,192588
7290019056737,false,מיץ בטעם אשכוליות 2 ל' קריסטל,יפאורה תבורי,IL,קריסטל מיץ אשכוליות,,2000.00,100 גרם,false,,7.90,0.0039,true,1,192589
7290019056744,false,קריסטל מיץ תפוזים 2 ליטר פיקדון,יפאורה תבורי,IL,קריסטל מיץ תפוזים 2,,2000.00,100 גרם,false,,7.90,0.0039,true,1,192590
7290019056768,false,קריסטל מיץ מנגו 2 ליטר פיקדון,יפאורה תבורי,IL,קריסטל מיץ מנגו 2 לי,,2000.00,100 גרם,false,,7.90,0.0039,true,1,192591
7290019056775,false,קריסטל מוגז ענבים 2 ליטר פיקדון,יפאורה תבורי,IL,קריסטל ענבים 2 ליטר,,2000.00,100 גרם,false,,7.90,0.0039,true,1,192592
7290019056782,false,משקה מוגז בטעם לימון ליים 2 ל' קריסטל,יפאורה תבורי,IL,קריסטל למון ליים 2 ל,,2000.00,,false,,7.90,0.0039,true,1,192593
7290019056799,false,קריסטל מוגז אקזוטי 2 ליטר פיקדון,יפאורה תבורי,IL,קריסטל אקזוטי 2ליטר,,2000.00,,false,,7.90,0.0039,true,1,192598
7290019056805,false,קריסטל מוגז תפוחים 2 ליטר פיקדון,יפאורה תבורי,IL,קריסטל תפוח 2 ליטר,,2000.00,100 גרם,false,,7.90,0.0039,true,1,192594
7290019056812,false,קריסטל מוגז מנטה 2 ליטר פיקדון,יפאורה תבורי,IL,קריסטל מנטה 2 ליטר,,2000.00,100 גרם,false,,7.90,0.0039,true,1,192595
7290019056829,false,קריסטל מוגז תפוזים 2 ליטר פיקדון,קריות זול,,קריסטל אורנג' 2 ליטר,,2000.00,,false,,7.90,0.0039,true,1,192586
7290019056836,false,קריסטל מוגז תות 2 ליטר פיקדון,יפאורה תבורי,IL,קריסטל תות 2 ליטר,,2000.00,100 גרם,false,,7.90,0.0039,true,1,192596
7290019056843,false,קריסטל מוגז קולה 2 ליטר פיקדון,קריות זול,,קריסטל קולה 2 ליטר,,2000.00,,false,,7.90,0.0039,true,1,192587
7290019056966,false,מי עדן בקבוק פיקדון 1.5 ליטר,"מי עדן בע""מ",IL,מי עדן 1.5ליטר,,1500.00,,false,,3.30,0.0022,true,1,192706
7290019056973,false,מי עדן 1.5 ליטר שישייה פיקדון,מופק ממקור בזלתי עדן,IL,מי עדן שישייה 6*1.5,,9000.00,100 גרם,false,,13.70,0.0015,true,1,192539
7290019153078,false,"שוופס ביטר למון לייט, 1.5 ליטר פקדון","יפאורה תבורי בע""מ",IL,שוופס ביטר לימון לי,,1500.00,,false,,13.90,0.0093,true,1,193136
7290019153085,false,"שוופס ללא סוכר מוחיטו, 1.5 ליטר פקדון","יפאורה תבורי בע""מ",IL,שוופס מוחיטו ללא סוכ,,1500.00,100 גרם,false,,8.90,0.0059,true,1,193092
7290019153252,false,שוופס סודה תפוח 1.5 ליטר רביעייה פיקדון,"יפאורה תבורי בע""מ",IL,שוופס סודה תפוח מארז,,6000.00,,false,,12.90,0.0021,true,1,193958
7290019153269,false,שוופס סודה אננס 1.5 ליטר רביעייה פיקדון,"יפאורה תבורי בע""מ",IL,שוופס סודה אננס מארז,,6000.00,100 גרם,false,,12.90,0.0021,true,1,193959
7290019204008,false,עוף טוב פסטרמה ארבעה פלפלים 350 גר',עיצובים 2020 (4.9),,עוף טוב פסטרמה ארבעה,,350.00,,false,,24.90,0.0711,true,1,194804
7290019204107,false,עוף טוב פסטרמה בטעם אווז 320 גר',עיצובים 2020 (4.9),,עוף טוב פסטרמה בטעם,,320.00,100 גרם,false,,24.90,0.0778,true,1,194805
7290019204206,false,עוף טוב פסטרמה בסגנון רומני 320 גר',עיצובים 2020 (4.9),,עוף טוב פסטרמה בסגנו,,320.00,,false,,24.90,0.0778,true,1,194806
7290019204404,false,קורנביף נתח שלם 220 ג' עוף טוב,קריות זול,,עוף טוב קורנביף נתח,,220.00,100 גרם,false,,24.90,0.1132,true,1,194809
7290019232155,false,"חליטת ""לילה טוב"" קמומיל לבנדר ו25 שקיקים ויסוצקי",ויסוצקי,IL,תה ירוק קמומיל לבנדר,,25.00,,false,,26.90,1.0760,true,1,195389
7290019232162,false,"חליטת ""לילה טוב"" קמומיל מליסה 25 שקיקים ויסוצקי",ויסוצקי,IL,תה ירוק קמומיל מליסה,,25.00,,false,,26.90,1.0760,true,1,195390
7290019297161,false,טורטיות ראפ מקמח תירס 540 ג' 12 יח',,TR,טורטיות ראפ מקמח תיר,,450.00,100 גרם,false,,10.00,0.0222,true,1,171237
7290019297383,false,מעדן משמש ללא סוכר שקדיה 284 ג',,CN,מעדן משמש שקדיה 100%,,284.00,100 גרם,false,,11.90,0.0419,true,1,135953
7290019297406,false,מעדן דובדבן 100% רכיבי פרי 284 גר' ללא תוספת סוכר,,,מעדן דובדבן שקדיה 10,,284.00,,false,,11.90,0.0419,true,1,135955
7290019297420,false,מעדן תות שדה 100% רכיבי פרי 284 גר' ללא תוספת סוכר,,CN,מעדן תות שדה שקדיה 1,,284.00,,false,,11.90,0.0419,true,1,135957
7290019297451,false,מי ורדים שקדיה 500 מ,אף.סי תבליני בגליל ב,BE,"מי ורדים 500 מ""ל",,500.00,100 גרם,false,,13.90,0.0278,true,1,189848
7290019297512,false,רוטב רימונים שקדיה 340 ג',דין שיווק,TR,רוטב רימונים שקדיה 3,,350.00,,false,,11.90,0.0340,true,1,134415
7290019297628,false,שקד טבעי 150 גרם ששון הקולה שקית,דין שיווק,IL,שקד טבעי 150גרם,,150.00,100 גרם,false,,17.90,0.1193,true,1,137686
7290100240137,false,"תרסיס למייבש כביסה כחול 500 מ""ל בדין","זוהר דליה, קיבוץ דלי",IL,בדין תרסיס כחול למיי,,500.00,100 גרם,false,,19.90,0.0398,true,1,103121
7290100240656,false,"פתית שיפון תלמה 300ג' בד""צ",יוניליוור ישראל מזון,IL,פתית שיפון 300גר,,300.00,100 גרם,false,,18.90,0.0630,true,1,103133
7290100249598,false,"רוטב לבישול שום ודבש קנור 320ג' בד""צ",יוניליוור ישראל מזון,IL,רוטב לעוף שום ודבש ק,,320.00,,false,,14.90,0.0466,true,1,118866
7290100249659,false,רוטב לעוף צ'ילי ושום 320 ג' קנור,יוניליוור ישראל מזון,IL,רוטב לעוף צילי שום ק,,320.00,,false,,14.90,0.0466,true,1,118871
7290100411254,false,בי-לאב מחית תפוח ובננה ללא סוכר 190ג,בילובד Beloved,,בלאבד מחית תפוח ובננ,,190.00,100 גרם,false,,5.90,0.0311,true,1,137269
7290100412459,false,קוויק לניקוי שירותים ואמבטיה - בריח לוונדר 50 יח,,,קוויק מגבונים לניקוי,יחידה,0.00,יחידה,false,,8.90,0.0000,true,1,139831
7290100412800,false,"תחליב רחצה לעור יבש וילד פלאור דר עור 700 מ""ל","ד""ר עור DOCTOR OR",,"תחליב רחצה ד""ר עור ל",,700.00,,false,,15.90,0.0227,true,1,168783
7290100653586,false,"דאו' ליידי ספיד סטיק 24/7 ג'ל ורוד 50מ""ל",ליידי ספיד סטיק Lady Speed Stick,US,ליידי ספיד סטיק 24/7,,65.00,100 גרם,false,,19.90,0.3062,true,1,105046
7290100658338,false,נוזל כלים אוקסי פלוס עם נוסחת החמצן הפעיל,הנסיך- מפעל לייצור ט,GR,פלמוליב נוזל לכלים א,,750.00,,false,,11.90,0.0159,true,1,105056
7290100659090,false,פרי חטיפים ללא סוכר מארז 5 תמרים וקינמו,טבעית מוצרים מן הטבע,IL,פרי חטיף דגנים תמרים,,110.00,100 גרם,false,,18.90,0.1718,true,1,105062
7290100680650,false,מנה חמה נודלס-אטריות ירקות טעם תאילנדי אסם 76 ג',THAI PRESIDENT FOODS,TH,מנה חמה נודלס ירקות,,76.00,,false,,6.90,0.0908,true,1,99758
7290100680667,false,מנה חמה נודלס-אטריות+ירקות טעם סצ'ואן,THAI PRESIDENT FOODS,TH,מנה חמה נודלס בסגנון,,76.00,,false,,6.90,0.0908,true,1,99759
7290100680711,false,פירורית זהב אסם זהב 350ג',עינת תעשיות מזון,IL,פירורית זהב שקית אסם,,350.00,100 גרם,false,,9.90,0.0283,true,1,99761
7290100680728,false,פירורית רגילה שקית 350 גרם,מיוצר עי קונדיטוריית,IL,פירורית אסם שקית 350,,350.00,,false,,7.50,0.0214,true,1,99762
7290100681015,false,פודינג אינסטנט ריבת חלב 84 ג' אסם,מיוצר עי קונדיטוריית,IL,פודינג ריבת חלב אסם,,84.00,,false,,5.90,0.0702,true,1,99765
7290100681138,false,מארז אפרופו חטיף תירס 3 יחידות,"אסם השקעות בע""מ",IL,אפרופו מארז אסם 3*50,,150.00,,false,,12.90,0.0860,true,1,99768
7290100683880,false,אבקה להכנת פירה 260 ג' אסם,"אסם השקעות בע""מ",IL,תערובת להכנת פירה אס,,260.00,,false,,15.50,0.0596,true,1,99831
7290100684139,false,פסטה מיני מקרוני 500 ג' אסם,פסטה זארה,IT,פסטה מיני מקרוני אסם,,500.00,100 גרם,false,,6.50,0.0130,true,1,99837
7290100684764,false,במבה יום הולדת על סרט אסם 25 ג',"אסם השקעות בע""מ",IL,במבה על סרט אסם 25גר,,25.00,100 גרם,false,,2.50,0.1000,true,1,99846
7290100685068,false,פודינג וניל עם פצפוצי שוקולד 110 ג' אסם,אסם תעשיות,IL,פודינג וניל עם פצפוצ,,110.00,,false,,7.90,0.0718,true,1,99854
7290100685136,false,"מרק בטעם עוף 1 ק""ג אסם","אסם השקעות בע""מ",IL,*מבצע* אבקת מרק בטעם,,1000.00,,false,,12.00,0.0120,true,1,99856
7290100685334,false,אבקת מרק עוף אמיתי ר.טבעיים 400ג' אסם,"אסם השקעות בע""מ",IL,מרק עוף רכיבים טבעיי,,400.00,100 גרם,false,,26.90,0.0672,true,1,99867
7290100685341,false,מרק בטעם עוף זך רכיבים טבעיים 400 ג' אסם,"אסם השקעות בע""מ",IL,*מבצע* אסם מרק זך טע,,400.00,100 גרם,false,,15.90,0.0398,true,1,99868
7290100685563,false,פירורית זהב אסם מארז 200X2ג',קריות זול,IL,פירורית אסם זהב שקית,,400.00,,false,,10.90,0.0273,true,1,176448
7290100686164,false,ביסלי ברביקיו מארז 6 יח' * 35 ג' אסם,מיוצר עי קונדיטוריית,IL,ביסלי ברביקיו מארז 6,,210.00,,false,,14.90,0.0710,true,1,99901
7290100686171,false,ביסלי גריל מארז 6 יח' * 35 ג' אסם,אסם תעשיות,IL,ביסלי גריל מארז 6 יח,,210.00,,false,,14.90,0.0710,true,1,99902
7290100687109,false,במבה במילוי קרם נוגט 60ג' אסם,"אסם השקעות בע""מ",IL,במבה במילוי נוגט אסם,,60.00,,false,,4.90,0.0817,true,1,99922
7290100689301,false,אבקת מרק עוף זך עדיף אסם 400 גר',"אסם השקעות בע""מ",IL,אסם עדיף זך טעם עוף,,400.00,,false,,15.90,0.0398,true,1,99989
7290100700006,false,"סוגת חיטה 1 ק""ג",,,חיטה סוגת 1קג,,1000.00,,false,,7.90,0.0079,true,1,117744
7290100700020,false,סוגת גריסי פנינה 500גרם,האי נאם סי או אל.טי.,IL,גריסי פנינה סוגת 500,,500.00,100 גרם,false,,6.90,0.0138,true,1,108002
7290100700075,false,פירורי לחם מוזהבים 200 ג' סוגת,"סוגת תעשיות בע""מ",IL,פירורי לחם מוזהבים ס,,200.00,,false,,4.90,0.0245,true,1,119271
7290100700242,false,"אורז מלא עגול סוגת 1 ק""ג","סוגת תעשיות בע""מ",IL,אורז מלא עגול סוגת 1,,1000.00,,false,,12.90,0.0129,true,1,108011
7290100700273,false,קינואה סוגת 500 גרם,האי נאם סי או אל.טי.,IL,קינואה סוגת 500 גר,,500.00,100 גרם,false,,15.90,0.0318,true,1,108012
7290100700310,false,"כוסמת 1ק""ג סוגת",,,כוסמת סוגת 1קג,,1000.00,,false,,15.90,0.0159,true,1,108015
7290100700327,false,"גריסי פנינה סוגת 1 ק""ג",,,גריסי פנינה סוגת 1קג,,1000.00,100 גרם,false,,7.90,0.0079,true,1,132841
7290100700372,false,"אורז בסמטי מלא סוגת 1 ק""ג",האי נאם סי או אל.טי.,IL,אורז בסמטי מלא סוגת,,1000.00,100 גרם,false,,12.90,0.0129,true,1,108017
7290100700396,false,"סוגת אורז יסמין קלאסי 1 ק""ג",האי נאם סי או אל.טי.,IL,אורז יסמין קלאסי סוג,,1000.00,,false,,12.90,0.0129,true,1,108019
7290100700419,false,"בורגול סוגת 1 ק""ג",,,בורגול סוגת 1קג,,1000.00,,false,,7.90,0.0079,true,1,149913
7290100700587,false,סוגת בורגול 500 גרם,האי נאם סי או אל.טי.,IL,בורגול סוגת 500 גר,,500.00,100 גרם,false,,6.90,0.0138,true,1,117355
7290100701140,false,"אורז ריזוטו 1 ק""ג סוגת","סוגת תעשיות בע""מ",IL,אורז ארבוריו סוגת 1ק,,1000.00,100 גרם,false,,14.90,0.0149,true,1,118236
7290100701300,false,סוגת קינואה אדומה 500גרם,Unknown,,קינואה אדומה סוגת 50,,500.00,,false,,15.90,0.0318,true,1,132512
7290100701454,false,גרישה - בורגול דק,"סוגת תעשיות בע""מ",IL,גרישה סוגת 500גר,,500.00,,false,,6.90,0.0138,true,1,117755
7290100701577,false,קמח לחם קמח חיטה לבן שטיבל,שטיבל טחנות קמח,IL,קמח לחם סוגת 1קג,,1000.00,,false,,7.90,0.0079,true,1,162341
7290100701874,false,"קמח כוסמין 1 ק""ג סוגת",טחנות קמח שטיבל באר,IL,קמח כוסמין סוגת 1קג,,1000.00,100 גרם,false,,15.90,0.0159,true,1,135083
7290100701881,false,קמח פיצה ופוקצ'ה- קמח חיטה לבן בהיר שטיבל,"שטיבל בע""מ - טחנת קמ",IL,קמח פיצה ופוקצה סוגת,,1000.00,100 גרם,false,,7.90,0.0079,true,1,122546
7290100701966,false,אפונה צהובה 500 ג' סוגת,,,אפונה צהובה סוגת 500,,500.00,100 גרם,false,,6.90,0.0138,true,1,162315
7290100702260,false,קוסקוס דק סוגת 350 גר',סוגת,IL,קוסקוס דק סוגת 350 ג,,350.00,,false,,6.90,0.0197,true,1,127592
7290100702277,false,קוסקוס עבה סוגת 350 גר',סוגת,IL,קוסקוס עבה סוגת 350,,350.00,,false,,6.90,0.0197,true,1,127593
7290100702284,false,קוסקוס מלא סוגת 350 גרם,סוגת,IL,קוסקוס מלא סוגת 350,,350.00,,false,,6.90,0.0197,true,1,131086
7290100702383,false,"קמח תופח סוגת 1 ק""ג",שטיבל טחנות קמח,IL,קמח תופח סוגת 1 קג,,1000.00,,false,,7.90,0.0079,true,1,127944
7290100702611,false,פתיתים אפויים אורז סוגת 500 ג',אסיף,,פתיתים אפויים אורז ס,,500.00,,false,,6.90,0.0138,true,1,130284
7290100702628,false,פתיתים אפויים קוסקוס סוגת 500 ג',יושלם,,פתיתים אפויים קוסקוס,,500.00,,false,,6.90,0.0138,true,1,130285
7290100702635,false,פתיתים אפויים כוכבים סוגת 500 ג',,,פתיתים אפויים כוכבים,,500.00,100 גרם,false,,6.90,0.0138,true,1,130286
7290100702741,false,"סוכר חום בהיר בצנצנת 1 ק""ג סוגת",סוגת,IL,סוכר חום קלאסי בקופס,,1000.00,,false,,12.90,0.0129,true,1,163454
7290100702987,false,פתיתי שיבולת שועל דק סוגת 500ג',סוגת תעשיות,,פתיתי שיבולת שועל סו,,500.00,,false,,5.90,0.0118,true,1,138334
7290100703007,false,עדשים שחורות בלוגה סוגת 500 גר',האי נאם סי או אל.טי.,IL,עדשים שחורות בלוגה ס,,500.00,,false,,8.90,0.0178,true,1,160452
7290100703564,false,פתיתי שיבולת שועל עבה סוגת 500 ג',,,פתיתי שיבולת שועל עב,,500.00,,false,,5.90,0.0118,true,1,160448
7290100703649,false,"קמח מלא 80% חיטה ללא ניפוי סוגת 1ק""ג",סוגת,,קמח חיטה 80% ללא צור,,1000.00,100 גרם,false,,8.90,0.0089,true,1,169282
7290100703670,false,"קמח כוסמין ללא ניפוי 1 ק""ג סוגת",Unknown,,קמח כוסמין מלא ללא צ,,1000.00,,false,,13.90,0.0139,true,1,169284
7290100703687,false,"קמח חלה ללא ניפוי 1 ק""ג סוגת",סוגת,,קמח חלה ללא צורך ניפ,,1000.00,,false,,8.90,0.0089,true,1,169285
7290100703847,false,קוביות סוכר לבן 500 ג' סוגת,,,קוביות סוכר לבן סוגת,,500.00,100 גרם,false,,9.90,0.0198,true,1,166350
7290100704141,false,סודה לשתייה 100 ג' סוגת,א.ל. ייצור ושיווק תב,IL,סודה לשתיה סוגת 100ג,,100.00,100 גרם,false,,2.90,0.0290,true,1,169287
7290100704530,false,סוגת קמח כוסמין לבן ללא צורך בניפוי 1 קג,טחנות קמח שטיבל באר,IL,קמח כוסמין לבן ללא צ,,1000.00,,false,,15.90,0.0159,true,1,190583
7290100850909,false,דוריטוס בטעם נאצ'ו מקסיקני,שטראוס פריטו ליי בע,IL,דוריטוס נאצו מקסיקני,,70.00,,false,,4.40,0.0629,true,1,103685
7290100850916,false,דוריטוס בטעם חמוץ חריף,"שטראוס פריטו ליי בע""",IL,דוריטוס חמוץ חריף 70,,70.00,,false,,4.40,0.0629,true,1,103686
7290100850923,false,דוריטוס גריל 70 גרם,שטראוס פריטו ליי בע,IL,דוריטוס גריל 70גר,,70.00,,false,,4.40,0.0629,true,1,103687
7290100850930,false,דוריטוס דיפ טבעי 70ג,שטראוס פריטו ליי בע,IL,דוריטוס דיפ טבעי 70ג,,70.00,,false,,4.40,0.0629,true,1,103688
7290100858608,false,אבקת קקאו עלית שקית 500 ג',שטראוס גרופ,IL,קקאו עלית 500גר,,500.00,100 גרם,false,,25.90,0.0518,true,1,110583
7290100921616,false,סוד סבון לאסלה 4 כדוריות בניחוח אורנים 50 ג',הנקל סוד,HU,סוד כדוריות אורנים ל,,50.00,100 גרם,false,,8.90,0.1780,true,1,132677
7290100925751,false,"סוד נוזל כלים תפוח 650 מ""ל",סוד,,סוד נוזל לכלים תפוח,,650.00,100 גרם,false,,6.90,0.0106,true,1,159536
7290100928516,false,סוד - ג'ל לכביסה ביד 1 ליטר,"הנקל סוד בע""מ",IL,סוד ג'ל לכביסה ביד 1,,1000.00,100 גרם,false,,14.90,0.0149,true,1,124527
7290101450900,false,נרות ג'מבו כוכבים ממ,Unknown,,נרות ג'מבו כוכבים ממ,יחידה,0.00,יחידה,false,,7.90,0.0000,true,1,105312
7290101551263,false,סילאן טבעי ללא תוספת סוכר,"פוליבה בע""מ",IL,סילאן טבעי יד מרדכי,,700.00,100 גרם,false,,25.90,0.0370,true,1,168717
7290101551300,false,סילאן טבעי ללא תוספת סוכר בקבוק לחיץ,"פוליבה בע""מ",IL,סילאן טבעי לחיץ יד מ,,380.00,,false,,17.90,0.0471,true,1,168718
7290101551539,false,יוגורט PRO בטעם אפרסק 0% 20 גרם חלבון בגביע,דנונה - שטראוס,IL,דנונה פרו אפרסק 20 ג,,200.00,,false,,6.80,0.0340,true,1,168850
7290101551584,false,תפוצ'יפס קידס מארז 10 יח' * 20 ג',"שטראוס פריטו ליי בע""",IL,תפוציפס קידס מארז 10,,200.00,100 גרם,false,,14.50,0.0725,true,1,169398
7290101551638,false,חטיף צ'יטוס כאפה בטעם קטשופ - מארז 10 יח',"שטראוס פריטו ליי בע""",IL,ציטוס כאפה אפוי מארז,,200.00,,false,,14.50,0.0725,true,1,169035
7290101551645,false,צ'יטוס איקס עיגול עלית מארז 10 יח' *20ג',הנסיך- מפעל לייצור ט,IL,ציטוס איקס עיגול מאר,,200.00,,false,,14.50,0.0725,true,1,169396
7290101863410,false,"סיליט ניקוי עוצמתי מכיל אקונומיקה 750 מ""ל",סיליט באנג Cillit Bang,PL,ספריי מכיל אקונומיקה,,750.00,,false,,12.90,0.0172,true,1,113222
7290101864127,false,"ספריי להסרת כתמים 750 מ""ל וניש קליה",קליה וניש Kalia Vanish,IL,קליה אוקסי ספריי 750,,750.00,100 גרם,false,,23.90,0.0319,true,1,113233
7290101865261,false,"פיניש נוזל הברקה 800 מ""ל",רקיט בנקיזר,PL,פיניש נוזל הברקה למד,,800.00,,false,,19.90,0.0249,true,1,118165
7290101866633,false,ווניש קליה ג`ל להסרת כתמים 3 ל',קליה וניש Kalia Vanish,IL,קליה גל ורוד 3ליטר,,3000.00,100 גרם,false,,29.90,0.0100,true,1,121496
7290101866787,false,מסיר כתמים ומלבין לכביסה לבנה 3 ל וניש קליה,קליה וניש Kalia Vanish,PL,קליה גל לבן 3ליטר,,3000.00,100 גרם,false,,29.90,0.0100,true,1,122822
7290101869726,false,ג'ל מרוכז למדיח פיניש all in one max,רקיט בנקיזר,PL,פיניש ג'ל למדיח 1ליט,,1000.00,,false,,45.90,0.0459,true,1,173460
7290101869733,false,ג'ל למדיח פיניש לימון,רקיט בנקיזר,PL,פיניש ג'ל למדיח לימו,,1000.00,100 גרם,false,,45.90,0.0459,true,1,173461
7290101869795,false,מילוי למכשיר ספריי אוטומטי חלום ליל קיץ,איירוויק Air Wick,GB,איירוויק מילוי מבשם,,250.00,100 גרם,false,,19.90,0.0796,true,1,161261
7290102030330,false,תפוצ'יפס קראנצ' בטעם מקסיקני,"שטראוס פריטו ליי בע""",IL,תפוציפס קראנץ מקסיקנ,,200.00,,false,,12.30,0.0615,true,1,103715
7290102031276,false,מארז 8 יחידות אקטימל משקה יוגורט בטעם תות בננה,מיוצר עי קונדיטוריית,IL,אקטימל תות בננה 8*10,,800.00,100 גרם,false,,21.90,0.0274,true,1,110656
7290102032334,false,אבקה להכנת משקה קפה בטעם וניל,STRAUSS-ISRAEL,IL,קפה נמס עלית בטעם ונ,,200.00,,false,,28.90,0.1445,true,1,110679
7290102302246,false,גאודה הנרי ויליך 200,מיוצר עי קונדיטוריית,NL,גאודה הנרי ויליך 200,,200.00,100 גרם,false,,24.90,0.1245,true,1,196029
7290102390427,false,יוגורט ביו עם קציפת תות 3% שומן 150 ג' מולר,מולר Muller,IL,מולר פרופ תות 3% 150,,150.00,,false,,5.50,0.0367,true,1,104239
7290102390465,false,יוגורט ביו עם קציפת אפרסק ופסיפלורה 3% שומן 150 ג' מולר,מולר Muller,IL,מולר פרופ אפרסק פסיפ,,150.00,100 גרם,false,,5.50,0.0367,true,1,104242
7290102390489,false,יוגורט ביו עם קציפת לימון 3% שומן 150 ג' מולר,מולר Muller,IL,מולר פרופ לימון 3% 1,,150.00,100 גרם,false,,5.50,0.0367,true,1,104244
7290102391844,false,יוגורט ביו עם קציפת פירות יער3% שומן 150 ג' מולר,מולר Muller,IL,מולר פרופ לבן+קציפת,,150.00,100 גרם,false,,5.50,0.0367,true,1,104303
7290102392049,false,גבינה תבור לאפייה 5% 500 ג' צוריאל,מחלבת משק צוריאל,IL,גבינה תבור לאפייה 5%,,500.00,100 גרם,false,,27.90,0.0558,true,1,104311
7290102392094,false,חלב עיזים 4.1% צוריאל 1 ל' קרטון,מילקו תעשיות בעמ,IL,חלב עיזים צוריאל 1ל,,1000.00,,false,,17.90,0.0179,true,1,104315
7290102392254,false,חלב 1% בקרטון 2 ל' טרה,מילקו תעשיות בעמ,IL,חלב בקרטון טרה 1% 2,,2000.00,100 גרם,false,,11.72,0.0059,true,1,104328
7290102393039,false,מולר מיקס יוגורט קרמי בתוספת פצפוצי שוקולד 170 ג',קריות זול,IL,מולר מיקס בתוספת פצפ,,150.00,100 גרם,false,,6.40,0.0427,true,1,104374
7290102393060,false,מיקס יוגורט גליליות וופל קרם אגוזים 170 ג' מולר,קריות זול,IL,מולר מיקס גליליות 15,,150.00,100 גרם,false,,6.40,0.0427,true,1,104375
7290102393169,false,סימפלי פרוט יוגורט תות 3% שומן 150 ג' מולר,מולר Muller,IL,מולר סימפלי פרוט תות,,150.00,100 גרם,false,,5.50,0.0367,true,1,118528
7290102393176,false,סימפלי פרוט יוגורט אפרסק 3% שומן 150 ג' מולר,מילקו תעשיות בעמ,IL,מולר סימפלי פרוט אפר,,150.00,100 גרם,false,,5.50,0.0367,true,1,118529
7290102393190,false,סימפלי פרוט פירות היער 3% שומן 150 ג' מולר,מילקו תעשיות בעמ,IL,מולר סימפלי פרוט פיר,,150.00,100 גרם,false,,5.50,0.0367,true,1,118531
7290102393268,false,**טרה גבינה לבנה אריזת חיסכון 5% 750ג,טרה,IL,גבינה לבנה 5% טרה 75,,750.00,100 גרם,false,,14.94,0.0199,true,1,117190
7290102393947,false,סימפלי פרוט יוגורט בטעם קיווי 3% שומן 150 ג' מולר,מילקו תעשיות בעמ,IL,מולר סימפלי פרוט קיו,,150.00,100 גרם,false,,5.50,0.0367,true,1,120661
7290102394463,false,נעם גבינה צהובה וואקום 28% 500גרם,Unknown,IL,גבינה צהובה נעם ואקו,,500.00,,false,,29.90,0.0598,true,1,130000
7290102394821,false,נעם גבינה צהובה דק דק פ.ח 28% 200גר,מילקו תעשיות בעמ,IL,גבינה צהובה נעם 28%,,200.00,100 גרם,false,,17.90,0.0895,true,1,123942
7290102394845,false,פרוסות גבינת נעם מופחתת שומן 9%,מילקו תעשיות בעמ,IL,גבינה צהובה נעם דק ד,,200.00,100 גרם,false,,18.90,0.0945,true,1,123944
7290102395101,false,גבינה עם ממרח שוקולד 200ג' טרה,מילקו תעשיות בעמ,IL,ממרח על בסיס גבינה ש,,200.00,,false,,12.90,0.0645,true,1,131984
7290102395224,false,מארז 8 גביעים יוגורט ביו בטעם טבעי 1.7%,מולר Muller,IL,מולר נטורל 1.7% מארז,,1200.00,,false,,19.50,0.0163,true,1,127964
7290102395231,false,מולר נטורל 2.8% ביאנקו מאגדת 8 יח' * 150 ג',מולר Muller,IL,מולר נטורל 2.8% מארז,,1200.00,,false,,19.50,0.0163,true,1,127965
7290102395446,false,מעדן חלב בטעם וניל עם קצפת 123 ג' טרה,טרה,IL,מוו וניל קצפת 123גר,,123.00,100 גרם,false,,3.20,0.0260,true,1,128773
7290102395477,false,מעדן חלב בטעם שוקולד עם קצפת 123 ג' טרה,Unknown,IL,מוו שוקולד קצפת 123ג,,123.00,100 גרם,false,,3.20,0.0260,true,1,128776
7290102396665,false,פרוסות גבינת נעם מופחתת שומן 15%,מילקו תעשיות בעמ,IL,גבינה צהובה נעם 15%,,200.00,,false,,17.90,0.0895,true,1,137414
7290102396719,false,יוגורט ביו עם תות שדה 0% Simply Fruit,מולר Muller,IL,מולר סימפלי פרוט תות,,150.00,100 גרם,false,,5.50,0.0367,true,1,134709
7290102397310,false,מעדן מיני בטעם שוקולד קצפת מוו מאגדת 8 יח' * 70 ג',טרה,IL,*מבצע* מיני מוו שוקו,,560.00,100 גרם,false,,11.90,0.0213,true,1,138574
7290102397464,false,יוגורט ביו בתוספת גרעינים אגוזים וחמוציות 170 ג' מולר,מולר Muller,IL,מולר מיקס גרעינים פק,יחידה,0.00,יחידה,false,,6.40,0.0000,true,1,163265
7290102397600,false,מיקס יוגורט בתוספת שקדים ובוטנים מקורמלים 170 ג' מולר,מילקו תעשייה בעמ,IL,מולר מיקס+ שקדים ובו,,170.00,100 גרם,false,,6.40,0.0376,true,1,139538
7290102397617,false,יוגורט ביו קרמי עם כדורים מצופים שוקולד חום לבן,מולר Muller,IL,מולר מיקס קליק 150גר,,150.00,,false,,6.40,0.0427,true,1,139539
7290102397679,false,קוטג' וחצי 5% טרה 375 ג',Unknown,IL,קוטג 5% 375גר טרה,,375.00,100 גרם,false,,8.50,0.0227,true,1,161947
7290102397730,false,פרוסות גבינה אמנטל חצי קשה 30% שומן 200 ג' נעם,Unknown,IL,גבינה אמנטל נעם 200ג,,200.00,100 גרם,false,,18.90,0.0945,true,1,164510
7290102397747,false,פרוסות גבינת מוצרלה נעם מחלב בקר 22%,טרה,IL,*מבצע* גבינת מוצרלה,,200.00,100 גרם,false,,14.90,0.0745,true,1,166478
7290102397891,false,גבינת מותכת 18% צוריאל 100ג',משק צוריאל,IL,גבינה מותכת צוריאל 1,,100.00,,false,,8.50,0.0850,true,1,163267
7290102398065,false,**חלב בקרטון 2 ליטר 3% מהדרין - טרה,Unknown,IL,חלב קרטון 2 ליטר 3%,,2000.00,100 גרם,false,,12.46,0.0062,true,1,164630
7290102398331,false,חלב דל לקטוז 2% מועשר בויטמין D,Unknown,IL,חלב מועשר דל לקטוז 1,,1000.00,100 גרם,false,,8.40,0.0084,true,1,166363
7290102398560,false,שוקו מעושר בבקבוק 1ל' טרה,מילקו תעשיות בעמ,IL,שוקו טרה מועשר 1 ליט,,1000.00,100 גרם,false,,12.90,0.0129,true,1,168211
7290102398577,false,משקה חלב בטעם שוקו 2% בבקבוק אישי,מילקו תעשיות בעמ,IL,שוקו טרה מועשר 250 מ,,250.00,100 גרם,false,,5.70,0.0228,true,1,168212
7290102398614,false,משקה חלב בטעם בננה 1 ליטר טרה,מילקו תעשיות בעמ,IL,משקה חלב בטעם בננה 1,,1000.00,,false,,12.90,0.0129,true,1,168213
7290102398799,false,משקה סויה במתיקות מופחתת 1 ליטר משק צוריאל,משק צוריאל,IT,משקה סויה במתיקות מו,,1000.00,,false,,11.90,0.0119,true,1,180263
7290102398805,false,משקה סויה - וניל 1 ליטר משק צוריאל,משק צוריאל,IT,משקה סויה בטעם וניל,,1000.00,,false,,11.90,0.0119,true,1,180264
7290102398836,false,משקה שקדים קלאסי 1 ליטר משק צוריאל,משק צוריאל,IT,משקה שקדים קלאסי 1 ל,,1000.00,,false,,12.70,0.0127,true,1,180266
7290102399635,false,"מולר פרופ יוגורט ביו עם קציפת קוקוס ואננס 150 מ""ל",מולר Muller,IL,מולר פרופ טרופיקל 4.,,150.00,,false,,5.50,0.0367,true,1,186985
7290102399796,false,מעדן יוגורט לבן מועשר בחלבון 200 ג' מולר אקטיב,מולר Muller,IL,מולר אקטיב 25 יוגורט,,200.00,100 גרם,false,,5.90,0.0295,true,1,180270
7290102399819,false,יוגורט עם פירות יער מולר אקטיב מועשר בחלבון 200 גר',מולר Muller,IL,מולר אקטיב יוגורט 20,,200.00,100 גרם,false,,6.40,0.0320,true,1,180272
7290102601547,false,כפיות פרמיום שקוף/קרם/לבן/זהב א'ר 50 דנטס,,,כפיות פרמיום שקוף/קר,יחידה,0.00,יחידה,false,,9.90,0.0000,true,1,173115
7290103124601,false,"תחליב רחצה נוזל חלב ודבש משאבה 750מ""ל פלמוליב",הנסיך- מפעל לייצור ט,TR,פלמוליב תחליב רחצה נ,,750.00,100 גרם,false,,21.90,0.0292,true,1,147063
7290103243364,false,מאפנס וניל 40גרם,,,מאפנס וניל 40גרם,,40.00,,false,,1.30,0.0325,true,1,186778
7290103400194,false,כרוב לבן חתוך טעם הט,"טרופיקל דגיל בע""מ אז",IL,כרוב לבן שטראוס 400ג,,400.00,,false,,9.50,0.0238,true,1,110868
7290103400231,false,גזר גוליאן בדצ שטראו,"טרופיקל דגיל בע""מ אז",IL,גזר גוליאן בדצ שטראו,,400.00,,false,,9.50,0.0238,true,1,110870
7290103400255,false,לקט לסלט קולסלאו בשקית,"טרופיקל דגיל בע""מ אז",IL,סלט קולסלאו שטראוס 4,,400.00,,false,,9.50,0.0238,true,1,110872
7290103401429,false,עלית אוריגינס קצב ברזילאי 200ג,הנסיך- מפעל לייצור ט,IL,קפה מגורען קצב ברזיל,,200.00,,false,,29.90,0.1495,true,1,110903
7290103404758,false,כרוב אדום במיונז אחל,מיוצר עי קונדיטוריית,IL,סלט כרוב אדום אחלה 1,,200.00,,false,,5.70,0.0285,true,1,110985
7290103681180,false,"יין תבור הר מרלו 750 מ""ל",מיוצר על ידי יקב תבו,IL,יין תבור אדום מרלו 7,,750.00,,false,,39.90,0.0532,true,1,170236
7290103681210,false,"יין תבור הר יין שרדונה 2018 750 מ""ל",מיוצר על ידי יקב תבו,IL,יין תבור שרדונה 750,,750.00,100 גרם,false,,39.90,0.0532,true,1,170233
7290103700195,false,שאפו רדיד אלומיניום צר 30*7.5 2יח',"שניב תעשיות נייר בע""",,רדיד אלומיניום צר 30,,2.00,,false,,9.90,4.9500,true,1,127698
7290103700324,false,שאפו זוג שקיות אוכל מתכלות בקרטון 300יח',,,טאצ זוג שקיות אוכל ב,יחידה,0.00,יחידה,false,,9.90,0.0000,true,1,154666
7290103700331,false,שאפו שקית אוכל רב תכ,,,שאפו שקית אוכל רב תכ,יחידה,0.00,יחידה,false,,10.90,0.0000,true,1,127702
7290103701017,false,נייר אפייה נשלף טאצ 50 יחידות כשלפ,"שניב תעשיות נייר בע""",,טאצ' נייר אפייה 50 י,יחידה,0.00,יחידה,false,,9.90,0.0000,true,1,132844
7290103701055,false,כוס קרטון טאץ' ב8 או,"שניב תעשיות נייר בע""",,כוס קרטון טאץ' ב8 או,יחידה,0.00,יחידה,false,,8.90,0.0000,true,1,186554
7290103701093,false,טאצ' מטליות מיקרופייבר לרצפה 2 יח',"שניב תעשיות נייר בע""",,טאצ מטליות מיקרופייב,,7.00,,false,,10.90,1.5571,true,1,137341
7290103701130,false,טאצ' מטליות מיקרופייבר לניקוי כללי 7 יח',,,טאצ מטליות מיקרופייב,,7.00,,false,,10.90,1.5571,true,1,137342
7290103702212,false,ממחטות טישיו כיס טאצ,"שניב תעשיות נייר בע""",,טאצ ממחטות כיס,יחידה,0.00,יחידה,false,,6.90,0.0000,true,1,139847
7290103702304,false,טאצ' אשפתון עבה במיוחד 35 יח',"שניב תעשיות נייר בע""",,טאצ אשפתון בגליל 35,,35.00,,false,,15.90,0.4543,true,1,161040
7290103702328,false,שקיות אשפה עבות במיו,"שניב תעשיות נייר בע""",,טאצ אשפתון בגליל 25,,25.00,,false,,15.90,0.6360,true,1,161041
7290103703684,false,נייר טאולט לובלי 30,Unknown,,לאבלי נייר טואלט 30,יחידה,0.00,יחידה,false,,29.90,0.0000,true,1,170320
7290103703905,false,ממחטות נייר טישו טוט,Unknown,,ממחטות נייר טישו טוט,יחידה,0.00,יחידה,false,,10.90,0.0000,true,1,186498
7290104061417,false,חומוס טחינה אחלה 400 ג',"שטראוס גרופ בע""מ",IL,חומוס טחינה אחלה קלא,,400.00,100 גרם,false,,10.90,0.0273,true,1,111095
7290104061431,false,חומוס אחלה עם צנובר 400 ג',"שטראוס גרופ בע""מ",IL,חומוס צנובר אחלה קלא,,400.00,,false,,10.90,0.0273,true,1,111097
7290104061448,false,חומוס עם חריף 400 ג' אחלה,מיוצר עי קונדיטוריית,IL,חומוס חריף אחלה קלאס,,400.00,,false,,10.90,0.0273,true,1,111098
7290104062599,false,מארז 8 יחידות מעדן גמדים בטעמי תות ובננה,STRAUSS-ISRAEL,IL,גמדים תות בננה 8*100,,800.00,100 גרם,false,,20.90,0.0261,true,1,111114
7290104065187,false,אבקה להכנת משקה קפה בטעם מוקה,STRAUSS-ISRAEL,IL,קפה נמס בטעם מוקה על,,200.00,100 גרם,false,,21.90,0.1095,true,1,117335
7290104065934,false,שטראוס עלי רוקט 150ג,שטראוס בריאות ירקות,IL,שטראוס עלי רוקט 150ג,,150.00,100 גרם,false,,11.50,0.0767,true,1,111155
7290104066566,false,טחינה שומשום מלא אחלה 500 גר',מיוצר עי קונדיטוריית,IL,טחינה משומשום מלא אח,,400.00,,false,,16.90,0.0422,true,1,117339
7290104500572,false,אפרופו חטיף איטליאנו 50 ג' אסם,מיוצר עי קונדיטוריית,IL,אפרופו חטיף איטליאנו,,50.00,,false,,5.30,0.1060,true,1,119751
7290104501661,false,אינסטנט פודינג בטעם וניל צרפתי,מיוצר עי קונדיטוריית,IL,פודינג וניל צרפתי אס,,80.00,,false,,5.90,0.0738,true,1,118475
7290104503184,false,עוגת הבית שבת בראוניס שוק' ריבת חלב 380ג',מיוצר עי קונדיטוריית,IL,עוגת הבית בראוניס שו,,380.00,,false,,18.50,0.0487,true,1,122340
7290104504228,false,מארז אריזות מיני חטיף דובונים - 5 יח',"אסם השקעות בע""מ",IL,דובונים מולטיפק אסם,,100.00,100 גרם,false,,13.90,0.1390,true,1,121785
7290104508943,false,במבה אריזת חסכון 200 גרם,"אסם השקעות בע""מ",IL,במבה אסם 200 גרם,,200.00,,false,,9.90,0.0495,true,1,189672
7290104570162,false,תמרים כבוש ביסאן 500 ג',תמר העמקים בית שאן,,תמר כבוש 500 גר,,500.00,,false,,14.90,0.0298,true,1,130371
7290104721533,false,רצועות פלפלים קלויים אחלה 400 ג',מיוצר עי קונדיטוריית,IL,פלפלים קלויים אחלה ט,,400.00,,false,,16.90,0.0422,true,1,120631
7290104721762,false,קפה טורקי עלית מארז 85X3ג',,,קפה טורקי עלית מארז,,255.00,,false,,17.90,0.0702,true,1,119250
7290104721953,false,לקט סלט מסולסלים 7 סוגי עלים,שטראוס בריאות ירקות,IL,לקט מסולסלים ירקות ש,,350.00,,false,,13.90,0.0397,true,1,117984
7290104722530,false,תפוצ'יפס בטעם שמנת ובצל,"שטראוס פריטו ליי בע""",IL,תפוציפס שמנת בצל 200,,200.00,,false,,12.30,0.0615,true,1,118107
7290104726262,false,מארז 4 יחידות דני לשתייה בטעם שוקולד + קשים,מיוצר עי קונדיטוריית,IL,דני תות לשתיה מארז ר,יחידה,500.00,יחידה,false,,12.50,0.0250,true,1,119039
7290104726712,false,מארז 8 יחידות מעדן מילקי בטעם שוקולד עם קצפת,"שטראוס גרופ בע""מ",IL,מילקי שמינייה מארז 8,,1064.00,,false,,22.90,0.0215,true,1,123232
7290104728310,false,"שמנת עמידה לקצפת 38% שומן 250 מ""ל יוטבתה",מחלבת יטבתה,IL,שמנת עמידה לקצפת 38%,,250.00,100 גרם,false,,6.47,0.0259,true,1,119731
7290104960239,false,"תחליב רחצה נקה 7 ארומה לבן 750 מ""ל",טרופיקל דגיל תעשיות,IL,נקה 7 תחליב רחצה ארו,,750.00,,false,,12.90,0.0172,true,1,118140
7290104960253,false,"תחליב רחצה נקה 7 לבנדר סגול 750מ""ל",טרופיקל דגיל תעשיות,IL,נקה 7 תחליב רחצה ארו,,750.00,,false,,12.90,0.0172,true,1,118142
7290104960338,false,"נקה 7 תחליב רחצה ארומה אלוורה ותה ירוק 750מ""ל",אמיליה קוסמטיקס,IL,נקה 7 תחליב רחצה ארו,,750.00,,false,,12.90,0.0172,true,1,121374
7290104960352,false,"נקה 7 תחליב רחצה ארומה שקד וניל 750מ""ל",אמיליה קוסמטיקס,IL,נקה 7 תחליב רחצה ארו,,750.00,,false,,12.90,0.0172,true,1,121376
7290104960970,false,דאודורנט ספריי טיטניום מטאל Titanium Metal,אמיליה קוסמטיקס בעמ,IL,טיטניום דאו ספריי מט,,180.00,100 גרם,false,,17.90,0.0994,true,1,122876
7290105360250,false,קפסולות 09 עשיר וארומטי למכונת נספרסו עלית 10יח',הנסיך- מפעל לייצור ט,IL,קפסולות מס9 עשיר ואר,יחידה,0.00,יחידה,false,,18.90,0.0000,true,1,127983
7290105360328,false,קפסולות אספרסו חזק למכונות נספרסו 10 יח',הנסיך- מפעל לייצור ט,IL,קפסולות מס'10 חזק וע,יחידה,0.00,יחידה,false,,18.90,0.0000,true,1,127984
7290105362339,false,"שמנת לבישול 15% 250 מ""ל יטבתה מהדרין",מחלבת יטבתה,IL,שמנת לבישול 15% יטבת,,250.00,100 גרם,false,,8.90,0.0356,true,1,124054
7290105363602,false,כיף כף - מקלות קלאסי 40 גרם,"איי, בי, אינבוו",TR,כיף כף מקלות קלאסי 4,,40.00,,false,,6.30,0.1575,true,1,127804
7290105364289,false,כיף כף - מקלות פצפוצים 40 גרם,"איי, בי, אינבוו",TR,כיף כף מקלות פצפוצים,,40.00,,false,,6.30,0.1575,true,1,127805
7290105364302,false,"עלית חטיף שוקולד כיף כף מקלות אגוזים, 40 גרם","איי, בי, אינבוו",TR,כיף כף מקלות אגוזים,,40.00,,false,,6.30,0.1575,true,1,127806
7290105364678,false,משקה אקטיביה בטעם אפרסק 1.3% שומן 265 ג' דנונה,מיוצר עי קונדיטוריית,IL,אקטיביה משקה בטעם אפ,,250.00,100 גרם,false,,5.70,0.0228,true,1,121083
7290105366023,false,חציל אחלה בטעם כבד 400 גר' אחלה,מיוצר עי קונדיטוריית,IL,חציל טעם כבד אחלה טע,,400.00,100 גרם,false,,16.90,0.0422,true,1,121901
7290105366047,false,טחינה אחלה לבנה 400 גר',מיוצר עי קונדיטוריית,IL,טחינה לבנה אחלה טעמי,,400.00,,false,,16.90,0.0422,true,1,122330
7290105366993,false,סימפוניה גבינה במרקם שמנת פלפל שיפקה חריף 5%,"שטראוס בריאות בע""מ",IL,סימפוניה פלפל שיפקה,,200.00,,false,,11.90,0.0595,true,1,131901
7290105368331,false,מעדן מילקי בטעם תות עם קצפת,מחלבת אחיהוד,IL,מילקי תות,,170.00,,false,,3.00,0.0176,true,1,126522
7290105368904,false,"שמנת מתוקה להקצפה 32% שומן 250 מ""ל יוטבתה",מחלבת יטבתה,IL,שמנת מתוקה להקצפה 32,,500.00,100 גרם,false,,8.30,0.0166,true,1,127296
7290105368928,false,"שמנת 9% שומן 200 מ""ל יוטבתה",מחלבת יטבתה,IL,שמנת 9% יטבתה 200מל,,200.00,,false,,3.60,0.0180,true,1,124099
7290105369451,false,צ'יטוס דולפינים עלית 55 ג',STRAUSS-ISRAEL,,ציטוס דולפינים אפוי,,55.00,,false,,3.90,0.0709,true,1,122581
7290105439499,false,מיונז הולנדי 481 ג' מאסטר שף,רמיה סי.וי. הולנד,NL,מיונז מאסטר שף 480 ג,,480.00,,false,,11.90,0.0248,true,1,138716
7290105500151,false,וודקה פינלנדיה בקבוק,"אלטיה קורפ, הלסינקי,",FI,וודקה פינלנדיה 700 מ,,700.00,,false,,69.90,0.0999,true,1,127073
7290105500236,false,וויסקי ג'ק דניאלס מס' 7 Brand No,ג'ק דניאלס Jack Daniel's,US,וויסקי ג'ק דניאלס 70,,700.00,100 גרם,false,,109.90,0.1570,true,1,131687
7290105691712,false,עוגיות הפסקת קפה חיטה מלאה אסם 230 גר',היינץ צפון אמריקה מק,IL,עוגיות הפסקת קפה דגנ,,230.00,100 גרם,false,,12.90,0.0561,true,1,124238
7290105691934,false,"קמח שמרים 1ק""ג אוסם",תאי פרזידנט פוד פאבל,IL,קמח שמרים אסם 1קג,,1000.00,100 גרם,false,,11.90,0.0119,true,1,127679
7290105693341,false,במבה מארז 10 יח' * 25 ג' אסם,"אסם השקעות בע""מ",IL,*מבצע* במבה מארז אסם,,250.00,100 גרם,false,,14.90,0.0596,true,1,132176
7290105693457,false,עוגת הבית דמקה שוקו וניל 320 ג' אסם,מיוצר עי קונדיטוריית,IL,עוגת הבית דמקה שוקו,,320.00,100 גרם,false,,13.90,0.0434,true,1,124240
7290105695024,false,אסם פתיתים אפויים אורז עם אטריות 500 גר,"אסם השקעות בע""מ",IL,פתיתים אפויים אורז ע,,500.00,100 גרם,false,,7.90,0.0158,true,1,128810
7290105695321,false,עוגת שוקולד בראוניז פאדג' 380 ג',מיוצר עי קונדיטוריית,IL,עוגות הבית בראוניס פ,,380.00,,false,,18.50,0.0487,true,1,126667
7290105962331,false,זחוק אדום תימני מקורי חריף מאוד,קריניסה ויטמין אס אי,IL,סחוג חריף אדום מאוד,,220.00,100 גרם,false,,12.90,0.0586,true,1,124514
7290105965738,false,יוגורט לשתיה בטעם תות בננה267 ג' דנונה,מיוצר עי קונדיטוריית,IL,דנונה לשתיה תות בננה,,250.00,100 גרם,false,,5.50,0.0220,true,1,132986
7290105966469,false,"חומץ בלסמי יד מרדכי 250מ""ל",אצטייה ג'וזפה קרמוני,IT,חומץ בלסמי יד מרדכי,,2500.00,100 גרם,false,,18.90,0.0076,true,1,133982
7290105968098,false,סלט קולסלאו אחלה 500 ג',אחלה - שטראוס,IL,קולסלאו אחלה 500גר,,500.00,,false,,16.90,0.0338,true,1,127642
7290105968654,false,רביולי בטטה פרווה פסטה נונה 400 ג',מיוצר עי קונדיטוריית,IL,רביולי בטטה שטראוס 4,,400.00,,false,,21.90,0.0547,true,1,127468
7290105968777,false,פריכיות עם תחתית שוקולד מריר 70 ג' אנרגי,"טחנת האבן תעשיות בע""",IL,פריכיות תחתית שוקולד,,80.00,,false,,9.50,0.1188,true,1,129836
7290106520066,false,רבע לשבע במילוי קרם אגוזים ובציפוי שוקולד חלב,הגביע מוצרי וופלים ב,IL,רבע לשבע גלילי וופל,,160.00,,false,,12.90,0.0806,true,1,127803
7290106520288,false,יוגורט פרו חלבון עם תות 2.4% שומן 150 ג' דנונה,"שטראוס בריאות בע""מ",IL,דנונה WOW תות 150 ג,,150.00,100 גרם,false,,5.10,0.0340,true,1,138250
7290106520905,false,סלט טורקי עם פלפל קל,"שטראוס גרופ בע""מ",IL,סלט טורקי אחלה טעמי,,400.00,,false,,16.90,0.0422,true,1,129175
7290106520912,false,"שמנת לבישול 9% 250 מ""ל יטבתה",מחלבת יטבתה,IL,שמנת לבישול 9% יטבתה,,250.00,100 גרם,false,,8.90,0.0356,true,1,129845
7290106521049,false,קוביות סלק אחלה 400 גר',מיוצר עי קונדיטוריית,IL,סלטי קוביות סלק אחלה,,400.00,,false,,16.90,0.0422,true,1,131280
7290106524439,false,תפוצ'יפס טבעי פופס 60גר',"שטראוס פריטו ליי בע""",IL,תפוציפס פופס 60גר,,60.00,,false,,4.10,0.0683,true,1,166423
7290106525320,false,אבקת שוקולית לאפייה קופסא 500ג' עלית,הנסיך- מפעל לייצור ט,IL,שוקולית לאפיה 500גר,,500.00,,false,,17.90,0.0358,true,1,170685
7290106525399,false,קפסולות 06 ברזיל למכונות נספרסו עלית 10יח',הנסיך- מפעל לייצור ט,IL,קפסולות ברזיל 06 למכ,,50.00,100 גרם,false,,18.90,0.3780,true,1,174173
7290106528628,false,דוריטוס טבעי עלית 185 ג',"שטראוס פריטו ליי בע""",IL,דוריטוס טבעי 185גר,,185.00,,false,,8.90,0.0481,true,1,172216
7290106528949,false,סלט ערוגות טעם הטבע,שטראוס בריאות ירקות,IL,לקט ערוגות שטראוס 45,,450.00,,false,,12.90,0.0287,true,1,133468
7290106571921,false,עוגיות פיטנס עוגיות חמוציות 180 גר',מיוצר עי קונדיטוריית,IL,פיטנס עוגיות חמוציות,,180.00,,false,,12.90,0.0717,true,1,133386
7290106572027,false,אוסם - לחמית חמישה דגנים 190 גרם,"אסם השקעות בע""מ",IL,לחמית חמישה דגנים אס,,190.00,100 גרם,false,,9.90,0.0521,true,1,127931
7290106572959,false,מארז אפרופו חטיף תירס 5 יחידות,אסם תעשיות,IL,אפרופו קלאסי מארז אס,,125.00,100 גרם,false,,12.90,0.1032,true,1,129694
7290106573598,false,צבר חומוס לבנוני 400גרם,סלטי צבר,IL,חומוס לבנוני צבר 400,,400.00,,false,,12.90,0.0323,true,1,129962
7290106573628,false,צבר חומוס עם טחינה 400גר,סלטי צבר,IL,חומוס עם טחינה צבר 4,,400.00,100 גרם,false,,12.90,0.0323,true,1,129956
7290106573642,false,צבר חומוס צנובר 400גרם,סלטי צבר,IL,חומוס צנובר צבר 400ג,,400.00,,false,,12.90,0.0323,true,1,129957
7290106574953,false,בייגלה שטוחים כעכים שטוחים עם שומשום,מיוצר עי קונדיטוריית,IL,בייגלה שטוחים שומשום,,300.00,,false,,11.90,0.0397,true,1,130599
7290106574977,false,בייגלה שטוחים כעכים שטוחים עם מלח,מיוצר עי קונדיטוריית,IL,בייגלה שטוחים עם מלח,,300.00,,false,,11.90,0.0397,true,1,130600
7290106575011,false,פתיתים אפויים פלוס חיטה מלאה 400 ג' אסם,מיוצר עי קונדיטוריית,IL,פתיתים אפויים קוסקוס,,400.00,,false,,7.90,0.0198,true,1,131116
7290106575257,false,עוגת הבית סופלה בטעם שוקולד 340 ג' אסם,מיוצר עי קונדיטוריית,IL,עוגת הבית סופלה בטעם,,340.00,100 גרם,false,,13.90,0.0409,true,1,131788
7290106575332,false,פתיתים אפויים פלוס בורגול 400 ג' אסם,"מיוצר ע""י קוד יצרן K",IL,פתיתים אפויים פלוס ב,,400.00,,false,,7.90,0.0198,true,1,131425
7290106575431,false,עוגת הבית סופלה בטעם שוקוניל 340 ג' אסם,מיוצר עי קונדיטוריית,IL,עוגת הבית סופלה בטעם,,340.00,100 גרם,false,,13.90,0.0409,true,1,131791
7290106576223,false,אפרופו מצופה שוקולד 40 ג',מיוצר עי קונדיטוריית,IL,אפרופו שוקולד אסם 40,,40.00,,false,,5.30,0.1325,true,1,160399
7290106576513,false,סלט חומוס צבר 400 גר,סלטי צבר,IL,חומוס צבר 400גר,,400.00,,false,,10.90,0.0273,true,1,132307
7290106576537,false,צבר חומוס מסעדה 700 גר,סלטי צבר,IL,*מבצע* חומוס מסעדות,,700.00,100 גרם,false,,11.00,0.0157,true,1,131233
7290106576810,false,גלידה לה קרמריה ריבת חלב 1.4 ל' נסטלה,המאפיה של הרמן,IL,לה קרמריה ריבת חלב 1,,1400.00,,false,,21.90,0.0156,true,1,132180
7290106576858,false,גלידה לה קרמריה תותים בשמנת 1.4 ל' נסטלה,המאפיה של הרמן,IL,לה קרמריה תותים בשמנ,,1400.00,,false,,21.90,0.0156,true,1,132182
7290106576919,false,גלידה קרמריה סורבה תות לימון 1.4 ליטר,המאפיה של הרמן,IL,לה קרמריה סורבה תות,,1400.00,,false,,21.90,0.0156,true,1,132183
7290106576971,false,גלידה לה קרמריה שוקולד בלגי 1.4 ל' נסטלה,תות תעשיות מזון (201,IL,לה קרמריה שוקולד בלג,,1400.00,100 גרם,false,,21.90,0.0156,true,1,132185
7290106576995,false,גלידה סורבה לה קרמריה תות מנגו לייט 1.4 ל' נסטלה,המאפיה של הרמן,IL,לה קרמריה סורבה תות,,1400.00,100 גרם,false,,21.90,0.0156,true,1,132912
7290106577039,false,גלידה לה קרמריה שוקו וניל פליק 1.4 ל' נסטלה,תות תעשיות מזון (201,IL,לה קרמריה וניל שוקו,,1400.00,100 גרם,false,,21.90,0.0156,true,1,132186
7290106577282,false,צבר טחינה מרובע 400גרם,סלטי צבר,IL,טחינה צבר 400גרם,,400.00,100 גרם,false,,12.90,0.0323,true,1,131733
7290106577527,false,סלט קולסלאו כרוב לבן וגזר 400 ג' צבר,סלטי צבר,IL,סלט קולסלאו צבר 400,,400.00,,false,,12.90,0.0323,true,1,177150
7290106577541,false,כרוב אדום מרובע 400 ג' צבר,סלטי צבר,IL,כרוב אדום צבר 400גרם,,400.00,,false,,12.90,0.0323,true,1,131742
7290106577572,false,צבר מטבוחה מרובע 400גרם,סלטי צבר,IL,מטבוחה צבר 400גרם,,400.00,,false,,12.90,0.0323,true,1,131743
7290106578692,false,אוסם - במבה ביסלי מיקס 80 גרם,פרו מן יו פתרונות אר,IL,במבה ביסלי מיקס 80 ג,,80.00,,false,,4.90,0.0613,true,1,133587
7290106653689,false,לקט לסלט בסגנון אסייתי,שטראוס בריאות ירקות,IL,לקט לסלט אסייתי שטרא,,350.00,,false,,12.90,0.0369,true,1,162637
7290106654099,false,מילקי CAKE עוגות אישיות במילוי קרם חלב,STRAUSS-ISRAEL,,מארז מילקי קייק שמינ,,272.00,,false,,21.90,0.0805,true,1,138544
7290106658479,false,עלית וופל בטעם טורטית אגוזים 360גר,"שטראוס גרופ בע""מ",IL,טורטית מגדים 40גר,,40.00,100 גרם,false,,4.90,0.1225,true,1,139784
7290106663091,false,לאבנה טבעי 9% שטראוס 500ג',הדקלאים אגודת שיתופי,IL,לאבנה 9 % 500 גר שטר,,500.00,,false,,19.90,0.0398,true,1,137755
7290106663121,false,מילקי cake עוגה אישית 34 גרם,בובארד איטליה אס.פי.,IT,מילקי קייק 34 גר,,34.00,,false,,3.50,0.1029,true,1,137115
7290106663503,false,יד מרדכי קונפיטורת לייט תות 230 גר,אף.סי תבליני בגליל ב,IL,קונפיטורת לייט תות י,,250.00,,false,,15.50,0.0620,true,1,134778
7290106663558,false,"רוטב טריאקי ורימון יד מרדכי 280מ""ל",אף.סי תבליני בגליל ב,IL,רוטב טריאקי רימון יד,,320.00,,false,,14.90,0.0466,true,1,136623
7290106664067,false,לאבנה עם שמן זית וזעתר 10% שטראוס 400 ג',הדקלאים אגודת שיתופי,IL,לאבנה שמן זית וזעתר,,400.00,,false,,15.90,0.0398,true,1,137756
7290106664562,false,רוטב שמנת עם פטריות 9% שומן 258 ג' יוטבתה,מחלבת יטבתה,IL,רוטב שמנת עם פטריות,,250.00,100 גרם,false,,11.90,0.0476,true,1,135610
7290106668577,false,"מיץ לימון טבעי יד מרדכי 250 מ""ל",האי נאם סי או אל.טי.,IT,מיץ לימון טבעי 250 מ,,250.00,100 גרם,false,,9.50,0.0380,true,1,166444
7290106668713,false,יוגורט עם פירות יער 3% שומן 150 ג' דנונה,מיוצר עי קונדיטוריית,IL,דנונה פירות יער 3% 1,,150.00,100 גרם,false,,4.20,0.0280,true,1,136888
7290106669857,false,קפסולות 06 אספרסו בטעם וניל עלית 10יח',הנסיך- מפעל לייצור ט,IL,קפסולות אספרסו בטעם,,50.00,,false,,18.90,0.3780,true,1,163045
7290106720626,false,צ'יטוס קראנצ' בטעם גבינה - חלבי,"שטראוס פריטו ליי בע""",IL,ציטוס קראנצ בטעם גבי,,80.00,,false,,4.80,0.0600,true,1,163512
7290106721920,false,צנצנת מסטיק מאסט בטעם ספירמינט עדין 66 ג' עלית,"שטראוס גרופ בע""מ.",IL,מסטיק מאסט ספירימינט,,66.00,,false,,10.90,0.1652,true,1,136190
7290106723689,false,עלי תרד בייבי שטראוס,שטראוס בריאות ירקות,IL,עלי תרד בייבי שטראוס,,200.00,,false,,11.50,0.0575,true,1,134752
7290106725867,false,"סירופ מייפל טהור 189 מ""ל יד מרדכי",קוסלסי פוד,CA,*מבצע* סירופ מייפל ט,,189.00,100 גרם,false,,24.90,0.1317,true,1,138028
7290106726178,false,יוגורט PRO עם פירות יער 2.4% 10 גרם חלבון בגביע,מיוצר עי קונדיטוריית,IL,דנונה WOW פירות יער,,150.00,100 גרם,false,,5.10,0.0340,true,1,137761
7290106729650,false,יוגורט עם תות מאגדת 8 יח' * 150ג' דנונה,דנונה - שטראוס,,דנונה תות מארז 8יח 3,,1200.00,,false,,26.90,0.0224,true,1,139183
7290107280013,false,מגבונים ליטופים ללא בושם חמישיה,,,מגבוני ליטופים חמישי,,5.00,,false,,21.90,4.3800,true,1,177444
7290107280020,false,מטליות לחות סנו סושי לניקוי כללי שלישיה *50 יח',טרופיקל דגיל- תעשיות,IL,מגבוני ניקוי כללי סנ,יחידה,0.00,יחידה,false,,21.90,0.0000,true,1,177445
7290107280099,false,מגבוני טואלט לחים סנו סופט שלישייה * 48 יח',טרופיקל דגיל- תעשיות,IL,מגבוני טואלט סופט של,יחידה,0.00,יחידה,false,,19.90,0.0000,true,1,185226
7290107280341,false,ריצפז מטליות לחות לניקוי הרצפה בניחוח מלון מפנק,"סנו מפעלי ברונוס סע""",IL,ריצפז מטליות לחות לנ,יחידה,0.00,יחידה,false,,13.90,0.0000,true,1,185044
7290107280396,false,"סנו - ג'ט מרסס לניקוי יסודי במטבח 750 מ""ל","סנו מפעלי ברונוס בע""",IL,סנו ג'ט למטבח 750מל,,750.00,,false,,12.90,0.0172,true,1,131908
7290107280563,false,אוקסיג'ן ג'ל לכביסה בייבי 3ל',"איי, בי, אינבוו",IL,סנו אוקסיגן בייבי 3ל,,3000.00,,false,,32.90,0.0110,true,1,134521
7290107280570,false,סנו - מקסימה ג'ל כביסה מרוכז לכביסה צבעונית 3 ליטר,מיוצר עי קונדיטוריית,IL,סנו מקסימה גל לכביסה,ליטרים,3.00,ליטר,false,,32.90,10.9667,true,1,134522
7290107280723,false,נוזל לניקוי כלים סנו ספארק Spark בניחוח לימון רענן,סנו כימיקלים,IL,ספארק נוזל לניקוי כל,,700.00,100 גרם,false,,9.90,0.0141,true,1,135099
7290107280747,false,נוזל לניקוי כלים סנו ספארק Spark קלאסי,סנו כימיקלים,IL,ספארק נוזל לניקוי כל,,700.00,100 גרם,false,,9.90,0.0141,true,1,135101
7290107280761,false,נוזל לניקוי כלים בניחוח לימון רענן סנו ספארק Spark,מיוצר עי קונדיטוריית,IL,סנו ספארק משאבה לימו,,1000.00,100 גרם,false,,12.90,0.0129,true,1,137981
7290107280822,false,סנו ריצפז פרש הום 2 ליטר בניחוח ספא,סנו פרש Fresh,IL,ריצפז פרש הום ספא מר,ליטרים,2.00,ליטר,false,,23.90,11.9500,true,1,135681
7290107646147,false,חטיף דגנים שוגי קורנפלקס שישייה * 26 ג',יוניליוור ישראל מזון,IL,שוגי קורנפלקס מאגדת,,156.00,,false,,14.90,0.0955,true,1,167441
7290107646826,false,שוגי חטיף פתיתי תירס קלויים בטעם שוקולד,יוניליוור ישראל מזון,IL,שוגי שוקו מאגדת חטיפ,,156.00,100 גרם,false,,14.90,0.0955,true,1,167443
7290107646895,false,קנור - רוטב פסטה נפוליטנה 415 גרם חתם סופר,קונסורזיו קאסאלאסקו,IT,רוטב עגבניות לפסטה נ,,415.00,100 גרם,false,,11.90,0.0287,true,1,165639
7290107646918,false,רוטב עגבניות ופלפלים לשקשוקה 415 ג' קנור,קונסורזיו קאסאלאסקו,IT,רוטב עגבניות ופלפלים,,415.00,100 גרם,false,,11.90,0.0287,true,1,165641
7290107647823,false,תלמה ברנפלקס 500 גרם,יוניליוור ישראל מזון,IL,ברנפלקס בדצ 500גר,,500.00,,false,,22.90,0.0458,true,1,166114
7290107648943,false,ברנפלקס קרנצים מייפל 375 ג' תלמה,יוניליוור שפע ישראל,IL,ברנפלקס קראנצ'ים מיי,,375.00,100 גרם,false,,22.90,0.0611,true,1,170640
7290107648981,false,רוטב עגבניות קלאסי פומודורו 415 ג' קנור,מיוצר עי קונסורזייו,IT,רוטב לפסטה פומודורו,,415.00,,false,,11.90,0.0287,true,1,167324
7290107649100,false,בייגלה טבעות שומשום 300 גר',בייגל את בייגל מזון,IL,טבעות שומשום 300 גרם,,300.00,100 גרם,false,,10.90,0.0363,true,1,170492
7290107871532,false,מאגדת קרחונים דובדבן מלון 10 יח' נסטלה,גלידות נסטלה (נגה גל,IL,קרחוני דובדבן מלון נ,,800.00,,false,,10.90,0.0136,true,1,135446
7290107871990,false,פסטה צינורות 500 ג' אסם,פסטה זארה,IT,פסטה צינורות אסם 500,,500.00,,false,,6.50,0.0130,true,1,134190
7290107874502,false,ביסלי גריל מארז 4 יח' * 55 ג' אסם,מיוצר עי קונדיטוריית,IL,ביסלי גריל מארז אסם,,220.00,100 גרם,false,,12.90,0.0586,true,1,139474
7290107875271,false,ביסלי ברביקיו מארז 4 יח' * 55 ג' אסם,,,ביסלי ברביקיו מארז א,,220.00,,false,,12.90,0.0586,true,1,139475
7290107875400,false,גלידה לה קרמריה פיסטוק מוקה 1.4 ל' נסטלה,המאפיה של הרמן,IL,לה קרמריה פיסטוק מוק,,1400.00,100 גרם,false,,21.90,0.0156,true,1,135043
7290107875820,false,קרוטונים אפויים בתיבול ביתי אוסם 180 ג',עינת תעשיות מזון,IL,קרוטונים אפויים בתיב,,180.00,,false,,12.90,0.0717,true,1,171933
7290107879521,false,קרחוני לה פרוטה La Frutta תות שדה - 5 יח',גלידות נסטלה Nestle,IL,מאגדת לה פרוטה תות 5,יחידה,0.00,יחידה,false,,25.90,0.0000,true,1,138840
7290107930321,false,קונפיטורה דובדבן יד מרדכי 340 ג',בית אל מזון,IL,קונפיטורת דובדבן יד,,340.00,,false,,15.50,0.0456,true,1,137233
7290107932080,false,חלב בבקבוק 3% שומן 1 ל' יוטבתה,מחלבת יטבתה,IL,חלב 3% מועשר בבקבוק,,1000.00,100 גרם,false,,8.20,0.0082,true,1,137734
7290107932134,false,חלב בבקבוק 1% שומן 1 ל' יוטבתה,מחלבת יטבתה,IL,חלב מועשר 1% בבקבוק,,1000.00,100 גרם,false,,8.20,0.0082,true,1,137727
7290107933155,false,לקט סלנובה טעם הטבע,שטראוס בריאות ירקות,IL,לקט סלנובה 200גר,,200.00,100 גרם,false,,14.90,0.0745,true,1,138666
7290107936309,false,דנונה יוגורט 7% יווני לבן 130 ג',"שטראוס בריאות בע""מ",IL,דנונה יווני לבן 130ג,,130.00,100 גרם,false,,3.70,0.0285,true,1,160514
7290107937542,false,משקה יוגורט אקטיביה עם תות 1.2% שומן,מיוצר עי קונדיטוריית,IL,אקטיביה משקה תות 1.2,,265.00,,false,,5.70,0.0215,true,1,139363
7290107939027,false,גזר דק דק ירקות שטרא,שטראוס בריאות ירקות,IL,גזר דק דק ירקות שטרא,,250.00,,false,,7.50,0.0300,true,1,162318
7290107940030,false,חומוס אחלה 650 גר',,,*מבצע* חומוס אחלה 65,,650.00,100 גרם,false,,7.90,0.0122,true,1,167143
7290107940467,false,אקטיביה יוגורט 1.5% שומן 200 ג' דנונה,מיוצר עי קונדיטוריית,IL,אקטיביה יוגורט קרמי,,200.00,,false,,4.20,0.0210,true,1,139770
7290107943369,false,קוואקר שיבולת שועל ללא גלוטן 511 גר'.,היידי שוקולד בירונטי,US,קוואקר שיבולת שועל ל,,511.00,,false,,20.50,0.0401,true,1,165134
7290107944472,false,סימפוניה גבינה במרקם שמנת 5% שום שמיר,"שטראוס בריאות בע""מ",IL,סימפוניה שום שמיר 5%,,200.00,,false,,11.90,0.0595,true,1,161005
7290107945165,false,קונפיטורה משמש יד מרדכי 340 ג',אף.סי תבליני בגליל ב,IL,קונפיטורת משמש יד מר,,340.00,,false,,15.50,0.0456,true,1,163042
7290107950190,false,מעדן חלב דל קלוריות בטעם שוקולד מריר 0.5% שומן,מיוצר עי קונדיטוריית,IL,מעדן שטראוס דיאט שוק,,130.00,100 גרם,false,,3.60,0.0277,true,1,160504
7290107950206,false,מעדן חלב דל קלוריות בטעם שוקולד 0% שומן,מיוצר עי קונדיטוריית,IL,מעדן שטראוס דיאט שוק,,130.00,100 גרם,false,,3.60,0.0277,true,1,160684
7290107953559,false,קפה טורקי עלית לדרך שקיות 24X7ג',הנסיך- מפעל לייצור ט,IL,מארז קפה טורקי לדרך,,168.00,100 גרם,false,,18.90,0.1125,true,1,178748
7290107954709,false,קונפיטורה יד מרדכי פירות יער 340 ג',יד מרדכי,IL,קונפיטורת פירות יער,,340.00,,false,,15.50,0.0456,true,1,164469
7290107954976,false,"משקה יטבתה חלבון פרו קפה 350מ""ל",מחלבת יטבתה,DE,משקה חלב יטבתה פרו 3,,350.00,100 גרם,false,,7.50,0.0214,true,1,164802
7290107956932,false,קפסולות 12 אינדונזיה למכונות NESPRESSO,שטראוס קפה בי.וי,IL,קפסולות קפה עלית איד,,50.00,,false,,18.90,0.3780,true,1,165494
7290107957113,false,סימפוניה 5% זיתים פיקנטיים 200 ג' שטראוס,קריות זול,IL,גבינת סימפוניה זיתים,,200.00,,false,,11.90,0.0595,true,1,168857
7290107957991,false,מילקי CAKE מיניס קרם חלב בציפוי שוקולד חלב שקית 16X9ג',בובארד איטליה אס.פי.,IT,מארז מילקי מיניס קיי,,144.00,,false,,15.90,0.1104,true,1,168729
7290107958035,false,יוגורט במתיקות מעודנת 2% ללא תוספת סוכר- מארז 8 יח,דנונה - שטראוס,IL,דנונה מארז שמינייה מ,,1200.00,,false,,20.90,0.0174,true,1,165872
7290107973861,false,מאסטר שף - עגבניות קצוצות דק שלישיה 400 גרם * 3,קונסרזיו קאסאלאסקו ד,IT,עגבניות קצוצות דק מא,,1200.00,100 גרם,false,,16.90,0.0141,true,1,160707
7290107974820,false,ממרח מתובל ספייסי מאסטר שף 248 ג',מאסטר שף,,ממרח מתובל ספייסי מא,,250.00,100 גרם,false,,8.90,0.0356,true,1,160702
7290108350128,false,סנו סושי שקיות אשפה חזקות במיוחד 40 יח',מיוצר עי קונדיטוריית,IL,שקיות אשפה סנו סושי,,40.00,,false,,29.90,0.7475,true,1,177449
7290108350203,false,כריות קרצוף אקסטרה חזקות עם ספוג מקציף - 6 יח',סנו סושי,US,סנו סושי כריות קרצוף,,6.00,,false,,10.90,1.8167,true,1,160282
7290108350531,false,סנו ספארק נוזל כלים בניחוח קלאסי עם משאבה 1 ל',מיוצר עי קונדיטוריית,IL,סנו ספארק משאבה קלאס,,1000.00,100 גרם,false,,12.90,0.0129,true,1,185036
7290108350623,false,מרכך כביסה סופר מרוכז סופט סילק מקסימה 1 ל' סנו,"סנו מפעלי ברונוס בע""",IL,סנו מקסימה סופט סילק,,1000.00,100 גרם,false,,18.90,0.0189,true,1,139541
7290108351149,false,סנו - ג'ט לניקוי כללי ורצפות בתוספת אבקת סודה 1.5 ליטר,"סנו מפעלי ברונוס בע""",IL,סנו ג'ט פלוס לניקוי,ליטרים,1.50,ליטר,false,,13.90,9.2667,true,1,163075
7290108351156,false,סנו - ג'ט לניקוי כללי ורצפות בתוספת חומץ 1.5 ליטר,"סנו מפעלי ברונוס בע""",IL,סנו ג'ט פלוס לניקוי,ליטרים,1.50,ליטר,false,,13.90,9.2667,true,1,163073
7290108351514,false,מרכך כביסה בבישום עוצמתי פריחה כחולה,סנו מקסימה,IL,סנו מקסימה מרכך כביס,ליטרים,4.00,ליטר,false,,22.90,5.7250,true,1,161825
7290108351552,false,"סנו - ג'ט לניקוי כללי בתוספת חומץ בניחוח לבנדר 750 מ""ל","סנו מפעלי ברונוס בע""",IL,סנו ג'ט פלוס עם חומץ,,750.00,,false,,12.90,0.0172,true,1,165919
7290108351569,false,מבשם ומרכך למייבש כביסה Baby לתינוקות ולעור רגיש,"איי, בי, אינבוו",IL,סנו מקסימה למייבש בי,,750.00,,false,,19.90,0.0265,true,1,164841
7290108351583,false,"סנו - ג'ט פלוס חומץ ג'ל לניקוי אסלות לבנדר 750 מ""ל",טרופיקל דגיל תעשיות,IL,סנו גט+לניקוי אסלות,,750.00,100 גרם,false,,12.90,0.0172,true,1,168097
7290108351590,false,"סנופרש הום בלו בלוסון בניחוח מרכך כביסה 350 מ""ל",סנו פרש Fresh,IL,סנו פרש נטול גז בניח,,350.00,100 גרם,false,,14.90,0.0426,true,1,164838
7290108351613,false,סנו ריצפז פרש הום 2 ליטר בניחוח מלון חלומי,"סנו מפעלי ברונוס בע""",IL,ריצפז פרש הום בניחוח,ליטרים,2.00,ליטר,false,,23.90,11.9500,true,1,165930
7290108351699,false,סנו - ג'ט מטליות לחות לניקוי כללי בתוספת חומץ לבנדר שלישיה,סנו מפעלי ברונוס על,IL,מגבוני ניקוי ג'ט +חו,יחידה,0.00,יחידה,false,,21.90,0.0000,true,1,185035
7290108351804,false,סנו - מקסימה מרכך כביסה מרוכז ג'נטל בריז 1 ליטר,מיוצר עי קונדיטוריית,IL,סנו מקסימה סופר מרוכ,,1000.00,100 גרם,false,,18.90,0.0189,true,1,176528
7290108351811,false,מקסימה מרכך כביסה סופר מרוכז פלור טאצ' 1 ליטר,מיוצר עי קונדיטוריית,IL,סנו מקסימה סופר מרוכ,,1000.00,100 גרם,false,,18.90,0.0189,true,1,176529
7290108352207,false,קפסולות כביסה מקסימה פלורל 40 יח' סנו,טרופיקל דגיל תעשיות,IL,סנו מקסימה 40 קפסולו,,40.00,,false,,34.90,0.8725,true,1,186820
7290108352252,false,נוזל לניקוי כלים מתאים לניקוי ירקות ופירות סנו ספארק,"סנו מפעלי ברונוס בע""",IL,סנו ספארק לניקוי כלי,,1000.00,,false,,12.90,0.0129,true,1,187287
7290108352269,false,דלי מטליות לחיטוי ולניקוי 99.9 % 400 יח' סנו,הורביץ סחר,IL,דלי מטליות לחיטוי ול,יחידה,0.00,יחידה,false,,33.90,0.0000,true,1,186331
7290108352320,false,מבשם אוויר פרש הום נטול גז בניחוח מלון בוטיק,מיוצר עי קונדיטוריית,IL,סנו פרש הום מלון בוט,,350.00,,false,,14.90,0.0426,true,1,186478
7290108352344,false,"סנו - פרש מילוי למטהר אוויר מלון בוטיק 250 מ""ל",מיוצר עי קונדיטוריית,IL,סנו פרש הום אוטומטיק,,250.00,100 גרם,false,,15.90,0.0636,true,1,186482
7290108352443,false,סנובון מוצק שלישיה לוטס וסחלב,סנו מפעלי ברונוס בעמ,IL,סנובון לאסלה כחול של,,165.00,,false,,16.90,0.1024,true,1,188550
7290108352450,false,ריצפז פרש הום בניחוח מרכך כביסה בלו בלוסום,סנו מפעלי ברונוס בעמ,IL,ריצפז פרש הום בלוסום,ליטרים,2.00,ליטר,false,,23.90,11.9500,true,1,188963
7290108352535,false,סנו - מקסימה דפי בישום לחים למייבש הכביסה בניחוח מרכך כביסה,סנו מקסימה,IL,מקסימה דפי בישום למי,,20.00,,false,,12.90,0.6450,true,1,192189
7290108352566,false,מרכך כביסה בבישום עוצמתי 4 ל' סנו מקסינה,"סנו מפעלי ברונוס בע""",IL,סנו מקסימה מרכך כביס,,4000.00,100 גרם,false,,22.90,0.0057,true,1,192822
7290108352573,false,מרכך כביסה מקסימה בבישום עוצמתי 4 ל' סנו,סנו,IL,סנו מקסימה מרכך כביס,,4000.00,100 גרם,false,,22.90,0.0057,true,1,193418
7290108352672,false,מטלית הפלא לריצפה זוג סנו סושי,סנו מפעלי ברונוס.,CN,מטלית הפלא לריצפה סנ,יחידה,0.00,יחידה,false,,21.90,0.0000,true,1,185469
7290108352689,false,סנו סושי כריות קרצוף ללכלוך קשה 9 יח',טרופיקל דגיל תעשיות,US,סנו סושי כריות קרצוף,,9.00,,false,,10.90,1.2111,true,1,160279
7290108353099,false,ממחטות אף במארז ניילון סנו סופט 5 יח' * 100 דף,טרופיקל דגיל תעשיות,CN,סנו סופט ממחטות אף ב,יחידה,0.00,יחידה,false,,16.90,0.0000,true,1,185234
7290108353907,false,"קרמה - דאודורנט רול און לאישה קרמה קלאסי 75 מ""ל","קוסמופארם בע""מ",IL,קרמה דאודורנט רול או,,75.00,,false,,15.90,0.2120,true,1,188544
7290108354270,false,מרכך כביסה מרוכז בבישום עוצמתי 1 ל' סנו מקסימה,מיוצר עי קונדיטוריית,IL,מקסימה מרכך כביסה מר,,1000.00,,false,,18.90,0.0189,true,1,192064
7290108354430,false,"שמפו כיף לשיקום והזנה שמן קוקוס וקרטין 700 מ""ל",קוסמופארם בעמ,IL,כיף שמפו לשיער שמן ק,,700.00,,false,,12.90,0.0184,true,1,189278
7290108354607,false,"שמפו בניחוח מי קקטוס ושמן באבאסו 750 מ""ל נקה 7",אמיליה קוסמטיקס,IL,נקה 7 שמפו ביו 750מל,,750.00,100 גרם,false,,12.90,0.0172,true,1,194310
7290108355031,false,"נקה 7 אלסבון קידס מיניונים 750 מ""ל",נקה 7,,נקה 7 אל סבון קידס מ,,750.00,100 גרם,false,,11.90,0.0159,true,1,139289
7290108356045,false,"כיף תחליב רחצה בניחות גלידת סוכריות גלי 700 מ""ל",כיף,,כיף תחליב רחצה בניחו,,700.00,100 גרם,false,,12.90,0.0184,true,1,170010
7290108356106,false,"תחליב רחצה כיף שקדים 700 מ""ל",קריות זול,IL,כיף תחליב רחצה שקד 7,,700.00,,false,,12.90,0.0184,true,1,169626
7290108356113,false,"כיף תחליב רחצה דבש 700 מ""ל-מרכז",קוסמופארם בעמ,IL,כיף תחליב רחצה דבש 7,,700.00,,false,,12.90,0.0184,true,1,169627
7290108356120,false,"כיף תחליב רחצה קוקוס וניל 700 מ""ל",קריות זול,IL,כיף תחליב רחצה קוקוס,,700.00,100 גרם,false,,12.90,0.0184,true,1,169628
7290108356137,false,"כיף - תחליב רחצה לבנדר 700 מ""ל",קריות זול,IL,כיף תחליב רחצה לבנדר,,700.00,100 גרם,false,,12.90,0.0184,true,1,169629
7290108356151,false,"תחליב רחצה כיף מאסק יסמין 700 מ""ל",גוד פוד פרודקטס S.p,IL,כיף תחליב רחצה מאסק,,700.00,,false,,12.90,0.0184,true,1,169630
7290108356489,false,"כיף - תחליב רחצה אפרסק וחמאת מורומורו 700 מ""ל",קוסמופארם,IL,כיף תחליב רחצה אפרסק,,700.00,100 גרם,false,,12.90,0.0184,true,1,193345
7290108357004,false,"שמפו כיף ורד ושמן קוקוי 700 מ""ל",טרופיקל דגיל תעשיות,IL,כיף שמפו לשיער ורד ו,,700.00,,false,,12.90,0.0184,true,1,185046
7290108357189,false,"מבשם ומרכך למייבש הכביסה מקסימה פלורל 750 מ""ל סנו","איי, בי, אינבוו",IL,סנו מקסימה למייבש פל,,750.00,,false,,19.90,0.0265,true,1,185049
7290108357240,false,"אוקסיג'ן פאוור תוסף להסרת כתמים קשים 1.4 ק""ג",סנו,IL,סנו אוקסיג'ן פאוור א,,1400.00,100 גרם,false,,29.90,0.0214,true,1,193138
7290108357264,false,"פרש אוטומטי מילוי בניחוח מרכך הכביסה אולטרה 375 מ""ל סנו",סנו,IL,פרש אוטומטי מילוי או,,250.00,,false,,15.90,0.0636,true,1,194315
7290108357301,false,"סנו - K300 קוטל חרקים תיקנים ונמלים 300 מ""ל","סנו מפעלי ברונוס בע""",IL,סנו 300-K קוטל נמלים,,300.00,100 גרם,false,,14.90,0.0497,true,1,193417
7290108357707,false,"כיף שמפו לשיער רגיל-תפוח זרעי צ'יה 700 מ""ל",גוד פוד פרודקטס S.p,IL,כיף שמפו לשיער רגיל,,700.00,100 גרם,false,,12.90,0.0184,true,1,170274
7290108357714,false,"כיף שמפו לשיער יבש -רימונים ושמן ארגן 700 מ""ל",גוד פוד פרודקטס S.p,IL,כיף שמפו לשיער יבש ר,,700.00,100 גרם,false,,12.90,0.0184,true,1,170275
7290108359060,false,כריות לניקוי כלים לשבת סנו סושי 4 יח',סנו,IL,סנו סושי כריות ניקוי,,4.00,,false,,11.90,2.9750,true,1,192188
7290108359183,false,שקית אשפה חזקות 70*50 60 יח' סנו סושי,,,שקיות אשפה עם ידית 6,יחידה,0.00,יחידה,false,,24.90,0.0000,true,1,194688
7290108359190,false,סושי מגבת הפלא 4 יח' = 12 גליל ארוך פי 3,סנו,IL,סנו סושי מגבות הפלא,יחידה,0.00,יחידה,false,,25.90,0.0000,true,1,195767
7290108359213,false,"נייר טואלט סנו סופט גלילים כפולים, 18 יח'",סנו,IL,סנו סופט נייר טואלט,יחידה,0.00,יחידה,false,,39.90,0.0000,true,1,196053
7290108359831,false,"כיף - בייבי כיף שמן 500 מ""ל","מיוצר ומשווק ע""י קוס",IL,בייבי כיף שמן גוף 5,,500.00,,false,,23.90,0.0478,true,1,169331
7290108359985,false,סנו - ז'אוול מרסס קצף לניקוי וחינו בניחוח פריחה לבנה 1 ליטר,סנו ז'אוול Javel,IL,סנו ז'אוול קצף ניקוי,,1000.00,100 גרם,false,,19.90,0.0199,true,1,193349
7290108501346,false,גבינה מגורדת גאודה 500 גר',Euro יורו מחלבות אירופה,IL,גבינת גאודה מגורדת 2,,500.00,,false,,24.90,0.0498,true,1,167270
7290108502589,false,גבינת שמנת שום 200ג' EURO CHEESE,קסוס אל פסטור,DE,גבינת שמנת שום יורוצ,,200.00,,false,,12.90,0.0645,true,1,168746
7290108503159,false,גבינה כחולה עם עובש 100 גר,קסוס אל פסטור,ES,גבינה כחולה עם עובש,,100.00,,false,,15.90,0.1590,true,1,169355
7290108503975,false,קנלוני פסטה איטליאנה,ויליפוד,IT,קנלוני ויליפוד 250 ג,,250.00,,false,,10.90,0.0436,true,1,170541
7290108504378,false,גבינת שמנת עם זיתים 200 ג' - EURO CHEESE,אטלסר ואלפרי,DE,גבינת שמנת עם זיתים,,200.00,,false,,12.90,0.0645,true,1,184755
7290108505153,false,יוגורט בטעם טבעי 2% שומן 150 ג',Euro יורו מחלבות אירופה,GR,יוגורט בטעם טבעי 10%,,150.00,100 גרם,false,,5.90,0.0393,true,1,186724
7290108505160,false,יוגורט+אגסים 150 גרם 4% שומן - דלתא,Euro יורו מחלבות אירופה,GR,יוגורט עם אגסים 4% ש,,150.00,,false,,5.90,0.0393,true,1,186726
7290108505177,false,יוגורט+אננס 150 גרם 0% שומן - דלתא,Euro יורו מחלבות אירופה,GR,יוגורט עם אננס 0% שו,,150.00,100 גרם,false,,5.90,0.0393,true,1,186727
7290108505184,false,יוגורט עם קוקוס 5% שומן 150 ג',Euro יורו מחלבות אירופה,GR,יוגורט עם קוקוס 5% ש,,150.00,100 גרם,false,,5.90,0.0393,true,1,186732
7290108505191,false,יוגורט עם פצפוצי שוקולד 5% שומן 150 ג',Euro יורו מחלבות אירופה,GR,יוגורט עם פצפוצי שוק,,150.00,100 גרם,false,,5.90,0.0393,true,1,186733
7290108505207,false,יוגורט עם אוכמניות 0% שומן 150 ג',Euro יורו מחלבות אירופה,GR,יוגורט עם אוכמניות 0,,150.00,100 גרם,false,,5.90,0.0393,true,1,186725
7290108505214,false,יוגורט+אפרסק 150 גרם 0% שומן - דלתא,Euro יורו מחלבות אירופה,GR,יוגורט עם אפרסק 0% ש,,150.00,100 גרם,false,,5.90,0.0393,true,1,186728
7290108505733,false,צמות - גבינה חצי קשה 25% שומן 200 ג',אונטד גידה,TR,צמות גבינה חצי קשה 2,,200.00,,false,,14.90,0.0745,true,1,186717
7290108505740,false,גבינת קשקבל קשה למחצה 25% שומן,Euro יורו מחלבות אירופה,TR,גבינת קשקבל חצי קשה,,200.00,100 גרם,false,,14.90,0.0745,true,1,186719
7290108506495,false,"כנאפה מאפה בצק ""שערות"" קדאיף וגבינה",ארמה גרופ,TR,פינוקים כנאפה קפוא 1,,192.50,,false,,12.90,0.0670,true,1,186431
7290108506969,false,מאפה בורקס מים תורכי - גבינה 300 ג',וילי פוד,TR,מאפה בורקס מים תורכי,,300.00,,false,,9.90,0.0330,true,1,188783
7290108508963,false,גבינת קשקבל מגורדת 25% שומן,Euro יורו מחלבות אירופה,TR,גבינת קשקבל מגורדת ח,,200.00,100 גרם,false,,14.90,0.0745,true,1,190556
7290108509106,false,"גבינה בולגרית מעודנת בקוביות 13% שומן 200 ג' חת""ס פ""ת",קוליוס,TW,גבינה בולגרית מעודנת,,500.00,,false,,11.90,0.0238,true,1,192932
7290108509113,false,"גבינה בולגרית מעודנת 18% שומן 250 גרם חת""ס פ""ת",Euro יורו מחלבות אירופה,TR,גבינה בולגרית מעודנת,,250.00,100 גרם,false,,11.90,0.0476,true,1,192930
7290109351025,false,מלך החומוס חומוסטחינה 40% טחינה גולמית,סלטי צבר,IL,חומוסטחינה צבר 400גר,,400.00,100 גרם,false,,14.50,0.0363,true,1,138051
7290109351971,false,פריכיות דגנים פיטנס מצופות שוקולד חלב,נסטלה Nestle,IL,פריכיות שוקולד חלב פ,,84.00,100 גרם,false,,14.90,0.1774,true,1,159860
7290109352916,false,פריכיות דגנים פיטנס מצופות שוקולד לבן,נסטלה Nestle,IL,פריכיות שוקולד לבן פ,,84.00,,false,,14.90,0.1774,true,1,159861
7290109358482,false,עוגיות קרמוגית במילוי קרם בטעם חלבה,היינץ צפון אמריקה מק,IL,קרמוגית במילוי חלווה,,200.00,,false,,12.70,0.0635,true,1,169741
7290109580043,false,"שניצל תירס קלאסי זוגלובק 1.75 ק""ג",זוגלובק,IL,"שניצל תירס 1.75ק""ג ז",,1750.00,,false,,49.90,0.0285,true,1,188908
7290109580098,false,קבנוס בטעם סרירצ'ה 135 ג' זוגלובק,זוגלובק,IL,קבנוס בטעם סרירצ'ה ז,,135.00,100 גרם,false,,11.90,0.0881,true,1,193160
7290109580104,false,פסטרמה פרימיום רוסטביף 150 גר',זוגלובק,IL,רוסטביף 150 גרם פרימ,,150.00,,false,,24.90,0.1660,true,1,189944
7290109580111,false,"צלעות אסאדו מעושנות פרימיום, 120 גרם",זוגלובק,IL,צלעות אסאדו מעושנות,,120.00,,false,,24.90,0.2075,true,1,193039
7290109580159,false,זוגלובק פרימיום פסטרמה בנוסח טוסקנה,זוגלובק,,פסטרמה בנוסח טוסקנה,,180.00,,false,,24.90,0.1383,true,1,189943
7290109580166,false,פרימיום סרוולד קלאסי זוגלובק 150 ג',זוגלובק,IL,סרוולדקלאסי 150ג פרי,,150.00,,false,,24.90,0.1660,true,1,189945
7290109580210,false,נקנקיות ריינהולד'ס הצרפתיה זוגלובק 300 ג',זוגלובק,IL,נקניקיות הצרפתיה ריי,,300.00,,false,,19.90,0.0663,true,1,192791
7290109580227,false,נקניקיות עוף ובקר בסגנון ברלינאי קאריוורסט,זוגלובק,IL,נקניקיות קאריוורסט ר,,300.00,100 גרם,false,,19.90,0.0663,true,1,192792
7290109580432,false,פסטרמה חזה הודו מעושן 120 גר' זוגלובק,זוגלובק,IL,פסטרמה בדחזה הודו מע,,120.00,,false,,14.90,0.1242,true,1,194266
7290109920603,false,"אסטוניש קרם לניקוי במטבח 500מ""ל",,,אסטוניש קרם מטבח 500,,500.00,,false,,19.90,0.0398,true,1,167057
7290109920757,false,הפי מרכך לכביסה מרוכז ורדים 1ל',מיפא,,הפי מרכך כביסה מרוכז,,1000.00,,false,,10.90,0.0109,true,1,165677
7290109920849,false,"אסטוניש - מרסס לניקוי כללי בניחוח תפוז 750 מ""ל",יעקבי- אסטוניש Astonish,,אסטוניש תפוז לניקוי,,750.00,,false,,15.90,0.0212,true,1,172168
7290109921129,false,מרכך כביסה סופר מרוכז בניחות סיגליות 1 ל' יעקבי,מיפא,,הפי מרכך כביסה סופר,,1000.00,,false,,10.90,0.0109,true,1,168355
7290109921372,false,אסטוניש משחה לניקוי תנורים וגריל+ספוג 250 גר',אסטוניש,GB,אסטוניש משחה לתנור+ס,יחידה,0.00,יחידה,false,,14.90,0.0000,true,1,170523
7290109923048,false,"אסטוניש - מרסס פרמיום ארומטיק לכל הבית 750 מ""ל",,,אסטוניש מרסס פרמיום,,750.00,100 גרם,false,,15.90,0.0212,true,1,193370
7290109923147,false,"פלא של אקונומיקה 750 מ""ל אסטוניש",יעקבי- אסטוניש Astonish,,אסטוניש מרסס פלא של,,750.00,,false,,15.90,0.0212,true,1,194028
7290110110277,false,סיידר תפוחים מוגז - מארז רביעייה,"קרלסברג קרואטיה , יב",HR,סיידר סומרסבי רביעיי,,1320.00,100 גרם,false,,37.90,0.0287,true,1,174273
7290110110703,false,"ספרייט 6 פחיות *330 מ""ל FRIDGE-PACK",קוקה קולה,IL,ספרייט מארז פחיות 6*,,1980.00,,false,,28.90,0.0146,true,1,167273
7290110111809,false,"מארז פאנטה אורנג' 330 מ""ל * 6 יח'",החברה המרכזית לייצור,IL,פאנטה אורנג' פחיות ש,,1980.00,100 גרם,false,,28.90,0.0146,true,1,170843
7290110113261,false,נקטר אושן ספריי 19 קלוריות חמוציות 1 ליטר,קריות זול,IL,אושן ספריי 19 קלוריו,,1000.00,100 גרם,false,,13.50,0.0135,true,1,192414
7290110114787,false,נביעות + תפוח 1.5 ליטר פיקדון,נביעות טבע הגליל בעמ,IL,נביעות+ תפוח 1.5ליטר,,1500.00,,false,,9.90,0.0066,true,1,192644
7290110114794,false,נביעות + אפרסק 1.5 ליטר פיקדון,"נביעות טבע הגליל בע""",IL,נביעות+ אפרסק 1.5ליט,,1500.00,100 גרם,false,,9.90,0.0066,true,1,192645
7290110114800,false,נביעות + ענבים 1.5 ליטר פיקדון,"נביעות טבע הגליל בע""",IL,נביעות+ ענבים 1.5ליט,,1500.00,,false,,9.90,0.0066,true,1,192646
7290110114824,false,נביעות+רכיבי פרי אבטיח 1.5 ליטר פיקדון,"נביעות טבע הגליל בע""",IL,נביעות+רכיבי פרי אבט,,1500.00,100 גרם,false,,10.90,0.0073,true,1,192648
7290110114855,false,"נביעות מים מינרליים, שישיה 6 * 1.5 ליטר פקדון",נביעות טבע הגליל בעמ,IL,נביעות שישייה 6*1.5ל,,9000.00,100 גרם,false,,13.70,0.0015,true,1,192515
7290110114954,false,מיץ תפוזים מתקתקים 100% 2 ל' פריגת,פריגת,IL,סחוט 2ליטר מתקתק 100,,2000.00,100 גרם,false,,24.90,0.0125,true,1,192512
7290110114961,false,מיץ בטעם תפוזים 1.5ל' פריגת,מבשלות בירה בינלאומי,IL,משקה קל בטעם תפוזים,,1500.00,100 גרם,false,,9.90,0.0066,true,1,192651
7290110114985,false,פריגת אשכולית 1.5 ליטר פיקדון,מבשלות בירה בינלאומי,IL,משקה קל בטעם אשכוליו,,1500.00,100 גרם,false,,9.90,0.0066,true,1,192653
7290110114992,false,פריגת light אשכולית 1.5 ליטר פיקדון,מבשלות בירה בינלאומי,IL,פריגת אשכולית לייט 1,,1500.00,100 גרם,false,,9.90,0.0066,true,1,192654
7290110115005,false,פריגת ענבים 1.5 ליטר פיקדון,מבשלות בירה בינלאומי,IL,משקה קל בטעם ענבים פ,,1500.00,100 גרם,false,,9.90,0.0066,true,1,192655
7290110115012,false,מיץ ענבים בניחוח מרלו 1.5 ל' פריגת,פריגת,IL,משקה קל בטעם מרלו ענ,,1500.00,,false,,9.90,0.0066,true,1,192656
7290110115029,false,"פריגת משק""ל תפוח 1.5 ליטר פיקדון",מבשלות בירה בינלאומי,IL,פריגת משקה קל תפוחים,,1500.00,100 גרם,false,,9.90,0.0066,true,1,192657
7290110115036,false,פריגת מנגו 1.5 ליטר פיקדון,מבשלות בירה בינלאומי,IL,פריגת משקה קל מנגו,,1500.00,100 גרם,false,,9.90,0.0066,true,1,192658
7290110115043,false,פריגת לימונענע 1.5 ליטר פיקדון,מבשלות בירה בינלאומי,IL,משקה קל בטעם לימונענ,,1500.00,100 גרם,false,,9.90,0.0066,true,1,192659
7290110115050,false,פריגת מיקס תות בננה 1.5 ליטר פיקדון,מבשלות בירה בינלאומי,IL,פריגת משקה קל תות-בנ,,1500.00,100 גרם,false,,9.90,0.0066,true,1,192660
7290110115067,false,פריגת אפרסק 1.5 ליטר פיקדון,מבשלות בירה בינלאומי,IL,פריגת אפרסק 1.5ליטר,,1500.00,100 גרם,false,,9.90,0.0066,true,1,192661
7290110115180,false,מים מינרליים נביעות,"נביעות טבע הגליל בע""",IL,נביעות 1.5 ליטר,,1500.00,100 גרם,false,,2.90,0.0019,true,1,192746
7290110115203,false,קוקה קולה 1.5 ליטר פיקדון,קוקה קולה Coca Cola,IL,קוקה קולה 1.5 ליטר,,1500.00,100 גרם,false,,8.90,0.0059,true,1,192521
7290110115210,false,דיאט קוקה קולה 1.5 ליטר פיקדון,קוקה קולה Coca Cola,IL,קוקה קולה דיאט 1.5ל,,1500.00,100 גרם,false,,8.90,0.0059,true,1,192522
7290110115227,false,קולה ZERO 1.5 ליטר פיקדון,קוקה קולה Coca Cola,IL,קוקה קולה זירו בקבוק,,1500.00,100 גרם,false,,8.90,0.0059,true,1,192523
7290110115234,false,קולה ZERO נטול 1.5 ליטר פיקדון,החברה המרכזית לייצור,IL,קוקה קולה זירו נטול,,1500.00,100 גרם,false,,8.90,0.0059,true,1,192524
7290110115241,false,קוקה קולה זירו לימון 1.5 ליטר,החברה המרכזית לייצור,IL,קוקה קולה זירו לימון,,1500.00,100 גרם,false,,8.90,0.0059,true,1,192525
7290110115265,false,ספרייט 1.5 ליטר LIME פיקדון,החברה המרכזית לייצור,IL,ספרייט ליים 1.5ליטר,,1500.00,,false,,8.90,0.0059,true,1,192621
7290110115272,false,ZERO ספרייט זירו 1.5 ליטר פיקדון,החברה המרכזית לייצור,IL,ספרייט זירו 1.5 ליטר,,1500.00,100 גרם,false,,8.90,0.0059,true,1,192622
7290110115289,false,ספרייט 19 קל' לימון-נענע 1.5 ליטר פיקדון,החברה המרכזית לייצור,IL,ספרייט 19 קלוריות לי,,1500.00,100 גרם,false,,8.90,0.0059,true,1,192623
7290110115296,false,פאנטה אורנג' 1.5 ליטר פיקדון,החברה המרכזית לייצור,IL,פאנטה אורנג׳ 1.5 ליט,,1500.00,100 גרם,false,,8.90,0.0059,true,1,192670
7290110115302,false,פאנטה ZERO אורנג' 1.5 ליטר פיקדון,החברה המרכזית לייצור,IL,פאנטה אורנג׳ זירו 1.,,1500.00,100 גרם,false,,8.90,0.0059,true,1,192671
7290110115319,false,פאנטה אקזוטיק 1.5 ליטר פיקדון,החברה המרכזית לייצור,IL,פאנטה אקזוטי 1.5 ליט,,1500.00,,false,,8.90,0.0059,true,1,192675
7290110115333,false,פאנטה תות 1.5 ליטר פיקדון,החברה המרכזית לייצור,IL,פאנטה תות 1.5 ליטר,,1500.00,,false,,8.90,0.0059,true,1,192677
7290110115340,false,פאנטה ענבים 1.5 ליטר פיקדון,קוקה קולה,IL,פאנטה ענבים 1.5ליטר,,1500.00,100 גרם,false,,8.90,0.0059,true,1,192678
7290110115364,false,קוקה קולה שישיות 1.5 ליטר פיקדון,החברה המרכזית לייצור,IL,קוקה קולה שישייה 6*1,,9000.00,,false,,49.90,0.0055,true,1,192527
7290110115371,false,דיאט קוקה קולה שישיות 1.5 ליטר פיקדון,החברה המרכזית לייצור,IL,קוקה קולה דיאט שישיי,,9000.00,100 גרם,false,,49.90,0.0055,true,1,192528
7290110115388,false,ספרייט ליים שישיות 1.5 ליטר פיקדון,החברה המרכזית לייצור,IL,ספרייט ליים שישייה 6,,9000.00,100 גרם,false,,49.90,0.0055,true,1,192672
7290110115395,false,ZERO ספרייט שישיות 1.5 ליטר פיקדון,החברה המרכזית לייצור,IL,ספרייט זירו שישייה 6,,9000.00,,false,,49.90,0.0055,true,1,192673
7290110115401,false,קינלי סודה שישייה 1.5 ליטר פיקדון,החברה המרכזית לייצור,IL,קינלי סודה מארז שישי,,9000.00,,false,,21.70,0.0024,true,1,192679
7290110115418,false,מארז שישייה קוקה קולה זירו 1.5 ל',החברה המרכזית לייצור,IL,קוקה קולה זירו שישיי,,9000.00,100 גרם,false,,49.90,0.0055,true,1,192618
7290110115425,false,FUZE TEA גרין לימונענע -נענע 1.5 ליטר פיקדון,מבשלות בירה בינלאומי,IL,פיוז טי גרין לימון נ,,1500.00,,false,,10.90,0.0073,true,1,192626
7290110115449,false,אייס תה בטעם מנגו אננס 1.5ל' FUZE TEA,מבשלות בירה בינלאומי,IL,פיוז טי תה קר בטעם מ,,1500.00,,false,,10.90,0.0073,true,1,192628
7290110115463,false,אייס תה בטעם אפרסק 1.5ל' FUZE TEA,מבשלות בירה בינלאומי,IL,פיוז תה 1.5 ליטר בטע,,1500.00,100 גרם,false,,10.90,0.0073,true,1,192630
7290110115494,false,אייס תה בטעם ענבים 1.5ל' FUZE TEA,מבשלות בירה בינלאומי,IL,פיוז טי תה קר בטעם ע,,1500.00,,false,,10.90,0.0073,true,1,192632
7290110115517,false,קוקה קולה זירו שישיו,,,קוקה קולה זירו שישיו,,12000.00,,false,,59.90,0.0050,true,1,192620
7290110115531,false,פאנטה ZERO תפוח 1.5 ליטר פיקדון,החברה המרכזית לייצור,IL,פאנטה ZERO תפוח 1.5,,1500.00,,false,,8.90,0.0059,true,1,192674
7290110115609,false,פריגת ענבים 40% פחות סוכר 1.5 ליטר פיקדון,מבשלות בירה בינלאומי,IL,פריגת ענבים 40% פחות,,1500.00,,false,,9.90,0.0066,true,1,192668
7290110115616,false,FUZE tea zero גרין אננס 1.5 ליטר פיקדון,מבשלות בירה בינלאומי,IL,פיוז טי זירו גרין אנ,,1500.00,,false,,10.90,0.0073,true,1,192635
7290110115777,false,מים מינרלים נביעות 1.5 ל,נביעות,,נביעות 1.5 ליטר,,1500.00,100 גרם,false,,2.90,0.0019,true,1,192747
7290110115821,false,"ספרייט לימון, 1.5 ליטר פקדון",כלורוקס אוקלנד,IL,ספרייט ליים 1.5ליטר,,1500.00,,false,,8.90,0.0059,true,1,192762
7290110115838,false,"ספרייט זירו, 1.5 ליטר פקדון","אינסטנטה בע""מ",IL,ספרייט זירו 1.5 ליטר,,1500.00,100 גרם,false,,8.90,0.0059,true,1,192766
7290110115845,false,קוקה קולה 1.5 ליטר פיקדון,"אינסטנטה בע""מ",IL,קוקה קולה 1.5 ליטר,,1500.00,100 גרם,false,,8.90,0.0059,true,1,192742
7290110115852,false,קוקה קולה דיאט בקבוק,תות תעשיות מזון (201,IL,קוקה קולה דיאט 1.5ל,,1500.00,100 גרם,false,,8.90,0.0059,true,1,192763
7290110115869,false,קוקה קולה זירו 1.5 ליטר פיקדון,תות תעשיות מזון (201,IL,קוקה קולה זירו בקבוק,,1500.00,100 גרם,false,,8.90,0.0059,true,1,192743
7290110115968,false,קוקה קולה 1ליטר,קוקה קולה,,קוקה קולה 1ליטר,,1000.00,100 גרם,false,,7.50,0.0075,true,1,193347
7290110115975,false,קוקה קולה זירו בקבוק,החברה המרכזית לייצור,IL,קוקה קולה זירו 1ליטר,,1000.00,100 גרם,false,,7.50,0.0075,true,1,193353
7290110116064,false,פאנטה ZERO פירות ירוק 1.5 ליטר פיקדון,החברה המרכזית לייצור,IL,פאנטה זירו פירות ירו,,1500.00,,false,,8.90,0.0059,true,1,194264
7290110116156,false,נביעות+ רכיבי פרי מנגו פסיפלורה 1.5 ליטר,נביעות,IL,נביעות+רכיבי פרי מנג,,1500.00,100 גרם,false,,10.90,0.0073,true,1,194878
7290110116170,false,נביעות+ רכיבי פרי קוקוס אננס 1.5 ליטר,נביעות,IL,נביעות+רכיבי פרי קוק,,1500.00,,false,,10.90,0.0073,true,1,194879
7290110116217,false,נביעות+ אשכוליות 0קלוריות 1.5 ליטר,"נביעות טבע הגליל בע""",IL,נביעות+אשכולית 0 קלו,,1500.00,,false,,10.90,0.0073,true,1,194881
7290110116552,false,ספרייט לימון היט 1.5 ליטר LIME פיקדון,החברה המרכזית לייצור,IL,ספרייט למון היט 1.5ל,,1500.00,,false,,8.90,0.0059,true,1,195566
7290110116569,false,"ספרייט זירו ZERO בק LEMON HIT, 1.5 ליטר",החברה המרכזית לייצור,IL,ספרייט למון היט זירו,,1500.00,,false,,8.90,0.0059,true,1,195567
7290110320683,false,משקה יוגורט בטעם תות 1.5% - מארז 8 יח',מיוצר עי קונדיטוריית,IL,יופלה משקה 360 בטעם,,856.00,100 גרם,false,,18.50,0.0216,true,1,165388
7290110320850,false,פתיתים גבינה חצי קשה מגורדת 28% שומן,תנובה מרכז שיתופי לש,IL,פתיתי עמק 28% שומן 2,,200.00,,false,,16.50,0.0825,true,1,165531
7290110320935,false,גבינת מוצרלה תנובה 150ג' פרוסות,תנובה מרכז שיתופי לש,IL,פרוסות מוצרלה 150גר,,200.00,100 גרם,false,,16.90,0.0845,true,1,165218
7290110321277,false,קוטג' בקטנה % 5 100 ג' תנובה,פארייפאבה אגרואינדוס,IL,קוטג בקטנה 5% מהדרין,,100.00,100 גרם,false,,2.90,0.0290,true,1,166502
7290110321680,false,יוגורט GO בטעם תות 20 גרם חלבון בגביע,מיוצר עי קונדיטוריית,IL,יוגורט גו תות 200 מל,,200.00,,false,,6.20,0.0310,true,1,166682
7290110321789,false,גבינת מסקרפונה 38% השף הלבן 250 ג',תנובה,IL,גבינה מסקרפונה 38% ה,,250.00,,false,,21.50,0.0860,true,1,167602
7290110322014,false,טופו בטעם טבעי תנובה ALTERNATIVE,שוורצקוף& הנקל דיסלד,IL,טופו טבעי 300 גרם,,300.00,100 גרם,false,,13.40,0.0447,true,1,168287
7290110322946,false,יופלה טיוב יוגורט במרקם חלק בטעם תות בננה כשרות רבנות 348 ג',,,יוגורט טיוב תות בננה,,348.00,,false,,12.90,0.0371,true,1,169256
7290110323301,false,טל העמק בסגנון אמנטל 32% שומן 200 גרם,עמק - תנובה,IL,גבינת טל עמק 32% שומ,,200.00,,false,,19.50,0.0975,true,1,170023
7290110323585,false,יופלה יוגורט עם דובדבן מופחת קלוריות 200 ג' GO,יופלה Yoplait,,יוגורט גו לייט דובדב,,200.00,100 גרם,false,,6.20,0.0310,true,1,169512
7290110323592,false,יופלה יוגורט עם אפרסק מופחת קלוריות 200 ג' GO,יופלה Yoplait,,יוגורט גו לייט אפרסק,,200.00,,false,,6.20,0.0310,true,1,169513
7290110323714,false,משקה קוקוס שקדים תנובה E אלטרנטיב,מיוצר עי קונדיטוריית,IL,משקה קוקוס שקדים 1 ל,,1000.00,,false,,13.00,0.0130,true,1,170017
7290110324872,false,גבינה צהובה גלבוע 5% שומן 200 גרם,גלבוע - תנובה,IL,גבינה צהובה גלבוע 5%,,200.00,,false,,19.30,0.0965,true,1,179620
7290110324926,false,משקה סויה ללא תוספת סוכר E אלטרנטיב,תנובה מרכז שיתופי לש,IL,משקה סויה ללא תוספת,,1000.00,,false,,11.90,0.0119,true,1,179372
7290110325084,false,מאגדת שמינייה מיני קרלו שוניל 8*100גרם,קריות זול,,מאגדת שמינייה מיני ק,,800.00,,false,,14.90,0.0186,true,1,176305
7290110325114,false,"משקה יוגורט יופלה גו לייט תות בננה 250 מ""ל - רבנות",מיוצר עי קונדיטוריית,IL,משקה גו לייט תות בננ,,250.00,,false,,6.80,0.0272,true,1,176306
7290110325619,false,משקה שיבולת שועל תנובה E אלטרנטיב,מיוצר עי קונדיטוריית,IL,משקה שיבולת שועל 1 ל,,1000.00,,false,,13.00,0.0130,true,1,184956
7290110325701,false,פיראוס צזיקי יווני 9% שומן על בסיס יוגורט,גוד פוד פרודקטס S.p,IL,פיראוס צזיקי יווני 9,,250.00,100 גרם,false,,13.90,0.0556,true,1,185372
7290110325893,false,משקה חלב GO מועשר בחלבון בטעם אייס קפה,מיוצר עי קונדיטוריית,IL,משקה חלב גו אייס קפה,,340.00,,false,,8.30,0.0244,true,1,184954
7290110326210,false,יופלה און טופ פצפוצים 157 גרם.,מיוצר עי קונדיטוריית,IL,יוגורט און טופ פצפוצ,,157.00,,false,,5.20,0.0331,true,1,186252
7290110326234,false,יוגורט און טופ כוכבים 157 ג' יופלה,מיוצר עי קונדיטוריית,IL,יופלה און טופ כוכבים,,157.00,,false,,5.20,0.0331,true,1,186254
7290110326906,false,חלב נטול לקטוז 3% 1 ליטר,מיוצר עי קונדיטוריית,IL,חלב נטול לקטוז 3% שו,,1000.00,100 גרם,false,,7.60,0.0076,true,1,188736
7290110327125,false,פטה 21% מחלב צאן במי מלח-200ג',תנובה בעמ,GR,גבינת פטה 21% מחלב צ,,200.00,100 גרם,false,,23.90,0.1195,true,1,189068
7290110327279,false,נפוליאון בסגנון טוסקנה 25% שומן,תנובה מרכז שיתופי לש,IL,גבינת נפוליאון טוסקנ,,225.00,100 גרם,false,,14.50,0.0644,true,1,188353
7290110327514,false,משקה שיבולת שועל בטעם אגוזי לוז 1 ליטר אלטרנטיב,תנובה מרכז שיתופי לש,IL,משקה שיבולת שועל בטע,,1000.00,100 גרם,false,,13.00,0.0130,true,1,191283
7290110327545,false,מעדן און טופ תות פצפוצים מצופים שוקולד 157ג' יופלה,מיוצר עי קונדיטוריית,IL,יופלה און טופ בטעם ת,,157.00,,false,,4.80,0.0306,true,1,189153
7290110328764,false,יוגורט יופלה GO במרקם סמיך עם תות 0%,מיוצר עי קונדיטוריית,IL,יוגורט גו סמיך תות 0,,200.00,,false,,6.20,0.0310,true,1,190899
7290110328771,false,יוגורט יופלה GO במרקם סמיך עם פירות יער 0%,מיוצר עי קונדיטוריית,IL,יוגורט גו סמיך פירות,,200.00,,false,,6.20,0.0310,true,1,190900
7290110328788,false,יוגורט יופלה GO במרקם סמיך בטעם אפרסק 0%,תנובה מרכז שיתופי לש,IL,יוגורט גו סמיך אפרסק,,200.00,,false,,6.20,0.0310,true,1,190897
7290110329266,false,יוגורט תנובה מחלב עיזים מלא תנובה 140 ג',קריות זול,IL,יוגורט תנובה מחלב עי,,140.00,100 גרם,false,,6.50,0.0464,true,1,191281
7290110329686,false,"משקה חלב בטעם עוגיות 340 מ""ל GO",מיוצר עי קונדיטוריית,IL,משקה חלב גו בטעם עוג,,340.00,,false,,8.30,0.0244,true,1,192298
7290110329709,false,יוגורט תנובה 0% שומן,מיוצר עי קונדיטוריית,IL,יוגורט טבעי 0% תנובה,,200.00,100 גרם,false,,3.20,0.0160,true,1,192370
7290110329716,false,משקה קפה קר בטעם קפוצ'ינו 230 ג' תנובה,תנובה מרכז שיתופי לש,IL,משקה קפה קר בטעם קפו,,230.00,100 גרם,false,,7.90,0.0343,true,1,193913
7290110329730,false,"משקה חלב עם שוקולד וקפה בסגנון לאטה 2.7%  230 מ""ל תנובה",תנובה מרכז שיתופי לש,IL,משקה חלב עם שוקולד ו,,230.00,100 גרם,false,,7.90,0.0343,true,1,193915
7290110329792,false,יוגורט סויה BIO Alternative אפרסק 150 ג' תנובה,מיוצר עי קונדיטוריית,IL,סויה ביו אפרסק 150 ג,,150.00,100 גרם,false,,5.00,0.0333,true,1,192814
7290110329808,false,יוגורט סויה BIO Alternative תות 150 ג' תנובה,מיוצר עי קונדיטוריית,IL,סויה ביו תות 150 ג א,,150.00,100 גרם,false,,5.00,0.0333,true,1,192815
7290110329822,false,יוגורט סויה BIO Alternative פירות יער 150 ג' תנובה,מיוצר עי קונדיטוריית,IL,סויה ביו פירות יער ג,,150.00,100 גרם,false,,5.00,0.0333,true,1,192812
7290110550219,false,מטבעות שוקולד לבן לאפיה 400 ג עלית,שטראוס,IL,מטבעות שוקולד לבן לא,,400.00,,false,,31.90,0.0797,true,1,193768
7290110550226,false,מטבעות שוקולד מריר לאפיה 400 ג עלית,שטראוס,IL,מטבעות שוקולד מריר ל,,400.00,,false,,31.90,0.0797,true,1,193770
7290110550363,false,פריכיות משולשות קינואה ומלח ים 65 גרם,Unknown,,אנרג'י פריכיות משולש,,65.00,100 גרם,false,,10.90,0.1677,true,1,192970
7290110552121,false,יוגורט בתוספת סידן וויטמין ד 100 ג' דנונה,תנובה מרכז שיתופי לש,IL,היוגורט הראשון שלי 1,,100.00,100 גרם,false,,2.70,0.0270,true,1,193954
7290110552237,false,יוגורט פרו בטעם אפרסק מנגו ללא סוכר 200 ג' דנונה,"שטראוס בריאות בע""מ",IL,דנונה פרו 20 גרם חלב,,200.00,100 גרם,false,,6.80,0.0340,true,1,192773
7290110553029,false,"אנרג'י קריספס-פריכיות חומוס, עדשים ואפונה עם קייל וסלק","פרח תעשיו מזון בע""מ",IL,אנרג'י פריכיות חלבון,,60.00,100 גרם,false,,10.90,0.1817,true,1,192971
7290110553036,false,קריספס-פריכיות עם אפונה ובטטה סגולה בטעם בצל מקורמל,"פרח תעשיו מזון בע""מ",IL,אנרג'י פריכיות חלבון,,60.00,100 גרם,false,,10.90,0.1817,true,1,192972
7290110553135,false,נסקפה קפוצ'ינו סטיק וניל 130 ג' עלית,,,אבקה להכנת משקה קפוצ,,130.00,,false,,17.90,0.1377,true,1,195224
7290110553623,false,צ'יטוס קראנצ'י בטעם צ'דר חלפיניו - חלבי,"שטראוס פריטו ליי בע""",IL,ציטוס קראנץ צ'דר חלפ,,80.00,,false,,4.80,0.0600,true,1,194364
7290110554422,false,רוטב עגבניות ופלפלים לשקשוקה 350 גר' יד מרדכי,אימילאנה,IT,רוטב עגבניות ופלפלים,,350.00,,false,,13.90,0.0397,true,1,192977
7290110554583,false,מארז חטיפי צ'יטוס פאפס בטעם גבינה - 10 יחידות,שטראוס,IL,מארז ציטוס PUFFS בטע,,200.00,,false,,14.50,0.0725,true,1,192724
7290110554729,false,קפסולות עלית אספרסו 04 תואמות למכונות NESPRESSO,שטראוס קפה בי.וי,IL,קפסולות אספרסו מס 04,,50.00,,false,,18.90,0.3780,true,1,193210
7290110555092,false,לאבנה+שמן זית וצ'ילי 250 גרם,"מחלבות בר בכפר בע""מ",IL,לאבנה עם שמן זית וצ',,250.00,100 גרם,false,,12.90,0.0516,true,1,194040
7290110555306,false,רבע לשבע טבעוני סינמון באן 25ג' עלית,הגביע מוצרי וופלים ב,IL,רבע לשבע טבעוני סינמ,,125.00,100 גרם,false,,11.90,0.0952,true,1,194300
7290110555603,false,ספלנדיד אבקה להכנת משקה בטעם שוקולטה,"ג'אלוסיס י. בע""מ",GR,אבקה להכנת משקה שוקו,,360.00,100 גרם,false,,25.50,0.0708,true,1,195229
7290110555665,false,קקאו דל שומן קופסא 220 ג' עלית,,,קקאו דל שומן עלית בק,,220.00,,false,,19.90,0.0905,true,1,195228
7290110555788,false,נסקפה קפוצ'ינו פחית וניל 200 ג' עלית,שטראוס,IL,קפוצ'ינו פחית בטעם ו,,200.00,100 גרם,false,,24.90,0.1245,true,1,195226
7290110556242,false,"שוקולד מריר פרווה 100 גר' בד""ץ תוצרת חוץ","שטראוס גרופ בע""מ.",IL,שוקולד מריר פרווה בד,,100.00,,false,,6.50,0.0650,true,1,194919
7290110557027,false,חומוס עשיר 50% טחינה גולמית 400 ג' אחלה,מיוצר עי קונדיטוריית,IL,חומוס 50% טחינה 400,,400.00,,false,,13.90,0.0348,true,1,192354
7290110557102,false,מעדן חלב עם שוקולד מועשר בחלבון 150 ג' שטראוס,מיוצר עי קונדיטוריית,IL,מעדן חלב עם שוקולד 1,,150.00,,false,,5.70,0.0380,true,1,191715
7290110557133,false,מעדן הגולן וניל 125 ג' שטראוס,מיוצר עי קונדיטוריית,IL,מעדן הגולן וניל 125,,125.00,,false,,3.20,0.0256,true,1,192239
7290110557317,false,יוגורט בתוספת סידן וויטמין ד עם שיבולת שועל 100 ג' דנונה,תנובה מרכז שיתופי לש,IL,היוגורט הראשון שלי ש,,100.00,100 גרם,false,,2.70,0.0270,true,1,193955
7290110557478,false,חומוס גלילי במרקם מעודן 600 גרם,שטראוס,IL,אחלה חומוס גלילי 600,,600.00,,false,,12.90,0.0215,true,1,193792
7290110557645,false,אנרג'י מיקס צימוקים חמוציות וש.לבן 100 גר שטראוס,Unknown,,אנרג'י מיקס צימוקים,,100.00,,false,,17.90,0.1790,true,1,194611
7290110558130,false,אקטיביה עם שיבולת שועל ודבש 150 ג' דנונה,"שטראוס בריאות בע""מ",IL,אקטיביה עם שיבולת שו,,150.00,100 גרם,false,,5.10,0.0340,true,1,194273
7290110558222,false,"וואו יוגורט עם שכבה בטעם בנופי פאי 5.4%, 150ג דנונה","שטראוס בריאות בע""מ",IL,דנונה WOW בנופי 150,,150.00,100 גרם,false,,5.10,0.0340,true,1,194562
7290110558239,false,"וואו יוגורט עם שכבה בטעם קראק פאי 5.4%, 150 ג דנונה","שטראוס בריאות בע""מ",IL,דנונה WOW קראק פאי 1,,150.00,100 גרם,false,,5.10,0.0340,true,1,194563
7290110558284,false,יוגורט ביו מולטי 200 ג' דנונה,"שטראוס בריאות בע""מ",IL,דנונה ביו מולטי 200,,200.00,,false,,4.70,0.0235,true,1,194484
7290110558314,false,דנונה פרו 20 ג' חלבון ללא סוכר פיסטוק 200 גרם,"שטראוס בריאות בע""מ",IL,דנונה פרו 20 גרם חלב,,200.00,,false,,6.80,0.0340,true,1,194566
7290110558666,false,מעדן גבינה בטעם תפוח 88 ג' דניאלה,"שטראוס בריאות בע""מ",IL,מעדן דניאלה תפוח 150,,150.00,,false,,4.10,0.0273,true,1,195370
7290110558741,false,"גמדים פאוץ תפוח בננה, 100 ג' שטראוס","שטראוס בריאות בע""מ",IL,גמדים סקוויז תפוח בנ,יחידה,0.00,יחידה,false,,5.90,0.0000,true,1,195682
7290110559007,false,"שועועית חומה טעם הטבע קופסה, 380 גרם",,,שעועית חומה 380ג טעם,,380.00,,false,,7.90,0.0208,true,1,194614
7290110559755,false,ריל - מאגדת בוטנים פיסטוק וחמוציות 35 גרם * 3,ואמואליס פודס,GR,ריל מאגדת בוטנים פיס,,105.00,100 גרם,false,,17.90,0.1705,true,1,194541
7290110560317,false,"הפריכיות הטעימות חומוס, עדשים שחורות, קינואה ומלח ים","פרח תעשיו מזון בע""מ",IL,פריכיות משולשות-מלח,,30.00,,false,,5.90,0.1967,true,1,169609
7290110561352,false,דנונה יוגורט ביו פרוביוטי 3% דל לקטוז 150ג',"שטראוס בריאות בע""מ",IL,דנונה ביו דל לקטוז 2,,200.00,100 גרם,false,,3.90,0.0195,true,1,167709
7290110563431,false,"משקה קפה קר בסגנון קלאסי 230 מ""ל 1.6% יוטבתה",האי נאם סי או אל.טי.,AT,משקה קפה קר בסיגנון,,230.00,,false,,8.50,0.0370,true,1,169972
7290110563448,false,"משקה קפה קר בסגנון מעודן 230 מ""ל 1.6% יוטבתה",האי נאם סי או אל.טי.,AT,משקה קפה קר בסיגנון,,230.00,,false,,8.50,0.0370,true,1,169973
7290110563462,false,חלב בבקבוק נטול לקטוז 2% יטבתה 1 ל',מחלבת יטבתה,IL,חלב 2% בבקבוק נטול ל,,1000.00,100 גרם,false,,9.50,0.0095,true,1,170316
7290110564339,false,חומוס אחלה הסידרה המובחר 30% טחינה 400 גר',מיוצר עי קונדיטוריית,IL,חומוס אבי עשיר ב30%,,400.00,,false,,13.90,0.0348,true,1,166705
7290110564360,false,חומוס אחלה הסידרה המובחר 40% טחינה 400 גר',מיוצר עי קונדיטוריית,IL,חומוס אבי עשיר ב40%,,400.00,,false,,13.90,0.0348,true,1,166706
7290110565435,false,ג'לי לימבו פטל חלבי שטראוס 125ג',STRAUSS-ISRAEL,,לימבו פטל חלבי 125גר,,125.00,100 גרם,false,,2.30,0.0184,true,1,166368
7290110565527,false,יוגורט PRO פרו 1.5% 20 גרם חלבון בגביע,"שטראוס בריאות בע""מ",IL,דנונה פרו 20 גרם חלב,,200.00,,false,,6.80,0.0340,true,1,165879
7290110565572,false,מנות אישיות קפה טורקי לדרך עם הל,שטראוס קפה בי.וי,IL,קפה טורקי לדרך עם הל,,168.00,100 גרם,false,,18.90,0.1125,true,1,179339
7290110566043,false,יוגורט 4.5% שומן 3 ל' שטראוס,"מחלבות בר בכפר בע""מ",IL,יוגורט כד 3 ליטר 4%,,3000.00,100 גרם,false,,29.90,0.0100,true,1,168106
7290110566623,false,קפסולות קולומביה עלית 08 למכונת נספרסו מארז 5X10ג',שטראוס קפה בי.וי,IL,קפסולות קולומביה מס,יחידה,0.00,יחידה,false,,18.90,0.0000,true,1,168370
7290110566975,false,דנונה פרו יוגורט 0% תות עשיר בחלבון 200ג',"שטראוס בריאות בע""מ",IL,דנונה פרו 20 גרם חלב,,200.00,100 גרם,false,,6.80,0.0340,true,1,167710
7290110568238,false,"קצפת צמחית 21% שומן 250 מ""ל יוטבתה",מחלבת יטבתה,IL,קצפת צמחית 21% שומן,,250.00,100 גרם,false,,8.90,0.0356,true,1,168420
7290110568276,false,משקה וניל פרו Pro מועשר בחלבון 1.5%,מילקוורק,IL,משקה יוטבתה פרו וניל,,350.00,,false,,7.50,0.0214,true,1,168107
7290110568627,false,עלית - פסק זמן רול שוקולד חלב עם קרם אגוזים 26 גרם,STRAUSS-ISRAEL,,פסק זמן רול שוקולד ח,,28.00,100 גרם,false,,4.90,0.1750,true,1,185840
7290110571184,false,עדשים חומות טעם הטבע 380ג שטראוס,,,עדשים חומות 380 ג טע,,380.00,,false,,7.90,0.0208,true,1,194613
7290110571382,false,מעדן חלב בטעם וניל מעושר בחלבון 150 ג' שטראוס,"שטראוס בריאות בע""מ",IL,מעדן חלב בטעם וניל 1,,150.00,,false,,5.70,0.0380,true,1,193609
7290110571412,false,מיני פינוקיות - פאדג' שוקולד בגביע 180 גרם,עלית,IL,מיני פינוקיות בגביע,,180.00,,false,,11.90,0.0661,true,1,195202
7290110571474,false,רבע לשבע טבעוני פופקורן 125 ג' עלית,הגביע מוצרי וופלים ב,IL,רבע לשבע טבעוני פופק,,125.00,,false,,11.90,0.0952,true,1,194294
7290110572129,false,כיף כף מקלות שוקולד לבן 40 ג' עלית,עלית,,כיף כיף מקלות שוקולד,,40.00,,false,,6.30,0.1575,true,1,195196
7290110574413,false,עלית - פופקורן בטעם טעמי 70 גרם,סראנו עבור שטראוס,קפריסין,פופקורן בטעם טעמי על,,70.00,,false,,8.50,0.1214,true,1,195197
7290110574420,false,עלית - פופקורן בטעם פסק זמן 70 גרם,סראנו עבור שטראוס,קפריסין,פופקורן בטעם פסק זמן,,70.00,,false,,8.50,0.1214,true,1,195198
7290110576318,false,מאגדת שלישיית שוקולד אגוז לבן 300 ג' עלית,עלית,FR,מארז שלישייה שוקולד,,300.00,,false,,24.90,0.0830,true,1,194922
7290110576752,false,טבלאות שוקולד ספלנדיד מריר 70% 100 ג' עלית,קימ'ס גריפלנן,BE,שוקולד ספלנדיד 70% מ,,100.00,,false,,10.90,0.1090,true,1,195199
7290110576776,false,טבלאות שוקולד ספלנדיד מריר 85% 100 ג' עלית,קימ'ס גריפלנן,BE,שוקולד ספלנדיד 85% מ,,100.00,100 גרם,false,,10.90,0.1090,true,1,195200
7290110576790,false,סקי בטעם מוקה 125 ג' שטראוס,"שטראוס בריאות בע""מ",IL,סקי גבינת מוקה 125גר,,125.00,,false,,4.20,0.0336,true,1,195371
7290110576851,false,"גמדים לשתיה סלט פירות 8 יח' *100מ""ל",קריות זול,IL,גמדים לשתיה שמינייה,,864.00,100 גרם,false,,22.50,0.0260,true,1,195367
7290110577230,false,משקה חלב בטעם פיסטוק יטבתה 1 ליטר,מחלבת יטבתה,IL,משקה חלב בטעם פיסטוק,,1000.00,100 גרם,false,,12.50,0.0125,true,1,195364
7290111010194,false,מגבוני תינוקות בייבי,,,מגבוני תינוקות בייבי,יחידה,0.00,יחידה,false,,11.90,0.0000,true,1,170498
7290111010200,false,תיק רב סל,,,תיק רב סל,יחידה,0.00,יחידה,false,,4.90,0.0000,true,1,170288
7290111010248,false,"שמן זית בורגתא 750מ""",Unknown,,*מבצע* שמן זית בורגת,,750.00,100 גרם,false,,19.90,0.0265,true,1,171400
7290111010262,false,מגבות נייר פייפר טאו,Unknown,,מגבות נייר פייפר טאו,יחידה,0.00,יחידה,false,,11.90,0.0000,true,1,179459
7290111010279,false,מגבונים לניקוי כללי,,,מגבונים לניקוי כללי,יחידה,0.00,יחידה,false,,10.00,0.0000,true,1,180255
7290111010293,false,נייר טואלט טוטו 48 ג,,,נייר טואלט טוטו 48 ג,,48.00,,false,,32.90,0.6854,true,1,185072
7290111010323,false,פפריקה מתוקה בשמן סו,,,פפריקה מתוקה בשמן סו,,400.00,100 גרם,false,,19.90,0.0497,true,1,185661
7290111010378,false,מגבות נייר טוטו 8יח,,,מגבות נייר טוטו 8יח,יחידה,0.00,יחידה,false,,12.90,0.0000,true,1,191410
7290111010439,false,יין פרינס רויאל גוור,,,יין פרינס רויאל גוור,,750.00,100 גרם,false,,39.90,0.0532,true,1,189398
7290111010491,false,אקונומיקה 4 ליטר סן,,,אקונומיקה 4 ליטר סן,,4000.00,100 גרם,false,,14.90,0.0037,true,1,194383
7290111010507,false,נוזל כלים 18% תפוח 1,,,נוזל כלים 18% תפוח 1,,1600.00,100 גרם,false,,11.90,0.0074,true,1,194404
7290111010514,false,נוזל כלים 18% לימון,,,נוזל כלים 18% לימון,,1600.00,100 גרם,false,,11.90,0.0074,true,1,194405
7290111010569,false,פפריקה מתוקה סולטנה,,,פפריקה מתוקה סולטנה,,400.00,100 גרם,false,,19.90,0.0497,true,1,194970
7290111010590,false,תמרים מלך המגהול 1קג,,,תמרים מלך המגהול 1קג,,1000.00,,false,,19.90,0.0199,true,1,192057
7290111010613,false,"שמן זית בשן 750מ""ל",,,"שמן זית בשן 750מ""ל",,750.00,,false,,29.90,0.0399,true,1,192415
7290111010668,false,יין לוטן בלנד אדום75,,,יין לוטן בלנד אדום75,,750.00,100 גרם,false,,29.90,0.0399,true,1,193170
7290111010675,false,יין לוטן לבן חצי יבש,,,יין לוטן לבן חצי יבש,,750.00,100 גרם,false,,29.90,0.0399,true,1,193171
7290111010682,false,יין לוטן שיראז קברנה,,,יין לוטן שיראז קברנה,,750.00,100 גרם,false,,29.90,0.0399,true,1,193172
7290111010699,false,יין יערה קברנה סובינ,,,יין יערה קברנה סובינ,,750.00,100 גרם,false,,29.90,0.0399,true,1,193173
7290111010705,false,יין יערה אמרלד ריזלי,,,יין יערה אמרלד ריזלי,,750.00,100 גרם,false,,29.90,0.0399,true,1,193174
7290111010712,false,יין יערה שיראז קברנה,,,יין יערה שיראז קברנה,,750.00,100 גרם,false,,29.90,0.0399,true,1,193175
7290111010736,false,יין קברנה סוביניון ש,,,יין קברנה סוביניון ש,,750.00,100 גרם,false,,29.90,0.0399,true,1,193396
7290111010774,false,מרכך כביסה בייבי פרש,,,מרכך כביסה בייבי פרש,,4000.00,100 גרם,false,,16.90,0.0042,true,1,194385
7290111010859,false,מרכך כביסה פרש מונקו,,,מרכך כביסה פרש מונקו,,1000.00,100 גרם,false,,12.90,0.0129,true,1,194393
7290111010880,false,מרכך כביסה פרש בליסי,,,מרכך כביסה פרש בליסי,,1000.00,100 גרם,false,,12.90,0.0129,true,1,194396
7290111011023,false,שמן זית כתית מעולה צ,,,שמן זית כתית מעולה צ,,750.00,100 גרם,false,,29.90,0.0399,true,1,194338
7290111011030,false,ממחטות פרש מרקט 100,,,ממחטות פרש מרקט 100,יחידה,0.00,יחידה,false,,9.90,0.0000,true,1,196235
7290111011047,false,נוזל חלונות 1 ליטר ס,,,נוזל חלונות 1 ליטר ס,,750.00,100 גרם,false,,7.90,0.0105,true,1,194992
7290111011085,false,מטליות לחות לרצפה לב,,,מטליות לחות לרצפה לב,יחידה,0.00,יחידה,false,,10.90,0.0000,true,1,195061
7290111091520,false,"תחליב רחצה ד""ר עור קוקוס 700 מ""ל","ד""ר עור DOCTOR OR",,"תחליב רחצה ד""ר עור ק",,700.00,100 גרם,false,,15.90,0.0227,true,1,168785
7290111092985,false,מגב'וני ביביסיטר רבעיה מהדורה מעוצבת,,,מגבוני בייביסיטר מהד,יחידה,0.00,יחידה,false,,15.90,0.0000,true,1,194382
7290111093005,false,"I-CARE מג'להסרת איפור, 25 יח בפלופק",די פי אל,IL,מגבונים להסרת איפור,יחידה,0.00,יחידה,false,,7.90,0.0000,true,1,179370
7290111093982,false,טרופיקל תחליב רחצה פסיפלורה ואינקה אינצ'י דר עור,,,"תחליב רחצה ד""ר עור פ",,700.00,,false,,15.90,0.0227,true,1,194890
7290111094392,false,"טרופיקל תחליב רחצה קוקוס וליים 700 מ""ל דר עור",,,"תחליב רחצה ד""ר עור ק",,700.00,100 גרם,false,,15.90,0.0227,true,1,194891
7290111096921,false,מגבונים לניקוי כללי קוויק חומץ ומלח לימון 50 יחי',,,קוויק מגבונים לניקוי,יחידה,0.00,יחידה,false,,8.90,0.0000,true,1,191901
7290111097546,false,מגבונים ניקוי כללי למשטחים בניחוח מרכך כביסה 50 יח' קוויק,,,קוויק מגבונים לניקוי,יחידה,0.00,יחידה,false,,8.90,0.0000,true,1,193300
7290111097836,false,מגבונים דוחה אבק למשטחים בניחוח מרכך כביסה 50 יח' קוויק,,,קוויק מגבונים דוחה א,יחידה,0.00,יחידה,false,,8.90,0.0000,true,1,193301
7290111285356,false,צלחת במבוק 23 סמי הכבאי,,,צלחת במבוק 23 סמי הכ,יחידה,0.00,יחידה,false,,9.90,0.0000,true,1,180220
7290111285431,false,קערה במבוק מפרץ ההרפתקאות בנים,,,קערה במבוק מרץ ההרפת,יחידה,0.00,יחידה,false,,9.90,0.0000,true,1,180235
7290111340178,false,מטליות לחות ניקול לניקוי כללי בניחוח מרכך כביסה 50 יח',ניקול,,מטליות לחות לניקוי כ,,50.00,,false,,10.90,0.2180,true,1,164759
7290111340185,false,מטליות לחות ניקול לניקוי רצפות בניחוח מרכך 10 יח',ניקול,,מטליות לחות לרצפה בנ,,10.00,,false,,10.90,1.0900,true,1,164770
7290111340956,false,ניקול מטליות לחות לרצפה בניחוח פריחה לבנה,עלבד,,מטליות לחות לניקוי ה,יחידה,0.00,יחידה,false,,10.90,0.0000,true,1,176351
7290111341366,false,מפיות אירוח חד שכבתי 30/30 150 יח',חוגלה קימברלי,SK,מפיות אירוח ניקול 15,יחידה,0.00,יחידה,false,,10.90,0.0000,true,1,184899
7290111341496,false,דיפנד תחבושת מיני ACTIVE נשים,,,תחבושות דיפנד אקטיב,יחידה,0.00,יחידה,false,,20.90,0.0000,true,1,170496
7290111341984,false,לילי - מגבוני נייר טואלט לח פיור רביעייה,קימברלי,GB,לילי נייר טואלט לח מ,יחידה,0.00,יחידה,false,,21.90,0.0000,true,1,179457
7290111342004,false,נייר טואלט לח קידס 56 יח' לילי,עלבד,,ליל מגבוני נייר טואל,יחידה,0.00,יחידה,false,,8.90,0.0000,true,1,176348
7290111342042,false,כריות יפניות לניקוי וקרצוף אנטיבקטריאלי,פלסטו פוליש,IL,כריות יפניות אנטיבקט,יחידה,0.00,יחידה,false,,10.90,0.0000,true,1,186851
7290111342059,false,מטליות לחות לניקוי משטחים אנטיבקטריאלי,ניקול,IL,מטליות לחות אנטיבקטר,יחידה,0.00,יחידה,false,,10.90,0.0000,true,1,186854
7290111344459,false,קוטוקס תחבושות נייט אקסטרא לונג 20 יח',,,קוטקס תחבושות נייט א,יחידה,0.00,יחידה,false,,18.90,0.0000,true,1,190014
7290111344527,false,אשפתון ענק שחורות ניקול 20יח',,,זוג שקיות אשפה ענקיי,יחידה,0.00,יחידה,false,,25.90,0.0000,true,1,190165
7290111344824,false,קוטקס - מגן תחתון אנטיבקטראלי לארג' 52 יח',,CN,קוטקס מגן תחתון אנטי,יחידה,0.00,יחידה,false,,18.90,0.0000,true,1,193047
7290111344930,false,מטליות לחות לרצפה בניחוח מרכך כביסה 10 יח' ניקול,עלבד,,מטליות לחות לרצפה בנ,,10.00,,false,,10.90,1.0900,true,1,192022
7290111345814,false,נייר טואולט 30 גלילים לילי נטורל קר,קימברלי קלארק,IL,נייר טואלט לילי נטור,יחידה,0.00,יחידה,false,,38.90,0.0000,true,1,193166
7290111346125,false,מארז שלישייה מגבוני דיילי קר ללא בישום *56 יח' האגיס,קימברלי,IL,מגבוני האגיס דיילי ק,יחידה,0.00,יחידה,false,,18.90,0.0000,true,1,194519
7290111346132,false,מארז שלישייה מגבוני סנסטיב קר ללא בישום *56 יח' האגיס,עלבד,IL,מגבוני האגיס סנסטיב,יחידה,0.00,יחידה,false,,18.90,0.0000,true,1,194520
7290111346293,false,מגבת נייר ניקול שישייה מהדורת חג,קימברלי קלארק,IL,מגבות מטבח שישייה ני,יחידה,0.00,יחידה,false,,12.90,0.0000,true,1,193619
7290111352959,false,מקלות חמוצים ממולאות בטעם פירות,יוגטה yogueta,,יוגטה מקלות חמוצים 8,,80.00,100 גרם,false,,4.90,0.0613,true,1,186994
7290111352966,false,יוגטה סוכריות ממולאות בטעם פירות 250 גרם ללא ג'לטין,סאדאט,TR,סוכריות גומי ממולאות,,250.00,,false,,7.90,0.0316,true,1,186995
7290111352973,false,יוגוטה קוביות חמוצות ממולאות בטעם פירות,יוגטה yogueta,TR,יוגטה קוביות חמוצות,,220.00,,false,,7.90,0.0359,true,1,186996
7290111534010,false,פס גבינה שמנת ופירורים 400 ג',קריניציה ויטמינה אס,IL,פס גבינה שמנת ופירור,,450.00,,false,,39.90,0.0887,true,1,163427
7290111563492,false,סלט מטבוחה חריפה מרובע 400 ג' צבר,סלטי צבר,IL,מטבוחה חריפה צבר מרו,,400.00,,false,,12.90,0.0323,true,1,167425
7290111564239,false,שלגוני קראנץ' Crunch בטעם וניל - 5 יח',גלידות נסטלה (נגה גל,IL,מאגדת מיני קראנץ וני,,275.00,,false,,29.90,0.1087,true,1,166611
7290111564277,false,פריכיות דקות ונימוחות 3 דגנים פיטנס Fitness,פרח תעשיות,IL,פריכיות 3 דגנים דקות,,120.00,,false,,11.90,0.0992,true,1,164780
7290111564291,false,פריכיות דקות ונימוחות 3 דגנים וקינואה פיטנס Fitness,פרח תעשיות,IL,פריכיות דקות עם קינו,,120.00,,false,,11.90,0.0992,true,1,164781
7290111564727,false,עוגיות אסם קרמוגית וקרם אגוזים אסם 200ג',מיוצר עי קונדיטוריית,IL,קרמוגית במילוי קרם א,,200.00,100 גרם,false,,12.70,0.0635,true,1,166007
7290111565038,false,"לה קרמריה וניל קוקילידה בד""צ 1.4 ל'",המאפיה של הרמן,IL,לה קרמריה וניל קוקיל,,1400.00,100 גרם,false,,21.90,0.0156,true,1,167636
7290111566226,false,טבעול שניצל ברוקולי 667 גר',עיצובים 2020 (4.8),IL,שניצל ברוקולי טבעול,,667.00,,false,,33.90,0.0508,true,1,166576
7290111566318,false,טבעול שניצל דק מן הצומח 564 גר',עיצובים 2020 (4.8),IL,שניצל דק מן הצומח טב,,564.00,,false,,33.90,0.0601,true,1,166575
7290111566417,false,טחון צמחוני עם המון חלבון,עיצובים 2020 (4.8),IL,טחון צמחוני טבעול 50,,500.00,,false,,33.90,0.0678,true,1,166587
7290111566547,false,טבעול חזה בגריל צמחוני 99 קלוריות 560ג',עיצובים 2020 (4.8),IL,חזה בגריל צמחוני 99,,560.00,,false,,33.90,0.0605,true,1,166585
7290111566561,false,טבעול שניצל ברוקולי 99 קלוריות 560גר',עיצובים 2020 (4.8),IL,שניצל ברוקולי 99 קלו,,560.00,100 גרם,false,,33.90,0.0605,true,1,166581
7290111566660,false,טבעול קציצות עדשים כתומות 530 גר',עיצובים 2020 (4.8),IL,קציצות עדשים כתומות,,530.00,100 גרם,false,,33.90,0.0640,true,1,166579
7290111566752,false,טבעול שניצל תירס 99 קלוריות 693 גר',עיצובים 2020 (4.8),IL,שניצל תירס 99 קלוריו,,693.00,,false,,33.90,0.0489,true,1,166580
7290111566776,false,טבעול נקניקיות קוקטייל צמחוניות 680 גר',עיצובים 2020 (4.8),IL,נקניקיות קוקטייל צמח,,680.00,100 גרם,false,,33.90,0.0499,true,1,167947
7290111568206,false,"מיקס ביסלי, אפרופו ופיצוחים מתובלים",פרו מן יו פתרונות אר,IL,ביסלי פארטי מיקס אסם,,150.00,,false,,8.90,0.0593,true,1,167940
7290111568251,false,אטריות נודלס להקפצה אסם אסייתי 350 גר',תאי פרזידנטפוד,TH,נודלס איטריות להקפצה,,350.00,100 גרם,false,,10.90,0.0311,true,1,167737
7290111568275,false,אטריות נודלס אורז רחבות אסם אסייתי 300גרם,תאי פרזידנט,TH,נודלס איטריות אורז ר,,300.00,,false,,10.90,0.0363,true,1,167738
7290111568466,false,רוטב אסייתי למוקפץ הסדרה האסייתית,אסיף תעשיות מזון בעמ,IL,רוטב אסייתי למוקפץ א,,290.00,100 גרם,false,,15.90,0.0548,true,1,167744
7290111568961,false,בייגלה טבעות מלח 400 ג' אסם,אסם,IL,בייגלה טבעות מלח אסם,,400.00,,false,,11.90,0.0298,true,1,168039
7290111873041,false,אצבעות שוקולד ממולא בקרם חלב 50 ג'- מפרץ הרפתקאות,,,אצבעות שוקולד ממולא,,50.00,100 גרם,false,,4.90,0.0980,true,1,189720
7290111873614,false,קערה במבוק כח פי ג'יי,,,קערה במבוק כח פי גיי,יחידה,0.00,יחידה,false,,9.90,0.0000,true,1,180233
7290111932380,false,"מרידול משחת שיניים 75 מ""ל זוג כשל""פ",,,מרידול מארז זוג משחו,,150.00,100 גרם,false,,29.90,0.1993,true,1,179524
7290111933554,false,עגבניות איטלקיות קוביות - מארז שלישיה,פראנו אנריקו ופיגלי,IT,עגבניות קוביות מאסטר,,1200.00,,false,,16.90,0.0141,true,1,169397
7290112000286,false,ג'ל ניקוי לשירותים בניחוח לימון,סיליט באנג Cillit Bang,,סיליט באנג גל לניקוי,,750.00,,false,,9.90,0.0132,true,1,166319
7290112000408,false,מנקה ומחטא עוצמתי לניקוי כללי בניחוח לימון,רקיט בנקיזר,PL,מנקה ומחטא לניקוי כל,,750.00,100 גרם,false,,14.90,0.0199,true,1,169305
7290112000828,false,דטול - מגבונים חיטוי וניקוי אנטי בקטריאלי 60 יח',דטול Dettol,,מטליות לחות מנקה ומח,יחידה,0.00,יחידה,false,,14.90,0.0000,true,1,169310
7290112000842,false,דטול מגבונים לניקוי כללי בניחות לימון 60 יח',דטול Dettol,,מטליות לחות מנקה ומח,יחידה,0.00,יחידה,false,,14.90,0.0000,true,1,169306
7290112002099,false,ג'ל כביסה מרוכז קולון 101 קלאסי,רקיט בנקיזר,IL,קולון גל מרוכז רגיל,ליטרים,2.50,ליטר,false,,24.90,9.9600,true,1,179591
7290112002105,false,ג'ל כביסה מרוכז קולון 101 בניחוח לילך,זוהר דליה,IL,קולון ג'ל מרוכז לילך,ליטרים,2.50,ליטר,false,,24.90,9.9600,true,1,179592
7290112002112,false,ג'ל כביסה מרוכז קולון 101 בניחוח ורדים,רקיט בנקיזר,IL,קולון ג'ל מרוכז ורדי,ליטרים,2.50,ליטר,false,,24.90,9.9600,true,1,179593
7290112002129,false,ג'ל כביסה מרוכז קולון 101 בניחוח פריחה מרענן,קולון Colon,,קולון ג'ל מרוכז פריח,ליטרים,2.50,ליטר,false,,24.90,9.9600,true,1,179594
7290112003980,false,"וניש אבקה זויס צבע ולבן 1.350 ק""ג",רקיט בנקיזר,PL,וניש מסיר כתמים אבקה,,1350.00,,false,,29.90,0.0221,true,1,191374
7290112004413,false,"אבקה מסיר כתמים לכביסה לבנה 750 מ""ל וניש",רקיט בנקיזר,PL,וניש ספריי להסרת כתמ,,750.00,100 גרם,false,,23.90,0.0319,true,1,193699
7290112005083,false,וניש תוסף כביסה רב תכליתי לכביסה צבעונית,קליה וניש Kalia Vanish,IT,וניש אבקה לכביסה צבע,,1500.00,,false,,39.90,0.0266,true,1,194282
7290112195258,false,לחמניות המבורגר 4יח',,,לחמניות המבורגר 4יח',,360.00,,false,,13.90,0.0386,true,1,189273
7290112195289,false,פיתות 5יח' ללא גלוטן,,,פיתות 5יח' ללא גלוטן,,420.00,100 גרם,false,,19.90,0.0474,true,1,189275
7290112330352,false,"יוגורט PRO בטעם וניל 0% , 20 גרם חלבון בגביע","שטראוס בריאות בע""מ",IL,דנונה פרו וניל 0% שו,,200.00,,false,,6.80,0.0340,true,1,170534
7290112330390,false,יוגורט PRO בטעם פירות יער 0% 20 גרם חלבון בגביע,"שטראוס בריאות בע""מ",IL,דנונה פרו 20 גרם פיר,,200.00,,false,,6.80,0.0340,true,1,170535
7290112332585,false,"פריכיות תפו""א, אורז בתיבול סלק ומלח חי 30 גר'","פרח תעשיו מזון בע""מ",IL,"פריכיות תפו""א/אורז/ב",,30.00,,false,,5.90,0.1967,true,1,171022
7290112332691,false,עוגיות קרם אגוזים פסק זמן 200 ג' עלית,הגביע מוצרי ופלים בע,IL,עוגיות קרם פסק זמן א,,200.00,,false,,11.90,0.0595,true,1,176274
7290112332899,false,עלית - צנצנת בזוקה פופים קלאסי 58 גרם,רוג'ר אנד רוג'ר,DE,בזוקה פופים קלאסי 58,,58.00,,false,,10.90,0.1879,true,1,171025
7290112335487,false,פריכיות טעימות קצח ודגנים 135 ג' שטראוס,אנרג'י Energy - שטראוס,IL,פריכיות הטעימות קצח,,135.00,,false,,14.30,0.1059,true,1,171018
7290112336613,false,עוגיות עד חצות סנדוויץ 135 ג' עלית,STRAUSS-ISRAEL,,עד חצות סנדוויץ עלית,,135.00,100 גרם,false,,11.90,0.0881,true,1,180348
7290112336712,false,יוגורט PRO לבן 0% 21 גרם חלבון בגביע,"שטראוס בריאות בע""מ",IL,דנונה פרו 21 עשיר בח,,200.00,,false,,6.80,0.0340,true,1,170315
7290112338877,false,מעדן גבינה בטעם תות 3% 125ג' סקי,"שטראוס בריאות בע""מ",IL,סקי תות 3% דנונה 125,,125.00,100 גרם,false,,4.20,0.0336,true,1,169799
7290112339362,false,דנונה לייט אנד פריי בטעם קפוצינו 150 גר',דנונה - שטראוס,IL,דנונה לייט אנד פרייי,,150.00,,false,,4.80,0.0320,true,1,179715
7290112339867,false,גמדים לדרך גבינה לבנה עם מחית תות,שטראוס,IL,גמדים סקוויז תות 100,,100.00,,false,,5.90,0.0590,true,1,169970
7290112339874,false,גמדים לדרך גבינה לבנה עם מחיות תות ובננה,שטראוס,IL,גמדים סקוויז תות בננ,,100.00,,false,,5.90,0.0590,true,1,169971
7290112340122,false,הפריכיות הטעימות 3 דגנים 135 גרם.,אנרג'י Energy - שטראוס,IL,פריכיות הטעימות 3 דג,,135.00,,false,,14.30,0.1059,true,1,171021
7290112340276,false,עוגיות קרם קפה נמס 200 ג' עלית,הגביע מוצרי ופלים בע,IL,עוגיות קרם קפה נמס 2,,200.00,,false,,11.90,0.0595,true,1,176275
7290112341556,false,אקטיביה עם צ'יה ותות 150 ג' דנונה,דנונה - שטראוס,IL,אקטיביה צ'יה ותות 15,,150.00,100 גרם,false,,5.10,0.0340,true,1,179381
7290112341679,false,אקטיביה 3% שומן 200 ג' דנונה,מיוצר עי קונדיטוריית,IL,אקטיביה יוגורט 3% דנ,,150.00,,false,,4.20,0.0280,true,1,179382
7290112341686,false,מארז שמיניה אקטיביה 3% 150 ג',מיוצר עי קונדיטוריית,IL,אקטיביה 3% מארז שמינ,,1200.00,,false,,22.50,0.0188,true,1,179383
7290112342102,false,סימפוניה גבינה במרקם שמנת בצל מקורמל 5%,"שטראוס בריאות בע""מ",IL,גבינת סימפוניה בצל מ,,200.00,,false,,11.90,0.0595,true,1,184991
7290112342270,false,קפה פלטינום אינטנס מחוזק ב- 10% אספרסו,שטראוס קפה בי.וי,IL,קפה פלטינום אינטנס 1,,200.00,,false,,18.90,0.0945,true,1,184733
7290112342508,false,דוריטוס קול ראנץ Cool Ranch,STRAUSS-ISRAEL,IL,דוריטוס קול ראנצ' 70,,70.00,,false,,4.40,0.0629,true,1,180225
7290112343260,false,"יטבתה רוטב שמנת קלאסי 9% שומן 260 מ""ל",STRAUSS-ISRAEL,IL,רוטב שמנת קלאסי 9% י,,250.00,100 גרם,false,,11.90,0.0476,true,1,180369
7290112343420,false,"משקה חלב עם דגנים מלאים ובננה פרו יטבתה 350מ""ל",מחלבת יטבתה,IL,שייק פרו ארוחת בוקר,,350.00,100 גרם,false,,8.20,0.0234,true,1,180368
7290112343499,false,חטיף צ'יטוס פאפס אפוי בטעם גבינה,"שטראוס פריטו ליי בע""",IL,ציטוס פופס 55גרם,,55.00,,false,,3.90,0.0709,true,1,191942
7290112344755,false,מילקי שוקולד 26% פחות סוכר 135 גרם,מיוצר עי קונדיטוריית,IL,מילקי עם 26% פחות סו,,135.00,100 גרם,false,,3.00,0.0222,true,1,189376
7290112344786,false,קפה פלטינום קלאסיק 200 ג' עלית,שטראוס קפה בי.וי.,IL,קפה פלטינום קלאסיק ע,,200.00,100 גרם,false,,29.90,0.1495,true,1,186060
7290112346360,false,בפלות אחת אחת ופל בטעם שוקולד מצופה שוקולד,הגביע מוצרי וופלים ב,GR,בפלות בציפוי שוקולד,,180.00,,false,,15.90,0.0883,true,1,185024
7290112346537,false,עוגיות פינוקיות בטעם טורטית 200 ג' עלית,הגביע מוצרי ופלים בע,IL,עוגיות פינוקיות בטעם,,200.00,,false,,11.90,0.0595,true,1,180345
7290112346629,false,דנונה בר יוגורט+קורנפלקס מצופה שוקולד חלב ולבן 172 גרם,דנונה - שטראוס,IL,דנונה עם קורנפלקס מצ,,172.00,100 גרם,false,,5.10,0.0297,true,1,186712
7290112346797,false,יוגורט אקטיביה עם שיבולת שועל ושזיף 2.5%,מיוצר עי קונדיטוריית,IL,אקטיביה שיבולת שועל,,150.00,100 גרם,false,,5.10,0.0340,true,1,186238
7290112346827,false,"אקטימל ויטמין C פטל 8*100 מ""ל",קריות זול,IL,אקטימל ויטמין C פטל,,864.00,100 גרם,false,,21.90,0.0253,true,1,188999
7290112347473,false,דנונה לייט אנד פריי תות ואפרסק מאגדת 8 יח' * 150 ג',מיוצר עי קונדיטוריית,IL,מארז לייט אנד פריי ת,,1200.00,100 גרם,false,,29.90,0.0249,true,1,179720
7290112348142,false,שעועית לבנה 380 גר' בקופסה טעם הטבע,שטראוס טעם הטבע,,שעועית לבנה ט.הטבע ק,,380.00,,false,,7.90,0.0208,true,1,186513
7290112348616,false,עלית - קפה נמס אגוזי לוז 100 גרם,עלית,,קפה נמס אגוזי לוז על,,100.00,100 גרם,false,,15.90,0.1590,true,1,188825
7290112349606,false,מעדן גבינה ויוגורט תות בננה 88 ג' דניאלה,"שטראוס בריאות בע""מ",IL,דניאלה בטעם תות בננה,,88.00,100 גרם,false,,4.10,0.0466,true,1,192776
7290112349705,false,פומודורו רוטב עגבניות קלאסי לפסטה 350 גר' יד מרדכי,אמיליאנה קונסרב סוסי,IT,רוטב עגבניות קלאסי ל,,350.00,,false,,13.90,0.0397,true,1,185400
7290112349736,false,בזיליקום רוטב עגבניות לפסטה 350 גר' יד מרדכי,אמיליאנה קונסרב סוסי,IT,רוטב עגבניות לפסטה 3,,350.00,,false,,13.90,0.0397,true,1,185401
7290112349750,false,פיצה רוטב עגבניות לפיצה 350 גר' יד מרדכי,אימילאנה,IL,רוטב עגבניות לפיצה 3,,350.00,,false,,13.90,0.0397,true,1,185403
7290112349897,false,מסטיק מאסט Must קוביות בטעם מנטה ללא סוכר,רוג'ר אנד רוג'ר,DE,מאסט קוביות מנטה 86ג,,86.00,100 גרם,false,,14.90,0.1733,true,1,186053
7290112350589,false,אבקה להכנת משקה ציקוריה ציקו 65ג',עלית,IL,אבקה ציקו 65 גרם,,65.00,100 גרם,false,,11.90,0.1831,true,1,187023
7290112351104,false,שוקולד פרה ממולא פיצפוצי אורז 100 ג' עלית,STRAUSS-ISRAEL,IL,שוקולד פרה פיצפוצי א,,100.00,,false,,6.50,0.0650,true,1,186451
7290112351128,false,שוקולד פרה סוכריות קופצות 100 ג' עלית,"שטראוס גרופ בע""מ",IL,שוקולד פרה סוכריות ק,,100.00,,false,,6.50,0.0650,true,1,187016
7290112353887,false,"משקה קפה קר בטעם אגוזים יטבתה 230 מ""ל",אנסטל מילק kg,AT,משקה קפה קר בטעם אגו,,230.00,100 גרם,false,,8.50,0.0370,true,1,186957
7290112354235,false,ברקטה פיצה - 2 יחידות במארז,סקרלינפיצה אס. אר. א,IT,ברקטה פיצה 300גרם דל,,300.00,100 גרם,false,,25.90,0.0863,true,1,195417
7290112355027,false,יוגורט פרו בטעם קרמל מלוח 200 ג' דנונה,"שטראוס בריאות בע""מ",IL,דנונה פרו 20 בטעם קר,,200.00,,false,,6.80,0.0340,true,1,189373
7290112355102,false,גמדים פאוץ סלט פירות 100 ג' שטראוס,"שטראוס בריאות בע""מ",IL,גמדים סקוויז סלט פיר,,100.00,,false,,5.90,0.0590,true,1,189924
7290112355393,false,"יטבתה רוטב שמנת+בטטה 9% שומן 250 מ""ל",מחלבת יטבתה,IL,רוטב שמנת עם בטטה 2,,257.00,100 גרם,false,,11.90,0.0463,true,1,195363
7290112355812,false,מעדן מילקי עם טופ קורנפלקס מצופה שוקולד,"שטראוס גרופ בע""מ",IL,מילקי טופ קורנפלקס 1,,141.00,100 גרם,false,,5.10,0.0362,true,1,194279
7290112355867,false,מילקי קצפת טופ פיצפוץ 86 גרם,"שטראוס גרופ בע""מ",IL,מילקי טופ קצפת פצפוצ,,86.00,,false,,4.70,0.0547,true,1,192240
7290112356536,false,אבקת קקאו עלית 150+10% גר',הנסיך- מפעל לייצור ט,IL,קקאו עלית 150 גרם+10,,150.00,100 גרם,false,,10.90,0.0727,true,1,187024
7290112357076,false,קוביות עגבניות איטלקיות 390 גר' בקופסה טעם הטבע,שטראוס טעם הטבע,,קוביות עגבניות איטלק,,390.00,,false,,7.90,0.0203,true,1,188542
7290112357083,false,אפונת גינה טעם הטבע 380 גר' בקופסה,שטראוס טעם הטבע,,אפונת גינה ט.הטבע קו,,380.00,,false,,7.90,0.0208,true,1,186512
7290112358233,false,יד מרדכי רוטב צילי חריף 300גרם,יד מרדכי,,רוטב צילי חריף 300 ג,,300.00,,false,,14.90,0.0497,true,1,188431
7290112358240,false,יד מרדכי רוטב גריל 300 גרם,יד מרדכי,,רוטב לעוף גריל 300גר,,300.00,100 גרם,false,,14.90,0.0497,true,1,186456
7290112358431,false,עד חצות דאבל ביסקוויט עם שוקולד חלב -8 אריזות אישיות,הדקלאים אגודת שיתופי,FR,עד חצות ביסקוויט דאב,,200.00,,false,,14.90,0.0745,true,1,190539
7290112359353,false,קפה טורקי קלוי וטחון אלדין,STRAUSS-ISRAEL,IL,*מבצע* אלדין קפה טור,,200.00,100 גרם,false,,15.90,0.0795,true,1,193364
7290112359384,false,עלית - קפה נמס אלפחורס ריבת חלב 100 גרם,שטראוס,IL,קפה נמס אלפחורס ריבת,,100.00,,false,,15.90,0.1590,true,1,188829
7290112490032,false,"נמס בכוס תירס קנור בד""ץ, זוגי 22.5X2 גרם,",יוניליוור,IL,נמס בכוס קנור תירס,יחידה,0.00,יחידה,false,,6.90,0.0000,true,1,169101
7290112490209,false,נמס בכוס מרק עגבניות עם קרוטונים רכיבים טבעיים,יוניליוור,,נמס בכוס קנור עגבניו,,56.00,100 גרם,false,,6.90,0.1232,true,1,169134
7290112490230,false,נמס בכוס אפונה רכיבים טבעיים 50 ג' קנור,יוניליוור,,נמס בכוס קנור אפונה,,50.00,100 גרם,false,,6.90,0.1380,true,1,169136
7290112490582,false,חרדל דיזון צרפתי 350 ג' הלמנס,הלמנס hellmann's,,חרדל דיזון הלמנס 350,,350.00,,false,,12.90,0.0369,true,1,169126
7290112490599,false,חרדל צרפתי עם גרגרים שלמים 350ג',הלמנס hellmann's,,חרדל צרפתי עם גרגירי,,350.00,100 גרם,false,,12.90,0.0369,true,1,169127
7290112490650,false,# 778 קונפיטורת תות כשלפ 340גר,קונפיטורות לה-ארדניי,BE,קונפיטורה 778 תות שד,,340.00,100 גרם,false,,14.90,0.0438,true,1,169137
7290112490667,false,קונפיטורה 778 משמש 340 גר,אתר חיפה 778,BE,קונפיטורה 778 משמש 3,,340.00,100 גרם,false,,14.90,0.0438,true,1,169138
7290112490674,false,קונפיטורת דובדבן 340 גר' 778 כשלפ,אתר חיפה 778,BE,קונפיטורה 778 דובדבן,,340.00,,false,,14.90,0.0438,true,1,169139
7290112490735,false,מרק עשיר עגבניות פסטה ר.טבעי קנור 105ג',יוניליוור,IL,מרק עשיר עגבניות פסט,,105.00,100 גרם,false,,12.90,0.1229,true,1,169113
7290112491794,false,בייגלה דקים דקים שמנת בצל 300 גר',בייגל בייגל BB,IL,בייגלה דקים דקים שמנ,,300.00,100 גרם,false,,10.90,0.0363,true,1,170187
7290112492470,false,"שמפו ומרכך 2ב-1 לשיער יבש 700 מ""ל",,,פינוק 2ב1 לשיער יבש,,700.00,100 גרם,false,,13.90,0.0199,true,1,189525
7290112492500,false,"פינוק - שמפו שמן קוקוס 700 מ""ל","יוניליור ישראל, טיפו",IL,שמפו בתוספת שמן קוקו,,700.00,,false,,13.90,0.0199,true,1,185808
7290112492531,false,"מרכך לשיער רגיל 700 מ""ל פינוק",יוניליוור,IL,מרכך לשיער רגיל 700,,700.00,,false,,13.90,0.0199,true,1,180191
7290112492579,false,"פינוק - מרכך שמן קוקוס 700 מ""ל",יוניליוור,IL,פינוק מרכך לשיער שמן,,700.00,100 גרם,false,,13.90,0.0199,true,1,180195
7290112492593,false,"פינוק - תחליב רחצה ניחוח פינוק 700 מ""ל",יוניליוור,IL,פינוק תחליב רחצה קלא,,700.00,100 גרם,false,,12.90,0.0184,true,1,180196
7290112492609,false,"פינוק - תחליב רחצה לבנדר וניל 700 מ""ל",יוניליוור,IL,פינוק תחליב רחצה לבנ,,700.00,,false,,12.90,0.0184,true,1,180197
7290112492715,false,"פינוק שמפו ללא דמעות לסירוק קל לילדים 700 מ""ל",יוניליוור,IL,פינוק שמפו לילדים 70,,700.00,100 גרם,false,,13.90,0.0199,true,1,186902
7290112492982,false,"אבקת מרק פטריות כשל""פ 100% רכיבים טבעיים 400 גרם",יוניליוור ישראל מזון,IL,קנור א.מרק פטריות רכ,,400.00,100 גרם,false,,22.90,0.0572,true,1,180188
7290112492999,false,מרק בטעם עוף קנור 400 ג' צנצנת,יוניליוור ישראל מזון,IL,"מרק טעם עוף קנור בד""",,400.00,100 גרם,false,,15.90,0.0398,true,1,180284
7290112493088,false,נמס בכוס עדשים מרק רכיבים טבעיים קנור 54 ג',יוניליוור,IL,נמס בכוס קנור עדשים,,54.00,100 גרם,false,,6.90,0.1278,true,1,171450
7290112493095,false,נמס בכוס מרק עגבניות חריף רכיבים טבעיים קנור 48 ג',יוניליוור,IL,נמס בכוס קנורעגבניות,,48.00,100 גרם,false,,6.90,0.1438,true,1,171449
7290112493293,false,קנור - נמס ירקות וקרוטונים ר.טבעי 44 גרם,יוניליוור,IL,נמס בכוס קנור ירקות,,44.00,100 גרם,false,,6.90,0.1568,true,1,171451
7290112493934,false,גלידה וניל צרפתי 1.33ל' קרמיסימו,"גלידת שטראוס בע""מ, ר",IL,קרמיסימו וניל 1.33 ל,,1330.00,,false,,21.90,0.0165,true,1,180203
7290112494153,false,תיבולית בטעם צלי קנור 72 ג',יוניליוור ישראל מזון,IL,קנור תיבולית בניחוח,יחידה,0.00,יחידה,false,,10.90,0.0000,true,1,185999
7290112494382,false,פירה בטעם ביתי - מוכן ברגע,יוניליוור ישראל מזון,IL,פירה ביתי 260גר,,260.00,100 גרם,false,,14.90,0.0573,true,1,179740
7290112495044,false,קוקומן פצפוצים בטעם שוקולד,יוניליור שפע ישראל ב,IL,קוקומן פצפוצים דגני,,375.00,100 גרם,false,,21.90,0.0584,true,1,179723
7290112495112,false,נשנושים זעתר ב.בייגל 260ג',בייגל את בייגל מזון,IL,נשנושים זעתר 260גר,,260.00,100 גרם,false,,13.90,0.0535,true,1,179735
7290112495143,false,נשנושים קוקטייל מלוח 300ג' ב.בייגל,בייגל את בייגל מזון,IL,קוקטייל מלוח 300גר,,300.00,100 גרם,false,,13.90,0.0463,true,1,179725
7290112495174,false,נשנושים קוקטייל שומשום 300ג' ב.בייגל,בייגל את בייגל מזון,IL,קוקטייל שומשום 300גר,,300.00,,false,,13.90,0.0463,true,1,179728
7290112496027,false,"סירופ שוקולד 580 מ""ל אפיכל",יוניליוור ישראל מזון,IL,אפיכל סירופ שוקולד 5,,580.00,100 גרם,false,,14.90,0.0257,true,1,185132
7290112497123,false,תערובת להכנת מעדן בטעם סחלב,יוניליוור ישראל מזון,IL,סחלב תערובת להכנה 11,,112.00,,false,,13.90,0.1241,true,1,188885
7290112497710,false,"פינוק - שמפו אל דמע בייבי 700 מ""ל",יוניליוור,IL,פינוק שמפו אל דמע תי,,700.00,100 גרם,false,,15.90,0.0227,true,1,194897
7290112498007,false,גרנולה פרוטאין בתוספת חלבון שקדים וחמוציות תלמה 300 ג',יוניליוור,IL,גרנולה פרוטאין שקדים,,300.00,100 גרם,false,,15.90,0.0530,true,1,195131
7290112498441,false,רוטב אסייתי למוקפץ קנור 370 גרם,אתר חיפה 778,,רוטב אסייתי למוקפץ ק,,370.00,,false,,14.90,0.0403,true,1,190482
7290112498915,false,מאגדת מיני מגנום שקדים מובחרים 250 ג',"מיוצר ע""י גלידת שטרא",IL,מיני מגנום שקדים מוב,,250.00,,false,,29.90,0.1196,true,1,190365
7290112499462,false,תחליב רחצה פינוק בתוספת שמן קוקוס,יוניליוור ישראל טיפו,IL,פינוק תחליב רחצה שמן,,700.00,100 גרם,false,,12.90,0.0184,true,1,190189
7290112499479,false,"פינוק - שמפו בתוספת קרטין 700 מ""ל",יוניליוור,,שמפו בתוספת קרטין,,700.00,100 גרם,false,,13.90,0.0199,true,1,189491
7290112499943,false,מאגדת מיני מגנום קלאסיק שוקולד 5 יח' שטראוס,"מיוצר ע""י גלידת שטרא",IL,מיני מגנום קלאסיק שו,,250.00,100 גרם,false,,29.90,0.1196,true,1,184748
7290112700407,false,נר גדול מנצנץ זהב ענ,,,נר גדול מנצנץ זהב ענ,יחידה,0.00,יחידה,false,,8.90,0.0000,true,1,168414
7290112705426,false,צלחת במבוק 23 חד-קרן,,,צלחת במבוק 23 חד קרן,יחידה,0.00,יחידה,false,,9.90,0.0000,true,1,180218
7290112960115,false,אסם שקדי מרק 30% קמח חיטה מלא 12*350גרם,אסם,IL,שקדי מרק 30% קמח חיט,,350.00,,false,,13.90,0.0397,true,1,168656
7290112961372,false,פיטנס חטיפי פריכיות דגנים עם קינמון,"פרח תעשיות מזון בע""מ",IL,פיטנס חטיפי פריכיות,,60.00,100 גרם,false,,8.90,0.1483,true,1,170076
7290112961464,false,פיטנס חטיפי פריכיות דגנים וחומוס מתובלות,"פרח תעשיות מזון בע""מ",IL,פיטנס חטיפי פריכיות,,60.00,,false,,8.90,0.1483,true,1,170068
7290112961754,false,עוגיות שוקולד ציפס עם קרם בטעם אגוזים,מיוצר עי קונדיטוריית,IL,עוגיות שוקוציפס קרם,,200.00,100 גרם,false,,12.70,0.0635,true,1,169742
7290112963918,false,חטיפי קרקר דק רוזמרין 140 ג' פיטנס,נסטלה Nestle,IL,פיטנס קרקר דק רוזמרי,,140.00,100 גרם,false,,12.90,0.0921,true,1,176161
7290112964410,false,רוטב אוסם אלף האיים לסלט 290 ג' אסם,Unknown,IL,רוטב אלף האיים לסלט,,290.00,,false,,12.50,0.0431,true,1,171178
7290112964434,false,רוטב לסלט קיסר 295 ג' אוסם,אסם,IL,רוטב קיסר לסלט אסם 2,,295.00,,false,,12.50,0.0424,true,1,171181
7290112964472,false,רוטב שום לסלט 290 ג' אסם,Unknown,IL,רוטב שום לסלט אסם 29,,290.00,,false,,12.50,0.0431,true,1,171179
7290112964564,false,רוטב אלף האיים לייט לסלט 310 ג' אסם,אסם,IL,רוטב אלף האיים לייט,,295.00,100 גרם,false,,12.50,0.0424,true,1,171183
7290112964625,false,רוטב שום לייט לסלט 310 ג' אסם,אסם,IL,רוטב שום לייט לסלט א,,310.00,100 גרם,false,,12.50,0.0403,true,1,171184
7290112965141,false,תבשיל פתיתים אפויים עם ירקות 130 גר',אסם,IL,תבשיל פתיתים אפויים,,130.00,100 גרם,false,,11.90,0.0915,true,1,180301
7290112965165,false,מרק נמס בטעם פטריות זוג * 24 ג' אסם,אסם,IL,זוג מרק נמס פטריות ב,,34.00,100 גרם,false,,6.50,0.1912,true,1,176334
7290112965240,false,מרק נמס בטעם עגבניות זוג * 44 ג' אסם,Unknown,IL,זוג מרק נמס עגבניות,,44.00,,false,,6.50,0.1477,true,1,176338
7290112965325,false,תבשיל אורז ספרדי אוסם 140 גרם,אסם,IL,תבשיל אורז ספרדי אסם,,140.00,100 גרם,false,,11.90,0.0850,true,1,180303
7290112965745,false,אוסם - ביסלי פריסטייל בצל מעושן 60 גרם,"אסם השקעות בע""מ",IL,ביסלי פריסטייל בצל מ,,60.00,,false,,4.90,0.0817,true,1,190660
7290112965783,false,אוסם - ביסלי פריסטייל על האש 60 גרם,"אסם השקעות בע""מ",IL,ביסלי פריסטייל על הא,,60.00,,false,,4.90,0.0817,true,1,190661
7290112965806,false,אוסם - ביסלי פריסטייל חמוץ חריף 60 גרם,Unknown,IL,ביסלי פריסטייל חמוץ,,60.00,,false,,4.90,0.0817,true,1,190659
7290112965943,false,טבעול נאגטס ירקות ירוקים 500 גר',טבעול תעשיות מזון בע,IL,נאגטס ירקות ירוקים 5,,500.00,100 גרם,false,,33.90,0.0678,true,1,186913
7290112965967,false,טבעול נאגטס ירקות כתומים 500 גר',טבעול תעשיות מזון בע,IL,נאגטס ירקות כתומים 5,,500.00,,false,,33.90,0.0678,true,1,186914
7290112966094,false,עוגת הבית בטעם תפוז - פחות סוכר,מיוצר עי קונדיטוריית,IL,עוגת הבית תפוז מופחת,,400.00,,false,,13.90,0.0348,true,1,180323
7290112966247,false,לחמית כוסמין 200 ג' אסם,אסם יקנעם,IL,לחמית כוסמין אסם 200,,200.00,,false,,11.50,0.0575,true,1,185789
7290112966780,false,טחינה באלדי עם חציל קלוי צבר 350 גר',שוורצקוף& הנקל דיסלד,IL,טחינה באלדי עם חציל,,350.00,,false,,15.90,0.0454,true,1,180332
7290112966803,false,פודינג אינסטנט שוקולד 88 ג' אסם,"אסם השקעות בע""מ",IL,פודינג שוקולד אסם 88,,88.00,,false,,5.90,0.0670,true,1,180292
7290112966841,false,פודינג בטעם שוקולד מריר 90 ג' אסם,מיוצר עי קונדיטוריית,IL,פודינג שוקולד מריר א,,90.00,100 גרם,false,,5.90,0.0656,true,1,180293
7290112967381,false,פיטנס חטיפי פריכיות קטניות ומלח ים 60 גר',"פרח תעשיות מזון בע""מ",IL,פיטנס חטיפי פריכיות,,60.00,,false,,8.90,0.1483,true,1,185528
7290112967572,false,"אסם רוטב ברביקיו 290 מ""ל אסם",אסם,IL,רוטב ברבקיו אוסם 290,,290.00,,false,,12.50,0.0431,true,1,180297
7290112967848,false,ג'לי תות שדה מופחת סוכר 90 גר אסם,מיוצר עי קונדיטוריית,IL,ג'לי תות מופחת סוכר,,68.00,100 גרם,false,,6.90,0.1015,true,1,190311
7290112968203,false,סלט טחינה בלאדי צבר 250 גרם,שוורצקוף& הנקל דיסלד,IL,סלט טחינה באלדי צבר,,250.00,100 גרם,false,,10.90,0.0436,true,1,185524
7290112968340,false,חומוס תבלינים צבר 400 גרם,שוורצקוף& הנקל דיסלד,IL,חומוס גרוס גס גס צבר,,400.00,,false,,14.50,0.0363,true,1,185295
7290112968449,false,סלט כרוב אדום צבר 250 גר',שוורצקוף& הנקל דיסלד,IL,סלט כרוב אדום צבר 25,,250.00,,false,,10.90,0.0436,true,1,185534
7290112968524,false,סלט חומוס גרגירים רכים צבר 250 גרם,שוורצקוף& הנקל דיסלד,IL,סלט חומוס סמיר צבר 2,,250.00,100 גרם,false,,10.90,0.0436,true,1,185535
7290112968685,false,חומוס גרגרים בתטבילה צבר 400 גרם,שוורצקוף& הנקל דיסלד,IL,חומוס גרגרים בתטבילה,,400.00,,false,,14.50,0.0363,true,1,185298
7290112968807,false,פיטנס - קרקר דק סלק 140 גרם,מפעל אסם יקנעם,IL,פיטנס קרקר דק סלק 14,,140.00,100 גרם,false,,12.90,0.0921,true,1,188616
7290112968821,false,פיטנס - קרקר דק בטטה 140 גרם,מפעל אסם יקנעם,IL,פיטנס קרקר דק בטטה 1,,140.00,,false,,12.90,0.0921,true,1,188617
7290112969286,false,אסם בישולים רוטב חרדל ודבש 330 גר'.,"אסם השקעות בע""מ",IL,רוטב חרדל ודבש אסם 3,,330.00,100 גרם,false,,16.90,0.0512,true,1,188989
7290113190450,false,ממרח תמרים שקדיה 450,פוליבה,IL,ממרח תמרים 450 גרם ש,,450.00,,false,,5.90,0.0131,true,1,170308
7290113192232,false,תערובת להכנה מהירה פנקייק'ס 400 גר',קריות זול,,תערובת להכנת פנקייקס,,400.00,100 גרם,false,,12.90,0.0323,true,1,187028
7290113192300,false,זיתים חרוזית מושחר A2 בית השיטה 275 גר',בית השיטה,IL,חרוזית מושחר 275גרם,,275.00,,false,,10.90,0.0396,true,1,186279
7290113192317,false,בית השיטה טבעות זיתים מושחרים 280 גר',בית השיטה,IL,טבעות זיתים מושחרים,,280.00,,false,,11.90,0.0425,true,1,186280
7290113192324,false,זיתים ירוקים שלמים בינוניים,בית השיטה,IL,זית ירוק 340גרם בית,,340.00,100 גרם,false,,9.90,0.0291,true,1,185902
7290113192348,false,זיתים ירוקים שלמים גדולים מאוד בטעם שום,בית השיטה,IL,זית ירוק טעם שום 17-,,340.00,,false,,9.90,0.0291,true,1,186281
7290113192355,false,חרוזית זיתים ירוקים ללא גלעין 275 ג' בית השיטה,בית השיטה,IL,חרוזית ירוק 275גרם ב,,275.00,,false,,10.90,0.0396,true,1,186282
7290113192362,false,טבעות זיתים ירוקים 280 ג' בית השיטה,בית השיטה,IL,טבעות זיתים ירוקים 2,,280.00,,false,,10.90,0.0389,true,1,186283
7290113192379,false,בית השיטה זיתים ירוקים מבוקעים א2 340גר',בית השיטה,IL,זיתים ירוקים מבוקעים,,340.00,,false,,10.90,0.0321,true,1,186284
7290113192386,false,זיתים סורי מבוקע A2 בית השיטה 340ג',בית השיטה,IL,זית סורי מבוקע 340גר,,340.00,,false,,11.50,0.0338,true,1,186285
7290113192393,false,בית השיטה קוקטייל זיתים א2 336גר',בית השיטה,IL,קוקטייל זיתים 336גרם,,336.00,,false,,11.90,0.0354,true,1,186286
7290113192478,false,בית השיטה מלפפונים במלח בינוני 10-12 320 גרם,בית השיטה,IL,מלפפון במלח בינוניים,,320.00,100 גרם,false,,8.90,0.0278,true,1,186293
7290113192485,false,בית השיטה מלפפונים בחומץ בינוני 10-12 290 גרם,בית השיטה,IL,מלפפון בחומץ 10-12 2,,290.00,100 גרם,false,,8.90,0.0307,true,1,186294
7290113192492,false,בית השיטה מלפפונים בחומץ קטנים 1317 290 גרם,בית השיטה,IL,מלפפון בחומץ קטנים 1,,290.00,100 גרם,false,,10.90,0.0376,true,1,186295
7290113192508,false,בית השיטה מלפפונים במלח קטן 1317 320 גרם,בית השיטה,IL,מלפפון במלח קטנים 13,,320.00,,false,,10.90,0.0341,true,1,186297
7290113192515,false,בית השיטה מלפפונים במלח קטן מאוד 1825 320 גרם,בית השיטה,IL,מלפפון במלח 18-25 קט,,320.00,,false,,12.90,0.0403,true,1,186298
7290113192522,false,בית השיטה מלפפונים בחומץ קטן מאוד 1825 290 גרם,בית השיטה,IL,מלפפון בחומץ 18-25 ק,,290.00,,false,,12.90,0.0445,true,1,186301
7290113192539,false,בית השיטה מלפפונים במלח גדול 79 320 גרם,בית השיטה,IL,מלפפון במלח גדולים 7,,320.00,,false,,6.90,0.0216,true,1,186302
7290113192546,false,בית השיטה מלפפונים בחומץ גדול 79 290 גרם,בית השיטה,IL,מלפפון בחומץ גדולים,,290.00,,false,,6.90,0.0238,true,1,186304
7290113192553,false,בית השיטה מלפפונים במלח 13-17 בלדי 320 גר',בית השיטה,IL,מלפפון במלח בלדי 13-,,320.00,,false,,10.90,0.0341,true,1,186305
7290113192560,false,בית השיטה פלפל שיפקה חריף כבוש 230 גרם,בית השיטה,IL,פלפל שיפקה א2 230 גר,,230.00,100 גרם,false,,6.90,0.0300,true,1,187265
7290113192577,false,בית השיטה כרוב כבוש חתוך 430 גרם,בית השיטה,IL,כרוב כבוש א2 430 גרם,,430.00,,false,,7.90,0.0184,true,1,187266
7290113192881,false,"טורטיה חיטה מופחת קלוריות, קוטר 20 ס""מ - 6 יח'",דין שיווק,IL,טורטיה חיטה מופחתת ק,,270.00,100 גרם,false,,9.90,0.0367,true,1,187037
7290113193000,false,בית השיטהפלפל שיפקונית 230 גר',שוורצקוף& הנקל דיסלד,IL,פלפל שיפקונית 230 גר,,230.00,,false,,11.50,0.0500,true,1,187268
7290113193017,false,בית השיטה קוקטייל זיתים 275 גר',בית השיטה,IL,קוקטייל זיתים חרוזית,,275.00,100 גרם,false,,13.90,0.0505,true,1,187269
7290113193031,false,חרוזית קלמטה - זיתים שחורים ללא גלעין קלמטה,שוורצקוף& הנקל דיסלד,IL,חרוזית קלמטה 275 גרם,,275.00,100 גרם,false,,13.90,0.0505,true,1,187270
7290113193406,false,"קוקטייל טבעות זיתים - זיתים ירוקים, שחורים מרינד",בית השיטה,IL,קוקטייל זיתים טבעות,,280.00,,false,,13.90,0.0496,true,1,187271
7290113193888,false,חצילים מוחמצים בית השיטה 320 גר',שוורצקוף& הנקל דיסלד,IL,חצילים מוחמצים 320 ג,,320.00,100 גרם,false,,11.50,0.0359,true,1,189984
7290113194090,false,טבעות זיתים קלמטה בית השיטה 280 גר',בית השיטה,IL,זית קלמטה טבעות 280,,280.00,,false,,13.90,0.0496,true,1,187273
7290113195196,false,רסק תפוחי עץ 710 גרם,,,רסק תפוחי עץ 710 גרם,,710.00,,false,,9.90,0.0139,true,1,189839
7290113195271,false,ממרח פלפלים פיקנטיים 360 ג',דין שיווק,,ממרח פלפלים פיקנטיים,,360.00,,false,,11.90,0.0331,true,1,189845
7290113195363,false,שמן חמניות מזוכך בית,בית השיטה,,שמן חמניות מזוכך בית,,1000.00,,false,,11.90,0.0119,true,1,191636
7290113195967,false,שיבולת שועל שקדיה פח,דין שיווק,IL,שיבולת שועל 500גרם פ,,500.00,,false,,9.90,0.0198,true,1,189847
7290113196414,false,"אורז בסמטי שקדיה 1 ק""ג",קריות זול,IN,"אורז בסמטי 1 ק""ג שקד",,1000.00,100 גרם,false,,12.90,0.0129,true,1,192094
7290113198579,false,סוכריות גומי דובונים בטעמי פירות 200 ג' שקדיה,טופ גלוב,IL,סוכריות גומי דובונים,,200.00,100 גרם,false,,10.00,0.0500,true,1,193478
7290113198586,false,סוכריות גומי מסוכרות בטעם אפרסק 200 ג' שקדיה,טופ גלוב,IL,סוכריות גומי מסוכרות,,200.00,,false,,10.00,0.0500,true,1,193479
7290113198593,false,סוכריות גומי מסוכרות בטעם בננה 200 ג' שקדיה,טופ גלוב,IL,סוכריות גומי מסוכרות,,200.00,,false,,10.00,0.0500,true,1,193476
7290113198609,false,סוכריות גומי נחשים בטעמי פירות 200 ג' שקדיה,טופ גלוב,IL,סוכריות גומי נחשים ב,,200.00,100 גרם,false,,10.00,0.0500,true,1,193475
7290113199323,false,טורטיה מיני 150ג' שקדיה,,TR,טורטיה מיני 150 גרם,,150.00,100 גרם,false,,5.50,0.0367,true,1,194510
7290113199699,false,מוזלי שיבולת שועל עם בוטנים אגוזי לוז ושקדים 500ג' שקדיה,,,מוזלי שיבולת שועל ע,,500.00,100 גרם,false,,10.90,0.0218,true,1,194068
7290113199903,false,סוכריות חמצוצים בטעם תות בננה 180 ג' שקדיה,,,סוכריות חמצוצים בטעם,,200.00,,false,,10.00,0.0500,true,1,193481
7290113199927,false,סוכריות חמצוצים בטעם פירות 180 ג' שקדיה,דין שיווק,IL,סוכריות חמצוצים בטעמ,,200.00,100 גרם,false,,10.00,0.0500,true,1,193484
7290114310215,false,"**טרה שמנת מתוקה 38% 250 מ""ל בקבוק.",מילקו תעשיות בעמ,IL,שמנת מתוקה 38% בקבוק,,250.00,100 גרם,false,,6.47,0.0259,true,1,186275
7290114310222,false,חלב 1.5 ליטר 3% מועשר בסידן וויטמין D.,מילקו תעשיות בעמ,IL,חלב טרה 1.5ל 3ֵ% מעו,,1500.00,100 גרם,false,,12.90,0.0086,true,1,194994
7290114310239,false,חלב טרה נטול לקטוז מועשר בוויטמין D 2% 1.5 ל',מילקו תעשיות בעמ,IL,חלב נטול לקטוז 1.5 ל,,1500.00,100 גרם,false,,12.90,0.0086,true,1,194993
7290114310338,false,צפתית מעודנת 5% 225 גר' משק צוריאל,מחלבת משק צוריאל,IL,צפתית מעודנת 225גר,,225.00,100 גרם,false,,19.90,0.0884,true,1,189582
7290114310383,false,מולר קציפת יוגורט בטעם וניל צרפתי 97 גרם,מולר Muller,IL,מולר פרופ קציפת יוג,,97.00,100 גרם,false,,5.20,0.0536,true,1,195107
7290114310390,false,"מולר פרופ קציפת יוגורט בננה לוטי 5% 150 מ""ל",מולר Muller,IL,מולר פרופ קציפת יוג,,97.00,100 גרם,false,,5.20,0.0536,true,1,195109
7290114310406,false,"מולר פרופ קציפת יוגורט תות 5% 150 מ""ל",מולר Muller,IL,מולר פרופ קציפת יוג,,97.00,100 גרם,false,,5.20,0.0536,true,1,195108
7290114310611,false,"משקה חלב בננה בבקבוק פקק ספורט טרה 250 מ""ל",Unknown,IL,"משקה חלב בננה 250 מ""",,250.00,100 גרם,false,,5.70,0.0228,true,1,190605
7290114310673,false,גבינת לאבנה 9% 250 גרם,טרה,IL,לאבנה 9% 250גרם,,250.00,,false,,13.90,0.0556,true,1,192529
7290114311076,false,"חמאת מולר צהובה עם שום, 200 גרם",מולר Muller,IL,מולר חמאה צהובה עם ש,,200.00,100 גרם,false,,12.90,0.0645,true,1,193828
7290114311298,false,יוגורט קציפת תות בננה מלון 150 ג' מולר,מולר Muller,IL,מולר פרופ קציפת תות,,150.00,100 גרם,false,,5.50,0.0367,true,1,194270
7290114311304,false,יוגורט קציפת מנגו פסיפלורה בננה 150 ג' מולר,מולר Muller,IL,מולר פרופ קציפת מנגו,,150.00,100 גרם,false,,5.50,0.0367,true,1,194271
7290114311328,false,חלב נטול לקטוז 2% שומן מועשר בויטמין D,ג'י.אר.אמ.גרופו אלימ,IL,חלב נטול לקטוז מועשר,,1000.00,,false,,8.40,0.0084,true,1,194621
7290114311434,false,"מולר אקטיב בטעם קרמל מלוח 0% שומן, 200 גרם",מולר Muller,IL,מולר אקטיב בטעם קרמל,,200.00,,false,,6.40,0.0320,true,1,195105
7290114311441,false,"מולר אקטיב בטעם עוגיות חמאה 0% שומן, 200 גרם",מולר Muller,IL,מולר אקטיב בטעם עוגי,,200.00,,false,,6.40,0.0320,true,1,195106
7290114311502,false,"משקה חלב בקבוק בטעם סחלב, 1 ליטר",מילקו תעשיות בעמ,IL,משקה חלב בטעם סחלב 1,,1000.00,,false,,12.90,0.0129,true,1,195104
7290114604895,false,ממרח ספייסי לחיץ 446 גר' מאסטר שף,מאסטר שף,NL,ממרח ספייסי לחיץ מאס,,446.00,,false,,15.90,0.0357,true,1,195818
7290114604901,false,ממרח שום לחיץ מאסטר שף444 ג',מאסטר שף,NL,ממרח שום לחיץ מאסטר,,444.00,100 גרם,false,,15.90,0.0358,true,1,195819
7290114606530,false,רוטב בטעם מיונז וקטשופ מאסטר שף 515 ג',מאסטר שף,NL,רוטב בטעם מיונז וקטש,,515.00,100 גרם,false,,15.90,0.0309,true,1,195822
7290114651806,false,בקבוק טריטן עם צמידי,,,בקבוק טריטן עם צמידי,,700.00,100 גרם,false,,19.90,0.0284,true,1,194771
7290114655934,false,בקבוק טריטן עם צמידי,,,בקבוק טריטן עם צמידי,,700.00,,false,,19.90,0.0284,true,1,194773
7290115071689,false,בקבוק טריטן עם צמידי,,,בקבוק טריטן עם צמידי,,700.00,,false,,19.90,0.0284,true,1,194774
7290115073713,false,שלישיית ביצי שוקולד(חלב נוכרי)-טום וג'רי,Unknown,,שלישיית ביצי שוקולד-,יחידה,0.00,יחידה,false,,12.90,0.0000,true,1,193988
7290115073720,false,שלישיית ביצי שוקולד(חלב נוכרי)-לוני טונס,,,שלישיית ביצי שוקולד-,יחידה,0.00,יחידה,false,,12.90,0.0000,true,1,193989
7290115079357,false,שלישיית ביצי שוקולד,,,שלישיית ביצי שוקולד,,60.00,100 גרם,false,,9.90,0.1650,true,1,192232
7290115200003,false,פתי בר פינוקי וניל 220 גר' אסם,תאי פרזידנט פוד פאבל,PL,פתי בר פינוקי וניל 2,,220.00,100 גרם,false,,12.70,0.0577,true,1,186969
7290115200027,false,פתי בר פינוקי שוקו 220 גר' אסם.,קריות זול,PL,פתי בר פינוקי שוקו 2,,220.00,,false,,12.70,0.0577,true,1,186970
7290115200188,false,אוסם - מרק נמס עגבניות פיקנטי 25 גרם * 2,Unknown,IL,זוג מרק נמס עוף עגבנ,,50.00,,false,,6.50,0.1300,true,1,188984
7290115200713,false,מארז במבה קלאסי 5*50 ג' אסם,אסם,IL,במבה קלאסי מארז אחיד,,250.00,100 גרם,false,,13.90,0.0556,true,1,186967
7290115201031,false,אסם פתיבר דובי שוקולד 175 גר',טרופיקל דגיל תעשיות,PL,פתי בר דובי שוקולד 1,,175.00,,false,,12.70,0.0726,true,1,190321
7290115201475,false,טבעול גורמה לביבות כרישה 434 גר',טבעול (מקבוצת אסם הש,IL,טבעול גורמה לביבות כ,,434.00,,false,,38.90,0.0896,true,1,194080
7290115201680,false,ביסלי ברביקיו אסם 70,"אסם השקעות בע""מ",IL,ביסלי ברביקיו אסם 70,,70.00,100 גרם,false,,4.90,0.0700,true,1,188618
7290115201703,false,ביסלי בטעם ברביקיו 200 ג' אסם,מיוצר עי קונדיטוריית,IL,ביסלי ברביקיו אסם 20,,200.00,,false,,8.90,0.0445,true,1,188614
7290115201727,false,ביסלי בטעם בצל 200 ג' אסם,מיוצר עי קונדיטוריית,IL,ביסלי בטעם בצל אסם 2,,200.00,100 גרם,false,,8.90,0.0445,true,1,188612
7290115201741,false,ביסלי בטעם בצל אסם 7,"אסם השקעות בע""מ",IL,ביסלי בטעם בצל אסם 7,,70.00,100 גרם,false,,4.90,0.0700,true,1,188615
7290115202250,false,טבעול טופו קראנצים צ'ילי פיקנטי 470 גר',קריות זול,IL,טבעול טופו קראנצ'ים,,470.00,100 גרם,false,,34.90,0.0743,true,1,191304
7290115203134,false,פופקו פופקורן במבה - פופקורן בציפוי קרמל ובוטנים,"אסם השקעות בע""מ",IL,פופקו פופקורן במבה א,,80.00,100 גרם,false,,5.50,0.0688,true,1,190662
7290115203172,false,במבה PRO מכיל 18 גרם חלבון בשקית,"אסם השקעות בע""מ",IL,במבה פרו 80 גרם,,80.00,100 גרם,false,,4.90,0.0613,true,1,194586
7290115203486,false,פירורית בטעם ביסלי גריל אסם 200 גר',קיבוץ עינת,IL,פירורית אסם בטעם ביס,,200.00,100 גרם,false,,6.50,0.0325,true,1,193733
7290115204018,false,מנה חמה איטלקי פסטה בסגנון אלפרדו 60 ג' אסם,נסטלה,IL,מנה חמה איטלקי פסטה,,60.00,,false,,6.90,0.1150,true,1,195239
7290115204056,false,אסם קטשופ מופחת סוכר 690 גר',קריות זול,IL,אסם קטשופ מופחת סוכר,,690.00,,false,,10.90,0.0158,true,1,191373
7290115204131,false,צבר סחוג ירוק 6*190גרם חדש,צבר,,סחוג ירוק צבר 190גר,,190.00,100 גרם,false,,12.90,0.0679,true,1,193902
7290115204186,false,פסטו המעדינה של צבר,צבר,,צבר ממרח פסטו 190 גר,,190.00,100 גרם,false,,15.90,0.0837,true,1,192919
7290115205022,false,אוסם - שקדי מרק מקלונים 350 גרם,אסם,IL,שקדי מרק מקלונים אסם,,350.00,100 גרם,false,,13.90,0.0397,true,1,192780
7290115205176,false,פיטנס - קרקר דק כפרי פיטנס 140 גרם,נסטלה Nestle,IL,פיטנס קרקר דק כפרי 1,,140.00,100 גרם,false,,12.90,0.0921,true,1,191993
7290115205251,false,פיטנס בר פריכיות קרמל מלוח 84 גרם,כרמית,IL,פיטנס בר פריכיות קרמ,,84.00,,false,,14.90,0.1774,true,1,194925
7290115205312,false,קרקר פיטנס דק עם זיתי קלמטה ועשבי תיבול,"אסם השקעות בע""מ",IL,פיטנס קרקר דק זיתים,,140.00,,false,,12.90,0.0921,true,1,193738
7290115205978,false,פתיבר ואצבעות שוקולד 180 גרם - רבנות,"ד""ר ג'רארד בע""מ",PL,פתי בר אצבעות שוקולד,,180.00,100 גרם,false,,12.70,0.0706,true,1,193283
7290115207507,false,צבר סלט טורקי 6*360גרם,ג'נרל מילס סאן אדריא,IL,צבר סלט טורקי 360גר,,360.00,100 גרם,false,,16.90,0.0469,true,1,193900
7290115207620,false,"רוטב בסגנון סויה קלאסי 290 מ""ל אסם",,,רוטב בסגנון סויה קלא,,290.00,100 גרם,false,,15.90,0.0548,true,1,193743
7290115207682,false,"רוטב בסגנון סויה סיני 290 מ""ל",Unknown,,רוטב בסגנון סויה סינ,,290.00,,false,,12.90,0.0445,true,1,193741
7290115207941,false,סירופ אננס 1 ל' ויטמינצ'יק,בית-השיטה עסיס תעשיו,IL,ויטמינציק אננס 1 ליט,,1000.00,,false,,21.90,0.0219,true,1,192958
7290115207989,false,סירופ לימון 1 ל' ויטמינצ'יק,בית-השיטה עסיס תעשיו,IL,ויטמינצ'יק לימון 1 ל,,1000.00,100 גרם,false,,21.90,0.0219,true,1,192960
7290115208009,false,סירופ ענבים 1ל' ויטמינצ'יק,בית-השיטה עסיס תעשיו,IL,ויטמינציק ענבים 1 ל,,1000.00,100 גרם,false,,21.90,0.0219,true,1,192956
7290115208047,false,סירופ פטל 1 ל' ויטמינצ'יק,בית-השיטה עסיס תעשיו,IL,ויטמינציק פטל 1 ליטר,,1000.00,100 גרם,false,,21.90,0.0219,true,1,192957
7290115208061,false,סירופ תפוח 1ל' ויטמינצ'יק,בית השיטה עסיס תעשיו,IL,ויטמינציק תפוח 1 ליט,,1000.00,100 גרם,false,,21.90,0.0219,true,1,192961
7290115208320,false,אפרופו חטיף בטעם ביסלי בצל 50 גרם,"אסם השקעות בע""מ",IL,אפרופו בטעם ביסלי בצ,,50.00,100 גרם,false,,5.30,0.1060,true,1,195245
7290115208801,false,לחמית דבש ואגוזים 190ג אסם,Unknown,IL,לחמית דבש ואגוזים 19,,190.00,,false,,11.50,0.0605,true,1,194589
7290115208849,false,"מנה חמה פסטה מוקרמת ט.עוף בד""צ 55גר",קריות זול,IL,מנה חמה אסם פירה עם,,51.00,,false,,6.90,0.1353,true,1,195240
7290115209198,false,במבה אורירית 80 ג' אסם,אסם השקעות בעמ,IL,במבה אורירית אסם 80,,80.00,100 גרם,false,,4.90,0.0613,true,1,194083
7290115209235,false,אסם פתי בר קפה 500 גרם,קריות זול,IL,פתי בר קפה 500 גרם א,,500.00,100 גרם,false,,14.90,0.0298,true,1,194927
7290115209372,false,במבה במילוי בראוניז 150ג' אסם,"אסם השקעות בע""מ",IL,במבה במילוי בראוניז,,150.00,,false,,10.70,0.0713,true,1,195243
7290115405118,false,קפולסקי קינוח אישי תענוג תות 200 גר',קפולסקי אדל בעמ,IL,קינוח אישי תענוג תות,,200.00,100 גרם,false,,14.90,0.0745,true,1,188484
7290115405774,false,פחזניות ממולאות בטעם וניל 180 גרם,תופינים מקבוצת קפולס,IL,פחזניות ממולאות בטעם,,180.00,100 גרם,false,,14.90,0.0828,true,1,194462
7290115405828,false,קינוח אישי גבינה אוכמניות 200 גרם,קפולסקי אדל בעמ,IL,קינוח אישי גבינה אוכ,,200.00,100 גרם,false,,14.90,0.0745,true,1,194001
7290115480009,false,"מרכך כביסה מרוכז פרש קונטרול ירוק 900 מ""ל סוד",הנקל סוד,IL,סוד מרכך מרוכז פרש ק,,900.00,100 גרם,false,,13.90,0.0154,true,1,192338
7290115480016,false,קפסולות ג'ל כביסה 26 יח' סוד,סוד,,סוד קפסולות ג'ל 3+1,יחידה,0.00,יחידה,false,,29.90,0.0000,true,1,194436
7290115671421,false,פולי אספרסו עשירים וארומטיים עוצמה 10 250 ג' עלית,שטראוס קפה בי.וי,IL,פולי קפה אספרסו עשיר,,250.00,100 גרם,false,,21.90,0.0876,true,1,193772
7290115675696,false,דגני בוקר קראנצ'ים שיבולת שועל עם אגוזים ושקדים,גלידות שטראוס,IL,דגני בוקר קוואקר קרו,,375.00,,false,,24.70,0.0659,true,1,191709
7290115675702,false,דגני בוקר קראנצ'ים שיבולת שועל עם פירות מיובשים,גלידות שטראוס,IL,דגני בוקר קוואקר קרו,,375.00,,false,,24.70,0.0659,true,1,191710
7290115675986,false,יוגורט עם אגוזי לוז ושקדים בקרמל מלוח 4.5%,"שטראוס בריאות בע""מ",IL,דנונה בר עם אגוזים מ,,173.00,100 גרם,false,,5.10,0.0295,true,1,189634
7290115676051,false,"אקטיביה משקה+שיבולת שועל במתיקות מעודנת 250 מ""ל",מיוצר עי קונדיטוריית,IL,אקטיביה משקה שיבולת,,265.00,,false,,5.70,0.0215,true,1,192237
7290115676273,false,קקאו 500גר' +10% תוספת,שטראוס גרופ,IL,קקאו עלית 500 גרם+10,,550.00,100 גרם,false,,25.90,0.0471,true,1,190542
7290115677089,false,קונפיטורה תפוח וקינמון יד מרדכי 340 ג',"ב.א מזון בע""מ",IL,קונפיטורת תפוח וקינמ,,340.00,,false,,15.50,0.0456,true,1,191352
7290115677409,false,אורז קארי צהוב עם ירקות ברוטב קארי וקרם קוקוס,אוכל ביתי ניר עציון,IL,אורז קארי צהוב דלישס,,350.00,100 גרם,false,,27.90,0.0797,true,1,195408
7290115678222,false,מארז 8 גביעים יוגורט Greek בסגנון יווני 6.5% שומן,דנונה - שטראוס,IL,יוגורט יווני 6.5% שו,,1040.00,,false,,26.50,0.0255,true,1,190710
7290115678376,false,מעדן הגולן שוקולד 125 גרם,מיוצר עי קונדיטוריית,IL,מעדן הגולן שוקולד 12,,125.00,,false,,3.20,0.0256,true,1,191339
7290115678383,false,מעדן הגולן שוקולד מריר 125 גר,מיוצר עי קונדיטוריית,IL,מעדן הגולן שוקולד מר,,125.00,,false,,3.20,0.0256,true,1,191340
7290115678598,false,חסה אייסברג חיתוך גס,קריות זול,,חסה אייסברג חיתוך גס,,300.00,100 גרם,false,,10.90,0.0363,true,1,192245
7290115679878,false,פיצה מבצק עם סלק שטר,גסטרונומיה פרוסט אס.,IT,פיצה סלק 320 גרם דלי,,320.00,100 גרם,false,,27.90,0.0872,true,1,195410
7290115679885,false,פיצה מבצק עם כרובית עם רוטב עגבניות ומוצרלה,גסטרונומיה פרוסט אס.,IT,פיצה כרובית 320 גרם,,320.00,100 גרם,false,,27.90,0.0872,true,1,195411
7290116530161,false,"תחליב רחצה שייק אננס , מלון וחלב פינוק 700 מ""ל",יוניליוור ישראל טיפו,IL,פינוק תחליב רחצה שיי,,700.00,,false,,12.90,0.0184,true,1,190190
7290116530871,false,מיקס נשנושים 240 ג' בייגל בייגל,בייגל בייגל BB,IL,נשנושים מיקס 240 גרם,,240.00,100 גרם,false,,13.90,0.0579,true,1,194378
7290116531557,false,מאגדת פתית פריכיות תירס דקות 150 ג',פתית,,פתית פריכיות תירס דק,,25.00,,false,,11.90,0.4760,true,1,193187
7290116531663,false,"תחליב רחצה בניחוח תפוח 700 מ""ל פינוק",יוניליוור ישראל טיפו,IL,פינוק תחליב רחצה תפו,,700.00,100 גרם,false,,12.90,0.0184,true,1,191621
7290116531861,false,"תחליב רחצה שייק תפוז בננה ואפרסק 700 מ""ל פינוק",יוניליוור ישראל טיפו,IL,פינוק תחליב רחצה שיי,,700.00,,false,,12.90,0.0184,true,1,193277
7290116531977,false,"דאו ספריי סקייט וורדים 150 מ""ל אקס",יוניליוור,GB,אקס ספריי גוף סקייט,,150.00,,false,,14.90,0.0993,true,1,194524
7290116532219,false,קורנפלקס תות 448 גרם תלמה רבנות,אתר שפע,,קורנפלקס בטעם תות תל,,448.00,,false,,17.90,0.0400,true,1,193616
7290116532462,false,גלידת שמנת קליק בטעמי שוקולד בננה 384 ג' שטראוס,"גלידת שטראוס בע""מ, ר",IL,גלידה פיינט קליק שוק,,520.00,,false,,18.90,0.0363,true,1,193815
7290116532585,false,דגני בוקר ברנפלקס קרנצ'ים בטעם דבש וקינמון,יוניליוור שפע ישראל,IL,ברנפלקס קראנצ'ים דבש,,375.00,100 גרם,false,,22.90,0.0611,true,1,193817
7290116532721,false,רוטב הלמנס ישראלי לסלט לימון וזעתר 305 ג,יוניליוור,IL,הלמנס לסלט רוטב לימו,,295.00,,false,,14.90,0.0505,true,1,194904
7290116532882,false,נשנושים איירביס בצל 155 גר',קריות זול,,נשנושים איירביס טעם,,260.00,,false,,13.90,0.0535,true,1,194900
7290116532899,false,נשנושים איירביס פלאפל 155 גר',קריות זול,,נשנושים איירביס טעם,,260.00,,false,,13.90,0.0535,true,1,194901
7290116532905,false,נשנושים איירביס ברביקיו 155 גר',קריות זול,,נשנושים איירביס טעם,,260.00,,false,,13.90,0.0535,true,1,194902
7290116533063,false,שוגי בטעם קרטיב ענבים 400 גרם,יוניליוור,IL,שוגי קרטיב ענבים 400,,400.00,,false,,19.90,0.0497,true,1,194010
7290116911816,false,בקבוק 500 מל פלסטיק עם צמידים - LOL עיצוב חדש,,,בקבוק פלסטיק עם צמיד,,500.00,,false,,19.90,0.0398,true,1,194128
7290116914459,false,מארז סוכריות על מקל,,,מארז סוכריות על מקל,,600.00,100 גרם,false,,19.90,0.0332,true,1,194783
7290116915814,false,בקבוק טריטן עם צמידי,,,בקבוק טריטן עם צמידי,,700.00,,false,,19.90,0.0284,true,1,194769
7290116930282,false,ארוחה בקטנה לאבנה עם קרקרים 150ג' תנובה,תנובה,IL,ארוחה בקטנה לאבנה עם,,150.00,100 גרם,false,,7.90,0.0527,true,1,194876
7290116930435,false,יוגורט יופלה GO במרקם סמיך עם דובדבן 0%,תנובה מרכז שיתופי לש,IL,יוגורט גו סמיך 0% דו,,200.00,,false,,6.20,0.0310,true,1,193912
7290116930466,false,"משקה SHAKE בננה מנגן פסיפלורה והל 230 מ""ל יופלה",יופלה Yoplait,IL,יופלה שייק מנגו בננ,,230.00,100 גרם,false,,8.50,0.0370,true,1,194015
7290116930480,false,"משקה SHAKE בננה קיווי תפוח 230 מ""ל יופלה",יופלה Yoplait,IL,יופלה שייק בננה קיו,,230.00,,false,,8.50,0.0370,true,1,194016
7290116930718,false,מעדן תנובה דיאט בטעם שוקולד וקרמל מלוח 0% 150ג' תנובה,"תנובה בע""מ",IL,מעדן תנובה דיאט שוקו,,150.00,100 גרם,false,,4.30,0.0287,true,1,194411
7290116931012,false,יופלה דיאט 0% שומן תפוח וקינמון 150 גרם,תנובה מרכז שיתופי לש,IL,יופלה דיאט 0% 150ג ת,,150.00,100 גרם,false,,5.20,0.0347,true,1,196041
7290116931289,false,יוגורט GO סמיך אלפחורס 200 גרם,תנובה מרכז שיתופי לש,IL,יוגורט גו סמיך אלפחו,,200.00,100 גרם,false,,6.20,0.0310,true,1,196050
7290117260074,false,שעועית ירוקה חתוכה מוקפאת 800 ג' וילי פוד,,,שעועית ירוקה חתוכה מ,,800.00,,false,,9.90,0.0124,true,1,194958
7290117260593,false,חטיף קראנצ'י על בסיס קמח עדשים בטעם צ'דר 80 ג',וילי פוד,,חטיף קראנצ'י על בסיס,,80.00,100 גרם,false,,7.90,0.0988,true,1,194814
7290117261118,false,זוג קינוחים בטעם שוקולד בציפוי שוקולד חלב 140ג',Euro יורו מחלבות אירופה,,זוג קינוחים בטעם שוק,,140.00,,false,,11.90,0.0850,true,1,194468
7290117261422,false,יוגורט פרוביוטי עם תות שדה 2% 125גרם,Euro יורו מחלבות אירופה,TR,יוגורט פרוביוטי עם ת,,125.00,100 גרם,false,,3.50,0.0280,true,1,195510
7290117261439,false,יוגורט פרוביוטי עם פירות יער 2%שומן 125ג',Euro יורו מחלבות אירופה,TR,יוגורט פרוביוטי עם פ,,125.00,100 גרם,false,,3.50,0.0280,true,1,195511
7290117261446,false,יוגורט פרוביוטי עם אפרסק ומשמש 2% 125גרם,Euro יורו מחלבות אירופה,TR,יוגורט פרוביוטי עם א,,125.00,100 גרם,false,,3.50,0.0280,true,1,195512
7290117261576,false,סרדינים בריסלינג מעושנים ברוטב עגבניות 129 גרם,קריות זול,,סרדינים בריסלינג מעו,,185.00,,false,,13.90,0.0751,true,1,195269
7290117261590,false,סרדינים בריסלינג מעושנים בשמן זית 129 גרם,קריות זול,,סרדינים בריסלינג מעו,,185.00,,false,,13.90,0.0751,true,1,195270
7290117262221,false,"משקה יוגורט פרוביוטי עם אננס 200מ""ל 2.3%שומן יורו",Euro יורו מחלבות אירופה,TR,משקה יוגורט פרוביוטי,,200.00,,false,,5.90,0.0295,true,1,194797
7290117262238,false,"משקה יוגורט פרוביוטי עם תות שדה 200מ""ל 2.3%שומן יורו",Euro יורו מחלבות אירופה,TR,משקה יוגורט פרוביוטי,,200.00,,false,,5.90,0.0295,true,1,194798
7290117262931,false,"קינוח בטעם מנגו, 85 גרם",,,קינוח בטעם מנגו יורו,,85.00,,false,,12.90,0.1518,true,1,195864
7290117262955,false,קינוח בטעם שוקולד בל,,,קינוח בטעם שוקולד בל,,85.00,100 גרם,false,,12.90,0.1518,true,1,195866
7290117382318,false,סלים דליס - חטיף חלבון מצופה שוקולד מריר 60 גרם,"י. מרבה ישראל בע""מ",IT,סלים דליס פרו 33 חטי,,60.00,100 גרם,false,,12.90,0.2150,true,1,195071
7290117383179,false,מארז משחות שיניים 3 טריפל אקשן 3 מברשות שיניים אקסטרה קלין,,,קולגייט מארז 3 טריפל,,150.00,,false,,19.90,0.1327,true,1,195714
7290117860038,false,"הוואי - תחליב רחצה יוגורט בניחוח אוכמניות 700 מ""ל",הוואי,,הוואי תחליב רחצה יוג,,700.00,100 גרם,false,,14.90,0.0213,true,1,195539
7290117860045,false,שמפו תמציות אלוורה ותה ירוק לשיער רגיל,"טרופיקל גליל בע""מ",IL,הוואי שמפו מטפח לשיע,,700.00,,false,,14.90,0.0213,true,1,195519
7290117860083,false,"קרם רחצה בניחוח אירוס זהוב ודבש 700 מ""ל הוואי",הוואי,,הוואי קרם בניחוח איר,,700.00,100 גרם,false,,14.90,0.0213,true,1,195542
7290117860144,false,שמפו למניעת קשקשים לשימוש יומיומי,"טרופיקל גליל בע""מ",IL,הוואי שמפו למניעת קש,,700.00,,false,,14.90,0.0213,true,1,195520
7290117860182,false,"הוואי - תחליב רחצה בניחוח מגנוליה ושמן שקדים 700 מ""ל",הוואי,,הוואי תחליב רחצה בני,,700.00,100 גרם,false,,14.90,0.0213,true,1,195536
7290117860236,false,"הוואי - קרם רחצה בניחוח ויולה ורודה 700 מ""ל",הוואי,,הוואי קרם רחצה בניחו,,700.00,,false,,14.90,0.0213,true,1,195538
7290117860380,false,"תחליב רחצה יוגורט בניחוח אלוורה 700 מ""ל הוואי",הוואי,,הוואי תחליב רחצה יוג,,700.00,,false,,14.90,0.0213,true,1,195543
7290117860397,false,שמפו תמצית פריחת הדובדבן לשיער רגיל,קריות זול,,הוואי שמפו לשיער פרי,,700.00,100 גרם,false,,14.90,0.0213,true,1,195516
7290117860441,false,"מרכך פריחת הדובדבן 700 מ""ל הוואי",קריות זול,,הוואי מרכך לשיער פרי,,700.00,,false,,14.90,0.0213,true,1,195528
7290117860540,false,"הוואי - שמפו עדין לילדים 700 מ""ל",קריות זול,,הוואי שמפו ילדים 700,,700.00,,false,,14.90,0.0213,true,1,195522
7290117860649,false,"שמפו קרטין, שמן קיק ומי ורדים",טרופיקל דגיל,IL,הוואי שמפו ללא סולפט,,700.00,100 גרם,false,,14.90,0.0213,true,1,195523
7290117860847,false,"הוואי רעננות מושלמת לגבר לשיער, גוף, פנים וזקן",קריות זול,,הוואי שמפו 4 ב-1 לגב,,700.00,100 גרם,false,,14.90,0.0213,true,1,195525
7290117860991,false,"תחליב רחצה יוגורט בניחוח שקדים 700 מ""ל הוואי",,,הוואי תחליב רחצה יוג,,700.00,100 גרם,false,,14.90,0.0213,true,1,195540
7290117901243,false,ממרח פלפלים אדומים קלויים בתוספת ארטישוק 290 ג' גורמה,,,ממרח פלפלים אדומים ק,,290.00,100 גרם,false,,14.90,0.0514,true,1,195052
7290118420378,false,פתיבר פינוקים בטעם תותים בשמנת - חלבי,קריות זול,IL,פתי בר פינוקים תותים,,220.00,100 גרם,false,,12.70,0.0577,true,1,195247
7290118420477,false,בייגלה שטוחים בטעם ביסלי בצל 300ג' אסם,אסם,IL,בייגלה שטוחים בטעם ב,,300.00,,false,,11.90,0.0397,true,1,195246
7290118420514,false,אינסטנט פודינג נוגט 75ג' אסם,"אסם השקעות בע""מ",IL,אסם אינסטנט פודינג נ,,75.00,,false,,5.90,0.0787,true,1,195241
7296058000526,false,פרח פרכיות כוסמת 130 גרם,פרח תעשיות,IL,פריכיות כוסמת 130גר,,130.00,100 גרם,false,,7.90,0.0608,true,1,163556
7296058110010,false,"פריכיות אורז פרח כשל""פ 110 גר'",,,פריכיות אורז מלא 110,,110.00,,false,,4.90,0.0445,true,1,189698
7296082000103,false,ביצים סופר טריות מדי,,,ביצים סופר טריות מדי,,30.00,,false,,27.87,0.9290,true,1,122498
7296082000134,false,ביצים רגילות לארג' 1,המכון למיון ושיווק ב,IL,ביצים רגילות לארג' 1,,12.00,,false,,12.05,1.0042,true,1,106554
7296082000141,false,ביצים רגילות מדיום 1,המכון למיון ושיווק ב,IL,ביצים רגילות מדיום 1,יחידה,0.00,יחידה,false,,11.15,0.0000,true,1,106555
7296082000189,false,ביצים פלוס 30יח L,,,ביצים פלוס 30יח L,,30.00,100 גרם,false,,39.90,1.3300,true,1,138248
7296107000002,false,מלפפון 9-7 במלח 600 ג' פרי חן,,,מלפפון במלח 7-9 20%,,670.00,100 גרם,false,,6.90,0.0103,true,1,179142
7296107000033,false,מלפפון חמוץ 7-9 בחומ,,,מלפפון חמוץ 7-9 בחומ,,670.00,100 גרם,false,,6.90,0.0103,true,1,178382
7296107000439,false,זיתים חרוזית ירוק 56,,,זיתים חרוזית ירוק 56,,560.00,,false,,9.90,0.0177,true,1,179148
7296107000958,false,קוקטייל זיתים פרי חן,,,קוקטייל זיתים פרי חן,,560.00,,false,,9.90,0.0177,true,1,179163
7310790088830,false,תחבושות ליברס אולטרה,,,תחבושות ליברס אולטרה,יחידה,0.00,יחידה,false,,9.90,0.0000,true,1,194030
7312040017683,false,וודקה אבסולוט בקבוק,חברת אבסולוט,SE,וודקה אבסולוט 700מל,,700.00,,false,,69.90,0.0999,true,1,129969
7394376616778,false,אוטלי משקה שיבולת שועל להקצפה בריסטה 1 ליטר,אוטלי OATLY,SE,משקה שיבולת שועל להק,,1000.00,100 גרם,false,,15.90,0.0159,true,1,187096
7501013122190,false,ג'ומקס מיץ תפוחים קרטונית ליטר תריסר,חומקס קומר קומרסאליז,MX,נקטר ג'ומקס תפוחים ק,,1000.00,,false,,9.90,0.0099,true,1,179773
7501064191398,false,שישיית בירה קורונה אקסטרא *355 מל,קריניציה ויטמינה אס,MX,בירה קורונה בקבוק שי,,2130.00,100 גרם,false,,35.90,0.0169,true,1,171356
7509546663265,false,קולגייט זירו משחת שיניים מנטה עדינה 98 מ,CP UK,MX,קולגייט זירו משחת שי,,98.00,,false,,12.90,0.1316,true,1,189523
7610008059073,false,טבלת שוקולד רגוסה קלאסי 100 ג',,,שוקולד רגוסה קלאסי 1,,100.00,100 גרם,false,,15.90,0.1590,true,1,188790
7610008059097,false,טבלת שוקולד בלונד רגוסה 100 ג',,,שוקולד רגוסה בלונד 1,,100.00,100 גרם,false,,15.90,0.1590,true,1,188792
7610008059103,false,טבלת שוקולד חלב טורינו 100 ג',,,טורינו שוקולד חלב 1,,100.00,,false,,15.90,0.1590,true,1,188793
7610243004463,false,"דורגול - מרסס להסרת אבנית במקלחון 600 מ""ל",יעקבי- דורגול Durgol,CH,דורגול מסיר אבן מרסס,,500.00,,false,,19.90,0.0398,true,1,103393
7610400068505,false,בונבוניירת לינדור Lindor שוקולד חלב,לינדט ושפרונגלי,CH,לינדור בונבוניירה חל,,200.00,100 גרם,false,,25.90,0.1295,true,1,107405
7610400068529,false,בונבוניירת לינדור Lindor מעורבב,לינדט ושפרונגלי,CH,לינדור בונבוניירה אס,,200.00,,false,,25.90,0.1295,true,1,107406
7613030979647,false,דגני בוקר טריקס פירות עולם היורה 480 ג',ג'נרל מילס סאן אדריא,IL,טריקס 480 גרם,,480.00,,false,,26.90,0.0560,true,1,168316
7613033548192,false,פיטנס - דגני בוקר שוקולד מריר 375 גרם,נסטלה צרפת איטנקורט,FR,פיטנס דגני בוקר שוקו,,375.00,,false,,23.90,0.0637,true,1,122348
7613035548374,false,דגני בוקר גולדן מיניס מחיטה מלאה ותירס,נסטלה צרפת איטנקורט,FR,דגני גולדן מיניס נסט,,570.00,,false,,26.90,0.0472,true,1,138192
7613035622623,false,פיטנס - גרנולה שקדים ודבש 300 גרם,שוורצקוף& הנקל דיסלד,LT,פיטנס גרנולה שקדים ו,,300.00,,false,,15.90,0.0530,true,1,139337
7613035807778,false,פרפקטו רוטב עגבניות לבולונז 400 ג' אסם,אסם פרפקטו Perfecto,ES,רוטב עגבניות לבולונז,,400.00,,false,,9.90,0.0248,true,1,159892
7613035809109,false,פרפקטו רוטב עגבניות ובזיליקום 400 ג'אסם,אסם פרפקטו Perfecto,ES,רוטב עגבניות ובזיליק,,400.00,,false,,9.90,0.0248,true,1,159893
7613035809857,false,פרפקטו רוטב עגבניות לפסטה ולבישול 400 ג' אסם,אסם פרפקטו Perfecto,ES,רוטב עגבניות לפסטה ו,,40.00,,false,,9.90,0.2475,true,1,159895
7613036314114,false,נסקפה גולד Gold קפה נמס מיובש בתוספת קפה קלוי,נסקפה Nescafe,,נסקפה גולד 200גר,,200.00,100 גרם,false,,47.90,0.2395,true,1,171970
7613036520492,false,פרפקטו רוטב עגבניות לפיצה 400 ג',אסם פרפקטו Perfecto,ES,רוטב עגבניות לפיצה פ,,400.00,100 גרם,false,,9.90,0.0248,true,1,167305
7613036710879,false,מארז מיני חטיפי קיט קט צ'אנקי Kit Kat Chanky,נסטלה Nestle,,קיט קט צ'אנקי מיני 1,,194.00,100 גרם,false,,10.90,0.0562,true,1,169987
7613036976718,false,פריסקיז - פאוץ ברווז ברוטב 85 גרם,יו פי אף,FR,פריסקיז פאוצ' ברווז,,85.00,100 גרם,false,,4.70,0.0553,true,1,188530
7613037012200,false,גרבר - מחית תפוח מנגו גזר פאוץ 90 גרם,כלורוקס אוקלנד,ES,גרבר מחית תפוח מנגו,,90.00,100 גרם,false,,6.10,0.0678,true,1,185151
7613037276091,false,נסטלה מיקס מיני אריזות דגני בוקר 200 ג',נסטלה Nestle,FR,נסטלה מיקס מיני אריז,יחידה,0.00,יחידה,false,,21.90,0.0000,true,1,176206
7613037811629,false,דגני בוקר קורנפלקס גו פרי 500 גר',שוורצקוף& הנקל דיסלד,IL,קורנפלקס גו פרי 500ג,,500.00,100 גרם,false,,15.90,0.0318,true,1,185536
7613038268262,false,דגני בוקר צ'יריוס דבש ושקדים במתיקות מעודנת,נסטלה פולין דגני בוק,FR,דגני האני נאט צ'יריו,,410.00,,false,,20.90,0.0510,true,1,185153
7613038451954,false,דגני בוקר שוקולד מופחת סוכר 410 ג' קראנץ',סי. פי. צרפת,FR,קראנץ שוקולד דגני בו,,410.00,,false,,23.90,0.0583,true,1,185148
7613039547731,false,גרבר - מחית תפוח משמש פאוץ 90 גרם,כלורוקס אוקלנד,IL,גרבר מחית תפוח משמש,,90.00,,false,,6.10,0.0678,true,1,187262
7613039771174,false,טחון צמחוני סנסשיונל מינס,ג'נרל מילס סאן אדריא,IL,טבעול סנסשיונל מינס,,400.00,,false,,38.90,0.0972,true,1,188632
7613287008497,false,סטארבקס - פולי קפה פייק פלייס 450 גרם,Unknown,IL,סטארבקס פולי קפה פיי,,450.00,,false,,49.90,0.1109,true,1,190650
7613287121783,false,חטיף סמרטיס מיני מאר,נסטלה Nestle,,סמארטיס מיני 187גרם,,187.00,,false,,10.90,0.0583,true,1,190675
7613287155924,false,מטרנה מחית תפוח וגזר פאוץ' 90 גר',גרבר Gerber,IL,גרבר מחית תפוח גזר פ,,90.00,100 גרם,false,,6.10,0.0678,true,1,193330
7613287325808,false,אוסם - דיפ אנד ספרד מטבל איולי שום 295 גרם,נסטלה פולין,PL,רוטב איולי שום לחיץ,,295.00,,false,,15.90,0.0539,true,1,191965
7613287325853,false,אוסם - דיפ אנד ספרד מטבל איולי ספייסי 295 גרם,נסטלה פולין,PL,רוטב ספייסי איולי לח,,295.00,100 גרם,false,,15.90,0.0539,true,1,191967
7613287394323,false,אסם מולטי צ'יריוס 14*600 גרם 2021,פרומבראפ - אנגליה,GB,דגני מולטי ציריוס 60,,600.00,,false,,26.90,0.0448,true,1,191401
7613287476494,false,אוסם - דיפ אנד ספרד מיונז בסגנון צרפתי 280 גרם,נסטלה פולין,PL,מיונז לחיץ אסם 280 ג,,280.00,100 גרם,false,,15.90,0.0568,true,1,191969
7622010001858,false,עוגיות אוראו ממולאות קרם וניל 176 ג',פי אר ג'יי אס אי מנד,UA,אוראו עוגיות ממולאות,,176.00,,false,,9.90,0.0563,true,1,138680
7622201137052,false,אוראו מיני קוקיס - עוגיות שוקולד צ'יפס ותחתית מצופה שוקולד חלב,מונדלז אספנה גלטאס פ,ES,מילקה מיני קוקיז 110,,110.00,,false,,9.90,0.0900,true,1,190735
7622201401900,false,עוגיות מילקה סנסיישן אוראו 156 גר',מונדלז פולסקה פרודקש,PL,מילקה עוגיות סנסיישן,,156.00,100 גרם,false,,13.90,0.0891,true,1,188841
7622201802394,false,שוקולד מילקה טבלה חלב 100 ג',מנדלז דויצ'לנד סנקס,DE,שוקולד מילקה חלב 100,,100.00,,false,,7.90,0.0790,true,1,191265
7622201808631,false,מיני עוגיות אוראו במילוי קרם בטעם וניל,פי.טי. מונדלז אינדונ,ID,אוראו מיני כוסות בטע,,67.00,100 גרם,false,,8.90,0.1328,true,1,191269
7622201813390,false,וופל במילוי קרם קקאו בציפוי שוקולד חלב,מונדליז סי.אר. ביסקו,,מילקה וואפל במילוי ק,,150.00,100 גרם,false,,13.90,0.0927,true,1,191274
7622201823733,false,עוגיות ת`ינס דקות 151 ג' מילקה,,,עוגיות מילקה תינס דק,,151.00,,false,,13.90,0.0921,true,1,195783
7622210826053,false,שוקולד מילקה אוראו סנדוויץ 92 גר',גיאורי קאקסז קייאףטי,HU,שוקולד מילקה אוראו ס,,92.00,100 גרם,false,,7.90,0.0859,true,1,188844
7622300107949,false,טובלרון שוקולד חלב ע,,,טובלרון שוקולד חלב ע,,100.00,,false,,8.90,0.0890,true,1,194712
7622300270506,false,מילקה גריינס - עוגיות שיבולת שועל מצופות שוקולד 168 ג',מונדלז פולסקה פרודקש,PL,מילקה גריינס עוגיות,,168.00,100 גרם,false,,13.90,0.0827,true,1,121613
7622300489427,false,עוגיות אוראו בציפוי שוקולד לבן 246 גרם,מנדלז אספנה גאלטס פר,ES,אוראו עוגיות בציפוי,,246.00,100 גרם,false,,14.90,0.0606,true,1,167095
7622300489434,false,"עוגיות אוראו פאדג' בציפוי שוקולד חלב, 246 גרם",מנדלז אספנה גאלטס פר,ES,אוראו עוגיות בציפוי,,246.00,,false,,14.90,0.0606,true,1,167094
7622300495046,false,מילקה אקסטרא קקאו 100 ג',מנדלז דויצ'לנד סנקס,DE,שוקולד מילקה אקסטרה,,100.00,,false,,7.90,0.0790,true,1,128736
7622300503079,false,מילקה מוו - ביסקוויט מצופה שוקולד חלב 200 ג',מונדלז פולסקה פרודקש,PL,מילקה מוו ביסקוויט מ,,200.00,100 גרם,false,,13.90,0.0695,true,1,121615
7622300617820,false,שוקלד מילקה טבלת חלב אוראו 100ג',מנדלז דויצ'לנד סנקס,DE,שוקולד מילקה אוראו 1,,100.00,,false,,7.90,0.0790,true,1,128737
7622400005190,false,שוקולד חלב ושוקולד לבן Happy Cow,מנדלז דויצ'לנד סנקס,DE,שוקולד מילקה 100גר,,100.00,,false,,7.90,0.0790,true,1,135271
7630477891639,false,קפסולות קפה ורונה עוצמה 10 - 10 יח',נסטלה שוויץ - קפה,CH,סטארבקס קפסולות האוס,יחידה,0.00,יחידה,false,,21.90,0.0000,true,1,187249
7630477891653,false,סטארבקס - קפסולות אספרסו נטול 57 גרם * 10,נסטלה שוויץ - קפה,IL,סטארבקס קפסולות אספר,יחידה,0.00,יחידה,false,,21.90,0.0000,true,1,187246
7630477891714,false,סטארבקס - קפסולות אספרסו 57 גרם * 10,נסטלה שוויץ - קפה,CH,סטארבקס קפסולות אספר,יחידה,0.00,יחידה,false,,21.90,0.0000,true,1,187259
7702018469802,false,ג'ילט - ונוס סווירל ידית ו3 סכינים 5 להבים,,,גילט מארז ונוס סוויר,יחידה,0.00,יחידה,false,,39.90,0.0000,true,1,194170
7702018471423,false,פיוזן רביעיות- סטארט גילט,פרןקטר אנד גמבל ברלי,PL,גילט פיוזן סכיני גיל,יחידה,0.00,יחידה,false,,59.90,0.0000,true,1,187227
7702024074625,false,פיטנס - חטיפי קרקר חיטה מלאה 234 גרם,קומסטיבלס לה רוזה אס,CO,פיטנס חטיפי קרקר חיט,,234.00,100 גרם,false,,12.90,0.0551,true,1,168486
7702024258322,false,"חטיפי קרקר עם חיטה מלאה, צ'יה וזרעי פשתן פיטנס",נסטלה Nestle,CO,פיטנס חטיפי קרקר צ'י,,234.00,,false,,12.90,0.0551,true,1,188420
7702174068826,false,סוכריות לקקן במילוי טופי בטעמי יוגורט פירות,יוגטה yogueta,CO,לקקן עם סוכריות טופי,יחידה,0.00,יחידה,false,,11.90,0.0000,true,1,127567
7702174068833,false,סוכריות לקקן במילוי טופי בטעמי גלידת פירות,יוגטה yogueta,CO,לקקן בטעם גלידה יוגט,יחידה,0.00,יחידה,false,,11.90,0.0000,true,1,127215
7702174070201,false,סוכריות לקקן במילוי טופי בטעם מסטיק,יוגטה yogueta,CO,לקקן מג'יק יוגטה 12י,יחידה,0.00,יחידה,false,,11.90,0.0000,true,1,128869
7792860006218,false,סוכריות לקקנים בייבי דול Baby Doll לריטר,גוד פוד פרודקטס S.p,AR,סוכריות לקקנים בייבי,,24.00,,false,,2.50,0.1042,true,1,114092
7804414000860,false,יין דון חוליו קברנה סוביניון,לואיס פליפה אדוארדס,,דון חוליו קברנה סובנ,,750.00,100 גרם,false,,29.90,0.0399,true,1,117159
7804414000884,false,יין שרדונה דון חוליו,לואיס פליפה אדוארדס,,דון חוליו שרדונה 750,,750.00,100 גרם,false,,29.90,0.0399,true,1,117162
7804414001614,false,יין דון חוליו שיראז,לואיס פליפה אדוארדס,,דון חוליו שיראז 750,,750.00,,false,,29.90,0.0399,true,1,117163
7804667480006,false,אוכמניות יחידה,ביכורי שדה דרום,IL,אוכמניות 125 גרם,,125.00,,false,,15.90,0.1272,true,1,189518
7891024030974,false,"קולגייט משחת שיניים טריפל אקשן 75 מ""ל",הנסיך- מפעל לייצור ט,BR,קולגייט טריפל אקשן מ,,75.00,,false,,7.90,0.1053,true,1,137774
7891024130063,false,"קולגייט מי פה פלאקס ללא אלכוהול 500 מ""ל מהדרין",קולגייט Colgate,BR,קולגייט מי פה פלאקס,,500.00,,false,,19.90,0.0398,true,1,116412
8000300359992,false,טבלת שוקולד מריר פרו,,,טבלת שוקולד מריר פרו,,80.00,,false,,4.90,0.0613,true,1,195774
8000380003723,false,גרנד פטיסרי עוגיות וופל אגוזים 100ג',קריניציה ויטמינה אס,IT,גרנד פטיסרי וופל אגו,,100.00,,false,,13.90,0.1390,true,1,107899
8000380004669,false,וופל לואקר סנדוויץ קוביות ושוקולד 200ג',"א. לואקר, קונפקט ג'י",AT,וופל לואקר קוביות סנ,,200.00,100 גרם,false,,13.90,0.0695,true,1,107901
8000380004676,false,קוביות וופל סנדוויץ Sandwich עם וניל וחלב,"א. לואקר, קונפקט ג'י",AT,וופל לואקר קוביות סנ,,200.00,100 גרם,false,,13.90,0.0695,true,1,107902
8000380004881,false,וופל קוארדטיני לואקר קוביות טרמיסו 220ג',קריניציה ויטמינה אס,IT,וופל קואדרטיני טרמיס,,220.00,,false,,14.90,0.0677,true,1,107904
8000380004911,false,קוביות וופל קואדרטיני Quadratini קרם אגוזים,קריניציה ויטמינה אס,AT,וופל קואדרטיני אגוז,,250.00,100 גרם,false,,14.90,0.0596,true,1,107905
8000380004966,false,וופל קוארדטיני לואקר קוביות שוקולד 250ג',קריניציה ויטמינה אס,AT,וופל לואקר קוביות קק,,250.00,100 גרם,false,,14.90,0.0596,true,1,107906
8000380007257,false,וופל גרנדה מצופה שוקולד 200ג',קריניציה ויטמינה אס,IT,וופל גרדנה אגוז 200ג,,200.00,100 גרם,false,,14.90,0.0745,true,1,107909
8000380106028,false,טורטינה לואקר וופל שוקולד ואגוזים שישיה 125ג',קריניציה ויטמינה אס,IT,טורטינה שישיה חלב 12,,125.00,,false,,18.90,0.1512,true,1,107913
8000380144044,false,וופל גרדנה לואקר שוקולד 200ג',"א. לואקר , AG/SpA, ו",IT,וופל גרדנה שוקולד 20,,200.00,100 גרם,false,,14.90,0.0745,true,1,107915
8000380157570,false,וופל קלאסי לואקר 262,,,וופל קלאסי לואקר 262,,262.50,100 גרם,false,,13.90,0.0530,true,1,165603
8000380157587,false,וופל שוקולד לואקר 26,,,וופל שוקולד לואקר 26,,262.50,100 גרם,false,,13.90,0.0530,true,1,165604
8000380205400,false,קוביות וופל קואדרטיני בטעם חמאת בוטנים,לואקר Loacker,AT,וופל קואדרטיני חמאת,,250.00,,false,,14.90,0.0596,true,1,193689
8000380206896,false,וופל גרדנה בטעם חמאת בוטנים מצופה,לואקר Loacker,,וופל גרדנה חמאת בוטנ,,200.00,,false,,14.90,0.0745,true,1,193690
8000500023624,false,חטיפי הפי היפו Happy Hippo במילוי קרם חלב וקקאו,קינדר Kinder,DE,קינדר הפי היפו חמישי,,102.00,,false,,14.90,0.1461,true,1,107917
8000500023976,false,בונבוניירת רפאלו Raffaello,קריות זול,PL,בונבוניירת רפאלו 150,,150.00,100 גרם,false,,17.90,0.1193,true,1,107918
8000500026731,false,שוקולד ביצי הפתעה קינדר שלישייה,קריות זול,IT,קינדר ביצי שוקולד 3*,,60.00,,false,,15.90,0.2650,true,1,137593
8000500028124,false,"קינדר ג'וי, שלישיה 3 * 20 גרם",קריות זול,,קינדר ג'וי שלישייה 3,,60.00,,false,,15.90,0.2650,true,1,194959
8000500029350,false,מארז וופל מצופה 3יח' *43 גרם קינדר בואנו,קינדר Kinder,PL,קינדר בואנו שלישייה,,129.00,100 גרם,false,,11.90,0.0922,true,1,107921
8000500032237,false,בונבוניירה פררו רושר 375ג',פררו Ferrero,IT,*מבצע* פררו רושר בונ,,372.00,100 גרם,false,,39.90,0.1073,true,1,107922
8000500037874,false,בונבוניירה פררו רושה 200ג',קריות זול,IT,*מבצע* פררו רושר בונ,,200.00,100 גרם,false,,24.90,0.1245,true,1,107924
8000500071083,false,אצבעות שוקולד קינדר Kinder שש עשרה יחידות,קינדר Kinder,IT,קינדר אצבעות שוקולד,,200.00,,false,,14.90,0.0745,true,1,107926
8000500094976,false,"בונבוניירה פררו רושר רושה קונוס, 212 גרם T17X4",פררו,IT,*מבצע* פררו רושר קונ,,212.00,100 גרם,false,,37.90,0.1788,true,1,168463
8000500121436,false,מארז קינדר בואנו Kinder Bueno לבן שלוש יחידות,קינדר Kinder,PL,קינדר בואנו לבן שליש,,117.00,100 גרם,false,,11.90,0.1017,true,1,119622
8000500227848,false,נוטלה - בי רדי אצבעות ביסקוויט במילוי שוקולד 6 יח' * 22 גרם,Unknown,,נוטלה בי רדי 132 גרם,,132.00,,false,,12.90,0.0977,true,1,168147
8000500267103,false,קינדר דליס שוקול' אישי מארז 10 יח' 420 גר',קינדר Kinder,,קינדר דליס 390 גרם,,390.00,,false,,19.90,0.0510,true,1,169826
8000500269169,false,קינדר קארדס Kinder Cards - חמישייה,קריות זול,IT,קינדר קארדס חמישייה,,128.00,,false,,14.90,0.1164,true,1,194617
8000500294345,false,שוקולד איש שלג פררו,,,איש שלג פררו 90גר,,90.00,100 גרם,false,,15.90,0.1767,true,1,189154
8000500366073,false,נוטלה עוגיות נוטלה בשקית 20 יח'- NUTELLA BISCUITTS,נוטלה Nutella,IT,נוטלה ביסקוויט שקית,,276.00,,false,,21.90,0.0793,true,1,195778
8000500386941,false,"ממרח קקאו עם אגוזי לוז, 900 גרם",קדבורי,IT,נוטלה ממרח קקאו עם א,,900.00,,false,,29.90,0.0332,true,1,194618
8000570283607,false,מרטיני אסטי Asti יין לבן מתוק מבעבע,מרטיני Martini,IT,מרטיני אסטי מבעבע 75,,750.00,100 גרם,false,,64.90,0.0865,true,1,189709
8001010062844,false,חומץ בלסמי פונטי 500,פונט סלאם וולנסיה,IT,חומץ בלסמי פונטי 500,,500.00,100 גרם,false,,19.90,0.0398,true,1,168349
8001090336354,false,טיטולי פמפרס בייבי דריי מידה 2 46 יח',פרוקטר אנד גמבל,DE,פמפרס בייבי דריי מיד,יחידה,0.00,יחידה,false,,34.90,0.0000,true,1,184736
8001090336408,false,חיתולים בייבי דריי מידה 3 38 יח' פמפרס,פרוקטר אנד גמבל,DE,פמפרס בייבי דריי מיד,יחידה,0.00,יחידה,false,,34.90,0.0000,true,1,184737
8001090336521,false,פמפרס בייבי דריי מידה 5 30 יח',פרוקטר אנד גמבל,DE,פמפרס בייבי דריי מיד,יחידה,0.00,יחידה,false,,34.90,0.0000,true,1,184740
8001090336606,false,טיטולי פמפרס בייבי דריי מידה 6 26 יח',פרוקטר אנד גמבל,DE,פמפרס בייבי דריי מיד,יחידה,0.00,יחידה,false,,34.90,0.0000,true,1,184741
8001090802385,false,טייד קפסולות ג'ל בניחוח לנור 26 יחידות,פרוקטר & גמבל,FR,טייד קפסולות לכביסה,,26.00,,false,,29.90,1.1500,true,1,170470
8001090810083,false,"מרכך פנטן קלאסי 500 מ""ל",פרוקטר אנד גמבל,RO,פנטן קונדישנר נוסחה,,500.00,100 גרם,false,,18.90,0.0378,true,1,168794
8001090810205,false,"שמפו נוסחה קלאסית פנטן 500 מ""ל",פרוקטר אנד גמבל,RO,פנטן שמפו נוסחה קלאס,,500.00,,false,,18.90,0.0378,true,1,168795
8001090833136,false,אריאל ג'ל כביסה בייבי 2.255 ליטר,אריאל Ariel,FR,אריאל גל כביסה בייבי,ליטרים,2.26,ליטר,false,,35.90,15.8850,true,1,169595
8001090833167,false,אריאל ג'ל כביסה ניחוח הרים 2.365 ליטר,פרוקטור אנד גמבל,FR,אריאל גל כביסה ניחוח,ליטרים,2.37,ליטר,false,,35.90,15.1477,true,1,169592
8001090833198,false,אריאל ג'ל כביסה ניחוח מרענן 2.365 ליטר,פרוקטור אנד גמבל,FR,אריאל גל כביסה ניחוח,ליטרים,2.37,ליטר,false,,35.90,15.1477,true,1,169593
8001090833228,false,אריאל ג'ל כביסה קולור 2.365 ליטר,אריאל Ariel,FR,אריאל גל כביסה קולור,ליטרים,2.37,ליטר,false,,35.90,15.1477,true,1,169594
8001090899194,false,תחבושות אולוויז פלטינום נורמל 24 יח',אולוויז Always,,תחבושות אולוויז פלטי,יחידה,0.00,יחידה,false,,19.90,0.0000,true,1,179530
8001090899224,false,תחבושות אולוויז פלטינום לונג 20 יח',אולוויז Always,,תחבושות אולוויז פלטי,יחידה,0.00,יחידה,false,,19.90,0.0000,true,1,179531
8001090899255,false,תחבושות אולוויז פלטינום לילה 16 יח',Unknown,,תחבושות אולוויז פלטי,יחידה,0.00,יחידה,false,,19.90,0.0000,true,1,179532
8001090899286,false,תחבושות אולוויז פלטינום לילה בטוח 14 יח',אולוויז Always,,אולוויז תחבושות פלטי,יחידה,0.00,יחידה,false,,19.90,0.0000,true,1,179533
8001100059242,false,שקיות וופל ריבועי פלוקו במילוי קרם קקאו 250 ג',,,וופל קוביות 250 ג בא,,250.00,,false,,12.90,0.0516,true,1,195138
8001100067957,false,שקיות וופל פאלוקו סקוור אגוזי לוז 125 ג',,,וופל קוביות125ג באלו,,125.00,,false,,8.90,0.0712,true,1,195140
8001841096889,false,"נוזל לניקוי כלים לימון קלאסי 900 מ""ל",פרוקטר & גמבל,TR,פיירי לבן לימון 900,,900.00,100 גרם,false,,9.90,0.0110,true,1,168461
8001841625188,false,סבון כלים פלטינום לימון X3 פעולות להסרת שומנים,פרוקטר אנד גמבל,GB,פיירי פלטינום לימון,,515.00,100 גרם,false,,10.90,0.0212,true,1,186445
8001841625461,false,סבון כלים פלטינום X3 פעולות להסרת שומנים,פרוקטר אנד גמבל,GB,פיירי פלטינום אורגינ,,515.00,100 גרם,false,,10.90,0.0212,true,1,186446
8001841715957,false,"הד&שולדרס - ג'ל רחצה ושמפו ניקוי אינטנסיבי 360 מ""ל","נארז ע""י : א.ג. גילר",FR,שולדרס ג'ל רחצה ושמפ,,360.00,100 גרם,false,,21.90,0.0608,true,1,191240
8001841716435,false,"הד אנד שולדרס ג'ל רחצה ושמפו לעור רגיש 360 מ""ל","נארז ע""י : א.ג. גילר",FR,שולדרס ג'ל רחצה ושמפ,,360.00,100 גרם,false,,21.90,0.0608,true,1,191242
8001841912691,false,פיירי פלטיניום פלוס,,,פיירי פלטיניום פלוס,יחידה,0.00,יחידה,false,,29.90,0.0000,true,1,195929
8001841960258,false,פיירי פלטיניום למדיח,,,פיירי פלטיניום למדיח,יחידה,0.00,יחידה,false,,59.90,0.0000,true,1,195930
8002450204009,false,ורדי ספרקלטיני אפרסק,"איי, בי, אינבוו",IT,ורדי משקה כהלי מוגז,,750.00,,false,,24.90,0.0332,true,1,117161
8002450609200,false,ורדי רימונים כשר לפס,"איי, בי, אינבוו",IT,ורדי משקה כהלי מוגז,,750.00,,false,,24.90,0.0332,true,1,185642
8003340091280,false,בונבוניירת לינדור Lindor שוקולד מריר,לינדוט ושופרונגלי אי,IT,לינדור בונבוניירה 60,,200.00,100 גרם,false,,25.90,0.1295,true,1,107412
8004030044005,false,נתחי טונה בשמן זית ריו מרה 160 ג',"בולטון אלימנטרי בע""מ",IT,טונה ריו מרה בשמן זי,,160.00,100 גרם,false,,19.90,0.1244,true,1,105182
8004030103399,false,טונה בשמן זית רביעיו,,,ריו מארז טונה בשמן,,320.00,100 גרם,false,,32.90,0.1028,true,1,195068
8004030177000,false,טונה בשמן זית וצ'ילי ריו מרה מארז 80X3 גר',ריו מארה Rio Mare,,טונה ריו מרה בשמן זי,,240.00,100 גרם,false,,28.90,0.1204,true,1,180106
8004030344938,false,טונה בשמן זית ריו מרה שלישיה * 80 ג',"בולטון אלימנטרי בע""מ",IT,טונה ריו מרה שמן זית,,240.00,100 גרם,false,,28.90,0.1204,true,1,180097
8004690050507,false,פסטה איטלקית פטוציני,למוליזנה,IT,פסטה לאמוליזנה פטוצ',,500.00,,false,,8.90,0.0178,true,1,168350
8004690050620,false,פסטה לאמוליזנה לינגו,למוליזנה,IT,פסטה לאמוליזנה לינגו,,500.00,100 גרם,false,,8.90,0.0178,true,1,182341
8004690052600,false,פסטה לאמוליזנה קונכי,למוליזנה,IT,פסטה לאמוליזנה קונכי,,500.00,100 גרם,false,,8.90,0.0178,true,1,185792
8004690052846,false,פסטה פוסילי למוליזנה,למוליזנה,IT,פסטה לאמוליזנה פוסיל,,500.00,100 גרם,false,,8.90,0.0178,true,1,133182
8004690057308,false,פסטה לאמוליזנה רדיאט,למוליזנה,IT,פסטה לאמוליזנה רדיאט,,500.00,,false,,8.90,0.0178,true,1,168609
8004690058008,false,פסטה לאמוליזנה גמלי,למוליזנה,IT,פסטה לאמוליזנה גמלי,,500.00,100 גרם,false,,8.90,0.0178,true,1,168607
8004690106600,false,פסטה לאמוליזנה פארפא,למוליזנה,IT,פסטה לאמוליזנה פארפא,,500.00,,false,,8.90,0.0178,true,1,168351
8004690203002,false,פסטה איטלקית ניוקי ת,למוליזנה,IT,"ניוקי תפו""א איטלקי ל",,500.00,100 גרם,false,,9.90,0.0198,true,1,169067
8004800000064,false,לאגו פלאסיר- גלילי ופל קרם קקאו בציפוי ש.חלב - 100 ג',לאגו,IT,לאגו גלילי וופל במיל,,100.00,,false,,10.90,0.1090,true,1,195341
8004800000071,false,לאגו פלאסיר- גלילי ופל במילוי קרם אגוזי לוז שוקולד חלב - 100 ג',לאגו,IT,לאגו גלילי וופל במיל,,100.00,,false,,10.90,0.1090,true,1,195339
8005110002243,false,רכז עגבניות Doppio Concentr בשפופרת 185 ג' MUTTI,"איי, בי, אינבוו",IT,רכז עגבניות מוטי בשפ,,185.00,,false,,9.90,0.0535,true,1,189016
8005110060007,false,עגבניות מקולפות 400 ג' MUTTI,,,עגבניות מקולפות מוטי,,400.00,,false,,7.90,0.0198,true,1,194675
8005110170300,false,עגבניות מרוסקות חתוכות מוטי MUTTI שלישיה *400,מוטי Mutti,IT,עגבניות מרוסקות מוטי,,1200.00,,false,,18.90,0.0157,true,1,159583
8005200256587,false,משקה תה בטעם אפרסק 1.5ל' NESTEA,מפעל סאנפלגרינו S.P.,IT,נסטי אפרסק 1.5ליטר,,1500.00,100 גרם,false,,9.50,0.0063,true,1,192501
8005200286584,false,משקה תה בטעם מנגו אננס 1.5 ל' NESTEA,מפעל סאנפלגרינו S.P.,IT,נסטי מנגו אננס 1.5לי,,1500.00,100 גרם,false,,9.50,0.0063,true,1,192502
8005200316588,false,משקה תה דיאט בטעם אפרסק 1.5ל' NESTEA,מפעל סאנפלגרינו s.p.,IT,נסטי דיאט אפרסק 1.5ל,,1500.00,,false,,9.50,0.0063,true,1,192503
8006227000399,false,סמנצאטו לחם מחמצת פר,,,סמנצאטו לחם מחמצת פר,,400.00,100 גרם,false,,15.90,0.0398,true,1,194004
8006227000405,false,סמנצאטו לחם מחמצת פר,,,סמנצאטו לחם מחמצת פר,,400.00,,false,,15.90,0.0398,true,1,194005
8006227000412,false,סמנצאטו לחם מחמצת פר,,,סמנצאטו לחם מחמצת פר,,400.00,100 גרם,false,,15.90,0.0398,true,1,194006
8006227270945,false,סמנצאטו טראמיציני לב,רו. מאר ס.ר.ל,IT,סמנצאטו- טראמציני לח,,250.00,,false,,15.90,0.0636,true,1,194008
8006540027042,false,"לנור מרכך כביסה בניחוח פרחי בר 897 מ""ל",פרוקטר אנד גמבל,FR,לנור מרכך כביסה בניח,,897.00,100 גרם,false,,15.90,0.0177,true,1,190359
8006540221068,false,מגן תחתון אלוויז וליופק לונג פלוס 40 יחי',פרוקטר,DE,אולוויז מגני תחתון ל,יחידה,0.00,יחידה,false,,17.90,0.0000,true,1,194171
8006540221341,false,אולוויז מגן תחתון וליופק לארג' 48 יחידות,,DE,אולוויז מגן תחתון אק,יחידה,0.00,יחידה,false,,17.90,0.0000,true,1,193181
8006540221464,false,אולוויז מגן תחתון וליופק נורמל 56 יחידות,,,אולוויז מגני תחתון נ,יחידה,0.00,יחידה,false,,17.90,0.0000,true,1,192787
8006540302538,false,הד&שולדרס שמפו קלאסי,,,הד&שולדרס שמפו קלאסי,,350.00,100 גרם,false,,18.90,0.0540,true,1,195022
8006540428368,false,חיתולים בייבי דריי מידה 1 40 יח' פמפרס,פרוקטר אנד גמבל,PL,פמפרס בייבי דריי מיד,יחידה,0.00,יחידה,false,,34.90,0.0000,true,1,193612
8006540620403,false,"אבקת כביסה אפקט פיירי 7 ק""ג טייד",,,טייד אבקת כביסה אפקט,,7000.00,100 גרם,false,,59.90,0.0086,true,1,195934
8007178120310,false,חומץ בלסמי ד'מודנה Giacobazzi,פטורייה ג'יאקובאזי ס,IT,חומץ בלסמי ג'קובצי 5,,500.00,100 גרם,false,,25.90,0.0518,true,1,101224
8007178223547,false,קרם מצומצם עם חומץ בלסמי ממודנה,פארייפאבה אגרואינדוס,IT,קרם בלסמי מצומצם ג'ק,,250.00,100 גרם,false,,25.90,0.1036,true,1,135893
8008620009313,false,קריץ-קרקר מלוח 250 ג',,,קריץ קרקר מלוח 250גר,,250.00,,false,,7.90,0.0316,true,1,189045
8008620009337,false,קריץ-קרקר חיטה מלאה 250ג',,,קריץ קרקר חיטה מלאה,,250.00,,false,,7.90,0.0316,true,1,189046
8008857300344,false,פסטה רג'ייה צינור 500 גר',,,פסטה רג'ייה צינור 50,,500.00,,false,,6.90,0.0138,true,1,132741
8008857300580,false,פסטה רג'ייה סהרון 500 גר',,,פסטה רג'ייה סהרון 50,,500.00,,false,,6.90,0.0138,true,1,132743
8008857300771,false,פסטה רג'ייה אט' מרק 500 גר',,,פסטה רג'ייה אטריות מ,,500.00,,false,,6.90,0.0138,true,1,139277
8008857601090,false,פסטה קנלוני רג'יה 250 גר',פסטה רג'יה Pasta Reggia,,קנלוני רג'יה 250 גרם,,250.00,,false,,9.90,0.0396,true,1,168981
8011033011279,false,"קוסקוס מרקש 1 ק""ג",,,קוסקוס 1 קג,,1000.00,100 גרם,false,,12.90,0.0129,true,1,127442
8015997000911,false,מאריני- בישקוטים 200 ג',Biscottificio Verona,,מאריני בישקוטים פריכ,,200.00,,false,,6.90,0.0345,true,1,135995
8032880800243,false,פיקניק הפתעה 50 גרם-איגוד רבנים,"הוסטה איטליה, ס.ר.ל.",IT,פיקניק הפתעה 50גר,,50.00,,false,,7.90,0.1580,true,1,121065
8076800195033,false,ברילה - צ.א ספגטיני מס3 חדש 500 גרם,ברילה גי.אי.אר פרטלי,IT,פסטה ספגטי ברילה מס',,500.00,,false,,8.90,0.0178,true,1,105187
8076800195057,false,ברילה - צ.א ספגטי מס5 חדש 500 גרם,ברילה גי.אי.אר פרטלי,IT,פסטה ספגטיני מס 5 בר,,500.00,100 גרם,false,,8.90,0.0178,true,1,105188
8076800195071,false,ספגטי מס 7 ברילה 500,,,ספגטי מס 7 ברילה 500,,500.00,100 גרם,false,,8.90,0.0178,true,1,193051
8076802085738,false,ברילה - צ.ק פנה רגטה חדש 500 גרם,ברילה גי.אי.אר פרטלי,IT,פסטה פנה רגטה ברילה,,500.00,100 גרם,false,,8.90,0.0178,true,1,105193
8076802085981,false,ברילה - צ.ק פוזילי חדש 500 גרם,ברילה גי.אי.אר פרטלי,IT,פסטה פתיתי פוזליני ב,,500.00,100 גרם,false,,8.90,0.0178,true,1,105198
8076808150072,false,ברילה - צ.א ספגטוני מס7 חדש 500 גרם,ברילה גי.אי.אר פרטלי,IT,פסטה ספגטי מס 7 בריל,,500.00,,false,,8.90,0.0178,true,1,105203
8076809513395,false,רוטב פסטה ברילה פורמודרו 400ג',ברילה גי.אי.אר פרטלי,IT,רוטב פורמודרו ברילה,,400.00,100 גרם,false,,15.50,0.0388,true,1,105207
8076809513654,false,בסיס רוטב עגבניות לבולונז 400 ג' ברילה,ברילה גי.אי.אר פרטלי,IT,רוטב עגבניות לבולונז,,400.00,,false,,15.50,0.0388,true,1,105208
8410076621009,false,עוגות אישיות בטעם קרמל עם חתיכות בטעם קרמל מלוח,"גלאטס סירו בע""מ",ES,פייבר וואן חטיף בטעם,,120.00,,false,,16.90,0.1408,true,1,188879
8410104039134,false,"פיניש מנקה ומחדש מדיח 250מ""ל",הדקלאים אגודת שיתופי,PL,פיניש מנקה ומחדש מדי,,250.00,100 גרם,false,,21.90,0.0876,true,1,113261
8410104045111,false,"פיניש מלח למדיח כלים 2ק""ג",פ.פ.ח. שאביט,IL,"פיניש מלח למדיח 2 ק""",,2000.00,100 גרם,false,,14.90,0.0075,true,1,183071
8410644611203,false,יין קאווה איבריקה לבן יבש Cava Iberica,יוסף מסאקס ס.ל.,ES,קאווה איבריקה לבן יב,,750.00,,false,,29.90,0.0399,true,1,166073
8412497595327,false,בקבוק פלסטיק 450מל,,,בקבוק פלסטיק 450מל,יחידה,0.00,יחידה,false,,19.90,0.0000,true,1,172411
8420822130600,false,"ספריי סופר מסיר שומנים 750מ""ל יעקבי",יעקבי,,סופר מסיר שומנים KH-,,750.00,100 גרם,false,,14.90,0.0199,true,1,193383
8424842050016,false,חטיף צ'יפס בטעם כמהי,,,ציפס רוביו כמהין 125,,125.00,100 גרם,false,,12.90,0.1032,true,1,196013
8436575292205,false,ארטיק חמשושים מאגדת 15*12 גר',שוורצקוף& הנקל דיסלד,IL,חמשושים מאגדת 15יח,,180.00,,false,,22.90,0.1272,true,1,171292
8445290341617,false,פנסי פיסט פטה עוף וסלמון 85גר,נסטלה פורינה USA ג',US,פנסי פיסט פטה עוף וס,,85.00,100 גרם,false,,6.50,0.0765,true,1,194930
8445290341655,false,פנסי פיסט פטה עוף 85גר,נסטלה פורינה USA ג',US,פנסי פיסט פטה עוף 85,,85.00,100 גרם,false,,6.50,0.0765,true,1,194932
8445290427120,false,דגני פיטנס Fitness שוקולד מריר ובננה,נסטלה צרפת איטנקורט,,פיטנס שוקולד מריר בנ,,330.00,,false,,23.90,0.0724,true,1,194591
8606018615841,false,גלידת וניל עם ליבת שוקולד חלב 480 ג' מילקה,נסטלה,IL,פיינט מילקה וניל ליב,,480.00,,false,,18.90,0.0394,true,1,195257
8606018615865,false,גלידת קרמל ליבת שוקולד 480 ג' מילקה,נסטלה,IL,פיינט מילקה קרמל ליב,,480.00,100 גרם,false,,18.90,0.0394,true,1,195258
8680530570062,false,"שישית מי סודה קסטל 200מ""ל",,,מי סודה קסטל מארז 6*,,1200.00,100 גרם,false,,10.90,0.0091,true,1,194957
8683130025574,false,"מרכך כביסה אקסטרה לבנדר 960 מ""ל בדין",יונילוור - תורכיה,TR,בדין אקסטרא לבנדר 96,,960.00,,false,,17.90,0.0186,true,1,193621
8683130025581,false,"בדין - מרכך כביסה אקסטרא ענבר 960 מ""ל",יונילוור - תורכיה,TR,בדין אקסטרא ענבר 960,,960.00,100 גרם,false,,17.90,0.0186,true,1,193622
8683323063024,false,ממתק בטעם תותי פרוטי בצורת שטיח,מוטקה החולב,TR,סוכריות יוגטה שטיחים,,220.00,,false,,7.90,0.0359,true,1,172813
8690526019147,false,אי טי אי - וופל במילוי קרם אגוזי לוז 142 גרם,ETi,,וופל במילוי קרם אגוז,,142.00,,false,,6.90,0.0486,true,1,186130
8690526019178,false,אי טי אי - וופל קקאו במילוי קרם קוקוס 142 גרם,מולינו ניקולי s.p.a,TR,וופל במילוי קרם קוקו,,142.00,,false,,6.90,0.0486,true,1,186127
8690526019185,false,אי טי אי - וופל במילוי קרם שוקולד חלב 142 גרם,מולינו ניקולי s.p.a,TR,וופל במילוי קרם שוקו,,142.00,,false,,6.90,0.0486,true,1,186131
8690572789490,false,גליס שמפו שיקום אולט,,,גליס שמפו שיקום אולט,,525.00,,false,,10.00,0.0190,true,1,192427
8690572789636,false,גליס שמפו לאורך מושל,,,גליס שמפו לאורך מושל,,525.00,,false,,10.00,0.0190,true,1,192430
8690637503856,false,ממרח הלמנס כ- 40% פחות שומן לעומת מיונז,הלמנס hellmann's,TR,הלמנס ממרח לחיץ 355,,355.00,,false,,15.90,0.0448,true,1,188887
8690637858741,false,"סיף ג'ל אקונומיקה רוח ים 750 מ""ל",יוניליוור,,סיף ג'ל אקונומיקה רי,,750.00,100 גרם,false,,13.90,0.0185,true,1,169172
8690637865589,false,"דאב תרחיץ ידיים בניחוח מלפפונים 500 מ""ל",,,דאב תרחיץ ידיים מלפפ,,500.00,,false,,16.90,0.0338,true,1,179096
8690637871245,false,הלמנס מיונז אמיתי 395 גר' בקבוק לחיץ.,יוניליוור,TR,הלמנס מיונז 395 גרם,,395.00,100 גרם,false,,14.90,0.0377,true,1,170641
8690637976995,false,"בדין - מרכך כביסה אקסטרא ורוד סחלבים פראי 960 מ""ל",יוניליוור סנאיי וי ט,TR,?בדין אקסטרא ורוד במ,,960.00,,false,,17.90,0.0186,true,1,188602
8690770322598,false,"שמרים יבשים 125 גר` בד""צ",בראבו Bravo,,"שמרים יבשים 125 ג""ר.",,125.00,,false,,4.90,0.0392,true,1,116483
8690777204071,false,פלפלים כבושים - חריפים,יוליניבר,TR,פלפל חריף ויליפוד 64,,640.00,,false,,12.90,0.0202,true,1,100355
8690777206051,false,חצילים קלויים על האש סארה 650 גר',קוראהן פזלרמה וי דיס,TR,חציל קלוי על האש ויל,,650.00,,false,,12.90,0.0198,true,1,100357
8690777221405,false,פלפל אדום קלוי על האש סארה 650גרם,קוראהן פזלרמה וי דיס,TR,פלפל אדום קלוי על הא,,650.00,,false,,12.90,0.0198,true,1,100359
8690799022899,false,ריבת תפוזים מתין 1 ק,בוזטופרק גידה סאנאי,,ריבת תפוזים מתין 1 ק,,1000.00,,false,,17.90,0.0179,true,1,192258
8690799023018,false,ריבת דובדבנים לבנים,בוזטופרק גידה סאנאי,,ריבת דובדבנים לבנים,,1000.00,,false,,17.90,0.0179,true,1,192254
8690799023025,false,ריבת משמש עם תפוזים,בוזטופרק גידה סאנאי,,ריבת משמש עם תפוזים,,1000.00,100 גרם,false,,17.90,0.0179,true,1,192260
8691058141238,false,ערמונים שלמים קלויים וקלופים 100 ג' Avel,,,ערמונים שלמים 100 גר,,100.00,,false,,6.90,0.0690,true,1,179514
8693323085100,false,שטיחים חמוצים ממתק בטעם פירות,יוגטה yogueta,,ממתק חמוץ שטיחים חמו,,100.00,,false,,4.90,0.0490,true,1,169015
8697420697914,false,זיתים שחורים יבשים במלח 700 ג',אונטד גידה,TR,זיתים שחורים בפח 700,,700.00,100 גרם,false,,19.90,0.0284,true,1,168670
8697431460064,false,קונפיטורה משמש 70% פרי פרופה 454 גר',פרוטנגו Fruitango,,קונפיטורה 70% משמש 4,,450.00,100 גרם,false,,13.90,0.0309,true,1,98007
8697431460217,false,קונפיטורה 70% תפוזים 450 ג' FRUPPA,פרוטנגו Fruitango,,קונפיטורה 70% פרי תפ,,450.00,100 גרם,false,,13.90,0.0309,true,1,98009
8697659224035,false,מטהר אוויר אקווה 400,אטאק,,מטהר אוויר אקווה 400,,400.00,,false,,9.90,0.0248,true,1,172169
8697826469092,false,טורטיה קטנה 540 גר' 12יח,דין שיווק,TR,טורטיה קטנה 540גר,,540.00,100 גרם,false,,9.90,0.0183,true,1,139234
8699250035041,false,זית שחור טבעי יבש במ,,,זית שחור טבעי יבש במ,,700.00,,false,,19.90,0.0284,true,1,167723
8710447284117,false,"ג'ל רחצה אקס בלאק 400 מ""ל",,,אקס גל רחצה בלאק 400,,400.00,,false,,14.90,0.0373,true,1,169161
8710447331095,false,"טרזמה - מסכה בוטניק 300 מ""ל",יוניליוור,PL,טרזמה מסכה בוטניק 30,,300.00,100 גרם,false,,29.90,0.0997,true,1,170491
8710502064814,false,עוגיות שוקולד ציפס במרקם רך 175 ג',בנקטבקריי מרבה בי.וי,NL,עוגיות שוקולד ציפס ר,,175.00,,false,,11.90,0.0680,true,1,136677
8710502139017,false,עוגיות מרבה טריפל שוקולד שוקוצ'יפס 180ג',בנקטבקריי מרבה בי.וי,NL,עוגיות טריפל שוקולד,,180.00,,false,,11.90,0.0661,true,1,101238
8710502194801,false,עוגיות שוקולד צ'יפס במרקם רך עם פירות יער,בנקטבקריי מרבה בי.וי,NL,עוגיות שוקולד ציפס פ,,175.00,100 גרם,false,,11.90,0.0680,true,1,159773
8710847860843,false,"רקסונה - דאודורנט רולאון לאישה אינביזיבל 50 מ""ל",,,רקסונה רול און אינבי,,50.00,,false,,14.90,0.2980,true,1,179374
8711327475717,false,מגנום פיינט וניל שקדים 440X8מל,"מפעל גלידות בווספרם,",HU,מגנום פיינט וניל שקד,,260.00,100 גרם,false,,21.90,0.0842,true,1,189742
8712400802499,false,תרכובת מזון המשך לפעוטות על בסיס חלב שלב 1,פרוטרופיק סיה.,NL,נוטרילון -טבע שלב 1,,800.00,,false,,64.90,0.0811,true,1,122645
8712400802536,false,תרכובת מזון המשך לפעוטות על בסיס חלב שלב 3,פרוטרופיק סיה.,NL,נוטרילון -טבע שלב 3,,800.00,100 גרם,false,,64.90,0.0811,true,1,122649
8712561594240,false,"דאב תחליב רחצה להזנה עמוקה500 מ""ל-מרכז","יוניליוור גרמניה, Gm",DE,תחליב רחצה להזנה עמו,,500.00,100 גרם,false,,13.90,0.0278,true,1,137970
8712561611183,false,"דאב - תחליב רחצה תה ירוק ומלפפון 500 מ""ל","יוניליוור גרמניה, Gm",DE,דאב תחליב רחצה תה יר,,500.00,,false,,13.90,0.0278,true,1,137971
8714599104330,false,ג'ייקובס קפה שחור קלוי וטחון טורקי 85 ג',ג'ייקובס Jacobs,,גקובס קפה שחור טורקי,,85.00,100 גרם,false,,6.90,0.0812,true,1,186597
8714599513781,false,קפה נמס גולד מיובש בהקפאה 200 ג' ג'ייקובס,אל.אל. סי ג''יקובס ד,RU,גייקובס גולד קפה נמס,,200.00,,false,,24.90,0.1245,true,1,168352
8714599513835,false,קפה ג'יקובס נטול קופאין מיובש בהקפאה 200 ג',ג'ייקובס Jacobs,,גקובס נטול קפאין מיו,,200.00,,false,,35.90,0.1795,true,1,172084
8714599513866,false,"ג'ייקובס קרוננג מיובש בהקפאה כשל""פ 200 ג'",אל.אל.סי גייקובס דאו,UA,קפה נמס קרוננג ג׳יקו,,200.00,,false,,24.90,0.1245,true,1,138375
8714789402918,false,נוזל לניקוי כללי ולרצפה בניחוח פרחי בר,הנסיך- מפעל לייצור ט,GR,אגקס חגיגת הפרחים אד,ליטרים,1.50,ליטר,false,,19.90,13.2667,true,1,105267
8714789930848,false,"משחת שיניים אופטיק וויט אינסטנט 75 מ""ל קולגייט",הנסיך- מפעל לייצור ט,PL,קולגייט אופטיק וויט,,75.00,,false,,21.90,0.2920,true,1,137328
8715700110141,false,מיונז קרמי היינץ צנצנת 460ג',ה.י.היינץ הולדינג בי,NL,מיונז היינץ צנצנת 46,,460.00,100 גרם,false,,11.90,0.0259,true,1,165495
8715700110158,false,מיונז לייט היינץ צנצנת 490 גר',ה.י.היינץ הולדינג בי,NL,מיונז היינץ לייט צנצ,,490.00,100 גרם,false,,11.90,0.0243,true,1,165496
8715700115641,false,ממרח מיונז לחיץ לייט במרקם קרמי 420 ג' היינץ,היינץ Heinz,,ממרח היינץ במרקם קרמ,,420.00,100 גרם,false,,14.90,0.0355,true,1,194947
8715700117805,false,"קטשופ היינץ מתבל עגבניות ללא תוספת סוכר ומלח 425 מ""ל",ה.י היינץ הולדינג בי,NL,*מבצע* היינץ מתבל עג,,400.00,100 גרם,false,,10.90,0.0273,true,1,192969
8715700120874,false,מתבל עגבניות היינץ בתוספת שום,היינץ Heinz,,*מבצע* היינץ קטשופ ש,,460.00,100 גרם,false,,10.90,0.0237,true,1,191434
8715700419732,false,מתבל עגבניות היינץ 7,ה.י. היינץ,NL,*מבצע* קטשופ היינץ 7,,700.00,100 גרם,false,,10.90,0.0156,true,1,134001
8715700422473,false,ממרח מיונז ללא חומרים משמרים 395 ג' היינץ,היינץ Heinz,NL,ממרח היינץ לחיץ 395,,395.00,100 גרם,false,,14.90,0.0377,true,1,194948
8717163647226,false,"ספריי גוף בלאק 150 מ""ל אקס",ארנסט. רחוב קומבינצק,TR,אקס ספריי גוף בלאק 1,,150.00,,false,,14.90,0.0993,true,1,170652
8717163647240,false,"אקס דאודורנט ספריי גוף לגבר שוקולד 150 מ""ל",ארנסט. רחוב קומבינצק,TR,אקס ספריי גוף שוקולד,,150.00,100 גרם,false,,14.90,0.0993,true,1,170654
8717163648667,false,"אקס 2ב-ג' רחצה אייס צ'יל400 מ""ל",יוניליוור,GB,אקס ג'ל רחצה אייס צ',,400.00,,false,,14.90,0.0373,true,1,170666
8717163655825,false,"רקסונה דאו' ספריי לנשים בניחוח כותנה, 150 מ""ל",יוניליוור,,רקסונה ספריי כותנה 1,,150.00,,false,,14.90,0.0993,true,1,179376
8717163711668,false,"דאודורנט רקסונה ספריי טלק 150 מ""ל",יוניליוור,IL,רקסונה ספריי נשים טל,,150.00,100 גרם,false,,14.90,0.0993,true,1,179098
8717163842669,false,"דאב - תחליב רחצה חימר ירוק 500 מ""ל",יוניליוור גרמניה,DE,דאב תחליב רחצה חימר,,500.00,100 גרם,false,,13.90,0.0278,true,1,185971
8717163842676,false,"דאב - תחליב רחצה חימר ורוד 500 מ""ל",יוניליוור גרמניה Gmb,DE,תחליב רחצה חימר ורוד,,500.00,100 גרם,false,,13.90,0.0278,true,1,185972
8717644390566,false,סבון מוצק ירוק מלפפון 4* 100 ג' דאב,יוניליוור גרמניה (בו,DE,דאב סבון מוצק דאב יר,,400.00,100 גרם,false,,17.90,0.0447,true,1,103308
8718951076402,false,"קולגייט משחת שיניים הרבל להלבנה 100 מ""ל",קולגייט פלמוליב,,קולגייט הרבל להלבנה,,100.00,100 גרם,false,,11.90,0.1190,true,1,168786
8718951159402,false,"קולגייט משחת שיניים אופטיק וויט - אקסטרה פאוור 75 מ""ל",,,קולגיט אופטיק אקסטרא,,75.00,100 גרם,false,,19.90,0.2653,true,1,192937
8718951175600,false,"משחת שיניים קלין מינט 75 מ""ל קולגייט טוטאל",Unknown,,קולגייט משחת טוטל קל,,75.00,,false,,14.90,0.1987,true,1,187318
8718951264618,false,"קולגייט אופטיק וייט פחם צ'רקול משחת שיניים, 75 מ""ל",קולגייט-פלמוליב,PL,קולגייט אופטיק וייט,,75.00,100 גרם,false,,19.90,0.2653,true,1,186248
8718951278851,false,"קולגייט הלבנה פחם 100 מ""ל",,,קולגייט הלבנה פחם 10,,100.00,100 גרם,false,,13.90,0.1390,true,1,194679
8718951313576,false,קולגייט משחת שיניים מקס פרש קול קריסטל 100 מל,קולגייט פלמוליב,PL,קולגייט משחת שיניים,,100.00,,false,,10.00,0.1000,true,1,192419
8719200998001,false,מרגרינה לאפיה ובישול בלי מלח 200 ג' בלו בנד,מיוצר עי קונדיטוריית,IL,בלו בנד בלי מלח 200ג,,200.00,,false,,4.90,0.0245,true,1,179745
8719200998018,false,מחמאה מרגרינה בטעם חמאה 200 ג' בלו בנד,פארייפאבה אגרואינדוס,IL,מרגרינה מחמאה בטעם ח,,200.00,,false,,4.90,0.0245,true,1,179746
8719200998049,false,מרגרינה מזולה בטעם טבעי,פארייפאבה אגרואינדוס,IL,מזולה בטעם טבעי 250ג,,250.00,100 גרם,false,,9.90,0.0396,true,1,179748
8720181046605,false,דאב - דאודורנט ספריי לאישה אורגינל כחול 150מל,יוניליוור,GB,דאב ספריי אוריגינל ל,,150.00,100 גרם,false,,14.90,0.0993,true,1,188918
8720181123955,false,"אקס - ג'ל רחצה ריצארג קריד 400 מ""ל",אקס Axe,,אקס ג'ל רחצה ריצארג,,400.00,,false,,14.90,0.0373,true,1,192209
8720181201332,false,דאב רביעיית סבון מוצק גרגירים,קריות זול,,דאב סבון מוצק דאב גר,,360.00,,false,,17.90,0.0497,true,1,194894
8720182253156,false,דאב רביעיית סבון מוצק ירוק,,,דאב סבון מוצק דאב יר,,360.00,,false,,17.90,0.0497,true,1,194893
8720182256850,false,דאב רביעיית סבון מוצק,קריות זול,,דאב סבון מוצק דאב לב,,360.00,,false,,17.90,0.0497,true,1,194892
8801055707966,false,קפה טייסטר צו'יס נס קפה בריסטה 180ג',נסטלה קוריאה - קפה,IL,קפה טייסטרס צ׳ויס בר,,180.00,,false,,34.90,0.1939,true,1,139401
8801055709427,false,נסקפה טייסטרס צ'ויס אלטה ריקה 100 ג',לוטה נסטלה קוריאה,KR,טסטרס צ'ויס קפה נמס,,100.00,100 גרם,false,,19.90,0.1990,true,1,192000
8801055709458,false,אבקה להכנת משקה קפה בטעם קפוצ'ינו קרמל,נסטלה קוריאה - קפה,,נסקפה קפוצינו קרמל 1,,170.00,,false,,21.90,0.1288,true,1,193890
8801055709465,false,אבקה להכנת משקה קפה בטעם קפוצ'ינו וניל,נסטלה קוריאה - קפה,DE,נסקפה קפוצינו וניל 1,,185.00,100 גרם,false,,21.90,0.1184,true,1,193891
8801055709472,false,נסטלה - נסקפה קפוצ'ינו קלאסי 12.50 גרם * 10,נסטלה קוריאה - קפה,DE,נסקפה קפוצ'ינו קלאסי,,125.00,100 גרם,false,,21.90,0.1752,true,1,193892
8801055709489,false,אבקה להכנת משקה קפה בטעם קפוצ'ינו אגוזים,נסטלה קוריאה - קפה,,נסקפה קפוצינו אגוזים,,180.00,,false,,21.90,0.1217,true,1,193894
8801055709526,false,אבקה להכנת משקה קפה בטעם קפוצ'ינו שוקולד לבן,נסקפה Nescafe,,נסקפה קפוצ'ינו שוקול,,185.00,100 גרם,false,,21.90,0.1184,true,1,193893
8809168840471,false,חטיף אצות מיובשות מז,Theppadungporn cocon,KR,חטיף אצות מיובשות 4.,,40.00,100 גרם,false,,24.90,0.6225,true,1,190044
8850180040028,false,קמח טמפורה להכנת בלי,קרנחם אוטאי פחרה,TH,טמפורה 500גר,,500.00,100 גרם,false,,10.90,0.0218,true,1,134163
8850367992164,false,קרם קוקוס ללא גלוטן,טאפ פאד ונגפורן,CN,קרם קוקוס 20-22% 250,,250.00,,false,,8.90,0.0356,true,1,159995
8850389105832,false,משקה אלוורה בטעם תפוחים,סאפה פובליק קומפני ל,TH,סאפה משקה אלוורה תפו,,1000.00,,false,,15.90,0.0159,true,1,122140
8850389105849,false,משקה אלוורה בטעם אפרסק,סאפה פובליק קומפני ל,TH,סאפה משקה אלוורה אפר,,1000.00,,false,,15.90,0.0159,true,1,122141
8850632604259,false,חיספוסים ממתק בטעם תות שדה בצורת מקלות,ג'נרל קנדי בעמ,TH,חמצוצים מקלות בטעם ת,,50.00,,false,,4.90,0.0980,true,1,119351
8850632604266,false,יוגטה מקלות חמוצות בטעם קולה 50 גרם 24 יח',ג'נרל קנדי בעמ,TH,חמצוצים מקלות בטעם ק,,50.00,,false,,4.90,0.0980,true,1,119352
8850632604372,false,יוגטה מקלות חמוצות שטיח - תות שדה 50 גרם,ג'נרל קנדי בעמ,TH,חמצוצים שטיח בטעם תו,,50.00,100 גרם,false,,4.90,0.0980,true,1,117941
8850632604402,false,יוגטה מקלות חמוצות שטיח בטעם מעורב24 יח',"ג'נרל קנדי בע""מ",TH,חמצוצים שטיח בטעם מע,,50.00,100 גרם,false,,4.90,0.0980,true,1,117942
8850632606390,false,חיספוסים ממתק חמוץ בטעם אבטיח בצורת שטיח,ג'נרל קנדי בעמ,TH,חיספוסים בטעם אבטיח,,50.00,100 גרם,false,,4.90,0.0980,true,1,129930
8858271003020,false,רוטב סויה פורמולה מק,יאן ונזל יון,TH,רוטב סויה פורמולה מק,,700.00,,false,,15.90,0.0227,true,1,121794
8858271004034,false,רוטב צילי חריף מקסצו,דאנינג יוה פודס קו,TH,רוטב צילי חריף מקסצ,,700.00,100 גרם,false,,15.90,0.0227,true,1,121803
8858271004126,false,רוטב חמוץ מתוק מקסצו,יאן ונזל יון,TH,רוטב חמוץ מתוק מקסצא,,700.00,100 גרם,false,,15.90,0.0227,true,1,121805
8858271004799,false,רוטב צ'ילי מתוק מזרח,יאן ונזל יון,TH,רוטב צילי מתוק 700 מ,,700.00,100 גרם,false,,11.90,0.0170,true,1,133565
8901537024014,false,"אורז בסמטי מובחר 1 ק""ג - דוואט) יורה דיעה",הנסיך- מפעל לייצור ט,IN,אורז בסמטי דאווט 1קג,,1000.00,,false,,12.90,0.0129,true,1,100379
8901537076679,false,"אורז בסמטי חום מלא 1 ק""ג דאוואט",האי נאם סי או אל.טי.,IN,אורז בסמטי חום מלא ד,,1.00,100 גרם,false,,14.90,14.9000,true,1,167705
8906118240388,false,קורנישונים כבושים 68,אנגל קמצ'ו אלימנטסיו,,קורנישונים כבושים 68,,680.00,100 גרם,false,,10.90,0.0160,true,1,194195
8908000959361,false,קורנישונים כבושים בח,,,מלפפון קורנישונים כב,,680.00,100 גרם,false,,10.90,0.0160,true,1,180127
8934878081811,false,"דפי אורז 22 ס""מ 400 גר'(Trav) ללא גלוטן",דאנינג יוה פודס קו,CN,"דפי אורז 22 ס""מ 400ג",,400.00,100 גרם,false,,14.90,0.0373,true,1,171075
9000101375268,false,ברף סבון אסלה בניחוח,,,ברף דקלס בניחוח יסמי,יחידה,0.00,יחידה,false,,16.90,0.0000,true,1,195404
9000101375299,false,ברף סבון אסלה בניחוח,,,ברף דלקס בניחוח מגנו,יחידה,0.00,יחידה,false,,16.90,0.0000,true,1,195403
9000101418163,false,"סבון אסלה בניחוח מתחלף תפוח ירוק נופר, 3 יחידות",ברף Bref,,סבון אסלה שלישייה-בר,יחידה,0.00,יחידה,false,,16.90,0.0000,true,1,193641
9000101509069,false,ברף - סבון אסלה ג'ל גשם אביב שלשות,,,ברף בריליאנט ג'ל גשם,יחידה,0.00,יחידה,false,,16.90,0.0000,true,1,195405
9000101509151,false,ברף - סבון אסלה ג'ל אוקיינוס הקרח הצפוני שלשות,,,ברף בריליאנט ג'ל אוק,יחידה,0.00,יחידה,false,,16.90,0.0000,true,1,195406
9000101520965,false,"סבון אסלה בניחוח מתחלף לוטוס עדין במבוק, 3 יחידות",ברף Bref,,סבון אסלה שלישייה -ב,יחידה,0.00,יחידה,false,,16.90,0.0000,true,1,193640
9000101537550,false,פרסיל קאפסולות לכביסה לבנה וצבעונית 52 יח',הנקל סוד,HU,פרסיל פאוור קאפס יונ,יחידה,0.00,יחידה,false,,54.90,0.0000,true,1,193642
9000101537581,false,פרסיל קאפסולות לכביסה צבעונית 52 יחידו,הנקל סוד,HU,פרסיל פאוור קאפס לכב,יחידה,0.00,יחידה,false,,54.90,0.0000,true,1,193644
9001395807015,false,סוכ בננית 300 גר,האוסוירט,,בננית 300 ג,,300.00,,false,,10.90,0.0363,true,1,117315
9002859054099,false,מוצרט-שוקולד ממולא 300ג',Gunz BV,,בונבונירה מוצרט משוש,,300.00,100 גרם,false,,29.90,0.0997,true,1,132232
9002859100536,false,בונבוניירה אצבעות שו,,,בונבוניירה אצבעות שו,,200.00,,false,,14.90,0.0745,true,1,166599
9310072028750,false,טים טם Tim Tam וופל שוקולד ציפוי כפול,"ארנוטס ביסקוויטס בע""",AU,עוגיות טים טם דאבל 2,,200.00,,false,,19.90,0.0995,true,1,138650
9771565038319,false,עיתון ידיעות אחרונות,,,עיתון ידיעות אחרונות,יחידה,0.00,יחידה,false,,2.90,0.0000,true,1,96320
9771565038326,false,עיתון ידיעות אחרונות,,,עיתון ידיעות אחרונות,יחידה,0.00,יחידה,false,,2.90,0.0000,true,1,96321
9771565038333,false,עיתון ידיעות אחרונות,,,עיתון ידיעות אחרונות,יחידה,0.00,יחידה,false,,2.90,0.0000,true,1,96322
9771565038340,false,עיתון ידיעות אחרונות,,,עיתון ידיעות אחרונות,יחידה,0.00,יחידה,false,,2.90,0.0000,true,1,96323
9771565038357,false,עיתון ידיעות אחרונות,,,עיתון ידיעות אחרונות,יחידה,0.00,יחידה,false,,2.90,0.0000,true,1,96324
9771565039125,false,עיתון לאישה,,,עיתון לאישה,יחידה,0.00,יחידה,false,,21.90,0.0000,true,1,96326
9771565051066,false,ידיעות אחרונות יום ו,,,ידיעות שבת,יחידה,0.00,יחידה,false,,11.90,0.0000,true,1,96336
