code,internal_code,name,manufacturer_name,manufacture_country,manufacturer_item_description,unit_qty,quantity,unit_of_measure,weighted,qty_in_package,price,unit_of_measure_price,allow_discount,status,item_id
10,true,הפרדה צלופן לשניצלים,,,תיבה 20+,יחידה,0.00,יחידה,false,,45.00,0.0000,true,1,6764
55,true,משלוחים לבית,,,משלוחים לבית,יחידה,0.00,יחידה,false,,29.90,0.0000,true,1,34401
119,true,גפרורים,,,גפרורים,יחידה,0.00,יחידה,false,,4.90,0.0000,true,1,15799
163,true,פטריות שמפיניון תפזו,,,פטריות שמפיניון תפזו,קילוגרמים,1.00,"ק""ג",true,,39.90,39.9000,true,1,50712
164,true,פטריות חורש תפזורת,,,פטריות חורש תפזורת,קילוגרמים,1.00,"ק""ג",true,,39.90,39.9000,true,1,50713
173,true,דלעת ערמונים,,,דלעת ערמונים,קילוגרמים,1.00,"ק""ג",true,,11.90,11.9000,true,1,50714
301,true,בקבוק ריק חוזר בירה,,,בקבוק ריק חוזר בירה,יחידה,0.00,יחידה,false,,1.20,0.0000,true,1,6864
374,true,פטריות שמפניון,,,פטריות שמפניון,יח',1.00,יח',false,,8.90,8.9000,true,1,50715
519,true,מעורב בבגט,,,מעורב בבגט,יחידה,0.00,יחידה,false,,25.00,0.0000,true,1,330972
561,true,חמץ חמץ,,,חמץ חמץ,יחידה,0.00,יחידה,false,,100.00,0.0000,true,1,388433
1058,true,חלה רגילה/חלה ציפורי,,,חלה רגילה/חלה ציפורי,גרמים,500.00,100 גרם,false,,5.17,1.0340,true,1,4440
1059,true,חלה מתוקה 500 גרם,,,חלה מתוקה 500 גרם,גרמים,500.00,100 גרם,false,,11.90,2.3800,true,1,4441
1073,true,סופגניה גדולה בודדת,,,סופגניה גדולה בודדת,יחידה,0.00,יחידה,false,,3.90,0.0000,true,1,2435
1079,true,מיני סופגניה בודדת,,,מיני סופגניה בודדת,יחידה,0.00,יחידה,false,,3.30,0.0000,true,1,2438
1091,true,צנונית בייבי,,,צנונית בייבי,גרמים,400.00,100 גרם,false,,5.90,1.4750,true,1,35536
1095,true,בייבי בטטה,,,בייבי בטטה,יח',1.00,יח',false,,6.90,6.9000,true,1,50718
1488,true,אשכולית אדומה,,,אשכולית אדומה,קילוגרמים,1.00,"ק""ג",true,,5.90,5.9000,true,1,50731
1494,true,תפו`א לבן תפזורת,,,תפו`א לבן תפזורת,קילוגרמים,1.00,"ק""ג",true,,4.90,4.9000,true,1,50736
1500,true,פלפל כתום,,,פלפל כתום,קילוגרמים,1.00,"ק""ג",true,,9.90,9.9000,true,1,50740
1501,true,עגבניות,,,עגבניות,קילוגרמים,1.00,"ק""ג",true,,6.90,6.9000,true,1,50741
1502,true,מלפפונים,,,מלפפונים,קילוגרמים,1.00,"ק""ג",true,,5.90,5.9000,true,1,50742
1503,true,גזר ארוז,,,גזר ארוז,קילוגרמים,1.00,"ק""ג",true,,3.90,3.9000,true,1,50743
1504,true,סלק,,,סלק,קילוגרמים,1.00,"ק""ג",true,,3.90,3.9000,true,1,50744
1505,true,כרוב לבן,,,כרוב לבן,קילוגרמים,1.00,"ק""ג",true,,3.90,3.9000,true,1,50745
1506,true,כרוב אדום,,,כרוב אדום,קילוגרמים,1.00,"ק""ג",true,,5.90,5.9000,true,1,50746
1507,true,כרובית,,,כרובית,קילוגרמים,1.00,"ק""ג",true,,8.90,8.9000,true,1,50747
1509,true,כרובית אלמוג,,,כרובית אלמוג,יח',1.00,יח',false,,9.90,9.9000,true,1,125547
1510,true,קישואים,,,קישואים,קילוגרמים,1.00,"ק""ג",true,,6.90,6.9000,true,1,50748
1511,true,חצילים,,,חצילים,קילוגרמים,1.00,"ק""ג",true,,6.90,6.9000,true,1,50749
1513,true,פלפל ירוק,,,פלפל ירוק,קילוגרמים,1.00,"ק""ג",true,,7.90,7.9000,true,1,50750
1514,true,פלפל בהיר,,,פלפל בהיר,קילוגרמים,1.00,"ק""ג",true,,8.90,8.9000,true,1,50751
1515,true,פלפל חריף,,,פלפל חריף,קילוגרמים,1.00,"ק""ג",true,,7.90,7.9000,true,1,50752
1516,true,פלפל אדום,,,פלפל אדום,קילוגרמים,1.00,"ק""ג",true,,9.90,9.9000,true,1,50753
1517,true,פלפל רומרו,,,פלפל רומרו,קילוגרמים,1.00,"ק""ג",true,,12.90,12.9000,true,1,50754
1519,true,בצל יבש,,,בצל יבש,קילוגרמים,1.00,"ק""ג",true,,4.90,4.9000,true,1,50756
1521,true,קולורבי,,,קולורבי,קילוגרמים,1.00,"ק""ג",true,,6.90,6.9000,true,1,50757
1522,true,חסה ערבית,,,חסה ערבית,יח',1.00,יח',false,,4.90,4.9000,true,1,50758
1527,true,פטרוזיליה גומי,,,פטרוזיליה גומי,יח',1.00,יח',false,,3.50,3.5000,true,1,35537
1528,true,כוסברה גומי,,,כוסברה גומי,יח',1.00,יח',false,,3.50,3.5000,true,1,35538
1529,true,שמיר גומי,,,שמיר גומי,יח',1.00,יח',false,,3.50,3.5000,true,1,35539
1530,true,נענע גומי,,,נענע גומי,יח',1.00,יח',false,,3.50,3.5000,true,1,35540
1531,true,לפת,,,לפת,קילוגרמים,1.00,"ק""ג",true,,6.90,6.9000,true,1,50761
1535,true,תפו`א אדום ארוז,,,תפו`א אדום ארוז,קילוגרמים,1.00,"ק""ג",true,,4.90,4.9000,true,1,50764
1541,true,ארטישוק,,,ארטישוק,קילוגרמים,1.00,"ק""ג",true,,18.90,18.9000,true,1,50768
1542,true,ערמונים,,,ערמונים,קילוגרמים,1.00,"ק""ג",true,,17.90,17.9000,true,1,50769
1545,true,שום ארוז ייבוא יח',,,שום ארוז ייבוא יח',יח',1.00,יח',false,,4.90,4.9000,true,1,50772
1547,true,שומר,,,שומר,קילוגרמים,1.00,"ק""ג",true,,6.90,6.9000,true,1,50774
1548,true,תות שדה ביח',,,תות שדה ביח',יח',1.00,יח',false,,19.90,19.9000,true,1,47815
1550,true,תפו`א לבן ארוז,,,תפו`א לבן ארוז,קילוגרמים,1.00,"ק""ג",true,,3.90,3.9000,true,1,50775
1551,true,לימון,,,לימון,קילוגרמים,1.00,"ק""ג",true,,7.90,7.9000,true,1,50776
1552,true,תפוז,,,תפוז,קילוגרמים,1.00,"ק""ג",true,,5.90,5.9000,true,1,50777
1553,true,ענב לבן,,,ענב לבן,קילוגרמים,1.00,"ק""ג",true,,29.90,29.9000,true,1,50778
1555,true,תפוז ארוז,,,תפוז ארוז,קילוגרמים,1.00,"ק""ג",true,,4.90,4.9000,true,1,50780
1556,true,בננה מובחרת,,,בננה מובחרת,קילוגרמים,1.00,"ק""ג",true,,6.90,6.9000,true,1,50781
1557,true,צנון,,,צנון,קילוגרמים,1.00,"ק""ג",true,,6.90,6.9000,true,1,50782
1558,true,אשכולית צהובה,,,אשכולית צהובה,קילוגרמים,1.00,"ק""ג",true,,5.90,5.9000,true,1,50783
1560,true,דלעת ארוזה,,,דלעת ארוזה,קילוגרמים,1.00,"ק""ג",true,,9.90,9.9000,true,1,50785
1561,true,תפוח עץ זהוב,,,תפוח עץ זהוב,קילוגרמים,1.00,"ק""ג",true,,9.90,9.9000,true,1,50786
1562,true,תפוח עץ יונתן,,,תפוח עץ יונתן,קילוגרמים,1.00,"ק""ג",true,,9.90,9.9000,true,1,50787
1563,true,תפוח עץ חרמון,,,תפוח עץ חרמון,קילוגרמים,1.00,"ק""ג",true,,9.90,9.9000,true,1,50788
1564,true,תפוח עץ סמיט,,,תפוח עץ סמיט,קילוגרמים,1.00,"ק""ג",true,,9.90,9.9000,true,1,50789
1568,true,רימון,,,רימון,קילוגרמים,1.00,"ק""ג",true,,8.90,8.9000,true,1,50792
1570,true,קלמנטינה,,,קלמנטינה,קילוגרמים,1.00,"ק""ג",true,,5.90,5.9000,true,1,50793
1572,true,אבוקדו מובחר,,,אבוקדו מובחר,קילוגרמים,1.00,"ק""ג",true,,7.90,7.9000,true,1,50795
1574,true,בטטה מתוקה,,,בטטה מתוקה,קילוגרמים,1.00,"ק""ג",true,,8.90,8.9000,true,1,50797
1576,true,אגס,,,אגס,קילוגרמים,1.00,"ק""ג",true,,11.90,11.9000,true,1,50798
1581,true,פלפל צהוב,,,פלפל צהוב,קילוגרמים,1.00,"ק""ג",true,,9.90,9.9000,true,1,50800
1588,true,תירס ארוז,,,תירס ארוז,קילוגרמים,1.00,"ק""ג",true,,9.90,9.9000,true,1,50804
1590,true,משורית סרט 1590 ממ,,,פומלה,קילוגרמים,1.00,"ק""ג",true,,7.90,7.9000,true,1,50805
1591,true,ענב אדום,,,ענב אדום,קילוגרמים,1.00,"ק""ג",true,,29.90,29.9000,true,1,50806
1595,true,חציל בלדי,,,חציל בלדי,קילוגרמים,1.00,"ק""ג",true,,7.90,7.9000,true,1,50809
1602,true,תפוח עץ חרמון ברשת,,,תפוח עץ חרמון ברשת,קילוגרמים,1.00,"ק""ג",true,,9.90,9.9000,true,1,584973
1604,true,אפרסמון,,,אפרסמון,קילוגרמים,1.00,"ק""ג",true,,14.90,14.9000,true,1,50812
1607,true,תפו`א קטן אפיה ארוז,,,תפו`א קטן אפיה ארוז,קילוגרמים,1.00,"ק""ג",true,,3.90,3.9000,true,1,50815
1608,true,זנגוויל\גינגיר תפזור,,,זנגוויל\גינגיר תפזור,קילוגרמים,1.00,"ק""ג",true,,22.90,22.9000,true,1,50816
1610,true,שרי אשכולות לקג,,,שרי אשכולות לקג,קילוגרמים,1.00,"ק""ג",true,,18.90,18.9000,true,1,50817
1613,true,דלורית,,,דלורית,קילוגרמים,1.00,"ק""ג",true,,5.90,5.9000,true,1,50819
1615,true,בצל אדום,,,בצל אדום,קילוגרמים,1.00,"ק""ג",true,,6.90,6.9000,true,1,50821
1617,true,אננס,,,אננס,יח',1.00,יח',false,,37.90,37.9000,true,1,50822
1618,true,אפרסמון קרמבו,,,אפרסמון קרמבו,קילוגרמים,1.00,"ק""ג",true,,15.90,15.9000,true,1,50823
1619,true,פומלית,,,פומלית,קילוגרמים,1.00,"ק""ג",true,,5.90,5.9000,true,1,50824
1621,true,קרמבולה,,,קרמבולה,קילוגרמים,1.00,"ק""ג",true,,39.90,39.9000,true,1,50826
1632,true,קישוא זוקיני ירוק,,,קישוא זוקיני ירוק,קילוגרמים,1.00,"ק""ג",true,,11.90,11.9000,true,1,50827
1645,true,תפוח עץ גלה,,,תפוח עץ גלה,קילוגרמים,1.00,"ק""ג",true,,9.90,9.9000,true,1,50833
1670,true,"בטטה קסביה (תפו""א יר",,,"בטטה קסביה (תפו""א יר",קילוגרמים,1.00,"ק""ג",true,,15.90,15.9000,true,1,50841
1683,true,תפוח עץ פינק קריפס,,,תפוח עץ פינק קריפס,קילוגרמים,1.00,"ק""ג",true,,13.90,13.9000,true,1,50845
1688,true,דלעת יפנית,,,דלעת יפנית,קילוגרמים,1.00,"ק""ג",true,,14.90,14.9000,true,1,50846
1814,true,בצלצלי שאלוט,,,בצלצלי שאלוט,גרמים,280.00,100 גרם,false,,14.90,5.3214,true,1,35541
3500,true,עוף טרי שלם,,,עוף טרי שלם,קילוגרמים,1.00,"ק""ג",true,,18.90,18.9000,true,1,26496
3501,true,כרעיים עוף טרי,,,כרעיים עוף טרי,קילוגרמים,1.00,"ק""ג",true,,26.90,26.9000,true,1,26497
3502,true,חזה עוף טרי,,,חזה עוף טרי,קילוגרמים,1.00,"ק""ג",true,,31.90,31.9000,true,1,26498
3506,true,גרון הודו זכר טרי,,,גרון הודו זכר טרי,קילוגרמים,1.00,"ק""ג",true,,29.90,29.9000,true,1,26500
3507,true,שניצל עוף פרוס טרי,,,שניצל עוף פרוס טרי,קילוגרמים,1.00,"ק""ג",true,,34.90,34.9000,true,1,26501
3511,true,חזה הודו טרי,,,חזה הודו טרי,קילוגרמים,1.00,"ק""ג",true,,33.90,33.9000,true,1,26503
3512,true,שוארמה נקבה טרי,,,שוארמה נקבה טרי,קילוגרמים,1.00,"ק""ג",true,,69.90,69.9000,true,1,26504
3515,true,שוקיים הודו טרי,,,שוקיים הודו טרי,קילוגרמים,1.00,"ק""ג",true,,26.90,26.9000,true,1,26506
3517,true,שוקיים פטם טרי,,,שוקיים פטם טרי,קילוגרמים,1.00,"ק""ג",true,,28.90,28.9000,true,1,26508
3520,true,ירכיים עוף טרי,,,ירכיים עוף טרי,קילוגרמים,1.00,"ק""ג",true,,26.90,26.9000,true,1,26509
3529,true,הודו שלם טרי,,,הודו שלם טרי,קילוגרמים,1.00,"ק""ג",true,,29.60,29.6000,true,1,26512
3534,true,סטייק פרגית טרי,,,סטייק פרגית טרי,קילוגרמים,1.00,"ק""ג",true,,49.90,49.9000,true,1,26516
3543,true,ירכיים הודו טרי,,,ירכיים הודו טרי,קילוגרמים,1.00,"ק""ג",true,,54.90,54.9000,true,1,26519
3546,true,בשר עוף טרי טחון,,,בשר עוף טרי טחון,קילוגרמים,1.00,"ק""ג",true,,36.90,36.9000,true,1,26520
3551,true,גרון עוף טרי,,,גרון עוף טרי,קילוגרמים,1.00,"ק""ג",true,,4.90,4.9000,true,1,222530
3611,true,זנבות הודו טרי,,,זנבות הודו טרי,קילוגרמים,1.00,"ק""ג",true,,5.90,5.9000,true,1,26521
5504,true,דונאטס בטעמים מצופה,,,דונאטס בטעמים מצופה,גרמים,45.00,100 גרם,false,,6.90,15.3333,true,1,2755
5506,true,דונאטס בטעמים ממולא,,,דונאטס בטעמים ממולא,גרמים,65.00,100 גרם,false,,7.90,12.1538,true,1,571866
7664,true,שרי תמר תפזורת לובלו,,,שרי תמר תפזורת לובלו,קילוגרמים,1.00,"ק""ג",true,,22.90,22.9000,true,1,50907
8888,true,פיקדון זיכוי לקוח,,,פיקדון זיכוי לקוח,יחידה,0.00,יחידה,false,,0.30,0.0000,true,1,34549
9999,true,פיקדון בקבוקים,,,פיקדון בקבוקים,יחידה,0.00,יחידה,false,,0.30,0.0000,true,1,75
5678585,true,ענב סקרלוטה,,,ענב סקרלוטה,קילוגרמים,1.00,"ק""ג",true,,29.90,29.9000,true,1,50921
32147230,false,"מיץ לימון סיצילייה 200 מ""ל",ג'נרל מילס סאן אדריא,,מיץ לימון סיצילייה 2,מיליליטרים,200.00,"100 מ""ל",false,,6.90,3.4500,true,1,5443
40084107,false,ביצת שוקולד הפתעה קינדר,קדבורי,IT,ביצת הפתעה קינדר 20,גרמים,20.00,100 גרם,false,,6.90,34.5000,true,1,41431
40111216,false,באונטי חטיף קוקוס ושוקולד 57ג',"נארז ע""י : א.ג. גילר",NL,חטיף שוקולד באונטי 5,גרמים,57.00,100 גרם,false,,3.90,6.8421,true,1,20592
40345123,false,סמרטיז גליל סוכריות כפתורים 38 ג',,,סמרטיס ג`ל 120גר,גרמים,38.00,100 גרם,false,,3.90,10.2632,true,1,41922
42138105,false,סיגריות וינסטון סופר סלימס כחול,גיי טי אינטרנשיונל,,וינסטון סלימס כחול ק,יחידה,0.00,יחידה,false,,32.00,0.0000,false,1,4090
42315926,false,"קרם ידיים ניוואה סמוט 100 מ""ל",,,קרם ידיים ניוואה 100,מיליליטרים,100.00,"100 מ""ל",false,,14.90,14.9000,true,1,74690
50398911,false,חמצן %9 60 מ''ל אינדולה,,,אינדולה קרם חמצן 9%,מיליליטרים,60.00,"100 מ""ל",false,,4.00,6.6667,true,1,7903
59082637,false,"רקסונה - דאודורנט רולאון לגבר אקסטרא קול 50 מ""ל",,GB,רקסונה רול-און אקסטר,מיליליטרים,50.00,"100 מ""ל",false,,14.90,29.8000,true,1,10037
72940754,false,מילקי וניל 133 גרם,"שטראוס גרופ בע""מ",IL,"מילקי וניל 170 מ""ל",מיליליטרים,170.00,"100 מ""ל",false,,2.90,1.7059,true,1,23202
72940761,false,מילקי שוקולד מהדרין 170 ג',מיוצר עי קונדיטוריית,IL,מילקי שוקולד מהדרין,מיליליטרים,170.00,"100 מ""ל",false,,2.90,1.7059,true,1,23203
72940952,false,מילקי פי 2 קצפת אקסטרה 170 ג',"שטראוס גרופ בע""מ",IL,מילקי אקסטראה קצפת מ,מיליליטרים,110.00,"100 מ""ל",false,,3.80,3.4545,true,1,23204
72940976,false,כרוב אדום אחלה 250 ג',מיוצר עי קונדיטוריית,IL,אחלה סלט כרוב אדום,גרמים,250.00,100 גרם,false,,7.90,3.1600,true,1,23205
72940983,false,חומוס אחלה 250 גרם,,,אחלה חומוס 250ג,גרמים,250.00,100 גרם,false,,6.90,2.7600,true,1,23206
72941041,false,מיני מילקי שוקולד 62 גרם,"שטראוס גרופ בע""מ",IL,מיני מילקי שוקולד 70,מיליליטרים,70.00,"100 מ""ל",false,,2.50,3.5714,true,1,23207
72945308,false,קוביות שמרים לאפיה שמרית 2*25 ג',"פאקא תעשיות בע""מ",IL,שמרית קוביות שמרים ל,גרמים,50.00,100 גרם,false,,3.50,7.0000,true,1,23208
72961209,false,"שמנת חמוצהבד""צ תנובה",,IL,"שמנת חמוצהבד""צ תנובה",מיליליטרים,200.00,"100 מ""ל",false,,2.40,1.2000,true,1,25682
72961223,false,"גילה גדול 200 מ""ל",,IL,"גיל 3% בד""צ 200 מ""ל",מיליליטרים,200.00,"100 מ""ל",false,,1.51,0.7550,true,1,25684
72961506,false,יוגורט עם תות 1.5% שומן 125 ג' פרילי,מיוצר עי קונדיטוריית,IL,פרילי תות 1.5% 125מל,מיליליטרים,125.00,"100 מ""ל",false,,3.70,2.9600,true,1,25685
72961520,false,יוגורט עם אננס 1.5% שומן 125 ג' פרילי,מיוצר עי קונדיטוריית,IL,פרילי אננס 1.5% 125מ,מיליליטרים,125.00,"100 מ""ל",false,,3.70,2.9600,true,1,25687
72961544,false,יוגרט תות 3% 125שומן ג' באדי,מחלבת אלון תבור,IL,באדי תות 125מל,מיליליטרים,125.00,"100 מ""ל",false,,2.90,2.3200,true,1,25688
72963753,false,שמנת אורגינל של פעם 27% שומן 200 ג' תנובה,תנובה מרכז שיתופי לש,IL,תנובה שמנת של פעם 27,מיליליטרים,200.00,"100 מ""ל",false,,4.20,2.1000,true,1,25693
72964132,false,פרילי טבע 1.9% גביע 200 גר,מיוצר עי קונדיטוריית,IL,פרילי טבע עם גרנולה,מיליליטרים,200.00,"100 מ""ל",false,,4.90,2.4500,true,1,25695
72964422,false,"יוגורט פרחים גביע 4.5% 200 מ""ל",מחלבת תנובה,IL,תנובה יוגורט פרחים 4,מיליליטרים,200.00,"100 מ""ל",false,,2.90,1.4500,true,1,25696
72986240,false,באדי מעדן שוקו גביע 125גרם 2% בדצ,מחלבת אלון תבור,IL,באדי שוקו בדץ 125מל,מיליליטרים,125.00,"100 מ""ל",false,,2.90,2.3200,true,1,25698
72986370,false,"גלידת בן & ג'ריס פיינטים וניל 500מ""ל",מוצרי איכות אמריקאים,IL,גלידת פיינטים וניל צ,מיליליטרים,420.00,"100 מ""ל",false,,19.90,4.7381,true,1,14336
72986424,false,"גלידת בן & ג'ריס פיינטים קרם עוגיות 500מ""ל",מוצרי איכות אמריקאיי,IL,גלידת פיינטים קרם עו,מיליליטרים,420.00,"100 מ""ל",false,,19.90,4.7381,true,1,14337
72986448,false,"גלידת בן & ג'ריס פיינטים טופי קראנץ 500מ""ל",מוצרי איכות אמריקאיי,IL,גלידת טופי קרנץ,מיליליטרים,420.00,"100 מ""ל",false,,19.90,4.7381,true,1,14338
72986455,false,"גלידת בן & ג'ריס פיינטים ניו-יורק 500מ""ל",מוצרי איכות אמריקאיי,IL,גלידת פיינטים ניו-יו,מיליליטרים,420.00,"100 מ""ל",false,,19.90,4.7381,true,1,14339
72986479,false,"גלידה שוקולד אגוז עם בננות בן וג'ירי 500 מ""ל",מוצרי איכות אמריקאיי,IL,גלידת פיינטים צאנקי,מיליליטרים,420.00,"100 מ""ל",false,,19.90,4.7381,true,1,14340
72991374,false,סיגריות טיים רד חפיס,דובק,,טיים רד,יחידה,0.00,יחידה,false,,28.90,0.0000,false,1,4541
72993637,false,מעדן חלב בטעם שוקולד 125 ג' דני,מחלבת אחיהוד,IL,דני מהדרין שוקו בודד,מיליליטרים,125.00,"100 מ""ל",false,,2.90,2.3200,true,1,23211
80001461,false,לואקר חטיף שוקולד 38 גר',"א. לואקר קונפקט בע""מ",AT,'חטיף גרדנה שוקולד 3,גרמים,38.00,100 גרם,false,,3.50,9.2105,true,1,12530
80042556,false,POLPA עגבניות חתוכות דק 400 גרם MUTTI,"איי, בי, אינבוו",IT,עגבניות MUTTI מרוסקו,גרמים,400.00,100 גרם,false,,5.90,1.4750,true,1,181256
80050025,false,סוכריות טיק טק בטעם תפוז,קדבורי,ZA,טיק טק תפוז,גרמים,16.00,100 גרם,false,,3.19,19.9375,true,1,41433
80050124,false,סוכריות טיק טק בטעם מנטה,קדבורי,ZA,טיק טק סוכריות,גרמים,16.00,100 גרם,false,,3.19,19.9375,true,1,41434
80052760,false,קינדר בואנו קלאסי 43 ג',קדבורי,PL,חטיף קינדר בואנו שוק,גרמים,43.00,100 גרם,false,,4.20,9.7674,true,1,41440
80052883,false,סוכריות מנטה חזק 16 ג' טיק טק,,ZA,טיק טק מנטה כחול,יחידה,0.00,יחידה,false,,3.19,0.0000,true,1,489249
80136194,false,קינדר הפי היפו אגוזי לוז חמישייה 103.5 ג,קדבורי,IT,הפי היפו 5*20ג,גרמים,102.00,100 גרם,false,,12.90,12.6471,true,1,41441
80176800,false,נוטלה ממרח שוקולד 750 גרם,פררו תעשיות איטליה ס,IT,ממרח שוקולד נוטלה 75,גרמים,750.00,100 גרם,false,,26.90,3.5867,true,1,41443
80177173,false,ממרח נוטלה קקאו עם א,פררו,IT,ממרח נוטלה קקאו עם א,גרמים,350.00,100 גרם,false,,15.90,4.5429,true,1,41444
80177609,false,קינדר - אצבעות שוקולד רביעייה,קדבורי,IT,קינדר אצבעות שוק.חלב,גרמים,50.00,100 גרם,false,,4.90,9.8000,true,1,41446
80761761,false,קינדר בואנו לבן בודד 39 גר,קדבורי,PL,קינדר בואנו לבן 39ג,גרמים,43.00,100 גרם,false,,4.20,9.7674,true,1,41449
80773429,false,מסטיק מנטוס פיור פרש בבקבוק בינוני בטעם תות 60 ג',"פרפטי ואן מלה ג'ידה,",TR,מסטיק מנטוס בקבוק בט,גרמים,60.00,100 גרם,false,,10.90,18.1667,true,1,12546
80773443,false,מסטיק מנטוס בבקבוק מעוגל בטעם מנטה מעודנת 60 ג',"פרפטי ואן מלה ג'ידה,",TR,מסטיק מנטוס בקבוק בט,גרמים,60.00,100 גרם,false,,10.90,18.1667,true,1,12547
80790990,false,מסטיק מנטוס בבקבוק מעוגל בטעם פירות -מנטה 60 ג',"פרפטי ואן מלה ג'ידה,",TR,מסטיק מנטוס בקבוק בט,גרמים,60.00,100 גרם,false,,10.90,18.1667,true,1,12551
80794233,false,מסטיק מנטוס ביג בבקבוק מעוגל טעם מנטה 90 ג',,,מסטיק מנטוס ביג בבקב,גרמים,90.00,100 גרם,false,,16.30,18.1111,true,1,12553
80804697,false,מסטיק מנטוס וויט ביג סוויטמינט 105 גר,"אינסטנטה בע""מ",TR,מסטיק מנטוס וויט מנט,גרמים,105.00,100 גרם,false,,16.30,15.5238,true,1,12557
80854753,false,סוכרית מנטוס מנטה ללא סוכר 21 גרם Clean Breath,קדבורי,NL,"ס.מנטוס מנטה לל""ס 30",גרמים,21.00,100 גרם,false,,6.90,32.8571,true,1,75629
80862130,false,מסטיק מנטוס פיור פרש בטעם אבטיח 28 גרם,פרפטי ואן מלה ברדה,TR,מסטיק מנטוס פיור פרש,גרמים,28.00,100 גרם,false,,4.50,16.0714,true,1,132740
80864295,false,סוכריות פיור וויט טעם מנטה עדינה 60 ג' מנטוס,"פרפטי ואן מלה ג'ידה,",TR,מנטוס פיור וויט ללא,גרמים,60.00,100 גרם,false,,10.90,18.1667,true,1,272812
80874652,false,קינדר קלפים בודד 25.6 גר',פררו,IT,קינדר קארדס חטיף בוד,גרמים,25.60,100 גרם,false,,3.90,15.2344,true,1,36253
80896081,false,מסטיק מנטוס פיור פרש בבקבוק בינוני בטעם אבטיח 60 ג',"פרפטי ואן מלה ג'ידה,",TR,מסטיק מנטוס בקבוק בט,גרמים,60.00,100 גרם,false,,10.90,18.1667,true,1,12570
80913467,false,מסטיק מנטו בבקבוק מעוגל בטעם מנטה 60 ג',פרפטי ואן מלה ברדה,TR,מסטיק מנטוס בקבוק בט,גרמים,60.00,100 גרם,false,,10.90,18.1667,true,1,12572
80936848,false,סוכריות טיק טק תות שדה 24 יח',קדבורי,ZA,טיק טק תות שדה 16גר,גרמים,16.00,100 גרם,false,,3.19,19.9375,true,1,41451
80945468,false,סוכריות פיור וויט טעם מנטה מתוקה 60 ג' מנטוס,"פרפטי ואן מלה ג'ידה,",TR,מנטוס פיור וויט ללא,גרמים,60.00,100 גרם,false,,10.90,18.1667,true,1,272826
87108538,false,סוכריות מנטוס תות גל,הדקלאים אגודת שיתופי,NL,מנטוס תות בגליל 37.5,גרמים,37.50,100 גרם,false,,2.90,7.7333,true,1,12585
87311396,false,מנטוס ריינבואו בגליל 40 ג',פרפטי ואן מלה,NL,מנטוס סוכריות גליל,גרמים,37.00,100 גרם,false,,2.90,7.8378,true,1,12591
90087769,false,מיץ אננס 100% קרטונית ראוך,,AT,מיץ אננס 1ל 100%,ליטרים,1.00,ליטר,false,,11.50,11.5000,true,1,24894
90087974,false,"חומץ תפוחים 5% 750 מֿֿֿֿ""ל 12X",ראוך פרוכטסאפה,AT,חומץ תפוחים 5% תומר,מיליליטרים,750.00,"100 מ""ל",false,,12.90,1.7200,true,1,24896
90162602,false,"משקה רד בול מוגז פחית 250 מ""ל",רד בול ג'י.אם.בי. אץ,AT,משקה אנרגיה RED BULL,מיליליטרים,250.00,"100 מ""ל",false,,5.90,2.3600,true,1,5222
96033531,false,"דאו דאב רול און רימונים ולואיזה 50 מ""ל",,GB,דאב רולאון רימונים 5,מיליליטרים,50.00,"100 מ""ל",false,,14.90,29.8000,true,1,10045
198888886,false,עיגול אגורות,,,עיגול אגורות,יחידה,0.00,יחידה,false,,1.00,0.0000,true,1,47109
8112100298,false,שמן שומשום טהור לא מ,Flavor full foods in,,שמן שומשום טהור לא מ,מיליליטרים,185.00,"100 מ""ל",false,,14.90,8.0541,true,1,47519
8421361250,false,בובת TY עיניים גדולות (S) דיוק הכלב לבן חום,,,בובות TY עיניים גדול,יחידה,0.00,יחידה,false,,28.90,0.0000,true,1,31751
10900678148,false,דיאמונד רדיד אלומיניום נון סטיק,,CN,רדיד אלומיניום נון ס,יחידה,0.00,יחידה,false,,14.90,0.0000,true,1,263297
11210000094,false,"רוטב טבסקו אדום 60 מ""ל",מקאילהייני אייבורי,,טבסקו,מיליליטרים,60.00,"100 מ""ל",false,,10.90,18.1667,true,1,37908
11210002500,false,"רוטב טבסקו בפאלו 150 מ""ל","ניצן מותגי מזון בע""מ",,טבסקו רוטב כנפי באפא,מיליליטרים,150.00,"100 מ""ל",false,,22.90,15.2667,true,1,37910
11210698055,false,רוטב טבסקו סרירציה 566 גרם,,,רוטב טבסקו סרירצ'ה,מיליליטרים,566.00,"100 מ""ל",false,,28.90,5.1060,true,1,37916
13300555392,false,פילסברי מיקס בראוניז שוקולד חלב 521 ג',,US,תערובת עוגה מיקס ברא,גרמים,432.00,100 גרם,false,,15.90,3.6806,true,1,479634
13628609388,false,חומץ בלסמי מובחר 500מל,,,חומץ בלסמי כשר ירוק,מיליליטרים,500.00,"100 מ""ל",false,,25.00,5.0000,true,1,5447
16000423534,false,ניטשר ואלי חטיף שיבולת שועל שוקולד מריר קראנצי 210ג',ג'נרל מילס סאן אדריא,ES,חטיף קראנצי שיבולת ש,גרמים,210.00,100 גרם,false,,19.50,9.2857,true,1,12597
16000548404,false,ניטשר ואלי חטיף קראנצי גרנולה שיבולת שועל 210 ג',ג'נרל מילס סאן אדריא,ES,חטיף קראנצי גרנולה ש,גרמים,210.00,100 גרם,false,,19.50,9.2857,true,1,12601
16000548503,false,ניטשר ואלי קראנצי חטיף גרנולהומייפל 10 יח' 210 ג',ג'נרל מילס סאן אדריא,ES,חטיף קראנצי גרנולה מ,גרמים,210.00,100 גרם,false,,19.50,9.2857,true,1,12603
16000548602,false,נייטשר וואלי חטיף קראנצ'י קינמון 210ג',ג'נרל מילס סאן אדריא,ES,חטיף שיבולת שועל מלא,גרמים,210.00,100 גרם,false,,19.50,9.2857,true,1,12604
16229924263,false,"קרם קוקוס 250 מ""ל.",,,"קרם קוקוס 250 מ""ל.",מיליליטרים,250.00,"100 מ""ל",false,,9.90,3.9600,true,1,3347
18000701223,false,תערובת לעוגת שוקולד 517 גרם פילסבורי,הדקלאים אגודת שיתופי,IL,תערובת לעוגת שוק.דוי,גרמים,500.00,100 גרם,false,,16.90,3.3800,true,1,12608
18000766413,false,תערובת להכנת עוגה בטעם שוקולד,הדקלאים אגודת שיתופי,IL,תערובת לעוגת בראוניס,גרמים,550.00,100 גרם,false,,16.90,3.0727,true,1,12611
22200956932,false,דאודורנט ספיד סטיק גל 24/7 כחול 85 גר,הנסיך- מפעל לייצור ט,US,דאו' ג'ל כחול ספיד ס,גרמים,85.00,100 גרם,false,,18.90,22.2353,true,1,21188
25675120006,false,חמצוצים 4 צבעים טבעי 100 גרם,,,חמצוצים חמצוצים טבעי,גרמים,100.00,100 גרם,false,,8.90,8.9000,true,1,3758
25675120020,false,מקלות חמצוצים פטל 100 גרם,,,חמצוצים מקלות פטל 10,גרמים,100.00,100 גרם,false,,8.90,8.9000,true,1,3759
25675120037,false,מקלות חמצוצים תות 100 גרם,,,חמצוצים מקלות תות 10,גרמים,100.00,100 גרם,false,,8.90,8.9000,true,1,3760
25675120044,false,"מקלות חמצוצים תפו""ע 100 גרם",,,חמצוצים מקלות תפוח ע,גרמים,100.00,100 גרם,false,,8.90,8.9000,true,1,3761
30000315989,false,קוואקר פרוטאין חמוציות ושקדים 372 גר,קוואקר אוטס קומפני,US,פרוטאין חמוציות ושקד,גרמים,372.00,100 גרם,false,,21.90,5.8871,true,1,24143
31200001597,false,חמוציות אושן ספריי קליית גת בשקית 170 גרם,,,חמוציות ממותקות ומיו,גרמים,170.00,100 גרם,false,,9.90,5.8235,true,1,12615
34000196173,false,שוקולד הרשי טבלה XL קוקיס אנד קרים 113ג',הרשי,,הרשיז קוקיס אנד קרים,גרמים,113.00,100 גרם,false,,7.90,6.9912,true,1,12622
36000516876,false,ממחטות נייר קלינקס לושן 3 שכבות 75 דף,קימברלי,GB,קלינקס לושן תלת שכבת,יחידה,0.00,יחידה,false,,9.90,0.0000,true,1,8787
37600207188,false,חמאת בוטנים סקיפי קלאסי 462 גר',חברת המזון אלגוד,US,סקיפי חמאת בוטנים קל,גרמים,462.00,100 גרם,false,,17.90,3.8745,true,1,5226
38000232152,false,פרינגלס ברביקיו 158 גרם – חדש,פרינגלס מניופקצ'ורינ,US,פרינגלס ביג ברביקיו,גרמים,158.00,100 גרם,false,,8.90,5.6329,true,1,52866
38000232176,false,פרינגלס שמנת ובצל 158 גרם,פרינגלס מניופקצ'ורינ,US,פרינגלס ביג שמנת בצל,גרמים,158.00,100 גרם,false,,8.90,5.6329,true,1,52867
38000232183,false,פרינגלס אוריגינל 149 גרם,פרינגלס מניופקצ'ורינ,US,פרינגלס ביג אורגינל,גרמים,158.00,100 גרם,false,,8.90,5.6329,true,1,52868
38527591053,false,קואקר דגנים מרובעים שיבולת שועל וקינמון,BEVERAGES FOODS & SE,,דגני בוקר מרובעים קי,גרמים,412.00,100 גרם,false,,19.90,4.8301,true,1,24145
40000513568,false,M&M's שוקולד אריזה גדולה 156 גרם,מארס,US,עדשי שוקולד M&M,גרמים,156.00,100 גרם,false,,11.90,7.6282,true,1,20645
40000514480,false,M&M אריזה קטנה's שוקולד אריזה קטנה 48 גרם,מרס נדרלנד,,עדשי שוקולד M&M שוקו,גרמים,48.00,100 גרם,false,,4.90,10.2083,true,1,20648
40000514510,false,M&M אריזה קטנה's בוטנים אריזה קטנה 49 גרם,מרס נדרלנד,,בוטנים 49 גרם M&M עד,גרמים,49.00,100 גרם,false,,4.90,10.0000,true,1,20649
42400108153,false,דגני בוקר ממותקים פירות 354 ג'-TOOTIES FRUITIES,POST IIC,US,דגני פרוטיס פוסט 354,גרמים,354.00,100 גרם,false,,23.80,6.7232,true,1,120331
44600300580,false,"מרסס כלורקס לניקוי עם אקונומיקה 946 מ""ל",כלורוקס אוקלנד,US,כלורקס קלין אפ פרש כ,מיליליטרים,946.00,"100 מ""ל",false,,20.90,2.2093,true,1,146355
46214731552,false,עוגיות שוקולד ציפס מובחרות 225 ג',קריניציה ויטמינה אס,NL,מרבה עוגיות שוקולד צ,גרמים,225.00,100 גרם,false,,9.90,4.4000,true,1,21196
50000100347,false,"פריסקיז - מעדני החתול מועשר בחלב 1.40 ק""ג",פורינה,US,פריסקיז מעדני החתול,קילוגרמים,1.40,"ק""ג",false,,38.90,27.7857,true,1,18356
50000429646,false,פנסי פיסט דגי אוקיינוס 85 גרם,פורינה,US,פנסי פיסט פטה דג אוק,גרמים,85.00,100 גרם,false,,5.70,6.7059,true,1,18370
52100041155,false,תערובת מלח הימליה ורוד פלפל ושום 184 גר,מקורמיק,US,תערובת תיבול מלח הימ,גרמים,184.00,100 גרם,false,,25.90,14.0761,true,1,506523
52100070865,false,תמצית וניל טהור מקורמיק 29 גר',מקורמיק,US,תמצית וניל טהורה 29,מיליליטרים,29.00,"100 מ""ל",false,,29.90,103.1034,true,1,13662
54881000048,false,תה במבחר פרי הדר 20 שקיקים אחמד,,,תה שחור מבחר פרי הדר,גרמים,695.00,100 גרם,false,,8.90,1.2806,true,1,127484
54881000055,false,תה שחור מבחר פירות 20 שקיות אחמד,,,תה שחור מבחר פירות 2,גרמים,695.00,100 גרם,false,,8.90,1.2806,true,1,127485
54881000208,false,תה שחור לימון וגינגיר 20 שקיות אחמד,,,תה שחור לימון וגינג',גרמים,711.00,100 גרם,false,,8.90,1.2518,true,1,127487
54881003971,false,תה ירוק מבחר 20 שקיקים,,,תה ירוקמ בחר 20 שקיו,גרמים,180.00,100 גרם,false,,9.90,5.5000,true,1,127503
54881005654,false,תה ירוק יסמין 20 שקיות AHMAD TEA,,,תה ירוק יסמין 20 שקי,גרמים,180.00,100 גרם,false,,9.90,5.5000,true,1,127504
54881006972,false,תה שחור לימון וליים 20 שקיקים אחמד,,,תה שחור לימון וליים,יחידה,0.00,יחידה,false,,8.90,0.0000,true,1,127489
54881007511,false,תה ירוק בטעם מנטה 20 שקיקים 40 גר,,,תה ירוק בטעם מנטה 20,גרמים,180.00,100 גרם,false,,9.90,5.5000,true,1,127505
54881008181,false,תה אחמד אינגליש 100 שקיקים,,,תה אינגליש 100 שקיות,גרמים,180.00,100 גרם,false,,14.90,8.2778,true,1,127459
54881008945,false,תה ירוק 20 שקיות AHMAD TEA,,,תה ירוק 20 שקיות - ת,גרמים,180.00,100 גרם,false,,9.90,5.5000,true,1,127507
55369902564,false,אפלסנקס רביעיות רסק תפוחי עץ ללא תוספת סוכר עברית,ליייהי אורצ'רדס,,אפלסנקס רסק תפוחי עץ,גרמים,452.00,100 גרם,false,,13.90,3.0752,true,1,36858
58000313200,false,קולגייט משחת שיניים,,,קולגייט משחת שיניים,מיליליטרים,150.00,"100 מ""ל",false,,22.90,15.2667,true,1,590389
64144090020,false,"ספריי שמן PAM בטעם שמן זית 141 מ""ל",קונאגרה פודס,,תרסיס שמן זית פאם 14,גרמים,148.00,100 גרם,false,,17.90,12.0946,true,1,12639
64144090051,false,"ספריי שמן PAM קנולה אורגינל 148 מ""ל",קונאגרה פודס,FI,תרסיס שמן קנולה פאם,מיליליטרים,148.00,"100 מ""ל",false,,17.90,12.0946,true,1,12640
70177077563,false,תה ארל גריי 25 שקיות טוינינגס 50 גר,אר. טווינינגס אנד קו,PL,טווינינג ארל גריי 50,גרמים,50.00,100 גרם,false,,18.90,37.8000,true,1,13666
70177077693,false,תה אנגליש ברקפסט 25 שקיות טוינינגס 50 גר,אר. טווינינגס אנד קו,PL,טווינינג אינגליש ברק,גרמים,50.00,100 גרם,false,,18.90,37.8000,true,1,13667
70177086664,false,תה ירוק טהור 25 שק TWININGS,טוינינג,GB,טווינינג גרין פיור 5,גרמים,50.00,100 גרם,false,,19.90,39.8000,true,1,13669
70177173159,false,תה ירוק עם לימון 25 שק TWININGS,אר. טווינינגס אנד קו,PL,טווינינג גרין למון 4,גרמים,40.00,100 גרם,false,,19.90,49.7500,true,1,13670
70177173166,false,תה יסמין ירוק 25 שקיקים TWININGS,,PL,טווינינג גרין ג'סמין,גרמים,45.00,100 גרם,false,,19.90,44.2222,true,1,13671
70177177669,false,חליטה למון גינגר 30 גרם טווינינג,,PL,טווינינג חליטה למון,גרמים,30.00,100 גרם,false,,17.90,59.6667,true,1,13682
72600062320,false,הר חטיף גבינה בטעם פיצה 198 גרם,הר פודס,,הר חטיף גבינה בטעם פ,גרמים,198.00,100 גרם,false,,19.90,10.0505,true,1,164959
76840001767,false,גלידת וניל עוגיות חמאת בוטנים בצק לא אפו,מוצרי איכות אמריקאים,IL,גלידת פיינטים WAKE&N,מיליליטרים,420.00,"100 מ""ל",false,,19.90,4.7381,true,1,77725
76840002542,false,"גלידת בן & ג'ריס פיינט נטפליקס וצ'ילד 500מ""ל",מוצרי איכות אמריקאים,IL,גלידת פיינטים נטפליק,מיליליטרים,420.00,"100 מ""ל",false,,19.90,4.7381,true,1,77727
76840100156,false,"בן אנד גריס גלידת צרי גרסיה 500 מ""ל",מוצרי איכות אמריקאיי,US,בן&גרי גלידה צרי גרס,גרמים,473.00,100 גרם,false,,19.90,4.2072,true,1,14353
76840100583,false,"גלידת וניל עם בצק עוגיות בן וג'ירי 473 מ""ל",מוצרי איכות אמריקאיי,,גלידה וניל +בצק עוגי,מיליליטרים,473.00,"100 מ""ל",false,,19.90,4.2072,true,1,14354
76840400218,false,"גלידה בן&ג'ריס תות שדה ועוגת גבינה 500מ""ל",מוצרי איכות אמריקאיי,,בן&גריס גלידה תות שד,מיליליטרים,475.00,"100 מ""ל",false,,19.90,4.1895,true,1,14367
77245110610,false,סוכריות מאסט ללא סוכר בטעם מנטה 80 ג'עלית,MIESZKO S.A - MS. JO,CO,סוכריות מאסט ללא סוכ,גרמים,80.00,100 גרם,false,,8.90,11.1250,true,1,22151
77975022757,false,בייגלה אמריקאי ענק בקופסא 390 גר,סניידרס,,סניידרס בייגלה אמריק,גרמים,382.00,100 גרם,false,,15.90,4.1623,true,1,12642
77975034071,false,סניידרס חטיף בייגלה ניברלס 255.2 גרם,סיינדרס,US,בייגלה סניידרס ניבלר,גרמים,255.00,100 גרם,false,,15.90,6.2353,true,1,12646
77975036976,false,מטבל עגבניות בחריפות עדינה סניידרס 439 ג',סניידרס,,סניידרס מטבל סלסה בח,גרמים,439.00,100 גרם,false,,16.90,3.8497,true,1,12647
77975094631,false,סנדוויץ' בייגלה במילוי בטעם קרם צ'דר 226 גר',סיינדרס,US,סניידרס בייגלה סנדוו,גרמים,266.00,100 גרם,false,,15.90,5.9774,true,1,147211
77975094761,false,שברי בייגלה סניידרס בטעם צידר 340 גרם,סניידרס,US,סניידרס צ'דר 340 גרם,גרמים,340.00,100 גרם,false,,15.90,4.6765,true,1,147212
77975094778,false,שברי בייגלה סניידרס בטעם דבש חרדל 340 גר,סניידרס,US,סניידרס שברי בייגלה,גרמים,340.00,100 גרם,false,,15.90,4.6765,true,1,197332
77975095164,false,שברי בייגלה בטעם פרמז'ן ושום 318 ג' סניידרס,סניידרס,US,בייגלה סניידרס בטעם,גרמים,318.00,100 גרם,false,,15.90,5.0000,true,1,575396
80432402931,false,"וויסקי שיבאס רגאל 12 שנה 700 מ""ל",מזקקת האחים שיבאס,GB,שיבאס וויסקי ריגאל 1,מיליליטרים,700.00,"100 מ""ל",false,,110.00,15.7143,true,1,33769
85696608044,false,טופו ללא גלוטן מזרח,Morinaga NUTRITIONAL,US,טופו ללא גלוטן מזרח,גרמים,349.00,100 גרם,false,,12.90,3.6963,true,1,47523
107300003851,false,מיכל הקטנה וקסם הנקי,,,מיכל הקטנה וקסם הנקי,יח',0.00,יח',false,,39.90,0.0000,true,1,61286
350007641028,false,משחת שיניים 2 ב-1 הלבנה קולגייט 130 ג',,,קולגייט משחת שיניים,מיליליטרים,130.00,"100 מ""ל",false,,12.90,9.9231,true,1,134007
350007641646,false,מש.שיניים קולגייט 2 ב-1 רעננות 130 גר,,,קולגייט משחת שיניים,מיליליטרים,130.00,"100 מ""ל",false,,12.90,9.9231,true,1,134008
611745285432,false,סט 3 מגבות מטבח,,,סט 3 מגבות מטבח,יחידה,0.00,יחידה,false,,14.90,0.0000,true,1,71293
611745285685,true,אבוקדו בשל יח,,,אבוקדו בשל יח,גרמים,470.00,100 גרם,false,,8.90,1.8936,true,1,50922
613008742348,false,בקבוק אריזונה ג'נסינג ודבש 1 ליטר,"נטורלה גטרנק בע""מ",DE,אריזונה ג'נסנג ודבש,ליטרים,1.00,ליטר,false,,11.80,11.8000,true,1,106028
613008742409,false,בקבוק אריזונה אפרסק 1 ליטר,"נטורלה גטרנק בע""מ",DE,אריזונה אפרסק בקבוק,ליטרים,1.00,ליטר,false,,11.80,11.8000,true,1,106029
613008753290,false,"בקבוק אריזונה אפרסק 450 מ""ל",נובה טרייד,BG,"אריזונה אפרסק 450 מ""",מיליליטרים,450.00,"100 מ""ל",false,,8.30,1.8444,true,1,39371
613008755461,false,בקבוק אריזונה אוכמניות 1 ליטר,"נטורלה גטרנק בע""מ",DE,אריזונה אוכמניות בקב,ליטרים,1.00,ליטר,false,,11.80,11.8000,true,1,106030
628154383659,false,דגני בוקר פרוטי פבלס 311 ג' POST,PO קוד יצרן,PL,דגני בוקר פרוטי פבלס,גרמים,311.00,100 גרם,false,,23.80,7.6527,true,1,385355
633824913432,false,"וודקה ואן גוך אסאי 750 מ""ל",מזקקת קוימאנס טילבור,NL,ואן גוך וודקה אסאי ב,מיליליטרים,750.00,"100 מ""ל",false,,139.90,18.6533,true,1,33772
634065859329,false,אוזנייה שחורה,,,אוזנייה שחורה,יחידה,0.00,יחידה,false,,29.90,0.0000,true,1,424593
645173911038,false,מלפפון קורנישון מיני בצנצנת 720ג',קלמן אינדיה,,מלפפונים קורנישון מי,גרמים,720.00,100 גרם,false,,10.90,1.5139,true,1,24900
649660432020,false,היל ויו שזיפים מיובשים מגולענים 567 גרם,"היל ויו בע""מ",,הייל ויו שזיפים מיוב,גרמים,567.00,100 גרם,false,,29.90,5.2734,true,1,187135
651080161510,false,"פלאקרס ""פלוסר ""חוט דנטלי משופר 35יח'-חדש",מיוצר עי קונדיטוריית,CN,פלקרס קיסם עם חוט ג',יחידה,0.00,יחידה,false,,9.90,0.0000,true,1,5471
693493065658,false,"טחינה הר כנען טחינה שכם לבנה 100% 1 ק""ג",,,טחינה שכם לבנה בעבוד,קילוגרמים,1.00,"100 ק""ג",false,,27.90,2790.0000,true,1,398611
710535495539,false,"אורז בסמטי 96% 1 ק""ג Avel",,IN,"אבאל אורז בסמטי 1 ק""",קילוגרמים,1.00,"ק""ג",false,,11.90,11.9000,true,1,85196
728229123590,false,טרה צ'יפס ירקות אורגינל 110 גרם,הונדורס צ'יפס יצור א,HN,טרה צ'יפס ירקות שורש,גרמים,110.00,100 גרם,false,,15.50,14.0909,true,1,5478
728229123811,false,טרה צ'יפס ירקות ים-תיכוני 110 גרם,הונדורס צ'יפס יצור א,HN,טרה צ'יפס חטיף ים ת,גרמים,110.00,100 גרם,false,,15.50,14.0909,true,1,5480
728229130154,false,חטיף ציפס מבטטה וסלק 110 גרם,הונדורס צ'יפס יצור א,HN,טרה צ'יפס חטיף בטטה,גרמים,110.00,100 גרם,false,,15.50,14.0909,true,1,5484
753182231761,false,"משקה אנרגיה BLU ללא תוספת סוכר 250 מ""ל",אקו - ביט,PL,בלו סיקס ללא סוכר 25,מיליליטרים,250.00,"100 מ""ל",false,,4.50,1.8000,true,1,1812
768404001640,false,"גלידה בן&ג'ריס קפה משפחתית 500מ""ל",מוצרי איכות אמריקאיי,,גלידה פיינטס קפה 473,מיליליטרים,473.00,"100 מ""ל",false,,19.90,4.2072,true,1,14377
811146030178,false,טינגלרס פטל בשקית דיספליי 288 גרם,,,טינגלרס פטל בשקית 28,גרמים,288.00,100 גרם,false,,13.90,4.8264,true,1,12992
811146030185,false,טינגלרס דובדבן בשקית דיספליי 288 גרם,,,טינגרלס דובדבן בשקית,גרמים,288.00,100 גרם,false,,12.90,4.4792,true,1,363353
811146030383,false,פשקס סוכריות קשות בצורת ספינר 120גר,,,סוכריות קשות בטעם פי,גרמים,120.00,100 גרם,false,,12.90,10.7500,true,1,363324
811146030765,false,פרו-זיפס כפול פירות בשקית 255 גר',,,פרו-זיפס כפול פירות,גרמים,255.00,100 גרם,false,,12.90,5.0588,true,1,363295
811250030699,false,פלפל שחור טחון 50 גר,,,פלפל שחור טחון 50 גר,גרמים,50.00,100 גרם,false,,5.90,11.8000,true,1,34725
835811000402,false,כפות 50 יח' קרם עבה,,TR,כפות 50 יח' קרם עבה,יחידה,0.00,יחידה,false,,16.90,0.0000,true,1,7431
835811000419,false,כפיות 50 יח' קרם עבה,,TR,כפיות 50 יח' קרם עבה,יחידה,0.00,יחידה,false,,16.90,0.0000,true,1,7432
835811001676,false,מגש הכסף תבנית מלבן,,IL,תבנית גדולה 9 יח. R-,יחידה,0.00,יחידה,false,,11.90,0.0000,true,1,7448
835811003427,false,"צלחות גדולות מקנה סוכר 1 ק""ג",,,צלחות גדול מקנה סוכר,יחידה,0.00,יחידה,false,,34.90,0.0000,true,1,579084
835811003458,false,מזלגות אלגנט שחור / שקוף 50 יח' הנמל,,,מזלגות אלגנט שקוף 50,יחידה,0.00,יחידה,false,,9.90,0.0000,true,1,544186
835811003472,false,כפות אלגנט שחור / שקוף 50 יח' הנמל,,,כפות אלגנט שקוף 50 י,יחידה,0.00,יחידה,false,,9.90,0.0000,true,1,544171
835811003489,false,כפיות אלגנט שחור / שקוף 50 יח' הנמל,,,כפיות אלגנט שקוף 50,יחידה,0.00,יחידה,false,,9.90,0.0000,true,1,544188
835811003588,false,צלחות קלאסי גדול לבן 65 יח' הנמל,,,צלחות קלאסי לבן גדול,יחידה,0.00,יחידה,false,,34.90,0.0000,true,1,370450
835811003595,false,צלחות קלאסי קטן לבן 65 יח' הנמל,,,צלחות קלאסי לבן קטן,יחידה,0.00,יחידה,false,,24.90,0.0000,true,1,370436
835811003878,false,שקיות אשפה עם ידיות הנמל 40 יח 50*70,,,שקיות אשפה עם ידיות,יחידה,0.00,יחידה,false,,12.90,0.0000,true,1,7507
835811004202,false,מפות שולחן 6 מטר עבה,,,מפות שולחן 6 מטר עבה,יחידה,0.00,יחידה,false,,17.50,0.0000,true,1,7511
835811004219,false,מפות שולחן ניילון עבה הנמל 8 יח',,,מפות שולחן 8 מטר עבה,מטרים,8.00,מטר,false,,17.50,2.1875,true,1,7512
835811004431,false,מארז ממחטות טישו משי 100X5 יח',,,מארז ממחטות נייר טי,יח',5.00,יח',false,,9.90,1.9800,true,1,280479
835811005339,false,שקיות אוכל קרטון הנמל זוג*150 יח',,,זוג שקיות אוכל הנמל,יח',300.00,יח',false,,8.90,0.0297,true,1,7549
835811005728,false,עלים לעוגת קרמשניט 400 גרם,,IT,עלים לקרמשניט 400 גר,גרמים,400.00,100 גרם,false,,18.90,4.7250,true,1,7565
835811005810,false,תבנית אלמניום מרובע קטן מכסה10 יח',,IL,תבנית אלומיניום מרוב,יחידה,0.00,יחידה,false,,11.90,0.0000,true,1,7567
835811005933,false,תבנית אלמניום ענק 5יח',ווינפאק,,תבנית ענקית 5 יח. R-,יחידה,0.00,יחידה,false,,11.90,0.0000,true,1,7569
835811005940,false,תבנית אלמניום גדולה מכסה 8 יח',,IL,תבנית גדולה עם מכסה,יחידה,0.00,יחידה,false,,11.90,0.0000,true,1,7570
835811005957,false,תבנית אלמניום מכסה 8 יח',יבוא ושיווק: הנמל אר,IL,תבנית מלבנית עם מכסה,יחידה,0.00,יחידה,false,,11.90,0.0000,true,1,7571
835811006060,false,כוסות קרטון 50 יח' 2.5 OZ,אכיף,,כוסות קרטון 50 יח 2.,יחידה,0.00,יחידה,false,,6.90,0.0000,true,1,7579
835811006435,false,מגש הכסף תבנית מלבן עמוק מכסה 9 יח',,IL,תבנית מלבנית עמוקה ע,יחידה,0.00,יחידה,false,,11.90,0.0000,true,1,7602
835811006497,false,אבקת סוכר 500 גרם הנמל,ר.ס. חברה ליבוא וייצ,IL,אבקת סוכר 500 גר,גרמים,500.00,100 גרם,false,,8.90,1.7800,true,1,7605
835811006534,false,"כוס קרטון 16OZ ח""פ 50יח'",,,כוסות קרטון 50 יח 16,יחידה,0.00,יחידה,false,,23.90,0.0000,true,1,7608
835811007296,false,כפיות אלגנט קרם 50 יח' הנמל,,,כפיות אלגנט קרם 50,יחידה,0.00,יחידה,false,,9.90,0.0000,true,1,544219
835811007302,false,כפות אלגנט קרם 50 יח' הנמל,,,כפות אלגנט קרם 50 יח,יחידה,0.00,יחידה,false,,9.90,0.0000,true,1,544220
835811007319,false,מזלגות אלגנט קרם 50 יח' הנמל,,,מזלגות אלגנט קרם 50,יחידה,0.00,יחידה,false,,9.90,0.0000,true,1,544203
835811007357,false,לפתניות אובלי 25 יח',,TR,סלטינות 25 יחידות,יחידה,0.00,יחידה,false,,7.90,0.0000,true,1,7644
835811008347,false,גפרור ארוך מאוד להבי,הנמל,,גפרור ענק,יחידה,0.00,יחידה,false,,5.90,0.0000,true,1,7659
835811008934,false,מזלגות 50 יח שקוף/קרם עבה במיוחד,,TR,מזלגות 50 יח עבה במי,יחידה,0.00,יחידה,false,,16.90,0.0000,true,1,7674
835811008941,false,סכינים 50 יח שקוף/קרם עבה במיוחד,"איטיליאן פוד, אס.פי.",TR,סכינים 50 יח שקוף עב,יחידה,0.00,יחידה,false,,16.90,0.0000,true,1,7675
835811008958,false,כפיות 50 יח שקוף/קרם עבה במיוחד,הנמל אריזות.,TR,כפיות 50 יח שקוף עבה,יחידה,0.00,יחידה,false,,16.90,0.0000,true,1,7676
835811008996,false,כוס קרטון10 ozהנמל 50 יח',אכיף,CN,כוסות קרטון 10 אוז,יחידה,0.00,יחידה,false,,15.90,0.0000,true,1,7679
835811009016,false,כוסות קרטון 50 יח 4 OZ,,,כוסות קרטון 50 יח 4O,יחידה,0.00,יחידה,false,,7.90,0.0000,true,1,7681
835811009191,false,"צלחות אלגנט בינוני ח""פ הנמל 18 יח'",בי רייט,CN,צלחות אלגנט 9 בינוני,יחידה,0.00,יחידה,false,,50.90,0.0000,true,1,7698
839762000658,false,משקה נקטר איילנד גויאבה 1 ל',The Egyptian Co. for,EG,איילנד נקטר גויאבה 1,ליטרים,1.00,ליטר,false,,11.50,11.5000,true,1,39376
839762002379,false,משקה נקטר מנגו איילנד 350מל,"פאראגאלה,דה אג'יפשן",EG,איילנד משקה מנגו 350,מיליליטרים,350.00,"100 מ""ל",false,,5.90,1.6857,true,1,39377
877300000074,false,פלפל שחור גרוס צנצנת,,,פלפל שחור גרוס צנצנת,גרמים,100.00,100 גרם,false,,14.90,14.9000,true,1,34734
877300000081,false,פלפל שחור טחון צנצנת,,,פלפל שחור טחון צנצנת,גרמים,100.00,100 גרם,false,,14.90,14.9000,true,1,34735
877300000760,false,רוטב פיצה נפטון 330,,,רוטב פיצה נפטון 330,גרמים,330.00,100 גרם,false,,13.90,4.2121,true,1,34737
877300001040,false,כורכום טחון 150גר,,,כורכום טחון 150גר,גרמים,150.00,100 גרם,false,,10.90,7.2667,true,1,34744
877300001057,false,נפטון פלפל לבן טחון,,,נפטון פלפל לבן טחון,גרמים,100.00,100 גרם,false,,14.90,14.9000,true,1,34745
877300001101,false,נפטון קינמון טחון 15,,,נפטון קינמון טחון 15,גרמים,150.00,100 גרם,false,,10.90,7.2667,true,1,34748
877300001163,false,נפטון פפריקה חריפה 1,,,נפטון פפריקה חריפה 1,גרמים,150.00,100 גרם,false,,10.90,7.2667,true,1,34752
877300001170,false,פפריקה מתוקה 150 גרם,,,פפריקה מתוקה 150 גרם,גרמים,150.00,100 גרם,false,,10.90,7.2667,true,1,34753
877300001200,false,עלי דפנה 20גר,,,עלי דפנה 20גר,גרמים,20.00,100 גרם,false,,10.90,54.5000,true,1,34754
877300001286,false,כמון טחון 150גר,,,כמון טחון 150גר,גרמים,150.00,100 גרם,false,,10.90,7.2667,true,1,34756
877300001330,false,נפטון תבלין חוויאג ל,,,נפטון תבלין חוויאג ל,גרמים,150.00,100 גרם,false,,10.90,7.2667,true,1,34757
877300001378,false,תבלין גריל דג 150גר,,,תבלין גריל דג 150גר,גרמים,150.00,100 גרם,false,,10.90,7.2667,true,1,34760
877300001392,false,תבלין גריל עוף 150 ג,,,תבלין גריל עוף 150 ג,גרמים,150.00,100 גרם,false,,10.90,7.2667,true,1,34762
877300001453,false,נפטון תבלין זעתר שומ,,,נפטון תבלין זעתר שומ,גרמים,150.00,100 גרם,false,,10.90,7.2667,true,1,34764
877300001583,false,תבלין לדג מבושל 120ג,,,תבלין לדג מבושל 120ג,גרמים,120.00,100 גרם,false,,10.90,9.0833,true,1,34768
877300001866,false,נפטון תערובת תיבול פ,,,נפטון תערובת תיבול פ,גרמים,150.00,100 גרם,false,,10.90,7.2667,true,1,34771
877300002184,false,אריסה מתוקה נפטון 1,,,אריסה מתוקה נפטון 1,גרמים,180.00,100 גרם,false,,12.90,7.1667,true,1,34781
877300002214,false,ממרח אריסה חריפה נפט,,,ממרח אריסה חריפה נפט,גרמים,180.00,100 גרם,false,,12.90,7.1667,true,1,34783
877300002290,false,נפטון פפריקה מעושנת,,,נפטון פפריקה מעושנת,גרמים,150.00,100 גרם,false,,10.90,7.2667,true,1,34784
877300002634,false,ממרח לימון כבוש בלאד,,,ממרח לימון כבוש בלאד,גרמים,180.00,100 גרם,false,,12.90,7.1667,true,1,34787
877300003242,false,רוטב ברביקיו נפטון 3,,,רוטב ברביקיו נפטון 3,גרמים,350.00,100 גרם,false,,13.90,3.9714,true,1,34793
877300003280,false,רוטב סויה נפטון 340,,,רוטב סויה נפטון 340,גרמים,340.00,100 גרם,false,,13.90,4.0882,true,1,34796
877300004553,false,פפריקה מתוקה 80 גרם,,,פפריקה מתוקה 80 גרם,גרמים,80.00,100 גרם,false,,5.90,7.3750,true,1,34816
877300004577,false,כמון טחון 50 גרם שקי,,,כמון טחון 50 גרם שקי,גרמים,50.00,100 גרם,false,,5.90,11.8000,true,1,34818
877300007752,false,פפריקה מתוקה 400גר,,,פפריקה מתוקה 400גר,גרמים,400.00,100 גרם,false,,17.90,4.4750,true,1,34826
877300008674,false,פלפל שחור שלם 45 גר`,,,פלפל שחור שלם 45 גר`,גרמים,45.00,100 גרם,false,,13.90,30.8889,true,1,34834
877300008841,false,רוטב אלף האיים נפטון,,,רוטב אלף האיים נפטון,גרמים,310.00,100 גרם,false,,13.90,4.4839,true,1,34839
877300009183,false,רוטב שמן זית ולימון,,,רוטב שמן זית ולימון,גרמים,300.00,100 גרם,false,,13.90,4.6333,true,1,34841
877300009848,false,מלח לימון 150 גרם נפ,,,מלח לימון 150 גרם נפ,גרמים,150.00,100 גרם,false,,10.90,7.2667,true,1,34847
884912111715,false,דגני פוסט האני קומב 354 גר,,US,-פוסט- האני קומב 354,גרמים,354.00,100 גרם,false,,23.80,6.7232,true,1,91612
884912359162,false,דגני בוקר האני באנצס שקדים 340 ג' POST,post consumer brands,US,דגני בוקר שיבולת שוע,גרמים,340.00,100 גרם,false,,22.90,6.7353,true,1,374757
884912365200,false,דגני בוקר אוראו 311 גרם מתכון חדש,פוסט,US,דגני בוקר עם פירורי,גרמים,311.00,100 גרם,false,,22.90,7.3633,true,1,545893
3012991502002,false,"רום נגריטה לבן 700 מ""ל",,,רום נגריטה לבן 37.5%,מיליליטרים,700.00,"100 מ""ל",false,,75.20,10.7429,true,1,402714
3014260201753,false,סכיני גילוח בלו 2 פלוס חמישייה,פרוקטר אנד גמבל,PL,סכיני גילוח חד פעמיי,יחידה,0.00,יחידה,false,,12.90,0.0000,true,1,26754
3014260228842,false,"ג'ילט קצף גילוח רגיל - 200 מ""ל",מולינו ניקולי s.p.a,,קצף גילוח רגיל ג'ילט,מיליליטרים,200.00,"100 מ""ל",false,,14.90,7.4500,true,1,26763
3014260289287,false,סכין גילוח גילט בלו 2 לנשים-חמישייה,פרוקטר אנד גמבל,RU,סכיני גילוח לאישה בל,יחידה,0.00,יחידה,false,,13.90,0.0000,true,1,26783
3045206360609,false,"דזיטול נוזל מחטא בגדים בכביסה, 1 ליטר",,,דזיטול נוזל מחטא בגד,מיליליטרים,1.00,"100 מ""ל",false,,23.90,2390.0000,true,1,390499
3059943015104,false,"איירוויק ספריי נטול גז פריסה ויסמן 345 מ""ל",,,איירוויק ספריי נטול,מיליליטרים,345.00,"100 מ""ל",false,,14.90,4.3188,true,1,20777
3059943015128,false,"איירוויק ספריי נטול גז לבנדר 345 מ""ל",הדקלאים אגודת שיתופי,PL,איירוויק ספריי נטול,מיליליטרים,345.00,"100 מ""ל",false,,14.90,4.3188,true,1,20778
3059943016569,false,"אירוויק ספריי בניחוח פריסיה ויסמין 240 מ""ל",,,אירוויק ספריי פרסיה,מיליליטרים,240.00,"100 מ""ל",false,,9.90,4.1250,true,1,20781
3059944021197,false,"ויט קרם הסרת שיער לעור רגיש - 400 מ""ל",,,קרם הסרת שיער לעור ר,מיליליטרים,400.00,"100 מ""ל",false,,39.90,9.9750,true,1,20786
3068320017846,false,מים מינרלים אוויאן 1 ליטר,קריניציה ויטמינה אס,FR,מים מינרלים טבעיים מ,ליטרים,1.00,ליטר,false,,12.90,12.9000,true,1,29638
3069900201327,false,זיתים שחורים יבשים 4,,,זיתים שחורים יבשים 4,גרמים,400.00,100 גרם,false,,10.90,2.7250,true,1,9963
3073781161663,false,גבינת לה וואש קירי 8,בל,FR,גבינת לה וואש קירי 8,גרמים,128.00,100 גרם,false,,11.90,9.2969,true,1,170372
3073781161687,false,גבינת לבש קירי כשר 2,בל,FR,גבינה מותכת לה וואש,גרמים,256.00,100 גרם,false,,21.90,8.5547,true,1,170387
3073781161700,false,גבינה מותכת לה וואש,,,גבינה מותכת לה וואש,גרמים,480.00,100 גרם,false,,38.90,8.1042,true,1,170388
3073781162790,false,גבינת בייבי בל אדום,מחלבות בל,FR,בייבי בל 24% אדום 12,גרמים,120.00,100 גרם,false,,22.90,19.0833,true,1,465224
3141360054405,false,פיניש מפיץ ריח למדיח בניחוח לימון וליים,הדקלאים אגודת שיתופי,HU,פיניש מפיץ ריח לימון,יחידה,0.00,יחידה,false,,14.90,0.0000,true,1,20796
3161911229199,false,חמאה רכה אלוויר 250 גרם,אלל אה וויר,FR,אלוויר חמאה רכה 250ג,גרמים,250.00,100 גרם,false,,21.90,8.7600,true,1,16716
3162330060479,false,בירה SAER BRAU 6*250,,,בירה SAER BRAU 6*250,ליטרים,1.50,ליטר,false,,14.90,9.9333,true,1,576901
3178530402353,false,מיני מדליינס סאן מישל 175 גרם,סאן מישל,FR,עוגיות רכות מיני מדל,גרמים,175.00,100 גרם,false,,12.90,7.3714,true,1,16727
3178530407938,false,עוגיות מיני מדלן שוקולד 175 גרם,סאן מישל,FR,עוגיות שוקולד צ'יפס,גרמים,175.00,100 גרם,false,,12.90,7.3714,true,1,16729
3178530417340,false,בראוניז שוקולד סאן מישל 210 גרם,סן מישל,FR,בראוניז שוקולד סאן מ,גרמים,210.00,100 גרם,false,,16.90,8.0476,true,1,306325
3245412211393,false,שוקולד חלב מעולה קרפ,,FR,שוקולד חלב מעולה קרפ,גרמים,300.00,100 גרם,false,,7.90,2.6333,true,1,488869
3245412211409,false,שוקולד חלב מעולה עם,,FR,שוקולד חלב מעולה עם,גרמים,300.00,100 גרם,false,,15.90,5.3000,true,1,488293
3267682136176,false,ויסקי היילנד קווין בלנדד 1 ליטר,,,ויסקי היילנד קווין ב,ליטרים,1.00,ליטר,false,,100.90,100.9000,true,1,72
3270190111108,false,קרפור מוזלי פירות 7,,,קרפור מוזלי פירות 7,גרמים,750.00,100 גרם,false,,15.90,2.1200,true,1,555759
3270190128151,false,קרפור שוקולד חלב אור,,FR,קרפור שוקולד חלב אור,גרמים,100.00,100 גרם,false,,6.90,6.9000,true,1,594876
3270190151654,false,שוקולד מריר מעולה עם,,FR,שוקולד מריר מעולה עם,גרמים,100.00,100 גרם,false,,5.90,5.9000,true,1,488323
3270190174936,false,שוקולד חלב עם תכולת,,FR,שוקולד חלב עם תכולת,גרמים,100.00,100 גרם,false,,5.90,5.9000,true,1,488338
3387390320244,false,דגני בוקר פיטנס עם פירות 375 גרם,סי. פי. צרפת,FR,פיטנס פירות דגני עם,גרמים,375.00,100 גרם,false,,19.90,5.3067,true,1,18382
3387390525960,false,קראנץ' דגנים פריכים עם שוקולד 500 גרם,הנסיך- מפעל לייצור ט,FR,דגני קראנץ' נסטלה 50,גרמים,500.00,100 גרם,false,,22.90,4.5800,true,1,18383
3523230026826,false,גבינה עיזים למריחה פירמידה 140 גר,אוריאל,FR,פרמידה עיזים טבעי 14,גרמים,140.00,100 גרם,false,,26.90,19.2143,true,1,16750
3560070230778,false,קרפור-תה אנגלי שחור,,,קרפור-תה אנגלי שחור,גרמים,50.00,100 גרם,false,,6.90,13.8000,true,1,577184
3560070249343,false,קרפור- שוקולד חלב עם,,FR,קרפור- שוקולד חלב עם,גרמים,100.00,100 גרם,false,,5.90,5.9000,true,1,594746
3560070415755,false,קרפור-תה ירוק 25 יחי,,,קרפור-תה ירוק 25 יחי,גרמים,32.50,100 גרם,false,,7.90,24.3077,true,1,576991
3560070582884,false,קרפור סטייליס עם שוק,,,קרפור סטייליס עם שוק,גרמים,300.00,100 גרם,false,,8.90,2.9667,true,1,555713
3560070659517,false,קרפור-תה ארל גריי 20,,,קרפור-תה ארל גריי 20,גרמים,36.00,100 גרם,false,,9.90,27.5000,true,1,576976
3560070669981,false,שוקולד מריר מעולה 80,,FR,שוקולד מריר מעולה 80,גרמים,80.00,100 גרם,false,,4.90,6.1250,true,1,488266
3560070701407,false,שוקולד מריר מעולה עם,,FR,שוקולד מריר מעולה עם,גרמים,100.00,100 גרם,false,,5.90,5.9000,true,1,488324
3560070720859,false,שוקולד מריר מעולה 72,,FR,שוקולד מריר מעולה 72,גרמים,80.00,100 גרם,false,,4.90,6.1250,true,1,488308
3560070800230,false,קרפור שוקו קרלס 375,,,קרפור שוקו קרלס 375,גרמים,375.00,100 גרם,false,,6.90,1.8400,true,1,555775
3560070800353,false,קרפור הוני בולז 375,,,קרפור הוני בולז 375,גרמים,375.00,100 גרם,false,,6.90,1.8400,true,1,555806
3560070820221,false,קרפור-חטיף דגנים אגו,,,קרפור-חטיף דגנים אגו,גרמים,125.00,100 גרם,false,,5.90,4.7200,true,1,577303
3560070826186,false,קרפור מוזלי שוקולד ו,,,קרפור מוזלי שוקולד ו,גרמים,750.00,100 גרם,false,,14.90,1.9867,true,1,555743
3560070852086,false,קרפור-תה ירוק בטעם נ,,,קרפור-תה ירוק בטעם נ,גרמים,40.00,100 גרם,false,,6.90,17.2500,true,1,577138
3560070852116,false,קרפור-תה ירוק נענע 5,,,קרפור-תה ירוק נענע 5,גרמים,80.00,100 גרם,false,,8.90,11.1250,true,1,577123
3560070888108,false,קרפור-תה שחור בטעם ל,,,קרפור-תה שחור בטעם ל,גרמים,40.00,100 גרם,false,,6.90,17.2500,true,1,577168
3560070888115,false,קרפור-חליטת טיליה 25,,,קרפור-חליטת טיליה 25,גרמים,42.50,100 גרם,false,,6.90,16.2353,true,1,577064
3560070888122,false,קרפור-חליטת קמומיל 2,,,קרפור-חליטת קמומיל 2,גרמים,30.00,100 גרם,false,,6.90,23.0000,true,1,577020
3560070888139,false,קרפור-תה שחור בטעם פ,,,קרפור-תה שחור בטעם פ,גרמים,42.50,100 גרם,false,,6.90,16.2353,true,1,577153
3560070888153,false,קרפור-תה ירוק בטעם ל,,,קרפור-תה ירוק בטעם ל,גרמים,40.00,100 גרם,false,,6.90,17.2500,true,1,577169
3560070928194,false,קרפור-חליטת לואיזה 2,,,קרפור-חליטת לואיזה 2,גרמים,32.50,100 גרם,false,,6.90,21.2308,true,1,577049
3560070928347,false,קרפור-חליטת רויבוש ו,,,קרפור-חליטת רויבוש ו,גרמים,40.00,100 גרם,false,,6.90,17.2500,true,1,577093
3560071005191,false,קרפור -שוקולד לבן עם,,FR,קרפור -שוקולד לבן עם,גרמים,100.00,100 גרם,false,,5.90,5.9000,true,1,594775
3560071013127,false,קרפור סטייליס עם שוק,,,קרפור סטייליס עם שוק,גרמים,300.00,100 גרם,false,,8.90,2.9667,true,1,555744
3560071013196,false,קרפור סטייליס בטעם ט,,,קרפור סטייליס בטעם ט,גרמים,500.00,100 גרם,false,,9.90,1.9800,true,1,555728
3560071015725,false,קרפור פיברה עם 5 פיר,,,קרפור פיברה עם 5 פיר,גרמים,500.00,100 גרם,false,,11.90,2.3800,true,1,555791
3560071016074,false,קרפור קורונפלקס 500,,,קרפור קורונפלקס 500,גרמים,500.00,100 גרם,false,,6.90,1.3800,true,1,555807
3560071018566,false,קרפור-חטיף דגנים בוט,,,קרפור-חטיף דגנים בוט,גרמים,125.00,100 גרם,false,,5.90,4.7200,true,1,577288
3560071081256,false,קרפור-תה שחור 20 יחי,,,קרפור-תה שחור 20 יחי,גרמים,36.00,100 גרם,false,,9.90,27.5000,true,1,576931
3560071081263,false,קרפור-תה ירוק סיני 2,,,קרפור-תה ירוק סיני 2,גרמים,36.00,100 גרם,false,,9.90,27.5000,true,1,576961
3560071081270,false,קרפור-תה ירוק נענע 2,,,קרפור-תה ירוק נענע 2,גרמים,36.00,100 גרם,false,,9.90,27.5000,true,1,576946
3560071090821,false,קרפור שוקו בולז 375,,,קרפור שוקו בולז 375,גרמים,375.00,100 גרם,false,,6.90,1.8400,true,1,555776
3560071095598,false,קרפור-חטיף דגנים חמו,,,קרפור-חטיף דגנים חמו,גרמים,125.00,100 גרם,false,,5.90,4.7200,true,1,577318
3560071095659,false,קרפור-חטיף דגנים קוק,,,קרפור-חטיף דגנים קוק,גרמים,125.00,100 גרם,false,,5.90,4.7200,true,1,577333
3560071188689,false,בירה Walberg 6*250 מ,,,בירה Walberg 6*250 מ,ליטרים,1.50,ליטר,false,,17.90,11.9333,true,1,576872
3560071341947,false,שמן זית כתית מעולה ב,,FR,שמן זית כתית מעולה ב,מיליליטרים,750.00,"100 מ""ל",false,,11.50,1.5333,true,1,554611
3560071413750,false,קרפור-שוקולד מריר 80,,FR,קרפור-שוקולד מריר 80,גרמים,100.00,100 גרם,false,,6.90,6.9000,true,1,594861
3560071432003,false,קפסולות קפה קרפור עו,,FR,קפסולות קפה קרפור עו,גרמים,52.00,100 גרם,false,,6.90,13.2692,true,1,556861
3560071432034,false,קפסולות קפה נטול קרפ,,FR,קפסולות קפה נטול קרפ,גרמים,52.00,100 גרם,false,,6.90,13.2692,true,1,556862
3560071432065,false,קפסולות קפה קרפור עו,,FR,קפסולות קפה קרפור עו,גרמים,52.00,100 גרם,false,,6.90,13.2692,true,1,556863
3560071432096,false,קפסולות קפה קרפור עו,,FR,קפסולות קפה קרפור עו,גרמים,52.00,100 גרם,false,,6.90,13.2692,true,1,556864
3560071432157,false,קפסולות קפה וניל קרפ,,FR,קפסולות קפה וניל קרפ,גרמים,52.00,100 גרם,false,,6.90,13.2692,true,1,556865
3560071432249,false,קפסולות קפה ברזיל קר,,FR,קפסולות קפה ברזיל קר,גרמים,52.00,100 גרם,false,,6.90,13.2692,true,1,556868
3560071432270,false,קפסולות קפה קולומביה,,FR,קפסולות קפה קולומביה,גרמים,52.00,100 גרם,false,,6.90,13.2692,true,1,556869
3560071432300,false,קפסולות קפה אתיופיה,,FR,קפסולות קפה אתיופיה,גרמים,52.00,100 גרם,false,,6.90,13.2692,true,1,556870
3560071432331,false,קפסולות קפה לאוס קרפ,,FR,קפסולות קפה לאוס קרפ,גרמים,52.00,100 גרם,false,,6.90,13.2692,true,1,556871
3560071432362,false,קפסולות קפה קניה קרפ,,FR,קפסולות קפה קניה קרפ,גרמים,52.00,100 גרם,false,,6.90,13.2692,true,1,556872
3560071432393,false,קפסולות קפה קוסטה רי,,FR,קפסולות קפה קוסטה רי,גרמים,52.00,100 גרם,false,,6.90,13.2692,true,1,556873
3560071432515,false,קפסולות קפה קרפור עו,,FR,קפסולות קפה קרפור עו,גרמים,52.00,100 גרם,false,,6.90,13.2692,true,1,556874
3560071432690,false,קפסולות קפה קרפור עו,,FR,קפסולות קפה קרפור עו,גרמים,52.00,100 גרם,false,,6.90,13.2692,true,1,556875
3560071442545,false,בירה SAER BRAU 6*250,,,בירה SAER BRAU 6*250,ליטרים,1.50,ליטר,false,,14.90,9.9333,true,1,576916
3574661003924,false,"מי פה ליסטרין טוטל קר 500 מ""ל",,,מי פה טוטאל קאר ליסט,מיליליטרים,500.00,"100 מ""ל",false,,19.90,3.9800,true,1,29396
3574661114637,false,"מי פה ליסטרין זירו מנטה עדין 500 מ""ל",ג'ונסון אנד ג'ונסון,IT,מי פה זירו ליסטרין 5,מיליליטרים,500.00,"100 מ""ל",false,,22.90,4.5800,true,1,29401
3574661419435,false,תחבושת הגיינית וניה מקסי לילה 12 יח',גונסון,BE,תחבושות הגייניות מקס,יחידה,0.00,יחידה,false,,23.90,0.0000,true,1,527210
3574661485201,false,טמפונים אובה סופר 32 יח' פרוקומפורט,,,אובה פרוקומפורט סופר,יחידה,0.00,יחידה,false,,21.90,0.0000,true,1,494579
3574661491806,false,"מי פה ליסטרין אדוונס וייט 500 מ""ל",,IT,מי פה אדוונס וויאט מ,מיליליטרים,500.00,"100 מ""ל",false,,19.90,3.9800,true,1,133453
3574661554877,false,מגן תחתון קרפרי כותון מבושם 56 יח,הנסיך- מפעל לייצור ט,GR,קרפרי כותון מבושם 56,יחידה,0.00,יחידה,false,,15.90,0.0000,true,1,66326
3574661554884,false,מגן תחתון קרפרי רגיל ריחני 56 יח,הדקלאים אגודת שיתופי,GR,קרפרי רגיל טנגה יחני,יחידה,0.00,יחידה,false,,15.90,0.0000,true,1,66341
3574661610344,false,"קרם לחות אינטנסיבי 300 מ""ל ניוטרוג'ינה",,,ניוטרוג'ינה קרם לחות,מיליליטרים,300.00,"100 מ""ל",false,,29.90,9.9667,true,1,574829
3574669907682,false,ג'ונסון בייבי טלק 500 גרם,,IT,ג'ונסונס בייבי טלק 5,גרמים,500.00,100 גרם,false,,31.90,6.3800,true,1,21294
3574669907972,false,גונסון שמפו טיפות של ברק 750 מל חדש,,IT,ג'ונסונס שמפו טיפות,גרמים,750.00,100 גרם,false,,23.90,3.1867,true,1,21297
3574669908443,false,ג'ונסון בייבי אל סבון וקצף אמבט 750 חדש,,IT,ג'ונסון בייבי אל סבו,מיליליטרים,750.00,"100 מ""ל",false,,20.90,2.7867,true,1,21300
3600523652280,false,"לוריאל אלביב שמפו מועשר ב 6 שמנים, 550 מ""ל",,,שמפו 6 שמנים אלביב 5,מיליליטרים,550.00,"100 מ""ל",false,,14.90,2.7091,true,1,12292
3600523652297,false,"מרכך לשיער אלביב זהב 6 שמנים , 550 מ""ל",,,מרכך 6 שמנים אלביב 5,מיליליטרים,550.00,"100 מ""ל",false,,14.90,2.7091,true,1,12293
3600523782574,false,לוריאל - אלביב מסכה דרים לונג 300,פאפרוג'י,FR,מסכה דרים לונג אלביב,מיליליטרים,300.00,"100 מ""ל",false,,24.90,8.3000,true,1,12298
3600523782581,false,"לוריאל - אלביב מרכך דרים לונג 500 מ""ל",,FR,מרכך דרים לונג אלביב,מיליליטרים,500.00,"100 מ""ל",false,,14.90,2.9800,true,1,12299
3600523823604,false,לוריאל - דרמו היאלורון אקספרט לילה,,,קרם לחות לילה + חומצ,מיליליטרים,50.00,"100 מ""ל",false,,49.90,99.8000,true,1,459887
3600524051334,false,אלביב מרכך היאלורוני,,,אלביב מרכך היאלורוני,מיליליטרים,400.00,"100 מ""ל",false,,13.90,3.4750,true,1,521956
3600541253667,false,"גרנייה - דאודורנט ספריי לאישה אינביזיבל BWC (ורוד) 150 מ""ל",,,דאודורנט ספריי אינבי,מיליליטרים,150.00,"100 מ""ל",false,,10.00,6.6667,true,1,12383
3600541448476,false,גרנייה דאו רול-און אינבזיבל קונטרול,,,דאודורנט רול גרנייה,מיליליטרים,50.00,"100 מ""ל",false,,14.90,29.8000,true,1,12429
3600541956223,false,"גרנייה פיור לניקוי וטיפול בסימנים ופגעי עם מברשת 150 מ""ל",,,ג'ל לניקוי עמוק פיור,מיליליטרים,150.00,"100 מ""ל",false,,29.90,19.9333,true,1,12452
3600542385251,false,"גרנייה - דאודורנט רול און לאישה פרוטקשן 6 כותנה (ורוד) 50 מ""ל",,,דאודורנט רול פרוטקשן,יחידה,50.00,יחידה,false,,14.90,0.2980,true,1,209832
3600542431828,false,גרנייה - קולור נטורלס 1 שחור טבעי חדש,,,קולור נטורלס 1 שחור,יחידה,0.00,יחידה,false,,19.90,0.0000,true,1,457148
3600542431996,false,גרנייה - קולור נטורלס 5.15 חום שוקולד עשיר חדש,,,צבע לשיער קולור נטור,יחידה,0.00,יחידה,false,,19.90,0.0000,true,1,457230
3607347918981,false,"אדידס - דאודורנט רול און לאישה קול אנד קר 6 ב-1 50 מ""ל",,,דאו' רולאון לאישה 6,יחידה,0.00,יחידה,false,,13.90,0.0000,true,1,5543
3608580075646,false,קונפיטורה בטעם שזיפים 370 גר BONNE MAMAN,,FR,קונפיטורה שזיף 370 ג,גרמים,370.00,100 גרם,false,,19.90,5.3784,true,1,496846
3608580730255,false,קונפיטורה בטעם משמש 370 גר BONNE MAMAN,,,קונפיטורה משמש 370 ג,גרמים,370.00,100 גרם,false,,19.90,5.3784,true,1,43087
3616180424856,false,קרפור הום -30 מפיות,,,קרפור הום -30 מפיות,יחידה,0.00,יחידה,false,,5.90,0.0000,true,1,586515
3616180424931,false,קרפור הום -30 מפיות,,,קרפור הום -30 מפיות,יחידה,0.00,יחידה,false,,5.90,0.0000,true,1,586518
3616180424948,false,קרפור הום -30 מפיות,,,קרפור הום -30 מפיות,יחידה,0.00,יחידה,false,,5.90,0.0000,true,1,586519
3616180425174,false,קרפור הום -30 מפיות,,,קרפור הום -30 מפיות,יחידה,0.00,יחידה,false,,5.90,0.0000,true,1,586525
3661163970448,false,"אדידס דאודורנט ספריי מקס פרש לגברים 200 מ""ל",מיוצר עי קונדיטוריית,PT,דאו' ספריי לגבר פרש,מיליליטרים,200.00,"100 מ""ל",false,,15.90,7.9500,true,1,5566
3800034954150,false,מארז 3 יחידות פריש דריי,,,עץ ריח איירון שלישיה,יחידה,0.00,יחידה,false,,10.50,0.0000,true,1,31718
4000417101211,false,וופל קרם אגוז מצופה שוקלד חלב 150 ג' אמיצלי,קימס,AT,גלילי וופל עם קרם אג,גרמים,150.00,100 גרם,false,,17.90,11.9333,true,1,351133
4000417101273,false,אימצ'לי-גלילי וופל עם קרם אגוזי לוז 300 גרם,,,אמיצ'לי חנוכה - גליל,גרמים,300.00,100 גרם,false,,29.90,9.9667,true,1,583520
4000417101310,false,אימצ'לי-גלילי וופל עם קרם קקאו 150 גרם,,,גלילי וופל קרם קקאו,גרמים,150.00,100 גרם,false,,17.90,11.9333,true,1,575425
4002448017684,false,"סיליט באנג ספריי רב שימושי כתום 750 מ""ל",הדקלאים אגודת שיתופי,PL,סיליט באנג ספריי רב,מיליליטרים,750.00,"100 מ""ל",false,,14.90,1.9867,true,1,20799
4002720005736,false,קפה לפילטר מליטה 250 גרם PREMIUM,המאפיה של הרמן,DE,מליטה פרימיום קפה פי,גרמים,250.00,100 גרם,false,,17.90,7.1600,true,1,5576
4005808366392,false,שפתון כחול בליסטר לבלו,טרופיקל דגיל תעשיות,DE,שפתון כחול למניעת יו,גרמים,4.80,100 גרם,false,,9.90,206.2500,true,1,51035
4005808368280,false,לבלו דובדבן בליסטר שפתון,טרופיקל דגיל תעשיות,DE,שפתון דובדבן לבלו 4.,גרמים,4.80,100 גרם,false,,9.90,206.2500,true,1,51036
4005808817405,false,ניוואה גל גילוח לעור רגיש 200 מל,פרוטרופיק סיה.,PL,ג'ל גילוח לעור רגיש,מיליליטרים,200.00,"100 מ""ל",false,,17.90,8.9500,true,1,51075
4005808850723,false,שפתון לבלו תות 7.7 גרם,טרופיקל דגיל תעשיות,DE,לבלו פירות בטעם תות,יחידה,0.00,יחידה,false,,9.90,0.0000,true,1,51093
4005900036476,false,"ניוואה - דאודורנט רול און לאישה בלק אנד וויט קליר 50 מ""ל",טרופיקל דגיל תעשיות,DE,דאו' רולאון ניוואה 5,מיליליטרים,50.00,"100 מ""ל",false,,14.90,29.8000,true,1,51109
4005900036506,false,"ניוואה - דאודורנט רול און לגבר שקוף בלק 50 מ""ל",טרופיקל דגיל תעשיות,DE,דאו' רולאון לגבר בלק,מיליליטרים,40.00,"100 מ""ל",false,,14.90,37.2500,true,1,51111
4005900555915,false,"ניוואה - תחליב רחצה קוקוס וחוחובה 750 מ""ל",ביירסדורף AG,DE,ניוואה קאר תחליב רחצ,מיליליטרים,750.00,"100 מ""ל",false,,16.90,2.2533,true,1,326852
4005900648181,false,"ניוואה - תחליב רחצה אלוורה 750 מ""ל",ביירסדורף AG,DE,תחליב רחצה creme alo,מיליליטרים,750.00,"100 מ""ל",false,,16.90,2.2533,true,1,326838
4005900816016,false,"ניוואה - דאודורנט ספריי לאישה פרש טבעי לאישה 150 מ""ל",טרופיקל דגיל תעשיות,DE,NIVEA דאודורנט ספריי,מיליליטרים,150.00,"100 מ""ל",false,,13.90,9.2667,true,1,51139
4005900828088,false,"ניוואה - דאודורנט רול און לגבר פרש 50 מ""ל",טרופיקל דגיל תעשיות,DE,דאו' רול און לגבר פר,מיליליטרים,50.00,"100 מ""ל",false,,14.90,29.8000,true,1,51146
4005900835642,false,"ניקוי פילינג מסכה לפנים 3 ב 1 150 מ""ל ניוואה",,DE,ניוואה 3 ב-1 ניקוי,מיליליטרים,150.00,"100 מ""ל",false,,34.90,23.2667,true,1,575628
4006387084578,false,קנקן בריטה מרלה כחול מקסטרה+,,,קנקן בריטה MERELLA כ,יחידה,0.00,יחידה,false,,129.00,0.0000,true,1,17515
4006387085407,false,שלישיית פילטר מקסטרא סודהסטרים,,,שלישיית פילטר מקסטרה,יח',3.00,יח',false,,100.00,33.3333,true,1,17516
4007745058804,false,מיונז אמיתי אורגני נ,אף.סי תבליני בגליל ב,DE,מיונז אורגני 340 גרם,גרמים,340.00,100 גרם,false,,24.90,7.3235,true,1,114229
4008287058161,false,"שישייה בירה קרומבאכר פילס 330X6 מ""ל",מנדלז סי.אר. פרודקשן,DE,בירה קרומבכר פילס שי,ליטרים,1.98,ליטר,false,,30.90,15.6061,true,1,197778
4008400230726,false,ביצת שוקולד הפתעה קינדר ענקית 100ג' בנים,פררו,BE,ביצת הפתעה קינדר מקס,גרמים,100.00,100 גרם,false,,23.90,23.9000,true,1,41458
4009300522935,false,תה פומפדור תה ירוק לימונית ולואיזה 20 יח',"איטיליאן פוד, אס.פי.",DE,פומפדור תה ירוק לימו,גרמים,30.00,100 גרם,false,,16.90,56.3333,true,1,21312
4009300524588,false,תה פומפדור חליטת צמחים פירות יער 20 יח',טיקנה,DE,פומפדור חליטת פירות,גרמים,60.00,100 גרם,false,,15.90,26.5000,true,1,21314
4009300525684,false,תה חליטת פומפדור לימון וגינגיר 20 יח,טיקנה,DE,פומפדור חליטת לימוןג,גרמים,35.00,100 גרם,false,,15.90,45.4286,true,1,21317
4009309022399,false,כרוב כבוש אורגני 680 גר,,,כרוב כבוש אורגני 670,גרמים,670.00,100 גרם,false,,15.90,2.3731,true,1,114110
4009900379564,false,מסטיק הובה בובה באבל טייפ פירות 56 גר',מארס,GB,הובה בובה טייפ פירות,גרמים,56.00,100 גרם,false,,6.50,11.6071,true,1,20658
4009900402965,false,מסטיק אורביט בקבוקון white פירות 64ג',ריגלי פולין,PL,אורביט וויט פירות בק,גרמים,64.00,100 גרם,false,,10.50,16.4063,true,1,20665
4009900403023,false,מסטיק אורביט בקבוקון דאבל white קלאסי 64ג',"ב.א מזון בע""מ",PL,אורביט וויט מנטה בקב,גרמים,64.00,100 גרם,false,,10.50,16.4063,true,1,20666
4009900406918,false,מסטיק הובה בובה טייפ טריפל מיקס 56ג',מארס,GB,הובה בובה טייפ טריפל,גרמים,56.00,100 גרם,false,,6.50,11.6071,true,1,20669
4009900420129,false,מסטיק אורביט פרופשנל פפרמינט בקבוקון 64 גר',מרס נדרלנד,PL,אורביט פרופשייונל פפ,גרמים,64.00,100 גרם,false,,10.50,16.4063,true,1,20673
4009900465304,false,סקיטלס פירות חמוצים 174 גרם,מארס,CZ,סקיטלס פירות חמוצים,גרמים,174.00,100 גרם,false,,7.90,4.5402,true,1,20683
4009900479998,false,"מסטיק אורביט לל""ס אוכמניות בקבוקון",ריגלי פולין,PL,אורביט מסטיק בקבוקון,גרמים,64.00,100 גרם,false,,10.50,16.4063,true,1,20686
4009900482417,false,מסטיק אורביט פירות מנטה בקבוקון באבל מינט 45יח,ריגלי פולין,PL,אורביט באבל מינט בקב,גרמים,64.00,100 גרם,false,,10.50,16.4063,true,1,20688
4009900483803,false,מסטיק איירובס מנטה אקליפטוס בקבוקון 60יח',,,אירוויבז בקבוק M מנט,גרמים,84.00,100 גרם,false,,12.50,14.8810,true,1,20689
4009900484060,false,מסטיק אורביט פפרמינט ביגי מנטה כחול 50יח',,,אורביט פרופשיונל מנט,יחידה,0.00,יחידה,false,,12.50,0.0000,true,1,20691
4009900491044,false,מסטיק איירובס אוכמניות בקבוקון 60יח',,,אירוויבז בקבוק M מנט,גרמים,84.00,100 גרם,false,,12.50,14.8810,true,1,20703
4009900509770,false,אורביט באריזת בקבוק בטעם תות 60 יח',,,אורביט באריזת בקבוק,יחידה,0.00,יחידה,false,,12.50,0.0000,true,1,20712
4009900531122,false,"מסטיק בטעם מנטה ספירמינט, 64 ג' פרופשיונל אורפיט",מרס נדרלנד,PL,אורביט פרופשייונל ספ,גרמים,64.00,100 גרם,false,,10.50,16.4063,true,1,20725
4009900531573,false,סוכריות סקיטליס סמודיס 174 גר',,,סקיטלס סמודיס 174 גר,גרמים,174.00,100 גרם,false,,7.90,4.5402,true,1,20726
4009900535519,false,מסטיק אורביט רפרשרס ספירמינט ללא סוכר 15.6גר',,PL,אורביט רפרשרס אריזה,גרמים,15.00,100 גרם,false,,3.90,26.0000,true,1,127632
4009900535823,false,מסטיק אורביט רפרשרס באבלמינט ללא סוכר 15.6גר',,PL,אורביט רפרשרס באבלמי,גרמים,15.00,100 גרם,false,,3.90,26.0000,true,1,127634
4009900536288,false,מסטיק אורביט רפרשרס פפרמינט בקבוקון ללא סוכר 67 גר',מרס ריגלי קונפקשונרי,PL,מסטיק אורביט רפרשרס,גרמים,67.00,100 גרם,false,,11.90,17.7612,true,1,157729
4009900536486,false,מסטיק אורביט רפרשרס באבלמינט בקבוקון ללא סוכר 67 גר',מרס ריגלי קונפקשונרי,PL,מסטיק אורביט רפרשרס,גרמים,67.00,100 גרם,false,,11.90,17.7612,true,1,127648
4009900539401,false,מסטיק פייב באונס בטעם מנטה HP,,,מסטיק בטעם מנטה פייב,גרמים,14.40,100 גרם,false,,3.90,27.0833,true,1,368695
4009900539685,false,"מסטיק פייב באונס בטעם מנטה בקבוקון, 61.8 גרם",ריגלי בעמ רוסיה,PL,מסטיק בטעם מנטה ללא,גרמים,61.80,100 גרם,false,,11.90,19.2557,true,1,368576
4009900539746,false,"מסטיק פייב באונס בטעם אבטיח בקבוקון, 61.8 גרם",ריגלי בעמ רוסיה,PL,מסטיק בטעם אבטיח ללא,גרמים,31.80,100 גרם,false,,11.90,37.4214,true,1,368590
4009900540551,false,מסטיק אורביט רפרשרס טרופיקל בקבוקון ללא סוכר,מרס פולין,PL,אורביט רפרשרס טרופיק,גרמים,67.00,100 גרם,false,,11.90,17.7612,true,1,349869
4011100001220,false,מארז שוקולד מארס מיניס,מרס הולנד בי.וי.,NL,מרס מיני 403 גרם,גרמים,403.00,100 גרם,false,,19.90,4.9380,true,1,20728
4011800577810,false,קורני פרי (6) נוגט 120 גרם,,,קורני חטיף דגנים נוג,גרמים,150.00,100 גרם,false,,11.90,7.9333,true,1,276486
4011800628512,false,חטיף קורני שוקולד חלב 6 יח 150 גר,מיוצר עי קונדיטוריית,DE,חטיף דגנים עם שוקולד,גרמים,150.00,100 גרם,false,,11.90,7.9333,true,1,13741
4011800630515,false,חטיף קורני שוקולד חלב ובננה 6 יח 150 גר,מיוצר עי קונדיטוריית,DE,חטיף דגנים עם שוקולד,גרמים,150.00,100 גרם,false,,11.90,7.9333,true,1,13743
4011800632519,false,קורני בייס קוקונט 6 יח 150 גר,מיוצר עי קונדיטוריית,DE,חטיף דגנים עם שוקולד,גרמים,150.00,100 גרם,false,,11.90,7.9333,true,1,13744
4011800633516,false,קורני בייס דרק שוקו 6 יח 138 גר,שוורטאוור וורקה,DE,חטיף דגנים שוקולד מר,גרמים,138.00,100 גרם,false,,11.90,8.6232,true,1,13745
4011800636517,false,קורני פרי שוקולד חלב 6 יח 120 גר,מיוצר עי קונדיטוריית,DE,חטיף דגנים פרי עם שו,גרמים,120.00,100 גרם,false,,11.90,9.9167,true,1,13747
4014400900217,false,בונבוניירה שוקולד מרסי 400 ג`,קריניציה ויטמינה אס,DE,בונבונירה מרסי 400 ג,גרמים,400.00,100 גרם,false,,45.90,11.4750,true,1,12694
4014400901191,false,בונבוניירה שוקולד מרסי 250 ג`,אוגוסט שטורק,DE,בונבונירה מרסי 250 ג,גרמים,250.00,100 גרם,false,,24.90,9.9600,true,1,12696
4014400901412,false,בונבוניירה שוקולד מריר מרסי 250 ג`,תות ממתקי איכות,,מרסי מריר 250 גרם,גרמים,250.00,100 גרם,false,,24.90,9.9600,true,1,12698
4014400903409,false,בונבוניירה טופיפי שוקולד 250 ג',קריניציה ויטמינה אס,DE,טופיפי 250גר',גרמים,250.00,100 גרם,false,,20.90,8.3600,true,1,12699
4014400904277,false,סוכריות שטרוק אייס פרש בשקית 425 גרם,תות ממתקי איכות,DE,סוכריות אייס פרש 425,גרמים,425.00,100 גרם,false,,14.90,3.5059,true,1,12700
4014400904376,false,סוכריות טופי שוקולדן שטורק 325 ג',קריניציה ויטמינה אס,DE,סוכ.שטורק שוקולדן 32,גרמים,325.00,100 גרם,false,,14.90,4.5846,true,1,12703
4014400904390,false,סוכריות וולמילש ממולא ט.חלב 325גרם,קריניציה ויטמינה אס,DE,סוכריות וולמליש 325ג,גרמים,325.00,100 גרם,false,,14.90,4.5846,true,1,12704
4014400909692,false,סוכריות וורטר בוקס קפה ללא סוכר 42 גר,קריניציה ויטמינה אס,DE,וורטרס סוכריות קפה ל,גרמים,42.00,100 גרם,false,,5.90,14.0476,true,1,12706
4014400910063,false,סוכריות וורטר אורגינל שקית 135 גרם,אוגוסט שטורק,DE,סוכריות חמאה וורטר 1,גרמים,135.00,100 גרם,false,,8.90,6.5926,true,1,12708
4014400914696,false,סוכריות חמאה וורטר אור ללא סוכר 80 גרם,אוגוסט שטורק,DE,80 סוכריות חמאה וורט,גרמים,80.00,100 גרם,false,,8.90,11.1250,true,1,12713
4014400914924,false,סוכריות וורטר אורגינל ללא סוכר קפה 80 ג',קריניציה ויטמינה אס,DE,80 סוכריות קפה וורטר,גרמים,80.00,100 גרם,false,,8.90,11.1250,true,1,12714
4014400923711,false,טופיפי בונבונירה שוק,אוגוסט שטורק,DE,טופיפי בונבונירה שוק,גרמים,125.00,100 גרם,false,,11.90,9.5200,true,1,12718
4014400925319,false,סוכריות וורטר פופקורן קרמל 140 גר',שטורק,DE,חטיף פופקורן בציפוי,גרמים,140.00,100 גרם,false,,14.90,10.6429,true,1,112932
4014400929010,false,וופל מיני קנופרס 200 גר 10 גר*20 יחידות,,DE,וופל מיני קנופרס 200,גרמים,200.00,100 גרם,false,,19.90,9.9500,true,1,388033
4014522120104,false,בודטה-סוכריות פירות מולטיויטמין לל.ס 100ג,,DE,סוכריות פירות מולטיו,גרמים,100.00,100 גרם,false,,10.00,10.0000,true,1,523612
4014522120203,false,בודטה-סוכריות בטעם דובדבן לל.ס 100ג,,DE,סוכריות בטעם דובדבן,גרמים,100.00,100 גרם,false,,10.00,10.0000,true,1,523597
4014522120302,false,בודטה סוכריות בטעם מנטה ללא סוכר 100 גרם,,DE,סוכריות בטעם מנטה לל,גרמים,100.00,100 גרם,false,,10.00,10.0000,true,1,523598
4014600202593,false,רגולדס סוכריות בפח בטעם פירות 150 גרם,,,סוכריות בפח בטעמי פי,גרמים,150.00,100 גרם,false,,9.90,6.6000,true,1,527807
4015000031394,false,"ספטיל - משחה להסרת כתמים 200 מ""ל",הנקל,HU,מסיר כתמים ספטיל 200,גרמים,200.00,100 גרם,false,,15.90,7.9500,true,1,34856
4015400564034,false,אולוויז מגן תחתון לונג+ מגה פק 58 יח',פרוקטר אנד גמבל,DE,מגן תחתון לונג פלוס,יחידה,0.00,יחידה,false,,18.90,0.0000,true,1,26863
4015400564454,false,אולוויז מגן תחתון לארג' מגה פק 68 יח',פרוקטר אנד גמבל,DE,מגן תחתון לארג מגה פ,יחידה,0.00,יחידה,false,,18.90,0.0000,true,1,26867
4015400598329,false,אולויז קוואטרו נורמל פלוס 56 יח,,,קוואטרו נורמל פלוס א,יחידה,0.00,יחידה,false,,36.90,0.0000,true,1,26875
4015400690498,false,טמפונים פרל סופר פלוס טמפקס קומפאק 18 יח,,,טמפון פרל סופר פלוס,יחידה,0.00,יחידה,false,,19.90,0.0000,true,1,26905
4015400746812,false,אולוויז מגן תחתון נורמל מגה פק 80 יח',פרוקטר אנד גמבל,UA,מגן תחתון מגה פק נור,יחידה,0.00,יחידה,false,,18.90,0.0000,true,1,26929
4015400990482,false,אריאל אבקת כביסה קולור 3 קג,,,אבקת כביסה אריאל קול,קילוגרמים,3.00,"ק""ג",false,,34.90,11.6333,true,1,26943
4015600807436,false,"ג'ילט - דאודורנט ג'ל לגבר כדוריות קול וויב 75 מ""ל",,,דאודורנט ג'ל קול לגב,מיליליטרים,75.00,"100 מ""ל",false,,21.90,29.2000,true,1,26995
4015600807573,false,"ג'ילט - דאודורנט ג'ל לגבר כדוריות פאוור ראש 75 מ""ל",,,דאודורנט ג'ל פאוור ל,מיליליטרים,75.00,"100 מ""ל",false,,21.90,29.2000,true,1,26996
4017100364112,false,ביסקוויט ממולא קרם שוקולד היט 220 גרם,הדקלאים אגודת שיתופי,PL,היט עוגיות סנדביץ בט,גרמים,220.00,100 גרם,false,,8.90,4.0455,true,1,41951
4025700001962,false,שוקולד מילקה לבן 100 גרם,פי אר ג'יי אס סי מונ,HU,מילקה שוקולד לבן 100,גרמים,100.00,100 גרם,false,,6.90,6.9000,true,1,73123
4033100014529,false,סיגריות אל די סלים ח,JTI,,אל.די סלימס,יחידה,0.00,יחידה,false,,27.00,0.0000,false,1,4127
4045787068252,false,"אינדולה - פרוטאין צבע 1000-1 בלונ אפור 60 מ""ל",,,פרוטאין קולור 1000.1,מיליליטרים,60.00,"100 מ""ל",false,,13.90,23.1667,true,1,8026
4052197000017,false,"בירה בנדיקטינר חיטה לא מסוננת 500 מ""ל",בנדיקטינר וויצבראו,DE,בירה בנדיקטינר 500 מ,מיליליטרים,500.00,"100 מ""ל",false,,9.90,1.9800,true,1,91
4066600999614,false,"בירה פאולנר חיטה 500 מ""ל בקובק",מבשלת פאולנר,DE,בירה פאולנר בקבוק 50,מיליליטרים,500.00,"100 מ""ל",false,,10.90,2.1800,true,1,9273
4067700014849,false,ליקר ייגרמייסטר 700,מסט-יגרמייסטר,DE,ליקר ייגרמייסטר 700,מיליליטרים,700.00,"100 מ""ל",false,,84.90,12.1286,true,1,7287
4084500065536,false,קרם לחות פנטן מוגברת מושלמים 300 מל,פרוקטר אנד גמבל,FR,קרם לחות מוגברת פנטן,מיליליטרים,300.00,"100 מ""ל",false,,19.90,6.6333,true,1,27070
4084500149526,false,טייד נוזל כביסה 2.48 ליטר,,DE,טייד גל 2.48 ליטר,ליטרים,2.48,ליטר,false,,29.90,12.0565,true,1,27078
4084500853836,false,"נוזל כלים פיירי ורדים ומשי 515 מ""ל",פרוקטר אנד גמבל,GB,פיירי נוזל כלים ורדי,מיליליטרים,515.00,"100 מ""ל",false,,9.90,1.9223,true,1,27096
4210201262183,false,אורל בי ויטליטי מברשת חשמלית נטענת D100,בראון,DE,אורל בי מברשת חשמלית,יחידה,0.00,יחידה,false,,100.90,0.0000,true,1,74621
4567646853118,false,קישוט דיקורטיבי לעוגת יום הולדת,,,קישוט דיקורטיבי לעו,יחידה,0.00,יחידה,false,,4.90,0.0000,true,1,444626
4710068001692,false,"מאסטר קפה לאטה פחית 240מ""ל",תאיט מרקטינג אנד דיס,,מאסטר קפה לאטה פחית,מיליליטרים,240.00,"100 מ""ל",false,,6.40,2.6667,true,1,39379
4710068001715,false,"מאסטר קפה טירמיסו 240 מ""ל",יוני פרזינדנט אנטרפר,,מאסטר קפה טירמיסו 24,מיליליטרים,240.00,"100 מ""ל",false,,6.40,2.6667,true,1,39380
4796019790013,false,"שמן קוקוס אורגני 300 מ""ל",כפרי בריא,,גרין קוקו - שמן קוקו,מיליליטרים,300.00,"100 מ""ל",false,,17.90,5.9667,true,1,113533
4800888150080,false,"דאב - דאודורנט רול און לאישה פרש טאצ' מלפפונים 50 מ""ל",,PH,דאו' רולאון מלפפונים,מיליליטרים,50.00,"100 מ""ל",false,,14.90,29.8000,true,1,10070
4800888190529,false,דאב דאו סטיק טאלק סופט לאשה 50 גר,,,דאו' סטיק טאלק סופט,גרמים,50.00,100 גרם,false,,14.90,29.8000,true,1,10081
4800888209429,false,רקסונה - דאודורנט סטיק לאישה כותנה נשים 50 גרם,,,דאו' סטיק כותנה רקסו,גרמים,50.00,100 גרם,false,,17.90,35.8000,true,1,73024
4800888219534,false,דאב - דאודורנט סטיק לאישה אנטי פרספירמט 50 גרם,"חברת זולברג, גוברנור",IL,דאורדורנט סטיק אוריג,גרמים,50.00,100 גרם,false,,14.90,29.8000,true,1,179207
4800888219541,false,רקסונה - דאודורנט סטיק לאישה פאוודר דרי 50 גרם,,,דאו רקסונה סטיק טלק,מיליליטרים,50.00,"100 מ""ל",false,,17.90,35.8000,true,1,234316
4860009000014,false,מיץ רימונים 1 ליטר תוצרת גרוזיה,יושלם,,תומר מיץ רימונים גרו,ליטרים,1.00,ליטר,false,,17.90,17.9000,true,1,24919
4860019001414,false,"בקבוק מים בוז'ורמי 750 מ""ל",אי.די.אס בורג'יומי,,בורז'ומי מים מינרלים,מיליליטרים,750.00,"100 מ""ל",false,,7.90,1.0533,true,1,11193
4891228302962,false,סכיני גילוח שיק הידרו 5 לחות מוגברת 4 יח,הנסיך- מפעל לייצור ט,CN,שיק היידרו 5 לחות מו,יחידה,0.00,יחידה,false,,49.90,0.0000,true,1,21330
4891228303006,false,שיק היידרו 3 לחות מו,,,שיק היידרו 3 לחות מו,יחידה,0.00,יחידה,false,,29.90,0.0000,true,1,21331
4891228430061,false,סכיני גילוח שיק אקזקטה 2 לנשים ורוד 10 יח',הנסיך- מפעל לייצור ט,CN,סכיני גילוח לאישה שי,יחידה,0.00,יחידה,false,,23.90,0.0000,true,1,21336
4895060582292,false,סוכריות נטיורל פלורידה מיקס טעמים 136ג',,,פלורידה סוכריות 8יח,גרמים,136.00,100 גרם,false,,14.90,10.9559,true,1,13024
4895060585668,false,מיקס סטיק תפוח ואוכמ,,,מיקס סטיק תפוח ואוכמ,גרמים,136.00,100 גרם,false,,16.90,12.4265,true,1,363249
4895060586382,false,אריזה משפחתית טרופי,,,אריזה משפחתית טרופי,גרמים,136.00,100 גרם,false,,16.90,12.4265,true,1,363252
4895060592307,false,פלורידה בקבוק חלב מנצ'סטר,,,פלורידה סוכריות נאגט,גרמים,43.00,100 גרם,false,,6.90,16.0465,true,1,13027
4903001904192,false,"רוטב סויה יאמסה פרימיום 500 מ""ל",הדקלאים אגודת שיתופי,JP,רוטב סויה יאמאסה פרמ,מיליליטרים,500.00,"100 מ""ל",false,,17.90,3.5800,true,1,12720
4903001904208,false,רוטב סויה יאמסה פרימיום 1 ליטר,הדקלאים אגודת שיתופי,JP,רוטב סויה פרימיום יא,ליטרים,1.00,ליטר,false,,31.90,31.9000,true,1,12721
5000127533196,false,קלוגס וורייטי שמינייה 191 גרם,חברת קלוגס בריטניה,,דגני בוקר ווראייטי ק,גרמים,191.00,100 גרם,false,,22.90,11.9895,true,1,5249
5000157143365,false,מתבל בטעם מיונז וקטשופ היינץ 425 ג',,PL,מתבל בטעם מיונז וקטש,מיליליטרים,425.00,"100 מ""ל",false,,14.90,3.5059,true,1,5250
5000159376655,false,סוכריות סקיטליס פירות 38 גר',ריגלי ממתקים,GB,סוכריות סקיטלס פירות,גרמים,38.00,100 גרם,false,,3.50,9.2105,true,1,20736
5000159538626,false,טוויקס מארז חמישייה,,,חטיף טוויקס מארז 5*2,גרמים,250.00,100 גרם,false,,10.90,4.3600,true,1,170342
5000204114898,false,"גלייד ארוסול בניחוח מרכך כביסה 300 מ""ל",אס.סי גונוסון,NL,גלייד ארוסול בניחוח,מיליליטרים,300.00,"100 מ""ל",false,,7.90,2.6333,true,1,5636
5000204115048,false,"מטהר אוויר גלייד ארוסול לבנדר 300 מ""ל","אס.סי ג'ונסון,מידרכט",NL,גלייד ארוסול בניחוח,מיליליטרים,300.00,"100 מ""ל",false,,7.90,2.6333,true,1,5640
5000204153903,false,מטהר אוויר גלייד מילוי אוטומטי מרכך כביסה,קוסטר אירוסול ואלף ס,TR,גלייד מילוי אוטומטי,מיליליטרים,269.00,"100 מ""ל",false,,15.90,5.9108,true,1,97873
5000204658187,false,"קיווי נוזל נעליים קראון שחור 75 מ""ל",אס' סי' ג'ונסון במה,PL,קיווי נוזל נעליים שח,מיליליטרים,75.00,"100 מ""ל",false,,14.50,19.3333,true,1,5655
5000204661392,false,"קיווי מ.נעלים קופסא שחור 100מ""ל",המאפיה של הרמן,ID,קיווי משחת נעליים בק,מיליליטרים,100.00,"100 מ""ל",false,,10.50,10.5000,true,1,5659
5000204886566,false,"פלדג 475 מ""ל ORANGE OIL",,,"פלדג 475 מ""ל ORANGE",מיליליטרים,475.00,"100 מ""ל",false,,24.50,5.1579,true,1,5664
5000394203921,false,זוג סוללות ליתיום 2032 דורסל,,CN,דורסל זוג סוללות לית,יחידה,0.00,יחידה,false,,19.90,0.0000,true,1,27136
5000396037944,false,מקוויטיס ביסקוייט קלאסי 250 גרם,,,מקוויטים ביסקוויטים,גרמים,250.00,100 גרם,false,,9.90,3.9600,true,1,24579
5010026515919,false,מוזלי קריספי נאטי 650 גרם,,GB,מוזלי קריספי אגוזים,גרמים,650.00,100 גרם,false,,24.90,3.8308,true,1,201988
5010026515933,false,מורנפלייק מוזלי פירות+אגוזים750גרם,,GB,מוזלי קריספי פירות ו,גרמים,750.00,100 גרם,false,,24.90,3.3200,true,1,201989
5010182997338,false,"טואלט דאק ג'ל אסלה ניחוח רענן 55 מ""ל","איטיליאן פוד, אס.פי.",IT,דאק ג'ל אסלה ניחוח ר,גרמים,55.00,100 גרם,false,,10.90,19.8182,true,1,5670
5010182998847,false,נוזל לניקוי אסלה דאק בניחוח ים 806 גר,מיוצר עי קונדיטוריית,NL,דאק ג'ל נוזל לניקוי,מיליליטרים,750.00,"100 מ""ל",false,,9.90,1.3200,true,1,5676
5010296003260,false,גרינאלס ג'ין מתובל ב,,,גרינאלס ג'ין מתובל ב,מיליליטרים,700.00,"100 מ""ל",false,,79.00,11.2857,true,1,522344
5010677850100,false,וודקה גריי גוס בקבוק,גריי גוס,FR,"גריי גוס 700 מ""ל",מיליליטרים,700.00,"100 מ""ל",false,,110.90,15.8429,true,1,13366
5010852000917,false,ווסקי בארקליס 0.7 ליטר,,,ויסקי בארקליס 700מ'ל,מיליליטרים,700.00,"100 מ""ל",false,,70.90,10.1286,true,1,11194
5011157630281,false,"טילדה אורז בסמטי 1 ק""ג",טילדה,GB,טילדה אורז הימשלי בס,קילוגרמים,1.00,"ק""ג",false,,24.90,24.9000,true,1,21355
5014271400426,false,סן דלפו מעדן תות שדה ללא סוכר 284 ג',המאפיה של הרמן,FR,סאן דלפור מעדן תות ש,גרמים,284.00,100 גרם,false,,20.90,7.3592,true,1,16771
5024546366609,false,"וויסקי 700 מ""ל LAUDERS SCOTCH",מקדוף אינטרנשנל דיסט,,וויסקי לאודרס 700מל,מיליליטרים,700.00,"100 מ""ל",false,,100.90,14.4143,true,1,134
5029053002408,false,נייר טואולט קליניקס לבן 9 גלילים,קימברלי קלארק ישראל,IL,נייר טואלט קליניקס ל,מטרים,275.00,מטר,false,,32.90,0.1196,true,1,8795
5029053510811,false,קוטקס - תחבושות אולטרה נורמל + כנפיים 30 יח',קימברלי קלארק,,תחבושות אולטרה נורמל,יחידה,0.00,יחידה,false,,17.90,0.0000,true,1,8804
5029053510828,false,קוטקס - תחבושות אולטרה סופר + כנפיים 22 יח',קימברלי קלארק,GB,תחבושת אולטרה סופר+כ,יחידה,0.00,יחידה,false,,17.90,0.0000,true,1,8805
5029053523446,false,קוטקס - תחבושות אולטרה נייט + כנפיים 20 יח',קימברלי קלארק,GB,תחבושות אולטרה נייט+,יחידה,0.00,יחידה,false,,17.90,0.0000,true,1,8807
5029053535227,false,קוטקס טמפון עם מוליך נורמל 16 יח',KC Czech,,טמפון עם מוליך נורמל,יחידה,0.00,יחידה,false,,19.90,0.0000,true,1,8820
5029053578309,false,קופסת ממחטות אולטרה סופט 48 דף קלינקס,קימברלי,IL,טישו אולטרה סופט קוב,יחידה,0.00,יחידה,false,,6.90,0.0000,true,1,228021
5029054220085,false,האגיס - מגבוני האגיס אקסטרה קר לא מבושם 56 יח' * 4,קימברלי,IL,האגיס אקסטרה קר מגבו,יחידה,0.00,יחידה,false,,24.90,0.0000,true,1,8825
5053827215862,false,קלוגס קוקו פופס שוקו 500ג',,,דגני בוקר קוקו פופס,גרמים,500.00,100 גרם,false,,18.90,3.7800,true,1,86028
5060319120047,false,תה ירוק אורגני 50 גרם הייר ליבינג,,,הייר ליבינג - ורי בר,גרמים,40.00,100 גרם,false,,16.90,42.2500,true,1,114165
5060517886486,false,"מונסטר משקה אנרגיה קלאסי 500 מ""ל",Monster energy סרביה,RU,מונסטר אנרג'י פחית 5,מיליליטרים,500.00,"100 מ""ל",false,,6.90,1.3800,true,1,6795
5060751219033,false,"משקה אנרגיה מונסטר ULTRA PARADISE פח 500 מ""ל",Monster energy סרביה,IE,מונסטר אולטרה פרדייז,מיליליטרים,500.00,"100 מ""ל",false,,6.90,1.3800,true,1,426206
5099864006391,false,"סימילאק מהדרין בד""צ שלב 3 900 ג'",,,"סימילאק מהדרין בד""צ",גרמים,900.00,100 גרם,false,,75.90,8.4333,true,1,29439
5201004020338,false,קפריס וופל רול ממולא קרם אגוזי לוז 400 ג',פפדופולוס,GR,קפריס רולס קלאסיק 40,גרמים,400.00,100 גרם,false,,19.90,4.9750,true,1,13765
5201004021328,false,קפריס וופל רול ממולא קרם אגוזי לוז 115 ג',אי. ג'יי פאפאדופולוס,GR,קפריס רולס קלאסיק 11,גרמים,115.00,100 גרם,false,,8.90,7.7391,true,1,136811
5201085540084,false,סוכריות ג'ילי מיקס שקית 800 גר',,,סוכריות ג'לו מיקס 70,גרמים,700.00,100 גרם,false,,13.90,1.9857,true,1,34597
5201340003385,false,טונה מעושנת שמן סויה 160 ג' TRATA,,GR,טונה מעושנת בשמן צמח,גרמים,160.00,100 גרם,false,,15.90,9.9375,true,1,238936
5201347160326,false,גל לשמירה על חיי מכונת הכביסה קלגון 750מ,,,קלגון גל 750 מ'ל,מיליליטרים,750.00,"100 מ""ל",false,,30.90,4.1200,true,1,20845
5201347175030,false,פיניש קוואנטום 32 יח,,,פיניש קוואנטום 32 יח,יחידה,0.00,יחידה,false,,34.90,0.0000,true,1,535103
5201347400545,false,Veet ארומטיק רצועות שעווה לפנים(20 יח'),רקיט בנקיזר,FR,רצועות שעווה לפנים ו,יחידה,0.00,יחידה,false,,30.90,0.0000,true,1,20847
5201940010110,false,זיתים שחורים מזן קלמטה בפח 454 גרם,סיוארס אס.איי,GR,זיתים שחורים קלמטה ו,גרמים,250.00,100 גרם,false,,14.90,5.9600,true,1,2841
5202175001515,false,נאצ`וס בטעם מלוח 225 גר,,,נאצ'וס בטעם מלוח מזר,גרמים,225.00,100 גרם,false,,10.90,4.8444,true,1,409293
5202175001546,false,"נאצוס בטעם ברביקיו לל""ג 225 גרם",,GR,נאצ'וס בטעם ברביקיו,גרמים,225.00,100 גרם,false,,10.90,4.8444,true,1,545261
5202175002451,false,טורטייה- מאפה על בסי,,,טורטייה- מאפה על בסי,גרמים,245.00,100 גרם,false,,8.90,3.6327,true,1,545000
5202300014496,false,ולה פלקס ספריי אקסטרה סטרונג,,,אקסטרה סטרונג וולה פ,מיליליטרים,250.00,"100 מ""ל",false,,30.00,12.0000,true,1,27154
5203064007649,false,עוגיות שוקולד צ'יפס טריפל 180 גרם תומר,,,תומר עוגיות שוקו צ'י,גרמים,180.00,100 גרם,false,,9.90,5.5000,true,1,277091
5208049002473,false,קנט ארוך קופסא בודדת,BAT,,קנט ארוך קופסא בודדת,יחידה,0.00,יחידה,false,,36.00,0.0000,false,1,218447
5391523057936,false,סימילאק גולד שלב 2 700 גרם,אבוט לבורטיז,IE,סימילאק גולד שלב 2,גרמים,700.00,100 גרם,false,,70.90,10.1286,true,1,29447
5391523057943,false,סימילאק גולד שלב 3 700 גרם,אבוט לבורטיז,IE,סימילאק גולד שלב 3 7,גרמים,700.00,100 גרם,false,,70.90,10.1286,true,1,29448
5391523058070,false,סימילאק אדוונס פלוס שלב 3 700 גרם,טרופיקל דגיל תעשיות,IE,סימילאק אדוונס פלוס,גרמים,700.00,100 גרם,false,,64.90,9.2714,true,1,29450
5391523058087,false,סימילאק אדוונס פלוס שלב 2 700 גרם,טרופיקל דגיל תעשיות,IE,סימילאק אדוואנס פלוס,גרמים,700.00,100 גרם,false,,64.90,9.2714,true,1,29451
5410076933129,false,אריאל שושן צחור שקית,P&G,,אריאל שושן צחור שקית,קילוגרמים,3.00,"ק""ג",false,,34.90,11.6333,true,1,27227
5410103161518,false,לוריאל - דרמו פעולה משולשת רגיל,יושלם,,דרמו פעולה משולשת רג,מיליליטרים,50.00,"100 מ""ל",false,,45.90,91.8000,true,1,12483
5410126006087,false,ביסקוויט לוטוס קרמל 700 גרם,כלורוקס אוקלנד,BE,לוטוס עוגיות קרמל 70,גרמים,700.00,100 גרם,false,,24.90,3.5571,true,1,5265
5410126106183,false,ביסקויט לוטוס קרמל 312 גר 50 יח ארוז,כלורוקס אוקלנד,BE,ביסקוויט קרמל 312גרם,גרמים,312.00,100 גרם,false,,16.80,5.3846,true,1,5270
5410126116953,false,ממרח עוגיות לוטוס קרמל 400 גר,לוטוס בייקרי בלגיה נ,BE,לוטוס ממרח ביסקוויט,גרמים,400.00,100 גרם,false,,20.90,5.2250,true,1,5272
5410126666038,false,עוגיות לוטוס 18*2 279 גרם,,BE,עוגיות לוטוס 279 גרם,גרמים,279.00,100 גרם,false,,12.90,4.6237,true,1,5273
5410126716016,false,"ביסקוויט בטעם קרמל לוטוס בד""צ 250 ג'",לוטוס ביקרי בלגיה,BE,ביסקוויט בטעם קרמל ל,גרמים,250.00,100 גרם,false,,11.90,4.7600,true,1,5274
5410126726947,false,ממרח עוגיות קראנץ' 380 ג' לוטוס,לוטוס בייקרי בלגיה נ,BE,לוטוס קראנץ ממרח עוג,גרמים,380.00,100 גרם,false,,20.90,5.5000,true,1,5275
5410291021991,false,צ`וקטה ממרח אגוזי לו,,,צ`וקטה ממרח אגוזי לו,גרמים,700.00,100 גרם,false,,19.90,2.8429,true,1,41962
5410291022011,false,ממרח אגוזי לוז עם קקאוי 350 ג' צ'וקטה,,,צ`וקטה ממרח אגוזי לו,גרמים,350.00,100 גרם,false,,11.90,3.4000,true,1,41963
5410291022738,false,צ'וקטה ממרח חלב ואגוזי לוז עם קקאוי 350ג',,,צ`וקטה ממרח אגוזי לו,גרמים,350.00,100 גרם,false,,11.90,3.4000,true,1,41965
5411081003654,false,"בירה קסטיל רוז 330 מ""ל",יושלם,,בירה קסטיל רוז 330 א,מיליליטרים,330.00,"100 מ""ל",false,,11.90,3.6061,true,1,36581
5411188081852,false,אלפרו משקה סויה בטעם וניל 1 ל',הנסיך- מפעל לייצור ט,BE,אלפרו משקה סויה בטעם,יחידה,0.00,יחידה,false,,12.90,0.0000,true,1,21357
5411188096108,false,"שמנת לבישול ע""ב סויה 250 מ""ל אלפרו",אלפרו C.V.A,BE,אלפרו סויה לבישול 25,מיליליטרים,250.00,"100 מ""ל",false,,9.90,3.9600,true,1,21360
5411188110835,false,אלפרו חלב סויה שקדים וניל 1ל',הנסיך- מפעל לייצור ט,BE,אלפרו משקה שקדים 1 ל,ליטרים,1.00,ליטר,false,,13.90,13.9000,true,1,21363
5411188112709,false,"משקה קוקוס אלפרו 1 ליטר משקה שקדים לל""ס",הנסיך- מפעל לייצור ט,BE,אלפרו משקה שקדים ללא,יחידה,0.00,יחידה,false,,13.90,0.0000,true,1,21367
5411188115366,false,משקה קוקוס אלפרו 1 ליטר משקה שיבולת שועל 1 ליטר,הנסיך- מפעל לייצור ט,BE,אלפרו משקה שיבולת שו,יחידה,0.00,יחידה,false,,13.90,0.0000,true,1,21369
5411188115434,false,משקה אלפרו בריסטה סויה 1 ליטר,,BE,אלפרו משקה בריסטה סו,ליטרים,1.00,100 ליטר,false,,13.90,1390.0000,true,1,461792
5411188115472,false,אלפרו משקה סויה 1 ליטר,הנסיך- מפעל לייצור ט,BE,אלפרו משקה סויה 1 לי,ליטרים,1.00,ליטר,false,,12.90,12.9000,true,1,95433
5411188120742,false,משקה קוקוס אלפרו 1 ליטר שקדים וניל 1 ל',הנסיך- מפעל לייצור ט,BE,אלפרו משקה שקדים בטע,ליטרים,1.00,ליטר,false,,13.90,13.9000,true,1,21376
5411188121923,false,"אלפרו משקה סויה סידן מארז 250X3מ""ל",הנסיך- מפעל לייצור ט,BE,אלפרו סויה סידן שלש,מיליליטרים,750.00,"100 מ""ל",false,,14.90,1.9867,true,1,21378
5411188121978,false,"משקה סויה בטעם שוקולד 3 * 250 מ""ל אלפרו",אלפרו C.V.A,IL,אלפרו סויה שוקו סיד,מיליליטרים,750.00,"100 מ""ל",false,,15.50,2.0667,true,1,21379
5411188122586,false,"אלפרו משקה שקדים 250 מ""ל",,BE,אלפרו משקה שקדים 250,מיליליטרים,250.00,"100 מ""ל",false,,6.50,2.6000,true,1,21381
5411188129899,false,משקה אלפרו בריסטה שקדים 1 ליטר,הנסיך- מפעל לייצור ט,BE,אלפרו משקה בריסטה שק,יחידה,0.00,יחידה,false,,13.90,0.0000,true,1,95435
5411188134985,false,אלפרו NOT MILK שיבולת שועל 3.8% שומן 1 ליטר,הנסיך- מפעל לייצור ט,BE,אלפרו 3.5% שומן NOT,ליטרים,1.00,ליטר,false,,12.90,12.9000,true,1,198854
5411188135005,false,אלפרו NOT MILK שיבולת שועל 1.8% שומן 1 ליטר,הנסיך- מפעל לייצור ט,BE,אלפרו 1.8% שומן NOT,ליטרים,1.00,ליטר,false,,12.90,12.9000,true,1,203064
5411188513483,false,"אלפרו סויה לבישול 14% שומן 250 מ""ל",אלפרו C.V.A,BE,אלפרו סויה לבישול 14,מיליליטרים,250.00,"100 מ""ל",false,,9.90,3.9600,true,1,349972
5411188543398,false,אלפרו משקה סויה ללא סוכר 1 ליטר,הנסיך- מפעל לייצור ט,BE,אלפרו משקה סויה ללא,ליטרים,1.00,ליטר,false,,12.90,12.9000,true,1,95537
5413149655522,false,"אבקת כביסה שושן צחור 1.25 ק""ג אריאל",פרוקטר אנד גמבל,,אריאל אבקת כביסה שוש,קילוגרמים,1.25,"ק""ג",false,,17.90,14.3200,true,1,27237
5413149922907,false,"אבקת כביסה קולור וסטייל 5 ק""ג אריאל",קדבורי,,אריאל אבקת כביסה קול,קילוגרמים,5.00,"ק""ג",false,,45.90,9.1800,true,1,27246
5413149922938,false,"אריאל אבקת כביסה שושן צחור, 5 ק""ג",פרוקטר אנד גמבל,,אריאל אבקת כביסה שוש,קילוגרמים,5.00,"ק""ג",false,,45.90,9.1800,true,1,27247
5413548040479,false,בונבוניירה רפאלו 240 גרם,קדבורי,PL,בונבוניירה רפאלו 240,גרמים,240.00,100 גרם,false,,24.90,10.3750,true,1,41462
5413548280189,false,קינדר שוקובון 16 יחידות,פררו,BE,קינדר שוקו בון 125ג,גרמים,125.00,100 גרם,false,,13.90,11.1200,true,1,41463
5420066370001,false,טראפל בלגי קרמל 150 גרם,,,טראפל שוקולד בלגי קר,גרמים,150.00,100 גרם,false,,14.90,9.9333,true,1,527914
5420066370025,false,טראפל שוקולד בלגי קפ,,,טראפל שוקולד בלגי קפ,גרמים,150.00,100 גרם,false,,14.90,9.9333,true,1,527943
5420066370049,false,טראפל בלגי תפוז 150 גרם,,,טראפל שוקולד בלגי תפ,גרמים,150.00,100 גרם,false,,14.90,9.9333,true,1,527959
5601008200444,false,עוגיות טבעת מצופה שוק. חלב 150 גר גודיס,הנסיך- מפעל לייצור ט,PT,גודיס עוגיות טבעת מצ,גרמים,150.00,100 גרם,false,,6.90,4.6000,true,1,21388
5601008200468,false,עוגיות מרבה גודיס טבעת מצופה שוקו' לבן 150ג',קריניציה ויטמינה אס,PT,גודיס עוגיות טבעת מצ,גרמים,150.00,100 גרם,false,,6.90,4.6000,true,1,21390
5601010111035,false,סרדין בשמן זית 125 גר רמירז,רמירז קונסרב,PT,סרדינים בשמן זית רמי,גרמים,100.00,100 גרם,false,,11.90,11.9000,true,1,47858
5601010211087,false,פילה סרדין בשמן זית כתית 100 גר רמירז,רמירז קונסרב,PT,פילה סרדין בשמן זית,גרמים,100.00,100 גרם,false,,13.90,13.9000,true,1,47860
5601036205589,false,לוריאל - אקסלנס קרם 5 חום טבעי,,,אקסלנס צבע שיער קרם,יחידה,0.00,יחידה,false,,34.90,0.0000,true,1,12490
5601036205725,false,לוריאל - אקסלנס קרם 10 בלונד מאוד מאוד בהיר,,,אקסלנס צבע לשיער קרם,יחידה,0.00,יחידה,false,,34.90,0.0000,true,1,12500
5689456012109,false,מארז סביבונים מעץ 4 יח,,,מארז סביבונים 4 יח',יחידה,0.00,יחידה,false,,5.90,0.0000,true,1,235951
5701932026964,false,פופקורן הוטפופ מלוח 600ג',פופז בעמ,US,הוט פופ .פופקורן עם,גרמים,600.00,100 גרם,false,,14.90,2.4833,true,1,12728
5701932026971,false,פופקורן הוט חמאה מאגדת 100X6ג',"פופז בע""מ",US,הוט פופ פופקורן בטעם,גרמים,600.00,100 גרם,false,,14.90,2.4833,true,1,12729
5701932026995,false,פופקורן הוט פופ טבעי לייט 510 ג,קריניציה ויטמינה אס,US,הוט פופ פופקורן לייט,גרמים,510.00,100 גרם,false,,14.90,2.9216,true,1,12730
5706516031358,false,פופקורן להכנה במיקרוגל בטעם טבעי מופחת שומן,"פופז בע""מ",US,הוט פופ 100 קלוריות,גרמים,160.00,100 גרם,false,,14.90,9.3125,true,1,12731
5711953106583,false,גבינת שמנת בטעם טבעי 200 ג' ארלה,ארלה פודס אמבה,DK,ארלה גבינת שמנת טבעי,גרמים,200.00,100 גרם,false,,15.90,7.9500,true,1,23221
5711953106590,false,גבינת שמנת ארלה שמנת שום 200 גרם,ארלה פודס אמבה,DK,ארלה גבינת שמנת שום,גרמים,200.00,100 גרם,false,,15.90,7.9500,true,1,23222
5711953106606,false,גבינת שמנת ארלה עשבי תיבול 200 גרם,ארלה פודס אמבה,DK,ארלה גבינת שמנת עשבי,גרמים,200.00,100 גרם,false,,15.90,7.9500,true,1,23223
5711953148347,false,"גבינת שמנת טבעי ארלה, 300 גרם",,IL,גבינת שמנת טבעי ארלה,גרמים,300.00,100 גרם,false,,23.90,7.9667,true,1,554332
5740900403215,false,ממרח מחמאת לורפק עם מלח 250 ג',,DK,ממרח לורפק עם מלח 25,גרמים,250.00,100 גרם,false,,16.90,6.7600,true,1,23224
5740900403222,false,ממרח לורפק חמאה עם מלח מופחת שומן 250 ג,,DK,ממרח לורפק עם מלח מו,גרמים,250.00,100 גרם,false,,16.90,6.7600,true,1,23225
5740900403239,false,ממרח מחמאת לורפק ללא מלח 250 ג',,DK,ממרח לורפק ללא מלח 2,גרמים,250.00,100 גרם,false,,16.90,6.7600,true,1,23226
5740900403246,false,ממרח מחמאת לורפק ללא מלח 500 ג',,DK,ממרח לורפק ללא מלח 5,גרמים,500.00,100 גרם,false,,28.90,5.7800,true,1,23227
5740900403253,false,ממרח מחמאת לורפק עם מלח 500 ג',,DK,ממרח לורפק עם מלח 50,גרמים,500.00,100 גרם,false,,28.90,5.7800,true,1,23228
5740900403864,false,לורפק חמאה עם מלח 200 גרם,ארלה פודס אמבה,DK,חמאת לורפק עם מלח 20,גרמים,200.00,100 גרם,false,,10.90,5.4500,true,1,198937
5765220150618,false,קוצץ איכותי,,,קוצץ איכותי,יחידה,0.00,יחידה,false,,6.90,0.0000,true,1,192048
5765220190157,false,עטרות נייר לאפייה 2,,,עטרות נייר לאפייה 2,יח',130.00,יח',false,,4.90,0.0377,true,1,124038
5765220190171,false,עטרות נייר לאפייה 4,,,עטרות נייר לאפייה 4,יח',130.00,יח',false,,5.50,0.0423,true,1,124052
5765220190188,false,עטרות נייר לאפייה 5,,,עטרות נייר לאפייה 5,יח',130.00,יח',false,,5.90,0.0454,true,1,124053
5765220190447,false,סט כלים למנגל,,,סט כלים למנגל,יחידה,0.00,יחידה,false,,29.90,0.0000,true,1,187312
5765220190492,true,מסכות 3 שכבות 50 יחי,,,מסכות 3 שכבות 50 יחי,יחידה,0.00,יחידה,false,,9.90,0.0000,true,1,240105
5765369393013,false,סט נרות כסף/זהב 12 י,,,סט נרות כסף/זהב 12 י,יחידה,0.00,יחידה,false,,8.90,0.0000,true,1,444629
5765571202615,false,נר נשמה 48 שעות פלסט,,,נר נשמה 48 שעות פלסט,יחידה,0.00,יחידה,false,,4.90,0.0000,true,1,266015
5765571206613,false,נר נשמה 9 ימים בפלסט,,,נר נשמה 9 ימים בפלסט,יחידה,0.00,יחידה,false,,9.90,0.0000,true,1,572869
5784526831861,false,ערכת בלונים מזל טוב,,,ערכת בלונים מזל טוב,יחידה,0.00,יחידה,false,,24.90,0.0000,true,1,338313
5900020012814,false,דגנים נסקוויק מלחמת הכוכבים 500 גרם,מיוצר עי קונדיטוריית,PL,דגני בוקר נסקוויק נס,גרמים,500.00,100 גרם,false,,24.90,4.9800,true,1,18386
5900020015174,false,פיטנס - חטיף דגנים שוקולד 23.50 גרם * 6,מיוצר עי קונדיטוריית,PL,פיטנס חטיף דגנים שוק,גרמים,141.00,100 גרם,false,,14.90,10.5674,true,1,18387
5900020018908,false,פיטנס - חטיף דגנים עוגיות שוקולד 23.50 גרם * 6,מיוצר עי קונדיטוריית,PL,פיטנס חטיף דגנים קרם,גרמים,141.00,100 גרם,false,,14.90,10.5674,true,1,18388
5900020020710,false,נסטלה - קראנץ' שוקו וניל חטיף דגנים 25 גרם * 6,,,חטיף דגנים קראנץ בר,גרמים,150.00,100 גרם,false,,16.90,11.2667,true,1,18390
5900020024817,false,פיטנס - דליס חטיף דגנים שוקולד לבן 22.50 גרם * 6,,,פיטנס בר דליס שוקולד,גרמים,135.00,100 גרם,false,,14.90,11.0370,true,1,18395
5900020025647,false,פיטנס - דליס חטיף דגנים שוקולד חלב 22.50 גרם * 6,מיוצר עי קונדיטוריית,PL,פיטנס בר דליס שוקולד,גרמים,135.00,100 גרם,false,,14.90,11.0370,true,1,18397
5900020026552,false,האני נאט ציריוס מלחמת הכוכבים 625 גרם,הנסיך- מפעל לייצור ט,FR,האני נאט ציריוס נסטל,גרמים,625.00,100 גרם,false,,24.90,3.9840,true,1,18402
5900020029669,false,פיטנס - חטיף דגנים פירות יער 23.50 גרם * 6,,,פיטנס חטיף דגנים פיר,גרמים,141.00,100 גרם,false,,14.90,10.5674,true,1,18404
5900020033314,false,נסטלה - ליון חטיף דגנים 25 גרם * 6,סי.פי. פולין,PL,חטיף דגנים ליון נסטל,גרמים,150.00,100 גרם,false,,16.90,11.2667,true,1,18407
5900020034021,false,פיטנס בר דליס שוקולד בננה 8*23.5 גרם,מיוצר עי קונדיטוריית,PL,פיטנס חטיף דגנים שוק,גרמים,141.00,100 גרם,false,,16.90,11.9858,true,1,18408
5900020034991,false,דגני בוקר צדפים בטעם שוקולד 450 ג' קראנץ',סי. פי. פולין,IL,קראנץ' צדפים בטעם שו,גרמים,450.00,100 גרם,false,,24.90,5.5333,true,1,18409
5900020036407,false,דגני בוקר שוקולד וקרמל ליון 480 גרם,,FR,דגני בוקר שוקולד וקר,גרמים,480.00,100 גרם,false,,24.90,5.1875,true,1,67574
5900020037916,false,דגני בוקר שיבולת שועל צ'ריוס 375ג',ג'נרל מילס סאן אדריא,FR,צ'יריוס שיבולת שועל,גרמים,375.00,100 גרם,false,,15.90,4.2400,true,1,175688
5900020039620,false,פיטנס חטיף דגנים שקדים ודבש פרווה 8 6*23 ג,,PL,חטיף דגנים שקדים ודב,גרמים,141.00,100 גרם,false,,14.90,10.5674,true,1,244530
5900020041142,false,קורנפלקס פיטנס 500 ג' אסם,סי.פי פולין,PL,קורנפלקס פיטנס 500גר,גרמים,500.00,100 גרם,false,,12.90,2.5800,true,1,585857
5900627063233,false,טבליות למדיח AIO 50 יח פיניש,רקיט בנקיזר,PL,50 יח AIO טבליות פינ,גרמים,800.00,100 גרם,false,,39.90,4.9875,true,1,20865
5900627066715,false,טבליות למדיח פיניש הכל ב-1 100 יח,,PL,פיניש 100 טבליות AIO,יחידה,0.00,יחידה,false,,59.90,0.0000,true,1,20866
5900951283963,false,סניקרס חטיף קרימי ח.בוטנים בודד 50 גרם,סנו מפעלי ברונוס.,PL,חטיף סניקרס שוקולד ק,גרמים,50.00,100 גרם,false,,3.90,7.8000,true,1,341690
5901414200411,false,ביסקוויט מיניס ממולא שוקולד היט 130 גר,בלזן,PL,היט מיניס קרם קקאו 1,גרמים,130.00,100 גרם,false,,6.30,4.8462,true,1,41972
5902768862553,true,עוגיות בוגטי שוקולד,,,עוגיות בוגטי שוקולד,גרמים,155.00,100 גרם,false,,5.90,3.8065,true,1,49852
5902768862683,true,עוגיות טוויט שוקולד,,,עוגיות טוויט שוקולד,גרמים,155.00,100 גרם,false,,5.90,3.8065,true,1,49853
5904941750312,false,"משקה אנרגיה BLU מוחיטו בודד 250 מ""ל",אקו - ביט,PL,בלו בודד מוחיטו 250,מיליליטרים,250.00,"100 מ""ל",false,,4.50,1.8000,true,1,1813
5904941751302,false,"משקה אנרגיה בלו 250 מ""ל- בודד",אקו - ביט,PL,בלו משקה אנרגיה 250,מיליליטרים,250.00,"100 מ""ל",false,,4.50,1.8000,true,1,1814
5904941751715,false,"משקה אנרגיה בלו קרנברי 250 מ""ל -בודד",אקו - ביט,PL,בלו משקה אנרגיה קרנב,מיליליטרים,250.00,"100 מ""ל",false,,4.50,1.8000,true,1,1816
5904941751920,false,"משקה אנרגיה BLU DAY בודד 250 מ""ל",אקו - ביט,PL,בלו משקה אנרגיה דיי,מיליליטרים,250.00,"100 מ""ל",false,,4.50,1.8000,true,1,1819
5906485301012,false,"משקה אנרגיה XL פחית 250 מ""ל","טמפו משקאות בע""מ",IL,אקס אל משקה אנרגיה 2,מיליליטרים,250.00,"100 מ""ל",false,,4.50,1.8000,true,1,9289
5998623526739,false,"יין סי גראס גוורצטרמינר 750 מ""ל",דנוביאנה,HU,יין סי גראס גוורצטרמ,מיליליטרים,750.00,"100 מ""ל",false,,40.90,5.4533,true,1,13371
6008165271192,false,פאל מאל אדום ארוך האוס חפיסה,אמריקן גרדן,,פאל מאל אדום ארוך,יחידה,0.00,יחידה,false,,29.00,0.0000,false,1,4170
6008165274629,false,פאל מאל כחול ארוך סטרים פילטר חפיסה,יושלם,,פאל מאל כחול ארוך סט,יחידה,0.00,יחידה,false,,29.00,0.0000,false,1,4172
6102017501939,false,מצית גז ארוך,,,מצת מהודר,יחידה,0.00,יחידה,false,,9.90,0.0000,true,1,31069
6111094000013,false,"קוסקוס דארי בינוני תומר 1 ק""ג",,,קוסקוס בינוני דארי 1,קילוגרמים,1.00,"ק""ג",false,,17.90,17.9000,true,1,24920
6111094000228,false,"קוסקוס דארי דק תומר 1 ק""ג",דרי קוספט,MA,"קוסקוס דק דארי 1 ק""ג",קילוגרמים,1.00,"ק""ג",false,,17.90,17.9000,true,1,24922
6111094000259,false,קוסקוס דארי בינוני 500ג'18X,,MA,קוסקוס בינוני דארי 5,גרמים,500.00,100 גרם,false,,10.00,2.0000,true,1,24924
6111094000808,false,"קוסקוס דארי בינוני תומר 1 ק""ג + 10% תוספת",דרי קוספט,MA,קוסקוס בינוני דארי 1,קילוגרמים,1.10,"ק""ג",false,,17.90,16.2727,true,1,24925
6224009175192,false,"תות שדה 1 ק""ג קפוא ב",,,"תות שדה 1 ק""ג קפוא ב",קילוגרמים,1.00,"ק""ג",false,,14.90,14.9000,true,1,51498
6253749492795,false,כרבולית קורדרוי יחיד,,,כרבולית קורדרוי יחיד,יחידה,0.00,יחידה,false,,99.90,0.0000,true,1,46116
6820180058110,false,כף אשפה פלסטיק,,,כף אשפה פלסטיק,יחידה,0.00,יחידה,false,,6.90,0.0000,true,1,338229
6841398731244,false,מארז סביבון מצייר 3 יחידות,,,מארז סביבון מצייר 3,יחידה,0.00,יחידה,false,,5.90,0.0000,true,1,572914
6892021520032,false,"רשת למנגל 23*38 ס""מ",,,"רשת למנגל 23*38 ס""מ",יחידה,0.00,יחידה,false,,12.90,0.0000,true,1,187326
6902019042016,false,אטבי כביסה 10 יחידות,,,אטבי כביסה 10 יחידות,יחידה,0.00,יחידה,false,,5.50,0.0000,true,1,13094
6902019042061,false,מארז בלונים 50 יח קרביץ,,,מארז בלונים 50 יח,יחידה,0.00,יחידה,false,,10.90,0.0000,true,1,13097
6902176502491,false,סלק אדום מקולף מבושל,,,סלק אדום בוואקום 50,גרמים,500.00,100 גרם,false,,5.90,1.1800,true,1,514877
6903132699705,false,מסחטת מיץ פרי הדר,,,מסחטת מיץ פרי הדר,יחידה,0.00,יחידה,false,,9.90,0.0000,true,1,535799
6905224059411,false,מחזיק כוסות למטבח 19,,,מחזיק כוסות למטבח 19,יחידה,0.00,יחידה,false,,11.90,0.0000,true,1,338256
6910191800287,false,אצות נורי לסושי מזרח,ננטונג היידה אקווטוק,CN,אצות נורי לסושי מזרח,גרמים,25.00,100 גרם,false,,11.90,47.6000,true,1,47530
6912977000140,false,אטריות שעועית דקות 250 גרם,Yantai Yinsida Longk,CN,אטריות שעועית ללא גל,גרמים,250.00,100 גרם,false,,8.90,3.5600,true,1,47531
6918029301494,false,מארז 4 כוסות פלסטיק,,,מארז 4 כוסות פלסטיק,יחידה,0.00,יחידה,false,,5.90,0.0000,true,1,338270
6920190014417,false,מפיות שולחן מקושטות,,,מפיות שולחן מקושטות,יח',20.00,יח',false,,3.90,0.1950,true,1,13105
6920220650028,false,חנוכיית פח זהב/כסף,,,חנוכיה פח זהב/כסף,יחידה,0.00,יחידה,false,,4.90,0.0000,true,1,572899
6920354824395,false,משחת שיניים נטורל תמציות פחם קולגייט 90 ג',,BR,משחת שיניים קולגייט,מיליליטרים,71.00,"100 מ""ל",false,,32.90,46.3380,true,1,182460
6928054201423,false,כפפות ניילון good li,,,כפפות ניילון good li,יחידה,0.00,יחידה,false,,4.50,0.0000,true,1,443576
6934603036262,false,סלוטייפ בודד 50 מטר,,,סלוטייפ בודד 50 מטר,יחידה,0.00,יחידה,false,,4.50,0.0000,true,1,13118
6936745600783,false,חומץ אורז מיצוקאן 500 מל,Qingdao Sun-growing,CN,"חומץ אורז 500 מ""ל (ד",גרמים,500.00,100 גרם,false,,14.90,2.9800,true,1,47535
6937266703045,false,סכיני גילוח שיק הייד,ENERGIZER SINGAPORE,,סכיני גילוח היידרו 5,יחידה,0.00,יחידה,false,,49.90,0.0000,true,1,21402
6951097101030,false,מאג לונדון,,,מאג לונדון,יחידה,0.00,יחידה,false,,5.90,0.0000,true,1,28005
6951097101078,false,מאג לאטה 240,,,מאג לאטה 240,יחידה,0.00,יחידה,false,,4.90,0.0000,true,1,185084
6951097101139,false,מאג קליר ניו בלינק 3,,,מאג קליר ניו בלינק 3,יחידה,0.00,יחידה,false,,5.90,0.0000,true,1,28008
6987965789253,false,דף יצירה עם מדבקות ח,,,דף יצירה עם מדבקות ח,יחידה,0.00,יחידה,false,,1.50,0.0000,true,1,573428
6987965789284,false,דף יצירה עם מדבקות ח,,,דף יצירה עם מדבקות ח,יחידה,0.00,יחידה,false,,1.50,0.0000,true,1,573429
6989198335078,false,"שיפודים 15 ס""מ 100 י",,,"שיפודים 15 ס""מ 100 י",יחידה,0.00,יחידה,false,,8.90,0.0000,true,1,535863
6992021040506,false,בלונים מהודרים 10 יחידות,,,בלוני נקודות 10 יחי,יחידה,0.00,יחידה,false,,7.90,0.0000,true,1,333750
6995024459115,false,מטאלי שקית קרטון 23*,,,מטאלי שקית קרטון 23*,יחידה,0.00,יחידה,false,,4.90,0.0000,true,1,337923
7038516140418,false,מברשת שיניים גורדן טוטל קלין מדיום 4 י,JORDAN,MY,מב.שיניים טוטאל קלין,יחידה,0.00,יחידה,false,,10.00,0.0000,true,1,5710
7046110064047,false,מארז זוג מברשת שיניים ג'ורדן ילדים 6-9,,,ג'ורדן מארז מברשת שי,יחידה,0.00,יחידה,false,,17.40,0.0000,true,1,5720
7180589856540,false,נייס שבלולים לשיער,,,נייס שבלולים לשיער,יחידה,0.00,יחידה,false,,3.90,0.0000,true,1,33942
7262626058466,false,טייץ שחור מודפס,,,טייץ שחור מודפס,יחידה,0.00,יחידה,false,,29.90,0.0000,true,1,31196
7262626088173,false,גרבי אנגורה נשים,,,גרבי אנגורה נשים,יחידה,0.00,יחידה,false,,9.90,0.0000,true,1,120280
7262626088180,false,טייץ טרמי שחור,,,טייץ טרמי שחור,יחידה,0.00,יחידה,false,,29.90,0.0000,true,1,101891
7271730901261,false,ווקי מאק ארוחת אטריות עם גבינה 156 גרם,ניו וורלד פסטה קומפנ,US,ארוחת אטריות וואקי מ,גרמים,156.00,100 גרם,false,,10.90,6.9872,true,1,36885
7290000000104,false,סנדוויץ' עובד,,,סנדוויץ' עובד,יחידה,0.00,יחידה,false,,5.00,0.0000,true,1,34410
7290000000465,false,לחמניה שמינייה,,,לחמניה שמינייה,יח',1.00,יח',false,,3.90,3.9000,true,1,2414
7290000000626,false,ברוקולי ארוז במגשית,,,ברוקולי ארוז במגשית,יח',1.00,יח',false,,9.90,9.9000,true,1,286572
7290000002872,false,צפתית במים גד 5% במש,,,צפתית במים גד 5% במש,קילוגרמים,1.00,"ק""ג",true,,68.00,68.0000,true,1,14550
7290000002964,false,פטה כבשים גד 16% במ,,,פטה כבשים גד 16% במ,קילוגרמים,1.00,"ק""ג",true,,113.00,113.0000,true,1,14558
7290000003200,true,מטאטא+מגב+2 מקלות,,,מטאטא+מגב+2 מקלות,יחידה,0.00,יחידה,false,,24.90,0.0000,true,1,13425
7290000003286,false,בלוז דנאבלו מחלבת אר,,,בלוז דנאבלו מחלבת אר,קילוגרמים,1.00,"ק""ג",true,,65.00,65.0000,true,1,23194
7290000004006,false,קאשקבל משולשים גד 26,,,קאשקבל משולשים גד 26,קילוגרמים,1.00,"ק""ג",true,,138.00,138.0000,true,1,14559
7290000004444,false,שקיות גופיה 20 מקרו,,,שקיות גופיה 20 מקרו,יחידה,0.00,יחידה,false,,0.10,0.0000,true,1,524967
7290000004754,false,מוצרלה כדור קטן גד 1,,,מוצרלה כדור קטן גד 1,קילוגרמים,1.00,"ק""ג",true,,102.00,102.0000,true,1,14565
7290000004815,false,מוצרלה גד 22% במשקל,,,מוצרלה גד 22% במשקל,קילוגרמים,1.00,"ק""ג",true,,88.00,88.0000,true,1,14567
7290000004969,false,גבינות שמנת טבעי גד,,,גבינות שמנת טבעי גד,קילוגרמים,1.00,"ק""ג",true,,50.00,50.0000,true,1,14573
7290000004976,false,גבינות שמנת זיתים גד,,,גבינות שמנת זיתים גד,קילוגרמים,1.00,"ק""ג",true,,50.00,50.0000,true,1,14574
7290000005448,false,בולגרית מעודנת מהדרי,,,בולגרית מעודנת מהדרי,קילוגרמים,1.00,"ק""ג",true,,60.00,60.0000,true,1,14581
7290000005455,false,בולגרית מעודנת מהדרי,,,בולגרית מעודנת מהדרי,קילוגרמים,1.00,"ק""ג",true,,64.00,64.0000,true,1,14582
7290000009351,false,בשר טחון חלק טרי,,,בשר טחון חלק טרי,קילוגרמים,1.00,"ק""ג",true,,49.90,49.9000,true,1,540136
7290000009355,false,צלעות בקר חלק טרי,,,צלעות בקר חלק טרי,קילוגרמים,1.00,"ק""ג",true,,59.90,59.9000,true,1,540454
7290000009359,false,כתף חלק טרי,,,כתף חלק טרי,קילוגרמים,1.00,"ק""ג",true,,64.90,64.9000,true,1,540572
7290000009363,false,צלי כתף חלק טרי,,,צלי כתף חלק טרי,קילוגרמים,1.00,"ק""ג",true,,89.90,89.9000,true,1,540698
7290000009367,false,פילה מדומה חלק טרי,,,פילה מדומה חלק טרי,קילוגרמים,1.00,"ק""ג",true,,74.90,74.9000,true,1,540750
7290000009369,false,פילה מדומה פרימיום ח,,,פילה מדומה פרימיום ח,קילוגרמים,1.00,"ק""ג",true,,79.90,79.9000,true,1,543989
7290000009371,false,שריר חלק טרי,,,שריר חלק טרי,קילוגרמים,1.00,"ק""ג",true,,59.90,59.9000,true,1,540833
7290000009375,false,אנטריקוט חלק טרי,,,אנטריקוט חלק טרי,קילוגרמים,1.00,"ק""ג",true,,139.90,139.9000,true,1,541227
7290000009396,false,אסאדו ע.ע חלק טרי,,,אסאדו ע.ע חלק טרי,קילוגרמים,1.00,"ק""ג",true,,69.90,69.9000,true,1,541413
7290000009397,false,אוסובוקו טרי,,,אוסובוקו טרי,קילוגרמים,1.00,"ק""ג",true,,64.90,64.9000,true,1,541018
7290000009398,false,אוסובוקו חלק טרי,,,אוסובוקו חלק טרי,קילוגרמים,1.00,"ק""ג",true,,64.90,64.9000,true,1,541192
7290000009406,false,סינטה חלק טרי,,,סינטה חלק טרי,קילוגרמים,1.00,"ק""ג",true,,129.90,129.9000,true,1,544050
7290000009421,false,עצמות בקר טרי,,,עצמות בקר טרי,קילוגרמים,1.00,"ק""ג",true,,39.90,39.9000,true,1,545634
7290000009437,false,בשר טחון מחפוד טרי,,,בשר טחון מחפוד טרי,קילוגרמים,1.00,"ק""ג",true,,64.90,64.9000,true,1,542262
7290000009444,false,אנטריקוט מחפוד טרי,,,אנטריקוט מחפוד טרי,קילוגרמים,1.00,"ק""ג",true,,154.90,154.9000,true,1,542445
7290000009446,false,אסאדו ע.ע מחפוד טרי,,,אסאדו ע.ע מחפוד טרי,קילוגרמים,1.00,"ק""ג",true,,69.90,69.9000,true,1,542584
7290000009447,false,סינטה מחפוד טרי,,,סינטה מחפוד טרי,קילוגרמים,1.00,"ק""ג",true,,124.90,124.9000,true,1,542600
7290000009455,false,צוואר בקר מחפוד טרי,,,צוואר בקר מחפוד טרי,קילוגרמים,1.00,"ק""ג",true,,69.90,69.9000,true,1,554063
7290000009457,false,חזה בקר חלק טרי,,,חזה בקר חלק טרי,קילוגרמים,1.00,"ק""ג",true,,54.90,54.9000,true,1,553512
7290000009465,false,אנטריקוט ע.ע מחפוד ט,,,אנטריקוט ע.ע מחפוד ט,קילוגרמים,1.00,"ק""ג",true,,104.90,104.9000,true,1,553482
7290000011236,false,בולגרית מעודנת המושב,,,בולגרית מעודנת המושב,קילוגרמים,1.00,"ק""ג",true,,45.00,45.0000,true,1,14782
7290000011250,false,שמנת שום שמיר המושב,,,שמנת שום שמיר המושב,קילוגרמים,1.00,"ק""ג",true,,42.00,42.0000,true,1,14784
7290000011274,false,שמנת זיתים המושבה 30,,,שמנת זיתים המושבה 30,קילוגרמים,1.00,"ק""ג",true,,42.00,42.0000,true,1,14786
7290000011397,false,ברי בקר/קממבר המושבה,,,ברי בקר/קממבר המושבה,קילוגרמים,1.00,"ק""ג",true,,100.00,100.0000,true,1,14787
7290000011593,false,שזיף,,,שזיף,קילוגרמים,1.00,"ק""ג",true,,19.90,19.9000,true,1,50908
7290000014510,false,חסה עגולה,,,חסה עגולה,יח',1.00,יח',false,,6.90,6.9000,true,1,50909
7290000015521,false,כרובית אורגני,,,כרובית אורגני,קילוגרמים,1.00,"ק""ג",true,,15.90,15.9000,true,1,600254
7290000021003,false,עוף טרי שלם,,,עוף טרי שלם,קילוגרמים,1.00,"ק""ג",true,,18.90,18.9000,true,1,26522
7290000022009,false,גבינת מסקרפונה 35% ש,,,גבינת מסקרפונה 35% ש,קילוגרמים,1.00,"ק""ג",true,,49.90,49.9000,true,1,522695
7290000022016,false,גבינת ריקוטה 5% שומן,,,גבינת ריקוטה 5% שומן,קילוגרמים,1.00,"ק""ג",true,,30.00,30.0000,true,1,522681
7290000022085,false,גבינת פוקרינו מחלב כ,,,גבינת פוקרינו מחלב כ,קילוגרמים,1.00,"ק""ג",true,,129.00,129.0000,true,1,554032
7290000023083,false,ערק אשקלון 40% בקבוק,"יקבי ברקן בע""מ",IL,"ערק אשקלון 700 מ""ל כ",מיליליטרים,700.00,"100 מ""ל",false,,50.90,7.2714,true,1,9297
7290000023427,false,ליקר STOCK אמרטו 750 מל,"יקבי ברקן בע""מ",IL,ליקר אמרטו שטוק.,מיליליטרים,750.00,"100 מ""ל",false,,39.90,5.3200,true,1,9299
7290000023809,false,"יין ברקן קלאסיק קברנה סובניון 750מ""ל",יקבי ברקן שיווק והפצ,IL,קלאסיק קברנה סובניון,מיליליטרים,750.00,"100 מ""ל",false,,32.90,4.3867,true,1,9310
7290000023816,false,"יין ברקן קלאסיק אמרלד ריזלינג 750מ""ל",יקבי ברקן שיווק והפצ,IL,קלאסיק אמרלד ריזלינג,מיליליטרים,750.00,"100 מ""ל",false,,32.90,4.3867,true,1,9311
7290000023977,false,"יין ברקן קלאסיק מרלו 750 מ""ל",יקבי ברקן שיווק והפצ,IL,קלאסיק מרלו 750מל.,מיליליטרים,750.00,"100 מ""ל",false,,32.90,4.3867,true,1,9317
7290000024264,false,"יין ברקן רזרב מרלו 750 מ""ל",כרמי צבי - אחים סגל,IL,מרלו ריזרב,מיליליטרים,750.00,"100 מ""ל",false,,42.90,5.7200,true,1,9324
7290000024523,false,מיץ ענבים של סגל 1 ליטר,כרמי צבי - האחים סגל,IL,תירוש של סגל 1 ליטר,ליטרים,1.00,ליטר,false,,13.90,13.9000,true,1,9328
7290000025786,false,דניס נקי טרי,,,דניס נקי טרי,קילוגרמים,1.00,"ק""ג",true,,69.90,69.9000,true,1,47882
7290000026650,false,צפתית פיראוס 5% במשק,,,צפתית פיראוס 5% במשק,קילוגרמים,1.00,"ק""ג",true,,58.00,58.0000,true,1,25613
7290000026806,false,קרפיון נקי טרי,,,קרפיון נקי טרי,קילוגרמים,1.00,"ק""ג",true,,34.90,34.9000,true,1,47884
7290000026813,false,אמנון טרי נקי,,,אמנון טרי נקי,קילוגרמים,1.00,"ק""ג",true,,36.90,36.9000,true,1,47885
7290000026893,false,ברמונדי נקי,,,ברמונדי נקי,קילוגרמים,1.00,"ק""ג",true,,49.90,49.9000,true,1,47890
7290000027742,false,לברק נקי טרי,,,לברק נקי טרי,קילוגרמים,1.00,"ק""ג",true,,69.90,69.9000,true,1,47897
7290000027995,false,פילה סלמון טרי,,,פילה סלמון טרי,קילוגרמים,1.00,"ק""ג",true,,99.90,99.9000,true,1,47905
7290000032665,false,רוטב עגבניות 28% 580ג' פרי זה,,,רוטב עגבניות 28% ברי,גרמים,580.00,100 גרם,false,,7.52,1.2966,true,1,8614
7290000035324,false,בולגרית חלב נוכרי פי,,,בולגרית חלב נוכרי פי,קילוגרמים,1.00,"ק""ג",true,,41.00,41.0000,true,1,25614
7290000040042,false,יוגורט תות %3 גביע 150 ג' יופלה,תנובה בעמ,IL,יופלה תות שובב 3% 15,מיליליטרים,150.00,"100 מ""ל",false,,5.20,3.4667,true,1,25700
7290000040066,false,יוגורט דובדבן 3% שומן 150 ג' יופלה,תנובה בעמ,IL,יופלה דובדבן פראי 3%,מיליליטרים,150.00,"100 מ""ל",false,,5.20,3.4667,true,1,25701
7290000040080,false,יוגורט אפרסק 3% שומן 150 ג' יופלה,תנובה בעמ,IL,יופלה אפרסק מאוהב 3%,מיליליטרים,150.00,"100 מ""ל",false,,5.20,3.4667,true,1,25702
7290000040301,false,"גבינת קולאז קממבר עין גדי 24%, 125 ג'",תנובה,IL,תנובה גבינת קממבר עי,גרמים,125.00,100 גרם,false,,16.90,13.5200,true,1,25703
7290000040974,false,חלב טרי דל לקטוז 1ל' תנובה,"תנובה, מחלבת רחובות",IL,חלב תנובה קרטון דל ל,ליטרים,1.00,ליטר,false,,7.10,7.1000,true,1,25707
7290000041407,false,"גיל לבן 3% תנובה 125 מ""ל בד""צ",,IL,"גיל 3% בד""צ 125 מ""ל",מיליליטרים,125.00,"100 מ""ל",false,,0.90,0.7200,true,1,25708
7290000041445,false,גבינת קוטג מהדרין 5% 250 גרם,מיוצר עי קונדיטוריית,IL,"קוטג' 5% תנובה בד""צ",גרמים,250.00,100 גרם,false,,5.50,2.2000,true,1,25709
7290000041452,false,"קוטג' 9% תנובה 250 ג' בד""צ",מחלבת אלון תבור,IL,"קוטג' תנובה בד""צ 9%",גרמים,250.00,100 גרם,false,,5.50,2.2000,true,1,25710
7290000041858,false,"שמנת חמוצה 15% יטבתה 200 מ""ל מהדרין",שטראוס גרופ,IL,יטבתה שמנת חמוצה 15%,מיליליטרים,200.00,"100 מ""ל",false,,2.50,1.2500,true,1,23230
7290000041865,false,"לבן 4.5% יטבתה מהדרין 200מ""ל",מחלבת יטבתה,IL,יטבתה לבן 4.5% 200מל,מיליליטרים,200.00,"100 מ""ל",false,,2.50,1.2500,true,1,23231
7290000042015,false,חלב טרי 3% תנובה שקית 1ל' מהדרין,תנובה,IL,חלב תנובה טרי שקית,יחידה,0.00,יחידה,false,,5.43,0.0000,true,1,25712
7290000042404,false,חלב יוטבתה מועשר 3% שקית 1ל',מחלבת יטבתה,IL,יטבתה חלב מועשר שקית,ליטרים,1.00,ליטר,false,,5.90,5.9000,true,1,23233
7290000042435,false,חלב דל שומן בקרטון+פקק 1 ליטר 1%,תנובה מרכז שיתופי לש,IL,חלב תנובה בקרטון 1%,ליטרים,1.00,ליטר,false,,5.86,5.8600,true,1,25718
7290000042640,false,"חלב תנובה עמיד 3% קרטון 250 מ""ל",תנובה מרכז שיתופי לש,IL,חלב תנובה עמיד 3% מה,מיליליטרים,250.00,"100 מ""ל",false,,2.90,1.1600,true,1,25723
7290000042855,false,יוטבתה שוקו שקית 225מל,שטראוס גרופ,IL,יטבתה שוקו שקית 225,מיליליטרים,225.00,"100 מ""ל",false,,2.90,1.2889,true,1,23235
7290000043012,false,"שוקו עמיד 2% בקרטון 250 מ""ל תנובה",תנובה,IL,שוק שוקו עמיד 2% בקר,מיליליטרים,250.00,"100 מ""ל",false,,4.90,1.9600,true,1,25725
7290000043814,false,"שמנת מתוקה להקצפה 38% 250 מ""ל תנובה",תנובה מרכז שיתופי לש,IL,שף לבן שמנת לקצפת עמ,מיליליטרים,250.00,"100 מ""ל",false,,6.47,2.5880,true,1,25728
7290000043890,false,רוויון קרטון 1 ליטר %1.5,תנובה מרכז שיתופי לש,IL,ריויון 1.5% 1ל,ליטרים,1.00,ליטר,false,,11.90,11.9000,true,1,25729
7290000043944,false,כד יוגורט תנובה 4% שומן 1.5 ליטר,מיוצר עי קונדיטוריית,IL,יוגורט כדים תנובה 1.,ליטרים,1.50,ליטר,false,,17.30,11.5333,true,1,25730
7290000044248,false,"רויון קרטון 1.5% שומן 500 מ""ל תנובה",תנובה,IL,ריויון 2% 500מל,מיליליטרים,500.00,"100 מ""ל",false,,6.50,1.3000,true,1,25733
7290000044712,false,יוגורט עם תות 1.5% שומן 500 ג' פרילי,מיוצר עי קונדיטוריית,IL,פרילי תות 1.5% 500מל,מיליליטרים,500.00,"100 מ""ל",false,,10.90,2.1800,true,1,25734
7290000044880,false,באדי יוגורט תות 3% שומן 500 ג' תנובה,מיוצר עי קונדיטוריית,IL,באדי תות 3% 500מל,מיליליטרים,500.00,"100 מ""ל",false,,9.50,1.9000,true,1,25736
7290000045580,false,"גבינת מותכת נעמה חורש 25%, 240 ג'",תנובה מרכז שיתופי לש,IL,נעמה גבינת מותכת 25%,גרמים,240.00,100 גרם,false,,17.90,7.4583,true,1,25739
7290000045771,false,יוגורט תנובה כד 3 ליטר 4%,מחלבת אלון תבור,IL,יוגורט כדים תנובה 3,ליטרים,3.00,ליטר,false,,29.90,9.9667,true,1,25740
7290000045917,false,קולאז עיזים פרומעז גליל 200 גרם,תנובה,IL,תנובה גבינת פרומעז 2,גרמים,200.00,100 גרם,false,,24.90,12.4500,true,1,25741
7290000046020,false,גלבוע פיקוח 22%,תנובה מרכז שיתופי לש,,גלבוע 22% במשקל,קילוגרמים,1.00,"ק""ג",true,,42.58,42.5800,true,1,25620
7290000046327,false,"גבינת גלבוע פרוס 22%, 200 ג' תנובה",תנובה מרכז שיתופי לש,IL,גלבוע גבינה פרוסה 22,גרמים,200.00,100 גרם,false,,12.60,6.3000,true,1,25742
7290000046549,false,מוצרלה חריץ תנובה במ,תנובה מרכז שיתופי לש,,מוצרלה חריץ תנובה במ,קילוגרמים,1.00,"ק""ג",true,,75.00,75.0000,true,1,25625
7290000046563,false,גבע פרמזן תנובה במשק,תנובה מרכז שיתופי לש,,גבע פרמזן תנובה במשק,קילוגרמים,1.00,"ק""ג",true,,109.00,109.0000,true,1,25627
7290000046662,false,סקנדינבית חריץ מעדני,תנובה מרכז שיתופי לש,,סקנדינבית חריץ מעדני,קילוגרמים,1.00,"ק""ג",true,,76.00,76.0000,true,1,25628
7290000047027,false,גבינה גלעד קצקאבל27%,תנובה מרכז שיתופי לש,,קשקבל גלעד במשקל,קילוגרמים,1.00,"ק""ג",true,,120.00,120.0000,true,1,25629
7290000047034,false,רוקפור גליל במשקל,תנובה מרכז שיתופי לש,,רוקפור גליל במשקל,קילוגרמים,1.00,"ק""ג",true,,120.00,120.0000,true,1,25630
7290000047485,false,בולגרית פיראוס 24% ב,תנובה מרכז שיתופי לש,,בולגרית פיראוס 24% ב,קילוגרמים,1.00,"ק""ג",true,,59.00,59.0000,true,1,25632
7290000047546,false,כנען גבינה לבנה 5% 500 גרם ללא מלח,תנובה,IL,שף לבן כנען 5% 500ג,גרמים,500.00,100 גרם,false,,25.10,5.0200,true,1,25743
7290000047942,false,גבינה לבנה 5% 250 גר בדצ,,,תנובה גבינה לבנה 9%,גרמים,250.00,100 גרם,false,,5.00,2.0000,true,1,25745
7290000048185,false,גבינה לבנה 5% שומן 250 ג' תנובה,מיוצר עי קונדיטוריית,IL,גבינה לבנה רכה 5% תנ,גרמים,250.00,100 גרם,false,,4.98,1.9920,true,1,25746
7290000048192,false,גבינה לבנה 9% שומן 250 ג' תנובה,מחלבת אלון תבור,IL,גבינה לבנה רכה 9% בד,גרמים,250.00,100 גרם,false,,5.00,2.0000,true,1,25747
7290000048207,false,פילה הרינג בסגנון מט,,,פילה הרינג בסגנון מט,קילוגרמים,1.00,"ק""ג",true,,70.00,70.0000,true,1,17619
7290000048276,false,סלמון הילטון שמיר מע,,,סלמון הילטון שמיר מע,קילוגרמים,1.00,"ק""ג",true,,189.00,189.0000,true,1,17623
7290000048307,false,גבינת קוטג 5% עם זיתים 250ירוקים גרם,מיוצר עי קונדיטוריית,IL,קוטג תנובה עם זיתים,גרמים,250.00,100 גרם,false,,5.70,2.2800,true,1,25748
7290000048413,false,גבינה חמד %16 שקית 250 ג' פיראוס,תנובה מרכז שיתופי לש,IL,פיראוס חמד 16% 250ג,גרמים,250.00,100 גרם,false,,18.90,7.5600,true,1,25749
7290000048437,false,גבינה צפתית 5% 200 ג' פיראוס,פארייפאבה אגרואינדוס,IL,פיראוס צפתית 5% 200,גרמים,200.00,100 גרם,false,,14.90,7.4500,true,1,25750
7290000050447,false,יוגורט תות 500 ג' יופלה,מיוצר עי קונדיטוריית,IL,יופלהYYY תות 3% 500מ,מיליליטרים,500.00,"100 מ""ל",false,,12.95,2.5900,true,1,25757
7290000050454,false,יוגורט אפרסק 500 ג' יופלה,מיוצר עי קונדיטוריית,IL,יופלהYYY אפרסק 3% 50,מיליליטרים,500.00,"100 מ""ל",false,,12.95,2.5900,true,1,25758
7290000051307,false,מארז הפסקת אוכל עם דגני עוגי ומשקה חלב עמיד בטעם וניל,"תנובה, מחלבת טנא נוג",IL,חלב תנובה הפ.אוכל עו,מיליליטרים,150.00,"100 מ""ל",false,,9.90,6.6000,true,1,25763
7290000051376,false,יופלה דיאט אננס ספורטיבי 0% 150גר,תנובה בעמ,IL,יופלה דיאט אננס ספור,מיליליטרים,150.00,"100 מ""ל",false,,5.10,3.4000,true,1,25765
7290000051710,false,לאבנה 9% עם שמן זית וזעתר 263 ג' פיראוס,"תנובה, מחלבת אלון תב",IL,פיראוס לאבנה עם שמן,גרמים,263.00,100 גרם,false,,13.90,5.2852,true,1,25767
7290000052311,false,עמק פרוס בקופסא 200 גר 15% שומן,תנובה,IL,עמק מהדרין 15% 200 ג,גרמים,200.00,100 גרם,false,,16.90,8.4500,true,1,25772
7290000052649,false,גבינת לאבנה 5% שומן 500 ג' פיראוס,פ.פ.ח. שאביט,IL,פיראוס לאבנה 5% 500ג,גרמים,500.00,100 גרם,false,,19.90,3.9800,true,1,25774
7290000052717,false,קוטג' 5%עם שום שמיר 250 ג' תנובה,מיוצר עי קונדיטוריית,IL,קוטג תנובה עם שום שמ,גרמים,250.00,100 גרם,false,,5.70,2.2800,true,1,25776
7290000053219,false,טל העמק 32% במשקל,תנובה מרכז שיתופי לש,,טל העמק 32% במשקל,קילוגרמים,1.00,"ק""ג",true,,61.00,61.0000,true,1,25635
7290000053981,false,"מאגדת יופלה תות+אפרסק בד""צ 150X4 גרם",,IL,מאגדת יופלה תות ואפר,קילוגרמים,1.20,"ק""ג",false,,25.90,21.5833,true,1,25780
7290000055015,false,גבינת פיראוס פטה כבשים 5% 250 ג' פיראוס,תנובה מחלבת טנא נוגה,IL,פיראוס גבינת פטה כבש,גרמים,250.00,100 גרם,false,,26.90,10.7600,true,1,25786
7290000055329,false,משקה יוגורט יופלה בטעם תות-מלון 250 גר,תנובה בעמ,IL,יופלה משקה יוגורט תו,מיליליטרים,250.00,"100 מ""ל",false,,5.50,2.2000,true,1,25788
7290000055336,false,משקה יוגורט יופלה בטעם בננה אפרסק 250 גר,תנובה בעמ,IL,יופלה משקה יוגורט בנ,מיליליטרים,250.00,"100 מ""ל",false,,5.50,2.2000,true,1,25789
7290000055343,false,משקה יוגורט יופלה בטעם טרופי 250 גר,תנובה בעמ,IL,יופלה משקה יוגורט טר,מיליליטרים,250.00,"100 מ""ל",false,,5.50,2.2000,true,1,25790
7290000055350,false,גבינה צהובה חריץ עמק 28% במשקל,תנובה מרכז שיתופי לש,,עמק קלאסית 28% במשקל,קילוגרמים,1.00,"ק""ג",true,,44.79,44.7900,true,1,25637
7290000055893,false,חמאה משמנת מפוסטרת 200ג' כ.מהדרין,תנובה,IL,חמאה מהדרין תנובה 20,גרמים,200.00,100 גרם,false,,8.20,4.1000,true,1,25796
7290000056081,false,מאגדת פרילי טבע 6 יח' * 200 ג',מיוצר עי קונדיטוריית,IL,"פרילי טבע 6*200 מ""ל",קילוגרמים,1.20,"ק""ג",false,,22.90,19.0833,true,1,25798
7290000056883,false,יופלה מאגדת פרי 3% 8 יח' * 150 ג',תנובה בעמ,IL,יופלה טעמים משתנים 3,קילוגרמים,1.20,"ק""ג",false,,31.90,26.5833,true,1,25805
7290000056906,false,מאגדת לבן טבעי 1.5% שומן 8 יח' * 150 ג' יופלה,מחלבת אלון תבור,IL,יופלה לבן 1.5% 8*150,ליטרים,1.20,ליטר,false,,18.50,15.4167,true,1,25807
7290000056951,false,שמנת לבישול 15% 500 מל עמיד השף הלבן,תנובה,IL,שף לבן שמנת לבישול +,מיליליטרים,500.00,"100 מ""ל",false,,16.60,3.3200,true,1,25809
7290000057088,false,עמק פרוס דק דק 200 גרם 28%,פ.פ.ח. שאביט,IL,עמק דק דק 28% 200גר,גרמים,200.00,100 גרם,false,,16.90,8.4500,true,1,25812
7290000057118,false,עמק סמי מעדנייה כשרות מהדרין,תנובה מרכז שיתופי לש,IL,עמק סמי 28% 400 גר,גרמים,400.00,100 גרם,false,,21.90,5.4750,true,1,25813
7290000057132,false,יוגורט תנובה טבעי 1.5% גביע 200 גרם,מחלבת אלון תבור,IL,תנובה יוגורט טבעי 1.,מיליליטרים,200.00,"100 מ""ל",false,,3.50,1.7500,true,1,25814
7290000057149,false,יוגורט תנובה טבעי 3% גביע 200 גרם,מיוצר עי קונדיטוריית,IL,תנובה יוגורט טבעי 3%,גרמים,200.00,100 גרם,false,,3.50,1.7500,true,1,25815
7290000057453,false,עמק בדץ 28% במשקל,,,עמק בדץ 28% במשקל,קילוגרמים,1.00,"ק""ג",true,,42.70,42.7000,true,1,25641
7290000057552,false,יופלה דיאט עוגת גבינה ותות 0% גביע 150ג',תנובה בעמ,IL,יופלה דיאט ע.גבינה ו,מיליליטרים,150.00,"100 מ""ל",false,,5.10,3.4000,true,1,25818
7290000058001,false,עצמות עגל חלק טרי,,,עצמות עגל חלק טרי,קילוגרמים,1.00,"ק""ג",true,,35.00,35.0000,true,1,1737
7290000058004,false,סטייק ע.ע עגל חלק טר,,,סטייק ע.ע עגל חלק טר,קילוגרמים,1.00,"ק""ג",true,,109.90,109.9000,true,1,1740
7290000058005,false,חזה עגל חלק טרי,,,חזה עגל חלק טרי,קילוגרמים,1.00,"ק""ג",true,,59.90,59.9000,true,1,1741
7290000058006,false,אסדו על עצם עגל חלק,,,אסדו על עצם עגל חלק,קילוגרמים,1.00,"ק""ג",true,,69.90,69.9000,true,1,1742
7290000058012,false,סרעפת עגל טרי.,,,סרעפת עגל טרי.,קילוגרמים,1.00,"ק""ג",true,,110.00,110.0000,true,1,1748
7290000058013,false,לב עגל טרי,,,לב עגל טרי,קילוגרמים,1.00,"ק""ג",true,,24.90,24.9000,true,1,1749
7290000058014,false,לשון עגל טרי,,,לשון עגל טרי,קילוגרמים,1.00,"ק""ג",true,,59.90,59.9000,true,1,1750
7290000058015,false,זנב עגל טרי,,,זנב עגל טרי,קילוגרמים,1.00,"ק""ג",true,,69.90,69.9000,true,1,1751
7290000058030,false,"יופלה שטוזים משקה יוגורט תות 8 יח' * 100 מ""ל",מיוצר עי קונדיטוריית,IL,יופלה שטוזים משקה יו,מיליליטרים,800.00,"100 מ""ל",false,,21.90,2.7375,true,1,25820
7290000058033,false,צוואר ע.ע עגל חלק ט,,,צוואר ע.ע עגל חלק ט,קילוגרמים,1.00,"ק""ג",true,,59.90,59.9000,true,1,1761
7290000058040,false,אנטריקוט עגל חלק טרי,,,אנטריקוט עגל חלק טרי,קילוגרמים,1.00,"ק""ג",true,,149.90,149.9000,true,1,1763
7290000058047,false,"שמנת להקצפה 38% שומן 500 מ""ל תנובה",תנובה,IL,שף לבן שמנת מתוקה מה,מיליליטרים,500.00,"100 מ""ל",false,,12.94,2.5880,true,1,25821
7290000058580,false,קוקילידה וניל ועוגיות שוקולד נסטלה 83ג',נגה גלידות (גלידות נ,IL,קוקילידה וניל,יחידה,0.00,יחידה,false,,10.50,0.0000,true,1,16072
7290000058979,false,גיל בטעם תות 3% שומן 125 ג' תנובה,,IL,"גיל בטעם תות בד""צ 3%",גרמים,125.00,100 גרם,false,,1.60,1.2800,true,1,25827
7290000059501,false,כתף כבש טרי,,,כתף כבש טרי,קילוגרמים,1.00,"ק""ג",true,,109.90,109.9000,true,1,1769
7290000060071,false,אוסם - חטיפי פריכונים מאורז מלא קלוי 80גר,"מיוצר ע""י PT, משווק",IL,חטיפי פריכונים מאורז,גרמים,80.00,100 גרם,false,,7.90,9.8750,true,1,18415
7290000060088,false,בייגלה מקלות מלוחים 400 ג' אסם,מיוצר עי קונדיטוריית,IL,בייגלה אסם מקלות מלו,גרמים,400.00,100 גרם,false,,9.90,2.4750,true,1,18416
7290000060163,false,אטריות דקות 400 ג' אסם,"אסם השקעות בע""מ",IL,אטריות דקות אסם 400,גרמים,400.00,100 גרם,false,,6.90,1.7250,true,1,18419
7290000060200,false,אוסם - פתיתים אפויים קוסקוס 500 גרם,"אסם השקעות בע""מ",IL,פתיתים אפויים קוסקוס,גרמים,500.00,100 גרם,false,,6.90,1.3800,true,1,18420
7290000060217,false,פסטה מקרוני 7 500 ג' אסם,פסטה זארה,IT,פסטה מקרוני אסם 500,גרמים,500.00,100 גרם,false,,5.90,1.1800,true,1,18421
7290000060248,false,פסטה אסם פתיתים תלתלים 500 גר',פסטה זארה,IL,פסטה תלתלים אסם 500,גרמים,500.00,100 גרם,false,,5.90,1.1800,true,1,18422
7290000060316,false,פסטה פרפקטו ספגטי 500ג' אסם,פסטה זארה,IT,פסטה ספגטי פרפקטו 50,גרמים,500.00,100 גרם,false,,6.90,1.3800,true,1,18424
7290000060330,false,פסטה ספירלי פרפקטו 500 ג' אסם,פסטה זארה,IL,פסטה ספירלי פרפקטו 5,גרמים,500.00,100 גרם,false,,6.90,1.3800,true,1,18426
7290000060408,false,פתיתים אפויים טבעות 500 ג' אסם,"אסם השקעות בע""מ",IL,פתיתים אפויים טבעות,גרמים,500.00,100 גרם,false,,6.90,1.3800,true,1,18428
7290000060415,false,פסטה פרפקטו לזאניה אסם 500ג',פסטה לנסי,IL,לזאניה פרפקטו 500 ג,גרמים,500.00,100 גרם,false,,12.90,2.5800,true,1,18429
7290000060576,false,פתיתים אפויים כוכבים 500 ג' אסם,"אסם השקעות בע""מ",IL,פתיתים אפויים כוכבים,גרמים,500.00,100 גרם,false,,6.90,1.3800,true,1,18435
7290000060781,false,פסטה מסולסלים (57) 500 גרם,פסטה זארה,IT,פסטה מסולסלים אסם 50,גרמים,500.00,100 גרם,false,,5.90,1.1800,true,1,18436
7290000060828,false,פסטה קרניים בינוניות (55) 500 גרם,פסטה זארה,IT,פסטה קרניים בינוניות,גרמים,500.00,100 גרם,false,,5.90,1.1800,true,1,18437
7290000060842,false,פסטה צדפים גדולים (56) 500 גרם,פסטה זארה,IT,פסטה צדפים גדולים אס,גרמים,500.00,100 גרם,false,,5.90,1.1800,true,1,18438
7290000060880,false,פסטה מס' 8 ספגטי אסם 500ג',פסטה זארה,IT,ספגטי אסם 500 גרם,גרמים,500.00,100 גרם,false,,5.90,1.1800,true,1,18441
7290000060903,false,אוסם - פתיתים אפויים אורז 500 גרם,"אסם השקעות בע""מ",IL,פתיתים אפויים אורז א,גרמים,500.00,100 גרם,false,,6.90,1.3800,true,1,18442
7290000060958,false,אטריות בינוניות 400 ג' אסם,"אסם השקעות בע""מ",IL,אטריות בינוניות אסם,גרמים,400.00,100 גרם,false,,6.90,1.7250,true,1,18444
7290000060965,false,אטריות רחבות 400 ג' אסם,"אסם השקעות בע""מ",IL,אטריות רחבות אסם 400,גרמים,400.00,100 גרם,false,,6.90,1.7250,true,1,18445
7290000061025,false,בולגרית המושבה 5% במ,,,בולגרית המושבה 5% במ,קילוגרמים,1.00,"ק""ג",true,,50.00,50.0000,true,1,14795
7290000061056,false,צפתית פרח המושבה 5%,,,צפתית פרח המושבה 5%,קילוגרמים,1.00,"ק""ג",true,,48.00,48.0000,true,1,14796
7290000061061,false,אסם קרקר בצל 250גרם,"אסם השקעות בע""מ",IL,אסם קרקר בצל 250גרם,גרמים,250.00,100 גרם,false,,9.90,3.9600,true,1,18447
7290000061063,false,קש המושבה 9% במשקל,,,קש המושבה 9% במשקל,קילוגרמים,1.00,"ק""ג",true,,54.00,54.0000,true,1,14797
7290000061085,false,"רוטב צילי מתוק 290 מ""ל-בקבוק","אסם השקעות בע""מ",IL,אסם רוטב צ'ילי מתוק,מיליליטרים,290.00,"100 מ""ל",false,,9.90,3.4138,true,1,18448
7290000061108,false,"רוטב טריאקי 290 מ""ל-בקבוק","אסם השקעות בע""מ",IL,רוטב טריאקי אסם 290,מיליליטרים,290.00,"100 מ""ל",false,,9.90,3.4138,true,1,18449
7290000061214,false,פתיתים אפויים קוסקוס עם בצל אסם 500 גר',"אסם השקעות בע""מ",IL,פתיתים קוסקוס בצל אס,גרמים,500.00,100 גרם,false,,6.90,1.3800,true,1,18450
7290000061245,false,עוגיות שוקוציפס ממולאות שוקולד 220 גרם,מיוצר עי קונדיטוריית,IL,אסם עוגיות שוקוצ'יפס,גרמים,220.00,100 גרם,false,,9.90,4.5000,true,1,18451
7290000061278,false,גבינת שמנת טבעית המו,,,גבינת שמנת טבעית המו,קילוגרמים,1.00,"ק""ג",true,,42.00,42.0000,true,1,14800
7290000061285,false,טבורג המושבה 10% במש,,,טבורג המושבה 10% במש,קילוגרמים,1.00,"ק""ג",true,,37.00,37.0000,true,1,14801
7290000061315,false,לאבנה טבעי המושבה 5%,,,לאבנה טבעי המושבה 5%,קילוגרמים,1.00,"ק""ג",true,,40.00,40.0000,true,1,14802
7290000061360,false,צפתית קצח המושבה 5%,,,צפתית קצח המושבה 5%,קילוגרמים,1.00,"ק""ג",true,,54.00,54.0000,true,1,14803
7290000061421,false,גבינת חלומי המושבה 2,,,גבינת חלומי המושבה 2,קילוגרמים,1.00,"ק""ג",true,,80.00,80.0000,true,1,14807
7290000061445,false,כדורי לבנה בשמן המוש,,,כדורי לבנה בשמן המוש,קילוגרמים,1.00,"ק""ג",true,,100.00,100.0000,true,1,14808
7290000061450,false,פתיתים אפויים קוסקוס צבעוני אסם 500 גר',"אסם השקעות בע""מ",IL,פתיתים קוסקוס 3 צבעי,גרמים,500.00,100 גרם,false,,6.90,1.3800,true,1,18453
7290000061764,false,נסקפה רד מאג טעם חדש 200ג',נסטלה ספרד,ES,נס קפה רד מאג טעם חד,גרמים,200.00,100 גרם,false,,19.90,9.9500,true,1,18454
7290000062952,false,אוסם - מיני קרוטונים למרק ולסלט 250 גרם,עינת תעשיות,IL,מיני קרוטונים למרק ו,גרמים,250.00,100 גרם,false,,13.90,5.5600,true,1,18460
7290000063102,false,קמח עוגה אסם תופח מאליו 350ג',"אסם השקעות בע""מ",IL,קמח תופח קטן אסם 350,גרמים,350.00,100 גרם,false,,4.90,1.4000,true,1,18463
7290000063133,false,אסם שקדי מרק רכיבים טבעיים 24*100גרם,"אסם השקעות בע""מ",IL,שקדי מרק רכיבים טבעי,גרמים,100.00,100 גרם,false,,5.90,5.9000,true,1,18464
7290000063140,false,שקדי מרק רכיבים טבעיים בשקית 400 ג' אסם,"אסם השקעות בע""מ",IL,שקדי מרק רכיבים טבעי,גרמים,400.00,100 גרם,false,,10.90,2.7250,true,1,18465
7290000063157,false,"קמח עוגה תופח מאליו 1 ק""ג","אסם השקעות בע""מ",IL,קמח עוגה תופח מאליו,קילוגרמים,1.00,"ק""ג",false,,7.90,7.9000,true,1,18466
7290000064758,false,קוסקוס בינוני אמיתי אסם 350 ג',"מיוצר ע""י קוד יצרן K",IL,קוסקוס אמיתי אסם 350,גרמים,350.00,100 גרם,false,,7.90,2.2571,true,1,18476
7290000064871,false,"אוסם - מנה חמה פירה תפו""א עם בצל 56 גרם","אסם השקעות בע""מ",IL,"מנה חמה פירה תפו""א ו",גרמים,56.00,100 גרם,false,,5.90,10.5357,true,1,18477
7290000065063,false,פילה סלמון 1400-100,,,פילה סלמון 1400-100,קילוגרמים,1.00,"ק""ג",true,,64.90,64.9000,true,1,51431
7290000065090,false,מיני קרוטונים למרק ולסלט 400 ג' אסם,עינת תעשיות,IL,מיני קרוטונים למרק ו,גרמים,400.00,100 גרם,false,,20.90,5.2250,true,1,18478
7290000065335,false,אוסם - מנה חמה פירה עם ירקות 55 גרם,"אסם השקעות בע""מ",IL,מנה חמה פירה וירקות,גרמים,55.00,100 גרם,false,,5.90,10.7273,true,1,18480
7290000065540,false,אוסם - מנה חמה פסטה מוקרמת בטעם עוף 55 גרם,"אסם השקעות בע""מ",IL,מנה חמה פסטה מוקרמת,גרמים,55.00,100 גרם,false,,5.90,10.7273,true,1,18481
7290000065557,false,אוסם - מנה חמה קוסקוס עם ירקות 84 גרם,"אסם תעשיות מזון בע""מ",IL,מנה חמה קוסקוס וירקו,גרמים,84.00,100 גרם,false,,5.90,7.0238,true,1,18482
7290000065977,false,חטיפי פריכונים תירס שומשום 80 ג' אוסם,"מיוצר ע""י פרח, משווק",IL,חטיפי פריכונים תירס,גרמים,80.00,100 גרם,false,,7.90,9.8750,true,1,18488
7290000066134,false,ביסלי בטעם פלאפל 70 גרם,"אסם השקעות בע""מ",IL,ביסלי פלאפל 70גרם,גרמים,70.00,100 גרם,false,,3.90,5.5714,true,1,18489
7290000066141,false,ביסלי בטעם גריל 70 גרם,"אסם השקעות בע""מ",IL,ביסלי גריל 70 גר'.,גרמים,70.00,100 גרם,false,,3.90,5.5714,true,1,18490
7290000066172,false,ביסלי בטעם פיצה 70 גרם,"אסם השקעות בע""מ",IL,ביסלי פיצה 70גרם,גרמים,70.00,100 גרם,false,,3.90,5.5714,true,1,18493
7290000066189,false,ביסלי גדול בטעם פלאפל 200 ג' אסם,"אסם השקעות בע""מ",IL,ביסלי גדול פלאפל 200,גרמים,200.00,100 גרם,false,,6.90,3.4500,true,1,18494
7290000066196,false,ביסלי גדול בטעם גריל 200 ג' אסם,מיוצר עי קונדיטוריית,IL,ביסלי גריל 200גרם,גרמים,200.00,100 גרם,false,,6.90,3.4500,true,1,18495
7290000066226,false,ביסלי בטעם פיצה 200 ג' אסם,מיוצר עי קונדיטוריית,IL,ביסלי טעם פיצה 200גר,גרמים,200.00,100 גרם,false,,6.90,3.4500,true,1,18498
7290000066295,false,אסם במבה תות מחומרים טבעיים 30גר,מיוצר עי קונדיטוריית,IL,במבה מתוקה מחומרים ט,גרמים,30.00,100 גרם,false,,2.90,9.6667,true,1,18500
7290000066318,false,במבה קלאסי 80 גרם,"אסם השקעות בע""מ",IL,במבה קלאסי 80 גרם,גרמים,80.00,100 גרם,false,,4.50,5.6250,true,1,18502
7290000066349,false,אפרופו גדול אסם 100ג',מיוצר עי קונדיטוריית,IL,אפרופו 100גרם,גרמים,100.00,100 גרם,false,,8.90,8.9000,true,1,18504
7290000066431,false,פופקו חטיף תירס בטעם חמאה ודבש 80 גרם,מיוצר עי קונדיטוריית,IL,פופקו חמאה ודבש 80גר,גרמים,80.00,100 גרם,false,,4.90,6.1250,true,1,18505
7290000067407,false,פרורית מתובלת בשקית 200 גרם,עינת תעשיות,IL,פירורית מתובל שקית 2,גרמים,200.00,100 גרם,false,,6.50,3.2500,true,1,18512
7290000067544,false,פירורית זהב 200 ג' אוסם,עינת תעשיות,IL,אסם פירורית פירורי ל,גרמים,200.00,100 גרם,false,,6.50,3.2500,true,1,18514
7290000067599,false,אוסם - מנה חמה ספגטי רוטב בולנז 65 גרם,"אסם השקעות בע""מ",IL,מנה חמה ספגטי בולונז,גרמים,65.00,100 גרם,false,,5.90,9.0769,true,1,18518
7290000068084,false,"אסם פתי בר 1.75ק""ג",,,אסם פתי בר 1.75קג,קילוגרמים,1.75,"ק""ג",false,,19.90,11.3714,true,1,18523
7290000068138,false,פודינג אינסטנט וניל 80 ג' אסם,מיוצר עי קונדיטוריית,IL,אסם פודינג אינסטנט ו,גרמים,80.00,100 גרם,false,,5.50,6.8750,true,1,18524
7290000068190,false,ג'לי תות שדה צבע טבעי 85 ג',מיוצר עי קונדיטוריית,IL,אסם ג'לי תות שדה צבע,גרמים,90.00,100 גרם,false,,5.90,6.5556,true,1,18528
7290000068237,false,ג'לי פטל צבע טבעי 85ג' אסם,מיוצר עי קונדיטוריית,IL,אסם ג'לי פטל צבעים ט,גרמים,85.00,100 גרם,false,,5.90,6.9412,true,1,18530
7290000068332,false,קממבר בקר משולש גד 2,,,קממבר בקר משולש גד 2,קילוגרמים,1.00,"ק""ג",true,,125.00,125.0000,true,1,14596
7290000068343,false,אוסם - פירכונים מאורז מלא 140 גרם,"מיוצר ע""י PT, משווק",IL,פריכונים מאורז מלא א,גרמים,140.00,100 גרם,false,,6.90,4.9286,true,1,18534
7290000068701,false,שקדי מרק רכיבים טבעיים 400 גרם-מיכל,"אסם השקעות בע""מ",IL,שקדי מרק במיכל אסם 4,גרמים,400.00,100 גרם,false,,15.90,3.9750,true,1,18535
7290000068770,false,במבה יום הולדת 80 גרם,"אסם השקעות בע""מ",IL,במבה יום הולדת 80גרם,גרמים,80.00,100 גרם,false,,4.50,5.6250,true,1,18536
7290000068787,false,במבה יום הולדת 25 גרם,מיוצר עי קונדיטוריית,IL,במבה יום הולדת 25גרם,גרמים,25.00,100 גרם,false,,2.50,10.0000,true,1,18537
7290000069258,false,פסטה פרפקטו פנה ריגאטה 500ג' אסם,פסטה זארה,IT,פנה ריגאטה פרפקטו 50,גרמים,500.00,100 גרם,false,,6.90,1.3800,true,1,18541
7290000069364,false,פריכונים עגולים אורז דל נתרן אסם 140 גרם,"מיוצר ע""י PT, משווק",IL,פריכונים מאורז מלא ל,גרמים,140.00,100 גרם,false,,6.90,4.9286,true,1,18542
7290000070308,false,אבקת מרק עוף אמיתי 400 גרם-מיכל,"אסם השקעות בע""מ",IL,מרק עוף אמיתי אסם 40,גרמים,400.00,100 גרם,false,,16.90,4.2250,true,1,18552
7290000070322,false,אבקת מרק פטריות רכיבים טבעיים אוסם 400 ג',"אסם השקעות בע""מ",IL,אבקת מרק פטריות רכיב,גרמים,400.00,100 גרם,false,,19.90,4.9750,true,1,18553
7290000070353,false,אבקת מרק בצל רכיבים טבעיים 400 ג' אסם,"אסם השקעות בע""מ",IL,אבקת מרק בצל רכיבים,גרמים,400.00,100 גרם,false,,19.90,4.9750,true,1,18554
7290000071008,false,אוסם - בייגלה שטוחים מלח 60 גרם,"אסם השקעות בע""מ",IL,בייגלה אסם שטוחים מל,גרמים,60.00,100 גרם,false,,3.50,5.8333,true,1,18563
7290000072241,false,"רוטב פיצה 290 מ""ל-בקבוק","אסם השקעות בע""מ",IL,אסם רוטב פיצה 290מל,מיליליטרים,290.00,"100 מ""ל",false,,9.90,3.4138,true,1,18568
7290000072623,false,קטשופ אסם בקבוק לחיץ 750 גרם,"אסם השקעות בע""מ",IL,אסם קטשופ בקבוק לחיץ,גרמים,750.00,100 גרם,false,,10.90,1.4533,true,1,18570
7290000072630,false,קטשופ אסם חריף 750 גרם-בקבוק,"אסם השקעות בע""מ",IL,אסם קטשופ חריף 750 ג,גרמים,750.00,100 גרם,false,,11.90,1.5867,true,1,18571
7290000072753,false,קפה טייסטר צ'ויס קפה מגורען 200ג',לוטה נסטלה קוריאה,IL,נס קפה טייסטרס צ'ויס,גרמים,200.00,100 גרם,false,,29.90,14.9500,true,1,18573
7290000072760,false,נסקפה טייסטרס צויס 100 גר אוריגנל,,,טייסטרס צ'וייס 100גר,גרמים,100.00,100 גרם,false,,27.90,27.9000,true,1,18574
7290000072968,false,דגנים סיני מיניס מלחמת הכוכבים 500 גרם,סי. פי. פולין,PL,סיני מיניס דגני נסטל,יחידה,500.00,יחידה,false,,24.90,0.0498,true,1,18581
7290000073125,false,אוסם - מנה חמה פסטה עם עגבניות 62 גרם,"אסם השקעות בע""מ",IL,מנה חמה פסטה עם עגבנ,גרמים,62.00,100 גרם,false,,5.90,9.5161,true,1,18582
7290000073415,false,אוסם - מנה חמה פסטה ברוטב פיצה 61 גרם,"אסם השקעות בע""מ",IL,מנה חמה פסטה ברוטב פ,גרמים,61.00,100 גרם,false,,5.90,9.6721,true,1,18583
7290000073750,false,מנה חמה נודלס אטר+ירקות טעם עוף 70 גרם,,,מנה חמה נודלס בטעם ע,גרמים,70.00,100 גרם,false,,5.90,8.4286,true,1,18585
7290000073767,false,מנה חמה נודלס אטר.+ירקות טעם בקר 70 גרם,,,מנה חמה נודלס בטעם ב,גרמים,70.00,100 גרם,false,,5.90,8.4286,true,1,18586
7290000073774,false,מנה חמה נודלס אטר+ירקות טעם צילי 70 גרם,,,מנה חמה נודלס בטעם פ,גרמים,70.00,100 גרם,false,,5.90,8.4286,true,1,18587
7290000074153,false,ביסקוויט פתיבר שוקו,מיוצר עי קונדיטוריית,IL,אסם פתי בר שוקו 500ג,גרמים,500.00,100 גרם,false,,13.90,2.7800,true,1,18591
7290000074184,false,אוסם - פתי בר בינוני 500 גרם,"אסם השקעות בע""מ",IL,אסם פתי בר 500גרם.,גרמים,500.00,100 גרם,false,,10.90,2.1800,true,1,18593
7290000074245,false,אוסם - קרם קרקר אסם 250 גרם,"אסם השקעות בע""מ",IL,אסם קרם קרקר 250גרם,גרמים,250.00,100 גרם,false,,8.90,3.5600,true,1,18594
7290000074252,false,אסם קרקר שומשום 250 גרם,"אסם השקעות בע""מ",IL,אסם קרקר שומשום 250ג,גרמים,250.00,100 גרם,false,,9.90,3.9600,true,1,18595
7290000074375,false,אוסם - קרקר זהב 150 גרם,"אסם השקעות בע""מ",IL,אסם קרקר זהב 150גרם,גרמים,150.00,100 גרם,false,,7.50,5.0000,true,1,18599
7290000074481,false,לחמית אגוזים אסם 160 ג',"אסם השקעות בע""מ",IL,לחמית אגוזים 160גרם,גרמים,160.00,100 גרם,false,,9.90,6.1875,true,1,18601
7290000074696,false,"קרם קרקר 1 ק""ג אוסם","אסם השקעות בע""מ",IL,אסם קרם קרקר 1קג,קילוגרמים,1.00,"ק""ג",false,,22.90,22.9000,true,1,18603
7290000074764,false,קרקר זהב אסם 900 גרם,,,קרקר זהב אסם 900 גרם,גרמים,900.00,100 גרם,false,,22.90,2.5444,true,1,18607
7290000075204,false,אוסם - לחמית חיטה מלאה 250 גרם,"אסם השקעות בע""מ",IL,לחמית חיטה מלאה 250ג,גרמים,250.00,100 גרם,false,,8.90,3.5600,true,1,18611
7290000075693,false,עוגת הבית שמרים בריוש שוקולד 360ג',מיוצר עי קונדיטוריית,IL,עוגת שמרים בריוש שוק,גרמים,360.00,100 גרם,false,,15.90,4.4167,true,1,18612
7290000076133,false,בייגלה שמיניות קטנות 400 גרם אסם,"אסם השקעות בע""מ",IL,בייגלה אסם שמיניות ק,גרמים,400.00,100 גרם,false,,9.90,2.4750,true,1,18614
7290000077017,false,עוגיות קרמוגית וקרם שוקולד אסם 200 גרם,מיוצר עי קונדיטוריית,IL,אסם קרמוגית במילוי ש,גרמים,200.00,100 גרם,false,,10.90,5.4500,true,1,18618
7290000077253,false,אוסם - לחמית כפרית עם דגנים מלאים 190 גרם,"אסם השקעות בע""מ",IL,לחמית כפרית 190גרם,גרמים,190.00,100 גרם,false,,9.90,5.2105,true,1,18619
7290000078212,false,קרוטונים מתובלים 250 ג' אסם,עינת תעשיות,IL,קרוטונים מתובלים אסם,גרמים,250.00,100 גרם,false,,13.90,5.5600,true,1,18622
7290000078762,false,אוסם - חטיפי פריכונים מאורז מלא בטעם דבש 80גר,סנורייס בלגיום אן. ו,IL,חטיפי פריכונים אורז,גרמים,80.00,100 גרם,false,,7.90,9.8750,true,1,18624
7290000079238,false,פטה עיזים מעודנת צור,,,פטה עיזים מעודנת צור,קילוגרמים,1.00,"ק""ג",true,,89.00,89.0000,true,1,6283
7290000079344,false,גבינת מוצרלה נעם 22%,,,גבינת מוצרלה נעם 22%,קילוגרמים,1.00,"ק""ג",true,,80.00,80.0000,true,1,6288
7290000079412,false,אמנטל נעם מהדרין במש,,,אמנטל נעם מהדרין במש,קילוגרמים,1.00,"ק""ג",true,,58.00,58.0000,true,1,6289
7290000081663,false,בייגלה טבעות עם שומשום 300 גרם,מיוצר עי קונדיטוריית,IL,בייגלה אסם טבעות שומ,גרמים,300.00,100 גרם,false,,9.90,3.3000,true,1,18630
7290000084899,false,מב פטינה 20% וילי פ,,,פטינה 20% וילי פוד,קילוגרמים,1.00,"ק""ג",true,,19.00,19.0000,true,1,2762
7290000085180,false,גטניו פתי בר וניל 470 גרם,"אחים גטניו בע""מ",,גטניו - פתיבר וניל 4,גרמים,470.00,100 גרם,false,,9.90,2.1064,true,1,41215
7290000089045,false,הולנדי במשקל,,,הולנדי במשקל,קילוגרמים,1.00,"ק""ג",true,,41.90,41.9000,true,1,18243
7290000089199,false,חריפה במשקל,,,חריפה במשקל,קילוגרמים,1.00,"ק""ג",true,,41.90,41.9000,true,1,18245
7290000089272,false,איקרה שמיר מע.,,,איקרה שמיר מע.,קילוגרמים,1.00,"ק""ג",true,,49.00,49.0000,true,1,17635
7290000089274,false,נקניק מעושן מעדנייה,,,נקניק מעושן מעדנייה,קילוגרמים,1.00,"ק""ג",true,,41.90,41.9000,true,1,18247
7290000089364,false,מקרל מעושן פרוס בשמן,,,מקרל מעושן פרוס בשמן,קילוגרמים,1.00,"ק""ג",true,,129.00,129.0000,true,1,17637
7290000095408,false,נעם 28% חריץ מעדניה,,,נעם 28% חריץ מעדניה,קילוגרמים,1.00,"ק""ג",true,,44.79,44.7900,true,1,6293
7290000095415,false,נעם 9% חריץ מעדניה-,,,נעם 9% חריץ מעדניה-,קילוגרמים,1.00,"ק""ג",true,,71.00,71.0000,true,1,6294
7290000095422,false,גבינת נועם 22% חריץ,,,גבינת נועם 22% חריץ,קילוגרמים,1.00,"ק""ג",true,,42.58,42.5800,true,1,6295
7290000100135,false,פירות קפואים סנפרוסט דובדבן 300 גר,סנפרוסט בעמ,IL,סדרת פירות קפואים-דו,גרמים,300.00,100 גרם,false,,12.90,4.3000,true,1,25433
7290000100593,false,פרוסות אנטיפסטי לתנור סנפורסט 600 ג',"סנפרוסט בע""מ",IL,פרוסות אנטיפסטי לתנו,גרמים,600.00,100 גרם,false,,19.90,3.3167,true,1,25448
7290000100609,false,קוביות אנטי פסטי להקפצה סנפורסט 600 ג',"סנפרוסט בע""מ",IL,קוביות אנטיפסטי להקפ,גרמים,600.00,100 גרם,false,,19.90,3.3167,true,1,25449
7290000101927,false,אוכמניות כחולות מוקפאות סנפרוסט 300 גרם,"איי, בי, אינבוו",IL,אוכמניות כחולות מוקפ,גרמים,300.00,100 גרם,false,,12.90,4.3000,true,1,25456
7290000101941,false,אננס חתוך מוקפא סנפרוסט 300ג',"סנפרוסט בע""מ",IL,אננס מוקפא 300 גרם,גרמים,300.00,100 גרם,false,,12.90,4.3000,true,1,279271
7290000103433,false,לקט ירקות סנפרוסט לתנור 800 גר,"איי, בי, אינבוו",IL,לקט ירקות לתנור 800,גרמים,800.00,100 גרם,false,,21.90,2.7375,true,1,25468
7290000103457,false,מיני כרובית סנפרוסט 600 גר,"סנפרוסט בע""מ",IL,מיני כרובית 600 גרם,גרמים,600.00,100 גרם,false,,15.90,2.6500,true,1,25470
7290000103471,false,מיני ברוקלי סנפרוסט 600 ג',"סנפרוסט בע""מ",IL,סנפרוסט מיני ברוקולי,גרמים,600.00,100 גרם,false,,15.90,2.6500,true,1,25471
7290000103839,false,מרק כתום קפוא 570 ג' סנפרוסט,"סנפרוסט בע""מ",IL,סנפרוסט מרק כתום קפו,גרמים,572.00,100 גרם,false,,16.90,2.9545,true,1,25493
7290000103846,false,מרק אפונה 570 ג' סנפרוסט,"סנפרוסט בע""מ",IL,סנפרוסט מרק אפונה קפ,גרמים,570.00,100 גרם,false,,17.20,3.0175,true,1,25494
7290000103877,false,מרק שעועית קפוא 640 ג' סנפרוסט,"סנפרוסט בע""מ",IL,סנפרוסט מרק שעועית ק,גרמים,644.00,100 גרם,false,,17.50,2.7174,true,1,25496
7290000104201,false,אפונה עדינה 600 גר סנפרוסט,"איי, בי, אינבוו",IL,אפונה עדינה סנפרוסט,גרמים,600.00,100 גרם,false,,16.90,2.8167,true,1,25501
7290000104218,false,במיה 600 גר סנפרוסט,"איי, בי, אינבוו",IL,סנפרוסט במיה 600גר,גרמים,600.00,100 גרם,false,,15.90,2.6500,true,1,25502
7290000104287,false,לקט לפשטידה 800 גרם,"סנפרוסט בע""מ",IL,לקט לפשטידה 800 גרם,גרמים,800.00,100 גרם,false,,21.90,2.7375,true,1,25504
7290000104676,false,אפונה קפואה סנפרוסט 800 גרם,"איי, בי, אינבוו",IL,אפונת גינה סנפרוסט 8,גרמים,800.00,100 גרם,false,,14.90,1.8625,true,1,25505
7290000104683,false,שעועית ירוקה שלמה 800 גר סנפרוסט,"סנפרוסט בע""מ",IL,שעועית שלמה סנפרוסט,גרמים,800.00,100 גרם,false,,19.90,2.4875,true,1,25506
7290000104690,false,תירס גרעינים 800 גרם סנפרוסט,"איי, בי, אינבוו",IL,תירס גרעינים 800גר,גרמים,800.00,100 גרם,false,,16.90,2.1125,true,1,25507
7290000104706,false,גזר גמדי 800 גרם סנפרוסט,"סנפרוסט בע""מ",IL,גזר גמדי 800 גרם,גרמים,800.00,100 גרם,false,,14.90,1.8625,true,1,25508
7290000104713,false,פול ירוק 800 גר סנפרוסט,"איי, בי, אינבוו",IL,פול ירוק 800גר,גרמים,800.00,100 גרם,false,,20.90,2.6125,true,1,25509
7290000104720,false,שעועית ירוקה חתוכה 800גר סנפרוסט,"סנפרוסט בע""מ",IL,שעועית ירוקה חתוכה ס,גרמים,800.00,100 גרם,false,,16.90,2.1125,true,1,25510
7290000104737,false,שעועית צהובה חתוכה סנפרוסט 800גר,"סנפרוסט בע""מ",IL,שעועית צהובה חתוכה ס,גרמים,800.00,100 גרם,false,,16.90,2.1125,true,1,25511
7290000104744,false,כרובית 800 גר סנפרוסט,"סנפרוסט בע""מ",IL,כרובית 800גר,גרמים,800.00,100 גרם,false,,23.90,2.9875,true,1,25512
7290000104799,false,שעועית לבנה מבושלת סנפרוסט 800גר,"איי, בי, אינבוו",IL,שעועית לבנה מבושלת 8,גרמים,800.00,100 גרם,false,,14.90,1.8625,true,1,25516
7290000104805,false,גרגירי חומוס קפוא 800 ג' סנפרוסט,"איי, בי, אינבוו",IL,גרגירי חומוס קפוא 80,גרמים,800.00,100 גרם,false,,14.90,1.8625,true,1,25517
7290000104829,false,"קלחוני תירס 1 ק""ג סנפרוסט","סנפרוסט בע""מ",IL,"קלחוני תירס 1 ק""ג",קילוגרמים,1.00,"ק""ג",false,,19.90,19.9000,true,1,25518
7290000104836,false,שעועית עדינה שלמה 600 גר סנפרוסט,"סנפרוסט בע""מ",IL,שעועית עדינה שלמה סנ,גרמים,600.00,100 גרם,false,,21.90,3.6500,true,1,25519
7290000104904,false,לקט ירקות מעורבים 800 ג' סנפרוסט,"איי, בי, אינבוו",IL,לקט ירקות מעורבים 80,גרמים,800.00,100 גרם,false,,22.90,2.8625,true,1,25523
7290000104911,false,לקט נורמנדי 800 גר סנפרוסט,"איי, בי, אינבוו",IL,לקט נורמנדי 800גר,גרמים,800.00,100 גרם,false,,17.90,2.2375,true,1,25524
7290000105145,false,צלעות מחפוד קפוא מס`,,,צלעות מחפוד קפוא מס`,קילוגרמים,1.00,"ק""ג",true,,49.90,49.9000,true,1,46811
7290000105176,false,כתף מס' 4 קפוא מחפו,,,כתף מס' 4 קפוא מחפו,קילוגרמים,1.00,"ק""ג",true,,54.90,54.9000,true,1,46813
7290000105183,false,צלי כתף מס' 5 חלק,,,צלי כתף מס' 5 חלק,קילוגרמים,1.00,"ק""ג",true,,99.90,99.9000,true,1,46814
7290000105190,false,פילה מדומה מחפוד קפו,,,פילה מדומה מחפוד קפו,קילוגרמים,1.00,"ק""ג",true,,63.90,63.9000,true,1,46815
7290000105220,false,שריר בשר מס' 8 מחפוד,,,שריר בשר מס' 8 מחפוד,קילוגרמים,1.00,"ק""ג",true,,63.90,63.9000,true,1,46818
7290000105312,false,שריר הזרוע מס` 8 K מ,,,שריר הזרוע מס` 8 K מ,קילוגרמים,1.00,"ק""ג",true,,59.90,59.9000,true,1,46823
7290000105442,false,בשר ראש קפוא מחפוד ב,,,בשר ראש קפוא מחפוד ב,קילוגרמים,1.00,"ק""ג",true,,111.90,111.9000,true,1,46825
7290000106526,false,חגיגה ירוקה להקפצה סנפרוסט 800 גר,"איי, בי, אינבוו",IL,סנפרוסט חגיגה ירוקה,גרמים,800.00,100 גרם,false,,19.90,2.4875,true,1,25529
7290000107165,false,פולי סויה אדממה סנפרוסט 400 ג',"איי, בי, אינבוו",IL,פולי סויה אדממה קפוא,גרמים,400.00,100 גרם,false,,13.90,3.4750,true,1,25531
7290000107189,false,תחתיות ארטישוק 400 גרם סנפרוסט,"איי, בי, אינבוו",IL,תחתיות ארטישוק 400גר,גרמים,400.00,100 גרם,false,,19.90,4.9750,true,1,25532
7290000107295,false,תפרחות ברוקולי סנפרוסט 800 ג',"איי, בי, אינבוו",IL,תפרחות ברוקולי 800ג,גרמים,800.00,100 גרם,false,,24.90,3.1125,true,1,25533
7290000111117,false,מרכך כביסה לבן 4 ל' בדין,יוניליור ישראל טיפוח,IL,בדין מרכך כביסה לבן,ליטרים,4.00,ליטר,false,,19.90,4.9750,true,1,10092
7290000111186,false,מיונז תלמה 500 גרם-צנצנת,יוניליוור ישראל מזון,IL,מיונז אמיתי תלמה 500,גרמים,500.00,100 גרם,false,,9.90,1.9800,true,1,10094
7290000112220,false,בארכה טחינה 100% שומשום 500 גרם,רושדי תעשיות מזון בע,IL,בארכה טחינה 100% שומ,גרמים,500.00,100 גרם,false,,13.90,2.7800,true,1,18631
7290000112237,false,בארכה טחינה 100% שומשום 6*1000גרם,רושדי תעשיות מזון בע,IL,בארכה טחינה 100% שומ,קילוגרמים,1.00,"ק""ג",false,,22.90,22.9000,true,1,18632
7290000112503,false,מרק עשיר ירקות קנור 69 גרם - שקיות,יוניליוור ישראל מזון,IL,מרק עשיר ירקות קנור,גרמים,61.00,100 גרם,false,,9.90,16.2295,true,1,10101
7290000112619,false,מרק עוף לתיבול והעשרה קנור 400 ג',יוניליוור ישראל מזון,IL,מרק עוף אמיתי לתיבול,גרמים,400.00,100 גרם,false,,14.90,3.7250,true,1,10103
7290000120874,false,מיונז דל קלוריות 424 ג' הלמנס,"שד' קילבורן 2816, שי",US,מיונז הלמנס לייט 424,גרמים,424.00,100 גרם,false,,10.90,2.5708,true,1,10136
7290000121017,false,גבינה מותכת 7% שומרון 120 גרם,,,מון בלאן שומרון 7% 1,גרמים,120.00,100 גרם,false,,11.90,9.9167,true,1,16779
7290000121079,false,גבינה מון בלאן 9% שום שמיר 120ג',,,מון בלאן שמיר 7% 120,גרמים,120.00,100 גרם,false,,11.90,9.9167,true,1,16782
7290000121093,false,גבינה מון בלאן שוצרית 120 גרם,האי נאם סי או אל.טי.,IL,מון בלאן שויצרית 7%,גרמים,120.00,100 גרם,false,,11.90,9.9167,true,1,16783
7290000121147,false,גבינה מון בלאן לייט 7% פיקנטי 120ג',"שלושת האופים בע""מ",IL,מון בלאן פיקנטי 7% 1,גרמים,120.00,100 גרם,false,,11.90,9.9167,true,1,16785
7290000121154,false,"גבינת מון בלאן סלמון, 120 ג'",האי נאם סי או אל.טי.,IL,מון בלאן סלמון 7% 12,גרמים,120.00,100 גרם,false,,10.90,9.0833,true,1,16786
7290000125251,false,בדין שמפו לכביסה עדינה 2 ליטר,"זוהר דליה, קיבוץ דלי",IL,בדין שמפו לכביסה עדי,ליטרים,2.00,ליטר,false,,23.90,11.9500,true,1,10154
7290000133193,false,בולג.קלאסית שומרון,,,בולג.קלאסית שומרון,קילוגרמים,1.00,"ק""ג",true,,55.00,55.0000,true,1,14753
7290000133645,false,אורביטול משחת שיניים סודה שלישיה* 145 ג',,IL,משחת שיניים אורביטול,גרמים,435.00,100 גרם,false,,16.90,3.8851,true,1,29664
7290000134147,false,טעם וריח מוסקט טחון מיכל 40גר,תות ממתקי איכות,IL,טעם וריח מוסקט טחון,גרמים,40.00,100 גרם,false,,12.90,32.2500,true,1,42364
7290000134673,false,תבלין זנגביל טעם ורי,תות ממתקי איכות,IL,תבלין זנגביל טעם ורי,גרמים,30.00,100 גרם,false,,6.00,20.0000,true,1,42375
7290000134826,false,תבלין זעתר מעורב 100 גר',תות ממתקי איכות,IL,תבלין זעתר טעם וריח,גרמים,100.00,100 גרם,false,,9.00,9.0000,true,1,42379
7290000134840,false,תבלין כורכום טחון 100 גר',תות ממתקי איכות,IL,טעם וריח ת.כורכום במ,גרמים,100.00,100 גרם,false,,9.00,9.0000,true,1,42381
7290000134871,false,תבלין פלפל שחור טחון 100 גר',תות ממתקי איכות,IL,טעם וריח ת. פלפל שחו,גרמים,100.00,100 גרם,false,,13.90,13.9000,true,1,42384
7290000134987,false,תבלין פלפל שחור גרוס 90 גר',תבליני טעם וריח,,טעם וריח פלפל שחור ג,גרמים,90.00,100 גרם,false,,13.90,15.4444,true,1,42386
7290000135113,false,"משקה אנרגיה XL פחית ten נענע ליים 250 מ""ל",,PL,פחית XL TEN נענע ליי,מיליליטרים,250.00,"100 מ""ל",false,,4.50,1.8000,true,1,9354
7290000135151,false,"טמפו סודה למון ליים בקבוק 250 מ""ל",טמפו משקאות בעמ,IL,סודה נגיעות לימון 27,מיליליטרים,275.00,"100 מ""ל",false,,3.50,1.2727,true,1,125596
7290000135311,false,פפסי מקס ליים 1.5 ליטר-,"טמפו משקאות בע""מ",IL,פפסי מקס ליים 1.5 ל',ליטרים,1.50,ליטר,false,,7.90,5.2667,true,1,78802
7290000135625,false,"רביעיית פחיות גולדסטאר 500 מ""ל",טמפו,IL,גולדסטאר פחיות 4*500,ליטרים,2.00,ליטר,false,,27.90,13.9500,true,1,181623
7290000136165,false,מירינדה בקבוק 1.5 לי,טמפו,IL,מירינדה 1.5 ליטר,ליטרים,1.50,ליטר,false,,7.90,5.2667,true,1,249033
7290000136189,false,דיאט סבן אפ 1.5 ליטר FREE,,IL,סבן אפ דיאט 1.5 ליטר,ליטרים,1.50,ליטר,false,,7.90,5.2667,true,1,249017
7290000136288,false,סירופ בטעם תפוחים 330 מל JUICER,,,סיידר הגליל JUICER ס,מיליליטרים,330.00,"100 מ""ל",false,,13.30,4.0303,true,1,492995
7290000136455,false,משקה בטעם אשכוליות תריסר 1.5 ל' ג'אמפ,טמפו,IL,ג`אמפ אשכול 1.5 ליטר,ליטרים,1.50,ליטר,false,,7.90,5.2667,true,1,248449
7290000136486,false,משקה בטעם אשכוליות דיאט תריסר 1.5 ל' ג'אמפ,טמפו,IL,ג`אמפ דיאט אשכוליות,ליטרים,1.50,ליטר,false,,7.90,5.2667,true,1,248465
7290000136516,false,משקה בטעם מנגו פסיפלורה תריסר 1.5 ל' ג'אמפ,טמפו,IL,ג`אמפ פסיפלורה 1.5 ל,ליטרים,1.50,ליטר,false,,7.90,5.2667,true,1,248420
7290000136523,false,משקה בטעם ענבים תריסר 1.5 ל' ג'אמפ,טמפו,IL,ג`אמפ ענבים 1.5 ליטר,ליטרים,1.50,ליטר,false,,7.90,5.2667,true,1,248450
7290000136561,false,משקה בטעם תות בננה תריסר 1.5 ל' ג'אמפ,טמפו,IL,ג`אמפ תות בננה 1.5 ל,ליטרים,1.50,ליטר,false,,7.90,5.2667,true,1,248451
7290000136585,false,משקה בטעם תפוזים תריסר 1.5 ל' ג'אמפ,טמפו,IL,ג`אמפ תפוז 1.5 ליטר,ליטרים,1.50,ליטר,false,,7.90,5.2667,true,1,248435
7290000136646,false,משקה מאלט תריסר 1.5 ל' נשר,טמפו,IL,נשר מאלט 1.5 ליטר,ליטרים,1.50,ליטר,false,,8.90,5.9333,true,1,248213
7290000136677,false,פפסי קולה פיקדון 1.5 ליטר,טמפו,IL,פפסי קולה 1.5 ליטר,ליטרים,1.50,ליטר,false,,7.90,5.2667,true,1,249131
7290000136684,false,פפסי מקס פיקדון 1.5 ליטר,טמפו,IL,פפסי מקס 1.5 ליטר,ליטרים,1.50,ליטר,false,,7.90,5.2667,true,1,249173
7290000136776,false,שישיית פפסי מקס דל קלוריות 1.5 ליטר,טמפו,IL,פפסי מקס 6*1.5 ליטר,ליטרים,9.00,ליטר,false,,37.90,4.2111,true,1,249158
7290000136790,false,מארז סודה שישייה 1.5 ל' טמפו,טמפו,IL,טמפו סודה 6*1.5 ליטר,ליטרים,9.00,ליטר,false,,17.70,1.9667,true,1,248507
7290000136813,false,סודה בטעם אננס מארז רביעייה 1.5 ל' טמפו,,IL,טמפו סודה אננס 1.5 ל,ליטרים,6.00,ליטר,false,,11.50,1.9167,true,1,248552
7290000136820,false,סודה בטעם פירות יער מארז ריבעיה * 1.5 ל' טמפו,,IL,טמפו סודה פירות יער,ליטרים,6.00,ליטר,false,,11.50,1.9167,true,1,248568
7290000136837,false,סודה בנגיעות אפרסק רביעיה 1.5 ל' טמפו,,IL,טמפו סודה אפרסק 1.5,ליטרים,6.00,ליטר,false,,11.50,1.9167,true,1,248961
7290000136844,false,מים אקווה נובה 2 ליטר שישייה-,טמפו,IL,אקווה נובה 6*2 ליטר,ליטרים,12.00,ליטר,false,,11.90,0.9917,true,1,248295
7290000136851,false,סבן אפ פיקדון 1.5 ליטר,טמפו,IL,סבן אפ 1.5 ליטר,ליטרים,1.50,ליטר,false,,7.90,5.2667,true,1,249102
7290000136868,false,מארז מים שישיה *1.5ל' סאן בנדטו,טמפו,IL,מים סאן בנדטו 6* 1.5,ליטרים,9.00,ליטר,false,,17.70,1.9667,true,1,248323
7290000136875,false,מארז מים מינרלים מוגז 6* 1.5 ל' סאן בנדטו,טמפו,IL,סאן בנדטו מים מינרלי,ליטרים,9.00,ליטר,false,,17.90,1.9889,true,1,248492
7290000136929,false,סודה טמפו אפרסק 1.5 ליטר-,,IL,טמפו סודה אפרסק 1.5,ליטרים,1.50,ליטר,false,,3.80,2.5333,true,1,248989
7290000143255,false,"שמפו הוואי לשיער רגיל 700 מ""ל",שוורצקוף& הנקל דיסלד,IL,שמפו רגיל הוואי 700,מיליליטרים,700.00,"100 מ""ל",false,,9.90,1.4143,true,1,8070
7290000143279,false,"שמפו הוואי נגד קשקשים 700 מ""ל-אדום",שוורצקוף& הנקל דיסלד,IL,שמפו נגד קשקשים הווא,מיליליטרים,700.00,"100 מ""ל",false,,9.90,1.4143,true,1,8072
7290000143293,false,"הוואי - מרכך ילדים מתיר קשרים 700 מ""ל",,,מרכך הוואי ילדים מתי,מיליליטרים,700.00,"100 מ""ל",false,,9.90,1.4143,true,1,8074
7290000144160,false,"שמן זית כתית מעולה מודגש""עץ-הזית"" 750 מ""ל","מרקאולאו, ספרד.אבסה,",IT,שמן זית כתית מעולה א,מיליליטרים,750.00,"100 מ""ל",false,,33.90,4.5200,true,1,29333
7290000144467,false,שמן חמניות מועשר בנוגדי חמצון 1 ל' עץ הזית,"נארז ע""י : א.ג. גילר",GR,שמן חמניות בריאות מה,ליטרים,1.00,ליטר,false,,15.90,15.9000,true,1,29336
7290000144474,false,שמן עץ הזית קנולה 1 ליטר בריאות מהטבע,סקנולה,EE,שמן קנולה בריאות עץ,ליטרים,1.00,ליטר,false,,15.90,15.9000,true,1,29337
7290000146652,false,הוואי - סבון מוצק ורוד רומנטי 100 גרם רביעייה,,IL,סבון מוצק ורוד הוואי,גרמים,400.00,100 גרם,false,,11.90,2.9750,true,1,8078
7290000146683,false,הוואי - סבון מוצק אפקט דאודורנט 100 גרם רביעייה,,,סבון מוצק אפקט דאודו,גרמים,400.00,100 גרם,false,,11.90,2.9750,true,1,8081
7290000148380,false,פיסטוק קלוי שקית 200 גרם,"ג'י אנד ג'י בע""מ",IL,פיסטוק קלוי 200 גרם,גרמים,200.00,100 גרם,false,,21.50,10.7500,true,1,12732
7290000148618,false,קשיו מטוגן שקית קליית גת 200 גרם,"ג'י אנד ג'י בע""מ",IL,אגוז קשיו מטוגן 200,גרמים,200.00,100 גרם,false,,18.00,9.0000,true,1,12734
7290000148748,false,גרעיני חמניה שקית קליית גת 200 גרם,"ג'י אנד ג'י בע""מ",IL,גרעיני חמניה 200 גרם,גרמים,200.00,100 גרם,false,,6.90,3.4500,true,1,12735
7290000149615,false,נקה 7 סבון מוצק לתינוק רביעיה * 100 ג',גליל כימיקלים בעממשו,IL,אלסבון מוצק לתינוק נ,גרמים,400.00,100 גרם,false,,10.90,2.7250,true,1,29671
7290000149851,false,סינטבון סבון מארז 460X2ג',יבואן ומשווק: ש. שסט,IL,סינטבון כפול 460גר,גרמים,460.00,100 גרם,false,,10.90,2.3696,true,1,29674
7290000149905,false,טקסטיל שמפו לכביסה ביד 1 ליטר,מיוצר עי קונדיטוריית,IL,טקסטיל שמפו-1 ליטר נ,ליטרים,1.00,ליטר,false,,14.90,14.9000,true,1,29675
7290000151885,false,נקניק הודו יחידה עוף טוב 700ג',,,נקניק הודו יחידה 700,גרמים,700.00,100 גרם,false,,14.90,2.1286,true,1,19659
7290000152943,false,פסטרמה כפרית +סלמי כפרי עוף טוב 350X2ג',מולינו ניקולי s.p.a,IL,עוף טוב סלמי פסטרמה,גרמים,700.00,100 גרם,false,,21.90,3.1286,true,1,19664
7290000158105,false,שניצל עוף מיני דינוזאור מעוף שגדל ללא אנטיביוטיקה,מוצרי עוף טוב (2001),IL,עוף טוב שניצל עוף מי,גרמים,700.00,100 גרם,false,,24.90,3.5571,true,1,19683
7290000166605,false,סיף פנטסטיק ניקיון כללי יסמין 4ליטר,,IL,סיף פנטסטיק כללי יסמ,ליטרים,4.00,ליטר,false,,19.90,4.9750,true,1,10226
7290000170053,false,שוקולד פרה חלב 100 גרם,"תופינית בע""מ",IL,שוקולד חלב פרה 100 ג,גרמים,100.00,100 גרם,false,,5.20,5.2000,true,1,22161
7290000174723,false,שוקולית אבקה להכנת משקה שוקו 500 גרם,הנסיך- מפעל לייצור ט,IL,שוקולית 500 גרם,גרמים,500.00,100 גרם,false,,11.90,2.3800,true,1,22169
7290000175760,false,מנציגו כבשים ויליפו,,,מנציגו כבשים ויליפו,קילוגרמים,1.00,"ק""ג",true,,96.00,96.0000,true,1,2765
7290000175906,false,גאודה עיזים ויליפוד,,,גאודה עיזים ויליפוד,קילוגרמים,1.00,"ק""ג",true,,109.00,109.0000,true,1,2767
7290000176079,false,קפה עלית טורקי עם הל 100 גרם,הנסיך- מפעל לייצור ט,IL,טורקי עלית קפה עם הל,גרמים,100.00,100 גרם,false,,8.90,8.9000,true,1,22172
7290000176147,false,קפה מוקה קלוי מס1 עלית 500ג',,,מוקה מס.1 קפה פילטר,גרמים,500.00,100 גרם,false,,48.90,9.7800,true,1,22175
7290000176413,false,קפה נמס עלית 50 גרם,הנסיך- מפעל לייצור ט,IL,עלית נמס 50 גר',גרמים,50.00,100 גרם,false,,8.90,17.8000,true,1,22177
7290000176420,false,קפה נמס אבקתי 200ג עלית,שטראוס קפה בי.וי,IL,קפה נמס עלית פחית 20,גרמים,200.00,100 גרם,false,,19.90,9.9500,true,1,22178
7290000176468,false,קפה נמס נטול קפאין 50 ג' קפה האג,"איי, בי, אינבוו",,האג קפה נטול קפאין 5,גרמים,50.00,100 גרם,false,,10.90,21.8000,true,1,22179
7290000178707,false,תפוציפס מלוח 50 גרם,"שטראוס פריטו ליי בע""",IL,תפוציפס טבעי 50 גרם,גרמים,50.00,100 גרם,false,,3.90,7.8000,true,1,24149
7290000178721,false,תפוציפס מלוח 200 גרם,"שטראוס פריטו ליי בע""",IL,תפוציפס טבעי 200 גרם,גרמים,200.00,100 גרם,false,,10.90,5.4500,true,1,24151
7290000185224,false,סילאן בקבוק לחיץ תמר כנרת 650 גר,,IL,סילאן בקבוק לחיץ תמר,גרמים,650.00,100 גרם,false,,13.90,2.1385,true,1,46615
7290000185330,false,סילאן טבעי תמר כנרת 900 גר,,,סילאן טבעי תמר כנרת,גרמים,900.00,100 גרם,false,,23.90,2.6556,true,1,102740
7290000186535,false,נייר טואלט טריו לבן 32 גלילים לילי,קימברלי קלארק ישראל,IL,לילי נייר טואלט טריו,מטרים,537.00,מטר,false,,44.90,0.0836,true,1,8835
7290000187860,false,מגבוני טואלט לחים לילי דיספנסר 40יח',עלבד משואות יצחק בעמ,IL,לילי נייר טואלט לח ד,יחידה,0.00,יחידה,false,,7.90,0.0000,true,1,8847
7290000187921,false,נייר טואלט לבן 32 גלילים לילי,קימברלי קלארק ישראל,IL,"נייר טואלט ""לילי"" לב",מטרים,588.00,מטר,false,,41.90,0.0713,true,1,8850
7290000187938,false,לילי - נייר טואולט נייר טואלט פסטל 32 יח',חוגלה קימברלי,,"נייר טואלט ""לילי"" פס",מטרים,588.00,מטר,false,,39.90,0.0679,true,1,8851
7290000187952,false,נייר טואלט טריו לילי פרימיום 32גליל,חוגלה קימברלי,,נייר טאולט לילי טריו,מטרים,537.00,מטר,false,,44.90,0.0836,true,1,8852
7290000188355,false,מגבות מטבח ניקול לבנה שישייה,קימברלי-קלארק,IL,מגבות מטבח ניקול לבנ,מטרים,64.80,מטר,false,,13.90,0.2145,true,1,8858
7290000188553,false,קוטקס - מגן תחתון סילק נורמל 60 יח',קימברלי קלארק,IL,מגן תחתון סילק נורמל,יחידה,0.00,יחידה,false,,16.90,0.0000,true,1,8863
7290000188591,false,קוטקס - מגן תחתון סילק יאנג 60 יח',קימברלי קלארק,CN,מגן תחתון סילק יאנג,יחידה,0.00,יחידה,false,,16.90,0.0000,true,1,8865
7290000189116,false,ניקול תבניות אלומניום עגולות 5 יח',סין,CN,ניקול תבניות עגולות,יחידה,0.00,יחידה,false,,10.90,0.0000,true,1,8871
7290000189192,false,מגבת רב שימושית סופר ניקול 64 דף,קימברלי קלארק,CO,ניקול מטלית חכמה יומ,יח',64.00,יח',false,,15.90,0.2484,true,1,8872
7290000189215,false,מטלית קסם ניקול לרצפה,UFO,,מטלית קסם לרצפה,יחידה,0.00,יחידה,false,,15.00,0.0000,true,1,8874
7290000189260,false,ניקול תבניות מלבניות 5 יח',בראבו,,ניקול תבניות מלבניות,יחידה,0.00,יחידה,false,,10.90,0.0000,true,1,8877
7290000189482,false,ניקול תבנית אפייה מקרטון מרובעת 4יח',"דוקארט בעמ, קיבוץ כפ",IL,ניקול תבנית אפייה מק,יחידה,0.00,יחידה,false,,10.90,0.0000,true,1,8881
7290000189598,false,מטליות לחות חד פעמיות לניקוי כללי 50 יח' ניקול,עלבד משואות יצחק בעמ,IL,מטליות לחות חד פעמיו,יחידה,0.00,יחידה,false,,10.90,0.0000,true,1,8886
7290000189659,false,ניקול - מטליות לחות לרצפה 10 יח',עלבד משואות יצחק בעמ,IL,ניקול מטליות לחות לר,יחידה,0.00,יחידה,false,,10.90,0.0000,true,1,8888
7290000189871,false,ניקול שקיות אשפה L עם שרוך 55 יח',אשפלסט,IL,אשפתון 55 שקיות,יחידה,0.00,יחידה,false,,17.90,0.0000,true,1,8895
7290000190150,false,מפיות נייר מודפסות 3 שכבות ניקול 20 יח',PALOMA,SI,מפיות תלת שכבתיות ני,יחידה,0.00,יחידה,false,,8.90,0.0000,true,1,8898
7290000191225,false,האגיס - רך נולד מידה 2 מוקטן 44 יח',קימברלי קלארק שיווק,IL,האגיס רך נולד מידה 2,יחידה,0.00,יחידה,false,,29.90,0.0000,true,1,8913
7290000191539,false,ממחטות טישו לילי צבעוני חמישיה,,,לילי צבעוני חמישיה-9,יחידה,0.00,יחידה,false,,14.90,0.0000,true,1,8916
7290000191652,false,קלינקס ממחטות טישו אולטרא סופט מארז 90X3יח',חוגלה קימברלי,IL,קלינקס קלאסיק ניילון,יחידה,0.00,יחידה,false,,10.90,0.0000,true,1,8921
7290000192581,false,מגבת נייר גליל כפול ניקול 12=6 גליל,,IL,מגבת כפולה ניקול 6=1,מטרים,129.70,מטר,false,,21.90,0.1689,true,1,8926
7290000193014,false,פדיות אינטרלוד מגיני יום לילי 50יח',Ontex,,מגן תחתון אינטרלוד ל,יחידה,0.00,יחידה,false,,9.90,0.0000,true,1,8927
7290000193083,false,לילי - תחבושות נובה לי 28 יח',Ontex,,תחבושות נובה לי לילי,יחידה,0.00,יחידה,false,,9.90,0.0000,true,1,8929
7290000193205,false,לילי תחבושות נטורל לילה 20 יח',Ontex,IL,תחבושות אולטרה לילה,יחידה,0.00,יחידה,false,,15.90,0.0000,true,1,8932
7290000193472,false,לילי מגני תחתון נטורל נורמל 60 יח',Ontex,,מגן תחתון נטורל נורמ,יחידה,0.00,יחידה,false,,15.90,0.0000,true,1,8934
7290000193540,false,לילי אינטימייט מגן תחתון לונג 52יח',Ontex,,מגן תחתון נטורל לונג,יחידה,0.00,יחידה,false,,15.90,0.0000,true,1,8936
7290000193649,false,לילי תחבושות נטורל אולטרה סופר 24 יח',Ontex,IL,תחבושות נטורל אולטרה,יחידה,0.00,יחידה,false,,15.90,0.0000,true,1,8938
7290000193656,false,לילי תחבושות נטורל אולטרה סופר פלוס 24 יח',Ontex,IL,תחבושות נטורל אולטרה,יחידה,0.00,יחידה,false,,15.90,0.0000,true,1,8939
7290000194178,false,עוף מס' 1 קפוא מחפוד,,,עוף מס' 1 קפוא מחפוד,קילוגרמים,1.00,"ק""ג",true,,27.90,27.9000,true,1,46838
7290000194208,false,כרעיים עוף חלק רב מח,,,כרעיים עוף חלק רב מח,קילוגרמים,1.00,"ק""ג",true,,33.90,33.9000,true,1,46840
7290000194239,false,מחפוד-חזה עוף קפוא מ,,,מחפוד-חזה עוף קפוא מ,קילוגרמים,1.00,"ק""ג",true,,33.90,33.9000,true,1,46841
7290000194253,false,כנפיים עוף קפוא ארוז,,,כנפיים עוף קפוא ארוז,קילוגרמים,1.00,"ק""ג",true,,13.90,13.9000,true,1,46842
7290000194260,false,מחפוד-שוקיים עוף קפו,,,מחפוד-שוקיים עוף קפו,קילוגרמים,1.00,"ק""ג",true,,35.90,35.9000,true,1,46843
7290000194307,false,מחפוד-כבד עוף קפוא מ,,,מחפוד-כבד עוף קפוא מ,קילוגרמים,1.00,"ק""ג",true,,32.90,32.9000,true,1,46846
7290000194314,false,עוף ירושלים לבבות עו,,,עוף ירושלים לבבות עו,קילוגרמים,1.00,"ק""ג",true,,32.90,32.9000,true,1,46847
7290000194345,false,שניצל עוף ארוז מחפוד,,,שניצל עוף ארוז מחפוד,קילוגרמים,1.00,"ק""ג",true,,34.90,34.9000,true,1,46848
7290000194837,false,ניקול - שקיות מזון + ידיות קשירה אקסטרה לארג' 200 יח',סין,CN,ניקול שקיות מזון עם,יחידה,0.00,יחידה,false,,11.90,0.0000,true,1,8951
7290000195216,false,נייר אפייה בשקית ניקול 50 יח',אופל,,ניקול נייר אפייה בשק,יחידה,0.00,יחידה,false,,10.90,0.0000,true,1,8958
7290000195773,false,האגיס - מגבוני האגיס סנסטיב קר לא מבושם 64 יח' * 4,חוגלה קימברלי,,מגבוני האגיס סנסטיב,יחידה,0.00,יחידה,false,,20.90,0.0000,true,1,8968
7290000196763,false,ניקול שקיות לאשפה השקית החזקה 40 יח',אשפלסט,IL,ניקול השקית החזקה,יחידה,0.00,יחידה,false,,21.90,0.0000,true,1,8974
7290000197029,false,ניקול שקיות ניילון ריצרץ לאחסון 12יח',קילת,,ניקול שקיות ניילון ר,יחידה,0.00,יחידה,false,,13.40,0.0000,true,1,8978
7290000197081,false,ניילון נצמד אריזת חיסכון ניקול 150 מ',אופל,IL,ניילונית נצמד ניקול,מטרים,150.00,מטר,false,,32.90,0.2193,true,1,8979
7290000197326,false,רדיד אלומניום ניקול זוגי 30X7.5מ',אופל,IL,ניקול רדיד אלומיניום,מטרים,15.00,מטר,false,,11.90,0.7933,true,1,8988
7290000197425,false,האגיס פרידום דריי שלב 3 54 יחידות,קימברלי קלארק ישראל,IL,האגיס פרידום דריי של,יחידה,0.00,יחידה,false,,45.90,0.0000,true,1,8992
7290000197432,false,שקיות אוכל סנדביצ'ון ניקול מארז 150X2יח',אשלפסט תעשיות בעמ,IL,ניקול שקיות אוכל זוג,יחידה,0.00,יחידה,false,,13.90,0.0000,true,1,8993
7290000197463,false,האגיס פרידום דריי שלב 4+ 42 יחידות,קימברלי קלארק ישראל,IL,האגיס פרידום דריי של,יחידה,0.00,יחידה,false,,45.90,0.0000,true,1,8995
7290000197470,false,מקפיאון שקיות הקפאה מתכלות ניקול 250יח',אשלפסט תעשיות בעמ,IL,"ניקול שקיות רב""ש 250",יחידה,0.00,יחידה,false,,13.80,0.0000,true,1,8996
7290000197654,false,ניקול אשפתון שקיות אשפה ענקיות 45 יח',אשפלסט,IL,אשפתון שקיות אשפה ענ,יחידה,0.00,יחידה,false,,20.90,0.0000,true,1,9000
7290000197678,false,האגיס פרידום דריי שלב 6 34 יחידות,קימברלי קלארק ישראל,IL,האגיס פרידום דריי ש,יחידה,0.00,יחידה,false,,45.90,0.0000,true,1,9001
7290000197753,false,ניילון נצמד אנטי בטקריאלי ניקול 30X2מ',GTC,,ניקול ניילונית זוג,מטרים,60.00,מטר,false,,11.90,0.1983,true,1,9003
7290000197876,false,ניקול תבנית אלומיניום 4 יח' 2 מכסים,סין,CN,ניקול תבנית אלומיניו,יחידה,0.00,יחידה,false,,9.90,0.0000,true,1,9005
7290000197883,false,ניקול תבניות אלומיניום 4יח',ארץ ייצור: סין,CN,ניקול תבניות אלומיני,יחידה,0.00,יחידה,false,,9.90,0.0000,true,1,9006
7290000197951,false,ניקול תבנית אלומיניום ענק 3 יח',פאלאס,,ניקול תבנית אלומיניו,יחידה,0.00,יחידה,false,,9.90,0.0000,true,1,9007
7290000197982,false,רדיד אלומיניום עבה 45 ניקול 7.5 מ' זוגי,אופל,IL,ניקול רדיד אלומיניום,מטרים,15.00,מטר,false,,23.90,1.5933,true,1,9008
7290000197999,false,רדיד אלומיניום עבה ניקול זוגי 30X7.5מ',אופל,IL,ניקול רדיד אלומיניום,מטרים,15.00,מטר,false,,15.90,1.0600,true,1,9009
7290000199313,false,קוטקס - תחבושות יאנג 30 יח',KC Turkey,IL,תחבושות קוטקס יאנג 2,יחידה,0.00,יחידה,false,,17.90,0.0000,true,1,9011
7290000201849,false,טיטולים פרימיום שלב 4 42 יח' (8-14),,IL,טיטולים פרימיום שלב,יחידה,0.00,יחידה,false,,33.90,0.0000,true,1,9020
7290000201856,false,טיטולים פרימיום שלב 4+ 40 יח' (10-16),,IL,טיטולים פרימיום שלב,יחידה,0.00,יחידה,false,,33.90,0.0000,true,1,9021
7290000201863,false,טיטולים פרימיום שלב 5 34 יח',חוגלה קימברלי,IL,טיטולים פרימיום שלב,יחידה,0.00,יחידה,false,,33.90,0.0000,true,1,9022
7290000201870,false,טיטולים פרימיום שלב 6 30 יח',חוגלה קימברלי,IL,טיטולים פרימיום שלב,יחידה,0.00,יחידה,false,,33.90,0.0000,true,1,9023
7290000204086,false,ניקול כרית קרצוף מארז שלישייה,UFO INC,IL,ניקול כרית קרצוף,יחידה,0.00,יחידה,false,,10.90,0.0000,true,1,9040
7290000204147,false,ניקול כריות יפניות 2 ב 1 רביעייה,פלסטופוליש,IL,כריות יפניות 2 ב 1 ר,יחידה,0.00,יחידה,false,,10.90,0.0000,true,1,9041
7290000204215,false,ניקול כריות יפניות 6 יח',פלסטופוליש,IL,ניקול כריות יפניות 6,יחידה,0.00,יחידה,false,,10.90,0.0000,true,1,9042
7290000204253,false,מטליות ניקול רב שימושיות 9יח',נועם אורים-קיבוץ אור,IL,מטלית רב שימושית תשע,יחידה,0.00,יחידה,false,,9.90,0.0000,true,1,9044
7290000204512,false,מטליות לחות לרצפה בניחוח לימון 10 יח' ניקול,עלבד משואות יצחק בעמ,IL,מטליות לחות לרצפה בר,יחידה,0.00,יחידה,false,,10.90,0.0000,true,1,9046
7290000204611,false,ספוגית הקסם ניקול שישייה,UFO INC,US,ניקול ספוגית הקסם*6,יחידה,0.00,יחידה,false,,10.90,0.0000,true,1,9047
7290000205762,false,חיתולי האגיס אקסטרה קייר מידה 3 48 יח',,,האגיס אקסטרה קייר מי,יחידה,0.00,יחידה,false,,48.90,0.0000,true,1,9048
7290000205915,false,חיתולי האגיס אקסטרה קייר מידה 4 40יח,,,האגיס אקסטרה קייר מי,יחידה,0.00,יחידה,false,,48.90,0.0000,true,1,9049
7290000207063,false,רוטב עגבניות פריכוז 28% 260 ג' יכין,היינץ צפון אמריקה מק,IL,רוטב עגבניות פריכוז,גרמים,240.00,100 גרם,false,,3.90,1.6250,true,1,8616
7290000207162,false,רוטב עגבניות מרכיב טבעי 100 ג' יכין,"זנלכל בע""מ",IL,רוטב עגבניות 100 גרם,גרמים,100.00,100 גרם,false,,2.50,2.5000,true,1,8619
7290000208022,false,עגבניות מרוסקות פריכוז 800 ג' יכין,"זנלכל בע""מ",IL,עגבניות מרוסקות יכין,גרמים,800.00,100 גרם,false,,9.90,1.2375,true,1,8623
7290000208077,false,אפונת גינה רגילה 550 גרם יכין,"זנלכל בע""מ",IL,אפונת גינה גדולה L י,גרמים,335.00,100 גרם,false,,8.90,2.6567,true,1,8625
7290000208114,false,"אפונה וגזר יכין A2 פ""ק בית יוסף","זנלכל בע""מ",IL,אפונת גינה וגזר יכין,גרמים,330.00,100 גרם,false,,8.90,2.6970,true,1,8628
7290000208145,false,גרעיני תירס מתוק לייט 550 גרם יכין,"זנלכל בע""מ",IL,גרעיני תירס לייט יכי,גרמים,335.00,100 גרם,false,,9.90,2.9552,true,1,8631
7290000208213,false,שעועית לבנה אפויה A2 ברוטב עגבניות יכין 560ג',היינץ צפון אמריקה מק,IL,שעועית לבנה ברוטב עג,גרמים,355.00,100 גרם,false,,8.90,2.5070,true,1,8633
7290000208220,false,"שעועית צ'לי יכין פ""ק A2 בית יוסף",היינץ צפון אמריקה מק,IL,שעועית צילי חריף יכי,גרמים,355.00,100 גרם,false,,9.90,2.7887,true,1,8634
7290000208312,false,גרעיני תירס מתוק בואקום יכין 400 גר',"זנלכל בע""מ",IL,גרעיני תירס מתוק יכי,גרמים,400.00,100 גרם,false,,6.90,1.7250,true,1,8638
7290000208329,false,גרעיני תירס מתוק 550 גרם יכין,"זנלכל בע""מ",IL,גרעיני תירס מתוק יכי,גרמים,335.00,100 גרם,false,,8.90,2.6567,true,1,8639
7290000208336,false,רסק יכין 240גר 22% יכין בית יוסף,"זנלכל בע""מ",IL,רוטב עגבניות יכין 24,גרמים,240.00,100 גרם,false,,4.50,1.8750,true,1,8640
7290000208343,false,עגבניות מרוסקות שום יכין A2.5 בית יוסף,היינץ צפון אמריקה מק,IL,עגבניות מרוסקות שום,גרמים,800.00,100 גרם,false,,9.90,1.2375,true,1,8641
7290000208404,false,פול A2 בית יוסף יכין,"זנלכל בע""מ",IL,פול מצרי יכין 550 גר,גרמים,350.00,100 גרם,false,,8.90,2.5429,true,1,8644
7290000208428,false,חומוס יכין שלם 550 גר A/2,"זנלכל בע""מ",IL,חומוס שלם יכין 550 ג,גרמים,290.00,100 גרם,false,,8.90,3.0690,true,1,8645
7290000208480,false,גרעיני תירס מתוק בטעם חמאה 550 גרם יכין,,,גרעיני תירס בטעם חמא,גרמים,335.00,100 גרם,false,,9.90,2.9552,true,1,8648
7290000208534,false,גרעיני תירס מתוק לילדים 550 גרם יכין,"זנלכל בע""מ",IL,גרעיני תירס קיד מתוק,גרמים,335.00,100 גרם,false,,9.90,2.9552,true,1,8650
7290000208800,false,גרעיני תירס מתוק לילדים 400 גרם יכין,,,תירס קיד מתוק יכין 4,גרמים,400.00,100 גרם,false,,6.90,1.7250,true,1,8652
7290000208855,false,רוטב לפסטה קלאסי 240 גרם יכין,"זנלכל בע""מ",IL,רוטב לפסטה קלאסי יכי,גרמים,260.00,100 גרם,false,,5.50,2.1154,true,1,8653
7290000208893,false,גרעיני תירס מתוק לייט 400 גרם יכין,היינץ צפון אמריקה מק,IL,תירס לייט יכין 400 ג,גרמים,400.00,100 גרם,false,,6.90,1.7250,true,1,8654
7290000208930,false,עגבניות מרוסקות בתוספת שום 240 גרם יכין,"זנלכל בע""מ",IL,עגבניות מרוסקות עם ש,גרמים,260.00,100 גרם,false,,5.50,2.1154,true,1,8655
7290000208978,false,פריכוז 100 גרם יכין בית יוסף,היינץ צפון אמריקה מק,IL,רוטב עגבניות פריכוז,גרמים,100.00,100 גרם,false,,2.90,2.9000,true,1,8657
7290000209012,false,חומץ הדרים 5% יכין 1,"זנלכל בע""מ",IL,חומץ הדרים 5% יכין 1,ליטרים,1.00,ליטר,false,,5.90,5.9000,true,1,8659
7290000209043,false,מיץ לימון משומר 1 ל' יכין,היינץ צפון אמריקה מק,IL,מיץ לימון משומר יכין,ליטרים,1.00,ליטר,false,,4.90,4.9000,true,1,8660
7290000209371,false,שלישיית תירס יכין 165 גר OZ 6,היינץ צפון אמריקה מק,IL,תירס שלישיה יכין 3*1,גרמים,495.00,100 גרם,false,,14.90,3.0101,true,1,8669
7290000209388,false,תירס גרגרים לייט וואקום מארז 60X3ג',,,תירס לייט שלישיה יכי,גרמים,420.00,100 גרם,false,,14.90,3.5476,true,1,8670
7290000209722,false,רסק עגבניות פריכוז 28% 600 ג' יכין,"זנלכל בע""מ",IL,רוטב עגבניות מרוכז מ,גרמים,580.00,100 גרם,false,,9.90,1.7069,true,1,8681
7290000209906,false,עגבניות מרוסקות בתוספת בצל 240 גרם יכין,,,עגבניות מרוסקות עם ב,גרמים,260.00,100 גרם,false,,5.50,2.1154,true,1,8682
7290000209913,false,עגבניות חתוכות לקוביות 240 גרם יכין,"זנלכל בע""מ",IL,עגבניות לקוביות יכין,גרמים,260.00,100 גרם,false,,5.50,2.1154,true,1,8683
7290000209944,false,רוטב לעגבניות בסיס לשקשוקה 240 ג' יכין,"זנלכל בע""מ",IL,רוטב לעגבניות לשקשוק,גרמים,260.00,100 גרם,false,,5.50,2.1154,true,1,8684
7290000209968,false,רוטב עגבניות ללזניה יכין 240 גרם,"זנלכל בע""מ",IL,רוטב ללזניה יכין 240,גרמים,260.00,100 גרם,false,,5.50,2.1154,true,1,8686
7290000210896,false,רוטב לפסטה בולונז 240 גרם יכין,"זנלכל בע""מ",IL,רוטב לפסטה בולונז יכ,גרמים,260.00,100 גרם,false,,5.50,2.1154,true,1,8688
7290000211138,false,סיימן גבינת עיזים הו,,,סיימן גבינת עיזים הו,קילוגרמים,1.00,"ק""ג",true,,179.00,179.0000,true,1,16517
7290000211145,false,סיימן גבינת גאודה במ,,,סיימן גבינת גאודה במ,קילוגרמים,1.00,"ק""ג",true,,119.00,119.0000,true,1,16518
7290000211169,false,"אורז תאילנדי אחד אחד סוגת 1 ק""ג",האי נאם סי או אל.טי.,IL,אורז תאילנדי 1 ק'ג,קילוגרמים,1.00,"ק""ג",false,,6.90,6.9000,true,1,17300
7290000211312,false,"אורז מלא ארוך סוגת 1 ק""ג",האי נאם סי או אל.טי.,IL,אורז מלא אחד אחד 1קג,קילוגרמים,1.00,"ק""ג",false,,7.90,7.9000,true,1,17301
7290000211374,false,"קמח מלא סוגת 1 ק""ג",תחנות קמח דגן 2006 ב,IL,"קמח מלא סוגת 1 ק""ג",קילוגרמים,1.00,"ק""ג",false,,6.90,6.9000,true,1,17302
7290000211442,false,"אורז פרסי קלאסי סוגת 1 ק""ג",האי נאם סי או אל.טי.,IL,סוגת אורז פרסי קלאסי,קילוגרמים,1.00,"ק""ג",false,,10.90,10.9000,true,1,17304
7290000211503,false,סוכר לבן ארוז בשקית,"סוגת תעשיות בע""מ",IL,"סוכר סוגת לבן 1 ק""ג",קילוגרמים,1.00,"ק""ג",false,,4.50,4.5000,true,1,17305
7290000211626,false,"אורז חיש 1 ק""ג סוגת",סוגת,IL,"אורז חיש 1 ק""ג",קילוגרמים,1.00,"ק""ג",false,,9.90,9.9000,true,1,17306
7290000211985,false,"אורז ריזוטו עגול סוגת 1 ק""ג","סוגת תעשיות בע""מ",IL,סוגת אורז עגול 1קג,קילוגרמים,1.00,"ק""ג",false,,11.90,11.9000,true,1,17308
7290000212173,false,וופל טעם שוקולד מנעמים 500 ג',,,ופל שוקו מנעמים 500,גרמים,500.00,100 גרם,false,,9.90,1.9800,true,1,36045
7290000212401,false,וופל מצופית מנעמים 400ג',,,ופל מצופית מנעמים 40,גרמים,400.00,100 גרם,false,,9.90,2.4750,true,1,36046
7290000212579,false,וופלים מצופים טעם שוקו 40 יחידות,,,ופל מצופה שוקולד מנע,גרמים,800.00,100 גרם,false,,16.90,2.1125,true,1,36047
7290000212975,false,"ופל שוקו מנעמים 1 ק""",,,"ופל שוקו מנעמים 1 ק""",קילוגרמים,1.00,"ק""ג",false,,16.90,16.9000,true,1,36049
7290000225278,false,סיימן מסוג דנבלו 27%,,,סיימן מסוג דנבלו 27%,קילוגרמים,1.00,"ק""ג",true,,60.00,60.0000,true,1,16522
7290000226552,false,קפולסקי עוגת טורט ריבת חלב+ קוקוס קפוא,,IL,עוגת טורט ריבת חלב ע,קילוגרמים,1.00,"ק""ג",false,,65.90,65.9000,true,1,39922
7290000226569,false,קפולסקי עוגת טורט קצפת שוקולד,קריניציה ויטמינה אס,IL,עוגת טורט קצפת שוקול,קילוגרמים,1.00,"ק""ג",false,,65.90,65.9000,true,1,39923
7290000226576,false,קפולסקי עוגת טורט מצופה שוקולד,קריניציה ויטמינה אס,IL,עוגת טורט מצופה שוקו,קילוגרמים,1.00,"ק""ג",false,,65.90,65.9000,true,1,39924
7290000226613,false,עוגות דובוש מצופה שוקולד 400 גר',קריניציה ויטמינה אס,IL,עוגת דובוש מצופה בטע,גרמים,450.00,100 גרם,false,,40.90,9.0889,true,1,39926
7290000238029,false,"בצק עלים צרפתי מרודד מעדנות 1ק""ג",מיוצר עי קונדיטוריית,IL,"בצק עלים 1ק""ג",קילוגרמים,1.00,"ק""ג",false,,17.90,17.9000,true,1,35608
7290000238036,false,מלווח עגול מעדנות 700 ג',מיוצר עי קונדיטוריית,IL,מעדנות מלווח 700גר,גרמים,700.00,100 גרם,false,,15.90,2.2714,true,1,35609
7290000238173,false,מעדנות בורקס גבינה 800גר,מיוצר עי קונדיטוריית,IL,בורקס גבינה מעדנות 8,גרמים,800.00,100 גרם,false,,19.90,2.4875,true,1,35610
7290000238180,false,בורקס תפוחי אדמה מעדנות 800ג',מיוצר עי קונדיטוריית,IL,"בורקס תפו""א 800גר",גרמים,800.00,100 גרם,false,,14.90,1.8625,true,1,35611
7290000243566,false,"שמן קנולה בריאות 750 מ""ל",סקנולה,EE,שמן קנולה בריאות עץ,מיליליטרים,750.00,"100 מ""ל",false,,11.90,1.5867,true,1,29343
7290000244143,false,"הוואי - קרם לאחר גילוח 120 מ""ל",תאי פרזידנט פוד פאבל,IL,קרם לאחר גילוח הוואי,גרמים,120.00,100 גרם,false,,17.90,14.9167,true,1,8091
7290000245157,false,מרכך כביסה סנסיישין לבן 4 ל' סוד,"הנקל סוד בע""מ",IL,מרכך כביסה סוד סנסיי,ליטרים,4.00,ליטר,false,,16.90,4.2250,true,1,34875
7290000245270,false,"פרסיל אבקת כביסה סופרא 1.250 ק""ג","הנקל סוד בע""מ",IL,אבקת כביסה פרסיל סופ,קילוגרמים,1.25,"ק""ג",false,,15.90,12.7200,true,1,34877
7290000245294,false,"א.כ. פרסיל סופרא שקית 2.5 ק""ג","הנקל סוד בע""מ",IL,אבקת כביסה פרסיל 2.5,קילוגרמים,2.50,"ק""ג",false,,26.90,10.7600,true,1,34879
7290000245799,false,סוד כחול מרענן 4 ל מרכך כביסה,"הנקל סוד בע""מ",IL,מרכך כביסה סוד כחול,ליטרים,4.00,ליטר,false,,16.90,4.2250,true,1,34890
7290000251128,false,בריזה צאן המושבה,,,בריזה צאן המושבה,קילוגרמים,1.00,"ק""ג",true,,90.00,90.0000,true,1,14811
7290000253220,false,שוקולד צ'יפס חום אופנהיימר 260 גר',אופנהיימר,IL,שוקולד צ'יפס אופנהיי,גרמים,260.00,100 גרם,false,,10.90,4.1923,true,1,24583
7290000253251,false,שוקולד צ'יפס לבן אופנהיימר 250 גרם,אופנהיימר,IL,שוקולד צ'יפס לבן אופ,גרמים,250.00,100 גרם,false,,10.90,4.3600,true,1,24584
7290000253374,false,מיני שוקולד צ'יפס 250 גר' 66% מוצקי קקאו,אופנהיימר,IL,מיני שוקולד צ'יפס או,גרמים,250.00,100 גרם,false,,14.90,5.9600,true,1,578051
7290000254197,false,קפה לאספרסו זהב עלית 200 ג',פרח,IL,עלית אספרסטו זהב 200,גרמים,200.00,100 גרם,false,,22.90,11.4500,true,1,22192
7290000262031,false,נייר טואלט מולט לב 32 גלילים,חוגלה קימברלי,IL,נייר טואלט מולט לב 3,מטרים,563.00,מטר,false,,30.90,0.0549,true,1,9050
7290000262413,false,חיתולי האגיס אקסטרה קייר מידה 5 34יח,,,האגיס אקסטרה קייר מי,יחידה,0.00,יחידה,false,,48.90,0.0000,true,1,9056
7290000263359,false,האגיס - פיור נטורל שלב 1 ניו בורן 40 יח',קימברלי קלארק שיווק,IL,האגיס אקסטרא קייר של,יחידה,0.00,יחידה,false,,29.90,0.0000,true,1,9066
7290000272443,false,סירופ עסיס דיאט תפוזים צ.טבעי 1 ל',בית-השיטה עסיס תעשיו,IL,סירופ דיאט תפוז עסיס,יחידה,0.00,יחידה,false,,16.90,0.0000,true,1,18636
7290000272467,false,סירופ עסיס דיאט פטל 1 ליטר,בית-השיטה עסיס תעשיו,IL,סירופ דיאט פטל עסיס,ליטרים,1.00,ליטר,false,,16.90,16.9000,true,1,18637
7290000272696,false,עסיס מיץ לימון טבעי משומר 1 ל' אסם,בית-השיטה עסיס תעשיו,IL,מיץ לימון משומר עסיס,ליטרים,1.00,ליטר,false,,9.50,9.5000,true,1,18638
7290000272726,false,חומץ טבעי 5% עסיס 1 ל' אסם,,,חומץ טבעי 5% עסיס 1,ליטרים,1.00,ליטר,false,,5.90,5.9000,true,1,18639
7290000286228,false,כרית קרצוף לכלים סנו סושי 6יח',סנו מפעלי ברונו בעמ,IL,סנו סושי שישיות כריו,יחידה,0.00,יחידה,false,,11.90,0.0000,true,1,29679
7290000286297,false,"סנו אנטי קאלק מסיר אבן מקומקום 700 מ""ל",סנו מפעלי ברונוס בעמ,IL,סנו מסיר אבן מקומקום,מיליליטרים,700.00,"100 מ""ל",false,,10.90,1.5571,true,1,29680
7290000286299,false,פילה דג סלמון אטלנטי,,,פילה דג סלמון אטלנטי,קילוגרמים,1.00,"ק""ג",true,,79.90,79.9000,true,1,566674
7290000286525,false,כיף ספוג לרחצה פרינה,קוסמופארם,,ספוג פרינה כיף,יחידה,0.00,יחידה,false,,9.90,0.0000,true,1,29687
7290000286549,false,סנו סושי מטליות לניקוי כללי 9 יח',טרופיקל דגיל תעשיות,IL,סנו סושי מטליות לכל,יחידה,0.00,יחידה,false,,11.90,0.0000,true,1,29688
7290000286761,false,ניילון נצמד סנו סושי פלסטיק מארז 30X2 מ',מיוצר עי קונדיטוריית,CN,סנו סושי פלסטיק נצמד,מטרים,60.00,מטר,false,,11.90,0.1983,true,1,29692
7290000286921,false,"סנוקל רסס וכבס 750 מ""ל",סנו מפעלי ברונוס בעמ,IL,סנוקל רסס כבס,מיליליטרים,750.00,"100 מ""ל",false,,12.90,1.7200,true,1,29697
7290000286945,false,"סנו רהיט אקדח מרסס 500מ""ל","סנו מפעלי ברונוס בע""",IL,"סנו רהיט נוזל 500 מ""",מיליליטרים,500.00,"100 מ""ל",false,,24.90,4.9800,true,1,29698
7290000286947,false,פילה דג סלמון נורווג,,,פילה דג סלמון נורווג,קילוגרמים,1.00,"ק""ג",true,,84.90,84.9000,true,1,563469
7290000287102,false,"סנו שמפו שטיחים אירוסול 600 מ""ל",מיוצר עי קונדיטוריית,IL,סנו שמפו שטיחים אירו,מיליליטרים,600.00,"100 מ""ל",false,,21.90,3.6500,true,1,29700
7290000287355,false,נוזל רצפות סנו סופר פוליש 1 ל,סנו,IL,סנו סופר פוליש 1ליטר,ליטרים,1.00,ליטר,false,,22.90,22.9000,true,1,29702
7290000287430,false,סנובון צבעוני לאסלה בריח לימון שלישייה,סנו מפעלי ברונו בעמ,IL,סנובון שלישיה צבעוני,גרמים,165.00,100 גרם,false,,11.90,7.2121,true,1,29705
7290000287492,false,"סנו - סנובון נוזלי לימון 750 מ""ל","איי, בי, אינבוו",IL,סנובון נוזלי בניחוח,מיליליטרים,750.00,"100 מ""ל",false,,9.90,1.3200,true,1,29707
7290000287621,false,"מנקה אסלות סנו אנטי קאלק 750 מ""ל,",מיוצר עי קונדיטוריית,IL,סנו אנטי קאלק W.C מנ,מיליליטרים,750.00,"100 מ""ל",false,,11.90,1.5867,true,1,29710
7290000288017,false,ז'אוול אקונומיקה 1ל'-לימון,"סנו מפעלי ברונוס בע""",IL,סנו זאוול 1ליטר לימו,ליטרים,1.00,ליטר,false,,7.90,7.9000,true,1,29714
7290000288024,false,סנו - ז'אוול אקונומיקה בריח לימון 4 ליטר,"סנו מפעלי ברונוס בע""",IL,סנו ז'אוול בריח לימו,ליטרים,4.00,ליטר,false,,16.90,4.2250,true,1,29715
7290000288031,false,סנו אקונומיקה 4 ליטר תו תקן,"סנו מפעלי ברונוס בע""",IL,סנו אקנומיקה 4 ל,ליטרים,4.00,ליטר,false,,10.90,2.7250,true,1,29716
7290000288048,false,סנו זאוול מרסס מונבלאן 1 ליטר,,,סנו ג'אוול מרסס אילנ,ליטרים,1.00,ליטר,false,,17.90,17.9000,true,1,29717
7290000288079,false,סנו - ז'אוול אקונומיקה לימון 2 ליטר,"סנו מפעלי ברונוס בע""",IL,סנו זאוול בריח לימון,ליטרים,2.00,ליטר,false,,11.90,5.9500,true,1,29718
7290000288086,false,"סנו ז'אוול אבקת ואקונומיקה לימון 600 מ""ל",מיוצר עי קונדיטוריית,IL,אבקת ניקוי ג'אוול לי,גרמים,600.00,100 גרם,false,,11.90,1.9833,true,1,29719
7290000288642,false,סנו - מקסימה מרכך כביסה סנסטיב ורוד 4 ליטר,"סנו מפעלי ברונוס בע""",IL,מרכך כביסה סנו מקסימ,ליטרים,4.00,ליטר,false,,22.90,5.7250,true,1,29730
7290000288727,false,"אבקת כביסה מקסימה מאסק 1.25 ק""ג סנו",סנו,,סנו מקסימה מאסק 1.25,קילוגרמים,1.25,"ק""ג",false,,14.90,11.9200,true,1,29733
7290000288840,false,סנו - מים מזוקקים 2 ליטר,סנו,IL,מים מזוקקים 2 ליטר,ליטרים,2.00,ליטר,false,,12.90,6.4500,true,1,29734
7290000289069,false,סנו - ז'אוול מרסס קצף ניקוי בתוספת אקונומיקה בריח לימון 1 ליטר,"סנו מפעלי ברונוס בע""",IL,סנו ג'אוול מרסס לימו,ליטרים,1.00,ליטר,false,,17.90,17.9000,true,1,29737
7290000289472,false,סנו סושי שקיות 76*90 50 יח' XXL,מיוצר עי קונדיטוריית,IL,סנו סושי שקיות HD 76,יחידה,0.00,יחידה,false,,20.90,0.0000,true,1,29740
7290000289496,false,"סנו - ז'אוול ג'ל קרם לניקוי כללי לימון 750 מ""ל",הורביץ סחר,IL,סנו ג'אוול ג'ל קרם ל,מיליליטרים,750.00,"100 מ""ל",false,,11.90,1.5867,true,1,29741
7290000289595,false,"אורביטול משחת שיניים לילדים בטעם תות שדה 145 מ""ל",טרופיקל דגיל תעשיות,IL,משחה לילדים טעם תות,מיליליטרים,145.00,"100 מ""ל",false,,7.90,5.4483,true,1,29743
7290000289601,false,סנו ז'אוול בריח לבנדר 2 ל',"סנו מפעלי ברונוס בע""",IL,אקונומיקה LEVAJ לבנד,ליטרים,2.00,ליטר,false,,11.90,5.9500,true,1,29744
7290000289748,false,"סנו פורטה פלוס מסיר שומנים לתנור 750מ""ל","סנו מפעלי ברונוס בע""",IL,סנו פורטה פלוס לתנור,מיליליטרים,750.00,"100 מ""ל",false,,14.90,1.9867,true,1,29746
7290000289885,false,"סנו פרש ענק אושן כחול 375 מ""ל",,,סנו פרש ענק אושן כחו,מיליליטרים,375.00,"100 מ""ל",false,,10.90,2.9067,true,1,29747
7290000291857,false,סנו פוליויקס גן עדן 2 ליטר+קרמיקה,סנו,,סנו פוליווקס לוטוס 2,ליטרים,2.00,ליטר,false,,20.90,10.4500,true,1,29750
7290000291932,false,"סנובון לניקוי לבנדר 750מ""ל","איי, בי, אינבוו",IL,סנובון נוזלי בניחוח,מיליליטרים,750.00,"100 מ""ל",false,,9.90,1.3200,true,1,29751
7290000291963,false,סנו ז'אוול סמיכה לימון 1 ל',סנו,IL,סנו ז'אוול סמיכה לימ,יחידה,0.00,יחידה,false,,7.90,0.0000,true,1,29753
7290000292311,false,סנו פוליווקס לרצפות סחלבים 2ל',"סנו מפעלי ברונוס בע""",IL,סנו פוליווקס סחלבים,ליטרים,2.00,ליטר,false,,20.90,10.4500,true,1,29756
7290000292502,false,"k-800 קוטל נמלים 300מ""ל","סנו מפעלי ברונוס בע""",IL,K 800קוטל נמלים 300,מיליליטרים,300.00,"100 מ""ל",false,,19.90,6.6333,true,1,29758
7290000292533,false,ג'ל סנו כחול לניקוי כללי 1 ליטר,,IL,סנו ג'ל לניקוי כללי,ליטרים,1.00,ליטר,false,,16.90,16.9000,true,1,29759
7290000292687,false,סנובון לאסלה כחול אפרסק נתלה 55X3ג',מיוצר עי קונדיטוריית,IL,סנובון כחול שלישיה,גרמים,165.00,100 גרם,false,,16.90,10.2424,true,1,29763
7290000293073,false,מרכך כביסה מקסימה ביו לבן 4 ל' סנו,"סנו מפעלי ברונוס בע""",IL,מרכך כביסה סנו מקסימ,ליטרים,4.00,ליטר,false,,22.90,5.7250,true,1,29767
7290000293561,false,"סנו מסיר עובש 750 מ""ל","סנו מפעלי ברונוס בע""",IL,סנו מסיר עובש 750מל,מיליליטרים,750.00,"100 מ""ל",false,,14.90,1.9867,true,1,29771
7290000293943,false,סנו אנטי קאלק מסיר אבנית וחלודה 1ל',מיוצר עי קונדיטוריית,IL,סנו אנטי קאלק+מתז 1,ליטרים,1.00,ליטר,false,,19.90,19.9000,true,1,29775
7290000294575,false,סנו סושי רב מגבת 63 דפים בגליל,,,סנו רב מגבת,מטרים,13.80,מטר,false,,11.90,0.8623,true,1,29779
7290000294773,false,סנו ז'אוול בריח לבנדר 4 ל',"סנו מפעלי ברונוס בע""",IL,סנו ז'אוול בריח אילנ,ליטרים,4.00,ליטר,false,,16.90,4.2250,true,1,29780
7290000294780,false,סנו - ז'אוול אקונומיקה סמיכה מבושמת 4 ליטר,"סנו מפעלי ברונוס בע""",IL,סנו ז'אוול סמיכה 4 ל,ליטרים,4.00,ליטר,false,,16.90,4.2250,true,1,29781
7290000295121,false,מטליות זיגזג סנו סושי לניקוי רצפות 3יח',עופרטקס,,מטלית זיגזג 3יח,יחידה,0.00,יחידה,false,,11.90,0.0000,true,1,29782
7290000295367,false,סנו מקסימה אפקט ג'אוול 2.5 קג,הורביץ סחר,IL,אבקת כביסה סנו מקסימ,קילוגרמים,2.50,"ק""ג",false,,26.90,10.7600,true,1,29787
7290000295404,false,סנו סושי שקית אשפה חזקות 70*50 60 יח',מיוצר עי קונדיטוריית,IL,שקיות אשפה נשלפות סנ,יחידה,0.00,יחידה,false,,22.90,0.0000,true,1,29788
7290000295503,false,סנו סושי שקיות אוכל מתכלות זוג *150 יח',הורביץ סחר,CN,סנו סושי צמד שקיות א,יחידה,0.00,יחידה,false,,14.90,0.0000,true,1,29789
7290000295558,false,רדיד אלומיניום סנו סושי זוגי 30X7.5מ',מולינו ניקולי s.p.a,CN,צמד רדיד אלומיניום ק,מטרים,15.00,מטר,false,,11.90,0.7933,true,1,29791
7290000295565,false,רדיד אלומיניום סנו סושי זוגי 45X7.5מ',,,רדיד אלומיניום רחב ב,מטרים,15.00,מטר,false,,16.90,1.1267,true,1,29792
7290000295572,false,"סנו מנקה אסלות 00 זוג * 750 מ""ל",מיוצר עי קונדיטוריית,IL,מנקה אסלות 00 צמד,ליטרים,1.50,ליטר,false,,17.90,11.9333,true,1,29793
7290000295794,false,כרית מתכת סנו סושי אל חלד 3יח',,,ספוגיות אל חלד זוג,יחידה,0.00,יחידה,false,,12.90,0.0000,true,1,29796
7290000295824,false,רדיד אלומיניום סנו סושי 100X0.30מטר,מולינו ניקולי s.p.a,TR,סנו סושי רדיד אלומינ,מטרים,100.00,מטר,false,,56.90,0.5690,true,1,29797
7290000300884,false,סיימן גבינת צ'דר אנג,,,סיימן גבינת צ'דר אנג,קילוגרמים,1.00,"ק""ג",true,,130.00,130.0000,true,1,16546
7290000302027,false,סיגריות טיים רד פקט,דובק,,טיים רד (פקט),יחידה,0.00,יחידה,false,,275.00,0.0000,false,1,4513
7290000312750,false,בייגלה טבעות שומשום 200ג',,,ביגלה שומשום 200 גרם,גרמים,200.00,100 גרם,false,,5.90,2.9500,true,1,58080
7290000313160,false,עוגיות חברים זהבה ו-3 הדובים שוקו' אסם 250 גר',היינץ צפון אמריקה מק,IL,חברים זהבה ושלושת הד,גרמים,250.00,100 גרם,false,,8.50,3.4000,true,1,18640
7290000313184,false,עוגיות חברים גן חיות וניל אסם 250 גר',הגביע מוצרי וופלים ב,IL,חברים ביסקויט גן חיו,גרמים,250.00,100 גרם,false,,8.50,3.4000,true,1,18641
7290000313290,false,אסם נודלס נודלס אטריות מסולסלות 200ג',תאי פרזידנט פוד בנגק,TH,נודלס אטריות מסולסלו,יחידה,200.00,יחידה,false,,8.90,0.0445,true,1,18643
7290000318127,false,נקניקיות ביס 380 ג' יחיעם,פ.פ.ח. שאביט,IL,נקניקיות ביס 380 גרם,גרמים,380.00,100 גרם,false,,10.90,2.8684,true,1,15516
7290000318479,false,פרושטו בקר יחיעם 100גר,תאי פרזידנט פוד פאבל,IL,פרושטו בקר יחיעם 100,גרמים,100.00,100 גרם,false,,26.90,26.9000,true,1,15523
7290000318677,false,סלמי סרוולט 150 ג' יחיעם,פ.פ.ח. שאביט,IL,סלמי סרוולט 150גר יח,גרמים,150.00,100 גרם,false,,22.90,15.2667,true,1,15525
7290000319124,false,סלמי סרוולד יחיעם 25,פ.פ.ח. שאביט,IL,סלמי סרוולט 250 גרם,גרמים,250.00,100 גרם,false,,34.90,13.9600,true,1,15535
7290000319131,false,נקניקיות עוף 400 ג' יחיעם,פ.פ.ח. שאביט,IL,נקניקיות עוף יחיעם 4,גרמים,400.00,100 גרם,false,,10.90,2.7250,true,1,15536
7290000319803,false,קבנוס קלאסי 125 ג' יחיעם,תאי פרזידנט פוד פאבל,IL,קבנוס קלאסי 125גר,גרמים,125.00,100 גרם,false,,10.90,8.7200,true,1,15551
7290000321750,false,"פילה אמנון 5-7 בד""צ",,,"פילה אמנון 5-7 בד""צ",קילוגרמים,1.00,"ק""ג",true,,29.90,29.9000,true,1,55379
7290000334387,false,"תפוגן 2 ק""ג כשל""פ בד",,,"תפוגן 2 ק""ג כשל""פ בד",קילוגרמים,2.00,"ק""ג",false,,29.90,14.9500,true,1,19715
7290000334684,false,טבעות בצל 700 גרם תפוגן,"תעשיות תפוגן בע""מ",IL,טבעות בצל 700 גרם,גרמים,700.00,100 גרם,false,,17.90,2.5571,true,1,19716
7290000334745,false,"אמריקאן צ'יפס תפוגן 1.5 ק""ג","תעשיות תפוגן בע""מ",IL,"אמריקאן ציפס 1.5 ק""ג",קילוגרמים,1.50,"ק""ג",false,,24.90,16.6000,true,1,19717
7290000339191,false,אבקת הלבנה רן 350 גר,זהר דליה,IL,אבקת הלבנה רן 350 גר,גרמים,350.00,100 גרם,false,,17.90,5.1143,true,1,10295
7290000339849,false,משחת כלים סמדר לימון,,IL,משחת כלים סמדר לימון,קילוגרמים,3.50,"ק""ג",false,,27.90,7.9714,true,1,10297
7290000341071,false,בדין - מרכך כביסה בייבי לבן 2 ליטר,יוניליוור ישראל טיפו,IL,בייבי בדין לבן 2 ליט,ליטרים,2.00,ליטר,false,,15.90,7.9500,true,1,10301
7290000342832,false,מרכך כביסה צהוב 4 ל' בדין,,IL,בדין מרכך כביסה צהוב,ליטרים,4.00,ליטר,false,,19.90,4.9750,true,1,10302
7290000345215,false,תה ויסוצקי קלאסיק 100/1 כחול מעודן,מולינו ניקולי s.p.a,IL,תה ויסוצקי קלאסיק 10,גרמים,100.00,100 גרם,false,,15.90,15.9000,true,1,24590
7290000345260,false,תה ויסוצקי 25 שקיקים 1.5 גרם,מולינו ניקולי s.p.a,IL,תה ויסוצקי קלאסיק 25,גרמים,37.50,100 גרם,false,,6.90,18.4000,true,1,24591
7290000345277,false,תה ויסוצקי קלאסיק 75 יחידות,מולינו ניקולי s.p.a,IL,תה ויסוצקי קלאסיק 1.,גרמים,75.00,100 גרם,false,,10.90,14.5333,true,1,24592
7290000345284,false,תה ויסוצקי קלאסיק טעם עשיר 100/1.5יח',מולינו ניקולי s.p.a,IL,תה ויסוצקי 1.5 קלאסי,גרמים,150.00,100 גרם,false,,15.90,10.6000,true,1,24593
7290000345291,false,תה ארל גריי 25 שקיקים ויסוצקי,ויסוצקי,IL,תה ארל גריי 1.5/25,גרמים,37.50,100 גרם,false,,15.90,42.4000,true,1,24594
7290000345307,false,תה ארל גריי 50 שקיקים ויסוצקי,מולינו ניקולי s.p.a,IL,תה ארל גריי 1.5/50,גרמים,75.00,100 גרם,false,,28.90,38.5333,true,1,24595
7290000346120,false,חליטת קסם הקינמון 25 שקיקים גן קסום,HIQ FOOD PRODUCTS,IL,תה קסם הקנמון 25 שקי,גרמים,62.50,100 גרם,false,,17.90,28.6400,true,1,24602
7290000346137,false,חליטת הילולי פירות 25 שקיקים גן קסום,HIQ FOOD PRODUCTS,IL,תה הילולי פירות 25 ש,גרמים,62.50,100 גרם,false,,17.90,28.6400,true,1,24603
7290000346168,false,תה ויסוצקי חליטת שומר הגן הקסום 25יח',HIQ FOOD PRODUCTS,IL,תה חליטת שומר גן קסו,גרמים,37.50,100 גרם,false,,17.90,47.7333,true,1,24606
7290000346199,false,חליטת פירות היער 25 שקיקים גן קסום,HIQ FOOD PRODUCTS,IL,תה פירות יער 25 שקיק,גרמים,67.50,100 גרם,false,,17.90,26.5185,true,1,24607
7290000346205,false,חליטת קמומיל 25 שקיקים הגן קסום,HIQ FOOD PRODUCTS,IL,תה קמומיל 25 שקיקים,גרמים,37.50,100 גרם,false,,17.90,47.7333,true,1,24608
7290000346960,false,תה ויסוצקי נענע 1.7 גרם 50יח',בית ויסוצקי,IL,תה נענע 50 שקיקים 1.,גרמים,75.00,100 גרם,false,,28.90,38.5333,true,1,24613
7290000347738,false,תה ירוק נענע 25 שקיקים 1.5 גרם,HIQ FOOD PRODUCTS,IL,תה ירוק נענע 25 שקיק,גרמים,37.50,100 גרם,false,,23.90,63.7333,true,1,24614
7290000347752,false,תה ירוק לימונית ולואיזה 25 שקיקים *1.5 ג'' ויסוצקי,HIQ FOOD PRODUCTS,IL,תה ירוק לימונית ולוא,גרמים,37.50,100 גרם,false,,23.90,63.7333,true,1,24615
7290000358753,false,לשון בקר ארוז חלק קפ,,,לשון בקר ארוז חלק קפ,קילוגרמים,1.00,"ק""ג",true,,39.90,39.9000,true,1,96443
7290000363899,false,נקניקיות פיקנטיות טירת צבי 400 גר',,IL,נקניקיות פיקנטיות 40,גרמים,400.00,100 גרם,false,,11.90,2.9750,true,1,25321
7290000364230,false,פסטרמה כפרית טירת צבי 100ג',הנסיך- מפעל לייצור ט,IL,פסטרמה כפרית 100 גרם,גרמים,100.00,100 גרם,false,,6.90,6.9000,true,1,25323
7290000364261,false,דקניקים סלסולי כתף בקר 120 ג' טירת צבי,הנסיך- מפעל לייצור ט,IL,סלסולי כתף בקר 120 ג,גרמים,120.00,100 גרם,false,,12.80,10.6667,true,1,25324
7290000364285,false,דקניקים סלסולי פסטרמה הודו 120 ג' טירת צבי,הנסיך- מפעל לייצור ט,IL,טירת צבי סלסולי פסטר,גרמים,120.00,100 גרם,false,,12.80,10.6667,true,1,25326
7290000364292,false,דקניקים סלסולי פסטרמה הודו על גחלים 120 ג' טירת צבי,הנסיך- מפעל לייצור ט,IL,סלסולי פסטרמה גחלים,גרמים,120.00,100 גרם,false,,12.80,10.6667,true,1,25327
7290000364810,false,נקניקיות עגל 500 גרםטירת צבי,הנסיך- מפעל לייצור ט,IL,נקנקיות עגל 500 גרם,גרמים,500.00,100 גרם,false,,26.90,5.3800,true,1,25331
7290000364858,false,"נקניקיות עוף טרי 1 ק""ג טירת צבי",הנסיך- מפעל לייצור ט,IL,נקניקיות עוף טרי 1 ק,קילוגרמים,1.00,"ק""ג",false,,22.90,22.9000,true,1,25332
7290000364872,false,נקניקיות עוף 400 גרםטירת צבי,טיב טירת צבי 2000,IL,נקניקיות עוף 400 גרם,גרמים,400.00,100 גרם,false,,11.90,2.9750,true,1,25333
7290000364957,false,נקניקיות מיני מיני עוף 700 גרםטירת צבי,הנסיך- מפעל לייצור ט,IL,נקנקיות מיני - מיני,גרמים,700.00,100 גרם,false,,20.90,2.9857,true,1,25334
7290000367590,false,צמד כפרי סלמי+פסטרמה 800 גרם טירת צבי,טיב טירת צבי 2000,IL,צמד כפרי נק.סלמי+פסט,גרמים,800.00,100 גרם,false,,25.40,3.1750,true,1,25336
7290000370161,false,גבינת צ'דר בשלה שקיל,,,גבינת צ'דר בשלה שקיל,קילוגרמים,1.00,"ק""ג",true,,95.00,95.0000,true,1,2779
7290000370239,false,גבינה חצי קשה פיקנטי,,,גבינה חצי קשה פיקנטי,קילוגרמים,1.00,"ק""ג",true,,80.00,80.0000,true,1,2784
7290000370420,false,גבינת גאודה מהולנד 3,,,גבינת גאודה מהולנד 3,קילוגרמים,1.00,"ק""ג",true,,65.00,65.0000,true,1,2791
7290000370475,false,מב גבינה כחולה עם עו,,,גבינה כחולה עם עובש,קילוגרמים,1.00,"ק""ג",true,,59.00,59.0000,true,1,65989
7290000370734,false,צמות גבינה במי מלח ב,,,צמות גבינה במי מלח ב,קילוגרמים,1.00,"ק""ג",true,,80.00,80.0000,true,1,367730
7290000382210,false,שקיות גופיה ינות בית,,,שקיות גופיה ינות בית,יחידה,0.00,יחידה,false,,0.10,0.0000,true,1,48
7290000408316,false,יוגורט דנונה דל לקטוז 200 גרם,מיוצר עי קונדיטוריית,IL,דנונה טבעי 3% 200מל,מיליליטרים,200.00,"100 מ""ל",false,,3.70,1.8500,true,1,23238
7290000408354,false,יוגורט עם אורז מצופה שוקולד קקאו 175 ג' דנונה,"שטראוס בריאות בע""מ",IL,דנונה קראנצ' פצפוצים,מיליליטרים,175.00,"100 מ""ל",false,,4.60,2.6286,true,1,23239
7290000412481,false,סנו - מנקה אסלות 00 1 ליטר,מיוצר עי קונדיטוריית,IL,מנקה אסלות 1 ליטר 00,ליטרים,1.00,ליטר,false,,7.90,7.9000,true,1,29800
7290000416021,false,ממרח שוקולד השחר חלבי 500 גר',השחר העולה,IL,ממרח שוקולד השחר 500,גרמים,500.00,100 גרם,false,,13.90,2.7800,true,1,28854
7290000416045,false,ממרח שוקולד השחר דלי,השחר העולה,IL,ממרח שוקולד השחר 1 ק,קילוגרמים,1.00,"ק""ג",false,,24.90,24.9000,true,1,28856
7290000416618,false,"ממרח שוקולד השחר פרווה בד""צ 400 גר'",השחר העולה בעמ,IL,ממרח שוקולד פרווה הש,גרמים,400.00,100 גרם,false,,11.90,2.9750,true,1,28864
7290000416632,false,"ממרח שוקולד השחר פרווה 1ק""ג",,,ממרח שוקולד פרווה הש,קילוגרמים,1.00,"ק""ג",false,,23.90,23.9000,true,1,28865
7290000416854,false,אבקת קקאו השחר העולה 150ג',אף.סי תבליני בגליל ב,IL,קקאו 150 גר',גרמים,150.00,100 גרם,false,,9.90,6.6000,true,1,28868
7290000416878,false,קקאו השחר 500 ג',,,קקאו 500 גר',גרמים,500.00,100 גרם,false,,20.90,4.1800,true,1,28869
7290000418155,false,תחבושות סופר פלוס טופ-פד 16 יח',,,.תחבושות טופ-פד סופר,יחידה,0.00,יחידה,false,,5.90,0.0000,true,1,29454
7290000419107,false,לנדוור כחול המקורי טחון טורקי 24*100ג,קפה לנדוור בע''מ,IL,לנדוור מקורי קפה טחו,גרמים,100.00,100 גרם,false,,8.50,8.5000,true,1,18644
7290000419220,false,מארז קפה לנדוור לבוקר 3 יח 100 גרם,,,לנדוור כחול המקורי ק,גרמים,300.00,100 גרם,false,,17.90,5.9667,true,1,18646
7290000419374,false,מארז קפה טחון המקורי 3 יח 100 גרם,,,לנדוור לבוקר קפה טחו,גרמים,300.00,100 גרם,false,,17.90,5.9667,true,1,18647
7290000419923,false,לנדוור קפה אספרסו טחון בואקום 200 גר,,,לנדוור קפה אספרסו טח,גרמים,200.00,100 גרם,false,,19.90,9.9500,true,1,18650
7290000420325,false,פופ קורן טבעי למיקרוגל 5 יח',Preston farms,US,פופסטאר פופקורן טבעי,גרמים,500.00,100 גרם,false,,12.90,2.5800,true,1,5730
7290000420332,false,פופ קורן חמאה למיקרוגל 5יח',Preston farms,US,פופסטאר פופקורן חמאה,גרמים,500.00,100 גרם,false,,12.90,2.5800,true,1,5731
7290000420417,false,גלילונית שקיות אשפה 50*70 - 60 יח',"איטיליאן פוד, אס.פי.",TH,גלילונית שקיות אשפה,יחידה,0.00,יחידה,false,,17.90,0.0000,true,1,5732
7290000448026,false,נפוליאון גבינת שמנת,,,נפוליאון גבינת שמנת,קילוגרמים,1.00,"ק""ג",true,,39.00,39.0000,true,1,258111
7290000448033,false,נפוליאון גבינת שמנת,,,נפוליאון גבינת שמנת,קילוגרמים,1.00,"ק""ג",true,,39.00,39.0000,true,1,258178
7290000448040,false,נפוליאון גבינת שמנת,,,נפוליאון גבינת שמנת,קילוגרמים,1.00,"ק""ג",true,,39.00,39.0000,true,1,258164
7290000449128,false,סיף פנטסטיק לימון ניקוי רב תכליתי 4ל',יוניליוור ישראל טיפו,IL,סיף ניקוי כללי 4 ליט,ליטרים,4.00,ליטר,false,,19.90,4.9750,true,1,10305
7290000453019,false,שמרים טריים לאפייה שקית שמרית 50 ג',"פאקא תעשיות בע""מ",IL,שמרית שמרים טריים לא,גרמים,50.00,100 גרם,false,,4.50,9.0000,true,1,23240
7290000453125,false,שמרים ומשפר אפיה ביתי שמרית 100ג',,,שמרית שמרים טריים לא,גרמים,100.00,100 גרם,false,,7.70,7.7000,true,1,23241
7290000453385,false,שמרים יבשים פארא אינסטנט 500 גרם עלית,,,פאקא שמרים יבשים 500,גרמים,500.00,100 גרם,false,,13.90,2.7800,true,1,22194
7290000453408,false,בצק פיצה דק מצונן ומוכן לאפיה 415 גר,"פאקא תעשיות בע""מ",GR,שמרית בצק פיצה דק מצ,גרמים,415.00,100 גרם,false,,17.50,4.2169,true,1,23242
7290000453415,false,בצק עלים מצונן ומוכן לאפייה שמרית,"פאקא תעשיות בע""מ",FR,שמרית בצק עלים מצונן,גרמים,300.00,100 גרם,false,,15.90,5.3000,true,1,23243
7290000453422,false,בצק פילו מצונן ומוכן לאפייה שמרית,"פאקא תעשיות בע""מ",GR,שמרית בצק פילו מוכן,גרמים,300.00,100 גרם,false,,15.90,5.3000,true,1,23244
7290000453798,false,שמרית שמרים יבשים אקטיביים 500 גר',"גי' בי' רכיבים בע""מ",,שמרים יבשים אקטיביים,גרמים,500.00,100 גרם,false,,12.90,2.5800,true,1,22195
7290000453866,false,נטורינה קוקוס לאפייה שמרית 200ג',גרונבאנג- גרונדנסק א,DK,נטורינה קוקוס שטראוס,גרמים,200.00,100 גרם,false,,7.70,3.8500,true,1,23245
7290000453880,false,מרגרינה ללא מלח לאפיה ובישול שמרית 200גר,"פאקא תעשיות בע""מ",,מרגרינה ללא מלח לאפי,גרמים,200.00,100 גרם,false,,4.90,2.4500,true,1,23247
7290000453897,false,מרגרינה בטעם חמאה שימרית 200 ג',גרונבאנג- גרונדנסק א,DK,מרגרינה בטעם חמאה 20,גרמים,200.00,100 גרם,false,,4.90,2.4500,true,1,23248
7290000461625,false,בייגלה שמיניות מלח בייגל בייגל 400 ג',בייגל את בייגל מזון,IL,ביגלה 8 8 400גר,גרמים,400.00,100 גרם,false,,9.90,2.4750,true,1,10306
7290000462103,false,סחוג אדום חריף עדין זהבי 150 ג',קריניסה ויטמין אס אי,IL,סחוג אדום חריף עדין,גרמים,150.00,100 גרם,false,,7.90,5.2667,true,1,23249
7290000462141,false,סחוג אדום חריף 150 ג' זהבי,קריניסה ויטמין אס אי,IL,סחוג אדום חריף מאוד,גרמים,150.00,100 גרם,false,,7.90,5.2667,true,1,23250
7290000462172,false,סחוג ירוק חריף מאוד זהבי 150 ג',קריניסה ויטמין אס אי,IL,סחוג ירוק חריף מאוד,גרמים,150.00,100 גרם,false,,7.90,5.2667,true,1,23252
7290000467153,false,חומוס צבר סמיר הגדול 400ג',סלטי צבר,IL,צבר חומוס סמיר הגדול,גרמים,400.00,100 גרם,false,,13.90,3.4750,true,1,19728
7290000469128,false,סטייק אנטריקוט חלק א,,,סטייק אנטריקוט חלק א,קילוגרמים,1.00,"ק""ג",true,,74.90,74.9000,true,1,412180
7290000472821,false,גבינה צהובה 28% הר,,,גבינה צהובה 28% הר,קילוגרמים,1.00,"ק""ג",true,,31.00,31.0000,true,1,489183
7290000474090,false,חלב הומוגני 1% קרטון טרה 1ל',מילקו תעשיות בעמ,IL,טרה חלב בקרטון 1% 1ל,ליטרים,1.00,ליטר,false,,5.86,5.8600,true,1,6345
7290000474502,false,גבינה לבנה 5% 250ג' טרה מהדרין,טרה,IL,טרה גבינה לבנה 5% 25,גרמים,250.00,100 גרם,false,,4.98,1.9920,true,1,6354
7290000474540,false,גבינה טוב טעם 3% טרה 250ג' מהדרין,טרה,IL,טוב טעם גבינה 3% 250,גרמים,250.00,100 גרם,false,,10.90,4.3600,true,1,6355
7290000474830,false,גבינה צהובה מגורדת 28% שומן 500 ג' נעם,מילקו תעשיות בעמ,IL,נעם גבינה צהובה מגור,גרמים,500.00,100 גרם,false,,29.90,5.9800,true,1,6356
7290000480107,false,קוואקר שיבולת שועל פחית 500 גר,וולקרס סנקס לימיטד,,"קוואקר מהיר אטוס לל""",גרמים,500.00,100 גרם,false,,12.90,2.5800,true,1,24152
7290000480332,false,גאודה בקר משולש גד 3,,,גאודה בקר משולש גד 3,קילוגרמים,1.00,"ק""ג",true,,114.00,114.0000,true,1,349318
7290000480442,false,קוואקר שבולת שועל שקית 500 גרם,שטראוס גרופ,IL,שיבולת שועל בשקית קו,גרמים,500.00,100 גרם,false,,11.90,2.3800,true,1,24153
7290000481029,false,פיתות 10 יחידות בטעם,יוניליוור גרמניה Gm,IL,פיתות 10 יחידות בטעם,קילוגרמים,1.00,"ק""ג",false,,10.90,10.9000,true,1,57449
7290000481043,true,עשיריית פיתות כוסמין,,,עשיריית פיתות כוסמין,גרמים,700.00,100 גרם,false,,14.90,2.1286,true,1,141081
7290000481180,false,לחם מחמצת שאור דגנית,,,לחם מחמצת שאור דגנית,גרמים,550.00,100 גרם,false,,17.90,3.2545,true,1,596980
7290000481197,false,לחם מחמצת גרעינים וש,,,לחם מחמצת גרעינים וש,גרמים,550.00,100 גרם,false,,17.90,3.2545,true,1,596981
7290000481203,false,לחם מחמצת מקמח מלא ד,,,לחם מחמצת מקמח מלא ד,גרמים,550.00,100 גרם,false,,17.90,3.2545,true,1,596982
7290000481531,false,דגנית עין בר לחמניות אצבע מחיטה מלאה בשקית 750 ג',יוניליוור גרמניה Gm,IL,לחמניות 10 יחידות חי,גרמים,750.00,100 גרם,false,,13.90,1.8533,true,1,4462
7290000481883,false,דגנית עין בר מארז לחמניות 10 יח'*75 ג',יוניליוור גרמניה Gm,IL,10 לחמניות דגנית,גרמים,750.00,100 גרם,false,,13.90,1.8533,true,1,4466
7290000483139,false,מרציפן גולמי המרשלג 100 גרם,"המרשלג פרלינס בע""מ",IL,המרשלג חטיף מרציפן ג,גרמים,100.00,100 גרם,false,,8.90,8.9000,true,1,13797
7290000484747,false,עלית הארק 40% בקבוק,יקבי הגליל יוסף,,"עלית הארק 40% 700 מ""",מיליליטרים,700.00,"100 מ""ל",false,,59.90,8.5571,true,1,28889
7290000490601,false,מאגדת גלידל וניל 8 יח דיאט,פלדמן,IL,גלידל מאגדת בטעם וני,גרמים,400.00,100 גרם,false,,31.90,7.9750,true,1,36059
7290000490625,false,שלגונים ציפוי שוקו מאגדת שמינייה 560 ג',,IL,מאגדת שלגונים ציפוי,גרמים,560.00,100 גרם,false,,23.90,4.2679,true,1,74027
7290000490762,false,מאגדת גלידל שוקו 8 יח דיאט,פלדמן,IL,גלידל מאגדת בטעם שוק,גרמים,400.00,100 גרם,false,,31.90,7.9750,true,1,36061
7290000493183,false,אבקת רוטב פטריות לבשר-30 גרם,"אסם השקעות בע""מ",IL,אסם אבקת רוטב פטריות,גרמים,30.00,100 גרם,false,,3.90,13.0000,true,1,18681
7290000496346,false,נתחי פילה סלמון קפוא,,,נתחי פילה סלמון קפוא,קילוגרמים,1.00,"ק""ג",true,,86.90,86.9000,true,1,574408
7290000496766,false,פילה סלמון שארית ישר,,,פילה סלמון שארית ישר,קילוגרמים,1.00,"ק""ג",true,,64.90,64.9000,true,1,531438
7290000504025,false,סוכרזית פטריה 300 טבליות,אף.סי תבליני בגליל ב,IL,סוכרזית פטריה 300 טב,גרמים,246.00,100 גרם,false,,8.50,3.4553,true,1,22202
7290000504278,false,סוכרזית - קלאסי פטנט 700 טבליות,אף.סי תבליני בגליל ב,IL,סוכרזית פטנט 700 טבל,גרמים,574.00,100 גרם,false,,13.90,2.4216,true,1,22206
7290000511904,false,בייבי אדם הולנד וילי,,,בייבי אדם הולנד וילי,קילוגרמים,1.00,"ק""ג",true,,65.00,65.0000,true,1,2803
7290000518220,false,סוכרה דיאט ממתיק 100 שקיות,פתח תקווה,IL,סוכרה דיאט 100 יח,גרמים,80.00,100 גרם,false,,24.90,31.1250,true,1,15788
7290000521008,false,"יין אדום יבש סגל 750 מ""ל",כרמי צבי - אחים סגל,IL,אדום יבש סגל.,מיליליטרים,750.00,"100 מ""ל",false,,21.90,2.9200,true,1,9380
7290000521411,false,יין מרום גליל סינגל מרלו 750 מל,כרמי צבי אחים סגל בע,IL,מרום גליל סינגל מרלו,מיליליטרים,750.00,"100 מ""ל",false,,38.90,5.1867,true,1,9391
7290000522104,false,חלב הרים עמיד 3% 1 ל,,,חלב הרים עמיד 3% 1 ל,ליטרים,1.00,ליטר,false,,6.90,6.9000,true,1,22207
7290000522232,false,חזה עוף ארוז קפוא רו,,,חזה עוף ארוז קפוא רו,קילוגרמים,1.00,"ק""ג",true,,46.90,46.9000,true,1,46905
7290000522272,false,"שמנת לקפה 10% שומן 500 מ""ל",,,חלב הרים שמנת לקפה 1,מיליליטרים,500.00,"100 מ""ל",false,,8.90,1.7800,true,1,6364
7290000523125,false,מלח הארץ הים האדום 250 ג' עדין,חברת מלח הארץ אילת ב,IL,מלח ים יבש הארץ 250,גרמים,250.00,100 גרם,false,,5.90,2.3600,true,1,24617
7290000523224,false,מלח הארץ הים האדום 500 ג' עדין,חברת מלח הארץ אילת ב,IL,מלח ים יבש הארץ 500,גרמים,500.00,100 גרם,false,,7.90,1.5800,true,1,15457
7290000523521,false,מלח ים מועשר ביוד 250 ג' מלח הארץ,חברת מלח הארץ אילת ב,IL,מלח מעושר ביוד הארץ,גרמים,250.00,100 גרם,false,,5.90,2.3600,true,1,24618
7290000523804,false,"מלח עדין צנצנת 1 ק""ג מלח הארץ",חברת מלח הארץ אילת ב,IL,מלח עדין בצנצנת הארץ,קילוגרמים,1.00,"ק""ג",false,,7.50,7.5000,true,1,24619
7290000525969,false,פרימור סחוט תפוזים טבעי 1ל',גניר,IL,פרימור מיץ תפוזים 1ל,ליטרים,1.00,ליטר,false,,15.90,15.9000,true,1,23256
7290000530086,false,נקניק סלמי מעושן 600 ג' זוגלובק,,,סלמי מעושן 7000 א.מ.,גרמים,600.00,100 גרם,false,,33.00,5.5000,true,1,38915
7290000530116,false,נקניק סלמי מעושן בשן 470 ג' זוגלובק,,,סלמי מעושן בשן זוגלו,גרמים,470.00,100 גרם,false,,22.90,4.8723,true,1,38917
7290000530468,false,נקניקיות וינר טרי 1ק,,,נקניקיות וינר טרי 1ק,קילוגרמים,1.00,"ק""ג",false,,24.90,24.9000,true,1,38921
7290000530598,false,נקניקיות וינר 500 ג' טרי זוגלובק,זוגלובק,IL,נקניקיות וינר טרי זו,גרמים,500.00,100 גרם,false,,11.90,2.3800,true,1,38924
7290000530703,false,נקניק כפרית 400 + כפרית 400 גרם זוגי זוגלובק,זוגלובק,IL,זוג תה 400 + חרמון 4,גרמים,800.00,100 גרם,false,,27.90,3.4875,true,1,38926
7290000533353,false,"בצק עלים צרפתי 1 ק""ג זוגלובק",מאפיית אריאל וגידרון,IL,זוגלובק בצק עלים 1קג,קילוגרמים,1.00,"ק""ג",false,,13.90,13.9000,true,1,38931
7290000536316,false,"שניצל מן הצומח זוגלובק 1 ק""ג",,IL,"שניצל מן הצומח 1 ק""ג",קילוגרמים,1.00,"ק""ג",false,,23.90,23.9000,true,1,38935
7290000536774,false,"נקניקיות מן הצומח זוגלובק 1ק""ג בד""צ",,,"נקניקיה 1 ק""ג בד""ץ.",קילוגרמים,1.00,"ק""ג",false,,23.90,23.9000,true,1,38938
7290000537566,false,נקניקיות עוף טרי 400 ג' זוגלובק,זוגלובק,IL,נקניקיות עוף טרי 400,גרמים,400.00,100 גרם,false,,11.50,2.8750,true,1,38943
7290000537603,false,"נקנקיות עוף 1 ק""ג -ז",זוגלובק,IL,"נקנקיות עוף 1 ק""ג -ז",קילוגרמים,1.00,"ק""ג",false,,24.90,24.9000,true,1,38944
7290000538709,false,סלמי תה מעושן 200 ג' זוגלובק,זוגלובק,IL,תה מעושן 200 גרם,גרמים,200.00,100 גרם,false,,14.90,7.4500,true,1,38949
7290000552118,false,נקניקיות מרגז טיבון ויל 400 ג',טיבון ויל אחזקות בעמ,IL,נקנקיות מרגז 400 גרם,גרמים,400.00,100 גרם,false,,20.90,5.2250,true,1,16791
7290000552194,false,קישקע קפוא 500 גרם,טיבון ויל אחזקות בעמ,IL,קישקע קפוא 500 גרם,גרמים,500.00,100 גרם,false,,12.90,2.5800,true,1,16793
7290000552934,false,טחון הודו 500 גרם,קרלו,IL,טחון הודו 500 גרם,גרמים,500.00,100 גרם,false,,12.90,2.5800,true,1,16797
7290000552989,false,בשר טחון מובחר 500 גרם,"טיבון ויל אחזקות בע""",IL,בשר עגל טחון קפוא 50,גרמים,500.00,100 גרם,false,,21.90,4.3800,true,1,16798
7290000554457,false,גבינה צפתית מיני 5% גד 350ג',"מחלבות גד בע""מ",IL,גד צפתית מיני 5% 350,גרמים,350.00,100 גרם,false,,21.90,6.2571,true,1,14622
7290000554471,false,גבינת מוצרלה 22% נקניק 180ג' גד,"מחלבות גד בע""מ",IL,גד מוצרלה נקניק טבעי,גרמים,180.00,100 גרם,false,,17.50,9.7222,true,1,14623
7290000554532,false,גבינה צפתית מעודנת במלח ים 5% 200 ג' גד,הנסיך- מפעל לייצור ט,IL,גד צפתית מעודנת במלח,גרמים,200.00,100 גרם,false,,15.80,7.9000,true,1,14624
7290000554600,false,גבינת מוצרלה מגורדת 22% 300ג' גד,מחלבות גד בעמ,IL,גד מוצרלה מגורדת %18,גרמים,300.00,100 גרם,false,,26.60,8.8667,true,1,14625
7290000554686,false,לאבנה בשמן זית וזעתר 5% שומן 250 ג' גד,מחלבות גד בעמ,IL,גד לאבנה בשמן זית וז,גרמים,250.00,100 גרם,false,,15.50,6.2000,true,1,14627
7290000554822,false,גבינת ריקוטה טבעי 5% שומן 250 ג' גד,מחלבות גד בעמ,IL,גד ריקוטה טבעי 5% 25,גרמים,250.00,100 גרם,false,,14.90,5.9600,true,1,14629
7290000554839,false,שמנת מתוקה קשה בסגנון איטלקי 40% שומן 250 ג' גד,מחלבות גד בעמ,IL,גד מסקרפונה 40% 250ג,גרמים,250.00,100 גרם,false,,22.90,9.1600,true,1,14630
7290000560295,false,אוסובוקו בקר פרוס אר,,,אוסובוקו בקר פרוס אר,קילוגרמים,1.00,"ק""ג",true,,59.90,59.9000,true,1,559885
7290000560540,false,אדג' ג'ל כתום לעור רגיש 198גרם,המאפיה של הרמן,US,ג'ל גילוח כתום לעור,מיליליטרים,200.00,"100 מ""ל",false,,15.90,7.9500,true,1,5741
7290000571119,false,גאודה טבעי המחלבה,תנובה מרכז שיתופי לש,,גאודה טבעי המחלבה,קילוגרמים,1.00,"ק""ג",true,,112.00,112.0000,true,1,25653
7290000571188,false,גבינת גאודה תום עיזים במשקל,תנובה מרכז שיתופי לש,,גאודה תום עזים המחלב,קילוגרמים,1.00,"ק""ג",true,,145.00,145.0000,true,1,25655
7290000571386,false,יוגורמה יוגורט כבשים 850 גר,גבינות משק אחים מאיר,IL,יוגורמה דלי 5% 850 ג,גרמים,850.00,100 גרם,false,,28.80,3.3882,true,1,25839
7290000572208,false,חלבה חטיף וניל אחווה 100ג',שוורצקוף& הנקל דיסלד,IL,חלוה וניל אחוה 100 ג,גרמים,100.00,100 גרם,false,,3.50,3.5000,true,1,677
7290000572529,false,חלבה פיסטוק מגש אחווה 400ג',,IL,חלוה אגוז אחוה 400 ג,גרמים,400.00,100 גרם,false,,13.90,3.4750,true,1,680
7290000572536,false,אחווה חלווה ווניל במגש 400 גר,אף.סי תבליני בגליל ב,IL,חלוה וניל אחוה 400 ג,גרמים,400.00,100 גרם,false,,11.90,2.9750,true,1,681
7290000572543,false,חלבה שוקו וניל אחווה 400ג',אף.סי תבליני בגליל ב,IL,חלוה בטעם שוקו וניל,גרמים,400.00,100 גרם,false,,11.90,2.9750,true,1,682
7290000572628,false,חטיפי חלווה ללא סוכר בקופסא 250 גרם,שוורצקוף& הנקל דיסלד,IL,חטיפי חלוה ללא תוספת,גרמים,275.00,100 גרם,false,,12.90,4.6909,true,1,684
7290000572673,false,חלבה קופסת שי אחווה 12יח 300 ג',שוורצקוף& הנקל דיסלד,IL,חטיפי חלוה 50% שומשו,גרמים,300.00,100 גרם,false,,12.90,4.3000,true,1,686
7290000574028,false,לחם שחור מועשר פרוס,יוניליוור גרמניה Gm,IL,לחם אחיד פרוס מועשר,גרמים,750.00,100 גרם,false,,8.90,1.1867,true,1,4471
7290000574035,false,לחם אחיד פרוס 750ג' דגנית עין בר,יוניליוור גרמניה Gm,IL,לחם אחיד פרוס דגנית,גרמים,750.00,100 גרם,false,,7.11,0.9480,true,1,4472
7290000574141,false,לחם חיטה מלא 750ג' דגנית עין בר,דגנית עין בר תעשיות,IL,לחם חיטה מלאה דגנית,גרמים,750.00,100 גרם,false,,14.90,1.9867,true,1,4478
7290000574172,false,לחם קל מחיטה מלאה 750 ג' דגנית עין בר,יוניליוור גרמניה Gm,IL,לחם קל חיטה מלאה דגנ,גרמים,750.00,100 גרם,false,,13.90,1.8533,true,1,4480
7290000574370,false,לחם שיפון אמיתי קל 750 ג' דגנית עין בר,יוניליוור גרמניה Gm,IL,לחם שיפון אמיתי קל ד,גרמים,750.00,100 גרם,false,,13.90,1.8533,true,1,4488
7290000574455,false,לחם חיטה מלא פלוס כוסמין 750 ג' דגנית עין בר,דגנית עין בר,IL,לחם חיטה מלא+כוסמין,גרמים,750.00,100 גרם,false,,14.90,1.9867,true,1,4492
7290000578303,false,ברי כמהין,,,ברי כמהין,קילוגרמים,1.00,"ק""ג",true,,279.00,279.0000,true,1,390148
7290000599441,false,סחבות מגולגלות שייני,,,סחבות מגולגלות שייני,יחידה,0.00,יחידה,false,,10.90,0.0000,true,1,13409
7290000599472,false,שייני כריות יפניות 6 יח',,,שישיית כריות יפניות,יחידה,0.00,יחידה,false,,7.90,0.0000,true,1,13448
7290000599946,false,6 ספוגי הפלא SHINY,,,6 ספוגי הפלא SHINY,יחידה,0.00,יחידה,false,,5.90,0.0000,true,1,13467
7290000611183,false,פילה סלמון נורבגי קפ,,,פילה סלמון נורבגי קפ,קילוגרמים,1.00,"ק""ג",true,,79.90,79.9000,true,1,168974
7290000611299,false,פילה נסיכת הנילוס 50,,,פילה נסיכת הנילוס 50,קילוגרמים,1.00,"ק""ג",true,,69.90,69.9000,true,1,533030
7290000614498,false,צלעות בקר (2) חלק א,,,צלעות בקר (2) חלק א,קילוגרמים,1.00,"ק""ג",true,,49.90,49.9000,true,1,574176
7290000614528,false,צלי כתף מס' 5 חלק אר,,,צלי כתף מס' 5 חלק אר,קילוגרמים,1.00,"ק""ג",true,,69.90,69.9000,true,1,293131
7290000644783,false,נתחי פילה סלמון בואק,X MAK,IL,דגי תנובה נתחי פילה,קילוגרמים,1.00,"ק""ג",true,,89.90,89.9000,true,1,26480
7290000646299,false,פילה נסיכת הנילוס קפוא,,ZA,פילה נסיכה 100% דגי,קילוגרמים,1.00,"ק""ג",true,,54.90,54.9000,true,1,175049
7290000652177,false,נתחי פילה נסיכת הנילוס קפוא,,,נתחי פילה נסיכה 100%,קילוגרמים,1.00,"ק""ג",true,,69.90,69.9000,true,1,94485
7290000652542,false,פילה אמנון קפוא 5-7,,CN,פילה אמנון 5-7 100%,קילוגרמים,1.00,"ק""ג",true,,34.90,34.9000,true,1,94457
7290000654546,false,פילה אמנון קפוא 100% דג,תנובה,IL,פילה אמנון 7-9 100%,קילוגרמים,1.00,"ק""ג",true,,34.90,34.9000,true,1,94459
7290000654935,false,שיפודי פרגית קפוא אר,תנובה,,שיפודי פרגית קפוא אר,קילוגרמים,1.00,"ק""ג",true,,69.90,69.9000,true,1,26561
7290000655376,false,פילה דניס קפוא 100%,,TR,פילה דניס קפוא,קילוגרמים,1.00,"ק""ג",true,,89.90,89.9000,true,1,26486
7290000659312,false,פילה סלמון פרימיום דגי תנובה,PEQUERA DEL,IL,דגי תנובה פילה סלמון,קילוגרמים,1.00,"ק""ג",true,,69.90,69.9000,true,1,26490
7290000662213,false,נתח פילה סלמון קפוא,,,נתח פילה סלמון קפוא,קילוגרמים,1.00,"ק""ג",true,,89.90,89.9000,true,1,26492
7290000662817,false,תנובה סלמון מעושן 100 גרם,,צ'ילה (TDE),סלמון מעושן פרוס 100,גרמים,100.00,100 גרם,false,,18.90,18.9000,true,1,140708
7290000663036,false,פילה אמנון קפוא ללא עור 100% דג תנובה,תנובה,IL,פילה אמנון ללא עור 1,קילוגרמים,1.00,"ק""ג",true,,44.90,44.9000,true,1,175050
7290000663135,false,קוביות סלמון 100% דג קפוא 300 גרם,תנובה,IL,קוביות סלמון 300 גרם,גרמים,300.00,100 גרם,false,,29.90,9.9667,true,1,204487
7290000679509,false,גרונות הודו מחפוד טר,,,גרונות הודו מחפוד טר,קילוגרמים,1.00,"ק""ג",true,,29.90,29.9000,true,1,49898
7290000679523,false,נתחי חזה הודו מחפוד,,,נתחי חזה הודו מחפוד,קילוגרמים,1.00,"ק""ג",true,,25.90,25.9000,true,1,49900
7290000680123,false,כנפיים עוף טרי ארוז,,,כנפיים עוף טרי ארוז,קילוגרמים,1.00,"ק""ג",true,,10.90,10.9000,true,1,49901
7290000680130,false,שוקיים עוף טרי ארוז,,,שוקיים עוף טרי ארוז,קילוגרמים,1.00,"ק""ג",true,,28.90,28.9000,true,1,49902
7290000680154,false,שניצל עוף טרי ארוז,,,שניצל עוף טרי ארוז,קילוגרמים,1.00,"ק""ג",true,,34.90,34.9000,true,1,49904
7290000680185,false,פילה עוף טרי ארוז,,,פילה עוף טרי ארוז,קילוגרמים,1.00,"ק""ג",true,,34.90,34.9000,true,1,49907
7290000680451,false,כבד עוף טרי ארוז.,,,כבד עוף טרי ארוז.,קילוגרמים,1.00,"ק""ג",true,,19.90,19.9000,true,1,49910
7290000680468,false,קורקבן עוף טרי ארוז,,,קורקבן עוף טרי ארוז,קילוגרמים,1.00,"ק""ג",true,,9.90,9.9000,true,1,49911
7290000680475,false,לבבות עוף טרי ארוז,,,לבבות עוף טרי ארוז,קילוגרמים,1.00,"ק""ג",true,,27.90,27.9000,true,1,49912
7290000680529,false,שניצל עוף טרי ארוז,,,שניצל עוף טרי ארוז,קילוגרמים,1.00,"ק""ג",true,,36.90,36.9000,true,1,49915
7290000681298,false,חזה עוף טרי מחפוד אר,,,חזה עוף טרי מחפוד אר,קילוגרמים,1.00,"ק""ג",true,,32.90,32.9000,true,1,49918
7290000681304,false,כרעיים עוף טרי מחפוד,,,כרעיים עוף טרי מחפוד,קילוגרמים,1.00,"ק""ג",true,,32.90,32.9000,true,1,49919
7290000681311,false,ירכיים עוף טרי מחפוד,,,ירכיים עוף טרי מחפוד,קילוגרמים,1.00,"ק""ג",true,,32.90,32.9000,true,1,49920
7290000681328,false,מחפוד שוקיים עוף טרי,,,מחפוד שוקיים עוף טרי,קילוגרמים,1.00,"ק""ג",true,,36.90,36.9000,true,1,49921
7290000681359,false,כבד עוף טרי ארוז מחפ,,,כבד עוף טרי ארוז מחפ,קילוגרמים,1.00,"ק""ג",true,,32.90,32.9000,true,1,49924
7290000681366,false,כנפיים עוף מחפוד ב-ק,,,כנפיים עוף מחפוד ב-ק,קילוגרמים,1.00,"ק""ג",true,,14.90,14.9000,true,1,49925
7290000681373,false,גרון עוף טרי מחפוד א,,,גרון עוף טרי מחפוד א,קילוגרמים,1.00,"ק""ג",true,,9.90,9.9000,true,1,49926
7290000681380,false,שניצל עוף טרי מחפוד,,,שניצל עוף טרי מחפוד,קילוגרמים,1.00,"ק""ג",true,,34.90,34.9000,true,1,49927
7290000688084,false,מי עדן בקבוק ספורט 5,מופק ממקור בזלתי עדן,IL,מי עדן 1/2 ליטר ספור,מיליליטרים,500.00,"100 מ""ל",false,,2.90,0.5800,true,1,11459
7290000688176,false,"מי עדן בייבי 330 מ""ל",מופק ממקור בזלתי עדן,IL,"מי עדן בייבי 330 מ""ל",מיליליטרים,250.00,"100 מ""ל",false,,2.90,1.1600,true,1,11461
7290000688374,false,"שישיית מי עדן קטקטים 250 מ""ל","מי עדן בע""מ",IL,"מי עדן בייבי 330 מ""ל",ליטרים,1.98,ליטר,false,,14.90,7.5253,true,1,11462
7290000688381,false,שישיית מי עדן פקק ספורט 0.5 ליטר,"מי עדן בע""מ",IL,מי עדן פקק ספורט 6*5,ליטרים,3.00,ליטר,false,,13.90,4.6333,true,1,11463
7290000688466,false,מי עדן GYM בקבוק ספו,מופק ממקור בזלתי עדן,IL,מי עדן ג'ים 750מל,מיליליטרים,750.00,"100 מ""ל",false,,2.90,0.3867,true,1,11465
7290000688503,false,"שישיית מי עדן ג'ים 750 מ""ל","מי עדן בע""מ",,מי עדן ג'ים 6*750מל,ליטרים,4.50,ליטר,false,,15.90,3.5333,true,1,11466
7290000692210,false,אג'קס ניקוי כללי לוונדר 2ל',הנסיך- מפעל לייצור ט,GR,אג'קס ניקוי כללי ורצ,ליטרים,2.00,ליטר,false,,22.90,11.4500,true,1,21412
7290000692227,false,נוזל כלים פלמוליב צילינדר קלאסי 1 ליטר,יבואן ומשווק: ש. שסט,GR,פלמוליב לכלים קלאסי-,יחידה,0.00,יחידה,false,,13.90,0.0000,true,1,21413
7290000740212,false,נקניקיות ג'מבו שקיל,,,נקניקיות ג'מבו שקיל,קילוגרמים,1.00,"ק""ג",true,,19.90,19.9000,true,1,38910
7290000796441,false,חזה בקר מס' 3 חלק אר,,,חזה בקר מס' 3 חלק אר,קילוגרמים,1.00,"ק""ג",true,,31.90,31.9000,true,1,293174
7290000803067,false,"אלמקס משחת שיניים לילדים 75 מ""ל",הנסיך- מפעל לייצור ט,PL,משחת שיניים לילדים א,מיליליטרים,75.00,"100 מ""ל",false,,15.90,21.2000,true,1,21420
7290000803180,false,מרידול מי פהשטיפה דנטלית 400 מל,קולגייט פלמוליב,,מי פה דנטלית מרידול,מיליליטרים,400.00,"100 מ""ל",false,,30.90,7.7250,true,1,21421
7290000835466,false,שריר הזרוע מס' 8 חלק,,,שריר הזרוע מס' 8 חלק,קילוגרמים,1.00,"ק""ג",true,,29.90,29.9000,true,1,371358
7290000910291,false,פלפל צ`ילי,,,פלפל צ`ילי,גרמים,100.00,100 גרם,false,,7.90,7.9000,true,1,46574
7290000913551,false,פסטרמה כפרית טירת צבי 400 ג',,,פסטרמה כפרית 400 גרם,גרמים,400.00,100 גרם,false,,19.90,4.9750,true,1,25337
7290000982355,false,סיימן צ`דר טריפל למע,,,סיימן צ`דר טריפל למע,קילוגרמים,1.00,"ק""ג",true,,130.00,130.0000,true,1,16638
7290000982393,false,סיימן ברס בלו במשקל,,,סיימן ברס בלו במשקל,קילוגרמים,1.00,"ק""ג",true,,199.00,199.0000,true,1,16640
7290001041123,false,שקד מולבן פרוס 100 גר' מיה,מיה,IL,מיה שקד מולבן פרוס 1,גרמים,100.00,100 גרם,false,,10.90,10.9000,true,1,14846
7290001041147,false,חומוס גדול יבש מיה 1 ק'ג,מיה,IL,חומוס 1 ק'ג,קילוגרמים,1.00,"ק""ג",false,,11.90,11.9000,true,1,14848
7290001041161,false,"שעועית לבנה יבשה מיה 1 ק""ג",מיה,IL,שעועית 1 ק'ג,קילוגרמים,1.00,"ק""ג",false,,14.90,14.9000,true,1,14850
7290001041185,false,"פופקורן גרעינים מיה 1 ק""ג",מיה,IL,פופקורן 1 ק'ג,קילוגרמים,1.00,"ק""ג",false,,9.90,9.9000,true,1,14852
7290001041192,false,"עדשים אדומים יבשים מיה 1 ק""ג",מיה,IL,עדשים אדומות 1 ק'ג,קילוגרמים,1.00,"ק""ג",false,,10.90,10.9000,true,1,14853
7290001041208,false,"עדשים ירוקים יבשים מיה 1 ק""ג",מיה,IL,עדשים ירוקות 1 ק'ג,קילוגרמים,1.00,"ק""ג",false,,12.90,12.9000,true,1,14854
7290001041215,false,"חיטה מיה 1 ק""ג",מיה,IL,חיטה 1 ק'ג,קילוגרמים,1.00,"ק""ג",false,,6.90,6.9000,true,1,14855
7290001041222,false,"חומוס לבן ענק יבש מיה 1 ק""ג",מיה,IL,חומוס לבן ענק 1 ק'ג,קילוגרמים,1.00,"ק""ג",false,,17.90,17.9000,true,1,14856
7290001041260,false,שומשום מיה 400 גרם,מיה,IL,שומשום מיה 400 גרם,גרמים,400.00,100 גרם,false,,11.90,2.9750,true,1,14857
7290001041277,false,פירורי לחם רגיל מיה 400ג ',,,פרורי לחם 400 גרם,גרמים,400.00,100 גרם,false,,5.90,1.4750,true,1,14858
7290001041291,false,לקקן סוכריה על מקל 70יח',,,לקקנים סוכריות על מק,גרמים,70.00,100 גרם,false,,16.90,24.1429,true,1,14860
7290001041840,false,"שקדים טחונים 250ג' מיה בד""ץ כשל""פ",,,שקדים טחונים 250 גרם,גרמים,250.00,100 גרם,false,,18.90,7.5600,true,1,14874
7290001041994,false,"סוכר חום דמררה מיה 1 ק""ג",מיה,IL,סוכר זהב דמררה צנצנת,קילוגרמים,1.00,"ק""ג",false,,9.90,9.9000,true,1,14883
7290001045169,false,פרימור סחוט תפוחי עץ צלול 1 ל',גניר,IL,פרימור מיץ תפוחים צל,ליטרים,1.00,ליטר,false,,15.90,15.9000,true,1,23257
7290001045688,false,"תפוזים סחוט 400 מ""ל פרימור",גניר,IL,פרימור מיץ תפוזים 40,מיליליטרים,400.00,"100 מ""ל",false,,7.90,1.9750,true,1,23262
7290001121054,false,יחיעם צמד חמד 700 גר,תאי פרזידנט פוד פאבל,IL,יחיעם צמד חמד 700 גר,גרמים,700.00,100 גרם,false,,24.90,3.5571,true,1,15554
7290001121672,false,פסטרמה מעודנת בפפריקה 300 ג' יחיעם,יחיעם,IL,פסטרמה הודו בפפריקה,גרמים,300.00,100 גרם,false,,19.90,6.6333,true,1,15557
7290001123775,false,שווארמה פרגיות 500 ג',"טיבול ויל אחזקות בע""",IL,שווארמה פרגיות 500 ג,גרמים,500.00,100 גרם,false,,19.90,3.9800,true,1,16803
7290001123782,false,שווארמה הודו 500 גרם,טיבון ויל,IL,שווארמה הודו 500 גרם,גרמים,500.00,100 גרם,false,,19.90,3.9800,true,1,16804
7290001124611,false,שומן כבש קפוא 200ג',,,שומן כבש 200 גרם,גרמים,200.00,100 גרם,false,,19.90,9.9500,true,1,16806
7290001136287,false,"נקה 7 שמפו לשיער רגיל 750 מ""ל","קוסמופארם בעמ, ח.פ 5",IL,שמפו רגיל ירוק נקה 7,מיליליטרים,750.00,"100 מ""ל",false,,11.90,1.5867,true,1,29802
7290001136294,false,"שמפו נקה 7 לשיער יבש אדום 750מ""ל",גוד פוד פרודקטס S.p,IL,שמפו יבש אדום נקה 7,מיליליטרים,750.00,"100 מ""ל",false,,11.90,1.5867,true,1,29803
7290001136362,false,נקה 7 תחליב רחצה אלוורה ארומה ירוק 1 ל',מיוצר בסין.יבוא ושיו,IL,תחליב רחצה אלוורה ות,יחידה,0.00,יחידה,false,,13.90,0.0000,true,1,29805
7290001136683,false,"מרכך לשיער רגיל ירוק 750 מ""ל נקה 7",אמיליה קוסמטיקס בעמ,IL,מרכך רגיל ירוק נקה 7,מיליליטרים,750.00,"100 מ""ל",false,,11.90,1.5867,true,1,29807
7290001136799,false,נקה 7 תחליב רחצה ארומה ורוד יסמין 1 ל',מיוצר בסין.יבוא ושיו,IL,תחליב רחצה ורד ויסמי,יחידה,0.00,יחידה,false,,13.90,0.0000,true,1,29808
7290001136973,false,נקה 7 תחליב רחצה ארומה קמומיל לבן 1 ל',טרופיקל דגיל תעשיות,IL,תחליב רחצה קמומיל נק,יחידה,0.00,יחידה,false,,13.90,0.0000,true,1,29809
7290001201510,false,תבנית ביצים מדיום 30 יח',,,30 ביצים M מ.לסר,יחידה,0.00,יחידה,false,,27.87,0.0000,true,1,13622
7290001201589,false,ביצים אריזון 12 גדול,,,12 ביצים L מ.לסר,יחידה,0.00,יחידה,false,,12.05,0.0000,true,1,13625
7290001201596,false,ביצים אריזון 12 בינוני,,,12 ביצים M מ.לסר,יחידה,0.00,יחידה,false,,11.15,0.0000,true,1,13626
7290001201824,false,תבנית ביצים 12 יח' לארג' אורגני,,,12 ביצים L אורגני מ,יחידה,0.00,יחידה,false,,21.90,0.0000,true,1,13634
7290001201862,false,ביצי חופש לארג' 12 יחידות,,,12 ביצים חופש L מ. ל,יחידה,0.00,יחידה,false,,17.90,0.0000,true,1,13637
7290001201893,false,ביצים אומגה M 12 יח,,,12 ביצים M אומגה 3,יחידה,0.00,יחידה,false,,16.90,0.0000,true,1,13639
7290001216040,false,טחינה 500 גרם טחינת אל-ארז,דולפין ספא,IL,טחינה אל ארז 100% שו,גרמים,500.00,100 גרם,false,,15.90,3.1800,true,1,34849
7290001216057,false,"טחינה גולמית אל ארז 1 ק""ג",דולפין ספא,IL,טחינה אל ארז 100% שו,קילוגרמים,1.00,"ק""ג",false,,29.90,29.9000,true,1,34850
7290001216231,false,טחינה גולמית שומשום מלא אל ארז 500ג',דולפין ספא,IL,טחינה מלאה 100% שומש,גרמים,500.00,100 גרם,false,,16.90,3.3800,true,1,34854
7290001230331,false,סיגריות כאמל בוקס חפ,JTI,,כאמל בוקס קופסא בודד,יחידה,0.00,יחידה,false,,32.00,0.0000,false,1,4078
7290001231932,false,ווינסטון כחול בוקס חפיסה,JTI,,וינסטון קופסא בודדת,יחידה,0.00,יחידה,false,,32.00,0.0000,false,1,4083
7290001235938,false,סיגריות וינסטון כחול,JTI,,וינסטון קופסא בודדת,יחידה,0.00,יחידה,false,,32.00,0.0000,false,1,4085
7290001245699,false,אקונומיקה סמיכה בניחוח לימון 4 ל' טאצ',,,ג'ל אקונומיקה סמיכה,ליטרים,4.00,ליטר,false,,11.90,2.9750,true,1,37976
7290001245705,false,אקונומיקה מבושמת טאצ' 4 ליטר,,,אקונומיקה מבושמת 4 ל,ליטרים,4.00,ליטר,false,,10.90,2.7250,true,1,37977
7290001245736,false,ג'ל כביסה כחול טאצ' 3 ליטר סלקט,,,ג'ל כביסה כחול 3 ליט,ליטרים,1.00,ליטר,false,,17.90,17.9000,true,1,37980
7290001245798,false,נוזל כלים לימון טאצ' 18% 1.6 ליטר,,,נוזל כלים לימון 18%,ליטרים,1.60,ליטר,false,,10.90,6.8125,true,1,37982
7290001245828,false,נוזל כלים קלאסי טאצ' 18% 1.6 ליטר,,,נוזל כלים קלאסי 18%,ליטרים,1.60,ליטר,false,,10.90,6.8125,true,1,37984
7290001245835,false,נוזל רצפות אורנים 4 ל' טאצ,,,נוזל רצפות אורנים 4,ליטרים,4.00,ליטר,false,,13.90,3.4750,true,1,37985
7290001245842,false,נוזל רצפות מאסק 4 ל' טאצ,,,נוזל רצפות מאסק 4 לי,ליטרים,4.00,ליטר,false,,13.90,3.4750,true,1,37986
7290001245897,false,נוזל רצפות יסמין 4 ל' טאצ,,,נוזל רצפות יסמין 4 ל,ליטרים,4.00,ליטר,false,,13.90,3.4750,true,1,37991
7290001245958,false,מרכך כביסה ורוד טאצ' 4 ליטר,,,מרכך כביסה טאצ' ורוד,ליטרים,4.00,ליטר,false,,13.90,3.4750,true,1,37996
7290001245989,false,מרכך כביסה סגול טאצ' 4 ליטר,,,מרכך כביסה טאצ' סגול,ליטרים,4.00,ליטר,false,,13.90,3.4750,true,1,37999
7290001246054,false,פותח סתימות 1 ליטר טאצ,סאסאטק,IL,פותח סתימות 1 ליטר ט,ליטרים,1.00,ליטר,false,,13.90,13.9000,true,1,38000
7290001246061,false,מרכך מרוכז פרפיום פנטזי טאצ 1ל',,,מרכך פרימיום פנטזי 1,ליטרים,1.00,ליטר,false,,12.90,12.9000,true,1,38001
7290001246085,false,טאצ' מרסס ניקוי חלונות 1 ליטר,,,תרסיס מנקה חלונות 1,ליטרים,1.00,ליטר,false,,5.90,5.9000,true,1,38003
7290001246092,false,"טאצ' תרסיס מסיר שומנים 750 מ""ל",סאסאטק,IL,תרסיס מסיר שומנים 75,מיליליטרים,750.00,"100 מ""ל",false,,12.90,1.7200,true,1,38004
7290001246115,false,"טאצ' תרסיס מסיר עובש 750 מ""ל",,,תרסיס מסיר עובש 750,מיליליטרים,750.00,"100 מ""ל",false,,12.90,1.7200,true,1,38006
7290001246139,false,חיטוי פירות וירקות 1 ליטר טאצ',,,חיטוי פירות וירקות 1,ליטרים,1.00,ליטר,false,,14.90,14.9000,true,1,38008
7290001246146,false,מסיר אבן 1 ליטר טאצ',,,מסיר אבן 1 ליטר טאצ',ליטרים,1.00,ליטר,false,,13.90,13.9000,true,1,38009
7290001246528,false,מרכך כביסה מרוכז פרפיום מיסטרי טאצ' 1 ל',,,מרכך כביסה מרוכז פרפ,ליטרים,1.00,ליטר,false,,12.90,12.9000,true,1,38018
7290001247068,false,קרטונית נקטר ספרינג תות בננה 1 ליטר,"יפאורה תבורי בע""מ",IL,ספרינג תות בננה קרטו,ליטרים,1.00,ליטר,false,,6.90,6.9000,true,1,11480
7290001247082,false,קרטונית נקטר ספרינג עגבניות 1 ליטר,"יפאורה תבורי בע""מ",IL,ספרינג עגבניות קרטונ,ליטרים,1.00,ליטר,false,,6.50,6.5000,true,1,11481
7290001247099,false,קרטונית נקטר ספרינג מנגו 1 ליטר,"יפאורה תבורי בע""מ",IL,ספרינג מנגו קרטונית,ליטרים,1.00,ליטר,false,,6.90,6.9000,true,1,11482
7290001247105,false,קרטונית נקטר ספרינג אפרסק 1 ליטר,"יפאורה תבורי בע""מ",IL,ספרינג נקטר אפרסק 1ל,ליטרים,1.00,ליטר,false,,6.90,6.9000,true,1,11483
7290001247112,false,קרטונית נקטר ספרינג לימונענע 1 ליטר,"יפאורה תבורי בע""מ",IL,ספרינג לימונענע קרטו,ליטרים,1.00,ליטר,false,,6.90,6.9000,true,1,11484
7290001247129,false,נקטר ספרינג תפוזים קרטונית 1 ל',"יפאורה תבורי בע""מ",IL,ספרינג תפוז קרטונית,ליטרים,1.00,ליטר,false,,6.90,6.9000,true,1,11485
7290001247143,false,נקטר ספרינג תפוחים קרטונית 1 ל',"יפאורה תבורי בע""מ",IL,ספרינג תפוח קרטונית,ליטרים,1.00,ליטר,false,,6.90,6.9000,true,1,11487
7290001274231,false,שלגון פיסטוק פלדמן,,,שלגון פסים 75 גרם,גרמים,75.00,100 גרם,false,,5.90,7.8667,true,1,470029
7290001274293,false,סנקור XL ארוך 70 גרם,פלדמן,IL,סנקור XL ארוך 70 גרם,גרמים,70.00,100 גרם,false,,5.90,8.4286,true,1,469880
7290001274422,false,שלגונים ציפוי בננה מאגדת שמינייה 560 ג',פלדמן,IL,מאגדת שלגונים ציפוי,גרמים,560.00,100 גרם,false,,23.90,4.2679,true,1,36063
7290001274934,false,מאגדת גלידל פרי למון ליים 8 יח,פלדמן,IL,פופסיקל בטעם לימון 8,גרמים,640.00,100 גרם,false,,24.90,3.8906,true,1,36064
7290001305058,false,"פלמוליב - נטורלס תחליב רחצה חלב ודבש 500 מ""ל",הנסיך- מפעל לייצור ט,TR,סבון נוזלי חלב ודבש,מיליליטרים,500.00,"100 מ""ל",false,,15.90,3.1800,true,1,21424
7290001305188,false,פלמוליב כלים שקוף לימון 750 בקבוק חדש,יבואן ומשווק: ש. שסט,GR,פלמוליב לכלים פריחת,מיליליטרים,750.00,"100 מ""ל",false,,11.90,1.5867,true,1,21425
7290001327180,false,גלידה וניל ציפ 1.33 ל' קרמיסימו,"גלידת שטראוס בע""מ, ר",IL,קרמיסימו וניל ציפ 1.,ליטרים,1.33,ליטר,false,,18.90,14.2105,true,1,4228
7290001407127,false,פרוסות חלבה קלאסית וניל 400 גרם,,,פרוסות חלבה וניל באר,גרמים,400.00,100 גרם,false,,14.30,3.5750,true,1,18688
7290001407134,false,פרוסות חלבה קלאסית וניל פולי קקאו 400 גר,רושדי תעשיות מזון בע,IL,פרוסות חלבה שוקו וני,גרמים,350.00,100 גרם,false,,14.30,4.0857,true,1,18689
7290001407547,false,טחינה גולמית משומשום מלא פי 6 בארכה 500ג',רושדי תעשיות מזון בע,IL,בארכה טחינה שומשום מ,גרמים,500.00,100 גרם,false,,14.90,2.9800,true,1,18692
7290001407769,false,טחינה גולמית שומשום מלא בארכה 500ג',רושדי תעשיות מזון בע,IL,בארכה טחינה עם שומשו,גרמים,500.00,100 גרם,false,,14.90,2.9800,true,1,18695
7290001407813,false,חלבה שאמית פיסטוק בקטנה בארכה 350ג',רושדי תעשיות מזון בע,IL,חלבה שאמית וניל עם פ,גרמים,350.00,100 גרם,false,,14.90,4.2571,true,1,18696
7290001407936,false,טחינה גולמית מעודנת לחיץ בארכה 310ג',רושדי תעשיות מזון בע,IL,בארכה טחינה מעודנת 3,גרמים,310.00,100 גרם,false,,10.90,3.5161,true,1,18700
7290001419618,false,וופל בלגי עלמה שחור לבן וניל 200ג',גילרו,,וופל עלמה בלגי שוקו,גרמים,200.00,100 גרם,false,,2.90,1.4500,true,1,41238
7290001419779,false,וופל שוקו' עלמה קלאסי 200 גר,"גילרו בע""מ",,וופל עלמה קלאסי 200,גרמים,200.00,100 גרם,false,,2.90,1.4500,true,1,41239
7290001427019,false,"מיץ תפוזים סחוט 100% 500 מ""ל",,,מיץ תפוזים טבעי 100%,מיליליטרים,500.00,"100 מ""ל",false,,16.90,3.3800,true,1,202114
7290001427033,false,קשת מיץ תפוחים טבעי,"פריניב בע""מ",IL,קשת מיץ תפוחים טבעי,ליטרים,1.00,ליטר,false,,16.90,16.9000,true,1,80425
7290001459935,false,"אפונה 800 גר' בד""ץ (ממותג)",,,אפונה בלדי 800 גרם,גרמים,800.00,100 גרם,false,,11.90,1.4875,true,1,551329
7290001468678,false,מפת שולחן 170X120,,,מפה חד פעמי,יחידה,0.00,יחידה,false,,10.90,0.0000,true,1,15863
7290001485019,false,גבינת שמנת 5% טעם טבעי 200 ג' טרה,טרה,IL,טרה גבינת שמנת טבעי,גרמים,200.00,100 גרם,false,,10.90,5.4500,true,1,6366
7290001491096,false,תה ירוק בתוספת לימונית ולואיזה 50 שקיקים ויסוצקי,ויסוצקי,IL,תה ירוק בתוספת לימונ,גרמים,75.00,100 גרם,false,,45.90,61.2000,true,1,24623
7290001567555,false,פסטרמה מעודנת עם דבש 300 ג' יחיעם,,IL,פסטרמה מעודנת עם דבש,גרמים,300.00,100 גרם,false,,19.90,6.6333,true,1,279332
7290001567708,false,נקנקיות וינר 400 ג' יחיעם,יחיעם,IL,נקניקיות עוף 400 גר`,גרמים,400.00,100 גרם,false,,9.90,2.4750,true,1,15564
7290001567760,false,פסטרמה של פעם 300 ג' יחיעם,פ.פ.ח. שאביט,IL,פסטרמה של פעם 300 גר,גרמים,300.00,100 גרם,false,,24.50,8.1667,true,1,15569
7290001567814,false,סלמי מעושן בסגנון איטלקי 300 ג' יחיעם,פ.פ.ח. שאביט,IL,סלמי מעושן בסגנון אי,גרמים,300.00,100 גרם,false,,19.90,6.6333,true,1,15574
7290001591727,false,קבב על מקל 500 ג' טיבון ויל,,,קבב בקר על מקל טיבון,גרמים,500.00,100 גרם,false,,22.90,4.5800,true,1,378259
7290001594155,false,קוקה קולה בקבוק 500,החברה המרכזית לייצור,IL,קוקה קולה 500מל,מיליליטרים,500.00,"100 מ""ל",false,,6.90,1.3800,true,1,6836
7290001594230,false,"קינלי סודה בקבוק 250 מ""ל",החברה המרכזית לייצור,IL,סודה קינלי 250 מ'ל,מיליליטרים,250.00,"100 מ""ל",false,,2.90,1.1600,true,1,6841
7290001594858,false,"טובורג רד שישייה בקבוק 330 מ""ל",קרלסברג ישראל,,טובורג רד בקבוק פקדו,ליטרים,1.98,ליטר,false,,43.90,22.1717,true,1,6859
7290001594865,false,"קרלסברג שישיה בקבוק 330 מ""ל",קרלסברג ישראל,,קרלסברג בירה בקבוק 6,ליטרים,1.98,ליטר,false,,39.90,20.1515,true,1,6860
7290001670057,false,כפיות חד פעמי 100 יח,הנמל אריזות ושיווק ב,IL,.סכום ח.פ.כפיות 100י,יחידה,0.00,יחידה,false,,12.90,0.0000,true,1,7723
7290001670064,false,סכינים חד פעמי לבן 100 יח',,,סכינים 100יח,יחידה,0.00,יחידה,false,,12.90,0.0000,true,1,7724
7290001670071,false,כפות חד פעמי לבן 100 יח',הנמל אריזות ושיווק ב,IL,.סכום ח.פ.כפות 100יח,יחידה,0.00,יחידה,false,,12.90,0.0000,true,1,7725
7290001670255,false,כוסות שתיה חמה 50 יח,,,כוסות שתיה חמה 50 יח,יח',50.00,יח',false,,8.90,0.1780,true,1,7733
7290001713150,false,סנט מוריץ מתז אקונומיקה Bleach קצף לימון 1 ליטר,קומפלקס כימיקלים,IL,אקונומיקה קצף ניקוי,ליטרים,1.00,ליטר,false,,9.90,9.9000,true,1,20089
7290001713167,false,סנט מוריץ - מרסס קצף ניקוי 1 ליטר סניטרי אפור,קומפלקס כימיקלים,IL,קצף לניקוי כלים סניט,ליטרים,1.00,ליטר,false,,9.90,9.9000,true,1,20090
7290001713242,false,עלמה שקיות אשפה 25 יחידות 75*90 עם ידית,אסיר פלסט,TR,"שקיות אשפה 25 י""ח 75",יחידה,0.00,יחידה,false,,12.90,0.0000,true,1,385328
7290001780800,false,שלגון קראנץ ליבת נוגט שוקולד,נגה גלידות,,קראנץ' ליבת נוגט,יחידה,0.00,יחידה,false,,10.50,0.0000,true,1,16094
7290001791349,false,אקונומיקה פסגה ריחנית 4ליטר,"סנו מפעלי ברונוס בע""",IL,אקונומיקה ריחנית פסג,ליטרים,4.00,ליטר,false,,11.90,2.9750,true,1,29831
7290001813454,false,עוגיות חיוכים חגיגה שוקו 900 ג',,,חיוכים חגיגה שוק 900,גרמים,900.00,100 גרם,false,,19.90,2.2111,true,1,22212
7290001813478,false,עוגיות חיוכים חגיגה וניל 900 ג',,,חיוכים חגיגה וניל 90,גרמים,900.00,100 גרם,false,,19.90,2.2111,true,1,22213
7290001817377,false,צ'יטוס חטיף איקס עיגול פיצה 60 גרם,"שטראוס פריטו ליי בע""",IL,ציטוס איקס עיגול 60ג,גרמים,60.00,100 גרם,false,,3.50,5.8333,true,1,24154
7290001817728,false,צ'יטוס חטיף כאפה קטשופ 55 גרם,"שטראוס פריטו ליי בע""",IL,ציטוס כאפה 55 גרם,גרמים,55.00,100 גרם,false,,3.50,6.3636,true,1,24156
7290001867600,false,"תפו""א בייבי פרימיום",,,"תפו""א בייבי פרימיום",קילוגרמים,1.00,"ק""ג",true,,6.90,6.9000,true,1,150898
7290001873458,false,סטייק בורגר בלאק אנג,מולינו ניקולי s.p.a,IL,סטייק בורגר בלאק אנג,גרמים,320.00,100 גרם,false,,24.90,7.7812,true,1,57114
7290001917527,false,פרש וואנס פדים להסרת איפור 80 יח' *3,,,פדיות קוסמטיות פרש ו,יחידה,0.00,יחידה,false,,18.90,0.0000,true,1,5764
7290001946121,false,פפריקה מתוקה יוחאי ביטון 400ג',,,פפריקה מתוקה בשמן בי,גרמים,400.00,100 גרם,false,,17.90,4.4750,true,1,212906
7290001990117,false,שומשום סוגת 100 גרם,האי נאם סי או אל.טי.,IL,שומשום 100 גרם,גרמים,100.00,100 גרם,false,,3.90,3.9000,true,1,17312
7290001990148,false,"סוכר גולדן קלאסי צנצנת 1ק""ג סוגת",האי נאם סי או אל.טי.,IL,סוכר גולדן קלאסי בצנ,קילוגרמים,1.00,"ק""ג",false,,12.90,12.9000,true,1,17313
7290001990261,false,"סוגת חומוס 1 ק""ג",,,"סוגת חומוס 1 ק""ג",קילוגרמים,1.00,"ק""ג",false,,14.90,14.9000,true,1,17314
7290001990278,false,"שעועית לבנה סוגת 1 ק""ג",סוגת,,סוגת שעועית לבנה 1 ק,קילוגרמים,1.00,"ק""ג",false,,18.90,18.9000,true,1,17315
7290001990391,false,אפונה יבשה 1קג סוגת,,,"אפונה 1 ק""ג",קילוגרמים,1.00,"ק""ג",false,,11.90,11.9000,true,1,17317
7290001990407,false,"עדשים ירוקים 1 ק""ג סוגת",סוגת,,עדשים ירוקים 1 קג,קילוגרמים,1.00,"ק""ג",false,,14.90,14.9000,true,1,17318
7290001990414,false,"עדשים אדומים 1 ק""ג סוגת",,,סוגת עדשים אדומים 1,קילוגרמים,1.00,"ק""ג",false,,14.90,14.9000,true,1,17319
7290001990421,false,"פופקורן גרעינים סוגת 1 ק""ג",,,"סוגת פופקורן 1 ק""ג",קילוגרמים,1.00,"ק""ג",false,,9.90,9.9000,true,1,17320
7290002000143,false,"חדש -פנג'ל ק.ידיים קלאסיק 80מ""ל",מיוצר עי קונדיטוריית,IL,קרם ידיים קלאסיק פנג,מיליליטרים,100.00,"100 מ""ל",false,,6.90,6.9000,true,1,5767
7290002007234,false,אבקת סוכר 100 ג' הנמל,"מיוצר וארוז ע""י: ר.ס",IL,אבקת סוכר 100ג,גרמים,100.00,100 גרם,false,,1.90,1.9000,true,1,7752
7290002007487,false,צמר פלדה 100 גרם,"איטיליאן פוד, אס.פי.",IL,צמר פלדה 100 גר',גרמים,100.00,100 גרם,false,,3.90,3.9000,true,1,7762
7290002007500,false,קיסמי שיניים במבוק בחבית 500 יח',הנמל אריזות ושיווק ב,IL,קיסמים חבית הנמל 500,יח',500.00,יח',false,,3.50,0.0070,true,1,7763
7290002007890,false,כוס חד פעמי הנמל 100 יח',,IL,כוס שתיה קרה 100 יח,יחידה,0.00,יחידה,false,,12.90,0.0000,true,1,7772
7290002007975,false,"צלחות קטנות ח""פ הנמל 50 יח'",,IL,צלחות קטן 50יח,יחידה,0.00,יחידה,false,,12.90,0.0000,true,1,7774
7290002007982,false,מזלגות חד פעמי 100 י,הנמל אריזות ושיווק ב,IL,מזלגות חד פעמי 100 י,יחידה,0.00,יחידה,false,,12.90,0.0000,true,1,7775
7290002007999,false,"צלחות גדולות ח""פ הנמל 50 יח'",,IL,צלחות גדול 50יח הנמל,יחידה,0.00,יחידה,false,,15.90,0.0000,true,1,7776
7290002008149,false,מדליק פחם מוצק הנמל אריזת 40יח',"איטיליאן פוד, אס.פי.",,מדליק פחם מוצק 40 קו,גרמים,300.00,100 גרם,false,,6.50,2.1667,true,1,7784
7290002008187,false,קשים לשתיה מתקפלים 40 יח',"איטיליאן פוד, אס.פי.",CN,קש לשתיה מתקפל 40יח,יחידה,0.00,יחידה,false,,1.90,0.0000,true,1,7788
7290002008224,false,סוכריות לקישוט צבעונית הנמל 100 ג',ממתקי עלה בעמ,IL,קישוט לעוגה גליד.,גרמים,60.00,100 גרם,false,,5.90,9.8333,true,1,7789
7290002008347,false,קורנפלור 500 ג' הנמל,,,קורנפלור 500 גרם,גרמים,500.00,100 גרם,false,,6.90,1.3800,true,1,7794
7290002008507,false,נייר אפייה 50 יח' הנמל,הנמל אריזות ושיווק ב,IL,נייר אפיה 50יח,יחידה,0.00,יחידה,false,,8.90,0.0000,true,1,7799
7290002008651,false,קמח תפוח אדמה 500 ג' הנמל,ר.ס. חברה ליבוא וייצ,IL,קמח תפוח אדמה הנמל 5,גרמים,500.00,100 גרם,false,,5.90,1.1800,true,1,7803
7290002008743,false,סוכר וניל 10*10 ג' הנמל,"מיוצר וארוז ע""י: ר.ס",IL,סוכר וניל 10*10 גרם,גרמים,100.00,100 גרם,false,,2.90,2.9000,true,1,7804
7290002008750,false,אבקת אפיה הנמל מארז 10X10 ג',"מיוצר ע""י:ר.ס. חברה",IL,אבקת אפיה 10*10 גרם,גרמים,100.00,100 גרם,false,,2.90,2.9000,true,1,7805
7290002008989,false,קישקשים קשים לשתיה 225יח הנמל,הנמל אריזות ושיווק ב,CN,קישקשים 225 יח,יחידה,0.00,יחידה,false,,9.90,0.0000,true,1,7814
7290002026341,false,בטטה צ'יפס רגיל אריסטו קראנץ 500 ג',האי נאם סי או אל.טי.,CA,אריסטו קראנץ-ציפס בט,גרמים,500.00,100 גרם,false,,14.90,2.9800,true,1,14386
7290002026587,false,וופל בלגי פרווה בראנץ אנד קראנץ 8 יח',ביסקוטר,BE,בראנץ אנד קראנץ וופל,גרמים,28.00,100 גרם,false,,13.90,49.6429,true,1,14391
7290002043065,false,פריכיות אורז חום מלא בציפוי שוקולד מריר בלגי 70 ג',נוהלס,BG,פריכוני אורז בציפוי,גרמים,70.00,100 גרם,false,,9.40,13.4286,true,1,101441
7290002043072,false,פריכיות אורז חום מלא בציפוי שוקולד חלב בלגי 70 ג',נוהלס,BG,פריכוני אורז בציפוי,גרמים,70.00,100 גרם,false,,9.40,13.4286,true,1,101442
7290002043782,false,ציפס אורז חום מלא טקסס ברביקיו אקסטרא 60 ג',נוהלס,BG,צ'יפס טקסס ברבקיו אק,גרמים,60.00,100 גרם,false,,8.50,14.1667,true,1,101457
7290002053088,false,אטריות ביצים מס 8 200 גר,,,אטריות ביצים מס' 8 א,גרמים,210.00,100 גרם,false,,7.90,3.7619,true,1,3435
7290002053095,false,אטריות ביצים מס 10 200 ג',,,אטריות ביצים מס' 10,גרמים,200.00,100 גרם,false,,7.90,3.9500,true,1,3436
7290002057185,false,טבעות זיתים ירוקים 560 ג' יבנה,קדבורי,IL,טבעות זיתים ירוקים ק,גרמים,540.00,100 גרם,false,,9.50,1.7593,true,1,44718
7290002057352,false,מלפפון במלח 7-9 560 ג' יבנה,אף.סי תבליני בגליל ב,IL,מלפפונים במלח 7-9 ק,גרמים,560.00,100 גרם,false,,6.90,1.2321,true,1,44726
7290002057383,false,מלפפון במלח ‏25‏-‏18‏ 560 ג' יבנה,קדבורי,IL,מלפפון 18-25במלח קבו,גרמים,560.00,100 גרם,false,,12.90,2.3036,true,1,44729
7290002057451,false,מלפפון בחומץ ‏9‏-‏7‏ %‏20‏ 560 ג' יבנה,אף.סי תבליני בגליל ב,IL,מלפפון בחומץ 7-9 קבו,גרמים,560.00,100 גרם,false,,6.90,1.2321,true,1,44732
7290002057468,false,מלפפון חומץ ‏12‏-‏10‏ 560 ג' יבנה,קדבורי,IL,מלפפון בחומץ 10-12 ק,גרמים,560.00,100 גרם,false,,7.90,1.4107,true,1,44733
7290002065555,false,לחמניה אנג'ל ארוכה שקית 6יח,מאפיית שלמה א. אנג'ל,IL,6 לחמניות רכות אנגל,גרמים,450.00,100 גרם,false,,11.50,2.5556,true,1,35425
7290002065616,false,לחם שיפון גרעינים 750 ג' אנג'ל,מאפיית שלמה א. אנג'ל,IL,שיפון גרעינים אנגל 7,גרמים,750.00,100 גרם,false,,13.90,1.8533,true,1,35426
7290002065623,false,לחם שיפון אנגל גרעיני כפרי,מאפיית שלמה א. אנג'ל,IL,לחם שיפון כפרי אנגל,גרמים,750.00,100 גרם,false,,13.90,1.8533,true,1,35427
7290002079033,false,לחם דגנים לייט פרוס 500 גר,מאפיית דוידוביץ ובני,IL,לחם דגנים לייט ללא ת,גרמים,500.00,100 גרם,false,,13.90,2.7800,true,1,579487
7290002079156,false,5 פיתות 500 גרם,מאפיית דוידוביץ,,5 פיתות 500 גרם,גרמים,500.00,100 גרם,false,,8.90,1.7800,true,1,586384
7290002079217,false,מחמצת עם אגוזים שיפון 650 ג',מאפיית אחדות חיפה בע,IL,לחם מחמצת שיפון מלא,גרמים,650.00,100 גרם,false,,12.90,1.9846,true,1,579546
7290002079354,false,פרורים מוזהבים שקית,,,פרורים מוזהבים שקית,גרמים,200.00,100 גרם,false,,5.00,2.5000,true,1,584063
7290002079361,false,לחמניות המבורגר חתוך 6+2*60 ג',מאפיית אחדות חיפה,IL,8 לחמניות המבורגר בס,גרמים,480.00,100 גרם,false,,16.90,3.5208,true,1,580500
7290002079927,false,לחם דגנים מלא דוידוב,מאפיית אחדות חיפה(93,IL,לחם דגנים מלא דוידוב,גרמים,750.00,100 גרם,false,,14.90,1.9867,true,1,579738
7290002079996,false,לחם אחיד קל פרוס 750 ג',הנסיך- מפעל לייצור ט,IL,לחם אחיד קל מאפיית ד,גרמים,750.00,100 גרם,false,,13.90,1.8533,true,1,580356
7290002105503,false,בורגר מזרחי קפוא גלאט 500ג' מחפוד,,IL,המבורגר טחון 500 גר,גרמים,500.00,100 גרם,false,,19.90,3.9800,true,1,47029
7290002105510,false,קבב מזרחי מתובל וקפוא גלאט הדר בשר 500ג',,,קבב מזרחי 500-מחפוד,גרמים,500.00,100 גרם,false,,20.90,4.1800,true,1,47030
7290002105527,false,גולש עגל 800 גר' מחפוד קפוא,,,גולש בקר 800 גרם מחפ,גרמים,800.00,100 גרם,false,,49.90,6.2375,true,1,47031
7290002105541,false,סטייק אנטריקוט מעובד קפוא ה.הבשר 800ג',,,סטייק אנטריקוט 800 ג,גרמים,800.00,100 גרם,false,,49.90,6.2375,true,1,47033
7290002105565,false,טחון הודו 500 גר' קפוא מחפוד,,IL,טחון הודו 500 גרם מח,גרמים,500.00,100 גרם,false,,13.90,2.7800,true,1,47035
7290002105671,false,טחון עוף 500 גר' קפוא מחפוד,,IL,טחון עוף 500 גר מחפו,גרמים,500.00,100 גרם,false,,13.90,2.7800,true,1,47036
7290002105749,false,"טחון בקר 100% קפוא 1 ק""ג גאלט מחפוד",,IL,טחון בקר 100% בשר 1,קילוגרמים,1.00,"ק""ג",false,,49.90,49.9000,true,1,47039
7290002105756,false,"בקר טחון 1 ק""ג מחפוד קפוא",,IL,"טחון בקר 1 ק""ג מחפוד",קילוגרמים,1.00,"ק""ג",false,,39.90,39.9000,true,1,47040
7290002107071,false,פטה עיזים מעודנת בגביע צוריאל 16%,מחלבת משק צוריאל,,צוריאל פטה עיזים מעו,גרמים,200.00,100 גרם,false,,23.90,11.9500,true,1,6374
7290002107385,false,גבינת מה עיזים בגליל צוריאל 180 ג',משק צוריאל,IL,צוריאל גליל גבינת עי,גרמים,180.00,100 גרם,false,,20.90,11.6111,true,1,6375
7290002107491,false,גבינת עזים למריחה טבעי 5% צוריאל 250 ג',משק צוריאל,IL,צוריאל גבינת עזים למ,גרמים,250.00,100 גרם,false,,14.90,5.9600,true,1,6376
7290002107965,false,טבורוג גבינה לאפייה 5% צוריאל 500 ג',משק צוריאל,IL,צוריאל טבורוג גבינה,גרמים,500.00,100 גרם,false,,22.90,4.5800,true,1,6378
7290002109372,false,בורקס פילו אצבעות בולגרי 700 ג' שלושת האופים,,,בורקס פילו אצבעות בו,גרמים,700.00,100 גרם,false,,19.90,2.8429,true,1,16825
7290002109488,false,קבב אמיתי 100% 440 גר',,,קבב אמיתי 100% 440 ג,גרמים,440.00,100 גרם,false,,17.90,4.0682,true,1,16827
7290002111085,false,"רוטב עגבניות 22% ""פרי מבורך"" 100 גרם",,,רוטב עגבניות 22% פרי,גרמים,100.00,100 גרם,false,,2.50,2.5000,true,1,8691
7290002111139,false,"רסק תפו""ע לל""ס A2 פרי מבורך 550 גר'",,,"רסק תפו""ע דיאט פרי מ",גרמים,560.00,100 גרם,false,,8.90,1.5893,true,1,8693
7290002111313,false,עגבניות קוביות A2.5 פרי מבורך 800ג' בדצ,,,עגבניות קוביות פרי מ,גרמים,800.00,100 גרם,false,,9.90,1.2375,true,1,8695
7290002111474,false,אפונה גדולה A2 פרי מבורך 600ג',,,אפונת גדולה פרי מבור,גרמים,335.00,100 גרם,false,,7.90,2.3582,true,1,8697
7290002111511,false,"אפונה וגזר A2 פרי מבורך 550ג' בד""צ.",,,אפונה וגזר פרי מבורך,גרמים,550.00,100 גרם,false,,7.90,1.4364,true,1,8699
7290002111634,false,חומוס 600 גר' פרי מבורך,,,חומוס שלם פרי מבורך,גרמים,550.00,100 גרם,false,,8.90,1.6182,true,1,8700
7290002111696,false,עגבניות מרוסק A2.5 פרי מבורך 800ג',,,עגבניות מרוסקות פרי,גרמים,800.00,100 גרם,false,,9.90,1.2375,true,1,8703
7290002111764,false,"שעועית לבנה ברוטב עגבניות A2 פ""מ עד""ח",,,שעועית לבנה ברוטב עג,גרמים,580.00,100 גרם,false,,8.90,1.5345,true,1,8704
7290002111825,false,"2A גרעיני תירס מתוק פ""מ עד""ח 550 ג'",,,גרעיני תירס מתוק פרי,גרמים,335.00,100 גרם,false,,7.90,2.3582,true,1,8706
7290002129455,false,פיצה איטלקית 450 ג,,,פיצה איטלקית 450 ג,גרמים,450.00,100 גרם,false,,19.90,4.4222,true,1,16829
7290002129479,false,פיצה איטלקית דקה 320 ג' שלושת האופים,האי נאם סי או אל.טי.,IT,פיצה איטלקית דקה שלש,גרמים,320.00,100 גרם,false,,16.90,5.2812,true,1,550185
7290002130567,false,דבש טהור מפרחי בר 350 ג' יד מרדכי,מכוורת יד מרדכי שטרא,IL,דבש טהור מפרחי בר בצ,גרמים,350.00,100 גרם,false,,18.90,5.4000,true,1,22223
7290002130574,false,דבש טהור מפרחי בר בזכוכית 500 ג' יד מרדכי,מכוורת יד מרדכי שטרא,IL,דבש טהור מפרחי בר בצ,גרמים,500.00,100 גרם,false,,25.90,5.1800,true,1,22224
7290002130581,false,"דבש טהור יד מרדכי 1 ק""ג",,IL,דבש טהור מפרחי בר בצ,קילוגרמים,1.00,"ק""ג",false,,45.70,45.7000,true,1,22225
7290002190141,false,ריבת חלב בצנצנת 450 גרם,קרלו,IL,ריבת חלב קונדיטור 45,גרמים,450.00,100 גרם,false,,13.90,3.0889,true,1,24929
7290002190516,false,ריבת חלב ממרח קומידה 500 גר',קרלו,IL,ממרח ריבת חלב קומידה,גרמים,500.00,100 גרם,false,,13.90,2.7800,true,1,24930
7290002195078,false,קבב כבש בלדי קפוא 400 ג',,,בלדי קבב כבש 400 גר,גרמים,400.00,100 גרם,false,,12.90,3.2250,true,1,35295
7290002195085,false,קבב מזרחי בלדי 400 ג'- 8 יח',יוליניבר,IL,קבב מזרחי 400 גר בלד,גרמים,400.00,100 גרם,false,,12.90,3.2250,true,1,35296
7290002195092,false,בלדי קבב רומני 400 גר',,,קבב רומני 400 גר',גרמים,400.00,100 גרם,false,,12.90,3.2250,true,1,35297
7290002204169,true,אגס נאשי מארז,,,אגס נאשי מארז,גרמים,500.00,100 גרם,false,,12.90,2.5800,true,1,556890
7290002253006,false,שום כתוש בצנצנת 200 גר דורות,דורות,IL,דורות שום כתוש טרי 2,גרמים,200.00,100 גרם,false,,15.90,7.9500,true,1,19733
7290002253167,false,מגשית פטרוזיליה דורות 70 גר,דורות,IL,פטרוזליה טרייה קצוצה,גרמים,70.00,100 גרם,false,,10.50,15.0000,true,1,19738
7290002253174,false,מגשית שמיר קצוץ דורות 70ג,דורות,IL,שמיר טרי קצוץ 70 גרם,גרמים,70.00,100 גרם,false,,10.00,14.2857,true,1,19739
7290002253181,false,כוסברה טריה קצוצה 70 ג' דורות,דורות,IL,כוסברה טריה קצוצה 70,גרמים,70.00,100 גרם,false,,10.00,14.2857,true,1,19740
7290002253198,false,ג'ינג'ר טרי כתוש במגשית 70 ג' דורות,דורות,IL,דורות ג'ינג'ר טרי כת,גרמים,70.00,100 גרם,false,,9.90,14.1429,true,1,19741
7290002255024,false,אגרול סיני בתוספת רו,,,אגרול סיני בתוספת רו,גרמים,800.00,100 גרם,false,,22.90,2.8625,true,1,51502
7290002255055,false,פלאפל חטיפי אלקיים 7,,,פלאפל חטיפי אלקיים 7,גרמים,700.00,100 גרם,false,,13.90,1.9857,true,1,51505
7290002255130,false,"סיגרים במילוי תפו""א",,,"סיגרים במילוי תפו""א",גרמים,800.00,100 גרם,false,,22.90,2.8625,true,1,51508
7290002255215,false,עלים לסיגר 500ג,,,עלים לסיגר 500ג,גרמים,500.00,100 גרם,false,,9.90,1.9800,true,1,51511
7290002263562,false,"מיץ לימון משומר 200 מ""ל",,,מיץ לימון משומר תבלי,מיליליטרים,200.00,"100 מ""ל",false,,6.90,3.4500,true,1,67927
7290002263661,false,"מיץ לימון 100% טבעי 250 מ""ל",,IT,מיץ לימון 100% טבעי,מיליליטרים,250.00,"100 מ""ל",false,,7.90,3.1600,true,1,67929
7290002278528,false,כרית קרצוף לכלים שבת כלין 2 יח',,,כריות ניקוי כלים לשב,יחידה,0.00,יחידה,false,,7.90,0.0000,true,1,13474
7290002317128,false,מלפפון 560ג במלח 10-12 A2 מטולה,מוטולה,IL,מלפפון במלח 10-12 מו,גרמים,560.00,100 גרם,false,,10.90,1.9464,true,1,24405
7290002317173,false,מלפפון בחומץ 13-17 560ג A2 מטולה,מוטולה,IL,מלפפון בחומץ 13-17 מ,גרמים,560.00,100 גרם,false,,10.90,1.9464,true,1,24409
7290002317265,false,מלפפון 650ג במלח +20% 7-9 A2 מטולה,מוטולה,IL,מלפפון במלח 20% 7-9,גרמים,670.00,100 גרם,false,,9.90,1.4776,true,1,24415
7290002317289,false,חצילים כבושים מוטול,מוטולה,IL,חצילים מוטולה 560 גר,גרמים,560.00,100 גרם,false,,9.90,1.7679,true,1,24416
7290002317296,false,פלפל חריף שיפקה 670ג 20%+A2 מטולה,,,פלפל שיפקה + 20% מוט,גרמים,550.00,100 גרם,false,,9.90,1.8000,true,1,24417
7290002317319,false,מלפפון 650ג בחומץ +20% 7-9 A2 מטולה,מוטולה,IL,מלפפון בחומץ 7-9 20%,גרמים,670.00,100 גרם,false,,9.90,1.4776,true,1,24419
7290002317326,false,זיתים מנזולינו 12-15 +20% 670ג A2 מטולה,,,זיתים מנזלינו 20% 12,גרמים,670.00,100 גרם,false,,9.90,1.4776,true,1,24420
7290002317371,false,זיתים מושחר נטול גלעין 560ג A2 מטולה,מוטולה,IL,זיתים מושחרים נטולי,גרמים,560.00,100 גרם,false,,10.90,1.9464,true,1,24423
7290002317616,false,זיתים מרינט 17-19 560ג A2 מטולה,,,זיתים חתוכים מרינט 1,גרמים,560.00,100 גרם,false,,10.90,1.9464,true,1,24435
7290002317678,false,"זיתים נטולי גלעין צנצנת זכוכית 560 ג""ר",,,זיתים נטולי גלעין צנ,גרמים,560.00,100 גרם,false,,10.90,1.9464,true,1,24438
7290002319016,false,אבקת אפיה מיה מארז 10X10 ג',מיה,IL,אבקת אפיה 10 יח' מיה,גרמים,100.00,100 גרם,false,,1.90,1.9000,true,1,14885
7290002319023,false,סוכר וניל מיה עשיריו,מיה,IL,1/10 סוכר וניל,גרמים,100.00,100 גרם,false,,1.90,1.9000,true,1,14886
7290002319054,false,פרג טחון מיה 100 גרם,מיה,IL,פרג טחון 100ג,גרמים,100.00,100 גרם,false,,4.90,4.9000,true,1,14889
7290002319061,false,קוקוס טחון מיה 100,מיה,IL,.קוקוס טחון 100 גר.,גרמים,100.00,100 גרם,false,,3.90,3.9000,true,1,14890
7290002319078,false,שומשום מיה 100 גרם,מיה,IL,שומשום 100ג,גרמים,100.00,100 גרם,false,,3.90,3.9000,true,1,14891
7290002319092,false,קמח תפוחי אדמה מיה 500 גר',,,קמח תפוחי אדמה מיה 5,גרמים,500.00,100 גרם,false,,5.90,1.1800,true,1,14893
7290002319115,false,חומוס גדול יבש מיה 500 גר',מיה,IL,חומוס גדול מיה 500 ג,גרמים,500.00,100 גרם,false,,8.90,1.7800,true,1,14894
7290002319122,false,גריסים יבשים מיה 500 גר',מיה,IL,גריסים מיה 500 גרם,גרמים,500.00,100 גרם,false,,4.90,0.9800,true,1,14895
7290002319139,false,שעועית לבנה יבשה מיה 500 ג',מיה,IL,שעועית מיה 500 גרם,גרמים,500.00,100 גרם,false,,7.90,1.5800,true,1,14896
7290002319146,false,שעועית אדומה יבשה 500 ג',מיה,IL,שעועית אדומה מיה 500,גרמים,500.00,100 גרם,false,,8.90,1.7800,true,1,14897
7290002319160,false,אפונה ירוקה יבשה מיה 500 ג',מיה,IL,אפונה יבשה מיה 500 ג,גרמים,500.00,100 גרם,false,,4.90,0.9800,true,1,14898
7290002319191,false,עדשים ירוקים יבשים מיה 500 גר',מיה,IL,עדשים ירוקים מיה 500,גרמים,500.00,100 גרם,false,,6.90,1.3800,true,1,14901
7290002319207,false,כוסמת מיה 500 גרם,מיה,IL,כוסמת מיה 500 גרם,גרמים,500.00,100 גרם,false,,7.90,1.5800,true,1,14902
7290002319221,false,חיטה מיה 500 גרם,מיה,IL,חיטה מיה 500 גרם,גרמים,500.00,100 גרם,false,,5.50,1.1000,true,1,14904
7290002319610,false,שקדים טחונים 100 גר' מיה,מיה,IL,שקדים טחונים 100 גרם,גרמים,100.00,100 גרם,false,,10.90,10.9000,true,1,14922
7290002319733,false,אגוזי פקאן מקולף 100 גר' מיה,,,מיה אגוזי פקאן 100 ג,גרמים,100.00,100 גרם,false,,18.10,18.1000,true,1,14930
7290002319740,false,אגוזים טחונים 100 גר' מיה,מיה,IL,אגוז טחון 100 גרם,גרמים,100.00,100 גרם,false,,10.90,10.9000,true,1,14931
7290002319771,false,"תמצית אפיה וניל 50מ""ל מיה",מיה,IL,תמצית אפיה וניל,מיליליטרים,50.00,"100 מ""ל",false,,2.90,5.8000,true,1,14933
7290002319788,false,"תמצית אפיה רום 50 מ""ל מיה",מיה,IL,תמצית אפיה רום,מיליליטרים,60.00,"100 מ""ל",false,,2.90,4.8333,true,1,14934
7290002327042,false,"בורקס תפו""א 800 גרם שלושת האופים",TLV צ'יף,IL,"בורקס תפו""א 800 ג",גרמים,800.00,100 גרם,false,,19.90,2.4875,true,1,16851
7290002327073,false,בורקס גבינה 800 גרם שלושת האופים,TLV צ'יף,IL,בורקס גבינה 800 גרם,גרמים,800.00,100 גרם,false,,19.90,2.4875,true,1,16854
7290002331025,false,"מים מינרלים נביעות ספורט 500 מ""ל פקדון",נביעות טבע הגליל בעמ,IL,נביעות 1/2 ליטר ספור,מיליליטרים,500.00,"100 מ""ל",false,,3.90,0.7800,true,1,6872
7290002331094,false,"נביעות+ מים טעם ענבים 755מ""ל",נביעות טבע הגליל בעמ,IL,755מל מים מינרלים TO,מיליליטרים,755.00,"100 מ""ל",false,,3.90,0.5166,true,1,6873
7290002331124,false,מים נביעות בטעם תפוח 0.5 ליטר,נביעות טבע הגליל בעמ,IL,נביעות מים מינרלים ב,מיליליטרים,500.00,"100 מ""ל",false,,6.40,1.2800,true,1,6875
7290002331360,false,"נביעות מים מינרליים טו גו מארז 500X6מ""ל",נביעות,IL,נביעות TO GO שישייה,ליטרים,3.00,ליטר,false,,14.90,4.9667,true,1,6883
7290002331476,false,"נביעות בייבי מים מינרלים 250מ""ל",נביעות,,"נביעות בייבי 320 מ""ל",מיליליטרים,320.00,"100 מ""ל",false,,2.20,0.6875,true,1,6885
7290002344056,false,מטליות מיקרופייבר מ,,,מטליות מיקרופייבר מ,יחידה,0.00,יחידה,false,,12.90,0.0000,true,1,511308
7290002345015,false,סינטה דק דק אל גאוצ'ו 250ג' מינוט,"טיבון ויל אחזקות בע""",IL,סינטה דקדק 250 גרם,גרמים,250.00,100 גרם,false,,15.90,6.3600,true,1,16860
7290002345022,false,אנטריקוט דק דק אל גאצ'ו 250ג' מינוט,"טיבון ויל אחזקות בע""",IL,אנטריקוט דקדק 250 ג,גרמים,250.00,100 גרם,false,,15.90,6.3600,true,1,16861
7290002348238,false,אננס חתוך 820 ג' ויליגר,טיפקו,TH,לפתן אננס חתוך ויליג,גרמים,830.00,100 גרם,false,,6.90,0.8313,true,1,61912
7290002353836,false,סרדינים רוברט בשמן זית 115 גרם,קונסרבס פורטוגל נורט,PT,סרדינים רוברט בשמן ז,גרמים,120.00,100 גרם,false,,8.90,7.4167,true,1,16871
7290002360124,false,פומפדור חליטת צמחים ורד הבר והיביסקו חדש,טיקנה,DE,פומפדור חליטת ורד הב,גרמים,30.00,100 גרם,false,,15.90,53.0000,true,1,21426
7290002360285,false,תה פומפדור חליטת צמחים קמומיל 20 שק,טיקנה,DE,פומפדור חליטת קמומיל,גרמים,30.00,100 גרם,false,,15.90,53.0000,true,1,21431
7290002371526,false,סלסולי פסטרמה שום וצילי 120 גר טירת צבי,הנסיך- מפעל לייצור ט,IL,טירת צבי סלסולי פסטר,גרמים,120.00,100 גרם,false,,12.80,10.6667,true,1,25339
7290002371540,false,דקניקים קורנדביף 120 ג' טירת צבי,הנסיך- מפעל לייצור ט,IL,טירת צבי קורנדביף דק,גרמים,120.00,100 גרם,false,,12.80,10.6667,true,1,25341
7290002371854,false,"נקניקיות עוף מתובלות 1 ק""ג טירת צבי",הנסיך- מפעל לייצור ט,IL,נקניקיות עוף מתובלות,קילוגרמים,1.00,"ק""ג",false,,24.90,24.9000,true,1,25343
7290002374268,false,שמן חמניות מילומור 1 ליטר,,,שמן חמניות מילומור 1,ליטרים,1.00,ליטר,false,,9.90,9.9000,true,1,29347
7290002374312,false,"שמן קנולה מילומור 1 ל' עד""ח","נארז ע""י : א.ג. גילר",IL,שמן קנולה מילומור 1,ליטרים,1.00,ליטר,false,,11.90,11.9000,true,1,29348
7290002374640,false,שמן קנולה פלוס אומגה 3 1 ליטר עץ הזית,,,שמן קנולה פלוס אומגה,ליטרים,1.00,ליטר,false,,16.90,16.9000,true,1,29350
7290002402756,false,בשר לחמין קפוא 800 ג' מחפוד,,,בשר לחמין 800 גר,גרמים,800.00,100 גרם,false,,49.90,6.2375,true,1,47052
7290002402855,false,נקניקיות קוקטיל מחפוד 400 גר',,,נקניקיות קוקטייל 400,גרמים,400.00,100 גרם,false,,10.90,2.7250,true,1,47053
7290002404583,false,"היוצר בראשית קברנה 750 מ""ל ^^^",יקב היוצר,,יין היוצר בראשית קבר,מיליליטרים,750.00,"100 מ""ל",false,,37.90,5.0533,true,1,11868
7290002404590,false,"היוצר בראשית מרלו 750 מ""ל ^^^",,,יין היוצר בראשית רזר,מיליליטרים,750.00,"100 מ""ל",false,,37.90,5.0533,true,1,11869
7290002404637,false,"היוצר וירטואוזו שיראז 750 מ""ל",יקב היוצר,,יין וירטואוז שירז 75,מיליליטרים,750.00,"100 מ""ל",false,,45.90,6.1200,true,1,11873
7290002404828,false,תירוש ארזה 1 ליטר,,IL,תירוש ארזה 1 ליטר,ליטרים,1.00,ליטר,false,,15.90,15.9000,true,1,11877
7290002404958,false,יין גינוסר1 ליטר,,,גינוסר 1 ליטר,ליטרים,1.00,ליטר,false,,14.90,14.9000,true,1,11885
7290002439981,false,אל גאוצו קלאסיקו קבב,"טיבון ויל אחזקות בע""",IL,אל גאוצו קלאסיקו קבב,גרמים,400.00,100 גרם,false,,23.90,5.9750,true,1,16889
7290002439998,false,קלאסיקו קבב בקר וכבש,טיבון ויל - נטו,IL,אל גאוצו קלאסיקו קבב,גרמים,400.00,100 גרם,false,,23.90,5.9750,true,1,16890
7290002507277,false,קציצות דג דלידג 700 גר,אף.סי תבליני בגליל ב,IL,קציצות דג 700גר,גרמים,700.00,100 גרם,false,,24.90,3.5571,true,1,16898
7290002512004,false,צנעני מלווח 900 גרם,,,צנעני מלווח 900 גרם,גרמים,900.00,100 גרם,false,,21.90,2.4333,true,1,51522
7290002512011,false,צנעני גחנון 900 גרם,,IL,צנעני גחנון 900 גרם,גרמים,900.00,100 גרם,false,,21.90,2.4333,true,1,51523
7290002512066,false,גחנון אפוי צנעני 600 גרם,,,ג'חנון אפוי צנעני 65,גרמים,650.00,100 גרם,false,,20.90,3.2154,true,1,279380
7290002515333,false,"ד""ר פישר - קמיל בלו סנסיטיב אל סבון עדין לתינוק 500 מ""ל",,,קמיל בלו סנסיטיב מוע,מיליליטרים,500.00,"100 מ""ל",false,,17.90,3.5800,true,1,29065
7290002515364,false,"ד""ר פישר - קמיל בלו אל סבון + מילוי 500 מ""ל",פישר מעבדות פרמצבטיו,IL,קמיל בלו אל סבון 500,מיליליטרים,500.00,"100 מ""ל",false,,13.90,2.7800,true,1,29066
7290002515371,false,אל סבון קמיל בלו קלאסיק דר פישר 1 ל,,,קמיל בלו משפחתי 1 לי,ליטרים,1.00,ליטר,false,,26.90,26.9000,true,1,29067
7290002517269,false,תבלין פלפל שחור שלם 35ג',תות ממתקי איכות,IL,תבלין פלפל שחור שלם,גרמים,35.00,100 גרם,false,,7.00,20.0000,true,1,42395
7290002517337,false,תבלין אורגנו עלים 20 גר',תות ממתקי איכות,IL,תבלין אורגנו בשקית ט,גרמים,20.00,100 גרם,false,,6.80,34.0000,true,1,42399
7290002517580,false,תערובת תיבול לעוף - 80 גרם,תות ממתקי איכות,IL,תערובת תיבול לעוף טע,גרמים,80.00,100 גרם,false,,10.50,13.1250,true,1,42405
7290002542841,false,"שישייה בירה לף בלונד בקבוק 330X6 מ""ל",לף,BE,בירה לף בלונד -שישיה,ליטרים,1.98,ליטר,false,,49.90,25.2020,true,1,205861
7290002543046,false,קלוגס פרוסטיס דגנים וסוכר 750ג',קלוג מנייופרטורינג א,ES,פרוסטיס דגני קלוגס 7,גרמים,750.00,100 גרם,false,,15.90,2.1200,true,1,5285
7290002543237,false,קלוגס קורן פלקס 750 גרם,קלוגס קומפני אוף גרי,IL,קורנפלקס קלוגס 750 ג,גרמים,750.00,100 גרם,false,,14.90,1.9867,true,1,5289
7290002581079,false,תן צ'אפ חטיף טבעות 50 גר',,,תן צאפ טבעות 50 גרם,גרמים,50.00,100 גרם,false,,4.20,8.4000,true,1,14948
7290002627210,false,"גפילטעפיש קציצות מדגי קרפיון וכסיף 560 גר' בעל""ז",האי נאם סי או אל.טי.,IL,גפילטע פיש בצנצנת דל,גרמים,560.00,100 גרם,false,,11.90,2.1250,true,1,16906
7290002628293,false,טחון עוף קפוא 500 גרם,,IL,טחון עוף קפוא 500 גר,גרמים,500.00,100 גרם,false,,10.90,2.1800,true,1,35302
7290002651253,false,ג'חנון אפוי חמסי 60,מעדני הטלה,,ג'חנון אפוי חמסי 60,גרמים,600.00,100 גרם,false,,15.90,2.6500,true,1,16909
7290002692393,false,שמן קנולה מועשר1 ליטר-עץ הזית,,IL,שמן קנולה מועשר עץ ה,ליטרים,1.00,ליטר,false,,15.90,15.9000,true,1,29352
7290002692478,false,"שמן זית כתית מעולה 750מ""ל מעודן עץ הזית","מרקאולאו, ספרד.אבסה,",IT,שמן זית כתית מעולה מ,מיליליטרים,750.00,"100 מ""ל",false,,33.90,4.5200,true,1,29354
7290002692768,false,"תרסיס קנולה מופחת קלוריות 200 מ""ל עץ הזית",קומפניה,IT,תרסיס שמן קנולה עץ ה,מיליליטרים,200.00,"100 מ""ל",false,,15.90,7.9500,true,1,29357
7290002692775,false,"שמן תרסיס טעם חמאה 200 מ""ל לל""תוספת גז ""עץ הזית""",,IL,תרסיס שמן קנולה בטעם,מיליליטרים,200.00,"100 מ""ל",false,,15.90,7.9500,true,1,29358
7290002692782,false,"תרסיס שמן זית כתית מעולה עץ הזית 150 מ""ל","נארז ע""י : א.ג. גילר",IT,תרסיס שמן זית עץ הזי,מיליליטרים,200.00,"100 מ""ל",false,,15.90,7.9500,true,1,29359
7290002703068,false,צנצנת דבש עין חרוד 1,,,צנצנת דבש עין חרוד 1,קילוגרמים,1.00,"ק""ג",false,,40.90,40.9000,true,1,47384
7290002703310,false,צנצנת דבש עין חרוד 5,,,צנצנת דבש עין חרוד 5,גרמים,500.00,100 גרם,false,,21.90,4.3800,true,1,47389
7290002703358,false,צנצנת דבש עין חרוד 3,,,צנצנת דבש עין חרוד 3,גרמים,350.00,100 גרם,false,,15.90,4.5429,true,1,47390
7290002703402,false,דבש עין חרוד 400 גרם,,,דבש עין חרוד 400 גרם,גרמים,400.00,100 גרם,false,,19.90,4.9750,true,1,47391
7290002703426,false,דבש לחיץ מכוורת 250,,,דבש לחיץ מכוורת 250,גרמים,250.00,100 גרם,false,,12.90,5.1600,true,1,47392
7290002703655,false,סילאן 100% טבעי עין,,,סילאן 100% טבעי עין,גרמים,385.00,100 גרם,false,,12.90,3.3506,true,1,47394
7290002703662,false,סילאן 100% טבעי צנצנ,,,סילאן 100% טבעי צנצנ,גרמים,900.00,100 גרם,false,,19.90,2.2111,true,1,47395
7290002730521,false,צימרוני אוזניים בלונס בקופסא 200 יח',ספטונה,GR,צמרונים בקופסא בלונס,יחידה,0.00,יחידה,false,,6.90,0.0000,true,1,21438
7290002730941,false,בלונס צמר גפן פרוס 100 ג',הנסיך- מפעל לייצור ט,GR,צמר גפן פרוס בלונס 1,גרמים,100.00,100 גרם,false,,6.90,6.9000,true,1,21446
7290002730958,false,פלמוליב סבון מוצק? ירוק זית רביעייה * 100 ג',הנסיך- מפעל לייצור ט,TR,סבון מוצק ירוק זית פ,גרמים,400.00,100 גרם,false,,16.90,4.2250,true,1,21447
7290002735007,false,"בצק עלים 1 ק""ג",,,"בצק עלים 1 ק""ג",קילוגרמים,1.00,"ק""ג",false,,13.90,13.9000,true,1,20419
7290002735014,false,ינון מלווח ארוז 800,ג'נרל מילס סאן אדריא,IL,ינון מלווח ארוז 800,גרמים,800.00,100 גרם,false,,13.90,1.7375,true,1,20420
7290002735021,false,ינון גחנון ארוז 750,ג'נרל מילס סאן אדריא,IL,ינון גחנון ארוז 750,גרמים,750.00,100 גרם,false,,13.90,1.8533,true,1,20421
7290002735113,false,בורקס גבינה ינון 800,,,בורקס גבינה ינון 800,גרמים,800.00,100 גרם,false,,15.90,1.9875,true,1,20422
7290002735120,false,"בורקס תפו""א ינון 800",,,"בורקס תפו""א ינון 800",גרמים,800.00,100 גרם,false,,13.90,1.7375,true,1,20423
7290002735274,false,גחנון אפוי ינון 600ג,ג'נרל מילס סאן אדריא,IL,ינון גחנון אפוי 600,גרמים,600.00,100 גרם,false,,14.90,2.4833,true,1,20426
7290002752332,false,"סוכריות מנטוס פירות בגליל, 37.5 גרם",הדקלאים אגודת שיתופי,NL,מנטוס .סוכריות פירות,גרמים,37.50,100 גרם,false,,2.90,7.7333,true,1,12744
7290002752349,false,סוכריות מנטוס מנטה 40יח' בגליל 38ג',פרפטי ואן מלה,NL,מנטוס סוכריות מנטה 3,גרמים,37.50,100 גרם,false,,2.90,7.7333,true,1,12745
7290002752493,false,רביעיה סוכריות מנטה 4* 16 ג' טיק טק,פררו,ZA,טיק טק 1/4,גרמים,64.00,100 גרם,false,,11.50,17.9688,true,1,41465
7290002757139,false,מלאווח תימני מקורי 3 האופים 700 גר',TLV צ'יף,IL,שלושת האופים מלוואח,גרמים,700.00,100 גרם,false,,12.90,1.8429,true,1,16927
7290002757511,false,קציצות דג לבישול דלידג 750ג',האי נאם סי או אל.טי.,IL,דלידג קציצות דג לביש,גרמים,750.00,100 גרם,false,,30.90,4.1200,true,1,16930
7290002757528,false,"בורקס פילו תפו""א 700 גר'",יוליניבר,IL,"בורקס פילו תפו""א 700",גרמים,700.00,100 גרם,false,,19.90,2.8429,true,1,16931
7290002757535,false,בורקס פילו אצבעות גבינה 700 ג' שלושת האופים,יוליניבר,IL,בורקס פילו אצבעות גב,גרמים,700.00,100 גרם,false,,19.90,2.8429,true,1,16932
7290002757665,false,קבב מזרחי טיבון ויל 400 ג',,,קבב מזרחי 400 גרם,גרמים,400.00,100 גרם,false,,9.90,2.4750,true,1,16934
7290002757672,false,המבורגר מזרחי טיבון ויל 400ג',,,המבורגר 400גרם נטו,גרמים,400.00,100 גרם,false,,9.90,2.4750,true,1,16935
7290002768036,false,"מי פה תיאדנט ענק מונע עששת 150מ""ל",,IL,"מי פה תיאדנט 150 מ""ל",מיליליטרים,150.00,"100 מ""ל",false,,15.90,10.6000,true,1,29844
7290002768043,false,"תיאדנט מי-פה ענק פלאוריד 150 מ""ל",טרופיקל דגיל תעשיות,IL,מי פה ענק תיאדנט 150,מיליליטרים,150.00,"100 מ""ל",false,,15.90,10.6000,true,1,29845
7290002768159,false,"בת אורן סבון קצף לאמבט 500 מ""ל",פארק תעשיות עמק חפרמ,IL,קצף אמבט בת אורן 500,מיליליטרים,500.00,"100 מ""ל",false,,16.90,3.3800,true,1,29847
7290002775010,false,מיני בורקס פילו גבינה שלושת האופים מהדרין 650 ג',,,מיני בורקס פילו גבינ,גרמים,650.00,100 גרם,false,,19.90,3.0615,true,1,16941
7290002782759,false,"פנינה קרם גוף רוזנבלום 400 מ""ל",א.ל ארמן,,קרם גוף מס' 2 פנינה,מיליליטרים,400.00,"100 מ""ל",false,,22.90,5.7250,true,1,18114
7290002787891,false,בורקס מקלות פילו תרד 3.האופים 600 ג',,,שלושת האופים מקלות ב,גרמים,600.00,100 גרם,false,,19.90,3.3167,true,1,16964
7290002793311,false,שירות והחלפה מילוי גז 60 סודהסטרים,סודה סטרים,,מילוי למכשיר 50,יחידה,0.00,יחידה,false,,60.00,0.0000,true,1,17526
7290002814054,false,סנט מוריץ מתז אנטרטיק מתז 1 ליטר,קומפלקס כימיקלים,IL,אנטרקטיק במתז 1 ליטר,ליטרים,1.00,ליטר,false,,9.90,9.9000,true,1,20102
7290002814160,false,מסיר שומנים קר סנט מ,,,מסיר שומנים קר סנט מ,יחידה,0.00,יחידה,false,,18.90,0.0000,true,1,20106
7290002814290,false,BLANCO קצף אקונומיקה מרוכז 1 ליטר בניחוח לימון,קומפלקס כימיקלים,IL,קצף מרוכז 1 ליטר בלנ,ליטרים,1.00,ליטר,false,,10.90,10.9000,true,1,84987
7290002814603,false,"סנט מוריץ - מרסס מסיר שומנים קר מבושם לימון 750 מ""ל",,,מסיר שומנים קר מבושם,מיליליטרים,750.00,"100 מ""ל",false,,12.90,1.7200,true,1,20118
7290002814870,false,"סנט מוריץ - מרסס מסיר שומנים קר מבושם לוונדר\פרחים 750 מ""ל",,IL,מסיר שומנים קר מבושם,מיליליטרים,750.00,"100 מ""ל",false,,12.90,1.7200,true,1,20119
7290002814887,false,עלמה מגבונים לחים לרצפה 10 יחידות,,IL,מגבונים לחים לרצפה 1,יחידה,0.00,יחידה,false,,8.50,0.0000,true,1,85066
7290002814917,false,תכשיר ס.מוריץ מרוכז לרצפות לוונדר 4 ל',קומפלקס כימיקלים,IL,סנט מוריץ ניקוי לרצפ,ליטרים,4.00,ליטר,false,,10.90,2.7250,true,1,20120
7290002824183,false,גבינה לבנה 5% שומן 500 ג' שטראוס,מיוצר עי קונדיטוריית,IL,גבינה לבנה 5% סקי 50,גרמים,500.00,100 גרם,false,,9.50,1.9000,true,1,23264
7290002824466,false,יוגורט דנונה ביו 0% 200 גרם,"שטראוס בריאות בע""מ",IL,דנונה יוגורט ביו 0%,מיליליטרים,200.00,"100 מ""ל",false,,3.70,1.8500,true,1,23265
7290002824640,false,גבינה שטראוס 5% 250 ג',מיוצר עי קונדיטוריית,IL,גבינה 5% סקי 250 גרם,גרמים,250.00,100 גרם,false,,4.98,1.9920,true,1,23266
7290002825722,false,סלט כרוב אדום אחלה,מיוצר עי קונדיטוריית,IL,אחלה כרוב אדום 500ג,גרמים,500.00,100 גרם,false,,12.90,2.5800,true,1,23268
7290002827306,false,נקניקיות עוף ירושלים מחפוד 400 ג',,,עוף ירושלים נקניקיות,גרמים,400.00,100 גרם,false,,10.90,2.7250,true,1,47063
7290002827337,false,נקניקיות עוף פיקנטי 400 גר' מחפוד,,,עוף ירושלים נקניקיות,גרמים,400.00,100 גרם,false,,10.90,2.7250,true,1,47066
7290002842002,false,מורנפלייק שיבולת שועל הכנה מהירה 500 גר,,GB,מורנפלייק פתיתי שיבו,גרמים,500.00,100 גרם,false,,11.90,2.3800,true,1,41978
7290002868996,false,קוטג' 5% מועשר טרה 250ג' מהדרין,טרה,IL,טרה קוטג מועשר 5% 25,גרמים,250.00,100 גרם,false,,5.40,2.1600,true,1,6382
7290002871248,false,"בירה טובורג רד חוזר 500 מ""ל",מבשלות בירה בינלאומי,IL,בירה טובורג רד בקבוק,מיליליטרים,500.00,"100 מ""ל",false,,7.90,1.5800,true,1,6906
7290002871361,false,"קרלסברג בירה בק.חוזר 500 מ""ל",מבשלות בירה בינלאומי,IL,קרלסברג בירה בק.חוזר,מיליליטרים,500.00,"100 מ""ל",false,,7.90,1.5800,true,1,6907
7290002881018,false,מעדן תות שדה 100% 284 גרם,,,סן מורנו מעדן תות שד,גרמים,284.00,100 גרם,false,,11.90,4.1901,true,1,24931
7290002881032,false,מעדן אוכמניות כחולות 100% 284 גרם,,,סן מורנו מעדן אוכמני,גרמים,284.00,100 גרם,false,,11.90,4.1901,true,1,24933
7290002881216,false,רסק תפוחי עץ דיאט 708 גרם צנצנת,,,"רסק תפו""ע דיאט תפוחי",גרמים,700.00,100 גרם,false,,11.90,1.7000,true,1,24945
7290002881230,false,אננס חתוך תומר 825 גרם,,IL,אננס חתוך תומר 850 ג,גרמים,850.00,100 גרם,false,,9.90,1.1647,true,1,24946
7290002881247,false,אננס שלם פרוסות תומר,,IL,אננס שלם פרוסות תומר,גרמים,850.00,100 גרם,false,,9.90,1.1647,true,1,24947
7290002881254,false,קוקטייל פירות טרופי תומר 820 ג',סאנרייז,,קוקטייל טרופי תומר 8,גרמים,850.00,100 גרם,false,,9.90,1.1647,true,1,24948
7290002881261,false,"ליצ'י שלם 565 גרם ""תומר""",זהנגזהו אנגבה,IL,ליצי שלם תומר 565 גר,גרמים,565.00,100 גרם,false,,10.60,1.8761,true,1,24949
7290002881278,false,אפרסק חצאים תומר 820,,,אפרסק חצאים תומר 820,גרמים,820.00,100 גרם,false,,9.90,1.2073,true,1,24950
7290002881407,false,נודלס אטריות ביצים דק תומר 400ג',,,נודלס דק תומר 400 גר,גרמים,400.00,100 גרם,false,,7.90,1.9750,true,1,24955
7290002881414,false,נודלס עבה תומר 400ג'30X,,,נודלס עבה תומר 400 ג,גרמים,400.00,100 גרם,false,,7.90,1.9750,true,1,24956
7290002881506,false,חמאת בוטנים תומר 510 ג',,,חמאת בוטנים 510 גרם,גרמים,510.00,100 גרם,false,,12.40,2.4314,true,1,24960
7290002881513,false,חמאת בוטנים עם שברי בוטנים 510 ג' תומר,,,חמאת בוטנים עם שברי,גרמים,510.00,100 גרם,false,,12.40,2.4314,true,1,24961
7290002881612,false,לפתן דובדבנים חמוצים 680 גרם,,IL,לפתן דובדבנים חמוצים,גרמים,700.00,100 גרם,false,,8.90,1.2714,true,1,24966
7290002881940,false,סרדינים מרוקאי בשמן חמניות 125ג' תומר,,,סרדין מרוקאי בשמן תו,גרמים,125.00,100 גרם,false,,4.90,3.9200,true,1,24978
7290002881957,false,סרדינים מרוקאי חריף בשמן חמניות 125ג' תומר,,,סרדין מרוקאי חריף תו,גרמים,125.00,100 גרם,false,,4.90,3.9200,true,1,24979
7290002900566,false,פסטרמה ברביקיו דל שומן טירת צבי 360 ג',הנסיך- מפעל לייצור ט,IL,פסטרמה ברביקיו דל שו,גרמים,360.00,100 גרם,false,,27.90,7.7500,true,1,25347
7290002904694,false,"טיטניום דאודורנט ספריי לגברים 150 מ""ל",אמיליה קוסמטיקס בעמ,IL,דאודורנט ספריי קלאסי,מיליליטרים,180.00,"100 מ""ל",false,,15.90,8.8333,true,1,29848
7290002909972,false,שעועית ירוקה שלמה בלדי 800 גר',,,שעועית ירוקה שלמה מו,גרמים,800.00,100 גרם,false,,11.90,1.4875,true,1,551504
7290002921349,false,דבק סופר גלו מארז זוגי,הנקל,,סופר גלו 3 זוגי,יחידה,0.00,יחידה,false,,13.90,0.0000,true,1,11295
7290002922117,false,מארז עוגיות אקלר 250,אקלר,,מארז עוגיות אקלר 250,100 יח',250.00,100 יח',false,,23.90,9.5600,true,1,336264
7290002925729,false,"גם וגם משחת שיניים כחול ומי פה בטעם פפרמינט 120 מ""ל","אמיליה קוסמטיקס בע""מ",IL,משחת שיניים בטעם פפר,מיליליטרים,120.00,"100 מ""ל",false,,15.50,12.9167,true,1,29849
7290002971955,false,"קמח שטיבל 650 ללא ניפוי 1 ק""ג",,,קמח לבן 650 ללא צורך,קילוגרמים,1.00,"ק""ג",false,,8.50,8.5000,true,1,9224
7290002971993,false,"קמח כוסמין מס 14 ללא ניפוי 1 ק""ג",,IL,קמח כוסמין מלא ללא צ,קילוגרמים,1.00,"ק""ג",false,,13.90,13.9000,true,1,9226
7290002972006,false,"קמח שטיבל 405 ללא ניפוי 1 ק""ג",,,קמח בהיר 405 ללא צור,קילוגרמים,1.00,"ק""ג",false,,8.50,8.5000,true,1,9227
7290002972365,false,קמח תופח שטיבל 13 ללא צורך בניפוי 1 קג,מיוצר עי קונדיטוריית,IL,קמח תופח ללא צורך בנ,קילוגרמים,1.00,"ק""ג",false,,8.50,8.5000,true,1,9228
7290002972426,false,"קמח חיטה 80% ללא ניפוי שטיבל 1ק""ג",,,קמח מלא 80% ללא צורך,קילוגרמים,1.00,"ק""ג",false,,8.50,8.5000,true,1,9229
7290002973669,false,"קמח שטיבל ללחם 2 ללא ניפוי 1 ק""ג",,,קמח לחם ללא צורך בני,קילוגרמים,1.00,"ק""ג",false,,7.90,7.9000,true,1,104543
7290002973676,false,"קמח שטיבל לחלה 18 ללא ניפוי 1 ק""ג",,,קמח לחלה ללא צורך בנ,קילוגרמים,1.00,"ק""ג",false,,7.90,7.9000,true,1,104544
7290002973812,false,קמח כוסמין 80% ללא צ,,,קמח כוסמין 80% ללא צ,קילוגרמים,1.00,"ק""ג",false,,14.90,14.9000,true,1,108995
7290002973829,false,"קמח כוסמין לבן ללא ניפוי שטיבל 1 ק""ג",,IL,קמח כוסמין לבן ללא צ,קילוגרמים,1.00,"ק""ג",false,,14.90,14.9000,true,1,108996
7290002974314,false,"קמח פיצה שטיבל 1 ק""ג",,,"קמח פיצה שטיבל 1 ק""ג",קילוגרמים,1.00,"ק""ג",false,,11.90,11.9000,true,1,540406
7290002974352,false,קמח רותה חיטה מלא שט,,,קמח רותה חיטה מלא שט,קילוגרמים,1.00,"ק""ג",false,,9.90,9.9000,true,1,532785
7290002986652,false,גטניו פתי בר שוקו 470 גרם,"אחים גטניו בע""מ",,גטניו - פתיבר שוקו 4,גרמים,470.00,100 גרם,false,,9.90,2.1064,true,1,41262
7290002987963,false,"סלט חומוס אחלה 1 ק""ג",מיוצר עי קונדיטוריית,IL,אחלה חומוס 1קג,קילוגרמים,1.00,"ק""ג",false,,13.90,13.9000,true,1,23269
7290003009312,false,בוטן קלוי קלית גת 200 ג',הדקלאים אגודת שיתופי,IL,בוטן קלוי 200 גרם,גרמים,200.00,100 גרם,false,,7.90,3.9500,true,1,12749
7290003009329,false,בוטן אמריקאי קלית גת 200 ג',הדקלאים אגודת שיתופי,IL,בוטן אמריקאי מצופה 2,גרמים,200.00,100 גרם,false,,6.50,3.2500,true,1,12750
7290003009336,false,קבוקים מצופים קליית,הדקלאים אגודת שיתופי,IL,קבוקים מצופים 200 גר,גרמים,200.00,100 גרם,false,,6.50,3.2500,true,1,12751
7290003009596,false,"סירופ דיאט אשכוליות פריגת 750 מ""ל",גת,IL,סירופ דיאט אשכוליות,מיליליטרים,750.00,"100 מ""ל",false,,21.60,2.8800,true,1,6919
7290003009640,false,מיץ סחוט תפוזים 1 ל' פריגת,גת,IL,פריגת סחוט מיץ תפוזי,ליטרים,1.00,ליטר,false,,15.90,15.9000,true,1,6384
7290003011087,false,אורז בסמטי אלפאנט 1 קג,,,אלסקה אורז בסמטי אלפ,קילוגרמים,1.00,"ק""ג",false,,9.90,9.9000,true,1,4618
7290003015627,false,סנו ריצפז פרש 2 ליטר אפרסק,"סנו מפעלי ברונוס בע""",IL,ריצפז פרש אפרסק 2 לי,ליטרים,2.00,ליטר,false,,18.90,9.4500,true,1,29857
7290003015641,false,סנו ריצפז פרש 2 ליטר יסמין,סנו,IL,ריצפז פרש יסמין 2 לי,ליטרים,2.00,ליטר,false,,18.90,9.4500,true,1,29859
7290003015672,false,סנו סופט מפיות צבעוניות חלקות 50 יח',,,סנו סופט מפיות צבעונ,יחידה,0.00,יחידה,false,,7.90,0.0000,true,1,29860
7290003026227,false,"ד""ר פישר - קמיל בלו סנסיטיב שמפו אלדמע 1 ליטר",,,קמיל בלו סנסיטיב שמפ,יחידה,0.00,יחידה,false,,33.90,0.0000,true,1,29071
7290003029181,false,משקה יטבתה שוקו' בקבוק 1ל מהדרין,מחלבת יטבתה,IL,יטבתה שוקו בקבוק 1ל,ליטרים,1.00,ליטר,false,,11.90,11.9000,true,1,23273
7290003029372,false,משקה חלב בננה בקבוק 1ל' יוטבתה,מחלבת יטבתה,IL,יטבתה משקה חלב בננה,ליטרים,1.00,ליטר,false,,11.90,11.9000,true,1,23276
7290003029389,false,"משקה חלב בננה פקק ספורט 250 מ""ל יוטבתה",שטראוס גרופ,IL,יטבתה משקה חלב בננה+,מיליליטרים,250.00,"100 מ""ל",false,,5.50,2.2000,true,1,23277
7290003029433,false,"משקה יטבתה שוקו פקק 250 מ""ל מהדרין",מחלבת יטבתה,IL,יטבתה שוקו +פקק 250,מיליליטרים,250.00,"100 מ""ל",false,,5.50,2.2000,true,1,23278
7290003029532,false,מוקה בקבוק 1 ל' יוטבתה,מחלבת יטבתה,IL,יטבתה מוקה 1ל,ליטרים,1.00,ליטר,false,,11.90,11.9000,true,1,23280
7290003029792,false,"משקה יטבתה שוקו שקיות מהדרין מארז 225X8מ""ל",שטראוס גרופ,,יטבתה מהדרין שוקו שק,ליטרים,1.80,ליטר,false,,18.90,10.5000,true,1,23282
7290003029815,false,חלב יוטבתה מועשר 3% בכד 2ל',מחלבת יטבתה,IL,חלב מועשר בכד2 ליטר,ליטרים,2.00,ליטר,false,,14.90,7.4500,true,1,23283
7290003029907,false,משקה יטבתה אייס קפה 1ליטר,מחלבת יטבתה,IL,יטבתה אייס קפה 1ל,ליטרים,1.00,ליטר,false,,11.90,11.9000,true,1,23285
7290003054657,false,חרדל דיז'ון אקסטרא פורטה 370 ג,כלורוקס אוקלנד,FR,חרדל דיג'ון אקסטרא פ,גרמים,370.00,100 גרם,false,,10.90,2.9459,true,1,5298
7290003072859,false,רוסטביף טירת צבי 120 ג',הנסיך- מפעל לייצור ט,IL,רוסטביף טירת צבי 120,גרמים,120.00,100 גרם,false,,22.90,19.0833,true,1,56501
7290003072965,false,קבנוס חריף מעושן טירת צבי 120 גרם,טירת צבי,IL,קבנוס חריף מעושן 120,גרמים,120.00,100 גרם,false,,9.90,8.2500,true,1,138389
7290003072972,false,קבנוס בתיבול מעושן טירת צבי 120 גרם,טירת צבי,IL,קבנוס בתיבול שום 120,גרמים,120.00,100 גרם,false,,9.90,8.2500,true,1,138390
7290003102136,false,צמר גפן COTTON SOFT רפואי 100 גר' 3102136,הדקלאים אגודת שיתופי,TR,צמר גפן כוטון סופט 1,גרמים,100.00,100 גרם,false,,4.90,4.9000,true,1,868
7290003107148,false,"קמח לבן דגן 1 ק""ג",,,"קמח לבן דגן 1 ק""ג",קילוגרמים,1.00,"ק""ג",false,,4.50,4.5000,true,1,9232
7290003107216,false,"קמח לבן דגן 1 ק""ג",,,"קמח לבן דגן 1 ק""ג",קילוגרמים,1.00,"ק""ג",false,,6.50,6.5000,true,1,9234
7290003107223,false,"סולת חיטה דגן 1 ק""ג",,,"סולת חיטה דגן 1 ק""ג",קילוגרמים,1.00,"ק""ג",false,,6.50,6.5000,true,1,9235
7290003107247,false,שטיבל שמרים יבשים 33,,,שטיבל שמרים יבשים 33,גרמים,33.00,100 גרם,false,,5.90,17.8788,true,1,9237
7290003107315,false,"סולת דגן 1 ק""ג",,,"סולת דגן 1 ק""ג",קילוגרמים,1.00,"ק""ג",false,,4.50,4.5000,true,1,9238
7290003107346,false,קמח חיטה לבן דגן 1 ק,,,קמח חיטה לבן דגן 1 ק,קילוגרמים,1.00,"ק""ג",false,,4.50,4.5000,true,1,9240
7290003126712,false,"משק צוריאל יוגורט עיזים 3% ביו 140מ""ל",משק צוריאל,IL,צוריאל יוגורט עיזים,מיליליטרים,150.00,"100 מ""ל",false,,5.90,3.9333,true,1,6388
7290003126958,false,טופו גבינה גוש בואקום צוריאל 300 ג',א.י.ן תעשיות מזון בע,IL,צוריאל גבינה גוש טופ,גרמים,300.00,100 גרם,false,,11.90,3.9667,true,1,6389
7290003133123,false,לחם זהב עגול אוקראיני 750 ג',מאפיית דוידוביץ ובני,IL,לחם אוקראיני מיוחד ע,גרמים,750.00,100 גרם,false,,12.90,1.7200,true,1,579606
7290003143139,false,סילאן תמרים קלית גת 900 ג',"טעמי הגליל בע""מ",IL,קליית גת סילאן 900ג,גרמים,900.00,100 גרם,false,,13.90,1.5444,true,1,12765
7290003143146,false,ממרח תמרים קליית גת 450 גרם,הדקלאים אגודת שיתופי,IL,ממרח תמרים 450 גרם,גרמים,450.00,100 גרם,false,,6.50,1.4444,true,1,12766
7290003145751,false,קשיו קלוי קליית גת 200 גר,הדקלאים אגודת שיתופי,IL,קשיו קלוי 200 גרם,גרמים,200.00,100 גרם,false,,19.90,9.9500,true,1,12786
7290003145959,false,פקאן טבעי 150 גרם קליית גת,קוד יצרן JG,IL,אגוז פקאן טבעי 150 ג,גרמים,150.00,100 גרם,false,,19.90,13.2667,true,1,12789
7290003185719,false,קבב רומני 500 גרם,טיבון ויל אחזקות בעמ,IL,קבב רומני 500 גרם,גרמים,500.00,100 גרם,false,,17.90,3.5800,true,1,16994
7290003189076,false,פיצרלה מגורדת אישית 500 גרם,,,פיצרלה חלבון צמחי,גרמים,500.00,100 גרם,false,,19.90,3.9800,true,1,18258
7290003189144,false,"גבינה הולנדית 22% שומן 1 ק""ג כפיר",,,הולנדי כפיר חלבון צ,קילוגרמים,1.00,"100 ק""ג",false,,37.90,3790.0000,true,1,18260
7290003189168,false,"צהובה מעושנת 1 ק""ג",,,"מעושנת 22% כפיר 1 ק""",קילוגרמים,1.00,"100 ק""ג",false,,41.90,4190.0000,true,1,18262
7290003220403,false,מעדני המלך- קרקר מלוח 110 גרם,,,מעדני המלך קרקר עם מ,גרמים,110.00,100 גרם,false,,2.90,2.6364,true,1,41269
7290003220410,false,קרקר שומשום 110 ג' נאפה מעדני מלך,,,מעדני המלך קרקר שומש,גרמים,110.00,100 גרם,false,,2.90,2.6364,true,1,41270
7290003220595,false,"ווק אורז לסושי 1 ק""ג WOK","מיה תעשיות מזון בע""מ",,אורז לסושי 1 ק'ג WOK,קילוגרמים,1.00,"ק""ג",false,,12.90,12.9000,true,1,279546
7290003220717,false,ווק נורי סילבר 10 דפים WOK,JAEWON GLOBAL NET,,אצות נורי סילוור 10,גרמים,22.00,100 גרם,false,,12.90,58.6364,true,1,279566
7290003220755,false,ווק רוטב סויה כהה 64,ליאנג סאנג האנד הואד,,ווק רוטב סויה כהה 64,מיליליטרים,640.00,"100 מ""ל",false,,15.90,2.4844,true,1,279569
7290003220977,false,עוגיות חצי ירח מצופה 175 נאפה מעדני מלך,אפיפית,IL,מעדני מלך ירח חצי מצ,גרמים,175.00,100 גרם,false,,5.90,3.3714,true,1,148690
7290003229109,false,פסטרמה בפפריקה 400 גרםטירת צבי,הנסיך- מפעל לייצור ט,IL,א.מ .פסטרמה בפפריקה,גרמים,400.00,100 גרם,false,,26.90,6.7250,true,1,25373
7290003229116,false,פסטרמה בדבש 400 גרםטירת צבי,הנסיך- מפעל לייצור ט,IL,א.מ פסטרמה בדבש 400,גרמים,400.00,100 גרם,false,,26.90,6.7250,true,1,25374
7290003229123,false,פסטרמה על גחלים 400 גרםטירת צבי,הנסיך- מפעל לייצור ט,IL,א.מ. פסטרמה על גחלים,גרמים,400.00,100 גרם,false,,26.90,6.7250,true,1,25375
7290003229147,false,נקניק סלמי איטלקי טירת צבי 300 ג',הנסיך- מפעל לייצור ט,IL,סלמי בסגנון איטלקי 3,גרמים,300.00,100 גרם,false,,26.90,8.9667,true,1,25376
7290003229154,false,סלמי קוניאק מובחר טירת צבי 300 ג',הנסיך- מפעל לייצור ט,IL,א.מ. סלמי קוניאק מוב,גרמים,300.00,100 גרם,false,,24.90,8.3000,true,1,25377
7290003229192,false,כתף בקר מעושן טירת צבי 400 ג' צבי,טיב טירת צבי 2000,IL,א.מ. כתף בקר מעושן 4,גרמים,400.00,100 גרם,false,,26.90,6.7250,true,1,25379
7290003229208,false,פסטרמה ספרדית 2% טירת צבי 360 ג',,,פסטרמה ספרדית 2% 360,גרמים,360.00,100 גרם,false,,27.90,7.7500,true,1,25380
7290003229215,false,פסטרמה איטלקית טירת צבי 360 ג',,,פסטרמה איטלקית 360 ג,גרמים,360.00,100 גרם,false,,27.90,7.7500,true,1,25381
7290003251308,false,אציטון משובח 100מל,שוורץ,,"אציטון משובח 100 מ""",מיליליטרים,100.00,"100 מ""ל",false,,3.90,3.9000,true,1,21175
7290003268252,false,לחם חיטה מלא לילדים 750 ג' דגנית עין בר,יוניליוור גרמניה Gm,IL,לחם חיטה מלא ללא גרע,גרמים,750.00,100 גרם,false,,13.90,1.8533,true,1,4507
7290003268429,false,לחם ירוק מקמח מלא 750 ג' דגנית עין בר,מולינו ניקולי s.p.a,IL,לחם מקמח מלא דגנית 7,גרמים,750.00,100 גרם,false,,14.90,1.9867,true,1,4508
7290003287253,false,נקנקיות מרגז בלאדי 500 ג',קרלו,IL,מרגז קצביה ארוז 600,גרמים,600.00,100 גרם,false,,28.90,4.8167,true,1,35309
7290003310555,false,"מאגדת טילון קרם עוגיות 4*100 מ""ל בן וג'ירי",,,מאגדת טילון קרם עוגי,גרמים,400.00,100 גרם,false,,24.90,6.2250,true,1,14399
7290003318100,false,וופל בטעם שוקולד מנעמים 200 ג',,,ופל שוקו מנעמים 200,גרמים,200.00,100 גרם,false,,4.30,2.1500,true,1,36050
7290003318131,false,וופל שוקו זהב מנעמית 200ג',,,ופל אגוז מנעמים 200,גרמים,200.00,100 גרם,false,,4.30,2.1500,true,1,36051
7290003318155,false,וופל טעם לימון מנעמים 200 ג',,,ופל לימון מנעמים 200,גרמים,250.00,100 גרם,false,,4.30,1.7200,true,1,36052
7290003318599,false,"וופל וניל ""מנעמית"" 200 ג'",,,ופל וניל מנעמים 200,גרמים,200.00,100 גרם,false,,4.30,2.1500,true,1,36054
7290003321155,false,יוגורט בר עם פקאן מצופה שוקולד 183 ג' דנונה,"שטראוס בריאות בע""מ",IL,דנונה קראנצ' ששבי פק,מיליליטרים,183.00,"100 מ""ל",false,,4.60,2.5137,true,1,23286
7290003321292,false,גבינה לבנה 9% שומן 250 ג' שטראוס,מיוצר עי קונדיטוריית,IL,גבינה 9% סקי 250 גרם,גרמים,250.00,100 גרם,false,,4.80,1.9200,true,1,23287
7290003332007,false,קפה נחלה סובחי 250ג,סובחי נחלה ובניו,,קפה נחלה סובחי 250ג,גרמים,250.00,100 גרם,false,,13.90,5.5600,true,1,33762
7290003332014,false,קפה נחלה סובחי 500 ג,,,קפה נחלה סובחי 500 ג,גרמים,500.00,100 גרם,false,,27.90,5.5800,true,1,33763
7290003332021,false,"קפה נחלה סובחי 1 ק""ג",,,"קפה נחלה סובחי 1 ק""ג",קילוגרמים,1.00,"ק""ג",false,,50.90,50.9000,true,1,33764
7290003332045,false,קפה נחלה אדום ללא הל 250ג',קפה אל נחלה,,קפה נחלה סובחי 250 ג,גרמים,250.00,100 גרם,false,,13.90,5.5600,true,1,33765
7290003387410,false,בלונס פדים להסרת איפור שלישייה,SEPTONA S.A.,GR,מגבונים להסרת איפור,יחידה,0.00,יחידה,false,,19.90,0.0000,true,1,21450
7290003401369,false,"קרם לחות ועיצוב לשיער חוחובה נטורל 400 מ""ל",מיוצר עי אמיליה קוסמ,IL,קרם לחות ועיצוב לשיע,מיליליטרים,400.00,"100 מ""ל",false,,19.90,4.9750,true,1,29863
7290003401376,false,"קרם לחות ועיצוב לשיער אלוורה נטורל 400 מ""ל",מיוצר עי אמיליה קוסמ,IL,קרם לחות ועיצוב לשיע,מיליליטרים,400.00,"100 מ""ל",false,,19.90,4.9750,true,1,29864
7290003401635,false,"קרם לחות לפתיחת תלתלים נטורל 400 מ""ל",מיוצר עי אמיליה קוסמ,IL,לחות לפתיחת תלתלים נ,מיליליטרים,400.00,"100 מ""ל",false,,22.90,5.7250,true,1,29866
7290003401642,false,"נטורל קרם לחות לתלתול טבעי נטורל, 400 מ""ל",מיוצר עי אמיליה קוסמ,IL,לחות לתלתול טבעי נטו,מיליליטרים,400.00,"100 מ""ל",false,,22.90,5.7250,true,1,29867
7290003411054,false,שקיות צליה גדול דליקטס רוסטי הנמל 5יח`,,,שקיות רוסטי ענק 5 יח,יחידה,0.00,יחידה,false,,3.90,0.0000,true,1,7832
7290003411238,false,שמרים יבשים נמסים הנ,ברוגמאן גנט,BE,ברוגמן שמרים יבשים נ,גרמים,500.00,100 גרם,false,,14.90,2.9800,true,1,7839
7290003411276,false,עמבה הודית מובחרת הנמל 600ג',טרופיקל דגיל תעשיות,IL,עמבה מובחרת 500 גרם,גרמים,500.00,100 גרם,false,,8.90,1.7800,true,1,7840
7290003411566,false,צמרוני אוזניים עץ 20,שוורצקוף& הנקל דיסלד,CN,צמרוני אוזניים עץ 20,יחידה,0.00,יחידה,false,,2.90,0.0000,true,1,7848
7290003411689,false,ליפתניות חד פעמי 25,הנמל אריזות ושיווק ב,IL,לפתניות 25 יח,יחידה,0.00,יחידה,false,,4.90,0.0000,true,1,7851
7290003411696,false,"מרקיות לבן ח""פ הנמל 25 יח'",,IL,מרקיות חד פעמי 25 יח,יחידה,0.00,יחידה,false,,9.90,0.0000,true,1,7852
7290003411993,false,גפרורים הנמל 10 יחיד,"איטיליאן פוד, אס.פי.",SE,גפרורים 10 יחידות,יחידה,0.00,יחידה,false,,2.90,0.0000,true,1,7863
7290003427154,false,"שמן זית כתית מעולה מעודן זיתא 750 מ""ל",זיתא – י.ט.ב תעשיות,IL,שמן זית כתית מעולה ז,מיליליטרים,750.00,"100 מ""ל",false,,33.90,4.5200,true,1,24627
7290003438006,false,ממרח אולביה פסטו וצנובר איטלקי 190ג',מיוצר עי קונדיטוריית,IL,אוליביה ממרח פסטו אי,גרמים,180.00,100 גרם,false,,13.90,7.7222,true,1,51976
7290003438013,false,ממרח זיתים ירוקים אוליביה 190 גרם,,IL,אוליביה ממרח זיתים א,גרמים,190.00,100 גרם,false,,13.90,7.3158,true,1,51977
7290003438020,false,ממרח עגבניות מיובשות אוליביה 190 גר,מיוצר עי קונדיטוריית,IL,אוליביה ממרח עגבניות,גרמים,190.00,100 גרם,false,,13.90,7.3158,true,1,51978
7290003438709,false,ממרח אולביה זיתים שחורים וירוקים 190 ג',גוד פוד פרודקטס S.p,IL,אוליביה ממרח זיתים ש,גרמים,190.00,100 גרם,false,,13.90,7.3158,true,1,51980
7290003438853,false,אוליביה ממרח אריסה חריפה 185 גר ',,,אוליביה ממרח אריסה ח,גרמים,185.00,100 גרם,false,,13.90,7.5135,true,1,51981
7290003444009,false,חטיף הרשי ריזס שוקולד חלב 42 גר,הרשי,,ריזס שוקולד חלב במיל,גרמים,42.00,100 גרם,false,,3.90,9.2857,true,1,12525
7290003450602,false,חרדל הינץ אמיתי לחיץ 255 ג',היינץ צפון אמריקה -,US,חרדל אמיתי צהוב בקבו,גרמים,255.00,100 גרם,false,,8.90,3.4902,true,1,5304
7290003457991,false,טילון קורנטו וניל עם וופל ואגוזי לוז מסוכרים,"גלידת שטראוס בע""מ, ר",IL,מאגדת קורנטו קלאסיק,גרמים,300.00,100 גרם,false,,33.90,11.3000,true,1,4246
7290003461677,false,"חומוס אסלי שמיר 1 ק""ג",,IL,"חומוס אסלי 1 ק""ג",קילוגרמים,1.00,"ק""ג",false,,11.90,11.9000,true,1,17691
7290003514007,false,מנה שקדי מרק מנה 400 גרם,מנה,IL,שקדי מרק מנה 400 גרם,גרמים,400.00,100 גרם,false,,9.90,2.4750,true,1,21452
7290003521074,false,"ד""ר פישר - סרקל מרכך שיער לילדים 1 ליטר",הדקלאים אגודת שיתופי,IL,סרקל מרכך שיער לילדי,יחידה,0.00,יחידה,false,,29.90,0.0000,true,1,29077
7290003521081,false,"ד""ר פישר - סרקל שמפו לילדים 1 ליטר",,,סרקל שמפו לילדים 1 ל,ליטרים,1.00,ליטר,false,,29.90,29.9000,true,1,29078
7290003521166,false,"ד""ר פישר - סרקל קרם רוזמרין לילדים 325 מ""ל",,,סרקל קרם רוזמרין 325,מיליליטרים,325.00,"100 מ""ל",false,,24.90,7.6615,true,1,29079
7290003521197,false,"ד""ר פישר - סרקל תרסיס מתיר קשרים 340 מ""ל",פישר מעבדות פרמצבטיו,IL,סרקל מתיר קשרים 340,מיליליטרים,340.00,"100 מ""ל",false,,24.90,7.3235,true,1,29081
7290003521760,false,"פישר אפטרסול ג'ל אלוורה להרגעת העור, 200 מ""ל",פישר מעבדות פרמצבטיו,IL,ג'ל לחות אלוורה אולט,מיליליטרים,200.00,"100 מ""ל",false,,19.90,9.9500,true,1,29088
7290003525898,false,סלט טונה שלישיה * 180 ג' וילגיר,,,סלט טונה ויליגר שליש,גרמים,480.00,100 גרם,false,,14.90,3.1042,true,1,17007
7290003525904,false,סלט טונה פיקנטי שלישיה * 160 ג',,,סלט טונה פיקנטי וילי,גרמים,480.00,100 גרם,false,,14.90,3.1042,true,1,17008
7290003527380,false,דובדובן ללא חרצן 680 ג',,,דובדבן ללא חרצן וילי,גרמים,680.00,100 גרם,false,,8.90,1.3088,true,1,17018
7290003578108,false,חתיכות אננס בסירופ קל וילי פוד 850 גרם,טקרנג פינאפל אינדסטר,TH,אננס חתוך ויליפוד 85,גרמים,490.00,100 גרם,false,,8.90,1.8163,true,1,2867
7290003578313,false,דובדבנים חמוצים ללא חרצנים 680ג',דל מונטה היילס אס.אי,HU,דובדבנים חמוצים ללא,גרמים,350.00,100 גרם,false,,9.90,2.8286,true,1,2873
7290003578672,false,שמן חמניות מזוכך ויליפוד 1 ל',גידה,TR,שמן חמניות 1 ליטר,ליטרים,1.00,ליטר,false,,12.90,12.9000,true,1,2876
7290003643004,false,"אורז בסמטי קלאסי 1 ק""ג סוגת",האי נאם סי או אל.טי.,IL,"סוגת אורז בסמטי 1 ק""",קילוגרמים,1.00,"ק""ג",false,,13.90,13.9000,true,1,17321
7290003643158,false,קורנפלור 200 ג' סוגת,המאפיה של הרמן,IL,קונפלור 200 גרם,גרמים,200.00,100 גרם,false,,2.80,1.4000,true,1,17325
7290003643165,false,קורנפלור 500 ג' סוגת,,,קונפלור 500 גרם,גרמים,500.00,100 גרם,false,,4.90,0.9800,true,1,17326
7290003643325,false,קוסקוס בינוני 350 גרם סוגת,סוגת,IL,קוסקוס בינוני סוגת 3,גרמים,350.00,100 גרם,false,,4.90,1.4000,true,1,17329
7290003643387,false,"סוכר לבן בצנצנת 1 ק""ג סוגת",האי נאם סי או אל.טי.,IL,סוכר לבן בצנצנת סוגת,קילוגרמים,1.00,"ק""ג",false,,9.90,9.9000,true,1,17332
7290003643646,false,"סוכר דמררה קלאסי בצנצנת סוגת 1 ק""ג",האי נאם סי או אל.טי.,IL,סוכר דמררה בצנצנת חו,קילוגרמים,1.00,"ק""ג",false,,12.90,12.9000,true,1,17333
7290003643684,false,אפונה יבשה סוגת 500 גר',האי נאם סי או אל.טי.,IL,אפונה יבשה 500 גרם,גרמים,500.00,100 גרם,false,,5.90,1.1800,true,1,17334
7290003643714,false,חומוס סוגת 500 גרם,האי נאם סי או אל.טי.,IL,חומוס 500 גרם,גרמים,500.00,100 גרם,false,,7.90,1.5800,true,1,17336
7290003643738,false,חיטה סוגת 500 גרם,האי נאם סי או אל.טי.,IL,סוגת חיטה 500 גר,גרמים,500.00,100 גרם,false,,4.90,0.9800,true,1,17337
7290003643745,false,כוסמת סוגת 500 גרם,האי נאם סי או אל.טי.,IL,כוסמת 500 גרם,גרמים,500.00,100 גרם,false,,7.90,1.5800,true,1,17338
7290003643752,false,עדשים ירוקים יבש סוגת 500 גר',האי נאם סי או אל.טי.,IL,עדשים ירוקות 500 גרם,גרמים,500.00,100 גרם,false,,7.90,1.5800,true,1,17339
7290003643769,false,עדשים אדומים יבש סוגת 500 גר',"סוגת תעשיות בע""מ",IL,עדשים אדומות 500 גרם,גרמים,500.00,100 גרם,false,,7.90,1.5800,true,1,17340
7290003643776,false,"פופקורן גרעינים סוגת 500 ג' כשל""פ",האי נאם סי או אל.טי.,IL,סוגת פופקורן 500 גרם,גרמים,500.00,100 גרם,false,,4.90,0.9800,true,1,17341
7290003643783,false,קוקוס סוגת 100 גרם,האי נאם סי או אל.טי.,IL,קוקוס 100 גר,גרמים,100.00,100 גרם,false,,3.90,3.9000,true,1,17342
7290003643806,false,שעועית לבנה יבשה סוגת 500 ג',האי נאם סי או אל.טי.,IL,שעועית לבנה 500 גרם,גרמים,500.00,100 גרם,false,,10.90,2.1800,true,1,17343
7290003643813,false,שעועית אדומה יבשה סוגת 500 גר',האי נאם סי או אל.טי.,IL,שעועית אדומה 500 גרם,גרמים,500.00,100 גרם,false,,10.90,2.1800,true,1,17344
7290003681211,false,צנובר מיה 80 גרם,מיה,IL,צנובר מיה 80 גרם,גרמים,80.00,100 גרם,false,,26.70,33.3750,true,1,14955
7290003681303,false,שעועית מעורבת יבשה מיה 500 גר',מיה,IL,שעועית מעורבת 500 גר,גרמים,500.00,100 גרם,false,,7.90,1.5800,true,1,14961
7290003681334,false,"קוקוס 400 ג' בד""ץ מיה",מיה,IL,קוקוס 400 גר. בדצ,גרמים,400.00,100 גרם,false,,11.90,2.9750,true,1,14962
7290003681365,false,סוכריות קישוט לעוגה צבעוני 70 גר' מיה,מיה,IL,70 סוכריות קישוט לעו,גרמים,70.00,100 גרם,false,,4.90,7.0000,true,1,14964
7290003681693,false,חומוס לבן ענק יבש מיה 500 גר',מיה,IL,חומוס לבן ענק מיה 50,גרמים,500.00,100 גרם,false,,10.90,2.1800,true,1,14978
7290003681921,false,"סוכריות טופי פירות מיה 200 ג' בד""ץ'",,,טופי מתוק מיה 200 גר,גרמים,200.00,100 גרם,false,,5.90,2.9500,true,1,14990
7290003706167,false,בצל ירוק ארוז,,,בצל ירוק ארוז,יח',1.00,יח',false,,5.90,5.9000,true,1,35551
7290003726141,false,טופו משק גאיה 300גרם,ג'נרל מילס סאן אדריא,IL,טופו משק גאיה 300ג,גרמים,300.00,100 גרם,false,,12.90,4.3000,true,1,14632
7290003726615,false,טופו ויילר 300 גרם.,הדקלאים אגודת שיתופי,IL,טופו ויילר 300 גרם.,גרמים,300.00,100 גרם,false,,10.90,3.6333,true,1,23289
7290003781652,false,צלפים במי מלח ויליפוד 350 ג',סוסיטס,TR,צלפים במלח ויליפוד 3,גרמים,350.00,100 גרם,false,,8.90,2.5429,true,1,2880
7290003781850,false,גבינת קשקבל פרוסות 200 גרם,,ES,גבינת קשקבל פרוסות 2,גרמים,200.00,100 גרם,false,,19.90,9.9500,true,1,225961
7290003804252,false,תיבולית נוסח הודי קנור 72 גרם,יוניליוור ישראל מזון,IL,תיבולית בנוסח הודי ק,גרמים,72.00,100 גרם,false,,7.90,10.9722,true,1,10337
7290003804320,false,תיבולית שום ופטרוזיליה 72 ג' קנור,יוניליוור ישראל מזון,IL,תיבוליות שום ופטרוזי,גרמים,72.00,100 גרם,false,,7.90,10.9722,true,1,10338
7290003804382,false,"תיבולית פטריות בד""ץ 72 ג' קנור",יוניליוור ישראל מזון,IL,תיבולית פטריות קנור,גרמים,72.00,100 גרם,false,,7.90,10.9722,true,1,10343
7290003864478,false,סרדינים בשמן צמחי ויליפוד 110ג' פתח קל,גולדן פרייז קאנינג א,TH,סרדין בשמן צמחי וילי,גרמים,110.00,100 גרם,false,,5.30,4.8182,true,1,2882
7290003864485,false,סרדינים ברוטב עגבנ יות ויליפוד 110ג' פתח קל,גולדן פרייז קאנינג א,TH,סרדינים ברוטב עגבניו,גרמים,120.00,100 גרם,false,,5.30,4.4167,true,1,2883
7290003864492,false,סרדינים בשמן צמחי חריף פתח קל ויליפוד 110ג',גולדן פרייז קאנינג א,TH,סרדין בשמן צמחי חריף,גרמים,120.00,100 גרם,false,,5.30,4.4167,true,1,2884
7290003882922,false,עלי גפן ממולאים באורז ויליפוד 400ג',הזה פלאקספו פוד קו ב,CN,עלי גפן ממולאים באור,גרמים,360.00,100 גרם,false,,8.90,2.4722,true,1,2887
7290003896141,false,חטיף ספרדי פיקנטי אלמנדוס 200 גרם,הדקלאים אגודת שיתופי,IL,אלמנדוס 200 גרם,גרמים,200.00,100 גרם,false,,11.90,5.9500,true,1,12793
7290003976713,false,נוזל רצפות פנטזי אנטיבקטריאלי טאצ' 2 ליטר,,,נוזל רצפות 99.9% אנט,ליטרים,2.00,ליטר,false,,24.90,12.4500,true,1,67398
7290003976997,false,ג'ל ניקוי כללי ורצפות בתוספת סודה טאצ 2 ל',,,ג'ל ניקוי כללי ורצפו,ליטרים,2.00,ליטר,false,,17.90,8.9500,true,1,308637
7290003989096,false,חציל פיקנטי אחלה 500 גרם,מיוצר עי קונדיטוריית,IL,אחלה חציל פיקנטי 500,גרמים,500.00,100 גרם,false,,14.90,2.9800,true,1,23292
7290003989539,false,לורנצו רביולי במילוי גבינה,מיוצר עי קונדיטוריית,IL,EAT GOOD רביולי גבינ,גרמים,400.00,100 גרם,false,,19.90,4.9750,true,1,23293
7290004011284,false,"ריץ' בסיס להכנת קצפת 212 מ""ל",ריצ' פרודקטס קורפריי,US,ריצ בסיס להכנת קצפת,מיליליטרים,212.00,"100 מ""ל",false,,6.90,3.2547,true,1,17026
7290004011338,false,"קצפת מתוקה מכונה 250 מ""ל ריץ'",האי נאם סי או אל.טי.,IT,ריצ קצפת במיכל 250מל,מיליליטרים,250.00,"100 מ""ל",false,,9.90,3.9600,true,1,17028
7290004011796,false,קבבונים בקר קפוא אל גאוצ''ו 400ג',"טיבון ויל אחזקות בע""",IL,אל גאוצו קבבונים 400,גרמים,400.00,100 גרם,false,,21.90,5.4750,true,1,17035
7290004030018,false,"מיץ לימון 100% סחוט טבעי 500 מ""ל",הנסיך- מפעל לייצור ט,IL,מיץ לימון סחוט פרי פ,מיליליטרים,500.00,"100 מ""ל",false,,6.90,1.3800,true,1,49403
7290004030100,false,מיץ תפוזים סחוט ולנסיה 1 ליטר,,,מיץ תפוזים סחוט וולנ,ליטרים,1.00,ליטר,false,,15.90,15.9000,true,1,53308
7290004030216,false,פריניב נקטר חמוציות 1ליטר,פריניב בעמ,IL,פריניב נקטר חמוציות,ליטרים,1.00,ליטר,false,,12.70,12.7000,true,1,49410
7290004030223,false,פריניב נקטר תפוחים סחוט 1 ליטר,פריניב בעמ,IL,פרי ניב מיץ תפוח סחו,יחידה,0.00,יחידה,false,,14.90,0.0000,true,1,49411
7290004030445,false,פריניב סחוט טבעי תפוזים 1ליטר,פריניב בעמ,IL,פרי ניב תפוז סחוט 1ל,ליטרים,1.00,ליטר,false,,13.90,13.9000,true,1,49421
7290004030612,false,פרי ניב מיץ קיוי אגס ללא תוספת סוכר 1ל,פריניב בעמ,IL,פרי ניב מיץ קיוי אגס,ליטרים,1.00,ליטר,false,,14.90,14.9000,true,1,49427
7290004030834,false,פריניב מיץ רימונים סחוט 1 ל',פריניב בעמ,IL,מיץ סחוט רימונים 100,ליטרים,1.00,ליטר,false,,23.80,23.8000,true,1,49440
7290004048679,false,"קובה למרק שלושת האופים 1 ק""ג",,,קובה למרק 1 קג שלושת,קילוגרמים,1.00,"ק""ג",false,,16.90,16.9000,true,1,17039
7290004063016,false,מלח שולחן מעולה דק 1,האי נאם סי או אל.טי.,IL,"מלח שולחן סלית 1 ק""ג",קילוגרמים,1.00,"ק""ג",false,,1.70,1.7000,true,1,15459
7290004063115,false,"מלח מטבח עבה להמלחת בשר ובישול 1 ק""ג 1ק""ג",האי נאם סי או אל.טי.,IL,מלח מטבח גס לבישול כ,קילוגרמים,1.00,"ק""ג",false,,1.70,1.7000,true,1,15460
7290004064174,false,"תבלין מלח ההימלאיה דק בצנצנת 1 ק""ג",מלח הארץ,,מלח ההימלאיה דק בצנצ,קילוגרמים,1.00,"ק""ג",false,,16.90,16.9000,true,1,15462
7290004064303,false,מלח אטלנטי בצנצנת מלח הארץ 800 גרם,,IL,מלח אטלנטי בצנצנת הא,גרמים,800.00,100 גרם,false,,17.90,2.2375,true,1,15465
7290004064358,false,"מלח דק זורם בקלות מלח הארץ קרטון 1 ק""ג",,IL,מלח דק זורם בקלות בק,קילוגרמים,1.00,"ק""ג",false,,4.90,4.9000,true,1,15466
7290004064389,false,מלח הימלאיה דק מלחייה 250 גרם,,IL,מלח הימלאיה דק מלחיי,גרמים,250.00,100 גרם,false,,9.90,3.9600,true,1,134524
7290004068035,false,"איירן יוגורט לשתייה 3% גד 500 מ""ל","מיוצר ע""י קוד יצרן M",IL,גד משקה איירן בסגנון,גרמים,500.00,100 גרם,false,,8.50,1.7000,true,1,14635
7290004068172,false,יוגורט עזים בדלי 5% שומן 600 ג' גד,קוד יצרן MKN,IL,גד יוגורט עיזים 5% 6,מיליליטרים,600.00,"100 מ""ל",false,,18.50,3.0833,true,1,14636
7290004075231,false,סטייק אנטריקוט 300 גרם מחפוד,,,סטייק אנטריקוט דק דק,גרמים,300.00,100 גרם,false,,30.90,10.3000,true,1,279526
7290004078225,false,"שטיפת פה קולגייט פלקס מינט ירוק 500מ""ל",קולגייט- פלמוליב,PL,מי פה פלקס סופט מינט,מיליליטרים,500.00,"100 מ""ל",false,,30.90,6.1800,true,1,21471
7290004078263,false,מקלות אוזניים פלסטיק 2* 200 יחידות,,,צמרונים בקופסא זוג ב,יחידה,0.00,יחידה,false,,10.90,0.0000,true,1,21472
7290004078270,false,נוזל כלים פלמוליב צילינדר לימון 1 ליטר,יבואן ומשווק: ש. שסט,GR,פלמוליב לכלים לימון-,יחידה,0.00,יחידה,false,,13.90,0.0000,true,1,21473
7290004078690,false,"אגקס נוזל לניקוי אסלות מרענן 750 מ""ל",הנסיך- מפעל לייצור ט,FR,אגקס כלורון נוזל לני,מיליליטרים,750.00,"100 מ""ל",false,,14.90,1.9867,true,1,21475
7290004078942,false,ליידי ספיד סטיק - דאודורנט ג'ל לאישה 65 גרם,קולגייט פלמוליב,US,דיאודורנט ג'ל מרענן,גרמים,65.00,100 גרם,false,,17.90,27.5385,true,1,21476
7290004102326,false,תרד לא שטוף,,,תרד לא שטוף,גרמים,180.00,100 גרם,false,,11.90,6.6111,true,1,35553
7290004119133,false,כד יוגורט תנובה 6.5% שומן 1.5 ליטר,מיוצר עי קונדיטוריית,IL,יוגורט כדים תנובה 7%,ליטרים,1.50,ליטר,false,,17.70,11.8000,true,1,25860
7290004119225,false,יוגורט אננס 3% שומן 150 ג' יופלה,תנובה בעמ,IL,יופלה אננס 3% 150מל,גרמים,150.00,100 גרם,false,,5.20,3.4667,true,1,25861
7290004119928,false,קרלו מעדן וניל רביעיות גביע 125 1.5%,מחלבת אלון תבור,IL,קרלו וניל 3% 125מל,מיליליטרים,125.00,"100 מ""ל",false,,2.90,2.3200,true,1,25863
7290004119973,false,קרלו מעדן שוקו רביעיה גביע 125 1.5%,מחלבת אלון תבור,IL,קרלו שוקולדה 3% 125מ,מיליליטרים,125.00,"100 מ""ל",false,,2.90,2.3200,true,1,25864
7290004120061,false,קרלו שוניל 3% 125 גרם,תנובה מרכז שיתופי לש,IL,קרלו שוניל 3% 125מל,מיליליטרים,125.00,"100 מ""ל",false,,2.90,2.3200,true,1,25865
7290004120108,false,יופלה דיאט יוגורט דובדבן %0 גביע 150ג',תנובה בעמ,IL,יופלה דיאט דובדבן 0%,מיליליטרים,150.00,"100 מ""ל",false,,5.10,3.4000,true,1,25866
7290004120566,false,גבינה בולגרית פיראוס 24% 250 גרם,תנובה,IL,פיראוס בולגרית 24% 2,גרמים,250.00,100 גרם,false,,21.90,8.7600,true,1,25873
7290004120573,false,גבינה בולגרית פיראוס 16% 250 גרם,תנובה,IL,פיראוס בולגרית בקר 1,גרמים,250.00,100 גרם,false,,21.90,8.7600,true,1,25874
7290004120634,false,גבינה פיראוס בולגרית 5% 250 גרם,פ.פ.ח. שאביט,IL,פיראוס בולגרית 5% 25,גרמים,250.00,100 גרם,false,,21.90,8.7600,true,1,25875
7290004120832,false,חלב תנובה טרי 3% מהדרין כד 2 ל',תנובה,IL,"חלב תנובה טרי 3% בד""",ליטרים,2.00,ליטר,false,,12.46,6.2300,true,1,25877
7290004121488,false,יופלה דיאט אפרסק 0% גביע 150 ג',תנובה בעמ,IL,יופלה דיאט אפרסק 0%,מיליליטרים,150.00,"100 מ""ל",false,,5.10,3.4000,true,1,25878
7290004121525,false,יופלה מאגדת פרי 4 תות 4 אפרסק 3% 8 יח'*150 ג',תנובה בעמ,IL,יופלה אפרסק תות 3% 8,קילוגרמים,1.20,"ק""ג",false,,31.90,26.5833,true,1,25879
7290004121853,false,גבינה בולגרית פיראוס 5% קוביות 200 גרם,תנובה,IL,פיראוס בולגרית בקובי,גרמים,200.00,100 גרם,false,,20.90,10.4500,true,1,25882
7290004122119,false,פתיתי פרמזן לפסטה %23 100 ג' השף הלבן,פ.פ.ח. שאביט,IL,שף לבן פתיתי פרמזן ל,גרמים,100.00,100 גרם,false,,10.90,10.9000,true,1,25884
7290004122195,false,"גבינת גוש חלב פרוס 28%, כשרות מהדרין, 200 ג'",תנובה,IL,גוש חלב פרוס 28% 200,גרמים,200.00,100 גרם,false,,14.90,7.4500,true,1,25885
7290004122270,false,גבינה צהובה פרוס בקופסא %28 200 ג' עמק,תנובה מרכז שיתופי לש,IL,עמק פרוס סגירה חוזרת,גרמים,200.00,100 גרם,false,,16.90,8.4500,true,1,25886
7290004122348,false,גבינת עמק לייט פרוס בקופסא 200 גרם,תנובה,IL,עמק לייט 9% 200ג,גרמים,200.00,100 גרם,false,,17.90,8.9500,true,1,25887
7290004122676,false,גבינת חמד לייט 5% פיראוס 250 ג',"תנובה,מחלבת טנא נוגה",IL,פיראוס חמד לייט 5% 2,גרמים,250.00,100 גרם,false,,18.90,7.5600,true,1,25889
7290004122683,false,חטיף גבינת אצבעות 28% 172 ג' עמק,פ.פ.ח. שאביט,IL,עמק אצבעות 172ג,גרמים,172.00,100 גרם,false,,16.70,9.7093,true,1,25890
7290004124205,false,יוגורט דיאט תות %0 שומן 150 ג' יופלה,תנובה בעמ,IL,יופלה דיאט תות 0% 15,מיליליטרים,150.00,"100 מ""ל",false,,5.10,3.4000,true,1,25898
7290004124847,false,"קצפת צמחית השף הלבן 500 מ""ל תנובה",סוי מג'יק,IL,שף לבן קצפת צמחית 24,מיליליטרים,500.00,"100 מ""ל",false,,14.90,2.9800,true,1,25900
7290004125370,false,"שמנת חמוצה מופחתת שומן 9% 200 מ""ל",תנובה מרכז שיתופי לש,IL,תנובה שמנת מופחתת 9%,מיליליטרים,200.00,"100 מ""ל",false,,3.90,1.9500,true,1,25902
7290004125400,false,"שלי אשל 4.5% תנובה 200מ""ל מהדרין",פארייפאבה אגרואינדוס,IL,"אשל 4.5% בד""צ מהדרין",מיליליטרים,200.00,"100 מ""ל",false,,1.69,0.8450,true,1,25903
7290004125417,false,"שלי גיל 3% תנובה 200מ""ל מהדרין",תנובה מרכז שיתופי לש,IL,"גיל 3% בד""צ מהדרין",מיליליטרים,200.00,"100 מ""ל",false,,1.51,0.7550,true,1,25904
7290004125455,false,"שמנת אורגינל15% תנובה 200 מ""ל",תנובה מרכז שיתופי לש,IL,תנובה שמנת אורגינל מ,מיליליטרים,200.00,"100 מ""ל",false,,2.40,1.2000,true,1,25905
7290004125462,false,"שמנת אורגינל 15% מהדרין 500 מ""ל",תנובה,IL,תנובה שמנת חמוצה 15%,מיליליטרים,500.00,"100 מ""ל",false,,6.00,1.2000,true,1,25906
7290004125509,false,"שמנת 15% חצי מנה 100 מ""ל תנובה",תנובה,IL,תנובה שמנת חצי מנה 1,מיליליטרים,100.00,"100 מ""ל",false,,1.80,1.8000,true,1,25907
7290004125578,false,משקה סויה מעושר בסידן תנובה 1ל',סוי מג'יק,IL,משקה סויה תנובה מועש,ליטרים,1.00,ליטר,false,,10.90,10.9000,true,1,25908
7290004125585,false,משקה סויה וניל על הבוקר 1 ל',תנובה מרכז שיתופי לש,IL,סויה תנובה משקה סויה,ליטרים,1.00,ליטר,false,,10.90,10.9000,true,1,25909
7290004125721,false,"שמנת לבישול 15% שומן 250 מ""ל תנובה",תנובה מרכז שיתופי לש,IL,שף לבן שמנת לבישול 1,מיליליטרים,250.00,"100 מ""ל",false,,8.70,3.4800,true,1,25911
7290004125738,false,שמנת מתוקה להקצפה32% 250מל עמיד השף הלבן,תנובה מרכז שיתופי לש,IL,שף לבן שמנת להקצפה 3,מיליליטרים,250.00,"100 מ""ל",false,,6.80,2.7200,true,1,25912
7290004125776,false,גבינה צהובה עמק 28% 400 גרם בקופסא,תנובה,IL,עמק גבינה קשה פרוסה,גרמים,400.00,100 גרם,false,,29.90,7.4750,true,1,25913
7290004126674,false,פרוסות גבינה חצי קשה 9% שומן 200 ג' עמק,תנובה,IL,עמק טל לייט 9% 200ג,גרמים,200.00,100 גרם,false,,19.90,9.9500,true,1,25916
7290004126759,false,יופלה דיאט פירות יער %0 גביע 150 ג',תנובה בעמ,IL,יופלה דיאט פירות יער,מיליליטרים,150.00,"100 מ""ל",false,,5.10,3.4000,true,1,25917
7290004126872,false,"שוקו תנובה בבקבוק 250 מ""ל תנובה",תנובה,IL,משקאות חלב תנובה שוק,מיליליטרים,250.00,"100 מ""ל",false,,5.90,2.3600,true,1,25918
7290004127077,false,קוטג' 3% שומן 250 ג' תנובה,מיוצר עי קונדיטוריית,IL,קוטג תנובה 3% 250 ג,גרמים,250.00,100 גרם,false,,5.50,2.2000,true,1,25919
7290004127329,false,קוטג' 5% תנובה 250ג' מהדרין,מיוצר עי קונדיטוריית,IL,קוטג' 5% תנובה מהדרי,גרמים,250.00,100 גרם,false,,5.50,2.2000,true,1,25920
7290004127336,false,קוטג' 9% תנובה 250 ג' הדרין,מיוצר עי קונדיטוריית,IL,קוטג' תנובה מהדרין 9,גרמים,250.00,100 גרם,false,,5.50,2.2000,true,1,25921
7290004127800,false,גבינה לבנה 5% שומן 500 ג' תנובה,מיוצר עי קונדיטוריית,IL,תנובה גבינה לבנה 5%,גרמים,500.00,100 גרם,false,,9.96,1.9920,true,1,25923
7290004127817,false,גבינה לבנה 9% שומן 500 ג' תנובה,מיוצר עי קונדיטוריית,IL,תנובה גבינה לבנה 9%,גרמים,500.00,100 גרם,false,,9.20,1.8400,true,1,25924
7290004127862,false,גבינה לבנה 5% שומן 750 ג' תנובה,מחלבת אלון תבור,IL,תנובה גבינה למריחה מ,גרמים,750.00,100 גרם,false,,14.90,1.9867,true,1,25925
7290004128333,false,לאבנה על בסיס יוגורט %9 שומן 500 ג' פיראוס,תנובה,IL,פיראוס לאבנה גביע %9,גרמים,500.00,100 גרם,false,,19.90,3.9800,true,1,25928
7290004128340,false,קרם גבינת שמנת %5 בטעם טבעי 200 ג' תנובה,תנובה,IL,תנובה קרם גבינת שמנת,גרמים,200.00,100 גרם,false,,12.00,6.0000,true,1,25929
7290004128432,false,פתיתים מיוחדים לפיצה על בסיס גבינה 500 ג',תנובה,IL,שף לבן פתיתי גבינה מ,גרמים,500.00,100 גרם,false,,21.90,4.3800,true,1,25931
7290004129101,false,גבינת שמנת 25% בטעם טבעי 225 ג' נפוליאון,מחלבת אלון תבור,IL,נפוליאון בטעם טבעי 2,גרמים,225.00,100 גרם,false,,14.50,6.4444,true,1,25932
7290004129118,false,גבינת שמנת 24% עם זיתים ירוקים 225 ג' נפוליאון,מחלבת אלון תבור,IL,נפוליאון בטעם זיתים,גרמים,225.00,100 גרם,false,,14.50,6.4444,true,1,25933
7290004129156,false,גבינת שמנת25% עם שום שמיר 225 ג' נפוליאון,מחלבת אלון תבור,IL,נפוליאון שום שמיר 25,גרמים,225.00,100 גרם,false,,14.50,6.4444,true,1,25934
7290004129545,false,גבינה לבנה 3% שומן 250 ג' תנובה,מחלבת אלון תבור,IL,גבינת מהדרין 3% תנוב,גרמים,250.00,100 גרם,false,,5.00,2.0000,true,1,25935
7290004129736,false,יוגורט במתיקות מעודנת 1.5% שומן 200 ג' יופלה,תנובה מרכז שיתופי לש,IL,יופלה קרם יוגרט מעוד,מיליליטרים,200.00,"100 מ""ל",false,,4.50,2.2500,true,1,25937
7290004129767,false,יופלה מאגדת לבן 3% 8 יח' *150 ג',מחלבת אלון תבור,IL,יופלה לבן מאגדת 3% 8,קילוגרמים,1.20,"ק""ג",false,,18.50,15.4167,true,1,25938
7290004130794,false,משקה סויה טבעי במתיקות מופחתת 1 ליטר,סוי מג'יק,IL,סויה תנובה טבעי במתי,ליטרים,1.00,ליטר,false,,10.50,10.5000,true,1,25941
7290004131074,false,חלב תנובה 3% 1 ליטר קרטון מהדרין,תנובה מרכז שיתופי לש,IL,חלב תנובה הומוגני מה,ליטרים,1.00,ליטר,false,,6.23,6.2300,true,1,25944
7290004131456,false,יוגורט ביו 1.5% שומן 200 ג' יופלה,מיוצר עי קונדיטוריית,IL,יופלה לבן 1.5% 200מל,מיליליטרים,200.00,"100 מ""ל",false,,3.90,1.9500,true,1,25949
7290004131814,false,גבינה צפתית 5% מעודנת 200 ג' פיראוס,פארייפאבה אגרואינדוס,IL,פיראוס צפתית מעודנת,גרמים,200.00,100 גרם,false,,14.90,7.4500,true,1,25952
7290004132552,false,משקה סויה לייט בטעם טבעי טרי 1 ליטר,תנובה מרכז שיתופי לש,IL,סויה תנובה לייט בטעם,ליטרים,1.00,ליטר,false,,10.50,10.5000,true,1,25959
7290004132712,false,חטיף אצבעות גבינת מוצרלה 20% 172 ג' עמק,פ.פ.ח. שאביט,IL,עמק אצבעות מוצרלה 20,גרמים,174.00,100 גרם,false,,16.70,9.5977,true,1,25961
7290004133511,false,יופלה מאגדת לבן 1.5% מעודן 8 יח' * 150 ג',מיוצר עי קונדיטוריית,IL,יופלה לבן מעודן 1.5%,ליטרים,1.20,ליטר,false,,21.50,17.9167,true,1,25966
7290004134945,false,יוגורט מוקה 3% שומן 150 ג' יופלה,תנובה בעמ,IL,יופלה מוקה 3% 150מל,גרמים,150.00,100 גרם,false,,5.20,3.4667,true,1,25971
7290004135058,false,מאגדת קרלו מיני שוקולד 8 יח' * 100 ג',מחלבת אלון תבור,IL,קרלו מהדרין מיני שוק,מיליליטרים,800.00,"100 מ""ל",false,,13.90,1.7375,true,1,25973
7290004135225,false,מעדן תנובה דיאט שוקולדה 0% 150 גרם,תנובה מרכז שיתופי לש,IL,מעדן תנובה דיאט שוקו,מיליליטרים,150.00,"100 מ""ל",false,,3.90,2.6000,true,1,25976
7290004135614,false,גבינה בולגרית מעודנת 5% 250 ג' פיראוס,תנובה,IL,פיראוס בולגרית מעודנ,גרמים,250.00,100 גרם,false,,21.90,8.7600,true,1,25978
7290004136154,false,"משקה חלב אייס קפה תנובה בבקבוק 340 מ""ל",גוד פוד פרודקטס S.p,IL,משקאות חלב תנובה איי,מיליליטרים,340.00,"100 מ""ל",false,,6.90,2.0294,true,1,25981
7290004136598,false,מארז הפסקת אוכל עם קורנפלקס ומשקה חלב עמיד בטעם וניל,פארייפאבה אגרואינדוס,IL,מארז הפסקת אוכל חלב,גרמים,150.00,100 גרם,false,,9.90,6.6000,true,1,25985
7290004136857,false,גלי בטעם פטל 125 גרם,תנובה מרכז שיתופי לש,IL,ג'לי תנובה פטל 125מל,מיליליטרים,125.00,"100 מ""ל",false,,2.50,2.0000,true,1,25986
7290004136864,false,ג'לי תנובה אננס עם חתיכות אננס 125 ג',סוי מג'יק,IL,ג'לי תנובה אננס עם ח,מיליליטרים,125.00,"100 מ""ל",false,,2.90,2.3200,true,1,25987
7290004136871,false,ג'לי תנובה אפרסק עם חתיכות אפרסק 125 ג',סוי מג'יק,IL,ג'לי תנובה אפרסק עם,מיליליטרים,125.00,"100 מ""ל",false,,2.90,2.3200,true,1,25988
7290004137021,false,"שמנת לבישול 10% עמיד השף הלבן 250 מ""ל",תנובה מרכז שיתופי לש,IL,שף לבן שמנת לבישול 1,מיליליטרים,250.00,"100 מ""ל",false,,8.40,3.3600,true,1,25990
7290004137311,false,גבינה צהובה לייט 9% שומן 400 ג' עמק,תנובה,IL,עמק לייט משפחתית 9%,גרמים,400.00,100 גרם,false,,32.90,8.2250,true,1,25991
7290004137809,false,פיראוס לאבנה 5% גביע 250 גרם,"תנובה, מחלבת אלון תב",IL,פיראוס לאבנה 5% 250ג,גרמים,250.00,100 גרם,false,,11.90,4.7600,true,1,25992
7290004150112,false,חומוס מזרחי פיקנטי פרימיום 300 גרם,,IL,חומוס מזרחי 300 גרם,גרמים,300.00,100 גרם,false,,14.90,4.9667,true,1,544587
7290004150129,false,טחינה פיקנטי פרימיום 300 גרם,,IL,טחינה ביתית 300 גרם,גרמים,300.00,100 גרם,false,,14.90,4.9667,true,1,544588
7290004150143,false,חציל במיונז פיקנטי פרימיום 300 גרם,,IL,חציל במיונז 300 גרם,גרמים,300.00,100 גרם,false,,14.90,4.9667,true,1,544590
7290004150198,false,סלק מגורד פיקנטי פרימיום 300 גרם,,IL,סלק מגורד 300 גרם,גרמים,300.00,100 גרם,false,,14.90,4.9667,true,1,544595
7290004150211,false,תורכי איסטנבול 300 גרם פיקנטי פרימיום,,IL,סלט תורכי איסטנבול 3,גרמים,300.00,100 גרם,false,,14.90,4.9667,true,1,544597
7290004150228,false,כרוב אדום 300 גרם פיקנטי פרימיום,,IL,סלט כרוב אדום במיונז,גרמים,300.00,100 גרם,false,,14.90,4.9667,true,1,544598
7290004150235,false,חומוס עם חריף 300 גרם פיקנטי פרימיום,,IL,חומוס עם חריף 300 גר,גרמים,300.00,100 גרם,false,,14.90,4.9667,true,1,544599
7290004199579,false,פלסטר מעורב 100 יח' - SUNNY PLASTER,הדקלאים אגודת שיתופי,CN,סאני פלסטר אינטרסן 1,יחידה,0.00,יחידה,false,,9.90,0.0000,true,1,896
7290004199791,false,כפפות M לטקס עם איבוק עדין 100 יח- SAFE TOUCH,,,כפפות לאטקס סייף טאצ,יחידה,0.00,יחידה,false,,22.90,0.0000,true,1,71837
7290004200244,false,פרסים רמה 3,,,פרסים רמה 3,יחידה,0.00,יחידה,false,,9.50,0.0000,true,1,32225
7290004200381,false,צעצוע רמה 3,שמחה זה אנחנו,,צעצוע רמה 3,יחידה,0.00,יחידה,false,,14.00,0.0000,true,1,32230
7290004219277,false,אנשובי ארוך בצנצנת 80 גרם,,,פילה אנשובי אמיתי אר,גרמים,78.00,100 גרם,false,,10.90,13.9744,true,1,2889
7290004225285,false,גבינה בסגנון דנאבלו 100 ג',האי נאם סי או אל.טי.,DK,סגנון דנאבלו 100 גרם,גרמים,100.00,100 גרם,false,,9.90,9.9000,true,1,17040
7290004230333,false,"מקלות בורקס פילו תפו""א שגב 600 גר",האי נאם סי או אל.טי.,IL,שגב מקלות בורקס פילו,גרמים,600.00,100 גרם,false,,19.90,3.3167,true,1,17061
7290004230357,false,שגב מקלות בורקס פילו גבינה ובטטה 600 גר,,,שגב מקלות בורקס פילו,גרמים,600.00,100 גרם,false,,19.90,3.3167,true,1,17063
7290004230364,false,שגב מקלות בורקס פילו גבינה צרפתי 600 גר,,,שגב מקלות בורקס פילו,גרמים,600.00,100 גרם,false,,19.90,3.3167,true,1,17064
7290004230371,false,מקלות פילו פיצה 3 האופים 600 ג',,,שלושת האופים מקלות ב,גרמים,600.00,100 גרם,false,,19.90,3.3167,true,1,17065
7290004267230,false,פריכיות אורז מצופה שוקולד ברמן 80 ג',,,פריכיות אורז מצופה ש,גרמים,80.00,100 גרם,false,,5.90,7.3750,true,1,13147
7290004324605,false,"גבינת מון בלאן רוקפור 7%, 120 ג'",האי נאם סי או אל.טי.,IL,מון בלאן רוקפור 7% 1,גרמים,120.00,100 גרם,false,,9.90,8.2500,true,1,17083
7290004492274,false,בייגלה טבעות מלוחות 400 ג',אתר בייגל - Food,IL,טבעות מלוחות 400 גר,גרמים,400.00,100 גרם,false,,9.90,2.4750,true,1,10385
7290004494148,false,יין דלתון מרלו 750 מל,"איי, בי, אינבוו",IL,מרלו 750 מל,מיליליטרים,750.00,"100 מ""ל",false,,58.90,7.8533,true,1,7322
7290004537241,false,אפונת גינה קפואה 800,,,אפונת גינה קפואה 800,גרמים,800.00,100 גרם,false,,13.90,1.7375,true,1,51530
7290004537258,false,אפונה וגזר 800 גר שד,,,אפונה וגזר 800 גר שד,גרמים,800.00,100 גרם,false,,13.90,1.7375,true,1,51531
7290004537326,false,לקט ירקות העונה 800,,,לקט ירקות העונה 800,גרמים,800.00,100 גרם,false,,13.90,1.7375,true,1,51537
7290004537333,false,חומוס גרגירים 800 גר,,,חומוס גרגירים 800 גר,גרמים,800.00,100 גרם,false,,13.90,1.7375,true,1,51538
7290004537340,false,גזר גמדי 800גרם שדה,,,גזר גמדי 800גרם שדה,גרמים,800.00,100 גרם,false,,13.90,1.7375,true,1,51539
7290004584306,false,רבעיית גמדים בטעם תות בננה * 100 ג' שטראוס,מיוצר עי קונדיטוריית,IL,גמדים תות בננה 4*100,מיליליטרים,400.00,"100 מ""ל",false,,11.10,2.7750,true,1,23295
7290004584351,false,גבינה לבנה סימפוניה עם תוספות 200 ג' חמישית 200,"שטראוס בריאות בע""מ",IL,סימפוניה חמישית 200ג,גרמים,200.00,100 גרם,false,,11.50,5.7500,true,1,23296
7290004584528,false,יוגורט דנונה ביו טבעי 1.7% 200 גרם,מיוצר עי קונדיטוריית,IL,דנונה יוגורט טבעי 1.,מיליליטרים,200.00,"100 מ""ל",false,,3.70,1.8500,true,1,23297
7290004585907,false,דני ועדן וניל 1.5% 125ג' שטראוס,מיוצר עי קונדיטוריית,IL,דני וניל מהדרין 130מ,מיליליטרים,130.00,"100 מ""ל",false,,2.90,2.2308,true,1,23298
7290004658946,false,יין שרדונה לבן יבש,"כד בני דרום בע""מ",IL,יין P.C שרדונה לבן,מיליליטרים,750.00,"100 מ""ל",false,,39.90,5.3200,true,1,508
7290004731083,false,כיף - סבון ידיים ג'ינסנג 1 ליטר,טרופיקל דגיל תעשיות,IL,אלסבון ג'נסנג כיף 1,ליטרים,1.00,ליטר,false,,12.90,12.9000,true,1,29874
7290004731410,false,סנו סושי כרית קרצוף ירוק שלישיה,סנו,,כרית קרצוף סנו סושי,יחידה,0.00,יחידה,false,,9.90,0.0000,true,1,29880
7290004731472,false,"אל סבון צבעוני כיף שלישיה* 500 מ""ל",טרופיקל דגיל תעשיות,IL,שלישיית אלסבון צבעונ,ליטרים,1.50,ליטר,false,,19.90,13.2667,true,1,29881
7290004731519,false,"מרכך ומבשם מקסימה למייבש אולטרה פרש 750 מ""ל סנו",,,סנו מקסימה למייבש סנ,מיליליטרים,750.00,"100 מ""ל",false,,17.90,2.3867,true,1,29882
7290004731564,false,"סנו - מקסימה מרסס למייבש כביסה פריחה כחולה 750 מ""ל",סנו,IL,סנו מקסימה מבשם ומרכ,מיליליטרים,750.00,"100 מ""ל",false,,17.90,2.3867,true,1,29884
7290004731687,false,דואופרש וניל ולמון גראס,,,דואופרש וניל,מיליליטרים,300.00,"100 מ""ל",false,,11.90,3.9667,true,1,29887
7290004731984,false,משחת שיניים אורביטול להלבנה 145 גר,קוסמופארם,IL,אורביטול משחת שיניים,גרמים,145.00,100 גרם,false,,14.90,10.2759,true,1,84610
7290004737900,false,חלב מרוכז ממותק 397 גרם ויליפוד,יו.איי.בי מאריג'אמפו,LT,וילי פוד חלב מרוכז מ,גרמים,397.00,100 גרם,false,,9.90,2.4937,true,1,2897
7290004762056,false,שקדי מרק חטיפים מן ה,,,שקדי מרק חטיפים מן ה,גרמים,400.00,100 גרם,false,,9.90,2.4750,true,1,558192
7290004762827,false,"קרוטונים למרק בטעם שום בצל, 250 גרם",,,קרוטונים למרק שקית,גרמים,250.00,100 גרם,false,,9.90,3.9600,true,1,584168
7290004872250,false,שלגון שרבט אבטיח נסטלה 108'ג,נגה גלידות (גלידות נ,IL,אבטיח שרבט,גרמים,540.00,100 גרם,false,,4.90,0.9074,true,1,16101
7290004872359,false,קרחון דובדבן 80 ג ' נסטלה,גלידות נסטלה (נגה גל,IL,קרחון דובדבן,יחידה,0.00,יחידה,false,,2.50,0.0000,true,1,16102
7290004872731,false,טילון אקסטרים וניל 70ג',גלידות נסטלה,IL,אקסטרים וניל,יחידה,0.00,יחידה,false,,6.90,0.0000,true,1,16103
7290004944032,false,חומוס שמיר אסלי 400 גר,סלטי שמיר,,חומוס אסלי 400 גר,גרמים,400.00,100 גרם,false,,10.90,2.7250,true,1,17701
7290004944049,false,טחינה אסלי שמיר 400 ג',סלטי שמיר,,טחינה אסלי 400 גרם,גרמים,400.00,100 גרם,false,,10.90,2.7250,true,1,17702
7290004944056,false,חציל במיונז אסלי שמיר 400 ג',,,חציל במיונז 400גר,גרמים,400.00,100 גרם,false,,10.90,2.7250,true,1,17703
7290004944063,false,סלט תורכי אסלי שמיר 400 ג',סלטי שמיר,,תורכי אסלי 400 גרם,גרמים,400.00,100 גרם,false,,10.90,2.7250,true,1,17704
7290005040993,false,ערמונים קלויים קלופי,,,ערמונים קלויים קלופי,יח',1.00,יח',false,,4.90,4.9000,true,1,50926
7290005084355,false,"סנסודיין - משחת שיניים דואל קר זהב 75 מ""ל",DE MICLEN,IL,משחת שיניים דואל קר,מיליליטרים,75.00,"100 מ""ל",false,,21.90,29.2000,true,1,3820
7290005095269,false,נרות חימום 50 יח' שק,,,נרות חימום 50 יח' שק,גרמים,500.00,100 גרם,false,,9.90,1.9800,true,1,583633
7290005113222,false,זיתים קוקטייל וגמבה יבנה 350ג',קדבורי,IL,זיתים מיקס יבנה 540,גרמים,340.00,100 גרם,false,,9.90,2.9118,true,1,44748
7290005174513,false,חציל במיונז 500 ג' אחלה,מיוצר עי קונדיטוריית,IL,חציל במיונז אחלה 500,גרמים,500.00,100 גרם,false,,14.90,2.9800,true,1,23299
7290005174551,false,סלט חומוס עם צנוברים 125 ג' אחלה,מיוצר עי קונדיטוריית,IL,אחלה חומוס 125ג,גרמים,125.00,100 גרם,false,,4.90,3.9200,true,1,23300
7290005174568,false,אחלה סלט חצילים יום 125 ג',"שטראוס גרופ בע""מ",IL,אחלה חציל במיונז 125,גרמים,125.00,100 גרם,false,,4.90,3.9200,true,1,23301
7290005174575,false,טחינה אחלה יום יום משובחת 125ג',מיוצר עי קונדיטוריית,IL,אחלה טחינה 125גר,גרמים,125.00,100 גרם,false,,4.90,3.9200,true,1,23302
7290005197758,false,עוגיות חיוכים שוקו שוקו 150ג',אפיפית נצרת (1971) ב,IL,חיוכים של שוקו,גרמים,150.00,100 גרם,false,,4.90,3.2667,true,1,22238
7290005199578,false,"קפה פלאטינום עלית נטול 200ג' כש""לפ",,IL,עלית אוריגינס קפה נט,גרמים,200.00,100 גרם,false,,33.90,16.9500,true,1,22243
7290005199738,false,גומי מאסט בטעם פפרמינט ריח פה נעים פליפטופ 28 ג' עלית,"שטראוס גרופ בע""מ",IL,מאסט ריח פה נעים 28ג,גרמים,28.00,100 גרם,false,,4.10,14.6429,true,1,22245
7290005200786,false,תפוצ'יפס שמנת ובצל 50 גרם,"שטראוס פריטו ליי בע""",IL,תפוציפס שמנת ובצל 50,גרמים,50.00,100 גרם,false,,3.90,7.8000,true,1,24159
7290005201882,false,קפה טורקי עלית 200 גרם,הנסיך- מפעל לייצור ט,IL,טורקי עלית 200 גר',גרמים,200.00,100 גרם,false,,15.90,7.9500,true,1,22249
7290005287206,false,טונה סטארקיסט בשמן רביעיות 4*160 גר,"סטארקיסט פודור בע""מ",,טונה בשמן סטארקיסט ר,גרמים,640.00,100 גרם,false,,24.90,3.8906,true,1,26654
7290005287213,false,"טונה סטארקיסט בשמן רביעייה בד""צ",,,טונה בשמן סטארקיסט ב,גרמים,640.00,100 גרם,false,,24.90,3.8906,true,1,26655
7290005287251,false,טונה סטארקיסט במים רביעיות 4*160 גר,"איטיליאן פוד, אס.פי.",,טונה במים סטארקיסט ר,גרמים,640.00,100 גרם,false,,24.90,3.8906,true,1,26657
7290005296246,false,"פותח סתימות דריין אאוט 946 מ""ל יעקבי",יוליניבר,US,יעקבי פותח סתימות אק,מיליליטרים,946.00,"100 מ""ל",false,,26.90,2.8436,true,1,11301
7290005326387,false,עגבניות מיובשות בשמן זית אוליבייה 270ג',,IL,עגבניות מיובשות בשמן,גרמים,280.00,100 גרם,false,,17.90,6.3929,true,1,51983
7290005326523,false,ממרח פסטו פטרוזיליה ונענע אוליביה 180 גר,,,אוליביה ממרח פסטו פט,גרמים,180.00,100 גרם,false,,13.90,7.7222,true,1,51984
7290005384851,false,מיץ לימון משומר וילי,יורופוד,IT,מיץ לימון משומר וילי,מיליליטרים,200.00,"100 מ""ל",false,,2.90,1.4500,true,1,2902
7290005403972,false,תחתיות ארטישוק 400 ג,,,תחתיות ארטישוק 400 ג,גרמים,400.00,100 גרם,false,,16.50,4.1250,true,1,51543
7290005403989,false,במיה קפואה 600 גרם ש,,,במיה קפואה 600 גרם ש,גרמים,600.00,100 גרם,false,,11.90,1.9833,true,1,51544
7290005418716,false,"נטורל - קרם לחות לבניית תלתלים עגולים 400 מ""ל",מיוצר עי אמיליה קוסמ,IL,לחות לבניית תלתלים נ,מיליליטרים,400.00,"100 מ""ל",false,,22.90,5.7250,true,1,29892
7290005423055,false,סנו פורטה פלוס מתז בניחות לימון 1 ל',"סנו מפעלי ברונוס בע""",IL,מתז פורטה פלוס בניחו,ליטרים,1.00,100 ליטר,false,,17.90,1790.0000,true,1,29896
7290005423086,false,"סנומוד באראסיד 150מ""ל",סנו מפעלי ברונוס בעמ,IL,מטהרי אויר סנומוד PA,מיליליטרים,150.00,"100 מ""ל",false,,11.90,7.9333,true,1,29897
7290005423253,false,"סנו - מקסימה מרסס למייבש כביסה אולטרה פרש 750 מ""ל","סנו מפעלי ברונוס בע""",IL,סנו מקסימה למייבש או,מיליליטרים,750.00,"100 מ""ל",false,,17.90,2.3867,true,1,29899
7290005423567,false,מטליות לניקוי כללי בגליל 40 יח' סנו סושי,אסותא תעשיות אלבד בע,IL,סנו סושי מטלית לכל 3,יחידה,0.00,יחידה,false,,20.00,0.0000,true,1,29910
7290005423635,false,ריצפז נוזל לניקוי רצפות דוחה חרקים 2 ל',מיוצר עי קונדיטוריית,IL,נוזל לניקוי רצפות דו,ליטרים,2.00,ליטר,false,,21.90,10.9500,true,1,29911
7290005423734,false,סנו - מקסימה מרכך כביסה אולטרה פרש 4 ליטר,"סנו מפעלי ברונוס בע""",IL,מרכך כביסה סנו מקסימ,ליטרים,4.00,ליטר,false,,22.90,5.7250,true,1,29912
7290005423871,false,אורביטול שלישיה מנטול משחת שיניים,טרופיקל דגיל תעשיות,IL,משחת שיניים אורביטול,גרמים,435.00,100 גרם,false,,16.90,3.8851,true,1,29914
7290005423888,false,אלסבון כיף שלישיה מעורב,טרופיקל דגיל תעשיות,IL,שלישיית אלסבון מעורב,ליטרים,1.50,ליטר,false,,19.90,13.2667,true,1,29915
7290005423918,false,סנו - מקסימה מרכך כביסה היפואלרגני אלוורה 4 ליטר,"סנו מפעלי ברונוס בע""",IL,מרכך כביסה סנו מקסימ,ליטרים,4.00,ליטר,false,,23.90,5.9750,true,1,29916
7290005424113,false,מטליות רצפה 4 יח' סנו סושי,עופרטקס,,סנו סושי מטליות רצפה,יחידה,0.00,יחידה,false,,12.90,0.0000,true,1,29918
7290005424700,false,סנו - פורטה פלוס מרסס מסיר שומנים 1 ליטר,,,פורטה פלוס - קצף ברי,מיליליטרים,1.00,"100 מ""ל",false,,17.90,1790.0000,true,1,29927
7290005424755,false,מטליות ריצפז פלוס לחות לניקוי רצפות דוחה תיקנים 10 יח' סנו,סנו מפעלי ברונוס בעמ,IL,ריצפז פלוס מטליות לח,יחידה,0.00,יחידה,false,,14.90,0.0000,true,1,29928
7290005424762,false,נוזל רצפות ריצפז ווקס דוחה חרקים 2 ליטר,"סנו מפעלי ברונוס בע""",IL,ריצפז פלוס ווקס דוחה,ליטרים,2.00,ליטר,false,,28.90,14.4500,true,1,29929
7290005424847,false,מפיות סנו סושי לבן לאירוח 150יח',מיוצר עי קונדיטוריית,TR,סנו סופט מפיות 30*30,יחידה,0.00,יחידה,false,,8.90,0.0000,true,1,29933
7290005424991,false,"פרש אוטומטיק בניחוח בייבי פאודר 250 מ""ל סנו",,IL,סנו פרש אוטומטיק בהת,גרמים,165.00,100 גרם,false,,13.90,8.4242,true,1,29935
7290005425110,false,"סנו מתז לחיטוי משטיחים 750 מ""ל","סנו מפעלי ברונוס בע""",IL,מתז מחטא ומשמיד 99.9,מיליליטרים,750.00,"100 מ""ל",false,,12.90,1.7200,true,1,29940
7290005425127,false,"חיטוי משטחים 99.9% מתז לשומנים ואבנית 750 מ""ל","סנו מפעלי ברונוס בע""",IL,מתז 99.9% מנקה שומני,מיליליטרים,750.00,"100 מ""ל",false,,12.90,1.7200,true,1,279727
7290005425202,false,אבקת כביסה ביו מקסימה לכתמים קשים,"סנו מפעלי ברונוס בע""",IL,אבקת כביסה סנו מקסימ,קילוגרמים,2.50,"ק""ג",false,,26.90,10.7600,true,1,29942
7290005425646,false,סנו קליר ספריי אקדח לניקוי והברקת חלונות 1ל',"סנו מפעלי ברונוס בע""",IL,סנוקליר נוזל רב תכלי,יחידה,0.00,יחידה,false,,11.90,0.0000,true,1,29949
7290005426230,false,מטלית הפלא לרצפה מיקרופייבר סנו 1יח',N.S.,IL,סנו סושי מטלית הפלא,יחידה,0.00,יחידה,false,,12.90,0.0000,true,1,29960
7290005426568,false,"קרמה - קרם לחות לשיער רגיל 400 מ""ל",טרופיקל דגיל תעשיות,IL,קרם לחות לשיער רגיל,מיליליטרים,400.00,"100 מ""ל",false,,19.90,4.9750,true,1,29966
7290005426964,false,סנובון לאסלה לובר מוצק נתלה 55X3ג',,,סנובון כחול שלישיה ב,גרמים,165.00,100 גרם,false,,16.90,10.2424,true,1,29975
7290005426971,false,סנובון כחול בריח תפוח 3 יח' * 55 ג',,,סנובון כחול שלישיה ב,גרמים,165.00,100 גרם,false,,16.90,10.2424,true,1,29976
7290005427107,false,סנו - סושי מגבות נייר הפלא 6 יחידות,מיוצר עי קונדיטוריית,IL,סנו סושי מגבות הפלא,מטרים,63.50,מטר,false,,11.90,0.1874,true,1,29977
7290005427633,false,"כיף גל לשיער לשיער חזק במיוחד 1 ק""ג",,,ג'ל לשיער לשיער חזק,קילוגרמים,1.00,"ק""ג",false,,19.90,19.9000,true,1,29994
7290005427725,false,מגבונים ליטופים מארז חמישיה,,,ליטופים מגבונים מבוש,יחידה,0.00,יחידה,false,,18.90,0.0000,true,1,29995
7290005427978,false,"קרמה תחליב רחצה לפנים 180 מ""ל",גוד פוד פרודקטס S.p,IL,תחליב רחצה לפנים קרמ,מיליליטרים,180.00,"100 מ""ל",false,,13.90,7.7222,true,1,30006
7290005428845,false,סנו סושי מפיות צבעוני 100 יח,"חי מוצרי נייר בע""מ",IL,סנו סופט מפיות 33*33,יחידה,0.00,יחידה,false,,7.90,0.0000,true,1,30008
7290005429279,false,סנו מקסימה קומפקט קומפקט אפקט גאוול 6 ק,,,אבקת כביסה סנו מקסימ,קילוגרמים,6.00,"ק""ג",false,,49.90,8.3167,true,1,30016
7290005429286,false,"אבקת כביסה מקסימה ביו 6 ק""ג סנו",סנו,IL,אבקת כביסה סנו מקסימ,קילוגרמים,6.00,"ק""ג",false,,49.90,8.3167,true,1,30017
7290005430480,false,מטלית הפלא מיקרופייבר סנו סושי,N.S.,,סנו סושי מטלית הפלא,יחידה,0.00,יחידה,false,,9.90,0.0000,true,1,30018
7290005430602,false,סנו אוקסיגן מסיר כתמים קשים מרסס 750 מל,"סנו מפעלי ברונוס בע""",IL,סנו אוקסיג'ן מסיר כת,מיליליטרים,750.00,"100 מ""ל",false,,17.90,2.3867,true,1,30021
7290005430671,false,סנו פוליויקס 2 ליטר +קרמיקה,סנו מפעלי ברונו בעמ,IL,סנו פוליווקס קרמיקה,ליטרים,2.00,ליטר,false,,20.90,10.4500,true,1,30024
7290005431159,false,תותים בקצפת לייט 80 ג' עדן,עדן קינוחים,IL,תותים בקצפת לייט 80,גרמים,80.00,100 גרם,false,,7.20,9.0000,true,1,256329
7290005431906,false,עדן קדאיף 82 גרם,תנובה,IL,עדן קדאיף 82 גרם,גרמים,82.00,100 גרם,false,,7.20,8.7805,true,1,26011
7290005431913,false,עוגת גינה פירורים 92 גרם,תנובה,IL,קינוחי עדן עוגת גבינ,גרמים,92.00,100 גרם,false,,7.20,7.8261,true,1,26012
7290005431937,false,עדן טירמיסו 82 גרם,תנובה,IL,עדן טירמיסו 82 גרם,גרמים,82.00,100 גרם,false,,7.20,8.7805,true,1,26014
7290005477669,false,דרמפון-ס.נוזלי מועשר בלחות 1 ליטר,קוסמופארם בע''מ,IL,סבון נוזלי מועשר בלח,יחידה,0.00,יחידה,false,,16.90,0.0000,true,1,30028
7290005559587,false,מאפה נקניקיה בבצק מעדנות 800ג',מיוצר עי קונדיטוריית,IL,מאפה נקניקיות 800גר,גרמים,800.00,100 גרם,false,,29.90,3.7375,true,1,35615
7290005559709,false,בורקס פיצה מעדנות 700 ג',"מעדנות בע""מ",IL,בורקס פיצה 700 גרם,גרמים,700.00,100 גרם,false,,24.90,3.5571,true,1,35617
7290005559907,false,פיצה משפחתית גבינה מעדנות 500 גר,מיוצר עי קונדיטוריית,IL,פיצה משפחתית גבינה 5,גרמים,500.00,100 גרם,false,,19.90,3.9800,true,1,35620
7290005559914,false,פיצה משפחתית זיתים מעדנות 550 גר,מיוצר עי קונדיטוריית,IL,פיצה משפחתית זיתים 5,גרמים,550.00,100 גרם,false,,19.90,3.6182,true,1,35621
7290005559990,false,בצק פילאס תורכי מעדנות 600 גר,מיוצר עי קונדיטוריית,IL,בצק פילאס תורכי מעדנ,גרמים,600.00,100 גרם,false,,19.90,3.3167,true,1,35625
7290005576010,false,חסה גלאט עלים,,,חסה מהדרין,יח',1.00,יח',false,,7.90,7.9000,true,1,44786
7290005576027,false,פטרוזיליה גלאט עלים,,,פטרוזיליה גלאט עלים,יח',1.00,יח',false,,6.90,6.9000,true,1,44787
7290005576034,false,כוסברה גלאט עלים,,,כוסברה מהדרין,יח',1.00,יח',false,,6.90,6.9000,true,1,44788
7290005576041,false,שמיר גלאט עלים,,,שמיר מהדרין,יח',1.00,יח',false,,6.90,6.9000,true,1,44789
7290005576065,false,סלרי גלאט עלים,,,סלרי מהדרין,יח',1.00,יח',false,,7.90,7.9000,true,1,44791
7290005576072,false,סלק עלים גלאט עלים,,,מנגולד מהדרין,יח',1.00,יח',false,,7.90,7.9000,true,1,44792
7290005576089,false,בצל ירוק גלאט עלים,,,בצל ירוק מהדרין,יח',1.00,יח',false,,7.90,7.9000,true,1,44793
7290005576096,false,"כרוב לבן שלם בד""ץ",,,כרוב לבן גלאט,קילוגרמים,1.00,"ק""ג",true,,15.90,15.9000,true,1,44777
7290005576201,false,כרוב לבן קצוץ 400 ג' גאלט,,IL,כרוב לבן קצוץ 400 גר,גרמים,400.00,100 גרם,false,,12.90,3.2250,true,1,44799
7290005576218,false,כרוב אדום קצוץ 400 ג' גאלט,,IL,כרוב אדום 400 גרם,גרמים,400.00,100 גרם,false,,12.90,3.2250,true,1,44800
7290005576225,false,קולוסלאו גלאט עלים 400ג' בי&די,,IL,קולסלאו 400 גרם בדץ,גרמים,400.00,100 גרם,false,,12.90,3.2250,true,1,20484
7290005576232,false,חסה אייסברג גלאט 300 גר',,,חסה אייסברג קצוצה,גרמים,300.00,100 גרם,false,,13.90,4.6333,true,1,44801
7290005576249,false,לקט קלאסי ירקות מהדרין 350 גר',,,לקט קלאסי 350 גרם,גרמים,350.00,100 גרם,false,,13.90,3.9714,true,1,44802
7290005589829,false,לקקן תרנגול\לב 8 יח',,,לקקן 8 יח' 185 גרם,גרמים,185.00,100 גרם,false,,11.90,6.4324,true,1,129988
7290005591761,false,דבש טהור מפרחי בר בלחיץ 400 ג' יד מרדכי,מכוורת יד מרדכי שטרא,IL,דבש טהור מפרחי בר בל,גרמים,400.00,100 גרם,false,,20.90,5.2250,true,1,22250
7290005610127,false,תפוח אדמה לבן דוד משה,,,תפו`א גורמה לבן דוד,קילוגרמים,1.00,"ק""ג",true,,7.90,7.9000,true,1,50918
7290005610196,false,תפו`א בייבי גורמה,,,תפו`א בייבי גורמה,קילוגרמים,1.00,"ק""ג",true,,6.90,6.9000,true,1,50919
7290005803628,false,קרחון מלון - צבע מאכל טבעי,המאפיה של הרמן,IL,קרחון מלון - צבע מאכ,יחידה,0.00,יחידה,false,,2.50,0.0000,true,1,16106
7290005838002,false,מעדן גבינה ויוגורט בטעם וניל 88 ג' דניאלה,"שטראוס בריאות בע""מ",IL,דניאלה מעדן גבינה 15,מיליליטרים,150.00,"100 מ""ל",false,,4.10,2.7333,true,1,23304
7290005838613,false,גבינת וניל שטראוס 125 ג',"שטראוס בריאות בע""מ",IL,גבינה וניל 3% סקי 12,גרמים,125.00,100 גרם,false,,3.90,3.1200,true,1,23305
7290005839078,false,"דנונה יוגורט ביו 3% לבן מארז 150X8מ""ל",מיוצר עי קונדיטוריית,IL,דנונה ביו מארז חסכון,קילוגרמים,1.20,"ק""ג",false,,16.90,14.0833,true,1,23307
7290005839108,false,גבינה לבנה סימפוניה עם תוספות 200 ג'+זיתים 5%,"שטראוס בריאות בע""מ",IL,סימפוניה עם זיתים 5%,גרמים,200.00,100 גרם,false,,11.50,5.7500,true,1,23308
7290005839313,false,"מילקי טופ שוקולד מגולגל 170 מ""ל",מיוצר עי קונדיטוריית,IL,מילקי טופ מגולגלת 14,מיליליטרים,142.00,"100 מ""ל",false,,4.90,3.4507,true,1,23309
7290005896453,false,"בירה מכבי 7.9% בקבוק חוזר 500מ""ל",טמפו משקאות בע''מ,IL,בירה מכבי 7.9 בקבוק,מיליליטרים,500.00,"100 מ""ל",false,,8.50,1.7000,true,1,9398
7290005896460,false,"בירה איגל חזקה 7.8% 500 מ""ל פחית",,,איגל בירה חזקה 7.8%,מיליליטרים,500.00,"100 מ""ל",false,,6.90,1.3800,true,1,9399
7290005901379,false,המבורגר מעדני המנגל,,,המבורגר מעדני המנגל,גרמים,400.00,100 גרם,false,,12.90,3.2250,true,1,51548
7290005901409,false,"""טעים טעים"" נקניקיות",,,"""טעים טעים"" נקניקיות",גרמים,500.00,100 גרם,false,,28.90,5.7800,true,1,51551
7290005901423,false,קבב קציצות ביתי טעים,,,קבב קציצות ביתי טעים,גרמים,500.00,100 גרם,false,,28.90,5.7800,true,1,51553
7290005901447,false,"""טעים טעים"" שווארמה",,,"""טעים טעים"" שווארמה",גרמים,300.00,100 גרם,false,,26.90,8.9667,true,1,51555
7290005901454,false,סטייק מינוט טעים טעי,,,סטייק מינוט טעים טעי,גרמים,300.00,100 גרם,false,,35.90,11.9667,true,1,51556
7290005901980,false,"""טעים טעים"" נקניקיות",,,"""טעים טעים"" נקניקיות",גרמים,500.00,100 גרם,false,,28.90,5.7800,true,1,51557
7290005938238,false,ממרח צ'ימצ'ורי פרסקו 220ג' מצונן,"פרסקו חצבה 2006 בע""מ",IL,פרסקו ממרח מצונן צ'י,גרמים,220.00,100 גרם,false,,17.90,8.1364,true,1,17091
7290005938245,false,ממרח פסטו קלאסי פרסקו 220ג' מצונן,מיוצר עי פרסקו חצבה,IL,פרסקו ממרח מצונן פסט,גרמים,220.00,100 גרם,false,,17.90,8.1364,true,1,17092
7290005992735,false,גבינה לבנה טבעית 250 גר,הנסיך- מפעל לייצור ט,IL,גד לאבנה 5% 250ג,גרמים,250.00,100 גרם,false,,13.50,5.4000,true,1,14646
7290005996078,false,סלמי סרוולט הונגרי 1,מעדני יחיעם,IL,סלמי סרוולט הונגרי 1,גרמים,125.00,100 גרם,false,,27.90,22.3200,true,1,59972
7290005996238,false,פסטרמה בדבש דק דק 120 גרם,פ.פ.ח. שאביט,IL,פסטרמה בדבש דק דק יח,גרמים,120.00,100 גרם,false,,10.90,9.0833,true,1,76205
7290005996276,false,פסטרמה ברביקיו דק דק 120 גרם,פ.פ.ח. שאביט,IL,פסטרמה ברביקיו דק דק,גרמים,120.00,100 גרם,false,,10.90,9.0833,true,1,76206
7290006065018,false,אמנון 7-9 80% דג קפו,,,אמנון 7-9 80% דג קפו,קילוגרמים,1.00,"ק""ג",true,,34.90,34.9000,true,1,481193
7290006065049,false,בלו פיש פילה באס יפני 5-7 (לברק),,,פילה באס יפני 7-9 20,קילוגרמים,1.00,"ק""ג",true,,41.90,41.9000,true,1,195697
7290006065179,false,סטייק טונה קפוא בואק,,,סטייק טונה קפוא בואק,קילוגרמים,1.00,"ק""ג",true,,39.90,39.9000,true,1,135685
7290006065391,false,פילה דג נסיכת הנילו,,,פילה דג נסיכת הנילו,קילוגרמים,1.00,"ק""ג",true,,43.90,43.9000,true,1,195667
7290006065599,false,פילה בקלה מרלוזה ארג,,,פילה בקלה מרלוזה ארג,קילוגרמים,1.00,"ק""ג",true,,37.90,37.9000,true,1,195682
7290006129345,false,אנטריקוט דק דק חלק 3,,,אנטריקוט דק דק חלק 3,גרמים,300.00,100 גרם,false,,34.90,11.6333,true,1,2360
7290006185501,false,"פנינה רוזנבלום -אל סבון נוזלי ורוד,1 ליטר",,,אל סבון נוזלי ורוד פ,יחידה,0.00,יחידה,false,,8.90,0.0000,true,1,18136
7290006185518,false,פנינה אל סבון נוזלי כחול פנינה 1 ל',,,אל סבון נוזלי כחול פ,יחידה,0.00,יחידה,false,,8.90,0.0000,true,1,18137
7290006199218,false,מאגדת גלידל אייס מוקה 8 יח דיאט,פלדמן,IL,גלידל מאגדת בטעם איי,גרמים,400.00,100 גרם,false,,31.90,7.9750,true,1,36067
7290006199942,false,מאגדת גלידל פרי דובדבן 8 יח,פלדמן,IL,פופסיקל בטעם דובדבן,גרמים,640.00,100 גרם,false,,24.90,3.8906,true,1,65769
7290006229588,false,בירה איגל לאגר פרימיום חזקה 6.3% 500 מל,"טמפו משקאות בע""מ",IL,איגל בירה פחית זהב 5,מיליליטרים,500.00,"100 מ""ל",false,,5.90,1.1800,true,1,9415
7290006251107,false,תה ויסוצקי צ'אי מסאלה 25 יח',מולינו ניקולי s.p.a,IL,תה מסאלה ויסוצקי 2/2,גרמים,50.00,100 גרם,false,,18.90,37.8000,true,1,24651
7290006251275,false,תה ירוק סיני 25 שקיקים של 1.5 ג,HIQ FOOD PRODUCTS,IL,תה ירוק סיני,גרמים,37.50,100 גרם,false,,23.90,63.7333,true,1,24653
7290006251343,false,תה חליטה הגן הקסום פסיפלורה מנגו 25 שקיקים,HIQ FOOD PRODUCTS,IL,תה חליטה הגן הקסום פ,גרמים,62.50,100 גרם,false,,17.90,28.6400,true,1,24655
7290006251374,false,תה ירוק לימונית וגינגר 25 שקיקים ויסוצקי,ויסוצקי,IL,תה ירוק לימונית וג'י,גרמים,25.00,100 גרם,false,,23.90,95.6000,true,1,24656
7290006265548,false,נבטים סינים מרינה ארוז 360ג',"מרינה פטריות הגליל בע""מ",IL,נבטים סינים,יח',1.00,יח',false,,6.90,6.9000,true,1,41524
7290006265890,false,נבטי גרעיני חמניה יח,"מרינה פטריות הגליל בע""מ",IL,נבטי חמניה יח,יח',1.00,יח',false,,8.90,8.9000,true,1,35554
7290006271174,false,ג'חנון לאפיה בתנור מעדנות 700 ג',מיוצר עי קונדיטוריית,IL,גחנון לאפיה בתנור מע,גרמים,700.00,100 גרם,false,,16.90,2.4143,true,1,35626
7290006271181,false,ג'חנון אפוי מעדנות 750 ג',מיוצר עי קונדיטוריית,IL,מעדנות גחנון אפוי 75,גרמים,750.00,100 גרם,false,,21.90,2.9200,true,1,35627
7290006271648,false,"מיני בורקס תפו""א מוזל מעדנות","מעדנות בע""מ",IL,מיני בורקס תפו`א 800,גרמים,800.00,100 גרם,false,,19.90,2.4875,true,1,35631
7290006271655,false,מיני בורקס גבינה מוזל מעדנות,מיוצר עי קונדיטוריית,IL,מיני בורקס גבינה 800,גרמים,800.00,100 גרם,false,,19.90,2.4875,true,1,35632
7290006272072,false,חטיפי פיצה בשקית מעדנות 650ג',"מעדנות בע""מ",IL,חטיפי פיצה מעדנות 65,גרמים,650.00,100 גרם,false,,29.90,4.6000,true,1,35635
7290006272430,false,בצק עלים חמאה מעדנות 600 ג',מיוצר עי קונדיטוריית,IL,בצק עלים חמאה 600 גר,גרמים,600.00,100 גרם,false,,28.90,4.8167,true,1,35637
7290006306302,false,רביולי במילוי גבינות פרמזן ריקוטה 400 ג' פסטה נונה,פסטה נונה,IL,פסטה נונה ריביולי פר,גרמים,400.00,100 גרם,false,,25.90,6.4750,true,1,14654
7290006322104,false,לחם ריחיים קל פרוס 500 ג',מאפיית דוידוביץ ובני,IL,לחם ריחיים מלא דוידו,גרמים,500.00,100 גרם,false,,13.90,2.7800,true,1,579472
7290006322111,false,לחמניות רחיים כהה קל,מאפיית דוידוביץ ובני,IL,6 לחמניות ריחיים מאפ,גרמים,450.00,100 גרם,false,,12.90,2.8667,true,1,580414
7290006322838,false,לחם 100% קמח מלא 750 גרם,מאפיית דוידוביץ ובני,IL,לחם 100% מלא דוידובי,גרמים,750.00,100 גרם,false,,14.90,1.9867,true,1,579709
7290006322968,false,לחם זיץ ברויט דוידוב,מאפיית אחדות חיפה בע,IL,לחם זיץ ברויט דוידוב,קילוגרמים,1.20,"ק""ג",false,,19.90,16.5833,true,1,579898
7290006342072,false,גרעין לבן 200 גרם ששון הקולה,דין שיווק,IL,גרעין לבן 200 גרם,גרמים,200.00,100 גרם,false,,9.90,4.9500,true,1,4628
7290006342560,false,בוטן אמריקאי 200 גרם ששון הקולה,דין שיווק,IL,בוטן אמריקאי 200 גרם,גרמים,200.00,100 גרם,false,,7.90,3.9500,true,1,4635
7290006342645,false,עלי טורטייה גדולה 84,אלקטי קוראבייכיסיגיד,TR,טורטייה 840 גרם,גרמים,840.00,100 גרם,false,,14.90,1.7738,true,1,4638
7290006374738,false,קונפיטורת יד מרדכי תות 340 גרם,אף.סי תבליני בגליל ב,IL,קונפיטורת תות יד מור,גרמים,340.00,100 גרם,false,,11.90,3.5000,true,1,22257
7290006448064,false,כיכר גבינה כחולה מעד,,,כיכר גבינה כחולה מעד,קילוגרמים,1.00,"ק""ג",true,,119.00,119.0000,true,1,444970
7290006449955,false,מלפפון בייבי ארוז,"מרינה פטריות הגליל בע""מ",IL,מלפפון בייבי,יח',1.00,יח',false,,8.90,8.9000,true,1,192983
7290006459510,false,נרות חנוכה רגיל 44 יח,,CN,נרות חנוכה שקד,גרמים,157.00,100 גרם,false,,2.90,1.8471,true,1,584061
7290006492432,false,גבינת מוצרלה בייבי 18% 300 ג' גד,מחלבות גד בעמ,IL,גד בייבי מוצרלה 150ג,גרמים,170.00,100 גרם,false,,14.90,8.7647,true,1,14662
7290006492616,false,גבינה בולגרית פרוסות 5% 250 ג' גד,DSH עבור מחלבות גד ב,IL,גד בולגרית פרוסות 5%,גרמים,250.00,100 גרם,false,,28.90,11.5600,true,1,14663
7290006492630,false,גבינת גליל עזים 22% 180 ג' גד,מחלבות גד בעמ,IL,גד גבינת גליל גד עזי,גרמים,180.00,100 גרם,false,,24.50,13.6111,true,1,14664
7290006492685,false,לאבנה עזים 5% שומן 250 ג' גד,מחלבות גד בעמ,IL,גד לאבנה עזים 3% 250,גרמים,250.00,100 גרם,false,,18.50,7.4000,true,1,14666
7290006492852,false,גבינת עיזים למריחה 5% שומן 250 ג' גד,מחלבות גד,IL,גד גבינת עיזים למריח,גרמים,250.00,100 גרם,false,,17.80,7.1200,true,1,14667
7290006492913,false,ציזיקי לבנה למריחה בתוספת שום שמיר,מחלבות גד בעמ,IL,לאבנה ציזיקי גד 250,גרמים,250.00,100 גרם,false,,14.30,5.7200,true,1,14668
7290006494924,false,טוסו וופל קלאסי במילוי קרם לימון 200 גרם,,,מרמולייט ופל בטעם לי,גרמים,180.00,100 גרם,false,,10.50,5.8333,true,1,5814
7290006511157,false,פטריות שלמות 400 ג' וילי פוד,אוקצ'מפס אס.איי אויי,PL,פטריות שלמות שמפיניו,גרמים,230.00,100 גרם,false,,6.90,3.0000,true,1,2906
7290006511751,false,פטריות שמפניון חתוך ויליפוד 290X3 ג' בד”צ,,,פטריות חתוכות ויליפו,גרמים,870.00,100 גרם,false,,11.90,1.3678,true,1,2909
7290006556004,false,מלפפון מובחר ארוז,,,מלפפון מובחר ארוז,יח',1.00,יח',false,,6.90,6.9000,true,1,50927
7290006618146,false,"הפי נוזל הדלקת פחמים 500 מ""ל",תות תעשיות מזון (201,NL,הפי-מדליק פחמים 500,מיליליטרים,500.00,"100 מ""ל",false,,13.90,2.7800,true,1,11314
7290006644480,false,"תפוזינה תפוזים 500 מ""ל","יפאורה תבורי בע""מ",IL,משקה תפוזים Move תפו,מיליליטרים,500.00,"100 מ""ל",false,,5.40,1.0800,true,1,11535
7290006651570,false,שמפו ואל סבון צמחי מרפא קמיל בלו 750 מל,,,קמיל בלו צמחי מרפא ש,מיליליטרים,750.00,"100 מ""ל",false,,19.00,2.5333,true,1,29106
7290006652027,false,מארז במבה יום הולדת 15X20 גרם,מיוצר עי קונדיטוריית,IL,במבה יום הולדת מאח.1,גרמים,300.00,100 גרם,false,,23.90,7.9667,true,1,18710
7290006653765,false,פסטה פרפקטו פטוציני 500ג' אסם,פסטה זארה,IL,פטוציני פרפקטו 500 ג,גרמים,500.00,100 גרם,false,,6.90,1.3800,true,1,18712
7290006653819,false,פתיתי קוסקוס דק 350 גרם,"מיוצר ע""י קוד יצרן K",IL,קוסקוס דק בשקית אסם,גרמים,350.00,100 גרם,false,,7.90,2.2571,true,1,18713
7290006664037,false,גמדים דגנים ארוחת בוקר מארז 100X4ג',"שטראוס בריאות בע""מ",IL,גמדים ארוחת בוקר 4*1,מיליליטרים,400.00,"100 מ""ל",false,,11.10,2.7750,true,1,23312
7290006664051,false,"אקטימל לבן מארז 100X14 מ""ל",מיוצר עי קונדיטוריית,IL,אקטימל טבעי 14*100מל,ליטרים,1.40,ליטר,false,,29.90,21.3571,true,1,23313
7290006664310,false,גבינה לבנה 3% שומן 250 ג' שטראוס,מיוצר עי קונדיטוריית,IL,גבינה 3% סקי 250 גרם,גרמים,250.00,100 גרם,false,,4.80,1.9200,true,1,23316
7290006664402,false,גבינה 5% שומן 750 ג' שטראוס,מיוצר עי קונדיטוריית,IL,שטראוס גבינה 5% 750ג,גרמים,750.00,100 גרם,false,,13.60,1.8133,true,1,23317
7290006664532,false,יוגורט עם תות 3% שומן 150 ג' דנונה,מיוצר עי קונדיטוריית,IL,דנונה תות 3% 150מל,גרמים,150.00,100 גרם,false,,3.90,2.6000,true,1,23318
7290006664655,false,"אקטימל לבן טבעי מארז 100X8 מ""ל",מיוצר עי קונדיטוריית,IL,אקטימל טבעי 8*100מל,מיליליטרים,800.00,"100 מ""ל",false,,19.90,2.4875,true,1,23320
7290006664693,false,יוגורט עם אפרסק 3% שומן 150 ג' דנונה,מיוצר עי קונדיטוריית,IL,דנונה אפרסק 3% 150מל,גרמים,150.00,100 גרם,false,,3.90,2.6000,true,1,23321
7290006664990,false,דנונה ביו מארז חיסכון 1.5% 8 יח' *150 ג',מיוצר עי קונדיטוריית,IL,דנונה ביו מארז חיסכו,קילוגרמים,1.20,"ק""ג",false,,16.90,14.0833,true,1,23323
7290006704511,false,"תפו""א גמדי אדום למיקרו מרינה 750ג'","מרינה פטריות הגליל בע""מ",IL,תפוא ננסי מיקרוגל,גרמים,750.00,100 גרם,false,,6.90,0.9200,true,1,35558
7290006712981,false,"קולגייט משחת שיניים סמיילס לגילאי 6 50 מ""ל",הנסיך- מפעל לייצור ט,IL,מ.שיניים סמיילס לגיל,מיליליטרים,50.00,"100 מ""ל",false,,11.90,23.8000,true,1,21487
7290006730374,false,טרופית קש בודד ע.חרדית,,,טרופית קש בודד ע.חרד,מיליליטרים,200.00,"100 מ""ל",false,,1.50,0.7500,true,1,20364
7290006737496,false,בועות סבון,,,בועות סבון,יחידה,0.00,יחידה,false,,1.50,0.0000,true,1,56942
7290006737878,false,מארז קרטוניה סביבון \נר 80ג',,,מארז קרטוניה סביבון.,יחידה,0.00,יחידה,false,,6.90,0.0000,true,1,13161
7290006737885,false,סביבונים לחנוכה מבחר 4 יח',,,מארז סביבונים 4 יח',יחידה,0.00,יחידה,false,,6.90,0.0000,true,1,13162
7290006739131,false,בצק גולמי פילו זוגלובק 500ג',,IL,זוגלובק בצק פילו 500,גרמים,500.00,100 גרם,false,,12.90,2.5800,true,1,38968
7290006739346,false,נקניקיות פרגיות טרי 400 גרם זוגלובק,זוגלובק,IL,נקניקיות פרגיות טרי,גרמים,400.00,100 גרם,false,,13.90,3.4750,true,1,38973
7290006739421,false,סלמי מעושן איטלקי 300 ג' זוגלובק,זוגלובק,IL,סלמי מעושן איטלקי ז,גרמים,300.00,100 גרם,false,,26.90,8.9667,true,1,38977
7290006739445,false,שניצל תירס קלאסי 750 ג' זוגלובק,זוגלובק,IL,שניצל תירס קלאסי 750,גרמים,750.00,100 גרם,false,,21.90,2.9200,true,1,38978
7290006739544,false,כתף בקר 300 ג' זוגלובק,זוגלובק,IL,כתף בקר זוגלובק 300,גרמים,300.00,100 גרם,false,,29.90,9.9667,true,1,38979
7290006741363,false,"בורקס תפו""א זוגלובק בד""צ 800ג'",מאפיית אריאל וגידרון,IL,"זוגלובק בורקס תפו""א",גרמים,800.00,100 גרם,false,,13.90,1.7375,true,1,38991
7290006742292,false,פסטרמה הודו בדבש 330 ג' זוגלובק,זוגלובק,IL,פסטרממיה בדבש 1% 330,גרמים,330.00,100 גרם,false,,27.90,8.4545,true,1,39001
7290006742315,false,פסטרמה חזה הודו ברביקיו זוגלובק 330 ג',זוגלובק,IL,חזה הודו ברביקיו 1%,גרמים,330.00,100 גרם,false,,27.90,8.4545,true,1,39003
7290006764065,false,"בירה נשר מאלט בקבוק חוזר 500 מ""ל","טמפו משקאות בע""ם.",IL,נשר מאלט בקבוק פקדון,מיליליטרים,500.00,"100 מ""ל",false,,4.90,0.9800,true,1,9417
7290006764072,false,"בירה גולדסטאר בק חוזר 500 מ""ל","טמפו משקאות בע""מ",IL,גולדסטאר בירה בק חוז,מיליליטרים,500.00,"100 מ""ל",false,,7.90,1.5800,true,1,9418
7290006764096,false,"בירה איגל 500 מ""ל 3.8% בקבוק חוזר","טמפו משקאות בע""מ",IL,בירה איגל בקבוק 500,מיליליטרים,500.00,"100 מ""ל",false,,5.50,1.1000,true,1,9419
7290006764485,false,"בירה נשר מאלט שחורה מארז 330X6מ""ל",טמפו,,נשר מאלט 6*330מל,ליטרים,1.98,ליטר,false,,31.90,16.1111,true,1,9426
7290006764737,false,"בירה נשר מאלט דיאט 500 מ""ל חוזר","טמפו משקאות בע""ם.",IL,נשר מאלט דיאט בקבוק,מיליליטרים,500.00,"100 מ""ל",false,,4.90,0.9800,true,1,9430
7290006765000,false,טורטיות חיטה מלאה 8יח 540 ג',אלקטי קוראבייכיסיגיד,TR,8 טורטיות חיטה מלאה,גרמים,540.00,100 גרם,false,,9.90,1.8333,true,1,4646
7290006775016,false,עוגת תפוז אחווה 450 גר',אחדות ביחר לטחינה חל,IL,עוגת תפוז מבית טוב 4,גרמים,450.00,100 גרם,false,,10.90,2.4222,true,1,689
7290006775030,false,עוגת שוקולד צ'יפס 450 ג אחוה,אחדות בעמ,IL,עוגת שוקו-ציפס מבית,גרמים,450.00,100 גרם,false,,10.90,2.4222,true,1,691
7290006775047,false,עוגת שוקולד אחווה 450 ג',"אחדות ביח""ר לטחינה",IL,עוגת שוקולד מבית טוב,גרמים,450.00,100 גרם,false,,10.90,2.4222,true,1,692
7290006775054,false,עוגת שיש אחווה 450 ג' אחוה,אחווה,IL,עוגת שיש מבית טוב 45,גרמים,450.00,100 גרם,false,,10.90,2.4222,true,1,693
7290006775085,false,עוגת שמרים אחווה 400 ג' אחוה,אחדות בעמ,IL,עוגת שמרים שוקולד אח,גרמים,400.00,100 גרם,false,,10.90,2.7250,true,1,695
7290006784308,false,"PURE מבשם אוויר ניחוח חופשה בפרובנס 400 מ""ל",,,"מבשם אוויר 400 מ""ל נ",מיליליטרים,400.00,"100 מ""ל",false,,9.90,2.4750,true,1,245197
7290006784483,false,"PURE מבשם אוויר ניחוח חופשה בסנט מוריץ 400 מ""ל",,,"מבשם אוויר 400 מ""ל נ",מיליליטרים,400.00,"100 מ""ל",false,,9.90,2.4750,true,1,245198
7290006788405,false,"קרליין - נושם אקטיב דאודורנט רול און לאישה ברודו 75 מ""ל",,,דאו רול און נושם אקט,מיליליטרים,75.00,"100 מ""ל",false,,12.90,17.2000,true,1,30051
7290006788429,false,"קרליין - נושם סאן רייס דאודורנט רול און לאישה כתום 75 מ""ל",אמיליה קוסמטיקס בעמ,IL,דאו' רולאון נושם סאנ,גרמים,75.00,100 גרם,false,,12.90,17.2000,true,1,30053
7290006788504,false,"קרליין - נושם אוקסיג'ן דאודורנט ספריי לאישה סגול 200 מ""ל",מיוצר עי : אמיליה קו,IL,דאו' תרסיס נושם סגול,מיליליטרים,200.00,"100 מ""ל",false,,12.90,6.4500,true,1,30061
7290006789617,false,"קרליין קרם לחות לתלתלים טבעיים 400 מ""ל",מיוצר עי : אמיליה קו,IL,קרם לחות לתלתלים טבע,מיליליטרים,400.00,"100 מ""ל",false,,14.90,3.7250,true,1,30067
7290006789631,false,קרליין קרם לחות לשיער רגיל 400 גרם,,,קרם לחות לשיער רגיל,מיליליטרים,400.00,"100 מ""ל",false,,14.90,3.7250,true,1,30069
7290006805850,false,תערובת להכנת פנקייק פילסבורי 500 גר,הדקלאים אגודת שיתופי,IL,תערובת להכנת פנקייקס,גרמים,500.00,100 גרם,false,,16.90,3.3800,true,1,12804
7290006866363,false,אשכוליות אדומות טבעי סחוט 1 ל פרימור,גניר,IL,פרימור מיץ אשכולית א,ליטרים,1.00,ליטר,false,,15.90,15.9000,true,1,23324
7290006920447,false,"גבינת פיצרלה מגורדת בד""צ 500 גר'",,IL,פיצרלה פתיתים בדץ כ,גרמים,500.00,100 גרם,false,,23.90,4.7800,true,1,18269
7290006920911,false,הולנדית פרוס 350ג' כפיר,,,הולנדי פרוס כפיר 350,גרמים,350.00,100 גרם,false,,15.90,4.5429,true,1,18279
7290006983152,false,קרוטונים מתובלים למרק 400 ג' אסם,עינת תעשיות,IL,קרוטונים מתובלים אסם,גרמים,400.00,100 גרם,false,,17.90,4.4750,true,1,18716
7290006983176,false,אוסם - לחמית שיפון 250 גרם,"אסם השקעות בע""מ",IL,לחמית שיפון אסם 250,גרמים,230.00,100 גרם,false,,8.90,3.8696,true,1,18717
7290006983206,false,תערובת להכנת פלפל קלי קלות 180 גרם,"אסם השקעות בע""מ",IL,תערובת פלאפל בקלי קל,גרמים,180.00,100 גרם,false,,9.50,5.2778,true,1,18718
7290006983763,false,עוגת הבית שוקולד 400 ג' אסם,מיוצר עי קונדיטוריית,IL,עוגת הבית שוקולד 400,גרמים,400.00,100 גרם,false,,11.90,2.9750,true,1,18721
7290006983770,false,עוגת הבית שיש 400 ג' אסם,מיוצר עי קונדיטוריית,IL,עוגת הבית שיש 400גר,גרמים,400.00,100 גרם,false,,11.90,2.9750,true,1,18722
7290006983787,false,עוגת הבית שוקוציפס 400 ג' אסם,מיוצר עי קונדיטוריית,IL,עוגת הבית שוקוציפס 4,גרמים,400.00,100 גרם,false,,11.90,2.9750,true,1,18723
7290006983794,false,עוגת הבית תפוז 400 ג' אסם,מיוצר עי קונדיטוריית,IL,עוגת הבית תפוז 400גר,גרמים,400.00,100 גרם,false,,11.90,2.9750,true,1,18724
7290006992192,false,מטרנה דייסלה סולת 200 גרם,,,מטרנה דייסת סולת פרו,גרמים,200.00,100 גרם,false,,13.50,6.7500,true,1,18728
7290006992390,false,"מטרנה - דייסת וניל פרוביוטי כשל""פ 200 גרם",מולינו ניקולי s.p.a,IL,מטרנה דייסת וניל פרו,גרמים,200.00,100 גרם,false,,13.50,6.7500,true,1,18730
7290008000796,false,"כצט - סופרמן משחת שיניים לילדים 50 מ""ל",כצט נוביס,,משחת שיניים סופרמן ל,מיליליטרים,50.00,"100 מ""ל",false,,10.90,21.8000,true,1,3833
7290008101318,false,קריספ פירורי לחם זהוב 300 גרם,,IL,פירורי לחם זהוב קלאס,גרמים,300.00,100 גרם,false,,6.90,2.3000,true,1,462066
7290008101356,false,קריספ פאנקו זהוב 300 גרם,,IL,פירורי לחם פנקו זהוב,גרמים,300.00,100 גרם,false,,9.90,3.3000,true,1,481009
7290008102469,false,קריספ פירורי לחם זהוב 800 גרם,,IL,פירורי לחם זהוב קלאס,גרמים,800.00,100 גרם,false,,12.90,1.6125,true,1,462137
7290008104050,false,"פמינה - שטיפה אינטימית קלאסית 220 מ""ל",כצט נוביס סעמ,IL,סבון שטיפה אינטימית,מיליליטרים,220.00,"100 מ""ל",false,,23.90,10.8636,true,1,3839
7290008116541,false,"שטיפת פה ליסטרין קול מינט 500 מ""ל",ג'ונסון אנד ג'ונסון,IT,מי פה ליסטרין בטעם מ,מיליליטרים,500.00,"100 מ""ל",false,,22.90,4.5800,true,1,29474
7290008116565,false,מי פה ליסטרין פרש בר,ג'ונסון אנד ג'ונסון,IT,מי פה פרש ליסטרין 50,מיליליטרים,500.00,"100 מ""ל",false,,22.90,4.5800,true,1,29476
7290008154222,false,שניצלונים עוף טוב 700 גרם,מולינו ניקולי s.p.a,IL,שניצלונים עוף טוב 70,גרמים,700.00,100 גרם,false,,19.90,2.8429,true,1,19769
7290008175210,false,גבינת פרמזן מגורדת 90ג' ויליפוד,זנטי אס.איי.,IT,וילי פוד פרמזן מגורד,גרמים,90.00,100 גרם,false,,14.90,16.5556,true,1,2911
7290008268288,true,מארז תפוח קריפס פינק,,,מארז תפוח קריפס פינק,גרמים,900.00,100 גרם,false,,12.90,1.4333,true,1,595244
7290008268455,false,קיווי ישראלי ארוז 4,חקלאי,IL,קיווי ארוז בראשית,יח',1.00,יח',false,,11.90,11.9000,true,1,260858
7290008330107,false,מרכך כביסה סגול 4 ל' בדין,יוניליור ישראל טיפוח,IL,בדין מרכך כביסה סגול,ליטרים,4.00,ליטר,false,,19.90,4.9750,true,1,10408
7290008333115,false,אבקת ג'לטין טהור נטו 28 ג',ג'ליק פיניור,,.ג'לטין טהור 28 גר,גרמים,28.00,100 גרם,false,,9.90,35.3571,true,1,17101
7290008343466,false,בצק פילו 500 גרם שלושת האופים,כלורוקס אוקלנד,IL,בצק פילו 500 גרם,גרמים,500.00,100 גרם,false,,19.90,3.9800,true,1,17112
7290008343558,false,"סיגרים בשר שלושת האופים 1 ק""ג",,,סיגרים בשר 1 ק`ג שלו,קילוגרמים,1.00,"ק""ג",false,,16.90,16.9000,true,1,17116
7290008343565,false,"סיגרים תפו""א 1 ק""ג שלושת האופים",,,סיגרים תפו`א 1 ק`ג ש,קילוגרמים,1.00,"ק""ג",false,,16.90,16.9000,true,1,17117
7290008343602,false,"קובה בשר 1 ק""ג שלושת האופים",,,קובה בשר 1 ק`ג שלושת,קילוגרמים,1.00,"ק""ג",false,,16.90,16.9000,true,1,17119
7290008343619,false,"פסטלים תפו""א שלושת האופים 1 ק""ג",,,פסטלים תפו`א שלושת ה,קילוגרמים,1.00,"ק""ג",false,,16.90,16.9000,true,1,17120
7290008344258,false,המבורגר מזרחי 400 גר,"טיבון ויל אחזקות בע""",IL,המבורגר מזרחי 400 ג',גרמים,400.00,100 גרם,false,,17.90,4.4750,true,1,17126
7290008345583,false,איקרה ביתית ורוד 300 גרם דלידג,כלורוקס אוקלנד,IL,300 איקרה ביתית ורוד,גרמים,300.00,100 גרם,false,,19.90,6.6333,true,1,17133
7290008347211,false,אצבעות דג מצופות נטו,אף.סי תבליני בגליל ב,IL,דלידג אצבעות דג 700,גרמים,700.00,100 גרם,false,,19.90,2.8429,true,1,17134
7290008409049,false,מאמא עוףמיני שניצלים בציפוי שומשום 500 ג,תנובה גליל שותפות מו,IL,מאמא עוף מיני דק שני,גרמים,500.00,100 גרם,false,,24.90,4.9800,true,1,25546
7290008409100,false,אצבעות שניצל בציפוי שומשום מאמא עוף 700 גרם,תנובה גליל שותפות מו,IL,אצבעות שניצל ציפוי ש,גרמים,700.00,100 גרם,false,,30.90,4.4143,true,1,25547
7290008409124,false,שניצל ג'ונגל פריך 700 ג' מאמא עוף,תנובה גליל שותפות מו,IL,מאמא עוף קפוא שניצל,גרמים,700.00,100 גרם,false,,30.90,4.4143,true,1,25548
7290008409216,false,שניצל דק פריך מאמא עוף 700 ג',תנובה גליל,IL,מאמא עוף קפוא שניצל,גרמים,700.00,100 גרם,false,,35.90,5.1286,true,1,25549
7290008409315,false,מיני מיני דק שניצלונים בציפוי פריך מאמא עוף 500 ג',תנובה גליל,IL,מאמא עוף מיני דק שני,גרמים,500.00,100 גרם,false,,24.90,4.9800,true,1,25553
7290008409407,false,שניצל דק ציפס מאמא עוף 700 ג',תנובה גליל שותפות מו,IL,מאמא עוף שניצל דק צי,גרמים,700.00,100 גרם,false,,35.90,5.1286,true,1,25559
7290008409551,false,שניצל עוף אמיתי בציפוי מעודן 700 ג' מאמא עוף,תנובה גליל שותפות מו,IL,שניצל עוף אמיתי בציפ,גרמים,700.00,100 גרם,false,,34.90,4.9857,true,1,25565
7290008409582,false,שניצל אמיתי בציפוי ביתי מאמא עוף 700 ג',תנובה גליל שותפות מו,IL,שניצל אמיתי בציפוי ב,גרמים,700.00,100 גרם,false,,34.90,4.9857,true,1,25568
7290008409605,false,כוכבי עוף בציפוי מעודן מאמא עף 700 גרם,תנובה גליל שותפות מו,IL,כוכבי עוף בציפוי מעו,גרמים,700.00,100 גרם,false,,30.90,4.4143,true,1,25569
7290008409773,false,קציצות עוף ביתיות מאמא עוף 700 ג',תנובה גליל שותפות מו,IL,מאמא עוף קפוא קציצות,גרמים,700.00,100 גרם,false,,28.90,4.1286,true,1,25573
7290008415514,false,חומוס צבר עם חריף עגול 150ג',סלטי צבר,IL,צבר סלט חומוס עם חרי,גרמים,150.00,100 גרם,false,,4.90,3.2667,true,1,19773
7290008443616,false,"מרכך לשיער יבש אדום 750 מ""ל נקה 7",אמיליה קוסמטיקס בעמ,IL,מרכך לשיער יבש אדום,מיליליטרים,750.00,"100 מ""ל",false,,11.90,1.5867,true,1,30083
7290008443630,false,"נקה 7 - שמפו מתולתל סגול 750 מ""ל",טרופיקל דגיל תעשיות,IL,שמפו מתולתל סגול נקה,מיליליטרים,750.00,"100 מ""ל",false,,11.90,1.5867,true,1,30085
7290008461221,false,סרדינים רוברט בשמן חמניות 115 גרם,"רמירז, מטוסינוס",PT,סרדינים רוברט שמן חמ,גרמים,115.00,100 גרם,false,,6.90,6.0000,true,1,17138
7290008462204,false,חרדל דיזיון מקורי 380 גרם,יוניליבר צרפת,FR,חרדל דיזון מקורי 380,גרמים,380.00,100 גרם,false,,17.90,4.7105,true,1,17141
7290008464222,false,"בירה מכבי 7.9% פחית 500 מ""ל","טמפו משקאות בע""מ",IL,מכבי 7.9 פחית 500 מל,מיליליטרים,500.00,"100 מ""ל",false,,7.90,1.5800,true,1,9438
7290008464345,false,"בירה גולדסטאר בקבוק 330 מ""ל",טמפו משקאות בע''מ,IL,"גולדסטאר בירה ח""פ 33",יחידה,330.00,יחידה,false,,8.70,0.0264,true,1,9443
7290008464673,false,"בירה גולדסטאר SLOWBREW פחית 10%, 500 מ""ל","טמפו משקאות בע""מ",IL,גולדסטאר SLOWBREW 10,מיליליטרים,500.00,"100 מ""ל",false,,8.90,1.7800,true,1,9460
7290008464741,false,"שישייית בירה גולדסטאר כהה 330X6 מ""ל",טמפו,IL,"גולדסטאר ח""פ בקבוק 6",ליטרים,1.98,ליטר,false,,37.90,19.1414,true,1,9465
7290008464796,false,"בירה היינקין ח""פ בקבוק 330X6מ""ל",טמפו,,"הייניקן בקבוק ח""פ 6*",ליטרים,1.98,ליטר,false,,38.90,19.6465,true,1,9468
7290008636018,false,שוקולד כפתורי ם שמיניה 40 ג',,,1/8 כפתורי שוקולד 30,גרמים,30.00,100 גרם,false,,9.90,33.0000,true,1,15004
7290008636339,false,"שביבי תפו""א 400 גר' מיה",,,מחית תפוחי אדמה פירה,גרמים,400.00,100 גרם,false,,10.00,2.5000,true,1,15008
7290008636704,false,קונפיטורה משמש מיה 340 גר',,,קונפיטורה משמש 340גר,גרמים,340.00,100 גרם,false,,8.90,2.6176,true,1,15016
7290008636957,false,שקדים מולבנים גרוסים,מיה,IL,מיה שקד מולבן גרוס 1,גרמים,100.00,100 גרם,false,,10.90,10.9000,true,1,15022
7290008636988,false,גרעיני חמניות קלופים 100 גר' מיה,מיה,IL,מיה גרעיני חמניות קל,גרמים,100.00,100 גרם,false,,3.50,3.5000,true,1,15025
7290008636995,false,גרעיני דלעת קלופים 100 גר' מיה,מיה,IL,מיה גרעיני דלעת קלופ,גרמים,100.00,100 גרם,false,,6.90,6.9000,true,1,15026
7290008644112,false,סלט מטבוחה יום יום אחלה 125 ג',"שטראוס גרופ בע""מ",IL,אחלה מטבוחה 125ג,גרמים,125.00,100 גרם,false,,4.90,3.9200,true,1,23325
7290008644235,false,עלי בייבי 120 גר' שטראוס,שטראוס בריאות ירקות,IL,עלי בייבי 120 ג ירקו,גרמים,120.00,100 גרם,false,,10.50,8.7500,true,1,23326
7290008644945,false,סלט המושבה שטופים שט,שטראוס בריאות ירקות,IL,סלט המושבה 450 ג ירק,גרמים,450.00,100 גרם,false,,11.90,2.6444,true,1,23328
7290008690713,false,פריגת אושן ספריי חמוציות 1ל',מבשלות בירה בינלאומי,IL,אושן ספרי חמוציות 1ל,ליטרים,1.00,ליטר,false,,11.90,11.9000,true,1,6989
7290008693134,false,מעדן גבינה ויוגורט בטעם תות 5% שומן 88 ג' דניאלה,"שטראוס בריאות בע""מ",IL,דניאלה תות מעדן גבינ,מיליליטרים,150.00,"100 מ""ל",false,,4.10,2.7333,true,1,23330
7290008713900,false,לחם שיפון עגול 750 ג' אנג'ל,מאפיית אנג'ל אורנים,IL,לחם שיפון עגול אנגל,גרמים,750.00,100 גרם,false,,13.90,1.8533,true,1,35468
7290008739955,false,גומא לרכב,,,נר LOVE,יחידה,0.00,יחידה,false,,10.00,0.0000,true,1,14276
7290008745239,false,תפוציפס אקסטרא טבעי 50 גרם,"שטראוס פריטו ליי בע""",IL,תפוציפס קראנץ טבעי 5,גרמים,50.00,100 גרם,false,,3.90,7.8000,true,1,24161
7290008747547,false,תפוציפס קראנץ טבעי 200 גרם,"שטראוס פריטו ליי בע""",IL,תפוציפס קראנץ טבעי 2,גרמים,200.00,100 גרם,false,,10.90,5.4500,true,1,24163
7290008750264,false,מסטיק מאסט LL פליפ.דובדבן מגדים 28 גר,"שטראוס גרופ בע""מ",IL,מאסט דובדבן 28ג,גרמים,28.00,100 גרם,false,,4.10,14.6429,true,1,22268
7290008752244,false,תפוצ'יפס אקסטרא גריל 50 גרם,"שטראוס פריטו ליי בע""",IL,תפוציפס קראנץ גריל 5,גרמים,50.00,100 גרם,false,,3.90,7.8000,true,1,24165
7290008753111,false,תפוציפס קראנצי מקסיקני 50 גרם,"שטראוס פריטו ליי בע""",IL,תפוציפס מקסיקני 50גר,גרמים,50.00,100 גרם,false,,3.90,7.8000,true,1,24166
7290008754040,false,ממרח פרה שוקולד 850 גר - מגדים,,,ממרח פרה שוקולד 850,גרמים,850.00,100 גרם,false,,14.90,1.7529,true,1,22276
7290008757980,false,נקטר ספרינג רימונים קרטונית 1 ל',"יפאורה תבורי בע""מ",IL,ספרינג רימונים 1ל,ליטרים,1.00,ליטר,false,,6.90,6.9000,true,1,11576
7290008775816,false,ערגליות שוקו חדש12*300גרם 2020,מיוצר עי קונדיטוריית,IL,ערגליות שוקולד 300 ג,גרמים,300.00,100 גרם,false,,9.90,3.3000,true,1,18733
7290008775823,false,ערגליות תות חדש12*300גרם 2020,מיוצר עי קונדיטוריית,IL,ערגליות תות שדה 300,גרמים,300.00,100 גרם,false,,9.90,3.3000,true,1,18734
7290008792264,false,מפיות טישיו טאצ' 100יח',"שניב תעשיות נייר בע""",IL,מפיות טאצ' 100,יחידה,0.00,יחידה,false,,4.90,0.0000,true,1,24454
7290008801010,false,"יין קברנה סוביניון מרלו פרייוט קולקשן 750 מ""ל",אגודת הכורמים הקאופו,IL,יין P.C קברנה סובי,מיליליטרים,750.00,"100 מ""ל",false,,39.90,5.3200,true,1,511
7290008801478,false,יין טופז זהב 750מל,,IL,"טופז זהב 750 מ""ל",מיליליטרים,750.00,"100 מ""ל",false,,20.90,2.7867,true,1,519
7290008801522,false,יין קינג דויד קונקורד אדום מתוק 750 מל,אגודת הכורמים הקואופ,IL,יין קונקורד קינג דיו,מיליליטרים,750.00,"100 מ""ל",false,,21.90,2.9200,true,1,520
7290008801539,false,כרמל קינג דיוויד מתוק כרמל 750 מל,אגודת הכורמים הקואופ,IL,יין קונקורד קינג דיו,מיליליטרים,750.00,"100 מ""ל",false,,21.90,2.9200,true,1,521
7290008801546,false,"יין קינג דויד מוסקט מתוק לבן 750 מ""ל",אגודת הכורמים הקואופ,IL,יין קונקורד קינג דיו,מיליליטרים,750.00,"100 מ""ל",false,,21.90,2.9200,true,1,522
7290008802512,false,"יין וינו אדום יבש 750 מ""ל","כד בני דרום בע""מ",IL,יין וינו אדום יבש,מיליליטרים,750.00,"100 מ""ל",false,,21.90,2.9200,true,1,526
7290008802895,false,יין קברנה סוביניון פרייוט קולקשן,אגודת הכורמים הקאופו,IL,יין P.C קברנה סובי,מיליליטרים,750.00,"100 מ""ל",false,,39.90,5.3200,true,1,528
7290008804189,false,"יין קברנה סובניון הסדרה האיזורית 750 מ""ל",אגודת הכורמים הקואופ,IL,קברנה סוביניון סדרה,מיליליטרים,750.00,"100 מ""ל",false,,59.90,7.9867,true,1,532
7290008805520,false,קברנה מרלו אדום יבש 750 מל סלקטד,"כד בני דרום בע""מ",IL,יין סלקטד קברנה סובנ,מיליליטרים,750.00,"100 מ""ל",false,,29.90,3.9867,true,1,545
7290008849470,false,ממרח פלפל ציומה אוליביה 190 גר,אוליביה גורמה בעמ,IL,אוליביה ממרח פלפל צו,גרמים,185.00,100 גרם,false,,13.90,7.5135,true,1,51986
7290008849609,false,רוטב לעוף שום דבש אוליביה 330 גרם,אוליביה גורמה (1996),IL,רוטב שום דבש אוליבי,גרמים,330.00,100 גרם,false,,12.90,3.9091,true,1,3506
7290008909853,false,"קולה זירו 500 מ""ל בקבוק",החברה המרכזית לייצור,IL,קוקה קולה זירו 500 מ,מיליליטרים,500.00,"100 מ""ל",false,,6.90,1.3800,true,1,7005
7290008945172,false,גלילונית שקיות אשפה 52*65 40 יח',"קינג באג בע""מ",TH,גלילונית אשפה למטבח,יחידה,0.00,יחידה,false,,12.90,0.0000,true,1,5821
7290008945202,false,גלילונית ש.אשפה ענק 50 90X75יח' 2020,"איטיליאן פוד, אס.פי.",TH,גלילונית לאשפה משרדי,יחידה,0.00,יחידה,false,,12.90,0.0000,true,1,5822
7290008975551,false,מטרנה מהדרין חיסכון שלב 3 700גר',מולינו ניקולי s.p.a,IL,מטרנה מהדרין שלב 3,גרמים,700.00,100 גרם,false,,49.90,7.1286,true,1,18738
7290009018004,false,פיקדון בקבוק/פחית בו,,,פיקדון בקבוק/פחית בו,יחידה,0.00,יחידה,false,,0.30,0.0000,true,1,66
7290009018011,false,פיקדון בקבוק/פחיות ש,,,פיקדון בקבוק/פחיות ש,יחידה,0.00,יחידה,false,,1.80,0.0000,true,1,64
7290009018264,false,פיקדון בקבוק/פחית רב,,,פיקדון בקבוק/פחית רב,יחידה,0.00,יחידה,false,,1.20,0.0000,true,1,105
7290010002023,false,כורכום הודי טחון 100 גרם,א.ל ייצור ושיווק תבל,IL,מימון כורכום הודי טח,גרמים,100.00,100 גרם,false,,11.90,11.9000,true,1,245
7290010002030,false,כמון טחון 100גרם יורדן,א.ל ייצור ושיווק תבל,IL,מימון כמון במיכל 100,גרמים,100.00,100 גרם,false,,11.90,11.9000,true,1,246
7290010002047,false,תבליני מימון מלח לימון,א.ל ייצור ושיווק תבל,IL,מימון מלח לימון במיכ,גרמים,200.00,100 גרם,false,,9.50,4.7500,true,1,247
7290010002061,false,פלפל לבן טחון 100 גרם,,,מימון פלפל לבן טחון,גרמים,100.00,100 גרם,false,,17.50,17.5000,true,1,249
7290010002078,false,פלפל שחור טחון 100 גרם,א.ל ייצור ושיווק תבל,IL,מימון פלפל שחור טחון,גרמים,100.00,100 גרם,false,,14.50,14.5000,true,1,250
7290010002108,false,פלפל שחור גרוס גס 90 גרם,א.ל ייצור ושיווק תבל,IL,מימון פלפל שחור גרוס,גרמים,90.00,100 גרם,false,,14.50,16.1111,true,1,253
7290010002122,false,פפריקה הונגרית מתוקה 100 גרם,א.ל ייצור ושיווק תבל,IL,מימון פפריקה הונגרית,גרמים,100.00,100 גרם,false,,11.90,11.9000,true,1,255
7290010002146,false,פפריקה מרוקאית מתוקה 100 גרם,א.ל ייצור ושיווק תבל,IL,מימון פפריקה מרוקאית,גרמים,100.00,100 גרם,false,,11.90,11.9000,true,1,257
7290010002153,false,פפריקה מרוקאית חריפה 100 גרם,א.ל ייצור ושיווק תבל,IL,מימון פפריקה מרוקאית,גרמים,100.00,100 גרם,false,,11.90,11.9000,true,1,258
7290010002283,false,מימון תבלין על האש ב,א.ל ייצור ושיווק תבל,IL,מימון תבלין על האש ב,גרמים,100.00,100 גרם,false,,11.90,11.9000,true,1,263
7290010002290,false,תערובת לשווארמה טורקית 100 גרם,א.ל ייצור ושיווק תבל,IL,מימון תערובת לשווארמ,גרמים,100.00,100 גרם,false,,11.90,11.9000,true,1,264
7290010002306,false,תערובת לקציצות 100 גרם,א.ל ייצור ושיווק תבל,IL,מימון תיבול לקציצות,גרמים,100.00,100 גרם,false,,11.90,11.9000,true,1,265
7290010002320,false,תבלין גריל עוף 100 גרם,א.ל ייצור ושיווק תבל,IL,מימון תיבול לגריל עו,גרמים,100.00,100 גרם,false,,11.90,11.9000,true,1,267
7290010002368,false,תערובת חווג למרק 100 גרם,א.ל ייצור ושיווק תבל,IL,מימון תערובת חווג` ל,גרמים,100.00,100 גרם,false,,11.90,11.9000,true,1,271
7290010002375,false,מימון קארי 100 גרם,א.ל ייצור ושיווק תבל,IL,מימון קארי 100 גרם,גרמים,100.00,100 גרם,false,,11.90,11.9000,true,1,272
7290010002382,false,תבליני מימון אורגנו,,,מימון אורגנו במיכל 4,גרמים,40.00,100 גרם,false,,9.50,23.7500,true,1,273
7290010002481,false,מימון שום טחון במיכל,,,מימון שום טחון במיכל,גרמים,100.00,100 גרם,false,,14.50,14.5000,true,1,280
7290010002498,false,מימון שום גבישי 120,א.ל ייצור ושיווק תבל,IL,מימון שום גבישי 120,גרמים,120.00,100 גרם,false,,14.50,12.0833,true,1,281
7290010002658,false,מימון פלפל יבש מתוק,,,מימון פלפל יבש מתוק,גרמים,150.00,100 גרם,false,,15.90,10.6000,true,1,283
7290010002726,false,מימון תיבול לפרגיות,א.ל ייצור ושיווק תבל,IL,מימון תיבול לפרגיות,גרמים,100.00,100 גרם,false,,11.90,11.9000,true,1,284
7290010003051,false,פפריקה הונגרית מתוקה 400 גרם,,,מימון פפריקה הונגרית,גרמים,400.00,100 גרם,false,,24.90,6.2250,true,1,285
7290010003075,false,פפריקה מרוקאית מתוקה 400 גרם,TLV צ'יף,IL,מימון פפריקה מרוקאית,גרמים,400.00,100 גרם,false,,24.90,6.2250,true,1,286
7290010003686,false,מימון עלי דפנה שקית,,,מימון עלי דפנה שקית,גרמים,20.00,100 גרם,false,,5.90,29.5000,true,1,290
7290010003693,false,פפריקה מתוקה 80 גרם שקית,TLV צ'יף,IL,מימון פפריקה מתוקה ש,גרמים,80.00,100 גרם,false,,5.90,7.3750,true,1,291
7290010003709,false,פלפל שחור טחון 50 גרם שקית,TLV צ'יף,IL,מימון פלפל שחור טחון,גרמים,50.00,100 גרם,false,,7.90,15.8000,true,1,292
7290010003761,false,מימון כורכום טחון שק,א.ל ייצור ושיווק תבל,IL,מימון כורכום טחון שק,גרמים,80.00,100 גרם,false,,5.90,7.3750,true,1,294
7290010003778,false,תיבול לגריל עוף שקית 80 גרם,TLV צ'יף,IL,מימון תיבול לגריל עו,גרמים,80.00,100 גרם,false,,5.90,7.3750,true,1,295
7290010003792,false,מלח לימון שקית 100 גרם,א.ל ייצור ושיווק תבל,IL,מימון מלח לימון שקית,גרמים,100.00,100 גרם,false,,5.90,5.9000,true,1,297
7290010003815,false,מימון פלפל שטה יבש 1,,,מימון פלפל שטה יבש 1,גרמים,150.00,100 גרם,false,,15.90,10.6000,true,1,299
7290010003822,false,פפריקה חריפה 80 גרם שקית,א.ל ייצור ושיווק תבל,IL,מימון פפריקה חריפה ש,גרמים,80.00,100 גרם,false,,5.90,7.3750,true,1,300
7290010003839,false,קינמון טחון 80 גרם שקית,TLV צ'יף,IL,מימון קינמון טחון שק,גרמים,80.00,100 גרם,false,,5.90,7.3750,true,1,301
7290010003846,false,מימון אורגנו שקית 20,,,מימון אורגנו שקית 20,גרמים,20.00,100 גרם,false,,5.90,29.5000,true,1,302
7290010003990,false,מימון פטרוזיליה שקית,,,מימון פטרוזיליה שקית,גרמים,20.00,100 גרם,false,,5.90,29.5000,true,1,306
7290010023141,false,תה לימונענע הגן הקסום 25 שיקיקים,HIQ FOOD PRODUCTS,IL,תה לימונענע 25 שק',גרמים,50.00,100 גרם,false,,17.90,35.8000,true,1,24669
7290010045006,false,עוגיות חמאה פריכות 200 גרם לחמי,,,עוגיות חמאה פריכות ל,גרמים,200.00,100 גרם,false,,18.90,9.4500,true,1,24676
7290010045051,false,עוגיות מלבן שקדים 200 גרם לחמי,,,עוגיות מלבן שקדים לח,גרמים,200.00,100 גרם,false,,18.90,9.4500,true,1,24679
7290010060597,false,סרקל שמפו לילדים 1.2,,,סרקל שמפו לילדים 1.2,ליטרים,1.25,ליטר,false,,31.90,25.5200,true,1,324060
7290010065318,false,פרינוק - ג'וניור תפוחי עץ 190 גרם,,,מחית פרינוק גוניור ת,גרמים,190.00,100 גרם,false,,6.90,3.6316,true,1,3524
7290010065332,false,פרינוק - ג'וניור פתוחי עץ ובננה 190 גרם,,IL,"פרינוק גוניור תפ""ע ב",גרמים,190.00,100 גרם,false,,6.90,3.6316,true,1,3526
7290010065349,false,פרינוק גרבר גוניור סלט פירות 190 גר',כלורוקס אוקלנד,,מחית פרינוק גוניור ס,גרמים,190.00,100 גרם,false,,6.90,3.6316,true,1,3527
7290010065745,false,ג`וניור פרינוק מחית לפתן פירות 190ג',,,פרינוק ג'וניור לפתן,גרמים,190.00,100 גרם,false,,6.90,3.6316,true,1,3535
7290010066513,false,נתחי טונה בשמן צמחי רביעיה *158ג' פילטונה,,,נתחי טונה בשמן צמחי,גרמים,632.00,100 גרם,false,,22.90,3.6234,true,1,26586
7290010066520,false,טונה בשמן קנולה פילט,,,טונה בשמן קנולה פילט,גרמים,158.00,100 גרם,false,,6.00,3.7975,true,1,26587
7290010066575,false,נתחי טונה במים רביעיה *158ג' פילטונה,,,נתחי טונה במים פילטו,גרמים,632.00,100 גרם,false,,22.90,3.6234,true,1,26588
7290010066582,false,נתחי טונה בשמן קנולה רביעיה * 158 ג' פילטונה,,,נתחי טונה בשמן קנולה,גרמים,632.00,100 גרם,false,,22.90,3.6234,true,1,26589
7290010066599,false,מארז רביעיית טונה בשמן זית 4*160 גרם,,,נתחי טונה בשמן זית פ,גרמים,632.00,100 גרם,false,,26.90,4.2563,true,1,26590
7290010116980,false,אבקת שוקולית שקית עלית 850 ג',הנסיך- מפעל לייצור ט,IL,שוקולית 850 גרם,גרמים,850.00,100 גרם,false,,15.90,1.8706,true,1,22290
7290010117864,false,דוריטוס בטעם חריף אש 70 גרם,שטראוס פריטו ליי בע,IL,דוריטוס חריף אש 70 ג,גרמים,70.00,100 גרם,false,,3.90,5.5714,true,1,24173
7290010118328,false,תפוצ'יפס טבעי 6*40 ג,,,תפוצ'יפס טבעי 6*40 ג,גרמים,240.00,100 גרם,false,,12.90,5.3750,true,1,24177
7290010124213,false,סינטה בקר דק דק אל מטאדור 250 ג',בלאדי,IL,סינטה בקר דק דק אל מ,גרמים,250.00,100 גרם,false,,14.90,5.9600,true,1,35349
7290010129003,false,עוגיות אוזניים 600 גרם,קריניציה ויטמינה אס,IL,עוגיות אוזניים 600גר,גרמים,600.00,100 גרם,false,,19.90,3.3167,true,1,20153
7290010129010,false,עוגיות ריבה 600 גרם,קריניציה ויטמינה אס,IL,עוגיות ריבה 600גר,גרמים,600.00,100 גרם,false,,19.90,3.3167,true,1,20154
7290010129027,false,עוגיות מרוקאיות 600 גרם,שיבולים א.ד.ל,IL,עוגיות מרוקאיות 600,גרמים,600.00,100 גרם,false,,19.90,3.3167,true,1,20155
7290010129300,false,עוגיות רייף מרוקאיות 350 גרם,שיבולים א.ד.ל,IL,עוגיות רייף מרוקאיות,גרמים,350.00,100 גרם,false,,17.90,5.1143,true,1,20170
7290010129324,false,עוגיות מעמול 600 גרם,שיבולים א.ד.ל,IL,עוגיות מעמול 600 גרם,גרמים,600.00,100 גרם,false,,19.90,3.3167,true,1,20172
7290010129652,false,עוגיות לקפה דולצ'ה ו,שיבולים א.ד.ל,IL,עוגיות לקפה דולצ'ה ו,גרמים,350.00,100 גרם,false,,17.90,5.1143,true,1,20186
7290010129676,false,עוגיות מרוקאיות ארוך 350 גרם,,,עוגיות מרוקאיות ארוך,גרמים,350.00,100 גרם,false,,17.90,5.1143,true,1,20188
7290010129720,false,עוגיות שמרים קינמון 400 גרם דולצה ויטה,שיבולים א.ד.ל,IL,עוגיות שמרים שניק קי,גרמים,400.00,100 גרם,false,,11.90,2.9750,true,1,20191
7290010153510,false,בורגול יבש מיה 500 גר',מיה,IL,בורגול מיה 500 גרם,גרמים,500.00,100 גרם,false,,5.50,1.1000,true,1,15032
7290010153527,false,גריש מיה 500 גרם,מיה,IL,גריש 500 גרם,גרמים,500.00,100 גרם,false,,4.90,0.9800,true,1,15033
7290010153688,false,"חומץ טבעי מיה 1 ליטר בד""צ",,,חומץ טבעי מיה 1 ליטר,ליטרים,1.00,ליטר,false,,5.90,5.9000,true,1,15039
7290010153725,false,קונפיטורה דובדבן מיה 340 גר',,,מיה קונפיטורה דובדבנ,גרמים,340.00,100 גרם,false,,8.90,2.6176,true,1,15042
7290010153770,false,ציפוי לשניצל פיקנטי מיה 500 גר',,,ציפוי לשניצל פיקנטי,גרמים,500.00,100 גרם,false,,8.90,1.7800,true,1,15046
7290010153787,false,ציפוי לשניצל עם שום מיה 500 גר',,,ציפוי לשניצל עם שום,גרמים,500.00,100 גרם,false,,8.90,1.7800,true,1,15047
7290010153794,false,ציפוי לשניצל עם עשבי תיבול מיה 500 גר',,,ציפוי לשניצל עם עשבי,גרמים,500.00,100 גרם,false,,8.90,1.7800,true,1,15048
7290010153817,false,ממרח ריבת חלב 400 גרם מיה,,IL,ריבת חלב מיה 400 גרם,גרמים,400.00,100 גרם,false,,12.50,3.1250,true,1,15050
7290010153879,false,ריבת חלב מרוכזת בטעם שמנת מיה 400 גר',,IL,ריבת חלב בטעם שמנת 4,גרמים,400.00,100 גרם,false,,12.50,3.1250,true,1,15056
7290010153978,false,קונפיטורה שזיפים מיה 340 גר',,,קונפיטורה שזיפים 340,גרמים,340.00,100 גרם,false,,8.90,2.6176,true,1,15060
7290010154005,false,סחוג תימני ביטון 250 ג',תבליני ביטון יוחאי,IL,סחוג תימני ירוק 250,גרמים,250.00,100 גרם,false,,13.90,5.5600,true,1,17143
7290010154241,false,סלט חזרת ריף ביטון 250 ג',תבליני ביטון יוחאי,IL,סלט חזרת ביטון 250 ג,גרמים,250.00,100 גרם,false,,13.90,5.5600,true,1,17147
7290010154265,false,פלפל צ'ומה ביטון 250 ג',תבליני ביטון יוחאי,IL,פלפל צ`ומה ביטון 250,גרמים,250.00,100 גרם,false,,13.90,5.5600,true,1,17148
7290010154678,false,אריסה מרוקאית ביטון 250 ג' ביטון,תבליני ביטון יוחאי,IL,יוחאי ביטון אריסה מר,גרמים,250.00,100 גרם,false,,13.90,5.5600,true,1,17158
7290010154685,false,סלט שום כתוש 250 ג' ביטון,תבליני ביטון יוחאי,IL,סלט שום כתוש 250 גר',גרמים,250.00,100 גרם,false,,13.90,5.5600,true,1,17159
7290010173181,false,יין אלה הרי גליל 750 מל,,IL,יין הר גליל אלה אירו,מיליליטרים,750.00,"100 מ""ל",false,,54.90,7.3200,true,1,41634
7290010192007,false,פטרוזיליה,,,פטרוזיליה,יח',1.00,יח',false,,3.50,3.5000,true,1,35563
7290010192014,false,שמיר,,,שמיר,יח',1.00,יח',false,,3.50,3.5000,true,1,35564
7290010192021,false,כוסברה,,,כוסברה,יח',1.00,יח',false,,3.50,3.5000,true,1,35565
7290010192038,false,שורש פטרוזיליה ארוז,,,שורש פטרוזיליה ארוז,יח',1.00,יח',false,,5.90,5.9000,true,1,35566
7290010192045,false,נענע יחידה,חקלאי,IL,נענע יחידה,יח',1.00,יח',false,,3.50,3.5000,true,1,35567
7290010192052,false,סלרי עלים (אמריקאי),,,סלרי עלים (אמריקאי),יח',1.00,יח',false,,5.90,5.9000,true,1,35568
7290010192069,false,סלרי ראש ארוז,,,סלרי ראש ארוז,יח',1.00,יח',false,,5.90,5.9000,true,1,35569
7290010192083,false,מנגולד ארוז,,,מנגולד ארוז,יח',1.00,יח',false,,6.90,6.9000,true,1,35570
7290010192137,false,לוף ארוז ליח,,,לוף ארוז ליח,יח',1.00,יח',false,,8.90,8.9000,true,1,35571
7290010193882,false,"ציפס קפוא 1.5 ק""ג",,,"ציפס קפוא 1.5 ק""ג",קילוגרמים,1.50,"ק""ג",false,,19.90,13.2667,true,1,42761
7290010195268,false,פופקורן פופסטאר חמישייה מופחת שומן טבעי,Preston farms,US,פופסטאר פופקורן מופח,גרמים,425.00,100 גרם,false,,12.90,3.0353,true,1,5843
7290010199891,false,"אל סבון ארומטי תה אדום משאבה סטייל 500 מ""ל",דולפין ספא,TR,אל סבון סטייל תה אדו,מיליליטרים,500.00,"100 מ""ל",false,,7.40,1.4800,true,1,3843
7290010237562,false,"מרינדה בקבוק 500 מ""ל","טמפו משקאות בע""מ",IL,מירנדה 500 מ'ל,מיליליטרים,500.00,"100 מ""ל",false,,4.90,0.9800,true,1,9477
7290010237579,false,"סבן אפ בקבוק 500 מ""ל","טמפו משקאות בע""מ",IL,סבן אפ 500 מ'ל,מיליליטרים,500.00,"100 מ""ל",false,,4.90,0.9800,true,1,9478
7290010237685,false,בירה הייניקן 330מל צואר ארוך,טמפו משקאות בע''מ,IL,היינקן בירה צואר ארו,מיליליטרים,330.00,"100 מ""ל",false,,10.30,3.1212,true,1,9483
7290010237890,false,"בירה הייניקן בקבוק 500 מ""ל חוזר",טמפו משקאות בע''מ,IL,הייניקן בירה בקבוק ח,מיליליטרים,500.00,"100 מ""ל",false,,8.50,1.7000,true,1,9488
7290010259823,false,מרק עם נודלס טעם עוף מנת השף 70 גר,נמצ'או(תאילנד) בעמ,TH,נודלס בטעם עוף מנת ה,גרמים,70.00,100 גרם,false,,4.90,7.0000,true,1,2925
7290010259830,false,מרק עם נודלס סיני פיקנטי מנת השף 70 גר,נמצ'או(תאילנד) בעמ,TH,נודלס בטעם סיני פיקנ,גרמים,70.00,100 גרם,false,,4.90,7.0000,true,1,2926
7290010259847,false,מרק עם נודלס טעם תירס מנת השף 70 גר,יוליניבר,TH,נודלס טעם תירס מנת ה,גרמים,70.00,100 גרם,false,,4.90,7.0000,true,1,2927
7290010259861,false,מרק עם נודלס טעם ירקות מנת השף 70 גר,יוליניבר,TH,נודלס בטעם ירקות מנת,גרמים,70.00,100 גרם,false,,4.90,7.0000,true,1,2929
7290010259977,false,שמן קנולה וילי פוד 1 ליטר,יושלם,PL,שמן קנולה ויליפוד 1,ליטרים,1.00,ליטר,false,,10.90,10.9000,true,1,2933
7290010259991,false,צנימים וילי פוד 250 גרם,,IL,"צנימים בד""ץ וילי פוד",גרמים,250.00,100 גרם,false,,7.90,3.1600,true,1,2934
7290010279227,false,"זיקוק 15 ס""מ 6 בשקית",,,זיקוק 15 ס`מ 6 יח`,יחידה,0.00,יחידה,false,,14.00,0.0000,true,1,32247
7290010328451,false,אחווה חלווה עם פולי,,,אחווה חלווה עם פולי,גרמים,400.00,100 גרם,false,,13.90,3.4750,true,1,718
7290010328468,false,אחווה חטיפי מיני חלווה ב- 3 טעמים 18 יח,שוורצקוף& הנקל דיסלד,IL,חטיפי מיני חלבה בטעמ,גרמים,216.00,100 גרם,false,,10.90,5.0463,true,1,719
7290010328680,false,עוגה בטעם שוקולד עם שוקוצ'יפס מריר ולבן 450 גרם,,,עוגת שוקלד ציפס 450,גרמים,450.00,100 גרם,false,,10.90,2.4222,true,1,728
7290010429554,false,"שמן זית כתית מעולה יד מרדכי 2 קלאסי, 750 מ""ל",מכוורת יד מרדכי שטרא,IL,שמן זית כתית מעולה 2,מיליליטרים,750.00,"100 מ""ל",false,,33.90,4.5200,true,1,22295
7290010439102,false,סט 3 מגבות מטבח,,,סט 3 מגבות מטבח,יחידה,0.00,יחידה,false,,12.90,0.0000,true,1,28085
7290010439287,false,מגבת ענק חלק 550 גר מנהטן,,,מגבת גוף ענק חלק,יחידה,0.00,יחידה,false,,39.90,0.0000,true,1,15468
7290010439300,false,130*70 מגבת גוף גקרד,,,130*70 מגבת גוף גקרד,יחידה,0.00,יחידה,false,,30.90,0.0000,true,1,28088
7290010471669,false,יוגורט בר תות קורנפלקס מצופה שוקולד 175 ג' דנונה,"שטראוס בריאות בע""מ",IL,דנונה קראנצ' יוגורט,מיליליטרים,175.00,"100 מ""ל",false,,4.60,2.6286,true,1,23331
7290010472390,false,מארז שמינייה מעדן דני שוקולד,מיוצר עי קונדיטוריית,IL,מארז דני שוקולד 8*,מיליליטרים,1000.00,"100 מ""ל",false,,16.90,1.6900,true,1,23335
7290010513703,false,צ'ופסטיקס צפצפה - 20 יחידות,,,צ'ופסטיקס צפצפה מזרח,יחידה,0.00,יחידה,false,,6.90,0.0000,true,1,549843
7290010513727,false,פירורי לחם קינגדאו פנקו 200 גר,,,פנקו פרורי לחם יפניי,גרמים,200.00,100 גרם,false,,7.90,3.9500,true,1,47536
7290010627004,false,טחינה גולמית מסורתית ירושלים 500 ג',"בראשית ירושלים בע""מ",IL,טחינה ירושלים 500 גר,גרמים,500.00,100 גרם,false,,14.90,2.9800,true,1,24681
7290010627844,false,טחינה גולמית שומשום מלא ירושלים 500גרם,"בראשית ירושלים בע""מ",IL,טחינה ירושלים 500 מל,גרמים,500.00,100 גרם,false,,14.90,2.9800,true,1,24684
7290010632572,false,נובי478-נשכן שרשרת חרוזים,מולינו ניקולי s.p.a,CN,נשכן שרשרת חרוזים נו,יחידה,0.00,יחידה,false,,35.90,0.0000,true,1,933
7290010632787,false,צימרוני אוזניים עץ 300יח',הדקלאים אגודת שיתופי,CN,צימרוני אוזניים עץ כ,יחידה,0.00,יחידה,false,,4.50,0.0000,true,1,941
7290010650033,false,בצלצלי שאלוט ארוז לי,תות ממתקי איכות,IL,בצלצלי שאלוט,גרמים,350.00,100 גרם,false,,14.90,4.2571,true,1,50931
7290010690138,false,ברוקולי ארוז במגשית,חקלאי,IL,ברוקולי ארוז,יח',1.00,יח',false,,9.90,9.9000,true,1,41536
7290010711123,false,"ננס רביעיה ""שייני"" ח",,,"ננס רביעיה ""שייני"" ח",יחידה,0.00,יחידה,false,,6.90,0.0000,true,1,13486
7290010711208,false,שייני גליל מטליות צהוב 33 יח',,,SHINY גליל מטליות 33,יחידה,0.00,יחידה,false,,19.00,0.0000,true,1,13489
7290010711543,false,כף אשפה + גומי SHINY,,,כף אשפה + גומי SHINY,יחידה,0.00,יחידה,false,,5.90,0.0000,true,1,13498
7290010711550,false,דלי שטיפה עם פיה ( 1,,,דלי שטיפה עם פיה ( 1,יחידה,0.00,יחידה,false,,11.90,0.0000,true,1,13499
7290010711901,false,שייני מיקרופייבר לרצפה,,,שייני מטליות מיקרופי,יחידה,0.00,יחידה,false,,15.90,0.0000,true,1,13505
7290010711918,false,שייני מטליות מיקרופייבר לניקוי כללי חמישיה,,,מ.א מטליות מיקרופייב,יחידה,0.00,יחידה,false,,6.90,0.0000,true,1,13506
7290010711932,false,שייני מטליות אינטנסיב רב שימושית 9 יח',,,מארז 9 מטליות שייני.,יחידה,0.00,יחידה,false,,6.90,0.0000,true,1,13507
7290010718634,false,"פנינה רוזנבלום -אל סבון נוזלי לבן,1 ליטר",,,אל סבון נוזלי לבן פנ,יחידה,0.00,יחידה,false,,8.90,0.0000,true,1,18146
7290010748860,false,"ד""ר פישר - אפקטיב קר קרם ידיים אינטנסיב 150 מ""ל",פישר מעבדות פרמצבטיו,IL,קרם ידיים אינטנסיב א,מיליליטרים,150.00,"100 מ""ל",false,,15.90,10.6000,true,1,29117
7290010757893,false,"בורקס תפו""א ללא גלוט",,,"בורקס תפו""א ללא גלוט",גרמים,500.00,100 גרם,false,,19.90,3.9800,true,1,311720
7290010757930,false,מלוואח ללא גלוטן ארי,,,מלוואח ללא גלוטן ארי,גרמים,500.00,100 גרם,false,,19.90,3.9800,true,1,311723
7290010757954,false,זיווה גבינה ללא גלוט,,,זיווה גבינה ללא גלוט,גרמים,500.00,100 גרם,false,,19.90,3.9800,true,1,311725
7290010814695,false,שוקולד מריר פרווה ללא סוכר 85 גר',כרמית תעשיות ממתקים,IL,חופשי שוק.מריר ללס 8,גרמים,85.00,100 גרם,false,,5.90,6.9412,true,1,38614
7290010838424,false,"טואלט דאק נוזל ירוק זוג * 750 מ""ל","איטיליאן פוד, אס.פי.",NL,זוג ג'ל נוזל בניחוח,ליטרים,1.50,ליטר,false,,15.90,10.6000,true,1,5847
7290010883356,false,כפפות אלוורה סנו סושי גדול גדול,Z.H.RUBBER,CN,סנו סושי זוג כפפות א,יחידה,0.00,יחידה,false,,9.90,0.0000,true,1,30109
7290010883363,false,כפפות אלוורה סנו סושי גדול קטן,האי נאם סי או אל.טי.,CN,סנו סושי זוג כפפות א,יחידה,0.00,יחידה,false,,9.90,0.0000,true,1,30110
7290010886210,false,"סט 4 זיקוק עבה צבועני 18 ס""מ",,,סט 4 זיקוק עבה צבעונ,יחידה,0.00,יחידה,false,,19.00,0.0000,true,1,32255
7290010922949,false,תות שדה קפוא בלדי 250 גרם,,IL,תות שדה קפוא שייק אי,גרמים,250.00,100 גרם,false,,10.00,4.0000,true,1,517567
7290010931330,false,מטבוחה אחלה 500 גר',מיוצר עי קונדיטוריית,IL,אחלה מטבוחה 500ג,גרמים,500.00,100 גרם,false,,13.90,2.7800,true,1,23337
7290010945146,false,קוטג' 3% מועשר בסידן טרה 250 ג' מהדרין,טרה,IL,טרה קוטג מועשר 3% 25,גרמים,250.00,100 גרם,false,,5.40,2.1600,true,1,6413
7290010945306,false,חלב 3% בקרטון 2 ל' טרה,טרה,IL,טרה חלב בקרטון 3% 2,ליטרים,2.00,ליטר,false,,12.46,6.2300,true,1,6414
7290010945450,false,גבינה לבנה 3% 250 גר מועשר בסידן וויטמין,טרה,,טרה גבינה לבנה מהדרי,גרמים,250.00,100 גרם,false,,4.98,1.9920,true,1,6416
7290010945481,false,גבינה לבנה 5% שומן 500 ג' טרה,טרה,,טרה גבינה לבנה 5% 50,גרמים,500.00,100 גרם,false,,9.96,1.9920,true,1,6417
7290011015862,false,"פריגת סירופ דיאט לימונענע 750 מ""ל",גת,IL,סירופ דיאט לימונענע,מיליליטרים,750.00,"100 מ""ל",false,,21.60,2.8800,true,1,7010
7290011017866,false,"קוקה קולה פחית 330 מ""ל",החברה המרכזית לייצור,IL,קוקה קולה פחית סליק,מיליליטרים,330.00,"100 מ""ל",false,,5.50,1.6667,true,1,7031
7290011017873,false,"קוקה קולה זירו פחית 330 מ""ל",החברה המרכזית לייצור,IL,ZERO קולה פחית סליק,מיליליטרים,330.00,"100 מ""ל",false,,5.50,1.6667,true,1,7032
7290011017880,false,"קוקה קולה דיאט פחית 330 מ""ל",החברה המרכזית לייצור,IL,קולה דיאט פחית סליק,מיליליטרים,330.00,"100 מ""ל",false,,5.50,1.6667,true,1,7033
7290011018368,false,"שישיית בירה ויינשטפן 330 מ""ל","ויינשטפן, ת.ד 1155 פ",DE,ויינשטפן בירה לבנה 6,ליטרים,1.98,ליטר,false,,71.70,36.2121,true,1,7049
7290011018443,false,"פנטה אורנג פחית סליק 330 מ""ל",החברה המרכזית לייצור,IL,פאנטה אורנג פחית סלי,מיליליטרים,330.00,"100 מ""ל",false,,5.50,1.6667,true,1,7053
7290011018474,false,"סומרסבי סיידר תפוחים אלכוהולי 300 מ""ל","קרלסברג קרואטיה , יב",HR,סמרסבי סיידר 330 מ`ל,מיליליטרים,330.00,"100 מ""ל",false,,8.90,2.6970,true,1,7055
7290011026066,false,"ד""ר פישר - סרקל שמפו + מרכך לילדים 1 ליטר",,,סרקל שמפו + מרכך ליל,יחידה,0.00,יחידה,false,,29.90,0.0000,true,1,29123
7290011081690,false,גלידה שוקו צ'יפ וניל 1.33ל' קרמיסימו,,IL,קרמיסימו פרווה שוקו,ליטרים,1.33,ליטר,false,,18.90,14.2105,true,1,4292
7290011115166,false,נקה 7 ארומה סבון נוזלי לבנדר 1 ל',טרופיקל דגיל תעשיות,IL,תחליב רחצה לבנדר נקה,יחידה,0.00,יחידה,false,,13.90,0.0000,true,1,30126
7290011115173,false,נקה 7 ארומה סבון נוזלי וניל 1 ל',טרופיקל דגיל תעשיות,IL,תחליב רחצה וניל שקד,יחידה,0.00,יחידה,false,,13.90,0.0000,true,1,30127
7290011115203,false,נקה 7-סבון מוצק ורוד - רביעייה * 100 ג',טרופיקל דגיל תעשיות,IL,סבון מוצק ורוד נקה 7,גרמים,400.00,100 גרם,false,,10.90,2.7250,true,1,30128
7290011115258,false,נקה 7 סבון מוצק ירוק - רביעייה * 100 ג',גליל כימיקלים בעמ,IL,סבון מוצק ירוק נקה 7,גרמים,400.00,100 גרם,false,,10.90,2.7250,true,1,30130
7290011126209,false,תה הגן הקסום תפוח וקינמון - סיידר 25 שקיקים,HIQ FOOD PRODUCTS,IL,תה הגן הקסום תפוח וק,גרמים,55.00,100 גרם,false,,17.90,32.5455,true,1,24685
7290011126452,false,חליטת קמומיל ונענע 25 שקיקים גן קסום,HIQ FOOD PRODUCTS,IL,תה קמומיל ונענע 1.5ג,גרמים,37.50,100 גרם,false,,17.90,47.7333,true,1,24693
7290011126469,false,חליטת קמומיל ודבש 25 שקיקים גן קסום,HIQ FOOD PRODUCTS,IL,תה קמומיל ודבש 1.5גר,גרמים,37.50,100 גרם,false,,17.90,47.7333,true,1,24694
7290011133375,false,"מארז מכבי שנדי אפרסק 330 מ""ל שישייה","טמפו משקאות בע""מ",IL,מכבי שנדי אפרסק בקבו,ליטרים,1.98,ליטר,false,,30.90,15.6061,true,1,9505
7290011148911,false,פלפלים מתוקים טינקרב,חקלאי,IL,פלפלים מתוקים טינקרב,גרמים,300.00,100 גרם,false,,9.90,3.3000,true,1,35573
7290011194215,false,מעדן גבינה ויוגורט בטעם בננה 5% שומן 88 ג' דניאלה,"שטראוס בריאות בע""מ",IL,"דניאלה בננה 150 מ""ל",מיליליטרים,150.00,"100 מ""ל",false,,4.10,2.7333,true,1,23338
7290011194246,false,קוטג' 5% שומן 250 ג' שטראוס,מיוצר עי קונדיטוריית,IL,קוטג שטראוס 5% עם סי,גרמים,250.00,100 גרם,false,,5.90,2.3600,true,1,23339
7290011223038,false,עלים לקרמשניט - בונומי 300גרם,בונומי ס.פ.א,IT,בונומי עלים לקרמשניט,גרמים,300.00,100 גרם,false,,14.90,4.9667,true,1,5854
7290011236649,false,נטיפי שוקולד ציפס 54% מוצקי קקאו 300 גרם,,,שוקולד צ'יפס בלגי שק,גרמים,300.00,100 גרם,false,,9.90,3.3000,true,1,4656
7290011240318,false,"יין שאטו דה למר אדום 750 מ""ל",,,יין שאטו דה למר קברנ,מיליליטרים,750.00,"100 מ""ל",false,,19.90,2.6533,true,1,11972
7290011240332,false,יין תירוש ענבים אדום 1 ליטר.,,,תירוש ענבים טבעי אדו,ליטרים,1.00,ליטר,false,,13.90,13.9000,true,1,11973
7290011240837,false,"יין שאטו דה למר מרלו 750 מ""ל",,,יין שאטו דה למר מרלו,מיליליטרים,750.00,"100 מ""ל",false,,19.90,2.6533,true,1,11986
7290011249748,false,רולים גלילי ופל במילוי קרם שוקולד 100 ג' עלמה,גילרו,,גילרו רולים שוקו 100,גרמים,100.00,100 גרם,false,,3.90,3.9000,true,1,41309
7290011249755,false,רולים גלילי ופל במילוי קרם אגוזים 100 ג' עלמה,"גילרו בע""מ",,רולים אגוז 100 גרם,גרמים,100.00,100 גרם,false,,3.90,3.9000,true,1,41310
7290011254032,false,קינואה מיה 500 גרם,מיה,IL,קינואה 500 גרם,גרמים,500.00,100 גרם,false,,12.90,2.5800,true,1,15064
7290011254117,false,תבלין פפריקה מתוקה בשקית 80 גר' מיה,,,פפריקה מתוקה שקית מי,גרמים,80.00,100 גרם,false,,3.90,4.8750,true,1,15072
7290011254254,false,שוקולד צ'יפס מיה 300 גר',,,שוקולד ציפס 300גר,גרמים,300.00,100 גרם,false,,8.90,2.9667,true,1,15084
7290011254476,false,"סוכריות לל""ס תפוח דובדבן 80 גר'",,,סוכריות ללא סוכר תפו,גרמים,80.00,100 גרם,false,,5.90,7.3750,true,1,15094
7290011254766,false,"שעועית לוביה יבשה מיה 400 גר'בד""צ",מיה,IL,שעועית לוביה 400 גרם,גרמים,400.00,100 גרם,false,,8.90,2.2250,true,1,15105
7290011254780,false,"שעועית ארגנטינאית יבשה מיה 1 ק""ג",מיה,IL,מיה שעועית ארגנטינאי,קילוגרמים,1.00,"ק""ג",false,,15.90,15.9000,true,1,15107
7290011254803,false,סוכריות ג'לילנד טבעות פרי 125 גרם,,,סוכריות ג'לי טבעות 1,גרמים,125.00,100 גרם,false,,6.90,5.5200,true,1,15108
7290011312381,false,פטריות חורש למנגל 320 ג',"מרינה פטריות הגליל בע""מ",IL,פורטבלה על אש מרינה,גרמים,300.00,100 גרם,false,,15.90,5.3000,true,1,46583
7290011378028,false,"חלבה לל""ס משומשום מלא בארכה 350ג'",רושדי תעשיות מזון בע,IL,בארכה חלבה וניל ללא,גרמים,350.00,100 גרם,false,,14.90,4.2571,true,1,18740
7290011378257,false,מאגדת חטיף חלבה וניל קפאן פיסטוק 7*18 ג,רושדי תעשיות מזון בע,IL,בארכה חטיף חלבה פקאן,גרמים,120.00,100 גרם,false,,11.90,9.9167,true,1,18742
7290011378769,false,בארכה - חטיף בקטנה חלבה וניל 20 גרם * 6,רושדי תעשיות מזון בע,IL,בארכה בקטנה מאגדת ונ,גרמים,120.00,100 גרם,false,,11.90,9.9167,true,1,18746
7290011379018,false,מארז משפחתי שמפיניון 500 ג' מרינה,מרינה,IL,פטריות צמד חמד,גרמים,500.00,100 גרם,false,,15.90,3.1800,true,1,41538
7290011438142,false,"משקה יטבתה אייס קפה בבקבוק אישי 350 מ""ל",שטראוס גרופ,IL,יטבתה אייס קפה בבקבו,מיליליטרים,350.00,"100 מ""ל",false,,6.50,1.8571,true,1,23345
7290011447267,false,מטרנה פרימיום חלבי שלב 1 700 גרם חיסכון,מטרנה תעשיות ש.מ,IL,מטרנה חלבי שלב 1 70,גרמים,700.00,100 גרם,false,,48.90,6.9857,true,1,18755
7290011447281,false,מטרנה פרימיום חלבי שלב 2 700 גרם חיסכון,מטרנה תעשיות ש.מ,IL,מטרנה חלבי שלב 2 70,גרמים,700.00,100 גרם,false,,48.90,6.9857,true,1,18756
7290011447304,false,מטרנה פרימיום חלבי שלב 3 700 גרם חיסכון,מטרנה תעשיות ש.מ,IL,מטרנה חלבי שלב 3 12*,גרמים,700.00,100 גרם,false,,48.90,6.9857,true,1,18757
7290011447359,false,מטרנה שלב 1 אריזת חסכון 700 גר',מולינו ניקולי s.p.a,IL,מטרנה מהדרין שלב 1,גרמים,700.00,100 גרם,false,,49.90,7.1286,true,1,18759
7290011447373,false,מטרנה שלב 2 אריזת חסכון 700 גר',מטרנה תעשיות ש.מ,IL,מטרנה מהדרין שלב 2,גרמים,700.00,100 גרם,false,,49.90,7.1286,true,1,18760
7290011461058,false,גומא - מקלות ריחניים,יושלם,,גומא - מקלות ריחניים,יחידה,0.00,יחידה,false,,20.00,0.0000,true,1,14277
7290011474447,false,קוואקר עבה טבעי 500 גרם תבאות,תבואות,,שיבולת שועל עבה טבעי,גרמים,400.00,100 גרם,false,,5.90,1.4750,true,1,311312
7290011499051,false,גבינה פטה כבשים בגביע 20% 250 גר',MKN עבור מחלבות גד ב,IL,גד פטה כבשים גביע 20,גרמים,250.00,100 גרם,false,,26.90,10.7600,true,1,14669
7290011499105,false,גבינה בולגרית מלוחה 5% 250 ג' גד,ג'נרל מילס סאן אדריא,IL,גד בולגרית 5% 250ג,גרמים,250.00,100 גרם,false,,23.90,9.5600,true,1,14670
7290011499129,false,"גבינה בולגרית קוביות קטנות מעודנת 5% 200 ג""ר",קוד יצרן DSH,IL,גד בולגרית מעודנת קו,גרמים,200.00,100 גרם,false,,22.90,11.4500,true,1,14672
7290011499303,false,גבינת עיזים בולגרית מעודנת 5% 250 גר',ג'נרל מילס סאן אדריא,IL,פטה עיזים מעודנת 5%,גרמים,250.00,100 גרם,false,,33.10,13.2400,true,1,14675
7290011499327,false,גבינה בולגרית מעודנת חלב בקר 250 גר,מיוצר על ידי DSH עבו,IL,גד בולגרית בקר מעודנ,גרמים,250.00,100 גרם,false,,23.90,9.5600,true,1,14676
7290011499341,false,גד גבינת קשקבל 26% 200 ג',הנסיך- מפעל לייצור ט,IL,קשקבל מחלבות גד 200,גרמים,250.00,100 גרם,false,,28.50,11.4000,true,1,14678
7290011499365,false,גבינה חלומי נענע גד,"מחלבות גד בע""מ",IL,גד חלומי 24% 200ג,גרמים,200.00,100 גרם,false,,22.40,11.2000,true,1,14680
7290011499419,false,גבינה במרקם שמנת 5% שומן 200 ג' גד,מחלבות גד,IL,גבינה במרקם שמנת 5%,גרמים,200.00,100 גרם,false,,12.30,6.1500,true,1,14682
7290011499525,false,גד לאבנה דרוזית 9% 500 ג',מחלבות גד בעמ,IL,גד לאבנה דרוזית 9% 5,גרמים,500.00,100 גרם,false,,21.90,4.3800,true,1,14683
7290011499624,false,גבינת שמנת טבעי 30% שומן 200 ג' גד,מחלבות גד,IL,גד ניו יורק גבינת שמ,גרמים,200.00,100 גרם,false,,14.10,7.0500,true,1,14685
7290011499846,false,גבינת ריקוטה פרסקה 9% 300 ג' גד,מחלבות גד בעמ,IL,גד ריקוטה פרסקה 5% 3,גרמים,300.00,100 גרם,false,,18.50,6.1667,true,1,14696
7290011501617,false,חמוציות ברכז תפוחים ללא תוספת סוכר 250 גרם,אף.סי תבליני בגליל ב,IL,חמוציות ברכז פרי ללא,גרמים,250.00,100 גרם,false,,15.90,6.3600,true,1,4661
7290011505417,false,נובי כוס אימון עם פי,,,נובי כוס אימון עם פי,יחידה,0.00,יחידה,false,,25.90,0.0000,true,1,946
7290011515911,false,שלגון לייט ריבת חלב מאגדת 6 יח',גלידות נסטלה (נגה גל,IL,מאגדת לייט ריבת חלב,גרמים,312.00,100 גרם,false,,27.90,8.9423,true,1,16109
7290011518561,false,"אקטימל תות משפחתי מארז 14X100מ""ל",מיוצר עי קונדיטוריית,IL,אקטימל תות משפחתי 14,ליטרים,1.40,ליטר,false,,29.90,21.3571,true,1,23350
7290011522605,false,"גלייז מעצב שיער לתלתלים 400 מ""ל",ג'נרל מילס סאן אדריא,IL,גלייז מעצב שיער סטיי,מיליליטרים,400.00,"100 מ""ל",false,,19.90,4.9750,true,1,3857
7290011525316,false,"ד""ר פישר - קמיל בלו סנסיטיב תחליב לתינוק שיבולת 500 מ""ל",,,קמיל בלו סנסיטיב תחל,מיליליטרים,500.00,"100 מ""ל",false,,30.90,6.1800,true,1,29133
7290011525712,false,"קמיל בלו סנסיטיב אל סבון לפני השינה, 1 ליטר",,,קמיל בלו סנסיטיב לפנ,יחידה,0.00,יחידה,false,,33.90,0.0000,true,1,29136
7290011530945,false,קרפציו עגל 210 גרם קפוא,בלדי,IL,קרפציו עגל 210 גר',גרמים,210.00,100 גרם,false,,40.90,19.4762,true,1,35352
7290011553456,false,קרוטונים למרק שקית,,,קרוטונים למרק שקית,גרמים,400.00,100 גרם,false,,14.90,3.7250,true,1,584183
7290011553876,false,פרורי לחם קלאסי שקית,,,פרורי לחם קלאסי שקית,גרמים,800.00,100 גרם,false,,11.90,1.4875,true,1,584064
7290011553883,false,פרורים מוזהבים שקית,,,פרורים מוזהבים שקית,גרמים,800.00,100 גרם,false,,11.90,1.4875,true,1,584081
7290011587093,false,תירס גמדי תומר 400 ג,איידונג יוזו,IL,תירס גמדי תומר 400 ג,גרמים,400.00,100 גרם,false,,5.90,1.4750,true,1,25016
7290011587123,false,קרם קוקוס תומר 400 מ,,IL,קרם קוקוס תומר 400 מ,מיליליטרים,400.00,"100 מ""ל",false,,9.90,2.4750,true,1,25017
7290011587451,false,גרנולה בתוספת פירות ואגוזים,,IL,גרנולה + פירות ואגוז,גרמים,600.00,100 גרם,false,,13.90,2.3167,true,1,25028
7290011587468,false,מוזלי קראנצ'י +אגוז 600 גר' 10X,,,מוזלי קראנצ + אגוז ת,גרמים,600.00,100 גרם,false,,13.90,2.3167,true,1,25029
7290011587833,false,עגבניות חצויות מיובשות בשמן 340 גר' 12X,יושלם,,עגבניות מיובשות בשמן,גרמים,340.00,100 גרם,false,,11.50,3.3824,true,1,25043
7290011587857,false,עגבניות מיובשות מתובלות במגשית,יושלם,IL,עגבניות מיובשות מתוב,גרמים,250.00,100 גרם,false,,9.90,3.9600,true,1,25045
7290011593087,false,"שמן זית כתית מעולה 750 מ""ל סבא חביב",סאן אויל עיבוד ושיוו,IL,סבא חביב שמן זית כתי,מיליליטרים,750.00,"100 מ""ל",false,,30.90,4.1200,true,1,278784
7290011598211,false,"סנו - אנטי קאלק מרסס ניקוי כללי 4 ב-1 700 מ""ל",מיוצר עי קונדיטוריית,IL,מנקה כללי אנטיקאלק 7,מיליליטרים,700.00,"100 מ""ל",false,,17.90,2.5571,true,1,30144
7290011598259,false,"סנו - פרש מילוי למטהר אוויר מאסק 250 מ""ל",סנו מפעלי ברונוס בעמ,IL,סנו פרש אוטומטיק מאס,מיליליטרים,250.00,"100 מ""ל",false,,13.90,5.5600,true,1,30145
7290011598372,false,מטלית מיקרופייבר פרופשיונל לרצפה סנו סושי,סנו מפעלי ברונוס.,CN,סנו סושי מטלית מיקרו,יחידה,0.00,יחידה,false,,12.90,0.0000,true,1,30147
7290011598402,false,סנו מקסימה מרכך כביסה וויט מילק 4 ליטר,סאנו,IL,מרכך כביסה סנו מקסימ,ליטרים,4.00,ליטר,false,,22.90,5.7250,true,1,30148
7290011599836,false,משפר אפיה טבעי 100 ג' רובינפלד,,,משפר אפיה רובינפלד 1,גרמים,100.00,100 גרם,false,,10.90,10.9000,true,1,36817
7290011607180,false,"אבקת כביסה קולון 101 1.25 ק""ג",ריקט בנקיזר ( ניר אי,IL,"קולון 101 1.25 ק""ג",קילוגרמים,1.25,"ק""ג",false,,14.90,11.9200,true,1,20887
7290011607197,false,"אבקת כביסה קולון 101 5 ק""ג",רקיט בנקיזר,IL,"קולון 101 5 ק""ג",קילוגרמים,5.00,"ק""ג",false,,39.90,7.9800,true,1,20888
7290011615277,false,"עלי טורטיוה קמח חיטה 25ס""מ 12יח' ויליפוד 840 ג'",מוטלוקל גידה סאנאי ט,TR,"עלי טורטיה בד""ץ וילי",גרמים,840.00,100 גרם,false,,14.90,1.7738,true,1,2945
7290011622428,false,כתמטמינים-חטיף בריאות לתינוקות וילדים 45 ג',מיוצר עבור גולדן האר,IL,כתמטמינים-חטיף בריאו,גרמים,100.00,100 גרם,false,,5.90,5.9000,true,1,3591
7290011659035,false,קוביות בצל מטוגן קפו,,,קוביות בצל מטוגן קפו,גרמים,70.00,100 גרם,false,,11.90,17.0000,true,1,166753
7290011723200,false,טחינה הר ברכה 100% שומשום טהור 500 גר,הר ברכה תעשיות,,טחינה הר ברכה טחינה,גרמים,500.00,100 גרם,false,,19.90,3.9800,true,1,41319
7290011765088,false,"קרמה - ג'ל גילוח כחול 200 מ""ל",טרופיקל דגיל תעשיות,TR,ג'ל גילוח לעור רגיל,מיליליטרים,200.00,"100 מ""ל",false,,10.90,5.4500,true,1,30151
7290011765316,false,אורביטול מברשות שיניים ילדים+שעון,z.h. plastic,,מברשת שיניים ילדים+ש,יחידה,0.00,יחידה,false,,7.90,0.0000,true,1,30159
7290011800840,false,טחינה בלאדי רפי כהן 400 ג' צבר,סלטי צבר,IL,צבר רפי כהן טחינה בל,גרמים,400.00,100 גרם,false,,15.40,3.8500,true,1,19791
7290011860271,false,תפוגן ביסבול טבעי 700 גר,"תעשיות תפוגן בע""מ",IL,תפוגן ביס בול טבעי 7,גרמים,700.00,100 גרם,false,,15.90,2.2714,true,1,19793
7290011877088,false,"סנו סושי צמד רדידי אלומיניום קצר 30 ס""מ",בורסה פאזרי,TR,סנו סושי צמד רדידי א,מטרים,15.00,מטר,false,,16.90,1.1267,true,1,30172
7290011877095,false,"סנו סושי צמד רדידי אלומיניום רחב 45 ס""מ",בורסה פאזרי,TR,סנו סושי צמד רדידי א,מטרים,15.00,מטר,false,,21.90,1.4600,true,1,30173
7290011877446,false,"קרם בייבי כיף למניעת גירויים 100 מ""ל",קוסמופארם בע''מ,IL,קרם נגד גירויים בייב,גרמים,100.00,100 גרם,false,,11.90,11.9000,true,1,30176
7290011877835,false,סנו סושי אריזות ואקום לאחסון 2 יח XXL,מיוצר עי קונדיטוריית,TR,סנו סושי שקיות ואקום,יחידה,0.00,יחידה,false,,24.90,0.0000,true,1,30180
7290011877859,false,סנו אינסטלטור חדש פותח סתימות 200ג',מיוצר עי קונדיטוריית,IL,סנו אינסטלטור פותח ס,מיליליטרים,200.00,"100 מ""ל",false,,15.90,7.9500,true,1,30182
7290011877866,false,"סנו מקסימה אבקת כביסה מאסק 6 ק""ג","איי, בי, אינבוו",IL,אבקת כביסה סנו מקסימ,קילוגרמים,6.00,"ק""ג",false,,49.90,8.3167,true,1,30183
7290011912642,false,מי פה טאגד ליסטרין 5,,IT,מי פה טאגד ליסטרין 5,מיליליטרים,500.00,"100 מ""ל",false,,22.90,4.5800,true,1,29494
7290011931162,false,סוכרלייט נוזלי 220 גרם,אף.סי תבליני בגליל ב,IL,סוכרלייט נוזלי 220מל,מיליליטרים,220.00,"100 מ""ל",false,,27.90,12.6818,true,1,22310
7290011947316,false,זית קלמנטה בשמן 215 ג'-זיתא,סטאר סנקס,IL,זיתי קלמטה זיתא 215,גרמים,215.00,100 גרם,false,,13.90,6.4651,true,1,24706
7290011947743,false,זיתים זיתא מיקס זית ירוק וזית קלמטה 215 גרם,ויסוצקי,IL,מיקס זית ירוק וזית ק,גרמים,215.00,100 גרם,false,,13.90,6.4651,true,1,24727
7290011947798,false,זית קלמטה ללא גלעין עם שמן זית כתית 190 ג',זיתא,IL,זית קלמטה ללא גלעין,גרמים,190.00,100 גרם,false,,13.90,7.3158,true,1,127316
7290011947903,false,מיקס זיתים יווני זיתא 215 ג',זיתא,IL,זיתים מיקס ייווני זי,גרמים,215.00,100 גרם,false,,13.90,6.4651,true,1,216032
7290011964702,false,תבלין תיבול לשווארמה ללא מונוסו' 100ג',תות ממתקי איכות,IL,תבלין לשווארמה ללא מ,גרמים,100.00,100 גרם,false,,9.70,9.7000,true,1,42437
7290012001994,false,חרדל דיז'ון גרעינים 350 ג' ריין דיזון,כלורוקס אוקלנד,FR,חרדל דיגון גרעינים 3,גרמים,350.00,100 גרם,false,,11.90,3.4000,true,1,5332
7290012019258,false,מחית תפוחי עץ רביעיה 4 * 113 ג' תומר,Cherry growers inc,IL,"רסק תפו""ע מחית תפוחי",גרמים,452.00,100 גרם,false,,10.90,2.4115,true,1,25060
7290012019265,false,"רסק תפוֿֿֿֿ""ע פלסטיק דיאט 4יח'12X",Cherry growers inc,,"מחית תפו""ע ללא סוכר",גרמים,452.00,100 גרם,false,,10.90,2.4115,true,1,25061
7290012022203,false,קליליות חיטה מלאה די,דילייט,,קליליות חיטה מלאה די,גרמים,100.00,100 גרם,false,,13.90,13.9000,true,1,31554
7290012022227,false,קליליות חיטה טעם טבעי,דילייט,,קליליות בטעם טבעי די,גרמים,60.00,100 גרם,false,,11.70,19.5000,true,1,31555
7290012022272,false,פריכיות קליליות קידס,דילייט,,פריכיות קליליות קידס,יחידה,0.00,יחידה,false,,11.90,0.0000,true,1,31556
7290012025495,false,"טחינה אסלי 1 ק""ג",,,"טחינה אסלי 1 ק""ג",קילוגרמים,1.00,"ק""ג",false,,13.90,13.9000,true,1,17727
7290012025822,false,שמיר סלק אסלי 400 גר,,,שמיר סלק אסלי 400 גר,גרמים,400.00,100 גרם,false,,10.90,2.7250,true,1,17728
7290012025839,false,מטבוחה שמיר אסלי 400 גרם,,,שמיר מטבוחה אסלי 400,גרמים,400.00,100 גרם,false,,10.90,2.7250,true,1,17729
7290012086113,false,עגבניות שרי צימן קופסא 500ג',ירקט,IL,עגבניות שרי,גרמים,500.00,100 גרם,false,,9.90,1.9800,true,1,50950
7290012116063,false,"כיף אל סבון פיות בתמציות קמומיל 750 מ""ל",טרופיקל דגיל תעשיות,IL,אל סבון כיף פיות בתמ,מיליליטרים,750.00,"100 מ""ל",false,,11.90,1.5867,true,1,30191
7290012116612,false,אורביטול מברשת שיניים מארז 4 יח',ג'נרל מילס סאן אדריא,CN,מארז מברשות שיניים א,יחידה,0.00,יחידה,false,,11.90,0.0000,true,1,30200
7290012117091,false,אבקת -כביסה סנו מקסימה סנסיטיב 6 קג,הורביץ סחר,IL,אבקת כביסה סנו מקסימ,קילוגרמים,6.00,"ק""ג",false,,49.90,8.3167,true,1,30212
7290012117275,false,"סנו קליר שקית מילוי 750 מ""ל",טרופיקל דגיל תעשיות,IL,סנוקליר שקית מילוי 7,מיליליטרים,750.00,"100 מ""ל",false,,6.90,0.9200,true,1,30215
7290012117350,false,סנו ריצפז פרש 2 ליטר לילך לבנדר,"סנו מפעלי ברונוס בע""",IL,ריצפז פרש לילך לבנדר,ליטרים,2.00,ליטר,false,,18.90,9.4500,true,1,30216
7290012117534,false,סנו - מקסימה מרכך כביסה מרוכז קול 1 ליטר,"סנו מפעלי ברונוס בע""",IL,סנו מקסימה מרכך קומפ,יחידה,0.00,יחידה,false,,18.90,0.0000,true,1,30225
7290012117541,false,מרכך כביסה מקסימה קומפקט צהוב 1 ל' סנו,,IL,סנו מקסימה מרכך קומפ,יחידה,0.00,יחידה,false,,18.90,0.0000,true,1,30226
7290012117558,false,מרכך כביסה קומפקט מאסק ורוד סנו מקסימה 1 ל',"סנו מפעלי ברונוס בע""",IL,סנו מקסימה מרכך קומפ,יחידה,0.00,יחידה,false,,18.90,0.0000,true,1,30227
7290012117565,false,כפפות לטקס 100 יח' - S סנו סושי,,,סנו סושי 100 כפפות ל,יחידה,0.00,יחידה,false,,44.90,0.0000,true,1,30228
7290012117626,false,"אורביטול בוב ספוג מי פה לילדים 250 מ""ל",,,אורביטול בוב ספוג מי,מיליליטרים,250.00,"100 מ""ל",false,,9.90,3.9600,true,1,30231
7290012117732,false,סנו - מקסימה מרכך כביסה קול שחור 4 ליטר,"סנו מפעלי ברונוס בע""",IL,מרכך כביסה סנו מקסימ,ליטרים,4.00,ליטר,false,,22.90,5.7250,true,1,30235
7290012117916,false,סנו אינסטלאטור פותח סתימות נוזלי 1 ל',"סנו מפעלי ברונוס בע""",IL,סנו אינסטלאטור פותח,יחידה,0.00,יחידה,false,,29.90,0.0000,true,1,30242
7290012159275,false,מיונז אמיתי 430 גרם LINA,,,מיונז לינה 430גר' כש,גרמים,430.00,100 גרם,false,,11.90,2.7674,true,1,11207
7290012159497,false,קאווה גוטה דה מרוויה יבש,יושלם,IL,קאווה גוטה דה מרוויה,מיליליטרים,750.00,"100 מ""ל",false,,26.90,3.5867,true,1,11214
7290012191053,true,המנגליסט גפרור ארוך,,,המנגליסט גפרור ארוך,יחידה,0.00,יחידה,false,,5.90,0.0000,true,1,151177
7290012191091,false,מדליק פחמים המנגליסט,,,מדליק פחמים המנגליסט,יחידה,0.00,יחידה,false,,4.90,0.0000,true,1,66890
7290012191107,false,המנגליסט גפרורים XL,,,המנגליסט גפרורים XL,יחידה,0.00,יחידה,false,,5.90,0.0000,true,1,151497
7290012193125,false,סוכרלוז מרמולייט 150 יחידות,מיוצר עי קונדיטוריית,CN,מרמולייט סוכרלוז 150,גרמים,150.00,100 גרם,false,,23.90,15.9333,true,1,5901
7290012193163,false,סבון נוזלי פמלי לקשרי פריחת הדובדבן 1 ל,אף.סי תבליני בגליל ב,TR,אלסבון פרחי בר ורוד+,ליטרים,1.00,ליטר,false,,10.90,10.9000,true,1,5902
7290012212154,false,מלפפון במלח קטן מוטו,מוטולה,IL,מלפפון במלח קטן בצנצ,גרמים,560.00,100 גרם,false,,12.90,2.3036,true,1,463792
7290012226021,false,סלמי מעושן פראג יבש 400 ג' זוגלובק,זוגלובק,IL,סלמי מעושן פראג יבש,גרמים,400.00,100 גרם,false,,16.90,4.2250,true,1,39013
7290012226120,false,מב זוגלובק קבנוס 135,זוגלובק,IL,זוגלובק קבנוס 135ג.,גרמים,135.00,100 גרם,false,,9.90,7.3333,true,1,39014
7290012227912,false,קבנוס עודן 135 ג' זוגלובק,,IL,קבנוס מעודן זוגלובק,גרמים,135.00,100 גרם,false,,9.90,7.3333,true,1,39058
7290012227974,false,פסטרמה דק דק בדבש 120 ג' זוגלובק,זוגלובק,IL,זוגלובק פסטרמה בדבש,גרמים,120.00,100 גרם,false,,11.90,9.9167,true,1,39059
7290012227998,false,פסטרמה דק דק חזה בקר 120 ג' זוגלובק,זוגלובק,IL,זוגלובק חזה בקר 12,גרמים,120.00,100 גרם,false,,12.90,10.7500,true,1,39061
7290012228124,false,קבנוס סטיקס ריינהולד'ס 50 ג' זוגלובק,זוגלובק,IL,קבנוס סטיקס 50 גר'.,גרמים,50.00,100 גרם,false,,9.90,19.8000,true,1,39064
7290012260827,false,שערות קדאיף 475 גרם,,,שערות קדאיף 475 גרם,גרמים,475.00,100 גרם,false,,13.90,2.9263,true,1,49353
7290012367717,false,"ד""ר פישר - אפקטיב קר קרם ידיים שיבולת שועל 150 מ""ל",פישר מעבדות פרמצבטיו,IL,קרם ידיים אפקטיב קר,מיליליטרים,150.00,"100 מ""ל",false,,15.90,10.6000,true,1,29145
7290012372100,false,"קמח חיטה מלא 80% 1 ק""ג רובינפלד",,,קמח חיטה 80% רובינפל,קילוגרמים,1.00,"ק""ג",false,,10.90,10.9000,true,1,36818
7290012372124,false,"קמח כוסמין 100% 1 ק""ג רובינפלד",,,קמח כוסמין 100% רובי,קילוגרמים,1.00,"ק""ג",false,,16.90,16.9000,true,1,399216
7290012372155,false,"קמח כוסמין 80% 1ק""ג רובינפלד",,,קמח כוסמין 80% רובינ,קילוגרמים,1.00,"ק""ג",false,,16.90,16.9000,true,1,36821
7290012372209,false,"קמח חיטה לבן 1 ק""ג רובינפלד",,,קמח חיטה לבן מנופה ר,קילוגרמים,1.00,"ק""ג",false,,7.90,7.9000,true,1,399176
7290012372247,false,"קמח כוסמין לבן 1 ק""ג רובינפלד",,,קמח כוסמין לבן רובינ,קילוגרמים,1.00,"ק""ג",false,,16.90,16.9000,true,1,399243
7290012404955,false,ספרינג קולקשן נקטר חמוציות 1.25 ל',"יפאורה תבורי בע""מ",IL,ספרינג נקטר חמוציות,ליטרים,1.25,ליטר,false,,12.50,10.0000,true,1,11628
7290012413643,false,תה ירוק קמומיל 25 שקיקים ויסוצקי,בית ויסוצקי,IL,תה ירוק קמומיל T.Tשמ,גרמים,37.50,100 גרם,false,,23.90,63.7333,true,1,24733
7290012454172,false,"סוכריות לל""ס יוגורט תות שדה מיה 80 גר'",,,סוכריות ללא סוכר בטע,גרמים,80.00,100 גרם,false,,5.90,7.3750,true,1,15124
7290012454189,false,"סוכריות לל""ס יוגורט אפרסק מיה 80 גר'",,,סוכריות ללא סוכר מיה,גרמים,80.00,100 גרם,false,,5.90,7.3750,true,1,15125
7290012454202,false,"סוכריות לל""ס ריבת חלב 80 גר'",,,סוכריות ללא סוכר מיה,גרמים,80.00,100 גרם,false,,5.90,7.3750,true,1,15127
7290012454608,false,תן צ'אפ חטיף גלגלים 50 גר',,,תן צ'אפ גלגלים 50 גר,גרמים,50.00,100 גרם,false,,3.90,7.8000,true,1,15134
7290012525452,false,טילון אקסטרים נוק אאוט שוקו וניל 70ג',גלידות נסטלה (נגה גל,IL,אקסטרים שוקו וניל,גרמים,70.00,100 גרם,false,,6.90,9.8571,true,1,16111
7290012557699,false,סביבון אור בליסטר,,,בליסטר סביבון אור,יחידה,0.00,יחידה,false,,3.90,0.0000,true,1,13192
7290012576379,false,יין ספיישל רזבר מרלו,יקבי ברקן שיווק והפצ,IL,מרלו ספיישל רזרב 750,מיליליטרים,750.00,"100 מ""ל",false,,59.90,7.9867,true,1,371902
7290012576607,false,"יין פרימייר אדום קברנה סובניון ומלבק 750 מ""ל","ברקן שיווק והפצה בע""",IL,ברקן יין פרמייר אדום,מיליליטרים,750.00,"100 מ""ל",false,,26.90,3.5867,true,1,9531
7290012576614,false,פרימייר לבן ריזלינג,יקבי ברקן שיווק והפצ,IL,ברקן יין פרמייר לבן,מיליליטרים,750.00,"100 מ""ל",false,,26.90,3.5867,true,1,9532
7290012642586,false,ערמונים קלופים תומר 100 ג',Tangshan huiyuan foo,IL,ערמונים קלופים וקלוי,גרמים,100.00,100 גרם,false,,5.90,5.9000,true,1,25081
7290012645297,false,יוגורט עזים טבעי ביו 2.8% חלב הארץ 150ג',מחלבות סוסיא,IL,סוסיא יוגורט עיזים ב,מיליליטרים,150.00,"100 מ""ל",false,,5.90,3.9333,true,1,23364
7290012645389,false,יוגורט עיזים טבעי חלב הארץ 1 ל',מחלבות סוסיא,IL,חלב הארץ יוגורט ביו,ליטרים,1.00,ליטר,false,,21.90,21.9000,true,1,23367
7290012803451,false,טוסו מרי שוקולד מריר מעולה 62% 100 גרם,,,טוסו שוקלד מריר 62%,גרמים,100.00,100 גרם,false,,8.90,8.9000,true,1,5922
7290012823251,false,אל סבון כיף יסמין לבנדר 1 ליטר,,,אל סבון יסמין לבנדר,ליטרים,1.00,ליטר,false,,12.90,12.9000,true,1,30268
7290012823374,false,מגבוני אנטי קאלק 50יח',מיוצר עי קונדיטוריית,IL,מגבוני אנטי קאלק 50י,יחידה,0.00,יחידה,false,,11.90,0.0000,true,1,30269
7290012823381,false,מרכך כביסה מקסימה סנסיטיב מרוכז ורוד 1 ל' סנו,"סנו מפעלי ברונוס בע""",IL,סנו מקסימה סנסטיב מר,יחידה,0.00,יחידה,false,,18.90,0.0000,true,1,30270
7290012823398,false,מטליות חד פעמיות לניקוי הרצפה בניחוח מרכך כביסה 10יח' סנו,סנו מפעלי ברונו בעמ,IL,ריצפז מטליות לחות בנ,יחידה,0.00,יחידה,false,,11.90,0.0000,true,1,30271
7290012823558,false,סנו סושי מטליות לחות לריצפה ענק 10 יח,סנו מפעלי ברונוס בעמ,IL,סנו סושי מטליות ענק,יחידה,0.00,יחידה,false,,10.90,0.0000,true,1,30275
7290012823602,false,נייר טואלט סופט סילק לבן 32 גלילים סנו,טרופיקל דגיל תעשיות,IL,נייר טואלט סופט סילק,מטרים,588.00,מטר,false,,33.90,0.0577,true,1,30278
7290012823916,false,גל כביסה סנו מקסימ מרוכז קריסטל נואר 5 ל,,,מקסימה ג'ל כביסה קרי,ליטרים,5.00,ליטר,false,,47.90,9.5800,true,1,30291
7290012823923,false,"מרכך כביסה פרפיום גולדן מקסימה 750 מ""ל סנו",סנו מפעלי ברונוס בעמ,IL,סנו מקסימה מרכך פרפי,מיליליטרים,750.00,"100 מ""ל",false,,18.90,2.5200,true,1,30292
7290012823947,false,"סנו - מרכך כביסה מרוכז פרפיום קריסטל נואר 750 מ""ל",מיוצר עי קונדיטוריית,IL,סנו מקסימה מרכך פרפי,מיליליטרים,750.00,"100 מ""ל",false,,18.90,2.5200,true,1,30294
7290012850011,false,מחית ביליבד תפוחי עץ 190ג',,,בי לאב מחית תפוח עץ,גרמים,190.00,100 גרם,false,,5.90,3.1053,true,1,29509
7290012850035,false,מחית ביליבד תפוח ואפרסק 190ג',,,תפוח ואפרסק 190גרם B,גרמים,190.00,100 גרם,false,,5.90,3.1053,true,1,29510
7290012850073,false,מחית ביליבד סלט פירות 190ג',נובופרוך,,בי לאב מחית סלט פירו,גרמים,190.00,100 גרם,false,,5.90,3.1053,true,1,29512
7290012884986,false,צ'יפס לתנור קפוא תפוגן 1.5קר:ג,"תעשיות תפוגן בע""מ",IL,תפוגן ציפס לתנור עד,קילוגרמים,1.50,"ק""ג",false,,24.90,16.6000,true,1,19811
7290012931062,false,אטבי הדור החדש SOFT BITE,,,אטבי הדור החדש 10יח,יחידה,0.00,יחידה,false,,7.90,0.0000,true,1,13511
7290012931116,false,"מגב חד להב 40 ס""מ SH",,,"מגב חד להב 40 ס""מ SH",יחידה,0.00,יחידה,false,,23.90,0.0000,true,1,13514
7290012931611,false,שייני כריות ברזל שלשייה,,,כריות ברזל שלישייה,יחידה,0.00,יחידה,false,,5.90,0.0000,true,1,13522
7290012936937,false,תבלינים בהרט בצנצנת 40 גרם,א.ל ייצור ושיווק תבל,IL,מימון בהרט 40 גרם,גרמים,50.00,100 גרם,false,,11.90,23.8000,true,1,355
7290012938405,false,דיימונד רדיד אלומיניום עבה במיוחד 7 מטר,,IL,דאיימונד נייר כסף 87,מטרים,7.60,מטר,false,,17.50,2.3026,true,1,3876
7290012938580,false,"סנסודיין משחת שיניים להלבנה עדינה 75 מ""ל",גלקסוסמית'קליין קונס,,משחת שיניים הלבנה עד,מיליליטרים,75.00,"100 מ""ל",false,,21.90,29.2000,true,1,3878
7290012938740,false,"משחת שיניים פרש מינט מנטה 75מ""ל סנסודיין",DE MICLEN,,משחת שיניים פרש מינט,מיליליטרים,75.00,"100 מ""ל",false,,21.90,29.2000,true,1,3881
7290012962684,false,"הוסטס שקיות צליה ג'מבו 50X35 ס""מ בקופסה 5 יח'",,,שקיות צליה ג`מבו 5 י,יחידה,0.00,יחידה,false,,4.90,0.0000,true,1,979
7290013010025,false,"רוטב מתובל לפיצה ""פרי מבורך"" 240 גרם",,,רוטב לפיצה פרי מבורך,גרמים,260.00,100 גרם,false,,5.50,2.1154,true,1,8714
7290013027399,false,לחם קמח מלא קל בתוספת שיפון 750 ג' אנג'ל,מאפיית שלמה א. אנג'ל,IL,לחם 100 בתוספת שיפון,גרמים,750.00,100 גרם,false,,13.90,1.8533,true,1,35487
7290013038432,false,מים אקווה נובה בקבוק,אקווה נובה,IL,אקווה נובה 2 ליטר,ליטרים,2.00,ליטר,false,,4.50,2.2500,true,1,9541
7290013083678,false,מטרנה אקסטרה קר שלב 2 חסכון 700 גר,מולינו ניקולי s.p.a,IL,מטרנה אקסטרה קר שלב,גרמים,700.00,100 גרם,false,,58.90,8.4143,true,1,18765
7290013083685,false,מטרנה אקסטרה קר שלב 3 חסכון 700 גר,מטרנה תעשיות ש.מ,IL,מטרנה אקסטרה קר שלב,גרמים,700.00,100 גרם,false,,58.90,8.4143,true,1,18766
7290013117229,false,"בורקס פילו במילוי תפו""א מעדנות 600 גר",מיוצר עי קונדיטוריית,IL,בורקס פילו תפוא מעדנ,גרמים,600.00,100 גרם,false,,18.90,3.1500,true,1,35643
7290013117243,false,בורקס פילו בולגרית מעדנות 600 ג',מיוצר עי קונדיטוריית,IL,בורקס פילו בולגרית מ,גרמים,600.00,100 גרם,false,,18.90,3.1500,true,1,35645
7290013117410,false,בצק פריך מרודד למאפים מתוקים 900 ג' מעדנות,מיוצר עי קונדיטוריית,IL,מעדנות בצק פריך מרוד,גרמים,900.00,100 גרם,false,,19.90,2.2111,true,1,35647
7290013117427,false,בצק פריך מרודד למאפים מלוחים 900 ג' מעדנות,מיוצר עי קונדיטוריית,IL,מעדנות בצק פריך מרוד,גרמים,900.00,100 גרם,false,,19.90,2.2111,true,1,35648
7290013121028,false,לחם לבן ללא גלוטן 500 גר קפוא,דולפין ספא,IL,לחם לבן ללא גלוטן גר,גרמים,500.00,100 גרם,false,,17.90,3.5800,true,1,49715
7290013121103,false,רביעיית שליש בגט ללא גלוטן 400 גר,דולפין ספא,IL,שליש בגט 4 יחידות גר,גרמים,400.00,100 גרם,false,,16.40,4.1000,true,1,49719
7290013121127,false,לחמניות מיני ללא גלוטן 420 גר קפוא,דולפין ספא,IL,לחמניות מיני ללא גלו,גרמים,480.00,100 גרם,false,,17.90,3.7292,true,1,49721
7290013121158,false,רביעיית לחמניות סנדויץ 460 גר קפוא,דולפין ספא,IL,רביעיית לחמניות סנדב,גרמים,460.00,100 גרם,false,,17.90,3.8913,true,1,49724
7290013121165,false,שישיית לחמניות ללא גלוטן 460 גר קפוא,דולפין ספא,IL,"לחמניות נקניקיה כשל""",גרמים,460.00,100 גרם,false,,17.90,3.8913,true,1,49725
7290013144140,false,תערובת להכנת סופגניות ודונאט 600 גרם,מיוצר עי קונדיטוריית,IL,מימונס תערובת לסופגנ,גרמים,600.00,100 גרם,false,,17.50,2.9167,true,1,15348
7290013144157,false,סחלב מיימונס 130 גרם,מיוצר עי קונדיטוריית,IL,מימונס סחלב 130 גרם,גרמים,130.00,100 גרם,false,,10.90,8.3846,true,1,15349
7290013144171,false,תערובת עוגת שוקולד מימונס 560 ג',מיוצר עי קונדיטוריית,IL,תערובת עוגת שוקולד 5,גרמים,560.00,100 גרם,false,,15.90,2.8393,true,1,15351
7290013144195,false,תערובת כדורי שוקולד מימונס 500 ג',מיוצר עי קונדיטוריית,IL,תערובת כדורי שוקולד,גרמים,500.00,100 גרם,false,,15.90,3.1800,true,1,15353
7290013144218,false,תערובת עוגת וניל מימונס 560 ג',מיוצר עי קונדיטוריית,IL,תערובת עוגת וניל 560,גרמים,560.00,100 גרם,false,,15.90,2.8393,true,1,15355
7290013144232,false,פודינג בטעם וניל מימונס 80 ג',מיוצר עי קונדיטוריית,IL,פודינג וניל מימונס 8,גרמים,80.00,100 גרם,false,,4.90,6.1250,true,1,15357
7290013144249,false,פודינג שוקולד מימונס 95 ג',א.ל ייצור ושיווק תבל,IL,פודינג שוקולד 95 גרם,גרמים,95.00,100 גרם,false,,4.90,5.1579,true,1,15358
7290013144270,false,קרם פטיסייר מימונס 100 ג',מיוצר עי קונדיטוריית,IL,קרם פטיסייר 100 גרם,גרמים,100.00,100 גרם,false,,9.90,9.9000,true,1,15360
7290013144317,false,גלילית וופל למילוי מימונס 18 יח',הגביע מוצרי וופלים ב,IL,ג`וני - גלילית וופל,גרמים,400.00,100 גרם,false,,21.90,5.4750,true,1,15362
7290013144393,false,"תמצית בטעם וניל מימונס 50 מ""ל",מיוצר עי קונדיטוריית,IL,תמצית בטעם וניל 50גר,גרמים,50.00,100 גרם,false,,4.50,9.0000,true,1,15366
7290013144409,false,"תמצית בטעם רום מימונס 50 מ""ל",מיוצר עי קונדיטוריית,IL,תמצית בטעם רום 50גר,מיליליטרים,50.00,"100 מ""ל",false,,4.50,9.0000,true,1,15367
7290013144508,false,"תמצית בטעם ורדים מימונס 50 מ""ל",מיוצר עי קונדיטוריית,IL,תמצית בטעם ורדים 50ג,מיליליטרים,50.00,"100 מ""ל",false,,8.90,17.8000,true,1,15370
7290013144522,false,צבע מאכל ירוק מימונס 50 ג',מיוצר עי קונדיטוריית,IL,צבע מאכל ירוק 50גר,גרמים,50.00,100 גרם,false,,4.50,9.0000,true,1,15372
7290013144539,false,צבע מאכל אדום מימונס 50 ג',מיוצר עי קונדיטוריית,IL,צבע מאכל אדום 50גר,גרמים,50.00,100 גרם,false,,4.50,9.0000,true,1,15373
7290013144614,false,"סירופ מייפל אמיתי 100% מימונס 236 מ""ל",הנסיך- מפעל לייצור ט,DK,סירופ מייפל אמיתי 10,מיליליטרים,236.00,"100 מ""ל",false,,30.90,13.0932,true,1,15375
7290013144751,false,סירופ בטעם מייפל מימונס 500 ג',,,מימונס סירופ בטעם מי,מיליליטרים,500.00,"100 מ""ל",false,,13.90,2.7800,true,1,15376
7290013144768,false,סירופ בטעם שוקולד מימונס 500ג',,,מימונס סירופ בטעם שו,מיליליטרים,500.00,"100 מ""ל",false,,13.90,2.7800,true,1,15377
7290013145017,false,אגוז מלך קלוף מימונס 100 ג',,,מימונס אגוז מלך קלוף,גרמים,100.00,100 גרם,false,,11.90,11.9000,true,1,15382
7290013145031,false,אגוזי לוז מסוכרים מימונס 100 ג',מיוצר עי קונדיטוריית,IL,מימונס ברס אגוזי לוז,גרמים,100.00,100 גרם,false,,12.90,12.9000,true,1,15384
7290013145055,false,פרג שלם מימונס 100 ג',,,פרג שלם 100גר,גרמים,100.00,100 גרם,false,,6.90,6.9000,true,1,15386
7290013145062,false,"סירופ מייפל אמיתי 100% מימונס 187 מ""ל",,,סירופ מייפל אמיתי %1,מיליליטרים,187.00,"100 מ""ל",false,,19.90,10.6417,true,1,15387
7290013145093,false,שקד מולבן גרוס מימונס 100 ג',,,מימונס שקד מולבן גרו,גרמים,100.00,100 גרם,false,,12.90,12.9000,true,1,15389
7290013145109,false,שקד מולבן טחון מימונס 100 ג',,,מימונס שקד מולבן טחו,גרמים,100.00,100 גרם,false,,12.90,12.9000,true,1,15390
7290013145116,false,שקד מולבן מקלות מימונס 100 ג',,,מימונס שקד מולבן מקל,גרמים,100.00,100 גרם,false,,12.90,12.9000,true,1,15391
7290013145178,false,קוקוס טחון לבן מימונס 100 ג',,IL,קוקוס טחון לבן 100 ג,גרמים,100.00,100 גרם,false,,4.90,4.9000,true,1,15396
7290013145192,false,שומשום מימונס 100 ג',,,שומשום 100גר,גרמים,100.00,100 גרם,false,,4.90,4.9000,true,1,15397
7290013145215,false,שומשום מימונס 400 ג',מיוצר עי קונדיטוריית,IL,שומשום 400גר,גרמים,400.00,100 גרם,false,,14.90,3.7250,true,1,15398
7290013145246,false,גרעין חמניות מקולף 100 גרם,,,מימונס גרעין חמניה מ,גרמים,100.00,100 גרם,false,,5.30,5.3000,true,1,15399
7290013145277,false,עלים לקמשניט מימונס 300 גרם,,IL,עלים לקרמשניט 300 גר,גרמים,300.00,100 גרם,false,,15.90,5.3000,true,1,15400
7290013145390,false,שוקולד ציפס מימונס 250 ג',אינטרגטה תעשיות מזון,IL,מימונס שוקולד ציפס מ,גרמים,250.00,100 גרם,false,,8.90,3.5600,true,1,15402
7290013145406,false,שוקולד ציפס לבן מימונס 250 ג',אינטרגטה תעשיות מזון,IL,מימונס שוקולד ציפס ל,גרמים,250.00,100 גרם,false,,9.90,3.9600,true,1,15403
7290013145444,false,שוקולד מריר מעולה ציפס 66% מימונס 250 ג',המאפיה של הרמן,IL,מימונס שוקולד ציפס 6,גרמים,250.00,100 גרם,false,,14.90,5.9600,true,1,15406
7290013145451,false,אבקת קקאו מימונס 150 ג',מיוצר עי קונדיטוריית,IL,מימונס קקאו 150 גר,גרמים,150.00,100 גרם,false,,8.90,5.9333,true,1,15407
7290013145536,false,סוכריות בטעם שוקולד לקישוט מימונס 85 ג',,,סוכריות בטעם שוקולד,גרמים,90.00,100 גרם,false,,5.50,6.1111,true,1,15410
7290013145567,false,מיני מיני עדשים מימונס 90 ג',מיוצר עי קונדיטוריית,IL,מיני מיני עדשים 90גר,גרמים,90.00,100 גרם,false,,10.50,11.6667,true,1,15411
7290013145574,false,ערכה לקישוט מימונס 100 ג',א.ל ייצור ושיווק תבל,IL,ערכה לקישוט 100 גרם.,גרמים,100.00,100 גרם,false,,10.80,10.8000,true,1,15412
7290013145628,false,סוכריות צבעוניות לקישוט מימונס 200 ג',א.ל ייצור ושיווק תבל,IL,סוכריות צבעוניות לקי,גרמים,200.00,100 גרם,false,,8.90,4.4500,true,1,15414
7290013145727,false,קליפות הדרים מסוכרים מימונס 90 ג',א.ל ייצור ושיווק תבל,IL,קליפות הדרים מסוכרים,גרמים,90.00,100 גרם,false,,8.90,9.8889,true,1,15421
7290013145826,false,פודניג בטעם וניל לבן במיוחד מימונס 80 ג',א.ל ייצור ושיווק תבל,IL,מימונס פודינג בטעם ו,גרמים,80.00,100 גרם,false,,3.90,4.8750,true,1,15426
7290013145840,false,סוכר וניל מימונס 10* 10 ג',מיוצר עי קונדיטוריית,IL,מימונס סוכר וניל 10*,גרמים,100.00,100 גרם,false,,2.50,2.5000,true,1,15428
7290013145857,false,מימונס אבקת אפיה 10* 10ג',י. כהן בעמ,IL,אבקת אפיה 10* 10 גרם,גרמים,100.00,100 גרם,false,,2.50,2.5000,true,1,15429
7290013145901,false,סודה לשתיה מימונס 100 ג',,,סודה לשתיה 100 גרם,גרמים,100.00,100 גרם,false,,2.00,2.0000,true,1,15432
7290013145918,false,אבקת סוכר 100 ג' מימונס,א.ל. ייצור ושיווק תב,IL,אבקת סוכר 100 גרם,גרמים,100.00,100 גרם,false,,2.00,2.0000,true,1,15433
7290013145949,false,אבקת סוכר אריזת פטנט 250 גר,מיוצר עי קונדיטוריית,IL,אבקת סוכר באריזת פטנ,גרמים,250.00,100 גרם,false,,15.90,6.3600,true,1,15435
7290013145956,false,שמרים יבשים בוואקום מימונס 500 ג',הנסיך- מפעל לייצור ט,CN,מימונס שמרים יבשים ב,גרמים,500.00,100 גרם,false,,12.90,2.5800,true,1,15436
7290013145963,false,שמרים יבשים בוואקום מימונוס 125 ג',,,מימונס שמרים יבשים ב,גרמים,125.00,100 גרם,false,,5.50,4.4000,true,1,15437
7290013146007,false,מימונס מלית פרג 400 גר,א.ל ייצור ושיווק תבל,IL,מלית פרג 400 גרם,גרמים,400.00,100 גרם,false,,15.90,3.9750,true,1,15440
7290013146038,false,מימונס מלית דובדבנים 70% פרי 400 גר,א.ל ייצור ושיווק תבל,IL,מלית דובדבנים 70% פר,גרמים,400.00,100 גרם,false,,15.90,3.9750,true,1,15443
7290013146083,false,מלית חלבה מימונס 400 ג',אינטרגטה תעשיות מזון,IL,מלית חלבה 400 גרם,גרמים,400.00,100 גרם,false,,15.90,3.9750,true,1,15445
7290013146199,false,מלית קרם נוגט 350 גרם מימונס,הנסיך- מפעל לייצור ט,IL,מימונס קרם נוגט 350,גרמים,400.00,100 גרם,false,,15.90,3.9750,true,1,15447
7290013146243,false,פודינג בטעם וניל מימונס 320 גרם,,,פודינג בטעם וניל 320,גרמים,320.00,100 גרם,false,,18.90,5.9062,true,1,540329
7290013146403,false,סירופ בטעם קרמל מלוח מימונס 500 גרם,TLV צ'יף,IL,סירופ בטעם קרמל מלוח,גרמים,500.00,100 גרם,false,,16.90,3.3800,true,1,15451
7290013146489,false,קונוסים מבצק עלים מימונס 120 ג',,,קונוסים מבצק עלים 12,גרמים,120.00,100 גרם,false,,14.90,12.4167,true,1,164909
7290013146663,false,סוכריות קונפטי לקישוט מימונס 55 ג',"מימונס אפיה בע""מ",IL,קונפטי לקישוט צבעוני,גרמים,55.00,100 גרם,false,,11.90,21.6364,true,1,67442
7290013146670,false,סוכריות לב סגול ורוד לבן לקישוט 60 גרם,"מימונס אפיה בע""מ",IL,סוכריות לב צבעוניות,יחידה,0.00,יחידה,false,,11.90,0.0000,true,1,67573
7290013146724,false,אבקת אייס קפה 350 גרם מימונס,,,אייס קפה להכנה ביתית,גרמים,350.00,100 גרם,false,,17.90,5.1143,true,1,277316
7290013146762,false,מימונס קצפת 24% 200 גרם,,IL,קצפת לזילוף 24% שומן,גרמים,500.00,100 גרם,false,,6.90,1.3800,true,1,224424
7290013146854,false,קוקוס לבן טחון מימונס 400 ג',,IL,מיימונס קוקוס לבן טח,גרמים,400.00,100 גרם,false,,14.90,3.7250,true,1,15454
7290013153395,false,פריגת סחוט טרי רימונים 1ליטר,,,פריגת סחוט רימונים 1,ליטרים,1.00,ליטר,false,,22.90,22.9000,true,1,6427
7290013153418,false,פריגת סחוט לימונענע 1ל',,,פריגת מצונן סחוט לימ,יחידה,0.00,יחידה,false,,15.90,0.0000,true,1,6429
7290013153432,false,"פריגת סחוט לימונענע 400 מ""ל",היינץ צפון אמריקה מק,IL,פריגת סחוט לימונענע,מיליליטרים,400.00,"100 מ""ל",false,,9.90,2.4750,true,1,6431
7290013156006,false,עוגיות כעכים לקפה מרוקאיות 200גר,,,עוגיות מרוקאיות גיק,גרמים,350.00,100 גרם,false,,16.90,4.8286,true,1,336379
7290013156822,false,עוגיות רייף גיקובס 3,,,עוגיות רייף גיקובס 3,גרמים,350.00,100 גרם,false,,16.90,4.8286,true,1,336380
7290013156921,false,"עוגיות מרוקאיות לל""",,,"עוגיות מרוקאיות לל""",גרמים,350.00,100 גרם,false,,16.90,4.8286,true,1,336383
7290013203182,false,שרי מנומר -ליקופן,,,שרי מנומר -ליקופן,גרמים,200.00,100 גרם,false,,9.90,4.9500,true,1,50951
7290013267665,false,מאגדת מיני סולרו פירות טרופי 6 יח' 354 ג',"מיוצר ע""י גלידת שטרא",IL,סולרו מאגדת מיני *,גרמים,354.00,100 גרם,false,,21.90,6.1864,true,1,4307
7290013268020,false,סנו - מקסימה מרכך כביסה מרוכז אולטרה פרש 1 ליטר,"סנו מפעלי ברונוס בע""",IL,סנו מקסימה אולטרא פר,יחידה,0.00,יחידה,false,,18.90,0.0000,true,1,30296
7290013268037,false,סנו מקסימה מרכך כביסה פצ''ולי מרוכז סגול 1 ל',,,סנו מקסימה פצ'ולי מר,יחידה,0.00,יחידה,false,,18.90,0.0000,true,1,30297
7290013268242,false,נוזל רצפות ריצפז פרש הום מלון מפנק 2 ל,"סנו מפעלו ברונוס בע""",IL,ריצפז פרש הום בניחוח,ליטרים,2.00,ליטר,false,,21.90,10.9500,true,1,30304
7290013268563,false,"קרמה - דאודורנט ספריי לגבר ללא אלומיניום כחול קול 200 מ""ל",מיוצר עי אמיליה קוסמ,IL,דאודורנט ספרי קרמה מ,מיליליטרים,200.00,"100 מ""ל",false,,13.90,6.9500,true,1,30315
7290013268884,false,סנו ריצפז פרש 2 ליטר מאסק,מיוצר עי קונדיטוריית,IL,ריצפז פרש מאסק 2 ליט,ליטרים,2.00,ליטר,false,,18.90,9.4500,true,1,30331
7290013268907,false,ג'ל כביסה ביו בטמפרטורות נמוכות,"סנו מפעלי ברונוס בע""",IL,מקסימה ג'ל כביסה ביו,ליטרים,3.00,ליטר,false,,33.90,11.3000,true,1,30333
7290013268938,false,סנובון שלישייה גל סופר קצף מאסק,,,סנובון שלישיה מאסק 3,גרמים,195.00,100 גרם,false,,11.90,6.1026,true,1,30335
7290013268983,false,מרכך כביסה סופר מרוכז בבישום עוצמתי סנו מקסימה 1 ל',"סנו מפעלי ברונוס בע""",IL,מקסימה מרכך כביסה בב,יחידה,0.00,יחידה,false,,18.90,0.0000,true,1,178105
7290013268990,false,סנו - מקסימה מרכך כביסה מרוכז ביו 1 ליטר,"סנו מפעלי ברונוס בע""",IL,סנו מקסימה מרכך מרוכ,יחידה,0.00,יחידה,false,,18.90,0.0000,true,1,30336
7290013269003,false,סנו - מקסימה מרכך כביסה מרוכז בייבי 1 ליטר,"סנו מפעלי ברונוס בע""",IL,סנו מקסימה קר בייבי,ליטרים,1.00,ליטר,false,,19.90,19.9000,true,1,30337
7290013269263,false,סנו מקסימה גל כביסה 3 ל מרוכז קריסטל נוא,סנו מפעלי ברונוס בעמ,IL,מקסימה גל כביסה קריס,ליטרים,3.00,ליטר,false,,33.90,11.3000,true,1,30343
7290013269287,false,סנו - מקסימה ג'ל כביסה מרוכז מאסק 3 ליטר,"סנו מפעלי ברונוס בע""",IL,מקסימה מאסק גל כביסה,ליטרים,3.00,ליטר,false,,33.90,11.3000,true,1,30344
7290013269300,false,סנו סושי ניילון נצמד ללא PVC,"מיוצר בהונג קונג, סי",IL,סנו סושי פלסטיק נצמד,מטרים,150.00,מטר,false,,23.90,0.1593,true,1,30345
7290013269621,false,נוזל רצפות ריצפז פרש הום מלון בוטיק 2 ל,מיוצר עי קונדיטוריית,IL,ריצפז פרש הום בניחוח,ליטרים,2.00,ליטר,false,,21.90,10.9500,true,1,30351
7290013269638,false,ספוג הפלא אקסטרה סנו סושי 6 יח,,,סנו סושי ספוג הפלא א,יחידה,0.00,יחידה,false,,9.70,0.0000,true,1,30352
7290013269652,false,פולייויקס גרניט פורצלן בניתוח מאסק 2 ל',סנו כימיקלים,IL,פוליויקס גרניט פורצל,ליטרים,2.00,ליטר,false,,20.90,10.4500,true,1,30354
7290013269669,false,ריצפז נוזל רצפות פנטזיה 3 ליטר,"סנו מפעלי ברונוס בע""",IL,ריצפז פנטזיה 3ל,ליטרים,3.00,ליטר,false,,12.90,4.3000,true,1,30355
7290013269690,false,"סנו - ג'ל אסלה סנובון לימון 55 מ""ל",Nicolas polandמשווק,PL,סנובון ג'ל אסלה לימו,מיליליטרים,55.00,"100 מ""ל",false,,6.90,12.5455,true,1,30356
7290013269706,false,"סנובון ג'ל לאסלה אוקיאנוס נתלה 55מ""ל",סנו,PL,סנובון ג'ל אסלה ריח,מיליליטרים,55.00,"100 מ""ל",false,,6.90,12.5455,true,1,30357
7290013269751,false,מטליות לחותריצפז פרש לניקוי ריצפה בניחות מלון בוטיק 10 יח' סנו,טרופיקל דגיל תעשיות,IL,ריצפז מטליות לחות לנ,יחידה,0.00,יחידה,false,,11.90,0.0000,true,1,30358
7290013269850,false,סנו - סושי נייר אפייה אקולוגי 50 יח',מולינו ניקולי s.p.a,IL,סנו סושי נייר אפיה א,יחידה,0.00,יחידה,false,,14.90,0.0000,true,1,30362
7290013269867,false,"סנו סושי זוג מפות שולחן 120*180 ס""מ",מיוצר עי קונדיטוריית,IL,סנו סושי זוג מפות אי,יחידה,0.00,יחידה,false,,8.90,0.0000,true,1,30363
7290013269942,false,"סנו K מעופפים פירטרום 400 מ""ל",מיוצר עי קונדיטוריית,IL,פירטרום – K,מיליליטרים,630.00,"100 מ""ל",false,,20.90,3.3175,true,1,30366
7290013284310,false,רוטב פסטה לילדים 240 גרם פריניר,פריניר ( הדס 1987) ב,IL,רוטב לפסטה לילדים פר,גרמים,240.00,100 גרם,false,,4.90,2.0417,true,1,41332
7290013284662,false,רוטב פיצה פיתה לילדים 240 ג' פריניר,פריניר ( הדס 1987) ב,IL,רוטב פיצה פיתה פריני,גרמים,240.00,100 גרם,false,,4.90,2.0417,true,1,41333
7290013302014,false,"אבקה להכנת שוקו 1 ק""ג טעמן",,IL,טעמן שוקו מהדרין 1 ק,קילוגרמים,1.00,"ק""ג",false,,10.90,10.9000,true,1,9716
7290013310163,false,מדליק פחם מוצק 40 יח' EASY LIGHT,הדקלאים אגודת שיתופי,DE,איזילייט מדליק פחם מ,יחידה,0.00,יחידה,false,,6.50,0.0000,true,1,1000
7290013358356,false,מאסטר שף - פירורי לחם מוזהבים 320 גרם,מנה י.א בעמ,IL,מאסטר שף פירורי לחם,גרמים,350.00,100 גרם,false,,6.90,1.9714,true,1,21499
7290013358363,false,פירורי לחם פנקו מזוהבים מאסטר שף מנה 300 ג',קריניציה ויטמינה אס,IL,מאסטר שף פירורי לחם,גרמים,300.00,100 גרם,false,,9.90,3.3000,true,1,21500
7290013358370,false,פירורי לחם פנקו מוזהבים שום 300 גרם מנה,"מיוצר ע""י מנה י.א בע",IL,מאסטר שף פירורי לחם,גרמים,300.00,100 גרם,false,,9.90,3.3000,true,1,21501
7290013358417,false,מנה אסייאתי רוטב טריאקי 300 מל מאסטר שף,קריניציה ויטמינה אס,TH,מאסטר שף אסייאתי רוט,מיליליטרים,300.00,"100 מ""ל",false,,12.90,4.3000,true,1,21504
7290013358448,false,מנה קרוטונים לסלט 4 דגנים 200 גרם,,,מנה קרוטונים לסלט 4,גרמים,200.00,100 גרם,false,,12.90,6.4500,true,1,21507
7290013358486,false,מאסטר שף פירורי לחם ללא צורך בביצה 300 ג,"מיוצר ע""י מנה י.א בע",IL,מאסטר שף פירורים מו,גרמים,300.00,100 גרם,false,,6.90,2.3000,true,1,21509
7290013358530,false,מאסטר שף אסייאתי רוטב צ'ילי מתוק 700 מל,קריניציה ויטמינה אס,TH,מאסטר שף רוטב צ'ילי,מיליליטרים,700.00,"100 מ""ל",false,,12.90,1.8429,true,1,21514
7290013358806,false,מנה מאגדת פריכיות עם מלח 264 גרם,מנה,IL,מאגדת פריכיות עם מלח,גרמים,264.00,100 גרם,false,,11.90,4.5076,true,1,21521
7290013358837,false,מנה מאגדת פריכיות אורז ללא מלח 264 גר,,,מאגדת פריכיות אורז ל,גרמים,264.00,100 גרם,false,,11.90,4.5076,true,1,21522
7290013366634,false,עלי חסה סלנובה,כרמל יבולים,IL,חסה סלנובה,יח',1.00,יח',false,,11.90,11.9000,true,1,47716
7290013389145,false,"ניוקי 500 ג' ""לה פסטה"" מיני 500 גר' 12X",,,"מיני ניוקי תפו""א לה",גרמים,500.00,100 גרם,false,,7.90,1.5800,true,1,25103
7290013389381,false,"1 קֿֿֿֿ""ג 10X( פולנטה) קמח תירס",,IL,"קמח תירס תומר 1 ק""ג",קילוגרמים,1.00,"ק""ג",false,,10.80,10.8000,true,1,25110
7290013412966,false,טולי רביעיית מגבונים לחים,,,תולי מגבונים לחים 4*,יחידה,0.00,יחידה,false,,9.90,0.0000,true,1,29526
7290013424976,false,תות שדה שלם קפוא 500 ג' פילד גוד,,,תות שדה שלם קפוא 500,גרמים,500.00,100 גרם,false,,12.90,2.5800,true,1,152347
7290013440648,false,מאגדת שלגוני אבטיח נסטלה 108X5ג',גלידות נסטלה (נגה גל,IL,אבטיח קרחונים מאגדת,גרמים,540.00,100 גרם,false,,24.90,4.6111,true,1,16117
7290013472199,false,ערמונים קלופים וקלויים 105 גרם,בייג'גג פוינונג,CN,וילי פוד ערמונים 100,גרמים,100.00,100 גרם,false,,5.90,5.9000,true,1,2961
7290013525253,false,שמיר טחינה מיוחדת 16,,,שמיר טחינה מיוחדת 16,גרמים,160.00,100 גרם,false,,5.90,3.6875,true,1,17731
7290013525260,false,שמיר חציל במיונז 160,,,שמיר חציל במיונז 160,גרמים,160.00,100 גרם,false,,5.90,3.6875,true,1,17732
7290013525710,false,חומוס עם טחינה 160 גרם,,,שמיר חומוס עם טחינה,גרמים,160.00,100 גרם,false,,5.90,3.6875,true,1,17735
7290013525727,false,חומוס עם רוטב מסבחה 160 גרם,,,שמיר חומוס עם רוטב מ,גרמים,160.00,100 גרם,false,,5.90,3.6875,true,1,17736
7290013525741,false,חומוס עם רוטב חריף 160 גרם,"סלטי שמיר 2006 בע""מ",,שמיר חומוס עם רוטב ח,גרמים,160.00,100 גרם,false,,5.90,3.6875,true,1,17738
7290013525789,false,אריסה מרוקאית שמיר 150 גר',,,שמיר אריסה מרוקאית ח,גרמים,150.00,100 גרם,false,,8.90,5.9333,true,1,17739
7290013525796,false,סחוג תימני שמיר 150 גר',,IL,שמיר סחוג תימני 150ג,גרמים,150.00,100 גרם,false,,8.90,5.9333,true,1,17740
7290013531117,false,רוטב פסטה לילדים 240 גרם יכין,"זנלכל בע""מ",IL,רוטב לפסטה לילדים יכ,גרמים,260.00,100 גרם,false,,5.50,2.1154,true,1,8727
7290013531582,false,מארז זיתים ירוקים מגולענים יכין 200 גרם,קרלו,IL,זיתים חרוזית מגולעני,גרמים,600.00,100 גרם,false,,11.90,1.9833,true,1,8737
7290013531759,false,שעועית אפויה במים 550 ג' יכין,"זנלכל בע""מ",IL,שעועית אפויה במים יכ,גרמים,550.00,100 גרם,false,,9.90,1.8000,true,1,8746
7290013534057,false,"צ'יפס בטטה טבעי מיה 100ג' 'כשל""פ",,,מיה ציפס בטטה טבעי 1,גרמים,100.00,100 גרם,false,,8.90,8.9000,true,1,15138
7290013585233,false,"ספרייט ZERO פחית סליק 330 מ""ל",קוקה קולה,IL,פחית סליק 330 מל ZER,מיליליטרים,330.00,"100 מ""ל",false,,5.50,1.6667,true,1,7083
7290013585387,false,קוקה קולה זירו בקבוק,החברה המרכזית לייצור,IL,קולה זירו 1 ליטר,ליטרים,1.00,ליטר,false,,6.90,6.9000,true,1,7095
7290013585394,false,קוקה קולה 1 ליטר,החברה המרכזית לייצור,IL,קוקה קולה 1 ליטר,ליטרים,1.00,ליטר,false,,7.50,7.5000,true,1,7096
7290013608260,false,פרימור מיץ רימונים 100% סחוט טרי 1ל',גניר,IL,פרימור מיץ רימונים ס,יחידה,0.00,יחידה,false,,22.90,0.0000,true,1,23372
7290013608864,false,משקה פירות הדר בתוספת ויטמין 1 ליטר,,IL,פרימור משקה פירות הד,ליטרים,1.00,ליטר,false,,15.90,15.9000,true,1,91816
7290013652157,false,"ד""ר פישר - נטורל קר מגבונים להסרת איפור לעור רגיל יבש 30 יח' * 3",,,מגב.הסרת איפור ע.רגי,יחידה,0.00,יחידה,false,,24.90,0.0000,true,1,29179
7290013677211,false,תן צ'אפ חטיף כריות קטשופ 50 גר',,,תן צ'אפ כריות בטעם ק,גרמים,50.00,100 גרם,false,,3.90,7.8000,true,1,15159
7290013677426,false,תן צ'אפ חטיף קטשופ 60 גר',,,תן צ'אפ קטשופ 60 גרם,גרמים,60.00,100 גרם,false,,3.50,5.8333,true,1,15177
7290013677648,false,שמן זית למאור 1 ליטר,,,שמן זית למאור 1 ל' ב,ליטרים,1.00,ליטר,false,,19.90,19.9000,true,1,15181
7290013677839,false,"בורגול יבש מיה 1 ק""ג",מיה,IL,בורגול 1 ק'ג,קילוגרמים,1.00,"ק""ג",false,,6.90,6.9000,true,1,15192
7290013677846,false,"כוסמת מיה 1 ק""ג",מיה,IL,כוסמת 1 ק'ג,קילוגרמים,1.00,"ק""ג",false,,12.90,12.9000,true,1,15193
7290013702036,false,"שוופס וואטר אפרסק 500מ""ל",יפאורה תבורי בעמ,IL,שוופס אפרסק ווטר 0.5,מיליליטרים,500.00,"100 מ""ל",false,,5.50,1.1000,true,1,11633
7290013702050,false,"שוופס וואטר ענבים 500מ""ל",,,שוופס ענבים ווטר 0.5,מיליליטרים,500.00,"100 מ""ל",false,,5.50,1.1000,true,1,11635
7290013702388,false,"שוופס וואטר תפוח 500מ""ל",יפאורה תבורי בעמ,IL,שוופס תפוח ווטר 0.5,מיליליטרים,500.00,"100 מ""ל",false,,5.50,1.1000,true,1,11640
7290013702883,false,"שוופס מוגז פינק למונייד 500 מ""ל",,,משקה פינק למונייד שו,מיליליטרים,500.00,"100 מ""ל",false,,5.90,1.1800,true,1,11657
7290013724991,false,אגוזי לוז בשוקולד חלב 140 גר שקדיה,דין שיווק,IL,אגוזי לוז בציפוי שוק,גרמים,140.00,100 גרם,false,,10.90,7.7857,true,1,4682
7290013725844,false,חטיף שומשום בשוקולד מריר 160ג,,,שקדיה שומשום בשוק.מר,גרמים,140.00,100 גרם,false,,10.90,7.7857,true,1,4687
7290013787392,false,רביולי גבינות קלאסי פסטה ריקו 330 גרם,יוניליוור גרמניה Gm,IL,רביולי גבינות קלאסי,גרמים,330.00,100 גרם,false,,24.90,7.5455,true,1,95341
7290013787408,false,רביולי בטטה פסטה ריקו 330 גרם,יוניליוור גרמניה Gm,IL,רביולי בטטה ריקו 330,גרמים,330.00,100 גרם,false,,24.90,7.5455,true,1,95342
7290013793102,false,ערכת נוזלי עטרת מלכו,,,ערכת נוזלי עטרת מלכו,יחידה,0.00,יחידה,false,,70.90,0.0000,true,1,18021
7290013793126,false,ערכת מוצק אור והדר,,,ערכת מוצק אור והדר,יחידה,0.00,יחידה,false,,60.90,0.0000,true,1,18023
7290013847102,false,ס.ק טונה בשמן 80 ג' שלישיות -בי,,,טונה בשמן סטארקיסט ש,גרמים,240.00,100 גרם,false,,12.90,5.3750,true,1,26683
7290013847867,false,מארז זוג טונה בשמן סויה 140 ג' סטארקיסט,טונה ויטנאם קו. אל.ט,IL,נתחי טונה בהירה בשמן,גרמים,140.00,100 גרם,false,,12.90,9.2143,true,1,578998
7290013848345,false,מארז מטליות לחות לחיטוי שלישיה 3 * 50 יח' סנו,סנו מפעלי ברונוס בעמ,IL,מטליות לחות לחיטוי י,יחידה,0.00,יחידה,false,,22.90,0.0000,true,1,30373
7290013848437,false,"קרמה - דאודורנט ספריי לגבר אקטיב בלוק 200 מ""ל",מיוצר עי אמיליה קוסמ,IL,דאודורנט ספריי קרמה,מיליליטרים,200.00,"100 מ""ל",false,,13.90,6.9500,true,1,30376
7290013848758,false,סנו - מקסימה ג'ל כביסה מרוכז בייבי 3 ליטר,"סנו מפעלי ברונוס בע""",IL,סנו מקסימה ג'ל כביסה,ליטרים,3.00,ליטר,false,,36.90,12.3000,true,1,30393
7290013861054,false,צימוקים בשוקולד חלב 140 גר שקדיה,,,שקדיה צימוקים בשוק.ח,גרמים,140.00,100 גרם,false,,10.90,7.7857,true,1,4688
7290013875532,false,מקל טיטניום,,,מקל טיטניום,יחידה,0.00,יחידה,false,,6.90,0.0000,true,1,91473
7290013906212,false,"נקנקיות וינר טירת 1 ק""ג טירת צבי",הנסיך- מפעל לייצור ט,IL,טירת צבי נקניקיות וי,קילוגרמים,1.00,"ק""ג",false,,22.90,22.9000,true,1,25386
7290013906441,false,קבנוס טירת צבי 120 גר,הנסיך- מפעל לייצור ט,IL,טירת צבי קבנוס 120 ג,גרמים,120.00,100 גרם,false,,9.90,8.2500,true,1,25397
7290013906458,false,קבנוס בטעם פיקנטי טירת צבי 120 גר,הנסיך- מפעל לייצור ט,IL,טירת צבי קבנוס פיקנט,גרמים,120.00,100 גרם,false,,9.90,8.2500,true,1,25398
7290013906489,false,חטיפי מיני קבנוס 120 ג' טירת צבי,הנסיך- מפעל לייצור ט,IL,טירת צבי חטיפי מיני,גרמים,120.00,100 גרם,false,,9.90,8.2500,true,1,25399
7290013906687,false,פסט' צמד כפרית ברביקיו ודבש 300X2ג' טירת צבי,הנסיך- מפעל לייצור ט,IL,טירת צבי צמד כפרית ב,גרמים,600.00,100 גרם,false,,24.90,4.1500,true,1,25403
7290013906694,false,נקניקיות שקית קילו וחצי טירת צבי,הנסיך- מפעל לייצור ט,IL,"נקניקיות עוף 1.5 ק""ג",קילוגרמים,1.50,"100 ק""ג",false,,34.90,2326.6667,true,1,343766
7290013906700,false,"נקניקיות הודו טירת צבי כשרות הרב מחפוד 1.5 ק""ג",,IL,"נקניקיות הודו 1.5 ק""",קילוגרמים,1.50,"100 ק""ג",false,,35.90,2393.3333,true,1,343739
7290013927323,false,עוגת בראוניס אחווה 400 גר',,,עוגת בראוניס אחוה 40,גרמים,400.00,100 גרם,false,,11.90,2.9750,true,1,763
7290013927996,false,עוגת שמרים קראץ' בטעם שוקולד 400 גר',,,עוגת שמרים קרנץ בטעם,גרמים,400.00,100 גרם,false,,10.90,2.7250,true,1,354885
7290014002197,false,חליטת קמומיל ולימונית 25 שק הגן הקסום,,,תה חליטת קמומיל ולימ,גרמים,37.50,100 גרם,false,,17.90,47.7333,true,1,24743
7290014002203,false,תה ויסוצקי חליטת לימונית ולואיזה 20יח',HIQ FOOD PRODUCTS,IL,תה חליטת לימונית ולו,גרמים,37.50,100 גרם,false,,17.90,47.7333,true,1,24744
7290014002944,false,גן קסום חליטת פירות וצמחים חמדת שקד 25 שקיקים,HIQ FOOD PRODUCTS,IL,תה גן קסום חליטת חמא,גרמים,62.50,100 גרם,false,,17.90,28.6400,true,1,24756
7290014027213,false,"ערק ג'בלנא 40% אלכוהול 700 מ""ל",,,ערק ג'בלנא מיוצר מכו,מיליליטרים,700.00,"100 מ""ל",false,,49.90,7.1286,true,1,199794
7290014046016,false,יחיעם פסטרמה הודו 10,פ.פ.ח. שאביט,IL,יחיעם פסטרמה הודו 10,גרמים,250.00,100 גרם,false,,24.90,9.9600,true,1,15583
7290014046047,false,צמד פסטרמות 600 ג' יחיעם,,IL,יחיעם צמד פסטרמה 600,גרמים,600.00,100 גרם,false,,21.90,3.6500,true,1,15586
7290014046474,false,"נקניקיות עוף 1.5 ק""ג יחיעם",יחיעם,IL,יחיעם נקניקיות עוף 1,קילוגרמים,1.50,"ק""ג",false,,27.90,18.6000,true,1,15589
7290014046580,false,פסטרמה מעודנת על גחלים 300 ג' יחיעם,פ.פ.ח. שאביט,IL,יחיעם פסטרמה מעודנת,גרמים,300.00,100 גרם,false,,19.90,6.6333,true,1,15596
7290014046757,false,סלמי תה מעדני יחיעם,פ.פ.ח. שאביט,IL,סלמי תה `שרולה` 300,גרמים,300.00,100 גרם,false,,19.90,6.6333,true,1,15601
7290014059436,false,"משחת שיניים סנסודיין 75 מ""ל פרימיום לשיקום והגנה מלבינה 75 מ""ל",DE MICLEN,,משחת שיניים לשיקום ס,מיליליטרים,75.00,"100 מ""ל",false,,24.90,33.2000,true,1,3903
7290014079014,false,לבבות קיסר בנספק,"מרינה פטריות הגליל בע""מ",IL,לבבות קיסר,גרמים,300.00,100 גרם,false,,9.90,3.3000,true,1,35576
7290014079076,false,נבטי אלפלפא יח,"מרינה פטריות הגליל בע""מ",IL,נבטי אלפלפא,יח',1.00,יח',false,,6.90,6.9000,true,1,41540
7290014079854,false,לבבות חסה ארץ הגליל מרינה,"מרינה פטריות הגליל בע""מ",IL,זוג לבבות חסה ארץ הג,יח',1.00,יח',false,,10.90,10.9000,true,1,41547
7290014083813,false,שפרוטים מעושנים בשמן מריגה 190 גר',הנסיך- מפעל לייצור ט,LV,בריוולס וילניס שפרוט,גרמים,190.00,100 גרם,false,,7.90,4.1579,true,1,2990
7290014094260,false,שיני שום קלוף קמעונאי,"מרינה פטריות הגליל בע""מ",IL,שום קלוף 200 גרם,גרמים,200.00,100 גרם,false,,10.90,5.4500,true,1,41549
7290014094345,false,ששון הקולה גרעיני חמ,"דין שיווק וקליה בע""מ",,ששון הקולה גרעיני חמ,גרמים,300.00,100 גרם,false,,9.90,3.3000,true,1,4702
7290014094352,false,אגוזי מלך בקופסא 200 ג',"דין שיווק וקליה בע""מ",,ששון הקולה אגוז מלך,גרמים,200.00,100 גרם,false,,16.90,8.4500,true,1,4703
7290014094376,false,שזיפים ללא גלעין 330 גר,"דין שיווק וקליה בע""מ",,שזיף ללא גלעין בקופס,גרמים,250.00,100 גרם,false,,24.90,9.9600,true,1,4705
7290014094383,false,משמש מיובש בקופסא 33,"דין שיווק וקליה בע""מ",,שקדיה משמש מיובש 250,גרמים,250.00,100 גרם,false,,23.90,9.5600,true,1,4706
7290014094406,false,צימוק לבן 250 גרם ששון הקולה,"דין שיווק וקליה בע""מ",,צימוק בהיר בקופסא 2,גרמים,250.00,100 גרם,false,,16.90,6.7600,true,1,4708
7290014094505,false,אורז בסמתי טהור אהרוני 1 ק''ג,האי נאם סי או אל.טי.,IL,אהרוני אורז בסמטי 1,קילוגרמים,1.00,"ק""ג",false,,9.90,9.9000,true,1,4716
7290014094611,false,שקד מולבן פרוס 200 גר,,,שקד מולבן פרוס 200גר,גרמים,200.00,100 גרם,false,,19.90,9.9500,true,1,4724
7290014094628,false,פקאן טבעי 200 ג' בקופסא,חקלאי,,פקאן טבעי 200גר ששון,גרמים,200.00,100 גרם,false,,25.90,12.9500,true,1,4725
7290014094642,false,קשיו טבעי גדול 250 גר,"דין שיווק וקליה בע""מ",,קשיו טבעי 200 גר' שש,גרמים,200.00,100 גרם,false,,24.90,12.4500,true,1,4727
7290014094659,false,אגוזי לוז טבעיים 250,דין שיווק,IL,אגוז לוז טבעי 250 גר,גרמים,250.00,100 גרם,false,,24.90,9.9600,true,1,4728
7290014094864,false,פיסטוק קלוי 170 גר עם קליפה ששון הקולה,דין שיווק,IL,פיסטוק קלוי 170 גרם,גרמים,170.00,100 גרם,false,,16.90,9.9412,true,1,4735
7290014094895,false,אגוזים מלך קלופים 150 גרם ששון הקולה,,,אגוז מלך 150גר ששון,גרמים,150.00,100 גרם,false,,10.90,7.2667,true,1,4738
7290014095861,false,שיבולת שועל דקה 500 גרם קוואקר,"דין שיווק וקליה בע""מ",,שיבולת שועל דקה קווא,גרמים,500.00,100 גרם,false,,4.90,0.9800,true,1,4742
7290014095960,false,שיבולת שועל עבה 500 גרם קוואקר,"דין שיווק וקליה בע""מ",,שיבולת שועל עבה קווא,גרמים,500.00,100 גרם,false,,4.90,0.9800,true,1,4745
7290014204034,false,מרכך יומי פנינה רוזנבלום,,,"מרכך יומי 750 מ""ל",מיליליטרים,750.00,"100 מ""ל",false,,9.90,1.3200,true,1,18176
7290014217065,false,תבלין אורגנו עלים 30 גר',תות ממתקי איכות,IL,טעם וריח אורגנו מיכל,גרמים,30.00,100 גרם,false,,10.10,33.6667,true,1,42444
7290014217140,false,תבלין ראס אל חנות טעם וריח 100ג',תות ממתקי איכות,IL,תבלין ראס אל חנות טע,גרמים,100.00,100 גרם,false,,9.00,9.0000,true,1,42447
7290014217263,false,תערובת תיבול לפרגיות 100ג',תות ממתקי איכות,IL,תבלין תיבול פרגית טע,גרמים,100.00,100 גרם,false,,11.90,11.9000,true,1,42452
7290014217355,false,תבלין אבקת קרי מיכל 100ג',תות ממתקי איכות,IL,תבלין אבקת קרי טעם ו,גרמים,100.00,100 גרם,false,,11.80,11.8000,true,1,42456
7290014217362,false,תבלין תיבול לקציצות מיכל 100 ג',תות ממתקי איכות,IL,תערובת תיבול קציצות,גרמים,100.00,100 גרם,false,,11.80,11.8000,true,1,42457
7290014218536,false,בצק עלים מרודד מופחת שומן מעדנות 1 קג,"מעדנות בע""מ",IL,בצק עלים מופחת שומן,קילוגרמים,1.00,"ק""ג",false,,21.90,21.9000,true,1,35675
7290014218932,false,חטיפי פיצה בתוספת זיתים 710 ג' מעדנות,מיוצר עי קונדיטוריית,IL,חטיפי פיצה בתוספת זי,גרמים,710.00,100 גרם,false,,27.90,3.9296,true,1,35701
7290014256620,false,"יין מבעבע קריניאנו באזז יקבי כרמל 750 מ""ל","כד בני דרום בע""מ",IL,יין באזז קריניאנו 75,מיליליטרים,750.00,"100 מ""ל",false,,27.90,3.7200,true,1,564
7290014256637,false,"יין מבעבע מוסקטו באזז יקבי כרמל 750 מ""ל","כד בני דרום בע""מ",IL,יין באזז מוסקטו 750מ,מיליליטרים,750.00,"100 מ""ל",false,,27.90,3.7200,true,1,565
7290014258730,false,מטרנה צמחי מגיל שנה ואילך 700 גרם,,,מטרנה צמחי מגיל שנה,גרמים,700.00,100 גרם,false,,63.90,9.1286,true,1,18782
7290014298200,false,בקבוקי שתיה ילדים,,,בקבוקי שתיה ילדים,יחידה,0.00,יחידה,false,,29.90,0.0000,true,1,14285
7290014298996,false,בקבוק תרמי 500 מ''ל מוסקו,,,בקבוק טרמי,יחידה,0.00,יחידה,false,,49.90,0.0000,true,1,14297
7290014325036,false,סוכריות ג'לי שמחה 600 גר',,IL,ג'לי שמחות 600 גרם,גרמים,600.00,100 גרם,false,,18.90,3.1500,true,1,15196
7290014325043,false,"פודינג וניל 1 ק""ג שקית",,,מיה פודינג וניל 1 ק`,קילוגרמים,1.00,"ק""ג",false,,17.90,17.9000,true,1,15197
7290014397279,false,סנו סושי שקיות מזון XL 300 יח,הורביץ סחר,CN,סנו סושי שקיות מזון,יחידה,0.00,יחידה,false,,13.90,0.0000,true,1,30421
7290014397286,false,מרכך כביסה מקסימה מרוכז חלב ודבש 1 ל' סנו,,,סנו מקסימה קר מרכך מ,ליטרים,1.00,ליטר,false,,18.90,18.9000,true,1,30422
7290014397453,false,סנו אוקסיגן גל מסיר כתמים כביסה לבנה 3 ל,,IL,סנו אוקסיג'ן לכביסה,ליטרים,3.00,ליטר,false,,30.90,10.3000,true,1,30426
7290014397514,false,"סנו פרש הום מבשם כותנה מלטפת 350מ""ל","סנו מפעלי ברונוס בע""",IL,סנו פרש הום כותנה מל,מיליליטרים,350.00,"100 מ""ל",false,,11.90,3.4000,true,1,30429
7290014397705,false,סנו פוליויקס פרקט בניחוח רענן 2 ליטר,,,פוליויקס פרקט בניחוח,ליטרים,2.00,ליטר,false,,21.90,10.9500,true,1,30442
7290014397767,false,סנו ריצפז פרש הום כותנה מלטפת 2 ליטר,"סנו מפעלי ברונוס בע""",IL,ריצפז פרש הום כותנה,ליטרים,2.00,ליטר,false,,21.90,10.9500,true,1,30448
7290014397781,false,ריצפז סנן פרש הום סבון מפנק 2 ליטר,,,ריצפז פרש הום סבון מ,ליטרים,2.00,ליטר,false,,21.90,10.9500,true,1,30450
7290014397873,false,מרכך כביסה סנו מקסימה גנטל בריז 4 ל,,IL,מרכך כביסה סנו מקסימ,ליטרים,4.00,ליטר,false,,22.90,5.7250,true,1,30456
7290014435704,false,סלמון מעושן 100גר' שמיר,"סלטי שמיר 2006 בע""מ",,סלמון מעושן סלטי שמי,גרמים,100.00,100 גרם,false,,23.90,23.9000,true,1,17749
7290014435810,false,הרינג כבוש ובצל במרינת חמוץ מתוק שמיר 180 ג',"סלטי שמיר 2006 בע""מ",IL,הרינג כבוש עם בצל במ,גרמים,180.00,100 גרם,false,,18.90,10.5000,true,1,17752
7290014435841,false,פילה מטיאס הולנדי בשמן שמיר 180ג',,IL,פילה מטיאס הולנדי  ב,גרמים,180.00,100 גרם,false,,18.90,10.5000,true,1,17755
7290014435872,false,סלט הרינג ומיונז שמיר 250ג',"סלטי שמיר 2006 בע""מ",,סלט הרינג עם מיונז 1,גרמים,180.00,100 גרם,false,,18.90,10.5000,true,1,17756
7290014435896,false,סלט סלומון עם מיונז 180 גר',"סלטי שמיר 2006 בע""מ",IL,סלט סלמון עם מיונז 1,גרמים,180.00,100 גרם,false,,21.00,11.6667,true,1,17758
7290014455245,false,גבינה גרנה פדנו משולש גד 200 גר',מחלבת סוציאלה מנטובה,IT,גד גרנה פדנו משולש כ,גרמים,200.00,100 גרם,false,,25.90,12.9500,true,1,14699
7290014455320,false,גבינה כדורי מוצרלה פרסקה גד 100ג',מחלבות גד בעמ,IL,גד כדור מוצרלה פרסקה,גרמים,100.00,100 גרם,false,,10.40,10.4000,true,1,14703
7290014459137,false,"צ'יפס תפוגן סטייק 1.5 ק""ג","תעשיות תפוגן בע""מ",IL,תפוגן סטייק ציפס 1.5,קילוגרמים,1.50,"ק""ג",false,,23.90,15.9333,true,1,19821
7290014459373,false,"צ'יפס קראנצ'י לתנור קפוא תפוגן 1.5ק""ג",,IL,תפוגן ציפס קראנצי 1.,קילוגרמים,1.50,"ק""ג",false,,24.90,16.6000,true,1,19826
7290014459472,false,"צ'יפס קפוא תפוגן 2 ק""ג כשל""פ",,IL,תפוגן צ`יפס קלאסי 2,קילוגרמים,2.00,"ק""ג",false,,24.90,12.4500,true,1,19828
7290014471429,false,"מיזלי עם פירות 1 ק""ג סגול שקדיה",,,מוזלי פירות עם פירות,קילוגרמים,1.00,"ק""ג",false,,18.90,18.9000,true,1,4747
7290014472136,false,גרעין שחור קלוי ששון הקולה 150 ג',דין שיווק,IL,גרעין שחור קלוי 150,גרמים,150.00,100 גרם,false,,4.90,3.2667,true,1,4759
7290014472235,false,פקאן סיני מסוכר בקופ,שקרצי,,פקאן סיני מסוכר בקופ,גרמים,200.00,100 גרם,false,,24.90,12.4500,true,1,4762
7290014472471,false,גרעינים שחור ענק 200גר' פרימיום,דין שיווק,IL,גרעין שחור ענק 200 ג,גרמים,200.00,100 גרם,false,,6.90,3.4500,true,1,4769
7290014472488,false,שקד קלוי ענק 250 גרם פרימיום ששון הקולה,דין שיווק,IL,שקד קלוי פרימיום 250,גרמים,250.00,100 גרם,false,,26.90,10.7600,true,1,4770
7290014472495,false,קשיו קלוי ענק 250 גר פרימיום ששון הקולה,דין שיווק,IL,קשיו קלוי ענק פרימיו,גרמים,250.00,100 גרם,false,,21.90,8.7600,true,1,4771
7290014472501,false,פיסטוק קלוי ענק 250 ג פרימיום ששון הקולה,דין שיווק,IL,פיסטוק קלוי ענק 250,גרמים,250.00,100 גרם,false,,25.90,10.3600,true,1,4772
7290014472518,false,בוטן קלוי ענק 250 גר פרימיום ששון הקולה,דין שיווק,IL,בוטן קלוי פרימיום 25,גרמים,250.00,100 גרם,false,,11.90,4.7600,true,1,4773
7290014472990,false,ממרח 100% שקדים שקדיה 300 ג',,,ממרח 100% שקדים שקדי,גרמים,300.00,100 גרם,false,,30.90,10.3000,true,1,4788
7290014525016,false,חטיף בריאות יוגורט במילוי תות שדה 182 גר,,,חטיף בטעם יוגורט תות,גרמים,180.00,100 גרם,false,,10.90,6.0556,true,1,21532
7290014525023,false,חטיף בריאות יוגורט במילוי פירות יער 182ג,,,חטיף פירות יער סלים,גרמים,215.00,100 גרם,false,,10.90,5.0698,true,1,21533
7290014525290,false,חטיף מרבה סלים דליס קריספי תות 125 גר,הלמה הלום,NL,חטיף מרבה קריספי תות,גרמים,125.00,100 גרם,false,,10.90,8.7200,true,1,21546
7290014525306,false,חטיף מרבה סלים דליס קריספי אוכמניות 125,"ש. שסטוביץ בע""מ",NL,חטיף מרבה קריספי אוכ,גרמים,125.00,100 גרם,false,,10.90,8.7200,true,1,21547
7290014525313,false,חטיף מרבה סלים דליס קריספי שוקולד 125 ג,הלמה הלום בי. וי,NL,חטיף מרבה קריספי שוק,גרמים,125.00,100 גרם,false,,10.90,8.7200,true,1,21548
7290014534704,false,"פסטה ""לה פסטה"" 400 ג' אטריות מרק 400 ג'",,IL,אטריות מרק לה פסטה 4,גרמים,400.00,100 גרם,false,,3.70,0.9250,true,1,25136
7290014636545,false,שלישית מגבות מטבח ג'קרד,,,שלישית מגבות מטבח פס,יחידה,0.00,יחידה,false,,19.90,0.0000,true,1,346634
7290014636675,false,מגבת גוף חלקה 550 גר,,,מגבת גוף מנהטן 70*13,יחידה,0.00,יחידה,false,,34.90,0.0000,true,1,28142
7290014636682,false,מגבת פנים חלקה 550 גרם,,,מגבת פנים,יחידה,0.00,יחידה,false,,19.90,0.0000,true,1,28143
7290014636842,false,כרית ממורי ויסקו,,,כרית ויסקו,יחידה,0.00,יחידה,false,,89.90,0.0000,true,1,358028
7290014673014,false,תבליני מימון פלפל אנ,,,תבליני מימון פלפל אנ,גרמים,90.00,100 גרם,false,,14.50,16.1111,true,1,357
7290014673021,false,תבליני מימון פלפל שח,,,תבליני מימון פלפל שח,גרמים,100.00,100 גרם,false,,14.50,14.5000,true,1,358
7290014673359,false,מלח לימון 400 גרם,TLV צ'יף,IL,מלח לימון 400 גר,גרמים,400.00,100 גרם,false,,21.90,5.4750,true,1,361
7290014673366,false,מימון כורכום טחון 25,TLV צ'יף,IL,מימון כורכום טחון 25,גרמים,250.00,100 גרם,false,,21.90,8.7600,true,1,362
7290014673410,false,פלפל שחור גרוס דק 250 גרם,,,מימון פלפל שחור גרוס,גרמים,250.00,100 גרם,false,,30.00,12.0000,true,1,367
7290014673434,false,פלפל שחור גרוס דק שקית 80 גרם,,,פלפל שחור גרוס דק בש,גרמים,80.00,100 גרם,false,,8.90,11.1250,true,1,368
7290014674004,false,קריספ פירורי לחם שומשום ומלח ים 300 גרם,,IL,פירורי לחם עם שומשום,גרמים,300.00,100 גרם,false,,7.90,2.6333,true,1,462080
7290014692299,false,גבינת ברי 125 ג' קסטיאלו ויליפוד,"ארלה פודס אמבא,",DK,גבינת ברי 125 גרם EU,גרמים,125.00,100 גרם,false,,14.90,11.9200,true,1,2993
7290014692305,false,גבינת קממבר 125ג' CASTELLO ויליפוד,הנסיך- מפעל לייצור ט,DK,גבינת קממבר 125 גרם,גרמים,125.00,100 גרם,false,,14.90,11.9200,true,1,2994
7290014731189,false,כפיות P.P לבן 100 יח,,,כפיות P.P לבן 100 יח,יח',100.00,יח',false,,6.90,0.0690,true,1,534883
7290014731264,false,"כוס שתיה ח""פ ר.שמאי 100יח'",,,כוסות לשתיה קרה חד פ,יח',100.00,יח',false,,6.90,0.0690,true,1,28144
7290014748613,false,דג טוב מקלוני דגים בציפוי ציפס 600גר,,,דג טוב מקלוני דגים ב,גרמים,600.00,100 גרם,false,,28.90,4.8167,true,1,19882
7290014748651,false,דג טוב פילה אמנון מצופה נתחי שלם 360גר,מוצרי עוף טוב (2001),IL,דג טוב פילה אמנון מצ,גרמים,360.00,100 גרם,false,,32.90,9.1389,true,1,19884
7290014749245,false,ספיישל רצועות שניצל שומשום עוף טוב 600 גרם,מוצרי עוף טוב (2001),IL,רצועות שניצל שומשום,גרמים,600.00,100 גרם,false,,30.90,5.1500,true,1,67443
7290014749863,false,עוף טוב שניצל עוף דק ענק קריספי ציפס 720,מוצרי עוף טוב (2001),IL,שניצל עוף דקיק בציפו,גרמים,720.00,100 גרם,false,,28.90,4.0139,true,1,160019
7290014758100,false,מאגדת יוגורט ביו 3% שומן 8 יח' *150ג' תנובה,מיוצר עי קונדיטוריית,IL,יוגורט תנובה 3% 8*15,קילוגרמים,1.20,"ק""ג",false,,16.90,14.0833,true,1,26027
7290014758117,false,מאגדת יוגורט ביו 1.5% שומן 8 יח' *150 ג' תנובה,מיוצר עי קונדיטוריית,IL,יוגורט תנובה 1.5% 8*,קילוגרמים,1.20,"ק""ג",false,,16.90,14.0833,true,1,26028
7290014758162,false,חלב עיזים מלא 3.6% קרטון 1 ל' תנובה,תנובה מרכז שיתופי לש,IL,חלב תנובה עיזים מלא,ליטרים,1.00,ליטר,false,,15.60,15.6000,true,1,26030
7290014758681,false,קוטג' תנובה 1% גביע 250 ג',מיוצר עי קונדיטוריית,IL,קוטג תנובה 1% 250ג,גרמים,250.00,100 גרם,false,,5.50,2.2000,true,1,26034
7290014759084,false,גבינת שמנת 16% בטעם טבעי 225 ג' נפוליאון,הרדוף חלב,IL,נפוליאון 16% 225גר,גרמים,225.00,100 גרם,false,,14.50,6.4444,true,1,26035
7290014759237,false,כד יוגורט תנובה 6.5% שומן 3 ליטר,,,יוגורט כדים תנובה בי,ליטרים,3.00,ליטר,false,,30.30,10.1000,true,1,26036
7290014759534,false,גבינה בולגרית למריחה טבעי 5% 200 ג' פיראוס,"תנובה, מחלבת תל יוסף",IL,פיראוס בולגרית למריח,גרמים,200.00,100 גרם,false,,14.90,7.4500,true,1,26039
7290014759992,false,גבינת רוקפור גליל פלח 140 ג' תנובה,"תנובה, מחלבת תל יוסף",IL,גבינות תנובה רוקפור,גרמים,140.00,100 גרם,false,,18.90,13.5000,true,1,26046
7290014760134,false,מעדן סויה ביו בטעם ו,פ.פ.ח. שאביט,IL,גביע מעדן סויה בטעם,גרמים,125.00,100 גרם,false,,4.40,3.5200,true,1,26047
7290014760141,false,משקה שקדים טרי 1 ל' תנובה,,IL,תנובה משקה שקדים טרי,יחידה,0.00,יחידה,false,,13.50,0.0000,true,1,26048
7290014760448,false,מאגדת גלבוע 22% 400 גר,מחלבת בית יצחק,IL,גלבוע 22% 400 גרם,גרמים,400.00,100 גרם,false,,25.10,6.2750,true,1,26051
7290014760912,false,פרוסות גבינה 28% שומן 400 ג' גוש חלב,,IL,גוש חלב 28% מהדרין 4,גרמים,400.00,100 גרם,false,,26.90,6.7250,true,1,26055
7290014761018,false,גיל בטעם וניל 125 גרם,,IL,גיל בטעם וניל 3% 125,גרמים,125.00,100 גרם,false,,1.60,1.2800,true,1,26056
7290014761056,false,מעדן שוקולד חלב מעולה 123 ג' יולו,מיוצר עי קונדיטוריית,IL,יולו שוקולד חלב מעול,גרמים,122.00,100 גרם,false,,5.10,4.1803,true,1,26057
7290014761063,false,מעדן שוקולד מריר מעולה 123 ג' יולו,מיוצר עי קונדיטוריית,IL,יולו שוקולד מריר מעו,גרמים,122.00,100 גרם,false,,5.10,4.1803,true,1,26058
7290014761070,false,מעדן שוקולד לבן מעולה 123 ג' יולו,מיוצר עי קונדיטוריית,IL,יולו שוקולד לבן מעול,גרמים,122.00,100 גרם,false,,5.10,4.1803,true,1,26059
7290014761193,false,יוגורט עם פירות יער 1.5% שומן 125 ג' פרילי,,IL,פרילי פירות יער 1.5%,גרמים,125.00,100 גרם,false,,3.70,2.9600,true,1,26060
7290014761414,false,יולו מעדן שכבות שוקולד חלב ולבן 123 גר,מיוצר עי קונדיטוריית,IL,יולו מעדן שכבות שוקו,גרמים,122.00,100 גרם,false,,5.10,4.1803,true,1,26068
7290014762800,false,מעדן סויה שוקולד גביע 125 ג',תות תעשיות מזון (201,IL,גביע מעדן סויה בטעם,גרמים,125.00,100 גרם,false,,4.40,3.5200,true,1,26092
7290014762831,false,גבינת שמנת חלפיניו 24% שומן 225 ג' נפוליאון,הרדוף חלב,IL,גבינת שמנת נפוליאון,גרמים,225.00,100 גרם,false,,14.50,6.4444,true,1,26093
7290014762909,false,פתיתי מוצרלה 20% שומן 200 ג' השף הלבן,"תנובה, מחלבת תל יוסף",IL,פתיתי מוצרלה 200 גר`,גרמים,200.00,100 גרם,false,,15.90,7.9500,true,1,26097
7290014762947,false,לאבנה גלילית 11% שומן 750 ג' פיראוס,תנובה,IL,לאבנה גלילית פיראוס,גרמים,750.00,100 גרם,false,,23.90,3.1867,true,1,26099
7290014763098,false,קרם גבינת שמנת 5% עם פלפל שום ובצל 200 ג' תנובה,תנובה,IL,קרם גבינת שמנת 5% טו,גרמים,200.00,100 גרם,false,,12.00,6.0000,true,1,26102
7290014763272,false,"יוגורט סויה לשתיה תות ובננה 250 מ""ל",תות תעשיות מזון (201,IL,משקה סויה ביו עם תות,מיליליטרים,250.00,"100 מ""ל",false,,6.20,2.4800,true,1,26104
7290014791091,false,"שוויפס לימונייד 500 מ""ל",,,משקה למונייד שוופס 5,מיליליטרים,500.00,"100 מ""ל",false,,5.90,1.1800,true,1,11662
7290014855434,false,מגבונים בייביסיטר פרפורמנס מבושם רביעיה,די פי אל,,בייביסיטר פרפורמנס מ,יחידה,0.00,יחידה,false,,15.90,0.0000,true,1,29540
7290014855458,false,מגבוני בייביסיטר פרפורמנס ללא בישום מארז 72X4יח',די פי אל,,מגבוני בייבי פרפורמנ,יחידה,0.00,יחידה,false,,15.90,0.0000,true,1,29541
7290014860070,false,"מקלות אורז ללא גלוטן 5 מ""מ 454 גרם",Oriental food co. lt,TH,"מקלוני אורז 5 מ""מ לל",גרמים,454.00,100 גרם,false,,10.90,2.4009,true,1,47537
7290014860155,false,"מחצלת במבו שטוחה 24*24 ס""מ",,,מחצלת במבו שטוחה מזר,יחידה,0.00,יחידה,false,,7.90,0.0000,true,1,545204
7290014860247,false,שבבי אורז מרובעים ללא גלוטן 227 גרם,,,שבבי אורז מרובעים לל,גרמים,227.00,100 גרם,false,,9.90,4.3612,true,1,409401
7290014901247,false,"סטייל שמפו 0חר החלקה מועשר בקרטין, 750 מ""ל",א.ל. ארמן ייצור תמרו,IL,שמפו קרטין סטייל 750,מיליליטרים,750.00,"100 מ""ל",false,,24.90,3.3200,true,1,3923
7290014905160,false,"הפי מטהר אוויר פניני ריח בניחוחות, 130 גרם",יוליניבר,IL,הפי פניני ריח תפוז\ו,גרמים,130.00,100 גרם,false,,11.90,9.1538,true,1,11370
7290014905689,false,"נוזל כלים הפי מרוכז 24% תפוח 750 מ""ל",פרח,IL,הפי לכלים ירוק תפוח,מיליליטרים,750.00,"100 מ""ל",false,,7.90,1.0533,true,1,11380
7290014905696,false,"נוזל כלים הפי מרוכז 24% לימון 750 מ""ל",פרח,IL,הפי לכלים צהוב לימון,מיליליטרים,750.00,"100 מ""ל",false,,7.90,1.0533,true,1,11381
7290014910515,false,שימורי שפרוטים מעושנים בשמן צמחי 250 גר,,,שפרוטים מעושנים רויא,גרמים,250.00,100 גרם,false,,11.90,4.7600,true,1,11228
7290014940901,false,לחם פשוט מלא 750 ג' אנג'ל,,IL,לחם פשוט מלא אנגל 75,גרמים,750.00,100 גרם,false,,14.90,1.9867,true,1,35497
7290014945166,false,10 מטליות מיקרו לניקוי כללי focus,,,10 מטליות מיקרו לניק,יחידה,0.00,יחידה,false,,12.90,0.0000,true,1,13546
7290014945210,false,צמרוני עץ 300 יח בשק,,,צמרוני עץ 300 יח בשק,יח',300.00,יח',false,,3.50,0.0117,true,1,109502
7290014945654,false,מדליק פחם מוצק שייני 48יח',,,מדליק עץ ופחמים שיינ,יחידה,0.00,יחידה,false,,5.90,0.0000,true,1,13558
7290014945807,false,קיסמי שיניים דנטליים,,,קיסמי שיניים דנטליים,יחידה,0.00,יחידה,false,,6.90,0.0000,true,1,534139
7290015009225,false,ריבת חלב מקורית דניא,קארו,,ריבת חלב מקורית (צנצ,גרמים,450.00,100 גרם,false,,19.90,4.4222,true,1,47872
7290015009508,false,סירופ מייפל טהור 250 מל,דרק אמבר,US,סירופ מייפל טהור 250,מיליליטרים,250.00,"100 מ""ל",false,,39.90,15.9600,true,1,458245
7290015033084,false,קוסקוס חיטה בינוני ד,,,קוסקוס חיטה בינוני ד,גרמים,350.00,100 גרם,false,,5.90,1.6857,true,1,584375
7290015033299,false,פרורי לחם קלאסי שקית,,,פרורי לחם קלאסי שקית,גרמים,400.00,100 גרם,false,,5.00,1.2500,true,1,584066
7290015039246,false,נתחי טונה בשמן צמחי רביעיה * 160 ג' וילי פוד,,TH,טונה בהירה בשמן וילי,גרמים,640.00,100 גרם,false,,21.40,3.3437,true,1,3012
7290015039338,false,נתחי טונה במי מלח רביעיה * 160 ג' וילי פוד,,TH,טונה במי מלח ויליפוד,גרמים,640.00,100 גרם,false,,21.40,3.3437,true,1,3014
7290015129121,false,סקיני פסטה נודלס 270 גרם,הוויזאי וואנגייה פוד,CN,סקיני פסטה קונג'אק ב,גרמים,270.00,100 גרם,false,,11.90,4.4074,true,1,347286
7290015129145,false,סקיני פסטה ספגטי 270 גרם,הוויזאי וואנגייה פוד,CN,סקיני פסטה קונג'אק ב,גרמים,270.00,100 גרם,false,,11.90,4.4074,true,1,347259
7290015129220,false,איטריות קונגאק ללא גלוטן 270 גרם skinny,אף.סי תבליני בגליל ב,CN,סקיני פסטה קונג'אק ב,גרמים,270.00,100 גרם,false,,11.90,4.4074,true,1,347287
7290015129251,false,איטריות קונגאק ללא גלוטן 270 גרם skinny,אף.סי תבליני בגליל ב,CN,סקיני - פסטה פטוצ'ינ,גרמים,270.00,100 גרם,false,,11.90,4.4074,true,1,113889
7290015129756,false,סקיני פסטה שיבולת שועל פטוציני 270 גרם,סצ'ואן סנטאיואן,CN,סקיני פסטה שיבולת שו,גרמים,270.00,100 גרם,false,,11.90,4.4074,true,1,347288
7290015139267,false,"כרמית שוקולד מריר עם פצפוצי אורז לל""ס",כרמית תעשיות ממתקים,IL,חופשי שוקולד מריר עם,גרמים,85.00,100 גרם,false,,5.90,6.9412,true,1,38652
7290015150088,false,מחית עגבניות גראנד איטליה 700 גרם,שוורצקוף& הנקל דיסלד,IT,מחית עגבניות בלה איט,גרמים,700.00,100 גרם,false,,11.90,1.7000,true,1,24780
7290015150118,false,עגבניות חתוכות דק בלה איטליה 3*400 ג',אמיליאנה קונסרב ס.פ.,IT,עגבניות חתוכות דק בל,גרמים,400.00,100 גרם,false,,16.90,4.2250,true,1,24783
7290015150903,false,תה ירוק גן קסום קינמון ודבש 25 שק*1.5 גר,HIQ FOOD PRODUCTS,IL,תה ירוק קינמון ודבש,גרמים,37.50,100 גרם,false,,23.90,63.7333,true,1,24797
7290015155830,false,מחית תפוח בננה חטיפטף פרינוק 120 גר,פרוטה פודיווין,CZ,פאוץ' פרינוק מחית תפ,גרמים,120.00,100 גרם,false,,5.90,4.9167,true,1,3658
7290015164832,false,מחית קארי ירוק 400 גרם SUREE כשר,,,מחית ירוקה על בסיס ק,גרמים,400.00,100 גרם,false,,18.90,4.7250,true,1,47541
7290015193559,false,מעדני המלך אובלטים מלוחים 300 גרם,אם החיטה,IL,אובלטים מלח 300 גר',גרמים,300.00,100 גרם,false,,9.90,3.3000,true,1,41386
7290015193566,false,מעדני המלך אובלטים שומשום 300 גרם,אם החיטה,IL,אובלטים שומשום 300 ג,גרמים,300.00,100 גרם,false,,9.90,3.3000,true,1,41387
7290015193634,false,אובלטים דקיקים קימל מעדני המלך 300 גר',אם החיטה,IL,אובלטים קימל 300 גרם,גרמים,300.00,100 גרם,false,,9.90,3.3000,true,1,41391
7290015193832,false,קרקר עם שומשום ארומה 300 גרם,פפושדו,IL,ארומה קרקר עם שומשום,גרמים,300.00,100 גרם,false,,8.70,2.9000,true,1,41393
7290015193849,false,קרקר עם מלח ארומה 300 גרם,פפושדו,IL,ארומה קרקר עם מלח 30,גרמים,300.00,100 גרם,false,,8.70,2.9000,true,1,41394
7290015253055,false,"פחם 2 ק""ג בסט",,,"פחם 2 ק""ג בסט",קילוגרמים,2.00,"ק""ג",false,,11.90,5.9500,true,1,86090
7290015282000,false,איקרא אדומה SEVEN SEAS 200 גרם,,IL,איקרה אדומה סלטי שמי,גרמים,200.00,100 גרם,false,,13.90,6.9500,true,1,17760
7290015282024,false,איקרא לבנה SEVEN SEAS 200 גרם,,IL,איקרה לבנה סלטי שמיר,גרמים,200.00,100 גרם,false,,13.90,6.9500,true,1,17762
7290015282390,false,סלט תורכי 200 גרם שמיר,"סלטי שמיר 2006 בע""מ",IL,סלט תורכי 200 ג שמיר,גרמים,200.00,100 גרם,false,,12.90,6.4500,true,1,17776
7290015282581,false,חומוס שמיר אבו גוש עם חריף 200 גר',"סלטי שמיר 2006 בע""מ",IL,חומוס אבו גוש עם חרי,גרמים,200.00,100 גרם,false,,10.90,5.4500,true,1,17779
7290015282598,false,חומוס שמיר מסעדות 200 גר',"סלטי שמיר 2006 בע""מ",IL,חומוס מסעדות,גרמים,200.00,100 גרם,false,,10.90,5.4500,true,1,17780
7290015282611,false,סלט ביצים שמיר 200 גר',"סלטי שמיר 2006 בע""מ",IL,סלט ביצים 200ג,גרמים,200.00,100 גרם,false,,17.90,8.9500,true,1,17782
7290015282628,false,חציל שמיר בטעם כבד 200 גר',"סלטי שמיר 2006 בע""מ",IL,חציל בטעם כבד סלטי ש,גרמים,200.00,100 גרם,false,,12.90,6.4500,true,1,17783
7290015282635,false,חומוס שמיר מסבחה 200 גר',"סלטי שמיר 2006 בע""מ",IL,חומוס מסבחה,גרמים,200.00,100 גרם,false,,10.90,5.4500,true,1,17784
7290015282673,false,חציל שמיר במיונז ביתי 200 גורמה גר',"סלטי שמיר 2006 בע""מ",IL,חציל במיונז ביתי,גרמים,200.00,100 גרם,false,,10.90,5.4500,true,1,17787
7290015282680,false,קישוא בטעם כבד שמיר 200 גר',"סלטי שמיר 2006 בע""מ",IL,קישוא בטעם כבד סלטי,גרמים,200.00,100 גרם,false,,12.90,6.4500,true,1,17788
7290015282697,false,כרוב אדום שמיר גורמה 200גר,"סלטי שמיר 2006 בע""מ",IL,סלט כרוב אדום 200ג ש,גרמים,200.00,100 גרם,false,,12.90,6.4500,true,1,17789
7290015282727,false,גזר מרוקאי ברוטב פיקנטי אסלי שמיר 200 ג',"סלטי שמיר 2006 בע""מ",IL,גזר מרוקאי ברוטב פיק,גרמים,200.00,100 גרם,false,,12.90,6.4500,true,1,17791
7290015282734,false,מטבוחה שמיר ביתית גורמה 200 ג ',"סלטי שמיר 2006 בע""מ",IL,מטבוחה ביתית.,גרמים,200.00,100 גרם,false,,12.90,6.4500,true,1,17792
7290015282741,false,חציל תאילנדי אסלי שמיר 200 ג',"סלטי שמיר 2006 בע""מ",IL,חציל תילאנדי סלטי שמ,גרמים,200.00,100 גרם,false,,12.90,6.4500,true,1,17793
7290015282772,false,רצועות פלפל קלוי שמיר 200 גר',"סלטי שמיר 2006 בע""מ",IL,פלפל רצועות קלוי/מטו,גרמים,200.00,100 גרם,false,,12.90,6.4500,true,1,17796
7290015282796,false,"סלט תפו""א שמיר במיונז 200ג'","סלטי שמיר 2006 בע""מ",IL,סלט תפוח אדמה 200 ג,גרמים,200.00,100 גרם,false,,12.90,6.4500,true,1,17798
7290015324007,false,תבלין פלפל שחור גרוס 80 ג',תות ממתקי איכות,IL,טעם וריח פלפל שחור ג,גרמים,80.00,100 גרם,false,,9.90,12.3750,true,1,42464
7290015324014,false,תבלין פלפל שחור טחון 80 ג',תות ממתקי איכות,IL,טעם וריח פלפל שחור ט,גרמים,80.00,100 גרם,false,,9.90,12.3750,true,1,42465
7290015324045,false,תבלין פפריקה חריפה 80 גר' שק',תות ממתקי איכות,IL,תבלין פפריקה חריפה ב,גרמים,80.00,100 גרם,false,,6.50,8.1250,true,1,42467
7290015324052,false,תבלין פפריקה מתוקה 80 ג',תות ממתקי איכות,IL,טעם וריח פפריקה מתוק,גרמים,80.00,100 גרם,false,,6.50,8.1250,true,1,42468
7290015324069,false,טעם וריח גריל עוף שק,תות ממתקי איכות,IL,טעם וריח גריל עוף שק,גרמים,80.00,100 גרם,false,,6.50,8.1250,true,1,42469
7290015324076,false,טעם וריח זעתר שקית 8,תות ממתקי איכות,IL,טעם וריח זעתר שקית 8,גרמים,80.00,100 גרם,false,,6.00,7.5000,true,1,42470
7290015324083,false,טעם וריח מלח לימון ש,תות ממתקי איכות,IL,טעם וריח מלח לימון ש,גרמים,80.00,100 גרם,false,,6.50,8.1250,true,1,42471
7290015324090,false,תבלין כמון טחון 80 ג',תות ממתקי איכות,IL,טעם וריח כמון שקית 8,גרמים,80.00,100 גרם,false,,6.80,8.5000,true,1,42472
7290015324106,false,תבלין כורכום טחון 80 גר',תות ממתקי איכות,IL,טעם וריח כורכום שקית,גרמים,80.00,100 גרם,false,,6.80,8.5000,true,1,42473
7290015324120,false,טעם וריח שום גבישי ב,תות ממתקי איכות,IL,טעם וריח שום גבישי ב,גרמים,80.00,100 גרם,false,,10.10,12.6250,true,1,42475
7290015324151,false,תבלין חוויאג למרק ב,תות ממתקי איכות,IL,תבלין חוויאג למרק ב,גרמים,80.00,100 גרם,false,,6.00,7.5000,true,1,42476
7290015324168,false,תבלין על האש תיבול 80 גר' שק',תות ממתקי איכות,IL,תערובת תיבול על האש,גרמים,80.00,100 גרם,false,,7.00,8.7500,true,1,42477
7290015324724,false,מחית צ`ילי חריף `טעם וריח' 230 גרם,טעם וריח,IL,מחית צ'ילי חריף 230,גרמים,230.00,100 גרם,false,,13.90,6.0435,true,1,435813
7290015328517,false,נרונים 4 שעות 72 יח',,,נרונים 4 שעות 72 יח',יחידה,0.00,יחידה,false,,21.90,0.0000,true,1,13235
7290015328531,false,להבונים 50 יח' 3 שעו,,,להבונים 50 יח' 3 שעו,יחידה,0.00,יחידה,false,,9.90,0.0000,true,1,13237
7290015328647,false,נר נשמה בפח 24 שעות,,,נר נשמה בפח 24 שעות,יחידה,0.00,יחידה,false,,1.90,0.0000,true,1,13244
7290015328661,false,נר נשמה 48 שעות ירוש,,,נר נשמה 48 שעות ירוש,יחידה,0.00,יחידה,false,,4.90,0.0000,true,1,13246
7290015328715,false,האשפתון 65*52 50 יח',,,האשפתון 65*52 50 יח',יח',50.00,יח',false,,10.90,0.2180,true,1,13251
7290015328722,false,האשפתון 90*78 2 גליל,,,האשפתון 90*78 2 גליל,יח',20.00,יח',false,,10.90,0.5450,true,1,13252
7290015328739,false,האשפתון 75*65 2 גליל,,,האשפתון 75*65 2 גליל,יח',30.00,יח',false,,10.90,0.3633,true,1,13253
7290015328791,false,נרות חנוכה צבעוניים 50 יח',,,נרות חנוכה צבעוניים,יחידה,0.00,יחידה,false,,3.90,0.0000,true,1,13257
7290015328807,false,נרות חנוכה דלוקס 24 יח',,,נרות חנוכה לוקס לירו,יחידה,0.00,יחידה,false,,6.90,0.0000,true,1,13258
7290015328821,false,צימרוני אוזניים 100 יחידות,,,צימרוני אוזניים לירו,יחידה,0.00,יחידה,false,,1.50,0.0000,true,1,13260
7290015328838,false,קיסמי עץ לירון קרביץ,,,קיסמי עץ לירון קרביץ,יחידה,0.00,יחידה,false,,2.90,0.0000,true,1,13261
7290015347259,false,פירורי לחם מוזהבים מיה 400 גר',,,פירורי לחם מוזהבים 4,גרמים,400.00,100 גרם,false,,5.90,1.4750,true,1,15221
7290015347273,false,נטיפי שוקולד אמיתי לאפיה 250 גר',,,נטיפי שוקולד מריר לא,גרמים,250.00,100 גרם,false,,9.90,3.9600,true,1,15223
7290015347464,false,קינואה מעורבת 400 גרם,,,מיה קינואה מעורבת 50,גרמים,400.00,100 גרם,false,,14.90,3.7250,true,1,15236
7290015347488,false,"סוכר דמררה חום שקית מיה 1 ק""ג",מיה,IL,סוכר דמררה בשקית מיה,קילוגרמים,1.00,"ק""ג",false,,8.90,8.9000,true,1,15238
7290015347976,false,עדשי שוקולד מיה 80 גרם,,,עדשי שוקולד 80גר,גרמים,80.00,100 גרם,false,,6.50,8.1250,true,1,15253
7290015347990,false,עדשי שוקולד שמינייה 160 גרם,,,עדשי שוקולד מיה 8*20,גרמים,160.00,100 גרם,false,,9.90,6.1875,true,1,15254
7290015350150,false,"יין אדום חצי יבש סגל 750 מ""ל",כרמי צבי - אחים סגל,IL,סגל אדום חצי יבש 750,מיליליטרים,750.00,"100 מ""ל",false,,21.90,2.9200,true,1,94972
7290015355834,false,היינץ מתבל עגבניות ח,,,היינץ מתבל עגבניות ח,גרמים,855.00,100 גרם,false,,16.90,1.9766,true,1,5343
7290015366663,false,"אקווה פרש משחת שיניים מנטה עדין 100מ""ל",DE MICLEN,IL,מש.שיניים מנטה עדין,גרמים,100.00,100 גרם,false,,7.90,7.9000,true,1,3963
7290015366670,false,"אקווה פרש משחת שיניים מנטה 100 מ""ל",DE MICLEN,SK,מש.שיניים מנטה אקווה,גרמים,100.00,100 גרם,false,,7.90,7.9000,true,1,3964
7290015395045,false,קינואה 400 גרם חתם סופר,אף.סי תבליני בגליל ב,IL,קינואה שקדיה 400 גרם,גרמים,400.00,100 גרם,false,,9.90,2.4750,true,1,4791
7290015437646,false,לה פסטה מיחת עגבניות 680 גרם,,IT,מחית עגבניות איטלקיו,גרמים,680.00,100 גרם,false,,11.00,1.6176,true,1,395255
7290015530774,false,לחם 100%קמח שיפון מל,מאפית דוידוביץ,IL,לחם 100% קמח שיפון מ,גרמים,750.00,100 גרם,false,,14.90,1.9867,true,1,585945
7290015572033,false,שרי צהוב,,,שרי צהוב,יח',1.00,יח',false,,9.90,9.9000,true,1,46588
7290015603188,false,אטריות ביצים מזרח ומ,,,אטריות ביצים מזרח ומ,גרמים,454.00,100 גרם,false,,9.90,2.1806,true,1,47543
7290015603522,false,נוזל אגוזי קוקוס 5-7% 400 מל,ASIATIC AGRO INDUSTR,TH,נוזל אגוזי קוקוס 5-7,מיליליטרים,400.00,"100 מ""ל",false,,6.90,1.7250,true,1,47549
7290015603546,false,שימורי קרם קוקוס 17-19% 400 מל ASIATIC,,,שימורי קרם קוקוס 17-,מיליליטרים,400.00,"100 מ""ל",false,,8.90,2.2250,true,1,47550
7290015603560,false,"שימורי קרם קוקוס 20-22% 400 מ""ל",ASIATIC AGRO INDUSTR,TH,שימורי קרם קוקוס 20-,מיליליטרים,400.00,"100 מ""ל",false,,9.90,2.4750,true,1,47551
7290015603584,false,גינגר לבן כבוש ללא מונוסודיום 160 גרם,Laiwu Taifeng Foods,CN,ג'ינג'ר לבן כבוש ללא,גרמים,160.00,100 גרם,false,,7.90,4.9375,true,1,47552
7290015603638,false,אורז עגול קלרוז לסוש,MINH PHONG GREEN AGR,CN,אורז עגול קלרוז לסוש,קילוגרמים,1.00,"ק""ג",false,,11.90,11.9000,true,1,47553
7290015652087,false,תערובת פיצוחים 150 גרם ששון הקולה,דין שיווק,IL,תערובת פיצוחים 150גר,גרמים,150.00,100 גרם,false,,11.90,7.9333,true,1,4803
7290015652254,false,גרעיני חמניה קלויים 400 גרם ששון הקלה,,,גרעיני חמניה קלויים,גרמים,400.00,100 גרם,false,,10.00,2.5000,true,1,4812
7290015652261,false,בוטנים קלויים 300 גרם ששון הקולה,,,בוטנים קלויים ששון ה,גרמים,300.00,100 גרם,false,,10.00,3.3333,true,1,4813
7290015652285,false,אגוזים קלופים 250 גרם ששון הקולה,,,אגוזים קלופים 250 גר,גרמים,250.00,100 גרם,false,,20.00,8.0000,true,1,4815
7290015652308,false,מנצס 300 גרם ששון הקולה,,,מנצ'ס ששון הקולה 300,גרמים,300.00,100 גרם,false,,10.00,3.3333,true,1,4817
7290015652315,false,חמוציות מסוכרות 300 גרם ששון הקולה,,,חמוציות מסוכרות ששון,גרמים,300.00,100 גרם,false,,10.00,3.3333,true,1,4818
7290015652322,false,בוטנים אמריקאיים מצופים 400 גר ששון הקלה,,,בוטנים אמריקאים מצופ,גרמים,400.00,100 גרם,false,,10.00,2.5000,true,1,4819
7290015652407,false,פיסטוק קלוי 250 גר דין שיווק,,,פיסטוק קלוי ששון הקו,גרמים,250.00,100 גרם,false,,20.00,8.0000,true,1,4826
7290015733229,false,מטרנה אקסטרה קר מהדרין שלב 2 700גר',,IL,מטרנה אקסטרה קר מהדר,גרמים,700.00,100 גרם,false,,59.90,8.5571,true,1,18792
7290015733243,false,מטרנה אקסטרה קר מהדרין שלב 3 700ג',,IL,מטרנה אקסטרה קר מהדר,גרמים,700.00,100 גרם,false,,59.90,8.5571,true,1,18793
7290015733427,false,דייסת מטרנה גם וגם וניל פרו 300 גר',מולינו ניקולי s.p.a,IL,מטרנה דייסת גם וגם ו,גרמים,300.00,100 גרם,false,,17.90,5.9667,true,1,53999
7290015733977,false,מטרנה קומפורט 700 ג' HM-O,,,מטרנה קומפורט 700 גר,גרמים,700.00,100 גרם,false,,59.90,8.5571,true,1,141643
7290015766005,false,שרי וויטני יחידה,,,שרי וויטני יחידה,גרמים,500.00,100 גרם,false,,9.90,1.9800,true,1,50953
7290015766029,false,שרי כתום יח',,,שרי כתום יח',גרמים,460.00,100 גרם,false,,9.90,2.1522,true,1,50954
7290015858106,false,ממרח פסטו ביתי 180 ג' עללחם,"מדשא תעשיות מזון בע""",IL,ממרח פסטו ביתי עללחם,גרמים,180.00,100 גרם,false,,16.90,9.3889,true,1,23384
7290015858175,false,ממרח פלפלים קלויים עללחם 180 גרם,זאביק יצור ושיווק מז,,ממרח פלפלים קלויים ע,גרמים,180.00,100 גרם,false,,16.90,9.3889,true,1,23387
7290015865692,false,תענוג פרי תות שדה ענ,ענבי ציון,IL,תענוג פרי תות שדה ענ,גרמים,400.00,100 גרם,false,,17.90,4.4750,true,1,283950
7290015865715,false,תענוג פרי פירות יער,ענבי ציון,IL,תענוג פרי פירות יער,גרמים,400.00,100 גרם,false,,17.90,4.4750,true,1,283965
7290015865722,false,קונפיטורה לייט תות ש,ענבי ציון,IL,קונפיטורה לייט תות ש,גרמים,400.00,100 גרם,false,,19.90,4.9750,true,1,283992
7290015865746,false,קונפיטורה לייט פירות,,,קונפיטורה לייט פירות,גרמים,400.00,100 גרם,false,,19.90,4.9750,true,1,284007
7290015872096,false,חומוס שמיר אסלי 700 גר',,,חומוס אסלי שמיר 700,גרמים,700.00,100 גרם,false,,8.90,1.2714,true,1,17803
7290015968782,false,פדים להסרת איפור במא,,,פדים להסרת איפור במא,יחידה,0.00,יחידה,false,,16.90,0.0000,true,1,1046
7290016006148,false,"שוופס מוגז עדין ענבים בקבוק 500מ""ל",,,משקה מוגז ענבים שוופ,מיליליטרים,500.00,"100 מ""ל",false,,5.90,1.1800,true,1,11699
7290016006292,false,נקטר מנגו בננה מלון קרטונית 1 ל' ספרינג,,,ספרינג מנגו בננה מלו,יחידה,0.00,יחידה,false,,6.90,0.0000,true,1,11705
7290016006339,false,רביעיית מי עדן 1 ליטר,מופק ממקור בזלתי עדן,IL,מי עדן רביעייה 1 ליט,ליטרים,4.00,ליטר,false,,10.90,2.7250,true,1,11707
7290016006346,false,שישיית שרינק 500 מל שוופס סודה,יפאורה תבורי בעמ,IL,שוופס סודה שישייה 0.,ליטרים,3.00,ליטר,false,,13.90,4.6333,true,1,11708
7290016047301,false,קמח רב תכליתי ללא גלוטן - שי של הטבע,,IL,קמח רב תכליתי שי של,גרמים,500.00,100 גרם,false,,24.90,4.9800,true,1,311396
7290016087147,false,רוטב עגבניות לפיצה מרגריטה 240 ג' פריניר,,,רוטב עגבניות מתובל ל,גרמים,240.00,100 גרם,false,,4.90,2.0417,true,1,41399
7290016087222,false,רוטב עגבניות מרוכז לשקשוקה פריניר 230 גר,פריניר ( הדס 1987) ב,IL,ברוטב עגבניות מרוכז,גרמים,240.00,100 גרם,false,,4.90,2.0417,true,1,41403
7290016087239,false,רוטב עגבניות מרוכז לשקשוקה פיקנט 230 ג' פריניר,,,רוטב עגבניות לשקשוקה,גרמים,240.00,100 גרם,false,,4.90,2.0417,true,1,41404
7290016096217,false,רביעיית נתחי טונה קט,,,רביעיית נתחי טונה קט,גרמים,560.00,100 גרם,false,,21.90,3.9107,true,1,26596
7290016096675,false,טונה בשמן זית פילטונ,,,טונה בשמן זית פילטונ,גרמים,240.00,100 גרם,false,,17.90,7.4583,true,1,26605
7290016096934,false,מארז זוגות סלט טונה 2*160 ג' פילטונה,,,סלט טונה 2 יח' פילטו,גרמים,320.00,100 גרם,false,,11.90,3.7188,true,1,170415
7290016098181,false,ביסקוויט אותיות אלף-,,,ביסקוויט אותיות אלף-,גרמים,200.00,100 גרם,false,,4.90,2.4500,true,1,107594
7290016104271,false,ריבת חלב פוליבה 340 ג',,,ריבת חלב 340 גר`,גרמים,340.00,100 גרם,false,,12.90,3.7941,true,1,13280
7290016104417,false,ריבת טעם תות פוליבה 850 ג',,,"ריבה בטעם תות 850 ג""",גרמים,850.00,100 גרם,false,,13.90,1.6353,true,1,13284
7290016104615,false,סילאן סירופ תמרים פוליבה צנצנת 900 ג',,,סילאן תמרים 900 גרם,גרמים,900.00,100 גרם,false,,12.90,1.4333,true,1,13287
7290016117417,false,כרית יפנית 6 יח,,,כרית יפנית 6 יח,יחידה,0.00,יחידה,false,,8.90,0.0000,true,1,511309
7290016135879,false,ספוג לניקוי והברקה,,,ספוג לניקוי והברקה,יחידה,0.00,יחידה,false,,5.90,0.0000,true,1,50605
7290016136111,false,תערובת להכנת מאפים ללא גלוטן 500 G FREE,,,תערובת קמח להכנת לחם,גרמים,500.00,100 גרם,false,,16.90,3.3800,true,1,40070
7290016136142,false,תערובת לפנקייק ללא גלוטן 400 גר G FREE,,,תערובת להכנת פנקייק,גרמים,400.00,100 גרם,false,,19.90,4.9750,true,1,40073
7290016144000,false,"קמח חיטה מלאה נפלאות 80% 1 ק""ג","קמח מלכים בע""מ",IL,קמח חיטה 80% נפלאות,קילוגרמים,1.00,"ק""ג",false,,9.90,9.9000,true,1,47378
7290016144017,false,"קמח מלא נפלאות 100% ללא ניפוי 1 ק""ג",קמח מלכים,IL,קמח חיטה מלאה 100% נ,קילוגרמים,1.00,"ק""ג",false,,9.90,9.9000,true,1,47379
7290016144024,false,"קמח כוסמין מלא נפלאות 100% 1 ק""ג","קמח מלכים בע""מ",IL,קמח כוסמין מלא 100%,קילוגרמים,1.00,"ק""ג",false,,14.90,14.9000,true,1,47380
7290016144031,false,"קמח לבן מנופה נפלאות 1 ק""ג",,,קמח נפלאות חיטה לבן,קילוגרמים,1.00,"ק""ג",false,,6.90,6.9000,true,1,47381
7290016144048,false,"קמח כוסמין לבן נפלאות 1 ק""ג","קמח מלכים בע""מ",IL,קמח כוסמין לבן נפלאו,קילוגרמים,1.00,"ק""ג",false,,16.90,16.9000,true,1,47382
7290016144055,false,"קמח כוסמין נפלאות 80% 1 ק""ג",,,קמח כוסמין 80% נפלאו,קילוגרמים,1.00,"ק""ג",false,,14.90,14.9000,true,1,47383
7290016150117,false,סלק מקולף בוואקום 50,חקלאי,IL,מעדן סלק בוואקום 500,גרמים,500.00,100 גרם,false,,5.90,1.1800,true,1,47242
7290016162233,false,קפולסקי עוגיות דיזרט פרמיום 200 גר',,,עוגיות דיזרט פרימיום,גרמים,200.00,100 גרם,false,,19.90,9.9500,true,1,39964
7290016188608,false,"יין למברוסקו לבן חצי יבש 750מ""ל",ג'קובזי,IT,למברוסקו לבן חצי יבש,מיליליטרים,750.00,"100 מ""ל",false,,24.90,3.3200,true,1,615
7290016197488,false,מטליות מיקרופייבר למשטחים ניקול 3יח',UFO INC,CN,מטלית קסם לשיש מארז,יחידה,0.00,יחידה,false,,11.90,0.0000,true,1,9092
7290016197495,false,ניקול זוג מטליות הקסם מיקרופייבר לרצפה,UFO INC,CN,מטלית קסם לרצפה מארז,יחידה,0.00,יחידה,false,,16.90,0.0000,true,1,9093
7290016197839,false,ניקול השקית החזקה 20 יח' XL,אשפלסט תעשיות בעמ,IL,ניקול השקית החזקה XL,יחידה,0.00,יחידה,false,,23.90,0.0000,true,1,9099
7290016217643,false,חמוצים שמיר סיני אסלי 400 גר',,,חמוצים סיני אסלי 400,גרמים,400.00,100 גרם,false,,12.90,3.2250,true,1,17809
7290016217735,false,חציל על האש סלטי שמי,"סלטי שמיר 2006 בע""מ",IL,חציל על האש סלטי שמי,גרמים,200.00,100 גרם,false,,10.90,5.4500,true,1,17810
7290016217742,false,חציל על אש בטחינה 200 גר,"סלטי שמיר 2006 בע""מ",IL,חציל בטחינה סלטי שמי,גרמים,200.00,100 גרם,false,,10.90,5.4500,true,1,17811
7290016217759,false,חצילים בסגנון מרוקאי,"סלטי שמיר 2006 בע""מ",IL,חצילים בסגנון מרוקאי,גרמים,200.00,100 גרם,false,,12.90,6.4500,true,1,17812
7290016217995,false,סלט ביצים עם אבוקודו 200 גר,"סלטי שמיר 2006 בע""מ",IL,סלט ביצים עם אבוקדו,גרמים,200.00,100 גרם,false,,17.90,8.9500,true,1,17816
7290016246018,false,בארכה מיקס פינוקיות חלבה 10*20 גרם.,רושדי תעשיות מזון בע,IL,בארכה מיקס פינוקיות,גרמים,200.00,100 גרם,false,,11.90,5.9500,true,1,18796
7290016246209,false,חטיף חלבה וניל 100 גרם בארכה,,,בארכה חטיף חלבה וניל,גרמים,100.00,100 גרם,false,,3.90,3.9000,true,1,18799
7290016246490,false,בארכה חלבה קלאסית 400 גרם,,IL,בארכה חלבה קלאסית 40,גרמים,400.00,100 גרם,false,,10.50,2.6250,true,1,18805
7290016270907,false,ברוקולי,,,ברוקולי,יח',1.00,יח',false,,8.90,8.9000,true,1,50956
7290016273090,false,סוכריה על מקל בטעם תות בננה 31 גרם,אוריגינל גורמה,US,סוכרית לוליפופ על מק,גרמים,31.00,100 גרם,false,,5.50,17.7419,true,1,4006
7290016277685,false,שקד מולבן שבבים 200 גרם ששון - קופסא,,,שקד מולבן שבבים 200,גרמים,200.00,100 גרם,false,,19.90,9.9500,true,1,109312
7290016304404,false,לחם קוביות 100% כוסמין 600 גרם,מאפיית דוידוביץ ובני,IL,לחם מלא כוסמין 100%,גרמים,600.00,100 גרם,false,,14.90,2.4833,true,1,579679
7290016304596,false,לחמניות לסנדביץ 75 גרם,מאפית דוידוביץ ובניו,IL,10 לחמניות לסנדוויץ,גרמים,750.00,100 גרם,false,,16.90,2.2533,true,1,580761
7290016319194,false,טוסו עוגיות סנדוויץ שוקו במילוי קרם וניל *זוג* 300 גרם,,,עוגיות סנדוויץ שוקו,גרמים,300.00,100 גרם,false,,16.90,5.6333,true,1,113360
7290016319309,false,סבון נוזלי מאסק קלאסי+משאבה פמלי 1 ל,הנסיך- מפעל לייצור ט,TR,אל סבון מאסק+משאבה פ,ליטרים,1.00,ליטר,false,,10.90,10.9000,true,1,6018
7290016321661,false,מגבונים פרש וואנס סנסיטיב קר רביעייה,עלבד משואות יצחק,IL,מגבוני פרש וואנס רבי,יחידה,0.00,יחידה,false,,15.90,0.0000,true,1,6048
7290016321678,false,מגבונים פרש וואנס נטורל קר רביעייה,עלבד משואות יצחק,IL,פרשוואנס רביעייה נטו,יחידה,0.00,יחידה,false,,15.90,0.0000,true,1,6049
7290016321777,false,רצועות שעווה לפנים מגע הדבש 12+5 יח,שוורצקוף& הנקל דיסלד,ES,רצועות שעווה לפנים מ,יחידה,0.00,יחידה,false,,22.90,0.0000,true,1,6050
7290016370270,false,זית קלמטה מגולען 560 ג' -יבנה,,,זית קלמטה ללא גלעין,גרמים,560.00,100 גרם,false,,11.90,2.1250,true,1,120952
7290016370300,false,זית קלמטה שלם צנצנת יבנה,,,זית קלמטה שלם בצנצנת,גרמים,560.00,100 גרם,false,,14.90,2.6607,true,1,120739
7290016370973,false,פלפל קלוי גמביה בצנצנת 580 ג' ‏יבנה,קדבורי,IL,פלפל קלוי על האש בצ,גרמים,580.00,100 גרם,false,,9.90,1.7069,true,1,44759
7290016372342,false,עגבניות חתוך קוביות גראנד איטליה מארז 400X3ג',,,עגבניות חתוכות לקובי,גרמים,400.00,100 גרם,false,,16.90,4.2250,true,1,24809
7290016372373,false,רסק עגבניות גרנד איטליה מארז 140X2ג',,IT,רסק עגבניות איטליה ב,גרמים,280.00,100 גרם,false,,6.90,2.4643,true,1,24811
7290016372489,false,ויסוצקי חליטת ג'ינג'ר ולימון סודות הצמחים 25 שקיקים,HIQ FOOD PRODUCTS,IL,סודות הצמחים ג'ינג'ר,גרמים,30.00,100 גרם,false,,17.90,59.6667,true,1,24817
7290016372496,false,חליטת ג'יג'ר ודבש -סודות הצמחים 20 שקיקים,ויסוצקי,IL,סודות הצמחים ג'ינג'ר,גרמים,30.00,100 גרם,false,,17.90,59.6667,true,1,24818
7290016387339,false,מטליות מיקרופייבר ג'מבו לרצפה זוג,,,2 מטליות מיקרופייבר,יחידה,0.00,יחידה,false,,16.90,0.0000,true,1,13575
7290016387483,false,שייני כריות יפניות דו צדדיות 3 יח',,,3 כריות יפניות דו צד,יחידה,0.00,יחידה,false,,6.50,0.0000,true,1,13576
7290016387698,false,כריות יפניות פנינה עדינות,,,כריות יפניות דו צדדי,יחידה,0.00,יחידה,false,,6.50,0.0000,true,1,13578
7290016408294,false,"מרשמלו ורוד לבן וסטהיים 150 ג', 26 בקרטון",מנדלז סי.אר. פרודקשן,IL,מרשמלו ורוד לבן 150,גרמים,150.00,100 גרם,false,,5.90,3.9333,true,1,38714
7290016408980,false,מטבעות שוקולד חלב 36 גרם כרמית,כרמית,IL,לני מטבעות שוקולד חל,גרמים,36.00,100 גרם,false,,2.90,8.0556,true,1,38747
7290016416961,false,פס מוס גבינה עם תות שדה,,IL,עוגת פס מוס גבינה תו,גרמים,400.00,100 גרם,false,,40.90,10.2250,true,1,39972
7290016437645,false,תחתוני חיתולים האגיס פרידום דריי (5),קימברלי,CZ,האגיס פרידום דריי 32,יחידה,0.00,יחידה,false,,43.90,0.0000,true,1,9112
7290016437652,false,תחתוני חיתולים האגיס פרידום דריי (6),קימברלי,CZ,האגיס פרידום דריי 26,יחידה,0.00,יחידה,false,,43.90,0.0000,true,1,9113
7290016437690,false,זוג תחבושות קוטקס יא,,,זוג תחבושות קוטקס יא,יחידה,0.00,יחידה,false,,35.90,0.0000,true,1,9114
7290016437713,false,תחבושות קוטקס סופר פ,,,תחבושות קוטקס סופר פ,יחידה,0.00,יחידה,false,,35.90,0.0000,true,1,9116
7290016509342,false,סוד שלישייה סבון לאסל כחול אקטיבי אקנומיקה,,,סוד מארז שלישיה כדור,גרמים,150.00,100 גרם,false,,16.90,11.2667,true,1,34907
7290016509786,false,פרסיל - ג'ל כביסה ירוק 2.50 ליטר,,,פרסיל ג'ל 2.5 ליטר י,ליטרים,2.50,ליטר,false,,34.90,13.9600,true,1,34913
7290016509809,false,ג'ל מרוכז לכביסה קולור 2.5 ל' פרסיל,,,פרסיל ג'ל 2.5 ליטר ק,ליטרים,2.50,ליטר,false,,34.90,13.9600,true,1,34915
7290016509823,false,ג'ל כביסה מרוכז בלו 2.5 ל' פרסיל,,,פרסיל ג'ל 2.5 ליטר ב,ליטרים,2.50,ליטר,false,,34.90,13.9600,true,1,34917
7290016509830,false,ג'ל כביסה מרוכז בייבי 2.5 ל' פרסיל,,,פרסיל ג'ל 2.5 ליטר ב,ליטרים,2.50,ליטר,false,,34.90,13.9600,true,1,34918
7290016509847,false,פרסיל ג'ל לכביסה בלאק 2.5 ליטר,,,פרסיל ג'ל 2.5 ליטר ב,ליטרים,2.50,ליטר,false,,34.90,13.9600,true,1,34919
7290016513981,false,קרפלך במילוי תפוח אד,,,קרפלך במילוי תפוח אד,גרמים,0.60,100 גרם,false,,17.90,2983.3333,true,1,534957
7290016564198,false,נוזל כלים מבריקל משא,,,נוזל כלים מבריקל משא,ליטרים,1.00,ליטר,false,,12.90,12.9000,true,1,47781
7290016566178,false,בקבוק שתיה אישי 500,,,בקבוק שתיה אישי 500,יחידה,0.00,יחידה,false,,29.90,0.0000,true,1,14317
7290016584011,false,חטיפוני גזר 350 גרם גיזרונים,"מרינה פטריות הגליל בע""מ",IL,חטיפוני גזר 350 גרם,גרמים,350.00,100 גרם,false,,11.90,3.4000,true,1,41554
7290016621341,false,אל סבון ניקיון ולחות צהוב קמיל 1 ל',,,אל סבון ניקיון ולחות,ליטרים,1.00,ליטר,false,,15.90,15.9000,true,1,29282
7290016621358,false,"ד""ר פישר - קמיל אל סבון ניקיון והזנה ורוד 1 ליטר",,,אל סבון ניקיון ולחות,ליטרים,1.00,ליטר,false,,15.90,15.9000,true,1,29283
7290016682038,false,"פריניב סחוט תפוזים 400מ""ל",פריניב,IL,"מיץ תפוזים 400 מ""ל פ",מיליליטרים,400.00,"100 מ""ל",false,,9.50,2.3750,true,1,49448
7290016682052,false,מיץ לימונענע פריניב 400 מל,פריניב,IL,"מיץ לימונענע 400 מ""ל",מיליליטרים,400.00,"100 מ""ל",false,,9.50,2.3750,true,1,49449
7290016682168,false,"מיץ תפוזים ולנסיה פרי ניב 400 מ""ל",,,מיץ תפוזים סחוט וולנ,מיליליטרים,400.00,"100 מ""ל",false,,8.90,2.2250,true,1,168137
7290016682199,false,פריניב שייק תות בננה מופחת סוכר 1 ליטר,פריניב בעמ,IL,שייק תות בננה מופחת,יחידה,0.00,יחידה,false,,16.90,0.0000,true,1,49460
7290016682243,false,פריניב אשכולית אדומה סחוט 100% 1 ליטר,פריניב,IL,פרי ניב מיץ אשכולית,ליטרים,2.00,ליטר,false,,16.90,8.4500,true,1,49461
7290016682328,false,מיץ תפוזים סחוט פרי ניב 2 ליטר-,,,פרי ניב מיץ תפוזים ט,ליטרים,2.00,ליטר,false,,20.60,10.3000,true,1,247032
7290016682342,false,מיץ תפוזים וולנסיה פרי ניב 2 ליטר-,פריניב,IL,פרי ניב מיץ 100% טבע,ליטרים,2.00,ליטר,false,,26.60,13.3000,true,1,247060
7290016682359,false,מיץ תפוזים שמוטי פרי ניב 2 ליטר-,פריניב,IL,פרי ניב מיץ 100% טבע,ליטרים,2.00,ליטר,false,,26.60,13.3000,true,1,247074
7290016717976,false,"יין BUZZ ספארקלינג אפרסק 750 מ""ל",,IL,יין באזז ספארקלינג א,מיליליטרים,750.00,"100 מ""ל",false,,27.90,3.7200,true,1,70689
7290016818352,false,טורטליני ארבע גבינות 400 גרם,פסטה נונה,IL,טורטליני ארבע גבינות,גרמים,400.00,100 גרם,false,,26.20,6.5500,true,1,446449
7290016823004,false,בזיליקום יח freshlid,"מרינה פטריות הגליל בע""מ",IL,בזיליקום יח',יח',1.00,יח',false,,6.90,6.9000,true,1,41556
7290016823059,false,טימין קורנית ארוז יח,"מרינה פטריות הגליל בע""מ",IL,טימין,יח',1.00,יח',false,,6.90,6.9000,true,1,41560
7290016823066,false,רוזמרין יח freshlid,"מרינה פטריות הגליל בע""מ",IL,רוזמרין,יח',1.00,יח',false,,6.90,6.9000,true,1,41561
7290016866643,false,"פרודונטקס - משחת שיניים פרש 75 מ""ל",DE MICLEN,SK,מש.שיניים פרש פרודונ,מיליליטרים,75.00,"100 מ""ל",false,,31.90,42.5333,true,1,4030
7290016866674,false,"פרודונטקס - משחת שיניים מלבינה 75 מ""ל",DE MICLEN,SK,"מש.שיניים מ""לבינה פר",מיליליטרים,75.00,"100 מ""ל",false,,31.90,42.5333,true,1,4033
7290016867008,false,לחם מחמצת כוסמין 750 גרם,,,לחם כוסמין מחמצת 700,גרמים,700.00,100 גרם,false,,17.90,2.5571,true,1,222974
7290016867046,false,פיתות קלות כוסמין במתיקות מעודנת 6 יח',,,פיתות קלות כוסמין במ,גרמים,303.00,100 גרם,false,,14.90,4.9175,true,1,223049
7290016867053,false,לחם קל כוסמין בתוספת מחמצת 450 גרם,,,לחם קל כוסמין בתוספת,גרמים,450.00,100 גרם,false,,18.90,4.2000,true,1,222989
7290016867114,false,לחם כוסמין קל מלא 500 גר',,,לחם כוסמין קל מלא 50,גרמים,500.00,100 גרם,false,,17.90,3.5800,true,1,222975
7290016867145,false,פיתות קלות קמח מלא 360ג',,,פיתות קלות קמח מלא 3,גרמים,360.00,100 גרם,false,,13.90,3.8611,true,1,223066
7290016867152,false,פיתות קלות כוסמין 5 יחידות 330 גר,,,פיתות קלות כוסמין 29,גרמים,292.00,100 גרם,false,,13.90,4.7603,true,1,223051
7290016867176,false,"לחמניות קלות כוסמין שומשום 6יח' ד""ר מרק",,,לחמניות ק. כוסמין שו,גרמים,300.00,100 גרם,false,,13.90,4.6333,true,1,223035
7290016867237,false,לחם קל כוסמין במתיקות מעודנת 400ג',,,לחם קל כוסמין במתיקו,גרמים,400.00,100 גרם,false,,18.90,4.7250,true,1,222990
7290016867244,false,לחמניות מחמצת כוסמין 99 קלוריות מארז,,,לחמניות מחמצת כוסמין,גרמים,321.00,100 גרם,false,,14.90,4.6417,true,1,223020
7290016948035,false,מטריה הפוכה,,,מטריה הפוכה,יחידה,0.00,יחידה,false,,29.90,0.0000,true,1,309952
7290016967074,false,לחם חיטה מלאה עם גרעינים ודגנים,מאפיית שלמה א. אנג'ל,IL,חיטה מלאה אנגל 750 ג,גרמים,750.00,100 גרם,false,,16.90,2.2533,true,1,35503
7290017023212,false,"שוויפס מוגז פירות תפוח מארז רביעייה* 330 מ""ל",,,רביעיית משקה שוופס ב,ליטרים,1.32,ליטר,false,,13.90,10.5303,true,1,11727
7290017023229,false,"שוויפס מוגז פירות תות ליים מארז רביעיה* 330 מ""ל",,,רביעיית משקה שוופס ב,ליטרים,1.32,ליטר,false,,13.90,10.5303,true,1,11728
7290017023236,false,"משקה מוגז שוופס מיץ פירות ענבים מארז 330X4מ""ל",,,רביעיית משקה שוופס ב,ליטרים,1.32,ליטר,false,,13.90,10.5303,true,1,11729
7290017023854,false,"שוופס סודה מארז רביעייה 250 מ""ל",יפאורה תבורי בעמ,IL,"שוופס סודה 250 מ""ל ר",ליטרים,1.00,ליטר,false,,9.90,9.9000,true,1,11753
7290017031705,false,"סנסודיין - משחת שיניים קלין&פרש 75 מ""ל",DE MICLEN,SK,משחת שיניים קלין&פרש,מיליליטרים,75.00,"100 מ""ל",false,,21.90,29.2000,true,1,4049
7290017058573,false,תומר פרוסות פלפל חלפיניו בחומץ 340 גרם,,,פרוסות פלפל חלפיניו,גרמים,340.00,100 גרם,false,,8.90,2.6176,true,1,25201
7290017058689,false,זית שחור טבעי תומר 4,,TR,זית שחור טבעי תומר 4,גרמים,400.00,100 גרם,false,,14.90,3.7250,true,1,25204
7290017062662,false,מרכך כביסה מרוכז כתום 1*5 ליטר טאצ,,,מרכך כביסה מרוכז טאצ,ליטרים,1.00,ליטר,false,,12.90,12.9000,true,1,120449
7290017062747,false,"נ.כלים 36% תפוח טאצ' +משאבה 750 מ""ל",,,נוזל כלים תפוח 36% 7,מיליליטרים,750.00,"100 מ""ל",false,,8.90,1.1867,true,1,110548
7290017062914,false,"קצף לכלים בניחוח לימון פלירוסול 500 מ""ל טאצ",,,קצף לכלים בניחוח לימ,מיליליטרים,500.00,"100 מ""ל",false,,21.90,4.3800,true,1,350085
7290017065007,false,פרוסות גבינה מוצרלה חצי קשה 22% שומן 200 ג' גד,מחלבות גד בעמ,IL,מוצרלה פרוסה חצי קש,גרמים,200.00,100 גרם,false,,19.60,9.8000,true,1,14718
7290017065137,false,גבינת ריקוטה למריחה 5% טבעית 200ג' גד,האי נאם סי או אל.טי.,IL,גבינה ריקוטה למריחה,גרמים,200.00,100 גרם,false,,10.90,5.4500,true,1,14721
7290017065212,false,גבינת קרם מסקרפונה מחלבות גד 250 גר,מיוצר עי קוד יצרן ED,IL,קרם מסקרפונה להקצפה,גרמים,250.00,100 גרם,false,,19.90,7.9600,true,1,14727
7290017065236,false,גבינה בולגרית מעודנת 24% גד 250 ג',הנסיך- מפעל לייצור ט,IL,בולגרית מעודנת 24% 2,גרמים,250.00,100 גרם,false,,23.90,9.5600,true,1,14728
7290017065380,false,גרנד פנדו שבבים 100 ג',מחלבת גד,IT,גרנה פדנו שבבים 100,גרמים,100.00,100 גרם,false,,14.60,14.6000,true,1,14734
7290017065434,false,גבינה גאודה פרוסה הולנדית 200 גר',מחלבות גד בעמ,NL,גד פרוסות גאודה 200,גרמים,200.00,100 גרם,false,,22.90,11.4500,true,1,14737
7290017065663,false,פטה עיזים מעודנת 16% 250 גרם,ג'נרל מילס סאן אדריא,IL,גבינת פטה עיזים מעוד,גרמים,250.00,100 גרם,false,,33.10,13.2400,true,1,117288
7290017065731,false,גבינת שמנת עם כמהין 30% ניו יורק 200 ג',פ.פ.ח. שאביט,IL,גבינת שמנת ניו יורק,גרמים,200.00,100 גרם,false,,14.10,7.0500,true,1,151523
7290017065786,false,גבינת צ'דר אנגלית גד 210 ג',מחלבות גד,IL,גבינה אנגלית קשה צ'ד,גרמים,210.00,100 גרם,false,,21.90,10.4286,true,1,309723
7290017068350,false,עדשים שחורות בלוגה מיה 500 גר',מיה,IL,עדשים שחורות בלוגה מ,גרמים,500.00,100 גרם,false,,7.90,1.5800,true,1,340335
7290017068367,false,שמרים בוואקום 125 גרם,מיה,IL,מיה שמרים בוואקום 12,גרמים,125.00,100 גרם,false,,4.90,3.9200,true,1,15280
7290017068374,false,שמרים בוואקום 500 גרם,מיה,IL,מיה שמרים בוואקום 50,גרמים,500.00,100 גרם,false,,10.90,2.1800,true,1,15281
7290017068886,false,ג'לי דובונים בציפוי שמן 350 גר',,,ג'לי דובונים מיה 350,גרמים,350.00,100 גרם,false,,14.90,4.2571,true,1,336413
7290017068893,false,ג'לי דגיגים בציפוי סוכר 350 גר',,,ג'לי דגיגים בציפוי ס,גרמים,350.00,100 גרם,false,,14.90,4.2571,true,1,336456
7290017068930,false,ג'לי בינס חמצמוץ 375 גר',,,ג'לי בינס חמוצמוץ מי,גרמים,350.00,100 גרם,false,,14.90,4.2571,true,1,336471
7290017088051,false,בייביסיטר - חיתולי סטנדרט מידה 3 - 52 יח',,,חיתולי ביייביסיטר סט,יח',52.00,יח',false,,34.90,0.6712,true,1,510819
7290017088075,false,בייביסיטר - חיתולי סטנדרט מידה 4+ - 40 יח',,,חיתולי ביייביסיטר סט,יח',40.00,יח',false,,34.90,0.8725,true,1,510821
7290017088082,false,בייביסיטר - חיתולי סטנדרט מידה 5 - 36 יח',,,חיתולי ביייביסיטר סט,יח',36.00,יח',false,,34.90,0.9694,true,1,510822
7290017088099,false,בייביסיטר - חיתולי סטנדרט מידה 6 - 30 יח',,,חיתולי ביייביסיטר סט,יח',34.00,יח',false,,34.90,1.0265,true,1,510823
7290017088105,false,חיתולי בייביסיטר נוח,די.פי.אל תעשיות מוצר,IL,ביייביסיטר נוחות מיד,יח',40.00,יח',false,,34.90,0.8725,true,1,29557
7290017088112,false,חיתולי בייביסיטר נוחות 4 36 יח,די.פי.אל תעשיות מוצר,IL,ביייביסיטר נוחות מיד,יח',36.00,יח',false,,34.90,0.9694,true,1,29558
7290017088129,false,חיתולי בייביסיטר נוח,די.פי.אל תעשיות מוצר,IL,ביייביסיטר נוחות מיד,יח',40.00,יח',false,,34.90,0.8725,true,1,29559
7290017088303,false,"קוויק TO GO לניקוי וחיטוי האסלה 15 יח',40 בקרטון",,,קוויק מגבונים לניקוי,יחידה,0.00,יחידה,false,,2.90,0.0000,true,1,29562
7290017088631,false,מגבוני תולי רביעייה ללא בישום 72X4 יח',,,מגבון Tooly רביעייה,יחידה,0.00,יחידה,false,,9.90,0.0000,true,1,64575
7290017088693,false,מגבונים קוויק לניקוי וחיטוי רצפות בניחוח לוונדר 10 יח',,IL,מגבונים לניקוי וחיטו,יח',10.00,יח',false,,9.90,0.9900,true,1,29563
7290017088853,false,BREEZE תחתונים לבריחת שתן מידה M יח' 14,,,תחתונים סופגים Breez,יח',14.00,יח',false,,74.90,5.3500,true,1,165575
7290017088860,false,BREEZE תחתונים לבריחת שתן מידה L יח' 14,,,תחתונים סופגים Breez,יח',14.00,יח',false,,74.90,5.3500,true,1,165612
7290017088877,false,BREEZE תחתונים לבריחת שתן מידה XL יח' 14,,,תחתונים סופגים Breez,יח',14.00,יח',false,,74.90,5.3500,true,1,165625
7290017088914,false,מגבונים בייביסיטר מבושם 66X6 יח',,,מגבונים מבושם בייביס,יחידה,0.00,יחידה,false,,16.90,0.0000,true,1,103074
7290017094199,false,סלט קוביות חציל ברוטב 200 גר',,,מעדן חצילים 200 גרם,גרמים,200.00,100 גרם,false,,10.90,5.4500,true,1,147225
7290017094830,false,סלט גזר ברוטב פיקנטי אסלי שמיר 400 ג',,,סלט גזר ברוטב פיקנטי,גרמים,400.00,100 גרם,false,,12.90,3.2250,true,1,17826
7290017094847,false,סלט תפוחי אדמה אסלי שמיר 400 ג',,,סלט תפוח אדמה אסלי 4,גרמים,400.00,100 גרם,false,,10.90,2.7250,true,1,17827
7290017094854,false,סלט קולסלאו אסלי שמיר 400 ג',,,סלט קולסאו אסלי 400,גרמים,400.00,100 גרם,false,,10.90,2.7250,true,1,17665
7290017094861,false,חומוס עם רוטב מסבחה אסלי שמיר 400 ג',,,חומוס עם רוטב מסבחה,גרמים,400.00,100 גרם,false,,10.90,2.7250,true,1,17828
7290017105062,false,גרגירי חומוס שלם יכין הקטניה הטובה 200 ג,היינץ צפון אמריקה מק,IL,חומוס 6OZ יכין 200 ג,גרמים,200.00,100 גרם,false,,3.90,1.9500,true,1,8751
7290017105079,false,שעועית ברוטב עגבניות 200 גרם יכין,היינץ צפון אמריקה מק,IL,שעועית אפויה 6OZ יכי,גרמים,200.00,100 גרם,false,,3.90,1.9500,true,1,8752
7290017105086,false,שימורי יכין שעועית צילי 200 גר,"זנלכל בע""מ",IL,שעועית צ'ילי 6OZ יכי,גרמים,200.00,100 גרם,false,,3.90,1.9500,true,1,8753
7290017105116,false,שימורי יכין תורמוס 200 גר,"זנלכל בע""מ",IL,תורמוס 6OZ יכין 200,גרמים,200.00,100 גרם,false,,3.90,1.9500,true,1,8756
7290017105123,false,שימורי פול יכין הקטניה הטובה 200 גר,היינץ צפון אמריקה מק,IL,פול מצרי 6OZ יכין 20,גרמים,200.00,100 גרם,false,,3.90,1.9500,true,1,8757
7290017105468,false,מארז שלישייה אפונה קטנה יכין 3*200 גר,קשקמט קונסרב הונגריה,IL,אפונה יכין 3*120 גרם,גרמים,360.00,100 גרם,false,,13.90,3.8611,true,1,8760
7290017105550,false,רביעיית רסק עגבניות 100% יכין 4X100 גרם,היינץ צפון אמריקה מק,IL,מאגדת רסק עגבניות יכ,גרמים,400.00,100 גרם,false,,11.90,2.9750,true,1,8761
7290017105697,false,"מיץ לימון יכין 100% טבעי 250 מ""ל",,ES,מיץ לימון 100% טבעי,מיליליטרים,250.00,"100 מ""ל",false,,7.90,3.1600,true,1,64467
7290017105895,false,גרגירי חומוס מסעדות יכין 550 גרם,זנלכל,IL,גרגרי חומוס מסעדות י,גרמים,550.00,100 גרם,false,,9.90,1.8000,true,1,86389
7290017121048,false,ממרח פלפל צ'ומה 250 גר',"מדשא תעשיות מזון בע""",IL,ממרח פלפל צ'ומה עללח,גרמים,250.00,100 גרם,false,,14.90,5.9600,true,1,23392
7290017121086,false,"אריסה ביתית מתוקה עללחם, 250 גרם","מדשא תעשיות מזון בע""",IL,אריסה מתוקה ביתית על,גרמים,250.00,100 גרם,false,,14.90,5.9600,true,1,337208
7290017121093,false,אריסה חריפה עללחם 250 גרם,"מדשא תעשיות מזון בע""",IL,ממרח אריסה חריפה עלל,גרמים,250.00,100 גרם,false,,14.90,5.9600,true,1,23393
7290017129822,false,מטבעות שוקולד מריר 36 גרם כרמית,כרמית,IL,לני מטבעות שוקולד מר,גרמים,36.00,100 גרם,false,,2.90,8.0556,true,1,38792
7290017140308,false,קמח שקדים שי של הטבע,,IL,קמח שקדים שי של הטבע,גרמים,500.00,100 גרם,false,,24.90,4.9800,true,1,322034
7290017140667,false,תערובת לפנקייק וקרפ 500 גר,,,תערובת לפנקייק וקרפ,גרמים,500.00,100 גרם,false,,19.90,3.9800,true,1,532800
7290017142005,false,"שמן קוקוס אורגני עץ הזית צנצנת 320מ""ל",,,שמן קוקוס אורגני כתי,מיליליטרים,320.00,"100 מ""ל",false,,30.90,9.6562,true,1,29361
7290017142111,false,פתיתי טונה בשמן זית טו גו עץ הזית 85 גרם,,TH,פתיתי טונה בהירה בשמ,גרמים,85.00,100 גרם,false,,9.90,11.6471,true,1,29368
7290017142128,false,"שמן זית כתית מעולה קלאסי עץ הזית 750 מ""ל",,IL,שמן זית כתית מעולה ק,מיליליטרים,750.00,"100 מ""ל",false,,33.90,4.5200,true,1,29369
7290017142159,false,מארז נתחי טונה בהירה בשמן זית 3*80 ג' עץ הזית,הנסיך- מפעל לייצור ט,TH,נתחי טונה בהירה בשמן,גרמים,240.00,100 גרם,false,,23.90,9.9583,true,1,29370
7290017142166,false,פילה טונה פרוס עם שמן זית עץ הזית 120 גר,יוניקורד ח.צ בעמ,TH,פילה טונה פרוס עם בש,גרמים,120.00,100 גרם,false,,14.90,12.4167,true,1,29371
7290017142180,false,פילה טונה בשמן זית בטעם לימון עם פלפל שחור 120 ג',,,פילה טונה פרוס זית ל,גרמים,120.00,100 גרם,false,,14.90,12.4167,true,1,29372
7290017142203,false,פילה טונה בשמן זית בטעם מעושן עץ המוצר 120 ג',,,פילה טונה פרוס עם בש,גרמים,120.00,100 גרם,false,,14.90,12.4167,true,1,29373
7290017142234,false,פתיתי טונה בשמן זית טעם מעושן טו גו 85 ג,,TH,פתיתי טונה בהירה בשמ,גרמים,85.00,100 גרם,false,,9.90,11.6471,true,1,29374
7290017142388,false,שמן חמניות פלוס אומגה 3 - 1 ליטר,,IL,שמן חמניות פלוס אומג,ליטרים,1.00,ליטר,false,,15.90,15.9000,true,1,29386
7290017142609,false,תרסיס שמן זית כתית ב,,,תרסיס שמן זית כתית ב,מיליליטרים,150.00,"100 מ""ל",false,,19.90,13.2667,true,1,519811
7290017217314,false,נרות חימום ריחניים בניחות הדרים 50יח',,,נרות חימום ריחניים ב,יחידה,0.00,יחידה,false,,12.90,0.0000,true,1,525930
7290017217321,false,נרות חימום ריחניים בניחות לוונדר 50יח',,,נרות חימום ריחניים ב,יחידה,0.00,יחידה,false,,12.90,0.0000,true,1,525931
7290017217420,false,סבון אסלה מבושם בניח,,,סבון אסלה מבושם בניח,יחידה,0.00,יחידה,false,,11.90,0.0000,true,1,521822
7290017232218,false,לחם קלאסי מופחת פחמימות איטסיין 430 גרם,,,לחם eatsane קלאסי דו,גרמים,430.00,100 גרם,false,,24.90,5.7907,true,1,579986
7290017232225,false,לחם גלילי מופחת פחמימות איטסיין 450 גרם,,,לחם eatsane גלילי 45,גרמים,450.00,100 גרם,false,,24.90,5.5333,true,1,580015
7290017232232,false,לחמניות ארוכות איטסי,,,לחמניות ארוכות איטסי,גרמים,390.00,100 גרם,false,,22.90,5.8718,true,1,580297
7290017239200,false,סלמון נורווגי מעושן,,,סלמון נורווגי מעושן,גרמים,100.00,100 גרם,false,,14.90,14.9000,true,1,154298
7290017239767,false,מקלות סורימי ארוז 54,,,מקלות סורימי ארוז 54,גרמים,150.00,100 גרם,false,,19.90,13.2667,true,1,349466
7290017266046,false,וופל חטיף קראנצ' שוקולד בשקית 30 יח',,,חטיף וופל קראנצ במיל,גרמים,600.00,100 גרם,false,,17.90,2.9833,true,1,41407
7290017266725,false,וופל קראנצ' במילוי בטעם שוקולד 30 יח',,,חטיף וופל קראנצ' במ,גרמים,480.00,100 גרם,false,,17.90,3.7292,true,1,113183
7290017440279,false,"ד""ר פישר - קידס אל סבון ויטמינים 750 מ""ל",,IL,"ד""ר פישר אל סבון קי",מיליליטרים,750.00,"100 מ""ל",false,,16.90,2.2533,true,1,29319
7290017440309,false,"ד""ר פישר - קידס שמפו ויטמינים 750 מ""ל",,IL,"ד""ר פישר שמפו קידס 7",מיליליטרים,750.00,"100 מ""ל",false,,16.90,2.2533,true,1,29321
7290017440798,false,"ד""ר פישר - מרכך לשיער כסוף 400 מ""ל",,IL,מרכך סילבר כסוף 400,מיליליטרים,400.00,"100 מ""ל",false,,24.90,6.2250,true,1,124749
7290017440965,false,אל סבון לידיים קמיל בלו ניקיון ולחות 1 ל,,IL,אל סבון ניקיון ולחות,ליטרים,1.00,ליטר,false,,15.90,15.9000,true,1,29327
7290017457574,false,גל נתלה לאסלה סוד כדוריות פרחים 50 גר*3,,RS,סוד סבון 4 כדוריות ל,גרמים,150.00,100 גרם,false,,16.90,11.2667,true,1,34927
7290017457581,false,"סוד מרכך כביסה מרוכז קוקוס 900 מ""ל",הנקל סוד,IL,מרכך כביסה מרוכז סוד,מיליליטרים,900.00,"100 מ""ל",false,,11.90,1.3222,true,1,34928
7290017457611,false,גל כביסה סוד טוטאל ירוק 2.5 ליטר,הנקל סוד,IL,ג'ל כביסה ירוק סוד,ליטרים,2.50,ליטר,false,,24.90,9.9600,true,1,74730
7290017457628,false,גל כביסה סוד טוטאל כחול 2.5 ליטר,הנקל סוד,IL,ג'ל כביסה סוד כחול,ליטרים,2.50,ליטר,false,,24.90,9.9600,true,1,74731
7290017457710,false,"מרכך כביסה מרוכז ארומתרפי סגול 900 מ""ל סוד",,IL,מרכך כביסה מרוכז סוד,מיליליטרים,900.00,"100 מ""ל",false,,11.90,1.3222,true,1,34936
7290017457727,false,"סוד - מרכך כביסה מרוכז פרש סקיי 900 מ""ל",הנקל סוד,IL,מרכך כביסה מרוכז סוד,מיליליטרים,900.00,"100 מ""ל",false,,11.90,1.3222,true,1,34937
7290017457734,false,"סוד - מרכך כביסה מרוכז ווילד רוז 900 מ""ל",הנקל סוד,IL,מרכך כביסה מרוכז סוד,מיליליטרים,900.00,"100 מ""ל",false,,11.90,1.3222,true,1,34938
7290017457871,false,גל כביסה סוד טוטל ירוק 4 ל,,IL,ג'ל כביסה סוד ירוק 4,ליטרים,4.00,ליטר,false,,34.90,8.7250,true,1,74732
7290017457925,false,סוד מרכך כביסה מרוכז פרש קונטרול ורוד,,IL,מרכך כביסה מרוכז סוד,מיליליטרים,900.00,"100 מ""ל",false,,11.90,1.3222,true,1,110864
7290017457932,false,סוד מרכך כביסה מרוכז פרש קונטרול כחול,,IL,מרכך כביסה מרוכז סוד,מיליליטרים,900.00,"100 מ""ל",false,,11.90,1.3222,true,1,110851
7290017457970,false,פרסיל דיסקס לכביסה ל,הנקל סוד,HU,פרסיל דיסקס לכביסה ל,יח',22.00,יח',false,,35.90,1.6318,true,1,54440
7290017477169,false,קשיו קלוי 250 גרם ששון הקולה,,,קשיו קלוי ששון הקולה,גרמים,250.00,100 גרם,false,,20.00,8.0000,true,1,4898
7290017513485,false,מחית עגבניות רוסטיקה בלה איטליה 680 ג',היצרן: ס.פ. פודנצנו,IT,מחית עגבניות רוסטיקה,גרמים,680.00,100 גרם,false,,11.90,1.7500,true,1,24842
7290017589565,false,"יין קלאסיק גוורצטרמינר 750 מ""ל ברקן",יקבי ברקן שיווק והפצ,IL,"קלאסיק גוורץ 750 מ""ל",מיליליטרים,750.00,"100 מ""ל",false,,32.90,4.3867,true,1,9556
7290017589633,false,"רזרב גולד אדישיין קברנה סוביניון 750 מ""ל",,IL,יין רזרב קברנה גולד,מיליליטרים,750.00,"100 מ""ל",false,,48.90,6.5200,true,1,9557
7290017599229,false,ממתיק סוכרלוז 200 טבליות סוכרזית,,IL,סוכרזית סוכרלוז 200,גרמים,17.00,100 גרם,false,,23.90,140.5882,true,1,321619
7290017599267,false,סוכרזית סוכרלוז 120 שקיות,ביסקול בע''מ,IL,סוכרזית סוכרלוז ממתי,גרמים,120.00,100 גרם,false,,24.90,20.7500,true,1,548771
7290017616490,false,פילה ברבוניה ארוז 40,,,פילה ברבוניה ארוז 40,גרמים,400.00,100 גרם,false,,29.90,7.4750,true,1,136762
7290017617046,false,נתחי טונה בשמן זית כתית מעולה רביעיה * 140 ג',,,טונה בשמן זית סטארקי,גרמים,560.00,100 גרם,false,,24.90,4.4464,true,1,26714
7290017617091,false,סטארקיסט מיקס טוגו טונה עם פתיתים 185 גרם,דרדנל אוננטאס גידה,TR,סטארקיסט מיקס 185 גר,גרמים,185.00,100 גרם,false,,12.90,6.9730,true,1,246318
7290017617107,false,סטארקיסט מיקס טוגו טונה עם 4 דגנים 185 גרם,"איטיליאן פוד, אס.פי.",TR,סטארקיסט מיקס 185 גר,גרמים,185.00,100 גרם,false,,12.90,6.9730,true,1,246319
7290017637532,false,שמפו לשיער בלונד 500 מל מיקי בוגנים,,,שמפו BLOND לשיער בלו,מיליליטרים,500.00,"100 מ""ל",false,,39.90,7.9800,true,1,449193
7290017637594,false,שמפו יומיומי זיכרונות מתוקים 500 מל,,,שמפו שיער רגיל MB S,מיליליטרים,500.00,"100 מ""ל",false,,24.90,4.9800,true,1,449238
7290017637600,false,מרכך יומיומי זיכרונות מתוקים 500 מל,,,מרכך לשיער רגיל MB,מיליליטרים,500.00,"100 מ""ל",false,,24.90,4.9800,true,1,449239
7290017637617,false,מסכת הזנה בשפורפרת 250 מל בוגנים,,,מסיכת הזמנה לשיער MB,מיליליטרים,250.00,"100 מ""ל",false,,27.90,11.1600,true,1,449179
7290017637624,false,מרכך יומיומי יסמין קסום 500 מל בוגנים,,,שמפו לשיער רגיל 500,מיליליטרים,500.00,"100 מ""ל",false,,24.90,4.9800,true,1,449150
7290017637655,false,שמפו קרטין ללא מלחים 500 מל בוגנים,,,שמפו KERATIN ללא מלח,מיליליטרים,500.00,"100 מ""ל",false,,29.90,5.9800,true,1,449221
7290017637679,false,מרכך שימר 500 מל מיקי בוגנים,,,מרכך SHIMMER להדגשת,מיליליטרים,500.00,"100 מ""ל",false,,24.90,4.9800,true,1,449241
7290017641744,false,"כרמית איגלו סטיקס 800 מ""ל",HIQ FOOD PRODUCTS,IL,איגלו סטיקס כרמית 8*,גרמים,800.00,100 גרם,false,,5.50,0.6875,true,1,74224
7290017641997,false,"שוקולד 70% לל""ס שברי אגוז לוז 100ג*12בדיס*2 בקר",כרמית,IL,שוקולד מריר מעולה עם,גרמים,100.00,100 גרם,false,,9.90,9.9000,true,1,367948
7290017677804,false,"רוטב סויה קיקומן 444 מ""ל",קיקומן,US,קיקומן רוטב סויה ללא,מיליליטרים,444.00,"100 מ""ל",false,,19.90,4.4820,true,1,5347
7290017682099,false,מקל טיטניום 1.3 מטר,,,מקל טיטניום 1.3 מטר,יחידה,0.00,יחידה,false,,5.90,0.0000,true,1,51946
7290017682501,false,מטליות מיקרו להברקת,,,מטליות מיקרו להברקת,יחידה,0.00,יחידה,false,,9.90,0.0000,true,1,108781
7290017682525,false,ספוג לניקוי והברקה ו,,,ספוג לניקוי והברקה ו,יחידה,0.00,יחידה,false,,7.90,0.0000,true,1,109474
7290017682556,false,"שיפוד עובי 30 ס""מ 80 יחי",,,שיפוד עובי 4 אורך 30,יחידה,0.00,יחידה,false,,3.50,0.0000,true,1,97271
7290017715704,false,זית מושחר טבעות 560 ג' תומר,,IL,זית מושחר טבעות תומר,גרמים,560.00,100 גרם,false,,10.90,1.9464,true,1,67349
7290017715735,false,A2 זית סורי מבוקע תומר 560 גרם,,IL,זית סורי מבוקע תומר,גרמים,560.00,100 גרם,false,,9.90,1.7679,true,1,67352
7290017715834,false,A2 זית נובו מבוקע ג.מאוד תומר 560 גרם,,IL,זית נובו מבוקע ג.מאו,גרמים,560.00,100 גרם,false,,10.90,1.9464,true,1,67356
7290017724027,false,עוגיות אלפא חורס אקל,"אקלר בע""מ",IL,עוגיות אלפא חורס אקל,גרמים,300.00,100 גרם,false,,23.90,7.9667,true,1,336233
7290017724034,false,עוגיות סנדוויץ ריבה,אקלר,IL,עוגיות סנדוויץ ריבה,גרמים,250.00,100 גרם,false,,23.90,9.5600,true,1,336247
7290017724041,false,עוגיות תותי פרוטי אק,אקלר,IL,עוגיות תותי פרוטי אק,גרמים,200.00,100 גרם,false,,23.90,11.9500,true,1,336248
7290017724102,false,עוגיות סיגרים תמרים/,אקלר,IL,עוגיות סיגרים תמרים/,גרמים,250.00,100 גרם,false,,23.90,9.5600,true,1,336280
7290017724119,false,עוגיות אוזניים אקלר,אקלר,IL,עוגיות אוזניים אקלר,גרמים,200.00,100 גרם,false,,23.90,11.9500,true,1,336339
7290017724157,false,עוגיות מעדן תפוע ללא,אקלר,IL,"עוגיות מעדן תפו""ע וא",גרמים,250.00,100 גרם,false,,23.90,9.5600,true,1,336356
7290017724164,false,עוגיות אוזניים ללא ס,אקלר,IL,"עוגיות אוזניים לל""תס",גרמים,200.00,100 גרם,false,,23.90,11.9500,true,1,336357
7290017724171,false,עוגיות סנדוויץ ריבה,אקלר,IL,עוגיות סנדוויץ ריבה,גרמים,250.00,100 גרם,false,,23.90,9.5600,true,1,336358
7290017724201,false,עוגיות ואן גוך ללא ס,אקלר,IL,"עוגיות ואן גוך לל""תס",גרמים,200.00,100 גרם,false,,23.90,11.9500,true,1,336359
7290017724256,false,עוגיות שומשומיות ללא,אקלר,IL,"עוגיות שומשומית לל""ת",גרמים,200.00,100 גרם,false,,23.90,11.9500,true,1,336361
7290017724263,false,עוגיות בטהובן ללא סו,אקלר,IL,"עוגיות בטהובן לל""תס",גרמים,300.00,100 גרם,false,,23.90,7.9667,true,1,403162
7290017724294,false,עוגיות גרנולה צ'יפס,,,עוגיות גרנולה צ'יפס,גרמים,200.00,100 גרם,false,,23.90,11.9500,true,1,336364
7290017746135,false,מארז 10 פיתות ביס כוסמין,,,10 מיני פיתות כוסמין,גרמים,500.00,100 גרם,false,,13.90,2.7800,true,1,580834
7290017746258,true,פרנה לחם מרוקאי מסור,,,פרנה לחם מרוקאי מסור,גרמים,400.00,100 גרם,false,,13.90,3.4750,true,1,580863
7290017746272,false,4 יח' פיתה בצל מנקיש,,,4 יח' פיתה בצל מנקיש,גרמים,480.00,100 גרם,false,,19.90,4.1458,true,1,590435
7290017746326,false,חלה מפוארת קלועה דוי,,,חלה מפוארת קלועה דוי,גרמים,750.00,100 גרם,false,,16.90,2.2533,true,1,579812
7290017746586,false,מארז פיתה 10 יחידות,,,מארז פיתה 10 יחידות,קילוגרמים,1.00,"100 ק""ג",false,,13.90,1390.0000,true,1,586427
7290017812380,false,תירוש מיץ ענבים אדום,,,תירוש מיץ ענבים אדום,מיליליטרים,750.00,"100 מ""ל",false,,12.90,1.7200,true,1,649
7290017812571,false,יין תירוש אדום 100%ה טבעי 1 ליטר,"כד בני דרום בע""מ",IL,תירוש מיץ ענבים אדום,ליטרים,1.00,ליטר,false,,19.90,19.9000,true,1,53519
7290017812588,false,יין תירוש לבן 100%ה טבעי 1 ליטר,"כד בני דרום בע""מ",IL,תירוש מיץ ענבים לבן,ליטרים,1.00,ליטר,false,,19.90,19.9000,true,1,53533
7290017812618,false,תירוש מיץ ענבים רוזה 1 ליטר,,IL,מיץ ענבים רוזה תירוש,ליטרים,1.00,ליטר,false,,19.90,19.9000,true,1,70703
7290017812656,false,"מיץ ענבים תירוש אדום מבעבע 750 מ""ל",מנדלז סי.אר. פרודקשן,IL,תירוש אדום מבעבע יקב,מיליליטרים,750.00,"100 מ""ל",false,,20.90,2.7867,true,1,197711
7290017812663,false,"כרמל תירוש לבן מבעבע 750 מ""ל",מנדלז סי.אר. פרודקשן,IL,תירוש לבן מבעבע יקבי,מיליליטרים,750.00,"100 מ""ל",false,,20.90,2.7867,true,1,197725
7290017812878,false,"יין אקסלנס רוזה 750 מ""ל",,,יין רוזה אקסלנס יקבי,מיליליטרים,750.00,"100 מ""ל",false,,25.90,3.4533,true,1,197644
7290017812977,false,"יין מבעבע באזז אננס יקבי כרמל 750 מ""",,IL,יין באזז אננס יקבי כ,מיליליטרים,750.00,"100 מ""ל",false,,27.90,3.7200,true,1,170187
7290017871462,false,טוסו חטיף פצפוצי אורז מצופה שוקולד מריר ללא תוספת סוכר,המאפיה של הרמן,IL,טוסו חטיף פצפוצי אור,גרמים,0.00,גרם,false,,16.90,0.0000,true,1,6061
7290017871998,false,פודינג אינסטנט בטעם,,,פודינג אינסטנט בטעם,גרמים,30.00,100 גרם,false,,10.90,36.3333,true,1,113402
7290017872001,false,"קרם החתלה פרשוואנס שמן זית ופרופוליס 100 סמ""ק",,IL,משחת החתלה פרשוואנס,מיליליטרים,100.00,"100 מ""ל",false,,12.50,12.5000,true,1,72876
7290017872049,false,"פמלי אל סבון בניחוח לוונדר ארומטי- שלישייה 500 מ""ל",אברנסל קוסמטיקס,TR,פמלי אל סבון שלישייה,ליטרים,1.50,ליטר,false,,14.90,9.9333,true,1,78209
7290017872056,false,"פמלי אל סבון סדרה לבנה- שלישייה 500 מ""ל",אברנסל קוסמטיקס,TR,פמלי אל סבון סידרה ל,מיליליטרים,500.00,"100 מ""ל",false,,14.90,2.9800,true,1,78210
7290017872070,false,מארז מגבונים לחים בניחוח מרענן פרש וואנס שלישייה,ווטנאפס,IL,פרשוואנס מגבונים מאר,יחידה,0.00,יחידה,false,,12.90,0.0000,true,1,490901
7290017872179,false,טוסו עוגיות טחינה 200 גרם,היינץ צפון אמריקה מק,IL,עוגיות טחינה טוסו 20,גרמים,200.00,100 גרם,false,,14.90,7.4500,true,1,76188
7290017872193,false,טוסו עוגיות שקדים וקינמון ללא סוכר 200 גרם,היינץ צפון אמריקה מק,IL,עוגיות שקדים וקינמון,גרמים,200.00,100 גרם,false,,14.90,7.4500,true,1,76190
7290017872957,false,אדג' - מכשיר גילוח רב פעמי ידית + 3 סכינים לעור רגיש,,,מכשיר גילוח אדג'+ 3,יחידה,0.00,יחידה,false,,54.90,0.0000,true,1,459364
7290017873008,false,שקיות להקפאה גלילונית 275 יח',,,גלילונית שקיות רב שי,יחידה,0.00,יחידה,false,,11.90,0.0000,true,1,264363
7290017873039,false,מארז זוג שקיות לסנדוויץ גלילונית 2*160 יח',,,גלילונית שקיות אוכל,יחידה,0.00,יחידה,false,,10.90,0.0000,true,1,264364
7290017873176,false,"סבון ידיים מועשר בשמן אבוקדו 500 מ""ל יהלום",,TR,תחליב רחצה לטיפוח עו,מיליליטרים,500.00,"100 מ""ל",false,,9.90,1.9800,true,1,390852
7290017888026,false,"משקה אננס תפוח גזר פרות & ווג 350 מ""ל",יפאורה תבורי בעמ,IL,פרוט & וג' אננס תפוח,מיליליטרים,330.00,"100 מ""ל",false,,7.90,2.3939,true,1,11766
7290017888095,false,"שוופס מוגז עדין פירות יער פחיות רביעייה 330 מ""ל",,IL,רביעיית מ.עדין שוופס,ליטרים,1.32,ליטר,false,,9.90,7.5000,true,1,11770
7290017888729,false,שוופס סודה בקבוק 1 ל',"יפאורה תבורי בע""מ",IL,שוופס סודה 1 ליטר,ליטרים,1.00,ליטר,false,,4.50,4.5000,true,1,72214
7290017888972,false,בקבוק מי עדן פקק ספורט 1 ליטר,מופק ממקור בזלתי עדן,IL,מי עדן פקק ספורט 1 ל,ליטרים,1.00,ליטר,false,,4.90,4.9000,true,1,77866
7290017894058,false,דגש תערובת להכנת לחם 500 גרם,"אף סי, תבליני הגליל",IL,דגש - תערובת להכנת ל,גרמים,500.00,100 גרם,false,,17.90,3.5800,true,1,114258
7290017894065,false,דגש תערובת קמח רב תכליתי 500 גרם,"אף, סי תבליני הגליל",IL,דגש - תערובת רב תכלי,גרמים,500.00,100 גרם,false,,17.90,3.5800,true,1,114259
7290017894102,false,פנה אורז תירס דגש 400 גרם,אנדריאני,IL,דגש פנה אורז תירס לל,גרמים,400.00,100 גרם,false,,9.90,2.4750,true,1,113873
7290017917283,false,"מגבוני קמיל בלו ד""ר פישר ללא בישום רביעי",,IL,מגבוני קמיל 64 יח` מ,יחידה,0.00,יחידה,false,,19.90,0.0000,true,1,124627
7290017917450,false,קמיל בלו סנסיטיב אל סבון ושמפו צמחי מרפא 1 ל',,IL,קמיל בלו סנסטיב אל ס,יחידה,0.00,יחידה,false,,33.90,0.0000,true,1,29330
7290017928036,false,מאיר בייגל מקלות גריסיני שומשום 175 ג',,IL,מקלות גריסיני שומשום,גרמים,175.00,100 גרם,false,,11.90,6.8000,true,1,5348
7290017928043,false,מאיר בייגל גריסיני קראנץ' מלח 175 ג',,IL,גריסיני קראנץ' מלח מ,גרמים,175.00,100 גרם,false,,11.90,6.8000,true,1,5349
7290017928098,false,שטוחלה מלח מאיר בייגל 330 ג',מאיר בייגל,IL,בייגלה שטוח מלח מאיר,גרמים,330.00,100 גרם,false,,11.90,3.6061,true,1,226096
7290017928661,false,מאיר בייגל -סמאש-שבורים בטעם צ'דר 300 גרם,,BG,שברי בייגלה בטעם צ'ד,גרמים,300.00,100 גרם,false,,12.90,4.3000,true,1,132128
7290017928746,false,פירורי בייגלה מאיר בייגל 200 גר,,,פירורי בייגלה מאיר ב,גרמים,200.00,100 גרם,false,,6.90,3.4500,true,1,369634
7290017928807,false,בייגלה אצבעות עם שומשום 300גרם - חדש,,IL,אצבעות שומשום מאיר ב,גרמים,300.00,100 גרם,false,,11.90,3.9667,true,1,5363
7290017932088,false,גאלה תחתית אפויה לפאי 170 גרם,,US,גאלה תחתית אפויה לפא,גרמים,170.00,100 גרם,false,,11.90,7.0000,true,1,167499
7290017941196,false,סכינים עבות 100 יח',,,סכינים עבות 100 יח',יחידה,0.00,יחידה,false,,11.90,0.0000,true,1,143858
7290017941226,false,מזלגות 40 יח' עבה במ,,,מזלגות 40 יח' עבה במ,יחידה,0.00,יחידה,false,,7.90,0.0000,true,1,138985
7290017941240,false,כפיות 40 יח' עבה במי,,,כפיות 40 יח' עבה במי,יחידה,0.00,יחידה,false,,7.90,0.0000,true,1,138969
7290017941264,false,מזלגות 40 יח' עבה במ,,,מזלגות 40 יח' עבה במ,יחידה,0.00,יחידה,false,,7.90,0.0000,true,1,138971
7290017941288,false,נר נשמה 24 שעות,,,נר נשמה 24 שעות,יחידה,0.00,יחידה,false,,1.90,0.0000,true,1,191154
7290017941325,false,נר נשמה 7 ימים בזכוכ,,,נר נשמה 7 ימים בזכוכ,יחידה,0.00,יחידה,false,,9.90,0.0000,true,1,193741
7290017941332,false,נרונים 66 יח' 6 שעות,,,נרונים 66 יח' 6 שעות,יחידה,0.00,יחידה,false,,24.90,0.0000,true,1,206313
7290017941349,false,נרונים 72 יח' 4 שעות,,,נרונים 72 יח' 4 שעות,יחידה,0.00,יחידה,false,,21.90,0.0000,true,1,206314
7290017941370,false,להבונים 50 יח' 3 שעו,,,להבונים 50 יח' 3 שעו,יחידה,0.00,יחידה,false,,9.90,0.0000,true,1,191197
7290017941387,false,להבונים בקופסא 100 י,,,להבונים בקופסא 100 י,יחידה,0.00,יחידה,false,,22.90,0.0000,true,1,206331
7290017941455,false,כוסות 9oz לשתיה חמה,,,כוסות 9oz לשתיה חמה,יחידה,0.00,יחידה,false,,14.90,0.0000,true,1,157364
7290017941462,false,כוסות שתיה חמה 8B י,,,כוסות שתיה חמה 8B י,יחידה,0.00,יחידה,false,,9.90,0.0000,true,1,147250
7290017941660,false,מארז תבניות לחלה עבו,,,מארז תבניות לחלה עבו,יחידה,0.00,יחידה,false,,12.90,0.0000,true,1,138286
7290017941677,false,מארז תבניות רוסטר בנ,,,מארז תבניות רוסטר בנ,יחידה,0.00,יחידה,false,,12.90,0.0000,true,1,138287
7290017941691,false,מפת שולחן מהודרת 270,,,מפת שולחן מהודרת 270,יחידה,0.00,יחידה,false,,8.90,0.0000,true,1,191212
7290017941707,false,זוג מפות אירוח 120*1,,,זוג מפות אירוח 120*1,יחידה,0.00,יחידה,false,,7.90,0.0000,true,1,191213
7290017941820,false,כוסות שתיה קרה כחול,,,כוסות שתיה קרה כחול,יחידה,0.00,יחידה,false,,13.90,0.0000,true,1,129643
7290017941882,false,קערת פלסטיק אובלית 1,,,קערת פלסטיק אובלית 1,יחידה,0.00,יחידה,false,,7.90,0.0000,true,1,129686
7290017941905,false,קיסמים במלחיה 300 יח,,,קיסמים במלחיה 300 יח,יחידה,0.00,יחידה,false,,2.90,0.0000,true,1,141476
7290017941912,false,שיפודי במבוק עובי 5,,,שיפודי במבוק עובי 5,יחידה,0.00,יחידה,false,,5.90,0.0000,true,1,141477
7290017941943,false,שיפודי במבוק עובי 3,,,שיפודי במבוק עובי 3,יחידה,0.00,יחידה,false,,2.90,0.0000,true,1,141478
7290017941967,false,שקיות אוכל XL 300 י,,,שקיות אוכל XL 300 י,יחידה,0.00,יחידה,false,,8.90,0.0000,true,1,179812
7290017941998,false,שיפודים רחבים לקבב 9,,,שיפודים רחבים לקבב 9,יחידה,0.00,יחידה,false,,5.90,0.0000,true,1,141494
7290017946368,false,סוד סבון 4 כדוריות לאסלה אוקיינוס 3*50 ג,,,סוד כדוריות לאסלה P.,גרמים,150.00,100 גרם,false,,16.90,11.2667,true,1,123951
7290017947105,false,לחם בסגנון אמריקה 500 גר',מאפיית שלמה א. אנג'ל,IL,לחם בסגנון אמריקה אנ,גרמים,500.00,100 גרם,false,,14.90,2.9800,true,1,35510
7290017947495,false,לחמניות כוסמין 450 ג' אנג'ל,"איטיליאן פוד, אס.פי.",IL,6 לחמניות כוסמין אנג,גרמים,450.00,100 גרם,false,,15.90,3.5333,true,1,117460
7290017947891,false,לחם כוסמין וחיטה מלאה 750 ג' אנג'ל,מאפיית שלמה א. אנג'ל,IL,לחם כוסמין וחיטה מלא,גרמים,750.00,100 גרם,false,,16.90,2.2533,true,1,35511
7290018023495,false,טחינה גולמית 500ג' סבא חביב,,,טחינה גולמית סבא חבי,גרמים,500.00,100 גרם,false,,14.90,2.9800,true,1,522570
7290018043196,false,פראוד - חטיף חלבון בטעם שוקולד לבן עוגיות 60 גרם,הרת'סייד פוד סולושיי,NL,חטיף חלבון בטעם שוקו,גרמים,60.00,100 גרם,false,,13.90,23.1667,true,1,398515
7290018045503,false,דגני בוקר הלו קיטי לבבות 311 גר MONDAY,,DE,דגני חיטה ואורז בטעם,גרמים,311.00,100 גרם,false,,25.90,8.3280,true,1,586734
7290018045695,false,דגנים במילוי קרם קרמל מלוח 480 ג' BON & BON,,DE,דגנים במילוי קרם קרמ,גרמים,480.00,100 גרם,false,,23.90,4.9792,true,1,306524
7290018045893,false,בון בון דגנים במילוי קרם נוגט 480 גרם,,DE,דגנים במילוי קרם נוג,גרמים,480.00,100 גרם,false,,23.90,4.9792,true,1,306525
7290018071205,false,כפפות ניטרו כחולות אלסטיות S 100יח',איזיטאצ,CN,כפפות ניטרו-V כחולות,יחידה,0.00,יחידה,false,,19.90,0.0000,true,1,412381
7290018071212,false,כפפות ניטרו כחולות אלסטיות M ללא אבקה 100יח',איזיטאצ,CN,כפפות ניטרו-V כחולות,יחידה,0.00,יחידה,false,,19.90,0.0000,true,1,412382
7290018071229,false,כפפות ניטרו כחולות אלסטיות L ללא אבקה 100יח',איזיטאצ,CN,כפפות ניטרו-V כחולות,יחידה,0.00,יחידה,false,,19.90,0.0000,true,1,412383
7290018071236,false,כפפות ניטרו כחולות אלסטיות XL ללא אבקה 100יח',איזיטאצ,CN,כפפות ניטרו-V כחולות,יחידה,0.00,יחידה,false,,19.90,0.0000,true,1,412384
7290018091029,false,מקלות פילו תפוחי אדמה מעדנות 450 ג',"מעדנות בע""מ",IL,מקלות פילו תפוח אדמה,גרמים,450.00,100 גרם,false,,14.90,3.3111,true,1,84948
7290018091272,false,בצק עוגיות קקאו טריפל שוקולד ציפס מעדנו,מעדנות,IL,בצק עוגיות טריפל שוק,גרמים,300.00,100 גרם,false,,16.90,5.6333,true,1,423056
7290018091470,false,גלילת ביסקווטים בטעם שוקולד מעדנות 300 ג,מעדנות,IL,גלילת ביסקוויטים טעם,גרמים,300.00,100 גרם,false,,16.90,5.6333,true,1,423085
7290018091616,false,מקלות פילו גבינה מעדנות 450 ג',מיוצר עי קונדיטוריית,IL,מקלות פילו גבינה 450,גרמים,450.00,100 גרם,false,,14.90,3.3111,true,1,84935
7290018098578,false,המבורגר 230 גר BEEF FREE,,IL,המבורגר 230 גרם BEEF,גרמים,230.00,100 גרם,false,,21.90,9.5217,true,1,497141
7290018098592,false,שווארמה 300 גר BEEF FREE,,IL,שווארמה 300 גרם BEEF,גרמים,300.00,100 גרם,false,,21.90,7.3000,true,1,497169
7290018127452,false,פתי בר ללא גלוטן כשל,,,פתי בר ללא גלוטן כשל,גרמים,200.00,100 גרם,false,,11.90,5.9500,true,1,131957
7290018127469,false,פתי בר בטעם שוקולד ל,,,פתי בר בטעם שוקולד ל,גרמים,200.00,100 גרם,false,,15.90,7.9500,true,1,131958
7290018131336,false,נסטלה שלגון ליון 66 גרם,שוורצקוף& הנקל דיסלד,PL,שלגון ליון בטעם קרמל,גרמים,66.00,100 גרם,false,,7.90,11.9697,true,1,164718
7290018131640,false,קראנץ בלונד עם ליבת נוגט בוטנים 100 גר',גלידות נסטלה (נגה גל,IL,קראנץ בלונד עם ליבת,גרמים,100.00,100 גרם,false,,9.90,9.9000,true,1,164692
7290018131879,false,אקסטרים טילון ריבת חלב מאגדת 6 יח 432 גר,גלידות נסטלה (נגה גל,IL,אקסטרים מאגדת טילון,גרמים,432.00,100 גרם,false,,36.90,8.5417,true,1,164732
7290018132388,false,מטרנה גולד בדץ שלב2 700גר,,IL,מטרנה גולד בדץ שלב 2,גרמים,700.00,100 גרם,false,,75.90,10.8429,true,1,524193
7290018132425,false,מטרנה גולד שלב 3 700 גרם,,IL,מטרנה גולד בדץ שלב,גרמים,700.00,100 גרם,false,,75.90,10.8429,true,1,524178
7290018192023,true,סלרי מקלות ליח,,,סלרי מקלות ליח,יח',1.00,יח',false,,6.90,6.9000,true,1,41577
7290018194065,false,אורז בסמטי 1 קילו PRIMO,,,אורז בסמטי 1 קילו PR,קילוגרמים,1.00,"ק""ג",false,,9.90,9.9000,true,1,540344
7290018213100,false,דלי מגבונים לניקוי ו,,,דלי מגבונים לניקוי ו,יחידה,0.00,יחידה,false,,24.90,0.0000,true,1,103073
7290018213247,false,מטליות לרצפה בניחוח,,,מטליות לרצפה בניחוח,יח',10.00,יח',false,,8.90,0.8900,true,1,77643
7290018213339,false,מארז 4 כריות יפניות+,,,מארז 4 כריות יפניות+,יחידה,0.00,יחידה,false,,11.90,0.0000,true,1,536760
7290018213353,false,מטליות לרצפה בניחוח,,,מטליות לרצפה בניחוח,יח',10.00,יח',false,,8.90,0.8900,true,1,536840
7290018225134,false,"מערבל יד חשמלי "" פל",,,"מערבל יד חשמלי "" פל",יחידה,0.00,יחידה,false,,60.90,0.0000,true,1,142977
7290018225264,false,בלנדר שיייקר,,,בלנדר שיייקר,יחידה,0.00,יחידה,false,,95.90,0.0000,true,1,89444
7290018228586,false,מפיץ ריח מיוחד,,,מפיץ ריח מיוחד,יחידה,0.00,יחידה,false,,29.90,0.0000,true,1,351971
7290018236659,false,צ'ונגו פופקורן ציפוי מתובל עוף טוב 600 גר',מולינו ניקולי s.p.a,IL,רצועות צ'ונגו פופקור,גרמים,600.00,100 גרם,false,,30.90,5.1500,true,1,123736
7290018237281,false,נקניק סלמי ירדן 550 ג' עוף טוב,,,נקניק סלמי ירדן עוף,גרמים,550.00,100 גרם,false,,21.90,3.9818,true,1,221910
7290018237373,false,עוף טוב פסטרמה צרובה על הגריל נתח שלם 8*300 גרם,עוף טוב,IL,פסטרמה צרובה על הגרי,גרמים,300.00,100 גרם,false,,27.90,9.3000,true,1,189891
7290018237489,false,פסטרמה ברביקיו דק-דק,עוף טוב,IL,עוף טוב דק דק פסטרמה,גרמים,220.00,100 גרם,false,,21.90,9.9545,true,1,278811
7290018237496,false,פסטרמה בדבש דקדק 220 גר,עוף טוב,IL,עוף טוב דק דק פסטרמה,גרמים,220.00,100 גרם,false,,21.90,9.9545,true,1,278838
7290018237922,false,עוף טוב שניצלונים ציפוי צ'יפס 700 גרם,,IL,שניצלונים ציפוי ציפס,גרמים,700.00,100 גרם,false,,19.90,2.8429,true,1,519334
7290018237939,false,שניצלונים ציפוי שומשום עוף טוב 700 גרם,,IL,שניצלונים ציפוי שומש,גרמים,700.00,100 גרם,false,,19.90,2.8429,true,1,519348
7290018237960,false,עוף טוב כתף בקר עסיסי 265גרם,,,כתף בקר עסיסי עוף טו,גרמים,265.00,100 גרם,false,,24.90,9.3962,true,1,543900
7290018249086,false,סוויטאנגו ממרח בטעם,,,סוויטאנגו ממרח בטעם,גרמים,350.00,100 גרם,false,,32.90,9.4000,true,1,586822
7290018249123,false,אינסטנט פודינג וניל סוויטאנגו 50 גר,מתבל תעשיות מזון,IL,כמו סוכר אינסטנט פוד,גרמים,50.00,100 גרם,false,,11.90,23.8000,true,1,82596
7290018249154,false,ממרח קקאו סוויטאנגו 350 גר,,,ממרח שוקולד עם אגוזי,גרמים,350.00,100 גרם,false,,32.90,9.4000,true,1,586823
7290018249994,false,סוויטאנגו ממתיק בצנצ,מתבל תעשיות מזון,IL,סוויטאנגו ממתיק אריז,גרמים,700.00,100 גרם,false,,56.90,8.1286,true,1,577934
7290018294192,false,פריווט קולקשין בלנד היינן 700מל,,,יין בלנד היינן פרייב,מיליליטרים,750.00,"100 מ""ל",false,,39.90,5.3200,true,1,409679
7290018294352,false,"ארק יקבי כרמל 700 מ""",,,"ארק יקבי כרמל 700 מ""",מיליליטרים,700.00,"100 מ""ל",false,,55.20,7.8857,true,1,351241
7290018343340,false,"ד""ר פישר - שמפו משקם לאחר החלקה ללא תוספת מלח 400 מ""ל",,,שמפו משקם לאחר החלקה,מיליליטרים,400.00,"100 מ""ל",false,,39.90,9.9750,true,1,124750
7290018343364,false,"ד""ר פישר - מסכת הזנה משקמת לאחר החלקה ללא תוספת מלח 300 מ""ל",,,מסכה הזנה משקמת לאחר,מיליליטרים,300.00,"100 מ""ל",false,,39.90,13.3000,true,1,124764
7290018344095,false,חטיף חלבון בטעם בוטנים מלח 50 ג' VEG PROTEIN,טבע ירוק,IL,חטיף חלבון בוטנים ומ,גרמים,50.00,100 גרם,false,,9.90,19.8000,true,1,233262
7290018344125,false,חטיף חלבון אגוזי לוז קקאו טבע ירוק 50 גר,טבע ירוק,IL,חטיף חלבון אגוזי לוז,גרמים,50.00,100 גרם,false,,9.90,19.8000,true,1,233263
7290018359112,false,יכין פאסאטה מחית עגבניות איטלקיות 690 ג',,,פאסאטה מחית עגבניות,גרמים,690.00,100 גרם,false,,8.90,1.2899,true,1,136541
7290018359129,false,יכין פולפה עגבניות חתוכות מקולפות דק 690 ג',,,פאסאטה מחית עגבניות,גרמים,690.00,100 גרם,false,,8.90,1.2899,true,1,136542
7290018359334,false,רכז עגבניות טבעי פריכוז שף יכין 580 גרם,,IL,רכז עגבניות טבעי פרי,גרמים,580.00,100 גרם,false,,9.90,1.7069,true,1,105873
7290018359495,false,תירס מהשדה בלי תוספת סוכר יכין 550 גרם,היינץ צפון אמריקה מק,IL,תירס מהשדה בלי תוספת,גרמים,550.00,100 גרם,false,,8.90,1.6182,true,1,105898
7290018359686,false,חומוס ענק יכין 550 גרם,היינץ צפון אמריקה מק,IL,חומוס ענק יכין 550 ג,גרמים,550.00,100 גרם,false,,9.90,1.8000,true,1,211633
7290018359716,false,רוטב עגבניות פיצה טוסקנה 240 גרם יכין,"זנלכל בע""מ",IL,רוטב פיצה טוסקנה יכי,גרמים,240.00,100 גרם,false,,5.50,2.2917,true,1,147815
7290018359877,false,רסק עגבניות טבעי יכין 200 גר*3,יכין,IL,רסק עגבניות טבעי יכי,גרמים,600.00,100 גרם,false,,15.90,2.6500,true,1,317534
7290018359884,false,פולפה ליקופן טבעית יכין 400 גר*2,,,פולפה ליקופן טבעית י,גרמים,800.00,100 גרם,false,,16.90,2.1125,true,1,317492
7290018359952,false,רוטב עגבניות לפסטה יכין 400 גרם,יכין,IL,רוטב עגבניות לפסטה י,גרמים,400.00,100 גרם,false,,11.90,2.9750,true,1,508028
7290018380871,false,פטיסון כבוש 670 גרם תומר,,,פטיסון כבוש שלם תומר,גרמים,670.00,100 גרם,false,,12.90,1.9254,true,1,375595
7290018400036,false,חגיגת טעמים כתומים סנפרוסט 800 גרם,לחמנו,IL,ירקות מוקפאים מעורבי,גרמים,800.00,100 גרם,false,,19.90,2.4875,true,1,200825
7290018400470,false,כרישה חתוכה מוקפאת 600 גרם סנפרוסט,,IL,כרישה חתוכה קפואה סנ,גרמים,600.00,100 גרם,false,,14.90,2.4833,true,1,536169
7290018400807,false,טברנה יוונית סנפרוסט 800 גרם,,IL,טברנה יוונית סנפרוסט,גרמים,600.00,100 גרם,false,,19.90,3.3167,true,1,104388
7290018440254,false,צ'אי קרמל מלוח 25 שק' ויסוצקי,ויסוצקי,IL,חווית הצ'אי- קרמל מל,גרמים,50.00,100 גרם,false,,19.90,39.8000,true,1,240729
7290018440407,false,תה ירוק מאטה קקאו לוז 25 שק' ויסוצקי,ויסוצקי,IL,תה ירוק מאטה בטעם קק,גרמים,37.50,100 גרם,false,,23.90,63.7333,true,1,250216
7290018440513,false,סלט קליפורנייה קאלוו עם טונה 150 גר,,,סלט טונה עם ירקות בס,גרמים,150.00,100 גרם,false,,14.90,9.9333,true,1,525690
7290018440520,false,סלט טונה קאלוו מקסיקני 150 גר,קאלוו,,סלט טונה עם ירקות בס,גרמים,150.00,100 גרם,false,,14.90,9.9333,true,1,525691
7290018441626,false,גלידת פיינטים מנטה עוגיות 430 ג' בן וג'ירי,מוצרי איכות אמריקאיי,IL,גלידת שמנת בטעם מנטה,גרמים,430.00,100 גרם,false,,19.90,4.6279,true,1,327167
7290018468319,false,נקניקיה טבעונית בסגנון צוריסוס טירת צבי 400 גרם,טירת צבי,IL,נקניקיות צמחוניות בס,גרמים,400.00,100 גרם,false,,39.90,9.9750,true,1,441825
7290018468401,false,פסטרמה צמחונית בטעם גריל 100 גר טירת צבי,טיב טירת צבי 2000,IL,פסטרמה צמחונית בטעם,גרמים,120.00,100 גרם,false,,15.90,13.2500,true,1,563691
7290018468418,false,פסטרמה צמחונית בטעם מפולפל 100 ג טירת צב,טיב טירת צבי 2000,IL,פסטרמה צמחונית מפולפ,גרמים,120.00,100 גרם,false,,15.90,13.2500,true,1,563692
7290018468432,false,נקניק טבעוני בטעם מעושן 100 גרם טירת צבי,טיב טירת צבי 2000,IL,נקניק טבעוני בטעם פי,גרמים,100.00,100 גרם,false,,15.90,15.9000,true,1,563676
7290018471029,false,"שוופס סודה בטעם לימון שישיה * 500 מ""ל",יפאורה תבורי בעמ,IL,שוופס סודה לימון שיש,ליטרים,3.00,ליטר,false,,13.90,4.6333,true,1,110721
7290018471036,false,"שוופס סודה לימון 500 מ""ל","יפאורה תבורי בע""מ",IL,שוופס סודה לימון 500,מיליליטרים,500.00,"100 מ""ל",false,,3.50,0.7000,true,1,110734
7290018471401,false,משקה פרוט& ווג' אננס בננה כורכום 1 ליטר,יפאורה תבורי בעמ,IL,פרוט ווג אננס בננה כ,ליטרים,1.00,ליטר,false,,13.50,13.5000,true,1,143582
7290018471470,false,תפוזינה נקטר תפוז פסיפלורה קרטונית 1 ליטר,"יפאורה תבורי בע""מ",IL,נקטר תפוזינה ENJOY ב,ליטרים,1.00,ליטר,false,,6.90,6.9000,true,1,164256
7290018471487,false,תפוזינה נקטר תפוז אננס קרטונית 1 ליטר,"יפאורה תבורי בע""מ",IL,נקטר תפוזינה ENJOY ב,ליטרים,1.00,ליטר,false,,6.90,6.9000,true,1,164257
7290018471548,false,"רביעיית ספרינג ענבים 250 מ""ל",,IL,ענבים ספרינג 4*250,ליטרים,1.00,ליטר,false,,11.20,11.2000,true,1,143607
7290018471692,false,ספרינג שייק בננה אננס קוקוס פירות יער קרטונית 1 ל',"יפאורה תבורי בע""מ",IL,ספרינג שייק בננה אננ,ליטרים,1.00,ליטר,false,,13.10,13.1000,true,1,181609
7290018471906,false,שוופס מוגז פירות לימונדה ורודה 1.5 ליטר פיקדון,"יפאורה תבורי בע""מ",IL,שוופס מוגז לימונדה ו,ליטרים,1.50,ליטר,false,,9.50,6.3333,true,1,249230
7290018471913,false,שוופס מוגז פירות תפוחים 1.5 ליטר-,"יפאורה תבורי בע""מ",IL,שוופס פרוטס תפוחים 1,ליטרים,1.50,ליטר,false,,9.50,6.3333,true,1,249231
7290018471920,false,שוופס מוגז פירות ענבים 1.5 ליטר פיקדון,"יפאורה תבורי בע""מ",IL,שוופס ענבים מוגז 1.5,ליטרים,1.50,ליטר,false,,9.50,6.3333,true,1,249245
7290018471937,false,שוופס מוגז פירות תות ליים 1.5 ליטר פיקדון,"יפאורה תבורי בע""מ",IL,שוופס מוגז פירות תות,ליטרים,1.50,ליטר,false,,9.50,6.3333,true,1,249246
7290018471944,false,שוופס מוגז פירות לימונייד 1.5 ליטר פיקדון,"יפאורה תבורי בע""מ",IL,שוופס מוגז למונייד 1,ליטרים,1.50,ליטר,false,,9.50,6.3333,true,1,249260
7290018471951,false,שוופס מוגז פירות אשכולית אדומה 1.5 ליטר פיקדון,"יפאורה תבורי בע""מ",IL,שוופס פרוטס אשכולית,ליטרים,1.50,ליטר,false,,9.50,6.3333,true,1,249274
7290018493076,false,"ד""ר פישר - אפקטיב קר קרם ידיים שמן ארגן 100 מ""ל",,IL,קרם ידיים אפקטיב קר,מיליליטרים,100.00,"100 מ""ל",false,,15.90,15.9000,true,1,446177
7290018493144,false,"ד""ר פישר אל סבון נוזלי לידיים קמיל ש ארגן 1 ל'",,,אל סבון ארגאן סגול,ליטרים,1.00,ליטר,false,,15.90,15.9000,true,1,130671
7290018493748,false,"ד""ר פישר - מגבונים להסרת איפור אקסטרה סופט 30 יח' * 3",,,מגבונים להסרת איפור,יחידה,0.00,יחידה,false,,29.90,0.0000,true,1,232278
7290018500361,false,לחם אנג'ל אחיד פרוס 900 גר',מאפיית שלמה א. אנג'ל,IL,לחם אחיד פרוס מאפיית,גרמים,900.00,100 גרם,false,,8.32,0.9244,true,1,515038
7290018500385,true,חלה רגילה אנגל 650 ג,,,חלה רגילה אנגל 650 ג,גרמים,650.00,100 גרם,false,,6.50,1.0000,true,1,547073
7290018540329,false,שקית פיתה פיתה בלדי 800 ג' אנג'ל,מאפיית שלמה א. אנג'ל,IL,פיתה פיתה אנגל 880 ג,יח',10.00,יח',false,,12.90,1.2900,true,1,134573
7290018564684,false,ממרח פסטו בזיליקום ו,,,ממרח פסטו בזיליקום ו,גרמים,200.00,100 גרם,false,,11.90,5.9500,true,1,370504
7290018564721,false,ממרח אריסה שף הטבע 2,,,ממרח אריסה שף הטבע 2,גרמים,200.00,100 גרם,false,,11.90,5.9500,true,1,370508
7290018571071,false,"טופי פספסים 450 גרם ""מיה""",,,פספסים טופי מיה 450,גרמים,450.00,100 גרם,false,,14.90,3.3111,true,1,140849
7290018571521,false,סוכריות מולטי ויטמין לילדים 175 גרם מיה פלוס,,IL,סוכריות מולטי ויטמין,גרמים,175.00,100 גרם,false,,39.90,22.8000,true,1,560093
7290018571545,false,"סוכריות כורכומין מבוגרים אצבעות, 210 גרם",,IL,סוכריות כורכומין מבו,גרמים,210.00,100 גרם,false,,39.90,19.0000,true,1,560095
7290018571552,false,סוכריות אומגה 3 ילדים אצבעות 210גרם,,IL,סוכריות אומגה 3 -ילד,גרמים,240.00,100 גרם,false,,39.90,16.6250,true,1,560096
7290018571613,false,סוכריות אומגה 3 מבוגרים אצבעות רחבות 240גרם,,IL,סוכריות אומגה 3- מבו,גרמים,210.00,100 גרם,false,,39.90,19.0000,true,1,560097
7290018571620,false,סוכריות מולטי ויטמין לנשים 240 גרם מיה פלוס,,IL,סוכריות מולטי ויטמין,גרמים,240.00,100 גרם,false,,39.90,16.6250,true,1,560098
7290018571705,false,"אורז יסמין מיה 1 ק""ג",,IL,"אורז יסמין 1 ק""ג",קילוגרמים,1.00,"ק""ג",false,,11.90,11.9000,true,1,497057
7290018571729,false,"אורז ריזוטו עגול מיה 1 ק""ג",,IL,אורז ריזווטו עגול 1,קילוגרמים,1.00,"ק""ג",false,,9.90,9.9000,true,1,497085
7290018571736,false,אורז בסמטי הודי 1ק''ג,,IL,"אורז בסמטי 1 ק""ג",קילוגרמים,1.00,"ק""ג",false,,11.90,11.9000,true,1,497071
7290018626061,false,צלחות גדולות 9 שקוף,,,צלחות גדולות 9 שקוף,יחידה,0.00,יחידה,false,,19.90,0.0000,true,1,138301
7290018626078,false,"צלחות קטנות ""7 שקוף",,,"צלחות קטנות ""7 שקוף",יחידה,0.00,יחידה,false,,10.90,0.0000,true,1,138302
7290018626085,false,לפתניות 4.5 שקוף 50,,,לפתניות 4.5 שקוף 50,יחידה,0.00,יחידה,false,,8.90,0.0000,true,1,138317
7290018626108,false,קערות אובליות שקוף 5,,,קערות אובליות שקוף 5,יחידה,0.00,יחידה,false,,10.90,0.0000,true,1,138318
7290018626207,false,קינוחית אישית מאפינס,,,קינוחית אישית מאפינס,יחידה,0.00,יחידה,false,,12.50,0.0000,true,1,144346
7290018626214,false,קינוחית אישית פאי +,,,קינוחית אישית פאי +,יחידה,0.00,יחידה,false,,12.50,0.0000,true,1,144347
7290018626245,false,תבנית מהודרת לזניה 4,,,תבנית מהודרת לזניה 4,יחידה,0.00,יחידה,false,,11.90,0.0000,true,1,145025
7290018626306,false,פיצה מרגריטה פיטריות,,,פיצה מרגריטה פיטריות,גרמים,400.00,100 גרם,false,,11.90,2.9750,true,1,203136
7290018626351,false,צלחות וינטג' ענקיות,,,צלחות וינטג' ענקיות,יחידה,0.00,יחידה,false,,21.90,0.0000,true,1,152219
7290018626368,false,צלחות וינטג' גדולות,,,צלחות וינטג' גדולות,יחידה,0.00,יחידה,false,,17.90,0.0000,true,1,152235
7290018626467,false,"כוסות 250 מ""ל איכותי",,,"כוסות 250 מ""ל איכותי",יחידה,0.00,יחידה,false,,4.90,0.0000,true,1,143901
7290018626504,false,שקיות L שרוך 80 יח',,,שקיות L שרוך 80 יח',יחידה,0.00,יחידה,false,,22.90,0.0000,true,1,145821
7290018626511,false,שקיות L שרוך 50 יח',,,שקיות L שרוך 50 יח',יחידה,0.00,יחידה,false,,14.90,0.0000,true,1,145822
7290018626528,false,ניילון נצמד 30*150 ע,,,ניילון נצמד 30*150 ע,מטרים,150.00,מטר,false,,18.90,0.1260,true,1,166856
7290018626535,false,שקיות נייר לכריכים 5,,,שקיות נייר לכריכים 5,יחידה,0.00,יחידה,false,,7.90,0.0000,true,1,152318
7290018626580,false,צימרונים לאוזנים 100,,,צימרונים לאוזנים 100,יחידה,0.00,יחידה,false,,2.90,0.0000,true,1,198225
7290018626610,false,צימרונים לאוזנים מאר,,,צימרונים לאוזנים מאר,יחידה,0.00,יחידה,false,,9.90,0.0000,true,1,198254
7290018626634,false,מארז תבניות רוסטר עמ,,,מארז תבניות רוסטר עמ,יחידה,0.00,יחידה,false,,14.90,0.0000,true,1,302973
7290018626641,false,מארז תבניות רוסטר גד,,,מארז תבניות רוסטר גד,יחידה,0.00,יחידה,false,,14.90,0.0000,true,1,302974
7290018626689,false,מארז צלחות 12+12 מא,,,מארז צלחות 12+12 מא,יחידה,0.00,יחידה,false,,49.90,0.0000,true,1,226805
7290018626702,false,מארז צלחות 12+12 מא,,,מארז צלחות 12+12 מא,יחידה,0.00,יחידה,false,,49.90,0.0000,true,1,226807
7290018626832,false,מגש איכותי עגול גדול,,,מגש איכותי עגול גדול,יחידה,0.00,יחידה,false,,11.90,0.0000,true,1,249589
7290018626856,false,כוסות ליקר 50 יח' WI,,,כוסות ליקר 50 יח' WI,יחידה,0.00,יחידה,false,,8.90,0.0000,true,1,227804
7290018626887,false,כוסות P.P יהלום שוחר,,,כוסות P.P יהלום שוחר,יחידה,0.00,יחידה,false,,9.90,0.0000,true,1,198306
7290018626894,false,כוסות P.P יהלום כסף,,,כוסות P.P יהלום כסף,יחידה,0.00,יחידה,false,,9.90,0.0000,true,1,198307
7290018626924,false,מפיות תלת שכבתיות 20,,,מפיות תלת שכבתיות 20,יחידה,0.00,יחידה,false,,4.90,0.0000,true,1,220824
7290018626948,false,מפיות תלת שכבתיות 20,,,מפיות תלת שכבתיות 20,יחידה,0.00,יחידה,false,,4.90,0.0000,true,1,220838
7290018626993,false,מפיות תלת שכבתיות 20,,,מפיות תלת שכבתיות 20,יחידה,0.00,יחידה,false,,4.90,0.0000,true,1,220856
7290018652671,false,"לה קרמריה שוקולד וניל 1.4 ליטר [תו אי""ל]",נסטלה,IL,גלידת שוקו וניל מופח,גרמים,0.00,100 גרם,false,,22.90,0.0000,true,1,351900
7290018652909,false,מאגדת מאגנום קפה שוקולד ופקאן 5 *43 ג' נסטלה,נסטלה,IL,מאגדת שלגונים אספרסו,גרמים,225.00,100 גרם,false,,29.90,13.2889,true,1,449471
7290018703311,false,חטיף חלבון קרם עוגיות קראנץ 60 ג' פראוד,v.s.i,NL,חטיף חלבון בטעם קרם,גרמים,60.00,100 גרם,false,,13.90,23.1667,true,1,404197
7290018720011,false,ביסקוויט קרנבל חיות בטעם וניל 250 ג' מעדני מלך,הגביע מוצרי וופלים,IL,מעדני המלך קרנבל חיו,גרמים,250.00,100 גרם,false,,5.90,2.3600,true,1,148703
7290018720028,false,קרנבל אותיות ביסקוויט בטעם חמאה 250 ג' מעדני מלך,הגביע מוצרי וופלים,IL,מעדני המלך אותיות 25,גרמים,250.00,100 גרם,false,,5.90,2.3600,true,1,148704
7290018720103,false,וופל שוקו ללא סוכר 250 ג' מעדני מלך,,,אפיפיות בטעם שוקו לל,גרמים,250.00,100 גרם,false,,6.90,2.7600,true,1,240756
7290018720226,false,פצפוצי אורז 250 ג' מעדני מלך,אשבול,IL,פיצפוצי אורז עם סוכר,גרמים,250.00,100 גרם,false,,12.90,5.1600,true,1,532088
7290018777268,false,חטיף חלבון בננה קקאו טבע ירוק 50 גרם,טבע ירוק,IL,חטיף חלבון קקאו בננה,גרמים,50.00,100 גרם,false,,9.90,19.8000,true,1,280597
7290018777275,false,חטיף חלבון בטעם עוגיות וניל 50 ג' VEG PROTEIN,טבע ירוק,IL,חטיף חלבון וניל עוגי,גרמים,50.00,100 גרם,false,,9.90,19.8000,true,1,280598
7290018792858,false,אבקת קקאו טבעי 500 גרם,,IL,אבקת קקאו דל שומן 50,גרמים,500.00,100 גרם,false,,25.90,5.1800,true,1,559219
7290018795385,false,חסה לליק מהדרין קמעונאי,"מרינה פטריות הגליל בע""מ",IL,חסה לליק,יח',1.00,יח',false,,12.90,12.9000,true,1,281354
7290018795842,false,שיני שום קלופות 500 גר',,,שיני שום קלופות 500,גרמים,500.00,100 גרם,false,,18.90,3.7800,true,1,521465
7290018818275,false,פיצה קונו מרגריטה 26,,,פיצה קונו מרגריטה 26,גרמים,260.00,100 גרם,false,,14.90,5.7308,true,1,459673
7290018818305,false,פיצה אובליינה 260 גר,,,פיצה אובליינה 260 גר,גרמים,260.00,100 גרם,false,,14.90,5.7308,true,1,459688
7290018835029,false,מרק בטעם עוף פרווה ת,,,מרק בטעם עוף פרווה ת,גרמים,400.00,100 גרם,false,,15.90,3.9750,true,1,532056
7290018835043,false,תערובת תיבול סטייק מונטריאול 140 גרם מימון,,,תערובת תיבול סטייק מ,גרמים,140.00,100 גרם,false,,16.90,12.0714,true,1,590245
7290018886144,false,מפיות תלת שכבתיות 20,,,מפיות תלת שכבתיות 20,יחידה,0.00,יחידה,false,,4.90,0.0000,true,1,220874
7290018886151,false,מפיות תלת שכבתיות 20,,,מפיות תלת שכבתיות 20,יחידה,0.00,יחידה,false,,4.90,0.0000,true,1,220875
7290018886175,false,כפיות עבות 50 יח' ש,,,כפיות עבות 50 יח' ש,יחידה,0.00,יחידה,false,,9.90,0.0000,true,1,198268
7290018886182,false,כפיות עבות 50 יח' ק,,,כפיות עבות 50 יח' ק,יחידה,0.00,יחידה,false,,9.90,0.0000,true,1,198269
7290018886199,false,סכינים עבות 50 יח',,,סכינים עבות 50 יח',יחידה,0.00,יחידה,false,,9.90,0.0000,true,1,198270
7290018886212,false,מזלגות עבות 50 יח',,,מזלגות עבות 50 יח',יחידה,0.00,יחידה,false,,9.90,0.0000,true,1,198272
7290018886229,false,מזלגות עבות 50 יח',,,מזלגות עבות 50 יח',יחידה,0.00,יחידה,false,,9.90,0.0000,true,1,198273
7290018886236,false,כפות עבות 50 יח' שק,,,כפות עבות 50 יח' שק,יחידה,0.00,יחידה,false,,9.90,0.0000,true,1,198274
7290018886281,false,זוג כפות הגשה שקוף W,,,זוג כפות הגשה שקוף W,יחידה,0.00,יחידה,false,,5.90,0.0000,true,1,293990
7290018886304,false,פת דגנים סגנון שוודי,,,פת דגנים סגנון שוודי,גרמים,340.00,100 גרם,false,,11.90,3.5000,true,1,226308
7290018886328,false,פת דגנים שיפון 340 ג,,,פת דגנים שיפון 340 ג,גרמים,340.00,100 גרם,false,,11.90,3.5000,true,1,228999
7290018886342,false,פת דגנים 7 דגנים 340,,,פת דגנים 7 דגנים 340,גרמים,340.00,100 גרם,false,,11.90,3.5000,true,1,229000
7290018886656,false,כוס קינוח טרפז 20 יח,,,כוס קינוח טרפז 20 יח,יחידה,0.00,יחידה,false,,10.90,0.0000,true,1,294236
7290018886663,false,כוס קינוח מרובעת 20,,,כוס קינוח מרובעת 20,יחידה,0.00,יחידה,false,,10.90,0.0000,true,1,294250
7290018886878,false,קערת סלט בועות ורוד,,,קערת סלט בועות ורוד,יחידה,0.00,יחידה,false,,9.90,0.0000,true,1,227865
7290018893005,false,"חטיפי בייגלה אפוי בטעם חרדל ודבש, 160 גרם",,RO,בייגלה שטוח בתוספת ח,גרמים,200.00,100 גרם,false,,6.90,3.4500,true,1,284456
7290018893081,false,יוגטה עוג.איש. מגולגלות שוקולד קקאו 222,,IL,צ'וקטה מגולגלות חלב,גרמים,222.00,100 גרם,false,,9.90,4.4595,true,1,228777
7290018893258,false,צוקטה עוגות אישיות במילוי קרמל 10*30 גר,,IT,צ'וקטה עוגות אישיות,גרמים,300.00,100 גרם,false,,12.90,4.3000,true,1,204080
7290018893289,false,יוגטה עוגות אישיות מגולגלות קקאו 222 גר,,IL,צ'וקטה מגולגלות קקאו,גרמים,222.00,100 גרם,false,,9.90,4.4595,true,1,228778
7290018893340,false,צ'וקטה גריסיני שומשום 120 גרם,,US,צ'וקטה גריסיני שומשו,גרמים,120.00,100 גרם,false,,8.90,7.4167,true,1,522626
7290018893487,false,צוקטה עוגות אישיות בטעם קוקוס-350 גרם,,,צ'וקטה עוגות אישיות,גרמים,350.00,100 גרם,false,,12.90,3.6857,true,1,228794
7290018893494,false,עלי וופל דקים בטעם חמאה ציוקטה 100 גר,,BE,עוגיות עלי וופל דקות,גרמים,100.00,100 גרם,false,,10.00,10.0000,true,1,311410
7290018893500,false,עוגיות סנדוויץ שוקו 180 ג' צ'וקטה,,,צ'וקטה עוגיות סנדביץ,גרמים,180.00,100 גרם,false,,4.90,2.7222,true,1,435857
7290018893616,false,מארז צוקטה שוקולד מריר 48% 6*100 גר,,,שישיית צוקטה שוקולד4,גרמים,600.00,100 גרם,false,,20.90,3.4833,true,1,256396
7290018893654,false,חטיפי בייגלה דקיקים ופריכים מלח צ'וקטה 200 ג',,RO,צ'וקטה חטיף בייגלה ב,גרמים,200.00,100 גרם,false,,6.90,3.4500,true,1,228780
7290018893746,false,צ'וקטה בייגלה עגבניות ועשבי תיבול 180 גרם,,US,צ'וקטה בייגלה עגבניו,גרמים,180.00,100 גרם,false,,6.90,3.8333,true,1,559116
7290018893753,false,צ'וקטה וופל חמאה בטעם לימון 100 ג,,,צ'וקטה וופל חמאה בטע,גרמים,100.00,100 גרם,false,,10.00,10.0000,true,1,559131
7290018893807,false,צ'וקטה - שוקולד מריר שלישייה 3 * 100 גרם,,,מארז שוקולד מריר 60%,גרמים,300.00,100 גרם,false,,12.90,4.3000,true,1,311298
7290018893814,false,צ'וקטה שוקולד מריר 48% 5 יח' *100 ג',הדקלאים אגודת שיתופי,ES,צ'וקטה שוקולד 48% 5*,גרמים,500.00,100 גרם,false,,18.90,3.7800,true,1,244125
7290018893852,false,חטיפי בייגלה דקיקים ופריכים שומשום צ'וקטה 200 ג',,RO,צ'וקטה חטיף בייגלה ב,גרמים,200.00,100 גרם,false,,6.90,3.4500,true,1,228763
7290018893906,false,צ'וקטה עוגיות סנדביץ קרם וניל 250 ג,,,צ'וקטה עוגיות סנדביץ,גרמים,250.00,100 גרם,false,,7.90,3.1600,true,1,435900
7290018893937,false,לוקיטוס סוכריות ג'לי,,,לוקיטוס סוכריות ג'לי,גרמים,300.00,100 גרם,false,,9.90,3.3000,true,1,575584
7290018894019,false,בלקוני עוגות אישיות מיקמקס חלב 350 גרם,בלקוני,IT,עוגות אישיות מיקס מק,גרמים,350.00,100 גרם,false,,14.90,4.2571,true,1,447002
7290018894071,false,צוקטה מארז סביבון לח,"המשקם בע""מ",IL,צ'וקטה מארז לחנוכה 2,גרמים,225.00,100 גרם,false,,16.90,7.5111,true,1,585256
7290018894217,false,בלקוני עוגות אישיות מיקמקס קקאו 350 גרם,בלקוני,IT,עוגות אישיות מיקס מק,גרמים,350.00,100 גרם,false,,14.90,4.2571,true,1,447044
7290018894804,false,וופל אגוזי לוז 175 ג' בלקוני,בלקוני,IT,וופל במילוי קרם אגוז,גרמים,175.00,100 גרם,false,,7.90,4.5143,true,1,447072
7290018921166,false,"אל סבון נוזלי ניקוי יסודי ד""ר פישר 1 ל""",,,אל סבון ניקיון ולחות,ליטרים,1.00,ליטר,false,,15.90,15.9000,true,1,232211
7290018921203,false,"קמיל בלו קרם החתלה קמומיל 120 ג' ד""ר פישר",,IL,קמיל בלו קרם החתלה ק,גרמים,120.00,100 גרם,false,,18.90,15.7500,true,1,533909
7290018925065,false,מיץ פרימור תפוזים סחוט 2 ליטר-,גניר,IL,פרימור מיץ תפוזים סח,ליטרים,2.00,ליטר,false,,27.90,13.9500,true,1,269303
7290018925089,false,"מיץ פרימור תפו""ע צלול סחוט 2 ליטר-",גניר,IL,פרימור מיץ תפוחים צל,ליטרים,2.00,ליטר,false,,27.90,13.9500,true,1,269304
7290018925096,false,משקה קל תפוזים 1.5 ל' פרימור,השחר,IL,פרימור משקה קל תפוזי,ליטרים,1.50,ליטר,false,,8.90,5.9333,true,1,248030
7290018925133,false,משקה קל מנגו 1.5ל' פרימור,השחר,IL,פרימור משקה קל מנגו,ליטרים,1.50,ליטר,false,,8.90,5.9333,true,1,248102
7290018925140,false,משקה קל אשכוליות 1.5ל' פרימור,השחר,IL,פרימור משקה קל אשכול,ליטרים,1.50,ליטר,false,,8.90,5.9333,true,1,248046
7290018925157,false,משקה קל לימונים 1.5ל' פרימור,השחר,IL,פרימור משקה קל לימונ,ליטרים,1.50,ליטר,false,,8.90,5.9333,true,1,248061
7290018925164,false,משקה קל תות-בננה 1.5ל' פרימור,השחר,IL,פרימור משקה קל תות ב,ליטרים,1.50,ליטר,false,,8.90,5.9333,true,1,248031
7290018925409,false,"מיץ לימון ואננס 400 מ""ל פרימור","גניר בע""מ",IL,משקה קל לימון אננס פ,מיליליטרים,400.00,"100 מ""ל",false,,7.90,1.9750,true,1,536110
7290018925416,false,"מיץ לימון ופסיפלורה 400 מ""ל פרימור","גניר בע""מ",IL,משקה קל לימון פסיפלו,מיליליטרים,400.00,"100 מ""ל",false,,7.90,1.9750,true,1,536125
7290018929209,false,ניילון לכיסוי מזון 30 יח' SHINY,,,Fresh Cover ניילון ל,יחידה,0.00,יחידה,false,,7.90,0.0000,true,1,536984
7290018989005,false,שלישיית פולפה עגבניות טבעי יכין 400X3 גרם,זנלכל,IL,פולפה טבעית יכין 3*,קילוגרמים,1.20,"ק""ג",false,,16.90,14.0833,true,1,317506
7290018989081,false,חומוס הבית להכנת חומוס טרי יכין 400 גר,זנלכל,IL,חומוס הבית יכין 400,גרמים,400.00,100 גרם,false,,7.90,1.9750,true,1,505534
7290018989128,false,סירופ בטעם ענבים 1 ליטר יכין,,,סירופ בטעם ענבים יכי,יחידה,0.00,יחידה,false,,18.90,0.0000,true,1,508177
7290018989135,false,סירופ בטעם פטל 1 ליטר יכין,,,סירופ בטעם פטל יכין,יחידה,0.00,יחידה,false,,18.90,0.0000,true,1,510727
7290019014003,false,טאצ' נוזל רצפות אואזיס 4 ליטר,,,נוזל רצפות אואזיס טא,ליטרים,4.00,ליטר,false,,13.90,3.4750,true,1,301851
7290019014010,false,טאצ' נוזל רצפות לגונה 4 ליטר,,,נוזל רצפות לגונה טאצ,ליטרים,4.00,ליטר,false,,13.90,3.4750,true,1,308551
7290019014027,false,טאצ' נוזל רצפות בלוסום 4 ליטר,,,נוזל רצפות בלוסום טא,ליטרים,4.00,ליטר,false,,13.90,3.4750,true,1,301823
7290019014034,false,טאצ' נוזל רצפות לוטוס 4 ליטר,,,נוזל רצפות לוטוס טאצ,ליטרים,4.00,ליטר,false,,13.90,3.4750,true,1,301837
7290019014065,false,טאצ' נוזל רצפות 2 ליטר ערפילי שחר,,,נוזל רצפות ערפילי שח,ליטרים,2.00,ליטר,false,,17.90,8.9500,true,1,308580
7290019014089,false,טאצ' נוזל רצפות 2 ליטר דיונה פראית,,,נוזל רצפות דיונה פרא,ליטרים,2.00,ליטר,false,,17.90,8.9500,true,1,308594
7290019015154,false,"מבשם אוויר בוהו 250 מ""ל",,,מבשם אוויר בוהו פרחי,יחידה,0.00,יחידה,false,,29.90,0.0000,true,1,352000
7290019015185,false,"דפיוזר בוהו 200 מ""ל",,,דפיוזר בוהו,יחידה,0.00,יחידה,false,,49.90,0.0000,true,1,351972
7290019031000,false,WIZ מארז חמישיית ניי,,,WIZ מארז חמישיית ניי,יחידה,0.00,יחידה,false,,10.90,0.0000,true,1,303028
7290019031062,false,תבנית R-2 מלבנית 7 י,,,תבנית R-2 מלבנית 7 י,יחידה,0.00,יחידה,false,,9.90,0.0000,true,1,369588
7290019031079,false,תבנית R-29 מרובעת קט,,,תבנית R-29 מרובעת קט,יחידה,0.00,יחידה,false,,9.90,0.0000,true,1,369589
7290019031086,false,תבנית R-31 גדולה 7 י,,,תבנית R-31 גדולה 7 י,יחידה,0.00,יחידה,false,,9.90,0.0000,true,1,369590
7290019031093,false,תבנית R-64 בינונית 7,,,תבנית R-64 בינונית 7,יחידה,0.00,יחידה,false,,9.90,0.0000,true,1,369591
7290019031109,false,תבנית R-88 אינגליש 1,,,תבנית R-88 אינגליש 1,יחידה,0.00,יחידה,false,,9.90,0.0000,true,1,369592
7290019031116,false,תבנית R-99 ענקית 3 י,,,תבנית R-99 ענקית 3 י,יחידה,0.00,יחידה,false,,9.90,0.0000,true,1,369593
7290019031123,false,תבנית אלומינים A-14,,,תבנית אלומינים A-14,יחידה,0.00,יחידה,false,,9.90,0.0000,true,1,369594
7290019031130,false,WIZ תבניות מאפינס אל,,,WIZ תבניות מאפינס אל,יחידה,0.00,יחידה,false,,15.90,0.0000,true,1,450721
7290019031215,false,כוסות 10OZ לשתייה חמ,,,כוסות 10OZ לשתייה חמ,יחידה,0.00,יחידה,false,,9.90,0.0000,true,1,384532
7290019031239,false,כוסות 16OZ לשתייה חמ,,,כוסות 16OZ לשתייה חמ,יחידה,0.00,יחידה,false,,14.90,0.0000,true,1,384560
7290019031260,false,זוג מזלגות הגשה שקוף,,,זוג מזלגות הגשה שקוף,יחידה,0.00,יחידה,false,,5.90,0.0000,true,1,294033
7290019031307,false,לפתניות לבנות 25 יח',,,לפתניות לבנות 25 יח',יחידה,0.00,יחידה,false,,5.90,0.0000,true,1,354551
7290019031314,false,קערות אובליות לבנות,,,קערות אובליות לבנות,יחידה,0.00,יחידה,false,,6.90,0.0000,true,1,354552
7290019031321,false,"מרקיות 7"" לבנות 25 י",,,"מרקיות 7"" לבנות 25 י",יחידה,0.00,יחידה,false,,9.90,0.0000,true,1,354553
7290019031338,false,"צלחות קטנות 7"" לבנות",,,"צלחות קטנות 7"" לבנות",יחידה,0.00,יחידה,false,,8.90,0.0000,true,1,354567
7290019031345,false,צלחות גדולות 9 לבן 2,,,צלחות גדולות 9 לבן 2,יחידה,0.00,יחידה,false,,12.90,0.0000,true,1,311412
7290019031352,false,"צלחות ענקיות 10"" לבנ",,,"צלחות ענקיות 10"" לבנ",יחידה,0.00,יחידה,false,,23.90,0.0000,true,1,354581
7290019031369,false,"צלחות גדולות 9"" קרם",,,"צלחות גדולות 9"" קרם",יחידה,0.00,יחידה,false,,14.90,0.0000,true,1,354582
7290019031376,false,סבון ידיים אוקיינוס,,,סבון ידיים אוקיינוס,ליטרים,1.00,100 ליטר,false,,9.90,990.0000,true,1,354404
7290019031390,false,סבון ידיים אביבי 1 ל,,,סבון ידיים אביבי 1 ל,ליטרים,1.00,100 ליטר,false,,9.90,990.0000,true,1,354406
7290019031406,false,רביעיית מגבונים לחים,,,רביעיית מגבונים לחים,יחידה,0.00,יחידה,false,,9.90,0.0000,true,1,384309
7290019031420,false,אל סבון נוזלי שלישיי,,,אל סבון נוזלי שלישיי,מיליליטרים,500.00,"100 מ""ל",false,,11.90,2.3800,true,1,384177
7290019031444,false,אשפתון 65X54 XL חזקו,,,אשפתון 65X54 XL חזקו,יחידה,0.00,יחידה,false,,17.90,0.0000,true,1,430081
7290019031451,false,אשפתון 78X90 XXL חזק,,,אשפתון 78X90 XXL חזק,יחידה,0.00,יחידה,false,,23.90,0.0000,true,1,430082
7290019031505,false,WIZ צלחות מתכלות ענק,,,WIZ צלחות מתכלות ענק,יחידה,0.00,יחידה,false,,13.90,0.0000,true,1,534743
7290019031543,false,שמן זית כתית מעולה א,,,שמן זית כתית מעולה א,מיליליטרים,750.00,"100 מ""ל",false,,29.90,3.9867,true,1,383903
7290019031574,false,מארז 10 גביעיים + מכ,,,מארז 10 גביעיים + מכ,ליטרים,250.00,ליטר,false,,9.90,0.0396,true,1,372290
7290019031598,false,מארז 5 מכלים + מכסים,,,מארז 5 מכלים + מכסים,ליטרים,0.50,ליטר,false,,9.90,19.8000,true,1,372318
7290019031611,false,מארז 4 מכלים + מכסים,,,מארז 4 מכלים + מכסים,ליטרים,1.00,ליטר,false,,9.90,9.9000,true,1,372414
7290019031628,false,מטליות מיקרופייבר לר,,,מטליות מיקרופייבר לר,יחידה,0.00,יחידה,false,,12.90,0.0000,true,1,534854
7290019031635,false,פחם מסעדות דרום אמרי,,,פחם מסעדות דרום אמרי,יחידה,0.00,יחידה,false,,24.90,0.0000,true,1,566219
7290019031642,false,WIZ צלחות ענקיות שקו,,,WIZ צלחות ענקיות שקו,יחידה,0.00,יחידה,false,,21.90,0.0000,true,1,534806
7290019031659,false,WIZ צלחות גדולות  שק,,,WIZ צלחות גדולות  שק,יחידה,0.00,יחידה,false,,13.90,0.0000,true,1,534807
7290019031666,false,WIZ צלחות קטנות שקופ,,,WIZ צלחות קטנות שקופ,יחידה,0.00,יחידה,false,,9.90,0.0000,true,1,534808
7290019031673,false,"WIZ מרקיות שקופות 7""",,,"WIZ מרקיות שקופות 7""",יחידה,0.00,יחידה,false,,9.90,0.0000,true,1,534823
7290019031697,false,WIZ לפתניות שקופות 2,,,WIZ לפתניות שקופות 2,יחידה,0.00,יחידה,false,,5.90,0.0000,true,1,534839
7290019031833,false,"WIZ צלחות לבנות 9"" מ",,,"WIZ צלחות לבנות 9"" מ",יחידה,0.00,יחידה,false,,34.90,0.0000,true,1,557630
7290019056027,false,שוופס מוגז פירות תפוחים ללא סוכר 1.5 ליטר פיקדון,"יפאורה תבורי בע""מ",IL,שוופס מוגז פירות תפו,ליטרים,1.50,ליטר,false,,8.50,5.6667,true,1,249288
7290019056034,false,שוופס מוגז פירות אננס ללא סוכר 1.5 ליטר פיקדון,יפאורה תבורי,IL,שוופס מוגז פירות אננ,ליטרים,1.50,ליטר,false,,8.50,5.6667,true,1,249289
7290019056041,false,שוופס מוגז פירות לימונייד ללא סוכר 1.5 ליטר פיקדון,יפאורה תבורי,IL,שוופס מוגז פירות ללא,ליטרים,1.50,ליטר,false,,8.50,5.6667,true,1,249303
7290019056058,false,שוופס מוגז עדין תפוח ליים 1.5 ליטר פיקדון,"יפאורה תבורי בע""מ",IL,שוופס מוגז עדין תפוח,ליטרים,1.50,ליטר,false,,8.50,5.6667,true,1,248493
7290019056065,false,שוופס מוגז עדין פירות יער 1.5 ליטר פיקדון,"יפאורה תבורי בע""מ",IL,שוופס מוגז עדין פירו,ליטרים,1.50,ליטר,false,,8.50,5.6667,true,1,248508
7290019056072,false,שוופס מוגז עדין אננס 1.5 ליטר פיקדון,יפאורה תבורי בעמ,IL,שוופס מוגז עדין אננס,ליטרים,1.50,ליטר,false,,8.50,5.6667,true,1,248536
7290019056089,false,שוופס מוגז עדין ענבי ריזלינג 1.5 ליטר פיקדון,"יפאורה תבורי בע""מ",IL,שוופס מוגז עדין טעם,ליטרים,1.50,ליטר,false,,8.50,5.6667,true,1,248537
7290019056096,false,שוופס מוגז עדין אפרסק 1.5 ליטר פיקדון,"יפאורה תבורי בע""מ",IL,שוופס מוגז עדין אפרס,ליטרים,1.50,ליטר,false,,8.50,5.6667,true,1,248553
7290019056119,false,שוופס סודה 1.5 ליטר פיקדון,"יפאורה תבורי בע""מ",IL,שוופס סודה 1.5ליטר,ליטרים,1.50,ליטר,false,,3.50,2.3333,true,1,248281
7290019056126,false,שוופס סודה לימון 1.5 ליטר בק' בודד פיקדון,"יפאורה תבורי בע""מ",IL,שוופס סודה לימון 1.5,ליטרים,1.50,ליטר,false,,3.50,2.3333,true,1,249317
7290019056157,false,שוופס סודה פירות יער 1.5 ליטר בק' בודד פיקדון,,,שוופס סודה פירות יער,ליטרים,1.50,ליטר,false,,3.50,2.3333,true,1,259119
7290019056164,false,שוופס סודה 1.5 ליטר רביעייה פיקדון,"יפאורה תבורי בע""מ",IL,שוופס סודה 4*1.5ליטר,ליטרים,6.00,ליטר,false,,12.10,2.0167,true,1,248309
7290019056171,false,שוופס סודה לימון 1.5 ליטר רביעייה פיקדון,"יפאורה תבורי בע""מ",IL,שוופס סודה לימון 4*1,ליטרים,6.00,ליטר,false,,12.10,2.0167,true,1,248351
7290019056188,false,שוופס סודה נענע ליים 1.5 ליטר רביעייה פיקדון,"יפאורה תבורי בע""מ",IL,שוופס סודה נענע ליים,ליטרים,6.00,ליטר,false,,12.10,2.0167,true,1,248365
7290019056201,false,שוופס סודה פירות יער 1.5 ליטר רביעייה פיקדון,"יפאורה תבורי בע""מ",IL,שוופס פירות יער סודה,ליטרים,6.00,ליטר,false,,12.10,2.0167,true,1,248421
7290019056249,false,שוופס מים בטעמים ענבים 1.5 ליטר פיקדון,יפאורה תבורי בעמ,IL,שוופס וואטר ענבים 1.,ליטרים,1.50,ליטר,false,,8.50,5.6667,true,1,248185
7290019056256,false,שוופס מים בטעמים תפוחים 1.5 ליטר פיקדון,יפאורה תבורי בעמ,IL,שוופס וואטר בטעם תפו,ליטרים,1.50,ליטר,false,,8.50,5.6667,true,1,248199
7290019056263,false,שוופס מים בטעמים אפרסק 1.5 ליטר פיקדון,יפאורה תבורי בעמ,IL,שוופס וואטר אפרסק 1.,ליטרים,1.50,ליטר,false,,8.50,5.6667,true,1,248214
7290019056270,false,שוופס מים בטעמים פירות יער 1.5 ליטר פיקדון,"יפאורה תבורי בע""מ",IL,שוופס וואטר פירות יע,ליטרים,1.50,ליטר,false,,8.50,5.6667,true,1,254173
7290019056300,false,משקה בטעם ביטר לימון 1.5 ל' שוויפס,"יפאורה תבורי בע""מ",IL,שוופס ביטר לימון 1.5,ליטרים,1.50,ליטר,false,,12.50,8.3333,true,1,249373
7290019056317,false,שוופס ראשן 1.5 ליטר פיקדון,"יפאורה תבורי בע""מ",IL,שוופס ראשן 1.5 ליטר,ליטרים,1.50,ליטר,false,,12.50,8.3333,true,1,249387
7290019056331,false,שוופס טוניק ללא סוכר 1.5 ליטר פיקדון,יפאורה תבורי בעמ,IL,שוופס טוניק ללא סוכר,ליטרים,1.50,ליטר,false,,11.90,7.9333,true,1,249402
7290019056355,false,תפוזינה לימונדה MIX לימונענע 1.5 ליטר,"יפאורה תבורי בע""מ",IL,תפוזינה לימונדה נענע,ליטרים,1.50,ליטר,false,,8.50,5.6667,true,1,247566
7290019056362,false,תפוזינה ענבים 1.5 ליטר פיקדון,"יפאורה תבורי בע""מ",IL,תפוזינה ענבים 1.5 לי,ליטרים,1.50,ליטר,false,,8.50,5.6667,true,1,247736
7290019056379,false,תפוזינה תפוזים 1.5 ליטר פיקדון,"יפאורה תבורי בע""מ",IL,תפוזינה תפוזים 1.5 ל,ליטרים,1.50,ליטר,false,,8.50,5.6667,true,1,247807
7290019056386,false,פתוזינה אשכולית 1.5 ליטר פיקדון,"יפאורה תבורי בע""מ",IL,תפוזינה אשכוליות 1.5,ליטרים,1.50,ליטר,false,,8.50,5.6667,true,1,247838
7290019056393,false,תפוזינה תות בננה 1.5 ליטר פיקדון,"יפאורה תבורי בע""מ",IL,תפוזינה תות בננה 1.5,ליטרים,1.50,ליטר,false,,8.50,5.6667,true,1,247854
7290019056409,false,תפוזינה מנגו 1.5 ליטר פיקדון,"יפאורה תבורי בע""מ",IL,תפוזינה מנגו עסיסי 1,ליטרים,1.50,ליטר,false,,8.50,5.6667,true,1,247869
7290019056416,false,מיץ בטעם לימונדה ורודה 1.5 ל' תפוזינה,"יפאורה תבורי בע""מ",IL,תפוזינה לימונדה 1.5,ליטרים,1.50,ליטר,false,,8.50,5.6667,true,1,247870
7290019056423,false,מיץ בטעם תפוח רענן 1.5ל' תפוזינה,"יפאורה תבורי בע""מ",IL,תפוזינה תפוח רענן 1.,ליטרים,1.50,ליטר,false,,8.50,5.6667,true,1,247936
7290019056447,false,תפוזינה אשכוליות לייט 1.5 ליטר פיקדון,"יפאורה תבורי בע""מ",IL,תפוזינה אשכוליות 1.5,ליטרים,1.50,ליטר,false,,7.90,5.2667,true,1,248003
7290019056461,false,מארז משקה בטעם קולה שישייה * 1.5 ל' אר.סי,,IL,אר.סי קולה 6*1.5 ליט,ליטרים,9.00,ליטר,false,,40.90,4.5444,true,1,249519
7290019056515,false,פרוט ווטר אננס 1.5 ליטר פיקדון,"יפאורה תבורי בע""מ",IL,פרוט ווטר אננס 1.5 ל,ליטרים,1.50,ליטר,false,,8.90,5.9333,true,1,248116
7290019056522,false,פרוט ווטר תות 1.5 ליטר פיקדון,"יפאורה תבורי בע""מ",IL,פרוט ווטר תות 1.5 לי,ליטרים,1.50,ליטר,false,,8.90,5.9333,true,1,248143
7290019056539,false,פרוט ווטר אפרסק 1.5 ליטר פיקדון,"יפאורה תבורי בע""מ",IL,פרוט ווטר אפרסק 1.5,ליטרים,1.50,ליטר,false,,8.90,5.9333,true,1,248157
7290019056546,false,פרוט ווטר אבטיח 1.5 ליטר פיקדון,"יפאורה תבורי בע""מ",IL,פרוט ווטר אבטיח 1.5,ליטרים,1.50,ליטר,false,,8.90,5.9333,true,1,248158
7290019056553,false,שישית מים מינרליים 2ל' עין גדי,עין גדי מים מינרליים,IL,עין גדי מים מינרלים,ליטרים,12.00,ליטר,false,,13.30,1.1083,true,1,249630
7290019056560,false,עין גדי 2 ליטר בק' בודד פיקדון,יפאורה,IL,עין גדי מים מינרלים,ליטרים,2.00,ליטר,false,,3.50,1.7500,true,1,249644
7290019056577,false,ספרינג מנגו 1.5 ליטר פיקדון,"יפאורה תבורי בע""מ",IL,ספרינג מנגו 1.5 ליטר,ליטרים,1.50,ליטר,false,,8.50,5.6667,true,1,247337
7290019056584,false,ספרינג תפוזים 1.5 ליטר פיקדון,"יפאורה תבורי בע""מ",IL,ספרינג תפוזים 1.5 לי,ליטרים,1.50,ליטר,false,,8.50,5.6667,true,1,247380
7290019056591,false,ספרינג ענבים 1.5 ליטר פיקדון,"יפאורה תבורי בע""מ",IL,ספרינג ענבים 1.5 ליט,ליטרים,1.50,ליטר,false,,8.50,5.6667,true,1,247407
7290019056607,false,ספרינג תפוחים 1.5 ליטר פיקדון,"יפאורה תבורי בע""מ",IL,ספרינג תפוחים 1.5 לי,ליטרים,1.50,ליטר,false,,8.50,5.6667,true,1,247408
7290019056614,false,ספרינג אפרסק 1.5 ליטר פיקדון,"יפאורה תבורי בע""מ",IL,ספרינג אפרסק 1.5 ליט,ליטרים,1.50,ליטר,false,,8.50,5.6667,true,1,247422
7290019056621,false,ספרינג פירות טרופיים 1.5 ליטר פיקדון,"יפאורה תבורי בע""מ",IL,ספרינג פירות טרופיים,ליטרים,1.50,ליטר,false,,8.50,5.6667,true,1,247436
7290019056638,false,ספרינג תות בננה 1.5 ליטר פיקדון,"יפאורה תבורי בע""מ",IL,ספרינג תות בננה 1.5,ליטרים,1.50,ליטר,false,,8.50,5.6667,true,1,247437
7290019056645,false,ספרחנג אגס תפוח סברס 1.5 ליטר פיקדון,"יפאורה תבורי בע""מ",IL,ספרינג אגס סברס תפוח,ליטרים,1.50,ליטר,false,,8.50,5.6667,true,1,247466
7290019056652,false,ספרינג אננס בננה 1.5 ליטר פיקדון,"יפאורה תבורי בע""מ",IL,ספרינג אננס בננה 1.5,ליטרים,1.50,ליטר,false,,8.50,5.6667,true,1,247529
7290019056676,false,מיץ דיאט בטעם אשכוליות ואננס 1.5ל' ספרינג,"יפאורה תבורי בע""מ",IL,ספרינג דיאט אשכוליות,ליטרים,1.50,ליטר,false,,7.90,5.2667,true,1,279243
7290019056720,false,קריסטל מיץ ענבים 2 ליטר פיקדון,,IL,קריסטל מיץ ענבים 2 ל,ליטרים,2.00,ליטר,false,,7.90,3.9500,true,1,249403
7290019056744,false,קריסטל מיץ תפוזים 2 ליטר פיקדון,,,קריסטל מיץ תפוזים 2,ליטרים,2.00,ליטר,false,,7.90,3.9500,true,1,249431
7290019056751,false,קריסטל מיץ אשכוליות דיאט 2 ליטר פיקדון,,,קריסטל דיאט מיץ אשכו,ליטרים,2.00,ליטר,false,,6.90,3.4500,true,1,249432
7290019056768,false,קריסטל מיץ מנגו 2 ליטר פיקדון,,IL,קריסטל מיץ מנגו 2 לי,ליטרים,2.00,ליטר,false,,7.90,3.9500,true,1,249446
7290019056775,false,קריסטל מוגז ענבים 2 ליטר פיקדון,,,קריסטל ענבים מוגז 2,ליטרים,2.00,ליטר,false,,7.90,3.9500,true,1,249460
7290019056782,false,משקה מוגז בטעם לימון ליים 2 ל' קריסטל,,,קריסטל למון ליים 2 ל,ליטרים,2.00,ליטר,false,,7.90,3.9500,true,1,249461
7290019056799,false,קריסטל מוגז אקזוטי 2 ליטר פיקדון,,,קריסטל אקזוטי 2 ליטר,ליטרים,2.00,ליטר,false,,7.90,3.9500,true,1,249475
7290019056805,false,קריסטל מוגז תפוחים 2 ליטר פיקדון,,,משקה מוגז קריסטל תפו,ליטרים,2.00,ליטר,false,,7.90,3.9500,true,1,249489
7290019056812,false,קריסטל מוגז מנטה 2 ליטר פיקדון,,IL,קריסטל מנטה 2 ליטר,ליטרים,2.00,ליטר,false,,7.90,3.9500,true,1,249490
7290019056836,false,קריסטל מוגז תות 2 ליטר פיקדון,,IL,תות קריסטל 2 ליטר,ליטרים,2.00,ליטר,false,,7.90,3.9500,true,1,249505
7290019056843,false,קריסטל מוגז קולה 2 ליטר פיקדון,,IL,קריסטל קולה 2 ליטר,ליטרים,2.00,ליטר,false,,7.90,3.9500,true,1,249520
7290019056959,false,מי עדן 1.5 ליטר בק' בודד פיקדון,מופק ממקור בזלתי עדן,IL,מי עדן 1.5 ליטר,ליטרים,1.50,ליטר,false,,3.90,2.6000,true,1,279244
7290019056973,false,שישיית מי עדן 1.5 ליטר משפחתי,מופק ממקור בזלתי עדן,IL,מי עדן 6*1.5 ליטר,ליטרים,9.00,ליטר,false,,12.90,1.4333,true,1,249548
7290019074090,false,"ד""ר פישר - קמיל בלו אקסטרה סופט אל סבון לתינוק 500 מ""ל",,,קמיל בלו אקסטרה סופט,מיליליטרים,500.00,"100 מ""ל",false,,22.90,4.5800,true,1,532626
7290019074298,false,"ד""ר פישר - קמיל בלו אקסטרה סופט שמפו לתינוק 500 מ""ל",,,קמיל בלו אקסטרה סופט,מיליליטרים,500.00,"100 מ""ל",false,,22.90,4.5800,true,1,532641
7290019075899,false,קמיל בלו אקסטרה סופט אל סבון לתינוק ל',,,קמיל בלו אקסטרה סופט,ליטרים,1000.00,100 ליטר,false,,32.90,3.2900,true,1,532770
7290019145080,false,מראקש ערק לימון 700,,,מראקש ערק לימון 700,מיליליטרים,700.00,"100 מ""ל",false,,39.90,5.7000,true,1,600088
7290019153252,false,שוופס סודה תפוח 1.5 ליטר רביעייה פיקדון,,IL,שוופס סודה תפוח 4*1.,ליטרים,6.00,ליטר,false,,12.10,2.0167,true,1,441269
7290019153269,false,שוופס סודה אננס 1.5 ליטר רביעייה פיקדון,,IL,שוופס סודה אננס 4*1.,ליטרים,6.00,ליטר,false,,12.10,2.0167,true,1,441270
7290019153375,false,מיץ בטעם מוחיטו 1.5 ל' תפוזינה,"יפאורה תבורי בע""מ",IL,תפוזינה מוחיטו 1.5 ל,ליטרים,1.50,ליטר,false,,8.50,5.6667,true,1,470602
7290019204008,false,פסטרמה ארבעה פלפלים 8*350ג עוף טוב,,,פסטרמה ארבעה פלפלים,גרמים,350.00,100 גרם,false,,24.90,7.1143,true,1,543902
7290019204305,false,פסטרמה ברביקיו 8*350ג עף טוב,,,פסטרמה ברביקיו עוף ט,גרמים,350.00,100 גרם,false,,24.90,7.1143,true,1,543871
7290019232179,false,חליטת לילה טוב נענע 25 שקיקים ויסוצקי,ויסוצקי,IL,תה ויסוצקי ירוק נענ,גרמים,37.50,100 גרם,false,,22.90,61.0667,true,1,584316
7290019232384,false,חווית הצ'אי תה שחור בטעם מוקה 25*50 ג' ויסוצקי,ויסוצקי,IL,חווית הצ'אי- מוקה 25,גרמים,50.00,100 גרם,false,,19.90,39.8000,true,1,592554
7290019245001,false,שמן קנולה אלומות 1 ל,,,שמן קנולה אלומות 1 ל,ליטרים,1.00,ליטר,false,,10.90,10.9000,true,1,423283
7290019297161,false,טורטיות ראפ מקמח תירס 540 ג' 12 יח',,,טורטיות ראפ מקמח תיר,גרמים,540.00,100 גרם,false,,9.90,1.8333,true,1,4911
7290019297543,false,חמאת בוטנים שקדיה 51,,,חמאת בוטנים שקדיה 51,גרמים,510.00,100 גרם,false,,9.90,1.9412,true,1,4926
7290019297628,false,שקד טבעי 150 גרם ששון הקולה,דין שיווק,IL,שקד טבעי 150 גרם ששו,גרמים,150.00,100 גרם,false,,13.90,9.2667,true,1,4932
7290019297635,false,שקד קלויים 150 גרם ששון הקולה,דין שיווק,IL,שקד קלוי 150 גרם,גרמים,150.00,100 גרם,false,,16.90,11.2667,true,1,4933
7290019370031,false,סט קולבים צבע פסטל,,,סט קולבים צבע פסטל,יחידה,0.00,יחידה,false,,19.90,0.0000,true,1,443005
7290019393016,false,"קמח חיטה לבן ללא צורך בניפוי 1 ק""ג האופה",טבע ירוק,IL,קמח חיטה לבן מנופה,קילוגרמים,1.00,"ק""ג",false,,8.90,8.9000,true,1,567964
7290022005074,false,רוטב עגבניות שרי קלאסי 400 גרם,גוסטיבוס,IT,רוטב עגבניות שרי קלא,גרמים,400.00,100 גרם,false,,14.90,3.7250,true,1,578281
7290022005081,false,רוטב עגבניות שרי ארביאטה 400 גרם,,,רוטב עגבניות שרי ארב,גרמים,400.00,100 גרם,false,,14.90,3.7250,true,1,378
7290022005111,false,רוטב עגבניות שרי לפיצה 400 גרם,,,רוטב עגבניות שרי לפי,גרמים,400.00,100 גרם,false,,14.90,3.7250,true,1,380
7290022005562,false,קריספ פירורי לחם שום 300 גרם,,IL,פירורי לחם עם שום קר,גרמים,300.00,100 גרם,false,,7.90,2.6333,true,1,462095
7290055090702,false,"כרמית איגלו שלוקים 60 יחידות 29X60מ""ל",מנדלז סי.אר. פרודקשן,IL,כרמית איגלו שלוקים 6,ליטרים,2.03,ליטר,false,,12.90,6.3547,true,1,38842
7290100412718,false,"תרחיץ פנים קלאסק מאסק דר עור 150 מ""ל",,,דר' עור ג'ל ניקוי פנ,מיליליטרים,150.00,"100 מ""ל",false,,24.90,16.6000,true,1,29588
7290100412763,false,"תחליב רחצה ד""ר עור לבנדר 700 מ""ל",,,תחליב רחצה לבנדר דר,מיליליטרים,700.00,"100 מ""ל",false,,15.90,2.2714,true,1,29593
7290100412770,false,"ד""ר עור - תחליב רחצה קלאסי בניחוח מאסק 700 מ""ל",,,תחליב רחצה קלאסי מאס,מיליליטרים,700.00,"100 מ""ל",false,,15.90,2.2714,true,1,29594
7290100412800,false,"תחליב רחצה לעור יבש וילד פלאור דר עור 700 מ""ל",,,תחליב רחצה עור יבש פ,מיליליטרים,700.00,"100 מ""ל",false,,15.90,2.2714,true,1,29597
7290100570234,false,אביזרי מטבח,,,אביזרי מטבח,יחידה,0.00,יחידה,false,,12.90,0.0000,true,1,34270
7290100572146,false,כ.סט מקפיאון,,,כ.סט מקפיאון,יחידה,0.00,יחידה,false,,24.90,0.0000,true,1,34277
7290100572368,false,אביזרי מטבח,,,אביזרי מטבח,יחידה,0.00,יחידה,false,,19.90,0.0000,true,1,34279
7290100572610,false,אביזרי מטבח ב-11.99,,,אביזרי מטבח ב-11.99,יחידה,0.00,יחידה,false,,12.00,0.0000,true,1,34281
7290100572702,false,אביזרי מטבח ב-11.00,,,אביזרי מטבח ב-11.00,יחידה,0.00,יחידה,false,,10.90,0.0000,true,1,34282
7290100573402,false,אביזרי מטבח,,,אביזרי מטבח,יחידה,0.00,יחידה,false,,14.90,0.0000,true,1,34285
7290100659090,false,פרי חטיפים ללא סוכר מארז 5 תמרים וקינמו,טבעית מוצרים מן הטבע,IL,פרי חטיפים ללא סוכר,גרמים,100.00,100 גרם,false,,14.90,14.9000,true,1,21570
7290100680650,false,מנה חמה נודלס-אטריות ירקות טעם תאילנדי אסם 76 ג',THAI PRESIDENT FOODS,TH,מנה חמה נודלס תאילנד,גרמים,76.00,100 גרם,false,,5.90,7.7632,true,1,18809
7290100680667,false,אוסם - מנה חמה נודלס בטעם סצ'ואן 76 גרם,THAI PRESIDENT FOODS,TH,מנה חמה נודלס ירקות,גרמים,76.00,100 גרם,false,,5.90,7.7632,true,1,18810
7290100680711,false,פירורית זהב אסם זהב 350ג',עינת תעשיות,IL,אסם פירורית זהב 350,גרמים,350.00,100 גרם,false,,8.90,2.5429,true,1,18811
7290100680728,false,פירורית רגילה 350 ג' אוסם,מיוצר עי קונדיטוריית,IL,פירורית רגילה שקית 3,גרמים,350.00,100 גרם,false,,7.90,2.2571,true,1,18812
7290100681015,false,פודינג אינסטנט בטעם ריבת חלב 80 גר,מיוצר עי קונדיטוריית,IL,אסם פודינג אינסטנט ר,גרמים,84.00,100 גרם,false,,5.50,6.5476,true,1,18814
7290100681138,false,אפרופו מארז שלישיה * 50ג' אסם,"אסם השקעות בע""מ",IL,אפרופו מאח 3*50 גר',גרמים,150.00,100 גרם,false,,12.90,8.6000,true,1,18816
7290100681503,false,סירופ עסיס לימונענע דיאט 1 ליטר,בית-השיטה עסיס תעשיו,IL,סירופ דיאט לימונענע,ליטרים,1.00,ליטר,false,,16.90,16.9000,true,1,18818
7290100683880,false,תבשילים משפחתיים פירה 260 גרם,"אסם השקעות בע""מ",IL,פירה אסם 260 גרם,גרמים,260.00,100 גרם,false,,13.90,5.3462,true,1,18826
7290100685136,false,"מרק טעם עוף 1 ק""ג בשקית","אסם השקעות בע""מ",IL,מרק בטעם עוף אסם 1 ק,קילוגרמים,1.00,"ק""ג",false,,14.90,14.9000,true,1,18833
7290100685334,false,מרק עוף אמיתי מרכיבים טבעיים 400 גרם,"אסם השקעות בע""מ",IL,מרק עוף מרכיבים טבעי,גרמים,400.00,100 גרם,false,,19.90,4.9750,true,1,18835
7290100685341,false,מרק תיבול טעם עוף זך רכיבים טיבעיים 400,"אסם השקעות בע""מ",IL,מרק זך טעם עוף רכיבי,גרמים,400.00,100 גרם,false,,13.90,3.4750,true,1,18836
7290100686164,false,מארז מולטיפק ביסלי ברביקיו 6 יח 35 גר יח,מיוצר עי קונדיטוריית,IL,ביסלי ברביקיו מאח.8,גרמים,210.00,100 גרם,false,,12.90,6.1429,true,1,18843
7290100686171,false,מארז מולטיפק ביסלי גריל 6 יח 35 גר ליח,,,ביסלי גריל מאח.8 6*3,גרמים,210.00,100 גרם,false,,12.90,6.1429,true,1,18844
7290100687109,false,במבה במילוי קרם נוגט 60ג' אסם,"אסם השקעות בע""מ",IL,במבה במילוי קרם נוגט,גרמים,60.00,100 גרם,false,,4.50,7.5000,true,1,18847
7290100689301,false,אבקת מרק עוף זך עדיף אסם 400 גר',"אסם השקעות בע""מ",IL,מרק בטעם עוף זך אסם,גרמים,400.00,100 גרם,false,,13.90,3.4750,true,1,18854
7290100700006,false,"סוגת חיטה 1 ק""ג",,,"סוגת חיטה 1 ק""ג",קילוגרמים,1.00,"ק""ג",false,,8.90,8.9000,true,1,17348
7290100700020,false,גריסי פנינה סוגת 500 גר',האי נאם סי או אל.טי.,IL,סוגת גריסי פנינה 500,גרמים,500.00,100 גרם,false,,4.90,0.9800,true,1,17349
7290100700075,false,פירורי לחם מוזהבים 200 ג' סוגת,"סוגת תעשיות בע""מ",IL,פירורי לחם מוזהבים ש,גרמים,200.00,100 גרם,false,,3.90,1.9500,true,1,17350
7290100700266,false,פירורי לחם לבן סוגת 200ג',,IL,סוגת פרורי לחם לבן 2,גרמים,200.00,100 גרם,false,,3.90,1.9500,true,1,17352
7290100700273,false,קינואה סוגת 500 גרם,האי נאם סי או אל.טי.,IL,קינואה סוגת 500 גרם,גרמים,500.00,100 גרם,false,,12.80,2.5600,true,1,17353
7290100700310,false,"כוסמת 1ק""ג סוגת",,,כוסמת 1 ק'ג,קילוגרמים,1.00,"ק""ג",false,,14.90,14.9000,true,1,17355
7290100700372,false,"אורז בסמטי מלא סוגת 1 ק""ג",האי נאם סי או אל.טי.,IL,אורז בסמטי מלא 1 ק'ג,קילוגרמים,1.00,"ק""ג",false,,10.00,10.0000,true,1,17359
7290100700389,false,"אורז אדום 1 ק""ג סוגת",,,אורז אדום 1 ק'ג,קילוגרמים,1.00,"ק""ג",false,,12.90,12.9000,true,1,17360
7290100700396,false,"אורז יסמין קלאסי 1 ק""ג סוגת",האי נאם סי או אל.טי.,IL,סוגת אורז יסמין קלאס,קילוגרמים,1.00,"ק""ג",false,,11.90,11.9000,true,1,17361
7290100700402,false,"חומוס ענק 1 ק""ג סוגת",,,חומוס ענק 1 ק'ג,קילוגרמים,1.00,"ק""ג",false,,19.90,19.9000,true,1,17362
7290100700563,false,אורז מיקס קלאסי 1 ק',,IL,אורז מיקס קלאסי 1 ק',קילוגרמים,1.00,"ק""ג",false,,12.90,12.9000,true,1,17366
7290100700587,false,"בורגול ""סוגת"" 500 גרם",האי נאם סי או אל.טי.,IL,סוגת בורגול 500 גר,גרמים,500.00,100 גרם,false,,5.90,1.1800,true,1,17367
7290100701157,false,"אורז לסושי סוגת 1 ק""ג",,IL,אורז סושי 1 קג,קילוגרמים,1.00,"ק""ג",false,,11.90,11.9000,true,1,17370
7290100701300,false,קינואה אדומה 500 גר סוגת,,,סוגת קינואה אדומה 50,גרמים,500.00,100 גרם,false,,12.80,2.5600,true,1,17371
7290100701331,false,"קמח רב תכליתי 1 ק""ג סוגת","שטיבל בע""מ - טחנות ק",IL,קמח רב תכליתי סוגת,קילוגרמים,1.00,"ק""ג",false,,6.90,6.9000,true,1,17373
7290100701348,false,"קמח שיפון מלא 1 ק""ג סוגת",טחנות קמח שטיבל באר,IL,קמח שיפון מלא סוגת,קילוגרמים,1.00,"ק""ג",false,,6.90,6.9000,true,1,17374
7290100701454,false,גרישה 500 גרם סוגת,"סוגת תעשיות בע""מ",IL,גרישה 500 גרם,גרמים,500.00,100 גרם,false,,5.90,1.1800,true,1,17379
7290100701577,false,קמח לחם מועשר בויטמי,שטיבל,IL,קמח לחם מועשר בויטמי,קילוגרמים,1.00,"ק""ג",false,,6.90,6.9000,true,1,17380
7290100701874,false,"קמח כוסמין 1 ק""ג סוגת",טחנות קמח שטיבל באר,IL,"קמח כוסמין סוגת 1 ק""",קילוגרמים,1.00,"ק""ג",false,,15.90,15.9000,true,1,17384
7290100701881,false,"קמח פיצה ופוקצה 1 ק""ג סוגת","שטיבל בע""מ - טחנת קמ",IL,קמח פיצה ופוקצה סוגת,קילוגרמים,1.00,"ק""ג",false,,6.90,6.9000,true,1,17385
7290100702260,false,קוסקוס דק סוגת 350 גר',,,קוסקוס דק סוגת 350 ג,גרמים,350.00,100 גרם,false,,4.90,1.4000,true,1,17390
7290100702277,false,קוסקוס עבה סוגת 350 גר',,IL,קוסקוס עבה סוגת 350,גרמים,350.00,100 גרם,false,,4.90,1.4000,true,1,17391
7290100702284,false,קוסקוס מלא סוגת 350 גרם,,,קוסקוס מלא סוגת 350,גרמים,350.00,100 גרם,false,,4.90,1.4000,true,1,17392
7290100702383,false,"קמח תופח סוגת 1 ק""ג",,IL,"קמח תופח סוגת 1 ק""ג",קילוגרמים,1.00,"ק""ג",false,,6.90,6.9000,true,1,17395
7290100702611,false,פתיתים אפויים אורז 500 גרם סוגת,אסיף,,פתיתים אפויים אורז ס,גרמים,500.00,100 גרם,false,,4.90,0.9800,true,1,17404
7290100702628,false,פתיתים אפויים קוסקוס 500 גרם סוגת,יושלם,IL,פתיתים אפויים קוסקוס,גרמים,500.00,100 גרם,false,,4.90,0.9800,true,1,17405
7290100702635,false,פתיתים אפויים כוכבים סוגת 500 ג',,,פתיתים אפויים כוכבים,גרמים,500.00,100 גרם,false,,4.90,0.9800,true,1,17406
7290100702741,false,"סוכר חום בהיר בצנצנת 1 ק""ג סוגת",,,סוכר חום בהיר בצנצנת,קילוגרמים,1.00,"ק""ג",false,,12.90,12.9000,true,1,17415
7290100702987,false,פתיתי שיבולת שועל דק סוגת 500ג',סוגת תעשיות,,פתיתי שיבולת שועל סו,גרמים,500.00,100 גרם,false,,5.90,1.1800,true,1,17432
7290100702994,false,סוכר דמררה קלאסי בשקית 500 גר סוגת,"סוגת תעשיות בע""מ",IL,סוכר דמררה בשקית סוג,גרמים,500.00,100 גרם,false,,6.90,1.3800,true,1,17433
7290100703564,false,פתיתי שיבולת שועל עבה סוגת 500 ג',,,שיבולת שועל עבה סוגת,גרמים,500.00,100 גרם,false,,5.90,1.1800,true,1,17458
7290100703632,false,"קמח מלא ללא ניפוי 1 ק""ג סוגת",,,קמח מלא ללא ניפוי סו,קילוגרמים,1.00,"ק""ג",false,,7.90,7.9000,true,1,17462
7290100703649,false,"קמח מלא 80% חיטה ללא ניפוי סוגת 1ק""ג",,,קמח מלא חיטה 80% ללא,קילוגרמים,1.00,"ק""ג",false,,7.90,7.9000,true,1,17463
7290100703687,false,"קמח חלה ללא ניפוי 1 ק""ג סוגת",,,קמח חלה ללא ניפוי סו,קילוגרמים,1.00,"ק""ג",false,,7.90,7.9000,true,1,17466
7290100703861,false,"תערובת קמח קסם לחלה סוגת 1 ק""ג",סוגת,IL,קמח תערובת קסם לחלה,קילוגרמים,1.00,"ק""ג",false,,7.90,7.9000,true,1,17469
7290100703915,false,מארז פופקורן למיקרוגל בטעם חמאה 5+1 במתנה,,IL,מארז פופקורן למיקרוג,גרמים,540.00,100 גרם,false,,9.90,1.8333,true,1,17473
7290100703922,false,מארז פופקורן למיקרוגל בטעם טבעי 5+1במתנה,,IL,מארז פופקורן למיקרוג,גרמים,540.00,100 גרם,false,,9.90,1.8333,true,1,17474
7290100704141,false,סודה לשתייה 100 ג' סוגת,א.ל. ייצור ושיווק תב,IL,סוגת סודה לשתייה 100,גרמים,100.00,100 גרם,false,,2.90,2.9000,true,1,17484
7290100704615,false,סוכר לבן דק דק בצנצנת 500 גרם,,IL,סוכר לבן דק דק בצנצנ,גרמים,500.00,100 גרם,false,,7.90,1.5800,true,1,240394
7290100704622,false,סוכר דמררה דק דק בצנצנת 500 גרם,,IL,סוכר דמררה דק דק בצנ,גרמים,500.00,100 גרם,false,,7.90,1.5800,true,1,240395
7290100704684,false,"קמח שמרים כוסמין סוגת רב תכליתי 1 ק""ג סוגת",,IL,קמח שמרים כוסמין רב,קילוגרמים,1.00,"ק""ג",false,,19.90,19.9000,true,1,398369
7290100850909,false,דוריטוס נאצו מקסיקני 70 גרם,שטראוס פריטו ליי בע,IL,דוריטוס נאצו מקסיקני,גרמים,70.00,100 גרם,false,,3.90,5.5714,true,1,24180
7290100850916,false,דוריטוס חמוץ חריף 70 גרם,"שטראוס פריטו ליי בע""",IL,דוריטוס חמוץ חריף 70,גרמים,70.00,100 גרם,false,,3.90,5.5714,true,1,24181
7290100850923,false,דוריטוס גריל 70 גרם,שטראוס פריטו ליי בע,IL,דוריטוס גריל 70 גרם,גרמים,70.00,100 גרם,false,,3.90,5.5714,true,1,24182
7290100850930,false,דוריטוס טבעי 70 גרם,שטראוס פריטו ליי בע,IL,דוריטוס טבעי 70 גרם,גרמים,70.00,100 גרם,false,,3.90,5.5714,true,1,24183
7290100858592,false,אבקת קקאו עלית שקית 150 ג',הנסיך- מפעל לייצור ט,IL,עלית קקאו 150ג,גרמים,150.00,100 גרם,false,,9.90,6.6000,true,1,22366
7290100858608,false,אבקת קקאו עלית שקית 500 ג',שטראוס גרופ,,עלית קקאו 500ג,גרמים,500.00,100 גרם,false,,23.90,4.7800,true,1,22367
7290100921609,false,סוד סבון לאסלה 4 כדוריות בניחוח אוקיינוס 50 ג',,,סוד סבון 4 כדוריות ל,גרמים,50.00,100 גרם,false,,8.90,17.8000,true,1,34953
7290100921760,false,שמפו הוואי 700 ספורט לגבר,,,שמפו ספורט לשיער ולג,מיליליטרים,700.00,"100 מ""ל",false,,9.90,1.4143,true,1,8152
7290100922569,false,"ולוטה קרם רב שימושי מארז שלישייה*100 מ""ל",,IL,80*3 ולוטה קרם ידיים,מיליליטרים,300.00,"100 מ""ל",false,,19.90,6.6333,true,1,8169
7290100922651,false,הוואי - סבון מוצק מי קוקוס 100 גרם רביעייה,,,סבון מוצק מי קוקוס ה,גרמים,400.00,100 גרם,false,,11.90,2.9750,true,1,8174
7290100924457,false,סוד סבון לאסלה 4 כדוריות לימון שלישיה,,,סוד סבון 4 כדוריות ל,גרמים,150.00,100 גרם,false,,16.90,11.2667,true,1,34968
7290100924464,false,סוד סבון לאסלה 4 כדוריות אקונומיקה שלישיה,,,סוד סבון 4 כדוריות ל,גרמים,150.00,100 גרם,false,,16.90,11.2667,true,1,34969
7290100924631,false,"סוד - מרכך כביסה מרוכז בייבי סנסטיב 900 מ""ל","הנקל סוד בע""מ",IL,מרכך כביסה סוד מרוכז,מיליליטרים,900.00,"100 מ""ל",false,,11.90,1.3222,true,1,34978
7290100925676,false,קולור קאצ'ר 20 דפים לכביסה,,,קולור קאצ'ר 20 דפים,יחידה,0.00,יחידה,false,,22.90,0.0000,true,1,35017
7290101112228,false,מאגדת גלידל פרי אננס 8 יח,,,פופסיקל בטעם אננס 8,גרמים,640.00,100 גרם,false,,24.90,3.8906,true,1,36076
7290101112440,false,שלגון אייס קפוצ'ינו - חלבי פלדמן,פלדמן,IL,גרניטה חלבי אייס קפו,גרמים,80.00,100 גרם,false,,2.50,3.1250,true,1,244264
7290101112464,false,שלגון אייס ונילה - חלבי פלדמן,פלדמן,IL,גרניטה חלבי אייס וני,גרמים,80.00,100 גרם,false,,2.50,3.1250,true,1,244278
7290101112921,false,מאגדת גלידל פרי פירות טרופים 679 גר,,IL,פופסיקל בטעם פירות ט,גרמים,640.00,100 גרם,false,,24.90,3.8906,true,1,36087
7290101112945,false,שלגון גרניטה תות פלדמן,פלדמן,IL,קרחון גרניטה תות 80,גרמים,80.00,100 גרם,false,,2.50,3.1250,true,1,244250
7290101113362,false,מאגדת יופלה יוגורט ו,הגלידות של פלדמן,IL,מאגדת יופלה יוגורט ו,גרמים,257.00,100 גרם,false,,21.90,8.5214,true,1,71264
7290101113430,false,מאגדת גלידל שוקולד עם סירופ 312 ג',,,מאגדת גלידל סירופ שו,גרמים,312.00,100 גרם,false,,25.90,8.3013,true,1,151087
7290101113768,false,מאגדת שלגון עוגיות ושוקולד חלב רביעיה * 50 ג' יולו,,FR,מאגדת רביעייה שלגון,גרמים,200.00,100 גרם,false,,19.90,9.9500,true,1,364605
7290101113805,false,מאגדת קרחון שייק פרי תות 70% פרי 5*70 ג' יופלה,פלדמן,IL,מאגדת יופלה שייק פרי,גרמים,350.00,100 גרם,false,,21.90,6.2571,true,1,357694
7290101113911,false,מארז מנבו מוקה 12 יח' פלדמן,,IL,מנבו מוקה 12 יח 288,גרמים,288.00,100 גרם,false,,20.90,7.2569,true,1,564777
7290101453918,false,נר מספר - 4,סודי,CN,נר מספר 4,יחידה,0.00,יחידה,false,,4.50,0.0000,true,1,32287
7290101454151,false,נרות ג'מבו כוכבים - סמי הכבאי,סודי,,נרות ג`מבו כוכבים-סמ,יחידה,0.00,יחידה,false,,6.90,0.0000,true,1,32304
7290101459880,false,נרות אותיות- יום הול,,,נרות אותיות- יום הול,יחידה,0.00,יחידה,false,,9.90,0.0000,true,1,32486
7290101488316,false,ליידי ספיד סטיק - דאודורנט סטיק לאישה ללא סימן ורוד סטיק 65 גרם,הנסיך- מפעל לייצור ט,US,דאו' ללא סימן ורוד ל,מיליליטרים,65.00,"100 מ""ל",false,,19.30,29.6923,true,1,21579
7290101551027,false,קפסולות קפה אספרסו חזק במיוחד 14 עלית 10 יח',הנסיך- מפעל לייצור ט,IL,קפסולות אספרסו 14 למ,גרמים,50.00,100 גרם,false,,16.90,33.8000,true,1,22374
7290101551300,false,סילאן טבעי טהור לחיץ יד מרדכי 380 גר,"פוליבה בע""מ",IL,סילאן טבעי לחיץ יד מ,גרמים,380.00,100 גרם,false,,15.60,4.1053,true,1,22377
7290101551539,false,דנונה פרו 20 ג' חלבון בטעם אפרסק 200 ג',,IL,דנונה פרו 20 אפרסק 2,גרמים,200.00,100 גרם,false,,5.90,2.9500,true,1,23398
7290101551577,false,קוואקר שיבות שועל פחית מארז 2*500 גר',,GB,זוג קוואקר פחית שיבו,קילוגרמים,1.00,"ק""ג",false,,19.90,19.9000,true,1,24187
7290101551584,false,תפוצ'יפס קידס מארז 10 יח' * 20 ג',"שטראוס פריטו ליי בע""",IL,מארז תפוצ'יפס קידס 1,גרמים,200.00,100 גרם,false,,14.10,7.0500,true,1,24188
7290101551614,false,צ'יטוס קראנצ גבינה עלית מארז 8 יח' *30ג',הנסיך- מפעל לייצור ט,IL,מארז צ'יטוס קראנצ' ג,גרמים,240.00,100 גרם,false,,15.20,6.3333,true,1,24190
7290101551638,false,מארז ציטוס טעם קטשופ כאפה 10 * 20 גר,"שטראוס פריטו ליי בע""",IL,מארז צ'יטוס כאפה 10*,גרמים,200.00,100 גרם,false,,14.10,7.0500,true,1,24192
7290101551645,false,מארז ציטוס טעם פיצה איקס עיגול 10* 20 גר,הנסיך- מפעל לייצור ט,IL,מארז צ'יטוס איקס עיג,גרמים,200.00,100 גרם,false,,14.10,7.0500,true,1,24193
7290101863410,false,"סיליט ניקוי עוצמתי מכיל אקונומיקה 750 מ""ל",רקיט בנקיזר,PL,סיליט באנג ספריי אקו,מיליליטרים,750.00,"100 מ""ל",false,,14.90,1.9867,true,1,20903
7290101864127,false,"ספריי להסרת כתמים 750 מ""ל וניש קליה",רקיט בנקיזר,IL,קליה אוקסי ספריי 750,מיליליטרים,750.00,"100 מ""ל",false,,16.90,2.2533,true,1,20907
7290101865261,false,"פיניש נוזל הברקה 800 מ""ל",רקיט בנקיזר,PL,פיניש הברקה 800 מל,מיליליטרים,800.00,"100 מ""ל",false,,19.90,2.4875,true,1,20914
7290101866633,false,וניש קליה ג'ל מסיר כתמים 3 ליטר,רקיט בנקיזר,IL,וניש קליה ג'ל 3 ליטר,ליטרים,3.00,ליטר,false,,29.90,9.9667,true,1,20920
7290101866787,false,מסיר כתמים ומלבין לכביסה לבנה 3 ל וניש קליה,רקיט בנקיזר בעמ,IL,וניש נוזל מסיר כתמים,ליטרים,3.00,ליטר,false,,29.90,9.9667,true,1,20923
7290101868958,false,"פיניש נוזל הברקה למדיח בניחוח לימון 500 מ""ל",,,פיניש נוזל הברקה לימ,מיליליטרים,800.00,"100 מ""ל",false,,19.90,2.4875,true,1,20946
7290101869726,false,ג'ל 1 ליטר AIO פיניש,,,ג'ל 1 ליטר AIO פיניש,ליטרים,1.00,ליטר,false,,42.90,42.9000,true,1,20957
7290101869733,false,גל AIO פיניש לימון 1 ליטר,,,ג'ל 1 ליטר לימון AIO,ליטרים,1.00,ליטר,false,,42.90,42.9000,true,1,20958
7290101869795,false,אירוויק מילוי מבשם אוטומטי חלום ליל קיץ,,,איירוויק מילוי מבשם,מיליליטרים,250.00,"100 מ""ל",false,,15.90,6.3600,true,1,20964
7290101869832,false,מילוי מבשם אויר חשמלי חלום ליל קיץ בודד,,,איירוויק מילוי מבשם,יחידה,0.00,יחידה,false,,16.90,0.0000,true,1,20968
7290101982470,false,ממתק רולר 30 מל' בטעמים,יושלם,,ממתק רולר 30 גרם,גרמים,30.00,100 גרם,false,,5.90,19.6667,true,1,32510
7290101985365,false,בקבוק אלומיניום גדול,,,בקבוק אלומיניום גדול,יחידה,0.00,יחידה,false,,22.50,0.0000,true,1,32565
7290101999720,false,נרות מטה לבבות פו,,,נרות מטה לבבות פו,יחידה,0.00,יחידה,false,,7.50,0.0000,true,1,32820
7290102030330,false,תפוציפס קראנצ מקסיקני 200 גרם,"שטראוס פריטו ליי בע""",IL,תפוצ'יפס קראנץ מקסיק,גרמים,200.00,100 גרם,false,,10.90,5.4500,true,1,24201
7290102032334,false,קפה נמס בטעם וניל 200 ג' עלית,,,קפה נמס עלית בטעם ונ,גרמים,200.00,100 גרם,false,,19.90,9.9500,true,1,22380
7290102060764,false,מרידול זוג מברשות שיניים,יבואן ומשווק: ש. שסט,,זוג מברשות שיניים עד,יחידה,0.00,יחידה,false,,35.90,0.0000,true,1,21581
7290102060979,false,"מ. שיניים אלמקס 100 מ""ל למניעת עששת",יבואן ומשווק: ש. שסט,PL,משחת שיניים משפחתי א,מיליליטרים,100.00,"100 מ""ל",false,,18.90,18.9000,true,1,21583
7290102062195,false,אלמקס גוניור משחת שיניים לגילאי 6-12,יבואן ומשווק: ש. שסט,PE,אלמקס משחת שיניים אל,מיליליטרים,75.00,"100 מ""ל",false,,15.90,21.2000,true,1,21586
7290102302864,false,גבינת גאודה פסטו ירוק 200 גרם,הנרי ויליך,NL,גבינה הולנדית חצי קש,גרמים,200.00,100 גרם,false,,29.90,14.9500,true,1,426847
7290102303878,false,אלוויר חמאה נורמנדי 200 גר,,,חמאת נורמנדי 200 גרם,גרמים,200.00,100 גרם,false,,21.90,10.9500,true,1,426875
7290102390427,false,יוגורט ביו עם קציפת תות 3% שומן 150 ג' מולר,טרה,,מולר פרופ תות 3% 150,גרמים,150.00,100 גרם,false,,4.90,3.2667,true,1,6444
7290102390465,false,יוגורט ביו עם קציפת אפרסק ופסיפלורה 3% שומן 150 ג' מולר,טרה,,מולר פרופ אפרסק פסיפ,גרמים,150.00,100 גרם,false,,4.90,3.2667,true,1,6445
7290102391844,false,יוגורט ביו עם קציפת פירות יער3% שומן 150 ג' מולר,טרה,,מולר פרופ לבן+קציפת,גרמים,150.00,100 גרם,false,,4.90,3.2667,true,1,6454
7290102392049,false,גבינה תבור לאפייה 5% 500 ג' צוריאל,משק צוריאל,IL,צוריאל תבור 5% 500ג,גרמים,500.00,100 גרם,false,,22.90,4.5800,true,1,6456
7290102392094,false,חלב עיזים 4.1% צוריאל 1 ל' קרטון,מילקו תעשיות בעמ,IL,צוריאל חלב עיזים 1ל,ליטרים,1.00,ליטר,false,,15.50,15.5000,true,1,6457
7290102392254,false,חלב 1% בקרטון 2 ל' טרה,מילקו תעשיות בעמ,IL,טרה חלב 1% 2ל,ליטרים,2.00,ליטר,false,,11.72,5.8600,true,1,6460
7290102393039,false,מולר מיקס יוגורט קרמי בתוספת פצפוצי שוקולד 170 ג',טרה,IL,מולר מיקס בתוספת פצפ,מיליליטרים,170.00,"100 מ""ל",false,,5.90,3.4706,true,1,6473
7290102393176,false,סימפלי פרוט יוגורט אפרסק 3% שומן 150 ג' מולר,מילקו תעשיות בעמ,IL,מולר סימפלי פרוט אפר,גרמים,150.00,100 גרם,false,,4.90,3.2667,true,1,6481
7290102393190,false,סימפלי פרוט פירות היער 3% שומן 150 ג' מולר,מילקו תעשיות בעמ,IL,מולר סימפלי פרוט פיר,גרמים,150.00,100 גרם,false,,4.90,3.2667,true,1,6482
7290102393268,false,גבינה לבנה 5% שומן 750 ג' טרה,,,טרה גבינה לבנה אריזת,גרמים,750.00,100 גרם,false,,14.90,1.9867,true,1,6483
7290102393299,false,יוגורט עיזים לשתייה 3% שומן 500 ג' צוריאל,מיוצר עי קוד יצרן HG,IL,צוריאל יוגורט עיזים,מיליליטרים,500.00,"100 מ""ל",false,,11.90,2.3800,true,1,6484
7290102393947,false,סימפלי פרוט יוגורט בטעם קיווי 3% שומן 150 ג' מולר,מילקו תעשיות בעמ,IL,מולר סימפלי פרוט קיו,מיליליטרים,150.00,"100 מ""ל",false,,4.90,3.2667,true,1,6490
7290102394081,false,מיקס יוגורט קורנפקלס מצופה שוקולד 170 ג' מולר,מילקו תעשייה בעמ,IL,מולר מיקס קורנפקלס מ,גרמים,170.00,100 גרם,false,,5.90,3.4706,true,1,6492
7290102394258,false,עז מה 9% מופחתת שומן צוריאל 180 גר,משק צוריאל,IL,צוריאל מה עז 9% 180ג,גרמים,180.00,100 גרם,false,,20.90,11.6111,true,1,6494
7290102394463,false,נעם גבינה צהובה וואקום 28% 500 גרם,טרה,IL,נעם גבינה צהובה וואק,גרמים,500.00,100 גרם,false,,25.90,5.1800,true,1,6501
7290102394821,false,"נעם גבינה צהובה דק דק פ""ח 28% 200 גר",מילקו תעשיות בעמ,IL,נעם גבינה צהובה דק ד,גרמים,200.00,100 גרם,false,,15.50,7.7500,true,1,6505
7290102394845,false,גבינה צהובה דק דקה 9% 200 ג' נעם,מילקו תעשיות בעמ,IL,נעם גבינה צהובה דק ד,גרמים,200.00,100 גרם,false,,16.90,8.4500,true,1,6506
7290102395101,false,ממרח גבינה ושוקולד שוקי 200 גר,מילקו תעשיות בעמ,IL,מוו ממרח גבינה ושוקו,גרמים,200.00,100 גרם,false,,10.90,5.4500,true,1,6509
7290102395217,false,מאגדת שמיניה מולר במתיקות מעודנת 1.2% 8*150 ג',טרה,,מולר ביאנקו במתיקות,קילוגרמים,1.20,"ק""ג",false,,18.50,15.4167,true,1,6513
7290102395224,false,יוגורט מולר ביאנקו 1.7% מארז 150X8ג',טרה,,מולר נטורל 1.7% 8*15,קילוגרמים,1.20,"ק""ג",false,,16.90,14.0833,true,1,6514
7290102395231,false,מולר נטורל 2.8% ביאנקו מאגדת 8 יח' * 150 ג',טרה,,מולר נטורל 2.8% 8*15,קילוגרמים,1.20,"ק""ג",false,,16.90,14.0833,true,1,6515
7290102395262,false,מולר סימפלי תות אפרסק 3% מאגדת 8 יח' * 150 ג',טרה,IL,מולר תות שדה ואפרסק,קילוגרמים,1.20,"ק""ג",false,,30.90,25.7500,true,1,6516
7290102395347,false,יוגורט 6% שומן 3 ל' טרה,,,טרה יוגורט 6% כד 3 ק,קילוגרמים,3.00,"ק""ג",false,,28.90,9.6333,true,1,6517
7290102395378,false,גבינה צהובה נועם 28% וואקום פרוס 360ג',טרה,IL,נעם גבינה צהובה ואקו,גרמים,360.00,100 גרם,false,,19.90,5.5278,true,1,6518
7290102395439,false,מולר סימפלי פירות יער וקיווי 3% מאגדת 8 יח' * 150 ג',מילקו תעשיות בעמ,IL,מולר סימפלי פירות יע,קילוגרמים,1.20,"ק""ג",false,,30.90,25.7500,true,1,6520
7290102395446,false,מעדן חלב בטעם וניל עם קצפת 123 ג' טרה,טרה,IL,מוו וניל קצפת 123מל,מיליליטרים,123.00,"100 מ""ל",false,,2.90,2.3577,true,1,6521
7290102395477,false,מעדן חלב בטעם שוקולד עם קצפת 123 ג' טרה,טרה,IL,מוו שוקולד קצפת 123מ,מיליליטרים,123.00,"100 מ""ל",false,,2.90,2.3577,true,1,6524
7290102395521,false,"שמנת לבישול 15% שומן 500 מ""ל טרה",מילקו תעשיות בעמ,IL,טרה שמנת לבישול 15%+,מיליליטרים,500.00,"100 מ""ל",false,,16.50,3.3000,true,1,6525
7290102396399,false,מאגדת שמיניה מעדן שוקולד 100*8 גר,,,מוו מעדן שוקולד 100*,גרמים,800.00,100 גרם,false,,13.40,1.6750,true,1,6542
7290102396405,false,מאגדת שמיניה מעדן וניל 100*8 גר,,,מוו מעדן וניל 100*8,גרמים,800.00,100 גרם,false,,13.40,1.6750,true,1,6543
7290102396436,false,מעדן שוקולד 1.5% שומן 125 ג' טרה,,,מוו מעדן שוקולד 1.5%,גרמים,125.00,100 גרם,false,,2.90,2.3200,true,1,6546
7290102396580,false,מעדן שוקולד ומוס שוקולד 123 ג' טרה,טרה,IL,מוו מעדן שוקולד ומוס,גרמים,118.00,100 גרם,false,,2.90,2.4576,true,1,6551
7290102396597,false,מעדן מוו וניל ומוס שוקולד 123 גר,,,מוו מעדן וניל ומוס ש,גרמים,118.00,100 גרם,false,,2.90,2.4576,true,1,6552
7290102396665,false,פרוסות גבינה 15% שומן 200 ג' נעם,מילקו תעשיות בעמ,IL,גבנ`צ דקדק פתח סגור,גרמים,200.00,100 גרם,false,,15.50,7.7500,true,1,6555
7290102396672,false,זבינה צהובה נעם דק דק 9% 360 גר,,,נעם צהובה דק דק 9% 3,גרמים,360.00,100 גרם,false,,25.90,7.1944,true,1,6556
7290102396719,false,מולר סימפלי פרוט תות 0% 150 ג',טרה,IL,מולר סימפלי פרוט תות,גרמים,170.00,100 גרם,false,,4.90,2.8824,true,1,6558
7290102397204,false,פרוסות גבינה 22% שומן 200 ג' נעם,מילקו תעשיות בעמ,IL,נעם צהובה דק דק 22%,גרמים,200.00,100 גרם,false,,15.50,7.7500,true,1,6582
7290102397310,false,מעדן מיני בטעם שוקולד קצפת מוו מאגדת 8 יח' * 70 ג',,,מאגדת שמינייה מיני מ,מיליליטרים,944.00,"100 מ""ל",false,,11.50,1.2182,true,1,6586
7290102397334,false,גבינה בולגרית 5% צוריאל גליל 250ג',מחלבת משק צוריאל,IL,בולגרית 5% 250 גר` ב,גרמים,250.00,100 גרם,false,,20.90,8.3600,true,1,6588
7290102397464,false,יוגורט ביו בתוספת גרעינים אגוזים וחמוציות 170 ג' מולר,טרה,IL,מולר יוגורט נטורל +,גרמים,150.00,100 גרם,false,,5.90,3.9333,true,1,6597
7290102397600,false,מיקס יוגורט בתוספת שקדים ובוטנים מקורמלים 170 ג' מולר,מילקו תעשייה בעמ,IL,מולר מיקס שקדים ובוט,גרמים,168.00,100 גרם,false,,5.90,3.5119,true,1,6607
7290102397617,false,מיקס מולר יוגורט און טופ קליק חטיף חום לבן 170ג',טרה,IL,מולר מיקס קליק 168 ג,גרמים,168.00,100 גרם,false,,5.90,3.5119,true,1,6608
7290102397679,false,קוטג' וחצי 5% טרה 375 ג',,,קוטג' וחצי 5% 375 גר,גרמים,375.00,100 גרם,false,,6.90,1.8400,true,1,6611
7290102397730,false,פרוסות גבינה אמנטל חצי קשה 30% שומן 200 ג' נעם,טרה,IL,גבינת אמנטל נעם פתיח,גרמים,200.00,100 גרם,false,,16.90,8.4500,true,1,6616
7290102397747,false,מוצרלה נעם רכיבים טבעיים 200 גרם,טרה,IL,מוצרלה נעם רכיבים ט,גרמים,200.00,100 גרם,false,,18.90,9.4500,true,1,6617
7290102397891,false,גבינת מותכת 18% צוריאל 100ג',משק צוריאל,IL,רביעייה גבינה מותכת,גרמים,100.00,100 גרם,false,,7.50,7.5000,true,1,6624
7290102398065,false,חלב 3% וסטהיים בקרטון 2 ל' טרה,טרה,IL,טרה חלב קרטון 3% מהד,יחידה,0.00,יחידה,false,,12.46,0.0000,true,1,6633
7290102398331,false,חלב מעושר 2% דל לקטוז טרה 1ל',טרה,IL,חלב מועשר 1 ליטר דל,ליטרים,1.00,ליטר,false,,7.50,7.5000,true,1,6652
7290102398478,false,לאבנה 9% שומן 500 ג' טרה,,,לאבנה 9% טרה 500 גרם,גרמים,500.00,100 גרם,false,,19.90,3.9800,true,1,6660
7290102398553,false,שוקו טרה בבקבוק 1.5 ליטר,מילקו תעשיות בעמ,IL,שוקו טרה בבקבוק 1.5,ליטרים,1.50,ליטר,false,,15.90,10.6000,true,1,6666
7290102398560,false,שוקו מעושר בבקבוק 1ל' טרה,מילקו תעשיות בעמ,IL,שוקו טרה מועשר בבקבו,ליטרים,1.00,ליטר,false,,11.90,11.9000,true,1,6667
7290102398577,false,"שוקו מועשר בבקבוק פקק 250 מ""ל טרה",מילקו תעשיות בעמ,IL,שוקו טרה מועשר בבקבו,מיליליטרים,250.00,"100 מ""ל",false,,5.50,2.2000,true,1,6668
7290102398614,false,משקה חלב בטעם בננה 1ל' טרה,מילקו תעשיות בעמ,IL,משקה חלב בטעם בננה 1,ליטרים,1.00,ליטר,false,,11.90,11.9000,true,1,6669
7290102398638,false,משקה חלב בטעם מוקה 1ל' טרה,מילקו תעשיות בעמ,IL,משקה חלב בטעם מוקה 1,ליטרים,1.00,ליטר,false,,11.90,11.9000,true,1,6670
7290102398669,false,משקה חלב אייס קפוצינו 1 ל' טרה,מילקו תעשיות בעמ,IL,אייס קפוצ'ינו מווו ט,ליטרים,1.00,ליטר,false,,11.90,11.9000,true,1,82797
7290102398782,false,משקה סויה קלאסי משק צוריאל 1 ליטר,ואל סויה,IT,משקה סויה קלאסי משק,ליטרים,1.00,ליטר,false,,9.90,9.9000,true,1,6676
7290102398799,false,משקה סויה במתיקות מופחתת צוריאל 1 ליטר,ואל סויה,IT,משקה סויה במתיקות מו,ליטרים,1.00,ליטר,false,,9.90,9.9000,true,1,6677
7290102398805,false,משקה סויה בטעם וניל משק צוריאל 1 ליטר,,IL,משקה סויה בטעם וניל,ליטרים,1.00,ליטר,false,,9.90,9.9000,true,1,6678
7290102398836,false,משקה שקדים קלאסי משק צוריאל 1 ליטר,,IT,משקה שקדים קלאסי משק,ליטרים,1.00,ליטר,false,,11.90,11.9000,true,1,6680
7290102399048,false,פרוסות גבינת קשקבל נעם 200 ג' טרה,טרה,IL,קשקבל נעם פתיחה חוזר,גרמים,200.00,100 גרם,false,,21.90,10.9500,true,1,6687
7290102399635,false,"מולר פרופ יוגורט ביו עם קציפת קוקוס ואננס 150 מ""ל",טרה,IL,מעדן מולר פרופ קוקוס,גרמים,150.00,100 גרם,false,,4.90,3.2667,true,1,83684
7290102399772,false,מולר ספרדבל ממרח חמאה מליחות עדינה 200 ג,Molkerei Weihensteph,DE,מולר ממרח חמאה במליח,גרמים,250.00,100 גרם,false,,15.90,6.3600,true,1,80476
7290102399796,false,מעדן יוגורט לבן מועשר בחלבון 200 ג' מולר אקטיב,טרה,IL,יוגורט חלבון לבן 250,גרמים,200.00,100 גרם,false,,5.90,2.9500,true,1,76220
7290102399802,false,יוגורט עם תות מולר אקטיב מועשר בחלבון 200 גר',טרה,IL,יוגורט חלבון תות 20,גרמים,200.00,100 גרם,false,,5.90,2.9500,true,1,76221
7290102399819,false,יוגורט עם פירות יער מולר אקטיב מועשר בחלבון 200 גר',טרה,IL,יוגורט חלבון פ.יער 2,גרמים,200.00,100 גרם,false,,5.90,2.9500,true,1,76222
7290102399857,false,מולר אקטיב יוגורט חלבון תות 0% שומן 200 ג',,IL,יוגורט מולר אקטיב לי,גרמים,150.00,100 גרם,false,,5.90,3.9333,true,1,90405
7290102840175,false,"פודינג 85 גרם ""מיה"" וניל 85 גרם",,IL,פודינג וניל 85 גר מי,גרמים,85.00,100 גרם,false,,3.80,4.4706,true,1,15283
7290102840182,false,פודינג שוקולד 85 ג' מיה,,,פודינג שוקולד 85 ג,גרמים,85.00,100 גרם,false,,3.80,4.4706,true,1,15284
7290102840205,false,ג'לי תות 85 גר מיה,,IL,גלי תות 85 גר מיה,גרמים,90.00,100 גרם,false,,3.90,4.3333,true,1,15286
7290103120658,false,דאו' ספיד סטיק 24/7 ג'ל שחור 85ג',הנסיך- מפעל לייצור ט,US,דאודורנט ג'ל שחור ספ,מיליליטרים,85.00,"100 מ""ל",false,,18.90,22.2353,true,1,21593
7290103124588,false,"פלמוליב סבון נוזלי סגול משאבה 750 מ""ל",הנסיך- מפעל לייצור ט,TR,תחליב רחצה ארומה סגו,מיליליטרים,750.00,"100 מ""ל",false,,19.90,2.6533,true,1,21599
7290103124601,false,"תחליב רחצה נוזל חלב ודבש משאבה 750מ""ל פלמוליב",הנסיך- מפעל לייצור ט,TR,תחליב רחצה חלב ודבש,מיליליטרים,750.00,"100 מ""ל",false,,19.90,2.6533,true,1,21601
7290103128739,false,בלונס צימרוני אוזניים לתינוק 50 יח',הנסיך- מפעל לייצור ט,GR,בלונס צימרוני אוזניי,יחידה,0.00,יחידה,false,,6.90,0.0000,true,1,21610
7290103129392,false,ליידי ספיד סטיק פרש אינפיוזן 65 גר,קולגייט פלמוליב,US,דאו' פרח הפרזיה לייד,גרמים,65.00,100 גרם,false,,19.30,29.6923,true,1,21616
7290103129408,false,ליידי ספיד סטיק - דאודורנט סטיק לאישה פרש אסנס פריחת הפרדס 65 גרם,קולגייט פלמוליב,US,דאו' פריחת הפרדס ליי,גרמים,65.00,100 גרם,false,,19.30,29.6923,true,1,21617
7290103400194,false,"כרוב לבן 400 גר בד""צ ירקות שטראוס","טרופיקל דגיל בע""מ אז",IL,כרוב לבן 400 ג בדצ י,גרמים,400.00,100 גרם,false,,9.30,2.3250,true,1,23422
7290103400231,false,"גזר 400 גר בד""צ ירקות שטראוס",תות תעשיות מזון (201,IL,גזר גוליאן בדצ 400גר,גרמים,400.00,100 גרם,false,,9.30,2.3250,true,1,23423
7290103400255,false,"סלט קולסלאו 400 גר בד""צ ירקות שטראוס","טרופיקל דגיל בע""מ אז",IL,סלט קולסלאו 400 ג בד,גרמים,400.00,100 גרם,false,,9.30,2.3250,true,1,23424
7290103401429,false,קפה קצב ברזילאי אוריגינס 200 גר,הנסיך- מפעל לייצור ט,IL,קפה אוריגינס קצב ברז,גרמים,200.00,100 גרם,false,,24.90,12.4500,true,1,22394
7290103404758,false,סלט כרוב אדום יום יו,מיוצר עי קונדיטוריית,IL,אחלה כרוב אדום 120ג,גרמים,120.00,100 גרם,false,,5.50,4.5833,true,1,23427
7290103408206,false,עלי חסה בקופסא 250 גרם ירקות שטראוס,שטראוס בריאות ירקות,IL,עלי חסה ערבית שטופים,גרמים,250.00,100 גרם,false,,10.50,4.2000,true,1,23430
7290103681173,false,"יין תבור הר קברנה סוביניון 750 מ""ל",מיוצר על ידי יקב תבו,IL,הר תבור קברנה סוביני,מיליליטרים,750.00,"100 מ""ל",false,,35.90,4.7867,true,1,6745
7290103700195,false,שאפו רדיד אלומיניום צר 30*7.5 2יח',"שניב תעשיות נייר בע""",,טאצ רדיד אלומיניום ק,מטרים,15.00,מטר,false,,11.90,0.7933,true,1,24458
7290103700225,false,רדיד אלומניום רוחב 45 עובי 14 מיקרון,,,טאצ רדיד אלומיניום ר,יחידה,0.00,יחידה,false,,16.90,0.0000,true,1,24459
7290103700386,false,טאצ כריות יפניות מארז שישיה,"שניב תעשיות נייר בע""",IL,טאצ' כריות יפניות 6י,יחידה,0.00,יחידה,false,,9.90,0.0000,true,1,24461
7290103700997,false,נייר טואלט לובלי 40 גלילים,,IL,לאבלי נייר טואלט 40,מטרים,716.00,מטר,false,,38.90,0.0543,true,1,24466
7290103701017,false,טאצ' נייר אפייה נשלף 50 יח',"שניב תעשיות נייר בע""",IL,טאצ' נייר אפייה נשלף,יחידה,0.00,יחידה,false,,9.90,0.0000,true,1,24467
7290103701130,false,מטליות מיקרופייבר לניקוי כללי טאצ 7 יח,,,טאצ מטליות מקרופייבר,יחידה,0.00,יחידה,false,,13.90,0.0000,true,1,24471
7290103702229,false,טאצ מפות שולחן שמינייה עבות במיוחד,"שניב תעשיות נייר בע""",,טאצ מפות עבות במיוחד,יחידה,0.00,יחידה,false,,8.90,0.0000,true,1,24479
7290103702236,false,טאצ מפות שולחן שישייה עבות במיוחד,"שניב תעשיות נייר בע""",,טאצ מפות עבות במיוחד,יחידה,0.00,יחידה,false,,8.90,0.0000,true,1,24480
7290103702298,false,טאצ' אשפתון עבה בגליל 77*90 50 יח',"שניב תעשיות נייר בע""",,טאצ אשפתון בגליל 50,יחידה,0.00,יחידה,false,,15.90,0.0000,true,1,24484
7290103702304,false,טאצ אשפתון עבה במיוחד 35 יחידות,"שניב תעשיות נייר בע""",,טאצ אשפתון בגליל 35,יחידה,0.00,יחידה,false,,15.90,0.0000,true,1,24485
7290103702328,false,טאצ אשפתון עבה וחזק במיוחד 25 יחידות,"שניב תעשיות נייר בע""",,טאצ אשפתון בגליל 25,יחידה,0.00,יחידה,false,,15.90,0.0000,true,1,24487
7290103702526,false,קופסת ממחטות טאצ' 100 יח',,,ממחטות טאצ` 100 יח`,יחידה,0.00,יחידה,false,,6.90,0.0000,true,1,24491
7290103702540,false,נייר טואלט מהדרות כדור פורח 30 גלילים טאצ',,,נייר טואלט 30 יח' מ,יחידה,0.00,יחידה,false,,23.90,0.0000,true,1,66707
7290103702779,false,מפיות אירוח טאצ` 15,,,מפיות אירוח טאצ` 15,יחידה,0.00,יחידה,false,,8.90,0.0000,true,1,24495
7290103703219,false,דלי מטליות לחות לניקוי כללי בניחוח לימון טאצ',,,טאצ' מטליות לחות לני,יחידה,0.00,יחידה,false,,20.90,0.0000,true,1,38136
7290103703233,false,מטליות טאצ' לחות תפוח לניקוי כללי דלי,,,טאצ' מטליות לחות לני,יחידה,0.00,יחידה,false,,20.90,0.0000,true,1,38137
7290103703370,false,טאצ מגבוני טואלט לחים מארז שלישייה,,,טאצ' מגבוני נייר טוא,יח',3.00,יח',false,,14.90,4.9667,true,1,24502
7290103703394,false,טאצ ניילון נצמד זוגות,,,טאצ' ניילון נצמד זוג,יחידה,0.00,יחידה,false,,9.90,0.0000,true,1,24503
7290103703578,false,לובלי נייר טואלט תלת,,,לובלי נייר טואלט תלת,יחידה,0.00,יחידה,false,,42.90,0.0000,true,1,24505
7290103703738,false,טאצ' מפות עבות במיוח,,,טאצ' מפות עבות במיוח,מטרים,45.00,מטר,false,,30.90,0.6867,true,1,24507
7290103703745,false,טאצ מפות עבות 45 מטר בגליל,,,טאצ' מפות עבות 45 מט,מטרים,45.00,מטר,false,,18.90,0.4200,true,1,24508
7290103704155,false,מגבת נייר למטבח טאצ' 6יח',"שניב תעשיות נייר בע""",IL,מגבות נייר 6 גלילים,מטרים,63.00,מטר,false,,10.90,0.1730,true,1,182997
7290103704162,false,נייר טואלט טאצ' פרימיום 32 גלילים,"שניב תעשיות נייר בע""",IL,נייר טואלט טאצ' 32 ג,יח',0.00,יח',false,,28.90,0.0000,true,1,148628
7290103704179,false,מגבת נייר למטבח טאצ' 8 יח',,,מגבות נייר 8 גלילים,מטרים,83.00,מטר,false,,13.90,0.1675,true,1,182487
7290103704186,false,מגבות טאצ 6 גלילים כפול מהדורת 2021,,,מגבות טאצ' גליל כפול,יחידה,0.00,יחידה,false,,19.90,0.0000,true,1,308495
7290103704193,false,מגבות טאצ 8 גליל כפול,,,מגבות טאצ' גליל כפול,יחידה,0.00,יחידה,false,,24.90,0.0000,true,1,308509
7290103704575,false,נייר טואלט טאצ' פרימיום 48 גלילים,,,נייר טואלט טאצ' 48 י,יחידה,0.00,יחידה,false,,39.90,0.0000,true,1,148629
7290103704681,false,טאצ' שקיות קוקי גדולות 10 יח',,,שקיות קוקי 10 יח' טא,יחידה,0.00,יחידה,false,,4.90,0.0000,true,1,522328
7290103704766,false,נייר טואלט 24 גליל כפול מהדורת פרח סגול,,,נייר טואלט 24 גליל,יחידה,0.00,יחידה,false,,42.90,0.0000,true,1,466023
7290103746001,false,ממחטות אף טאצ' מארז 100X5יח',"שניב תעשיות נייר בע""",IL,ממחטות טאצ' חמישייה,יחידה,0.00,יחידה,false,,11.90,0.0000,true,1,24517
7290104061417,false,חומוס טחינה אחלה 400 ג',"שטראוס גרופ בע""מ",IL,אחלה חומוס טחינה 400,גרמים,400.00,100 גרם,false,,9.90,2.4750,true,1,23432
7290104061431,false,חומוס אחלה עם צנובר 400 ג',"שטראוס גרופ בע""מ",IL,אחלה חומוס צנובר 400,גרמים,400.00,100 גרם,false,,10.90,2.7250,true,1,23434
7290104061448,false,חומוס עם חריף 400 ג' אחלה,מיוצר עי קונדיטוריית,IL,אחלה חומוס חריף 400ג,גרמים,400.00,100 גרם,false,,10.90,2.7250,true,1,23435
7290104062599,false,גמדים בכפית תות בננה דיסני 8 יח' * 100 ג',,,גמדים תות בננה 8*100,מיליליטרים,800.00,"100 מ""ל",false,,18.90,2.3625,true,1,23436
7290104065187,false,קפה נמס בטעם מוקה 200 ג' עלית,,,קפה נמס עלית בטעם מו,גרמים,200.00,100 גרם,false,,19.90,9.9500,true,1,22422
7290104065934,false,עלי רוקט 150 גרם שטראוס,שטראוס בריאות ירקות,IL,שטראוס עלי רוקט 150ג,גרמים,150.00,100 גרם,false,,10.50,7.0000,true,1,23437
7290104066566,false,טחינה שומשום מלא אחלה 500 גר',מיוצר עי קונדיטוריית,IL,אחלה טחינה 500ג,גרמים,500.00,100 גרם,false,,13.80,2.7600,true,1,23439
7290104068539,false,גומי מאסט בטעם מלון ואבטיח 28 ג' עלית,"שטראוס גרופ בע""מ",IL,מאסט מלון ואבטיח 28ג,גרמים,28.00,100 גרם,false,,4.10,14.6429,true,1,22428
7290104068546,false,גומי מאסט בטעם לימון קולה ללא סוכר 28 ג' עלית,"שטראוס גרופ בע""מ",IL,מאסט קולה 28 גרם,גרמים,28.00,100 גרם,false,,4.10,14.6429,true,1,22429
7290104500572,false,אפרופו חטיף איטליאנו 50 ג' אסם,מיוצר עי קונדיטוריית,IL,אפרופו איטלקי 36*50ג,גרמים,50.00,100 גרם,false,,5.00,10.0000,true,1,18857
7290104501661,false,פודינג אינסטנט בטעם וניל צרפתי 80 גר,מיוצר עי קונדיטוריית,IL,אסם פודינג בטעם וניל,גרמים,80.00,100 גרם,false,,5.50,6.8750,true,1,18858
7290104504228,false,דובונים מולטיפק מארז 5 יח' * 20 ג' אסם,"אסם השקעות בע""מ",IL,דובונים קדמ.מארז אחי,גרמים,100.00,100 גרם,false,,13.90,13.9000,true,1,18863
7290104508189,false,גביעי גלידה ממותקים 95ג' 24 יח',בטר אנד דיפרנט,IL,גביעי גלידה ממותקים,0 יח',24.00,0 יח',false,,12.90,0.5375,true,1,18869
7290104508202,false,גביעי גלידה אמריקאים 24 יח' אסם 120 ג',"גילרו בע""מ",IL,גביעי גלידה אמריקאים,גרמים,120.00,100 גרם,false,,12.90,10.7500,true,1,18870
7290104508943,false,במבה אריזת חסכון 200 גרם,"אסם השקעות בע""מ",IL,במבה קלאסי 18*200 גר,גרמים,200.00,100 גרם,false,,8.90,4.4500,true,1,18872
7290104570131,false,"תמר מג'הול 1 ק""ג",,,"תמר מג'הול 1 ק""ג",קילוגרמים,1.00,"ק""ג",false,,17.90,17.9000,true,1,42940
7290104570162,false,תמרים כבוש ביסאן 500 ג',,,תמר כבוש 500 גרם,גרמים,500.00,100 גרם,false,,9.90,1.9800,true,1,42941
7290104720499,false,דני וניל מאגדת 8 יח' *125 ג',מיוצר עי קונדיטוריית,IL,מארז דני וניל 8*125,מיליליטרים,125.00,"100 מ""ל",false,,16.90,13.5200,true,1,23444
7290104721533,false,רצועות פלפלים קלויים אחלה 400 ג',מיוצר עי קונדיטוריית,IL,אחלה פלפלים קלויים 4,גרמים,400.00,100 גרם,false,,14.90,3.7250,true,1,23446
7290104721762,false,מארז קפה טורקי עלית 3*85 גר,,IL,טורקי עלית 3*85 גר'.,גרמים,255.00,100 גרם,false,,18.90,7.4118,true,1,22433
7290104722530,false,תפוצ'יפס שמנת בצל 200 גרם,"שטראוס פריטו ליי בע""",IL,תפוציפס שמנת בצל 200,גרמים,200.00,100 גרם,false,,10.90,5.4500,true,1,24224
7290104726262,false,דני לשתיה שוקולד דיסני מארז 125X4 ג',מיוצר עי קונדיטוריית,IL,דני שוקולד לשתייה מא,מיליליטרים,500.00,"100 מ""ל",false,,10.90,2.1800,true,1,23454
7290104726712,false,"מילקי שוקולד וקצפת מארז 170X8מ""ל","שטראוס גרופ בע""מ",IL,מילקי שמינייה מארז 8,קילוגרמים,1.06,"ק""ג",false,,19.90,18.7736,true,1,23455
7290104728310,false,"שמנת עמידה לקצפת 38% שומן 250 מ""ל יוטבתה",מחלבת יטבתה,IL,יטבתה שמנת עמידה לקצ,מיליליטרים,250.00,"100 מ""ל",false,,6.47,2.5880,true,1,23460
7290104729010,false,"לבן בטעם תות יטבתה 100 מ""ל מהדרין",,IL,יטבתה לבן בטעם תות 3,מיליליטרים,100.00,"100 מ""ל",false,,1.50,1.5000,true,1,23462
7290104960239,false,"תחליב רחצה נקה 7 ארומה לבן 750 מ""ל",טרופיקל דגיל תעשיות,IL,תחליב רחצה קמומיל נק,מיליליטרים,750.00,"100 מ""ל",false,,11.90,1.5867,true,1,30466
7290104960246,false,"נקה 7 - תחליב רחצה ורד ויסמין 750 מ""ל",,,תחליב רחצה ורד ויסמי,מיליליטרים,750.00,"100 מ""ל",false,,11.90,1.5867,true,1,30467
7290104960253,false,"תחליב רחצה נקה 7 לבנדר סגול 750מ""ל",טרופיקל דגיל תעשיות,IL,תחליב רחצה לבנדר נקה,מיליליטרים,750.00,"100 מ""ל",false,,11.90,1.5867,true,1,30468
7290104960338,false,"נקה 7 תחליב רחצה ארומה אלוורה ותה ירוק 750מ""ל",,,תחליב רחצה אלוורה ות,מיליליטרים,750.00,"100 מ""ל",false,,11.90,1.5867,true,1,30469
7290104960970,false,"טיטניום מטאל דאודורנט ספריי 180מ""ל",אמיליה קוסמטיקס בעמ,IL,דאו' ספריי מטאל טיטנ,מיליליטרים,180.00,"100 מ""ל",false,,15.90,8.8333,true,1,30475
7290104961526,false,"טיטניום - דאודורנט ספריי לגבר קלאסיק 150 מ""ל",,,ספריי גוף קלאסיק טיט,מיליליטרים,150.00,"100 מ""ל",false,,11.90,7.9333,true,1,30487
7290104961540,false,"טיטניום דאדורנט ספריי גוף מטאל 150 מ""ל",אמיליה קוסמטיקס,IL,טיטניום דאודורנט ספר,מיליליטרים,150.00,"100 מ""ל",false,,11.90,7.9333,true,1,30489
7290104961878,false,"שמפו לשיער קרטין אינטנס פורמולה 400 מ""ל נטורל",טרופיקל דגיל תעשיות,IL,קרטין אינטנס שמפו נט,מיליליטרים,400.00,"100 מ""ל",false,,30.90,7.7250,true,1,30491
7290104961885,false,"נטורל פורמולה מרכך קרטין אינטנס 400 מ""ל",טרופיקל דגיל תעשיות,IL,מרכך קרטין אינטנס נט,מיליליטרים,400.00,"100 מ""ל",false,,30.90,7.7250,true,1,30492
7290104961892,false,"נטורל פורמולה מסיכת קרטין אינטנס 350 מ""ל",טרופיקל דגיל תעשיות,IL,מסכת קרטין אינטנס נט,מיליליטרים,350.00,"100 מ""ל",false,,39.90,11.4000,true,1,30493
7290104962073,false,"טיטניום דאודורנט ספריי גולד 180 מ""ל",אמיליה קוסמטיקס בעמ,IL,דאו' ספריי גולד טיטנ,מיליליטרים,180.00,"100 מ""ל",false,,15.90,8.8333,true,1,30501
7290104962080,false,"טיטניום - דאודורנט ספריי לגבר גולד 150 מ""ל",משווק: קוסמופארם בעמ,IL,ספריי גוף גולד טיטני,מיליליטרים,150.00,"100 מ""ל",false,,11.90,7.9333,true,1,30502
7290104962844,false,נטורל פורמולה שמפו אמפולה אינטנס 400 מל,,,שמפו אמפולה אינטנס נ,מיליליטרים,400.00,"100 מ""ל",false,,30.90,7.7250,true,1,30519
7290104963223,false,סופטקר - אל סבון עדין לתינוק לעור רגיש 1 ליטר,,,סופטקר אלסבון קלאסי,יחידה,0.00,יחידה,false,,17.90,0.0000,true,1,30534
7290104963704,false,סופטקר אל סבון קלאסי,טרופיקל דגיל תעשיות,IL,סופטקר אל סבון קלאסי,מיליליטרים,770.00,"100 מ""ל",false,,16.90,2.1948,true,1,30538
7290104964756,false,"סקינגארד סטיק הגנה שקוף לפנים 50 אס.פי.אף, 50 מ""ל",,,מי פה ענבים תיאדנט 1,מיליליטרים,150.00,"100 מ""ל",false,,15.90,10.6000,true,1,30561
7290105360250,false,קפסולות 09 עשיר וארומטי למכונת נספרסו עלית 10יח',הנסיך- מפעל לייצור ט,IL,עלית קפסולות מקיאטו,גרמים,50.00,100 גרם,false,,16.90,33.8000,true,1,22450
7290105360328,false,קפסולות אספרסו חזק למכונות נספרסו 10 יח',הנסיך- מפעל לייצור ט,IL,עלית קפסולות אספרסו,גרמים,50.00,100 גרם,false,,16.90,33.8000,true,1,22451
7290105360335,false,קפסולות אספרסו למכונות נספרסו 50 גר,הנסיך- מפעל לייצור ט,IL,עלית קפסולות אספרסו,גרמים,50.00,100 גרם,false,,16.90,33.8000,true,1,22452
7290105360755,false,"שמן זית 3 חזק 750 מ""ל יד מרדכי",מכוורת יד מרדכי שטרא,IL,שמן זית 3 חזק כתית י,מיליליטרים,750.00,"100 מ""ל",false,,33.90,4.5200,true,1,22455
7290105360762,false,"שמן זית 1 עדין 750 מ""ל יד מרדכי",מכוורת יד מרדכי שטרא,IL,שמן זית 1 עדין כתית,מיליליטרים,750.00,"100 מ""ל",false,,33.90,4.5200,true,1,22456
7290105362339,false,"שמנת לבישול 15% 250 מ""ל יטבתה מהדרין",מחלבת יטבתה,IL,יטבתה שמנת לבישול 15,מיליליטרים,250.00,"100 מ""ל",false,,7.90,3.1600,true,1,23465
7290105363602,false,כיף כף - מקלות קלאסי 40 גרם,"איי, בי, אינבוו",TR,כיף כף מקלות קלאסי 4,גרמים,40.00,100 גרם,false,,5.20,13.0000,true,1,22461
7290105364289,false,כיף כף - מקלות פצפוצים 40 גרם,"איי, בי, אינבוו",TR,כיף כף מקלות פצפוצים,גרמים,40.00,100 גרם,false,,5.20,13.0000,true,1,22462
7290105364302,false,"עלית חטיף שוקולד כיף כף מקלות אגוזים, 40 גרם","איי, בי, אינבוו",TR,כיף כף מקלות אגוזים,גרמים,42.00,100 גרם,false,,5.20,12.3810,true,1,22463
7290105366023,false,חציל אחלה בטעם כבד 400 גר' אחלה,מיוצר עי קונדיטוריית,IL,אחלה חציל בטעם כבד 4,גרמים,400.00,100 גרם,false,,14.90,3.7250,true,1,23468
7290105366993,false,גבינה לבנה סימפוניה עם תוספות 200 ג' פלפל שיפקה,"שטראוס בריאות בע""מ",IL,סימפוניה פלפל שיפקה,גרמים,200.00,100 גרם,false,,11.50,5.7500,true,1,23475
7290105368331,false,מילקי תות 8% וקצפת 133ג',מחלבת אחיהוד,IL,"מילקי תות 170 מ""ל",מיליליטרים,170.00,"100 מ""ל",false,,2.90,1.7059,true,1,23486
7290105368904,false,"שמנת מתוקה להקצפה 32% שומן 250 מ""ל יוטבתה",מחלבת יטבתה,IL,יטבתה שמנת עמידה לקצ,מיליליטרים,250.00,"100 מ""ל",false,,7.50,3.0000,true,1,23495
7290105368928,false,"שמנת 9% שומן 200 מ""ל יוטבתה",מחלבת יטבתה,IL,יטבתה שמנת 9% 200מל,מיליליטרים,200.00,"100 מ""ל",false,,2.90,1.4500,true,1,23496
7290105369130,false,גבינת סימפוניה עם בצל ירוק 200 גרם,"שטראוס בריאות בע""מ",IL,סימפוניה שטראוס בצל,גרמים,200.00,100 גרם,false,,11.50,5.7500,true,1,23499
7290105431516,false,פרי חטיפי בריאות מארז 5 תמרים בוטנים,טבעית מוצרים מן הטבע,IL,פרי חטיפי תמרים ובוט,גרמים,125.00,100 גרם,false,,14.90,11.9200,true,1,21630
7290105436382,false,חטיף מארז פרי אנרגיה תמרים עם קשיו 125,טבעית מוצרים מן הטבע,IL,פרי חטיפי בריאות תמר,גרמים,100.00,100 גרם,false,,14.90,14.9000,true,1,21649
7290105439505,false,מנה מאסטר שף קרם בטעם מיונז לייט 479 גר,רמיה סי.וי,NL,מאסטר שף קרם בטעם מ,גרמים,479.00,100 גרם,false,,11.90,2.4843,true,1,21658
7290105439581,false,מנה מאסטר שף חרדל דיזיון צרפתי 370 גר,סאם קווינור,FR,מאסטר שף מאסטר שף חר,מיליליטרים,370.00,"100 מ""ל",false,,10.90,2.9459,true,1,21659
7290105500151,false,וודקה פינלנדיה בקבוק,"אלטיה קורפ, הלסינקי,",FI,וודקה פינלנדיה 700 מ,מיליליטרים,700.00,"100 מ""ל",false,,60.90,8.7000,true,1,13396
7290105500984,false,ארק בוכא בוקובזה לבנ,,,ארק בוכא בוקובזה לבנ,מיליליטרים,700.00,"100 מ""ל",false,,124.90,17.8429,true,1,13402
7290105691224,false,פריכונים חטיפי טורטיה שום בצל 60 ג' אוסם,"מיוצר ע""י PT, משווק",IL,חטיפי פריכונים טורטי,גרמים,60.00,100 גרם,false,,7.50,12.5000,true,1,18883
7290105691248,false,פריכונים חטיפי טורטיה תירס 60 ג' אוסם,"מיוצר ע""י PT, משווק",IL,חטיפי פריכונים טורטי,גרמים,60.00,100 גרם,false,,7.50,12.5000,true,1,18884
7290105691934,false,"קמח שמרים 1ק""ג אוסם",תאי פרזידנט פוד פאבל,IL,"קמח שמרים אסם 1 ק""ג",קילוגרמים,1.00,"ק""ג",false,,8.90,8.9000,true,1,18890
7290105693341,false,במבה מארז 10 יח' * 25 ג' אסם,"אסם השקעות בע""מ",IL,במבה מאח.15 10*25גרם,גרמים,250.00,100 גרם,false,,14.90,5.9600,true,1,18898
7290105693457,false,עוגת הבית דמקה שוקו וניל 320 ג' אסם,מיוצר עי קונדיטוריית,IL,עוגת הבית דמקה שוקו,גרמים,320.00,100 גרם,false,,11.90,3.7188,true,1,18899
7290105695024,false,פתיתים אפויים אורז עם אטריות 500 ג' אסם,"אסם השקעות בע""מ",IL,פתיתים אפויים אורז ע,גרמים,500.00,100 גרם,false,,6.90,1.3800,true,1,18907
7290105695321,false,עוגת שוקולד בראוניז פאדג' 380 ג',מיוצר עי קונדיטוריית,IL,הבית עוגות בראוניס פ,גרמים,380.00,100 גרם,false,,15.90,4.1842,true,1,18910
7290105962331,false,זחוק אדום תימני מקורי חריף מאוד 220 גר,קריניסה ויטמין אס אי,IL,סחוג חריף מאוד זהבי,גרמים,220.00,100 גרם,false,,10.90,4.9545,true,1,23501
7290105964564,false,אחלה חומוס אחלה 400ג,מיוצר עי קונדיטוריית,IL,אחלה חומוס אחלה 400ג,גרמים,400.00,100 גרם,false,,7.90,1.9750,true,1,23506
7290105965738,false,יוגורט לשתיה בטעם תות בננה267 ג' דנונה,מיוצר עי קונדיטוריית,IL,דנונה משקה תות בננה,גרמים,267.00,100 גרם,false,,4.90,1.8352,true,1,23512
7290105966469,false,"חומץ בלסמי יד מרדכי 250מ""ל",אצטייה ג'וזפה קרמוני,IT,חומץ בלסמי יד מרדכי,גרמים,250.00,100 גרם,false,,13.90,5.5600,true,1,22495
7290105968098,false,סלט קולסלאו אחלה 500 ג',,,אחלה קולסלאו 500ג,גרמים,500.00,100 גרם,false,,14.90,2.9800,true,1,23518
7290105968654,false,רביולי בטטה פרווה פסטה נונה 400 ג',מיוצר עי קונדיטוריית,IL,שטראוס רביולי בטטה 4,גרמים,400.00,100 גרם,false,,19.90,4.9750,true,1,23519
7290106520066,false,רבע לשבע וופל שוקולד 120 גרם,הגביע מוצרי וופלים ב,IL,רבע לשבע 160 גרם,גרמים,160.00,100 גרם,false,,10.90,6.8125,true,1,22502
7290106520912,false,"שמנת לבישול 9% 250 מ""ל יטבתה",מחלבת יטבתה,IL,יטבתה שמנת לבישול 9%,מיליליטרים,250.00,"100 מ""ל",false,,7.90,3.1600,true,1,23530
7290106521049,false,אחלה טעמי השוק קוביות סלק 400 גר,מיוצר עי קונדיטוריית,IL,אחלה קוביות סלק 400,גרמים,400.00,100 גרם,false,,14.90,3.7250,true,1,23532
7290106521926,false,שקית קפה טורקי 150 ג' עלית,,,קפה טורקי עלית 150 ג,גרמים,150.00,100 גרם,false,,12.90,8.6000,true,1,22510
7290106524439,false,תפוצ'יפס טבעי פופס 60גר',"שטראוס פריטו ליי בע""",IL,תפוציפס פופס 60 גרם,גרמים,60.00,100 גרם,false,,3.90,6.5000,true,1,24243
7290106528567,false,חטיף דוריטוס גריל 185 גרם,הנסיך- מפעל לייצור ט,IL,דוריטוס גריל 185 גר`,גרמים,185.00,100 גרם,false,,8.20,4.4324,true,1,24249
7290106528628,false,חטיף דוריטוס טבעי 185 גרם,"שטראוס פריטו ליי בע""",IL,דוריטוס טבעי 185 גר`,גרמים,185.00,100 גרם,false,,8.20,4.4324,true,1,24250
7290106528949,false,לקט ערוגות 450 גרם ש,שטראוס בריאות ירקות,IL,לקט ערוגות,גרמים,450.00,100 גרם,false,,12.10,2.6889,true,1,23539
7290106571921,false,עוגיות פיטנס עוגיות חמוציות 180 גר',מיוצר עי קונדיטוריית,IL,פיטנס עוגיות חמוציות,גרמים,180.00,100 גרם,false,,11.90,6.6111,true,1,18928
7290106572027,false,אוסם - לחמית חמישה דגנים 190 גרם,"אסם השקעות בע""מ",IL,לחמית חמישה דגנים אס,גרמים,190.00,100 גרם,false,,8.90,4.6842,true,1,18930
7290106572065,false,חטיפי פריכונים טורטיה חמוץ מתוק 60 גרם,"מיוצר ע""י PT, משווק",IL,טורטיה בטעם תירס חמו,גרמים,60.00,100 גרם,false,,7.50,12.5000,true,1,18931
7290106573598,false,חומוס צבר לבנוני 400 ג',סלטי צבר,IL,צבר חומוס לבנוני 400,גרמים,400.00,100 גרם,false,,11.90,2.9750,true,1,19923
7290106573628,false,חומוס צבר עם טחינה 400 ג',סלטי צבר,IL,צבר חומוס עם טחינה 4,גרמים,400.00,100 גרם,false,,11.90,2.9750,true,1,19924
7290106573642,false,חומוס עם צנובר צבר 400 גר,סלטי צבר,IL,צבר חומוס צנובר 400,גרמים,400.00,100 גרם,false,,11.90,2.9750,true,1,19925
7290106574120,false,גומי גם קרחון שרבט עם סוכריות 90 גרם,גלידות נסטלה (נגה גל,IL,גומיגם 90גר.,גרמים,90.00,100 גרם,false,,5.90,6.5556,true,1,16142
7290106574793,false,עוגת הבית שוקו שוקוצ''יפס 350 ג' אסם,מיוצר עי קונדיטוריית,IL,עוגת הבית שוקו שוקוצ,גרמים,350.00,100 גרם,false,,11.90,3.4000,true,1,18950
7290106574953,false,בייגלה אסם שטוחים שומשום 300 גר,מיוצר עי קונדיטוריית,IL,אסם בייגלה שטוחים שו,גרמים,300.00,100 גרם,false,,10.90,3.6333,true,1,18951
7290106574977,false,בייגלה שטוחים עם מלח 300 ג' אסם,מיוצר עי קונדיטוריית,IL,אסם בייגלה שטוחים עם,גרמים,300.00,100 גרם,false,,10.90,3.6333,true,1,18952
7290106575011,false,פתיתים אפויים קוסקוס פלוס חיטה מלא 400 ג,מיוצר עי קונדיטוריית,IL,פתיתים אפויים חיטה מ,גרמים,400.00,100 גרם,false,,6.90,1.7250,true,1,18953
7290106575257,false,עוגת הבית סופלה בטעם שוקולד 340 ג' אסם,מיוצר עי קונדיטוריית,IL,עוגת הבית סופלה בטעם,גרמים,340.00,100 גרם,false,,11.90,3.5000,true,1,18955
7290106575431,false,עוגת הבית סופלה בטעם שוקוניל 340 ג' אסם,מיוצר עי קונדיטוריית,IL,עוגת הבית סופלה בטעם,גרמים,340.00,100 גרם,false,,11.90,3.5000,true,1,18959
7290106576513,false,סלט חומוס צבר 400 גר,סלטי צבר,IL,צבר חומוס 400 גרם,גרמים,400.00,100 גרם,false,,8.90,2.2250,true,1,19929
7290106576537,false,חומוס מסעדה צבר 700 גר,סלטי צבר,IL,צבר חומוס מסעדה 700,גרמים,700.00,100 גרם,false,,10.90,1.5571,true,1,19930
7290106576797,false,"לה קרמריה גלידת וניל איטלקי כשל""פ 1.4ל'",תות תעשיות מזון (201,IL,לה קרמריה וניל איטלק,ליטרים,1.40,ליטר,false,,22.90,16.3571,true,1,16147
7290106576810,false,גלידה לה קרמריה ריבת חלב 1.4 ל' נסטלה,המאפיה של הרמן,IL,לה קרמריה ריבת חלב 1,ליטרים,1.40,ליטר,false,,22.90,16.3571,true,1,16148
7290106576858,false,גלידה לה קרמריה תותים בשמנת 1.4 ל' נסטלה,המאפיה של הרמן,IL,גלידה קרמריה תותים ב,ליטרים,1.40,ליטר,false,,22.90,16.3571,true,1,16150
7290106576919,false,לה קרמריה גלידת סורבה תות לימון 1.4ל',המאפיה של הרמן,IL,גלידה קרמריה סורבה ת,ליטרים,1.40,ליטר,false,,22.90,16.3571,true,1,16152
7290106576957,false,"לה קרמריה גלידת שוקו וניל פליק פרווה כשל""פ 1.4",תות תעשיות מזון (201,IL,גלידה קרמריה פרווה ש,ליטרים,1.40,ליטר,false,,22.90,16.3571,true,1,16154
7290106576971,false,גלידה לה קרמריה שוקולד בלגי 1.4 ל' נסטלה,תות תעשיות מזון (201,IL,לה קרמריה שוקולד בלג,ליטרים,1.40,ליטר,false,,22.90,16.3571,true,1,16155
7290106576995,false,גלידה סורבה לה קרמריה תות מנגו לייט 1.4 ל' נסטלה,המאפיה של הרמן,IL,לה קרמריה לייט סורבה,ליטרים,1.40,ליטר,false,,22.90,16.3571,true,1,16156
7290106577039,false,גלידה לה קרמריה שוקו וניל פליק 1.4 ל' נסטלה,תות תעשיות מזון (201,IL,לה קרמריה שוקו וניל,ליטרים,1.40,ליטר,false,,22.90,16.3571,true,1,16157
7290106577282,false,טחינה צבר מרובע 400 ג',סלטי צבר,IL,צבר מרובע טחינה 400ג,גרמים,400.00,100 גרם,false,,12.90,3.2250,true,1,19931
7290106577527,false,סלט קולסלאו כרוב לבן וגזר 400 ג' צבר,סלטי צבר,IL,צבר מרובע קולסלו 400,גרמים,400.00,100 גרם,false,,12.90,3.2250,true,1,19936
7290106577541,false,כרוב אדום מרובע 400 ג' צבר,סלטי צבר,IL,צבר מרובע כרוב אדום,גרמים,400.00,100 גרם,false,,12.50,3.1250,true,1,19937
7290106577572,false,מטבוחה מרובע 400 ג' צבר,סלטי צבר,IL,צבר מרובע מטבוחה 40,גרמים,400.00,100 גרם,false,,12.90,3.2250,true,1,19938
7290106578692,false,אוסם - במבה ביסלי מיקס 80 גרם,פרו מן יו פתרונות אר,IL,במבה ביסלי מיקס 36*8,גרמים,80.00,100 גרם,false,,4.50,5.6250,true,1,18974
7290106652996,false,כיף כף מקלות קוקוס חלבי 40 גר',,,כיף כף מקלות קוקוס 4,גרמים,40.00,100 גרם,false,,5.20,13.0000,true,1,573923
7290106653689,false,לקט לסלט בסגנון אסייתי,תות תעשיות מזון (201,IL,לקט לסלט אסייתי שטרא,גרמים,350.00,100 גרם,false,,11.50,3.2857,true,1,23542
7290106654099,false,מארז שמיניית מילקי 272 גר CAKE,,,עוגות אישיות מילקי ק,גרמים,272.00,100 גרם,false,,19.90,7.3162,true,1,23543
7290106658479,false,וופל טורטית שוקלד מגדים 40ג',"שטראוס גרופ בע""מ",IL,עלית וופל בטעם טורטי,גרמים,40.00,100 גרם,false,,3.90,9.7500,true,1,22559
7290106660410,false,רביולי תרד וגבינה שטראוס 400 ג',מיוצר עי קונדיטוריית,IL,שטראוס ריביולי תרד ו,גרמים,400.00,100 גרם,false,,19.90,4.9750,true,1,23553
7290106663091,false,לאבנה טבעי 9% שטראוס 500ג',הדקלאים אגודת שיתופי,IL,שטראוס לאבנה 9% 500,גרמים,500.00,100 גרם,false,,17.90,3.5800,true,1,23569
7290106663121,false,עוגה אישית מילקי 34 גר CAKE,בובארד איטליה אס.פי.,IT,מילקי קייק עוגה בודד,גרמים,34.00,100 גרם,false,,2.90,8.5294,true,1,23570
7290106663503,false,קונפיטורה תות לייט יד מרדכי 250 ג',אף.סי תבליני בגליל ב,IL,קונפיטורת לייט תות 2,גרמים,230.00,100 גרם,false,,11.90,5.1739,true,1,22594
7290106663558,false,"רוטב טריאקי ורימון יד מרדכי 280מ""ל",אף.סי תבליני בגליל ב,IL,יד מרדכי רוטב טריאקי,מיליליטרים,280.00,"100 מ""ל",false,,13.90,4.9643,true,1,22599
7290106664555,false,"רוטב שמנת עם עגבניות 9% שומן 250 מ""ל יוטבתה",מחלבת יטבתה,IL,יטבתה רוטב שמנת עם ע,מיליליטרים,250.00,"100 מ""ל",false,,9.90,3.9600,true,1,23575
7290106666788,false,עלית - סוכריות נוסטלגיה דבש ממולאות 80 גרם,פלזנסקי,PL,סוכריות נוסטלגיה דבש,גרמים,80.00,100 גרם,false,,6.20,7.7500,true,1,22612
7290106667266,false,חטיף דוריטוס חמוץ חריף 185 גרם,הנסיך- מפעל לייצור ט,IL,דוריטוס חמוץ חריף 18,גרמים,185.00,100 גרם,false,,8.20,4.4324,true,1,24303
7290106668577,false,"מיץ לימון טבעי יד מרדכי 250 מ""ל",האי נאם סי או אל.טי.,IT,מיץ לימון טבעי יד מר,מיליליטרים,250.00,"100 מ""ל",false,,7.80,3.1200,true,1,22618
7290106668713,false,יוגורט עם פירות יער 3% שומן 150 ג' דנונה,מיוצר עי קונדיטוריית,IL,דנונה פירות יער3% 15,מיליליטרים,150.00,"100 מ""ל",false,,3.90,2.6000,true,1,23579
7290106669857,false,קפסולות 06 אספרסו בטעם וניל עלית 10יח',הנסיך- מפעל לייצור ט,IL,עלית קפסולות בטעם ונ,גרמים,50.00,100 גרם,false,,16.90,33.8000,true,1,22631
7290106720626,false,ציטוס בטעם גבינה 80 גר,"שטראוס פריטו ליי בע""",IL,ציטוס גבינה 80 גרם,גרמים,80.00,100 גרם,false,,4.90,6.1250,true,1,24306
7290106721913,false,מסטיק מאסט בטעם מנטה מרעננת 66 ג' עלית,"שטראוס גרופ בע""מ",IL,מאסט צנצנת ריח פה צ',גרמים,66.00,100 גרם,false,,10.50,15.9091,true,1,22645
7290106721920,false,צנצנת מסטיק מאסט בטעם ספירמינט עדין 66 ג' עלית,"שטראוס גרופ בע""מ.",IL,מאסט צנצנת ספירמינט,גרמים,66.00,100 גרם,false,,10.50,15.9091,true,1,22646
7290106723689,false,עלי תרד בייבי שטראוס 200 גרם,שטראוס בריאות ירקות,IL,שטראוס תרד בייבי 200,גרמים,200.00,100 גרם,false,,10.40,5.2000,true,1,23586
7290106725867,false,"סירופ מייפל טהור 189 מ""ל יד מרדכי",קוסלסי פוד,CA,יד מרדכי סירופ מייפל,מיליליטרים,189.00,"100 מ""ל",false,,30.90,16.3492,true,1,22681
7290106725874,false,"סירופ מייפל טהור יד מרדכי 236 מ""ל",,IL,יד מרדכי סירופ מייפל,מיליליטרים,236.00,"100 מ""ל",false,,39.90,16.9068,true,1,22682
7290106726178,false,דנונה פרו פירות יער 2.4% 150 גר,מיוצר עי קונדיטוריית,IL,דנונה פרו בטעם פירות,גרמים,150.00,100 גרם,false,,4.90,3.2667,true,1,23592
7290106729650,false,יוגורט עם תות מאגדת 8 יח' * 150ג' דנונה,,,דנונה יוגורט תות 8יח,קילוגרמים,1.20,"ק""ג",false,,24.90,20.7500,true,1,23611
7290107280013,false,מגבונים ליטופים ללא בושם חמישיה,,,ליטופים מגבונים ללא,יחידה,0.00,יחידה,false,,18.90,0.0000,true,1,30562
7290107280020,false,מטליות לחות סנו סושי לניקוי כללי שלישיה *50 יח',טרופיקל דגיל- תעשיות,IL,סנו סושי מגבונים לני,יחידה,0.00,יחידה,false,,19.90,0.0000,true,1,30563
7290107280082,false,תבניות אלומיניום מוארכות לאפיה 7 יח,,,7 תבניות אינגליש קיי,יחידה,0.00,יחידה,false,,9.90,0.0000,true,1,30568
7290107280099,false,מגבוני טואלט לחים סנו סופט שלישייה * 48 יח',טרופיקל דגיל- תעשיות,IL,סנו סופט מגבוני טואל,יחידה,0.00,יחידה,false,,15.90,0.0000,true,1,30569
7290107280112,false,נייר טואלט סופט סילק 24 גליל,,,סנו סופט נייר טואלט,מטרים,441.00,מטר,false,,25.90,0.0587,true,1,30571
7290107280341,false,ריצפז מטליות לחות לניקוי הרצפה בניחוח מלון מפנק,"סנו מפעלי ברונוס סע""",IL,ריצפז מטליות לחות לנ,יחידה,0.00,יחידה,false,,11.90,0.0000,true,1,30576
7290107280389,false,"סנו - ג'ט מרסס לניקוי בחדר האמבטיה 750 מ""ל","איי, בי, אינבוו",IL,סנו ג'ט מתז לאמבט 75,מיליליטרים,750.00,"100 מ""ל",false,,12.90,1.7200,true,1,30577
7290107280396,false,"סנו - ג'ט מרסס לניקוי יסודי במטבח 750 מ""ל","סנו מפעלי ברונוס בע""",IL,סנו ג'ט מתז למטבח 75,מיליליטרים,750.00,"100 מ""ל",false,,12.90,1.7200,true,1,30578
7290107280563,false,אוקסיג'ן ג'ל לכביסה בייבי 3ל',"איי, בי, אינבוו",IL,סנו ג'ל אוקסיג'ן ביי,ליטרים,3.00,ליטר,false,,30.90,10.3000,true,1,30587
7290107280570,false,סנו - מקסימה ג'ל כביסה מרוכז לכביסה צבעונית 3 ליטר,מיוצר עי קונדיטוריית,IL,מקסימה ג'ל כביסה מיק,ליטרים,3.00,ליטר,false,,33.90,11.3000,true,1,30588
7290107280600,false,סנו ספארק טבליות למדיח 100יח',גרופה אינקו,PL,סנו ספארק טבליות למד,יחידה,0.00,יחידה,false,,60.90,0.0000,true,1,30591
7290107280709,false,"סנו ספארק נוזל הברקה למדיח 700 מ""ל","סנו מפעלי ברונוס בע""",IL,סנו ספארק נוזל הברקה,מיליליטרים,700.00,"100 מ""ל",false,,14.90,2.1286,true,1,30597
7290107280723,false,"סנו ספארק נוזל כלים לימון 700 מ""ל",סנו כימיקלים,IL,סנו ספארק נוזל לניקו,מיליליטרים,700.00,"100 מ""ל",false,,9.90,1.4143,true,1,30599
7290107280730,false,"סנו ספארק נוזל כלים לבנדר 700 מ""ל",מיוצר עי קונדיטוריית,IL,סנו ספארק נוזל לניקו,מיליליטרים,700.00,"100 מ""ל",false,,9.90,1.4143,true,1,30601
7290107280747,false,"סנו ספארק נוזל כלים קלאסי 700 מ""ל",סנו כימיקלים,IL,סנו ספארק נוזל לניקו,מיליליטרים,700.00,"100 מ""ל",false,,9.90,1.4143,true,1,30602
7290107280754,false,נוזל כלים סנו ספארק היפואלרגי 700 מל,סנו,,ספארק נוזל לכלים עדי,מיליליטרים,700.00,"100 מ""ל",false,,9.90,1.4143,true,1,30603
7290107280761,false,סנו ספארק נוזל כלים בניחוח לימון עם משאבה 1 ל',מיוצר עי קונדיטוריית,IL,ספארק נוזל לכלים לימ,יחידה,0.00,יחידה,false,,11.90,0.0000,true,1,30604
7290107647731,false,קוקומן חום לבן 20% פחות סוכר 375 גרם,,IL,קוקומן חום לבן 20% ת,גרמים,375.00,100 גרם,false,,19.90,5.3067,true,1,10671
7290107870047,false,"טילון אקסטרים מטבע ענק בראוניז, 115 ג'",תות תעשיות מזון (201,IL,אקסטרים מטבע ענק ברא,גרמים,115.00,100 גרם,false,,9.90,8.6087,true,1,16160
7290107871990,false,פסטה צינורות 500 גר אסם,פסטה זארה,IT,פסטה צינורות אסם 500,גרמים,500.00,100 גרם,false,,5.90,1.1800,true,1,19001
7290107875004,false,פופקורן חמאה ודבש מארז12*20גר',,,פופקו חמאה ודבש מארז,גרמים,240.00,100 גרם,false,,18.90,7.8750,true,1,19028
7290107875271,false,ביסלי ברביקיו קדמ. מארז אחיד10 4*55 גרם,,IL,ביסלי ברבקיו מארז 4*,גרמים,220.00,100 גרם,false,,12.90,5.8636,true,1,19034
7290107875820,false,קרוטונים אפויים בתיבול ביתי אוסם 180 ג',עינת תעשיות,IL,קרוטונים אפויים בתיב,גרמים,180.00,100 גרם,false,,10.90,6.0556,true,1,19039
7290107877619,false,מארז במבה במילוי קרם נוגט 5*30ג' אסם,,IL,במבה במילוי קרם נוגט,גרמים,150.00,100 גרם,false,,13.90,9.2667,true,1,19069
7290107879132,false,פריכיות פיטנס מיני פריכיות שוקולד חלב 22 ג',CA,IL,מיני פריכיות שוקולד,גרמים,22.00,100 גרם,false,,4.90,22.2727,true,1,19954
7290107879521,false,קרחון לה פרוטה שרבט תות מאגדת 5יח',המאפיה של הרמן,IL,לה פרוטה תות 5 יח,גרמים,350.00,100 גרם,false,,23.90,6.8286,true,1,16190
7290107879569,false,קרחון לה פרוטה שרבט מנגו מאגדת 5יח',המאפיה של הרמן,IL,לה פרוטה מנגו 5 יח,גרמים,350.00,100 גרם,false,,23.90,6.8286,true,1,16191
7290107879668,false,קרחון לה פרוטה תות 70 ג' נסטלה,המאפיה של הרמן,IL,לה פרוטה תות,יחידה,0.00,יחידה,false,,5.90,0.0000,true,1,16195
7290107879699,false,שלגון לה פרוטה מנגו נסטלה 70ג',המאפיה של הרמן,IL,לה פרוטה מנגו,גרמים,70.00,100 גרם,false,,5.90,8.4286,true,1,16196
7290107931397,false,כיף כף פצפוצים במילוי שוקולד 40 גרם,שולן צ'יקולטה גידה ס,TR,כיף כף פצפצים 40גר`,גרמים,40.00,100 גרם,false,,5.20,13.0000,true,1,22710
7290107932080,false,חלב מועשר יוטבתה בבקבוק 3% 1 ליטר,מחלבת יטבתה,IL,יטבתה חלב בבקבוק 3%,ליטרים,1.00,ליטר,false,,7.70,7.7000,true,1,23624
7290107932134,false,חלב מועשר יוטבתה בבקבוק 1% 1 ליטר,מחלבת יטבתה,IL,יטבתה חלב בבקבוק 1%,ליטרים,1.00,ליטר,false,,7.70,7.7000,true,1,23626
7290107933155,false,הירק של מוטקה סלנובה,שטראוס בריאות ירקות,IL,לקט סלנובה 200 גרם,גרמים,200.00,100 גרם,false,,13.50,6.7500,true,1,23627
7290107933193,false,שטראוס סלק מבושל בוו,הורקסה 5 גאמא ס.א.,ES,שטראוס סלק מבושל בוו,גרמים,500.00,100 גרם,false,,7.90,1.5800,true,1,23628
7290107934473,false,יוגורט לבן 1.5%שומן 8 יח' * 150 ג' אקטיביה,,,אקטיביה מארז מיוחד 1,קילוגרמים,1.20,"ק""ג",false,,19.90,16.5833,true,1,23641
7290107936309,false,דנונה יוגורט 7% יווני לבן 130 ג',"שטראוס בריאות בע""מ",IL,דנונה יווני לבן 130,גרמים,130.00,100 גרם,false,,3.30,2.5385,true,1,23647
7290107936958,false,עד חצות ביסקוויט אצבעות שוקולד 125 גרם,הדקלאים אגודת שיתופי,FR,עד חצות אצבעות 125 ג,גרמים,125.00,100 גרם,false,,9.90,7.9200,true,1,22747
7290107936965,false,עיגולים עד חצות עם שוקולד חלב 225 גר,ביסקווטרי עוגיות סנט,FR,עד חצות עיגולים 225,גרמים,125.00,100 גרם,false,,12.90,10.3200,true,1,22748
7290107937542,false,משקה אקטיביה תות 265 ג' דנונה,מיוצר עי קונדיטוריית,IL,משקה אקטיביה תות 1.2,מיליליטרים,265.00,"100 מ""ל",false,,4.90,1.8491,true,1,23652
7290107937627,false,צנצנת מסטיק מאסט קוביות ספירמינט 58 ג' עלית,אסקום קונפקשיין,DE,צנצנת קוביות ספירמינ,גרמים,58.00,100 גרם,false,,10.50,18.1034,true,1,22758
7290107937634,false,צנצנית מסטיק מאסט קוביות פפירמינט 58 ג' עלית,אסקום קונפקשיין,DE,צנצנת קוביות פפירמינ,גרמים,58.00,100 גרם,false,,10.50,18.1034,true,1,22759
7290107939027,false,גזרדק דק 250 גרם בד`,שטראוס בריאות ירקות,IL,גזרדק דק 250 גרם בד`,גרמים,250.00,100 גרם,false,,8.30,3.3200,true,1,23662
7290107940030,false,חומוס אחלה 650 גר',,,חומוס אחלה 650 גר,גרמים,650.00,100 גרם,false,,8.90,1.3692,true,1,23675
7290107940467,false,אקטיביה יוגורט 1.5% שומן 200 ג' דנונה,מיוצר עי קונדיטוריית,IL,דנונה אקטיביה יוגורט,גרמים,200.00,100 גרם,false,,3.90,1.9500,true,1,23681
7290107941259,false,עדשים ירוקות מבושלות,הורקסה לס לגונס דה ס,IL,עדשים ירוקות מבושלות,גרמים,475.00,100 גרם,false,,11.90,2.5053,true,1,23690
7290107941266,false,שעועית אדומה שטראוס,הורקסה לס לגונס דה ס,IL,שעועית אדומה מבושלת,גרמים,475.00,100 גרם,false,,14.90,3.1368,true,1,23691
7290107941273,false,חומוס מבושל שטראוס 4,הורקסה לס לגונס דה ס,IL,חומוס מבושל 475 גרם,גרמים,475.00,100 גרם,false,,11.90,2.5053,true,1,23692
7290107943192,false,"שמנת חמוצה מהערבה 27% שומן 200 מ""ל יטבתה",,IL,יטבתה שמנת 27% 200מ,מיליליטרים,200.00,"100 מ""ל",false,,3.90,1.9500,true,1,23719
7290107943369,false,קוואקר שיבולת שועל ללא גלוטן 511 גר,היידי שוקולד בירונטי,US,שיבולת שועל ללא גלוט,גרמים,511.00,100 גרם,false,,18.90,3.6986,true,1,24354
7290107944243,false,וופלים אפיפיות בטעם שוקולד 200 גר,"שטראוס גרופ בע""מ",IL,"אפיפית ללא גלוטן בד""",גרמים,200.00,100 גרם,false,,6.90,3.4500,true,1,22815
7290107944472,false,סימפוניה שום שמיר 5% 200 ג' שטראוס,"שטראוס בריאות בע""מ",IL,סימפוניה 5% שום שמיר,גרמים,200.00,100 גרם,false,,11.50,5.7500,true,1,23726
7290107950190,false,מעדן שטראוס דיאט 0% שוקולד מריר 130ג',מיוצר עי קונדיטוריית,IL,מעדן דיאט שוקולד מרי,גרמים,130.00,100 גרם,false,,3.50,2.6923,true,1,23786
7290107950206,false,מעדן שטראוס דיאט 0% שוקולד 130ג',מיוצר עי קונדיטוריית,IL,מעדן דיאט שוקולד % 0,גרמים,130.00,100 גרם,false,,3.50,2.6923,true,1,23787
7290107951104,false,בפלות שוקולד ארוך עלית 200ג',"א.ג. גילרו בע""מ",IL,בפלות 200 גרם שוקולד,גרמים,200.00,100 גרם,false,,3.90,1.9500,true,1,22867
7290107951715,false,צנצנת מסטיק מאסט קוביות בטעם ענבים 58 ג' עלית,אסקום קונפקשיין,IL,מאסט צנצנת קוביות ענ,גרמים,58.00,100 גרם,false,,10.50,18.1034,true,1,22883
7290107953559,false,קפה טורקי עלית לדרך שקיות 24X7ג',הנסיך- מפעל לייצור ט,IL,קפה טורקי לדרך 168 ג,גרמים,168.00,100 גרם,false,,17.90,10.6548,true,1,22894
7290107954709,false,קונפיטורת פירות יער 340 גר יד מרדכי,,,יד מרדכי קונפיטורת פ,גרמים,340.00,100 גרם,false,,11.90,3.5000,true,1,22915
7290107954976,false,"משקה יטבתה חלבון פרו קפה 350מ""ל",מחלבת יטבתה,DE,משקה פרו בטעם קפה יט,מיליליטרים,350.00,"100 מ""ל",false,,6.90,1.9714,true,1,23853
7290107956901,false,קפסולות בטעם אגוזים למכונות נספרסו 50 גר,,,עלית קפסולות אספרסו,גרמים,150.00,100 גרם,false,,16.90,11.2667,true,1,22957
7290107957069,false,"צנצנת עלמה בטעם אוכמניות לל""ס 66 גרם","שטראוס גרופ בע""מ",IL,מסטיק עלמה בטעם אוכמ,גרמים,66.00,100 גרם,false,,10.50,15.9091,true,1,22964
7290107957113,false,סימפוניה 5% זיתים פיקנטיים 200 ג' שטראוס,,IL,סימפוניה עם זיתים פי,גרמים,200.00,100 גרם,false,,11.50,5.7500,true,1,23869
7290107957991,false,מילקי CAKE מיניס קרם חלב בציפוי שוקולד חלב שקית 16X9ג',בובארד איטליה אס.פי.,IT,"מילקי מייניס 9*16 מ""",גרמים,144.00,100 גרם,false,,13.90,9.6528,true,1,23886
7290107958035,false,יוגורט במתיקות מעודנת 2% מאגדת 8 יח' *120 ג' דנונה,,,8 דנונה מתיקות מעודנ,קילוגרמים,1.20,"ק""ג",false,,18.50,15.4167,true,1,23887
7290107958639,false,מטבוחה אחלה מרוקאית חריפה 400 גר',מיוצר עי קונדיטוריית,IL,אחלה מטבוחה מרוקאית,גרמים,400.00,100 גרם,false,,14.90,3.7250,true,1,23893
7290107973038,false,"פלמוליב סבון ידיים אקווריום 300 מ""ל",הנסיך- מפעל לייצור ט,IT,סבון ידיים אקווריום,מיליליטרים,300.00,"100 מ""ל",false,,9.90,3.3000,true,1,21699
7290107973861,false,מאסטר שף - עגבניות קצוצות דק שלישיה 400 גרם * 3,קונסרזיו קאסאלאסקו ד,IT,עגבניות קצוצות דק מא,קילוגרמים,1.20,"ק""ג",false,,15.90,13.2500,true,1,21709
7290107974066,false,"עלי טורטיה קמח מלא 20ס""מ 8יח' מאסטר שף 320ג'",אורגניק,DE,עלי טורטיה קמח מלא מ,גרמים,320.00,100 גרם,false,,9.90,3.0938,true,1,21714
7290107974073,false,מנה עלי טורטיה קמח לבן מ.שף 20 סמ 320 גר,הנסיך- מפעל לייצור ט,DE,עלי טורטיה קמח לבן מ,גרמים,320.00,100 גרם,false,,9.90,3.0938,true,1,21715
7290107974080,false,מנה עלי טורטיה קמח לבן מ.שף 25 סמ 840 גר,הדקלאים אגודת שיתופי,DE,עלי טורטיה קמח לבן מ,גרמים,820.00,100 גרם,false,,16.90,2.0610,true,1,21716
7290107974301,false,ליידי ספיד סטיק - דאודורנט ג'ל לאישה אלוורה 45 גרם,,,דיאודורנט ג'ל אלוורה,גרמים,65.00,100 גרם,false,,17.90,27.5385,true,1,21717
7290107974820,false,מנה מאסטר שף ממרח מתובל ספייסי 248 גר,,,מאסטר שף ממרח מתובל,גרמים,252.00,100 גרם,false,,7.90,3.1349,true,1,21726
7290107975544,false,"קולגייט משחת שיניים סמיילס ברבי לגילאי 6 50מ""ל",,IL,קולגייט מ.שיניים סמי,מיליליטרים,50.00,"100 מ""ל",false,,11.90,23.8000,true,1,21737
7290107977456,false,"פלמוליב - ג'ל רחצה ושמפו ספורט לגבר 750 מ""ל",CP UK,TR,פלמוליב לגבר 2 ב-1 ג,מיליליטרים,750.00,"100 מ""ל",false,,19.90,2.6533,true,1,206895
7290107978323,false,מאסטר שף איטריות דקיקות 400 גר,הדקלאים אגודת שיתופי,PL,איטריות דקיקות מאסטר,גרמים,400.00,100 גרם,false,,5.90,1.4750,true,1,21763
7290107978330,false,מאסטר שף איטריות דקות 400 גרם,הדקלאים אגודת שיתופי,PL,איטריות דקות מאסטר ש,גרמים,400.00,100 גרם,false,,5.90,1.4750,true,1,21764
7290107978347,false,מאסטר שף איטריות בינוניות 400 גר,הדקלאים אגודת שיתופי,PL,איטריות בינוניות מאס,גרמים,400.00,100 גרם,false,,5.90,1.4750,true,1,21765
7290107978637,false,"מרידול משחת שיניים 75 מ""ל",,,משחת שיניים מרידול 7,מיליליטרים,75.00,"100 מ""ל",false,,19.90,26.5333,true,1,21770
7290108070316,false,שקית 50 פסטל,,,שקית 50 פסטל,יחידה,0.00,יחידה,false,,11.90,0.0000,true,1,33099
7290108350180,false,סנו סושי מפיות מודפסות 100 יח',חי מוצרי נייר בעמ,IL,סנו סושי מפיות מודפס,יחידה,0.00,יחידה,false,,7.90,0.0000,true,1,30616
7290108350210,false,סנו סושי שקיות אשפה חזקות 30 יח' XL,מיוצר עי קונדיטוריית,IL,סושי שקיות אקסטרא חז,יחידה,0.00,יחידה,false,,24.90,0.0000,true,1,30619
7290108350258,false,סופט נייר טואלט גליל ארוך 12 גלילים=36,מפעלי ברונוס בעמ,IL,סופט נייר טואלט גליל,מטרים,180.00,מטר,false,,42.90,0.2383,true,1,30621
7290108350531,false,סנו ספארק נוזל כלים בניחוח קלאסי עם משאבה 1 ל',מיוצר עי קונדיטוריית,IL,סנו ספארק משאבה בניח,ליטרים,1.00,ליטר,false,,11.90,11.9000,true,1,30627
7290108350548,false,סנו ספארק נוזל כלים בניחוח לבנדר עם משאבה 1 ל',מיוצר עי קונדיטוריית,IL,סנו ספארק משאבה בניח,ליטרים,1.00,ליטר,false,,11.90,11.9000,true,1,30628
7290108350555,false,סנו ספארק נוזל כלים בניחוח שקדים עם משאבה 1 ל',,,סנו ספארק משאבה בניח,ליטרים,1.00,ליטר,false,,11.90,11.9000,true,1,30629
7290108350586,false,ספארק נוזל כלים בניחוח לימון רענן 1.5 ל,,,ספארק נוזל כלים בניח,ליטרים,1.50,ליטר,false,,14.90,9.9333,true,1,30631
7290108350616,false,סנו - מקסימה מרכך כביסה מרוכז פריחה כחולה 1 ליטר,"סנו מפעלי ברונוס בע""",IL,מרכך כביסה מקסימה סו,יחידה,0.00,יחידה,false,,18.90,0.0000,true,1,30634
7290108350623,false,מרכך כביסה סופר מרוכז סופט סילק מקסימה 1 ל' סנו,"סנו מפעלי ברונוס בע""",IL,מרכך כביסה מקסימה סו,יחידה,0.00,יחידה,false,,18.90,0.0000,true,1,30635
7290108350630,false,כיף אלסבון בוב ספוג,,,כיף אלסבון בוב ספוג,מיליליטרים,500.00,"100 מ""ל",false,,7.90,1.5800,true,1,30636
7290108350722,false,משחת שיניים אורביטול ענבים מרענן 70 גרם,טרופיקל דגיל תעשיות,IL,משחת שיניים אורביטול,גרמים,70.00,100 גרם,false,,7.90,11.2857,true,1,120422
7290108351149,false,סנו - ג'ט לניקוי כללי ורצפות בתוספת אבקת סודה 1.5 ליטר,"סנו מפעלי ברונוס בע""",IL,סנו ג`ט פלוס לניקוי,יחידה,0.00,יחידה,false,,12.90,0.0000,true,1,30666
7290108351507,false,מרכך כביסה מקסימה סופט סילק 4 ל' סנו,הורביץ סחר,IL,מרכך כביסה סנו מקסימ,ליטרים,4.00,ליטר,false,,22.90,5.7250,true,1,30669
7290108351552,false,"סנו - ג'ט לניקוי כללי בתוספת חומץ בניחוח לבנדר 750 מ""ל","סנו מפעלי ברונוס בע""",IL,סנו ג'ט מתז חומץ 750,מיליליטרים,750.00,"100 מ""ל",false,,12.90,1.7200,true,1,30674
7290108351583,false,"סנו - ג'ט פלוס חומץ ג'ל לניקוי אסלות לבנדר 750 מ""ל",טרופיקל דגיל תעשיות,IL,סנו ג'ט+לניקוי אסלות,מיליליטרים,750.00,"100 מ""ל",false,,11.90,1.5867,true,1,30676
7290108351606,false,מטהר אוויר בלו בלוסום סנו פרש הום 350 מל,,,סנו פרש הום סופט סיל,מיליליטרים,350.00,"100 מ""ל",false,,11.90,3.4000,true,1,30678
7290108351613,false,סנו ריצפז פרש הום בניחוח מלון חלומי 2 ל,"סנו מפעלי ברונוס בע""",IL,ריצפז פרש הום מלון ח,ליטרים,2.00,ליטר,false,,21.90,10.9500,true,1,30679
7290108351668,false,מטליות לחות לניקוי כללי ג'ט חומץ 50 יח',טרופיקל דיגל- תעשיות,IL,סנו ג'ט מטליות לחות,יח',50.00,יח',false,,9.90,0.1980,true,1,30684
7290108351699,false,סנו - ג'ט מטליות לחות לניקוי כללי בתוספת חומץ לבנדר שלישיה,סנו מפעלי ברונוס על,IL,מגבונים ג'ט+חומץ מאר,יחידה,0.00,יחידה,false,,18.90,0.0000,true,1,30687
7290108351729,false,"נוזל לניקוי אסלות אקולוגי 750 מ""ל GREEN POWER",מיוצר עי קונדיטוריית,IL,נוזל לניקוי אסלה 750,מיליליטרים,750.00,"100 מ""ל",false,,9.90,1.3200,true,1,72123
7290108351781,false,"ג'ט פלוס סנו לניקוי אסלות בניחוח הדרים 750 מ""ל","סנו מפעלי ברונוס בע""",IL,סנו ג'ט+לניקוי אסלות,מיליליטרים,750.00,"100 מ""ל",false,,11.90,1.5867,true,1,30692
7290108351804,false,סנו - מקסימה מרכך כביסה מרוכז ג'נטל בריז 1 ליטר,מיוצר עי קונדיטוריית,IL,סנו מקסימה מרכך כביס,יחידה,0.00,יחידה,false,,18.90,0.0000,true,1,30693
7290108351811,false,מקסימה מרכך כביסה סופר מרוכז פלור טאצ' 1 ליטר,מיוצר עי קונדיטוריית,IL,סנו מקסימה מרכך כביס,יחידה,0.00,יחידה,false,,18.90,0.0000,true,1,30694
7290108351835,false,מרכך כביסה סנו מקסימה פלורל טאצ 4 ל,מיוצר עי קונדיטוריית,IL,מרכך כביסה סנו מקסימ,ליטרים,4.00,ליטר,false,,22.90,5.7250,true,1,30695
7290108351965,false,סנו ג'ט סבון אסלה בחומץ שלישיה,סנו מפעלי ברונוס בעמ,IL,ג'ט סבון אסלה חומץ ו,יחידה,0.00,יחידה,false,,11.90,0.0000,true,1,30705
7290108351972,false,מטהר אוויר סנו פרש הום מלון בוטיק 200 מל,מיוצר עי קונדיטוריית,IL,סנו פרש הום יבש לבית,יחידה,200.00,יחידה,false,,11.90,0.0595,true,1,30706
7290108352009,false,סנו ספארק קפסולות למדיח כלים 50 יח',טרופיקל דגיל תעשיות,PL,קפסולות למדיח ספארק,יח',50.00,יח',false,,40.90,0.8180,true,1,66903
7290108352054,false,אורביטול - צמד מברשות שיניים 980 + חוט דנטלי במתנה,,,אורביטול מברשת לניקו,יחידה,0.00,יחידה,false,,19.90,0.0000,true,1,364564
7290108352092,false,משחת שיניים protective salt אורביטול 145 גר',טרופיקל דגיל תעשיות,IL,אורביטול משחת שיניים,גרמים,145.00,100 גרם,false,,17.90,12.3448,true,1,84624
7290108352115,false,סנובון ווייב לאסלה בתוספת אקונומיקהה 45X3ג',,IL,סנובון עם אקונומיקה,גרמים,135.00,100 גרם,false,,11.90,8.8148,true,1,30711
7290108352207,false,מקסימה קפסולות לכביסה פלורל 40 יחידות,טרופיקל דגיל תעשיות,IL,קפס' כביסה בניחוח פל,גרמים,840.00,100 גרם,false,,35.90,4.2738,true,1,70779
7290108352214,false,סנו - מקסימה קפסולות כביסה בניחוח בריזה מרעננת 40 יח',טרופיקל דגיל תעשיות,IL,קפסולות כביסה בניחוח,גרמים,840.00,100 גרם,false,,35.90,4.2738,true,1,70780
7290108352221,false,"מטהר אוויר סנו פרש הום מלון מפנק 350 מ""ל",סנו מפעלי ברונוס בעמ,IL,סנו פרש הום מלון מפנ,מיליליטרים,350.00,"100 מ""ל",false,,11.90,3.4000,true,1,74469
7290108352252,false,סנו ספארק נוזל כלים בניחוח קלאסי עם משאבה 1 ל'',"סנו מפעלי ברונוס בע""",IL,ספארק נוזל לכלים 1,יחידה,0.00,יחידה,false,,11.90,0.0000,true,1,91870
7290108352269,false,דלי מטליות לחיטוי ולניקוי 99.9 % 400 יח' סנו,הורביץ סחר,IL,מטליות לחיטוי ולניקו,יחידה,0.00,יחידה,false,,30.90,0.0000,true,1,66904
7290108352313,false,"שקית מילוי למתז חיטוי משטחים 99.9% 750 מ""ל","מפעלו ברונוס בע""מ",IL,שקית מילוי למתז לחיט,מיליליטרים,750.00,"100 מ""ל",false,,8.90,1.1867,true,1,59822
7290108352320,false,"מטהר אוויר סנו פרש הום מלון בוטיק350 מ""ל",מיוצר עי קונדיטוריית,IL,סנו פרש הום מלון בוט,מיליליטרים,350.00,"100 מ""ל",false,,11.90,3.4000,true,1,74470
7290108352337,false,"סנו - פרש מילוי למטהר אוויר מלון מפנק 250 מ""ל",מיוצר עי קונדיטוריית,IL,סנו פרש הום אוטומטיק,גרמים,250.00,100 גרם,false,,13.90,5.5600,true,1,74483
7290108352344,false,"סנו - פרש מילוי למטהר אוויר מלון בוטיק 250 מ""ל",מיוצר עי קונדיטוריית,IL,סנו פרש הום אוטומטיק,גרמים,250.00,100 גרם,false,,13.90,5.5600,true,1,74484
7290108352399,false,רצפז פ.הום בניחוח מרכך כביסה מקסימה 2 ליטר,"סנו מפעלי ברונוס בע""",IL,ריצפז פרש הום פלורל,ליטרים,2.00,ליטר,false,,21.90,10.9500,true,1,306749
7290108352405,false,מטהר אוויר סנו פרש הום נוזלי ירוק ארומטי,,IL,סנו מבשם אויר פרש הו,מיליליטרים,300.00,"100 מ""ל",false,,12.90,4.3000,true,1,84678
7290108352450,false,ריצפז סנו פרש הום בניחוח מרכך מקסימה 2ליטר,סנו מפעלי ברונוס בעמ,IL,ריצפז פרש הום בניחוח,ליטרים,2.00,ליטר,false,,21.90,10.9500,true,1,105049
7290108352528,false,"מתז 99.9% לחיטוי וניקוי חדר האמבטיה 750 מ""ל","איי, בי, אינבוו",IL,מתז לחיטוי וניקוי חד,מיליליטרים,750.00,"100 מ""ל",false,,12.90,1.7200,true,1,167032
7290108352535,false,סנו - מקסימה דפי בישום לחים למייבש הכביסה בניחוח מרכך כביסה,סנו,IL,דפי בישום לחים למייב,יחידה,0.00,יחידה,false,,12.90,0.0000,true,1,234920
7290108352566,false,מרכך כביסה בבישום עוצמתי 4 ל' סנו מקסינה,"סנו מפעלי ברונוס בע""",IL,מרכך JOY בבישום עוצמ,ליטרים,4.00,ליטר,false,,22.90,5.7250,true,1,234825
7290108352573,false,מרכך כביסה מקסימה בבישום עוצמתי 4 ל' סנו,סנו,IL,מרכך כביסה CALM בבי,ליטרים,4.00,ליטר,false,,22.90,5.7250,true,1,385236
7290108352641,false,סנו סושי מטלית הפלא לניקוי כללי במארז שלישייה,סנו מפעלי ברונוס.,CN,סנו סושי מטלית הפלא,יחידה,0.00,יחידה,false,,14.90,0.0000,true,1,30716
7290108352672,false,מטלית הפלא לריצפה זוג סנו סושי,סנו מפעלי ברונוס.,CN,סנו סושי זוג מטלית ה,יחידה,0.00,יחידה,false,,19.90,0.0000,true,1,30719
7290108352689,false,סנו סושי כריות קרצוף ללכלוך קשה 9 יח',טרופיקל דגיל תעשיות,US,כריות קרצוף ללכלוך ק,יחידה,0.00,יחידה,false,,9.90,0.0000,true,1,30720
7290108352795,false,שקיות סנו סושי M זיפר 50 יח,,,סנו סושי שקיות זיפר,יחידה,0.00,יחידה,false,,12.90,0.0000,true,1,30725
7290108352801,false,סנו - סושי שקיות אשפה לפח קטן 100 יחידות,"סנו מפעלי ברונוס בע""",IL,סנו סושי 100 שקיות א,יח',100.00,יח',false,,19.90,0.1990,true,1,30726
7290108352825,false,ספוג הפלא נירוסטה סנו סושי 3יח',s.k.a.t ltdסנו מפעלי,CN,סנו סושי-ספוג הפלא נ,יח',3.00,יח',false,,9.90,3.3000,true,1,30728
7290108352863,false,סנו סושי שקיות צלייה 20יח' מידה L,מיוצר עי קונדיטוריית,TR,סנו סושי-20 שקיות צל,יחידה,0.00,יחידה,false,,7.90,0.0000,true,1,30731
7290108352870,false,סנו סושי שקיות צלייה 10יח' מידה XL,מיוצר עי קונדיטוריית,IL,סנו סושי-10 שקיות צל,יחידה,0.00,יחידה,false,,7.90,0.0000,true,1,30732
7290108352894,false,סנו סושי מפת שולחן חגיגית,שואוגאנג,CN,סנוסושי מפת שולחן חג,יחידה,0.00,יחידה,false,,7.90,0.0000,true,1,30734
7290108352900,false,סנו סושי מגבות הפלא גליל כפול 6 גלילים,סנו מפעלי ברונוס בעמ,IL,סנו סושי מגבות נייר,יחידה,0.00,יחידה,false,,21.90,0.0000,true,1,30735
7290108353006,false,שקיות אוכל סנו סושי נקשרות 250 יח,מיוצר עי קונדיטוריית,IL,סנו סושי 250 שקיות א,יחידה,0.00,יחידה,false,,13.90,0.0000,true,1,30745
7290108353068,false,ספוג הפלא נירוסטה עם סיבי קירצוף סנו סושי 2 יח',מיוצר עי קונדיטוריית,IL,סנו סושי-כרית קרצוף,יח',3.00,יח',false,,9.90,3.3000,true,1,30751
7290108353334,false,"שמפו למניעת קשקשים עם שמן עץ התה ואסאי 700 מ""ל כיף",קוסמופארם בעמ,IL,שמפו למניעת קשקשים ע,מיליליטרים,700.00,"100 מ""ל",false,,11.90,1.7000,true,1,30755
7290108353433,false,"מי פה אורביטול פרפקט פרש 500 מ""ל","קוסמופארם בע""מ",IL,מי פה פרוטקט&פרש 50,מיליליטרים,500.00,"100 מ""ל",false,,20.90,4.1800,true,1,30761
7290108353440,false,צמד מברשת שיניים 12000 סיבים אורביטול,"ב.א מזון בע""מ",CN,צמד מברשות שיניים 1,יחידה,0.00,יחידה,false,,30.90,0.0000,true,1,210914
7290108353495,false,אורביטול - חוט דנטאלי 50 מטר בתוספת שעווה ופלואוריד,,IL,חוט דנטלי אורביטול,יחידה,0.00,יחידה,false,,10.90,0.0000,true,1,492967
7290108353501,false,סנו סושי שקיות אשפה עם ידיות 25 יח' XXL,טרופיקל דגיל תעשיות,TR,שקיות אשפה עם ידיות,יחידה,0.00,יחידה,false,,19.90,0.0000,true,1,30764
7290108353532,false,סנו סושי שקיות אשפה בגליל 100 יח',Elif,IL,שקיות אשפה בגליל סנו,יחידה,0.00,יחידה,false,,30.90,0.0000,true,1,30767
7290108353549,false,נייר אפייה סנו סושי 100 יח,"טופ פלסט 2002 בע""מ",IL,נייר אפיה סנו סושי 1,יחידה,0.00,יחידה,false,,19.90,0.0000,true,1,30768
7290108353648,false,סנו סושי שקיות אוכל מנייר + מדבקות,סנו מפעלי ברונוס.,TR,סנו סושי 70 שקיות או,יחידה,0.00,יחידה,false,,10.90,0.0000,true,1,84681
7290108353686,false,"""מטלית חלומית לריצפה"" סנו סושי",נינגבו סנבנג,IL,סנו סושי מטלית לריצפ,יחידה,0.00,יחידה,false,,12.90,0.0000,true,1,105036
7290108353716,false,"קרמה - תחליב רחצה חימר פיטאיה 500 מ""ל",,IL,תחליב רחצה חימר פיטא,מיליליטרים,500.00,"100 מ""ל",false,,12.90,2.5800,true,1,387531
7290108353730,false,"קרמה - תחליב רחצה חימר אוכמניות כחולות 500 מ""ל",,IL,תחליב רחצה חימר אוכמ,מיליליטרים,500.00,"100 מ""ל",false,,12.90,2.5800,true,1,387503
7290108353761,false,"תחליב רחצה זן, בניחוח קשמיר 600 מ""ל קרימה",,,קרמה תחליב רחצה ספא,מיליליטרים,600.00,"100 מ""ל",false,,18.90,3.1500,true,1,538395
7290108353778,false,"נקה 7 - תחליב רחצה שוודיה בניחוח פיטנגו 750 מ""ל",קוסמופארם בע''מ,IL,תחליב רחצה שוודיה פי,מיליליטרים,750.00,"100 מ""ל",false,,11.90,1.5867,true,1,106683
7290108353785,false,תחליב רחצה נקה 7 מרוקו בניחוח טונקה 750,,IL,תחליב רחצה מרוקו טונ,מיליליטרים,750.00,"100 מ""ל",false,,11.90,1.5867,true,1,106697
7290108353815,false,"תחליב רחצה מדיטציה, בניחוח פצ'ולי לבנדר 600 מ""ל קרימה",,,קרמה תחליב רחצה ספא,מיליליטרים,600.00,"100 מ""ל",false,,18.90,3.1500,true,1,538396
7290108353952,false,"קרמה - דאודורנט ספריי לאישה קרמה קלאסי 150 מ""ל",סנו,IL,דאודורנט ספריי ReFre,מיליליטרים,150.00,"100 מ""ל",false,,12.90,8.6000,true,1,221964
7290108353990,false,"קרמה - קרם גוף קרמה מאסק 500 מ""ל",טרופיקל דגיל תעשיות,IL,קרם גוף קרמה מאסק 50,מיליליטרים,500.00,"100 מ""ל",false,,24.90,4.9800,true,1,102848
7290108354157,false,קרליין - נושם מגבוני דיאורדורנט סאן רייס כתום,,IL,מגבוני דאודורנט נושם,יח',20.00,יח',false,,9.90,0.4950,true,1,75738
7290108354164,false,"שלשיית אלסבון כיף מועשר בשמנים 3*500מ""ל",טרופיקל דגיל תעשיות,IL,כיף שלישיית אלסבון ק,ליטרים,1.50,ליטר,false,,19.90,13.2667,true,1,120423
7290108354263,false,אורביטול - משחת שיניים 6+ חד קרן 70 גרם,טרופיקל דגיל תעשיות,IL,משחת שיניים אורביטול,גרמים,70.00,100 גרם,false,,7.90,11.2857,true,1,120424
7290108354270,false,מרכך כביסה מרוכז בבישום עוצמתי 1 ל' סנו מקסימה,מיוצר עי קונדיטוריית,IL,מרכך בבישום עוצמתי מ,ליטרים,1.00,ליטר,false,,18.90,18.9000,true,1,234797
7290108354416,false,"תחליב רחצה יוגה, בניחוח ברגמוט 600מ""ל קרימה",,,קרמה תחליב רחצה ספא,מיליליטרים,600.00,"100 מ""ל",false,,18.90,3.1500,true,1,538397
7290108354430,false,"שמפו כיף לשיקום והזנה שמן קוקוס וקרטין 700 מ""ל",קוסמופארם בעמ,IL,שמפו כיף לשיקום והזנ,מיליליטרים,700.00,"100 מ""ל",false,,11.90,1.7000,true,1,132396
7290108354447,false,"מרכך כיף לשיקום והזנה שמן קוקוס וקרטין 700 מ""ל",גוד פוד פרודקטס S.p,IL,מרכך כיף לשיקום והזנ,מיליליטרים,700.00,"100 מ""ל",false,,11.90,1.7000,true,1,132397
7290108354461,false,קרליין 10 שמפו חימר 700מל,,,שמפו קרליין 10 חימר,מיליליטרים,700.00,"100 מ""ל",false,,13.90,1.9857,true,1,587668
7290108354478,false,קרוליין 10 מרכך חימר 700 מל,,IL,מרכך קרליין 10 חימר,מיליליטרים,700.00,"100 מ""ל",false,,13.90,1.9857,true,1,587669
7290108354492,false,"קרליין - שמפו 10 שמן ארגן 700 מ""ל",סנו,IL,שמפו לשיער רגיל קרלי,מיליליטרים,700.00,"100 מ""ל",false,,13.90,1.9857,true,1,364763
7290108354577,false,דאודורנט רול און קרמ,,,דאודורנט רול און קרמ,מיליליטרים,75.00,"100 מ""ל",false,,12.90,17.2000,true,1,234597
7290108354591,false,"תחליב רחצה בניחוח מי קקטוס ושמן באבאסו 750 מ""ל נקה 7",סנו,IL,תחליב רחצה ביו נקה,מיליליטרים,750.00,"100 מ""ל",false,,11.90,1.5867,true,1,490586
7290108354751,false,"סנו - ג'ט מרסס לניקוי כללי בתוספת אבקת סודה 750 מ""ל","סנו מפעלי ברונוס בע""",IL,מתז JET+בתוספת סודה,מיליליטרים,750.00,"100 מ""ל",false,,12.90,1.7200,true,1,30770
7290108355000,false,"שמפו מיניונים לילדים נקה 7 750 מ""ל",,,שמפו מיניונים נקה 7,מיליליטרים,750.00,"100 מ""ל",false,,11.90,1.5867,true,1,30776
7290108355031,false,"נקה 7 אל סבון לילדים מיניונים 750 מ""ל",,,אל סבון מיניונים נקה,מיליליטרים,750.00,"100 מ""ל",false,,11.90,1.5867,true,1,30779
7290108355147,false,"נקה 7 תחליב רחצה שמני הזנה 750מ""ל",,,תחליב רחצה שמני הזנה,מיליליטרים,750.00,"100 מ""ל",false,,11.90,1.5867,true,1,30788
7290108355178,false,"קרמה - קרם ידיים חמאת שיאה וקוקוי 100 מ""ל",קוסמופארם,IL,קרם ידיים קרמה חמאת,מיליליטרים,100.00,"100 מ""ל",false,,9.90,9.9000,true,1,97662
7290108355260,false,"נקה 7-שמפו 3ב1 שמפו ג'ל רחצה וסבון פנים לגבר 750 מ""ל",גוד פוד פרודקטס S.p,IL,שמפו ג'ל רחצה וסבון,מיליליטרים,750.00,"100 מ""ל",false,,11.90,1.5867,true,1,30796
7290108355277,false,"נקה 7 - שמפו ומרכך לגבר 2 ב-1 750 מ""ל",,IL,נקה 7 מן 2 ב-1 שמפו,מיליליטרים,750.00,"100 מ""ל",false,,11.90,1.5867,true,1,30797
7290108355307,false,"נקה 7 - שמפו סירוק קל רוזמרין 750 מ""ל",גוד פוד פרודקטס S.p,IL,שמפו סירוק קל נקה 7,מיליליטרים,750.00,"100 מ""ל",false,,12.90,1.7200,true,1,30800
7290108355536,false,"קרמה - דאודורנט ספריי לאישה קרמה ורד וניל 150 מ""ל",,,דאודורנט ספריי ReFre,מיליליטרים,150.00,"100 מ""ל",false,,12.90,8.6000,true,1,221965
7290108356113,false,"כיף - תחליב רחצה דבש 700 מ""ל",קוסמופארם בעמ,IL,תחליב רחצה דבש כיף 7,מיליליטרים,700.00,"100 מ""ל",false,,11.90,1.7000,true,1,30826
7290108356120,false,"תחליב רחצה כיף קוקוס וניל 700 מ""ל",,IL,תחליב רחצה קוקוס וני,מיליליטרים,700.00,"100 מ""ל",false,,11.90,1.7000,true,1,30827
7290108356137,false,"כיף - תחליב רחצה לבנדר 700 מ""ל",,IL,תחליב רחצה לבנדר כיף,מיליליטרים,700.00,"100 מ""ל",false,,11.90,1.7000,true,1,30828
7290108356151,false,"תחליב רחצה כיף מאסק יסמין 700 מ""ל",גוד פוד פרודקטס S.p,IL,תחליב רחצה מאסק יסמי,מיליליטרים,700.00,"100 מ""ל",false,,11.90,1.7000,true,1,30829
7290108356168,false,"כיף - תחליב רחצה אוקיינוס 700 מ""ל",גוד פוד פרודקטס S.p,IL,תחליב רחצה אוקיינוס,מיליליטרים,700.00,"100 מ""ל",false,,11.90,1.7000,true,1,30830
7290108356182,false,אל סבון כיף בניחוח תאנה ותה ירוק 1 ל,,IL,אלסבון כיף תאנה ותה,ליטרים,1.00,ליטר,false,,12.90,12.9000,true,1,84651
7290108356199,false,אל סבון כיף בניחוח אפרסק ופלפל שחור 1 ל,טרופיקל דגיל תעשיות,IL,אלסבון כיף אפרסק ופל,ליטרים,1.00,ליטר,false,,12.90,12.9000,true,1,84652
7290108356229,false,"קרמה - ג'ל גילוח קרבון 200 מ""ל",טרופיקל דגיל תעשיות,TR,גל גילוח קרמה מן קרב,מיליליטרים,200.00,"100 מ""ל",false,,10.90,5.4500,true,1,84665
7290108356489,false,"כיף - תחליב רחצה אפרסק וחמאת מורומורו 700 מ""ל",קוסמופארם,IL,תחליב רחצה אפרסק וחמ,מיליליטרים,700.00,"100 מ""ל",false,,11.90,1.7000,true,1,387323
7290108356519,false,קרליין שמפו 10למניעת קשקשים 700מל,סנו,IL,שמפו לשיער בתוספת שמ,מיליליטרים,700.00,"100 מ""ל",false,,13.90,1.9857,true,1,307373
7290108356540,false,קרוליין 10 שמפו לשיער צבוע 700 מל,,IL,שמפו לשיער צבוע קרלי,מיליליטרים,700.00,"100 מ""ל",false,,13.90,1.9857,true,1,307402
7290108356557,false,"שמפו 10 לשיער למניעת קשקשים 700 מ""ל קרליין",,,שמפו למניעת קשקשים ק,מיליליטרים,700.00,"100 מ""ל",false,,13.90,1.9857,true,1,307416
7290108356564,false,"קרליין - מרכך 10 לשיער רגיל 700 מ""ל",סנו,IL,מרכך לשיער רגיל קרלי,מיליליטרים,700.00,"100 מ""ל",false,,13.90,1.9857,true,1,307430
7290108356809,false,סבון בוטני ורד ומרווה לניקוי וטיפוח הידיים טבעוני 1 ל' כיף,"קוסופארם בע""מ",IL,סבון בוטני לניקוי יד,ליטרים,1.00,ליטר,false,,15.90,15.9000,true,1,534927
7290108357004,false,"שמפו כיף ורד ושמן קוקוי 700 מ""ל",טרופיקל דגיל תעשיות,IL,כיף שמפו לשיער ורד ו,מיליליטרים,700.00,"100 מ""ל",false,,11.90,1.7000,true,1,30831
7290108357011,false,"מרכך כיף ורד ושמן קוקוי 700 מ""ל",טרופיקל דגיל תעשיות,IL,כיף מרכך לשיער ורד ו,מיליליטרים,700.00,"100 מ""ל",false,,11.90,1.7000,true,1,30832
7290108357028,false,"תחליב רחצה כיף ורד ושמן קוקוי 700 מ""ל",קוסמופארם בעמ,IL,כיף תחליב רחצה ורד ו,מיליליטרים,700.00,"100 מ""ל",false,,11.90,1.7000,true,1,30833
7290108357080,false,"קרליין - נושם ביו דאודורנט ספריי 150 מ""ל Secret Garden לאישה",קוסמופארם,IL,דיאודורנט ספריי בניח,מיליליטרים,150.00,"100 מ""ל",false,,12.90,8.6000,true,1,387462
7290108357110,false,"קרליין - נושם ביו דאודורנט רול און 75 מ""ל Valvet Rose לאישה",,,דיאודורנט רול און בנ,מיליליטרים,75.00,"100 מ""ל",false,,12.90,17.2000,true,1,387434
7290108357196,false,"ג'ט פלוס לניקוי כללי בתוספת תמצית עץ התה 750 מ""ל סנו",מיוצר עי קונדיטוריית,IL,סנו ג'ט פלוס לניקוי,מיליליטרים,750.00,"100 מ""ל",false,,12.90,1.7200,true,1,183975
7290108357226,false,"אוקסיגן POWER אבקה לכביסה לבנה והסרת כתמים 1.4 ק""ג סנו",,,אוקסיג'ן אבקה להסרת,קילוגרמים,1.40,"ק""ג",false,,29.90,21.3571,true,1,349813
7290108357240,false,"סנו אוקסיג'ן POWER לניקוי כתמים קשים 1.4 ק""ג",סנו,IL,אוקסיג'ן אבקה תוסף ל,קילוגרמים,1.40,"ק""ג",false,,29.90,21.3571,true,1,349814
7290108357264,false,"פרש אוטומטי מילוי בניחוח מרכך הכביסה אולטרה 375 מ""ל סנו",סנו,IL,מבשם לבית בניחוח אול,גרמים,250.00,100 גרם,false,,13.90,5.5600,true,1,492648
7290108357271,false,"ג'ל לניקוי אסלות עם כח אסלות 750 מ""ל סנו",סנו,IL,סנובון ג'ל לניקוי אס,מיליליטרים,750.00,"100 מ""ל",false,,11.90,1.5867,true,1,492728
7290108357295,false,"סנו - אוקסיג'ן פאוור מרסס להסרת כתמים 750 מ""ל",סנו,IL,מרסס אוקסיג'ן מסיר כ,מיליליטרים,750.00,"100 מ""ל",false,,17.90,2.3867,true,1,492701
7290108357394,false,"תחליב רחצה קרמה חלב ודבש 700 מ""ל",,,קרמה תחליב רחצה חלב,מיליליטרים,700.00,"100 מ""ל",false,,16.90,2.4143,true,1,137851
7290108357400,false,"תחליב רחצה קרמה לבנדר ואקליפטוס 700 מ""ל",,IL,קרמה תחליב רחצה לבנד,מיליליטרים,700.00,"100 מ""ל",false,,16.90,2.4143,true,1,91901
7290108357578,false,"קרם ידיים קרמ וניל ופלפל ורוד 100 מ""ל",,,קרם ידיים בניחוח וני,מיליליטרים,100.00,"100 מ""ל",false,,9.90,9.9000,true,1,234811
7290108357707,false,"כיף שמפו לשיער רגיל-תפוח זרעי צ'יה 700 מ""ל",גוד פוד פרודקטס S.p,IL,שמפו לשיער רגיל תפוח,מיליליטרים,700.00,"100 מ""ל",false,,11.90,1.7000,true,1,30835
7290108357714,false,"כיף שמפו לשיער יבש -רימונים ושמן ארגן 700 מ""ל",גוד פוד פרודקטס S.p,IL,שמפו לשיער יבש רימונ,מיליליטרים,700.00,"100 מ""ל",false,,11.90,1.7000,true,1,30836
7290108357745,false,"כיף שמפו ומרכך 700 מ""ל 2ב-1 תאנה ומנטה",גוד פוד פרודקטס S.p,IL,שמפו ומרכך תאנה ומנט,מיליליטרים,700.00,"100 מ""ל",false,,11.90,1.7000,true,1,30838
7290108357769,false,"מרכך לשיער רגיל תפוח וזרעי צ'יה 700 מ""ל כיף",גוד פוד פרודקטס S.p,IL,מרכך לשיער רגיל תפוח,מיליליטרים,700.00,"100 מ""ל",false,,11.90,1.7000,true,1,30840
7290108357776,false,"כיף מרכך לשיער יבש -רימונים ושמן ארגן 700 מ""ל",גוד פוד פרודקטס S.p,IL,מרכך לשיער יבש רימונ,מיליליטרים,700.00,"100 מ""ל",false,,11.90,1.7000,true,1,30841
7290108357837,false,שקית מילוי אל סבון בניחוח אצות ים 1 ל' כיף,,IL,אל סבון כיף שקית מיל,ליטרים,1.00,ליטר,false,,8.90,8.9000,true,1,493009
7290108357851,false,"כיף - ג'ל רחצה אליקסיר אוילס מועשר בשמן קוקוס 700 מ""ל","קוסמופארם בע""מ",IL,ג'ל רחצה מועשר בשמן,מיליליטרים,700.00,"100 מ""ל",false,,12.90,1.8429,true,1,308205
7290108357875,false,"כיף - שמפו לחות מוגברת עם אפרסק וחמאת מורומורו 700 מ""ל",קוסמופארם,IL,שמפו לחות מוגברת אפר,מיליליטרים,700.00,"100 מ""ל",false,,11.90,1.7000,true,1,387295
7290108357882,false,"כיף - מרכך לחות מוגברת עם אפרסק וחמאת מורומורו 700 מ""ל",קוסמופארם,IL,מרכך לחות מוגברת אפר,מיליליטרים,700.00,"100 מ""ל",false,,11.90,1.7000,true,1,387309
7290108358070,false,"תחליב רחצה קרמה קלאסי 700 מ""ל",גוד פוד פרודקטס S.p,IL,קרמה תחליב רחצה קלאס,מיליליטרים,700.00,"100 מ""ל",false,,16.90,2.4143,true,1,111552
7290108358087,false,"תחליב רחצה קרמה מאסק 700 מ""ל",גוד פוד פרודקטס S.p,IL,קרמה תחליב רחצה מאסק,מיליליטרים,700.00,"100 מ""ל",false,,16.90,2.4143,true,1,106645
7290108359008,false,סושי שקיות זיפר עם סליידר 15 יח לארג',,IL,שקיות זיפר עם סליידר,יחידה,0.00,יחידה,false,,14.90,0.0000,true,1,311229
7290108359039,false,שקיות אשפה סנו 30 יח +ידית לפחים גבוהים,סנאט גרופ,IL,שקיות אשפה לפח גבוהה,יח',100.00,יח',false,,19.90,0.1990,true,1,160096
7290108359060,false,סנו סושי כריות הפלא רב תכלתיות *4 לשבת,,IL,כריות ניקוי לשבת 4 י,יחידה,0.00,יחידה,false,,11.90,0.0000,true,1,239269
7290108359077,false,סנו - סופט לושן ממחטות אף בקופסא 3 שכבות 120 יח',Solo Soft,IL,ממחטות אף בקופסא 3 ש,יחידה,0.00,יחידה,false,,12.90,0.0000,true,1,311258
7290108359084,false,כיסוי ניילון עם גומי 30 יח' M סנו סושי,סנו,IL,סנו סושי כיסוי ניילו,יחידה,0.00,יחידה,false,,11.90,0.0000,true,1,563056
7290108359091,false,כיסוי ניילון עם גומי 30 יח' L סנו סושי,סנו,IL,סנו סושי כיסוי ניילו,יחידה,0.00,יחידה,false,,11.90,0.0000,true,1,563071
7290108359183,false,שקית אשפה חזקות 70*50 60 יח' סנו סושי,,IL,שקיות אשפה L עם ידי,יחידה,0.00,יחידה,false,,22.90,0.0000,true,1,558531
7290108359190,false,סושי מגבת הפלא 4 יח' = 12 גליל ארוך פי 3,,IL,סנו סושי מגבות הפלא,יחידה,0.00,יחידה,false,,24.90,0.0000,true,1,581350
7290108359824,false,"כיף - בייבי כיף קרם 500 מ""ל",קוסמופארם בעמ,IL,קרם גוף HYDROMOIST ב,מיליליטרים,500.00,"100 מ""ל",false,,21.90,4.3800,true,1,30844
7290108359848,false,בייבי כיף שמפו אל דמע 1 ל',,,שמפו אלדמע בייבי כיף,ליטרים,1.00,ליטר,false,,18.90,18.9000,true,1,30846
7290108359879,false,"אלסבון בייבי כיף+משאבה 750 מ""ל",קוסמופארם בעמ,IL,אלסבון HYDROMOIST ב,מיליליטרים,750.00,"100 מ""ל",false,,15.90,2.1200,true,1,30849
7290108359893,false,"תחליב רחצה בייבי כיף+משאבה 750 מ""ל",גוד פוד פרודקטס S.p,IL,תחליב רחצה HYDROMOIS,מיליליטרים,750.00,"100 מ""ל",false,,15.90,2.1200,true,1,30851
7290108359985,false,סנו - ז'אוול מרסס קצף לניקוי וחינו בניחוח פריחה לבנה 1 ליטר,סנו,IL,אקונומיקה מרסס עם ממ,ליטרים,1.00,ליטר,false,,17.90,17.9000,true,1,354679
7290108500677,false,כבד דג שיבוט בשמן הדג 115 גרם,"איטיליאן פוד, אס.פי.",IS,כבד דג שיבוט בשמן וי,גרמים,115.00,100 גרם,false,,8.90,7.7391,true,1,3046
7290108501353,false,פילה אנשובי אמיתי ארוך בשמן וילי פוד 45,,,פילה אנשובי ארוך בשמ,גרמים,45.00,100 גרם,false,,5.90,13.1111,true,1,3072
7290108501490,false,גבינה מוצרלה פרוסות ו.פוד 150ג',,,גבינה מוצרלה פרוסות,גרמים,150.00,100 גרם,false,,12.90,8.6000,true,1,3084
7290108502862,false,מלפפון כבושים במלח 18-25 קטנים מאוד 600 ג',,,מלפפונים כבושים במלח,גרמים,600.00,100 גרם,false,,8.90,1.4833,true,1,3170
7290108503043,false,תפוחונים חטיף פלחים מיובשים מארז 22X4ג',הביי דונגפנג פוד קו.,CN,מארז רביעייה תפוחוני,גרמים,88.00,100 גרם,false,,12.90,14.6591,true,1,3181
7290108503067,false,פרמז'נו משולש 150 גרם,,,פרמז'נו משולש 150 גר,גרמים,150.00,100 גרם,false,,13.90,9.2667,true,1,3183
7290108503159,false,גבינה כחולה עם עובש 31% שומן,קסוס אל פסטור,ES,וילי פוד גבינה כחולה,גרמים,100.00,100 גרם,false,,10.00,10.0000,true,1,3188
7290108503791,false,ניוקי תפוחי אדמה 3 צבעים ללא גלוטן 500גר,,,ניוקי תפוחי אדמה 3 צ,גרמים,500.00,100 גרם,false,,11.90,2.3800,true,1,143121
7290108504378,false,גבינת שמנת עם זיתים 200 ג' - EURO CHEESE,,DE,גבינת שמנת עם זיתים,גרמים,200.00,100 גרם,false,,12.50,6.2500,true,1,3251
7290108504699,false,נתחי טונה בשמן קנולה רביעיה * 160 ג' וילי פוד,,TH,נתחי טונה בשמן קנולה,גרמים,640.00,100 גרם,false,,21.40,3.3437,true,1,3262
7290108505153,false,יוגורט בטעם טבעי 2% שומן 150 ג',,GR,יוגורט יווני בטעם טב,גרמים,150.00,100 גרם,false,,4.90,3.2667,true,1,74189
7290108505177,false,יוגורט עם אננס 150 גרם 0% שומן,דלתא,GR,יוגורט יווני עם אננס,גרמים,150.00,100 גרם,false,,4.90,3.2667,true,1,74191
7290108505719,false,גבינת מוצרלה מגורדת 25% שומן 200גר,,TR,גבינת מוצרלה מגורדת,גרמים,200.00,100 גרם,false,,12.90,6.4500,true,1,73944
7290108505733,false,צמות - גבינה חצי קשה 25% שומן 200 ג',,TR,צמות גבינה חצי קשה 2,גרמים,200.00,100 גרם,false,,12.90,6.4500,true,1,73946
7290108506495,false,פינוקים כנאפה קפוא ויליפוד,ארמה גרופ,TR,כנאפה קפוא 192.5 גרם,גרמים,192.50,100 גרם,false,,12.90,6.7013,true,1,65960
7290108506969,false,מאפה בורקס מים תורכי - גבינה 300 ג',גידה,TR,מ.בורקס מים תורכי גב,גרמים,300.00,100 גרם,false,,12.90,4.3000,true,1,73918
7290108507188,false,כנאפה קפוא אריזה משפחתית 657.5 גרם,ארמה גרופ,TR,כנאפה קפוא 657.50 גר,גרמים,657.50,100 גרם,false,,30.90,4.6996,true,1,88454
7290108507911,false,קינואה עם טונה וירקות  160 גרם,,TR,קינואה עם טונה וירקו,גרמים,160.00,100 גרם,false,,11.90,7.4375,true,1,171307
7290108509120,false,גבינה בולגרית מעודנת 18% שומן יורו 500 ג',,,גבינה בולגרית מעודנת,גרמים,500.00,100 גרם,false,,19.90,3.9800,true,1,191583
7290108509229,false,ויליפוד חטיף אורז אפוי לתינוקות בננה 50 גרם,,TH,חטיף אורז אפוי לתינו,גרמים,50.00,100 גרם,false,,11.90,23.8000,true,1,295228
7290108509359,false,פופקורן בציפוי בטעם קרמל 90 ג' ויליפוד,סנרו ס.א,UA,פופקורן בציפוי בטעם,גרמים,90.00,100 גרם,false,,7.90,8.7778,true,1,312110
7290108509588,false,גבינה מלוחה עם עשבי תיבול 24% שומן 153 ג,,GR,גבינה מלוחה עם עשבי,גרמים,153.00,100 גרם,false,,15.90,10.3922,true,1,587115
7290108509625,false,זיתים ירוקים ופלפל על הגריל מגולענ 730 ג,,TR,זיתים ירוקים ופלפל,גרמים,730.00,100 גרם,false,,19.90,2.7260,true,1,219060
7290108509700,false,"אורז פרסי DAAWAT 1 ק""ג",אל טי פוד,IN,"אורז פרסי 1 ק""ג DAAW",קילוגרמים,1.00,"ק""ג",false,,9.90,9.9000,true,1,242636
7290108509755,false,גבינה חלומי 250 גרם 23% שומן,,קפריסין,גבינת חלומי יורו 25,גרמים,250.00,100 גרם,false,,24.90,9.9600,true,1,580954
7290108509939,false,פרוסות פילה טונה 120 ג' ויליפוד,,,פרוסות פילה טונה 120,גרמים,120.00,100 גרם,false,,12.90,10.7500,true,1,295308
7290109351025,false,חומוס צבר מלך חומוס טחינה חלק 400ג',סלטי צבר,IL,מלך החומוס חומוס טחי,גרמים,400.00,100 גרם,false,,13.90,3.4750,true,1,19956
7290109351971,false,פיטנס בר פריכיות שוקולד חלב 84 גרם,CA,IL,בר פריכיות שוקולד חל,גרמים,84.00,100 גרם,false,,12.90,15.3571,true,1,19961
7290109352916,false,פיטנס בר פריכיות שוקולד לבן 84 גרם,PT,IL,בר פריכיות שוקולד לב,גרמים,84.00,100 גרם,false,,12.90,15.3571,true,1,19965
7290109354101,false,לחמית ללא גלוטן 200 ג' אסם,אסם,IL,לחמית ללא גלוטן 200,גרמים,200.00,100 גרם,false,,9.90,4.9500,true,1,19149
7290109354996,false,פתי בר ללא גלוטן שוקו 200 גרם אסם,מיוצר עי קונדיטוריית,IL,אסם פתי בר ללא גלוטן,גרמים,200.00,100 גרם,false,,9.90,4.9500,true,1,19154
7290109580043,false,"שניצל תירס קלאסי זוגלובק 1.75 ק""ג",,IL,זוגלובק שניצל תירס 1,קילוגרמים,1.75,"ק""ג",false,,49.90,28.5143,true,1,108639
7290109580050,false,נקנקיות צ'וריסוס וונדרס 226 ג',זוגלובק 2000,IL,נקנקיות צ'וריסוס מן,גרמים,226.00,100 גרם,false,,29.90,13.2301,true,1,144109
7290109580104,false,רוסביף פרימיום 150 גרם זוגלובק,זוגלובק,IL,רוסטביף זוגלובק פרמי,גרמים,150.00,100 גרם,false,,24.90,16.6000,true,1,145766
7290109580111,false,"צלעות אסאדו מעושנות פרימיום, 120 גרם",זוגלובק,IL,צלעות אסאדו מעושנות,גרמים,180.00,100 גרם,false,,24.90,13.8333,true,1,349220
7290109580166,false,סרוולד קלאסי פרימיום 150 גרם זוגלובק,זוגלובק,IL,סרוולד קלאסי זוגלובק,גרמים,150.00,100 גרם,false,,24.90,16.6000,true,1,145770
7290109580319,false,בורגר וונדרס 280 ג' WONDERS,זוגלובק,IL,בורגר מן הצומח וונדר,גרמים,280.00,100 גרם,false,,29.90,10.6786,true,1,307632
7290109580432,false,פסטרמה חזה הודו מעושן 120 גר' זוגלובק,זוגלובק,IL,פסטרמה אקסטרה מעושנת,גרמים,120.00,100 גרם,false,,13.50,11.2500,true,1,490803
7290109580449,false,סלמי בטעם כמהין פרימיום 180 ג' זוגלובק,זוגלובק,IL,סלמי בטעם כמהין פרימ,גרמים,180.00,100 גרם,false,,24.90,13.8333,true,1,490407
7290109640785,false,מאפה פילאס בסגנון פיצה טבעוני 600 גרם,סנו מפעלי ברונוס.,IL,מאפה פילאס טבעוני במ,גרמים,600.00,100 גרם,false,,22.90,3.8167,true,1,224507
7290109921488,false,"דורגול לניקוי וחיטוי מכונת הכביסה 500 מ""ל",דורינג,CH,דורגול לניקוי וחיטוי,מיליליטרים,500.00,"100 מ""ל",false,,30.90,6.1800,true,1,11421
7290110058814,false,ביצי שוקולד סמיילי שלישייה,,,שלישיית ביצי שוקולד,גרמים,60.00,100 גרם,false,,12.90,21.5000,true,1,33412
7290110110574,false,"קוקה קולה זירו לימון פחית 330 מ""ל",החברה המרכזית לייצור,IL,פחית סליק קולה ZERO,מיליליטרים,330.00,"100 מ""ל",false,,5.50,1.6667,true,1,7190
7290110110659,false,"ספרייט לימון ליים פחית 330מ""ל",החברה המרכזית לייצור,IL,סליק ספרייט חדש 330,מיליליטרים,330.00,"100 מ""ל",false,,5.50,1.6667,true,1,7196
7290110111557,false,"משקה ספורט איזוטוני בטעם פירות 500 מ""ל פאוורייד",Caslino al Piano pla,IT,משקה ספורט איזוטוני,מיליליטרים,500.00,"100 מ""ל",false,,10.00,2.0000,true,1,403215
7290110114787,false,נביעות+תפוח 1.5 ליטר פיקדון,נביעות טבע הגליל בעמ,IL,נביעות + תפוח 1.5 לי,ליטרים,1.50,ליטר,false,,8.90,5.9333,true,1,247102
7290110114794,false,נביעות+אפרסק 1.5 ליטר פיקדון,"נביעות טבע הגליל בע""",IL,נביעות + אפרסק 1.5 ל,ליטרים,1.50,ליטר,false,,8.90,5.9333,true,1,247117
7290110114824,false,נביעות+רכיבי פרי אבטיח 1.5 ליטר פיקדון,"נביעות טבע הגליל בע""",IL,נביעות+ פרי אבטיח 1.,ליטרים,1.50,ליטר,false,,8.90,5.9333,true,1,247451
7290110114855,false,"נביעות מים מינרליים, שישיה 6 * 1.5 ליטר פקדון",נביעות טבע הגליל בעמ,IL,מי נביעות שישייה 1.5,ליטרים,9.00,ליטר,false,,13.90,1.5444,true,1,247199
7290110114886,false,פריגת סחוט טרי קלמנטינה 2 ליטר,גת,IL,פריגת משקה קלמנטינה,ליטרים,2.00,ליטר,false,,29.20,14.6000,true,1,246933
7290110114893,false,פריגת סחוט טרי תפוז 2 ליטר,גת,IL,פריגת סחוט תפוזים 2,ליטרים,2.00,ליטר,false,,29.20,14.6000,true,1,246973
7290110114916,false,פריגת סחוט לימון נענע 2 ליטר,גת,IL,פריגת סחוט לימונענע,ליטרים,2.00,ליטר,false,,29.20,14.6000,true,1,247003
7290110114954,false,מיץ תפוזים מתקתקים 100% 2 ל' פריגת,,,מיץ תפוזים מתקתק 100,ליטרים,2.00,ליטר,false,,22.20,11.1000,true,1,247017
7290110114961,false,מיץ בטעם תפוזים 1.5ל' פריגת,מבשלות בירה בינלאומי,IL,פריגת תפוזים 1.5 ליט,ליטרים,1.50,ליטר,false,,8.90,5.9333,true,1,247213
7290110114985,false,פריגת אשכולית 1.5 ליטר פיקדון,מבשלות בירה בינלאומי,IL,פריגת אשכולית 1.5 לי,ליטרים,1.50,ליטר,false,,8.90,5.9333,true,1,247241
7290110114992,false,פריגת light אשכולית 1.5 ליטר פיקדון,מבשלות בירה בינלאומי,IL,פריגת דיאט אשכולית 1,ליטרים,1.50,ליטר,false,,8.50,5.6667,true,1,247242
7290110115005,false,פריגת ענבים 1.5 ליטר פיקדון,מבשלות בירה בינלאומי,IL,פריגת ענבים 1.5 ליטר,ליטרים,1.50,ליטר,false,,8.90,5.9333,true,1,247269
7290110115029,false,"פריגת משק""ל תפוח 1.5 ליטר פיקדון",מבשלות בירה בינלאומי,IL,פריגת תפוחים 1.5 ליט,ליטרים,1.50,ליטר,false,,8.90,5.9333,true,1,247336
7290110115036,false,פריגת מנגו 1.5 ליטר פיקדון,מבשלות בירה בינלאומי,IL,פריגת מנגו 1.5 ליטר,ליטרים,1.50,ליטר,false,,8.90,5.9333,true,1,247364
7290110115043,false,פריגת לימונענע 1.5 ליטר פיקדון,מבשלות בירה בינלאומי,IL,פריגת לימונענע 1.5 ל,ליטרים,1.50,ליטר,false,,8.90,5.9333,true,1,247365
7290110115050,false,פריגת מיקס תות בננה 1.5 ליטר פיקדון,מבשלות בירה בינלאומי,IL,פריגת מיקס תות בננה,ליטרים,1.50,ליטר,false,,8.90,5.9333,true,1,247366
7290110115081,false,פריגת צלול ענבים 1.5 ליטר פיקדון,מבשלות בירה לישראל ב,IL,פריגת צלול ענבים 1.5,ליטרים,1.50,ליטר,false,,8.50,5.6667,true,1,247509
7290110115104,false,פריגת צלול אפרסק 1.5 ליטר פיקדון,מבשלות בירה בינלאומי,IL,פריגת צלול אפרסק 1.5,ליטרים,1.50,ליטר,false,,8.50,5.6667,true,1,247526
7290110115128,false,פריגת צלול בטעם לימונענע 1.5 ליטר פיקדון,מבשלות בירה לישראל ב,IL,פריגת צלול בטעם לימו,ליטרים,1.50,ליטר,false,,8.50,5.6667,true,1,247528
7290110115180,false,מים נביעות בקבוק 1.5,"נביעות טבע הגליל בע""",IL,נביעות 1.5 ליטר,ליטרים,1.50,ליטר,false,,3.70,2.4667,true,1,289866
7290110115203,false,קוקה קולה 1.5 ליטר פיקדון,,IL,קוקה קולה 1.5 ליטר,ליטרים,1.50,ליטר,false,,8.90,5.9333,true,1,247546
7290110115210,false,דיאט קוקה קולה 1.5 ליטר פיקדון,,IL,דיאט קוקה קולה 1.5 ל,ליטרים,1.50,ליטר,false,,8.50,5.6667,true,1,247547
7290110115227,false,קוקה קולה זירו 1.5 ליטר -,,IL,קוקה קולה זירו בקבוק,ליטרים,1.50,ליטר,false,,8.90,5.9333,true,1,247548
7290110115234,false,קוקה קולה זירו נטול 1.5 ליטר -,החברה המרכזית לייצור,IL,קולה ZERO נטול 1.5 ל,ליטרים,1.50,ליטר,false,,8.90,5.9333,true,1,247563
7290110115258,false,קוקה קולה זירו מנגו 1.5 ליטר -,החברה המרכזית לייצור,IL,קוקה קולה זירו מנגו,ליטרים,1.50,ליטר,false,,8.90,5.9333,true,1,247565
7290110115265,false,ספרייט לימון ליים 1.5 ליטר-,,IL,ספרייט 1.5 ליטר LIME,ליטרים,1.50,ליטר,false,,8.90,5.9333,true,1,247676
7290110115272,false,ZERO ספרייט 1.5 ליטר פיקדון,,IL,ספרייט זירו 1.5 ליטר,ליטרים,1.50,ליטר,false,,8.50,5.6667,true,1,247677
7290110115289,false,ספרייט 19 קל' לימון-נענע 1.5 ליטר פיקדון,החברה המרכזית לייצור,IL,ספרייט 19 קלוריות לי,ליטרים,1.50,ליטר,false,,8.50,5.6667,true,1,247719
7290110115296,false,פאנטה אורנג' 1.5 ליטר פיקדון,החברה המרכזית לייצור,IL,פאנטה אורנג' 1.5 ליט,ליטרים,1.50,ליטר,false,,8.90,5.9333,true,1,247733
7290110115302,false,פאנטה ZERO אורנג' 1.5 ליטר פיקדון,החברה המרכזית לייצור,IL,פאנטה זירו בטעם אורנ,ליטרים,1.50,ליטר,false,,8.90,5.9333,true,1,247734
7290110115319,false,פאנטה אקזוטיק 1.5 ליטר פיקדון,החברה המרכזית לייצור,IL,פאנטה אקזוטיק 1.5 לי,ליטרים,1.50,ליטר,false,,8.90,5.9333,true,1,247763
7290110115340,false,פאנטה ענבים 1.5 ליטר פיקדון,,IL,פאנטה ענבים 1.5 ליטר,ליטרים,1.50,ליטר,false,,8.90,5.9333,true,1,247779
7290110115357,false,קינלי סודה 1.5 ליטר פיקדון,,IL,קינלי סודה 1.5 ליטר,ליטרים,1.50,ליטר,false,,3.50,2.3333,true,1,247806
7290110115364,false,קוקה קולה שישיות 1.5 ליטר פיקדון,החברה המרכזית לייצור,IL,קוקה קולה 6*1.5 ליטר,ליטרים,9.00,ליטר,false,,49.90,5.5444,true,1,247580
7290110115388,false,ספרייט ליים שישיות 1.5 ליטר פיקדון,החברה המרכזית לייצור,IL,ספרייט 6*1.5 ליטר L,ליטרים,9.00,ליטר,false,,49.90,5.5444,true,1,247691
7290110115401,false,קינלי סודה שישיה 1.5 ליטר פיקדון,החברה המרכזית לייצור,IL,קינלי סודה 6*1.5 ליט,ליטרים,9.00,ליטר,false,,14.90,1.6556,true,1,275650
7290110115418,false,מארז שישייה קוקה קולה זירו 1.5 ל',החברה המרכזית לייצור,IL,קוקה קולה זירו שישיי,ליטרים,9.00,ליטר,false,,46.90,5.2111,true,1,247582
7290110115425,false,FUZE TEA גרין לימונענע -נענע 1.5 ליטר פיקדון,מבשלות בירה בינלאומי,IL,פיוז טי לימון נענע 1,ליטרים,1.50,ליטר,false,,8.90,5.9333,true,1,247821
7290110115449,false,אייס תה בטעם מנגו אננס 1.5ל' FUZE TEA,מבשלות בירה בינלאומי,IL,פיוז טי מנגו אננס 1.,ליטרים,1.50,ליטר,false,,9.50,6.3333,true,1,247836
7290110115456,false,תה בטעם אפרסק 19 קלוריות 1.5 ל' FUZE TEA,מבשלות בירה בינלאומי,IL,פיוז טי אפרסק 19 קל,ליטרים,1.50,ליטר,false,,8.90,5.9333,true,1,247837
7290110115463,false,אייס תה בטעם אפרסק 1.5ל' FUZE TEA,מבשלות בירה בינלאומי,IL,פיוז טי אפרסק 1.5 לי,ליטרים,1.50,ליטר,false,,9.50,6.3333,true,1,247852
7290110115494,false,אייס תה בטעם ענבים 1.5ל' FUZE TEA,מבשלות בירה בינלאומי,IL,פיוז טי ענבים 1.5 לי,ליטרים,1.50,ליטר,false,,9.50,6.3333,true,1,247868
7290110115593,false,פריגת אשכוליות 40% פחות סוכר 1.5 ליטר פיקדון,מבשלות בירה בינלאומי,IL,משקה קל בטעם אשכוליו,ליטרים,1.50,ליטר,false,,8.50,5.6667,true,1,247510
7290110115616,false,אייס תה בטעם גרין אננס 1.5ל' FUZE TEA,מבשלות בירה בינלאומי,IL,פיוז טי ZERO גרין אנ,ליטרים,1.50,ליטר,false,,8.90,5.9333,true,1,325476
7290110115623,false,אייס תה בטעם אפרסק 1.5ל' FUZE TEA,מבשלות בירה בינלאומי,IL,פיוז טי ZERO בטעם אפ,ליטרים,1.50,ליטר,false,,8.90,5.9333,true,1,320604
7290110115869,false,קוקה קולה זירו 1.5 ליטר פיקדון,תות תעשיות מזון (201,IL,קוקה קולה זירו בקבוק,ליטרים,1.50,ליטר,false,,8.90,5.9333,true,1,566481
7290110115913,false,"משקה ספורט איזוטוני זירו בטעם אננס 500 מ""ל פאוורייד",Caslino al Piano pla,IT,משקה ספורט בטעם אננס,מיליליטרים,500.00,"100 מ""ל",false,,10.00,2.0000,true,1,397680
7290110116064,false,פאנטה ZERO פירות ירוק 1.5 ליטר פיקדון,החברה המרכזית לייצור,IL,פאנטה זירו 1.5 ליטר,ליטרים,1.50,ליטר,false,,8.90,5.9333,true,1,441212
7290110116125,false,סירופ בטעם פטל 750 מל פריגת,פריגת,IL,סירופ פריגת טעם פטל,מיליליטרים,750.00,"100 מ""ל",false,,18.90,2.5200,true,1,492474
7290110116132,false,סירופ בטעם לימון 750 מל פריגת,פריגת,IL,סירופ פריגת טעם לימו,מיליליטרים,750.00,"100 מ""ל",false,,18.90,2.5200,true,1,492475
7290110116156,false,נביעות+רכיבי פרי מנגו-פסיפלורה 1.5 ליטר-,,,נביעות+ פרי בטעם מנג,ליטרים,1.50,ליטר,false,,8.90,5.9333,true,1,532362
7290110116170,false,נביעות+רכיבי פרי אננס-קוקוס 1.5 ליטר-,,,נביעות+ פרי בטעם אננ,ליטרים,1.50,ליטר,false,,8.90,5.9333,true,1,532347
7290110116217,false,נביעות+ סדרת 0 קלוריות אשכוליות 1.5 ליטר,"נביעות טבע הגליל בע""",IL,נביעות+ אשכולית 0 קל,ליטרים,1.50,ליטר,false,,8.90,5.9333,true,1,532407
7290110116323,false,שישיית קוקה קולה זירו 1.5 ליטר חג שמח-,,IL,קוקה קולה זירו 6*1.5,ליטרים,9.00,ליטר,false,,47.90,5.3222,true,1,383616
7290110116385,false,"קולה זירו בטעם אבטיח תות, 330 מ""ל",החברה המרכזית למשקאו,IL,סליק זירו מרשמלו 33,מיליליטרים,330.00,"100 מ""ל",false,,5.50,1.6667,true,1,534641
7290110116392,false,סירופ בטעם תפוזים 750 מל פריגת,פריגת,IL,סירופ בטעם תפוזים 75,מיליליטרים,750.00,"100 מ""ל",false,,18.90,2.5200,true,1,532453
7290110116484,false,מיץ סחוט תות בננה 1 ל' פריגת,גת,IL,פריגת סחוט MIX תות ב,ליטרים,1.00,ליטר,false,,14.90,14.9000,true,1,556710
7290110116491,false,מיץ סחוט אפרסק משמש 1 ל' פריגת,גת,IL,פריגת סחוט MIX אפרסק,ליטרים,1.00,ליטר,false,,14.90,14.9000,true,1,556725
7290110116514,false,"פריגת מיקס תות בננה 400 מ""ל",גת,IL,פריגת סחוט MIX תות ב,מיליליטרים,400.00,"100 מ""ל",false,,8.90,2.2250,true,1,575455
7290110116521,false,"פריגת מיקס אפרסק משמש 400 מ""ל",גת,IL,פריגת סחוט MIX אפרסק,מיליליטרים,400.00,"100 מ""ל",false,,8.90,2.2250,true,1,575440
7290110320591,false,פיראוס בולגרית מעודנת 16% 250 גר,תנובה,IL,בולגרית 16% במרקם מע,גרמים,250.00,100 גרם,false,,21.90,8.7600,true,1,26174
7290110320850,false,פתיתים גבינה 28% שומן 200 ג' עמק,תנובה מרכז שיתופי לש,IL,עמק פתיתים 200 גרם,גרמים,200.00,100 גרם,false,,14.90,7.4500,true,1,26190
7290110320867,false,פתיתים גבינה 28% שומן 500 ג' עמק,"תנובה, מחלבת תל יוסף",IL,עמק פתיתים למאפים 28,גרמים,500.00,100 גרם,false,,35.90,7.1800,true,1,26191
7290110321031,false,מעדן חלב GO יוגורט מועשר בחלבון טבעי 200 ג' יופלה,"תנובה, מחלבת אלון תב",IL,יופלה גו 200 גרם תנו,גרמים,200.00,100 גרם,false,,4.90,2.4500,true,1,26204
7290110321277,false,קוטג' בקטנה % 5 100 ג' תנובה,פארייפאבה אגרואינדוס,IL,קוטג' תנובה בקטנה 5,גרמים,100.00,100 גרם,false,,2.50,2.5000,true,1,26222
7290110321284,false,קוטג' בקטנה 9% 100 ג' תנובה,פארייפאבה אגרואינדוס,IL,קוטג' תנובה בקטנה 9,גרמים,100.00,100 גרם,false,,2.50,2.5000,true,1,26223
7290110321680,false,יופלה GO טעם תות 200 גרם,מיוצר עי קונדיטוריית,IL,יופלה גו בטעם תות 20,גרמים,200.00,100 גרם,false,,6.20,3.1000,true,1,26245
7290110321697,false,יופלה גו בטעם אפרסק,מיוצר עי קונדיטוריית,IL,יופלה גו בטעם אפרסק,מיליליטרים,200.00,"100 מ""ל",false,,6.20,3.1000,true,1,26246
7290110321703,false,יופלה GO פירות יער 200 מל,מיוצר עי קונדיטוריית,IL,יופלה גו בטעם פרות י,מיליליטרים,200.00,"100 מ""ל",false,,6.20,3.1000,true,1,26247
7290110322014,false,טופו טבעי ALTERNATIVE 300 גרם,שוורצקוף& הנקל דיסלד,IL,טופו טבעי 300 גרם,גרמים,300.00,100 גרם,false,,12.90,4.3000,true,1,26266
7290110322946,false,יופלה טיוב יוגורט במרקם חלק בטעם תות בננה כשרות רבנות 348 ג',,,יופלה טיוב יוגורט במ,מיליליטרים,348.00,"100 מ""ל",false,,11.90,3.4195,true,1,26290
7290110323097,false,מעדן גבינה עם תות 5% שומן 80 ג' תנובה,,,תאומים 80 גרם גביע ב,גרמים,80.00,100 גרם,false,,2.00,2.5000,true,1,26297
7290110323301,false,טל העמק בסגנון אמנטל 32% שומן 200 גרם,תנובה,IL,גבינת עמק טל 32% שומ,גרמים,200.00,100 גרם,false,,19.90,9.9500,true,1,26313
7290110323585,false,יופלה יוגורט עם דובדבן מופחת קלוריות 200 ג' GO,,IL,יופלה GO לייט עם דוב,גרמים,200.00,100 גרם,false,,6.20,3.1000,true,1,26331
7290110323592,false,יופלה יוגורט עם אפרסק מופחת קלוריות 200 ג' GO,,IL,יופלה GO לייט עם אפר,גרמים,200.00,100 גרם,false,,6.20,3.1000,true,1,26332
7290110323714,false,משקה קוקוס שקדים 1 ל' ALTERNATIVE,מיוצר עי קונדיטוריית,IL,תנובה משקה קוקוס שקד,יחידה,0.00,יחידה,false,,13.50,0.0000,true,1,26343
7290110323998,false,מאגדת שמינייה מיני קרלו קצפת 8*77 ג',,,מאגדת 8 מיני קרלו ק,גרמים,616.00,100 גרם,false,,12.50,2.0292,true,1,177532
7290110324070,false,גבינת חלומי מחלב בקר 22%שומן 200גר,"תנובה בע""מ",IL,גבינת חלומי מחלב בקר,גרמים,200.00,100 גרם,false,,18.90,9.4500,true,1,26367
7290110324353,false,יופלה אננס לייט 200 מל GO,"תנובה בע""מ",IL,יופלה גו לייט בטעם א,גרמים,200.00,100 גרם,false,,6.20,3.1000,true,1,26384
7290110324711,false,"ממרח סויה בסגנון גבינה טעם טבעי בד""צ",מיוצר עי קונדיטוריית,IL,ממרח סויה 9% בטעם טב,גרמים,250.00,100 גרם,false,,8.90,3.5600,true,1,26411
7290110324858,false,מעדן שקדים בטעם אגוזי לוז 125 גרם,תנובה בעמ,IL,מעדן שקדים בטעם אגוז,גרמים,125.00,100 גרם,false,,4.50,3.6000,true,1,26422
7290110324872,false,גלבוע גבינה פרוסה 5%,תנובה,IL,גלבוע גבינה פרוסה 5%,גרמים,200.00,100 גרם,false,,18.90,9.4500,true,1,26423
7290110324926,false,משקה סויה ללא תוספת סוכר 1 ליטר,"תנובה בע""מ",IL,משקה סויה ללא תוספת,יחידה,0.00,יחידה,false,,10.90,0.0000,true,1,26426
7290110325084,false,מאגדת שמינייה מיני קרלו שוניל 8*100גרם,,IL,מאגדת שמינייה מיני ק,מיליליטרים,800.00,"100 מ""ל",false,,13.90,1.7375,true,1,26435
7290110325114,false,משקה יוגורט גו לייט תות בננה 250 מל,מיוצר עי קונדיטוריית,IL,יופלה משקה יוגורט גו,מיליליטרים,250.00,"100 מ""ל",false,,6.50,2.6000,true,1,26438
7290110325121,false,משקה יוגורט יופלה גו לייט מנגו אננס,"תנובה בע""מ",IL,יופלה משקה יוגורט גו,מיליליטרים,250.00,"100 מ""ל",false,,6.50,2.6000,true,1,26439
7290110325305,false,מעדן סויה גו 20 גרם חלבון במתיקות מעודנת,מיוצר עי קונדיטוריית,IL,יופלה סויה גו 20 גרם,גרמים,200.00,100 גרם,false,,6.20,3.1000,true,1,26442
7290110325312,false,מעדן סויה גו 20 גרם חלבון בטעם תות,"תנובה בע""מ",IL,יופלה סויה גו 20 גרם,גרמים,200.00,100 גרם,false,,6.20,3.1000,true,1,26443
7290110325510,false,יופלה טיוב יוגורט במרקם חלק בטעם וניל - 348 ג',"תנובה בע""מ",IL,יופלה טיוב יוגורט במ,מיליליטרים,348.00,"100 מ""ל",false,,11.90,3.4195,true,1,26448
7290110325619,false,אלטרנטיב משקה שיבולת שועל 1 ליטר,מיוצר עי קונדיטוריית,IL,תנובה משקה שיבולת שו,יחידה,0.00,יחידה,false,,13.50,0.0000,true,1,26452
7290110325701,false,פיראוס צזיקי יווני 9% שומן על בסיס יוגורט,גוד פוד פרודקטס S.p,IL,פיראוס צזיקי יווני 9,גרמים,250.00,100 גרם,false,,12.90,5.1600,true,1,26458
7290110325893,false,תנובה GO אייס קפה 340 מל' 27 גרם חלבון,מיוצר עי קונדיטוריית,IL,משקה תנובה GO אייס ק,גרמים,340.00,100 גרם,false,,7.90,2.3235,true,1,26471
7290110326173,false,YOLO NUTS מעדן שוקולד בתוספת עוגיות 120 גרם,תנובה,IL,יולו קוקיז ש.לבן בטע,גרמים,120.00,100 גרם,false,,4.80,4.0000,true,1,71462
7290110326180,false,יולו שוקולד חלב קרם נוגט ועוגיות 120 גר,תנובה,IL,יולו קוקיז ש.חלב בטע,גרמים,120.00,100 גרם,false,,4.80,4.0000,true,1,71448
7290110326210,false,יופלה און טופ פצפוצים 157 גרם,מיוצר עי קונדיטוריית,IL,יופלה און טופ פצפוצי,גרמים,157.00,100 גרם,false,,4.90,3.1210,true,1,62381
7290110326227,false,יוגורט און טופ קורנפלקס 157 ג' יופלה,מיוצר עי קונדיטוריית,IL,יופלה און טופ קורנפל,גרמים,157.00,100 גרם,false,,4.90,3.1210,true,1,62416
7290110326234,false,יוגורט און טופ כוכבים 157 ג' יופלה,מיוצר עי קונדיטוריית,IL,יופלה און טופ כוכבים,גרמים,157.00,100 גרם,false,,4.90,3.1210,true,1,62382
7290110326241,false,ייופלה און טופ גרנולה 157 גרם,מיוצר עי קונדיטוריית,IL,יופלה און טופ גרנולה,יחידה,157.00,יחידה,false,,4.90,0.0312,true,1,62417
7290110326906,false,חלב טרי נטול לקטוז 3% 1 ליטר,מיוצר עי קונדיטוריית,IL,חלב נטול לקטוז 3% שו,ליטרים,1.00,ליטר,false,,7.90,7.9000,true,1,118091
7290110327033,false,משקה סויה תנובה גו מועשר בחלבון מתיקות מופחתת,מיוצר עי קונדיטוריית,IL,משקה סויה תנובה GO מ,יחידה,0.00,יחידה,false,,12.90,0.0000,true,1,95302
7290110327125,false,גבינה פטה 21% מחלב צאן 200 גרם,תנובה בעמ,IL,גבינת פטה 21% מצאן פ,גרמים,200.00,100 גרם,false,,21.90,10.9500,true,1,118078
7290110327279,false,נפוליאון טוסקנה 24% שומן גביע 225 גרם,"תנובה בע""מ",IL,נפוליאון טוסקנה 25%,גרמים,225.00,100 גרם,false,,14.50,6.4444,true,1,95250
7290110327514,false,משקה שיבולת שועל בטעם אגוזי לוז 1 ל' alternative,תנובה,IL,משקה שיבולת שועל בטע,יחידה,0.00,יחידה,false,,13.50,0.0000,true,1,192997
7290110327545,false,מעדן און טופ תות פצפוצים מצופים שוקולד 157ג' יופלה,מיוצר עי קונדיטוריית,IL,יופלה און טופ בטעם ת,גרמים,157.00,100 גרם,false,,4.90,3.1210,true,1,118196
7290110327637,false,יוגורט דיאט יופלה קיווי 0% שומן 150 ג' יופלה,תנובה בעמ,IL,יופלה דיאט בטעם קיוו,מיליליטרים,150.00,"100 מ""ל",false,,5.10,3.4000,true,1,118170
7290110327798,false,חטיף חלבון GO בטעם שוקולד 20 גרם חלבון,"בלמונט קונפקציות בע""",US,GO חטיף חלבון בטעם ש,גרמים,60.00,100 גרם,false,,11.90,19.8333,true,1,171578
7290110327804,false,חטיף חלבון GO בטעם בצק עוגיות 20 גרם חלבון,"בלמונט קונפקציות בע""",US,GO חטיף חלבון בטעם ב,גרמים,60.00,100 גרם,false,,11.90,19.8333,true,1,171579
7290110327811,false,חטיף חלבון GO בטעם קוקוס 20 גרם חלבון,"בלמונט קונפקציות בע""",US,GO חטיף חלבון עם קוק,גרמים,60.00,100 גרם,false,,11.90,19.8333,true,1,171580
7290110328016,false,משקה סויה מועשר בחלבון בטעם אגוזי לוז 250ג',שוורצקוף& הנקל דיסלד,IL,משקה סויה מעושר בחלב,גרמים,250.00,100 גרם,false,,5.90,2.3600,true,1,132101
7290110328023,false,משקה סויה מועשר בחלבון בטעם קפה 250 גרם,סוי מג'ק,IL,משקה סויה מעושר בחלב,גרמים,250.00,100 גרם,false,,5.90,2.3600,true,1,132102
7290110328436,false,פלח גאודה בטעם מעודן עיזים 29% קולקשין,"תנובה בע""מ",IL,פלח גאודה עיזים בטעם,גרמים,150.00,100 גרם,false,,20.90,13.9333,true,1,152167
7290110328474,false,פלח פרמג'יאנו רג'יאנו 150 גרם,מנדלז סי.אר. פרודקשן,IT,פלח פרמג'יאנו רג'יאנ,גרמים,150.00,100 גרם,false,,26.90,17.9333,true,1,152192
7290110328481,false,פתיתי פרמג'יאנו רג'יאנו 100 גרם,ברטינלי גיאני א.,IT,פתיתי פרמג'יאנו רג'י,גרמים,100.00,100 גרם,false,,14.90,14.9000,true,1,152386
7290110328627,false,יוגורט סמיך 0% בננה קרמל יופלה 200 ג' GO,מיוצר עי קונדיטוריית,IL,יוגורט גו סמיך 0% בנ,גרמים,200.00,100 גרם,false,,6.20,3.1000,true,1,177490
7290110328641,false,טופו טבעי 2יח' *250 ג',,,טופו טבעי 2 יחידות,גרמים,500.00,100 גרם,false,,17.90,3.5800,true,1,200481
7290110328764,false,יוגורט סמיך 0% תות יופלה 200 ג' GO,מיוצר עי קונדיטוריית,IL,יוגורט גו סמיך 0% תו,גרמים,200.00,100 גרם,false,,6.20,3.1000,true,1,177504
7290110328771,false,יוגורט סמיך 0% פירות יער יופלה 200 ג' GO,מיוצר עי קונדיטוריית,IL,יוגורט גו סמיך 0% פי,גרמים,200.00,100 גרם,false,,6.20,3.1000,true,1,177505
7290110328788,false,יוגורט סמיך 0% אפרסק יופלה 200 ג' GO,תנובה בעמ,IL,יוגורט גו סמיך 0% אפ,גרמים,200.00,100 גרם,false,,6.20,3.1000,true,1,177476
7290110328887,false,"חלב תנובה בקבוק 3%, כשרות מהדרין, 1 ליטר","תנובה בע""מ",IL,חלב תנובה בבקבוק 3%,ליטרים,1.00,ליטר,false,,6.23,6.2300,true,1,340677
7290110329136,false,מעדן חלב מעושר בחלבון בטעם שוקולד 120 ג' GO,"תנובה בע""מ",IL,מעדן חלב גו בטעם שוק,גרמים,120.00,100 גרם,false,,4.60,3.8333,true,1,258677
7290110329303,false,פרוסות בטעם צהובה קלאסית אלטרנטיב 200 גר,תנובה,IL,פרוסות צהובה קלאסית,גרמים,200.00,100 גרם,false,,21.90,10.9500,true,1,258704
7290110329709,false,יוגורט תנובה טבעי 0% גביע 200 גרם,מיוצר עי קונדיטוריית,IL,יוגורט טבעי תנובה 0%,גרמים,200.00,100 גרם,false,,3.50,1.7500,true,1,307939
7290110329716,false,משקה קפה קר בטעם קפוצ'ינו 230 ג' תנובה,"תנובה בע""מ",IL,קפה קר בטעם קפוצ'ינו,מיליליטרים,230.00,"100 מ""ל",false,,6.90,3.0000,true,1,420483
7290110329723,false,משקה קפה קר בטעם לאטה 230 ג' תנובה,"תנובה בע""מ",IL,קפה קר בטעם לאטה תנו,מיליליטרים,230.00,"100 מ""ל",false,,6.90,3.0000,true,1,422785
7290110329730,false,"משקה חלב עם שוקולד וקפה בסגנון לאטה 2.7%  230 מ""ל תנובה","תנובה בע""מ",IL,קפה קר בטעם לאטה שוק,מיליליטרים,230.00,"100 מ""ל",false,,6.90,3.0000,true,1,422814
7290110329792,false,יוגורט סויה BIO Alternative אפרסק 150 ג' תנובה,מיוצר עי קונדיטוריית,IL,סויה BIO אפרסק גביע,גרמים,150.00,100 גרם,false,,4.90,3.2667,true,1,324637
7290110329808,false,יוגורט סויה BIO Alternative תות 150 ג' תנובה,מיוצר עי קונדיטוריית,IL,סויה BIO תות גביע 15,גרמים,150.00,100 גרם,false,,4.90,3.2667,true,1,324638
7290110329815,false,סויה BIO מתיקות מעודנת גביע 150 גרם Alternativ,מיוצר עי קונדיטוריית,IL,סויה BIO מתיקות מעוד,גרמים,150.00,100 גרם,false,,4.90,3.2667,true,1,324639
7290110329822,false,יוגורט סויה BIO Alternative פירות יער 150 ג' תנובה,מיוצר עי קונדיטוריית,IL,סויה BIO פירות יער ג,גרמים,150.00,100 גרם,false,,4.90,3.2667,true,1,324640
7290110329839,false,פרוסות צהובה בטעם זיתים 200 ג' אלטרנטיב,מיוצר עי קונדיטוריית,IL,פרוסות צהובה בטעם זי,גרמים,200.00,100 גרם,false,,21.90,10.9500,true,1,259635
7290110329846,false,יוגורט סויה BIO Alternative בטעם טבעי 150 ג' תנובה,"תנובה בע""מ",IL,סויה BIO טבעי גביע 1,גרמים,150.00,100 גרם,false,,4.90,3.2667,true,1,324641
7290110550219,false,מטבעות שוקולד לבן לאפיה 400 גרם עלית,,IT,מטבעות שוקולד לבן לא,גרמים,400.00,100 גרם,false,,29.90,7.4750,true,1,422344
7290110550363,false,פריכיות משולשות קינואה מלח ים 65 גרם,,IL,משולש קינואה ומלח ים,גרמים,65.00,100 גרם,false,,9.90,15.2308,true,1,314355
7290110550370,false,פריכיות משולשות קינואה ופלפל 65 גרם,,,אנרגי פריכיות משולשו,גרמים,65.00,100 גרם,false,,9.90,15.2308,true,1,564747
7290110550394,false,PERFECT BITE שוקולד חלב במילוי קרם ושברי אגוזי לוז 234 גרם,"שטראוס גרופ בע""מ",IL,מיני חטיפי שוקולד PE,גרמים,234.00,100 גרם,false,,19.90,8.5043,true,1,230453
7290110551254,false,נשנושי תירס 600 גרם,,,נשנושי תירס 600 גרם,גרמים,600.00,100 גרם,false,,15.90,2.6500,true,1,551989
7290110552121,false,יוגורט בתוספת סידן וויטמין ד 100 ג' דנונה,,IL,היוגורט הראשון שלי 5,גרמים,100.00,100 גרם,false,,2.30,2.3000,true,1,459393
7290110552220,false,יוגורט פרו בטעם תות ללא סוכר 200 ג' דנונה,"שטראוס בריאות בע""מ",IL,דנונה PRO 20 גרם חלב,גרמים,200.00,100 גרם,false,,5.90,2.9500,true,1,306938
7290110552237,false,יוגורט פרו בטעם אפרסק מנגו ללא סוכר 200 ג' דנונה,"שטראוס בריאות בע""מ",IL,דנונה PRO 20 גרם חלב,גרמים,200.00,100 גרם,false,,5.90,2.9500,true,1,306924
7290110553029,false,פריכיות חלבון קייל חומוס ומלח 60 ג' שטראוס,"פרח תעשיו מזון בע""מ",IL,פריכיות חלבון קייל ח,גרמים,60.00,100 גרם,false,,9.90,16.5000,true,1,314356
7290110553036,false,פריכיות חלבון בטטה סגולה ואפונה 60 ג' שטראוס,"פרח תעשיו מזון בע""מ",IL,פרכית חלבון בטטה סגו,גרמים,60.00,100 גרם,false,,9.90,16.5000,true,1,314357
7290110553135,false,נסקפה קפוצ'ינו סטיק וניל 130 ג' עלית,,IL,נמס קפוצינו -אבקה לה,גרמים,130.00,100 גרם,false,,16.90,13.0000,true,1,573938
7290110553173,false,אנרג'י - פריכיות בטעם קרמל 40 גרם,סאנורייס בלגיום,IL,פריכיות אורז בטעם קר,גרמים,40.00,100 גרם,false,,6.90,17.2500,true,1,564926
7290110553180,false,אנרג'י - פריכיות בטעם תפוח קינמון 40 גרם,סאנורייס בלגיום,IL,פריכיות עם תפוח וקינ,גרמים,40.00,100 גרם,false,,6.90,17.2500,true,1,564927
7290110553425,false,קפה נמס 200 גרם +20% תוספת עלית,,IL,קפה נמס עלית פחית מו,גרמים,240.00,100 גרם,false,,19.90,8.2917,true,1,318774
7290110554262,false,חלבית מלבין קפה חלבי 350 ג' עלית,,,מלבין קפה חלבי 350 ג,גרמים,350.00,100 גרם,false,,17.60,5.0286,true,1,349345
7290110554422,false,פומודורו רוטב עגבניות ופלפלים לשקשוקה 350 גרם,,IT,רוטב עגבניות ופלפלים,גרמים,350.00,100 גרם,false,,10.90,3.1143,true,1,349870
7290110554583,false,מארז צ'יטוס פאפס גבינה 10 יח' *20 ג',,IL,מארז צ'יטוס PUFFS בט,גרמים,200.00,100 גרם,false,,14.10,7.0500,true,1,283747
7290110554729,false,קפסולות עלית אספרסו 04 תואמות למכונות NESPRESSO,,,עלית קפסולות אספרסו,גרמים,50.00,100 גרם,false,,16.90,33.8000,true,1,447349
7290110555078,false,לאבנה עם שמן זית ועשבי תיבול 250 גרם,"מחלבות בר בכפר בע""מ",IL,לאבנה עם עשבי תיבול,גרמים,250.00,100 גרם,false,,10.90,4.3600,true,1,448290
7290110555092,false,לאבנה עם שמן זית וצ'ילי 250 גרם,"מחלבות בר בכפר בע""מ",IL,לאבנה עם שמן זית וצ',גרמים,250.00,100 גרם,false,,10.90,4.3600,true,1,448304
7290110555603,false,אבקת שוקולוטה ספלנדיד 360 גרם עלית,"ג'אלוסיס י. בע""מ",GR,אבקה להכנת שוקולטה ס,גרמים,360.00,100 גרם,false,,22.90,6.3611,true,1,575569
7290110556242,false,עלית - שוקולד מריר פרווה בדץ 100 גרם,"שטראוס גרופ בע""מ.",FR,שוקולד מריר מעולה 10,גרמים,100.00,100 גרם,false,,5.20,5.2000,true,1,551619
7290110557027,false,חומוס עשיר 50% טחינה גולמית 400 ג' אחלה,מיוצר עי קונדיטוריית,IL,חומוס הסדרה עשיר ב50,גרמים,400.00,100 גרם,false,,12.90,3.2250,true,1,256289
7290110557102,false,מעדן חלב עם שוקולד מועשר בחלבון 150 ג' שטראוס,מיוצר עי קונדיטוריית,IL,מעדן פרו חלב עם שוקו,גרמים,150.00,100 גרם,false,,5.50,3.6667,true,1,225185
7290110557133,false,מעדן הגולן וניל 125 ג' שטראוס,מיוצר עי קונדיטוריית,IL,מעדן הגולן מעדן חלב,גרמים,125.00,100 גרם,false,,2.90,2.3200,true,1,244085
7290110557317,false,יוגורט בתוספת סידן וויטמין ד עם שיבולת שועל 100 ג' דנונה,,IL,היוגורט הראשון שלי ש,גרמים,100.00,100 גרם,false,,2.30,2.3000,true,1,459407
7290110557478,false,סלט חומוס גלילי אחלה 600 גרם,,,חומוס גלילי אחלה 60,גרמים,600.00,100 גרם,false,,12.90,2.1500,true,1,387818
7290110558130,false,יוגורט אקטיביה שיבולת שועל ודבש 150 גרם,"שטראוס בריאות בע""מ",IL,אקטיביה עם דבש ושיבו,גרמים,150.00,100 גרם,false,,4.50,3.0000,true,1,449335
7290110558154,false,דנונה לייט אנד פרי עוגת תפוחים 150ג דנונה,"שטראוס בריאות בע""מ",IL,דנונה לייט אנד פרי ת,גרמים,150.00,100 גרם,false,,4.90,3.2667,true,1,520246
7290110558253,false,"דנונה ריפרש בננה אננס וצ`יה, 250 גרם","שטראוס בריאות בע""מ",IL,יוגורט עם אננס בננה,גרמים,250.00,100 גרם,false,,5.50,2.2000,true,1,449349
7290110558284,false,יוגורט ביו מולטי 200 ג' דנונה,"שטראוס בריאות בע""מ",IL,דנונה מולטי 3% שומן,מיליליטרים,200.00,"100 מ""ל",false,,4.20,2.1000,true,1,490448
7290110558307,false,דנונה פרו 20 גר' חלבון עם שיבולת שועל 200 גרם,"שטראוס בריאות בע""מ",IL,דנונה פרו עם שיבולת,מיליליטרים,200.00,"100 מ""ל",false,,6.30,3.1500,true,1,451043
7290110558314,false,"פרו 20 יוגורט בטעם פיסטוק 0%, 200 ג דנונה","שטראוס בריאות בע""מ",IL,דנונה פרו ללא סוכר 2,גרמים,200.00,100 גרם,false,,5.90,2.9500,true,1,520261
7290110558338,false,דנונה פרו 25 ג' חלבון 200 ג' שטראוס,"שטראוס בריאות בע""מ",IL,דנונה פרו 25 גרם חלב,מיליליטרים,200.00,"100 מ""ל",false,,6.30,3.1500,true,1,451029
7290110558666,false,מעדן גבינה בטעם תפוח 88 ג' דניאלה,"שטראוס בריאות בע""מ",IL,דניאלה בטעם תפוח 88,גרמים,88.00,100 גרם,false,,4.10,4.6591,true,1,554217
7290110558741,false,"גמדים פאוץ תפוח בננה, 100 ג' שטראוס","שטראוס בריאות בע""מ",IL,גמדים לדרך תפוח ובננ,גרמים,100.00,100 גרם,false,,5.90,5.9000,true,1,577698
7290110559755,false,"מאגדת אנרג'י ריל בוטנים,פיסטוק וחמוציות 115 גרם",,,מאגדת חטיף Real אנר,גרמים,105.00,100 גרם,false,,15.90,15.1429,true,1,521099
7290110560300,false,פריכיות משולשות אנרגי פלפל שחור 30 גר,שטראוס,IL,פריכיות משולשות פלפל,גרמים,30.00,100 גרם,false,,5.20,17.3333,true,1,22987
7290110560317,false,פריכיות משולשות מלח ים 30 ג' הטעימות,"פרח תעשיו מזון בע""מ",IL,פריכיות משולשות מלח,גרמים,30.00,100 גרם,false,,5.20,17.3333,true,1,22988
7290110560324,false,פריכיות משולשות אפונה ירוקה 30 ג' הטעימות,"פרח תעשיו מזון בע""מ",IL,פריכיות משולשות אפונ,גרמים,30.00,100 גרם,false,,5.20,17.3333,true,1,22989
7290110560836,false,מילקי פסק זמן מהדרין 133ג',מיוצר עי קונדיטוריית,IL,מילקי בטעם פסק זמן 1,מיליליטרים,170.00,"100 מ""ל",false,,2.90,1.7059,true,1,23908
7290110561352,false,דנונה יוגורט ביו פרוביוטי 3% דל לקטוז 150ג',"שטראוס בריאות בע""מ",IL,דנונה ביו דל לקטוז ב,גרמים,200.00,100 גרם,false,,3.90,1.9500,true,1,23925
7290110561604,false,גמדים מעדן תות בננה מעורב מארז 100x8ג',,IL,שמיניית גמדים תות בנ,גרמים,800.00,100 גרם,false,,18.90,2.3625,true,1,23934
7290110563462,false,חלב בבקבוק נטול לקטוז 2% יטבתה 1 ל',מחלבת יטבתה,IL,יטבתה חלב בבקבוק נטו,ליטרים,1.00,ליטר,false,,8.90,8.9000,true,1,23941
7290110564339,false,חומוס אחלה הסידרה המובחר 30% טחינה 400 גר',מיוצר עי קונדיטוריית,IL,חומוס הסדרה המובחרת,גרמים,400.00,100 גרם,false,,12.90,3.2250,true,1,23948
7290110564360,false,חומוס אחלה הסידרה המובחר 40% טחינה 400 גר',מיוצר עי קונדיטוריית,IL,חומוס אחלה עשיר ב 40,גרמים,400.00,100 גרם,false,,12.90,3.2250,true,1,23949
7290110564414,false,חומוס אחלה הסידרה המובחר 30% טחינה 600 גר',מיוצר עי קונדיטוריית,IL,חומוס הסדרה המובחרת,גרמים,600.00,100 גרם,false,,14.90,2.4833,true,1,23953
7290110564742,false,"משקה קפה קר בסגנון חזק 230 מ""ל 1.2% יוטבתה",האי נאם סי או אל.טי.,AT,יטבתה משקה קפה קר בס,מיליליטרים,230.00,"100 מ""ל",false,,7.90,3.4348,true,1,23959
7290110565435,false,ג'לי לימבו פטל חלבי שטראוס 125ג',,IL,לימבו בטעם פטל 0% שו,גרמים,125.00,100 גרם,false,,2.50,2.0000,true,1,23964
7290110565527,false,דנונה פרו 1.5% יוגורט 20ג' חלבון 200ג',"שטראוס בריאות בע""מ",IL,דנונה PRO 20 גרם חלב,גרמים,200.00,100 גרם,false,,5.90,2.9500,true,1,23966
7290110566623,false,קפסולות קולומביה עלית 08 למכונת נספרסו מארז 5X10ג',,IL,עלית קפסולות קולומבי,גרמים,50.00,100 גרם,false,,16.90,33.8000,true,1,23036
7290110566975,false,דנונה פרו יוגורט 0% תות עשיר בחלבון 200ג',"שטראוס בריאות בע""מ",IL,דנונה PRO 20 גרם חלב,גרמים,200.00,100 גרם,false,,5.90,2.9500,true,1,23976
7290110568276,false,"משקה פרו וניל 350 מ""ל יוטבתה",מילקוורק,IL,משקה פרו וניל יטבתה,מיליליטרים,350.00,"100 מ""ל",false,,6.90,1.9714,true,1,23989
7290110568566,false,דוריטוס גריל עלית מארז 10 יח' *25 ג',,IL,מארז דוריטוס גריל 10,גרמים,250.00,100 גרם,false,,13.90,5.5600,true,1,24378
7290110568627,false,עלית - פסק זמן רול שוקולד חלב עם קרם אגוזים 26 גרם,,TR,פסק זמן רול ש.חלב עם,גרמים,28.00,100 גרם,false,,3.90,13.9286,true,1,62902
7290110568924,false,עלית - פסק זמן רול שוקולד חלב עם קרם חלב וקוקוס 26 גרם,,TR,פסק זמן רול ש.חלב עם,גרמים,26.00,100 גרם,false,,3.90,15.0000,true,1,66628
7290110570125,false,"משקה קפה קר בטעם אייריש קרים230 מ""ל יוטבתה",אנסטל מילק kg,AT,קפה קר אייריש קרים 2,מיליליטרים,230.00,"100 מ""ל",false,,7.90,3.4348,true,1,554173
7290110570583,false,"פולי אספרסו עשירים וארומטיים עוצמה 10 1 ק""ג עלית",,,פולי אספרסו עשירים ו,קילוגרמים,1.00,"ק""ג",false,,74.90,74.9000,true,1,376125
7290110570880,false,פולי אספרסו עשירים וארומטיים עוצמה 14 250 ג' עלית,,IL,פולי אספרסו עשירים ו,גרמים,250.00,100 גרם,false,,21.90,8.7600,true,1,505176
7290110571382,false,מעדן חלב בטעם וניל מעושר בחלבון 150 ג' שטראוס,"שטראוס בריאות בע""מ",IL,מעדן חלב מועשר בחלבו,גרמים,150.00,100 גרם,false,,5.00,3.3333,true,1,403038
7290110571405,false,עלית - מיני פינוקיות בגביע פסק זמן 180 גרם,הגביע מוצרי ופלים בע,IL,מיני פינוקיות פסק זמ,גרמים,180.00,100 גרם,false,,10.90,6.0556,true,1,573894
7290110571412,false,עלית - מיני פינוקיות בגביע פאדג' 180 גרם,הגביע מוצרי ופלים בע,IL,מיני פינוקיות בגביע,גרמים,180.00,100 גרם,false,,10.90,6.0556,true,1,573879
7290110571535,false,מארז קפה טורקי הל 3*100 ג' עלית,,IL,קפה עלית טורקי הל מא,גרמים,300.00,100 גרם,false,,24.90,8.3000,true,1,422189
7290110572129,false,כיף כף מקלות שוקולד לבן 40 ג' עלית,,,כיף כף מקלות שוקולד,גרמים,40.00,100 גרם,false,,5.20,13.0000,true,1,576800
7290110572969,false,כיף כף פצפצים עקרם לבן 40ג' עלית,שולן צ'יקולטה גידה ס,TR,כיף כף פצפצים קרם לב,גרמים,40.00,100 גרם,false,,5.20,13.0000,true,1,520473
7290110572976,false,כיף כף פצפצים קרם לבן 135 ג עלית,שולן צ'יקולטה גידה ס,TR,כיף כף פצפצים קרם לב,גרמים,135.00,100 גרם,false,,10.40,7.7037,true,1,520302
7290110574413,false,עלית - פופקורן בטעם טעמי 70 גרם,סראנו בעבור שטראוס,קפריסין,נשנושי פופקורן מתוק,גרמים,70.00,100 גרם,false,,7.90,11.2857,true,1,583345
7290110574420,false,עלית - פופקורן בטעם פסק זמן 70 גרם,סראנו בעבור שטראוס,קפריסין,נשנושי פופקורן מתוק,גרמים,70.00,100 גרם,false,,7.90,11.2857,true,1,583346
7290110576318,false,מאגדת שלישיית שוקולד אגוז לבן 300 ג' עלית,דיפה,FR,מארז שלישיית אגוז ל,גרמים,300.00,100 גרם,false,,23.10,7.7000,true,1,555354
7290110576370,false,מאגדת שלישיית שוקולד אגוז מריר 300 ג' עלית,דיפה,FR,מארז שלישיית אגוז מ,גרמים,300.00,100 גרם,false,,23.10,7.7000,true,1,555355
7290110576752,false,טבלאות שוקולד ספלנדיד מריר 70% 100 ג' עלית,קימ'ס גריפלנן,BE,שוקולד ספלנדיד מריר,גרמים,100.00,100 גרם,false,,9.90,9.9000,true,1,574160
7290110576776,false,טבלאות שוקולד ספלנדיד מריר 85% 100 ג' עלית,קימ'ס גריפלנן,BE,שוקולד ספלנדיד מריר,גרמים,100.00,100 גרם,false,,9.90,9.9000,true,1,574161
7290110576790,false,סקי בטעם מוקה 125 ג' שטראוס,"שטראוס בריאות בע""מ",IL,מעדן גבינה בטעם מוקה,גרמים,125.00,100 גרם,false,,3.90,3.1200,true,1,554188
7290110576851,false,מארז 8 גמדים שתיה סלט פירות 864 גרם,שטראוס,IL,מארז גמדים לשתייה ס,מיליליטרים,864.00,"100 מ""ל",false,,19.90,2.3032,true,1,556047
7290110576868,false,רבעיית גמדים סלט פירוט * 100 ג' שטראוס,שטראוס,IL,גמדים סלט פירות רביע,מיליליטרים,400.00,"100 מ""ל",false,,11.10,2.7750,true,1,556062
7290110577711,false,"משקה שייק חלבון מי גבינה עם אפרסק ומנגו350מ""ל יטבתה",מחלבת יטבתה,IL,שייק חלבון whey אפרס,מיליליטרים,350.00,"100 מ""ל",false,,7.90,2.2571,true,1,574671
7290110577728,false,"משקה שייק חלבון מי גבינה עם פירות יער 350מ""ל יטבתה",מחלבת יטבתה,IL,שייק חלבון whey עם פ,מיליליטרים,350.00,"100 מ""ל",false,,7.90,2.2571,true,1,574627
7290111091520,false,"תחליב רחצה ד""ר עור קוקוס 700 מ""ל",,,תחליב רחצה קלאסי קוק,מיליליטרים,700.00,"100 מ""ל",false,,15.90,2.2714,true,1,29613
7290111092985,false,מארז מגבונים לחים בייביסיטר ללא בישום רביעייה,,,מגבוני בייבי פרפורמנ,יחידה,0.00,יחידה,false,,15.90,0.0000,true,1,482187
7290111093005,false,"I-CARE מג'להסרת איפור, 25 יח בפלופק",די פי אל,IL,מגבונים להסרת איפור,יחידה,0.00,יחידה,false,,7.90,0.0000,true,1,29616
7290111093982,false,טרופיקל תחליב רחצה פסיפלורה ואינקה אינצ'י דר עור,,,תחליב רחצה פסיפלורה,מיליליטרים,700.00,"100 מ""ל",false,,15.90,2.2714,true,1,556499
7290111094361,false,קוויק שקיות אשפה XL עם ידית 20 יח' במארז,,TR,קוויק שקיות אשפה XL,יחידה,0.00,יחידה,false,,12.90,0.0000,true,1,239309
7290111094392,false,"טרופיקל תחליב רחצה קוקוס וליים 700 מ""ל דר עור",,,תחליב רחצה קוקוס ולי,מיליליטרים,700.00,"100 מ""ל",false,,15.90,2.2714,true,1,556500
7290111094651,false,שקיות אשפה L עם ידית 40 יח' קוייק,,TR,קוויק שקיות אשפה L ח,יחידה,0.00,יחידה,false,,12.90,0.0000,true,1,239323
7290111097041,false,בייביסיטר מגבונים לח,,,בייביסיטר מגבונים לח,יחידה,0.00,יחידה,false,,20.90,0.0000,true,1,190076
7290111098536,false,מגבונים לחים לתינוק,,,מגבונים לחים לתינוק,יחידה,0.00,יחידה,false,,14.90,0.0000,true,1,398690
7290111285288,false,צלחת במבוק 9 ספיידרמן,,,צלחת במבוק 9 אנץ,יחידה,0.00,יחידה,false,,10.90,0.0000,true,1,33433
7290111285370,false,קערה במבוק ספיידרמן.,,,קערה במבוק ספיידרמן.,יחידה,0.00,יחידה,false,,9.90,0.0000,true,1,33434
7290111285462,false,כוס במבוק ספיידרמן,,,כוס במבוק ספיידרמן,יחידה,0.00,יחידה,false,,8.90,0.0000,true,1,33435
7290111303692,false,מטריה סיליקון חצי או,,,מטריה סיליקון חצי או,יחידה,0.00,יחידה,false,,29.90,0.0000,true,1,48791
7290111340178,false,מטליות לחות ניקול לניקוי כללי בניחוח מרכך כביסה 50 יח',,,מטליות לחות לניקוי כ,יחידה,0.00,יחידה,false,,10.90,0.0000,true,1,9121
7290111340185,false,מטליות לחות ניקול לניקוי רצפות בניחוח מרכך 10 יח',,,ניקול לחות לניקוי רצ,יחידה,0.00,יחידה,false,,10.90,0.0000,true,1,9122
7290111340956,false,ניקול מטליות לחות לרצפה בניחוח פריחה לבנה,,IL,מטליות לחות לרצפה מר,יחידה,0.00,יחידה,false,,10.90,0.0000,true,1,9131
7290111341366,false,מפיות אירוח חד שכבתי 150 יחידות,,IL,ניקול מפיות לאירוח 1,יח',150.00,יח',false,,8.90,0.0593,true,1,9134
7290111341984,false,לילי - מגבוני נייר טואלט לח פיור רביעייה,קימברלי,IL,לילי טואלט לח PURE מ,יחידה,0.00,יחידה,false,,19.90,0.0000,true,1,9152
7290111342042,false,כריות יפניות ניקול לניקוי אנטיבקטריאלי 4,סנו,IL,כריות יפניות אנטיבקט,יחידה,0.00,יחידה,false,,10.90,0.0000,true,1,9155
7290111342059,false,מט.לחות ניקול לחיט משטחים אנטיבקטריאלי50,סנו,IL,מטליות לחות אנטיבקטר,יחידה,0.00,יחידה,false,,10.90,0.0000,true,1,9156
7290111342073,false,מטליות מקרופייבר למשטחים אנטיבקטריאלי ניקול,סנו,CN,מטליות מיקורפייבר אנ,יחידה,0.00,יחידה,false,,10.90,0.0000,true,1,9157
7290111342523,false,מפיות אירוח לשימוש יומיומי ניקול 100 יח,,IL,מפיות צבעוני ניקול 1,יחידה,0.00,יחידה,false,,7.90,0.0000,true,1,9159
7290111342738,false,לילי - מגבוני נייר טואלט לח קידס רביעייה,,IL,לילי טואלט לח KIDS מ,יחידה,0.00,יחידה,false,,19.90,0.0000,true,1,9161
7290111343117,false,ממחטות אף קלינקס לושן סופט פק 140 דף,קימברלי,IL,טישו לושן סופט קליני,יחידה,0.00,יחידה,false,,12.90,0.0000,true,1,110610
7290111343827,false,ניקול מטליות רב שימושיות לניקוי וקרצוף 6 יח',UFO,IL,ניקול מטליות רב שימו,יח',9.00,יח',false,,9.90,1.1000,true,1,93387
7290111344077,false,מטליות לחות אנטיבקטר,,,מטליות לחות אנטיבקטר,מארז,0.00,מארז,false,,21.90,0.0000,true,1,78534
7290111344206,false,האגיס נטורל קר מגבונים לחים בבישום עדין רביעייה,קימברלי,IL,מגבוני האגיס נטורל ק,יחידה,0.00,יחידה,false,,20.90,0.0000,true,1,238697
7290111344459,false,קוטוקס תחבושות נייט אקסטרא לונג 20 יח',,GB,תחבושות נייט אקסטרא,יח',18.00,יח',false,,17.90,0.9944,true,1,228035
7290111344503,false,חיתולי האגיס אקסטרה קייר מידה +4 36 יח',,CZ,האגיס אקסטרה קר מידה,יחידה,0.00,יחידה,false,,48.90,0.0000,true,1,155665
7290111344527,false,זוג שקיות אשפה ניקול שחורות XXL 10 יח,,IL,שקיות אשפה ניקול XXL,יחידה,0.00,יחידה,false,,23.90,0.0000,true,1,157863
7290111344558,false,ניקול שקיות אשפה גדולות 100 יח,,IL,שקיות אשפה נשלפות לא,יח',100.00,יח',false,,29.90,0.2990,true,1,284792
7290111344732,false,קלינקס - טיישו אלרג'י קומפורט ניילון זוגות 140 דף,קימברלי,IL,קלינקס אלרג'י קומפור,יחידה,0.00,יחידה,false,,12.90,0.0000,true,1,225707
7290111344824,false,מגן תחתון קוטקס אקסטרא אנטיבקטריאלי לארג',,CN,מגיני תחתון אנטיבקטר,יחידה,0.00,יחידה,false,,16.90,0.0000,true,1,284710
7290111344831,false,קוטקס - מגיני יום אקסטרא פרוטקט נורמל ביג 60 יח',,CN,מגיני תחתון סופר פרו,יחידה,0.00,יחידה,false,,16.90,0.0000,true,1,284695
7290111344855,false,קוטקס - מגיני יום אקסטרא פרוטקט לארג' ביג 52 יח',,CN,מגיני תחתון סופר פרו,יחידה,0.00,יחידה,false,,16.90,0.0000,true,1,284696
7290111344930,false,מטליות לחות לרצפה בניחוח מרכך כביסה 10 יח' ניקול,,IL,מטליות לחות לניקוי ר,יח',10.00,יח',false,,10.90,1.0900,true,1,284806
7290111345753,false,תחבושות נטורל דואו נורמל 24 יח' קוטקס,,CN,תחבושות כותנה נורמל,יחידה,0.00,יחידה,false,,17.90,0.0000,true,1,357762
7290111345814,false,נייר טואלט לילי נטורל קר 30 גלילים מהדורה,קימברלי,IL,נייר טואלט נטורל קר,יח',30.00,יח',false,,32.90,1.0967,true,1,284751
7290111345821,false,נייר טואלט לילי לבן גמבו 16 גל=32 גל,קימברלי,IL,נייר טואלט נטורל קר,יח',16.00,יח',false,,34.90,2.1812,true,1,284778
7290111350726,false,חטיף נאצוס הוטפופ בסגנון מקסיקני 322 גר,פופז,US,הוטפופ נאצ'וס בסגנון,גרמים,322.00,100 גרם,false,,15.90,4.9379,true,1,12821
7290111353079,false,יוגטה סוכריות גומי דובונים 180 ג' קופסא,סאדת,TR,סוכריות גומי דובונים,גרמים,180.00,100 גרם,false,,9.90,5.5000,true,1,123604
7290111353109,false,סוכריות גומי נחשים מבריק יוגטה 200 גר,סאדת,TR,יוגטה סוכריות גומי נ,גרמים,200.00,100 גרם,false,,8.90,4.4500,true,1,110400
7290111353123,false,סוכריות גומי נחשים חמוצות יוגטה 200 גר,סאדת,TR,יוגטה סוכריות גומי נ,גרמים,200.00,100 גרם,false,,8.90,4.4500,true,1,110401
7290111353154,false,סוכריות גומי נחשים יוגטה 180 גר',,,סוכריות גומי נחשים ק,גרמים,180.00,100 גרם,false,,9.90,5.5000,true,1,123606
7290111353239,false,סוכריות גומי יין 200 גרם,,,יוגטה סוכריות גומי י,גרמים,200.00,100 גרם,false,,8.90,4.4500,true,1,110402
7290111353550,false,ממרח חמאת בוטנים טבעית 300 גרם,,,חמאת בוטנים טבעית קל,גרמים,300.00,100 גרם,false,,14.90,4.9667,true,1,519756
7290111354748,false,כדורגל קליית גת מתנה,,CN,כדורגל קליית גת מתנה,יחידה,0.00,יחידה,false,,0.01,0.0000,true,1,564305
7290111534010,false,פס גבינה שמנת ופירורים 400 ג',קריניציה ויטמינה אס,IL,פס גבינה שמנת ופירור,גרמים,450.00,100 גרם,false,,40.90,9.0889,true,1,39975
7290111564277,false,פריכיות פיטנס שלושה דגנים דקות 120 גר,PT,IL,פריכיות 3 דגנים דקות,גרמים,120.00,100 גרם,false,,10.90,9.0833,true,1,19223
7290111564291,false,פריכיות דקות משלושה דגנים וקינואה,PT,IL,פריכיות קינואה דקות,גרמים,120.00,100 גרם,false,,10.90,9.0833,true,1,19224
7290111565038,false,"לה קרמריה וניל קוקילידה בד""צ 1.4 ל'",המאפיה של הרמן,IL,לה קרמריה בטעם וניל,ליטרים,1.40,ליטר,false,,22.90,16.3571,true,1,16227
7290111565502,false,ארטיק אוראו וניל ועוגיות סנדוויץ נסטלה 80 ג',ג'נרל מילס סאן אדריא,IT,סנדוויץ אוראו,יחידה,0.00,יחידה,false,,9.90,0.0000,true,1,16231
7290111566103,false,טבעול פלאפל מרכיבים ביתיים בלבד 590 ג',טבעול,IL,פלאפל מרכיבים ביתיים,גרמים,590.00,100 גרם,false,,30.90,5.2373,true,1,20015
7290111566127,false,מאגדת אוראו מיני סנדוויץ' 6 יח' נסטלה,ג'נרל מילס סאן אדריא,IT,אוראו מאגדת סנדביץ 6,גרמים,198.00,100 גרם,false,,21.90,11.0606,true,1,16232
7290111566240,false,שניצל דק מן הצומח בטעם צ'ילי חריף 700 גרם,טבעול ישראל,IL,שניצל דק צמחוני בטע,גרמים,564.00,100 גרם,false,,30.90,5.4787,true,1,20017
7290111566318,false,שניצל דק מן הצומח בטעם ביתי 700 גרם,טבעול ישראל,IL,שניצל דק צמחוני בט,גרמים,564.00,100 גרם,false,,30.90,5.4787,true,1,20020
7290111566332,false,טבעול נקניקיות וינר צמחוניות 680 גר',טבעול,IL,נקניקיה וינר 680 גר,גרמים,680.00,100 גרם,false,,30.90,4.5441,true,1,20021
7290111566417,false,טבעול טחון צמחוני 500 גר',טבעול,IL,טחון מן הצומח 500,גרמים,500.00,100 גרם,false,,30.90,6.1800,true,1,20022
7290111566547,false,טבעול חזה בגריל צמחוני 99 קלוריות 560ג',טבעול ישראל,IL,חזה בגריל מו הצומח,גרמים,560.00,100 גרם,false,,30.90,5.5179,true,1,20024
7290111566561,false,שניצל ברוקולי 99 קלוריות טבעול 560 גר,טבעול ישראל,IL,טבעול שניצל ברוקולי,גרמים,630.00,100 גרם,false,,30.90,4.9048,true,1,20025
7290111566714,false,טבעול המבורגר צמחוני 99 קלוריות 600 גר',טבעול,IL,המבורגר מן הצומח 6,גרמים,600.00,100 גרם,false,,30.90,5.1500,true,1,20029
7290111566776,false,טבעול נקניקיות קוקטייל צמחוניות 680 גר',טבעול ישראל,IL,נקנקיות קוקטייל מן,גרמים,680.00,100 גרם,false,,30.90,4.5441,true,1,20032
7290111568206,false,ביסלי פארטי מיקס 150 ג' אסם,פרו מן יו פתרונות אר,IL,ביסלי פארטי מיקס ברב,גרמים,150.00,100 גרם,false,,6.90,4.6000,true,1,19270
7290111568251,false,אטריות נודלס להקפצה אסם אסייתי 350 גר',תאי פרזידנטפוד,TH,נודלס אטריות להקפצה,גרמים,350.00,100 גרם,false,,8.90,2.5429,true,1,19271
7290111568275,false,אטריות נודלס אורז רחבות אסם אסייתי 300גרם,תאי פרזידנט,TH,נודלס אטריות אורז רח,גרמים,300.00,100 גרם,false,,8.90,2.9667,true,1,19272
7290111568466,false,אסם רוטב אסייתי למוקפץ 9*290 מל-,אסם השקעות,IL,אסם רוטב אסיאתי למוק,מיליליטרים,290.00,"100 מ""ל",false,,12.90,4.4483,true,1,19279
7290111870897,false,מרשמלו מסולסל ארוך בשקית 18 גר'-LOL,,CN,מרשמלו מסולסל ארוך 1,גרמים,432.00,100 גרם,false,,29.90,6.9213,true,1,233954
7290111871061,false,מרשמלו מסולסל ארוך 18 גר'-סמי הכבאי,,CN,מרשמלו מסולסל ארוך 1,גרמים,432.00,100 גרם,false,,29.90,6.9213,true,1,233957
7290111879074,false,בקבוק טריטן מרובע 60,,,בקבוק טריטן מרובע 60,יחידה,0.00,יחידה,false,,24.90,0.0000,true,1,33441
7290111930850,false,קראנצ'וס טעם פיצה 55גר',,,קראנצו'ס פיצה 55 גרם,גרמים,55.00,100 גרם,false,,3.90,7.0909,true,1,21791
7290111930898,false,חטיף פוף כוכבים גריל אמריקאי 40 גרם,מנה,IL,פוף כוכבים גריל אמרי,גרמים,40.00,100 גרם,false,,3.90,9.7500,true,1,21795
7290111930911,false,חטיף פוף לבבות קלאסי 40 גרם,מנה,IL,פוף לבבות קלאסי 40 ג,גרמים,40.00,100 גרם,false,,3.90,9.7500,true,1,21797
7290111930928,false,חטיף פוף לבבות גריל 40 גרם,מנה,IL,"פוף לבבות גריל 40 ג""",גרמים,40.00,100 גרם,false,,3.90,9.7500,true,1,21798
7290111931321,false,קולגייט משחת ילדים 6+ מיניונים 50 מל חדש,,IL,קולגייט משחת שיניים,מיליליטרים,50.00,"100 מ""ל",false,,11.90,23.8000,true,1,21804
7290111932502,false,"קולגייט משחת שיניים אופטיק וייט אקספרט 75 מ""ל",COLGATE ($) -PALMOLI,MX,מש.שיניים אופטיק ויי,מיליליטרים,75.00,"100 מ""ל",false,,27.90,37.2000,true,1,21815
7290111932601,false,מי פה קולגייט פלאקס קלאסי אדום 500 מל,,,קולגייט מי פה פלאקס,מיליליטרים,500.00,"100 מ""ל",false,,30.90,6.1800,true,1,21817
7290111933462,false,"רוטב צ'ילי מתוק מאסטר שף 300 מ""ל",,,רוטב צ'ילי מתוק 300,מיליליטרים,300.00,"100 מ""ל",false,,9.90,3.3000,true,1,21824
7290111933554,false,עגבניות קוביות שלישיה * 400 ג' מאסטר שף,,IT,עגבניות קוביות מאסטר,קילוגרמים,1.20,"ק""ג",false,,15.90,13.2500,true,1,21829
7290111935961,false,מאסטר שף מחית עגבניות 690 גרם,,,מחית עגבניות מאסטר ש,גרמים,690.00,100 גרם,false,,10.50,1.5217,true,1,21843
7290111936296,false,"פלמוליב סבון נוזלי בניחוח סנסיישן מסאז' ,750 מ""ל",,TR,פלמוליב ארומה סנסייש,מיליליטרים,750.00,"100 מ""ל",false,,19.90,2.6533,true,1,21849
7290111938481,false,"רוטב סויה בהירה מאסטר שף 300 מ""ל",,TH,רוטב סויה בהירה מ.שף,מיליליטרים,300.00,"100 מ""ל",false,,10.90,3.6333,true,1,77624
7290112000408,false,"דטול - תרסיס לניקוי כללי 750 מ""ל",,GB,תרסיס ניקוי וחיטוי ר,מיליליטרים,750.00,"100 מ""ל",false,,11.90,1.5867,true,1,21039
7290112000736,false,AIO טבליות פיניש 80 יחידות,,,פיניש הכל ב-1 80 טבל,יחידה,0.00,יחידה,false,,59.90,0.0000,true,1,21045
7290112000798,false,"דיטול תרסיסי חיטוי וניקוי אנטי בקטריאלי 750 מ""ל",,,מחטא משטחים לימון מנ,מיליליטרים,750.00,"100 מ""ל",false,,11.90,1.5867,true,1,21046
7290112000828,false,דטול - מגבונים חיטוי וניקוי אנטי בקטריאלי 60 יח',,PL,מגבונים אנטי בקטריאל,יח',60.00,יח',false,,12.90,0.2150,true,1,21048
7290112000842,false,דטול מגבונים לניקוי כללי בניחות לימון 60 יח',,PL,מגבונים לניקוי כללי,יח',60.00,יח',false,,12.90,0.2150,true,1,21049
7290112001221,false,"מנקה מכונת כביסה קולון רגיל 250 מ""ל",,ES,קולון מנקה מכונה רגי,יחידה,0.00,יחידה,false,,19.90,0.0000,true,1,21059
7290112001238,false,"מנקה מכונת כביסה קולון לימון 250 מ""ל",,ES,מנקה מכונות כביסה קו,יחידה,0.00,יחידה,false,,19.90,0.0000,true,1,21060
7290112001436,false,פיניש מנקה ומחדש למדיח בניחוח לימון,,PL,פיניש מנקה מדיח בניח,מיליליטרים,250.00,"100 מ""ל",false,,14.90,5.9600,true,1,21062
7290112002099,false,גל כביסה קולון מרוכז כחול 2.5 ל,רקיט בנקיזר,IL,קולון ג'ל 2.5 ליטר ב,ליטרים,2.50,ליטר,false,,24.90,9.9600,true,1,21073
7290112002112,false,ג'ל קולון ורוד בניחוח ורדים 2.5 ליטר,רקיט בנקיזר,IL,קולון ג'ל 2.5 ליטר ב,ליטרים,2.50,ליטר,false,,24.90,9.9600,true,1,21075
7290112002136,false,גל כביסה קולון מרוכז כחול 4 ל,,IL,קולון ג'ל 4 ליטר רגי,ליטרים,4.00,ליטר,false,,34.90,8.7250,true,1,21077
7290112002143,false,גל כביסה קולון מרוכז סגול 4 ל,,IL,קולון ג'ל 4 ליטר ליל,ליטרים,4.00,ליטר,false,,34.90,8.7250,true,1,21078
7290112002150,false,קולון ג'ל 4 ליטר בניחוח ורדים,,IL,קולון ג'ל 4 ליטר בני,ליטרים,4.00,ליטר,false,,34.90,8.7250,true,1,21079
7290112002167,false,ג'ל כביסה פריחה מרענן ירוק 4 ל' קולון,,IL,קולון ג'ל 4 ליטר בני,ליטרים,4.00,ליטר,false,,34.90,8.7250,true,1,21080
7290112003140,false,"אירוויק ספרי אוטמטי מילוי מנגו מרענן 250 מ""ל",,,איירוויק פרשמטיק מיל,מיליליטרים,250.00,"100 מ""ל",false,,15.90,6.3600,true,1,74652
7290112003232,false,אבקת כביסה בניחוח לבנדר קולון 5 ק''ג,,,אבקת כביסה קולון לבנ,קילוגרמים,5.00,"ק""ג",false,,39.90,7.9800,true,1,86607
7290112003249,false,אבקת כביסה בניחוח מאסק קולון 5 ק''ג,,,אבקת כביסה קולון מאס,קילוגרמים,5.00,"ק""ג",false,,39.90,7.9800,true,1,86608
7290112004208,false,טבליות למדיח בניחוח לימון 50 יח' פיניש,,PL,טבליות למדיח כלים פי,גרמים,800.00,100 גרם,false,,39.90,4.9875,true,1,366123
7290112004413,false,וניש ספריי הסרת כתמים לבגדים לבנים 750 מ,,IL,מסיר כתמים ספריי כבי,מיליליטרים,750.00,"100 מ""ל",false,,16.90,2.2533,true,1,377770
7290112004970,false,פיניש קפסולות אולטימיט למדיח 50 יח',,,פיניש אולטימייט 50 י,יחידה,0.00,יחידה,false,,59.90,0.0000,true,1,537169
7290112005045,false,וניש מסיר כתמים אבקה לכביסה לבנה 480 גרם,רקיט בנקיזר,IT,וניש אבקה לכביסה לבנ,מיליליטרים,480.00,"100 מ""ל",false,,16.90,3.5208,true,1,522196
7290112005052,false,וניש אבקה לבנה מולטי פאואר 1.5קג,,IT,וניש אבקה לכביסה לבנ,ליטרים,1500.00,100 ליטר,false,,39.90,2.6600,true,1,522156
7290112005076,false,וניש אבקה ורודה מולטי פאואר 480 גרם,רקיט בנקיזר,IT,וניש אבקה לכביסה צבע,גרמים,480.00,100 גרם,false,,16.90,3.5208,true,1,522210
7290112005083,false,וניש אבקה ורודה מולטי פאואר 1.5קג,,IT,וניש אבקה לכביסה צבע,ליטרים,1.50,100 ליטר,false,,39.90,2660.0000,true,1,522142
7290112191274,false,טורטיה מקמח חיטה 780גרם 12 יחידות,,,12 טורטיות מקמח חיט,גרמים,780.00,100 גרם,false,,12.90,1.6538,true,1,49392
7290112192509,false,פירורי לחם ללא גלוטן 250 גר GFREE,,IL,ג'י-פרי פירורי לחם 2,גרמים,250.00,100 גרם,false,,15.90,6.3600,true,1,40124
7290112192578,false,"פרודונטקס משחת שיניים הגנה מלאה 75 מ""ל",,GB,מש.שיניים פרמיום הגנ,מיליליטרים,75.00,"100 מ""ל",false,,35.90,47.8667,true,1,4065
7290112192875,false,"סנסודיין - משחת שיניים רגישות וחניכיים 75 מ""ל",,GB,משחת שיניים סנסודיין,מיליליטרים,75.00,"100 מ""ל",false,,35.90,47.8667,true,1,4070
7290112192882,false,"סנסודיין - משחת שיניים רגישות וחניכיים מלבינה 75 מ""ל",ג'י.אס.קיי קונסיומר,DE,משחת שיניים סנסודיין,מיליליטרים,75.00,"100 מ""ל",false,,35.90,47.8667,true,1,4071
7290112193292,false,"סטייל - מתולתלות מסכה לטיפול עמוק 500 מ""ל",,,"מסכה מתולתלות 500 מ""",מיליליטרים,500.00,"100 מ""ל",false,,31.90,6.3800,true,1,91965
7290112196514,false,חטיף קרקר מקור הכוסמ,,,חטיף קרקר מקור הכוסמ,גרמים,180.00,100 גרם,false,,9.90,5.5000,true,1,311609
7290112330352,false,יוגורט פרו 20 ג' וניל 0% שומן 200 ג' דנונה,"שטראוס בריאות בע""מ",IL,דנונה פרו 20 גר וניל,גרמים,200.00,100 גרם,false,,5.90,2.9500,true,1,23998
7290112330390,false,יוגורט פרו פירות יער 0% שומן 200 ג' דנונה,"שטראוס בריאות בע""מ",IL,דנונה פרו 20 גר פירו,גרמים,200.00,100 גרם,false,,5.90,2.9500,true,1,24000
7290112332585,false,"פריכיות תפו""א, אורז בתיבול סלק ומלח חי 30 גר'","פרח תעשיו מזון בע""מ",IL,"פריכיות הטעימות תפו""",גרמים,30.00,100 גרם,false,,5.20,17.3333,true,1,23089
7290112332691,false,פינוקיות עוגיות קרם פסק זמן אגוזים 200 גרם,הגביע מוצרי ופלים בע,IL,פינוקיות עוגיית קרם,גרמים,200.00,100 גרם,false,,10.90,5.4500,true,1,23091
7290112332899,false,עלית - צנצנת בזוקה פופים קלאסי 58 גרם,רוג'ר אנד רוג'ר,IL,מאסט בזוקה פופים קלא,גרמים,58.00,100 גרם,false,,10.50,18.1034,true,1,23095
7290112334596,false,אבקה להכנת שוקו 850,,,אבקה להכנת שוקו 850,גרמים,935.00,100 גרם,false,,15.90,1.7005,true,1,579143
7290112334749,false,קפה טורקי שקית 10% תוספת 200 ג' עלית,שטראוס קפה בי.וי,IL,עלית טורקי שקית 200,גרמים,220.00,100 גרם,false,,15.90,7.2273,true,1,23097
7290112335487,false,פריכיות הטעימות קצח ודגנים אנרגי 135 גר,פרח תעשיות,IL,פריכיות הטעימות קצח,גרמים,135.00,100 גרם,false,,10.90,8.0741,true,1,23105
7290112335494,false,פריכיות הטעימות פוטטוס אנרגי 135 גר,"פרח תעשיות מזון בע""מ",IL,פריכיות הטעימות פוטט,גרמים,135.00,100 גרם,false,,10.90,8.0741,true,1,23106
7290112335500,false,פריכיות הטעימות חלבון אנרגי 135 גר,קדבורי,IL,פריכיות הטעימות עשיר,גרמים,135.00,100 גרם,false,,10.90,8.0741,true,1,23107
7290112336613,false,עד חצות עוגיות סנדוויץ שוקולד חלב 135 גר,,FR,עד חצות סנדוויץ' 135,גרמים,135.00,100 גרם,false,,9.90,7.3333,true,1,23116
7290112336637,false,סוכריות מאסט ללא סוכר תות אוכמניות 80 ג' עלית,מיישקו,PL,"סוכריות מאסט לל""ס יו",גרמים,80.00,100 גרם,false,,8.90,11.1250,true,1,23118
7290112336644,false,סוכריות מאסט ללא סוכר לימון 80 ג' עלית,פלזנסקי,PL,"סוכריות מאסט לל""ס לי",גרמים,80.00,100 גרם,false,,8.90,11.1250,true,1,23119
7290112336651,false,סוכריות מאסט ללא סוכר ריבת חלב 80 ג' עלית,פלזנסקי,PL,סוכריות מאסט ללא סוכ,גרמים,80.00,100 גרם,false,,8.90,11.1250,true,1,23120
7290112337474,false,סוכריות מאסט ללא סוכר פטל לימון 80 ג' עלית,פלזנסקי,PL,"סוכריות מאסט לל""ס פט",גרמים,80.00,100 גרם,false,,8.90,11.1250,true,1,23123
7290112337481,false,סוכריות מאסט ללא סוכר קפצ''ינו 80 ג' עלית,פלזנסקי,PL,"סוכריות מאסט לל""ס קפ",גרמים,80.00,100 גרם,false,,8.90,11.1250,true,1,23124
7290112338877,false,מעדן גבינה בטעם תות 3% 125ג' סקי,"שטראוס בריאות בע""מ",IL,גבינת סקי תות 3% 125,גרמים,125.00,100 גרם,false,,3.90,3.1200,true,1,24032
7290112339171,false,מילקי מוס עם שוקולד וקצפת,מיוצר עי קונדיטוריית,IL,מילקי מוס 81 גרם.,גרמים,81.00,100 גרם,false,,3.50,4.3210,true,1,24039
7290112339362,false,דנונה לייט אנד פריי בטעם קפוצינו 150 גר',שטראוס,IL,דנונה לייט אנד פריי,גרמים,150.00,100 גרם,false,,4.90,3.2667,true,1,24046
7290112339867,false,גמדים סקוויז בודד תות 100 ג',,IL,גמדים סקוויז בודד תו,גרמים,100.00,100 גרם,false,,5.90,5.9000,true,1,24059
7290112339874,false,גמדים סקוויז בודד תות בננה 100ג' שטראוס,,IL,גמדים סקוויז בודד תו,גרמים,100.00,100 גרם,false,,5.90,5.9000,true,1,24060
7290112340122,false,פריכיות טעימות 3 דגנים אנרגי 135 גר,פרח תעשיות,IL,פריכיות הטעימות 3 דג,גרמים,135.00,100 גרם,false,,10.90,8.0741,true,1,23133
7290112340245,false,צנצנת מסטיק מאסט בטעם דובדבן 66 ג' עלית,"שטראוס גרופ בע""מ",IL,צנצנת מאסט בטעם דובד,גרמים,66.00,100 גרם,false,,10.50,15.9091,true,1,23134
7290112340276,false,פינוקיות עוגיות קרם קפה 200 גרם,הגביע מוצרי ופלים בע,IL,פינוקיות עוגיית קרם,גרמים,200.00,100 גרם,false,,10.90,5.4500,true,1,23137
7290112341556,false,אקטיביה עם צ'יה ותות 150 ג' דנונה,,IL,אקטיביה עם צ'יה ותות,גרמים,150.00,100 גרם,false,,4.90,3.2667,true,1,24072
7290112341679,false,דנונה אקטיביה 3% שומן 200 גרם,מיוצר עי קונדיטוריית,IL,דנונה אקטיביה 3% 200,גרמים,200.00,100 גרם,false,,3.90,1.9500,true,1,24073
7290112341686,false,מארז אקטיביה שמיניה 3% 150 גר*8,מיוצר עי קונדיטוריית,IL,אקטיביה מארז 3% 8*15,קילוגרמים,1.20,"ק""ג",false,,19.90,16.5833,true,1,24074
7290112342102,false,סימפוניה 5% בצל מקורמל 200 ג' שטראוס,"שטראוס בריאות בע""מ",IL,סימפוניה 5% בצל מקור,גרמים,200.00,100 גרם,false,,11.50,5.7500,true,1,24082
7290112342270,false,קפה פלטינוום אינטנס עלית 125 גרם,,IL,קפה פלטינום אינטנס 1,גרמים,125.00,100 גרם,false,,18.90,15.1200,true,1,23155
7290112342508,false,דוריטוס ציזי טוויסט 70 גר,שטראוס,IL,דוריטוס קול ראנץ' 70,גרמים,70.00,100 גרם,false,,3.90,5.5714,true,1,24397
7290112343260,false,יטבתה רוטב שמנת עם פטריות 9% 250 גר,,IL,יטבתה רוטב שמנת קלאס,גרמים,260.00,100 גרם,false,,9.90,3.8077,true,1,24089
7290112343420,false,"משקה חלב עם דגנים מלאים ובננה פרו יטבתה 350מ""ל",מחלבת יטבתה,IL,משקה יטבתה פרו 20 אר,מיליליטרים,350.00,"100 מ""ל",false,,7.90,2.2571,true,1,24092
7290112343499,false,ציטוס 55 גרם 48 יחידות puffs,"שטראוס פריטו ליי בע""",IL,ציטוס Puffs בטעם גבי,גרמים,55.00,100 גרם,false,,3.50,6.3636,true,1,228551
7290112344724,false,מעדן בטעם שוקולד בלונדי 170 ג' מילקי,מיוצר עי קונדיטוריית,IL,מילקי בטעם שוקולד בל,מיליליטרים,170.00,"100 מ""ל",false,,3.50,2.0588,true,1,24099
7290112344755,false,מילקי עם 26% פחות סוכר 135 גר',מיוצר עי קונדיטוריית,IL,מילקי עם 26% פחות סו,מיליליטרים,135.00,"100 מ""ל",false,,2.90,2.1481,true,1,119139
7290112344786,false,קפה פלטינום קלאסיק 200 ג' עלית,שטראוס קפה בי.וי.,IL,פלטינום קלאסיק עלית,גרמים,200.00,100 גרם,false,,24.90,12.4500,true,1,23166
7290112346360,false,בפלות אחת אחת בציפוי שוקולד חלב 180 ג' עלית,טוטיז-בינגו סיאי,GR,בפלות אחת אחת בציפוי,גרמים,180.00,100 גרם,false,,13.90,7.7222,true,1,23177
7290112346537,false,עוגיות פינוקיות בטעם טורטית 200 ג' עלית,הגביע מוצרי ופלים בע,IL,פינוקיות עוגיות בטעם,גרמים,200.00,100 גרם,false,,10.90,5.4500,true,1,23178
7290112346629,false,"יוגורט עם קורנפלקס מצופה שוקולד חלב ולבן 172 מ""ל דנונה",,IL,דנונה קראנצ' עם קורנ,מיליליטרים,172.00,"100 מ""ל",false,,4.60,2.6744,true,1,78647
7290112346773,false,יוגורט לייט אנד פריי וניל עם חלבון 150 ג' דנונה,מיוצר עי קונדיטוריית,IL,דנונה לייט אנד פריי,מיליליטרים,150.00,"100 מ""ל",false,,4.90,3.2667,true,1,127043
7290112346827,false,אקטימל פטל ויטמין C שמינייה,שטראוס,IL,אקטימל ויטמין C פטל,מיליליטרים,800.00,"100 מ""ל",false,,19.90,2.4875,true,1,113119
7290112347008,false,גמדים ארוחת בוקר תות סקוויז 100 ג',מיוצר עי קונדיטוריית,IL,גמדים ארוחת בוקר תות,גרמים,100.00,100 גרם,false,,5.90,5.9000,true,1,24124
7290112347473,false,דנונה לייט אנד פריי תות ואפרסק מאגדת 8 יח' * 150 ג',מיוצר עי קונדיטוריית,IL,דנונה לייט אנד פריי,קילוגרמים,1.20,"ק""ג",false,,27.90,23.2500,true,1,24127
7290112348142,false,שעועית לבנה מבושלת טעם הטבע 380 ג',,IT,שעועית לבנה טעם הטבע,גרמים,380.00,100 גרם,false,,6.90,1.8158,true,1,70367
7290112349606,false,מעדן גבינה ויוגורט תות בננה 88 ג' דניאלה,"שטראוס בריאות בע""מ",IL,דניאלה תות בננה 150,מיליליטרים,150.00,"100 מ""ל",false,,4.10,2.7333,true,1,306965
7290112349705,false,פומודורו רוטב עגבניות קלאסי לפסטה 350ג' יד מרדכי,אמיליאנה קונסרב סוסי,IT,רוטב עגבניות פומודרו,גרמים,350.00,100 גרם,false,,10.90,3.1143,true,1,23185
7290112349736,false,בזיליקום רוטב עגבניות לפסטה 350 ג' יד מרדכי,אמיליאנה קונסרב סוסי,IT,רוטב עגבניות בזיליקו,גרמים,350.00,100 גרם,false,,10.90,3.1143,true,1,23186
7290112350275,false,קפסולות לונגו למכונות נספרסו 55 גר,,IL,קפסולות LUNGO למכונו,גרמים,50.00,100 גרם,false,,16.90,33.8000,true,1,23189
7290112351067,false,סילאן טבעי לחיץ יד מרדכי 630 גרם,,IL,סילאן טבעי לחיץ יד מ,גרמים,630.00,100 גרם,false,,23.90,3.7937,true,1,67943
7290112351104,false,שוקולד פרה ממולא פיצפוצי אורז 100 ג' עלית,שטראוס,IL,שוקולד פרה פיצפוצי א,גרמים,100.00,100 גרם,false,,4.90,4.9000,true,1,75610
7290112351128,false,שוקולד פרה סוכריות קופצות 100 ג' עלית,"שטראוס גרופ בע""מ",IL,שוקולד פרה חלב סוכרי,גרמים,100.00,100 גרם,false,,4.90,4.9000,true,1,180498
7290112351258,false,עוגיית קקאו פינוקיות שחור לבן 200 גר,,IL,פינוקיות עוגיית שחור,גרמים,200.00,100 גרם,false,,10.90,5.4500,true,1,95024
7290112351470,false,שלישיית סוכריות רימון תות 45 גר FRESH,,,שלישיית סוכריות FRES,גרמים,45.00,100 גרם,false,,7.90,17.5556,true,1,101309
7290112351524,false,עלי סלנובה טעם הטבע,,,עלי סלנובה טעם הטבע,גרמים,200.00,100 גרם,false,,12.50,6.2500,true,1,84284
7290112354211,false,פיצה מרגריטה דלישס 400 גרם,סקרלינפיצה אס. אר. א,IT,פיצה מרגריטה שטראוס,גרמים,400.00,100 גרם,false,,26.90,6.7250,true,1,238376
7290112354945,false,"תפוצ'יפס WAVY ט טבעי, 50 ג'",שטראוס פריטו ליי בע”,IL,תפוצ'יפס wavy 50 גר,גרמים,50.00,100 גרם,false,,3.90,7.8000,true,1,577890
7290112354952,false,תפוצ'יפס WAVY פפריקה 50 גרם,שטראוס פריטו ליי בע”,IL,תפוצ'יפס wavy פפריקה,גרמים,50.00,100 גרם,false,,3.90,7.8000,true,1,577891
7290112355027,false,דנונה פרו 20 גרם חלבון קרמל מלוח 200 גרם,"שטראוס בריאות בע""מ",IL,דנונה פרו 20 גר' בטע,גרמים,200.00,100 גרם,false,,5.90,2.9500,true,1,119167
7290112355102,false,גמדים סקוויז 100 גרם פאוץ סלט פירות 100 גרם,"שטראוס בריאות בע""מ",IL,סקוויז גמדים לדרך סל,גרמים,100.00,100 גרם,false,,5.90,5.9000,true,1,126992
7290112355393,false,יטבתה רוטב שמנת עם בטטה 9% 250 גרם,מחלבת יטבתה,IL,רוטב שמנת עם בטטה 9%,גרמים,257.00,100 גרם,false,,9.90,3.8521,true,1,556032
7290112357045,false,עגבניות איטלקיות מרוסקות ט.הטבע קופסה 390 גר',קונסרברס,IT,עגבניות איטלקיות מרו,גרמים,390.00,100 גרם,false,,6.60,1.6923,true,1,70368
7290112357069,false,מחית עגבניות איטלקיות ט.הטבע קופסה 500 גר',קונסרברס,IT,מחית עגבניות איטלקיו,גרמים,500.00,100 גרם,false,,6.90,1.3800,true,1,70369
7290112357083,false,אפונת גינה טעם הטבע קופסה 380 גר,,IT,אפונה ירוקה טעם הטבע,גרמים,380.00,100 גרם,false,,6.90,1.8158,true,1,216713
7290112357106,false,שעועית אדומה מבושלת טעם הטבע 380 ג',,IT,שעועית אדומה טעם הטב,גרמים,380.00,100 גרם,false,,6.90,1.8158,true,1,70370
7290112357113,false,גרגרי חומוס טעם הטבע קופסה 380 גר,קונסרברס,IT,גרגרי חומוס טעם הטבע,גרמים,380.00,100 גרם,false,,6.90,1.8158,true,1,70371
7290112357892,false,סוכריות FRESH מנטה שלישיה 3*15 גר',,,שלישיית סוכריות FRES,גרמים,45.00,100 גרם,false,,7.90,17.5556,true,1,101310
7290112358004,false,חטיף פסק זמן קראנץ 32 גרם,שולן צ'יקולטה גידה ס,TR,פסק זמן קראנץ' 32 גר,גרמים,32.00,100 גרם,false,,4.90,15.3125,true,1,138217
7290112358127,false,דנונה פרו 20 ג חלבון עם מגנזיום 200 גרם,מיוצר עי קונדיטוריית,IL,דנונה פרו 20 גר עם מ,גרמים,200.00,100 גרם,false,,6.50,3.2500,true,1,113145
7290112358219,false,יד מרדכי רוטב צ'ילי מתוק 300 גרם,אף.סי תבליני בגליל ב,IL,יד מורדכי רוטב צ'ילי,מיליליטרים,300.00,"100 מ""ל",false,,13.90,4.6333,true,1,91625
7290112358233,false,יד מרדכי רוטב צילי חריף 300גרם,,IL,יד מורדכי רוטב צ'ילי,מיליליטרים,300.00,"100 מ""ל",false,,13.90,4.6333,true,1,136659
7290112358431,false,ביסקוויט עד חצות דאבל 200 גרם,הדקלאים אגודת שיתופי,IL,דאבל ביסקוויט עם שוק,גרמים,200.00,100 גרם,false,,12.90,6.4500,true,1,155503
7290112490032,false,"נמס בכוס תירס קנור בד""ץ, זוגי 22.5X2 גרם,",,IL,נמס בכוס תירס קנור 2,גרמים,45.00,100 גרם,false,,6.90,15.3333,true,1,10741
7290112490650,false,קונפיטורה תות שדה 340 גרם-צנצנת,קונפיטורות לה-ארדניי,FR,קונפיטורה 778 תות שד,גרמים,340.00,100 גרם,false,,12.40,3.6471,true,1,10759
7290112490674,false,קונפיטורה דובדבן 340 גרם-צנצנת,,BE,קונפיטורה 778 דובדבן,גרמים,340.00,100 גרם,false,,12.40,3.6471,true,1,10761
7290112490827,false,תרסיס ריחני למייבש הכביסה בדין בייבי 500,"זוהר דליה, קיבוץ דלי",IL,בדין בייבי תרסיס למי,מיליליטרים,500.00,"100 מ""ל",false,,16.90,3.3800,true,1,10769
7290112492746,false,"מרכך פינוק אל דמע לסירוק קל לילדים 700 מ""ל",,IL,פינוק מרכך ילדים 700,מיליליטרים,700.00,"100 מ""ל",false,,11.80,1.6857,true,1,82390
7290112492999,false,מרק טעם עוף 400 גרם צנצנת קנור,יוניליוור ישראל מזון,IL,מרק טעם עוף קנור 400,גרמים,400.00,100 גרם,false,,11.90,2.9750,true,1,10823
7290112493088,false,נמס בכוס עדשים מרק רכיבים טבעיים קנור 54 ג',,IL,נמס בכוס מרק עדשים ח,גרמים,54.00,100 גרם,false,,6.90,12.7778,true,1,10826
7290112493095,false,נמס בכוס מרק עגבניות חריף רכיבים טבעיים קנור 48 ג',,IL,נמס בכוס מרק עגבניות,גרמים,48.00,100 גרם,false,,6.90,14.3750,true,1,10827
7290112493316,false,מרק אפונה רכיבים טבעיים 117 ג' קנור,,IL,מרק היום מרק אפונה 1,גרמים,117.00,100 גרם,false,,11.90,10.1709,true,1,10837
7290112493934,false,גלידה וניל צרפתי 1.33ל' קרמיסימו,"גלידת שטראוס בע""מ, ר",IL,קרמיסימו וניל 1.33 ל,ליטרים,1.33,ליטר,false,,18.90,14.2105,true,1,4413
7290112494153,false,תיבולית ניחוח צלי קנור 72 גרם,יוניליוור ישראל מזון,IL,תיבוליות ניחוח צלי ק,גרמים,72.00,100 גרם,false,,7.90,10.9722,true,1,225304
7290112495037,false,דגני בוקר בטעם שוקולד כדורים 375 ג' קוקומן,יוניליוור שפע ישראל,IL,קוקומן כדורים תלמה ב,גרמים,375.00,100 גרם,false,,19.90,5.3067,true,1,10869
7290112495044,false,קוקומן פצפופים בדצ 375 גרם,יוניליור שפע ישראל ב,IL,קוקומן פצפוצים תלמה,גרמים,375.00,100 גרם,false,,19.90,5.3067,true,1,10870
7290112495761,false,רוטב אלף האיים לייט חמץ הלמנס 305 ג',יוניליוור ישראל מזון,IL,רוטב אלף האיים לייט,גרמים,305.00,100 גרם,false,,10.90,3.5738,true,1,561466
7290112496027,false,סירופ שוקולד 580 גרם-בקבוק,יוניליוור ישראל מזון,IL,"סירופ שוקולד 600 מ""ל",מיליליטרים,600.00,"100 מ""ל",false,,11.90,1.9833,true,1,10888
7290112496034,false,סירופ מייפל אפיכל 580 גרם,יוניליוור ישראל מזון,IL,"סירופ מייפל בד""צ 600",מיליליטרים,600.00,"100 מ""ל",false,,11.90,1.9833,true,1,10889
7290112496331,false,קורנפלקס בטעם בננה 448 גרם,,IL,קורנפלקס בננה תלמה ב,גרמים,448.00,100 גרם,false,,17.90,3.9955,true,1,175338
7290112497000,false,נוזל ניקוי כללי סיף פנטסטיק לימון 1 ל,"זוהר דליה, קיבוץ דלי",IL,סיף פנטסטיק ניקוי כל,יחידה,0.00,יחידה,false,,12.90,0.0000,true,1,64561
7290112497994,false,גרנולה פרוטאין בתוספת חלבון ואגוזים תלמה 300 ג',,,גרנולה PROTEIN בתוספ,גרמים,300.00,100 גרם,false,,16.90,5.6333,true,1,201974
7290112498298,false,"אל סבון ליידים בתוספת שמן מרוקאי פינוק 950 מ""ל",קוסטר אירוסול ולף סנ,TR,אל סבון לידיים בתוספ,מיליליטרים,950.00,"100 מ""ל",false,,11.90,1.2526,true,1,184117
7290112499097,false,מאגדת מיני מגנום מריר INTENSE DARK,"מיוצר ע""י גלידת שטרא",IL,מאגדת מיני מגנום מרי,גרמים,240.00,100 גרם,false,,27.90,11.6250,true,1,309925
7290112700834,false,סוכריות סודה צמיד עם שעון שקית -LOL,,CN,סוכריות סודה בצורת צ,גרמים,150.00,100 גרם,false,,10.90,7.2667,true,1,354956
7290112960115,false,אסם שקדי מרק 30% קמח חיטה מלא 12*350גרם,,IL,שקדי מרק 30% קמח חיט,גרמים,350.00,100 גרם,false,,10.90,3.1143,true,1,19294
7290112961143,false,טבעול נתחוני תבשיל כפרי 470גר,טבעול תעשיות מזון בע,IL,טבעול נתחוני בקר צמח,גרמים,470.00,100 גרם,false,,29.90,6.3617,true,1,20050
7290112961372,false,פיטנס חטיפי פריכיות דקות קינמון 60 גרם,"פרח תעשיות מזון בע""מ",IL,חטיפי פריכיות דקות ק,גרמים,60.00,100 גרם,false,,8.90,14.8333,true,1,19304
7290112961440,false,פיטנס חטיפי פריכיות שוקולד מריר 84 גרם,כרמית,IL,פיטנס בר פריכיות שוק,גרמים,84.00,100 גרם,false,,12.90,15.3571,true,1,67580
7290112961464,false,פיטנס חטיפי פריכיות דקות מתובלות 60 גרם,"פרח תעשיות מזון בע""מ",IL,חטיפי פריכיות דקות מ,גרמים,60.00,100 גרם,false,,8.90,14.8333,true,1,19307
7290112962003,false,שלגון קראנץ וניל עוגיות 90 גרם,שוורצקוף& הנקל דיסלד,IL,קראנץ' וניל עוגיות,יחידה,0.00,יחידה,false,,9.90,0.0000,true,1,16243
7290112962287,false,טבעול שווארמה טבעונית 6*450 גרם,מיוצר עי קונדיטוריית,IL,שווארמה טבעונית טבעו,גרמים,450.00,100 גרם,false,,30.90,6.8667,true,1,56603
7290112962737,false,שניצל מן הצומח עם חלבון טבעול 664 גר,,IL,טבעול שניצל מן הצומח,גרמים,664.00,100 גרם,false,,30.90,4.6536,true,1,20058
7290112962751,false,שלגון אוראו בטעם וני,שוורצקוף& הנקל דיסלד,IL,שלגון אוראו בטעם וני,גרמים,65.00,100 גרם,false,,8.90,13.6923,true,1,16246
7290112963529,false,טילון אקסטרים שוקו וניל פרווה מאגדת 444 גר',שוורצקוף& הנקל דיסלד,IL,מאגדת אקסטרים 6 יח',גרמים,444.00,100 גרם,false,,36.90,8.3108,true,1,16248
7290112963918,false,פיטנס חטיפי קרקר דק רוזמרין 140 גרם,אסם,IL,פיטנס חטיפי קרקר דק,גרמים,140.00,100 גרם,false,,11.90,8.5000,true,1,19333
7290112964410,false,רוטב אוסם אלף האיים לסלט 290 ג' אסם,אסם,IL,אסם רוטב אלף האיים ל,מיליליטרים,290.00,"100 מ""ל",false,,9.90,3.4138,true,1,19346
7290112964458,false,רוטב ויניגרט חדש לסלט 295 גרם אסם,אסם,IL,אסם רוטב ויניגרט לסל,מיליליטרים,295.00,"100 מ""ל",false,,9.90,3.3559,true,1,19348
7290112964564,false,"רוטב אלף האיים לייט לסלט 290 מ""ל אסם",אסם,IL,אסם רוטב אלף האיים ל,מיליליטרים,295.00,"100 מ""ל",false,,9.90,3.3559,true,1,19352
7290112964625,false,רוטב שום לייט לסלט 310 גרם אסם,אסם,IL,אסם רוטב שום לייט לס,מיליליטרים,295.00,"100 מ""ל",false,,9.90,3.3559,true,1,19355
7290112964724,false,טבעול המבורגר טבעוני 580 גרם,מיוצר עי קונדיטוריית,IL,טבעול המבורגר טבעוני,גרמים,580.00,100 גרם,false,,30.90,5.3276,true,1,20060
7290112965165,false,מרק נמס בטעם פטריות זוג * 24 ג' אסם,,IL,זוג מרק נמס פטריות ב,גרמים,48.00,100 גרם,false,,5.90,12.2917,true,1,19362
7290112965264,false,אוסם - מרק נמס אפונה זוג 26 גרם * 2,,IL,זוג מרק נמס אפונה בד,גרמים,30.00,100 גרם,false,,5.90,19.6667,true,1,19367
7290112965288,false,אוסם - מרק נמס ירקות זוג 28 גרם * 2,,IL,זוג מרק נמס ירקות בד,גרמים,30.00,100 גרם,false,,5.90,19.6667,true,1,19368
7290112965585,false,פרפקטו פסטה קסרצה 500 גרם,,IL,פסטה קסרצה פרפקטו 50,גרמים,500.00,100 גרם,false,,6.90,1.3800,true,1,19375
7290112965660,false,פיטנס - חטיף מולטיגריין מלח פלפל 25 גרם,מיוצר עי קונדיטוריית,IL,פיטנס חטיף מולטיגריי,גרמים,25.00,100 גרם,false,,4.90,19.6000,true,1,118999
7290112965707,false,פיטנס - חטיף מולטיגריין צילי מעודן 25 גרם,"אסם השקעות בע""מ",IL,פיטנס חטיף מולטיגריי,גרמים,25.00,100 גרם,false,,4.90,19.6000,true,1,119001
7290112965783,false,אוסם - ביסלי פריסטייל על האש 60 גרם,"אסם השקעות בע""מ",IL,ביסלי פריסטייל על הא,גרמים,60.00,100 גרם,false,,4.50,7.5000,true,1,184047
7290112965806,false,אוסם - ביסלי פריסטייל חמוץ חריף 60 גרם,אסם,IL,ביסלי פריסטייל חמוץ,גרמים,60.00,100 גרם,false,,4.50,7.5000,true,1,184048
7290112965967,false,טבעול נאגטס ירקות כתומים 6*500גרם,טבעול תעשיות מזון בע,IL,טבעול נאגטס ירקות כת,גרמים,500.00,100 גרם,false,,30.90,6.1800,true,1,117475
7290112966001,false,טבעול גורמה ארוחת ירוקים 450 גרם,טבעול (מקבוצת אסם הש,IL,טבעול גורמה ארוחת יר,גרמים,450.00,100 גרם,false,,34.90,7.7556,true,1,524149
7290112966094,false,הבית עוגת תפוז מופחתת סוכר 400 גרם,מיוצר עי קונדיטוריית,IL,עוגת הבית תפוז מופחת,גרמים,400.00,100 גרם,false,,11.90,2.9750,true,1,19385
7290112966766,false,צבר טחינה בלאדי חציל עגבניות ושום 350 גרם,שוורצקוף& הנקל דיסלד,IL,צבר טחינה בלאדי חציל,גרמים,350.00,100 גרם,false,,15.90,4.5429,true,1,20065
7290112966803,false,אסם פודינג אינסטנט שוקולד 88 גרם,"אסם השקעות בע""מ",IL,אסם פודינג אינסטנט ש,גרמים,88.00,100 גרם,false,,5.50,6.2500,true,1,19397
7290112966841,false,אסם פודינג בטעם שוקולד מריר 90 גרם,מיוצר עי קונדיטוריית,IL,אסם פודינג בטעם שוקו,גרמים,90.00,100 גרם,false,,5.50,6.1111,true,1,19398
7290112967138,false,בייגלה שמיניות ללא גלוטן 250 גרם אסם,מיוצר עי קונדיטוריית,IL,אסם בייגלה שמיניות ל,גרמים,250.00,100 גרם,false,,13.90,5.5600,true,1,19399
7290112967220,false,מארז ביסלי ברביקיו 20X10 גרם,,,ביסלי ברביקיו מארז 1,גרמים,200.00,100 גרם,false,,13.90,6.9500,true,1,75668
7290112967244,false,ביסלי גריל מארז אחיד 20*10 גרם,,,ביסלי גריל מארז 10*,גרמים,200.00,100 גרם,false,,13.90,6.9500,true,1,19401
7290112968449,false,סלט טחינה כרוב אדום 250 גרם,שוורצקוף& הנקל דיסלד,IL,סלט כרוב אדום צבר 25,גרמים,250.00,100 גרם,false,,10.90,4.3600,true,1,20075
7290112968524,false,צבר סלט חומוס גרגירים רכים 6*250גרם,שוורצקוף& הנקל דיסלד,IL,סלט חומוס סמיר צבר 2,גרמים,250.00,100 גרם,false,,10.90,4.3600,true,1,20077
7290112968685,false,חומוס גרגרים רכים בטבילה צבר 400 גרם,שוורצקוף& הנקל דיסלד,IL,חומוס גרגרים בטבילה,גרמים,400.00,100 גרם,false,,13.90,3.4750,true,1,20078
7290112968708,false,"טבעול שניצל תירס עדה חרדית 1.3 ק""ג",,IL,שניצל תירס עדה חרדי,קילוגרמים,1.30,"ק""ג",false,,40.90,31.4615,true,1,61965
7290112968807,false,פיטנס - קרקר דק סלק 140 גרם,מפעל אסם יקנעם,IL,פיטנס קרקר דק סלק 14,גרמים,140.00,100 גרם,false,,11.90,8.5000,true,1,127757
7290112968821,false,פיטנס - קרקר דק בטטה 140 גרם,מפעל אסם יקנעם,IL,פיטנס קרקר דק בטטה 1,גרמים,140.00,100 גרם,false,,11.90,8.5000,true,1,127758
7290113100169,false,מסננת גודל 20 + ידית,,,מסננת גודל 20 + ידית,יחידה,0.00,יחידה,false,,14.90,0.0000,true,1,49966
7290113100565,false,מחבת 20 ס`מ אינדוקצי,,,מחבת 20 ס`מ אינדוקצי,יחידה,0.00,יחידה,false,,219.90,0.0000,true,1,50007
7290113100572,false,מחבת 24 ס`מ אינדוקצי,,,מחבת 24 ס`מ אינדוקצי,יחידה,0.00,יחידה,false,,269.90,0.0000,true,1,50008
7290113100589,false,מחבת 28 ס`מ אינדוקצי,,,מחבת 28 ס`מ אינדוקצי,יחידה,0.00,יחידה,false,,349.90,0.0000,true,1,50009
7290113190375,false,סילאן טבעי שקדיה 900 גרם,,TR,סילאן סירופ תמרים טב,גרמים,900.00,100 גרם,false,,17.90,1.9889,true,1,212693
7290113190757,false,חלבה מסולסלת בטעם וניל 300 גרם,,IL,חלבה תלתלים בטעם וני,גרמים,300.00,100 גרם,false,,14.90,4.9667,true,1,524007
7290113190771,false,חלבה מסולסלת בטעם שוקו וניל 300 גרם,,IL,חלבה מסולסלת בטעם שו,גרמים,300.00,100 גרם,false,,14.90,4.9667,true,1,4941
7290113192300,false,זיתים מושחרים חרוזית 275 גרם בית השיטה,,IL,זיתים חרוזית מושחר ב,גרמים,275.00,100 גרם,false,,9.90,3.6000,true,1,19424
7290113192317,false,טבעות זיתים מושחרים 280 גרם בית השיטה,,IL,טבעות זיתים מושחרים,גרמים,280.00,100 גרם,false,,10.90,3.8929,true,1,19425
7290113192324,false,בית השיטה זית ירוק א2 12*340גרם חדש,,IL,זית ירוק בית השיטה 3,גרמים,340.00,100 גרם,false,,8.90,2.6176,true,1,19426
7290113192348,false,בית השיטה זית ירוק ט.שום 17-19 א2 340גר',,IL,זית ירוק שום 17-19בי,גרמים,560.00,100 גרם,false,,9.90,1.7679,true,1,19428
7290113192355,false,חרוזית זיתים ירוקים ללא גלעין 275 ג' בית השיטה,,IL,זיתים חרוזית ירוק בי,גרמים,275.00,100 גרם,false,,9.90,3.6000,true,1,19429
7290113192362,false,זיתים ירוקים טבעות A2 בית השיטה 280 גרם,,IL,טבעות זיתים ירוקים ב,גרמים,280.00,100 גרם,false,,10.90,3.8929,true,1,19430
7290113192379,false,בית השיטה זיתים ירוקים מבוקעים א2 340גר',,IL,זיתים ירוקים מבוקעים,גרמים,340.00,100 גרם,false,,10.90,3.2059,true,1,19431
7290113192386,false,זיתים סורי מבוקע A2 בית השיטה 340ג',,IL,זית סורי מבוקע בית ה,גרמים,340.00,100 גרם,false,,11.90,3.5000,true,1,19432
7290113192393,false,קוקטייל זיתים A2 בית השיטה 336 גרם,,IL,קוקטייל זיתים בית הש,גרמים,336.00,100 גרם,false,,10.90,3.2440,true,1,19433
7290113192478,false,מלפפונים במלח 10-12 בית השטה 320 גרם,,IL,מלפפון במלח 10-12 בי,גרמים,320.00,100 גרם,false,,7.90,2.4688,true,1,19441
7290113192485,false,בית השיטה מלפ.חומץ ר.טבע.א2 12-10 290גר',,IL,מלפפון בחומץ 12-10 ב,גרמים,290.00,100 גרם,false,,7.90,2.7241,true,1,19442
7290113192492,false,ב.הש.מלפ.חומץ ר.טבע.א2 17-13 12*290ג חדש,,IL,מלפפון בחומץ 13-17 ב,גרמים,290.00,100 גרם,false,,9.90,3.4138,true,1,19443
7290113192508,false,מלפפון במלח 17-13 בית השיטה 320 גרם,,IL,מלפפון במלח 13-17 בי,גרמים,320.00,100 גרם,false,,9.90,3.0938,true,1,19444
7290113192515,false,מלפפון במלח 18-25 320 גרם בית השיטה,,IL,מלפפון במלח 18-25 בי,גרמים,320.00,100 גרם,false,,10.90,3.4063,true,1,19445
7290113192522,false,מלפפון בחומץ א2 25-18 290ג' בית השיטה,,IL,מלפפון בחומץ 18-25 ב,גרמים,290.00,100 גרם,false,,10.90,3.7586,true,1,19446
7290113192539,false,מלפפון במלח 7-9 בית השיטה 320 גר,,IL,מלפפון במלח 7-9 בית,גרמים,560.00,100 גרם,false,,6.90,1.2321,true,1,19447
7290113192546,false,ב.הש.מלפ.בחומץ ר.טבע.א2 7-9 12*290ג חדש,,IL,מלפפון בחומץ 7-9 בית,גרמים,560.00,100 גרם,false,,6.90,1.2321,true,1,19448
7290113192553,false,מלפפונים במלח באלדי 13-17 בית השיטה 320ג,,IL,מלפפון במלח בלדי 13-,גרמים,320.00,100 גרם,false,,10.90,3.4063,true,1,19449
7290113192560,false,פלפל שיפקה A2 בית השיטה 230 גרם,,IL,פלפל שיפקה בית השיטה,גרמים,230.00,100 גרם,false,,6.90,3.0000,true,1,19450
7290113192577,false,כרוב כבוש A2 בית השיטה 430 גרם,,IL,כרוב כבוש בית השיטה,יחידה,430.00,יחידה,false,,7.90,0.0184,true,1,19451
7290113192881,false,טורטיה חיטה מופחתת קלוריות 270 גרם,דין שיווק,TR,טורטיה חיטה מופחתת ק,גרמים,270.00,100 גרם,false,,9.90,3.6667,true,1,212365
7290113192997,false,זית מרוקאי 340 גרם בית השיטה,,IL,זית מרוקאי בית השיטה,גרמים,340.00,100 גרם,false,,12.90,3.7941,true,1,111714
7290113193000,false,פלפל שיפקונית 230 גרם בית השיטה,שוורצקוף& הנקל דיסלד,IL,פלפל שיפקונית בית הש,גרמים,230.00,100 גרם,false,,11.90,5.1739,true,1,111715
7290113193017,false,קוקטייל זיתים 275 גרם בית השיטה,,IL,בית השיטה קוקטייל זי,גרמים,275.00,100 גרם,false,,12.90,4.6909,true,1,111687
7290113193031,false,חרוזית קלמטה 275 גרם בית השיטה,שוורצקוף& הנקל דיסלד,IL,חרוזית קלמטה בית השי,גרמים,275.00,100 גרם,false,,12.90,4.6909,true,1,111700
7290113193321,false,"שמן זית כתית מעולה בית השיטה 750 מ""ל",,IL,שמן זית כתית מעולה ב,מיליליטרים,750.00,"100 מ""ל",false,,30.90,4.1200,true,1,244219
7290113193406,false,בית השיטה טבעות קוקטייל זיתים 280 גרם,,IL,טבעות קוקטיל זיתים ב,גרמים,560.00,100 גרם,false,,10.70,1.9107,true,1,111701
7290113193888,false,חצילים מוחמצים 320 גרם בית השיטה,שוורצקוף& הנקל דיסלד,IL,בית השיטה חצילים מוח,גרמים,320.00,100 גרם,false,,9.90,3.0938,true,1,183620
7290113194632,false,שקדיה ממרח 100% שקדי,,IL,שקדיה ממרח 100% שקדי,גרמים,500.00,100 גרם,false,,48.90,9.7800,true,1,212707
7290113195073,false,חלבה טורקית עם פיסטו,,,חלבה טורקית עם פיסטו,גרמים,400.00,100 גרם,false,,13.90,3.4750,true,1,212892
7290113195424,false,אטריות אורז דקות 5 מ,,,אטריות אורז דקות 5 מ,גרמים,400.00,100 גרם,false,,8.90,2.2250,true,1,213203
7290113196414,false,"אורז בסמטי 1 ק""ג כחול מטאלי שקדיה",,IN,אורז בסמטי שקדיה 1 ק,קילוגרמים,1.00,"ק""ג",false,,9.90,9.9000,true,1,212471
7290113196759,false,בית השיטה ירקות מעורבים צנ.פלסטיק 6*750 גרם,,IL,ירקות מעורבים צנצנת,גרמים,750.00,100 גרם,false,,29.90,3.9867,true,1,246064
7290113197169,false,חמאת בוטנים טבעית 510 גרם,סופר נוטרי פודס,IN,חמאת בוטנים טבעית שק,גרמים,510.00,100 גרם,false,,15.90,3.1176,true,1,549708
7290113198579,false,סוכריות גומי דובונים בטעמי פירות 200 ג' שקדיה,טופ גלוב,IL,סוכריות גומי דובונים,גרמים,200.00,100 גרם,false,,9.90,4.9500,true,1,366416
7290113199781,false,ממרח אגוזים ובוטנים 200 גרם השקדיה,,,ממרח 100% אגוזים ובו,גרמים,200.00,100 גרם,false,,15.90,7.9500,true,1,490057
7290113199859,false,מגש אירוח סוכריות גומי 350 ג' שקדיה,דין שיווק,IL,מגש אירוח סוכריות גו,גרמים,350.00,100 גרם,false,,14.90,4.2571,true,1,366451
7290113199897,false,סוכריות חמצוצים בטעם תות שדה 180 ג' שקדיה,דין שיווק,IL,סוכריות חמצוצים בטעם,גרמים,180.00,100 גרם,false,,9.90,5.5000,true,1,366433
7290113280717,false,כוסות יהלום ספלאש 4,,,כוסות יהלום ספלאש 4,יחידה,0.00,יחידה,false,,9.90,0.0000,true,1,430229
7290113284517,false,נייר טואלט דו שכבתי,,,נייר טואלט דו שכבתי,יחידה,0.00,יחידה,false,,29.90,0.0000,true,1,586792
7290113287167,false,כפפות TPE שחורות 10,,,כפפות TPE שחורות 10,יחידה,0.00,יחידה,false,,14.90,0.0000,true,1,170933
7290113289031,false,צלחות גדולות אלגנט כ,,,צלחות גדולות אלגנט כ,יחידה,0.00,יחידה,false,,12.90,0.0000,true,1,221686
7290113289048,false,צלחות קטנות אלגנט קר,,,צלחות קטנות אלגנט קר,יחידה,0.00,יחידה,false,,7.90,0.0000,true,1,221303
7290113289055,false,צלחות קטנות אלגנט זה,,,צלחות קטנות אלגנט זה,יחידה,0.00,יחידה,false,,7.90,0.0000,true,1,221304
7290113289109,false,קערות אלגנט קרם 25 י,,,קערות אלגנט קרם 25 י,יחידה,0.00,יחידה,false,,5.90,0.0000,true,1,221335
7290113289116,false,קערות אלגנט זהב 25 י,,,קערות אלגנט זהב 25 י,יחידה,0.00,יחידה,false,,5.90,0.0000,true,1,221349
7290113289123,false,קערות אלגנט כסף 25 י,,,קערות אלגנט כסף 25 י,יחידה,0.00,יחידה,false,,5.90,0.0000,true,1,221350
7290113289130,false,לפתניות אלגנט קרם 25,,,לפתניות אלגנט קרם 25,יחידה,0.00,יחידה,false,,5.90,0.0000,true,1,221364
7290113289161,false,קערות ענקיות אלגנט ק,,,קערות ענקיות אלגנט ק,יחידה,0.00,יחידה,false,,9.90,0.0000,true,1,221393
7290113289215,false,צלחות מתכלות יהלום ע,,,צלחות מתכלות יהלום ע,יחידה,0.00,יחידה,false,,19.90,0.0000,true,1,271052
7290113289321,false,מגשי דקל מלבניים גדו,,,מגשי דקל מלבניים גדו,יחידה,0.00,יחידה,false,,12.90,0.0000,true,1,362129
7290113289338,false,צלחות דקל מרובעות ענ,,,צלחות דקל מרובעות ענ,יחידה,0.00,יחידה,false,,17.90,0.0000,true,1,362068
7290113289369,false,מגשי דקל מלבניים קטנ,,,מגשי דקל מלבניים קטנ,יחידה,0.00,יחידה,false,,17.90,0.0000,true,1,362113
7290113289505,false,רדיד אלומיניום כוכבי,,,רדיד אלומיניום כוכבי,יחידה,0.00,יחידה,false,,32.90,0.0000,true,1,302893
7290113289543,false,כוסות שקופות 150 יחי,,,כוסות שקופות 150 יחי,יחידה,0.00,יחידה,false,,14.90,0.0000,true,1,361480
7290113289550,false,צלחות מתכלות גדולות,,,צלחות מתכלות גדולות,יחידה,0.00,יחידה,false,,29.90,0.0000,true,1,271009
7290113289567,false,צלחות מתכלות קטנות ק,,,צלחות מתכלות קטנות ק,יחידה,0.00,יחידה,false,,19.90,0.0000,true,1,271024
7290114310215,false,"שמנת מתוקה 38% שומן 250 מ""ל טרה",מילקו תעשיות בעמ,IL,שמנת מתוקה 38% בקבוק,מיליליטרים,250.00,"100 מ""ל",false,,6.47,2.5880,true,1,71141
7290114310222,false,חלב טרה מועשר בסידן וויטמין 3% 1.5ל',מילקו תעשיות בעמ,IL,חלב מועשר בסידן 1.5,ליטרים,1.50,ליטר,false,,10.90,7.2667,true,1,84001
7290114310253,false,גרנה פדנו מגורדת 100,,,גרנה פדנו מגורדת 100,גרמים,100.00,100 גרם,false,,11.90,11.9000,true,1,132181
7290114310338,false,צפתית מעודנת 5% 225 גר' משק צוריאל,משק צוריאל,IL,צפתית מעודנת 5% משק,גרמים,225.00,100 גרם,false,,16.90,7.5111,true,1,121839
7290114310383,false,Muller Froop מולר יוגורט מוקצף בטעם וניל 90 גרם,מילקו,IL,יוגורט מוקצף בטעם ונ,גרמים,97.00,100 גרם,false,,4.90,5.0515,true,1,554609
7290114310390,false,מולר קציפת יוגורט בטעם בננה לוטי 97 גרם,מילקו,IL,יוגורט מוקצף בטעם בנ,גרמים,97.00,100 גרם,false,,4.90,5.0515,true,1,554626
7290114310406,false,מולר פרופ יוגורט מוקצף בטעם תות 97 גרם,מילקו,IL,יוגורט מוקצף בטעם תו,גרמים,97.00,100 גרם,false,,4.90,5.0515,true,1,554641
7290114310536,false,יוגורט לייט מעושר בחלבון בטעם וניל מולר 200 ג',,IL,מולר אקטיב לייט יוגו,גרמים,25.00,100 גרם,false,,5.90,23.6000,true,1,153016
7290114310550,false,פטה עיזים מעודנת בגביע 5% 200 ג',משק צוריאל,IL,פטה עיזים מעודנת 5%,גרמים,200.00,100 גרם,false,,22.90,11.4500,true,1,152989
7290114310567,false,לאבנה עיזים 5% צוריא,משק צוריאל,IL,לאבנה עיזים 5% משק צ,גרמים,200.00,100 גרם,false,,13.90,6.9500,true,1,152964
7290114310574,false,גבינת קרם שמנת עיזים 5% 200 גר',משק צוריאל,IL,גבינת קרם שמנת עיזים,גרמים,200.00,100 גרם,false,,13.90,6.9500,true,1,152903
7290114310611,false,"משקה חלב בננה בבקבוק פקק ספורט טרה 250 מ""ל",,IL,משקה חלב בננה בבקבוק,מיליליטרים,250.00,"100 מ""ל",false,,5.50,2.2000,true,1,179905
7290114310628,false,משקה חלב וניל עוגיות טרה 1ל',מילקו תעשיות בעמ,IL,משקה חלב וניל עוגיות,ליטרים,1.00,ליטר,false,,11.90,11.9000,true,1,161240
7290114310673,false,לאבנה מחלב בקר 9% 25,טרה,IL,לאבנה מחלב בקר 9% 25,גרמים,250.00,100 גרם,false,,11.90,4.7600,true,1,153030
7290114311014,false,"משקה חלב אייס קפוצינו יטבתה 250 מ""ל פקק",,,משקה חלב אייס קפוצ'י,מיליליטרים,250.00,"100 מ""ל",false,,5.50,2.2000,true,1,435522
7290114311021,false,"משקה חלב וניל עוגיות טרה 250 מ""ל פקק ספו",,,משקה חלב וניל עוגיות,מיליליטרים,250.00,"100 מ""ל",false,,5.50,2.2000,true,1,435549
7290114311038,false,"שמנת מתוקה 32% 250 מ""ל בבקבוק טרה",,,שמנת מתוקה 32% בקבוק,מיליליטרים,250.00,"100 מ""ל",false,,6.90,2.7600,true,1,435508
7290114311069,false,מעדן יוגורט בטעם טבעי חלבון 200 ג' מולר אקטיב,טרה,IL,יוגורט בטעם טבעי 25,גרמים,200.00,100 גרם,false,,5.90,2.9500,true,1,372262
7290114311076,false,"חמאת מולר צהובה עם שום, 200 גרם",טרה,IL,חמאה צהובה עם שום מו,גרמים,200.00,100 גרם,false,,10.90,5.4500,true,1,422690
7290114311298,false,יוגורט מולר פרופ בטעם תות בננה מלון 150,,IL,מולר פרופ תות בננה מ,גרמים,150.00,100 גרם,false,,4.90,3.2667,true,1,523848
7290114311304,false,יוגורט קציפת מנגו פסיפלורה בננה 150 ג' מולר,,IL,מולר פרופ מנגו פסיפל,גרמים,150.00,100 גרם,false,,4.90,3.2667,true,1,523862
7290114311328,false,חלב דל לקטוז מועשר בויטמין D 2% 1 ליטר,מילקו תעשיות בעמ,IL,חלב נטול לקטוז טרה 1,ליטרים,1.00,ליטר,false,,7.10,7.1000,true,1,536273
7290114311359,false,יוגורט עם קציפת מנגו 3% שומן פרופ 150 ג' מולר,,IL,מולר פרופ מנגו 3% 15,גרמים,150.00,100 גרם,false,,4.90,3.2667,true,1,523834
7290114311434,false,מולר אקטיב יוגורט בטעם קרמל מלוח 200 גרם,טרה,IL,מולר אקטיב בטעם קרמל,גרמים,200.00,100 גרם,false,,5.90,2.9500,true,1,554579
7290114311441,false,"מולר אקטיב בטעם עוגיות חמאה 0% שומן, 200 גרם",טרה,IL,מולר אקטיב בטעם עוגי,גרמים,200.00,100 גרם,false,,5.90,2.9500,true,1,554594
7290114311502,false,"משקה חלב בקבוק בטעם סחלב, 1 ליטר",מילקו תעשיות בעמ,IL,משקה חלב בטעם סחלב 1,ליטרים,1.00,ליטר,false,,11.90,11.9000,true,1,595995
7290114600927,false,עלי טורטיה חיטה מלאה מאסטר שף 320 גרם,,,עלי טורטיה חיטה מלאה,גרמים,320.00,100 גרם,false,,9.90,3.0938,true,1,213790
7290114600989,false,"רוטב אלף האיים מאסטר שף 250 מ""ל",,NL,מאסטר שף רוטב אלף הא,מיליליטרים,250.00,"100 מ""ל",false,,9.90,3.9600,true,1,88181
7290114600996,false,"רוטב שום מאסטר שף 250 מ""ל",REMIA,NL,מאסטר שף רוטב שום 25,מיליליטרים,250.00,"100 מ""ל",false,,9.90,3.9600,true,1,88182
7290114603515,false,מאסטר שף רוטב קארי אדום 340 גרם,תאי סופרים,TH,מאסטר שף רוטב קארי א,גרמים,340.00,100 גרם,false,,13.90,4.0882,true,1,136606
7290114603539,false,קרוטונים למרק שום בצל מאסטר שף 350 גרם,,,מאסטר שף קרוטונים למ,גרמים,350.00,100 גרם,false,,19.90,5.6857,true,1,219199
7290114604222,false,משחת שיניים אופטיק ו,,,משחת שיניים אופטיק ו,מיליליטרים,150.00,"100 מ""ל",false,,44.90,29.9333,true,1,206272
7290114604857,false,"דפי אורז מאסטר שף קוטר 22 ס""מ 400 גרם",,,דפי אורז קוטר 22 כשל,גרמים,400.00,100 גרם,false,,9.90,2.4750,true,1,136223
7290114604864,false,מאסטר שף קוסקוס דק 350 גרם,דוידוביץ,IL,קוסקוס דק מאסטר שף 3,גרמים,350.00,100 גרם,false,,5.90,1.6857,true,1,214220
7290114604871,false,מאסטר שף קוסקוס בינוני 350 גרם,דוידוביץ,IL,קוסקוס בינוני מאסטר,גרמים,350.00,100 גרם,false,,5.90,1.6857,true,1,213902
7290114604895,false,ממרח ספייסי לחיץ מאסטר שף 446 גרם,Remia,NL,מאסטר שף ממרח ספייסי,גרמים,446.00,100 גרם,false,,13.90,3.1166,true,1,155158
7290114604901,false,ממרח שום לחיץ מאסטר שף 444 גרם,Remia,NL,מאסטר שף ממרח שום לח,גרמים,242.00,100 גרם,false,,13.90,5.7438,true,1,155143
7290114604949,false,מאסטר שף רוטב ברביקיו 524 גרם,,,מאסטר שף רוטב ברביקי,מיליליטרים,524.00,"100 מ""ל",false,,12.90,2.4618,true,1,155117
7290114605359,false,"פירסט סמייל רפידות הנקה לארג`, 50 יחידות",,,פירסט סמייל רפידות ה,יחידה,0.00,יחידה,false,,24.90,0.0000,true,1,182335
7290114606547,false,מיונז פטריות כמהין לחיץ מאסטר שף 242 גרם,Remia,NL,מאסטר שף מיונז עם כמ,גרמים,242.00,100 גרם,false,,13.90,5.7438,true,1,155145
7290114606554,false,מיונז לייט לחיץ מאסטר שף 470 גרם,Remia,NL,מאסטר שף מיונז לייט,גרמים,470.00,100 גרם,false,,13.90,2.9574,true,1,155130
7290114606578,false,שקדי מרק מאסטר שף 400 גרם,,IL,שקדי מרק מאסטר שף 40,גרמים,400.00,100 גרם,false,,10.90,2.7250,true,1,219200
7290114606592,false,רוטב סויה מסורתית 46% פולי סויה מאסטר שף 620 ג',קריניציה ויטמינה אס,TH,מאסטר שף רוטב סויה מ,גרמים,620.00,100 גרם,false,,18.90,3.0484,true,1,595061
7290114659949,true,מארז 50 מסכות כירוג,,,מארז 50 מסכות כירוג,יחידה,0.00,יחידה,false,,10.00,0.0000,true,1,83431
7290115071504,false,מטבעות שוקולד ברשת סמי הכבאי 31 גר,,NL,מטבעות שוקולד ברשת 3,גרמים,31.00,100 גרם,false,,3.90,12.5806,true,1,126744
7290115077131,true,מסכות צבעוניות 40 יח,,,מסכות צבעוניות 40 יח,יחידה,0.00,יחידה,false,,9.90,0.0000,true,1,97327
7290115190014,false,סיגריות מרלבורו רד קצר בוקס,פיליפ מוריס,,סיגריות מרלבורו חפי,יחידה,0.00,יחידה,false,,35.00,0.0000,false,1,108445
7290115190076,false,סיגריות מרלבורו גולד ארוך 100 בוקס,פיליפ מוריס,,סיגריות מרלבורו חפי,יחידה,0.00,יחידה,false,,35.00,0.0000,false,1,117109
7290115190090,false,סיגריות מרלבורו גולד קצר בוקס,פיליפ מוריס,,סיגריות מרלבורו חפי,יחידה,0.00,יחידה,false,,35.00,0.0000,false,1,108458
7290115190199,false,סיגריות פרלמנט (חפיס,פיליפ מוריס,,סיגריות פרלמנט (חפיס,יחידה,0.00,יחידה,false,,40.00,0.0000,false,1,158686
7290115190250,false,סיגריות פרלמנט נייטP,פיליפ מוריס,,סיגריות פרלמנט (חפיס,יחידה,0.00,יחידה,false,,40.00,0.0000,false,1,100140
7290115190359,false,L&M בלו לייבל קצר-חפיסה,פיליפ מוריס,,אל אם בלו לייבל קצר,יחידה,0.00,יחידה,false,,31.00,0.0000,false,1,100124
7290115190458,false,סיגריות נקסט אדג בוד,פיליפ מוריס,,נקסט אדג` בודד,יחידה,0.00,יחידה,false,,26.00,0.0000,false,1,117111
7290115190472,false,סיגריות נקסט פיין אדג',פיליפ מוריס,,נקסט פיין אדג` בודד,יחידה,0.00,יחידה,false,,26.00,0.0000,false,1,123147
7290115190496,false,סיגריות נקסט פיין 10,פיליפ מוריס,IL,סיגריות נקסט (בודד),יחידה,0.00,יחידה,false,,30.00,0.0000,false,1,134527
7290115190519,false,סיגריות נקסט פיין חפ,פיליפ מוריס,,סיגריות נקסט (בודד),יחידה,0.00,יחידה,false,,30.00,0.0000,false,1,108398
7290115190557,false,סיגריות נקסט כחול קצר,פיליפ מוריס,,סיגריות נקסט(בודד) ר,יחידה,0.00,יחידה,false,,28.00,0.0000,false,1,108414
7290115190571,false,סיגריות נקסט לילךPP,פיליפ מוריס,,סיגריות נקסט (בודד),יחידה,0.00,יחידה,false,,30.00,0.0000,false,1,100111
7290115200003,false,אסם פתי בר פינוקי וניל 220 גרם,תאי פרזידנט פוד פאבל,PL,פתי בר פינוקי וניל 2,גרמים,220.00,100 גרם,false,,10.90,4.9545,true,1,118821
7290115200027,false,אסם פתי בר פינוקי שוקו 220 גרם,DR GERARD,IL,פתי בר פינוקי שוקו 2,גרמים,220.00,100 גרם,false,,10.90,4.9545,true,1,118822
7290115200713,false,במבה קלאסי מארז אחיד 8 50*5 ג',,IL,מארז במבה קלאסי אסם,גרמים,250.00,100 גרם,false,,11.90,4.7600,true,1,121013
7290115200881,false,בייגלה אסם שטוחים שומשום במליחות מעודנת 300 גר,,IL,אסם בייגלה שטוחים שו,גרמים,300.00,100 גרם,false,,10.90,3.6333,true,1,133184
7290115201031,false,אסם פתי בר דובי שוקולד 175 גרם,טרופיקל דגיל תעשיות,IL,אסם פתיבר דובי שוקול,גרמים,175.00,100 גרם,false,,10.50,6.0000,true,1,153251
7290115201475,false,טבעול גורמה לביבות כרישה 434 גרם,טבעול (מקבוצת אסם הש,IL,טבעול גורמה לביבות כ,גרמים,434.00,100 גרם,false,,34.90,8.0415,true,1,524118
7290115201536,false,טבעול גורמה לביבות כרובית ותפוא 442 גרם,,IL,טבעול גורמה לביבות כ,גרמים,442.00,100 גרם,false,,34.90,7.8959,true,1,524119
7290115201680,false,ביסלי ברביקיו 70 גרם,"אסם השקעות בע""מ",IL,ביסלי ברביקיו 70 גרם,גרמים,70.00,100 גרם,false,,3.90,5.5714,true,1,126966
7290115201741,false,ביסלי בטעם בצל 70 גרם,"אסם השקעות בע""מ",IL,ביסלי בצל 70 גרם,גרמים,70.00,100 גרם,false,,3.90,5.5714,true,1,120369
7290115202250,false,טבעול טופו קראנצים צ'ילי פיקנטי 470 גרם,,IL,טבעול טופו קראנצ'ים,גרמים,470.00,100 גרם,false,,30.90,6.5745,true,1,197011
7290115202786,false,מנה חמה פאוצ נדלס.אטר.טעם בקר 70 גרם,,,מנה חמה פאוצ' נדלסאט,גרמים,70.00,100 גרם,false,,4.90,7.0000,true,1,153157
7290115202816,false,מנה חמה פאוצ נדלס.אטר.טעם עוף 70 גרם,,,מנה חמה פאוצ' נדלסאט,גרמים,70.00,100 גרם,false,,4.90,7.0000,true,1,153158
7290115202847,false,מנה חמה פאוצ' נדלס ספייסי אסם 70 ג',,,מנה חמה פאוצ' נדלסאט,גרמים,70.00,100 גרם,false,,4.90,7.0000,true,1,153159
7290115202939,false,מנה חמה רייס נודלס עוף פטריות 50 ג' אסם,מיוצר עי קונדיטוריית,TH,מנה חמה רייס נודלס ע,גרמים,50.00,100 גרם,false,,7.90,15.8000,true,1,255335
7290115203134,false,פופקו פופקורן במבה 80 ג' אסם,"אסם השקעות בע""מ",IL,פופקו פופקורן במבה 4,גרמים,80.00,100 גרם,false,,4.90,6.1250,true,1,177251
7290115203172,false,במבה אסם 80 גרם PRO,"אסם השקעות בע""מ",IL,במבה אסם 80 גרם PRO,גרמים,80.00,100 גרם,false,,4.50,5.6250,true,1,520487
7290115203295,false,פרפקטו פסטה ריציאולי מהדורה 12*500גרם,ניולט פוד ס.פ.א,IT,פרפקטו פסטה ריציאולי,גרמים,400.00,100 גרם,false,,9.90,2.4750,true,1,153131
7290115203486,false,אסם פירורית בטעם ביסלי גריל 200 גרם,קיבוץ עינת,IL,אסם פירורית בטעם ביס,גרמים,200.00,100 גרם,false,,6.50,3.2500,true,1,163897
7290115204056,false,אסם קטשופ 56% פחות סוכר 690 גרם,אסם,IL,אסם קטשופ מופחת סוכר,גרמים,690.00,100 גרם,false,,10.50,1.5217,true,1,165537
7290115204247,false,ממרח עגבניות מיובשות 190 ג' צבר,,,עגבניות מיובשות המעד,גרמים,190.00,100 גרם,false,,14.90,7.8421,true,1,373959
7290115204261,false,אריסה חריפה המעדנייה,,,אריסה חריפה המעדנייה,גרמים,190.00,100 גרם,false,,10.90,5.7368,true,1,399324
7290115205176,false,פיטנס - קרקר דק כפרי פיטנס 140 גרם,אסם יקנעם,IL,פיטנס קרקר THIN כפרי,גרמים,140.00,100 גרם,false,,11.90,8.5000,true,1,250202
7290115205312,false,פיטנס - קרקר דק זיתי קלמטה 140 גרם,"אסם השקעות בע""מ",IL,פיטנס קרקר Thin Deli,גרמים,140.00,100 גרם,false,,11.90,8.5000,true,1,483174
7290115205527,false,חטיף פיטנס מולטיגריין עם עדשים 25 גרם,פיטנס,IL,פיטנס חטיף מולטגריין,גרמים,25.00,100 גרם,false,,4.90,19.6000,true,1,490570
7290115205541,false,חטיף פיטנס מולטיגריין עם חומוס 25 גרם,"אסם השקעות בע""מ",IL,פיטנס חטיף מולטיגריי,גרמים,25.00,100 גרם,false,,4.90,19.6000,true,1,490571
7290115205978,false,"פתי בר אצבעות שוקולד אוסם, 180 גרם","ד""ר ג'רארד בע""מ",PL,פתי בר אצבעות שוקולד,גרמים,180.00,100 גרם,false,,10.90,6.0556,true,1,375903
7290115206135,false,טבעול גורמה ארוחת קינואה 450 גרם,טבעול (מקבוצת אסם הש,IL,טבעול גורמה ארוחת קי,גרמים,450.00,100 גרם,false,,34.90,7.7556,true,1,524150
7290115206531,false,אסם קרמוגית במילוי קרם בייגלה 12*200 גרם,אסם-נסטלה,IL,אסם קרמוגית במילוי ק,גרמים,200.00,100 גרם,false,,10.90,5.4500,true,1,271792
7290115207484,false,"""המעדניה"" צבר חציל על האש 400 גרם",ג'נרל מילס סאן אדריא,IL,חציל על האש היתר צבר,גרמים,400.00,100 גרם,false,,15.40,3.8500,true,1,323117
7290115207620,false,"רוטב בסגנון סויה קלאסי 290 מ""ל אסם",,,אסם רוטב בסגנון סויה,מיליליטרים,320.00,"100 מ""ל",false,,12.90,4.0313,true,1,482844
7290115207941,false,ויטמינצ'יק תרכיז אננס 1 ליטר,בית-השיטה עסיס תעשיו,IL,ויטמינצ'יק אננס 1 לי,ליטרים,1.00,ליטר,false,,22.50,22.5000,true,1,339790
7290115207965,false,ויטמינצ'יק תרכיז מנגו אפרסק 1 ליטר,בית-השיטה עסיס תעשיו,IL,ויטמינצ'יק מנגו 1 לי,ליטרים,1.00,ליטר,false,,22.50,22.5000,true,1,339806
7290115207989,false,ויטמינצ'יק תרכיז לימון 1 ליטר,בית-השיטה עסיס תעשיו,IL,ויטמינצ'יק לימון 1 ל,ליטרים,1.00,ליטר,false,,22.50,22.5000,true,1,339791
7290115208009,false,ויטמינצ'יק תרכיז ענבים 1 ליטר,בית-השיטה עסיס תעשיו,IL,ויטמינצ'יק ענבים 1 ל,ליטרים,1.00,ליטר,false,,22.50,22.5000,true,1,339807
7290115208047,false,ויטמינצ'יק תרכיז פטל 1 ליטר,בית-השיטה עסיס תעשיו,IL,ויטמינצ'יק פטל 1 ליט,ליטרים,1.00,ליטר,false,,22.50,22.5000,true,1,339792
7290115208061,false,ויטמינצ'יק תרכיז תפוח 1 ליטר,בית השיטה עסיס תעשיו,IL,ויטמינצ'יק תפוח 1 לי,ליטרים,1.00,ליטר,false,,22.50,22.5000,true,1,339808
7290115208320,false,אפרופו בטעם ביסלי בצל 50ג' אסם,"אסם השקעות בע""מ",IL,אפרופו בטעם ביסלי בצ,גרמים,50.00,100 גרם,false,,5.00,10.0000,true,1,561422
7290115208801,false,לחמית דבש ואגוזים 190ג אסם,אסם,IL,לחמית דבש ואגוזים 19,גרמים,190.00,100 גרם,false,,9.90,5.2105,true,1,526003
7290115209174,false,במבה אורירית קלאסי 60 גר',אסם השקעות בעמ,IL,במבה אורירית 60 גרם,גרמים,80.00,100 גרם,false,,4.50,5.6250,true,1,540439
7290115209198,false,במבה אורירית 80 ג' אסם,אסם השקעות בעמ,IL,במבה אורירית 80 גרם,גרמים,80.00,100 גרם,false,,4.50,5.6250,true,1,490629
7290115209372,false,במבה במילוי בראוניז 150ג' אסם,"אסם השקעות בע""מ",IL,במבה במילוי בראוניז,גרמים,150.00,100 גרם,false,,10.00,6.6667,true,1,561079
7290115403282,false,עוגיות פיצפוצי שוקו,,,עוגיות פיצפוצי שוקו,גרמים,500.00,100 גרם,false,,15.90,3.1800,true,1,441590
7290115403299,false,עוגיות פרפריות אדל 4,,,עוגיות פרפריות אדל 4,גרמים,450.00,100 גרם,false,,15.90,3.5333,true,1,441591
7290115403312,false,עוגיות מלוחות קריספי,,,עוגיות מלוחות קריספי,גרמים,450.00,100 גרם,false,,15.90,3.5333,true,1,441593
7290115403329,false,עוגיות רשת קינמון מס,,,עוגיות רשת קינמון מס,גרמים,450.00,100 גרם,false,,15.90,3.5333,true,1,441594
7290115403367,false,עוגיות קוואקר פריכות,,,עוגיות קוואקר פריכות,גרמים,500.00,100 גרם,false,,15.90,3.1800,true,1,441597
7290115403381,false,עוגיות פיצפוצים לבן,,,עוגיות פיצפוצים לבן,גרמים,500.00,100 גרם,false,,15.90,3.1800,true,1,441599
7290115403411,false,עוגיות עינוגים בטעם,,,עוגיות עינוגים בטעם,גרמים,500.00,100 גרם,false,,15.90,3.1800,true,1,441602
7290115403435,false,עוגיות מעמול תמר אדל,,,עוגיות מעמול תמר אדל,גרמים,500.00,100 גרם,false,,15.90,3.1800,true,1,441604
7290115403466,false,עוגיות נסיכה מיקס אד,,,עוגיות נסיכה מיקס אד,גרמים,500.00,100 גרם,false,,15.90,3.1800,true,1,441607
7290115403480,false,עוגיות בסגנון מרוקאי,,,עוגיות בסגנון מרוקאי,גרמים,500.00,100 גרם,false,,15.90,3.1800,true,1,441609
7290115403510,false,עוגיות מגולגלות תמרי,,,עוגיות מגולגלות תמרי,גרמים,500.00,100 גרם,false,,15.90,3.1800,true,1,441611
7290115403527,false,עוגיות עינוגי תמרים,,,עוגיות עינוגי תמרים,גרמים,500.00,100 גרם,false,,15.90,3.1800,true,1,441612
7290115403541,false,עוגיות גרייבה אדל 50,,,עוגיות גרייבה אדל 50,גרמים,500.00,100 גרם,false,,15.90,3.1800,true,1,441614
7290115403565,false,עוגיות קיפל וניל אדל,,,עוגיות קיפל וניל אדל,גרמים,500.00,100 גרם,false,,15.90,3.1800,true,1,441616
7290115405774,false,פחזניות ממולאות בטעם וניל קפולסקי 180 גר,תופינים מקבוצת קפולס,IL,פחזניות בטעם וניל תו,גרמים,180.00,100 גרם,false,,14.90,8.2778,true,1,472863
7290115405798,false,פחזניות ממולאות בטעם ריבת חלב קפולסקי,,IL,פחזניות בטעם ריבת חל,גרמים,180.00,100 גרם,false,,14.90,8.2778,true,1,472891
7290115405811,false,גבינה עוגיות קפולסקי 200 גרם,,IL,קינוח אישי גבינה פרו,גרמים,200.00,100 גרם,false,,14.90,7.4500,true,1,481454
7290115671155,false,שלישיית סוכריות FRESH ענבים 45 ג' בזוקה,,,שלישיית סוכריות בזוק,גרמים,45.00,100 גרם,false,,7.90,17.5556,true,1,314528
7290115671223,false,מאסט פאן מסטיק אבטיח מנגו 58 גרם,אסקום קונפקשיין,DE,מסטיק קוביות ללא סוכ,גרמים,58.00,100 גרם,false,,10.50,18.1034,true,1,314556
7290115671308,false,"מסטיק מאסט פאן תות דובדבן, 58 גרם",אסקום קונפשטיין,DE,מסטיק קוביות ללס במי,גרמים,58.00,100 גרם,false,,10.50,18.1034,true,1,314542
7290115671339,false,מיני פינוקיות בראוניז בייגל בוטן עלית 180 ג' עלית,הגביע מוצרי ופלים בע,IL,מיני פינוקיות בראוני,גרמים,180.00,100 גרם,false,,10.90,6.0556,true,1,196915
7290115671346,false,מיני פינוקיות טופי קרמל מלוח 180 ג' עלית,הגביע מוצרי ופלים בע,IL,מיני פינוקיות במילוי,גרמים,180.00,100 גרם,false,,10.90,6.0556,true,1,196929
7290115671353,false,עוגיות מיני פינוקיות שחור לבן 180 גרם,,,מיני פינוקיות שחור ל,גרמים,180.00,100 גרם,false,,10.90,6.0556,true,1,294786
7290115675559,false,מארז קפה טורקי לדרך 70ג' עלית,שטראוס קפה בי.וי.,IL,מארז קפה טורקי לדרך,גרמים,70.00,100 גרם,false,,7.90,11.2857,true,1,128063
7290115675696,false,קוואקר אגוזים 375 גר 6 יח Cruesli,וויטפול,IL,דגני בוקר קוואקר שיב,גרמים,375.00,100 גרם,false,,19.90,5.3067,true,1,189847
7290115675986,false,מעדן דנונה בר עם אגוזים מקורמלים 173 גרם,"שטראוס בריאות בע""מ",IL,דנונה קראנצ' אגוזים,גרמים,173.00,100 גרם,false,,4.60,2.6590,true,1,127395
7290115676037,false,דנונה ריפרש תות דומדמניות 250 גרם,מיוצר עי קונדיטוריית,IL,דנונה ריפרש יוגורט ע,גרמים,250.00,100 גרם,false,,5.90,2.3600,true,1,167384
7290115676051,false,"משקה אקטיביה עם ש""ש מתיקות מעודנת 265 ג' דנונה",מיוצר עי קונדיטוריית,IL,משקה אקטיביה עם שיבו,גרמים,265.00,100 גרם,false,,4.90,1.8491,true,1,231068
7290115676082,false,משקה יוגורט בטעם תות פרו 20 דנונה 255 ג',"שטראוס בריאות בע""מ.",IL,משקה יוגורט עם חלבון,גרמים,255.00,100 גרם,false,,6.90,2.7059,true,1,167486
7290115677089,false,קונפיטורת יד מרדכי תפוח וקינמון 340 גרם,"ב.א מזון בע""מ",IL,קונפיטורת תפוח וקינמ,גרמים,340.00,100 גרם,false,,11.90,3.5000,true,1,191556
7290115677966,false,ממרח אבוקדו 200 ג' שטראוס,סנטה אירפואטו,MX,ממרח אבוקדו אחלה 200,גרמים,200.00,100 גרם,false,,14.90,7.4500,true,1,221883
7290115678376,false,מעדן הגולן שוקולד 125 גרם,מיוצר עי קונדיטוריית,IL,מעדן הגולן מעדן חלב,גרמים,125.00,100 גרם,false,,2.90,2.3200,true,1,199056
7290115678383,false,מעדן הגולן שוקולד מריר 125 גרם,מיוצר עי קונדיטוריית,IL,מעדן הגולן מעדן חלב,גרמים,125.00,100 גרם,false,,2.90,2.3200,true,1,199070
7290115678598,false,חסה אייסברג חיתוך גס,חקלאי,,חסה אייסברג חיתוך גס,גרמים,300.00,100 גרם,false,,9.90,3.3000,true,1,233180
7290115678635,false,נשנושי גבינה 16% עם כעכים שטוחים 67 ג' שטראוס,"מחלבת טבע עז בע""מ",IL,נשנושי גבינה 16% עם,גרמים,67.00,100 גרם,false,,10.90,16.2687,true,1,492952
7290115679960,false,ציטוס פופקורן בטעם טבעי 60 ג 24 יח,"שטראוס פריטו ליי בע""",IL,ציטוס פופקורן בטעם ט,גרמים,60.00,100 גרם,false,,3.90,6.5000,true,1,231149
7290116244037,false,חד קרן אצבעות שוקולד חלב 84 גרם,,NL,אצבעות שוקולד חלב חד,גרמים,84.00,100 גרם,false,,7.90,9.4048,true,1,354834
7290116244051,false,אצבעות שוקולד חלב 84 גרם LOL,,NL,אצבעות שוקולד חלב 84,גרמים,84.00,100 גרם,false,,7.90,9.4048,true,1,354836
7290116530871,false,מיקס נשנושים 240 ג' בייגל בייגל,,IL,חטיף נשנושים מיקס+בי,גרמים,240.00,100 גרם,false,,11.90,4.9583,true,1,532041
7290116531779,false,בדין - דפים למייבש כביסה כחול 40 יחידות,,US,בדין דפי מייבש כחול,יחידה,0.00,יחידה,false,,16.90,0.0000,true,1,315119
7290116532264,false,מאגדת גודיז פרי אפרסק יוגורט בציפוי 300 ג' שטראוס,"גלידת שטראוס בע""מ, ר",IL,מאגדת שלגון מופחת שו,100 יח',6.00,100 יח',false,,29.90,498.3333,true,1,449596
7290116532387,false,"אל סבון ידיים נוזלי חמאת שיאה 950 מ""ל פינוק",,IL,אל סבון לידיים בתוספ,מיליליטרים,950.00,"100 מ""ל",false,,11.90,1.2526,true,1,378301
7290116532721,false,רוטב הלמנס ישראלי לסלט לימון וזעתר 305 ג,,IL,רוטב לסלט לימון וזעת,גרמים,295.00,100 גרם,false,,9.90,3.3559,true,1,559585
7290116533063,false,דגני בוקר שוגי קרטיב ענבים 400 גרם,,IL,שוגי דגני בוקר בטעם,גרמים,400.00,100 גרם,false,,19.90,4.9750,true,1,491628
7290116930015,false,חטיף חלבון GO קרמל חמאת בוטנים קריספי 20 גרם,תנובה,IL,חטיף חלבון בטעם קרמל,גרמים,60.00,100 גרם,false,,11.90,19.8333,true,1,388099
7290116930282,false,ארוחה בקטנה לאבנה עם קרקרים 150ג' תנובה,תנובה,IL,לאבנה 9% שומן עם קרק,גרמים,150.00,100 גרם,false,,7.90,5.2667,true,1,522803
7290116930466,false,"משקה SHAKE בננה מנגן פסיפלורה והל 230 מ""ל יופלה",תנובה בעמ,IL,יופלה SHAKE מנגו בנ,מיליליטרים,230.00,"100 מ""ל",false,,7.90,3.4348,true,1,522874
7290116930480,false,"משקה SHAKE בננה קיווי תפוח 230 מ""ל יופלה",תנובה בעמ,IL,יופלה SHAKE בננה קי,מיליליטרים,230.00,"100 מ""ל",false,,7.90,3.4348,true,1,522875
7290116930626,false,ארוחה בקטנה ציזיקי עם קרקרים 150ג' תנובה,תנובה,IL,ציזיקי עם קרקרים תנו,גרמים,150.00,100 גרם,false,,7.90,5.2667,true,1,522804
7290116930718,false,מעדן תנובה דיאט בטעם שוקולד וקרמל מלוח 0% 150ג' תנובה,"תנובה בע""מ",IL,מעדן דיאט בטעם שוקו,גרמים,150.00,100 גרם,false,,3.90,2.6000,true,1,524645
7290116931012,false,יופלה דיאט 0% שומן תפוח וקינמון 150 גרם,"תנובה בע""מ",IL,יופלה דיאט 0% שומן ת,מיליליטרים,150.00,"100 מ""ל",false,,5.10,3.4000,true,1,576769
7290116931159,false,יופלה דיאט 0% שומן תות בננה 150 גרם,"תנובה בע""מ",IL,יופלה דיאט 0% שומן ת,מיליליטרים,150.00,"100 מ""ל",false,,5.10,3.4000,true,1,576785
7290116931289,false,יוגורט GO סמיך 0% אלפחורס 200 גרם,,,יוגורט גו סמיך 0% אל,גרמים,200.00,100 גרם,false,,6.20,3.1000,true,1,574494
7290117260456,false,גבינה בולגרית מעודנת למריחה עם זיתים 5% שומן 200 ג' יורו,,,גבינה בולגרית מעודנת,גרמים,200.00,100 גרם,false,,11.90,5.9500,true,1,524952
7290117260463,false,גבינה בולגרית מעודנת למריחה עם חלפיניו 5% שומן 200 ג' יורו,,,גבינה בולגרית מעודנת,גרמים,200.00,100 גרם,false,,11.90,5.9500,true,1,524953
7290117260487,false,"ניוקי תפו""א מצונן 500 גרם ויליפוד",,,ניוקי תפוחי אדמה מצו,גרמים,500.00,100 גרם,false,,9.90,1.9800,true,1,577424
7290117260500,false,"מיני ניוקי תפו""א מצונן 500 גרם ויליפוד",,,מיני ניוקי תפוחי אדמ,גרמים,500.00,100 גרם,false,,9.90,1.9800,true,1,577440
7290117260562,false,EURO חמאה בגביע 225 גרם,,TR,חמאה בגביע יורו 225,גרמים,225.00,100 גרם,false,,16.90,7.5111,true,1,577455
7290117260890,false,פופקורן בציפוי בטעם קוקוס 90 גרם,,,פופקורן בטעם קוקוס ו,גרמים,90.00,100 גרם,false,,7.90,8.7778,true,1,352128
7290117260906,false,פופקורן בציפוי בטעם פירות 90 גרם,אלאלסי,UA,פופקורן בטעם פירות ו,גרמים,90.00,100 גרם,false,,7.90,8.7778,true,1,352129
7290117261088,false,בוראטה גבינת מוצרלה רכה 125ג' 18%שומן,,,בוראטה גבינת מוצרלה,גרמים,125.00,100 גרם,false,,19.90,15.9200,true,1,563528
7290117261132,false,זוג קינוחים בטעם קרמל מלוח 140גרם,,ES,זוג קינוחים בטעם קרמ,גרמים,140.00,100 גרם,false,,10.90,7.7857,true,1,533630
7290117261354,false,גבינת ריקוטה 200 גרם 5%שומן מחלבת אירופה,באלבן גידה סנאי,TR,גבינת ריקוטה 5% שומ,גרמים,200.00,100 גרם,false,,9.90,4.9500,true,1,520579
7290117261385,false,גבינת פטה לייט 500 גרם 8% שומן מחלבת איר,באלבן גידה סנאי,TR,גבינת פטה לייט 8% ש,גרמים,500.00,100 גרם,false,,27.90,5.5800,true,1,520637
7290117261439,false,EURO יוגורט פרוביוטי עם פירות יער 2% 125 גרם,,TR,יוגורט פרוביוטי עם פ,גרמים,125.00,100 גרם,false,,2.90,2.3200,true,1,577408
7290117261446,false,יוגורט פרוביוטי עם אפרסק ומשמש 2%שומן 125ג',,TR,יוגורט פרוביוטי אפרס,גרמים,125.00,100 גרם,false,,2.90,2.3200,true,1,577409
7290117261521,false,סלמון אטלנטי בשמן קנולה וילי פוד 120 גר,,LV,סלמון אטלנטי בשמן קנ,גרמים,120.00,100 גרם,false,,10.90,9.0833,true,1,556675
7290117261545,false,סלמון אטלנטי ברוטב טריאקי וילי פוד 120 ג,,LV,סלמון אטלנטי ברוטב ט,גרמים,120.00,100 גרם,false,,10.90,9.0833,true,1,556677
7290117261569,false,סלמון אטלנטי מעושן קנולה וילי פוד 120 גר,,LV,סלמון אטלנטי מעושן ב,גרמים,120.00,100 גרם,false,,10.90,9.0833,true,1,556679
7290117261774,false,כדורי גבינת בייבי מוצרלה 150ג' 14%שומן,,,כדורי גבינת בייבי מו,גרמים,150.00,100 גרם,false,,14.90,9.9333,true,1,563572
7290117262160,false,גבינה כפרית חצי קשה 200ג' 20%שומן,,TR,גבינה כפרית חצי קשה,גרמים,200.00,100 גרם,false,,13.90,6.9500,true,1,563484
7290117262221,false,"משקה יוגורט פרוביוטי עם אננס 200מ""ל 2.3%שומן יורו",,TR,משקה יוגורט עם אננס,מיליליטרים,200.00,"100 מ""ל",false,,4.90,2.4500,true,1,533559
7290117262238,false,"משקה יוגורט פרוביוטי עם תות שדה 200מ""ל 2.3%שומן יורו",,TR,משקה יוגורט עם תות ש,מיליליטרים,200.00,"100 מ""ל",false,,4.90,2.4500,true,1,533515
7290117262245,false,"משקה יוגורט פרוביוטי עם אפרסק ומשמש 200מ""ל 2.3%שומן יורו",,TR,משקה יוגורט עם אפרסק,מיליליטרים,200.00,"100 מ""ל",false,,4.90,2.4500,true,1,533544
7290117380857,false,עוגות אישיות בטעם לימון 120 ג' סלים דליס פייבר,,ES,סלים דליס פייבר - עו,גרמים,120.00,100 גרם,false,,10.90,9.0833,true,1,491573
7290117380864,false,עוגות בראוניס אישיות בטעם שוקולד 120 ג' סלים דליס פייבר,הלמה הלום,NL,סלים דליס פייבר - עו,גרמים,120.00,100 גרם,false,,10.90,9.0833,true,1,491587
7290117381205,false,מאסטר שף שמן שומשום,,,מאסטר שף שמן שומשום,מיליליטרים,370.00,"100 מ""ל",false,,22.90,6.1892,true,1,574509
7290117383711,false,"מארז זוג תחליב רחצה חלב ודבש *750 מ""ל פלמוליב",,TR,פלמוליב חלב ודבש 750,ליטרים,1500.00,100 ליטר,false,,30.00,2.0000,true,1,569556
7290117383728,false,"מארז זוג תחליב רחצה לומינוס  אבוקדו 750 מ""ל פלמוליב",,TR,פלמוליב לומינוס אבוק,ליטרים,1500.00,100 ליטר,false,,30.00,2.0000,true,1,569557
7290117760826,false,כפפות ניטריל שחורות M 100 יח',,,כפפות ניטריל כחולות,יחידה,0.00,יחידה,false,,24.90,0.0000,true,1,568277
7290117761052,false,מנקה חלונות 1 ליטר ז,,,מנקה חלונות 1 ליטר ז,ליטרים,1.00,ליטר,false,,14.90,14.9000,true,1,376000
7290117821411,false,ביצת הפתעה פלסטיק עם סוכריות קשות 10 גרם דינוזאור,שמחה,IL,ביצת הפתעה פלסטיק עם,גרמים,10.00,100 גרם,false,,5.90,59.0000,true,1,523456
7290117823798,false,בדיקה עצמית מהירה לזיהוי אנטיגן 5 יח,,CN,בדיקה עצמית מהירה לז,יחידה,0.00,יחידה,false,,39.90,0.0000,true,1,337194
7290117829592,false,צמר גפן מתוק בדלי 50,,,צמר גפן מתוק בדלי 50,גרמים,50.00,100 גרם,false,,10.00,20.0000,true,1,575342
7290117829615,false,צמר גפן מתוק בדלי 50,,,צמר גפן מתוק בדלי 50,גרמים,50.00,100 גרם,false,,10.00,20.0000,true,1,575344
7290117860038,false,"הוואי - תחליב רחצה יוגורט בניחוח אוכמניות 700 מ""ל",,IL,תחליב רחצה יוגורט בנ,מיליליטרים,700.00,"100 מ""ל",false,,14.90,2.1286,true,1,570496
7290117860045,false,"הוואי - שמפו מטפח לשיער רגיל 700 מ""ל",,,שמפו מטפח לשיער רגיל,מיליליטרים,700.00,"100 מ""ל",false,,14.90,2.1286,true,1,566680
7290117860144,false,"הוואי - שמפו למניעת קשקשים 700 מ""ל",,,שמפו נגד קשקשים הווא,מיליליטרים,700.00,"100 מ""ל",false,,14.90,2.1286,true,1,566682
7290117860182,false,"הוואי - תחליב רחצה בניחוח מגנוליה ושמן שקדים 700 מ""ל",,IL,תחליב רחצה בניחוח מג,מיליליטרים,700.00,"100 מ""ל",false,,14.90,2.1286,true,1,570499
7290117860199,false,"הוואי - שמפו מעניק לחות לשיער יבש 700 מ""ל",,,שמפו לשיער יבש הוואי,מיליליטרים,700.00,"100 מ""ל",false,,14.90,2.1286,true,1,566683
7290117860236,false,"הוואי - קרם רחצה בניחוח ויולה ורודה 700 מ""ל",,IL,תחליב רחצה בניחוח וי,מיליליטרים,700.00,"100 מ""ל",false,,14.90,2.1286,true,1,570500
7290117860243,false,"הוואי - מרכך מעניק לחות לשיער יבש 700 מ""ל",,,מרכך לשיער יבש הוואי,מיליליטרים,700.00,"100 מ""ל",false,,14.90,2.1286,true,1,566684
7290117860281,false,"הוואי - ג'ל רחצה לגבר בניחוח עוצמתי 700 מ""ל",,IL,ג'ל רחצה לגבר בניחוח,מיליליטרים,700.00,"100 מ""ל",false,,14.90,2.1286,true,1,570501
7290117860298,false,"הוואי - שמפו קרטין מחזק 700 מ""ל",,,שמפו קרטין מחזק הווא,מיליליטרים,700.00,"100 מ""ל",false,,14.90,2.1286,true,1,572511
7290117860342,false,"הוואי - מרכך קרטין מחזק 700 מ""ל",,,מרכך קרטין מחזק הווא,מיליליטרים,700.00,"100 מ""ל",false,,14.90,2.1286,true,1,572512
7290117860380,false,"תחליב רחצה יוגורט בניחוח אלוורה 700 מ""ל הוואי",,IL,תחליב רחצה יוגורט בנ,מיליליטרים,700.00,"100 מ""ל",false,,14.90,2.1286,true,1,570503
7290117860397,false,"שמפו פריחת הדובדבן 700 מ""ל הוואי",,,שמפו פריחת הדובדבן ה,מיליליטרים,700.00,"100 מ""ל",false,,14.90,2.1286,true,1,566685
7290117860496,false,"הוואי - שמפו + מרכך 2 ב-1 לגבר 700 מ""ל",,,שמפו לגבר + מרכך 2ב-,מיליליטרים,700.00,"100 מ""ל",false,,14.90,2.1286,true,1,566687
7290117860649,false,"הוואי שמפו ללא סולפטים, 700 מ""ל",,,שמפו ללא סולפטים הוו,מיליליטרים,700.00,"100 מ""ל",false,,14.90,2.1286,true,1,572514
7290117860694,false,"הוואי מרכך ללא סולפטים, 700 מ""ל",,,מרכך ללא סולפטים הוו,מיליליטרים,700.00,"100 מ""ל",false,,14.90,2.1286,true,1,572515
7290117860793,false,"הוואי מרכך ללא סולפטים 700 מ""ל",,,מרכך מעניק נפח הוואי,מיליליטרים,700.00,"100 מ""ל",false,,14.90,2.1286,true,1,572517
7290117860847,false,"הוואי שמפו 4 ב 1 לגבר רעננות קרירה, 700 מ""ל",,,שמפו 4 ב 1 לגבר רעננ,מיליליטרים,700.00,"100 מ""ל",false,,14.90,2.1286,true,1,572518
7290117860892,false,"הוואי - תחליב רחצה יוגורט בניחוח וניל ודבש 700 מ""ל",,IL,תחליב רחצה יוגורט בנ,מיליליטרים,700.00,"100 מ""ל",false,,14.90,2.1286,true,1,570504
7290117860946,false,"תחליב רחצה יוגורט בניחוח קוקוס 700 מ""ל הוואי",,IL,תחליב רחצה יוגורט בנ,מיליליטרים,700.00,"100 מ""ל",false,,14.90,2.1286,true,1,570505
7290117900932,false,גרעיני אבטיח קלויים,,,גרעיני אבטיח קלויים,גרמים,130.00,100 גרם,false,,10.90,8.3846,true,1,495689
7290117900949,false,בוטנים מצופים אמריקאים 250 גרם,,IL,בוטנים מצופים אמריק,גרמים,250.00,100 גרם,false,,10.90,4.3600,true,1,495690
7290117900963,false,בוטנים קלויים 270 גרם,,IL,בוטנים קלויים 270 גר,גרמים,270.00,100 גרם,false,,10.90,4.0370,true,1,495692
7290117900970,false,שקדים קלויים 180 גרם,,IL,שקד קלוי 180 גרם,גרמים,180.00,100 גרם,false,,15.90,8.8333,true,1,495693
7290117900987,false,אגוזי פקאן קלוף 140 גרם,,IL,פקאן קלוף 140 גרם,גרמים,140.00,100 גרם,false,,15.90,11.3571,true,1,495694
7290117900994,false,פקאן סיני מסוכר 140 גרם,,IL,פקאן סיני מסוכר 140,גרמים,140.00,100 גרם,false,,15.90,11.3571,true,1,495695
7290117901021,false,קבוקים בוטנים מצופים עם שומשום 220 גרם,,IL,קבוקים בוטנים מצופים,גרמים,220.00,100 גרם,false,,10.90,4.9545,true,1,495698
7290117901045,false,בוטן רביולי 200 גרם,,IL,בוטן רביולי 200 גרם,גרמים,200.00,100 גרם,false,,15.90,7.9500,true,1,495700
7290117901243,false,ממרח פלפלים אדומים קלויים בתוספת ארטישוק 290 ג' גורמה,,,ממרח ארטישוק ופלפלים,גרמים,290.00,100 גרם,false,,14.90,5.1379,true,1,576414
7290118420378,false,אסם פתי בר פינוקים תותים ושמנת 220 גרם,דר גררד,IL,פתי בר פינוקים תותים,גרמים,220.00,100 גרם,false,,10.90,4.9545,true,1,561377
7290118420514,false,אסם אינסטנט פודינג נוגט 75 גרם,"אסם השקעות בע""מ",IL,אינסטנט פודינג נוגט,גרמים,80.00,100 גרם,false,,5.50,6.8750,true,1,558879
7290589856775,false,נייס שבלולים לשיער,,,נייס שבלולים לשיער,יחידה,0.00,יחידה,false,,5.90,0.0000,true,1,33943
7290900010367,false,טורטייה שמינייה משקל נקי 360 ג' Avel,,,טורטייה אבאל 360 גרם,גרמים,360.00,100 גרם,false,,8.90,2.4722,true,1,48909
7290900010664,false,"ניוקי בטטה 1 ק""ג Avel",,,"ניוקי אבאל 1 ק""ג",קילוגרמים,1.00,"ק""ג",false,,9.90,9.9000,true,1,48910
7293556389962,true,שום לבן (סולו) ארוז,,,שום לבן (סולו) ארוז,גרמים,250.00,100 גרם,false,,9.90,3.9600,true,1,85745
7296021129940,false,צנצנת מלח ופלפל עם י,,,צנצנת מלח ופלפל עם י,יחידה,0.00,יחידה,false,,7.90,0.0000,true,1,373771
7296021133589,false,כף מחורצת ידית שחורה,KIS CHINA,CN,כף מחורצת ידית שחורה,יחידה,0.00,יחידה,false,,15.90,0.0000,true,1,45192
7296021133626,false,כף מסננת קטנה ידית ש,,,כף מסננת קטנה ידית ש,יחידה,0.00,יחידה,false,,15.90,0.0000,true,1,45196
7296021141003,false,"מועך תפו""א ידית משול",,,"מועך תפו""א ידית משול",יחידה,0.00,יחידה,false,,21.90,0.0000,true,1,374209
7296021141010,false,כף הגשה קטנה ידית מש,,,כף הגשה קטנה ידית מש,יחידה,0.00,יחידה,false,,18.90,0.0000,true,1,374223
7296021141072,false,מרחון ידית משולבת,,,מרחון ידית משולבת,יחידה,0.00,יחידה,false,,11.00,0.0000,true,1,374293
7296021160875,false,מספריים למטבח עם מגנ,,,מספריים למטבח עם מגנ,יחידה,0.00,יחידה,false,,25.50,0.0000,true,1,375581
7296021169922,false,פותחן בקבוקים STAINL,,,פותחן בקבוקים STAINL,יחידה,0.00,יחידה,false,,16.00,0.0000,true,1,374805
7296021169946,false,מלקחיים NYLON 3 צבעי,,,מלקחיים NYLON 3 צבעי,יחידה,0.00,יחידה,false,,15.90,0.0000,true,1,374821
7296021232350,false,פומפיה מסתובבת רב תכ,,,פומפיה מסתובבת רב תכ,יחידה,0.00,יחידה,false,,129.90,0.0000,true,1,374951
7296021261541,false,סיר יציקה עם ידית אפ,,,סיר יציקה עם ידית אפ,יחידה,0.00,יחידה,false,,849.90,0.0000,true,1,373074
7296021261633,false,סוטאז' יציקה עם מכסה,,,סוטאז' יציקה עם מכסה,יחידה,0.00,יחידה,false,,699.90,0.0000,true,1,373138
7296021269011,false,"מאג ג'מבו 650 מ""ל רק",,,"מאג ג'מבו 650 מ""ל רק",יחידה,0.00,יחידה,false,,19.90,0.0000,true,1,482829
7296021276514,false,סוטז' עם מכסה לבישול,,,סוטז' עם מכסה לבישול,יחידה,0.00,יחידה,false,,1399.90,0.0000,true,1,373293
7296021288623,false,"סיר בישוול 20 ס""מ 3.",,,"סיר בישוול 20 ס""מ 3.",יחידה,0.00,יחידה,false,,333.00,0.0000,true,1,542947
7296021288630,false,"סיר בישוול 22 ס""מ 4.",,,"סיר בישוול 22 ס""מ 4.",יחידה,0.00,יחידה,false,,367.00,0.0000,true,1,542962
7296021288647,false,"סיר בישוול 24 ס""מ 5.",,,"סיר בישוול 24 ס""מ 5.",יחידה,0.00,יחידה,false,,399.90,0.0000,true,1,542963
7296021288654,false,"סיר בישוול 26 ס""מ 6.",,,"סיר בישוול 26 ס""מ 6.",יחידה,0.00,יחידה,false,,349.90,0.0000,true,1,542978
7296021288661,false,"מחבת לטיגון 20 ס""מ C",,,"מחבת לטיגון 20 ס""מ C",יחידה,0.00,יחידה,false,,199.90,0.0000,true,1,542993
7296021288678,false,"מחבת לטיגון 22 ס""מ C",,,"מחבת לטיגון 22 ס""מ C",יחידה,0.00,יחידה,false,,217.00,0.0000,true,1,542994
7296021288685,false,"מחבת לטיגון 24 ס""מ C",,,"מחבת לטיגון 24 ס""מ C",יחידה,0.00,יחידה,false,,229.90,0.0000,true,1,543009
7296021288708,false,"מחבת לטיגון 28 ס""מ C",,,"מחבת לטיגון 28 ס""מ C",יחידה,0.00,יחידה,false,,266.00,0.0000,true,1,543025
7296021645235,false,כלי לאביזרים לשימוש,,,כלי לאביזרים לשימוש,יחידה,0.00,יחידה,false,,19.90,0.0000,true,1,45544
7296102210659,false,סט 5 קופסאות מרובע i,,,סט 5 קופסאות מרובע i,יחידה,0.00,יחידה,false,,22.90,0.0000,true,1,189863
7296102210673,false,סט 4 קופסאות מלבני,,,סט 4 קופסאות מלבני,יחידה,0.00,יחידה,false,,19.90,0.0000,true,1,334026
7296102210703,false,סט 4 קופסאות מלבני,,,סט 4 קופסאות מלבני,יחידה,0.00,יחידה,false,,19.90,0.0000,true,1,334029
7296102210710,false,סט 4 קופסאות מרובע,,,סט 4 קופסאות מרובע,יחידה,0.00,יחידה,false,,19.90,0.0000,true,1,334030
7296102210727,false,סט 4 קופסאות עגול,,,סט 4 קופסאות עגול,יחידה,0.00,יחידה,false,,19.90,0.0000,true,1,334031
7296102266014,false,קרש חיתוך פלסטיק,,,קרש חיתוך פלסטיק,יחידה,0.00,יחידה,false,,18.90,0.0000,true,1,337288
7296102521748,false,סט 4 קופסאות פלסטיק,,,סט 4 קופסאות פלסטיק,יחידה,0.00,יחידה,false,,19.90,0.0000,true,1,246646
7296102521762,false,סט 4 קופסאות פלסטיק,,,סט 4 קופסאות פלסטיק,יחידה,0.00,יחידה,false,,19.90,0.0000,true,1,246661
7296102831557,false,סט 4 צלחות עמוקות תמ,,,סט 4 צלחות עמוקות תמ,יחידה,0.00,יחידה,false,,15.00,0.0000,true,1,333527
7297028160936,false,גרבי גבר שלישייה שחו,,,גרבי גבר שלישייה שחו,יחידה,0.00,יחידה,false,,14.90,0.0000,true,1,275547
7297028161582,false,קרסוליות נשים (10 )שחור/לבן/מעורב,,,עשיריית גרבי נשים,יחידה,0.00,יחידה,false,,29.90,0.0000,true,1,227570
7297094020691,false,שמיכת ויולט כבש יחיד,,,שמיכת ויולט כבש יחיד,יחידה,0.00,יחידה,false,,70.90,0.0000,true,1,43693
7297094118916,false,סט פליז זוגי,,,סט פליז זוגי,יחידה,0.00,יחידה,false,,149.90,0.0000,true,1,331797
7297461005580,false,שמיכת כבש דו צדדי ז,,,שמיכת כבש דו צדדי ז,יחידה,0.00,יחידה,false,,160.00,0.0000,true,1,300219
7297478002534,false,גרבי נוער,,,גרבי נוער,יחידה,0.00,יחידה,false,,15.90,0.0000,true,1,260005
7297478002985,false,גרבי נוער,,,גרבי נוער,יחידה,0.00,יחידה,false,,15.90,0.0000,true,1,260020
7297478005252,false,גרבי נוער,,,גרבי נוער,יחידה,0.00,יחידה,false,,15.90,0.0000,true,1,260006
7297488098299,false,קמח טפיוקה ללא גלוטן,אף סי תבליני הגליל ב,IL,דגש קמח טפיוקה 500 ג,גרמים,500.00,100 גרם,false,,6.90,1.3800,true,1,113576
7297488098688,false,"פצפוצי אורז מלא ללת""ס דגש 450 גרם",,,דגש פצפוצי אורז מלא,גרמים,450.00,100 גרם,false,,22.90,5.0889,true,1,113632
7297621000998,false,מגבונים בדלי 250 יח',,,מגבונים בדלי 250 יח',יחידה,0.00,יחידה,false,,18.90,0.0000,true,1,540852
7298171185395,false,גרבי בנות מיני מאוס,,,גרבי בנות מיני מאוס,יחידה,0.00,יחידה,false,,19.90,0.0000,true,1,275518
7298171185418,false,גרבי בנות מגבת מיני,,,גרבי בנות מגבת מיני,יחידה,0.00,יחידה,false,,19.90,0.0000,true,1,275490
7298171185524,false,גרבי בנים מגבת מיקי,,,גרבי בנים מגבת מיקי,יחידה,0.00,יחידה,false,,19.90,0.0000,true,1,275475
7380580005255,false,נייס שבלולים לשיער,,,נייס שבלולים לשיער,יחידה,0.00,יחידה,false,,7.90,0.0000,true,1,33951
7394376615825,false,"אוטלי משקה שיבולת שועל בתוספת סידן וויטמינים , 1 ל'",,SE,משקה שיבולת שועל מוע,ליטרים,1.00,ליטר,false,,13.90,13.9000,true,1,83874
7450014901344,false,נעלי בית חורף נשים צ,,,נעלי בית חורף נשים צ,יחידה,0.00,יחידה,false,,39.90,0.0000,true,1,587552
7480588956563,false,נייס שבלולים לשיער,,,נייס שבלולים לשיער,יחידה,0.00,יחידה,false,,9.90,0.0000,true,1,33953
7501013122114,false,"נקטר משקה אננס בקרטונית ג'ומקס, 1 ל'",חומקס קומר קומרסאליז,MX,ג'ומקס נקטר אננס קרט,ליטרים,1.00,ליטר,false,,10.50,10.5000,true,1,39422
7501064191398,false,"שישיית בירה קורונה 355 מ""ל בקבוק",קריניציה ויטמינה אס,MX,קורונה מארז שישיה 6*,ליטרים,2.13,ליטר,false,,38.90,18.2629,true,1,29641
7503012779306,false,סירופ אגבה כחולה 100% 330 גרם נטורפוד,נוטריגבאס דה מקסיקו,MX,נטורפוד סירופ אגבה כ,גרמים,330.00,100 גרם,false,,19.90,6.0303,true,1,113809
7503024460681,false,"שישיית בירה קורונה אקסטרה 355 מ""ל בקבוק",,,שישיית בירה קורונה 3,ליטרים,2.13,ליטר,false,,35.90,16.8545,true,1,586162
7503034941200,false,"בירה קורונה אקסטרה 355 מ""ל בקבוק",,,קורונה בירה בקבוק 35,מיליליטרים,355.00,"100 מ""ל",false,,7.90,2.2254,true,1,595966
7509546061160,false,קולגייט משחת שיניים לילדים מיניונים 75 מל,CP UK,MX,משחת שיניים קולגייט,מיליליטרים,75.00,"100 מ""ל",false,,15.90,21.2000,true,1,447204
7509546061672,false,ספיד סטיק אקסטרים סטיק 50 גר,CP UK,US,דאודורנט ספיד סטיק,גרמים,50.00,100 גרם,false,,19.90,39.8000,true,1,557861
7509546678702,false,קולגייט משחת שיניים טוטל אנטי טרטר 100 מ,קולגייט-פלמוליב,BR,משחת שיניים קולגייט,מיליליטרים,100.00,"100 מ""ל",false,,16.90,16.9000,true,1,508457
7610243004463,false,"דורגול - מרסס להסרת אבנית במקלחון 600 מ""ל",דורינג,,דורגול מסיר אבן מרסס,יחידה,0.00,יחידה,false,,19.90,0.0000,true,1,11428
7610400068505,false,בונבוניירה לינדור מילק 200 גרם,לינדט ושפרונגלי,,לינדור בונבוניירה חל,גרמים,200.00,100 גרם,false,,22.90,11.4500,true,1,13835
7610400068529,false,בונבוניירה לינדור אבורטד 200 גרם,לינדט ושפרונגלי,,לינדור בונבוניירה אס,גרמים,200.00,100 גרם,false,,22.90,11.4500,true,1,13836
7610400074155,false,לינדט שוקולד 60% 100 גרם,"לינדט ושפרונגלי, CH-",,לינדט לינדור 60% 100,גרמים,100.00,100 גרם,false,,15.90,15.9000,true,1,13839
7613030979647,false,דגני בוקר טריקס פירות עולם היורה 480 ג',ג'נרל מילס סאן אדריא,IL,דגני בוקר טריקס 480,גרמים,480.00,100 גרם,false,,24.90,5.1875,true,1,19454
7613032045753,false,פיטנס - דגני בוקר שוקולד 375 גרם,הנסיך- מפעל לייצור ט,FR,דגני פיטנס שוקולד נס,גרמים,375.00,100 גרם,false,,19.90,5.3067,true,1,19460
7613033548192,false,פיטנס - דגני בוקר שוקולד מריר 375 גרם,הנסיך- מפעל לייצור ט,FR,דגני בוקר פיטנס שוקו,גרמים,375.00,100 גרם,false,,19.90,5.3067,true,1,19477
7613034146656,false,פורינה ONE מיני בוגר בקר 1.5קג,פורינה,US,פורינה ONE כלב מיני,קילוגרמים,1.50,"ק""ג",false,,59.90,39.9333,true,1,19492
7613035379794,false,גזע בינוני 5 דנטלייף 115 ג',פורינה,US,דנטלייף גזע בינוני 5,גרמים,690.00,100 גרם,false,,13.90,2.0145,true,1,255293
7613035514430,false,"פורינה ONE חתול בוגר סלמון 3 ק""ג",פורינה,US,פורינה ONE חתול בוגר,קילוגרמים,3.00,"ק""ג",false,,119.00,39.6667,true,1,19500
7613035614482,false,פורינה ONE חתול גור,פורינה,US,פורינה ONE חתול גור,גרמים,800.00,100 גרם,false,,45.90,5.7375,true,1,19503
7613035622623,false,פיטנס - גרנולה שקדים ודבש 300 גרם,שוורצקוף& הנקל דיסלד,LT,פיטנס גרנולה שקדים ו,גרמים,300.00,100 גרם,false,,14.90,4.9667,true,1,19505
7613035807778,false,פרפקטו רוטב עגבניות לבולונז 400 ג' אסם,נסטלה ספרד,ES,פרפקטו רוטב עגבניות,גרמים,400.00,100 גרם,false,,9.90,2.4750,true,1,19509
7613035809857,false,פרפקטו רוטב עגבניות לפסטה ולבישול 400 ג' אסם,נסטלה ספרד,ES,פרפקטו רוטב עגבניות,גרמים,400.00,100 גרם,false,,9.90,2.4750,true,1,19512
7613036105545,false,דוגלי בטעם בקר גזע ק,פורינה,HU,דוגלי בטעם בקר גזע ק,קילוגרמים,3.00,"ק""ג",false,,49.90,16.6333,true,1,19519
7613036105606,false,דוגלי בוגר בקר 4*3קג,פורינה,HU,דוגלי בוגר בקר 4*3קג,קילוגרמים,3.00,"ק""ג",false,,43.90,14.6333,true,1,19521
7613036105637,false,"דוגלי בוגר עוף 12 ק""ג",,,"דוגלי בוגר עוף 12 ק""",קילוגרמים,12.00,"ק""ג",false,,112.00,9.3333,true,1,19522
7613036314114,false,קפה נס קפה גולד 200 גר',,IL,נסקפה גולד 200 גרם,גרמים,200.00,100 גרם,false,,45.90,22.9500,true,1,19531
7613036387798,false,פיטנס דגנים מלאים ואורז פתיתים ויוגורט 350ג',סי. פי. צרפת,FR,דגני פיטנס יוגורט נס,גרמים,375.00,100 גרם,false,,19.90,5.3067,true,1,19532
7613036520492,false,פרפקטו רוטב עגבניות לפיצה 400 גרם,ביוטוני ספרד,ES,פרפקטו רוטב עגבניות,גרמים,400.00,100 גרם,false,,9.90,2.4750,true,1,19534
7613036576734,false,קרטיב חמשושים חדש נסטלה 60 גר,פרונרי איבריה ס.ל,ES,חמשושים פרווה 60 גרם,גרמים,60.00,100 גרם,false,,7.50,12.5000,true,1,16254
7613036710879,false,קיט קט ציאנקי מיני 194 גרם,,DE,קיט קט צ'אנקי מיני 1,גרמים,194.00,100 גרם,false,,10.00,5.1546,true,1,42081
7613036737623,false,דגני בוקר קראנץ מקס,,FR,דגני בוקר קראנץ מקס,גרמים,410.00,100 גרם,false,,24.90,6.0732,true,1,19537
7613036880534,false,גרבר מחית ירקות מעורבים מטרנה 190 גר',נסטלה פולסקה אס.איי,PL,גרבר מחית מרק ירקות,גרמים,190.00,100 גרם,false,,5.90,3.1053,true,1,19542
7613037012095,false,פיטנס - גרנולה שוקולד קינואה ושקדים 300 גרם,,,פיטנס גרנולה שוקולד,גרמים,300.00,100 גרם,false,,14.90,4.9667,true,1,19549
7613037012200,false,גרבר - מחית תפוח מנגו גזר פאוץ 90 גרם,כלורוקס אוקלנד,ES,פאוץ' גרבר מחית בטעם,גרמים,90.00,100 גרם,false,,5.90,6.5556,true,1,19550
7613037204889,false,סטארבקס - פולי קפה אספרסו 450 גרם,,PT,סטארבקס פולי קפה אספ,גרמים,450.00,100 גרם,false,,49.90,11.0889,true,1,168398
7613037276091,false,נסטלה מיקס מיני אריזות דגני בוקר 200 גרם,SPI SAS,FR,מיקס מיני אריזות דגנ,גרמים,200.00,100 גרם,false,,16.90,8.4500,true,1,19555
7613037686906,false,פיטנס - דגני בוקר שקדים ודבש 355 גרם,הנסיך- מפעל לייצור ט,FR,פיטנס שקדים ודבש נסט,גרמים,355.00,100 גרם,false,,19.90,5.6056,true,1,19556
7613038268262,false,האני נאט ציריוס מופחת סוכר 410 גרם,סי. פי. צרפת,FR,האני נאט ציריוס מופח,גרמים,410.00,100 גרם,false,,19.90,4.8537,true,1,19558
7613038451954,false,דגני בוקר שוקולד מופחת סוכר 410 ג' קראנץ',סי. פי. צרפת,FR,קראנץ שוקולד מופחת ס,גרמים,410.00,100 גרם,false,,19.90,4.8537,true,1,19559
7613039547632,false,גרבר מחית תפוח בננה תות פאוץ' 90 גר',שוורצקוף& הנקל דיסלד,ES,פאוץ' גרבר מחית תפוח,גרמים,90.00,100 גרם,false,,5.90,6.5556,true,1,110799
7613039547731,false,גרבר מחית תפוח תפוח משמש פאוץ 16*90,כלורוקס אוקלנד,IL,פאוץ' גרבר מחית תפוח,גרמים,90.00,100 גרם,false,,5.90,6.5556,true,1,110814
7613039547922,false,גרבר מחית תפוח בננה אגס פאוץ' 90 גר',,ES,פאוץ' גרבר מחית תפוח,גרמים,90.00,100 גרם,false,,5.90,6.5556,true,1,110800
7613287121783,false,סמארטיס מיני 16*187 גרם,,DE,סמרטיס מיני 187 גרם,גרמים,187.00,100 גרם,false,,10.00,5.3476,true,1,508044
7613287155832,false,מטרנה מחית תפוח פאוץ' 90 גר',כלורוקס אוקלנד,IL,מחית תפוח פאוץ גרבר,גרמים,90.00,100 גרם,false,,5.90,6.5556,true,1,142003
7613287155863,false,מטרנה מחית אגס פאוץ' 90 גר',,ES,מחית בטעם אגס פאוץ ג,גרמים,90.00,100 גרם,false,,5.90,6.5556,true,1,141990
7613287155894,false,"גרבר - מחית אפרסק כל""פ פאוץ 90 גרם",,,מחית אפרסק גרבר פאוץ,גרמים,90.00,100 גרם,false,,5.90,6.5556,true,1,140286
7613287181411,false,מחית סלט פירות ויטמינצ'יק 110 ג',"טרופיקל דגיל בע""מ אז",IL,פאוץ סלט פירות ויטמי,גרמים,110.00,100 גרם,false,,4.90,4.4545,true,1,207973
7613287182357,false,מחית אגס תפוח ופירות יער ויטמינצ'יק 110 ג',,IL,פאוץ אגס תפוח ופירות,גרמים,110.00,100 גרם,false,,4.90,4.4545,true,1,207975
7613287182425,false,מחית בננה תפוח ותות ויטמינצ'יק 110 ג',"טרופיקל דגיל בע""מ אז",IL,פאוץ תפוח בננה ותות,גרמים,110.00,100 גרם,false,,4.90,4.4545,true,1,207976
7613287182456,false,מחית אגס תפוח בננה ויטמינצ'יק 110 ג',"נסטלה ספרד ס.א, מפעל",ES,פאוץ אגס תפוח בננה ו,גרמים,110.00,100 גרם,false,,4.90,4.4545,true,1,207977
7613287325808,false,אוסם - דיפ אנד ספרד מטבל איולי שום 295 גרם,נסטלה פולין,PL,רוטב איולי שום לחיץ,גרמים,295.00,100 גרם,false,,14.90,5.0508,true,1,251556
7613287325822,false,אוסם - דיפ אנד ספרד מטבל מיקס 295 גרם,אסם,PL,רוטב מיקס לחיץ אסם 2,גרמים,295.00,100 גרם,false,,14.90,5.0508,true,1,251528
7613287325853,false,אוסם - דיפ אנד ספרד מטבל איולי ספייסי 295 גרם,נסטלה פולין,PL,רוטב ספייסי איולי לח,גרמים,295.00,100 גרם,false,,14.90,5.0508,true,1,251542
7613287325952,false,אוסם - דיפ אנד ספרד מטבל ברבקיו 345 גרם,דפטונה פולין,PL,רוטב ברביקיו לחיץ אס,גרמים,345.00,100 גרם,false,,14.90,4.3188,true,1,251499
7613287394323,false,אסם מולטי צ'יריוס 14*600 גרם 2021,CPU,GB,מולטי צ'יריוס 100% ד,גרמים,600.00,100 גרם,false,,20.90,3.4833,true,1,179526
7613287476494,false,אוסם - דיפ אנד ספרד מיונז בסגנון צרפתי 280 גרם,נסטלה פולין,PL,מיונז לחיץ אסם 280 ג,גרמים,280.00,100 גרם,false,,14.90,5.3214,true,1,251514
7613287476678,false,דגני בוקר סינימיניס צ'ורוס נסטלה 360 ג',נסטלה אוונקה,PT,סינימיניס צ'ורוס 360,גרמים,360.00,100 גרם,false,,24.90,6.9167,true,1,192689
7613287525789,false,"שישיית פרייה מים מוגזים 500 מ""ל",,,"פרייה מים 500 מ""ל שי",ליטרים,3.00,ליטר,false,,25.90,8.6333,true,1,242476
7622010001858,false,אוראו ממולאות קרם וניל באטמן 176 גרם,פי אר ג'יי אס אי מנד,UA,עוגיות אוראו סנדביץ,גרמים,176.00,100 גרם,false,,8.90,5.0568,true,1,5130
7622201137052,false,אוראו מיני קוקיס - עוגיות שוקולד צ'יפס ותחתית מצופה שוקולד חלב,מונדלז אספנה גלטאס פ,ES,מיני קוקיז מילקה 110,גרמים,110.00,100 גרם,false,,7.90,7.1818,true,1,251298
7622201139278,false,גבינת שמנת 27% שומן 150 ג' פילדלפיה,מונדלייז,ES,פילדלפיה גבינת שמנת,גרמים,150.00,100 גרם,false,,11.90,7.9333,true,1,17216
7622201502515,false,מילקה - עוגיות קוקי לופ 132 גרם,גיורי קייקס קייאפטי,HU,קוקי לופ מילקה 132 ג,גרמים,110.00,100 גרם,false,,12.90,11.7273,true,1,251391
7622201798154,false,גבינת פילדלפיה שמנת לייט 150 גרם,,,פילדלפיה גבינת שמנת,גרמים,150.00,100 גרם,false,,11.90,7.9333,true,1,231745
7622201801809,false,מילקה- שוק' חלב עם אגוזים 100 גר' חדש,מנדלז דויצ'לנד סנקס,DE,מילקה שוקוד חלב עם א,גרמים,100.00,100 גרם,false,,6.90,6.9000,true,1,198709
7622201802363,false,שוקולד מילקה טבלה חלב צימוקים ואגוזים 100ג',מנדלז דויצ'לנד סנקס,DE,מילקה שוקולד חלב עם,גרמים,100.00,100 גרם,false,,6.90,6.9000,true,1,198695
7622201802394,false,שוקולד מילקה חלב מסרונים 100 גרם,מנדלז דויצ'לנד סנקס,DE,מילקה שוקולד חלב 100,גרמים,100.00,100 גרם,false,,6.90,6.9000,true,1,198681
7622201808631,false,אוראו מיני כוסות בטעם וניל 67 גרם,פי.טי. מונדלז אינדונ,ID,אוראו מיני כוסות בטע,גרמים,67.00,100 גרם,false,,7.90,11.7910,true,1,206061
7622201809188,false,ביסקוויט מילקה 150 גרם,מונדלז פרנס ביסקוויט,FR,מילקה ביסקויט 150 גר,גרמים,150.00,100 גרם,false,,10.90,7.2667,true,1,191448
7622201813390,false,עוגיות מילקה וואפל במילוי קרם קקאו 150 ג,מונדליז סי.אר. ביסקו,,מילקה וואפל במילוי ק,גרמים,150.00,100 גרם,false,,10.90,7.2667,true,1,181416
7622201819552,false,שוקולד מילקה דרק 85 גרם,מונדלז דויטשלנד סנאק,DE,מילקה דארק 85 גרם,גרמים,85.00,100 גרם,false,,7.90,9.2941,true,1,241674
7622210137234,false,עוגיות אוראו עם דאבל קרים וניל 170 גר,,,עוגיות סנדביץ אוראו,גרמים,170.00,100 גרם,false,,8.90,5.2353,true,1,5134
7622210464729,false,"עוגיות אוראו גולדן, 154 גרם",,UA,עוגיות אוראו גולדן 1,גרמים,154.00,100 גרם,false,,7.90,5.1299,true,1,5140
7622300270506,false,מילקה גריינס - עוגיות שיבולת שועל מצופות שוקולד 168 ג',מונדלז פולסקה פרודקש,PL,מילקה גריינס עוגיות,גרמים,168.00,100 גרם,false,,10.90,6.4881,true,1,5158
7622300489427,false,עוגיות אוראו בציפוי שוקולד לבן 246 גרם,מנדלז אספנה גאלטס פר,ES,אוראו פאג שוקולד לבן,גרמים,246.00,100 גרם,false,,15.90,6.4634,true,1,5163
7622300489434,false,"עוגיות אוראו פאדג' בציפוי שוקולד חלב, 246 גרם",מנדלז אספנה גאלטס פר,ES,אוראו פאג שוקולד חלב,גרמים,246.00,100 גרם,false,,15.90,6.4634,true,1,5164
7622300503079,false,מילקה מוו - ביסקוויט מצופה שוקולד חלב 200 ג',מונדלז פולסקה פרודקש,PL,מילקה מוו - ביסקוויט,גרמים,200.00,100 גרם,false,,10.90,5.4500,true,1,5167
7630477891592,false,סטארבקס - קפסולות האוס בלנד 57 גרם * 10,נסטלה נספרסו,CH,קפסולות האוס בלנד סט,גרמים,57.00,100 גרם,false,,21.90,38.4211,true,1,116595
7690589856667,false,נייס שבלולים לשיער,,,נייס שבלולים לשיער,יחידה,0.00,יחידה,false,,12.90,0.0000,true,1,33954
7702018321582,false,"גילט דאו סטיק מתקדם 45 מ""ל CW",,,דאודורנט סטיק מתקדם,מיליליטרים,50.00,"100 מ""ל",false,,21.90,43.8000,true,1,27329
7702018471423,false,סכיני גילוח גילט פיוזן רביעייה,פרןקטר אנד גמבל ברלי,PL,ג'ילט פיוז'ן רביעיות,יחידה,0.00,יחידה,false,,44.90,0.0000,true,1,77254
7702018980833,false,"ג'ילט ג'ל גילוח סירייס מועשר בלחות - 200 מ""ל",ג'ילט,,ג'ל גילוח סירייס מעו,מיליליטרים,200.00,"100 מ""ל",false,,14.90,7.4500,true,1,27384
7702024074625,false,פיטנס - חטיפי קרקר חיטה מלאה 234 גרם,קומסטיבלס לה רוזה אס,CO,פיטנס חטיפי קרקר חיט,גרמים,234.00,100 גרם,false,,11.90,5.0855,true,1,19563
7702174066631,false,לקקן יוגטה פין פופ במילוי מסטיק 170 גר,הדקלאים אגודת שיתופי,CO,יוגטה פינפופ לקקן 10,גרמים,180.00,100 גרם,false,,7.90,4.3889,true,1,42084
7702174068833,false,לקקן יוגטה טעם גלידה בשקית 12 יח 204 גר,אלדור,CO,'לקקן יוגטה אייס קרי,גרמים,216.00,100 גרם,false,,9.90,4.5833,true,1,42088
7702174070201,false,לקקן יוגטה מג'יק 12 יח' בשקית 216ג',אלדור,CO,לקקן בטעם מסטיק ממול,גרמים,216.00,100 גרם,false,,9.90,4.5833,true,1,42089
7702174073783,false,לקקן יוגטה פין פופ 10 יח בטעם קולה 170 ג,הדקלאים אגודת שיתופי,CO,לקקן פינפופ קולה 10,גרמים,180.00,100 גרם,false,,7.90,4.3889,true,1,42090
7750526001786,false,אינקה ציפס ירוקות שורש אוריגינל 142גר,קרופס אס. א,US,INKA CHIPS חטיף צ'יפ,גרמים,142.00,100 גרם,false,,14.90,10.4930,true,1,187107
7790580315986,false,סוכריות ממולאות תות 453ג' מהדרין,,AR,סוכריות ממולאות תות,גרמים,470.00,100 גרם,false,,14.90,3.1702,true,1,13318
7790580412654,false,בון בון צהוב 270 גרם,,,בון בון צהוב 270 גרם,גרמים,270.00,100 גרם,false,,18.90,7.0000,true,1,13327
7791875005353,false,ריבת חלב הוואנה דוצה דה לצה 450 גרם,,IL,הוואנה ריבת חלב 450,גרמים,450.00,100 גרם,false,,19.90,4.4222,true,1,316386
7792860006218,false,1X48X24G בייבי דול רביעיה,גוד פוד פרודקטס S.p,AR,בייבי דול לקקן 20גר,גרמים,24.00,100 גרם,false,,2.50,10.4167,true,1,13847
7800601801029,false,פלסטרים שקופים 100 יח',,,פלסטרים 100 יח' - לי,יחידה,0.00,יחידה,false,,7.90,0.0000,true,1,103060
7800601801098,false,נר הבדלה דקורטיבי פמוט,,,נר הבדלה דקורטיבי פמ,יחידה,0.00,יחידה,false,,16.90,0.0000,true,1,13336
7800601801159,false,סביבון מכני אורות ברשת,,,סביבון מכני אורות בר,יחידה,0.00,יחידה,false,,9.90,0.0000,true,1,13339
7800601801180,false,"רשת למנגל 34*22 ס""מ",,,"רשת למנגל 34*22 ס""מ",יחידה,0.00,יחידה,false,,14.90,0.0000,true,1,95185
7804414000860,false,דון חוליו קברנה סובנ,,,דון חוליו קברנה סובנ,מיליליטרים,750.00,"100 מ""ל",false,,28.90,3.8533,true,1,7368
7891024027998,false,קולגייט מי פה טוטל כחול פפרמינט 500 מל,,,קולגייט מי פה טוטל ס,מיליליטרים,500.00,"100 מ""ל",false,,30.90,6.1800,true,1,509083
7892021529010,false,בלוני יצירה 20 יחידות+ משאבה,,,בלוני ניפוח יצירה +,יחידה,0.00,יחידה,false,,9.90,0.0000,true,1,319513
7897654496197,true,חנוכייה מתכת,,,חנוכייה מתכת,יחידה,0.00,יחידה,false,,19.90,0.0000,true,1,235953
7898690150791,false,סט כלים למנגל,,,סט כלים למנגל,יחידה,0.00,יחידה,false,,8.90,0.0000,true,1,235954
7900250001006,false,NICE אביזרי שיער,,,אביזרי שיער,יחידה,0.00,יחידה,false,,15.90,0.0000,true,1,33955
8000020000365,false,"וורמוט צינזנו ביאנקו 750 מ""ל",דויד קמפרי,IT,וורמוט צינזנו ביאנקו,מיליליטרים,750.00,"100 מ""ל",false,,34.90,4.6533,true,1,51416
8000070003774,false,קפסולות אספרסו לוואצה אינטנסו 13 16 יח,,,קפסולת LAVAZZA INTEN,גרמים,120.00,100 גרם,false,,29.90,24.9167,true,1,548392
8000070003811,false,קפסולות אספרסו לוואצה פסיונלה 11 16 יח,,,קפסולת LAVAZZA PASSI,גרמים,120.00,100 גרם,false,,29.90,24.9167,true,1,548394
8000215202413,false,מעדן אורז בטעם וניל אורגני 400 גרם,אלינור,IT,מעדן אורז אורגני וני,גרמים,400.00,100 גרם,false,,17.90,4.4750,true,1,114182
8000215204240,false,משקה שקדים ואורז - אורגני 1 ליטר,בטר אנד דיפרנט,IT,משקה שקדים ואורז אור,ליטרים,1.00,ליטר,false,,14.90,14.9000,true,1,113678
8000215204653,false,ויטסי - משקה סויה או,בטר אנד דיפרנט,IT,משקה סויה 1 ליטר -,ליטרים,1.00,ליטר,false,,13.50,13.5000,true,1,113665
8000215204677,false,משקה ש.שועל בריסטה אורגני 1 ליטר ויטריז,בטר אנד דיפרנט,IT,משקה שיבולת שועל אור,ליטרים,1.00,ליטר,false,,14.90,14.9000,true,1,337180
8000215204714,false,משקה שיבולת שועל אורגני 1 ליטר PRIMAVENA,בטר אנד דיפרנט,IT,משקה שיבולת שועל אור,ליטרים,1.00,ליטר,false,,14.90,14.9000,true,1,113681
8000380003723,false,גרנד פטיסרי עוגיות וופל אגוזים 100ג',קריניציה ויטמינה אס,IT,גרנד פטיסרי ופל אגוז,גרמים,100.00,100 גרם,false,,11.90,11.9000,true,1,12842
8000380003761,false,וופל גרנדה פטיסרי קוקוס שוקולד 100ג',קריניציה ויטמינה אס,IT,גרנד פטיסרי ופל קוקו,גרמים,100.00,100 גרם,false,,11.90,11.9000,true,1,12844
8000380004676,false,וופל לואקר קוביות וניל 200ג',"א. לואקר, קונפקט ג'י",AT,לואקר וופל קרם וניל,גרמים,200.00,100 גרם,false,,12.90,6.4500,true,1,12848
8000380004911,false,וופל קוארדטיני לואקר קוביות אגוז 250ג'',קריניציה ויטמינה אס,AT,וופל קואדרטיני אגוז,גרמים,250.00,100 גרם,false,,13.90,5.5600,true,1,12850
8000380004966,false,וופל קוארדטיני לואקר קוביות שוקולד 250ג',קריניציה ויטמינה אס,AT,וופל קואדרטיני קקאו,גרמים,250.00,100 גרם,false,,13.90,5.5600,true,1,12853
8000380007219,false,וופל לואקר אגוז קלאסי 175ג',א. לואקר,AT,וופל לואקר אגוז 175,גרמים,175.00,100 גרם,false,,10.50,6.0000,true,1,12859
8000380007257,false,וופל גרנדה מצופה שוקולד 200ג',קריניציה ויטמינה אס,IT,.וופל מצופה שוקולד ג,גרמים,200.00,100 גרם,false,,13.90,6.9500,true,1,12861
8000380007264,false,וופל לואקר קקאו 175 גרם,קריניציה ויטמינה אס,AT,וופל לואקר קקאו 175,גרמים,175.00,100 גרם,false,,10.50,6.0000,true,1,12862
8000380007271,false,וופל לואקר קרם חלב 175ג',,IT,וופל לואקר חלב 175 ג,גרמים,175.00,100 גרם,false,,10.50,6.0000,true,1,12863
8000380142484,false,וופל קוארדטיני לואקר קוביות שוקו' מריר 250ג'',"אינסטנטה בע""מ",AT,וופל קואדרטיני שוקול,גרמים,250.00,100 גרם,false,,13.90,5.5600,true,1,12866
8000380144044,false,וופל גרדנה לואקר שוקולד 200ג',"א. לואקר , AG/SpA, ו",IT,וופל גרדנה שוקולד 20,גרמים,200.00,100 גרם,false,,13.90,6.9500,true,1,12868
8000380180745,false,לואקר קוביות וופל קקאו עם קרם חלבי 250 ג,"א. לואקר, קונפקט ג'י",AT,וופל קואדרטיני לואקר,גרמים,250.00,100 גרם,false,,13.90,5.5600,true,1,12892
8000380187119,false,עוגיות במילוי קרם אגוזי לוז לואקר 100 גר,לואקר,AT,עוגיות לואקר אגוזי ל,גרמים,100.00,100 גרם,false,,13.90,13.9000,true,1,110004
8000380187249,false,עוגיות במילוי קרם שקדים לואקר 100 גר,לואקר,AT,עוגיות לואקר שקדים 1,גרמים,100.00,100 גרם,false,,13.90,13.9000,true,1,110005
8000380187300,false,עוגיות חמאה עם שוקולד חלב לואקר 120 גר,לואקר,AT,עוגיות לואקר פתיתי ש,גרמים,120.00,100 גרם,false,,13.90,11.5833,true,1,110006
8000380192243,false,וופלים לואקר מקסי בטעם אגוז 200 גר',,,וופל לואקר מקסי אגוז,גרמים,200.00,100 גרם,false,,12.90,6.4500,true,1,12901
8000380201396,false,שוקולד חלב ממולא קרם קרמל ועלי וופל פריכ,,,טורטינה קרמל לואקר 1,גרמים,125.00,100 גרם,false,,16.90,13.5200,true,1,341823
8000380206896,false,וופל לואקר גרדנה חמאת בוטנים 200 גר,,IT,לואקר גרדנה חמאת בוט,גרמים,200.00,100 גרם,false,,13.90,6.9500,true,1,514460
8000500023624,false,שוקולד הפי היפו חטיף קינדר מארז 20.5X5ג',קדבורי,DE,הפי היפו 5*20ג,גרמים,102.00,100 גרם,false,,12.90,12.6471,true,1,41472
8000500023976,false,בונבוניירה רפאלו 150 גרם,פררו,PL,בונבוניירת רפאלו 150,גרמים,150.00,100 גרם,false,,15.90,10.6000,true,1,41473
8000500026731,false,שוקולד ביצי הפתעה קינדר שלישייה,קדבורי,IT,קינדר ביצי שוקולד 3*,גרמים,60.00,100 גרם,false,,15.90,26.5000,true,1,41474
8000500028124,false,"קינדר ג'וי, שלישיה 3 * 20 גרם",,ZA,קינדר ג'וי 3*20 גרם,גרמים,60.00,100 גרם,false,,15.90,26.5000,true,1,586632
8000500029350,false,קינדר בואנו חטיף מארז שלישייה 129ג',פררו,IT,קינדר בואנו 3*43 גרם,גרמים,129.00,100 גרם,false,,10.90,8.4496,true,1,41475
8000500032237,false,בונבוניירה פררו רושר 375 גר,קדבורי,IT,רושר 375 גרם,גרמים,375.00,100 גרם,false,,45.90,12.2400,true,1,41476
8000500037874,false,בונבוניירה פררו רושה 200 גרם,פררו,IT,בונבוניירת רושר 200ג,גרמים,200.00,100 גרם,false,,27.90,13.9500,true,1,41478
8000500071083,false,שוקולד אצבעות קינדר חלב 200 ג',קדבורי,IT,קינדר אצבעות שוקולד,גרמים,200.00,100 גרם,false,,12.90,6.4500,true,1,41480
8000500094976,false,"בונבוניירה פררו רושר רושה קונוס, 212 גרם T17X4",פררו,IT,פררו רושר קונוס 212.,גרמים,212.00,100 גרם,false,,40.90,19.2925,true,1,41482
8000500121436,false,קינדר בואנו לבן חטיף מארז שלישייה 129ג',פררו,IT,קינדר בואנו לבן 3*43,גרמים,117.00,100 גרם,false,,10.90,9.3162,true,1,41484
8000500227848,false,נוטלה - בי רדי אצבעות ביסקוויט במילוי שוקולד 6 יח' * 22 גרם,,IT,'וופל מלוח במילוי ממ,גרמים,132.00,100 גרם,false,,12.90,9.7727,true,1,41499
8000500249352,false,קינדר בואנו מיני מיקס שקית 205 ג',קדבורי,PL,קינדר בואנו מיני מיק,יחידה,0.00,יחידה,false,,19.90,0.0000,true,1,41507
8000500256213,false,קינדר שוקולד מיני 120 גרם,קדבורי,IT,פרר-קינדר שוקולד מינ,גרמים,120.00,100 גרם,false,,10.90,9.0833,true,1,41509
8000500267103,false,קינדר דליס שוקול' אישי מארז 10 יח' 420 גר',,IT,פררו-קינדר דליס עשיר,יחידה,0.00,יחידה,false,,19.90,0.0000,true,1,41513
8000500269169,false,קינדר קארדס חמישייה 128 גרם,פררו,IT,קינדר קארדס 128 גרם,גרמים,128.00,100 גרם,false,,12.90,10.0781,true,1,120687
8000500294345,false,רושר איש שלג שוקולד חלב ואגוזי לוז 90 גר,,PL,פררו איש שלג 90 גרם,גרמים,90.00,100 גרם,false,,14.90,16.5556,true,1,36763
8000500310397,true,ביסקוויטים במילוי נו,,,ביסקוויטים במילוי נו,גרמים,166.00,100 גרם,false,,14.90,8.9759,true,1,588836
8000500353738,false,רביעיה סוכריות בטעם מנטה חזק 4 * 16 ג' טחק טק,,ZA,טיק טק בטעם מנטה חזק,גרמים,64.00,100 גרם,false,,11.50,17.9688,true,1,486509
8000500360262,false,"קינדר ""חנוכיה"" 135 גרם",,PL,קינדר חנוכיה 135 גרם,גרמים,135.00,100 גרם,false,,17.90,13.2593,true,1,110147
8000500366073,true,ביסקוויטים במילוי נו,,,ביסקוויטים במילוי נו,גרמים,276.00,100 גרם,false,,21.90,7.9348,true,1,588821
8000500374429,false,בונבוניירה פררו גרנד רושר 125 גר,פררו,IT,גרנד פררו רושר 125,גרמים,125.00,100 גרם,false,,15.90,12.7200,true,1,189040
8000798000925,false,מטאטא רך שיער איטלקי עבה,,,מטאטא יהלום,יחידה,0.00,יחידה,false,,12.90,0.0000,true,1,13603
8001003100164,false,יוגטה סוכריות גילי בטעם פירות 450 גר,,,יוגטה סוכריות ג'לי פ,גרמים,450.00,100 גרם,false,,9.90,2.2000,true,1,42105
8001003202028,false,יוגטה סוכריות גלי בטעם מנטה 80גר,,,סוכריות ג'לי בטעם מנ,גרמים,80.00,100 גרם,false,,4.90,6.1250,true,1,490333
8001003202035,false,יוגטה סוכריות ג'לי בטעם פירות 80 ג',,,סוכריות ג'לי בטעם פי,גרמים,80.00,100 גרם,false,,4.90,6.1250,true,1,490334
8001090222725,false,"הרבל אסנסס - שמפו שמן מורינגה 400 מ""ל",,FR,שמפו שמן מורינגה הרב,מיליליטרים,400.00,"100 מ""ל",false,,14.90,3.7250,true,1,27408
8001090222756,false,"הרבל אסנסס - מרכך שמן מורינגה 400 מ""ל",,FR,מרכך שמן מורינגה הרב,מיליליטרים,400.00,"100 מ""ל",false,,14.90,3.7250,true,1,27409
8001090222848,false,"הרבל אסנסס - שמפו שיקום שמן ארגן 400 מ""ל",,FR,שמפו שיקום שמן ארגן,מיליליטרים,400.00,"100 מ""ל",false,,14.90,3.7250,true,1,27410
8001090290830,false,"משחת שיניים אורל בי 3D white פנינה בוהקת 75 מ""ל",,,אורל בי – משחה 3D W,מיליליטרים,75.00,"100 מ""ל",false,,22.90,30.5333,true,1,196281
8001090336491,false,טיטולי פמפרס בייבי דריי מידה 4+ 31 יח',פרוקטר אנד גמבל,DE,פמפרס בייבי דריי מיד,יחידה,0.00,יחידה,false,,31.90,0.0000,true,1,27416
8001090336606,false,טיטולי פמפרס בייבי דריי מידה 6 26 יח',פרוקטר אנד גמבל,DE,פמפרס בייבי דריי מיד,יחידה,0.00,יחידה,false,,31.90,0.0000,true,1,27418
8001090364159,false,"משחת שיניים אורל בי G&E רעננות מוגברת 75 מ""ל",,,אורל בי משחה G&E - ר,מיליליטרים,75.00,"100 מ""ל",false,,15.90,21.2000,true,1,196223
8001090379337,false,פמפרס פרימיום חיתולי VP מידה 3 40 יח',פרוקטר & גמבל,DE,חיתולי פמפרס פרימיום,יחידה,0.00,יחידה,false,,31.90,0.0000,true,1,27427
8001090458322,false,"פיירי ורדים ומשי 1015 מ""ל",,,פיירי ורדים ומשי 101,ליטרים,1.01,ליטר,false,,13.90,13.7624,true,1,27430
8001090493637,false,"הד אנד שולדרס שמפו אולטרא טוטאל קר 450 מ""ל",,,שמפו אולטרא טוטאל קר,מיליליטרים,450.00,"100 מ""ל",false,,18.90,4.2000,true,1,27440
8001090678614,false,"שמפו סופרים לחות הד אנד שולדרס 400 מ""ל",,FR,שמפו שולדרס סופרים ל,מיליליטרים,400.00,"100 מ""ל",false,,19.90,4.9750,true,1,27450
8001090748638,false,מרכך כביסה לנור מרוכז קיס 1 ל,,SA,לנור מרכך מרוכז קיס,ליטרים,1.00,ליטר,false,,22.90,22.9000,true,1,27462
8001090832450,false,"שמפו פנטן הנוסחה הקלאסית 660 מ""ל",,,שמפו הנוסחה הקלאסית,מיליליטרים,660.00,"100 מ""ל",false,,19.90,3.0152,true,1,69692
8001090832535,false,"שמפו פנטן שמן מרוקאי משקם 660 מ""ל",,,שמפו שמן מרוקאי משקם,מיליליטרים,660.00,"100 מ""ל",false,,19.90,3.0152,true,1,69693
8001090832818,false,"קונדישנר פנטן הנוסחה הקלאסית 660 מ""ל",,,מרכך נוסחה קלאסית פנ,מיליליטרים,660.00,"100 מ""ל",false,,19.90,3.0152,true,1,69695
8001090832856,false,"קונדישנר פנטן מרוקאי משקם 660 מ""ל",,,מרכך שמן מרוקאי משקם,מיליליטרים,660.00,"100 מ""ל",false,,19.90,3.0152,true,1,69696
8001100059259,false,שקיות וופל ריבועי פלוקו עם מילוי קרם אגוזי לוז 250 ג',,,וואפל קוביות BALOCCO,גרמים,250.00,100 גרם,false,,12.90,5.1600,true,1,146116
8001100067964,false,שקיות וופל פלוקו וניל ריבועים 125 ג',,,וואפל קוביות BALOCCO,גרמים,125.00,100 גרם,false,,9.90,7.9200,true,1,146135
8001841053806,false,אולוויז תחבושת מקסי עבה לילה 9 יחידות,,,תחבושות עבה לילה אול,יחידה,0.00,יחידה,false,,12.90,0.0000,true,1,27511
8001841104799,false,פמפרס פרימיום חיתולי VP מידה 2 46 יח',פרוקטר אנד גמבל,TR,חיתולי פמפרס פרימיום,יחידה,0.00,יחידה,false,,31.90,0.0000,true,1,27514
8001841470252,false,נוזל ניקוי כלים פייר,,,נוזל ניקוי כלים פייר,מיליליטרים,500.00,"100 מ""ל",false,,9.90,1.9800,true,1,577860
8001841470290,false,נוזל ניקוי כלים פייר,,,נוזל ניקוי כלים פייר,מיליליטרים,750.00,"100 מ""ל",false,,13.90,1.8533,true,1,577816
8001841625188,false,"נוזל כלים פיירי פלטינום לימון 515 מ""ל",פרוקטר אנד גמבל,GB,פיירי נוזל כלים פלטי,מיליליטרים,515.00,"100 מ""ל",false,,9.90,1.9223,true,1,74622
8001841625362,false,"נוזל כלים בניחוח לימון פלטינום 780 מ""ל פיירי",,GB,פיירי נוזל כלים פלטי,מיליליטרים,780.00,"100 מ""ל",false,,12.90,1.6538,true,1,449540
8001841625461,false,"נוזל כלים פיירי פלטינום אורגינל 515 מ""ל",פרוקטר אנד גמבל,GB,פיירי נוזל כלים פלטי,מיליליטרים,515.00,"100 מ""ל",false,,9.90,1.9223,true,1,74624
8001841625508,false,נוזל כלים פיירי פלטינום אורגינל 1.05 ליטר,פרוקטר אנד גמבל,GB,פיירי נוזל כלים פלטי,ליטרים,1.01,ליטר,false,,13.90,13.7624,true,1,74625
8001841664903,false,"שמפו פאנטן 400 מ""ל",,,"שמפו פאנטן 400 מ""ל",מיליליטרים,400.00,"100 מ""ל",false,,14.90,3.7250,true,1,594541
8001841665139,false,"שמפו פאנטן 400 מ""ל",,,"שמפו פאנטן 400 מ""ל",מיליליטרים,400.00,"100 מ""ל",false,,14.90,3.7250,true,1,599752
8001841665290,false,פנטן שמפו נוסחה קלאסית לשיער רגיל 400 מל,,,"שמפו פאנטן 400 מ""ל",מיליליטרים,400.00,"100 מ""ל",false,,14.90,3.7250,true,1,599751
8001841665450,false,"שמפו פאנטן 400 מ""ל",,,"שמפו פאנטן 400 מ""ל",מיליליטרים,400.00,"100 מ""ל",false,,14.90,3.7250,true,1,594542
8001841665498,false,"שמפו פאנטן 400 מ""ל",,,"שמפו פאנטן 400 מ""ל",מיליליטרים,400.00,"100 מ""ל",false,,14.90,3.7250,true,1,594543
8001841715957,false,"הד&שולדרס - ג'ל רחצה ושמפו ניקוי אינטנסיבי 360 מ""ל","נארז ע""י : א.ג. גילר",FR,ג'ל רחצה ושמפו ניקוי,מיליליטרים,360.00,"100 מ""ל",false,,16.90,4.6944,true,1,233428
8001841716435,false,"הד אנד שולדרס ג'ל רחצה ושמפו לעור רגיש 360 מ""ל","נארז ע""י : א.ג. גילר",FR,ג'ל רחצה ושמפו לעור,מיליליטרים,360.00,"100 מ""ל",false,,16.90,4.6944,true,1,233430
8001841943961,false,לנור כדוריות הבושם אוקיינוס 210 גרם,,GB,לנור כדוריות הבושם ב,גרמים,210.00,100 גרם,false,,27.90,13.2857,true,1,106015
8001943549122,false,"צ'וקטה מטבעות שוקולד חלב, 40 גרם",,,צ`וקטה מטבעות שוקולד,גרמים,40.00,100 גרם,false,,3.90,9.7500,true,1,42111
8002110383709,false,נוטרוגינה ס.נורבגית ק.ידיים לא מבושם 50מל,,GR,נוטרוגינה קרם ידיים,מיליליטרים,50.00,"100 מ""ל",false,,24.90,49.8000,true,1,21886
8002450206003,false,ורדי ספרקלטיני רימון,"איי, בי, אינבוו",IT,ורדי ספרקלטיני רימון,מיליליטרים,750.00,"100 מ""ל",false,,24.90,3.3200,true,1,7392
8002450208007,false,ורדי ספרקלטיני גרין,,,ורדי ספרקלטיני גרין,מיליליטרים,750.00,"100 מ""ל",false,,24.90,3.3200,true,1,7397
8003130129506,false,חטיף ציפס 50 גרם CL,,,חטיף ציפס 50 גרם CL,גרמים,50.00,100 גרם,false,,5.90,11.8000,true,1,520680
8003130129544,false,חטיף ציפס 50 גרם,,,חטיף ציפס 50 גרם,גרמים,50.00,100 גרם,false,,5.90,11.8000,true,1,520681
8003340091280,false,בונבוניירה לינדור60% 200 גרם,לינדוט ושופרונגלי אי,IT,בונבוניירות לינדור 6,גרמים,200.00,100 גרם,false,,22.90,11.4500,true,1,13850
8003477500051,false,"פרימלוצ'י ספגטי מ""ס",,,"פרימלוצ'י ספגטי מ""ס",גרמים,500.00,100 גרם,false,,5.90,1.1800,true,1,555308
8003477500327,false,פרימלוצ'י קורנטי 500,,,פרימלוצ'י קורנטי 500,גרמים,500.00,100 גרם,false,,5.90,1.1800,true,1,555309
8003477500365,false,פרימלוצ'י קונקילייה,,,פרימלוצ'י קונקילייה,גרמים,500.00,100 גרם,false,,5.90,1.1800,true,1,555310
8003753158556,false,קפסולות אספרסו קלאסיקו 10 * 57 ג' אילי,ג'ייקובס דאו אגרבטס,FR,אילי קפסולות אספרסו,גרמים,57.00,100 גרם,false,,24.90,43.6842,true,1,367824
8003753158648,false,אילי קפסולות אספרסו אינטנסו 10 יח' 57 גר',ג'ייקובס דאו אגרבטס,FR,אילי קפסולות אספרסו,גרמים,57.00,100 גרם,false,,24.90,43.6842,true,1,367827
8003753900438,false,קפה לנדוור אילי אספרסו טחון 250 גרם,,,אילי אספרסו טחון בפח,גרמים,250.00,100 גרם,false,,41.90,16.7600,true,1,19567
8004030026018,false,"מקסיקני עם טונה ריו מרה אינסלטיסימי, 160 ג'","בולטון אלימנטרי בע""מ",IT,ריו מרה טונה עם שעוע,גרמים,160.00,100 גרם,false,,16.90,10.5625,true,1,21888
8004030044005,false,נתחי טונה בשמן זית ריו מרה 160 ג',"בולטון אלימנטרי בע""מ",IT,נתחי טונה בשמן זית ר,גרמים,160.00,100 גרם,false,,18.90,11.8125,true,1,21889
8004030344938,false,טונה בשמן זית ריו מרה שלישיה * 80 ג',"בולטון אלימנטרי בע""מ",IT,טונה בשמן זית ריו מר,גרמים,240.00,100 גרם,false,,27.90,11.6250,true,1,21896
8004030381681,false,טונה בשמן זית ריו מרה זוגות * 160 ג',,,טונה בשמן זית ריו מר,גרמים,320.00,100 גרם,false,,32.90,10.2812,true,1,21899
8004030860001,false,ירקות עם קוקוס וטונה ריו מרה אינסלטיסימי 160 ג',"בולטון אלימנטרי בע""מ",IT,קוסקוס וטונה ריו מרה,גרמים,160.00,100 גרם,false,,16.90,10.5625,true,1,21901
8004800005502,false,וופל מיני רול גלילי ופל במילוי קרם קקאו- 125 ג' לאגו,לגו גרופ ס.פ.א.,IT,לאגו מיני רול- גלילי,גרמים,125.00,100 גרם,false,,9.90,7.9200,true,1,559495
8005110060007,false,עגבניות מקולפות 400 גרם MUTTI,,,עגבניות MUTTI מקולפו,גרמים,400.00,100 גרם,false,,6.90,1.7250,true,1,51703
8005110170300,false,שלישיית עגבניות מרוסקות 400 גר MUTTI,Mutti,IT,עגבניות MUTTI מרוסקו,קילוגרמים,1.20,"ק""ג",false,,16.90,14.0833,true,1,51704
8005200256587,false,משקה תה בטעם אפרסק 1.5ל' NESTEA,מפעל סאנפלגרינו S.P.,IT,נסטי אפרסק 1.5 ליטר,ליטרים,1.50,ליטר,false,,8.90,5.9333,true,1,249201
8005200286584,false,משקה תה בטעם מנגו אננס 1.5 ל' NESTEA,מפעל סאנפלגרינו S.P.,IT,נסטי מנגו אננס 1.5 ל,ליטרים,1.50,ליטר,false,,8.90,5.9333,true,1,249202
8005803010661,false,אמור די פאן - שומשום 125 גרם,"הוסטה איטליה, ס.ר.ל.",IT,גריסיני עם שומשום 12,גרמים,125.00,100 גרם,false,,8.50,6.8000,true,1,12911
8006227001372,false,סמנצאטו לחם לבן שמן זית ללא קשה 400 גר,רו. מאר ס.ר.ל,IT,לחם מחמצת לבן עם שמן,גרמים,400.00,100 גרם,false,,18.90,4.7250,true,1,523514
8006227001389,false,סמנצאטו לחם מלא שמן זית ללא קשה 400 גר,רו. מאר ס.ר.ל,IT,לחם מחמצת קמח מלא עם,גרמים,400.00,100 גרם,false,,18.90,4.7250,true,1,523515
8006540091937,false,לנור כדוריות הבושם בניחוח אריאל 210 גרם,,GB,לנור כדוריות הבושם ב,גרמים,210.00,100 גרם,false,,27.90,13.2857,true,1,233629
8006540106709,false,אולוויז - מגן תחתון נורמל 58 יח',,,מגן תחתון מגה פק נור,יחידה,0.00,יחידה,false,,17.90,0.0000,true,1,575873
8006540112854,false,"מרכך כביסה מרוכז בניחוח סחלב לנור 900 מ""ל",,,לנור מרכך מרוכז בניח,מיליליטרים,900.00,"100 מ""ל",false,,15.90,1.7667,true,1,164025
8006540404850,false,תחבושות אולוויז דיסק,,,תחבושות אולוויז דיסק,יח',10.00,יח',false,,16.90,1.6900,true,1,546696
8006540404898,false,תחבושות אולוויז דיסק,,,תחבושות אולוויז דיסק,יח',8.00,יח',false,,16.90,2.1125,true,1,546697
8006540429327,false,"פיירי סבון כלים לימון 440 מ""ל",,,"פיירי לימון 440 מ""ל",מיליליטרים,440.00,"100 מ""ל",false,,10.90,2.4773,true,1,307846
8006540491539,false,"נוזל כלים פיירי פלטינום אוריגינל 780 מ""ל",,GB,פיירי נוזל כלים פלטי,מיליליטרים,780.00,"100 מ""ל",false,,12.90,1.6538,true,1,449444
8006540495216,false,"לנור מרכך כביסה מרוכז בניחוח אמאטיסט 900 מ""ל",,,לנור מרכך מרוכז בניח,מיליליטרים,900.00,"100 מ""ל",false,,15.90,1.7667,true,1,509350
8006540628737,false,שמפו הד שולדרס קלאסי,,,שמפו הד שולדרס קלאסי,מיליליטרים,350.00,"100 מ""ל",false,,16.90,4.8286,true,1,548601
8008245004861,true,ממרח אגוזי לוז עם חל,,,ממרח אגוזי לוז עם חל,גרמים,300.00,100 גרם,false,,14.90,4.9667,true,1,129763
8008912010072,false,ספגטי לינגוויני 500ג ליגורי,,,פסטה לינגוויני מספר,גרמים,500.00,100 גרם,false,,7.90,1.5800,true,1,490142
8008912010270,false,פסטה קסרצה מספר 27 LIGUORI,,,פסטה קסרצ'ה מספר 27,גרמים,500.00,100 גרם,false,,7.90,1.5800,true,1,490143
8008912010300,false,פסטה פרפלה ליגורי 500 גר',,,פסטה פרפלה מספר 30 -,גרמים,500.00,100 גרם,false,,7.90,1.5800,true,1,490144
8008912010317,false,פסטה פוזלי ליגורי 500 גר',,,פסטה פוזלי מספר 31 -,גרמים,500.00,100 גרם,false,,7.90,1.5800,true,1,490145
8008912010331,false,פסטה ניוקטי סרדי בצורת קונכיות LIGUORI,,,פסטה ניוקטי סרדי בצו,גרמים,500.00,100 גרם,false,,7.90,1.5800,true,1,566701
8008912010423,false,פסטה פנה ריגטה מספר 42 LIGUORI,,,פסטה פנה ריגטה מספר,גרמים,500.00,100 גרם,false,,7.90,1.5800,true,1,490146
8015997000911,false,מאריני בישקוטים 200 גרם,,,בישקוטים פריכים 200,גרמים,200.00,100 גרם,false,,6.90,3.4500,true,1,523711
8021228902442,false,רביולי ללג במילוי ביונד מיט 250 גרם,,GR,רביולי במילוי ביונד,גרמים,250.00,100 גרם,false,,24.90,9.9600,true,1,403998
8023788030610,false,שוקולד חלב 300 גרם,,,שוקולד חלב 300 גרם,גרמים,300.00,100 גרם,false,,17.90,5.9667,true,1,533060
8023788030627,false,שוקולד מריר מעולה 3,,,שוקולד מריר מעולה 3,גרמים,300.00,100 גרם,false,,17.90,5.9667,true,1,533045
8023788030634,false,שוקולד חלב עם שברי א,,,שוקולד חלב עם שברי א,גרמים,300.00,100 גרם,false,,17.90,5.9667,true,1,533061
8023788030658,false,עוגיות מלוחות בטעם ט,,,עוגיות מלוחות בטעם ט,גרמים,400.00,100 גרם,false,,12.90,3.2250,true,1,566420
8023788030665,false,עוגיות מלוחות בטעם ב,,,עוגיות מלוחות בטעם ב,גרמים,400.00,100 גרם,false,,12.90,3.2250,true,1,566421
8023788030689,false,עוגיות מלוחות בטעם ע,,,עוגיות מלוחות בטעם ע,גרמים,400.00,100 גרם,false,,12.90,3.2250,true,1,566718
8032573170035,false,יין מוסקטו טרה-סינה,יקב היוצר,,יין מוסקטו טרה סינה,מיליליטרים,750.00,"100 מ""ל",false,,37.90,5.0533,true,1,11937
8032880800243,false,מקלות אפויים עם ממרח+הפתעה,"הוסטה איטליה, ס.ר.ל.",IT,פיקניק הפתעה 50ג,גרמים,50.00,100 גרם,false,,6.70,13.4000,true,1,12916
8076800105735,false,"ברילה פנה ריגטה 1 ק""ג קופסה",,IT,פנה ריגטה בקופסה ברי,קילוגרמים,1.00,"ק""ג",false,,12.90,12.9000,true,1,531997
8076800105988,false,"ברילה פוזילי 1 ק""ג קופסה",,IT,פוזלי בקופסה ברילה 1,קילוגרמים,1.00,"ק""ג",false,,12.90,12.9000,true,1,532012
8076800195019,false,ברילה - צ.א ספגטי מס1 קפליני 500 גרם,ברילה גי.אי.אר פרטלי,IT,ספגטי קפליני מס' 1 ב,גרמים,500.00,100 גרם,false,,6.90,1.3800,true,1,21904
8076800195033,false,ברילה - צ.א ספגטיני מס3 חדש 500 גרם,ברילה גי.אי.אר פרטלי,IT,ספגטי מס' 3 ברילה 50,גרמים,500.00,100 גרם,false,,6.90,1.3800,true,1,21905
8076800195057,false,ברילה - צ.א ספגטי מס5 חדש 500 גרם,ברילה גי.אי.אר פרטלי,IT,ספגטיני מס' 5 ברילה,גרמים,500.00,100 גרם,false,,6.90,1.3800,true,1,21906
8076802085738,false,ברילה - צ.ק פנה רגטה חדש 500 גרם,ברילה גי.אי.אר פרטלי,IT,פנה רגטה מס' 73 בריל,גרמים,500.00,100 גרם,false,,6.90,1.3800,true,1,21911
8076802085981,false,ברילה - צ.ק פוזילי חדש 500 גרם,ברילה גי.אי.אר פרטלי,IT,פסטה פוזילי 98 ברילה,גרמים,500.00,100 גרם,false,,6.90,1.3800,true,1,21914
8076808050440,false,ברילה פסטה מקרוני מס 44 500 גר,,,פסטה מקרוני מס' 44 ב,גרמים,500.00,100 גרם,false,,6.90,1.3800,true,1,21915
8076808060654,false,ברילה - צ.ק פרפלה חדש 500 גרם,ברילה גי.אי.אר פרטלי,IT,פסטה פרפלה 65 ברילה,גרמים,500.00,100 גרם,false,,6.90,1.3800,true,1,21916
8076808070882,false,פסטה ברילה קנלוני מס'88 250ג',פאסטיפיקו ריגו אס.אר,IT,קנלוני ברילה 250 גרם,גרמים,250.00,100 גרם,false,,14.90,5.9600,true,1,21917
8076809501415,false,ברילה קנלוני/פנה 500 ג' מצה פנה טרקולור 500 גרם,,,ברילה פסטה פנה טריקו,גרמים,500.00,100 גרם,false,,14.90,2.9800,true,1,21919
8076809512268,false,ברילה - צ.ק גירנדולה חדש 500 גרם,ברילה גי.אי.אר פרטלי,IT,פסטה גירנדולה מס' 34,גרמים,500.00,100 גרם,false,,6.90,1.3800,true,1,21920
8076809513388,false,ברילה - רוטב ארביאטה 400 גרם,ברילה גי.אי.אר פרטלי,IT,ברילה רוטב ארביאטה 4,גרמים,400.00,100 גרם,false,,14.90,3.7250,true,1,21921
8076809513395,false,רוטב פסטה ברילה פורמודרו 400ג',ברילה גי.אי.אר פרטלי,IT,ברילה רוטב פורמודרו,גרמים,400.00,100 גרם,false,,14.90,3.7250,true,1,21922
8076809513654,false,בסיס רוטב עגבניות לבולונז 400 גרם ברילה,ברילה גי.אי.אר פרטלי,IT,ברילה רוטב עגבניות ל,גרמים,400.00,100 גרם,false,,14.90,3.7250,true,1,21924
8076809513692,false,רוטב עגבניות נפולטנה בתוספת ירקות,ברילה גי.אי.אר פרטלי,IT,ברילה רוטב נפוליטנה,גרמים,400.00,100 גרם,false,,14.90,3.7250,true,1,21925
8076809514774,false,ברילה איטריות ביצים פפרדלה 250ג',ברילה גי.אי.אר פרטלי,IT,ברילה פפרדלה ביצים 2,גרמים,250.00,100 גרם,false,,18.90,7.5600,true,1,21929
8076809523738,false,פסטה ברילה לזניה 500ג',ברילה גי.אי.אר פרטלי,IT,לזניה ברילה 500 גרם,גרמים,500.00,100 גרם,false,,23.90,4.7800,true,1,21935
8076809529433,false,ברילה פנטה רגטה מחיטה מלאה 500ג',"ש. שסטוביץ בע""מ",IT,פנה רגטה מחיטה מלאה,גרמים,500.00,100 גרם,false,,14.90,2.9800,true,1,21937
8076809545457,false,ברילה אטריות ללא גלוטן 400 ג' צינורות 400 ג',"ש. שסטוביץ בע""מ",IT,ברילה צינורות עבה קמ,גרמים,400.00,100 גרם,false,,14.90,3.7250,true,1,21941
8076809545464,false,ברילה פסטה ללא גלוטן צורת ספירלי 400 גר,מולינו אנדריאני אס.א,IT,ברילה ספירלי עב קמח,גרמים,400.00,100 גרם,false,,14.90,3.7250,true,1,21942
8076809578998,false,ברילה - צ.ק. סטלינה 500 גרם,,,פסטה סטלינה מס' 27,גרמים,500.00,100 גרם,false,,6.90,1.3800,true,1,167057
8152641568585,false,מטריה שקופה פיטרייה,,,מטריה שקופה פיטרייה,יחידה,0.00,יחידה,false,,22.00,0.0000,true,1,572961
8410076600622,false,חטיף נייטשר וואלי חטיף שבבי שוקולד מריר 42X5ג',ג'נרל מילס סאן אדריא,ES,חטיף קראנצי שבבי שוק,גרמים,210.00,100 גרם,false,,19.50,9.2857,true,1,12921
8410076610379,false,נייטשר ואלי פרוטאין בוטנים ושבבי שוקולד 160 ג',סריילטו ספיין פודס,ES,פרוטאין בוטנים ושבבי,גרמים,160.00,100 גרם,false,,22.90,14.3125,true,1,12928
8410076610508,false,"נייטשר וואלי צ'ואי שוקולד מריר בוטנים ושקדים, חמישיה 5 * 30 גרם",סראלטו,US,חטיף צ'ואי שוקולד מר,גרמים,150.00,100 גרם,false,,16.90,11.2667,true,1,12931
8410076621009,false,חטיף פייבר 1 קרמל מלוח 30% פחות סוכר 120 גר',"גלאטס סירו בע""מ",ES,חטיף פייבר 1 בטעם קר,גרמים,120.00,100 גרם,false,,14.90,12.4167,true,1,119074
8410076621047,false,פייבר וואן - שוקולד בראוניז פאדג' 5 * 24 גרם,"גלאטס סירו בע""מ",ES,חטיף פייבר 1 בטעם שו,גרמים,120.00,100 גרם,false,,14.90,12.4167,true,1,119075
8410104039134,false,"פיניש מנקה ומחדש מדיח 250מ""ל",הדקלאים אגודת שיתופי,PL,פיניש מנקה ומחדש מדי,מיליליטרים,250.00,"100 מ""ל",false,,14.90,5.9600,true,1,21103
8410104045111,false,"פיניש מלח למדיח כלים 2ק""ג",פ.פ.ח. שאביט,IL,"פיניש מלח למדיח 2 ק""",קילוגרמים,2.00,"ק""ג",false,,14.90,7.4500,true,1,21105
8410104437268,false,פיניש דאו ציטרופרש מנטה,,,פיניש מפיג ריחות ציט,יחידה,0.00,יחידה,false,,14.90,0.0000,true,1,21111
8410128768416,false,ויוה סוי סויה מקצועי קרטונית 1ל',,,ויוה סוי סויה בריסטה,ליטרים,1.00,ליטר,false,,10.90,10.9000,true,1,242490
8410342003508,false,"טוראס- ממרח שוקולד ללת""ס 200 גרם",,ES,ממרח שוקולד ואגוזים,גרמים,200.00,100 גרם,false,,19.90,9.9500,true,1,523271
8410376011203,false,עוגיות מיני רולינו ג,,,עוגיות מיני רולינו ג,גרמים,100.00,100 גרם,false,,5.90,5.9000,true,1,460914
8420822130624,false,"ספריי סופר מסיר כתמים 750מ""ל יעקבי",,IL,ספריי סופר מסיר כתמי,מיליליטרים,750.00,"100 מ""ל",false,,18.90,2.5200,true,1,307792
8423207206488,false,חטיף דגנים מלאים מצופה שוקולד חלב 120 גר,אף.סי תבליני בגליל ב,ES,סלים דליס חטיף דגנים,גרמים,120.00,100 גרם,false,,10.90,9.0833,true,1,21956
8423207206495,false,חטיף דגנים מלאים מצופה שוקולד מריר 120 ג,אף.סי תבליני בגליל ב,ES,סלים דליס חטיף דגנים,גרמים,120.00,100 גרם,false,,10.90,9.0833,true,1,21957
8423207206501,false,חטיף רב דגנים עם שוקולד חלב 78 גרם,,,סלים דליס חטיף דגנים,גרמים,120.00,100 גרם,false,,10.90,9.0833,true,1,21958
8423207207362,false,חטיף דגנים סלים דליס שוקולד לבן 120 גר,ביסנצ'ורי אס.אל.יו,ES,סלים דליס חטיף דגנים,גרמים,120.00,100 גרם,false,,10.90,9.0833,true,1,21960
8423207208260,false,מרבה סלים דליס 125 ג' ללא גלוטן שוקולד חלב,ביסנצ'ורי אס.אל.יו,ES,סלים דליס ללא גלוטן,גרמים,78.00,100 גרם,false,,10.90,13.9744,true,1,21963
8423207208697,false,מרבה סלים דליס לילדים עם שוקולד לבן חדש,ביסנצ'ורי אס.אל.יו,ES,סלים דליס קידס עוגיו,גרמים,120.00,100 גרם,false,,10.90,9.0833,true,1,21965
8423207208703,false,מרבה חטיפי סלים דליס לילדים שוקולד מריר,ביסנצ'ורי אס.אל.יו,ES,סלים דליס אקסטרא חטי,גרמים,120.00,100 גרם,false,,10.90,9.0833,true,1,21966
8423207208871,false,פרכיות תירס בטעם טבעי סלים דליס 130ג',,,פריכיות תירס בטעם טב,גרמים,130.00,100 גרם,false,,8.90,6.8462,true,1,3705
8423207208888,false,פריכיות תירס בטעם עגבניות ועשבי תיבול סלים דליס 123 ג',,,פריכיות תירס בטעם עג,גרמים,123.00,100 גרם,false,,8.90,7.2358,true,1,3706
8423207208895,false,פריכיות תירס בטעם זיתים ועירית סלים דליס 123 ג',,,פריכיות תירס זיתים ו,גרמים,123.00,100 גרם,false,,8.90,7.2358,true,1,3707
8423207210287,false,מרבה סלים דליס שוקולד לבן בטעם יוגורט 120 ג',,,סלים דליס חטיף דגנים,גרמים,120.00,100 גרם,false,,10.90,9.0833,true,1,21969
8423207210928,false,"סלים דליס טופינג אגוזי לוז, 90 גרם",ביסנצ'ורי אס.אל.יו,ES,סלים דליס טופינג בטע,גרמים,90.00,100 גרם,false,,10.90,12.1111,true,1,88338
8423207210942,false,סלים דליס טופינג פירות יער 90 גרם,אף.סי תבליני בגליל ב,ES,סלים דליס טופינג פיר,גרמים,90.00,100 גרם,false,,10.90,12.1111,true,1,88339
8423207210966,false,סלים דליס טופינג קוקוס ולימון 90 גרם,אף.סי תבליני בגליל ב,ES,סלים דליס טופינג קוק,גרמים,90.00,100 גרם,false,,10.90,12.1111,true,1,88340
8424842050016,false,חטיף צ'יפס בטעם כמהי,,,חטיף צ'יפס בטעם כמהי,גרמים,130.00,100 גרם,false,,12.90,9.9231,true,1,338904
8424842050030,false,חטיף צ'יפס עם שמן זי,,,חטיף צ'יפס עם שמן זי,גרמים,125.00,100 גרם,false,,12.90,10.3200,true,1,338905
8424842050085,false,צ'יפס בטעם חרדל ודבש 125 גרם,,,חטיף צ'יפס דבש וחרדל,גרמים,125.00,100 גרם,false,,12.90,10.3200,true,1,338906
8424842201340,false,חטיף צ'יפס רביו 130,,,חטיף צ'יפס רביו 130,גרמים,130.00,100 גרם,false,,12.90,9.9231,true,1,338907
8427030007298,false,סימילאק קומפורט HMO גולד שלב 2 -820 ג',,ES,סימילאק גולד קומפורט,גרמים,820.00,100 גרם,false,,101.90,12.4268,true,1,352357
8435495805168,false,"תינוקלין לכביסה לעור רגיש אולימפיק 1.25ק""ג",מולינו ניקולי s.p.a,TR,אבקת כביסה תינוקלין,קילוגרמים,1.25,"ק""ג",false,,21.90,17.5200,true,1,42120
8435495807605,false,תינוקלין מרכך כביסה היפואלרגני מרוכז 1 ליטר,מולינו ניקולי s.p.a,TR,תינוקלין מרכך כביסה,ליטרים,1.00,ליטר,false,,17.90,17.9000,true,1,42124
8435495807636,false,ג'ל כביסה היפואלרגני 2 ל' תינוקלין,בלו סאן,TR,תינוקלין ג'ל כביסה 2,ליטרים,2.00,ליטר,false,,35.90,17.9500,true,1,42125
8435495819363,false,תינוקלין - מרכך כביסה פרש & ג'נטל 1 ליטר,,,תינוקלין מרכך כביסה,ליטרים,1.00,ליטר,false,,17.90,17.9000,true,1,215701
8436575292205,false,ארטיק חמשושים מאגדת 15*12 גר',שוורצקוף& הנקל דיסלד,IL,מאגדת חמשושים אננס מ,גרמים,180.00,100 גרם,false,,19.90,11.0556,true,1,16256
8445290427120,false,פיטנס שוקולד מריר ובננה 330ג אסם,,,פיטנס שוקולד מריר נה,גרמים,330.00,100 גרם,false,,19.90,6.0303,true,1,560669
8485818700014,false,משקפיים,,,משקפיים,יחידה,0.00,יחידה,false,,19.90,0.0000,true,1,31552
8594403707977,false,"בירה באדוויזר לאגר פחית 500 מ""ל",,,"באדוויזר לאגר 500 מ""",מיליליטרים,330.00,"100 מ""ל",false,,8.90,2.6970,true,1,575731
8601670750756,false,"מטריה גדולה 65 ס""מ",,,"מטריה גדולה 65 ס""מ",יחידה,0.00,יחידה,false,,49.90,0.0000,true,1,572932
8606018615827,false,גלידת וניל עם שברי עוגיות אוראו 480 ג',נסטלה,IL,גלידת וניל עם שברי ע,מיליליטרים,300.00,"100 מ""ל",false,,13.90,4.6333,true,1,582224
8606018615865,false,פיינט מילקה קרמל ליבת שוקולד 480 גרם,נסטלה,IL,פיינט מילקה קרמל ליב,מיליליטרים,300.00,"100 מ""ל",false,,13.90,4.6333,true,1,582209
8646464131359,false,נפנף למנגל,,,נפנף למנגל,יחידה,0.00,יחידה,false,,3.90,0.0000,true,1,95186
8681863065294,false,מלח ים בטעם מעושן 350 ג' ויליפוד,,,מלח ים בטעם מעושן 35,גרמים,350.00,100 גרם,false,,24.90,7.1143,true,1,505192
8682655100513,false,מארז 3 קופסאות פלסטי,,,מארז 3 קופסאות פלסטי,יחידה,0.00,יחידה,false,,19.90,0.0000,true,1,246618
8683130008935,false,ממרח קטשיונז לחיץ 425 גם,יוניליוור ישראל שיוו,TR,ממרח קטשיונז הלמנס 4,גרמים,425.00,100 גרם,false,,13.90,3.2706,true,1,561140
8683323063024,false,יוגטה שטיחים תותי פרוטי 220 גרם,מוטקה החולב,TR,יוגטה חיספוסים שטיחי,גרמים,220.00,100 גרם,false,,6.90,3.1364,true,1,42132
8690504081913,false,מקוויטיס טינס מצופה שוקולד חלב 150 גרם,"אולקר ביסקווי סנאי,",TR,טינס מצופה שוקולד חל,גרמים,150.00,100 גרם,false,,9.90,6.6000,true,1,24870
8690526009353,false,אי טי אי - מיני חטיף בוטנים נוגט קרמל מצופה שוקולד חלב 140 גרם,,TR,מיני חטיף בוטנים נוג,גרמים,140.00,100 גרם,false,,9.90,7.0714,true,1,112708
8690526019147,false,אי טי אי - וופל במילוי קרם אגוזי לוז 142 גרם,,TR,וופל קקאו במילוי קרם,יחידה,0.00,יחידה,false,,7.90,0.0000,true,1,72812
8690526019178,false,אי טי אי - וופל קקאו במילוי קרם קוקוס 142 גרם,מולינו ניקולי s.p.a,TR,וופל קקאו במילוי קרם,יחידה,0.00,יחידה,false,,7.90,0.0000,true,1,72813
8690526019185,false,אי טי אי - וופל במילוי קרם שוקולד חלב 142 גרם,מולינו ניקולי s.p.a,TR,וופל קקאו במילוי קרם,יחידה,0.00,יחידה,false,,7.90,0.0000,true,1,72814
8690531032377,false,פלפלים קטנים חריפים במי מלח 340 גרם,,,פלפל שיפקונית במי מל,גרמים,340.00,100 גרם,false,,10.00,2.9412,true,1,16061
8690637503856,false,ממרח הלמנס לחיץ מופחת שומן 355 גרם,,TR,ממרח הלמנ'ס בקבוק לח,גרמים,355.00,100 גרם,false,,13.90,3.9155,true,1,561141
8690637505614,false,"מרכך כביסה בדין אקסטרה פינוק קוקוס 960 מ""ל",יוניליוור סנאיי וי ט,TR,מרכך כביסה מרוכז בדי,מיליליטרים,960.00,"100 מ""ל",false,,15.90,1.6563,true,1,200062
8690637506956,false,"דאב - שמפו למניעת קשקשים 600 מ""ל",,TR,שמפו למניעת קשקשים ד,מיליליטרים,600.00,"100 מ""ל",false,,16.90,2.8167,true,1,537689
8690637555084,false,מרכך כביסה בדין אקסטרא פריחת תפוז 960 מל,יוניליוור סנאיי וי ט,TR,בדין אקסטרה לבן 960,מיליליטרים,960.00,"100 מ""ל",false,,15.90,1.6563,true,1,10915
8690637704277,false,"שמפו ומרכך לשיער רגיל 600 מ""ל דאב",,TR,שמפו יום יומי 2ב1 דא,מיליליטרים,600.00,"100 מ""ל",false,,16.90,2.8167,true,1,10938
8690637704291,false,דאב שמפו לשיקום יומיומי,יוניליוור טורקיה. אז,TR,"שמפו משקם דאב 600 מ""",מיליליטרים,600.00,"100 מ""ל",false,,16.90,2.8167,true,1,10939
8690637704376,false,"דאב - שמפו יום יומי 600 מ""ל",יוניליוור טורקיה. אז,TR,שמפו יום יומי דאב 60,מיליליטרים,600.00,"100 מ""ל",false,,16.90,2.8167,true,1,10940
8690637704390,false,"מרכך לשיער רגיל 600 מ""ל דאב",יוניליוור טורקיה. אז,TR,מרכך יום יומי דאב 60,מיליליטרים,600.00,"100 מ""ל",false,,16.90,2.8167,true,1,10941
8690637858734,false,גל לנ.כללי סיף אקונומיקה בנ.לימון 750 מל,יונילוור טורקיה,TR,סיף ג'ל אקונומיקה לי,מיליליטרים,750.00,"100 מ""ל",false,,12.90,1.7200,true,1,10956
8690637946301,false,"בדין - מרכך כביסה אקסטרא בייביי כחול 960 מ""ל",יוניליוור סנאיי וי ט,TR,בדין אקסטרה בייבי כ,מיליליטרים,960.00,"100 מ""ל",false,,15.90,1.6563,true,1,55686
8690637971310,false,"מרכך כביסה אקסטרה בניחוח יערת הדבש 960 מ""ל בדין",יוניליוור סנאיי וי ט,TR,בדין אקסטרא פריחת הת,מיליליטרים,960.00,"100 מ""ל",false,,15.90,1.6563,true,1,116622
8690637976995,false,"בדין - מרכך כביסה אקסטרא ורוד סחלבים פראי 960 מ""ל",יוניליוור סנאיי וי ט,TR,בדין אקסטרא ורוד- 96,מיליליטרים,960.00,"100 מ""ל",false,,15.90,1.6563,true,1,116594
8690637994029,false,מרכך כביסה אקסטרה סחלבים 1.44 ל' בדין,,,בדין אקסטרא מכך כביס,ליטרים,1.44,ליטר,false,,19.90,13.8194,true,1,134021
8690637994036,false,מרכך כביסה אקסטרה יסמין 1.44 ל' בדין,,,בדין אקסטרא מרכך כבי,ליטרים,1.44,ליטר,false,,19.90,13.8194,true,1,134047
8690766156381,false,גודייבה שוקולד מריר 90% מוצקי קקאו 90 גרם,"אולקר מקבוצת פלאדיס,",TR,גודייבה ש.מריר מעולה,גרמים,90.00,100 גרם,false,,14.90,16.5556,true,1,73442
8690777204071,false,פלפל חריף סרה 640 גר,יוליניבר,TR,פלפל חריף סרה 640 גר,גרמים,640.00,100 גרם,false,,10.90,1.7031,true,1,3298
8690777206051,false,חצילים קלויים על האש סארה 650 גר',קוראהן פזלרמה וי דיס,TR,חציל קלוי על האש סרה,גרמים,650.00,100 גרם,false,,10.90,1.6769,true,1,3299
8690777221405,false,פלפל אדום קלויים על האש 650 גרם SERA,קוראהן פזלרמה וי דיס,TR,פלפל אדום קלוי על הא,גרמים,650.00,100 גרם,false,,10.90,1.6769,true,1,3301
8690946270074,false,פסטה ספגטי 500 גרם B,,,פסטה ספגטי 500 גרם B,גרמים,500.00,100 גרם,false,,3.90,0.7800,true,1,566776
8690946270111,false,פסטה פוזלי 500 גרם B,,,פסטה פוזלי 500 גרם B,גרמים,500.00,100 גרם,false,,3.90,0.7800,true,1,566777
8690946270241,false,פסטה קונכיות גדולות,,,פסטה קונכיות גדולות,גרמים,500.00,100 גרם,false,,3.90,0.7800,true,1,566778
8690946272207,false,פסטה פנה 500 גרם BAH,,,פסטה פנה 500 גרם BAH,גרמים,500.00,100 גרם,false,,3.90,0.7800,true,1,566779
8690946272320,false,פסטה מקרוני 500 גרם,,,פסטה מקרוני 500 גרם,גרמים,500.00,100 גרם,false,,3.90,0.7800,true,1,566780
8691058141238,false,ערמונים שלמים קלויים וקלופים 100 ג' Avel,,,AVEL ערמונים שלמים ק,גרמים,100.00,100 גרם,false,,4.90,4.9000,true,1,48917
8691900174056,false,קוטקס תחבושות אולטרה לילה 16 י',,,תחבושות קוטקס לילה,100 יח',16.00,100 יח',false,,16.90,105.6250,true,1,511402
8693495041461,false,זוג מברשות שיניים קולגייט סלים סופט פחם,הנסיך- מפעל לייצור ט,CN,קולגייט מברשת שיניים,יחידה,0.00,יחידה,false,,30.90,0.0000,true,1,21979
8693495051002,false,מברשת שיניים לילדים מיניונים קולגייט 6+,,,קולגייט מברשת ילדים,יחידה,0.00,יחידה,false,,9.90,0.0000,true,1,21983
8694732005116,false,סבון אסלה כחול שלישי,,,סבון אסלה כחול שלישי,יחידה,0.00,יחידה,false,,10.90,0.0000,true,1,560275
8694732005123,false,סבון אסלה צהוב שלישי,,,סבון אסלה צהוב שלישי,יחידה,0.00,יחידה,false,,10.90,0.0000,true,1,560290
8697435181200,false,מתקן כביסה סטאר כסוף,,,מתקן כביסה סטאר כסוף,יחידה,0.00,יחידה,false,,60.90,0.0000,true,1,28796
8697530910743,false,סיגריות פאל מאל כחול קצר מטאליק,BAT,,פאל מאל בלו,יחידה,0.00,יחידה,false,,29.00,0.0000,false,1,4191
8697530910750,false,סיגריות פאל מאל כחול ארוך האוס,BAT,,פאל מאל בלו ארוך,יחידה,0.00,יחידה,false,,29.00,0.0000,false,1,4192
8697530910781,false,סיגריות פאל מאל אדום מטאליק,BAT,,פאל מאל רד,יחידה,0.00,יחידה,false,,29.00,0.0000,false,1,4195
8697530910989,false,פאל מאל אדום האוס עשירייה,BAT,,פאל מאל רד פאקט 10*2,יחידה,0.00,יחידה,false,,280.00,0.0000,false,1,4201
8697826469092,false,טורטיה קטנה 12 יחידות 540 גרם,מוטלוקל,TR,טורטיה 540 גרם tort,גרמים,540.00,100 גרם,false,,8.90,1.6481,true,1,4959
8698996000207,false,מגבות נייר 1/6,,,מגבות נייר 1/6,מטרים,0.00,מטר,false,,10.90,0.0000,true,1,570021
8710428005762,false,סימילאק איזומיל טופ 400 גר',,,סימילאק צמחי שלב 2,גרמים,400.00,100 גרם,false,,44.90,11.2250,true,1,29631
8710428016348,false,אבקת משקה להשלמה תזונתית וניל 400 ג' פדיאשור,,ES,משקה להשלמה תזונתית,גרמים,400.00,100 גרם,false,,39.90,9.9750,true,1,352384
8710502060021,false,מרבה פטיסרי עוגיות מאפין רכות 210 גרם,מרבה,NL,מרבה פטיסרי - עוגיות,גרמים,210.00,100 גרם,false,,10.90,5.1905,true,1,535223
8710502064814,false,עוגיות מרבה שוקולד ציפס במרקם רך 175 גר,בנקטבקריי מרבה בי.וי,NL,מרבה עוגיות שוקוציפס,גרמים,175.00,100 גרם,false,,9.90,5.6571,true,1,21992
8710502139017,false,עוגיות מרבה טריפל שוקולד שוקוצ'יפס 180ג',בנקטבקריי מרבה בי.וי,NL,מרבה עוגיות טריפל שו,גרמים,180.00,100 גרם,false,,9.90,5.5000,true,1,21993
8710502231018,false,מרבה מיני עוגיות שוקולד צ'יפס 175 גרם,"מרבה בע""מ",NL,מרבה עוגיות שוקולד צ,גרמים,175.00,100 גרם,false,,10.90,6.2286,true,1,131189
8710502279010,false,מרבה עוגיות שוקולד צ'יפס מצופות שוקולד 175 ג',"מרבה בע""מ",NL,מרבה עוגיות שוקולד צ,גרמים,175.00,100 גרם,false,,9.90,5.6571,true,1,136209
8710502470028,false,עוגיות מרבה נוגטלי שוקוצ'יפס 160ג',קריניציה ויטמינה אס,NL,מרבה עוגיות נוגטלי 1,גרמים,160.00,100 גרם,false,,9.90,6.1875,true,1,22001
8710502470035,false,מרבה פטיסרי עוגיות נוגטלי אגוזים 200 גרם,מרבה,NL,מרבה פטיסרי - עוגיות,גרמים,200.00,100 גרם,false,,10.90,5.4500,true,1,535226
8710800027573,false,סוכריות מיני מנטוס פירות שקית 178ג',קדבורי,NL,מיני מנטוס שקית,גרמים,178.00,100 גרם,false,,12.90,7.2472,true,1,12945
8710800961310,false,סוכריות מנטוס תות מארז 37.5X4ג',קדבורי,NL,מנטוס 1/4 תות,גרמים,150.00,100 גרם,false,,10.90,7.2667,true,1,12947
8710847860829,false,"רקסונה - דאודורנט רול און לאישה כותנה 50 מ""ל",,,רקסונה רול און כותנה,מיליליטרים,50.00,"100 מ""ל",false,,14.90,29.8000,true,1,74539
8710908326691,false,תחליב רחצה דאב אדמונית 750 מל,"יוניליוור גרמניה, gm",DE,תחליב רחצה אדמונית ד,מיליליטרים,750.00,"100 מ""ל",false,,16.90,2.2533,true,1,11019
8711000362679,false,לור קפסולות קפה אספרסו קולומביה 52 גר,קריניציה ויטמינה אס,FR,לור קפסולות קפה אספר,גרמים,52.00,100 גרם,false,,18.90,36.3462,true,1,5185
8711000371206,false,קפסולות קפה אספרסו ריסטרטו 10*52 ג' ג'ייקובס,קריניציה ויטמינה אס,FR,ג'ייקובס קפסולות קפה,גרמים,52.00,100 גרם,false,,15.90,30.5769,true,1,5190
8712400802499,false,נוטרילון מבית נוטרישה 1 800 גר,פרוטרופיק סיה.,NL,נוטרילון שלב 1- 800,גרמים,800.00,100 גרם,false,,64.90,8.1125,true,1,5212
8712400802512,false,נוטרילון מבית נוטרישה 2 800 גר,פרוטרופיק סיה.,NL,נוטרילון שלב 2- 800,גרמים,800.00,100 גרם,false,,64.90,8.1125,true,1,5214
8712400802536,false,נוטרילון מבית נוטרישה 3 800 גר,פרוטרופיק סיה.,NL,נוטרילון שלב 3- 800,גרמים,800.00,100 גרם,false,,64.90,8.1125,true,1,5216
8712561626286,false,"תחליב רחצה דאב זוהר כמשי 750 מ""ל",,,תחליב רחצה זוהר כמשי,מיליליטרים,750.00,"100 מ""ל",false,,16.90,2.2533,true,1,11067
8712561646024,false,"תחליב רחצה דאב קרם פיסטוק ומגנול 750 מ""ל",,,תחליב רחצה קרם פיסטו,מיליליטרים,750.00,"100 מ""ל",false,,16.90,2.2533,true,1,355088
8714599410530,false,גייקובס קרונינג שקית רפיל 200 גרם,,,גייקובס קפה נמס 200ג,גרמים,200.00,100 גרם,false,,19.90,9.9500,true,1,5196
8714599512159,false,קפה נמס ג'ייקובס 190 גר',"אל.אל.סי ""גייקובס דא",RU,קפה ג'ייקובס 190 גרם,גרמים,190.00,100 גרם,false,,23.90,12.5789,true,1,51746
8714599513781,false,קפה נמס גולד מיובש בהקפאה 200 ג' ג'ייקובס,אל.אל. סי ג''יקובס ד,RU,קפה ג'יקובס גולד 200,גרמים,200.00,100 גרם,false,,26.90,13.4500,true,1,5200
8714599513835,false,קפה ג'יקובס נטול קופאין מיובש בהקפאה 200 ג',,,קפה ג`יקובס נטול קופ,גרמים,200.00,100 גרם,false,,33.90,16.9500,true,1,5202
8714599513866,false,"ג'ייקובס קרוננג מיובש בהקפאה כשל""פ 200 ג'",אל.אל.סי גייקובס דאו,DE,קפה ג'יקובס קרונונג,גרמים,200.00,100 גרם,false,,26.90,13.4500,true,1,5203
8714789177229,false,קולגייט מברשת שיניים אקסטרא קלין רביעייה,הנסיך- מפעל לייצור ט,CN,מב.שיניים אקסטרא קלי,יחידה,0.00,יחידה,false,,9.90,0.0000,true,1,22007
8714789303925,false,קולגייט מברשת 360 סנסטיב פרו ריליף זוג,קולגייט- פלמוליב,,זוג מברשת שיניים 360,יחידה,0.00,יחידה,false,,24.90,0.0000,true,1,22015
8714789402970,false,אגקס חגיגת פרחים 1.5 ל ירוק בניחוח אביב,הנסיך- מפעל לייצור ט,GR,אג'קס חגיגת הפרחים י,ליטרים,1.50,ליטר,false,,19.90,13.2667,true,1,22018
8714789582764,false,"ספריי לניקוי חלונות 750 מ""ל אגקס","ש. שסטוביץ בע""מ",GR,אגקס חלונות 750מל,מיליליטרים,750.00,"100 מ""ל",false,,14.90,1.9867,true,1,22026
8714789831275,false,קולגייט מברשת שיניים 360 אופטיק וואיט זוג,קולגייט פלמוליב,CN,קולגייט מברשת שיניים,יחידה,0.00,יחידה,false,,24.90,0.0000,true,1,22037
8714789834467,false,פלמוליב נוזל כלים 1.5 ליטר,,,פלמוליב נוזל כלים 1.,ליטרים,1.50,ליטר,false,,15.90,10.6000,true,1,22038
8714789930848,false,"משחת שיניים אופטיק וויט אינסטנט 75 מ""ל קולגייט",הנסיך- מפעל לייצור ט,PL,משחת שיניים אופטיק ו,מיליליטרים,75.00,"100 מ""ל",false,,19.90,26.5333,true,1,22044
8715700419732,false,מתבל עגבניות היינץ 7,ה.י. היינץ,NL,היינץ קטשופ 700 גרם,גרמים,700.00,100 גרם,false,,9.90,1.4143,true,1,5416
8717163647240,false,"דאו אקס ספריי גוף לגבר שוקולד 150 מ""ל",ארנסט. רחוב קומבינצק,TR,ספריי גוף שוקולד אקס,מיליליטרים,150.00,"100 מ""ל",false,,12.90,8.6000,true,1,11100
8717163655825,false,"רקסונה דאו' ספריי לנשים בניחוח כותנה, 150 מ""ל",,GB,רקסונה ספריי כותנה 1,מיליליטרים,150.00,"100 מ""ל",false,,13.90,9.2667,true,1,74504
8718114734484,false,מיונז מיילי 320 גרם,,,מיונז מיילי 320 גרם,גרמים,320.00,100 גרם,false,,13.90,4.3438,true,1,17249
8718692610835,false,שלישית בקבוקי סודה סטרים פיוז 1 ליטר,,,בקבוק 1 ליטר שלישיה,ליטרים,1.00,ליטר,false,,59.90,59.9000,true,1,17541
8718951001602,false,"אגקס ספריי רב פעולות 600 מ""ל",הנסיך- מפעל לייצור ט,GR,אג'קס ספריי אדום רב,מיליליטרים,600.00,"100 מ""ל",false,,12.90,2.1500,true,1,22051
8718951030206,false,"קולגייט סנסיטיב מולטי פרוטקשן משחת שיניים 75 מ""ל",קולגייט-פלמוליב,PL,משחת קולגייט סנסטיב,מיליליטרים,75.00,"100 מ""ל",false,,17.90,23.8667,true,1,64508
8718951044913,false,מרידול משחת שיניים הלבנה 75 מל,,,משחת שיניים הלבנה מר,מיליליטרים,75.00,"100 מ""ל",false,,21.90,29.2000,true,1,22054
8718951166288,false,"משחת שיניים קולגייט מקס וייט 125 מ""ל",הנסיך- מפעל לייצור ט,PL,קולגייט משחת שיניים,מיליליטרים,125.00,"100 מ""ל",false,,17.90,14.3200,true,1,22072
8718951166561,false,"משחת שיניים קולגייט מקס פרש כחול 125 מ""ל",הנסיך- מפעל לייצור ט,PL,קולגייט משחת שיניים,מיליליטרים,125.00,"100 מ""ל",false,,17.90,14.3200,true,1,22073
8718951175600,false,"משחת שיניים קולגייט אוטאל קליין מינט 75 מ""ל",,,קולגייט משחת שיניים,מיליליטרים,75.00,"100 מ""ל",false,,12.90,17.2000,true,1,113308
8718951187122,false,אלמקס זוג מברשות שיניים לילדים 0-3,,,מברשות שיניים אלמקס,יחידה,0.00,יחידה,false,,22.90,0.0000,true,1,22081
8718951240742,false,"קולגייט טוטאל משחת שיניים פסים מרעננים 100 מ""ל",Colgate (Euro)-Palmo,PL,מש.שיניים פסים מרעננ,גרמים,128.00,100 גרם,false,,16.90,13.2031,true,1,22091
8718951259430,false,פלמוליב נטורלס חלב פרוטאין 1 ל',,,תחליב רחצה פלמוליב נ,ליטרים,1.00,ליטר,false,,18.90,18.9000,true,1,196637
8718951264618,false,"קולגייט אופטיק וייט פחם צ'רקול משחת שיניים, 75 מ""ל",קולגייט-פלמוליב,PL,קולגייט אופטיק וייט,מיליליטרים,75.00,"100 מ""ל",false,,27.90,37.2000,true,1,64218
8718951288492,false,"משחת שיניים מרידול בי טיוב מארז 2*75 מ""ל",,PL,מרידול משחת שיניים ב,מיליליטרים,150.00,"100 מ""ל",false,,30.90,20.6000,true,1,137272
8718951315303,false,"קולגייט - משחת שיניים אדומה ביטיוב 100 מ""ל",קולגייט-פלמוליב,PL,משחת שיניים קולגייט,מיליליטרים,200.00,"100 מ""ל",false,,19.90,9.9500,true,1,86646
8718951333048,false,"פלמוליב סבון לידיים למטבח, 300 מ""ל",הנסיך- מפעל לייצור ט,IT,סבון ידיים פלמוליב,מיליליטרים,300.00,"100 מ""ל",false,,9.90,3.3000,true,1,137285
8718951338098,false,"ליידי ספיד סטיק רול און פאודר פרש 50 מ""ל",,,דאודורנט רול פאודר פ,מיליליטרים,50.00,"100 מ""ל",false,,14.90,29.8000,true,1,590450
8718951381292,false,"משחת שיניים מקס דיטוקס פואם קולגייט 125 מ""ל",CP UK,PL,קולגייט משחת שיניים,מיליליטרים,125.00,"100 מ""ל",false,,17.90,14.3200,true,1,122349
8718951382787,false,"משחת שיניים אופטיק וויט חימר ומינרלים 75 מ""ל קולגייט",,,משחת שיניים אופטיק ו,מיליליטרים,75.00,"100 מ""ל",false,,27.90,37.2000,true,1,344870
8718951409798,false,זוג מברשות שיניים מקס וויט פחם קולגייט,הנסיך- מפעל לייצור ט,CN,קולגייט מברשת שיניים,יחידה,0.00,יחידה,false,,24.90,0.0000,true,1,171253
8718951415836,false,"קולגייט מי פה פלאקס פחם 500 מ""ל",קולגייט,PL,קולגייט פלאקס שטיפת,מיליליטרים,500.00,"100 מ""ל",false,,30.90,6.1800,true,1,182415
8718951428492,false,"פלמוליב סבון רחצה לגבר 4ב1 מועשר בפחם 750 מ""ל",,,תחליב רחצה לגבר 4 ב-,מיליליטרים,750.00,"100 מ""ל",false,,19.90,2.6533,true,1,351943
8718951461413,false,"קולגייט טוטאל קלין מינט ביטיוב 100 מ""ל*2 כשל""פ",,,משחת שיניים קולגייט,מיליליטרים,200.00,"100 מ""ל",false,,29.90,14.9500,true,1,378110
8718951461444,false,"זוג משחת שיניים טוטאל הלבנה ביטיו *100 מ""ל קולגייט",,,משחת שיניים קולגייט,מיליליטרים,200.00,"100 מ""ל",false,,29.90,14.9500,true,1,378124
8718951509627,false,"משחת שיניים אופטיק וויט לאוהבי קפה 75 מ""ל קולגייט",,PL,קולגייט וואייט להסרת,יחידה,0.00,יחידה,false,,27.90,0.0000,true,1,441349
8719200998001,false,מרגרינה לאפיה ובישול בלי מלח 200 ג' בלו בנד,מיוצר עי קונדיטוריית,IL,בלו בנד ללא מלח 200,גרמים,200.00,100 גרם,false,,4.90,2.4500,true,1,11120
8719200998018,false,מחמאה מרגרינה בטעם חמאה 200 ג' בלו בנד,פארייפאבה אגרואינדוס,IL,מחמאה מרגרינה בטעם ח,גרמים,200.00,100 גרם,false,,4.90,2.4500,true,1,11121
8719200998049,false,מזולה בטעם טבעי 250 גרם,פארייפאבה אגרואינדוס,IL,מזולה בטעם טבעי 250,גרמים,250.00,100 גרם,false,,9.90,3.9600,true,1,11124
8719200998094,false,מרגרינה אפייה ללא מלח 200 ג' מזולה,"מיוצר ע""י יוניליוור",IL,מזולה מרגרינה לאפייה,גרמים,200.00,100 גרם,false,,6.90,3.4500,true,1,11129
8719200998100,false,מרגרינה בטעם חמאה לאפייה 200 ג' מזולה,פארייפאבה אגרואינדוס,IL,מזולה מרגרינה לאפייה,גרמים,200.00,100 גרם,false,,6.90,3.4500,true,1,11130
8720100012445,false,וופל טוסט בלגי 6 יח 250 גרם בקרסלנד,דה בנקט גרופ,,וופל טוסט בלגי 250 ג,גרמים,250.00,100 גרם,false,,9.90,3.9600,true,1,18326
8720181046605,false,דאב - דאודורנט ספריי לאישה אורגינל כחול 150מל,יוניליוור,GB,דאו' ספריי אוריגינל,מיליליטרים,150.00,"100 מ""ל",false,,14.90,9.9333,true,1,116635
8720181123955,false,"אקס - ג'ל רחצה ריצארג קריד 400 מ""ל",,DE,אקס ג'ל רחצה ריצ'ארג,מיליליטרים,400.00,"100 מ""ל",false,,11.90,2.9750,true,1,557743
8720181201332,false,דאב אל סבון מוצק גרגרים 90 גרם *4,,DE,סבון מוצק גרגירים דא,גרמים,400.00,100 גרם,false,,12.90,3.2250,true,1,511093
8720181204111,false,"אקס תחליב רחצה אפיק פרש 400 מ""ל",,DE,ג'ל רחצה אפיק פרש לג,מיליליטרים,400.00,"100 מ""ל",false,,11.90,2.9750,true,1,532276
8720182253156,false,דאב אל סבון מוצק מלפפונים 90 גרם *4,,DE,סבון מוצק מלפפון ות,גרמים,400.00,100 גרם,false,,12.90,3.2250,true,1,511107
8720182253194,false,סבון מוצק דאב מלפפונים ותה ירוק שישיית,,DE,סבון מוצק מלפפונים ד,גרמים,540.00,100 גרם,false,,17.90,3.3148,true,1,522945
8801055707966,false,קפה טייסטר צו'יס נס קפה בריסטה 180ג',לוטה נסטלה קוריאה,,נס קפה טייסטרס צ'ויס,גרמים,180.00,100 גרם,false,,29.90,16.6111,true,1,19579
8801055709458,false,נסטלה - נסקפה קפוצינו קרמל 17 גרם * 10,,KR,נסקפה קפוצ'ינו קרמל,גרמים,170.00,100 גרם,false,,18.90,11.1176,true,1,495113
8801055709465,false,נסטלה - נסקפה קפוצינו וניל 18.50 גרם * 10,לוטה נסטלה קוריאה,DE,נסקפה קפוצ'ינו וניל,גרמים,185.00,100 גרם,false,,18.90,10.2162,true,1,373864
8801055709472,false,נסטלה - נסקפה קפוצ'ינו קלאסי 12.50 גרם * 10,לוטה נסטלה קוריאה,DE,נסקפה קפוצ'ינו קלאסי,גרמים,185.00,100 גרם,false,,18.90,10.2162,true,1,373878
8803733180887,false,"קופסא 808 -850מ""ל L",,,"קופסא 808 -850מ""ל L",יחידה,0.00,יחידה,false,,29.90,0.0000,true,1,43137
8803733181716,false,קופסא 1.4 ליטר 817H,,,קופסא 1.4 ליטר 817H,יחידה,0.00,יחידה,false,,45.90,0.0000,true,1,43143
8803733182218,false,קופסא 1.2 ליטר 822D עם מכסה ורוד/כחול/צהוב,,,קופסא 1.2 ליטר - L,יחידה,0.00,יחידה,false,,42.90,0.0000,true,1,43145
8809168840471,false,חטיף אצות מיובשות 9,,,חטיף אצות מיובשות 9,גרמים,4.50,100 גרם,false,,24.90,553.3333,true,1,409361
8850180040028,false,קמח טמפורה להכנת בלי,,,קמח טמפורה להכנת בלי,גרמים,500.00,100 גרם,false,,10.90,2.1800,true,1,47555
8850206250592,false,רוטב צ`ילי סיראצ`ה 540 גרם,יאן וואל יון קו.לטד,TH,רוטב צ'ילי סיראצ'ה מ,גרמים,540.00,100 גרם,false,,19.90,3.6852,true,1,409347
8850367992164,false,קרם קוקוס 250 מל 20-22% ללא חומר משמר,,,קרם קוקוס ללא גלוטן,גרמים,250.00,100 גרם,false,,7.90,3.1600,true,1,47558
8850367994779,false,מחית קארי ירוקה מזרח,,,מחית קארי ירוקה מזרח,גרמים,50.00,100 גרם,false,,4.90,9.8000,true,1,545188
8850367994786,false,מחית קארי אדומה 50 גרם,,,מחית קארי אדומה מזרח,גרמים,50.00,100 גרם,false,,4.90,9.8000,true,1,545189
8850389103111,false,"משקה קל סאפה בטעם ענבים 300 מ""ל",סאפה פובליק קומפני ל,TH,סאפה משקה אלוורה ענב,מיליליטרים,300.00,"100 מ""ל",false,,6.40,2.1333,true,1,39440
8850389103128,false,"משקה קל סאפה בטעם תפוח 300 מ""ל",סאפה פובליק קומפני ל,TH,סאפה משקה אלוורה תפו,מיליליטרים,300.00,"100 מ""ל",false,,6.40,2.1333,true,1,39441
8850389104637,false,"משקה קל סאפה אלוורה אפרסק 300 מ""ל",סאפה פובליק קומפני ל,TH,סאפה משקה אלוורה אפר,מיליליטרים,300.00,"100 מ""ל",false,,6.40,2.1333,true,1,39443
8850389105825,false,סאפה אלוורה ענבים 1 ליטר,סאפה פובליק קומפני ל,TH,סאפה משקה אלוורה ענב,ליטרים,1.00,ליטר,false,,13.50,13.5000,true,1,39444
8850389105832,false,סאפה אלוורה תפוחים 1 ליטר,סאפה פובליק קומפני ל,TH,סאפה משקה אלוורה תפו,ליטרים,1.00,ליטר,false,,13.50,13.5000,true,1,39445
8850389105849,false,סאפה אלוורה אפרסק 1 ליטר,סאפה פובליק קומפני ל,TH,סאפה משקה אלוורה אפר,ליטרים,1.00,ליטר,false,,13.50,13.5000,true,1,39446
8850389115312,false,"משקה קל סאפה בטעם מלון 300 מ""ל",סאפה פובליק קומפני ל,TH,"סאפה משקה מלון 300מ""",מיליליטרים,300.00,"100 מ""ל",false,,6.40,2.1333,true,1,39451
8850389115336,false,סאפה מלון בקבוק תריסר 1ל',סאפה פובליק קומפני ל,TH,סאפה משקה מלון 1ל,ליטרים,1.00,ליטר,false,,13.50,13.5000,true,1,39452
8850632604259,false,מקלות חספוסים יוגטה טעם תות שדה 50 גר,ג'נרל קנדי בעמ,TH,יוגטה חיספוסים מקלות,גרמים,50.00,100 גרם,false,,3.90,7.8000,true,1,42180
8850632604266,false,מקלות חספוסים יוגטה טעם קולה 50 גר,ג'נרל קנדי בעמ,TH,יוגטה חיספוסים מקלות,גרמים,50.00,100 גרם,false,,3.90,7.8000,true,1,42181
8850632604372,false,יוגטה חמצוצים שטיח בטעם תות שדה 50גר,ג'נרל קנדי בעמ,TH,יוגטה ממתק תות שדה ב,גרמים,50.00,100 גרם,false,,3.90,7.8000,true,1,42182
8850632604402,false,חספוסים יוגוטה שטיח חמוץ מעורב 50 ג',"ג'נרל קנדי בע""מ",TH,יוגטה ממתק תות ענבים,גרמים,50.00,100 גרם,false,,3.90,7.8000,true,1,42183
8851613101378,false,"נוזל קוקוס ארוי די 250 מ""ל",כלורוקס אוקלנד,TH,משקה קוקוס ארוי-די,מיליליטרים,250.00,"100 מ""ל",false,,9.90,3.9600,true,1,3745
8858271002870,false,"רוטב פאד תאי 250 מ""ל מקסצאפ","ייאן וואל יון בע""מ",TH,רוטב פאד תאי MAXCHUP,מיליליטרים,250.00,"100 מ""ל",false,,9.90,3.9600,true,1,47571
8858271002887,false,"רוטב טרייאקי 250 מ""ל מקסצאפ",Yan Wal Yun Corpora,TH,רוטב טריאקי MAXCHUP,מיליליטרים,250.00,"100 מ""ל",false,,10.90,4.3600,true,1,47572
8858271003075,false,רוטב סויה מתוקה 700 גרם מקסצאפ,,,רוטב סויה מתוק MAXCH,מיליליטרים,700.00,"100 מ""ל",false,,16.90,2.4143,true,1,545649
8858271004300,false,רוטב טריאקי מקסצאפ 700 מל,Fujian fuzhou tian s,CN,רוטב טריאקי MAXCHUP,מיליליטרים,700.00,"100 מ""ל",false,,19.90,2.8429,true,1,47582
8858271004799,false,"רוטב צילי מתוק אל פורפסיס 700 מ""ל",Yan Wal Yun Corpora,TH,רוטב צ'ילי מתוק מזרח,מיליליטרים,700.00,"100 מ""ל",false,,12.90,1.8429,true,1,47584
8888021200256,false,סוללות אנרג'יזר MAX AA שמינייה,יצרן: אנרג'ייזר סינג,SG,AAאנרג'ייזר סוללות מ,יחידה,0.00,יחידה,false,,24.90,0.0000,true,1,6140
8888021200720,false,סוללות אנרג'יזר MAX AAA שמינייה,יצרן: אנרג'ייזר סינג,SG,AAAאנרג'ייזר סוללות,יחידה,0.00,יחידה,false,,24.90,0.0000,true,1,6141
8901314517463,false,קולגייט מברשת שיניים,,,קולגייט מברשת שיניים,יחידה,0.00,יחידה,false,,19.90,0.0000,true,1,396052
8901314525055,false,רביעיית מברשת שיניים,,,רביעיית מברשת שיניים,יחידה,0.00,יחידה,false,,14.90,0.0000,true,1,369334
8901537024014,false,"אורז בסמטי מובחר דאווט 1 ק""ג",הנסיך- מפעל לייצור ט,IN,וילי פוד אורז בסמטי,גרמים,1000.00,100 גרם,false,,12.90,1.2900,true,1,3315
8906064282371,false,עוגיות חמאה 340 גרם AVEL,,,עוגיות חמאה בפח 340,גרמים,340.00,100 גרם,false,,11.90,3.5000,true,1,108678
8934878081811,false,"דפי אורז ל0 גלוטן 400 גרם 22 ס""מ",Chanh Khang Company,CN,דפים על בסיס קמח טפי,גרמים,400.00,100 גרם,false,,11.90,2.9750,true,1,47588
9000101372878,false,דיסקס לכביסה לבנה וצבעונית 22 יח' פרסיל,הנקל סוד,HU,פרסיל דיסקס לכביסה ל,יח',22.00,יח',false,,34.90,1.5864,true,1,180698
9000101511635,false,דיסקס פרסיל לכביסה גל לעור רגיש 22 יח,הנקל סוד,HU,פרסיל דיסקס סנסיטיב,יח',22.00,יח',false,,34.90,1.5864,true,1,473590
9000101512526,false,פרסיל - פאוור קאפס קפסולות ג'ל מרוכזות לכביסה 26 יח',,RS,פרסיל פאוור קאפס לכב,יח',26.00,יח',false,,34.90,1.3423,true,1,473591
9000101520965,false,"סבון אסלה בניחוח מתחלף לוטוס עדין במבוק, 3 יחידות",,RS,ברף בניחוח מתחלף לוט,גרמים,150.00,100 גרם,false,,19.90,13.2667,true,1,473974
9000101537581,false,פרסיל קאפסולות לכביסה צבעונית 52 יחידו,הנקל סוד,HU,פרסיל פאוור קאפס קפס,יחידה,0.00,יחידה,false,,58.90,0.0000,true,1,457341
9001616202360,false,זוג מוצצי סיליקון לילה 6+,,,זוג מוצצים סיליקון 6,יח',2.00,יח',false,,34.90,17.4500,true,1,1091
9001616620065,false,זוג מוצצים סיליקון 6,,,זוג מוצצים סיליקון 6,יח',2.00,יח',false,,34.90,17.4500,true,1,116030
9001616702969,false,"בקבוק תינוק 270 מ""ל סגול",,,"בקבוק תינוק 270 מ""ל",יחידה,0.00,יחידה,false,,34.90,0.0000,true,1,1129
9002859050671,false,לבבות שוקולד ברשת 100 גרם גונץ,לייקה,IT,לבבות שוקולד ברשת 10,גרמים,100.00,100 גרם,false,,9.90,9.9000,true,1,527731
9002859050725,false,תפזורת סנטה ברשת 100 גר גונץ,,,תפזורת סנטה ברשת 100,גרמים,100.00,100 גרם,false,,9.90,9.9000,true,1,527762
9002859050848,false,מטבעות זהב וכסף ברשת 100 גרם גונץ,,,מטבעות ושטרות שוקולד,גרמים,100.00,100 גרם,false,,9.90,9.9000,true,1,527747
9002859053801,false,גונץ-שוקולד סטיקס מריר מנטה 75 גרם,,,שוקולד סטיקס מריר מנ,גרמים,75.00,100 גרם,false,,11.90,15.8667,true,1,528104
9002859053849,false,גונץ-שוקולד סטיקס מריר תפוז 75 גרם,,,שוקולד סטיקס מריר תפ,גרמים,75.00,100 גרם,false,,11.90,15.8667,true,1,528106
9002859056963,false,אנשי שלג משוקולד ברשת 100 גר גונץ,,,אנשי שלג משוקולד ברש,גרמים,100.00,100 גרם,false,,9.90,9.9000,true,1,527640
9002859058172,false,בונבוניירה בננה ציפוי שוקולד מריר 300 גר,,AT,בננה ציפוי שוקולד מר,גרמים,300.00,100 גרם,false,,14.90,4.9667,true,1,527975
9002975393836,false,סוכריות גילי הריבו האפי קולה 70 גרם,"האריבו , ג'י.אם.בי.א",AT,סוכריות גומי בטעם קו,גרמים,70.00,100 גרם,false,,6.90,9.8571,true,1,159449
9002975393850,false,סוכריות גילי הריבו וורמס 70 גרם,"האריבו , ג'י.אם.בי.א",AT,סוכריות גומי בטעמי פ,גרמים,70.00,100 גרם,false,,6.90,9.8571,true,1,159451
9005835313609,false,קלרו טבליות למדיח כלים 15 יחידות CLARO,,,טבליות למדיח כלים 15,גרמים,350.00,100 גרם,false,,14.90,4.2571,true,1,369387
9008700128575,false,נקטר פסיפלורה 1 ל' RAUCH,,,נקטר פסיפלורה 1 ליטר,ליטרים,1.00,ליטר,false,,11.20,11.2000,true,1,25265
9008700155458,false,נקטר גויאבה 1 ליטר ראוך,,,נקטר גויאבה 1 ליטר,ליטרים,1.00,ליטר,false,,11.20,11.2000,true,1,25270
9028800639962,false,אדלוויס הפרטובה בירת,,,אדלוויס הפרטובה בירת,מיליליטרים,330.00,"100 מ""ל",false,,10.90,3.3030,true,1,575746
9044400851672,false,סוכריות פז סוגים שונים + 3 מילויים,פז,HU,פז דמויות מתחלפות 25,גרמים,25.50,100 גרם,false,,10.90,42.7451,true,1,496818
9120025834723,false,חטיף אוראו מצונן 120 גרם,בובארד איטליה אס.פי.,IT,חטיף אוראו מצונן 120,גרמים,120.00,100 גרם,false,,14.90,12.4167,true,1,535622
9120025839896,false,חטיף מילקה מצונן 128 גרם,בובארד איטליה אס.פי.,IT,חטיף מילקה מצונן 128,גרמים,128.00,100 גרם,false,,14.90,11.6406,true,1,536358
9120097310545,false,חטיף מיני מיניונים מצונן 102.5 ג' CHOCO BITE,,,חטיף מיני מיניונים מ,גרמים,102.50,100 גרם,false,,14.90,14.5366,true,1,587069
9310072028743,false,טים טם אורגינל 200 גרם,"ארנוטס ביסקוויטס בע""",AU,טים טם אוריגינל 200,גרמים,200.00,100 גרם,false,,19.90,9.9500,true,1,13878
9310072028750,false,טים טם מצופה שוקולד,"ארנוטס ביסקוויטס בע""",AU,טים טם קרם דאבל 200,גרמים,200.00,100 גרם,false,,19.90,9.9500,true,1,13879
9322969000022,false,פריכיות 150 ג' תירס עם סויה וזרעי פשתן 150ג',אף.סי תבליני בגליל ב,AU,פריכיות תירס עם סויה,גרמים,150.00,100 גרם,false,,12.80,8.5333,true,1,6147
9322969000046,false,פריכיות תירס שומשום אורגני ריל פודס 150 ג',אף.סי תבליני בגליל ב,AU,פריכיות תירס אורגניו,גרמים,150.00,100 גרם,false,,12.80,8.5333,true,1,6149
9720188050109,false,טופוטי ממרח טופו בטעם גבינה 227 ג`,טופוטי ברנדס אינק.ג',IL,טופוטי ממרח טופו בטע,גרמים,225.00,100 גרם,false,,19.90,8.8444,true,1,6762
9720188060108,false,טופוטי ממרח על בסיס סויה בסגנון שמנת 340ג',טופוטי ברנדס אינק.ג',IL,טופוטי ממרח טופו בטע,גרמים,340.00,100 גרם,false,,19.90,5.8529,true,1,6763
9771565025005,false,`מעריב סופהשבוע`,,,`מעריב סופהשבוע`,יחידה,0.00,יחידה,false,,20.00,0.0000,true,1,35800
9771565038319,false,ידיעות אחרונות יום א,,,ידיעות אחרונות יום א,יחידה,0.00,יחידה,false,,0.50,0.0000,true,1,9995
9771565038326,false,ידיעות אחרונות יום ב,,,ידיעות אחרונות יום ב,יחידה,0.00,יחידה,false,,0.50,0.0000,true,1,9996
9771565038333,false,ידיעות אחרונות יום ג,,,ידיעות אחרונות יום ג,יחידה,0.00,יחידה,false,,0.50,0.0000,true,1,9997
9771565038340,false,ידיעות אחרונות יום ד,,,ידיעות אחרונות יום ד,יחידה,0.00,יחידה,false,,0.50,0.0000,true,1,9998
9771565038357,false,ידיעות אחרונות יום ה,,,ידיעות אחרונות יום ה,יחידה,0.00,יחידה,false,,0.50,0.0000,true,1,9999
9771565051066,false,ידיעות אחרונות יום ו,,,ידיעות אחרונות יום ו,יחידה,0.00,יחידה,false,,12.00,0.0000,true,1,10011
9921071700020,false,משחק זיכרון בינוני,,,משחק זיכרון בינוני,יחידה,0.00,יחידה,false,,49.90,0.0000,true,1,535880
