code,internal_code,name,manufacturer_name,manufacture_country,manufacturer_item_description,unit_qty,quantity,unit_of_measure,weighted,qty_in_package,price,unit_of_measure_price,allow_discount,status,item_id
55,true,משלוחים לבית,,,משלוחים לבית,יחידה,0.00,יחידה,false,,29.90,0.0000,true,1,37798
116,true,פלסטונים,,,פלסטונים,יחידה,0.00,יחידה,false,,4.90,0.0000,true,1,20448
173,true,דלעת ערמונים,,,דלעת ערמונים,קילוגרמים,1.00,"ק""ג",true,,12.90,12.9000,true,1,1733
301,true,בקבוק ריק חוזר בירה,,,בקבוק ריק חוזר בירה,יחידה,0.00,יחידה,false,,1.20,0.0000,true,1,7991
374,true,פטריות שמפניון,,,פטריות שמפניון,,1.00,יח',false,,9.90,9.9000,true,1,1735
379,true,לחמניה שמיניה דגנים,,,לחמניה שמיניה דגנים,,1.00,יח',false,,3.90,3.9000,true,1,3887
401,true,פיתה (1461303),,,פיתה (1461303),,1.00,יח',false,,2.00,2.0000,true,1,3896
505,true,כלי בית טקסטיל,,,כלי בית טקסטיל,יחידה,0.00,יחידה,false,,44.90,0.0000,true,1,29474
580,true,לחם פוקאצ*ה/ביתי/ארו,,,לחם פוקאצ*ה/ביתי/ארו,,1.00,יח',false,,12.90,12.9000,true,1,119839
996,true,חלה קלועה,,,חלה קלועה,,1.00,יח',false,,13.90,13.9000,true,1,213231
997,true,מיני חלה,,,מיני חלה,יחידה,0.00,יחידה,false,,6.90,0.0000,true,1,213232
998,true,חלה מתוקה קלועה,,,חלה מתוקה קלועה,,1.00,יח',false,,13.90,13.9000,true,1,3911
1009,true,בגט שלם,,,בגט שלם,,1.00,יח',false,,5.50,5.5000,true,1,3914
1014,true,בגט רוסטיק,,,בגט רוסטיק,,1.00,יח',false,,9.50,9.5000,true,1,119847
1028,true,חצי בגט,,,חצי בגט,,1.00,יח',false,,4.20,4.2000,true,1,119849
1058,true,חלה רגילה/חלה ציפורי,,,חלה רגילה/חלה ציפורי,,500.00,100 גרם,false,,5.17,0.0103,true,1,69089
1073,true,סופגניה גדולה בודדת,,,סופגניה גדולה בודדת,יחידה,0.00,יחידה,false,,4.30,0.0000,true,1,108126
1079,true,מיני סופגניה בודדת,,,מיני סופגניה בודדת,יחידה,0.00,יחידה,false,,3.60,0.0000,true,1,99713
1091,true,צנונית בייבי,,,צנונית בייבי,,400.00,100 גרם,false,,6.90,0.0173,true,1,1761
1103,true,לחמניה אצבע (6500),,,לחמניה אצבע (6500),,1.00,יח',false,,2.90,2.9000,true,1,68540
1201,true,לחמניה מזונות 90 גרם,,,לחמניה מזונות 90 גרם,,90.00,100 גרם,false,,2.50,0.0278,true,1,69093
1486,true,פומלה אדומה,,,פומלה אדומה,קילוגרמים,1.00,"ק""ג",true,,8.90,8.9000,true,1,1781
1488,true,אשכולית אדומה,,,אשכולית אדומה,קילוגרמים,1.00,"ק""ג",true,,6.90,6.9000,true,1,1783
1489,true,שום ירוק קצוץ,,,שום ירוק קצוץ,קילוגרמים,1.00,"ק""ג",true,,19.90,19.9000,true,1,105065
1494,true,תפו`א לבן תפזורת,,,תפו`א לבן תפזורת,קילוגרמים,1.00,"ק""ג",true,,5.90,5.9000,true,1,1789
1500,true,פלפל כתום,,,פלפל כתום,קילוגרמים,1.00,"ק""ג",true,,10.90,10.9000,true,1,1795
1501,true,עגבניות,,,עגבניות,קילוגרמים,1.00,"ק""ג",true,,7.90,7.9000,true,1,1796
1502,true,מלפפונים,,,מלפפונים,קילוגרמים,1.00,"ק""ג",true,,7.90,7.9000,true,1,1797
1503,true,גזר ארוז,,,גזר ארוז,קילוגרמים,1.00,"ק""ג",true,,5.90,5.9000,true,1,1798
1504,true,סלק,,,סלק,קילוגרמים,1.00,"ק""ג",true,,5.90,5.9000,true,1,1799
1505,true,כרוב לבן,,,כרוב לבן,קילוגרמים,1.00,"ק""ג",true,,5.90,5.9000,true,1,1800
1506,true,כרוב אדום,,,כרוב אדום,קילוגרמים,1.00,"ק""ג",true,,5.90,5.9000,true,1,1801
1507,true,כרובית,,,כרובית,קילוגרמים,1.00,"ק""ג",true,,11.90,11.9000,true,1,1802
1510,true,קישואים,,,קישואים,קילוגרמים,1.00,"ק""ג",true,,9.90,9.9000,true,1,1804
1511,true,חצילים,,,חצילים,קילוגרמים,1.00,"ק""ג",true,,8.90,8.9000,true,1,1805
1513,true,פלפל ירוק,,,פלפל ירוק,קילוגרמים,1.00,"ק""ג",true,,9.90,9.9000,true,1,1806
1515,true,פלפל חריף,,,פלפל חריף,קילוגרמים,1.00,"ק""ג",true,,10.90,10.9000,true,1,1808
1516,true,פלפל אדום,,,פלפל אדום,קילוגרמים,1.00,"ק""ג",true,,10.90,10.9000,true,1,1809
1517,true,פלפל רומרו,,,פלפל רומרו,קילוגרמים,1.00,"ק""ג",true,,14.90,14.9000,true,1,105070
1518,true,מלון,,,מלון,קילוגרמים,1.00,"ק""ג",true,,6.90,6.9000,true,1,1811
1519,true,בצל יבש,,,בצל יבש,קילוגרמים,1.00,"ק""ג",true,,4.90,4.9000,true,1,1812
1521,true,קולורבי,,,קולורבי,קילוגרמים,1.00,"ק""ג",true,,9.90,9.9000,true,1,1813
1522,true,חסה ערבית,,,חסה ערבית,,1.00,יח',false,,4.90,4.9000,true,1,1814
1535,true,תפו`א אדום ארוז,,,תפו`א אדום ארוז,קילוגרמים,1.00,"ק""ג",true,,5.90,5.9000,true,1,1826
1542,true,ערמונים,,,ערמונים,קילוגרמים,1.00,"ק""ג",true,,18.90,18.9000,true,1,1833
1545,true,שום ארוז ייבוא יח',,,שום ארוז ייבוא יח',,1.00,יח',false,,5.90,5.9000,true,1,1836
1547,true,שומר,,,שומר,קילוגרמים,1.00,"ק""ג",true,,7.90,7.9000,true,1,1838
1550,true,תפו`א לבן ארוז,,,תפו`א לבן ארוז,קילוגרמים,1.00,"ק""ג",true,,4.90,4.9000,true,1,1841
1551,true,לימון,,,לימון,קילוגרמים,1.00,"ק""ג",true,,8.90,8.9000,true,1,1842
1552,true,תפוז,,,תפוז,קילוגרמים,1.00,"ק""ג",true,,6.90,6.9000,true,1,1843
1553,true,ענב לבן,,,ענב לבן,קילוגרמים,1.00,"ק""ג",true,,29.90,29.9000,true,1,1844
1555,true,תפוז ארוז,,,תפוז ארוז,קילוגרמים,1.00,"ק""ג",true,,5.90,5.9000,true,1,1846
1556,true,בננה מובחרת,,,בננה מובחרת,קילוגרמים,1.00,"ק""ג",true,,7.90,7.9000,true,1,1847
1557,true,צנון,,,צנון,קילוגרמים,1.00,"ק""ג",true,,8.90,8.9000,true,1,1848
1560,true,דלעת ארוזה,,,דלעת ארוזה,קילוגרמים,1.00,"ק""ג",true,,10.90,10.9000,true,1,1851
1561,true,תפוח עץ זהוב,,,תפוח עץ זהוב,קילוגרמים,1.00,"ק""ג",true,,11.90,11.9000,true,1,1852
1563,true,תפוח עץ חרמון,,,תפוח עץ חרמון,קילוגרמים,1.00,"ק""ג",true,,10.90,10.9000,true,1,1854
1564,true,תפוח עץ סמיט,,,תפוח עץ סמיט,קילוגרמים,1.00,"ק""ג",true,,10.90,10.9000,true,1,1855
1568,true,רימון,,,רימון,קילוגרמים,1.00,"ק""ג",true,,9.90,9.9000,true,1,1858
1570,true,קלמנטינה,,,קלמנטינה,קילוגרמים,1.00,"ק""ג",true,,6.90,6.9000,true,1,1860
1572,true,אבוקדו מובחר,,,אבוקדו מובחר,קילוגרמים,1.00,"ק""ג",true,,11.90,11.9000,true,1,1862
1573,true,מנגו,,,מנגו,קילוגרמים,1.00,"ק""ג",true,,15.90,15.9000,true,1,1863
1574,true,בטטה מתוקה,,,בטטה מתוקה,קילוגרמים,1.00,"ק""ג",true,,9.90,9.9000,true,1,1864
1576,true,אגס,,,אגס,קילוגרמים,1.00,"ק""ג",true,,12.90,12.9000,true,1,1865
1581,true,פלפל צהוב,,,פלפל צהוב,קילוגרמים,1.00,"ק""ג",true,,10.90,10.9000,true,1,1869
1588,true,תירס ארוז,,,תירס ארוז,קילוגרמים,1.00,"ק""ג",true,,9.90,9.9000,true,1,1874
1601,true,סלרי חתוך ליח,,,סלרי חתוך ליח,,1.00,יח',false,,6.90,6.9000,true,1,1884
1604,true,אפרסמון,,,אפרסמון,קילוגרמים,1.00,"ק""ג",true,,14.90,14.9000,true,1,1887
1613,true,דלורית,,,דלורית,קילוגרמים,1.00,"ק""ג",true,,6.90,6.9000,true,1,1895
1615,true,בצל אדום,,,בצל אדום,קילוגרמים,1.00,"ק""ג",true,,6.90,6.9000,true,1,1897
1618,true,אפרסמון קרמבו,,,אפרסמון קרמבו,קילוגרמים,1.00,"ק""ג",true,,16.90,16.9000,true,1,100391
1619,true,פומלית,,,פומלית,קילוגרמים,1.00,"ק""ג",true,,6.90,6.9000,true,1,1900
1620,true,קיווי,,,קיווי,קילוגרמים,1.00,"ק""ג",true,,18.90,18.9000,true,1,1901
1632,true,קישוא זוקיני ירוק,,,קישוא זוקיני ירוק,קילוגרמים,1.00,"ק""ג",true,,12.90,12.9000,true,1,1910
1636,true,פיטאיה,,,פיטאיה,,700.00,100 גרם,false,,19.90,0.0284,true,1,105085
1645,true,תפוח עץ גלה,,,תפוח עץ גלה,קילוגרמים,1.00,"ק""ג",true,,10.90,10.9000,true,1,1918
1683,true,תפוח עץ פינק קריפס,,,תפוח עץ פינק קריפס,קילוגרמים,1.00,"ק""ג",true,,14.90,14.9000,true,1,1941
1708,true,גזר תפזורת,,,גזר תפזורת,קילוגרמים,1.00,"ק""ג",true,,5.90,5.9000,true,1,1958
1845,true,שעועית ירוקה יח`,,,שעועית ירוקה יח`,,1.00,יח',false,,16.90,16.9000,true,1,54064
1883,true,שום יבש תפזורת,,,שום יבש תפזורת,קילוגרמים,1.00,"ק""ג",true,,19.90,19.9000,true,1,64420
1941,true,ענב שחור,,,ענב שחור,קילוגרמים,1.00,"ק""ג",true,,22.90,22.9000,true,1,84014
2000,true,"בורקס גבינה/תפו""א",,,"בורקס גבינה/תפו""א",קילוגרמים,1.00,"ק""ג",true,,44.00,44.0000,true,1,3931
4015,true,קוקוס ראש,,,קוקוס ראש,,1.00,יח',false,,6.90,6.9000,true,1,2029
4108,true,ממרח אגוזי לוז מובנ,,,ממרח אגוזי לוז מובנ,יחידה,0.00,יחידה,false,,0.01,0.0000,true,1,449801
5506,true,דונאטס בטעמים ממולא,,,דונאטס בטעמים ממולא,,65.00,100 גרם,false,,7.90,0.1215,true,1,501559
5545,true,"קוטג' 2 יח' ב-8 ש""ח",,,"קוטג' 2 יח' ב-8 ש""ח",יחידה,0.00,יחידה,false,,0.01,0.0000,true,1,503121
7233,true,קפסולות קפה סטארבקס,,,קפסולות קפה סטארבקס,יחידה,0.00,יחידה,false,,0.01,0.0000,true,1,488653
8888,true,פיקדון זיכוי לקוח,,,פיקדון זיכוי לקוח,יחידה,0.00,יחידה,false,,0.30,0.0000,true,1,39260
9992,true,יוגורט מולר אקטיב 6,,,יוגורט מולר אקטיב 6,יחידה,0.00,יחידה,false,,0.01,0.0000,true,1,468722
9999,true,פיקדון בקבוקים,,,פיקדון בקבוקים,יחידה,0.00,יחידה,false,,0.30,0.0000,true,1,9
5678585,true,ענב סקרלוטה,,,ענב סקרלוטה,קילוגרמים,1.00,"ק""ג",true,,22.90,22.9000,true,1,133424
12295973,false,רוקולה 100 גר בוסת,,,רוקולה 100 גר בוסת,,1.00,יח',false,,9.90,9.9000,true,1,96164
32147230,false,מיץ לימון סיצילייה 2,,,מיץ לימון סיצילייה 2,,200.00,"100 מ""ל",false,,7.90,0.0395,true,1,7116
40084107,false,ביצת הפתעה קינדר 20,,,ביצת הפתעה קינדר 20,,20.00,100 גרם,false,,7.30,0.3650,true,1,86229
40111216,false,חטיף שוקולד באונטי 5,,,חטיף שוקולד באונטי 5,,57.00,100 גרם,false,,4.90,0.0860,true,1,15420
72940754,false,"מילקי וניל 170 מ""ל",,,"מילקי וניל 170 מ""ל",,170.00,"100 מ""ל",false,,2.90,0.0171,true,1,24895
72940761,false,מילקי שוקולד מהדרין,,,מילקי שוקולד מהדרין,,170.00,"100 מ""ל",false,,2.90,0.0171,true,1,24896
72940952,false,מילקי אקסטראה קצפת מ,,,מילקי אקסטראה קצפת מ,,110.00,"100 מ""ל",false,,4.10,0.0373,true,1,24897
72941041,false,מיני מילקי שוקולד 70,,,מיני מילקי שוקולד 70,,70.00,"100 מ""ל",false,,2.50,0.0357,true,1,24900
72945308,false,שמרית קוביות שמרים ל,,,שמרית קוביות שמרים ל,,50.00,100 גרם,false,,4.00,0.0800,true,1,24901
72961506,false,פרילי תות 1.5% 125מל,,,פרילי תות 1.5% 125מל,,125.00,"100 מ""ל",false,,3.90,0.0312,true,1,27230
72961520,false,פרילי אננס 1.5% 125מ,,,פרילי אננס 1.5% 125מ,,125.00,"100 מ""ל",false,,3.90,0.0312,true,1,27232
72961544,false,באדי תות 125מל,,,באדי תות 125מל,,125.00,"100 מ""ל",false,,3.50,0.0280,true,1,27233
72964422,false,תנובה יוגורט פרחים 4,,,תנובה יוגורט פרחים 4,,200.00,"100 מ""ל",false,,3.50,0.0175,true,1,27243
72983997,false,גולף גולד ארוך,,,גולף גולד ארוך,יחידה,0.00,יחידה,false,,30.90,0.0000,false,1,6182
72986370,false,גלידת פיינטים וניל צ,,,גלידת פיינטים וניל צ,,420.00,"100 מ""ל",false,,24.90,0.0593,true,1,15820
72986424,false,גלידת פיינטים קרם עו,,,גלידת פיינטים קרם עו,,420.00,"100 מ""ל",false,,24.90,0.0593,true,1,15821
72986448,false,גלידת טופי קרנץ,,,גלידת טופי קרנץ,,420.00,"100 מ""ל",false,,24.90,0.0593,true,1,15822
72986455,false,גלידת פיינטים ניו-יו,,,גלידת פיינטים ניו-יו,,420.00,"100 מ""ל",false,,24.90,0.0593,true,1,15823
72986479,false,גלידת פיינטים צאנקי,,,גלידת פיינטים צאנקי,,420.00,"100 מ""ל",false,,24.90,0.0593,true,1,15824
72989425,false,גלידת פיינטים שוקולד,,,גלידת פיינטים שוקולד,,500.00,"100 מ""ל",false,,24.90,0.0498,true,1,15826
72991374,false,טיים רד,,,טיים רד,יחידה,0.00,יחידה,false,,29.90,0.0000,false,1,6184
72991381,false,טיים רד ארוך,,,טיים רד ארוך,יחידה,0.00,יחידה,false,,29.90,0.0000,false,1,6185
72991886,false,גלידת בן&גריס פיינט,,,גלידת בן&גריס פיינט,,750.00,"100 מ""ל",false,,24.90,0.0332,true,1,15827
72993637,false,דני מהדרין שוקו בודד,,,דני מהדרין שוקו בודד,,125.00,"100 מ""ל",false,,2.90,0.0232,true,1,24904
80001287,false,חטיף גרדנה אגוז 38 ג,,,חטיף גרדנה אגוז 38 ג,,38.00,100 גרם,false,,4.90,0.1289,true,1,14468
80042556,false,עגבניות MUTTI מרוסקו,,,עגבניות MUTTI מרוסקו,,400.00,100 גרם,false,,6.90,0.0173,true,1,328042
80050025,false,טיק טק תפוז,,,טיק טק תפוז,,16.00,100 גרם,false,,3.90,0.2437,true,1,48344
80050124,false,טיק טק סוכריות,,,טיק טק סוכריות,,16.00,100 גרם,false,,3.90,0.2437,true,1,48345
80136194,false,הפי היפו 5*20ג,,,הפי היפו 5*20ג,,102.00,100 גרם,false,,14.90,0.1461,true,1,110795
80176800,false,ממרח שוקולד נוטלה 75,,,ממרח שוקולד נוטלה 75,,750.00,100 גרם,false,,27.90,0.0372,true,1,48351
80177173,false,ממרח נוטלה קקאו עם א,,,ממרח נוטלה קקאו עם א,,350.00,100 גרם,false,,15.90,0.0454,true,1,48352
80177609,false,קינדר אצבעות שוק.חלב,,,קינדר אצבעות שוק.חלב,,50.00,100 גרם,false,,5.50,0.1100,true,1,48353
80177616,false,אצבעות שוקולד קינדר,,,אצבעות שוקולד קינדר,,100.00,100 גרם,false,,8.90,0.0890,true,1,48354
80768838,false,מסטיק מנטוס וויט מנט,,,מסטיק מנטוס וויט מנט,,105.00,100 גרם,false,,18.90,0.1800,true,1,14481
80780595,false,מסטיק מנטוס ביג בבקב,,,מסטיק מנטוס ביג בבקב,,90.00,100 גרם,false,,18.90,0.2100,true,1,84066
80790990,false,מסטיק מנטוס בקבוק בט,,,מסטיק מנטוס בקבוק בט,,60.00,100 גרם,false,,10.90,0.1817,true,1,87253
80794233,false,מסטיק מנטוס ביג בבקב,,,מסטיק מנטוס ביג בבקב,,90.00,100 גרם,false,,18.90,0.2100,true,1,84067
80864295,false,מנטוס פיור וויט ללא,,,מנטוס פיור וויט ללא,,60.00,100 גרם,false,,10.90,0.1817,true,1,380645
80874652,false,קינדר קארדס חטיף בוד,,,קינדר קארדס חטיף בוד,,25.60,100 גרם,false,,4.50,0.1758,true,1,141872
80945468,false,מנטוס פיור וויט ללא,,,מנטוס פיור וויט ללא,,60.00,100 גרם,false,,10.90,0.1817,true,1,380646
80954521,false,מסטיק מנטוס פיור פרש,,,מסטיק מנטוס פיור פרש,,28.00,100 גרם,false,,5.50,0.1964,true,1,293349
87108538,false,מנטוס תות בגליל 37.5,,,מנטוס תות בגליל 37.5,,37.50,100 גרם,false,,4.50,0.1200,true,1,14502
87108651,false,סוכריות מנטוס מנטה 1,,,סוכריות מנטוס מנטה 1,,150.00,100 גרם,false,,11.90,0.0793,true,1,14503
87108712,false,סוכריות מנטוס פירות,,,סוכריות מנטוס פירות,,150.00,100 גרם,false,,11.90,0.0793,true,1,14504
87311396,false,מנטוס סוכריות גליל,,,מנטוס סוכריות גליל,,37.00,100 גרם,false,,4.50,0.1216,true,1,14508
90087011,false,מיץ תפוחים 1 ליטר,,,מיץ תפוחים 1 ליטר,ליטרים,1.00,ליטר,false,,12.50,12.5000,true,1,106379
90087066,false,מיץ תפוזים 100%,,,מיץ תפוזים 100%,יחידה,0.00,יחידה,false,,12.50,0.0000,true,1,95764
90087974,false,חומץ תפוחים 5% תומר,,,חומץ תפוחים 5% תומר,,750.00,"100 מ""ל",false,,15.90,0.0212,true,1,26411
198888886,false,עיגול אגורות,,,עיגול אגורות,יחידה,0.00,יחידה,false,,1.00,0.0000,true,1,55601
8112100298,false,שמן שומשום טהור לא מ,,,שמן שומשום טהור לא מ,,185.00,"100 מ""ל",false,,15.90,0.0859,true,1,15882
9800800056,false,ממרח נוטלה & GO,,,ממרח נוטלה & GO,,52.00,100 גרם,false,,5.90,0.1135,true,1,48359
10900678148,false,רדיד אלומיניום נון ס,,,רדיד אלומיניום נון ס,יחידה,0.00,יחידה,false,,15.90,0.0000,true,1,377341
11210000094,false,טבסקו,,,טבסקו,,60.00,"100 מ""ל",false,,12.90,0.2150,true,1,51076
13300555392,false,תערובת עוגה מיקס ברא,,,תערובת עוגה מיקס ברא,,432.00,100 גרם,false,,19.90,0.0461,true,1,445944
16000185517,false,פייבר1- דגני בוקר עת,,,פייבר1- דגני בוקר עת,,555.00,100 גרם,false,,26.90,0.0485,true,1,375685
16000548404,false,חטיף קראנצי גרנולה ש,,,חטיף קראנצי גרנולה ש,,210.00,100 גרם,false,,21.90,0.1043,true,1,69928
16000548503,false,חטיף קראנצי גרנולה מ,,,חטיף קראנצי גרנולה מ,,210.00,100 גרם,false,,21.90,0.1043,true,1,14518
16229924263,false,"קרם קוקוס 250 מ""ל.",,,"קרם קוקוס 250 מ""ל.",,250.00,"100 מ""ל",false,,10.90,0.0436,true,1,112642
25675120037,false,חמצוצים מקלות תות 10,,,חמצוצים מקלות תות 10,,100.00,100 גרם,false,,10.90,0.1090,true,1,5433
25675120068,false,חמצוצים מקלות קולה 1,,,חמצוצים מקלות קולה 1,,100.00,100 גרם,false,,10.90,0.1090,true,1,5435
30000315958,false,פרוטאין בננה אגוזים,,,פרוטאין בננה אגוזים,,366.00,100 גרם,false,,23.90,0.0653,true,1,144957
30000315989,false,פרוטאין חמוציות ושקד,,,פרוטאין חמוציות ושקד,,372.00,100 גרם,false,,23.90,0.0642,true,1,144958
36000516890,false,קלינקס לושן תלת שכבת,,,קלינקס לושן תלת שכבת,יחידה,0.00,יחידה,false,,21.90,0.0000,true,1,207997
37600207188,false,סקיפי חמאת בוטנים קל,,,סקיפי חמאת בוטנים קל,,462.00,100 גרם,false,,20.90,0.0452,true,1,6873
38000232152,false,פרינגלס ביג ברביקיו,,,פרינגלס ביג ברביקיו,,158.00,100 גרם,false,,10.90,0.0690,true,1,218816
38000232176,false,פרינגלס ביג שמנת בצל,,,פרינגלס ביג שמנת בצל,,158.00,100 גרם,false,,10.90,0.0690,true,1,218817
38000232183,false,פרינגלס ביג אורגינל,,,פרינגלס ביג אורגינל,,158.00,100 גרם,false,,10.90,0.0690,true,1,218818
38527591060,false,דגני בוקר מרובעים קו,,,דגני בוקר מרובעים קו,,412.00,100 גרם,false,,22.70,0.0551,true,1,71256
44600300580,false,כלורקס קלין אפ פרש כ,,,כלורקס קלין אפ פרש כ,,946.00,"100 מ""ל",false,,20.90,0.0221,true,1,304657
46214382259,false,מרבה עוגיות בראוניס,,,מרבה עוגיות בראוניס,,225.00,100 גרם,false,,10.90,0.0484,true,1,71054
46214731552,false,מרבה עוגיות שוקולד צ,,,מרבה עוגיות שוקולד צ,,225.00,100 גרם,false,,10.90,0.0484,true,1,23432
50000015474,false,פריסקיז מעדני הים 4*,,,פריסקיז מעדני הים 4*,קילוגרמים,1.40,"ק""ג",false,,39.90,28.5000,true,1,313023
50000168583,false,פריסקיז אקסטרא קראננ,,,פריסקיז אקסטרא קראננ,קילוגרמים,1.42,"ק""ג",false,,39.90,28.0986,true,1,312996
50000237951,false,פריסקיז פארטי מיקס מ,,,פריסקיז פארטי מיקס מ,,60.00,100 גרם,false,,13.90,0.2317,true,1,477516
50000238910,false,פריסקיז פארטי מיקס א,,,פריסקיז פארטי מיקס א,,60.00,100 גרם,false,,13.90,0.2317,true,1,477517
50000429646,false,פנסי פיסט פטה דג אוק,,,פנסי פיסט פטה דג אוק,,85.00,100 גרם,false,,6.90,0.0812,true,1,21165
50000574414,false,פריסקיז פארטי מיקס פ,,,פריסקיז פארטי מיקס פ,,60.00,100 גרם,false,,13.90,0.2317,true,1,477518
54881000048,false,תה שחור מבחר פרי הדר,,,תה שחור מבחר פרי הדר,,695.00,100 גרם,false,,10.90,0.0157,true,1,289099
54881003971,false,תה ירוקמ בחר 20 שקיו,,,תה ירוקמ בחר 20 שקיו,,180.00,100 גרם,false,,11.90,0.0661,true,1,289119
54881004787,false,תה ירוק 100 שקיות,,,תה ירוק 100 שקיות,,180.00,100 גרם,false,,15.90,0.0883,true,1,289070
54881006958,false,תה שחור קינמון 20 שק,,,תה שחור קינמון 20 שק,,695.00,100 גרם,false,,10.90,0.0157,true,1,289103
54881006972,false,תה שחור לימון וליים,,,תה שחור לימון וליים,יחידה,0.00,יחידה,false,,10.90,0.0000,true,1,289104
54881008174,false,תה ארל גריי אחמד 100,,,תה ארל גריי אחמד 100,,180.00,100 גרם,false,,15.90,0.0883,true,1,289071
54881008181,false,תה אינגליש 100 שקיות,,,תה אינגליש 100 שקיות,,180.00,100 גרם,false,,15.90,0.0883,true,1,289072
54881016001,false,תה 4 סוגי חליטות פרי,,,תה 4 סוגי חליטות פרי,,695.00,100 גרם,false,,10.90,0.0157,true,1,289105
55369902564,false,אפלסנקס רסק תפוחי עץ,,,אפלסנקס רסק תפוחי עץ,,452.00,100 גרם,false,,14.90,0.0330,true,1,39694
70177077563,false,טווינינג ארל גריי 50,,,טווינינג ארל גריי 50,,50.00,100 גרם,false,,19.90,0.3980,true,1,131278
70177077693,false,טווינינג אינגליש ברק,,,טווינינג אינגליש ברק,,50.00,100 גרם,false,,19.90,0.3980,true,1,131279
70177173159,false,טווינינג גרין למון 4,,,טווינינג גרין למון 4,,40.00,100 גרם,false,,21.90,0.5475,true,1,131282
70177173166,false,טווינינג גרין ג'סמין,,,טווינינג גרין ג'סמין,,45.00,100 גרם,false,,21.90,0.4867,true,1,131283
70177177669,false,טווינינג חליטה למון,,,טווינינג חליטה למון,,30.00,100 גרם,false,,18.90,0.6300,true,1,131294
76840100583,false,גלידה וניל +בצק עוגי,,,גלידה וניל +בצק עוגי,,473.00,"100 מ""ל",false,,24.90,0.0526,true,1,15837
77245110610,false,סוכריות מאסט ללא סוכ,,,סוכריות מאסט ללא סוכ,,80.00,100 גרם,false,,8.90,0.1113,true,1,24177
77975036976,false,סניידרס מטבל סלסה בח,,,סניידרס מטבל סלסה בח,,439.00,100 גרם,false,,18.90,0.0431,true,1,14555
77975094778,false,סניידרס שברי בייגלה,,,סניידרס שברי בייגלה,,340.00,100 גרם,false,,21.50,0.0632,true,1,339297
80002760287,false,ספר נפלאות,,,ספר נפלאות,יחידה,0.00,יחידה,false,,39.90,0.0000,true,1,201351
611745285685,true,אבוקדו בשל יח,,,אבוקדו בשל יח,,470.00,100 גרם,false,,9.90,0.0211,true,1,112395
613008742348,false,אריזונה ג'נסנג ודבש,,,אריזונה ג'נסנג ודבש,ליטרים,1.00,ליטר,false,,12.80,12.8000,true,1,270646
613008755461,false,אריזונה אוכמניות בקב,,,אריזונה אוכמניות בקב,ליטרים,1.00,ליטר,false,,12.80,12.8000,true,1,270648
628154383659,false,דגני בוקר פרוטי פבלס,,,דגני בוקר פרוטי פבלס,,311.00,100 גרם,false,,26.90,0.0865,true,1,419575
633016004030,false,מיני ברוקולי פרחים א,,,מיני ברוקולי פרחים א,,680.00,100 גרם,false,,26.90,0.0396,true,1,403154
634065851149,false,כבל אוקס,,,כבל אוקס,יחידה,0.00,יחידה,false,,19.90,0.0000,true,1,430455
634065859329,false,אוזנייה שחורה,,,אוזנייה שחורה,יחידה,0.00,יחידה,false,,29.90,0.0000,true,1,430456
645173911038,false,מלפפונים קורנישון מי,,,מלפפונים קורנישון מי,,720.00,100 גרם,false,,11.90,0.0165,true,1,26414
649660432020,false,הייל ויו שזיפים מיוב,,,הייל ויו שזיפים מיוב,,567.00,100 גרם,false,,29.90,0.0527,true,1,331870
651080161510,false,פלקרס קיסם עם חוט ג',,,פלקרס קיסם עם חוט ג',יחידה,0.00,יחידה,false,,9.90,0.0000,true,1,94368
693493186872,true,פיתה כוסמין 10 יח' פ,,,פיתה כוסמין 10 יח' פ,,600.00,100 גרם,false,,16.90,0.0282,true,1,511036
710535495539,false,"אבאל אורז בסמטי 1 ק""",,,"אבאל אורז בסמטי 1 ק""",קילוגרמים,1.00,"ק""ג",false,,11.90,11.9000,true,1,250393
728229123590,false,טרה צ'יפס ירקות שורש,,,טרה צ'יפס ירקות שורש,,110.00,100 גרם,false,,15.90,0.1445,true,1,7143
728229124764,false,טרה צ'יפס חטיף בטטה,,,טרה צ'יפס חטיף בטטה,,110.00,100 גרם,false,,15.90,0.1445,true,1,136783
728229130154,false,טרה צ'יפס חטיף בטטה,,,טרה צ'יפס חטיף בטטה,,110.00,100 גרם,false,,15.90,0.1445,true,1,7147
768404001640,false,גלידה פיינטס קפה 473,,,גלידה פיינטס קפה 473,,473.00,"100 מ""ל",false,,24.90,0.0526,true,1,15859
786150000281,false,בירה חזקה לף בראון 3,,,בירה חזקה לף בראון 3,ליטרים,1.98,ליטר,false,,49.90,25.2020,true,1,415271
818570007066,false,וטקינס וניל טהור 2,,,וטקינס וניל טהור 2,,29.00,"100 מ""ל",false,,33.90,1.1690,true,1,111790
833949000264,false,סירופ מייפל אמיתי 10,,,סירופ מייפל אמיתי 10,,330.00,100 גרם,false,,30.90,0.0936,true,1,277725
835811001676,false,תבנית גדולה 9 יח. R-,,,תבנית גדולה 9 יח. R-,יחידה,0.00,יחידה,false,,13.90,0.0000,true,1,8880
835811003588,false,צלחות קלאסי לבן גדול,,,צלחות קלאסי לבן גדול,יחידה,0.00,יחידה,false,,35.90,0.0000,true,1,413244
835811003595,false,צלחות קלאסי לבן קטן,,,צלחות קלאסי לבן קטן,יחידה,0.00,יחידה,false,,25.90,0.0000,true,1,413245
835811004066,false,צלחות מרובעות קטנות,,,צלחות מרובעות קטנות,,10.00,יח',false,,13.90,1.3900,true,1,364169
835811005810,false,תבנית אלומיניום מרוב,,,תבנית אלומיניום מרוב,יחידה,0.00,יחידה,false,,13.90,0.0000,true,1,8970
835811008347,false,גפרור ענק,,,גפרור ענק,יחידה,0.00,יחידה,false,,7.90,0.0000,true,1,9062
835811008958,false,כפיות 50 יח שקוף עבה,,,כפיות 50 יח שקוף עבה,יחידה,0.00,יחידה,false,,17.90,0.0000,true,1,9079
839762000658,false,איילנד נקטר גויאבה 1,,,איילנד נקטר גויאבה 1,ליטרים,1.00,ליטר,false,,12.50,12.5000,true,1,10882
856591000512,false,עבדי עוגיות מזרחי מק,,,עבדי עוגיות מזרחי מק,,400.00,100 גרם,false,,19.70,0.0492,true,1,26160
884912359155,false,דגני בוקר שיבולת שוע,,,דגני בוקר שיבולת שוע,,340.00,100 גרם,false,,26.70,0.0785,true,1,415388
884912359483,false,דגני בוקר שיבולת שוע,,,דגני בוקר שיבולת שוע,,311.00,100 גרם,false,,26.70,0.0859,true,1,415405
884912365200,false,דגני בוקר עם פירורי,,,דגני בוקר עם פירורי,,311.00,100 גרם,false,,26.90,0.0865,true,1,478281
3010470155299,false,פריסקיז פטה בקר וירק,,,פריסקיז פטה בקר וירק,,400.00,100 גרם,false,,10.90,0.0273,true,1,86735
3014260201753,false,סכיני גילוח חד פעמיי,,,סכיני גילוח חד פעמיי,יחידה,0.00,יחידה,false,,14.80,0.0000,true,1,28590
3045206360609,false,דזיטול נוזל מחטא בגד,,,דזיטול נוזל מחטא בגד,,1.00,"100 מ""ל",false,,25.90,25.9000,true,1,421342
3046920028363,false,לינדט אקסלנס 85% 100,,,לינדט אקסלנס 85% 100,,100.00,100 גרם,false,,17.90,0.1790,true,1,15456
3046920028752,false,לינדט אקסלנס מריר מנ,,,לינדט אקסלנס מריר מנ,,100.00,100 גרם,false,,17.90,0.1790,true,1,15458
3046920029681,false,לינדט אקסלנס מילד 85,,,לינדט אקסלנס מילד 85,,100.00,100 גרם,false,,17.90,0.1790,true,1,256574
3046920029759,false,לינדט אקסלנס 90% 100,,,לינדט אקסלנס 90% 100,,100.00,100 גרם,false,,17.90,0.1790,true,1,15460
3059943016569,false,אירוויק ספריי פרסיה,,,אירוויק ספריי פרסיה,,240.00,"100 מ""ל",false,,12.90,0.0538,true,1,22925
3068320017846,false,מים מינרלים טבעיים מ,,,מים מינרלים טבעיים מ,ליטרים,1.00,ליטר,false,,13.90,13.9000,true,1,31788
3073781161663,false,גבינת לה וואש קירי 8,,,גבינת לה וואש קירי 8,,128.00,100 גרם,false,,13.90,0.1086,true,1,321240
3073781162790,false,בייבי בל 24% אדום 12,,,בייבי בל 24% אדום 12,,120.00,100 גרם,false,,23.90,0.1992,true,1,442481
3162330060479,false,בירה SAER BRAU 6*250,,,בירה SAER BRAU 6*250,ליטרים,1.50,ליטר,false,,15.90,10.6000,true,1,505888
3245412211393,false,שוקולד חלב מעולה קרפ,,FR,שוקולד חלב מעולה קרפ,,300.00,100 גרם,false,,8.90,0.0297,true,1,448266
3245412211409,false,שוקולד חלב מעולה עם,,FR,שוקולד חלב מעולה עם,,300.00,100 גרם,false,,16.90,0.0563,true,1,448053
3254550033279,false,גבינת קממבר 250 גרם,,,גבינת קממבר 250 גרם,,250.00,100 גרם,false,,32.90,0.1316,true,1,18561
3270190151654,false,שוקולד מריר מעולה עם,,FR,שוקולד מריר מעולה עם,,100.00,100 גרם,false,,6.90,0.0690,true,1,448070
3270190174936,false,שוקולד חלב עם תכולת,,FR,שוקולד חלב עם תכולת,,100.00,100 גרם,false,,6.90,0.0690,true,1,448087
3387390525960,false,דגני קראנץ' נסטלה 50,,,דגני קראנץ' נסטלה 50,,500.00,100 גרם,false,,26.90,0.0538,true,1,21179
3387390730852,false,דגני פיטנס נסטלה 375,,,דגני פיטנס נסטלה 375,,375.00,100 גרם,false,,22.90,0.0611,true,1,21180
3560070230778,false,קרפור-תה אנגלי שחור,,,קרפור-תה אנגלי שחור,,50.00,100 גרם,false,,7.90,0.1580,true,1,506145
3560070232963,false,קרפור-חליטת פירות יע,,,קרפור-חליטת פירות יע,,40.00,100 גרם,false,,7.90,0.1975,true,1,506063
3560070669981,false,שוקולד מריר מעולה 80,,FR,שוקולד מריר מעולה 80,,80.00,100 גרם,false,,5.90,0.0738,true,1,448038
3560070701407,false,שוקולד מריר מעולה עם,,FR,שוקולד מריר מעולה עם,,100.00,100 גרם,false,,6.90,0.0690,true,1,448071
3560070720859,false,שוקולד מריר מעולה 72,,FR,שוקולד מריר מעולה 72,,80.00,100 גרם,false,,5.90,0.0738,true,1,448055
3560070800322,false,קרפור סנופלקס 375 גר,,,קרפור סנופלקס 375 גר,,375.00,100 גרם,false,,7.90,0.0211,true,1,486197
3560070826186,false,קרפור מוזלי שוקולד ו,,,קרפור מוזלי שוקולד ו,,750.00,100 גרם,false,,15.90,0.0212,true,1,486178
3560070852086,false,קרפור-תה ירוק בטעם נ,,,קרפור-תה ירוק בטעם נ,,40.00,100 גרם,false,,7.90,0.1975,true,1,506096
3560070852116,false,קרפור-תה ירוק נענע 5,,,קרפור-תה ירוק נענע 5,,80.00,100 גרם,false,,9.90,0.1238,true,1,506080
3560070888108,false,קרפור-תה שחור בטעם ל,,,קרפור-תה שחור בטעם ל,,40.00,100 גרם,false,,7.90,0.1975,true,1,506128
3560070888115,false,קרפור-חליטת טיליה 25,,,קרפור-חליטת טיליה 25,,42.50,100 גרם,false,,7.90,0.1859,true,1,506032
3560070888122,false,קרפור-חליטת קמומיל 2,,,קרפור-חליטת קמומיל 2,,30.00,100 גרם,false,,7.90,0.2633,true,1,506000
3560070888139,false,קרפור-תה שחור בטעם פ,,,קרפור-תה שחור בטעם פ,,42.50,100 גרם,false,,7.90,0.1859,true,1,506112
3560070888153,false,קרפור-תה ירוק בטעם ל,,,קרפור-תה ירוק בטעם ל,,40.00,100 גרם,false,,7.90,0.1975,true,1,506129
3560070928194,false,קרפור-חליטת לואיזה 2,,,קרפור-חליטת לואיזה 2,,32.50,100 גרם,false,,7.90,0.2431,true,1,506016
3560070928347,false,קרפור-חליטת רויבוש ו,,,קרפור-חליטת רויבוש ו,,40.00,100 גרם,false,,7.90,0.1975,true,1,506064
3560071013127,false,קרפור סטייליס עם שוק,,,קרפור סטייליס עם שוק,,300.00,100 גרם,false,,9.90,0.0330,true,1,486179
3560071013196,false,קרפור סטייליס בטעם ט,,,קרפור סטייליס בטעם ט,,500.00,100 גרם,false,,10.90,0.0218,true,1,486180
3560071015725,false,קרפור פיברה עם 5 פיר,,,קרפור פיברה עם 5 פיר,,500.00,100 גרם,false,,12.90,0.0258,true,1,486215
3560071016074,false,קרפור קורונפלקס 500,,,קרפור קורונפלקס 500,,500.00,100 גרם,false,,7.90,0.0158,true,1,486216
3560071188689,false,בירה Walberg 6*250 מ,,,בירה Walberg 6*250 מ,ליטרים,1.50,ליטר,false,,19.90,13.2667,true,1,505857
3560071341947,false,שמן זית כתית מעולה ב,,FR,שמן זית כתית מעולה ב,,750.00,"100 מ""ל",false,,11.50,0.0153,true,1,485153
3560071431914,false,קפסולות קפה קרפור עו,,FR,קפסולות קפה קרפור עו,,52.00,100 גרם,false,,7.90,0.1519,true,1,487161
3560071431945,false,קפסולות קפה קרפור עו,,FR,קפסולות קפה קרפור עו,,52.00,100 גרם,false,,7.90,0.1519,true,1,487178
3560071432003,false,קפסולות קפה קרפור עו,,FR,קפסולות קפה קרפור עו,,52.00,100 גרם,false,,7.90,0.1519,true,1,487179
3560071432034,false,קפסולות קפה נטול קרפ,,FR,קפסולות קפה נטול קרפ,,52.00,100 גרם,false,,7.90,0.1519,true,1,487180
3560071432065,false,קפסולות קפה קרפור עו,,FR,קפסולות קפה קרפור עו,,52.00,100 גרם,false,,7.90,0.1519,true,1,487181
3560071432096,false,קפסולות קפה קרפור עו,,FR,קפסולות קפה קרפור עו,,52.00,100 גרם,false,,7.90,0.1519,true,1,487182
3560071432157,false,קפסולות קפה וניל קרפ,,FR,קפסולות קפה וניל קרפ,,52.00,100 גרם,false,,7.90,0.1519,true,1,487183
3560071432188,false,קפסולות קפה קרמל קרפ,,FR,קפסולות קפה קרמל קרפ,,52.00,100 גרם,false,,7.90,0.1519,true,1,487184
3560071432218,false,קפסולות קפה אגוז קרפ,,FR,קפסולות קפה אגוז קרפ,,52.00,100 גרם,false,,7.90,0.1519,true,1,487185
3560071432249,false,קפסולות קפה ברזיל קר,,FR,קפסולות קפה ברזיל קר,,52.00,100 גרם,false,,7.90,0.1519,true,1,487186
3560071432270,false,קפסולות קפה קולומביה,,FR,קפסולות קפה קולומביה,,52.00,100 גרם,false,,7.90,0.1519,true,1,487187
3560071432300,false,קפסולות קפה אתיופיה,,FR,קפסולות קפה אתיופיה,,52.00,100 גרם,false,,7.90,0.1519,true,1,487188
3560071432331,false,קפסולות קפה לאוס קרפ,,FR,קפסולות קפה לאוס קרפ,,52.00,100 גרם,false,,7.90,0.1519,true,1,487189
3560071432393,false,קפסולות קפה קוסטה רי,,FR,קפסולות קפה קוסטה רי,,52.00,100 גרם,false,,7.90,0.1519,true,1,487191
3560071432515,false,קפסולות קפה קרפור עו,,FR,קפסולות קפה קרפור עו,,52.00,100 גרם,false,,7.90,0.1519,true,1,487192
3560071432690,false,קפסולות קפה קרפור עו,,FR,קפסולות קפה קרפור עו,,52.00,100 גרם,false,,7.90,0.1519,true,1,487193
3574661114637,false,מי פה זירו ליסטרין 5,,,מי פה זירו ליסטרין 5,,500.00,"100 מ""ל",false,,23.90,0.0478,true,1,31583
3574669907828,false,ג'ונסון בייבי שמפו,,,ג'ונסון בייבי שמפו,,330.00,"100 מ""ל",false,,7.90,0.0239,true,1,346958
3600523642489,false,מסכה לשיער 6 שמנים א,,,מסכה לשיער 6 שמנים א,,300.00,"100 מ""ל",false,,28.90,0.0963,true,1,143191
3600523652280,false,שמפו 6 שמנים אלביב 5,,,שמפו 6 שמנים אלביב 5,,550.00,"100 מ""ל",false,,17.90,0.0325,true,1,127184
3600523652297,false,מרכך 6 שמנים אלביב 5,,,מרכך 6 שמנים אלביב 5,,550.00,"100 מ""ל",false,,17.90,0.0325,true,1,127185
3600523782567,false,שמפו דרים לונג אלביב,,,שמפו דרים לונג אלביב,,500.00,"100 מ""ל",false,,17.90,0.0358,true,1,145940
3600524051334,false,אלביב מרכך היאלורוני,,,אלביב מרכך היאלורוני,,400.00,"100 מ""ל",false,,15.90,0.0398,true,1,457426
3600524055400,false,אלביב שמפו היאלורוני,,,אלביב שמפו היאלורוני,,400.00,"100 מ""ל",false,,15.90,0.0398,true,1,457427
3600540928863,false,דאודורנט רול מיניראל,,,דאודורנט רול מיניראל,,50.00,"100 מ""ל",false,,15.90,0.3180,true,1,14163
3607343817547,false,דאודורנט ספריי לגבר,,,דאודורנט ספריי לגבר,,150.00,"100 מ""ל",false,,13.90,0.0927,true,1,275779
3608580075646,false,קונפיטורה שזיף 370 ג,,,קונפיטורה שזיף 370 ג,,370.00,100 גרם,false,,21.90,0.0592,true,1,451031
3608580730231,false,קונפיטורה תות 370 גר,,,קונפיטורה תות 370 גר,,370.00,100 גרם,false,,21.90,0.0592,true,1,22770
3608580730248,false,קונפיטורה דובדבן 370,,,קונפיטורה דובדבן 370,,370.00,100 גרם,false,,21.90,0.0592,true,1,22771
3608580730255,false,קונפיטורה משמש 370 ג,,,קונפיטורה משמש 370 ג,,370.00,100 גרם,false,,21.90,0.0592,true,1,22772
4000417025005,false,שוקולד ריטר ספורט מר,,,שוקולד ריטר ספורט מר,,100.00,100 גרם,false,,10.40,0.1040,true,1,14572
4000417222008,false,ריטר שוקולד ספורט חל,,,ריטר שוקולד ספורט חל,,100.00,100 גרם,false,,10.40,0.1040,true,1,14576
4000539280726,false,לינדט אקסלנס 70% 100,,,לינדט אקסלנס 70% 100,,100.00,100 גרם,false,,17.90,0.1790,true,1,464917
4002448019480,false,סיליט באנג ספריי מסי,,,סיליט באנג ספריי מסי,,750.00,"100 מ""ל",false,,17.90,0.0239,true,1,22944
4004666042004,false,מלרוד מחסל עובש+מרסס,,,מלרוד מחסל עובש+מרסס,,500.00,"100 מ""ל",false,,35.60,0.0712,true,1,12855
4005808366392,false,שפתון כחול למניעת יו,,,שפתון כחול למניעת יו,,4.80,100 גרם,false,,12.90,2.6875,true,1,1078
4005808502004,false,שפתון לבלו ורוד בשרי,,,שפתון לבלו ורוד בשרי,,4.80,100 גרם,false,,12.90,2.6875,true,1,1081
4005808588640,false,קרם גילוח ניוואה לעו,,,קרם גילוח ניוואה לעו,,100.00,"100 מ""ל",false,,14.90,0.1490,true,1,234901
4005900036476,false,דאו' רולאון ניוואה 5,,,דאו' רולאון ניוואה 5,,50.00,"100 מ""ל",false,,16.90,0.3380,true,1,1145
4005900513069,false,דאו' רול און לגבר די,,,דאו' רול און לגבר די,,50.00,"100 מ""ל",false,,16.90,0.3380,true,1,131939
4005900555915,false,ניוואה קאר תחליב רחצ,,,ניוואה קאר תחליב רחצ,,750.00,"100 מ""ל",false,,17.90,0.0239,true,1,397876
4005900648181,false,תחליב רחצה creme alo,,,תחליב רחצה creme alo,,750.00,"100 מ""ל",false,,17.90,0.0239,true,1,397861
4005900816016,false,NIVEA דאודורנט ספריי,,,NIVEA דאודורנט ספריי,,150.00,"100 מ""ל",false,,13.90,0.0927,true,1,1160
4007745058804,false,מיונז אורגני 340 גרם,,,מיונז אורגני 340 גרם,,340.00,100 גרם,false,,22.90,0.0674,true,1,277708
4008287051032,false,בירה קרומבכר פילס בפ,,,בירה קרומבכר פילס בפ,,500.00,"100 מ""ל",false,,11.20,0.0224,true,1,429591
4008287762020,false,בירה קרומבאכר חיטה 5,,,בירה קרומבאכר חיטה 5,,500.00,"100 מ""ל",false,,11.20,0.0224,true,1,427750
4009300522935,false,פומפדור תה ירוק לימו,,,פומפדור תה ירוק לימו,,30.00,100 גרם,false,,20.90,0.6967,true,1,23507
4009900465304,false,סקיטלס פירות חמוצים,,,סקיטלס פירות חמוצים,,174.00,100 גרם,false,,9.90,0.0569,true,1,48006
4009900479998,false,אורביט מסטיק בקבוקון,,,אורביט מסטיק בקבוקון,,64.00,100 גרם,false,,11.90,0.1859,true,1,48011
4009900539685,false,מסטיק בטעם מנטה ללא,,,מסטיק בטעם מנטה ללא,,61.80,100 גרם,false,,12.90,0.2087,true,1,412504
4009900539746,false,מסטיק בטעם אבטיח ללא,,,מסטיק בטעם אבטיח ללא,,31.80,100 גרם,false,,12.90,0.4057,true,1,412505
4011800528416,false,חטיף בייס סויט סולט,,,חטיף בייס סויט סולט,,150.00,100 גרם,false,,14.90,0.0993,true,1,202112
4011800567613,false,חטיף דגנים סנדוויץ ש,,,חטיף דגנים סנדוויץ ש,,120.00,100 גרם,false,,14.90,0.1242,true,1,7279
4011800577810,false,קורני חטיף דגנים נוג,,,קורני חטיף דגנים נוג,,150.00,100 גרם,false,,14.90,0.0993,true,1,381895
4011800628512,false,חטיף דגנים עם שוקולד,,,חטיף דגנים עם שוקולד,,150.00,100 גרם,false,,14.90,0.0993,true,1,7293
4011800633516,false,חטיף דגנים שוקולד מר,,,חטיף דגנים שוקולד מר,,138.00,100 גרם,false,,14.90,0.1080,true,1,7298
4011800636517,false,חטיף דגנים פרי עם שו,,,חטיף דגנים פרי עם שו,,120.00,100 גרם,false,,14.90,0.1242,true,1,7300
4014400904390,false,סוכריות וולמליש 325ג,,,סוכריות וולמליש 325ג,,325.00,100 גרם,false,,18.80,0.0578,true,1,14611
4014400910063,false,סוכריות חמאה וורטר 1,,,סוכריות חמאה וורטר 1,,135.00,100 גרם,false,,10.50,0.0778,true,1,14615
4014400914924,false,80 סוכריות קפה וורטר,,,80 סוכריות קפה וורטר,,80.00,100 גרם,false,,9.90,0.1238,true,1,14622
4014400923711,false,טופיפי בונבונירה שוק,,,טופיפי בונבונירה שוק,,125.00,100 גרם,false,,13.90,0.1112,true,1,14626
4014400929010,false,וופל מיני קנופרס 200,,,וופל מיני קנופרס 200,,200.00,100 גרם,false,,21.90,0.1095,true,1,420439
4014600202623,false,סוכריות בפח בטעם דוב,,,סוכריות בפח בטעם דוב,,150.00,100 גרם,false,,10.90,0.0727,true,1,462318
4014600204061,false,סוכריות בפח בטעם אפר,,,סוכריות בפח בטעם אפר,,150.00,100 גרם,false,,10.90,0.0727,true,1,462321
4015000615921,false,דאו' ספריי פה לגבר 2,,,דאו' ספריי פה לגבר 2,,200.00,"100 מ""ל",false,,9.90,0.0495,true,1,9388
4015100190793,false,מסכה שיקום אולטימטיב,,,מסכה שיקום אולטימטיב,,300.00,"100 מ""ל",false,,26.90,0.0897,true,1,107366
4015400564034,false,מגן תחתון לונג פלוס,,,מגן תחתון לונג פלוס,יחידה,0.00,יחידה,false,,18.90,0.0000,true,1,28758
4015400564454,false,מגן תחתון לארג מגה פ,,,מגן תחתון לארג מגה פ,יחידה,0.00,יחידה,false,,18.90,0.0000,true,1,28762
4015400690313,false,טמפון פרל רגולר טמפק,,,טמפון פרל רגולר טמפק,יחידה,0.00,יחידה,false,,24.90,0.0000,true,1,28800
4015400746812,false,מגן תחתון מגה פק נור,,,מגן תחתון מגה פק נור,יחידה,0.00,יחידה,false,,18.90,0.0000,true,1,28827
4015400990482,false,אבקת כביסה אריאל קול,,,אבקת כביסה אריאל קול,קילוגרמים,3.00,"ק""ג",false,,38.90,12.9667,true,1,28838
4015600762742,false,שמפו קלאסי הד&שולדרס,,,שמפו קלאסי הד&שולדרס,,500.00,"100 מ""ל",false,,19.90,0.0398,true,1,28868
4015600762902,false,שמפו מנטול הד&שולדרס,,,שמפו מנטול הד&שולדרס,,500.00,"100 מ""ל",false,,19.90,0.0398,true,1,28872
4017100364112,false,היט עוגיות סנדביץ בט,,,היט עוגיות סנדביץ בט,,220.00,100 גרם,false,,9.90,0.0450,true,1,123108
4018722344308,false,אלב גולד - טליאטלה כ,,,אלב גולד - טליאטלה כ,,500.00,100 גרם,false,,18.90,0.0378,true,1,277612
4066600999614,false,בירה פאולנר בקבוק 50,,,בירה פאולנר בקבוק 50,,500.00,"100 מ""ל",false,,13.50,0.0270,true,1,69560
4100130937163,false,"בירה בקס 6* 275 מ""ל",,,"בירה בקס 6* 275 מ""ל",ליטרים,1.65,ליטר,false,,30.90,18.7273,true,1,11743
4260147890513,false,אטריות ביצים דקות במ,,,אטריות ביצים דקות במ,,500.00,100 גרם,false,,12.90,0.0258,true,1,120280
4710068001692,false,מאסטר קפה לאטה פחית,,,מאסטר קפה לאטה פחית,,240.00,"100 מ""ל",false,,6.90,0.0288,true,1,10890
4710068001715,false,מאסטר קפה טירמיסו 24,,,מאסטר קפה טירמיסו 24,,240.00,"100 מ""ל",false,,6.90,0.0288,true,1,42804
4710068002798,false,מאסטר קפה וונילה פחי,,,מאסטר קפה וונילה פחי,,240.00,"100 מ""ל",false,,6.90,0.0288,true,1,145135
4710068003313,false,מאסטר קפה אמריקנו בל,,,מאסטר קפה אמריקנו בל,,240.00,"100 מ""ל",false,,7.90,0.0329,true,1,369612
4796019790020,false,גרין קוקו - שמן קוקו,,,גרין קוקו - שמן קוקו,,500.00,"100 מ""ל",false,,25.90,0.0518,true,1,277163
4860009000014,false,תומר מיץ רימונים גרו,,,תומר מיץ רימונים גרו,ליטרים,1.00,ליטר,false,,19.90,19.9000,true,1,26440
4860019001346,false,בורז'ומי מים מינרליי,,,בורז'ומי מים מינרליי,,500.00,"100 מ""ל",false,,8.90,0.0178,true,1,12684
4860019001414,false,בורז'ומי מים מינרלים,,,בורז'ומי מים מינרלים,,750.00,"100 מ""ל",false,,8.90,0.0119,true,1,12686
4903001904192,false,רוטב סויה יאמאסה פרמ,,,רוטב סויה יאמאסה פרמ,,500.00,"100 מ""ל",false,,18.90,0.0378,true,1,14643
4903001925784,false,רוטב סויה יאמאסה דל,,,רוטב סויה יאמאסה דל,,500.00,"100 מ""ל",false,,18.90,0.0378,true,1,14645
5000146048688,false,ברסו לניקוי כלי נחוש,,,ברסו לניקוי כלי נחוש,,75.00,100 גרם,false,,14.90,0.1987,true,1,22953
5000157143365,false,מתבל בטעם מיונז וקטש,,,מתבל בטעם מיונז וקטש,,425.00,"100 מ""ל",false,,15.90,0.0374,true,1,212728
5000159407236,false,חטיף מרס 51 גרם,,,חטיף מרס 51 גרם,,51.00,100 גרם,false,,4.90,0.0961,true,1,15487
5000159414197,false,מלטיזרס 135 גרם,,,מלטיזרס 135 גרם,,135.00,100 גרם,false,,12.90,0.0956,true,1,455345
5000159452663,false,חטיף מרס מארז 5*2 22,,,חטיף מרס מארז 5*2 22,,225.00,100 גרם,false,,12.90,0.0573,true,1,321219
5000204114867,false,גלייד ארוסול בניחוח,,,גלייד ארוסול בניחוח,,300.00,"100 מ""ל",false,,8.90,0.0297,true,1,212925
5000204114898,false,גלייד ארוסול בניחוח,,,גלייד ארוסול בניחוח,,300.00,"100 מ""ל",false,,8.90,0.0297,true,1,212926
5000204115048,false,גלייד ארוסול בניחוח,,,גלייד ארוסול בניחוח,,300.00,"100 מ""ל",false,,8.90,0.0297,true,1,212930
5000204133509,false,זיפלוק שקיות אחסון ג,,,זיפלוק שקיות אחסון ג,,208.00,100 גרם,false,,13.90,0.0668,true,1,279472
5000204196924,false,רייד נוזל מילוי זוג,,,רייד נוזל מילוי זוג,יחידה,0.00,יחידה,false,,32.90,0.0000,true,1,421327
5000394137486,false,סוללות דורסל רבעיות,,,סוללות דורסל רבעיות,יחידה,0.00,יחידה,false,,23.90,0.0000,true,1,415220
5010182996799,false,דאק ג'ל אסלה בניחוח,,,דאק ג'ל אסלה בניחוח,,55.00,"100 מ""ל",false,,9.90,0.1800,true,1,7341
5010182997338,false,דאק ג'ל אסלה ניחוח ר,,,דאק ג'ל אסלה ניחוח ר,,55.00,100 גרם,false,,9.90,0.1800,true,1,7344
5010182997918,false,דאק ג'ל אסלה ניחוח י,,,דאק ג'ל אסלה ניחוח י,,55.00,100 גרם,false,,9.90,0.1800,true,1,7349
5010677551397,false,בקרדי בריזר ליים,,,בקרדי בריזר ליים,,275.00,"100 מ""ל",false,,14.90,0.0542,true,1,120697
5014271300429,false,סאן דלפור מעדן משמש,,,סאן דלפור מעדן משמש,,284.00,100 גרם,false,,22.90,0.0806,true,1,18588
5014271360423,false,סאן דלפור מעדן תפוז,,,סאן דלפור מעדן תפוז,,284.00,100 גרם,false,,22.90,0.0806,true,1,18592
5014271400426,false,סאן דלפור מעדן תות ש,,,סאן דלפור מעדן תות ש,,284.00,100 גרם,false,,22.90,0.0806,true,1,18596
5029053002408,false,נייר טואלט קליניקס ל,,,נייר טואלט קליניקס ל,,275.00,מטר,false,,34.90,0.1269,true,1,10348
5029053510811,false,תחבושות אולטרה נורמל,,,תחבושות אולטרה נורמל,יחידה,0.00,יחידה,false,,19.90,0.0000,true,1,10353
5029053578309,false,טישו אולטרה סופט קוב,,,טישו אולטרה סופט קוב,יחידה,0.00,יחידה,false,,7.90,0.0000,true,1,361341
5060517886486,false,מונסטר אנרג'י פחית 5,,,מונסטר אנרג'י פחית 5,,500.00,"100 מ""ל",false,,7.90,0.0158,true,1,212729
5060751218173,false,מונסטר פייפלין פאנץ',,,מונסטר פייפלין פאנץ',,500.00,"100 מ""ל",false,,7.90,0.0158,true,1,430888
5201004021328,false,קפריס רולס קלאסיק 11,,,קפריס רולס קלאסיק 11,,115.00,100 גרם,false,,9.90,0.0861,true,1,296849
5201340026704,false,טונה מעושנת פיקנטי 1,,,טונה מעושנת פיקנטי 1,,160.00,100 גרם,false,,17.90,0.1119,true,1,368188
5201940010110,false,זיתים שחורים קלמטה ו,,,זיתים שחורים קלמטה ו,,250.00,100 גרם,false,,17.90,0.0716,true,1,4591
5203064007625,false,תומר עוגיות שוקו צ'י,,,תומר עוגיות שוקו צ'י,,180.00,100 גרם,false,,11.90,0.0661,true,1,382208
5203064007649,false,תומר עוגיות שוקו צ'י,,,תומר עוגיות שוקו צ'י,,180.00,100 גרם,false,,11.90,0.0661,true,1,382210
5391523058070,false,סימילאק אדוונס פלוס,,,סימילאק אדוונס פלוס,,700.00,100 גרם,false,,65.90,0.0941,true,1,129104
5410076933129,false,אריאל שושן צחור שקית,,,אריאל שושן צחור שקית,קילוגרמים,3.00,"ק""ג",false,,38.90,12.9667,true,1,29213
5410126006087,false,לוטוס עוגיות קרמל 70,,,לוטוס עוגיות קרמל 70,,700.00,100 גרם,false,,33.60,0.0480,true,1,6976
5410126106183,false,ביסקוויט קרמל 312גרם,,,ביסקוויט קרמל 312גרם,,312.00,100 גרם,false,,19.70,0.0631,true,1,6978
5410126666038,false,עוגיות לוטוס 279 גרם,,,עוגיות לוטוס 279 גרם,,279.00,100 גרם,false,,16.90,0.0606,true,1,132813
5410126716016,false,ביסקוויט בטעם קרמל ל,,,ביסקוויט בטעם קרמל ל,,250.00,100 גרם,false,,12.90,0.0516,true,1,29220
5410769200088,false,"בירה מק שוף 330 מ""ל",,,"בירה מק שוף 330 מ""ל",,330.00,"100 מ""ל",false,,14.90,0.0452,true,1,130134
5411188080268,false,אלפרו משקה סויה אורג,,,אלפרו משקה סויה אורג,ליטרים,1.00,ליטר,false,,14.90,14.9000,true,1,23545
5411188081852,false,אלפרו משקה סויה בטעם,,,אלפרו משקה סויה בטעם,יחידה,0.00,יחידה,false,,14.90,0.0000,true,1,23546
5411188110835,false,אלפרו משקה שקדים 1 ל,,,אלפרו משקה שקדים 1 ל,ליטרים,1.00,ליטר,false,,16.80,16.8000,true,1,23552
5411188112549,false,אלפרו משקה אורז 1ל,,,אלפרו משקה אורז 1ל,ליטרים,1.00,ליטר,false,,16.80,16.8000,true,1,23555
5411188112709,false,אלפרו משקה שקדים ללא,,,אלפרו משקה שקדים ללא,יחידה,0.00,יחידה,false,,16.80,0.0000,true,1,23556
5411188115366,false,אלפרו משקה שיבולת שו,,,אלפרו משקה שיבולת שו,יחידה,0.00,יחידה,false,,16.80,0.0000,true,1,23559
5411188115434,false,אלפרו משקה בריסטה סו,,,אלפרו משקה בריסטה סו,,1.00,100 ליטר,false,,16.80,16.8000,true,1,441358
5411188115472,false,אלפרו משקה סויה 1 לי,,,אלפרו משקה סויה 1 לי,ליטרים,1.00,ליטר,false,,14.90,14.9000,true,1,260432
5411188120742,false,אלפרו משקה שקדים בטע,,,אלפרו משקה שקדים בטע,ליטרים,1.00,ליטר,false,,16.80,16.8000,true,1,23566
5411188121923,false,אלפרו סויה סידן שלש,,,אלפרו סויה סידן שלש,,750.00,"100 מ""ל",false,,15.90,0.0212,true,1,115080
5411188122661,false,אלפרו משקה שקדים לא,,,אלפרו משקה שקדים לא,יחידה,0.00,יחידה,false,,16.80,0.0000,true,1,79228
5411188124689,false,אלפרו משקה שיבולת שו,,,אלפרו משקה שיבולת שו,יחידה,0.00,יחידה,false,,16.80,0.0000,true,1,285709
5411188124726,false,אלפרו משקה שיבולת שו,,,אלפרו משקה שיבולת שו,יחידה,0.00,יחידה,false,,16.80,0.0000,true,1,111274
5411188126195,false,אלפרו משקה שקדים אור,,,אלפרו משקה שקדים אור,ליטרים,1.00,ליטר,false,,16.80,16.8000,true,1,128564
5411188127697,false,אלפרו משקה בריסטה שי,,,אלפרו משקה בריסטה שי,יחידה,0.00,יחידה,false,,16.80,0.0000,true,1,260433
5411188129899,false,אלפרו משקה בריסטה שק,,,אלפרו משקה בריסטה שק,יחידה,0.00,יחידה,false,,16.80,0.0000,true,1,260434
5411188134985,false,אלפרו 3.5% שומן NOT,,,אלפרו 3.5% שומן NOT,ליטרים,1.00,ליטר,false,,14.90,14.9000,true,1,340468
5411188135005,false,אלפרו 1.8% שומן NOT,,,אלפרו 1.8% שומן NOT,ליטרים,1.00,ליטר,false,,14.90,14.9000,true,1,343758
5411188543398,false,אלפרו משקה סויה ללא,,,אלפרו משקה סויה ללא,ליטרים,1.00,ליטר,false,,14.90,14.9000,true,1,260609
5413121355105,false,שוקולד בלגי חלב משוב,,,שוקולד בלגי חלב משוב,,100.00,100 גרם,false,,12.90,0.1290,true,1,461459
5413121355143,false,שוקולד לבן משובח בלג,,,שוקולד לבן משובח בלג,,100.00,100 גרם,false,,12.90,0.1290,true,1,461427
5413121358694,false,שוקולד בלגי מריר 85%,,,שוקולד בלגי מריר 85%,,100.00,100 גרם,false,,12.90,0.1290,true,1,461428
5413121363513,false,שוקולד מריר דובדבן ב,,,שוקולד מריר דובדבן ב,,100.00,100 גרם,false,,12.90,0.1290,true,1,461444
5413121364121,false,שוקולד טראפלס קקאו ז,,,שוקולד טראפלס קקאו ז,,150.00,100 גרם,false,,15.90,0.1060,true,1,462353
5413149655522,false,אריאל אבקת כביסה שוש,,,אריאל אבקת כביסה שוש,קילוגרמים,1.25,"ק""ג",false,,19.90,15.9200,true,1,29235
5420066370001,false,טראפל שוקולד בלגי קר,,,טראפל שוקולד בלגי קר,,150.00,100 גרם,false,,15.90,0.1060,true,1,462400
5420066370032,false,טראפל שוקולד בלגי מר,,,טראפל שוקולד בלגי מר,,150.00,100 גרם,false,,15.90,0.1060,true,1,462402
5601010111035,false,סרדינים בשמן זית רמי,,,סרדינים בשמן זית רמי,,100.00,100 גרם,false,,13.90,0.1390,true,1,76706
5689456012109,false,מארז סביבונים 4 יח',,,מארז סביבונים 4 יח',יחידה,0.00,יחידה,false,,5.90,0.0000,true,1,367144
5701932026964,false,הוט פופ .פופקורן עם,,,הוט פופ .פופקורן עם,,600.00,100 גרם,false,,16.90,0.0282,true,1,14654
5701932026971,false,הוט פופ פופקורן בטעם,,,הוט פופ פופקורן בטעם,,600.00,100 גרם,false,,16.90,0.0282,true,1,14655
5701932026995,false,הוט פופ פופקורן לייט,,,הוט פופ פופקורן לייט,,510.00,100 גרם,false,,16.90,0.0331,true,1,67371
5711953106583,false,ארלה גבינת שמנת טבעי,,,ארלה גבינת שמנת טבעי,,200.00,100 גרם,false,,16.90,0.0845,true,1,193832
5711953106590,false,ארלה גבינת שמנת שום,,,ארלה גבינת שמנת שום,,200.00,100 גרם,false,,16.90,0.0845,true,1,193833
5711953106606,false,ארלה גבינת שמנת עשבי,,,ארלה גבינת שמנת עשבי,,200.00,100 גרם,false,,16.90,0.0845,true,1,193834
5740900403215,false,ממרח לורפק עם מלח 25,,,ממרח לורפק עם מלח 25,,250.00,100 גרם,false,,17.90,0.0716,true,1,136382
5740900403222,false,ממרח לורפק עם מלח מו,,,ממרח לורפק עם מלח מו,,250.00,100 גרם,false,,17.90,0.0716,true,1,136383
5740900403239,false,ממרח לורפק ללא מלח 2,,,ממרח לורפק ללא מלח 2,,250.00,100 גרם,false,,17.90,0.0716,true,1,136384
5740900403260,false,ממרח לורפק ללא מלח מ,,,ממרח לורפק ללא מלח מ,,250.00,100 גרם,false,,17.90,0.0716,true,1,136387
5765220190171,false,עטרות נייר לאפייה 4,,,עטרות נייר לאפייה 4,,130.00,יח',false,,5.90,0.0454,true,1,286305
5765220190539,false,סביבון קפיץ אורות מנ,,,סביבון קפיץ אורות מנ,יחידה,0.00,יחידה,false,,15.90,0.0000,true,1,272570
5765220190546,false,סביבון טורבו אורות מ,,,סביבון טורבו אורות מ,יחידה,0.00,יחידה,false,,15.90,0.0000,true,1,272571
5900020012814,false,דגני בוקר נסקוויק נס,,,דגני בוקר נסקוויק נס,,500.00,100 גרם,false,,27.90,0.0558,true,1,21182
5900020015174,false,פיטנס חטיף דגנים שוק,,,פיטנס חטיף דגנים שוק,,141.00,100 גרם,false,,17.90,0.1270,true,1,21183
5900020018908,false,פיטנס חטיף דגנים קרם,,,פיטנס חטיף דגנים קרם,,141.00,100 גרם,false,,17.90,0.1270,true,1,21189
5900020020710,false,חטיף דגנים קראנץ בר,,,חטיף דגנים קראנץ בר,,150.00,100 גרם,false,,17.90,0.1193,true,1,21190
5900020024770,false,פיטנס בר דליס שוקולד,,,פיטנס בר דליס שוקולד,,135.00,100 גרם,false,,17.90,0.1326,true,1,70629
5900020025647,false,פיטנס בר דליס שוקולד,,,פיטנס בר דליס שוקולד,,135.00,100 גרם,false,,17.90,0.1326,true,1,21197
5900020026552,false,האני נאט ציריוס נסטל,,,האני נאט ציריוס נסטל,,625.00,100 גרם,false,,27.90,0.0446,true,1,21205
5900020033314,false,חטיף דגנים ליון נסטל,,,חטיף דגנים ליון נסטל,,150.00,100 גרם,false,,17.90,0.1193,true,1,135976
5900020034021,false,פיטנס חטיף דגנים שוק,,,פיטנס חטיף דגנים שוק,,141.00,100 גרם,false,,17.90,0.1270,true,1,141761
5900020037916,false,צ'יריוס שיבולת שועל,,,צ'יריוס שיבולת שועל,,375.00,100 גרם,false,,17.90,0.0477,true,1,324545
5900020039620,false,חטיף דגנים שקדים ודב,,,חטיף דגנים שקדים ודב,,141.00,100 גרם,false,,17.90,0.1270,true,1,369906
5902198160403,false,אקס אל משקה אנרגיה ט,,,אקס אל משקה אנרגיה ט,,250.00,"100 מ""ל",false,,4.90,0.0196,true,1,85471
5902768862683,true,עוגיות טוויט שוקולד,,,עוגיות טוויט שוקולד,,155.00,100 גרם,false,,6.90,0.0445,true,1,155024
5904941750312,false,בלו בודד מוחיטו 250,,,בלו בודד מוחיטו 250,,250.00,"100 מ""ל",false,,4.90,0.0196,true,1,3450
5904941751302,false,בלו משקה אנרגיה 250,,,בלו משקה אנרגיה 250,,250.00,"100 מ""ל",false,,4.90,0.0196,true,1,3454
5904941751715,false,בלו משקה אנרגיה קרנב,,,בלו משקה אנרגיה קרנב,,250.00,"100 מ""ל",false,,4.90,0.0196,true,1,3459
5906485301012,false,אקס אל משקה אנרגיה 2,,,אקס אל משקה אנרגיה 2,,250.00,"100 מ""ל",false,,4.90,0.0196,true,1,10909
5941021000639,false,טבלת היידי גראנדור ח,,,טבלת היידי גראנדור ח,,100.00,100 גרם,false,,12.90,0.1290,true,1,440667
5941021001261,false,טבלת היידי גראנדור 7,,,טבלת היידי גראנדור 7,,80.00,100 גרם,false,,12.90,0.1613,true,1,440807
5941021001674,false,טבלת היידי גראנדור 8,,,טבלת היידי גראנדור 8,,80.00,100 גרם,false,,12.90,0.1613,true,1,440684
5941021005139,false,טבלת היידי גראנדור ח,,,טבלת היידי גראנדור ח,,100.00,100 גרם,false,,12.90,0.1290,true,1,440700
5941021011147,false,טבלת היידי גראנדור פ,,,טבלת היידי גראנדור פ,,100.00,100 גרם,false,,12.90,0.1290,true,1,440824
5941021016401,false,טבלת היידי גראנדור מ,,,טבלת היידי גראנדור מ,,100.00,100 גרם,false,,12.90,0.1290,true,1,440791
6111094000228,false,"קוסקוס דק דארי 1 ק""ג",,,"קוסקוס דק דארי 1 ק""ג",קילוגרמים,1.00,"ק""ג",false,,18.90,18.9000,true,1,122043
6111094000259,false,קוסקוס בינוני דארי 5,,,קוסקוס בינוני דארי 5,,500.00,100 גרם,false,,10.90,0.0218,true,1,122045
6902019042016,false,אטבי כביסה 10 יחידות,,,אטבי כביסה 10 יחידות,יחידה,0.00,יחידה,false,,5.50,0.0000,true,1,160788
6910191800287,false,אצות נורי לסושי מזרח,,,אצות נורי לסושי מזרח,,25.00,100 גרם,false,,12.90,0.5160,true,1,15894
6920354824395,false,משחת שיניים קולגייט,,,משחת שיניים קולגייט,,71.00,"100 מ""ל",false,,33.90,0.4775,true,1,328832
6973350160004,true,מסכות לילדים 10 יח,,,מסכות לילדים 10 יח,יחידה,0.00,יחידה,false,,6.90,0.0000,true,1,254735
7038516140418,false,מב.שיניים טוטאל קלין,,,מב.שיניים טוטאל קלין,יחידה,0.00,יחידה,false,,15.90,0.0000,true,1,7384
7262626088197,false,טייץ טרמי צבעוני,,,טייץ טרמי צבעוני,יחידה,0.00,יחידה,false,,29.90,0.0000,true,1,266867
7262626111222,false,בובה דובי,,,בובה דובי,יחידה,0.00,יחידה,false,,19.90,0.0000,true,1,324584
7290000000004,false,לחמניית אצבע עם נקני,,,לחמניית אצבע עם נקני,יחידה,0.00,יחידה,false,,9.90,0.0000,true,1,37783
7290000000311,false,קרואסון ביס בטעמים ח,,,קרואסון ביס בטעמים ח,קילוגרמים,1.00,"ק""ג",true,,44.00,44.0000,true,1,3886
7290000000626,false,ברוקולי ארוז במגשית,,,ברוקולי ארוז במגשית,,1.00,יח',false,,9.90,9.9000,true,1,385287
7290000001005,false,לחם איטלקי,,,לחם איטלקי,,1.00,יח',false,,8.90,8.9000,true,1,213215
7290000001193,false,בונז'ור בייבי חליות,,,בונז'ור בייבי חליות,,70.00,100 גרם,false,,2.50,0.0357,true,1,98545
7290000001593,true,נענע כשר,,,נענע כשר,,1.00,יח',false,,5.90,5.9000,true,1,116713
7290000002021,false,רוגלך פרווה,,,רוגלך פרווה,קילוגרמים,1.00,"ק""ג",true,,44.00,44.0000,true,1,3946
7290000003196,false,פילו מלוח טעמים מיוח,,,פילו מלוח טעמים מיוח,קילוגרמים,1.00,"ק""ג",true,,46.00,46.0000,true,1,119869
7290000004444,false,שקיות גופיה 20 מקרו,,,שקיות גופיה 20 מקרו,יחידה,0.00,יחידה,false,,0.10,0.0000,true,1,459859
7290000004991,false,מארז תרומה אגרות פתח,,,מארז תרומה אגרות פתח,יחידה,0.00,יחידה,false,,10.00,0.0000,true,1,337799
7290000010494,false,אוזני פיל בונז'ור,,,אוזני פיל בונז'ור,קילוגרמים,1.00,"ק""ג",true,,31.00,31.0000,true,1,37102
7290000011593,false,שזיף,,,שזיף,קילוגרמים,1.00,"ק""ג",true,,19.90,19.9000,true,1,2036
7290000014510,false,חסה עגולה,,,חסה עגולה,,1.00,יח',false,,7.90,7.9000,true,1,2039
7290000024219,false,אמרלד ריזלינג רזרבד,,,אמרלד ריזלינג רזרבד,,750.00,"100 מ""ל",false,,46.90,0.0625,true,1,42818
7290000024523,false,תירוש של סגל 1 ליטר,,,תירוש של סגל 1 ליטר,ליטרים,1.00,ליטר,false,,15.90,15.9000,true,1,10953
7290000032665,false,רוטב עגבניות 28% ברי,,,רוטב עגבניות 28% ברי,,580.00,100 גרם,false,,8.50,0.0147,true,1,10125
7290000040042,false,יופלה תות שובב 3% 15,,,יופלה תות שובב 3% 15,,150.00,"100 מ""ל",false,,5.50,0.0367,true,1,27248
7290000040066,false,יופלה דובדבן פראי 3%,,,יופלה דובדבן פראי 3%,,150.00,"100 מ""ל",false,,5.50,0.0367,true,1,27250
7290000040080,false,יופלה אפרסק מאוהב 3%,,,יופלה אפרסק מאוהב 3%,,150.00,"100 מ""ל",false,,5.50,0.0367,true,1,27251
7290000040301,false,תנובה גבינת קממבר עי,,,תנובה גבינת קממבר עי,,125.00,100 גרם,false,,20.60,0.1648,true,1,27254
7290000040974,false,חלב תנובה קרטון דל ל,,,חלב תנובה קרטון דל ל,ליטרים,1.00,ליטר,false,,7.50,7.5000,true,1,27258
7290000041445,false,"קוטג' 5% תנובה בד""צ",,,"קוטג' 5% תנובה בד""צ",,250.00,100 גרם,false,,5.70,0.0228,true,1,27260
7290000041858,false,יטבתה שמנת חמוצה 15%,,,יטבתה שמנת חמוצה 15%,,200.00,"100 מ""ל",false,,2.50,0.0125,true,1,24905
7290000041865,false,יטבתה לבן 4.5% 200מל,,,יטבתה לבן 4.5% 200מל,,200.00,"100 מ""ל",false,,2.50,0.0125,true,1,24906
7290000042015,false,חלב תנובה טרי שקית,,,חלב תנובה טרי שקית,יחידה,0.00,יחידה,false,,5.43,0.0000,true,1,27266
7290000042404,false,יטבתה חלב מועשר שקית,,,יטבתה חלב מועשר שקית,ליטרים,1.00,ליטר,false,,5.90,5.9000,true,1,24908
7290000042435,false,חלב תנובה בקרטון 1%,,,חלב תנובה בקרטון 1%,ליטרים,1.00,ליטר,false,,5.86,5.8600,true,1,27272
7290000042442,false,חלב תנובה בקרטון רבנ,,,חלב תנובה בקרטון רבנ,ליטרים,1.00,ליטר,false,,6.23,6.2300,true,1,27273
7290000042640,false,חלב תנובה עמיד 3% מה,,,חלב תנובה עמיד 3% מה,,250.00,"100 מ""ל",false,,2.90,0.0116,true,1,27279
7290000042855,false,יטבתה שוקו שקית 225,,,יטבתה שוקו שקית 225,,225.00,"100 מ""ל",false,,2.90,0.0129,true,1,24910
7290000043012,false,שוק שוקו עמיד 2% בקר,,,שוק שוקו עמיד 2% בקר,,250.00,"100 מ""ל",false,,4.90,0.0196,true,1,27282
7290000043111,false,חמאה תנובה רבנות 200,,,חמאה תנובה רבנות 200,,200.00,100 גרם,false,,7.88,0.0394,true,1,27283
7290000043814,false,שף לבן שמנת לקצפת עמ,,,שף לבן שמנת לקצפת עמ,,250.00,"100 מ""ל",false,,6.47,0.0259,true,1,27285
7290000043890,false,ריויון 1.5% 1ל,,,ריויון 1.5% 1ל,ליטרים,1.00,ליטר,false,,11.90,11.9000,true,1,27288
7290000044712,false,פרילי תות 1.5% 500מל,,,פרילי תות 1.5% 500מל,,500.00,"100 מ""ל",false,,10.90,0.0218,true,1,27295
7290000044880,false,באדי תות 3% 500מל,,,באדי תות 3% 500מל,,500.00,"100 מ""ל",false,,9.50,0.0190,true,1,27297
7290000045573,false,נעמה גבינת מותכת 25%,,,נעמה גבינת מותכת 25%,,200.00,100 גרם,false,,16.50,0.0825,true,1,27299
7290000045580,false,נעמה גבינת מותכת 25%,,,נעמה גבינת מותכת 25%,,240.00,100 גרם,false,,18.90,0.0787,true,1,27300
7290000046327,false,גלבוע גבינה פרוסה 22,,,גלבוע גבינה פרוסה 22,,200.00,100 גרם,false,,13.30,0.0665,true,1,27305
7290000047546,false,שף לבן כנען 5% 500ג,,,שף לבן כנען 5% 500ג,,500.00,100 גרם,false,,25.90,0.0518,true,1,27308
7290000048185,false,גבינה לבנה רכה 5% תנ,,,גבינה לבנה רכה 5% תנ,,250.00,100 גרם,false,,4.98,0.0199,true,1,27313
7290000048192,false,גבינה לבנה רכה 9% בד,,,גבינה לבנה רכה 9% בד,,250.00,100 גרם,false,,4.80,0.0192,true,1,27314
7290000048413,false,פיראוס חמד 16% 250ג,,,פיראוס חמד 16% 250ג,,250.00,100 גרם,false,,19.90,0.0796,true,1,27318
7290000048437,false,פיראוס צפתית 5% 200,,,פיראוס צפתית 5% 200,,200.00,100 גרם,false,,15.90,0.0795,true,1,27319
7290000048525,false,פילה אמנון קפוא בואק,,,פילה אמנון קפוא בואק,קילוגרמים,1.00,"ק""ג",true,,32.90,32.9000,true,1,17996
7290000050447,false,יופלהYYY תות 3% 500מ,,,יופלהYYY תות 3% 500מ,,500.00,"100 מ""ל",false,,13.80,0.0276,true,1,27331
7290000050454,false,יופלהYYY אפרסק 3% 50,,,יופלהYYY אפרסק 3% 50,,500.00,"100 מ""ל",false,,13.80,0.0276,true,1,27332
7290000051376,false,יופלה דיאט אננס ספור,,,יופלה דיאט אננס ספור,,150.00,"100 מ""ל",false,,5.50,0.0367,true,1,27352
7290000052311,false,עמק מהדרין 15% 200 ג,,,עמק מהדרין 15% 200 ג,,200.00,100 גרם,false,,16.40,0.0820,true,1,27368
7290000052649,false,פיראוס לאבנה 5% 500ג,,,פיראוס לאבנה 5% 500ג,,500.00,100 גרם,false,,21.90,0.0438,true,1,27374
7290000055015,false,פיראוס גבינת פטה כבש,,,פיראוס גבינת פטה כבש,,250.00,100 גרם,false,,31.00,0.1240,true,1,27418
7290000055336,false,יופלה משקה יוגורט בנ,,,יופלה משקה יוגורט בנ,,250.00,"100 מ""ל",false,,6.50,0.0260,true,1,27425
7290000055343,false,יופלה משקה יוגורט טר,,,יופלה משקה יוגורט טר,,250.00,"100 מ""ל",false,,6.50,0.0260,true,1,27426
7290000055893,false,חמאה מהדרין תנובה 20,,,חמאה מהדרין תנובה 20,,200.00,100 גרם,false,,7.88,0.0394,true,1,27432
7290000056845,false,חלב תנובה בקרטון 3%,,,חלב תנובה בקרטון 3%,ליטרים,1.50,ליטר,false,,9.34,6.2267,true,1,27450
7290000056883,false,יופלה טעמים משתנים 3,,,יופלה טעמים משתנים 3,קילוגרמים,1.20,"ק""ג",false,,33.30,27.7500,true,1,27452
7290000056890,false,יופלה דיאט טעמים שונ,,,יופלה דיאט טעמים שונ,קילוגרמים,1.20,"ק""ג",false,,33.30,27.7500,true,1,27453
7290000056951,false,שף לבן שמנת לבישול +,,,שף לבן שמנת לבישול +,,500.00,"100 מ""ל",false,,16.90,0.0338,true,1,27457
7290000057088,false,עמק דק דק 28% 200גר,,,עמק דק דק 28% 200גר,,200.00,100 גרם,false,,16.90,0.0845,true,1,27461
7290000057118,false,עמק סמי 28% 400 גר,,,עמק סמי 28% 400 גר,,400.00,100 גרם,false,,23.10,0.0578,true,1,27463
7290000057132,false,תנובה יוגורט טבעי 1.,,,תנובה יוגורט טבעי 1.,,200.00,"100 מ""ל",false,,3.50,0.0175,true,1,27464
7290000057149,false,תנובה יוגורט טבעי 3%,,,תנובה יוגורט טבעי 3%,,200.00,100 גרם,false,,3.50,0.0175,true,1,27465
7290000057552,false,יופלה דיאט ע.גבינה ו,,,יופלה דיאט ע.גבינה ו,,150.00,"100 מ""ל",false,,5.50,0.0367,true,1,27476
7290000058030,false,יופלה שטוזים משקה יו,,,יופלה שטוזים משקה יו,,800.00,"100 מ""ל",false,,21.50,0.0269,true,1,27485
7290000058047,false,שף לבן שמנת מתוקה מה,,,שף לבן שמנת מתוקה מה,,500.00,"100 מ""ל",false,,12.94,0.0259,true,1,27486
7290000058580,false,קוקילידה וניל,,,קוקילידה וניל,יחידה,0.00,יחידה,false,,10.90,0.0000,true,1,17638
7290000060071,false,חטיפי פריכונים מאורז,,,חטיפי פריכונים מאורז,,80.00,100 גרם,false,,8.90,0.1113,true,1,21210
7290000060088,false,בייגלה אסם מקלות מלו,,,בייגלה אסם מקלות מלו,,400.00,100 גרם,false,,11.90,0.0298,true,1,21211
7290000060200,false,פתיתים אפויים קוסקוס,,,פתיתים אפויים קוסקוס,,500.00,100 גרם,false,,7.90,0.0158,true,1,21215
7290000060248,false,פסטה תלתלים אסם 500,,,פסטה תלתלים אסם 500,,500.00,100 גרם,false,,6.90,0.0138,true,1,21217
7290000060316,false,פסטה ספגטי פרפקטו 50,,,פסטה ספגטי פרפקטו 50,,500.00,100 גרם,false,,7.90,0.0158,true,1,21219
7290000060330,false,פסטה ספירלי פרפקטו 5,,,פסטה ספירלי פרפקטו 5,,500.00,100 גרם,false,,7.90,0.0158,true,1,70641
7290000060408,false,פתיתים אפויים טבעות,,,פתיתים אפויים טבעות,,500.00,100 גרם,false,,7.90,0.0158,true,1,21223
7290000060415,false,לזאניה פרפקטו 500 ג,,,לזאניה פרפקטו 500 ג,,500.00,100 גרם,false,,15.40,0.0308,true,1,21224
7290000060576,false,פתיתים אפויים כוכבים,,,פתיתים אפויים כוכבים,,500.00,100 גרם,false,,7.90,0.0158,true,1,21229
7290000060781,false,פסטה מסולסלים אסם 50,,,פסטה מסולסלים אסם 50,,500.00,100 גרם,false,,6.90,0.0138,true,1,21230
7290000060828,false,פסטה קרניים בינוניות,,,פסטה קרניים בינוניות,,500.00,100 גרם,false,,6.90,0.0138,true,1,21231
7290000060859,false,פסטה צדפים קטנים אסם,,,פסטה צדפים קטנים אסם,,500.00,100 גרם,false,,6.90,0.0138,true,1,21233
7290000060880,false,ספגטי אסם 500 גרם,,,ספגטי אסם 500 גרם,,500.00,100 גרם,false,,6.90,0.0138,true,1,21234
7290000060958,false,אטריות בינוניות אסם,,,אטריות בינוניות אסם,,400.00,100 גרם,false,,7.90,0.0198,true,1,21237
7290000060965,false,אטריות רחבות אסם 400,,,אטריות רחבות אסם 400,,400.00,100 גרם,false,,7.90,0.0198,true,1,21238
7290000061214,false,פתיתים קוסקוס בצל אס,,,פתיתים קוסקוס בצל אס,,500.00,100 גרם,false,,7.90,0.0158,true,1,21243
7290000061245,false,אסם עוגיות שוקוצ'יפס,,,אסם עוגיות שוקוצ'יפס,,220.00,100 גרם,false,,12.30,0.0559,true,1,21244
7290000061450,false,פתיתים קוסקוס 3 צבעי,,,פתיתים קוסקוס 3 צבעי,,500.00,100 גרם,false,,7.90,0.0158,true,1,21246
7290000061764,false,נס קפה רד מאג טעם חד,,,נס קפה רד מאג טעם חד,,200.00,100 גרם,false,,23.90,0.1195,true,1,21247
7290000062952,false,מיני קרוטונים למרק ו,,,מיני קרוטונים למרק ו,,250.00,100 גרם,false,,16.90,0.0676,true,1,21253
7290000063102,false,קמח תופח קטן אסם 350,,,קמח תופח קטן אסם 350,,350.00,100 גרם,false,,5.80,0.0166,true,1,21256
7290000063133,false,שקדי מרק רכיבים טבעי,,,שקדי מרק רכיבים טבעי,,100.00,100 גרם,false,,6.90,0.0690,true,1,21257
7290000063140,false,שקדי מרק רכיבים טבעי,,,שקדי מרק רכיבים טבעי,,400.00,100 גרם,false,,13.90,0.0348,true,1,21258
7290000064871,false,"מנה חמה פירה תפו""א ו",,,"מנה חמה פירה תפו""א ו",,56.00,100 גרם,false,,6.90,0.1232,true,1,21270
7290000065090,false,מיני קרוטונים למרק ו,,,מיני קרוטונים למרק ו,,400.00,100 גרם,false,,27.50,0.0688,true,1,21271
7290000065335,false,מנה חמה פירה וירקות,,,מנה חמה פירה וירקות,,55.00,100 גרם,false,,6.90,0.1255,true,1,21273
7290000065557,false,מנה חמה קוסקוס וירקו,,,מנה חמה קוסקוס וירקו,,84.00,100 גרם,false,,6.90,0.0821,true,1,21275
7290000066141,false,ביסלי גריל 70 גר'.,,,ביסלי גריל 70 גר'.,,70.00,100 גרם,false,,4.90,0.0700,true,1,21283
7290000066196,false,ביסלי גריל 200גרם,,,ביסלי גריל 200גרם,,200.00,100 גרם,false,,7.90,0.0395,true,1,21288
7290000066226,false,ביסלי טעם פיצה 200גר,,,ביסלי טעם פיצה 200גר,,200.00,100 גרם,false,,7.90,0.0395,true,1,21291
7290000066295,false,במבה מתוקה מחומרים ט,,,במבה מתוקה מחומרים ט,,30.00,100 גרם,false,,2.90,0.0967,true,1,21293
7290000066318,false,במבה קלאסי 80 גרם,,,במבה קלאסי 80 גרם,,80.00,100 גרם,false,,4.90,0.0613,true,1,21295
7290000066332,false,אפרופו 50 גרם,,,אפרופו 50 גרם,,50.00,100 גרם,false,,5.80,0.1160,true,1,21296
7290000066349,false,אפרופו 100גרם,,,אפרופו 100גרם,,100.00,100 גרם,false,,9.50,0.0950,true,1,21297
7290000066431,false,פופקו חמאה ודבש 80גר,,,פופקו חמאה ודבש 80גר,,80.00,100 גרם,false,,5.90,0.0738,true,1,21298
7290000067407,false,פירורית מתובל שקית 2,,,פירורית מתובל שקית 2,,200.00,100 גרם,false,,7.90,0.0395,true,1,70650
7290000067544,false,אסם פירורית פירורי ל,,,אסם פירורית פירורי ל,,200.00,100 גרם,false,,7.90,0.0395,true,1,21306
7290000067735,false,"ניוקי בצקיות מתפו""א",,,"ניוקי בצקיות מתפו""א",,500.00,100 גרם,false,,13.90,0.0278,true,1,21312
7290000068138,false,אסם פודינג אינסטנט ו,,,אסם פודינג אינסטנט ו,,80.00,100 גרם,false,,6.50,0.0813,true,1,21316
7290000068190,false,אסם ג'לי תות שדה צבע,,,אסם ג'לי תות שדה צבע,,90.00,100 גרם,false,,7.90,0.0878,true,1,21320
7290000068206,false,אסם ג'לי משמש צבעים,,,אסם ג'לי משמש צבעים,,85.00,100 גרם,false,,7.90,0.0929,true,1,21321
7290000068237,false,אסם ג'לי פטל צבעים ט,,,אסם ג'לי פטל צבעים ט,,85.00,100 גרם,false,,7.90,0.0929,true,1,21322
7290000068343,false,פריכונים מאורז מלא א,,,פריכונים מאורז מלא א,,140.00,100 גרם,false,,8.90,0.0636,true,1,21326
7290000068770,false,במבה יום הולדת 80גרם,,,במבה יום הולדת 80גרם,,80.00,100 גרם,false,,4.90,0.0613,true,1,21328
7290000069258,false,פנה ריגאטה פרפקטו 50,,,פנה ריגאטה פרפקטו 50,,500.00,100 גרם,false,,7.90,0.0158,true,1,21335
7290000069364,false,פריכונים מאורז מלא ל,,,פריכונים מאורז מלא ל,,140.00,100 גרם,false,,8.90,0.0636,true,1,21336
7290000069609,false,אסם חטיפי קרקר זעתר,,,אסם חטיפי קרקר זעתר,,300.00,100 גרם,false,,12.90,0.0430,true,1,21340
7290000070919,false,בייגלה אסם רשתות מלח,,,בייגלה אסם רשתות מלח,,400.00,100 גרם,false,,14.90,0.0373,true,1,21360
7290000072067,false,במבה במילוי קרם חלבה,,,במבה במילוי קרם חלבה,,60.00,100 גרם,false,,4.90,0.0817,true,1,21364
7290000072623,false,אסם קטשופ בקבוק לחיץ,,,אסם קטשופ בקבוק לחיץ,,750.00,100 גרם,false,,12.50,0.0167,true,1,21370
7290000072630,false,אסם קטשופ חריף 750 ג,,,אסם קטשופ חריף 750 ג,,750.00,100 גרם,false,,15.80,0.0211,true,1,21371
7290000072753,false,נס קפה טייסטרס צ'ויס,,,נס קפה טייסטרס צ'ויס,,200.00,100 גרם,false,,33.90,0.1695,true,1,21373
7290000072760,false,טייסטרס צ'וייס 100גר,,,טייסטרס צ'וייס 100גר,,100.00,100 גרם,false,,29.70,0.2970,true,1,21374
7290000072777,false,טייסטרס צוייס נטול ק,,,טייסטרס צוייס נטול ק,,200.00,100 גרם,false,,40.60,0.2030,true,1,21375
7290000072784,false,טייסטרס צוייס נטול ק,,,טייסטרס צוייס נטול ק,,100.00,100 גרם,false,,30.90,0.3090,true,1,21376
7290000072968,false,סיני מיניס דגני נסטל,,,סיני מיניס דגני נסטל,יחידה,500.00,יחידה,false,,27.90,0.0558,true,1,21381
7290000073125,false,מנה חמה פסטה עם עגבנ,,,מנה חמה פסטה עם עגבנ,,62.00,100 גרם,false,,6.90,0.1113,true,1,21382
7290000073415,false,מנה חמה פסטה ברוטב פ,,,מנה חמה פסטה ברוטב פ,,61.00,100 גרם,false,,6.90,0.1131,true,1,21383
7290000073699,false,צבר חומוס חלק 150ג,,,צבר חומוס חלק 150ג,,150.00,100 גרם,false,,5.90,0.0393,true,1,22162
7290000074153,false,אסם פתי בר שוקו 500ג,,,אסם פתי בר שוקו 500ג,,500.00,100 גרם,false,,15.50,0.0310,true,1,21392
7290000074184,false,אסם פתי בר 500גרם.,,,אסם פתי בר 500גרם.,,500.00,100 גרם,false,,12.00,0.0240,true,1,21394
7290000074245,false,אסם קרם קרקר 250גרם,,,אסם קרם קרקר 250גרם,,250.00,100 גרם,false,,11.90,0.0476,true,1,21395
7290000074276,false,טבעון קרקר פיקנטי 25,,,טבעון קרקר פיקנטי 25,,250.00,100 גרם,false,,11.90,0.0476,true,1,21397
7290000074481,false,לחמית אגוזים 160גרם,,,לחמית אגוזים 160גרם,,160.00,100 גרם,false,,11.90,0.0744,true,1,21402
7290000074764,false,קרקר זהב אסם 900 גרם,,,קרקר זהב אסם 900 גרם,,900.00,100 גרם,false,,24.90,0.0277,true,1,21407
7290000075204,false,לחמית חיטה מלאה 250ג,,,לחמית חיטה מלאה 250ג,,250.00,100 גרם,false,,9.90,0.0396,true,1,70665
7290000075693,false,עוגת שמרים בריוש שוק,,,עוגת שמרים בריוש שוק,,360.00,100 גרם,false,,18.50,0.0514,true,1,21413
7290000076133,false,בייגלה אסם שמיניות ק,,,בייגלה אסם שמיניות ק,,400.00,100 גרם,false,,11.90,0.0298,true,1,21415
7290000077017,false,אסם קרמוגית במילוי ש,,,אסם קרמוגית במילוי ש,,200.00,100 גרם,false,,11.90,0.0595,true,1,21418
7290000078212,false,קרוטונים מתובלים אסם,,,קרוטונים מתובלים אסם,,250.00,100 גרם,false,,15.90,0.0636,true,1,21423
7290000079233,false,אסם קרם קרקר דל נתרן,,,אסם קרם קרקר דל נתרן,,250.00,100 גרם,false,,11.90,0.0476,true,1,70667
7290000080765,false,טוסטעים פת קלויה עם,,,טוסטעים פת קלויה עם,,100.00,100 גרם,false,,11.40,0.1140,true,1,70669
7290000081663,false,בייגלה אסם טבעות שומ,,,בייגלה אסם טבעות שומ,,300.00,100 גרם,false,,11.90,0.0397,true,1,21430
7290000085180,false,גטניו - פתיבר וניל 4,,,גטניו - פתיבר וניל 4,,470.00,100 גרם,false,,9.90,0.0211,true,1,123247
7290000100018,false,גביניות,,,גביניות,קילוגרמים,1.00,"ק""ג",true,,44.00,44.0000,true,1,3982
7290000100081,false,לחמניה קשר/קלועה,,,לחמניה קשר/קלועה,,1.00,יח',false,,3.20,3.2000,true,1,98555
7290000100135,false,סדרת פירות קפואים-דו,,,סדרת פירות קפואים-דו,,300.00,100 גרם,false,,19.90,0.0663,true,1,128174
7290000100300,false,לחם מחמצת טוסקני כפר,,,לחם מחמצת טוסקני כפר,,530.00,100 גרם,false,,17.90,0.0338,true,1,219901
7290000100615,false,5 יח' חליות לחמניו,,,5 יח' חליות לחמניו,,1.00,יח',false,,14.90,14.9000,true,1,119912
7290000101132,false,לקט קטניות לחמין 800,,,לקט קטניות לחמין 800,,800.00,100 גרם,false,,19.90,0.0249,true,1,26938
7290000101927,false,אוכמניות כחולות מוקפ,,,אוכמניות כחולות מוקפ,,300.00,100 גרם,false,,18.90,0.0630,true,1,81465
7290000101934,false,מיקס פירות יער 300 ג,,,מיקס פירות יער 300 ג,,300.00,100 גרם,false,,18.90,0.0630,true,1,81466
7290000103365,false,סנפרוסט מרק ירקות 50,,,סנפרוסט מרק ירקות 50,,500.00,100 גרם,false,,19.90,0.0398,true,1,26942
7290000103433,false,לקט ירקות לתנור 800,,,לקט ירקות לתנור 800,,800.00,100 גרם,false,,24.90,0.0311,true,1,26949
7290000103471,false,סנפרוסט מיני ברוקולי,,,סנפרוסט מיני ברוקולי,,600.00,100 גרם,false,,19.90,0.0332,true,1,26952
7290000103860,false,סנפרוסט מרק עדשים קפ,,,סנפרוסט מרק עדשים קפ,,572.00,100 גרם,false,,19.90,0.0348,true,1,26978
7290000103877,false,סנפרוסט מרק שעועית ק,,,סנפרוסט מרק שעועית ק,,644.00,100 גרם,false,,19.90,0.0309,true,1,26979
7290000104072,false,סנפרוסט עדשים ירוקות,,,סנפרוסט עדשים ירוקות,,800.00,100 גרם,false,,21.70,0.0271,true,1,26983
7290000104201,false,אפונה עדינה סנפרוסט,,,אפונה עדינה סנפרוסט,,600.00,100 גרם,false,,19.90,0.0332,true,1,26986
7290000104676,false,אפונת גינה סנפרוסט 8,,,אפונת גינה סנפרוסט 8,,800.00,100 גרם,false,,19.90,0.0249,true,1,26990
7290000104683,false,שעועית שלמה סנפרוסט,,,שעועית שלמה סנפרוסט,,800.00,100 גרם,false,,23.90,0.0299,true,1,26991
7290000104690,false,תירס גרעינים 800גר,,,תירס גרעינים 800גר,,800.00,100 גרם,false,,19.90,0.0249,true,1,26992
7290000104706,false,גזר גמדי 800 גרם,,,גזר גמדי 800 גרם,,800.00,100 גרם,false,,19.50,0.0244,true,1,26993
7290000104720,false,שעועית ירוקה חתוכה ס,,,שעועית ירוקה חתוכה ס,,800.00,100 גרם,false,,20.80,0.0260,true,1,26995
7290000104737,false,שעועית צהובה חתוכה ס,,,שעועית צהובה חתוכה ס,,800.00,100 גרם,false,,20.90,0.0261,true,1,26996
7290000104751,false,כרוב ניצנים 800גר,,,כרוב ניצנים 800גר,,800.00,100 גרם,false,,28.80,0.0360,true,1,26998
7290000104768,false,תרד עלים 800 גרם,,,תרד עלים 800 גרם,,800.00,100 גרם,false,,29.40,0.0367,true,1,26999
7290000104799,false,שעועית לבנה מבושלת 8,,,שעועית לבנה מבושלת 8,,800.00,100 גרם,false,,21.70,0.0271,true,1,27001
7290000104805,false,גרגירי חומוס קפוא 80,,,גרגירי חומוס קפוא 80,,800.00,100 גרם,false,,21.70,0.0271,true,1,27002
7290000104836,false,שעועית עדינה שלמה סנ,,,שעועית עדינה שלמה סנ,,600.00,100 גרם,false,,25.90,0.0432,true,1,27004
7290000104874,false,לקט קוסקוס 800גר,,,לקט קוסקוס 800גר,,800.00,100 גרם,false,,24.90,0.0311,true,1,27006
7290000104881,false,אפונה וגזר 800 גרם ס,,,אפונה וגזר 800 גרם ס,,800.00,100 גרם,false,,17.90,0.0224,true,1,27007
7290000104904,false,לקט ירקות מעורבים 80,,,לקט ירקות מעורבים 80,,800.00,100 גרם,false,,24.90,0.0311,true,1,27008
7290000104911,false,לקט נורמנדי 800גר,,,לקט נורמנדי 800גר,,800.00,100 גרם,false,,24.90,0.0311,true,1,27009
7290000107295,false,תפרחות ברוקולי 800ג,,,תפרחות ברוקולי 800ג,,800.00,100 גרם,false,,29.90,0.0374,true,1,27015
7290000107622,false,סנפרוסט פסטה וירקות,,,סנפרוסט פסטה וירקות,,800.00,100 גרם,false,,27.40,0.0342,true,1,146678
7290000111117,false,בדין מרכך כביסה לבן,,,בדין מרכך כביסה לבן,ליטרים,4.00,ליטר,false,,20.90,5.2250,true,1,11916
7290000111186,false,מיונז אמיתי תלמה 500,,,מיונז אמיתי תלמה 500,,500.00,100 גרם,false,,10.50,0.0210,true,1,11918
7290000111353,false,מיונז 1 קג,,,מיונז 1 קג,קילוגרמים,1.00,"ק""ג",false,,18.90,18.9000,true,1,11920
7290000111384,false,חרדל אמיתי תלמה 550,,,חרדל אמיתי תלמה 550,,550.00,100 גרם,false,,9.10,0.0165,true,1,11922
7290000112220,false,בארכה טחינה 100% שומ,,,בארכה טחינה 100% שומ,,500.00,100 גרם,false,,15.90,0.0318,true,1,21431
7290000112237,false,בארכה טחינה 100% שומ,,,בארכה טחינה 100% שומ,קילוגרמים,1.00,"ק""ג",false,,30.70,30.7000,true,1,21432
7290000112497,false,מרק עשיר עוף עם אטרי,,,מרק עשיר עוף עם אטרי,,68.00,100 גרם,false,,10.90,0.1603,true,1,11924
7290000112503,false,מרק עשיר ירקות קנור,,,מרק עשיר ירקות קנור,,61.00,100 גרם,false,,10.90,0.1787,true,1,11925
7290000112619,false,מרק עוף אמיתי לתיבול,,,מרק עוף אמיתי לתיבול,,400.00,100 גרם,false,,19.90,0.0497,true,1,11927
7290000114187,false,סיף פנטסטיק אורנים 4,,,סיף פנטסטיק אורנים 4,ליטרים,4.00,ליטר,false,,26.10,6.5250,true,1,11933
7290000116204,false,מרק דגש עוף קנור 1 ק,,,מרק דגש עוף קנור 1 ק,קילוגרמים,1.00,"ק""ג",false,,16.90,16.9000,true,1,11939
7290000117720,false,מרק נמס בכוס פטריות,,,מרק נמס בכוס פטריות,,43.00,100 גרם,false,,7.90,0.1837,true,1,11948
7290000118277,false,קנור קניידלך 2* 65 ג,,,קנור קניידלך 2* 65 ג,,130.00,100 גרם,false,,12.90,0.0992,true,1,11952
7290000121093,false,מון בלאן שויצרית 7%,,,מון בלאן שויצרית 7%,,120.00,100 גרם,false,,12.90,0.1075,true,1,18610
7290000121109,false,מון בלאן זיתים 7% 12,,,מון בלאן זיתים 7% 12,,120.00,100 גרם,false,,12.90,0.1075,true,1,18611
7290000121147,false,מון בלאן פיקנטי 7% 1,,,מון בלאן פיקנטי 7% 1,,120.00,100 גרם,false,,12.90,0.1075,true,1,116859
7290000121154,false,מון בלאן סלמון 7% 12,,,מון בלאן סלמון 7% 12,,120.00,100 גרם,false,,12.90,0.1075,true,1,18613
7290000121239,false,מיוקל 5% מופחת שומן,,,מיוקל 5% מופחת שומן,,500.00,100 גרם,false,,15.60,0.0312,true,1,11961
7290000134147,false,טעם וריח מוסקט טחון,,,טעם וריח מוסקט טחון,,40.00,100 גרם,false,,18.70,0.4675,true,1,49166
7290000134338,false,תבלין אבקת שום טעם ו,,,תבלין אבקת שום טעם ו,,90.00,100 גרם,false,,11.90,0.1322,true,1,49169
7290000134352,false,טעם וריח קימנון טחון,,,טעם וריח קימנון טחון,,80.00,100 גרם,false,,11.80,0.1475,true,1,49170
7290000134376,false,טעם וריח פפריקה בשמן,,,טעם וריח פפריקה בשמן,,90.00,100 גרם,false,,11.80,0.1311,true,1,49171
7290000134826,false,תבלין זעתר טעם וריח,,,תבלין זעתר טעם וריח,,100.00,100 גרם,false,,11.90,0.1190,true,1,49180
7290000134840,false,טעם וריח ת.כורכום במ,,,טעם וריח ת.כורכום במ,,100.00,100 גרם,false,,11.90,0.1190,true,1,49182
7290000134857,false,טעם וריח ת.פפריקה מת,,,טעם וריח ת.פפריקה מת,,100.00,100 גרם,false,,11.80,0.1180,true,1,49183
7290000134864,false,תבלין פפריקה חריפה ט,,,תבלין פפריקה חריפה ט,,100.00,100 גרם,false,,11.80,0.1180,true,1,49184
7290000134871,false,טעם וריח ת. פלפל שחו,,,טעם וריח ת. פלפל שחו,,100.00,100 גרם,false,,16.90,0.1690,true,1,49185
7290000135045,false,אקס אל TEN פחית תפוח,,,אקס אל TEN פחית תפוח,,250.00,"100 מ""ל",false,,4.90,0.0196,true,1,144086
7290000135052,false,אקס אל TEN פחית מנגו,,,אקס אל TEN פחית מנגו,,250.00,"100 מ""ל",false,,4.90,0.0196,true,1,144087
7290000135311,false,פפסי מקס ליים 1.5 ל',,,פפסי מקס ליים 1.5 ל',ליטרים,1.50,ליטר,false,,8.50,5.6667,true,1,244365
7290000135595,false,פפסי מקס בטעם דובדבן,,,פפסי מקס בטעם דובדבן,ליטרים,1.50,ליטר,false,,8.50,5.6667,true,1,312096
7290000136141,false,פפסי קולה 1.5 ליטר,,,פפסי קולה 1.5 ליטר,ליטרים,1.50,ליטר,false,,8.50,5.6667,true,1,372101
7290000136158,false,פפסי מקס 1.5 ליטר,,,פפסי מקס 1.5 ליטר,ליטרים,1.50,ליטר,false,,8.50,5.6667,true,1,372117
7290000136165,false,מירינדה 1.5 ליטר,,,מירינדה 1.5 ליטר,ליטרים,1.50,ליטר,false,,8.50,5.6667,true,1,372037
7290000136172,false,סבן אפ 1.5 ליטר,,,סבן אפ 1.5 ליטר,ליטרים,1.50,ליטר,false,,8.50,5.6667,true,1,372055
7290000136189,false,סבן אפ דיאט 1.5 ליטר,,,סבן אפ דיאט 1.5 ליטר,ליטרים,1.50,ליטר,false,,8.50,5.6667,true,1,372021
7290000136240,false,טמפו סודה 1.5 ליטר,,,טמפו סודה 1.5 ליטר,ליטרים,1.50,ליטר,false,,4.50,3.0000,true,1,371868
7290000136288,false,סיידר הגליל JUICER ס,,,סיידר הגליל JUICER ס,,330.00,"100 מ""ל",false,,13.60,0.0412,true,1,450042
7290000136295,false,סיידר הגליל JUICER ס,,,סיידר הגליל JUICER ס,,330.00,"100 מ""ל",false,,13.60,0.0412,true,1,511253
7290000136455,false,ג`אמפ אשכול 1.5 ליטר,,,ג`אמפ אשכול 1.5 ליטר,ליטרים,1.50,ליטר,false,,8.90,5.9333,true,1,371817
7290000136516,false,ג`אמפ פסיפלורה 1.5 ל,,,ג`אמפ פסיפלורה 1.5 ל,ליטרים,1.50,ליטר,false,,8.90,5.9333,true,1,371800
7290000136523,false,ג`אמפ ענבים 1.5 ליטר,,,ג`אמפ ענבים 1.5 ליטר,ליטרים,1.50,ליטר,false,,8.90,5.9333,true,1,371818
7290000136561,false,ג`אמפ תות בננה 1.5 ל,,,ג`אמפ תות בננה 1.5 ל,ליטרים,1.50,ליטר,false,,8.90,5.9333,true,1,371819
7290000136585,false,ג`אמפ תפוז 1.5 ליטר,,,ג`אמפ תפוז 1.5 ליטר,ליטרים,1.50,ליטר,false,,8.90,5.9333,true,1,371820
7290000136646,false,נשר מאלט 1.5 ליטר,,,נשר מאלט 1.5 ליטר,ליטרים,1.50,ליטר,false,,9.90,6.6000,true,1,371704
7290000136684,false,פפסי מקס 1.5 ליטר,,,פפסי מקס 1.5 ליטר,ליטרים,1.50,ליטר,false,,8.50,5.6667,true,1,372118
7290000136790,false,טמפו סודה 6*1.5 ליטר,,,טמפו סודה 6*1.5 ליטר,ליטרים,9.00,ליטר,false,,19.60,2.1778,true,1,371851
7290000136820,false,טמפו סודה פירות יער,,,טמפו סודה פירות יער,ליטרים,6.00,ליטר,false,,13.50,2.2500,true,1,371903
7290000136844,false,אקווה נובה 6*2 ליטר,,,אקווה נובה 6*2 ליטר,ליטרים,12.00,ליטר,false,,12.90,1.0750,true,1,371750
7290000136851,false,סבן אפ 1.5 ליטר,,,סבן אפ 1.5 ליטר,ליטרים,1.50,ליטר,false,,8.50,5.6667,true,1,372071
7290000136868,false,מים סאן בנדטו 6* 1.5,,,מים סאן בנדטו 6* 1.5,ליטרים,9.00,ליטר,false,,19.90,2.2111,true,1,371768
7290000136875,false,סאן בנדטו מים מינרלי,,,סאן בנדטו מים מינרלי,ליטרים,9.00,ליטר,false,,19.90,2.2111,true,1,371836
7290000143187,false,שמפו לגבר הוואי 700,,,שמפו לגבר הוואי 700,,700.00,"100 מ""ל",false,,10.90,0.0156,true,1,9479
7290000143255,false,שמפו רגיל הוואי 700,,,שמפו רגיל הוואי 700,,700.00,"100 מ""ל",false,,10.90,0.0156,true,1,9483
7290000144160,false,שמן זית כתית מעולה א,,,שמן זית כתית מעולה א,,750.00,"100 מ""ל",false,,37.90,0.0505,true,1,31538
7290000144467,false,שמן חמניות בריאות מה,,,שמן חמניות בריאות מה,ליטרים,1.00,ליטר,false,,17.90,17.9000,true,1,31542
7290000144474,false,שמן קנולה בריאות עץ,,,שמן קנולה בריאות עץ,ליטרים,1.00,ליטר,false,,17.90,17.9000,true,1,31543
7290000146676,false,סבון מוצק לגבר הוואי,,,סבון מוצק לגבר הוואי,,400.00,100 גרם,false,,12.90,0.0323,true,1,9491
7290000148380,false,פיסטוק קלוי 200 גרם,,,פיסטוק קלוי 200 גרם,,200.00,100 גרם,false,,21.90,0.1095,true,1,14661
7290000149615,false,אלסבון מוצק לתינוק נ,,,אלסבון מוצק לתינוק נ,,400.00,100 גרם,false,,15.00,0.0375,true,1,31808
7290000149851,false,סינטבון כפול 460גר,,,סינטבון כפול 460גר,,460.00,100 גרם,false,,11.90,0.0259,true,1,31811
7290000149905,false,טקסטיל שמפו-1 ליטר נ,,,טקסטיל שמפו-1 ליטר נ,ליטרים,1.00,ליטר,false,,15.90,15.9000,true,1,31812
7290000151304,false,עוף טוב פסטרמה מקסיק,,,עוף טוב פסטרמה מקסיק,,300.00,100 גרם,false,,28.90,0.0963,true,1,22178
7290000151397,false,עוף טוב פסטרמה בדבש,,,עוף טוב פסטרמה בדבש,,300.00,100 גרם,false,,28.90,0.0963,true,1,22181
7290000151885,false,נקניק הודו יחידה 700,,,נקניק הודו יחידה 700,,700.00,100 גרם,false,,19.00,0.0271,true,1,22185
7290000152943,false,עוף טוב סלמי פסטרמה,,,עוף טוב סלמי פסטרמה,,700.00,100 גרם,false,,30.90,0.0441,true,1,22190
7290000153469,false,עוף טוב קציצות עוף ק,,,עוף טוב קציצות עוף ק,,600.00,100 גרם,false,,34.90,0.0582,true,1,70827
7290000158105,false,עוף טוב שניצל עוף מי,,,עוף טוב שניצל עוף מי,,700.00,100 גרם,false,,40.90,0.0584,true,1,22214
7290000161358,false,מיונז אמיתי משמן קנו,,,מיונז אמיתי משמן קנו,,500.00,100 גרם,false,,14.90,0.0298,true,1,12010
7290000169538,false,נמס בכוס עגבניות וקר,,,נמס בכוס עגבניות וקר,,62.00,100 גרם,false,,7.90,0.1274,true,1,12115
7290000169798,false,עוגי מופחת סוכר 20%,,,עוגי מופחת סוכר 20%,,500.00,100 גרם,false,,24.10,0.0482,true,1,12119
7290000174723,false,שוקולית 500 גרם,,,שוקולית 500 גרם,,500.00,100 גרם,false,,13.90,0.0278,true,1,24189
7290000176079,false,טורקי עלית קפה עם הל,,,טורקי עלית קפה עם הל,,100.00,100 גרם,false,,10.50,0.1050,true,1,24192
7290000176413,false,עלית נמס 50 גר',,,עלית נמס 50 גר',,50.00,100 גרם,false,,10.90,0.2180,true,1,24197
7290000176420,false,קפה נמס עלית פחית 20,,,קפה נמס עלית פחית 20,,200.00,100 גרם,false,,21.90,0.1095,true,1,24198
7290000176468,false,האג קפה נטול קפאין 5,,,האג קפה נטול קפאין 5,,50.00,100 גרם,false,,10.90,0.2180,true,1,24199
7290000178707,false,תפוציפס טבעי 50 גרם,,,תפוציפס טבעי 50 גרם,,50.00,100 גרם,false,,4.50,0.0900,true,1,25485
7290000178721,false,תפוציפס טבעי 200 גרם,,,תפוציפס טבעי 200 גרם,,200.00,100 גרם,false,,10.90,0.0545,true,1,25487
7290000185224,false,סילאן בקבוק לחיץ תמר,,,סילאן בקבוק לחיץ תמר,,650.00,100 גרם,false,,14.90,0.0229,true,1,2615
7290000185460,false,חרוסת בטעם ביתי תמר,,,חרוסת בטעם ביתי תמר,,250.00,100 גרם,false,,11.90,0.0476,true,1,2616
7290000186535,false,לילי נייר טואלט טריו,,,לילי נייר טואלט טריו,,537.00,מטר,false,,45.90,0.0855,true,1,10383
7290000187860,false,לילי נייר טואלט לח ד,,,לילי נייר טואלט לח ד,יחידה,0.00,יחידה,false,,8.90,0.0000,true,1,10391
7290000187921,false,"נייר טואלט ""לילי"" לב",,,"נייר טואלט ""לילי"" לב",,588.00,מטר,false,,42.90,0.0730,true,1,10394
7290000187952,false,נייר טאולט לילי טריו,,,נייר טאולט לילי טריו,,537.00,מטר,false,,45.90,0.0855,true,1,10396
7290000189192,false,ניקול מטלית חכמה יומ,,,ניקול מטלית חכמה יומ,,64.00,יח',false,,19.90,0.3109,true,1,10414
7290000189260,false,ניקול תבניות מלבניות,,,ניקול תבניות מלבניות,יחידה,0.00,יחידה,false,,12.90,0.0000,true,1,10420
7290000189277,false,ניקול תבניות מלבניות,,,ניקול תבניות מלבניות,יחידה,0.00,יחידה,false,,12.90,0.0000,true,1,10421
7290000189482,false,ניקול תבנית אפייה מק,,,ניקול תבנית אפייה מק,יחידה,0.00,יחידה,false,,10.90,0.0000,true,1,10424
7290000189505,false,ניקול תבנית אפייה מק,,,ניקול תבנית אפייה מק,יחידה,0.00,יחידה,false,,10.90,0.0000,true,1,10426
7290000189659,false,ניקול מטליות לחות לר,,,ניקול מטליות לחות לר,יחידה,0.00,יחידה,false,,12.50,0.0000,true,1,10430
7290000190150,false,מפיות תלת שכבתיות ני,,,מפיות תלת שכבתיות ני,יחידה,0.00,יחידה,false,,8.90,0.0000,true,1,10441
7290000191539,false,לילי צבעוני חמישיה-9,,,לילי צבעוני חמישיה-9,יחידה,0.00,יחידה,false,,14.90,0.0000,true,1,10461
7290000191652,false,קלינקס קלאסיק ניילון,,,קלינקס קלאסיק ניילון,יחידה,0.00,יחידה,false,,12.90,0.0000,true,1,10466
7290000193083,false,תחבושות נובה לי לילי,,,תחבושות נובה לי לילי,יחידה,0.00,יחידה,false,,11.90,0.0000,true,1,10473
7290000193472,false,מגן תחתון נטורל נורמ,,,מגן תחתון נטורל נורמ,יחידה,0.00,יחידה,false,,18.50,0.0000,true,1,10478
7290000193540,false,מגן תחתון נטורל לונג,,,מגן תחתון נטורל לונג,יחידה,0.00,יחידה,false,,18.50,0.0000,true,1,10480
7290000193649,false,תחבושות נטורל אולטרה,,,תחבושות נטורל אולטרה,יחידה,0.00,יחידה,false,,18.50,0.0000,true,1,10482
7290000194288,false,האגיס משטחי החתלה,,,האגיס משטחי החתלה,יחידה,0.00,יחידה,false,,21.70,0.0000,true,1,10492
7290000195216,false,ניקול נייר אפייה בשק,,,ניקול נייר אפייה בשק,יחידה,0.00,יחידה,false,,11.90,0.0000,true,1,10496
7290000195537,false,מגבוני האגיס דיילי ק,,,מגבוני האגיס דיילי ק,יחידה,0.00,יחידה,false,,19.90,0.0000,true,1,10503
7290000195773,false,מגבוני האגיס סנסטיב,,,מגבוני האגיס סנסטיב,יחידה,0.00,יחידה,false,,19.90,0.0000,true,1,10507
7290000196763,false,ניקול השקית החזקה,,,ניקול השקית החזקה,יחידה,0.00,יחידה,false,,29.50,0.0000,true,1,10513
7290000197029,false,ניקול שקיות ניילון ר,,,ניקול שקיות ניילון ר,יחידה,0.00,יחידה,false,,17.90,0.0000,true,1,116839
7290000197081,false,ניילונית נצמד ניקול,,,ניילונית נצמד ניקול,,150.00,מטר,false,,30.90,0.2060,true,1,10517
7290000197432,false,ניקול שקיות אוכל זוג,,,ניקול שקיות אוכל זוג,יחידה,0.00,יחידה,false,,14.90,0.0000,true,1,10530
7290000197678,false,האגיס פרידום דריי ש,,,האגיס פרידום דריי ש,יחידה,0.00,יחידה,false,,45.90,0.0000,true,1,10539
7290000197876,false,ניקול תבנית אלומיניו,,,ניקול תבנית אלומיניו,יחידה,0.00,יחידה,false,,10.90,0.0000,true,1,10542
7290000197883,false,ניקול תבניות אלומיני,,,ניקול תבניות אלומיני,יחידה,0.00,יחידה,false,,10.90,0.0000,true,1,10543
7290000197951,false,ניקול תבנית אלומיניו,,,ניקול תבנית אלומיניו,יחידה,0.00,יחידה,false,,10.90,0.0000,true,1,10544
7290000197982,false,ניקול רדיד אלומיניום,,,ניקול רדיד אלומיניום,,15.00,מטר,false,,22.90,1.5267,true,1,10545
7290000199313,false,תחבושות קוטקס יאנג 2,,,תחבושות קוטקס יאנג 2,יחידה,0.00,יחידה,false,,19.90,0.0000,true,1,10549
7290000201863,false,טיטולים פרימיום שלב,,,טיטולים פרימיום שלב,יחידה,0.00,יחידה,false,,32.90,0.0000,true,1,10557
7290000201870,false,טיטולים פרימיום שלב,,,טיטולים פרימיום שלב,יחידה,0.00,יחידה,false,,32.90,0.0000,true,1,10558
7290000204086,false,ניקול כרית קרצוף,,,ניקול כרית קרצוף,יחידה,0.00,יחידה,false,,12.90,0.0000,true,1,10580
7290000204253,false,מטלית רב שימושית תשע,,,מטלית רב שימושית תשע,יחידה,0.00,יחידה,false,,11.90,0.0000,true,1,10584
7290000204512,false,מטליות לחות לרצפה בר,,,מטליות לחות לרצפה בר,יחידה,0.00,יחידה,false,,12.50,0.0000,true,1,10586
7290000207063,false,רוטב עגבניות פריכוז,,,רוטב עגבניות פריכוז,,240.00,100 גרם,false,,4.90,0.0204,true,1,10128
7290000207162,false,רוטב עגבניות 100 גרם,,,רוטב עגבניות 100 גרם,,100.00,100 גרם,false,,2.50,0.0250,true,1,10131
7290000207438,false,עגבניות לקוביות יכין,,,עגבניות לקוביות יכין,,800.00,100 גרם,false,,10.90,0.0136,true,1,10132
7290000208022,false,עגבניות מרוסקות יכין,,,עגבניות מרוסקות יכין,,800.00,100 גרם,false,,10.90,0.0136,true,1,10135
7290000208077,false,אפונת גינה גדולה L י,,,אפונת גינה גדולה L י,,335.00,100 גרם,false,,9.90,0.0296,true,1,10137
7290000208114,false,אפונת גינה וגזר יכין,,,אפונת גינה וגזר יכין,,330.00,100 גרם,false,,9.90,0.0300,true,1,10140
7290000208138,false,סירופ דייאט ענבים יכ,,,סירופ דייאט ענבים יכ,ליטרים,1.00,ליטר,false,,17.90,17.9000,true,1,10142
7290000208145,false,גרעיני תירס לייט יכי,,,גרעיני תירס לייט יכי,,335.00,100 גרם,false,,9.90,0.0296,true,1,10143
7290000208213,false,שעועית לבנה ברוטב עג,,,שעועית לבנה ברוטב עג,,355.00,100 גרם,false,,9.90,0.0279,true,1,10145
7290000208220,false,שעועית צילי חריף יכי,,,שעועית צילי חריף יכי,,355.00,100 גרם,false,,10.90,0.0307,true,1,10146
7290000208312,false,גרעיני תירס מתוק יכי,,,גרעיני תירס מתוק יכי,,400.00,100 גרם,false,,7.90,0.0198,true,1,10150
7290000208329,false,גרעיני תירס מתוק יכי,,,גרעיני תירס מתוק יכי,,335.00,100 גרם,false,,9.90,0.0296,true,1,10151
7290000208336,false,רוטב עגבניות יכין 24,,,רוטב עגבניות יכין 24,,240.00,100 גרם,false,,5.50,0.0229,true,1,10152
7290000208350,false,עגבניות מרוסקות עם ב,,,עגבניות מרוסקות עם ב,,800.00,100 גרם,false,,10.90,0.0136,true,1,10154
7290000208404,false,פול מצרי יכין 550 גר,,,פול מצרי יכין 550 גר,,350.00,100 גרם,false,,8.90,0.0254,true,1,10156
7290000208428,false,חומוס שלם יכין 550 ג,,,חומוס שלם יכין 550 ג,,290.00,100 גרם,false,,9.90,0.0341,true,1,10157
7290000208534,false,גרעיני תירס קיד מתוק,,,גרעיני תירס קיד מתוק,,335.00,100 גרם,false,,11.90,0.0355,true,1,10162
7290000208855,false,רוטב לפסטה קלאסי יכי,,,רוטב לפסטה קלאסי יכי,,260.00,100 גרם,false,,6.50,0.0250,true,1,10165
7290000208893,false,תירס לייט יכין 400 ג,,,תירס לייט יכין 400 ג,,400.00,100 גרם,false,,6.90,0.0173,true,1,10166
7290000208930,false,עגבניות מרוסקות עם ש,,,עגבניות מרוסקות עם ש,,260.00,100 גרם,false,,6.50,0.0250,true,1,10167
7290000208947,false,עגבניות מרוסקות יכין,,,עגבניות מרוסקות יכין,יחידה,260.00,יחידה,false,,6.50,0.0250,true,1,10168
7290000208978,false,רוטב עגבניות פריכוז,,,רוטב עגבניות פריכוז,,100.00,100 גרם,false,,3.90,0.0390,true,1,10169
7290000209012,false,חומץ הדרים 5% יכין 1,,,חומץ הדרים 5% יכין 1,ליטרים,1.00,ליטר,false,,7.90,7.9000,true,1,10171
7290000209043,false,מיץ לימון משומר יכין,,,מיץ לימון משומר יכין,ליטרים,1.00,ליטר,false,,5.90,5.9000,true,1,10172
7290000209371,false,תירס שלישיה יכין 3*1,,,תירס שלישיה יכין 3*1,,495.00,100 גרם,false,,15.90,0.0321,true,1,10183
7290000209388,false,תירס לייט שלישיה יכי,,,תירס לייט שלישיה יכי,,420.00,100 גרם,false,,15.90,0.0379,true,1,10184
7290000209708,false,עגבניות מרוסקות בזיל,,,עגבניות מרוסקות בזיל,,260.00,100 גרם,false,,6.50,0.0250,true,1,10193
7290000209722,false,רוטב עגבניות מרוכז מ,,,רוטב עגבניות מרוכז מ,,580.00,100 גרם,false,,10.90,0.0188,true,1,10195
7290000209906,false,עגבניות מרוסקות עם ב,,,עגבניות מרוסקות עם ב,,260.00,100 גרם,false,,6.50,0.0250,true,1,10196
7290000209913,false,עגבניות לקוביות יכין,,,עגבניות לקוביות יכין,,260.00,100 גרם,false,,6.50,0.0250,true,1,10197
7290000209944,false,רוטב לעגבניות לשקשוק,,,רוטב לעגבניות לשקשוק,,260.00,100 גרם,false,,6.50,0.0250,true,1,10198
7290000209951,false,רוטב עגבניות לפיצה י,,,רוטב עגבניות לפיצה י,,260.00,"100 מ""ל",false,,6.50,0.0250,true,1,10199
7290000209968,false,רוטב ללזניה יכין 240,,,רוטב ללזניה יכין 240,,260.00,100 גרם,false,,6.50,0.0250,true,1,10200
7290000210896,false,רוטב לפסטה בולונז יכ,,,רוטב לפסטה בולונז יכ,,260.00,100 גרם,false,,6.50,0.0250,true,1,10205
7290000211169,false,אורז תאילנדי 1 ק'ג,,,אורז תאילנדי 1 ק'ג,קילוגרמים,1.00,"ק""ג",false,,7.90,7.9000,true,1,19645
7290000211374,false,"קמח מלא סוגת 1 ק""ג",,,"קמח מלא סוגת 1 ק""ג",קילוגרמים,1.00,"ק""ג",false,,8.90,8.9000,true,1,19647
7290000211442,false,סוגת אורז פרסי קלאסי,,,סוגת אורז פרסי קלאסי,קילוגרמים,1.00,"ק""ג",false,,11.90,11.9000,true,1,19649
7290000211503,false,"סוכר סוגת לבן 1 ק""ג",,,"סוכר סוגת לבן 1 ק""ג",קילוגרמים,1.00,"ק""ג",false,,4.90,4.9000,true,1,19650
7290000211626,false,"אורז חיש 1 ק""ג",,,"אורז חיש 1 ק""ג",קילוגרמים,1.00,"ק""ג",false,,11.90,11.9000,true,1,19651
7290000211985,false,סוגת אורז עגול 1קג,,,סוגת אורז עגול 1קג,קילוגרמים,1.00,"ק""ג",false,,9.90,9.9000,true,1,19653
7290000238029,false,"בצק עלים 1ק""ג",,,"בצק עלים 1ק""ג",קילוגרמים,1.00,"ק""ג",false,,24.90,24.9000,true,1,38815
7290000238036,false,מעדנות מלווח 700גר,,,מעדנות מלווח 700גר,,700.00,100 גרם,false,,18.90,0.0270,true,1,38816
7290000238173,false,בורקס גבינה מעדנות 8,,,בורקס גבינה מעדנות 8,,800.00,100 גרם,false,,22.90,0.0286,true,1,38817
7290000238180,false,"בורקס תפו""א 800גר",,,"בורקס תפו""א 800גר",,800.00,100 גרם,false,,21.90,0.0274,true,1,38818
7290000243566,false,שמן קנולה בריאות עץ,,,שמן קנולה בריאות עץ,,750.00,"100 מ""ל",false,,12.90,0.0172,true,1,31550
7290000253220,false,שוקולד צ'יפס אופנהיי,,,שוקולד צ'יפס אופנהיי,,260.00,100 גרם,false,,13.90,0.0535,true,1,15532
7290000253251,false,שוקולד צ'יפס לבן אופ,,,שוקולד צ'יפס לבן אופ,,250.00,100 גרם,false,,13.90,0.0556,true,1,15533
7290000254066,false,פילה אמנון 5-7 קפוא,,,פילה אמנון 5-7 קפוא,קילוגרמים,1.00,"ק""ג",true,,29.90,29.9000,true,1,504159
7290000262031,false,נייר טואלט מולט לב 3,,,נייר טואלט מולט לב 3,,563.00,מטר,false,,30.90,0.0549,true,1,10591
7290000262413,false,האגיס אקסטרה קייר מי,,,האגיס אקסטרה קייר מי,יחידה,0.00,יחידה,false,,57.90,0.0000,true,1,10597
7290000267500,false,קליפות הדר בציפוי שו,,,קליפות הדר בציפוי שו,,200.00,100 גרם,false,,11.90,0.0595,true,1,6292
7290000272443,false,סירופ דיאט תפוז עסיס,,,סירופ דיאט תפוז עסיס,יחידה,0.00,יחידה,false,,16.90,0.0000,true,1,21439
7290000272467,false,סירופ דיאט פטל עסיס,,,סירופ דיאט פטל עסיס,ליטרים,1.00,ליטר,false,,16.90,16.9000,true,1,21440
7290000272696,false,מיץ לימון משומר עסיס,,,מיץ לימון משומר עסיס,ליטרים,1.00,ליטר,false,,11.90,11.9000,true,1,21441
7290000286228,false,סנו סושי שישיות כריו,,,סנו סושי שישיות כריו,יחידה,0.00,יחידה,false,,12.90,0.0000,true,1,31816
7290000286297,false,סנו מסיר אבן מקומקום,,,סנו מסיר אבן מקומקום,,700.00,"100 מ""ל",false,,12.90,0.0184,true,1,31817
7290000286549,false,סנו סושי מטליות לכל,,,סנו סושי מטליות לכל,יחידה,0.00,יחידה,false,,12.90,0.0000,true,1,31824
7290000286761,false,סנו סושי פלסטיק נצמד,,,סנו סושי פלסטיק נצמד,,60.00,מטר,false,,12.90,0.2150,true,1,31828
7290000286921,false,סנוקל רסס כבס,,,סנוקל רסס כבס,,750.00,"100 מ""ל",false,,17.90,0.0239,true,1,31833
7290000287102,false,סנו שמפו שטיחים אירו,,,סנו שמפו שטיחים אירו,,600.00,"100 מ""ל",false,,22.90,0.0382,true,1,31836
7290000287195,false,סנו רהיט ספריי עשיר,,,סנו רהיט ספריי עשיר,,305.00,"100 מ""ל",false,,16.90,0.0554,true,1,31837
7290000287409,false,סנובון שלישיה תות 3*,,,סנובון שלישיה תות 3*,,165.00,100 גרם,false,,12.90,0.0782,true,1,31839
7290000287621,false,סנו אנטי קאלק W.C מנ,,,סנו אנטי קאלק W.C מנ,,750.00,"100 מ""ל",false,,13.90,0.0185,true,1,31845
7290000288017,false,סנו זאוול 1ליטר לימו,,,סנו זאוול 1ליטר לימו,ליטרים,1.00,ליטר,false,,8.90,8.9000,true,1,31852
7290000288024,false,סנו ז'אוול בריח לימו,,,סנו ז'אוול בריח לימו,ליטרים,4.00,ליטר,false,,17.90,4.4750,true,1,31853
7290000288048,false,סנו ג'אוול מרסס אילנ,,,סנו ג'אוול מרסס אילנ,ליטרים,1.00,ליטר,false,,19.90,19.9000,true,1,31855
7290000288079,false,סנו זאוול בריח לימון,,,סנו זאוול בריח לימון,ליטרים,2.00,ליטר,false,,13.90,6.9500,true,1,31856
7290000288109,false,סנו מקסימה אפקט ג'או,,,סנו מקסימה אפקט ג'או,קילוגרמים,1.25,"ק""ג",false,,15.90,12.7200,true,1,31858
7290000288253,false,400-K,,,400-K,,630.00,"100 מ""ל",false,,26.90,0.0427,true,1,31859
7290000288291,false,סנומט 30 טבליות,,,סנומט 30 טבליות,יחידה,0.00,יחידה,false,,14.90,0.0000,true,1,31860
7290000288352,false,K - 300,,,K - 300,,630.00,"100 מ""ל",false,,23.50,0.0373,true,1,31862
7290000288642,false,מרכך כביסה סנו מקסימ,,,מרכך כביסה סנו מקסימ,ליטרים,4.00,ליטר,false,,23.90,5.9750,true,1,31869
7290000288659,false,"סנו די ג'ונגל 50 מ""ל",,,"סנו די ג'ונגל 50 מ""ל",,50.00,"100 מ""ל",false,,21.60,0.4320,true,1,128415
7290000288727,false,סנו מקסימה מאסק 1.25,,,סנו מקסימה מאסק 1.25,קילוגרמים,1.25,"ק""ג",false,,15.90,12.7200,true,1,31871
7290000288840,false,מים מזוקקים 2 ליטר,,,מים מזוקקים 2 ליטר,ליטרים,2.00,ליטר,false,,14.90,7.4500,true,1,31872
7290000289069,false,סנו ג'אוול מרסס לימו,,,סנו ג'אוול מרסס לימו,ליטרים,1.00,ליטר,false,,19.90,19.9000,true,1,31875
7290000289380,false,סנו ג'אוול לימון לני,,,סנו ג'אוול לימון לני,,750.00,"100 מ""ל",false,,12.90,0.0172,true,1,200203
7290000289472,false,סנו סושי שקיות HD 76,,,סנו סושי שקיות HD 76,יחידה,0.00,יחידה,false,,21.90,0.0000,true,1,31877
7290000289496,false,סנו ג'אוול ג'ל קרם ל,,,סנו ג'אוול ג'ל קרם ל,,750.00,"100 מ""ל",false,,13.90,0.0185,true,1,31878
7290000289601,false,אקונומיקה LEVAJ לבנד,,,אקונומיקה LEVAJ לבנד,ליטרים,2.00,ליטר,false,,13.60,6.8000,true,1,138779
7290000289885,false,סנו פרש ענק אושן כחו,,,סנו פרש ענק אושן כחו,,375.00,"100 מ""ל",false,,11.90,0.0317,true,1,31883
7290000291963,false,סנו ז'אוול סמיכה לימ,,,סנו ז'אוול סמיכה לימ,יחידה,0.00,יחידה,false,,8.90,0.0000,true,1,31889
7290000292137,false,נוזל ניקוי וטיפול במ,,,נוזל ניקוי וטיפול במ,,500.00,"100 מ""ל",false,,32.90,0.0658,true,1,31890
7290000292311,false,סנו פוליווקס סחלבים,,,סנו פוליווקס סחלבים,ליטרים,2.00,ליטר,false,,26.00,13.0000,true,1,31892
7290000292557,false,סנומט 45 נוזל מילוי,,,סנומט 45 נוזל מילוי,יחידה,0.00,יחידה,false,,19.90,0.0000,true,1,31896
7290000292564,false,K 2000 סנו ללא ריח,,,K 2000 סנו ללא ריח,,750.00,"100 מ""ל",false,,32.90,0.0439,true,1,31897
7290000293837,false,דאודורנט ג'ל קרמה מן,,,דאודורנט ג'ל קרמה מן,,70.00,"100 מ""ל",false,,14.90,0.2129,true,1,127461
7290000294575,false,סנו רב מגבת,,,סנו רב מגבת,,13.80,מטר,false,,14.90,1.0797,true,1,31912
7290000294773,false,סנו ז'אוול בריח אילנ,,,סנו ז'אוול בריח אילנ,ליטרים,4.00,ליטר,false,,17.90,4.4750,true,1,31913
7290000294780,false,סנו ז'אוול סמיכה 4 ל,,,סנו ז'אוול סמיכה 4 ל,ליטרים,4.00,ליטר,false,,17.90,4.4750,true,1,31914
7290000295121,false,מטלית זיגזג 3יח,,,מטלית זיגזג 3יח,יחידה,0.00,יחידה,false,,12.90,0.0000,true,1,31915
7290000295299,false,כריות יפניות סנו סוש,,,כריות יפניות סנו סוש,יחידה,0.00,יחידה,false,,12.90,0.0000,true,1,31916
7290000295336,false,סנו מקסימה סנסיטיב 1,,,סנו מקסימה סנסיטיב 1,קילוגרמים,1.25,"ק""ג",false,,15.90,12.7200,true,1,31918
7290000295343,false,סנו מקסימה ביו 1.25,,,סנו מקסימה ביו 1.25,קילוגרמים,1.25,"ק""ג",false,,15.90,12.7200,true,1,31919
7290000295404,false,שקיות אשפה נשלפות סנ,,,שקיות אשפה נשלפות סנ,יחידה,0.00,יחידה,false,,24.90,0.0000,true,1,31921
7290000295503,false,סנו סושי צמד שקיות א,,,סנו סושי צמד שקיות א,יחידה,0.00,יחידה,false,,15.90,0.0000,true,1,31922
7290000295541,false,סנו רב מגבת גמבו,,,סנו רב מגבת גמבו,יחידה,0.00,יחידה,false,,19.90,0.0000,true,1,31923
7290000295558,false,צמד רדיד אלומיניום ק,,,צמד רדיד אלומיניום ק,,15.00,מטר,false,,12.90,0.8600,true,1,31924
7290000295565,false,רדיד אלומיניום רחב ב,,,רדיד אלומיניום רחב ב,,15.00,מטר,false,,18.90,1.2600,true,1,31925
7290000295572,false,מנקה אסלות 00 צמד,,,מנקה אסלות 00 צמד,ליטרים,1.50,ליטר,false,,21.90,14.6000,true,1,31926
7290000295794,false,ספוגיות אל חלד זוג,,,ספוגיות אל חלד זוג,יחידה,0.00,יחידה,false,,14.90,0.0000,true,1,31929
7290000300900,false,שניצל תירס טבעול רכי,,,שניצל תירס טבעול רכי,,750.00,100 גרם,false,,27.90,0.0372,true,1,22236
7290000313160,false,חברים זהבה ושלושת הד,,,חברים זהבה ושלושת הד,,250.00,100 גרם,false,,9.50,0.0380,true,1,70670
7290000313184,false,חברים ביסקויט גן חיו,,,חברים ביסקויט גן חיו,,250.00,100 גרם,false,,9.50,0.0380,true,1,21444
7290000313290,false,נודלס אטריות מסולסלו,,,נודלס אטריות מסולסלו,יחידה,200.00,יחידה,false,,10.90,0.0545,true,1,21446
7290000334684,false,טבעות בצל 700 גרם,,,טבעות בצל 700 גרם,,700.00,100 גרם,false,,19.90,0.0284,true,1,22249
7290000345215,false,תה ויסוצקי קלאסיק 10,,,תה ויסוצקי קלאסיק 10,,100.00,100 גרם,false,,20.90,0.2090,true,1,26177
7290000345284,false,תה ויסוצקי 1.5 קלאסי,,,תה ויסוצקי 1.5 קלאסי,,150.00,100 גרם,false,,20.90,0.1393,true,1,26180
7290000345307,false,תה ארל גריי 1.5/50,,,תה ארל גריי 1.5/50,,75.00,100 גרם,false,,33.90,0.4520,true,1,26182
7290000345536,false,תה נענע 25 שקיות 1.5,,,תה נענע 25 שקיות 1.5,,37.50,100 גרם,false,,19.90,0.5307,true,1,26183
7290000346137,false,תה הילולי פירות 25 ש,,,תה הילולי פירות 25 ש,,62.50,100 גרם,false,,19.90,0.3184,true,1,26191
7290000346199,false,תה פירות יער 25 שקיק,,,תה פירות יער 25 שקיק,,67.50,100 גרם,false,,19.90,0.2948,true,1,26195
7290000346205,false,תה קמומיל 25 שקיקים,,,תה קמומיל 25 שקיקים,,37.50,100 גרם,false,,19.90,0.5307,true,1,26196
7290000347752,false,תה ירוק לימונית ולוא,,,תה ירוק לימונית ולוא,,37.50,100 גרם,false,,26.90,0.7173,true,1,26206
7290000364261,false,סלסולי כתף בקר 120 ג,,,סלסולי כתף בקר 120 ג,,120.00,100 גרם,false,,15.90,0.1325,true,1,26860
7290000364292,false,סלסולי פסטרמה גחלים,,,סלסולי פסטרמה גחלים,,120.00,100 גרם,false,,15.90,0.1325,true,1,26863
7290000364803,false,נקניקיות קרנץ אמריקא,,,נקניקיות קרנץ אמריקא,,500.00,100 גרם,false,,33.10,0.0662,true,1,26866
7290000364858,false,נקניקיות עוף טרי 1 ק,,,נקניקיות עוף טרי 1 ק,קילוגרמים,1.00,"ק""ג",false,,29.90,29.9000,true,1,26868
7290000364872,false,נקניקיות עוף 400 גרם,,,נקניקיות עוף 400 גרם,,400.00,100 גרם,false,,13.90,0.0348,true,1,26869
7290000367590,false,צמד כפרי נק.סלמי+פסט,,,צמד כפרי נק.סלמי+פסט,,800.00,100 גרם,false,,29.90,0.0374,true,1,26872
7290000382210,false,שקיות גופיה ינות בית,,,שקיות גופיה ינות בית,יחידה,0.00,יחידה,false,,0.10,0.0000,true,1,57788
7290000382227,false,שקיות גופיה מגה בעיר,,,שקיות גופיה מגה בעיר,יחידה,0.00,יחידה,false,,0.10,0.0000,true,1,5
7290000408316,false,דנונה טבעי 3% 200מל,,,דנונה טבעי 3% 200מל,,200.00,"100 מ""ל",false,,3.90,0.0195,true,1,24914
7290000408354,false,דנונה קראנצ' פצפוצים,,,דנונה קראנצ' פצפוצים,,175.00,"100 מ""ל",false,,4.90,0.0280,true,1,24915
7290000412481,false,מנקה אסלות 1 ליטר 00,,,מנקה אסלות 1 ליטר 00,ליטרים,1.00,ליטר,false,,8.90,8.9000,true,1,31933
7290000416045,false,ממרח שוקולד השחר 1 ק,,,ממרח שוקולד השחר 1 ק,קילוגרמים,1.00,"ק""ג",false,,27.90,27.9000,true,1,31092
7290000416618,false,ממרח שוקולד פרווה הש,,,ממרח שוקולד פרווה הש,,400.00,100 גרם,false,,13.90,0.0348,true,1,31102
7290000416632,false,ממרח שוקולד פרווה הש,,,ממרח שוקולד פרווה הש,קילוגרמים,1.00,"ק""ג",false,,27.90,27.9000,true,1,31103
7290000418131,false,תחבושות סופר מקופלת,,,תחבושות סופר מקופלת,יחידה,0.00,יחידה,false,,5.90,0.0000,true,1,31618
7290000419107,false,לנדוור מקורי קפה טחו,,,לנדוור מקורי קפה טחו,,100.00,100 גרם,false,,9.90,0.0990,true,1,21447
7290000419374,false,לנדוור לבוקר קפה טחו,,,לנדוור לבוקר קפה טחו,,300.00,100 גרם,false,,19.90,0.0663,true,1,21450
7290000436616,false,דובשניות ברמן 180 גר,,,דובשניות ברמן 180 גר,,180.00,100 גרם,false,,5.90,0.0328,true,1,90522
7290000453019,false,שמרית שמרים טריים לא,,,שמרית שמרים טריים לא,,50.00,100 גרם,false,,4.90,0.0980,true,1,24916
7290000453408,false,שמרית בצק פיצה דק מצ,,,שמרית בצק פיצה דק מצ,,415.00,100 גרם,false,,17.90,0.0431,true,1,165713
7290000453415,false,שמרית בצק עלים מצונן,,,שמרית בצק עלים מצונן,,300.00,100 גרם,false,,16.90,0.0563,true,1,200225
7290000453422,false,שמרית בצק פילו מוכן,,,שמרית בצק פילו מוכן,,300.00,100 גרם,false,,16.90,0.0563,true,1,165714
7290000453798,false,שמרים יבשים אקטיביים,,,שמרים יבשים אקטיביים,,500.00,100 גרם,false,,13.90,0.0278,true,1,24215
7290000453866,false,נטורינה קוקוס שטראוס,,,נטורינה קוקוס שטראוס,,200.00,100 גרם,false,,8.50,0.0425,true,1,108340
7290000461625,false,ביגלה 8 8 400גר,,,ביגלה 8 8 400גר,,400.00,100 גרם,false,,12.20,0.0305,true,1,12153
7290000461793,false,ביגלה ארוך ארוך דל ש,,,ביגלה ארוך ארוך דל ש,,150.00,100 גרם,false,,6.90,0.0460,true,1,120821
7290000462141,false,סחוג אדום חריף מאוד,,,סחוג אדום חריף מאוד,,150.00,100 גרם,false,,8.90,0.0593,true,1,24921
7290000467320,false,צבר חומוס אבו מרוואן,,,צבר חומוס אבו מרוואן,,400.00,100 גרם,false,,14.20,0.0355,true,1,22262
7290000474502,false,טרה גבינה לבנה 5% 25,,,טרה גבינה לבנה 5% 25,,250.00,100 גרם,false,,4.98,0.0199,true,1,7914
7290000474540,false,טוב טעם גבינה 3% 250,,,טוב טעם גבינה 3% 250,,250.00,100 גרם,false,,11.70,0.0468,true,1,7915
7290000474830,false,נעם גבינה צהובה מגור,,,נעם גבינה צהובה מגור,,500.00,100 גרם,false,,33.60,0.0672,true,1,7916
7290000480107,false,"קוואקר מהיר אטוס לל""",,,"קוואקר מהיר אטוס לל""",,500.00,100 גרם,false,,15.90,0.0318,true,1,25490
7290000480442,false,שיבולת שועל בשקית קו,,,שיבולת שועל בשקית קו,,500.00,100 גרם,false,,14.90,0.0298,true,1,25491
7290000484747,false,"עלית הארק 40% 700 מ""",,,"עלית הארק 40% 700 מ""",,700.00,"100 מ""ל",false,,60.90,0.0870,true,1,31180
7290000490762,false,גלידל מאגדת בטעם שוק,,,גלידל מאגדת בטעם שוק,,400.00,100 גרם,false,,34.90,0.0872,true,1,143986
7290000493176,false,אסם אבקת רוטב צלי לב,,,אסם אבקת רוטב צלי לב,,22.00,100 גרם,false,,4.00,0.1818,true,1,21482
7290000493183,false,אסם אבקת רוטב פטריות,,,אסם אבקת רוטב פטריות,,30.00,100 גרם,false,,4.00,0.1333,true,1,21483
7290000496360,false,פילה בקלה דרום אפרי,,,פילה בקלה דרום אפרי,קילוגרמים,1.00,"ק""ג",true,,43.90,43.9000,true,1,352068
7290000504025,false,סוכרזית פטריה 300 טב,,,סוכרזית פטריה 300 טב,,246.00,100 גרם,false,,10.90,0.0443,true,1,24220
7290000504049,false,סוכרזית קנקן 1200 טב,,,סוכרזית קנקן 1200 טב,,984.00,100 גרם,false,,21.90,0.0223,true,1,24222
7290000504278,false,סוכרזית פטנט 700 טבל,,,סוכרזית פטנט 700 טבל,,574.00,100 גרם,false,,16.90,0.0294,true,1,24225
7290000518176,false,מתוק וקל ענק 250 שקי,,,מתוק וקל ענק 250 שקי,,250.00,100 גרם,false,,21.90,0.0876,true,1,17346
7290000518190,false,מתוק וקל סטיביה 100,,,מתוק וקל סטיביה 100,,80.00,100 גרם,false,,27.90,0.3487,true,1,83470
7290000518220,false,סוכרה דיאט 100 יח,,,סוכרה דיאט 100 יח,,80.00,100 גרם,false,,30.90,0.3862,true,1,83471
7290000521008,false,אדום יבש סגל.,,,אדום יבש סגל.,,750.00,"100 מ""ל",false,,22.90,0.0305,true,1,11000
7290000521015,false,"לבן סגל 750 מ""ל",,,"לבן סגל 750 מ""ל",,750.00,"100 מ""ל",false,,22.90,0.0305,true,1,11001
7290000521022,false,סגל לבן חצי יבש 750,,,סגל לבן חצי יבש 750,,750.00,"100 מ""ל",false,,22.90,0.0305,true,1,11002
7290000522104,false,חלב הרים עמיד 3% 1 ל,,,חלב הרים עמיד 3% 1 ל,ליטרים,1.00,ליטר,false,,7.50,7.5000,true,1,24925
7290000522166,false,חלב הרים טהור נ.לקטו,,,חלב הרים טהור נ.לקטו,ליטרים,1.00,ליטר,false,,11.50,11.5000,true,1,7923
7290000522272,false,חלב הרים שמנת לקפה 1,,,חלב הרים שמנת לקפה 1,,500.00,"100 מ""ל",false,,9.90,0.0198,true,1,7927
7290000523125,false,מלח ים יבש הארץ 250,,,מלח ים יבש הארץ 250,,250.00,100 גרם,false,,6.90,0.0276,true,1,26208
7290000523224,false,מלח ים יבש הארץ 500,,,מלח ים יבש הארץ 500,,500.00,100 גרם,false,,8.90,0.0178,true,1,26209
7290000523514,false,מלח 50% פחות נתרן הא,,,מלח 50% פחות נתרן הא,,250.00,100 גרם,false,,11.00,0.0440,true,1,26210
7290000523521,false,מלח מעושר ביוד הארץ,,,מלח מעושר ביוד הארץ,,250.00,100 גרם,false,,7.90,0.0316,true,1,26211
7290000523804,false,מלח עדין בצנצנת הארץ,,,מלח עדין בצנצנת הארץ,קילוגרמים,1.00,"ק""ג",false,,7.50,7.5000,true,1,26212
7290000525969,false,פרימור מיץ תפוזים 1ל,,,פרימור מיץ תפוזים 1ל,ליטרים,1.00,ליטר,false,,17.20,17.2000,true,1,24927
7290000530086,false,סלמי מעושן 7000 א.מ.,,,סלמי מעושן 7000 א.מ.,,600.00,100 גרם,false,,38.90,0.0648,true,1,42341
7290000530109,false,זוג קבנוס בוואקום 36,,,זוג קבנוס בוואקום 36,,360.00,100 גרם,false,,34.00,0.0944,true,1,42342
7290000530116,false,סלמי מעושן בשן זוגלו,,,סלמי מעושן בשן זוגלו,,470.00,100 גרם,false,,27.90,0.0594,true,1,42343
7290000530413,false,המבורגר זהב 400גר,,,המבורגר זהב 400גר,,400.00,100 גרם,false,,22.90,0.0572,true,1,42346
7290000530468,false,נקניקיות וינר טרי 1ק,,,נקניקיות וינר טרי 1ק,קילוגרמים,1.00,"ק""ג",false,,32.90,32.9000,true,1,42347
7290000530703,false,זוג תה 400 + חרמון 4,,,זוג תה 400 + חרמון 4,,800.00,100 גרם,false,,34.90,0.0436,true,1,42352
7290000531601,false,סטייק בורגר 400 גר'-,,,סטייק בורגר 400 גר'-,,400.00,100 גרם,false,,22.90,0.0572,true,1,42355
7290000533353,false,זוגלובק בצק עלים 1קג,,,זוגלובק בצק עלים 1קג,קילוגרמים,1.00,"ק""ג",false,,16.90,16.9000,true,1,42362
7290000537566,false,נקניקיות עוף טרי 400,,,נקניקיות עוף טרי 400,,400.00,100 גרם,false,,13.90,0.0348,true,1,42376
7290000537603,false,"נקנקיות עוף 1 ק""ג -ז",,,"נקנקיות עוף 1 ק""ג -ז",קילוגרמים,1.00,"ק""ג",false,,32.90,32.9000,true,1,42377
7290000552118,false,נקנקיות מרגז 400 גרם,,,נקנקיות מרגז 400 גרם,,400.00,100 גרם,false,,23.90,0.0597,true,1,116860
7290000552194,false,קישקע קפוא 500 גרם,,,קישקע קפוא 500 גרם,,500.00,100 גרם,false,,17.90,0.0358,true,1,18624
7290000552569,false,סטייק בורגר 400 ג'-ט,,,סטייק בורגר 400 ג'-ט,,400.00,100 גרם,false,,23.90,0.0597,true,1,18625
7290000552989,false,בשר עגל טחון קפוא 50,,,בשר עגל טחון קפוא 50,,500.00,100 גרם,false,,22.90,0.0458,true,1,18630
7290000554402,false,גד מלבי 160מל.,,,גד מלבי 160מל.,,160.00,"100 מ""ל",false,,6.50,0.0406,true,1,16192
7290000554457,false,גד צפתית מיני 5% 350,,,גד צפתית מיני 5% 350,,350.00,100 גרם,false,,22.90,0.0654,true,1,16193
7290000554471,false,גד מוצרלה נקניק טבעי,,,גד מוצרלה נקניק טבעי,,180.00,100 גרם,false,,18.50,0.1028,true,1,16194
7290000554532,false,גד צפתית מעודנת במלח,,,גד צפתית מעודנת במלח,,200.00,100 גרם,false,,15.90,0.0795,true,1,16195
7290000554624,false,גד ירח מתוק 150מל,,,גד ירח מתוק 150מל,,150.00,100 גרם,false,,6.50,0.0433,true,1,16197
7290000554686,false,גד לאבנה בשמן זית וז,,,גד לאבנה בשמן זית וז,,250.00,100 גרם,false,,15.90,0.0636,true,1,16198
7290000554822,false,גד ריקוטה טבעי 5% 25,,,גד ריקוטה טבעי 5% 25,,250.00,100 גרם,false,,15.90,0.0636,true,1,16199
7290000554839,false,גד מסקרפונה 40% 250ג,,,גד מסקרפונה 40% 250ג,,250.00,100 גרם,false,,21.90,0.0876,true,1,16200
7290000560533,false,ג'ל גילוח ירוק לעור,,,ג'ל גילוח ירוק לעור,,200.00,"100 מ""ל",false,,17.90,0.0895,true,1,7412
7290000560540,false,ג'ל גילוח כתום לעור,,,ג'ל גילוח כתום לעור,,200.00,"100 מ""ל",false,,17.90,0.0895,true,1,7413
7290000561097,false,תערובת פיצוחים 150 ג,,,תערובת פיצוחים 150 ג,,150.00,100 גרם,false,,17.90,0.1193,true,1,132605
7290000561158,false,תערובת בריאות 150 גר,,,תערובת בריאות 150 גר,,150.00,100 גרם,false,,11.90,0.0793,true,1,119754
7290000561202,false,גרעין חמניה קלוי 200,,,גרעין חמניה קלוי 200,,200.00,100 גרם,false,,7.90,0.0395,true,1,1573
7290000561233,false,בוטן קלוי 200ג פיצוח,,,בוטן קלוי 200ג פיצוח,,200.00,100 גרם,false,,8.90,0.0445,true,1,1575
7290000561240,false,גרעין דלעת קלוי 200ג,,,גרעין דלעת קלוי 200ג,,200.00,100 גרם,false,,10.90,0.0545,true,1,1576
7290000561363,false,גרעין אבטיח קלוי 200,,,גרעין אבטיח קלוי 200,,200.00,100 גרם,false,,14.90,0.0745,true,1,1577
7290000561578,false,בוטן אמריקאי 200ג,,,בוטן אמריקאי 200ג,,200.00,100 גרם,false,,6.90,0.0345,true,1,119756
7290000561585,false,קבוקים 200ג - חממה,,,קבוקים 200ג - חממה,,200.00,100 גרם,false,,6.50,0.0325,true,1,119757
7290000561981,false,אגוז מלך 200ג,,,אגוז מלך 200ג,,200.00,100 גרם,false,,23.90,0.1195,true,1,1596
7290000599847,false,רב מגבת מויסקו,,,רב מגבת מויסקו,יחידה,0.00,יחידה,false,,8.90,0.0000,true,1,15247
7290000604343,false,תמר דקל נור 400גר,,,תמר דקל נור 400גר,,400.00,100 גרם,false,,12.90,0.0323,true,1,2619
7290000610860,false,פילה מדומה 6 מוכשר א,,,פילה מדומה 6 מוכשר א,קילוגרמים,1.00,"ק""ג",true,,41.90,41.9000,true,1,472355
7290000611280,false,עוף שלם טרי ארוז,,,עוף שלם טרי ארוז,קילוגרמים,1.00,"ק""ג",true,,19.90,19.9000,true,1,41213
7290000611839,false,שוקיים עוף טרי ארוז,,,שוקיים עוף טרי ארוז,קילוגרמים,1.00,"ק""ג",true,,34.90,34.9000,true,1,41223
7290000611846,false,כרעיים עוף טרי ארוז.,,,כרעיים עוף טרי ארוז.,קילוגרמים,1.00,"ק""ג",true,,29.90,29.9000,true,1,41224
7290000611853,false,כנפיים עוף טרי ארוז,,,כנפיים עוף טרי ארוז,קילוגרמים,1.00,"ק""ג",true,,12.90,12.9000,true,1,41225
7290000611860,false,חזה עוף שלם טרי ארוז,,,חזה עוף שלם טרי ארוז,קילוגרמים,1.00,"ק""ג",true,,34.90,34.9000,true,1,41226
7290000611884,false,כבד עוף טרי ארוז,,,כבד עוף טרי ארוז,קילוגרמים,1.00,"ק""ג",true,,23.90,23.9000,true,1,41228
7290000611891,false,לבבות עוף טרי ארוז,,,לבבות עוף טרי ארוז,קילוגרמים,1.00,"ק""ג",true,,29.90,29.9000,true,1,41229
7290000611983,false,חזה עוף פרוס טרי ארו,,,חזה עוף פרוס טרי ארו,קילוגרמים,1.00,"ק""ג",true,,38.90,38.9000,true,1,41232
7290000612966,false,גרון הודו זכר ארוז,,,גרון הודו זכר ארוז,קילוגרמים,1.00,"ק""ג",true,,29.90,29.9000,true,1,41245
7290000614580,false,בשר לחמין חלק ארוז,,,בשר לחמין חלק ארוז,קילוגרמים,1.00,"ק""ג",true,,34.90,34.9000,true,1,386917
7290000644783,false,דגי תנובה נתחי פילה,,,דגי תנובה נתחי פילה,קילוגרמים,1.00,"ק""ג",true,,89.90,89.9000,true,1,28114
7290000652542,false,פילה אמנון 5-7 100%,,,פילה אמנון 5-7 100%,קילוגרמים,1.00,"ק""ג",true,,39.90,39.9000,true,1,259327
7290000654546,false,פילה אמנון 7-9 100%,,,פילה אמנון 7-9 100%,קילוגרמים,1.00,"ק""ג",true,,39.90,39.9000,true,1,259342
7290000658926,false,פילה מרלוזה קפוא 100,,,פילה מרלוזה קפוא 100,קילוגרמים,1.00,"ק""ג",true,,32.90,32.9000,true,1,102286
7290000659312,false,דגי תנובה פילה סלמון,,,דגי תנובה פילה סלמון,קילוגרמים,1.00,"ק""ג",true,,79.90,79.9000,true,1,28122
7290000663036,false,פילה אמנון ללא עור 1,,,פילה אמנון ללא עור 1,קילוגרמים,1.00,"ק""ג",true,,44.90,44.9000,true,1,324028
7290000679440,false,משחה לתינוק קמיל בלו,,,משחה לתינוק קמיל בלו,,100.00,100 גרם,false,,17.90,0.1790,true,1,31284
7290000688084,false,מי עדן 1/2 ליטר ספור,,,מי עדן 1/2 ליטר ספור,,500.00,"100 מ""ל",false,,3.50,0.0070,true,1,12984
7290000688374,false,"מי עדן בייבי 330 מ""ל",,,"מי עדן בייבי 330 מ""ל",ליטרים,1.98,ליטר,false,,16.90,8.5354,true,1,12987
7290000688381,false,מי עדן פקק ספורט 6*5,,,מי עדן פקק ספורט 6*5,ליטרים,3.00,ליטר,false,,15.90,5.3000,true,1,12988
7290000688466,false,מי עדן ג'ים 750מל,,,מי עדן ג'ים 750מל,,750.00,"100 מ""ל",false,,3.90,0.0052,true,1,12989
7290000688503,false,מי עדן ג'ים 6*750מל,,,מי עדן ג'ים 6*750מל,ליטרים,4.50,ליטר,false,,18.90,4.2000,true,1,12990
7290000692227,false,פלמוליב לכלים קלאסי-,,,פלמוליב לכלים קלאסי-,יחידה,0.00,יחידה,false,,14.90,0.0000,true,1,23596
7290000707062,false,פטם פילה במגש קפוא ל,,,פטם פילה במגש קפוא ל,קילוגרמים,1.00,"ק""ג",true,,39.90,39.9000,true,1,495758
7290000707116,false,פטם שווארמה במגש קפו,,,פטם שווארמה במגש קפו,קילוגרמים,1.00,"ק""ג",true,,71.90,71.9000,true,1,131388
7290000803180,false,מי פה דנטלית מרידול,,,מי פה דנטלית מרידול,,400.00,"100 מ""ל",false,,32.90,0.0822,true,1,23604
7290000910291,false,פלפל צ`ילי,,,פלפל צ`ילי,,100.00,100 גרם,false,,7.90,0.0790,true,1,2626
7290001041192,false,עדשים אדומות 1 ק'ג,,,עדשים אדומות 1 ק'ג,קילוגרמים,1.00,"ק""ג",false,,13.90,13.9000,true,1,52038
7290001041215,false,חיטה 1 ק'ג,,,חיטה 1 ק'ג,קילוגרמים,1.00,"ק""ג",false,,9.20,9.2000,true,1,52040
7290001041987,false,סוכר חום צנצנת מיה 1,,,סוכר חום צנצנת מיה 1,קילוגרמים,1.00,"ק""ג",false,,11.90,11.9000,true,1,52054
7290001045169,false,פרימור מיץ תפוחים צל,,,פרימור מיץ תפוחים צל,ליטרים,1.00,ליטר,false,,17.20,17.2000,true,1,24928
7290001045688,false,פרימור מיץ תפוזים 40,,,פרימור מיץ תפוזים 40,,400.00,"100 מ""ל",false,,8.50,0.0213,true,1,24933
7290001123775,false,שווארמה פרגיות 500 ג,,,שווארמה פרגיות 500 ג,,500.00,100 גרם,false,,26.90,0.0538,true,1,18636
7290001123782,false,שווארמה הודו 500 גרם,,,שווארמה הודו 500 גרם,,500.00,100 גרם,false,,26.90,0.0538,true,1,18637
7290001136287,false,שמפו רגיל ירוק נקה 7,,,שמפו רגיל ירוק נקה 7,,750.00,"100 מ""ל",false,,12.90,0.0172,true,1,31936
7290001136294,false,שמפו יבש אדום נקה 7,,,שמפו יבש אדום נקה 7,,750.00,"100 מ""ל",false,,12.90,0.0172,true,1,31937
7290001136362,false,תחליב רחצה אלוורה ות,,,תחליב רחצה אלוורה ות,יחידה,0.00,יחידה,false,,16.90,0.0000,true,1,31939
7290001136973,false,תחליב רחצה קמומיל נק,,,תחליב רחצה קמומיל נק,יחידה,0.00,יחידה,false,,16.90,0.0000,true,1,31943
7290001201510,false,30 ביצים M מ.לסר,,,30 ביצים M מ.לסר,יחידה,0.00,יחידה,false,,27.87,0.0000,true,1,15393
7290001201589,false,12 ביצים L מ.לסר,,,12 ביצים L מ.לסר,יחידה,0.00,יחידה,false,,12.05,0.0000,true,1,15396
7290001201596,false,12 ביצים M מ.לסר,,,12 ביצים M מ.לסר,יחידה,0.00,יחידה,false,,11.15,0.0000,true,1,15397
7290001201824,false,12 ביצים L אורגני מ,,,12 ביצים L אורגני מ,יחידה,0.00,יחידה,false,,23.90,0.0000,true,1,15404
7290001201862,false,12 ביצים חופש L מ. ל,,,12 ביצים חופש L מ. ל,יחידה,0.00,יחידה,false,,19.90,0.0000,true,1,15406
7290001201893,false,12 ביצים M אומגה 3,,,12 ביצים M אומגה 3,יחידה,0.00,יחידה,false,,17.90,0.0000,true,1,98878
7290001216040,false,טחינה אל ארז 100% שו,,,טחינה אל ארז 100% שו,,500.00,100 גרם,false,,18.90,0.0378,true,1,38017
7290001245699,false,ג'ל אקונומיקה סמיכה,,,ג'ל אקונומיקה סמיכה,ליטרים,4.00,ליטר,false,,13.90,3.4750,true,1,155047
7290001245712,false,אקונומיקה טאצ' 4 ליט,,,אקונומיקה טאצ' 4 ליט,ליטרים,4.00,ליטר,false,,10.90,2.7250,true,1,155049
7290001245729,false,ג'ל כביסה ירוק 3 ליט,,,ג'ל כביסה ירוק 3 ליט,ליטרים,1.00,ליטר,false,,18.90,18.9000,true,1,155065
7290001245736,false,ג'ל כביסה כחול 3 ליט,,,ג'ל כביסה כחול 3 ליט,ליטרים,1.00,ליטר,false,,18.90,18.9000,true,1,155066
7290001245842,false,נוזל רצפות מאסק 4 לי,,,נוזל רצפות מאסק 4 לי,ליטרים,4.00,ליטר,false,,14.90,3.7250,true,1,184206
7290001245965,false,מרכך כביסה טאצ' כחול,,,מרכך כביסה טאצ' כחול,ליטרים,4.00,ליטר,false,,14.90,3.7250,true,1,155076
7290001246054,false,פותח סתימות 1 ליטר ט,,,פותח סתימות 1 ליטר ט,ליטרים,1.00,ליטר,false,,14.90,14.9000,true,1,155079
7290001246078,false,מרכך פרימיום סנשואל,,,מרכך פרימיום סנשואל,ליטרים,1.00,ליטר,false,,13.90,13.9000,true,1,155081
7290001246085,false,תרסיס מנקה חלונות 1,,,תרסיס מנקה חלונות 1,ליטרים,1.00,ליטר,false,,6.90,6.9000,true,1,155050
7290001246351,false,נוזל רצפות לבנדר 4 ל,,,נוזל רצפות לבנדר 4 ל,ליטרים,4.00,ליטר,false,,14.90,3.7250,true,1,184209
7290001246979,false,אקופרנד - נוזל כלים,,,אקופרנד - נוזל כלים,ליטרים,1.00,ליטר,false,,14.90,14.9000,true,1,277674
7290001247068,false,ספרינג תות בננה קרטו,,,ספרינג תות בננה קרטו,ליטרים,1.00,ליטר,false,,7.90,7.9000,true,1,12993
7290001247082,false,ספרינג עגבניות קרטונ,,,ספרינג עגבניות קרטונ,ליטרים,1.00,ליטר,false,,7.90,7.9000,true,1,12995
7290001247099,false,ספרינג מנגו קרטונית,,,ספרינג מנגו קרטונית,ליטרים,1.00,ליטר,false,,7.90,7.9000,true,1,12996
7290001247112,false,ספרינג לימונענע קרטו,,,ספרינג לימונענע קרטו,ליטרים,1.00,ליטר,false,,7.90,7.9000,true,1,12998
7290001247143,false,ספרינג תפוח קרטונית,,,ספרינג תפוח קרטונית,ליטרים,1.00,ליטר,false,,7.90,7.9000,true,1,13001
7290001274941,false,פופסיקל בטעם פטל 8 י,,,פופסיקל בטעם פטל 8 י,,640.00,100 גרם,false,,29.90,0.0467,true,1,39400
7290001305188,false,פלמוליב לכלים פריחת,,,פלמוליב לכלים פריחת,,750.00,"100 מ""ל",false,,12.90,0.0172,true,1,23608
7290001407547,false,בארכה טחינה שומשום מ,,,בארכה טחינה שומשום מ,,500.00,100 גרם,false,,19.20,0.0384,true,1,21494
7290001407820,false,חלבה שאמית וניל בארכ,,,חלבה שאמית וניל בארכ,,350.00,100 גרם,false,,15.90,0.0454,true,1,21499
7290001407936,false,בארכה טחינה מעודנת 3,,,בארכה טחינה מעודנת 3,,310.00,100 גרם,false,,13.90,0.0448,true,1,21502
7290001419618,false,וופל עלמה בלגי שוקו,,,וופל עלמה בלגי שוקו,,200.00,100 גרם,false,,4.90,0.0245,true,1,48183
7290001419779,false,וופל עלמה קלאסי 200,,,וופל עלמה קלאסי 200,,200.00,100 גרם,false,,4.90,0.0245,true,1,48184
7290001427033,false,קשת מיץ תפוחים טבעי,,,קשת מיץ תפוחים טבעי,ליטרים,1.00,ליטר,false,,17.90,17.9000,true,1,49014
7290001436790,false,מרגז מיני אקסטרה חרי,,,מרגז מיני אקסטרה חרי,,500.00,100 גרם,false,,30.90,0.0618,true,1,383134
7290001459935,false,אפונה בלדי 800 גרם,,,אפונה בלדי 800 גרם,,800.00,100 גרם,false,,12.90,0.0161,true,1,482369
7290001459942,false,אפונה וקוביות גזר בל,,,אפונה וקוביות גזר בל,,800.00,100 גרם,false,,12.90,0.0161,true,1,482385
7290001482094,false,וילי פוד פרמזן משולש,,,וילי פוד פרמזן משולש,,200.00,100 גרם,false,,26.90,0.1345,true,1,4606
7290001485019,false,טרה גבינת שמנת טבעי,,,טרה גבינת שמנת טבעי,,200.00,100 גרם,false,,11.90,0.0595,true,1,7929
7290001491010,false,תה ירוק עם יסמין T.T,,,תה ירוק עם יסמין T.T,,37.50,100 גרם,false,,26.90,0.7173,true,1,26215
7290001491096,false,תה ירוק בתוספת לימונ,,,תה ירוק בתוספת לימונ,,75.00,100 גרם,false,,49.50,0.6600,true,1,26216
7290001552025,false,קוסקוס 800גר,,,קוסקוס 800גר,,800.00,100 גרם,false,,16.80,0.0210,true,1,121155
7290001591710,false,המבורגר אנגוס טיבון,,,המבורגר אנגוס טיבון,,600.00,100 גרם,false,,24.90,0.0415,true,1,416783
7290001591727,false,קבב בקר על מקל טיבון,,,קבב בקר על מקל טיבון,,500.00,100 גרם,false,,24.90,0.0498,true,1,416784
7290001594155,false,קוקה קולה 500מל,,,קוקה קולה 500מל,,500.00,"100 מ""ל",false,,7.90,0.0158,true,1,7940
7290001594179,false,פאנטה אורנג' 500 בקב,,,פאנטה אורנג' 500 בקב,,500.00,"100 מ""ל",false,,7.90,0.0158,true,1,7941
7290001594230,false,סודה קינלי 250 מ'ל,,,סודה קינלי 250 מ'ל,,250.00,"100 מ""ל",false,,3.90,0.0156,true,1,7943
7290001594377,false,פריגת משקה תפוזים 50,,,פריגת משקה תפוזים 50,,500.00,"100 מ""ל",false,,7.90,0.0158,true,1,8413
7290001594810,false,מאלטי טובורג בקבוק 6,,,מאלטי טובורג בקבוק 6,ליטרים,1.98,ליטר,false,,36.30,18.3333,true,1,8423
7290001594858,false,טובורג רד בקבוק פקדו,,,טובורג רד בקבוק פקדו,ליטרים,1.98,ליטר,false,,44.90,22.6768,true,1,69390
7290001594865,false,קרלסברג בירה בקבוק 6,,,קרלסברג בירה בקבוק 6,ליטרים,1.98,ליטר,false,,44.90,22.6768,true,1,69391
7290001648643,false,כתר קפה טורקי 3*100ג,,,כתר קפה טורקי 3*100ג,,300.00,100 גרם,false,,13.90,0.0463,true,1,137810
7290001648995,false,קפה רגואן 3*100גר,,,קפה רגואן 3*100גר,,100.00,100 גרם,false,,13.90,0.1390,true,1,137811
7290001670057,false,.סכום ח.פ.כפיות 100י,,,.סכום ח.פ.כפיות 100י,יחידה,0.00,יחידה,false,,13.90,0.0000,true,1,9131
7290001670071,false,.סכום ח.פ.כפות 100יח,,,.סכום ח.פ.כפות 100יח,יחידה,0.00,יחידה,false,,13.90,0.0000,true,1,9133
7290001696729,false,פקאן טבעי 100 גרם,,,פקאן טבעי 100 גרם,,100.00,100 גרם,false,,16.90,0.1690,true,1,1603
7290001696736,false,פקאן סיני 100 גרם,,,פקאן סיני 100 גרם,,100.00,100 גרם,false,,18.90,0.1890,true,1,1604
7290001696989,false,בוטנת גרעינים שחורים,,,בוטנת גרעינים שחורים,,200.00,100 גרם,false,,7.50,0.0375,true,1,1606
7290001713150,false,אקונומיקה קצף ניקוי,,,אקונומיקה קצף ניקוי,ליטרים,1.00,ליטר,false,,12.90,12.9000,true,1,144909
7290001713242,false,"שקיות אשפה 25 י""ח 75",,,"שקיות אשפה 25 י""ח 75",יחידה,0.00,יחידה,false,,13.90,0.0000,true,1,419560
7290001791349,false,אקונומיקה ריחנית פסג,,,אקונומיקה ריחנית פסג,ליטרים,4.00,ליטר,false,,12.90,3.2250,true,1,32008
7290001817728,false,ציטוס כאפה 55 גרם,,,ציטוס כאפה 55 גרם,,55.00,100 גרם,false,,3.90,0.0709,true,1,25495
7290001865439,false,סבון נוזלי וניל + מש,,,סבון נוזלי וניל + מש,יחידה,0.00,יחידה,false,,11.90,0.0000,true,1,7433
7290001865453,false,סבון נוזלי לבנדר+ מש,,,סבון נוזלי לבנדר+ מש,יחידה,0.00,יחידה,false,,11.90,0.0000,true,1,7434
7290001873458,false,סטייק בורגר בלאק אנג,,,סטייק בורגר בלאק אנג,,320.00,100 גרם,false,,24.90,0.0778,true,1,222972
7290001990094,false,סוכר חום בצנצנת קלאס,,,סוכר חום בצנצנת קלאס,קילוגרמים,1.00,"ק""ג",false,,16.90,16.9000,true,1,19656
7290001990117,false,שומשום 100 גרם,,,שומשום 100 גרם,,100.00,100 גרם,false,,3.90,0.0390,true,1,19657
7290001990148,false,סוכר גולדן קלאסי בצנ,,,סוכר גולדן קלאסי בצנ,קילוגרמים,1.00,"ק""ג",false,,14.50,14.5000,true,1,19658
7290001990278,false,סוגת שעועית לבנה 1 ק,,,סוגת שעועית לבנה 1 ק,קילוגרמים,1.00,"ק""ג",false,,19.90,19.9000,true,1,19660
7290001990407,false,עדשים ירוקים 1 קג,,,עדשים ירוקים 1 קג,קילוגרמים,1.00,"ק""ג",false,,16.90,16.9000,true,1,19663
7290001990414,false,סוגת עדשים אדומים 1,,,סוגת עדשים אדומים 1,קילוגרמים,1.00,"ק""ג",false,,16.90,16.9000,true,1,116864
7290001990421,false,"סוגת פופקורן 1 ק""ג",,,"סוגת פופקורן 1 ק""ג",קילוגרמים,1.00,"ק""ג",false,,11.90,11.9000,true,1,19665
7290002007234,false,אבקת סוכר 100ג,,,אבקת סוכר 100ג,,100.00,100 גרם,false,,2.50,0.0250,true,1,9159
7290002007357,false,שקיות לצליה דליקטס מ,,,שקיות לצליה דליקטס מ,יחידה,0.00,יחידה,false,,5.90,0.0000,true,1,9163
7290002007500,false,קיסמים חבית הנמל 500,,,קיסמים חבית הנמל 500,,500.00,יח',false,,4.90,0.0098,true,1,9169
7290002007975,false,צלחות קטן 50יח,,,צלחות קטן 50יח,יחידה,0.00,יחידה,false,,13.90,0.0000,true,1,9180
7290002007982,false,מזלגות חד פעמי 100 י,,,מזלגות חד פעמי 100 י,יחידה,0.00,יחידה,false,,13.90,0.0000,true,1,9181
7290002007999,false,צלחות גדול 50יח הנמל,,,צלחות גדול 50יח הנמל,יחידה,0.00,יחידה,false,,16.90,0.0000,true,1,9182
7290002008187,false,קש לשתיה מתקפל 40יח,,,קש לשתיה מתקפל 40יח,יחידה,0.00,יחידה,false,,2.50,0.0000,true,1,9195
7290002008347,false,קורנפלור 500 גרם,,,קורנפלור 500 גרם,,500.00,100 גרם,false,,6.90,0.0138,true,1,9202
7290002008507,false,נייר אפיה 50יח,,,נייר אפיה 50יח,יחידה,0.00,יחידה,false,,9.90,0.0000,true,1,9206
7290002008743,false,סוכר וניל 10*10 גרם,,,סוכר וניל 10*10 גרם,,100.00,100 גרם,false,,3.90,0.0390,true,1,9211
7290002008750,false,אבקת אפיה 10*10 גרם,,,אבקת אפיה 10*10 גרם,,100.00,100 גרם,false,,3.90,0.0390,true,1,9212
7290002008989,false,קישקשים 225 יח,,,קישקשים 225 יח,יחידה,0.00,יחידה,false,,10.90,0.0000,true,1,9220
7290002043065,false,פריכוני אורז בציפוי,,,פריכוני אורז בציפוי,,70.00,100 גרם,false,,10.30,0.1471,true,1,266768
7290002043218,false,אקסטרא צ'יפס מלח ואו,,,אקסטרא צ'יפס מלח ואו,,60.00,100 גרם,false,,9.40,0.1567,true,1,305653
7290002043232,false,חטיף צ'יפס משפחתי בט,,,חטיף צ'יפס משפחתי בט,,120.00,100 גרם,false,,13.80,0.1150,true,1,416242
7290002043591,false,חטיף צ'יפס משפחתי בט,,,חטיף צ'יפס משפחתי בט,,120.00,100 גרם,false,,13.80,0.1150,true,1,416243
7290002043782,false,צ'יפס טקסס ברבקיו אק,,,צ'יפס טקסס ברבקיו אק,,60.00,100 גרם,false,,9.40,0.1567,true,1,266798
7290002053088,false,אטריות ביצים מס' 8 א,,,אטריות ביצים מס' 8 א,,210.00,100 גרם,false,,8.90,0.0424,true,1,69018
7290002057031,false,זיתים מבוקעים פיקנטי,,,זיתים מבוקעים פיקנטי,,560.00,100 גרם,false,,9.90,0.0177,true,1,54225
7290002057123,false,זיתים חרוזית ירוק קב,,,זיתים חרוזית ירוק קב,,275.00,100 גרם,false,,10.90,0.0396,true,1,54232
7290002057352,false,מלפפונים במלח 7-9 ק,,,מלפפונים במלח 7-9 ק,,560.00,100 גרם,false,,7.90,0.0141,true,1,54241
7290002057369,false,מלפפון במלח 10-12 קב,,,מלפפון במלח 10-12 קב,,560.00,100 גרם,false,,8.90,0.0159,true,1,54242
7290002057376,false,מלפפון במלח 13-17 קב,,,מלפפון במלח 13-17 קב,,560.00,100 גרם,false,,10.90,0.0195,true,1,54243
7290002057437,false,שיפקונית קבוצת יבנה,,,שיפקונית קבוצת יבנה,,560.00,100 גרם,false,,10.90,0.0195,true,1,283699
7290002057451,false,מלפפון בחומץ 7-9 קבו,,,מלפפון בחומץ 7-9 קבו,,560.00,100 גרם,false,,7.90,0.0141,true,1,54246
7290002057468,false,מלפפון בחומץ 10-12 ק,,,מלפפון בחומץ 10-12 ק,,560.00,100 גרם,false,,8.90,0.0159,true,1,54247
7290002057734,false,זיתים חרוזית מושחר ק,,,זיתים חרוזית מושחר ק,,560.00,100 גרם,false,,9.90,0.0177,true,1,54254
7290002065555,false,6 לחמניות רכות אנגל,,,6 לחמניות רכות אנגל,,450.00,100 גרם,false,,11.90,0.0264,true,1,71965
7290002065616,false,שיפון גרעינים אנגל 7,,,שיפון גרעינים אנגל 7,,750.00,100 גרם,false,,14.90,0.0199,true,1,71966
7290002065623,false,לחם שיפון כפרי אנגל,,,לחם שיפון כפרי אנגל,,750.00,100 גרם,false,,14.90,0.0199,true,1,71967
7290002111085,false,רוטב עגבניות 22% פרי,,,רוטב עגבניות 22% פרי,,100.00,100 גרם,false,,2.50,0.0250,true,1,10211
7290002111337,false,רוטב עגבניות 22% פרי,,,רוטב עגבניות 22% פרי,,240.00,100 גרם,false,,5.50,0.0229,true,1,116833
7290002111634,false,חומוס שלם פרי מבורך,,,חומוס שלם פרי מבורך,,550.00,100 גרם,false,,9.90,0.0180,true,1,10220
7290002111818,false,גרעיני תירס מתוק פרי,,,גרעיני תירס מתוק פרי,,246.00,100 גרם,false,,6.90,0.0280,true,1,10225
7290002111825,false,גרעיני תירס מתוק פרי,,,גרעיני תירס מתוק פרי,,335.00,100 גרם,false,,8.90,0.0266,true,1,10226
7290002129455,false,פיצה איטלקית 450 ג,,,פיצה איטלקית 450 ג,,450.00,100 גרם,false,,21.90,0.0487,true,1,112047
7290002130567,false,דבש טהור מפרחי בר בצ,,,דבש טהור מפרחי בר בצ,,350.00,100 גרם,false,,21.90,0.0626,true,1,24238
7290002130574,false,דבש טהור מפרחי בר בצ,,,דבש טהור מפרחי בר בצ,,500.00,100 גרם,false,,29.60,0.0592,true,1,24239
7290002130581,false,דבש טהור מפרחי בר בצ,,,דבש טהור מפרחי בר בצ,קילוגרמים,1.00,"ק""ג",false,,46.90,46.9000,true,1,24240
7290002157953,false,טונה בשמן קנולה וילי,,,טונה בשמן קנולה וילי,,560.00,100 גרם,false,,23.90,0.0427,true,1,18679
7290002253006,false,דורות שום כתוש טרי 2,,,דורות שום כתוש טרי 2,,200.00,100 גרם,false,,17.90,0.0895,true,1,22264
7290002253150,false,בזיליקום טרי קצוץ 70,,,בזיליקום טרי קצוץ 70,,70.00,100 גרם,false,,11.90,0.1700,true,1,22268
7290002253259,false,דורות רוטב עגבניות ב,,,דורות רוטב עגבניות ב,,160.00,100 גרם,false,,12.80,0.0800,true,1,22275
7290002255031,false,סיגרים במילוי בשר חט,,,סיגרים במילוי בשר חט,,800.00,100 גרם,false,,23.90,0.0299,true,1,120646
7290002255086,false,קובה ביתי במילוי בשר,,,קובה ביתי במילוי בשר,,700.00,100 גרם,false,,23.90,0.0341,true,1,120648
7290002259664,false,רדיד אלומניום 30*60.,,,רדיד אלומניום 30*60.,,60.90,מטר,false,,59.90,0.9836,true,1,5487
7290002277248,false,גבינת מון בלאן זעתר,,,גבינת מון בלאן זעתר,,120.00,100 גרם,false,,12.90,0.1075,true,1,18462
7290002291046,false,בלדי המבורגר מסעדות,,,בלדי המבורגר מסעדות,,480.00,100 גרם,false,,29.90,0.0623,true,1,116301
7290002317128,false,מלפפון במלח 10-12 מו,,,מלפפון במלח 10-12 מו,,560.00,100 גרם,false,,12.50,0.0223,true,1,25810
7290002317135,false,מלפפון במלח 13-17 מו,,,מלפפון במלח 13-17 מו,,560.00,100 גרם,false,,12.50,0.0223,true,1,25811
7290002317296,false,פלפל שיפקה + 20% מוט,,,פלפל שיפקה + 20% מוט,,550.00,100 גרם,false,,10.90,0.0198,true,1,25822
7290002317319,false,מלפפון בחומץ 7-9 20%,,,מלפפון בחומץ 7-9 20%,,670.00,100 גרם,false,,11.40,0.0170,true,1,25824
7290002317326,false,זיתים מנזלינו 20% 12,,,זיתים מנזלינו 20% 12,,670.00,100 גרם,false,,12.50,0.0187,true,1,25825
7290002317371,false,זיתים מושחרים נטולי,,,זיתים מושחרים נטולי,,560.00,100 גרם,false,,12.50,0.0223,true,1,25830
7290002317609,false,כרוב כבוש מוטולה 560,,,כרוב כבוש מוטולה 560,,560.00,100 גרם,false,,7.50,0.0134,true,1,25844
7290002317616,false,זיתים חתוכים מרינט 1,,,זיתים חתוכים מרינט 1,,560.00,100 גרם,false,,12.50,0.0223,true,1,25845
7290002317661,false,זיתים מנזלינו גדול מ,,,זיתים מנזלינו גדול מ,,560.00,100 גרם,false,,12.50,0.0223,true,1,25848
7290002319016,false,אבקת אפיה 10 יח' מיה,,,אבקת אפיה 10 יח' מיה,,100.00,100 גרם,false,,2.90,0.0290,true,1,52055
7290002319023,false,1/10 סוכר וניל,,,1/10 סוכר וניל,,100.00,100 גרם,false,,3.50,0.0350,true,1,52056
7290002319122,false,גריסים מיה 500 גרם,,,גריסים מיה 500 גרם,,500.00,100 גרם,false,,5.90,0.0118,true,1,16409
7290002319139,false,שעועית מיה 500 גרם,,,שעועית מיה 500 גרם,,500.00,100 גרם,false,,10.90,0.0218,true,1,52063
7290002319160,false,אפונה יבשה מיה 500 ג,,,אפונה יבשה מיה 500 ג,,500.00,100 גרם,false,,5.90,0.0118,true,1,52065
7290002319207,false,כוסמת מיה 500 גרם,,,כוסמת מיה 500 גרם,,500.00,100 גרם,false,,9.90,0.0198,true,1,52069
7290002319375,false,קורנפלור 250 גר בד`ץ,,,קורנפלור 250 גר בד`ץ,,200.00,100 גרם,false,,3.90,0.0195,true,1,16410
7290002319740,false,אגוז טחון 100 גרם,,,אגוז טחון 100 גרם,,100.00,100 גרם,false,,15.80,0.1580,true,1,52095
7290002331025,false,נביעות 1/2 ליטר ספור,,,נביעות 1/2 ליטר ספור,,500.00,"100 מ""ל",false,,4.90,0.0098,true,1,7959
7290002331094,false,755מל מים מינרלים TO,,,755מל מים מינרלים TO,,755.00,"100 מ""ל",false,,5.50,0.0073,true,1,7960
7290002331360,false,נביעות TO GO שישייה,,,נביעות TO GO שישייה,ליטרים,3.00,ליטר,false,,18.90,6.3000,true,1,8443
7290002331476,false,"נביעות בייבי 320 מ""ל",,,"נביעות בייבי 320 מ""ל",,320.00,"100 מ""ל",false,,2.80,0.0087,true,1,8444
7290002331490,false,נביעות 1 ליטר,,,נביעות 1 ליטר,ליטרים,1.00,ליטר,false,,3.90,3.9000,true,1,8445
7290002345015,false,סינטה דקדק 250 גרם,,,סינטה דקדק 250 גרם,,250.00,100 גרם,false,,19.90,0.0796,true,1,116862
7290002345022,false,אנטריקוט דקדק 250 ג,,,אנטריקוט דקדק 250 ג,,250.00,100 גרם,false,,29.90,0.1196,true,1,111886
7290002348238,false,לפתן אננס חתוך ויליג,,,לפתן אננס חתוך ויליג,,830.00,100 גרם,false,,7.90,0.0095,true,1,227834
7290002360285,false,פומפדור חליטת קמומיל,,,פומפדור חליטת קמומיל,,30.00,100 גרם,false,,17.90,0.5967,true,1,23614
7290002371526,false,טירת צבי סלסולי פסטר,,,טירת צבי סלסולי פסטר,,120.00,100 גרם,false,,15.90,0.1325,true,1,26875
7290002371533,false,טירת צבי סלסולי פסטר,,,טירת צבי סלסולי פסטר,,120.00,100 גרם,false,,15.90,0.1325,true,1,26876
7290002371540,false,טירת צבי קורנדביף דק,,,טירת צבי קורנדביף דק,,120.00,100 גרם,false,,15.90,0.1325,true,1,26877
7290002371854,false,נקניקיות עוף מתובלות,,,נקניקיות עוף מתובלות,קילוגרמים,1.00,"ק""ג",false,,30.90,30.9000,true,1,26879
7290002374268,false,שמן חמניות מילומור 1,,,שמן חמניות מילומור 1,ליטרים,1.00,ליטר,false,,13.90,13.9000,true,1,31556
7290002374312,false,שמן קנולה מילומור 1,,,שמן קנולה מילומור 1,ליטרים,1.00,ליטר,false,,12.90,12.9000,true,1,31557
7290002502036,false,בונז'ור לחמניוה קשר,,,בונז'ור לחמניוה קשר,,1.00,יח',false,,2.90,2.9000,true,1,37194
7290002512004,false,צנעני מלווח 900 גרם,,,צנעני מלווח 900 גרם,,900.00,100 גרם,false,,19.90,0.0221,true,1,68470
7290002512011,false,צנעני גחנון 900 גרם,,,צנעני גחנון 900 גרם,,900.00,100 גרם,false,,19.90,0.0221,true,1,68471
7290002512035,false,בצק עלים 1קג צנעני,,,בצק עלים 1קג צנעני,קילוגרמים,1.00,"ק""ג",false,,18.90,18.9000,true,1,68472
7290002515364,false,קמיל בלו אל סבון 500,,,קמיל בלו אל סבון 500,,500.00,"100 מ""ל",false,,19.90,0.0398,true,1,31309
7290002517269,false,תבלין פלפל שחור שלם,,,תבלין פלפל שחור שלם,,35.00,100 גרם,false,,10.90,0.3114,true,1,49197
7290002517375,false,תבלין בזיליקום בשקית,,,תבלין בזיליקום בשקית,,30.00,100 גרם,false,,6.90,0.2300,true,1,49202
7290002542506,false,קורונה בירה בקבוק 35,,,קורונה בירה בקבוק 35,,355.00,"100 מ""ל",false,,9.90,0.0279,true,1,31791
7290002542780,false,סטלה ארטואה בקבוק 6*,,,סטלה ארטואה בקבוק 6*,ליטרים,1.98,ליטר,false,,40.90,20.6566,true,1,325504
7290002543046,false,פרוסטיס דגני קלוגס 7,,,פרוסטיס דגני קלוגס 7,,750.00,100 גרם,false,,21.90,0.0292,true,1,6987
7290002603504,false,פיצת השף מאיטליה CHE,,,פיצת השף מאיטליה CHE,,200.00,100 גרם,false,,18.90,0.0945,true,1,137324
7290002628293,false,טחון עוף קפוא 500 גר,,,טחון עוף קפוא 500 גר,,500.00,100 גרם,false,,11.90,0.0238,true,1,96552
7290002692393,false,שמן קנולה מועשר עץ ה,,,שמן קנולה מועשר עץ ה,ליטרים,1.00,ליטר,false,,17.90,17.9000,true,1,31562
7290002692478,false,שמן זית כתית מעולה מ,,,שמן זית כתית מעולה מ,,750.00,"100 מ""ל",false,,37.90,0.0505,true,1,31564
7290002692768,false,תרסיס שמן קנולה עץ ה,,,תרסיס שמן קנולה עץ ה,,200.00,"100 מ""ל",false,,19.90,0.0995,true,1,31571
7290002703068,false,צנצנת דבש עין חרוד 1,,,צנצנת דבש עין חרוד 1,קילוגרמים,1.00,"ק""ג",false,,45.90,45.9000,true,1,39018
7290002703358,false,צנצנת דבש עין חרוד 3,,,צנצנת דבש עין חרוד 3,,350.00,100 גרם,false,,18.90,0.0540,true,1,39025
7290002703617,false,סילאן 100% טבעי לחיץ,,,סילאן 100% טבעי לחיץ,,385.00,100 גרם,false,,13.90,0.0361,true,1,139735
7290002730262,false,פלמוליב לכלים קלאסי,,,פלמוליב לכלים קלאסי,,750.00,"100 מ""ל",false,,12.90,0.0172,true,1,23618
7290002730811,false,משחת שיניים גל משפחת,,,משחת שיניים גל משפחת,,100.00,"100 מ""ל",false,,14.80,0.1480,true,1,23625
7290002730958,false,סבון מוצק ירוק זית פ,,,סבון מוצק ירוק זית פ,,400.00,100 גרם,false,,17.90,0.0447,true,1,23630
7290002735007,false,"בצק עלים 1 ק""ג",,,"בצק עלים 1 ק""ג",קילוגרמים,1.00,"ק""ג",false,,14.90,14.9000,true,1,121735
7290002735014,false,ינון מלווח ארוז 800,,,ינון מלווח ארוז 800,,800.00,100 גרם,false,,14.90,0.0186,true,1,121736
7290002735021,false,ינון גחנון ארוז 750,,,ינון גחנון ארוז 750,,750.00,100 גרם,false,,14.90,0.0199,true,1,121737
7290002735113,false,בורקס גבינה ינון 800,,,בורקס גבינה ינון 800,,800.00,100 גרם,false,,16.90,0.0211,true,1,121738
7290002752332,false,מנטוס .סוכריות פירות,,,מנטוס .סוכריות פירות,,37.50,100 גרם,false,,4.50,0.1200,true,1,14673
7290002752349,false,מנטוס סוכריות מנטה 3,,,מנטוס סוכריות מנטה 3,,37.50,100 גרם,false,,4.50,0.1200,true,1,14674
7290002752493,false,טיק טק 1/4,,,טיק טק 1/4,,64.00,100 גרם,false,,12.00,0.1875,true,1,48363
7290002753223,false,טיק טק תפוז 4/1,,,טיק טק תפוז 4/1,,64.00,100 גרם,false,,12.00,0.1875,true,1,48364
7290002757511,false,דלידג קציצות דג לביש,,,דלידג קציצות דג לביש,,750.00,100 גרם,false,,35.90,0.0479,true,1,18761
7290002757535,false,בורקס פילו אצבעות גב,,,בורקס פילו אצבעות גב,,700.00,100 גרם,false,,21.90,0.0313,true,1,18763
7290002757665,false,קבב מזרחי 400 גרם,,,קבב מזרחי 400 גרם,,400.00,100 גרם,false,,13.90,0.0348,true,1,18765
7290002793311,false,מילוי למכשיר 50,,,מילוי למכשיר 50,יחידה,0.00,יחידה,false,,60.00,0.0000,true,1,19832
7290002814054,false,אנטרקטיק במתז 1 ליטר,,,אנטרקטיק במתז 1 ליטר,ליטרים,1.00,ליטר,false,,12.90,12.9000,true,1,144911
7290002814160,false,מסיר שומנים קר סנט מ,,,מסיר שומנים קר סנט מ,יחידה,0.00,יחידה,false,,19.90,0.0000,true,1,137903
7290002814290,false,קצף מרוכז 1 ליטר בלנ,,,קצף מרוכז 1 ליטר בלנ,ליטרים,1.00,ליטר,false,,15.90,15.9000,true,1,250157
7290002814603,false,מסיר שומנים קר מבושם,,,מסיר שומנים קר מבושם,,750.00,"100 מ""ל",false,,14.90,0.0199,true,1,138754
7290002814870,false,מסיר שומנים קר מבושם,,,מסיר שומנים קר מבושם,,750.00,"100 מ""ל",false,,14.90,0.0199,true,1,142305
7290002824183,false,גבינה לבנה 5% סקי 50,,,גבינה לבנה 5% סקי 50,,500.00,100 גרם,false,,9.50,0.0190,true,1,24935
7290002824466,false,דנונה יוגורט ביו 0%,,,דנונה יוגורט ביו 0%,,200.00,"100 מ""ל",false,,3.90,0.0195,true,1,24936
7290002824640,false,גבינה 5% סקי 250 גרם,,,גבינה 5% סקי 250 גרם,,250.00,100 גרם,false,,4.98,0.0199,true,1,24937
7290002825722,false,אחלה כרוב אדום 500ג,,,אחלה כרוב אדום 500ג,,500.00,100 גרם,false,,15.90,0.0318,true,1,24939
7290002842002,false,מורנפלייק פתיתי שיבו,,,מורנפלייק פתיתי שיבו,,500.00,100 גרם,false,,12.90,0.0258,true,1,50074
7290002868996,false,טרה קוטג מועשר 5% 25,,,טרה קוטג מועשר 5% 25,,250.00,100 גרם,false,,5.50,0.0220,true,1,7970
7290002871248,false,בירה טובורג רד בקבוק,,,בירה טובורג רד בקבוק,,500.00,"100 מ""ל",false,,10.90,0.0218,true,1,8466
7290002871361,false,קרלסברג בירה בק.חוזר,,,קרלסברג בירה בק.חוזר,,500.00,"100 מ""ל",false,,10.90,0.0218,true,1,8467
7290002881018,false,סן מורנו מעדן תות שד,,,סן מורנו מעדן תות שד,,284.00,100 גרם,false,,12.90,0.0454,true,1,26455
7290002881230,false,אננס חתוך תומר 850 ג,,,אננס חתוך תומר 850 ג,,850.00,100 גרם,false,,11.90,0.0140,true,1,26471
7290002881247,false,אננס שלם פרוסות תומר,,,אננס שלם פרוסות תומר,,850.00,100 גרם,false,,11.90,0.0140,true,1,26472
7290002881254,false,קוקטייל טרופי תומר 8,,,קוקטייל טרופי תומר 8,,850.00,100 גרם,false,,10.90,0.0128,true,1,26473
7290002881261,false,ליצי שלם תומר 565 גר,,,ליצי שלם תומר 565 גר,,565.00,100 גרם,false,,11.80,0.0209,true,1,26474
7290002881278,false,אפרסק חצאים תומר 820,,,אפרסק חצאים תומר 820,,820.00,100 גרם,false,,10.90,0.0133,true,1,26475
7290002881506,false,חמאת בוטנים 510 גרם,,,חמאת בוטנים 510 גרם,,510.00,100 גרם,false,,10.90,0.0214,true,1,26486
7290002881513,false,חמאת בוטנים עם שברי,,,חמאת בוטנים עם שברי,,510.00,100 גרם,false,,10.90,0.0214,true,1,26487
7290002881612,false,לפתן דובדבנים חמוצים,,,לפתן דובדבנים חמוצים,,700.00,100 גרם,false,,9.90,0.0141,true,1,26493
7290002881735,false,לבבות דקל שלמים תומר,,,לבבות דקל שלמים תומר,,400.00,100 גרם,false,,12.20,0.0305,true,1,26497
7290002881742,false,לבבות דקל פרוסות תומ,,,לבבות דקל פרוסות תומ,,400.00,100 גרם,false,,10.50,0.0263,true,1,26498
7290002881940,false,סרדין מרוקאי בשמן תו,,,סרדין מרוקאי בשמן תו,,125.00,100 גרם,false,,6.90,0.0552,true,1,26506
7290002881957,false,סרדין מרוקאי חריף תו,,,סרדין מרוקאי חריף תו,,125.00,100 גרם,false,,6.90,0.0552,true,1,26507
7290002909880,false,פולי סויה אדממה בלדי,,,פולי סויה אדממה בלדי,,400.00,100 גרם,false,,12.90,0.0323,true,1,38458
7290002909989,false,שעועית ירוקה חתוכה ב,,,שעועית ירוקה חתוכה ב,,800.00,100 גרם,false,,12.90,0.0161,true,1,482496
7290002909996,false,שעועית צהובה שלמה בל,,,שעועית צהובה שלמה בל,,800.00,100 גרם,false,,12.90,0.0161,true,1,482513
7290002921349,false,סופר גלו 3 זוגי,,,סופר גלו 3 זוגי,יחידה,0.00,יחידה,false,,15.90,0.0000,true,1,12865
7290002929642,false,טונה בשמן ויליגר רבי,,,טונה בשמן ויליגר רבי,,560.00,100 גרם,false,,23.90,0.0427,true,1,18821
7290002971962,false,קמח מלא 100% ללא צור,,,קמח מלא 100% ללא צור,קילוגרמים,1.00,"ק""ג",false,,9.90,9.9000,true,1,383544
7290002972365,false,קמח תופח ללא צורך בנ,,,קמח תופח ללא צורך בנ,קילוגרמים,1.00,"ק""ג",false,,9.90,9.9000,true,1,69550
7290002973676,false,קמח לחלה ללא צורך בנ,,,קמח לחלה ללא צורך בנ,קילוגרמים,1.00,"ק""ג",false,,9.90,9.9000,true,1,269369
7290002973829,false,קמח כוסמין לבן ללא צ,,,קמח כוסמין לבן ללא צ,קילוגרמים,1.00,"ק""ג",false,,16.90,16.9000,true,1,272991
7290002987963,false,אחלה חומוס 1קג,,,אחלה חומוס 1קג,קילוגרמים,1.00,"ק""ג",false,,14.90,14.9000,true,1,24940
7290003009329,false,בוטן אמריקאי מצופה 2,,,בוטן אמריקאי מצופה 2,,200.00,100 גרם,false,,6.90,0.0345,true,1,69959
7290003015641,false,ריצפז פרש יסמין 2 לי,,,ריצפז פרש יסמין 2 לי,ליטרים,2.00,ליטר,false,,19.90,9.9500,true,1,32043
7290003029181,false,יטבתה שוקו בקבוק 1ל,,,יטבתה שוקו בקבוק 1ל,ליטרים,1.00,ליטר,false,,12.50,12.5000,true,1,24944
7290003029372,false,יטבתה משקה חלב בננה,,,יטבתה משקה חלב בננה,ליטרים,1.00,ליטר,false,,12.50,12.5000,true,1,24947
7290003029389,false,יטבתה משקה חלב בננה+,,,יטבתה משקה חלב בננה+,,250.00,"100 מ""ל",false,,5.90,0.0236,true,1,24948
7290003029433,false,יטבתה שוקו +פקק 250,,,יטבתה שוקו +פקק 250,,250.00,"100 מ""ל",false,,5.90,0.0236,true,1,24949
7290003029532,false,יטבתה מוקה 1ל,,,יטבתה מוקה 1ל,ליטרים,1.00,ליטר,false,,12.50,12.5000,true,1,24951
7290003029792,false,יטבתה מהדרין שוקו שק,,,יטבתה מהדרין שוקו שק,ליטרים,1.80,ליטר,false,,20.90,11.6111,true,1,24953
7290003029815,false,חלב מועשר בכד2 ליטר,,,חלב מועשר בכד2 ליטר,ליטרים,2.00,ליטר,false,,15.90,7.9500,true,1,24954
7290003029907,false,יטבתה אייס קפה 1ל,,,יטבתה אייס קפה 1ל,ליטרים,1.00,ליטר,false,,12.50,12.5000,true,1,24956
7290003047642,false,תה ליפטון יילו לייבל,,,תה ליפטון יילו לייבל,,150.00,100 גרם,false,,15.90,0.1060,true,1,12172
7290003072835,false,טירת צבי נקניקיות קנ,,,טירת צבי נקניקיות קנ,,320.00,100 גרם,false,,21.90,0.0684,true,1,169507
7290003072859,false,רוסטביף טירת צבי 120,,,רוסטביף טירת צבי 120,,120.00,100 גרם,false,,22.90,0.1908,true,1,222280
7290003102136,false,צמר גפן כוטון סופט 1,,,צמר גפן כוטון סופט 1,,100.00,100 גרם,false,,5.90,0.0590,true,1,877
7290003102976,false,קיסמי אוזניים פלסטיק,,,קיסמי אוזניים פלסטיק,יחידה,0.00,יחידה,false,,4.90,0.0000,true,1,92300
7290003107216,false,"קמח לבן דגן 1 ק""ג",,,"קמח לבן דגן 1 ק""ג",קילוגרמים,1.00,"ק""ג",false,,6.90,6.9000,true,1,10824
7290003107223,false,"סולת חיטה דגן 1 ק""ג",,,"סולת חיטה דגן 1 ק""ג",קילוגרמים,1.00,"ק""ג",false,,6.90,6.9000,true,1,69553
7290003107315,false,"סולת דגן 1 ק""ג",,,"סולת דגן 1 ק""ג",קילוגרמים,1.00,"ק""ג",false,,4.90,4.9000,true,1,10827
7290003107346,false,קמח חיטה לבן דגן 1 ק,,,קמח חיטה לבן דגן 1 ק,קילוגרמים,1.00,"ק""ג",false,,4.90,4.9000,true,1,10829
7290003126712,false,צוריאל יוגורט עיזים,,,צוריאל יוגורט עיזים,,150.00,"100 מ""ל",false,,6.90,0.0460,true,1,7994
7290003141159,false,יוגטה מרשמלו 180 גר',,,יוגטה מרשמלו 180 גר',,180.00,100 גרם,false,,8.90,0.0494,true,1,14684
7290003143146,false,ממרח תמרים 450 גרם,,,ממרח תמרים 450 גרם,,450.00,100 גרם,false,,6.90,0.0153,true,1,14702
7290003143276,false,יוגטה מרשמלו מגולגל,,,יוגטה מרשמלו מגולגל,,180.00,100 גרם,false,,8.90,0.0494,true,1,14709
7290003145751,false,קשיו קלוי 200 גרם,,,קשיו קלוי 200 גרם,,200.00,100 גרם,false,,21.90,0.1095,true,1,14767
7290003145959,false,אגוז פקאן טבעי 150 ג,,,אגוז פקאן טבעי 150 ג,,150.00,100 גרם,false,,21.90,0.1460,true,1,14770
7290003220533,false,רוטב צ'ילי מתוק 700,,,רוטב צ'ילי מתוק 700,,700.00,"100 מ""ל",false,,11.90,0.0170,true,1,48208
7290003220595,false,אורז לסושי 1 ק'ג WOK,,,אורז לסושי 1 ק'ג WOK,קילוגרמים,1.00,"ק""ג",false,,14.40,14.4000,true,1,383289
7290003220649,false,שמן שומשום 100% טהור,,,שמן שומשום 100% טהור,,150.00,"100 מ""ל",false,,14.90,0.0993,true,1,383292
7290003220717,false,אצות נורי סילוור 10,,,אצות נורי סילוור 10,,22.00,100 גרם,false,,12.90,0.5864,true,1,383294
7290003229123,false,א.מ. פסטרמה על גחלים,,,א.מ. פסטרמה על גחלים,,400.00,100 גרם,false,,30.90,0.0772,true,1,26892
7290003229147,false,סלמי בסגנון איטלקי 3,,,סלמי בסגנון איטלקי 3,,300.00,100 גרם,false,,33.90,0.1130,true,1,26893
7290003229154,false,א.מ. סלמי קוניאק מוב,,,א.מ. סלמי קוניאק מוב,,300.00,100 גרם,false,,28.90,0.0963,true,1,26894
7290003229192,false,א.מ. כתף בקר מעושן 4,,,א.מ. כתף בקר מעושן 4,,400.00,100 גרם,false,,33.00,0.0825,true,1,26896
7290003229208,false,פסטרמה ספרדית 2% 360,,,פסטרמה ספרדית 2% 360,,360.00,100 גרם,false,,34.90,0.0969,true,1,26897
7290003251308,false,"אציטון משובח 100 מ""",,,"אציטון משובח 100 מ""",,100.00,"100 מ""ל",false,,4.90,0.0490,true,1,23406
7290003287260,false,צוריסוס קצביה ארוז 6,,,צוריסוס קצביה ארוז 6,,600.00,100 גרם,false,,30.90,0.0515,true,1,116302
7290003318100,false,ופל שוקו מנעמים 200,,,ופל שוקו מנעמים 200,,200.00,100 גרם,false,,4.90,0.0245,true,1,71307
7290003318155,false,ופל לימון מנעמים 200,,,ופל לימון מנעמים 200,,250.00,100 גרם,false,,4.90,0.0196,true,1,26221
7290003321155,false,דנונה קראנצ' ששבי פק,,,דנונה קראנצ' ששבי פק,,183.00,"100 מ""ל",false,,4.90,0.0268,true,1,24957
7290003411276,false,עמבה מובחרת 500 גרם,,,עמבה מובחרת 500 גרם,,500.00,100 גרם,false,,10.90,0.0218,true,1,9248
7290003411993,false,גפרורים 10 יחידות,,,גפרורים 10 יחידות,יחידה,0.00,יחידה,false,,3.90,0.0000,true,1,9270
7290003427154,false,שמן זית כתית מעולה ז,,,שמן זית כתית מעולה ז,,750.00,"100 מ""ל",false,,40.90,0.0545,true,1,26224
7290003438006,false,אוליביה ממרח פסטו אי,,,אוליביה ממרח פסטו אי,,180.00,100 גרם,false,,14.50,0.0806,true,1,5108
7290003438013,false,אוליביה ממרח זיתים א,,,אוליביה ממרח זיתים א,,190.00,100 גרם,false,,14.50,0.0763,true,1,5109
7290003438990,false,עיטורי עגבניות מיובש,,,עיטורי עגבניות מיובש,,220.00,100 גרם,false,,20.00,0.0909,true,1,5125
7290003450602,false,חרדל אמיתי צהוב בקבו,,,חרדל אמיתי צהוב בקבו,,255.00,100 גרם,false,,11.90,0.0467,true,1,29278
7290003514007,false,שקדי מרק מנה 400 גרם,,,שקדי מרק מנה 400 גרם,,400.00,100 גרם,false,,8.90,0.0223,true,1,23635
7290003525904,false,סלט טונה פיקנטי וילי,,,סלט טונה פיקנטי וילי,,480.00,100 גרם,false,,17.90,0.0373,true,1,18860
7290003550753,false,טונה בהירה בשמן פוסי,,,טונה בהירה בשמן פוסי,,308.00,100 גרם,false,,22.90,0.0744,true,1,18875
7290003561032,false,בונז'ור בייגלה רול ד,,,בונז'ור בייגלה רול ד,,1.00,יח',false,,4.80,4.8000,true,1,122301
7290003570164,false,מינוט שוארמה פרגית 3,,,מינוט שוארמה פרגית 3,,300.00,100 גרם,false,,30.90,0.1030,true,1,126284
7290003570171,false,מינוט שניצל 300 גר',,,מינוט שניצל 300 גר',,300.00,100 גרם,false,,24.90,0.0830,true,1,126285
7290003578108,false,אננס חתוך ויליפוד 85,,,אננס חתוך ויליפוד 85,,490.00,100 גרם,false,,9.90,0.0202,true,1,4614
7290003578313,false,דובדבנים חמוצים ללא,,,דובדבנים חמוצים ללא,,350.00,100 גרם,false,,10.90,0.0311,true,1,4619
7290003578672,false,שמן חמניות 1 ליטר,,,שמן חמניות 1 ליטר,ליטרים,1.00,ליטר,false,,15.90,15.9000,true,1,4621
7290003598311,false,מינוט סטייק 300 גר'/,,,מינוט סטייק 300 גר'/,,300.00,100 גרם,false,,35.90,0.1197,true,1,114382
7290003643004,false,"סוגת אורז בסמטי 1 ק""",,,"סוגת אורז בסמטי 1 ק""",קילוגרמים,1.00,"ק""ג",false,,14.90,14.9000,true,1,19667
7290003643127,false,אבקת אפיה 10 יח' במא,,,אבקת אפיה 10 יח' במא,,100.00,100 גרם,false,,2.90,0.0290,true,1,19668
7290003643325,false,קוסקוס בינוני סוגת 3,,,קוסקוס בינוני סוגת 3,,350.00,100 גרם,false,,5.90,0.0169,true,1,19676
7290003643387,false,סוכר לבן בצנצנת סוגת,,,סוכר לבן בצנצנת סוגת,קילוגרמים,1.00,"ק""ג",false,,9.90,9.9000,true,1,19678
7290003643646,false,סוכר דמררה בצנצנת חו,,,סוכר דמררה בצנצנת חו,קילוגרמים,1.00,"ק""ג",false,,14.50,14.5000,true,1,19679
7290003643684,false,אפונה יבשה 500 גרם,,,אפונה יבשה 500 גרם,,500.00,100 גרם,false,,7.90,0.0158,true,1,19680
7290003643707,false,סוגת גריסים 500גר,,,סוגת גריסים 500גר,,500.00,100 גרם,false,,5.90,0.0118,true,1,19681
7290003643714,false,חומוס 500 גרם,,,חומוס 500 גרם,,500.00,100 גרם,false,,8.90,0.0178,true,1,19682
7290003643738,false,סוגת חיטה 500 גר,,,סוגת חיטה 500 גר,,500.00,100 גרם,false,,5.90,0.0118,true,1,19683
7290003643745,false,כוסמת 500 גרם,,,כוסמת 500 גרם,,500.00,100 גרם,false,,7.90,0.0158,true,1,19684
7290003643752,false,עדשים ירוקות 500 גרם,,,עדשים ירוקות 500 גרם,,500.00,100 גרם,false,,9.90,0.0198,true,1,19685
7290003643769,false,עדשים אדומות 500 גרם,,,עדשים אדומות 500 גרם,,500.00,100 גרם,false,,9.90,0.0198,true,1,19686
7290003643776,false,סוגת פופקורן 500 גרם,,,סוגת פופקורן 500 גרם,,500.00,100 גרם,false,,5.90,0.0118,true,1,19687
7290003643806,false,שעועית לבנה 500 גרם,,,שעועית לבנה 500 גרם,,500.00,100 גרם,false,,11.90,0.0238,true,1,19689
7290003643813,false,שעועית אדומה 500 גרם,,,שעועית אדומה 500 גרם,,500.00,100 גרם,false,,11.90,0.0238,true,1,19690
7290003681303,false,שעועית מעורבת 500 גר,,,שעועית מעורבת 500 גר,,500.00,100 גרם,false,,13.50,0.0270,true,1,52114
7290003681532,false,דובדבן מסוכר 80 גרם,,,דובדבן מסוכר 80 גרם,,80.00,100 גרם,false,,7.90,0.0988,true,1,52118
7290003681693,false,חומוס לבן ענק מיה 50,,,חומוס לבן ענק מיה 50,,500.00,100 גרם,false,,11.90,0.0238,true,1,52122
7290003706167,false,בצל ירוק ארוז,,,בצל ירוק ארוז,,1.00,יח',false,,5.90,5.9000,true,1,80518
7290003718627,false,פול ירוק בלדי 400 גר,,,פול ירוק בלדי 400 גר,,400.00,100 גרם,false,,12.90,0.0323,true,1,482434
7290003726615,false,טופו ויילר 300 גרם.,,,טופו ויילר 300 גרם.,,300.00,100 גרם,false,,12.90,0.0430,true,1,145085
7290003726622,false,טופו קשה בטעם פיקנטי,,,טופו קשה בטעם פיקנטי,,300.00,100 גרם,false,,13.90,0.0463,true,1,406201
7290003726783,false,שניצל טופו בטעם עוף,,,שניצל טופו בטעם עוף,,420.00,100 גרם,false,,29.90,0.0712,true,1,479193
7290003781652,false,צלפים במלח ויליפוד 3,,,צלפים במלח ויליפוד 3,,350.00,100 גרם,false,,9.90,0.0283,true,1,4626
7290003804320,false,תיבוליות שום ופטרוזי,,,תיבוליות שום ופטרוזי,,72.00,100 גרם,false,,10.90,0.1514,true,1,12188
7290003804368,false,תיבולית בזיליקום קנו,,,תיבולית בזיליקום קנו,,72.00,100 גרם,false,,10.90,0.1514,true,1,12191
7290003804382,false,תיבולית פטריות קנור,,,תיבולית פטריות קנור,,72.00,100 גרם,false,,10.90,0.1514,true,1,12193
7290003805501,false,פתית שוודי חסכוני בד,,,פתית שוודי חסכוני בד,,300.00,100 גרם,false,,18.90,0.0630,true,1,69779
7290003805587,false,פתית חיטה מלאה בד'ץ,,,פתית חיטה מלאה בד'ץ,,250.00,100 גרם,false,,18.90,0.0756,true,1,12216
7290003807178,false,רוטב סויה בסגנון סינ,,,רוטב סויה בסגנון סינ,,300.00,"100 מ""ל",false,,13.90,0.0463,true,1,12245
7290003864492,false,סרדין בשמן צמחי חריף,,,סרדין בשמן צמחי חריף,,120.00,100 גרם,false,,6.50,0.0542,true,1,4631
7290003882922,false,עלי גפן ממולאים באור,,,עלי גפן ממולאים באור,,360.00,100 גרם,false,,9.90,0.0275,true,1,4636
7290003976614,false,ג'ל אקונומיקה סמיכה,,,ג'ל אקונומיקה סמיכה,ליטרים,4.00,ליטר,false,,13.90,3.4750,true,1,260404
7290003989096,false,אחלה חציל פיקנטי 500,,,אחלה חציל פיקנטי 500,,500.00,100 גרם,false,,15.90,0.0318,true,1,24959
7290003989539,false,EAT GOOD רביולי גבינ,,,EAT GOOD רביולי גבינ,,400.00,100 גרם,false,,21.70,0.0542,true,1,24960
7290003989553,false,שטראוס טורטליני פטרי,,,שטראוס טורטליני פטרי,,400.00,100 גרם,false,,21.70,0.0542,true,1,71243
7290003996742,false,עלי תרד 200 גרם חסלט,,,עלי תרד 200 גרם חסלט,,200.00,100 גרם,false,,12.90,0.0645,true,1,2744
7290004011796,false,אל גאוצו קבבונים 400,,,אל גאוצו קבבונים 400,,400.00,100 גרם,false,,24.90,0.0622,true,1,18893
7290004030100,false,מיץ תפוזים סחוט וולנ,,,מיץ תפוזים סחוט וולנ,ליטרים,1.00,ליטר,false,,16.80,16.8000,true,1,219206
7290004030223,false,פרי ניב מיץ תפוח סחו,,,פרי ניב מיץ תפוח סחו,יחידה,0.00,יחידה,false,,20.60,0.0000,true,1,116923
7290004030445,false,פרי ניב תפוז סחוט 1ל,,,פרי ניב תפוז סחוט 1ל,ליטרים,1.00,ליטר,false,,15.90,15.9000,true,1,42529
7290004030612,false,פרי ניב מיץ קיוי אגס,,,פרי ניב מיץ קיוי אגס,ליטרים,1.00,ליטר,false,,16.10,16.1000,true,1,42533
7290004030834,false,מיץ סחוט רימונים 100,,,מיץ סחוט רימונים 100,ליטרים,1.00,ליטר,false,,25.30,25.3000,true,1,42543
7290004063016,false,"מלח שולחן סלית 1 ק""ג",,,"מלח שולחן סלית 1 ק""ג",קילוגרמים,1.00,"ק""ג",false,,2.07,2.0700,true,1,17023
7290004063115,false,מלח מטבח גס לבישול כ,,,מלח מטבח גס לבישול כ,קילוגרמים,1.00,"ק""ג",false,,2.07,2.0700,true,1,17024
7290004064099,false,מטחנה מלח מהרי ההימל,,,מטחנה מלח מהרי ההימל,,250.00,100 גרם,false,,17.90,0.0716,true,1,26242
7290004064174,false,מלח ההימלאיה דק בצנצ,,,מלח ההימלאיה דק בצנצ,קילוגרמים,1.00,"ק""ג",false,,19.90,19.9000,true,1,99355
7290004064303,false,מלח אטלנטי בצנצנת הא,,,מלח אטלנטי בצנצנת הא,,800.00,100 גרם,false,,19.90,0.0249,true,1,145198
7290004068028,false,גד משקה צזיקי 2% 500,,,גד משקה צזיקי 2% 500,,500.00,"100 מ""ל",false,,10.50,0.0210,true,1,16204
7290004068035,false,גד משקה איירן בסגנון,,,גד משקה איירן בסגנון,,500.00,100 גרם,false,,9.20,0.0184,true,1,16205
7290004119225,false,יופלה אננס 3% 150מל,,,יופלה אננס 3% 150מל,,150.00,100 גרם,false,,5.50,0.0367,true,1,27550
7290004119928,false,קרלו וניל 3% 125מל,,,קרלו וניל 3% 125מל,,125.00,"100 מ""ל",false,,3.50,0.0280,true,1,27555
7290004119973,false,קרלו שוקולדה 3% 125מ,,,קרלו שוקולדה 3% 125מ,,125.00,"100 מ""ל",false,,3.50,0.0280,true,1,27556
7290004120061,false,קרלו שוניל 3% 125מל,,,קרלו שוניל 3% 125מל,,125.00,"100 מ""ל",false,,3.50,0.0280,true,1,27557
7290004120108,false,יופלה דיאט דובדבן 0%,,,יופלה דיאט דובדבן 0%,,150.00,"100 מ""ל",false,,5.50,0.0367,true,1,27560
7290004120634,false,פיראוס בולגרית 5% 25,,,פיראוס בולגרית 5% 25,,250.00,100 גרם,false,,25.50,0.1020,true,1,27580
7290004120832,false,"חלב תנובה טרי 3% בד""",,,"חלב תנובה טרי 3% בד""",ליטרים,2.00,ליטר,false,,12.46,6.2300,true,1,27582
7290004121488,false,יופלה דיאט אפרסק 0%,,,יופלה דיאט אפרסק 0%,,150.00,"100 מ""ל",false,,5.50,0.0367,true,1,27587
7290004121525,false,יופלה אפרסק תות 3% 8,,,יופלה אפרסק תות 3% 8,קילוגרמים,1.20,"ק""ג",false,,33.30,27.7500,true,1,27588
7290004121754,false,יופלה קרם גבינה ותות,,,יופלה קרם גבינה ותות,,150.00,100 גרם,false,,5.50,0.0367,true,1,27591
7290004121853,false,פיראוס בולגרית בקובי,,,פיראוס בולגרית בקובי,,200.00,100 גרם,false,,22.90,0.1145,true,1,27594
7290004122119,false,שף לבן פתיתי פרמזן ל,,,שף לבן פתיתי פרמזן ל,,100.00,100 גרם,false,,13.90,0.1390,true,1,27598
7290004122195,false,גוש חלב פרוס 28% 200,,,גוש חלב פרוס 28% 200,,200.00,100 גרם,false,,14.60,0.0730,true,1,27599
7290004122270,false,עמק פרוס סגירה חוזרת,,,עמק פרוס סגירה חוזרת,,200.00,100 גרם,false,,16.40,0.0820,true,1,27600
7290004122348,false,עמק לייט 9% 200ג,,,עמק לייט 9% 200ג,,200.00,100 גרם,false,,16.80,0.0840,true,1,27602
7290004124205,false,יופלה דיאט תות 0% 15,,,יופלה דיאט תות 0% 15,,150.00,"100 מ""ל",false,,5.50,0.0367,true,1,27622
7290004124847,false,שף לבן קצפת צמחית 24,,,שף לבן קצפת צמחית 24,,500.00,"100 מ""ל",false,,17.90,0.0358,true,1,27629
7290004125370,false,תנובה שמנת מופחתת 9%,,,תנובה שמנת מופחתת 9%,,200.00,"100 מ""ל",false,,3.90,0.0195,true,1,27633
7290004125400,false,"אשל 4.5% בד""צ מהדרין",,,"אשל 4.5% בד""צ מהדרין",,200.00,"100 מ""ל",false,,1.69,0.0084,true,1,27634
7290004125417,false,"גיל 3% בד""צ מהדרין",,,"גיל 3% בד""צ מהדרין",,200.00,"100 מ""ל",false,,1.51,0.0076,true,1,27635
7290004125455,false,תנובה שמנת אורגינל מ,,,תנובה שמנת אורגינל מ,,200.00,"100 מ""ל",false,,2.40,0.0120,true,1,27636
7290004125462,false,תנובה שמנת חמוצה 15%,,,תנובה שמנת חמוצה 15%,,500.00,"100 מ""ל",false,,6.00,0.0120,true,1,27637
7290004125509,false,תנובה שמנת חצי מנה 1,,,תנובה שמנת חצי מנה 1,,100.00,"100 מ""ל",false,,1.70,0.0170,true,1,27638
7290004125578,false,משקה סויה תנובה מועש,,,משקה סויה תנובה מועש,ליטרים,1.00,ליטר,false,,11.90,11.9000,true,1,27639
7290004125585,false,סויה תנובה משקה סויה,,,סויה תנובה משקה סויה,ליטרים,1.00,ליטר,false,,11.90,11.9000,true,1,27640
7290004125721,false,שף לבן שמנת לבישול 1,,,שף לבן שמנת לבישול 1,,250.00,"100 מ""ל",false,,8.50,0.0340,true,1,27643
7290004125738,false,שף לבן שמנת להקצפה 3,,,שף לבן שמנת להקצפה 3,,250.00,"100 מ""ל",false,,6.90,0.0276,true,1,27644
7290004125776,false,עמק גבינה קשה פרוסה,,,עמק גבינה קשה פרוסה,,400.00,100 גרם,false,,30.30,0.0758,true,1,27647
7290004126674,false,עמק טל לייט 9% 200ג,,,עמק טל לייט 9% 200ג,,200.00,100 גרם,false,,18.90,0.0945,true,1,27655
7290004126872,false,משקאות חלב תנובה שוק,,,משקאות חלב תנובה שוק,,250.00,"100 מ""ל",false,,5.90,0.0236,true,1,27657
7290004127077,false,קוטג תנובה 3% 250 ג,,,קוטג תנובה 3% 250 ג,,250.00,100 גרם,false,,5.70,0.0228,true,1,27658
7290004127329,false,קוטג' 5% תנובה מהדרי,,,קוטג' 5% תנובה מהדרי,,250.00,100 גרם,false,,5.70,0.0228,true,1,27660
7290004127336,false,קוטג' תנובה מהדרין 9,,,קוטג' תנובה מהדרין 9,,250.00,100 גרם,false,,5.70,0.0228,true,1,27661
7290004127800,false,תנובה גבינה לבנה 5%,,,תנובה גבינה לבנה 5%,,500.00,100 גרם,false,,9.96,0.0199,true,1,27665
7290004127817,false,תנובה גבינה לבנה 9%,,,תנובה גבינה לבנה 9%,,500.00,100 גרם,false,,9.50,0.0190,true,1,27666
7290004127862,false,תנובה גבינה למריחה מ,,,תנובה גבינה למריחה מ,,750.00,100 גרם,false,,14.90,0.0199,true,1,27667
7290004128340,false,תנובה קרם גבינת שמנת,,,תנובה קרם גבינת שמנת,,200.00,100 גרם,false,,12.50,0.0625,true,1,27678
7290004129101,false,נפוליאון בטעם טבעי 2,,,נפוליאון בטעם טבעי 2,,225.00,100 גרם,false,,15.50,0.0689,true,1,27683
7290004129156,false,נפוליאון שום שמיר 25,,,נפוליאון שום שמיר 25,,225.00,100 גרם,false,,15.50,0.0689,true,1,27685
7290004129767,false,יופלה לבן מאגדת 3% 8,,,יופלה לבן מאגדת 3% 8,קילוגרמים,1.20,"ק""ג",false,,18.50,15.4167,true,1,27689
7290004130794,false,סויה תנובה טבעי במתי,,,סויה תנובה טבעי במתי,ליטרים,1.00,ליטר,false,,11.90,11.9000,true,1,27696
7290004130916,false,יופלה בטעם פירות יער,,,יופלה בטעם פירות יער,,150.00,100 גרם,false,,5.50,0.0367,true,1,27698
7290004131074,false,חלב תנובה הומוגני מה,,,חלב תנובה הומוגני מה,ליטרים,1.00,ליטר,false,,6.23,6.2300,true,1,27703
7290004131456,false,יופלה לבן 1.5% 200מל,,,יופלה לבן 1.5% 200מל,,200.00,"100 מ""ל",false,,4.50,0.0225,true,1,27711
7290004131531,false,משקה חלב תנובה שוקו,,,משקה חלב תנובה שוקו,ליטרים,1.00,ליטר,false,,13.50,13.5000,true,1,27715
7290004131814,false,פיראוס צפתית מעודנת,,,פיראוס צפתית מעודנת,,200.00,100 גרם,false,,15.90,0.0795,true,1,27721
7290004132552,false,סויה תנובה לייט בטעם,,,סויה תנובה לייט בטעם,ליטרים,1.00,ליטר,false,,11.90,11.9000,true,1,27730
7290004132712,false,עמק אצבעות מוצרלה 20,,,עמק אצבעות מוצרלה 20,,174.00,100 גרם,false,,17.10,0.0983,true,1,27734
7290004133511,false,יופלה לבן מעודן 1.5%,,,יופלה לבן מעודן 1.5%,ליטרים,1.20,ליטר,false,,21.90,18.2500,true,1,27747
7290004134945,false,יופלה מוקה 3% 150מל,,,יופלה מוקה 3% 150מל,,150.00,100 גרם,false,,5.50,0.0367,true,1,27762
7290004135225,false,מעדן תנובה דיאט שוקו,,,מעדן תנובה דיאט שוקו,,150.00,"100 מ""ל",false,,4.50,0.0300,true,1,27773
7290004135614,false,פיראוס בולגרית מעודנ,,,פיראוס בולגרית מעודנ,,250.00,100 גרם,false,,22.60,0.0904,true,1,27781
7290004136154,false,משקאות חלב תנובה איי,,,משקאות חלב תנובה איי,,340.00,"100 מ""ל",false,,7.90,0.0232,true,1,27789
7290004136598,false,מארז הפסקת אוכל חלב,,,מארז הפסקת אוכל חלב,,150.00,100 גרם,false,,9.90,0.0660,true,1,27797
7290004136857,false,ג'לי תנובה פטל 125מל,,,ג'לי תנובה פטל 125מל,,125.00,"100 מ""ל",false,,2.90,0.0232,true,1,27799
7290004136864,false,ג'לי תנובה אננס עם ח,,,ג'לי תנובה אננס עם ח,,125.00,"100 מ""ל",false,,2.90,0.0232,true,1,27800
7290004136871,false,ג'לי תנובה אפרסק עם,,,ג'לי תנובה אפרסק עם,,125.00,"100 מ""ל",false,,2.90,0.0232,true,1,27801
7290004137021,false,שף לבן שמנת לבישול 1,,,שף לבן שמנת לבישול 1,,250.00,"100 מ""ל",false,,8.50,0.0340,true,1,27803
7290004137311,false,עמק לייט משפחתית 9%,,,עמק לייט משפחתית 9%,,400.00,100 גרם,false,,30.90,0.0772,true,1,27806
7290004137809,false,פיראוס לאבנה 5% 250ג,,,פיראוס לאבנה 5% 250ג,,250.00,100 גרם,false,,14.50,0.0580,true,1,27809
7290004199791,false,כפפות לאטקס סייף טאצ,,,כפפות לאטקס סייף טאצ,יחידה,0.00,יחידה,false,,24.90,0.0000,true,1,237253
7290004199807,false,כפפות לאטקס סייף טאצ,,,כפפות לאטקס סייף טאצ,יחידה,0.00,יחידה,false,,24.90,0.0000,true,1,237254
7290004200244,false,פרסים רמה 3,,,פרסים רמה 3,יחידה,0.00,יחידה,false,,9.50,0.0000,true,1,34976
7290004230081,false,שגב קציצות עוף ברוטב,,,שגב קציצות עוף ברוטב,,800.00,100 גרם,false,,32.90,0.0411,true,1,121325
7290004230364,false,שגב מקלות בורקס פילו,,,שגב מקלות בורקס פילו,,600.00,100 גרם,false,,21.90,0.0365,true,1,70393
7290004324858,false,קבב כבש 500 גרם,,,קבב כבש 500 גרם,,500.00,100 גרם,false,,23.90,0.0478,true,1,18954
7290004537241,false,אפונת גינה קפואה 800,,,אפונת גינה קפואה 800,,800.00,100 גרם,false,,14.90,0.0186,true,1,108131
7290004537258,false,אפונה וגזר 800 גר שד,,,אפונה וגזר 800 גר שד,,800.00,100 גרם,false,,14.90,0.0186,true,1,107630
7290004584306,false,גמדים תות בננה 4*100,,,גמדים תות בננה 4*100,,400.00,"100 מ""ל",false,,11.90,0.0298,true,1,24962
7290004584351,false,סימפוניה חמישית 200ג,,,סימפוניה חמישית 200ג,,200.00,100 גרם,false,,12.90,0.0645,true,1,24963
7290004584528,false,דנונה יוגורט טבעי 1.,,,דנונה יוגורט טבעי 1.,,200.00,"100 מ""ל",false,,3.90,0.0195,true,1,24964
7290004585907,false,דני וניל מהדרין 130מ,,,דני וניל מהדרין 130מ,,130.00,"100 מ""ל",false,,2.90,0.0223,true,1,24965
7290004658847,false,"תירוש כרמל 187 מ""ל",,,"תירוש כרמל 187 מ""ל",,187.00,"100 מ""ל",false,,6.90,0.0369,true,1,139711
7290004731076,false,אלסבון אלוורה כיף 1,,,אלסבון אלוורה כיף 1,ליטרים,1.00,ליטר,false,,14.90,14.9000,true,1,32065
7290004731083,false,אלסבון ג'נסנג כיף 1,,,אלסבון ג'נסנג כיף 1,ליטרים,1.00,ליטר,false,,14.90,14.9000,true,1,32066
7290004731410,false,כרית קרצוף סנו סושי,,,כרית קרצוף סנו סושי,יחידה,0.00,יחידה,false,,10.90,0.0000,true,1,32072
7290004731472,false,שלישיית אלסבון צבעונ,,,שלישיית אלסבון צבעונ,ליטרים,1.50,ליטר,false,,20.90,13.9333,true,1,32073
7290004731670,false,דואופרש פצ'ולי לבנדר,,,דואופרש פצ'ולי לבנדר,,300.00,"100 מ""ל",false,,12.90,0.0430,true,1,32078
7290005008184,false,סבון נוזלי חלב שקדים,,,סבון נוזלי חלב שקדים,,500.00,"100 מ""ל",false,,17.90,0.0358,true,1,23667
7290005008481,false,דאודורנט ג'ל ספורט ס,,,דאודורנט ג'ל ספורט ס,,85.00,100 גרם,false,,21.90,0.2576,true,1,23669
7290005084355,false,משחת שיניים דואל קר,,,משחת שיניים דואל קר,,75.00,"100 מ""ל",false,,22.70,0.3027,true,1,5500
7290005113222,false,זיתים מיקס יבנה 540,,,זיתים מיקס יבנה 540,,340.00,100 גרם,false,,10.90,0.0321,true,1,51986
7290005174513,false,חציל במיונז אחלה 500,,,חציל במיונז אחלה 500,,500.00,100 גרם,false,,16.90,0.0338,true,1,24966
7290005174551,false,אחלה חומוס 125ג,,,אחלה חומוס 125ג,,125.00,100 גרם,false,,5.90,0.0472,true,1,24967
7290005174575,false,אחלה טחינה 125גר,,,אחלה טחינה 125גר,,125.00,100 גרם,false,,5.90,0.0472,true,1,24969
7290005197758,false,חיוכים של שוקו,,,חיוכים של שוקו,,150.00,100 גרם,false,,6.50,0.0433,true,1,24253
7290005199578,false,עלית אוריגינס קפה נט,,,עלית אוריגינס קפה נט,,200.00,100 גרם,false,,40.90,0.2045,true,1,24259
7290005199738,false,מאסט ריח פה נעים 28ג,,,מאסט ריח פה נעים 28ג,,28.00,100 גרם,false,,4.90,0.1750,true,1,24261
7290005200786,false,תפוציפס שמנת ובצל 50,,,תפוציפס שמנת ובצל 50,,50.00,100 גרם,false,,4.50,0.0900,true,1,25499
7290005201882,false,טורקי עלית 200 גר',,,טורקי עלית 200 גר',,200.00,100 גרם,false,,17.90,0.0895,true,1,24267
7290005230042,false,'צלחת קטנה לבנה 50 י,,,'צלחת קטנה לבנה 50 י,יחידה,0.00,יחידה,false,,12.90,0.0000,true,1,39897
7290005287206,false,טונה בשמן סטארקיסט ר,,,טונה בשמן סטארקיסט ר,,640.00,100 גרם,false,,25.90,0.0405,true,1,28508
7290005287251,false,טונה במים סטארקיסט ר,,,טונה במים סטארקיסט ר,,640.00,100 גרם,false,,25.90,0.0405,true,1,28511
7290005296246,false,יעקבי פותח סתימות אק,,,יעקבי פותח סתימות אק,,946.00,"100 מ""ל",false,,30.90,0.0327,true,1,12871
7290005326585,false,אוליביה פסטו בזיליקו,,,אוליביה פסטו בזיליקו,,180.00,100 גרם,false,,12.90,0.0717,true,1,128189
7290005384851,false,מיץ לימון משומר וילי,,,מיץ לימון משומר וילי,,200.00,"100 מ""ל",false,,4.90,0.0245,true,1,4651
7290005403965,false,פולי סויה 800 גר' שד,,,פולי סויה 800 גר' שד,,800.00,100 גרם,false,,16.90,0.0211,true,1,115943
7290005403972,false,תחתיות ארטישוק 400 ג,,,תחתיות ארטישוק 400 ג,,400.00,100 גרם,false,,17.90,0.0447,true,1,113523
7290005403989,false,במיה קפואה 600 גרם ש,,,במיה קפואה 600 גרם ש,,600.00,100 גרם,false,,12.90,0.0215,true,1,112699
7290005423055,false,מתז פורטה פלוס בניחו,,,מתז פורטה פלוס בניחו,,1.00,100 ליטר,false,,19.90,19.9000,true,1,141069
7290005423734,false,מרכך כביסה סנו מקסימ,,,מרכך כביסה סנו מקסימ,ליטרים,4.00,ליטר,false,,23.90,5.9750,true,1,32108
7290005423833,false,סנו פוליויקס פרקט 2,,,סנו פוליויקס פרקט 2,ליטרים,2.00,ליטר,false,,24.90,12.4500,true,1,32109
7290005423918,false,מרכך כביסה סנו מקסימ,,,מרכך כביסה סנו מקסימ,ליטרים,4.00,ליטר,false,,24.90,6.2250,true,1,116890
7290005424403,false,אל סבון אצות ים כיף,,,אל סבון אצות ים כיף,ליטרים,1.00,ליטר,false,,14.90,14.9000,true,1,32117
7290005424762,false,ריצפז פלוס ווקס דוחה,,,ריצפז פלוס ווקס דוחה,ליטרים,2.00,ליטר,false,,30.90,15.4500,true,1,32122
7290005425110,false,מתז מחטא ומשמיד 99.9,,,מתז מחטא ומשמיד 99.9,,750.00,"100 מ""ל",false,,16.90,0.0225,true,1,141730
7290005425646,false,סנוקליר נוזל רב תכלי,,,סנוקליר נוזל רב תכלי,יחידה,0.00,יחידה,false,,12.90,0.0000,true,1,32141
7290005426193,false,סנו סושי ספוג הפלא,,,סנו סושי ספוג הפלא,יחידה,0.00,יחידה,false,,12.90,0.0000,true,1,32151
7290005426230,false,סנו סושי מטלית הפלא,,,סנו סושי מטלית הפלא,יחידה,0.00,יחידה,false,,13.90,0.0000,true,1,32152
7290005426940,false,סנו 300 K פלוס 8,,,סנו 300 K פלוס 8,,400.00,"100 מ""ל",false,,21.90,0.0547,true,1,32166
7290005426971,false,סנובון כחול שלישיה ב,,,סנובון כחול שלישיה ב,,165.00,100 גרם,false,,18.90,0.1145,true,1,32168
7290005430671,false,סנו פוליווקס קרמיקה,,,סנו פוליווקס קרמיקה,ליטרים,2.00,ליטר,false,,26.00,13.0000,true,1,32219
7290005431159,false,תותים בקצפת לייט 80,,,תותים בקצפת לייט 80,,80.00,100 גרם,false,,7.90,0.0988,true,1,374735
7290005431883,false,עדן מלבי חלבי 165 גר,,,עדן מלבי חלבי 165 גר,,165.00,100 גרם,false,,7.90,0.0479,true,1,208510
7290005431906,false,עדן קדאיף 82 גרם,,,עדן קדאיף 82 גרם,,82.00,100 גרם,false,,7.90,0.0963,true,1,208512
7290005431913,false,קינוחי עדן עוגת גבינ,,,קינוחי עדן עוגת גבינ,,92.00,100 גרם,false,,7.90,0.0859,true,1,208513
7290005431920,false,עדן עוגת גבינה פירור,,,עדן עוגת גבינה פירור,,78.00,100 גרם,false,,7.90,0.1013,true,1,208514
7290005431937,false,עדן טירמיסו 82 גרם,,,עדן טירמיסו 82 גרם,,82.00,100 גרם,false,,7.90,0.0963,true,1,208515
7290005477669,false,סבון נוזלי מועשר בלח,,,סבון נוזלי מועשר בלח,יחידה,0.00,יחידה,false,,18.90,0.0000,true,1,32223
7290005559587,false,מאפה נקניקיות 800גר,,,מאפה נקניקיות 800גר,,800.00,100 גרם,false,,32.90,0.0411,true,1,38823
7290005559907,false,פיצה משפחתית גבינה 5,,,פיצה משפחתית גבינה 5,,500.00,100 גרם,false,,24.90,0.0498,true,1,38828
7290005559914,false,פיצה משפחתית זיתים 5,,,פיצה משפחתית זיתים 5,,550.00,100 גרם,false,,27.70,0.0504,true,1,38829
7290005559990,false,בצק פילאס תורכי מעדנ,,,בצק פילאס תורכי מעדנ,,600.00,100 גרם,false,,28.90,0.0482,true,1,38834
7290005591761,false,דבש טהור מפרחי בר בל,,,דבש טהור מפרחי בר בל,,400.00,100 גרם,false,,27.00,0.0675,true,1,24268
7290005838002,false,דניאלה מעדן גבינה 15,,,דניאלה מעדן גבינה 15,,150.00,"100 מ""ל",false,,4.50,0.0300,true,1,24971
7290005838613,false,גבינה וניל 3% סקי 12,,,גבינה וניל 3% סקי 12,,125.00,100 גרם,false,,3.90,0.0312,true,1,24972
7290005838972,false,גבינת יום יום 5% סקי,,,גבינת יום יום 5% סקי,,125.00,100 גרם,false,,3.50,0.0280,true,1,24973
7290005839078,false,דנונה ביו מארז חסכון,,,דנונה ביו מארז חסכון,קילוגרמים,1.20,"ק""ג",false,,17.90,14.9167,true,1,24974
7290005839108,false,סימפוניה עם זיתים 5%,,,סימפוניה עם זיתים 5%,,200.00,100 גרם,false,,12.90,0.0645,true,1,24975
7290005839313,false,מילקי טופ מגולגלת 14,,,מילקי טופ מגולגלת 14,,142.00,"100 מ""ל",false,,5.00,0.0352,true,1,24976
7290005896439,false,מכבי בקבוק חוזר 500,,,מכבי בקבוק חוזר 500,,500.00,"100 מ""ל",false,,8.50,0.0170,true,1,11018
7290005896620,false,סאן בנדטו מים מינרלי,,,סאן בנדטו מים מינרלי,ליטרים,1.50,ליטר,false,,5.50,3.6667,true,1,11019
7290005901348,false,קבב כבש מעדני המנגל,,,קבב כבש מעדני המנגל,,400.00,100 גרם,false,,15.90,0.0398,true,1,142312
7290005901362,false,קבב רומני מעדני המנג,,,קבב רומני מעדני המנג,,400.00,100 גרם,false,,15.90,0.0398,true,1,142314
7290005901379,false,המבורגר מעדני המנגל,,,המבורגר מעדני המנגל,,400.00,100 גרם,false,,15.90,0.0398,true,1,142315
7290005901393,false,"""טעים טעים"" נקניקיות",,,"""טעים טעים"" נקניקיות",,500.00,100 גרם,false,,30.90,0.0618,true,1,142317
7290005901409,false,"""טעים טעים"" נקניקיות",,,"""טעים טעים"" נקניקיות",,500.00,100 גרם,false,,30.90,0.0618,true,1,142318
7290005901416,false,קבב הבית טעים טעים א,,,קבב הבית טעים טעים א,,500.00,100 גרם,false,,30.90,0.0618,true,1,142319
7290005901423,false,קבב קציצות ביתי טעים,,,קבב קציצות ביתי טעים,,500.00,100 גרם,false,,30.90,0.0618,true,1,142320
7290005901430,false,המבורגר מסעדות טעים,,,המבורגר מסעדות טעים,,480.00,100 גרם,false,,30.90,0.0644,true,1,142321
7290005901980,false,"""טעים טעים"" נקניקיות",,,"""טעים טעים"" נקניקיות",,500.00,100 גרם,false,,30.90,0.0618,true,1,147311
7290005992018,false,גד יוגורט עיזים 3% 5,,,גד יוגורט עיזים 3% 5,,500.00,"100 מ""ל",false,,13.50,0.0270,true,1,16210
7290005992575,false,גד בולגרית למריחה 5%,,,גד בולגרית למריחה 5%,,250.00,100 גרם,false,,18.20,0.0728,true,1,16213
7290005992735,false,גד לאבנה 5% 250ג,,,גד לאבנה 5% 250ג,,250.00,100 גרם,false,,12.90,0.0516,true,1,16215
7290006065018,false,אמנון 7-9 80% דג קפו,,,אמנון 7-9 80% דג קפו,קילוגרמים,1.00,"ק""ג",true,,34.90,34.9000,true,1,446390
7290006065049,false,פילה באס יפני 7-9 20,,,פילה באס יפני 7-9 20,קילוגרמים,1.00,"ק""ג",true,,41.90,41.9000,true,1,337960
7290006065179,false,סטייק טונה קפוא בואק,,,סטייק טונה קפוא בואק,קילוגרמים,1.00,"ק""ג",true,,39.90,39.9000,true,1,295948
7290006065391,false,פילה דג נסיכת הנילו,,,פילה דג נסיכת הנילו,קילוגרמים,1.00,"ק""ג",true,,43.90,43.9000,true,1,337928
7290006129345,false,אנטריקוט דק דק חלק 3,,,אנטריקוט דק דק חלק 3,,300.00,100 גרם,false,,34.90,0.1163,true,1,142084
7290006241191,false,אגוזי מלך 150 גרם קל,,,אגוזי מלך 150 גרם קל,,150.00,100 גרם,false,,17.90,0.1193,true,1,14783
7290006251275,false,תה ירוק סיני,,,תה ירוק סיני,,37.50,100 גרם,false,,26.90,0.7173,true,1,26248
7290006251343,false,תה חליטה הגן הקסום פ,,,תה חליטה הגן הקסום פ,,62.50,100 גרם,false,,19.90,0.3184,true,1,26250
7290006265548,false,נבטים סינים,,,נבטים סינים,,1.00,יח',false,,7.90,7.9000,true,1,2784
7290006265890,false,נבטי חמניה יח,,,נבטי חמניה יח,,1.00,יח',false,,8.90,8.9000,true,1,2785
7290006271174,false,גחנון לאפיה בתנור מע,,,גחנון לאפיה בתנור מע,,700.00,100 גרם,false,,20.60,0.0294,true,1,38835
7290006271181,false,מעדנות גחנון אפוי 75,,,מעדנות גחנון אפוי 75,,750.00,100 גרם,false,,29.70,0.0396,true,1,38836
7290006271648,false,מיני בורקס תפו`א 800,,,מיני בורקס תפו`א 800,,800.00,100 גרם,false,,24.90,0.0311,true,1,122578
7290006272072,false,חטיפי פיצה מעדנות 65,,,חטיפי פיצה מעדנות 65,,650.00,100 גרם,false,,36.90,0.0568,true,1,122582
7290006272430,false,בצק עלים חמאה 600 גר,,,בצק עלים חמאה 600 גר,,600.00,100 גרם,false,,32.60,0.0543,true,1,38846
7290006306302,false,פסטה נונה ריביולי פר,,,פסטה נונה ריביולי פר,,400.00,100 גרם,false,,26.90,0.0672,true,1,71494
7290006342065,false,בוטנים קלויים 200 ג,,,בוטנים קלויים 200 ג,,200.00,100 גרם,false,,8.90,0.0445,true,1,6315
7290006342447,false,גרעיני אבטיח 200 גר,,,גרעיני אבטיח 200 גר,,200.00,100 גרם,false,,14.90,0.0745,true,1,6319
7290006342515,false,מנציס 200 גרם,,,מנציס 200 גרם,,200.00,100 גרם,false,,7.90,0.0395,true,1,120294
7290006342645,false,טורטייה 840 גרם,,,טורטייה 840 גרם,,840.00,100 גרם,false,,15.90,0.0189,true,1,120297
7290006449955,false,מלפפון בייבי,,,מלפפון בייבי,,1.00,יח',false,,9.90,9.9000,true,1,335842
7290006492432,false,גד בייבי מוצרלה 150ג,,,גד בייבי מוצרלה 150ג,,170.00,100 גרם,false,,15.90,0.0935,true,1,16216
7290006492616,false,גד בולגרית פרוסות 5%,,,גד בולגרית פרוסות 5%,,250.00,100 גרם,false,,28.50,0.1140,true,1,16218
7290006492630,false,גד גבינת גליל גד עזי,,,גד גבינת גליל גד עזי,,180.00,100 גרם,false,,23.00,0.1278,true,1,16219
7290006492852,false,גד גבינת עיזים למריח,,,גד גבינת עיזים למריח,,250.00,100 גרם,false,,18.50,0.0740,true,1,16222
7290006494924,false,מרמולייט ופל בטעם לי,,,מרמולייט ופל בטעם לי,,180.00,100 גרם,false,,12.50,0.0694,true,1,7505
7290006511157,false,פטריות שלמות שמפיניו,,,פטריות שלמות שמפיניו,,230.00,100 גרם,false,,8.50,0.0370,true,1,4655
7290006511751,false,פטריות חתוכות ויליפו,,,פטריות חתוכות ויליפו,,870.00,100 גרם,false,,13.00,0.0149,true,1,4658
7290006532008,false,צ'יפס טעים טעים 1.8,,,צ'יפס טעים טעים 1.8,קילוגרמים,1.80,"ק""ג",false,,24.90,13.8333,true,1,180279
7290006567048,false,קוסקוס ישראלי בשקית,,,קוסקוס ישראלי בשקית,,350.00,100 גרם,false,,8.90,0.0254,true,1,21507
7290006618078,false,אסטוניש מרסס ניקוי צ,,,אסטוניש מרסס ניקוי צ,,750.00,"100 מ""ל",false,,13.90,0.0185,true,1,12882
7290006652027,false,במבה יום הולדת מאח.1,,,במבה יום הולדת מאח.1,,300.00,100 גרם,false,,25.90,0.0863,true,1,21512
7290006653765,false,פטוציני פרפקטו 500 ג,,,פטוציני פרפקטו 500 ג,,500.00,100 גרם,false,,7.90,0.0158,true,1,21514
7290006653819,false,קוסקוס דק בשקית אסם,,,קוסקוס דק בשקית אסם,,350.00,100 גרם,false,,8.90,0.0254,true,1,21515
7290006664051,false,אקטימל טבעי 14*100מל,,,אקטימל טבעי 14*100מל,ליטרים,1.40,ליטר,false,,33.90,24.2143,true,1,24982
7290006664402,false,שטראוס גבינה 5% 750ג,,,שטראוס גבינה 5% 750ג,,750.00,100 גרם,false,,14.25,0.0190,true,1,24987
7290006664532,false,דנונה תות 3% 150מל,,,דנונה תות 3% 150מל,,150.00,100 גרם,false,,3.90,0.0260,true,1,24988
7290006664655,false,אקטימל טבעי 8*100מל,,,אקטימל טבעי 8*100מל,,800.00,"100 מ""ל",false,,22.90,0.0286,true,1,24990
7290006664693,false,דנונה אפרסק 3% 150מל,,,דנונה אפרסק 3% 150מל,,150.00,100 גרם,false,,3.90,0.0260,true,1,24991
7290006664990,false,דנונה ביו מארז חיסכו,,,דנונה ביו מארז חיסכו,קילוגרמים,1.20,"ק""ג",false,,17.90,14.9167,true,1,24994
7290006704511,false,תפוא ננסי מיקרוגל,,,תפוא ננסי מיקרוגל,,750.00,100 גרם,false,,7.90,0.0105,true,1,2803
7290006739131,false,זוגלובק בצק פילו 500,,,זוגלובק בצק פילו 500,,500.00,100 גרם,false,,17.90,0.0358,true,1,72438
7290006739414,false,סלמי קוניאק זוגלובק,,,סלמי קוניאק זוגלובק,,300.00,100 גרם,false,,33.70,0.1123,true,1,42417
7290006739421,false,סלמי מעושן איטלקי ז,,,סלמי מעושן איטלקי ז,,300.00,100 גרם,false,,33.70,0.1123,true,1,42418
7290006739445,false,שניצל תירס קלאסי 750,,,שניצל תירס קלאסי 750,,750.00,100 גרם,false,,28.90,0.0385,true,1,42419
7290006742292,false,פסטרממיה בדבש 1% 330,,,פסטרממיה בדבש 1% 330,,330.00,100 גרם,false,,33.90,0.1027,true,1,42446
7290006764065,false,נשר מאלט בקבוק פקדון,,,נשר מאלט בקבוק פקדון,,500.00,"100 מ""ל",false,,5.90,0.0118,true,1,11028
7290006764072,false,גולדסטאר בירה בק חוז,,,גולדסטאר בירה בק חוז,,500.00,"100 מ""ל",false,,7.90,0.0158,true,1,11029
7290006764485,false,נשר מאלט 6*330מל,,,נשר מאלט 6*330מל,ליטרים,1.98,ליטר,false,,36.70,18.5354,true,1,69578
7290006765895,false,בוטן קלוי בקליפה 200,,,בוטן קלוי בקליפה 200,,200.00,100 גרם,false,,7.90,0.0395,true,1,6342
7290006784865,false,ניקוי משטחי מטבח סנט,,,ניקוי משטחי מטבח סנט,ליטרים,1.00,ליטר,false,,11.90,11.9000,true,1,139963
7290006788436,false,דאו' רולאון נושם פיו,,,דאו' רולאון נושם פיו,,75.00,100 גרם,false,,14.90,0.1987,true,1,32259
7290006788443,false,דאו' רולאון נושם אוק,,,דאו' רולאון נושם אוק,,75.00,100 גרם,false,,14.90,0.1987,true,1,32260
7290006788498,false,דאו' תרסיס נושם ורוד,,,דאו' תרסיס נושם ורוד,,200.00,"100 מ""ל",false,,13.90,0.0695,true,1,32265
7290006822192,false,אושן ספרי דיאט חמוצי,,,אושן ספרי דיאט חמוצי,ליטרים,1.00,ליטר,false,,13.50,13.5000,true,1,8520
7290006855183,false,ברבריא חטיף תמרים אג,,,ברבריא חטיף תמרים אג,,120.00,100 גרם,false,,18.90,0.1575,true,1,26519
7290006908360,false,שקד קלוי 150 גר` פיצ,,,שקד קלוי 150 גר` פיצ,,150.00,100 גרם,false,,17.90,0.1193,true,1,129877
7290006908377,false,שקד טבעי 150 גר` פיצ,,,שקד טבעי 150 גר` פיצ,,150.00,100 גרם,false,,17.90,0.1193,true,1,129878
7290006983152,false,קרוטונים מתובלים אסם,,,קרוטונים מתובלים אסם,,400.00,100 גרם,false,,20.90,0.0522,true,1,70681
7290006983176,false,לחמית שיפון אסם 250,,,לחמית שיפון אסם 250,,230.00,100 גרם,false,,9.90,0.0430,true,1,21519
7290006983206,false,תערובת פלאפל בקלי קל,,,תערובת פלאפל בקלי קל,,180.00,100 גרם,false,,11.90,0.0661,true,1,70682
7290006983763,false,עוגת הבית שוקולד 400,,,עוגת הבית שוקולד 400,,400.00,100 גרם,false,,14.90,0.0373,true,1,21523
7290006983770,false,עוגת הבית שיש 400גר,,,עוגת הבית שיש 400גר,,400.00,100 גרם,false,,14.90,0.0373,true,1,21524
7290006983787,false,עוגת הבית שוקוציפס 4,,,עוגת הבית שוקוציפס 4,,400.00,100 גרם,false,,14.90,0.0373,true,1,21525
7290006983794,false,עוגת הבית תפוז 400גר,,,עוגת הבית תפוז 400גר,,400.00,100 גרם,false,,14.90,0.0373,true,1,21526
7290006992161,false,מטרנה דייסת קורנפלור,,,מטרנה דייסת קורנפלור,,200.00,100 גרם,false,,15.90,0.0795,true,1,21528
7290006992208,false,מטרנה דייסת דגנים פר,,,מטרנה דייסת דגנים פר,,200.00,100 גרם,false,,15.90,0.0795,true,1,21532
7290008101318,false,פירורי לחם זהוב קלאס,,,פירורי לחם זהוב קלאס,,300.00,100 גרם,false,,7.90,0.0263,true,1,441444
7290008101356,false,פירורי לחם פנקו זהוב,,,פירורי לחם פנקו זהוב,,300.00,100 גרם,false,,10.90,0.0363,true,1,446318
7290008116541,false,מי פה ליסטרין בטעם מ,,,מי פה ליסטרין בטעם מ,,500.00,"100 מ""ל",false,,23.90,0.0478,true,1,31642
7290008116565,false,מי פה פרש ליסטרין 50,,,מי פה פרש ליסטרין 50,,500.00,"100 מ""ל",false,,23.90,0.0478,true,1,31644
7290008154222,false,שניצלונים עוף טוב 70,,,שניצלונים עוף טוב 70,,700.00,100 גרם,false,,21.90,0.0313,true,1,22300
7290008175210,false,וילי פוד פרמזן מגורד,,,וילי פוד פרמזן מגורד,,90.00,100 גרם,false,,18.20,0.2022,true,1,4660
7290008268301,false,אוכמניות,,,אוכמניות,,120.00,100 גרם,false,,11.90,0.0992,true,1,145819
7290008300551,false,שקיות אשפה 75*90 שחו,,,שקיות אשפה 75*90 שחו,יחידה,0.00,יחידה,false,,16.90,0.0000,true,1,50746
7290008300599,false,70*50 'שקיות אשפה שר,,,70*50 'שקיות אשפה שר,יחידה,0.00,יחידה,false,,16.90,0.0000,true,1,383243
7290008300629,false,שקיות אוכל בקופסא של,,,שקיות אוכל בקופסא של,יחידה,0.00,יחידה,false,,12.90,0.0000,true,1,126703
7290008343466,false,בצק פילו 500 גרם,,,בצק פילו 500 גרם,,500.00,100 גרם,false,,21.90,0.0438,true,1,18989
7290008344258,false,המבורגר מזרחי 400 ג',,,המבורגר מזרחי 400 ג',,400.00,100 גרם,false,,23.90,0.0597,true,1,19002
7290008347211,false,דלידג אצבעות דג 700,,,דלידג אצבעות דג 700,,700.00,100 גרם,false,,27.90,0.0399,true,1,19014
7290008409100,false,אצבעות שניצל ציפוי ש,,,אצבעות שניצל ציפוי ש,,700.00,100 גרם,false,,38.90,0.0556,true,1,71509
7290008409124,false,מאמא עוף קפוא שניצל,,,מאמא עוף קפוא שניצל,,700.00,100 גרם,false,,38.90,0.0556,true,1,28405
7290008409216,false,מאמא עוף קפוא שניצל,,,מאמא עוף קפוא שניצל,,700.00,100 גרם,false,,43.90,0.0627,true,1,28406
7290008409315,false,מאמא עוף מיני דק שני,,,מאמא עוף מיני דק שני,,500.00,100 גרם,false,,29.50,0.0590,true,1,28409
7290008409582,false,שניצל אמיתי בציפוי ב,,,שניצל אמיתי בציפוי ב,,700.00,100 גרם,false,,44.50,0.0636,true,1,28420
7290008415071,false,צבר חומוס עם טחינה 1,,,צבר חומוס עם טחינה 1,,150.00,100 גרם,false,,5.90,0.0393,true,1,22303
7290008415514,false,צבר סלט חומוס עם חרי,,,צבר סלט חומוס עם חרי,,150.00,100 גרם,false,,5.90,0.0393,true,1,22304
7290008461238,false,סרדינים רוברט בשמן ח,,,סרדינים רוברט בשמן ח,,115.00,100 גרם,false,,7.90,0.0687,true,1,19020
7290008462259,false,חרדל דיזון חריף גרגי,,,חרדל דיזון חריף גרגי,,380.00,100 גרם,false,,19.90,0.0524,true,1,19023
7290008464024,false,גולדסטאר לא מסונן פח,,,גולדסטאר לא מסונן פח,,500.00,"100 מ""ל",false,,11.50,0.0230,true,1,11044
7290008464604,false,הייניקן בירה פח 500מ,,,הייניקן בירה פח 500מ,,500.00,"100 מ""ל",false,,13.90,0.0278,true,1,11064
7290008464611,false,"מי סודה טמפו 275 מ""ל",,,"מי סודה טמפו 275 מ""ל",,275.00,"100 מ""ל",false,,3.50,0.0127,true,1,130464
7290008464741,false,"גולדסטאר ח""פ בקבוק 6",,,"גולדסטאר ח""פ בקבוק 6",ליטרים,1.98,ליטר,false,,40.90,20.6566,true,1,11068
7290008464796,false,"הייניקן בקבוק ח""פ 6*",,,"הייניקן בקבוק ח""פ 6*",ליטרים,1.98,ליטר,false,,46.90,23.6869,true,1,11071
7290008644112,false,אחלה מטבוחה 125ג,,,אחלה מטבוחה 125ג,,125.00,100 גרם,false,,5.90,0.0472,true,1,116878
7290008644235,false,עלי בייבי 120 ג ירקו,,,עלי בייבי 120 ג ירקו,,120.00,100 גרם,false,,10.90,0.0908,true,1,54069
7290008644945,false,סלט המושבה 450 ג ירק,,,סלט המושבה 450 ג ירק,,450.00,100 גרם,false,,13.90,0.0309,true,1,24999
7290008670210,false,"רקנאטי שירז 750 מ""ל",,,"רקנאטי שירז 750 מ""ל",,750.00,100 ליטר,false,,55.90,0.0745,true,1,8853
7290008693134,false,דניאלה תות מעדן גבינ,,,דניאלה תות מעדן גבינ,,150.00,"100 מ""ל",false,,4.50,0.0300,true,1,25001
7290008713900,false,לחם שיפון עגול אנגל,,,לחם שיפון עגול אנגל,,750.00,100 גרם,false,,14.90,0.0199,true,1,72039
7290008713917,false,לחם שיפון כהה אנגל 7,,,לחם שיפון כהה אנגל 7,,750.00,100 גרם,false,,14.90,0.0199,true,1,72040
7290008745239,false,תפוציפס קראנץ טבעי 5,,,תפוציפס קראנץ טבעי 5,,50.00,100 גרם,false,,4.50,0.0900,true,1,25502
7290008747547,false,תפוציפס קראנץ טבעי 2,,,תפוציפס קראנץ טבעי 2,,200.00,100 גרם,false,,10.90,0.0545,true,1,25504
7290008750264,false,מאסט דובדבן 28ג,,,מאסט דובדבן 28ג,,28.00,100 גרם,false,,4.90,0.1750,true,1,24285
7290008752244,false,תפוציפס קראנץ גריל 5,,,תפוציפס קראנץ גריל 5,,50.00,100 גרם,false,,4.50,0.0900,true,1,25510
7290008753111,false,תפוציפס מקסיקני 50גר,,,תפוציפס מקסיקני 50גר,,50.00,100 גרם,false,,4.50,0.0900,true,1,25512
7290008754415,false,מאסט מנטה עדין 28 גר,,,מאסט מנטה עדין 28 גר,,28.00,100 גרם,false,,4.90,0.1750,true,1,24294
7290008754422,false,מאסט מנטה קלאסי 28ג,,,מאסט מנטה קלאסי 28ג,,28.00,100 גרם,false,,4.90,0.1750,true,1,24295
7290008757034,false,"סודה שוופס 250 מ""ל ב",,,"סודה שוופס 250 מ""ל ב",,250.00,"100 מ""ל",false,,4.50,0.0180,true,1,13047
7290008757980,false,ספרינג רימונים 1ל,,,ספרינג רימונים 1ל,ליטרים,1.00,ליטר,false,,7.90,7.9000,true,1,13074
7290008775816,false,ערגליות שוקולד 300 ג,,,ערגליות שוקולד 300 ג,,300.00,100 גרם,false,,11.90,0.0397,true,1,21535
7290008775823,false,ערגליות תות שדה 300,,,ערגליות תות שדה 300,,300.00,100 גרם,false,,11.90,0.0397,true,1,21536
7290008775892,false,ספגטי לינגוויני פרפק,,,ספגטי לינגוויני פרפק,,500.00,100 גרם,false,,7.90,0.0158,true,1,21537
7290008801010,false,יין P.C קברנה סובי,,,יין P.C קברנה סובי,,750.00,"100 מ""ל",false,,44.90,0.0599,true,1,505
7290008801157,false,יין סלקטד מרלו 750 מ,,,יין סלקטד מרלו 750 מ,,750.00,"100 מ""ל",false,,32.90,0.0439,true,1,507
7290008801522,false,יין קונקורד קינג דיו,,,יין קונקורד קינג דיו,,750.00,"100 מ""ל",false,,23.90,0.0319,true,1,513
7290008801546,false,יין קונקורד קינג דיו,,,יין קונקורד קינג דיו,,750.00,"100 מ""ל",false,,23.90,0.0319,true,1,515
7290008801843,false,יין סלקטד קברנה סובנ,,,יין סלקטד קברנה סובנ,,750.00,"100 מ""ל",false,,32.90,0.0439,true,1,516
7290008801850,false,יין סלקטד אמרלד ריזל,,,יין סלקטד אמרלד ריזל,,750.00,"100 מ""ל",false,,32.90,0.0439,true,1,517
7290008802512,false,יין וינו אדום יבש,,,יין וינו אדום יבש,,750.00,"100 מ""ל",false,,23.90,0.0319,true,1,519
7290008802529,false,יין וינו לבן יבש,,,יין וינו לבן יבש,,750.00,"100 מ""ל",false,,23.90,0.0319,true,1,520
7290008802895,false,יין P.C קברנה סובי,,,יין P.C קברנה סובי,,750.00,"100 מ""ל",false,,44.90,0.0599,true,1,521
7290008805049,false,יין סלקטד רוזה כרמל,,,יין סלקטד רוזה כרמל,,750.00,"100 מ""ל",false,,32.90,0.0439,true,1,538
7290008805520,false,יין סלקטד קברנה סובנ,,,יין סלקטד קברנה סובנ,,750.00,"100 מ""ל",false,,32.90,0.0439,true,1,540
7290008849753,false,רוטב טריאקי עשיר אול,,,רוטב טריאקי עשיר אול,,300.00,"100 מ""ל",false,,14.90,0.0497,true,1,5188
7290008849777,false,אוליביה רוטב צילי מת,,,אוליביה רוטב צילי מת,,350.00,100 גרם,false,,14.90,0.0426,true,1,5189
7290008849838,false,אוליביה טפנד זיתים 1,,,אוליביה טפנד זיתים 1,,180.00,100 גרם,false,,12.90,0.0717,true,1,128192
7290008909853,false,קוקה קולה זירו 500 מ,,,קוקה קולה זירו 500 מ,,500.00,"100 מ""ל",false,,7.90,0.0158,true,1,8035
7290009018004,false,פיקדון בקבוק/פחית בו,,,פיקדון בקבוק/פחית בו,יחידה,0.00,יחידה,false,,0.30,0.0000,true,1,41
7290009018011,false,פיקדון בקבוק/פחיות ש,,,פיקדון בקבוק/פחיות ש,יחידה,0.00,יחידה,false,,1.80,0.0000,true,1,855
7290009018264,false,פיקדון בקבוק/פחית רב,,,פיקדון בקבוק/פחית רב,יחידה,0.00,יחידה,false,,1.20,0.0000,true,1,626
7290009174397,false,כריך עובד מגה,,,כריך עובד מגה,יחידה,0.00,יחידה,false,,1.50,0.0000,true,1,54130
7290010002023,false,מימון כורכום הודי טח,,,מימון כורכום הודי טח,,100.00,100 גרם,false,,12.90,0.1290,true,1,163
7290010002078,false,מימון פלפל שחור טחון,,,מימון פלפל שחור טחון,,100.00,100 גרם,false,,15.90,0.1590,true,1,168
7290010002092,false,מימון פלפל שחור גרוס,,,מימון פלפל שחור גרוס,,90.00,100 גרם,false,,15.90,0.1767,true,1,170
7290010002122,false,מימון פפריקה הונגרית,,,מימון פפריקה הונגרית,,100.00,100 גרם,false,,12.90,0.1290,true,1,173
7290010002139,false,מימון פפריקה הונגרית,,,מימון פפריקה הונגרית,,100.00,100 גרם,false,,12.90,0.1290,true,1,174
7290010002146,false,מימון פפריקה מרוקאית,,,מימון פפריקה מרוקאית,,100.00,100 גרם,false,,12.90,0.1290,true,1,175
7290010002153,false,מימון פפריקה מרוקאית,,,מימון פפריקה מרוקאית,,100.00,100 גרם,false,,12.90,0.1290,true,1,176
7290010002207,false,מימון קינמון טחון במ,,,מימון קינמון טחון במ,,100.00,100 גרם,false,,10.50,0.1050,true,1,178
7290010002337,false,מימון תיבול לסטייק 1,,,מימון תיבול לסטייק 1,,110.00,100 גרם,false,,12.90,0.1173,true,1,185
7290010002368,false,מימון תערובת חווג` ל,,,מימון תערובת חווג` ל,,100.00,100 גרם,false,,12.90,0.1290,true,1,188
7290010002375,false,מימון קארי 100 גרם,,,מימון קארי 100 גרם,,100.00,100 גרם,false,,12.90,0.1290,true,1,189
7290010002481,false,מימון שום טחון במיכל,,,מימון שום טחון במיכל,,100.00,100 גרם,false,,15.90,0.1590,true,1,197
7290010002498,false,מימון שום גבישי 120,,,מימון שום גבישי 120,,120.00,100 גרם,false,,15.90,0.1325,true,1,198
7290010002696,false,אקסטרא צ'יפס אורז חו,,,אקסטרא צ'יפס אורז חו,,60.00,100 גרם,false,,9.40,0.1567,true,1,441477
7290010002986,false,תערובת חריפה אש מימ,,,תערובת חריפה אש מימ,,100.00,100 גרם,false,,17.90,0.1790,true,1,382427
7290010003709,false,מימון פלפל שחור טחון,,,מימון פלפל שחור טחון,,50.00,100 גרם,false,,8.70,0.1740,true,1,210
7290010003761,false,מימון כורכום טחון שק,,,מימון כורכום טחון שק,,80.00,100 גרם,false,,6.50,0.0813,true,1,212
7290010003778,false,מימון תיבול לגריל עו,,,מימון תיבול לגריל עו,,80.00,100 גרם,false,,6.50,0.0813,true,1,213
7290010003846,false,מימון אורגנו שקית 20,,,מימון אורגנו שקית 20,,20.00,100 גרם,false,,6.50,0.3250,true,1,220
7290010065332,false,"פרינוק גוניור תפ""ע ב",,,"פרינוק גוניור תפ""ע ב",,190.00,100 גרם,false,,6.90,0.0363,true,1,5208
7290010066513,false,נתחי טונה בשמן צמחי,,,נתחי טונה בשמן צמחי,,632.00,100 גרם,false,,25.90,0.0410,true,1,28447
7290010066575,false,נתחי טונה במים פילטו,,,נתחי טונה במים פילטו,,632.00,100 גרם,false,,25.90,0.0410,true,1,28449
7290010066582,false,נתחי טונה בשמן קנולה,,,נתחי טונה בשמן קנולה,,632.00,100 גרם,false,,25.90,0.0410,true,1,28450
7290010066599,false,נתחי טונה בשמן זית פ,,,נתחי טונה בשמן זית פ,,632.00,100 גרם,false,,31.90,0.0505,true,1,96097
7290010116980,false,שוקולית 850 גרם,,,שוקולית 850 גרם,,850.00,100 גרם,false,,18.90,0.0222,true,1,24307
7290010117864,false,דוריטוס חריף אש 70 ג,,,דוריטוס חריף אש 70 ג,,70.00,100 גרם,false,,4.30,0.0614,true,1,25522
7290010124213,false,סינטה בקר דק דק אל מ,,,סינטה בקר דק דק אל מ,,250.00,100 גרם,false,,18.90,0.0756,true,1,144572
7290010129003,false,עוגיות אוזניים 600גר,,,עוגיות אוזניים 600גר,,600.00,100 גרם,false,,21.90,0.0365,true,1,22517
7290010129010,false,עוגיות ריבה 600גר,,,עוגיות ריבה 600גר,,600.00,100 גרם,false,,21.90,0.0365,true,1,22518
7290010129027,false,עוגיות מרוקאיות 600,,,עוגיות מרוקאיות 600,,600.00,100 גרם,false,,21.90,0.0365,true,1,22519
7290010129300,false,עוגיות רייף מרוקאיות,,,עוגיות רייף מרוקאיות,,350.00,100 גרם,false,,19.90,0.0569,true,1,121714
7290010129652,false,עוגיות לקפה דולצ'ה ו,,,עוגיות לקפה דולצ'ה ו,,350.00,100 גרם,false,,19.90,0.0569,true,1,145004
7290010129676,false,עוגיות מרוקאיות ארוך,,,עוגיות מרוקאיות ארוך,,350.00,100 גרם,false,,19.90,0.0569,true,1,145006
7290010129942,false,עוגת קראנץ' שמרים שו,,,עוגת קראנץ' שמרים שו,,500.00,100 גרם,false,,14.90,0.0298,true,1,70906
7290010153688,false,חומץ טבעי מיה 1 ליטר,,,חומץ טבעי מיה 1 ליטר,ליטרים,1.00,ליטר,false,,6.90,6.9000,true,1,16497
7290010153817,false,ריבת חלב מיה 400 גרם,,,ריבת חלב מיה 400 גרם,,400.00,100 גרם,false,,12.90,0.0323,true,1,16508
7290010153879,false,ריבת חלב בטעם שמנת 4,,,ריבת חלב בטעם שמנת 4,,400.00,100 גרם,false,,12.90,0.0323,true,1,16514
7290010154012,false,לימון כבוש 250 ביטון,,,לימון כבוש 250 ביטון,,250.00,100 גרם,false,,15.90,0.0636,true,1,19026
7290010154029,false,250 אריסה מתוקה ביטו,,,250 אריסה מתוקה ביטו,,250.00,100 גרם,false,,15.90,0.0636,true,1,19027
7290010154241,false,סלט חזרת ביטון 250 ג,,,סלט חזרת ביטון 250 ג,,250.00,100 גרם,false,,15.90,0.0636,true,1,19029
7290010154678,false,יוחאי ביטון אריסה מר,,,יוחאי ביטון אריסה מר,,250.00,100 גרם,false,,15.90,0.0636,true,1,124602
7290010154685,false,סלט שום כתוש 250 גר',,,סלט שום כתוש 250 גר',,250.00,100 גרם,false,,15.90,0.0636,true,1,124603
7290010173068,false,הרי גליל קברנה סובינ,,,הרי גליל קברנה סובינ,,750.00,"100 מ""ל",false,,43.90,0.0585,true,1,48490
7290010192007,false,פטרוזיליה,,,פטרוזיליה,,1.00,יח',false,,4.90,4.9000,true,1,2830
7290010192014,false,שמיר,,,שמיר,,1.00,יח',false,,4.90,4.9000,true,1,2831
7290010192021,false,כוסברה,,,כוסברה,,1.00,יח',false,,4.90,4.9000,true,1,2832
7290010192038,false,שורש פטרוזיליה ארוז,,,שורש פטרוזיליה ארוז,,1.00,יח',false,,6.90,6.9000,true,1,2833
7290010192045,false,נענע יחידה,,,נענע יחידה,,1.00,יח',false,,4.90,4.9000,true,1,2834
7290010192052,false,סלרי עלים (אמריקאי),,,סלרי עלים (אמריקאי),,1.00,יח',false,,6.90,6.9000,true,1,2835
7290010192069,false,סלרי ראש ארוז,,,סלרי ראש ארוז,,1.00,יח',false,,6.90,6.9000,true,1,2836
7290010192083,false,מנגולד ארוז,,,מנגולד ארוז,,1.00,יח',false,,6.90,6.9000,true,1,2837
7290010237579,false,סבן אפ 500 מ'ל,,,סבן אפ 500 מ'ל,,500.00,"100 מ""ל",false,,5.90,0.0118,true,1,11080
7290010237890,false,הייניקן בירה בקבוק ח,,,הייניקן בירה בקבוק ח,,500.00,"100 מ""ל",false,,11.50,0.0230,true,1,11093
7290010259991,false,"צנימים בד""ץ וילי פוד",,,"צנימים בד""ץ וילי פוד",,250.00,100 גרם,false,,8.90,0.0356,true,1,68975
7290010279227,false,זיקוק 15 ס`מ 6 יח`,,,זיקוק 15 ס`מ 6 יח`,יחידה,0.00,יחידה,false,,15.90,0.0000,true,1,35009
7290010429554,false,שמן זית כתית מעולה 2,,,שמן זית כתית מעולה 2,,750.00,"100 מ""ל",false,,38.90,0.0519,true,1,24312
7290010472307,false,גמדים לשתיה תות בננה,,,גמדים לשתיה תות בננה,,864.00,"100 מ""ל",false,,20.90,0.0242,true,1,25006
7290010472390,false,מארז דני שוקולד 8*,,,מארז דני שוקולד 8*,,1000.00,"100 מ""ל",false,,16.90,0.0169,true,1,25007
7290010513703,false,צ'ופסטיקס צפצפה מזרח,,,צ'ופסטיקס צפצפה מזרח,יחידה,0.00,יחידה,false,,7.90,0.0000,true,1,481139
7290010627004,false,טחינה ירושלים 500 גר,,,טחינה ירושלים 500 גר,,500.00,100 גרם,false,,17.90,0.0358,true,1,26279
7290010627844,false,טחינה ירושלים 500 מל,,,טחינה ירושלים 500 מל,,500.00,100 גרם,false,,17.90,0.0358,true,1,26281
7290010632787,false,צימרוני אוזניים עץ כ,,,צימרוני אוזניים עץ כ,יחידה,0.00,יחידה,false,,4.90,0.0000,true,1,946
7290010650033,false,בצלצלי שאלוט,,,בצלצלי שאלוט,,350.00,100 גרם,false,,15.00,0.0429,true,1,2843
7290010650064,false,פטריות יער מיובשות 2,,,פטריות יער מיובשות 2,,25.00,100 גרם,false,,10.90,0.4360,true,1,2846
7290010650255,false,לקט פטריות מיובשות ל,,,לקט פטריות מיובשות ל,,40.00,100 גרם,false,,19.90,0.4975,true,1,2855
7290010711208,false,SHINY גליל מטליות 33,,,SHINY גליל מטליות 33,יחידה,0.00,יחידה,false,,19.00,0.0000,true,1,15279
7290010711918,false,מ.א מטליות מיקרופייב,,,מ.א מטליות מיקרופייב,יחידה,0.00,יחידה,false,,10.90,0.0000,true,1,15300
7290010757909,false,בורקס גבינה ללא גלוט,,,בורקס גבינה ללא גלוט,,500.00,100 גרם,false,,24.90,0.0498,true,1,393174
7290010839865,false,רוטב רימונים 320 גרם,,,רוטב רימונים 320 גרם,,320.00,"100 מ""ל",false,,11.00,0.0344,true,1,4692
7290010883356,false,סנו סושי זוג כפפות א,,,סנו סושי זוג כפפות א,יחידה,0.00,יחידה,false,,12.10,0.0000,true,1,32399
7290010883363,false,סנו סושי זוג כפפות א,,,סנו סושי זוג כפפות א,יחידה,0.00,יחידה,false,,12.10,0.0000,true,1,32400
7290010931330,false,אחלה מטבוחה 500ג,,,אחלה מטבוחה 500ג,,500.00,100 גרם,false,,15.90,0.0318,true,1,25010
7290010945146,false,טרה קוטג מועשר 3% 25,,,טרה קוטג מועשר 3% 25,,250.00,100 גרם,false,,5.50,0.0220,true,1,8039
7290010945450,false,טרה גבינה לבנה מהדרי,,,טרה גבינה לבנה מהדרי,,250.00,100 גרם,false,,4.98,0.0199,true,1,8043
7290011015862,false,סירופ דיאט לימונענע,,,סירופ דיאט לימונענע,,750.00,"100 מ""ל",false,,23.90,0.0319,true,1,8570
7290011017866,false,קוקה קולה פחית סליק,,,קוקה קולה פחית סליק,,330.00,"100 מ""ל",false,,5.70,0.0173,true,1,8600
7290011017873,false,ZERO קולה פחית סליק,,,ZERO קולה פחית סליק,,330.00,"100 מ""ל",false,,5.50,0.0167,true,1,8601
7290011017880,false,קולה דיאט פחית סליק,,,קולה דיאט פחית סליק,,330.00,"100 מ""ל",false,,5.50,0.0167,true,1,8602
7290011018368,false,ויינשטפן בירה לבנה 6,,,ויינשטפן בירה לבנה 6,ליטרים,1.98,ליטר,false,,76.70,38.7374,true,1,120534
7290011018474,false,סמרסבי סיידר 330 מ`ל,,,סמרסבי סיידר 330 מ`ל,,330.00,"100 מ""ל",false,,9.90,0.0300,true,1,8626
7290011115203,false,סבון מוצק ורוד נקה 7,,,סבון מוצק ורוד נקה 7,,400.00,100 גרם,false,,15.00,0.0375,true,1,32471
7290011115258,false,סבון מוצק ירוק נקה 7,,,סבון מוצק ירוק נקה 7,,400.00,100 גרם,false,,15.00,0.0375,true,1,32473
7290011115289,false,סבון מוצק לילך נקה 7,,,סבון מוצק לילך נקה 7,,400.00,100 גרם,false,,15.00,0.0375,true,1,32476
7290011126452,false,תה קמומיל ונענע 1.5ג,,,תה קמומיל ונענע 1.5ג,,37.50,100 גרם,false,,19.90,0.5307,true,1,26290
7290011132507,false,סאן בנדטו מוגז עדין,,,סאן בנדטו מוגז עדין,,500.00,"100 מ""ל",false,,6.50,0.0130,true,1,11101
7290011148911,false,פלפלים מתוקים טינקרב,,,פלפלים מתוקים טינקרב,,300.00,100 גרם,false,,9.90,0.0330,true,1,2892
7290011194215,false,"דניאלה בננה 150 מ""ל",,,"דניאלה בננה 150 מ""ל",,150.00,"100 מ""ל",false,,4.50,0.0300,true,1,25011
7290011194246,false,קוטג שטראוס 5% עם סי,,,קוטג שטראוס 5% עם סי,,250.00,100 גרם,false,,6.00,0.0240,true,1,25012
7290011223229,false,דאק ג'ל אסלה ניחוח ט,,,דאק ג'ל אסלה ניחוח ט,,55.00,"100 מ""ל",false,,9.90,0.1800,true,1,7564
7290011249748,false,גילרו רולים שוקו 100,,,גילרו רולים שוקו 100,,100.00,100 גרם,false,,5.40,0.0540,true,1,72708
7290011254018,false,שעועית מש 500 גרם,,,שעועית מש 500 גרם,,500.00,100 גרם,false,,10.90,0.0218,true,1,16520
7290011254063,false,עדשים שחורות מיה 500,,,עדשים שחורות מיה 500,,500.00,100 גרם,false,,12.80,0.0256,true,1,16525
7290011254452,false,סוכריות ללא סוכר מנט,,,סוכריות ללא סוכר מנט,,80.00,100 גרם,false,,6.50,0.0813,true,1,16552
7290011254469,false,סוכריות ללא סוכר לימ,,,סוכריות ללא סוכר לימ,,80.00,100 גרם,false,,6.50,0.0813,true,1,16553
7290011254490,false,סוכריות ללא סוכר טעם,,,סוכריות ללא סוכר טעם,,80.00,100 גרם,false,,6.50,0.0813,true,1,16556
7290011378233,false,בארכה בקטנה מאגדת ונ,,,בארכה בקטנה מאגדת ונ,,120.00,100 גרם,false,,14.50,0.1208,true,1,21547
7290011379018,false,פטריות צמד חמד,,,פטריות צמד חמד,,500.00,100 גרם,false,,16.90,0.0338,true,1,2896
7290011438142,false,יטבתה אייס קפה בבקבו,,,יטבתה אייס קפה בבקבו,,350.00,"100 מ""ל",false,,6.90,0.0197,true,1,25018
7290011473129,false,גרעיני חמניה קלופים,,,גרעיני חמניה קלופים,,300.00,100 גרם,false,,11.90,0.0397,true,1,4940
7290011499105,false,גד בולגרית 5% 250ג,,,גד בולגרית 5% 250ג,,250.00,100 גרם,false,,23.30,0.0932,true,1,16225
7290011499112,false,גד בולגרית 16% 250ג,,,גד בולגרית 16% 250ג,,250.00,100 גרם,false,,23.30,0.0932,true,1,16226
7290011499129,false,גד בולגרית מעודנת קו,,,גד בולגרית מעודנת קו,,200.00,100 גרם,false,,23.40,0.1170,true,1,16227
7290011499303,false,פטה עיזים מעודנת 5%,,,פטה עיזים מעודנת 5%,,250.00,100 גרם,false,,31.90,0.1276,true,1,16231
7290011499327,false,גד בולגרית בקר מעודנ,,,גד בולגרית בקר מעודנ,,250.00,100 גרם,false,,23.30,0.0932,true,1,16233
7290011499341,false,קשקבל מחלבות גד 200,,,קשקבל מחלבות גד 200,,250.00,100 גרם,false,,35.50,0.1420,true,1,16235
7290011499358,false,גד פטה עיזים 20% 200,,,גד פטה עיזים 20% 200,,200.00,100 גרם,false,,28.90,0.1445,true,1,16236
7290011499365,false,גד חלומי 24% 200ג,,,גד חלומי 24% 200ג,,200.00,100 גרם,false,,21.60,0.1080,true,1,16237
7290011499624,false,גד ניו יורק גבינת שמ,,,גד ניו יורק גבינת שמ,,200.00,100 גרם,false,,13.50,0.0675,true,1,16243
7290011505806,false,קיסמי שיניים פלסטיק,,,קיסמי שיניים פלסטיק,יחידה,0.00,יחידה,false,,10.90,0.0000,true,1,965
7290011515683,false,אקסטרים וניל מאגדת 6,,,אקסטרים וניל מאגדת 6,,432.00,100 גרם,false,,39.90,0.0924,true,1,17682
7290011515911,false,מאגדת לייט ריבת חלב,,,מאגדת לייט ריבת חלב,,312.00,100 גרם,false,,32.90,0.1054,true,1,17683
7290011518561,false,אקטימל תות משפחתי 14,,,אקטימל תות משפחתי 14,ליטרים,1.40,ליטר,false,,32.90,23.5000,true,1,25023
7290011530747,false,שייק איט יום רביעי 4,,,שייק איט יום רביעי 4,,450.00,100 גרם,false,,33.90,0.0753,true,1,238922
7290011575007,false,הפי-מרסס לאמבט חדש 7,,,הפי-מרסס לאמבט חדש 7,,750.00,"100 מ""ל",false,,23.70,0.0316,true,1,12900
7290011587123,false,קרם קוקוס תומר 400 מ,,,קרם קוקוס תומר 400 מ,,400.00,"100 מ""ל",false,,9.90,0.0248,true,1,26557
7290011587451,false,גרנולה + פירות ואגוז,,,גרנולה + פירות ואגוז,,600.00,100 גרם,false,,16.90,0.0282,true,1,122068
7290011587468,false,מוזלי קראנצ + אגוז ת,,,מוזלי קראנצ + אגוז ת,,600.00,100 גרם,false,,16.90,0.0282,true,1,122069
7290011587598,false,פילה אנשובי תומר 45,,,פילה אנשובי תומר 45,,45.00,100 גרם,false,,7.90,0.1756,true,1,26572
7290011593087,false,סבא חביב שמן זית כתי,,,סבא חביב שמן זית כתי,,750.00,"100 מ""ל",false,,33.90,0.0452,true,1,51118
7290011607197,false,"קולון 101 5 ק""ג",,,"קולון 101 5 ק""ג",קילוגרמים,5.00,"ק""ג",false,,44.90,8.9800,true,1,23054
7290011622428,false,כתמטמינים-חטיף בריאו,,,כתמטמינים-חטיף בריאו,,100.00,100 גרם,false,,6.90,0.0690,true,1,5251
7290011723200,false,טחינה הר ברכה טחינה,,,טחינה הר ברכה טחינה,,500.00,100 גרם,false,,21.90,0.0438,true,1,81001
7290011765620,false,"נוזל כלים 750 מ""ל GR",,,"נוזל כלים 750 מ""ל GR",,750.00,"100 מ""ל",false,,10.90,0.0145,true,1,237534
7290011800840,false,צבר רפי כהן טחינה בל,,,צבר רפי כהן טחינה בל,,400.00,100 גרם,false,,17.90,0.0447,true,1,22321
7290011877156,false,סנו פרש ענק מאסק 375,,,סנו פרש ענק מאסק 375,,375.00,"100 מ""ל",false,,11.90,0.0317,true,1,32535
7290011879747,false,טוסטר לחיצה פסים,,,טוסטר לחיצה פסים,יחידה,0.00,יחידה,false,,70.90,0.0000,true,1,254478
7290011912642,false,מי פה טאגד ליסטרין 5,,,מי פה טאגד ליסטרין 5,,500.00,"100 מ""ל",false,,23.90,0.0478,true,1,31667
7290011947309,false,זית סורי מבוקע עם לי,,,זית סורי מבוקע עם לי,,215.00,100 גרם,false,,14.90,0.0693,true,1,26306
7290011947316,false,זיתי קלמטה זיתא 215,,,זיתי קלמטה זיתא 215,,215.00,100 גרם,false,,14.90,0.0693,true,1,26307
7290011947781,false,מיקס זית ירוק קלמטה,,,מיקס זית ירוק קלמטה,,190.00,100 גרם,false,,15.90,0.0837,true,1,288930
7290011947866,false,מיקס זיתים בפח זיתא,,,מיקס זיתים בפח זיתא,,440.00,100 גרם,false,,18.90,0.0430,true,1,355318
7290011964344,false,שום גבישי 120 גר' במ,,,שום גבישי 120 גר' במ,,120.00,100 גרם,false,,10.90,0.0908,true,1,49232
7290011964658,false,תבלין מלח לימון טעם,,,תבלין מלח לימון טעם,,170.00,100 גרם,false,,11.90,0.0700,true,1,49245
7290011964702,false,תבלין לשווארמה ללא מ,,,תבלין לשווארמה ללא מ,,100.00,100 גרם,false,,10.90,0.1090,true,1,49248
7290012001994,false,חרדל דיגון גרעינים 3,,,חרדל דיגון גרעינים 3,,350.00,100 גרם,false,,13.90,0.0397,true,1,7012
7290012019258,false,"רסק תפו""ע מחית תפוחי",,,"רסק תפו""ע מחית תפוחי",,452.00,100 גרם,false,,11.90,0.0263,true,1,26600
7290012019265,false,"מחית תפו""ע ללא סוכר",,,"מחית תפו""ע ללא סוכר",,452.00,100 גרם,false,,11.90,0.0263,true,1,26601
7290012022203,false,קליליות חיטה מלאה די,,,קליליות חיטה מלאה די,,100.00,100 גרם,false,,14.90,0.1490,true,1,31113
7290012022227,false,קליליות בטעם טבעי די,,,קליליות בטעם טבעי די,,60.00,100 גרם,false,,12.90,0.2150,true,1,31114
7290012022272,false,פריכיות קליליות קידס,,,פריכיות קליליות קידס,יחידה,0.00,יחידה,false,,12.90,0.0000,true,1,33917
7290012086113,false,עגבניות שרי,,,עגבניות שרי,,500.00,100 גרם,false,,9.90,0.0198,true,1,2901
7290012116360,false,סנו פוליוקס גרניט פו,,,סנו פוליוקס גרניט פו,ליטרים,2.00,ליטר,false,,26.00,13.0000,true,1,32557
7290012117350,false,ריצפז פרש לילך לבנדר,,,ריצפז פרש לילך לבנדר,ליטרים,2.00,ליטר,false,,19.90,9.9500,true,1,32579
7290012117428,false,שמפו וג'ל רחצה לגבר,,,שמפו וג'ל רחצה לגבר,,700.00,"100 מ""ל",false,,19.90,0.0284,true,1,32585
7290012117435,false,שמפו וג'ל רחצה אלוור,,,שמפו וג'ל רחצה אלוור,,700.00,"100 מ""ל",false,,19.90,0.0284,true,1,32586
7290012117534,false,סנו מקסימה מרכך קומפ,,,סנו מקסימה מרכך קומפ,יחידה,0.00,יחידה,false,,18.90,0.0000,true,1,32588
7290012117558,false,סנו מקסימה מרכך קומפ,,,סנו מקסימה מרכך קומפ,יחידה,0.00,יחידה,false,,18.90,0.0000,true,1,32590
7290012117565,false,סנו סושי 100 כפפות ל,,,סנו סושי 100 כפפות ל,יחידה,0.00,יחידה,false,,44.90,0.0000,true,1,32591
7290012117916,false,סנו אינסטלאטור פותח,,,סנו אינסטלאטור פותח,יחידה,0.00,יחידה,false,,30.90,0.0000,true,1,32601
7290012191053,true,המנגליסט גפרור ארוך,,,המנגליסט גפרור ארוך,יחידה,0.00,יחידה,false,,5.90,0.0000,true,1,308756
7290012191084,false,המנגליסט גפרורים עשי,,,המנגליסט גפרורים עשי,יחידה,0.00,יחידה,false,,3.50,0.0000,true,1,9274
7290012212154,false,מלפפון במלח קטן בצנצ,,,מלפפון במלח קטן בצנצ,,560.00,100 גרם,false,,14.60,0.0261,true,1,441809
7290012226021,false,סלמי מעושן פראג יבש,,,סלמי מעושן פראג יבש,,400.00,100 גרם,false,,23.90,0.0597,true,1,42455
7290012226120,false,זוגלובק קבנוס 135ג.,,,זוגלובק קבנוס 135ג.,,135.00,100 גרם,false,,12.90,0.0956,true,1,42456
7290012227325,false,זוגלובק סלמי מעושן ד,,,זוגלובק סלמי מעושן ד,,120.00,100 גרם,false,,14.90,0.1242,true,1,110811
7290012227912,false,קבנוס מעודן זוגלובק,,,קבנוס מעודן זוגלובק,,135.00,100 גרם,false,,12.90,0.0956,true,1,42507
7290012227974,false,זוגלובק פסטרמה בדבש,,,זוגלובק פסטרמה בדבש,,120.00,100 גרם,false,,14.90,0.1242,true,1,110812
7290012227981,false,פסטרמה ברביקיו זוגלו,,,פסטרמה ברביקיו זוגלו,,120.00,100 גרם,false,,14.90,0.1242,true,1,110813
7290012227998,false,זוגלובק חזה בקר 12,,,זוגלובק חזה בקר 12,,120.00,100 גרם,false,,14.90,0.1242,true,1,110814
7290012313141,false,פרוסות מלפפון במלח י,,,פרוסות מלפפון במלח י,,540.00,100 גרם,false,,7.30,0.0135,true,1,52007
7290012313240,false,מיקס זית ירוק וקלמטה,,,מיקס זית ירוק וקלמטה,,560.00,100 גרם,false,,12.90,0.0230,true,1,283700
7290012372155,false,קמח כוסמין 80% רובינ,,,קמח כוסמין 80% רובינ,קילוגרמים,1.00,"ק""ג",false,,17.90,17.9000,true,1,122727
7290012372209,false,קמח חיטה לבן מנופה ר,,,קמח חיטה לבן מנופה ר,קילוגרמים,1.00,"ק""ג",false,,8.90,8.9000,true,1,423343
7290012576614,false,ברקן יין פרמייר לבן,,,ברקן יין פרמייר לבן,,750.00,"100 מ""ל",false,,26.90,0.0359,true,1,11135
7290012642852,false,פלפל אדום קלוי על הא,,,פלפל אדום קלוי על הא,,330.00,100 גרם,false,,12.90,0.0391,true,1,26642
7290012645389,false,חלב הארץ יוגורט ביו,,,חלב הארץ יוגורט ביו,ליטרים,1.00,ליטר,false,,23.50,23.5000,true,1,25042
7290012697081,false,סוכרזית מהטבע סטיווי,,,סוכרזית מהטבע סטיווי,,100.00,100 גרם,false,,34.50,0.3450,true,1,24326
7290012803215,false,טוסו וופל בלגי שוקול,,,טוסו וופל בלגי שוקול,,200.00,100 גרם,false,,11.50,0.0575,true,1,7628
7290012803222,false,טוסו וופל בלגי לימון,,,טוסו וופל בלגי לימון,,200.00,100 גרם,false,,11.50,0.0575,true,1,7629
7290012803451,false,טוסו שוקלד מריר 62%,,,טוסו שוקלד מריר 62%,,100.00,100 גרם,false,,12.60,0.1260,true,1,7635
7290012803765,false,טוסו שוקלד מריר 100ג,,,טוסו שוקלד מריר 100ג,,100.00,100 גרם,false,,12.60,0.1260,true,1,7648
7290012803772,false,טוסו שוקלד חלב 100ג,,,טוסו שוקלד חלב 100ג,,100.00,100 גרם,false,,12.60,0.1260,true,1,7649
7290012803789,false,טוסו שוקלד מריר ואגו,,,טוסו שוקלד מריר ואגו,,100.00,100 גרם,false,,12.60,0.1260,true,1,7650
7290012823251,false,אל סבון יסמין לבנדר,,,אל סבון יסמין לבנדר,ליטרים,1.00,ליטר,false,,14.90,14.9000,true,1,32634
7290012823381,false,סנו מקסימה סנסטיב מר,,,סנו מקסימה סנסטיב מר,יחידה,0.00,יחידה,false,,18.90,0.0000,true,1,32636
7290012823923,false,סנו מקסימה מרכך פרפי,,,סנו מקסימה מרכך פרפי,,750.00,"100 מ""ל",false,,19.90,0.0265,true,1,32659
7290012850035,false,תפוח ואפרסק 190גרם B,,,תפוח ואפרסק 190גרם B,,190.00,100 גרם,false,,5.90,0.0311,true,1,31688
7290012850073,false,בי לאב מחית סלט פירו,,,בי לאב מחית סלט פירו,,190.00,100 גרם,false,,5.90,0.0311,true,1,102769
7290012901355,false,דודלס ארוחת איטריות,,,דודלס ארוחת איטריות,,206.00,100 גרם,false,,11.90,0.0578,true,1,72316
7290012921025,false,מלכה בוטיק בירה בהיר,,,מלכה בוטיק בירה בהיר,,330.00,"100 מ""ל",false,,14.90,0.0452,true,1,120566
7290012936937,false,מימון בהרט 40 גרם,,,מימון בהרט 40 גרם,,50.00,100 גרם,false,,12.90,0.2580,true,1,271
7290012938740,false,משחת שיניים פרש מינט,,,משחת שיניים פרש מינט,,75.00,"100 מ""ל",false,,22.70,0.3027,true,1,5563
7290012938924,false,מי פה אקווה פרש 500,,,מי פה אקווה פרש 500,,500.00,"100 מ""ל",false,,21.90,0.0438,true,1,5564
7290012962684,false,שקיות צליה ג`מבו 5 י,,,שקיות צליה ג`מבו 5 י,יחידה,0.00,יחידה,false,,5.90,0.0000,true,1,978
7290012962929,false,כפפות ניטריל סייף טא,,,כפפות ניטריל סייף טא,יחידה,0.00,יחידה,false,,29.90,0.0000,true,1,427380
7290012996672,false,הפי סבון אסלה מבושם,,,הפי סבון אסלה מבושם,,80.00,"100 מ""ל",false,,11.90,0.1488,true,1,12920
7290013027399,false,לחם 100 בתוספת שיפון,,,לחם 100 בתוספת שיפון,,750.00,100 גרם,false,,15.90,0.0212,true,1,72060
7290013038432,false,אקווה נובה 2 ליטר,,,אקווה נובה 2 ליטר,ליטרים,2.00,ליטר,false,,4.90,2.4500,true,1,11140
7290013117212,false,בורקס פילו גבינה מעד,,,בורקס פילו גבינה מעד,,600.00,100 גרם,false,,23.90,0.0398,true,1,72130
7290013117229,false,בורקס פילו תפוא מעדנ,,,בורקס פילו תפוא מעדנ,,600.00,100 גרם,false,,23.90,0.0398,true,1,38854
7290013117243,false,בורקס פילו בולגרית מ,,,בורקס פילו בולגרית מ,,600.00,100 גרם,false,,23.90,0.0398,true,1,38856
7290013117427,false,מעדנות בצק פריך מרוד,,,מעדנות בצק פריך מרוד,,900.00,100 גרם,false,,27.40,0.0304,true,1,38860
7290013117526,false,מעדנות בצק שמרים למא,,,מעדנות בצק שמרים למא,,900.00,100 גרם,false,,27.40,0.0304,true,1,38863
7290013144140,false,מימונס תערובת לסופגנ,,,מימונס תערובת לסופגנ,,600.00,100 גרם,false,,17.90,0.0298,true,1,121181
7290013144171,false,תערובת עוגת שוקולד 5,,,תערובת עוגת שוקולד 5,,560.00,100 גרם,false,,17.90,0.0320,true,1,16919
7290013144232,false,פודינג וניל מימונס 8,,,פודינג וניל מימונס 8,,80.00,100 גרם,false,,7.90,0.0988,true,1,16925
7290013144270,false,קרם פטיסייר 100 גרם,,,קרם פטיסייר 100 גרם,,100.00,100 גרם,false,,10.90,0.1090,true,1,16928
7290013144393,false,תמצית בטעם וניל 50גר,,,תמצית בטעם וניל 50גר,,50.00,100 גרם,false,,5.50,0.1100,true,1,16936
7290013144751,false,מימונס סירופ בטעם מי,,,מימונס סירופ בטעם מי,,500.00,"100 מ""ל",false,,14.90,0.0298,true,1,16947
7290013144980,false,תרסיס שמן קונולה מימ,,,תרסיס שמן קונולה מימ,,170.00,100 גרם,false,,16.90,0.0994,true,1,16951
7290013145031,false,מימונס ברס אגוזי לוז,,,מימונס ברס אגוזי לוז,,100.00,100 גרם,false,,13.90,0.1390,true,1,16955
7290013145093,false,מימונס שקד מולבן גרו,,,מימונס שקד מולבן גרו,,100.00,100 גרם,false,,13.90,0.1390,true,1,16959
7290013145109,false,מימונס שקד מולבן טחו,,,מימונס שקד מולבן טחו,,100.00,100 גרם,false,,13.90,0.1390,true,1,16960
7290013145178,false,קוקוס טחון לבן 100 ג,,,קוקוס טחון לבן 100 ג,,100.00,100 גרם,false,,5.90,0.0590,true,1,16966
7290013145192,false,שומשום 100גר,,,שומשום 100גר,,100.00,100 גרם,false,,6.90,0.0690,true,1,16967
7290013145215,false,שומשום 400גר,,,שומשום 400גר,,400.00,100 גרם,false,,16.90,0.0422,true,1,16968
7290013145277,false,עלים לקרמשניט 300 גר,,,עלים לקרמשניט 300 גר,,300.00,100 גרם,false,,19.90,0.0663,true,1,83006
7290013145444,false,מימונס שוקולד ציפס 6,,,מימונס שוקולד ציפס 6,,250.00,100 גרם,false,,17.90,0.0716,true,1,16975
7290013145796,false,מארז צבעי ג'ל למאכל,,,מארז צבעי ג'ל למאכל,,100.00,"100 מ""ל",false,,52.90,0.5290,true,1,446361
7290013145840,false,מימונס סוכר וניל 10*,,,מימונס סוכר וניל 10*,,100.00,100 גרם,false,,3.50,0.0350,true,1,16998
7290013145857,false,אבקת אפיה 10* 10 גרם,,,אבקת אפיה 10* 10 גרם,,100.00,100 גרם,false,,3.50,0.0350,true,1,16999
7290013145918,false,אבקת סוכר 100 גרם,,,אבקת סוכר 100 גרם,,100.00,100 גרם,false,,2.90,0.0290,true,1,17003
7290013145956,false,מימונס שמרים יבשים ב,,,מימונס שמרים יבשים ב,,500.00,100 גרם,false,,14.90,0.0298,true,1,17006
7290013145963,false,מימונס שמרים יבשים ב,,,מימונס שמרים יבשים ב,,125.00,100 גרם,false,,7.90,0.0632,true,1,17007
7290013146243,false,פודינג בטעם וניל 320,,,פודינג בטעם וניל 320,,320.00,100 גרם,false,,20.90,0.0653,true,1,473664
7290013146663,false,קונפטי לקישוט צבעוני,,,קונפטי לקישוט צבעוני,,55.00,100 גרם,false,,12.90,0.2345,true,1,232858
7290013146762,false,קצפת לזילוף 24% שומן,,,קצפת לזילוף 24% שומן,,500.00,100 גרם,false,,8.90,0.0178,true,1,358934
7290013146854,false,מיימונס קוקוס לבן טח,,,מיימונס קוקוס לבן טח,,400.00,100 גרם,false,,16.90,0.0422,true,1,17019
7290013203182,false,שרי מנומר -ליקופן,,,שרי מנומר -ליקופן,,200.00,100 גרם,false,,10.90,0.0545,true,1,2919
7290013220103,false,דובדבן קפוא 500 גרם,,,דובדבן קפוא 500 גרם,,500.00,100 גרם,false,,24.90,0.0498,true,1,50058
7290013268020,false,סנו מקסימה אולטרא פר,,,סנו מקסימה אולטרא פר,יחידה,0.00,יחידה,false,,18.90,0.0000,true,1,32663
7290013268884,false,ריצפז פרש מאסק 2 ליט,,,ריצפז פרש מאסק 2 ליט,ליטרים,2.00,ליטר,false,,19.90,9.9500,true,1,32699
7290013268891,false,סנו אוקסיג'ן 3 ליטר,,,סנו אוקסיג'ן 3 ליטר,ליטרים,3.00,ליטר,false,,32.90,10.9667,true,1,32700
7290013268907,false,מקסימה ג'ל כביסה ביו,,,מקסימה ג'ל כביסה ביו,ליטרים,3.00,ליטר,false,,35.90,11.9667,true,1,32701
7290013268938,false,סנובון שלישיה מאסק 3,,,סנובון שלישיה מאסק 3,,195.00,100 גרם,false,,12.90,0.0662,true,1,32703
7290013268990,false,סנו מקסימה מרכך מרוכ,,,סנו מקסימה מרכך מרוכ,יחידה,0.00,יחידה,false,,18.90,0.0000,true,1,32704
7290013269003,false,סנו מקסימה קר בייבי,,,סנו מקסימה קר בייבי,ליטרים,1.00,ליטר,false,,20.90,20.9000,true,1,32705
7290013269263,false,מקסימה גל כביסה קריס,,,מקסימה גל כביסה קריס,ליטרים,3.00,ליטר,false,,35.90,11.9667,true,1,32714
7290013269287,false,מקסימה מאסק גל כביסה,,,מקסימה מאסק גל כביסה,ליטרים,3.00,ליטר,false,,35.90,11.9667,true,1,32715
7290013269348,false,סנו K3 תחנות פיתיון,,,סנו K3 תחנות פיתיון,יחידה,0.00,יחידה,false,,52.90,0.0000,true,1,147754
7290013269621,false,ריצפז פרש הום בניחוח,,,ריצפז פרש הום בניחוח,ליטרים,2.00,ליטר,false,,24.90,12.4500,true,1,136838
7290013269645,false,ריצפז פרש מטליות לחו,,,ריצפז פרש מטליות לחו,יחידה,0.00,יחידה,false,,12.90,0.0000,true,1,32723
7290013269706,false,סנובון ג'ל אסלה ריח,,,סנובון ג'ל אסלה ריח,,55.00,"100 מ""ל",false,,7.90,0.1436,true,1,32728
7290013269850,false,סנו סושי נייר אפיה א,,,סנו סושי נייר אפיה א,יחידה,0.00,יחידה,false,,17.90,0.0000,true,1,32732
7290013284310,false,רוטב לפסטה לילדים פר,,,רוטב לפסטה לילדים פר,,240.00,100 גרם,false,,6.50,0.0271,true,1,19062
7290013284662,false,רוטב פיצה פיתה פריני,,,רוטב פיצה פיתה פריני,,240.00,100 גרם,false,,6.50,0.0271,true,1,19070
7290013358356,false,מאסטר שף פירורי לחם,,,מאסטר שף פירורי לחם,,350.00,100 גרם,false,,9.90,0.0283,true,1,23688
7290013358363,false,מאסטר שף פירורי לחם,,,מאסטר שף פירורי לחם,,300.00,100 גרם,false,,10.90,0.0363,true,1,23689
7290013358486,false,מאסטר שף פירורים מו,,,מאסטר שף פירורים מו,,300.00,100 גרם,false,,9.90,0.0330,true,1,121863
7290013358530,false,מאסטר שף רוטב צ'ילי,,,מאסטר שף רוטב צ'ילי,,700.00,"100 מ""ל",false,,13.90,0.0199,true,1,23703
7290013382399,false,בלנדר מקל.,,,בלנדר מקל.,יחידה,0.00,יחידה,false,,59.90,0.0000,true,1,254494
7290013382863,false,מצנם 2 פרוסות,,,מצנם 2 פרוסות,יחידה,0.00,יחידה,false,,69.90,0.0000,true,1,254479
7290013389077,false,6 טורטיות חיטה תומר,,,6 טורטיות חיטה תומר,,425.00,100 גרם,false,,8.90,0.0209,true,1,122077
7290013389145,false,"מיני ניוקי תפו""א לה",,,"מיני ניוקי תפו""א לה",,500.00,100 גרם,false,,7.90,0.0158,true,1,122082
7290013389381,false,"קמח תירס תומר 1 ק""ג",,,"קמח תירס תומר 1 ק""ג",קילוגרמים,1.00,"ק""ג",false,,11.90,11.9000,true,1,26663
7290013412966,false,תולי מגבונים לחים 4*,,,תולי מגבונים לחים 4*,יחידה,0.00,יחידה,false,,11.90,0.0000,true,1,31712
7290013430083,false,אלכסנדר בלונד בירה 3,,,אלכסנדר בלונד בירה 3,,330.00,"100 מ""ל",false,,13.20,0.0400,true,1,121054
7290013472199,false,וילי פוד ערמונים 100,,,וילי פוד ערמונים 100,,100.00,100 גרם,false,,6.90,0.0690,true,1,77445
7290013531117,false,רוטב לפסטה לילדים יכ,,,רוטב לפסטה לילדים יכ,,260.00,100 גרם,false,,6.50,0.0250,true,1,10257
7290013531759,false,שעועית אפויה במים יכ,,,שעועית אפויה במים יכ,,550.00,100 גרם,false,,10.90,0.0198,true,1,10274
7290013585233,false,פחית סליק 330 מל ZER,,,פחית סליק 330 מל ZER,,330.00,"100 מ""ל",false,,5.50,0.0167,true,1,8655
7290013585387,false,קולה זירו 1 ליטר,,,קולה זירו 1 ליטר,ליטרים,1.00,ליטר,false,,7.90,7.9000,true,1,8666
7290013585394,false,קוקה קולה 1 ליטר,,,קוקה קולה 1 ליטר,ליטרים,1.00,ליטר,false,,7.90,7.9000,true,1,8667
7290013608260,false,פרימור מיץ רימונים ס,,,פרימור מיץ רימונים ס,יחידה,0.00,יחידה,false,,27.70,0.0000,true,1,25046
7290013702036,false,שוופס אפרסק ווטר 0.5,,,שוופס אפרסק ווטר 0.5,,500.00,"100 מ""ל",false,,6.50,0.0130,true,1,116845
7290013702883,false,משקה פינק למונייד שו,,,משקה פינק למונייד שו,,500.00,"100 מ""ל",false,,6.50,0.0130,true,1,116847
7290013713032,false,בירה ג'מס חיטה 330 מ,,,בירה ג'מס חיטה 330 מ,,330.00,"100 מ""ל",false,,13.20,0.0400,true,1,146749
7290013713049,false,ג'מס בקבוקי 8.8 330,,,ג'מס בקבוקי 8.8 330,,330.00,"100 מ""ל",false,,13.20,0.0400,true,1,146750
7290013724953,false,חמוציות בציפוי שוקול,,,חמוציות בציפוי שוקול,,140.00,100 גרם,false,,11.90,0.0850,true,1,6371
7290013724991,false,אגוזי לוז בציפוי שוק,,,אגוזי לוז בציפוי שוק,,140.00,100 גרם,false,,11.90,0.0850,true,1,6375
7290013847867,false,נתחי טונה בהירה בשמן,,,נתחי טונה בהירה בשמן,,140.00,100 גרם,false,,13.90,0.0993,true,1,507754
7290013848345,false,מטליות לחות לחיטוי י,,,מטליות לחות לחיטוי י,יחידה,0.00,יחידה,false,,24.90,0.0000,true,1,141731
7290013848383,false,ג'ל רחצה אנטי בלוק ק,,,ג'ל רחצה אנטי בלוק ק,,700.00,"100 מ""ל",false,,19.90,0.0284,true,1,32742
7290013883407,false,דזיטול מחטא ומשמיד ח,,,דזיטול מחטא ומשמיד ח,,700.00,"100 מ""ל",false,,19.90,0.0284,true,1,12932
7290013906205,false,טירת צבי פסטרמה שום,,,טירת צבי פסטרמה שום,,400.00,100 גרם,false,,30.90,0.0772,true,1,26903
7290013906212,false,טירת צבי נקניקיות וי,,,טירת צבי נקניקיות וי,קילוגרמים,1.00,"ק""ג",false,,28.90,28.9000,true,1,26904
7290013906236,false,טירת צבי סלמי גלבוע,,,טירת צבי סלמי גלבוע,,400.00,100 גרם,false,,24.50,0.0613,true,1,26906
7290013906441,false,טירת צבי קבנוס 120 ג,,,טירת צבי קבנוס 120 ג,,120.00,100 גרם,false,,11.90,0.0992,true,1,26917
7290013906687,false,טירת צבי צמד כפרית ב,,,טירת צבי צמד כפרית ב,,600.00,100 גרם,false,,28.90,0.0482,true,1,26923
7290013906694,false,"נקניקיות עוף 1.5 ק""ג",,,"נקניקיות עוף 1.5 ק""ג",,1.50,"100 ק""ג",false,,37.90,25.2667,true,1,404133
7290014002197,false,תה חליטת קמומיל ולימ,,,תה חליטת קמומיל ולימ,,37.50,100 גרם,false,,19.90,0.5307,true,1,26329
7290014002203,false,תה חליטת לימונית ולו,,,תה חליטת לימונית ולו,,37.50,100 גרם,false,,19.90,0.5307,true,1,26330
7290014002944,false,תה גן קסום חליטת חמא,,,תה גן קסום חליטת חמא,,62.50,100 גרם,false,,19.90,0.3184,true,1,26345
7290014002982,false,תה ירוק לימונית סטיב,,,תה ירוק לימונית סטיב,,37.50,100 גרם,false,,26.90,0.7173,true,1,26346
7290014059085,false,משחה לשיקום והגנה סנ,,,משחה לשיקום והגנה סנ,,75.00,"100 מ""ל",false,,26.90,0.3587,true,1,5581
7290014059436,false,משחת שיניים לשיקום ס,,,משחת שיניים לשיקום ס,,75.00,"100 מ""ל",false,,26.90,0.3587,true,1,5587
7290014083813,false,בריוולס וילניס שפרוט,,,בריוולס וילניס שפרוט,,190.00,100 גרם,false,,10.90,0.0574,true,1,4746
7290014094352,false,ששון הקולה אגוז מלך,,,ששון הקולה אגוז מלך,,200.00,100 גרם,false,,16.90,0.0845,true,1,6395
7290014094376,false,שזיף ללא גלעין בקופס,,,שזיף ללא גלעין בקופס,,330.00,100 גרם,false,,24.90,0.0755,true,1,6397
7290014094383,false,שקדיה משמש מיובש 330,,,שקדיה משמש מיובש 330,,330.00,100 גרם,false,,24.90,0.0755,true,1,6398
7290014094390,false,חמוציות מסוכרות בקופ,,,חמוציות מסוכרות בקופ,,330.00,100 גרם,false,,15.90,0.0482,true,1,6399
7290014094505,false,אהרוני אורז בסמטי 1,,,אהרוני אורז בסמטי 1,קילוגרמים,1.00,"ק""ג",false,,11.80,11.8000,true,1,6408
7290014094635,false,אגוז ברזיל טבעי 250ג,,,אגוז ברזיל טבעי 250ג,,250.00,100 גרם,false,,39.90,0.1596,true,1,6418
7290014094864,false,פיסטוק קלוי 170 גרם,,,פיסטוק קלוי 170 גרם,,170.00,100 גרם,false,,17.90,0.1053,true,1,6427
7290014095861,false,שיבולת שועל דקה קווא,,,שיבולת שועל דקה קווא,,500.00,100 גרם,false,,6.90,0.0138,true,1,6435
7290014095960,false,שיבולת שועל עבה קווא,,,שיבולת שועל עבה קווא,,500.00,100 גרם,false,,6.90,0.0138,true,1,6438
7290014217157,false,תבלין תערובת תיבול ט,,,תבלין תערובת תיבול ט,,120.00,100 גרם,false,,9.80,0.0817,true,1,49263
7290014217164,false,תבלין פטרויליה טעם ו,,,תבלין פטרויליה טעם ו,,20.00,100 גרם,false,,11.90,0.5950,true,1,49264
7290014217348,false,תבליני טעם וריח צילי,,,תבליני טעם וריח צילי,,70.00,100 גרם,false,,11.90,0.1700,true,1,49271
7290014217362,false,תערובת תיבול קציצות,,,תערובת תיבול קציצות,,100.00,100 גרם,false,,9.80,0.0980,true,1,49273
7290014218932,false,חטיפי פיצה בתוספת זי,,,חטיפי פיצה בתוספת זי,,710.00,100 גרם,false,,36.90,0.0520,true,1,144248
7290014258730,false,מטרנה צמחי מגיל שנה,,,מטרנה צמחי מגיל שנה,,700.00,100 גרם,false,,70.90,0.1013,true,1,21583
7290014325012,false,זרעי ציה 200 גרם,,,זרעי ציה 200 גרם,,200.00,100 גרם,false,,10.90,0.0545,true,1,16673
7290014325531,false,חמאת בוטנים 500 גרם,,,חמאת בוטנים 500 גרם,,500.00,100 גרם,false,,13.90,0.0278,true,1,16693
7290014397279,false,סנו סושי שקיות מזון,,,סנו סושי שקיות מזון,יחידה,0.00,יחידה,false,,14.90,0.0000,true,1,32783
7290014397286,false,סנו מקסימה קר מרכך מ,,,סנו מקסימה קר מרכך מ,ליטרים,1.00,ליטר,false,,18.90,18.9000,true,1,32784
7290014397453,false,סנו אוקסיג'ן לכביסה,,,סנו אוקסיג'ן לכביסה,ליטרים,3.00,ליטר,false,,32.90,10.9667,true,1,32788
7290014397514,false,סנו פרש הום כותנה מל,,,סנו פרש הום כותנה מל,,350.00,"100 מ""ל",false,,12.90,0.0369,true,1,32791
7290014397767,false,ריצפז פרש הום כותנה,,,ריצפז פרש הום כותנה,ליטרים,2.00,ליטר,false,,24.90,12.4500,true,1,32810
7290014435704,false,סלמון מעושן סלטי שמי,,,סלמון מעושן סלטי שמי,,100.00,100 גרם,false,,28.90,0.2890,true,1,20165
7290014435834,false,מקרל מעושן פרוס בשמן,,,מקרל מעושן פרוס בשמן,,180.00,100 גרם,false,,29.90,0.1661,true,1,20170
7290014455252,false,גד גרנה פדנו מגורד כ,,,גד גרנה פדנו מגורד כ,,100.00,100 גרם,false,,12.50,0.1250,true,1,16261
7290014455320,false,גד כדור מוצרלה פרסקה,,,גד כדור מוצרלה פרסקה,,100.00,100 גרם,false,,10.50,0.1050,true,1,16264
7290014455467,false,גד מעדן שיבולת שועל,,,גד מעדן שיבולת שועל,,150.00,"100 מ""ל",false,,6.50,0.0433,true,1,16269
7290014459137,false,תפוגן סטייק ציפס 1.5,,,תפוגן סטייק ציפס 1.5,קילוגרמים,1.50,"ק""ג",false,,28.90,19.2667,true,1,22351
7290014459373,false,תפוגן ציפס קראנצי 1.,,,תפוגן ציפס קראנצי 1.,קילוגרמים,1.50,"ק""ג",false,,28.90,19.2667,true,1,22355
7290014459472,false,תפוגן צ`יפס קלאסי 2,,,תפוגן צ`יפס קלאסי 2,קילוגרמים,2.00,"ק""ג",false,,30.90,15.4500,true,1,61718
7290014459632,false,"טוגן 1.5 ק""ג",,,"טוגן 1.5 ק""ג",קילוגרמים,1.50,"ק""ג",false,,19.90,13.2667,true,1,139238
7290014471429,false,מוזלי פירות עם פירות,,,מוזלי פירות עם פירות,קילוגרמים,1.00,"ק""ג",false,,19.90,19.9000,true,1,120312
7290014471436,false,מוזלי צימוקים תפוח ק,,,מוזלי צימוקים תפוח ק,קילוגרמים,1.00,"ק""ג",false,,19.90,19.9000,true,1,120313
7290014471443,false,גרנולה צימוקים אגוזי,,,גרנולה צימוקים אגוזי,קילוגרמים,1.00,"ק""ג",false,,19.90,19.9000,true,1,120314
7290014472136,false,גרעין שחור קלוי 150,,,גרעין שחור קלוי 150,,150.00,100 גרם,false,,4.90,0.0327,true,1,6451
7290014472235,false,פקאן סיני מסוכר בקופ,,,פקאן סיני מסוכר בקופ,,200.00,100 גרם,false,,26.90,0.1345,true,1,6454
7290014472471,false,גרעין שחור ענק 200 ג,,,גרעין שחור ענק 200 ג,,200.00,100 גרם,false,,7.90,0.0395,true,1,6461
7290014472495,false,קשיו קלוי ענק פרימיו,,,קשיו קלוי ענק פרימיו,,250.00,100 גרם,false,,21.90,0.0876,true,1,6463
7290014472501,false,פיסטוק קלוי ענק 250,,,פיסטוק קלוי ענק 250,,250.00,100 גרם,false,,25.90,0.1036,true,1,6464
7290014636378,false,סט מצעים זוגי סטאן ר,,,סט מצעים זוגי סטאן ר,יחידה,0.00,יחידה,false,,99.90,0.0000,true,1,17040
7290014636675,false,מגבת גוף מנהטן 70*13,,,מגבת גוף מנהטן 70*13,יחידה,0.00,יחידה,false,,34.90,0.0000,true,1,126650
7290014636682,false,מגבת פנים,,,מגבת פנים,יחידה,0.00,יחידה,false,,19.90,0.0000,true,1,128014
7290014636903,false,כרבולית מינק 130/170,,,כרבולית מינק 130/170,יחידה,0.00,יחידה,false,,49.90,0.0000,true,1,498908
7290014673403,false,מימון פלפל שחור טחון,,,מימון פלפל שחור טחון,,250.00,100 גרם,false,,33.90,0.1356,true,1,282
7290014692299,false,גבינת ברי 125 גרם EU,,,גבינת ברי 125 גרם EU,,125.00,100 גרם,false,,19.90,0.1592,true,1,4750
7290014692305,false,גבינת קממבר 125 גרם,,,גבינת קממבר 125 גרם,,125.00,100 גרם,false,,19.90,0.1592,true,1,4751
7290014731264,false,כוסות לשתיה קרה חד פ,,,כוסות לשתיה קרה חד פ,,100.00,יח',false,,7.90,0.0790,true,1,30264
7290014748651,false,דג טוב פילה אמנון מצ,,,דג טוב פילה אמנון מצ,,360.00,100 גרם,false,,37.90,0.1053,true,1,136288
7290014749245,false,רצועות שניצל שומשום,,,רצועות שניצל שומשום,,600.00,100 גרם,false,,40.90,0.0682,true,1,232859
7290014749764,false,שניצל עוף ביתי כזה ע,,,שניצל עוף ביתי כזה ע,,700.00,100 גרם,false,,45.90,0.0656,true,1,232824
7290014749788,false,רצועות שניצל ציפס צ',,,רצועות שניצל ציפס צ',,600.00,100 גרם,false,,40.90,0.0682,true,1,232861
7290014758100,false,יוגורט תנובה 3% 8*15,,,יוגורט תנובה 3% 8*15,קילוגרמים,1.20,"ק""ג",false,,17.50,14.5833,true,1,27874
7290014758117,false,יוגורט תנובה 1.5% 8*,,,יוגורט תנובה 1.5% 8*,קילוגרמים,1.20,"ק""ג",false,,17.50,14.5833,true,1,27875
7290014758162,false,חלב תנובה עיזים מלא,,,חלב תנובה עיזים מלא,ליטרים,1.00,ליטר,false,,15.90,15.9000,true,1,27877
7290014758681,false,קוטג תנובה 1% 250ג,,,קוטג תנובה 1% 250ג,,250.00,100 גרם,false,,5.70,0.0228,true,1,27896
7290014759084,false,נפוליאון 16% 225גר,,,נפוליאון 16% 225גר,,225.00,100 גרם,false,,15.50,0.0689,true,1,27899
7290014759978,false,גבינות תנובה קצקבל פ,,,גבינות תנובה קצקבל פ,,200.00,100 גרם,false,,29.50,0.1475,true,1,27916
7290014759992,false,גבינות תנובה רוקפור,,,גבינות תנובה רוקפור,,140.00,100 גרם,false,,20.00,0.1429,true,1,27918
7290014760141,false,תנובה משקה שקדים טרי,,,תנובה משקה שקדים טרי,יחידה,0.00,יחידה,false,,14.90,0.0000,true,1,27920
7290014760448,false,גלבוע 22% 400 גרם,,,גלבוע 22% 400 גרם,,400.00,100 גרם,false,,24.00,0.0600,true,1,27927
7290014760912,false,גוש חלב 28% מהדרין 4,,,גוש חלב 28% מהדרין 4,,400.00,100 גרם,false,,26.10,0.0653,true,1,27941
7290014761056,false,יולו שוקולד חלב מעול,,,יולו שוקולד חלב מעול,,122.00,100 גרם,false,,5.50,0.0451,true,1,27945
7290014761063,false,יולו שוקולד מריר מעו,,,יולו שוקולד מריר מעו,,122.00,100 גרם,false,,5.50,0.0451,true,1,27946
7290014761193,false,פרילי פירות יער 1.5%,,,פרילי פירות יער 1.5%,,125.00,100 גרם,false,,3.90,0.0312,true,1,27950
7290014761414,false,יולו מעדן שכבות שוקו,,,יולו מעדן שכבות שוקו,,122.00,100 גרם,false,,5.50,0.0451,true,1,27964
7290014761612,false,יולו שכבות שוקולד מר,,,יולו שכבות שוקולד מר,,122.00,100 גרם,false,,5.50,0.0451,true,1,27971
7290014762756,false,נפוליאון 16% עם בצל,,,נפוליאון 16% עם בצל,,225.00,100 גרם,false,,15.50,0.0689,true,1,28019
7290014762800,false,גביע מעדן סויה בטעם,,,גביע מעדן סויה בטעם,,125.00,100 גרם,false,,4.90,0.0392,true,1,94622
7290014762909,false,פתיתי מוצרלה 200 גר`,,,פתיתי מוצרלה 200 גר`,,200.00,100 גרם,false,,17.90,0.0895,true,1,28027
7290014763272,false,משקה סויה ביו עם תות,,,משקה סויה ביו עם תות,,250.00,"100 מ""ל",false,,6.90,0.0276,true,1,28040
7290014789913,false,עוגיות אוראו מארז 3,,,עוגיות אוראו מארז 3,,528.00,100 גרם,false,,23.90,0.0453,true,1,6900
7290014791091,false,משקה למונייד שוופס 5,,,משקה למונייד שוופס 5,,500.00,"100 מ""ל",false,,6.50,0.0130,true,1,116848
7290014855434,false,בייביסיטר פרפורמנס מ,,,בייביסיטר פרפורמנס מ,יחידה,0.00,יחידה,false,,17.90,0.0000,true,1,31726
7290014855458,false,מגבוני בייבי פרפורמנ,,,מגבוני בייבי פרפורמנ,יחידה,0.00,יחידה,false,,17.90,0.0000,true,1,31727
7290014905689,false,הפי לכלים ירוק תפוח,,,הפי לכלים ירוק תפוח,,750.00,"100 מ""ל",false,,9.90,0.0132,true,1,12959
7290014905696,false,הפי לכלים צהוב לימון,,,הפי לכלים צהוב לימון,,750.00,"100 מ""ל",false,,9.90,0.0132,true,1,12960
7290014905733,false,הפי מרסס לניקוי חלונ,,,הפי מרסס לניקוי חלונ,,750.00,"100 מ""ל",false,,9.90,0.0132,true,1,12962
7290014940901,false,לחם פשוט מלא אנגל 75,,,לחם פשוט מלא אנגל 75,,750.00,100 גרם,false,,15.90,0.0212,true,1,72075
7290015009300,false,עלי טורטייה עם קמח ת,,,עלי טורטייה עם קמח ת,,360.00,100 גרם,false,,16.90,0.0469,true,1,440307
7290015009393,false,זיתים שחורים מגולעני,,,זיתים שחורים מגולעני,,430.00,100 גרם,false,,20.90,0.0486,true,1,435273
7290015009409,false,זיתים שחורים זן טאטו,,,זיתים שחורים זן טאטו,,250.00,100 גרם,false,,20.90,0.0836,true,1,298850
7290015009478,false,שעועית אדומה במי מלח,,,שעועית אדומה במי מלח,,240.00,100 גרם,false,,12.90,0.0538,true,1,435794
7290015014182,false,לבבות חסה,,,לבבות חסה,,1.00,יח',false,,9.90,9.9000,true,1,97074
7290015014458,false,מרווה (בוסתן),,,מרווה (בוסתן),,1.00,יח',false,,6.90,6.9000,true,1,96168
7290015014465,false,רוזמרין (בוסתן),,,רוזמרין (בוסתן),,1.00,יח',false,,6.90,6.9000,true,1,96169
7290015014472,false,קורנית(בוסתן),,,קורנית(בוסתן),,1.00,יח',false,,4.90,4.9000,true,1,96277
7290015039253,false,עלי גפן במי במלח ויל,,,עלי גפן במי במלח ויל,,620.00,100 גרם,false,,11.60,0.0187,true,1,4781
7290015129251,false,סקיני - פסטה פטוצ'ינ,,,סקיני - פסטה פטוצ'ינ,,270.00,100 גרם,false,,11.90,0.0441,true,1,277440
7290015150088,false,מחית עגבניות בלה איט,,,מחית עגבניות בלה איט,,700.00,100 גרם,false,,12.90,0.0184,true,1,26368
7290015150118,false,עגבניות חתוכות דק בל,,,עגבניות חתוכות דק בל,,400.00,100 גרם,false,,19.90,0.0497,true,1,26371
7290015150200,false,עגבניות חתוכות דק ו,,,עגבניות חתוכות דק ו,,400.00,100 גרם,false,,6.90,0.0173,true,1,26372
7290015155823,false,פאוץ' פרינוק מחית תפ,,,פאוץ' פרינוק מחית תפ,,120.00,100 גרם,false,,6.50,0.0542,true,1,109250
7290015155847,false,פאוץ' פרינוק מחית סל,,,פאוץ' פרינוק מחית סל,,120.00,100 גרם,false,,6.50,0.0542,true,1,109252
7290015156769,false,פאוץ' פרינוק תפוח וא,,,פאוץ' פרינוק תפוח וא,,120.00,100 גרם,false,,6.50,0.0542,true,1,134049
7290015156790,false,פאוץ' פרינוק לפתן פי,,,פאוץ' פרינוק לפתן פי,,120.00,100 גרם,false,,6.50,0.0542,true,1,126487
7290015156813,false,פאוץ' פרינוק פירות מ,,,פאוץ' פרינוק פירות מ,,120.00,100 גרם,false,,6.50,0.0542,true,1,126488
7290015193566,false,אובלטים שומשום 300 ג,,,אובלטים שומשום 300 ג,,300.00,100 גרם,false,,10.90,0.0363,true,1,75060
7290015193634,false,אובלטים קימל 300 גרם,,,אובלטים קימל 300 גרם,,300.00,100 גרם,false,,10.90,0.0363,true,1,108367
7290015251174,false,נובו סבון ידיים ירוק,,,נובו סבון ידיים ירוק,ליטרים,1.50,ליטר,false,,12.90,8.6000,true,1,41355
7290015251204,false,סבון ידיים ורוד נובו,,,סבון ידיים ורוד נובו,ליטרים,1.50,ליטר,false,,12.90,8.6000,true,1,41358
7290015253321,false,"פחם 2 ק""ג ירוק פרימי",,,"פחם 2 ק""ג ירוק פרימי",קילוגרמים,2.00,"ק""ג",false,,14.90,7.4500,true,1,262800
7290015282000,false,איקרה אדומה סלטי שמי,,,איקרה אדומה סלטי שמי,,200.00,100 גרם,false,,15.90,0.0795,true,1,20176
7290015282024,false,איקרה לבנה סלטי שמיר,,,איקרה לבנה סלטי שמיר,,200.00,100 גרם,false,,15.90,0.0795,true,1,20178
7290015282598,false,חומוס מסעדות,,,חומוס מסעדות,,200.00,100 גרם,false,,11.90,0.0595,true,1,82037
7290015282604,false,טחינה מיוחדת,,,טחינה מיוחדת,,200.00,100 גרם,false,,11.90,0.0595,true,1,82038
7290015282628,false,חציל בטעם כבד סלטי ש,,,חציל בטעם כבד סלטי ש,,200.00,100 גרם,false,,13.90,0.0695,true,1,82039
7290015282642,false,חומוס אבו גוש,,,חומוס אבו גוש,,200.00,100 גרם,false,,11.90,0.0595,true,1,82041
7290015282673,false,חציל במיונז ביתי,,,חציל במיונז ביתי,,200.00,100 גרם,false,,11.90,0.0595,true,1,82042
7290015282697,false,סלט כרוב אדום 200ג ש,,,סלט כרוב אדום 200ג ש,,200.00,100 גרם,false,,13.90,0.0695,true,1,82044
7290015282710,false,קוביות סלק סלטי שמיר,,,קוביות סלק סלטי שמיר,,200.00,100 גרם,false,,11.90,0.0595,true,1,82045
7290015282727,false,גזר מרוקאי ברוטב פיק,,,גזר מרוקאי ברוטב פיק,,200.00,100 גרם,false,,13.90,0.0695,true,1,82046
7290015282734,false,מטבוחה ביתית.,,,מטבוחה ביתית.,,200.00,100 גרם,false,,13.90,0.0695,true,1,82047
7290015282741,false,חציל תילאנדי סלטי שמ,,,חציל תילאנדי סלטי שמ,,200.00,100 גרם,false,,13.90,0.0695,true,1,82048
7290015282796,false,סלט תפוח אדמה 200 ג,,,סלט תפוח אדמה 200 ג,,200.00,100 גרם,false,,13.90,0.0695,true,1,82052
7290015324007,false,טעם וריח פלפל שחור ג,,,טעם וריח פלפל שחור ג,,80.00,100 גרם,false,,12.90,0.1613,true,1,49276
7290015324014,false,טעם וריח פלפל שחור ט,,,טעם וריח פלפל שחור ט,,80.00,100 גרם,false,,12.90,0.1613,true,1,49277
7290015324038,false,טעם וריח פפריקה בשמן,,,טעם וריח פפריקה בשמן,,80.00,100 גרם,false,,6.50,0.0813,true,1,49278
7290015324045,false,תבלין פפריקה חריפה ב,,,תבלין פפריקה חריפה ב,,80.00,100 גרם,false,,6.50,0.0813,true,1,49279
7290015324052,false,טעם וריח פפריקה מתוק,,,טעם וריח פפריקה מתוק,,80.00,100 גרם,false,,6.50,0.0813,true,1,49280
7290015324069,false,טעם וריח גריל עוף שק,,,טעם וריח גריל עוף שק,,80.00,100 גרם,false,,6.50,0.0813,true,1,49281
7290015324076,false,טעם וריח זעתר שקית 8,,,טעם וריח זעתר שקית 8,,80.00,100 גרם,false,,6.90,0.0863,true,1,49282
7290015324083,false,טעם וריח מלח לימון ש,,,טעם וריח מלח לימון ש,,80.00,100 גרם,false,,6.50,0.0813,true,1,49283
7290015324090,false,טעם וריח כמון שקית 8,,,טעם וריח כמון שקית 8,,80.00,100 גרם,false,,8.90,0.1113,true,1,49284
7290015324106,false,טעם וריח כורכום שקית,,,טעם וריח כורכום שקית,,80.00,100 גרם,false,,8.90,0.1113,true,1,49285
7290015324120,false,טעם וריח שום גבישי ב,,,טעם וריח שום גבישי ב,,80.00,100 גרם,false,,9.90,0.1238,true,1,49287
7290015324151,false,תבלין חוויאג למרק ב,,,תבלין חוויאג למרק ב,,80.00,100 גרם,false,,6.90,0.0863,true,1,49288
7290015324717,false,מחית שום 210 גרם,,,מחית שום 210 גרם,,210.00,100 גרם,false,,14.90,0.0710,true,1,433461
7290015324724,false,מחית צ'ילי חריף 230,,,מחית צ'ילי חריף 230,,230.00,100 גרם,false,,14.90,0.0648,true,1,433477
7290015328531,false,להבונים 50 יח' 3 שעו,,,להבונים 50 יח' 3 שעו,יחידה,0.00,יחידה,false,,10.90,0.0000,true,1,116959
7290015328647,false,נר נשמה בפח 24 שעות,,,נר נשמה בפח 24 שעות,יחידה,0.00,יחידה,false,,1.90,0.0000,true,1,134127
7290015328661,false,נר נשמה 48 שעות ירוש,,,נר נשמה 48 שעות ירוש,יחידה,0.00,יחידה,false,,5.90,0.0000,true,1,135651
7290015328708,false,מנורת לד 15 וולט,,,מנורת לד 15 וולט,יחידה,0.00,יחידה,false,,12.90,0.0000,true,1,128611
7290015328791,false,נרות חנוכה צבעוניים,,,נרות חנוכה צבעוניים,יחידה,0.00,יחידה,false,,4.90,0.0000,true,1,134987
7290015328807,false,נרות חנוכה לוקס לירו,,,נרות חנוכה לוקס לירו,יחידה,0.00,יחידה,false,,7.90,0.0000,true,1,134988
7290015328814,false,צימרוני אוזניים לירו,,,צימרוני אוזניים לירו,יחידה,0.00,יחידה,false,,3.90,0.0000,true,1,138749
7290015328821,false,צימרוני אוזניים לירו,,,צימרוני אוזניים לירו,יחידה,0.00,יחידה,false,,1.50,0.0000,true,1,138750
7290015347259,false,פירורי לחם מוזהבים 4,,,פירורי לחם מוזהבים 4,,400.00,100 גרם,false,,7.90,0.0198,true,1,121170
7290015348089,false,למברוסקו אמיליאנו לב,,,למברוסקו אמיליאנו לב,,750.00,"100 מ""ל",false,,27.20,0.0363,true,1,11142
7290015348096,false,למברוסקו אמיליאנו רו,,,למברוסקו אמיליאנו רו,,750.00,"100 מ""ל",false,,27.20,0.0363,true,1,11143
7290015366670,false,מש.שיניים מנטה אקווה,,,מש.שיניים מנטה אקווה,,100.00,100 גרם,false,,7.90,0.0790,true,1,5650
7290015374323,false,קובה ביתי במילוי בשר,,,קובה ביתי במילוי בשר,,400.00,100 גרם,false,,12.90,0.0323,true,1,10715
7290015572033,false,שרי צהוב,,,שרי צהוב,,1.00,יח',false,,9.90,9.9000,true,1,116921
7290015603201,false,אטריות מחיטה מלאה מז,,,אטריות מחיטה מלאה מז,,454.00,100 גרם,false,,11.90,0.0262,true,1,16018
7290015603522,false,נוזל אגוזי קוקוס 5-7,,,נוזל אגוזי קוקוס 5-7,,400.00,"100 מ""ל",false,,7.90,0.0198,true,1,16022
7290015603560,false,שימורי קרם קוקוס 20-,,,שימורי קרם קוקוס 20-,,400.00,"100 מ""ל",false,,9.90,0.0248,true,1,65405
7290015603638,false,אורז עגול קלרוז לסוש,,,אורז עגול קלרוז לסוש,קילוגרמים,1.00,"ק""ג",false,,12.90,12.9000,true,1,57409
7290015644297,false,6 לחמניות פשוט מלא א,,,6 לחמניות פשוט מלא א,יחידה,0.00,יחידה,false,,11.90,0.0000,true,1,116896
7290015644433,false,לחם מחמצת 100% שיפון,,,לחם מחמצת 100% שיפון,,600.00,100 גרם,false,,18.90,0.0315,true,1,72079
7290015652070,false,קשיו קלוי 150 גרם שש,,,קשיו קלוי 150 גרם שש,,150.00,100 גרם,false,,12.90,0.0860,true,1,6256
7290015652087,false,תערובת פיצוחים 150גר,,,תערובת פיצוחים 150גר,,150.00,100 גרם,false,,11.90,0.0793,true,1,67565
7290015652261,false,בוטנים קלויים ששון ה,,,בוטנים קלויים ששון ה,,300.00,100 גרם,false,,10.00,0.0333,true,1,116817
7290015652278,false,תערובת פיצוחים ששון,,,תערובת פיצוחים ששון,,250.00,100 גרם,false,,20.00,0.0800,true,1,6511
7290015652292,false,קבוקים עם שומשום ששו,,,קבוקים עם שומשום ששו,,400.00,100 גרם,false,,10.00,0.0250,true,1,120329
7290015652308,false,מנצ'ס ששון הקולה 300,,,מנצ'ס ששון הקולה 300,,300.00,100 גרם,false,,10.00,0.0333,true,1,120330
7290015652322,false,בוטנים אמריקאים מצופ,,,בוטנים אמריקאים מצופ,,400.00,100 גרם,false,,10.00,0.0250,true,1,120331
7290015766005,false,שרי וויטני יחידה,,,שרי וויטני יחידה,,500.00,100 גרם,false,,10.90,0.0218,true,1,2986
7290015766029,false,שרי כתום יח',,,שרי כתום יח',,460.00,100 גרם,false,,10.90,0.0237,true,1,197711
7290015781008,false,ויז'ן מרלו,,,ויז'ן מרלו,,750.00,"100 מ""ל",false,,42.90,0.0572,true,1,13258
7290015781282,false,אימפרשן גוורצטרמינר,,,אימפרשן גוורצטרמינר,,750.00,"100 מ""ל",false,,54.90,0.0732,true,1,13272
7290015781299,false,ויז'ן שיראז,,,ויז'ן שיראז,,750.00,"100 מ""ל",false,,42.90,0.0572,true,1,13273
7290015842631,false,"כוס בירה 330 מ""ל 40",,,"כוס בירה 330 מ""ל 40",יחידה,0.00,יחידה,false,,10.90,0.0000,true,1,141586
7290015858229,false,ממרח טפנד זיתי קלמטה,,,ממרח טפנד זיתי קלמטה,,180.00,100 גרם,false,,17.90,0.0994,true,1,143940
7290015865708,false,תענוג פרי אוכמניות ע,,,תענוג פרי אוכמניות ע,,400.00,100 גרם,false,,19.90,0.0497,true,1,384555
7290015865739,false,קונפיטורה לייט אוכמנ,,,קונפיטורה לייט אוכמנ,,400.00,100 גרם,false,,21.90,0.0547,true,1,384586
7290015968072,false,כוס מסדרת המעצבים עם,,,כוס מסדרת המעצבים עם,יחידה,0.00,יחידה,false,,49.90,0.0000,true,1,443896
7290015968393,false,נשכן בננה מברשת שיני,,,נשכן בננה מברשת שיני,יחידה,0.00,יחידה,false,,38.90,0.0000,true,1,442839
7290015968782,false,פדים להסרת איפור במא,,,פדים להסרת איפור במא,יחידה,0.00,יחידה,false,,17.90,0.0000,true,1,109846
7290016006025,false,שוופס סודה 500מל,,,שוופס סודה 500מל,,500.00,"100 מ""ל",false,,3.90,0.0078,true,1,13203
7290016006346,false,שוופס סודה שישייה 0.,,,שוופס סודה שישייה 0.,ליטרים,3.00,ליטר,false,,15.90,5.3000,true,1,13214
7290016087239,false,רוטב עגבניות לשקשוקה,,,רוטב עגבניות לשקשוקה,,240.00,100 גרם,false,,6.50,0.0271,true,1,99123
7290016096491,false,נתחי טונה בשמן צמחי,,,נתחי טונה בשמן צמחי,,240.00,100 גרם,false,,11.90,0.0496,true,1,125880
7290016096675,false,טונה בשמן זית פילטונ,,,טונה בשמן זית פילטונ,,240.00,100 גרם,false,,18.90,0.0787,true,1,130141
7290016096811,false,ממרח טונה פילטונה רב,,,ממרח טונה פילטונה רב,,160.00,100 גרם,false,,21.90,0.1369,true,1,281491
7290016098181,false,ביסקוויט אותיות אלף-,,,ביסקוויט אותיות אלף-,,200.00,100 גרם,false,,4.90,0.0245,true,1,271883
7290016104295,false,ממרח תמרים 450 גרם.,,,ממרח תמרים 450 גרם.,,450.00,100 גרם,false,,6.90,0.0153,true,1,123971
7290016104868,false,סירופ בטעם מייפל 700,,,סירופ בטעם מייפל 700,,700.00,100 גרם,false,,13.90,0.0199,true,1,77168
7290016104875,false,סירופ בטעם שוקולד 70,,,סירופ בטעם שוקולד 70,,700.00,100 גרם,false,,13.90,0.0199,true,1,77169
7290016117417,false,כרית יפנית 6 יח,,,כרית יפנית 6 יח,יחידה,0.00,יחידה,false,,9.90,0.0000,true,1,455012
7290016144048,false,קמח כוסמין לבן נפלאו,,,קמח כוסמין לבן נפלאו,קילוגרמים,1.00,"ק""ג",false,,17.90,17.9000,true,1,141152
7290016197495,false,מטלית קסם לרצפה מארז,,,מטלית קסם לרצפה מארז,יחידה,0.00,יחידה,false,,19.90,0.0000,true,1,10633
7290016197839,false,ניקול השקית החזקה XL,,,ניקול השקית החזקה XL,יחידה,0.00,יחידה,false,,26.90,0.0000,true,1,10639
7290016217735,false,חציל על האש סלטי שמי,,,חציל על האש סלטי שמי,,200.00,100 גרם,false,,11.90,0.0595,true,1,82053
7290016217759,false,חצילים בסגנון מרוקאי,,,חצילים בסגנון מרוקאי,,200.00,100 גרם,false,,13.90,0.0695,true,1,82055
7290016233384,false,גפילטא פיש 7 קציצות,,,גפילטא פיש 7 קציצות,,555.00,100 גרם,false,,16.90,0.0305,true,1,93810
7290016246018,false,בארכה מיקס פינוקיות,,,בארכה מיקס פינוקיות,,200.00,100 גרם,false,,13.90,0.0695,true,1,21592
7290016246025,false,בארכה פנוקיות חלבה ל,,,בארכה פנוקיות חלבה ל,,200.00,100 גרם,false,,13.90,0.0695,true,1,21593
7290016246209,false,בארכה חטיף חלבה וניל,,,בארכה חטיף חלבה וניל,,100.00,100 גרם,false,,3.90,0.0390,true,1,80367
7290016246490,false,בארכה חלבה קלאסית 40,,,בארכה חלבה קלאסית 40,,400.00,100 גרם,false,,10.90,0.0273,true,1,139925
7290016270907,false,ברוקולי,,,ברוקולי,,1.00,יח',false,,9.90,9.9000,true,1,140683
7290016273090,false,סוכרית לוליפופ על מק,,,סוכרית לוליפופ על מק,,31.00,100 גרם,false,,5.50,0.1774,true,1,144096
7290016319187,false,עוגיות סנדוויץ שוקו,,,עוגיות סנדוויץ שוקו,,300.00,100 גרם,false,,16.90,0.0563,true,1,276926
7290016319194,false,עוגיות סנדוויץ שוקו,,,עוגיות סנדוויץ שוקו,,300.00,100 גרם,false,,16.90,0.0563,true,1,276927
7290016321661,false,מגבוני פרש וואנס רבי,,,מגבוני פרש וואנס רבי,יחידה,0.00,יחידה,false,,20.90,0.0000,true,1,146092
7290016334166,false,לוף רגיל ארוז ליח,,,לוף רגיל ארוז ליח,,1.00,יח',false,,8.90,8.9000,true,1,96170
7290016334500,false,לבבות חסה זוגות בשקי,,,לבבות חסה זוגות בשקי,,1.00,יח',false,,9.90,9.9000,true,1,96180
7290016334654,false,תרד ניו-זילנדי,,,תרד ניו-זילנדי,,300.00,100 גרם,false,,12.90,0.0430,true,1,217953
7290016334784,false,ג'ינג'ר ארוז 200 גרם,,,ג'ינג'ר ארוז 200 גרם,,1.00,יח',false,,11.90,11.9000,true,1,62044
7290016334975,false,אספרגוס ארוז,,,אספרגוס ארוז,,1.00,יח',false,,34.90,34.9000,true,1,128179
7290016370300,false,זית קלמטה שלם בצנצנת,,,זית קלמטה שלם בצנצנת,,560.00,100 גרם,false,,16.90,0.0302,true,1,283523
7290016370959,false,חציל קלוי על האש בצנ,,,חציל קלוי על האש בצנ,,580.00,100 גרם,false,,12.90,0.0222,true,1,88288
7290016372342,false,עגבניות חתוכות לקובי,,,עגבניות חתוכות לקובי,,400.00,100 גרם,false,,19.90,0.0497,true,1,99362
7290016372373,false,רסק עגבניות איטליה ב,,,רסק עגבניות איטליה ב,,280.00,100 גרם,false,,8.90,0.0318,true,1,99363
7290016372489,false,סודות הצמחים ג'ינג'ר,,,סודות הצמחים ג'ינג'ר,,30.00,100 גרם,false,,19.90,0.6633,true,1,100062
7290016372496,false,סודות הצמחים ג'ינג'ר,,,סודות הצמחים ג'ינג'ר,,30.00,100 גרם,false,,19.90,0.6633,true,1,100063
7290016440652,false,תערובת פרוסות ירקות,,,תערובת פרוסות ירקות,,500.00,100 גרם,false,,23.90,0.0478,true,1,358802
7290016440904,false,ירקות חמוצים בטעם טב,,,ירקות חמוצים בטעם טב,,300.00,100 גרם,false,,19.90,0.0663,true,1,419863
7290016440911,false,מלפפונים ביתיים כבוש,,,מלפפונים ביתיים כבוש,,500.00,100 גרם,false,,23.90,0.0478,true,1,358787
7290016440959,false,ירקות חמוצים סיני מע,,,ירקות חמוצים סיני מע,,300.00,100 גרם,false,,19.90,0.0663,true,1,419864
7290016510225,false,תחליב רחצה וניל דבש,,,תחליב רחצה וניל דבש,,700.00,"100 מ""ל",false,,10.90,0.0156,true,1,128522
7290016510249,false,תחליב רחצה יוגורט שק,,,תחליב רחצה יוגורט שק,,700.00,"100 מ""ל",false,,10.90,0.0156,true,1,128524
7290016513981,false,קרפלך במילוי תפוח אד,,,קרפלך במילוי תפוח אד,,1.00,יח',false,,19.90,19.9000,true,1,468610
7290016564006,false,מבריקל הפלא,,,מבריקל הפלא,יחידה,0.00,יחידה,false,,10.90,0.0000,true,1,57588
7290016682038,false,"מיץ תפוזים 400 מ""ל פ",,,"מיץ תפוזים 400 מ""ל פ",,400.00,"100 מ""ל",false,,9.50,0.0238,true,1,94928
7290016682052,false,"מיץ לימונענע 400 מ""ל",,,"מיץ לימונענע 400 מ""ל",,400.00,"100 מ""ל",false,,9.50,0.0238,true,1,94929
7290016682168,false,מיץ תפוזים סחוט וולנ,,,מיץ תפוזים סחוט וולנ,,400.00,"100 מ""ל",false,,9.30,0.0233,true,1,319447
7290016682182,false,שייק תמר בננה מופחת,,,שייק תמר בננה מופחת,יחידה,0.00,יחידה,false,,17.90,0.0000,true,1,42551
7290016682199,false,שייק תות בננה מופחת,,,שייק תות בננה מופחת,יחידה,0.00,יחידה,false,,17.90,0.0000,true,1,42552
7290016682243,false,פרי ניב מיץ אשכולית,,,פרי ניב מיץ אשכולית,ליטרים,2.00,ליטר,false,,17.90,8.9500,true,1,137280
7290016682250,false,מיץ תפוז וגזר סחוט 1,,,מיץ תפוז וגזר סחוט 1,ליטרים,1.00,ליטר,false,,17.90,17.9000,true,1,483654
7290016682328,false,פרי ניב מיץ תפוזים ט,,,פרי ניב מיץ תפוזים ט,ליטרים,2.00,ליטר,false,,21.80,10.9000,true,1,370876
7290016682342,false,פרי ניב מיץ 100% טבע,,,פרי ניב מיץ 100% טבע,ליטרים,2.00,ליטר,false,,27.90,13.9500,true,1,370891
7290016682359,false,פרי ניב מיץ 100% טבע,,,פרי ניב מיץ 100% טבע,ליטרים,2.00,ליטר,false,,27.90,13.9500,true,1,370906
7290016682397,false,נקטר חמוציות פריניב,,,נקטר חמוציות פריניב,ליטרים,2.00,ליטר,false,,19.90,9.9500,true,1,370922
7290016682441,false,פריניב מיץ תפוזים סח,,,פריניב מיץ תפוזים סח,ליטרים,1.00,ליטר,false,,16.90,16.9000,true,1,394173
7290016717631,false,יין P.C מוסקטו יין,,,יין P.C מוסקטו יין,,750.00,"100 מ""ל",false,,44.90,0.0599,true,1,124161
7290016717754,false,"ישן נושן 750מ""ל.",,,"ישן נושן 750מ""ל.",,750.00,"100 מ""ל",false,,20.90,0.0279,true,1,118526
7290016866650,false,מש.שיניים אוריגינל פ,,,מש.שיניים אוריגינל פ,,75.00,"100 מ""ל",false,,33.90,0.4520,true,1,127473
7290016866667,false,מש.שיניים פלאוריד פר,,,מש.שיניים פלאוריד פר,,75.00,"100 מ""ל",false,,33.90,0.4520,true,1,127474
7290016867039,false,פיתות קלות כוסמין בת,,,פיתות קלות כוסמין בת,,324.00,100 גרם,false,,16.90,0.0522,true,1,358114
7290016867046,false,פיתות קלות כוסמין במ,,,פיתות קלות כוסמין במ,,303.00,100 גרם,false,,16.90,0.0558,true,1,358115
7290016867091,false,6 פיתות כוסמין מלא ב,,,6 פיתות כוסמין מלא ב,,300.00,100 גרם,false,,17.90,0.0597,true,1,412999
7290016867114,false,לחם כוסמין קל מלא 50,,,לחם כוסמין קל מלא 50,,500.00,100 גרם,false,,19.90,0.0398,true,1,358049
7290016867152,false,פיתות קלות כוסמין 29,,,פיתות קלות כוסמין 29,,292.00,100 גרם,false,,14.90,0.0510,true,1,358117
7290016867176,false,לחמניות ק. כוסמין שו,,,לחמניות ק. כוסמין שו,,300.00,100 גרם,false,,15.90,0.0530,true,1,358099
7290016967074,false,חיטה מלאה אנגל 750 ג,,,חיטה מלאה אנגל 750 ג,,750.00,100 גרם,false,,17.90,0.0239,true,1,71911
7290016998184,false,עלי חסה ערבית שטופה,,,עלי חסה ערבית שטופה,,250.00,100 גרם,false,,10.90,0.0436,true,1,313477
7290016998320,false,לבבות קיסר מארז,,,לבבות קיסר מארז,,1.00,יח',false,,11.90,11.9000,true,1,313490
7290017058573,false,פרוסות פלפל חלפיניו,,,פרוסות פלפל חלפיניו,,340.00,100 גרם,false,,10.90,0.0321,true,1,141773
7290017058689,false,זית שחור טבעי תומר 4,,,זית שחור טבעי תומר 4,,400.00,100 גרם,false,,16.90,0.0422,true,1,193804
7290017062662,false,מרכך כביסה מרוכז טאצ,,,מרכך כביסה מרוכז טאצ,ליטרים,1.00,ליטר,false,,13.90,13.9000,true,1,283198
7290017062686,false,מרכך כביסה מרוכז טאצ,,,מרכך כביסה מרוכז טאצ,ליטרים,1.00,ליטר,false,,13.90,13.9000,true,1,283199
7290017062693,false,מרכך כביסה מרוכז טאצ,,,מרכך כביסה מרוכז טאצ,ליטרים,1.00,ליטר,false,,13.90,13.9000,true,1,283200
7290017062723,false,מרכך כביסה מרוכז טאצ,,,מרכך כביסה מרוכז טאצ,ליטרים,1.00,ליטר,false,,13.90,13.9000,true,1,283201
7290017062730,false,נוזל כלים לבנדר 36%,,,נוזל כלים לבנדר 36%,,750.00,"100 מ""ל",false,,9.90,0.0132,true,1,274444
7290017062747,false,נוזל כלים תפוח 36% 7,,,נוזל כלים תפוח 36% 7,,750.00,"100 מ""ל",false,,9.90,0.0132,true,1,274445
7290017062754,false,נוזל כלים לימון 36%,,,נוזל כלים לימון 36%,,750.00,"100 מ""ל",false,,9.90,0.0132,true,1,275865
7290017062907,false,קצף לכלים בניחוח תפו,,,קצף לכלים בניחוח תפו,,500.00,"100 מ""ל",false,,12.90,0.0258,true,1,406264
7290017062921,false,קצף לכלים בניחוח לימ,,,קצף לכלים בניחוח לימ,,500.00,"100 מ""ל",false,,12.90,0.0258,true,1,406265
7290017065007,false,מוצרלה פרוסה חצי קש,,,מוצרלה פרוסה חצי קש,,200.00,100 גרם,false,,19.90,0.0995,true,1,78493
7290017065137,false,גבינה ריקוטה למריחה,,,גבינה ריקוטה למריחה,,200.00,100 גרם,false,,10.90,0.0545,true,1,110108
7290017065236,false,בולגרית מעודנת 24% 2,,,בולגרית מעודנת 24% 2,,250.00,100 גרם,false,,23.30,0.0932,true,1,124565
7290017065526,false,גד קוואטרו פורמאג'י,,,גד קוואטרו פורמאג'י,,300.00,100 גרם,false,,30.90,0.1030,true,1,144206
7290017065731,false,גבינת שמנת ניו יורק,,,גבינת שמנת ניו יורק,,200.00,100 גרם,false,,13.50,0.0675,true,1,309016
7290017068367,false,מיה שמרים בוואקום 12,,,מיה שמרים בוואקום 12,,125.00,100 גרם,false,,5.90,0.0472,true,1,146302
7290017068381,false,מעדן משמש 370 גר' לל,,,מעדן משמש 370 גר' לל,,370.00,100 גרם,false,,14.90,0.0403,true,1,226962
7290017068978,false,שיבולת שועל מלאה להכ,,,שיבולת שועל מלאה להכ,קילוגרמים,1.00,"ק""ג",false,,11.90,11.9000,true,1,451194
7290017068985,false,שיבולת שועל מלאה עבה,,,שיבולת שועל מלאה עבה,קילוגרמים,1.00,"ק""ג",false,,11.90,11.9000,true,1,451179
7290017088112,false,ביייביסיטר נוחות מיד,,,ביייביסיטר נוחות מיד,,36.00,יח',false,,34.90,0.9694,true,1,125326
7290017088136,false,ביייביסיטר נוחות מיד,,,ביייביסיטר נוחות מיד,,40.00,יח',false,,34.90,0.8725,true,1,125328
7290017088631,false,מגבון Tooly רביעייה,,,מגבון Tooly רביעייה,יחידה,0.00,יחידה,false,,11.90,0.0000,true,1,230107
7290017088815,false,תחבושות Breeze לבריח,,,תחבושות Breeze לבריח,,12.00,יח',false,,19.90,1.6583,true,1,317798
7290017088822,false,תחבושות Breeze לבריח,,,תחבושות Breeze לבריח,,12.00,יח',false,,19.90,1.6583,true,1,318554
7290017088860,false,תחתונים סופגים Breez,,,תחתונים סופגים Breez,,14.00,יח',false,,74.90,5.3500,true,1,317935
7290017088914,false,מגבונים מבושם בייביס,,,מגבונים מבושם בייביס,יחידה,0.00,יחידה,false,,17.90,0.0000,true,1,268161
7290017105062,false,חומוס 6OZ יכין 200 ג,,,חומוס 6OZ יכין 200 ג,,200.00,100 גרם,false,,4.90,0.0245,true,1,106320
7290017105079,false,שעועית אפויה 6OZ יכי,,,שעועית אפויה 6OZ יכי,,200.00,100 גרם,false,,4.90,0.0245,true,1,106321
7290017105116,false,תורמוס 6OZ יכין 200,,,תורמוס 6OZ יכין 200,,200.00,100 גרם,false,,4.90,0.0245,true,1,106325
7290017105123,false,פול מצרי 6OZ יכין 20,,,פול מצרי 6OZ יכין 20,,200.00,100 גרם,false,,4.90,0.0245,true,1,106326
7290017105468,false,אפונה יכין 3*120 גרם,,,אפונה יכין 3*120 גרם,,360.00,100 גרם,false,,14.90,0.0414,true,1,216249
7290017105895,false,גרגרי חומוס מסעדות י,,,גרגרי חומוס מסעדות י,,550.00,100 גרם,false,,10.90,0.0198,true,1,251498
7290017140063,false,קמח עדשים אדומות שי,,,קמח עדשים אדומות שי,,500.00,100 גרם,false,,17.50,0.0350,true,1,392979
7290017142005,false,שמן קוקוס אורגני כתי,,,שמן קוקוס אורגני כתי,,320.00,"100 מ""ל",false,,31.90,0.0997,true,1,85999
7290017142111,false,פתיתי טונה בהירה בשמ,,,פתיתי טונה בהירה בשמ,,85.00,100 גרם,false,,10.90,0.1282,true,1,126069
7290017142128,false,שמן זית כתית מעולה ק,,,שמן זית כתית מעולה ק,,750.00,"100 מ""ל",false,,37.90,0.0505,true,1,111929
7290017142159,false,נתחי טונה בהירה בשמן,,,נתחי טונה בהירה בשמן,,240.00,100 גרם,false,,24.90,0.1037,true,1,126070
7290017142180,false,פילה טונה פרוס זית ל,,,פילה טונה פרוס זית ל,,120.00,100 גרם,false,,15.90,0.1325,true,1,142971
7290017142340,false,שמן זרעי ענבים מזוכך,,,שמן זרעי ענבים מזוכך,ליטרים,1.00,ליטר,false,,32.90,32.9000,true,1,201762
7290017142364,false,שמן דלעת לא מזוכך עץ,,,שמן דלעת לא מזוכך עץ,,250.00,"100 מ""ל",false,,39.90,0.1596,true,1,201752
7290017142388,false,שמן חמניות פלוס אומג,,,שמן חמניות פלוס אומג,ליטרים,1.00,ליטר,false,,17.90,17.9000,true,1,156446
7290017142395,false,פסטה עם טונה בשמן זי,,,פסטה עם טונה בשמן זי,,160.00,100 גרם,false,,14.90,0.0931,true,1,201753
7290017142418,false,אורז עדשים עם טונה ב,,,אורז עדשים עם טונה ב,,160.00,100 גרם,false,,14.90,0.0931,true,1,201754
7290017217413,false,סבון אסלה מבושם בניח,,,סבון אסלה מבושם בניח,יחידה,0.00,יחידה,false,,12.90,0.0000,true,1,457379
7290017217420,false,סבון אסלה מבושם בניח,,,סבון אסלה מבושם בניח,יחידה,0.00,יחידה,false,,12.90,0.0000,true,1,457380
7290017217437,false,סבון אסלה מבושם בניח,,,סבון אסלה מבושם בניח,יחידה,0.00,יחידה,false,,12.90,0.0000,true,1,457381
7290017239774,false,מקלות סורימי ארוז 35,,,מקלות סורימי ארוז 35,,250.00,100 גרם,false,,29.90,0.1196,true,1,405857
7290017304885,false,לחם שיפון וחיטה מלאה,,,לחם שיפון וחיטה מלאה,,750.00,100 גרם,false,,17.90,0.0239,true,1,155033
7290017457703,false,מרכך כביסה מרוכז סוד,,,מרכך כביסה מרוכז סוד,,900.00,"100 מ""ל",false,,9.90,0.0110,true,1,142954
7290017457734,false,מרכך כביסה מרוכז סוד,,,מרכך כביסה מרוכז סוד,,900.00,"100 מ""ל",false,,9.90,0.0110,true,1,142957
7290017457932,false,מרכך כביסה מרוכז סוד,,,מרכך כביסה מרוכז סוד,,900.00,"100 מ""ל",false,,9.90,0.0110,true,1,274734
7290017477169,false,קשיו קלוי ששון הקולה,,,קשיו קלוי ששון הקולה,,250.00,100 גרם,false,,20.00,0.0800,true,1,126424
7290017589565,false,"קלאסיק גוורץ 750 מ""ל",,,"קלאסיק גוורץ 750 מ""ל",,750.00,"100 מ""ל",false,,35.50,0.0473,true,1,140826
7290017589633,false,יין רזרב קברנה גולד,,,יין רזרב קברנה גולד,,750.00,"100 מ""ל",false,,49.90,0.0665,true,1,140827
7290017599267,false,סוכרזית סוכרלוז ממתי,,,סוכרזית סוכרלוז ממתי,,120.00,100 גרם,false,,26.90,0.2242,true,1,480713
7290017599274,false,סוכרזית סטיוויה ממת,,,סוכרזית סטיוויה ממת,,120.00,100 גרם,false,,26.90,0.2242,true,1,478777
7290017637624,false,שמפו לשיער רגיל 500,,,שמפו לשיער רגיל 500,,500.00,"100 מ""ל",false,,25.90,0.0518,true,1,438070
7290017677804,false,קיקומן רוטב סויה ללא,,,קיקומן רוטב סויה ללא,,444.00,"100 מ""ל",false,,21.90,0.0493,true,1,145492
7290017715407,false,זית שחור עם פלפל חרי,,,זית שחור עם פלפל חרי,,400.00,100 גרם,false,,16.90,0.0422,true,1,193806
7290017715506,false,חומץ תומר 1 ליטר,,,חומץ תומר 1 ליטר,ליטרים,1.00,ליטר,false,,5.90,5.9000,true,1,232778
7290017715735,false,זית סורי מבוקע תומר,,,זית סורי מבוקע תומר,,560.00,100 גרם,false,,11.90,0.0213,true,1,232760
7290017812069,false,אקסלנס ריזלינג שרדונ,,,אקסלנס ריזלינג שרדונ,,750.00,"100 מ""ל",false,,30.90,0.0412,true,1,138001
7290017812380,false,תירוש מיץ ענבים אדום,,,תירוש מיץ ענבים אדום,,750.00,"100 מ""ל",false,,12.90,0.0172,true,1,163346
7290017812571,false,תירוש מיץ ענבים אדום,,,תירוש מיץ ענבים אדום,ליטרים,1.00,ליטר,false,,22.90,22.9000,true,1,219389
7290017812847,false,סלקטד פרנץ קולומברד,,,סלקטד פרנץ קולומברד,,750.00,"100 מ""ל",false,,32.90,0.0439,true,1,286819
7290017812861,false,יין וינו לבן יבש יקב,,,יין וינו לבן יבש יקב,,750.00,"100 מ""ל",false,,23.90,0.0319,true,1,339562
7290017871431,false,טוסו חטיף תמרים אגוז,,,טוסו חטיף תמרים אגוז,,0.00,גרם,false,,17.90,0.0000,true,1,187716
7290017872001,false,משחת החתלה פרשוואנס,,,משחת החתלה פרשוואנס,,100.00,"100 מ""ל",false,,13.90,0.1390,true,1,238227
7290017873039,false,גלילונית שקיות אוכל,,,גלילונית שקיות אוכל,יחידה,0.00,יחידה,false,,13.00,0.0000,true,1,377663
7290017888026,false,פרוט & וג' אננס תפוח,,,פרוט & וג' אננס תפוח,,330.00,"100 מ""ל",false,,8.90,0.0270,true,1,143068
7290017888644,false,פרוט & וג' אננס בננה,,,פרוט & וג' אננס בננה,,330.00,100 גרם,false,,8.90,0.0270,true,1,226792
7290017894126,false,דגש פוזלי טריקולור ל,,,דגש פוזלי טריקולור ל,,400.00,100 גרם,false,,10.90,0.0273,true,1,277424
7290017928098,false,בייגלה שטוח מלח מאיר,,,בייגלה שטוח מלח מאיר,,330.00,100 גרם,false,,12.90,0.0391,true,1,360338
7290017928463,false,שברי בייגלה דבש חרדל,,,שברי בייגלה דבש חרדל,,300.00,100 גרם,false,,13.90,0.0463,true,1,292715
7290017928616,false,שטוחלה שומשום מאיר ב,,,שטוחלה שומשום מאיר ב,,300.00,100 גרם,false,,12.90,0.0430,true,1,214292
7290017928807,false,אצבעות שומשום מאיר ב,,,אצבעות שומשום מאיר ב,,300.00,100 גרם,false,,12.90,0.0430,true,1,214295
7290017932088,false,גאלה תחתית אפויה לפא,,,גאלה תחתית אפויה לפא,,170.00,100 גרם,false,,13.90,0.0818,true,1,319030
7290017941219,false,כפות 40 יח' עבה במיו,,,כפות 40 יח' עבה במיו,יחידה,0.00,יחידה,false,,8.90,0.0000,true,1,298589
7290017941288,false,נר נשמה 24 שעות,,,נר נשמה 24 שעות,יחידה,0.00,יחידה,false,,2.50,0.0000,true,1,334562
7290017941301,false,נר נשמה 48 שעות בזכו,,,נר נשמה 48 שעות בזכו,יחידה,0.00,יחידה,false,,5.90,0.0000,true,1,334563
7290017941370,false,להבונים 50 יח' 3 שעו,,,להבונים 50 יח' 3 שעו,יחידה,0.00,יחידה,false,,10.90,0.0000,true,1,334566
7290017941394,false,נייר סנדוויץ 100 יח',,,נייר סנדוויץ 100 יח',יחידה,0.00,יחידה,false,,10.90,0.0000,true,1,309585
7290017941462,false,כוסות שתיה חמה 8B י,,,כוסות שתיה חמה 8B י,יחידה,0.00,יחידה,false,,10.90,0.0000,true,1,305377
7290017941516,false,שקיות זיפר S לאחסון-,,,שקיות זיפר S לאחסון-,יחידה,0.00,יחידה,false,,7.90,0.0000,true,1,321202
7290017941523,false,שקיות זיפר L לאחסון-,,,שקיות זיפר L לאחסון-,יחידה,0.00,יחידה,false,,8.90,0.0000,true,1,321203
7290017941677,false,מארז תבניות רוסטר בנ,,,מארז תבניות רוסטר בנ,יחידה,0.00,יחידה,false,,14.90,0.0000,true,1,298055
7290017941684,false,מארז תבניות רוסטר ענ,,,מארז תבניות רוסטר ענ,יחידה,0.00,יחידה,false,,14.90,0.0000,true,1,298056
7290017941691,false,מפת שולחן מהודרת 270,,,מפת שולחן מהודרת 270,יחידה,0.00,יחידה,false,,9.90,0.0000,true,1,334581
7290017941714,false,שקיות רב שימושיות זו,,,שקיות רב שימושיות זו,יחידה,0.00,יחידה,false,,9.90,0.0000,true,1,327080
7290017941868,false,קערת פלסטיק עגולה 8,,,קערת פלסטיק עגולה 8,יחידה,0.00,יחידה,false,,5.90,0.0000,true,1,290892
7290017941905,false,קיסמים במלחיה 300 יח,,,קיסמים במלחיה 300 יח,יחידה,0.00,יחידה,false,,3.90,0.0000,true,1,300634
7290017941943,false,שיפודי במבוק עובי 3,,,שיפודי במבוק עובי 3,יחידה,0.00,יחידה,false,,3.50,0.0000,true,1,300636
7290017941981,false,כוסות 12OZ לשתייה חמ,,,כוסות 12OZ לשתייה חמ,יחידה,0.00,יחידה,false,,17.90,0.0000,true,1,419254
7290017946368,false,סוד כדוריות לאסלה P.,,,סוד כדוריות לאסלה P.,,150.00,100 גרם,false,,19.90,0.1327,true,1,286223
7290017947105,false,לחם בסגנון אמריקה אנ,,,לחם בסגנון אמריקה אנ,,500.00,100 גרם,false,,15.90,0.0318,true,1,216267
7290017947372,true,חלה מתוקה ארוזה אנגל,,,חלה מתוקה ארוזה אנגל,,500.00,100 גרם,false,,16.90,0.0338,true,1,233387
7290017947464,false,שמיניית פיתות כוסמין,,,שמיניית פיתות כוסמין,,400.00,100 גרם,false,,17.90,0.0447,true,1,265315
7290017947495,false,6 לחמניות כוסמין אנג,,,6 לחמניות כוסמין אנג,,450.00,100 גרם,false,,16.90,0.0376,true,1,280690
7290017947891,false,לחם כוסמין וחיטה מלא,,,לחם כוסמין וחיטה מלא,,750.00,100 גרם,false,,17.90,0.0239,true,1,215005
7290017947921,true,מארז לחמניות המבורגר,,,מארז לחמניות המבורגר,,450.00,100 גרם,false,,15.90,0.0353,true,1,239617
7290017947938,false,8 לחמניות המבורגר בס,,,8 לחמניות המבורגר בס,,4000.00,100 גרם,false,,15.90,0.0040,true,1,281200
7290018023495,false,טחינה גולמית סבא חבי,,,טחינה גולמית סבא חבי,,500.00,100 גרם,false,,16.90,0.0338,true,1,457750
7290018043196,false,חטיף חלבון בטעם שוקו,,,חטיף חלבון בטעם שוקו,,60.00,100 גרם,false,,14.90,0.2483,true,1,423192
7290018043844,false,חטיף חלבון בטעם בוטנ,,,חטיף חלבון בטעם בוטנ,,60.00,100 גרם,false,,14.90,0.2483,true,1,423193
7290018045497,false,דגנים במילוי קרם שוק,,,דגנים במילוי קרם שוק,,480.00,100 גרם,false,,23.90,0.0498,true,1,391102
7290018045695,false,דגנים במילוי קרם קרמ,,,דגנים במילוי קרם קרמ,,480.00,100 גרם,false,,23.90,0.0498,true,1,391103
7290018045893,false,דגנים במילוי קרם נוג,,,דגנים במילוי קרם נוג,,480.00,100 גרם,false,,23.90,0.0498,true,1,391104
7290018071205,false,כפפות ניטרו-V כחולות,,,כפפות ניטרו-V כחולות,יחידה,0.00,יחידה,false,,21.90,0.0000,true,1,427440
7290018071212,false,כפפות ניטרו-V כחולות,,,כפפות ניטרו-V כחולות,יחידה,0.00,יחידה,false,,21.90,0.0000,true,1,427441
7290018091234,false,פיצה מקסיקנית 260 גר,,,פיצה מקסיקנית 260 גר,,260.00,100 גרם,false,,16.90,0.0650,true,1,268917
7290018091616,false,מקלות פילו גבינה 450,,,מקלות פילו גבינה 450,,450.00,100 גרם,false,,17.90,0.0398,true,1,250100
7290018091661,false,פיצה שוק ירקות מעדנו,,,פיצה שוק ירקות מעדנו,,380.00,100 גרם,false,,21.90,0.0576,true,1,375773
7290018127452,false,פתי בר ללא גלוטן כשל,,,פתי בר ללא גלוטן כשל,,200.00,100 גרם,false,,11.90,0.0595,true,1,292700
7290018131879,false,אקסטרים מאגדת טילון,,,אקסטרים מאגדת טילון,,432.00,100 גרם,false,,39.90,0.0924,true,1,317363
7290018131954,false,לה פרוטה מאגדת בטעם,,,לה פרוטה מאגדת בטעם,,350.00,100 גרם,false,,30.90,0.0883,true,1,296740
7290018165447,false,יין רזרב גולד מרלו 7,,,יין רזרב גולד מרלו 7,,750.00,"100 מ""ל",false,,49.90,0.0665,true,1,285081
7290018213353,false,מטליות לרצפה בניחוח,,,מטליות לרצפה בניחוח,,10.00,יח',false,,9.90,0.9900,true,1,470319
7290018225011,false,קומקום חשמלי נשלף פל,,,קומקום חשמלי נשלף פל,יחידה,0.00,יחידה,false,,79.90,0.0000,true,1,254463
7290018225134,false,"מערבל יד חשמלי "" פל",,,"מערבל יד חשמלי "" פל",יחידה,0.00,יחידה,false,,60.90,0.0000,true,1,301935
7290018237281,false,נקניק סלמי ירדן עוף,,,נקניק סלמי ירדן עוף,,550.00,100 גרם,false,,25.90,0.0471,true,1,357142
7290018237373,false,פסטרמה צרובה על הגרי,,,פסטרמה צרובה על הגרי,,300.00,100 גרם,false,,30.90,0.1030,true,1,333683
7290018237397,false,פסטרמה מקורמלת נתח ש,,,פסטרמה מקורמלת נתח ש,,300.00,100 גרם,false,,30.90,0.1030,true,1,333684
7290018237410,false,פסטרמה במעשנה נתח של,,,פסטרמה במעשנה נתח של,,300.00,100 גרם,false,,30.90,0.1030,true,1,333685
7290018237489,false,עוף טוב דק דק פסטרמה,,,עוף טוב דק דק פסטרמה,,220.00,100 גרם,false,,23.90,0.1086,true,1,382952
7290018237939,false,שניצלונים ציפוי שומש,,,שניצלונים ציפוי שומש,,700.00,100 גרם,false,,21.90,0.0313,true,1,456540
7290018249802,false,כמו סוכר באריזת צנצנ,,,כמו סוכר באריזת צנצנ,קילוגרמים,280.00,"ק""ג",false,,29.90,0.1068,true,1,247904
7290018294208,false,יין אדום ישראלי סלקט,,,יין אדום ישראלי סלקט,,750.00,"100 מ""ל",false,,32.90,0.0439,true,1,345865
7290018359129,false,פאסאטה מחית עגבניות,,,פאסאטה מחית עגבניות,,690.00,100 גרם,false,,10.90,0.0158,true,1,296598
7290018359686,false,חומוס ענק יכין 550 ג,,,חומוס ענק יכין 550 ג,,550.00,100 גרם,false,,10.90,0.0198,true,1,350007
7290018359716,false,רוטב פיצה טוסקנה יכי,,,רוטב פיצה טוסקנה יכי,,240.00,100 גרם,false,,6.50,0.0271,true,1,305804
7290018359853,false,עדשים שחורות יכין 40,,,עדשים שחורות יכין 40,,400.00,100 גרם,false,,8.90,0.0223,true,1,350008
7290018359938,false,רוטב עגבניות לשקשוקה,,,רוטב עגבניות לשקשוקה,,400.00,100 גרם,false,,13.90,0.0348,true,1,454173
7290018359945,false,חאריפה - רוטב פיקנטי,,,חאריפה - רוטב פיקנטי,,400.00,100 גרם,false,,13.90,0.0348,true,1,454174
7290018359952,false,רוטב עגבניות לפסטה י,,,רוטב עגבניות לפסטה י,,400.00,100 גרם,false,,13.90,0.0348,true,1,454175
7290018400036,false,ירקות מוקפאים מעורבי,,,ירקות מוקפאים מעורבי,,800.00,100 גרם,false,,19.90,0.0249,true,1,341942
7290018440254,false,חווית הצ'אי- קרמל מל,,,חווית הצ'אי- קרמל מל,,50.00,100 גרם,false,,23.90,0.4780,true,1,368826
7290018440407,false,תה ירוק מאטה בטעם קק,,,תה ירוק מאטה בטעם קק,,37.50,100 גרם,false,,26.90,0.7173,true,1,372692
7290018440438,false,טונה easy flip בשמן,,,טונה easy flip בשמן,,195.00,100 גרם,false,,26.90,0.1379,true,1,460486
7290018440445,false,נתחי טונה בהירה בשמן,,,נתחי טונה בהירה בשמן,,160.00,100 גרם,false,,17.90,0.1119,true,1,448800
7290018440490,false,סלט טונה עם ירקות וק,,,סלט טונה עם ירקות וק,,150.00,100 גרם,false,,15.90,0.1060,true,1,460439
7290018468319,false,נקניקיות צמחוניות בס,,,נקניקיות צמחוניות בס,,400.00,100 גרם,false,,41.90,0.1047,true,1,435556
7290018468401,false,פסטרמה צמחונית בטעם,,,פסטרמה צמחונית בטעם,,120.00,100 גרם,false,,16.90,0.1408,true,1,493515
7290018468425,false,נקניק טבעוני בטעם מע,,,נקניק טבעוני בטעם מע,,100.00,100 גרם,false,,16.90,0.1690,true,1,493517
7290018471029,false,שוופס סודה לימון שיש,,,שוופס סודה לימון שיש,ליטרים,3.00,ליטר,false,,15.90,5.3000,true,1,274606
7290018471197,false,פרוט ווג תפוח בננה מ,,,פרוט ווג תפוח בננה מ,ליטרים,1.00,ליטר,false,,14.50,14.5000,true,1,302468
7290018471210,false,קרטונית אגס תפוח וסב,,,קרטונית אגס תפוח וסב,ליטרים,1.00,ליטר,false,,7.90,7.9000,true,1,303530
7290018471623,false,שוופס טוניק אשכוליות,,,שוופס טוניק אשכוליות,ליטרים,1.00,ליטר,false,,10.80,10.8000,true,1,319432
7290018471906,false,שוופס מוגז לימונדה ו,,,שוופס מוגז לימונדה ו,ליטרים,1.50,ליטר,false,,9.90,6.6000,true,1,372166
7290018471920,false,שוופס ענבים מוגז 1.5,,,שוופס ענבים מוגז 1.5,ליטרים,1.50,ליטר,false,,9.90,6.6000,true,1,372182
7290018471937,false,שוופס מוגז פירות תות,,,שוופס מוגז פירות תות,ליטרים,1.50,ליטר,false,,9.90,6.6000,true,1,372183
7290018471944,false,שוופס מוגז למונייד 1,,,שוופס מוגז למונייד 1,ליטרים,1.50,ליטר,false,,9.90,6.6000,true,1,372184
7290018471951,false,שוופס פרוטס אשכולית,,,שוופס פרוטס אשכולית,ליטרים,1.50,ליטר,false,,9.90,6.6000,true,1,372199
7290018493069,false,קרם ידיים אפקטיב קר,,,קרם ידיים אפקטיב קר,,100.00,"100 מ""ל",false,,16.90,0.1690,true,1,438762
7290018493885,false,"סרקל מרכך 750 מ""ל עם",,,"סרקל מרכך 750 מ""ל עם",,750.00,"100 מ""ל",false,,21.90,0.0292,true,1,333095
7290018493892,false,קמיל בלו סנסיטיב אל,,,קמיל בלו סנסיטיב אל,,750.00,"100 מ""ל",false,,21.90,0.0292,true,1,333079
7290018493908,false,קמיל בלו סנסיטיב שמפ,,,קמיל בלו סנסיטיב שמפ,,750.00,"100 מ""ל",false,,21.90,0.0292,true,1,333096
7290018493977,false,אל סבון ניקיון ולחות,,,אל סבון ניקיון ולחות,ליטרים,1.00,ליטר,false,,16.90,16.9000,true,1,364344
7290018500361,false,לחם אחיד פרוס מאפיית,,,לחם אחיד פרוס מאפיית,,900.00,100 גרם,false,,8.53,0.0095,true,1,455849
7290018500385,true,חלה רגילה אנגל 650 ג,,,חלה רגילה אנגל 650 ג,,650.00,100 גרם,false,,6.50,0.0100,true,1,479226
7290018500392,true,חלה קלועה אנגל 650 ג,,,חלה קלועה אנגל 650 ג,,650.00,100 גרם,false,,6.50,0.0100,true,1,479227
7290018540329,false,פיתה פיתה אנגל 880 ג,,,פיתה פיתה אנגל 880 ג,,10.00,יח',false,,13.90,1.3900,true,1,294905
7290018540817,false,לחם ארטיזנל כוסמין א,,,לחם ארטיזנל כוסמין א,,500.00,100 גרם,false,,19.90,0.0398,true,1,420573
7290018540824,false,לחם מחמצת כפרי artis,,,לחם מחמצת כפרי artis,,500.00,100 גרם,false,,19.90,0.0398,true,1,420574
7290018540831,false,לחם מחמצת חיטה מלאה,,,לחם מחמצת חיטה מלאה,,500.00,100 גרם,false,,19.90,0.0398,true,1,420933
7290018564677,false,ממרח ארטישוק שף הטבע,,,ממרח ארטישוק שף הטבע,,200.00,100 גרם,false,,12.90,0.0645,true,1,413260
7290018564684,false,ממרח פסטו בזיליקום ו,,,ממרח פסטו בזיליקום ו,,200.00,100 גרם,false,,12.90,0.0645,true,1,413261
7290018571064,false,מקלוני טופי מיה 450,,,מקלוני טופי מיה 450,,450.00,100 גרם,false,,15.90,0.0353,true,1,300132
7290018571071,false,פספסים טופי מיה 450,,,פספסים טופי מיה 450,,450.00,100 גרם,false,,15.90,0.0353,true,1,300133
7290018571415,false,לקקנים מולטיקולור תו,,,לקקנים מולטיקולור תו,,220.00,100 גרם,false,,9.90,0.0450,true,1,401036
7290018571538,false,סוכריות חורף פרופולי,,,סוכריות חורף פרופולי,,175.00,100 גרם,false,,39.90,0.2280,true,1,490278
7290018571705,false,"אורז יסמין 1 ק""ג",,,"אורז יסמין 1 ק""ג",קילוגרמים,1.00,"ק""ג",false,,12.90,12.9000,true,1,451132
7290018571729,false,אורז ריזווטו עגול 1,,,אורז ריזווטו עגול 1,קילוגרמים,1.00,"ק""ג",false,,9.90,9.9000,true,1,451148
7290018626108,false,קערות אובליות שקוף 5,,,קערות אובליות שקוף 5,יחידה,0.00,יחידה,false,,11.90,0.0000,true,1,298090
7290018626160,false,תבנית R-99 ענקית 5 י,,,תבנית R-99 ענקית 5 י,יחידה,0.00,יחידה,false,,9.90,0.0000,true,1,302709
7290018626214,false,קינוחית אישית פאי +,,,קינוחית אישית פאי +,יחידה,0.00,יחידה,false,,12.50,0.0000,true,1,303140
7290018626269,false,תבנית מהודרת אינגליש,,,תבנית מהודרת אינגליש,יחידה,0.00,יחידה,false,,12.90,0.0000,true,1,303639
7290018626283,false,פיצה מרגריטה 350 גרם,,,פיצה מרגריטה 350 גרם,,350.00,100 גרם,false,,12.90,0.0369,true,1,339210
7290018626306,false,פיצה מרגריטה פיטריות,,,פיצה מרגריטה פיטריות,,400.00,100 גרם,false,,12.90,0.0323,true,1,343794
7290018626801,false,מגש עגול מחולק ל-6 ק,,,מגש עגול מחולק ל-6 ק,יחידה,0.00,יחידה,false,,9.90,0.0000,true,1,361162
7290018626825,false,מגש איכותי עגול בינו,,,מגש איכותי עגול בינו,יחידה,0.00,יחידה,false,,9.90,0.0000,true,1,361164
7290018652671,false,גלידת שוקו וניל מופח,,,גלידת שוקו וניל מופח,,0.00,100 גרם,false,,25.90,0.0000,true,1,406708
7290018720011,false,מעדני המלך קרנבל חיו,,,מעדני המלך קרנבל חיו,,250.00,100 גרם,false,,6.90,0.0276,true,1,306623
7290018720028,false,מעדני המלך אותיות 25,,,מעדני המלך אותיות 25,,250.00,100 גרם,false,,6.90,0.0276,true,1,306624
7290018795385,false,חסה לליק,,,חסה לליק,,1.00,יח',false,,12.90,12.9000,true,1,384001
7290018818275,false,פיצה קונו מרגריטה 26,,,פיצה קונו מרגריטה 26,,260.00,100 גרם,false,,14.90,0.0573,true,1,440565
7290018835029,false,מרק בטעם עוף פרווה ת,,,מרק בטעם עוף פרווה ת,,400.00,100 גרם,false,,17.90,0.0447,true,1,466049
7290018886182,false,כפיות עבות 50 יח' ק,,,כפיות עבות 50 יח' ק,יחידה,0.00,יחידה,false,,10.90,0.0000,true,1,339981
7290018886199,false,סכינים עבות 50 יח',,,סכינים עבות 50 יח',יחידה,0.00,יחידה,false,,10.90,0.0000,true,1,339982
7290018886205,false,סכינים עבות 50 יח',,,סכינים עבות 50 יח',יחידה,0.00,יחידה,false,,10.90,0.0000,true,1,339983
7290018886212,false,מזלגות עבות 50 יח',,,מזלגות עבות 50 יח',יחידה,0.00,יחידה,false,,10.90,0.0000,true,1,339984
7290018886236,false,כפות עבות 50 יח' שק,,,כפות עבות 50 יח' שק,יחידה,0.00,יחידה,false,,10.90,0.0000,true,1,339986
7290018886359,false,פת דגנים 7 דגנים 170,,,פת דגנים 7 דגנים 170,,170.00,100 גרם,false,,8.90,0.0524,true,1,360437
7290018886601,false,כוסות דמוי שיש 40 יח,,,כוסות דמוי שיש 40 יח,יחידה,0.00,יחידה,false,,9.90,0.0000,true,1,340002
7290018886809,false,קערת סלט בועות שקוף,,,קערת סלט בועות שקוף,יחידה,0.00,יחידה,false,,8.90,0.0000,true,1,361195
7290018886816,false,קערת סלט בועות פנינה,,,קערת סלט בועות פנינה,יחידה,0.00,יחידה,false,,8.90,0.0000,true,1,361196
7290018886977,false,נייר אפיה 50 יחידות,,,נייר אפיה 50 יחידות,יחידה,0.00,יחידה,false,,9.90,0.0000,true,1,362257
7290018893111,false,צ'וקטה שוקולד מריר מ,,,צ'וקטה שוקולד מריר מ,,100.00,100 גרם,false,,9.90,0.0990,true,1,457942
7290018893142,false,צ'וקטה גריסיני שמן ז,,,צ'וקטה גריסיני שמן ז,,120.00,100 גרם,false,,10.00,0.0833,true,1,457795
7290018893258,false,צ'וקטה עוגות אישיות,,,צ'וקטה עוגות אישיות,,300.00,100 גרם,false,,13.90,0.0463,true,1,344358
7290018893319,false,צ'וקטה שוקולד מריר מ,,,צ'וקטה שוקולד מריר מ,,100.00,100 גרם,false,,9.90,0.0990,true,1,457765
7290018893487,false,צ'וקטה עוגות אישיות,,,צ'וקטה עוגות אישיות,,350.00,100 גרם,false,,13.90,0.0397,true,1,361736
7290018893616,false,שישיית צוקטה שוקולד4,,,שישיית צוקטה שוקולד4,,600.00,100 גרם,false,,19.90,0.0332,true,1,374779
7290018893807,false,מארז שוקולד מריר 60%,,,מארז שוקולד מריר 60%,,300.00,100 גרם,false,,12.90,0.0430,true,1,392945
7290018893906,false,צ'וקטה עוגיות סנדביץ,,,צ'וקטה עוגיות סנדביץ,,250.00,100 גרם,false,,8.90,0.0356,true,1,433527
7290018894019,false,עוגות אישיות מיקס מק,,,עוגות אישיות מיקס מק,,350.00,100 גרם,false,,15.90,0.0454,true,1,437565
7290018894217,false,עוגות אישיות מיקס מק,,,עוגות אישיות מיקס מק,,350.00,100 גרם,false,,15.90,0.0454,true,1,437580
7290018894408,false,בלקוני קוביות וופל א,,,בלקוני קוביות וופל א,,250.00,100 גרם,false,,13.90,0.0556,true,1,447874
7290018921067,false,תחליב רחצה לגוף מועש,,,תחליב רחצה לגוף מועש,,700.00,"100 מ""ל",false,,17.90,0.0256,true,1,385490
7290018921166,false,אל סבון ניקיון ולחות,,,אל סבון ניקיון ולחות,ליטרים,1.00,ליטר,false,,16.90,16.9000,true,1,364345
7290018925065,false,פרימור מיץ תפוזים סח,,,פרימור מיץ תפוזים סח,ליטרים,2.00,ליטר,false,,28.90,14.4500,true,1,379390
7290018925089,false,פרימור מיץ תפוחים צל,,,פרימור מיץ תפוחים צל,ליטרים,2.00,ליטר,false,,28.90,14.4500,true,1,379391
7290018929209,false,Fresh Cover ניילון ל,,,Fresh Cover ניילון ל,יחידה,0.00,יחידה,false,,8.90,0.0000,true,1,470458
7290018989081,false,חומוס הבית יכין 400,,,חומוס הבית יכין 400,,400.00,100 גרם,false,,9.90,0.0248,true,1,453090
7290019014041,false,נוזל רצפות פסגה מושל,,,נוזל רצפות פסגה מושל,ליטרים,2.00,ליטר,false,,18.90,9.4500,true,1,392009
7290019014065,false,נוזל רצפות ערפילי שח,,,נוזל רצפות ערפילי שח,ליטרים,2.00,ליטר,false,,18.90,9.4500,true,1,392010
7290019014409,false,קצף לניקוי ושימור מש,,,קצף לניקוי ושימור מש,,500.00,"100 מ""ל",false,,31.90,0.0638,true,1,406331
7290019031000,false,WIZ מארז חמישיית ניי,,,WIZ מארז חמישיית ניי,יחידה,0.00,יחידה,false,,11.90,0.0000,true,1,389694
7290019031062,false,תבנית R-2 מלבנית 7 י,,,תבנית R-2 מלבנית 7 י,יחידה,0.00,יחידה,false,,9.90,0.0000,true,1,412934
7290019031079,false,תבנית R-29 מרובעת קט,,,תבנית R-29 מרובעת קט,יחידה,0.00,יחידה,false,,9.90,0.0000,true,1,412935
7290019031086,false,תבנית R-31 גדולה 7 י,,,תבנית R-31 גדולה 7 י,יחידה,0.00,יחידה,false,,9.90,0.0000,true,1,412936
7290019031109,false,תבנית R-88 אינגליש 1,,,תבנית R-88 אינגליש 1,יחידה,0.00,יחידה,false,,9.90,0.0000,true,1,412938
7290019031123,false,תבנית אלומינים A-14,,,תבנית אלומינים A-14,יחידה,0.00,יחידה,false,,9.90,0.0000,true,1,412940
7290019031154,false,מגבת ענק איכותית 76*,,,מגבת ענק איכותית 76*,יחידה,0.00,יחידה,false,,49.90,0.0000,true,1,416199
7290019031215,false,כוסות 10OZ לשתייה חמ,,,כוסות 10OZ לשתייה חמ,יחידה,0.00,יחידה,false,,10.90,0.0000,true,1,419209
7290019031222,false,כוסות 12OZ לשתייה חמ,,,כוסות 12OZ לשתייה חמ,יחידה,0.00,יחידה,false,,12.90,0.0000,true,1,419239
7290019031352,false,"צלחות ענקיות 10"" לבנ",,,"צלחות ענקיות 10"" לבנ",יחידה,0.00,יחידה,false,,24.90,0.0000,true,1,407642
7290019031369,false,"צלחות גדולות 9"" קרם",,,"צלחות גדולות 9"" קרם",יחידה,0.00,יחידה,false,,15.90,0.0000,true,1,407643
7290019031376,false,סבון ידיים אוקיינוס,,,סבון ידיים אוקיינוס,,1.00,100 ליטר,false,,10.90,10.9000,true,1,407592
7290019031383,false,סבון ידיים מאסק 1 לי,,,סבון ידיים מאסק 1 לי,,1.00,100 ליטר,false,,10.90,10.9000,true,1,407593
7290019031390,false,סבון ידיים אביבי 1 ל,,,סבון ידיים אביבי 1 ל,,1.00,100 ליטר,false,,10.90,10.9000,true,1,407594
7290019031413,false,נייר טואלט לח שלישיי,,,נייר טואלט לח שלישיי,יחידה,0.00,יחידה,false,,12.90,0.0000,true,1,419052
7290019031420,false,אל סבון נוזלי שלישיי,,,אל סבון נוזלי שלישיי,,500.00,"100 מ""ל",false,,12.90,0.0258,true,1,419037
7290019031444,false,אשפתון 65X54 XL חזקו,,,אשפתון 65X54 XL חזקו,יחידה,0.00,יחידה,false,,19.90,0.0000,true,1,431715
7290019031451,false,אשפתון 78X90 XXL חזק,,,אשפתון 78X90 XXL חזק,יחידה,0.00,יחידה,false,,25.90,0.0000,true,1,431716
7290019031543,false,שמן זית כתית מעולה א,,,שמן זית כתית מעולה א,,750.00,"100 מ""ל",false,,32.90,0.0439,true,1,418994
7290019031598,false,מארז 5 מכלים + מכסים,,,מארז 5 מכלים + מכסים,ליטרים,0.50,ליטר,false,,10.90,21.8000,true,1,413742
7290019031604,false,מארז 5 מכלים + מכסים,,,מארז 5 מכלים + מכסים,ליטרים,1.00,ליטר,false,,10.90,10.9000,true,1,413743
7290019031642,false,WIZ צלחות ענקיות שקו,,,WIZ צלחות ענקיות שקו,יחידה,0.00,יחידה,false,,24.90,0.0000,true,1,468494
7290019031659,false,WIZ צלחות גדולות  שק,,,WIZ צלחות גדולות  שק,יחידה,0.00,יחידה,false,,15.90,0.0000,true,1,468510
7290019031673,false,"WIZ מרקיות שקופות 7""",,,"WIZ מרקיות שקופות 7""",יחידה,0.00,יחידה,false,,10.90,0.0000,true,1,468512
7290019031680,false,WIZ קערות אובליות שק,,,WIZ קערות אובליות שק,יחידה,0.00,יחידה,false,,9.90,0.0000,true,1,468513
7290019056027,false,שוופס מוגז פירות תפו,,,שוופס מוגז פירות תפו,ליטרים,1.50,ליטר,false,,8.90,5.9333,true,1,372200
7290019056034,false,שוופס מוגז פירות אננ,,,שוופס מוגז פירות אננ,ליטרים,1.50,ליטר,false,,8.90,5.9333,true,1,372215
7290019056041,false,שוופס מוגז פירות ללא,,,שוופס מוגז פירות ללא,ליטרים,1.50,ליטר,false,,8.90,5.9333,true,1,372216
7290019056065,false,שוופס מוגז עדין פירו,,,שוופס מוגז עדין פירו,ליטרים,1.50,ליטר,false,,8.90,5.9333,true,1,371853
7290019056072,false,שוופס מוגז עדין אננס,,,שוופס מוגז עדין אננס,ליטרים,1.50,ליטר,false,,8.90,5.9333,true,1,371869
7290019056096,false,שוופס מוגז עדין אפרס,,,שוופס מוגז עדין אפרס,ליטרים,1.50,ליטר,false,,8.90,5.9333,true,1,371887
7290019056119,false,שוופס סודה 1.5ליטר,,,שוופס סודה 1.5ליטר,ליטרים,1.50,ליטר,false,,4.50,3.0000,true,1,371751
7290019056126,false,שוופס סודה לימון 1.5,,,שוופס סודה לימון 1.5,ליטרים,1.50,ליטר,false,,4.50,3.0000,true,1,372217
7290019056133,false,שוופס סודה נענע ליים,,,שוופס סודה נענע ליים,ליטרים,1.50,ליטר,false,,4.50,3.0000,true,1,372232
7290019056164,false,שוופס סודה 4*1.5ליטר,,,שוופס סודה 4*1.5ליטר,ליטרים,6.00,ליטר,false,,13.10,2.1833,true,1,371752
7290019056171,false,שוופס סודה לימון 4*1,,,שוופס סודה לימון 4*1,ליטרים,6.00,ליטר,false,,13.10,2.1833,true,1,371769
7290019056188,false,שוופס סודה נענע ליים,,,שוופס סודה נענע ליים,ליטרים,6.00,ליטר,false,,13.10,2.1833,true,1,371785
7290019056201,false,שוופס פירות יער סודה,,,שוופס פירות יער סודה,ליטרים,6.00,ליטר,false,,13.10,2.1833,true,1,371802
7290019056232,false,שוופס ליים מוחיטו 1.,,,שוופס ליים מוחיטו 1.,ליטרים,1.50,ליטר,false,,9.90,6.6000,true,1,371888
7290019056249,false,שוופס וואטר ענבים 1.,,,שוופס וואטר ענבים 1.,ליטרים,1.50,ליטר,false,,9.50,6.3333,true,1,371689
7290019056256,false,שוופס וואטר בטעם תפו,,,שוופס וואטר בטעם תפו,ליטרים,1.50,ליטר,false,,9.50,6.3333,true,1,371705
7290019056270,false,שוופס וואטר פירות יע,,,שוופס וואטר פירות יע,ליטרים,1.50,ליטר,false,,9.50,6.3333,true,1,373788
7290019056317,false,שוופס ראשן 1.5 ליטר,,,שוופס ראשן 1.5 ליטר,ליטרים,1.50,ליטר,false,,12.90,8.6000,true,1,372250
7290019056324,false,שוופס מי טוניק 1.5 ל,,,שוופס מי טוניק 1.5 ל,ליטרים,1.50,ליטר,false,,12.90,8.6000,true,1,372251
7290019056355,false,תפוזינה לימונדה נענע,,,תפוזינה לימונדה נענע,ליטרים,1.50,ליטר,false,,9.50,6.3333,true,1,371195
7290019056379,false,תפוזינה תפוזים 1.5 ל,,,תפוזינה תפוזים 1.5 ל,ליטרים,1.50,ליטר,false,,9.50,6.3333,true,1,371384
7290019056416,false,תפוזינה לימונדה 1.5,,,תפוזינה לימונדה 1.5,ליטרים,1.50,ליטר,false,,9.50,6.3333,true,1,371421
7290019056508,false,פרוט ווטר ענבים 1.5,,,פרוט ווטר ענבים 1.5,ליטרים,1.50,ליטר,false,,9.50,6.3333,true,1,371599
7290019056515,false,פרוט ווטר אננס 1.5 ל,,,פרוט ווטר אננס 1.5 ל,ליטרים,1.50,ליטר,false,,9.50,6.3333,true,1,371629
7290019056539,false,פרוט ווטר אפרסק 1.5,,,פרוט ווטר אפרסק 1.5,ליטרים,1.50,ליטר,false,,9.50,6.3333,true,1,371659
7290019056553,false,עין גדי מים מינרלים,,,עין גדי מים מינרלים,ליטרים,12.00,ליטר,false,,13.80,1.1500,true,1,372398
7290019056560,false,עין גדי מים מינרלים,,,עין גדי מים מינרלים,ליטרים,2.00,ליטר,false,,4.50,2.2500,true,1,372399
7290019056577,false,ספרינג מנגו 1.5 ליטר,,,ספרינג מנגו 1.5 ליטר,ליטרים,1.50,ליטר,false,,9.50,6.3333,true,1,371079
7290019056584,false,ספרינג תפוזים 1.5 לי,,,ספרינג תפוזים 1.5 לי,ליטרים,1.50,ליטר,false,,9.50,6.3333,true,1,371094
7290019056591,false,ספרינג ענבים 1.5 ליט,,,ספרינג ענבים 1.5 ליט,ליטרים,1.50,ליטר,false,,9.50,6.3333,true,1,371095
7290019056607,false,ספרינג תפוחים 1.5 לי,,,ספרינג תפוחים 1.5 לי,ליטרים,1.50,ליטר,false,,9.50,6.3333,true,1,371096
7290019056614,false,ספרינג אפרסק 1.5 ליט,,,ספרינג אפרסק 1.5 ליט,ליטרים,1.50,ליטר,false,,9.50,6.3333,true,1,371097
7290019056621,false,ספרינג פירות טרופיים,,,ספרינג פירות טרופיים,ליטרים,1.50,ליטר,false,,9.50,6.3333,true,1,371113
7290019056638,false,ספרינג תות בננה 1.5,,,ספרינג תות בננה 1.5,ליטרים,1.50,ליטר,false,,9.50,6.3333,true,1,371114
7290019056645,false,ספרינג אגס סברס תפוח,,,ספרינג אגס סברס תפוח,ליטרים,1.50,ליטר,false,,9.50,6.3333,true,1,371136
7290019056669,false,ספרינג תפוחים דיאט 1,,,ספרינג תפוחים דיאט 1,ליטרים,1.50,ליטר,false,,8.90,5.9333,true,1,371156
7290019056720,false,קריסטל מיץ ענבים 2 ל,,,קריסטל מיץ ענבים 2 ל,ליטרים,2.00,ליטר,false,,8.50,4.2500,true,1,372267
7290019056744,false,קריסטל מיץ תפוזים 2,,,קריסטל מיץ תפוזים 2,ליטרים,2.00,ליטר,false,,8.50,4.2500,true,1,372283
7290019056768,false,קריסטל מיץ מנגו 2 לי,,,קריסטל מיץ מנגו 2 לי,ליטרים,2.00,ליטר,false,,8.50,4.2500,true,1,372285
7290019056805,false,משקה מוגז קריסטל תפו,,,משקה מוגז קריסטל תפו,ליטרים,2.00,ליטר,false,,8.50,4.2500,true,1,372317
7290019056812,false,קריסטל מנטה 2 ליטר,,,קריסטל מנטה 2 ליטר,ליטרים,2.00,ליטר,false,,8.50,4.2500,true,1,372318
7290019056959,false,מי עדן 1.5 ליטר,,,מי עדן 1.5 ליטר,ליטרים,1.50,ליטר,false,,3.90,2.6000,true,1,383040
7290019056973,false,מי עדן 6*1.5 ליטר,,,מי עדן 6*1.5 ליטר,ליטרים,9.00,ליטר,false,,14.90,1.6556,true,1,372367
7290019074762,false,תחליב רחצה לגוף אפקט,,,תחליב רחצה לגוף אפקט,,450.00,"100 מ""ל",false,,16.90,0.0376,true,1,438764
7290019153252,false,שוופס סודה תפוח 4*1.,,,שוופס סודה תפוח 4*1.,ליטרים,6.00,ליטר,false,,13.10,2.1833,true,1,435214
7290019153313,false,פרוט & וג' תפוח חמוצ,,,פרוט & וג' תפוח חמוצ,,330.00,"100 מ""ל",false,,8.90,0.0270,true,1,449833
7290019153375,false,תפוזינה מוחיטו 1.5 ל,,,תפוזינה מוחיטו 1.5 ל,ליטרים,1.50,ליטר,false,,9.50,6.3333,true,1,443704
7290019204008,false,פסטרמה ארבעה פלפלים,,,פסטרמה ארבעה פלפלים,,350.00,100 גרם,false,,27.90,0.0797,true,1,476500
7290019204305,false,פסטרמה ברביקיו עוף ט,,,פסטרמה ברביקיו עוף ט,,350.00,100 גרם,false,,27.90,0.0797,true,1,476482
7290019204404,false,קורנביף בציפוי פלפל,,,קורנביף בציפוי פלפל,,220.00,100 גרם,false,,27.90,0.1268,true,1,476516
7290019233008,false,רוטב עגבניות עם קובי,,,רוטב עגבניות עם קובי,,420.00,100 גרם,false,,15.90,0.0379,true,1,470643
7290019233015,false,שקשוקה ירוקה תבשיל י,,,שקשוקה ירוקה תבשיל י,,420.00,100 גרם,false,,15.90,0.0379,true,1,470659
7290019233022,false,רוטב עגבניות לשקשוקה,,,רוטב עגבניות לשקשוקה,,420.00,100 גרם,false,,15.90,0.0379,true,1,470660
7290019233046,false,זית קלמטה בלונד עם ש,,,זית קלמטה בלונד עם ש,,215.00,100 גרם,false,,14.90,0.0693,true,1,403454
7290019245001,false,שמן קנולה אלומות 1 ל,,,שמן קנולה אלומות 1 ל,ליטרים,1.00,ליטר,false,,12.90,12.9000,true,1,430139
7290019297239,false,צימוק כהה 330 גרם,,,צימוק כהה 330 גרם,,330.00,100 גרם,false,,13.90,0.0421,true,1,6568
7290022005074,false,רוטב עגבניות שרי קלא,,,רוטב עגבניות שרי קלא,,400.00,100 גרם,false,,16.90,0.0422,true,1,297
7290022005081,false,רוטב עגבניות שרי ארב,,,רוטב עגבניות שרי ארב,,400.00,100 גרם,false,,16.90,0.0422,true,1,298
7290022005104,false,רוטב עגבניות שרי בזי,,,רוטב עגבניות שרי בזי,,400.00,100 גרם,false,,16.90,0.0422,true,1,300
7290022005562,false,פירורי לחם עם שום קר,,,פירורי לחם עם שום קר,,300.00,100 גרם,false,,8.90,0.0297,true,1,441461
7290100235553,false,"עוגת בריוש תפו""ע עם",,,"עוגת בריוש תפו""ע עם",,550.00,100 גרם,false,,29.90,0.0544,true,1,37270
7290100240632,false,פתית 6 דגנים תלמה 25,,,פתית 6 דגנים תלמה 25,,250.00,100 גרם,false,,18.90,0.0756,true,1,12316
7290100240656,false,פתית שיפון תלמה 300,,,פתית שיפון תלמה 300,,300.00,100 גרם,false,,18.90,0.0630,true,1,12317
7290100243671,false,בדין אקסטרא כחול-960,,,בדין אקסטרא כחול-960,,960.00,"100 מ""ל",false,,17.90,0.0186,true,1,12331
7290100245231,false,נמס בכוס ועוד טעם עו,,,נמס בכוס ועוד טעם עו,,50.00,100 גרם,false,,7.90,0.1580,true,1,12342
7290100411278,false,תפוח ואגס 190גרם BEL,,,תפוח ואגס 190גרם BEL,,190.00,100 גרם,false,,5.90,0.0311,true,1,31749
7290100412343,false,מגבונים לניקוי וחיטו,,,מגבונים לניקוי וחיטו,יחידה,0.00,יחידה,false,,8.90,0.0000,true,1,31759
7290100572368,false,אביזרי מטבח,,,אביזרי מטבח,יחידה,0.00,יחידה,false,,19.90,0.0000,true,1,37646
7290100572702,false,אביזרי מטבח ב-11.00,,,אביזרי מטבח ב-11.00,יחידה,0.00,יחידה,false,,10.90,0.0000,true,1,37649
7290100573402,false,אביזרי מטבח,,,אביזרי מטבח,יחידה,0.00,יחידה,false,,14.90,0.0000,true,1,37652
7290100659090,false,פרי חטיפים ללא סוכר,,,פרי חטיפים ללא סוכר,,100.00,100 גרם,false,,19.70,0.1970,true,1,23758
7290100680711,false,אסם פירורית זהב 350,,,אסם פירורית זהב 350,,350.00,100 גרם,false,,9.90,0.0283,true,1,21599
7290100680728,false,פירורית רגילה שקית 3,,,פירורית רגילה שקית 3,,350.00,100 גרם,false,,8.90,0.0254,true,1,21600
7290100681138,false,אפרופו מאח 3*50 גר',,,אפרופו מאח 3*50 גר',,150.00,100 גרם,false,,13.50,0.0900,true,1,21604
7290100683880,false,פירה אסם 260 גרם,,,פירה אסם 260 גרם,,260.00,100 גרם,false,,15.90,0.0612,true,1,21617
7290100684139,false,מיני מקרוני אסם 500,,,מיני מקרוני אסם 500,,500.00,100 גרם,false,,6.90,0.0138,true,1,21618
7290100684764,false,במבה יום הולדת סרט6,,,במבה יום הולדת סרט6,,25.00,100 גרם,false,,2.90,0.1160,true,1,21624
7290100685136,false,מרק בטעם עוף אסם 1 ק,,,מרק בטעם עוף אסם 1 ק,קילוגרמים,1.00,"ק""ג",false,,16.90,16.9000,true,1,21626
7290100685334,false,מרק עוף מרכיבים טבעי,,,מרק עוף מרכיבים טבעי,,400.00,100 גרם,false,,26.70,0.0667,true,1,21628
7290100685341,false,מרק זך טעם עוף רכיבי,,,מרק זך טעם עוף רכיבי,,400.00,100 גרם,false,,18.90,0.0472,true,1,21629
7290100686171,false,ביסלי גריל מאח.8 6*3,,,ביסלי גריל מאח.8 6*3,,210.00,100 גרם,false,,14.50,0.0690,true,1,21637
7290100687109,false,במבה במילוי קרם נוגט,,,במבה במילוי קרם נוגט,,60.00,100 גרם,false,,5.90,0.0983,true,1,21640
7290100689301,false,מרק בטעם עוף זך אסם,,,מרק בטעם עוף זך אסם,,400.00,100 גרם,false,,15.90,0.0398,true,1,21647
7290100700020,false,סוגת גריסי פנינה 500,,,סוגת גריסי פנינה 500,,500.00,100 גרם,false,,6.90,0.0138,true,1,19700
7290100700075,false,פירורי לחם מוזהבים ש,,,פירורי לחם מוזהבים ש,,200.00,100 גרם,false,,4.90,0.0245,true,1,19701
7290100700242,false,סוגת אורז מלא עגול 1,,,סוגת אורז מלא עגול 1,קילוגרמים,1.00,"ק""ג",false,,9.90,9.9000,true,1,19702
7290100700273,false,קינואה סוגת 500 גרם,,,קינואה סוגת 500 גרם,,500.00,100 גרם,false,,15.90,0.0318,true,1,19704
7290100700372,false,אורז בסמטי מלא 1 ק'ג,,,אורז בסמטי מלא 1 ק'ג,קילוגרמים,1.00,"ק""ג",false,,14.90,14.9000,true,1,19710
7290100700389,false,אורז אדום 1 ק'ג,,,אורז אדום 1 ק'ג,קילוגרמים,1.00,"ק""ג",false,,14.90,14.9000,true,1,19711
7290100700396,false,סוגת אורז יסמין קלאס,,,סוגת אורז יסמין קלאס,קילוגרמים,1.00,"ק""ג",false,,13.90,13.9000,true,1,19712
7290100700587,false,סוגת בורגול 500 גר,,,סוגת בורגול 500 גר,,500.00,100 גרם,false,,6.90,0.0138,true,1,19717
7290100701300,false,סוגת קינואה אדומה 50,,,סוגת קינואה אדומה 50,,500.00,100 גרם,false,,15.90,0.0318,true,1,19721
7290100701331,false,קמח רב תכליתי סוגת,,,קמח רב תכליתי סוגת,קילוגרמים,1.00,"ק""ג",false,,8.90,8.9000,true,1,19723
7290100701348,false,קמח שיפון מלא סוגת,,,קמח שיפון מלא סוגת,קילוגרמים,1.00,"ק""ג",false,,8.90,8.9000,true,1,19724
7290100701386,false,"קמח לחלה סוגת 1 ק""ג",,,"קמח לחלה סוגת 1 ק""ג",קילוגרמים,1.00,"ק""ג",false,,8.90,8.9000,true,1,19726
7290100701454,false,גרישה 500 גרם,,,גרישה 500 גרם,,500.00,100 גרם,false,,6.90,0.0138,true,1,19729
7290100701577,false,קמח לחם מועשר בויטמי,,,קמח לחם מועשר בויטמי,קילוגרמים,1.00,"ק""ג",false,,8.90,8.9000,true,1,19730
7290100701874,false,"קמח כוסמין סוגת 1 ק""",,,"קמח כוסמין סוגת 1 ק""",קילוגרמים,1.00,"ק""ג",false,,14.00,14.0000,true,1,70420
7290100702260,false,קוסקוס דק סוגת 350 ג,,,קוסקוס דק סוגת 350 ג,,350.00,100 גרם,false,,5.90,0.0169,true,1,19739
7290100702277,false,קוסקוס עבה סוגת 350,,,קוסקוס עבה סוגת 350,,350.00,100 גרם,false,,5.90,0.0169,true,1,19740
7290100702284,false,קוסקוס מלא סוגת 350,,,קוסקוס מלא סוגת 350,,350.00,100 גרם,false,,5.70,0.0163,true,1,19741
7290100702383,false,"קמח תופח סוגת 1 ק""ג",,,"קמח תופח סוגת 1 ק""ג",קילוגרמים,1.00,"ק""ג",false,,8.90,8.9000,true,1,19744
7290100702611,false,פתיתים אפויים אורז ס,,,פתיתים אפויים אורז ס,,500.00,100 גרם,false,,5.20,0.0104,true,1,19752
7290100702635,false,פתיתים אפויים כוכבים,,,פתיתים אפויים כוכבים,,500.00,100 גרם,false,,5.20,0.0104,true,1,70429
7290100702741,false,סוכר חום בהיר בצנצנת,,,סוכר חום בהיר בצנצנת,קילוגרמים,1.00,"ק""ג",false,,14.50,14.5000,true,1,19763
7290100702994,false,סוכר דמררה בשקית סוג,,,סוכר דמררה בשקית סוג,,500.00,100 גרם,false,,6.90,0.0138,true,1,19781
7290100703007,false,סוגת עדשים שחורות בל,,,סוגת עדשים שחורות בל,,500.00,100 גרם,false,,9.90,0.0198,true,1,19782
7290100703564,false,שיבולת שועל עבה סוגת,,,שיבולת שועל עבה סוגת,,500.00,100 גרם,false,,7.90,0.0158,true,1,121377
7290100703632,false,קמח מלא ללא ניפוי סו,,,קמח מלא ללא ניפוי סו,קילוגרמים,1.00,"ק""ג",false,,8.90,8.9000,true,1,121381
7290100703687,false,קמח חלה ללא ניפוי סו,,,קמח חלה ללא ניפוי סו,קילוגרמים,1.00,"ק""ג",false,,8.90,8.9000,true,1,121385
7290100703915,false,מארז פופקורן למיקרוג,,,מארז פופקורן למיקרוג,,540.00,100 גרם,false,,14.90,0.0276,true,1,119512
7290100704622,false,סוכר דמררה דק דק בצנ,,,סוכר דמררה דק דק בצנ,,500.00,100 גרם,false,,8.90,0.0178,true,1,368663
7290100704660,false,קינואה מיקס סוגת 500,,,קינואה מיקס סוגת 500,,500.00,100 גרם,false,,15.90,0.0318,true,1,319260
7290100704684,false,קמח שמרים כוסמין רב,,,קמח שמרים כוסמין רב,קילוגרמים,1.00,"ק""ג",false,,22.90,22.9000,true,1,423161
7290100850909,false,דוריטוס נאצו מקסיקני,,,דוריטוס נאצו מקסיקני,,70.00,100 גרם,false,,4.30,0.0614,true,1,25530
7290100850916,false,דוריטוס חמוץ חריף 70,,,דוריטוס חמוץ חריף 70,,70.00,100 גרם,false,,4.30,0.0614,true,1,25531
7290100850923,false,דוריטוס גריל 70 גרם,,,דוריטוס גריל 70 גרם,,70.00,100 גרם,false,,4.30,0.0614,true,1,25532
7290100850930,false,דוריטוס טבעי 70 גרם,,,דוריטוס טבעי 70 גרם,,70.00,100 גרם,false,,4.30,0.0614,true,1,25533
7290100921418,false,מרכך קרטין מחזק הווא,,,מרכך קרטין מחזק הווא,,700.00,"100 מ""ל",false,,10.90,0.0156,true,1,9541
7290100921593,false,סוד סבון 4 כדוריות ל,,,סוד סבון 4 כדוריות ל,,50.00,100 גרם,false,,10.20,0.2040,true,1,38097
7290100924464,false,סוד סבון 4 כדוריות ל,,,סוד סבון 4 כדוריות ל,,150.00,100 גרם,false,,19.90,0.1327,true,1,38120
7290101110811,false,גלידל מאגדת בטעם פסי,,,גלידל מאגדת בטעם פסי,,600.00,100 גרם,false,,34.90,0.0582,true,1,39406
7290101112228,false,פופסיקל בטעם אננס 8,,,פופסיקל בטעם אננס 8,,640.00,100 גרם,false,,29.90,0.0467,true,1,39416
7290101112921,false,פופסיקל בטעם פירות ט,,,פופסיקל בטעם פירות ט,,640.00,100 גרם,false,,29.90,0.0467,true,1,139941
7290101113157,false,גלידל חלבי וניל עוגי,,,גלידל חלבי וניל עוגי,,672.00,100 גרם,false,,27.90,0.0415,true,1,146616
7290101113447,false,גלידל מיני סנדוויץ',,,גלידל מיני סנדוויץ',,270.00,100 גרם,false,,34.90,0.1293,true,1,381910
7290101113751,false,מאגדת רביעייה שלגון,,,מאגדת רביעייה שלגון,,200.00,100 גרם,false,,21.90,0.1095,true,1,410931
7290101113768,false,מאגדת רביעייה שלגון,,,מאגדת רביעייה שלגון,,200.00,100 גרם,false,,21.90,0.1095,true,1,410932
7290101113805,false,מאגדת יופלה שייק פרי,,,מאגדת יופלה שייק פרי,,350.00,100 גרם,false,,24.90,0.0711,true,1,408611
7290101113829,false,מאגדת ופלה שייק פרי,,,מאגדת ופלה שייק פרי,,350.00,100 גרם,false,,24.90,0.0711,true,1,408596
7290101113904,false,מנבו וניל 12 יח 288,,,מנבו וניל 12 יח 288,,288.00,100 גרם,false,,24.90,0.0865,true,1,494478
7290101113911,false,מנבו מוקה 12 יח 288,,,מנבו מוקה 12 יח 288,,288.00,100 גרם,false,,24.90,0.0865,true,1,494479
7290101459880,false,נרות אותיות- יום הול,,,נרות אותיות- יום הול,יחידה,0.00,יחידה,false,,9.90,0.0000,true,1,35302
7290101486688,false,פרי חטיפי בריאות מאר,,,פרי חטיפי בריאות מאר,,100.00,100 גרם,false,,19.70,0.1970,true,1,23761
7290101551300,false,סילאן טבעי לחיץ יד מ,,,סילאן טבעי לחיץ יד מ,,380.00,100 גרם,false,,15.90,0.0418,true,1,133003
7290101551584,false,מארז תפוצ'יפס קידס 1,,,מארז תפוצ'יפס קידס 1,,200.00,100 גרם,false,,15.90,0.0795,true,1,134990
7290101551638,false,מארז צ'יטוס כאפה 10*,,,מארז צ'יטוס כאפה 10*,,200.00,100 גרם,false,,13.90,0.0695,true,1,134056
7290101863410,false,סיליט באנג ספריי אקו,,,סיליט באנג ספריי אקו,,750.00,"100 מ""ל",false,,17.90,0.0239,true,1,23079
7290101866633,false,וניש קליה ג'ל 3 ליטר,,,וניש קליה ג'ל 3 ליטר,ליטרים,3.00,ליטר,false,,31.90,10.6333,true,1,23109
7290101866787,false,וניש נוזל מסיר כתמים,,,וניש נוזל מסיר כתמים,ליטרים,3.00,ליטר,false,,31.90,10.6333,true,1,23114
7290101869795,false,איירוויק מילוי מבשם,,,איירוויק מילוי מבשם,,250.00,"100 מ""ל",false,,14.90,0.0596,true,1,23169
7290101869801,false,איירוויק מבשם אויר ח,,,איירוויק מבשם אויר ח,יחידה,0.00,יחידה,false,,29.90,0.0000,true,1,23170
7290101999720,false,נרות מטה לבבות פו,,,נרות מטה לבבות פו,יחידה,0.00,יחידה,false,,7.50,0.0000,true,1,35778
7290102030330,false,תפוצ'יפס קראנץ מקסיק,,,תפוצ'יפס קראנץ מקסיק,,200.00,100 גרם,false,,10.90,0.0545,true,1,25541
7290102031276,false,אקטימל תות בננה 8*10,,,אקטימל תות בננה 8*10,,800.00,"100 מ""ל",false,,22.90,0.0286,true,1,25056
7290102032334,false,קפה נמס עלית בטעם ונ,,,קפה נמס עלית בטעם ונ,,200.00,100 גרם,false,,30.90,0.1545,true,1,24374
7290102303977,false,טונה בשמן זית רוברט,,,טונה בשמן זית רוברט,,120.00,100 גרם,false,,13.90,0.1158,true,1,465858
7290102390427,false,מולר פרופ תות 3% 150,,,מולר פרופ תות 3% 150,,150.00,100 גרם,false,,5.50,0.0367,true,1,8086
7290102390465,false,מולר פרופ אפרסק פסיפ,,,מולר פרופ אפרסק פסיפ,,150.00,100 גרם,false,,5.50,0.0367,true,1,8087
7290102391844,false,מולר פרופ לבן+קציפת,,,מולר פרופ לבן+קציפת,,150.00,100 גרם,false,,5.50,0.0367,true,1,8107
7290102392049,false,צוריאל תבור 5% 500ג,,,צוריאל תבור 5% 500ג,,500.00,100 גרם,false,,27.80,0.0556,true,1,8111
7290102392094,false,צוריאל חלב עיזים 1ל,,,צוריאל חלב עיזים 1ל,ליטרים,1.00,ליטר,false,,16.90,16.9000,true,1,8115
7290102393039,false,מולר מיקס בתוספת פצפ,,,מולר מיקס בתוספת פצפ,,170.00,"100 מ""ל",false,,5.90,0.0347,true,1,8144
7290102393169,false,מולר סימפלי פרוט תות,,,מולר סימפלי פרוט תות,,150.00,100 גרם,false,,5.50,0.0367,true,1,8152
7290102393176,false,מולר סימפלי פרוט אפר,,,מולר סימפלי פרוט אפר,,150.00,100 גרם,false,,5.50,0.0367,true,1,8153
7290102393190,false,מולר סימפלי פרוט פיר,,,מולר סימפלי פרוט פיר,,150.00,100 גרם,false,,5.50,0.0367,true,1,8155
7290102393268,false,טרה גבינה לבנה אריזת,,,טרה גבינה לבנה אריזת,,750.00,100 גרם,false,,14.90,0.0199,true,1,8156
7290102393299,false,צוריאל יוגורט עיזים,,,צוריאל יוגורט עיזים,,500.00,"100 מ""ל",false,,13.50,0.0270,true,1,8157
7290102393848,false,צוריאל יוגורט עיזים,,,צוריאל יוגורט עיזים,,150.00,"100 מ""ל",false,,6.70,0.0447,true,1,8169
7290102393855,false,צוריאל יוגורט עיזים,,,צוריאל יוגורט עיזים,,150.00,"100 מ""ל",false,,6.70,0.0447,true,1,8170
7290102393947,false,מולר סימפלי פרוט קיו,,,מולר סימפלי פרוט קיו,,150.00,"100 מ""ל",false,,5.50,0.0367,true,1,8171
7290102394258,false,צוריאל מה עז 9% 180ג,,,צוריאל מה עז 9% 180ג,,180.00,100 גרם,false,,26.40,0.1467,true,1,8180
7290102394463,false,נעם גבינה צהובה וואק,,,נעם גבינה צהובה וואק,,500.00,100 גרם,false,,28.00,0.0560,true,1,8189
7290102394821,false,נעם גבינה צהובה דק ד,,,נעם גבינה צהובה דק ד,,200.00,100 גרם,false,,16.20,0.0810,true,1,8195
7290102395101,false,מוו ממרח גבינה ושוקו,,,מוו ממרח גבינה ושוקו,,200.00,100 גרם,false,,11.90,0.0595,true,1,8203
7290102395217,false,מולר ביאנקו במתיקות,,,מולר ביאנקו במתיקות,קילוגרמים,1.20,"ק""ג",false,,19.90,16.5833,true,1,8207
7290102395224,false,מולר נטורל 1.7% 8*15,,,מולר נטורל 1.7% 8*15,קילוגרמים,1.20,"ק""ג",false,,16.90,14.0833,true,1,8208
7290102395231,false,מולר נטורל 2.8% 8*15,,,מולר נטורל 2.8% 8*15,קילוגרמים,1.20,"ק""ג",false,,16.90,14.0833,true,1,8209
7290102395262,false,מולר תות שדה ואפרסק,,,מולר תות שדה ואפרסק,קילוגרמים,1.20,"ק""ג",false,,32.40,27.0000,true,1,8210
7290102395446,false,מוו וניל קצפת 123מל,,,מוו וניל קצפת 123מל,,123.00,"100 מ""ל",false,,3.50,0.0285,true,1,8215
7290102395477,false,מוו שוקולד קצפת 123מ,,,מוו שוקולד קצפת 123מ,,123.00,"100 מ""ל",false,,3.50,0.0285,true,1,8218
7290102396436,false,מוו מעדן שוקולד 1.5%,,,מוו מעדן שוקולד 1.5%,,125.00,100 גרם,false,,3.50,0.0280,true,1,8257
7290102396443,false,מוו מעדן וניל 1.5% 1,,,מוו מעדן וניל 1.5% 1,,125.00,100 גרם,false,,3.50,0.0280,true,1,8258
7290102396719,false,מולר סימפלי פרוט תות,,,מולר סימפלי פרוט תות,,170.00,100 גרם,false,,5.50,0.0324,true,1,8275
7290102396740,false,מולר סימפלי פרוט 0%,,,מולר סימפלי פרוט 0%,קילוגרמים,1.20,"ק""ג",false,,32.40,27.0000,true,1,8278
7290102397204,false,נעם צהובה דק דק 22%,,,נעם צהובה דק דק 22%,,200.00,100 גרם,false,,16.20,0.0810,true,1,8303
7290102397600,false,מולר מיקס שקדים ובוט,,,מולר מיקס שקדים ובוט,,168.00,100 גרם,false,,5.90,0.0351,true,1,8328
7290102397617,false,מולר מיקס קליק 168 ג,,,מולר מיקס קליק 168 ג,,168.00,100 גרם,false,,5.90,0.0351,true,1,8329
7290102397730,false,גבינת אמנטל נעם פתיח,,,גבינת אמנטל נעם פתיח,,200.00,100 גרם,false,,17.90,0.0895,true,1,83945
7290102397747,false,מוצרלה נעם רכיבים ט,,,מוצרלה נעם רכיבים ט,,200.00,100 גרם,false,,19.90,0.0995,true,1,109566
7290102397891,false,רביעייה גבינה מותכת,,,רביעייה גבינה מותכת,,100.00,100 גרם,false,,7.90,0.0790,true,1,76665
7290102398065,false,טרה חלב קרטון 3% מהד,,,טרה חלב קרטון 3% מהד,יחידה,0.00,יחידה,false,,12.46,0.0000,true,1,92031
7290102398072,false,טרה חלב בקרטון 3% 1ל,,,טרה חלב בקרטון 3% 1ל,ליטרים,1.00,ליטר,false,,6.23,6.2300,true,1,92025
7290102398331,false,חלב מועשר 1 ליטר דל,,,חלב מועשר 1 ליטר דל,ליטרים,1.00,ליטר,false,,8.50,8.5000,true,1,112689
7290102398560,false,שוקו טרה מועשר בבקבו,,,שוקו טרה מועשר בבקבו,ליטרים,1.00,ליטר,false,,12.50,12.5000,true,1,127906
7290102398614,false,משקה חלב בטעם בננה 1,,,משקה חלב בטעם בננה 1,ליטרים,1.00,ליטר,false,,12.50,12.5000,true,1,127907
7290102398638,false,משקה חלב בטעם מוקה 1,,,משקה חלב בטעם מוקה 1,ליטרים,1.00,ליטר,false,,12.50,12.5000,true,1,127908
7290102398669,false,אייס קפוצ'ינו מווו ט,,,אייס קפוצ'ינו מווו ט,ליטרים,1.00,ליטר,false,,12.50,12.5000,true,1,248087
7290102398782,false,משקה סויה קלאסי משק,,,משקה סויה קלאסי משק,ליטרים,1.00,ליטר,false,,11.90,11.9000,true,1,199249
7290102398799,false,משקה סויה במתיקות מו,,,משקה סויה במתיקות מו,ליטרים,1.00,ליטר,false,,11.90,11.9000,true,1,199250
7290102398836,false,משקה שקדים קלאסי משק,,,משקה שקדים קלאסי משק,ליטרים,1.00,ליטר,false,,12.90,12.9000,true,1,199248
7290102399048,false,קשקבל נעם פתיחה חוזר,,,קשקבל נעם פתיחה חוזר,,200.00,100 גרם,false,,24.90,0.1245,true,1,144695
7290102399635,false,מעדן מולר פרופ קוקוס,,,מעדן מולר פרופ קוקוס,,150.00,100 גרם,false,,5.50,0.0367,true,1,248971
7290102399772,false,מולר ממרח חמאה במליח,,,מולר ממרח חמאה במליח,,250.00,100 גרם,false,,18.90,0.0756,true,1,246041
7290102399789,false,מולר ממרח חמאה ללא מ,,,מולר ממרח חמאה ללא מ,,250.00,100 גרם,false,,18.90,0.0756,true,1,246042
7290102399802,false,יוגורט חלבון תות 20,,,יוגורט חלבון תות 20,,200.00,100 גרם,false,,6.90,0.0345,true,1,241694
7290103400194,false,כרוב לבן 400 ג בדצ י,,,כרוב לבן 400 ג בדצ י,,400.00,100 גרם,false,,11.40,0.0285,true,1,25061
7290103400231,false,גזר גוליאן בדצ 400גר,,,גזר גוליאן בדצ 400גר,,400.00,100 גרם,false,,11.40,0.0285,true,1,25062
7290103400255,false,סלט קולסלאו 400 ג בד,,,סלט קולסלאו 400 ג בד,,400.00,100 גרם,false,,11.40,0.0285,true,1,25063
7290103401429,false,קפה אוריגינס קצב ברז,,,קפה אוריגינס קצב ברז,,200.00,100 גרם,false,,29.90,0.1495,true,1,24388
7290103404758,false,אחלה כרוב אדום 120ג,,,אחלה כרוב אדום 120ג,,120.00,100 גרם,false,,5.90,0.0492,true,1,25066
7290103408206,false,עלי חסה ערבית שטופים,,,עלי חסה ערבית שטופים,,250.00,100 גרם,false,,11.90,0.0476,true,1,25070
7290103700386,false,טאצ' כריות יפניות 6י,,,טאצ' כריות יפניות 6י,יחידה,0.00,יחידה,false,,10.90,0.0000,true,1,25886
7290103700393,false,טאצ' כריות יפניות עב,,,טאצ' כריות יפניות עב,יחידה,0.00,יחידה,false,,9.90,0.0000,true,1,25887
7290103700997,false,לאבלי נייר טואלט 40,,,לאבלי נייר טואלט 40,,716.00,מטר,false,,43.90,0.0613,true,1,25891
7290103701017,false,טאצ' נייר אפייה נשלף,,,טאצ' נייר אפייה נשלף,יחידה,0.00,יחידה,false,,10.90,0.0000,true,1,25892
7290103701093,false,טאצ מטליות מקרופייבר,,,טאצ מטליות מקרופייבר,יחידה,0.00,יחידה,false,,14.90,0.0000,true,1,25895
7290103701130,false,טאצ מטליות מקרופייבר,,,טאצ מטליות מקרופייבר,יחידה,0.00,יחידה,false,,14.90,0.0000,true,1,25896
7290103702229,false,טאצ מפות עבות במיוחד,,,טאצ מפות עבות במיוחד,יחידה,0.00,יחידה,false,,9.80,0.0000,true,1,25905
7290103702304,false,טאצ אשפתון בגליל 35,,,טאצ אשפתון בגליל 35,יחידה,0.00,יחידה,false,,16.90,0.0000,true,1,25912
7290103702328,false,טאצ אשפתון בגליל 25,,,טאצ אשפתון בגליל 25,יחידה,0.00,יחידה,false,,16.90,0.0000,true,1,25914
7290103702540,false,נייר טואלט 30 יח' מ,,,נייר טואלט 30 יח' מ,יחידה,0.00,יחידה,false,,24.90,0.0000,true,1,232119
7290103703219,false,טאצ' מטליות לחות לני,,,טאצ' מטליות לחות לני,יחידה,0.00,יחידה,false,,20.90,0.0000,true,1,115532
7290103703226,false,טאצ' מטליות לחות לני,,,טאצ' מטליות לחות לני,,50.00,יח',false,,8.90,0.1780,true,1,130089
7290103703370,false,טאצ' מגבוני נייר טוא,,,טאצ' מגבוני נייר טוא,,3.00,יח',false,,15.90,5.3000,true,1,129654
7290103703738,false,טאצ' מפות עבות במיוח,,,טאצ' מפות עבות במיוח,,45.00,מטר,false,,33.90,0.7533,true,1,165740
7290103704155,false,מגבות נייר 6 גלילים,,,מגבות נייר 6 גלילים,,63.00,מטר,false,,10.90,0.1730,true,1,329577
7290103704162,false,נייר טואלט טאצ' 32 ג,,,נייר טואלט טאצ' 32 ג,,0.00,יח',false,,32.90,0.0000,true,1,306528
7290103704179,false,מגבות נייר 8 גלילים,,,מגבות נייר 8 גלילים,,83.00,מטר,false,,14.90,0.1795,true,1,328847
7290103704186,false,מגבות טאצ' גליל כפול,,,מגבות טאצ' גליל כפול,יחידה,0.00,יחידה,false,,20.90,0.0000,true,1,391947
7290103704575,false,נייר טואלט טאצ' 48 י,,,נייר טואלט טאצ' 48 י,יחידה,0.00,יחידה,false,,41.90,0.0000,true,1,306543
7290103746001,false,ממחטות טאצ' חמישייה,,,ממחטות טאצ' חמישייה,יחידה,0.00,יחידה,false,,12.90,0.0000,true,1,25932
7290104061219,false,רבע לשבע אצבעות שוקו,,,רבע לשבע אצבעות שוקו,,120.00,100 גרם,false,,12.90,0.1075,true,1,24411
7290104061417,false,אחלה חומוס טחינה 400,,,אחלה חומוס טחינה 400,,400.00,100 גרם,false,,11.90,0.0298,true,1,25073
7290104061424,false,אחלה חומוס זעתר 400,,,אחלה חומוס זעתר 400,,400.00,100 גרם,false,,11.90,0.0298,true,1,25074
7290104061431,false,אחלה חומוס צנובר 400,,,אחלה חומוס צנובר 400,,400.00,100 גרם,false,,11.90,0.0298,true,1,25075
7290104061448,false,אחלה חומוס חריף 400ג,,,אחלה חומוס חריף 400ג,,400.00,100 גרם,false,,11.90,0.0298,true,1,25076
7290104062599,false,גמדים תות בננה 8*100,,,גמדים תות בננה 8*100,,800.00,"100 מ""ל",false,,18.90,0.0236,true,1,25077
7290104065934,false,שטראוס עלי רוקט 150ג,,,שטראוס עלי רוקט 150ג,,150.00,100 גרם,false,,10.90,0.0727,true,1,25079
7290104066566,false,אחלה טחינה 500ג,,,אחלה טחינה 500ג,,500.00,100 גרם,false,,15.90,0.0318,true,1,25082
7290104068539,false,מאסט מלון ואבטיח 28ג,,,מאסט מלון ואבטיח 28ג,,28.00,100 גרם,false,,4.90,0.1750,true,1,24425
7290104068546,false,מאסט קולה 28 גרם,,,מאסט קולה 28 גרם,,28.00,100 גרם,false,,4.90,0.1750,true,1,24426
7290104500572,false,אפרופו איטלקי 36*50ג,,,אפרופו איטלקי 36*50ג,,50.00,100 גרם,false,,5.80,0.1160,true,1,21652
7290104501661,false,אסם פודינג בטעם וניל,,,אסם פודינג בטעם וניל,,80.00,100 גרם,false,,6.50,0.0813,true,1,21653
7290104504228,false,דובונים קדמ.מארז אחי,,,דובונים קדמ.מארז אחי,,100.00,100 גרם,false,,14.90,0.1490,true,1,21660
7290104508202,false,גביעי גלידה אמריקאים,,,גביעי גלידה אמריקאים,,120.00,100 גרם,false,,13.90,0.1158,true,1,121540
7290104508943,false,במבה קלאסי 18*200 גר,,,במבה קלאסי 18*200 גר,,200.00,100 גרם,false,,9.50,0.0475,true,1,21671
7290104509247,false,עוגת קראנץ' שוקולד 6,,,עוגת קראנץ' שוקולד 6,,650.00,100 גרם,false,,27.90,0.0429,true,1,37287
7290104509353,false,עוגת בריוש פרג 550 ג,,,עוגת בריוש פרג 550 ג,,550.00,100 גרם,false,,29.90,0.0544,true,1,37289
7290104570131,false,"תמר מג'הול 1 ק""ג",,,"תמר מג'הול 1 ק""ג",קילוגרמים,1.00,"ק""ג",false,,18.90,18.9000,true,1,63220
7290104570162,false,תמר כבוש 500 גרם,,,תמר כבוש 500 גרם,,500.00,100 גרם,false,,12.90,0.0258,true,1,3020
7290104721953,false,לקט מסולסלים ירקות 3,,,לקט מסולסלים ירקות 3,,350.00,100 גרם,false,,14.00,0.0400,true,1,25092
7290104722530,false,תפוציפס שמנת בצל 200,,,תפוציפס שמנת בצל 200,,200.00,100 גרם,false,,10.90,0.0545,true,1,25582
7290104726712,false,מילקי שמינייה מארז 8,,,מילקי שמינייה מארז 8,קילוגרמים,1.06,"ק""ג",false,,21.90,20.6604,true,1,25103
7290104728310,false,יטבתה שמנת עמידה לקצ,,,יטבתה שמנת עמידה לקצ,,250.00,"100 מ""ל",false,,6.47,0.0259,true,1,25108
7290104960239,false,תחליב רחצה קמומיל נק,,,תחליב רחצה קמומיל נק,,750.00,"100 מ""ל",false,,12.90,0.0172,true,1,32825
7290104960246,false,תחליב רחצה ורד ויסמי,,,תחליב רחצה ורד ויסמי,,750.00,"100 מ""ל",false,,12.90,0.0172,true,1,32826
7290104960253,false,תחליב רחצה לבנדר נקה,,,תחליב רחצה לבנדר נקה,,750.00,"100 מ""ל",false,,12.90,0.0172,true,1,32827
7290104961540,false,טיטניום דאודורנט ספר,,,טיטניום דאודורנט ספר,,150.00,"100 מ""ל",false,,14.90,0.0993,true,1,32852
7290104961878,false,קרטין אינטנס שמפו נט,,,קרטין אינטנס שמפו נט,,400.00,"100 מ""ל",false,,31.90,0.0797,true,1,32855
7290104965647,false,דאו' רול און נושם לב,,,דאו' רול און נושם לב,,50.00,"100 מ""ל",false,,14.90,0.2980,true,1,325891
7290105360250,false,עלית קפסולות מקיאטו,,,עלית קפסולות מקיאטו,,50.00,100 גרם,false,,18.90,0.3780,true,1,24451
7290105360335,false,עלית קפסולות אספרסו,,,עלית קפסולות אספרסו,,50.00,100 גרם,false,,18.90,0.3780,true,1,24453
7290105360755,false,שמן זית 3 חזק כתית י,,,שמן זית 3 חזק כתית י,,750.00,"100 מ""ל",false,,38.90,0.0519,true,1,24456
7290105360878,false,תפוציפס מארז 4*50ג,,,תפוציפס מארז 4*50ג,,200.00,100 גרם,false,,12.90,0.0645,true,1,25596
7290105362339,false,יטבתה שמנת לבישול 15,,,יטבתה שמנת לבישול 15,,250.00,"100 מ""ל",false,,8.90,0.0356,true,1,25113
7290105363602,false,כיף כף מקלות קלאסי 4,,,כיף כף מקלות קלאסי 4,,40.00,100 גרם,false,,5.90,0.1475,true,1,24465
7290105364302,false,כיף כף מקלות אגוזים,,,כיף כף מקלות אגוזים,,42.00,100 גרם,false,,5.90,0.1405,true,1,24468
7290105366023,false,אחלה חציל בטעם כבד 4,,,אחלה חציל בטעם כבד 4,,400.00,100 גרם,false,,16.90,0.0422,true,1,25116
7290105366047,false,אחלה טחינה לבנה 400ג,,,אחלה טחינה לבנה 400ג,,400.00,100 גרם,false,,16.90,0.0422,true,1,25118
7290105366993,false,סימפוניה פלפל שיפקה,,,סימפוניה פלפל שיפקה,,200.00,100 גרם,false,,12.90,0.0645,true,1,25124
7290105368331,false,"מילקי תות 170 מ""ל",,,"מילקי תות 170 מ""ל",,170.00,"100 מ""ל",false,,2.90,0.0171,true,1,25136
7290105439505,false,מאסטר שף קרם בטעם מ,,,מאסטר שף קרם בטעם מ,,479.00,100 גרם,false,,13.50,0.0282,true,1,23858
7290105439581,false,מאסטר שף מאסטר שף חר,,,מאסטר שף מאסטר שף חר,,370.00,"100 מ""ל",false,,13.90,0.0376,true,1,23859
7290105691224,false,חטיפי פריכונים טורטי,,,חטיפי פריכונים טורטי,,60.00,100 גרם,false,,8.10,0.1350,true,1,21693
7290105691248,false,חטיפי פריכונים טורטי,,,חטיפי פריכונים טורטי,,60.00,100 גרם,false,,8.10,0.1350,true,1,21694
7290105691934,false,"קמח שמרים אסם 1 ק""ג",,,"קמח שמרים אסם 1 ק""ג",קילוגרמים,1.00,"ק""ג",false,,10.90,10.9000,true,1,21702
7290105693341,false,במבה מאח.15 10*25גרם,,,במבה מאח.15 10*25גרם,,250.00,100 גרם,false,,17.90,0.0716,true,1,21711
7290105693457,false,עוגת הבית דמקה שוקו,,,עוגת הבית דמקה שוקו,,320.00,100 גרם,false,,14.90,0.0466,true,1,21712
7290105695024,false,פתיתים אפויים אורז ע,,,פתיתים אפויים אורז ע,,500.00,100 גרם,false,,7.90,0.0158,true,1,21722
7290105695321,false,הבית עוגות בראוניס פ,,,הבית עוגות בראוניס פ,,380.00,100 גרם,false,,19.50,0.0513,true,1,70720
7290105962331,false,סחוג חריף מאוד זהבי,,,סחוג חריף מאוד זהבי,,220.00,100 גרם,false,,12.40,0.0564,true,1,25152
7290105964564,false,אחלה חומוס אחלה 400ג,,,אחלה חומוס אחלה 400ג,,400.00,100 גרם,false,,9.90,0.0248,true,1,25157
7290105965738,false,דנונה משקה תות בננה,,,דנונה משקה תות בננה,,267.00,100 גרם,false,,5.50,0.0206,true,1,25165
7290105966469,false,חומץ בלסמי יד מרדכי,,,חומץ בלסמי יד מרדכי,,250.00,100 גרם,false,,16.90,0.0676,true,1,24506
7290105968098,false,אחלה קולסלאו 500ג,,,אחלה קולסלאו 500ג,,500.00,100 גרם,false,,16.90,0.0338,true,1,25177
7290105968654,false,שטראוס רביולי בטטה 4,,,שטראוס רביולי בטטה 4,,400.00,100 גרם,false,,21.70,0.0542,true,1,25178
7290105968777,false,פריכיות תחתית שוקלד,,,פריכיות תחתית שוקלד,,70.00,100 גרם,false,,8.90,0.1271,true,1,24513
7290106520066,false,רבע לשבע 160 גרם,,,רבע לשבע 160 גרם,,160.00,100 גרם,false,,12.90,0.0806,true,1,24515
7290106520288,false,דנונה פרו תות 150 גר,,,דנונה פרו תות 150 גר,,150.00,100 גרם,false,,4.90,0.0327,true,1,25180
7290106520912,false,יטבתה שמנת לבישול 9%,,,יטבתה שמנת לבישול 9%,,250.00,"100 מ""ל",false,,8.90,0.0356,true,1,25190
7290106521049,false,אחלה קוביות סלק 400,,,אחלה קוביות סלק 400,,400.00,100 גרם,false,,16.90,0.0422,true,1,25192
7290106521926,false,קפה טורקי עלית 150 ג,,,קפה טורקי עלית 150 ג,,150.00,100 גרם,false,,13.90,0.0927,true,1,91854
7290106524439,false,תפוציפס פופס 60 גרם,,,תפוציפס פופס 60 גרם,,60.00,100 גרם,false,,4.50,0.0750,true,1,112976
7290106525405,false,עלית קפסולות נטול למ,,,עלית קפסולות נטול למ,,50.00,100 גרם,false,,18.90,0.3780,true,1,24538
7290106526822,false,פריכיות עם תחתית שוק,,,פריכיות עם תחתית שוק,,80.00,100 גרם,false,,8.90,0.1113,true,1,24549
7290106528567,false,דוריטוס גריל 185 גר`,,,דוריטוס גריל 185 גר`,,185.00,100 גרם,false,,8.50,0.0459,true,1,25626
7290106528949,false,לקט ערוגות,,,לקט ערוגות,,450.00,100 גרם,false,,13.90,0.0309,true,1,25218
7290106571921,false,פיטנס עוגיות חמוציות,,,פיטנס עוגיות חמוציות,,180.00,100 גרם,false,,12.70,0.0706,true,1,70724
7290106572027,false,לחמית חמישה דגנים אס,,,לחמית חמישה דגנים אס,,190.00,100 גרם,false,,9.90,0.0521,true,1,21742
7290106572065,false,טורטיה בטעם תירס חמו,,,טורטיה בטעם תירס חמו,,60.00,100 גרם,false,,8.10,0.1350,true,1,21743
7290106572959,false,אפרופו קלאסי מאח.8 5,,,אפרופו קלאסי מאח.8 5,,75.00,100 גרם,false,,13.90,0.1853,true,1,21750
7290106573277,false,אסם קריספי טאפאס זית,,,אסם קריספי טאפאס זית,,150.00,100 גרם,false,,13.50,0.0900,true,1,121551
7290106573314,false,אסם קריספי טאפאס כפר,,,אסם קריספי טאפאס כפר,,150.00,100 גרם,false,,13.50,0.0900,true,1,121552
7290106573598,false,צבר חומוס לבנוני 400,,,צבר חומוס לבנוני 400,,400.00,100 גרם,false,,12.90,0.0323,true,1,22405
7290106573628,false,צבר חומוס עם טחינה 4,,,צבר חומוס עם טחינה 4,,400.00,100 גרם,false,,12.90,0.0323,true,1,22406
7290106574120,false,גומיגם 90גר.,,,גומיגם 90גר.,,90.00,100 גרם,false,,7.50,0.0833,true,1,17748
7290106574793,false,עוגת הבית שוקו שוקוצ,,,עוגת הבית שוקו שוקוצ,,350.00,100 גרם,false,,14.90,0.0426,true,1,70737
7290106574953,false,אסם בייגלה שטוחים שו,,,אסם בייגלה שטוחים שו,,300.00,100 גרם,false,,11.90,0.0397,true,1,70738
7290106574977,false,אסם בייגלה שטוחים עם,,,אסם בייגלה שטוחים עם,,300.00,100 גרם,false,,11.90,0.0397,true,1,21778
7290106575011,false,פתיתים אפויים חיטה מ,,,פתיתים אפויים חיטה מ,,400.00,100 גרם,false,,7.90,0.0198,true,1,21779
7290106575257,false,עוגת הבית סופלה בטעם,,,עוגת הבית סופלה בטעם,,340.00,100 גרם,false,,14.90,0.0438,true,1,70741
7290106575431,false,עוגת הבית סופלה בטעם,,,עוגת הבית סופלה בטעם,,340.00,100 גרם,false,,14.90,0.0438,true,1,21786
7290106576513,false,צבר חומוס 400 גרם,,,צבר חומוס 400 גרם,,400.00,100 גרם,false,,10.90,0.0273,true,1,22411
7290106576537,false,צבר חומוס מסעדה 700,,,צבר חומוס מסעדה 700,,700.00,100 גרם,false,,12.90,0.0184,true,1,22412
7290106576797,false,לה קרמריה וניל איטלק,,,לה קרמריה וניל איטלק,ליטרים,1.40,ליטר,false,,25.90,18.5000,true,1,17759
7290106576810,false,לה קרמריה ריבת חלב 1,,,לה קרמריה ריבת חלב 1,ליטרים,1.40,ליטר,false,,25.90,18.5000,true,1,17760
7290106576971,false,לה קרמריה שוקולד בלג,,,לה קרמריה שוקולד בלג,ליטרים,1.40,ליטר,false,,25.90,18.5000,true,1,17767
7290106576995,false,לה קרמריה לייט סורבה,,,לה קרמריה לייט סורבה,ליטרים,1.40,ליטר,false,,25.90,18.5000,true,1,17768
7290106577039,false,לה קרמריה שוקו וניל,,,לה קרמריה שוקו וניל,ליטרים,1.40,ליטר,false,,25.90,18.5000,true,1,17769
7290106577282,false,צבר מרובע טחינה 400ג,,,צבר מרובע טחינה 400ג,,400.00,100 גרם,false,,14.90,0.0373,true,1,22413
7290106577541,false,צבר מרובע כרוב אדום,,,צבר מרובע כרוב אדום,,400.00,100 גרם,false,,13.50,0.0338,true,1,22419
7290106577572,false,צבר מרובע מטבוחה 40,,,צבר מרובע מטבוחה 40,,400.00,100 גרם,false,,14.90,0.0373,true,1,22420
7290106578692,false,במבה ביסלי מיקס 36*8,,,במבה ביסלי מיקס 36*8,,80.00,100 גרם,false,,5.90,0.0738,true,1,21805
7290106578821,false,עוגת הבית שמרים קלאס,,,עוגת הבית שמרים קלאס,,350.00,100 גרם,false,,19.50,0.0557,true,1,21808
7290106652996,false,כיף כף מקלות קוקוס 4,,,כיף כף מקלות קוקוס 4,,40.00,100 גרם,false,,5.90,0.1475,true,1,503188
7290106653689,false,לקט לסלט אסייתי שטרא,,,לקט לסלט אסייתי שטרא,,350.00,100 גרם,false,,10.90,0.0311,true,1,64329
7290106654099,false,עוגות אישיות מילקי ק,,,עוגות אישיות מילקי ק,,272.00,100 גרם,false,,20.90,0.0768,true,1,121987
7290106662025,false,תפוציפס טבעי מלח פלפ,,,תפוציפס טבעי מלח פלפ,,50.00,100 גרם,false,,4.50,0.0900,true,1,25663
7290106663558,false,יד מרדכי רוטב טריאקי,,,יד מרדכי רוטב טריאקי,,280.00,"100 מ""ל",false,,14.90,0.0532,true,1,24642
7290106664067,false,שטראוס לאבנה שמן זית,,,שטראוס לאבנה שמן זית,,400.00,100 גרם,false,,15.90,0.0398,true,1,25269
7290106666788,false,סוכריות נוסטלגיה דבש,,,סוכריות נוסטלגיה דבש,,80.00,100 גרם,false,,7.90,0.0988,true,1,24659
7290106667266,false,דוריטוס חמוץ חריף 18,,,דוריטוס חמוץ חריף 18,,185.00,100 גרם,false,,8.50,0.0459,true,1,25702
7290106668577,false,מיץ לימון טבעי יד מר,,,מיץ לימון טבעי יד מר,,250.00,"100 מ""ל",false,,8.90,0.0356,true,1,24669
7290106668713,false,דנונה פירות יער3% 15,,,דנונה פירות יער3% 15,,150.00,"100 מ""ל",false,,3.90,0.0260,true,1,25281
7290106720626,false,ציטוס גבינה 80 גרם,,,ציטוס גבינה 80 גרם,,80.00,100 גרם,false,,5.50,0.0688,true,1,79218
7290106721913,false,מאסט צנצנת ריח פה צ',,,מאסט צנצנת ריח פה צ',,66.00,100 גרם,false,,11.90,0.1803,true,1,24704
7290106721920,false,מאסט צנצנת ספירמינט,,,מאסט צנצנת ספירמינט,,66.00,100 גרם,false,,11.90,0.1803,true,1,24705
7290106723689,false,שטראוס תרד בייבי 200,,,שטראוס תרד בייבי 200,,200.00,100 גרם,false,,11.90,0.0595,true,1,25292
7290106727984,false,כיף כף פצפצים 135 גר,,,כיף כף פצפצים 135 גר,,135.00,100 גרם,false,,11.90,0.0881,true,1,24762
7290106729650,false,דנונה יוגורט תות 8יח,,,דנונה יוגורט תות 8יח,קילוגרמים,1.20,"ק""ג",false,,27.00,22.5000,true,1,25322
7290107280013,false,ליטופים מגבונים ללא,,,ליטופים מגבונים ללא,יחידה,0.00,יחידה,false,,19.90,0.0000,true,1,32911
7290107280020,false,סנו סושי מגבונים לני,,,סנו סושי מגבונים לני,יחידה,0.00,יחידה,false,,20.90,0.0000,true,1,32912
7290107280099,false,סנו סופט מגבוני טואל,,,סנו סופט מגבוני טואל,יחידה,0.00,יחידה,false,,18.90,0.0000,true,1,32918
7290107280341,false,ריצפז מטליות לחות לנ,,,ריצפז מטליות לחות לנ,יחידה,0.00,יחידה,false,,12.90,0.0000,true,1,201584
7290107280396,false,סנו ג'ט מתז למטבח 75,,,סנו ג'ט מתז למטבח 75,,750.00,"100 מ""ל",false,,15.90,0.0212,true,1,32925
7290107280563,false,סנו ג'ל אוקסיג'ן ביי,,,סנו ג'ל אוקסיג'ן ביי,ליטרים,3.00,ליטר,false,,32.90,10.9667,true,1,32933
7290107280570,false,מקסימה ג'ל כביסה מיק,,,מקסימה ג'ל כביסה מיק,ליטרים,3.00,ליטר,false,,35.90,11.9667,true,1,32934
7290107280761,false,ספארק נוזל לכלים לימ,,,ספארק נוזל לכלים לימ,יחידה,0.00,יחידה,false,,12.90,0.0000,true,1,32948
7290107340243,false,מטען בית אייפון,,,מטען בית אייפון,יחידה,0.00,יחידה,false,,39.90,0.0000,true,1,430457
7290107342070,false,אוזניות חיבור ישיר א,,,אוזניות חיבור ישיר א,יחידה,0.00,יחידה,false,,49.90,0.0000,true,1,430483
7290107342087,false,אוזניות חיבור ישיר ט,,,אוזניות חיבור ישיר ט,יחידה,0.00,יחידה,false,,49.90,0.0000,true,1,430484
7290107645584,false,מרק עוף אמיתי רכיבים,,,מרק עוף אמיתי רכיבים,,400.00,100 גרם,false,,30.90,0.0772,true,1,109418
7290107645591,false,מרק טעם עוף רכיבים ט,,,מרק טעם עוף רכיבים ט,,400.00,100 גרם,false,,19.50,0.0488,true,1,118751
7290107646154,false,חטיף קוקומן פצפוצים,,,חטיף קוקומן פצפוצים,,126.00,100 גרם,false,,13.90,0.1103,true,1,120888
7290107646383,false,סיף מטליות לחות לניק,,,סיף מטליות לחות לניק,יחידה,0.00,יחידה,false,,11.90,0.0000,true,1,89294
7290107647731,false,קוקומן חום לבן 20% ת,,,קוקומן חום לבן 20% ת,,375.00,100 גרם,false,,23.40,0.0624,true,1,102109
7290107870047,false,אקסטרים מטבע ענק ברא,,,אקסטרים מטבע ענק ברא,,115.00,100 גרם,false,,9.90,0.0861,true,1,17776
7290107871990,false,פסטה צינורות אסם 500,,,פסטה צינורות אסם 500,,500.00,100 גרם,false,,6.90,0.0138,true,1,21839
7290107874502,false,ביסלי גריל 4*55 גרם,,,ביסלי גריל 4*55 גרם,,220.00,100 גרם,false,,12.90,0.0586,true,1,70768
7290107875271,false,ביסלי ברבקיו מארז 4*,,,ביסלי ברבקיו מארז 4*,,220.00,100 גרם,false,,12.90,0.0586,true,1,121580
7290107877619,false,במבה במילוי קרם נוגט,,,במבה במילוי קרם נוגט,,150.00,100 גרם,false,,14.90,0.0993,true,1,21917
7290107932080,false,יטבתה חלב בבקבוק 3%,,,יטבתה חלב בבקבוק 3%,ליטרים,1.00,ליטר,false,,7.90,7.9000,true,1,25335
7290107932134,false,יטבתה חלב בבקבוק 1%,,,יטבתה חלב בבקבוק 1%,ליטרים,1.00,ליטר,false,,7.90,7.9000,true,1,25337
7290107933155,false,לקט סלנובה 200 גרם,,,לקט סלנובה 200 גרם,,200.00,100 גרם,false,,14.90,0.0745,true,1,25339
7290107934473,false,אקטיביה מארז מיוחד 1,,,אקטיביה מארז מיוחד 1,קילוגרמים,1.20,"ק""ג",false,,21.90,18.2500,true,1,25353
7290107936309,false,דנונה יווני לבן 130,,,דנונה יווני לבן 130,,130.00,100 גרם,false,,3.50,0.0269,true,1,25363
7290107937542,false,משקה אקטיביה תות 1.2,,,משקה אקטיביה תות 1.2,,265.00,"100 מ""ל",false,,5.50,0.0208,true,1,25371
7290107937627,false,צנצנת קוביות ספירמינ,,,צנצנת קוביות ספירמינ,,58.00,100 גרם,false,,11.90,0.2052,true,1,24835
7290107937634,false,צנצנת קוביות פפירמינ,,,צנצנת קוביות פפירמינ,,58.00,100 גרם,false,,11.90,0.2052,true,1,24836
7290107937641,false,צנצנת קוביות בזוקה 5,,,צנצנת קוביות בזוקה 5,,58.00,100 גרם,false,,11.90,0.2052,true,1,24837
7290107938396,false,דנונה Actimel בנים ב,,,דנונה Actimel בנים ב,,864.00,100 גרם,false,,22.90,0.0265,true,1,25377
7290107939027,false,גזרדק דק 250 גרם בד`,,,גזרדק דק 250 גרם בד`,,250.00,100 גרם,false,,8.90,0.0356,true,1,25383
7290107940030,false,חומוס אחלה 650 גר,,,חומוס אחלה 650 גר,,650.00,100 גרם,false,,10.90,0.0168,true,1,25396
7290107940467,false,דנונה אקטיביה יוגורט,,,דנונה אקטיביה יוגורט,,200.00,100 גרם,false,,4.50,0.0225,true,1,25404
7290107941273,false,חומוס מבושל 475 גרם,,,חומוס מבושל 475 גרם,,475.00,100 גרם,false,,12.90,0.0272,true,1,25416
7290107942355,false,תפוציפס מקלות בטעם ט,,,תפוציפס מקלות בטעם ט,,60.00,יח',false,,4.50,0.0750,true,1,25775
7290107943192,false,יטבתה שמנת 27% 200מ,,,יטבתה שמנת 27% 200מ,,200.00,"100 מ""ל",false,,4.50,0.0225,true,1,104199
7290107943369,false,שיבולת שועל ללא גלוט,,,שיבולת שועל ללא גלוט,,511.00,100 גרם,false,,19.90,0.0389,true,1,102359
7290107944472,false,סימפוניה 5% שום שמיר,,,סימפוניה 5% שום שמיר,,200.00,100 גרם,false,,12.90,0.0645,true,1,25436
7290107945165,false,יד מרדכי קונפיטורת מ,,,יד מרדכי קונפיטורת מ,,340.00,100 גרם,false,,13.90,0.0409,true,1,64312
7290107950190,false,מעדן דיאט שוקולד מרי,,,מעדן דיאט שוקולד מרי,,130.00,100 גרם,false,,3.50,0.0269,true,1,25445
7290107950206,false,מעדן דיאט שוקולד % 0,,,מעדן דיאט שוקולד % 0,,130.00,100 גרם,false,,3.50,0.0269,true,1,25446
7290107953559,false,קפה טורקי לדרך 168 ג,,,קפה טורקי לדרך 168 ג,,168.00,100 גרם,false,,19.90,0.1185,true,1,24888
7290107954709,false,יד מרדכי קונפיטורת פ,,,יד מרדכי קונפיטורת פ,,340.00,100 גרם,false,,13.90,0.0409,true,1,89265
7290107954976,false,משקה פרו בטעם קפה יט,,,משקה פרו בטעם קפה יט,,350.00,"100 מ""ל",false,,6.90,0.0197,true,1,92438
7290107956901,false,עלית קפסולות אספרסו,,,עלית קפסולות אספרסו,,150.00,100 גרם,false,,18.90,0.1260,true,1,109020
7290107956925,false,עלית קפסולות אוגנדה,,,עלית קפסולות אוגנדה,,50.00,100 גרם,false,,18.90,0.3780,true,1,135919
7290107956932,false,עלית קפסולות אידונזי,,,עלית קפסולות אידונזי,,50.00,100 גרם,false,,18.90,0.3780,true,1,104170
7290107957069,false,מסטיק עלמה בטעם אוכמ,,,מסטיק עלמה בטעם אוכמ,,66.00,100 גרם,false,,11.90,0.1803,true,1,104171
7290107957076,false,מסטיק עמלה בטעם ספיר,,,מסטיק עמלה בטעם ספיר,,66.00,100 גרם,false,,11.90,0.1803,true,1,104172
7290107958035,false,8 דנונה מתיקות מעודנ,,,8 דנונה מתיקות מעודנ,קילוגרמים,1.20,"ק""ג",false,,19.50,16.2500,true,1,109128
7290107973809,false,קוביות עגבניות מאסטר,,,קוביות עגבניות מאסטר,,400.00,100 גרם,false,,6.90,0.0173,true,1,23908
7290107974066,false,עלי טורטיה קמח מלא מ,,,עלי טורטיה קמח מלא מ,,320.00,100 גרם,false,,11.90,0.0372,true,1,23914
7290107974073,false,עלי טורטיה קמח לבן מ,,,עלי טורטיה קמח לבן מ,,320.00,100 גרם,false,,11.90,0.0372,true,1,23915
7290107976916,false,פלמוליב סבון ידיים ח,,,פלמוליב סבון ידיים ח,,300.00,"100 מ""ל",false,,10.90,0.0363,true,1,91790
7290107978330,false,איטריות דקות מאסטר ש,,,איטריות דקות מאסטר ש,,400.00,100 גרם,false,,6.90,0.0173,true,1,94830
7290108070316,false,שקית 50 פסטל,,,שקית 50 פסטל,יחידה,0.00,יחידה,false,,11.90,0.0000,true,1,36146
7290108074659,false,סוכריה טבעת הלו קיטי,,,סוכריה טבעת הלו קיטי,יחידה,0.00,יחידה,false,,5.50,0.0000,true,1,125503
7290108350128,false,סנו סושי שקיות חזקות,,,סנו סושי שקיות חזקות,יחידה,0.00,יחידה,false,,28.90,0.0000,true,1,32957
7290108350142,false,סנו סושי שקיות רב שי,,,סנו סושי שקיות רב שי,יחידה,0.00,יחידה,false,,16.90,0.0000,true,1,32959
7290108350258,false,סנו סופט נייר טואלט,,,סנו סופט נייר טואלט,,180.00,מטר,false,,44.90,0.2494,true,1,32966
7290108350531,false,סנו ספארק משאבה בניח,,,סנו ספארק משאבה בניח,ליטרים,1.00,ליטר,false,,12.90,12.9000,true,1,32970
7290108350548,false,סנו ספארק משאבה בניח,,,סנו ספארק משאבה בניח,ליטרים,1.00,ליטר,false,,12.90,12.9000,true,1,32971
7290108350586,false,ספארק נוזל כלים בניח,,,ספארק נוזל כלים בניח,ליטרים,1.50,ליטר,false,,15.90,10.6000,true,1,32974
7290108351149,false,סנו ג`ט פלוס לניקוי,,,סנו ג`ט פלוס לניקוי,יחידה,0.00,יחידה,false,,14.90,0.0000,true,1,32999
7290108351156,false,סנו ג`ט פלוס לניקוי,,,סנו ג`ט פלוס לניקוי,יחידה,0.00,יחידה,false,,14.90,0.0000,true,1,33000
7290108351699,false,מגבונים ג'ט+חומץ מאר,,,מגבונים ג'ט+חומץ מאר,יחידה,0.00,יחידה,false,,22.90,0.0000,true,1,134381
7290108351804,false,סנו מקסימה מרכך כביס,,,סנו מקסימה מרכך כביס,יחידה,0.00,יחידה,false,,18.90,0.0000,true,1,164364
7290108351811,false,סנו מקסימה מרכך כביס,,,סנו מקסימה מרכך כביס,יחידה,0.00,יחידה,false,,18.90,0.0000,true,1,164365
7290108351965,false,ג'ט סבון אסלה חומץ ו,,,ג'ט סבון אסלה חומץ ו,יחידה,0.00,יחידה,false,,12.90,0.0000,true,1,145296
7290108352047,false,אורביטול מברשת לחניכ,,,אורביטול מברשת לחניכ,יחידה,0.00,יחידה,false,,21.90,0.0000,true,1,410915
7290108352061,false,אורביטול משחת שיניים,,,אורביטול משחת שיניים,,145.00,100 גרם,false,,15.90,0.1097,true,1,466459
7290108352207,false,קפס' כביסה בניחוח פל,,,קפס' כביסה בניחוח פל,,840.00,100 גרם,false,,44.90,0.0535,true,1,236129
7290108352290,false,שלישיית מטליות לחיטו,,,שלישיית מטליות לחיטו,יחידה,0.00,יחידה,false,,24.90,0.0000,true,1,225681
7290108352320,false,סנו פרש הום מלון בוט,,,סנו פרש הום מלון בוט,,350.00,"100 מ""ל",false,,12.90,0.0369,true,1,239832
7290108352337,false,סנו פרש הום אוטומטיק,,,סנו פרש הום אוטומטיק,,250.00,100 גרם,false,,16.90,0.0676,true,1,239833
7290108352481,false,מטהר אוויר סנומוד טר,,,מטהר אוויר סנומוד טר,,150.00,"100 מ""ל",false,,12.90,0.0860,true,1,297273
7290108352672,false,סנו סושי זוג מטלית ה,,,סנו סושי זוג מטלית ה,יחידה,0.00,יחידה,false,,20.90,0.0000,true,1,92761
7290108352689,false,כריות קרצוף ללכלוך ק,,,כריות קרצוף ללכלוך ק,יחידה,0.00,יחידה,false,,10.90,0.0000,true,1,33008
7290108352702,false,שלישיית מגבוני טואלט,,,שלישיית מגבוני טואלט,יחידה,0.00,יחידה,false,,18.90,0.0000,true,1,33009
7290108352801,false,סנו סושי 100 שקיות א,,,סנו סושי 100 שקיות א,,100.00,יח',false,,24.00,0.2400,true,1,127360
7290108352849,false,סנו סושי מטלית הפלא,,,סנו סושי מטלית הפלא,יחידה,0.00,יחידה,false,,15.90,0.0000,true,1,269755
7290108353068,false,סנו סושי-כרית קרצוף,,,סנו סושי-כרית קרצוף,,3.00,יח',false,,11.90,3.9667,true,1,165734
7290108353075,false,סנו סושי 50 מפיות אי,,,סנו סושי 50 מפיות אי,יחידה,0.00,יחידה,false,,11.90,0.0000,true,1,146109
7290108353488,false,סנובון דזיין בניחוח,,,סנובון דזיין בניחוח,יחידה,0.00,יחידה,false,,7.90,0.0000,true,1,160475
7290108353549,false,נייר אפיה סנו סושי 1,,,נייר אפיה סנו סושי 1,יחידה,0.00,יחידה,false,,22.90,0.0000,true,1,204172
7290108353747,false,קרמה תחליב רחצה ספא,,,קרמה תחליב רחצה ספא,,600.00,"100 מ""ל",false,,20.90,0.0348,true,1,471792
7290108353761,false,קרמה תחליב רחצה ספא,,,קרמה תחליב רחצה ספא,,600.00,"100 מ""ל",false,,20.90,0.0348,true,1,471793
7290108353815,false,קרמה תחליב רחצה ספא,,,קרמה תחליב רחצה ספא,,600.00,"100 מ""ל",false,,20.90,0.0348,true,1,471794
7290108354164,false,כיף שלישיית אלסבון ק,,,כיף שלישיית אלסבון ק,ליטרים,1.50,ליטר,false,,20.90,13.9333,true,1,283183
7290108354416,false,קרמה תחליב רחצה ספא,,,קרמה תחליב רחצה ספא,,600.00,"100 מ""ל",false,,20.90,0.0348,true,1,471795
7290108354447,false,מרכך כיף לשיקום והזנ,,,מרכך כיף לשיקום והזנ,,700.00,"100 מ""ל",false,,13.90,0.0199,true,1,293066
7290108354485,false,מרכך לשיער ארגן קר,,,מרכך לשיער ארגן קר,,700.00,"100 מ""ל",false,,14.90,0.0213,true,1,411047
7290108354591,false,תחליב רחצה ביו נקה,,,תחליב רחצה ביו נקה,,750.00,"100 מ""ל",false,,12.90,0.0172,true,1,449079
7290108354768,false,קרם גוף קרמה דבש 500,,,קרם גוף קרמה דבש 500,,500.00,"100 מ""ל",false,,27.90,0.0558,true,1,358758
7290108356090,false,קרמה תרחיץ ג'ל לשטיפ,,,קרמה תרחיץ ג'ל לשטיפ,,220.00,"100 מ""ל",false,,19.90,0.0905,true,1,317674
7290108356137,false,תחליב רחצה לבנדר כיף,,,תחליב רחצה לבנדר כיף,,700.00,"100 מ""ל",false,,12.90,0.0184,true,1,138178
7290108356519,false,שמפו לשיער בתוספת שמ,,,שמפו לשיער בתוספת שמ,,700.00,"100 מ""ל",false,,14.90,0.0213,true,1,391512
7290108356540,false,שמפו לשיער צבוע קרלי,,,שמפו לשיער צבוע קרלי,,700.00,"100 מ""ל",false,,14.90,0.0213,true,1,391529
7290108356564,false,מרכך לשיער רגיל קרלי,,,מרכך לשיער רגיל קרלי,,700.00,"100 מ""ל",false,,14.90,0.0213,true,1,391545
7290108356816,false,סבון בוטני גרניום לנ,,,סבון בוטני גרניום לנ,ליטרים,1.00,ליטר,false,,16.90,16.9000,true,1,468593
7290108357004,false,כיף שמפו לשיער ורד ו,,,כיף שמפו לשיער ורד ו,,700.00,"100 מ""ל",false,,13.90,0.0199,true,1,204173
7290108357042,false,דיאודורנט רול און בנ,,,דיאודורנט רול און בנ,,75.00,"100 מ""ל",false,,14.90,0.1987,true,1,420171
7290108357073,false,דיאודורנט ספריי בניח,,,דיאודורנט ספריי בניח,,150.00,"100 מ""ל",false,,13.90,0.0927,true,1,420202
7290108357301,false,סנו קיי-301 צהוב 300,,,סנו קיי-301 צהוב 300,,300.00,"100 מ""ל",false,,13.90,0.0463,true,1,449095
7290108357578,false,קרם ידיים בניחוח וני,,,קרם ידיים בניחוח וני,,100.00,"100 מ""ל",false,,10.90,0.1090,true,1,366480
7290108357653,false,סנובון סבון ג'ל לאסל,,,סנובון סבון ג'ל לאסל,,315.00,100 גרם,false,,18.90,0.0600,true,1,505184
7290108357707,false,שמפו לשיער רגיל תפוח,,,שמפו לשיער רגיל תפוח,,700.00,"100 מ""ל",false,,13.90,0.0199,true,1,140512
7290108357875,false,שמפו לחות מוגברת אפר,,,שמפו לחות מוגברת אפר,,700.00,"100 מ""ל",false,,13.90,0.0199,true,1,420080
7290108357882,false,מרכך לחות מוגברת אפר,,,מרכך לחות מוגברת אפר,,700.00,"100 מ""ל",false,,13.90,0.0199,true,1,420095
7290108358070,false,קרמה תחליב רחצה קלאס,,,קרמה תחליב רחצה קלאס,,700.00,"100 מ""ל",false,,17.90,0.0256,true,1,275439
7290108358087,false,קרמה תחליב רחצה מאסק,,,קרמה תחליב רחצה מאסק,,700.00,"100 מ""ל",false,,17.90,0.0256,true,1,271103
7290108358117,false,מקלות ריחניים לבית ב,,,מקלות ריחניים לבית ב,,100.00,"100 מ""ל",false,,21.90,0.2190,true,1,406106
7290108358124,false,דפי בישום לחים למייב,,,דפי בישום לחים למייב,יחידה,0.00,יחידה,false,,13.90,0.0000,true,1,505153
7290108359015,false,שקיות זיפר עם סליידר,,,שקיות זיפר עם סליידר,יחידה,0.00,יחידה,false,,15.90,0.0000,true,1,392899
7290108359039,false,שקיות אשפה לפח גבוהה,,,שקיות אשפה לפח גבוהה,,100.00,יח',false,,21.90,0.2190,true,1,314818
7290108359886,false,תחליב רחצה HYDROMOIS,,,תחליב רחצה HYDROMOIS,ליטרים,1.00,ליטר,false,,19.90,19.9000,true,1,136850
7290108359985,false,אקונומיקה מרסס עם ממ,,,אקונומיקה מרסס עם ממ,ליטרים,1.00,ליטר,false,,19.90,19.9000,true,1,407703
7290108502541,false,גבינת שמנת טעם טבעי,,,גבינת שמנת טעם טבעי,,200.00,100 גרם,false,,13.50,0.0675,true,1,133884
7290108503999,false,פרוסות גבינה בטעם גא,,,פרוסות גבינה בטעם גא,,150.00,100 גרם,false,,12.90,0.0860,true,1,145082
7290108504378,false,גבינת שמנת עם זיתים,,,גבינת שמנת עם זיתים,,200.00,100 גרם,false,,13.50,0.0675,true,1,209901
7290108505726,false,אצבעות גבינה חצי קשה,,,אצבעות גבינה חצי קשה,,200.00,100 גרם,false,,16.90,0.0845,true,1,239259
7290108505733,false,צמות גבינה חצי קשה 2,,,צמות גבינה חצי קשה 2,,200.00,100 גרם,false,,16.90,0.0845,true,1,239260
7290108505740,false,גבינת קשקבל חצי קשה,,,גבינת קשקבל חצי קשה,,200.00,100 גרם,false,,16.90,0.0845,true,1,239261
7290108507058,false,ביסקויט פריך בשוקולד,,,ביסקויט פריך בשוקולד,,100.00,100 גרם,false,,7.90,0.0790,true,1,401584
7290108508178,false,פסטה פנה ללא גלוטן 4,,,פסטה פנה ללא גלוטן 4,,400.00,100 גרם,false,,10.90,0.0273,true,1,295238
7290108508185,false,פסטה ריגטוני ללא גלו,,,פסטה ריגטוני ללא גלו,,400.00,100 גרם,false,,10.90,0.0273,true,1,295239
7290108508499,false,משקה יוגורט בסגנון ט,,,משקה יוגורט בסגנון ט,,293.00,100 גרם,false,,5.90,0.0201,true,1,304402
7290108509106,false,גבינה בולגרית מעודנת,,,גבינה בולגרית מעודנת,,200.00,100 גרם,false,,13.90,0.0695,true,1,334782
7290108509113,false,גבינה בולגרית מעודנת,,,גבינה בולגרית מעודנת,,250.00,100 גרם,false,,13.90,0.0556,true,1,327064
7290108509205,false,חטיף אורז אפוי לתינו,,,חטיף אורז אפוי לתינו,,50.00,100 גרם,false,,12.90,0.2580,true,1,387904
7290108509212,false,חטיף אורז אפוי לתינו,,,חטיף אורז אפוי לתינו,,50.00,100 גרם,false,,12.90,0.2580,true,1,387905
7290108509250,false,אנטיפסטי ארטישוק עג,,,אנטיפסטי ארטישוק עג,,580.00,100 גרם,false,,22.90,0.0395,true,1,321962
7290108509267,false,ארוחת פסטה עם רוטב ג,,,ארוחת פסטה עם רוטב ג,,206.00,100 גרם,false,,8.90,0.0432,true,1,339517
7290108509700,false,"אורז פרסי 1 ק""ג DAAW",,,"אורז פרסי 1 ק""ג DAAW",קילוגרמים,1.00,"ק""ג",false,,11.90,11.9000,true,1,369352
7290108509755,false,גבינת חלומי יורו 25,,,גבינת חלומי יורו 25,,250.00,100 גרם,false,,25.90,0.1036,true,1,509363
7290108509816,false,גבינת בייבי מוצרלה 2,,,גבינת בייבי מוצרלה 2,,200.00,100 גרם,false,,16.90,0.0845,true,1,360135
7290109351025,false,מלך החומוס חומוס טחי,,,מלך החומוס חומוס טחי,,400.00,100 גרם,false,,14.20,0.0355,true,1,22431
7290109353272,false,ספגטי עתיר בסיבים פר,,,ספגטי עתיר בסיבים פר,,500.00,100 גרם,false,,7.90,0.0158,true,1,21982
7290109355504,false,קראנץ' וניל ליבת נוג,,,קראנץ' וניל ליבת נוג,,72.00,100 גרם,false,,10.90,0.1514,true,1,113864
7290109492414,false,סכיני מטבח שישיה שח,,,סכיני מטבח שישיה שח,יחידה,0.00,יחידה,false,,11.90,0.0000,true,1,290398
7290109580104,false,רוסטביף זוגלובק פרמי,,,רוסטביף זוגלובק פרמי,,150.00,100 גרם,false,,27.90,0.1860,true,1,304217
7290109580135,false,קורנדביף זוגלובק פרמ,,,קורנדביף זוגלובק פרמ,,180.00,100 גרם,false,,27.90,0.1550,true,1,304219
7290109580159,false,פסטרמה בנוסח טוסקנה,,,פסטרמה בנוסח טוסקנה,,180.00,100 גרם,false,,27.90,0.1550,true,1,304220
7290109580166,false,סרוולד קלאסי זוגלובק,,,סרוולד קלאסי זוגלובק,,150.00,100 גרם,false,,27.90,0.1860,true,1,304221
7290109580234,false,נקניקיות מרגז מן הצו,,,נקניקיות מרגז מן הצו,,226.00,100 גרם,false,,35.90,0.1588,true,1,391608
7290109580432,false,פסטרמה אקסטרה מעושנת,,,פסטרמה אקסטרה מעושנת,,120.00,100 גרם,false,,14.90,0.1242,true,1,449202
7290109640198,false,מגורדת לפיצה ואפייה,,,מגורדת לפיצה ואפייה,,200.00,100 גרם,false,,20.90,0.1045,true,1,135643
7290110110574,false,פחית סליק קולה ZERO,,,פחית סליק קולה ZERO,,330.00,"100 מ""ל",false,,5.50,0.0167,true,1,128217
7290110110659,false,סליק ספרייט חדש 330,,,סליק ספרייט חדש 330,,330.00,"100 מ""ל",false,,5.70,0.0173,true,1,117567
7290110113476,false,קרלסברג 0.0 בקבוק 6*,,,קרלסברג 0.0 בקבוק 6*,ליטרים,1.98,ליטר,false,,37.60,18.9899,true,1,220422
7290110114787,false,נביעות + תפוח 1.5 לי,,,נביעות + תפוח 1.5 לי,ליטרים,1.50,ליטר,false,,10.90,7.2667,true,1,370937
7290110114794,false,נביעות + אפרסק 1.5 ל,,,נביעות + אפרסק 1.5 ל,ליטרים,1.50,ליטר,false,,10.90,7.2667,true,1,370938
7290110114800,false,נביעות + ענבים 1.5 ל,,,נביעות + ענבים 1.5 ל,ליטרים,1.50,ליטר,false,,10.90,7.2667,true,1,370954
7290110114855,false,מי נביעות שישייה 1.5,,,מי נביעות שישייה 1.5,ליטרים,9.00,ליטר,false,,14.90,1.6556,true,1,370984
7290110114893,false,פריגת סחוט תפוזים 2,,,פריגת סחוט תפוזים 2,ליטרים,2.00,ליטר,false,,30.30,15.1500,true,1,370826
7290110114954,false,מיץ תפוזים מתקתק 100,,,מיץ תפוזים מתקתק 100,ליטרים,2.00,ליטר,false,,24.20,12.1000,true,1,370860
7290110114961,false,פריגת תפוזים 1.5 ליט,,,פריגת תפוזים 1.5 ליט,ליטרים,1.50,ליטר,false,,9.90,6.6000,true,1,370999
7290110114985,false,פריגת אשכולית 1.5 לי,,,פריגת אשכולית 1.5 לי,ליטרים,1.50,ליטר,false,,9.90,6.6000,true,1,371015
7290110114992,false,פריגת דיאט אשכולית 1,,,פריגת דיאט אשכולית 1,ליטרים,1.50,ליטר,false,,9.90,6.6000,true,1,371016
7290110115036,false,פריגת מנגו 1.5 ליטר,,,פריגת מנגו 1.5 ליטר,ליטרים,1.50,ליטר,false,,9.90,6.6000,true,1,371076
7290110115043,false,פריגת לימונענע 1.5 ל,,,פריגת לימונענע 1.5 ל,ליטרים,1.50,ליטר,false,,9.90,6.6000,true,1,371077
7290110115050,false,פריגת מיקס תות בננה,,,פריגת מיקס תות בננה,ליטרים,1.50,ליטר,false,,9.90,6.6000,true,1,371078
7290110115111,false,פריגת צלול אננס 1.5,,,פריגת צלול אננס 1.5,ליטרים,1.50,ליטר,false,,9.90,6.6000,true,1,371153
7290110115180,false,נביעות 1.5 ליטר,,,נביעות 1.5 ליטר,ליטרים,1.50,ליטר,false,,4.20,2.8000,true,1,386018
7290110115203,false,קוקה קולה 1.5 ליטר,,,קוקה קולה 1.5 ליטר,ליטרים,1.50,ליטר,false,,9.50,6.3333,true,1,371188
7290110115210,false,דיאט קוקה קולה 1.5 ל,,,דיאט קוקה קולה 1.5 ל,ליטרים,1.50,ליטר,false,,9.90,6.6000,true,1,371189
7290110115227,false,קוקה קולה זירו בקבוק,,,קוקה קולה זירו בקבוק,ליטרים,1.50,ליטר,false,,9.90,6.6000,true,1,371190
7290110115234,false,קולה ZERO נטול 1.5 ל,,,קולה ZERO נטול 1.5 ל,ליטרים,1.50,ליטר,false,,9.90,6.6000,true,1,371191
7290110115241,false,קולה ZERO לימון 1.5,,,קולה ZERO לימון 1.5,ליטרים,1.50,ליטר,false,,9.90,6.6000,true,1,371192
7290110115265,false,ספרייט 1.5 ליטר LIME,,,ספרייט 1.5 ליטר LIME,ליטרים,1.50,ליטר,false,,9.00,6.0000,true,1,371270
7290110115272,false,ספרייט זירו 1.5 ליטר,,,ספרייט זירו 1.5 ליטר,ליטרים,1.50,ליטר,false,,9.90,6.6000,true,1,371285
7290110115289,false,ספרייט 19 קלוריות לי,,,ספרייט 19 קלוריות לי,ליטרים,1.50,ליטר,false,,9.90,6.6000,true,1,371315
7290110115296,false,פאנטה אורנג' 1.5 ליט,,,פאנטה אורנג' 1.5 ליט,ליטרים,1.50,ליטר,false,,10.50,7.0000,true,1,371331
7290110115302,false,פאנטה זירו בטעם אורנ,,,פאנטה זירו בטעם אורנ,ליטרים,1.50,ליטר,false,,10.50,7.0000,true,1,371332
7290110115319,false,פאנטה אקזוטיק 1.5 לי,,,פאנטה אקזוטיק 1.5 לי,ליטרים,1.50,ליטר,false,,10.50,7.0000,true,1,371349
7290110115333,false,פאנטה תות 1.5 ליטר,,,פאנטה תות 1.5 ליטר,ליטרים,1.50,ליטר,false,,10.50,7.0000,true,1,371365
7290110115357,false,קינלי סודה 1.5 ליטר,,,קינלי סודה 1.5 ליטר,ליטרים,1.50,ליטר,false,,5.50,3.6667,true,1,371381
7290110115364,false,קוקה קולה 6*1.5 ליטר,,,קוקה קולה 6*1.5 ליטר,ליטרים,9.00,ליטר,false,,52.90,5.8778,true,1,371194
7290110115418,false,קוקה קולה זירו שישיי,,,קוקה קולה זירו שישיי,ליטרים,9.00,ליטר,false,,49.90,5.5444,true,1,371211
7290110115425,false,פיוז טי לימון נענע 1,,,פיוז טי לימון נענע 1,ליטרים,1.50,ליטר,false,,10.50,7.0000,true,1,371382
7290110115449,false,פיוז טי מנגו אננס 1.,,,פיוז טי מנגו אננס 1.,ליטרים,1.50,ליטר,false,,10.50,7.0000,true,1,371400
7290110115456,false,פיוז טי אפרסק 19 קל,,,פיוז טי אפרסק 19 קל,ליטרים,1.50,ליטר,false,,10.50,7.0000,true,1,371401
7290110115463,false,פיוז טי אפרסק 1.5 לי,,,פיוז טי אפרסק 1.5 לי,ליטרים,1.50,ליטר,false,,10.50,7.0000,true,1,371402
7290110115494,false,פיוז טי ענבים 1.5 לי,,,פיוז טי ענבים 1.5 לי,ליטרים,1.50,ליטר,false,,10.50,7.0000,true,1,371420
7290110115593,false,משקה קל בטעם אשכוליו,,,משקה קל בטעם אשכוליו,ליטרים,1.50,ליטר,false,,9.90,6.6000,true,1,371134
7290110115616,false,פיוז טי ZERO גרין אנ,,,פיוז טי ZERO גרין אנ,ליטרים,1.50,ליטר,false,,10.50,7.0000,true,1,397641
7290110115869,false,קוקה קולה זירו בקבוק,,,קוקה קולה זירו בקבוק,ליטרים,1.50,ליטר,false,,9.90,6.6000,true,1,496146
7290110116064,false,פאנטה זירו 1.5 ליטר,,,פאנטה זירו 1.5 ליטר,ליטרים,1.50,ליטר,false,,10.50,7.0000,true,1,435181
7290110116132,false,סירופ פריגת טעם לימו,,,סירופ פריגת טעם לימו,,750.00,"100 מ""ל",false,,21.90,0.0292,true,1,449849
7290110116194,false,נביעות+ לימון ליים 0,,,נביעות+ לימון ליים 0,ליטרים,1.50,ליטר,false,,9.90,6.6000,true,1,466410
7290110116484,false,פריגת סחוט MIX תות ב,,,פריגת סחוט MIX תות ב,ליטרים,1.00,ליטר,false,,15.90,15.9000,true,1,487048
7290110116491,false,פריגת סחוט MIX אפרסק,,,פריגת סחוט MIX אפרסק,ליטרים,1.00,ליטר,false,,15.90,15.9000,true,1,487064
7290110116507,false,פריגת סחוט MIX אננס,,,פריגת סחוט MIX אננס,ליטרים,1.00,ליטר,false,,15.90,15.9000,true,1,487065
7290110320683,false,משקה יופלה שמיניה בט,,,משקה יופלה שמיניה בט,,856.00,"100 מ""ל",false,,17.90,0.0209,true,1,102213
7290110320850,false,עמק פתיתים 200 גרם,,,עמק פתיתים 200 גרם,,200.00,100 גרם,false,,15.90,0.0795,true,1,105263
7290110320867,false,עמק פתיתים למאפים 28,,,עמק פתיתים למאפים 28,,500.00,100 גרם,false,,35.00,0.0700,true,1,100954
7290110320935,false,פרוסות מוצרלה 150 גר,,,פרוסות מוצרלה 150 גר,,150.00,100 גרם,false,,18.90,0.1260,true,1,100955
7290110321277,false,קוטג' תנובה בקטנה 5,,,קוטג' תנובה בקטנה 5,,100.00,100 גרם,false,,2.70,0.0270,true,1,110230
7290110321284,false,קוטג' תנובה בקטנה 9,,,קוטג' תנובה בקטנה 9,,100.00,100 גרם,false,,2.70,0.0270,true,1,110231
7290110321680,false,יופלה גו בטעם תות 20,,,יופלה גו בטעם תות 20,,200.00,100 גרם,false,,5.90,0.0295,true,1,113773
7290110322014,false,טופו טבעי 300 גרם,,,טופו טבעי 300 גרם,,300.00,100 גרם,false,,12.90,0.0430,true,1,126992
7290110322946,false,יופלה טיוב יוגורט במ,,,יופלה טיוב יוגורט במ,,348.00,"100 מ""ל",false,,13.90,0.0399,true,1,136611
7290110323592,false,יופלה GO לייט עם אפר,,,יופלה GO לייט עם אפר,,200.00,100 גרם,false,,5.90,0.0295,true,1,138540
7290110323714,false,תנובה משקה קוקוס שקד,,,תנובה משקה קוקוס שקד,יחידה,0.00,יחידה,false,,14.90,0.0000,true,1,139768
7290110324353,false,יופלה גו לייט בטעם א,,,יופלה גו לייט בטעם א,,200.00,100 גרם,false,,5.90,0.0295,true,1,145073
7290110324551,false,יופלה טיוב יוגורט במ,,,יופלה טיוב יוגורט במ,,348.00,"100 מ""ל",false,,13.90,0.0399,true,1,144245
7290110324728,false,ממרח סויה 9% עם שום,,,ממרח סויה 9% עם שום,,250.00,100 גרם,false,,10.90,0.0436,true,1,146667
7290110324841,false,מעדן שקדים עם שוקולד,,,מעדן שקדים עם שוקולד,,125.00,100 גרם,false,,4.90,0.0392,true,1,208519
7290110324858,false,מעדן שקדים בטעם אגוז,,,מעדן שקדים בטעם אגוז,,125.00,100 גרם,false,,4.90,0.0392,true,1,208520
7290110324872,false,גלבוע גבינה פרוסה 5%,,,גלבוע גבינה פרוסה 5%,,200.00,100 גרם,false,,18.90,0.0945,true,1,208167
7290110324926,false,משקה סויה ללא תוספת,,,משקה סויה ללא תוספת,יחידה,0.00,יחידה,false,,11.90,0.0000,true,1,196090
7290110325114,false,יופלה משקה יוגורט גו,,,יופלה משקה יוגורט גו,,250.00,"100 מ""ל",false,,7.90,0.0316,true,1,164306
7290110325312,false,יופלה סויה גו 20 גרם,,,יופלה סויה גו 20 גרם,,200.00,100 גרם,false,,5.90,0.0295,true,1,200361
7290110325619,false,תנובה משקה שיבולת שו,,,תנובה משקה שיבולת שו,יחידה,0.00,יחידה,false,,14.90,0.0000,true,1,211351
7290110325893,false,משקה תנובה GO אייס ק,,,משקה תנובה GO אייס ק,,340.00,100 גרם,false,,7.90,0.0232,true,1,211336
7290110326210,false,יופלה און טופ פצפוצי,,,יופלה און טופ פצפוצי,,157.00,100 גרם,false,,5.90,0.0376,true,1,228100
7290110326227,false,יופלה און טופ קורנפל,,,יופלה און טופ קורנפל,,157.00,100 גרם,false,,5.90,0.0376,true,1,228122
7290110326234,false,יופלה און טופ כוכבים,,,יופלה און טופ כוכבים,,157.00,100 גרם,false,,5.90,0.0376,true,1,228123
7290110326333,false,פרוסות גבינה סקנדינב,,,פרוסות גבינה סקנדינב,,170.00,100 גרם,false,,19.90,0.1171,true,1,317732
7290110326906,false,חלב נטול לקטוז 3% שו,,,חלב נטול לקטוז 3% שו,ליטרים,1.00,ליטר,false,,7.90,7.9000,true,1,281214
7290110327064,false,אייס קפה שיבולת שועל,,,אייס קפה שיבולת שועל,,1.00,100 ליטר,false,,14.90,14.9000,true,1,257359
7290110327514,false,משקה שיבולת שועל בטע,,,משקה שיבולת שועל בטע,יחידה,0.00,יחידה,false,,14.90,0.0000,true,1,335857
7290110327804,false,GO חטיף חלבון בטעם ב,,,GO חטיף חלבון בטעם ב,,60.00,100 גרם,false,,14.90,0.2483,true,1,322199
7290110327828,false,GO חטיף חלבון עם חמא,,,GO חטיף חלבון עם חמא,,60.00,100 גרם,false,,14.90,0.2483,true,1,322201
7290110328627,false,יוגורט גו סמיך 0% בנ,,,יוגורט גו סמיך 0% בנ,,200.00,100 גרם,false,,5.90,0.0295,true,1,325470
7290110328764,false,יוגורט גו סמיך 0% תו,,,יוגורט גו סמיך 0% תו,,200.00,100 גרם,false,,5.90,0.0295,true,1,325487
7290110328771,false,יוגורט גו סמיך 0% פי,,,יוגורט גו סמיך 0% פי,,200.00,100 גרם,false,,5.90,0.0295,true,1,325471
7290110328788,false,יוגורט גו סמיך 0% אפ,,,יוגורט גו סמיך 0% אפ,,200.00,100 גרם,false,,5.90,0.0295,true,1,325472
7290110329136,false,מעדן חלב גו בטעם שוק,,,מעדן חלב גו בטעם שוק,,120.00,100 גרם,false,,4.90,0.0408,true,1,375468
7290110329143,false,מעדן חלב גו בטעם וני,,,מעדן חלב גו בטעם וני,,120.00,100 גרם,false,,4.90,0.0408,true,1,375453
7290110329266,false,יוגורט מחלב עיזים מל,,,יוגורט מחלב עיזים מל,,140.00,100 גרם,false,,6.90,0.0493,true,1,341732
7290110329273,false,יוגורט מחלב עיזים מל,,,יוגורט מחלב עיזים מל,,750.00,100 גרם,false,,19.90,0.0265,true,1,341789
7290110329303,false,פרוסות צהובה קלאסית,,,פרוסות צהובה קלאסית,,200.00,100 גרם,false,,22.90,0.1145,true,1,375484
7290110329716,false,קפה קר בטעם קפוצ'ינו,,,קפה קר בטעם קפוצ'ינו,,230.00,"100 מ""ל",false,,7.90,0.0343,true,1,429327
7290110329792,false,סויה BIO אפרסק גביע,,,סויה BIO אפרסק גביע,,150.00,100 גרם,false,,4.70,0.0313,true,1,397480
7290110329808,false,סויה BIO תות גביע 15,,,סויה BIO תות גביע 15,,150.00,100 גרם,false,,4.70,0.0313,true,1,397481
7290110329815,false,סויה BIO מתיקות מעוד,,,סויה BIO מתיקות מעוד,,150.00,100 גרם,false,,4.70,0.0313,true,1,397482
7290110329822,false,סויה BIO פירות יער ג,,,סויה BIO פירות יער ג,,150.00,100 גרם,false,,4.70,0.0313,true,1,397483
7290110551254,false,נשנושי תירס 600 גרם,,,נשנושי תירס 600 גרם,,600.00,100 גרם,false,,15.90,0.0265,true,1,482907
7290110552121,false,היוגורט הראשון שלי 5,,,היוגורט הראשון שלי 5,,100.00,100 גרם,false,,2.50,0.0250,true,1,440535
7290110552220,false,דנונה PRO 20 גרם חלב,,,דנונה PRO 20 גרם חלב,,200.00,100 גרם,false,,6.50,0.0325,true,1,391338
7290110552237,false,דנונה PRO 20 גרם חלב,,,דנונה PRO 20 גרם חלב,,200.00,100 גרם,false,,6.50,0.0325,true,1,391323
7290110553029,false,פריכיות חלבון קייל ח,,,פריכיות חלבון קייל ח,,60.00,100 גרם,false,,11.90,0.1983,true,1,394301
7290110553098,false,מיקס מאגדת צימוקים א,,,מיקס מאגדת צימוקים א,,100.00,100 גרם,false,,18.90,0.1890,true,1,457026
7290110553180,false,פריכיות עם תפוח וקינ,,,פריכיות עם תפוח וקינ,,40.00,100 גרם,false,,8.90,0.2225,true,1,494638
7290110554118,false,נודלס בסגנון מלזי חר,,,נודלס בסגנון מלזי חר,,350.00,100 גרם,false,,28.90,0.0826,true,1,367810
7290110554125,false,נודלס בסגנון סצ'ואן,,,נודלס בסגנון סצ'ואן,,350.00,100 גרם,false,,28.90,0.0826,true,1,367811
7290110554262,false,מלבין קפה חלבי 350 ג,,,מלבין קפה חלבי 350 ג,,350.00,100 גרם,false,,18.00,0.0514,true,1,405726
7290110554422,false,רוטב עגבניות ופלפלים,,,רוטב עגבניות ופלפלים,,350.00,100 גרם,false,,11.90,0.0340,true,1,406136
7290110554583,false,מארז צ'יטוס PUFFS בט,,,מארז צ'יטוס PUFFS בט,,200.00,100 גרם,false,,13.90,0.0695,true,1,384420
7290110556242,false,שוקולד מריר מעולה 10,,,שוקולד מריר מעולה 10,,100.00,100 גרם,false,,6.00,0.0600,true,1,482604
7290110557027,false,חומוס הסדרה עשיר ב50,,,חומוס הסדרה עשיר ב50,,400.00,100 גרם,false,,15.20,0.0380,true,1,374706
7290110557102,false,מעדן פרו חלב עם שוקו,,,מעדן פרו חלב עם שוקו,,150.00,100 גרם,false,,5.90,0.0393,true,1,359570
7290110557133,false,מעדן הגולן מעדן חלב,,,מעדן הגולן מעדן חלב,,125.00,100 גרם,false,,3.50,0.0280,true,1,369582
7290110558154,false,דנונה לייט אנד פרי ת,,,דנונה לייט אנד פרי ת,,150.00,100 גרם,false,,4.90,0.0327,true,1,456862
7290110558253,false,יוגורט עם אננס בננה,,,יוגורט עם אננס בננה,,250.00,100 גרם,false,,5.90,0.0236,true,1,438200
7290110558284,false,דנונה מולטי 3% שומן,,,דנונה מולטי 3% שומן,,200.00,"100 מ""ל",false,,4.50,0.0225,true,1,449002
7290110558307,false,דנונה פרו עם שיבולת,,,דנונה פרו עם שיבולת,,200.00,"100 מ""ל",false,,6.90,0.0345,true,1,438733
7290110558666,false,דניאלה בטעם תפוח 88,,,דניאלה בטעם תפוח 88,,88.00,100 גרם,false,,4.50,0.0511,true,1,484828
7290110558918,false,עלי חסה קראנצ שטופים,,,עלי חסה קראנצ שטופים,,150.00,100 גרם,false,,11.90,0.0793,true,1,484378
7290110559748,false,מאגדת חטיף Real אנר,,,מאגדת חטיף Real אנר,,105.00,100 גרם,false,,16.90,0.1610,true,1,457105
7290110560300,false,פריכיות משולשות פלפל,,,פריכיות משולשות פלפל,,30.00,100 גרם,false,,5.90,0.1967,true,1,139021
7290110560317,false,פריכיות משולשות מלח,,,פריכיות משולשות מלח,,30.00,100 גרם,false,,5.90,0.1967,true,1,139022
7290110560324,false,פריכיות משולשות אפונ,,,פריכיות משולשות אפונ,,30.00,100 גרם,false,,5.90,0.1967,true,1,139023
7290110561352,false,דנונה ביו דל לקטוז ב,,,דנונה ביו דל לקטוז ב,,200.00,100 גרם,false,,3.90,0.0195,true,1,126494
7290110561604,false,שמיניית גמדים תות בנ,,,שמיניית גמדים תות בנ,,800.00,100 גרם,false,,18.90,0.0236,true,1,115314
7290110563431,false,יטבתה משקה קפה קר בס,,,יטבתה משקה קפה קר בס,,230.00,"100 מ""ל",false,,7.90,0.0343,true,1,140892
7290110563448,false,יטבתה משקה קפה קר בס,,,יטבתה משקה קפה קר בס,,230.00,"100 מ""ל",false,,7.90,0.0343,true,1,140893
7290110563462,false,יטבתה חלב בבקבוק נטו,,,יטבתה חלב בבקבוק נטו,ליטרים,1.00,ליטר,false,,8.90,8.9000,true,1,142283
7290110564339,false,חומוס הסדרה המובחרת,,,חומוס הסדרה המובחרת,,400.00,100 גרם,false,,15.20,0.0380,true,1,115238
7290110564360,false,חומוס אחלה עשיר ב 40,,,חומוס אחלה עשיר ב 40,,400.00,100 גרם,false,,15.20,0.0380,true,1,115239
7290110564742,false,יטבתה משקה קפה קר בס,,,יטבתה משקה קפה קר בס,,230.00,"100 מ""ל",false,,7.90,0.0343,true,1,140894
7290110565435,false,לימבו בטעם פטל 0% שו,,,לימבו בטעם פטל 0% שו,,125.00,100 גרם,false,,2.50,0.0200,true,1,113118
7290110565527,false,דנונה PRO 20 גרם חלב,,,דנונה PRO 20 גרם חלב,,200.00,100 גרם,false,,6.50,0.0325,true,1,109121
7290110566623,false,עלית קפסולות קולומבי,,,עלית קפסולות קולומבי,,50.00,100 גרם,false,,18.90,0.3780,true,1,130922
7290110566975,false,דנונה PRO 20 גרם חלב,,,דנונה PRO 20 גרם חלב,,200.00,100 גרם,false,,6.50,0.0325,true,1,126537
7290110568276,false,משקה פרו וניל יטבתה,,,משקה פרו וניל יטבתה,,350.00,"100 מ""ל",false,,6.90,0.0197,true,1,127824
7290110570224,false,משקה קפה קר בטעם עוג,,,משקה קפה קר בטעם עוג,,230.00,"100 מ""ל",false,,7.90,0.0343,true,1,449172
7290110570576,false,פולי אספרסו עשירים ו,,,פולי אספרסו עשירים ו,קילוגרמים,1.00,"ק""ג",false,,41.90,41.9000,true,1,416141
7290110570880,false,פולי אספרסו עשירים ו,,,פולי אספרסו עשירים ו,,250.00,100 גרם,false,,22.90,0.0916,true,1,452983
7290110571382,false,מעדן חלב מועשר בחלבו,,,מעדן חלב מועשר בחלבו,,150.00,100 גרם,false,,5.50,0.0367,true,1,425117
7290110571399,false,מסטיק ללא סוכר בטעם,,,מסטיק ללא סוכר בטעם,,66.00,100 גרם,false,,11.90,0.1803,true,1,449642
7290110571405,false,מיני פינוקיות פסק זמ,,,מיני פינוקיות פסק זמ,,180.00,100 גרם,false,,11.90,0.0661,true,1,503157
7290110571412,false,מיני פינוקיות בגביע,,,מיני פינוקיות בגביע,,180.00,100 גרם,false,,11.90,0.0661,true,1,503141
7290110571535,false,קפה עלית טורקי הל מא,,,קפה עלית טורקי הל מא,,300.00,100 גרם,false,,27.90,0.0930,true,1,429692
7290110572129,false,כיף כף מקלות שוקולד,,,כיף כף מקלות שוקולד,,40.00,100 גרם,false,,5.90,0.1475,true,1,505810
7290110572884,false,קפסולות אספרסו קפה ע,,,קפסולות אספרסו קפה ע,,50.00,100 גרם,false,,18.90,0.3780,true,1,503318
7290110572969,false,כיף כף פצפצים קרם לב,,,כיף כף פצפצים קרם לב,,40.00,100 גרם,false,,5.90,0.1475,true,1,456966
7290110576318,false,מארז שלישיית אגוז ל,,,מארז שלישיית אגוז ל,,300.00,100 גרם,false,,27.90,0.0930,true,1,485838
7290110576370,false,מארז שלישיית אגוז מ,,,מארז שלישיית אגוז מ,,300.00,100 גרם,false,,27.90,0.0930,true,1,485839
7290110576387,false,מארז שלישיית אגוז ח,,,מארז שלישיית אגוז ח,,300.00,100 גרם,false,,27.90,0.0930,true,1,485840
7290110576752,false,שוקולד ספלנדיד מריר,,,שוקולד ספלנדיד מריר,,100.00,100 גרם,false,,12.90,0.1290,true,1,503396
7290110576776,false,שוקולד ספלנדיד מריר,,,שוקולד ספלנדיד מריר,,100.00,100 גרם,false,,12.90,0.1290,true,1,503397
7290111092985,false,מגבוני בייבי פרפורמנ,,,מגבוני בייבי פרפורמנ,יחידה,0.00,יחידה,false,,17.90,0.0000,true,1,446606
7290111093005,false,מגבונים להסרת איפור,,,מגבונים להסרת איפור,יחידה,0.00,יחידה,false,,8.90,0.0000,true,1,139950
7290111093760,false,קוויק מגבונים לניקוי,,,קוויק מגבונים לניקוי,,10.00,יח',false,,12.90,1.2900,true,1,409092
7290111094248,false,שקיות אשפה XL עם שרו,,,שקיות אשפה XL עם שרו,יחידה,0.00,יחידה,false,,20.90,0.0000,true,1,217867
7290111094392,false,תחליב רחצה קוקוס ולי,,,תחליב רחצה קוקוס ולי,,700.00,"100 מ""ל",false,,19.90,0.0284,true,1,486824
7290111097546,false,קוויק מטליות לחות לנ,,,קוויק מטליות לחות לנ,יחידה,0.00,יחידה,false,,8.90,0.0000,true,1,409093
7290111097836,false,קוויק מגבונים לניקוי,,,קוויק מגבונים לניקוי,יחידה,0.00,יחידה,false,,8.90,0.0000,true,1,409077
7290111098536,false,מגבונים לחים לתינוק,,,מגבונים לחים לתינוק,יחידה,0.00,יחידה,false,,14.90,0.0000,true,1,423254
7290111342004,false,לילי נייר טואלט לח ק,,,לילי נייר טואלט לח ק,יחידה,0.00,יחידה,false,,8.90,0.0000,true,1,145927
7290111343117,false,טישו לושן סופט קליני,,,טישו לושן סופט קליני,יחידה,0.00,יחידה,false,,13.90,0.0000,true,1,274486
7290111343797,false,ניקול מטליות לחות לנ,,,ניקול מטליות לחות לנ,,50.00,יח',false,,10.90,0.2180,true,1,258273
7290111344206,false,מגבוני האגיס נטורל ק,,,מגבוני האגיס נטורל ק,יחידה,0.00,יחידה,false,,19.90,0.0000,true,1,368012
7290111344459,false,תחבושות נייט אקסטרא,,,תחבושות נייט אקסטרא,,18.00,יח',false,,19.90,1.1056,true,1,361356
7290111344527,false,שקיות אשפה ניקול XXL,,,שקיות אשפה ניקול XXL,יחידה,0.00,יחידה,false,,26.90,0.0000,true,1,313419
7290111344855,false,מגיני תחתון סופר פרו,,,מגיני תחתון סופר פרו,יחידה,0.00,יחידה,false,,17.90,0.0000,true,1,384921
7290111353109,false,יוגטה סוכריות גומי נ,,,יוגטה סוכריות גומי נ,,200.00,100 גרם,false,,10.90,0.0545,true,1,274247
7290111353123,false,יוגטה סוכריות גומי נ,,,יוגטה סוכריות גומי נ,,200.00,100 גרם,false,,10.90,0.0545,true,1,274248
7290111353680,false,גרעיני חמנייה 350 גר,,,גרעיני חמנייה 350 גר,,350.00,100 גרם,false,,12.90,0.0369,true,1,318304
7290111354748,false,כדורגל קליית גת מתנה,,,כדורגל קליית גת מתנה,יחידה,0.00,יחידה,false,,0.01,0.0000,true,1,494021
7290111563492,false,צבר מרובע מטבוחה חר,,,צבר מרובע מטבוחה חר,,400.00,100 גרם,false,,14.90,0.0373,true,1,123542
7290111564239,false,קראנץ' מאגדת מיני ונ,,,קראנץ' מאגדת מיני ונ,,275.00,100 גרם,false,,31.90,0.1160,true,1,114799
7290111564277,false,פריכיות 3 דגנים דקות,,,פריכיות 3 דגנים דקות,,120.00,100 גרם,false,,11.90,0.0992,true,1,90519
7290111564291,false,פריכיות קינואה דקות,,,פריכיות קינואה דקות,,120.00,100 גרם,false,,11.90,0.0992,true,1,90520
7290111566271,false,חטיפי תירס טבעול 65,,,חטיפי תירס טבעול 65,,657.00,100 גרם,false,,34.90,0.0531,true,1,121689
7290111566318,false,שניצל דק צמחוני בט,,,שניצל דק צמחוני בט,,564.00,100 גרם,false,,35.90,0.0637,true,1,121691
7290111566547,false,חזה בגריל מו הצומח,,,חזה בגריל מו הצומח,,560.00,100 גרם,false,,35.90,0.0641,true,1,121694
7290111566585,false,שניצל מן הצומח מופח,,,שניצל מן הצומח מופח,,650.00,100 גרם,false,,35.90,0.0552,true,1,121695
7290111566660,false,קציצות עדשים כתומות,,,קציצות עדשים כתומות,,530.00,100 גרם,false,,35.90,0.0677,true,1,121696
7290111566752,false,שניצל תירס לייט טבעו,,,שניצל תירס לייט טבעו,,693.00,100 גרם,false,,35.90,0.0518,true,1,121700
7290111566776,false,נקנקיות קוקטייל מן,,,נקנקיות קוקטייל מן,,680.00,100 גרם,false,,35.90,0.0528,true,1,115424
7290111568206,false,ביסלי פארטי מיקס ברב,,,ביסלי פארטי מיקס ברב,,150.00,100 גרם,false,,7.90,0.0527,true,1,123859
7290111568251,false,נודלס אטריות להקפצה,,,נודלס אטריות להקפצה,,350.00,100 גרם,false,,10.90,0.0311,true,1,128409
7290111568275,false,נודלס אטריות אורז רח,,,נודלס אטריות אורז רח,,300.00,100 גרם,false,,10.90,0.0363,true,1,128239
7290111933462,false,רוטב צ'ילי מתוק 300,,,רוטב צ'ילי מתוק 300,,300.00,"100 מ""ל",false,,10.90,0.0363,true,1,118666
7290111933554,false,עגבניות קוביות מאסטר,,,עגבניות קוביות מאסטר,קילוגרמים,1.20,"ק""ג",false,,17.90,14.9167,true,1,136245
7290111938481,false,רוטב סויה בהירה מ.שף,,,רוטב סויה בהירה מ.שף,,300.00,"100 מ""ל",false,,11.90,0.0397,true,1,243027
7290112000798,false,מחטא משטחים לימון מנ,,,מחטא משטחים לימון מנ,,750.00,"100 מ""ל",false,,16.90,0.0225,true,1,134800
7290112000828,false,מגבונים אנטי בקטריאל,,,מגבונים אנטי בקטריאל,,60.00,יח',false,,12.90,0.2150,true,1,134801
7290112000842,false,מגבונים לניקוי כללי,,,מגבונים לניקוי כללי,,60.00,יח',false,,12.90,0.2150,true,1,134802
7290112000880,false,מגבונים למטבח 60 יח',,,מגבונים למטבח 60 יח',,60.00,יח',false,,12.90,0.2150,true,1,134804
7290112002136,false,קולון ג'ל 4 ליטר רגי,,,קולון ג'ל 4 ליטר רגי,ליטרים,4.00,ליטר,false,,38.90,9.7250,true,1,193355
7290112003140,false,איירוויק פרשמטיק מיל,,,איירוויק פרשמטיק מיל,,250.00,"100 מ""ל",false,,14.90,0.0596,true,1,239997
7290112003256,false,אבקת כביסה קולון לבנ,,,אבקת כביסה קולון לבנ,קילוגרמים,1.25,"ק""ג",false,,16.90,13.5200,true,1,251556
7290112003423,false,איירוויק בוטניקה מקל,,,איירוויק בוטניקה מקל,,205.00,"100 מ""ל",false,,25.90,0.1263,true,1,288894
7290112004192,false,פיניש טבליות למדיח א,,,פיניש טבליות למדיח א,יחידה,0.00,יחידה,false,,61.90,0.0000,true,1,362994
7290112004772,false,מילוי למבשם אוויר אי,,,מילוי למבשם אוויר אי,,19.00,"100 מ""ל",false,,21.90,1.1526,true,1,466506
7290112005045,false,וניש אבקה לכביסה לבנ,,,וניש אבקה לכביסה לבנ,,480.00,"100 מ""ל",false,,17.90,0.0373,true,1,457516
7290112190468,false,"שמן זית 750 מ""ל G FO",,,"שמן זית 750 מ""ל G FO",,750.00,"100 מ""ל",false,,33.90,0.0452,true,1,348115
7290112330352,false,דנונה פרו 20 גר וניל,,,דנונה פרו 20 גר וניל,,200.00,100 גרם,false,,6.50,0.0325,true,1,145058
7290112330390,false,דנונה פרו 20 גר פירו,,,דנונה פרו 20 גר פירו,,200.00,100 גרם,false,,6.50,0.0325,true,1,145059
7290112332585,false,"פריכיות הטעימות תפו""",,,"פריכיות הטעימות תפו""",,30.00,100 גרם,false,,5.90,0.1967,true,1,146697
7290112332691,false,פינוקיות עוגיית קרם,,,פינוקיות עוגיית קרם,,200.00,100 גרם,false,,12.90,0.0645,true,1,148985
7290112332899,false,מאסט בזוקה פופים קלא,,,מאסט בזוקה פופים קלא,,58.00,100 גרם,false,,11.90,0.2052,true,1,146218
7290112334596,false,אבקה להכנת שוקו 850,,,אבקה להכנת שוקו 850,,935.00,100 גרם,false,,18.90,0.0202,true,1,507924
7290112335494,false,פריכיות הטעימות פוטט,,,פריכיות הטעימות פוטט,,135.00,100 גרם,false,,13.90,0.1030,true,1,146254
7290112335500,false,פריכיות הטעימות עשיר,,,פריכיות הטעימות עשיר,,135.00,100 גרם,false,,13.90,0.1030,true,1,146255
7290112336613,false,עד חצות סנדוויץ' 135,,,עד חצות סנדוויץ' 135,,135.00,100 גרם,false,,10.90,0.0807,true,1,207553
7290112336637,false,"סוכריות מאסט לל""ס יו",,,"סוכריות מאסט לל""ס יו",,80.00,100 גרם,false,,8.90,0.1113,true,1,194217
7290112336644,false,"סוכריות מאסט לל""ס לי",,,"סוכריות מאסט לל""ס לי",,80.00,100 גרם,false,,8.90,0.1113,true,1,194218
7290112336651,false,סוכריות מאסט ללא סוכ,,,סוכריות מאסט ללא סוכ,,80.00,100 גרם,false,,8.90,0.1113,true,1,194225
7290112336712,false,דנונה פרו 21 0% שומן,,,דנונה פרו 21 0% שומן,,200.00,100 גרם,false,,6.50,0.0325,true,1,142287
7290112337474,false,"סוכריות מאסט לל""ס פט",,,"סוכריות מאסט לל""ס פט",,80.00,100 גרם,false,,8.90,0.1113,true,1,194219
7290112337481,false,"סוכריות מאסט לל""ס קפ",,,"סוכריות מאסט לל""ס קפ",,80.00,100 גרם,false,,8.90,0.1113,true,1,194220
7290112339362,false,דנונה לייט אנד פריי,,,דנונה לייט אנד פריי,,150.00,100 גרם,false,,4.90,0.0327,true,1,199969
7290112339867,false,גמדים סקוויז בודד תו,,,גמדים סקוויז בודד תו,,100.00,100 גרם,false,,5.90,0.0590,true,1,140874
7290112339874,false,גמדים סקוויז בודד תו,,,גמדים סקוויז בודד תו,,100.00,100 גרם,false,,5.90,0.0590,true,1,140875
7290112340122,false,פריכיות הטעימות 3 דג,,,פריכיות הטעימות 3 דג,,135.00,100 גרם,false,,13.90,0.1030,true,1,146256
7290112341556,false,אקטיביה עם צ'יה ותות,,,אקטיביה עם צ'יה ותות,,150.00,100 גרם,false,,4.90,0.0327,true,1,193327
7290112341686,false,אקטיביה מארז 3% 8*15,,,אקטיביה מארז 3% 8*15,קילוגרמים,1.20,"ק""ג",false,,21.90,18.2500,true,1,193333
7290112342102,false,סימפוניה 5% בצל מקור,,,סימפוניה 5% בצל מקור,,200.00,100 גרם,false,,12.90,0.0645,true,1,214720
7290112342508,false,דוריטוס קול ראנץ' 70,,,דוריטוס קול ראנץ' 70,,70.00,100 גרם,false,,4.30,0.0614,true,1,201557
7290112343420,false,משקה יטבתה פרו 20 אר,,,משקה יטבתה פרו 20 אר,,350.00,"100 מ""ל",false,,7.90,0.0226,true,1,202137
7290112343499,false,ציטוס Puffs בטעם גבי,,,ציטוס Puffs בטעם גבי,,55.00,100 גרם,false,,3.90,0.0709,true,1,361540
7290112344755,false,מילקי עם 26% פחות סו,,,מילקי עם 26% פחות סו,,135.00,"100 מ""ל",false,,2.90,0.0215,true,1,282108
7290112344786,false,פלטינום קלאסיק עלית,,,פלטינום קלאסיק עלית,,200.00,100 גרם,false,,29.90,0.1495,true,1,215921
7290112348142,false,שעועית לבנה טעם הטבע,,,שעועית לבנה טעם הטבע,,380.00,100 גרם,false,,7.90,0.0208,true,1,235749
7290112349316,false,בזוקה ביג פופים בטעם,,,בזוקה ביג פופים בטעם,,86.00,100 גרם,false,,13.90,0.1616,true,1,230137
7290112349606,false,דניאלה תות בננה 150,,,דניאלה תות בננה 150,,150.00,"100 מ""ל",false,,4.50,0.0300,true,1,391353
7290112349705,false,רוטב עגבניות פומודרו,,,רוטב עגבניות פומודרו,,350.00,100 גרם,false,,11.90,0.0340,true,1,216060
7290112349736,false,רוטב עגבניות בזיליקו,,,רוטב עגבניות בזיליקו,,350.00,100 גרם,false,,11.90,0.0340,true,1,216061
7290112349750,false,רוטב עגבניות לפיצה 3,,,רוטב עגבניות לפיצה 3,,350.00,100 גרם,false,,11.90,0.0340,true,1,216063
7290112349903,false,רוטב שמנת עם גרגירי,,,רוטב שמנת עם גרגירי,,260.00,100 גרם,false,,11.50,0.0442,true,1,437917
7290112350312,false,עלית קפסולות 15 למכ,,,עלית קפסולות 15 למכ,,50.00,100 גרם,false,,18.90,0.3780,true,1,267819
7290112351258,false,פינוקיות עוגיית שחור,,,פינוקיות עוגיית שחור,,200.00,100 גרם,false,,12.90,0.0645,true,1,259965
7290112353412,false,"פריכיות משולשות תפו""",,,"פריכיות משולשות תפו""",,30.00,100 גרם,false,,5.90,0.1967,true,1,263488
7290112354174,false,פסטה רוזה שטראוס דלי,,,פסטה רוזה שטראוס דלי,,280.00,100 גרם,false,,22.90,0.0818,true,1,367793
7290112354204,false,ספגטי עגבניות שטראוס,,,ספגטי עגבניות שטראוס,,280.00,100 גרם,false,,22.90,0.0818,true,1,367795
7290112354211,false,פיצה מרגריטה שטראוס,,,פיצה מרגריטה שטראוס,,400.00,100 גרם,false,,27.90,0.0697,true,1,367878
7290112354945,false,תפוצ'יפס wavy 50 גר,,,תפוצ'יפס wavy 50 גר,,50.00,100 גרם,false,,4.50,0.0900,true,1,506778
7290112354952,false,תפוצ'יפס wavy פפריקה,,,תפוצ'יפס wavy פפריקה,,50.00,100 גרם,false,,4.50,0.0900,true,1,506779
7290112354969,false,תפוצ'יפס וויבי 200 ג,,,תפוצ'יפס וויבי 200 ג,,200.00,100 גרם,false,,10.90,0.0545,true,1,506681
7290112355027,false,דנונה פרו 20 גר' בטע,,,דנונה פרו 20 גר' בטע,,200.00,100 גרם,false,,6.50,0.0325,true,1,282141
7290112356536,false,עלית קקאו 150 גרם +,,,עלית קקאו 150 גרם +,,150.00,100 גרם,false,,10.50,0.0700,true,1,256560
7290112357045,false,עגבניות איטלקיות מרו,,,עגבניות איטלקיות מרו,,390.00,100 גרם,false,,6.90,0.0177,true,1,235750
7290112357069,false,מחית עגבניות איטלקיו,,,מחית עגבניות איטלקיו,,500.00,100 גרם,false,,7.90,0.0158,true,1,235751
7290112357083,false,אפונה ירוקה טעם הטבע,,,אפונה ירוקה טעם הטבע,,380.00,100 גרם,false,,7.90,0.0208,true,1,353650
7290112357106,false,שעועית אדומה טעם הטב,,,שעועית אדומה טעם הטב,,380.00,100 גרם,false,,7.90,0.0208,true,1,235752
7290112357113,false,גרגרי חומוס טעם הטבע,,,גרגרי חומוס טעם הטבע,,380.00,100 גרם,false,,7.90,0.0208,true,1,235753
7290112357892,false,שלישיית סוכריות FRES,,,שלישיית סוכריות FRES,,45.00,100 גרם,false,,9.50,0.2111,true,1,266627
7290112358004,false,פסק זמן קראנץ' 32 גר,,,פסק זמן קראנץ' 32 גר,,32.00,100 גרם,false,,5.30,0.1656,true,1,297993
7290112358240,false,יד מורדכי רוטב גריל,,,יד מורדכי רוטב גריל,,300.00,"100 מ""ל",false,,14.90,0.0497,true,1,296712
7290112358431,false,דאבל ביסקוויט עם שוק,,,דאבל ביסקוויט עם שוק,,200.00,100 גרם,false,,14.90,0.0745,true,1,311740
7290112490032,false,נמס בכוס תירס קנור 2,,,נמס בכוס תירס קנור 2,,45.00,100 גרם,false,,7.90,0.1756,true,1,132904
7290112490117,false,טבלה קליק וופל ואגוז,,,טבלה קליק וופל ואגוז,,85.00,100 גרם,false,,6.90,0.0812,true,1,127400
7290112490209,false,נמס בכוס מרק עגבניות,,,נמס בכוס מרק עגבניות,,56.00,100 גרם,false,,7.90,0.1411,true,1,134516
7290112490216,false,נמס בכוס בטעם עוף קר,,,נמס בכוס בטעם עוף קר,יחידה,48.00,יחידה,false,,7.90,0.1646,true,1,132976
7290112490230,false,נמס בכוס אפונה רכיבי,,,נמס בכוס אפונה רכיבי,,50.00,100 גרם,false,,7.90,0.1580,true,1,132977
7290112490674,false,קונפיטורה 778 דובדבן,,,קונפיטורה 778 דובדבן,,340.00,100 גרם,false,,15.90,0.0468,true,1,129589
7290112490735,false,מרק היום מרק עגבניות,,,מרק היום מרק עגבניות,,105.00,100 גרם,false,,12.50,0.1190,true,1,359728
7290112491770,false,בייגלה דקים דקים עם,,,בייגלה דקים דקים עם,,300.00,100 גרם,false,,11.90,0.0397,true,1,138709
7290112491787,false,בייגלה דקים דקים עם,,,בייגלה דקים דקים עם,,300.00,100 גרם,false,,11.90,0.0397,true,1,138710
7290112492449,false,פינוק שמפו לשיער רגי,,,פינוק שמפו לשיער רגי,,700.00,"100 מ""ל",false,,11.90,0.0170,true,1,225616
7290112492463,false,פינוק 2ב1 לשיער רגיל,,,פינוק 2ב1 לשיער רגיל,,700.00,"100 מ""ל",false,,11.90,0.0170,true,1,225618
7290112492500,false,פינוק שמפו שמן קוקוס,,,פינוק שמפו שמן קוקוס,,700.00,"100 מ""ל",false,,11.90,0.0170,true,1,225620
7290112492531,false,פינוק מרכך לשיער רגי,,,פינוק מרכך לשיער רגי,,700.00,"100 מ""ל",false,,11.90,0.0170,true,1,225621
7290112492548,false,פינוק מרכך לשיער יבש,,,פינוק מרכך לשיער יבש,,700.00,"100 מ""ל",false,,11.90,0.0170,true,1,225622
7290112492593,false,פינוק תחליב רחצה קלא,,,פינוק תחליב רחצה קלא,,700.00,"100 מ""ל",false,,10.90,0.0156,true,1,225638
7290112492609,false,פינוק תחליב רחצה לבנ,,,פינוק תחליב רחצה לבנ,,700.00,"100 מ""ל",false,,10.90,0.0156,true,1,225653
7290112492715,false,פינוק שמפו לילדים 70,,,פינוק שמפו לילדים 70,,700.00,"100 מ""ל",false,,12.90,0.0184,true,1,247704
7290112492999,false,מרק טעם עוף קנור 400,,,מרק טעם עוף קנור 400,,400.00,100 גרם,false,,17.80,0.0445,true,1,207854
7290112493088,false,נמס בכוס מרק עדשים ח,,,נמס בכוס מרק עדשים ח,,54.00,100 גרם,false,,7.90,0.1463,true,1,160910
7290112493095,false,נמס בכוס מרק עגבניות,,,נמס בכוס מרק עגבניות,,48.00,100 גרם,false,,7.90,0.1646,true,1,160911
7290112493316,false,מרק היום מרק אפונה 1,,,מרק היום מרק אפונה 1,,117.00,100 גרם,false,,12.50,0.1068,true,1,162296
7290112494153,false,תיבוליות ניחוח צלי ק,,,תיבוליות ניחוח צלי ק,,72.00,100 גרם,false,,10.90,0.1514,true,1,359684
7290112494238,false,קליק כדורים חלב 65 ג,,,קליק כדורים חלב 65 ג,,65.00,100 גרם,false,,6.90,0.1062,true,1,199106
7290112494382,false,פירה בטעם ביתי קנור,,,פירה בטעם ביתי קנור,,260.00,100 גרם,false,,13.90,0.0535,true,1,199732
7290112494795,false,ג'ל לכביסה לבנה וצבע,,,ג'ל לכביסה לבנה וצבע,ליטרים,2.50,ליטר,false,,33.90,13.5600,true,1,200008
7290112495037,false,קוקומן כדורים תלמה ב,,,קוקומן כדורים תלמה ב,,375.00,100 גרם,false,,23.40,0.0624,true,1,199720
7290112495150,false,נשנושים עגול מלוח 30,,,נשנושים עגול מלוח 30,,300.00,100 גרם,false,,14.90,0.0497,true,1,199737
7290112495167,false,נשנושים משולש שומשום,,,נשנושים משולש שומשום,,300.00,100 גרם,false,,14.90,0.0497,true,1,199738
7290112495174,false,נשנושים קוקטייל שומש,,,נשנושים קוקטייל שומש,,300.00,100 גרם,false,,14.90,0.0497,true,1,199739
7290112495433,false,"דליפקאן תלמה בד""ץ 40",,,"דליפקאן תלמה בד""ץ 40",,400.00,100 גרם,false,,24.90,0.0622,true,1,169876
7290112495754,false,רוטב אלף האיים הלמנס,,,רוטב אלף האיים הלמנס,,305.00,100 גרם,false,,12.90,0.0423,true,1,219596
7290112495785,false,רוטב שום הלמנס 300 ג,,,רוטב שום הלמנס 300 ג,,300.00,100 גרם,false,,12.90,0.0430,true,1,219598
7290112495792,false,רוטב שום לייט הלמנס,,,רוטב שום לייט הלמנס,,300.00,100 גרם,false,,13.90,0.0463,true,1,491572
7290112495938,false,קרקר משפחתי 6 דגנים,,,קרקר משפחתי 6 דגנים,,250.00,100 גרם,false,,10.90,0.0436,true,1,241046
7290112496034,false,"סירופ מייפל בד""צ 600",,,"סירופ מייפל בד""צ 600",,600.00,"100 מ""ל",false,,14.90,0.0248,true,1,217242
7290112496430,false,נמס בכוס אקסטרה מרק,,,נמס בכוס אקסטרה מרק,,37.00,100 גרם,false,,4.90,0.1324,true,1,359816
7290112496461,false,מרק נמס בכוס אקסטרה,,,מרק נמס בכוס אקסטרה,,35.00,100 גרם,false,,4.90,0.1400,true,1,280424
7290112497994,false,גרנולה PROTEIN בתוספ,,,גרנולה PROTEIN בתוספ,,300.00,100 גרם,false,,17.90,0.0597,true,1,342784
7290112498007,false,גרנולה PROTEIN בתוספ,,,גרנולה PROTEIN בתוספ,,300.00,100 גרם,false,,17.90,0.0597,true,1,369018
7290112498267,false,אל סבון לידיים בניחו,,,אל סבון לידיים בניחו,,950.00,"100 מ""ל",false,,12.90,0.0136,true,1,329911
7290112498274,false,אל סבון לידיים בניחו,,,אל סבון לידיים בניחו,,950.00,"100 מ""ל",false,,12.90,0.0136,true,1,331187
7290112498441,false,טעמים מהמזרח רוטב רו,,,טעמים מהמזרח רוטב רו,,370.00,100 גרם,false,,13.90,0.0376,true,1,491033
7290112498922,false,מאגדת מיני מגנום לבן,,,מאגדת מיני מגנום לבן,,310.00,100 גרם,false,,30.90,0.0997,true,1,322561
7290112499462,false,תחליב רחצה בתוספת שמ,,,תחליב רחצה בתוספת שמ,,700.00,"100 מ""ל",false,,10.90,0.0156,true,1,322666
7290112960542,false,לחם מחמצת קלמטה 480,,,לחם מחמצת קלמטה 480,,480.00,100 גרם,false,,21.90,0.0456,true,1,136249
7290112960580,false,לחם מחמצת כוסמין 480,,,לחם מחמצת כוסמין 480,,480.00,100 גרם,false,,21.90,0.0456,true,1,136251
7290112960603,false,לחם מחמצת אגוזים צימ,,,לחם מחמצת אגוזים צימ,,480.00,100 גרם,false,,21.90,0.0456,true,1,136252
7290112960719,false,בגט רוסטיק בונז'ור 2,,,בגט רוסטיק בונז'ור 2,,240.00,100 גרם,false,,8.90,0.0371,true,1,136253
7290112960856,false,אקסטרים מטבע שוקולד,,,אקסטרים מטבע שוקולד,,115.00,100 גרם,false,,9.90,0.0861,true,1,145846
7290112961266,false,בייגלה כפיות בסגנון,,,בייגלה כפיות בסגנון,,300.00,100 גרם,false,,11.90,0.0397,true,1,143033
7290112961372,false,חטיפי פריכיות דקות ק,,,חטיפי פריכיות דקות ק,,60.00,100 גרם,false,,8.90,0.1483,true,1,140508
7290112961464,false,חטיפי פריכיות דקות מ,,,חטיפי פריכיות דקות מ,,60.00,100 גרם,false,,8.90,0.1483,true,1,140509
7290112963000,false,רוטב צ'ילי מתוק מופח,,,רוטב צ'ילי מתוק מופח,,290.00,"100 מ""ל",false,,12.90,0.0445,true,1,216284
7290112963918,false,פיטנס חטיפי קרקר דק,,,פיטנס חטיפי קרקר דק,,140.00,100 גרם,false,,13.90,0.0993,true,1,156386
7290112964052,false,פסטה וזוביוטו פרפקטו,,,פסטה וזוביוטו פרפקטו,,500.00,100 גרם,false,,11.90,0.0238,true,1,143037
7290112964410,false,אסם רוטב אלף האיים ל,,,אסם רוטב אלף האיים ל,,290.00,"100 מ""ל",false,,12.90,0.0445,true,1,149350
7290112964434,false,אסם רוטב קיסר לסלט 2,,,אסם רוטב קיסר לסלט 2,,295.00,"100 מ""ל",false,,12.90,0.0437,true,1,149340
7290112964458,false,אסם רוטב ויניגרט לסל,,,אסם רוטב ויניגרט לסל,,295.00,"100 מ""ל",false,,12.90,0.0437,true,1,149341
7290112964472,false,אסם רוטב שום לסלט 29,,,אסם רוטב שום לסלט 29,,295.00,"100 מ""ל",false,,12.90,0.0437,true,1,149351
7290112964625,false,אסם רוטב שום לייט לס,,,אסם רוטב שום לייט לס,,295.00,"100 מ""ל",false,,12.90,0.0437,true,1,149343
7290112965103,false,קוסקוס עם ירקות אסם,,,קוסקוס עם ירקות אסם,,146.00,100 גרם,false,,12.90,0.0884,true,1,201391
7290112965165,false,זוג מרק נמס פטריות ב,,,זוג מרק נמס פטריות ב,,48.00,100 גרם,false,,6.90,0.1438,true,1,156387
7290112965240,false,זוג מרק נמס עגבניות,,,זוג מרק נמס עגבניות,,60.00,100 גרם,false,,6.90,0.1150,true,1,156390
7290112965288,false,זוג מרק נמס ירקות בד,,,זוג מרק נמס ירקות בד,,30.00,100 גרם,false,,6.90,0.2300,true,1,156392
7290112965301,false,זוג מרק נמס טעם עוף,,,זוג מרק נמס טעם עוף,,38.00,100 גרם,false,,6.90,0.1816,true,1,156393
7290112965325,false,אורז ספרדי אסם 140 ג,,,אורז ספרדי אסם 140 ג,,140.00,100 גרם,false,,12.90,0.0921,true,1,201384
7290112965684,false,פיטנס חטיף מולטיגריי,,,פיטנס חטיף מולטיגריי,,25.00,100 גרם,false,,5.80,0.2320,true,1,281960
7290112965707,false,פיטנס חטיף מולטיגריי,,,פיטנס חטיף מולטיגריי,,25.00,100 גרם,false,,5.80,0.2320,true,1,281961
7290112965868,false,אסם קרם קרקר במליחות,,,אסם קרם קרקר במליחות,,250.00,100 גרם,false,,11.90,0.0476,true,1,201504
7290112965905,false,אסם בייגלה שמיניות ב,,,אסם בייגלה שמיניות ב,,400.00,100 גרם,false,,11.90,0.0298,true,1,202264
7290112966001,false,טבעול גורמה ארוחת יר,,,טבעול גורמה ארוחת יר,,450.00,100 גרם,false,,36.90,0.0820,true,1,459050
7290112966094,false,עוגת הבית תפוז מופחת,,,עוגת הבית תפוז מופחת,,400.00,100 גרם,false,,14.90,0.0373,true,1,201401
7290112966780,false,צבר טחינה בלאדי עם ח,,,צבר טחינה בלאדי עם ח,,350.00,100 גרם,false,,15.90,0.0454,true,1,195699
7290112966803,false,אסם פודינג אינסטנט ש,,,אסם פודינג אינסטנט ש,,88.00,100 גרם,false,,6.50,0.0739,true,1,201393
7290112966841,false,אסם פודינג בטעם שוקו,,,אסם פודינג בטעם שוקו,,90.00,100 גרם,false,,6.50,0.0722,true,1,201394
7290112968807,false,פיטנס קרקר דק סלק 14,,,פיטנס קרקר דק סלק 14,,140.00,100 גרם,false,,13.90,0.0993,true,1,289328
7290112968821,false,פיטנס קרקר דק בטטה 1,,,פיטנס קרקר דק בטטה 1,,140.00,100 גרם,false,,13.90,0.0993,true,1,289329
7290112969071,false,פסטה רדיאטורי אסם 50,,,פסטה רדיאטורי אסם 50,,500.00,100 גרם,false,,11.90,0.0238,true,1,228605
7290113100169,false,מסננת גודל 20 + ידית,,,מסננת גודל 20 + ידית,יחידה,0.00,יחידה,false,,19.90,0.0000,true,1,129969
7290113100565,false,מחבת 20 ס`מ אינדוקצי,,,מחבת 20 ס`מ אינדוקצי,יחידה,0.00,יחידה,false,,219.90,0.0000,true,1,130003
7290113100985,false,קרש חיתוך דגם יהלום,,,קרש חיתוך דגם יהלום,יחידה,0.00,יחידה,false,,16.90,0.0000,true,1,129983
7290113101258,false,קולפן דגם רון,,,קולפן דגם רון,יחידה,0.00,יחידה,false,,35.90,0.0000,true,1,130327
7290113102170,false,תרבד איכותי,,,תרבד איכותי,יחידה,0.00,יחידה,false,,20.90,0.0000,true,1,130368
7290113102187,false,כף מסננת,,,כף מסננת,יחידה,0.00,יחידה,false,,24.90,0.0000,true,1,130369
7290113102200,false,כף שטוחה,,,כף שטוחה,יחידה,0.00,יחידה,false,,20.90,0.0000,true,1,130371
7290113192201,false,תערובת להכנת סחלב 50,,,תערובת להכנת סחלב 50,,500.00,100 גרם,false,,14.90,0.0298,true,1,405741
7290113192300,false,זיתים חרוזית מושחר ב,,,זיתים חרוזית מושחר ב,,275.00,100 גרם,false,,12.90,0.0469,true,1,209096
7290113192331,false,זיתים ירוק גדול בית,,,זיתים ירוק גדול בית,,340.00,100 גרם,false,,11.50,0.0338,true,1,207943
7290113192355,false,זיתים חרוזית ירוק בי,,,זיתים חרוזית ירוק בי,,275.00,100 גרם,false,,10.90,0.0396,true,1,207959
7290113192362,false,טבעות זיתים ירוקים ב,,,טבעות זיתים ירוקים ב,,280.00,100 גרם,false,,11.90,0.0425,true,1,207960
7290113192379,false,זיתים ירוקים מבוקעים,,,זיתים ירוקים מבוקעים,,340.00,100 גרם,false,,11.90,0.0350,true,1,207961
7290113192386,false,זית סורי מבוקע בית ה,,,זית סורי מבוקע בית ה,,340.00,100 גרם,false,,12.90,0.0379,true,1,207975
7290113192478,false,מלפפון במלח 10-12 בי,,,מלפפון במלח 10-12 בי,,320.00,100 גרם,false,,8.90,0.0278,true,1,208181
7290113192485,false,מלפפון בחומץ 12-10 ב,,,מלפפון בחומץ 12-10 ב,,290.00,100 גרם,false,,8.90,0.0307,true,1,208182
7290113192492,false,מלפפון בחומץ 13-17 ב,,,מלפפון בחומץ 13-17 ב,,290.00,100 גרם,false,,11.90,0.0410,true,1,208183
7290113192508,false,מלפפון במלח 13-17 בי,,,מלפפון במלח 13-17 בי,,320.00,100 גרם,false,,11.90,0.0372,true,1,208184
7290113192515,false,מלפפון במלח 18-25 בי,,,מלפפון במלח 18-25 בי,,320.00,100 גרם,false,,13.90,0.0434,true,1,208185
7290113192522,false,מלפפון בחומץ 18-25 ב,,,מלפפון בחומץ 18-25 ב,,290.00,100 גרם,false,,13.90,0.0479,true,1,208186
7290113192546,false,מלפפון בחומץ 7-9 בית,,,מלפפון בחומץ 7-9 בית,,560.00,100 גרם,false,,7.90,0.0141,true,1,208201
7290113192560,false,פלפל שיפקה בית השיטה,,,פלפל שיפקה בית השיטה,,230.00,100 גרם,false,,8.90,0.0387,true,1,208216
7290113192577,false,כרוב כבוש בית השיטה,,,כרוב כבוש בית השיטה,יחידה,430.00,יחידה,false,,8.90,0.0207,true,1,208217
7290113193017,false,בית השיטה קוקטייל זי,,,בית השיטה קוקטייל זי,,275.00,100 גרם,false,,12.90,0.0469,true,1,275585
7290113193031,false,חרוזית קלמטה בית השי,,,חרוזית קלמטה בית השי,,275.00,100 גרם,false,,15.90,0.0578,true,1,275586
7290113193321,false,שמן זית כתית מעולה ב,,,שמן זית כתית מעולה ב,,750.00,"100 מ""ל",false,,33.90,0.0452,true,1,369656
7290113193406,false,טבעות קוקטיל זיתים ב,,,טבעות קוקטיל זיתים ב,,560.00,100 גרם,false,,11.90,0.0213,true,1,275587
7290113195042,false,מלפפון מלח כבישה בית,,,מלפפון מלח כבישה בית,,750.00,100 גרם,false,,30.90,0.0412,true,1,329463
7290113195066,false,חלבה טורקית בטעם וני,,,חלבה טורקית בטעם וני,,400.00,100 גרם,false,,12.90,0.0323,true,1,350967
7290113195073,false,חלבה טורקית עם פיסטו,,,חלבה טורקית עם פיסטו,,400.00,100 גרם,false,,13.90,0.0348,true,1,350968
7290113195080,false,חלבה טורקית בטעם שוק,,,חלבה טורקית בטעם שוק,,500.00,100 גרם,false,,12.90,0.0258,true,1,350969
7290113196414,false,אורז בסמטי שקדיה 1 ק,,,אורז בסמטי שקדיה 1 ק,קילוגרמים,1.00,"ק""ג",false,,10.50,10.5000,true,1,350670
7290113196940,false,חטיפי תירס טורטיה בט,,,חטיפי תירס טורטיה בט,,300.00,100 גרם,false,,14.90,0.0497,true,1,448681
7290113197152,false,לבבות דקל שלמים במי,,,לבבות דקל שלמים במי,,410.00,100 גרם,false,,13.90,0.0339,true,1,351280
7290113197176,false,חמאת בוטנים טבעית עם,,,חמאת בוטנים טבעית עם,,510.00,100 גרם,false,,17.90,0.0351,true,1,480992
7290113199675,false,גרנולה עם צימוקים אג,,,גרנולה עם צימוקים אג,,500.00,100 גרם,false,,13.50,0.0270,true,1,458969
7290113199682,false,גרנולה שיבולת שועל ע,,,גרנולה שיבולת שועל ע,,500.00,100 גרם,false,,13.50,0.0270,true,1,459141
7290113199699,false,מוזלי עם בוטנים אגוז,,,מוזלי עם בוטנים אגוז,,500.00,100 גרם,false,,13.50,0.0270,true,1,458970
7290113199897,false,סוכריות חמצוצים בטעם,,,סוכריות חמצוצים בטעם,,180.00,100 גרם,false,,10.90,0.0606,true,1,411574
7290113199903,false,סוכריות חמצוצים בטעם,,,סוכריות חמצוצים בטעם,,180.00,100 גרם,false,,10.90,0.0606,true,1,411575
7290113199910,false,סוכריות חמצוצים בטעם,,,סוכריות חמצוצים בטעם,,180.00,100 גרם,false,,10.90,0.0606,true,1,411576
7290113199927,false,סוכריות חמצוצים בטעם,,,סוכריות חמצוצים בטעם,,180.00,100 גרם,false,,10.90,0.0606,true,1,411577
7290113289345,false,צלחות דקל מרובעות גד,,,צלחות דקל מרובעות גד,יחידה,0.00,יחידה,false,,16.90,0.0000,true,1,409917
7290113289550,false,צלחות מתכלות גדולות,,,צלחות מתכלות גדולות,יחידה,0.00,יחידה,false,,31.90,0.0000,true,1,379909
7290113463646,false,פרוסות גבינה קשה מסו,,,פרוסות גבינה קשה מסו,,400.00,100 גרם,false,,13.60,0.0340,true,1,501318
7290113560109,false,משחת שיניים בטעם צמח,,,משחת שיניים בטעם צמח,,75.00,"100 מ""ל",false,,33.90,0.4520,true,1,284567
7290114151566,false,Botany - שמפו לכל סו,,,Botany - שמפו לכל סו,,500.00,"100 מ""ל",false,,23.90,0.0478,true,1,277691
7290114310215,false,שמנת מתוקה 38% בקבוק,,,שמנת מתוקה 38% בקבוק,,250.00,"100 מ""ל",false,,6.47,0.0259,true,1,236506
7290114310239,false,חלב נטול לקטוז 1.5,,,חלב נטול לקטוז 1.5,ליטרים,1.50,ליטר,false,,11.90,7.9333,true,1,249209
7290114310338,false,צפתית מעודנת 5% משק,,,צפתית מעודנת 5% משק,,225.00,100 גרם,false,,17.90,0.0796,true,1,284553
7290114310536,false,מולר אקטיב לייט יוגו,,,מולר אקטיב לייט יוגו,,25.00,100 גרם,false,,6.50,0.2600,true,1,310078
7290114310550,false,פטה עיזים מעודנת 5%,,,פטה עיזים מעודנת 5%,,200.00,100 גרם,false,,23.90,0.1195,true,1,310049
7290114310567,false,לאבנה עיזים 5% משק צ,,,לאבנה עיזים 5% משק צ,,200.00,100 גרם,false,,14.90,0.0745,true,1,310035
7290114310574,false,גבינת קרם שמנת עיזים,,,גבינת קרם שמנת עיזים,,200.00,100 גרם,false,,14.90,0.0745,true,1,309995
7290114310611,false,משקה חלב בננה בבקבוק,,,משקה חלב בננה בבקבוק,,250.00,"100 מ""ל",false,,5.90,0.0236,true,1,327126
7290114311298,false,מולר פרופ תות בננה מ,,,מולר פרופ תות בננה מ,,150.00,100 גרם,false,,5.50,0.0367,true,1,458811
7290114311304,false,מולר פרופ מנגו פסיפל,,,מולר פרופ מנגו פסיפל,,150.00,100 גרם,false,,5.50,0.0367,true,1,458812
7290114311328,false,חלב נטול לקטוז טרה 1,,,חלב נטול לקטוז טרה 1,ליטרים,1.00,ליטר,false,,7.90,7.9000,true,1,469773
7290114311359,false,מולר פרופ מנגו 3% 15,,,מולר פרופ מנגו 3% 15,,150.00,100 גרם,false,,5.50,0.0367,true,1,458796
7290114311434,false,מולר אקטיב בטעם קרמל,,,מולר אקטיב בטעם קרמל,,200.00,100 גרם,false,,6.90,0.0345,true,1,485134
7290114311458,false,קרטון חלב מועשר ויטמ,,,קרטון חלב מועשר ויטמ,ליטרים,1.00,ליטר,false,,9.90,9.9000,true,1,487113
7290114600941,false,מאסטר שף מאסטר שף מ,,,מאסטר שף מאסטר שף מ,,435.00,100 גרם,false,,15.90,0.0366,true,1,253167
7290114603041,false,פרי גרנולה בוטנים אג,,,פרי גרנולה בוטנים אג,,300.00,100 גרם,false,,15.90,0.0530,true,1,281614
7290114604857,false,דפי אורז קוטר 22 כשל,,,דפי אורז קוטר 22 כשל,,400.00,100 גרם,false,,10.90,0.0273,true,1,296357
7290114604864,false,קוסקוס דק מאסטר שף 3,,,קוסקוס דק מאסטר שף 3,,350.00,100 גרם,false,,6.90,0.0197,true,1,351809
7290114604871,false,קוסקוס בינוני מאסטר,,,קוסקוס בינוני מאסטר,,350.00,100 גרם,false,,6.90,0.0197,true,1,351634
7290114607315,false,מקס וויט מארז זוג 2*,,,מקס וויט מארז זוג 2*,,250.00,"100 מ""ל",false,,30.90,0.1236,true,1,346121
7290114607391,false,משחת שיניים קולגייט,,,משחת שיניים קולגייט,,75.00,"100 מ""ל",false,,16.90,0.2253,true,1,437656
7290114608664,false,סילאן לחיץ 100% תמרי,,,סילאן לחיץ 100% תמרי,,680.00,100 גרם,false,,18.90,0.0278,true,1,465969
7290114659949,true,מארז 50 מסכות כירוג,,,מארז 50 מסכות כירוג,יחידה,0.00,יחידה,false,,10.90,0.0000,true,1,248749
7290115071504,false,מטבעות שוקולד ברשת 3,,,מטבעות שוקולד ברשת 3,,31.00,100 גרם,false,,4.90,0.1581,true,1,288446
7290115073676,true,מארז מסכות 3 שכבות צ,,,מארז מסכות 3 שכבות צ,יחידה,0.00,יחידה,false,,9.90,0.0000,true,1,250699
7290115075182,false,מטבעות שוקולד ברשת 3,,,מטבעות שוקולד ברשת 3,,31.00,100 גרם,false,,4.90,0.1581,true,1,288450
7290115190076,false,סיגריות מרלבורו חפי,,,סיגריות מרלבורו חפי,יחידה,0.00,יחידה,false,,36.50,0.0000,false,1,280365
7290115190090,false,סיגריות מרלבורו חפי,,,סיגריות מרלבורו חפי,יחידה,0.00,יחידה,false,,36.50,0.0000,false,1,272555
7290115190137,false,מרלבורו פיין טאצ בוד,,,מרלבורו פיין טאצ בוד,יחידה,0.00,יחידה,false,,32.50,0.0000,false,1,272540
7290115190151,false,מרלבורו גולד טאצ בוד,,,מרלבורו גולד טאצ בוד,יחידה,0.00,יחידה,false,,32.50,0.0000,false,1,272522
7290115190175,false,סיגריות פרלמנט (חפיס,,,סיגריות פרלמנט (חפיס,יחידה,0.00,יחידה,false,,42.00,0.0000,false,1,265432
7290115190212,false,סיגריות פרלמנט (חפיס,,,סיגריות פרלמנט (חפיס,יחידה,0.00,יחידה,false,,42.00,0.0000,false,1,272503
7290115190250,false,סיגריות פרלמנט (חפיס,,,סיגריות פרלמנט (חפיס,יחידה,0.00,יחידה,false,,42.00,0.0000,false,1,265452
7290115190335,false,אל אם בלו ארוך,,,אל אם בלו ארוך,יחידה,0.00,יחידה,false,,33.00,0.0000,false,1,316254
7290115190359,false,אל אם בלו לייבל קצר,,,אל אם בלו לייבל קצר,יחידה,0.00,יחידה,false,,33.00,0.0000,false,1,265434
7290115190373,false,אל אם פוב רד בודד,,,אל אם פוב רד בודד,יחידה,0.00,יחידה,false,,33.00,0.0000,false,1,272524
7290115190434,false,אל אם וייב סלימס,,,אל אם וייב סלימס,יחידה,0.00,יחידה,false,,33.00,0.0000,false,1,265454
7290115190496,false,סיגריות נקסט (בודד),,,סיגריות נקסט (בודד),יחידה,0.00,יחידה,false,,31.50,0.0000,false,1,294882
7290115190519,false,סיגריות נקסט (בודד),,,סיגריות נקסט (בודד),יחידה,0.00,יחידה,false,,31.50,0.0000,false,1,272505
7290115190533,false,סיגריות נקסט (בודד),,,סיגריות נקסט (בודד),יחידה,0.00,יחידה,false,,29.00,0.0000,false,1,280337
7290115190557,false,סיגריות נקסט(בודד) ר,,,סיגריות נקסט(בודד) ר,יחידה,0.00,יחידה,false,,29.00,0.0000,false,1,272506
7290115190571,false,סיגריות נקסט (בודד),,,סיגריות נקסט (בודד),יחידה,0.00,יחידה,false,,31.50,0.0000,false,1,265435
7290115190595,false,סיגריות נקסט(בודד),,,סיגריות נקסט(בודד),יחידה,0.00,יחידה,false,,31.50,0.0000,false,1,272489
7290115190939,false,אל אם וייב קליק קפסו,,,אל אם וייב קליק קפסו,יחידה,0.00,יחידה,false,,27.00,0.0000,false,1,368972
7290115200003,false,פתי בר פינוקי וניל 2,,,פתי בר פינוקי וניל 2,,220.00,100 גרם,false,,11.90,0.0541,true,1,281806
7290115200027,false,פתי בר פינוקי שוקו 2,,,פתי בר פינוקי שוקו 2,,220.00,100 גרם,false,,11.90,0.0541,true,1,281807
7290115200713,false,מארז במבה קלאסי אסם,,,מארז במבה קלאסי אסם,,250.00,100 גרם,false,,12.90,0.0516,true,1,283767
7290115200782,true,חמישיית פיתות 10*500,,,חמישיית פיתות 10*500,,500.00,100 גרם,false,,7.90,0.0158,true,1,281464
7290115201291,false,לחם מחמצת כפרי עם שי,,,לחם מחמצת כפרי עם שי,,640.00,100 גרם,false,,21.90,0.0342,true,1,279807
7290115201338,false,לחם מחמצת כפרי עם חמ,,,לחם מחמצת כפרי עם חמ,,550.00,100 גרם,false,,21.90,0.0398,true,1,278773
7290115201680,false,ביסלי ברביקיו 70 גרם,,,ביסלי ברביקיו 70 גרם,,70.00,100 גרם,false,,4.90,0.0700,true,1,288645
7290115201741,false,ביסלי בצל 70 גרם,,,ביסלי בצל 70 גרם,,70.00,100 גרם,false,,4.90,0.0700,true,1,283151
7290115202236,false,טבעול טופו קראנצ'ים,,,טבעול טופו קראנצ'ים,,470.00,100 גרם,false,,35.90,0.0764,true,1,339077
7290115202434,false,חומוס עם זעתר צבר 37,,,חומוס עם זעתר צבר 37,,375.00,100 גרם,false,,12.90,0.0344,true,1,299102
7290115202786,false,מנה חמה פאוצ' נדלסאט,,,מנה חמה פאוצ' נדלסאט,,70.00,100 גרם,false,,4.90,0.0700,true,1,310166
7290115202816,false,מנה חמה פאוצ' נדלסאט,,,מנה חמה פאוצ' נדלסאט,,70.00,100 גרם,false,,4.90,0.0700,true,1,310167
7290115202847,false,מנה חמה פאוצ' נדלסאט,,,מנה חמה פאוצ' נדלסאט,,70.00,100 גרם,false,,4.90,0.0700,true,1,310168
7290115202939,false,מנה חמה רייס נודלס ע,,,מנה חמה רייס נודלס ע,,50.00,100 גרם,false,,8.90,0.1780,true,1,374212
7290115202977,false,מנה חמה רייס נודלס ר,,,מנה חמה רייס נודלס ר,,55.00,100 גרם,false,,8.90,0.1618,true,1,374213
7290115203134,false,פופקו פופקורן במבה 4,,,פופקו פופקורן במבה 4,,80.00,100 גרם,false,,5.90,0.0738,true,1,325397
7290115203295,false,פרפקטו פסטה ריציאולי,,,פרפקטו פסטה ריציאולי,,400.00,100 גרם,false,,11.90,0.0298,true,1,310151
7290115203905,true,מיני פיתה כוסמין עשי,,,מיני פיתה כוסמין עשי,,550.00,100 גרם,false,,18.90,0.0344,true,1,315936
7290115204056,false,אסם קטשופ מופחת סוכר,,,אסם קטשופ מופחת סוכר,,690.00,100 גרם,false,,11.90,0.0172,true,1,317841
7290115205176,false,פיטנס קרקר THIN כפרי,,,פיטנס קרקר THIN כפרי,,140.00,100 גרם,false,,13.90,0.0993,true,1,372677
7290115205312,false,פיטנס קרקר Thin Deli,,,פיטנס קרקר Thin Deli,,140.00,100 גרם,false,,13.90,0.0993,true,1,446912
7290115205633,false,טבעול סנסשיונל נקנקי,,,טבעול סנסשיונל נקנקי,,350.00,100 גרם,false,,36.90,0.1054,true,1,459034
7290115205978,false,פתי בר אצבעות שוקולד,,,פתי בר אצבעות שוקולד,,180.00,100 גרם,false,,11.90,0.0661,true,1,415986
7290115207682,false,אסם רוטב בסגנון סויה,,,אסם רוטב בסגנון סויה,,330.00,"100 מ""ל",false,,12.90,0.0391,true,1,446721
7290115207811,false,נקניקיות טבעוניות טב,,,נקניקיות טבעוניות טב,,418.00,100 גרם,false,,36.90,0.0883,true,1,456555
7290115207941,false,ויטמינצ'יק אננס 1 לי,,,ויטמינצ'יק אננס 1 לי,ליטרים,1.00,ליטר,false,,23.50,23.5000,true,1,402504
7290115207989,false,ויטמינצ'יק לימון 1 ל,,,ויטמינצ'יק לימון 1 ל,ליטרים,1.00,ליטר,false,,23.50,23.5000,true,1,402506
7290115208009,false,ויטמינצ'יק ענבים 1 ל,,,ויטמינצ'יק ענבים 1 ל,ליטרים,1.00,ליטר,false,,23.50,23.5000,true,1,402507
7290115208047,false,ויטמינצ'יק פטל 1 ליט,,,ויטמינצ'יק פטל 1 ליט,ליטרים,1.00,ליטר,false,,23.50,23.5000,true,1,402508
7290115208320,false,אפרופו בטעם ביסלי בצ,,,אפרופו בטעם ביסלי בצ,,50.00,100 גרם,false,,5.80,0.1160,true,1,491479
7290115208801,false,לחמית דבש ואגוזים 19,,,לחמית דבש ואגוזים 19,,190.00,100 גרם,false,,11.90,0.0626,true,1,460707
7290115209174,false,במבה אורירית 60 גרם,,,במבה אורירית 60 גרם,,80.00,100 גרם,false,,4.90,0.0613,true,1,473797
7290115209198,false,במבה אורירית 80 גרם,,,במבה אורירית 80 גרם,,80.00,100 גרם,false,,4.90,0.0613,true,1,449094
7290115209358,false,במבה במילוי בראוניז,,,במבה במילוי בראוניז,,60.00,100 גרם,false,,5.90,0.0983,true,1,491158
7290115209372,false,במבה במילוי בראוניז,,,במבה במילוי בראוניז,,150.00,100 גרם,false,,11.90,0.0793,true,1,491159
7290115403299,false,עוגיות פרפריות אדל 4,,,עוגיות פרפריות אדל 4,,450.00,100 גרם,false,,18.90,0.0420,true,1,435405
7290115403312,false,עוגיות מלוחות קריספי,,,עוגיות מלוחות קריספי,,450.00,100 גרם,false,,18.90,0.0420,true,1,435407
7290115403381,false,עוגיות פיצפוצים לבן,,,עוגיות פיצפוצים לבן,,500.00,100 גרם,false,,18.90,0.0378,true,1,435413
7290115403435,false,עוגיות מעמול תמר אדל,,,עוגיות מעמול תמר אדל,,500.00,100 גרם,false,,18.90,0.0378,true,1,435418
7290115403459,false,עוגיות נסיכה בטעם תו,,,עוגיות נסיכה בטעם תו,,500.00,100 גרם,false,,18.90,0.0378,true,1,435420
7290115403473,false,עוגיות עינוגי שוקולד,,,עוגיות עינוגי שוקולד,,500.00,100 גרם,false,,18.90,0.0378,true,1,435422
7290115403510,false,עוגיות מגולגלות תמרי,,,עוגיות מגולגלות תמרי,,500.00,100 גרם,false,,18.90,0.0378,true,1,435425
7290115410068,false,חציל במיונז 400 גרם,,,חציל במיונז 400 גרם,,400.00,100 גרם,false,,13.90,0.0348,true,1,349842
7290115410075,false,טחינה 400 גרם סלטי ה,,,טחינה 400 גרם סלטי ה,,400.00,100 גרם,false,,13.90,0.0348,true,1,349843
7290115410112,false,חומוס 400 גרם סלטי ה,,,חומוס 400 גרם סלטי ה,,400.00,100 גרם,false,,13.90,0.0348,true,1,349826
7290115410150,false,כרוב אדום 400 גרם סל,,,כרוב אדום 400 גרם סל,,400.00,100 גרם,false,,13.90,0.0348,true,1,408250
7290115410549,false,חומוס מסעדות המעדניה,,,חומוס מסעדות המעדניה,,250.00,100 גרם,false,,11.90,0.0476,true,1,349759
7290115410556,false,חומוס מסבחה 250 גרם,,,חומוס מסבחה 250 גרם,,250.00,100 גרם,false,,11.90,0.0476,true,1,349788
7290115410587,false,טחינה לבנה 250 גרם -,,,טחינה לבנה 250 גרם -,,250.00,100 גרם,false,,11.90,0.0476,true,1,349791
7290115410594,false,חציל תאילנדי 250 גרם,,,חציל תאילנדי 250 גרם,,250.00,100 גרם,false,,11.90,0.0476,true,1,349806
7290115410600,false,חציל במיונז 250 גרם-,,,חציל במיונז 250 גרם-,,250.00,100 גרם,false,,11.90,0.0476,true,1,349807
7290115670707,false,אנרג'י גרנולה שיבולת,,,אנרג'י גרנולה שיבולת,,400.00,100 גרם,false,,16.90,0.0422,true,1,315854
7290115671339,false,מיני פינוקיות בראוני,,,מיני פינוקיות בראוני,,180.00,100 גרם,false,,11.90,0.0661,true,1,339017
7290115671346,false,מיני פינוקיות במילוי,,,מיני פינוקיות במילוי,,180.00,100 גרם,false,,11.90,0.0661,true,1,339033
7290115671421,false,פולי אספרסו עשירים ו,,,פולי אספרסו עשירים ו,,250.00,100 גרם,false,,22.90,0.0916,true,1,416110
7290115671469,false,כוס חבק קפה טורקי על,,,כוס חבק קפה טורקי על,יחידה,0.00,יחידה,false,,5.00,0.0000,true,1,480182
7290115675696,false,דגני בוקר קוואקר שיב,,,דגני בוקר קוואקר שיב,,375.00,100 גרם,false,,22.70,0.0605,true,1,333651
7290115675702,false,דגני בוקר קוואקר שיב,,,דגני בוקר קוואקר שיב,,375.00,100 גרם,false,,22.70,0.0605,true,1,333635
7290115676051,false,משקה אקטיביה עם שיבו,,,משקה אקטיביה עם שיבו,,265.00,100 גרם,false,,5.50,0.0208,true,1,363453
7290115677362,false,נודלס טריאקי שטראוס,,,נודלס טריאקי שטראוס,,350.00,100 גרם,false,,28.90,0.0826,true,1,367812
7290115677409,false,אורז קארי צהוב שטראו,,,אורז קארי צהוב שטראו,,350.00,100 גרם,false,,28.90,0.0826,true,1,367813
7290115677966,false,ממרח אבוקדו אחלה 200,,,ממרח אבוקדו אחלה 200,,200.00,100 גרם,false,,16.90,0.0845,true,1,357127
7290115678376,false,מעדן הגולן מעדן חלב,,,מעדן הגולן מעדן חלב,,125.00,100 גרם,false,,3.50,0.0280,true,1,340643
7290115678383,false,מעדן הגולן מעדן חלב,,,מעדן הגולן מעדן חלב,,125.00,100 גרם,false,,3.50,0.0280,true,1,340658
7290115678598,false,חסה אייסברג חיתוך גס,,,חסה אייסברג חיתוך גס,,300.00,100 גרם,false,,10.90,0.0363,true,1,365162
7290116243986,false,אצבעות שוקולד ממולא,,,אצבעות שוקולד ממולא,,50.00,100 גרם,false,,6.90,0.1380,true,1,446997
7290116244044,false,אצבעות שוקולד חלב מי,,,אצבעות שוקולד חלב מי,,84.00,100 גרם,false,,8.90,0.1060,true,1,407816
7290116530185,false,דגני בוקר דלישקד קרמ,,,דגני בוקר דלישקד קרמ,,400.00,100 גרם,false,,24.90,0.0622,true,1,395315
7290116530482,false,מארז קורנפלקס של אלו,,,מארז קורנפלקס של אלו,,150.00,100 גרם,false,,13.90,0.0927,true,1,363282
7290116531083,false,דגני בוקר ברנפלקס לל,,,דגני בוקר ברנפלקס לל,,500.00,100 גרם,false,,27.00,0.0540,true,1,395855
7290116531496,false,דגני בוקר קינמונים ת,,,דגני בוקר קינמונים ת,,375.00,100 גרם,false,,23.40,0.0624,true,1,414689
7290116532011,false,חטיף נוגט קליק 35 ג,,,חטיף נוגט קליק 35 ג,,35.00,100 גרם,false,,5.80,0.1657,true,1,410884
7290116533216,false,מרק ירקות 100% רכיבי,,,מרק ירקות 100% רכיבי,,235.00,100 גרם,false,,22.90,0.0974,true,1,489740
7290116930015,false,חטיף חלבון בטעם קרמל,,,חטיף חלבון בטעם קרמל,,60.00,100 גרם,false,,14.90,0.2483,true,1,420454
7290116930282,false,לאבנה 9% שומן עם קרק,,,לאבנה 9% שומן עם קרק,,150.00,100 גרם,false,,8.50,0.0567,true,1,457958
7290116930626,false,ציזיקי עם קרקרים תנו,,,ציזיקי עם קרקרים תנו,,150.00,100 גרם,false,,8.50,0.0567,true,1,457959
7290116930657,false,משקה GO בננה תמר עם,,,משקה GO בננה תמר עם,,340.00,"100 מ""ל",false,,7.90,0.0232,true,1,505811
7290116930954,false,יופלה בטעם פאי תפוחי,,,יופלה בטעם פאי תפוחי,,150.00,"100 מ""ל",false,,5.50,0.0367,true,1,505746
7290117260463,false,גבינה בולגרית מעודנת,,,גבינה בולגרית מעודנת,,200.00,100 גרם,false,,13.90,0.0695,true,1,459843
7290117260470,false,גבינה בולגרית מעודנת,,,גבינה בולגרית מעודנת,,200.00,100 גרם,false,,13.90,0.0695,true,1,459844
7290117260562,false,חמאה בגביע יורו 225,,,חמאה בגביע יורו 225,,225.00,100 גרם,false,,18.90,0.0840,true,1,506374
7290117260890,false,פופקורן בטעם קוקוס ו,,,פופקורן בטעם קוקוס ו,,90.00,100 גרם,false,,8.90,0.0989,true,1,406854
7290117260968,false,ביסקוויטים ללא גלוטן,,,ביסקוויטים ללא גלוטן,,125.00,100 גרם,false,,11.90,0.0952,true,1,416565
7290117261088,false,בוראטה גבינת מוצרלה,,,בוראטה גבינת מוצרלה,,125.00,100 גרם,false,,21.90,0.1752,true,1,493356
7290117261354,false,גבינת ריקוטה 5% שומ,,,גבינת ריקוטה 5% שומ,,200.00,100 גרם,false,,10.90,0.0545,true,1,456995
7290117261774,false,כדורי גבינת בייבי מו,,,כדורי גבינת בייבי מו,,150.00,100 גרם,false,,16.90,0.1127,true,1,493403
7290117261989,false,גבינת מנורי גבינה רכ,,,גבינת מנורי גבינה רכ,,170.00,100 גרם,false,,18.90,0.1112,true,1,459629
7290117262221,false,משקה יוגורט עם אננס,,,משקה יוגורט עם אננס,,200.00,"100 מ""ל",false,,5.90,0.0295,true,1,467371
7290117262238,false,משקה יוגורט עם תות ש,,,משקה יוגורט עם תות ש,,200.00,"100 מ""ל",false,,5.90,0.0295,true,1,467354
7290117262245,false,משקה יוגורט עם אפרסק,,,משקה יוגורט עם אפרסק,,200.00,"100 מ""ל",false,,5.90,0.0295,true,1,467355
7290117380857,false,סלים דליס פייבר - עו,,,סלים דליס פייבר - עו,,120.00,100 גרם,false,,12.90,0.1075,true,1,449537
7290117380871,false,סלים דליס פייבר - עו,,,סלים דליס פייבר - עו,,120.00,100 גרם,false,,12.90,0.1075,true,1,449538
7290117383711,false,פלמוליב חלב ודבש 750,,,פלמוליב חלב ודבש 750,,1500.00,100 ליטר,false,,30.00,0.0200,true,1,499657
7290117383742,false,פלמוליב גבר מרענן 75,,,פלמוליב גבר מרענן 75,,1500.00,100 ליטר,false,,30.00,0.0200,true,1,499660
7290117383780,false,פלמוליב ארומה מסאג',,,פלמוליב ארומה מסאג',,1500.00,100 ליטר,false,,30.00,0.0200,true,1,499661
7290117821411,false,ביצת הפתעה פלסטיק עם,,,ביצת הפתעה פלסטיק עם,,10.00,100 גרם,false,,6.50,0.6500,true,1,458461
7290117821435,false,ביצת הפתעה פלסטיק עם,,,ביצת הפתעה פלסטיק עם,,10.00,100 גרם,false,,6.50,0.6500,true,1,458462
7290117823798,false,בדיקה עצמית מהירה לז,,,בדיקה עצמית מהירה לז,יחידה,0.00,יחידה,false,,39.90,0.0000,true,1,401363
7290117900932,false,גרעיני אבטיח קלויים,,,גרעיני אבטיח קלויים,,130.00,100 גרם,false,,10.90,0.0838,true,1,450740
7290118420071,false,במבה ביסלי ברביקיו מ,,,במבה ביסלי ברביקיו מ,,80.00,100 גרם,false,,5.90,0.0738,true,1,491190
7290118420378,false,פתי בר פינוקים תותים,,,פתי בר פינוקים תותים,,220.00,100 גרם,false,,11.90,0.0541,true,1,491446
7290118420477,false,בייגלה שטוחים בטעם ב,,,בייגלה שטוחים בטעם ב,,300.00,100 גרם,false,,11.90,0.0397,true,1,491462
7290589856775,false,נייס שבלולים לשיער,,,נייס שבלולים לשיער,יחידה,0.00,יחידה,false,,5.90,0.0000,true,1,37062
7296021023415,false,מיכל 670 מ'ל מלבן פל,,,מיכל 670 מ'ל מלבן פל,יחידה,0.00,יחידה,false,,34.90,0.0000,true,1,52421
7296021261541,false,סיר יציקה עם ידית אפ,,,סיר יציקה עם ידית אפ,יחידה,0.00,יחידה,false,,849.90,0.0000,true,1,414254
7296021288692,false,"מחבת לטיגון 26 ס""מ C",,,"מחבת לטיגון 26 ס""מ C",יחידה,0.00,יחידה,false,,249.90,0.0000,true,1,476011
7296082000035,false,6 ביצים L אומגה ביצה,,,6 ביצים L אומגה ביצה,יחידה,0.00,יחידה,false,,15.90,0.0000,true,1,50728
7296102521731,false,סט 4 קופסאות פלסטיק,,,סט 4 קופסאות פלסטיק,יחידה,0.00,יחידה,false,,19.90,0.0000,true,1,370712
7297425300089,false,סט מצעים זוגי 160/20,,,סט מצעים זוגי 160/20,יחידה,0.00,יחידה,false,,199.90,0.0000,true,1,422499
7297461005986,false,מפת שולחן ג'אקרד ( 1,,,מפת שולחן ג'אקרד ( 1,יחידה,0.00,יחידה,false,,49.90,0.0000,true,1,400466
7297488098183,false,דגש קמח אורז ללא גלו,,,דגש קמח אורז ללא גלו,,500.00,100 גרם,false,,11.90,0.0238,true,1,50037
7297488098220,false,"דגש קמח תפו""א ללא גל",,,"דגש קמח תפו""א ללא גל",,500.00,100 גרם,false,,10.90,0.0218,true,1,50040
7297488098305,false,דגש קמח שקדים 250 גר,,,דגש קמח שקדים 250 גר,,250.00,100 גרם,false,,26.90,0.1076,true,1,50048
7297488099753,false,דגש עוגיות בטעם שוקו,,,דגש עוגיות בטעם שוקו,,250.00,100 גרם,false,,25.90,0.1036,true,1,277425
7297588028479,false,מטריה סיליקון חצי או,,,מטריה סיליקון חצי או,יחידה,0.00,יחידה,false,,39.90,0.0000,true,1,267222
7298171185395,false,גרבי בנות מיני מאוס,,,גרבי בנות מיני מאוס,יחידה,0.00,יחידה,false,,19.90,0.0000,true,1,381542
7298171185470,false,גרבי בנים מיקי מאוס,,,גרבי בנים מיקי מאוס,יחידה,0.00,יחידה,false,,19.90,0.0000,true,1,381526
7298171185487,false,גרבי בנים מיקי מאוס,,,גרבי בנים מיקי מאוס,יחידה,0.00,יחידה,false,,19.90,0.0000,true,1,381527
7298171185524,false,גרבי בנים מגבת מיקי,,,גרבי בנים מגבת מיקי,יחידה,0.00,יחידה,false,,19.90,0.0000,true,1,381510
7380580005255,false,נייס שבלולים לשיער,,,נייס שבלולים לשיער,יחידה,0.00,יחידה,false,,7.90,0.0000,true,1,37068
7394376123337,false,משקה שיבולת שועל אור,,,משקה שיבולת שועל אור,ליטרים,1.00,ליטר,false,,15.90,15.9000,true,1,249109
7394376616778,false,משקה שיבולת שועל להק,,,משקה שיבולת שועל להק,ליטרים,1.00,ליטר,false,,17.90,17.9000,true,1,249112
7480588956563,false,נייס שבלולים לשיער,,,נייס שבלולים לשיער,יחידה,0.00,יחידה,false,,9.90,0.0000,true,1,37071
7501064191398,false,קורונה מארז שישיה 6*,,,קורונה מארז שישיה 6*,ליטרים,2.13,ליטר,false,,39.90,18.7324,true,1,147187
7509546061160,false,משחת שיניים קולגייט,,,משחת שיניים קולגייט,,75.00,"100 מ""ל",false,,16.90,0.2253,true,1,437657
7610400014649,false,לינדט לינדור שוק.חלב,,,לינדט לינדור שוק.חלב,,100.00,100 גרם,false,,18.00,0.1800,true,1,15574
7610400091060,false,לינדט מריר אקסלנס תפ,,,לינדט מריר אקסלנס תפ,,100.00,100 גרם,false,,17.90,0.1790,true,1,238865
7613030979647,false,דגני בוקר טריקס 480,,,דגני בוקר טריקס 480,,480.00,100 גרם,false,,27.90,0.0581,true,1,123651
7613032045753,false,דגני פיטנס שוקולד נס,,,דגני פיטנס שוקולד נס,,375.00,100 גרם,false,,22.90,0.0611,true,1,22020
7613035635845,false,פיטנס גרנולה שוקולד,,,פיטנס גרנולה שוקולד,,300.00,100 גרם,false,,15.90,0.0530,true,1,70823
7613035809857,false,פרפקטו רוטב עגבניות,,,פרפקטו רוטב עגבניות,,400.00,100 גרם,false,,10.90,0.0273,true,1,22066
7613036105545,false,דוגלי בטעם בקר גזע ק,,,דוגלי בטעם בקר גזע ק,קילוגרמים,3.00,"ק""ג",false,,53.60,17.8667,true,1,94486
7613036105576,false,"דוגלי בוגר עוף 3 ק""ג",,,"דוגלי בוגר עוף 3 ק""ג",קילוגרמים,3.00,"ק""ג",false,,55.90,18.6333,true,1,94491
7613036105606,false,דוגלי בוגר בקר 4*3קג,,,דוגלי בוגר בקר 4*3קג,קילוגרמים,3.00,"ק""ג",false,,55.90,18.6333,true,1,94492
7613036251389,false,דוגלי אקטיב 12קג,,,דוגלי אקטיב 12קג,קילוגרמים,12.00,"ק""ג",false,,124.90,10.4083,true,1,115393
7613036288026,false,דוגלי גורים 4*3קג,,,דוגלי גורים 4*3קג,קילוגרמים,3.00,"ק""ג",false,,59.90,19.9667,true,1,115394
7613036520492,false,פרפקטו רוטב עגבניות,,,פרפקטו רוטב עגבניות,,400.00,100 גרם,false,,10.90,0.0273,true,1,118967
7613036725286,false,דנטלייף חתול סלמון 8,,,דנטלייף חתול סלמון 8,,320.00,100 גרם,false,,10.90,0.0341,true,1,374197
7613036737623,false,דגני בוקר קראנץ מקס,,,דגני בוקר קראנץ מקס,,410.00,100 גרם,false,,27.90,0.0680,true,1,135962
7613036976695,false,פריסקיז פאוצ' בקר 85,,,פריסקיז פאוצ' בקר 85,,85.00,100 גרם,false,,5.90,0.0694,true,1,215272
7613036976718,false,פריסקיז פאוצ' ברווז,,,פריסקיז פאוצ' ברווז,,85.00,100 גרם,false,,5.90,0.0694,true,1,215273
7613037012200,false,פאוץ' גרבר מחית בטעם,,,פאוץ' גרבר מחית בטעם,,90.00,100 גרם,false,,6.90,0.0767,true,1,211050
7613037686906,false,פיטנס שקדים ודבש נסט,,,פיטנס שקדים ודבש נסט,,355.00,100 גרם,false,,22.90,0.0645,true,1,201366
7613039547731,false,פאוץ' גרבר מחית תפוח,,,פאוץ' גרבר מחית תפוח,,90.00,100 גרם,false,,6.90,0.0767,true,1,274691
7613039547922,false,פאוץ' גרבר מחית תפוח,,,פאוץ' גרבר מחית תפוח,,90.00,100 גרם,false,,6.90,0.0767,true,1,274692
7613039770450,false,בורגר צמחוני טבעוני,,,בורגר צמחוני טבעוני,,226.00,100 גרם,false,,35.90,0.1588,true,1,275203
7613287155863,false,מחית בטעם אגס פאוץ ג,,,מחית בטעם אגס פאוץ ג,,90.00,100 גרם,false,,6.90,0.0767,true,1,301064
7613287181411,false,פאוץ סלט פירות ויטמי,,,פאוץ סלט פירות ויטמי,,110.00,100 גרם,false,,5.90,0.0536,true,1,347431
7613287182357,false,פאוץ אגס תפוח ופירות,,,פאוץ אגס תפוח ופירות,,110.00,100 גרם,false,,5.90,0.0536,true,1,347433
7613287182425,false,פאוץ תפוח בננה ותות,,,פאוץ תפוח בננה ותות,,110.00,100 גרם,false,,5.90,0.0536,true,1,347434
7613287182456,false,פאוץ אגס תפוח בננה ו,,,פאוץ אגס תפוח בננה ו,,110.00,100 גרם,false,,5.90,0.0536,true,1,347435
7613287302373,false,קפסולות סטארבקס איטל,,,קפסולות סטארבקס איטל,,56.00,100 גרם,false,,22.90,0.4089,true,1,312608
7613287325808,false,רוטב איולי שום לחיץ,,,רוטב איולי שום לחיץ,,295.00,100 גרם,false,,15.90,0.0539,true,1,373012
7613287325822,false,רוטב מיקס לחיץ אסם 2,,,רוטב מיקס לחיץ אסם 2,,295.00,100 גרם,false,,15.90,0.0539,true,1,373013
7613287325952,false,רוטב ברביקיו לחיץ אס,,,רוטב ברביקיו לחיץ אס,,345.00,100 גרם,false,,15.90,0.0461,true,1,372981
7613287394323,false,מולטי צ'יריוס 100% ד,,,מולטי צ'יריוס 100% ד,,600.00,100 גרם,false,,23.90,0.0398,true,1,326916
7613287476678,false,סינימיניס צ'ורוס 360,,,סינימיניס צ'ורוס 360,,360.00,100 גרם,false,,27.90,0.0775,true,1,335596
7613287821348,false,נתחוני עוף טבעוני סנ,,,נתחוני עוף טבעוני סנ,,350.00,100 גרם,false,,31.90,0.0911,true,1,380938
7614500010617,false,בר טובלרון מריר 100,,,בר טובלרון מריר 100,,100.00,100 גרם,false,,11.90,0.1190,true,1,441031
7622010001858,false,עוגיות אוראו סנדביץ,,,עוגיות אוראו סנדביץ,,176.00,100 גרם,false,,10.50,0.0597,true,1,6911
7622201137052,false,מיני קוקיז מילקה 110,,,מיני קוקיז מילקה 110,,110.00,100 גרם,false,,9.90,0.0900,true,1,372863
7622201139278,false,פילדלפיה גבינת שמנת,,,פילדלפיה גבינת שמנת,,150.00,100 גרם,false,,15.90,0.1060,true,1,215793
7622201502515,false,קוקי לופ מילקה 132 ג,,,קוקי לופ מילקה 132 ג,,110.00,100 גרם,false,,14.90,0.1355,true,1,372921
7622201808631,false,אוראו מיני כוסות בטע,,,אוראו מיני כוסות בטע,,67.00,100 גרם,false,,10.90,0.1627,true,1,345965
7622201813390,false,מילקה וואפל במילוי ק,,,מילקה וואפל במילוי ק,,150.00,100 גרם,false,,14.90,0.0993,true,1,328200
7622210137234,false,עוגיות סנדביץ אוראו,,,עוגיות סנדביץ אוראו,,170.00,100 גרם,false,,10.50,0.0618,true,1,69264
7622210637994,false,קראנצ'י בייטס אוראו,,,קראנצ'י בייטס אוראו,,110.00,100 גרם,false,,10.90,0.0991,true,1,372906
7622300270506,false,מילקה גריינס עוגיות,,,מילקה גריינס עוגיות,,168.00,100 גרם,false,,14.90,0.0887,true,1,6923
7622300489434,false,אוראו פאג שוקולד חלב,,,אוראו פאג שוקולד חלב,,246.00,100 גרם,false,,21.90,0.0890,true,1,120393
7622300503079,false,מילקה מוו - ביסקוויט,,,מילקה מוו - ביסקוויט,,200.00,100 גרם,false,,14.90,0.0745,true,1,6930
7622300617820,false,מילקה שוקולד אוראו 1,,,מילקה שוקולד אוראו 1,,100.00,100 גרם,false,,7.90,0.0790,true,1,6931
7630311507016,false,סטארבקס קפסולות סאני,,,סטארבקס קפסולות סאני,,57.00,100 גרם,false,,22.90,0.4018,true,1,449110
7630477891592,false,קפסולות האוס בלנד סט,,,קפסולות האוס בלנד סט,,57.00,100 גרם,false,,22.90,0.4018,true,1,279902
7630477891738,false,סטארבקס קפסולות אספר,,,סטארבקס קפסולות אספר,,53.00,100 גרם,false,,22.90,0.4321,true,1,269456
7690589856667,false,נייס שבלולים לשיער,,,נייס שבלולים לשיער,יחידה,0.00,יחידה,false,,12.90,0.0000,true,1,37072
7702018441075,false,סכיני גילוח פיוזן יד,,,סכיני גילוח פיוזן יד,יחידה,0.00,יחידה,false,,140.90,0.0000,true,1,136448
7702174068826,false,יוגטה לקקן חדש 12יח,,,יוגטה לקקן חדש 12יח,,216.00,100 גרם,false,,11.90,0.0551,true,1,14809
7702174068833,false,'לקקן יוגטה אייס קרי,,,'לקקן יוגטה אייס קרי,,216.00,100 גרם,false,,11.90,0.0551,true,1,14810
7702174070201,false,לקקן בטעם מסטיק ממול,,,לקקן בטעם מסטיק ממול,,216.00,100 גרם,false,,11.90,0.0551,true,1,14813
7792860006218,false,בייבי דול לקקן 20גר,,,בייבי דול לקקן 20גר,,24.00,100 גרם,false,,2.90,0.1208,true,1,15585
7804414000877,false,דון חולין מרלו,,,דון חולין מרלו,,750.00,"100 מ""ל",false,,34.90,0.0465,true,1,8803
7840392000454,false,"פחם בריקאפאר 5 ק""ג",,,"פחם בריקאפאר 5 ק""ג",קילוגרמים,5.00,"ק""ג",false,,54.90,10.9800,true,1,487907
7900250001006,false,אביזרי שיער,,,אביזרי שיער,יחידה,0.00,יחידה,false,,15.90,0.0000,true,1,37073
8000070003811,false,קפסולת LAVAZZA PASSI,,,קפסולת LAVAZZA PASSI,,120.00,100 גרם,false,,29.90,0.2492,true,1,480340
8000070064577,false,קפסולת LAVAZZA ORO ר,,,קפסולת LAVAZZA ORO ר,,120.00,100 גרם,false,,29.90,0.2492,true,1,480345
8000215204677,false,משקה שיבולת שועל אור,,,משקה שיבולת שועל אור,ליטרים,1.00,ליטר,false,,13.90,13.9000,true,1,401364
8000380003723,false,גרנד פטיסרי ופל אגוז,,,גרנד פטיסרי ופל אגוז,,100.00,100 גרם,false,,13.40,0.1340,true,1,69976
8000380004911,false,וופל קואדרטיני אגוז,,,וופל קואדרטיני אגוז,,250.00,100 גרם,false,,15.50,0.0620,true,1,14823
8000380005598,false,טורטינה מריר 6יח,,,טורטינה מריר 6יח,,125.00,100 גרם,false,,18.50,0.1480,true,1,14827
8000380007219,false,וופל לואקר אגוז 175,,,וופל לואקר אגוז 175,,175.00,100 גרם,false,,12.90,0.0737,true,1,14832
8000380007264,false,וופל לואקר קקאו 175,,,וופל לואקר קקאו 175,,175.00,100 גרם,false,,12.90,0.0737,true,1,14835
8000380007271,false,וופל לואקר חלב 175 ג,,,וופל לואקר חלב 175 ג,,175.00,100 גרם,false,,12.90,0.0737,true,1,69983
8000380144044,false,וופל גרדנה שוקולד 20,,,וופל גרדנה שוקולד 20,,200.00,100 גרם,false,,14.90,0.0745,true,1,14841
8000380180721,false,וופל לואקר קלאסיק שו,,,וופל לואקר קלאסיק שו,,175.00,100 גרם,false,,12.90,0.0737,true,1,120986
8000380187119,false,עוגיות לואקר אגוזי ל,,,עוגיות לואקר אגוזי ל,,100.00,100 גרם,false,,15.90,0.1590,true,1,273887
8000380187249,false,עוגיות לואקר שקדים 1,,,עוגיות לואקר שקדים 1,,100.00,100 גרם,false,,15.90,0.1590,true,1,273888
8000380192243,false,וופל לואקר מקסי אגוז,,,וופל לואקר מקסי אגוז,,200.00,100 גרם,false,,14.90,0.0745,true,1,140240
8000380201396,false,טורטינה קרמל לואקר 1,,,טורטינה קרמל לואקר 1,,125.00,100 גרם,false,,18.50,0.1480,true,1,403263
8000380206896,false,לואקר גרדנה חמאת בוט,,,לואקר גרדנה חמאת בוט,,200.00,100 גרם,false,,14.90,0.0745,true,1,455633
8000500023624,false,הפי היפו 5*20ג,,,הפי היפו 5*20ג,,102.00,100 גרם,false,,14.90,0.1461,true,1,14870
8000500023976,false,בונבוניירת רפאלו 150,,,בונבוניירת רפאלו 150,,150.00,100 גרם,false,,16.90,0.1127,true,1,48367
8000500026731,false,קינדר ביצי שוקולד 3*,,,קינדר ביצי שוקולד 3*,,60.00,100 גרם,false,,16.50,0.2750,true,1,48368
8000500029350,false,קינדר בואנו 3*43 גרם,,,קינדר בואנו 3*43 גרם,,129.00,100 גרם,false,,11.90,0.0922,true,1,48369
8000500032237,false,רושר 375 גרם,,,רושר 375 גרם,,375.00,100 גרם,false,,48.90,0.1304,true,1,48370
8000500071083,false,קינדר אצבעות שוקולד,,,קינדר אצבעות שוקולד,,200.00,100 גרם,false,,14.90,0.0745,true,1,48372
8000500121436,false,קינדר בואנו לבן 3*43,,,קינדר בואנו לבן 3*43,,117.00,100 גרם,false,,11.90,0.1017,true,1,48374
8000500227848,false,'וופל מלוח במילוי ממ,,,'וופל מלוח במילוי ממ,,132.00,100 גרם,false,,12.50,0.0947,true,1,126593
8000500249352,false,קינדר בואנו מיני מיק,,,קינדר בואנו מיני מיק,יחידה,0.00,יחידה,false,,19.90,0.0000,true,1,96971
8000500256213,false,פרר-קינדר שוקולד מינ,,,פרר-קינדר שוקולד מינ,,120.00,100 גרם,false,,11.20,0.0933,true,1,141873
8000500267103,false,פררו-קינדר דליס עשיר,,,פררו-קינדר דליס עשיר,יחידה,0.00,יחידה,false,,21.90,0.0000,true,1,131873
8000500269169,false,קינדר קארדס 128 גרם,,,קינדר קארדס 128 גרם,,128.00,100 גרם,false,,13.90,0.1086,true,1,283482
8000500353738,false,טיק טק בטעם מנטה חזק,,,טיק טק בטעם מנטה חזק,,64.00,100 גרם,false,,12.00,0.1875,true,1,447563
8001003100164,false,יוגטה סוכריות ג'לי פ,,,יוגטה סוכריות ג'לי פ,,450.00,100 גרם,false,,13.90,0.0309,true,1,132021
8001003202028,false,סוכריות ג'לי בטעם מנ,,,סוכריות ג'לי בטעם מנ,,80.00,100 גרם,false,,5.50,0.0688,true,1,448950
8001090336446,false,פמפרס בייבי דריי מיד,,,פמפרס בייבי דריי מיד,יחידה,0.00,יחידה,false,,33.90,0.0000,true,1,199076
8001090336606,false,פמפרס בייבי דריי מיד,,,פמפרס בייבי דריי מיד,יחידה,0.00,יחידה,false,,33.90,0.0000,true,1,199079
8001090379399,false,חיתולי פמפרס פרימיום,,,חיתולי פמפרס פרימיום,יחידה,0.00,יחידה,false,,35.90,0.0000,true,1,109580
8001090832573,false,שמפו לחות מוגברת פנט,,,שמפו לחות מוגברת פנט,,660.00,"100 מ""ל",false,,21.90,0.0332,true,1,235126
8001090832856,false,מרכך שמן מרוקאי משקם,,,מרכך שמן מרוקאי משקם,,660.00,"100 מ""ל",false,,21.90,0.0332,true,1,235128
8001090832894,false,מרכך לחות מוגברת פנט,,,מרכך לחות מוגברת פנט,,660.00,"100 מ""ל",false,,21.90,0.0332,true,1,235129
8001090899194,false,תחבושות פלטינום נורמ,,,תחבושות פלטינום נורמ,יחידה,0.00,יחידה,false,,23.90,0.0000,true,1,183734
8001090899224,false,תחבושות פלטינום לונג,,,תחבושות פלטינום לונג,יחידה,0.00,יחידה,false,,23.90,0.0000,true,1,183735
8001090899286,false,תחבושות פלטינום לילה,,,תחבושות פלטינום לילה,יחידה,0.00,יחידה,false,,23.90,0.0000,true,1,183737
8001100011769,false,וואפל שכבות BALOCCO,,,וואפל שכבות BALOCCO,,175.00,100 גרם,false,,10.90,0.0623,true,1,304535
8001100059242,false,וואפל קוביות BALOCCO,,,וואפל קוביות BALOCCO,,250.00,100 גרם,false,,13.90,0.0556,true,1,304515
8001620011935,false,סאן בנדטו מוגז 6*500,,,סאן בנדטו מוגז 6*500,ליטרים,3.00,ליטר,false,,12.90,4.3000,true,1,11157
8001841470252,false,נוזל ניקוי כלים פייר,,,נוזל ניקוי כלים פייר,,500.00,"100 מ""ל",false,,10.90,0.0218,true,1,506762
8001841470290,false,נוזל ניקוי כלים פייר,,,נוזל ניקוי כלים פייר,,750.00,"100 מ""ל",false,,14.90,0.0199,true,1,506715
8001841625188,false,פיירי נוזל כלים פלטי,,,פיירי נוזל כלים פלטי,,515.00,"100 מ""ל",false,,10.90,0.0212,true,1,239953
8001841625461,false,פיירי נוזל כלים פלטי,,,פיירי נוזל כלים פלטי,,515.00,"100 מ""ל",false,,10.90,0.0212,true,1,239955
8001841663654,false,פיירי נוזל כלים 650,,,פיירי נוזל כלים 650,,650.00,"100 מ""ל",false,,10.90,0.0168,true,1,473300
8001841663692,false,פיירי נוזל כלים לימ,,,פיירי נוזל כלים לימ,,900.00,"100 מ""ל",false,,12.90,0.0143,true,1,454996
8001841716312,false,ג'ל רחצה ושמפו ספורט,,,ג'ל רחצה ושמפו ספורט,,360.00,"100 מ""ל",false,,18.90,0.0525,true,1,365344
8001841941929,false,אולוויז וליו פק לילה,,,אולוויז וליו פק לילה,יחידה,0.00,יחידה,false,,23.90,0.0000,true,1,413074
8001943549122,false,צ`וקטה מטבעות שוקולד,,,צ`וקטה מטבעות שוקולד,,40.00,100 גרם,false,,4.90,0.1225,true,1,99008
8002205319835,false,פורינה ONE חתול בוגר,,,פורינה ONE חתול בוגר,,800.00,100 גרם,false,,46.90,0.0586,true,1,199659
8002205319903,false,פורינה ONE חתול בוגר,,,פורינה ONE חתול בוגר,,800.00,100 גרם,false,,46.90,0.0586,true,1,199660
8002267016475,false,צ'וקטה ביצת הפתעה בו,,,צ'וקטה ביצת הפתעה בו,,60.00,יח',false,,13.90,0.2317,true,1,138713
8002270436581,false,סאן פלגרינו מים מוגז,,,סאן פלגרינו מים מוגז,ליטרים,3.00,ליטר,false,,35.70,11.9000,true,1,149364
8002270866524,false,סאן פלנגרינו מים מינ,,,סאן פלנגרינו מים מינ,ליטרים,1.00,ליטר,false,,8.90,8.9000,true,1,11164
8002450208007,false,ורדי ספרקלטיני גרין,,,ורדי ספרקלטיני גרין,,750.00,"100 מ""ל",false,,31.90,0.0425,true,1,8823
8003477500327,false,פרימלוצ'י קורנטי 500,,,פרימלוצ'י קורנטי 500,,500.00,100 גרם,false,,6.90,0.0138,true,1,485775
8003477500365,false,פרימלוצ'י קונקילייה,,,פרימלוצ'י קונקילייה,,500.00,100 גרם,false,,6.90,0.0138,true,1,485776
8004030022010,false,טונה וירקות גינה ריו,,,טונה וירקות גינה ריו,,160.00,100 גרם,false,,18.90,0.1181,true,1,23951
8004030026018,false,ריו מרה טונה עם שעוע,,,ריו מרה טונה עם שעוע,,160.00,100 גרם,false,,18.90,0.1181,true,1,23952
8004030102033,false,טונה בשמן עם לימון ו,,,טונה בשמן עם לימון ו,,240.00,100 גרם,false,,32.90,0.1371,true,1,141763
8004030177000,false,טונה בשמן זית עם צ'י,,,טונה בשמן זית עם צ'י,,240.00,100 גרם,false,,32.90,0.1371,true,1,129127
8004030344938,false,טונה בשמן זית ריו מר,,,טונה בשמן זית ריו מר,,240.00,100 גרם,false,,32.90,0.1371,true,1,23955
8004030381681,false,טונה בשמן זית ריו מר,,,טונה בשמן זית ריו מר,,320.00,100 גרם,false,,34.90,0.1091,true,1,147201
8004030845046,false,אינסלטיסימי אורז עם,,,אינסלטיסימי אורז עם,,160.00,100 גרם,false,,18.90,0.1181,true,1,143008
8004800000064,false,גלילי ופל במילוי קרם,,,גלילי ופל במילוי קרם,,100.00,100 גרם,false,,11.90,0.1190,true,1,487540
8004800000071,false,לאגו פלאסיר- גלילי ו,,,לאגו פלאסיר- גלילי ו,,100.00,100 גרם,false,,11.90,0.1190,true,1,489659
8004800004819,false,לאגו פלאסיר- וופלים,,,לאגו פלאסיר- וופלים,,110.00,100 גרם,false,,11.90,0.1082,true,1,489661
8004800004826,false,ופלים במילוי קרם קוק,,,ופלים במילוי קרם קוק,,98.00,100 גרם,false,,11.90,0.1214,true,1,487541
8004800005502,false,לאגו מיני רול- גלילי,,,לאגו מיני רול- גלילי,,125.00,100 גרם,false,,10.90,0.0872,true,1,489627
8004800005519,false,לאגו מיני רול- גלילי,,,לאגו מיני רול- גלילי,,125.00,100 גרם,false,,10.90,0.0872,true,1,489628
8005110002243,false,תרכיז MUTTI עגבניות,,,תרכיז MUTTI עגבניות,,185.00,100 גרם,false,,8.90,0.0481,true,1,267171
8005110060007,false,עגבניות MUTTI מקולפו,,,עגבניות MUTTI מקולפו,,400.00,100 גרם,false,,7.50,0.0188,true,1,170278
8005110170300,false,עגבניות MUTTI מרוסקו,,,עגבניות MUTTI מרוסקו,קילוגרמים,1.20,"ק""ג",false,,18.90,15.7500,true,1,170279
8005200256587,false,נסטי אפרסק 1.5 ליטר,,,נסטי אפרסק 1.5 ליטר,ליטרים,1.50,ליטר,false,,9.90,6.6000,true,1,372149
8005200286584,false,נסטי מנגו אננס 1.5 ל,,,נסטי מנגו אננס 1.5 ל,ליטרים,1.50,ליטר,false,,9.90,6.6000,true,1,372150
8005200316588,false,נסטי דיאט אפרסק 1.5,,,נסטי דיאט אפרסק 1.5,ליטרים,1.50,ליטר,false,,11.50,7.6667,true,1,372165
8006227000399,false,לחם מחמצת פרוס לבן 4,,,לחם מחמצת פרוס לבן 4,,400.00,100 גרם,false,,17.90,0.0447,true,1,458735
8006227000405,false,לחם מחמצת פרוס חיטה,,,לחם מחמצת פרוס חיטה,,400.00,100 גרם,false,,17.90,0.0447,true,1,458736
8006227000412,false,לחם מחמצת פרוס חיטה,,,לחם מחמצת פרוס חיטה,,400.00,100 גרם,false,,17.90,0.0447,true,1,458737
8006227001372,false,לחם מחמצת לבן עם שמן,,,לחם מחמצת לבן עם שמן,,400.00,100 גרם,false,,19.90,0.0497,true,1,458523
8006227001389,false,לחם מחמצת קמח מלא עם,,,לחם מחמצת קמח מלא עם,,400.00,100 גרם,false,,19.90,0.0497,true,1,458524
8006540592465,false,תחבושות אולוויז סגול,,,תחבושות אולוויז סגול,,16.00,100 יח',false,,19.90,1.2437,true,1,469881
8006540628737,false,שמפו הד שולדרס קלאסי,,,שמפו הד שולדרס קלאסי,,350.00,"100 מ""ל",false,,16.90,0.0483,true,1,480516
8008620009290,false,קרקר חיטה מלאה 500 ג,,,קרקר חיטה מלאה 500 ג,,500.00,100 גרם,false,,21.90,0.0438,true,1,72538
8008620009313,false,קרקר מלוח 250 גרם קר,,,קרקר מלוח 250 גרם קר,,250.00,100 גרם,false,,9.90,0.0396,true,1,458703
8008620009337,false,קרקר חיטה מלאה 250 ג,,,קרקר חיטה מלאה 250 ג,,250.00,100 גרם,false,,9.90,0.0396,true,1,458704
8008660210038,false,מעדן תות שדה 300 גר`,,,מעדן תות שדה 300 גר`,,300.00,100 גרם,false,,17.90,0.0597,true,1,26396
8008660210045,false,מעדן פירות יער 300 ג,,,מעדן פירות יער 300 ג,,300.00,100 גרם,false,,17.90,0.0597,true,1,26397
8008857300344,false,פסטה פנה רג'ייה 500,,,פסטה פנה רג'ייה 500,,500.00,100 גרם,false,,5.90,0.0118,true,1,232738
8008857310343,false,"פסטה רג'ייה 1 ק""ג",,,"פסטה רג'ייה 1 ק""ג",קילוגרמים,1.00,"ק""ג",false,,11.90,11.9000,true,1,444901
8008912010034,false,פסטה ספגטי מספר 3 -,,,פסטה ספגטי מספר 3 -,,500.00,100 גרם,false,,8.90,0.0178,true,1,448815
8008912010072,false,פסטה לינגוויני מספר,,,פסטה לינגוויני מספר,,500.00,100 גרם,false,,8.90,0.0178,true,1,448816
8008912010270,false,פסטה קסרצ'ה מספר 27,,,פסטה קסרצ'ה מספר 27,,500.00,100 גרם,false,,8.90,0.0178,true,1,448817
8008912010317,false,פסטה פוזלי מספר 31 -,,,פסטה פוזלי מספר 31 -,,500.00,100 גרם,false,,8.90,0.0178,true,1,448819
8008912010423,false,פסטה פנה ריגטה מספר,,,פסטה פנה ריגטה מספר,,500.00,100 גרם,false,,8.90,0.0178,true,1,448820
8023788030610,false,שוקולד חלב 300 גרם,,,שוקולד חלב 300 גרם,,300.00,100 גרם,false,,19.90,0.0663,true,1,466971
8023788030658,false,עוגיות מלוחות בטעם ט,,,עוגיות מלוחות בטעם ט,,400.00,100 גרם,false,,14.90,0.0373,true,1,496111
8023788030665,false,עוגיות מלוחות בטעם ב,,,עוגיות מלוחות בטעם ב,,400.00,100 גרם,false,,14.90,0.0373,true,1,496112
8023788030672,false,עוגיות מלוחות בתוספת,,,עוגיות מלוחות בתוספת,,400.00,100 גרם,false,,14.90,0.0373,true,1,496113
8023788030689,false,עוגיות מלוחות בטעם ע,,,עוגיות מלוחות בטעם ע,,400.00,100 גרם,false,,14.90,0.0373,true,1,496532
8024985000062,false,נטורה נובה - מחית תפ,,,נטורה נובה - מחית תפ,,200.00,100 גרם,false,,9.90,0.0495,true,1,277508
8076800105056,false,פסטה ספגטי בקופסה בר,,,פסטה ספגטי בקופסה בר,קילוגרמים,1.00,"ק""ג",false,,14.90,14.9000,true,1,465985
8076800105735,false,פנה ריגטה בקופסה ברי,,,פנה ריגטה בקופסה ברי,קילוגרמים,1.00,"ק""ג",false,,14.90,14.9000,true,1,466001
8076800105988,false,פוזלי בקופסה ברילה 1,,,פוזלי בקופסה ברילה 1,קילוגרמים,1.00,"ק""ג",false,,14.90,14.9000,true,1,466017
8076800195033,false,ספגטי מס' 3 ברילה 50,,,ספגטי מס' 3 ברילה 50,,500.00,100 גרם,false,,8.90,0.0178,true,1,23960
8076800195057,false,ספגטיני מס' 5 ברילה,,,ספגטיני מס' 5 ברילה,,500.00,100 גרם,false,,8.90,0.0178,true,1,23961
8076802085738,false,פנה רגטה מס' 73 בריל,,,פנה רגטה מס' 73 בריל,,500.00,100 גרם,false,,8.90,0.0178,true,1,23965
8076802085981,false,פסטה פוזילי 98 ברילה,,,פסטה פוזילי 98 ברילה,,500.00,100 גרם,false,,8.90,0.0178,true,1,23968
8076808060654,false,פסטה פרפלה 65 ברילה,,,פסטה פרפלה 65 ברילה,,500.00,100 גרם,false,,8.90,0.0178,true,1,23970
8076809513395,false,ברילה רוטב פורמודרו,,,ברילה רוטב פורמודרו,,400.00,100 גרם,false,,16.90,0.0422,true,1,23976
8076809513654,false,ברילה רוטב עגבניות ל,,,ברילה רוטב עגבניות ל,,400.00,100 גרם,false,,16.90,0.0422,true,1,23977
8076809513692,false,ברילה רוטב נפוליטנה,,,ברילה רוטב נפוליטנה,,400.00,100 גרם,false,,16.90,0.0422,true,1,23978
8076809513739,false,ברילה רוטב בזיליקום,,,ברילה רוטב בזיליקום,,400.00,100 גרם,false,,16.90,0.0422,true,1,23979
8076809523738,false,לזניה ברילה 500 גרם,,,לזניה ברילה 500 גרם,,500.00,100 גרם,false,,28.90,0.0578,true,1,23985
8076809529419,false,ספגטי מחיטה מלאה ברי,,,ספגטי מחיטה מלאה ברי,,500.00,100 גרם,false,,18.90,0.0378,true,1,71117
8410076621009,false,חטיף פייבר 1 בטעם קר,,,חטיף פייבר 1 בטעם קר,,120.00,100 גרם,false,,16.90,0.1408,true,1,282014
8410104045111,false,"פיניש מלח למדיח 2 ק""",,,"פיניש מלח למדיח 2 ק""",קילוגרמים,2.00,"ק""ג",false,,17.90,8.9500,true,1,23216
8410128783587,false,ויוה סוי שיבולת שועל,,,ויוה סוי שיבולת שועל,ליטרים,1.00,ליטר,false,,11.90,11.9000,true,1,459425
8410182420114,false,בצלצלי פנינה בחומץ ד,,,בצלצלי פנינה בחומץ ד,,370.00,100 גרם,false,,12.90,0.0349,true,1,76980
8410342003508,false,ממרח שוקולד ואגוזים,,,ממרח שוקולד ואגוזים,,200.00,100 גרם,false,,20.90,0.1045,true,1,458277
8410342004789,false,שוקולד מריר 72% ללא,,,שוקולד מריר 72% ללא,,100.00,100 גרם,false,,17.90,0.1790,true,1,458596
8410376017342,false,עוגיות עם שבבי שוקול,,,עוגיות עם שבבי שוקול,,200.00,100 גרם,false,,18.60,0.0930,true,1,20977
8410376033267,false,ביסקוויט דגנים ללא ת,,,ביסקוויט דגנים ללא ת,,410.00,100 גרם,false,,18.60,0.0454,true,1,445638
8410376061772,false,ביסקוויט גולון ללא ג,,,ביסקוויט גולון ללא ג,,220.00,100 גרם,false,,20.90,0.0950,true,1,445754
8410376064438,false,ביסקוויט ללא תוספות,,,ביסקוויט ללא תוספות,,150.00,100 גרם,false,,18.90,0.1260,true,1,445581
8410655001147,false,סן מיגל בירה 4.5% כה,,,סן מיגל בירה 4.5% כה,,500.00,"100 מ""ל",false,,9.90,0.0198,true,1,488637
8423207206488,false,סלים דליס חטיף דגנים,,,סלים דליס חטיף דגנים,,120.00,100 גרם,false,,12.90,0.1075,true,1,23995
8423207208871,false,פריכיות תירס בטעם טב,,,פריכיות תירס בטעם טב,,130.00,100 גרם,false,,10.90,0.0838,true,1,67247
8424842050016,false,חטיף צ'יפס בטעם כמהי,,,חטיף צ'יפס בטעם כמהי,,130.00,100 גרם,false,,13.90,0.1069,true,1,402138
8424842050030,false,חטיף צ'יפס עם שמן זי,,,חטיף צ'יפס עם שמן זי,,125.00,100 גרם,false,,13.90,0.1112,true,1,402139
8424842050085,false,חטיף צ'יפס דבש וחרדל,,,חטיף צ'יפס דבש וחרדל,,125.00,100 גרם,false,,13.90,0.1112,true,1,402140
8424842201340,false,חטיף צ'יפס רביו 130,,,חטיף צ'יפס רביו 130,,130.00,100 גרם,false,,13.90,0.1069,true,1,402141
8437000906209,false,8 טורטיות חיטה תומר,,,8 טורטיות חיטה תומר,,325.00,100 גרם,false,,8.90,0.0274,true,1,71448
8485818700014,false,משקפיים,,,משקפיים,יחידה,0.00,יחידה,false,,19.90,0.0000,true,1,33911
8594403707649,false,באדוויזר דארק לאגר 5,,,באדוויזר דארק לאגר 5,,330.00,"100 מ""ל",false,,9.90,0.0300,true,1,504849
8606018615827,false,גלידת וניל עם שברי ע,,,גלידת וניל עם שברי ע,,300.00,"100 מ""ל",false,,13.90,0.0463,true,1,510451
8606018615841,false,פיינט מילקה וניל ליב,,,פיינט מילקה וניל ליב,,300.00,"100 מ""ל",false,,13.90,0.0463,true,1,510434
8606018615865,false,פיינט מילקה קרמל ליב,,,פיינט מילקה קרמל ליב,,300.00,"100 מ""ל",false,,13.90,0.0463,true,1,510435
8606109023593,false,מיץ פרוויטה תפוחי עץ,,,מיץ פרוויטה תפוחי עץ,,750.00,"100 מ""ל",false,,13.20,0.0176,true,1,321289
8606109023609,false,מיץ פרוויטה תפוחי עץ,,,מיץ פרוויטה תפוחי עץ,,750.00,"100 מ""ל",false,,13.20,0.0176,true,1,321290
8606109023623,false,מיץ פרוויטה תפוחי עץ,,,מיץ פרוויטה תפוחי עץ,,750.00,"100 מ""ל",false,,13.20,0.0176,true,1,321291
8606109023715,false,מיץ פרוויטה תפוחי עץ,,,מיץ פרוויטה תפוחי עץ,,750.00,"100 מ""ל",false,,13.20,0.0176,true,1,321294
8606109023722,false,מיץ פרוויטה תפוחי עץ,,,מיץ פרוויטה תפוחי עץ,,750.00,"100 מ""ל",false,,13.20,0.0176,true,1,321295
8683130008355,false,מיונז עם שום הלמנס 4,,,מיונז עם שום הלמנס 4,,400.00,100 גרם,false,,16.90,0.0422,true,1,491223
8683130008935,false,ממרח קטשיונז הלמנס 4,,,ממרח קטשיונז הלמנס 4,,425.00,100 גרם,false,,16.90,0.0398,true,1,491224
8683323063024,false,יוגטה חיספוסים שטיחי,,,יוגטה חיספוסים שטיחי,,220.00,100 גרם,false,,7.90,0.0359,true,1,123127
8690504081920,false,טינס מצופה שוקולד מר,,,טינס מצופה שוקולד מר,,150.00,100 גרם,false,,9.90,0.0660,true,1,124118
8690504153740,false,טבלת שוקולד מריר עם,,,טבלת שוקולד מריר עם,,86.00,100 גרם,false,,15.90,0.1849,true,1,130098
8690637073434,false,תה ליפטון ארל גריי 1,,,תה ליפטון ארל גריי 1,,200.00,100 גרם,false,,24.90,0.1245,true,1,12517
8690637505607,false,מרכך כביסה אקסטרה כח,,,מרכך כביסה אקסטרה כח,,960.00,"100 מ""ל",false,,17.90,0.0186,true,1,341321
8690637704277,false,שמפו יום יומי 2ב1 דא,,,שמפו יום יומי 2ב1 דא,,600.00,"100 מ""ל",false,,19.90,0.0332,true,1,12553
8690637704376,false,שמפו יום יומי דאב 60,,,שמפו יום יומי דאב 60,,600.00,"100 מ""ל",false,,19.90,0.0332,true,1,12555
8690637858758,false,סיף ג'ל אקונומיקה או,,,סיף ג'ל אקונומיקה או,,750.00,"100 מ""ל",false,,14.90,0.0199,true,1,129642
8690637935701,false,בדין אקסטרא דובדבן&ש,,,בדין אקסטרא דובדבן&ש,,960.00,"100 מ""ל",false,,17.90,0.0186,true,1,216497
8690637946301,false,בדין אקסטרה בייבי כ,,,בדין אקסטרה בייבי כ,,960.00,"100 מ""ל",false,,17.90,0.0186,true,1,221512
8690637971310,false,בדין אקסטרא פריחת הת,,,בדין אקסטרא פריחת הת,,960.00,"100 מ""ל",false,,17.90,0.0186,true,1,279917
8690637994029,false,בדין אקסטרא מכך כביס,,,בדין אקסטרא מכך כביס,ליטרים,1.44,ליטר,false,,21.90,15.2083,true,1,294494
8690766156367,false,גודייבה שוקולד חלב מ,,,גודייבה שוקולד חלב מ,,90.00,100 גרם,false,,16.90,0.1878,true,1,255457
8690766156374,false,גודייבה שוקולד מריר,,,גודייבה שוקולד מריר,,90.00,100 גרם,false,,16.90,0.1878,true,1,243880
8690766156381,false,גודייבה ש.מריר מעולה,,,גודייבה ש.מריר מעולה,,90.00,100 גרם,false,,16.90,0.1878,true,1,238796
8690766156404,false,גודייבה שוקולד מריר,,,גודייבה שוקולד מריר,,90.00,100 גרם,false,,16.90,0.1878,true,1,255442
8690777204071,false,פלפל חריף סרה 640 גר,,,פלפל חריף סרה 640 גר,,640.00,100 גרם,false,,14.90,0.0233,true,1,4862
8690784516440,false,דאק ג'ל נוזל לניקוי,,,דאק ג'ל נוזל לניקוי,,750.00,"100 מ""ל",false,,11.90,0.0159,true,1,107315
8690946270074,false,פסטה ספגטי 500 גרם B,,,פסטה ספגטי 500 גרם B,,500.00,100 גרם,false,,4.90,0.0098,true,1,497537
8690946270111,false,פסטה פוזלי 500 גרם B,,,פסטה פוזלי 500 גרם B,,500.00,100 גרם,false,,4.90,0.0098,true,1,497538
8690946270241,false,פסטה קונכיות גדולות,,,פסטה קונכיות גדולות,,500.00,100 גרם,false,,4.90,0.0098,true,1,497539
8690946272207,false,פסטה פנה 500 גרם BAH,,,פסטה פנה 500 גרם BAH,,500.00,100 גרם,false,,4.90,0.0098,true,1,497540
8690946272320,false,פסטה מקרוני 500 גרם,,,פסטה מקרוני 500 גרם,,500.00,100 גרם,false,,4.90,0.0098,true,1,497541
8691058141238,false,AVEL ערמונים שלמים ק,,,AVEL ערמונים שלמים ק,,100.00,100 גרם,false,,4.90,0.0490,true,1,136882
8691900174032,false,תחבושות קוטקס נורמל,,,תחבושות קוטקס נורמל,,24.00,100 יח',false,,17.90,0.7458,true,1,455087
8691900174056,false,תחבושות קוטקס לילה,,,תחבושות קוטקס לילה,,16.00,100 יח',false,,17.90,1.1187,true,1,455072
8692952157165,false,"VEGA-מאג 300 מ""ל",,,"VEGA-מאג 300 מ""ל",יחידה,0.00,יחידה,false,,5.90,0.0000,true,1,366320
8693357192805,false,תבנית מלבנית 25*40 ז,,,תבנית מלבנית 25*40 ז,יחידה,0.00,יחידה,false,,47.20,0.0000,true,1,30987
8693495052177,false,פלמוליב נטורלס תחליב,,,פלמוליב נטורלס תחליב,,750.00,"100 מ""ל",false,,21.90,0.0292,true,1,112962
8697826469092,false,טורטיה 540 גרם tort,,,טורטיה 540 גרם tort,,540.00,100 גרם,false,,10.00,0.0185,true,1,120357
8697853095110,false,סט 3 קופסאות אחסון מ,,,סט 3 קופסאות אחסון מ,יחידה,0.00,יחידה,false,,24.00,0.0000,true,1,399968
8710502139017,false,מרבה עוגיות טריפל שו,,,מרבה עוגיות טריפל שו,,180.00,100 גרם,false,,10.90,0.0606,true,1,121913
8710502279010,false,מרבה עוגיות שוקולד צ,,,מרבה עוגיות שוקולד צ,,175.00,100 גרם,false,,10.90,0.0623,true,1,296343
8710502470028,false,מרבה עוגיות נוגטלי 1,,,מרבה עוגיות נוגטלי 1,,160.00,100 גרם,false,,10.90,0.0681,true,1,24047
8710800027573,false,מיני מנטוס שקית,,,מיני מנטוס שקית,,178.00,100 גרם,false,,17.80,0.1000,true,1,14950
8710800961310,false,מנטוס 1/4 תות,,,מנטוס 1/4 תות,,150.00,100 גרם,false,,11.90,0.0793,true,1,14952
8710847860829,false,רקסונה רול און כותנה,,,רקסונה רול און כותנה,,50.00,"100 מ""ל",false,,22.90,0.4580,true,1,239885
8711000371176,false,ג'ייקובס קפסולות קפה,,,ג'ייקובס קפסולות קפה,,52.00,100 גרם,false,,17.90,0.3442,true,1,141138
8712400802536,false,נוטרילון שלב 3- 800,,,נוטרילון שלב 3- 800,,800.00,100 גרם,false,,69.90,0.0874,true,1,6954
8712561611183,false,דאב תחליב רחצה תה יר,,,דאב תחליב רחצה תה יר,,500.00,"100 מ""ל",false,,19.90,0.0398,true,1,12607
8712561626286,false,תחליב רחצה זוהר כמשי,,,תחליב רחצה זוהר כמשי,,750.00,"100 מ""ל",false,,21.90,0.0292,true,1,12610
8712561631570,false,תחליב רחצה חלב קוקוס,,,תחליב רחצה חלב קוקוס,,750.00,"100 מ""ל",false,,21.90,0.0292,true,1,12612
8714599412336,false,ג'ייקובס בריסטה אמרי,,,ג'ייקובס בריסטה אמרי,,160.00,100 גרם,false,,30.90,0.1931,true,1,373921
8714599513781,false,קפה ג'יקובס גולד 200,,,קפה ג'יקובס גולד 200,,200.00,100 גרם,false,,30.90,0.1545,true,1,6941
8714599513835,false,קפה ג`יקובס נטול קופ,,,קפה ג`יקובס נטול קופ,,200.00,100 גרם,false,,40.90,0.2045,true,1,6942
8714789177229,false,מב.שיניים אקסטרא קלי,,,מב.שיניים אקסטרא קלי,יחידה,0.00,יחידה,false,,11.90,0.0000,true,1,24050
8714789402970,false,אג'קס חגיגת הפרחים י,,,אג'קס חגיגת הפרחים י,ליטרים,1.50,ליטר,false,,21.90,14.6000,true,1,24060
8714789450315,false,פלמוליב שקוף לימון 1,,,פלמוליב שקוף לימון 1,ליטרים,1.50,ליטר,false,,16.90,11.2667,true,1,24062
8714789529561,false,מש.שיניים סנסטיב הלב,,,מש.שיניים סנסטיב הלב,,75.00,100 גרם,false,,24.90,0.3320,true,1,24067
8714789834467,false,פלמוליב נוזל כלים 1.,,,פלמוליב נוזל כלים 1.,ליטרים,1.50,ליטר,false,,16.90,11.2667,true,1,24084
8715700110141,false,מיונז היינץ אמיתי צנ,,,מיונז היינץ אמיתי צנ,,460.00,100 גרם,false,,12.90,0.0280,true,1,104390
8715700110158,false,מיונז היינץ לייט צנצ,,,מיונז היינץ לייט צנצ,,490.00,100 גרם,false,,12.90,0.0263,true,1,104391
8715700419732,false,היינץ קטשופ 700 גרם,,,היינץ קטשופ 700 גרם,,700.00,100 גרם,false,,14.90,0.0213,true,1,7049
8715700423906,false,מתבל עגבניות היינץ 2,,,מתבל עגבניות היינץ 2,,555.00,100 גרם,false,,11.90,0.0214,true,1,118412
8717163647226,false,ספריי גוף בלאק אקס 1,,,ספריי גוף בלאק אקס 1,,150.00,"100 מ""ל",false,,17.90,0.1193,true,1,141706
8717163647233,false,ספריי גוף בלאק נייט,,,ספריי גוף בלאק נייט,,150.00,"100 מ""ל",false,,17.90,0.1193,true,1,141707
8717163655825,false,רקסונה ספריי כותנה 1,,,רקסונה ספריי כותנה 1,,150.00,"100 מ""ל",false,,15.90,0.1060,true,1,239886
8718951166561,false,קולגייט משחת שיניים,,,קולגייט משחת שיניים,,125.00,"100 מ""ל",false,,19.90,0.1592,true,1,136891
8718951175600,false,קולגייט משחת שיניים,,,קולגייט משחת שיניים,,75.00,"100 מ""ל",false,,14.90,0.1987,true,1,276871
8718951236790,false,משחת שיניים קלין מינ,,,משחת שיניים קלין מינ,,100.00,"100 מ""ל",false,,18.90,0.1890,true,1,139032
8718951236806,false,מש.שיניים להלבנה קול,,,מש.שיניים להלבנה קול,,100.00,"100 מ""ל",false,,18.90,0.1890,true,1,139033
8718951315303,false,משחת שיניים קולגייט,,,משחת שיניים קולגייט,,200.00,"100 מ""ל",false,,20.90,0.1045,true,1,251710
8718951409798,false,קולגייט מברשת שיניים,,,קולגייט מברשת שיניים,יחידה,0.00,יחידה,false,,28.90,0.0000,true,1,321933
8718951415836,false,קולגייט פלאקס שטיפת,,,קולגייט פלאקס שטיפת,,500.00,"100 מ""ל",false,,33.90,0.0678,true,1,328784
8718951461413,false,משחת שיניים קולגייט,,,משחת שיניים קולגייט,,200.00,"100 מ""ל",false,,29.90,0.1495,true,1,416694
8719200998001,false,בלו בנד ללא מלח 200,,,בלו בנד ללא מלח 200,,200.00,100 גרם,false,,4.90,0.0245,true,1,200136
8719200998018,false,מחמאה מרגרינה בטעם ח,,,מחמאה מרגרינה בטעם ח,,200.00,100 גרם,false,,5.50,0.0275,true,1,200137
8719200998094,false,מזולה מרגרינה לאפייה,,,מזולה מרגרינה לאפייה,,200.00,100 גרם,false,,6.90,0.0345,true,1,200144
8719200998100,false,מזולה מרגרינה לאפייה,,,מזולה מרגרינה לאפייה,,200.00,100 גרם,false,,6.90,0.0345,true,1,200145
8720181046605,false,דאו' ספריי אוריגינל,,,דאו' ספריי אוריגינל,,150.00,"100 מ""ל",false,,14.90,0.0993,true,1,279918
8720181114465,false,דאורדורנט ספריי אקס,,,דאורדורנט ספריי אקס,,150.00,"100 מ""ל",false,,12.90,0.0860,true,1,376714
8720181114489,false,דאורדורנט ספריי אקס,,,דאורדורנט ספריי אקס,,150.00,"100 מ""ל",false,,12.90,0.0860,true,1,376730
8720181201332,false,סבון מוצק גרגירים דא,,,סבון מוצק גרגירים דא,,400.00,100 גרם,false,,17.90,0.0447,true,1,454965
8720182253156,false,סבון מוצק מלפפון ות,,,סבון מוצק מלפפון ות,,400.00,100 גרם,false,,17.90,0.0447,true,1,454980
8721200060107,false,סטרופ וופל הולנדי 25,,,סטרופ וופל הולנדי 25,,250.00,100 גרם,false,,12.90,0.0516,true,1,70602
8801055707966,false,נס קפה טייסטרס צ'ויס,,,נס קפה טייסטרס צ'ויס,,180.00,100 גרם,false,,33.90,0.1883,true,1,22094
8801055709434,false,נסקפה טייסטרס צ'ויס,,,נסקפה טייסטרס צ'ויס,,100.00,100 גרם,false,,25.90,0.2590,true,1,372965
8801055709458,false,נסקפה קפוצ'ינו קרמל,,,נסקפה קפוצ'ינו קרמל,,170.00,100 גרם,false,,20.50,0.1206,true,1,450470
8801055709465,false,נסקפה קפוצ'ינו וניל,,,נסקפה קפוצ'ינו וניל,,185.00,100 גרם,false,,20.50,0.1108,true,1,414821
8801055709472,false,נסקפה קפוצ'ינו קלאסי,,,נסקפה קפוצ'ינו קלאסי,,185.00,100 גרם,false,,20.50,0.1108,true,1,414836
8850389105825,false,סאפה משקה אלוורה ענב,,,סאפה משקה אלוורה ענב,ליטרים,1.00,ליטר,false,,14.50,14.5000,true,1,11172
8850389105832,false,סאפה משקה אלוורה תפו,,,סאפה משקה אלוורה תפו,ליטרים,1.00,ליטר,false,,14.50,14.5000,true,1,11173
8850389105849,false,סאפה משקה אלוורה אפר,,,סאפה משקה אלוורה אפר,ליטרים,1.00,ליטר,false,,14.50,14.5000,true,1,11174
8850389115336,false,סאפה משקה מלון 1ל,,,סאפה משקה מלון 1ל,ליטרים,1.00,ליטר,false,,14.50,14.5000,true,1,116803
8850632604266,false,יוגטה חיספוסים מקלות,,,יוגטה חיספוסים מקלות,,50.00,100 גרם,false,,5.50,0.1100,true,1,14959
8851613101378,false,משקה קוקוס ארוי-די,,,משקה קוקוס ארוי-די,,250.00,"100 מ""ל",false,,10.90,0.0436,true,1,5416
8858271003075,false,רוטב סויה מתוק MAXCH,,,רוטב סויה מתוק MAXCH,,700.00,"100 מ""ל",false,,18.90,0.0270,true,1,478065
8888021200256,false,AAאנרג'ייזר סוללות מ,,,AAאנרג'ייזר סוללות מ,יחידה,0.00,יחידה,false,,29.90,0.0000,true,1,7800
8888021200720,false,AAAאנרג'ייזר סוללות,,,AAAאנרג'ייזר סוללות,יחידה,0.00,יחידה,false,,29.90,0.0000,true,1,7801
8901314532022,false,רביעיית מברשת שיניים,,,רביעיית מברשת שיניים,יחידה,0.00,יחידה,false,,14.90,0.0000,true,1,409871
8901537024014,false,וילי פוד אורז בסמטי,,,וילי פוד אורז בסמטי,,1000.00,100 גרם,false,,14.90,0.0149,true,1,4872
8934878081811,false,דפים על בסיס קמח טפי,,,דפים על בסיס קמח טפי,,400.00,100 גרם,false,,13.50,0.0338,true,1,16082
9001616661099,false,"בקבוק תינוק 270 מ""ל",,,"בקבוק תינוק 270 מ""ל",יחידה,0.00,יחידה,false,,38.90,0.0000,true,1,1233
9002859037221,false,שוקולד מריר אספרסו 7,,,שוקולד מריר אספרסו 7,,100.00,100 גרם,false,,10.90,0.1090,true,1,462146
9002859050671,false,לבבות שוקולד ברשת 10,,,לבבות שוקולד ברשת 10,,100.00,100 גרם,false,,10.90,0.1090,true,1,462264
9002859050725,false,תפזורת סנטה ברשת 100,,,תפזורת סנטה ברשת 100,,100.00,100 גרם,false,,10.90,0.1090,true,1,462298
9002859056963,false,אנשי שלג משוקולד ברש,,,אנשי שלג משוקולד ברש,,100.00,100 גרם,false,,10.90,0.1090,true,1,462228
9002859058172,false,בננה ציפוי שוקולד מר,,,בננה ציפוי שוקולד מר,,300.00,100 גרם,false,,15.90,0.0530,true,1,21072
9002859073298,false,גונץ כדורגל שוקולד ב,,,גונץ כדורגל שוקולד ב,,100.00,100 גרם,false,,10.90,0.1090,true,1,462212
9002859077678,false,שוקולד לבן 100 גרם,,,שוקולד לבן 100 גרם,,100.00,100 גרם,false,,10.90,0.1090,true,1,462178
9002859105630,false,מרציפן מצופה שוקולד,,,מרציפן מצופה שוקולד,,75.00,100 גרם,false,,11.90,0.1587,true,1,462451
9002859105753,false,ארנבי שוקולד חלב ברש,,,ארנבי שוקולד חלב ברש,,100.00,100 גרם,false,,10.90,0.1090,true,1,462230
9002859108938,false,דובוני שוקולד 100 גר,,,דובוני שוקולד 100 גר,,100.00,100 גרם,false,,10.90,0.1090,true,1,462248
9002975393836,false,סוכריות גומי בטעם קו,,,סוכריות גומי בטעם קו,,70.00,100 גרם,false,,7.90,0.1129,true,1,314495
9002975393843,false,סוכריות גומי בטעמי פ,,,סוכריות גומי בטעמי פ,,70.00,100 גרם,false,,7.90,0.1129,true,1,314496
9002975393850,false,סוכריות גומי בטעמי פ,,,סוכריות גומי בטעמי פ,,70.00,100 גרם,false,,7.90,0.1129,true,1,314497
9028800639962,false,אדלוויס הפרטובה בירת,,,אדלוויס הפרטובה בירת,,330.00,"100 מ""ל",false,,11.90,0.0361,true,1,504851
9120025834723,false,חטיף אוראו מצונן 120,,,חטיף אוראו מצונן 120,,120.00,100 גרם,false,,15.90,0.1325,true,1,469229
9120025839896,false,חטיף מילקה מצונן 128,,,חטיף מילקה מצונן 128,,128.00,100 גרם,false,,15.90,0.1242,true,1,469849
9120097310583,false,חטיף שוקו בננה מיניו,,,חטיף שוקו בננה מיניו,,108.00,100 גרם,false,,15.90,0.1472,true,1,469277
9322969000015,false,פריכיות תירס בטעם או,,,פריכיות תירס בטעם או,,150.00,100 גרם,false,,14.00,0.0933,true,1,7803
9322969000022,false,פריכיות תירס עם סויה,,,פריכיות תירס עם סויה,,150.00,100 גרם,false,,14.00,0.0933,true,1,7804
9720188050109,false,טופוטי ממרח טופו בטע,,,טופוטי ממרח טופו בטע,,225.00,100 גרם,false,,23.60,0.1049,true,1,8340
9771565038319,false,ידיעות אחרונות יום א,,,ידיעות אחרונות יום א,יחידה,0.00,יחידה,false,,0.50,0.0000,true,1,11817
9771565038326,false,ידיעות אחרונות יום ב,,,ידיעות אחרונות יום ב,יחידה,0.00,יחידה,false,,0.50,0.0000,true,1,11818
9771565038333,false,ידיעות אחרונות יום ג,,,ידיעות אחרונות יום ג,יחידה,0.00,יחידה,false,,0.50,0.0000,true,1,11819
9771565038340,false,ידיעות אחרונות יום ד,,,ידיעות אחרונות יום ד,יחידה,0.00,יחידה,false,,0.50,0.0000,true,1,11820
9771565038357,false,ידיעות אחרונות יום ה,,,ידיעות אחרונות יום ה,יחידה,0.00,יחידה,false,,0.50,0.0000,true,1,11821
9771565051066,false,ידיעות אחרונות יום ו,,,ידיעות אחרונות יום ו,יחידה,0.00,יחידה,false,,12.00,0.0000,true,1,11834
