code,internal_code,name,manufacturer_name,manufacture_country,manufacturer_item_description,unit_qty,quantity,unit_of_measure,weighted,qty_in_package,price,unit_of_measure_price,allow_discount,status,item_id
96,true,משלוח אינטרנטי.,,,משלוח אינטרנטי.,אין,0.00,יחידה,false,,28.00,0.0000,true,1,126221
301,true,בקבוק ריק חוזר בירה,,,בקבוק ריק חוזר בירה,אין,0.00,יחידה,false,,1.20,0.0000,true,1,101536
374,true,פטריות שמפניון,,,פטריות שמפניון,00000000000000000000,0.00,00000000000000000000,false,,9.90,0.0000,true,1,136856
574,true,קופון מצטרף חדש למוע,,,קופון מצטרף חדש למוע,אין,0.00,יחידה,false,,14.90,0.0000,true,1,126240
1028,true,חצי בגט,,,חצי בגט,יח',1.00,יח',false,,3.20,3.2000,true,1,156048
1091,true,צנונית בייבי,,,צנונית בייבי,גרמים,400.00,100 גרם,false,,5.90,0.0148,true,1,136876
1475,true,עגבניות מגי (שקיל),,,עגבניות מגי (שקיל),קילוגרמים,1.00,"ק""ג",true,,13.90,13.9000,true,1,185891
1488,true,אשכולית אדומה,,,אשכולית אדומה,קילוגרמים,1.00,"ק""ג",true,,7.90,7.9000,true,1,136895
1494,true,תפו`א לבן תפזורת,,,תפו`א לבן תפזורת,קילוגרמים,1.00,"ק""ג",true,,4.90,4.9000,true,1,136901
1495,true,תפו`א אדום תפזורת,,,תפו`א אדום תפזורת,קילוגרמים,1.00,"ק""ג",true,,4.90,4.9000,true,1,133640
1499,true,עגבניות תמר,,,עגבניות תמר,קילוגרמים,1.00,"ק""ג",true,,7.90,7.9000,true,1,136905
1500,true,פלפל כתום,,,פלפל כתום,קילוגרמים,1.00,"ק""ג",true,,11.90,11.9000,true,1,136906
1501,true,עגבניות,,,עגבניות,קילוגרמים,1.00,"ק""ג",true,,7.90,7.9000,true,1,136907
1502,true,מלפפונים,,,מלפפונים,קילוגרמים,1.00,"ק""ג",true,,7.90,7.9000,true,1,136908
1503,true,גזר ארוז,,,גזר ארוז,קילוגרמים,1.00,"ק""ג",true,,5.90,5.9000,true,1,136909
1504,true,סלק,,,סלק,קילוגרמים,1.00,"ק""ג",true,,6.90,6.9000,true,1,136910
1505,true,כרוב לבן,,,כרוב לבן,קילוגרמים,1.00,"ק""ג",true,,4.90,4.9000,true,1,136911
1506,true,כרוב אדום,,,כרוב אדום,קילוגרמים,1.00,"ק""ג",true,,6.90,6.9000,true,1,136912
1507,true,כרובית,,,כרובית,קילוגרמים,1.00,"ק""ג",true,,9.90,9.9000,true,1,136913
1510,true,קישואים,,,קישואים,קילוגרמים,1.00,"ק""ג",true,,10.90,10.9000,true,1,136915
1511,true,חצילים,,,חצילים,קילוגרמים,1.00,"ק""ג",true,,10.90,10.9000,true,1,136916
1514,true,פלפל בהיר,,,פלפל בהיר,קילוגרמים,1.00,"ק""ג",true,,10.90,10.9000,true,1,136918
1515,true,פלפל חריף,,,פלפל חריף,קילוגרמים,1.00,"ק""ג",true,,9.90,9.9000,true,1,136919
1516,true,פלפל אדום,,,פלפל אדום,קילוגרמים,1.00,"ק""ג",true,,9.90,9.9000,true,1,136920
1519,true,בצל יבש,,,בצל יבש,קילוגרמים,1.00,"ק""ג",true,,6.90,6.9000,true,1,136923
1521,true,קולורבי,,,קולורבי,קילוגרמים,1.00,"ק""ג",true,,9.90,9.9000,true,1,136924
1522,true,חסה ערבית,,,חסה ערבית,יח',1.00,יח',false,,5.90,5.9000,true,1,136925
1535,true,תפו`א אדום ארוז,,,תפו`א אדום ארוז,קילוגרמים,1.00,"ק""ג",true,,5.90,5.9000,true,1,136932
1545,true,שום ארוז ייבוא יח',,,שום ארוז ייבוא יח',יח',1.00,יח',false,,8.90,8.9000,true,1,136941
1547,true,שומר,,,שומר,קילוגרמים,1.00,"ק""ג",true,,6.90,6.9000,true,1,136943
1550,true,תפו`א לבן ארוז,,,תפו`א לבן ארוז,קילוגרמים,1.00,"ק""ג",true,,4.90,4.9000,true,1,136945
1551,true,לימון,,,לימון,קילוגרמים,1.00,"ק""ג",true,,7.90,7.9000,true,1,136946
1552,true,תפוז,,,תפוז,קילוגרמים,1.00,"ק""ג",true,,6.90,6.9000,true,1,136947
1553,true,ענב לבן,,,ענב לבן,קילוגרמים,1.00,"ק""ג",true,,39.90,39.9000,true,1,136948
1555,true,תפוז ארוז,,,תפוז ארוז,קילוגרמים,1.00,"ק""ג",true,,5.90,5.9000,true,1,136949
1556,true,בננה מובחרת,,,בננה מובחרת,קילוגרמים,1.00,"ק""ג",true,,7.90,7.9000,true,1,136950
1557,true,צנון,,,צנון,קילוגרמים,1.00,"ק""ג",true,,7.90,7.9000,true,1,136951
1558,true,אשכולית צהובה,,,אשכולית צהובה,קילוגרמים,1.00,"ק""ג",true,,7.90,7.9000,true,1,136952
1560,true,דלעת ארוזה,,,דלעת ארוזה,קילוגרמים,1.00,"ק""ג",true,,16.90,16.9000,true,1,136954
1561,true,תפוח עץ זהוב,,,תפוח עץ זהוב,קילוגרמים,1.00,"ק""ג",true,,11.90,11.9000,true,1,136955
1563,true,תפוח עץ חרמון,,,תפוח עץ חרמון,קילוגרמים,1.00,"ק""ג",true,,11.90,11.9000,true,1,136957
1564,true,תפוח עץ סמיט,,,תפוח עץ סמיט,קילוגרמים,1.00,"ק""ג",true,,11.90,11.9000,true,1,136958
1570,true,קלמנטינה,,,קלמנטינה,קילוגרמים,1.00,"ק""ג",true,,6.90,6.9000,true,1,136963
1571,true,פלפל שושקה,,,פלפל שושקה,קילוגרמים,1.00,"ק""ג",true,,9.90,9.9000,true,1,136964
1572,true,אבוקדו מובחר,,,אבוקדו מובחר,קילוגרמים,1.00,"ק""ג",true,,13.90,13.9000,true,1,136965
1574,true,בטטה מתוקה,,,בטטה מתוקה,קילוגרמים,1.00,"ק""ג",true,,10.90,10.9000,true,1,136967
1576,true,אגסים,,,אגסים,קילוגרמים,1.00,"ק""ג",true,,12.90,12.9000,true,1,136968
1581,true,פלפל צהוב,,,פלפל צהוב,קילוגרמים,1.00,"ק""ג",true,,11.90,11.9000,true,1,136972
1588,true,תירס ארוז,,,תירס ארוז,קילוגרמים,1.00,"ק""ג",true,,11.90,11.9000,true,1,136977
1591,true,ענב אדום,,,ענב אדום,קילוגרמים,1.00,"ק""ג",true,,27.90,27.9000,true,1,136979
1604,true,אפרסמון,,,אפרסמון,קילוגרמים,1.00,"ק""ג",true,,18.90,18.9000,true,1,136987
1608,true,זנגוויל\גינגיר תפזור,,,זנגוויל\גינגיר תפזור,קילוגרמים,1.00,"ק""ג",true,,29.90,29.9000,true,1,136990
1610,true,שרי אשכולות לקג,,,שרי אשכולות לקג,קילוגרמים,1.00,"ק""ג",true,,16.90,16.9000,true,1,136991
1613,true,דלורית,,,דלורית,קילוגרמים,1.00,"ק""ג",true,,10.90,10.9000,true,1,136994
1615,true,בצל אדום,,,בצל אדום,קילוגרמים,1.00,"ק""ג",true,,8.90,8.9000,true,1,136996
1618,true,אפרסמון קרמבו,,,אפרסמון קרמבו,קילוגרמים,1.00,"ק""ג",true,,18.90,18.9000,true,1,136998
1632,true,קישוא זוקיני ירוק,,,קישוא זוקיני ירוק,קילוגרמים,1.00,"ק""ג",true,,10.90,10.9000,true,1,137006
1636,true,פיטאיה,,,פיטאיה,גרמים,700.00,100 גרם,false,,14.90,0.0213,true,1,137009
1645,true,תפוח עץ גלה,,,תפוח עץ גלה,קילוגרמים,1.00,"ק""ג",true,,11.90,11.9000,true,1,137012
1683,true,תפוח עץ פינק קריפס,,,תפוח עץ פינק קריפס,קילוגרמים,1.00,"ק""ג",true,,16.90,16.9000,true,1,137025
1708,true,גזר תפזורת,,,גזר תפזורת,קילוגרמים,1.00,"ק""ג",true,,5.90,5.9000,true,1,137036
3500,true,עוף טרי שלם,,,עוף טרי שלם,קילוגרמים,1.00,"ק""ג",true,,23.90,23.9000,true,1,117519
3501,true,כרעיים עוף טרי,,,כרעיים עוף טרי,קילוגרמים,1.00,"ק""ג",true,,29.90,29.9000,true,1,117520
3502,true,חזה עוף טרי,,,חזה עוף טרי,קילוגרמים,1.00,"ק""ג",true,,36.90,36.9000,true,1,117521
3507,true,שניצל עוף פרוס טרי,,,שניצל עוף פרוס טרי,קילוגרמים,1.00,"ק""ג",true,,39.90,39.9000,true,1,126389
3511,true,חזה הודו טרי,,,חזה הודו טרי,קילוגרמים,1.00,"ק""ג",true,,34.90,34.9000,true,1,117528
3512,true,שוארמה נקבה טרי,,,שוארמה נקבה טרי,קילוגרמים,1.00,"ק""ג",true,,64.90,64.9000,true,1,117529
3517,true,שוקיים פטם טרי,,,שוקיים פטם טרי,קילוגרמים,1.00,"ק""ג",true,,34.90,34.9000,true,1,117533
3520,true,ירכיים עוף טרי,,,ירכיים עוף טרי,קילוגרמים,1.00,"ק""ג",true,,29.90,29.9000,true,1,117536
3522,true,שוארמה פרגיות טרי,,,שוארמה פרגיות טרי,קילוגרמים,1.00,"ק""ג",true,,64.90,64.9000,true,1,117537
3535,true,פילה עוף טרי,,,פילה עוף טרי,קילוגרמים,1.00,"ק""ג",true,,36.90,36.9000,true,1,117546
3539,true,טחון בקר חלק טרי,,,טחון בקר חלק טרי,קילוגרמים,1.00,"ק""ג",true,,69.90,69.9000,true,1,97044
4266,true,שדות בר ירק שטוף,,,שדות בר ירק שטוף,קילוגרמים,1.00,"ק""ג",true,,30.00,30.0000,true,1,140611
6307,true,5יח לחמנית בריאות מא,,,5יח לחמנית בריאות מא,אין,0.00,יחידה,false,,11.90,0.0000,true,1,156089
7502,true,עוף בגריל -מגה,,,עוף בגריל -מגה,קילוגרמים,1.00,"ק""ג",true,,37.90,37.9000,true,1,162709
7503,true,כרעיים בגריל-מגה,,,כרעיים בגריל-מגה,קילוגרמים,1.00,"ק""ג",true,,49.90,49.9000,true,1,162710
8888,true,פיקדון זיכוי לקוח,,,פיקדון זיכוי לקוח,אין,0.00,יחידה,false,,0.30,0.0000,true,1,126532
9999,true,פיקדון בקבוקים,,,פיקדון בקבוקים,00000000000000000000,0.00,00000000000000000000,false,,0.30,0.0000,true,1,95243
5678585,true,ענב סקרלוטה,,,ענב סקרלוטה,קילוגרמים,1.00,"ק""ג",true,,27.90,27.9000,true,1,170093
15983006,false,חסה רומית שדות בר,,,חסה רומית שדות בר,קילוגרמים,1.00,"ק""ג",true,,30.00,30.0000,true,1,140632
15983020,false,ברוקולי שטוף שדות בר,,,ברוקולי שטוף שדות בר,קילוגרמים,1.00,"ק""ג",true,,30.00,30.0000,true,1,140634
15983051,false,לוף/כרישה שטוף שדות,,,לוף/כרישה שטוף שדות,קילוגרמים,1.00,"ק""ג",true,,30.00,30.0000,true,1,140637
15983075,false,בצל ירוק שטוף שדות ב,,,בצל ירוק שטוף שדות ב,קילוגרמים,1.00,"ק""ג",true,,30.00,30.0000,true,1,140638
15983082,false,ירק שטוף שדות בר,,,ירק שטוף שדות בר,קילוגרמים,1.00,"ק""ג",true,,30.00,30.0000,true,1,140639
15983099,false,שדות בר גבעולי סלרי,,,שדות בר גבעולי סלרי,קילוגרמים,1.00,"ק""ג",true,,30.00,30.0000,true,1,140640
15983129,false,פלפלונים שדות בר,,,פלפלונים שדות בר,קילוגרמים,1.00,"ק""ג",true,,30.00,30.0000,true,1,163984
15983136,false,שרי בלינדה שדות בר,,,שרי בלינדה שדות בר,קילוגרמים,1.00,"ק""ג",true,,30.00,30.0000,true,1,163985
15983143,false,מלפפון בייבי שדות בר,,,מלפפון בייבי שדות בר,קילוגרמים,1.00,"ק""ג",true,,30.00,30.0000,true,1,163986
32147230,false,מיץ לימון סיצילייה 2,,,מיץ לימון סיצילייה 2,"מ""ל",200.00,"מ""ל",false,,7.90,0.0395,true,1,100393
40099132,false,הובה בובה צאנק תות 3,,,הובה בובה צאנק תות 3,גרמים,35.00,100 גרם,false,,3.90,0.1114,true,1,132459
72940754,false,"מילקי וניל 170 מ""ל",,,"מילקי וניל 170 מ""ל","מ""ל",170.00,"מ""ל",false,,2.90,0.0171,true,1,115021
72940761,false,מילקי שוקולד מהדרין,,,מילקי שוקולד מהדרין,"מ""ל",170.00,"מ""ל",false,,2.90,0.0171,true,1,115022
72940983,false,אחלה חומוס 250ג,,,אחלה חומוס 250ג,גרמים,250.00,100 גרם,false,,7.90,0.0316,true,1,115025
72945308,false,שמרית קוביות שמרים ל,,,שמרית קוביות שמרים ל,גרמים,50.00,100 גרם,false,,3.80,0.0760,true,1,115027
72991404,false,אירופה,,,אירופה,אין,0.00,יחידה,false,,28.00,0.0000,false,1,99517
80001287,false,חטיף גרדנה אגוז 38 ג,,,חטיף גרדנה אגוז 38 ג,גרמים,38.00,100 גרם,false,,4.90,0.1289,true,1,106409
80177609,false,קינדר אצבעות שוק.חלב,,,קינדר אצבעות שוק.חלב,גרמים,50.00,100 גרם,false,,5.00,0.1000,true,1,132858
80769545,false,מסטיק מנטוס פרש בקבו,,,מסטיק מנטוס פרש בקבו,גרמים,60.00,100 גרם,false,,10.90,0.1817,true,1,168559
80769699,false,מסטיק מנטוס ויט טעם,,,מסטיק מנטוס ויט טעם,גרמים,60.00,100 גרם,false,,11.50,0.1917,true,1,106425
80773429,false,מסטיק מנטוס בקבוק בט,,,מסטיק מנטוס בקבוק בט,גרמים,60.00,100 גרם,false,,10.90,0.1817,true,1,152852
80773443,false,מסטיק מנטוס בקבוק בט,,,מסטיק מנטוס בקבוק בט,גרמים,60.00,100 גרם,false,,10.90,0.1817,true,1,106426
80850885,false,מנטוס וויט מסטיק בטע,,,מנטוס וויט מסטיק בטע,גרמים,60.00,100 גרם,false,,11.50,0.1917,true,1,106442
80864295,false,מנטוס פיור וויט ללא,,,מנטוס פיור וויט ללא,גרמים,60.00,100 גרם,false,,10.90,0.1817,true,1,178518
80896081,false,מסטיק מנטוס בקבוק בט,,,מסטיק מנטוס בקבוק בט,גרמים,60.00,100 גרם,false,,10.90,0.1817,true,1,152853
80913467,false,מסטיק מנטוס בקבוק בט,,,מסטיק מנטוס בקבוק בט,גרמים,60.00,100 גרם,false,,10.90,0.1817,true,1,106447
80945468,false,מנטוס פיור וויט ללא,,,מנטוס פיור וויט ללא,גרמים,60.00,100 גרם,false,,10.90,0.1817,true,1,181388
80986348,false,מנטוס פיור וויט ללא,,,מנטוס פיור וויט ללא,גרמים,60.00,100 גרם,false,,10.90,0.1817,true,1,178519
198888886,false,עיגול אגורות,,,עיגול אגורות,00000000000000000000,0.00,00000000000000000000,false,,1.00,0.0000,true,1,138141
9800800056,false,ממרח נוטלה & GO,,,ממרח נוטלה & GO,גרמים,52.00,100 גרם,false,,5.90,0.1135,true,1,132864
10900678148,false,רדיד אלומיניום נון ס,,,רדיד אלומיניום נון ס,אין,0.00,יחידה,false,,15.90,0.0000,true,1,185517
11210000094,false,טבסקו,,,טבסקו,מיליליטרים,60.00,"100 מ""ל",false,,12.90,0.2150,true,1,129479
11210002500,false,טבסקו רוטב כנפי באפא,,,טבסקו רוטב כנפי באפא,מיליליטרים,150.00,"100 מ""ל",false,,23.90,0.1593,true,1,129481
13628609388,false,חומץ בלסמי כשר ירוק,,,חומץ בלסמי כשר ירוק,מיליליטרים,500.00,"100 מ""ל",false,,25.00,0.0500,true,1,100396
16000423534,false,חטיף קראנצי שיבולת ש,,,חטיף קראנצי שיבולת ש,גרמים,210.00,100 גרם,false,,21.90,0.1043,true,1,106469
16000548404,false,חטיף קראנצי גרנולה ש,,,חטיף קראנצי גרנולה ש,גרמים,210.00,100 גרם,false,,21.90,0.1043,true,1,106473
16000548503,false,חטיף קראנצי גרנולה מ,,,חטיף קראנצי גרנולה מ,גרמים,210.00,100 גרם,false,,21.90,0.1043,true,1,106475
16000548602,false,חטיף שיבולת שועל מלא,,,חטיף שיבולת שועל מלא,גרמים,210.00,100 גרם,false,,21.90,0.1043,true,1,106477
16000548909,false,חטיף קראנצי גרנולה מ,,,חטיף קראנצי גרנולה מ,גרמים,210.00,100 גרם,false,,21.90,0.1043,true,1,106479
16229924263,false,"קרם קוקוס 250 מ""ל.",,,"קרם קוקוס 250 מ""ל.",מיליליטרים,250.00,"100 מ""ל",false,,10.90,0.0436,true,1,149032
18000701223,false,תערובת לעוגת שוק.דוי,,,תערובת לעוגת שוק.דוי,גרמים,500.00,100 גרם,false,,19.90,0.0398,true,1,106481
18000703494,false,תערובת לעוגת וניל פר,,,תערובת לעוגת וניל פר,גרמים,517.00,100 גרם,false,,19.90,0.0385,true,1,157284
25675120006,false,חמצוצים חמצוצים טבעי,,,חמצוצים חמצוצים טבעי,גרמים,100.00,100 גרם,false,,8.90,0.0890,true,1,98802
31200001597,false,חמוציות ממותקות ומיו,,,חמוציות ממותקות ומיו,גרמים,170.00,100 גרם,false,,11.90,0.0700,true,1,106488
33617000026,false,מקמח מלא וואזה 275 ג,,,מקמח מלא וואזה 275 ג,גרמים,260.00,100 גרם,false,,13.80,0.0531,true,1,156376
36000516876,false,קלינקס לושן תלת שכבת,,,קלינקס לושן תלת שכבת,אין,0.00,יחידה,false,,10.00,0.0000,true,1,185910
36000516890,false,קלינקס לושן תלת שכבת,,,קלינקס לושן תלת שכבת,אין,0.00,יחידה,false,,17.90,0.0000,true,1,176118
38000232152,false,פרינגלס ביג ברביקיו,,,פרינגלס ביג ברביקיו,גרמים,158.00,100 גרם,false,,8.90,0.0563,true,1,177393
38000232176,false,פרינגלס ביג שמנת בצל,,,פרינגלס ביג שמנת בצל,גרמים,158.00,100 גרם,false,,8.90,0.0563,true,1,177394
38000232183,false,פרינגלס ביג אורגינל,,,פרינגלס ביג אורגינל,גרמים,158.00,100 גרם,false,,8.90,0.0563,true,1,177395
38527591060,false,דגני בוקר מרובעים קו,,,דגני בוקר מרובעים קו,גרמים,412.00,100 גרם,false,,22.70,0.0551,true,1,115631
40000494836,false,M&M עדשי קריספי 80 ג,,,M&M עדשי קריספי 80 ג,גרמים,80.00,100 גרם,false,,7.50,0.0938,true,1,132507
46214731552,false,מרבה עוגיות שוקולד צ,,,מרבה עוגיות שוקולד צ,גרמים,225.00,100 גרם,false,,10.90,0.0484,true,1,113521
50000084500,false,פריסקיז מעדני השף מנ,,,פריסקיז מעדני השף מנ,אלף,1.43,"ק""ג",false,,39.90,27.9021,true,1,111467
51500255162,false,חמאת בוטנים קלאסית 4,,,חמאת בוטנים קלאסית 4,גרמים,454.00,100 גרם,false,,18.90,0.0416,true,1,100401
55369902564,false,אפלסנקס רסק תפוחי עץ,,,אפלסנקס רסק תפוחי עץ,גרמים,452.00,100 גרם,false,,14.90,0.0330,true,1,128332
64144090013,false,תרסיס שמן פאם חמאה 1,,,תרסיס שמן פאם חמאה 1,מיליליטרים,148.00,"100 מ""ל",false,,19.90,0.1345,true,1,106508
64144090051,false,תרסיס שמן פאם קנולה,,,תרסיס שמן פאם קנולה,"מ""ל",148.00,"מ""ל",false,,19.90,0.1345,true,1,106510
70177077563,false,טווינינג ארל גריי 50,,,טווינינג ארל גריי 50,גרמים,50.00,100 גרם,false,,19.90,0.3980,true,1,167873
70177177669,false,טווינינג חליטה למון,,,טווינינג חליטה למון,גרמים,30.00,100 גרם,false,,18.90,0.6300,true,1,167889
76840002351,false,GIMME S'MORE בן אנד,,,GIMME S'MORE בן אנד,מיליליטרים,420.00,"100 מ""ל",false,,24.90,0.0593,true,1,178873
76840002542,false,גלידת פיינטים נטפליק,,,גלידת פיינטים נטפליק,מיליליטרים,420.00,"100 מ""ל",false,,24.90,0.0593,true,1,178760
77245110610,false,סוכריות מאסט ללא סוכ,,,סוכריות מאסט ללא סוכ,גרמים,80.00,100 גרם,false,,8.90,0.1113,true,1,114275
77975094624,false,סניידרס בייגלה במילו,,,סניידרס בייגלה במילו,אין,0.00,יחידה,false,,16.90,0.0000,true,1,176620
80002760270,false,ספר ליקוטי מוהרין,,,ספר ליקוטי מוהרין,אין,0.00,יחידה,false,,49.90,0.0000,true,1,174519
611745285432,false,סט 3 מגבות מטבח,,,סט 3 מגבות מטבח,אין,0.00,יחידה,false,,14.90,0.0000,true,1,181528
611745285685,true,אבוקדו בשל יח,,,אבוקדו בשל יח,גרמים,470.00,100 גרם,false,,10.90,0.0232,true,1,148791
651080647519,false,פלאקרס חוט דנטלי מנט,,,פלאקרס חוט דנטלי מנט,אין,0.00,יחידה,false,,10.90,0.0000,true,1,100418
693493034487,false,פילה סרדין בשמן זית,,,פילה סרדין בשמן זית,גרמים,125.00,100 גרם,false,,6.90,0.0552,true,1,178258
693493065641,false,טחינת הר כנען 100% ש,,,טחינת הר כנען 100% ש,גרמים,500.00,100 גרם,false,,15.90,0.0318,true,1,178606
693493126281,false,קפה טורקי קלוי וטחון,,,קפה טורקי קלוי וטחון,גרמים,300.00,100 גרם,false,,14.90,0.0497,true,1,182190
710535495539,false,"אבאל אורז בסמטי 1 ק""",,,"אבאל אורז בסמטי 1 ק""",אלף,1.00,"ק""ג",false,,11.90,11.9000,true,1,181597
835811003588,false,צלחות קלאסי לבן גדול,,,צלחות קלאסי לבן גדול,אין,0.00,יחידה,false,,35.90,0.0000,true,1,186414
835811005322,false,פחם דרום אמריקאי 2 ק,,,פחם דרום אמריקאי 2 ק,אלף,2.00,"ק""ג",false,,15.90,7.9500,true,1,102073
835811006435,false,תבנית מלבנית עמוקה ע,,,תבנית מלבנית עמוקה ע,אין,0.00,יחידה,false,,13.90,0.0000,true,1,102125
835811006497,false,אבקת סוכר 500 גר,,,אבקת סוכר 500 גר,גרמים,500.00,100 גרם,false,,8.90,0.0178,true,1,102128
835811006770,false,תבנית אלומניום עגולה,,,תבנית אלומניום עגולה,אין,0.00,יחידה,false,,13.90,0.0000,true,1,102149
835811008347,false,גפרור ענק,,,גפרור ענק,אין,0.00,יחידה,false,,7.90,0.0000,true,1,102182
859547004084,false,ספוג ניקוי בניחוח לי,,,ספוג ניקוי בניחוח לי,גרמים,34.00,100 גרם,false,,18.90,0.5559,true,1,185543
859547004329,false,ספוג ניקוי כלים בצבע,,,ספוג ניקוי כלים בצבע,גרמים,34.00,100 גרם,false,,18.90,0.5559,true,1,185493
859547004466,false,ספוג ניקוי דו צדדי ס,,,ספוג ניקוי דו צדדי ס,גרמים,34.00,100 גרם,false,,18.90,0.5559,true,1,185456
3046920016377,false,לינדט אקסלנס מילד 10,,,לינדט אקסלנס מילד 10,גרמים,100.00,100 גרם,false,,14.90,0.1490,true,1,176684
3059943015128,false,איירוויק ספריי נטול,,,איירוויק ספריי נטול,מיליליטרים,345.00,"100 מ""ל",false,,15.90,0.0461,true,1,113136
3073781161663,false,גבינת לה וואש קירי 8,,,גבינת לה וואש קירי 8,גרמים,128.00,100 גרם,false,,12.90,0.1008,true,1,180870
3073781161687,false,גבינה מותכת לה וואש,,,גבינה מותכת לה וואש,גרמים,256.00,100 גרם,false,,23.90,0.0934,true,1,185385
3178530407938,false,עוגיות שוקולד צ'יפס,,,עוגיות שוקולד צ'יפס,גרמים,175.00,100 גרם,false,,11.90,0.0680,true,1,160369
3178530417340,false,בראוניז שוקולד סאן מ,,,בראוניז שוקולד סאן מ,גרמים,210.00,100 גרם,false,,15.90,0.0757,true,1,178345
3574661491806,false,מי פה אדוונס וויאט מ,,,מי פה אדוונס וויאט מ,מיליליטרים,500.00,"100 מ""ל",false,,21.90,0.0438,true,1,179369
3574661552576,false,קרפרי רגיל טנגה לבן,,,קרפרי רגיל טנגה לבן,אין,0.00,יחידה,false,,15.90,0.0000,true,1,182751
3574661552811,false,קרפרי כותון אוורירי,,,קרפרי כותון אוורירי,אין,0.00,יחידה,false,,15.90,0.0000,true,1,178876
3574661554877,false,קרפרי כותון מבושם 56,,,קרפרי כותון מבושם 56,אין,0.00,יחידה,false,,15.90,0.0000,true,1,181118
3574669907767,false,ג'ונסונס בייבי שמפו,,,ג'ונסונס בייבי שמפו,מיליליטרים,750.00,"100 מ""ל",false,,25.90,0.0345,true,1,183506
3574669907880,false,ג'ונסון בייבי שמפו,,,ג'ונסון בייבי שמפו,מיליליטרים,330.00,"100 מ""ל",false,,6.90,0.0209,true,1,178366
3600522550129,false,דרמו אייג' ספשיאליסט,,,דרמו אייג' ספשיאליסט,מיליליטרים,50.00,"100 מ""ל",false,,55.90,1.1180,true,1,178640
3856014102448,false,מקלות בייגלה סטיק X,,,מקלות בייגלה סטיק X,גרמים,120.00,100 גרם,false,,9.90,0.0825,true,1,181770
4000417101211,false,גלילי וופל עם קרם אג,,,גלילי וופל עם קרם אג,גרמים,150.00,100 גרם,false,,19.90,0.1327,true,1,183376
4002575016253,false,מרציפן מצופה שוקולד,,,מרציפן מצופה שוקולד,גרמים,100.00,100 גרם,false,,9.70,0.0970,true,1,106542
4005900036568,false,ניוואה דאודורנט ספרי,,,ניוואה דאודורנט ספרי,מיליליטרים,150.00,"100 מ""ל",false,,16.90,0.1127,true,1,96334
4005900555915,false,ניוואה קאר תחליב רחצ,,,ניוואה קאר תחליב רחצ,מיליליטרים,750.00,"100 מ""ל",false,,17.90,0.0239,true,1,183762
4008400208220,false,קינדר שוקולד הפי 102,,,קינדר שוקולד הפי 102,גרמים,102.00,100 גרם,false,,14.90,0.1461,true,1,177661
4008400290423,false,קינדר פינגווי עוגת ס,,,קינדר פינגווי עוגת ס,גרמים,120.00,100 גרם,false,,14.90,0.1242,true,1,184524
4009300528845,false,פומפדור תה ירוק לימו,,,פומפדור תה ירוק לימו,גרמים,30.00,100 גרם,false,,20.90,0.6967,true,1,177074
4009900402965,false,אורביט וויט פירות בק,,,אורביט וויט פירות בק,גרמים,64.00,100 גרם,false,,11.90,0.1859,true,1,132524
4009900420129,false,אורביט פרופשייונל פפ,,,אורביט פרופשייונל פפ,גרמים,64.00,100 גרם,false,,11.90,0.1859,true,1,175468
4009900426039,false,בקבוקון בקבוקון מסטי,,,בקבוקון בקבוקון מסטי,גרמים,64.00,100 גרם,false,,11.90,0.1859,true,1,132533
4009900465304,false,סקיטלס פירות חמוצים,,,סקיטלס פירות חמוצים,גרמים,174.00,100 גרם,false,,9.90,0.0569,true,1,132542
4009900479998,false,אורביט מסטיק בקבוקון,,,אורביט מסטיק בקבוקון,גרמים,64.00,100 גרם,false,,11.90,0.1859,true,1,132545
4009900482417,false,אורביט באבל מינט בקב,,,אורביט באבל מינט בקב,גרמים,64.00,100 גרם,false,,11.90,0.1859,true,1,132547
4009900512350,false,מסטיק פייב בוקס אבטי,,,מסטיק פייב בוקס אבטי,גרמים,69.00,100 גרם,false,,11.90,0.1725,true,1,132569
4009900525138,false,אורביט וויט תות - בק,,,אורביט וויט תות - בק,גרמים,64.00,100 גרם,false,,11.90,0.1859,true,1,177060
4009900531122,false,אורביט פרופשייונל ספ,,,אורביט פרופשייונל ספ,גרמים,64.00,100 גרם,false,,11.90,0.1859,true,1,175469
4009900535519,false,אורביט רפרשרס אריזה,,,אורביט רפרשרס אריזה,גרמים,15.00,100 גרם,false,,4.90,0.3267,true,1,177062
4009900535540,false,אורביט רפרשרס פפרמינ,,,אורביט רפרשרס פפרמינ,גרמים,15.00,100 גרם,false,,4.90,0.3267,true,1,177063
4009900536288,false,מסטיק אורביט רפרשרס,,,מסטיק אורביט רפרשרס,גרמים,67.00,100 גרם,false,,12.90,0.1925,true,1,183380
4009900536486,false,מסטיק אורביט רפרשרס,,,מסטיק אורביט רפרשרס,גרמים,67.00,100 גרם,false,,12.90,0.1925,true,1,177066
4009900539340,false,סוכריות סקיטלס ענקיו,,,סוכריות סקיטלס ענקיו,גרמים,141.00,100 גרם,false,,9.90,0.0702,true,1,181399
4011800567613,false,חטיף דגנים סנדוויץ ש,,,חטיף דגנים סנדוויץ ש,גרמים,120.00,100 גרם,false,,14.90,0.1242,true,1,100519
4011800577810,false,קורני חטיף דגנים נוג,,,קורני חטיף דגנים נוג,גרמים,150.00,100 גרם,false,,14.90,0.0993,true,1,185739
4011800628512,false,חטיף דגנים עם שוקולד,,,חטיף דגנים עם שוקולד,גרמים,150.00,100 גרם,false,,14.90,0.0993,true,1,100531
4011800630515,false,חטיף דגנים עם שוקולד,,,חטיף דגנים עם שוקולד,גרמים,150.00,100 גרם,false,,14.90,0.0993,true,1,100533
4011800633516,false,חטיף דגנים שוקולד מר,,,חטיף דגנים שוקולד מר,גרמים,138.00,100 גרם,false,,14.90,0.1080,true,1,100535
4014400904376,false,סוכ.שטורק שוקולדן 32,,,סוכ.שטורק שוקולדן 32,גרמים,325.00,100 גרם,false,,19.70,0.0606,true,1,106565
4014400914924,false,80 סוכריות קפה וורטר,,,80 סוכריות קפה וורטר,גרמים,80.00,100 גרם,false,,9.00,0.1125,true,1,106576
4014400923711,false,טופיפי בונבונירה שוק,,,טופיפי בונבונירה שוק,גרמים,125.00,100 גרם,false,,13.90,0.1112,true,1,106580
4014400925319,false,חטיף פופקורן בציפוי,,,חטיף פופקורן בציפוי,גרמים,140.00,100 גרם,false,,15.90,0.1136,true,1,180823
4015400563846,false,אולדייז מגן תחתון לו,,,אולדייז מגן תחתון לו,אין,0.00,יחידה,false,,19.90,0.0000,true,1,182544
4015400564454,false,מגן תחתון לארג מגה פ,,,מגן תחתון לארג מגה פ,אין,0.00,יחידה,false,,19.90,0.0000,true,1,117883
4015400681670,false,לילה בטוח אולוויז 18,,,לילה בטוח אולוויז 18,אין,0.00,יחידה,false,,19.90,0.0000,true,1,117913
4015400731719,false,תחבושות וליו פק לילה,,,תחבושות וליו פק לילה,אין,0.00,יחידה,false,,19.90,0.0000,true,1,117928
4015400755241,false,תחבושות וליו פק נורמ,,,תחבושות וליו פק נורמ,אין,0.00,יחידה,false,,19.90,0.0000,true,1,117945
4015400755487,false,תחבושות וליו פק לונג,,,תחבושות וליו פק לונג,אין,0.00,יחידה,false,,19.90,0.0000,true,1,117947
4015400759263,false,תחבושות כפול נורמל א,,,תחבושות כפול נורמל א,יח,28.00,יח,false,,19.90,0.7107,true,1,185522
4015400759294,false,תחבושות כפול לונג או,,,תחבושות כפול לונג או,אין,0.00,יחידה,false,,19.90,0.0000,true,1,183766
4018722102632,false,אלב גולד - ספגטי כוס,,,אלב גולד - ספגטי כוס,גרמים,500.00,100 גרם,false,,15.90,0.0318,true,1,180266
4018722343158,false,אלב גולד - פוזלי כוס,,,אלב גולד - פוזלי כוס,גרמים,500.00,100 גרם,false,,22.90,0.0458,true,1,186147
4084500149526,false,טייד גל 2.48 ליטר,,,טייד גל 2.48 ליטר,ליטר,2.48,ליטר,false,,29.70,11.9758,true,1,118075
4084500854048,false,פיירי נוזל כלים לימו,,,פיירי נוזל כלים לימו,ליטר,1.24,ליטר,false,,18.90,15.2419,true,1,118095
4084500920880,false,פיירי אורגינל נוזל כ,,,פיירי אורגינל נוזל כ,ליטר,1.24,ליטר,false,,18.90,15.2419,true,1,118097
4640018993398,false,פיניש קוואנטום למדיח,,,פיניש קוואנטום למדיח,אין,0.00,יחידה,false,,62.90,0.0000,true,1,182907
4860019001414,false,בורז'ומי מים מינרלים,,,בורז'ומי מים מינרלים,מיליליטרים,750.00,"100 מ""ל",false,,8.90,0.0119,true,1,105177
5000146401568,false,לכביסה ווליט דפים שו,,,לכביסה ווליט דפים שו,אין,0.00,יחידה,false,,18.90,0.0000,true,1,113167
5000157143365,false,מתבל בטעם מיונז וקטש,,,מתבל בטעם מיונז וקטש,מיליליטרים,425.00,"100 מ""ל",false,,14.90,0.0351,true,1,176441
5000159376655,false,סוכריות סקיטלס פירות,,,סוכריות סקיטלס פירות,גרמים,38.00,100 גרם,false,,3.90,0.1026,true,1,132582
5000159452540,false,חטיף סניקרס מארז 5*2,,,חטיף סניקרס מארז 5*2,אין,250.00,יחידה,false,,12.90,0.0516,true,1,182401
5000159452663,false,חטיף מרס מארז 5*2 22,,,חטיף מרס מארז 5*2 22,גרמים,225.00,100 גרם,false,,12.90,0.0573,true,1,184310
5000159538626,false,חטיף טוויקס מארז 5*2,,,חטיף טוויקס מארז 5*2,גרמים,250.00,100 גרם,false,,12.90,0.0516,true,1,184517
5000159538640,false,חטיף באונטי מארז 5*2,,,חטיף באונטי מארז 5*2,גרמים,285.00,100 גרם,false,,12.90,0.0453,true,1,184667
5000204153903,false,גלייד מילוי אוטומטי,,,גלייד מילוי אוטומטי,מיליליטרים,269.00,"100 מ""ל",false,,17.90,0.0665,true,1,184454
5000204196924,false,רייד נוזל מילוי זוג,,,רייד נוזל מילוי זוג,אין,0.00,יחידה,false,,32.90,0.0000,true,1,185376
5000204197051,false,רייד מכשיר חשמלי + נ,,,רייד מכשיר חשמלי + נ,אין,0.00,יחידה,false,,37.90,0.0000,true,1,186136
5000204658064,false,אקספרס שחור-משחת נעל,,,אקספרס שחור-משחת נעל,מיליליטרים,6.00,"100 מ""ל",false,,16.90,2.8167,true,1,100564
5000204658187,false,קיווי נוזל נעליים שח,,,קיווי נוזל נעליים שח,מיליליטרים,75.00,"100 מ""ל",false,,16.90,0.2253,true,1,100566
5000394137486,false,סוללות דורסל רבעיות,,,סוללות דורסל רבעיות,אין,0.00,יחידה,false,,23.90,0.0000,true,1,182510
5000394137516,false,סוללות דורסל רבעיות,,,סוללות דורסל רבעיות,אין,0.00,יחידה,false,,23.90,0.0000,true,1,181414
5000394140820,false,סוללות דורסל שישיות,,,סוללות דורסל שישיות,אין,0.00,יחידה,false,,24.90,0.0000,true,1,185283
5000394141209,false,סוללות דורסל שישיות,,,סוללות דורסל שישיות,אין,0.00,יחידה,false,,24.90,0.0000,true,1,182918
5010026515933,false,מוזלי קריספי פירות ו,,,מוזלי קריספי פירות ו,גרמים,750.00,100 גרם,false,,25.90,0.0345,true,1,177993
5010182998847,false,דאק ג'ל נוזל לניקוי,,,דאק ג'ל נוזל לניקוי,מיליליטרים,750.00,"100 מ""ל",false,,11.50,0.0153,true,1,100587
5011157671222,false,אורז בסמטי חום מלא,,,אורז בסמטי חום מלא,אלף,1.00,"ק""ג",false,,25.90,25.9000,true,1,185768
5029053002439,false,נייר טואלט קליניקס צ,,,נייר טואלט קליניקס צ,מטרים,243.00,מטר,false,,35.90,0.1477,true,1,103272
5029053578309,false,טישו אולטרה סופט קוב,,,טישו אולטרה סופט קוב,אין,0.00,יחידה,false,,7.90,0.0000,true,1,178741
5053827215862,false,דגני בוקר קוקו פופס,,,דגני בוקר קוקו פופס,גרמים,500.00,100 גרם,false,,19.90,0.0398,true,1,176444
5201004020338,false,קפריס רולס קלאסיק 40,,,קפריס רולס קלאסיק 40,גרמים,400.00,100 גרם,false,,20.90,0.0522,true,1,176697
5201261201532,false,"היינקן פחית 500 מ""ל",,,"היינקן פחית 500 מ""ל",ליטר,2.00,ליטר,false,,47.90,23.9500,true,1,178255
5410126116953,false,לוטוס ממרח ביסקוויט,,,לוטוס ממרח ביסקוויט,גרמים,400.00,100 גרם,false,,20.90,0.0522,true,1,100235
5410126666038,false,עוגיות לוטוס 279 גרם,,,עוגיות לוטוס 279 גרם,גרמים,279.00,100 גרם,false,,16.90,0.0606,true,1,169455
5411188115472,false,אלפרו משקה סויה 1 לי,,,אלפרו משקה סויה 1 לי,ליטר,1.00,ליטר,false,,13.90,13.9000,true,1,177115
5411188120957,false,אלפרו קוקוס לבישול 2,,,אלפרו קוקוס לבישול 2,מיליליטרים,250.00,"100 מ""ל",false,,10.90,0.0436,true,1,178783
5411188124726,false,אלפרו משקה שיבולת שו,,,אלפרו משקה שיבולת שו,אין,0.00,יחידה,false,,16.80,0.0000,true,1,145834
5411188133476,false,אלפרו משקה סויה שוקו,,,אלפרו משקה סויה שוקו,מיליליטרים,250.00,"100 מ""ל",false,,8.90,0.0356,true,1,180845
5411188133490,false,אלפרו משקה סויה קפה,,,אלפרו משקה סויה קפה,מיליליטרים,250.00,"100 מ""ל",false,,8.90,0.0356,true,1,178555
5411188134985,false,אלפרו 3.5% שומן NOT,,,אלפרו 3.5% שומן NOT,ליטר,1.00,ליטר,false,,13.90,13.9000,true,1,183509
5411188135005,false,אלפרו 1.8% שומן NOT,,,אלפרו 1.8% שומן NOT,ליטר,1.00,ליטר,false,,13.90,13.9000,true,1,184313
5411188513483,false,אלפרו סויה לבישול 14,,,אלפרו סויה לבישול 14,מיליליטרים,250.00,"100 מ""ל",false,,10.90,0.0436,true,1,183510
5411188543398,false,אלפרו משקה סויה ללא,,,אלפרו משקה סויה ללא,ליטר,1.00,ליטר,false,,13.90,13.9000,true,1,177122
5413216990242,false,צדפי שוקולד צ'וקטה 2,,,צדפי שוקולד צ'וקטה 2,גרמים,250.00,100 גרם,false,,16.90,0.0676,true,1,133352
5600289150318,false,צ'יפס תפוחי עץ מיובש,,,צ'יפס תפוחי עץ מיובש,גרמים,20.00,100 גרם,false,,6.90,0.3450,true,1,182546
5600289150332,false,צ'יפס תפוחי עץ מיובש,,,צ'יפס תפוחי עץ מיובש,גרמים,20.00,100 גרם,false,,6.90,0.3450,true,1,182547
5600289150349,false,צ'יפס תפוחי עץ מיובש,,,צ'יפס תפוחי עץ מיובש,גרמים,30.00,100 גרם,false,,6.90,0.2300,true,1,182654
5600289150356,false,צ'יפס תפוחי עץ מיובש,,,צ'יפס תפוחי עץ מיובש,גרמים,40.00,100 גרם,false,,6.90,0.1725,true,1,183303
5711953106583,false,ארלה גבינת שמנת טבעי,,,ארלה גבינת שמנת טבעי,גרמים,200.00,100 גרם,false,,16.90,0.0845,true,1,178878
5711953106606,false,ארלה גבינת שמנת עשבי,,,ארלה גבינת שמנת עשבי,גרמים,200.00,100 גרם,false,,16.90,0.0845,true,1,185457
5740900403215,false,ממרח לורפק עם מלח 25,,,ממרח לורפק עם מלח 25,גרמים,250.00,100 גרם,false,,14.90,0.0596,true,1,172756
5740900403253,false,ממרח לורפק עם מלח 50,,,ממרח לורפק עם מלח 50,גרמים,500.00,100 גרם,false,,28.90,0.0578,true,1,172760
5740900403284,false,חמאת לורפק ללא מלח 2,,,חמאת לורפק ללא מלח 2,גרמים,200.00,100 גרם,false,,11.90,0.0595,true,1,177265
5740900403864,false,חמאת לורפק עם מלח 20,,,חמאת לורפק עם מלח 20,גרמים,200.00,100 גרם,false,,11.90,0.0595,true,1,185545
5765220190171,false,עטרות נייר לאפייה 4,,,עטרות נייר לאפייה 4,יח',130.00,יח',false,,5.90,0.0454,true,1,178759
5765571202615,false,נר נשמה 48 שעות פלסט,,,נר נשמה 48 שעות פלסט,אין,0.00,יחידה,false,,5.90,0.0000,true,1,179335
5765571205616,false,נר נשמה 72 שעות ירוש,,,נר נשמה 72 שעות ירוש,אין,0.00,יחידה,false,,7.90,0.0000,true,1,184960
5900020026552,false,האני נאט ציריוס נסטל,,,האני נאט ציריוס נסטל,גרמים,625.00,100 גרם,false,,16.90,0.0270,true,1,111513
5900020032539,false,חטיף דגנים שוקולד פ,,,חטיף דגנים שוקולד פ,גרמים,188.00,100 גרם,false,,17.90,0.0952,true,1,184870
5900020034021,false,פיטנס חטיף דגנים שוק,,,פיטנס חטיף דגנים שוק,גרמים,141.00,100 גרם,false,,17.90,0.1270,true,1,176791
5900020037916,false,צ'יריוס שיבולת שועל,,,צ'יריוס שיבולת שועל,גרמים,375.00,100 גרם,false,,17.90,0.0477,true,1,182158
5900627066715,false,פיניש 100 טבליות AIO,,,פיניש 100 טבליות AIO,אין,0.00,יחידה,false,,69.90,0.0000,true,1,113220
5902768862553,true,עוגיות בוגטי שוקולד,,,עוגיות בוגטי שוקולד,גרמים,155.00,100 גרם,false,,6.90,0.0445,true,1,177778
5906485301012,false,אקס אל משקה אנרגיה 2,,,אקס אל משקה אנרגיה 2,מיליליטרים,250.00,"100 מ""ל",false,,3.90,0.0156,true,1,103762
6102017501939,false,מצת מהודר,,,מצת מהודר,אין,0.00,יחידה,false,,9.90,0.0000,true,1,163185
6111094000259,false,קוסקוס בינוני דארי 5,,,קוסקוס בינוני דארי 5,גרמים,500.00,100 גרם,false,,8.90,0.0178,true,1,158653
6226621223145,false,גופיה ספגטי,,,גופיה ספגטי,אין,0.00,יחידה,false,,14.90,0.0000,true,1,163187
6912977000140,false,אטריות שעועית ללא גל,,,אטריות שעועית ללא גל,גרמים,250.00,100 גרם,false,,8.90,0.0356,true,1,139217
6925644700038,false,דבק סטייק,,,דבק סטייק,אין,0.00,יחידה,false,,2.00,0.0000,true,1,185829
6951097100200,false,כוס קלאסיק נמוכה 220,,,כוס קלאסיק נמוכה 220,אין,0.00,יחידה,false,,2.70,0.0000,true,1,184331
6951097100323,false,צייסר סטייל בלינק 23,,,צייסר סטייל בלינק 23,אין,0.00,יחידה,false,,2.00,0.0000,true,1,179416
6951097112524,false,מאג אספרסו דייזי בלי,,,מאג אספרסו דייזי בלי,אין,0.00,יחידה,false,,3.50,0.0000,true,1,180902
7046110071519,false,מש.שיניים לילדים לשי,,,מש.שיניים לילדים לשי,מיליליטרים,50.00,"100 מ""ל",false,,13.90,0.2780,true,1,181092
7262626014158,false,בובת רותי מנגנת,,,בובת רותי מנגנת,אין,0.00,יחידה,false,,24.90,0.0000,true,1,122986
7290000000302,false,6יח בקבוק ריק חוזר 5,,,6יח בקבוק ריק חוזר 5,אין,0.00,יחידה,false,,7.20,0.0000,true,1,103725
7290000000494,false,כלי בית,,,כלי בית,אין,0.00,יחידה,false,,15.00,0.0000,true,1,146352
7290000000626,false,ברוקולי ארוז במגשית,,,ברוקולי ארוז במגשית,יח',1.00,יח',false,,8.90,8.9000,true,1,184486
7290000002858,false,פטה עזים גד 5% במשקל,,,פטה עזים גד 5% במשקל,קילוגרמים,1.00,"ק""ג",true,,129.00,129.0000,true,1,107712
7290000003286,false,בלוז דנאבלו מחלבת אר,,,בלוז דנאבלו מחלבת אר,קילוגרמים,1.00,"ק""ג",true,,69.00,69.0000,true,1,177263
7290000003503,false,כנפיים עוף טרי,,,כנפיים עוף טרי,קילוגרמים,1.00,"ק""ג",true,,12.90,12.9000,true,1,117522
7290000004754,false,*מבצע* מוצרלה כדור ק,,,*מבצע* מוצרלה כדור ק,קילוגרמים,1.00,"ק""ג",true,,100.00,100.0000,true,1,107728
7290000004792,false,*מבצע* בולגרית מעודנ,,,*מבצע* בולגרית מעודנ,קילוגרמים,1.00,"ק""ג",true,,65.00,65.0000,true,1,107729
7290000004815,false,*מבצע* מוצרלה גד 22%,,,*מבצע* מוצרלה גד 22%,קילוגרמים,1.00,"ק""ג",true,,85.00,85.0000,true,1,107730
7290000004921,false,ריקוטה גד 5% במשקל,,,ריקוטה גד 5% במשקל,קילוגרמים,1.00,"ק""ג",true,,65.00,65.0000,true,1,107733
7290000004990,false,*מבצע* כדור גדול מוצ,,,*מבצע* כדור גדול מוצ,קילוגרמים,1.00,"ק""ג",true,,100.00,100.0000,true,1,107739
7290000004991,false,מארז תרומה אגרות פתח,,,מארז תרומה אגרות פתח,אין,0.00,יחידה,false,,10.00,0.0000,true,1,182543
7290000006120,false,טאפאס ממולא גב.שמנת,,,טאפאס ממולא גב.שמנת,קילוגרמים,1.00,"ק""ג",true,,157.00,157.0000,true,1,100975
7290000009358,false,כתף בקר טרי,,,כתף בקר טרי,קילוגרמים,1.00,"ק""ג",true,,69.90,69.9000,true,1,186337
7290000011593,false,שזיף,,,שזיף,קילוגרמים,1.00,"ק""ג",true,,29.90,29.9000,true,1,137104
7290000021003,false,עוף טרי שלם,,,עוף טרי שלם,קילוגרמים,1.00,"ק""ג",true,,21.90,21.9000,true,1,117553
7290000024523,false,תירוש של סגל 1 ליטר,,,תירוש של סגל 1 ליטר,ליטר,1.00,ליטר,false,,14.90,14.9000,true,1,103800
7290000032665,false,רוטב עגבניות 28% ברי,,,רוטב עגבניות 28% ברי,גרמים,580.00,100 גרם,false,,5.90,0.0102,true,1,103100
7290000035324,false,בולגרית5%מעו.פיראוס,,,בולגרית5%מעו.פיראוס,קילוגרמים,1.00,"ק""ג",true,,59.00,59.0000,true,1,116915
7290000039235,false,פילה מיניון עגל טרי,,,פילה מיניון עגל טרי,קילוגרמים,1.00,"ק""ג",true,,240.00,240.0000,true,1,97049
7290000040080,false,יופלה אפרסק מאוהב 3%,,,יופלה אפרסק מאוהב 3%,מיליליטרים,150.00,"100 מ""ל",false,,5.20,0.0347,true,1,117000
7290000041858,false,יטבתה שמנת חמוצה 15%,,,יטבתה שמנת חמוצה 15%,"מ""ל",200.00,"מ""ל",false,,2.50,0.0125,true,1,115033
7290000042404,false,יטבתה חלב מועשר שקית,,,יטבתה חלב מועשר שקית,00000000000000000000,0.00,00000000000000000000,false,,5.90,0.0000,true,1,115036
7290000042442,false,חלב תנובה בקרטון רבנ,,,חלב תנובה בקרטון רבנ,ליטר,1.00,ליטר,false,,5.75,5.7500,true,1,117015
7290000042640,false,חלב תנובה עמיד 3% מה,,,חלב תנובה עמיד 3% מה,מיליליטרים,250.00,"100 מ""ל",false,,2.70,0.0108,true,1,117019
7290000043012,false,שוק שוקו עמיד 2% בקר,,,שוק שוקו עמיד 2% בקר,מיליליטרים,250.00,"100 מ""ל",false,,4.60,0.0184,true,1,117022
7290000043890,false,ריויון 1.5% 1ל,,,ריויון 1.5% 1ל,ליטר,1.00,ליטר,false,,12.50,12.5000,true,1,117025
7290000044712,false,פרילי תות 1.5% 500מל,,,פרילי תות 1.5% 500מל,מיליליטרים,500.00,"100 מ""ל",false,,10.90,0.0218,true,1,117029
7290000044880,false,באדי תות 3% 500מל,,,באדי תות 3% 500מל,מיליליטרים,500.00,"100 מ""ל",false,,9.50,0.0190,true,1,117031
7290000045580,false,נעמה גבינת מותכת 25%,,,נעמה גבינת מותכת 25%,גרמים,240.00,100 גרם,false,,18.50,0.0771,true,1,117034
7290000046006,false,עמק 28% במשקל,,,עמק 28% במשקל,קילוגרמים,1.00,"ק""ג",true,,41.30,41.3000,true,1,116920
7290000046020,false,גלבוע 22% במשקל,,,גלבוע 22% במשקל,קילוגרמים,1.00,"ק""ג",true,,39.25,39.2500,true,1,116921
7290000046327,false,גלבוע גבינה פרוסה 22,,,גלבוע גבינה פרוסה 22,גרם,200.00,גרם,false,,13.30,0.0665,true,1,117037
7290000046501,false,טל העמק מעדנייה,,,טל העמק מעדנייה,קילוגרמים,1.00,"ק""ג",true,,58.00,58.0000,true,1,116925
7290000046662,false,סקנד' חריץ מעדניה,,,סקנד' חריץ מעדניה,קילוגרמים,1.00,"ק""ג",true,,75.00,75.0000,true,1,116928
7290000047730,false,סלמון פילה מעושן מצו,,,סלמון פילה מעושן מצו,קילוגרמים,1.00,"ק""ג",true,,195.00,195.0000,true,1,109438
7290000048185,false,גבינה לבנה רכה 5% תנ,,,גבינה לבנה רכה 5% תנ,גרמים,250.00,100 גרם,false,,4.60,0.0184,true,1,117041
7290000048307,false,קוטג תנובה עם זיתים,,,קוטג תנובה עם זיתים,גרם,250.00,גרם,false,,5.90,0.0236,true,1,117043
7290000048437,false,פיראוס צפתית 5% 200,,,פיראוס צפתית 5% 200,גרמים,200.00,100 גרם,false,,14.90,0.0745,true,1,117045
7290000050447,false,יופלהYYY תות 3% 500מ,,,יופלהYYY תות 3% 500מ,מיליליטרים,500.00,"100 מ""ל",false,,13.80,0.0276,true,1,117053
7290000051307,false,חלב תנובה הפ.אוכל עו,,,חלב תנובה הפ.אוכל עו,מיליליטרים,150.00,"100 מ""ל",false,,9.90,0.0660,true,1,117058
7290000051376,false,יופלה דיאט אננס ספור,,,יופלה דיאט אננס ספור,מיליליטרים,150.00,"100 מ""ל",false,,4.70,0.0313,true,1,117060
7290000052311,false,עמק מהדרין 15% 200 ג,,,עמק מהדרין 15% 200 ג,גרמים,200.00,100 גרם,false,,16.20,0.0810,true,1,117066
7290000052717,false,קוטג תנובה עם שום שמ,,,קוטג תנובה עם שום שמ,גרם,250.00,גרם,false,,5.90,0.0236,true,1,117069
7290000053219,false,טל העמק 32% מע.,,,טל העמק 32% מע.,קילוגרמים,1.00,"ק""ג",true,,58.00,58.0000,true,1,116934
7290000056845,false,חלב תנובה בקרטון 3%,,,חלב תנובה בקרטון 3%,ליטר,1.50,ליטר,false,,8.60,5.7333,true,1,117094
7290000058001,false,עצמות עגל חלק טרי,,,עצמות עגל חלק טרי,קילוגרמים,1.00,"ק""ג",true,,24.90,24.9000,true,1,97061
7290000058003,false,צלעות עגל חלק טרי,,,צלעות עגל חלק טרי,קילוגרמים,1.00,"ק""ג",true,,69.90,69.9000,true,1,97063
7290000058006,false,אסדו על עצם עגל חלק,,,אסדו על עצם עגל חלק,קילוגרמים,1.00,"ק""ג",true,,69.90,69.9000,true,1,97066
7290000058007,false,צלי כתף עגל חלק טרי,,,צלי כתף עגל חלק טרי,קילוגרמים,1.00,"ק""ג",true,,94.90,94.9000,true,1,97067
7290000058010,false,פילה מדומה עגל חלק ט,,,פילה מדומה עגל חלק ט,קילוגרמים,1.00,"ק""ג",true,,89.90,89.9000,true,1,97070
7290000058014,false,לשון עגל טרי,,,לשון עגל טרי,קילוגרמים,1.00,"ק""ג",true,,49.90,49.9000,true,1,97074
7290000058018,false,כבד עגל טרי לצליה בל,,,כבד עגל טרי לצליה בל,קילוגרמים,1.00,"ק""ג",true,,24.90,24.9000,true,1,97076
7290000060071,false,חטיפי פריכונים מאורז,,,חטיפי פריכונים מאורז,גרמים,80.00,100 גרם,false,,8.90,0.1113,true,1,111518
7290000060200,false,פתיתים אפויים קוסקוס,,,פתיתים אפויים קוסקוס,גרמים,500.00,100 גרם,false,,7.90,0.0158,true,1,111523
7290000060217,false,פסטה מקרוני אסם 500,,,פסטה מקרוני אסם 500,גרמים,500.00,100 גרם,false,,6.90,0.0138,true,1,111524
7290000060248,false,פסטה תלתלים אסם 500,,,פסטה תלתלים אסם 500,גרמים,500.00,100 גרם,false,,6.90,0.0138,true,1,111525
7290000060408,false,פתיתים אפויים טבעות,,,פתיתים אפויים טבעות,גרמים,500.00,100 גרם,false,,7.90,0.0158,true,1,111531
7290000060415,false,לזאניה פרפקטו 500 ג,,,לזאניה פרפקטו 500 ג,גרמים,500.00,100 גרם,false,,15.40,0.0308,true,1,111532
7290000060576,false,פתיתים אפויים כוכבים,,,פתיתים אפויים כוכבים,גרמים,500.00,100 גרם,false,,7.90,0.0158,true,1,111538
7290000060781,false,פסטה מסולסלים אסם 50,,,פסטה מסולסלים אסם 50,גרמים,500.00,100 גרם,false,,6.90,0.0138,true,1,111539
7290000060828,false,פסטה קרניים בינוניות,,,פסטה קרניים בינוניות,גרמים,500.00,100 גרם,false,,6.90,0.0138,true,1,111540
7290000060842,false,פסטה צדפים גדולים אס,,,פסטה צדפים גדולים אס,גרמים,500.00,100 גרם,false,,6.90,0.0138,true,1,111541
7290000060859,false,פסטה צדפים קטנים אסם,,,פסטה צדפים קטנים אסם,גרמים,500.00,100 גרם,false,,6.90,0.0138,true,1,111542
7290000060903,false,פתיתים אפויים אורז א,,,פתיתים אפויים אורז א,גרמים,500.00,100 גרם,false,,7.90,0.0158,true,1,111545
7290000061214,false,פתיתים קוסקוס בצל אס,,,פתיתים קוסקוס בצל אס,גרמים,500.00,100 גרם,false,,7.90,0.0158,true,1,111553
7290000061245,false,אסם עוגיות שוקוצ'יפס,,,אסם עוגיות שוקוצ'יפס,גרמים,220.00,100 גרם,false,,12.70,0.0577,true,1,111554
7290000061764,false,נס קפה רד מאג טעם חד,,,נס קפה רד מאג טעם חד,גרמים,200.00,100 גרם,false,,20.90,0.1045,true,1,111557
7290000062952,false,מיני קרוטונים למרק ו,,,מיני קרוטונים למרק ו,גרמים,250.00,100 גרם,false,,16.50,0.0660,true,1,111563
7290000063140,false,שקדי מרק רכיבים טבעי,,,שקדי מרק רכיבים טבעי,גרמים,400.00,100 גרם,false,,10.00,0.0250,true,1,111568
7290000064758,false,קוסקוס אמיתי אסם 350,,,קוסקוס אמיתי אסם 350,גרמים,350.00,100 גרם,false,,6.90,0.0197,true,1,111579
7290000064871,false,"מנה חמה פירה תפו""א ו",,,"מנה חמה פירה תפו""א ו",גרמים,56.00,100 גרם,false,,6.90,0.1232,true,1,111580
7290000065335,false,מנה חמה פירה וירקות,,,מנה חמה פירה וירקות,גרמים,55.00,100 גרם,false,,6.90,0.1255,true,1,111583
7290000065557,false,מנה חמה קוסקוס וירקו,,,מנה חמה קוסקוס וירקו,גרמים,84.00,100 גרם,false,,6.90,0.0821,true,1,111585
7290000065977,false,חטיפי פריכונים תירס,,,חטיפי פריכונים תירס,גרמים,80.00,100 גרם,false,,8.90,0.1113,true,1,157931
7290000066141,false,ביסלי גריל 70 גר'.,,,ביסלי גריל 70 גר'.,גרמים,70.00,100 גרם,false,,4.50,0.0643,true,1,111592
7290000066189,false,ביסלי גדול פלאפל 200,,,ביסלי גדול פלאפל 200,גרמים,200.00,100 גרם,false,,7.90,0.0395,true,1,111596
7290000066196,false,ביסלי גריל 200גרם,,,ביסלי גריל 200גרם,גרמים,200.00,100 גרם,false,,7.90,0.0395,true,1,111597
7290000066226,false,ביסלי טעם פיצה 200גר,,,ביסלי טעם פיצה 200גר,גרמים,200.00,100 גרם,false,,7.90,0.0395,true,1,111600
7290000066295,false,במבה מתוקה מחומרים ט,,,במבה מתוקה מחומרים ט,גרמים,30.00,100 גרם,false,,2.90,0.0967,true,1,111602
7290000066318,false,במבה קלאסי 40*80גרם,,,במבה קלאסי 40*80גרם,גרם,80.00,גרם,false,,4.90,0.0613,true,1,111604
7290000066332,false,אפרופו 50 גרם,,,אפרופו 50 גרם,גרמים,50.00,100 גרם,false,,5.80,0.1160,true,1,111605
7290000066349,false,אפרופו 100גרם,,,אפרופו 100גרם,גרמים,100.00,100 גרם,false,,9.30,0.0930,true,1,111606
7290000066431,false,פופקו חמאה ודבש 80גר,,,פופקו חמאה ודבש 80גר,גרמים,80.00,100 גרם,false,,5.90,0.0738,true,1,111607
7290000067599,false,מנה חמה ספגטי בולונז,,,מנה חמה ספגטי בולונז,גרמים,65.00,100 גרם,false,,6.90,0.1062,true,1,111620
7290000067742,false,אסם אינסטנט פודינג ו,,,אסם אינסטנט פודינג ו,גרמים,80.00,100 גרם,false,,6.50,0.0813,true,1,111623
7290000068138,false,אסם פודינג אינסטנט ו,,,אסם פודינג אינסטנט ו,גרמים,80.00,100 גרם,false,,6.50,0.0813,true,1,111626
7290000068332,false,*מבצע* קממבר בקר משו,,,*מבצע* קממבר בקר משו,קילוגרמים,1.00,"ק""ג",true,,120.00,120.0000,true,1,107759
7290000068701,false,שקדי מרק במיכל אסם 4,,,שקדי מרק במיכל אסם 4,גרמים,400.00,100 גרם,false,,16.90,0.0422,true,1,111637
7290000068770,false,במבה יום הולדת 40*80,,,במבה יום הולדת 40*80,גרם,80.00,גרם,false,,4.90,0.0613,true,1,111638
7290000070919,false,בייגלה אסם רשתות מלח,,,בייגלה אסם רשתות מלח,גרמים,400.00,100 גרם,false,,14.90,0.0373,true,1,111664
7290000072241,false,אסם רוטב פיצה 290מל,,,אסם רוטב פיצה 290מל,מיליליטרים,290.00,"100 מ""ל",false,,10.00,0.0345,true,1,111670
7290000072623,false,אסם קטשופ בקבוק לחיץ,,,אסם קטשופ בקבוק לחיץ,גרמים,750.00,100 גרם,false,,10.90,0.0145,true,1,111672
7290000072753,false,נס קפה טייסטרס צ'ויס,,,נס קפה טייסטרס צ'ויס,גרמים,200.00,100 גרם,false,,32.90,0.1645,true,1,111675
7290000073125,false,מנה חמה פסטה עם עגבנ,,,מנה חמה פסטה עם עגבנ,גרמים,62.00,100 גרם,false,,6.90,0.1113,true,1,111684
7290000073699,false,צבר חומוס חלק 150ג,,,צבר חומוס חלק 150ג,גרמים,150.00,100 גרם,false,,5.70,0.0380,true,1,112422
7290000073750,false,מנה חמה נודלס בטעם ע,,,מנה חמה נודלס בטעם ע,גרמים,70.00,100 גרם,false,,6.90,0.0986,true,1,111687
7290000073767,false,מנה חמה נודלס בטעם ב,,,מנה חמה נודלס בטעם ב,גרמים,70.00,100 גרם,false,,6.90,0.0986,true,1,111688
7290000073774,false,מנה חמה נודלס בטעם פ,,,מנה חמה נודלס בטעם פ,גרמים,70.00,100 גרם,false,,6.90,0.0986,true,1,157940
7290000074153,false,אסם פתי בר שוקו 500ג,,,אסם פתי בר שוקו 500ג,גרמים,500.00,100 גרם,false,,14.90,0.0298,true,1,111693
7290000074184,false,אסם פתי בר 500גרם.,,,אסם פתי בר 500גרם.,גרמים,500.00,100 גרם,false,,14.90,0.0298,true,1,111695
7290000074252,false,אסם קרקר שומשום 250ג,,,אסם קרקר שומשום 250ג,גרמים,250.00,100 גרם,false,,10.90,0.0436,true,1,111697
7290000074375,false,אסם קרקר זהב 150גרם,,,אסם קרקר זהב 150גרם,גרמים,150.00,100 גרם,false,,8.10,0.0540,true,1,111701
7290000074696,false,אסם קרם קרקר 1קג,,,אסם קרם קרקר 1קג,אלף,1.00,"ק""ג",false,,24.90,24.9000,true,1,111705
7290000074764,false,קרקר זהב אסם 900 גרם,,,קרקר זהב אסם 900 גרם,גרמים,900.00,100 גרם,false,,24.90,0.0277,true,1,111709
7290000075693,false,עוגת שמרים בריוש שוק,,,עוגת שמרים בריוש שוק,גרמים,360.00,100 גרם,false,,19.00,0.0528,true,1,111714
7290000076126,false,אסם בייגלה שמיניות ק,,,אסם בייגלה שמיניות ק,גרמים,80.00,100 גרם,false,,3.50,0.0438,true,1,111715
7290000078762,false,חטיפי פריכונים אורז,,,חטיפי פריכונים אורז,גרמים,80.00,100 גרם,false,,8.90,0.1113,true,1,111725
7290000079412,false,אמנטל נעם מהדרין במש,,,אמנטל נעם מהדרין במש,קילוגרמים,1.00,"ק""ג",true,,67.00,67.0000,true,1,101106
7290000079634,false,"גליל קשקבל 2 ק""ג מעד",,,"גליל קשקבל 2 ק""ג מעד",קילוגרמים,1.00,"ק""ג",true,,95.00,95.0000,true,1,184264
7290000085180,false,גטניו - פתיבר וניל 4,,,גטניו - פתיבר וניל 4,גרמים,470.00,100 גרם,false,,9.90,0.0211,true,1,160082
7290000095415,false,נעם 9% חריץ מעדניה-,,,נעם 9% חריץ מעדניה-,קילוגרמים,1.00,"ק""ג",true,,77.00,77.0000,true,1,101110
7290000095422,false,גבינת נועם 22% חריץ,,,גבינת נועם 22% חריץ,קילוגרמים,1.00,"ק""ג",true,,41.30,41.3000,true,1,101111
7290000101941,false,אננס מוקפא 300 גרם,,,אננס מוקפא 300 גרם,גרמים,300.00,100 גרם,false,,17.90,0.0597,true,1,178025
7290000103433,false,לקט ירקות לתנור 800,,,לקט ירקות לתנור 800,גרמים,800.00,100 גרם,false,,24.90,0.0311,true,1,116780
7290000104225,false,בצל קצוץ סנפרוסט 600,,,בצל קצוץ סנפרוסט 600,גרמים,600.00,100 גרם,false,,19.90,0.0332,true,1,116816
7290000104706,false,גזר גמדי 800 גרם,,,גזר גמדי 800 גרם,גרמים,800.00,100 גרם,false,,18.90,0.0236,true,1,116821
7290000104737,false,שעועית צהובה חתוכה 8,,,שעועית צהובה חתוכה 8,גרמים,800.00,100 גרם,false,,20.90,0.0261,true,1,116824
7290000104744,false,כרובית 800גר,,,כרובית 800גר,גרמים,800.00,100 גרם,false,,26.90,0.0336,true,1,116825
7290000104799,false,שעועית לבנה מבושלת 8,,,שעועית לבנה מבושלת 8,גרמים,800.00,100 גרם,false,,20.90,0.0261,true,1,116829
7290000104836,false,שעועית עדינה שלמה 60,,,שעועית עדינה שלמה 60,גרם,600.00,גרם,false,,25.90,0.0432,true,1,116832
7290000104874,false,לקט קוסקוס 800גר,,,לקט קוסקוס 800גר,גרמים,800.00,100 גרם,false,,24.90,0.0311,true,1,116834
7290000104911,false,לקט נורמנדי 800גר,,,לקט נורמנדי 800גר,גרמים,800.00,100 גרם,false,,23.90,0.0299,true,1,116837
7290000107295,false,תפרחות ברוקולי 800ג,,,תפרחות ברוקולי 800ג,גרמים,800.00,100 גרם,false,,27.90,0.0349,true,1,116843
7290000107316,false,טבורוג 5% צוריאלמעדנ,,,טבורוג 5% צוריאלמעדנ,קילוגרמים,1.00,"ק""ג",true,,48.00,48.0000,true,1,101117
7290000110844,false,חטיף כיפלי גריל 70 ג,,,חטיף כיפלי גריל 70 ג,גרמים,70.00,100 גרם,false,,5.90,0.0843,true,1,104433
7290000111063,false,מיונז אמיתי 250 ג צנ,,,מיונז אמיתי 250 ג צנ,גרמים,250.00,100 גרם,false,,8.90,0.0356,true,1,104435
7290000111186,false,מיונז אמיתי תלמה 500,,,מיונז אמיתי תלמה 500,גרמים,500.00,100 גרם,false,,10.40,0.0208,true,1,104438
7290000111353,false,מיונז 1 קג,,,מיונז 1 קג,אלף,1.00,"ק""ג",false,,18.90,18.9000,true,1,104440
7290000111360,false,חרדל אמיתי 250 גר.מי,,,חרדל אמיתי 250 גר.מי,גרם,250.00,גרם,false,,7.90,0.0316,true,1,153038
7290000111384,false,חרדל אמיתי תלמה 550,,,חרדל אמיתי תלמה 550,גרמים,550.00,100 גרם,false,,12.90,0.0235,true,1,104442
7290000112220,false,בארכה טחינה 100% שומ,,,בארכה טחינה 100% שומ,גרמים,500.00,100 גרם,false,,10.90,0.0218,true,1,111732
7290000112619,false,מרק עוף אמיתי לתיבול,,,מרק עוף אמיתי לתיבול,גרמים,400.00,100 גרם,false,,19.90,0.0497,true,1,104447
7290000117720,false,מרק נמס בכוס פטריות,,,מרק נמס בכוס פטריות,גרמים,43.00,100 גרם,false,,7.30,0.1698,true,1,157094
7290000121154,false,מון בלאן סלמון 7% 12,,,מון בלאן סלמון 7% 12,גרמים,120.00,100 גרם,false,,12.90,0.1075,true,1,109880
7290000122607,false,עמק לייט 9% חריץ כשר,,,עמק לייט 9% חריץ כשר,קילוגרמים,1.00,"ק""ג",true,,72.00,72.0000,true,1,116946
7290000124841,false,ורד הגליל שוק.חלב 3*,,,ורד הגליל שוק.חלב 3*,גרמים,300.00,100 גרם,false,,16.90,0.0563,true,1,104497
7290000133087,false,בולג.צאן סופיה 20% ש,,,בולג.צאן סופיה 20% ש,קילוגרמים,1.00,"ק""ג",true,,91.00,91.0000,true,1,107868
7290000134871,false,טעם וריח ת. פלפל שחו,,,טעם וריח ת. פלפל שחו,גרם,100.00,גרם,false,,16.90,0.1690,true,1,133805
7290000134987,false,טעם וריח פלפל שחור ג,,,טעם וריח פלפל שחור ג,גרמים,90.00,100 גרם,false,,16.90,0.1878,true,1,133807
7290000135045,false,אקס אל TEN פחית תפוח,,,אקס אל TEN פחית תפוח,מיליליטרים,250.00,"100 מ""ל",false,,4.90,0.0196,true,1,182898
7290000135052,false,אקס אל TEN פחית מנגו,,,אקס אל TEN פחית מנגו,מיליליטרים,250.00,"100 מ""ל",false,,4.90,0.0196,true,1,183616
7290000135068,false,חזה עוף פרוס (שניצל),,,חזה עוף פרוס (שניצל),קילוגרמים,1.00,"ק""ג",true,,34.90,34.9000,true,1,182653
7290000135113,false,פחית XL TEN נענע ליי,,,פחית XL TEN נענע ליי,מיליליטרים,250.00,"100 מ""ל",false,,4.90,0.0196,true,1,181708
7290000136455,false,ג`אמפ אשכול 1.5 ליטר,,,ג`אמפ אשכול 1.5 ליטר,ליטר,1.50,ליטר,false,,8.90,5.9333,true,1,181096
7290000136523,false,ג`אמפ ענבים 1.5 ליטר,,,ג`אמפ ענבים 1.5 ליטר,ליטר,1.50,ליטר,false,,8.90,5.9333,true,1,185149
7290000136561,false,ג`אמפ תות בננה 1.5 ל,,,ג`אמפ תות בננה 1.5 ל,ליטר,1.50,ליטר,false,,8.90,5.9333,true,1,184303
7290000136646,false,נשר מאלט 1.5 ליטר,,,נשר מאלט 1.5 ליטר,ליטר,1.50,ליטר,false,,9.90,6.6000,true,1,184457
7290000136653,false,נשר מאלט דיאט 1.5 לי,,,נשר מאלט דיאט 1.5 לי,ליטר,1.50,ליטר,false,,9.90,6.6000,true,1,183501
7290000136684,false,פפסי מקס 1.5 ליטר,,,פפסי מקס 1.5 ליטר,ליטר,1.50,ליטר,false,,8.10,5.4000,true,1,182603
7290000136752,false,סבן אפ דיאט 6*1.5 לי,,,סבן אפ דיאט 6*1.5 לי,ליטר,9.00,ליטר,false,,39.90,4.4333,true,1,178256
7290000136868,false,מים סאן בנדטו 6* 1.5,,,מים סאן בנדטו 6* 1.5,ליטר,9.00,ליטר,false,,19.90,2.2111,true,1,186231
7290000136875,false,סאן בנדטו מים מינרלי,,,סאן בנדטו מים מינרלי,ליטר,9.00,ליטר,false,,19.90,2.2111,true,1,186232
7290000136912,false,טמפו סודה פירות יער,,,טמפו סודה פירות יער,ליטר,1.50,ליטר,false,,4.80,3.2000,true,1,180941
7290000139104,false,שלווה אשבול 230 גרם,,,שלווה אשבול 230 גרם,גרמים,230.00,100 גרם,false,,9.90,0.0430,true,1,155906
7290000139227,false,דגן לבן משפחתי אשבול,,,דגן לבן משפחתי אשבול,גרמים,150.00,100 גרם,false,,9.90,0.0660,true,1,155911
7290000139234,false,דגן תפוח שלווה בטעם,,,דגן תפוח שלווה בטעם,גרמים,150.00,100 גרם,false,,9.90,0.0660,true,1,155912
7290000139258,false,שלווה טבע סוכר אשבול,,,שלווה טבע סוכר אשבול,גרמים,200.00,100 גרם,false,,9.90,0.0495,true,1,155914
7290000144474,false,שמן קנולה בריאות עץ,,,שמן קנולה בריאות עץ,ליטר,1.00,ליטר,false,,15.90,15.9000,true,1,121256
7290000146652,false,סבון מוצק ורוד הוואי,,,סבון מוצק ורוד הוואי,גרמים,400.00,100 גרם,false,,12.90,0.0323,true,1,102589
7290000146669,false,סבון מוצק שמיים כחול,,,סבון מוצק שמיים כחול,גרמים,400.00,100 גרם,false,,12.90,0.0323,true,1,102590
7290000146676,false,סבון מוצק לגבר הוואי,,,סבון מוצק לגבר הוואי,גרמים,400.00,100 גרם,false,,12.90,0.0323,true,1,102591
7290000148380,false,פיסטוק קלוי 200 גרם,,,פיסטוק קלוי 200 גרם,גרמים,200.00,100 גרם,false,,21.90,0.1095,true,1,106596
7290000158105,false,עוף טוב שניצל עוף מי,,,עוף טוב שניצל עוף מי,גרמים,700.00,100 גרם,false,,40.90,0.0584,true,1,112468
7290000175760,false,מנציגו כבשים ויליפו,,,מנציגו כבשים ויליפו,קילוגרמים,1.00,"ק""ג",true,,114.00,114.0000,true,1,98039
7290000175777,false,*מבצע* איבריקו וילי,,,*מבצע* איבריקו וילי,קילוגרמים,1.00,"ק""ג",true,,113.00,113.0000,true,1,98040
7290000176413,false,עלית נמס 50 גר',,,עלית נמס 50 גר',גרמים,50.00,100 גרם,false,,10.90,0.2180,true,1,114295
7290000176468,false,האג קפה נטול קפאין 5,,,האג קפה נטול קפאין 5,גרמים,50.00,100 גרם,false,,10.90,0.2180,true,1,114297
7290000178707,false,תפוציפס טבעי 50 גרם,,,תפוציפס טבעי 50 גרם,גרמים,50.00,100 גרם,false,,4.30,0.0860,true,1,115634
7290000178721,false,תפוציפס טבעי 200 גרם,,,תפוציפס טבעי 200 גרם,גרמים,200.00,100 גרם,false,,8.90,0.0445,true,1,115636
7290000185224,false,סילאן בקבוק לחיץ תמר,,,סילאן בקבוק לחיץ תמר,גרמים,650.00,100 גרם,false,,14.90,0.0229,true,1,137258
7290000187860,false,לילי נייר טואלט לח ד,,,לילי נייר טואלט לח ד,אין,0.00,יחידה,false,,7.90,0.0000,true,1,103314
7290000187921,false,"נייר טואלט ""לילי"" לב",,,"נייר טואלט ""לילי"" לב",מטרים,588.00,מטר,false,,34.90,0.0594,true,1,103317
7290000187938,false,"נייר טואלט ""לילי"" פס",,,"נייר טואלט ""לילי"" פס",מטרים,588.00,מטר,false,,36.90,0.0628,true,1,103318
7290000188270,false,קליניקס ממחטות אף או,,,קליניקס ממחטות אף או,אין,0.00,יחידה,false,,18.90,0.0000,true,1,103322
7290000188355,false,מגבות מטבח ניקול לבנ,,,מגבות מטבח ניקול לבנ,מטרים,65.00,מטר,false,,12.90,0.1985,true,1,103323
7290000189116,false,ניקול תבניות עגולות,,,ניקול תבניות עגולות,00000000000000000000,0.00,00000000000000000000,false,,12.90,0.0000,true,1,103336
7290000189260,false,ניקול תבניות מלבניות,,,ניקול תבניות מלבניות,00000000000000000000,0.00,00000000000000000000,false,,12.90,0.0000,true,1,103342
7290000189277,false,ניקול תבניות מלבניות,,,ניקול תבניות מלבניות,אין,0.00,יחידה,false,,12.90,0.0000,true,1,103343
7290000189482,false,ניקול תבנית אפייה מק,,,ניקול תבנית אפייה מק,00000000000000000000,0.00,00000000000000000000,false,,10.90,0.0000,true,1,103346
7290000189499,false,ניקול תבנית אפייה מק,,,ניקול תבנית אפייה מק,אין,0.00,יחידה,false,,10.90,0.0000,true,1,103347
7290000189598,false,מטליות לחות חד פעמיו,,,מטליות לחות חד פעמיו,אין,0.00,יחידה,false,,12.90,0.0000,true,1,103351
7290000191469,false,לחם אחיד 750 גרם,,,לחם אחיד 750 גרם,גרמים,750.00,100 גרם,false,,5.10,0.0068,true,1,179386
7290000191539,false,לילי צבעוני חמישיה-9,,,לילי צבעוני חמישיה-9,אין,0.00,יחידה,false,,13.90,0.0000,true,1,103380
7290000191652,false,קלינקס קלאסיק ניילון,,,קלינקס קלאסיק ניילון,אין,0.00,יחידה,false,,12.90,0.0000,true,1,103385
7290000192581,false,מגבת כפולה ניקול 6=1,,,מגבת כפולה ניקול 6=1,מטרים,129.70,מטר,false,,19.90,0.1534,true,1,165187
7290000193472,false,מגן תחתון נטורל נורמ,,,מגן תחתון נטורל נורמ,אין,0.00,יחידה,false,,18.50,0.0000,true,1,103396
7290000193540,false,מגן תחתון נטורל לונג,,,מגן תחתון נטורל לונג,אין,0.00,יחידה,false,,18.50,0.0000,true,1,103398
7290000194837,false,ניקול שקיות מזון עם,,,ניקול שקיות מזון עם,אין,0.00,יחידה,false,,13.90,0.0000,true,1,103413
7290000195216,false,ניקול נייר אפייה בשק,,,ניקול נייר אפייה בשק,אין,0.00,יחידה,false,,11.90,0.0000,true,1,103420
7290000195537,false,*מבצע* מארז מגבוני ה,,,*מבצע* מארז מגבוני ה,00000000000000000000,0.00,00000000000000000000,false,,19.90,0.0000,true,1,103426
7290000195773,false,*מבצע* האגיס נטורל מ,,,*מבצע* האגיס נטורל מ,00000000000000000000,0.00,00000000000000000000,false,,19.90,0.0000,true,1,103430
7290000197326,false,ניקול רדיד אלומיניום,,,ניקול רדיד אלומיניום,מטרים,15.00,מטר,false,,12.90,0.8600,true,1,103449
7290000197548,false,האגיס פרידום דריי של,,,האגיס פרידום דריי של,אין,0.00,יחידה,false,,45.90,0.0000,true,1,103460
7290000197678,false,האגיס פרידום דריי ש,,,האגיס פרידום דריי ש,אין,0.00,יחידה,false,,45.90,0.0000,true,1,103462
7290000197883,false,ניקול תבניות אלומיני,,,ניקול תבניות אלומיני,אין,0.00,יחידה,false,,10.90,0.0000,true,1,103467
7290000197951,false,ניקול תבנית אלומיניו,,,ניקול תבנית אלומיניו,אין,0.00,יחידה,false,,10.90,0.0000,true,1,103468
7290000197999,false,ניקול רדיד אלומיניום,,,ניקול רדיד אלומיניום,מטרים,15.00,מטר,false,,17.90,1.1933,true,1,103470
7290000204215,false,ניקול כריות יפניות 6,,,ניקול כריות יפניות 6,00000000000000000000,0.00,00000000000000000000,false,,12.90,0.0000,true,1,103500
7290000204253,false,מטלית רב שימושית תשע,,,מטלית רב שימושית תשע,00000000000000000000,0.00,00000000000000000000,false,,11.90,0.0000,true,1,103502
7290000204611,false,ניקול ספוגית הקסם*6,,,ניקול ספוגית הקסם*6,אין,0.00,יחידה,false,,12.90,0.0000,true,1,103505
7290000207063,false,רוטב עגבניות פריכוז,,,רוטב עגבניות פריכוז,גרמים,240.00,100 גרם,false,,4.50,0.0188,true,1,103102
7290000208022,false,עגבניות מרוסקות יכין,,,עגבניות מרוסקות יכין,גרמים,800.00,100 גרם,false,,7.90,0.0099,true,1,103109
7290000208077,false,אפונת גינה גדולה L י,,,אפונת גינה גדולה L י,גרמים,335.00,100 גרם,false,,7.80,0.0233,true,1,103111
7290000208114,false,אפונת גינה וגזר יכין,,,אפונת גינה וגזר יכין,גרמים,330.00,100 גרם,false,,7.80,0.0236,true,1,103114
7290000208213,false,שעועית לבנה ברוטב עג,,,שעועית לבנה ברוטב עג,גרמים,355.00,100 גרם,false,,7.80,0.0220,true,1,103119
7290000208312,false,גרעיני תירס מתוק יכי,,,גרעיני תירס מתוק יכי,גרמים,400.00,100 גרם,false,,5.10,0.0127,true,1,103124
7290000208336,false,רוטב עגבניות יכין 24,,,רוטב עגבניות יכין 24,גרמים,240.00,100 גרם,false,,4.60,0.0192,true,1,103126
7290000208428,false,חומוס שלם יכין 550 ג,,,חומוס שלם יכין 550 ג,גרמים,290.00,100 גרם,false,,6.40,0.0221,true,1,103131
7290000208800,false,תירס קיד מתוק יכין 4,,,תירס קיד מתוק יכין 4,גרמים,400.00,100 גרם,false,,5.10,0.0127,true,1,103138
7290000208893,false,תירס לייט יכין 400 ג,,,תירס לייט יכין 400 ג,גרמים,400.00,100 גרם,false,,5.10,0.0127,true,1,103140
7290000209371,false,תירס שלישיה יכין 3*1,,,תירס שלישיה יכין 3*1,גרמים,495.00,100 גרם,false,,9.90,0.0200,true,1,103155
7290000209708,false,עגבניות מרוסקות בזיל,,,עגבניות מרוסקות בזיל,גרמים,260.00,100 גרם,false,,5.60,0.0215,true,1,103165
7290000209944,false,רוטב לעגבניות לשקשוק,,,רוטב לעגבניות לשקשוק,גרמים,260.00,100 גרם,false,,5.60,0.0215,true,1,103170
7290000211145,false,סיימן גבינת גאודה במ,,,סיימן גבינת גאודה במ,קילוגרמים,1.00,"ק""ג",true,,119.00,119.0000,true,1,161347
7290000211442,false,סוגת אורז פרסי קלאסי,,,סוגת אורז פרסי קלאסי,אלף,1.00,"ק""ג",false,,9.90,9.9000,true,1,110379
7290000211503,false,"סוכר סוגת לבן 1 ק""ג",,,"סוכר סוגת לבן 1 ק""ג",אלף,1.00,"ק""ג",false,,4.50,4.5000,true,1,110380
7290000211626,false,"אורז חיש 1 ק""ג",,,"אורז חיש 1 ק""ג",אלף,1.00,"ק""ג",false,,11.90,11.9000,true,1,110381
7290000211985,false,סוגת אורז עגול 1קג,,,סוגת אורז עגול 1קג,אלף,1.00,"ק""ג",false,,10.90,10.9000,true,1,110383
7290000225278,false,סיימן מסוג דנבלו 27%,,,סיימן מסוג דנבלו 27%,קילוגרמים,1.00,"ק""ג",true,,79.00,79.0000,true,1,109504
7290000238029,false,"בצק עלים 1ק""ג",,,"בצק עלים 1ק""ג",אלף,1.00,"ק""ג",false,,24.90,24.9000,true,1,127417
7290000238036,false,מעדנות מלווח 700גר,,,מעדנות מלווח 700גר,גרמים,700.00,100 גרם,false,,18.90,0.0270,true,1,127418
7290000238173,false,בורקס גבינה מעדנות 8,,,בורקס גבינה מעדנות 8,גרמים,800.00,100 גרם,false,,22.90,0.0286,true,1,127419
7290000238180,false,"בורקס תפו""א 800גר",,,"בורקס תפו""א 800גר",גרמים,800.00,100 גרם,false,,21.90,0.0274,true,1,127420
7290000245157,false,מרכך כביסה סוד סנסיי,,,מרכך כביסה סוד סנסיי,ליטר,4.00,ליטר,false,,18.90,4.7250,true,1,126756
7290000245270,false,אבקת כביסה פרסיל סופ,,,אבקת כביסה פרסיל סופ,אלף,1.25,"ק""ג",false,,15.90,12.7200,true,1,126758
7290000245782,false,מרכך כביסה סוד ורוד,,,מרכך כביסה סוד ורוד,ליטר,4.00,ליטר,false,,18.90,4.7250,true,1,126770
7290000245799,false,מרכך כביסה סוד כחול,,,מרכך כביסה סוד כחול,ליטר,4.00,ליטר,false,,18.90,4.7250,true,1,126771
7290000247750,false,שווארמה פרגית קצר קפ,,,שווארמה פרגית קצר קפ,קילוגרמים,1.00,"ק""ג",true,,69.90,69.9000,true,1,184537
7290000247859,false,כבד עוף קפוא ארוז,,,כבד עוף קפוא ארוז,קילוגרמים,1.00,"ק""ג",true,,14.90,14.9000,true,1,183763
7290000253251,false,שוקולד צ'יפס לבן אופ,,,שוקולד צ'יפס לבן אופ,גרמים,250.00,100 גרם,false,,13.90,0.0556,true,1,107295
7290000258255,false,משולש גבינת גאודה 28,,,משולש גבינת גאודה 28,קילוגרמים,1.00,"ק""ג",true,,119.00,119.0000,true,1,185461
7290000258989,false,גבינת קממבר בקר בייב,,,גבינת קממבר בקר בייב,קילוגרמים,1.00,"ק""ג",true,,105.00,105.0000,true,1,185552
7290000262031,false,נייר טואלט מולט לב 3,,,נייר טואלט מולט לב 3,מטרים,563.00,מטר,false,,30.90,0.0549,true,1,103509
7290000264752,false,ניקול רדיד אלומיניום,,,ניקול רדיד אלומיניום,מטרים,15.00,מטר,false,,13.80,0.9200,true,1,103531
7290000286228,false,סנו סושי שישיות כריו,,,סנו סושי שישיות כריו,אין,0.00,יחידה,false,,10.90,0.0000,true,1,121532
7290000288086,false,אבקת ניקוי ג'אוול לי,,,אבקת ניקוי ג'אוול לי,גרמים,600.00,100 גרם,false,,11.50,0.0192,true,1,121571
7290000288727,false,סנו מקסימה מאסק 1.25,,,סנו מקסימה מאסק 1.25,אלף,1.25,"ק""ג",false,,17.90,14.3200,true,1,153142
7290000289601,false,אקונומיקה LEVAJ לבנד,,,אקונומיקה LEVAJ לבנד,ליטר,2.00,ליטר,false,,13.50,6.7500,true,1,174865
7290000295121,false,מטלית זיגזג 3יח,,,מטלית זיגזג 3יח,00000000000000000000,0.00,00000000000000000000,false,,12.90,0.0000,true,1,121627
7290000295336,false,סנו מקסימה סנסיטיב 1,,,סנו מקסימה סנסיטיב 1,אלף,1.25,"ק""ג",false,,17.90,14.3200,true,1,121630
7290000295404,false,שקיות אשפה נשלפות סנ,,,שקיות אשפה נשלפות סנ,אין,0.00,יחידה,false,,23.90,0.0000,true,1,121633
7290000295565,false,רדיד אלומיניום רחב ב,,,רדיד אלומיניום רחב ב,מטרים,15.00,מטר,false,,22.90,1.5267,true,1,121637
7290000300900,false,שניצל תירס טבעול רכי,,,שניצל תירס טבעול רכי,גרמים,750.00,100 גרם,false,,27.90,0.0372,true,1,112487
7290000307220,false,גרעיני תירס מתוק פרי,,,גרעיני תירס מתוק פרי,גרמים,340.00,100 גרם,false,,6.90,0.0203,true,1,102766
7290000313290,false,נודלס אטריות מסולסלו,,,נודלס אטריות מסולסלו,אין,200.00,יחידה,false,,9.90,0.0495,true,1,111745
7290000318127,false,נקניקיות ביס 380 גרם,,,נקניקיות ביס 380 גרם,גרם,380.00,גרם,false,,11.90,0.0313,true,1,108673
7290000318943,false,פסטרמה של פעם 200 גר,,,פסטרמה של פעם 200 גר,גרמים,200.00,100 גרם,false,,23.90,0.1195,true,1,108689
7290000319520,false,סאלמי צרפתי יחיעם 10,,,סאלמי צרפתי יחיעם 10,גרם,100.00,גרם,false,,22.90,0.2290,true,1,108701
7290000327020,false,פפסי פחית צרה טמפו 3,,,פפסי פחית צרה טמפו 3,ליטר,1.98,ליטר,false,,21.90,11.0606,true,1,183268
7290000327075,false,סודה בטעם למון ליים,,,סודה בטעם למון ליים,ליטר,3.00,ליטר,false,,16.90,5.6333,true,1,181710
7290000334684,false,טבעות בצל 700 גרם,,,טבעות בצל 700 גרם,גרמים,700.00,100 גרם,false,,19.90,0.0284,true,1,112501
7290000334745,false,"אמריקאן ציפס 1.5 ק""ג",,,"אמריקאן ציפס 1.5 ק""ג",אלף,1.50,"ק""ג",false,,28.90,19.2667,true,1,112502
7290000339566,false,בדין מרכך כביסה ורוד,,,בדין מרכך כביסה ורוד,ליטר,4.00,ליטר,false,,20.90,5.2250,true,1,104635
7290000345260,false,תה ויסוצקי קלאסיק 25,,,תה ויסוצקי קלאסיק 25,גרם,38.00,גרם,false,,8.80,0.2316,true,1,116092
7290000345536,false,תה נענע 25 שקיות 1.5,,,תה נענע 25 שקיות 1.5,גרמים,37.50,100 גרם,false,,19.90,0.5307,true,1,116097
7290000346199,false,תה פירות יער 25 שקיק,,,תה פירות יער 25 שקיק,גרמים,67.50,100 גרם,false,,21.90,0.3244,true,1,116108
7290000346205,false,תה קמומיל 25 שקיקים,,,תה קמומיל 25 שקיקים,גרמים,37.50,100 גרם,false,,21.90,0.5840,true,1,116109
7290000347738,false,תה ירוק נענע 25 שקיק,,,תה ירוק נענע 25 שקיק,גרם,38.00,גרם,false,,26.90,0.7079,true,1,116115
7290000347752,false,תה ירוק לימונית ולוא,,,תה ירוק לימונית ולוא,גרם,38.00,גרם,false,,26.90,0.7079,true,1,116116
7290000363899,false,נקניקיות פיקנטיות,,,נקניקיות פיקנטיות,גרמים,400.00,100 גרם,false,,11.90,0.0298,true,1,116690
7290000364292,false,סלסולי פסטרמה גחלים,,,סלסולי פסטרמה גחלים,גרמים,120.00,100 גרם,false,,16.80,0.1400,true,1,116696
7290000364759,false,נקניקיות וינר קרנץ 5,,,נקניקיות וינר קרנץ 5,גרמים,500.00,100 גרם,false,,16.80,0.0336,true,1,116698
7290000364872,false,נקניקיות עוף 400 גרם,,,נקניקיות עוף 400 גרם,גרמים,400.00,100 גרם,false,,15.50,0.0388,true,1,116702
7290000369341,false,לאבנה אבו גוש ניצן מ,,,לאבנה אבו גוש ניצן מ,קילוגרמים,1.00,"ק""ג",true,,58.00,58.0000,true,1,100978
7290000370420,false,*מבצע* גבינת גאודה מ,,,*מבצע* גבינת גאודה מ,קילוגרמים,1.00,"ק""ג",true,,105.00,105.0000,true,1,181525
7290000370789,false,גבינת כבשים עם פטריו,,,גבינת כבשים עם פטריו,קילוגרמים,1.00,"ק""ג",true,,179.00,179.0000,true,1,182032
7290000370925,false,גבינת גאודה עם עשבי,,,גבינת גאודה עם עשבי,קילוגרמים,1.00,"ק""ג",true,,105.00,105.0000,true,1,180169
7290000377209,false,בוטנים מטוגן 200.,,,בוטנים מטוגן 200.,גרמים,200.00,100 גרם,false,,8.90,0.0445,true,1,106601
7290000377452,false,גרעין אבטיח 200 גרם,,,גרעין אבטיח 200 גרם,גרמים,200.00,100 גרם,false,,12.90,0.0645,true,1,106603
7290000382210,false,שקיות גופיה ינות בית,,,שקיות גופיה ינות בית,00000000000000000000,0.00,00000000000000000000,false,,0.10,0.0000,true,1,137217
7290000382227,false,שקיות גופיה מגה בעיר,,,שקיות גופיה מגה בעיר,00000000000000000000,0.00,00000000000000000000,false,,0.10,0.0000,true,1,147717
7290000407700,false,פילה אמנון 5-7 עם עו,,,פילה אמנון 5-7 עם עו,קילוגרמים,1.00,"ק""ג",true,,32.90,32.9000,true,1,184538
7290000407762,false,פילה אמנון ללא עור מ,,,פילה אמנון ללא עור מ,קילוגרמים,1.00,"ק""ג",true,,39.90,39.9000,true,1,184539
7290000408316,false,דנונה טבעי 3% 200מל,,,דנונה טבעי 3% 200מל,מיליליטרים,200.00,"100 מ""ל",false,,3.70,0.0185,true,1,115041
7290000408354,false,דנונה קראנצ' פצפוצים,,,דנונה קראנצ' פצפוצים,מיליליטרים,175.00,"100 מ""ל",false,,4.80,0.0274,true,1,115042
7290000412481,false,מנקה אסלות 1 ליטר 00,,,מנקה אסלות 1 ליטר 00,ליטר,1.00,ליטר,false,,7.90,7.9000,true,1,121645
7290000416021,false,ממרח 500 גר',,,ממרח 500 גר',גרם,500.00,גרם,false,,13.90,0.0278,true,1,120847
7290000420325,false,פופסטאר פופקורן טבעי,,,פופסטאר פופקורן טבעי,גרמים,500.00,100 גרם,false,,17.90,0.0358,true,1,100639
7290000420417,false,גלילונית שקיות אשפה,,,גלילונית שקיות אשפה,אין,0.00,יחידה,false,,18.90,0.0000,true,1,100641
7290000453200,false,בלילה מצוננת פנקייק,,,בלילה מצוננת פנקייק,גרמים,750.00,100 גרם,false,,22.90,0.0305,true,1,185160
7290000453415,false,שמרית בצק עלים מצונן,,,שמרית בצק עלים מצונן,גרמים,300.00,100 גרם,false,,15.90,0.0530,true,1,177267
7290000453798,false,שמרים יבשים אקטיביים,,,שמרים יבשים אקטיביים,גרמים,500.00,100 גרם,false,,13.90,0.0278,true,1,114313
7290000453866,false,נטורינה קוקוס שטראוס,,,נטורינה קוקוס שטראוס,גרמים,200.00,100 גרם,false,,7.50,0.0375,true,1,144803
7290000461047,false,סיימן ברי לה רוסטיק,,,סיימן ברי לה רוסטיק,קילוגרמים,1.00,"ק""ג",true,,150.00,150.0000,true,1,109613
7290000462103,false,סחוג אדום חריף עדין,,,סחוג אדום חריף עדין,גרמים,150.00,100 גרם,false,,8.90,0.0593,true,1,115047
7290000462141,false,סחוג אדום חריף מאוד,,,סחוג אדום חריף מאוד,גרמים,150.00,100 גרם,false,,8.90,0.0593,true,1,115048
7290000462172,false,סחוג ירוק חריף מאוד,,,סחוג ירוק חריף מאוד,גרמים,150.00,100 גרם,false,,8.90,0.0593,true,1,115049
7290000467320,false,צבר חומוס אבו מרוואן,,,צבר חומוס אבו מרוואן,גרמים,400.00,100 גרם,false,,14.90,0.0373,true,1,112514
7290000474090,false,טרה חלב בקרטון 1% 1ל,,,טרה חלב בקרטון 1% 1ל,ליטר,1.00,ליטר,false,,5.40,5.4000,true,1,101161
7290000474502,false,טרה גבינה לבנה 5% 25,,,טרה גבינה לבנה 5% 25,גרמים,250.00,100 גרם,false,,4.60,0.0184,true,1,101170
7290000481029,false,פיתות 10 יחידות בטעם,,,פיתות 10 יחידות בטעם,אלף,1.00,"ק""ג",false,,9.90,9.9000,true,1,176424
7290000481883,false,10 לחמניות דגנית,,,10 לחמניות דגנית,גרמים,750.00,100 גרם,false,,12.90,0.0172,true,1,99428
7290000482019,false,שקיות קוקי רגיל 10יח,,,שקיות קוקי רגיל 10יח,אין,0.00,יחידה,false,,14.90,0.0000,true,1,113688
7290000483139,false,המרשלג חטיף מרציפן ג,,,המרשלג חטיף מרציפן ג,גרמים,100.00,100 גרם,false,,10.90,0.1090,true,1,107297
7290000504049,false,סוכרזית קנקן 1200 טב,,,סוכרזית קנקן 1200 טב,גרמים,984.00,100 גרם,false,,21.90,0.0223,true,1,114322
7290000504278,false,סוכרזית פטנט 700 טבל,,,סוכרזית פטנט 700 טבל,גרמים,574.00,100 גרם,false,,18.90,0.0329,true,1,114325
7290000507383,false,בולגרית 5% פנחס אמית,,,בולגרית 5% פנחס אמית,קילוגרמים,1.00,"ק""ג",true,,80.00,80.0000,true,1,109640
7290000511010,false,*מבצע* פרמז`נו בגלגל,,,*מבצע* פרמז`נו בגלגל,קילוגרמים,1.00,"ק""ג",true,,138.00,138.0000,true,1,98056
7290000511706,false,גבינת גאודה עם כמון,,,גבינת גאודה עם כמון,קילוגרמים,1.00,"ק""ג",true,,90.00,90.0000,true,1,98059
7290000523125,false,מלח ים יבש הארץ 250,,,מלח ים יבש הארץ 250,גרמים,250.00,100 גרם,false,,6.90,0.0276,true,1,116118
7290000523224,false,מלח ים יבש הארץ 500,,,מלח ים יבש הארץ 500,גרמים,500.00,100 גרם,false,,8.50,0.0170,true,1,116119
7290000523521,false,מלח מעושר ביוד הארץ,,,מלח מעושר ביוד הארץ,גרמים,250.00,100 גרם,false,,7.90,0.0316,true,1,153108
7290000530116,false,סלמי מעושן בשן זוגלו,,,סלמי מעושן בשן זוגלו,גרמים,470.00,100 גרם,false,,27.90,0.0594,true,1,130439
7290000530291,false,זוגלובק נקניק מבשר ה,,,זוגלובק נקניק מבשר ה,גרמים,800.00,100 גרם,false,,22.90,0.0286,true,1,130441
7290000530413,false,המבורגר זהב 400גר,,,המבורגר זהב 400גר,גרמים,400.00,100 גרם,false,,22.90,0.0572,true,1,130442
7290000530598,false,וינר 500 גר' טרי,,,וינר 500 גר' טרי,גרם,500.00,גרם,false,,16.90,0.0338,true,1,130446
7290000538709,false,תה מעושן 200 גרם,,,תה מעושן 200 גרם,גרמים,200.00,100 גרם,false,,16.00,0.0800,true,1,130471
7290000540009,false,מדליק פחם שקד ראש גפ,,,מדליק פחם שקד ראש גפ,אין,0.00,יחידה,false,,6.50,0.0000,true,1,180680
7290000552194,false,קישקע קפוא 500 גרם,,,קישקע קפוא 500 גרם,גרמים,500.00,100 גרם,false,,14.90,0.0298,true,1,109887
7290000554457,false,גד צפתית מיני 5% 350,,,גד צפתית מיני 5% 350,גרמים,350.00,100 גרם,false,,22.90,0.0654,true,1,107786
7290000554532,false,גד צפתית מעודנת במלח,,,גד צפתית מעודנת במלח,גרמים,200.00,100 גרם,false,,15.90,0.0795,true,1,107788
7290000554686,false,גד לאבנה בשמן זית וז,,,גד לאבנה בשמן זית וז,גרמים,250.00,100 גרם,false,,14.90,0.0596,true,1,107791
7290000554822,false,גד ריקוטה טבעי 5% 25,,,גד ריקוטה טבעי 5% 25,גרמים,250.00,100 גרם,false,,15.90,0.0636,true,1,107793
7290000554839,false,גד מסקרפונה 40% 250ג,,,גד מסקרפונה 40% 250ג,גרם,250.00,גרם,false,,21.90,0.0876,true,1,107794
7290000561714,false,צנובר 100 גרם,,,צנובר 100 גרם,גרמים,100.00,100 גרם,false,,25.90,0.2590,true,1,96747
7290000571119,false,*מבצע* גאודה טבעי המ,,,*מבצע* גאודה טבעי המ,קילוגרמים,1.00,"ק""ג",true,,109.00,109.0000,true,1,116951
7290000574028,false,לחם אחיד פרוס מועשר,,,לחם אחיד פרוס מועשר,גרמים,750.00,100 גרם,false,,8.90,0.0119,true,1,176427
7290000574035,false,לחם אחיד פרוס דגנית,,,לחם אחיד פרוס דגנית,גרמים,750.00,100 גרם,false,,5.90,0.0079,true,1,99434
7290000574141,false,לחם חיטה מלאה דגנית,,,לחם חיטה מלאה דגנית,גרמים,750.00,100 גרם,false,,13.90,0.0185,true,1,99441
7290000574172,false,לחם קל חיטה מלאה דגנ,,,לחם קל חיטה מלאה דגנ,גרמים,750.00,100 גרם,false,,15.90,0.0212,true,1,99443
7290000574257,false,לחם שחור פרוס קל דגנ,,,לחם שחור פרוס קל דגנ,גרמים,750.00,100 גרם,false,,15.80,0.0211,true,1,99445
7290000574370,false,לחם שיפון אמיתי קל ד,,,לחם שיפון אמיתי קל ד,גרמים,750.00,100 גרם,false,,16.50,0.0220,true,1,99452
7290000578085,false,*מבצע* גבינת מוצרלה,,,*מבצע* גבינת מוצרלה,קילוגרמים,1.00,"ק""ג",true,,58.00,58.0000,true,1,98062
7290000598472,false,מנות פילה סלמון בווא,,,מנות פילה סלמון בווא,קילוגרמים,1.00,"ק""ג",true,,89.90,89.9000,true,1,174487
7290000616421,false,"סטייק טונה בד""ץ חתם",,,"סטייק טונה בד""ץ חתם",קילוגרמים,1.00,"ק""ג",true,,39.90,39.9000,true,1,182097
7290000644783,false,דגי תנובה נתחי פילה,,,דגי תנובה נתחי פילה,קילוגרמים,1.00,"ק""ג",true,,89.90,89.9000,true,1,117499
7290000646299,false,פילה נסיכה 100% דגי,,,פילה נסיכה 100% דגי,קילוגרמים,1.00,"ק""ג",true,,69.90,69.9000,true,1,182166
7290000653815,false,סטייק פרגית טרי כרע,,,סטייק פרגית טרי כרע,קילוגרמים,1.00,"ק""ג",true,,49.90,49.9000,true,1,117605
7290000658926,false,פילה מרלוזה קפוא 100,,,פילה מרלוזה קפוא 100,קילוגרמים,1.00,"ק""ג",true,,32.90,32.9000,true,1,141247
7290000662213,false,נתח פילה סלמון קפוא,,,נתח פילה סלמון קפוא,קילוגרמים,1.00,"ק""ג",true,,89.90,89.9000,true,1,171215
7290000663166,false,פילה הייק דרום אפריק,,,פילה הייק דרום אפריק,קילוגרמים,1.00,"ק""ג",true,,49.90,49.9000,true,1,179870
7290000680185,false,פילה עוף טרי ארוז,,,פילה עוף טרי ארוז,קילוגרמים,1.00,"ק""ג",true,,36.90,36.9000,true,1,165600
7290000688114,false,מי עדן 1.5ל,,,מי עדן 1.5ל,ליטר,2.00,ליטר,false,,5.20,2.6000,true,1,105455
7290000688381,false,מי עדן פקק ספורט 6*5,,,מי עדן פקק ספורט 6*5,ליטר,3.00,ליטר,false,,14.90,4.9667,true,1,105458
7290000688503,false,מי עדן ג'ים 6*750מל,,,מי עדן ג'ים 6*750מל,ליטר,4.50,ליטר,false,,15.90,3.5333,true,1,105461
7290000692746,false,קולגייט הגנה מפני עש,,,קולגייט הגנה מפני עש,מיליליטרים,75.00,"100 מ""ל",false,,8.90,0.1187,true,1,113698
7290000707369,false,עוף טוב כרעיים טרי א,,,עוף טוב כרעיים טרי א,קילוגרמים,1.00,"ק""ג",true,,29.90,29.9000,true,1,111035
7290000707376,false,ירכיים עוף טרי ארוז,,,ירכיים עוף טרי ארוז,קילוגרמים,1.00,"ק""ג",true,,29.90,29.9000,true,1,111036
7290000707383,false,עוף טוב שוקיים טרי א,,,עוף טוב שוקיים טרי א,קילוגרמים,1.00,"ק""ג",true,,34.90,34.9000,true,1,111037
7290000707437,false,כנפיים עוף טרי ארוז,,,כנפיים עוף טרי ארוז,קילוגרמים,1.00,"ק""ג",true,,12.90,12.9000,true,1,111040
7290000714133,false,פילה מדומה עגל פולני,,,פילה מדומה עגל פולני,קילוגרמים,1.00,"ק""ג",true,,79.90,79.9000,true,1,97421
7290000714157,false,כתף פולני עגל חלק טר,,,כתף פולני עגל חלק טר,קילוגרמים,1.00,"ק""ג",true,,79.90,79.9000,true,1,97422
7290000714188,false,אנטריקוט עגל פולני ח,,,אנטריקוט עגל פולני ח,קילוגרמים,1.00,"ק""ג",true,,139.90,139.9000,true,1,97424
7290000714201,false,צלעות עגל פולני חלק,,,צלעות עגל פולני חלק,קילוגרמים,1.00,"ק""ג",true,,69.90,69.9000,true,1,97425
7290000714232,false,אסאדו עגל פולני חלק,,,אסאדו עגל פולני חלק,קילוגרמים,1.00,"ק""ג",true,,59.90,59.9000,true,1,97428
7290000715140,false,צלי כתף עגל פולני חל,,,צלי כתף עגל פולני חל,קילוגרמים,1.00,"ק""ג",true,,99.90,99.9000,true,1,97433
7290000835466,false,שריר הזרוע מס' 8 חלק,,,שריר הזרוע מס' 8 חלק,קילוגרמים,1.00,"ק""ג",true,,34.90,34.9000,true,1,184480
7290000835954,false,פילה אמנון 5-7 בוואק,,,פילה אמנון 5-7 בוואק,קילוגרמים,1.00,"ק""ג",true,,32.90,32.9000,true,1,178616
7290000982393,false,סיימן ברס בלו במשקל,,,סיימן ברס בלו במשקל,קילוגרמים,1.00,"ק""ג",true,,170.00,170.0000,true,1,109741
7290001041161,false,שעועית 1 ק'ג,,,שעועית 1 ק'ג,אלף,1.00,"ק""ג",false,,15.90,15.9000,true,1,107968
7290001045688,false,פרימור מיץ תפוזים 40,,,פרימור מיץ תפוזים 40,מיליליטרים,400.00,"100 מ""ל",false,,7.90,0.0197,true,1,115061
7290001136362,false,תחליב רחצה אלוורה ות,,,תחליב רחצה אלוורה ות,אין,0.00,יחידה,false,,15.90,0.0000,true,1,121650
7290001201589,false,12 ביצים L מ.לסר,,,12 ביצים L מ.לסר,אין,0.00,יחידה,false,,11.30,0.0000,true,1,107187
7290001201596,false,12 ביצים M מ.לסר,,,12 ביצים M מ.לסר,אין,0.00,יחידה,false,,10.40,0.0000,true,1,107188
7290001201824,false,12 ביצים L אורגני מ,,,12 ביצים L אורגני מ,אין,0.00,יחידה,false,,19.90,0.0000,true,1,107196
7290001201862,false,12 ביצים חופש L מ. ל,,,12 ביצים חופש L מ. ל,אין,0.00,יחידה,false,,17.90,0.0000,true,1,107199
7290001246061,false,מרכך פרימיום פנטזי 1,,,מרכך פרימיום פנטזי 1,ליטר,1.00,ליטר,false,,13.90,13.9000,true,1,180239
7290001246528,false,מרכך כביסה מרוכז פרפ,,,מרכך כביסה מרוכז פרפ,ליטר,1.00,ליטר,false,,13.90,13.9000,true,1,176183
7290001247112,false,ספרינג לימונענע קרטו,,,ספרינג לימונענע קרטו,ליטר,1.00,ליטר,false,,5.90,5.9000,true,1,105473
7290001247143,false,ספרינג תפוח קרטונית,,,ספרינג תפוח קרטונית,ליטר,1.00,ליטר,false,,5.90,5.9000,true,1,105476
7290001419618,false,וופל עלמה בלגי שוקו,,,וופל עלמה בלגי שוקו,גרמים,200.00,100 גרם,false,,4.80,0.0240,true,1,159786
7290001591727,false,קבב בקר על מקל טיבון,,,קבב בקר על מקל טיבון,גרמים,500.00,100 גרם,false,,24.90,0.0498,true,1,180827
7290001594865,false,קרלסברג בירה בקבוק 6,,,קרלסברג בירה בקבוק 6,ליטר,1.98,ליטר,false,,44.90,22.6768,true,1,156783
7290001670057,false,.סכום ח.פ.כפיות 100י,,,.סכום ח.פ.כפיות 100י,אין,0.00,יחידה,false,,8.90,0.0000,true,1,102245
7290001710111,false,נקניקיות מרגז,,,נקניקיות מרגז,גרם,500.00,גרם,false,,27.90,0.0558,true,1,105988
7290001791349,false,אקונומיקה ריחנית פסג,,,אקונומיקה ריחנית פסג,ליטר,4.00,ליטר,false,,11.50,2.8750,true,1,121675
7290001867600,false,"תפו""א בייבי פרימיום",,,"תפו""א בייבי פרימיום",קילוגרמים,1.00,"ק""ג",true,,7.90,7.9000,true,1,186146
7290001946121,false,פפריקה מתוקה בשמן בי,,,פפריקה מתוקה בשמן בי,גרמים,400.00,100 גרם,false,,19.90,0.0497,true,1,185471
7290001990117,false,שומשום 100 גרם,,,שומשום 100 גרם,גרמים,100.00,100 גרם,false,,3.90,0.0390,true,1,110387
7290001990261,false,"סוגת חומוס 1 ק""ג",,,"סוגת חומוס 1 ק""ג",אלף,1.00,"ק""ג",false,,15.90,15.9000,true,1,110389
7290001990421,false,"סוגת פופקורן 1 ק""ג",,,"סוגת פופקורן 1 ק""ג",אלף,1.00,"ק""ג",false,,11.90,11.9000,true,1,110395
7290002007487,false,צמר פלדה 100 גר',,,צמר פלדה 100 גר',גרמים,100.00,100 גרם,false,,4.90,0.0490,true,1,102284
7290002007890,false,כוס שתיה קרה 100 יח,,,כוס שתיה קרה 100 יח,אין,0.00,יחידה,false,,5.90,0.0000,true,1,102294
7290002008224,false,קישוט לעוגה גליד.,,,קישוט לעוגה גליד.,גרמים,60.00,100 גרם,false,,6.90,0.1150,true,1,102312
7290002008507,false,נייר אפיה 50יח,,,נייר אפיה 50יח,אין,0.00,יחידה,false,,10.90,0.0000,true,1,102322
7290002008743,false,סוכר וניל 10*10 גרם,,,סוכר וניל 10*10 גרם,גרמים,100.00,100 גרם,false,,2.60,0.0260,true,1,102327
7290002057376,false,מלפפון במלח 13-17 קב,,,מלפפון במלח 13-17 קב,גרמים,560.00,100 גרם,false,,9.90,0.0177,true,1,119074
7290002107491,false,צוריאל גבינת עזים למ,,,צוריאל גבינת עזים למ,גרמים,250.00,100 גרם,false,,15.90,0.0636,true,1,101197
7290002109372,false,בורקס פילו אצבעות בו,,,בורקס פילו אצבעות בו,גרמים,700.00,100 גרם,false,,21.90,0.0313,true,1,157630
7290002111696,false,עגבניות מרוסקות פרי,,,עגבניות מרוסקות פרי,גרמים,800.00,100 גרם,false,,8.60,0.0107,true,1,103188
7290002130567,false,דבש טהור מפרחי בר בצ,,,דבש טהור מפרחי בר בצ,גרמים,350.00,100 גרם,false,,21.90,0.0626,true,1,114342
7290002190516,false,ממרח ריבת חלב קומידה,,,ממרח ריבת חלב קומידה,גרמים,500.00,100 גרם,false,,15.50,0.0310,true,1,116347
7290002253006,false,דורות שום כתוש טרי 2,,,דורות שום כתוש טרי 2,גרמים,200.00,100 גרם,false,,17.90,0.0895,true,1,112516
7290002253198,false,דורות ג'ינג'ר טרי כת,,,דורות ג'ינג'ר טרי כת,גרמים,70.00,100 גרם,false,,12.30,0.1757,true,1,112524
7290002317388,false,צנצנת ירקות בתיבול מ,,,צנצנת ירקות בתיבול מ,קילוגרמים,1.65,"100 ק""ג",false,,33.00,20.0000,true,1,186144
7290002319078,false,שומשום 100ג,,,שומשום 100ג,גרם,100.00,גרם,false,,4.90,0.0490,true,1,108009
7290002319139,false,שעועית מיה 500 גרם,,,שעועית מיה 500 גרם,גרמים,500.00,100 גרם,false,,11.80,0.0236,true,1,108014
7290002319160,false,אפונה יבשה מיה 500 ג,,,אפונה יבשה מיה 500 ג,גרמים,500.00,100 גרם,false,,5.90,0.0118,true,1,108016
7290002319177,false,פופקורן מיה 500 גרם,,,פופקורן מיה 500 גרם,גרמים,500.00,100 גרם,false,,6.90,0.0138,true,1,108017
7290002319184,false,עדשים אדומים מיה 500,,,עדשים אדומים מיה 500,גרמים,500.00,100 גרם,false,,8.40,0.0168,true,1,108018
7290002319191,false,עדשים ירוקים מיה 500,,,עדשים ירוקים מיה 500,גרמים,500.00,100 גרם,false,,7.90,0.0158,true,1,108019
7290002319771,false,תמצית אפיה וניל,,,תמצית אפיה וניל,מיליליטרים,50.00,"100 מ""ל",false,,2.90,0.0580,true,1,108051
7290002327059,false,בצק עלים 1 ק`ג,,,בצק עלים 1 ק`ג,אלף,1.00,"ק""ג",false,,19.90,19.9000,true,1,157638
7290002331162,false,נביעות 1.5 ליטר,,,נביעות 1.5 ליטר,ליטר,1.50,ליטר,false,,3.90,2.6000,true,1,101551
7290002331421,false,נביעות 6*755מל,,,נביעות 6*755מל,ליטר,5.00,ליטר,false,,20.40,4.0800,true,1,101555
7290002331476,false,"נביעות בייבי 320 מ""ל",,,"נביעות בייבי 320 מ""ל",מיליליטרים,320.00,"100 מ""ל",false,,2.80,0.0087,true,1,101556
7290002331483,false,נביעות בייבי 320*6 מ,,,נביעות בייבי 320*6 מ,ליטר,1.92,ליטר,false,,16.90,8.8021,true,1,101557
7290002331490,false,נביעות 1 ליטר,,,נביעות 1 ליטר,ליטר,1.00,ליטר,false,,4.20,4.2000,true,1,101558
7290002360278,false,פומפדור חליטת מנטה 2,,,פומפדור חליטת מנטה 2,גרמים,45.00,100 גרם,false,,10.90,0.2422,true,1,113711
7290002371533,false,טירת צבי סלסולי פסטר,,,טירת צבי סלסולי פסטר,גרמים,120.00,100 גרם,false,,16.80,0.1400,true,1,116708
7290002374312,false,שמן קנולה מילומור 1,,,שמן קנולה מילומור 1,ליטר,1.00,ליטר,false,,8.50,8.5000,true,1,121267
7290002512066,false,ג'חנון אפוי צנעני 65,,,ג'חנון אפוי צנעני 65,גרמים,650.00,100 גרם,false,,19.90,0.0306,true,1,178618
7290002515364,false,קמיל בלו אל סבון 500,,,קמיל בלו אל סבון 500,מיליליטרים,500.00,"100 מ""ל",false,,19.90,0.0398,true,1,121034
7290002517375,false,תבלין בזיליקום בשקית,,,תבלין בזיליקום בשקית,גרמים,30.00,100 גרם,false,,8.90,0.2967,true,1,133820
7290002608516,false,לחם מחמצת מקמח מלא,,,לחם מחמצת מקמח מלא,גרמים,530.00,100 גרם,false,,16.90,0.0319,true,1,176282
7290002627210,false,גפילטע פיש בצנצנת דל,,,גפילטע פיש בצנצנת דל,גרמים,560.00,100 גרם,false,,13.90,0.0248,true,1,177996
7290002628088,false,טחון הודו קפוא 500 ג,,,טחון הודו קפוא 500 ג,גרמים,500.00,100 גרם,false,,11.90,0.0238,true,1,179379
7290002651116,false,"גחנון חמסי 1 ק""ג",,,"גחנון חמסי 1 ק""ג",אלף,1.00,"ק""ג",false,,16.90,16.9000,true,1,106002
7290002661023,false,לחם אחיד ברמן 750 גר,,,לחם אחיד ברמן 750 גר,גרמים,750.00,100 גרם,false,,4.90,0.0065,true,1,160042
7290002703310,false,צנצנת דבש עין חרוד 5,,,צנצנת דבש עין חרוד 5,גרמים,500.00,100 גרם,false,,23.90,0.0478,true,1,139050
7290002703358,false,צנצנת דבש עין חרוד 3,,,צנצנת דבש עין חרוד 3,גרמים,350.00,100 גרם,false,,18.90,0.0540,true,1,139051
7290002703426,false,דבש לחיץ 250 גרם-מכו,,,דבש לחיץ 250 גרם-מכו,גרם,250.00,גרם,false,,13.90,0.0556,true,1,139053
7290002703617,false,סילאן 100% טבעי לחיץ,,,סילאן 100% טבעי לחיץ,גרמים,385.00,100 גרם,false,,13.90,0.0361,true,1,175819
7290002703679,false,סילאן 100% טבעי עין,,,סילאן 100% טבעי עין,גרמים,900.00,100 גרם,false,,21.00,0.0233,true,1,139055
7290002730521,false,צמרונים בקופסא בלונס,,,צמרונים בקופסא בלונס,אין,0.00,יחידה,false,,7.90,0.0000,true,1,113719
7290002730811,false,משחת שיניים גל משפחת,,,משחת שיניים גל משפחת,מיליליטרים,100.00,"100 מ""ל",false,,14.80,0.1480,true,1,113723
7290002730958,false,סבון מוצק ירוק זית פ,,,סבון מוצק ירוק זית פ,גרמים,400.00,100 גרם,false,,17.90,0.0447,true,1,113728
7290002735014,false,ינון מלווח ארוז 800,,,ינון מלווח ארוז 800,גרמים,800.00,100 גרם,false,,14.90,0.0186,true,1,112964
7290002735021,false,ינון גחנון ארוז 750,,,ינון גחנון ארוז 750,גרמים,750.00,100 גרם,false,,14.90,0.0199,true,1,112965
7290002757511,false,דלידג קציצות דג לביש,,,דלידג קציצות דג לביש,גרמים,750.00,100 גרם,false,,31.90,0.0425,true,1,109997
7290002782131,false,דאו' ספריי לאישה פ.ר,,,דאו' ספריי לאישה פ.ר,מיליליטרים,150.00,"100 מ""ל",false,,26.90,0.1793,true,1,111119
7290002787884,false,שלושת האופים מקלות פ,,,שלושת האופים מקלות פ,גרמים,600.00,100 גרם,false,,21.90,0.0365,true,1,157696
7290002824183,false,גבינה לבנה 5% סקי 50,,,גבינה לבנה 5% סקי 50,גרמים,500.00,100 גרם,false,,9.20,0.0184,true,1,115063
7290002824640,false,גבינה 5% סקי 250 גרם,,,גבינה 5% סקי 250 גרם,גרמים,250.00,100 גרם,false,,4.60,0.0184,true,1,115065
7290002868996,false,טרה קוטג מועשר 5% 25,,,טרה קוטג מועשר 5% 25,גרמים,250.00,100 גרם,false,,5.50,0.0220,true,1,101203
7290002871361,false,קרלסברג בירה בק.חוזר,,,קרלסברג בירה בק.חוזר,מיליליטרים,500.00,"100 מ""ל",false,,8.90,0.0178,true,1,101578
7290002881506,false,חמאת בוטנים 510 גרם,,,חמאת בוטנים 510 גרם,גרמים,510.00,100 גרם,false,,10.90,0.0214,true,1,116376
7290002881612,false,לפתן דובדבנים חמוצים,,,לפתן דובדבנים חמוצים,גרמים,700.00,100 גרם,false,,9.90,0.0141,true,1,116382
7290002900566,false,פסטרמה ברביקיו דל שו,,,פסטרמה ברביקיו דל שו,גרמים,360.00,100 גרם,false,,29.90,0.0831,true,1,116713
7290002929635,false,טונה בשמן ויליגר 140,,,טונה בשמן ויליגר 140,גרמים,140.00,100 גרם,false,,6.90,0.0493,true,1,185539
7290002972365,false,קמח תופח ללא צורך בנ,,,קמח תופח ללא צורך בנ,אלף,1.00,"ק""ג",false,,8.90,8.9000,true,1,103681
7290002972426,false,קמח מלא 80% ללא צורך,,,קמח מלא 80% ללא צורך,אלף,1.00,"ק""ג",false,,8.90,8.9000,true,1,156954
7290002987963,false,אחלה חומוס 1קג,,,אחלה חומוס 1קג,אלף,1.00,"ק""ג",false,,15.90,15.9000,true,1,115068
7290003009312,false,בוטן קלוי 200 גרם,,,בוטן קלוי 200 גרם,גרמים,200.00,100 גרם,false,,8.90,0.0445,true,1,106612
7290003009329,false,בוטן אמריקאי מצופה 2,,,בוטן אמריקאי מצופה 2,גרמים,200.00,100 גרם,false,,6.90,0.0345,true,1,157305
7290003009336,false,קבוקים מצופים 200 גר,,,קבוקים מצופים 200 גר,גרמים,200.00,100 גרם,false,,6.90,0.0345,true,1,106614
7290003026036,false,קמיל בלו סנסיטיב מוע,,,קמיל בלו סנסיטיב מוע,אין,0.00,יחידה,false,,21.90,0.0000,true,1,121037
7290003029181,false,יטבתה שוקו בקבוק 1ל,,,יטבתה שוקו בקבוק 1ל,ליטר,1.00,ליטר,false,,12.50,12.5000,true,1,115072
7290003029372,false,יטבתה משקה חלב בננה,,,יטבתה משקה חלב בננה,ליטר,1.00,ליטר,false,,12.50,12.5000,true,1,115075
7290003029433,false,יטבתה שוקו +פקק 250,,,יטבתה שוקו +פקק 250,מיליליטרים,250.00,"100 מ""ל",false,,5.60,0.0224,true,1,115077
7290003029532,false,יטבתה מוקה 1ל,,,יטבתה מוקה 1ל,ליטר,1.00,ליטר,false,,12.50,12.5000,true,1,115079
7290003029792,false,יטבתה מהדרין שוקו שק,,,יטבתה מהדרין שוקו שק,ליטר,1.80,ליטר,false,,20.90,11.6111,true,1,115081
7290003029815,false,חלב מועשר בכד2 ליטר,,,חלב מועשר בכד2 ליטר,ליטר,2.00,ליטר,false,,15.70,7.8500,true,1,115082
7290003029907,false,יטבתה אייס קפה 1ל,,,יטבתה אייס קפה 1ל,ליטר,1.00,ליטר,false,,12.50,12.5000,true,1,115084
7290003054190,false,לחם שיפון 3 דגנים מס,,,לחם שיפון 3 דגנים מס,גרמים,500.00,100 גרם,false,,14.90,0.0298,true,1,156654
7290003072811,false,טירת צבי נקניקיות בר,,,טירת צבי נקניקיות בר,גרמים,320.00,100 גרם,false,,21.90,0.0684,true,1,176161
7290003072835,false,טירת צבי נקניקיות קנ,,,טירת צבי נקניקיות קנ,גרמים,320.00,100 גרם,false,,21.90,0.0684,true,1,182506
7290003072842,false,חזה אווז טירת צבי 10,,,חזה אווז טירת צבי 10,גרמים,100.00,100 גרם,false,,22.90,0.2290,true,1,182629
7290003072859,false,רוסטביף טירת צבי 120,,,רוסטביף טירת צבי 120,גרמים,120.00,100 גרם,false,,22.90,0.1908,true,1,180226
7290003107223,false,"סולת חיטה דגן 1 ק""ג",,,"סולת חיטה דגן 1 ק""ג",אלף,1.00,"ק""ג",false,,5.90,5.9000,true,1,103687
7290003107315,false,"סולת דגן 1 ק""ג",,,"סולת דגן 1 ק""ג",אלף,1.00,"ק""ג",false,,3.90,3.9000,true,1,103690
7290003107346,false,קמח חיטה לבן דגן 1 ק,,,קמח חיטה לבן דגן 1 ק,אלף,1.00,"ק""ג",false,,3.90,3.9000,true,1,103692
7290003107360,false,קמח לבן בהיר ללא בני,,,קמח לבן בהיר ללא בני,אלף,1.00,"ק""ג",false,,9.90,9.9000,true,1,182481
7290003126958,false,צוריאל גבינה גוש טופ,,,צוריאל גבינה גוש טופ,גרמים,300.00,100 גרם,false,,12.90,0.0430,true,1,101210
7290003141159,false,יוגטה מרשמלו 180 גר',,,יוגטה מרשמלו 180 גר',גרמים,180.00,100 גרם,false,,8.90,0.0494,true,1,133360
7290003142422,false,גרעיני חמניה ללא מלח,,,גרעיני חמניה ללא מלח,גרמים,180.00,100 גרם,false,,6.90,0.0383,true,1,106619
7290003143146,false,ממרח תמרים 450 גרם,,,ממרח תמרים 450 גרם,גרמים,450.00,100 גרם,false,,6.90,0.0153,true,1,106627
7290003143276,false,יוגטה מרשמלו מגולגל,,,יוגטה מרשמלו מגולגל,גרמים,180.00,100 גרם,false,,8.90,0.0494,true,1,133365
7290003145782,false,צנובר טבעי 100 גרם,,,צנובר טבעי 100 גרם,גרמים,100.00,100 גרם,false,,26.90,0.2690,true,1,106649
7290003145959,false,אגוז פקאן טבעי 150 ג,,,אגוז פקאן טבעי 150 ג,גרמים,150.00,100 גרם,false,,19.90,0.1327,true,1,106650
7290003220595,false,אורז לסושי 1 ק'ג WOK,,,אורז לסושי 1 ק'ג WOK,אלף,1.00,"ק""ג",false,,14.40,14.4000,true,1,179385
7290003229123,false,א.מ. פסטרמה על גחלים,,,א.מ. פסטרמה על גחלים,גרמים,400.00,100 גרם,false,,29.90,0.0747,true,1,116722
7290003229154,false,א.מ. סלמי קוניאק מוב,,,א.מ. סלמי קוניאק מוב,גרמים,300.00,100 גרם,false,,28.90,0.0963,true,1,116724
7290003229192,false,א.מ. כתף בקר מעושן 4,,,א.מ. כתף בקר מעושן 4,גרמים,400.00,100 גרם,false,,37.90,0.0947,true,1,116726
7290003287215,false,גולש בקר קפוא ארוז 8,,,גולש בקר קפוא ארוז 8,גרמים,800.00,100 גרם,false,,35.90,0.0449,true,1,127123
7290003318100,false,ופל שוקו מנעמים 200,,,ופל שוקו מנעמים 200,גרמים,200.00,100 גרם,false,,4.20,0.0210,true,1,127854
7290003321155,false,דנונה קראנצ' ששבי פק,,,דנונה קראנצ' ששבי פק,מיליליטרים,183.00,"100 מ""ל",false,,4.80,0.0262,true,1,115085
7290003387410,false,מגבונים להסרת איפור,,,מגבונים להסרת איפור,אין,0.00,יחידה,false,,23.90,0.0000,true,1,113731
7290003423909,false,קוקיז אנד קרים 43 גר,,,קוקיז אנד קרים 43 גר,גרמים,43.00,100 גרם,false,,4.90,0.1140,true,1,106404
7290003444009,false,ריזס שוקולד חלב במיל,,,ריזס שוקולד חלב במיל,גרמים,42.00,100 גרם,false,,3.90,0.0929,true,1,106406
7290003450602,false,חרדל אמיתי צהוב בקבו,,,חרדל אמיתי צהוב בקבו,גרמים,255.00,100 גרם,false,,11.90,0.0467,true,1,100263
7290003521760,false,ג'ל לחות אלוורה אולט,,,ג'ל לחות אלוורה אולט,מיליליטרים,200.00,"100 מ""ל",false,,19.90,0.0995,true,1,121056
7290003550753,false,טונה בהירה בשמן פוסי,,,טונה בהירה בשמן פוסי,גרמים,308.00,100 גרם,false,,21.90,0.0711,true,1,110091
7290003570164,false,מינוט שוארמה פרגית 3,,,מינוט שוארמה פרגית 3,גרמים,300.00,100 גרם,false,,26.90,0.0897,true,1,162957
7290003582631,false,סלסלת ג'ודי 26/8.5/6,,,סלסלת ג'ודי 26/8.5/6,אין,0.00,יחידה,false,,2.50,0.0000,true,1,184487
7290003583645,false,חמוצון,,,חמוצון,אין,0.00,יחידה,false,,11.90,0.0000,true,1,179419
7290003643134,false,סוגת סוכר וניל 10 יח,,,סוגת סוכר וניל 10 יח,גרמים,100.00,100 גרם,false,,2.90,0.0290,true,1,110398
7290003643370,false,סוכר מהדרין עדה חרדי,,,סוכר מהדרין עדה חרדי,אלף,1.00,"ק""ג",false,,4.50,4.5000,true,1,110405
7290003643387,false,"סוכר 1 ק""ג בצנצנת",,,"סוכר 1 ק""ג בצנצנת",00000000000000000000,0.00,00000000000000000000,false,,9.90,0.0000,true,1,110406
7290003643646,false,סוכר דמררה בצנצנת חו,,,סוכר דמררה בצנצנת חו,אלף,1.00,"ק""ג",false,,10.00,10.0000,true,1,110407
7290003643707,false,סוגת גריסים 500גר,,,סוגת גריסים 500גר,גרמים,500.00,100 גרם,false,,6.90,0.0138,true,1,110409
7290003643714,false,חומוס 500 גרם,,,חומוס 500 גרם,גרמים,500.00,100 גרם,false,,8.90,0.0178,true,1,110410
7290003643745,false,כוסמת 500 גרם,,,כוסמת 500 גרם,גרמים,500.00,100 גרם,false,,6.90,0.0138,true,1,110412
7290003643783,false,קוקוס 100 גר,,,קוקוס 100 גר,גרמים,100.00,100 גרם,false,,3.90,0.0390,true,1,110416
7290003643806,false,שעועית לבנה 500 גרם,,,שעועית לבנה 500 גרם,גרמים,500.00,100 גרם,false,,9.90,0.0198,true,1,110417
7290003643813,false,שעועית אדומה 500 גרם,,,שעועית אדומה 500 גרם,גרמים,500.00,100 גרם,false,,11.90,0.0238,true,1,110418
7290003681211,false,צנובר מיה 80 גרם,,,צנובר מיה 80 גרם,גרמים,80.00,100 גרם,false,,26.70,0.3337,true,1,108073
7290003681365,false,70 סוכריות קישוט לעו,,,70 סוכריות קישוט לעו,גרמים,70.00,100 גרם,false,,5.90,0.0843,true,1,153065
7290003681716,false,גריסי פנינה 500 גרם,,,גריסי פנינה 500 גרם,גרמים,500.00,100 גרם,false,,6.40,0.0128,true,1,108098
7290003706167,false,בצל ירוק ארוז,,,בצל ירוק ארוז,יח',1.00,יח',false,,6.90,6.9000,true,1,137148
7290003726868,false,טופו חומוס עם עגבניו,,,טופו חומוס עם עגבניו,גרמים,300.00,100 גרם,false,,13.90,0.0463,true,1,178557
7290003726875,false,טופו חומוס עם פסטו 3,,,טופו חומוס עם פסטו 3,גרמים,300.00,100 גרם,false,,13.90,0.0463,true,1,181737
7290003779499,false,ג`ינג`ר יח` 200 גרם,,,ג`ינג`ר יח` 200 גרם,00000000000000000000,0.00,00000000000000000000,false,,9.90,0.0000,true,1,139489
7290003804320,false,תיבוליות שום ופטרוזי,,,תיבוליות שום ופטרוזי,גרמים,72.00,100 גרם,false,,10.90,0.1514,true,1,104676
7290003805501,false,פתית שוודי חסכוני בד,,,פתית שוודי חסכוני בד,גרמים,300.00,100 גרם,false,,17.90,0.0597,true,1,104693
7290003882922,false,עלי גפן ממולאים באור,,,עלי גפן ממולאים באור,גרמים,360.00,100 גרם,false,,9.90,0.0275,true,1,98136
7290003989539,false,EAT GOOD רביולי גבינ,,,EAT GOOD רביולי גבינ,גרמים,400.00,100 גרם,false,,21.90,0.0547,true,1,115088
7290003989553,false,שטראוס טורטליני פטרי,,,שטראוס טורטליני פטרי,גרמים,400.00,100 גרם,false,,21.90,0.0547,true,1,115089
7290004011284,false,ריצ בסיס להכנת קצפת,,,ריצ בסיס להכנת קצפת,מיליליטרים,212.00,"100 מ""ל",false,,8.90,0.0420,true,1,153076
7290004043108,false,M&M עדשי שוקולד 89 ג,,,M&M עדשי שוקולד 89 ג,גרמים,89.00,100 גרם,false,,7.50,0.0843,true,1,132454
7290004063016,false,"מלח שולחן סלית 1 ק""ג",,,"מלח שולחן סלית 1 ק""ג",אלף,1.00,"ק""ג",false,,1.90,1.9000,true,1,108631
7290004063115,false,מלח מטבח גס לבישול כ,,,מלח מטבח גס לבישול כ,אלף,1.00,"ק""ג",false,,1.90,1.9000,true,1,108632
7290004064303,false,מלח אטלנטי בצנצנת הא,,,מלח אטלנטי בצנצנת הא,גרמים,800.00,100 גרם,false,,19.90,0.0249,true,1,178525
7290004064358,false,מלח דק זורם בקלות בק,,,מלח דק זורם בקלות בק,אלף,1.00,"ק""ג",false,,5.50,5.5000,true,1,184869
7290004068011,false,גד יוגורט כבשים 5% 6,,,גד יוגורט כבשים 5% 6,מיליליטרים,600.00,"100 מ""ל",false,,18.90,0.0315,true,1,107797
7290004068028,false,גד משקה צזיקי 2% 500,,,גד משקה צזיקי 2% 500,מיליליטרים,500.00,"100 מ""ל",false,,10.50,0.0210,true,1,153053
7290004068035,false,גד משקה איירן בסגנון,,,גד משקה איירן בסגנון,גרמים,500.00,100 גרם,false,,9.20,0.0184,true,1,153054
7290004121488,false,יופלה דיאט אפרסק 0%,,,יופלה דיאט אפרסק 0%,מיליליטרים,150.00,"100 מ""ל",false,,4.70,0.0313,true,1,117158
7290004121853,false,פיראוס בולגרית בקובי,,,פיראוס בולגרית בקובי,גרמים,200.00,100 גרם,false,,22.90,0.1145,true,1,117162
7290004122119,false,שף לבן פתיתי פרמזן ל,,,שף לבן פתיתי פרמזן ל,גרמים,100.00,100 גרם,false,,12.90,0.1290,true,1,117164
7290004122195,false,גוש חלב פרוס 28% 200,,,גוש חלב פרוס 28% 200,גרמים,200.00,100 גרם,false,,14.50,0.0725,true,1,117165
7290004122270,false,עמק פרוס סגירה חוזרת,,,עמק פרוס סגירה חוזרת,גרמים,200.00,100 גרם,false,,16.40,0.0820,true,1,117166
7290004122348,false,עמק לייט 9% 200ג,,,עמק לייט 9% 200ג,גרמים,200.00,100 גרם,false,,16.90,0.0845,true,1,117167
7290004125370,false,תנובה שמנת מופחתת 9%,,,תנובה שמנת מופחתת 9%,מיליליטרים,200.00,"100 מ""ל",false,,3.70,0.0185,true,1,117180
7290004125509,false,תנובה שמנת חצי מנה 1,,,תנובה שמנת חצי מנה 1,מיליליטרים,100.00,"100 מ""ל",false,,1.80,0.0180,true,1,117185
7290004125578,false,סויה תנובה מועשר 1ל,,,סויה תנובה מועשר 1ל,00000000000000000000,0.00,00000000000000000000,false,,11.90,0.0000,true,1,117186
7290004125585,false,סויה תנובה משקה סויה,,,סויה תנובה משקה סויה,00000000000000000000,0.00,00000000000000000000,false,,11.90,0.0000,true,1,117187
7290004125721,false,שף לבן שמנת לבישול 1,,,שף לבן שמנת לבישול 1,"מ""ל",250.00,"מ""ל",false,,8.50,0.0340,true,1,117189
7290004125776,false,עמק גבינה קשה פרוסה,,,עמק גבינה קשה פרוסה,גרמים,400.00,100 גרם,false,,29.90,0.0747,true,1,117191
7290004126674,false,עמק טל לייט 9% 200ג,,,עמק טל לייט 9% 200ג,גרם,200.00,גרם,false,,18.90,0.0945,true,1,117193
7290004126872,false,משקאות חלב תנובה שוק,,,משקאות חלב תנובה שוק,מיליליטרים,250.00,"100 מ""ל",false,,5.90,0.0236,true,1,117195
7290004127329,false,קוטג' 5% תנובה מהדרי,,,קוטג' 5% תנובה מהדרי,גרמים,250.00,100 גרם,false,,5.70,0.0228,true,1,117197
7290004127336,false,קוטג' תנובה מהדרין 9,,,קוטג' תנובה מהדרין 9,גרמים,250.00,100 גרם,false,,5.70,0.0228,true,1,117198
7290004127800,false,תנובה גבינה לבנה 5%,,,תנובה גבינה לבנה 5%,גרמים,500.00,100 גרם,false,,9.20,0.0184,true,1,117200
7290004128340,false,תנובה קרם גבינת שמנת,,,תנובה קרם גבינת שמנת,גרמים,200.00,100 גרם,false,,12.50,0.0625,true,1,117206
7290004129156,false,נפוליאון שום שמיר 25,,,נפוליאון שום שמיר 25,גרמים,225.00,100 גרם,false,,14.90,0.0662,true,1,117211
7290004130794,false,סויה תנובה טבעי במתי,,,סויה תנובה טבעי במתי,ליטר,1.00,ליטר,false,,11.90,11.9000,true,1,117218
7290004131074,false,חלב תנובה הומוגני מה,,,חלב תנובה הומוגני מה,ליטר,1.00,ליטר,false,,5.75,5.7500,true,1,117221
7290004132552,false,סויה תנובה לייט בטעם,,,סויה תנובה לייט בטעם,ליטר,1.00,ליטר,false,,11.90,11.9000,true,1,117233
7290004132712,false,עמק אצבעות מוצרלה 20,,,עמק אצבעות מוצרלה 20,גרמים,174.00,100 גרם,false,,16.90,0.0971,true,1,117235
7290004133511,false,יופלה לבן מעודן 1.5%,,,יופלה לבן מעודן 1.5%,ליטר,1.00,ליטר,false,,21.90,21.9000,true,1,117240
7290004135058,false,קרלו מהדרין מיני שוק,,,קרלו מהדרין מיני שוק,מיליליטרים,800.00,"100 מ""ל",false,,13.90,0.0174,true,1,117247
7290004135614,false,פיראוס בולגרית מעודנ,,,פיראוס בולגרית מעודנ,גרמים,250.00,100 גרם,false,,19.90,0.0796,true,1,117252
7290004136598,false,מארז הפסקת אוכל חלב,,,מארז הפסקת אוכל חלב,גרמים,150.00,100 גרם,false,,9.90,0.0660,true,1,117259
7290004136857,false,ג'לי תנובה פטל 125מל,,,ג'לי תנובה פטל 125מל,מיליליטרים,125.00,"100 מ""ל",false,,2.70,0.0216,true,1,117260
7290004137021,false,שף לבן שמנת לבישול 1,,,שף לבן שמנת לבישול 1,"מ""ל",250.00,"מ""ל",false,,8.50,0.0340,true,1,117264
7290004137311,false,עמק לייט משפחתית 9%,,,עמק לייט משפחתית 9%,גרם,400.00,גרם,false,,30.90,0.0772,true,1,117265
7290004199579,false,סאני פלסטר אינטרסן 1,,,סאני פלסטר אינטרסן 1,אין,0.00,יחידה,false,,9.90,0.0000,true,1,96066
7290004219826,false,קומפלטה מלבין קפה הו,,,קומפלטה מלבין קפה הו,גרמים,400.00,100 גרם,false,,22.10,0.0553,true,1,98141
7290004230081,false,שגב קציצות עוף ברוטב,,,שגב קציצות עוף ברוטב,גרמים,800.00,100 גרם,false,,24.90,0.0311,true,1,110120
7290004230340,false,שגב מקלות בורקס פילו,,,שגב מקלות בורקס פילו,גרמים,600.00,100 גרם,false,,21.90,0.0365,true,1,157725
7290004230357,false,שגב מקלות בורקס פילו,,,שגב מקלות בורקס פילו,גרמים,600.00,100 גרם,false,,21.90,0.0365,true,1,157726
7290004230364,false,שגב מקלות בורקס פילו,,,שגב מקלות בורקס פילו,גרמים,600.00,100 גרם,false,,21.90,0.0365,true,1,157727
7290004230944,false,מקלות בורקס פילו גבי,,,מקלות בורקס פילו גבי,גרמים,600.00,100 גרם,false,,21.90,0.0365,true,1,157730
7290004324605,false,מון בלאן רוקפור 7% 1,,,מון בלאן רוקפור 7% 1,גרמים,120.00,100 גרם,false,,12.90,0.1075,true,1,110145
7290004537241,false,אפונת גינה קפואה 800,,,אפונת גינה קפואה 800,גרמים,800.00,100 גרם,false,,11.90,0.0149,true,1,145028
7290004537258,false,אפונה וגזר 800 גר שד,,,אפונה וגזר 800 גר שד,גרמים,800.00,100 גרם,false,,10.90,0.0136,true,1,144138
7290004537333,false,חומוס גרגירים 800 גר,,,חומוס גרגירים 800 גר,גרמים,800.00,100 גרם,false,,14.90,0.0186,true,1,179905
7290004584306,false,גמדים תות בננה 4*100,,,גמדים תות בננה 4*100,"מ""ל",400.00,"מ""ל",false,,11.90,0.0298,true,1,115090
7290004584351,false,סימפוניה חמישית 200ג,,,סימפוניה חמישית 200ג,גרמים,200.00,100 גרם,false,,12.40,0.0620,true,1,115091
7290004731083,false,אלסבון ג'נסנג כיף 1,,,אלסבון ג'נסנג כיף 1,ליטר,1.00,ליטר,false,,14.90,14.9000,true,1,121719
7290004731410,false,כרית קרצוף סנו סושי,,,כרית קרצוף סנו סושי,אין,0.00,יחידה,false,,10.90,0.0000,true,1,121725
7290004731519,false,סנו מקסימה למייבש סנ,,,סנו מקסימה למייבש סנ,מיליליטרים,750.00,"100 מ""ל",false,,18.50,0.0247,true,1,121727
7290004923051,false,עין גדי מים מינרלים,,,עין גדי מים מינרלים,ליטר,2.00,ליטר,false,,3.60,1.8000,true,1,105496
7290005174513,false,חציל במיונז אחלה 500,,,חציל במיונז אחלה 500,גרמים,500.00,100 גרם,false,,16.90,0.0338,true,1,115094
7290005174551,false,אחלה חומוס 125ג,,,אחלה חומוס 125ג,גרמים,125.00,100 גרם,false,,5.90,0.0472,true,1,115095
7290005174568,false,אחלה חציל במיונז 125,,,אחלה חציל במיונז 125,גרמים,125.00,100 גרם,false,,5.90,0.0472,true,1,153102
7290005174575,false,אחלה טחינה 125גר,,,אחלה טחינה 125גר,גרם,125.00,גרם,false,,5.90,0.0472,true,1,115097
7290005287206,false,טונה בשמן סטארקיסט ר,,,טונה בשמן סטארקיסט ר,גרמים,640.00,100 גרם,false,,26.90,0.0420,true,1,117696
7290005287251,false,טונה במים סטארקיסט ר,,,טונה במים סטארקיסט ר,גרמים,640.00,100 גרם,false,,26.90,0.0420,true,1,117699
7290005384851,false,מיץ לימון משומר וילי,,,מיץ לימון משומר וילי,מיליליטרים,200.00,"100 מ""ל",false,,3.90,0.0195,true,1,98151
7290005403965,false,פולי סויה 800 גר' שד,,,פולי סויה 800 גר' שד,גרמים,800.00,100 גרם,false,,15.90,0.0199,true,1,152330
7290005403972,false,תחתיות ארטישוק 400 ג,,,תחתיות ארטישוק 400 ג,גרמים,400.00,100 גרם,false,,15.90,0.0398,true,1,149917
7290005403989,false,במיה קפואה 600 גרם ש,,,במיה קפואה 600 גרם ש,גרמים,600.00,100 גרם,false,,9.90,0.0165,true,1,149095
7290005423369,false,תחליב דוח יתושים סנו,,,תחליב דוח יתושים סנו,מיליליטרים,50.00,"100 מ""ל",false,,20.60,0.4120,true,1,184317
7290005423567,false,סנו סושי מטלית לכל 3,,,סנו סושי מטלית לכל 3,אין,0.00,יחידה,false,,22.00,0.0000,true,1,121749
7290005424403,false,אל סבון אצות ים כיף,,,אל סבון אצות ים כיף,ליטר,1.00,ליטר,false,,14.90,14.9000,true,1,121760
7290005427107,false,סנו סושי מגבות הפלא,,,סנו סושי מגבות הפלא,מטרים,64.00,מטר,false,,12.90,0.2016,true,1,121812
7290005427725,false,ליטופים מגבונים מבוש,,,ליטופים מגבונים מבוש,אין,0.00,יחידה,false,,26.70,0.0000,true,1,121829
7290005431883,false,עדן מלבי חלבי 165 גר,,,עדן מלבי חלבי 165 גר,גרמים,165.00,100 גרם,false,,7.90,0.0479,true,1,186301
7290005431906,false,עדן קדאיף 82 גרם,,,עדן קדאיף 82 גרם,גרמים,82.00,100 גרם,false,,7.70,0.0939,true,1,177365
7290005559907,false,פיצה משפחתית גבינה 5,,,פיצה משפחתית גבינה 5,גרמים,500.00,100 גרם,false,,23.90,0.0478,true,1,127428
7290005610011,false,תפו`א אדום דוד משה,,,תפו`א אדום דוד משה,קילוגרמים,1.00,"ק""ג",true,,5.90,5.9000,true,1,179405
7290005610127,false,תפו`א גורמה דוד משה,,,תפו`א גורמה דוד משה,קילוגרמים,1.00,"ק""ג",true,,7.90,7.9000,true,1,137133
7290005610196,false,תפו`א בייבי גורמה,,,תפו`א בייבי גורמה,קילוגרמים,1.00,"ק""ג",true,,6.90,6.9000,true,1,181155
7290005719189,false,לחם מחמצת שיפון אגו,,,לחם מחמצת שיפון אגו,יח',1.00,יח',false,,17.90,17.9000,true,1,176306
7290005838002,false,דניאלה מעדן גבינה 15,,,דניאלה מעדן גבינה 15,מיליליטרים,150.00,"100 מ""ל",false,,4.30,0.0287,true,1,115099
7290005838972,false,גבינת יום יום 5% סקי,,,גבינת יום יום 5% סקי,גרמים,125.00,100 גרם,false,,3.30,0.0264,true,1,115101
7290005839078,false,דנונה ביו מארז חסכון,,,דנונה ביו מארז חסכון,אלף,1.20,"ק""ג",false,,17.60,14.6667,true,1,115102
7290005839313,false,מילקי טופ מגולגלת 14,,,מילקי טופ מגולגלת 14,"מ""ל",142.00,"מ""ל",false,,5.00,0.0352,true,1,115104
7290005896460,false,איגל בירה חזקה 7.8%,,,איגל בירה חזקה 7.8%,מיליליטרים,500.00,"100 מ""ל",false,,6.90,0.0138,true,1,156983
7290005901355,false,קבב מזרחי מעדני המנג,,,קבב מזרחי מעדני המנג,גרמים,400.00,100 גרם,false,,15.90,0.0398,true,1,180247
7290005901362,false,קבב רומני מעדני המנג,,,קבב רומני מעדני המנג,גרמים,400.00,100 גרם,false,,15.90,0.0398,true,1,184245
7290005938245,false,פרסקו ממרח מצונן פסט,,,פרסקו ממרח מצונן פסט,גרמים,220.00,100 גרם,false,,19.90,0.0905,true,1,110151
7290005992018,false,גד יוגורט עיזים 3% 5,,,גד יוגורט עיזים 3% 5,מיליליטרים,500.00,"100 מ""ל",false,,13.50,0.0270,true,1,107802
7290005996153,true,נקניקיות צרפתיות פרי,,,נקניקיות צרפתיות פרי,גרמים,280.00,100 גרם,false,,24.90,0.0889,true,1,181547
7290005996221,false,פסטרמה של פעם דק דק,,,פסטרמה של פעם דק דק,גרמים,120.00,100 גרם,false,,13.90,0.1158,true,1,181389
7290005996238,false,פסטרמה בדבש דק דק יח,,,פסטרמה בדבש דק דק יח,גרמים,120.00,100 גרם,false,,13.90,0.1158,true,1,179848
7290005996276,false,פסטרמה ברביקיו דק דק,,,פסטרמה ברביקיו דק דק,גרמים,120.00,100 גרם,false,,13.90,0.1158,true,1,180201
7290006185518,false,אל סבון נוזלי כחול פ,,,אל סבון נוזלי כחול פ,אין,0.00,יחידה,false,,10.90,0.0000,true,1,111145
7290006229427,false,"סאן בנדטו 6*500 מ""ל",,,"סאן בנדטו 6*500 מ""ל",ליטר,3.00,ליטר,false,,11.90,3.9667,true,1,103873
7290006235053,false,מארז מיוחד זוג סרקל,,,מארז מיוחד זוג סרקל,ליטר,1.50,ליטר,false,,34.90,23.2667,true,1,121062
7290006241191,false,אגוזי מלך 150 גרם .,,,אגוזי מלך 150 גרם .,גרמים,150.00,100 גרם,false,,17.90,0.1193,true,1,106663
7290006251107,false,תה מסאלה ויסוצקי 2/2,,,תה מסאלה ויסוצקי 2/2,גרמים,50.00,100 גרם,false,,21.90,0.4380,true,1,116153
7290006251275,false,תה ירוק סיני,,,תה ירוק סיני,גרמים,37.50,100 גרם,false,,26.90,0.7173,true,1,116155
7290006265548,false,נבטים סינים,,,נבטים סינים,00000000000000000000,0.00,00000000000000000000,false,,6.90,0.0000,true,1,137153
7290006271174,false,גחנון לאפיה בתנור מע,,,גחנון לאפיה בתנור מע,גרמים,700.00,100 גרם,false,,20.60,0.0294,true,1,127434
7290006271655,false,מיני בורקס גבינה 800,,,מיני בורקס גבינה 800,גרמים,800.00,100 גרם,false,,26.90,0.0336,true,1,127440
7290006306319,false,פסטה נונה פסטה נונה,,,פסטה נונה פסטה נונה,גרמים,400.00,100 גרם,false,,25.90,0.0647,true,1,117285
7290006342065,false,בוטנים קלויים 200 ג,,,בוטנים קלויים 200 ג,גרמים,200.00,100 גרם,false,,8.90,0.0445,true,1,99599
7290006342447,false,גרעיני אבטיח 200 גר,,,גרעיני אבטיח 200 גר,גרמים,200.00,100 גרם,false,,14.90,0.0745,true,1,99602
7290006449955,false,מלפפון בייבי,,,מלפפון בייבי,אין,0.00,יחידה,false,,9.90,0.0000,true,1,181755
7290006492432,false,גד בייבי מוצרלה 150ג,,,גד בייבי מוצרלה 150ג,גרמים,170.00,100 גרם,false,,15.50,0.0912,true,1,107808
7290006492616,false,גד בולגרית פרוסות 5%,,,גד בולגרית פרוסות 5%,גרמים,250.00,100 גרם,false,,26.90,0.1076,true,1,107809
7290006511157,false,פטריות שלמות שמפיניו,,,פטריות שלמות שמפיניו,גרמים,230.00,100 גרם,false,,8.00,0.0348,true,1,98155
7290006511751,false,פטריות חתוכות ויליפו,,,פטריות חתוכות ויליפו,גרמים,870.00,100 גרם,false,,9.90,0.0114,true,1,98158
7290006532398,false,סטייק צ'יפס טעים 1.8,,,סטייק צ'יפס טעים 1.8,אלף,1.80,"ק""ג",false,,24.90,13.8333,true,1,182102
7290006644510,false,משקה ענבים Move תפוז,,,משקה ענבים Move תפוז,מיליליטרים,500.00,"100 מ""ל",false,,4.50,0.0090,true,1,153047
7290006652027,false,במבה יום הולדת מאח.1,,,במבה יום הולדת מאח.1,גרמים,300.00,100 גרם,false,,25.90,0.0863,true,1,111811
7290006653819,false,קוסקוס דק בשקית אסם,,,קוסקוס דק בשקית אסם,גרמים,350.00,100 גרם,false,,6.90,0.0197,true,1,111814
7290006664037,false,גמדים ארוחת בוקר 4*1,,,גמדים ארוחת בוקר 4*1,מיליליטרים,400.00,"100 מ""ל",false,,11.90,0.0298,true,1,115107
7290006664051,false,אקטימל טבעי 14*100מל,,,אקטימל טבעי 14*100מל,ליטר,1.40,ליטר,false,,32.60,23.2857,true,1,115108
7290006664402,false,שטראוס גבינה 5% 750ג,,,שטראוס גבינה 5% 750ג,גרמים,750.00,100 גרם,false,,13.80,0.0184,true,1,115114
7290006664532,false,דנונה תות 3% 150מל,,,דנונה תות 3% 150מל,גרם,150.00,גרם,false,,3.90,0.0260,true,1,115115
7290006664693,false,דנונה אפרסק 3% 150מל,,,דנונה אפרסק 3% 150מל,גרם,150.00,גרם,false,,3.90,0.0260,true,1,115118
7290006664990,false,דנונה ביו מארז חיסכו,,,דנונה ביו מארז חיסכו,אלף,1.20,"ק""ג",false,,17.60,14.6667,true,1,115120
7290006704016,false,בזיליקום ארוז יחידה,,,בזיליקום ארוז יחידה,אין,0.00,יחידה,false,,6.90,0.0000,true,1,137155
7290006739421,false,סלמי מעושן איטלקי ז,,,סלמי מעושן איטלקי ז,גרמים,300.00,100 גרם,false,,32.70,0.1090,true,1,130497
7290006742292,false,פסטרממיה בדבש 1% 330,,,פסטרממיה בדבש 1% 330,גרמים,330.00,100 גרם,false,,32.90,0.0997,true,1,130521
7290006742315,false,חזה הודו ברביקיו 1%,,,חזה הודו ברביקיו 1%,גרמים,330.00,100 גרם,false,,32.90,0.0997,true,1,130523
7290006764065,false,נשר מאלט בקבוק פקדון,,,נשר מאלט בקבוק פקדון,מיליליטרים,500.00,"100 מ""ל",false,,5.90,0.0118,true,1,103875
7290006764072,false,גולדסטאר בירה בק חוז,,,גולדסטאר בירה בק חוז,מיליליטרים,500.00,"100 מ""ל",false,,7.90,0.0158,true,1,103876
7290006804907,false,פיתות אסלי 5 יח',,,פיתות אסלי 5 יח',גרמים,500.00,100 גרם,false,,7.90,0.0158,true,1,176289
7290006805355,false,תערובת כדורי שוקולד,,,תערובת כדורי שוקולד,גרמים,500.00,100 גרם,false,,19.90,0.0398,true,1,157311
7290006805850,false,תערובת להכנת פנקייקס,,,תערובת להכנת פנקייקס,גרמים,500.00,100 גרם,false,,19.90,0.0398,true,1,157312
7290006855190,false,ברבריא חטיף תמר אגוז,,,ברבריא חטיף תמר אגוז,גרמים,120.00,100 גרם,false,,18.90,0.1575,true,1,179855
7290006855435,false,ברבריא BITES חטיף תמ,,,ברבריא BITES חטיף תמ,גרמים,55.00,100 גרם,false,,8.90,0.1618,true,1,178007
7290006983763,false,עוגת הבית שוקולד 400,,,עוגת הבית שוקולד 400,גרמים,400.00,100 גרם,false,,14.90,0.0373,true,1,111822
7290006992161,false,מטרנה דייסת קורנפלור,,,מטרנה דייסת קורנפלור,גרמים,200.00,100 גרם,false,,15.90,0.0795,true,1,111827
7290006992390,false,מטרנה דייסת וניל פרו,,,מטרנה דייסת וניל פרו,גרמים,200.00,100 גרם,false,,15.90,0.0795,true,1,111831
7290008268301,false,אוכמניות,,,אוכמניות,גרמים,120.00,100 גרם,false,,13.90,0.1158,true,1,177950
7290008300629,false,שקיות אוכל בקופסא של,,,שקיות אוכל בקופסא של,אין,0.00,יחידה,false,,12.90,0.0000,true,1,163403
7290008340618,false,סלמון 100 מעושן מצונ,,,סלמון 100 מעושן מצונ,גרמים,100.00,100 גרם,false,,20.00,0.2000,true,1,110167
7290008347211,false,דלידג אצבעות דג 700,,,דלידג אצבעות דג 700,גרמים,700.00,100 גרם,false,,26.90,0.0384,true,1,110191
7290008409100,false,אצבעות שניצל ציפוי ש,,,אצבעות שניצל ציפוי ש,גרמים,700.00,100 גרם,false,,37.90,0.0541,true,1,116851
7290008470766,false,אורביט סטיקס בטעם פפ,,,אורביט סטיקס בטעם פפ,אין,0.00,יחידה,false,,15.40,0.0000,true,1,132603
7290008636964,false,מיה שקד מולבן שבבים,,,מיה שקד מולבן שבבים,גרמים,100.00,100 גרם,false,,12.80,0.1280,true,1,108142
7290008644112,false,אחלה מטבוחה 125ג,,,אחלה מטבוחה 125ג,גרם,125.00,גרם,false,,5.90,0.0472,true,1,115122
7290008644235,false,עלי בייבי 120 ג ירקו,,,עלי בייבי 120 ג ירקו,גרם,120.00,גרם,false,,10.90,0.0908,true,1,115123
7290008693134,false,דניאלה תות מעדן גבינ,,,דניאלה תות מעדן גבינ,מיליליטרים,150.00,"100 מ""ל",false,,4.30,0.0287,true,1,115128
7290008745239,false,תפוציפס קראנץ טבעי 5,,,תפוציפס קראנץ טבעי 5,גרמים,50.00,100 גרם,false,,4.30,0.0860,true,1,115646
7290008747547,false,תפוציפס קראנץ טבעי 2,,,תפוציפס קראנץ טבעי 2,גרמים,200.00,100 גרם,false,,8.90,0.0445,true,1,153104
7290008753111,false,תפוציפס מקסיקני 50גר,,,תפוציפס מקסיקני 50גר,גרמים,50.00,100 גרם,false,,4.30,0.0860,true,1,115650
7290008775816,false,ערגליות שוקולד 300 ג,,,ערגליות שוקולד 300 ג,גרמים,300.00,100 גרם,false,,11.50,0.0383,true,1,111833
7290008775823,false,ערגליות תות שדה 300,,,ערגליות תות שדה 300,גרמים,300.00,100 גרם,false,,11.50,0.0383,true,1,111834
7290008805384,false,יין סלקטד מוסקטו 750,,,יין סלקטד מוסקטו 750,מיליליטרים,750.00,"100 מ""ל",false,,27.90,0.0372,true,1,95671
7290008849777,false,אוליביה רוטב צילי מת,,,אוליביה רוטב צילי מת,גרמים,350.00,100 גרם,false,,12.90,0.0369,true,1,98569
7290009018004,false,פיקדון בקבוק/פחית בו,,,פיקדון בקבוק/פחית בו,00000000000000000000,0.00,00000000000000000000,false,,0.30,0.0000,true,1,95282
7290009018011,false,פיקדון בקבוק/פחיות ש,,,פיקדון בקבוק/פחיות ש,00000000000000000000,0.00,00000000000000000000,false,,1.80,0.0000,true,1,95990
7290009018264,false,פיקדון בקבוק/פחית רב,,,פיקדון בקבוק/פחית רב,00000000000000000000,0.00,00000000000000000000,false,,1.20,0.0000,true,1,95756
7290009174397,false,כריך עובד מגה,,,כריך עובד מגה,אין,0.00,יחידה,false,,1.50,0.0000,true,1,155396
7290010002146,false,מימון פפריקה מרוקאית,,,מימון פפריקה מרוקאית,גרמים,100.00,100 גרם,false,,12.90,0.1290,true,1,95405
7290010002306,false,מימון תיבול לקציצות,,,מימון תיבול לקציצות,גרמים,100.00,100 גרם,false,,12.90,0.1290,true,1,95412
7290010002313,false,מימון ראס אל חנות 10,,,מימון ראס אל חנות 10,גרמים,100.00,100 גרם,false,,12.90,0.1290,true,1,95413
7290010002320,false,מימון תיבול לגריל עו,,,מימון תיבול לגריל עו,גרמים,100.00,100 גרם,false,,12.90,0.1290,true,1,95414
7290010002368,false,מימון תערובת חווג` ל,,,מימון תערובת חווג` ל,גרמים,100.00,100 גרם,false,,12.90,0.1290,true,1,95418
7290010066575,false,נתחי טונה במים פילטו,,,נתחי טונה במים פילטו,גרמים,632.00,100 גרם,false,,24.90,0.0394,true,1,117637
7290010066582,false,נתחי טונה בשמן קנולה,,,נתחי טונה בשמן קנולה,גרמים,632.00,100 גרם,false,,24.90,0.0394,true,1,117638
7290010118328,false,תפוצ'יפס טבעי 6*40 ג,,,תפוצ'יפס טבעי 6*40 ג,גרמים,240.00,100 גרם,false,,11.90,0.0496,true,1,115661
7290010124107,false,סטייק בורגר 400 גרם,,,סטייק בורגר 400 גרם,גרמים,400.00,100 גרם,false,,19.90,0.0497,true,1,179890
7290010124190,false,שניצל בקר מלינסה אל,,,שניצל בקר מלינסה אל,גרמים,250.00,100 גרם,false,,14.90,0.0596,true,1,181576
7290010124213,false,סינטה בקר דק דק אל מ,,,סינטה בקר דק דק אל מ,גרמים,250.00,100 גרם,false,,18.90,0.0756,true,1,185460
7290010153503,false,שעועית ענק 400 גרם,,,שעועית ענק 400 גרם,גרמים,400.00,100 גרם,false,,11.90,0.0298,true,1,108151
7290010153510,false,בורגול מיה 500 גרם,,,בורגול מיה 500 גרם,גרמים,500.00,100 גרם,false,,5.90,0.0118,true,1,108152
7290010154005,false,סחוג תימני ירוק 250,,,סחוג תימני ירוק 250,גרמים,250.00,100 גרם,false,,14.90,0.0596,true,1,110200
7290010154012,false,לימון כבוש 250 ביטון,,,לימון כבוש 250 ביטון,גרמים,250.00,100 גרם,false,,14.90,0.0596,true,1,110201
7290010154029,false,250 אריסה מתוקה ביטו,,,250 אריסה מתוקה ביטו,גרמים,250.00,100 גרם,false,,14.90,0.0596,true,1,110202
7290010154265,false,פלפל צ`ומה ביטון 250,,,פלפל צ`ומה ביטון 250,גרם,250.00,גרם,false,,14.90,0.0596,true,1,110205
7290010154685,false,סלט שום כתוש 250 גר',,,סלט שום כתוש 250 גר',גרמים,250.00,100 גרם,false,,14.90,0.0596,true,1,161467
7290010192007,false,פטרוזיליה,,,פטרוזיליה,00000000000000000000,0.00,00000000000000000000,false,,4.90,0.0000,true,1,137168
7290010192014,false,שמיר,,,שמיר,אין,0.00,יחידה,false,,4.90,0.0000,true,1,137169
7290010192021,false,כוסברה,,,כוסברה,00000000000000000000,0.00,00000000000000000000,false,,4.90,0.0000,true,1,137170
7290010192038,false,שורש פטרוזיליה ארוז,,,שורש פטרוזיליה ארוז,00000000000000000000,0.00,00000000000000000000,false,,6.90,0.0000,true,1,137171
7290010192045,false,נענע יחידה,,,נענע יחידה,00000000000000000000,0.00,00000000000000000000,false,,4.90,0.0000,true,1,137172
7290010192052,false,סלרי עלים (אמריקאי),,,סלרי עלים (אמריקאי),יח',1.00,יח',false,,6.90,6.9000,true,1,137173
7290010192069,false,סלרי ראש ארוז,,,סלרי ראש ארוז,00000000000000000000,0.00,00000000000000000000,false,,6.90,0.0000,true,1,137174
7290010192083,false,מנגולד ארוז,,,מנגולד ארוז,יח',1.00,יח',false,,6.90,6.9000,true,1,137175
7290010237685,false,היינקן בירה צואר ארו,,,היינקן בירה צואר ארו,מיליליטרים,330.00,"100 מ""ל",false,,10.90,0.0330,true,1,103930
7290010429554,false,שמן זית כתית מעולה 2,,,שמן זית כתית מעולה 2,מיליליטרים,750.00,"100 מ""ל",false,,37.90,0.0505,true,1,114414
7290010471669,false,דנונה קראנצ' יוגורט,,,דנונה קראנצ' יוגורט,מיליליטרים,175.00,"100 מ""ל",false,,4.80,0.0274,true,1,115129
7290010472307,false,גמדים לשתיה תות בננה,,,גמדים לשתיה תות בננה,מיליליטרים,864.00,"100 מ""ל",false,,20.90,0.0242,true,1,115132
7290010627004,false,טחינה ירושלים 500 גר,,,טחינה ירושלים 500 גר,גרם,500.00,גרם,false,,17.90,0.0358,true,1,116183
7290010650033,false,בצלצלי שאלוט 350 גר',,,בצלצלי שאלוט 350 גר',גרם,350.00,גרם,false,,14.90,0.0426,true,1,139495
7290010690138,false,ברוקולי,,,ברוקולי,00000000000000000000,0.00,00000000000000000000,false,,9.90,0.0000,true,1,137179
7290010766697,false,אוליביה רוטב שקשוקה,,,אוליביה רוטב שקשוקה,גרמים,415.00,100 גרם,false,,14.90,0.0359,true,1,98606
7290010766734,false,רוטב פיצה אוליביה 41,,,רוטב פיצה אוליביה 41,מיליליטרים,415.00,"100 מ""ל",false,,14.90,0.0359,true,1,98607
7290010777099,false,8 פיתות במרקם מיוחד,,,8 פיתות במרקם מיוחד,גרמים,800.00,100 גרם,false,,10.90,0.0136,true,1,158355
7290010777297,false,10 פיתות ביס,,,10 פיתות ביס,אלף,1.00,"ק""ג",false,,12.50,12.5000,true,1,158360
7290010777358,false,8 פיתות כוסמין מלא 1,,,8 פיתות כוסמין מלא 1,גרמים,400.00,100 גרם,false,,15.90,0.0398,true,1,158363
7290010777488,false,פיתה מחמצת מקמח מלא,,,פיתה מחמצת מקמח מלא,אין,0.00,יחידה,false,,17.90,0.0000,true,1,185107
7290010777525,false,פיתות קוסמין-פיתה אק,,,פיתות קוסמין-פיתה אק,גרמים,50.00,100 גרם,false,,17.90,0.3580,true,1,185108
7290010814695,false,חופשי שוק.מריר ללס 8,,,חופשי שוק.מריר ללס 8,גרמים,85.00,100 גרם,false,,6.90,0.0812,true,1,130250
7290011110000,false,חסה רומית שלמה,,,חסה רומית שלמה,גרם,430.00,גרם,false,,9.90,0.0230,true,1,139517
7290011110024,false,חסה סלנובה,,,חסה סלנובה,יח',1.00,יח',false,,11.90,11.9000,true,1,170567
7290011110031,false,לבבות חסה,,,לבבות חסה,יח',1.00,יח',false,,11.90,11.9000,true,1,167487
7290011110062,false,חסה משי (קראנץ') יגו,,,חסה משי (קראנץ') יגו,אין,0.00,יחידה,false,,11.90,0.0000,true,1,139519
7290011110123,false,עירית,,,עירית,אין,0.00,יחידה,false,,6.90,0.0000,true,1,181596
7290011110147,false,רוזמרין,,,רוזמרין,אין,0.00,יחידה,false,,6.90,0.0000,true,1,176192
7290011110154,false,קורנית (טימין),,,קורנית (טימין),אין,0.00,יחידה,false,,6.90,0.0000,true,1,180242
7290011115166,false,תחליב רחצה לבנדר נקה,,,תחליב רחצה לבנדר נקה,אין,0.00,יחידה,false,,15.90,0.0000,true,1,121959
7290011131968,false,גרנולה אגוזים בתוספת,,,גרנולה אגוזים בתוספת,אלף,1.00,"ק""ג",false,,24.90,24.9000,true,1,157438
7290011148911,false,פלפלים מתוקים טינקרב,,,פלפלים מתוקים טינקרב,גרם,300.00,גרם,false,,9.90,0.0330,true,1,137184
7290011194246,false,קוטג שטראוס 5% עם סי,,,קוטג שטראוס 5% עם סי,גרמים,250.00,100 גרם,false,,6.00,0.0240,true,1,115137
7290011236649,false,שוקולד צ'יפס בלגי שק,,,שוקולד צ'יפס בלגי שק,גרמים,300.00,100 גרם,false,,10.90,0.0363,true,1,99631
7290011254032,false,קינואה 500 גרם,,,קינואה 500 גרם,גרמים,500.00,100 גרם,false,,14.90,0.0298,true,1,108184
7290011254254,false,שוקולד ציפס 300גר,,,שוקולד ציפס 300גר,גרמים,300.00,100 גרם,false,,9.80,0.0327,true,1,108204
7290011254452,false,סוכריות ללא סוכר מנט,,,סוכריות ללא סוכר מנט,גרמים,80.00,100 גרם,false,,6.50,0.0813,true,1,108212
7290011254469,false,סוכריות ללא סוכר לימ,,,סוכריות ללא סוכר לימ,גרמים,80.00,100 גרם,false,,6.50,0.0813,true,1,108213
7290011254773,false,שעועית ארגנטינאית 50,,,שעועית ארגנטינאית 50,גרמים,500.00,100 גרם,false,,12.40,0.0248,true,1,108227
7290011312381,false,פורטבלה על אש מרינה,,,פורטבלה על אש מרינה,גרמים,300.00,100 גרם,false,,14.90,0.0497,true,1,153200
7290011379018,false,פטריות צמד חמד 500 ג,,,פטריות צמד חמד 500 ג,גרם,500.00,גרם,false,,16.90,0.0338,true,1,137187
7290011499129,false,גד בולגרית מעודנת קו,,,גד בולגרית מעודנת קו,גרמים,200.00,100 גרם,false,,22.90,0.1145,true,1,107818
7290011499365,false,גד חלומי 24% 200ג,,,גד חלומי 24% 200ג,גרמים,200.00,100 גרם,false,,23.90,0.1195,true,1,107827
7290011518561,false,אקטימל תות משפחתי 14,,,אקטימל תות משפחתי 14,ליטר,1.40,ליטר,false,,32.60,23.2857,true,1,115148
7290011570507,false,קמח נטול גלוטן כרגיל,,,קמח נטול גלוטן כרגיל,גרמים,450.00,100 גרם,false,,19.90,0.0442,true,1,116425
7290011723200,false,טחינה הר ברכה טחינה,,,טחינה הר ברכה טחינה,גרמים,500.00,100 גרם,false,,17.90,0.0358,true,1,132761
7290011860271,false,תפוגן ביס בול טבעי 7,,,תפוגן ביס בול טבעי 7,גרמים,700.00,100 גרם,false,,17.90,0.0256,true,1,112573
7290011877088,false,סנו סושי צמד רדידי א,,,סנו סושי צמד רדידי א,מטרים,15.00,מטר,false,,17.90,1.1933,true,1,122003
7290011877095,false,סנו סושי צמד רדידי א,,,סנו סושי צמד רדידי א,מטרים,15.00,מטר,false,,22.90,1.5267,true,1,122004
7290011877866,false,אבקת כביסה סנו מקסימ,,,אבקת כביסה סנו מקסימ,אלף,6.00,"ק""ג",false,,54.90,9.1500,true,1,122014
7290011947309,false,זית סורי מבוקע עם לי,,,זית סורי מבוקע עם לי,גרמים,215.00,100 גרם,false,,15.60,0.0726,true,1,116206
7290011947743,false,מיקס זית ירוק וזית ק,,,מיקס זית ירוק וזית ק,גרמים,215.00,100 גרם,false,,14.90,0.0693,true,1,183512
7290011947781,false,מיקס זית ירוק קלמטה,,,מיקס זית ירוק קלמטה,גרמים,190.00,100 גרם,false,,15.90,0.0837,true,1,181565
7290011947798,false,זית קלמטה ללא גלעין,,,זית קלמטה ללא גלעין,גרמים,190.00,100 גרם,false,,15.90,0.0837,true,1,176157
7290011947903,false,זיתים מיקס ייווני זי,,,זיתים מיקס ייווני זי,גרמים,215.00,100 גרם,false,,14.90,0.0693,true,1,182912
7290011947965,false,מיקס זיתים ללא גלעין,,,מיקס זיתים ללא גלעין,גרמים,190.00,100 גרם,false,,15.90,0.0837,true,1,178561
7290011947972,false,זית ירוק מגולען בתיב,,,זית ירוק מגולען בתיב,גרמים,190.00,100 גרם,false,,15.90,0.0837,true,1,182502
7290012001994,false,חרדל דיגון גרעינים 3,,,חרדל דיגון גרעינים 3,גרמים,350.00,100 גרם,false,,13.90,0.0397,true,1,100291
7290012019265,false,"מחית תפו""ע ללא סוכר",,,"מחית תפו""ע ללא סוכר",גרמים,452.00,100 גרם,false,,10.90,0.0241,true,1,116478
7290012022227,false,קליליות בטעם טבעי די,,,קליליות בטעם טבעי די,גרמים,60.00,100 גרם,false,,12.90,0.2150,true,1,120867
7290012022272,false,פריכיות קליליות קידס,,,פריכיות קליליות קידס,אין,0.00,יחידה,false,,12.90,0.0000,true,1,123242
7290012086113,false,עגבניות שרי,,,עגבניות שרי,גרמים,500.00,100 גרם,false,,9.90,0.0198,true,1,96883
7290012116261,false,"סנו מדיק ג'ל 500 מ""ל",,,"סנו מדיק ג'ל 500 מ""ל",מיליליטרים,500.00,"100 מ""ל",false,,21.90,0.0438,true,1,179373
7290012117275,false,סנוקליר שקית מילוי 7,,,סנוקליר שקית מילוי 7,מיליליטרים,750.00,"100 מ""ל",false,,6.90,0.0092,true,1,122046
7290012117350,false,ריצפז פרש לילך לבנדר,,,ריצפז פרש לילך לבנדר,ליטר,2.00,ליטר,false,,15.90,7.9500,true,1,122047
7290012117558,false,סנו מקסימה מרכך קומפ,,,סנו מקסימה מרכך קומפ,אין,0.00,יחידה,false,,15.90,0.0000,true,1,122058
7290012191053,true,המנגליסט גפרור ארוך,,,המנגליסט גפרור ארוך,אין,0.00,יחידה,false,,5.90,0.0000,true,1,183397
7290012191091,false,מדליק פחמים המנגליסט,,,מדליק פחמים המנגליסט,אין,0.00,יחידה,false,,5.50,0.0000,true,1,178621
7290012193125,false,מרמולייט סוכרלוז 150,,,מרמולייט סוכרלוז 150,גרמים,150.00,100 גרם,false,,24.90,0.1660,true,1,100808
7290012226120,false,זוגלובק קבנוס 135ג,,,זוגלובק קבנוס 135ג,גרם,135.00,גרם,false,,12.90,0.0956,true,1,130532
7290012226939,false,זוגלובק קבנוס בטעם צ,,,זוגלובק קבנוס בטעם צ,גרמים,135.00,100 גרם,false,,12.90,0.0956,true,1,130537
7290012227325,false,זוגלובק סלמי מעושן ד,,,זוגלובק סלמי מעושן ד,גרמים,120.00,100 גרם,false,,14.90,0.1242,true,1,147288
7290012227974,false,זוגלובק פסטרמה בדבש,,,זוגלובק פסטרמה בדבש,גרמים,120.00,100 גרם,false,,14.90,0.1242,true,1,147289
7290012227981,false,זוגלובק פסטרמה ברביק,,,זוגלובק פסטרמה ברביק,גרם,120.00,גרם,false,,14.90,0.1242,true,1,147290
7290012227998,false,זוגלובק חזה בקר 12,,,זוגלובק חזה בקר 12,גרם,120.00,גרם,false,,14.90,0.1242,true,1,147291
7290012228124,false,קבנוס סטיקס 50 גר'.,,,קבנוס סטיקס 50 גר'.,גרמים,50.00,100 גרם,false,,11.90,0.2380,true,1,146346
7290012228230,false,זוגלובק פסטרמה חזה ע,,,זוגלובק פסטרמה חזה ע,גרמים,120.00,100 גרם,false,,14.90,0.1242,true,1,147292
7290012228261,false,נקנקיות הודו קנקרס ר,,,נקנקיות הודו קנקרס ר,גרמים,300.00,100 גרם,false,,21.90,0.0730,true,1,153181
7290012454578,false,מיה קישוט לעוגה בצנצ,,,מיה קישוט לעוגה בצנצ,גרמים,70.00,100 גרם,false,,5.90,0.0843,true,1,108253
7290012576362,false,קברנה סוביניון ספייש,,,קברנה סוביניון ספייש,מיליליטרים,750.00,"100 מ""ל",false,,69.90,0.0932,true,1,182482
7290012803321,false,מרמולייט סוכרלוז 200,,,מרמולייט סוכרלוז 200,גרמים,200.00,100 גרם,false,,44.90,0.2245,true,1,100827
7290012823251,false,אל סבון יסמין לבנדר,,,אל סבון יסמין לבנדר,ליטר,1.00,ליטר,false,,14.90,14.9000,true,1,122098
7290012823923,false,סנו מקסימה מרכך פרפי,,,סנו מקסימה מרכך פרפי,מיליליטרים,750.00,"100 מ""ל",false,,19.90,0.0265,true,1,122122
7290012823947,false,סנו מקסימה מרכך פרפי,,,סנו מקסימה מרכך פרפי,מיליליטרים,750.00,"100 מ""ל",false,,19.90,0.0265,true,1,122124
7290012850073,false,בי לאב מחית סלט פירו,,,בי לאב מחית סלט פירו,גרמים,190.00,100 גרם,false,,5.90,0.0311,true,1,142818
7290012869006,false,מנגל פח מגולוון+רשת,,,מנגל פח מגולוון+רשת,אין,0.00,יחידה,false,,29.90,0.0000,true,1,129960
7290012884986,false,תפוגן ציפס לתנור עד,,,תפוגן ציפס לתנור עד,אלף,1.50,"ק""ג",false,,29.90,19.9333,true,1,112590
7290012901959,false,דודלס ארוחת איטריות,,,דודלס ארוחת איטריות,גרמים,156.00,100 גרם,false,,11.90,0.0763,true,1,179894
7290012901973,false,שעועית אדומה 400 גרם,,,שעועית אדומה 400 גרם,גרמים,400.00,100 גרם,false,,10.90,0.0273,true,1,180238
7290012936937,false,מימון בהרט 40 גרם,,,מימון בהרט 40 גרם,גרמים,50.00,100 גרם,false,,12.90,0.2580,true,1,95502
7290013027399,false,לחם 100 בתוספת שיפון,,,לחם 100 בתוספת שיפון,גרמים,750.00,100 גרם,false,,15.90,0.0212,true,1,127290
7290013117212,false,בורקס פילו גבינה מעד,,,בורקס פילו גבינה מעד,גרמים,600.00,100 גרם,false,,22.90,0.0382,true,1,127450
7290013117526,false,מעדנות בצק שמרים למא,,,מעדנות בצק שמרים למא,גרמים,900.00,100 גרם,false,,25.90,0.0288,true,1,127459
7290013144232,false,פודינג וניל 85גר,,,פודינג וניל 85גר,גרמים,80.00,100 גרם,false,,7.90,0.0988,true,1,108531
7290013144317,false,ג`וני - גלילית וופל,,,ג`וני - גלילית וופל,גרמים,400.00,100 גרם,false,,24.90,0.0622,true,1,108536
7290013145093,false,מימונס שקד מולבן גרו,,,מימונס שקד מולבן גרו,גרמים,100.00,100 גרם,false,,11.90,0.1190,true,1,108565
7290013145116,false,מימונס שקד מולבן מקל,,,מימונס שקד מולבן מקל,גרמים,100.00,100 גרם,false,,11.90,0.1190,true,1,108567
7290013145215,false,שומשום 400גר,,,שומשום 400גר,גרמים,400.00,100 גרם,false,,16.90,0.0422,true,1,108574
7290013145277,false,עלים לקרמשניט 300 גר,,,עלים לקרמשניט 300 גר,גרמים,300.00,100 גרם,false,,19.90,0.0663,true,1,108576
7290013145390,false,מימונס שוקולד ציפס מ,,,מימונס שוקולד ציפס מ,גרמים,250.00,100 גרם,false,,9.90,0.0396,true,1,108578
7290013145437,false,מימונס שוקולד ציפס 4,,,מימונס שוקולד ציפס 4,גרמים,250.00,100 גרם,false,,15.90,0.0636,true,1,153068
7290013145444,false,מימונס שוקולד ציפס 6,,,מימונס שוקולד ציפס 6,גרמים,250.00,100 גרם,false,,17.90,0.0716,true,1,108582
7290013145710,false,דובדבנים מסוכרים 100,,,דובדבנים מסוכרים 100,גרמים,100.00,100 גרם,false,,9.90,0.0990,true,1,108596
7290013145918,false,אבקת סוכר 100 גרם,,,אבקת סוכר 100 גרם,גרמים,100.00,100 גרם,false,,2.90,0.0290,true,1,108609
7290013145963,false,מימונס שמרים יבשים ב,,,מימונס שמרים יבשים ב,גרמים,125.00,100 גרם,false,,7.50,0.0600,true,1,108613
7290013146304,false,מימונס קורנפלור 500,,,מימונס קורנפלור 500,גרמים,500.00,100 גרם,false,,7.90,0.0158,true,1,108625
7290013146656,false,כוכבים צבעוניים לקיש,,,כוכבים צבעוניים לקיש,אין,0.00,יחידה,false,,11.90,0.0000,true,1,180199
7290013146670,false,סוכריות לב צבעוניות,,,סוכריות לב צבעוניות,אין,0.00,יחידה,false,,11.90,0.0000,true,1,180200
7290013203151,false,שרי מיקס ארוז,,,שרי מיקס ארוז,אין,0.00,יחידה,false,,10.90,0.0000,true,1,137189
7290013203182,false,שרי מנומר -ליקופן,,,שרי מנומר -ליקופן,גרם,200.00,גרם,false,,10.90,0.0545,true,1,137190
7290013268020,false,סנו מקסימה אולטרא פר,,,סנו מקסימה אולטרא פר,אין,0.00,יחידה,false,,15.90,0.0000,true,1,122126
7290013268891,false,סנו אוקסיג'ן 3 ליטר,,,סנו אוקסיג'ן 3 ליטר,ליטר,3.00,ליטר,false,,27.90,9.3000,true,1,122158
7290013268938,false,סנובון שלישיה מאסק 3,,,סנובון שלישיה מאסק 3,גרמים,195.00,100 גרם,false,,11.90,0.0610,true,1,122161
7290013269300,false,סנו סושי פלסטיק נצמד,,,סנו סושי פלסטיק נצמד,מטרים,150.00,מטר,false,,27.90,0.1860,true,1,122171
7290013269669,false,ריצפז פנטזיה 3ל,,,ריצפז פנטזיה 3ל,ליטר,3.00,ליטר,false,,16.90,5.6333,true,1,122179
7290013358356,false,מאסטר שף פירורי לחם,,,מאסטר שף פירורי לחם,גרמים,350.00,100 גרם,false,,9.90,0.0283,true,1,113780
7290013358806,false,מאגדת פריכיות עם מלח,,,מאגדת פריכיות עם מלח,גרמים,264.00,100 גרם,false,,12.90,0.0489,true,1,113802
7290013389381,false,"קמח תירס תומר 1 ק""ג",,,"קמח תירס תומר 1 ק""ג",אלף,1.00,"ק""ג",false,,11.90,11.9000,true,1,116527
7290013412966,false,תולי מגבונים לחים 4*,,,תולי מגבונים לחים 4*,00000000000000000000,0.00,00000000000000000000,false,,11.90,0.0000,true,1,121389
7290013472199,false,וילי פוד ערמונים 100,,,וילי פוד ערמונים 100,גרם,100.00,גרם,false,,6.90,0.0690,true,1,98211
7290013534057,false,מיה ציפס בטטה טבעי 1,,,מיה ציפס בטטה טבעי 1,גרמים,100.00,100 גרם,false,,9.90,0.0990,true,1,108259
7290013558800,false,עלי תרד,,,עלי תרד,גרמים,500.00,100 גרם,false,,12.90,0.0258,true,1,140536
7290013580009,false,המבורגר זהב 400 גרם,,,המבורגר זהב 400 גרם,גרמים,400.00,100 גרם,false,,19.90,0.0497,true,1,182413
7290013585387,false,קולה זירו 1 ליטר,,,קולה זירו 1 ליטר,ליטר,1.00,ליטר,false,,6.50,6.5000,true,1,101770
7290013585394,false,קוקה קולה 1 ליטר,,,קוקה קולה 1 ליטר,ליטר,1.00,ליטר,false,,6.50,6.5000,true,1,101771
7290013615954,false,מדליוני תרד קפוא-1 ק,,,מדליוני תרד קפוא-1 ק,גרמים,1.00,100 גרם,false,,18.90,18.9000,true,1,185890
7290013668059,false,מברשת למגהץ,,,מברשת למגהץ,אין,0.00,יחידה,false,,6.90,0.0000,true,1,177973
7290013677808,false,אורז יסמין 1 ק'ג,,,אורז יסמין 1 ק'ג,אלף,1.00,"ק""ג",false,,13.80,13.8000,true,1,108311
7290013724960,false,שקדים בציפוי שוקולד,,,שקדים בציפוי שוקולד,גרמים,160.00,100 גרם,false,,11.90,0.0744,true,1,99656
7290013724991,false,אגוזי לוז בציפוי שוק,,,אגוזי לוז בציפוי שוק,גרמים,160.00,100 גרם,false,,11.90,0.0744,true,1,99659
7290013847836,false,טונה בשמן קנולה סטאר,,,טונה בשמן קנולה סטאר,גרמים,140.00,100 גרם,false,,12.90,0.0921,true,1,151643
7290013848345,false,מטליות לחות לחיטוי י,,,מטליות לחות לחיטוי י,אין,0.00,יחידה,false,,24.90,0.0000,true,1,184528
7290013848758,false,סנו מקסימה ג'ל כביסה,,,סנו מקסימה ג'ל כביסה,ליטר,3.00,ליטר,false,,38.90,12.9667,true,1,153148
7290013906236,false,טירת צבי סלמי גלבוע,,,טירת צבי סלמי גלבוע,גרמים,400.00,100 גרם,false,,24.50,0.0613,true,1,116735
7290013906694,false,"נקניקיות עוף 1.5 ק""ג",,,"נקניקיות עוף 1.5 ק""ג",קילוגרמים,1.50,"100 ק""ג",false,,37.90,25.2667,true,1,182404
7290013906700,false,"נקניקיות הודו 1.5 ק""",,,"נקניקיות הודו 1.5 ק""",קילוגרמים,1.50,"100 ק""ג",false,,38.90,25.9333,true,1,184962
7290014002203,false,תה חליטת לימונית ולו,,,תה חליטת לימונית ולו,גרמים,37.50,100 גרם,false,,21.90,0.5840,true,1,116234
7290014002982,false,תה ירוק לימונית סטיב,,,תה ירוק לימונית סטיב,גרמים,37.50,100 גרם,false,,26.90,0.7173,true,1,116247
7290014046757,false,סלמי תה `שרולה` 300,,,סלמי תה `שרולה` 300,גרמים,300.00,100 גרם,false,,21.90,0.0730,true,1,108753
7290014066366,false,לנדוור קפה אספרסו רי,,,לנדוור קפה אספרסו רי,אין,0.00,יחידה,false,,16.90,0.0000,true,1,184231
7290014079328,false,לוף רגיל ארוז ליח (מ,,,לוף רגיל ארוז ליח (מ,יח',1.00,יח',false,,9.90,9.9000,true,1,151357
7290014079847,false,פטריות בייבי בלה מאר,,,פטריות בייבי בלה מאר,אין,0.00,יחידה,false,,14.90,0.0000,true,1,137199
7290014094260,false,שום קלוף 200 גרם,,,שום קלוף 200 גרם,גרמים,200.00,100 גרם,false,,9.90,0.0495,true,1,140679
7290014094338,false,גרעיני דלעת קלופים 2,,,גרעיני דלעת קלופים 2,גרמים,250.00,100 גרם,false,,17.90,0.0716,true,1,99678
7290014094345,false,ששון הקולה גרעיני חמ,,,ששון הקולה גרעיני חמ,גרמים,300.00,100 גרם,false,,10.90,0.0363,true,1,99679
7290014094383,false,שקדיה משמש מיובש 330,,,שקדיה משמש מיובש 330,גרמים,330.00,100 גרם,false,,24.90,0.0755,true,1,99683
7290014094406,false,צימוק בהיר בקופסא 3,,,צימוק בהיר בקופסא 3,גרמים,330.00,100 גרם,false,,16.90,0.0512,true,1,99685
7290014204560,false,סבון נוזלי פנינה רוז,,,סבון נוזלי פנינה רוז,ליטר,1.50,ליטר,false,,13.90,9.2667,true,1,111190
7290014218932,false,חטיפי פיצה בתוספת זי,,,חטיפי פיצה בתוספת זי,גרמים,710.00,100 גרם,false,,33.90,0.0477,true,1,177483
7290014397514,false,סנו פרש הום כותנה מל,,,סנו פרש הום כותנה מל,מיליליטרים,350.00,"100 מ""ל",false,,10.90,0.0311,true,1,122245
7290014397873,false,מרכך כביסה סנו מקסימ,,,מרכך כביסה סנו מקסימ,ליטר,4.00,ליטר,false,,23.90,5.9750,true,1,178041
7290014455252,false,גד גרנה פדנו מגורד כ,,,גד גרנה פדנו מגורד כ,גרמים,100.00,100 גרם,false,,12.50,0.1250,true,1,107846
7290014455320,false,גד כדור מוצרלה פרסקה,,,גד כדור מוצרלה פרסקה,גרם,100.00,גרם,false,,10.50,0.1050,true,1,107849
7290014459373,false,תפוגן ציפס קראנצי 1.,,,תפוגן ציפס קראנצי 1.,אלף,1.50,"ק""ג",false,,27.90,18.6000,true,1,112605
7290014472235,false,פקאן סיני מסוכר בקופ,,,פקאן סיני מסוכר בקופ,גרמים,200.00,100 גרם,false,,26.90,0.1345,true,1,99738
7290014636682,false,מגבת פנים,,,מגבת פנים,00000000000000000000,0.00,00000000000000000000,false,,19.90,0.0000,true,1,164575
7290014636705,false,כרית ויסקו,,,כרית ויסקו,אין,0.00,יחידה,false,,129.00,0.0000,true,1,186261
7290014673434,false,פלפל שחור גרוס דק בש,,,פלפל שחור גרוס דק בש,גרמים,80.00,100 גרם,false,,11.90,0.1488,true,1,171955
7290014692305,false,גבינת קממבר 125 גרם,,,גבינת קממבר 125 גרם,גרמים,125.00,100 גרם,false,,20.70,0.1656,true,1,98246
7290014692817,false,סיי צ'יז גבינת מוצרל,,,סיי צ'יז גבינת מוצרל,גרמים,200.00,100 גרם,false,,15.90,0.0795,true,1,98259
7290014725348,false,סוכרזית קלאסי 100 שק,,,סוכרזית קלאסי 100 שק,גרמים,100.00,100 גרם,false,,14.90,0.1490,true,1,114463
7290014731264,false,כוסות לשתיה קרה חד פ,,,כוסות לשתיה קרה חד פ,יח',100.00,יח',false,,3.90,0.0390,true,1,119186
7290014747753,false,דלי פסטרמה כמו ברומנ,,,דלי פסטרמה כמו ברומנ,גרמים,240.00,100 גרם,false,,22.90,0.0954,true,1,112637
7290014748149,false,דלי כתף בקר עסיסי 20,,,דלי כתף בקר עסיסי 20,גרמים,200.00,100 גרם,false,,22.90,0.1145,true,1,112643
7290014749078,false,עוף טוב מקלוני קבנוס,,,עוף טוב מקלוני קבנוס,גרמים,200.00,100 גרם,false,,18.90,0.0945,true,1,182055
7290014758100,false,יוגורט תנובה 3% 8*15,,,יוגורט תנובה 3% 8*15,אלף,1.20,"ק""ג",false,,17.50,14.5833,true,1,117292
7290014758117,false,יוגורט תנובה 1.5% 8*,,,יוגורט תנובה 1.5% 8*,אלף,1.20,"ק""ג",false,,17.50,14.5833,true,1,117293
7290014759534,false,פיראוס בולגרית למריח,,,פיראוס בולגרית למריח,גרמים,200.00,100 גרם,false,,14.50,0.0725,true,1,117307
7290014760912,false,גוש חלב 28% מהדרין 4,,,גוש חלב 28% מהדרין 4,גרמים,400.00,100 גרם,false,,27.90,0.0697,true,1,117323
7290014761056,false,יולו שוקולד חלב מעול,,,יולו שוקולד חלב מעול,גרמים,122.00,100 גרם,false,,4.90,0.0402,true,1,117325
7290014762800,false,גביע מעדן סויה בטעם,,,גביע מעדן סויה בטעם,גרמים,125.00,100 גרם,false,,4.00,0.0320,true,1,117359
7290014763098,false,קרם גבינת שמנת 5% טו,,,קרם גבינת שמנת 5% טו,גרמים,200.00,100 גרם,false,,12.50,0.0625,true,1,117367
7290014855458,false,מגבוני בייבי פרפורמנ,,,מגבוני בייבי פרפורמנ,אין,0.00,יחידה,false,,17.90,0.0000,true,1,121404
7290014860094,false,"מקלוני אורז 3 מ""מ לל",,,"מקלוני אורז 3 מ""מ לל",גרמים,454.00,100 גרם,false,,9.90,0.0218,true,1,139225
7290014860247,false,שבבי אורז מרובעים לל,,,שבבי אורז מרובעים לל,גרמים,227.00,100 גרם,false,,10.90,0.0480,true,1,183760
7290014931008,false,פטרוזיליה עם שורש,,,פטרוזיליה עם שורש,00000000000000000000,0.00,00000000000000000000,false,,7.90,0.0000,true,1,140540
7290014931015,false,כוסברה עם שורש,,,כוסברה עם שורש,אין,0.00,יחידה,false,,7.90,0.0000,true,1,140541
7290014931053,false,בזיליקום עם שורש,,,בזיליקום עם שורש,00000000000000000000,0.00,00000000000000000000,false,,7.90,0.0000,true,1,140544
7290014931077,false,עירית עם שורש,,,עירית עם שורש,00000000000000000000,0.00,00000000000000000000,false,,7.90,0.0000,true,1,140546
7290014931091,false,טימין עם שורש,,,טימין עם שורש,אין,0.00,יחידה,false,,7.90,0.0000,true,1,140548
7290014931107,false,נענע עם שורש,,,נענע עם שורש,00000000000000000000,0.00,00000000000000000000,false,,7.90,0.0000,true,1,140549
7290014931190,false,באק-צוי,,,באק-צוי,אין,0.00,יחידה,false,,11.90,0.0000,true,1,140550
7290015009447,false,זיתים שחורים מזן קלמ,,,זיתים שחורים מזן קלמ,גרמים,440.00,100 גרם,false,,22.90,0.0520,true,1,184762
7290015057066,false,עלי גפן ממולאים טעמן,,,עלי גפן ממולאים טעמן,גרמים,400.00,100 גרם,false,,9.80,0.0245,true,1,104186
7290015080422,false,אביזרים,,,אביזרים,אין,0.00,יחידה,false,,14.90,0.0000,true,1,136451
7290015129251,false,סקיני - פסטה פטוצ'ינ,,,סקיני - פסטה פטוצ'ינ,גרמים,270.00,100 גרם,false,,11.90,0.0441,true,1,182933
7290015150118,false,עגבניות חתוכות דק בל,,,עגבניות חתוכות דק בל,גרמים,400.00,100 גרם,false,,12.90,0.0323,true,1,116270
7290015150200,false,עגבניות חתוכות דק ו,,,עגבניות חתוכות דק ו,גרמים,400.00,100 גרם,false,,6.90,0.0173,true,1,116271
7290015150903,false,תה ירוק קינמון ודבש,,,תה ירוק קינמון ודבש,גרמים,37.50,100 גרם,false,,26.90,0.7173,true,1,116284
7290015253277,false,"פחם איכותי 2 ק""ג",,,"פחם איכותי 2 ק""ג",אלף,2.00,"ק""ג",false,,14.90,7.4500,true,1,178622
7290015253321,false,"פחם 2 ק""ג ירוק פרימי",,,"פחם 2 ק""ג ירוק פרימי",אלף,2.00,"ק""ג",false,,14.90,7.4500,true,1,183398
7290015282598,false,חומוס מסעדות,,,חומוס מסעדות,גרמים,200.00,100 גרם,false,,7.90,0.0395,true,1,110827
7290015282604,false,טחינה מיוחדת,,,טחינה מיוחדת,גרמים,200.00,100 גרם,false,,7.90,0.0395,true,1,110828
7290015324007,false,טעם וריח פלפל שחור ג,,,טעם וריח פלפל שחור ג,גרמים,80.00,100 גרם,false,,12.90,0.1613,true,1,133879
7290015324014,false,טעם וריח פלפל שחור ט,,,טעם וריח פלפל שחור ט,גרמים,80.00,100 גרם,false,,12.90,0.1613,true,1,133880
7290015324038,false,טעם וריח פפריקה בשמן,,,טעם וריח פפריקה בשמן,גרמים,80.00,100 גרם,false,,8.90,0.1113,true,1,133881
7290015324052,false,טעם וריח פפריקה מתוק,,,טעם וריח פפריקה מתוק,גרמים,80.00,100 גרם,false,,8.90,0.1113,true,1,133883
7290015324090,false,טעם וריח כמון שקית 8,,,טעם וריח כמון שקית 8,גרמים,80.00,100 גרם,false,,8.90,0.1113,true,1,133887
7290015324106,false,טעם וריח כורכום שקית,,,טעם וריח כורכום שקית,גרמים,80.00,100 גרם,false,,8.90,0.1113,true,1,133888
7290015395045,false,קינואה שקדיה 400 גרם,,,קינואה שקדיה 400 גרם,גרמים,400.00,100 גרם,false,,16.90,0.0422,true,1,99768
7290015437431,false,רכז רימונים תומר 42,,,רכז רימונים תומר 42,גרמים,420.00,100 גרם,false,,22.90,0.0545,true,1,179868
7290015652070,false,קשיו קלוי 150 גרם שש,,,קשיו קלוי 150 גרם שש,גרמים,150.00,100 גרם,false,,16.90,0.1127,true,1,99779
7290015652254,false,גרעיני חמניה קלויים,,,גרעיני חמניה קלויים,גרם,500.00,גרם,false,,10.00,0.0200,true,1,99789
7290015652261,false,בוטנים קלויים 400גר,,,בוטנים קלויים 400גר,גרם,400.00,גרם,false,,10.00,0.0250,true,1,153004
7290015652278,false,תערובת פיצוחים 300גר,,,תערובת פיצוחים 300גר,גרם,300.00,גרם,false,,20.00,0.0667,true,1,99791
7290015652285,false,אגוזים קלופים 250גר,,,אגוזים קלופים 250גר,גרם,250.00,גרם,false,,20.00,0.0800,true,1,99792
7290015652292,false,קבוקים עם שומשום ששו,,,קבוקים עם שומשום ששו,גרמים,400.00,100 גרם,false,,10.00,0.0250,true,1,156554
7290015652308,false,מנצ'ס ששון הקולה 400,,,מנצ'ס ששון הקולה 400,גרמים,400.00,100 גרם,false,,10.00,0.0250,true,1,156555
7290015652315,false,חמוציות מסוכרות 300ג,,,חמוציות מסוכרות 300ג,גרם,300.00,גרם,false,,10.00,0.0333,true,1,153006
7290015652322,false,בוטנים אמריקאים מצופ,,,בוטנים אמריקאים מצופ,גרמים,400.00,100 גרם,false,,10.00,0.0250,true,1,156556
7290015652407,false,פיסטוק קלוי 250גרם,,,פיסטוק קלוי 250גרם,גרם,250.00,גרם,false,,20.00,0.0800,true,1,99803
7290015848923,false,אולטרסול תחליב הגנה,,,אולטרסול תחליב הגנה,מיליליטרים,250.00,"100 מ""ל",false,,49.90,0.1996,true,1,121193
7290015855181,false,ג'ינג'ר ארוז,,,ג'ינג'ר ארוז,אין,0.00,יחידה,false,,9.90,0.0000,true,1,140692
7290015858106,false,ממרח פסטו ביתי עללחם,,,ממרח פסטו ביתי עללחם,גרמים,180.00,100 גרם,false,,17.90,0.0994,true,1,178558
7290015858434,false,שום כתוש עללחם 250 ג,,,שום כתוש עללחם 250 ג,גרמים,250.00,100 גרם,false,,15.90,0.0636,true,1,179864
7290016006322,false,מי עדן 1 ליטר,,,מי עדן 1 ליטר,ליטר,1.00,ליטר,false,,5.00,5.0000,true,1,153051
7290016094817,false,אולטרסול ספריי שמן ג,,,אולטרסול ספריי שמן ג,מיליליטרים,200.00,"100 מ""ל",false,,49.90,0.2495,true,1,152054
7290016094961,false,אולטרסול בייבינטורל,,,אולטרסול בייבינטורל,מיליליטרים,50.00,"100 מ""ל",false,,59.90,1.1980,true,1,121217
7290016096811,false,ממרח טונה פילטונה רב,,,ממרח טונה פילטונה רב,גרמים,160.00,100 גרם,false,,19.90,0.1244,true,1,178032
7290016096934,false,סלט טונה 2 יח' פילטו,,,סלט טונה 2 יח' פילטו,גרמים,320.00,100 גרם,false,,12.90,0.0403,true,1,183732
7290016114300,false,לילי גליל כפול 16 גל,,,לילי גליל כפול 16 גל,מטרים,588.00,מטר,false,,36.90,0.0628,true,1,103535
7290016144024,false,קמח כוסמין מלא 100%,,,קמח כוסמין מלא 100%,אלף,1.00,"ק""ג",false,,14.90,14.9000,true,1,160193
7290016144031,false,קמח לבן מנופה נפלאות,,,קמח לבן מנופה נפלאות,אלף,1.00,"ק""ג",false,,6.90,6.9000,true,1,160194
7290016150117,false,מעדן סלק בוואקום 500,,,מעדן סלק בוואקום 500,גרם,500.00,גרם,false,,6.90,0.0138,true,1,137379
7290016150711,false,AVEL נוזל קוקוס תאיל,,,AVEL נוזל קוקוס תאיל,מיליליטרים,400.00,"100 מ""ל",false,,5.90,0.0148,true,1,173242
7290016217735,false,חציל על האש סלטי שמי,,,חציל על האש סלטי שמי,גרמים,200.00,100 גרם,false,,7.90,0.0395,true,1,110857
7290016217742,false,חציל בטחינה סלטי שמי,,,חציל בטחינה סלטי שמי,גרמים,200.00,100 גרם,false,,7.90,0.0395,true,1,110858
7290016246018,false,בארכה מיקס פינוקיות,,,בארכה מיקס פינוקיות,גרמים,200.00,100 גרם,false,,13.90,0.0695,true,1,111887
7290016246025,false,בארכה פנוקיות חלבה ל,,,בארכה פנוקיות חלבה ל,גרמים,200.00,100 גרם,false,,13.90,0.0695,true,1,111888
7290016246490,false,בארכה חלבה קלאסית 40,,,בארכה חלבה קלאסית 40,גרמים,400.00,100 גרם,false,,10.90,0.0273,true,1,176014
7290016408294,false,מרשמלו ורוד לבן 150,,,מרשמלו ורוד לבן 150,גרמים,150.00,100 גרם,false,,6.90,0.0460,true,1,130332
7290016509786,false,פרסיל ג'ל 2.5 ליטר י,,,פרסיל ג'ל 2.5 ליטר י,ליטר,2.50,ליטר,false,,33.90,13.5600,true,1,164262
7290016510232,false,תחליב רחצה יוגורט קו,,,תחליב רחצה יוגורט קו,מיליליטרים,700.00,"100 מ""ל",false,,10.90,0.0156,true,1,165097
7290016510249,false,תחליב רחצה יוגורט שק,,,תחליב רחצה יוגורט שק,מיליליטרים,700.00,"100 מ""ל",false,,10.90,0.0156,true,1,165098
7290016548341,false,מגבונים MONO בייבי,,,מגבונים MONO בייבי,אלף,1.05,"ק""ג",false,,8.90,8.4762,true,1,182512
7290016584004,false,חטיפוני גזר 130 גרם,,,חטיפוני גזר 130 גרם,גרמים,150.00,100 גרם,false,,5.90,0.0393,true,1,152466
7290016584011,false,חטיפוני גזר 350 גרם,,,חטיפוני גזר 350 גרם,גרמים,350.00,100 גרם,false,,11.90,0.0340,true,1,141968
7290016584103,true,גזר צבעוני,,,גזר צבעוני,אין,0.00,יחידה,false,,10.90,0.0000,true,1,181583
7290016682243,false,פרי ניב מיץ אשכולית,,,פרי ניב מיץ אשכולית,ליטר,2.00,ליטר,false,,14.90,7.4500,true,1,173586
7290016682342,false,פרי ניב מיץ 100% טבע,,,פרי ניב מיץ 100% טבע,ליטר,2.00,ליטר,false,,27.90,13.9500,true,1,178449
7290016682359,false,פרי ניב מיץ 100% טבע,,,פרי ניב מיץ 100% טבע,ליטר,2.00,ליטר,false,,27.90,13.9500,true,1,178450
7290016682441,false,פריניב מיץ תפוזים סח,,,פריניב מיץ תפוזים סח,ליטר,1.00,ליטר,false,,16.90,16.9000,true,1,178452
7290016823004,false,בזיליקום יח',,,בזיליקום יח',00000000000000000000,0.00,00000000000000000000,false,,6.90,0.0000,true,1,136330
7290016823028,false,עירית,,,עירית,אין,0.00,יחידה,false,,6.90,0.0000,true,1,132907
7290016823059,false,טימין,,,טימין,אין,0.00,יחידה,false,,6.90,0.0000,true,1,136332
7290016823066,false,רוזמרין,,,רוזמרין,אין,0.00,יחידה,false,,6.90,0.0000,true,1,136333
7290016867053,false,לחם קל כוסמין בתוספת,,,לחם קל כוסמין בתוספת,גרמים,450.00,100 גרם,false,,20.90,0.0464,true,1,184550
7290016867114,false,לחם כוסמין קל מלא 50,,,לחם כוסמין קל מלא 50,גרמים,500.00,100 גרם,false,,19.90,0.0398,true,1,184551
7290016867152,false,פיתות קלות כוסמין 29,,,פיתות קלות כוסמין 29,גרמים,292.00,100 גרם,false,,14.90,0.0510,true,1,184552
7290016867176,false,לחמניות ק. כוסמין שו,,,לחמניות ק. כוסמין שו,גרמים,300.00,100 גרם,false,,15.90,0.0530,true,1,184250
7290016867237,false,לחם קל כוסמין במתיקו,,,לחם קל כוסמין במתיקו,גרמים,400.00,100 גרם,false,,20.70,0.0517,true,1,184490
7290016867527,false,בייגלה כוסמין 300 גר,,,בייגלה כוסמין 300 גר,גרמים,300.00,100 גרם,false,,15.90,0.0530,true,1,178383
7290016998184,false,עלי חסה ערבית שטופה,,,עלי חסה ערבית שטופה,גרמים,250.00,100 גרם,false,,10.90,0.0436,true,1,182529
7290016998191,false,מיקס עלי ביבי 120 גר,,,מיקס עלי ביבי 120 גר,גרמים,120.00,100 גרם,false,,9.90,0.0825,true,1,182777
7290016998207,false,לקט קסם השדה 350 גר,,,לקט קסם השדה 350 גר,גרמים,350.00,100 גרם,false,,10.90,0.0311,true,1,182778
7290016998214,false,עלי תרד ביבי 200 גר,,,עלי תרד ביבי 200 גר,גרמים,200.00,100 גרם,false,,10.90,0.0545,true,1,183300
7290016998221,false,מיקס צבעי הטבע 350 ג,,,מיקס צבעי הטבע 350 ג,גרמים,350.00,100 גרם,false,,10.90,0.0311,true,1,182530
7290016998238,false,כרוב לבן קצוץ 400 גר,,,כרוב לבן קצוץ 400 גר,גרמים,400.00,100 גרם,false,,8.90,0.0223,true,1,182531
7290016998245,false,מיקס שורשים 400 גר,,,מיקס שורשים 400 גר,גרמים,400.00,100 גרם,false,,9.90,0.0248,true,1,182651
7290016998252,false,חסה אייסברג חתוכה 30,,,חסה אייסברג חתוכה 30,גרמים,300.00,100 גרם,false,,8.90,0.0297,true,1,182532
7290016998269,false,לקט קולסלאו 400 גר,,,לקט קולסלאו 400 גר,גרמים,400.00,100 גרם,false,,8.90,0.0223,true,1,182533
7290016998276,false,גזר חתוך דק 250 גר,,,גזר חתוך דק 250 גר,גרמים,250.00,100 גרם,false,,7.90,0.0316,true,1,182534
7290016998283,false,לקט סלנובה 200 גר,,,לקט סלנובה 200 גר,גרמים,200.00,100 גרם,false,,11.90,0.0595,true,1,182535
7290016998320,false,לבבות קיסר מארז,,,לבבות קיסר מארז,גרמים,1.00,100 גרם,false,,11.90,11.9000,true,1,182536
7290016998337,false,עלי רוקט 150 גר,,,עלי רוקט 150 גר,גרמים,150.00,100 גרם,false,,9.90,0.0660,true,1,182779
7290016998368,false,לקט ירקות למוקפץ 500,,,לקט ירקות למוקפץ 500,גרמים,500.00,100 גרם,false,,12.90,0.0258,true,1,182537
7290017040332,false,בסיס פיצה מכרובית לל,,,בסיס פיצה מכרובית לל,אין,0.00,יחידה,false,,23.90,0.0000,true,1,182087
7290017058733,false,שלישייה גרעיני חומוס,,,שלישייה גרעיני חומוס,גרמים,495.00,100 גרם,false,,9.90,0.0200,true,1,185548
7290017062662,false,מרכך כביסה מרוכז טאצ,,,מרכך כביסה מרוכז טאצ,ליטר,1.00,ליטר,false,,13.90,13.9000,true,1,176185
7290017062686,false,מרכך כביסה מרוכז טאצ,,,מרכך כביסה מרוכז טאצ,ליטר,1.00,ליטר,false,,13.90,13.9000,true,1,184531
7290017062693,false,מרכך כביסה מרוכז טאצ,,,מרכך כביסה מרוכז טאצ,ליטר,1.00,ליטר,false,,13.90,13.9000,true,1,178600
7290017062723,false,מרכך כביסה מרוכז טאצ,,,מרכך כביסה מרוכז טאצ,ליטר,1.00,ליטר,false,,13.90,13.9000,true,1,176186
7290017062747,false,נוזל כלים תפוח 36% 7,,,נוזל כלים תפוח 36% 7,מיליליטרים,750.00,"100 מ""ל",false,,9.90,0.0132,true,1,184319
7290017062754,false,נוזל כלים לימון 36%,,,נוזל כלים לימון 36%,מיליליטרים,750.00,"100 מ""ל",false,,9.90,0.0132,true,1,176187
7290017065137,false,גבינה ריקוטה למריחה,,,גבינה ריקוטה למריחה,גרמים,200.00,100 גרם,false,,11.50,0.0575,true,1,146583
7290017065212,false,קרם מסקרפונה להקצפה,,,קרם מסקרפונה להקצפה,גרמים,250.00,100 גרם,false,,21.90,0.0876,true,1,161463
7290017065380,false,גרנה פדנו שבבים 100,,,גרנה פדנו שבבים 100,גרמים,100.00,100 גרם,false,,13.90,0.1390,true,1,176128
7290017065434,false,גד פרוסות גאודה 200,,,גד פרוסות גאודה 200,גרמים,200.00,100 גרם,false,,22.80,0.1140,true,1,178522
7290017065526,false,גד קוואטרו פורמאג'י,,,גד קוואטרו פורמאג'י,גרמים,300.00,100 גרם,false,,29.90,0.0997,true,1,176129
7290017065762,false,מאנורי גבינה בסגנון,,,מאנורי גבינה בסגנון,גרמים,100.00,100 גרם,false,,12.90,0.1290,true,1,184405
7290017065854,false,רוטב ביאנקה לפיצה לב,,,רוטב ביאנקה לפיצה לב,גרמים,200.00,100 גרם,false,,15.90,0.0795,true,1,185195
7290017065878,false,רוטב לפסטה צ'דר גד 2,,,רוטב לפסטה צ'דר גד 2,גרמים,200.00,100 גרם,false,,15.90,0.0795,true,1,185197
7290017068367,false,מיה שמרים בוואקום 12,,,מיה שמרים בוואקום 12,גרמים,125.00,100 גרם,false,,5.90,0.0472,true,1,176715
7290017088105,false,ביייביסיטר נוחות מיד,,,ביייביסיטר נוחות מיד,יח',40.00,יח',false,,31.90,0.7975,true,1,162391
7290017088914,false,מגבונים מבושם בייביס,,,מגבונים מבושם בייביס,אין,0.00,יחידה,false,,17.90,0.0000,true,1,179370
7290017105895,false,גרגרי חומוס מסעדות י,,,גרגרי חומוס מסעדות י,גרמים,550.00,100 גרם,false,,10.90,0.0198,true,1,182736
7290017121093,false,ממרח אריסה חריפה עלל,,,ממרח אריסה חריפה עלל,גרמים,250.00,100 גרם,false,,15.90,0.0636,true,1,180222
7290017142395,false,פסטה עם טונה בשמן זי,,,פסטה עם טונה בשמן זי,גרמים,160.00,100 גרם,false,,14.90,0.0931,true,1,184512
7290017142401,false,קינואה לבנה ואדומה ע,,,קינואה לבנה ואדומה ע,גרמים,160.00,100 גרם,false,,14.90,0.0931,true,1,184228
7290017142418,false,אורז עדשים עם טונה ב,,,אורז עדשים עם טונה ב,גרמים,160.00,100 גרם,false,,14.90,0.0931,true,1,181105
7290017266503,false,עלמה גלילי וופל במיל,,,עלמה גלילי וופל במיל,גרמים,100.00,100 גרם,false,,6.90,0.0690,true,1,177655
7290017426969,false,"פחמים שקד 2 ק""ג",,,"פחמים שקד 2 ק""ג",אין,0.00,יחידה,false,,14.50,0.0000,true,1,181458
7290017440309,false,"ד""ר פישר שמפו קידס 7",,,"ד""ר פישר שמפו קידס 7",מיליליטרים,750.00,"100 מ""ל",false,,17.90,0.0239,true,1,185607
7290017457925,false,מרכך כביסה מרוכז סוד,,,מרכך כביסה מרוכז סוד,מיליליטרים,900.00,"100 מ""ל",false,,14.90,0.0166,true,1,178596
7290017457932,false,מרכך כביסה מרוכז סוד,,,מרכך כביסה מרוכז סוד,מיליליטרים,900.00,"100 מ""ל",false,,14.90,0.0166,true,1,182171
7290017477169,false,"קשיו קלוי 250 ג""ר",,,"קשיו קלוי 250 ג""ר",גרם,250.00,גרם,false,,20.00,0.0800,true,1,163099
7290017513782,false,בייגלה מצופה שוקולד,,,בייגלה מצופה שוקולד,גרמים,140.00,100 גרם,false,,8.90,0.0636,true,1,177328
7290017637556,false,שמפו CLEANSING לקרקפ,,,שמפו CLEANSING לקרקפ,מיליליטרים,500.00,"100 מ""ל",false,,25.90,0.0518,true,1,186150
7290017641744,false,איגלו סטיקס כרמית 8*,,,איגלו סטיקס כרמית 8*,גרמים,800.00,100 גרם,false,,5.90,0.0074,true,1,184906
7290017696393,false,בורגר פטריות מן הצומ,,,בורגר פטריות מן הצומ,גרמים,500.00,100 גרם,false,,34.90,0.0698,true,1,183529
7290017715490,false,גרעיני תירס תומר 550,,,גרעיני תירס תומר 550,גרמים,550.00,100 גרם,false,,5.90,0.0107,true,1,180225
7290017715520,false,שימורי חומוס תומר 55,,,שימורי חומוס תומר 55,גרמים,550.00,100 גרם,false,,4.90,0.0089,true,1,176159
7290017715674,false,זית ירוק חרוזית תומר,,,זית ירוק חרוזית תומר,גרמים,560.00,100 גרם,false,,9.90,0.0177,true,1,185796
7290017715872,false,כרוב כבוש תומר 560 ג,,,כרוב כבוש תומר 560 ג,גרמים,560.00,100 גרם,false,,7.90,0.0141,true,1,181566
7290017871363,true,סבון ידיים מועשר בשמ,,,סבון ידיים מועשר בשמ,מיליליטרים,500.00,"100 מ""ל",false,,10.90,0.0218,true,1,184866
7290017871370,true,סבון ידיים מועשר בשמ,,,סבון ידיים מועשר בשמ,מיליליטרים,500.00,"100 מ""ל",false,,10.90,0.0218,true,1,182600
7290017871462,false,טוסו חטיף פצפוצי אור,,,טוסו חטיף פצפוצי אור,גרם,0.00,גרם,false,,17.90,0.0000,true,1,184662
7290017872056,false,פמלי אל סבון סידרה ל,,,פמלי אל סבון סידרה ל,מיליליטרים,500.00,"100 מ""ל",false,,16.90,0.0338,true,1,182040
7290017872261,false,טוסו חטיף דגנים עם ש,,,טוסו חטיף דגנים עם ש,גרמים,105.00,100 גרם,false,,17.90,0.1705,true,1,182146
7290017873008,false,גלילונית שקיות רב שי,,,גלילונית שקיות רב שי,אין,0.00,יחידה,false,,16.90,0.0000,true,1,185449
7290017888729,false,שוופס סודה 1 ליטר,,,שוופס סודה 1 ליטר,ליטר,1.00,ליטר,false,,4.90,4.9000,true,1,178509
7290017928043,false,גריסיני קראנץ' מלח מ,,,גריסיני קראנץ' מלח מ,גרמים,175.00,100 גרם,false,,12.90,0.0737,true,1,176474
7290017928098,false,בייגלה שטוח מלח מאיר,,,בייגלה שטוח מלח מאיר,גרמים,330.00,100 גרם,false,,12.90,0.0391,true,1,178477
7290017928463,false,שברי בייגלה דבש חרדל,,,שברי בייגלה דבש חרדל,גרמים,300.00,100 גרם,false,,13.90,0.0463,true,1,176478
7290017928524,false,בייגלה שטוח ניגובים,,,בייגלה שטוח ניגובים,גרמים,300.00,100 גרם,false,,12.90,0.0430,true,1,179826
7290017928661,false,שברי בייגלה בטעם צ'ד,,,שברי בייגלה בטעם צ'ד,גרמים,300.00,100 גרם,false,,13.90,0.0463,true,1,176480
7290017928685,false,בייגלה שמיניות עם מל,,,בייגלה שמיניות עם מל,גרמים,400.00,100 גרם,false,,12.90,0.0323,true,1,186137
7290017928746,false,פירורי בייגלה מאיר ב,,,פירורי בייגלה מאיר ב,גרמים,200.00,100 גרם,false,,7.90,0.0395,true,1,180805
7290017941349,false,נרונים 72 יח' 4 שעות,,,נרונים 72 יח' 4 שעות,אין,0.00,יחידה,false,,24.90,0.0000,true,1,178892
7290017941370,false,להבונים 50 יח' 3 שעו,,,להבונים 50 יח' 3 שעו,אין,0.00,יחידה,false,,10.90,0.0000,true,1,178818
7290017941394,false,נייר סנדוויץ 100 יח',,,נייר סנדוויץ 100 יח',אין,0.00,יחידה,false,,10.90,0.0000,true,1,178358
7290017941455,false,כוסות 9oz לשתיה חמה,,,כוסות 9oz לשתיה חמה,אין,0.00,יחידה,false,,14.90,0.0000,true,1,186769
7290017941462,false,כוסות שתיה חמה 8B י,,,כוסות שתיה חמה 8B י,אין,0.00,יחידה,false,,10.90,0.0000,true,1,186770
7290017941677,false,מארז תבניות רוסטר בנ,,,מארז תבניות רוסטר בנ,אין,0.00,יחידה,false,,14.90,0.0000,true,1,180251
7290017941684,false,מארז תבניות רוסטר ענ,,,מארז תבניות רוסטר ענ,אין,0.00,יחידה,false,,14.90,0.0000,true,1,181440
7290017941714,false,שקיות רב שימושיות זו,,,שקיות רב שימושיות זו,אין,0.00,יחידה,false,,9.90,0.0000,true,1,179908
7290017941844,false,מגש איכותי מרובע 12*,,,מגש איכותי מרובע 12*,אין,0.00,יחידה,false,,15.90,0.0000,true,1,185170
7290017941929,false,"שיפודי יקטורי 18 ס""מ",,,"שיפודי יקטורי 18 ס""מ",אין,0.00,יחידה,false,,7.90,0.0000,true,1,182550
7290017941943,false,שיפודי במבוק עובי 3,,,שיפודי במבוק עובי 3,אין,0.00,יחידה,false,,3.50,0.0000,true,1,179401
7290017941950,false,שקיות אוכל זוגות 150,,,שקיות אוכל זוגות 150,אין,0.00,יחידה,false,,10.90,0.0000,true,1,178068
7290017941998,false,שיפודים רחבים לקבב 9,,,שיפודים רחבים לקבב 9,אין,0.00,יחידה,false,,6.90,0.0000,true,1,182551
7290017946368,false,סוד כדוריות לאסלה P.,,,סוד כדוריות לאסלה P.,גרמים,150.00,100 גרם,false,,19.90,0.1327,true,1,176178
7290017946764,false,מנקה מכונת כביסה,,,מנקה מכונת כביסה,גרמים,150.00,100 גרם,false,,21.90,0.1460,true,1,181753
7290017947105,false,לחם בסגנון אמריקה אנ,,,לחם בסגנון אמריקה אנ,גרמים,500.00,100 גרם,false,,13.90,0.0278,true,1,177463
7290017947921,true,מארז לחמניות המבורגר,,,מארז לחמניות המבורגר,גרמים,450.00,100 גרם,false,,12.90,0.0287,true,1,177479
7290017947938,false,8 לחמניות המבורגר בס,,,8 לחמניות המבורגר בס,גרמים,4000.00,100 גרם,false,,13.90,0.0035,true,1,177480
7290018091265,false,פיצה נפוליטנה 100% מ,,,פיצה נפוליטנה 100% מ,גרמים,330.00,100 גרם,false,,21.90,0.0664,true,1,178334
7290018091821,false,פיצה נפוליטה 200 גרם,,,פיצה נפוליטה 200 גרם,גרמים,250.00,100 גרם,false,,16.90,0.0676,true,1,177492
7290018131756,false,נסטלה וניל מצופה תות,,,נסטלה וניל מצופה תות,גרמים,440.00,100 גרם,false,,31.90,0.0725,true,1,185325
7290018165560,false,תירוש לבן של סגל 1 ל,,,תירוש לבן של סגל 1 ל,ליטר,1.00,ליטר,false,,12.90,12.9000,true,1,181384
7290018237304,false,פסטרמה מקסיקנית מנתח,,,פסטרמה מקסיקנית מנתח,גרמים,200.00,100 גרם,false,,24.90,0.1245,true,1,186170
7290018237335,false,פסטרמה מהגריל מנתח ש,,,פסטרמה מהגריל מנתח ש,גרמים,200.00,100 גרם,false,,24.90,0.1245,true,1,182056
7290018237489,false,עוף טוב דק דק פסטרמה,,,עוף טוב דק דק פסטרמה,גרמים,220.00,100 גרם,false,,23.90,0.1086,true,1,179850
7290018294352,false,"ארק יקבי כרמל 700 מ""",,,"ארק יקבי כרמל 700 מ""",מיליליטרים,700.00,"100 מ""ל",false,,60.20,0.0860,true,1,183260
7290018333044,false,שלוקים בטעם ענבים 20,,,שלוקים בטעם ענבים 20,גרמים,200.00,100 גרם,false,,22.90,0.1145,true,1,180751
7290018344118,false,חטיף חלבון פירות וסל,,,חטיף חלבון פירות וסל,גרמים,50.00,100 גרם,false,,11.90,0.2380,true,1,180910
7290018344125,false,חטיף חלבון אגוזי לוז,,,חטיף חלבון אגוזי לוז,גרמים,50.00,100 גרם,false,,11.90,0.2380,true,1,178662
7290018344156,false,חלווה משומשום מלא שק,,,חלווה משומשום מלא שק,גרמים,70.00,100 גרם,false,,9.90,0.1414,true,1,178384
7290018344163,false,חלווה משומשום פולי ק,,,חלווה משומשום פולי ק,גרמים,70.00,100 גרם,false,,9.90,0.1414,true,1,181789
7290018344187,false,חלווה משומשום מלא פי,,,חלווה משומשום מלא פי,גרמים,70.00,100 גרם,false,,9.90,0.1414,true,1,180911
7290018359853,false,עדשים שחורות יכין 40,,,עדשים שחורות יכין 40,גרמים,400.00,100 גרם,false,,7.90,0.0198,true,1,177980
7290018380871,false,פטיסון כבוש שלם תומר,,,פטיסון כבוש שלם תומר,גרמים,670.00,100 גרם,false,,14.90,0.0222,true,1,181128
7290018400036,false,ירקות מוקפאים מעורבי,,,ירקות מוקפאים מעורבי,גרמים,800.00,100 גרם,false,,19.90,0.0249,true,1,184315
7290018440193,false,ביגלה בציפוי קרם בטע,,,ביגלה בציפוי קרם בטע,גרמים,140.00,100 גרם,false,,8.90,0.0636,true,1,182503
7290018440209,false,חטיף בייגלה אפוי בצי,,,חטיף בייגלה אפוי בצי,גרמים,140.00,100 גרם,false,,8.90,0.0636,true,1,184314
7290018440230,false,חווית הצ'אי- ורדים 2,,,חווית הצ'אי- ורדים 2,גרמים,50.00,100 גרם,false,,23.90,0.4780,true,1,178301
7290018440247,false,חווית הצ'אי- שקדים 2,,,חווית הצ'אי- שקדים 2,גרמים,50.00,100 גרם,false,,23.90,0.4780,true,1,182762
7290018440254,false,חווית הצ'אי- קרמל מל,,,חווית הצ'אי- קרמל מל,גרמים,50.00,100 גרם,false,,23.90,0.4780,true,1,182504
7290018440483,false,בייגלה מצופה קרמל מל,,,בייגלה מצופה קרמל מל,גרמים,140.00,100 גרם,false,,8.90,0.0636,true,1,182505
7290018440896,false,חליטת ג'ינג'ר וכורכו,,,חליטת ג'ינג'ר וכורכו,גרמים,37.50,100 גרם,false,,18.90,0.5040,true,1,178786
7290018441626,false,גלידת שמנת בטעם מנטה,,,גלידת שמנת בטעם מנטה,גרמים,430.00,100 גרם,false,,24.90,0.0579,true,1,181103
7290018468326,false,נקניקיות צמחוניות בס,,,נקניקיות צמחוניות בס,גרמים,400.00,100 גרם,false,,41.90,0.1047,true,1,184748
7290018471029,false,שוופס סודה לימון שיש,,,שוופס סודה לימון שיש,ליטר,3.00,ליטר,false,,16.30,5.4333,true,1,180192
7290018471036,false,שוופס סודה לימון 500,,,שוופס סודה לימון 500,מיליליטרים,500.00,"100 מ""ל",false,,3.50,0.0070,true,1,182488
7290018471210,false,קרטונית אגס תפוח וסב,,,קרטונית אגס תפוח וסב,ליטר,1.00,ליטר,false,,7.90,7.9000,true,1,181543
7290018471470,false,נקטר תפוזינה ENJOY ב,,,נקטר תפוזינה ENJOY ב,ליטר,1.00,ליטר,false,,7.90,7.9000,true,1,185767
7290018471487,false,נקטר תפוזינה ENJOY ב,,,נקטר תפוזינה ENJOY ב,ליטר,1.00,ליטר,false,,7.90,7.9000,true,1,182609
7290018471494,false,נקטר תפוזינה ENJOY ב,,,נקטר תפוזינה ENJOY ב,ליטר,1.00,ליטר,false,,7.90,7.9000,true,1,181714
7290018471623,false,שוופס טוניק אשכוליות,,,שוופס טוניק אשכוליות,ליטר,1.00,ליטר,false,,10.80,10.8000,true,1,185490
7290018471906,false,שוופס מוגז לימונדה ו,,,שוופס מוגז לימונדה ו,ליטר,1.50,ליטר,false,,9.50,6.3333,true,1,181715
7290018471944,false,שוופס מוגז למונייד 1,,,שוופס מוגז למונייד 1,ליטר,1.50,ליטר,false,,9.50,6.3333,true,1,185154
7290018493700,false,סבון ידיים ויטמינים,,,סבון ידיים ויטמינים,מיליליטרים,500.00,"100 מ""ל",false,,13.90,0.0278,true,1,178037
7290018507445,false,רצועות חזה עוף בציפו,,,רצועות חזה עוף בציפו,גרמים,600.00,100 גרם,false,,42.90,0.0715,true,1,182071
7290018540329,false,פיתה פיתה אנגל 880 ג,,,פיתה פיתה אנגל 880 ג,יח',10.00,יח',false,,11.40,1.1400,true,1,177482
7290018571064,false,מקלוני טופי מיה 450,,,מקלוני טופי מיה 450,גרמים,450.00,100 גרם,false,,15.90,0.0353,true,1,181546
7290018626139,false,תבנית R-31 גדולה 9 י,,,תבנית R-31 גדולה 9 י,אין,0.00,יחידה,false,,9.90,0.0000,true,1,181152
7290018626153,false,תבנית R-88 אינגליש 1,,,תבנית R-88 אינגליש 1,אין,0.00,יחידה,false,,9.90,0.0000,true,1,184482
7290018626221,false,קינוחית אישית מרובעת,,,קינוחית אישית מרובעת,אין,0.00,יחידה,false,,12.50,0.0000,true,1,179402
7290018626528,false,ניילון נצמד 30*150 ע,,,ניילון נצמד 30*150 ע,מטרים,150.00,מטר,false,,19.90,0.1327,true,1,178628
7290018626580,false,צימרונים לאוזנים 100,,,צימרונים לאוזנים 100,אין,0.00,יחידה,false,,2.90,0.0000,true,1,182108
7290018626597,false,צימרונים לאוזנים איכ,,,צימרונים לאוזנים איכ,אין,0.00,יחידה,false,,4.90,0.0000,true,1,182186
7290018626627,false,מארז תבניות מאפינס 7,,,מארז תבניות מאפינס 7,אין,0.00,יחידה,false,,15.90,0.0000,true,1,184540
7290018626641,false,מארז תבניות רוסטר גד,,,מארז תבניות רוסטר גד,אין,0.00,יחידה,false,,15.90,0.0000,true,1,182187
7290018626658,false,מארז תבניות רוסטר שט,,,מארז תבניות רוסטר שט,אין,0.00,יחידה,false,,15.90,0.0000,true,1,181605
7290018626801,false,מגש עגול מחולק ל-6 ק,,,מגש עגול מחולק ל-6 ק,אין,0.00,יחידה,false,,9.90,0.0000,true,1,178362
7290018626818,false,מגש איכותי עגול קטן,,,מגש איכותי עגול קטן,אין,0.00,יחידה,false,,5.90,0.0000,true,1,183404
7290018626825,false,מגש איכותי עגול בינו,,,מגש איכותי עגול בינו,אין,0.00,יחידה,false,,9.90,0.0000,true,1,178631
7290018720103,false,אפיפיות בטעם שוקו לל,,,אפיפיות בטעם שוקו לל,גרמים,250.00,100 גרם,false,,8.90,0.0356,true,1,184543
7290018795385,false,חסה לליק,,,חסה לליק,אין,0.00,יחידה,false,,12.90,0.0000,true,1,183622
7290018879856,false,סוכריות טופי שטוח בט,,,סוכריות טופי שטוח בט,גרמים,400.00,100 גרם,false,,10.90,0.0273,true,1,185823
7290018886267,false,מגש איכותי מחולק ל 4,,,מגש איכותי מחולק ל 4,אין,0.00,יחידה,false,,9.90,0.0000,true,1,185919
7290018886991,false,שמן קנולה אלומות 1 ל,,,שמן קנולה אלומות 1 ל,ליטר,1.00,ליטר,false,,11.90,11.9000,true,1,185118
7290018893005,false,בייגלה שטוח בתוספת ח,,,בייגלה שטוח בתוספת ח,גרמים,200.00,100 גרם,false,,7.90,0.0395,true,1,180218
7290018893081,false,צ'וקטה מגולגלות חלב,,,צ'וקטה מגולגלות חלב,גרמים,222.00,100 גרם,false,,8.90,0.0401,true,1,182619
7290018893609,false,שוקולד מריר 85% צ`וק,,,שוקולד מריר 85% צ`וק,גרמים,100.00,100 גרם,false,,7.90,0.0790,true,1,182754
7290018893616,false,שישיית צוקטה שוקולד4,,,שישיית צוקטה שוקולד4,גרמים,600.00,100 גרם,false,,18.90,0.0315,true,1,179348
7290018893807,false,מארז שוקולד מריר 60%,,,מארז שוקולד מריר 60%,גרמים,300.00,100 גרם,false,,11.90,0.0397,true,1,184232
7290018921029,false,רביעיית מגבוני קמיל,,,רביעיית מגבוני קמיל,יח,1.00,יח,false,,22.90,22.9000,true,1,184316
7290018921654,false,תחליב רחצה לגוף מועש,,,תחליב רחצה לגוף מועש,מיליליטרים,700.00,"100 מ""ל",false,,17.90,0.0256,true,1,183386
7290018925003,false,מיץ תפוח ודובדבן פרי,,,מיץ תפוח ודובדבן פרי,מיליליטרים,750.00,"100 מ""ל",false,,15.20,0.0203,true,1,185770
7290018925065,false,פרימור מיץ תפוזים סח,,,פרימור מיץ תפוזים סח,ליטר,2.00,ליטר,false,,27.90,13.9500,true,1,178443
7290019031062,false,תבנית R-2 מלבנית 7 י,,,תבנית R-2 מלבנית 7 י,אין,0.00,יחידה,false,,9.90,0.0000,true,1,180600
7290019031079,false,תבנית R-29 מרובעת קט,,,תבנית R-29 מרובעת קט,אין,0.00,יחידה,false,,9.90,0.0000,true,1,180601
7290019031086,false,תבנית R-31 גדולה 7 י,,,תבנית R-31 גדולה 7 י,אין,0.00,יחידה,false,,9.90,0.0000,true,1,180602
7290019031109,false,תבנית R-88 אינגליש 1,,,תבנית R-88 אינגליש 1,אין,0.00,יחידה,false,,9.90,0.0000,true,1,180604
7290019031116,false,תבנית R-99 ענקית 3 י,,,תבנית R-99 ענקית 3 י,אין,0.00,יחידה,false,,9.90,0.0000,true,1,180605
7290019031123,false,תבנית אלומינים A-14,,,תבנית אלומינים A-14,אין,0.00,יחידה,false,,9.90,0.0000,true,1,180606
7290019031307,false,לפתניות לבנות 25 יח',,,לפתניות לבנות 25 יח',אין,0.00,יחידה,false,,6.90,0.0000,true,1,184485
7290019031345,false,צלחות גדולות 9 לבן 2,,,צלחות גדולות 9 לבן 2,אין,0.00,יחידה,false,,13.90,0.0000,true,1,186824
7290019031383,false,סבון ידיים מאסק 1 לי,,,סבון ידיים מאסק 1 לי,ליטרים,1.00,100 ליטר,false,,10.90,10.9000,true,1,185949
7290019031390,false,סבון ידיים אביבי 1 ל,,,סבון ידיים אביבי 1 ל,ליטרים,1.00,100 ליטר,false,,10.90,10.9000,true,1,181777
7290019031406,false,רביעיית מגבונים לחים,,,רביעיית מגבונים לחים,אין,0.00,יחידה,false,,10.90,0.0000,true,1,183541
7290019031420,false,אל סבון נוזלי שלישיי,,,אל סבון נוזלי שלישיי,מיליליטרים,500.00,"100 מ""ל",false,,12.90,0.0258,true,1,184423
7290019056027,false,שוופס מוגז פירות תפו,,,שוופס מוגז פירות תפו,ליטר,1.50,ליטר,false,,9.20,6.1333,true,1,178512
7290019056041,false,שוופס מוגז פירות ללא,,,שוופס מוגז פירות ללא,ליטר,1.50,ליטר,false,,8.90,5.9333,true,1,185452
7290019056058,false,שוופס מוגז עדין תפוח,,,שוופס מוגז עדין תפוח,ליטר,1.50,ליטר,false,,8.90,5.9333,true,1,181100
7290019056096,false,שוופס מוגז עדין אפרס,,,שוופס מוגז עדין אפרס,ליטר,1.50,ליטר,false,,8.90,5.9333,true,1,181101
7290019056324,false,שוופס מי טוניק 1.5 ל,,,שוופס מי טוניק 1.5 ל,ליטר,1.50,ליטר,false,,12.90,8.6000,true,1,185249
7290019056362,false,תפוזינה ענבים 1.5 לי,,,תפוזינה ענבים 1.5 לי,ליטר,1.50,ליטר,false,,9.30,6.2000,true,1,184306
7290019056515,false,פרוט ווטר אננס 1.5 ל,,,פרוט ווטר אננס 1.5 ל,ליטר,1.50,ליטר,false,,9.30,6.2000,true,1,179846
7290019056539,false,פרוט ווטר אפרסק 1.5,,,פרוט ווטר אפרסק 1.5,ליטר,1.50,ליטר,false,,9.30,6.2000,true,1,183715
7290019056553,false,עין גדי מים מינרלים,,,עין גדי מים מינרלים,ליטר,12.00,ליטר,false,,13.80,1.1500,true,1,186053
7290019056584,false,ספרינג תפוזים 1.5 לי,,,ספרינג תפוזים 1.5 לי,ליטר,1.50,ליטר,false,,9.50,6.3333,true,1,186248
7290019056591,false,ספרינג ענבים 1.5 ליט,,,ספרינג ענבים 1.5 ליט,ליטר,1.50,ליטר,false,,9.50,6.3333,true,1,186249
7290019056638,false,ספרינג תות בננה 1.5,,,ספרינג תות בננה 1.5,ליטר,1.50,ליטר,false,,9.30,6.2000,true,1,181716
7290019056652,false,ספרינג אננס בננה 1.5,,,ספרינג אננס בננה 1.5,ליטר,1.50,ליטר,false,,9.50,6.3333,true,1,186250
7290019153221,false,שוופס סודה אננס 500,,,שוופס סודה אננס 500,מיליליטרים,500.00,"100 מ""ל",false,,5.80,0.0116,true,1,184704
7290019153238,false,שוופס סודה תפוח 500,,,שוופס סודה תפוח 500,מיליליטרים,500.00,"100 מ""ל",false,,5.80,0.0116,true,1,184705
7290019153245,false,שוופס סודה לימון 500,,,שוופס סודה לימון 500,מיליליטרים,500.00,"100 מ""ל",false,,5.80,0.0116,true,1,184706
7290019319382,false,פירות קפואים 400 גרם,,,פירות קפואים 400 גרם,גרמים,400.00,100 גרם,false,,16.90,0.0422,true,1,185555
7290100240656,false,פתית שיפון תלמה 300,,,פתית שיפון תלמה 300,גרמים,300.00,100 גרם,false,,17.90,0.0597,true,1,104781
7290100243671,false,בדין אקסטרא כחול-960,,,בדין אקסטרא כחול-960,מיליליטרים,960.00,"100 מ""ל",false,,15.90,0.0166,true,1,104792
7290100411278,false,תפוח ואגס 190גרם BEL,,,תפוח ואגס 190גרם BEL,גרמים,190.00,100 גרם,false,,5.90,0.0311,true,1,121425
7290100412800,false,תחליב רחצה עור יבש פ,,,תחליב רחצה עור יבש פ,מיליליטרים,700.00,"100 מ""ל",false,,15.90,0.0227,true,1,148829
7290100573396,false,סט 3 פקקים,,,סט 3 פקקים,אין,0.00,יחידה,false,,9.90,0.0000,true,1,126069
7290100658338,false,פלמוליב לכלים אוקסי-,,,פלמוליב לכלים אוקסי-,מיליליטרים,750.00,"100 מ""ל",false,,12.90,0.0172,true,1,113840
7290100680650,false,מנה חמה נודלס תאילנד,,,מנה חמה נודלס תאילנד,גרמים,76.00,100 גרם,false,,6.90,0.0908,true,1,157962
7290100680667,false,מנה חמה נודלס ירקות,,,מנה חמה נודלס ירקות,גרמים,76.00,100 גרם,false,,6.90,0.0908,true,1,111895
7290100680711,false,אסם פירורית זהב 350,,,אסם פירורית זהב 350,גרמים,350.00,100 גרם,false,,9.90,0.0283,true,1,111896
7290100681015,false,אסם פודינג אינסטנט ר,,,אסם פודינג אינסטנט ר,גרמים,84.00,100 גרם,false,,6.50,0.0774,true,1,111899
7290100681114,false,אסם רוטב סויה בסגנון,,,אסם רוטב סויה בסגנון,מיליליטרים,600.00,"100 מ""ל",false,,17.80,0.0297,true,1,111900
7290100681138,false,אפרופו מאח 3*50 גר',,,אפרופו מאח 3*50 גר',גרמים,150.00,100 גרם,false,,12.90,0.0860,true,1,111901
7290100683880,false,פירה אסם 260 גרם,,,פירה אסם 260 גרם,גרמים,260.00,100 גרם,false,,15.90,0.0612,true,1,111911
7290100684139,false,מיני מקרוני אסם 500,,,מיני מקרוני אסם 500,גרמים,500.00,100 גרם,false,,6.90,0.0138,true,1,111912
7290100685136,false,מרק בטעם עוף אסם 1 ק,,,מרק בטעם עוף אסם 1 ק,אלף,1.00,"ק""ג",false,,10.90,10.9000,true,1,111919
7290100685341,false,מרק זך טעם עוף רכיבי,,,מרק זך טעם עוף רכיבי,גרמים,400.00,100 גרם,false,,15.90,0.0398,true,1,111922
7290100685563,false,פירורית זהב שקית 2*2,,,פירורית זהב שקית 2*2,גרמים,400.00,100 גרם,false,,9.90,0.0248,true,1,157964
7290100686171,false,ביסלי גריל מאח.8 6*3,,,ביסלי גריל מאח.8 6*3,גרמים,210.00,100 גרם,false,,14.50,0.0690,true,1,111931
7290100689301,false,מרק בטעם עוף זך אסם,,,מרק בטעם עוף זך אסם,גרמים,400.00,100 גרם,false,,15.90,0.0398,true,1,111941
7290100700075,false,פירורי לחם מוזהבים ש,,,פירורי לחם מוזהבים ש,גרמים,200.00,100 גרם,false,,3.90,0.0195,true,1,110423
7290100700266,false,סוגת פרורי לחם לבן 2,,,סוגת פרורי לחם לבן 2,גרמים,200.00,100 גרם,false,,3.90,0.0195,true,1,110425
7290100700273,false,קינואה סוגת 500 גרם,,,קינואה סוגת 500 גרם,גרמים,500.00,100 גרם,false,,15.90,0.0318,true,1,110426
7290100700310,false,כוסמת 1 ק'ג,,,כוסמת 1 ק'ג,אלף,1.00,"ק""ג",false,,11.90,11.9000,true,1,110428
7290100700372,false,אורז בסמטי מלא 1 ק'ג,,,אורז בסמטי מלא 1 ק'ג,אלף,1.00,"ק""ג",false,,14.90,14.9000,true,1,110432
7290100700402,false,חומוס ענק 1 ק'ג,,,חומוס ענק 1 ק'ג,אלף,1.00,"ק""ג",false,,20.90,20.9000,true,1,110435
7290100700587,false,סוגת בורגול 500 גר,,,סוגת בורגול 500 גר,גרמים,500.00,100 גרם,false,,6.90,0.0138,true,1,110440
7290100701454,false,גרישה 500 גרם,,,גרישה 500 גרם,גרמים,500.00,100 גרם,false,,6.90,0.0138,true,1,110452
7290100702994,false,סוכר דמררה בשקית סוג,,,סוכר דמררה בשקית סוג,גרמים,500.00,100 גרם,false,,6.90,0.0138,true,1,110507
7290100703625,false,קמח לבן ללא ניפוי סו,,,קמח לבן ללא ניפוי סו,אלף,1.00,"ק""ג",false,,8.90,8.9000,true,1,157792
7290100703632,false,קמח מלא ללא ניפוי סו,,,קמח מלא ללא ניפוי סו,אלף,1.00,"ק""ג",false,,8.90,8.9000,true,1,157793
7290100703687,false,קמח חלה ללא ניפוי סו,,,קמח חלה ללא ניפוי סו,אלף,1.00,"ק""ג",false,,8.90,8.9000,true,1,157797
7290100703861,false,קמח תערובת קסם לחלה,,,קמח תערובת קסם לחלה,אלף,1.00,"ק""ג",false,,8.90,8.9000,true,1,157798
7290100704493,false,קמח שמרים פיצה סוגת,,,קמח שמרים פיצה סוגת,אלף,1.00,"ק""ג",false,,8.90,8.9000,true,1,176778
7290100704578,false,קמח כוסמין לבן סוגת,,,קמח כוסמין לבן סוגת,אלף,1.00,"ק""ג",false,,14.00,14.0000,true,1,176779
7290100704608,false,שעועית לבנה עדינה 50,,,שעועית לבנה עדינה 50,גרמים,500.00,100 גרם,false,,8.90,0.0178,true,1,182902
7290100704615,false,סוכר לבן דק דק בצנצנ,,,סוכר לבן דק דק בצנצנ,גרמים,500.00,100 גרם,false,,8.90,0.0178,true,1,182491
7290100704660,false,קינואה מיקס סוגת 500,,,קינואה מיקס סוגת 500,גרמים,500.00,100 גרם,false,,13.90,0.0278,true,1,178274
7290100704684,false,קמח שמרים כוסמין רב,,,קמח שמרים כוסמין רב,אלף,1.00,"ק""ג",false,,22.90,22.9000,true,1,185491
7290100921593,false,סוד סבון 4 כדוריות ל,,,סוד סבון 4 כדוריות ל,גרמים,50.00,100 גרם,false,,9.90,0.1980,true,1,126798
7290100921623,false,סוד סבון 4 כדוריות ל,,,סוד סבון 4 כדוריות ל,גרמים,50.00,100 גרם,false,,9.90,0.1980,true,1,126801
7290100925676,false,קולור קאצ'ר 20 דפים,,,קולור קאצ'ר 20 דפים,אין,0.00,יחידה,false,,24.90,0.0000,true,1,126863
7290100926109,false,מרכך כביסה סוד צהוב,,,מרכך כביסה סוד צהוב,ליטר,4.00,ליטר,false,,18.90,4.7250,true,1,126873
7290100926598,false,פרסיל אבקת כביסה 5 ק,,,פרסיל אבקת כביסה 5 ק,אלף,5.00,"ק""ג",false,,44.90,8.9800,true,1,126881
7290101113768,false,מאגדת רביעייה שלגון,,,מאגדת רביעייה שלגון,גרמים,200.00,100 גרם,false,,21.90,0.1095,true,1,181135
7290101113805,false,מאגדת יופלה שייק פרי,,,מאגדת יופלה שייק פרי,גרמים,350.00,100 גרם,false,,24.90,0.0711,true,1,185286
7290101459880,false,נרות אותיות- יום הול,,,נרות אותיות- יום הול,00000000000000000000,0.00,00000000000000000000,false,,9.90,0.0000,true,1,124230
7290101551027,false,עלית קפסולות למכונות,,,עלית קפסולות למכונות,גרמים,50.00,100 גרם,false,,18.90,0.3780,true,1,175906
7290101551300,false,סילאן טבעי לחיץ יד מ,,,סילאן טבעי לחיץ יד מ,גרמים,380.00,100 גרם,false,,14.90,0.0392,true,1,169661
7290101551539,false,דנונה פרו 20 אפרסק 2,,,דנונה פרו 20 אפרסק 2,גרם,200.00,גרם,false,,6.50,0.0325,true,1,172654
7290101551584,false,מארז תפוצ'יפס קידס 1,,,מארז תפוצ'יפס קידס 1,גרם,200.00,גרם,false,,15.90,0.0795,true,1,172190
7290101551607,false,מארז שוש 10*25 גרם,,,מארז שוש 10*25 גרם,גרמים,250.00,100 גרם,false,,13.50,0.0540,true,1,170749
7290101825227,false,כפפות חד פעמי לטקס ע,,,כפפות חד פעמי לטקס ע,יח',100.00,יח',false,,24.90,0.2490,true,1,179993
7290101866787,false,וניש נוזל מסיר כתמים,,,וניש נוזל מסיר כתמים,ליטר,3.00,ליטר,false,,26.90,8.9667,true,1,113275
7290101868958,false,פיניש נוזל הברקה לימ,,,פיניש נוזל הברקה לימ,מיליליטרים,800.00,"100 מ""ל",false,,19.90,0.0249,true,1,113298
7290101869702,false,פיניש ג'ל 600 מלAIO,,,פיניש ג'ל 600 מלAIO,מיליליטרים,600.00,"100 מ""ל",false,,32.90,0.0548,true,1,113307
7290102390427,false,מולר פרופ תות 3% 150,,,מולר פרופ תות 3% 150,גרמים,150.00,100 גרם,false,,5.20,0.0347,true,1,101259
7290102390465,false,מולר פרופ אפרסק פסיפ,,,מולר פרופ אפרסק פסיפ,גרמים,150.00,100 גרם,false,,5.20,0.0347,true,1,101260
7290102390489,false,מולר פרופ לימון 3% 1,,,מולר פרופ לימון 3% 1,גרמים,150.00,100 גרם,false,,5.20,0.0347,true,1,101262
7290102391844,false,מולר פרופ לבן+קציפת,,,מולר פרופ לבן+קציפת,גרמים,150.00,100 גרם,false,,5.20,0.0347,true,1,101269
7290102393039,false,מולר מיקס בתוספת פצפ,,,מולר מיקס בתוספת פצפ,"מ""ל",170.00,"מ""ל",false,,5.90,0.0347,true,1,101288
7290102393268,false,טרה גבינה לבנה אריזת,,,טרה גבינה לבנה אריזת,גרמים,750.00,100 גרם,false,,13.80,0.0184,true,1,101298
7290102394081,false,מולר מיקס קורנפקלס מ,,,מולר מיקס קורנפקלס מ,גרם,170.00,גרם,false,,5.90,0.0347,true,1,101308
7290102394463,false,נעם גבינה צהובה וואק,,,נעם גבינה צהובה וואק,גרמים,500.00,100 גרם,false,,27.90,0.0558,true,1,101317
7290102394845,false,נעם גבינה צהובה דק ד,,,נעם גבינה צהובה דק ד,גרמים,200.00,100 גרם,false,,16.70,0.0835,true,1,101322
7290102395224,false,מולר נטורל 1.7% 8*15,,,מולר נטורל 1.7% 8*15,אלף,1.20,"ק""ג",false,,14.90,12.4167,true,1,101329
7290102395231,false,מולר נטורל 2.8% 8*15,,,מולר נטורל 2.8% 8*15,אלף,1.20,"ק""ג",false,,14.90,12.4167,true,1,101330
7290102395521,false,טרה שמנת לבישול 15%+,,,טרה שמנת לבישול 15%+,מיליליטרים,500.00,"100 מ""ל",false,,15.90,0.0318,true,1,101340
7290102396399,false,מוו מעדן שוקולד 100*,,,מוו מעדן שוקולד 100*,גרם,800.00,גרם,false,,13.90,0.0174,true,1,101358
7290102396405,false,מוו מעדן וניל 100*8,,,מוו מעדן וניל 100*8,גרמים,800.00,100 גרם,false,,13.90,0.0174,true,1,101359
7290102396665,false,גבנ`צ דקדק פתח סגור,,,גבנ`צ דקדק פתח סגור,גרם,200.00,גרם,false,,15.90,0.0795,true,1,101369
7290102397600,false,מולר מיקס שקדים ובוט,,,מולר מיקס שקדים ובוט,גרם,168.00,גרם,false,,5.90,0.0351,true,1,101424
7290102397617,false,מולר מיקס קליק 168 ג,,,מולר מיקס קליק 168 ג,גרמים,168.00,100 גרם,false,,5.90,0.0351,true,1,101425
7290102397747,false,מוצרלה נעם רכיבים ט,,,מוצרלה נעם רכיבים ט,גרמים,200.00,100 גרם,false,,18.50,0.0925,true,1,146070
7290102398065,false,טרה חלב קרטון 3% מהד,,,טרה חלב קרטון 3% מהד,אין,0.00,יחידה,false,,11.50,0.0000,true,1,101447
7290102398782,false,משקה סויה קלאסי משק,,,משקה סויה קלאסי משק,ליטר,1.00,ליטר,false,,11.90,11.9000,true,1,181705
7290102398799,false,משקה סויה במתיקות מו,,,משקה סויה במתיקות מו,ליטר,1.00,ליטר,false,,11.90,11.9000,true,1,181093
7290102398805,false,משקה סויה בטעם וניל,,,משקה סויה בטעם וניל,ליטר,1.00,ליטר,false,,11.90,11.9000,true,1,181530
7290102398836,false,משקה שקדים קלאסי משק,,,משקה שקדים קלאסי משק,ליטר,1.00,ליטר,false,,12.90,12.9000,true,1,182147
7290102399789,false,מולר ממרח חמאה ללא מ,,,מולר ממרח חמאה ללא מ,גרמים,250.00,100 גרם,false,,18.90,0.0756,true,1,178485
7290103400194,false,כרוב לבן 400 ג בדצ י,,,כרוב לבן 400 ג בדצ י,גרמים,400.00,100 גרם,false,,9.90,0.0248,true,1,115183
7290103400231,false,גזר גוליאן בדצ 400גר,,,גזר גוליאן בדצ 400גר,גרמים,400.00,100 גרם,false,,9.90,0.0248,true,1,115184
7290103400255,false,סלט קולסלאו 400 ג בד,,,סלט קולסלאו 400 ג בד,גרמים,400.00,100 גרם,false,,11.40,0.0285,true,1,115185
7290103408206,false,עלי חסה ערבית שטופים,,,עלי חסה ערבית שטופים,גרמים,250.00,100 גרם,false,,11.90,0.0476,true,1,115192
7290103700386,false,טאצ' כריות יפניות 6י,,,טאצ' כריות יפניות 6י,אין,0.00,יחידה,false,,10.90,0.0000,true,1,115881
7290103700393,false,טאצ' כריות יפניות עב,,,טאצ' כריות יפניות עב,אין,0.00,יחידה,false,,9.90,0.0000,true,1,115882
7290103701017,false,טאצ' נייר אפייה נשלף,,,טאצ' נייר אפייה נשלף,00000000000000000000,0.00,00000000000000000000,false,,10.90,0.0000,true,1,115887
7290103701093,false,טאצ מטליות מקרופייבר,,,טאצ מטליות מקרופייבר,אין,0.00,יחידה,false,,18.90,0.0000,true,1,115890
7290103701130,false,טאצ מטליות מקרופייבר,,,טאצ מטליות מקרופייבר,אין,0.00,יחידה,false,,17.90,0.0000,true,1,115891
7290103701178,false,טאצ ספוג הפלא בלוק,,,טאצ ספוג הפלא בלוק,אין,0.00,יחידה,false,,7.90,0.0000,true,1,115894
7290103703370,false,טאצ' מגבוני נייר טוא,,,טאצ' מגבוני נייר טוא,יח',3.00,יח',false,,15.90,5.3000,true,1,166308
7290103704155,false,מגבות נייר 6 גלילים,,,מגבות נייר 6 גלילים,מטרים,63.00,מטר,false,,10.90,0.1730,true,1,183511
7290103704186,false,מגבות טאצ' גליל כפול,,,מגבות טאצ' גליל כפול,אין,0.00,יחידה,false,,20.90,0.0000,true,1,184578
7290104062599,false,גמדים תות בננה 8*100,,,גמדים תות בננה 8*100,מיליליטרים,800.00,"100 מ""ל",false,,18.90,0.0236,true,1,115199
7290104065934,false,שטראוס עלי רוקט 150ג,,,שטראוס עלי רוקט 150ג,גרם,150.00,גרם,false,,10.90,0.0727,true,1,115201
7290104066566,false,אחלה טחינה 500ג,,,אחלה טחינה 500ג,גרם,500.00,גרם,false,,15.90,0.0318,true,1,115203
7290104500572,false,אפרופו איטלקי 36*50ג,,,אפרופו איטלקי 36*50ג,גרמים,50.00,100 גרם,false,,5.80,0.1160,true,1,111944
7290104501661,false,אסם פודינג בטעם וניל,,,אסם פודינג בטעם וניל,גרמים,80.00,100 גרם,false,,6.50,0.0813,true,1,111945
7290104504228,false,דובונים קדמ.מארז אחי,,,דובונים קדמ.מארז אחי,גרמים,100.00,100 גרם,false,,14.90,0.1490,true,1,111950
7290104508943,false,במבה קלאסי 18*200 גר,,,במבה קלאסי 18*200 גר,גרמים,200.00,100 גרם,false,,10.50,0.0525,true,1,111959
7290104721762,false,טורקי עלית 3*85ג,,,טורקי עלית 3*85ג,גרם,255.00,גרם,false,,19.90,0.0780,true,1,114558
7290104721953,false,לקט מסולסלים ירקות 3,,,לקט מסולסלים ירקות 3,גרם,350.00,גרם,false,,13.90,0.0397,true,1,115211
7290104725326,false,קוטג שטראוס 5% 400 ג,,,קוטג שטראוס 5% 400 ג,גרמים,400.00,100 גרם,false,,9.90,0.0248,true,1,115215
7290104726262,false,דני שוקולד לשתייה מא,,,דני שוקולד לשתייה מא,"מ""ל",500.00,"מ""ל",false,,11.90,0.0238,true,1,115218
7290104726712,false,מילקי שמינייה מארז 8,,,מילקי שמינייה מארז 8,אלף,1.06,"ק""ג",false,,21.20,20.0000,true,1,115219
7290104963001,false,סופטקר רביעית מגבוני,,,סופטקר רביעית מגבוני,אין,0.00,יחידה,false,,19.90,0.0000,true,1,122336
7290105360335,false,עלית קפסולות אספרסו,,,עלית קפסולות אספרסו,גרם,50.00,גרם,false,,18.90,0.3780,true,1,114576
7290105360755,false,שמן זית 3 חזק כתית י,,,שמן זית 3 חזק כתית י,מיליליטרים,750.00,"100 מ""ל",false,,37.90,0.0505,true,1,114579
7290105360878,false,תפוציפס מארז 4*50ג,,,תפוציפס מארז 4*50ג,גרמים,200.00,100 גרם,false,,12.50,0.0625,true,1,115701
7290105362339,false,יטבתה שמנת לבישול 15,,,יטבתה שמנת לבישול 15,מיליליטרים,250.00,"100 מ""ל",false,,8.60,0.0344,true,1,115229
7290105366023,false,אחלה חציל בטעם כבד 4,,,אחלה חציל בטעם כבד 4,גרם,400.00,גרם,false,,16.90,0.0422,true,1,115232
7290105366047,false,אחלה טחינה לבנה 400ג,,,אחלה טחינה לבנה 400ג,גרמים,400.00,100 גרם,false,,16.90,0.0422,true,1,115234
7290105436382,false,פרי חטיפי בריאות תמר,,,פרי חטיפי בריאות תמר,גרמים,100.00,100 גרם,false,,15.90,0.1590,true,1,113924
7290105439505,false,מאסטר שף קרם בטעם מ,,,מאסטר שף קרם בטעם מ,גרמים,479.00,100 גרם,false,,13.50,0.0282,true,1,113933
7290105439581,false,מאסטר שף מאסטר שף חר,,,מאסטר שף מאסטר שף חר,מיליליטרים,370.00,"100 מ""ל",false,,13.90,0.0376,true,1,113934
7290105693457,false,עוגת הבית דמקה שוקו,,,עוגת הבית דמקה שוקו,גרמים,320.00,100 גרם,false,,14.90,0.0466,true,1,111986
7290105695024,false,פתיתים אפויים אורז ע,,,פתיתים אפויים אורז ע,גרמים,500.00,100 גרם,false,,7.90,0.0158,true,1,111994
7290105695994,false,אסם רוטב סויה 9*290מ,,,אסם רוטב סויה 9*290מ,מיליליטרים,290.00,"100 מ""ל",false,,12.90,0.0445,true,1,112000
7290105961181,false,יטבתה פונץ בננה 1ל,,,יטבתה פונץ בננה 1ל,ליטר,1.00,ליטר,false,,12.50,12.5000,true,1,115265
7290105964564,false,אחלה חומוס אחלה 400ג,,,אחלה חומוס אחלה 400ג,גרם,400.00,גרם,false,,9.90,0.0248,true,1,115271
7290105968098,false,אחלה קולסלאו 500ג,,,אחלה קולסלאו 500ג,גרמים,500.00,100 גרם,false,,16.90,0.0338,true,1,115286
7290105968654,false,שטראוס רביולי בטטה 4,,,שטראוס רביולי בטטה 4,גרמים,400.00,100 גרם,false,,21.90,0.0547,true,1,115287
7290106520066,false,רבע לשבע 160 גרם,,,רבע לשבע 160 גרם,גרמים,160.00,100 גרם,false,,11.90,0.0744,true,1,114627
7290106520288,false,דנונה פרו תות,,,דנונה פרו תות,גרמים,150.00,100 גרם,false,,4.90,0.0327,true,1,115289
7290106520912,false,יטבתה שמנת לבישול 9%,,,יטבתה שמנת לבישול 9%,מיליליטרים,250.00,"100 מ""ל",false,,8.60,0.0344,true,1,115298
7290106521049,false,אחלה קוביות סלק 400,,,אחלה קוביות סלק 400,גרמים,400.00,100 גרם,false,,16.90,0.0422,true,1,115300
7290106521926,false,קפה טורקי עלית 150 ג,,,קפה טורקי עלית 150 ג,גרמים,150.00,100 גרם,false,,15.90,0.1060,true,1,114635
7290106524439,false,תפוציפס פופס 60 גרם,,,תפוציפס פופס 60 גרם,גרמים,60.00,100 גרם,false,,4.30,0.0717,true,1,149389
7290106528567,false,דוריטוס גריל 185 גר`,,,דוריטוס גריל 185 גר`,גרמים,185.00,100 גרם,false,,8.40,0.0454,true,1,115713
7290106528949,false,לקט ערוגות,,,לקט ערוגות,גרמים,450.00,100 גרם,false,,13.90,0.0309,true,1,115313
7290106571921,false,פיטנס עוגיות חמוציות,,,פיטנס עוגיות חמוציות,גרמים,180.00,100 גרם,false,,12.70,0.0706,true,1,112012
7290106573598,false,צבר חומוס לבנוני 400,,,צבר חומוס לבנוני 400,גרמים,400.00,100 גרם,false,,12.90,0.0323,true,1,112659
7290106573628,false,צבר חומוס עם טחינה 4,,,צבר חומוס עם טחינה 4,גרם,400.00,גרם,false,,12.90,0.0323,true,1,112660
7290106573642,false,צבר חומוס צנובר 400ג,,,צבר חומוס צנובר 400ג,גרמים,400.00,100 גרם,false,,12.90,0.0323,true,1,112661
7290106573819,false,צבר חומוס אבו גוש 40,,,צבר חומוס אבו גוש 40,גרמים,400.00,100 גרם,false,,12.90,0.0323,true,1,112664
7290106574953,false,אסם בייגלה שטוחים שו,,,אסם בייגלה שטוחים שו,גרמים,300.00,100 גרם,false,,11.90,0.0397,true,1,112036
7290106574977,false,אסם בייגלה שטוחים עם,,,אסם בייגלה שטוחים עם,גרמים,300.00,100 גרם,false,,11.90,0.0397,true,1,112037
7290106575011,false,פתיתים אפויים חיטה מ,,,פתיתים אפויים חיטה מ,גרמים,400.00,100 גרם,false,,7.90,0.0198,true,1,112038
7290106576513,false,צבר חומוס 400גרם,,,צבר חומוס 400גרם,גרם,400.00,גרם,false,,10.90,0.0273,true,1,112665
7290106576537,false,צבר חומוס מסעדה 700,,,צבר חומוס מסעדה 700,גרמים,700.00,100 גרם,false,,11.90,0.0170,true,1,112666
7290106578821,false,עוגת הבית שמרים קלאס,,,עוגת הבית שמרים קלאס,גרמים,350.00,100 גרם,false,,19.00,0.0543,true,1,112062
7290106653689,false,לקט לסלט אסייתי שטרא,,,לקט לסלט אסייתי שטרא,גרם,350.00,גרם,false,,10.90,0.0311,true,1,115318
7290106662964,false,עלית סוכריות נוסטלגי,,,עלית סוכריות נוסטלגי,גרמים,80.00,100 גרם,false,,7.90,0.0988,true,1,114705
7290106663503,false,קונפיטורת לייט תות 2,,,קונפיטורת לייט תות 2,גרמים,230.00,100 גרם,false,,10.90,0.0474,true,1,114717
7290106664067,false,שטראוס לאבנה שמן זית,,,שטראוס לאבנה שמן זית,גרמים,400.00,100 גרם,false,,15.50,0.0388,true,1,115352
7290106668713,false,דנונה פירות יער3% 15,,,דנונה פירות יער3% 15,"מ""ל",150.00,"מ""ל",false,,3.90,0.0260,true,1,115358
7290106669857,false,עלית קפסולות בטעם ונ,,,עלית קפסולות בטעם ונ,גרמים,50.00,100 גרם,false,,18.90,0.3780,true,1,114752
7290106721913,false,מאסט צנצנת ריח פה צ',,,מאסט צנצנת ריח פה צ',גרמים,66.00,100 גרם,false,,10.90,0.1652,true,1,114766
7290106723689,false,שטראוס תרד בייבי 200,,,שטראוס תרד בייבי 200,גרמים,200.00,100 גרם,false,,10.90,0.0545,true,1,115366
7290106726178,false,דנונה פרו בטעם פירות,,,דנונה פרו בטעם פירות,גרמים,150.00,100 גרם,false,,4.90,0.0327,true,1,115374
7290106727984,false,כיף כף פצפצים 135 גר,,,כיף כף פצפצים 135 גר,גרמים,135.00,100 גרם,false,,11.90,0.0881,true,1,114806
7290106728127,false,יטבתה חלב טבעי בקרטו,,,יטבתה חלב טבעי בקרטו,00000000000000000000,0.00,00000000000000000000,false,,7.90,0.0000,true,1,115379
7290107280099,false,סנו סופט מגבוני טואל,,,סנו סופט מגבוני טואל,אין,0.00,יחידה,false,,18.90,0.0000,true,1,122372
7290107280723,false,סנו ספארק נוזל לניקו,,,סנו ספארק נוזל לניקו,מיליליטרים,700.00,"100 מ""ל",false,,10.90,0.0156,true,1,122397
7290107646154,false,חטיף קוקומן פצפוצים,,,חטיף קוקומן פצפוצים,גרמים,126.00,100 גרם,false,,13.90,0.1103,true,1,157211
7290107646826,false,חטיף שוגי שוקו שוקו,,,חטיף שוגי שוקו שוקו,גרמים,156.00,100 גרם,false,,13.90,0.0891,true,1,157214
7290107646833,false,חטיף שוגי פצפוצים שו,,,חטיף שוגי פצפוצים שו,גרמים,138.00,100 גרם,false,,13.90,0.1007,true,1,157215
7290107647458,false,מיונז תלמה אמיתי כשל,,,מיונז תלמה אמיתי כשל,גרמים,500.00,100 גרם,false,,10.40,0.0208,true,1,151412
7290107649100,false,בייגלה טבעות שומשום,,,בייגלה טבעות שומשום,גרמים,300.00,100 גרם,false,,12.20,0.0407,true,1,176527
7290107740043,false,סט מסננות לכיור אמרי,,,סט מסננות לכיור אמרי,אין,0.00,יחידה,false,,12.90,0.0000,true,1,178647
7290107740111,false,מלקחיים נירוסטה,,,מלקחיים נירוסטה,אין,0.00,יחידה,false,,6.90,0.0000,true,1,179420
7290107740562,false,מתקן סקוטש אקרילי,,,מתקן סקוטש אקרילי,אין,0.00,יחידה,false,,8.90,0.0000,true,1,179919
7290107741392,false,מברשת ציפורניים שליש,,,מברשת ציפורניים שליש,אין,0.00,יחידה,false,,8.90,0.0000,true,1,185892
7290107742559,false,מלקחיים נירוסטה גדול,,,מלקחיים נירוסטה גדול,אין,0.00,יחידה,false,,10.00,0.0000,true,1,184072
7290107744348,false,ראש למכסה לסיר זוג,,,ראש למכסה לסיר זוג,אין,0.00,יחידה,false,,10.90,0.0000,true,1,182560
7290107745895,false,סבוניה+מתקן סקוטץ,,,סבוניה+מתקן סקוטץ,אין,0.00,יחידה,false,,24.90,0.0000,true,1,179921
7290107747196,false,פורס ביצה נירוסטה,,,פורס ביצה נירוסטה,אין,0.00,יחידה,false,,11.90,0.0000,true,1,179827
7290107747967,false,סט 3 סכינים,,,סט 3 סכינים,אין,0.00,יחידה,false,,16.90,0.0000,true,1,181612
7290107749763,false,כף הגשה נירוסטה פרמי,,,כף הגשה נירוסטה פרמי,אין,0.00,יחידה,false,,9.90,0.0000,true,1,185893
7290107871723,false,פיטנס פריכיות גדולות,,,פיטנס פריכיות גדולות,גרמים,100.00,100 גרם,false,,8.90,0.0890,true,1,150431
7290107871990,false,פסטה צינורות אסם 500,,,פסטה צינורות אסם 500,גרמים,500.00,100 גרם,false,,6.90,0.0138,true,1,112088
7290107874502,false,ביסלי גריל 4*55 גרם,,,ביסלי גריל 4*55 גרם,גרמים,220.00,100 גרם,false,,12.90,0.0586,true,1,112106
7290107875820,false,קרוטונים אפויים בתיב,,,קרוטונים אפויים בתיב,גרמים,180.00,100 גרם,false,,12.90,0.0717,true,1,112123
7290107877619,false,במבה במילוי קרם נוגט,,,במבה במילוי קרם נוגט,גרמים,150.00,100 גרם,false,,13.90,0.0927,true,1,112152
7290107932080,false,יטבתה חלב בבקבוק 3%,,,יטבתה חלב בבקבוק 3%,00000000000000000000,0.00,00000000000000000000,false,,7.90,0.0000,true,1,115407
7290107932134,false,יטבתה חלב בבקבוק 1%,,,יטבתה חלב בבקבוק 1%,00000000000000000000,0.00,00000000000000000000,false,,7.90,0.0000,true,1,115409
7290107933315,false,יטבתה חלב בבקבוק דל,,,יטבתה חלב בבקבוק דל,00000000000000000000,0.00,00000000000000000000,false,,7.90,0.0000,true,1,115413
7290107933650,false,ארוחה קטנה בבקבוק עם,,,ארוחה קטנה בבקבוק עם,גרמים,250.00,100 גרם,false,,4.90,0.0196,true,1,115420
7290107936309,false,דנונה יווני לבן 130,,,דנונה יווני לבן 130,גרם,130.00,גרם,false,,3.50,0.0269,true,1,115431
7290107937542,false,משקה אקטיביה תות 1.2,,,משקה אקטיביה תות 1.2,מיליליטרים,265.00,"100 מ""ל",false,,5.10,0.0192,true,1,115437
7290107937856,false,עלית קפסולות בטעם נס,,,עלית קפסולות בטעם נס,גרמים,50.00,100 גרם,false,,18.90,0.3780,true,1,114878
7290107940030,false,חומוס אחלה 650 גר,,,חומוס אחלה 650 גר,גרמים,650.00,100 גרם,false,,9.90,0.0152,true,1,115460
7290107943192,false,יטבתה שמנת 27% 200מ,,,יטבתה שמנת 27% 200מ,מיליליטרים,200.00,"100 מ""ל",false,,4.20,0.0210,true,1,142415
7290107943369,false,שיבולת שועל ללא גלוט,,,שיבולת שועל ללא גלוט,גרמים,511.00,100 גרם,false,,19.90,0.0389,true,1,141306
7290107945165,false,יד מרדכי קונפיטורת מ,,,יד מרדכי קונפיטורת מ,גרמים,340.00,100 גרם,false,,10.90,0.0321,true,1,114941
7290107951104,false,בפלות 200 גרם שוקולד,,,בפלות 200 גרם שוקולד,גרמים,200.00,100 גרם,false,,4.50,0.0225,true,1,158557
7290107953559,false,קפה טורקי לדרך 168 ג,,,קפה טורקי לדרך 168 ג,גרמים,168.00,100 גרם,false,,19.90,0.1185,true,1,114974
7290107954976,false,משקה פרו בטעם קפה יט,,,משקה פרו בטעם קפה יט,מיליליטרים,350.00,"100 מ""ל",false,,6.50,0.0186,true,1,115615
7290107956901,false,עלית קפסולות אספרסו,,,עלית קפסולות אספרסו,גרמים,150.00,100 גרם,false,,18.90,0.1260,true,1,145525
7290107956925,false,עלית קפסולות אוגנדה,,,עלית קפסולות אוגנדה,גרמים,50.00,100 גרם,false,,18.90,0.3780,true,1,172288
7290107956932,false,עלית קפסולות אידונזי,,,עלית קפסולות אידונזי,גרמים,50.00,100 גרם,false,,18.90,0.3780,true,1,142411
7290107958035,false,8 דנונה מתיקות מעודנ,,,8 דנונה מתיקות מעודנ,אלף,1.20,"ק""ג",false,,18.90,15.7500,true,1,145635
7290107958639,false,אחלה מטבוחה מרוקאית,,,אחלה מטבוחה מרוקאית,גרמים,400.00,100 גרם,false,,16.90,0.0422,true,1,145614
7290107958653,false,אחלה חומוס 9% שומן 4,,,אחלה חומוס 9% שומן 4,גרמים,400.00,100 גרם,false,,9.90,0.0248,true,1,149548
7290107973014,false,פלמוליב סבון ידיים ח,,,פלמוליב סבון ידיים ח,מיליליטרים,300.00,"100 מ""ל",false,,10.90,0.0363,true,1,113972
7290107973038,false,סבון ידיים אקווריום,,,סבון ידיים אקווריום,מיליליטרים,300.00,"100 מ""ל",false,,10.90,0.0363,true,1,113974
7290107973809,false,קוביות עגבניות מאסטר,,,קוביות עגבניות מאסטר,גרמים,400.00,100 גרם,false,,6.90,0.0173,true,1,113983
7290107973861,false,עגבניות קצוצות דק מא,,,עגבניות קצוצות דק מא,אלף,1.20,"ק""ג",false,,17.90,14.9167,true,1,113984
7290107974073,false,עלי טורטיה קמח לבן מ,,,עלי טורטיה קמח לבן מ,גרמים,320.00,100 גרם,false,,10.00,0.0313,true,1,113990
7290107974806,false,"מנה אורז בסמטי ק""ג",,,"מנה אורז בסמטי ק""ג",אין,0.00,יחידה,false,,12.90,0.0000,true,1,113998
7290107974813,false,"מנה אורז יסמין 1 ק""ג",,,"מנה אורז יסמין 1 ק""ג",אלף,1.00,"ק""ג",false,,11.90,11.9000,true,1,113999
7290107974820,false,מאסטר שף ממרח מתובל,,,מאסטר שף ממרח מתובל,גרמים,252.00,100 גרם,false,,8.90,0.0353,true,1,114000
7290107976916,false,פלמוליב סבון ידיים ח,,,פלמוליב סבון ידיים ח,מיליליטרים,300.00,"100 מ""ל",false,,10.90,0.0363,true,1,114032
7290107978323,false,איטריות דקיקות מאסטר,,,איטריות דקיקות מאסטר,גרמים,400.00,100 גרם,false,,6.90,0.0173,true,1,114034
7290107978330,false,איטריות דקות מאסטר ש,,,איטריות דקות מאסטר ש,גרמים,400.00,100 גרם,false,,6.90,0.0173,true,1,114035
7290107978347,false,איטריות בינוניות מאס,,,איטריות בינוניות מאס,גרמים,400.00,100 גרם,false,,6.90,0.0173,true,1,114036
7290108070316,false,שקית 50 פסטל,,,שקית 50 פסטל,00000000000000000000,0.00,00000000000000000000,false,,11.90,0.0000,true,1,124859
7290108350128,false,סנו סושי שקיות חזקות,,,סנו סושי שקיות חזקות,אין,0.00,יחידה,false,,29.60,0.0000,true,1,122409
7290108350210,false,סושי שקיות אקסטרא חז,,,סושי שקיות אקסטרא חז,אין,0.00,יחידה,false,,25.90,0.0000,true,1,122417
7290108351552,false,סנו ג'ט מתז חומץ 750,,,סנו ג'ט מתז חומץ 750,מיליליטרים,750.00,"100 מ""ל",false,,15.90,0.0212,true,1,146759
7290108351835,false,מרכך כביסה סנו מקסימ,,,מרכך כביסה סנו מקסימ,ליטר,4.00,ליטר,false,,23.90,5.9750,true,1,178583
7290108352252,false,ספארק נוזל לכלים 1,,,ספארק נוזל לכלים 1,אין,0.00,יחידה,false,,12.90,0.0000,true,1,183519
7290108352566,false,מרכך JOY בבישום עוצמ,,,מרכך JOY בבישום עוצמ,ליטר,4.00,ליטר,false,,23.90,5.9750,true,1,179879
7290108352597,false,מגבונים בדלי 400 יח',,,מגבונים בדלי 400 יח',אין,0.00,יחידה,false,,31.90,0.0000,true,1,122472
7290108352702,false,שלישיית מגבוני טואלט,,,שלישיית מגבוני טואלט,אין,0.00,יחידה,false,,18.90,0.0000,true,1,122479
7290108352849,false,סנו סושי מטלית הפלא,,,סנו סושי מטלית הפלא,אין,0.00,יחידה,false,,15.90,0.0000,true,1,180233
7290108353006,false,סנו סושי 250 שקיות א,,,סנו סושי 250 שקיות א,אין,0.00,יחידה,false,,14.90,0.0000,true,1,183295
7290108353532,false,שקיות אשפה בגליל סנו,,,שקיות אשפה בגליל סנו,אין,0.00,יחידה,false,,34.90,0.0000,true,1,185348
7290108353686,false,סנו סושי מטלית לריצפ,,,סנו סושי מטלית לריצפ,אין,0.00,יחידה,false,,13.90,0.0000,true,1,179375
7290108354034,false,סבון ידיים קרמה חמאת,,,סבון ידיים קרמה חמאת,מיליליטרים,300.00,"100 מ""ל",false,,11.90,0.0397,true,1,178329
7290108354140,false,מגבוני דאודורנט נושם,,,מגבוני דאודורנט נושם,יח',20.00,יח',false,,10.90,0.5450,true,1,181746
7290108354270,false,מרכך בבישום עוצמתי מ,,,מרכך בבישום עוצמתי מ,ליטר,1.00,ליטר,false,,18.90,18.9000,true,1,185349
7290108354713,false,תחליב רחצה קלאסי קרמ,,,תחליב רחצה קלאסי קרמ,מיליליטרים,500.00,"100 מ""ל",false,,14.90,0.0298,true,1,178588
7290108354911,false,שמפו ג'ל רחצה וגילו,,,שמפו ג'ל רחצה וגילו,מיליליטרים,700.00,"100 מ""ל",false,,16.90,0.0241,true,1,180949
7290108354973,false,סבון ידיים קרמה ורד,,,סבון ידיים קרמה ורד,מיליליטרים,300.00,"100 מ""ל",false,,11.90,0.0397,true,1,180235
7290108356113,false,תחליב רחצה דבש כיף 7,,,תחליב רחצה דבש כיף 7,מיליליטרים,700.00,"100 מ""ל",false,,13.90,0.0199,true,1,174309
7290108356120,false,תחליב רחצה קוקוס וני,,,תחליב רחצה קוקוס וני,מיליליטרים,700.00,"100 מ""ל",false,,13.90,0.0199,true,1,174310
7290108356359,false,קרם לחות לאחר גילוח,,,קרם לחות לאחר גילוח,מיליליטרים,400.00,"100 מ""ל",false,,25.90,0.0647,true,1,185944
7290108356526,false,שמפו לשיער יבש קרליי,,,שמפו לשיער יבש קרליי,מיליליטרים,700.00,"100 מ""ל",false,,14.90,0.0213,true,1,178884
7290108356533,false,שמפו לשיער מתולתל קר,,,שמפו לשיער מתולתל קר,מיליליטרים,700.00,"100 מ""ל",false,,14.90,0.0213,true,1,182081
7290108356588,false,מרכך לשיער מתולתל קר,,,מרכך לשיער מתולתל קר,מיליליטרים,700.00,"100 מ""ל",false,,14.90,0.0213,true,1,185740
7290108356595,false,מרכך לשיער צבוע קרלי,,,מרכך לשיער צבוע קרלי,מיליליטרים,700.00,"100 מ""ל",false,,14.90,0.0213,true,1,183521
7290108357202,false,סנו קליר אקדח בניחוח,,,סנו קליר אקדח בניחוח,ליטר,1.00,ליטר,false,,12.90,12.9000,true,1,182765
7290108357240,false,אוקסיג'ן אבקה תוסף ל,,,אוקסיג'ן אבקה תוסף ל,אלף,1.40,"ק""ג",false,,32.90,23.5000,true,1,180864
7290108357653,false,סנובון סבון ג'ל לאסל,,,סנובון סבון ג'ל לאסל,גרמים,315.00,100 גרם,false,,18.90,0.0600,true,1,186535
7290108359077,false,ממחטות אף בקופסא 3 ש,,,ממחטות אף בקופסא 3 ש,אין,0.00,יחידה,false,,14.90,0.0000,true,1,180237
7290108500677,false,כבד דג שיבוט בשמן וי,,,כבד דג שיבוט בשמן וי,גרמים,115.00,100 גרם,false,,10.90,0.0948,true,1,98305
7290108501353,false,פילה אנשובי ארוך בשמ,,,פילה אנשובי ארוך בשמ,גרמים,45.00,100 גרם,false,,6.90,0.1533,true,1,153573
7290108503746,false,וילי פוד חמאה מלוחה,,,וילי פוד חמאה מלוחה,גרמים,200.00,100 גרם,false,,13.90,0.0695,true,1,186164
7290108503982,false,פרוסות גבינה בטעם צ',,,פרוסות גבינה בטעם צ',גרמים,150.00,100 גרם,false,,12.90,0.0860,true,1,182466
7290108503999,false,פרוסות גבינה בטעם גא,,,פרוסות גבינה בטעם גא,גרמים,150.00,100 גרם,false,,12.90,0.0860,true,1,180170
7290108504934,false,דפי אורז למילוי קוטר,,,דפי אורז למילוי קוטר,גרמים,300.00,100 גרם,false,,12.90,0.0430,true,1,180008
7290108505719,false,גבינת מוצרלה מגורדת,,,גבינת מוצרלה מגורדת,גרמים,200.00,100 גרם,false,,16.90,0.0845,true,1,177966
7290108505726,false,אצבעות גבינה חצי קשה,,,אצבעות גבינה חצי קשה,גרמים,200.00,100 גרם,false,,16.90,0.0845,true,1,181526
7290108505740,false,גבינת קשקבל חצי קשה,,,גבינת קשקבל חצי קשה,גרמים,200.00,100 גרם,false,,16.90,0.0845,true,1,178467
7290108507065,false,גבינת פרמגיאנו רגיאנ,,,גבינת פרמגיאנו רגיאנ,גרמים,100.00,100 גרם,false,,14.90,0.1490,true,1,178468
7290108508482,false,משקה יוגורט עם אפרסק,,,משקה יוגורט עם אפרסק,מיליליטרים,200.00,"100 מ""ל",false,,5.90,0.0295,true,1,179821
7290108508772,false,קונכיות פתיתים עם תר,,,קונכיות פתיתים עם תר,גרמים,400.00,100 גרם,false,,5.90,0.0148,true,1,182034
7290108509120,false,גבינה בולגרית מעודנת,,,גבינה בולגרית מעודנת,גרמים,500.00,100 גרם,false,,23.90,0.0478,true,1,182385
7290108509199,false,גבינה פטה 500 גרם -,,,גבינה פטה 500 גרם -,גרמים,500.00,100 גרם,false,,24.90,0.0498,true,1,186165
7290108509212,false,חטיף אורז אפוי לתינו,,,חטיף אורז אפוי לתינו,גרמים,50.00,100 גרם,false,,12.90,0.2580,true,1,185420
7290108509281,false,גבינת גאודה מגורדת 2,,,גבינת גאודה מגורדת 2,גרמים,200.00,100 גרם,false,,12.90,0.0645,true,1,184180
7290108509632,false,זיתים ירוקים מגולעני,,,זיתים ירוקים מגולעני,גרמים,800.00,100 גרם,false,,18.90,0.0236,true,1,185448
7290108509656,false,מיקס זיתים פרוסים במ,,,מיקס זיתים פרוסים במ,גרמים,800.00,100 גרם,false,,11.90,0.0149,true,1,178860
7290108509816,false,גבינת בייבי מוצרלה 2,,,גבינת בייבי מוצרלה 2,גרמים,200.00,100 גרם,false,,16.90,0.0845,true,1,186135
7290108509939,false,פרוסות פילה טונה 120,,,פרוסות פילה טונה 120,גרמים,120.00,100 גרם,false,,13.90,0.1158,true,1,178727
7290109351971,false,בר פריכיות שוקולד חל,,,בר פריכיות שוקולד חל,גרמים,84.00,100 גרם,false,,15.90,0.1893,true,1,112691
7290109352916,false,בר פריכיות שוקולד לב,,,בר פריכיות שוקולד לב,גרמים,84.00,100 גרם,false,,15.90,0.1893,true,1,112695
7290109354101,false,לחמית ללא גלוטן 200,,,לחמית ללא גלוטן 200,גרמים,200.00,100 גרם,false,,10.90,0.0545,true,1,112227
7290109580098,false,קבנוס בטעם סרירצ'ה ז,,,קבנוס בטעם סרירצ'ה ז,גרמים,135.00,100 גרם,false,,12.90,0.0956,true,1,184242
7290109580104,false,רוסטביף זוגלובק פרמי,,,רוסטביף זוגלובק פרמי,גרמים,150.00,100 גרם,false,,25.90,0.1727,true,1,177576
7290109580166,false,סרוולד קלאסי זוגלובק,,,סרוולד קלאסי זוגלובק,גרמים,150.00,100 גרם,false,,25.90,0.1727,true,1,177580
7290109580210,false,נקנקיות ריינהולד'ס,,,נקנקיות ריינהולד'ס,גרמים,300.00,100 גרם,false,,21.90,0.0730,true,1,181580
7290109580227,false,נקנקיות ריינהולד'ס ק,,,נקנקיות ריינהולד'ס ק,גרמים,300.00,100 גרם,false,,21.90,0.0730,true,1,181581
7290110111557,false,משקה ספורט איזוטוני,,,משקה ספורט איזוטוני,מיליליטרים,500.00,"100 מ""ל",false,,10.90,0.0218,true,1,182733
7290110114411,false,סכין למריחת חמאה,,,סכין למריחת חמאה,אין,0.00,יחידה,false,,35.00,0.0000,true,1,185644
7290110114787,false,נביעות + תפוח 1.5 לי,,,נביעות + תפוח 1.5 לי,ליטר,1.50,ליטר,false,,10.90,7.2667,true,1,186219
7290110114794,false,נביעות + אפרסק 1.5 ל,,,נביעות + אפרסק 1.5 ל,ליטר,1.50,ליטר,false,,10.90,7.2667,true,1,186220
7290110114800,false,נביעות + ענבים 1.5 ל,,,נביעות + ענבים 1.5 ל,ליטר,1.50,ליטר,false,,10.90,7.2667,true,1,186221
7290110114954,false,מיץ תפוזים מתקתק 100,,,מיץ תפוזים מתקתק 100,ליטר,2.00,ליטר,false,,23.90,11.9500,true,1,178438
7290110114992,false,פריגת דיאט אשכולית 1,,,פריגת דיאט אשכולית 1,ליטר,1.50,ליטר,false,,9.90,6.6000,true,1,184867
7290110115012,false,פריגת ענבים בניחוח מ,,,פריגת ענבים בניחוח מ,ליטר,1.50,ליטר,false,,9.90,6.6000,true,1,185867
7290110115029,false,פריגת תפוחים 1.5 ליט,,,פריגת תפוחים 1.5 ליט,ליטר,1.50,ליטר,false,,9.90,6.6000,true,1,178252
7290110115036,false,פריגת מנגו 1.5 ליטר,,,פריגת מנגו 1.5 ליטר,ליטר,1.50,ליטר,false,,9.90,6.6000,true,1,184301
7290110115074,false,פריגת דובדבן 1.5 ליט,,,פריגת דובדבן 1.5 ליט,ליטר,1.50,ליטר,false,,9.90,6.6000,true,1,180809
7290110115098,false,פריגת צלול תפוח 1.5,,,פריגת צלול תפוח 1.5,ליטר,1.50,ליטר,false,,9.90,6.6000,true,1,179315
7290110115234,false,קולה ZERO נטול 1.5 ל,,,קולה ZERO נטול 1.5 ל,ליטר,1.50,ליטר,false,,9.50,6.3333,true,1,178488
7290110115265,false,ספרייט 1.5 ליטר LIME,,,ספרייט 1.5 ליטר LIME,ליטר,1.50,ליטר,false,,9.00,6.0000,true,1,184572
7290110115395,false,ספרייט זירו 6* 1.5 ל,,,ספרייט זירו 6* 1.5 ל,ליטר,9.00,ליטר,false,,50.70,5.6333,true,1,186223
7290110115456,false,פיוז טי אפרסק 19 קל,,,פיוז טי אפרסק 19 קל,ליטר,1.50,ליטר,false,,10.50,7.0000,true,1,186226
7290110115586,false,משקה קל בטעם תפוזים,,,משקה קל בטעם תפוזים,ליטר,1.50,ליטר,false,,9.90,6.6000,true,1,179829
7290110115593,false,משקה קל בטעם אשכוליו,,,משקה קל בטעם אשכוליו,ליטר,1.50,ליטר,false,,9.90,6.6000,true,1,184223
7290110115609,false,משקה קל בטעם ענבים 4,,,משקה קל בטעם ענבים 4,ליטר,1.50,ליטר,false,,9.90,6.6000,true,1,178490
7290110320591,false,בולגרית 16% במרקם מע,,,בולגרית 16% במרקם מע,גרמים,250.00,100 גרם,false,,19.90,0.0796,true,1,117433
7290110320850,false,עמק פתיתים 200 גרם,,,עמק פתיתים 200 גרם,גרמים,200.00,100 גרם,false,,15.90,0.0795,true,1,142930
7290110320867,false,עמק פתיתים למאפים 28,,,עמק פתיתים למאפים 28,גרם,500.00,גרם,false,,35.00,0.0700,true,1,117445
7290110320935,false,פרוסות מוצרלה 150 גר,,,פרוסות מוצרלה 150 גר,גרמים,150.00,100 גרם,false,,17.50,0.1167,true,1,117447
7290110321031,false,יופלה גו 200 גרם תנו,,,יופלה גו 200 גרם תנו,גרמים,200.00,100 גרם,false,,6.30,0.0315,true,1,117450
7290110321277,false,קוטג' תנובה בקטנה 5,,,קוטג' תנובה בקטנה 5,גרם,100.00,גרם,false,,2.60,0.0260,true,1,146688
7290110321284,false,קוטג' תנובה בקטנה 9,,,קוטג' תנובה בקטנה 9,גרמים,100.00,100 גרם,false,,2.60,0.0260,true,1,146689
7290110321680,false,יופלה גו בטעם תות 20,,,יופלה גו בטעם תות 20,גרם,200.00,גרם,false,,5.90,0.0295,true,1,150169
7290110321697,false,יופלה גו בטעם אפרסק,,,יופלה גו בטעם אפרסק,מיליליטרים,200.00,"100 מ""ל",false,,5.90,0.0295,true,1,150170
7290110321703,false,יופלה גו בטעם פרות י,,,יופלה גו בטעם פרות י,"מ""ל",200.00,"מ""ל",false,,5.90,0.0295,true,1,163691
7290110322014,false,טופו טבעי 300 גרם,,,טופו טבעי 300 גרם,גרמים,300.00,100 גרם,false,,9.90,0.0330,true,1,163710
7290110322946,false,יופלה טיוב יוגורט במ,,,יופלה טיוב יוגורט במ,מיליליטרים,348.00,"100 מ""ל",false,,12.90,0.0371,true,1,172977
7290110323097,false,תאומים 80 גרם גביע ב,,,תאומים 80 גרם גביע ב,גרם,80.00,גרם,false,,1.90,0.0237,true,1,174900
7290110323585,false,יופלה GO לייט עם דוב,,,יופלה GO לייט עם דוב,גרם,200.00,גרם,false,,5.90,0.0295,true,1,174623
7290110323592,false,יופלה GO לייט עם אפר,,,יופלה GO לייט עם אפר,גרמים,200.00,100 גרם,false,,5.90,0.0295,true,1,174624
7290110323714,false,תנובה משקה קוקוס שקד,,,תנובה משקה קוקוס שקד,00000000000000000000,0.00,00000000000000000000,false,,14.90,0.0000,true,1,175848
7290110324353,false,יופלה גו לייט בטעם א,,,יופלה גו לייט בטעם א,גרמים,200.00,100 גרם,false,,5.90,0.0295,true,1,183284
7290110324711,false,ממרח סויה 9% בטעם טב,,,ממרח סויה 9% בטעם טב,גרמים,250.00,100 גרם,false,,10.90,0.0436,true,1,178565
7290110325169,false,פרוסות גאודה 170 גרם,,,פרוסות גאודה 170 גרם,גרמים,170.00,100 גרם,false,,18.90,0.1112,true,1,183385
7290110325312,false,יופלה סויה גו 20 גרם,,,יופלה סויה גו 20 גרם,גרמים,200.00,100 גרם,false,,5.90,0.0295,true,1,178566
7290110325510,false,יופלה טיוב יוגורט במ,,,יופלה טיוב יוגורט במ,מיליליטרים,348.00,"100 מ""ל",false,,13.90,0.0399,true,1,176164
7290110325619,false,תנובה משקה שיבולת שו,,,תנובה משקה שיבולת שו,אין,0.00,יחידה,false,,12.90,0.0000,true,1,184525
7290110325701,false,פיראוס צזיקי יווני 9,,,פיראוס צזיקי יווני 9,גרמים,250.00,100 גרם,false,,14.90,0.0596,true,1,180228
7290110325879,false,פתיתי גאודה 200 גרם,,,פתיתי גאודה 200 גרם,גרמים,200.00,100 גרם,false,,19.90,0.0995,true,1,183285
7290110325893,false,משקה תנובה GO אייס ק,,,משקה תנובה GO אייס ק,גרמים,340.00,100 גרם,false,,7.90,0.0232,true,1,182508
7290110326210,false,יופלה און טופ פצפוצי,,,יופלה און טופ פצפוצי,גרמים,157.00,100 גרם,false,,5.50,0.0350,true,1,182763
7290110326449,false,חמאה השף הלבן 250 גר,,,חמאה השף הלבן 250 גר,גרמים,250.00,100 גרם,false,,9.85,0.0394,true,1,183514
7290110326784,false,פתיתי עמק 28% 600 גר,,,פתיתי עמק 28% 600 גר,גרמים,600.00,100 גרם,false,,39.90,0.0665,true,1,185818
7290110326906,false,חלב נטול לקטוז 3% שו,,,חלב נטול לקטוז 3% שו,ליטר,1.00,ליטר,false,,7.90,7.9000,true,1,184672
7290110327033,false,משקה סויה תנובה GO מ,,,משקה סויה תנובה GO מ,אין,0.00,יחידה,false,,12.90,0.0000,true,1,185819
7290110328092,false,פיראוס פטה יוונית קו,,,פיראוס פטה יוונית קו,גרמים,150.00,100 גרם,false,,19.90,0.1327,true,1,182509
7290110328504,false,טריו פתיתים מיקס מוצ,,,טריו פתיתים מיקס מוצ,גרמים,100.00,100 גרם,false,,24.90,0.2490,true,1,182764
7290110328627,false,יוגורט גו סמיך 0% בנ,,,יוגורט גו סמיך 0% בנ,גרמים,200.00,100 גרם,false,,5.90,0.0295,true,1,185496
7290110328955,false,קוביות גבינת עזים בש,,,קוביות גבינת עזים בש,גרמים,350.00,100 גרם,false,,28.90,0.0826,true,1,185885
7290110329143,false,מעדן חלב גו בטעם וני,,,מעדן חלב גו בטעם וני,גרמים,120.00,100 גרם,false,,4.90,0.0408,true,1,185915
7290110329273,false,יוגורט מחלב עיזים מל,,,יוגורט מחלב עיזים מל,גרמים,750.00,100 גרם,false,,19.90,0.0265,true,1,185520
7290110329600,false,שמנת לבישול 15% שף ל,,,שמנת לבישול 15% שף ל,מיליליטרים,750.00,"100 מ""ל",false,,21.90,0.0292,true,1,185771
7290110329686,false,משקה חלב GO בטעם עוג,,,משקה חלב GO בטעם עוג,מיליליטרים,340.00,"100 מ""ל",false,,7.90,0.0232,true,1,185798
7290110329716,false,קפה קר בטעם קפוצ'ינו,,,קפה קר בטעם קפוצ'ינו,מיליליטרים,230.00,"100 מ""ל",false,,7.90,0.0343,true,1,185820
7290110329723,false,קפה קר בטעם לאטה תנו,,,קפה קר בטעם לאטה תנו,מיליליטרים,230.00,"100 מ""ל",false,,7.90,0.0343,true,1,185851
7290110329730,false,קפה קר בטעם לאטה שוק,,,קפה קר בטעם לאטה שוק,מיליליטרים,230.00,"100 מ""ל",false,,7.90,0.0343,true,1,185887
7290110329792,false,סויה BIO אפרסק גביע,,,סויה BIO אפרסק גביע,גרמים,150.00,100 גרם,false,,4.70,0.0313,true,1,178569
7290110329952,false,יוגורט גו סמיך 0.4%,,,יוגורט גו סמיך 0.4%,גרמים,200.00,100 גרם,false,,5.90,0.0295,true,1,185941
7290110329969,false,מעדן סויה בטעם קוקוס,,,מעדן סויה בטעם קוקוס,גרמים,200.00,100 גרם,false,,5.90,0.0295,true,1,185111
7290110550363,false,משולש קינואה ומלח ים,,,משולש קינואה ומלח ים,גרמים,65.00,100 גרם,false,,11.90,0.1831,true,1,186143
7290110551209,false,בפלות אחת אחת בטעם ת,,,בפלות אחת אחת בטעם ת,גרמים,240.00,100 גרם,false,,14.90,0.0621,true,1,185817
7290110552121,false,היוגורט הראשון שלי 5,,,היוגורט הראשון שלי 5,גרמים,100.00,100 גרם,false,,2.50,0.0250,true,1,185677
7290110552398,false,יוגורט WOW בטעם קרם,,,יוגורט WOW בטעם קרם,גרמים,150.00,100 גרם,false,,4.90,0.0327,true,1,183637
7290110552411,false,קפה קר בטעם קרמל יטב,,,קפה קר בטעם קרמל יטב,מיליליטרים,230.00,"100 מ""ל",false,,7.90,0.0343,true,1,185458
7290110553029,false,פריכיות חלבון קייל ח,,,פריכיות חלבון קייל ח,גרמים,60.00,100 גרם,false,,11.90,0.1983,true,1,180841
7290110553036,false,פרכית חלבון בטטה סגו,,,פרכית חלבון בטטה סגו,גרמים,60.00,100 גרם,false,,11.90,0.1983,true,1,178782
7290110553449,false,מילקי SNACK- חטיף אי,,,מילקי SNACK- חטיף אי,גרמים,123.00,100 גרם,false,,15.50,0.1260,true,1,184413
7290110554583,false,מארז צ'יטוס PUFFS בט,,,מארז צ'יטוס PUFFS בט,גרמים,200.00,100 גרם,false,,13.50,0.0675,true,1,185161
7290110557317,false,היוגורט הראשון שלי ש,,,היוגורט הראשון שלי ש,גרמים,100.00,100 גרם,false,,2.50,0.0250,true,1,185678
7290110557478,false,חומוס גלילי אחלה 60,,,חומוס גלילי אחלה 60,גרמים,600.00,100 גרם,false,,13.90,0.0232,true,1,180846
7290110557669,false,רביולי פטריות שטראוס,,,רביולי פטריות שטראוס,גרמים,400.00,100 גרם,false,,19.90,0.0497,true,1,185795
7290110558161,false,דיאט פאי לימון דנונה,,,דיאט פאי לימון דנונה,גרמים,150.00,100 גרם,false,,4.90,0.0327,true,1,185645
7290110560317,false,פריכיות משולשות מלח,,,פריכיות משולשות מלח,גרמים,30.00,100 גרם,false,,5.70,0.1900,true,1,175116
7290110560324,false,פריכיות משולשות אפונ,,,פריכיות משולשות אפונ,גרמים,30.00,100 גרם,false,,5.70,0.1900,true,1,175117
7290110560836,false,מילקי בטעם פסק זמן 1,,,מילקי בטעם פסק זמן 1,"מ""ל",170.00,"מ""ל",false,,2.90,0.0171,true,1,161480
7290110561352,false,דנונה ביו דל לקטוז ב,,,דנונה ביו דל לקטוז ב,גרמים,200.00,100 גרם,false,,3.70,0.0185,true,1,163127
7290110561604,false,שמיניית גמדים תות בנ,,,שמיניית גמדים תות בנ,גרם,800.00,גרם,false,,18.90,0.0236,true,1,151667
7290110563431,false,יטבתה משקה קפה קר בס,,,יטבתה משקה קפה קר בס,מיליליטרים,230.00,"100 מ""ל",false,,7.90,0.0343,true,1,177270
7290110563448,false,יטבתה משקה קפה קר בס,,,יטבתה משקה קפה קר בס,מיליליטרים,230.00,"100 מ""ל",false,,7.90,0.0343,true,1,177271
7290110563455,false,יטבתה חלב בבקבוק דל,,,יטבתה חלב בבקבוק דל,ליטר,1.00,ליטר,false,,7.90,7.9000,true,1,145627
7290110563462,false,יטבתה חלב בבקבוק נטו,,,יטבתה חלב בבקבוק נטו,ליטר,1.00,ליטר,false,,8.90,8.9000,true,1,186280
7290110564742,false,יטבתה משקה קפה קר בס,,,יטבתה משקה קפה קר בס,מיליליטרים,230.00,"100 מ""ל",false,,7.90,0.0343,true,1,177272
7290110565527,false,דנונה PRO 20 גרם חלב,,,דנונה PRO 20 גרם חלב,גרם,200.00,גרם,false,,6.50,0.0325,true,1,145628
7290110566623,false,עלית קפסולות קולומבי,,,עלית קפסולות קולומבי,גרמים,50.00,100 גרם,false,,18.90,0.3780,true,1,167520
7290110566975,false,דנונה PRO 20 גרם חלב,,,דנונה PRO 20 גרם חלב,גרם,200.00,גרם,false,,6.50,0.0325,true,1,163199
7290110568238,false,קצפת צימחית 21% במתי,,,קצפת צימחית 21% במתי,מיליליטרים,250.00,"100 מ""ל",false,,8.90,0.0356,true,1,167141
7290110570569,false,פולי אספרסו עשירים ו,,,פולי אספרסו עשירים ו,גרמים,500.00,100 גרם,false,,79.90,0.1598,true,1,183726
7290110570811,false,מארז דוריטוס חמוץ חר,,,מארז דוריטוס חמוץ חר,גרמים,275.00,100 גרם,false,,14.90,0.0542,true,1,178977
7290110571382,false,מעדן חלב מועשר בחלבו,,,מעדן חלב מועשר בחלבו,גרמים,150.00,100 גרם,false,,5.50,0.0367,true,1,180651
7290110956936,false,מיקסר מייסטר MKM200W,,,מיקסר מייסטר MKM200W,אין,0.00,יחידה,false,,299.90,0.0000,true,1,185921
7290110956943,false,מיקסר מייסטר MKM200B,,,מיקסר מייסטר MKM200B,אין,0.00,יחידה,false,,299.90,0.0000,true,1,185922
7290110956950,false,מעבד מזון מייסטר MFP,,,מעבד מזון מייסטר MFP,אין,0.00,יחידה,false,,299.90,0.0000,true,1,185923
7290111090424,false,מגבונים להסרת לק איי,,,מגבונים להסרת לק איי,אין,0.00,יחידה,false,,8.90,0.0000,true,1,176044
7290111093005,false,מגבונים להסרת איפור,,,מגבונים להסרת איפור,אין,0.00,יחידה,false,,8.90,0.0000,true,1,176045
7290111096921,false,מטליות לחות לניקוי ב,,,מטליות לחות לניקוי ב,אין,0.00,יחידה,false,,9.90,0.0000,true,1,183290
7290111097041,false,בייביסיטר מגבונים לח,,,בייביסיטר מגבונים לח,אין,0.00,יחידה,false,,22.90,0.0000,true,1,184675
7290111098536,false,מגבונים לחים לתינוק,,,מגבונים לחים לתינוק,אין,0.00,יחידה,false,,14.90,0.0000,true,1,183388
7290111285288,false,צלחת במבוק 9 אנץ,,,צלחת במבוק 9 אנץ,אין,0.00,יחידה,false,,10.90,0.0000,true,1,164804
7290111342004,false,לילי נייר טואלט לח ק,,,לילי נייר טואלט לח ק,אין,0.00,יחידה,false,,8.90,0.0000,true,1,178491
7290111342042,false,כריות יפניות אנטיבקט,,,כריות יפניות אנטיבקט,אין,0.00,יחידה,false,,16.90,0.0000,true,1,184302
7290111342738,false,לילי טואלט לח KIDS מ,,,לילי טואלט לח KIDS מ,אין,0.00,יחידה,false,,19.90,0.0000,true,1,178492
7290111343117,false,טישו לושן סופט קליני,,,טישו לושן סופט קליני,אין,0.00,יחידה,false,,13.90,0.0000,true,1,185844
7290111344138,false,מטליות לחות אנטיבקטר,,,מטליות לחות אנטיבקטר,יח',0.00,יח',false,,13.50,0.0000,true,1,180183
7290111344732,false,קלינקס אלרג'י קומפור,,,קלינקס אלרג'י קומפור,אין,0.00,יחידה,false,,13.90,0.0000,true,1,181535
7290111344831,false,מגיני תחתון סופר פרו,,,מגיני תחתון סופר פרו,אין,0.00,יחידה,false,,17.90,0.0000,true,1,183370
7290111345814,false,נייר טואלט נטורל קר,,,נייר טואלט נטורל קר,יח',30.00,יח',false,,34.90,1.1633,true,1,181536
7290111350726,false,הוטפופ נאצ'וס בסגנון,,,הוטפופ נאצ'וס בסגנון,גרמים,322.00,100 גרם,false,,17.90,0.0556,true,1,184307
7290111352935,false,יוגטה טופי ממולא 600,,,יוגטה טופי ממולא 600,גרמים,600.00,100 גרם,false,,10.90,0.0182,true,1,177689
7290111353055,false,יוגטה סוכריות גומי ד,,,יוגטה סוכריות גומי ד,גרמים,200.00,100 גרם,false,,10.90,0.0545,true,1,185453
7290111353123,false,יוגטה סוכריות גומי נ,,,יוגטה סוכריות גומי נ,גרמים,200.00,100 גרם,false,,10.90,0.0545,true,1,180824
7290111353154,false,סוכריות גומי נחשים ק,,,סוכריות גומי נחשים ק,גרמים,180.00,100 גרם,false,,10.90,0.0606,true,1,176629
7290111353239,false,יוגטה סוכריות גומי י,,,יוגטה סוכריות גומי י,גרמים,200.00,100 גרם,false,,10.90,0.0545,true,1,184464
7290111353680,false,גרעיני חמנייה 350 גר,,,גרעיני חמנייה 350 גר,גרמים,350.00,100 גרם,false,,12.90,0.0369,true,1,178520
7290111532344,false,שיבולים עוגיות דלי מ,,,שיבולים עוגיות דלי מ,גרמים,600.00,100 גרם,false,,14.90,0.0248,true,1,177025
7290111563775,false,פראפלה 20% תוספת פרפ,,,פראפלה 20% תוספת פרפ,גרמים,600.00,100 גרם,false,,7.90,0.0132,true,1,176797
7290111564277,false,פריכיות 3 דגנים דקות,,,פריכיות 3 דגנים דקות,גרמים,120.00,100 גרם,false,,11.90,0.0992,true,1,112287
7290111564291,false,פריכיות קינואה דקות,,,פריכיות קינואה דקות,גרמים,120.00,100 גרם,false,,11.90,0.0992,true,1,112288
7290111566240,false,שניצל דק צמחוני בטע,,,שניצל דק צמחוני בטע,גרמים,564.00,100 גרם,false,,34.90,0.0619,true,1,158188
7290111566271,false,חטיפי תירס טבעול 65,,,חטיפי תירס טבעול 65,גרמים,657.00,100 גרם,false,,34.90,0.0531,true,1,158189
7290111568206,false,ביסלי פארטי מיקס ברב,,,ביסלי פארטי מיקס ברב,גרמים,150.00,100 גרם,false,,7.90,0.0527,true,1,160703
7290111879074,false,בקבוק טריטן מרובע 60,,,בקבוק טריטן מרובע 60,00000000000000000000,0.00,00000000000000000000,false,,24.90,0.0000,true,1,165537
7290112002099,false,קולון ג'ל 2.5 ליטר ב,,,קולון ג'ל 2.5 ליטר ב,ליטר,2.50,ליטר,false,,26.90,10.7600,true,1,183278
7290112002167,false,קולון ג'ל 4 ליטר בני,,,קולון ג'ל 4 ליטר בני,ליטר,4.00,ליטר,false,,38.90,9.7250,true,1,181400
7290112003959,false,וניש מסיר כתמים אבקה,,,וניש מסיר כתמים אבקה,מיליליטרים,470.00,"100 מ""ל",false,,17.90,0.0381,true,1,178540
7290112003966,false,וניש מסיר כתמים אבקה,,,וניש מסיר כתמים אבקה,מיליליטרים,470.00,"100 מ""ל",false,,17.90,0.0381,true,1,185159
7290112191274,false,12 טורטיות מקמח חיט,,,12 טורטיות מקמח חיט,גרמים,780.00,100 גרם,false,,13.90,0.0178,true,1,177751
7290112192943,false,ספירה אנתוש אלוורה 5,,,ספירה אנתוש אלוורה 5,מיליליטרים,50.00,"100 מ""ל",false,,16.90,0.3380,true,1,185603
7290112330987,false,יטבתה שייק חלבון מי,,,יטבתה שייק חלבון מי,מיליליטרים,350.00,"100 מ""ל",false,,7.90,0.0226,true,1,181408
7290112331274,false,שיבולת שועל בטעם דבש,,,שיבולת שועל בטעם דבש,גרמים,400.00,100 גרם,false,,22.70,0.0567,true,1,177301
7290112334749,false,עלית טורקי שקית 200,,,עלית טורקי שקית 200,גרמים,220.00,100 גרם,false,,15.40,0.0700,true,1,185939
7290112335043,false,עלית מרשמלו בזוקה 15,,,עלית מרשמלו בזוקה 15,גרמים,150.00,100 גרם,false,,6.90,0.0460,true,1,183280
7290112335050,false,עלית מרשמלו וניל 150,,,עלית מרשמלו וניל 150,גרמים,150.00,100 גרם,false,,6.90,0.0460,true,1,185940
7290112336637,false,"סוכריות מאסט לל""ס יו",,,"סוכריות מאסט לל""ס יו",גרמים,80.00,100 גרם,false,,8.90,0.1113,true,1,177176
7290112336651,false,סוכריות מאסט ללא סוכ,,,סוכריות מאסט ללא סוכ,גרמים,80.00,100 גרם,false,,8.90,0.1113,true,1,178014
7290112337474,false,"סוכריות מאסט לל""ס פט",,,"סוכריות מאסט לל""ס פט",גרמים,80.00,100 גרם,false,,8.90,0.1113,true,1,177177
7290112339294,false,אקטיביה עם צ'יה ואפר,,,אקטיביה עם צ'יה ואפר,גרמים,150.00,100 גרם,false,,4.90,0.0327,true,1,177276
7290112340245,false,צנצנת מאסט בטעם דובד,,,צנצנת מאסט בטעם דובד,גרמים,66.00,100 גרם,false,,11.50,0.1742,true,1,185027
7290112341006,false,מארז מילקי קצפת+כפיו,,,מארז מילקי קצפת+כפיו,גרמים,172.00,100 גרם,false,,7.90,0.0459,true,1,182668
7290112341556,false,אקטיביה עם צ'יה ותות,,,אקטיביה עם צ'יה ותות,גרמים,150.00,100 גרם,false,,4.90,0.0327,true,1,177277
7290112341679,false,דנונה אקטיביה 3% 200,,,דנונה אקטיביה 3% 200,גרמים,200.00,100 גרם,false,,4.50,0.0225,true,1,186284
7290112342102,false,סימפוניה 5% בצל מקור,,,סימפוניה 5% בצל מקור,גרמים,200.00,100 גרם,false,,12.90,0.0645,true,1,186286
7290112342195,false,תפוצ'יפס מקלות בטעם,,,תפוצ'יפס מקלות בטעם,גרמים,200.00,100 גרם,false,,9.90,0.0495,true,1,182068
7290112342270,false,קפה פלטינום אינטנס 1,,,קפה פלטינום אינטנס 1,גרמים,125.00,100 גרם,false,,21.90,0.1752,true,1,183618
7290112343420,false,משקה יטבתה פרו 20 אר,,,משקה יטבתה פרו 20 אר,מיליליטרים,350.00,"100 מ""ל",false,,7.90,0.0226,true,1,177280
7290112344564,false,EAT GOOD רביולי גבינ,,,EAT GOOD רביולי גבינ,גרמים,400.00,100 גרם,false,,19.90,0.0497,true,1,177281
7290112347008,false,גמדים ארוחת בוקר תות,,,גמדים ארוחת בוקר תות,גרמים,100.00,100 גרם,false,,5.90,0.0590,true,1,177282
7290112348616,false,קפה נמס אגוזי לוז על,,,קפה נמס אגוזי לוז על,גרמים,100.00,100 גרם,false,,16.90,0.1690,true,1,177223
7290112348999,false,פריכיות טעימות תירס,,,פריכיות טעימות תירס,גרמים,135.00,100 גרם,false,,13.50,0.1000,true,1,176078
7290112349316,false,בזוקה ביג פופים בטעם,,,בזוקה ביג פופים בטעם,גרמים,86.00,100 גרם,false,,13.90,0.1616,true,1,177226
7290112349675,false,גמדים ארוחת בוקר וני,,,גמדים ארוחת בוקר וני,גרמים,100.00,100 גרם,false,,5.90,0.0590,true,1,177292
7290112349705,false,רוטב עגבניות פומודרו,,,רוטב עגבניות פומודרו,גרמים,350.00,100 גרם,false,,11.90,0.0340,true,1,176152
7290112349736,false,רוטב עגבניות בזיליקו,,,רוטב עגבניות בזיליקו,גרמים,350.00,100 גרם,false,,11.90,0.0340,true,1,182758
7290112349743,false,רוטב עגבניות ארביאטה,,,רוטב עגבניות ארביאטה,גרמים,350.00,100 גרם,false,,11.90,0.0340,true,1,181733
7290112349750,false,רוטב עגבניות לפיצה 3,,,רוטב עגבניות לפיצה 3,גרמים,350.00,100 גרם,false,,11.90,0.0340,true,1,182066
7290112349897,false,מאסט קוביות מנטה 86,,,מאסט קוביות מנטה 86,גרמים,86.00,100 גרם,false,,13.90,0.1616,true,1,177228
7290112350015,false,משקה חלבון יטבתה פרו,,,משקה חלבון יטבתה פרו,מיליליטרים,350.00,"100 מ""ל",false,,7.90,0.0226,true,1,180848
7290112351067,false,סילאן טבעי לחיץ יד מ,,,סילאן טבעי לחיץ יד מ,גרמים,630.00,100 גרם,false,,24.90,0.0395,true,1,176153
7290112351463,false,שלישיית סוכריות FRES,,,שלישיית סוכריות FRES,גרמים,45.00,100 גרם,false,,9.50,0.2111,true,1,177235
7290112351470,false,שלישיית סוכריות FRES,,,שלישיית סוכריות FRES,גרמים,45.00,100 גרם,false,,9.50,0.2111,true,1,177236
7290112352569,false,משקה חלבון יטבתה פרו,,,משקה חלבון יטבתה פרו,מיליליטרים,350.00,"100 מ""ל",false,,7.90,0.0226,true,1,179866
7290112355461,false,חומוס בסגנון ירושלמי,,,חומוס בסגנון ירושלמי,גרמים,400.00,100 גרם,false,,11.90,0.0298,true,1,178294
7290112357106,false,שעועית אדומה טעם הטב,,,שעועית אדומה טעם הטב,גרמים,380.00,100 גרם,false,,7.90,0.0208,true,1,176156
7290112357113,false,גרגרי חומוס טעם הטבע,,,גרגרי חומוס טעם הטבע,גרמים,380.00,100 גרם,false,,7.90,0.0208,true,1,184233
7290112357892,false,שלישיית סוכריות FRES,,,שלישיית סוכריות FRES,גרמים,45.00,100 גרם,false,,9.50,0.2111,true,1,177253
7290112358004,false,פסק זמן קראנץ' 32 גר,,,פסק זמן קראנץ' 32 גר,גרמים,32.00,100 גרם,false,,5.30,0.1656,true,1,177254
7290112358219,false,יד מורדכי רוטב צ'ילי,,,יד מורדכי רוטב צ'ילי,מיליליטרים,300.00,"100 מ""ל",false,,14.90,0.0497,true,1,181123
7290112358240,false,יד מורדכי רוטב גריל,,,יד מורדכי רוטב גריל,מיליליטרים,300.00,"100 מ""ל",false,,14.90,0.0497,true,1,177255
7290112490728,false,מרק היום מרק ירקות ע,,,מרק היום מרק ירקות ע,גרמים,94.00,100 גרם,false,,12.50,0.1330,true,1,185151
7290112490742,false,מרק היום מרק פטריות,,,מרק היום מרק פטריות,גרמים,104.00,100 גרם,false,,12.50,0.1202,true,1,178501
7290112490759,false,מרק היום עוף עם אטרי,,,מרק היום עוף עם אטרי,גרמים,74.00,100 גרם,false,,12.50,0.1689,true,1,183710
7290112491695,false,קונפיטורת 778 משמש ל,,,קונפיטורת 778 משמש ל,גרמים,260.00,100 גרם,false,,15.90,0.0612,true,1,183711
7290112491701,false,ברנפלקס אקסטרה פרוטא,,,ברנפלקס אקסטרה פרוטא,גרמים,400.00,100 גרם,false,,24.90,0.0622,true,1,176530
7290112491770,false,בייגלה דקים דקים עם,,,בייגלה דקים דקים עם,גרמים,300.00,100 גרם,false,,11.90,0.0397,true,1,174795
7290112491787,false,בייגלה דקים דקים עם,,,בייגלה דקים דקים עם,גרמים,300.00,100 גרם,false,,11.90,0.0397,true,1,174796
7290112492456,false,פינוק שמפו שיער יבש,,,פינוק שמפו שיער יבש,מיליליטרים,700.00,"100 מ""ל",false,,11.90,0.0170,true,1,180186
7290112492487,false,פינוק שמפו שמן מרוקא,,,פינוק שמפו שמן מרוקא,מיליליטרים,700.00,"100 מ""ל",false,,11.90,0.0170,true,1,181712
7290112492548,false,פינוק מרכך לשיער יבש,,,פינוק מרכך לשיער יבש,מיליליטרים,700.00,"100 מ""ל",false,,11.90,0.0170,true,1,180187
7290112492579,false,פינוק מרכך שמן קוקוס,,,פינוק מרכך שמן קוקוס,מיליליטרים,700.00,"100 מ""ל",false,,11.90,0.0170,true,1,180188
7290112492593,false,פינוק תחליב רחצה קלא,,,פינוק תחליב רחצה קלא,מיליליטרים,700.00,"100 מ""ל",false,,10.90,0.0156,true,1,178748
7290112492630,false,פינוק לגבר 3 ב-1 700,,,פינוק לגבר 3 ב-1 700,מיליליטרים,700.00,"100 מ""ל",false,,11.90,0.0170,true,1,179834
7290112492722,false,פינוק 2 ב 1 ילדים 70,,,פינוק 2 ב 1 ילדים 70,מיליליטרים,700.00,"100 מ""ל",false,,12.90,0.0184,true,1,182738
7290112492746,false,פינוק מרכך ילדים 700,,,פינוק מרכך ילדים 700,מיליליטרים,700.00,"100 מ""ל",false,,12.90,0.0184,true,1,182739
7290112492999,false,מרק טעם עוף קנור 400,,,מרק טעם עוף קנור 400,גרמים,400.00,100 גרם,false,,17.80,0.0445,true,1,176535
7290112494221,false,קליק ביסקוויט 65 גרם,,,קליק ביסקוויט 65 גרם,גרמים,65.00,100 גרם,false,,5.90,0.0908,true,1,176549
7290112494238,false,קליק כדורים חלב 65 ג,,,קליק כדורים חלב 65 ג,גרמים,65.00,100 גרם,false,,5.90,0.0908,true,1,176550
7290112494313,false,קליק קורנפלקס 65 גרם,,,קליק קורנפלקס 65 גרם,גרמים,65.00,100 גרם,false,,5.90,0.0908,true,1,182484
7290112494344,false,קורנפלקס של אלופים ת,,,קורנפלקס של אלופים ת,גרמים,850.00,100 גרם,false,,17.60,0.0207,true,1,176554
7290112494351,false,קורנפלקס של אלופים ת,,,קורנפלקס של אלופים ת,גרמים,850.00,100 גרם,false,,17.60,0.0207,true,1,176555
7290112494382,false,פירה בטעם ביתי קנור,,,פירה בטעם ביתי קנור,גרמים,260.00,100 גרם,false,,13.90,0.0535,true,1,176556
7290112495228,false,קורנפלקס דבש תלמה תל,,,קורנפלקס דבש תלמה תל,גרמים,448.00,100 גרם,false,,19.70,0.0440,true,1,176577
7290112495235,false,קורנפלקס וניל תלמה 4,,,קורנפלקס וניל תלמה 4,גרמים,448.00,100 גרם,false,,19.70,0.0440,true,1,176578
7290112495242,false,קורנפלקס מייפל תלמה,,,קורנפלקס מייפל תלמה,גרמים,448.00,100 גרם,false,,19.70,0.0440,true,1,176579
7290112495648,false,קרם קרקר 210 גר',,,קרם קרקר 210 גר',גרמים,210.00,100 גרם,false,,10.90,0.0519,true,1,176584
7290112495686,false,קרקר שומשום 220 גר',,,קרקר שומשום 220 גר',גרמים,220.00,100 גרם,false,,10.90,0.0495,true,1,176586
7290112495815,false,הלמנס רוטב לסלט חרדל,,,הלמנס רוטב לסלט חרדל,מיליליטרים,305.00,"100 מ""ל",false,,12.80,0.0420,true,1,176589
7290112495983,false,פתית פריכיות תירס שו,,,פתית פריכיות תירס שו,גרמים,39.00,100 גרם,false,,5.50,0.1410,true,1,176595
7290112496430,false,נמס בכוס אקסטרה מרק,,,נמס בכוס אקסטרה מרק,גרמים,37.00,100 גרם,false,,4.90,0.1324,true,1,182740
7290112497123,false,קנור סחלב 112 גרם,,,קנור סחלב 112 גרם,גרמים,112.00,100 גרם,false,,12.90,0.1152,true,1,176598
7290112498267,false,אל סבון לידיים בניחו,,,אל סבון לידיים בניחו,מיליליטרים,950.00,"100 מ""ל",false,,12.90,0.0136,true,1,182152
7290112498274,false,אל סבון לידיים בניחו,,,אל סבון לידיים בניחו,מיליליטרים,950.00,"100 מ""ל",false,,12.90,0.0136,true,1,180817
7290112498281,false,אל סבון לידיים בתוספ,,,אל סבון לידיים בתוספ,מיליליטרים,950.00,"100 מ""ל",false,,12.90,0.0136,true,1,180818
7290112499448,false,מרכך בתוספת שמן מרוק,,,מרכך בתוספת שמן מרוק,מיליליטרים,700.00,"100 מ""ל",false,,11.90,0.0170,true,1,180819
7290112499455,false,תחליב רחצה בתוספת שמ,,,תחליב רחצה בתוספת שמ,מיליליטרים,700.00,"100 מ""ל",false,,10.90,0.0156,true,1,182901
7290112499462,false,תחליב רחצה בתוספת שמ,,,תחליב רחצה בתוספת שמ,מיליליטרים,700.00,"100 מ""ל",false,,10.90,0.0156,true,1,182606
7290112499639,false,טילון סופר מגנום וני,,,טילון סופר מגנום וני,אין,0.00,יחידה,false,,9.90,0.0000,true,1,176408
7290112499646,false,קורנטו סופר פקאנים,,,קורנטו סופר פקאנים,אין,0.00,יחידה,false,,9.90,0.0000,true,1,176409
7290112499677,false,מגנום שוקולד לבן ADR,,,מגנום שוקולד לבן ADR,אין,0.00,יחידה,false,,9.90,0.0000,true,1,186166
7290112499929,false,מגנום שוקולד,,,מגנום שוקולד,גרמים,90.00,100 גרם,false,,9.90,0.1100,true,1,186167
7290112499936,false,מגנום שקדים מובחרים,,,מגנום שקדים מובחרים,גרמים,90.00,100 גרם,false,,9.90,0.1100,true,1,178474
7290112961266,false,בייגלה כפיות בסגנון,,,בייגלה כפיות בסגנון,גרמים,300.00,100 גרם,false,,11.90,0.0397,true,1,176802
7290112961327,false,אסם בייגלה כפיות פיז,,,אסם בייגלה כפיות פיז,גרמים,300.00,100 גרם,false,,11.90,0.0397,true,1,176803
7290112961440,false,פיטנס בר פריכיות שוק,,,פיטנס בר פריכיות שוק,גרמים,84.00,100 גרם,false,,14.90,0.1774,true,1,179851
7290112961464,false,חטיפי פריכיות דקות מ,,,חטיפי פריכיות דקות מ,גרמים,60.00,100 גרם,false,,8.90,0.1483,true,1,176805
7290112962287,false,שווארמה טבעונית טבעו,,,שווארמה טבעונית טבעו,גרמים,450.00,100 גרם,false,,31.90,0.0709,true,1,176972
7290112962522,false,ביסלי שום בצל 60 גרם,,,ביסלי שום בצל 60 גרם,גרמים,60.00,100 גרם,false,,4.50,0.0750,true,1,176807
7290112962584,false,ביסלי שווארמה 60 גר',,,ביסלי שווארמה 60 גר',גרמים,60.00,100 גרם,false,,4.50,0.0750,true,1,176809
7290112963918,false,פיטנס חטיפי קרקר דק,,,פיטנס חטיפי קרקר דק,גרמים,140.00,100 גרם,false,,11.90,0.0850,true,1,176813
7290112964052,false,פסטה וזוביוטו פרפקטו,,,פסטה וזוביוטו פרפקטו,גרמים,500.00,100 גרם,false,,11.90,0.0238,true,1,176814
7290112964410,false,אסם רוטב אלף האיים ל,,,אסם רוטב אלף האיים ל,מיליליטרים,290.00,"100 מ""ל",false,,12.90,0.0445,true,1,176825
7290112964434,false,אסם רוטב קיסר לסלט 2,,,אסם רוטב קיסר לסלט 2,מיליליטרים,295.00,"100 מ""ל",false,,12.90,0.0437,true,1,176826
7290112964458,false,אסם רוטב ויניגרט לסל,,,אסם רוטב ויניגרט לסל,מיליליטרים,295.00,"100 מ""ל",false,,12.90,0.0437,true,1,176827
7290112964472,false,אסם רוטב שום לסלט 29,,,אסם רוטב שום לסלט 29,מיליליטרים,295.00,"100 מ""ל",false,,12.90,0.0437,true,1,176828
7290112964502,false,אסם רוטב אלף האיים ל,,,אסם רוטב אלף האיים ל,מיליליטרים,600.00,"100 מ""ל",false,,18.90,0.0315,true,1,176829
7290112964564,false,אסם רוטב אלף האיים ל,,,אסם רוטב אלף האיים ל,מיליליטרים,295.00,"100 מ""ל",false,,12.90,0.0437,true,1,176831
7290112964625,false,אסם רוטב שום לייט לס,,,אסם רוטב שום לייט לס,מיליליטרים,295.00,"100 מ""ל",false,,12.90,0.0437,true,1,176834
7290112965165,false,זוג מרק נמס פטריות ב,,,זוג מרק נמס פטריות ב,גרמים,48.00,100 גרם,false,,6.90,0.1438,true,1,176841
7290112965288,false,זוג מרק נמס ירקות בד,,,זוג מרק נמס ירקות בד,גרמים,30.00,100 גרם,false,,6.90,0.2300,true,1,176845
7290112965325,false,אורז ספרדי אסם 140 ג,,,אורז ספרדי אסם 140 ג,גרמים,140.00,100 גרם,false,,12.90,0.0921,true,1,176847
7290112965585,false,פסטה קסרצה פרפקטו 50,,,פסטה קסרצה פרפקטו 50,גרמים,500.00,100 גרם,false,,7.90,0.0158,true,1,176851
7290112965660,false,פיטנס חטיף מולטיגריי,,,פיטנס חטיף מולטיגריי,גרמים,25.00,100 גרם,false,,5.80,0.2320,true,1,176854
7290112965684,false,פיטנס חטיף מולטיגריי,,,פיטנס חטיף מולטיגריי,גרמים,25.00,100 גרם,false,,5.80,0.2320,true,1,176855
7290112965707,false,פיטנס חטיף מולטיגריי,,,פיטנס חטיף מולטיגריי,גרמים,25.00,100 גרם,false,,5.80,0.2320,true,1,176856
7290112965905,false,אסם בייגלה שמיניות ב,,,אסם בייגלה שמיניות ב,גרמים,400.00,100 גרם,false,,9.90,0.0248,true,1,176860
7290112966766,false,צבר טחינה בלאדי חציל,,,צבר טחינה בלאדי חציל,גרמים,350.00,100 גרם,false,,15.90,0.0454,true,1,179604
7290112968203,false,סלט טחינה בלאדי צבר,,,סלט טחינה בלאדי צבר,גרמים,250.00,100 גרם,false,,12.90,0.0516,true,1,181112
7290112968524,false,סלט חומוס סמיר צבר 2,,,סלט חומוס סמיר צבר 2,גרמים,250.00,100 גרם,false,,12.90,0.0516,true,1,179852
7290112968685,false,חומוס גרגרים בטבילה,,,חומוס גרגרים בטבילה,גרמים,400.00,100 גרם,false,,14.20,0.0355,true,1,180213
7290112968807,false,פיטנס קרקר דק סלק 14,,,פיטנס קרקר דק סלק 14,גרמים,140.00,100 גרם,false,,11.90,0.0850,true,1,176890
7290112968821,false,פיטנס קרקר דק בטטה 1,,,פיטנס קרקר דק בטטה 1,גרמים,140.00,100 גרם,false,,11.90,0.0850,true,1,176891
7290112969248,false,אוסם בישולים רוטב סי,,,אוסם בישולים רוטב סי,גרמים,335.00,100 גרם,false,,17.90,0.0534,true,1,176893
7290112969989,false,מנה חמה נודלס קוראינ,,,מנה חמה נודלס קוראינ,גרמים,55.00,100 גרם,false,,6.90,0.1255,true,1,176900
7290113102385,false,מסחטת לימונים ידנית,,,מסחטת לימונים ידנית,אין,0.00,יחידה,false,,17.90,0.0000,true,1,181147
7290113177215,false,צנצנת ברוסליקט פרמיו,,,צנצנת ברוסליקט פרמיו,אין,0.00,יחידה,false,,26.00,0.0000,true,1,179422
7290113190375,false,סילאן סירופ תמרים טב,,,סילאן סירופ תמרים טב,גרמים,900.00,100 גרם,false,,19.90,0.0221,true,1,184553
7290113192171,false,מיקס אגוזים שקדים וח,,,מיקס אגוזים שקדים וח,גרמים,150.00,100 גרם,false,,14.90,0.0993,true,1,186177
7290113192331,false,זיתים ירוק גדול בית,,,זיתים ירוק גדול בית,גרמים,340.00,100 גרם,false,,11.50,0.0338,true,1,184229
7290113192348,false,זית ירוק שום 17-19בי,,,זית ירוק שום 17-19בי,גרמים,560.00,100 גרם,false,,11.90,0.0213,true,1,178763
7290113192362,false,טבעות זיתים ירוקים ב,,,טבעות זיתים ירוקים ב,גרמים,280.00,100 גרם,false,,11.90,0.0425,true,1,178275
7290113192386,false,זית סורי מבוקע בית ה,,,זית סורי מבוקע בית ה,גרמים,340.00,100 גרם,false,,12.90,0.0379,true,1,180205
7290113192508,false,מלפפון במלח 13-17 בי,,,מלפפון במלח 13-17 בי,גרמים,320.00,100 גרם,false,,11.90,0.0372,true,1,184666
7290113192522,false,מלפפון בחומץ 18-25 ב,,,מלפפון בחומץ 18-25 ב,גרמים,290.00,100 גרם,false,,13.90,0.0479,true,1,179338
7290113192553,false,מלפפון במלח בלדי 13-,,,מלפפון במלח בלדי 13-,גרמים,320.00,100 גרם,false,,12.90,0.0403,true,1,182994
7290113192560,false,פלפל שיפקה בית השיטה,,,פלפל שיפקה בית השיטה,גרמים,230.00,100 גרם,false,,8.90,0.0387,true,1,185156
7290113192577,false,כרוב כבוש בית השיטה,,,כרוב כבוש בית השיטה,אין,430.00,יחידה,false,,8.90,0.0207,true,1,181106
7290113193406,false,טבעות קוקטיל זיתים ב,,,טבעות קוקטיל זיתים ב,גרמים,560.00,100 גרם,false,,14.90,0.0266,true,1,176134
7290113198036,false,פקאן מצופה בטעם קרמל,,,פקאן מצופה בטעם קרמל,גרמים,150.00,100 גרם,false,,15.90,0.1060,true,1,178107
7290113198579,false,סוכריות גומי דובונים,,,סוכריות גומי דובונים,גרמים,200.00,100 גרם,false,,10.90,0.0545,true,1,185894
7290113198609,false,סוכריות גומי נחשים,,,סוכריות גומי נחשים,גרמים,200.00,100 גרם,false,,10.90,0.0545,true,1,183831
7290113285309,false,כפפות ניטריל כחולות,,,כפפות ניטריל כחולות,אין,0.00,יחידה,false,,27.90,0.0000,true,1,183542
7290113287198,false,כפפות TPE שחורות 10,,,כפפות TPE שחורות 10,אין,0.00,יחידה,false,,15.90,0.0000,true,1,178897
7290113288836,false,כפפות ויטריל 100 יח,,,כפפות ויטריל 100 יח,אין,0.00,יחידה,false,,21.90,0.0000,true,1,179916
7290113288843,false,כפפות ויטריל 100 יח,,,כפפות ויטריל 100 יח,אין,0.00,יחידה,false,,21.90,0.0000,true,1,185428
7290113289475,false,מפיות חד שכבתיות 80,,,מפיות חד שכבתיות 80,אין,0.00,יחידה,false,,5.90,0.0000,true,1,185775
7290113289505,false,רדיד אלומיניום כוכבי,,,רדיד אלומיניום כוכבי,אין,0.00,יחידה,false,,34.90,0.0000,true,1,181778
7290113289543,false,כוסות שקופות 150 יחי,,,כוסות שקופות 150 יחי,אין,0.00,יחידה,false,,15.90,0.0000,true,1,178845
7290114151566,false,Botany - שמפו לכל סו,,,Botany - שמפו לכל סו,מיליליטרים,500.00,"100 מ""ל",false,,23.90,0.0478,true,1,178837
7290114151603,false,Botany - מרכך לכל סו,,,Botany - מרכך לכל סו,מיליליטרים,500.00,"100 מ""ל",false,,23.90,0.0478,true,1,178838
7290114310246,false,גרנה פדנו צ'אנק 125,,,גרנה פדנו צ'אנק 125,גרמים,125.00,100 גרם,false,,19.90,0.1592,true,1,182148
7290114310352,false,יוגורט Muller Heaven,,,יוגורט Muller Heaven,גרמים,120.00,100 גרם,false,,5.90,0.0492,true,1,182897
7290114310369,false,יוגורט Muller Heaven,,,יוגורט Muller Heaven,גרמים,120.00,100 גרם,false,,5.90,0.0492,true,1,180177
7290114310376,false,יוגורט Muller Heaven,,,יוגורט Muller Heaven,גרמים,120.00,100 גרם,false,,5.90,0.0492,true,1,185909
7290114310482,false,נעם צהובה מעושן 20%,,,נעם צהובה מעושן 20%,גרמים,200.00,100 גרם,false,,21.90,0.1095,true,1,185486
7290114310499,false,יוגורט בתוספת פקאן ס,,,יוגורט בתוספת פקאן ס,גרמים,170.00,100 גרם,false,,5.90,0.0347,true,1,182730
7290114310550,false,פטה עיזים מעודנת 5%,,,פטה עיזים מעודנת 5%,גרמים,200.00,100 גרם,false,,23.90,0.1195,true,1,179314
7290114310567,false,לאבנה עיזים 5% משק צ,,,לאבנה עיזים 5% משק צ,גרמים,200.00,100 גרם,false,,14.90,0.0745,true,1,178486
7290114310963,false,יוגורט עיזים בדלי 3.,,,יוגורט עיזים בדלי 3.,גרמים,500.00,100 גרם,false,,15.90,0.0318,true,1,182731
7290114311007,false,מולר מיקס בתוספת ריב,,,מולר מיקס בתוספת ריב,גרמים,170.00,100 גרם,false,,5.90,0.0347,true,1,182478
7290114311038,false,שמנת מתוקה 32% בקבוק,,,שמנת מתוקה 32% בקבוק,מיליליטרים,250.00,"100 מ""ל",false,,7.90,0.0316,true,1,184267
7290114311069,false,יוגורט בטעם טבעי 25,,,יוגורט בטעם טבעי 25,גרמים,200.00,100 גרם,false,,6.50,0.0325,true,1,181380
7290114311076,false,חמאה צהובה עם שום מו,,,חמאה צהובה עם שום מו,גרמים,200.00,100 גרם,false,,11.90,0.0595,true,1,182849
7290114311083,false,חמאה צהובה עם מלח מו,,,חמאה צהובה עם מלח מו,גרמים,200.00,100 גרם,false,,11.90,0.0595,true,1,182850
7290114311090,false,יוגורט BIO קרמי בתוס,,,יוגורט BIO קרמי בתוס,גרמים,170.00,100 גרם,false,,6.90,0.0406,true,1,181532
7290114311106,false,יוגורט BIO קרמי בתוס,,,יוגורט BIO קרמי בתוס,גרמים,170.00,100 גרם,false,,6.90,0.0406,true,1,182732
7290114311151,false,גבינת עיזים- כמהין,,,גבינת עיזים- כמהין,גרמים,150.00,100 גרם,false,,26.90,0.1793,true,1,184269
7290114311168,false,גבינה צהובה כמהין 20,,,גבינה צהובה כמהין 20,גרמים,200.00,100 גרם,false,,22.90,0.1145,true,1,185881
7290114311175,false,גבינה צהובה זיתים 21,,,גבינה צהובה זיתים 21,גרמים,200.00,100 גרם,false,,21.90,0.1095,true,1,185843
7290114311182,false,גבינת תום עיזים 28%,,,גבינת תום עיזים 28%,גרמים,150.00,100 גרם,false,,27.90,0.1860,true,1,185882
7290114600927,false,עלי טורטיה חיטה מלאה,,,עלי טורטיה חיטה מלאה,גרמים,320.00,100 גרם,false,,10.90,0.0341,true,1,185769
7290114600941,false,מאסטר שף מאסטר שף מ,,,מאסטר שף מאסטר שף מ,גרמים,435.00,100 גרם,false,,15.90,0.0366,true,1,179857
7290114600996,false,מאסטר שף רוטב שום 25,,,מאסטר שף רוטב שום 25,מיליליטרים,250.00,"100 מ""ל",false,,11.90,0.0476,true,1,177093
7290114603041,false,פרי גרנולה בוטנים אג,,,פרי גרנולה בוטנים אג,גרמים,300.00,100 גרם,false,,15.90,0.0530,true,1,177097
7290114603515,false,מאסטר שף רוטב קארי א,,,מאסטר שף רוטב קארי א,גרמים,340.00,100 גרם,false,,14.90,0.0438,true,1,179858
7290114603522,false,מאסטר שף רוטב קארי י,,,מאסטר שף רוטב קארי י,גרמים,340.00,100 גרם,false,,14.90,0.0438,true,1,178289
7290114603591,false,פוף PLAY בטעם קטשופ,,,פוף PLAY בטעם קטשופ,גרמים,40.00,100 גרם,false,,4.40,0.1100,true,1,177100
7290114604857,false,דפי אורז קוטר 22 כשל,,,דפי אורז קוטר 22 כשל,גרמים,400.00,100 גרם,false,,10.90,0.0273,true,1,182620
7290114604895,false,מאסטר שף ממרח ספייסי,,,מאסטר שף ממרח ספייסי,גרמים,446.00,100 גרם,false,,15.90,0.0357,true,1,182621
7290114604901,false,מאסטר שף ממרח שום לח,,,מאסטר שף ממרח שום לח,גרמים,242.00,100 גרם,false,,15.90,0.0657,true,1,178544
7290114604949,false,מאסטר שף רוטב ברביקי,,,מאסטר שף רוטב ברביקי,מיליליטרים,524.00,"100 מ""ל",false,,12.90,0.0246,true,1,179352
7290114606530,false,מאסטר שף רוטב בטעם מ,,,מאסטר שף רוטב בטעם מ,גרמים,515.00,100 גרם,false,,15.90,0.0309,true,1,179354
7290114606547,false,מאסטר שף מיונז עם כמ,,,מאסטר שף מיונז עם כמ,גרמים,242.00,100 גרם,false,,15.90,0.0657,true,1,181727
7290114606554,false,מאסטר שף מיונז לייט,,,מאסטר שף מיונז לייט,גרמים,470.00,100 גרם,false,,15.90,0.0338,true,1,182622
7290114606561,false,אטריות אורז דקות מאס,,,אטריות אורז דקות מאס,גרמים,400.00,100 גרם,false,,12.90,0.0323,true,1,183723
7290114608695,false,מיונז עם ווסאבי מאסט,,,מיונז עם ווסאבי מאסט,גרמים,241.00,100 גרם,false,,15.90,0.0660,true,1,178545
7290115073072,false,"בקבוק טריטן 500 מ""ל",,,"בקבוק טריטן 500 מ""ל",אין,0.00,יחידה,false,,24.90,0.0000,true,1,186174
7290115073676,true,מארז מסכות 3 שכבות צ,,,מארז מסכות 3 שכבות צ,אין,0.00,יחידה,false,,9.90,0.0000,true,1,182920
7290115200713,false,מארז במבה קלאסי אסם,,,מארז במבה קלאסי אסם,גרמים,250.00,100 גרם,false,,12.90,0.0516,true,1,182493
7290115200881,false,אסם בייגלה שטוחים שו,,,אסם בייגלה שטוחים שו,גרמים,300.00,100 גרם,false,,11.90,0.0397,true,1,176902
7290115201031,false,אסם פתיבר דובי שוקול,,,אסם פתיבר דובי שוקול,גרמים,175.00,100 גרם,false,,12.30,0.0703,true,1,185912
7290115201680,false,ביסלי ברביקיו 70 גרם,,,ביסלי ברביקיו 70 גרם,גרמים,67.00,100 גרם,false,,4.40,0.0657,true,1,176906
7290115201741,false,ביסלי בצל 70 גרם,,,ביסלי בצל 70 גרם,גרמים,70.00,100 גרם,false,,4.40,0.0629,true,1,176907
7290115202786,false,מנה חמה פאוצ' נדלסאט,,,מנה חמה פאוצ' נדלסאט,גרמים,70.00,100 גרם,false,,4.90,0.0700,true,1,180206
7290115202816,false,מנה חמה פאוצ' נדלסאט,,,מנה חמה פאוצ' נדלסאט,גרמים,70.00,100 גרם,false,,4.90,0.0700,true,1,178766
7290115202847,false,מנה חמה פאוצ' נדלסאט,,,מנה חמה פאוצ' נדלסאט,גרמים,70.00,100 גרם,false,,4.90,0.0700,true,1,184513
7290115202939,false,מנה חמה רייס נודלס ע,,,מנה חמה רייס נודלס ע,גרמים,50.00,100 גרם,false,,8.90,0.1780,true,1,184308
7290115202953,false,מנה חמה רייס נודלס ק,,,מנה חמה רייס נודלס ק,גרמים,55.00,100 גרם,false,,8.90,0.1618,true,1,184309
7290115202977,false,מנה חמה רייס נודלס ר,,,מנה חמה רייס נודלס ר,גרמים,55.00,100 גרם,false,,8.90,0.1618,true,1,182397
7290115203295,false,פרפקטו פסטה ריציאולי,,,פרפקטו פסטה ריציאולי,גרמים,400.00,100 גרם,false,,11.90,0.0298,true,1,182613
7290115204247,false,עגבניות מיובשות המעד,,,עגבניות מיובשות המעד,גרמים,190.00,100 גרם,false,,17.90,0.0942,true,1,185541
7290115204261,false,אריסה חריפה המעדנייה,,,אריסה חריפה המעדנייה,גרמים,190.00,100 גרם,false,,12.90,0.0679,true,1,185455
7290115205176,false,פיטנס קרקר THIN כפרי,,,פיטנס קרקר THIN כפרי,גרמים,140.00,100 גרם,false,,11.90,0.0850,true,1,184466
7290115205695,false,בצק מצונן לפיצה בונז,,,בצק מצונן לפיצה בונז,גרמים,460.00,100 גרם,false,,19.90,0.0433,true,1,181114
7290115206937,false,נודלס מוקפץ עוף מנה,,,נודלס מוקפץ עוף מנה,גרמים,55.00,100 גרם,false,,8.90,0.1618,true,1,182903
7290115207484,false,חציל על האש היתר צבר,,,חציל על האש היתר צבר,גרמים,400.00,100 גרם,false,,17.90,0.0447,true,1,182160
7290115207507,false,צבר סלט טורקי 360 גר,,,צבר סלט טורקי 360 גר,גרמים,360.00,100 גרם,false,,17.90,0.0497,true,1,179853
7290115208047,false,ויטמינצ'יק פטל 1 ליט,,,ויטמינצ'יק פטל 1 ליט,ליטר,1.00,ליטר,false,,23.50,23.5000,true,1,186141
7290115403404,false,עוגיות פרפריות שוקו,,,עוגיות פרפריות שוקו,גרמים,450.00,100 גרם,false,,14.90,0.0331,true,1,184720
7290115403459,false,עוגיות נסיכה בטעם תו,,,עוגיות נסיכה בטעם תו,גרמים,500.00,100 גרם,false,,14.90,0.0298,true,1,184725
7290115405675,false,קינוח אישי קצפת תות,,,קינוח אישי קצפת תות,גרמים,200.00,100 גרם,false,,17.90,0.0895,true,1,183527
7290115670707,false,אנרג'י גרנולה שיבולת,,,אנרג'י גרנולה שיבולת,גרמים,400.00,100 גרם,false,,16.90,0.0422,true,1,181734
7290115671155,false,שלישיית סוכריות בזוק,,,שלישיית סוכריות בזוק,גרמים,45.00,100 גרם,false,,9.50,0.2111,true,1,181735
7290115675603,false,מארז 8 חטיפים קוואקר,,,מארז 8 חטיפים קוואקר,גרמים,160.00,100 גרם,false,,14.90,0.0931,true,1,185850
7290115675696,false,דגני בוקר קוואקר שיב,,,דגני בוקר קוואקר שיב,גרמים,375.00,100 גרם,false,,22.70,0.0605,true,1,181739
7290115677669,false,סלט כרוב אדום במיונז,,,סלט כרוב אדום במיונז,גרמים,650.00,100 גרם,false,,17.90,0.0275,true,1,183283
7290115677966,false,ממרח אבוקדו אחלה 200,,,ממרח אבוקדו אחלה 200,גרמים,200.00,100 גרם,false,,16.90,0.0845,true,1,178560
7290115678222,false,מארז שמינייה יוגורט,,,מארז שמינייה יוגורט,גרמים,130.00,100 גרם,false,,25.90,0.1992,true,1,184670
7290115678383,false,מעדן הגולן מעדן חלב,,,מעדן הגולן מעדן חלב,גרמים,125.00,100 גרם,false,,3.50,0.0280,true,1,186299
7290115679960,false,ציטוס פופקורן בטעם ט,,,ציטוס פופקורן בטעם ט,גרמים,60.00,100 גרם,false,,4.80,0.0800,true,1,183728
7290116530109,false,קליק חטיף נוגט מצופה,,,קליק חטיף נוגט מצופה,גרמים,35.00,100 גרם,false,,5.80,0.1657,true,1,182153
7290116530147,false,תחליב רחצה בניחוח שי,,,תחליב רחצה בניחוח שי,מיליליטרים,700.00,"100 מ""ל",false,,10.90,0.0156,true,1,181098
7290116530185,false,דגני בוקר דלישקד קרמ,,,דגני בוקר דלישקד קרמ,גרמים,400.00,100 גרם,false,,24.90,0.0622,true,1,182046
7290116530482,false,מארז קורנפלקס של אלו,,,מארז קורנפלקס של אלו,גרמים,150.00,100 גרם,false,,13.90,0.0927,true,1,183269
7290116530901,false,מרכך כביסה בניחוח פי,,,מרכך כביסה בניחוח פי,ליטר,4.00,ליטר,false,,20.90,5.2250,true,1,177986
7290116531137,false,מרק תאילנדי פיקנטי ט,,,מרק תאילנדי פיקנטי ט,גרמים,65.00,100 גרם,false,,12.50,0.1923,true,1,180820
7290116531250,false,שמפו למניעת קשקשים ת,,,שמפו למניעת קשקשים ת,מיליליטרים,700.00,"100 מ""ל",false,,12.90,0.0184,true,1,181386
7290116531519,false,קוקומן בטעם שוקו בננ,,,קוקומן בטעם שוקו בננ,גרמים,375.00,100 גרם,false,,23.40,0.0624,true,1,183503
7290116531779,false,בדין דפי מייבש כחול,,,בדין דפי מייבש כחול,אין,0.00,יחידה,false,,21.50,0.0000,true,1,185489
7290116531816,false,תחליב רחצה בניחוח שי,,,תחליב רחצה בניחוח שי,מיליליטרים,700.00,"100 מ""ל",false,,10.90,0.0156,true,1,179321
7290116531854,false,תחליב רחצה בניחוח שי,,,תחליב רחצה בניחוח שי,מיליליטרים,700.00,"100 מ""ל",false,,10.90,0.0156,true,1,185248
7290116531861,false,תחליב רחצה בניחוח שי,,,תחליב רחצה בניחוח שי,מיליליטרים,700.00,"100 מ""ל",false,,10.90,0.0156,true,1,185571
7290116532028,false,קליק חטיף נוגט 35 גר,,,קליק חטיף נוגט 35 גר,גרמים,35.00,100 גרם,false,,5.80,0.1657,true,1,182154
7290116930435,false,יוגורט גו סמיך 0% דו,,,יוגורט גו סמיך 0% דו,גרמים,200.00,100 גרם,false,,5.90,0.0295,true,1,185113
7290116930497,false,פלח גבינה כחולה 100,,,פלח גבינה כחולה 100,גרמים,100.00,100 גרם,false,,16.90,0.1690,true,1,185942
7290116930596,false,סינר,,,סינר,אין,0.00,יחידה,false,,9.90,0.0000,true,1,185943
7290117131022,false,כף סיליקון ענק,,,כף סיליקון ענק,אין,0.00,יחידה,false,,17.90,0.0000,true,1,184249
7290117260227,false,קפה טורקי אמיתי מטור,,,קפה טורקי אמיתי מטור,גרמים,100.00,100 גרם,false,,6.90,0.0690,true,1,181698
7290117260234,false,קפה טורקי אמיתי מטור,,,קפה טורקי אמיתי מטור,גרמים,300.00,100 גרם,false,,16.90,0.0563,true,1,182894
7290117380192,false,פוף קראנצ בטעם גריל,,,פוף קראנצ בטעם גריל,גרמים,60.00,100 גרם,false,,4.40,0.0733,true,1,182062
7290117380208,false,פוף קראנצ בטעם חמוץ,,,פוף קראנצ בטעם חמוץ,גרמים,60.00,100 גרם,false,,4.40,0.0733,true,1,178778
7290117380215,false,פוף קראנצ בטעם טאקו,,,פוף קראנצ בטעם טאקו,גרמים,60.00,100 גרם,false,,4.40,0.0733,true,1,182623
7290589856775,false,נייס שבלולים לשיער,,,נייס שבלולים לשיער,00000000000000000000,0.00,00000000000000000000,false,,5.90,0.0000,true,1,125619
7290900010367,false,טורטייה אבאל 360 גרם,,,טורטייה אבאל 360 גרם,גרמים,360.00,100 גרם,false,,10.90,0.0303,true,1,140302
7290900010664,false,"ניוקי אבאל 1 ק""ג",,,"ניוקי אבאל 1 ק""ג",אלף,1.00,"ק""ג",false,,11.90,11.9000,true,1,160241
7296021129940,false,צנצנת מלח ופלפל עם י,,,צנצנת מלח ופלפל עם י,אין,0.00,יחידה,false,,7.90,0.0000,true,1,180877
7296021131394,false,סכין מולטי משוננת מ,,,סכין מולטי משוננת מ,אין,0.00,יחידה,false,,19.90,0.0000,true,1,119992
7296021136894,false,תבנית CS לאפיה מרובע,,,תבנית CS לאפיה מרובע,אין,0.00,יחידה,false,,179.90,0.0000,true,1,185946
7296021140945,false,מצקת נירוסטה ידית מש,,,מצקת נירוסטה ידית מש,אין,0.00,יחידה,false,,27.90,0.0000,true,1,185553
7296021140976,false,כף ספגטי ידית משולבת,,,כף ספגטי ידית משולבת,אין,0.00,יחידה,false,,21.90,0.0000,true,1,186307
7296021141010,false,כף הגשה קטנה ידית מש,,,כף הגשה קטנה ידית מש,אין,0.00,יחידה,false,,18.90,0.0000,true,1,183531
7296021141027,false,כף מסננת קטנה ידית מ,,,כף מסננת קטנה ידית מ,אין,0.00,יחידה,false,,19.90,0.0000,true,1,186175
7296021141072,false,מרחון ידית משולבת,,,מרחון ידית משולבת,אין,0.00,יחידה,false,,11.00,0.0000,true,1,185917
7296021146374,false,תבנית CS לאפיה טוסטר,,,תבנית CS לאפיה טוסטר,אין,0.00,יחידה,false,,79.90,0.0000,true,1,183750
7296021146411,false,תבנית CS לאפיה מלבן,,,תבנית CS לאפיה מלבן,אין,0.00,יחידה,false,,99.90,0.0000,true,1,182640
7296021146480,false,תבנית CS לאפיה עגולה,,,תבנית CS לאפיה עגולה,אין,0.00,יחידה,false,,89.90,0.0000,true,1,182771
7296021146497,false,תבנית CS לאפיה מלבן,,,תבנית CS לאפיה מלבן,אין,0.00,יחידה,false,,99.90,0.0000,true,1,183299
7296021157271,false,שישיית כוסות מאג 300,,,שישיית כוסות מאג 300,אין,0.00,יחידה,false,,14.90,0.0000,true,1,181587
7296021160875,false,מספריים למטבח עם מגנ,,,מספריים למטבח עם מגנ,אין,0.00,יחידה,false,,25.50,0.0000,true,1,181588
7296021169946,false,מלקחיים NYLON 3 צבעי,,,מלקחיים NYLON 3 צבעי,אין,0.00,יחידה,false,,15.90,0.0000,true,1,182414
7296021170652,false,פותחן שימוריםפרפר ST,,,פותחן שימוריםפרפר ST,אין,0.00,יחידה,false,,10.90,0.0000,true,1,186176
7296021170713,false,כותש שום איכותי ZINK,,,כותש שום איכותי ZINK,אין,0.00,יחידה,false,,26.90,0.0000,true,1,181762
7296021191800,false,"מחבת יציקה 24 ס""מ שח",,,"מחבת יציקה 24 ס""מ שח",אין,0.00,יחידה,false,,249.90,0.0000,true,1,183394
7296021193675,false,"סוטאז' 30 ס""מ 5 ליטר",,,"סוטאז' 30 ס""מ 5 ליטר",אין,0.00,יחידה,false,,699.90,0.0000,true,1,182520
7296021229503,false,"מחבת 28 ס""מ GOLD",,,"מחבת 28 ס""מ GOLD",אין,0.00,יחידה,false,,549.90,0.0000,true,1,182522
7296021231438,false,"מחבת 20 ס""מ GRAY GRA",,,"מחבת 20 ס""מ GRAY GRA",אין,0.00,יחידה,false,,129.90,0.0000,true,1,183752
7296021250590,false,מחבת שקשוקה לבישול ו,,,מחבת שקשוקה לבישול ו,אין,0.00,יחידה,false,,369.90,0.0000,true,1,182093
7296021261527,false,סיר יציקה עם ידית אפ,,,סיר יציקה עם ידית אפ,אין,0.00,יחידה,false,,599.90,0.0000,true,1,186308
7296021266720,false,"מסננת ידית עץ 26 ס""מ",,,"מסננת ידית עץ 26 ס""מ",אין,0.00,יחידה,false,,43.90,0.0000,true,1,183756
7296021266843,false,פטיש לשניצל עץ פרפקט,,,פטיש לשניצל עץ פרפקט,אין,0.00,יחידה,false,,18.90,0.0000,true,1,186309
7296021266874,false,כף הגשה קטנה ידית אפ,,,כף הגשה קטנה ידית אפ,אין,0.00,יחידה,false,,13.90,0.0000,true,1,184877
7296021266973,false,תרווד מחורץ ידית אפו,,,תרווד מחורץ ידית אפו,אין,0.00,יחידה,false,,13.90,0.0000,true,1,182181
7296058000069,false,נאמן פרכית אורז 310,,,נאמן פרכית אורז 310,גרם,265.00,גרם,false,,13.90,0.0525,true,1,153249
7296102107652,false,סט קופסאות 3יח CKHCK,,,סט קופסאות 3יח CKHCK,אין,0.00,יחידה,false,,11.90,0.0000,true,1,182562
7296102210666,false,סט 5 קופסאות עגול in,,,סט 5 קופסאות עגול in,אין,0.00,יחידה,false,,22.90,0.0000,true,1,183264
7296102210680,false,סט 4 קופסאות מרובע,,,סט 4 קופסאות מרובע,אין,0.00,יחידה,false,,19.90,0.0000,true,1,183265
7296102210727,false,סט 4 קופסאות עגול,,,סט 4 קופסאות עגול,אין,0.00,יחידה,false,,19.90,0.0000,true,1,183266
7296102266113,false,קרש חיתוך פלסטיק ג',,,קרש חיתוך פלסטיק ג',אין,0.00,יחידה,false,,16.90,0.0000,true,1,182417
7296102401194,false,סכומון מגירה,,,סכומון מגירה,אין,0.00,יחידה,false,,7.90,0.0000,true,1,180956
7296102521731,false,סט 4 קופסאות פלסטיק,,,סט 4 קופסאות פלסטיק,אין,0.00,יחידה,false,,19.90,0.0000,true,1,183367
7296102521748,false,סט 4 קופסאות פלסטיק,,,סט 4 קופסאות פלסטיק,אין,0.00,יחידה,false,,19.90,0.0000,true,1,180175
7296102521755,false,סט 4 קופסאות פלסטיק,,,סט 4 קופסאות פלסטיק,אין,0.00,יחידה,false,,19.90,0.0000,true,1,184956
7296102521762,false,סט 4 קופסאות פלסטיק,,,סט 4 קופסאות פלסטיק,אין,0.00,יחידה,false,,19.90,0.0000,true,1,181378
7297028164583,false,גרבי מגבת לגבר,,,גרבי מגבת לגבר,אין,0.00,יחידה,false,,19.90,0.0000,true,1,178890
7297488098688,false,דגש פצפוצי אורז מלא,,,דגש פצפוצי אורז מלא,גרמים,450.00,100 גרם,false,,19.90,0.0442,true,1,186148
7380580005255,false,נייס שבלולים לשיער,,,נייס שבלולים לשיער,00000000000000000000,0.00,00000000000000000000,false,,7.90,0.0000,true,1,125625
7394376123337,false,משקה שיבולת שועל אור,,,משקה שיבולת שועל אור,ליטר,1.00,ליטר,false,,15.90,15.9000,true,1,177102
7394376615825,false,משקה שיבולת שועל מוע,,,משקה שיבולת שועל מוע,ליטר,1.00,ליטר,false,,15.90,15.9000,true,1,177103
7450014600100,false,כפכף אצבע גבר שחור מ,,,כפכף אצבע גבר שחור מ,אין,0.00,יחידה,false,,29.90,0.0000,true,1,185822
7450025803873,false,כפכף נשים פרחוני שחו,,,כפכף נשים פרחוני שחו,אין,0.00,יחידה,false,,29.90,0.0000,true,1,181751
7450025803910,false,כפכף נשים פרח כחול,,,כפכף נשים פרח כחול,אין,0.00,יחידה,false,,29.90,0.0000,true,1,185916
7450025803927,false,כפכף נשים פרח כחול ר,,,כפכף נשים פרח כחול ר,אין,0.00,יחידה,false,,29.90,0.0000,true,1,181574
7480588956563,false,נייס שבלולים לשיער,,,נייס שבלולים לשיער,אין,0.00,יחידה,false,,9.90,0.0000,true,1,125628
7501013138856,false,יוניקו תפוזים סחוט ט,,,יוניקו תפוזים סחוט ט,ליטר,1.00,ליטר,false,,13.70,13.7000,true,1,182090
7501064191398,false,קורונה מארז שישיה 6*,,,קורונה מארז שישיה 6*,ליטר,2.13,ליטר,false,,39.90,18.7324,true,1,177403
7509546666846,false,קולגייט טוטאל משחת ש,,,קולגייט טוטאל משחת ש,מיליליטרים,75.00,"100 מ""ל",false,,21.90,0.2920,true,1,178012
7610100034084,false,מיונז טומי 265 גרם,,,מיונז טומי 265 גרם,גרמים,265.00,100 גרם,false,,15.90,0.0600,true,1,106676
7610113011652,false,בקרדי בריזר תפוח 275,,,בקרדי בריזר תפוח 275,מיליליטרים,275.00,"100 מ""ל",false,,14.90,0.0542,true,1,176517
7610113015780,false,בריזר סלצזר לימון לי,,,בריזר סלצזר לימון לי,מיליליטרים,250.00,"100 מ""ל",false,,14.20,0.0568,true,1,180814
7610400075770,false,לינדט לה גרנד מריר ע,,,לינדט לה גרנד מריר ע,גרמים,150.00,100 גרם,false,,24.90,0.1660,true,1,146695
7610400075787,false,לינדט לה גרנד חלב עם,,,לינדט לה גרנד חלב עם,גרמים,150.00,100 גרם,false,,24.90,0.1660,true,1,146696
7613032045753,false,דגני פיטנס שוקולד נס,,,דגני פיטנס שוקולד נס,גרמים,375.00,100 גרם,false,,22.90,0.0611,true,1,112299
7613033548192,false,דגני בוקר פיטנס שוקו,,,דגני בוקר פיטנס שוקו,גרמים,375.00,100 גרם,false,,22.90,0.0611,true,1,112317
7613035514430,false,פורינה ONE חתול בוגר,,,פורינה ONE חתול בוגר,אלף,3.00,"ק""ג",false,,119.00,39.6667,true,1,176915
7613035548374,false,דגני בוקר גולדן מיני,,,דגני בוקר גולדן מיני,גרמים,570.00,100 גרם,false,,22.90,0.0402,true,1,112332
7613036105606,false,דוגלי בוגר בקר 4*3קג,,,דוגלי בוגר בקר 4*3קג,אלף,3.00,"ק""ג",false,,52.90,17.6333,true,1,112346
7613036880534,false,גרבר מחית מרק ירקות,,,גרבר מחית מרק ירקות,גרמים,190.00,100 גרם,false,,6.90,0.0363,true,1,176925
7613036880855,false,גרבר מחית תפוח עץ וב,,,גרבר מחית תפוח עץ וב,גרמים,190.00,100 גרם,false,,6.90,0.0363,true,1,176927
7613037012095,false,פיטנס גרנולה שוקולד,,,פיטנס גרנולה שוקולד,גרמים,300.00,100 גרם,false,,15.90,0.0530,true,1,176940
7613037012200,false,פאוץ' גרבר מחית בטעם,,,פאוץ' גרבר מחית בטעם,גרמים,90.00,100 גרם,false,,6.90,0.0767,true,1,183504
7613037276091,false,מיקס מיני אריזות דגנ,,,מיקס מיני אריזות דגנ,גרמים,200.00,100 גרם,false,,19.90,0.0995,true,1,176942
7613037811629,false,קורנפלקס גו פרי 500,,,קורנפלקס גו פרי 500,גרמים,500.00,100 גרם,false,,14.90,0.0298,true,1,176945
7613038268262,false,האני נאט ציריוס מופח,,,האני נאט ציריוס מופח,גרמים,410.00,100 גרם,false,,21.90,0.0534,true,1,176947
7613038451954,false,קראנץ שוקולד מופחת ס,,,קראנץ שוקולד מופחת ס,גרמים,410.00,100 גרם,false,,22.90,0.0559,true,1,176948
7613039881521,false,גרבר מחית מנגו 190,,,גרבר מחית מנגו 190,גרמים,190.00,100 גרם,false,,6.90,0.0363,true,1,176135
7613287155863,false,מחית בטעם אגס פאוץ ג,,,מחית בטעם אגס פאוץ ג,גרמים,90.00,100 גרם,false,,6.90,0.0767,true,1,185847
7613287155924,false,מחית בטעם תפוח גזר פ,,,מחית בטעם תפוח גזר פ,גרמים,90.00,100 גרם,false,,6.90,0.0767,true,1,180830
7613287181411,false,פאוץ סלט פירות ויטמי,,,פאוץ סלט פירות ויטמי,גרמים,110.00,100 גרם,false,,5.90,0.0536,true,1,180831
7613287182326,false,פאוץ בננה תפוח ויטמי,,,פאוץ בננה תפוח ויטמי,גרמים,110.00,100 גרם,false,,5.90,0.0536,true,1,177999
7613287182425,false,פאוץ תפוח בננה ותות,,,פאוץ תפוח בננה ותות,גרמים,110.00,100 גרם,false,,5.90,0.0536,true,1,183276
7613287182456,false,פאוץ אגס תפוח בננה ו,,,פאוץ אגס תפוח בננה ו,גרמים,110.00,100 גרם,false,,5.90,0.0536,true,1,178279
7613287325952,false,רוטב ברביקיו לחיץ אס,,,רוטב ברביקיו לחיץ אס,גרמים,345.00,100 גרם,false,,15.90,0.0461,true,1,181722
7613287394323,false,מולטי צ'יריוס 100% ד,,,מולטי צ'יריוס 100% ד,גרמים,600.00,100 גרם,false,,23.90,0.0398,true,1,178280
7622010001858,false,עוגיות אוראו סנדביץ,,,עוגיות אוראו סנדביץ,גרמים,176.00,100 גרם,false,,9.90,0.0563,true,1,100161
7622201139278,false,פילדלפיה גבינת שמנת,,,פילדלפיה גבינת שמנת,גרמים,150.00,100 גרם,false,,13.90,0.0927,true,1,183378
7622201798154,false,פילדלפיה גבינת שמנת,,,פילדלפיה גבינת שמנת,גרמים,150.00,100 גרם,false,,13.90,0.0927,true,1,182394
7622201802363,false,מילקה שוקולד חלב עם,,,מילקה שוקולד חלב עם,גרמים,100.00,100 גרם,false,,7.90,0.0790,true,1,183830
7622201802394,false,מילקה שוקולד חלב 100,,,מילקה שוקולד חלב 100,גרמים,100.00,100 גרם,false,,7.90,0.0790,true,1,184401
7622210453327,false,מילקה סנסיישן 156 גר,,,מילקה סנסיישן 156 גר,גרמים,156.00,100 גרם,false,,14.90,0.0955,true,1,156626
7622300270506,false,מילקה גריינס עוגיות,,,מילקה גריינס עוגיות,גרמים,168.00,100 גרם,false,,14.90,0.0887,true,1,100173
7630477891691,false,סטארבקס קפסולות קולו,,,סטארבקס קפסולות קולו,גרמים,57.00,100 גרם,false,,22.90,0.4018,true,1,182905
7630477891714,false,קפסולות אספרסו סטארב,,,קפסולות אספרסו סטארב,גרמים,57.00,100 גרם,false,,22.90,0.4018,true,1,178001
7702018980819,false,גילט סירייס גל סנסטי,,,גילט סירייס גל סנסטי,מיליליטרים,200.00,"100 מ""ל",false,,15.90,0.0795,true,1,182662
7702174073783,false,לקקן פינפופ קולה 10,,,לקקן פינפופ קולה 10,גרמים,180.00,100 גרם,false,,11.90,0.0661,true,1,133423
7798141877836,false,גאטו נגרו סוביניון ב,,,גאטו נגרו סוביניון ב,מיליליטרים,750.00,"100 מ""ל",false,,42.90,0.0572,true,1,180874
7861500002740,false,בירה לף בראון - בק',,,בירה לף בראון - בק',מיליליטרים,330.00,"100 מ""ל",false,,12.90,0.0391,true,1,182169
7900250001006,false,אביזרי שיער,,,אביזרי שיער,אין,0.00,יחידה,false,,15.90,0.0000,true,1,125630
8000215204219,false,משקה אורז אורגני 1 ל,,,משקה אורז אורגני 1 ל,ליטר,1.00,ליטר,false,,13.90,13.9000,true,1,178370
8000215204677,false,משקה שיבולת שועל אור,,,משקה שיבולת שועל אור,ליטר,1.00,ליטר,false,,13.90,13.9000,true,1,184247
8000380003723,false,גרנד פטיסרי ופל אגוז,,,גרנד פטיסרי ופל אגוז,גרמים,100.00,100 גרם,false,,12.90,0.1290,true,1,157316
8000380004669,false,לואקר וופל סנדוויץ',,,לואקר וופל סנדוויץ',גרמים,200.00,100 גרם,false,,13.90,0.0695,true,1,157321
8000380004676,false,לואקר וופל קרם וניל,,,לואקר וופל קרם וניל,גרמים,200.00,100 גרם,false,,13.90,0.0695,true,1,106687
8000380007219,false,וופל לואקר אגוז 175,,,וופל לואקר אגוז 175,גרמים,175.00,100 גרם,false,,12.90,0.0737,true,1,106698
8000380007264,false,וופל לואקר קקאו 175,,,וופל לואקר קקאו 175,גרמים,175.00,100 גרם,false,,12.90,0.0737,true,1,106701
8000380007271,false,וופל לואקר חלב 175 ג,,,וופל לואקר חלב 175 ג,גרמים,175.00,100 גרם,false,,12.90,0.0737,true,1,106702
8000380144044,false,וופל גרדנה שוקולד 20,,,וופל גרדנה שוקולד 20,גרמים,200.00,100 גרם,false,,14.90,0.0745,true,1,157335
8000380180721,false,וופל לואקר קלאסיק שו,,,וופל לואקר קלאסיק שו,גרמים,175.00,100 גרם,false,,12.90,0.0737,true,1,157345
8000380192243,false,וופל לואקר מקסי אגוז,,,וופל לואקר מקסי אגוז,גרמים,200.00,100 גרם,false,,14.90,0.0745,true,1,176630
8000380201396,false,טורטינה קרמל לואקר 1,,,טורטינה קרמל לואקר 1,גרמים,125.00,100 גרם,false,,17.60,0.1408,true,1,184226
8000500023976,false,בונבוניירת רפאלו 150,,,בונבוניירת רפאלו 150,גרמים,150.00,100 גרם,false,,16.90,0.1127,true,1,132875
8000500029350,false,קינדר בואנו 3*43 גרם,,,קינדר בואנו 3*43 גרם,גרמים,129.00,100 גרם,false,,11.90,0.0922,true,1,132877
8000500121436,false,קינדר בואנו לבן 3*43,,,קינדר בואנו לבן 3*43,גרמים,117.00,100 גרם,false,,11.90,0.1017,true,1,132883
8000500127728,false,קינדר מילק סלייס עוג,,,קינדר מילק סלייס עוג,גרמים,30.00,100 גרם,false,,13.90,0.4633,true,1,184472
8000500256213,false,פרר-קינדר שוקולד מינ,,,פרר-קינדר שוקולד מינ,גרמים,120.00,100 גרם,false,,11.20,0.0933,true,1,184533
8000500374429,false,גרנד פררו רושר 125,,,גרנד פררו רושר 125,גרמים,125.00,100 גרם,false,,16.90,0.1352,true,1,182768
8000500386941,false,ממרח קקאו עם אגוזי ל,,,ממרח קקאו עם אגוזי ל,גרמים,900.00,100 גרם,false,,33.90,0.0377,true,1,184280
8000700000050,false,סבון מוצק לבן דאב 4*,,,סבון מוצק לבן דאב 4*,גרמים,400.00,100 גרם,false,,17.90,0.0447,true,1,104979
8001090721099,false,אריאל פודס קפסולות 2,,,אריאל פודס קפסולות 2,יח',27.00,יח',false,,32.90,1.2185,true,1,165882
8001090745903,false,אבקת כביסה טייד אלפי,,,אבקת כביסה טייד אלפי,אלף,4.00,"ק""ג",false,,32.90,8.2250,true,1,180857
8001090802385,false,טייד קפסולות ג'ל בני,,,טייד קפסולות ג'ל בני,אין,0.00,יחידה,false,,32.90,0.0000,true,1,179871
8001090832573,false,שמפו לחות מוגברת פנט,,,שמפו לחות מוגברת פנט,מיליליטרים,660.00,"100 מ""ל",false,,22.90,0.0347,true,1,182074
8001090899194,false,תחבושות פלטינום נורמ,,,תחבושות פלטינום נורמ,אין,0.00,יחידה,false,,23.90,0.0000,true,1,178310
8001090899224,false,תחבושות פלטינום לונג,,,תחבושות פלטינום לונג,אין,0.00,יחידה,false,,23.90,0.0000,true,1,178033
8001090899286,false,תחבושות פלטינום לילה,,,תחבושות פלטינום לילה,אין,0.00,יחידה,false,,23.90,0.0000,true,1,178575
8001100059242,false,וואפל קוביות BALOCCO,,,וואפל קוביות BALOCCO,גרמים,250.00,100 גרם,false,,13.90,0.0556,true,1,177729
8001100059266,false,וואפל קוביות BALOCCO,,,וואפל קוביות BALOCCO,גרמים,250.00,100 גרם,false,,13.90,0.0556,true,1,177731
8001620017456,false,סאן בנדטו פקק ספורט,,,סאן בנדטו פקק ספורט,ליטר,3.00,ליטר,false,,14.90,4.9667,true,1,165173
8001841096889,false,פיירי קלאסיק לימון 9,,,פיירי קלאסיק לימון 9,מיליליטרים,900.00,"100 מ""ל",false,,8.90,0.0099,true,1,169456
8001841625188,false,פיירי נוזל כלים פלטי,,,פיירי נוזל כלים פלטי,מיליליטרים,515.00,"100 מ""ל",false,,10.90,0.0212,true,1,182408
8001841625287,false,פיירי נוזל כלים פלטי,,,פיירי נוזל כלים פלטי,ליטר,1.01,ליטר,false,,18.90,18.7129,true,1,176166
8001841625461,false,פיירי נוזל כלים פלטי,,,פיירי נוזל כלים פלטי,מיליליטרים,515.00,"100 מ""ל",false,,10.90,0.0212,true,1,176167
8001841625508,false,פיירי נוזל כלים פלטי,,,פיירי נוזל כלים פלטי,ליטר,1.01,ליטר,false,,18.90,18.7129,true,1,183619
8001841669465,false,אריאל קפסולות 24 יחי,,,אריאל קפסולות 24 יחי,גרמים,646.00,100 גרם,false,,34.90,0.0540,true,1,182167
8001841716435,false,ג'ל רחצה ושמפו לעור,,,ג'ל רחצה ושמפו לעור,מיליליטרים,360.00,"100 מ""ל",false,,18.90,0.0525,true,1,185852
8001841941929,false,אולוויז וליו פק לילה,,,אולוויז וליו פק לילה,אין,0.00,יחידה,false,,19.90,0.0000,true,1,182168
8002270866524,false,סאן פלנגרינו מים מינ,,,סאן פלנגרינו מים מינ,ליטר,1.00,ליטר,false,,8.90,8.9000,true,1,104002
8005110170300,false,עגבניות MUTTI מרוסקו,,,עגבניות MUTTI מרוסקו,אלף,1.20,"ק""ג",false,,16.90,14.0833,true,1,176218
8006540091937,false,לנור כדוריות הבושם ב,,,לנור כדוריות הבושם ב,גרמים,210.00,100 גרם,false,,31.90,0.1519,true,1,180858
8006540112823,false,לנור מרכך מרוכז בניח,,,לנור מרכך מרוכז בניח,מיליליטרים,900.00,"100 מ""ל",false,,16.90,0.0188,true,1,178576
8006540429327,false,"פיירי לימון 440 מ""ל",,,"פיירי לימון 440 מ""ל",מיליליטרים,440.00,"100 מ""ל",false,,11.90,0.0270,true,1,178034
8017938005122,false,חומץ תפוחים אורגני 7,,,חומץ תפוחים אורגני 7,מיליליטרים,750.00,"100 מ""ל",false,,19.90,0.0265,true,1,177845
8024985000093,false,נטורה נובה - מחית תפ,,,נטורה נובה - מחית תפ,גרמים,200.00,100 גרם,false,,9.90,0.0495,true,1,186149
8024985000116,false,נטורה נובה - מחית תפ,,,נטורה נובה - מחית תפ,גרמים,200.00,100 גרם,false,,9.90,0.0495,true,1,185800
8024985002783,false,נטורה נובה - סמוזי ג,,,נטורה נובה - סמוזי ג,גרמים,100.00,100 גרם,false,,5.50,0.0550,true,1,178081
8024985002943,false,נטורה נובה - סמוזי ת,,,נטורה נובה - סמוזי ת,גרמים,100.00,100 גרם,false,,5.50,0.0550,true,1,178371
8024985002950,false,נטורה נובה - סמוזי ש,,,נטורה נובה - סמוזי ש,גרמים,100.00,100 גרם,false,,5.50,0.0550,true,1,185430
8024985002967,false,נטורה נובה - סמוזי ב,,,נטורה נובה - סמוזי ב,גרמים,100.00,100 גרם,false,,5.50,0.0550,true,1,185431
8024985003988,false,נטורה נובה - סמוזי ת,,,נטורה נובה - סמוזי ת,גרמים,100.00,100 גרם,false,,5.50,0.0550,true,1,178082
8024985005234,false,נטורה נובה - סמוזי ת,,,נטורה נובה - סמוזי ת,גרמים,100.00,100 גרם,false,,5.50,0.0550,true,1,179413
8024985008037,false,נטורה נובה - סמוזי ת,,,נטורה נובה - סמוזי ת,גרמים,100.00,100 גרם,false,,5.50,0.0550,true,1,178083
8024985008044,false,נטורה נובה - סמוזי א,,,נטורה נובה - סמוזי א,גרמים,100.00,100 גרם,false,,5.50,0.0550,true,1,178084
8032793344292,false,עגבניות חתוכות דק פו,,,עגבניות חתוכות דק פו,גרמים,700.00,100 גרם,false,,10.90,0.0156,true,1,180263
8032880800243,false,פיקניק הפתעה 50ג,,,פיקניק הפתעה 50ג,גרמים,50.00,100 גרם,false,,9.90,0.1980,true,1,106751
8076800195019,false,ספגטי קפליני מס' 1 ב,,,ספגטי קפליני מס' 1 ב,גרמים,500.00,100 גרם,false,,7.90,0.0158,true,1,114080
8076800195033,false,ספגטי מס' 3 ברילה 50,,,ספגטי מס' 3 ברילה 50,גרמים,500.00,100 גרם,false,,7.90,0.0158,true,1,114081
8076800195132,false,ספגטי בבטה מס' 13 בר,,,ספגטי בבטה מס' 13 בר,גרמים,500.00,100 גרם,false,,7.90,0.0158,true,1,114083
8076802085981,false,פסטה פוזילי 98 ברילה,,,פסטה פוזילי 98 ברילה,גרמים,500.00,100 גרם,false,,7.90,0.0158,true,1,114089
8076808050440,false,פסטה מקרוני מס' 44 ב,,,פסטה מקרוני מס' 44 ב,גרמים,500.00,100 גרם,false,,7.90,0.0158,true,1,158439
8076809512268,false,פסטה גירנדולה מס' 34,,,פסטה גירנדולה מס' 34,גרמים,500.00,100 גרם,false,,7.90,0.0158,true,1,114095
8076809513395,false,ברילה רוטב פורמודרו,,,ברילה רוטב פורמודרו,גרמים,400.00,100 גרם,false,,10.90,0.0273,true,1,114097
8076809515399,false,ברילה אמיליאנה טליאט,,,ברילה אמיליאנה טליאט,גרמים,500.00,100 גרם,false,,19.90,0.0398,true,1,184744
8076809578998,false,פסטה סטלינה מס' 27,,,פסטה סטלינה מס' 27,גרמים,500.00,100 גרם,false,,8.90,0.0178,true,1,179861
8410104039134,false,פיניש מנקה ומחדש מדי,,,פיניש מנקה ומחדש מדי,מיליליטרים,250.00,"100 מ""ל",false,,15.90,0.0636,true,1,113368
8410104044916,false,אבקה למדיח כלים פיני,,,אבקה למדיח כלים פיני,אלף,2.70,"ק""ג",false,,49.90,18.4815,true,1,113369
8410128768324,false,ויוה סוי שקדים קרטונ,,,ויוה סוי שקדים קרטונ,ליטר,1.00,ליטר,false,,12.90,12.9000,true,1,181428
8410128768355,false,ויוה סוי סויה 1 ליטר,,,ויוה סוי סויה 1 ליטר,ליטר,1.00,ליטר,false,,11.90,11.9000,true,1,182636
8423207206495,false,סלים דליס חטיף דגנים,,,סלים דליס חטיף דגנים,גרמים,120.00,100 גרם,false,,11.90,0.0992,true,1,114124
8423207208871,false,פריכיות תירס בטעם טב,,,פריכיות תירס בטעם טב,גרמים,130.00,100 גרם,false,,10.90,0.0838,true,1,98749
8423207208888,false,פריכיות תירס בטעם עג,,,פריכיות תירס בטעם עג,גרמים,123.00,100 גרם,false,,10.90,0.0886,true,1,98750
8423207210942,false,סלים דליס טופינג פיר,,,סלים דליס טופינג פיר,גרמים,90.00,100 גרם,false,,10.90,0.1211,true,1,177109
8682655100292,false,קערה פלסטיק 2 גוונים,,,קערה פלסטיק 2 גוונים,אין,0.00,יחידה,false,,16.90,0.0000,true,1,178379
8682655100698,false,קופסא פלסטיק מכסה סי,,,קופסא פלסטיק מכסה סי,ליטר,0.00,ליטר,false,,8.90,0.0000,true,1,181619
8682655100735,false,קופסא פלסטיק+ מכסה ס,,,קופסא פלסטיק+ מכסה ס,ליטר,0.00,ליטר,false,,12.90,0.0000,true,1,181620
8690526009278,false,חטיף קרמל מצופה שוקו,,,חטיף קרמל מצופה שוקו,אין,0.00,יחידה,false,,10.90,0.0000,true,1,176390
8690526009308,false,חטיף קוקוס מצופה שוק,,,חטיף קוקוס מצופה שוק,אין,0.00,יחידה,false,,10.90,0.0000,true,1,176391
8690526009353,false,מיני חטיף בוטנים נוג,,,מיני חטיף בוטנים נוג,גרמים,140.00,100 גרם,false,,10.90,0.0779,true,1,176392
8690526019178,false,וופל קקאו במילוי קרם,,,וופל קקאו במילוי קרם,אין,0.00,יחידה,false,,8.90,0.0000,true,1,176394
8690526035697,false,וופל מיני בציפוי עם,,,וופל מיני בציפוי עם,גרמים,112.00,100 גרם,false,,10.90,0.0973,true,1,176396
8690637505607,false,מרכך כביסה אקסטרה כח,,,מרכך כביסה אקסטרה כח,מיליליטרים,960.00,"100 מ""ל",false,,15.90,0.0166,true,1,178754
8690637505614,false,מרכך כביסה מרוכז בדי,,,מרכך כביסה מרוכז בדי,מיליליטרים,960.00,"100 מ""ל",false,,15.90,0.0166,true,1,182047
8690637866753,false,בדין אקסטרא לבנדר 96,,,בדין אקסטרא לבנדר 96,מיליליטרים,960.00,"100 מ""ל",false,,15.90,0.0166,true,1,164261
8690637946301,false,בדין אקסטרה בייבי כ,,,בדין אקסטרה בייבי כ,מיליליטרים,960.00,"100 מ""ל",false,,15.90,0.0166,true,1,179322
8690637946318,false,בדין אקסטרא בייבי צ,,,בדין אקסטרא בייבי צ,מיליליטרים,960.00,"100 מ""ל",false,,15.90,0.0166,true,1,179323
8690637976995,false,בדין אקסטרא ורוד- 96,,,בדין אקסטרא ורוד- 96,מיליליטרים,960.00,"100 מ""ל",false,,15.90,0.0166,true,1,178261
8690637994029,false,בדין אקסטרא מכך כביס,,,בדין אקסטרא מכך כביס,ליטר,1.44,ליטר,false,,21.90,15.2083,true,1,183270
8690766156374,false,גודייבה שוקולד מריר,,,גודייבה שוקולד מריר,גרמים,90.00,100 גרם,false,,14.90,0.1656,true,1,177337
8690766156404,false,גודייבה שוקולד מריר,,,גודייבה שוקולד מריר,גרמים,90.00,100 גרם,false,,14.90,0.1656,true,1,177340
8691459106300,false,קופסא 450 LOCKFIT,,,קופסא 450 LOCKFIT,אין,0.00,יחידה,false,,5.40,0.0000,true,1,182935
8691459106409,false,קופסא 1000 LOCKFIT,,,קופסא 1000 LOCKFIT,אין,0.00,יחידה,false,,10.90,0.0000,true,1,178381
8691459106706,false,קופסא 1+0.45 LOCKFIT,,,קופסא 1+0.45 LOCKFIT,אין,0.00,יחידה,false,,14.90,0.0000,true,1,178102
8691459141004,false,קופסא+ קורונפלקס 120,,,קופסא+ קורונפלקס 120,אין,0.00,יחידה,false,,8.90,0.0000,true,1,185920
8691459716004,false,קופסא 500 BEST,,,קופסא 500 BEST,אין,0.00,יחידה,false,,4.90,0.0000,true,1,180272
8691459766009,false,קופסא 600 BEST גבוה,,,קופסא 600 BEST גבוה,אין,0.00,יחידה,false,,7.50,0.0000,true,1,183410
8692952157165,false,"VEGA-מאג 300 מ""ל",,,"VEGA-מאג 300 מ""ל",אין,0.00,יחידה,false,,5.90,0.0000,true,1,178338
8697400036122,false,מגש פינוק,,,מגש פינוק,אין,0.00,יחידה,false,,24.90,0.0000,true,1,180806
8697975029390,false,צנצנת קלאסית 1800,,,צנצנת קלאסית 1800,אין,0.00,יחידה,false,,17.90,0.0000,true,1,184587
8697975029475,false,צנצנת קלאסית 425,,,צנצנת קלאסית 425,אין,0.00,יחידה,false,,6.90,0.0000,true,1,180909
8697975030877,false,צנצנת תבלינים 244 HI,,,צנצנת תבלינים 244 HI,אין,0.00,יחידה,false,,5.90,0.0000,true,1,178658
8710502060021,false,מרבה פטיסרי - עוגיות,,,מרבה פטיסרי - עוגיות,גרמים,210.00,100 גרם,false,,11.90,0.0567,true,1,186489
8710502064814,false,מרבה עוגיות שוקוציפס,,,מרבה עוגיות שוקוציפס,גרמים,175.00,100 גרם,false,,10.90,0.0623,true,1,114151
8710502470035,false,מרבה פטיסרי - עוגיות,,,מרבה פטיסרי - עוגיות,גרמים,200.00,100 גרם,false,,11.90,0.0595,true,1,186492
8710847860829,false,רקסונה רול און כותנה,,,רקסונה רול און כותנה,מיליליטרים,50.00,"100 מ""ל",false,,22.90,0.4580,true,1,181387
8711000362679,false,לור קפסולות קפה אספר,,,לור קפסולות קפה אספר,גרמים,52.00,100 גרם,false,,19.90,0.3827,true,1,180800
8711000362747,false,לור קפסולות קפה אספר,,,לור קפסולות קפה אספר,גרמים,52.00,100 גרם,false,,19.90,0.3827,true,1,169659
8711000371244,false,ג'ייקובס קפסולות קפה,,,ג'ייקובס קפסולות קפה,גרמים,52.00,100 גרם,false,,17.90,0.3442,true,1,182471
8711327475618,false,גלידת שמנת בטעם וניל,,,גלידת שמנת בטעם וניל,מיליליטרים,304.00,"100 מ""ל",false,,22.90,0.0753,true,1,177970
8712561626286,false,תחליב רחצה זוהר כמשי,,,תחליב רחצה זוהר כמשי,מיליליטרים,750.00,"100 מ""ל",false,,23.70,0.0316,true,1,105090
8714599104316,false,ג'ייקובס קפה שחור 20,,,ג'ייקובס קפה שחור 20,גרמים,200.00,100 גרם,false,,16.90,0.0845,true,1,180801
8714599410530,false,גייקובס קפה נמס 200ג,,,גייקובס קפה נמס 200ג,גרמים,200.00,100 גרם,false,,21.90,0.1095,true,1,143697
8715700110158,false,מיונז היינץ לייט צנצ,,,מיונז היינץ לייט צנצ,גרמים,490.00,100 גרם,false,,8.90,0.0182,true,1,142529
8715700115344,false,מתבל עגבניות היינץ 4,,,מתבל עגבניות היינץ 4,גרמים,460.00,100 גרם,false,,8.90,0.0193,true,1,100329
8715700419732,false,היינץ קטשופ 700 גרם,,,היינץ קטשופ 700 גרם,גרמים,700.00,100 גרם,false,,14.90,0.0213,true,1,100333
8715700423906,false,מתבל עגבניות היינץ 2,,,מתבל עגבניות היינץ 2,גרמים,555.00,100 גרם,false,,11.90,0.0214,true,1,154493
8717163607305,false,סבון מוצק גרגירים דא,,,סבון מוצק גרגירים דא,גרמים,400.00,100 גרם,false,,17.90,0.0447,true,1,105111
8717163647226,false,ספריי גוף בלאק אקס 1,,,ספריי גוף בלאק אקס 1,מיליליטרים,150.00,"100 מ""ל",false,,17.90,0.1193,true,1,183712
8717163647233,false,ספריי גוף בלאק נייט,,,ספריי גוף בלאק נייט,מיליליטרים,150.00,"100 מ""ל",false,,17.90,0.1193,true,1,182607
8717163647257,false,ספריי גוף גולד אקס 1,,,ספריי גוף גולד אקס 1,מיליליטרים,150.00,"100 מ""ל",false,,17.90,0.1193,true,1,178506
8718951030206,false,משחת קולגייט סנסטיב,,,משחת קולגייט סנסטיב,מיליליטרים,75.00,"100 מ""ל",false,,19.90,0.2653,true,1,184409
8718951236806,false,מש.שיניים להלבנה קול,,,מש.שיניים להלבנה קול,מיליליטרים,100.00,"100 מ""ל",false,,20.90,0.2090,true,1,175112
8718951264618,false,קולגייט אופטיק וייט,,,קולגייט אופטיק וייט,מיליליטרים,75.00,"100 מ""ל",false,,31.90,0.4253,true,1,179862
8718951315303,false,משחת שיניים קולגייט,,,משחת שיניים קולגייט,מיליליטרים,200.00,"100 מ""ל",false,,20.90,0.1045,true,1,178547
8718951382718,false,ג'ל רחצה חימר התחדשו,,,ג'ל רחצה חימר התחדשו,מיליליטרים,750.00,"100 מ""ל",false,,21.90,0.0292,true,1,184601
8718951428492,false,תחליב רחצה לגבר 4 ב-,,,תחליב רחצה לגבר 4 ב-,מיליליטרים,750.00,"100 מ""ל",false,,21.90,0.0292,true,1,186171
8718951446588,false,סבון נוזלי מומנטס סח,,,סבון נוזלי מומנטס סח,מיליליטרים,500.00,"100 מ""ל",false,,17.90,0.0358,true,1,186142
8718951461413,false,משחת שיניים קולגייט,,,משחת שיניים קולגייט,מיליליטרים,200.00,"100 מ""ל",false,,29.90,0.1495,true,1,182910
8718951470538,false,משחת שיניים קולגייט,,,משחת שיניים קולגייט,מיליליטרים,250.00,"100 מ""ל",false,,29.90,0.1196,true,1,181731
8718951509627,false,קולגייט וואייט להסרת,,,קולגייט וואייט להסרת,אין,0.00,יחידה,false,,29.90,0.0000,true,1,184745
8719200998001,false,בלו בנד ללא מלח 200,,,בלו בנד ללא מלח 200,גרמים,200.00,100 גרם,false,,4.70,0.0235,true,1,178732
8719200998032,false,מזולה בטעם חמאה 250,,,מזולה בטעם חמאה 250,גרמים,250.00,100 גרם,false,,10.90,0.0436,true,1,178733
8803733181785,false,קופסא 1 ליטר 817 L&,,,קופסא 1 ליטר 817 L&,ליטר,1.00,ליטר,false,,38.90,38.9000,true,1,152539
8803733182218,false,קופסא 1.2 ליטר - L,,,קופסא 1.2 ליטר - L,אין,0.00,יחידה,false,,42.90,0.0000,true,1,152552
8850206250592,false,רוטב צ'ילי סיראצ'ה מ,,,רוטב צ'ילי סיראצ'ה מ,גרמים,540.00,100 גרם,false,,21.90,0.0406,true,1,184244
8850367992164,false,קרם קוקוס ללא גלוטן,,,קרם קוקוס ללא גלוטן,גרמים,250.00,100 גרם,false,,8.80,0.0352,true,1,139244
8850389103111,false,סאפה משקה אלוורה ענב,,,סאפה משקה אלוורה ענב,מיליליטרים,300.00,"100 מ""ל",false,,7.90,0.0263,true,1,130875
8850389103128,false,סאפה משקה אלוורה תפו,,,סאפה משקה אלוורה תפו,מיליליטרים,300.00,"100 מ""ל",false,,7.90,0.0263,true,1,130876
8850389103159,false,ליצי' משקה עם חתיכות,,,ליצי' משקה עם חתיכות,מיליליטרים,320.00,"100 מ""ל",false,,7.90,0.0247,true,1,180872
8850389105832,false,סאפה משקה אלוורה תפו,,,סאפה משקה אלוורה תפו,ליטר,1.00,ליטר,false,,12.90,12.9000,true,1,104016
8851613101378,false,משקה קוקוס ארוי-די,,,משקה קוקוס ארוי-די,מיליליטרים,250.00,"100 מ""ל",false,,10.90,0.0436,true,1,98788
8901537024014,false,וילי פוד אורז בסמטי,,,וילי פוד אורז בסמטי,גרמים,1000.00,100 גרם,false,,14.80,0.0148,true,1,98363
8934868127130,false,נוזל כלים סאן בניחוח,,,נוזל כלים סאן בניחוח,מיליליטרים,750.00,"100 מ""ל",false,,10.90,0.0145,true,1,178076
9000101372878,false,פרסיל דיסקס לכביסה ל,,,פרסיל דיסקס לכביסה ל,יח',22.00,יח',false,,36.90,1.6773,true,1,178332
9002975393836,false,סוכריות גומי בטעם קו,,,סוכריות גומי בטעם קו,גרמים,70.00,100 גרם,false,,7.90,0.1129,true,1,177994
9002975393843,false,סוכריות גומי בטעמי פ,,,סוכריות גומי בטעמי פ,גרמים,70.00,100 גרם,false,,7.90,0.1129,true,1,185251
9002975393850,false,סוכריות גומי בטעמי פ,,,סוכריות גומי בטעמי פ,גרמים,70.00,100 גרם,false,,7.90,0.1129,true,1,185155
9044400820180,false,סוכריות פז -סוכריות,,,סוכריות פז -סוכריות,גרמים,25.50,100 גרם,false,,11.90,0.4667,true,1,181554
9044400822320,false,סוכריות פז שקית 85 ג,,,סוכריות פז שקית 85 ג,אין,0.00,יחידה,false,,15.90,0.0000,true,1,181555
9310072028743,false,טים טם אוריגינל 200,,,טים טם אוריגינל 200,גרמים,200.00,100 גרם,false,,21.70,0.1085,true,1,107365
9322969000015,false,פריכיות תירס בטעם או,,,פריכיות תירס בטעם או,גרמים,150.00,100 גרם,false,,13.50,0.0900,true,1,100971
9322969000053,false,פריכיות אורז מלא ריל,,,פריכיות אורז מלא ריל,גרמים,150.00,100 גרם,false,,12.80,0.0853,true,1,182041
9720188050109,false,טופוטי ממרח טופו בטע,,,טופוטי ממרח טופו בטע,גרמים,225.00,100 גרם,false,,23.60,0.1049,true,1,101457
9770793935001,false,קובץ תשבצים,,,קובץ תשבצים,אין,0.00,יחידה,false,,34.90,0.0000,true,1,127651
9771565290007,false,עיתון הארץ שישי,,,עיתון הארץ שישי,אין,0.00,יחידה,false,,27.50,0.0000,true,1,127670
