code,internal_code,name,manufacturer_name,manufacture_country,manufacturer_item_description,unit_qty,quantity,unit_of_measure,weighted,qty_in_package,price,unit_of_measure_price,allow_discount,status,item_id
72940754,false,"מילקי בטעם וניל 170 מ""ל","שטראוס גרופ בע""\מ",IL,מילקי טעם וניל,מיליליטרים,170.00,"100 מ""ל",false,0,2.90,1.71,true,1,
72940761,false,"מילקי בטעם שוקולד 170מ""ל","שטראוס גרופ בע""\מ",IL,מילקי טעם שוקולד,מיליליטרים,170.00,"100 מ""ל",false,0,2.90,1.71,true,1,
72945308,false,קוביות שמרים לחים אפיה50,"פאקא תעשיות בע""\מ",IL,קוביות שמרים,גרמים,50.00,100 גרם,false,0,3.50,7.00,true,1,
72961209,false,"שמנית חמוצה 15% 200 מ""ל",תנובה,IL,שמנית תנובה 15%,מיליליטרים,200.00,"100 מ""ל",false,0,2.40,1.20,true,1,
72961216,false,"אשד 200 מ""ל",מחלבת אלון תבור,IL,"אשד 200 מ""ל",מיליליטרים,200.00,"100 מ""ל",false,0,1.60,0.80,true,1,
72961223,false,גילה 3%,,IL,גילה 3%,מיליליטרים,200.00,"100 מ""ל",false,0,1.50,0.75,true,1,
72961506,false,פרילי תות 1.5% 125 גרם,מחלבת אלון תבור,IL,פרילי תות,גרמים,125.00,100 גרם,false,0,3.60,2.88,true,1,
72961513,false,"פרילי משמש 125 מ""ל",מחלבת אלון תבור,IL,פרילי משמש,מיליליטרים,125.00,"100 מ""ל",false,0,3.60,2.88,true,1,
72961520,false,פרילי אננס 1.5% 125 גרם,מחלבת אלון תבור,IL,פרילי אננס 1.5%,גרמים,125.00,100 גרם,false,0,3.60,2.88,true,1,
72961544,false,באדי תות 3% 125 גרם,מחלבת אלון תבור,IL,מעדן באדי תות 3%,גרמים,125.00,100 גרם,false,0,2.90,2.32,true,1,
72964422,false,"יוגורט תנובה 4.5% 200מ""ל",תנובה,IL,יוגורט תנובה4.5%,מיליליטרים,200.00,"100 מ""ל",false,0,2.90,1.45,true,1,
72986233,false,באדי וניל 2%שומן 125 גרם,תנובה,IL,מעדן באדי וניל,גרמים,125.00,100 גרם,false,0,2.90,2.32,true,1,
72986240,false,באדי שוקו 2%שומן 125 גרם,תנובה,IL,מעדן באדי שוקו,גרמים,125.00,100 גרם,false,0,2.90,2.32,true,1,
72993637,false,דני שוקולד 1.5% 125 גרם,"שטראוס גרופ בע""\מ",IL,דני שוקולד 1.5%,גרמים,125.00,100 גרם,false,0,2.70,2.16,true,1,
80773443,false,מסטיק מנטה עדינה בקבוק,"פרפטי ואן מלה ג'\ידה,סאן",TR,מסטיק מנטוס,גרמים,60.00,100 גרם,false,1,9.90,16.50,true,1,
80780595,false,מסטיק מנטה עדינה בקבוק90,,TR,מסטיק מנטוס,גרמים,90.00,100 גרם,false,1,16.90,18.78,true,1,
80790990,false,מסטיק פירות מנטה בקבוק,"פרפטי ואן מלה ג'\ידה,סאן",TR,מסטיק מנטוס,גרמים,60.00,100 גרם,false,1,9.90,16.50,true,1,
80843184,false,מסטיק פיורפרש ענבים60גר,,TR,מסטיק מנטוס,גרמים,60.00,100 גרם,false,1,9.90,16.50,true,1,
80896081,false,מסטיק מנטוס אבטיח60גרם,"פרפטי ואן מלה ג'\ידה,סאן",TR,מנטוס בקבוק,גרמים,60.00,100 גרם,false,1,9.90,16.50,true,1,
80913467,false,מסטיק מנטוס מנטה בקבוק60,פרפטי ואן מלה,TR,מסטיק מנטוס,גרמים,60.00,100 גרם,false,1,9.90,16.50,true,1,
80945468,false,מנטוס פיורוויט מנטה מתוק,"פרפטי ואן מלה ג'ידה,סאן",TR,מנטוס פיור וויט,גרמים,60.00,100 גרם,false,1,9.90,16.50,true,1,
80979128,false,מסטיק פיורפרש דובדבן60ג,,TR,מסטיק מנטוס,גרמים,60.00,100 גרם,false,1,9.90,16.50,true,1,
87108651,false,מנטוס מנטה 4יח37.5X'גרם,פרפטי ואן מלה ברדה,NL,מנטוס מנטה 4 יח',גרמים,150.00,100 גרם,false,0,11.90,7.93,true,1,
87108712,false,מנטוס טעם פירות4יח37.5Xג,פרפטי ואן מלה,NL,מנטוס פירות 4,גרמים,150.00,100 גרם,false,0,11.90,7.93,true,1,
16000423534,false,קראנצי שיבולת ושוקולד5יח,ג'נרל מילס סאן אדריאן,ES,חטיף נייצ'ר ואלי,גרמים,210.00,100 גרם,false,0,18.90,9.00,true,1,
18000703494,false,תערובת לעוגת וניל 500גרם,ג'נרל מילס,IL,תערובת לעוגה,גרמים,500.00,100 גרם,false,0,17.90,3.58,true,1,
18000703517,false,תערובת לעוגת שיש 550 גרם,ג'נרל מילס,IL,תערובת לעוגה,גרמים,550.00,100 גרם,false,0,17.90,3.25,true,1,
18176783108,false,שוקולד חלב,,,שוקולד חלב,גרמים,100.00,100 גרם,false,0,12.90,12.90,true,1,
18176784907,false,שוקולד טורינו,,,שוקולד טורינו,גרמים,500.00,100 גרם,false,0,19.90,3.98,true,1,
18176785003,false,שוקולד טורינו,,IL,שוקולד טורינו,גרמים,138.00,100 גרם,false,0,21.90,15.87,true,1,
18176785508,false,שוקולד טורינו,,IL,שוקולד טורינו,גרמים,100.00,100 גרם,false,0,11.90,11.90,true,1,
18176787007,false,שוקולד טורינו,,IL,שוקולד טורינו,גרמים,100.00,100 גרם,false,0,11.90,11.90,true,1,
22200956932,false,ספיד סטיק ג'ל 24/7 כחול,קולגייט פלמוליב,US,דאודורנט ג'ל,גרמים,85.00,100 גרם,false,0,21.90,25.76,true,1,
22200956949,false,ספיד סטיק ג'ל24/7- כתום,קולגייט פלמוליב,US,דאודורנט,גרמים,85.00,100 גרם,false,0,21.90,25.76,true,1,
25675010024,false,עוגיות סנדוויץ דופלקס 70,INC FOODS CONAGRA,US,עוגיות סנדוויץ,גרמים,708.00,100 גרם,false,1,24.90,3.52,true,1,
25675010048,false,עוגיות סנדוויץ וניל 708,INC FOODS CONAGRA,US,עוגיות סנדוויץ,גרמים,708.00,100 גרם,false,1,24.90,3.52,true,1,
25675094741,false,לקקן טופי פטל,,,לקקן טופי פטל,גרמים,540.00,100 גרם,false,0,16.90,3.13,true,1,
25675120020,false,םרג 100 לטפ םעטב םיצוצמח,ירוג,NL,חמצוצים פטל,גרמים,100.00,100 גרם,false,0,7.90,7.90,true,1,
25675120037,false,םרג 100 תות םעטב םיצוצמח,ירוג,NL,חמצוצים תות,גרמים,100.00,100 גרם,false,0,7.90,7.90,true,1,
25675120068,false,םרג100 הלוק םעטב םיצוצמח,ירוג,NL,חמצוצים קולה,גרמים,100.00,100 גרם,false,0,7.90,7.90,true,1,
25675950313,false,סוכ.אודלס בטעם תות 224 ג,צאוזי גונדילונג פוד,CN,סוכרית אודלס224ג,גרמים,224.00,100 גרם,false,1,13.90,6.21,true,1,
25675950351,false,סוכ.אודלס בטעם דובדבן,צאוזי גונדילונג פוד,CN,סוכרית אודלס224ג,גרמים,224.00,100 גרם,false,1,13.90,6.21,true,1,
34000544028,false,טוויזלרס ממתק טעם תות198,,US,טוויזלרס טעם תות,גרמים,198.00,100 גרם,false,0,8.90,4.49,true,1,
34000544431,false,טוויזלרס טעם דובדבן 172ג,הרשי שוקולד,US,טוויזלרס ממתק,גרמים,172.00,100 גרם,false,1,8.90,5.17,true,1,
35000458476,false,מברשת קולגייט ילדים2-8,,VN,מברשת קולגייט,יחידה,1.00,יחידה,false,1,19.90,19.90,true,1,
43427001014,false,עוגיות סנדויץ שוקולד 227,טרי האוז פודס,US,עוגיות סנדויץ,גרמים,227.00,100 גרם,false,1,14.90,6.56,true,1,
43427002929,false,פריכיות אורז בציפוי שוקו,,IL,פריכיות אורז,גרמים,105.00,100 גרם,false,1,11.90,11.33,true,1,
43427111102,false,סוכריות כפתורים חמוץ מתו,סנרייז,US,סוכריות כפתורים,גרמים,56.00,100 גרם,false,1,14.90,26.61,true,1,
43427180276,false,בייגלך עם דבש 240 גרם,בנזל'ס,US,בייגלך עם דבש,גרמים,240.00,100 גרם,false,1,11.90,4.96,true,1,
43427222600,false,"רוטב סויה ליברס 296 מ""ל",באהקו פוד קו,TH,רוטב סויה,מיליליטרים,296.00,"100 מ""ל",false,1,11.90,4.02,true,1,
43427269001,false,"ספריי שמן אבוקדו 146 מ""ל",פולמר דוולופמנט,US,ספריי שמן אבוקדו,מיליליטרים,146.00,"100 מ""ל",false,1,34.90,23.90,true,1,
43427560023,false,ממתק קנדי קורן ליברס 120,סאנרייז,MX,ממתק קנדי קורן,גרמים,120.00,100 גרם,false,1,11.90,9.92,true,1,
64144090013,false,תרסיס שמן טעם חמאה 148מל,קונגרה,US,תרסיס שמן,מיליליטרים,148.00,"100 מ""ל",false,0,17.90,12.09,true,1,
73490129919,false,ביסקויט קסטה טעם שוקו,אפיפית,IL,ביסקויט קסטה,גרמים,250.00,100 גרם,false,0,5.90,2.36,true,1,
77245110610,false,סוכריות מאסט מנטה 80 גרם,עלית,PL,סוכריות מאסט,גרמים,80.00,100 גרם,false,0,8.90,11.13,true,1,
85000019498,false,וודקה ניו אמסטרדם 750 מל,יקבי אי'\ ג'\י גאלו,US,וודקה נ.אמסטרדם,מיליליטרים,750.00,"100 מ""ל",false,1,59.90,7.99,true,1,
97643082548,false,שוק.רוזמרי מריר 100 גרם,שמרלינג,,שוק.רוזמרי מרי,גרמים,100.00,100 גרם,false,0,11.90,11.90,true,1,
608614254125,false,ביסבס חריף אש 120 גרם,LAM,IL,ביסבס חריף אש,גרמים,120.00,100 גרם,false,1,10.90,9.08,true,1,
608614254149,false,ביסבס חריף פיקנטי 120 גר,LAM,IL,ביסבס חריף,גרמים,120.00,100 גרם,false,1,10.90,9.08,true,1,
633016004016,false,ברוקולי חתוך 680 גרם,עתרן,IL,ברוקולי,גרמים,680.00,100 גרם,false,0,29.90,4.40,true,1,
655160628801,false,סלט חציל בטעם כבד 230 גר,"לימון-מילה של איכות בע""מ",IL,סלט חצילים,גרמים,230.00,100 גרם,false,1,16.90,7.35,true,1,
655160628818,false,סלט חציל על האש 230 גרם,"לימון-מילה של איכות בע""מ",IL,סלט חציל על האש,גרמים,230.00,100 גרם,false,1,14.90,6.48,true,1,
655160628825,false,סלט חציל בתחמיץ 230 גרם,"לימון-מילה של איכות בע""מ",IL,סלט חציל בתחמיץ,גרמים,230.00,100 גרם,false,1,14.90,6.48,true,1,
655160628832,false,סלט חציל בצ'ילי 230 גרם,"לימון-מילה של איכות בע""מ",IL,סלט חציל בצ'ילי,גרמים,230.00,100 גרם,false,1,14.90,6.48,true,1,
655160628863,false,סלט טחינה של סבתא 230 גר,"לימון-מילה של איכות בע""מ",IL,סלט טחינה,גרמים,230.00,100 גרם,false,1,14.90,6.48,true,1,
655160628931,false,מעדן זיתים 150 גרם,"לימון-מילה של איכות בע""מ",IL,מעדן זיתים,גרמים,150.00,100 גרם,false,1,14.90,9.93,true,1,
655160629112,false,סלט חציל פיקנטי 230 גרם,"לימון-מילה של איכות בע""מ",IL,סלט חציל פיקנטי,גרמים,230.00,100 גרם,false,1,14.90,6.48,true,1,
655160629136,false,סלט פלפלים קלויים אש 230,"לימון-מילה של איכות בע""מ",IL,סלט פלפלים,גרמים,230.00,100 גרם,false,1,14.90,6.48,true,1,
655160629143,false,סלט פלפלים קלויים 230 גר,"לימון-מילה של איכות בע""מ",IL,סלט פלפלים,גרמים,230.00,100 גרם,false,1,14.90,6.48,true,1,
655160629198,false,סלט מטבוחה אש 230 גרם,"לימון-מילה של איכות בע""מ",IL,סלט מטבוחה,גרמים,230.00,100 גרם,false,1,14.90,6.48,true,1,
689423004989,false,"חטיף תפו""א בגליל 150 גרם",,US,"חטיף תפו""א בגליל",גרמים,150.00,100 גרם,false,0,14.90,9.93,true,1,
693493015103,false,סלט חזרת ללא תוספת סוכר,LAM,IL,סלט חזרת 300גרם,גרמים,300.00,100 גרם,false,1,12.90,4.30,true,1,
693493015134,false,ביסבס-חזרת 360 גרם,,IL,ביסבס-חזרת 360גר,גרמים,360.00,100 גרם,false,1,12.90,3.58,true,1,
700600862786,false,מיונז שום שמיר 210 גרם,"לימון-מילה של איכות בע""מ",IL,מיונז שום שמיר,גרמים,210.00,100 גרם,false,1,14.90,7.10,true,1,
706132230161,false,גפרורים ארוכים פרח,נר מצווה,US,גפרורים ארוכים,יחידה,1.00,יחידה,false,1,5.90,5.90,true,1,
706132301267,false,פתיל צף עגול 100 יחידות,,CN,פתיל צף 100יח',יחידה,1.00,יחידה,false,1,6.90,6.90,true,1,
710069082229,false,ממרח חרדל 340 גרם,,IL,ממרח חרדל,גרמים,340.00,100 גרם,false,1,9.90,2.91,true,1,
710069305168,false,"רסק תפו""ע",,IL,"רסק תפו""ע",גרמים,680.00,100 גרם,false,0,17.90,2.63,true,1,
710069812000,false,רוטב פסטה גפן,,IL,רוטב פסטה גפן,גרמים,680.00,100 גרם,false,0,13.90,2.04,true,1,
710069812178,false,"רסק תפו""ע טבעי לל""ס6יח","כנס פוד ארה""ב",US,"רסק תפו""ע 6יח",גרמים,678.00,100 גרם,false,1,17.90,2.64,true,1,
783495814283,false,ד.בוקר קינמון בייטס 346ג,,US,ד.בוקר קינמון,גרמים,346.00,100 גרם,false,1,24.90,7.20,true,1,
807405068013,false,שקיות לבישול איטי 10 יח,פנטסטיק,CN,שקיות לבישול,יחידה,1.00,יחידה,false,1,11.90,11.90,true,1,
807405068518,false,שקיות פסגור ג'מבו לחלות,פטקר,CN,שקיות פסגור,יחידה,1.00,יחידה,false,1,14.90,14.90,true,1,
811146030383,false,לקקן בצורת ספינר 120 גרם,,CN,לקקן בצורת ספינר,גרמים,120.00,100 גרם,false,1,12.90,10.75,true,1,
811146030390,false,לקקן בצורת שבשבת 144 גרם,קיומי שנגיואנג פודס,CN,לקקן בצורת שבשבת,גרמים,144.00,100 גרם,false,1,12.90,8.96,true,1,
811146030758,false,סוכריות טופי ממולאות255ג,,PK,סוכ.טופי 255גרם,גרמים,255.00,100 גרם,false,1,11.90,4.67,true,1,
811146030765,false,סוכריות טופי ממולאות255ג,,PK,סוכ.טופי 255גרם,גרמים,255.00,100 גרם,false,1,11.90,4.67,true,1,
811146030772,false,סוכ.טופי ממולאות 255גרם,,PK,סוכ.טופי ממולאות,גרמים,255.00,100 גרם,false,1,11.90,4.67,true,1,
856591000062,false,עוגיות מזרחיות מלח400גרם,מאפיית יוסף ושמחה עבאדי,IL,עוגיות מזרחיות,גרמים,400.00,100 גרם,false,0,16.90,4.23,true,1,
856591000109,false,עוגיות מזרחיות פריכות400,מאפיית יוסף ושמחה עבאדי,IL,עוגיות מזרחיות,גרמים,400.00,100 גרם,false,0,16.90,4.23,true,1,
856591000949,false,קטנטנים עבאדי ט.טבעי350ג,עבאדי,IL,קטנטנים עבאדי,גרמים,350.00,100 גרם,false,1,14.90,4.26,true,1,
884912365200,false,דגני בוקר אוראו 311 גרם,,US,דגני בוקר אוראו,גרמים,311.00,100 גרם,false,1,24.90,8.01,true,1,
893022001137,false,מגבונים לחים 80 יח' לשבת,,IL,מגבונים לשבת,יחידה,1.00,יחידה,false,1,4.90,4.90,true,1,
3574661487625,false,קרפרי 48מגן תחתון מקסיL,ג'\ונסון אנד ג'\ונסון,GR,מגן תחתון קרפרי,יחידה,1.00,יחידה,false,1,17.90,17.90,true,1,
3600541937475,false,גרנייה פיור 3ב1ניקוי150מ,לוריאל,FR,גרנייה פיור ניקו,מיליליטרים,150.00,"100 מ""ל",false,1,34.90,23.27,true,1,
4008287762020,false,בירה קרומבאכר חיטה בק500,קרומבאכר,DE,בירה קרומבאכר,מיליליטרים,500.00,"100 מ""ל",false,0,9.90,1.98,true,1,
4009900479998,false,אורביט אוכמניות בקבוק64ג,ריגלי פולין,PL,אורביט בקבוקון,גרמים,64.00,100 גרם,false,0,10.90,17.03,true,1,
4009900482417,false,אורביט באבל מינט בקבוק64,ריגלי פולין,PL,אורביט באבל מינט,גרמים,64.00,100 גרם,false,0,10.90,17.03,true,1,
4015400564454,false,68מגני תח.אולוייז מגה L,פרוקטר אנד גמבל,DE,מגן תחתון אולויז,יחידה,1.00,יחידה,false,0,22.90,22.90,true,1,
4015400681670,false,18תחב.אולוייז לילה בטוח,פרוקטר אנד גמבל,UA,תחבושות אולוייז,יחידה,1.00,יחידה,false,0,22.90,22.90,true,1,
4015400695677,false,76פמפרס ב.דריי +4 א.ענק,,TR,פמפרס אריזת ענק,יחידה,1.00,יחידה,false,1,69.90,69.90,true,1,
4015400695691,false,72פמפרס ב.דריי 5 א.ענק,,TR,פמפרס אריזת ענק,יחידה,1.00,יחידה,false,1,69.90,69.90,true,1,
4015400731719,false,20 תח.אולוייז דואו לילה,פרוקטר אנד גמבל,UA,תחבושות אולוייז,יחידה,1.00,יחידה,false,1,22.90,22.90,true,1,
4015400755241,false,28תח.אולוייז דואו נורמל+,פרוקטר אנד גמבל,UA,תחבושות אולוייז,יחידה,1.00,יחידה,false,1,22.90,22.90,true,1,
4015400755487,false,24 תח.אולוייז דואו לונג,פרוקטר אנד גמבל,UA,תחבושות אולוייז,יחידה,1.00,יחידה,false,1,22.90,22.90,true,1,
4015400990543,false,אב.כביסה אריאל קולור 8קג,פרוקטור אנד גמבל,TR,אבקת אריאל קולור,קילוגרמים,8.00,"ק""ג",false,1,64.90,8.11,true,1,
4015600763251,false,שמפו הד&שולדרס קלאסי600מ,פרוקטר אנד גמבל,RO,שמפו הד&שולדרס,מיליליטרים,600.00,"100 מ""ל",false,0,24.90,4.15,true,1,
4015600763299,false,"הד&שולדרס 2ב1- 600 מ""ל",פרוקטר אנד גמבל,RO,שמפו הד&שולדרס,מיליליטרים,600.00,"100 מ""ל",false,0,24.90,4.15,true,1,
4015600763411,false,שמפו הד&שולדרס מנטול 600,פרוקטר אנד גמבל,RO,שמפו הד&שולדרס,מיליליטרים,600.00,"100 מ""ל",false,0,24.90,4.15,true,1,
4015600763534,false,הד&שולדרס מגע משי 600מ,פרוקטר אנד גמבל,RO,שמפו הד&שולדרס,מיליליטרים,600.00,"100 מ""ל",false,0,24.90,4.15,true,1,
4084500853898,false,פיירי אלוורה/מלפפונים515,פרוקטר אנד גמבל,GB,פיירי נוזל לכלים,מיליליטרים,515.00,"100 מ""ל",false,1,11.90,2.31,true,1,
4627137373416,false,פרליני שוקולד משולש כתום,גוד ביט,BY,פרליני שוקולד,גרמים,115.00,100 גרם,false,1,14.90,12.96,true,1,
4810168057510,false,חתיכות פילה דג הרינג400ג,,BY,פילה הרינג400ג,גרמים,400.00,100 גרם,false,1,26.90,6.73,true,1,
4810168058982,false,חתיכות פילה דג הרינג,,BY,פילה דג הרינג,גרמים,400.00,100 גרם,false,1,26.90,6.73,true,1,
4810168058999,false,פילה דג הרינג סקנדינבי,,BY,פילה דג הרינג,גרמים,250.00,100 גרם,false,1,14.90,5.96,true,1,
4891228430061,false,10 סכיני גילוח עם אלוורה,"ש. שסטוביץ בע""\מ",CN,סכיני גילוח 10יח,יחידה,1.00,יחידה,false,0,24.90,24.90,true,1,
5000204658187,false,קיווי נוזל נעליים שחור75,ג'ונסון,PL,קיווי נוזל,מיליליטרים,75.00,"100 מ""ל",false,0,14.90,19.87,true,1,
5016616000520,false,טופי חלבי עם חמאה 200 גר,פי אנד די,GR,טופי חלבי,גרמים,200.00,100 גרם,false,1,11.90,5.95,true,1,
5016616000940,false,ממתק בטעם תות מילוי תססן,סופרפליירס פקטורי,GB,ממתק בטעם תות,גרמים,50.00,100 גרם,false,1,9.90,19.80,true,1,
5016616300255,false,טופי ענבים ופטל 150 גרם,פי אנד די,GR,טופי ענבים ופטל,גרמים,150.00,100 גרם,false,1,11.90,7.93,true,1,
5016616300279,false,טופי תפוז ולימון 150 גרם,פי אנד די,GR,טופי תפוז ולימון,גרמים,150.00,100 גרם,false,1,11.90,7.93,true,1,
5099864006377,false,סימילאק שלב 1 מהדרין900ג,ABBOT,IE,סימילאק שלב 1,גרמים,900.00,100 גרם,false,0,79.90,8.88,true,1,
5099864006384,false,סימילאק שלב 2 מהדרין900ג,ABBOT,IE,סימילאק שלב 2,גרמים,900.00,100 גרם,false,0,79.90,8.88,true,1,
5099864006391,false,סימילאק שלב 3 מהדרין900ג,ABBOT,IE,סימילאק שלב 3,גרמים,900.00,100 גרם,false,0,79.90,8.88,true,1,
5290074003211,false,מיץ אננס 100% 1 ליטר,SEVEGEP,CY,מיץ אננס,ליטרים,1.00,ליטר,false,1,9.90,9.90,true,1,
5290074003228,false,מיץ תפוחים 100% 1 ליטר,SEVEGEP,CY,מיץ תפוחים,ליטרים,1.00,ליטר,false,1,9.90,9.90,true,1,
5290914001452,false,זיתים ירוקים בוואקום200ג,,IL,זיתים ירוקים,גרמים,200.00,100 גרם,false,1,14.90,7.45,true,1,
5290914001476,false,זיתים מעורבים ירוק/שחור,,IL,זיתים מעורבים,גרמים,200.00,100 גרם,false,1,14.90,7.45,true,1,
5290914001735,false,ממרח זיתים ירוקים בשמן,OLIVE OF KINK,CY,ממרח זיתים,גרמים,180.00,100 גרם,false,1,7.90,4.39,true,1,
5290914002114,false,זיתים ירוקים מתובלים 200,,IL,זיתים ירוקים,גרמים,200.00,100 גרם,false,1,14.90,7.45,true,1,
5410126106183,false,ביסקוויט לוטוס ארוז 50יח,לוטוס ביקרי,BE,ביסקוויט לוטוס,גרמים,312.00,100 גרם,false,0,15.90,5.10,true,1,
5410126716016,false,ביסקוויט לוטוס ט.קרמל250,לוטוס ביקרי,BE,ביסקויט לוטוס,גרמים,250.00,100 גרם,false,0,11.90,4.76,true,1,
5411188134985,false,משקה שיבולת שועל3.5% 1 ל,אלפרו C.V.A,BE,משקה שיבולת שועל,ליטרים,1.00,ליטר,false,1,14.90,14.90,true,1,
5701932026964,false,הוטפופ טעם טבעי100*6ג,פופז,US,פופקורן הוטפופ,גרמים,600.00,100 גרם,false,0,16.90,2.82,true,1,
5701932026971,false,הוטפופ טעם חמאה100*6גר,פופז,US,הוטפופ טעם חמאה,גרמים,600.00,100 גרם,false,0,16.90,2.82,true,1,
5765571543619,false,לקקנים בטעם של פעם,ממתקי נעמה,IL,לקקנים,גרמים,100.00,100 גרם,false,1,11.90,11.90,true,1,
5900020026552,false,האני נאט צ'יריוס 625גרם,סי. פי. צרפת,FR,האני נאט צ'יריוס,גרמים,625.00,100 גרם,false,1,24.90,3.98,true,1,
5902198160403,false,משקה אנרגיה TEN XL,"טמפו משקאות בע""\מ",IL,משקה אנרגיה,מיליליטרים,250.00,"100 מ""ל",false,1,4.50,1.80,true,1,
5906485301012,false,משקה אנרגיה XL,,IL,משקה אנרגיה XL,מיליליטרים,250.00,"100 מ""ל",false,0,4.50,1.80,true,1,
6111094000242,false,קוסקוס דארי דק 500 גרם,דארי קוספאט אס. איי. או,MA,קוסקוס דארי דק,גרמים,500.00,100 גרם,false,1,9.90,1.98,true,1,
6201601120027,false,נר הבדלה דונג,,CN,נר הבדלה דונג,יחידה,1.00,יחידה,false,1,6.90,6.90,true,1,
6224000485764,false,"שיני שום קלופות 1 ק""ג",,EG,שיני שום קלופות,קילוגרמים,1.00,"ק""ג",false,1,24.90,24.90,true,1,
6920190410066,false,שיפודי במבוק 70 יחידות,INTEMATIONAL FOCUS NEW,CN,שיפודי במבוק,יחידה,1.00,יחידה,false,1,2.90,2.90,true,1,
7290000000022,true,עגבניה,קטיף.,IL,עגבניה,קילוגרמים,0.00,"ק""ג",true,0,7.90,7.90,true,1,
7290000000046,true,מלפפון,קטיף.,IL,מלפפונים,קילוגרמים,0.00,"ק""ג",true,0,6.90,6.90,true,1,
7290000000053,true,קישואים,קטיף.,IL,קישואים,קילוגרמים,0.00,"ק""ג",true,0,8.90,8.90,true,1,
7290000000084,true,פלפל ירוק בהיר,שותפות מזרחי,IL,פלפל ירוק בהיר,קילוגרמים,0.00,"ק""ג",true,0,9.90,9.90,true,1,
7290000000091,true,פלפל אדום,קטיף.,IL,פלפל אדום,קילוגרמים,0.00,"ק""ג",true,0,11.90,11.90,true,1,
7290000000107,true,פלפל ירוק כהה,קטיף.,IL,פלפל ירוק כהה,קילוגרמים,0.00,"ק""ג",true,0,9.90,9.90,true,1,
7290000000114,true,חציל,קטיף.,IL,חצילים,קילוגרמים,0.00,"ק""ג",true,0,8.90,8.90,true,1,
7290000000138,true,כרוב לבן,קטיף.,IL,כרוב לבן,קילוגרמים,0.00,"ק""ג",true,0,4.90,4.90,true,1,
7290000000145,true,כרוב אדום,קטיף.,IL,כרוב אדום,קילוגרמים,0.00,"ק""ג",true,0,5.90,5.90,true,1,
7290000000183,true,סלק,קטיף.,IL,סלק,קילוגרמים,0.00,"ק""ג",true,0,6.90,6.90,true,1,
7290000000220,true,קולורבי,קטיף.,IL,קולורבי,קילוגרמים,0.00,"ק""ג",true,0,8.90,8.90,true,1,
7290000000374,true,פטריות שמפניון,קטיף.,IL,שמפניון,גרמים,220.00,100 גרם,false,0,8.90,4.05,true,1,
7290000000411,true,שום מארז,קטיף.,XX,שום מארז,גרמים,190.00,100 גרם,false,0,8.90,4.68,true,1,
7290000000480,true,בצל יבש,קטיף.,IL,בצל יבש,קילוגרמים,0.00,"ק""ג",true,0,4.90,4.90,true,1,
7290000000572,true,שומר,קטיף.,IL,שומר,קילוגרמים,0.00,"ק""ג",true,0,8.90,8.90,true,1,
7290000000619,true,פלפל חריף,שותפות מזרחי,IL,פלפל חריף,קילוגרמים,0.00,"ק""ג",true,0,9.90,9.90,true,1,
7290000000732,true,דלורית,קטיף.,IL,דלורית,קילוגרמים,0.00,"ק""ג",true,0,6.90,6.90,true,1,
7290000000855,true,פלפל צהוב,קטיף.,IL,פלפל צהוב,קילוגרמים,0.00,"ק""ג",true,0,11.90,11.90,true,1,
7290000001036,true,בצל יבש אדום,קטיף.,XX,בצל יבש אדום,קילוגרמים,0.00,"ק""ג",true,0,5.90,5.90,true,1,
7290000002040,true,חלה רגילה 500 גרם,מאפית ברמן,IL,חלה רגילה,גרמים,500.00,100 גרם,false,0,4.90,0.98,true,1,
7290000023083,false,"ערק אשקלון 700 מ""ל","יקבי ברקן בע""\מ",IL,ערק אשקלון,מיליליטרים,700.00,"100 מ""ל",false,0,54.90,7.84,true,1,
7290000034256,false,ביסקוויט תירוש 175 גרם,מגדנית הדר,IL,ביסקוויט תירוש,גרמים,175.00,100 גרם,false,0,6.90,3.94,true,1,
7290000040042,false,יוגורט יופלה תות3% 150גר,תנובה בעמ,IL,יופלה תות 3%,גרמים,150.00,100 גרם,false,0,4.90,3.27,true,1,
7290000040080,false,יוגורט יופלה אפרסק3% 150,תנובה בעמ,IL,יופלה אפרסק3%,גרמים,150.00,100 גרם,false,0,4.90,3.27,true,1,
7290000041407,false,"גיל בד""ץ מועשר 3% 125מל",מחלבת אלון תבור,IL,גיל מועשר 3%,מיליליטרים,125.00,"100 מ""ל",false,0,0.90,0.72,true,1,
7290000041445,false,גבינת קוטג5'%מהדרין250גר,מחלבת אלון תבור,IL,קוטג' תנובה 5%,גרמים,250.00,100 גרם,false,0,5.90,2.36,true,1,
7290000041452,false,קוטג' מהדרין 9% 250 גרם,מחלבת אלון תבור,IL,קוטג' 9% מהדרין,גרמים,250.00,100 גרם,false,0,5.90,2.36,true,1,
7290000042015,false,חלב 3% מהדרין שקית 1 ל',,IL,חלב 3% שקית,ליטרים,1.00,ליטר,false,0,5.40,5.40,true,1,
7290000042367,false,חלב טרי3% שומן בקבוק 1ל,,IL,חלב טרי 3%,ליטרים,1.00,ליטר,false,0,6.20,6.20,true,1,
7290000042404,false,חלב מועשר3% יטבתה שקית1ל,מחלבת יטבתה,IL,חלב 3% בשקית,ליטרים,1.00,ליטר,false,0,5.90,5.90,true,1,
7290000042855,false,"שוקו בשקית יטבתה 225מ""ל",יטבתה,IL,שוקו בשקית,מיליליטרים,225.00,"100 מ""ל",false,0,2.60,1.16,true,1,
7290000043814,false,שמנת עמידה לקצפת38% 250מ,תנובה,IL,שמנת עמידה לקצפת,מיליליטרים,250.00,"100 מ""ל",false,0,6.40,2.56,true,1,
7290000043890,false,רויון 1.5% בקרטון 1ל,תנובה,IL,רויון בקרטון1.5%,ליטרים,1.00,ליטר,false,0,11.90,11.90,true,1,
7290000044712,false,פרילי+תות שדה1.5% 500ג,מחלבת אלון תבור,IL,פרילי תות-שדה,גרמים,500.00,100 גרם,false,0,10.90,2.18,true,1,
7290000044880,false,באדי מעדן תות 3% 500 גרם,מחלבת אלון תבור,IL,מעדן באדי תות 3%,גרמים,500.00,100 גרם,false,0,8.90,1.78,true,1,
7290000045399,false,גבינה מותכת 26% שומן200ג,טנא נוגה,IL,גבינה מותכת,גרמים,200.00,100 גרם,false,0,15.90,7.95,true,1,
7290000047546,false,גב.כנען 5% 500 גרם,תנובה,IL,גבינת כנען 5%,גרמים,500.00,100 גרם,false,0,24.90,4.98,true,1,
7290000047621,false,גב5%.שומן כשר מהדרין250ג,מחלבת אלון תבור,IL,גבינה %5 מהדרי,גרמים,250.00,100 גרם,false,0,4.90,1.96,true,1,
7290000047942,false,גב9%.שומן כשר מהדרין250ג,מחלבת אלון תבור,IL,גבינה9%מהדרין,גרמים,250.00,100 גרם,false,0,4.60,1.84,true,1,
7290000048413,false,גב.חמד פיראוס16% 250 גר,תנובה,IL,גבינה מלוחה 16%,גרמים,250.00,100 גרם,false,0,18.90,7.56,true,1,
7290000048437,false,גבי. צפתית פיראוס5% 200ג,תנובה,IL,גבינה צפתית 5%,גרמים,200.00,100 גרם,false,0,15.90,7.95,true,1,
7290000048451,false,גב.חרמון 16% 250 גרם,תנובה בעמ,IL,גבינת חרמון,גרמים,250.00,100 גרם,false,0,18.90,7.56,true,1,
7290000051376,false,יופלה דיאט אננס 0% 150גר,תנובה בעמ,IL,יופלה דיאט אננס,גרמים,150.00,100 גרם,false,0,4.90,3.27,true,1,
7290000052649,false,לאבנה פיראוס 5% 500 גרם,תנובה,IL,לאבנה פיראוס 5%,גרמים,500.00,100 גרם,false,0,20.90,4.18,true,1,
7290000052946,false,"יופלה מעודן 150*8גר בד""ץ",מחלבת אלון תבור,IL,יופלה מעודן 8 יח,קילוגרמים,1.20,"ק""ג",false,0,19.90,16.58,true,1,
7290000053981,false,יופלה פרי 150*8 גרם,מחלבת אלון תבור,IL,יופלה פרי 8 יח,קילוגרמים,1.20,"ק""ג",false,0,25.90,21.58,true,1,
7290000055206,false,גבינה לבנה 5%,,IL,גבינה לבנה 5%,גרמים,250.00,100 גרם,false,0,5.90,2.36,true,1,
7290000055756,false,גבינה לבנה5% 850*2גר,מחלבת אלון תבור,IL,זוג גבינה לבנה,גרמים,1700.00,100 גרם,false,0,32.40,1.91,true,1,
7290000055893,false,חמאה מהדרין 200 גרם,,IL,חמאה מהדרין,גרמים,200.00,100 גרם,false,0,7.90,3.95,true,1,
7290000056753,false,גבינה עמק 200 גר,,IL,גבינה עמק 200 גר,גרמים,200.00,100 גרם,false,0,17.90,8.95,true,1,
7290000056890,false,יופלה אננס/דובד0% 150*8ג,תנובה בעמ,IL,יופלה 0% 8 יח,קילוגרמים,1.20,"ק""ג",false,0,29.90,24.92,true,1,
7290000057477,false,חלב טרי הומוגני3% 1.5ל',,IL,חלב טרי הומוגני,ליטרים,1.50,ליטר,false,0,9.30,6.20,true,1,
7290000057552,false,יופלה עוגת גבינה,,IL,יופלה עוגת גבינה,גרמים,150.00,100 גרם,false,0,4.90,3.27,true,1,
7290000057934,false,שוקו תנובה 1 ליטר,תנובה,IL,שוקו 1 ליטר,ליטרים,1.00,ליטר,false,0,13.90,13.90,true,1,
7290000058030,false,8שטוזים משקה תות,,IL,8שטוזים משקה תות,מיליליטרים,800.00,"100 מ""ל",false,0,19.90,2.49,true,1,
7290000058047,false,"שמנת להקצפה 38% 500 מ""ל",תנובה,IL,משמנת להקצפה 38%,מיליליטרים,500.00,"100 מ""ל",false,0,12.90,2.58,true,1,
7290000058979,false,גיל בטעם תות125ג,,IL,גיל בטעם תות125ג,גרמים,125.00,100 גרם,false,0,1.50,1.20,true,1,
7290000060088,false,בייגלה מקלות מלוחים400גר,"אסם השקעות בע""\מ",IL,בייגלה מקלות,גרמים,400.00,100 גרם,false,0,10.90,2.73,true,1,
7290000060200,false,פתיתים אפויים קוסקוס500ג,"אסם השקעות בע""מ",IL,פתיתים אפויים,גרמים,500.00,100 גרם,false,0,6.90,1.38,true,1,
7290000060248,false,פסטה אסם תלתלים 500 גרם,פסטה זארה,IT,פסטה תלתלים,גרמים,500.00,100 גרם,false,0,5.90,1.18,true,1,
7290000060408,false,פתיתים טבעות 500 גרם,"אסם השקעות בע""\מ",IL,פתיתים טבעות,גרמים,500.00,100 גרם,false,0,6.90,1.38,true,1,
7290000060781,false,פסטה מסולסלת אסם 500 גרם,פסטה זארה,IT,פסטה מסולסלת,גרמים,500.00,100 גרם,false,0,5.90,1.18,true,1,
7290000060828,false,פסטה קרניים בינוניות500ג,פסטה זארה,IT,פסטה קרניים,גרמים,500.00,100 גרם,false,0,5.90,1.18,true,1,
7290000060842,false,פסטה צדפים גדולים 500 גר,פסטה זארה,IT,פסטה צדפים אסם,גרמים,500.00,100 גרם,false,0,5.90,1.18,true,1,
7290000060880,false,פסטה ספגטי מס 8 אסם 500ג,פסטה זארה,IT,ספגטי מס' 8,גרמים,500.00,100 גרם,false,0,5.90,1.18,true,1,
7290000060903,false,פתיתים אפויים אורז 500 ג,"אסם השקעות בע""\מ",IL,פתיתים אפויים,גרמים,500.00,100 גרם,false,0,6.90,1.38,true,1,
7290000060965,false,אטריות רחבות 400 גרם,"אסם השקעות בע""\מ",IL,אטריות רחבות,גרמים,400.00,100 גרם,false,0,6.90,1.73,true,1,
7290000061061,false,קרקר בטעם בצל 250 גרם,"אסם השקעות בע""\מ",IL,קרקר בטעם בצל,גרמים,250.00,100 גרם,false,0,9.90,3.96,true,1,
7290000061108,false,"רוטב טריאקי אסם 290 מ""ל","אסם השקעות בע""\מ",IL,רוטב טריאקי,מיליליטרים,290.00,"100 מ""ל",false,0,10.90,3.76,true,1,
7290000061245,false,עוג.שוקוצ'יפס ממולאות220,"אסם השקעות בע""\מ",IL,עוגיות ש.צ'יפס,גרמים,220.00,100 גרם,false,0,10.90,4.95,true,1,
7290000063140,false,שקדי מרק רכיבים טבעי400ג,"אסם השקעות בע""מ",IL,שקדי מרק אסם,גרמים,400.00,100 גרם,false,0,11.90,2.98,true,1,
7290000064871,false,מנה חמה פירה בצל 56 גרם,"אסם השקעות בע""מ",IL,מנה חמה פירה,גרמים,56.00,100 גרם,false,0,6.90,12.32,true,1,
7290000065090,false,מיני קרוטונים מתובל400 ג,עינת תעשיות,IL,מיני קרוטונים,גרמים,400.00,100 גרם,false,0,21.90,5.48,true,1,
7290000065335,false,מנה חמה פירה עם ירקות55ג,"אסם השקעות בע""מ",IL,מנה חמה פירה,גרמים,55.00,100 גרם,false,0,6.90,12.55,true,1,
7290000065557,false,מ.חמה קוסקוס עם ירקות 84,"אסם השקעות בע""מ",IL,מנה חמה קוסקוס,גרמים,84.00,100 גרם,false,0,6.90,8.21,true,1,
7290000066141,false,ביסלי גריל 70 גרם,"אסם השקעות בע""\מ",IL,ביסלי גריל,גרמים,70.00,100 גרם,false,0,3.90,5.57,true,1,
7290000066264,false,דובונים-חטיפים מלוחים40ג,"אסם השקעות בע""\מ",IL,חטיפי דובונים,גרמים,40.00,100 גרם,false,0,4.90,12.25,true,1,
7290000066318,false,במבה 80 גרם,"אסם השקעות בע""\מ",IL,במבה,גרמים,80.00,100 גרם,false,0,4.90,6.13,true,1,
7290000066332,false,אפרופו 50 גרם,"אסם השקעות בע""\מ",IL,חטיף אפרופו,גרמים,50.00,100 גרם,false,0,4.90,9.80,true,1,
7290000066431,false,פופקו בטעם חמאה ודבש80גר,"אסם השקעות בע""\מ",IL,חטיף פופקו,גרמים,80.00,100 גרם,false,0,4.90,6.13,true,1,
7290000067599,false,מנה חמה ספגטי בולונז 65ג,"אסם השקעות בע""\מ",IL,מנה חמה בולונז,גרמים,65.00,100 גרם,false,0,6.90,10.62,true,1,
7290000068138,false,אינסטנט פודינג וניל 80גר,"אסם השקעות בע""מ",IL,אינסטנט פודינג,גרמים,80.00,100 גרם,false,0,5.90,7.38,true,1,
7290000068190,false,ג'לי בטעם תות 90 גרם,"אסם השקעות בע""\מ",IL,ג'לי בטעם תות,גרמים,90.00,100 גרם,false,0,6.90,7.67,true,1,
7290000068237,false,ג'לי בטעם פטל 85 גרם,"אסם השקעות בע""\מ",IL,ג'לי בטעם פטל,גרמים,85.00,100 גרם,false,0,6.90,8.12,true,1,
7290000068251,false,ג'לי בטעם אננס 85 גרם,"אסם השקעות בע""\מ",IL,ג'לי בטעם אננס,גרמים,85.00,100 גרם,false,0,6.90,8.12,true,1,
7290000070308,false,מרק עוף אמיתי 400 גרם,"אסם השקעות בע""\מ",IL,מרק עוף אמיתי,גרמים,400.00,100 גרם,false,0,21.90,5.48,true,1,
7290000070322,false,מרק פטריות ר.טבעיים400גר,"אסם השקעות בע""\מ",IL,מרק פטריות אסם,גרמים,400.00,100 גרם,false,0,24.90,6.23,true,1,
7290000070353,false,מרק בצל רכיבים טבעיים400,"אסם השקעות בע""\מ",IL,מרק בצל אסם,גרמים,400.00,100 גרם,false,0,24.90,6.23,true,1,
7290000072241,false,"רוטב פיצה 290 מ""ל","אסם השקעות בע""\מ",IL,רוטב לפיצה אסם,מיליליטרים,290.00,"100 מ""ל",false,0,10.90,3.76,true,1,
7290000072623,false,קטשופ בקבוק לחיץ 750 גרם,"אסם השקעות בע""מ",IL,קטשופ בקבוק לחיץ,גרמים,750.00,100 גרם,false,0,11.90,1.59,true,1,
7290000072753,false,קפה נמס טסטרס צ'ויס200ג,לוטה נסטלה קוריאה,KR,קפה טסטרס צ'ויס,גרמים,200.00,100 גרם,false,0,34.90,17.45,true,1,
7290000072777,false,טסטרס צ'ויס נט.קפאין200ג,לוטה נסטלה קוריאה,KR,קפה טסטרס צויס,גרמים,200.00,100 גרם,false,0,39.90,19.95,true,1,
7290000073125,false,מ.חמה פסטה ברוטב עגבניות,"אסם השקעות בע""\מ",IL,מנה חמה פסטה,גרמים,62.00,100 גרם,false,0,6.90,11.13,true,1,
7290000073415,false,מ.חמה פסטה ברוטב פיצה,"אסם השקעות בע""\מ",IL,מנה חמה פסטה,גרמים,61.00,100 גרם,false,0,6.90,11.31,true,1,
7290000074184,false,ביסקוויט פתי בר 500 גרם,"אסם השקעות בע""\מ",IL,ביסקוויט פתי בר,גרמים,500.00,100 גרם,false,0,11.90,2.38,true,1,
7290000074245,false,קרם קרקר 250 גרם,"אסם השקעות בע""\מ",IL,קרם קרקר אסם,גרמים,250.00,100 גרם,false,0,8.90,3.56,true,1,
7290000074276,false,קרקר פיקנטי 250 גרם,"אסם השקעות בע""\מ",IL,קרקר פיקנטי אסם,גרמים,250.00,100 גרם,false,0,9.90,3.96,true,1,
7290000074481,false,לחמית אגוזים 160 גרם,"אסם השקעות בע""\מ",IL,לחמית אגוזים,גרמים,160.00,100 גרם,false,0,9.90,6.19,true,1,
7290000075204,false,לחמית חיטה מלאה 250 גרם,"אסם השקעות בע""\מ",IL,לחמית חיטה מלאה,גרמים,250.00,100 גרם,false,0,8.90,3.56,true,1,
7290000077253,false,לחמית כפרית 190 גרם,"אסם השקעות בע""\מ",IL,לחמית כפרית,גרמים,190.00,100 גרם,false,0,9.90,5.21,true,1,
7290000077925,false,טוסטעים צנימים עגולים125,ון דר מולן,NL,טוסטעים צנימים,גרמים,125.00,100 גרם,false,0,9.90,7.92,true,1,
7290000080758,false,טוסטעים פת קלויה 100 גרם,ון דר מולן,NL,טוסטעים פת קלוי,גרמים,100.00,100 גרם,false,0,9.90,9.90,true,1,
7290000081663,false,בייגלה טבעות שומשום300גר,"אסם השקעות בע""\מ",IL,בייגלה טבעות,גרמים,300.00,100 גרם,false,0,10.90,3.63,true,1,
7290000100050,false,פתיתי ברוקולי 700 גרם,"סנפרוסט בע""\מ",IL,פתיתי ברוקולי,גרמים,700.00,100 גרם,false,1,21.90,3.13,true,1,
7290000100197,false,לקט אפונה תירס וגזר700ג,"סנפרוסט בע""\מ",IL,לקט סנפרוסט700ג,גרמים,700.00,100 גרם,false,1,14.90,2.13,true,1,
7290000103525,false,"גזר גמדי בד""צ700 גרם","סנפרוסט בע""\מ",IL,גזר גמדי,גרמים,700.00,100 גרם,false,0,14.90,2.13,true,1,
7290000103532,false,"גרעיני תירס בד""צ 700 גרם","סנפרוסט בע""\מ",IL,גרעיני תירס,גרמים,700.00,100 גרם,false,0,14.90,2.13,true,1,
7290000103556,false,"גרגירי חומוס בד""צ700 גרם","סנפרוסט בע""\מ",IL,גרגירי חומוס,גרמים,700.00,100 גרם,false,0,14.90,2.13,true,1,
7290000110844,false,חטיף כיפלי בטעם גריל70ג,יוניליוור,IL,כיפלי בטעם גריל,גרמים,70.00,100 גרם,false,0,5.90,8.43,true,1,
7290000111186,false,מיונז אמיתי תלמה 500 גרם,יוניליוור ישראל מזון בע\,IL,מיונז אמיתי תלמה,גרמים,500.00,100 גרם,false,0,9.90,1.98,true,1,
7290000111353,false,"מיונז אמיתי תלמה 1 ק""ג",יוניליוור ישראל מזון בע\,IL,מיונז אמיתי תלמה,קילוגרמים,1.00,"ק""ג",false,0,18.90,18.90,true,1,
7290000111360,false,חרדל אמיתי תלמה 250 גרם,יוניליוור,IL,חרדל אמיתי תלמה,גרמים,250.00,100 גרם,false,0,6.90,2.76,true,1,
7290000112220,false,טחינה גולמית 100% 500 גר,"רושדי תעשיות מזון בע""\מ",IL,טחינה גולמית,גרמים,500.00,100 גרם,false,0,13.90,2.78,true,1,
7290000116204,false,מרק דגש טעם עוף שקית 1קג,יוניליוור ישראל מזון בע\,IL,מרק דגש טעם עוף,קילוגרמים,1.00,"ק""ג",false,0,16.90,16.90,true,1,
7290000117720,false,מרק נמס בכוס פטריות 43גר,יוניליוור ישראל מזון בע\,IL,מרק נמס בכוס,גרמים,43.00,100 גרם,false,0,6.90,16.05,true,1,
7290000122830,false,רוטב סצ'ואן סיני קנור300,יוניליוור ישראל מזון בע\,IL,רוטב סצ'ואן סיני,גרמים,370.00,100 גרם,false,0,11.90,3.22,true,1,
7290000124841,false,"שוקולד חלב בד""צ 100*3 גר",יוניליוור ישראל מזון בע\,IL,שוקולד חלב 3 יח',גרמים,300.00,100 גרם,false,0,14.90,4.97,true,1,
7290000129457,false,רוטב פטריות 28 גרם,יוניליוור ישראל מזון בע\,IL,רוטב פטריות,גרמים,28.00,100 גרם,false,0,4.90,17.50,true,1,
7290000135045,false,"TEN XL בטעם תפוח 250 מ""ל","טמפו משקאות בע""מ",IL,TEN XL בטעם תפוח,מיליליטרים,250.00,"100 מ""ל",false,1,4.50,1.80,true,1,
7290000135052,false,"TEN XL בטעם מנגו 250 מ""ל","טמפו משקאות בע""\מ",IL,TEN XL בטעם מנגו,מיליליטרים,250.00,"100 מ""ל",false,1,4.50,1.80,true,1,
7290000136141,false,פפסי קולה 1.5 ליטר,"טמפו משקאות בע""\מ",IL,פפסי קולה,ליטרים,1.50,ליטר,false,0,7.90,5.27,true,1,
7290000136158,false,פפסי מקס 1.5 ליטר,"טמפו משקאות בע""\מ",IL,פפסי מקס,ליטרים,1.50,ליטר,false,0,7.50,5.00,true,1,
7290000136165,false,מירינדה 1.5 ליטר,"טמפו משקאות בע""\מ",IL,מירינדה תפוזי,ליטרים,1.50,ליטר,false,0,7.90,5.27,true,1,
7290000136172,false,סבן אפ 1.5 ליטר,"טמפו משקאות בע""\מ",IL,סבן אפ,ליטרים,1.50,ליטר,false,0,7.90,5.27,true,1,
7290000136189,false,דיאט סבן אפ 1.5 ליטר,"טמפו משקאות בע""\ם.",IL,דיאט סבן אפ,ליטרים,1.50,ליטר,false,0,7.50,5.00,true,1,
7290000136431,false,ג'אמפ צלול אפרסק 1.5 ל,"טמפו משקאות בע""\מ",IL,ג'אמפ אפרסק,ליטרים,1.50,ליטר,false,0,7.50,5.00,true,1,
7290000136455,false,ג'אמפ אשכוליות 1.5 ליטר,"טמפו משקאות בע""\ם.",IL,ג'אמפ אשכוליו,ליטרים,1.50,ליטר,false,0,7.50,5.00,true,1,
7290000136486,false,ג'אמפ אשכוליות דיאט1.5ל',"טמפו משקאות בע""\ם.",IL,ג'אמפ דיאט,ליטרים,1.50,ליטר,false,0,7.50,5.00,true,1,
7290000136523,false,ג'אמפ ענבים 1.5 ליטר,"טמפו משקאות בע""\ם.",IL,ג'אמפ ענבים,ליטרים,1.50,ליטר,false,0,7.50,5.00,true,1,
7290000136561,false,ג'אמפ תות בננה 1.5 ליטר,"טמפו משקאות בע""\מ",IL,ג'אמפ תות בננ,ליטרים,1.50,ליטר,false,0,7.50,5.00,true,1,
7290000136585,false,ג'אמפ תפוזים 1.5 ליטר,"טמפו משקאות בע""\ם.",IL,ג'אמפ תפוזים,ליטרים,1.50,ליטר,false,0,7.50,5.00,true,1,
7290000136608,false,ג'אמפ תפוחים 1.5 ליטר,"טמפו משקאות בע""\ם.",IL,ג'אמפ תפוחים,ליטרים,1.50,ליטר,false,0,7.50,5.00,true,1,
7290000136646,false,בירה נשר מאלט 1.5 ליטר,"טמפו משקאות בע""\מ",IL,נשר מאלט,ליטרים,1.50,ליטר,false,0,9.90,6.60,true,1,
7290000136653,false,בירה נשר מאלט דיאט 1.5 ל,"טמפו משקאות בע""\מ",IL,נשר מאלט דיאט,ליטרים,1.50,ליטר,false,0,9.90,6.60,true,1,
7290000136769,false,פפסי קולה 1.5*6 ליטר,"טמפו משקאות בע""\מ",IL,פפסי קולה 1.5*6ל,ליטרים,9.00,ליטר,false,0,37.30,4.14,true,1,
7290000136776,false,פפסי מקס 1.5*6 ליטר,טמפו,IL,פפסי מקס1.5*6ל,ליטרים,9.00,ליטר,false,0,38.90,4.32,true,1,
7290000136790,false,סודה טמפו 1.5*6 ליטר,"טמפו משקאות בע""\מ",IL,סודה טמפו1.5*6ל,ליטרים,9.00,ליטר,false,0,17.70,1.97,true,1,
7290000136844,false,מים אקווה נובה 2*6 ליטר,"טמפו משקאות בע""\מ",IL,אקווה נובה2*6ל,ליטרים,12.00,ליטר,false,0,11.90,0.99,true,1,
7290000139333,false,מאגדת שאשי 10*16 גרם,אשבול,IL,מאגת שאשי10*16גר,גרמים,160.00,100 גרם,false,1,9.90,6.19,true,1,
7290000139715,false,קרמים בטעם נוגט 550 גרם,אשבול,IL,קרמים בטעם נוגט,גרמים,550.00,100 גרם,false,1,9.90,1.80,true,1,
7290000143255,false,שמפו הוואי לשיער רגיל700,טרופיקל דגיל,IL,שמפו הוואי,מיליליטרים,700.00,"100 מ""ל",false,0,10.90,1.56,true,1,
7290000143262,false,"הוואי שמפו לילדים 700מ""ל",טרופיקל דגיל,IL,הוואי שמפו ילדים,מיליליטרים,700.00,"100 מ""ל",false,0,10.90,1.56,true,1,
7290000143279,false,"הוואי שמפו אדום 700 מ""ל",טרופיקל דגיל,IL,שמפו הוואי,מיליליטרים,700.00,"100 מ""ל",false,0,10.90,1.56,true,1,
7290000144474,false,שמן קנולה+נוגדי חימצון1ל,שמן תעשיות בעמ,EE,שמן קנולה,ליטרים,1.00,ליטר,false,0,14.90,14.90,true,1,
7290000146652,false,סבון הוואי ורוד 100*4גרם,טרופיקל דגיל,PL,סבון הוואי 4 יח,גרמים,400.00,100 גרם,false,0,12.90,3.23,true,1,
7290000146669,false,סבון הוואי כחול 100*4 גר,טרופיקל דגיל,IL,סבון הוואי 4 יח,גרמים,400.00,100 גרם,false,0,12.90,3.23,true,1,
7290000146683,false,סב.הוואי אפקט דאו100*4.,טרופיקל דגיל,PL,סבון הוואי 4 יח,גרמים,400.00,100 גרם,false,0,12.90,3.23,true,1,
7290000168173,false,ברנפלקס קרנצ'ים 375 גרם,יוניליוור,IL,ברנפלקס קרנצ'ים,גרמים,375.00,100 גרם,false,0,21.90,5.84,true,1,
7290000169538,false,נמס בכוס עגבנ.וקרוטונים,יוניליוור ישראל מזון בע\,IL,נמס בכוס,גרמים,62.00,100 גרם,false,0,6.90,11.13,true,1,
7290000176420,false,קפה נמס 200 גרם,שטראוס קפה בי.וי,IL,קפה נמס,גרמים,200.00,100 גרם,false,0,22.90,11.45,true,1,
7290000176475,false,האג נטול קופאין 200 גרם,עלית,VN,קפה נמס האג,גרמים,200.00,100 גרם,false,0,38.90,19.45,true,1,
7290000178707,false,תפוצ'יפס בטעם טבעי 50 גר,"שטראוס פריטו ליי בע""\מ )",IL,חטיף תפוצ'יפס,גרמים,50.00,100 גרם,false,0,3.90,7.80,true,1,
7290000178721,false,תפוצי'פס טבעי 200 גרם,"שטראוס פריטו ליי בע""\מ )",IL,תפוצי'פס טבעי,גרמים,200.00,100 גרם,false,0,10.90,5.45,true,1,
7290000190853,false,נייר טואלט לילי פיור30גל,חוגלה קימברלי,IL,נייר טואלט לילי,מטרים,537.00,100 מטר,false,0,44.90,8.36,true,1,
7290000191225,false,האגיס אקסטרה קר מידה 2,חוגלה קימברלי,IL,האגיס ליטל בייבי,יחידה,1.00,יחידה,false,1,33.90,33.90,true,1,
7290000191645,false,האגיס אקסטרה קר מידה NB,חוגלה קימברלי,US,חיתולי האגיס,יחידה,1.00,יחידה,false,0,33.90,33.90,true,1,
7290000191652,false,קלינקס מעוצב 90*3 יחידות,חוגלה קימברלי,IL,קלינקס מעוצב 3יח,יחידה,1.00,יחידה,false,0,12.90,12.90,true,1,
7290000192581,false,מגבות נייר 6 גליל כפול,קימברלי-קלארק,IL,מגבות נייר,מטרים,129.00,מטר,false,1,27.90,0.22,true,1,
7290000193083,false,תחבושות נובה לי 28 יח',חוגלה קימברלי,CZ,תחבושות נובה לי,יחידה,1.00,יחידה,false,0,11.90,11.90,true,1,
7290000193540,false,לילי מגן תחתון לונג,חוגלה קימברלי,ES,פדיות לילי,יחידה,1.00,יחידה,false,0,16.90,16.90,true,1,
7290000193618,false,62 פדיות נטורל LIGHT,חוגלה קימברלי,ES,פדיות לילי נטורל,יחידה,1.00,יחידה,false,0,16.90,16.90,true,1,
7290000193649,false,24 תחבושות לילי נורמל+,חוגלה קימברלי,ES,תחבושות לילי,יחידה,1.00,יחידה,false,0,14.90,14.90,true,1,
7290000195537,false,מגב.האגיס ללא בישום 64*4,חוגלה קימברלי,IL,מגבונים האגיס 4י,יחידה,1.00,יחידה,false,0,21.90,21.90,true,1,
7290000195773,false,מגבוני האגיס אלוורה 64*4,חוגלה קימברלי,IL,מגבונים האגיס 4י,יחידה,1.00,יחידה,false,0,21.90,21.90,true,1,
7290000197425,false,האגיס פרידום דריי מידה 3,חוגלה קימברלי,IL,חיתולי האגיס,יחידה,1.00,יחידה,false,0,44.90,44.90,true,1,
7290000197456,false,האגיס פרידום דריי מידה 4,חוגלה קימברלי,IL,חיתולי האגיס,יחידה,1.00,יחידה,false,0,44.90,44.90,true,1,
7290000197463,false,האגיס פרידום דריי +4,חוגלה קימברלי,IL,חיתולי האגיס,יחידה,1.00,יחידה,false,0,44.90,44.90,true,1,
7290000197548,false,האגיס פרידום דריי מידה 5,חוגלה קימברלי,IL,חיתולי האגיס,יחידה,1.00,יחידה,false,0,44.90,44.90,true,1,
7290000197678,false,האגיס פרידום דריי מידה 6,חוגלה קימברלי,IL,חיתולי האגיס,יחידה,1.00,יחידה,false,0,44.90,44.90,true,1,
7290000211442,false,"אורז פרסי קלאסי 1ק""ג","סוגת תעשיות בע""\מ",IL,אורז פרסי קלאסי,קילוגרמים,1.00,"ק""ג",false,0,10.90,10.90,true,1,
7290000211985,false,"אורז עגול 1 ק""ג","סוגת תעשיות בע""\מ",IL,אורז עגול סוגת,קילוגרמים,1.00,"ק""ג",false,0,9.90,9.90,true,1,
7290000226514,false,עוגת דובוש ריבת חלב 450ג,תופינים מקבוצת קפולסקי,IL,עוגת ריבת חלב,גרמים,450.00,100 גרם,false,0,39.90,8.87,true,1,
7290000226613,false,דובוש מצופה ט.שוקולד450ג,תופינים מקבוצת קפולסקי,IL,דובוש מצופה450גר,גרמים,450.00,100 גרם,false,0,39.90,8.87,true,1,
7290000238036,false,מלווח מעדנות 700 גרם,"מעדנות בע""\מ",IL,מלווח מעדנית,גרמים,700.00,100 גרם,false,0,14.90,2.13,true,1,
7290000238173,false,בורקס גבינה 800 גרם,"מעדנות בע""\מ",IL,בורקס גבינה קפוא,גרמים,800.00,100 גרם,false,0,21.90,2.74,true,1,
7290000238180,false,"בורקס תפו""א 800 גרם","מעדנות בע""\מ",IL,"בורקס תפו""א קפוא",גרמים,800.00,100 גרם,false,0,19.90,2.49,true,1,
7290000253251,false,שוקולד צ'יפס לבן 250 גרם,,IL,שוקו צ'יפס לבן,גרמים,250.00,100 גרם,false,0,11.90,4.76,true,1,
7290000253374,false,מיני שוקולד ציפס 66% 250,,IL,מיני שוקולד ציפס,גרמים,250.00,100 גרם,false,1,15.90,6.36,true,1,
7290000262031,false,נייר טואלט מולט 32 גליל,קימברלי-קלארק,IL,נייר טואלט,מטרים,562.00,100 מטר,false,0,32.90,5.85,true,1,
7290000263359,false,האגיס אקסטרה קר שלב1,חוגלה קימברלי,IL,חיתולי האגיס,יחידה,1.00,יחידה,false,0,33.90,33.90,true,1,
7290000272726,false,חומץ 5% 1 ליטר,בית-השיטה עסיס תעשיות מז,IL,חומץ 5%,ליטרים,1.00,ליטר,false,0,6.90,6.90,true,1,
7290000286228,false,ספוגיות לניקוי כלים 6 יח,סנו מפעלי ברונו בעמ,IL,ספוגיות לכלים6יח,יחידה,1.00,יחידה,false,0,10.90,10.90,true,1,
7290000286525,false,ספוג כיף רחצה פרינה 1 יח,קוסמופארם,IL,ספוג רחצה,יחידה,1.00,יחידה,false,0,11.90,11.90,true,1,
7290000286761,false,ניילון נצמד 30*2 מטר,סנו,CN,צמד ניילון נצמד,מטרים,60.00,מטר,false,0,11.90,0.20,true,1,
7290000286921,false,"סנוקל רסס וכבס 750 מ""ל",סנו מפעלי ברונוס בעמ,IL,סנוקל רסס וכבס,מיליליטרים,750.00,"100 מ""ל",false,0,14.90,1.99,true,1,
7290000287485,false,סנובון לובר 55*3 גרם,סנו מפעלי ברונו בעמ,IL,סנובון בריח לובר,גרמים,165.00,100 גרם,false,0,11.90,7.21,true,1,
7290000287492,false,סנובון נוזלי לימון 750מל,"סנו מפעלי ברונוס בע""מ",IL,סנובון נוזלי,מיליליטרים,750.00,"100 מ""ל",false,0,9.90,1.32,true,1,
7290000288024,false,סנו ג'אוול לימון 4 ליטר,"סנו מפעלי ברונוס בע""מ",IL,סנו JAVEL אקונומ,ליטרים,4.00,ליטר,false,0,16.90,4.23,true,1,
7290000289069,false,סנו ג'אוול מרסס לימון 1ל,"סנו מפעלי ברונוס בע""מ",IL,סנו ג'אוול מרסס,ליטרים,1.00,ליטר,false,0,16.90,16.90,true,1,
7290000289595,false,אורביטול קיד תות 145 גרם,טרופיקל דגיל תעשיות קוסמ,IL,משחת שיניים,גרמים,145.00,100 גרם,false,0,8.90,6.14,true,1,
7290000292595,false,סנו סופר פוליש 2 ליטר,סנו,IL,סנו סופר פוליש,ליטרים,2.00,ליטר,false,0,39.90,19.95,true,1,
7290000293943,false,סנו אנטי קאלק מרסס 1 ל',סנו מפעלי ברונוס בעמ,IL,סנו אנטי קאלק,ליטרים,1.00,ליטר,false,0,17.90,17.90,true,1,
7290000294780,false,סנו ג'אול אקונומ.סמיכה4ל,"סנו מפעלי ברונוס בע""מ",IL,סנו ג'אוול 4 ל,ליטרים,4.00,ליטר,false,0,16.90,4.23,true,1,
7290000295336,false,אבקת מקסימה סנסטיב 1.25ק,סנו מפעלי ברונוס בעמ,IL,אבקת כביסה,קילוגרמים,1.25,"ק""ג",false,0,14.90,11.92,true,1,
7290000295589,false,בייבי כיף טלק 200 גרם,קוסמופארם,IL,טלק בייבי כיף,גרמים,200.00,100 גרם,false,0,16.90,8.45,true,1,
7290000295749,false,ספוג כיף סאקי מסאז' 1 יח,קוסמופארם,IL,ספוג סאקי מסג',יחידה,1.00,יחידה,false,0,11.90,11.90,true,1,
7290000313160,false,עוגיות שוקולד זהבה 250גר,"הגביע מוצרי וופלים בע""\מ",IL,עוגיות זהבה,גרמים,250.00,100 גרם,false,0,7.90,3.16,true,1,
7290000339566,false,מרכך כביסה בדין ורוד 4 ל,יוניליור ישראל טיפוח איש,IL,מרכך כביסה בדין,ליטרים,4.00,ליטר,false,0,21.90,5.48,true,1,
7290000342856,false,מרכך כביסה בדין כחול 4 ל,יוניליור ישראל טיפוח איש,IL,מרכך כביסה בדין,ליטרים,4.00,ליטר,false,0,21.90,5.48,true,1,
7290000345277,false,תה ויסוצקי 50שק1.5* גרם,תה ויסוצקי,IL,תה ויסוצקי 50 שק,גרמים,75.00,100 גרם,false,0,13.90,18.53,true,1,
7290000345307,false,תה ארל גריי 50 שק1.5*גרם,תה ויסוצקי,IL,תה ארל גריי 50שק,גרמים,75.00,100 גרם,false,0,28.90,38.53,true,1,
7290000346120,false,חליטת קסם הקינמון25ש2.5*,ויסוצקי,IL,חליטת קינמון,גרמים,62.00,100 גרם,false,0,17.90,28.87,true,1,
7290000346137,false,הילולי פירות הגן25שק2.5*,ויסוצקי,IL,חליטת פירות,גרמים,62.00,100 גרם,false,0,17.90,28.87,true,1,
7290000346168,false,חליטת שומר 25שק * 1.5גר,ויסוצקי,IL,חליטת שומר,גרמים,37.00,100 גרם,false,0,17.90,48.38,true,1,
7290000346199,false,תה פירות יער 25שק2.7*גר,ויסוצקי,IL,חליטת פירות היער,גרמים,67.00,100 גרם,false,0,17.90,26.72,true,1,
7290000346205,false,חל.קמומיל-גן קסום25ש1.5*,ויסוצקי,IL,חליטת קמומיל,גרמים,37.00,100 גרם,false,0,17.90,48.38,true,1,
7290000346960,false,תה נענע 50 שקיק1.5* גרם,בית ויסוצקי,IL,תה נענע 50 שקיק.,גרמים,75.00,100 גרם,false,0,32.90,43.87,true,1,
7290000347738,false,תה ירוק עם נענע 1.5*25גר,ויסוצקי,IL,תה ירוק נענע,גרמים,37.00,100 גרם,false,0,27.90,75.41,true,1,
7290000355757,false,עגבנ.מרוסקות טל וטרי800ג,מילוז,IL,עגבניות מרוסקות,גרמים,800.00,100 גרם,false,0,6.90,0.86,true,1,
7290000379531,false,לחמניית מזונות אנג'ל 75ג,מאפיית שלמה א. אנג'ל,IL,לחמנית מזונ.אנגל,גרמים,75.00,100 גרם,false,0,3.50,4.67,true,1,
7290000408316,false,יוגורט ביו 3% דנונה 200ג,"שטראוס בריאות בע""\מ",IL,יוגורט ביו 3%,גרמים,200.00,100 גרם,false,0,3.90,1.95,true,1,
7290000408354,false,דנונה בר פצפוצים 173 גרם,"שטראוס בריאות בע""\מ",IL,דנונה בר פצפוצים,גרמים,173.00,100 גרם,false,0,4.90,2.83,true,1,
7290000412481,false,"מנקה אסלות ""00"" 1 ליטר",סנו מפעלי ברונוס בעמ,IL,"מנקה אסלות 00""",ליטרים,1.00,ליטר,false,0,6.90,6.90,true,1,
7290000416076,false,צימקאו שוקולד לבישול400ג,השחר העולה,IL,צימקאו לאפיה,גרמים,400.00,100 גרם,false,0,12.90,3.23,true,1,
7290000416618,false,"ממרח טעם שוקולד בד""ץ400ג",השחר,IL,ממרח בטעם שוקולד,גרמים,400.00,100 גרם,false,0,11.90,2.98,true,1,
7290000426914,false,תות שדה בודק 454 גרם,,US,תות שדה בודק,גרמים,454.00,100 גרם,false,1,27.90,6.15,true,1,
7290000446127,false,פריכיות אורז,,IL,פריכיות אורז,גרמים,100.00,100 גרם,false,0,4.50,4.50,true,1,
7290000446257,false,דייסת אורז,,IL,דייסת אורז,גרמים,200.00,100 גרם,false,0,10.90,5.45,true,1,
7290000446264,false,דייסת קורנפלור 200 גרם,השדה מוצרים אורגניים,IL,דייסת קורנפלור,גרמים,200.00,100 גרם,false,0,10.90,5.45,true,1,
7290000446318,false,דייסת סולת 200 גרם,השדה מוצרים אורגניים,IL,דייסת סולת,גרמים,200.00,100 גרם,false,0,10.90,5.45,true,1,
7290000446547,false,חמאת בוטנים,,IL,חמאת בוטנים,גרמים,350.00,100 גרם,false,0,12.90,3.69,true,1,
7290000446943,false,פריכיות כוסמת,,IL,פריכיות כוסמת,גרמים,100.00,100 גרם,false,0,4.50,4.50,true,1,
7290000449128,false,פנטסטיק רגיל 4 ליטר,יוניליוור ישראל טיפוח אי,IL,פנטסטיק לניקוי,ליטרים,4.00,ליטר,false,0,21.90,5.48,true,1,
7290000453385,false,שמרים יבשים פאקא,,GB,שמרים יבשים פאקא,גרמים,500.00,100 גרם,false,0,12.90,2.58,true,1,
7290000453866,false,נטורינה קוקוס 200 גרם,פאקא,DK,נטורינה קוקוס,גרמים,200.00,100 גרם,false,1,7.90,3.95,true,1,
7290000461625,false,בייגלה שמיניות עם מלח400,בייגל את בייגל מזון 198),IL,בייגלה שמיניות,גרמים,400.00,100 גרם,false,0,9.90,2.48,true,1,
7290000462103,false,סחוג זהבי אדום 150 גרם,"זהבי הכרם בע""\מ",IL,סחוג זהבי אדום,גרמים,150.00,100 גרם,false,0,8.90,5.93,true,1,
7290000462172,false,סחוג זהבי ירוק 150 גרם,"זהבי הכרם בע""\מ",IL,סחוג זהבי ירוק,גרמים,150.00,100 גרם,false,0,8.90,5.93,true,1,
7290000474502,false,גבינה לבנה 5% טרה 250 גר,טרה,IL,גבינה לבנה 5%,גרמים,250.00,100 גרם,false,0,4.90,1.96,true,1,
7290000480442,false,קוואקר באריזת אלומינ500ג,עלית,IL,קוואקר,גרמים,500.00,100 גרם,false,0,13.90,2.78,true,1,
7290000481531,false,לחמניות חיטה מלאה75*10גר,דגנית עין בר תעשיות מזון,IL,10לחמניות ח.מלאה,גרמים,750.00,100 גרם,false,0,11.90,1.59,true,1,
7290000481883,false,לחמניות אצבע 75*10 גרם,דגנית עין בר תעשיות מזון,IL,לחמניות אצבע10יח,גרמים,750.00,100 גרם,false,0,11.90,1.59,true,1,
7290000484747,false,"עלית הארק 700 מ""ל",יקב הגליל יוסף גולד ובני,IL,עלית הארק,מיליליטרים,700.00,"100 מ""ל",false,1,59.90,8.56,true,1,
7290000493176,false,רוטב צלי לבשר בשקית22ג,"אסם השקעות בע""\מ",IL,רוטב צלי לבשר,גרמים,22.00,100 גרם,false,0,4.90,22.27,true,1,
7290000493183,false,רוטב פטריות לבשר-אבקה30ג,"אסם השקעות בע""\מ",IL,רוטב פטריות,גרמים,30.00,100 גרם,false,0,3.90,13.00,true,1,
7290000497044,false,לחם ברמן אקטיב 750 גרם,"י.את.א.ברמן בע""\מ",IL,לחם ברמן אקטיב,גרמים,750.00,100 גרם,false,0,15.90,2.12,true,1,
7290000497112,false,לחם פרוס אחיד 750גר 207,"י.את.א.ברמן בע""\מ",IL,לחם פרוס אחיד,גרמים,750.00,100 גרם,false,0,6.90,0.92,true,1,
7290000497204,false,פיתות בשקית 100*5 גרם,"י.את.א.ברמן בע""\מ",IL,פיתות ברמן 5 יח,גרמים,500.00,100 גרם,false,0,6.90,1.38,true,1,
7290000497228,false,לחמניות רגילות 75*6 גרם,"י.את.א.ברמן בע""\מ",IL,6 לחמניות בשקית,גרמים,450.00,100 גרם,false,0,9.90,2.20,true,1,
7290000497426,false,לחם ברמן לעניין פלוס500ג,"י.את.א.ברמן בע""\מ",IL,לחם ברמן לעניין+,גרמים,500.00,100 גרם,false,0,14.90,2.98,true,1,
7290000497570,false,לחם דגנים פלוס 500 גרם,"י.את.א.ברמן בע""\מ",IL,לחם דגנים פלוס,גרמים,500.00,100 גרם,false,0,14.90,2.98,true,1,
7290000498034,false,לחם E-FREEקמח כוסמי750ג,מאפית ברמן,IL,לחם מקמח כוסמין,גרמים,750.00,100 גרם,false,1,15.90,2.12,true,1,
7290000523125,false,מלח ים יבש 250 גרם,"חברת מלח הארץ אילת בע""\מ",IL,מלח ים יבש,גרמים,250.00,100 גרם,false,0,5.90,2.36,true,1,
7290000523224,false,מלח ים דק 500 גרם,"חברת מלח הארץ אילת בע""\מ",IL,מלח ים דק,גרמים,500.00,100 גרם,false,0,7.90,1.58,true,1,
7290000525969,false,מיץ תפוזים סחוט 1 ליטר,גניר,IL,מיץ תפוזים סחוט,ליטרים,1.00,ליטר,false,0,16.90,16.90,true,1,
7290000533353,false,"בצק עלים 1 ק""ג",זוגלובק,IL,בצק עלים,גרמים,1000.00,100 גרם,false,0,14.90,1.49,true,1,
7290000536743,false,קריספי סטיקס תירס 500גרם,זוגלובק,IL,קריספי סטיקסתירס,גרמים,500.00,100 גרם,false,0,18.90,3.78,true,1,
7290000536774,false,"נקניקיה מןהצומח בד""צ 1 ק",זוגלובק,IL,נקניקיה מן הצומח,גרמים,1000.00,100 גרם,false,0,34.90,3.49,true,1,
7290000536781,false,"קבב מן הצומח בד""צ 1 קג",זוגלובק,IL,קבב מן הצומח,גרמים,1000.00,100 גרם,false,0,34.90,3.49,true,1,
7290000572055,false,"חלווה ללת""ס+אגוז400גר","אחדות בע""מ א.ת. ברקן",IL,"חלווה ללת""ס",גרמים,400.00,100 גרם,false,0,15.90,3.98,true,1,
7290000572086,false,טחינה אורגנית 500 גרם,"אחדות בע""מ א.ת. ברקן",IL,טחינה אורגנית,גרמים,500.00,100 גרם,false,0,12.90,2.58,true,1,
7290000572222,false,חלווה בלוק שוקו וניל500ג,"אחדות ביח""ר לטחינה",IL,חלווה בלוק500 גר,גרמים,500.00,100 גרם,false,0,11.90,2.38,true,1,
7290000572802,false,טחינה אורגנית 500 גרם,"אחדות בע""מ א.ת. ברקן",IL,טחינה 500 גרם,גרמים,500.00,100 גרם,false,0,12.90,2.58,true,1,
7290000574141,false,לחם חיטה מלא 750 גרם,דגנית עין בר תעשיות מזון,IL,לחם חיטה מלא,גרמים,750.00,100 גרם,false,0,11.90,1.59,true,1,
7290000574172,false,לחם קל מחיטה מלאה 750גרם,דגנית עין בר תעשיות מזון,IL,לחם קל חיטה מלאה,גרמים,750.00,100 גרם,false,0,12.90,1.72,true,1,
7290000574257,false,לחם שחור קל פרוס 750 גרם,מאפ. דגנית עין-בר,IL,לחם שחור קל פר,גרמים,750.00,100 גרם,false,0,14.90,1.99,true,1,
7290000630076,false,עוף קפוא מס' 2 עטרה מחיר,עטרה,IL,עוף קפוא מס' 2,קילוגרמים,0.00,"ק""ג",true,0,23.90,23.90,true,1,
7290000652177,false,נתחי נסיכת הנילוס קפוא ק,MORE,IL,נתחי נסיכת הנילו,קילוגרמים,0.00,"ק""ג",true,1,69.90,69.90,true,1,
7290000663166,false,פילה בקלה ד.אפריקאי קפוא,תנובה,IL,פילה בקלה קפוא,קילוגרמים,0.00,"ק""ג",true,1,44.90,44.90,true,1,
7290000907949,true,משקה מצונן 500מל,,,משקה מצונן 500מל,מיליליטרים,500.00,"100 מ""ל",false,0,7.50,1.50,true,1,
7290000952369,true,"עוף שלם ""יש"" קפוא",גלאט עוף,IL,עוף שלם קפוא,קילוגרמים,0.00,"ק""ג",true,1,27.90,27.90,true,1,
7290000952420,true,"כרעיים עוף ""יש"" קפוא",גלאט עוף,IL,כרעיים עוף קפוא,קילוגרמים,0.00,"ק""ג",true,1,42.90,42.90,true,1,
7290000952451,true,"ירכיים עוף ""יש"" קפוא",גלאט עוף,IL,ירכיים עוף קפוא,קילוגרמים,0.00,"ק""ג",true,1,38.90,38.90,true,1,
7290000952468,true,"שוקיים עוף ""יש"" קפוא",גלאט עוף,IL,שוקיים עוף קפוא,קילוגרמים,0.00,"ק""ג",true,1,46.90,46.90,true,1,
7290000952475,true,"חזה עוף ""יש"" קפוא",גלאט עוף,IL,חזה עוף קפוא,קילוגרמים,0.00,"ק""ג",true,1,42.90,42.90,true,1,
7290000952680,true,"כנפיים עוף ""יש"" קפוא",גלאט עוף,IL,כנפיים עוף קפוא,קילוגרמים,0.00,"ק""ג",true,1,16.90,16.90,true,1,
7290000952703,true,"עצמות עוף ""יש"" קפוא",גלאט עוף,IL,"עצמות עוף ""יש""",קילוגרמים,0.00,"ק""ג",true,1,7.90,7.90,true,1,
7290000961552,true,פלפל כתום,קטיף.,IL,פלפל כתום,קילוגרמים,0.00,"ק""ג",true,0,11.90,11.90,true,1,
7290000964348,true,תפוז ברשת למיץ,קטיף.,IL,תפוז ברשת למיץ,קילוגרמים,0.00,"ק""ג",true,0,4.90,4.90,true,1,
7290000965833,true,אננס ראש תפזורת,,IL,אננס ראש,יחידה,1.00,יחידה,false,1,29.90,29.90,true,1,
7290000995410,true,נבטים בחבילה,נבטי העמק,IL,נבטים בחבילה-יח',יחידה,1.00,יחידה,false,0,5.90,5.90,true,1,
7290000996783,true,"פילה אמנון ""יש"" 5-7 קפוא",,CN,"פילה אמנון ""יש""",קילוגרמים,0.00,"ק""ג",true,1,29.90,29.90,true,1,
7290000998107,true,"תפו""ע מוזהב ברשת",,IL,"תפו""ע מוזהב ברשת",קילוגרמים,0.00,"ק""ג",true,1,5.90,5.90,true,1,
7290000998367,true,קיווי,קטיף,IL,קיווי במשקל,קילוגרמים,0.00,"ק""ג",true,1,19.90,19.90,true,1,
7290000998497,true,לקט שורשים - יח',פאר לי,IL,לקט שורשים יחידה,יחידה,1.00,יחידה,false,1,9.90,9.90,true,1,
7290000999159,true,אבוקדו אוצר בית דין,קטיף,IL,אבוקדו,קילוגרמים,0.00,"ק""ג",true,1,15.90,15.90,true,1,
7290000999173,true,אפרסמון,קטיף.,IL,אפרסמון,קילוגרמים,0.00,"ק""ג",true,1,9.90,9.90,true,1,
7290000999180,true,קלמנטינה,,IL,קלמנטינה,קילוגרמים,0.00,"ק""ג",true,1,6.90,6.90,true,1,
7290000999197,true,תפוז,,IL,תפוז,קילוגרמים,0.00,"ק""ג",true,1,6.90,6.90,true,1,
7290000999388,true,ענבים בהירים,קטיף,XX,ענבים בהירים,קילוגרמים,0.00,"ק""ג",true,1,11.90,11.90,true,1,
7290000999432,true,ענבים שחורים,,XX,ענבים שחורים,קילוגרמים,0.00,"ק""ג",true,1,15.90,15.90,true,1,
7290000999456,true,שום במארז,קטיף,IL,שום במארז,יחידה,1.00,יחידה,false,1,8.90,8.90,true,1,
7290000999548,true,דלעת ארוזה במשקל,קטיף,IL,דלעת ארוזה,קילוגרמים,0.00,"ק""ג",true,1,11.90,11.90,true,1,
7290000999562,true,גזר ארוז במשקל,קטיף,IL,גזר ארוז,קילוגרמים,0.00,"ק""ג",true,1,4.90,4.90,true,1,
7290000999579,true,"תפו""א לבן ארוז במשקל",קטיף,IL,"תפו""א לבן ארוז",קילוגרמים,0.00,"ק""ג",true,1,4.40,4.40,true,1,
7290000999586,true,"תפו""א אדום ארוז במשקל",קטיף,IL,"תפו""א אדום ארוז",קילוגרמים,0.00,"ק""ג",true,1,5.20,5.20,true,1,
7290000999593,true,תפוח אדמה קטן ארוז ברשת,קטיף.,IL,תפוח אדמה קטן אר,קילוגרמים,0.00,"ק""ג",true,1,5.90,5.90,true,1,
7290000999654,true,לפת,קטיף.,IL,לפת,קילוגרמים,0.00,"ק""ג",true,1,7.90,7.90,true,1,
7290000999692,true,צנון,,IL,צנון,קילוגרמים,0.00,"ק""ג",true,1,6.90,6.90,true,1,
7290000999708,true,אשכולית לבנה,,IL,אשכולית לבנה,קילוגרמים,0.00,"ק""ג",true,1,6.90,6.90,true,1,
7290000999722,true,פומלה לבנה,,IL,פומלה לבנה,קילוגרמים,0.00,"ק""ג",true,1,6.90,6.90,true,1,
7290000999746,true,עגבניות שרי במשקל,קטיף,IL,עגבניות שרי,קילוגרמים,0.00,"ק""ג",true,1,14.90,14.90,true,1,
7290000999814,true,"תפו""ע סטרקינג",קטיף,IL,תפוח עץ סטרקינג,קילוגרמים,0.00,"ק""ג",true,1,11.90,11.90,true,1,
7290000999821,true,"תפו""ע סמיט",קטיף,IL,תפוח עץ סמיט,קילוגרמים,0.00,"ק""ג",true,1,11.90,11.90,true,1,
7290000999838,true,"תפו""ע מוזהב",קטיף,IL,תפוח עץ מוזהב,קילוגרמים,0.00,"ק""ג",true,1,11.90,11.90,true,1,
7290000999852,true,"תפו""ע פינקריספי",קטיף,IL,תפוח עץ פינקריספ,קילוגרמים,0.00,"ק""ג",true,1,15.90,15.90,true,1,
7290000999937,true,בננה אוצר בית דין,קטיף,IL,בננה,קילוגרמים,0.00,"ק""ג",true,1,8.90,8.90,true,1,
7290000999951,true,לימון אוצר בית דין,קטיף,IL,לימון,קילוגרמים,0.00,"ק""ג",true,1,9.90,9.90,true,1,
7290000999999,true,אגס אוצר בית דין,קטיף,IL,אגס,קילוגרמים,0.00,"ק""ג",true,1,9.90,9.90,true,1,
7290001041260,false,שומשום 400 גרם,מיה תעשיות מזון מ.ת.מ. ב,IL,שומשום,גרמים,400.00,100 גרם,false,0,9.90,2.48,true,1,
7290001041284,false,לקקנים בטעם תות 220 גרם,מיה תעשיות מזון מ.ת.מ. ב,IL,לקקנים בטעם תות,גרמים,160.00,100 גרם,false,0,8.90,5.56,true,1,
7290001041291,false,לקקנים 600 גרם,מיה תעשיות מזון מ.ת.מ. ב,IL,לקקנים,גרמים,900.00,100 גרם,false,0,18.90,2.10,true,1,
7290001041994,false,"סוכר זהב 1ק""ג",מיה תעשיות מזון מ.ת.מ. ב,IL,"סוכר זהב 1 ק""ג",קילוגרמים,1.00,"ק""ג",false,0,12.90,12.90,true,1,
7290001136287,false,"שמפו נקה 7 רגיל 750 מ""ל",אמיליה קוסמטיקס,IL,שמפו נקה 7,מיליליטרים,750.00,"100 מ""ל",false,0,11.90,1.59,true,1,
7290001136294,false,שמפו נקה 7 יבש/צבוע750מל,קוסמופארם,IL,שמפו נקה 7,מיליליטרים,750.00,"100 מ""ל",false,0,11.90,1.59,true,1,
7290001136683,false,"מרכך נקה 7 ס""ש 750 מ""ל",אמיליה קוסמטיקס בעמ,IL,קונדישינר נקה 7,מיליליטרים,750.00,"100 מ""ל",false,0,11.90,1.59,true,1,
7290001201510,false,ביצים 30 יח,,IL,ביצים 30 יח,יחידה,1.00,יחידה,false,0,27.87,27.87,true,1,
7290001201589,false,ביצים ארוזות L 12 יחידות,שופרסל,IL,ביצים L 12 יח',יחידה,1.00,יחידה,false,0,12.05,12.05,true,1,
7290001209349,false,עוף טרי ארוז עטרה,שונות,IL,עוף טרי עטרה,קילוגרמים,0.00,"ק""ג",true,0,24.90,24.90,true,1,
7290001209356,false,כרעיים עוף טרי ארוז עטרה,שונות,IL,כרעיים ע.טרי עטר,קילוגרמים,0.00,"ק""ג",true,0,34.90,34.90,true,1,
7290001209363,false,שניצל עוף טרי ארוז עטרה,שונות,IL,שניצל ע.טרי עטרה,קילוגרמים,0.00,"ק""ג",true,0,36.90,36.90,true,1,
7290001209370,false,ירכיים עוף טרי ארוז עטרה,שונות,IL,ירכיים ע.טרי עטר,קילוגרמים,0.00,"ק""ג",true,0,34.90,34.90,true,1,
7290001209387,false,שוקיים עוף טרי ארוז עטרה,שונות,IL,שוקיים עוף טרי ע,קילוגרמים,0.00,"ק""ג",true,0,37.90,37.90,true,1,
7290001209394,false,כנפיים עוף טרי ארוז עטרה,שונות,IL,כנפיים ע.טרי עטר,קילוגרמים,0.00,"ק""ג",true,0,15.90,15.90,true,1,
7290001209516,false,סטייק עין 800 גרם,טיבון ויל אחזקות בעמ,IL,סטייק עין,גרמים,800.00,100 גרם,false,0,59.90,7.49,true,1,
7290001247068,false,נקטר ספרינג תות-בננה 1ל',"יפאורה תבורי בע""\מ",IL,נקטר תות בננה,ליטרים,1.00,ליטר,false,0,6.80,6.80,true,1,
7290001247099,false,נקטר ספרינג מנגו 1 ליטר,"יפאורה תבורי בע""\מ",IL,נקטר ספרינג מנגו,ליטרים,1.00,ליטר,false,0,6.80,6.80,true,1,
7290001247112,false,נקטר ספרינג לימונענע 1ל',"יפאורה תבורי בע""\מ",IL,משקה לימונענע,ליטרים,1.00,ליטר,false,0,6.80,6.80,true,1,
7290001247129,false,נקטר ספרינג תפוזים 1ליטר,"יפאורה תבורי בע""\מ",IL,נקטר ספרינג תפוז,ליטרים,1.00,ליטר,false,0,6.80,6.80,true,1,
7290001274392,false,כוס שוקו וניל,,IL,כוס שוקו וניל,יחידה,1.00,יחידה,false,0,2.90,2.90,true,1,
7290001274934,false,גלידל פרי לימון דייט,פלקו בעמ,IL,גלידל פרי לימון,גרמים,640.00,100 גרם,false,0,19.90,3.11,true,1,
7290001274941,false,גלידל פרי דיאטטי פטל,פלקו בעמ,IL,גלידל פרי פטל,גרמים,640.00,100 גרם,false,0,19.90,3.11,true,1,
7290001419892,false,וופל קלאסי לימון 200 גרם,גילרו,IL,וופל 200 גרם,גרמים,200.00,100 גרם,false,1,3.90,1.95,true,1,
7290001594155,false,"קוקה קולה בפלסטיק500 מ""ל",החברה המרכזית לייצור משק,IL,קוקה קולה,מיליליטרים,500.00,"100 מ""ל",false,0,7.90,1.58,true,1,
7290001780800,false,קראנץ ליבת נוגט,גלידות נסטלה,IL,קראנץ נוגט,יחידה,1.00,יחידה,false,0,7.90,7.90,true,1,
7290001813454,false,חיוכים סנדויץ שוקולד900ג,"אפיפית נצרת (1971) בע""\מ",IL,חיוכים שוקו,גרמים,900.00,100 גרם,false,0,22.90,2.54,true,1,
7290001817728,false,צ'יטוס כאפה 55 גרם,"שטראוס פריטו ליי בע""\מ )",IL,צ'יטוס כפאה,גרמים,55.00,100 גרם,false,0,3.90,7.09,true,1,
7290002003168,false,"קרם ידיים פנג'ל 80*3מ""ל",אינטרקוסמא,IL,קרם יד.פנג'ל 3יח,מיליליטרים,240.00,"100 מ""ל",false,0,17.90,7.46,true,1,
7290002014225,false,חצילים במיונז מיקי 200 ג,"סלטי שמיר 2006 בע""\מ",IL,סלט חצילים במי,גרמים,200.00,100 גרם,false,0,8.90,4.45,true,1,
7290002014751,false,כרוב אדום מיקי 200 גרם,"סלטי שמיר 2006 בע""\מ",IL,סלט כרוב אדום,גרמים,200.00,100 גרם,false,0,8.90,4.45,true,1,
7290002014799,false,מטבוחה מיקי 200 גרם,"סלטי שמיר 2006 בע""\מ",IL,סלט מטבוחה 200,גרמים,200.00,100 גרם,false,0,8.90,4.45,true,1,
7290002015093,false,מלפפ.בחומץ 13-17 560 גרם,בני דרום,IL,מלפפונים בחומץ,גרמים,560.00,100 גרם,false,0,9.90,1.77,true,1,
7290002015147,false,מלפפון 18-25 בחומץ 560גר,בני דרום,IL,מלפפונים בחומץ,גרמים,560.00,100 גרם,false,0,11.90,2.13,true,1,
7290002015154,false,מלפפ.במלח גדול 7-9 560גר,בני דרום,IL,מלפפונים במלח,גרמים,560.00,100 גרם,false,0,6.90,1.23,true,1,
7290002015192,false,מלפפ.במלח 18-25 560 גרם,בני דרום,IL,מלפפון במלח,גרמים,560.00,100 גרם,false,0,11.90,2.13,true,1,
7290002015208,false,מלפפון במלח 13-17 560גרם,בני דרום,IL,מלפפון במלח,גרמים,560.00,100 גרם,false,0,9.90,1.77,true,1,
7290002015666,false,פלפל חריף שיפקה 540 גרם,בני דרום,IL,פלפל חריף שיפקה,גרמים,540.00,100 גרם,false,0,6.90,1.28,true,1,
7290002019763,false,עגבנ.מרוסקות פרי ניר800ג,פרי ניר,IL,עגבניות מרוסקות,גרמים,800.00,100 גרם,false,0,6.90,0.86,true,1,
7290002019787,false,רוטב עגבניות מרוכז260גר,פרי ניר,IL,רוטב עגבניות,גרמים,260.00,100 גרם,false,0,3.90,1.50,true,1,
7290002019794,false,רסק עגבניות מרוכז100גר,פרי ניר,IL,רוטב עגבניות,גרמים,100.00,100 גרם,false,0,1.90,1.90,true,1,
7290002026341,false,ציפס בטטה 500 גרם,מוצרי איכות אמריקאיים,CA,ציפס בטטה,גרמים,500.00,100 גרם,false,12,19.90,3.98,true,1,
7290002026358,false,ציפס בטטה זיג זג 500 גרם,מוצרי איכות אמריקאיים,CA,ציפס בטטה זיג זג,גרמים,500.00,100 גרם,false,1,19.90,3.98,true,1,
7290002035206,false,חזרת,,IL,חזרת,גרמים,360.00,100 גרם,false,0,14.90,4.14,true,1,
7290002040019,false,קוסקוס רגיל 350 גרם,קוסקוס מזון,IL,קוסקוס רגיל,גרמים,350.00,100 גרם,false,0,5.90,1.69,true,1,
7290002040064,false,קוסקוס דק 350 גרם,קוסקוס מזון,IL,קוסקוס דק,גרמים,350.00,100 גרם,false,0,5.90,1.69,true,1,
7290002040071,false,קוסקוס עבה 350 גרם,קוסקוס מזון,IL,קוסקוס עבה,גרמים,350.00,100 גרם,false,0,5.90,1.69,true,1,
7290002040088,false,קוסקוס מלא 350 גרם,קוסקוס מזון,IL,קוסקוס מלא,גרמים,350.00,100 גרם,false,0,6.90,1.97,true,1,
7290002057260,false,זית מנזנילו גדול 540 גר,קבוצת יבנה,IL,זית מנזנילו גדול,גרמים,540.00,100 גרם,false,1,7.90,1.46,true,1,
7290002130574,false,דבש מפרחי בר יד מרדכי500,מכוורת יד מרדכי שטראוס ב,IL,דבש מפרחי בר,גרמים,500.00,100 גרם,false,0,25.90,5.18,true,1,
7290002132011,false,עוגיות מזרחיות שומשום400,מאפיית יוסף ושמחה עבאדי,IL,עוגיות מזרחיות,גרמים,400.00,100 גרם,false,0,16.90,4.23,true,1,
7290002153153,false,"מצות חמץ 1 ק""ג",מצות ראשון לציון,IL,"מצות חמץ 1 ק""ג",קילוגרמים,1.00,"ק""ג",false,0,17.90,17.90,true,1,
7290002210009,false,חלבה וניל בלוק 500 גרם,עדן,IL,חלבה וניל בלוק,גרמים,500.00,100 גרם,false,1,9.90,1.98,true,1,
7290002210115,false,חלבה עם שקד ואגוז 500 גר,עדן,IL,חלבה שקד ואגוז,גרמים,500.00,100 גרם,false,1,11.90,2.38,true,1,
7290002210412,false,חלבה וניל 100 גרם,עדן,IL,חלבה וניל,גרמים,100.00,100 גרם,false,1,2.90,2.90,true,1,
7290002210429,false,חלבה מצופה 80 גרם,עדן,IL,חלבה מצופה,גרמים,80.00,100 גרם,false,1,2.90,3.63,true,1,
7290002285816,false,שניצל פרימ' טרי אר' עטרה,נטו,IL,שניצל פרימיום טר,קילוגרמים,0.00,"ק""ג",true,1,44.90,44.90,true,1,
7290002292548,false,כבד צלוי טרי לנדא ארוז,,IL,כבד צלוי טרי,גרמים,200.00,100 גרם,false,1,32.90,16.45,true,1,
7290002319061,false,קוקוס טחון 100 גרם,מיה תעשיות מזון מ.ת.מ. ב,IL,קוקוס טחון,גרמים,100.00,100 גרם,false,0,4.90,4.90,true,1,
7290002319115,false,חומוס גדול 500 גר,מיה תעשיות מזון מ.ת.מ. ב,IL,גרעיני חומוס,גרמים,500.00,100 גרם,false,0,7.90,1.58,true,1,
7290002319139,false,שעועית לבנה 500גר,מיה תעשיות מזון מ.ת.מ. ב,IL,שעועית לבנה,גרמים,500.00,100 גרם,false,0,8.90,1.78,true,1,
7290002319146,false,שעועית אדומה 500 גרם,מיה תעשיות מזון מ.ת.מ. ב,IL,שעועית אדומה,גרמים,500.00,100 גרם,false,0,9.90,1.98,true,1,
7290002319160,false,אפונה ירוקה 500 גרם,מיה תעשיות מזון מ.ת.מ. ב,IL,אפונה ירוקה,גרמים,500.00,100 גרם,false,0,5.90,1.18,true,1,
7290002319177,false,פופקורן 500 גרם,מיה תעשיות מזון מ.ת.מ. ב,IL,גרעיני פופקורן,גרמים,500.00,100 גרם,false,0,5.90,1.18,true,1,
7290002319184,false,עדשים אדומים 500 גרם,מיה תעשיות מזון מ.ת.מ. ב,IL,עדשים אדומים,גרמים,500.00,100 גרם,false,0,7.90,1.58,true,1,
7290002319191,false,עדשים ירוקים 500ג,מיה תעשיות מזון מ.ת.מ. ב,IL,עדשים ירוקים,גרמים,500.00,100 גרם,false,0,7.90,1.58,true,1,
7290002319221,false,חיטה 500 גרם,מיה תעשיות מזון מ.ת.מ. ב,IL,חיטה,גרמים,500.00,100 גרם,false,0,5.90,1.18,true,1,
7290002319412,false,פפריקה חריפה 80 גרם,מיה תעשיות מזון מ.ת.מ. ב,IL,פפריקה חריפה,גרמים,80.00,100 גרם,false,0,6.90,8.63,true,1,
7290002319429,false,פפריקה מתוקה 80 גרם,מיה תעשיות מזון מ.ת.מ. ב,IL,פפריקה מתוקה,גרמים,80.00,100 גרם,false,0,6.90,8.63,true,1,
7290002319436,false,פלפל שחור טחון 70 גרם,מיה תעשיות מזון מ.ת.מ. ב,IL,פלפל שחור,גרמים,70.00,100 גרם,false,0,9.90,14.14,true,1,
7290002319443,false,כמון 80 גרם,מיה תעשיות מזון מ.ת.מ. ב,IL,כמון,גרמים,80.00,100 גרם,false,0,6.90,8.63,true,1,
7290002319467,false,אורגנו 35 גרם,מיה תעשיות מזון מ.ת.מ. ב,IL,אורגנו,גרמים,35.00,100 גרם,false,0,6.90,19.71,true,1,
7290002319474,false,אבקת שום 80 גרם,מיה תעשיות מזון מ.ת.מ. ב,IL,אבקת שום,גרמים,80.00,100 גרם,false,0,8.90,11.13,true,1,
7290002319597,false,כוסברה 80 גרם,מיה תעשיות מזון מ.ת.מ. ב,IL,כוסברה 80 גרם,גרמים,80.00,100 גרם,false,0,6.90,8.63,true,1,
7290002319610,false,שקדים טחונים 100גרם מיה,מיה תעשיות מזון מ.ת.מ. ב,IL,שקדים טחונים,גרמים,100.00,100 גרם,false,0,12.90,12.90,true,1,
7290002319641,false,גריל עוף 80 גרם,מיה תעשיות מזון מ.ת.מ. ב,IL,גריל עוף,גרמים,80.00,100 גרם,false,0,6.90,8.63,true,1,
7290002319689,false,סודה לשתיה 150 גרם,מיה תעשיות מזון מ.ת.מ. ב,IL,סודה לשתיה,גרמים,150.00,100 גרם,false,0,6.90,4.60,true,1,
7290002319771,false,"תמצית אפיה וניל 55 מ""ל",מיה תעשיות מזון מ.ת.מ. ב,IL,תמצית אפיה וניל,מיליליטרים,55.00,"100 מ""ל",false,0,3.50,6.36,true,1,
7290002319788,false,"תמצית אפיה רום 55 מ""ל",מיה תעשיות מזון מ.ת.מ. ב,IL,תמצית אפיה רום,מיליליטרים,50.00,"100 מ""ל",false,0,3.50,7.00,true,1,
7290002331360,false,נביעות פקק טו גו 500*6מל,נביעות טבע,IL,נביעות ספורט 6יח,ליטרים,3.00,ליטר,false,0,16.90,5.63,true,1,
7290002374640,false,שמן קנולה פלוס אומגה3 1ל,סקנולה,EE,שמן קנולה פלוס,ליטרים,1.00,ליטר,false,0,16.90,16.90,true,1,
7290002386834,false,נקניקיות עוף קהילות 400,מעדני הטלה והעגל,IL,נקניקיות עוף,גרמים,400.00,100 גרם,false,0,12.90,3.23,true,1,
7290002404576,false,יין מוריה לייט,,IL,יין מוריה לייט,מיליליטרים,750.00,"100 מ""ל",false,0,16.90,2.25,true,1,
7290002404583,false,"יין קברנה בראשית 750 מ""ל",יקבי ארזה,IL,יין קברנה בראשית,מיליליטרים,750.00,"100 מ""ל",false,1,34.90,4.65,true,1,
7290002404606,false,"שיראז בראשית 750 מ""ל",יקבי ארזה,IL,שיראז בראשית 750,מיליליטרים,750.00,"100 מ""ל",false,1,34.90,4.65,true,1,
7290002404637,false,"שיראז וירטאוזו 750מ""ל",יקבי ארזה,IL,שיראז וירטאוזו 7,מיליליטרים,750.00,"100 מ""ל",false,1,44.90,5.98,true,1,
7290002404965,false,יין מוריה ישן נושן 750מל,יקבי ארזה,IL,יין מוריה,מיליליטרים,750.00,"100 מ""ל",false,0,16.90,2.25,true,1,
7290002505433,false,כבד עוף צלוי קהילות טרי,שונות,IL,כבד עוף צלוי טרי,גרמים,200.00,100 גרם,false,0,29.90,14.95,true,1,
7290002538110,false,קרמבו-ימבו 32 יח,גלידות קולרדו,IL,קרמבו-ימבו 32 יח,גרמים,800.00,100 גרם,false,1,32.90,4.11,true,1,
7290002538899,false,קרמבו קרמבולי 12 יחידות,גלידות קולרדו,IL,קרמבולי 12 יח,גרמים,300.00,100 גרם,false,0,9.90,3.30,true,1,
7290002543237,false,קלוג'ס קורנפלקס 750 גרם,קלוגס קומפני אוף גרייט ב,GB,קורנפלקס קלוגס,גרמים,750.00,100 גרם,false,0,15.90,2.12,true,1,
7290002552314,false,מאגדת הקוסם 4שלגונים,ריאו,IL,מאגדת הקוסם,יחידה,1.00,יחידה,false,0,22.90,22.90,true,1,
7290002552406,false,טילון שוקו 75 גרם,ריאו,IL,טילון שוקו 75 גר,יחידה,1.00,יחידה,false,0,3.90,3.90,true,1,
7290002552468,false,שלגון גליגל חלבי 75 גרם,ריאו,IL,שלגון גליגל,גרמים,75.00,100 גרם,false,1,2.90,3.87,true,1,
7290002651116,false,ג'חנון חמסי 5יח 1קג,מאפיית אריאל,IL,ג'חנון חמסי,גרמים,1000.00,100 גרם,false,0,16.90,1.69,true,1,
7290002651123,false,מלווח חמסי 5יח 1קג,מאפיית אריאל,IL,מלווח חמסי,גרמים,1000.00,100 גרם,false,0,16.90,1.69,true,1,
7290002651253,false,גחנון אפוי חמסי 600 גרם,חמסי,IL,גחנון אפוי חמסי,גרמים,600.00,100 גרם,false,1,16.90,2.82,true,1,
7290002661115,false,"לחם הולנדי 1 ק""ג",מאפית ודש,IL,לחם הולנדי,קילוגרמים,1.00,"ק""ג",false,0,15.90,15.90,true,1,
7290002692393,false,שמן קנולה מועשר 1 ליטר,סקנולה,EE,שמן קנולה מועשר,ליטרים,1.00,ליטר,false,0,12.90,12.90,true,1,
7290002716273,false,סוכר וניל,,IL,סוכר וניל,גרמים,100.00,100 גרם,false,0,2.50,2.50,true,1,
7290002716280,false,"שביבי תפו""א",,IL,"שביבי תפו""א",גרמים,500.00,100 גרם,false,0,10.90,2.18,true,1,
7290002716372,false,אבקת פלאפל,,IL,אבקת פלאפל,גרמים,250.00,100 גרם,false,0,7.90,3.16,true,1,
7290002716426,false,קוקוס,,IL,קוקוס,גרמים,400.00,100 גרם,false,0,12.90,3.23,true,1,
7290002716600,false,דבש דבורים טהור,,IL,דבש דבורים טהור,גרמים,500.00,100 גרם,false,0,22.90,4.58,true,1,
7290002716877,false,קקאו,,IL,קקאו,גרמים,500.00,100 גרם,false,0,15.90,3.18,true,1,
7290002730811,false,משחה קולגייט ג'ל 100 גרם,קולגייט פלמוליב,PL,משחת קולגייט ג'ל,מיליליטרים,100.00,"100 מ""ל",false,0,13.90,13.90,true,1,
7290002739890,false,עצמות עוף טרי קהילות,קהילות,IL,עצמות עוף טרי,קילוגרמים,0.00,"ק""ג",true,1,9.90,9.90,true,1,
7290002752332,false,סוכ.מנטוס טעם פירות37.5ג,מנטוס,NL,סוכריות מנטוס,גרמים,37.00,100 גרם,false,0,2.90,7.84,true,1,
7290002753223,false,סוכ.טיק טק תפוז 16*4 גרם,פררו,ZA,סוכריות טיק טק,גרמים,64.00,100 גרם,false,0,11.90,18.59,true,1,
7290002768036,false,"מי פה תיאדנט 150מ""ל",קוסמופארם בעמ,IL,מי פה תיאדנט,מיליליטרים,150.00,"100 מ""ל",false,0,16.90,11.27,true,1,
7290002768043,false,מי פה תיאדנט+פלאוריד150מ,אמיליה קוסמטיקס בע'\'\מ,IL,מי פה תיאדנט,מיליליטרים,150.00,"100 מ""ל",false,0,16.90,11.27,true,1,
7290002814160,false,מסיר שומנים סנט מוריץ 1ל,קומפלקס כימיקלים בעמ,IL,מסיר שומנים,ליטרים,1.00,ליטר,false,1,18.90,18.90,true,1,
7290002824183,false,גב.סקי משפחתי5%שומן500ג,"שטראוס בריאות בע""\מ",IL,גבינת סקי 5%,גרמים,500.00,100 גרם,false,0,8.90,1.78,true,1,
7290002824640,false,גב.סקי5%לבנה מעודנת250ג,"שטראוס בריאות בע""\מ",IL,גבינת סקי 5%,גרמים,250.00,100 גרם,false,0,4.50,1.80,true,1,
7290002825722,false,כרוב אדום אחלה 500 גרם,"שטראוס גרופ בע""\מ",IL,סלט כרוב אחלה,גרמים,500.00,100 גרם,false,0,15.90,3.18,true,1,
7290002842002,false,קוואקר אנגלי,,GB,קוואקר אנגלי,גרמים,500.00,100 גרם,false,0,11.90,2.38,true,1,
7290002862017,false,שום כתוש 250 גרם,הררית מזון בעמ,IL,שום כתוש,גרמים,250.00,100 גרם,false,0,13.90,5.56,true,1,
7290002862031,false,אריסה חריפה 250 גרם,הררית מזון בעמ,IL,אריסה חריפה,גרמים,250.00,100 גרם,false,0,13.90,5.56,true,1,
7290002862123,false,סחוג ירוק 150 גרם,הררית מזון בעמ,IL,סחוג ירוק,גרמים,150.00,100 גרם,false,0,9.90,6.60,true,1,
7290002862338,false,סחוג אדום 150 גרם,הררית מזון בעמ,IL,סחוג אדום,גרמים,150.00,100 גרם,false,0,9.90,6.60,true,1,
7290002871248,false,"טובורג רד בק.חוזר 500מ""ל",מבשלות בירה בינלאומיות ב,IL,בירה טובורג רד,מיליליטרים,500.00,"100 מ""ל",false,0,8.90,1.78,true,1,
7290002871361,false,בירה קרלסברג בק.חוזר500מ,מבשלות בירה בינלאומיות ב,IL,בירה קרלסברג,מיליליטרים,500.00,"100 מ""ל",false,0,8.90,1.78,true,1,
7290002939054,false,שניצל עוף אמיתי 600 גרם,טיבון ויל אחזקות בעמ,IL,שניצל עוף אמיתי,גרמים,600.00,100 גרם,false,0,28.90,4.82,true,1,
7290002939078,false,נגיסי עוף 600 גרם,טיבון ויל אחזקות בעמ,IL,נגיסי עוף,גרמים,600.00,100 גרם,false,0,18.90,3.15,true,1,
7290002939108,false,חזה עוף טרי ארוז עטרה לק,שונות,IL,חזה עוף טרי עטרה,קילוגרמים,0.00,"ק""ג",true,0,34.90,34.90,true,1,
7290002939450,false,שניצל אמריקאי 600 גרם,טיבון ויל אחזקות בעמ,IL,שניצל אמריקאי,גרמים,600.00,100 גרם,false,0,18.90,3.15,true,1,
7290002939498,false,בשר מס8' שריר עטרה קפוא,עטרה,IL,בשר מס8' שריר,קילוגרמים,0.00,"ק""ג",true,0,52.90,52.90,true,1,
7290002939542,false,לשון בקר קפוא ב.יוסף קג,עטרה,PY,לשון בקר קפוא,קילוגרמים,0.00,"ק""ג",true,0,49.90,49.90,true,1,
7290002971016,false,"סולת 1 ק""ג",שטיבל בעמ,IL,"סולת 1 ק""ג",קילוגרמים,1.00,"ק""ג",false,1,4.90,4.90,true,1,
7290002972365,false,שטיבל 13 - קמח תופח,שטיבל בעמ,IL,קמח תופח,קילוגרמים,1.00,"ק""ג",false,1,7.90,7.90,true,1,
7290003013005,false,פתיליות,,IL,פתיליות,יחידה,1.00,יחידה,false,0,3.90,3.90,true,1,
7290003023196,false,בננה שקית יטבתה החזר225מ,יטבתה,IL,מוקה בשקית יטבתה,מיליליטרים,225.00,"100 מ""ל",false,0,2.90,1.29,true,1,
7290003026234,false,קרם גוף קמיל בלו 500 גרם,פישר מעבדות פרמצבטיות בע,IL,קרם גוף לתינוק,גרמים,500.00,100 גרם,false,0,19.90,3.98,true,1,
7290003029181,false,שוקו יטבתה בבקבוק 1 ליטר,מחלבת יטבתה,IL,שוקו יטבתה,ליטרים,1.00,ליטר,false,0,11.90,11.90,true,1,
7290003029372,false,משקה חלב בננה בקבוק 1 ל',מחלבת יטבתה,IL,משקה חלב בננה,ליטרים,1.00,ליטר,false,0,11.90,11.90,true,1,
7290003029389,false,משקה בננה יטבתה+פקק 250מ,מחלבת יטבתה,IL,משקה בננה,מיליליטרים,250.00,"100 מ""ל",false,0,5.50,2.20,true,1,
7290003029433,false,שוקו יטבתה+פקק נשלף 250מ,מחלבת יטבתה,IL,שוקו יטבתה,מיליליטרים,250.00,"100 מ""ל",false,0,5.50,2.20,true,1,
7290003029532,false,מוקה יטבתה בקבוק 2% 1ל,מחלבת יטבתה,IL,מוקה יטבתה בקבוק,ליטרים,1.00,ליטר,false,0,11.90,11.90,true,1,
7290003029792,false,שוקו יטבתה מארז 225*8 מל,מחלבת יטבתה,IL,שקיות שוקו 8 יח',ליטרים,1.80,ליטר,false,0,19.90,11.06,true,1,
7290003029815,false,חלב מועשר יטבתה 3%כד 2ל',מחלבת יטבתה,IL,חלב מועשר יטבתה,ליטרים,2.00,ליטר,false,0,15.90,7.95,true,1,
7290003029884,false,"משקה מוקה שקיות 250X6מ""ל",מחלבת יטבתה,IL,משקה מוקה 6X,ליטרים,1.50,ליטר,false,0,16.90,11.27,true,1,
7290003029907,false,אייס קפה יטבתה 2% 1ל,מחלבת יטבתה,IL,אייס קפה יטבתה,ליטרים,1.00,ליטר,false,0,11.90,11.90,true,1,
7290003031702,false,"נקניקיות הודו חלק 1 ק""ג",טיב טירת צבי 2000,IL,נקניקיות הודו,קילוגרמים,1.00,"ק""ג",false,0,27.90,27.90,true,1,
7290003031733,false,פסטרמה על גחלים 400 גרם,טיב טירת צבי 2000,IL,פסטרמה על גחלים,גרמים,400.00,100 גרם,false,0,28.90,7.23,true,1,
7290003107247,false,שמרים יבשים אינסטנט33גרם,שטיבל,IL,שמרים יבשים,גרמים,33.00,100 גרם,false,0,5.90,17.88,true,1,
7290003268245,false,"חלה ""המיוחדת של עינת""",דגנית עין בר תעשיות מזון,IL,המיוחדת של עינת,גרמים,500.00,100 גרם,false,1,11.90,2.38,true,1,
7290003321155,false,דנונה בר פקאן 183 גרם,"שטראוס בריאות בע""\מ",IL,דנונה בר פקאן,גרמים,183.00,100 גרם,false,0,4.90,2.68,true,1,
7290003397136,false,בדית תחבושות 18 יחידות,כ.כיפות שיווק וסחר,IL,בדית תחבושות 8,יחידה,1.00,יחידה,false,0,6.90,6.90,true,1,
7290003593545,false,ירכיים עוף קפוא,קורניש,IL,ירכיים עוף קפוא,קילוגרמים,0.00,"ק""ג",true,1,32.90,32.90,true,1,
7290003593576,false,כנפיים עוף קפוא,קורניש,IL,כנפיים עוף קפוא,קילוגרמים,0.00,"ק""ג",true,1,14.90,14.90,true,1,
7290003593620,false,עוף קפוא מס' 2 אשפר,קורניש,IL,עוף קפוא מס' 2,קילוגרמים,0.00,"ק""ג",true,1,24.90,24.90,true,1,
7290003593668,false,שניצל עוף קפוא,קורניש,IL,שניצל עוף קפוא,קילוגרמים,0.00,"ק""ג",true,1,39.90,39.90,true,1,
7290003643004,false,אורז בסמטי קלאסי בשקית1ק,"סוגת תעשיות בע""\מ",IL,אורז בסמטי קלאסי,קילוגרמים,1.00,"ק""ג",false,0,13.90,13.90,true,1,
7290003643325,false,קוסקוס בינוני,"אסיף תעשיות מזון בע""\מ",IL,קוסקוס בינוני,גרמים,350.00,100 גרם,false,0,4.90,1.40,true,1,
7290003681303,false,שעועית מעורבת 500 גרם,מיה תעשיות מזון מ.ת.מ. ב,IL,שעועית מעורבת,גרמים,500.00,100 גרם,false,0,9.90,1.98,true,1,
7290003681365,false,קישוט עוגה שוק/צבע.צנצ70,מיה תעשיות מזון מ.ת.מ. ב,IL,קישוטי עוגה,גרמים,70.00,100 גרם,false,0,5.90,8.43,true,1,
7290003681693,false,חומוס לבן ענק 500 גרם,מיה תעשיות מזון מ.ת.מ. ב,IL,חומוס לבן ענק,גרמים,500.00,100 גרם,false,0,10.90,2.18,true,1,
7290003681716,false,גריסי פנינה 500 גרם,מיה תעשיות מזון מ.ת.מ. ב,IL,גריסי פנינה,גרמים,500.00,100 גרם,false,0,5.90,1.18,true,1,
7290003681723,false,תבלין לפיצה 80 גרם,מיה תעשיות מזון מ.ת.מ. ב,IL,תבלין לפיצה,גרמים,80.00,100 גרם,false,0,6.90,8.63,true,1,
7290003681730,false,גריל דג 80 גרם,מיה תעשיות מזון מ.ת.מ. ב,IL,תבלין גריל דג,גרמים,80.00,100 גרם,false,0,6.90,8.63,true,1,
7290003681754,false,אבקת קארי 80 גרם,מיה תעשיות מזון מ.ת.מ. ב,IL,קארי,גרמים,80.00,100 גרם,false,0,6.90,8.63,true,1,
7290003681945,false,"מיץ לימון 100% 500 מ""ל",מיה,IL,מיץ לימון 100%,מיליליטרים,500.00,"100 מ""ל",false,0,9.90,1.98,true,1,
7290003718627,false,פול ירוק מצרי 400 גרם,פספרוסט,EG,פול ירוק מצרי,גרמים,400.00,100 גרם,false,1,8.90,2.23,true,1,
7290003751112,false,"עוף טחון עד""ח 500 גרם",גלאט עוף,IL,"עוף טחון עד""ח",גרמים,500.00,100 גרם,false,0,26.90,5.38,true,1,
7290003751174,false,גולש בקר קפוא,,IL,גולש בקר קפוא,קילוגרמים,0.00,"ק""ג",true,0,99.90,99.90,true,1,
7290003751242,false,הודו טחון גלאט 500 גרם,,IL,הודו טחון 500גר,גרמים,500.00,100 גרם,false,0,24.90,4.98,true,1,
7290003751594,false,שוקיים הודיות קפוא במגש,גלאט עוף,IL,שוקיים הודיות,קילוגרמים,0.00,"ק""ג",true,0,34.90,34.90,true,1,
7290003807178,false,רוטב סויה סגנון סיני300מ,יוניליוור ישראל מזון בע\,IL,רוטב סויה,מיליליטרים,300.00,"100 מ""ל",false,0,11.90,3.97,true,1,
7290003807482,false,רוטב טריאקי 370 גרם,יוניליוור ישראל מזון בע\,IL,רוטב טריאקי,גרמים,300.00,100 גרם,false,0,11.90,3.97,true,1,
7290003893027,false,פילה מרלוזה קפוא מחיר לפ,ג.עופר,AR,פילה מרלוזה,קילוגרמים,0.00,"ק""ג",true,0,32.90,32.90,true,1,
7290003893850,false,"פילה סלמון נורבגי בד""ץ",,NO,פילה סלמון,קילוגרמים,0.00,"ק""ג",true,1,74.90,74.90,true,1,
7290003989096,false,חציל פיקנטי אחלה 500 גרם,"שטראוס גרופ בע""\מ",IL,חציל פיקנטי אחלה,גרמים,500.00,100 גרם,false,0,15.90,3.18,true,1,
7290003989539,false,רביולי עם גבינה 400 גרם,"שטראוס גרופ בע""\מ",IL,רביולי גבינה,גרמים,400.00,100 גרם,false,0,19.90,4.98,true,1,
7290003989553,false,טורטליני עם פטריות 400גר,"שטראוס גרופ בע""\מ",IL,טורטליני פטריות,גרמים,400.00,100 גרם,false,0,19.90,4.98,true,1,
7290004011345,false,קצפת מתוקה,,IT,קצפת מתוקה,גרמים,250.00,100 גרם,false,0,10.90,4.36,true,1,
7290004030223,false,מיץ תפוחים סחוט,,IL,מיץ תפוחים סחוט,ליטרים,1.00,ליטר,false,0,14.90,14.90,true,1,
7290004063016,false,"מלח שולחן מעולה 1 ק""ג",מלחי סלית עתלית,IL,מלח שולחן,קילוגרמים,1.00,"ק""ג",false,0,2.00,2.00,true,1,
7290004063115,false,"מלח מטבח גס לבישול 1 ק""ג",מלחי סלית עתלית,IL,מלח מטבח גס,קילוגרמים,1.00,"ק""ג",false,0,2.00,2.00,true,1,
7290004078225,false,מי פה קולג.פלקס ירוק500מ,קולגייט- פלמוליב,PL,מי פה קולגייט,מיליליטרים,500.00,"100 מ""ל",false,0,22.90,4.58,true,1,
7290004084110,false,סוכר קוביות,,IL,סוכר קוביות,גרמים,500.00,100 גרם,false,0,9.90,1.98,true,1,
7290004119928,false,מעדן קרלו וניל 3% 125 גר,מחלבת אלון תבור,IL,מעדן קרלו וניל3%,גרמים,125.00,100 גרם,false,0,2.90,2.32,true,1,
7290004119973,false,מעדן קרלו שוקולד1.5% 125,מחלבת אלון תבור,IL,קרלו שוקולדה,גרמים,125.00,100 גרם,false,0,2.90,2.32,true,1,
7290004120061,false,"מעדן קרלו שוניל3% 125מ""ל",מחלבת אלון תבור,IL,מעדן קרלו שוניל,גרמים,125.00,100 גרם,false,0,2.90,2.32,true,1,
7290004120108,false,יופלה דובדבן 0% 150 גרם,תנובה בעמ,IL,יופלה דיאט 0%,גרמים,150.00,100 גרם,false,0,4.90,3.27,true,1,
7290004120283,false,שוקו בשקית,,IL,שוקו בשקית,מיליליטרים,225.00,"100 מ""ל",false,0,2.90,1.29,true,1,
7290004120566,false,גב.בולגרית פיראוס24% 250,תנובה,IL,גבינה בולגרית24%,גרמים,250.00,100 גרם,false,0,24.90,9.96,true,1,
7290004120634,false,גב.בולגרית פיראוס5% 250ג,תנובה,IL,גבינה בולגרית5%,גרמים,250.00,100 גרם,false,0,24.90,9.96,true,1,
7290004121853,false,פיראוס קוב.בולגרית5% 200,תנובה,IL,קוביות בולגרית5%,גרמים,200.00,100 גרם,false,0,21.90,10.95,true,1,
7290004122195,false,גוש חלב פרוס28% 200מהדרי,תנובה,IL,גבינה גוש חלב,גרמים,200.00,100 גרם,false,0,14.90,7.45,true,1,
7290004122348,false,גבינת עמק 9% פרוס 200 גר,תנובה,IL,גבינת עמק 9%,גרמים,200.00,100 גרם,false,0,17.90,8.95,true,1,
7290004124205,false,יופלה דיאט תות0% 150 גר,תנובה בעמ,IL,יופלה דיאט תות0%,גרמים,150.00,100 גרם,false,0,4.90,3.27,true,1,
7290004124847,false,קצפת צמחית השף הלבן500מל,סוי מג'יק,IL,קצפת צמחית,מיליליטרים,500.00,"100 מ""ל",false,0,15.90,3.18,true,1,
7290004125370,false,שמנת חמוצה 9% שומן 200מל,תנובה,IL,שמנת חמוצה 9%,מיליליטרים,200.00,"100 מ""ל",false,0,3.60,1.80,true,1,
7290004125455,false,שמנת תנובה 15%שומן200מל,תנובה,IL,שמנת תנובה 15%,מיליליטרים,200.00,"100 מ""ל",false,0,2.40,1.20,true,1,
7290004125509,false,שמנת חמוצה15% חצי מנה100,תנובה,IL,שמנת חמוצה 15%,מיליליטרים,100.00,"100 מ""ל",false,0,1.80,1.80,true,1,
7290004125578,false,משקה סויה 1 ליטר,סוי מג'יק,IL,משקה סויה,ליטרים,1.00,ליטר,false,0,11.90,11.90,true,1,
7290004125585,false,משקה סויה בטעם וניל 1 לי,סוי מג'יק,IL,משקה סויה וניל,ליטרים,1.00,ליטר,false,0,11.90,11.90,true,1,
7290004125721,false,שמנת בישול-15%שף לבן250מ,תנובה,IL,שמנת לבישול15%,מיליליטרים,250.00,"100 מ""ל",false,0,8.90,3.56,true,1,
7290004125738,false,שמנת להקצפה-32%שף לבן250,תנובה,IL,שמנת להקצפה32%,מיליליטרים,250.00,"100 מ""ל",false,0,6.90,2.76,true,1,
7290004126872,false,"שוקו תנובה בקבוק 250 מ""ל",תנובה,IL,שוקו בקבוק,מיליליטרים,250.00,"100 מ""ל",false,0,5.90,2.36,true,1,
7290004127077,false,קוטג' תנובה 3% שומן 250,מחלבת אלון תבור,IL,קוטג' 3% שומן,גרמים,250.00,100 גרם,false,0,5.90,2.36,true,1,
7290004127862,false,גבינה לבנה 5% 750 גרם,מחלבת אלון תבור,IL,גבינה לבנה 5%,גרמים,750.00,100 גרם,false,0,14.70,1.96,true,1,
7290004127916,false,גבינה תנובה0.5%שומן 500ג,מחלבת אלון תבור,IL,גבינה 0.5%,גרמים,500.00,100 גרם,false,0,8.90,1.78,true,1,
7290004129101,false,גב.נפולאון טעם טבעי 225ג,מחלבת אלון תבור,IL,גבינת נפוליאון,גרמים,225.00,100 גרם,false,0,13.90,6.18,true,1,
7290004129118,false,גב.נפולאון טעם זיתים225ג,מחלבת אלון תבור,IL,גבינת נפוליאון,גרמים,225.00,100 גרם,false,0,13.90,6.18,true,1,
7290004129156,false,גב.נפולאון שום-שמיר 225ג,מחלבת אלון תבור,IL,גבינת נפוליאון,גרמים,225.00,100 גרם,false,0,13.90,6.18,true,1,
7290004129767,false,יופלה לבן 3% 150*8גרם,מחלבת אלון תבור,IL,יופלה לבן 3%,קילוגרמים,1.20,"ק""ג",false,0,17.50,14.58,true,1,
7290004130794,false,משקה סויה במתיקות מופחתת,סוי מג'יק,IL,משקה סויה,ליטרים,1.00,ליטר,false,0,11.90,11.90,true,1,
7290004131074,false,חלב בקרטון 3% שומן 1 ל',,IL,חלב בקרטון 3%,ליטרים,1.00,ליטר,false,0,6.20,6.20,true,1,
7290004131531,false,שוקו תנובה בקבוק 1 ליטר,תנובה,IL,שוקו בקבוק,ליטרים,1.00,ליטר,false,0,13.90,13.90,true,1,
7290004131814,false,פיראוס צפתית מעוד5% 200ג,תנובה,IL,צפתית 5% פיראוס,גרמים,200.00,100 גרם,false,0,15.90,7.95,true,1,
7290004132552,false,משקה סויה לייט 1ל,סוי מג'יק,IL,משקה סויה,ליטרים,1.00,ליטר,false,0,11.90,11.90,true,1,
7290004135072,false,מעדן קרלו מיני שוק100*8ג,מחלבת אלון תבור,IL,קרלו מיני 8 יח,גרמים,800.00,100 גרם,false,0,13.90,1.74,true,1,
7290004135119,false,מעדן קרלו מיני וניל100*8,מחלבת אלון תבור,IL,קרלו מיני 8 יח,גרמים,800.00,100 גרם,false,0,13.90,1.74,true,1,
7290004136857,false,מעדן ג'לי פטל 125 גרם,סוי מג'יק,IL,מעדן ג'לי פטל,גרמים,125.00,100 גרם,false,0,2.70,2.16,true,1,
7290004136864,false,מעדן ג'לי אננס+חתיכות125,סוי מג'יק,IL,מעדן ג'לי אננס,גרמים,125.00,100 גרם,false,0,2.70,2.16,true,1,
7290004136871,false,מעדן ג'לי אפרסק+חתיכ125.,סוי מג'יק,IL,מעדן ג'לי אפרסק,גרמים,125.00,100 גרם,false,0,2.70,2.16,true,1,
7290004137021,false,שמנת לבישול 10%שומן250מ,תנובה,IL,שמנת לבישול10%,מיליליטרים,250.00,"100 מ""ל",false,0,8.90,3.56,true,1,
7290004220044,false,קציצות ביתיות עטרה 400גר,עטרה,IL,קציצות בתיות,גרמים,400.00,100 גרם,false,0,19.90,4.98,true,1,
7290004220761,false,קבב כבש עטרה 500 גרם,טיבון ויל אחזקות בעמ,IL,קבב כבש,גרמים,500.00,100 גרם,false,0,19.90,3.98,true,1,
7290004228804,false,עלי בצק למילוי סיגרים 45,"שלושת האופים בע""\מ",IL,עלי בצק למילוי ס,גרמים,450.00,100 גרם,false,1,12.90,2.87,true,1,
7290004252441,false,גביעי גלידה מגולגל 24 יח,DRUM BIG,IN,גביעי גלידה24יח,יחידה,1.00,יחידה,false,1,19.90,19.90,true,1,
7290004257132,false,אנטריקוט דק דק 250 גרם,טיבון ויל,IL,אנטריקוט דק דק,גרמים,250.00,100 גרם,false,1,36.90,14.76,true,1,
7290004257484,false,"טחון הודו 100% עטרה 1 ק""","טיבון ויל אחזקות בע""\מ",IL,טחון הודו,קילוגרמים,1.00,"ק""ג",false,1,39.90,39.90,true,1,
7290004257491,false,"טחון בקר 100% עטרה 1 ק""ג",טיבון ויל אחזקות בעמ,IL,טחון בקר,קילוגרמים,1.00,"ק""ג",false,1,49.90,49.90,true,1,
7290004263393,false,קשקע ירושלמי 500 גרם,טיבון ויל אחזקות בעמ,IL,קשקע ירושלמי,גרמים,500.00,100 גרם,false,0,16.90,3.38,true,1,
7290004263867,false,בשר מס6 פילה מדומה עטרה,עטרה,IL,פילה מדומה מס',קילוגרמים,0.00,"ק""ג",true,0,49.90,49.90,true,1,
7290004492274,false,בייגלה טבעות מלוחות 400ג,יוניליוור,IL,בייגלה טבעות,גרמים,400.00,100 גרם,false,0,9.90,2.48,true,1,
7290004492762,false,נישנושים תירס 325 גרם,בייגל את בייגל מזון 198),IL,נישנושים תירס,גרמים,325.00,100 גרם,false,0,12.90,3.97,true,1,
7290004551193,false,קמח מצה,,IL,קמח מצה,גרמים,400.00,100 גרם,false,0,5.90,1.48,true,1,
7290004551483,false,אבקת אפיה,,IL,אבקת אפיה,גרמים,100.00,100 גרם,false,0,2.50,2.50,true,1,
7290004575069,false,מיניס חטיפי גל.טופו 700ג,ריאו,IL,חטיפי גלידה טופו,גרמים,600.00,100 גרם,false,0,37.90,6.32,true,1,
7290004575397,false,גל.חלבי/ילדודס 1.8 ליטר,ריאו,IL,גלידה בטעמים,ליטרים,1.80,ליטר,false,0,18.90,10.50,true,1,
7290004575403,false,גל.פרווה בטעמים 1.8 ליטר,ריאו,IL,גלידה בטעמים,ליטרים,1.80,ליטר,false,0,18.90,10.50,true,1,
7290004575540,false,קרחונים במבחר טעמים יח,ריאו,IL,קרחונים במבחר,יחידה,1.00,יחידה,false,0,1.50,1.50,true,1,
7290004575564,false,שלגון גליגל פרוה 75 גרם,ריאו,IL,שלגון גליגל,גרמים,75.00,100 גרם,false,1,2.90,3.87,true,1,
7290004575571,false,טילון וניל 75 גרם,ריאו,IL,טילון וניל 75 גר,יחידה,1.00,יחידה,false,0,3.90,3.90,true,1,
7290004575588,false,טילון ריבת חלב 75 גרם,ריאו,IL,טילון ריבת חלב 7,יחידה,1.00,יחידה,false,0,3.90,3.90,true,1,
7290004584528,false,יוגורט ביו 1.7%דנונה200ג,"שטראוס בריאות בע""\מ",IL,יוגורט ביו 1.7%,גרמים,200.00,100 גרם,false,0,3.90,1.95,true,1,
7290004585907,false,דני וניל 1.5% שומן 125 ג,"שטראוס גרופ בע""\מ",IL,דני וניל 1.5%,גרמים,125.00,100 גרם,false,0,2.70,2.16,true,1,
7290004638016,false,נקניקיות עוף חריף וינר,מעדני הטלה,IL,נקניקיות עוף,גרמים,400.00,100 גרם,false,1,14.90,3.73,true,1,
7290004645069,false,דג הליבוט פרוס בלי עור ל,"ש.רוזנרס בע""מ",NO,הליבוט פרוס בלי,קילוגרמים,0.00,"ק""ג",true,0,82.90,82.90,true,1,
7290004645106,false,סלמון פילה מנות לפי משקל,,IL,סלמון פילה מנות,קילוגרמים,0.00,"ק""ג",true,1,89.90,89.90,true,1,
7290004645137,false,פילה טונה אלבקור קפוא,,IL,פילה טונה אלבקור,קילוגרמים,0.00,"ק""ג",true,0,56.90,56.90,true,1,
7290004645175,false,דג טונה פרוס,,IL,דג טונה פרוס,גרמים,0.00,"ק""ג",true,0,49.90,49.90,true,1,
7290004645434,false,פילה סלמון מנות ללא עור,רוזנרס,IL,פילה סלמון קפוא,קילוגרמים,0.00,"ק""ג",true,1,89.90,89.90,true,1,
7290004658960,false,"אמרלד ריזלינג P.C 750מ""ל",אגודת הכורמים הקואופרטיב,IL,אמרלד ריזלינג,מיליליטרים,750.00,"100 מ""ל",false,0,39.90,5.32,true,1,
7290004685089,false,לחם חמניות 500 גרם,מאפית ברמן,IL,לחם חמניות,גרמים,500.00,100 גרם,false,0,15.90,3.18,true,1,
7290004685430,false,לחם הארץ כוסמין100% 500ג,"י.את.א.ברמן בע""\מ",IL,לחם הארץ כוסמין,גרמים,500.00,100 גרם,false,1,15.90,3.18,true,1,
7290004685478,false,פיתות כוסמין 10יח 550 גר,"מאפיית אורן משי בע""\מ",IL,פיתות כוסמין,גרמים,550.00,100 גרם,false,1,14.90,2.71,true,1,
7290004731083,false,אל סבון כיף ג'ינסנג1ליטר,קוסמופארם בע'\'\מ,IL,אל סבון כיף,ליטרים,1.00,ליטר,false,0,11.90,11.90,true,1,
7290004731410,false,סנו סושי3כרית קרצוף,סנו,IL,כריות קרצוף,יחידה,1.00,יחידה,false,0,10.90,10.90,true,1,
7290004731472,false,אלסבון כיף צבעוני 500*3מ,קוסמופארם בע'\'\מ,IL,אלסבון כיף 3 יח,ליטרים,1.50,ליטר,false,0,14.90,9.94,true,1,
7290004731670,false,דואו פרש פצ'ולי לבנדר300,"סנו מפעלי ברונוס בע""\מ",IL,סנו דואו פרש,מיליליטרים,300.00,"100 מ""ל",false,0,11.90,3.97,true,1,
7290004942083,false,גרעיני חומוס,,IL,גרעיני חומוס,גרמים,500.00,100 גרם,false,0,11.90,2.38,true,1,
7290004944032,false,חומוס אסלי 400 גרם,סלטי שמיר,IL,חומוס אסלי,גרמים,400.00,100 גרם,false,0,10.90,2.73,true,1,
7290004944056,false,חציל במיונז אסלי 400 גרם,סלטי שמיר,IL,חציל במיונז,גרמים,400.00,100 גרם,false,0,10.90,2.73,true,1,
7290004944063,false,תורכי אסלי 400 גרם,סלטי שמיר,IL,תורכי אסלי,גרמים,400.00,100 גרם,false,0,10.90,2.73,true,1,
7290005008481,false,דאו.ספיד סטיק ג'ל ספורט,קולגייט פלמוליב,US,ספיד סטיק ג'ל,גרמים,85.00,100 גרם,false,0,22.90,26.94,true,1,
7290005011405,false,עמבה הודית,,IL,עמבה הודית,גרמים,550.00,100 גרם,false,0,11.90,2.16,true,1,
7290005095269,false,נרות חימום בשקית-שקד 50,סין,CN,נרות חימום,יחידה,1.00,יחידה,false,0,10.90,10.90,true,1,
7290005095405,false,נר נשמה 72 שעות,סין,CN,נר נשמה 72שעות,יחידה,1.00,יחידה,false,0,4.90,4.90,true,1,
7290005095450,false,נר נשמה בכוס 26 שעות יחי,HQP,CN,נר נשמה בכוס,יחידה,1.00,יחידה,false,1,3.90,3.90,true,1,
7290005113482,false,זית ירוק נטול גלעין 3 קג,קבוצת יבנה,IL,"זית חרוזית 3 ק""ג",קילוגרמים,3.00,"ק""ג",false,1,28.90,9.63,true,1,
7290005113888,false,טבעות זיתים שחורים 540 ג,קבוצת יבנה מוצרי מזון,IL,טבעות זיתים שחור,גרמים,540.00,100 גרם,false,1,8.90,1.65,true,1,
7290005113901,false,זית חתוך מרינד 540 גרם,קבוצת יבנה,IL,זיתים חתוכים540ג,גרמים,540.00,100 גרם,false,1,7.90,1.46,true,1,
7290005168475,false,תירוש אדום מובחר 100% 1ל,יקב ציון,IL,תירוש אדום מובחר,ליטרים,1.00,ליטר,false,0,17.90,17.90,true,1,
7290005174513,false,חציל במיונז אחלה 500 גרם,"שטראוס גרופ בע""\מ",IL,סלט חציל מיונז,גרמים,500.00,100 גרם,false,0,15.90,3.18,true,1,
7290005174551,false,חומוס יום יום 125 גרם,"שטראוס גרופ בע""\מ",IL,חומוס יום יום,גרמים,125.00,100 גרם,false,0,4.90,3.92,true,1,
7290005200786,false,תפוצ'יפס ט.שמנת ובצל50גר,"שטראוס פריטו ליי בע""\מ )",IL,תפוצ'יפס שמנת,גרמים,50.00,100 גרם,false,0,3.90,7.80,true,1,
7290005201455,false,קפה נמס ארומה 200 גרם,עלית,PL,קפה נמס ארומה,גרמים,200.00,100 גרם,false,0,24.90,12.45,true,1,
7290005287657,false,ממרח טונה סטארקיסט160גרם,סטארקיסט,TH,ממרח טונה,גרמים,160.00,100 גרם,false,0,7.90,4.94,true,1,
7290005423635,false,ריצפז פלוס דוחה תיקנים2ל,סנו מפעלי ברונוס בעמ,IL,ריצפז דוחה חרקים,ליטרים,2.00,ליטר,false,0,21.90,10.95,true,1,
7290005423871,false,משחת אורביטול145*3ג,טרופיקל דגיל תעשיות קוסמ,IL,משחת שיניים,גרמים,435.00,100 גרם,false,0,15.90,3.66,true,1,
7290005423888,false,אלסבון כיף סגול 500*3מל,קוסמופארם בע'\'\מ,IL,אל סבון כיף 3 יח,ליטרים,1.50,ליטר,false,0,14.90,9.94,true,1,
7290005424403,false,אל סבון כיף אצות ים1ליטר,קוסמופארם בע'\'\מ,IL,אל סבון כיף,ליטרים,1.00,ליטר,false,0,11.90,11.90,true,1,
7290005424762,false,ריצפז+דוחה תיקנים+ווקס2ל,"סנו מפעלי ברונוס בע""\מ",IL,ריצפז פלוס+ווקס,ליטרים,2.00,ליטר,false,0,26.90,13.45,true,1,
7290005424847,false,"מפיות חד שכבתי 30*30 ס""מ",סנו מפעלי ברונוס בעמ,TR,מפיות דו שכבתי,יחידה,1.00,יחידה,false,0,6.90,6.90,true,1,
7290005425646,false,סנוקליר ניקוי חלונות 1ל',"סנו מפעלי ברונוס בע""\מ",IL,סנוקליר 1 ליטר,ליטרים,1.00,ליטר,false,0,9.90,9.90,true,1,
7290005425912,false,ג'ל אוקסיג'ן 4 ליטר,סנו,IL,ג'ל אוקסיג'ן 4ל',ליטרים,4.00,ליטר,false,0,28.90,7.23,true,1,
7290005426193,false,ספוג הפלא סנו סושי 6 יח',סנו מפעלי ברונו בעמ,IL,ספוג סנו סושי,יחידה,1.00,יחידה,false,0,10.90,10.90,true,1,
7290005426568,false,ק.לחות קרמה שיער רגיל400,קוסמופארם בע'\'\מ,IL,קרם לחות קרמה,מיליליטרים,400.00,"100 מ""ל",false,0,19.90,4.98,true,1,
7290005426575,false,ק.לחות קרמה שיער יבש400מ,קוסמופארם בע'\'\מ,IL,קרם לחות קרמה,מיליליטרים,400.00,"100 מ""ל",false,0,19.90,4.98,true,1,
7290005426735,false,אבקת מקסימה BLACK 1.25קג,סנו,IL,אבקת כביסה,קילוגרמים,1.25,"ק""ג",false,0,14.90,11.92,true,1,
7290005426865,false,משחה אורביטול מסטיק 70 ג,טרופיקל דגיל תעשיות קוסמ,IL,משחת שיניים,גרמים,70.00,100 גרם,false,0,8.90,12.71,true,1,
7290005426940,false,300-K פלוס8 קוטל חרקי400,סנו,IL,300-K פלוס,מיליליטרים,400.00,"100 מ""ל",false,0,21.90,5.48,true,1,
7290005427107,false,מגבות נייר סנו סושי 6 גל,סנו מפעלי ברונוס בעמ,IL,מגבות נייר סנו,מטרים,63.00,מטר,false,0,11.90,0.19,true,1,
7290005428852,false,מגבוני סופט פסטל100*5 יח,,IL,מגבוני סופט מארז,יחידה,1.00,יחידה,false,0,14.90,14.90,true,1,
7290005429279,false,מקסימה קומפקט ג'אוול 6קג,סנו מפעלי ברונוס בעמ,IL,אבקת כביסה,קילוגרמים,6.00,"ק""ג",false,0,49.90,8.32,true,1,
7290005429286,false,אבקת מקסימה קומפקט ביו6ק,סנו,IL,אבקת כביסה,קילוגרמים,6.00,"ק""ג",false,0,49.90,8.32,true,1,
7290005430602,false,אוקסיג'ן מ.כתמים,,IL,אוקסיג'ן מ.כתמים,מיליליטרים,750.00,"100 מ""ל",false,0,17.90,2.39,true,1,
7290005430671,false,סנו פוליויקס קרמיקה 2 ל',סנו מפעלי ברונו בעמ,IL,פוליויקס קרמיקה,ליטרים,2.00,ליטר,false,0,21.90,10.95,true,1,
7290005437168,false,שמן זית,,ES,שמן זית,ליטרים,1.00,ליטר,false,0,38.90,38.90,true,1,
7290005437632,false,שמן קנולה,,BE,שמן קנולה,ליטרים,1.00,ליטר,false,0,9.90,9.90,true,1,
7290005489082,false,תרכיז תפוחים 1.2 ליטר,"פרי קטיף מזון בע""מ",IL,תרכיז תפוחים,ליטרים,1.20,ליטר,false,0,30.40,25.33,true,1,
7290005559990,false,בצק פילאס תורקי 600 גרם,"מעדנות בע""\מ",IL,בצק פילאס תורכי,גרמים,600.00,100 גרם,false,0,19.90,3.32,true,1,
7290005576201,false,כרוב לבן מצונן 400גרם,קטיף,IL,כרוב לבן 400 גרם,גרמים,400.00,100 גרם,false,0,14.90,3.73,true,1,
7290005576218,false,כרוב אדום מצונן 400גרם,קטיף,IL,כרוב אדום 400 גר,גרמים,400.00,100 גרם,false,0,14.90,3.73,true,1,
7290005576225,false,סלט קולסלאו מצונן 400גרם,קטיף,IL,קולסלאו 400 גרם,גרמים,400.00,100 גרם,false,0,14.90,3.73,true,1,
7290005576614,false,סלק מקולף ומבושל 500 גרם,.,IL,סלק מקולף ומבושל,גרמים,500.00,100 גרם,false,1,7.90,1.58,true,1,
7290005576904,false,חסה גלאט עלים - יחידה,,IL,חסה טריה ארוזה ג,יחידה,1.00,יחידה,false,1,8.90,8.90,true,1,
7290005576928,false,פטרוזיליה גלאט עלים - יח,,IL,פטרוזיליה גלאט ע,יחידה,1.00,יחידה,false,1,7.90,7.90,true,1,
7290005576935,false,כוסברה גלאט עלים - יחידה,,IL,כוסברה גלאט עלים,יחידה,1.00,יחידה,false,1,7.90,7.90,true,1,
7290005576942,false,שמיר גלאט עלים - יחידה,,IL,שמיר גלאט עלים,יחידה,1.00,יחידה,false,1,7.90,7.90,true,1,
7290005576966,false,סלרי גלאט עלים - יחידה,,IL,סלרי גלאט עלים,יחידה,1.00,יחידה,false,1,8.90,8.90,true,1,
7290005576973,false,סלק עלים גלאט עלים - יח',,IL,סלק עלים גלאט על,יחידה,1.00,יחידה,false,1,8.90,8.90,true,1,
7290005576980,false,בצל ירוק גלאט עלים - יח',,IL,בצל ירוק גלאט על,יחידה,1.00,יחידה,false,1,8.90,8.90,true,1,
7290005576997,false,כרוב לבן גלאט עלים,,IL,כרוב לבן גלאט על,קילוגרמים,0.00,"ק""ג",true,1,16.90,16.90,true,1,
7290005610509,false,צנונית יחידה,קטיף.,IL,צנונית -יח',יחידה,1.00,יחידה,false,0,6.90,6.90,true,1,
7290005896439,false,בירה מכבי,,IL,בירה מכבי,מיליליטרים,500.00,"100 מ""ל",false,0,6.90,1.38,true,1,
7290006251343,false,חליטת פסיפלורה+מנגו25ש3*,ויסוצקי,IL,חליטת פסיפלורה,גרמים,62.00,100 גרם,false,0,17.90,28.87,true,1,
7290006459947,false,"פחם גריל פרימיום 2 ק""ג",,PY,"פחם גריל 2 ק""ג",קילוגרמים,2.00,"ק""ג",false,0,21.90,10.95,true,1,
7290006550972,false,טחון בקר ארוז 1 קג,טיבון ויל אחזקות בעמ,IL,טחון בקר 1קג,גרמים,1000.00,100 גרם,false,0,24.90,2.49,true,1,
7290006664402,false,גבינת סקי5% 750 גרם,"שטראוס בריאות בע""\מ",IL,גבינת סקי5%,גרמים,750.00,100 גרם,false,0,13.90,1.85,true,1,
7290006664655,false,"אקטימל לבן 100*8 מ""ל","שטראוס גרופ בע""\מ",IL,אקטימל לבן 8 יח,מיליליטרים,800.00,"100 מ""ל",false,0,21.90,2.74,true,1,
7290006664990,false,דנונה ביו 1.7% 150*8גרם,"שטראוס גרופ בע""\מ",IL,דנונה ביו 8 יח',קילוגרמים,1.20,"ק""ג",false,0,17.90,14.92,true,1,
7290006739407,false,שניצל תירס 630 גרם,זוגלובק,IL,שניצל תירס,גרמים,630.00,100 גרם,false,0,29.90,4.75,true,1,
7290006764065,false,בירה נשר מאלט בק.חוזר500,"טמפו משקאות בע""\ם.",IL,בירה נשר מאלט,מיליליטרים,500.00,"100 מ""ל",false,0,5.50,1.10,true,1,
7290006764072,false,"גולדסטאר בק.חוזר 500 מ""ל","טמפו משקאות בע""\מ",IL,בירה גולדסטאר,מיליליטרים,500.00,"100 מ""ל",false,0,7.90,1.58,true,1,
7290006775016,false,עוגה תפוז אחוה 450 גרם,"אחדות ביח""ר לטחינה",IL,עוגה תפוז,גרמים,450.00,100 גרם,false,0,9.90,2.20,true,1,
7290006775023,false,עוגה אנגלית אחוה 450 גרם,"אחדות ביח""ר לטחינה",IL,עוגה אנגלית,גרמים,450.00,100 גרם,false,0,9.90,2.20,true,1,
7290006775047,false,עוגת שוקולד 450 גרם,"אחדות ביח""ר לטחינה",IL,עוגת שוקולד,גרמים,450.00,100 גרם,false,0,9.90,2.20,true,1,
7290006775054,false,עוגת שיש 450 גרם,"אחדות ביח""ר לטחינה",IL,עוגת שיש,גרמים,450.00,100 גרם,false,0,9.90,2.20,true,1,
7290006775085,false,עוגת שמרים שוקולד 400גרם,"אחדות ביח""ר לטחינה",IL,עוגת שמרים,גרמים,400.00,100 גרם,false,0,10.90,2.73,true,1,
7290006775191,false,מאפין ממולא שוקולד50גרם,"אחדות ביח""ר לטחינה",IL,מאפין שוקולד50גר,גרמים,50.00,100 גרם,false,0,1.90,3.80,true,1,
7290006775306,false,מאפין ממולא תות 50 גר',"אחדות ביח""ר לטחינה",IL,מאפין ממולא,גרמים,50.00,100 גרם,false,0,1.90,3.80,true,1,
7290006775344,false,עוגת שמרים קינמ.אגוז400ג,"אחדות ביח""ר לטחינה",IL,עוגת שמרים,גרמים,400.00,100 גרם,false,0,10.90,2.73,true,1,
7290006775764,false,"עוגת שוקוציפס ללת""ס400ג","אחדות בע""מ א.ת. ברקן",IL,עוגת שוקוציפס,גרמים,400.00,100 גרם,false,0,11.90,2.98,true,1,
7290006775801,false,רוגעלך 400 גרם,"אחדות ביח""ר לטחינה",IL,רוגלעך,גרמים,400.00,100 גרם,false,0,10.90,2.73,true,1,
7290006788405,false,דאו.קרליין רולאון בורדו,מיוצר עי : אמיליה קוסמטי,IL,דאודורנט קרליין,מיליליטרים,75.00,"100 מ""ל",false,0,12.90,17.20,true,1,
7290006788504,false,דאו.קרליין ספריי סגול200,מיוצר עי : אמיליה קוסמטי,IL,דאודורנט קרליין,מיליליטרים,200.00,"100 מ""ל",false,0,12.90,6.45,true,1,
7290006866363,false,מיץ אשכוליות אדומות 1 ל',גניר,IL,מיץ אשכולית סחוט,ליטרים,1.00,ליטר,false,0,16.90,16.90,true,1,
7290006941466,false,שמן קנולה 1 ליטר,REFINEY GRADOIL,UA,שמן קנולה 1 ליטר,ליטרים,1.00,ליטר,false,1,9.90,9.90,true,1,
7290006983152,false,קרוטונים מתובלים למרק400,עינת תעשיות,IL,קרוטונים מתובלים,גרמים,400.00,100 גרם,false,0,19.90,4.98,true,1,
7290006983176,false,לחמית שיפון 230 גרם,"אסם השקעות בע""\מ",IL,לחמית שיפון אסם,גרמים,230.00,100 גרם,false,0,8.90,3.87,true,1,
7290006983787,false,עוגת שוקולד צ'יפס 400 גר,"אסם השקעות בע""\מ",IL,עוגת שוקוצ'יפס,גרמים,400.00,100 גרם,false,0,12.90,3.23,true,1,
7290006992161,false,דייסת קורנפלור 200 גרם,מטרנה תעשיות ש.מ,IL,דייסת מטרנה,גרמים,200.00,100 גרם,false,0,14.90,7.45,true,1,
7290006992192,false,דייסת סולת 200 גרם,מטרנה תעשיות ש.מ,IL,דייסת סולת מטרנה,גרמים,200.00,100 גרם,false,0,14.90,7.45,true,1,
7290006992208,false,דייסת מטרנה 8 דגנים 200ג,מטרנה תעשיות ש.מ,IL,דייסת מטרנה,גרמים,200.00,100 גרם,false,0,14.90,7.45,true,1,
7290006992390,false,דייסת וניל מטרנה 200 גרם,מטרנה תעשיות ש.מ,IL,דייסת וניל מטרנה,גרמים,200.00,100 גרם,false,0,14.90,7.45,true,1,
7290008023542,false,סיף פנטסטיק רצפ.מרענן4ל',יוניליוור ישראל טיפוח אי,IL,סיף שמפו לרצפות,ליטרים,4.00,ליטר,false,0,19.90,4.98,true,1,
7290008101356,false,פנקו זהוב קריספ 300 גרם,,IL,פנקו זהוב קריספ,גרמים,300.00,100 גרם,false,1,9.90,3.30,true,1,
7290008102469,false,פירורי לחם זהוב קריספ800,,IL,פירורי לחם,גרמים,800.00,100 גרם,false,1,12.90,1.61,true,1,
7290008300100,false,שקיות להקפאה,,,שקיות להקפאה,יחידה,1.00,יחידה,false,0,9.90,9.90,true,1,
7290008300483,false,200שקיות סנדויץ 17X27 LD,בריזה,IL,שקיות סנדויץ,יחידה,1.00,יחידה,false,0,9.90,9.90,true,1,
7290008343466,false,בצק פילו 500 גרם,"שגמור בע""מ",IL,בצק פילו 500 גרם,גרמים,500.00,100 גרם,false,0,19.90,3.98,true,1,
7290008343565,false,סיגרים תפו'א 1 ק'ג שלוש,"שלושת האופים בע""\מ",IL,"סיגרים תפו""א",קילוגרמים,1.00,"ק""ג",false,0,19.90,19.90,true,1,
7290008343619,false,"פסטלים תפו""א 1קג משלוש י","שלושת האופים בע""\מ",IL,"פסטלים תפו""א",קילוגרמים,1.00,"ק""ג",false,0,19.90,19.90,true,1,
7290008343626,false,פלאפל 1קג,"שלושת האופים בע""\מ",IL,פלאפל 1 ק'ג,גרמים,1000.00,100 גרם,false,0,19.90,1.99,true,1,
7290008443616,false,מרכך נקה 7 לשיר יבש 750מ,אמיליה קוסמטיקס בעמ,IL,קונדישנר נקה 7,מיליליטרים,750.00,"100 מ""ל",false,0,11.90,1.59,true,1,
7290008443630,false,שמפו נקה7 שיער מתולתל750,אמיליה קוסמטיקס בע'\'\מ,IL,שמפו נקה 7,מיליליטרים,750.00,"100 מ""ל",false,0,11.90,1.59,true,1,
7290008464611,false,"הסודה של טמפו 275 מ""ל",טמפו משקאות בעמ,IL,הסודה של טמפו,מיליליטרים,275.00,"100 מ""ל",false,1,3.90,1.42,true,1,
7290008464741,false,"בירה גולדסטאר בק330*6מ""ל","טמפו משקאות בע""\מ",IL,גולדסטאר 6 יח',ליטרים,1.98,ליטר,false,0,38.90,19.65,true,1,
7290008482561,false,פודינג שוקולד 85 גר,י.כהן,IL,פודינג שוקולד85ג,גרמים,85.00,100 גרם,false,1,4.90,5.76,true,1,
7290008482578,false,פודינג וניל קרטונטה85 גר,י.כהן,IL,פודינג וניל85 גר,גרמים,85.00,100 גרם,false,1,4.90,5.76,true,1,
7290008493703,false,בייגלה שמיניות מלח 300ג',מאיר בייגל,IL,בייגלה שמיניות,גרמים,300.00,100 גרם,false,0,7.90,2.63,true,1,
7290008636018,false,כפתורי שוקולד שמיניה,מיה,IL,כפתורי שוקולד,יחידה,1.00,יחידה,false,0,10.90,10.90,true,1,
7290008644112,false,סלט מטבוחה יום יום 125גר,"שטראוס גרופ בע""\מ",IL,מטבוחה יום יום,גרמים,125.00,100 גרם,false,0,4.90,3.92,true,1,
7290008645935,false,חומוס אחלה 750 גרם,"שטראוס גרופ בע""\מ",IL,חומוס אחלה,גרמים,750.00,100 גרם,false,0,9.90,1.32,true,1,
7290008745239,false,תפוצ'יפס קראנצ' טעם טבעי,"שטראוס פריטו ליי בע""\מ )",IL,תפוצ'יפס קראנצ',גרמים,50.00,100 גרם,false,0,3.90,7.80,true,1,
7290008747547,false,תפוציפס קראנצ' ט.טבעי200,"שטראוס פריטו ליי בע""\מ )",IL,תפוצ'יפס קראנצ',גרמים,200.00,100 גרם,false,0,10.90,5.45,true,1,
7290008753111,false,תפוצ'יפס מקסיקני 50 גרם,"שטראוס פריטו ליי בע""\מ )",IL,תפוצ'יפס קראנצ',גרמים,50.00,100 גרם,false,0,3.90,7.80,true,1,
7290008757072,false,שוופס תות מוגז פחית330מל,יפאורה תבורי בעמ,IL,שוופס תות פחית,מיליליטרים,330.00,"100 מ""ל",false,0,5.30,1.61,true,1,
7290008775816,false,ערגליות שוקו 300 גרם,"אסם השקעות בע""\מ",IL,ערגליות שוקו,גרמים,300.00,100 גרם,false,0,9.90,3.30,true,1,
7290008775823,false,ערגליות תות 300 גרם,"אסם השקעות בע""\מ",IL,ערגליות תות,גרמים,300.00,100 גרם,false,0,9.90,3.30,true,1,
7290008801157,false,מרלו סלקטד,,IL,מרלו סלקטד,מיליליטרים,750.00,"100 מ""ל",false,0,29.90,3.99,true,1,
7290008801522,false,"יין קונקורד 750מ""ל",אגודת הכורמים הקואופרטיב,IL,יין קונקורד,מיליליטרים,750.00,"100 מ""ל",false,0,19.90,2.65,true,1,
7290008801546,false,"מוסקט קינג דיווד 750 מ""ל",אגודת הכורמים הקואופרטיב,IL,מוסקט קינג דיווד,מיליליטרים,750.00,"100 מ""ל",false,0,19.90,2.65,true,1,
7290008801843,false,קברנה סוביניון,,IL,קברנה סוביניון,מיליליטרים,750.00,"100 מ""ל",false,0,29.90,3.99,true,1,
7290008804462,false,"מוסקט קינוח P.C 500 מ""ל",אגודת הכורמים הקואופרטיב,IL,מוסקט קינוח,מיליליטרים,500.00,"100 מ""ל",false,0,39.90,7.98,true,1,
7290008805520,false,קברנה מרלו סלקטד,,IL,קברנה מרלו סלקטד,מיליליטרים,750.00,"100 מ""ל",false,0,29.90,3.99,true,1,
7290008989299,false,גרנולה 350 גר,,IL,גרנולה 350 גר,גרמים,350.00,100 גרם,false,0,12.90,3.69,true,1,
7290008989473,false,ממרח חרובים,,IL,ממרח חרובים,גרמים,350.00,100 גרם,false,0,12.90,3.69,true,1,
7290008989848,false,חמאת בוטנים,,IL,חמאת בוטנים,גרמים,350.00,100 גרם,false,0,12.90,3.69,true,1,
7290009147179,true,פלאנקן בקר קפוא,גלאט עוף,IL,פלאנקן בקר קפוא,קילוגרמים,0.00,"ק""ג",true,1,89.90,89.90,true,1,
7290009147223,true,שריר הזרוע בקר {8},גלאט עוף,IL,שריר הזרוע{8},קילוגרמים,0.00,"ק""ג",true,1,99.90,99.90,true,1,
7290009950151,true,בירה מצוננת500מל,,,בירה מצוננת500מל,מיליליטרים,500.00,"100 מ""ל",false,0,12.90,2.58,true,1,
7290009952674,true,"משקה מצונן 330 מ""ל",,IL,משקה מצונן330מל,מיליליטרים,330.00,"100 מ""ל",false,0,6.30,1.91,true,1,
7290009952698,true,"משקה מצונן 250 מ""ל",,IL,משקה מצונן250מל,מיליליטרים,250.00,"100 מ""ל",false,0,5.80,2.32,true,1,
7290009952858,true,משקה מצונן 1ל,,,משקה מצונן 1ל,ליטרים,1.00,ליטר,false,0,8.80,8.80,true,1,
7290009954999,true,מים מצוננים500מל,,IL,מים מצוננים500מל,מיליליטרים,500.00,"100 מ""ל",false,0,5.90,1.18,true,1,
7290009955019,true,משקה מצונן 1.5ל,,IL,משקה מצונן 1.5ל,ליטרים,1.50,ליטר,false,0,11.00,7.33,true,1,
7290010023141,false,חל.לימונענע גן קסום25שק',ויסוצקי,IL,חליטת לימונענע,גרמים,55.00,100 גרם,false,0,17.90,32.55,true,1,
7290010068005,false,פופקורן בוואקום,,IL,פופקורן בוואקום,גרמים,500.00,100 גרם,false,0,9.90,1.98,true,1,
7290010068029,false,גריסי פנינה פרמיום 500 ג,כיטוב,IL,גריסי פנינה,גרמים,500.00,100 גרם,false,1,11.90,2.38,true,1,
7290010068036,false,עדשים ירוקים,,IL,עדשים ירוקים,גרמים,500.00,100 גרם,false,0,9.90,1.98,true,1,
7290010068043,false,עדשים אדומים,,IL,עדשים אדומים,גרמים,500.00,100 גרם,false,0,11.90,2.38,true,1,
7290010068074,false,שעועית לבנה,,IL,שעועית לבנה,גרמים,500.00,100 גרם,false,0,11.90,2.38,true,1,
7290010068081,false,כוסמת קלויה,,IL,כוסמת קלויה,גרמים,500.00,100 גרם,false,0,11.90,2.38,true,1,
7290010068098,false,חיטה,,IL,חיטה,גרמים,500.00,100 גרם,false,0,8.90,1.78,true,1,
7290010068104,false,שעועית אדומה,,IL,שעועית אדומה,גרמים,500.00,100 גרם,false,0,11.90,2.38,true,1,
7290010068111,false,גריסי פנינה,,IL,גריסי פנינה,גרמים,500.00,100 גרם,false,0,8.90,1.78,true,1,
7290010068128,false,אפונה יבשה,,IL,אפונה יבשה,גרמים,500.00,100 גרם,false,0,8.90,1.78,true,1,
7290010068142,false,"אורז בסמטי פרימיום 1 ק""ג",כיטוב,IL,אורז בסמטי,קילוגרמים,1.00,"ק""ג",false,0,21.90,21.90,true,1,
7290010068173,false,בורגול,,IL,בורגול,גרמים,500.00,100 גרם,false,0,8.90,1.78,true,1,
7290010068227,false,קינואה,,,קינואה,גרמים,300.00,100 גרם,false,0,14.90,4.97,true,1,
7290010068234,false,שומשום מלא,,,שומשום מלא,גרמים,200.00,100 גרם,false,0,9.90,4.95,true,1,
7290010068265,false,חומוס לבן,,,חומוס לבן,גרמים,500.00,100 גרם,false,0,12.90,2.58,true,1,
7290010068272,false,"אורז עגול פרימיום 1 ק""ג",כיטוב,IL,"אורז עגול 1 ק""ג",קילוגרמים,1.00,"ק""ג",false,1,17.90,17.90,true,1,
7290010068289,false,פרג נקי,,IL,פרג נקי,גרמים,150.00,100 גרם,false,0,9.90,6.60,true,1,
7290010068524,false,אורז עממי בואקום,,IL,אורז עממי בואקום,גרמים,1000.00,100 גרם,false,0,10.90,1.09,true,1,
7290010068531,false,"אורז קלאסי בוואקום 1 ק""ג",ע.רן שיווק,IL,אורז קלאסי,קילוגרמים,1.00,"ק""ג",false,1,12.90,12.90,true,1,
7290010068708,false,קוואקר שקית,,IL,קוואקר שקית,גרמים,500.00,100 גרם,false,0,11.90,2.38,true,1,
7290010068753,false,קוסקוס נקי בוואקום 350 ג,,IL,קוסקוס,גרמים,350.00,100 גרם,false,1,9.90,2.83,true,1,
7290010068906,false,אורז מלא,,,אורז מלא,קילוגרמים,1.00,"ק""ג",false,0,15.90,15.90,true,1,
7290010116980,false,שוקולית 850 גרם,שטראוס קפה בי.וי.,IL,שוקולית עלית,גרמים,850.00,100 גרם,false,0,16.90,1.99,true,1,
7290010117864,false,דוריטוס בטעם חריף אש70גר,"שטראוס פריטו ליי בע""\מ )",IL,דוריטוס חריף,גרמים,70.00,100 גרם,false,0,3.50,5.00,true,1,
7290010119240,false,תפוצ'יפס טבעי 12יח18Xגרם,"שטראוס פריטו ליי בע""\מ )",IL,תפוצ'יפס 12 יח,גרמים,216.00,100 גרם,false,0,14.90,6.90,true,1,
7290010129003,false,עוגיות אוזניים 600 גרם,ק.א. ומשווק בבלעדיות על,IL,עוגיות אוזניים,גרמים,600.00,100 גרם,false,0,17.90,2.98,true,1,
7290010129010,false,עוג.כתר במילוי ריבה 600ג,ק.א. ומשווק בבלעדיות על,IL,עוגיות כתר ריבה,גרמים,600.00,100 גרם,false,0,17.90,2.98,true,1,
7290010129027,false,עוגיות מרוקאיות 600 גרם,דולצ'ה ויטה,IL,עוגיות מרוקאיות,גרמים,600.00,100 גרם,false,0,17.90,2.98,true,1,
7290010129324,false,עוגיות מעמול 600 גרם,ק.א. ומשווק בבלעדיות על,IL,עוגיות מעמול,גרמים,600.00,100 גרם,false,0,17.90,2.98,true,1,
7290010129553,false,עוג.מערוד רולדה תמרים600,ק.א. ומשווק בבלעדיות על,IL,עוגיות רולדה,גרמים,600.00,100 גרם,false,1,17.90,2.98,true,1,
7290010153503,false,שעועית ענק 400 גרם,מיה תעשיות מזון מ.ת.מ. ב,IL,שעועית ענק,גרמים,400.00,100 גרם,false,0,9.90,2.48,true,1,
7290010153510,false,בורגול 500 גרם,מיה תעשיות מזון מ.ת.מ. ב,IL,בורגול,גרמים,500.00,100 גרם,false,0,5.90,1.18,true,1,
7290010153688,false,חומץ טבעי %5 1 ליטר,מיה,IL,חומץ טבעי,מיליליטרים,1000.00,"100 מ""ל",false,0,6.90,0.69,true,1,
7290010153817,false,ריבת חלב 400 גרם,מיה תעשיות מזון מ.ת.מ. ב,IL,ריבת חלב,גרמים,400.00,100 גרם,false,0,11.90,2.98,true,1,
7290010153848,false,פפריקה מרוקאית בשמן 80 ג,מיה תעשיות מזון מ.ת.מ. ב,IL,פפריקה בשמן,גרמים,80.00,100 גרם,false,0,6.90,8.63,true,1,
7290010153862,false,פלפל שחור גרוס 70 גרם,מיה תעשיות מזון מ.ת.מ. ב,IL,פלפל שחור גרוס,גרמים,70.00,100 גרם,false,0,9.90,14.14,true,1,
7290010153879,false,ריבת חלב טעם שמנת 400גר,מיה תעשיות מזון מ.ת.מ. ב,IL,ריבת חלב ט.שמנת,גרמים,400.00,100 גרם,false,0,11.90,2.98,true,1,
7290010193387,false,תה מעושן 400 גרם,גלאט עוף,IL,תה מעושן,גרמים,400.00,100 גרם,false,0,24.90,6.23,true,1,
7290010193431,false,סלמי מובחר 200 גרם,גלאט עוף,IL,סלמי מובחר200גרם,גרמים,200.00,100 גרם,false,0,14.90,7.45,true,1,
7290010193448,false,פסטרמה רומנית 400 גרם,גלאט עוף,IL,פסטרמה רומנית,גרמים,400.00,100 גרם,false,0,34.90,8.73,true,1,
7290010193479,false,מעדן שווארמה 200 גרם,גלאט עוף,IL,מעדן שווארמה200ג,גרמים,200.00,100 גרם,false,0,15.90,7.95,true,1,
7290010193486,false,חזה הודו מעושן 400 גרם,גלאט עוף,IL,חזה הודו מעושן,גרמים,400.00,100 גרם,false,0,34.90,8.73,true,1,
7290010193608,false,נקניקיות עוף 3יח300*גרם,גלאט עוף,IL,נקניקיות עוף,גרמים,900.00,100 גרם,false,0,24.90,2.77,true,1,
7290010193837,false,"נגיסי עוף 2 ק""ג",גלאט עוף,IL,נגיסי עוף,קילוגרמים,2.00,"ק""ג",false,0,59.90,29.95,true,1,
7290010193851,false,"שניצל אמריקאי 2 ק""ג",גלאט עוף,IL,שניצל אמריקאי,קילוגרמים,2.00,"ק""ג",false,0,59.90,29.95,true,1,
7290010193998,false,קישקע פרווה 700 גרם,גלאט עוף,IL,קישקע פרווה,גרמים,700.00,100 גרם,false,1,19.90,2.84,true,1,
7290010259847,false,מנת השף נודלס,,TH,מנת השף נודלס,גרמים,70.00,100 גרם,false,0,5.90,8.43,true,1,
7290010259854,false,מנת השף נודלס,,TH,מנת השף נודלס,גרמים,70.00,100 גרם,false,0,5.90,8.43,true,1,
7290010328093,false,ממרח חלוה אחוה 400 גרם,"אחדות ביח""ר לטחינה",IL,ממרח חלוה,גרמים,400.00,100 גרם,false,0,11.90,2.98,true,1,
7290010328178,false,חלוה מסולסלת 250 גרם,אחווה,IL,חלוה מסולסלת,גרמים,250.00,100 גרם,false,0,11.90,4.76,true,1,
7290010328239,false,טחינה מתובלת שומשום 500ג,"אחדות בע""מ א.ת. ברקן",IL,טחינה מתובלת,גרמים,500.00,100 גרם,false,0,11.90,2.38,true,1,
7290010328680,false,עוגת שוקוצ'יפס לבן אחוה,,IL,עוגת שוקולד450גר,גרמים,450.00,100 גרם,false,1,9.90,2.20,true,1,
7290010328734,false,ממרח שומשום עם סילאן400ג,,IL,ממרח שומשום400גר,גרמים,400.00,100 גרם,false,1,11.90,2.98,true,1,
7290010328819,false,"ממרח טחינה שוק.ללת""ס400ג",אחדות,IL,ממרח טחינה,גרמים,400.00,100 גרם,false,1,11.90,2.98,true,1,
7290010328895,false,מאפין שוקולד אישי אחוה,אחדות,IL,מאפין שוקולד45ג,גרמים,45.00,100 גרם,false,1,1.90,4.22,true,1,
7290010328901,false,מאפין וניל אישי אחוה,.,IL,מאפין בטעם וניל,גרמים,45.00,100 גרם,false,1,1.90,4.22,true,1,
7290010471669,false,דנונה בר תות קורנפ175.גר,"שטראוס בריאות בע""\מ",IL,דנונה בר תות,גרמים,175.00,100 גרם,false,0,4.90,2.80,true,1,
7290010827886,false,מגבונים לתינוק 72 דף,דינמיק,IL,מגבונים לתינוק,יחידה,1.00,יחידה,false,1,1.90,1.90,true,1,
7290010838219,false,ממתיק סטיביה 100שק,"קיפל טבליות וממתיקים בע""",IL,ממתיק מרמולייט,גרמים,100.00,100 גרם,false,0,27.90,27.90,true,1,
7290010931330,false,סלט מטבוחה 500 גרם,"שטראוס גרופ בע""\מ",IL,סלט מטבוחה אחלה,גרמים,500.00,100 גרם,false,0,15.90,3.18,true,1,
7290010967537,false,חטיף תירס טעם קטשופ 60 ג,חטיפי העמק,IL,חטיף טעם קטשופ,גרמים,60.00,100 גרם,false,0,3.90,6.50,true,1,
7290010967544,false,חטיף תירס קלאסי באפי,חטיפי העמק,IL,חטיף תירס 60 גרם,גרמים,60.00,100 גרם,false,0,3.90,6.50,true,1,
7290011018917,false,"קוקה קולה זירו 330*6 מ""ל",החברה המרכזית לייצור משק,IL,קוקה קולה זירו6י,ליטרים,1.98,ליטר,false,0,24.50,12.37,true,1,
7290011126452,false,חליטת קמומיל+נענע25ש1.5*,ויסוצקי,IL,חליטת קמומיל,גרמים,37.00,100 גרם,false,0,17.90,48.38,true,1,
7290011154042,false,"ממרח תמרים בד""ץ 450 גרם",,IL,"ממרח תמרים בד""ץ",גרמים,450.00,100 גרם,false,1,5.90,1.31,true,1,
7290011154103,false,"רסק תפו""ע",,IL,"רסק תפו""ע",גרמים,560.00,100 גרם,false,0,7.90,1.41,true,1,
7290011154110,false,"רסק תפו""ע",,IL,"רסק תפו""ע",גרמים,560.00,100 גרם,false,0,7.90,1.41,true,1,
7290011154301,false,ממרח תמרים 450 ג,,IL,ממרח תמרים 450 ג,גרמים,450.00,100 גרם,false,0,5.90,1.31,true,1,
7290011154318,false,סילאן טבעי ללא סוכר 900,טעמי הגליל,IL,סילאן טבעי,גרמים,900.00,100 גרם,false,1,21.90,2.43,true,1,
7290011164539,false,סוכריות טופי,,BR,סוכריות טופי,גרמים,600.00,100 גרם,false,0,15.90,2.65,true,1,
7290011164546,false,סוכריות טופי,,BR,סוכריות טופי,גרמים,600.00,100 גרם,false,0,15.90,2.65,true,1,
7290011174156,false,תירס גרעינים ויטה 550גרם,פרי הגליל בעמ,IL,תירס גרעינים,גרמים,550.00,100 גרם,false,0,5.90,1.07,true,1,
7290011174187,false,אפונה גינה ויטה 580 גרם,פרי גליל,IL,אפונה גינה,גרמים,580.00,100 גרם,false,0,5.90,1.02,true,1,
7290011174392,false,שעועית לבנה אפויה 570 גר,פרי הגליל בעמ,IL,שעועית אפויה,גרמים,570.00,100 גרם,false,0,5.90,1.04,true,1,
7290011194246,false,קוטג' 5% שומן 250 גרם,"שטראוס בריאות בע""\מ",IL,קוטג' 5% שומן,גרמים,250.00,100 גרם,false,0,6.50,2.60,true,1,
7290011249212,false,וופל בלגי בטעם לימון200ג,גילרו,IL,וופל 200 גרם,גרמים,200.00,100 גרם,false,1,3.90,1.95,true,1,
7290011249748,false,רולים בטעם שוקו,,IL,רולים בטעם שוקו,גרמים,100.00,100 גרם,false,0,3.90,3.90,true,1,
7290011249755,false,רולים טעם אגוז,,IL,רולים טעם אגוז,גרמים,100.00,100 גרם,false,0,3.90,3.90,true,1,
7290011254483,false,סוכ.ללא סוכר אפרסק 80 גר,מיה תעשיות מזון מ.ת.מ. ב,IL,סוכריות ללא סוכר,גרמים,80.00,100 גרם,false,0,6.90,8.63,true,1,
7290011254490,false,סוכ.ללא סוכר פירות יער80,מיה תעשיות מזון מ.ת.מ. ב,IL,סוכריות ללא סוכר,גרמים,80.00,100 גרם,false,0,6.90,8.63,true,1,
7290011254582,false,חמוציות חתוכות 150 גרם,מיה תעשיות מזון מ.ת.מ. ב,IL,חמוציות,גרמים,150.00,100 גרם,false,0,7.90,5.27,true,1,
7290011254698,false,"שמן זית 750 מ""ל",מיה,ES,שמן זית,מיליליטרים,750.00,"100 מ""ל",false,0,29.90,3.99,true,1,
7290011254728,false,ג'לטין טהור מיה 25 גרם,מיה תעשיות מזון מ.ת.מ. ב,IL,ג'לטין טהור,גרמים,25.00,100 גרם,false,0,10.90,43.60,true,1,
7290011254759,false,שעועית שחורה 500 גרם,מיה תעשיות מזון מ.ת.מ. ב,IL,שעועית שחורה,גרמים,500.00,100 גרם,false,0,9.90,1.98,true,1,
7290011254810,false,סוכריות ג'לי פירות 125 ג,מיה תעשיות מזון מ.ת.מ. ב,IL,סוכריות גלי 125ג,גרמים,125.00,100 גרם,false,0,5.90,4.72,true,1,
7290011254841,false,סוכריות ג'לי חמוץ 125 גר,מיה תעשיות מזון מ.ת.מ. ב,IL,סוכריות גלי 125ג,גרמים,125.00,100 גרם,false,0,5.90,4.72,true,1,
7290011254858,false,סוכריות ג'לי טרופי 125 ג,,IL,סוכריות ג'לי בטע,יחידה,1.00,יחידה,false,1,5.90,5.90,true,1,
7290011254964,false,סוכריות ג'לי טבעי 25ג10*,מיה תעשיות מזון מ.ת.מ. ב,IL,סוכריות גלי10*25,גרמים,250.00,100 גרם,false,0,10.90,4.36,true,1,
7290011431341,false,מזלג איכותי חד פעמי 100,,TR,מזלג חד פעמי,יחידה,1.00,יחידה,false,1,7.90,7.90,true,1,
7290011431358,false,כפיות איכותי חד פעמי 100,,TR,כפיות חד פעמי,יחידה,1.00,יחידה,false,1,7.90,7.90,true,1,
7290011438142,false,"משקה חלב בטעם קפה 350מ""ל",מחלבת יטבתה,IL,משקה חלב קפה,מיליליטרים,350.00,"100 מ""ל",false,0,6.50,1.86,true,1,
7290011447014,false,דייסת סלט פירות 200 גרם,מטרנה תעשיות ש.מ,IL,דייסת מטרנה,גרמים,200.00,100 גרם,false,0,14.90,7.45,true,1,
7290011447359,false,מטרנה מהדרין שלב 1 700גר,מטרנה תעשיות ש.מ,IL,מטרנה מהדרין,גרמים,700.00,100 גרם,false,0,53.90,7.70,true,1,
7290011447373,false,מטרנה מהדרין שלב 2 700גר,מטרנה תעשיות ש.מ,IL,מטרנה מהדרין,גרמים,700.00,100 גרם,false,0,53.90,7.70,true,1,
7290011489694,false,פירורי בסקוויט וניל300ג,אפיפית,IL,פירורי בסקוויט,גרמים,300.00,100 גרם,false,0,5.90,1.97,true,1,
7290011489700,false,פירורי בסקוויט שוקו300ג,אפיפית,IL,פירורי בסקוויט,גרמים,300.00,100 גרם,false,0,5.90,1.97,true,1,
7290011575809,false,הגרטי מבריק כלי כסף 200,דיוורסי,BE,מבריק כלי כסף,מיליליטרים,200.00,"100 מ""ל",false,0,29.90,14.95,true,1,
7290011765446,false,משחה אורביטול ענבים 70 ג,טרופיקל דגיל תעשיות קוסמ,IL,משחת שיניים,גרמים,70.00,100 גרם,false,0,8.90,12.71,true,1,
7290011800840,false,טחינה בלאדי רפי כהן 400ג,סלטי צבר,IL,סלט טחינה בלאדי,גרמים,400.00,100 גרם,false,0,15.90,3.98,true,1,
7290011877866,false,"א.כביסה מקסימה מאסק 6ק""ג","סנו מפעלי ברונוס בע""\מ",IL,אבקת כביסה,קילוגרמים,6.00,"ק""ג",false,0,49.90,8.32,true,1,
7290011931162,false,"סוכרלוז נוזלי 220 מ""ל",ביסקול בע''מ,IL,סוכרלוז נוזלי,מיליליטרים,220.00,"100 מ""ל",false,0,27.90,12.68,true,1,
7290011977665,false,סרדינים ברוטב,,,סרדינים ברוטב,גרמים,125.00,100 גרם,false,0,4.90,3.92,true,1,
7290012001321,false,מתבל עגבניות 567 גרם,היינץ,US,מתבל עגבניות,גרמים,567.00,100 גרם,false,0,9.90,1.75,true,1,
7290012025822,false,סלט סלק אסלי 400 גרם,סלטי שמיר,IL,סלט סלק,גרמים,400.00,100 גרם,false,1,10.90,2.73,true,1,
7290012025839,false,מטבוחה אסלי 400 גרם,סלטי שמיר,IL,מטבוחה אסלי,גרמים,400.00,100 גרם,false,0,10.90,2.73,true,1,
7290012116612,false,4 מברשות שיניים אורביטול,קוסמופארם,CN,4 מברשות שיניים,יחידה,1.00,יחידה,false,0,12.90,12.90,true,1,
7290012116735,false,נ.טואלט סופט גל.כפול24גל,סנו מפעלי ברונוס בעמ,IL,נייר טואלט סופט,מטרים,900.00,100 מטר,false,0,39.90,4.43,true,1,
7290012117091,false,אב.כביסה מקסימה,,IL,אב.כביסה מקסימה,קילוגרמים,6.00,"ק""ג",false,0,49.90,8.32,true,1,
7290012117275,false,סנוקליר שקית מילוי 750מל,סנו מפעלי ברונו בעמ,IL,סנוקליר מילוי,מיליליטרים,750.00,"100 מ""ל",false,0,6.90,0.92,true,1,
7290012117350,false,סנו ריצפז פרש לילך 2ליטר,"סנו מפעלי ברונוס בע""\מ",IL,סנו ריצפז,ליטרים,2.00,ליטר,false,0,17.90,8.95,true,1,
7290012117534,false,מרכ.מקסימה ס.מרוכז קול1ל,"סנו מפעלי ברונוס בע""\מ",IL,מקסימה ס.מרוכז,ליטרים,1.00,ליטר,false,0,16.90,16.90,true,1,
7290012117558,false,מרכ.מקסימה ס.מרוכז מסק1ל,"סנו מפעלי ברונוס בע""\מ",IL,מקסימה ס.מרוכז,ליטרים,1.00,ליטר,false,0,16.90,16.90,true,1,
7290012227592,false,זוג כפרית חרמון+תה350*2ג,זוגלובק,IL,זוג חרמון+תה,גרמים,700.00,100 גרם,false,0,29.90,4.27,true,1,
7290012227608,false,חרמון+ברביקיו 300*2 גרם,זוגלובק,IL,חרמון+ברביקיו,גרמים,600.00,100 גרם,false,0,29.90,4.98,true,1,
7290012227615,false,נקניקיות עוף 800 גרם,זוגלובק,IL,נקניקיות עוף800ג,גרמים,800.00,100 גרם,false,0,22.90,2.86,true,1,
7290012227738,false,סלמי תה מעושן מחפוד370ג,זוגלובק,IL,סלמי תה מעושן,גרמים,370.00,100 גרם,false,1,21.90,5.92,true,1,
7290012227769,false,פסטרמה ברביקיו מחפוד 400,זוגלובק,IL,פסטרמה ברביקיו,גרמים,400.00,100 גרם,false,1,21.90,5.48,true,1,
7290012227783,false,תה מעושן מחפוד 400 גרם,זוגלובק,IL,תה מעושן,גרמים,400.00,100 גרם,false,1,21.90,5.48,true,1,
7290012228407,false,"נקניקיות ג'מבו 1.5 ק""ג",זוגלובק,IL,נקניקיות גמבו,קילוגרמים,1.50,"ק""ג",false,1,34.90,23.27,true,1,
7290012228612,false,חזה עוף הודו+בקביקיו,זוגלובק,IL,זוג חזה עוף,גרמים,600.00,100 גרם,false,1,32.90,5.48,true,1,
7290012228629,false,נקניקיות עוף 800 גרם,זוגלובק,IL,נקניקיות עוף,גרמים,800.00,100 גרם,false,1,24.90,3.11,true,1,
7290012228766,false,קבנוס מחפוד 120 גרם,,IL,קבנוס 120 גרם,גרמים,120.00,100 גרם,false,1,12.90,10.75,true,1,
7290012335518,false,חומץ %5,,,חומץ %5,ליטרים,1.00,ליטר,false,0,4.50,4.50,true,1,
7290012367717,false,ק.ידיים שיבולת שועל 150מ,פישר מעבדות פרמצבטיות בע,IL,קרם ידיים,מיליליטרים,150.00,"100 מ""ל",false,0,14.90,9.93,true,1,
7290012372100,false,"קמח חיטה 80% 1 ק""ג","סופר קמח רובינפלד בע""מ",IL,קמח חיטה,קילוגרמים,1.00,"ק""ג",false,0,10.90,10.90,true,1,
7290012372155,false,"קמח כוסמין 80% 1 ק""ג","סופר קמח רובינפלד בע""מ",IL,קמח כוסמין,קילוגרמים,1.00,"ק""ג",false,1,17.90,17.90,true,1,
7290012372247,false,קמח כוסמין לבן מנופה 1קג,"סופר קמח רובינפלד בע""מ",IL,קמח כוסמין,קילוגרמים,1.00,"ק""ג",false,1,17.90,17.90,true,1,
7290012454578,false,קישוט לעוגה,,IL,קישוט לעוגה,גרמים,70.00,100 גרם,false,0,5.90,8.43,true,1,
7290012454943,false,150 חמוציות שלמות בשקית,מיה תעשיות מזון מ.ת.מ. ב,IL,חמוציות שלמות,גרמים,150.00,100 גרם,false,0,12.90,8.60,true,1,
7290012818035,false,חטיף בוטנים ספיידר25*10ג,"10 ברוס ע.ט בע""מ",IL,ספיידר במארז,גרמים,250.00,100 גרם,false,1,7.90,3.16,true,1,
7290012818073,false,צ'יק צ'אק בצל 190 גרם,"10 ברוס ע.ט בע""מ",IL,צ'יק צ'אק בצל,גרמים,190.00,100 גרם,false,1,3.90,2.05,true,1,
7290012818080,false,ספיידר חטיף בוטנים 80 גר,"10 ברוס ע.ט בע""מ",IL,ספיידר בוטנים,גרמים,80.00,100 גרם,false,1,2.90,3.63,true,1,
7290012818219,false,צ'יק צ'אק גריל 190 גרם,"10 ברוס ע.ט בע""מ",IL,צ'יק צ'אק גריל,גרמים,190.00,100 גרם,false,1,3.90,2.05,true,1,
7290012818523,false,צ'יק צ'אק ברבקיו 190 גרם,"10 ברוס ע.ט בע""מ",IL,צ'יק צ'אק ברבקיו,גרמים,190.00,100 גרם,false,1,3.90,2.05,true,1,
7290012818530,false,צ'יק צ'אק פיצה 190 גרם,"10 ברוס ע.ט בע""מ",IL,צ'יק צ'אק פיצה,גרמים,190.00,100 גרם,false,1,3.90,2.05,true,1,
7290012823381,false,מקסימה ס.מרוכז סנסטיב 1ל,"סנו מפעלי ברונוס בע""\מ",IL,מרכך כביסה,ליטרים,1.00,ליטר,false,0,16.90,16.90,true,1,
7290012864025,false,נבטים אלפלפא יחידה,נבטי העמק,IL,נבטים אלפלפא,יחידה,1.00,יחידה,false,0,5.90,5.90,true,1,
7290012929779,false,פסטה ספירלה,,TR,פסטה ספירלה,גרמים,500.00,100 גרם,false,0,4.90,0.98,true,1,
7290012929786,false,פסטה צינורות,,TR,פסטה צינורות,גרמים,500.00,100 גרם,false,0,4.90,0.98,true,1,
7290012929793,false,ספגטי חיטה מלאה,,TR,ספגטי חיטה מלאה,גרמים,500.00,100 גרם,false,0,4.90,0.98,true,1,
7290012938740,false,משחת סנסודיין פרש מינט75,MICLEN DE,GB,משחת סנסודיין,מיליליטרים,75.00,"100 מ""ל",false,0,19.90,26.53,true,1,
7290012982873,false,"פילה אמנון קפוא 7-9 בד""ץ",ג.עופר,IL,פילה אמנון 7-9,קילוגרמים,0.00,"ק""ג",true,1,26.90,26.90,true,1,
7290013117212,false,בורקס פילו גבינה 600 גרם,"מעדנות בע""\מ",IL,בורקס גבינה,גרמים,600.00,100 גרם,false,0,17.90,2.98,true,1,
7290013117229,false,"בורקס פילו תפו""א 600 גרם","מעדנות בע""\מ",IL,"בורקס תפו""א",גרמים,600.00,100 גרם,false,0,17.90,2.98,true,1,
7290013144171,false,תערובת עוגת שוקולד560גרם,א.ל ייצור ושיווק תבלינים,IL,תערובת לעוגה,גרמים,560.00,100 גרם,false,0,14.90,2.66,true,1,
7290013144188,false,תערובת בראונס 600 גרם,א.ל ייצור ושיווק תבלינים,IL,תערובת בראונס,גרמים,600.00,100 גרם,false,0,14.90,2.48,true,1,
7290013144195,false,תערובת כדורי שוקולד500גר,א.ל ייצור ושיווק תבלינים,IL,תערובת כ.שוקולד,גרמים,500.00,100 גרם,false,0,14.90,2.98,true,1,
7290013144232,false,פודינג וניל 80 גרם,א.ל ייצור ושיווק תבלינים,IL,פודינג וניל,גרמים,80.00,100 גרם,false,0,4.90,6.13,true,1,
7290013144249,false,פודינג שוקולד 95 גרם,א.ל ייצור ושיווק תבלינים,IL,פודינג שוקולד,גרמים,95.00,100 גרם,false,0,4.90,5.16,true,1,
7290013144393,false,"תמצית בטעם וניל 50 מ""ל",א.ל ייצור ושיווק תבלינים,IL,תמצית וניל,מיליליטרים,50.00,"100 מ""ל",false,0,4.90,9.80,true,1,
7290013144409,false,"תמצית בטעם רום 50 מ""ל",א.ל ייצור ושיווק תבלינים,IL,תמצית רום,מיליליטרים,50.00,"100 מ""ל",false,0,4.90,9.80,true,1,
7290013144560,false,"צבע מאכל כחול 50 מ""ל",א.ל ייצור ושיווק תבלינים,IL,צבע מאכל כחול,מיליליטרים,50.00,"100 מ""ל",false,0,4.90,9.80,true,1,
7290013144751,false,סירופ בטעם מייפל 500גרם,א.ל ייצור ושיווק תבלינים,IL,סירופ טעם מייפל,גרמים,500.00,100 גרם,false,0,13.90,2.78,true,1,
7290013144812,false,אייס בטעם וניל 320 גרם,,IL,אייס בטעם וניל,גרמים,320.00,100 גרם,false,1,17.90,5.59,true,1,
7290013144911,false,מיקס שוק.ציפס250מריר/חלב,אינטרגטה תעשיות מזון 19),IL,מיקס שוקולד ציפס,גרמים,250.00,100 גרם,false,1,15.90,6.36,true,1,
7290013145017,false,אגוז מלך קלוף 100 גרם,א.ל ייצור ושיווק תבלינים,IL,אגוז מלך קלוף,גרמים,100.00,100 גרם,false,0,12.90,12.90,true,1,
7290013145109,false,שקד מולבן טחון 100 גרם,א.ל ייצור ושיווק תבלינים,IL,שקד מולבן טחון,גרמים,100.00,100 גרם,false,0,12.90,12.90,true,1,
7290013145116,false,שקד מולבן מקלות 100 גרם,א.ל ייצור ושיווק תבלינים,IL,שקד מולבן מקלות,גרמים,100.00,100 גרם,false,0,12.90,12.90,true,1,
7290013145123,false,שקד מולבן פרוס 100 גרם,א.ל ייצור ושיווק תבלינים,IL,שקד מולבן פרוס,גרמים,100.00,100 גרם,false,0,12.90,12.90,true,1,
7290013145215,false,שומשום 400 גרם,א.ל ייצור ושיווק תבלינים,IL,שומשום,גרמים,400.00,100 גרם,false,0,14.90,3.73,true,1,
7290013145437,false,שוקולד צ'יפס 48% 250 גרם,אינטרגטה תעשיות מזון 19),IL,שוקולד צ'יפס,גרמים,250.00,100 גרם,false,0,14.90,5.96,true,1,
7290013145529,false,סוכריות צבעוניות לקישוט,א.ל ייצור ושיווק תבלינים,IL,סוכריות לקישוט,גרמים,90.00,100 גרם,false,0,5.90,6.56,true,1,
7290013145659,false,ג'לי בטעם לימון 85 גרם,א.ל ייצור ושיווק תבלינים,IL,ג'לי לימון 85 גר,גרמים,85.00,100 גרם,false,1,5.90,6.94,true,1,
7290013145826,false,פודינג בטעם וניל לבן80ג,א.ל ייצור ושיווק תבלינים,IL,פודינג וניל,גרמים,80.00,100 גרם,false,1,4.90,6.13,true,1,
7290013145901,false,סודה לשתיה 100 גרם,א.ל ייצור ושיווק תבלינים,IL,סודה לשתיה,גרמים,100.00,100 גרם,false,0,2.90,2.90,true,1,
7290013145956,false,שמרים יבשים בוואקום500ג,אנג'ל איסט,CN,שמרים יבשים,גרמים,500.00,100 גרם,false,0,13.90,2.78,true,1,
7290013146083,false,מלית חלבה 400 גרם,אינטרגטה תעשיות מזון 19),IL,מלית חלבה,גרמים,400.00,100 גרם,false,0,14.90,3.73,true,1,
7290013146199,false,קרם נוגט 400 גרם,אינטרגטה תעשיות מזון 19),IL,קרם נוגט,גרמים,400.00,100 גרם,false,0,14.90,3.73,true,1,
7290013146267,false,פודינג בטעם וניל 1 קג,א.ל ייצור ושיווק תבלינים,IL,פודינג בטעם וניל,קילוגרמים,1.00,"ק""ג",false,1,22.90,22.90,true,1,
7290013146298,false,טארטלטים תחתיות למילו120,רוט פטיפורים,IL,טארטלטים תחתיות,גרמים,120.00,100 גרם,false,1,19.90,16.58,true,1,
7290013146304,false,קורנפלור 500 גרם,א.ל ייצור ושיווק תבלינים,IL,קורנפלור,גרמים,500.00,100 גרם,false,1,6.90,1.38,true,1,
7290013195272,false,געפילטע הונגרי,,IL,געפילטע הונגרי,גרמים,500.00,100 גרם,false,0,21.90,4.38,true,1,
7290013195289,false,געפילטע פיש ירוש,,IL,געפילטע פיש ירוש,גרמים,500.00,100 גרם,false,0,21.90,4.38,true,1,
7290013215017,false,פטריות דואט,מרינה,IL,פטריות דואט,גרמים,420.00,100 גרם,false,0,14.90,3.55,true,1,
7290013268020,false,מקסימה סופר מרוכז פרש 1ל,"סנו מפעלי ברונוס בע""\מ",IL,מרכך כביסה,ליטרים,1.00,ליטר,false,0,16.90,16.90,true,1,
7290013268037,false,מקסימה ס.מרוכז לבנדר 1ל',"סנו מפעלי ברונוס בע""\מ",IL,מרכך כביסה,ליטרים,1.00,ליטר,false,0,16.90,16.90,true,1,
7290013268884,false,סנו ריצפז פרש מאסק 2ליטר,סנו מפעלי ברונוס בעמ,IL,ריצפז פרש לרצפות,ליטרים,2.00,ליטר,false,0,17.90,8.95,true,1,
7290013268907,false,מקסימה ג'ל לכביסה 3ל,"סנו מפעלי ברונוס בע""\מ",IL,מקסימה ג'ל,ליטרים,3.00,ליטר,false,0,28.90,9.63,true,1,
7290013268983,false,מרכך בישום עוצמתי ג'וי1ל,"סנו מפעלי ברונוס בע""\מ",IL,מרכך מרוכז ג'וי,ליטרים,1.00,ליטר,false,1,16.90,16.90,true,1,
7290013269003,false,מקסימה מרכך בייבי 1 ליטר,"סנו מפעלי ברונוס בע""\מ",IL,מקסימה מרכך,ליטרים,1.00,ליטר,false,0,19.90,19.90,true,1,
7290013269300,false,ניילון נצמד פלוס,,IL,ניילון נצמד פלוס,מטרים,150.00,מטר,false,0,29.90,0.20,true,1,
7290013269638,false,ספוג הפלא אקסטרה,,US,ספוג הפלא אקסטרה,יחידה,1.00,יחידה,false,0,10.90,10.90,true,1,
7290013302656,false,פילה סרדין125 גר,,MA,פילה סרדין125 גר,גרמים,125.00,100 גרם,false,0,8.90,7.12,true,1,
7290013358448,false,קרוטונים לסלט ארוכים200,עינת,IL,קרוטונים לסלט,גרמים,200.00,100 גרם,false,0,12.90,6.45,true,1,
7290013440648,false,מאגדת אבטיח 5יח,גלידות נסטלה )נגה גלידות,IL,מאגדת אבטיח,גרמים,540.00,100 גרם,false,0,22.90,4.24,true,1,
7290013472205,false,פטריות חתוכות תפארת 400,,NL,פטריות שמפניון,גרמים,400.00,100 גרם,false,0,5.50,1.38,true,1,
7290013534057,false,צ'יפס בטטה טבעי,מיה תעשיות מזון מ.ת.מ. ב,IL,צ'יפס בטטה טבעי,גרמים,100.00,100 גרם,false,0,8.90,8.90,true,1,
7290013536280,false,לחמניות כוסמין 99 קלו' .,,IL,לחמניות כוסמין,גרמים,252.00,100 גרם,false,1,15.90,6.31,true,1,
7290013608260,false,מיץ רימונים סחוט טרי 1ל',גניר,IL,מיץ רימונים,ליטרים,1.00,ליטר,false,0,23.90,23.90,true,1,
7290013625212,false,פילה מרל בשמן,,MA,פילה מרל בשמן,גרמים,125.00,100 גרם,false,0,8.90,7.12,true,1,
7290013625670,false,חומץ 1 ליטר,,IL,חומץ 1 ליטר,ליטרים,1.00,ליטר,false,0,3.90,3.90,true,1,
7290013655554,false,"קערה קריסטל 12ס""מ",,IL,קערה קריסטל,יחידה,1.00,יחידה,false,1,11.90,11.90,true,1,
7290013655585,false,קערה 9.5 קריסטל יח,,IL,קערה 9.5 קריסטל,יחידה,1.00,יחידה,false,1,10.90,10.90,true,1,
7290013677648,false,שמן זית למאור 1 ליטר,מיה,ES,שמן זית למאור,ליטרים,1.00,ליטר,false,0,21.90,21.90,true,1,
7290013677747,false,אבקת שוקו 500 גרם,מיה תעשיות מזון מ.ת.מ. ב,IL,אבקת שוקו,גרמים,500.00,100 גרם,false,0,8.90,1.78,true,1,
7290013719492,false,אורז לבן יסמין פרימיום,כיטוב,IL,אורז לבן יסמין,קילוגרמים,1.00,"ק""ג",false,1,19.90,19.90,true,1,
7290013847379,false,טונה סטארקיסט בשמן140*6ג,סטארקיסט,IL,טונה סטארקיסט6יח,גרמים,840.00,100 גרם,false,1,31.90,3.80,true,1,
7290013847492,false,טונה סטארקיסט במים140*6ג,סטארקיסט,IL,טונה סטארקיסט6יח,גרמים,840.00,100 גרם,false,1,31.90,3.80,true,1,
7290013906250,false,סלמי מהדרין קהילות 200 ג,טיב טירת צבי 2000,IL,סלמי מהדרין,גרמים,200.00,100 גרם,false,1,11.90,5.95,true,1,
7290013906281,false,"נקניקיות מהדרין 1 ק""ג",טיב טירת צבי 2000,IL,נקניקיות מהדרין,קילוגרמים,1.00,"ק""ג",false,0,27.90,27.90,true,1,
7290013906311,false,פסטרמה מעושנת קהילות400ג,טיב טירת צבי 2000,IL,פסטרמה 400 גרם,גרמים,400.00,100 גרם,false,0,28.90,7.23,true,1,
7290013927026,false,דיקליות במגש 400 גרם,"אחדות ביח""ר לטחינה",IL,דיקליות,גרמים,400.00,100 גרם,false,0,9.90,2.48,true,1,
7290013927057,false,עוגיות שוקולד צ'יפס400ג,.,IL,עוג.שוקולד צ'יפס,גרמים,400.00,100 גרם,false,0,9.90,2.48,true,1,
7290013927156,false,"עוגה ללת""ס פ.יער450ג","אחדות בע""מ א.ת. ברקן",IL,עוגת פירות יער,גרמים,450.00,100 גרם,false,0,11.90,2.64,true,1,
7290013927200,false,עוגת שוקוצ'יפס 400 גרם,"אחדות בע""מ א.ת. ברקן",IL,עוגת שוקוצ'יפס,גרמים,400.00,100 גרם,false,0,11.90,2.98,true,1,
7290013927514,false,רוגעלך קינמון יחי,,IL,רוגעלך קינמון,גרמים,400.00,100 גרם,false,1,10.90,2.73,true,1,
7290013927644,false,עוג.כתר בטעם תות 400גרם,,IL,עוגיות כתר תות,גרמים,400.00,100 גרם,false,1,9.90,2.48,true,1,
7290013927996,false,עוגת שמרים קרנץ 400 גרם,"אחדות ביח""ר לטחינה",IL,עוגת שמרים קרנץ,גרמים,400.00,100 גרם,false,1,10.90,2.73,true,1,
7290014002197,false,חליטת קמומיל ולימונית25ש,ויסוצקי,IL,חליטת קמומיל,גרמים,75.00,100 גרם,false,0,17.90,23.87,true,1,
7290014002203,false,חליטת לימונית לואיזה 25ש,ויסוצקי,IL,חליטת לימונית,גרמים,75.00,100 גרם,false,0,17.90,23.87,true,1,
7290014002944,false,חליטת חמדת שקד גן קסום25,ויסוצקי,IL,חליטת חמדת שקד,גרמים,57.00,100 גרם,false,0,17.90,31.40,true,1,
7290014090088,false,אפונה וגזר,,IL,אפונה וגזר,קילוגרמים,1.50,"ק""ג",false,0,16.90,11.27,true,1,
7290014090095,false,ירקות העונה,,IL,ירקות העונה,קילוגרמים,1.50,"ק""ג",false,0,16.90,11.27,true,1,
7290014090538,false,שערות קדאיף 400 גרם,,IL,שערות קדאיף,גרמים,400.00,100 גרם,false,0,17.90,4.48,true,1,
7290014205000,false,צלחות גדולות 50 יחידות,,IL,צלחות גדולות,יחידה,1.00,יחידה,false,1,17.90,17.90,true,1,
7290014205017,false,צלחות קטנות 50 יחידות,,TR,צלחות קטנות לבן,יחידה,1.00,יחידה,false,1,9.90,9.90,true,1,
7290014205024,false,קעריות אובלי לבן 25 יח,,TR,קעריות אובלי,יחידה,1.00,יחידה,false,1,5.90,5.90,true,1,
7290014205031,false,לפתניה לבנה 25 יחי',,IL,לפתניה לבנה,יחידה,1.00,יחידה,false,1,4.90,4.90,true,1,
7290014205048,false,צלחות מרק 25 יחידות,,IL,צלחות מרק 'שווה',יחידה,1.00,יחידה,false,1,9.90,9.90,true,1,
7290014205062,false,"כוס ח""פ לשתיה קרה 100יח'",,IL,כוסות שקוף 100יח,יחידה,1.00,יחידה,false,1,8.90,8.90,true,1,
7290014205147,false,"צלחת קטן צבעוני ""שווה""",שווה,IL,צלחת קטן צבעוני,יחידה,1.00,יחידה,false,1,11.90,11.90,true,1,
7290014205154,false,קערות אובליות צבעוני 25,שווה,IL,קערות אובליות,יחידה,1.00,יחידה,false,1,9.90,9.90,true,1,
7290014205161,false,לפתניות 25 יחידות,שווה,IL,לפתניות 25 יח',יחידה,1.00,יחידה,false,1,7.90,7.90,true,1,
7290014205178,false,"מרקיה צבעוני ""שווה"" 25יח",שווה,IL,מרקיה צבעוני,יחידה,1.00,יחידה,false,1,11.90,11.90,true,1,
7290014205185,false,"צלחת ענק צבעוני ""שווה""",שווה,IL,צלחת ענק,יחידה,1.00,יחידה,false,1,24.90,24.90,true,1,
7290014205697,false,אננס חתוך בסירופ קל 565,,TH,אננס חתוך בסירופ,גרמים,565.00,100 גרם,false,1,7.90,1.40,true,1,
7290014218505,false,"מארז פיצות בד""צ 3 יחידות","מעדנות בע""\מ",IL,מארז פיצות,יחידה,1.00,יחידה,false,1,32.90,32.90,true,1,
7290014256620,false,קריניאנו מבעבע באזז750מ,יקבי כרמל,IL,קריניאנו באזז,מיליליטרים,750.00,"100 מ""ל",false,0,24.90,3.32,true,1,
7290014256637,false,מוסקטו מבעבע באזז 750 מל,יקבי כרמל,IL,מוסקטו באזז,מיליליטרים,750.00,"100 מ""ל",false,0,24.90,3.32,true,1,
7290014258716,false,מטרנה צמחית 700 גרם,מטרנה תעשיות ש.מ,IL,מטרנה צמחי,גרמים,700.00,100 גרם,false,0,52.90,7.56,true,1,
7290014258877,false,מטרנה ספיישל מהדרין700ג,מטרנה תעשיות ש.מ,IL,מטרנה מהדרין700ג,גרמים,700.00,100 גרם,false,1,69.90,9.99,true,1,
7290014288676,false,מגש אובלי בינוני צבעוני,שווה,IL,מגש אובלי בינוני,יחידה,1.00,יחידה,false,1,19.90,19.90,true,1,
7290014288706,false,קערות סלט ענקיות 10 יחי',שווה,IL,קערות סלט ענקיות,יחידה,1.00,יחידה,false,1,9.90,9.90,true,1,
7290014325050,false,קורנפלור 500 גרם,מיה תעשיות מזון מ.ת.מ. ב,IL,קורנפלור,גרמים,500.00,100 גרם,false,0,5.90,1.18,true,1,
7290014355750,false,פסטרמה הודו פילדלפיה,גלאט עוף,IL,פסטרמה הודו180ג,גרמים,180.00,100 גרם,false,1,22.90,12.72,true,1,
7290014355781,false,נקניקיות קנקרס חריפות 37,גלאט עוף,IL,נקניקיות קנקרס ח,גרמים,375.00,100 גרם,false,1,32.90,8.77,true,1,
7290014355798,false,נקניקיות צ'וריסוס קפו3,גלאט עוף,IL,נקניקיות צ'וריסו,גרמים,375.00,100 גרם,false,1,32.90,8.77,true,1,
7290014397279,false,שקיות מזון,,CN,שקיות מזון,יחידה,1.00,יחידה,false,0,10.90,10.90,true,1,
7290014397491,false,סנופרש ונ.קוקוס,,IL,סנופרש ונ.קוקוס,מיליליטרים,350.00,"100 מ""ל",false,0,11.90,3.40,true,1,
7290014397767,false,ריצפז פרש הום,,IL,ריצפז פרש הום,ליטרים,2.00,ליטר,false,0,19.90,9.95,true,1,
7290014397781,false,ריצפז פרש הום,,IL,ריצפז פרש הום,ליטרים,2.00,ליטר,false,0,19.90,9.95,true,1,
7290014434790,false,מארז סוכריות קטנטנות160ג,"סוויט טיים פודסטופ בע""מ",CN,סוכריות קטנות,גרמים,160.00,100 גרם,false,1,12.90,8.06,true,1,
7290014466609,false,"גמלא מרלו 750 מ""ל",יקב רמת הגולן,IL,גמלא מרלו,מיליליטרים,750.00,"100 מ""ל",false,1,54.90,7.32,true,1,
7290014500440,false,קש ניאון צבעוני 225 יח,,CN,קש ניאון צבעוני,יחידה,1.00,יחידה,false,0,12.90,12.90,true,1,
7290014651807,false,בוטנים אמריקאים 50 גרם,"ג'אנדגי בע""מ",IL,בוטנים אמריקאים,גרמים,50.00,100 גרם,false,1,1.90,3.80,true,1,
7290014674004,false,פירורים קריספ שומ+מלח300,,IL,פירורי לחם קריספ,גרמים,300.00,100 גרם,false,1,7.90,2.63,true,1,
7290014758117,false,יוגורט ביו 8 יח,,IL,יוגורט ביו 8 יח,קילוגרמים,1.20,"ק""ג",false,0,16.90,14.08,true,1,
7290014758148,false,גבינת גלבוע,,IL,גבינת גלבוע,גרמים,400.00,100 גרם,false,0,21.90,5.48,true,1,
7290014758162,false,חלב עיזים מלא 1ל,,IL,חלב עיזים מלא 1ל,ליטרים,1.00,ליטר,false,0,15.90,15.90,true,1,
7290014758544,false,"חמאה בד""ץ",,IL,"חמאה בד""ץ",גרמים,200.00,100 גרם,false,0,7.90,3.95,true,1,
7290014759084,false,גבינת נפוליאון,,IL,גבינת נפוליאון,גרמים,225.00,100 גרם,false,0,13.90,6.18,true,1,
7290014759701,false,יופלה וניל 8 יח,,IL,יופלה וניל 8 יח,קילוגרמים,1.20,"ק""ג",false,0,19.90,16.58,true,1,
7290014760134,false,מעדן סויה בטעם וניל 125ג,,IL,מעדן סויה וניל,גרמים,125.00,100 גרם,false,1,4.50,3.60,true,1,
7290014760141,false,משקה שקדים טרי 1 ליטר,סוי מג'יק,IL,משקה שקדים,ליטרים,1.00,ליטר,false,1,12.90,12.90,true,1,
7290014760516,false,גבינה צפתית 5%,,IL,גבינה צפתית 5%,גרמים,240.00,100 גרם,false,0,15.90,6.63,true,1,
7290014761018,false,גיל בטעם וניל,,IL,גיל בטעם וניל,גרמים,125.00,100 גרם,false,0,1.50,1.20,true,1,
7290014761056,false,יולו שוקולד חלב,,IL,יולו שוקולד חלב,גרמים,123.00,100 גרם,false,0,4.60,3.74,true,1,
7290014761063,false,יולו שוקולד מריר,,IL,יולו שוקולד מריר,גרמים,123.00,100 גרם,false,0,4.60,3.74,true,1,
7290014761070,false,יולו שוקולד לבן,,IL,יולו שוקולד לבן,גרמים,123.00,100 גרם,false,0,4.60,3.74,true,1,
7290014761193,false,פרילי פירות יער 125 גרם,מחלבת אלון תבור,IL,פרילי פירות יער,גרמים,125.00,100 גרם,false,0,3.60,2.88,true,1,
7290014761254,false,יוגורט 8 יחידות,,IL,יוגורט 8 יחידות,קילוגרמים,1.20,"ק""ג",false,0,16.90,14.08,true,1,
7290014761414,false,יולו שכבות שוקו.,,IL,יולו שכבות שוקו.,גרמים,123.00,100 גרם,false,0,4.60,3.74,true,1,
7290014761438,false,גבינה בולגרית,,IL,גבינה בולגרית,גרמים,400.00,100 גרם,false,0,28.90,7.23,true,1,
7290014761612,false,יולו שכבות שוקו.מריר122ג,מחלבת אלון תבור,IL,יולו שכבות שוקו.,גרמים,122.00,100 גרם,false,1,4.60,3.77,true,1,
7290014761698,false,"גב.צהובה סמי28% בד""צ600ג",,IL,גבינה צהובה סמי,גרמים,600.00,100 גרם,false,1,31.90,5.32,true,1,
7290014762800,false,מעדן סויה טעם שוקולד125ג,סוי מג'יק,IL,מעדן סויה ט.שוקו,גרמים,125.00,100 גרם,false,1,4.50,3.60,true,1,
7290014762831,false,נפוליאון+חלפיניו25% 225ג,תנובה,IL,גבינת נפוליאון,גרמים,225.00,100 גרם,false,1,13.90,6.18,true,1,
7290014867000,false,שמן זית למאור 1 ליטר,,IL,שמן זית למאור1לי,ליטרים,1.00,ליטר,false,1,19.90,19.90,true,1,
7290014905498,false,מטלית דו צדדית יח20,פרפלסט,TR,מטלית דו צדדית,יחידה,1.00,יחידה,false,0,11.90,11.90,true,1,
7290015008679,false,סכין שקוף 50 יח',,TR,סכין שקוף 50 יח',יחידה,1.00,יחידה,false,1,6.90,6.90,true,1,
7290015139465,false,מיקס בייגלה שוקולד חלב55,כרמית תעשיות ממתקים בעמ,IL,מיקס בייגלה55גרם,גרמים,55.00,100 גרם,false,1,4.90,8.91,true,1,
7290015139526,false,וופל בציפוי שוקולד 125 ג,כרמית,IL,וופל ציפוי שוקול,גרמים,125.00,100 גרם,false,1,10.90,8.72,true,1,
7290015150118,false,עגבניות חתוכות דק400*3ג,ויסוצקי,IT,עגבניות חתוכות,קילוגרמים,1.20,"ק""ג",false,1,16.90,14.08,true,1,
7290015153157,false,חצאי אפרסקים 820 גרם,קרונוס,GR,חצאי אפרסקים,גרמים,820.00,100 גרם,false,1,9.90,1.21,true,1,
7290015155311,false,שישיית פרינוק,,CZ,שישיית פרינוק,קילוגרמים,1.14,"ק""ג",false,0,23.90,20.96,true,1,
7290015155328,false,שישיית פרינוק,,CZ,שישיית פרינוק,קילוגרמים,1.14,"ק""ג",false,0,23.90,20.96,true,1,
7290015155335,false,שישיית פרינוק,,CZ,שישיית פרינוק,קילוגרמים,1.14,"ק""ג",false,0,23.90,20.96,true,1,
7290015194204,false,דגני מולטי כוכבים 600גXL,אשבול,IL,מולטי כוכבים600ג,גרמים,600.00,100 גרם,false,1,12.90,2.15,true,1,
7290015194211,false,דגני בוקר מולטי פירות XL,אשבול,IL,מולטי פירות 600ג,גרמים,600.00,100 גרם,false,1,12.90,2.15,true,1,
7290015194228,false,מולטי שוקו וניל 600 גרXL,אשבול,IL,מולטי שוקו וניל,גרמים,600.00,100 גרם,false,1,12.90,2.15,true,1,
7290015194235,false,דגני מולטי שוקולד600גXL,אשבול,IL,מולטי שוקולד600ג,גרמים,600.00,100 גרם,false,1,12.90,2.15,true,1,
7290015194747,false,ציפסטיקס טעם טבעי 14*10ג,אשבול,IL,מארז ציפסטיקס,גרמים,140.00,100 גרם,false,1,9.90,7.07,true,1,
7290015194754,false,צקיפסטיקס קטשופ 14*10גר,אשבול,IL,מארז ציפסטיקס קט,גרמים,140.00,100 גרם,false,1,9.90,7.07,true,1,
7290015194761,false,ציפסטיקס ברבקיו 14*10 גר,אשבול,IL,מארז ציפסטיקס בר,גרמים,140.00,100 גרם,false,1,9.90,7.07,true,1,
7290015266079,false,פחם טבעי איכותי מהדרים,פחם הגן,IL,פחם טבעי איכותי,קילוגרמים,2.00,"ק""ג",false,1,24.90,12.45,true,1,
7290015282581,false,חומוס אבו גוש+חריף 200 ג,סלטי שמיר,IL,חומוס אבו גוש,גרמים,200.00,100 גרם,false,0,9.90,4.95,true,1,
7290015282604,false,טחינה מיוחדת 200 גרם,סלטי שמיר,IL,טחינה מיוחדת,גרמים,200.00,100 גרם,false,0,9.90,4.95,true,1,
7290015282628,false,חציל בטעם כבד 200 גרם,סלטי שמיר,IL,חציל בטעם כבד,גרמים,200.00,100 גרם,false,0,12.90,6.45,true,1,
7290015282635,false,חומוס מסבחה 200 גרם,סלטי שמיר,IL,חומוס מסבחה,גרמים,200.00,100 גרם,false,0,9.90,4.95,true,1,
7290015282642,false,חומוס אבו גוש 200 גרם,סלטי שמיר,IL,חומוס אבו גוש,גרמים,200.00,100 גרם,false,0,9.90,4.95,true,1,
7290015282673,false,חציל במיונז ביתי 200 גרם,סלטי שמיר,IL,חציל במיונז,גרמים,200.00,100 גרם,false,0,9.90,4.95,true,1,
7290015282680,false,קישוא בטעם כבד 200 גרם,סלטי שמיר,IL,קישוא בטעם כבד,גרמים,200.00,100 גרם,false,0,12.90,6.45,true,1,
7290015282697,false,כרוב אדום 200 גרם,סלטי שמיר,IL,כרוב אדום,גרמים,200.00,100 גרם,false,0,12.90,6.45,true,1,
7290015282710,false,קוביות סלק 200 גרם,סלטי שמיר,IL,קוביות סלק,גרמים,200.00,100 גרם,false,0,9.90,4.95,true,1,
7290015282727,false,גזר מרוקאי 200 גרם,סלטי שמיר,IL,גזר מרוקאי,גרמים,200.00,100 גרם,false,0,12.90,6.45,true,1,
7290015282734,false,מטבוחה 200 גרם,סלטי שמיר,IL,מטבוחה 200 גרם,גרמים,200.00,100 גרם,false,0,12.90,6.45,true,1,
7290015328838,false,קיסמי עץ 500 יחידות,,CN,קיסמי עץ 500 יחי,יחידה,1.00,יחידה,false,1,1.90,1.90,true,1,
7290015339483,false,ערמונים 100גרם,טעמן,IL,ערמונים 100גרם,גרמים,100.00,100 גרם,false,0,5.90,5.90,true,1,
7290015339650,false,"שוקולד חלבי בד""ץ 100 גרם",HALBA,CH,שוקולד חלבי,גרמים,100.00,100 גרם,false,1,6.90,6.90,true,1,
7290015339933,false,ריבת חלב 340 גרם,טעמן,IL,ריבת חלב,גרמים,340.00,100 גרם,false,0,13.90,4.09,true,1,
7290015347259,false,פירורי לחם מוזהבים 400 ג,מיה תעשיות מזון מ.ת.מ. ב,IL,פירורי לחם מוזהב,גרמים,400.00,100 גרם,false,1,5.90,1.48,true,1,
7290015347280,false,מעדן תות 280 גרם,,BG,מעדן תות,גרמים,280.00,100 גרם,false,1,14.90,5.32,true,1,
7290015347358,false,סודה לשתיה בקרטון 50 גרם,מיה תעשיות מזון מ.ת.מ. ב,IL,סודה לשתיה,גרמים,50.00,100 גרם,false,1,2.50,5.00,true,1,
7290015347488,false,"סוכר דמררה בשקית 1 ק""ג",מיה תעשיות מזון מ.ת.מ. ב,IL,סוכר דמררה,קילוגרמים,1.00,"ק""ג",false,0,9.90,9.90,true,1,
7290015347525,false,צ'יפס בטטה עם שום 80 גרם,מיה תעשיות מזון מ.ת.מ. ב,IL,צ'יפס בטטה,גרמים,80.00,100 גרם,false,1,8.90,11.13,true,1,
7290015347532,false,צ'יפס בטטה+שמן זית 80 גר,מיה,IL,צ'יפס בטטה,גרמים,80.00,100 גרם,false,1,8.90,11.13,true,1,
7290015347990,false,מארז עדשי שוקולד 20*8 ג,מיה,IL,עדשי שוקולד מארז,גרמים,160.00,100 גרם,false,1,10.90,6.81,true,1,
7290015366663,false,משחה אקווה פרש עדין100,MICLEN DE,SK,משחה אקווה פרש,מיליליטרים,100.00,"100 מ""ל",false,1,6.90,6.90,true,1,
7290015366670,false,משחה אקווה פרש מנטה 100,MICLEN DE,SK,משחה אקווה פרש,מיליליטרים,100.00,"100 מ""ל",false,1,6.90,6.90,true,1,
7290015690072,false,צ'יק צ'אק פלאפל 190 גרם,"10 ברוס ע.ט בע""מ",IL,צ'יק צ'אק פלאפל,גרמים,190.00,100 גרם,false,1,3.90,2.05,true,1,
7290015856607,false,קרקר תירוש בציפוי שוק175,מגדנית הדר,IL,קרקר תירוש,גרמים,175.00,100 גרם,false,1,6.90,3.94,true,1,
7290015856621,false,ביסקוויט תירוש קרמל175גר,מגדנית הדר,IL,ביסקוויט תירוש,גרמים,175.00,100 גרם,false,1,6.90,3.94,true,1,
7290015856751,false,פירורי עוגיות אמריקאי250,אפיפית,IL,פירורי עוגיות,גרמים,250.00,100 גרם,false,1,5.90,2.36,true,1,
7290015856768,false,פירורי עוגיות קרמל 250ג,אפיפית,IL,פירורי עוגיות,גרמים,250.00,100 גרם,false,1,5.90,2.36,true,1,
7290015856973,false,"פתיבר לל""ס וניל 150 גרם",הדר,IL,"פתיבר לל""ס 150גר",גרמים,150.00,100 גרם,false,1,5.90,3.93,true,1,
7290015858106,false,פסטו ביתי 180 גרם,"מדשא תעשיות מזון בע""\מ",IL,פסטו ביתי,גרמים,180.00,100 גרם,false,1,16.90,9.39,true,1,
7290015879729,false,תערובת לאפיה ללא גלוטן.,,IT,תערובת לאפיה,גרמים,500.00,100 גרם,false,1,21.90,4.38,true,1,
7290016006292,false,ספרינג מנגו בננה מלון1ל,"יפאורה תבורי בע""\מ",IL,נקטר ספרינג,ליטרים,1.00,ליטר,false,1,6.80,6.80,true,1,
7290016087123,false,רוטב עגב.מתובל קלאסי240ג,פריניר,IL,רוטב עגבניות,גרמים,240.00,100 גרם,false,1,5.90,2.46,true,1,
7290016096613,false,שישיות פילטונה בשמן צמחי,"תעשיות פילטונה בע""מ",IL,שישיות פילטונה,גרמים,840.00,100 גרם,false,1,29.90,3.56,true,1,
7290016096637,false,שישיות פילטונה שמן קנולה,"תעשיות פילטונה בע""מ",IL,שישיות פילטונה,גרמים,840.00,100 גרם,false,1,29.90,3.56,true,1,
7290016096651,false,שישיות פיל טונה במי מלח,"תעשיות פילטונה בע""מ",IL,שישיות פיטונה,גרמים,840.00,100 גרם,false,1,29.90,3.56,true,1,
7290016096811,false,ממרח טונה 160*4 גרם,פילטונה,IL,ממרח טונה 4 יח,גרמים,640.00,100 גרם,false,1,21.90,3.42,true,1,
7290016096934,false,סלט טונה פילטונה 160*2ג,תעשיות פילטונה,IL,סלט טונה 2 יח,גרמים,320.00,100 גרם,false,1,12.90,4.03,true,1,
7290016098297,false,עוג.מיני רולקס 180 גרם,הגביע,IL,עוגיות 180 גרם,גרמים,180.00,100 גרם,false,1,4.90,2.72,true,1,
7290016102383,false,גביעי ליקר מוכספים 24 יח,,CN,גביעי ליקר מוכספ,יחידה,1.00,יחידה,false,1,19.90,19.90,true,1,
7290016106671,false,נתחי טונה בשמן 140 גרם,,IL,טונה בשמן,גרמים,140.00,100 גרם,false,1,5.90,4.21,true,1,
7290016106688,false,נתחי טונה במים 140 גרם,,IL,טונה במים,גרמים,140.00,100 גרם,false,1,5.90,4.21,true,1,
7290016217643,false,חמוצים סיני אסלי 400 גרם,סלטי שמיר,IL,חמוצים סיני,גרמים,400.00,100 גרם,false,1,10.90,2.73,true,1,
7290016314762,false,פרובנציאל מטיאס 200 גרם,,IL,פרובנציאל מטיאס,גרמים,200.00,100 גרם,false,1,18.90,9.45,true,1,
7290016314779,false,פילה מטיאס הולנדי 200גרם,,IL,פילה מטיאס,גרמים,200.00,100 גרם,false,1,19.90,9.95,true,1,
7290016314786,false,הרינג כבוש עם בצל 220 גר,,IL,הרינג כבוש,גרמים,220.00,100 גרם,false,1,19.90,9.05,true,1,
7290016314809,false,סלט סלמון עם מיונז 200 ג,,IL,סלט סלמון,גרמים,200.00,100 גרם,false,1,19.90,9.95,true,1,
7290016314847,false,סלמון מובחר 100גרם,,IL,סלמון מובחר,גרמים,100.00,100 גרם,false,1,20.90,20.90,true,1,
7290016314946,false,פילה מקרל מעושן 120 גרם,,IL,פילה מקרל מעושן,גרמים,120.00,100 גרם,false,1,19.90,16.58,true,1,
7290016370010,false,זיתים טבעות מוגדל 650 גר,קבוצת יבנה,IL,זיתים טבעות,גרמים,650.00,100 גרם,false,1,10.90,1.68,true,1,
7290016370027,false,זית חרוזית מוגדלת 650 גר,קבוצת יבנה,IL,זית חרוזית,גרמים,650.00,100 גרם,false,1,9.90,1.52,true,1,
7290016373639,false,פסים חמוצים תפוח 180 גרם,קרבאן,TR,פסים חמוצים180גר,גרמים,180.00,100 גרם,false,1,8.90,4.94,true,1,
7290016373646,false,פסים חמוצים פטל 180 גרם,קרבאן,TR,פסים חמוצים,גרמים,180.00,100 גרם,false,1,8.90,4.94,true,1,
7290016373653,false,פסים חמוצים תות180 גר,קרבאן,TR,פסים חמוצים,גרמים,180.00,100 גרם,false,1,8.90,4.94,true,1,
7290016373721,false,פסים חמוצים תות180 גר,קרבאן,TR,פסים חמוצים,גרמים,180.00,100 גרם,false,1,8.90,4.94,true,1,
7290016373738,false,פסים חמוצים תותי פרוטי,קרבאן,TR,פסים חמוצים180גר,גרמים,180.00,100 גרם,false,1,8.90,4.94,true,1,
7290016408720,false,מיקס בייגלה מצופה חלב 55,כרמית תעשיות ממתקים בעמ,IL,מיקס בייגלה,גרמים,55.00,100 גרם,false,1,4.90,8.91,true,1,
7290016411164,false,פרחי כרובית מוקפאים 600ג,י.ש. ירקות עליים,IL,כרובית צפראי 600,גרמים,600.00,100 גרם,false,1,34.90,5.82,true,1,
7290016416961,false,מוס גבינה תות שדה 400 ג,קפולסקי,IL,מוס גבינה תות,גרמים,400.00,100 גרם,false,1,34.90,8.73,true,1,
7290016439601,false,ממרח תמרים 450 גרם,"משק צור עין יהב בע""מ",IL,ממרח תמרים 450גר,גרמים,450.00,100 גרם,false,1,6.90,1.53,true,1,
7290016496208,false,פתיל צף מוכן,שלהבת,IN,פתיל פקק צף עגול,יחידה,1.00,יחידה,false,1,5.90,5.90,true,1,
7290016496345,false,פתיל צף המוכן עגול קטן,,IL,פתיל צף מוכן,יחידה,1.00,יחידה,false,1,10.90,10.90,true,1,
7290016509786,false,ג'ל כביסה פרסיל 2.5 ליטר,"הנקל סוד בע""\מ",IL,ג'ל כביסה פרסיל,ליטרים,2.50,ליטר,false,1,33.90,13.56,true,1,
7290016509809,false,ג'ל כב.פרסיל קולור 2.5 ל,"הנקל סוד בע""\מ",IL,ג'ל כביסה פרסיל,ליטרים,2.50,ליטר,false,1,33.90,13.56,true,1,
7290016509847,false,פרסיל ג'ל בלאק 2.5 ליטר,"הנקל סוד בע""\מ",IL,פרסיל ג'ל בלאק,ליטרים,2.50,ליטר,false,1,33.90,13.56,true,1,
7290016510249,false,תחליב רח.הוואי יוגורט700,טרופיקל דגיל בעמ,IL,תחליב רחצה הוואי,מיליליטרים,700.00,"100 מ""ל",false,1,11.90,1.70,true,1,
7290016510263,false,תח.רח.הוואי רגע יוקר700מ,טרופיקל דגיל בעמ,IL,תחליב רחצה הוואי,מיליליטרים,700.00,"100 מ""ל",false,1,11.90,1.70,true,1,
7290016510768,false,תחליב רח.הוואי יוגורט700,טרופיקל דגיל בעמ,IL,תחליב רחצה הוואי,מיליליטרים,700.00,"100 מ""ל",false,1,11.90,1.70,true,1,
7290016601527,false,"מבשם כביסה ולבית 500 מ""ל",סאסאטק,IL,מבשם כביסה ולבית,מיליליטרים,500.00,"100 מ""ל",false,1,29.90,5.98,true,1,
7290016693553,false,"עונות מרלו 750 מ""ל",יקבי ארזה,IL,מרלו,מיליליטרים,750.00,"100 מ""ל",false,1,24.90,3.32,true,1,
7290016693560,false,"עונות מרלו קברנה 750 מ""ל",יקבי ארזה,IL,מרלו קברנה,מיליליטרים,750.00,"100 מ""ל",false,1,24.90,3.32,true,1,
7290016693577,false,"עונות א. ריזלינג 750 מ""ל",יקבי ארזה,IL,אמרלד ריזלינג,מיליליטרים,750.00,"100 מ""ל",false,1,24.90,3.32,true,1,
7290016693584,false,"עונות שיראז 750 מ""ל",יקבי ארזה,IL,שיראז,מיליליטרים,750.00,"100 מ""ל",false,1,24.90,3.32,true,1,
7290016693959,false,קברנה מתוק בראשית 750 מל,יקבי ארזה,IL,קברנה מתוק עדין,מיליליטרים,750.00,"100 מ""ל",false,1,34.90,4.65,true,1,
7290016717976,false,"אפרסק מבעבע באזז 750 מ""ל",,IL,ספארקלינג אפרסק,מיליליטרים,750.00,"100 מ""ל",false,1,24.90,3.32,true,1,
7290016806168,false,תירס בוואקום 340 גרם,EKO,HU,תירס בוואקום340ג,גרמים,340.00,100 גרם,false,1,5.50,1.62,true,1,
7290016806205,false,קורנפלקס 750 גרם,CERERA,LE,קורנפלקס 750 גרם,גרמים,750.00,100 גרם,false,1,14.90,1.99,true,1,
7290016898934,false,מנג'ט לאפיה לבן 125X2 יח,,IL,מנג'ט לאפיה,יחידה,1.00,יחידה,false,1,4.90,4.90,true,1,
7290016898958,false,"מנג'ט לבן כשל""פ 125X4 יח",,IL,מנג'ט לבן,יחידה,1.00,יחידה,false,1,5.90,5.90,true,1,
7290016898965,false,מנג'ט לבן 125X5 יח,,IL,מנג'ט לבן,יחידה,1.00,יחידה,false,1,5.90,5.90,true,1,
7290017008837,false,קשתית אסאדו מס9',,PY,קשתית אסאדו מס9',קילוגרמים,0.00,"ק""ג",true,1,69.90,69.90,true,1,
7290017023229,false,שוופס מוגז תות ליים330*4,יפאורה תבורי בעמ,IL,שוופס מוגז4פחיות,ליטרים,1.32,ליטר,false,1,13.50,10.23,true,1,
7290017023663,false,שוופס מוגז למונייד330*4מ,יפאורה,IL,שוופס 4 פחיות,ליטרים,1.32,ליטר,false,1,13.50,10.23,true,1,
7290017023809,false,ספרינג תפ.אגס סברס250*4מ,"יפאורה תבורי בע""\מ",IL,ספרינג משקה 4 יח,ליטרים,1.00,ליטר,false,1,13.50,13.50,true,1,
7290017023816,false,ספרינג פירות טרופ250*4.מ,"יפאורה תבורי בע""\מ",IL,ספרינג משקה 4 יח,ליטרים,1.00,ליטר,false,1,13.50,13.50,true,1,
7290017023823,false,ספרינג תות בננה 250*4מל,"יפאורה תבורי בע""\מ",IL,ספרינג משקה 4 יח,ליטרים,1.00,ליטר,false,1,13.50,13.50,true,1,
7290017068398,false,ריבת תות 370 גרם,,BG,ריבת תות,גרמים,370.00,100 גרם,false,1,9.90,2.68,true,1,
7290017068848,false,סוכריות צבעוניות לקישוט,מיה,IL,סוכריות צבעוניות,גרמים,200.00,100 גרם,false,1,7.90,3.95,true,1,
7290017079769,false,"מחית תפו""ע ובננה 120 גרם",פרוטה פודיוין איי.אס,CZ,"מחית תפו""ע ובננה",גרמים,120.00,100 גרם,false,1,3.90,3.25,true,1,
7290017079783,false,מחית תפוח עץ 120 גרם,פרוטה פודיוין איי.אס,CZ,מחית תפוח עץ,גרמים,120.00,100 גרם,false,1,3.90,3.25,true,1,
7290017079790,false,מחית פירות מעורבים 120 ג,פרוטה פודיוין איי.אס,CZ,מחית פירות,גרמים,120.00,100 גרם,false,1,3.90,3.25,true,1,
7290017079967,false,סרדינים בשמן קנולה 125גר,,MA,סרדינים 125 גרם,גרמים,125.00,100 גרם,false,1,7.90,6.32,true,1,
7290017094830,false,סלט גזר פיקנטי 400 גרם,,IL,גזר פיקנטי אסלי,גרמים,400.00,100 גרם,false,1,10.90,2.73,true,1,
7290017094854,false,קולסלאו אסלי 400 גרם,,IL,קולסלאו אסלי,גרמים,400.00,100 גרם,false,1,10.90,2.73,true,1,
7290017094861,false,חומוס מסבחה אסלי 400 גרם,,IL,חומוס אסלי מסבחה,גרמים,400.00,100 גרם,false,1,10.90,2.73,true,1,
7290017100142,false,כוס יין לחיים 50 יחידות,,CN,כוס יין לחיים,יחידה,1.00,יחידה,false,1,4.90,4.90,true,1,
7290017129495,false,אגו מיקס כ.תירס 55 גרם,כרמית תעשיות ממתקים בעמ,IL,אגו מיקס כ.תירס,גרמים,55.00,100 גרם,false,1,4.90,8.91,true,1,
7290017129501,false,אגו מיקס כ.תירס מצופה55ג,כרמית,IL,אגו מיקס 55 גרם,גרמים,55.00,100 גרם,false,1,4.90,8.91,true,1,
7290017129518,false,אגו מיקס חלב ולבן 55 גרם,כרמית,IL,אגו מיקסים,גרמים,55.00,100 גרם,false,1,4.90,8.91,true,1,
7290017142128,false,שמ.זית כתית מעול.קלאס750,שמן תעשיות בעמ,IT,שמן זית כתית,מיליליטרים,750.00,"100 מ""ל",false,1,34.90,4.65,true,1,
7290017240022,false,שורש גינגר,,IL,שורש גינגר,קילוגרמים,0.00,"ק""ג",true,1,19.90,19.90,true,1,
7290017266046,false,וופל עלמה קראנצ' 30 יח',גילרו,IL,וופל עלמה קראנצ',גרמים,600.00,100 גרם,false,1,12.90,2.15,true,1,
7290017266909,false,וופל בטעם שוקולד 200 גרם,גילרו,IL,וופל שוקולד 200ג,גרמים,200.00,100 גרם,false,1,4.90,2.45,true,1,
7290017275130,false,עוגת שמרים אישית פרג 120,,IL,עוגת שמרים אישית,גרמים,120.00,100 גרם,false,1,3.90,3.25,true,1,
7290017275147,false,עוגת שמרים אישית דניש קי,,IL,עוגת שמרים אישית,גרמים,120.00,100 גרם,false,1,3.90,3.25,true,1,
7290017275154,false,עוגת שמרים אישית שוקולד,,IL,עוגת שמרים אישית,גרמים,120.00,100 גרם,false,1,3.90,3.25,true,1,
7290017275338,false,טחינה גולמית 500 גרם אחו,,IL,טחינה גולמית500ג,גרמים,500.00,100 גרם,false,1,12.90,2.58,true,1,
7290017275345,false,טחינה בקבוק לחיץ,,IL,טחינה בקבוק לחיץ,גרמים,350.00,100 גרם,false,1,9.90,2.83,true,1,
7290017275413,false,מיני קצפיות בטעם וניל אח,,IL,מיני קצפיות140ג,גרמים,140.00,100 גרם,false,1,9.90,7.07,true,1,
7290017275420,false,מיני קצפיות בטעם תות אחד,,IL,מיני קצפיות140ג,גרמים,140.00,100 גרם,false,1,9.90,7.07,true,1,
7290017275437,false,מיני קצפיות בטעם פרות אח,,IL,מיני קצפיות 140ג,גרמים,140.00,100 גרם,false,1,9.90,7.07,true,1,
7290017275444,false,מיני קצפיות בטעם ענבים א,,IL,מיני קצפיות בטעם,גרמים,140.00,100 גרם,false,1,9.90,7.07,true,1,
7290017275505,false,"סירופ בטעם פטל 900 מ""ל",אחדות,IL,סירופ פטל,מיליליטרים,900.00,"100 מ""ל",false,1,17.90,1.99,true,1,
7290017275710,false,חטיפי בננית במגש 12 יח',,IL,חטיפי בננית במגש,יחידה,1.00,יחידה,false,1,11.90,11.90,true,1,
7290017275727,false,חטיפי תותית במגש 12 יח',,IL,חטיפי תותית במגש,יחידה,1.00,יחידה,false,1,11.90,11.90,true,1,
7290017285702,false,"סרקל קרם רוזמרין 325 מ""ל",פישר מעבדות פרמצבטיות בע,IL,סרקל קרם רוזמרין,מיליליטרים,325.00,"100 מ""ל",false,1,24.90,7.66,true,1,
7290017285719,false,סרקל תרסיס מתיר קשרים 34,פישר מעבדות פרמצבטיות בע,IL,סרקל מתיר קשרים,מיליליטרים,340.00,"100 מ""ל",false,1,24.90,7.32,true,1,
7290017285740,false,סרקל שמפו לילדים 1 ליטר,פישר מעבדות פרמצבטיות בע,IL,סרקל שמפו לילדים,ליטרים,1.00,ליטר,false,1,29.90,29.90,true,1,
7290017297699,false,רוטב עגבניות 100 גרם,ויטה,IL,רוטב עגבניות,גרמים,100.00,100 גרם,false,1,2.50,2.50,true,1,
7290017297705,false,רוטב עגבניות 240 גרם,ויטה,IL,רוטב עגבניות,גרמים,240.00,100 גרם,false,1,5.80,2.42,true,1,
7290017418384,false,מאגדת מיני קראש קורנפלקס,"לבס תעשיות מזון בע""מ",IL,מאגדת מיני קראש,גרמים,150.00,100 גרם,false,1,14.90,9.93,true,1,
7290017418476,false,קראש כריות 65 גרם,לבס,IL,קראש כריות 65 גר,גרמים,65.00,100 גרם,false,1,4.90,7.54,true,1,
7290017418483,false,קראש קורנפלקס 65 גרם,לבס,IL,קראש קורנפלקס65ג,גרמים,65.00,100 גרם,false,1,4.90,7.54,true,1,
7290017418490,false,קראש עוגיות 65 גרם,לבס,IL,קראש עוגיות65 גר,גרמים,65.00,100 גרם,false,1,4.90,7.54,true,1,
7290017418551,false,קראש קרקר דג 65 גרם,לבס,IL,קראש קרקר דג65 ג,גרמים,65.00,100 גרם,false,1,4.90,7.54,true,1,
7290017470696,false,קינוחית כוכב שקופה 20 יח,,CN,קינוחית כוכב20יח,יחידה,1.00,יחידה,false,1,13.90,13.90,true,1,
7290017476940,false,"בורגול דק-גרישה 1 ק""ג",ארוז על ידי דין שיווק וק,IL,"בורגול דק 1ק""ג",קילוגרמים,1.00,"ק""ג",false,1,9.90,9.90,true,1,
7290017476957,false,"בורגול עבה 1 ק""ג",ארוז על ידי דין שיווק וק,IL,"בורגול עבה 1 ק""ג",קילוגרמים,1.00,"ק""ג",false,1,9.90,9.90,true,1,
7290017476988,false,"חומוס ענק 1 ק""ג",ארוז על ידי דין שיווק וק,IL,"חומוס ענק 1 ק""ג",קילוגרמים,1.00,"ק""ג",false,1,19.90,19.90,true,1,
7290017476995,false,"חיטה 1 ק""ג",ארוז על ידי דין שיווק וק,IL,"חיטה 1 ק""ג",קילוגרמים,1.00,"ק""ג",false,1,9.90,9.90,true,1,
7290017477015,false,"עדשים כתומות 1 ק""ג",דין שיווק,IL,עדשים כתומות1קג,קילוגרמים,1.00,"ק""ג",false,1,12.90,12.90,true,1,
7290017477039,false,"עדשים שחורות 1 ק""ג",ארוז על ידי דין שיווק וק,IL,עדשים שחורות,קילוגרמים,1.00,"ק""ג",false,1,12.90,12.90,true,1,
7290017477077,false,"שעועית לבנה 1 ק""ג",ארוז על ידי דין שיווק וק,IL,"שעועית לבנה1 ק""ג",קילוגרמים,1.00,"ק""ג",false,1,14.90,14.90,true,1,
7290017595054,false,זוג כוסיות לנרונים,,IL,זוג כוסיות לנרונ,יחידה,1.00,יחידה,false,1,6.90,6.90,true,1,
7290017595061,false,כוסיות לנרונים 2 יח',,CN,כוסיות לנר,יחידה,1.00,יחידה,false,1,5.90,5.90,true,1,
7290017599250,false,סוכרזית קלאסי 120 שקיות,ביסקול בע''מ,IL,סוכרזית קלאסי,גרמים,120.00,100 גרם,false,1,17.90,14.92,true,1,
7290017615974,false,פילה סלמון ללא עור קפוא,,NO,פילה סלמון,קילוגרמים,0.00,"ק""ג",true,1,99.90,99.90,true,1,
7290017812304,false,קברנה שירז אזורית 900 מל,יקבי כרמל,IL,קברנה שירז סדרה,מיליליטרים,900.00,"100 מ""ל",false,1,59.90,6.66,true,1,
7290017812571,false,מיץ ענבים תירוש אדום 1 ל,יקבי כרמל,IL,תירוש כרמל אדום,ליטרים,1.00,ליטר,false,1,18.90,18.90,true,1,
7290017812588,false,תירוש מיץ ענבים לבן 1 ל',יקבי כרמל,IL,מיץ תירוש לבן,ליטרים,1.00,ליטר,false,1,18.90,18.90,true,1,
7290017812618,false,מיץ ענבים תירוש רוזה 1ל,יקבי כרמל,IL,תירוש רוזה,ליטרים,1.00,ליטר,false,1,18.90,18.90,true,1,
7290017812656,false,כרמל תירוש מבעבע אדום750,ג'\קובז'\י איי.אי פיגלי,IL,תירוש מבעבע אדום,מיליליטרים,750.00,"100 מ""ל",false,1,21.90,2.92,true,1,
7290017883281,false,טופי ממולא בטעם פירות,,TR,טופי ממולא,גרמים,400.00,100 גרם,false,1,11.90,2.98,true,1,
7290017883410,false,סוכריות טופי פירות יער,,GR,סוכריות טופי,גרמים,540.00,100 גרם,false,1,32.90,6.09,true,1,
7290017883656,false,פס טופי דאבל טעמים 160 ג,קונפקטיס 3 ק.מ אמליאס,GR,פס טופי דאבל,גרמים,160.00,100 גרם,false,1,14.90,9.31,true,1,
7290017883663,false,סוכריות טופי במרקם קרמי,קונפקטיס 3 ק.מ אמליאס,GR,סוכריות טופי,גרמים,200.00,100 גרם,false,1,11.90,5.95,true,1,
7290017888095,false,שוופס מוגז עדין יער330*4,יפאורה תבורי בעמ,IL,שוופס מוגז 4 יח,ליטרים,1.32,ליטר,false,1,13.50,10.23,true,1,
7290017888101,false,שוופ.מוגז עדין אפרס330*4,יפאורה תבורי בעמ,IL,שוופס מוגז 4 פח,ליטרים,1.32,ליטר,false,1,13.50,10.23,true,1,
7290017928012,false,בייגלה גדול מלח 250 גרם,מאיר בייגל,IL,בייגלה גדול 250ג,גרמים,250.00,100 גרם,false,1,7.90,3.16,true,1,
7290017928074,false,בייגלה שטוח מלח 250 גרם,מאיר בייגל,IL,שטוח מלח,גרמים,250.00,100 גרם,false,1,7.90,3.16,true,1,
7290017928098,false,בייגלה שטוחל'ה מלח 330גר,מאיר בייגל,IL,בייגלה שטוחל'ה,גרמים,330.00,100 גרם,false,1,11.90,3.61,true,1,
7290017928210,false,בייגלה גדול עם שומשום250,מאיר בייגל,IL,בייגלה שומשום,גרמים,250.00,100 גרם,false,1,11.90,4.76,true,1,
7290017928227,false,בייגלה שטוחלה פינוקים300,מאיר בייגל,IL,בייגלה שטוחלה,גרמים,300.00,100 גרם,false,1,11.90,3.97,true,1,
7290017928432,false,גריסיני קראנץ עם פרג175ג,מאיר בייגל,IL,גריסיני קראנץ,גרמים,175.00,100 גרם,false,1,11.90,6.80,true,1,
7290017928685,false,בייגלה שמיניות מלח 400 ג,מאיר בייגל,IL,בייגלה שמיניות,גרמים,400.00,100 גרם,false,1,11.90,2.98,true,1,
7290017928746,false,פירורי בייגלה 200 גרם,מאיר בייגל,IL,פירורי בייגלה,גרמים,200.00,100 גרם,false,1,6.90,3.45,true,1,
7290017928807,false,בייגלה אצבעות שומשום300ג,מאיר בייגל,IL,בייגלה אצבעות,גרמים,300.00,100 גרם,false,1,11.90,3.97,true,1,
7290017928937,false,בייגלה מקלות מלח 300 גרם,מאיר בייגל,IL,בייגלה מקלות,גרמים,300.00,100 גרם,false,1,7.90,2.63,true,1,
7290017938264,false,חומוס חריף מיקי 200 גרם,"סלטי שמיר 2006 בע""\מ",IL,חומוס חריף,גרמים,200.00,100 גרם,false,1,8.90,4.45,true,1,
7290018050408,false,אגוזי פיסטוק קלויים160גר,גי אנד גי פקאנס,IL,אגוזי פיסטוק,גרמים,160.00,100 גרם,false,1,17.90,11.19,true,1,
7290018050415,false,אגוזי פקאן טבעי 160 גרם,גי אנד גי פקאנס,IL,אגוזי פקאן טבעי,גרמים,160.00,100 גרם,false,1,17.90,11.19,true,1,
7290018050422,false,פקאן סיני 160 גרם,גי אנד גי פקאנס,IL,פקאן סיני,גרמים,160.00,100 גרם,false,1,17.90,11.19,true,1,
7290018050439,false,אגוזי פקאן קלוי וממולח,גי אנד גי פקאנס,IL,אגוזי פקאן קלוי,גרמים,140.00,100 גרם,false,1,17.90,12.79,true,1,
7290018050453,false,אגוזי קשיו טבעיים 220 גר,גי אנד גי פקאנס,IL,אגוזי קשיו טבעי,גרמים,220.00,100 גרם,false,1,17.90,8.14,true,1,
7290018050460,false,אגוזי קשיו קלויים וממולח,גי אנד גי פקאנס,IL,אגוזי קשיו קלוי,גרמים,200.00,100 גרם,false,1,17.90,8.95,true,1,
7290018050484,false,אגוזי מלך קלופים טבעיים,גי אנד גי פקאנס,IL,אגוזי מלך טבעיים,גרמים,150.00,100 גרם,false,1,12.90,8.60,true,1,
7290018050491,false,אלמנדוס חטיף בוטנים220ג,גי אנד גי פקאנס,IL,אלמנדוס,גרמים,220.00,100 גרם,false,1,12.90,5.86,true,1,
7290018050514,false,בוטנים מטוגנים וממולחים,גי אנד גי פקאנס,IL,בוטנים מטוגנים,גרמים,240.00,100 גרם,false,1,12.90,5.38,true,1,
7290018050521,false,אגוזי לוז טבעי 150 גרם,גי אנד גי פקאנס,IL,אגוזי לוז טבעי,גרמים,150.00,100 גרם,false,1,12.90,8.60,true,1,
7290018050545,false,גרעיני אבטיח קלויים 140,גי אנד גי פקאנס,IL,גרעיני אבטיח,גרמים,140.00,100 גרם,false,1,12.90,9.21,true,1,
7290018050552,false,גרעיני דלעת קלופים טבעי,גי אנד גי פקאנס,IL,גרעיני דלעת,גרמים,240.00,100 גרם,false,1,12.90,5.38,true,1,
7290018050569,false,גרעיני חמניה קלופים טבעי,גי אנד גי פקאנס,IL,גרעיני חמניה,גרמים,400.00,100 גרם,false,1,12.90,3.23,true,1,
7290018050606,false,משמש מיובש 250 גרם,גי אנד גי פקאנס,IL,משמש מיובש,גרמים,250.00,100 גרם,false,1,12.90,5.16,true,1,
7290018050620,false,צימוקים בהירים 220 גרם,גי אנד גי פקאנס,IL,צימוקים בהירים,גרמים,220.00,100 גרם,false,1,12.90,5.86,true,1,
7290018050637,false,בוטנים אמריקאים מצופים,גי אנד גי פקאנס,IL,בוטנים אמריקאים,גרמים,300.00,100 גרם,false,1,12.90,4.30,true,1,
7290018050644,false,קבוקים בוטנים מצופים300ג,גי אנד גי פקאנס,IL,קבוקים בוטנים,גרמים,300.00,100 גרם,false,1,12.90,4.30,true,1,
7290018050668,false,שזיפים מיובשים 250 גרם,גי אנד גי פקאנס,IL,שזיפים מיובשים,גרמים,250.00,100 גרם,false,1,12.90,5.16,true,1,
7290018050675,false,שקדים קלויים וממולחים,גי אנד גי פקאנס,IL,שקדים קלויים,גרמים,210.00,100 גרם,false,1,17.90,8.52,true,1,
7290018050699,false,שקדים טבעיים 230 גרם,גי אנד גי פקאנס,IL,שקדים טבעיים,גרמים,230.00,100 גרם,false,1,17.90,7.78,true,1,
7290018050705,false,שבבי שקדים מולבנים 130 ג,גי אנד גי פקאנס,IL,שבבי שקדים,גרמים,130.00,100 גרם,false,1,12.90,9.92,true,1,
7290018050712,false,שקדים פרוסים מולבנים130ג,גי אנד גי פקאנס,IL,שקדים פרוסים,גרמים,130.00,100 גרם,false,1,12.90,9.92,true,1,
7290018050736,false,תערובת אגוזים ושקדים150ג,גי אנד גי פקאנס,IL,תערובת אגוזים,גרמים,150.00,100 גרם,false,1,12.90,8.60,true,1,
7290018050835,false,בוטנים קלויים ומומלחים,גי אנד גי פקאנס,IL,בוטנים קלויים,גרמים,250.00,100 גרם,false,1,12.90,5.16,true,1,
7290018050859,false,אגוזי קשיו בקרמל 200 גרם,גי אנד גי פקאנס,IL,אגוזי קשיו בקרמל,גרמים,200.00,100 גרם,false,1,17.90,8.95,true,1,
7290018050866,false,בוטנים בקרמל 200 גרם,גי אנד גי פקאנס,IL,בוטנים בקרמל,גרמים,200.00,100 גרם,false,1,12.90,6.45,true,1,
7290018098011,false,קוביות אננס קפוא 300 גרם,,IL,קוביות אננס קפוא,גרמים,300.00,100 גרם,false,1,17.90,5.97,true,1,
7290018098035,false,בננה קפוא 300 גרם,,IL,בננה קפוא 300 גר,גרמים,300.00,100 גרם,false,1,17.90,5.97,true,1,
7290018098301,false,מיקס תות בננה קפוא 300 ג,,IL,מיקס תות בננה,גרמים,300.00,100 גרם,false,1,17.90,5.97,true,1,
7290018098332,false,קוביות פסיפלורה בננה,"פרוטלנד בע""\מ",IL,פירות קפואים300ג,גרמים,300.00,100 גרם,false,1,17.90,5.97,true,1,
7290018098417,false,מיקס פירות יער קפוא 300,אופק מן הטבע,IL,מיקס פירות יער,גרמים,300.00,100 גרם,false,1,17.90,5.97,true,1,
7290018098455,false,תות שדה קפוא 300 גרם,אופק מן הטבע,IL,תות שדה קפוא,גרמים,300.00,100 גרם,false,1,17.90,5.97,true,1,
7290018098561,false,קוביות תות בננה תמר 300ג,"פרוטלנד בע""\מ",IL,פירות קפואים,גרמים,300.00,100 גרם,false,1,17.90,5.97,true,1,
7290018204016,false,קינוחית כתר+מכסה 10+10,,CN,כתר,יחידה,1.00,יחידה,false,1,13.90,13.90,true,1,
7290018204573,false,מנג'טים צבעוניים 100X1.5,,IL,מנג'טים צבעוניים,יחידה,1.00,יחידה,false,1,4.90,4.90,true,1,
7290018204580,false,מנג'טים צבעוניים 100X2יח,,IL,מנג'טים צבעוניים,יחידה,1.00,יחידה,false,1,4.90,4.90,true,1,
7290018204597,false,מנג'טים צבעוניים 100X3יח,,IL,מנג'טים צבעוניים,יחידה,1.00,יחידה,false,1,6.90,6.90,true,1,
7290018204603,false,"מנג'טים צבעוניים כשל""פ 1",,IL,מנג'טים צבעוניים,יחידה,1.00,יחידה,false,1,6.90,6.90,true,1,
7290018333242,false,אריזת טופי אצבעות מיקס פ,,TR,סוכריות טופי,גרמים,40.00,100 גרם,false,1,1.90,4.75,true,1,
7290018440513,false,סלט קליפורניה+טונה150ג,"קאלוו קונסרבס ס.ל.יו. ,",ES,סלט קליפורניה,גרמים,150.00,100 גרם,false,1,14.90,9.93,true,1,
7290018471210,false,ספרינג אגס תפוח סברס 1 ל,"יפאורה תבורי בע""\מ",IL,ספרינג 1 ליטר,ליטרים,1.00,ליטר,false,1,6.80,6.80,true,1,
7290018471548,false,"ספרינג ענבים 4 * 250 מ""ל","יפאורה תבורי בע""\מ",IL,משקה ספרינג 4יח,ליטרים,1.00,ליטר,false,1,13.50,13.50,true,1,
7290018471906,false,שוופס לימונדה ורודה1.5ל,"יפאורה תבורי בע""\מ",IL,שוופס לימונדה,ליטרים,1.50,ליטר,false,0,9.00,6.00,true,1,
7290018471913,false,שוופס מוגז תפוחים1.5ל',"יפאורה תבורי בע""\מ",IL,שוופס תפוחים,ליטרים,1.50,ליטר,false,0,9.00,6.00,true,1,
7290018471920,false,שוופס מוגז ענבים 1.5ליטר,"יפאורה תבורי בע""\מ",IL,שוופס ענבים,ליטרים,1.50,ליטר,false,0,9.00,6.00,true,1,
7290018471937,false,שוופס מוגז תות ליים 1.5ל,"יפאורה תבורי בע""\מ",IL,שוופס מוגז תו,ליטרים,1.50,ליטר,false,0,9.00,6.00,true,1,
7290018471944,false,שוופס מוגז לימונייד 1.5ל,"יפאורה תבורי בע""\מ",IL,שוופס לימוניי,ליטרים,1.50,ליטר,false,0,9.00,6.00,true,1,
7290018516522,false,ג'וניור סלט פירות שיבולת,,CZ,ג'וניור סלט פירו,גרמים,190.00,100 גרם,false,1,23.90,12.58,true,1,
7290018546161,false,פתיתים בצורת אורז 400 גר,אובה מקרנה ציליק,TR,פתיתים,גרמים,400.00,100 גרם,false,1,4.90,1.23,true,1,
7290018546550,false,פסטה פנה 400 גרם,אובה מקרנה ציליק,TR,פסטה פנה,גרמים,400.00,100 גרם,false,1,4.90,1.23,true,1,
7290018546598,false,פסטה קונכיות 400 גרם,אובה מקרנה ציליק,TR,פסטה קונכיות,גרמים,400.00,100 גרם,false,1,4.90,1.23,true,1,
7290018571064,false,מקלוני טופי 450 גרם,,TR,מקלוני טופי,גרמים,450.00,100 גרם,false,1,14.90,3.31,true,1,
7290018571071,false,טופי פספסים 450 גרם,,TR,טופי פספסים,גרמים,450.00,100 גרם,false,1,14.90,3.31,true,1,
7290018571088,false,טופי חמוצמוץ 600 גרם,,TR,טופי חמוצמוץ,גרמים,600.00,100 גרם,false,1,15.90,2.65,true,1,
7290018571095,false,טופי ממולא טעם פירות600ג,,TR,טופי ממולא,גרמים,600.00,100 גרם,false,1,15.90,2.65,true,1,
7290018571491,false,ריבת חלב אמיתי 340 גרם,מיה,IL,ריבת חלב,גרמים,340.00,100 גרם,false,1,14.90,4.38,true,1,
7290018571712,false,"אורז פרסי מיה 1 ק""ג",מיה,IL,"אורז פרסי 1 ק""ג",קילוגרמים,1.00,"ק""ג",false,1,10.90,10.90,true,1,
7290018571729,false,"אורז ריזוטו עגול 1 ק""ג",מיה,IL,אורז ריזוטו עגול,קילוגרמים,1.00,"ק""ג",false,1,9.90,9.90,true,1,
7290018571736,false,"אורז בסמטי מיה 1 ק""ג",מיה,IL,אורז בסמטי 1 קג,קילוגרמים,1.00,"ק""ג",false,1,11.90,11.90,true,1,
7290018571743,false,"אורז פרסי מלא 1 ק""ג",מיה,IL,אורז פרסי מלא 1,קילוגרמים,1.00,"ק""ג",false,1,9.90,9.90,true,1,
7290018571798,false,ג'לי שמחות 2 צבעים 540 ג,,IL,ג'לי שמחות,גרמים,540.00,100 גרם,false,1,19.90,3.69,true,1,
7290018571804,false,ג'לי מטבעות 255 גרם,,IL,ג'לי מטבעות,גרמים,255.00,100 גרם,false,1,11.90,4.67,true,1,
7290018571811,false,סירופ מייפל טהור 250 גרם,מיה,IL,סירופ מייפל טהור,גרמים,250.00,100 גרם,false,1,32.90,13.16,true,1,
7290018652671,false,לה קרמריה שוקו וניל,,IL,לה קרמריה שוקו ו,ליטרים,1.40,ליטר,false,1,19.90,14.21,true,1,
7290018720103,false,"אפיפיות ללת""סט.שוקולד250","א.ג גילרו בע""\מ",IL,אפיפיות ללא סוכר,גרמים,250.00,100 גרם,false,1,7.90,3.16,true,1,
7290018720219,false,"פצפוצי אורז לל""ס 250 גרם",,IL,פצפוצי אורז250גר,גרמים,250.00,100 גרם,false,1,11.90,4.76,true,1,
7290018720226,false,פצפוצי אורז 250 גרם,,IL,פצפוצי אורז250גר,גרמים,250.00,100 גרם,false,1,11.90,4.76,true,1,
7290018743003,false,ג'ל לכביסה צבעוני 2.5 ל',"אל.די.גי בע""מ",GR,ג'ל לכביסה2.5 ל',ליטרים,2.50,ליטר,false,1,29.90,11.96,true,1,
7290018743010,false,ג'ל לכביסה לבנה 2.5 ליטר,"אל.די.גי בע""מ",GR,ג'ל לכביסה לבנה,ליטרים,2.50,ליטר,false,1,29.90,11.96,true,1,
7290018792902,false,שוקולד חלב עם שברי עוגיה,קיו פאין פוד,IL,שוקו.עם עוגיות,גרמים,100.00,100 גרם,false,1,7.90,7.90,true,1,
7290018792919,false,שוקולד חלב עם עדשים100גר,קיו פאין פוד,IL,שוקולד 100 גרם,גרמים,100.00,100 גרם,false,1,7.90,7.90,true,1,
7290018792933,false,שוקולד חלב עם שברי וופל,קיו פאין פוד,IL,שוקולד 100 גרם,גרמים,100.00,100 גרם,false,1,7.90,7.90,true,1,
7290018835029,false,מרק בטעם עוף פרווה 400 ג,,IL,מרק בטעם עוף,גרמים,400.00,100 גרם,false,1,12.90,3.23,true,1,
7290018878088,false,"שוקולד מריר לל""ס 85*3גרם","כרמית תעשיות ממתקים בע""\",IL,"שוקולד מריר לל""ס",גרמים,255.00,100 גרם,false,1,15.90,6.24,true,1,
7290018878125,false,"שוקולד לבן לל""ס 85*3גרם","כרמית תעשיות ממתקים בע""\",IL,"שוקולד לבן לל""ס",גרמים,255.00,100 גרם,false,1,15.90,6.24,true,1,
7290018893036,false,עוג.סנדוויץ ט.שוקולד176ג,,ES,עוגיות סנדוויץ,גרמים,176.00,100 גרם,false,1,6.90,3.92,true,1,
7290018893265,false,צ'וקטה עוגות אישיות מריר,"פרדי קונדיטוריה אס,פי.אי",IT,עוגות אישיות,גרמים,240.00,100 גרם,false,1,9.90,4.13,true,1,
7290018921029,false,מגבוני קמיל בלו 64*4 יח,פישר מעבדות פרמצבטיות בע,IL,מגבוני קמיל בלו,יחידה,1.00,יחידה,false,1,22.90,22.90,true,1,
7290018921654,false,"תחליב רחצה לבנדר 700 מ""ל",פישר מעבדות פרמצבטיות בע,IL,תחליב רחצה לבנדר,מיליליטרים,700.00,"100 מ""ל",false,1,14.90,2.13,true,1,
7290018935019,false,"כוסות קרטון OZ 12 כשל""פ",,CN,כוסות קרטון,יחידה,1.00,יחידה,false,1,15.90,15.90,true,1,
7290018935224,false,גביעי יין מוכספים עגול,,CN,גביעי יין 10 יח',יחידה,1.00,יחידה,false,1,19.90,19.90,true,1,
7290019014423,false,מבשם כביסה לבית טורקיז,סאסאטק,IL,מבשם כביסה ולבית,מיליליטרים,500.00,"100 מ""ל",false,1,29.90,5.98,true,1,
7290019056027,false,שוופס ללא סוכר תפוח1.5ל,"יפאורה תבורי בע""\מ",IL,שוופס ללא סוכ,ליטרים,1.50,ליטר,false,0,8.50,5.67,true,1,
7290019056058,false,שוופס מוגז עדין תפוח1.5ל,"יפאורה תבורי בע""\מ",IL,שוופס מוגז תפוח,ליטרים,1.50,ליטר,false,0,8.50,5.67,true,1,
7290019056065,false,שוופס מוגז עדין פ.יער1.5,"יפאורה תבורי בע""\מ",IL,שוופס מוגז,ליטרים,1.50,ליטר,false,0,8.50,5.67,true,1,
7290019056072,false,שוופס מוגז עדין אננס1.5ל,יפאורה תבורי בעמ,IL,שוופס מוגז עד,ליטרים,1.50,ליטר,false,0,8.50,5.67,true,1,
7290019056089,false,שוופס מוגז עדין ריזל1.5ל,"יפאורה תבורי בע""\מ",IL,שוופס מוגז,ליטרים,1.50,ליטר,false,0,8.50,5.67,true,1,
7290019056096,false,שוופס מוגז עדין אפרסק1.5,"יפאורה תבורי בע""\מ",IL,שוופס אפרסק,ליטרים,1.50,ליטר,false,0,8.50,5.67,true,1,
7290019056164,false,שוופס סודה 1.5*4 ליטר,"יפאורה תבורי בע""\מ",IL,שוופס סודה1.5*4ל,ליטרים,6.00,ליטר,false,0,13.10,2.18,true,1,
7290019056171,false,שוופס סודה לימון 1.5*4 ל,"יפאורה תבורי בע""\מ",IL,סודה לימון 1.5*4,ליטרים,6.00,ליטר,false,0,13.10,2.18,true,1,
7290019056188,false,שוופס סודה נענע לי1.5*4ל,"יפאורה תבורי בע""\מ",IL,שוופס סודה1.5*4ל,ליטרים,6.00,ליטר,false,0,13.10,2.18,true,1,
7290019056201,false,שוופ.סודה פירות יער1.5*4,"יפאורה תבורי בע""\מ",IL,שוופס סודה1.5*4ל,ליטרים,6.00,ליטר,false,0,13.10,2.18,true,1,
7290019056232,false,שוופס ליים מוחיטו 1.5 ל,"יפאורה תבורי בע""\מ",IL,שוופס ליים מו,ליטרים,1.50,ליטר,false,0,9.00,6.00,true,1,
7290019056263,false,שוופס מים טעם אפרסק 1.5ל,יפאורה תבורי בעמ,IL,שוופס מים אפר,ליטרים,1.50,ליטר,false,0,8.00,5.33,true,1,
7290019056270,false,מים טעם פירות יער 1.5 ל,"יפאורה תבורי בע""\מ",IL,מים פירות יער,ליטרים,1.50,ליטר,false,0,8.00,5.33,true,1,
7290019056331,false,שוופס טוניק ללא סוכר1.5ל,יפאורה תבורי בעמ,IL,מי טוניק ל.סו,ליטרים,1.50,ליטר,false,0,11.50,7.67,true,1,
7290019056461,false,קולה RC מארז 1.5*6 ליטר,"יפאורה תבורי בע""\מ",IL,RC קולה 6 יח,ליטרים,9.00,ליטר,false,0,36.90,4.10,true,1,
7290019056478,false,תה ספרינג אפרסק 1.5 ליטר,"יפאורה תבורי בע""\מ",IL,ספרינג תה אפר,ליטרים,1.50,ליטר,false,0,8.50,5.67,true,1,
7290019056577,false,ספרינג משקה מנגו 1.5 ל',"יפאורה תבורי בע""\מ",IL,ספרינג מנגו,ליטרים,1.50,ליטר,false,0,8.90,5.93,true,1,
7290019056584,false,ספרינג משקה תפוזים 1.5ל',"יפאורה תבורי בע""\מ",IL,ספרינג תפוזים,ליטרים,1.50,ליטר,false,0,8.90,5.93,true,1,
7290019056591,false,ספרינג ענבים 1.5 ליטר,"יפאורה תבורי בע""\מ",IL,ספרינג ענבים,ליטרים,1.50,ליטר,false,0,8.90,5.93,true,1,
7290019056607,false,ספרינג מיץ תפוחים 1.5 ל',"יפאורה תבורי בע""\מ",IL,ספרינג תפוחים,ליטרים,1.50,ליטר,false,0,8.90,5.93,true,1,
7290019056614,false,ספרינג משקה אפרסק 1.5 ל',"יפאורה תבורי בע""\מ",IL,ספרינג אפרסק,ליטרים,1.50,ליטר,false,0,8.90,5.93,true,1,
7290019056621,false,ספרינג פירות טרופיים1.5ל,"יפאורה תבורי בע""\מ",IL,משקה ספרינג,ליטרים,1.50,ליטר,false,0,8.90,5.93,true,1,
7290019056638,false,ספרינג תות-בננה 1.5 ליטר,"יפאורה תבורי בע""\מ",IL,ספרינג תות בנ,ליטרים,1.50,ליטר,false,0,8.90,5.93,true,1,
7290019056645,false,ספרינג אגס סברס תפוח1.5ל,"יפאורה תבורי בע""\מ",IL,משקה ספרינג,ליטרים,1.50,ליטר,false,0,8.90,5.93,true,1,
7290019056652,false,ספרינג אננס בננה1.5 ליטר,"יפאורה תבורי בע""\מ",IL,ספרינג אננס ב,ליטרים,1.50,ליטר,false,0,8.90,5.93,true,1,
7290019056669,false,ספרינג תפוחים לייט 1.5 ל,"יפאורה תבורי בע""\מ",IL,ספרינג תפוח ל,ליטרים,1.50,ליטר,false,0,8.50,5.67,true,1,
7290019056676,false,ספרינג אשכולית/אננס לייט,"יפאורה תבורי בע""\מ",IL,ספרינג לייט,ליטרים,1.50,ליטר,false,0,8.50,5.67,true,1,
7290019056720,false,משקה קל ענבים קריסטל 2ל',"יפאורה תבורי בע""\מ",IL,משקה קל ענבים,ליטרים,2.00,ליטר,false,0,7.00,3.50,true,1,
7290019056744,false,משקה קל תפוזים קריסטל 2ל,"יפאורה תבורי בע""\מ",IL,משקה קל תפוזי,ליטרים,2.00,ליטר,false,0,7.00,3.50,true,1,
7290019056768,false,משקה קל מנגו 2 ליטר,"יפאורה תבורי בע""\מ",IL,קריסטל מנגו,ליטרים,2.00,ליטר,false,0,7.00,3.50,true,1,
7290019056775,false,קריסטל ענבים מוגז 2 ליטר,"יפאורה תבורי בע""\מ",IL,קריסטל ענבים,ליטרים,2.00,ליטר,false,0,6.90,3.45,true,1,
7290019056782,false,קריסטל למון ליים 2 ליטר,"יפאורה תבורי בע""\מ",IL,גזוז לימון לי,ליטרים,2.00,ליטר,false,0,6.90,3.45,true,1,
7290019056799,false,קריסטל אקזוטי מוגז 2ליטר,"יפאורה תבורי בע""\מ",IL,קריסטל אקזוטי,ליטרים,2.00,ליטר,false,0,6.90,3.45,true,1,
7290019056805,false,"קריסטל תפו""ע מוגז 2 ליטר","יפאורה תבורי בע""\מ",IL,גזוז בטעם תפו,ליטרים,2.00,ליטר,false,0,6.90,3.45,true,1,
7290019056829,false,קריסטל אורנג' 2 ליטר,"יפאורה תבורי בע""\מ",IL,קריסטל אורנג',ליטרים,2.00,ליטר,false,0,6.90,3.45,true,1,
7290019056836,false,קריסטל תות מוגז 2 ליטר,"יפאורה תבורי בע""\מ",IL,קריסטל מוגז ת,ליטרים,2.00,ליטר,false,0,6.90,3.45,true,1,
7290019056843,false,גזוז בטעם קולה קריסטל 2ל,"יפאורה תבורי בע""\מ",IL,קריסטל קולה,ליטרים,2.00,ליטר,false,0,6.90,3.45,true,1,
7290019056850,false,תה ספרינג דיאט אפרסק1.5ל,"יפאורה תבורי בע""\מ",IL,תה ספרינג דיא,ליטרים,1.50,ליטר,false,0,8.50,5.67,true,1,
7290019056973,false,מים מינרליים מי עדן1.5*6,"מופק ממקור בזלתי עדן ,1",IL,מי עדן 1.5*6ל,ליטרים,9.00,ליטר,false,0,14.70,1.63,true,1,
7290019153023,false,"RC קולה לל""ס1.5*4ליטר","יפאורה תבורי בע""\מ",IL,RC קולה רביעייה,ליטרים,6.00,ליטר,false,1,25.90,4.32,true,1,
7290019302315,false,"באזז אבטיח מבעבע 750 מ""ל",יקבי כרמל,IL,באזז אבטיח מבעבע,מיליליטרים,750.00,"100 מ""ל",false,1,24.90,3.32,true,1,
7290022005562,false,פירורי לחם קריספ+שום300ג,,IL,פירורי לחם קריספ,גרמים,300.00,100 גרם,false,1,7.90,2.63,true,1,
7290100240656,false,פתית קרקר שיפון 300 גרם,יוניליוור ישראל מזון בע\,IL,פתית קרקר שיפון,גרמים,300.00,100 גרם,false,0,16.90,5.63,true,1,
7290100243671,false,"בדין אקסטרה כחול 960 מ""ל",יוניליוור סנאיי וי טיקאר,TR,מרכך כביסה בדין,מיליליטרים,960.00,"100 מ""ל",false,0,19.90,2.07,true,1,
7290100680711,false,פירורית זהב,עינת תעשיות,IL,פירורית זהב אסם,גרמים,350.00,100 גרם,false,0,8.90,2.54,true,1,
7290100680728,false,פירורית רגילה 350 גרם,"אסם השקעות בע""\מ",IL,פירורית אסם,גרמים,350.00,100 גרם,false,0,6.90,1.97,true,1,
7290100681015,false,אינסטנ.פודינג ריבת חלב84,"אסם השקעות בע""מ",IL,אינסטנט פודינג,גרמים,84.00,100 גרם,false,0,5.90,7.02,true,1,
7290100681138,false,אפרופו 50*3 גרם,"אסם השקעות בע""\מ",IL,אפרופו 3יח במארז,גרמים,150.00,100 גרם,false,0,12.90,8.60,true,1,
7290100685136,false,"מרק טעם עוף פרווה 1 ק""ג","אסם השקעות בע""\מ",IL,מרק טעם עוף,קילוגרמים,1.00,"ק""ג",false,0,14.90,14.90,true,1,
7290100685341,false,מרק ט.עוף רכ' טבעיים400ג,"אסם השקעות בע""\מ",IL,מרק טעם עוף,גרמים,400.00,100 גרם,false,0,17.90,4.48,true,1,
7290100687109,false,במבה נוגט 60 גרם,"אסם השקעות בע""\מ",IL,במבה נוגט,גרמים,60.00,100 גרם,false,0,4.90,8.17,true,1,
7290100689301,false,מרק בטעם עוף זך 400גר,"אסם השקעות בע""\מ",IL,מרק בטעם עוף זך,גרמים,400.00,100 גרם,false,0,16.90,4.23,true,1,
7290100700396,false,"אורז יסמין קלאסי 1 ק""ג","סוגת תעשיות בע""\מ",IL,אורז יסמין סוגת,קילוגרמים,1.00,"ק""ג",false,0,11.90,11.90,true,1,
7290100702611,false,פתיתים אפויים אורז500גרם,"אסיף תעשיות מזון בע""\מ",IL,פתיתים סוגת,גרמים,500.00,100 גרם,false,0,4.90,0.98,true,1,
7290100702628,false,פתיתים אפויים קוסקוס500ג,"אסיף תעשיות מזון בע""\מ",IL,פתיתים סוגת,גרמים,500.00,100 גרם,false,0,4.90,0.98,true,1,
7290100850916,false,דוריטוס חמוץ חריף 70 גרם,"שטראוס פריטו ליי בע""\מ )",IL,דוריטוס חמוץ ח,גרמים,70.00,100 גרם,false,0,3.50,5.00,true,1,
7290100850923,false,דוריטוס גריל 70 גרם,"שטראוס פריטו ליי בע""\מ )",IL,דוריטוס גריל,גרמים,70.00,100 גרם,false,0,3.50,5.00,true,1,
7290100850930,false,דוריטוס בטעם טבעי 70 גרם,"שטראוס פריטו ליי בע""\מ )",IL,חטיף דוריטוס,גרמים,70.00,100 גרם,false,0,3.50,5.00,true,1,
7290100852606,false,קפה טורקי 100*4 גרם,שטראוס קפה בי.וי.,IL,קפה טורקי 4 יח,גרמים,400.00,100 גרם,false,0,31.90,7.98,true,1,
7290100858608,false,קקאו עלית 500 גרם,שטראוס קפה בי.ויn\.,IL,קקאו עלית,גרמים,500.00,100 גרם,false,0,24.90,4.98,true,1,
7290100921418,false,מרכך הוואי קרטין מחזק700,טרופיקל דגיל בעמ,IL,מרכך הוואי,מיליליטרים,700.00,"100 מ""ל",false,0,10.90,1.56,true,1,
7290101112228,false,מאגדת גלידל פרי אננס 8יח,פלקו בעמ,IL,מאגדת גלידל פרי,גרמים,640.00,100 גרם,false,48,19.90,3.11,true,1,
7290101113751,false,מאגדת שלגון יולו בלונדי,,IL,מאגדת שלגון יולו,גרמים,200.00,100 גרם,false,1,19.90,9.95,true,1,
7290101113768,false,מאגדת שלגון יולו עוגיות,,IL,מאגדת שלגון יולו,גרמים,200.00,100 גרם,false,1,19.90,9.95,true,1,
7290101113829,false,מאגדת יופלהשייק פרי מנגו,,IL,מאגדת יופלהשייק,גרמים,350.00,100 גרם,false,1,21.90,6.26,true,1,
7290101551539,false,דנונה פרו+חלבון אפרסק200,"שטראוס בריאות בע""מ",IL,דנונה פרו אפרסק,גרמים,200.00,100 גרם,false,1,5.90,2.95,true,1,
7290101551584,false,תפוצ'יפס קידס 20*10 גרם,"שטראוס פריטו ליי בע""מ )פ",IL,תפוצ'יפס קידס10*,גרמים,200.00,100 גרם,false,1,14.90,7.45,true,1,
7290101551638,false,צ'יטוס כאפה מארז 20*10 ג,"שטראוס פריטו ליי בע""מ )פ",IL,צ'יטוס כאפה 10יח,גרמים,200.00,100 גרם,false,1,12.90,6.45,true,1,
7290101581734,false,"מרלו רזרב 750 מ""ל",יקבי בנימינה,IL,מרלו רזרב,מיליליטרים,750.00,"100 מ""ל",false,1,59.90,7.99,true,1,
7290101864127,false,מסיר כתמים קליה750מ,רקיט בנקיזר,IL,קליה ספריי,מיליליטרים,750.00,"100 מ""ל",false,0,18.90,2.52,true,1,
7290102060764,false,2 מברשות שיניים מרידול,גאבה,CH,2 מברשות שיניים,יחידה,1.00,יחידה,false,0,24.90,24.90,true,1,
7290102060979,false,"משחה שיניים אלמקס 100מ""ל",קולגייט- פלמוליב,PL,משחת שיניים,מיליליטרים,100.00,"100 מ""ל",false,0,18.90,18.90,true,1,
7290102393268,false,גבינה לבנה 5% 750 גרם,טרה,IL,גבינה לבנה 5%,גרמים,750.00,100 גרם,false,0,14.50,1.93,true,1,
7290102394463,false,ג.צהובה נעם ואקום28% 500,טרה,IL,גבינה צהובה 28%,גרמים,500.00,100 גרם,false,0,29.90,5.98,true,1,
7290102395521,false,"שמנת לבישול פקק 500 מ""ל",מילקו תעשיות בעמ,IL,שמנת לבישול,מיליליטרים,500.00,"100 מ""ל",false,0,16.90,3.38,true,1,
7290102397891,false,גבינה מותכת 4 * 25 גרם,משק צוריאל,IL,גבינה מותכת,גרמים,100.00,100 גרם,false,1,7.90,7.90,true,1,
7290102611904,false,כפות אמריקאי חד פעמי 100,,CN,כפות חד פעמי,יחידה,1.00,יחידה,false,1,7.90,7.90,true,1,
7290102840175,false,פודינג וניל פרווה 85 גרם,מיה תעשיות מזון מ.ת.מ. ב,IL,פודינג וניל,גרמים,85.00,100 גרם,false,0,3.90,4.59,true,1,
7290102840182,false,פודינג שוקולד פרווה 85גר,מיה תעשיות מזון מ.ת.מ. ב,IL,פודינג שוקולד,גרמים,85.00,100 גרם,false,0,3.90,4.59,true,1,
7290102840199,false,ג'לי משמש פרווה 85 גרם,מיה תעשיות מזון מ.ת.מ. ב,IL,ג'לי משמש,גרמים,90.00,100 גרם,false,0,3.90,4.33,true,1,
7290102840205,false,ג'לי תות 85 גרם,מיה תעשיות מזון מ.ת.מ. ב,IL,ג'לי תות,גרמים,85.00,100 גרם,false,0,3.90,4.59,true,1,
7290103401429,false,קפה פלטינום ברזילאי 200,עלית,IL,קפה פלטינום,גרמים,200.00,100 גרם,false,0,31.90,15.95,true,1,
7290103404758,false,סלט כרוב אדום יום יום120,"שטראוס גרופ בע""\מ",IL,כרוב אדום אחלה,גרמים,120.00,100 גרם,false,0,4.90,4.08,true,1,
7290104061417,false,חומוס עם טחינה אחלה 400ג,"שטראוס גרופ בע""\מ",IL,חומוס טחינה אחלה,גרמים,400.00,100 גרם,false,0,11.90,2.98,true,1,
7290104061424,false,חומוס עם זעתר אחלה 400 ג,"שטראוס גרופ בע""\מ",IL,חומוס זעתר אחלה,גרמים,400.00,100 גרם,false,0,11.90,2.98,true,1,
7290104061431,false,חומוס עם צנובר אחלה 400ג,"שטראוס גרופ בע""\מ",IL,חומוס צנובר אחלה,גרמים,400.00,100 גרם,false,0,11.90,2.98,true,1,
7290104061448,false,חומוס עם חריף אחלה 400 ג,"שטראוס גרופ בע""\מ",IL,חומוס חריף אחלה,גרמים,400.00,100 גרם,false,0,11.90,2.98,true,1,
7290104066566,false,טחינה אחלה 500 גרם,"שטראוס גרופ בע""\מ",IL,טחינה אחלה 500גר,גרמים,500.00,100 גרם,false,0,15.90,3.18,true,1,
7290104500572,false,אפרופו איטליאנו 50 גרם,"אסם השקעות בע""\מ",IL,אפרופו איטליאנו,גרמים,50.00,100 גרם,false,0,4.90,9.80,true,1,
7290104722530,false,תפוצ'יפס שמנת בצל 200גרם,"שטראוס פריטו ליי בע""\מ )",IL,תפוצ'יפס שמנת,גרמים,200.00,100 גרם,false,0,10.90,5.45,true,1,
7290104726712,false,מארז מילקי ט.שוקולד170*8,"שטראוס גרופ בע""\מ",IL,מארז מילקי 8 יח',ליטרים,1.36,ליטר,false,0,19.90,14.63,true,1,
7290104728310,false,שמנת לקצפת 38% 250 גרם,מחלבת יטבתה,IL,שמנת לקצפת 38%,גרמים,250.00,100 גרם,false,0,5.90,2.36,true,1,
7290104729010,false,לבן בטעם תות 100 גרם,מחלבת יטבתה,IL,לבן בטעם תות,גרמים,100.00,100 גרם,false,0,1.50,1.50,true,1,
7290104961526,false,טיטניום ספריי קלאסי150מ,קרליין,IL,טיטניום ספריי,מיליליטרים,150.00,"100 מ""ל",false,0,12.90,8.60,true,1,
7290104961540,false,טיטניום ספריי מטאל 150מ,קרליין,IL,טיטניום ספריי,מיליליטרים,150.00,"100 מ""ל",false,0,12.90,8.60,true,1,
7290104963001,false,מגבונים סופטקר עדין72*4,טרופיקל דגיל,IL,מגבונים סופטקר,יחידה,1.00,יחידה,false,1,19.90,19.90,true,1,
7290104964756,false,"תיאדנט מי פה ענבים150מ""ל",אמיליה קוסמטיקס בע'\'\מ,IL,תיאדנט מי פה,מיליליטרים,150.00,"100 מ""ל",false,1,16.90,11.27,true,1,
7290105362339,false,שמנת לבישול15%מהדרין250,מחלבת יטבתה,IL,שמנת לבישול 15%,מיליליטרים,250.00,"100 מ""ל",false,0,8.90,3.56,true,1,
7290105366023,false,חציל בטעם כבד 400 גרם,"שטראוס גרופ בע""\מ",IL,חציל בטעם כבד,גרמים,400.00,100 גרם,false,0,15.90,3.98,true,1,
7290105368331,false,"מילקי בטעם תות 170 מ""ל",שטראוס,IL,מילקי טעם תות,מיליליטרים,170.00,"100 מ""ל",false,0,2.90,1.71,true,1,
7290105368904,false,שמנת מתוקה להקצפה32% 250,מחלבת יטבתה,IL,שמנת מתוקה32%,מיליליטרים,250.00,"100 מ""ל",false,0,7.90,3.16,true,1,
7290105439581,false,חרדל דיז'ון צרפתי 370גרם,רמיה סי.וי.הולנד,FR,חרדל דיז'ון,גרמים,370.00,100 גרם,false,1,11.90,3.22,true,1,
7290105500151,false,וודקה פינלנדיה,,FI,וודקה פינלנדיה,מיליליטרים,700.00,"100 מ""ל",false,0,69.90,9.99,true,1,
7290105500953,false,וויסקי,,BE,וויסקי,מיליליטרים,700.00,"100 מ""ל",false,0,119.90,17.13,true,1,
7290105693341,false,במבה 25*10 גרם,"אסם השקעות בע""\מ",IL,במבה 10 יח,גרמים,250.00,100 גרם,false,0,15.90,6.36,true,1,
7290105962331,false,סחוג חריף מאוד זהבי220ג,"זהבי הכרם בע""\מ",IL,סחוג חריף זהבי,גרמים,220.00,100 גרם,false,0,12.90,5.86,true,1,
7290105965738,false,דנונה לשתיה תות בננה267ג,"שטראוס גרופ בע""\מ",IL,דנונה לשתיה,גרמים,267.00,100 גרם,false,0,5.30,1.99,true,1,
7290105968098,false,סלט קולסלאו אחלה 500 גרם,"שטראוס גרופ בע""\מ",IL,סלט קולסלאו אחלה,גרמים,500.00,100 גרם,false,0,15.90,3.18,true,1,
7290105968654,false,רביולי בטטה פרווה 400 גר,"שטראוס גרופ בע""\מ",IL,רביולי בטטה 400ג,גרמים,400.00,100 גרם,false,0,19.90,4.98,true,1,
7290106513013,false,רוגלך 700 גרם,,IL,רוגלך 700 גרם,גרמים,700.00,100 גרם,false,1,19.90,2.84,true,1,
7290106513075,false,רוגלך עלים 700 גרם,,IL,רוגלך עלים 700גר,גרמים,700.00,100 גרם,false,1,19.90,2.84,true,1,
7290106513082,false,עוגיות מלוחות 700 גרם,,IL,עוגיות 700גרם,גרמים,700.00,100 גרם,false,1,19.90,2.84,true,1,
7290106513143,false,עוגיות בצק עלים 700 גרם,,IL,עוג.בצק עלים,גרמים,700.00,100 גרם,false,1,19.90,2.84,true,1,
7290106520066,false,רבע לשבע גלילית אגוז160ג,"הגביע מוצרי וופלים בע""\מ",IL,רבע לשבע 160 גרם,גרמים,160.00,100 גרם,false,0,11.90,7.44,true,1,
7290106520905,false,סלט טורקי 400 גרם,"שטראוס גרופ בע""\מ",IL,סלט טורקי,גרמים,400.00,100 גרם,false,0,15.90,3.98,true,1,
7290106520912,false,"שמנת לבישול 9% 250 מ""ל",מחלבת יטבתה,IL,שמנת לבישול 9%,מיליליטרים,250.00,"100 מ""ל",false,0,8.90,3.56,true,1,
7290106524439,false,תפוצ'יפס פופס טבעי 60גרם,"שטראוס פריטו ליי בע""\מ )",IL,תפוצ'יפס פופס,גרמים,60.00,100 גרם,false,1,3.90,6.50,true,1,
7290106528567,false,דוריטוס גריל 185 גרם,"שטראוס פריטו ליי בע""\מ )",IL,דוריטוס גריל,גרמים,185.00,100 גרם,false,1,7.90,4.27,true,1,
7290106528628,false,דוריטוס Dippas טבעי185ג,"שטראוס פריטו ליי בע""\מ )",IL,דוריטוס Dippas,גרמים,185.00,100 גרם,false,1,7.90,4.27,true,1,
7290106572027,false,לחמית חמישה דגנים 190גרם,"אסם השקעות בע""\מ",IL,לחמית 5 דגנים,גרמים,190.00,100 גרם,false,0,8.90,4.68,true,1,
7290106573628,false,חומוס עם טחינה צבר 400גר,סלטי צבר,IL,חומוס עם טחינה,גרמים,400.00,100 גרם,false,0,11.90,2.98,true,1,
7290106574793,false,עוגת שוקו שוקוצ'יפס350ג,"אסם השקעות בע""\מ",IL,עוגת הבית,גרמים,350.00,100 גרם,false,0,12.90,3.69,true,1,
7290106574953,false,בייגלה שטוחים שומשום300ג,"אסם השקעות בע""\מ",IL,בייגלה שטוחים,גרמים,300.00,100 גרם,false,0,10.90,3.63,true,1,
7290106574977,false,בייגלה שטוחים מלח300גרם,"אסם השקעות בע""\מ",IL,בייגלה שטוחים,גרמים,300.00,100 גרם,false,0,10.90,3.63,true,1,
7290106576513,false,חומוס צבר 400 גרם,סלטי צבר,IL,חומוס צבר,גרמים,400.00,100 גרם,false,0,10.90,2.73,true,1,
7290106576537,false,חומוס מסעדה צבר 700גרם,סלטי צבר,IL,חומוס מסעדה צבר,גרמים,700.00,100 גרם,false,0,11.90,1.70,true,1,
7290106576858,false,לה קרמריה תותים,,IL,לה קרמריה,ליטרים,1.40,ליטר,false,0,19.90,14.21,true,1,
7290106576919,false,לה קרמריה סורבה,גלידות נסטלה )נגה גלידות,IL,לח קרמריה,ליטרים,1.40,ליטר,false,0,19.90,14.21,true,1,
7290106576971,false,לה קרמריה שוקולד בלגי .1,גלידות נסטלה,IL,לה קרמריה,ליטרים,1.40,ליטר,false,0,19.90,14.21,true,1,
7290106576995,false,לה קרמריה תות מנגו לייט,גלידות נסטלה )נגה גלידות,IL,לה קרמריה לייט,ליטרים,1.40,ליטר,false,0,19.90,14.21,true,1,
7290106577039,false,לה קרמריה וניל+שוק,גלידות נסטלה,IL,לא קרמריה,ליטרים,1.40,ליטר,false,0,19.90,14.21,true,1,
7290106577282,false,טחינה צבר מרובע 400 גרם,סלטי צבר,IL,טחינה צבר,גרמים,400.00,100 גרם,false,0,12.90,3.23,true,1,
7290106660649,false,ציטוס בוטנים 80 גרם,"שטראוס פריטו ליי בע""\מ )",IL,ציטוס בוטנים,גרמים,80.00,100 גרם,false,1,3.90,4.88,true,1,
7290106664067,false,לאבנה ש.זית וזעתר10% 400,"מחלבות בר בכפר בע""\מ",IL,לאבנה שמן זית,גרמים,400.00,100 גרם,false,1,14.90,3.73,true,1,
7290106664562,false,רוטב שמנת+פטריות 9% 200מ,יטבתה,IL,רוטב שמנת פטריות,מיליליטרים,250.00,"100 מ""ל",false,1,10.90,4.36,true,1,
7290106667266,false,דוריטוס חמוץ חריף 185גרם,"שטראוס פריטו ליי בע""\מ )",IL,דוריטוס,גרמים,185.00,100 גרם,false,1,7.90,4.27,true,1,
7290106668577,false,"מיץ לימון 250 מ""ל",יורופוד ס.ר.ל,IT,מיץ לימון,גרמים,250.00,100 גרם,false,1,7.90,3.16,true,1,
7290106721913,false,מסטיק מרעננת מגדים 66גרם,עלית,IL,מסטיק מרעננת,גרמים,66.00,100 גרם,false,1,9.90,15.00,true,1,
7290106721920,false,מסטיק ספירמינט צ'יקלט66ג,"שטראוס גרופ בע""\מ.",IL,מסטיק ספירמינט,גרמים,66.00,100 גרם,false,1,9.90,15.00,true,1,
7290107280822,false,ריצפז פרש הום ספא 2 ליטר,"סנו מפעלי ברונוס בע""\מ",IL,ריצפז פרש הום,ליטרים,2.00,ליטר,false,0,19.90,9.95,true,1,
7290107646062,false,מרק בצל רכיבים טבעיים400,יוניליוור ישראל מזון בע\,IL,מרק בצל,גרמים,400.00,100 גרם,false,1,24.90,6.23,true,1,
7290107646154,false,חטיפי קוקומן פצפוצ 21*6ג,יוניליוור ישראל מזון בעמ,IL,חטיפי קוקומן 6יח,גרמים,126.00,100 גרם,false,1,14.90,11.83,true,1,
7290107647731,false,קוקומן חום לבן 375 גרם,יוניליוור ישראל מזון בעמ,IL,קוקומן חום לבן,גרמים,375.00,100 גרם,false,1,19.90,5.31,true,1,
7290107647816,false,"ברנפלקס ללת""ס 500 גרם",יוניליוור ישראל מזון בעמ,IL,"ברנפלקס ללת""ס",גרמים,500.00,100 גרם,false,1,21.90,4.38,true,1,
7290107648943,false,ברנפלקס קרנצ'ים מייפל375,"יוניליוור שפע ישראל בע""\",IL,ברנפלקס קרנצ'ים,גרמים,375.00,100 גרם,false,1,21.90,5.84,true,1,
7290107649100,false,בייגלה טבעות+שומשום300ג,בייגל את בייגל מזון 198),IL,בייגלה טבעות,גרמים,300.00,100 גרם,false,1,9.90,3.30,true,1,
7290107874502,false,ביסלי גריל 55*4 גרם,"אסם השקעות בע""\מ",IL,ביסלי גריל 4 יח,גרמים,220.00,100 גרם,false,1,12.90,5.86,true,1,
7290107875271,false,ביסלי ברביקיו 55*4 גרם,"אסם השקעות בע""\מ",IL,ביסלי ברביקיו4יח,גרמים,220.00,100 גרם,false,1,12.90,5.86,true,1,
7290107877619,false,במבה מילוי קרם נוגט30*5ג,"אסם השקעות בע""\מ",IL,במבה נוגט 5 יח,גרמים,150.00,100 גרם,false,1,13.90,9.27,true,1,
7290107879569,false,מאגדת לה פרוטה מנגו 5יח,גלידות נסטלה )נגה גלידות,IL,מאגדת לה פרוטה,גרמים,350.00,100 גרם,false,1,23.90,6.83,true,1,
7290107932080,false,חלב מועשר3% בקבוק 1ליטר,מחלבת יטבתה,IL,חלב מועשר 3%,ליטרים,1.00,ליטר,false,1,7.90,7.90,true,1,
7290107932134,false,חלב מועשר1% בקבוק 1ליטר,מחלבת יטבתה,IL,חלב מועשר 1%,ליטרים,1.00,ליטר,false,1,7.90,7.90,true,1,
7290107937634,false,קוביות פפרמינט צנצנת 58ג,אסקום קונפקשיין,DE,קוביות מסטיק,גרמים,58.00,100 גרם,false,1,9.90,17.07,true,1,
7290107937641,false,מסטיק בזוקה קוביות צנצ58,עלית,DE,קוביות מסטיק,גרמים,58.00,100 גרם,false,1,9.90,17.07,true,1,
7290107938396,false,"מארז אקטימל תות 100*8מ""ל","שטראוס בריאות בע""\מ",IL,אקטימל תות 8יח',מיליליטרים,800.00,"100 מ""ל",false,1,21.90,2.74,true,1,
7290107940467,false,אקטיביה 1.5% 200 גרם,"שטראוס גרופ בע""\מ",IL,אקטיביה 1.5%,גרמים,200.00,100 גרם,false,1,3.90,1.95,true,1,
7290107951715,false,מסטיק קוביות ענבים צנצ58,אסקום קונפקשיין,IL,מסטיק קוביות,גרמים,58.00,100 גרם,false,1,9.90,17.07,true,1,
7290107953559,false,קפה טורקי לדרך 24 * 7 גר,שטראוס קפה בי.וי.,IL,קפה טורקי לדרך,גרמים,168.00,100 גרם,false,1,19.90,11.85,true,1,
7290107956710,false,מיני מילקי שרינק 70*16גר,"שטראוס גרופ בע""\מ",IL,מיני מילקי 16 יח,קילוגרמים,1.12,"ק""ג",false,1,21.90,19.55,true,1,
7290107956963,false,מארז דנונה תות 100X12 גר,שטראוס מחלבות,IL,מארז דנונה תות,קילוגרמים,1.20,"ק""ג",false,1,21.90,18.25,true,1,
7290107958035,false,דנונה מתיקות מעודנת150*8,"שטראוס גרופ בע""\מ",IL,דנונה מעודן 8 יח,קילוגרמים,1.20,"ק""ג",false,1,19.90,16.58,true,1,
7290107974301,false,ליידי ס.סטיק אלוורה ג'ל,קולגייט פלמוליב,US,ליידי ספיד סטיק,גרמים,45.00,100 גרם,false,1,19.90,44.22,true,1,
7290107974820,false,ממרח מתובל ספייסי 250גרם,רמיה סי.וי.הולנד,NL,ממרח מתובל ספייס,גרמים,250.00,100 גרם,false,1,8.90,3.56,true,1,
7290107974837,false,ממרח מתובל שום 250 גרם,רמיה סי.וי.הולנד,NL,ממרח מתובל שום,גרמים,250.00,100 גרם,false,1,8.90,3.56,true,1,
7290108350616,false,מרכך מקסימה בלו 1 ליטר,"סנו מפעלי ברונוס בע""\מ",IL,מרכך מקסימה,ליטרים,1.00,ליטר,false,1,16.90,16.90,true,1,
7290108350623,false,מרכך מקסימה סופט סילק1ל,"סנו מפעלי ברונוס בע""\מ",IL,מרכך מקסימה,ליטרים,1.00,ליטר,false,1,16.90,16.90,true,1,
7290108351590,false,"סנופרש הום בלוסם 350 מ""ל",,IL,סנופרש בלוסם,מיליליטרים,350.00,"100 מ""ל",false,1,11.90,3.40,true,1,
7290108351606,false,סנופרש הום סופט סילק 350,סנו מפעלי ברונוס בעמ,IL,סנופרש הום,מיליליטרים,350.00,"100 מ""ל",false,1,11.90,3.40,true,1,
7290108351613,false,ריצפז פרש הום בית מלון2ל,"סנו מפעלי ברונוס בע""\מ",IL,ריצפז פרש הום,ליטרים,2.00,ליטר,false,1,19.90,9.95,true,1,
7290108351811,false,מרכך כביסה פלורל טאצ1ל,סנו מפעלי ברונוס בעמ,IL,מרכך מקסימה,ליטרים,1.00,ליטר,false,1,16.90,16.90,true,1,
7290108352337,false,סנן פרש מילוי 250מל,סנו מפעלי ברונוס בעמ,IL,סנו פרש מילוי,מיליליטרים,250.00,"100 מ""ל",false,1,14.90,5.96,true,1,
7290108352399,false,ריצפז פרש הום ניח.מרכך2ל,"סנו מפעלי ברונוס בע""\מ",IL,ריצפז פרש הום,ליטרים,2.00,ליטר,false,1,19.90,9.95,true,1,
7290108352863,false,20שקיות צלייה סנו סושי L,סנו מפעלי ברונוס בעמ . ח,TR,שקיות צלייה,יחידה,1.00,יחידה,false,1,9.90,9.90,true,1,
7290108352924,false,80כפפות ניטריל Mסנו סושי,תאי ד.בו,TH,כפפות ניטריל M,יחידה,1.00,יחידה,false,1,29.90,29.90,true,1,
7290108353099,false,ממחטות אף סופט 5 * 100יח,איימי פייפר,CN,ממחטות סופט מארז,יחידה,1.00,יחידה,false,1,12.90,12.90,true,1,
7290108353440,false,2 מברשות 12000 סיבים,Plastic Z.H.T,CN,מברשות שיניים2יח,יחידה,1.00,יחידה,false,1,31.90,31.90,true,1,
7290108353501,false,שק.אשפה XXL עם ידיות25יח,"סנאט גרופ, טורקיה",TR,שקיות אשפה XXL,יחידה,1.00,יחידה,false,1,21.90,21.90,true,1,
7290108353648,false,שקיות אוכל מנייר 70 יחיד,איי טיי אריזות טורקיה,TR,שקיות אוכל מנייר,יחידה,1.00,יחידה,false,1,10.90,10.90,true,1,
7290108354492,false,קרליין 10 שמפו ארגן 700מ,"קוסמופארם בע""\מ",IL,שמפו 10 ארגן,מיליליטרים,700.00,"100 מ""ל",false,1,13.90,1.99,true,1,
7290108354591,false,נקה 7ביו רחצה קקטוס750מל,"קוסמופארם בע""\מ",IL,תחליב רחצה נקה 7,מיליליטרים,750.00,"100 מ""ל",false,1,11.90,1.59,true,1,
7290108354614,false,מרכך נקה7ביו מי קקטוס750,"קוסמופארם בע""\מ",IL,מרכך נקה 7 קקטוס,מיליליטרים,750.00,"100 מ""ל",false,1,11.90,1.59,true,1,
7290108355130,false,בייבי כיף שמן לפ.שינה500,קוסמופארם,IL,בייבי כיף שמן,מיליליטרים,500.00,"100 מ""ל",false,1,26.90,5.38,true,1,
7290108355154,false,שמפו נקה 7 שמני הזנה 750,קוסמופארם בעמ,IL,שמפו נקה 7,מיליליטרים,750.00,"100 מ""ל",false,1,11.90,1.59,true,1,
7290108356021,false,כיף תחליב רחצה עוגיות700,קוסמופארם,IL,כיף תחליב רחצה,מיליליטרים,700.00,"100 מ""ל",false,1,11.90,1.70,true,1,
7290108356113,false,כיף תחליב רח.חלב ודבש700,קוסמופארם,IL,כיף תחליב רחצה,מיליליטרים,700.00,"100 מ""ל",false,1,11.90,1.70,true,1,
7290108356489,false,כיף תחליב רחצה אפרסק700מ,קוסמופארם בעמ,IL,תחליב רחצה אפרסק,מיליליטרים,700.00,"100 מ""ל",false,1,11.90,1.70,true,1,
7290108356533,false,שמפו 10 לשיער מתולתל700מ,"קוסמופארם בע""\מ",IL,שמפו 10 קרליין,מיליליטרים,700.00,"100 מ""ל",false,1,13.90,1.99,true,1,
7290108356564,false,מרכך 10 לשיער רגיל 700מל,"קוסמופארם בע""\מn\",IL,מרכך 10 קרליין,מיליליטרים,700.00,"100 מ""ל",false,1,13.90,1.99,true,1,
7290108356571,false,מרכך 10 לשיער יבש 700 מל,"קוסמופארם בע""\מ",IL,מרכך 10 קרליין,מיליליטרים,700.00,"100 מ""ל",false,1,13.90,1.99,true,1,
7290108357004,false,כיף שמפו מועשר בשמן 700מ,"קוסמופארם בע""\מ",IL,שמפו כיף,מיליליטרים,700.00,"100 מ""ל",false,1,12.90,1.84,true,1,
7290108357042,false,דאו.רולאון ביו ציטרוס75מ,"קוסמופארם בע""\מ",IL,דאו.רולאון ביו,מיליליטרים,75.00,"100 מ""ל",false,1,14.90,19.87,true,1,
7290108357226,false,אוקסיג'ן פאואר כב.לבן1.4,,IL,אוקסיג'ן פאואר,קילוגרמים,1.40,"ק""ג",false,1,29.90,21.36,true,1,
7290108357288,false,סנו ג'אוול ניחוח פריחה4ל,,IL,אקונומיקה ג'אוול,ליטרים,4.00,ליטר,false,1,16.90,4.23,true,1,
7290108357295,false,מסיר כתמים לכביסה 750מל,סנו,IL,אוקסיג'ן מסיר,מיליליטרים,750.00,"100 מ""ל",false,1,17.90,2.39,true,1,
7290108357707,false,כיף שמפו לשיער רגיל 700מ,קוסמופארם,IL,כיף שמפו,מיליליטרים,700.00,"100 מ""ל",false,1,12.90,1.84,true,1,
7290108357714,false,כיף שמפו לשיער יבש700מ,קוסמופארם,IL,כיף שמפו,מיליליטרים,700.00,"100 מ""ל",false,1,12.90,1.84,true,1,
7290108357745,false,"כיף 2ב1 שמפו ומרכך 700מ""",קוסמופארם,IL,כיף 2in1 שמפו,מיליליטרים,700.00,"100 מ""ל",false,1,12.90,1.84,true,1,
7290108357875,false,"כיף שמפו אפרסק 700 מ""ל",קוסמופארם בעמ,IL,כיף שמפו אפרסק,מיליליטרים,700.00,"100 מ""ל",false,1,12.90,1.84,true,1,
7290108357882,false,"כיף מרכך אפרסק 700מ""ל",קוסמופארם בעמ,IL,כיף מרכך לשיער,מיליליטרים,700.00,"100 מ""ל",false,1,12.90,1.84,true,1,
7290108359060,false,סנו סושי - כריות ניקוי ל,סנו מפעלי ברונו בעמ,IL,כריות ניקוי לשבת,יחידה,1.00,יחידה,false,1,11.90,11.90,true,1,
7290108507058,false,ביסקויט בשוקולד חלב100גר,דן קייק,TR,ביסקויט מצופה,גרמים,100.00,100 גרם,false,1,5.90,5.90,true,1,
7290108507652,false,ביסקויט בשוקולד לבן100גר,דן קייק,TR,ביסקויט מצופנ,גרמים,100.00,100 גרם,false,1,5.90,5.90,true,1,
7290108620108,false,יין אימפריאל קברנה סובינ,יקב ציון,IL,יין אימפריאל קבר,מיליליטרים,750.00,"100 מ""ל",false,1,26.90,3.59,true,1,
7290108620115,false,"יין אימפריאל מרלו 750 מ""",יקב ציון,IL,יין אימפריאל מרל,מיליליטרים,750.00,"100 מ""ל",false,1,26.90,3.59,true,1,
7290108620122,false,יין אימפריאל קברנה מרלו,יקב ציון,IL,יין אימפריאל קבר,מיליליטרים,750.00,"100 מ""ל",false,1,26.90,3.59,true,1,
7290108620245,false,תירוש לבן מובחר 100% 1לי,יקב ציון,IL,תירוש לבן מובחר,ליטרים,1.00,ליטר,false,1,17.90,17.90,true,1,
7290109351025,false,חומוסטחינה צבר 400 גרם,סלטי צבר,IL,חומוסטחינה צבר,גרמים,400.00,100 גרם,false,1,13.90,3.48,true,1,
7290109354101,false,לחמית ללא גלוטן 200 גרם,אסם,IL,לחמית ללא גלוטן,גרמים,200.00,100 גרם,false,1,9.90,4.95,true,1,
7290109354996,false,פתי בר לל.גלוטן שוקו200ג,"אסם השקעות בע""\מ",IL,פתי בר ללא גלוטן,גרמים,200.00,100 גרם,false,1,9.90,4.95,true,1,
7290109358482,false,קרמוגית במילוי חלבה200גר,"הגביע מוצרי וופלים בע""\מ",IL,קרמוגית חלבה,גרמים,200.00,100 גרם,false,1,10.90,5.45,true,1,
7290109358765,false,קראנץ' רולס 450 גרם,"אסם השקעות בע""\מ",IL,קראנץ' רולס,גרמים,450.00,100 גרם,false,1,23.90,5.31,true,1,
7290109580043,false,שניצל תירס 1.75 קג בדצ,,IL,שניצל תירס 1.75ק,קילוגרמים,1.75,"ק""ג",false,1,49.90,28.51,true,1,
7290109580258,false,תה מעושן+ח.עוף והודו,,IL,נקניק תה+חזהעוף,קילוגרמים,0.60,"ק""ג",false,1,29.90,49.83,true,1,
7290109580302,false,זוג תה מעושן+חזה עוף,,IL,זוג תה מעושן+חזה,גרמים,700.00,100 גרם,false,1,28.90,4.13,true,1,
7290109580326,false,נקניקיות עוף 800 גרם,,IL,נקניקיות עוף,גרמים,800.00,100 גרם,false,1,21.90,2.74,true,1,
7290109580357,false,זוג חרמון +ח.ברביקיו 300,,IL,זוג חרמון,גרמים,600.00,100 גרם,false,1,31.90,5.32,true,1,
7290110001841,false,חמאת בוטנים טבעית 760 גר,בטר אנד דיפרנט,IL,תמאת בוטנים טבעי,גרמים,760.00,100 גרם,false,1,21.90,2.88,true,1,
7290110001902,false,חמאת בוטנים מתוקה 760 גר,בטר אנד דיפרנט,IL,חמאת בוטנים,גרמים,760.00,100 גרם,false,1,21.90,2.88,true,1,
7290110002206,false,"שמן קוקוס 500 מ""ל","בטר אנד דיפרנט בע""מ",IL,שמן קוקוס 500 מ',מיליליטרים,500.00,"100 מ""ל",false,1,22.90,4.58,true,1,
7290110110369,false,קרלסברג לומה 6בק* 330מל,מבשלות בירה בינלאומיות ב,IL,קרלסברג לומה 6יח,ליטרים,1.98,ליטר,false,1,39.90,20.15,true,1,
7290110110451,false,"פריגת צלול ענבים 500 מ""ל",מבשלות בירה בינלאומית בע,IL,פריגת צלול ענבים,מיליליטרים,500.00,"100 מ""ל",false,1,5.00,1.00,true,1,
7290110113377,false,קוקה קולה 4 * 1 ליטר,החברה המרכזית לייצור משק,IL,קוקה קולה 4 יח,ליטרים,4.00,ליטר,false,1,21.90,5.48,true,1,
7290110114787,false,נביעות+טעם תפוח 1.5 ליטר,נביעות טבע הגליל בעמ,IL,נביעות+תפוח,ליטרים,1.50,ליטר,false,0,9.00,6.00,true,1,
7290110114794,false,נביעות+טעם אפרסק 1.5ליטר,"נביעות טבע הגליל בע""\מ ,",IL,נביעות+אפרסק,ליטרים,1.50,ליטר,false,0,9.00,6.00,true,1,
7290110114800,false,נביעות+טעם ענבים 1.5ליטר,"נביעות טבע הגליל בע""\מ",IL,נביעות+ענבים,ליטרים,1.50,ליטר,false,0,9.00,6.00,true,1,
7290110114855,false,מים מינרל.נביעות 1.5*6ל,נביעות טבע הגליל בעמ,IL,מים נביעות1.5*6ל,ליטרים,9.00,ליטר,false,0,11.90,1.32,true,1,
7290110114886,false,מיץ קלמנט.סחוט טבעי2ליטר,גת,IL,מיץ קלמנטינות,ליטרים,2.00,ליטר,false,0,26.90,13.45,true,1,
7290110114961,false,פריגת תפוזים 1.5 ליטר,מבשלות בירה בינלאומיות ב,IL,פריגת תפוזים,ליטרים,1.50,ליטר,false,0,8.90,5.93,true,1,
7290110114985,false,פריגת אשכוליות 1.5 ליטר,מבשלות בירה בינלאומיות ב,IL,פריגת אשכוליו,ליטרים,1.50,ליטר,false,0,8.90,5.93,true,1,
7290110115005,false,פריגת ענבים 1.5 ליטר,מבשלות בירה בינלאומיות ב,IL,פריגת ענבים,ליטרים,1.50,ליטר,false,0,8.90,5.93,true,1,
7290110115036,false,פריגת מנגו 1.5 ליטר,מבשלות בירה בינלאומיות ב,IL,פריגת מנגו,ליטרים,1.50,ליטר,false,0,8.90,5.93,true,1,
7290110115043,false,פריגת לימונענע 1.5 ליטר,מבשלות בירה בינלאומיות ב,IL,"משק""ל פריגת",ליטרים,1.50,ליטר,false,0,8.90,5.93,true,1,
7290110115050,false,פריגת מיקס תות-בננה1.5ל,מבשלות בירה בינלאומיות ב,IL,פריגת תות בננ,ליטרים,1.50,ליטר,false,0,8.90,5.93,true,1,
7290110115203,false,קוקה קולה בקבוק 1.5 ליטר,החברה המרכזית לייצור משק,IL,קוקה קולה,ליטרים,1.50,ליטר,false,0,8.90,5.93,true,1,
7290110115210,false,קולה דיאט בקבוק 1.5 ל',החברה המרכזית לייצור משק,IL,קוקה קולה דיא,ליטרים,1.50,ליטר,false,0,8.50,5.67,true,1,
7290110115227,false,קוקה קולה זירו 1.5 ליטר,החברה המרכזית לייצור משק,IL,קוקה קולה זיר,ליטרים,1.50,ליטר,false,0,8.50,5.67,true,1,
7290110115234,false,קולה זירו נטול קפאין1.5ל,החברה המרכזית לייצור משק,IL,קולה זירו נטו,ליטרים,1.50,ליטר,false,0,8.50,5.67,true,1,
7290110115241,false,קולה זירו לימון 1.5 ליטר,החברה המרכזית לייצור משק,IL,קולה זירו לימ,ליטרים,1.50,ליטר,false,0,8.50,5.67,true,1,
7290110115258,false,קולה זירו מנגו 1.5 ליטר,החברה המרכזית לייצור משק,IL,קולה זירו מנג,ליטרים,1.50,ליטר,false,0,8.50,5.67,true,1,
7290110115265,false,ספרייט ליים 1.5 ליטר,החברה המרכזית לייצור משק,IL,ספרייט ליים,ליטרים,1.50,ליטר,false,0,8.90,5.93,true,1,
7290110115272,false,ספרייט זירו 1.5 ליטר,החברה המרכזית לייצור משק,IL,ספרייט זירו,ליטרים,1.50,ליטר,false,0,8.50,5.67,true,1,
7290110115296,false,פאנטה אורנג' 1.5 ל',החברה המרכזית לייצור משק,IL,פאנטה אורנג',ליטרים,1.50,ליטר,false,0,9.00,6.00,true,1,
7290110115302,false,פאנטה זירו ט.אורנג' 1.5ל,החברה המרכזית לייצור משק,IL,פאנטה זירו או,ליטרים,1.50,ליטר,false,0,8.50,5.67,true,1,
7290110115319,false,פאנטה אקזוטי 1.5 ליטר,החברה המרכזית לייצור משק,IL,פאנטה אקזוטי,ליטרים,1.50,ליטר,false,0,9.00,6.00,true,1,
7290110115333,false,פאנטה תות 1.5 ליטר,החברה המרכזית לייצור משק,IL,פאנטה תות,ליטרים,1.50,ליטר,false,0,9.00,6.00,true,1,
7290110115364,false,קוקה קולה 1.5*6 ליטר,החברה המרכזית לייצור משק,IL,קוקה קולה1.5*6ל,ליטרים,9.00,ליטר,false,0,49.90,5.54,true,1,
7290110115401,false,קינלי סודה 1.5*6 ליטר,החברה המרכזית לייצור משק,IL,קינלי סודה1.5*6ל,ליטרים,9.00,ליטר,false,0,16.90,1.88,true,1,
7290110115418,false,קוקה קולה זירו 1.5*6 ל',החברה המרכזית לייצור משק,IL,קולה זירו1.5*6ל,ליטרים,9.00,ליטר,false,0,48.90,5.43,true,1,
7290110115449,false,פיוז תה מנגו אננס 1.5ל,מבשלות בירה בינלאומיות ב,IL,תה מנגו אננס,ליטרים,1.50,ליטר,false,0,9.90,6.60,true,1,
7290110115456,false,פיוז תה אפרסק19 קלור1.5.,מבשלות בירה בינלאומיות ב,IL,פיוז תה אפרסק,ליטרים,1.50,ליטר,false,0,9.50,6.33,true,1,
7290110115463,false,פיוז תה קר אפרסק 1.5ליטר,מבשלות בירה בינלאומיות ב,IL,פיוז תה אפרסק,ליטרים,1.50,ליטר,false,0,9.90,6.60,true,1,
7290110115494,false,פיוז תה ענבים 1.5 ליטר,מבשלות בירה בינלאומית בע,IL,פיוז תה ענבים,ליטרים,1.50,ליטר,false,0,9.90,6.60,true,1,
7290110115616,false,פיוז תה אננס זירו 1.5 ל',מבשלות בירה בינלאומיות ב,IL,פיוז תה אננס,ליטרים,1.50,ליטר,false,1,9.50,6.33,true,1,
7290110115623,false,פיוז תה אפרסק זירו 1.5 ל,מבשלות בירה בינלאומיות ב,IL,פיוז תה אפרסק,ליטרים,1.50,ליטר,false,1,9.50,6.33,true,1,
7290110116552,false,ספרייט למון היט 1.5 ליטר,החברה המרכזית לייצור משק,IL,ספרייט למון היט,ליטרים,1.50,ליטר,false,1,8.90,5.93,true,1,
7290110116569,false,ספרייט זירו למון היט1.5ל,החברה המרכזית לייצור משק,IL,ספרייט זירו למון,ליטרים,1.50,ליטר,false,1,8.50,5.67,true,1,
7290110320867,false,פתיתי עמק 28% 500גרם,תנובה,IL,פתיתי עמק,גרמים,500.00,100 גרם,false,1,34.90,6.98,true,1,
7290110321277,false,קוטג' בקטנה 5% 100 גרם,תנובה,IL,קוטג' בקטנה 5%,גרמים,100.00,100 גרם,false,1,2.90,2.90,true,1,
7290110321468,false,"יופלה תות בד""צ 100*12ג",תנובה בעמ,IL,מארז יופלה,קילוגרמים,1.20,"ק""ג",false,1,26.90,22.42,true,1,
7290110324926,false,"משקה סויה ללת""ס 1 ליטר","תנובה בע""\מ",IL,"משקה סויה ללת""ס",ליטרים,1.00,ליטר,false,1,11.90,11.90,true,1,
7290110325084,false,מיני קרלו שוניל 100*8גרם,"תנובה בע""\מ",IL,מיני קרלו 8 יח,גרמים,800.00,100 גרם,false,1,14.90,1.86,true,1,
7290110325619,false,משקה שיבולת שועל 1 ליטר,"תנובה בע""\מ",IL,משקה שיבולת שועל,ליטרים,1.00,ליטר,false,1,12.90,12.90,true,1,
7290110326210,false,יופלה און טופ פצפוצים157,מחלבת אלון תבור,IL,יופלה און טופ,גרמים,157.00,100 גרם,false,1,4.90,3.12,true,1,
7290110326227,false,יופלה און טופ קורנפלק157,מחלבת אלון תבור,IL,יופלה און טופ,גרמים,157.00,100 גרם,false,1,4.90,3.12,true,1,
7290110326234,false,יופלה און טופ כוכבים157ג,מחלבת אלון תבור,IL,יופלה און טופ,גרמים,157.00,100 גרם,false,1,4.90,3.12,true,1,
7290110326241,false,יופלה און טופ גרנולה157ג,מחלבת אלון תבור,IL,יופלה און טופ,גרמים,157.00,100 גרם,false,1,4.90,3.12,true,1,
7290110326982,false,יולו משקה חלב +שוקולד 1ל,תנובה,IL,יולו משקה חלב,ליטרים,1.00,ליטר,false,1,13.90,13.90,true,1,
7290110328627,false,יוג.גו קרמי בננה קרמל200,תנובה בעמ,IL,יוגורט גו קרמי,גרמים,200.00,100 גרם,false,1,5.90,2.95,true,1,
7290110328764,false,יוגורט גו קרמי תות0% 200,תנובה בעמ,IL,יוגורט גו קרמי,גרמים,200.00,100 גרם,false,1,5.90,2.95,true,1,
7290110328788,false,יוג.גו קרמי אפרסק0% 200ג,תנובה בעמ,IL,יוגורט גו סמיך,גרמים,200.00,100 גרם,false,1,5.90,2.95,true,1,
7290110328931,false,פתיתי גבינה למאפים 500 ג,"תנובה בע""\מ",IL,פתיתי גבינה 500ג,גרמים,500.00,100 גרם,false,1,26.90,5.38,true,1,
7290110329136,false,מעדן חלב גו שוקןלד 120גר,"תנובה בע""\מ",IL,מעדן חלב גו,גרמים,120.00,100 גרם,false,1,4.90,4.08,true,1,
7290110329143,false,מעדן חלב גו וניל 120גרם,"תנובה בע""\מ",IL,מעדן חלב גו,גרמים,120.00,100 גרם,false,1,4.90,4.08,true,1,
7290110329716,false,משקה קפה קר קפוצ'ינו230ג,"תנובה בע""\מ",IL,משקה קפה קר,גרמים,230.00,100 גרם,false,1,7.90,3.43,true,1,
7290110329723,false,משקה קפה קר לאטה230גרם,"תנובה בע""\מ",IL,משקה קפה קר לאטה,גרמים,230.00,100 גרם,false,1,7.90,3.43,true,1,
7290110329730,false,משקה חלב שוקולד וקפה230ג,"תנובה בע""\מ",IL,משקה חלב שוקולד,גרמים,230.00,100 גרם,false,1,7.90,3.43,true,1,
7290110329792,false,מעדן סויה ביו אפרסק150ג,"תנובה בע""\מ",IL,מעדן סויה ביו,גרמים,150.00,100 גרם,false,1,4.90,3.27,true,1,
7290110329808,false,מעדן סויה ביו תות 150 גר,"תנובה בע""\מ",IL,מעדן סויה ביו,גרמים,150.00,100 גרם,false,1,4.90,3.27,true,1,
7290110329815,false,מעדן סויה ביו מעודנת150ג,"תנובה בע""\מ",IL,מעדן סויה ביו,גרמים,150.00,100 גרם,false,1,4.90,3.27,true,1,
7290110329822,false,מעדן סויה ביו פ.יער150גר,"תנובה בע""\מ",IL,מעדן סויה ביו,גרמים,150.00,100 גרם,false,1,4.90,3.27,true,1,
7290110329839,false,פרוסות צהובה ט.זיתים200,"תנובה בע""\מ",IL,פרוסות צהובה,גרמים,200.00,100 גרם,false,1,22.90,11.45,true,1,
7290110329846,false,מעדן סויה ביו טבעי 150 ג,"תנובה בע""\מ",IL,מעדן ביו טבעי,גרמים,150.00,100 גרם,false,1,4.90,3.27,true,1,
7290110329914,false,משקה ש.שועל ושקדים100*6ג,תנובה בעמ,IL,משקה שיבולת שועל,גרמים,600.00,100 גרם,false,1,20.90,3.48,true,1,
7290110552220,false,דנונ.פרו ללא סוכר תות200,"שטראוס בריאות בע""\מ",IL,דנונה פרו חלבון,גרמים,200.00,100 גרם,false,1,5.90,2.95,true,1,
7290110554095,false,דבש לחיץ 440 גרם,מכוורת יד מרדכי שטראוס ב,IL,דבש לחיץ,גרמים,440.00,100 גרם,false,1,24.90,5.66,true,1,
7290110554422,false,רוטב עגב.פלפ.לשקשוקה350ג,אמיליאנה קונסרב סוסייטה,IT,רוטב לשקשוקה,גרמים,350.00,100 גרם,false,1,11.90,3.40,true,1,
7290110554583,false,צ'יטוס PUFFS גבינה20*10ג,"שטראוס פריטו ליי בע""\מ )",IL,צ'יטוס פאפס 10יח,גרמים,200.00,100 גרם,false,1,12.90,6.45,true,1,
7290110555306,false,רבע לשבע טבעוני סינמו125,"הגביע מוצרי וופלים בע""\מ",IL,רב לשבע טבעוני,גרמים,125.00,100 גרם,false,1,11.90,9.52,true,1,
7290110556242,false,שוקולד פרה מריר פרווה100,נטרה סנט אטיין,FR,שוקולד פרה מריר,גרמים,100.00,100 גרם,false,1,5.90,5.90,true,1,
7290110557133,false,מעדן הגולן וניל 125 גרם,"שטראוס בריאות בע""\מ",IL,מעדן הגולן וניל,גרמים,125.00,100 גרם,false,1,3.30,2.64,true,1,
7290110557478,false,חומוס גלילי 600 גרם,"שטראוס גרופ בע""\מ",IL,חומוס גלילי,גרמים,600.00,100 גרם,false,1,12.90,2.15,true,1,
7290110558314,false,דנונה פרו ל.סוכר פיסט200,"שטראוס בריאות בע""\מ",IL,דנונה פרו,גרמים,200.00,100 גרם,false,1,5.90,2.95,true,1,
7290110560300,false,פריכיות פלפל שחור30 גרם,פרח,IL,פריכיות אנרג'י,גרמים,30.00,100 גרם,false,1,5.90,19.67,true,1,
7290110560317,false,פריכיות משולש מלח ים30גר,פרח,IL,פריכיות אנרג'י,גרמים,30.00,100 גרם,false,1,5.90,19.67,true,1,
7290110560324,false,פריכיות משולשות+אפונה30ג,פרח,IL,פריכיות אנרג'י,גרמים,30.00,100 גרם,false,1,5.90,19.67,true,1,
7290110563462,false,חלב נטול לקטוז 2% 1 ליטר,מחלבת יטבתה,IL,חלב נטול לקטוז,ליטרים,1.00,ליטר,false,1,7.90,7.90,true,1,
7290110564360,false,חומוס עשיר ב40% טחינה400,"שטראוס גרופ בע""\מ",IL,חומוס בטחינה,גרמים,400.00,100 גרם,false,1,13.90,3.48,true,1,
7290110565527,false,דנונה פרו 20ג חלבון 200ג,"שטראוס גרופ בע""\מ",IL,דנונה פרו חלבון,גרמים,200.00,100 גרם,false,1,5.90,2.95,true,1,
7290110566975,false,דנונ.פרו20ג חלבון תות200,"שטראוס בריאות בע""\מ",IL,דנונה פרו חלבון,גרמים,200.00,100 גרם,false,1,5.90,2.95,true,1,
7290110567057,false,מסטיק מנטה חזקה 66 גרם,אסקום קונפקשיין,DE,מסטיק מאסט,גרמים,66.00,100 גרם,false,1,9.90,15.00,true,1,
7290110568238,false,קצפת צמחית יטבתה21% 250מ,מחלבת יטבתה,IL,קצפת צמחית יטבתה,מיליליטרים,250.00,"100 מ""ל",false,1,7.90,3.16,true,1,
7290110568559,false,דוריטוס חמוץ חריף 25*10ג,"שטראוס פריטו ליי בע""מ )פ",IL,דוריטוס 10 יח,גרמים,250.00,100 גרם,false,1,13.90,5.56,true,1,
7290111343124,false,נייר טואלט לילי דאבל 24ג,,IL,נייר ט.לילי דאבל,מטרים,883.00,100 מטר,false,1,59.90,6.78,true,1,
7290111353376,false,מנטוס שמחות מנטה 250 גרם,,NL,מנטוס שמחות,גרמים,250.00,100 גרם,false,1,14.90,5.96,true,1,
7290111353383,false,מנטוס שמחות תות 250 גרם,,NL,מנטוס שמחות,גרמים,250.00,100 גרם,false,1,14.90,5.96,true,1,
7290111534010,false,עוגת גבינה שמנת+פירור450,תופינים מקבוצת קפולסקי,IL,עוגת גבינה שמנת,גרמים,450.00,100 גרם,false,1,37.90,8.42,true,1,
7290111564277,false,פריכיות דק.פיטנס3דגנ120ג,פרח תעשיות בעמ,IL,פריכיות פיטנס,גרמים,120.00,100 גרם,false,1,11.90,9.92,true,1,
7290111564291,false,פריכיות דקות+קינואה120גר,פרח תעשיות בעמ,IL,פריכיות פיטנס,גרמים,120.00,100 גרם,false,1,11.90,9.92,true,1,
7290111565038,false,לה קרמריה קוקילידה 1.4 ל,גלידות נסטלה,IL,להקרמריה קוקיליד,ליטרים,1.40,ליטר,false,1,19.90,14.21,true,1,
7290111566318,false,שניצל דק מן הצומח 564 גר,טבעול,IL,שניצל דק מן הצומ,גרמים,564.00,100 גרם,false,1,29.90,5.30,true,1,
7290111568275,false,נודלס אטריות אורז רחב300,תאי פרזידנט,TH,נודלס אטריות,גרמים,300.00,100 גרם,false,1,9.90,3.30,true,1,
7290111663093,false,מפיות פרינס סופיה 20 יחי,DOMOS,DE,מפיות פרינס,יחידה,1.00,יחידה,false,1,5.90,5.90,true,1,
7290111665073,false,מפיות פרינס 20 יח,DOMOS,DE,מפיות פרינס 20יח,יחידה,1.00,יחידה,false,1,5.90,5.90,true,1,
7290111665349,false,קש כפית 100 יחידות,,CN,קש כפית100יחידות,יחידה,1.00,יחידה,false,1,12.90,12.90,true,1,
7290111666216,false,מפיות רויאל מוטבעות 20יח,תבניכל,CN,מפיות רויאל מוטב,יחידה,1.00,יחידה,false,1,5.90,5.90,true,1,
7290111666438,false,מאפינס מוזהב 12 יח,,CN,מאפינס מוזהב,יחידה,1.00,יחידה,false,1,6.90,6.90,true,1,
7290111667541,false,קשים מנייר פסים צבעוני,,CN,קשים 50 יחידות,יחידה,1.00,יחידה,false,1,4.90,4.90,true,1,
7290111930898,false,פוף כוכבים גריל אמריקא40,מנה,IL,פוף כוכבים גריל,גרמים,40.00,100 גרם,false,1,3.90,9.75,true,1,
7290111930904,false,פוף כוכבים בצל 40 גרם,מנה,IL,פוף כוכבים בצל,גרמים,40.00,100 גרם,false,1,3.90,9.75,true,1,
7290111930911,false,פוף לבבות רגיל 40 גרם,מנה,IL,פוף לבבות רגיל,גרמים,40.00,100 גרם,false,1,3.90,9.75,true,1,
7290111930928,false,פוף לבבות גריל 40 גרם,מנה,IL,פוף לבבות גריל,גרמים,40.00,100 גרם,false,1,3.90,9.75,true,1,
7290111930935,false,פוף טבעות קלאסי 40 גרם,מנה,IL,פוף טבעות,גרמים,40.00,100 גרם,false,1,3.90,9.75,true,1,
7290111938481,false,"רוטב סויה בהירה 300 מ""ל",,TH,רוטב סויה בהירה,מיליליטרים,300.00,"100 מ""ל",false,1,9.90,3.30,true,1,
7290112004413,false,וניש ספרי לכביסה לבנה750,רקיט בנקיזר,PL,מסיר כתמים ספריי,מיליליטרים,750.00,"100 מ""ל",false,1,18.90,2.52,true,1,
7290112004970,false,פיניש אולטימייט 50 יח,רקיט בנקיזר,PL,פיניש אולטימייט,יחידה,1.00,יחידה,false,1,54.90,54.90,true,1,
7290112041913,false,זוג כוסיות קריסטל קטן,,IL,זוג כוסיות קריסט,יחידה,1.00,יחידה,false,1,11.90,11.90,true,1,
7290112197733,false,מש.שיניים סנסודיין פרש,,GB,סנסודיין 100*2מל,מיליליטרים,200.00,"100 מ""ל",false,1,39.90,19.95,true,1,
7290112332691,false,פינוקיות קרם פסק זמן200ג,"הגביע מוצרי וופלים בע""\מ",IL,פינוקיות פסק זמן,גרמים,200.00,100 גרם,false,1,11.90,5.95,true,1,
7290112336637,false,סוכ.מאסט יוגורט תות 80גר,מיישקו,PL,סוכריות מאסט,גרמים,80.00,100 גרם,false,1,8.90,11.13,true,1,
7290112336644,false,סוכריות מאסט לימון 80גרם,מיישקו,PL,סוכריות מאסט,גרמים,80.00,100 גרם,false,1,8.90,11.13,true,1,
7290112336651,false,סוכריות מאסט ריבת חלב80ג,מיישקו,PL,סוכריות מאסט,גרמים,80.00,100 גרם,false,1,8.90,11.13,true,1,
7290112337474,false,סוכריות מאסט פטל לימון80,מיישקו,PL,סוכריות מאסט,גרמים,80.00,100 גרם,false,1,8.90,11.13,true,1,
7290112337481,false,סוכריות מאסט קפוצ'ינו80ג,מיישקו,PL,סוכריות מאסט,גרמים,80.00,100 גרם,false,1,8.90,11.13,true,1,
7290112339867,false,גמדים סקוויז לדרך תות100,"שטראוס בריאות בע""\מ",IL,גמדים לדרך,גרמים,100.00,100 גרם,false,1,5.90,5.90,true,1,
7290112339874,false,גמדים לדרך תות בננה100ג,"שטראוס בריאות בע""\מ",IL,גמדים לדרך,גרמים,100.00,100 גרם,false,1,5.90,5.90,true,1,
7290112340245,false,מסטיק דובדבן צנצנת 66גרם,"שטראוס גרופ בע""\מ",IL,מסטיק דובדבן,גרמים,66.00,100 גרם,false,1,9.90,15.00,true,1,
7290112340252,false,מסטיק אבטיח מלון צנצנת66,"שטראוס גרופ בע""\מ",IL,מסטיק אבטיח מלון,גרמים,66.00,100 גרם,false,1,9.90,15.00,true,1,
7290112340276,false,פינוקיות קרם קפה נמס200ג,"הגביע מוצרי וופלים בע""\מ",IL,פינוקיות קרם קפה,גרמים,200.00,100 גרם,false,1,11.90,5.95,true,1,
7290112343499,false,חטיף puffs צ'יטוס 55 גרם,"שטראוס פריטו ליי בע""\מ )",IL,חטיף צ'יטוס puff,גרמים,55.00,100 גרם,false,1,3.90,7.09,true,1,
7290112344564,false,רביולי גבינה קידס 400 גר,"שטראוס גרופ בע""\מ",IL,רביולי גבינה,גרמים,400.00,100 גרם,false,1,19.90,4.98,true,1,
7290112344724,false,מילקי בלונדי 133 גרם,"שטראוס גרופ בע""\מ",IL,מילקי בלונדי,גרמים,133.00,100 גרם,false,1,3.50,2.63,true,1,
7290112344786,false,קפה פלטינום קלאסיק200גרם,שטראוס קפה בי.וי.,IL,קפה נמס פלטינום,גרמים,200.00,100 גרם,false,1,31.90,15.95,true,1,
7290112346537,false,פינוקיות בטעם טורטית200ג,"הגביע מוצרי ופלים בע""\מ",IL,פינוקיות טורטית,גרמים,200.00,100 גרם,false,1,11.90,5.95,true,1,
7290112349538,false,קפה טורקי עלית 160 גרם,שטראוס קפה בי.וי.,IL,קפה טורקי עלית,גרמים,160.00,100 גרם,false,1,12.90,8.06,true,1,
7290112351258,false,פינוקיות שחור לבן 200גרם,"הגביע מוצרי ופלים בע""\מ",IL,פינוקיות שחור לב,גרמים,200.00,100 גרם,false,1,11.90,5.95,true,1,
7290112351470,false,"סוכ.טעם רימון תות לל""ס45","הליקון גידה בע""\מ",TR,"סוכריות לל""ס",גרמים,45.00,100 גרם,false,1,8.90,19.78,true,1,
7290112355027,false,דנונה פרו20 קרמל מלוח200,"שטראוס בריאות בע""\מ",IL,דנונה פרו קרמל,גרמים,200.00,100 גרם,false,1,5.90,2.95,true,1,
7290112355812,false,מילקי טופ קורנפלקס 141גר,"שטראוס גרופ בע""\מ",IL,מילקי טופ,גרמים,141.00,100 גרם,false,1,4.90,3.48,true,1,
7290112490117,false,שוקולד קליק וופל ואגוז85,יוניליוור ישראל מזון בע\,IL,שוקולד קליק,גרמים,85.00,100 גרם,false,1,5.90,6.94,true,1,
7290112490209,false,נמס בכוס עגבניות ר. טבעי,יוניליוור ישראל מזון בעמ,IL,מרק נמס בכוס,גרמים,56.00,100 גרם,false,1,6.90,12.32,true,1,
7290112490230,false,נמס בכוס אפונה ר. טבעיים,יוניליוור ישראל מזון בעמ,IL,מרק נמס בכוס,גרמים,50.00,100 גרם,false,1,6.90,13.80,true,1,
7290112490742,false,מרק עשיר פטריות ר.טבע104,יוניליוור ישראל מזון בע\,IL,מרק עשיר פטריות,גרמים,104.00,100 גרם,false,1,11.90,11.44,true,1,
7290112490896,false,רוטב צ'ילי חריף 370 גרם,יוניליוור,IL,רוטב צ'ילי חריף,גרמים,370.00,100 גרם,false,1,11.90,3.22,true,1,
7290112491794,false,בייגלה דקים שמנת ובצל300,בייגל את בייגל מזון 198),IL,בייגלה דקים,גרמים,300.00,100 גרם,false,1,9.90,3.30,true,1,
7290112492487,false,שמפו עם שמן מרוקאי700,יוניליוור ישראל טיפוח אי,IL,שמפו פינוק,מיליליטרים,700.00,"100 מ""ל",false,1,12.90,1.84,true,1,
7290112492500,false,פינוק שמפו שמן קוקוס700מ,יוניליוור,IL,שמפו פינוק,מיליליטרים,700.00,"100 מ""ל",false,1,12.90,1.84,true,1,
7290112492531,false,"מרכך פינוק רגיל 700 מ""ל",יוניליוור,IL,מרכך לשיער רגיל,מיליליטרים,700.00,"100 מ""ל",false,1,12.90,1.84,true,1,
7290112492593,false,תח.רחצה פינוק קלאסי700מ,יוניליוור ישראל טיפוח אי,IL,תחליב רחצה פינוק,מיליליטרים,700.00,"100 מ""ל",false,1,12.90,1.84,true,1,
7290112492609,false,תח.פינוק לבנדר וניל 700מ,יוניליוור ישראל טיפוח אי,IL,תחליב רחצה פינוק,מיליליטרים,700.00,"100 מ""ל",false,1,12.90,1.84,true,1,
7290112492630,false,פינוק רחצה לגבר3ב1 700מל,יוניליוור ישראל טיפוח אי,IL,פינוק 3 ב1- לגבר,מיליליטרים,700.00,"100 מ""ל",false,1,12.90,1.84,true,1,
7290112492647,false,שמפו 3 ב1- לגבר ספורט 70,יוניליוור ישראל טיפוח אי,IL,פינוק רחצה לגבר,מיליליטרים,700.00,"100 מ""ל",false,1,12.90,1.84,true,1,
7290112492982,false,מרק פטריות רכיב.טבעים400,יוניליוור ישראל מזון בע\,IL,מרק פטריות,גרמים,400.00,100 גרם,false,1,24.90,6.23,true,1,
7290112493293,false,נמס בכוס ירקות ר.טבעי44ג,יוניליוור ישראל מזון בעמ,IL,נמס בכוס,גרמים,44.00,100 גרם,false,1,6.90,15.68,true,1,
7290112493316,false,מרק עשיר אפונה ר.טבעי117,יוניליוור ישראל מזון בעמ,IL,מרק עשיר אפונה,גרמים,117.00,100 גרם,false,1,11.90,10.17,true,1,
7290112495037,false,קוקומן כדורים 375 גרם,יוניליוור שפע ישראל בעמ,IL,קוקומן כדורים,גרמים,375.00,100 גרם,false,1,21.90,5.84,true,1,
7290112495044,false,קוקומן פצפוצים 375 גרם,"יוניליור שפע ישראל בע""\מ",IL,קוקומן פצפוצים,גרמים,375.00,100 גרם,false,1,21.90,5.84,true,1,
7290112495105,false,נשנושים ט.שמנת+בצל260ג,בייגל את בייגל מזון 198),IL,נשנושים שמנת בצל,גרמים,260.00,100 גרם,false,1,12.90,4.96,true,1,
7290112495143,false,נשנושים קוקטייל מלוח300ג,בייגל את בייגל מזון 198),IL,נשנושי קרקר,גרמים,300.00,100 גרם,false,1,12.90,4.30,true,1,
7290112495150,false,נשנושי קרקר מלוח 300 גרם,בייגל את בייגל מזון 198),IL,נשנושי קרקר,גרמים,300.00,100 גרם,false,1,12.90,4.30,true,1,
7290112495167,false,נשנושי קרקר שומשום300ג,בייגל את בייגל מזון 198),IL,נשנושי קרקר משול,גרמים,300.00,100 גרם,false,1,12.90,4.30,true,1,
7290112495433,false,דגני בוקר דליפקאן 400גרם,"יוניליור שפע ישראל בע""\מ",IL,דגני בוקר דליפקא,גרמים,400.00,100 גרם,false,1,21.90,5.48,true,1,
7290112495761,false,רוטב אלף האיים לייט305ג,יוניליוור ישראל מזון בעמ,IL,רוטב אלף האיים,גרמים,305.00,100 גרם,false,1,10.90,3.57,true,1,
7290112495785,false,רוטב שום לסלט 300 גרם,יוניליוור ישראל מזון בעמ,IL,רוטב שום לסלט,גרמים,300.00,100 גרם,false,1,10.90,3.63,true,1,
7290112496027,false,סירופ בטעם שוקולד 580 גר,יוניליוור ישראל מזון בע\,IL,סירופ בטעם שוקול,גרמים,580.00,100 גרם,false,1,13.90,2.40,true,1,
7290112499639,false,טילון סופר מגנום ונילשוק,"מיוצר ע""\י גלידת שטראוס",IL,טילון סופר מגנום,יחידה,1.00,יחידה,false,1,9.90,9.90,true,1,
7290112499677,false,מגנום שוקולד לבן 85 גרם,"מיוצר ע""\י גלידת שטראוס",IL,מגנום שוקולדלבן,יחידה,1.00,יחידה,false,1,9.90,9.90,true,1,
7290112499936,false,מגנום שקדים יחידה,"מיוצר ע""\י גלידת שטראוס",IL,מגנום שקדים,יחידה,1.00,יחידה,false,1,9.90,9.90,true,1,
7290112963321,false,"גרטיפי בייגלה לל""ג300ג","אסם השקעות בע""\מ",IL,גרטיפיי בייגלה,גרמים,300.00,100 גרם,false,1,14.90,4.97,true,1,
7290112963918,false,קרקר דק רוזמרין פיטנס140,אסם,IL,קרקר דק פיטנס,גרמים,140.00,100 גרם,false,1,11.90,8.50,true,1,
7290112964410,false,רוטב אלף האיים 290 גרם,אסם,IL,רוטב אלף האיים,גרמים,290.00,100 גרם,false,1,9.90,3.41,true,1,
7290112966445,false,במבה תות 100 גרם,"אסם השקעות בע""\מ",IL,במבה תות,גרמים,100.00,100 גרם,false,1,7.90,7.90,true,1,
7290112966841,false,פודינג ט.שוקולד מריר90גר,"אסם השקעות בע""\מ",IL,פודינג שוקולד,גרמים,90.00,100 גרם,false,1,5.90,6.56,true,1,
7290112967138,false,"בייגלה שמיניות לל""ג 250ג","אסם השקעות בע""\מ",IL,בייגלה שמיניות,גרמים,250.00,100 גרם,false,1,12.90,5.16,true,1,
7290112967220,false,מארז ביסלי ברביקיו 20X10,"אסם השקעות בע""\מ",IL,מארז ביסלי,גרמים,200.00,100 גרם,false,1,12.90,6.45,true,1,
7290112968203,false,סלט טחינה בלאדי 250 גרם,צבר,IL,סלט טחינה בלאדי,גרמים,250.00,100 גרם,false,1,11.90,4.76,true,1,
7290112968708,false,"טבעול שניצל תירס 1.3 ק""ג","טבעול תעשיות מזון בע""\מ",IL,טבעול שניצל תירס,קילוגרמים,1.30,"ק""ג",false,1,41.90,32.23,true,1,
7290112968722,false,"טבעול נקניקיות 1.2 ק""ג","טבעול תעשיות מזון בע""\מ",IL,נקניקיה מן הצומח,קילוגרמים,1.20,"ק""ג",false,1,41.90,34.92,true,1,
7290112968807,false,קרקר דק פיטנס סלק 140גרם,אסם,IL,קרקר דק פיטנס,גרמים,140.00,100 גרם,false,1,11.90,8.50,true,1,
7290114600941,false,מיונז לחיץ מאסטר שף435גר,,NL,מיונז לחיץ,גרמים,435.00,100 גרם,false,1,13.90,3.20,true,1,
7290114600989,false,רוטב אלף האיים מ.שף250מל,,NL,רוטב אלף האיים,מיליליטרים,250.00,"100 מ""ל",false,1,10.90,4.36,true,1,
7290114606530,false,רוטב ט. מיונז וקטשופ515ג,,NL,רוטב טעם מיונז,גרמים,515.00,100 גרם,false,1,13.90,2.70,true,1,
7290115190014,false,מרלבורו רד קצר חפיסה,פיליפ מוריס,IL,מרלבורו רד קצר,יחידה,1.00,יחידה,false,1,36.90,36.90,false,1,
7290115190090,false,מרלבורו גולד קצר חפיסה,פיליפ מוריס,US,מרלבורו גולד קצר,יחידה,1.00,יחידה,false,1,36.90,36.90,false,1,
7290115190397,false,אל אם רד קצר חפיסה,פיליפ מוריס,US,אל אם רד קצר חפ,יחידה,1.00,יחידה,false,1,33.90,33.90,false,1,
7290115200676,false,קרמוגית קרמל מלוח 200גרם,"הגביע מוצרי וופלים בע""\מ",IL,קרמוגית קרמל,גרמים,200.00,100 גרם,false,1,10.90,5.45,true,1,
7290115200713,false,במבה קלאסי 5 * 50 ג,"אסם השקעות בע""\מ",IL,במבה קלאסי 5 יח,גרמים,250.00,100 גרם,false,1,12.90,5.16,true,1,
7290115201680,false,ביסלי ברביקיו 70 גרם,"אסם השקעות בע""\מ",IL,ביסלי ברביקיו,גרמים,70.00,100 גרם,false,1,3.90,5.57,true,1,
7290115201741,false,ביסלי בצל 70 גרם,"אסם השקעות בע""\מ",IL,ביסלי בצל,גרמים,70.00,100 גרם,false,1,3.90,5.57,true,1,
7290115202434,false,חומוס עם זעתר צבר 375 גר,מפעל צבר,IL,חומוס עם זעתר צב,גרמים,375.00,100 גרם,false,1,11.90,3.17,true,1,
7290115207941,false,ויטמינצ'יק אננס 1 ליטר,בית-השיטה עסיס תעשיות מז,IL,ויטמינצ'יק אננס,ליטרים,1.00,ליטר,false,1,19.90,19.90,true,1,
7290115207989,false,ויטמינצ'יק לימון 1 ליטר,בית-השיטה עסיס תעשיות מז,IL,ויטמינצ'יק לימון,ליטרים,1.00,ליטר,false,1,19.90,19.90,true,1,
7290115208047,false,ויטמינצ'יק פטל 1 ליטר,בית-השיטה עסיס תעשיות מז,IL,ויטמינצ'יק פטל,ליטרים,1.00,ליטר,false,1,19.90,19.90,true,1,
7290115208061,false,ויטמינצ'יק תפוח 1 ליטר,בית השיטה עסיס תעשיות מז,IL,ויטמינצ'יק תפוח,ליטרים,1.00,ליטר,false,1,19.90,19.90,true,1,
7290115403299,false,עוגיות פרפריות 450 גרם,"שיבולים א.ד.ל ק""\א",IL,עוגיות פרפריות,גרמים,450.00,100 גרם,false,1,15.90,3.53,true,1,
7290115403411,false,עוגיות עינוגים אגוזים,,IL,עוגיות עינוגים,גרמים,500.00,100 גרם,false,1,15.90,3.18,true,1,
7290115403480,false,עוגיות בסגנון מרוקאי 500,,IL,עוגיות מרוקאי,גרמים,500.00,100 גרם,false,1,15.90,3.18,true,1,
7290115403565,false,עוגיות קיפל וניל 500 גרם,,IL,עוגיות קיפל וניל,גרמים,500.00,100 גרם,false,1,15.90,3.18,true,1,
7290115405651,false,כדורי שוקולד עם סוכריות,קפולסקי אדל,IL,כדורי שוקולד280ג,גרמים,280.00,100 גרם,false,1,29.90,10.68,true,1,
7290115405804,false,פחזניות בטעם תות 180 גרם,קפולסקי אדל,IL,פחזניות בטעם תות,גרמים,180.00,100 גרם,false,1,14.90,8.28,true,1,
7290115678376,false,מעדן הגולן שוקולד 125 גר,"שטראוס בריאות בע""\מ",IL,מעדן הגולן,גרמים,125.00,100 גרם,false,1,3.30,2.64,true,1,
7290115678383,false,מעדן הגולן שוק.מריר125גר,"שטראוס בריאות בע""\מ",IL,מעדן הגולן,גרמים,125.00,100 גרם,false,1,3.30,2.64,true,1,
7290115678888,false,שוקולית טופי קרמל 500 גר,שטראוס קפה בי.וי.,IL,שוקולית טופי,גרמים,500.00,100 גרם,false,1,15.90,3.18,true,1,
7290115730944,false,כוס יהלום 25 יחידות,תבניכל,CN,כוס יהלום,יחידה,1.00,יחידה,false,1,7.90,7.90,true,1,
7290115731507,false,גביעי דוריקינו קטנים 12,,CN,גביעי דוריקינו,יחידה,1.00,יחידה,false,1,9.90,9.90,true,1,
7290115731521,false,גביעי אפולי קטנים 12 יחי,,CN,גביעי אפולי,יחידה,1.00,יחידה,false,1,9.90,9.90,true,1,
7290115731552,false,גביעי קוביקינו קטנים12יח,,CN,גביעי קוביקינו,יחידה,1.00,יחידה,false,1,9.90,9.90,true,1,
7290115733099,false,"כוסות ח""פ ספיר 75 יחידות",פלזית,IL,"כוסות ח""פ 75יח",יחידה,1.00,יחידה,false,1,9.90,9.90,true,1,
7290115733228,false,מאפינס ברונזה 12 יח,,CN,מאפינס ברונזה,יחידה,1.00,יחידה,false,1,6.90,6.90,true,1,
7290115734997,false,מפיות איכותיות רויאל 3 ש,,IL,מפיות איכותיות ר,יחידה,1.00,יחידה,false,1,5.90,5.90,true,1,
7290115736083,false,קיסם דנטלי בקופסא 300 יח,תבניכל,CN,קיסם דנטלי,יחידה,1.00,יחידה,false,1,6.90,6.90,true,1,
7290115736120,false,8 צלחות קטנות שחור כלנית,,IL,8 צלחות קטנות שח,יחידה,1.00,יחידה,false,1,10.90,10.90,true,1,
7290115736151,false,8 צלחות קטנות נצנץ זהב כ,,IL,8 צלחות קטנות נצ,יחידה,1.00,יחידה,false,1,10.90,10.90,true,1,
7290115736298,false,8 צלחות גדולות קרם כלני,,IL,8 צלחות גדולות ק,יחידה,1.00,יחידה,false,1,20.90,20.90,true,1,
7290115736304,false,8 צלחות גדולות שחור כלני,,IL,8 צלחות גדולות ש,יחידה,1.00,יחידה,false,1,20.90,20.90,true,1,
7290115736335,false,8 צלחות גדולות נצנץ זהב,,IL,8 צלחות גדולות נ,יחידה,1.00,יחידה,false,1,20.90,20.90,true,1,
7290115736380,false,8 צלחות בינוני קרם כלנית,,IL,8 צלחות בינוני ק,יחידה,1.00,יחידה,false,1,16.90,16.90,true,1,
7290115736472,false,6 קסרול נצנץ קרם כלנית,,IL,6 קסרול נצנץ קרם,יחידה,1.00,יחידה,false,1,7.90,7.90,true,1,
7290115736519,false,6 קסרול נצנץ זהב כלנית,,IL,6 קסרול נצנץ זהב,יחידה,1.00,יחידה,false,1,7.90,7.90,true,1,
7290116530062,false,רוטב לסלט ויניגרט 295 גר,יוניליוור ישראל מזון בע\,IL,רוטב ויניגרט,גרמים,295.00,100 גרם,false,1,10.90,3.69,true,1,
7290116530185,false,דגני בוקר דלישקד קרמל400,"יוניליוור שפע ישראל בע""\",IL,דלישקד קרמל,גרמים,400.00,100 גרם,false,1,21.90,5.48,true,1,
7290116530482,false,קורנפלקס אלופים 30*5 גרם,פרומיניו,IL,קורנפלקס 5 יח,גרמים,150.00,100 גרם,false,1,12.90,8.60,true,1,
7290116530871,false,חט.נשנושים מיקס+בייגל240,"דרך השוקולד ,1 צפת 13404",IL,חטיף נשנושים,גרמים,240.00,100 גרם,false,1,12.90,5.38,true,1,
7290116530895,false,תרסיס למייבש פינוק500מל,"זוהר דליה, קיבוץ דליה, 1",IL,תרסיס למייבש,מיליליטרים,500.00,"100 מ""ל",false,1,16.90,3.38,true,1,
7290116531083,false,ברנפלקס ט.דבש+שקדים400גר,"יוניליוור שפע ישראל בע""\",IL,ברנפלקס טעם דבש,גרמים,400.00,100 גרם,false,1,21.90,5.48,true,1,
7290116531779,false,דפי מרכך למייבש כחול40יח,,US,דפים למייבש,יחידה,1.00,יחידה,false,1,16.90,16.90,true,1,
7290116532011,false,חטיף קליק נוגט 35 גרם,תות תעשיות מזון (2014) ב,IL,חטיף קליק נוגט,גרמים,35.00,100 גרם,false,1,4.90,14.00,true,1,
7290116533063,false,שוגי בטעם קרטיב ענבים400,"יוניליוור שפע ישראל בע""\",IL,שוגי קרטיב ענבים,גרמים,400.00,100 גרם,false,1,21.90,5.48,true,1,
7290116930435,false,יוגורט גו סמיך דובדבן200,"תנובה בע""\מ",IL,יוגורט גו סמיך,גרמים,200.00,100 גרם,false,1,5.90,2.95,true,1,
7290116930459,false,שייק בננה אננס קוקס230מל,תנובה בעמ,IL,יופלה שייק,מיליליטרים,230.00,"100 מ""ל",false,1,8.90,3.87,true,1,
7290116930466,false,שייק מנגו בננה פסיפלו230,תנובה בעמ,IL,יופלה שייק,מיליליטרים,230.00,"100 מ""ל",false,1,8.90,3.87,true,1,
7290116931081,false,מעדן סויה טופי קרמל 125ג,תנובה בעמ,IL,מעדן סויה טופי,גרמים,125.00,100 גרם,false,1,4.50,3.60,true,1,
7290116931104,false,יופלה גו סמיך אננס 200 ג,תנובה בעמ,IL,יופלה גו סמיך,גרמים,200.00,100 גרם,false,1,5.90,2.95,true,1,
7290117030929,false,תבניות אלומיניום 31-R 10,,IL,תבניות אלומיניום,יחידה,1.00,יחידה,false,1,8.90,8.90,true,1,
7290117030936,false,10תבניות אלומיניום 2-R,,IL,תבניות אלומיניום,יחידה,1.00,יחידה,false,1,8.90,8.90,true,1,
7290117030967,false,תבניות אינגלייש 88-R,,IL,תבניות אלומיניום,יחידה,1.00,יחידה,false,1,8.90,8.90,true,1,
7290117030981,false,תבניות אלומ. עגולות 60-C,,IL,תבניות אלומיניום,יחידה,1.00,יחידה,false,1,8.90,8.90,true,1,
7290117030998,false,תבניות אלומ.גדולות 10-C,,IL,תבניות אלומיניום,יחידה,1.00,יחידה,false,1,8.90,8.90,true,1,
7290117031506,false,כוסות נייר 40 יח 8B,,CN,"כוסות ח""פ 40 יח",יחידה,1.00,יחידה,false,1,6.90,6.90,true,1,
7290117380147,false,רוטב חרדל ודבש לסלט260 ג,CV Remia,NL,רוטב חרדל ודבש ל,גרמים,260.00,100 גרם,false,1,10.90,4.19,true,1,
7290117380154,false,רוטב אסיאתי לסלט 264 גרם,CV Remia,NL,רוטב אסיאתי לסלט,גרמים,264.00,100 גרם,false,1,10.90,4.13,true,1,
7290117380192,false,חטיף פוף קראנץ גריל 60גר,,IL,חטיף פוף קראנץ,גרמים,60.00,100 גרם,false,1,3.90,6.50,true,1,
7290117380208,false,פוף קראנץ' חמוץ חריף60ג,,IL,חטיף פוף קראנץ',גרמים,60.00,100 גרם,false,1,3.90,6.50,true,1,
7290117380215,false,חטיף פוף קראנץ' טאקו60ג,,IL,חטיף פוף קראנץ',גרמים,60.00,100 גרם,false,1,3.90,6.50,true,1,
7290117380697,false,מארז קולגייט אופטיק 75X2,,PL,מארז קולגייט,מיליליטרים,150.00,"100 מ""ל",false,1,29.90,19.94,true,1,
7291008080603,false,"תמר מג'הול 1 ק""ג",מהדרין,IL,"תמר מג'הול 1 ק""ג",קילוגרמים,1.00,"ק""ג",false,1,21.90,21.90,true,1,
7296073126713,false,אובלטים קימל,,IL,אובלטים קימל,גרמים,300.00,100 גרם,false,0,7.90,2.63,true,1,
7296073126720,false,אובלטים שומשום,,IL,אובלטים שומשום,גרמים,300.00,100 גרם,false,0,7.90,2.63,true,1,
7296073126737,false,אובלטים מלוחים,,IL,אובלטים מלוחים,גרמים,300.00,100 גרם,false,0,7.90,2.63,true,1,
7296073126744,false,שקיות אשפה,,IL,שקיות אשפה,יחידה,1.00,יחידה,false,0,14.90,14.90,true,1,
7296073126751,false,שקיות אשפה,,IL,שקיות אשפה,יחידה,1.00,יחידה,false,0,15.90,15.90,true,1,
7296073126768,false,זוג שקיות אשפה,,IL,זוג שקיות אשפה,יחידה,1.00,יחידה,false,0,22.90,22.90,true,1,
7296073126775,false,שקיות אשפה,,IL,שקיות אשפה,יחידה,1.00,יחידה,false,0,24.90,24.90,true,1,
7296073126799,false,מארז שקיות אוכל,,IL,מארז שקיות אוכל,יחידה,1.00,יחידה,false,0,12.90,12.90,true,1,
7296073126812,false,שקיות הקפאה,,IL,שקיות הקפאה,יחידה,1.00,יחידה,false,0,9.90,9.90,true,1,
7296073127932,false,"פריכיות אורז ""יש"" 340גרם",בטר אנד דיפרנט,IL,פריכיות אורז34גר,גרמים,340.00,100 גרם,false,0,11.90,3.50,true,1,
7296073128175,false,"נייר טואלט פרימ"".יש32""גל",שניב תעשיות נייר,IL,נייר טואלט,מטרים,589.00,100 מטר,false,0,22.90,3.89,true,1,
7296073128182,false,"נייר טואלט ""יש"" 48גלילים",שניב תעשיות נייר,IL,נייר טואלט,מטרים,883.00,100 מטר,false,0,29.90,3.39,true,1,
7296073128755,false,"וופל בלגי ""יש"" 150 גרם",גילרו,IL,וופל בלגי,גרמים,150.00,100 גרם,false,0,2.90,1.93,true,1,
7296073128786,false,קרקר מלח 110 גרם,מגדנית הדר,IL,קרקר מלח,גרמים,110.00,100 גרם,false,0,2.90,2.64,true,1,
7296073128847,false,עוגיות סנדוויץ שוקו150גר,מגדנית הדר,IL,עוגיות סנדוויץ,גרמים,150.00,100 גרם,false,0,2.90,1.93,true,1,
7296073128854,false,עוגיות סנדוויץ תות 150גר,מגדנית הדר,IL,עוגיות סנדוויץ,גרמים,150.00,100 גרם,false,0,2.90,1.93,true,1,
7296073128861,false,עוגיות סנדוויץ וניל150גר,מגדנית הדר,IL,עוגיות סנדוויץ,גרמים,150.00,100 גרם,false,0,2.90,1.93,true,1,
7296073128908,false,"מיץ ענבים ""יש"" 1 ליטר",יקבי ארזה,IL,"מיץ ענבים ""יש""",ליטרים,1.00,ליטר,false,0,9.90,9.90,true,1,
7296073128915,false,"יין לקידוש ""יש"" 1 ליטר",יקבי ארזה,IL,יין אדום לקידוש,ליטרים,1.00,ליטר,false,0,12.90,12.90,true,1,
7296073129974,false,"חומוס מזרחי ""יש"" 1קג",סלטי שמיר,IL,חומוס מזרחי,קילוגרמים,1.00,"ק""ג",false,0,11.90,11.90,true,1,
7296073132103,false,פתיתים אורז,,IL,פתיתים אורז,גרמים,500.00,100 גרם,false,0,2.90,0.58,true,1,
7296073132110,false,פתיתים קוסקוס,,IL,פתיתים קוסקוס,גרמים,500.00,100 גרם,false,0,2.90,0.58,true,1,
7296073133780,false,קמח יש,,IL,קמח יש,קילוגרמים,1.00,"ק""ג",false,0,2.90,2.90,true,1,
7296073133933,false,ספגטי,,TR,ספגטי,גרמים,500.00,100 גרם,false,0,2.90,0.58,true,1,
7296073133940,false,ספגטיני,,TR,ספגטיני,גרמים,500.00,100 גרם,false,0,2.90,0.58,true,1,
7296073133964,false,צינורות,,IL,צינורות,גרמים,500.00,100 גרם,false,0,2.90,0.58,true,1,
7296073133971,false,קונכיות,,TR,קונכיות,גרמים,500.00,100 גרם,false,0,2.90,0.58,true,1,
7296073133988,false,"ספירלה ""יש500""גר",,TR,"ספירלה ""יש500""גר",גרמים,500.00,100 גרם,false,0,2.90,0.58,true,1,
7296073133995,false,שמן זית כתית,,ES,שמן זית כתית,מיליליטרים,750.00,"100 מ""ל",false,0,27.90,3.72,true,1,
7296073134107,false,"מארז ממחטות ""יש"" צץ רץ",שניב תעשיות נייר,IL,"ממחטות אף ""יש""",יחידה,1.00,יחידה,false,0,9.90,9.90,true,1,
7296073134121,false,נייר חתוך לשבת 100*10 יח,שניב תעשיות נייר,IL,נייר חתוך לשבת,יחידה,1.00,יחידה,false,0,11.90,11.90,true,1,
7296073134152,false,מפיות חד שכבתי יש 100 יח,שניב תעשיות נייר,IL,מפיות חד שכבתי,יחידה,1.00,יחידה,false,0,3.90,3.90,true,1,
7296073134503,false,"דבש ""יש"" 1 ק""ג",מכוורת עמק חפר,IL,דבש יש,קילוגרמים,1.00,"ק""ג",false,0,37.90,37.90,true,1,
7296073134527,false,"דבש ""יש"" 500 גרם",מכוורת עמק חפר,IL,דבש יש,גרמים,500.00,100 גרם,false,0,19.90,3.98,true,1,
7296073140511,false,"גביעי גלידה ""יש"" 105 גרם",גילרו,IL,גביעי גלידה,גרמים,105.00,100 גרם,false,0,6.90,6.57,true,1,
7296073141242,false,"סוכר ""יש"" 1 ק""ג",סוגת,IL,"סוכר ""יש"" 1 ק""ג",קילוגרמים,1.00,"ק""ג",false,0,3.90,3.90,true,1,
7296073142478,false,צ'יפס קלאסי יש 2.2קג,תפוגן,IL,צ'יפס קלאסי,קילוגרמים,2.20,"ק""ג",false,0,19.90,9.05,true,1,
7296073160991,false,ננס כריות מתכת,,,ננס כריות מתכת,יחידה,1.00,יחידה,false,0,4.90,4.90,true,1,
7296073161004,false,צמר פלדה 5 יח,,IL,צמר פלדה 5 יח,יחידה,1.00,יחידה,false,0,3.50,3.50,true,1,
7296073161042,false,סקוטש משובח 3 יח,,IL,סקוטש משובח 3 יח,יחידה,1.00,יחידה,false,0,5.90,5.90,true,1,
7296073161059,false,כרית יפנית 6 יח,,IL,כרית יפנית 6 יח,יחידה,1.00,יחידה,false,0,5.90,5.90,true,1,
7296073161066,false,ספוג פלא 6יח,,IL,ספוג פלא 6יח,יחידה,1.00,יחידה,false,0,6.90,6.90,true,1,
7296073162124,false,"קרקר שומשום ""יש"" 600 גרם",מגדנית הדר,IL,קרקר בקרטון 600ג,גרמים,600.00,100 גרם,false,0,9.90,1.65,true,1,
7296073162131,false,"קרקר מלח ""יש"" 600 גרם",מגדנית הדר,IL,קרקר 600 גרם,גרמים,600.00,100 גרם,false,0,9.90,1.65,true,1,
7296073187707,false,"פסטה מסולסלת""יש",,IL,"פסטה מסולסלת""יש",גרמים,500.00,100 גרם,false,0,2.90,0.58,true,1,
7296073225447,false,"קפה נמס ""יש""",,IL,"קפה נמס ""יש""",גרמים,200.00,100 גרם,false,0,12.90,6.45,true,1,
7296073237419,false,"חציל במיונז ""יש"" 900 גרם",סלטי שמיר,IL,חציל במיונז,גרמים,900.00,100 גרם,false,1,11.90,1.32,true,1,
7296073237433,false,"טחינה ""יש"" 900 גרם",סלטי שמיר,IL,טחינה 900 גרם,גרמים,900.00,100 גרם,false,1,11.90,1.32,true,1,
7296073249207,false,מטלית מיקרופייבר 4 יח,מ.א. ייצור ןיבוא מטליות,CN,מטלית מיקרופייבר,יחידה,1.00,יחידה,false,1,4.90,4.90,true,1,
7296073249214,false,מטלית מיקרופייבר לריצפה,מ.א. ייצור ןיבוא מטליות,CN,מטלית מיקרופייבר,יחידה,1.00,יחידה,false,1,13.90,13.90,true,1,
7296073260950,false,"קמח חיטה מנופה ""יש"" 1 קג",שטיבל,IL,"קמח מנופה1ק""ג",קילוגרמים,1.00,"ק""ג",false,1,4.90,4.90,true,1,
7296073272939,false,"אטריות דקות ""יש"" 400 גרם",שיבולים בני דרום,IL,"אטריות דקות""יש""",גרמים,400.00,100 גרם,false,1,3.90,0.98,true,1,
7296073290216,false,"קוסקוס ""יש"" בינוני 350ג",חטיפים מן הטבע,IL,"קוסקוס אמיתי ""יש",גרמים,350.00,100 גרם,false,1,2.90,0.83,true,1,
7296073295839,false,"איטריות דקיקות""יש"" 400ג'",שיבולים בני דרום,IL,איטריות דקיקות,גרמים,400.00,100 גרם,false,1,3.90,0.98,true,1,
7296073297116,false,"נוזל כלים ""יש"" צהוב 750","סאסאטק אגש""ח בע""מ",IL,נ.כלים צהוב,מיליליטרים,750.00,"100 מ""ל",false,1,5.90,0.79,true,1,
7296073297123,false,"נוזל כלים ""יש"" ירוק 750","סאסאטק אגש""ח בע""מ",IL,נ.כלים תפוח ירוק,מיליליטרים,750.00,"100 מ""ל",false,1,5.90,0.79,true,1,
7296073297130,false,"נוזל כלים ""יש"" ירוק 4 ל'","סאסאטק אגש""ח בע""מ",IL,נוזל כלים יש 4ל',ליטרים,4.00,ליטר,false,1,19.90,4.98,true,1,
7296073297147,false,שמפו רצפות סחלבים יש 4ל',"סאסאטק אגש""ח בע""מ",IL,שמפו רצפות 4ליטר,ליטרים,4.00,ליטר,false,1,9.90,2.48,true,1,
7296073297154,false,שמפו רצפות אורנים יש 4ל',"סאסאטק אגש""ח בע""מ",IL,שמפו רצפות 4ליטר,ליטרים,4.00,ליטר,false,1,9.90,2.48,true,1,
7296073297161,false,שמפו רצפות אוקיינוס יש 4,"סאסאטק אגש""ח בע""מ",IL,שמפו רצפות 4ליטר,ליטרים,4.00,ליטר,false,1,9.90,2.48,true,1,
7296073297178,false,אקונומיקה מבושמת יש 4 ל',"סאסאטק אגש""ח בע""מ",IL,אקונומיקה יש 4 ל,ליטרים,4.00,ליטר,false,1,6.90,1.73,true,1,
7296073297185,false,סבון נוזלי לידיים כחול,סאסא קוסמטיקס,IL,סבון נוזלי,מיליליטרים,1500.00,"100 מ""ל",false,1,9.90,0.66,true,1,
7296073297192,false,סבון נוזלי לידיים ורוד,סאסא קוסמטיקס,IL,סבון נוזלי,מיליליטרים,1500.00,"100 מ""ל",false,1,9.90,0.66,true,1,
7296073297208,false,סבון נוזלי לידיים לבן,סאסא קוסמטיקס,IL,סבון נוזלי,מיליליטרים,1500.00,"100 מ""ל",false,1,9.90,0.66,true,1,
7296073323815,false,מרכך כביסה כחול 4 ליטר,סאסאטק,IL,מרכך כביסה 4ליטר,ליטרים,4.00,ליטר,false,1,12.90,3.23,true,1,
7296073323822,false,מרכך כביסה ורוד 4 ליטר,סאסאטק,IL,מרכך כביסה4 ליטר,ליטרים,4.00,ליטר,false,1,12.90,3.23,true,1,
7296073323839,false,מרכך כביסה לבן 4 ליטר,סאסאטק,IL,מרכך כביסה 4ליטר,ליטרים,4.00,ליטר,false,1,12.90,3.23,true,1,
7296073323846,false,מ.כביסה מרוכז יש כחול 1ל,סאסאטק,IL,מ.כביסה מרוכז 1ל,ליטרים,1.00,ליטר,false,1,8.90,8.90,true,1,
7296073323853,false,מ.כביסה מרוכז יש ורוד 1ל,סאסאטק,IL,מ.כביסה מרוכז 1ל,ליטרים,1.00,ליטר,false,1,8.90,8.90,true,1,
7296073323860,false,מ.כביסה מרוכז יש סגול 1ל,סאסאטק,IL,מ.כביסה מרוכז,ליטרים,1.00,ליטר,false,1,8.90,8.90,true,1,
7296073324898,false,"6 מפות ניילון ח""פ יש עבה",טופ פלסט,IL,מפות ניילון 6 יח,יחידה,1.00,יחידה,false,1,8.90,8.90,true,1,
7296073328834,false,"טרופיקס ""יש"" 40 יחידות",דודו הדיל,IL,"טרופיקס ""יש"" 40",ליטרים,8.00,ליטר,false,1,34.90,4.36,true,1,
7296073328841,false,"משקה הקפאה ""יש"" 100*8 מל",דודו הדיל,IL,"משקה הקפאה ""יש""",מיליליטרים,800.00,"100 מ""ל",false,1,2.90,0.36,true,1,
7296073329527,false,"מפות ניילון ח""פ ""יש"" 6יח",טופ פלסט,IL,מפת ניילון 6יח,יחידה,1.00,יחידה,false,1,4.90,4.90,true,1,
7296073329534,false,"מפות ניילון ח""פ ""יש"" 8יח",טופ פלסט,IL,מפת ניילון 8 יח,יחידה,1.00,יחידה,false,1,4.90,4.90,true,1,
7296073339922,false,מרכך כביסה סגול 4 ליטר,סאסאטק,IL,מרכך כביסה 4ליטר,ליטרים,4.00,ליטר,false,1,12.90,3.23,true,1,
7296073339939,false,מ.כביסה מרוכז יש שחור 1ל,סאסאטק,IL,מרכך כביסה 1ליטר,ליטרים,1.00,ליטר,false,1,8.90,8.90,true,1,
7296073340980,false,מפת ניילון יש 45*1.35מטר,טופ פלסט,IL,"גליל מפה ""יש"" 45",מטרים,45.00,מטר,false,1,29.90,0.66,true,1,
7296073342151,false,"רדיד אלומיניום רחב ""יש""",טופ פלסט,IL,רדיד אלומיניום ר,מטרים,25.00,מטר,false,1,15.90,0.64,true,1,
7296073342168,false,"רדיד אלומיניום צר ""יש""",טופ פלסט,IL,רדיד אלומיניום,מטרים,30.00,מטר,false,1,14.90,0.50,true,1,
7296073348108,false,מטבעות שוקולד חלב ברשת,כרמית,IL,מטבעות שוקולד,גרמים,432.00,100 גרם,false,1,29.90,6.92,true,1,
7296073348337,false,מגבוני נייר טואלט יש60*3,,IL,מגבוני נ.טואלט,יחידה,1.00,יחידה,false,1,11.90,11.90,true,1,
7296073349389,false,"מנקה חלונות ""יש"" 1 ליטר",קומפלקס כימיקלים,IL,מנקה חלונות 1 לי,ליטרים,1.00,ליטר,false,1,4.90,4.90,true,1,
7296073361466,false,מפת ניילון יש 50*1.52מטר,,IL,גליל מפת ניילון,מטרים,50.00,מטר,false,1,29.90,0.60,true,1,
7296073365723,false,"טחינה ""יש"" 500 גרם",הנסיך,IL,"טחינה ""יש500""גרם",גרמים,500.00,100 גרם,false,1,8.90,1.78,true,1,
7296073367680,false,"מסיר שומנים ""יש"" 1 ליטר",קומפלקס כימיקלים בעמ,IL,"מסיר שומנים""יש",ליטרים,1.00,ליטר,false,1,11.90,11.90,true,1,
7296073369332,false,"קמח מלא מנופה ""יש"" 1 ק""ג",שטיבל,IL,קמח מלא,קילוגרמים,1.00,"ק""ג",false,1,5.90,5.90,true,1,
7296073369349,false,קמח כוסמין מנופה יש 1 קג,שטיבל,IL,קמח כוסמין,קילוגרמים,1.00,"ק""ג",false,1,7.90,7.90,true,1,
7296073369998,false,"גפרורים ענקיים ""יש""",,SE,"גפרורים ענקיים """,יחידה,1.00,יחידה,false,1,3.90,3.90,true,1,
7296073370000,false,"מארז גפרורים ""יש"" 10 יח'",,SE,גפרורים יש,יחידה,1.00,יחידה,false,1,2.90,2.90,true,1,
7296073380177,false,מארז שקיות אוכל יש 150*2,בריזה,IL,מארז שקיות אוכל,יחידה,1.00,יחידה,false,1,5.90,5.90,true,1,
7296073389293,false,גפילטע פיש ירושלמי 560 ג,דג טעים,IL,גפילטעפיש 560 גר,גרמים,560.00,100 גרם,false,1,12.90,2.30,true,1,
7296073389309,false,גפילטע פיש הונגרי560 ג,דג טעים,IL,גפילטעפיש 560 גר,גרמים,560.00,100 גרם,false,1,12.90,2.30,true,1,
7296073389835,false,"צ'יפס אמריקאי ""יש 1.8ק""ג",תפוגן,IL,ציפס אמריקאי,קילוגרמים,1.80,"ק""ג",false,1,19.90,11.06,true,1,
7296073389842,false,"צ'יפס זיגזג ""יש"" 1.8 ק""ג",תפוגן,IL,"צ'יפס זיגזג ""יש""",קילוגרמים,1.80,"ק""ג",false,1,19.90,11.06,true,1,
7296073391722,false,"שמפו לשיער רגיל ""יש"" 700",טאהא קימיה,TR,שמפו קוקוס,מיליליטרים,700.00,"100 מ""ל",false,1,7.90,1.13,true,1,
7296073391739,false,"שמפו לשיער שמן ""יש"" 700",טאהא קימיה,TR,שמפו לשיער שמן,מיליליטרים,700.00,"100 מ""ל",false,1,7.90,1.13,true,1,
7296073391746,false,"שמפו לשיער יבש ""יש"" 700",טאהא קימיה,TR,"שמפו לשיער ""יש""",מיליליטרים,700.00,"100 מ""ל",false,1,7.90,1.13,true,1,
7296073391753,false,"שמפו לשיער צבוע ""יש"" 700",טאהא קימיה,TR,"שמפו לשיער ""יש""",מיליליטרים,700.00,"100 מ""ל",false,1,7.90,1.13,true,1,
7296073391760,false,"שמפו לשיער פגום ""יש"" 700",טאהא קימיה,TR,שמפו לשיער פגום,מיליליטרים,700.00,"100 מ""ל",false,1,7.90,1.13,true,1,
7296073391777,false,"תחליב רחצה ""יש"" ורדים",טאהא קימיה,TR,"תחליב רחצה ""יש""",מיליליטרים,700.00,"100 מ""ל",false,1,7.90,1.13,true,1,
7296073391784,false,"3ב1- שמפו מרכך וג'ל ""יש""",טאהא קימיה,TR,3ב1- שמפו מרכך ו,מיליליטרים,700.00,"100 מ""ל",false,1,7.90,1.13,true,1,
7296073391791,false,"תחליב רחצה ""יש"" וניל שקד",טאהא קימיה,TR,"תחליב רחצה ""יש""",מיליליטרים,700.00,"100 מ""ל",false,1,7.90,1.13,true,1,
7296073391807,false,"תחליב רחצה ""יש"" כותנה",טאהא קימיה,TR,"תחליב רחצה ""יש""",מיליליטרים,700.00,"100 מ""ל",false,1,7.90,1.13,true,1,
7296073391845,false,שלישיית מברשות שיניים יש,באנאט,TR,מארז מברשות שיני,יחידה,1.00,יחידה,false,1,5.90,5.90,true,1,
7296073392811,false,סילאן לחיץ 350 גרם,משק צור,IL,סילאן לחיץ,גרמים,350.00,100 גרם,false,1,12.90,3.69,true,1,
7296073395232,false,חטיף חיטה גריל יש 70 גרם,מנה,IL,חטיף חיטה גריל,גרמים,70.00,100 גרם,false,1,1.90,2.71,true,1,
7296073395249,false,חטיף חיטה ברביקיו יש 70ג,מנה,IL,חטיף חיטה ברביקי,גרמים,70.00,100 גרם,false,1,1.90,2.71,true,1,
7296073395256,false,חטיף חיטה פלאפל יש 70גרם,מנה,IL,חטיף חיטה פלאפל,גרמים,70.00,100 גרם,false,1,1.90,2.71,true,1,
7296073395263,false,חטיף חיטה פיצה יש 70 גרם,מנה,IL,חטיף טעם פיצה,גרמים,70.00,100 גרם,false,1,1.90,2.71,true,1,
7296073395270,false,חטיף חיטה בצל יש 70 גרם,מנה,IL,חטיף חיטה בצל,גרמים,70.00,100 גרם,false,1,1.90,2.71,true,1,
7296073395836,false,"מרכך לשיער שמן ""יש"" 700",טאהא קימיה,TR,"מרכך שיער ""יש""",מיליליטרים,700.00,"100 מ""ל",false,1,7.90,1.13,true,1,
7296073395843,false,"מרכך לשיער צבוע ""יש"" 700",טאהא קימיה,TR,"מרכך שיער ""יש""",מיליליטרים,700.00,"100 מ""ל",false,1,7.90,1.13,true,1,
7296073395850,false,"מרכך לשיער פגום ""יש"" 700",טאהא קימיה,TR,"מרכך שיער ""יש""",מיליליטרים,700.00,"100 מ""ל",false,1,7.90,1.13,true,1,
7296073395874,false,"מרכך לשיער יבש ""יש"" 700",טאהא קימיה,TR,"מרכך שיער ""יש""",מיליליטרים,700.00,"100 מ""ל",false,1,7.90,1.13,true,1,
7296073395904,false,מברשת שיניים פרימיום יש,באנאט,TR,מברשת שיניים,יחידה,1.00,יחידה,false,1,5.90,5.90,true,1,
7296073395942,false,"שמפו לילדים ""יש"" 1 ליטר",בי.אף.אף,TR,"שמפו לילדים ""יש""",ליטרים,1.00,ליטר,false,1,12.90,12.90,true,1,
7296073395959,false,מרכך שיער לילדים יש 1ל,בי.אף.אף,TR,מרכך שיער לילדים,ליטרים,1.00,ליטר,false,1,12.90,12.90,true,1,
7296073396529,false,"פתי בר שוקו ""יש"" 2 ק""ג",הדר,IL,"פתי בר שוקו ""יש""",קילוגרמים,2.00,"ק""ג",false,1,19.90,9.95,true,1,
7296073397021,false,"גפילטע פיש הונגרי כשל""פ",דג טעים,IL,"גפילטע פיש כשל""פ",גרמים,560.00,100 גרם,false,1,12.90,2.30,true,1,
7296073397038,false,"גפילטעפיש ירושלמי כשל""פ",דג טעים,IL,"גפילטעפיש כשל""פ",גרמים,560.00,100 גרם,false,1,12.90,2.30,true,1,
7296073398899,false,"שלוקונים חטיפי משקה ""יש""",דודו הדיל,IL,שלוקונים חטיפי מ,ליטרים,2.10,ליטר,false,1,9.90,4.71,true,1,
7296073401346,false,"מרסס מסיר אבנית ""יש"" 1ל",סאסאטק,IL,מסיר אבנית 1 ליט,ליטרים,1.00,ליטר,false,1,7.90,7.90,true,1,
7296073401360,false,"מרסס אקונומיקה""יש"" 1ליטר",סאסאטק,IL,מרסס אקונומיקה,ליטרים,1.00,ליטר,false,1,7.90,7.90,true,1,
7296073401582,false,מארז קפה שחור יש 100*4 ג,רוני רג'ואן ושות,IL,קפה שחור 4יח,גרמים,400.00,100 גרם,false,1,17.90,4.48,true,1,
7296073402275,false,"דבש לחיץ ""יש"" 250 גרם",מכוורת עמק חפר,IL,דבש לחיץ250גרם,גרמים,250.00,100 גרם,false,1,12.90,5.16,true,1,
7296073402930,false,"שקיות אשפה יש 90*75 ס""מ",טופ פלסט,IL,שקיות אשפה,יחידה,1.00,יחידה,false,1,9.90,9.90,true,1,
7296073402947,false,"שקיות אשפה יש 70*55 ס""מ",טופ פלסט,IL,שקיות אשפה,יחידה,1.00,יחידה,false,1,9.90,9.90,true,1,
7296073403388,false,"נ.טואלט""יש""תלת שכבתי 32",שניב,IL,נ.טואלט לבן,יחידה,1.00,יחידה,false,1,29.90,29.90,true,1,
7296073403395,false,"מגבות נייר ""יש"" 6 גלילים",שניב,IL,מגבות יש,מטרים,21.00,מטר,false,1,14.90,0.71,true,1,
7296073407096,false,אפונה גינה וגזר 550 גרם,,IL,אפונה גינה וגזר,גרמים,550.00,100 גרם,false,1,4.50,0.82,true,1,
7296073408857,false,"שקדי מרק ""יש"" 600 גרם",מנה,IL,"שקדי מרק ""יש""",גרמים,600.00,100 גרם,false,1,8.80,1.47,true,1,
7296073413547,false,"נוזל כלים 24% לימון ""יש""",סאסא טק,IL,נוזל כלים1.6ליטר,ליטרים,1.60,ליטר,false,1,9.90,6.19,true,1,
7296073413554,false,"נוזל כלים24% תפוח ""יש""",סאסא טק,IL,נוזל כלים1.6ליטר,ליטרים,1.60,ליטר,false,1,9.90,6.19,true,1,
7296073413561,false,"נוזל כלים 24% לבנדר ""יש""",סאסא טק,IL,נוזל כלים1.6ליטר,ליטרים,1.60,ליטר,false,1,9.90,6.19,true,1,
7296073413790,false,"ממרח שוקולד ""יש"" 850 גרם",אר גי אם תעשיות,IL,ממרח שוקולד 850ג,גרמים,850.00,100 גרם,false,1,9.90,1.16,true,1,
7296073413813,false,שוקולד צ'יפס יש 500 גרם,מיה,IL,שוקולד ציפס500ג,גרמים,500.00,100 גרם,false,1,12.90,2.58,true,1,
7296073414421,false,"חיתולי בייבי ""יש"" 3-50",DPL,IL,"חיתולי בייבי ""יש",יחידה,1.00,יחידה,false,1,24.90,24.90,true,1,
7296073414742,false,מיץ ענבים אדום 1 ליטר,כרם מהדרין,IL,מיץ ענבים 1 ליטר,ליטרים,1.00,ליטר,false,1,11.90,11.90,true,1,
7296073415190,false,"שעועית בואקום ""יש"" 1 ק""ג",מיה,IL,שעועית בואקום1קג,קילוגרמים,1.00,"ק""ג",false,1,14.90,14.90,true,1,
7296073415206,false,גריסי פנינה בואקום יש 1ק,מיה,IL,"גריסי פנינה 1ק""ג",קילוגרמים,1.00,"ק""ג",false,1,11.90,11.90,true,1,
7296073415213,false,חומוס גדול בואקום יש 1קג,מיה,IL,"חומוס גדול 1 ק""ג",קילוגרמים,1.00,"ק""ג",false,1,14.90,14.90,true,1,
7296073415220,false,"אורז פרסי בואקום 1 ק""ג",מיה,IL,"אורז פרסי 1 ק""ג",קילוגרמים,1.00,"ק""ג",false,1,9.90,9.90,true,1,
7296073415237,false,אורז בסמטי בואקום יש 1קג,מיה,IL,"אורז בסמטי 1 ק""ג",קילוגרמים,1.00,"ק""ג",false,1,12.90,12.90,true,1,
7296073415855,false,לחם אחיד פרוס,,,לחם אחיד פרוס,יחידה,1.00,יחידה,false,0,4.90,4.90,true,1,
7296073415862,false,"מארז פיתות ""יש"" 10יחידות",,,פיתות 10יחידות,יחידה,1.00,יחידה,false,0,7.90,7.90,true,1,
7296073416142,false,מב.שיניים ורוד ילדים 2-5,,TR,מב.שיניים ורוד ל,יחידה,1.00,יחידה,false,1,3.90,3.90,true,1,
7296073416173,false,מב.שיניים כחול לילדים +5,,TR,מב.שיניים כחול ל,יחידה,1.00,יחידה,false,1,4.90,4.90,true,1,
7296073420736,false,חליטת קמומיל 25 שקיקים,תה עדנים,IL,חליטת קמומיל,גרמים,32.00,100 גרם,false,1,9.90,30.94,true,1,
7296073420743,false,חליטת לימונית לואיזה 25,תה עדנים,IL,חליטת לימונית,גרמים,37.00,100 גרם,false,1,9.90,26.76,true,1,
7296073420767,false,חליטת קמומיל נענע 25 שק,תה עדנים,IL,קמומיל נענע,גרמים,37.00,100 גרם,false,1,9.90,26.76,true,1,
7296073420798,false,תה ירוק לימונית לואיזה 2,תה עדנים,IL,תה ירוק לימונית,יחידה,1.00,יחידה,false,1,12.90,12.90,true,1,
7296073420804,false,תה נענע 25 שקיקים,תה עדנים,IL,תה נענע,גרמים,37.00,100 גרם,false,1,9.90,26.76,true,1,
7296073427032,false,מארז מגבונים 72*6 דף,"טרופיקל דגיל בע""מ",IL,מארז מגבונים,יחידה,1.00,יחידה,false,1,19.90,19.90,true,1,
7296073427049,false,מטליות לחות לריצפה 10 יח,"טרופיקל דגיל בע""מ",IL,מט. לחות לריצפה,יחידה,1.00,יחידה,false,1,6.90,6.90,true,1,
7296073427063,false,"מטליות לחות לניקוי ""יש""","טרופיקל דגיל בע""מ",IL,מטליות לחות 50יח,יחידה,1.00,יחידה,false,1,4.90,4.90,true,1,
7296073427292,false,שמפו לתינוק אל דמע 750 מ,בי.אף.אף,TR,"שמפו אל דמע750מ""",מיליליטרים,750.00,"100 מ""ל",false,1,9.90,1.32,true,1,
7296073427308,false,"תחליב רחצה לתינוק 750 מ""",בי.אף.אף,TR,תחליב רחצה 750מל,מיליליטרים,750.00,"100 מ""ל",false,1,9.90,1.32,true,1,
7296073441274,false,"שוקולד חלב ""יש"" 100 גרם",כרמית,IL,שוקולד חלב,גרמים,100.00,100 גרם,false,1,2.90,2.90,true,1,
7296073441304,false,שוקולד מריר יש 100*5 גרם,כרמית,IL,מאגדת שוקולד,גרמים,500.00,100 גרם,false,1,11.90,2.38,true,1,
7296073441564,false,"סטייק צ'יפס ""יש"" 1.8 ק""ג",תפוגן,IL,סטייק צ'יפס,קילוגרמים,1.80,"ק""ג",false,1,19.90,11.06,true,1,
7296073445418,false,תבניות אפיה רוסטר עבות,טופ פלסט,IL,תבניות אפיה,יחידה,1.00,יחידה,false,1,8.90,8.90,true,1,
7296073445425,false,תבניות אפיה לחלה 4 יח,טופ פלסט,IL,תבניות אפיה 4יח,יחידה,1.00,יחידה,false,1,8.90,8.90,true,1,
7296073445432,false,"תבניות אפיה גדולות ח""פ",טופ פלסט,IL,תבניות אפיה 2יח,יחידה,1.00,יחידה,false,1,8.90,8.90,true,1,
7296073445449,false,תבניות אפיה בינוניות 3יח,טופ פלסט,IL,תבניות אפיה 3יח,יחידה,1.00,יחידה,false,1,8.90,8.90,true,1,
7296073445456,false,תבניות אפיה משפחתיות 4יח,טופ פלסט,IL,תבניות אפיה 4יח,יחידה,1.00,יחידה,false,1,8.90,8.90,true,1,
7296073445609,false,קרקר מלוח 110 גרם,פפושדו,IL,קרקר מלוח,גרמים,110.00,100 גרם,false,1,2.90,2.64,true,1,
7296073445616,false,קרקר עם שומשום 110 גרם,פפושדו,IL,קרקר שומשום,גרמים,110.00,100 גרם,false,1,2.90,2.64,true,1,
7296073445623,false,"פתיבר וניל ""יש"" 110 גרם",פפושדו,IL,פתיבר וניל110גרם,גרמים,110.00,100 גרם,false,1,2.90,2.64,true,1,
7296073445630,false,"פתיבר שוקו ""יש"" 110 גרם",פפושדו,IL,פתיבר שוקו 110ג,גרמים,110.00,100 גרם,false,1,2.90,2.64,true,1,
7296073447078,false,טחינה שומשום מלא 500 גרם,אר גי אם תעשיות,IL,טחינה שומשום500ג,גרמים,500.00,100 גרם,false,1,9.90,1.98,true,1,
7296073447085,false,"טחינה שומשום 1 ק""ג",אר גי אם תעשיות,IL,"טחינה שומשום 1ק""",קילוגרמים,1.00,"ק""ג",false,1,15.90,15.90,true,1,
7296073449584,false,מלפפון במלח 560 גרם7-9,בית השיטה,IL,מלפפון במלח,גרמים,560.00,100 גרם,false,1,4.90,0.88,true,1,
7296073449591,false,מלפפון חומץ 560 ג 7-9,בית השיטה,IL,מלפפון בחומץ,גרמים,560.00,100 גרם,false,1,4.90,0.88,true,1,
7296073449607,false,מלפפון במלח 10-12 560גרם,בית השיטה,IL,מלפפון במלח,גרמים,560.00,100 גרם,false,1,5.90,1.05,true,1,
7296073449614,false,מלפפון בחומץ 10-12 560גר,בית השיטה,IL,מלפפון בחומץ,גרמים,560.00,100 גרם,false,1,5.90,1.05,true,1,
7296073449621,false,מלפפון במלח560גר,בית השיטה,IL,מלפפונים במלח,גרמים,560.00,100 גרם,false,1,7.70,1.38,true,1,
7296073449638,false,מלפפון בחומץ 560 13-17,בית השיטה,IL,מלפפון בחומץ,גרמים,560.00,100 גרם,false,1,7.70,1.38,true,1,
7296073449645,false,מלפפון במלח 560 גרם18-25,,IL,מלפפונים המלח,גרמים,560.00,100 גרם,false,1,8.80,1.57,true,1,
7296073449652,false,מלפפון בחומץ 560ג 18-25,בית השיטה,IL,מלפפון בחומץ,גרמים,560.00,100 גרם,false,1,8.80,1.57,true,1,
7296073450221,false,"פתי בר שוקו ""יש"" 500 גרם","אם החיטה בע""\מ",IL,פתי בר 500 גרם,גרמים,500.00,100 גרם,false,1,7.90,1.58,true,1,
7296073450238,false,"פתי בר וניל ""יש"" 500 גרם","אם החיטה בע""\מ",IL,פתי בר 500 גרם,גרמים,500.00,100 גרם,false,1,7.90,1.58,true,1,
7296073450924,false,"פתיתים מסולסלים לל""ג 400",מסימוזירו,IT,"פתיתים לל""ג 400ג",גרמים,400.00,100 גרם,false,1,17.90,4.48,true,1,
7296073450948,false,"פתיתים כוכבים לל""ג 400 ג",מסימוזירו,IT,"פתיתים לל""ג 400ג",גרמים,400.00,100 גרם,false,1,17.90,4.48,true,1,
7296073459385,false,ממתק חמוץ תות 20 גרם,טאייש,TR,ממתק חמוץ תות,גרמים,20.00,100 גרם,false,1,0.90,4.50,true,1,
7296073459392,false,ממתק חמוץ קולה 20 גרם,טאייש,TR,ממתק חמוץ קולה,גרמים,20.00,100 גרם,false,1,0.90,4.50,true,1,
7296073459408,false,ממתק חמוץ תפוח 20 גרם,טאייש,TR,ממתק חמוץ תפוח,גרמים,20.00,100 גרם,false,1,0.90,4.50,true,1,
7296073459415,false,ממתק חמוץ פירות 20גרם,טאייש,TR,ממתק חמוץ פירות,גרמים,20.00,100 גרם,false,1,0.90,4.50,true,1,
7296073484295,false,"אבקת סוכר ""יש"" 500 גרם",מיה,IL,א.סוכר 500 גרם,גרמים,500.00,100 גרם,false,1,5.90,1.18,true,1,
7296073484301,false,"שוקולד צ'יפס צימקאו""יש""",מיה,IL,ש.צ'יפס 500 גרם,גרמים,500.00,100 גרם,false,1,9.90,1.98,true,1,
7296073484318,false,"קוואקר עבה ""יש"" 700 גרם",מיה,IL,קוואקר עבה 700גר,גרמים,700.00,100 גרם,false,1,11.90,1.70,true,1,
7296073484875,false,"נייר אפיה ""יש"" 50 יחידות",טופ פלסט,IL,"נייר אפיה ""יש"" 5",יחידה,1.00,יחידה,false,1,6.90,6.90,true,1,
7296073485162,false,גריל דג בשקית 80 גרם,תבליני יונה,IL,גריל דג 80 גרם,גרמים,80.00,100 גרם,false,1,2.90,3.63,true,1,
7296073485179,false,חוויג' למרק בשקית 80 גרם,תבליני יונה,IL,חוויג' 80 גרם,גרמים,80.00,100 גרם,false,1,2.90,3.63,true,1,
7296073485186,false,קינמון טחון בשקית 80 גרם,תבליני יונה,IL,קינמון בשקית 80ג,גרמים,80.00,100 גרם,false,1,2.90,3.63,true,1,
7296073485193,false,אבקת שום בשקית 80 גרם,תבליני יונה,IL,אבקת שום 80גרם,גרמים,80.00,100 גרם,false,1,2.90,3.63,true,1,
7296073485209,false,גריל עוף בשקית 80 גרם,תבליני יונה,IL,גריל עוף 80גרם,גרמים,80.00,100 גרם,false,1,2.90,3.63,true,1,
7296073485216,false,זנגוויל בשקית 80 גרם,תבליני יונה,IL,זנגוויל 80גרם,גרמים,80.00,100 גרם,false,1,3.90,4.88,true,1,
7296073485223,false,תיבול לפרגיות בשקית 80 ג,תבליני יונה,IL,תבלין לפרגיות,גרמים,80.00,100 גרם,false,1,2.90,3.63,true,1,
7296073485261,false,פלפל שחור גרוס בשקית50ג,תבליני יונה,IL,פלפל שחור גרוס,גרמים,50.00,100 גרם,false,1,3.90,7.80,true,1,
7296073485278,false,פלפל שחור טחון בשקית50ג,תבליני יונה,IL,פלפל שחור טחון,גרמים,50.00,100 גרם,false,1,3.90,7.80,true,1,
7296073485285,false,פפריקה חריפה בשקית 80 גר,תבליני יונה,IL,פפריקה חריפה 80ג,גרמים,80.00,100 גרם,false,1,2.90,3.63,true,1,
7296073485292,false,פפריקה מתוקה בשקית 80 גר,תבליני יונה,IL,פפריקה מתוקה 80ג,גרמים,80.00,100 גרם,false,1,2.90,3.63,true,1,
7296073485308,false,שום גבישי בשקית 50 גרם,תבליני יונה,IL,שום גבישי 50 גרם,גרמים,50.00,100 גרם,false,1,2.90,5.80,true,1,
7296073485315,false,כמון טחון בשקית 80 גרם,תבליני יונה,IL,כמון בשקית,גרמים,80.00,100 גרם,false,1,2.90,3.63,true,1,
7296073485353,false,חוויג' תימני במיכל 80 גר,תבליני יונה,IL,חוויג' במיכל80ג,גרמים,80.00,100 גרם,false,1,4.90,6.13,true,1,
7296073485377,false,קינמון טחון במיכל 80 גרם,תבליני יונה,IL,קינמון טחון 80 ג,גרמים,80.00,100 גרם,false,1,4.90,6.13,true,1,
7296073485407,false,אבקת גריל עוף במיכל 80 ג,תבליני יונה,IL,א.גריל עוף במיכל,גרמים,80.00,100 גרם,false,1,4.90,6.13,true,1,
7296073485445,false,תבלין לסטייק במיכל 80 גר,תבליני יונה,IL,תבלין לסטיק 80גר,גרמים,80.00,100 גרם,false,1,4.90,6.13,true,1,
7296073485452,false,תבלין לפרגיות במיכל 80 ג,תבליני יונה,IL,תבלין לפרגיות,גרמים,80.00,100 גרם,false,1,4.90,6.13,true,1,
7296073485483,false,תבלין על האש במיכל 80 גר,תבליני יונה,IL,תבלין על האש,גרמים,80.00,100 גרם,false,1,4.90,6.13,true,1,
7296073485537,false,פפריקה חריפה במיכל 80 גר,תבליני יונה,IL,פפריקה חריפה 80ג,גרמים,80.00,100 גרם,false,1,4.90,6.13,true,1,
7296073485544,false,פפריקה מתוקה במיכל 80 גר,תבליני יונה,IL,פפריקה מתוקה 80ג,גרמים,80.00,100 גרם,false,1,4.90,6.13,true,1,
7296073485568,false,תבלין לשווארמה במיכל 80ג,תבליני יונה,IL,תבלין לשווארמה,גרמים,80.00,100 גרם,false,1,4.90,6.13,true,1,
7296073485599,false,כמון במיכל 80 גרם,תבליני יונה,IL,כמון במיכל80גרם,גרמים,80.00,100 גרם,false,1,4.90,6.13,true,1,
7296073485605,false,כורכום במיכל 80 גרם,תבליני יונה,IL,כורכוםבמיכל80גרם,גרמים,80.00,100 גרם,false,1,4.90,6.13,true,1,
7296073496397,false,"קרם קרקר ""יש"" 1 ק""ג",אפיפית,IL,"קרם קרקר 1 ק""ג",קילוגרמים,1.00,"ק""ג",false,1,16.90,16.90,true,1,
7296073496403,false,"קרקר שומשום ""יש"" 1 ק""ג",אפיפית,IL,"קרקר שומשום ""יש""",קילוגרמים,1.00,"ק""ג",false,1,16.90,16.90,true,1,
7296073496410,false,"בייגלה מלח ""יש"" 300 גרם",אפיפית,IL,בייגלה שמיניות,גרמים,300.00,100 גרם,false,1,3.90,1.30,true,1,
7296073496571,false,"ג'ל רחצה ""יש"" מועשר בשמן",טאהא קימיה,TR,"ג'ל רחצה ""יש""",מיליליטרים,700.00,"100 מ""ל",false,1,7.90,1.13,true,1,
7296073496588,false,"ג'ל רחצה ""יש"" אבוקדו",טאהא קימיה,TR,"ג'ל רחצה ""יש""",מיליליטרים,700.00,"100 מ""ל",false,1,7.90,1.13,true,1,
7296073496595,false,"ג'ל רחצה ""יש"" מקרמיה",מבשלות בירה ישראל,TR,"ג'ל רחצה ""יש""",מיליליטרים,700.00,"100 מ""ל",false,1,7.90,1.13,true,1,
7296073497066,false,פדים להסרת איפור 80*3 יח,IPAK,TR,פדים להסרת איפור,יחידה,1.00,יחידה,false,1,14.90,14.90,true,1,
7296073497080,false,מקלוני אוזניים לתינוק,קנגמין,CN,מקלוני אוזניים,יחידה,1.00,יחידה,false,1,4.90,4.90,true,1,
7296073497097,false,מקלוני צמר גפן עץ 200 יח,קנגמין,CN,מקלוני צמר גפן ע,יחידה,1.00,יחידה,false,1,2.90,2.90,true,1,
7296073497103,false,מקלוני צמר גפן 200 יח',קנגמין,CN,מקלוני אוזניים,יחידה,1.00,יחידה,false,1,3.90,3.90,true,1,
7296073497110,false,מקלוני צמר גפן עץ 100 יח,קנגמין,CN,מקלוני צמר גפן ע,יחידה,1.00,יחידה,false,1,1.00,1.00,true,1,
7296073497127,false,מד חום דיגיטלי,ונזו יוסו מדיקל,CN,מד חום דיגיטלי,יחידה,1.00,יחידה,false,1,14.90,14.90,true,1,
7296073516316,false,אננס חתוך בסירופ יש 565ג,FRUITCANNING KUIBURI,TH,אננס חתוך 565גרם,גרמים,565.00,100 גרם,false,1,5.90,1.04,true,1,
7296073516323,false,אננס פרוס בסירופ יש 565ג,FRUITCANNING KUIBURI,TH,אננס פרוס565גרם,גרמים,565.00,100 גרם,false,1,6.90,1.22,true,1,
7296073516330,false,קוקטיל פירות טרופי 565 ג,FRUITCANNING KUIBURI,TH,קוקטייל פירות,גרמים,565.00,100 גרם,false,1,7.90,1.40,true,1,
7296073526346,false,ביסקויט בצורת חיות 180 ג,אפיפית,IL,ביסקויט גן חיות,גרמים,180.00,100 גרם,false,1,2.90,1.61,true,1,
7296073526353,false,חטיפי קרקר מלח יש 180 גר,אפיפית,IL,חטיפי קרקר 180ג,גרמים,180.00,100 גרם,false,1,2.90,1.61,true,1,
7296073526360,false,חטיף קרקר שומשום יש 180ג,אפיפית,IL,חטיף קרקר 180גרם,גרמים,180.00,100 גרם,false,1,2.90,1.61,true,1,
7296073527657,false,בקר טחון קפוא 500 גרם,גלאט עוף,IL,בקר טחון 500 גרם,גרמים,500.00,100 גרם,false,1,44.90,8.98,true,1,
7296073528944,false,"כפפות ניטריל ""יש"" מידה L",,CN,"כפפות ח""פ 100יח",יחידה,1.00,יחידה,false,1,24.90,24.90,true,1,
7296073528951,false,"כפפות ניטריל ""יש""מידה XL",,CN,"כפפות ח""פ",יחידה,1.00,יחידה,false,1,24.90,24.90,true,1,
7296073530329,false,גבינה צהובה 28% 500 גרם,SPOLDZIELNIA,PL,גבינה צהובה 500ג,גרמים,500.00,100 גרם,false,1,14.90,2.98,true,1,
7296073530961,false,פפריקה מתוקה בשמן צנצנת,תבליני יונה,IL,פפריקה מתוקה בשמ,גרמים,80.00,100 גרם,false,1,4.90,6.13,true,1,
7296073551737,false,"מזלג שקוף ""יש"" 50 יחידות",TRWP,TR,מזלג שקוף,יחידה,1.00,יחידה,false,1,7.90,7.90,true,1,
7296073551751,false,"מזלג לבן ""יש"" 50 יחידות",TRWP,TR,מזלג לבן,יחידה,1.00,יחידה,false,1,7.90,7.90,true,1,
7296073551768,false,"מזלג כסף ""יש"" 50 יחידות",TRWP,TR,מזלג כסף,יחידה,1.00,יחידה,false,1,7.90,7.90,true,1,
7296073551775,false,"מזלג זהב ""יש"" 50 יחידות",TRWP,TR,מזלג זהב,יחידה,1.00,יחידה,false,1,7.90,7.90,true,1,
7296073551805,false,"כף לבן ""יש"" 50 יחידות",TRWP,TR,כף לבן,יחידה,1.00,יחידה,false,1,7.90,7.90,true,1,
7296073551812,false,"כף כסף ""יש"" 50 יחידות",TRWP,TR,כף כסף,יחידה,1.00,יחידה,false,1,7.90,7.90,true,1,
7296073551829,false,"כף זהב ""יש"" 50 יחידות",TRWP,TR,כף זהב,יחידה,1.00,יחידה,false,1,7.90,7.90,true,1,
7296073551850,false,"סכין לבן ""יש"" 50 יחידות",TRWP,TR,סכין לבן,יחידה,1.00,יחידה,false,1,7.90,7.90,true,1,
7296073551867,false,"סכין כסף ""יש"" 50 יחידות",TRWP,TR,סכין כסף,יחידה,1.00,יחידה,false,1,7.90,7.90,true,1,
7296073551874,false,"סכין זהב ""יש"" 50 יחידות",TRWP,TR,סכין זהב,יחידה,1.00,יחידה,false,1,7.90,7.90,true,1,
7296073551904,false,"כפית לבן ""יש"" 50 יחידות",TRWP,TR,כפית לבן,יחידה,1.00,יחידה,false,1,5.90,5.90,true,1,
7296073551911,false,"כפית כסף ""יש"" 50 יחידות",TRWP,TR,כפית כסף,יחידה,1.00,יחידה,false,1,5.90,5.90,true,1,
7296073551928,false,"כפית זהב ""יש"" 50 יחידות",TRWP,TR,כפית זהב,יחידה,1.00,יחידה,false,1,5.90,5.90,true,1,
7296073552871,false,סוכריות חמוצות ממולאות,טאיאס ג'ידה,TR,סוכריות חמוצות,גרמים,200.00,100 גרם,false,1,4.90,2.45,true,1,
7296073553335,false,"קרקר מלח ""יש"" 110 גרם",אפיפית,IL,"קרקר מלח ""יש""",גרמים,110.00,100 גרם,false,1,2.90,2.64,true,1,
7296073553342,false,קרקר שומשום 110 גרם,אפיפית,IL,קרקר שומשום,גרמים,110.00,100 גרם,false,1,2.90,2.64,true,1,
7296073553359,false,"פתיבר ""יש"" 110 גרם",אפיפית,IL,פתיבר,גרמים,110.00,100 גרם,false,1,2.90,2.64,true,1,
7296073553366,false,"פתיבר שוקו ""יש"" 110 גרם",אפיפית,IL,פתיבר,גרמים,110.00,100 גרם,false,1,2.90,2.64,true,1,
7296073554271,false,"אבקת אפיה ""יש"" 10*10 גרם",מיה,IL,אבקת אפיה,גרמים,100.00,100 גרם,false,1,1.50,1.50,true,1,
7296073554288,false,"סוכר וניל ""יש"" 10*10גרם",מיה,IL,סוכר וניל10*10 ג,גרמים,100.00,100 גרם,false,1,1.50,1.50,true,1,
7296073564577,false,"ופלים ""יש"" טעם שוקולד 20",מנעמים,IL,"ופלים ""יש""",גרמים,200.00,100 גרם,false,1,2.90,1.45,true,1,
7296073564775,false,"וופלים ""יש"" טעם לימון",מנעמים,IL,"וופלים ""יש""",גרמים,200.00,100 גרם,false,1,2.90,1.45,true,1,
7296073567424,false,"נר נשמה ""יש"" 26 שעות",השלושה,CN,נר נשמה,יחידה,1.00,יחידה,false,1,1.20,1.20,true,1,
7296073580515,false,פלאנקן לחמין,גלאט עוף,IL,פלאנקן לחמין,קילוגרמים,0.00,"ק""ג",true,1,99.90,99.90,true,1,
7296073592792,false,"חיתולי בייבי שלב ""NB1יש""",PAKTEN,TR,"חיתולי בייבי ""יש",יחידה,1.00,יחידה,false,1,27.90,27.90,true,1,
7296073592808,false,"חיתולי בייבי שלב 2 ""יש""",PAKTEN,TR,"חיתולי בייבי ""יש",יחידה,1.00,יחידה,false,1,27.90,27.90,true,1,
7296073592815,false,"חיתולי בייבי שלב 3 ""יש""",PAKTEN,TR,"חיתולי בייבי ""יש",יחידה,1.00,יחידה,false,1,27.90,27.90,true,1,
7296073592822,false,"חיתולי בייבי שלב 4 ""יש""",PAKTEN,TR,"חיתולי בייבי ""יש",יחידה,1.00,יחידה,false,1,27.90,27.90,true,1,
7296073592839,false,"חיתולי בייבי שלב+4 ""יש""",PAKTEN,TR,"חיתולי בייבי ""יש",יחידה,1.00,יחידה,false,1,27.90,27.90,true,1,
7296073592846,false,"חיתולי בייבי שלב 5 ""יש""",PAKTEN,TR,"חיתולי בייבי ""יש",יחידה,1.00,יחידה,false,1,27.90,27.90,true,1,
7296073592853,false,"חיתולי בייבי שלב 6 ""יש""",PAKTEN,TR,"חיתולי בייבי ""יש",יחידה,1.00,יחידה,false,1,27.90,27.90,true,1,
7296168001390,false,"אצטון 100 מ""ל",איתן ספקים E,IL,אציטון,מיליליטרים,100.00,"100 מ""ל",false,0,4.90,4.90,true,1,
7296168009310,false,מוצץ סיליקון עם ידית,נינגבו,CN,מוצץ סיליקון,יחידה,1.00,יחידה,false,1,14.90,14.90,true,1,
7296168009334,false,מוצץ סיליקון עם ידית,נינגבו,CN,מוצץ סיליקון,יחידה,1.00,יחידה,false,1,14.90,14.90,true,1,
7296168089114,false,כוס חלוקה לאבקת חלב,סוויטי,IL,כוס חלוקה לאבקת,יחידה,1.00,יחידה,false,0,14.90,14.90,true,1,
7296168089237,false,"בקבוק לתינוק 240 מ""ל",סוויטי,IL,בקבוק לתינוק,יחידה,1.00,יחידה,false,0,18.90,18.90,true,1,
7296168089299,false,"בקבוק לתינוק 360מ""ל",נינגבו,CN,בקבוק לתינוק,יחידה,1.00,יחידה,false,1,19.90,19.90,true,1,
7296168158766,false,"אלכוהול 70% 100 מ""ל",ש.שוורץ,CN,אלכוהול 70%,מיליליטרים,100.00,"100 מ""ל",false,1,11.90,11.90,true,1,
7296168893001,false,"בקבוק לתינוק 150 מ""ל",נינגבו,CN,בקבוק לתינוק,מיליליטרים,150.00,"100 מ""ל",false,1,16.90,11.27,true,1,
7297292000310,false,סריגית (בדית) 18 יחידות,כ.כיפות שיווק וסחר,IL,סריגית (בדית),יחידה,1.00,יחידה,false,0,7.90,7.90,true,1,
7297292000426,false,בדי טהרה היגיינים 18 יחי,,IL,בדי טהרה,יחידה,1.00,יחידה,false,1,9.90,9.90,true,1,
7297395000026,false,בדית שלישייה,,IL,בדית שלישייה,יחידה,1.00,יחידה,false,0,14.90,14.90,true,1,
7350041950103,false,"ליקר שרי הרינג 700 מ""ל",פיטר הירינג,SE,ליקר שרי הרינג,מיליליטרים,700.00,"100 מ""ל",false,1,109.90,15.70,true,1,
7610008056874,false,חטיף שוקולד במילוי 100 ג,,CH,חטיף שוקולד,גרמים,100.00,100 גרם,false,1,15.90,15.90,true,1,
7613039879382,false,גרבר תפוח עץ 190 גרם,נסטלה פולסקה אס.איי,PL,גרבר מחי תפוח עץ,גרמים,190.00,100 גרם,false,1,5.90,3.11,false,1,
7613039880807,false,גרבר תפוח גזר 190 גרם,נסטלה פולסקה אס.איי,PL,גרבר תפוח גזר,גרמים,190.00,100 גרם,false,1,5.90,3.11,false,1,
7613039881965,false,גרבר גזר תפוח מנגו 190 ג,נסטלה פולסקה אס.איי,PL,גרבר גזר תפוח,גרמים,190.00,100 גרם,false,1,5.90,3.11,false,1,
7614100548206,false,קירש דובדבנים ברגהוף 500,,IL,קירש דובדבנים בר,מיליליטרים,500.00,"100 מ""ל",false,6,149.90,29.98,true,1,
7622010001858,false,עוג.אוראו קרם וניל 176ג,פי אר ג'\יי אס אי מנדלז,UA,עוגיות אוראו,גרמים,176.00,100 גרם,false,1,8.90,5.06,true,1,
7622201808631,false,עוגיות מיני אוראו וניל67,מונדלייז,ID,עוגיות אוראו מינ,גרמים,67.00,100 גרם,false,1,8.90,13.28,true,1,
7622300315283,false,עוגיות אוראו וניל 154גרם,מונדלייז,CZ,עוגיות אוראו,גרמים,154.00,100 גרם,false,1,6.90,4.48,true,1,
7638900431803,false,סוללות אנרג'ייזר 12יחAAA,,CN,סוללות12יחAAA,יחידה,1.00,יחידה,false,1,26.90,26.90,true,1,
8000380192243,false,וופל אגוז לוזי מקסי200גר,א. לואקר,AT,וופל אגוז לואקר,גרמים,200.00,100 גרם,false,1,12.90,6.45,true,1,
8000380192250,false,וופל שוקולד מקסי 200גרם,א. לואקר,AT,וופל שוקולד,גרמים,200.00,100 גרם,false,1,12.90,6.45,true,1,
8000380198221,false,וופל דאבל שוקולד מקסי200,א. לואקר,AT,וופל דאבל שוקולד,גרמים,200.00,100 גרם,false,1,12.90,6.45,true,1,
8001090156839,false,86פמפרס בייבי דריי 4 ענק,,TR,פמפרס אריזת ענק,יחידה,1.00,יחידה,false,1,69.90,69.90,true,1,
8001090184412,false,פיירי לכלים לימון 900 מל,פרוקטר אנד גמבל,GB,פיירי לכלים,מיליליטרים,900.00,"100 מ""ל",false,1,12.90,1.43,true,1,
8001090268679,false,100פמפרס ב.דריי 3 א.ענק,,TR,פמפרס אריזת ענק,יחידה,1.00,יחידה,false,1,69.90,69.90,true,1,
8001090379337,false,40פמפרס פרימיוםVP מידה3,P&G,PL,פמפרס פרימיום,יחידה,1.00,יחידה,false,1,34.90,34.90,true,1,
8001090379368,false,34פמפרס פרימיוםVP מידה4,P&G,PL,פמפרס פרימיום,יחידה,1.00,יחידה,false,1,34.90,34.90,true,1,
8001090379399,false,30פמפרס פרימיוםVP מידה5,P&G,PL,פמפרס פרימיום,יחידה,1.00,יחידה,false,1,34.90,34.90,true,1,
8001841625362,false,פיירי פלטינום לימון780מל,פרוקטר אנד גמבל,GB,פיירי נוזל כלים,מיליליטרים,780.00,"100 מ""ל",false,1,12.90,1.65,true,1,
8001841625461,false,פיירי פלטינום 515מל,פרוקטר אנד גמבל,GB,פיירי נוזל כלים,מיליליטרים,515.00,"100 מ""ל",false,1,11.90,2.31,true,1,
8001841669519,false,אריאל קפסולות ג'ל 55יח,פרוקטר אנד גמבל,FR,קפסולות לכביסה,יחידה,1.00,יחידה,false,1,56.90,56.90,true,1,
8004030381681,false,טונה בשמן זית 160*2 גרם,,IT,טונה שמן זית 2יח,גרמים,320.00,100 גרם,false,1,31.90,9.97,true,1,
8076800195132,false,אטריות בבטה מס13' 500גרם,ברילה גי.אי.אר פרטלי ס.פ,IT,אטריות בבטה,גרמים,500.00,100 גרם,false,0,7.90,1.58,true,1,
8076800315097,false,ספגטי בוקטיני מס9' 500גר,ברילה גי.אי.אר פרטלי ס.פ,IT,ספגטי בוקטיני,גרמים,500.00,100 גרם,false,0,7.90,1.58,true,1,
8076802085738,false,פנה ריגטה מס73' 500 גרם,ברילה גי.אי.אר פרטלי ס.פ,IT,פנה ריגטה ברילה,גרמים,500.00,100 גרם,false,0,7.90,1.58,true,1,
8076802085981,false,פסטה פוזילי מס98' 500גרם,ברילה גי.אי.אר פרטלי ס.פ,IT,פוזילי ברילה,גרמים,500.00,100 גרם,false,0,7.90,1.58,true,1,
8690637555084,false,בדין אקסטרא פריחת התפוז,יוניליוור סנאיי וי טיקאר,TR,מרכך בדין אקסטרא,מיליליטרים,960.00,"100 מ""ל",false,0,19.90,2.07,true,1,
8690637704277,false,דאב שמפו יומי 2ב1- 600מ,יוניליוור,TR,שמפו דאב,מיליליטרים,600.00,"100 מ""ל",false,0,19.90,3.32,true,1,
8690637946301,false,בדין אקסטרא בייבי 960 מל,יוניליוור סנאיי וי טיקאר,TR,בדין מרכך בייבי,מיליליטרים,960.00,"100 מ""ל",false,1,19.90,2.07,true,1,
8690637946318,false,בדין אקסטרא בייבי טלק960,יוניליוור סנאיי וי טיקאר,TR,מרכך בדין בייבי,מיליליטרים,960.00,"100 מ""ל",false,1,19.90,2.07,true,1,
8690637976995,false,בדין ורוד סחלבים960מל,יוניליוור סנאיי וי טיקאר,TR,בדין אקסטרה ורוד,מיליליטרים,960.00,"100 מ""ל",false,1,19.90,2.07,true,1,
8690784516778,false,דאק ג'ל אקונומיקה ים750מ,,NL,ג'ל מקציף דאק,מיליליטרים,750.00,"100 מ""ל",false,1,12.90,1.72,true,1,
8693495053693,false,מברשות 360 קולגייט 4 יח,,CN,מברשות 360 4 יח,יחידה,1.00,יחידה,false,1,34.90,34.90,true,1,
8710502194825,false,עוג.שוקוציפס מהדרין 150ג,מרבה,NL,עוגיות שוקוצ'יפס,גרמים,150.00,100 גרם,false,1,6.90,4.60,true,1,
8710800961310,false,מנטוס טעם תות 4יח37.5X'ג,פרפטי ואן מלה,NL,מנטוס תות 4 יח,גרמים,150.00,100 גרם,false,0,11.90,7.93,true,1,
8717163647226,false,דאו ספריי גוף בלאק 150 מ,יוניליוור אנגליה,TR,אקס ספריי,מיליליטרים,150.00,"100 מ""ל",false,1,16.90,11.27,true,1,
8717163647240,false,דאו ספריי גוף שוקולד150מ,יוניליוור אנגליה,TR,אקס ספריי,מיליליטרים,150.00,"100 מ""ל",false,1,16.90,11.27,true,1,
8717163655825,false,דאודורנט רקסונה כותנה150,"קוסטר אירוסול, גבזה 4140",TR,דאודורנט רקסונה,מיליליטרים,150.00,"100 מ""ל",false,1,18.90,12.60,true,1,
8718951236790,false,קולגייט טוטל קלין 100 מל,קולגייט פלמוליב,PL,קולגייט טוטל,מיליליטרים,100.00,"100 מ""ל",false,1,17.90,17.90,true,1,
8718951236806,false,קולגייט טוטל להלבנה 100מ,,PL,קולגייט טוטל,מיליליטרים,100.00,"100 מ""ל",false,1,17.90,17.90,true,1,
8718951240742,false,קולגייט טוטל פסים 100 מל,קולגייט פלמוליב,PL,קולגייט טוטל,מיליליטרים,100.00,"100 מ""ל",false,1,17.90,17.90,true,1,
8719200998001,false,"מרגרינה בלובנד ללת""מ200ג",יוניליוור ישראל מזון בע\,IL,מרגרינה בלובנד,גרמים,200.00,100 גרם,false,1,4.90,2.45,true,1,
8719200998018,false,מרגרינה בטעם חמאה200גרם,"מיוצר ע""\י יוניליוור ישר",IL,מחמאה מרגרינה,גרמים,200.00,100 גרם,false,1,4.90,2.45,true,1,
8888021200256,false,שמינית סוללות AA,אנרג'ייזר,SG,שמינית סוללות,יחידה,1.00,יחידה,false,0,24.90,24.90,true,1,
9000101418163,false,ברף בניחוח תפוח50*3 גרם,הנקל,RS,ברף לאסלה 3 יח,גרמים,150.00,100 גרם,false,1,19.90,13.27,true,1,
9001616202360,false,זוג מוצצי אולטי,MAM,HU,זוג מוצצים,יחידה,1.00,יחידה,false,0,32.90,32.90,true,1,
9001616203350,false,FLOW SLOW מאמ פטמות,MAM,AT,מאמ פטמות,יחידה,1.00,יחידה,false,0,24.90,24.90,true,1,
9001616203626,false,מאמ פטמות FAST FOLW,MAM,AT,מאמ פטמות,יחידה,1.00,יחידה,false,0,24.90,24.90,true,1,
9001616702846,false,זוג מוצצים איר 0-6 בת 2*,MAM,HU,זוג מוצצים איר 0,יחידה,1.00,יחידה,false,1,32.90,32.90,true,1,
9001616702983,false,בקבוק תינוק סגול,MAM,HU,בקבוק תינוק סגול,מיליליטרים,330.00,"100 מ""ל",false,1,34.90,10.58,true,1,
9001616702990,false,בקבוק תינוק ירוק,MAM,HU,בקבוק תינוק ירו,מיליליטרים,330.00,"100 מ""ל",false,1,34.90,10.58,true,1,
9001616703102,false,"בקבוק אימון ירוק 220 מ""ל",MAM,AT,בקבוק אימון ירוק,מיליליטרים,220.00,"100 מ""ל",false,1,41.90,19.05,true,1,
9044400851672,false,בובת פז טעם פירות 3+1,,HU,בובת פז ט.פירות,יחידה,1.00,יחידה,false,1,11.90,11.90,true,1,
