code,internal_code,name,manufacturer_name,manufacture_country,manufacturer_item_description,unit_qty,quantity,unit_of_measure,weighted,qty_in_package,price,unit_of_measure_price,allow_discount,status,item_id
40084107,false,ביצת הפתעה קינדר,פרדי קונדטוריה אס פי,IT,פררו,גרמים,20.00,100 גרם,false,,4.90,0.2450,true,1,72552
40084725,false,קינדר מילק סלייס עוג,פררו,TR,קינדר מילק סלייס עוג,גרמים,28.00,100 גרם,false,,3.50,0.1250,true,1,118097
40111216,false,באונטי חטיף בודד 57,מרס,NL,מרס,גרמים,57.00,100 גרם,false,,3.90,0.0684,true,1,72280
42061939,false,בקבוק בירה בקס 500 מ,Beck and Co,DE,בקבוק בירה בקס 500 מ,מיליליטרים,500.00,"100 מ""ל",false,,9.90,0.0198,true,1,111956
42101666,false,אירוובס מנטה אקליפטו,ריגלי,GB,ארוויבז,גרמים,42.00,100 גרם,false,,5.90,0.1405,true,1,72281
42299363,false,ניוואה דאו רול און פ,ביירסדורף,DE,ניוואה,מיליליטרים,200.00,"100 מ""ל",false,,19.90,0.0995,true,1,74383
42306788,false,אירוובס מנטה אוכמניו,ריגלי,GB,ארוויבז,גרמים,42.00,100 גרם,false,,5.90,0.1405,true,1,72344
50398904,false,קרם חמצן 6% בקבוק 60,גדעון קוסמטיקס,IL,אינדולה,מיליליטרים,60.00,"100 מ""ל",false,,4.90,0.0817,true,1,34492
54051140,false,אלפרו מעדן סויה בטעם,ALPRO,BE,אלפרו,מיליליטרים,500.00,"100 מ""ל",false,,16.90,0.0338,true,1,60613
54051157,false,אלפרו מעדן סויה בטעם,ALPRO,BE,אלפרו,מיליליטרים,500.00,"100 מ""ל",false,,16.90,0.0338,true,1,60615
59079811,false,דאו רקסונה רול און ט,יוניליוור  פיליפינים,PH,REXONA,מיליליטרים,50.00,"100 מ""ל",false,,11.90,0.2380,true,1,120116
59082637,false,דאו רקסונה רול און,יוניליוור  פיליפינים,PH,REXONA,מיליליטרים,50.00,"100 מ""ל",false,,11.90,0.2380,true,1,111069
59092513,false,דאו רקסונה רול און א,יוניליוור HPC,PH,REXONA,מיליליטרים,50.00,"100 מ""ל",false,,11.90,0.2380,true,1,125484
72940754,false,מילקי בטעם וניל,שטראוס גרופ,IL,שטראוס,גרמים,134.00,100 גרם,false,,2.80,0.0209,true,1,53891
72940761,false,מילקי בטעם שוקולד,שטראוס גרופ,IL,שטראוס,גרמים,134.00,100 גרם,false,,2.80,0.0209,true,1,53893
72940952,false,מילקי אקסטרה קצפת,שטראוס גרופ,IL,שטראוס,גרמים,111.00,100 גרם,false,,3.50,0.0315,true,1,53895
72941041,false,מיני מילקי בטעם שוקו,שטראוס גרופ,IL,שטראוס,גרמים,71.00,100 גרם,false,,2.00,0.0282,true,1,53901
72945308,false,שמרים טריים בקוביה 2,"פאקא תעשיות בע""מ",IL,תוצרת מסחרית,גרמים,50.00,100 גרם,false,,3.40,0.0680,true,1,53903
72961223,false,גיל 3% 200מל בדצ,תנובה,IL,תנובה,מיליליטרים,200.00,"100 מ""ל",false,,1.51,0.0076,true,1,77474
72961506,false,פרילי תות גביע 125 ג,תנובה,IL,פרילי,גרמים,125.00,100 גרם,false,,3.30,0.0264,true,1,77475
72961520,false,פרילי אננס גביע 125,תנובה,IL,פרילי,גרמים,125.00,100 גרם,false,,3.30,0.0264,true,1,77477
72961544,false,באדי יוגרט תות גביע,תנובה,IL,באדי,גרמים,125.00,100 גרם,false,,2.90,0.0232,true,1,77478
72986233,false,באדי מעדן וניל גביע,תנובה,IL,באדי,גרמים,125.00,100 גרם,false,,2.90,0.0232,true,1,77486
72986240,false,באדי מעדן שוקו גביע,תנובה,IL,באדי,גרמים,125.00,100 גרם,false,,2.90,0.0232,true,1,77487
72986370,false,*מבצע* פיינט וניל FT,מוצרי איכות אמריקאיי,IL,בן & ג'ריס,מיליליטרים,500.00,"100 מ""ל",false,,18.90,0.0378,true,1,62462
72986424,false,*מבצע* פיינט קרם עוג,מוצרי איכות אמריקאיי,IL,בן & ג'ריס,מיליליטרים,500.00,"100 מ""ל",false,,18.90,0.0378,true,1,62463
72986448,false,*מבצע* פיינט טופי קר,מוצרי איכות אמריקאיי,IL,בן & ג'ריס,מיליליטרים,500.00,"100 מ""ל",false,,18.90,0.0378,true,1,62464
72986455,false,*מבצע* פיינט ניו-יור,מוצרי איכות אמריקאיי,IL,בן & ג'ריס,מיליליטרים,500.00,"100 מ""ל",false,,18.90,0.0378,true,1,62465
72986479,false,*מבצע* פיינט צאנקי מ,מוצרי איכות אמריקאיי,IL,בן & ג'ריס,גרמים,500.00,100 גרם,false,,18.90,0.0378,true,1,62466
72989425,false,*מבצע* פיינט שוקולד,מוצרי איכות אמריקאיי,IL,בן & ג'ריס,מיליליטרים,500.00,"100 מ""ל",false,,18.90,0.0378,true,1,62467
72991886,false,*מבצע* פיינט דולצ`ה,מוצרי איכות אמריקאיי,IL,בן & ג'ריס,גרמים,500.00,100 גרם,false,,18.90,0.0378,true,1,62468
72993637,false,דני שוקולד,שטראוס גרופ,IL,שטראוס,גרמים,125.00,100 גרם,false,,2.60,0.0208,true,1,53914
76106071,false,מיץ ליים משומר 200 מ,סידג,CH,מיץ לימון משומר,מיליליטרים,200.00,"100 מ""ל",false,,6.90,0.0345,true,1,111668
80042563,false,פאסטה עגבניות בבקבוק,mutti s.p.a,IT,mutti,גרמים,700.00,100 גרם,false,,12.90,0.0184,true,1,74328
80050025,false,טיק טק תפוז,פררו,ZA,פררו,גרמים,16.00,100 גרם,false,,2.90,0.1812,true,1,72557
80050124,false,טיק טק מנטה,פררו,ZA,פררו,גרמים,16.00,100 גרם,false,,2.90,0.1812,true,1,72559
80052760,false,קינדר בואנו שוקולד,פררו,PL,פררו,גרמים,43.00,100 גרם,false,,3.70,0.0860,true,1,72569
80083665,false,גנדולה - עוגיות אורג,,,גנדולה - עוגיות אורג,גרמים,250.00,100 גרם,false,,15.90,0.0636,true,1,123372
80083696,false,גנדולה - עוגיות דגני,,,גנדולה - עוגיות דגני,גרמים,250.00,100 גרם,false,,15.90,0.0636,true,1,123373
80136194,false,קינדר הפי-היפו חמישי,פררו,IT,פררו,גרמים,103.00,100 גרם,false,,11.90,0.1155,true,1,86961
80176800,false,ממרח נוטלה 750 גרם,פררו,IT,פררו,גרמים,750.00,100 גרם,false,,24.90,0.0332,true,1,72571
80177173,false,ממרח נוטלה 350 גרם,פררו,IT,פררו,גרמים,350.00,100 גרם,false,,13.90,0.0397,true,1,72573
80177180,false,קינדר קאונטרי,פררו,IT,פררו,גרמים,24.00,100 גרם,false,,2.00,0.0833,true,1,72575
80177609,false,קינדר 50 גרם,פררו,IT,פררו,גרמים,50.00,100 גרם,false,,3.70,0.0740,true,1,72577
80273561,false,*מבצע* פלפל שחור במט,דרוגריה ואלימנטרי אס,IT,ארומה דה טוסקנה,גרמים,45.00,100 גרם,false,,9.90,0.2200,true,1,39423
80310891,false,ביצת קינדר גוי,פררו,,ביצת קינדר גוי,גרמים,20.00,100 גרם,false,,4.90,0.2450,true,1,126206
80761761,false,קינדר בואנו לבן,פררו,PL,פררו,גרמים,39.00,100 גרם,false,,3.70,0.0949,true,1,72581
80768258,false,ביצת קינדר גוי,פררו,ZA,פררו,גרמים,20.00,100 גרם,false,,4.90,0.2450,true,1,72583
80773429,false,מנטוס פיור פרש תות ב,פרפטי ואן מלה,TR,מנטוס,גרמים,60.00,100 גרם,false,,9.90,0.1650,true,1,88044
80776307,false,מנטוס פיור פרש פירות,פרפטי ואן מלה,TR,מנטוס,גרמים,90.00,100 גרם,false,,16.90,0.1878,true,1,47564
80790990,false,מנטוס פיור פרש פירות,פרפטי ואן מלה,TR,מנטוס,גרמים,60.00,100 גרם,false,,9.90,0.1650,true,1,47571
80794233,false,מנטוס פיור פרש מנטה,פרפטי ואן מלה,TR,מנטוס,גרמים,90.00,100 גרם,false,,16.90,0.1878,true,1,47573
80831402,false,סוכריות מנטוס מרעננו,פרפטי ואן מלה,TR,מנטוס,גרמים,21.00,100 גרם,false,,6.90,0.3286,true,1,113190
80832560,false,סוכריות מנטוס מרעננו,פרפטי ואן מלה,TR,מנטוס,גרמים,21.00,100 גרם,false,,6.90,0.3286,true,1,124639
80843184,false,מנטוס פיור פרש טעם ע,פרפטי ואן מלה,TR,מנטוס,גרמים,60.00,100 גרם,false,,9.90,0.1650,true,1,119071
80854753,false,סוכריות מנטוס מנטה ל,פרפטי ואן מלה,TR,מנטוס,גרמים,21.00,100 גרם,false,,6.90,0.3286,true,1,113191
80862260,false,מסטיק פיור וויט XXL,פרפטי ואן מלה,TR,מסטיק פיור וויט XXL,גרמים,150.00,100 גרם,false,,16.90,0.1127,true,1,122383
80864295,false,מנטוס וויט מנטה עדינ,פרפטי ואן מלה,TR,מנטוס,גרמים,60.00,100 גרם,false,,9.90,0.1650,true,1,119180
80896081,false,מנטוס פיור פרש אבטיח,פרפטי ואן מלה,TR,מנטוס,גרמים,60.00,100 גרם,false,,9.90,0.1650,true,1,88045
80913467,false,מנטוס פיור פרש מנטה,פרפטי ואן מלה,TR,מנטוס,גרמים,60.00,100 גרם,false,,9.90,0.1650,true,1,47591
80929277,false,מסטיק פיור וויט XXL,פרפטי ואן מלה,TR,מסטיק פיור וויט XXL,גרמים,150.00,100 גרם,false,,16.90,0.1127,true,1,122384
80945468,false,מנטוס וויט מנטה מתוק,פרפטי ואן מלה,TR,מנטוס,גרמים,60.00,100 גרם,false,,9.90,0.1650,true,1,119181
80974215,false,מנטוס פיור פרש תות ב,פרפטי ואן מלה,TR,מנטוס,גרמים,90.00,100 גרם,false,,16.90,0.1878,true,1,106369
80979128,false,מנטוס פיור פרש טעם ד,פרפטי ואן מלה,TR,מנטוס,גרמים,60.00,100 גרם,false,,9.90,0.1650,true,1,119072
80982470,false,מנטוס פיור פרוסט בטע,פרפטי ואן מלה,TR,מנטוס,גרמים,60.00,100 גרם,false,,9.90,0.1650,true,1,118067
80986348,false,מנטוס וויט טעם מנטה,פרפטי ואן מלה,TR,מנטוס,גרמים,60.00,100 גרם,false,,9.90,0.1650,true,1,119182
80995128,false,מנטוס מסטיק בטעם הדר,פרפטי ואן מלה,TR,מנטוס,גרמים,60.00,100 גרם,false,,9.90,0.1650,true,1,126484
87108538,false,מנטוס תות,פרפטי ואן מלה,NL,מנטוס,גרמים,37.50,100 גרם,false,,2.90,0.0773,true,1,47601
87108651,false,מנטוס רביעייה,פרפטי ואן מלה,NL,מנטוס,גרמים,160.00,100 גרם,false,,10.90,0.0681,true,1,47602
87108712,false,מנטוס רביעייה,פרפטי ואן מלה,NL,מנטוס,גרמים,160.00,100 גרם,false,,10.90,0.0681,true,1,47603
87311396,false,מנטוס פירות ריינבואו,פרפטי ואן מלה,NL,מנטוס,גרמים,38.00,100 גרם,false,,2.90,0.0763,true,1,47607
88888017,true,י מחפוד ארוז זכיינות,,,י מחפוד ארוז זכיינות,,0.00,,false,,0.00,0.0000,true,1,112273
88888018,true,קפואים מחפוד זכיינות,,,קפואים מחפוד זכיינות,,0.00,,false,,0.00,0.0000,true,1,112274
88888020,true,מחלקת חלב,,,מחלקת חלב,,0.00,,false,,0.00,0.0000,true,1,115149
88888032,true,פיצוחיה יוחננוף,,,פיצוחיה יוחננוף,,0.00,,false,,0.00,0.0000,true,1,120643
88888033,true,"חיה יוחננוף ללא מע""מ",,,"חיה יוחננוף ללא מע""מ",,0.00,,false,,0.00,0.0000,true,1,120644
88888050,true,לחמים ומאפים,,,לחמים ומאפים,,0.00,,false,,0.00,0.0000,true,1,115190
88888051,true,סנדביצים טליה,,,סנדביצים טליה,,0.00,,false,,0.00,0.0000,true,1,121431
88888052,true,סלטים ונקניקים,,,סלטים ונקניקים,,0.00,,false,,0.00,0.0000,true,1,115223
88888053,true,ללא גלוטן וללא סוכר,,,ללא גלוטן וללא סוכר,,0.00,,false,,0.00,0.0000,true,1,115224
88888054,true,בעלי חיים,,,בעלי חיים,,0.00,,false,,0.00,0.0000,true,1,115225
88888055,true,זול סטוק,,,זול סטוק,,0.00,,false,,0.00,0.0000,true,1,121877
88888100,true,א. יעקב,,,א. יעקב,,0.00,,false,,0.00,0.0000,true,1,121213
88888993,true,סלטים טיב השדה,,,סלטים טיב השדה,,0.00,,false,,0.00,0.0000,true,1,106902
90087011,false,*מבצע* מיץ תפוחים 1,ראוך,HU,מיץ תפוחים 1 ל,ליטרים,1.00,ליטר,false,,9.90,9.9000,true,1,87157
90087066,false,*מבצע* מיץ תפוזים 10,ראוך,HU,מיץ תפוזים 1 ל,ליטרים,1.00,ליטר,false,,9.90,9.9000,true,1,87158
90087547,false,*מבצע* מיץ עגב 100%,ראוך,HU,*מבצע* מיץ עגב 100%,ליטרים,1.00,ליטר,false,,9.90,9.9000,true,1,106588
90087769,false,*מבצע* מיץ אננס 100%,ראוך,HU,*מבצע* מיץ אננס 100%,ליטרים,1.00,ליטר,false,,9.90,9.9000,true,1,87160
90087974,false,"חומץ תפוחים 750 מ""ל",ראוך,AT,ראוך,מיליליטרים,750.00,"100 מ""ל",false,,11.90,0.0159,true,1,59752
90162602,false,רד בול משקה אנרגיה 2,רד בול,AT,משקה רד בול,מיליליטרים,250.00,"100 מ""ל",false,,5.90,0.0236,true,1,93804
90446269,false,"רד בול אבטיח 250 מ""ל",רד בול,AT,רד בול,מיליליטרים,250.00,"100 מ""ל",false,,5.90,0.0236,true,1,123772
8112100298,false,שמן שומשום טהור,flavor full foods,TW,flavor,מיליליטרים,185.00,"100 מ""ל",false,,14.90,0.0805,true,1,72945
9800800056,false,נוטלה אנד גו,פררו,DE,נוטלה,גרמים,52.00,100 גרם,false,,4.90,0.0942,true,1,72589
10900678148,false,רדיד אלומיניום דיאמו,דיימונד,CN,רדיד אלומיניום דיאמו,מטרים,5.00,מטר,false,,14.90,2.9800,true,1,120139
11210000094,false,"טבסקו רגיל 60 מ""ל",מקאילהייני קו,US,טבסקו,מיליליטרים,60.00,"100 מ""ל",false,,10.90,0.1817,true,1,52835
11210007253,false,"טבסקו שום 60 מ""ל",חב' מקאילהייני,US,טבסקו,מיליליטרים,60.00,"100 מ""ל",false,,10.90,0.1817,true,1,52837
11210607040,false,"טבסקו מעושן ""ציפוטלי",חב' מקאילהייני,US,טבסקו,מיליליטרים,60.00,"100 מ""ל",false,,10.90,0.1817,true,1,52841
11543334101,false,אופנוע חשמלי מרים גל,,,אופנוע חשמלי מרים גל,יח,1.00,יח,false,,49.90,49.9000,true,1,125418
16000185517,false,פייבר וואן 555 גרם,נסטלה,PT,FIBER ONE,גרמים,555.00,100 גרם,false,,24.90,0.0449,true,1,120458
16000281684,false,חטיפי קראנצי פקאן חמ,ג'נרל מילס,US,נייטשר ואלי,גרמים,210.00,100 גרם,false,,18.90,0.0900,true,1,47613
16000423534,false,חטיפי קראנצי שוקולד,ג'נרל מילס,US,נייטשר ואלי,גרמים,210.00,100 גרם,false,,18.90,0.0900,true,1,47614
16000548404,false,חטיפי קראנצי דבש חמי,ג'נרל מילס,ES,נייטשר ואלי,גרמים,210.00,100 גרם,false,,18.90,0.0900,true,1,47618
16000548503,false,חטיפי קראנצי מייפל ח,ג'נרל מילס,ES,נייטשר ואלי,גרמים,210.00,100 גרם,false,,18.90,0.0900,true,1,47620
16229924263,false,קרם קוקוס 250 מ,ויט ורלד קומפני,,קרם קוקוס 250 מ,מיליליטרים,250.00,"100 מ""ל",false,,9.90,0.0396,true,1,86941
18000701223,false,תערובת לעוגת שוקולד,ג'נרל מילס,IL,פילסברי,גרמים,500.00,100 גרם,false,,16.90,0.0338,true,1,47628
18000703494,false,תערובת לעוגת וניל פי,ג'נרל מילס,IL,פילסברי,גרמים,500.00,100 גרם,false,,16.90,0.0338,true,1,47630
21200513152,false,ספוגי קרצוף שלישיה,M3,CA,סקוטש-ברייט,יח',3.00,יח',false,,14.90,4.9667,true,1,41122
21200572357,false,ספוגי קרצוף שלישיה,M3,CA,סקוטש-ברייט,יח',3.00,יח',false,,14.90,4.9667,true,1,41124
21723339994,false,רוטב דגים,tang sang hah,TH,tiparos,מיליליטרים,300.00,"100 מ""ל",false,,9.90,0.0330,true,1,72946
25675301177,false,מקלות חמוצים 50 גרם,פאסין,NL,פשקס,גרמים,50.00,100 גרם,false,,4.90,0.0980,true,1,43639
25675301184,false,מקלות 50ג קולה,פאסין,NL,פשקס,גרמים,50.00,100 גרם,false,,4.90,0.0980,true,1,43640
25700005698,false,שקיות זיפלוק בינוניו,אס.סי.גונסון ובניו,US,שקיות זיפלוק בינוניו,יחי,24.00,יחי,false,,12.90,0.5375,true,1,116476
30000315989,false,קוואקר פרוטאין חמוצי,BEVERAGES FOODS & SE,US,קוואקר,גרמים,372.00,100 גרם,false,,20.90,0.0562,true,1,109037
31200001597,false,חמוציות 170 גרם,אושן ספריי,US,חמוציות,גרמים,170.00,100 גרם,false,,10.90,0.0641,true,1,47643
31290140107,false,שוקולד גודייבה פיור,גודייבה,TR,גודייבה,גרמים,90.00,100 גרם,false,,14.90,0.1656,true,1,115083
31290140176,false,שוקולד גודייבה פיור,גודייבה,TR,גודייבה,גרמים,90.00,100 גרם,false,,14.90,0.1656,true,1,115084
31290140190,false,שוקולד גודייבה פיור,גודייבה,TR,גודייבה,גרמים,90.00,100 גרם,false,,14.90,0.1656,true,1,115085
33617000026,false,ואזה מקמח מלאה,,,פת מקמח מלא 260 גרם,גרמים,260.00,100 גרם,false,,12.90,0.0496,true,1,37646
33617340610,false,ואזה מקמח שיפון,,,פת מקמח שיפון 275 גרם,גרמים,275.00,100 גרם,false,,12.90,0.0469,true,1,37653
34000312177,false,הרשי סירופ שוקולד 68,הרשי,US,הרשי סירופ שוקולד 680 גרם,גרמים,680.00,100 גרם,false,,17.90,0.0263,true,1,47654
34000544028,false,מקלות ליקריץ תות 198,הרשי,US,הרשי,גרמים,198.00,100 גרם,false,,6.90,0.0348,true,1,47658
35000458476,true,*מבצע* קולגייט מברשת,קולגייט פלמוליב,VN,קולגייט,יח',4.00,יח',false,,17.90,4.4750,true,1,109470
37600207188,false,חמאת בוטנים סקיפי קל,הורמל,US,סקיפי,גרמים,462.00,100 גרם,false,,17.90,0.0387,true,1,65675
37600207256,false,חמאת בוטנים סקיפי עם,הורמל,US,סקיפי,גרמים,462.00,100 גרם,false,,17.90,0.0387,true,1,65677
38000138638,false,פרינגלס פיצה 158 גרם,פרינגלס,US,פרינגלס,גרמים,158.00,100 גרם,false,,8.90,0.0563,true,1,65688
38000197840,false,פרינגלס גלי בטעם חרי,פרינגלס,US,פרינגלס,גרמים,137.00,100 גרם,false,,8.90,0.0650,true,1,116516
38000232152,false,פרינגלס ברביקיו 158,פרינגלס,US,פרינגלס,גרמים,158.00,100 גרם,false,,8.90,0.0563,true,1,112907
38000232176,false,פרינגלס שמנת בצל 158,פרינגלס,US,פרינגלס,גרמים,158.00,100 גרם,false,,8.90,0.0563,true,1,112908
38000232183,false,פרינגלס אורגינל 149,פרינגלס,US,פרינגלס,גרמים,149.00,100 גרם,false,,8.90,0.0597,true,1,112909
38527591053,false,*מבצע* קוואקר ריבועי,BEVERAGES FOODS & SE,US,קוואקר,גרמים,411.00,100 גרם,false,,16.90,0.0411,true,1,51865
38527591060,false,*מבצע* קוואקר ריבועי,BEVERAGES FOODS & SE,US,קוואקר,גרמים,411.00,100 גרם,false,,16.90,0.0411,true,1,51868
40000512943,false,M&M's שוקולד 303 גרם,מרס,US,אמ אנד אמס,גרמים,303.00,100 גרם,false,,19.90,0.0657,true,1,89213
40000513568,false,M&M's שוקולד 156 גרם,מרס,US,M&M's שוקולד 156 גרם,גרמים,156.00,100 גרם,false,,9.90,0.0635,true,1,72362
40000514480,false,M&M's שוקולד 48 גרם,מרס,US,מ&מ'ס,גרמים,48.00,100 גרם,false,,4.90,0.1021,true,1,72368
40000514510,false,M&M's בוטנים 49 גרם,מרס,US,מ&מ'ס,גרמים,49.00,100 גרם,false,,4.90,0.1000,true,1,72370
40232885518,false,אוכמניות,,,אוכמניות,יח,1.00,יח,false,,9.90,9.9000,true,1,116084
41390001079,false,רוטב סויה דל מלח קיק,קיקומן פודז אינק,US,קיקומן,מיליליטרים,444.00,"100 מ""ל",false,,19.90,0.0448,true,1,65715
41390010309,false,רוטב טריאקי קיקומן 4,קיקומן פודז אינק,US,קיקומן,מיליליטרים,444.00,"100 מ""ל",false,,19.90,0.0448,true,1,65717
42400108153,false,דגני פוסט טוטי פרוטי,,,דגני פוסט טוטי פרוטי,גרמים,354.00,100 גרם,false,,19.90,0.0562,true,1,116568
44164063914,false,פתיל צף עגול מוכן,,,פתיל צף עגול מוכן,יחידה,0.00,יחידה,false,,4.90,0.0000,true,1,116208
46214382259,false,מרבה עוגיות בראוניז,,,מרבה עוגיות בראוניז,גרמים,200.00,100 גרם,false,,9.90,0.0495,true,1,60628
46214731552,false,מרבה עוגיות  37% שוק,Merba BV,NL,מרבה,גרמים,225.00,100 גרם,false,,9.90,0.0440,true,1,60629
50000100347,false,פריסקיז מעדני החתול,נסטלה פורינה  USA מק,US,FRISKIES,קילוגרמים,4.43,"ק""ג",false,,35.90,8.1038,true,1,112345
50000225224,false,פריסקיז פריים פילה ה,נסטלה פורינה  USA קר,US,FRISKIES,גרמים,156.00,100 גרם,false,,6.90,0.0442,true,1,33654
50000237951,false,פריסקיז פארטי מיקס ג,,,פריסקיז פארטי מיקס ג,גרמים,60.00,100 גרם,false,,14.90,0.2483,true,1,124971
50000238910,false,פריסקיז פארטי מיקס א,,,פריסקיז פארטי מיקס א,גרמים,60.00,100 גרם,false,,14.90,0.2483,true,1,123813
50000293292,false,פריסקיז עוף גרייבי 1,,,פריסקיז עוף גרייבי 1,יחידה,0.00,יחידה,false,,6.90,0.0000,true,1,113559
50000426942,false,פנסי פיסט צאנקי בשר,,,פנסי פיסט צאנקי בשר,יחידה,0.00,יחידה,false,,5.90,0.0000,true,1,113561
50000429448,false,פנסי פיסט פטה מוס סל,נסטלה פורינה  USA סט,US,FANCY FEAST,גרמים,85.00,100 גרם,false,,5.90,0.0694,true,1,33664
51500255162,false,*מבצע* JIF חמאת בוטנ,smuckers,US,*מבצע* JIF חמאת בוטנ,גרמים,454.00,100 גרם,false,,14.90,0.0328,true,1,118828
54881003971,false,*מבצע* תה ירוק מבחר,אחמד תה אנגליה,,*מבצע* תה ירוק מבחר,יח',20.00,יח',false,,9.90,0.4950,true,1,119778
54881007511,false,*מבצע* תה ירוק בטעם,אחמד תה אנגליה,,*מבצע* תה ירוק בטעם,יח',20.00,יח',false,,9.90,0.4950,true,1,119781
54881007535,false,*מבצע* תה ירוק בטעם,אחמד תה אנגליה,,*מבצע* תה ירוק בטעם,יח',20.00,יח',false,,9.90,0.4950,true,1,119782
54881008945,false,*מבצע* תה ירוק אחמד,אחמד תה אנגליה,,*מבצע* תה ירוק אחמד,יח',20.00,יח',false,,9.90,0.4950,true,1,119783
54881009522,false,*מבצע* תה שחור פטל א,אחמד תה אנגליה,,*מבצע* תה שחור פטל א,יח',20.00,יח',false,,8.90,0.4450,true,1,119784
64144090013,false,תרסיס שמן טעם חמאה פ,קונגרה,US,פאם,מיליליטרים,148.00,"100 מ""ל",false,,17.90,0.1209,true,1,47673
64144090020,false,תרסיס שמן זית פאם,קונגרה,US,פאם,מיליליטרים,148.00,"100 מ""ל",false,,17.90,0.1209,true,1,47675
64144090051,false,תרסיס שמן קנולה פאם,קונגרה,US,פאם,מיליליטרים,148.00,"100 מ""ל",false,,17.90,0.1209,true,1,47678
70080000016,false,חרדל לחיץ 297 אמריק',"פלוקמן בע""מ",US,חרדל לחיץ 297 אמריק',גרמים,297.00,100 גרם,false,,7.90,0.0266,true,1,107030
76840100583,false,*מבצע* פיינט בצק עוג,מוצרי איכות אמריקאיי,IL,בן & ג'ריס,מיליליטרים,473.00,"100 מ""ל",false,,18.90,0.0400,true,1,62483
76840400218,false,*מבצע* פיינט עוגת גב,מוצרי איכות אמריקאיי,IL,בן & ג'ריס,מיליליטרים,473.00,"100 מ""ל",false,,18.90,0.0400,true,1,79380
76840620029,false,*מבצע* פיינט תות שדה,מוצרי איכות אמריקאיי,IL,בן & ג'ריס,מיליליטרים,476.00,"100 מ""ל",false,,18.90,0.0397,true,1,79386
77245110610,false,סוכריות מאסט ללא סוכ,MIESZKO S.A - MS. JO,PL,עלית,גרמים,80.00,100 גרם,false,,6.90,0.0863,true,1,50743
77343000233,false,נרות חימום 50 יח יצו,"מנורה שי נר בע""מ",IL,מנורה,יח',50.00,יח',false,,8.90,0.1780,true,1,86334
77975036976,false,סלסה עדינה 439 גרם,סניידרס,US,סניידרס,גרמים,439.00,100 גרם,false,,16.90,0.0385,true,1,47688
77975093085,false,בייגלה סנידרס בציפוי,סניידרס,US,בייגלה סנידרס בציפוי,גרמים,141.00,100 גרם,false,,16.90,0.1199,true,1,123670
77975094761,false,שברי בייגלה צדר סניי,סניידרס,US,סניידרס,גרמים,340.00,100 גרם,false,,15.90,0.0468,true,1,117872
77975094778,false,שברי בייגלה דבש וחרד,סניידרס,US,סניידרס,גרמים,340.00,100 גרם,false,,15.90,0.0468,true,1,118124
80432400432,false,ויסקי שיבאס 1 ליטר,,,ויסקי שיבאס 1 ליטר,ליטרים,1.00,ליטר,false,,139.90,139.9000,true,1,45919
80518532743,false,בלונים 50 יח,NORTHERN,CN,שמחה זה אנחנו,יח',50.00,יח',false,,11.90,0.2380,true,1,75437
84909008046,false,נוזל אגוז קוקוס 400,סיאנד אי,TH,מזרח ומערב,מיליליטרים,400.00,"100 מ""ל",false,,6.90,0.0173,true,1,52880
89041081056,false,"שמן צילי 185 מ""ל",flavor full foods,TW,"שמן צילי 185 מ""ל",מיליליטרים,185.00,"100 מ""ל",false,,10.90,0.0589,true,1,109760
183837123408,false,אורז בסמטי אוצרות הו,,IN,אורז בסמטי אוצרות הו,קילוגרמים,5.00,"ק""ג",false,,32.90,6.5800,true,1,124811
305213079004,false,ווזלין תחליב גוף צהו,יוניליוור,US,יוניליוור,מיליליטרים,600.00,"100 מ""ל",false,,19.90,0.0332,true,1,86828
608614249114,false,סט מצעים זוגי 180*16,,,סט מצעים זוגי 180*16,יח',1.00,יח',false,,59.90,59.9000,true,1,110055
611745285685,false,אבוקדו בשל ארוז יחיד,משתנה,IL,פטריות פורטובלה,יח',1.00,יח',false,,7.90,7.9000,true,1,111755
613008742348,false,אריזונה ג'נסנג דבש ל,נובה טרייד אל טי די,BG,אריזונה,ליטרים,1.00,ליטר,false,,10.90,10.9000,true,1,115874
613008755461,false,אריזונה אוכמניות ליט,נובה טרייד אל טי די,BG,אריזונה,ליטרים,1.00,ליטר,false,,10.90,10.9000,true,1,115876
628154383659,false,דגני פוסט פרוטי פבלס,פוסט,US,פוסט,גרמים,311.00,100 גרם,false,,19.90,0.0640,true,1,123642
645173911038,false,קורנישון מיני 670 גר,קולמן,IN,תומר,גרמים,720.00,100 גרם,false,,10.90,0.0151,true,1,59753
649870160959,false,עצם דחוסה 12בטעמים,,,עצם דחוסה 12בטעמים,יחידה,0.00,יחידה,false,,29.90,0.0000,true,1,113608
649870161291,false,מקלונים עטופים 100 ג,,,מקלונים עטופים 100 ג,יחידה,0.00,יחידה,false,,16.90,0.0000,true,1,113614
649870161536,false,דונאט בפאלו מצופה,,,דונאט בפאלו מצופה,יחידה,0.00,יחידה,false,,19.90,0.0000,true,1,113623
649870164551,false,עצם פאפ ברווז פטסלנד,,,עצם פאפ ברווז פטסלנד,יח,1.00,יח,false,,24.90,24.9000,true,1,113656
649870165695,false,חטיף נייטיב לכלב מקל,,,חטיף נייטיב לכלב מקל,גרמים,80.00,100 גרם,false,,15.90,0.1988,true,1,117892
649870165701,false,חטיף נייטיב לכלב סוש,,,חטיף נייטיב לכלב סוש,גרמים,80.00,100 גרם,false,,15.90,0.1988,true,1,117893
649870165732,false,חטיף נייטיב לכלב קוב,,,חטיף נייטיב לכלב קוב,גרמים,80.00,100 גרם,false,,15.90,0.1988,true,1,117896
649870166081,false,נייטיב בקר ברוטב לחת,,TH,נייטיב בקר ברוטב לחת,גרמים,85.00,100 גרם,false,,4.90,0.0576,true,1,118965
649870166098,false,נייטיב עוף ברוטב לחת,,TH,נייטיב עוף ברוטב לחת,גרמים,85.00,100 גרם,false,,4.90,0.0576,true,1,118966
649870166104,false,נייטיב דגים ברוטב לח,,TH,נייטיב דגים ברוטב לח,גרמים,85.00,100 גרם,false,,4.90,0.0576,true,1,118967
649870166135,false,נייטיב טונה ברוטב לח,,TH,נייטיב טונה ברוטב לח,גרמים,85.00,100 גרם,false,,4.90,0.0576,true,1,118970
649870166142,false,נייטיב פטה עוף לגור,,TH,נייטיב פטה עוף לגור,גרמים,85.00,100 גרם,false,,4.90,0.0576,true,1,118971
649870166173,false,נייטיב עוף ברווז לחת,,TH,נייטיב עוף ברווז לחת,גרמים,85.00,100 גרם,false,,4.90,0.0576,true,1,118974
649870166180,false,נייטיב פטה סלמון לחת,,TH,נייטיב פטה סלמון לחת,גרמים,85.00,100 גרם,false,,4.90,0.0576,true,1,118975
651080161510,false,קיסמים בשילוב חוט דנ,"פלקרס רנור ארה""ב",CN,קיסמים בשילוב חוט דנ,יח',36.00,יח',false,,9.90,0.2750,true,1,39825
651080647519,false,קיסמים בשילוב חוט דנ,"פלקרס רנור ארה""ב",CN,קיסמים בשילוב חוט דנ,יח',1.00,יח',false,,9.90,9.9000,true,1,39829
693493168786,false,"תמר מג'הול 1 ק""ג פרמ",,,"תמר מג'הול 1 ק""ג פרמ",קילוגרמים,1.00,"ק""ג",false,,24.90,24.9000,true,1,126159
693493168823,false,תמר דקל נור 400 גרם,,,תמר דקל נור 400 גרם,גרמים,400.00,100 גרם,false,,10.90,0.0273,true,1,126168
728229123590,false,טרה ציפס ירקות,Global Gourmet Produ,IL,טרה,גרמים,110.00,100 גרם,false,,14.90,0.1355,true,1,39831
728229123811,false,טרה ציפס ירקות ים תי,Global Gourmet Produ,IL,טרה,גרמים,110.00,100 גרם,false,,14.90,0.1355,true,1,39833
728229124764,false,טרה ציפס בטטה עם מלח,Global Gourmet Produ,IL,טרה,גרמים,110.00,100 גרם,false,,14.90,0.1355,true,1,105736
728229124771,false,טרה מבטטה בטעם ברביק,Global Gourmet Produ,US,טרה,גרמים,110.00,100 גרם,false,,14.90,0.1355,true,1,39834
728229130154,false,טרה ציפס בטטה וסלק,Global Gourmet Produ,IL,טרה,גרמים,110.00,100 גרם,false,,14.90,0.1355,true,1,39835
729001234308,false,מוצרלה נקניק 22%,מחלבת פרי זה לי,IL,מחלבת פרי זה לי,קילוגרמים,1.00,"ק""ג",true,,59.00,59.0000,true,1,37306
729001234711,false,גבינת חלומי 21%,מחלבת פרי זה לי,IL,מחלבת פרי זה לי,קילוגרמים,1.00,"ק""ג",true,,64.00,64.0000,true,1,37307
768404001640,false,*מבצע* פיינט קפה FT,מוצרי איכות אמריקאיי,IL,בן & ג'ריס,גרמים,500.00,100 גרם,false,,18.90,0.0378,true,1,79387
769904000607,false,שקדי מרק ברפוד 200 ג,משובח תעשיות מזון,IL,b&d,גרמים,200.00,100 גרם,false,,9.90,0.0495,true,1,32868
769904000997,false,דגש שקדי מרק.,משובח תעשיות מזון,IL,משובח,גרמים,200.00,100 גרם,false,,13.90,0.0695,true,1,31176
783495472407,false,חלבה עוגיות שוקולד 3,עוריב עאייש ובניו,IL,חלבה עוגיות שוקולד 3,יחידה,0.00,יחידה,false,,14.90,0.0000,true,1,120907
818570007066,false,תמצית וניל טהור ווטק,וטקינס,US,תמצית וניל טהור ווטק,מיליליטרים,29.00,"100 מ""ל",false,,29.90,1.0310,true,1,86529
833949000264,false,סירופ מייפל אמיתי 10,דיקסר קוויבק,CA,סירופ מייפל אמיתי 10,מיליליטרים,330.00,"100 מ""ל",false,,26.90,0.0815,true,1,110115
835811000396,false,נייר אפיה לתבנית מוא,הנמל,,נייר אפיה לתבנית מוא,יח,30.00,יח,false,,9.90,0.3300,true,1,112488
835811000402,false,כפות 50 יח` קרם עבה,"גרנג יוניברס , הונג",TR,הנמל,יח',50.00,יח',false,,12.90,0.2580,true,1,107860
835811000419,false,כפיות 50 יח`  קרם עב,"גרנג יוניברס , הונג",TR,הנמל,יח',50.00,יח',false,,12.90,0.2580,true,1,107861
835811001140,false,שומשום 400 גר`,,,שומשום 400 גר`,גרמים,400.00,100 גרם,false,,9.90,0.0248,true,1,112761
835811001829,false,*מבצע* מגש מרובע שקו,,,*מבצע* מגש מרובע שקו,יח',1.00,יח',false,,7.90,7.9000,true,1,43198
835811001843,false,מגש אינגליש קייק שקו,,,מגש אינגליש קייק שקו,יח',1.00,יח',false,,5.90,5.9000,true,1,43200
835811002215,false,מאפינס צבעוני 200 יח,,,מאפינס צבעוני 200 יח,יח',200.00,יח',false,,11.90,0.0595,true,1,43214
835811003458,false,מזלגות אלגנט שקוף 50,,,מזלגות אלגנט שקוף 50,יח',50.00,יח',false,,7.90,0.1580,true,1,124697
835811003472,false,כפות אלגנט שקוף 50 י,,,כפות אלגנט שקוף 50 י,יח',50.00,יח',false,,7.90,0.1580,true,1,124700
835811004189,false,פירורי לחם מוזהבים ז,הנמל,IL,פירורי לחם מוזהבים ז,גרמים,800.00,100 גרם,false,,9.90,0.0124,true,1,119187
835811004202,false,מפה שולחן  6 יח` עבה,,,מפה שולחן  6 יח` עבה,יח',6.00,יח',false,,8.90,1.4833,true,1,109627
835811004219,false,מפה שולחן 8 יח עבה נ,,,מפה שולחן 8 יח עבה נ,יח',8.00,יח',false,,8.90,1.1125,true,1,109628
835811004226,false,מפת ניילון  בגליל  4,,,מפת ניילון  בגליל  4,מטרים,45.00,מטר,false,,29.90,0.6644,true,1,109629
835811004455,false,קש מנייר 125 יח',הנמל,,קש מנייר 125 יח',יח',1.00,יח',false,,8.90,8.9000,true,1,119259
835811004707,false,פרורי לחם מוזהב 440,"י.את א. ברמן בע""מ",IL,הנמל,גרמים,440.00,100 גרם,false,,6.90,0.0157,true,1,43264
835811004790,false,מגש הגשה  עגול מחולק,פולין חד פעמי סין,CN,הנמל,יח',1.00,יח',false,,8.90,8.9000,true,1,43266
835811004813,false,מגש מאורך  מחולק  שק,הנג טונג,CN,הנמל,יח',1.00,יח',false,,7.90,7.9000,true,1,43268
835811004943,false,קסרול שקוף אלגנט  10,"אינפלסטיק בע""מ",IL,הנמל,יח',10.00,יח',false,,12.90,1.2900,true,1,43272
835811005117,false,קערה מעוטרת קטנה 1 י,בי רייט,CN,הנמל,יח',1.00,יח',false,,4.90,4.9000,true,1,43281
835811005247,false,קערה 16 אונז` 4 יח`,הנג טונג,CN,הנמל,יח',4.00,יח',false,,7.90,1.9750,true,1,43291
835811005339,false,זוג שקיות אוכל ארוז,,,שקיות אוכל זוג בקרטו,יח',300.00,יח',false,,7.90,0.0263,true,1,43297
835811005421,false,"שיפודים עבה  25 ס""מ",,,"שיפודים עבה 25 ס""מ 75 יח'",יח',75.00,יח',false,,2.90,0.0387,true,1,43302
835811006206,false,כוסות  מתכלה טבעי 25,,,כוסות  מתכלה טבעי 25,יח',25.00,יח',false,,14.90,0.5960,true,1,43347
835811006213,false,קערות למרק  מקנה סוכ,,,קערות למרק  מקנה סוכ,יח',25.00,יח',false,,13.90,0.5560,true,1,43349
835811006220,false,צלחות ענק מקנה סוכר,,,צלחות ענק מקנה סוכר,יח',25.00,יח',false,,14.90,0.5960,true,1,43351
835811006237,false,צלחות קטנות מקנה סוכ,,,צלחות קטנות מקנה סוכ,יח',25.00,יח',false,,9.90,0.3960,true,1,43353
835811006244,false,צלחות גדולות מקנה סו,,,צלחות גדולות מקנה סו,יח',25.00,יח',false,,13.90,0.5560,true,1,43355
835811007166,false,כוסות קפה לדרך + מכס,"צח ייבוא ושיווק בע""מ",IL,הנמל,יח',16.00,יח',false,,11.90,0.7438,true,1,43393
835811007319,false,מזלגות אלגנט  50 יח,,,מזלגות אלגנט  50 יח,יח',50.00,יח',false,,7.90,0.1580,true,1,124704
835811007494,false,גלטין טהור מדגים  2,,,גלטין טהור מדגים  2,גרמים,28.00,100 גרם,false,,8.90,0.3179,true,1,43403
835811008934,false,מזלגות 50 יח`  שקוף,"גרנג יוניברס , הונג",TR,הנמל,יח',50.00,יח',false,,12.90,0.2580,true,1,43418
835811008941,false,סכינים 50 יח`שקוף  ע,"גרנג יוניברס , הונג",TR,הנמל,יח',50.00,יח',false,,12.90,0.2580,true,1,43419
835811008958,false,כפיות 50 יח`  שקוף ע,"גרנג יוניברס , הונג",TR,הנמל,יח',50.00,יח',false,,12.90,0.2580,true,1,43420
835811008996,false,כוסות קרטון  50  10O,,,כוסות קרטון  50  10O,יח',50.00,יח',false,,14.90,0.2980,true,1,43423
839762000658,false,משקה איילנד גויאבה,The Egyptian Co. for,EG,איילנד,ליטרים,1.00,ליטר,false,,11.50,11.5000,true,1,45923
850006036028,false,*מבצע* מאפה חיטה מקל,,,*מבצע* מאפה חיטה מקל,גרמים,400.00,100 גרם,false,,14.90,0.0373,true,1,122107
850014985127,false,חטיף גק סנסטיב 154 ג,,,חטיף גק סנסטיב 154 ג,גרמים,154.00,100 גרם,false,,14.90,0.0968,true,1,124088
850014985134,false,חטיף גק חלבון  154 ג,,,חטיף גק חלבון  154 ג,גרמים,154.00,100 גרם,false,,14.90,0.0968,true,1,124089
855958006556,false,צורו טונה 56 ג,,,צורו טונה 56 ג,גרמים,56.00,100 גרם,false,,15.90,0.2839,true,1,126793
855958006563,false,צורו טונה ועוף 56 ג,,,צורו טונה ועוף 56 ג,גרמים,56.00,100 גרם,false,,15.90,0.2839,true,1,126794
855958006662,false,צורו סלמון 56 ג,,,צורו סלמון 56 ג,גרמים,56.00,100 גרם,false,,15.90,0.2839,true,1,126796
856591000055,false,עוגיות מזרחיות קריספ,עבאדי,IL,עבאדי,גרמים,400.00,100 גרם,false,,17.90,0.0447,true,1,76068
856591000062,false,עוגיות מזרחיות מלח 4,עבאדי,IL,עבאדי,גרמים,400.00,100 גרם,false,,17.90,0.0447,true,1,76069
856591000109,false,עוגיות מזרחיות פריך,עבאדי,IL,עבאדי,גרמים,400.00,100 גרם,false,,17.90,0.0447,true,1,76070
856591000512,false,*מבצע* עוגיות מזרחיו,עבאדי,IL,עבאדי,גרמים,400.00,100 גרם,false,,14.90,0.0373,true,1,76076
856591000970,false,*מבצע* מאפה חיטה מקל,,,*מבצע* מאפה חיטה מקל,גרמים,400.00,100 גרם,false,,14.90,0.0373,true,1,122108
859547004084,false,*מבצע* ספוג ניקוי סק,,,*מבצע* ספוג ניקוי סק,יח',1.00,יח',false,,14.90,14.9000,true,1,127029
859547004329,false,*מבצע* ספוג ניקוי סק,,,*מבצע* ספוג ניקוי סק,יח',1.00,יח',false,,14.90,14.9000,true,1,127030
859547004466,false,*מבצע* ספוג ניקוי סק,,,*מבצע* ספוג ניקוי סק,יח',1.00,יח',false,,14.90,14.9000,true,1,127031
884912129512,false,דגני פוסט בטעם קקאו,פוסט,US,פוסט,גרמים,311.00,100 גרם,false,,19.90,0.0640,true,1,124563
884912342737,false,דגני פוסט קריספי וופ,,,דגני פוסט קריספי וופ,גרמים,326.00,100 גרם,false,,19.90,0.0610,true,1,112471
884912359155,false,דגני בוקר האני בנצ'ס,פוסט,US,האניבנצס רוסטד,גרמים,340.00,100 גרם,false,,21.90,0.0644,true,1,122498
884912359162,false,דגני בוקר האני בנצ'ס,פוסט,US,האניבנצס אלמונד,גרמים,340.00,100 גרם,false,,21.90,0.0644,true,1,122497
884912359421,false,דגני בוקר האני באנצ',פוסט,US,האניבנצס רוסטד,גרמים,340.00,100 גרם,false,,21.90,0.0644,true,1,122499
884912365200,false,דגני אוראו 311 גרם,,,דגני אוראו 311 גרם,גרמים,311.00,100 גרם,false,,19.90,0.0640,true,1,125943
893594002051,false,פופקורנס גבינת צ'דר,pepsico inc.frito la,US,פופקורנס גבינת צ'דר,גרמים,28.00,100 גרם,false,,5.50,0.1964,true,1,124813
893594002068,false,פופקורנס מלח ים 28 ג,pepsico inc.frito la,US,פופקורנס מלח ים 28 ג,גרמים,28.00,100 גרם,false,,5.50,0.1964,true,1,124814
898193001252,false,בונומלי - חליטת קמומ,,,בונומלי - חליטת קמומ,גרמים,28.00,100 גרם,false,,15.90,0.5679,true,1,123375
2122607011109,false,עמק לייט חריץ במשקל,תנובה,IL,תנובה,קילוגרמים,1.00,"ק""ג",true,,70.00,70.0000,true,1,120592
3014260228842,false,גילט קצף גילוח,פרוקטר אנד גמבל,GB,Gillette,מיליליטרים,200.00,"100 מ""ל",false,,13.90,0.0695,true,1,40520
3014260240226,false,גילט קצף גילוח,פרוקטר אנד גמבל,GB,Gillette,מיליליטרים,200.00,"100 מ""ל",false,,13.90,0.0695,true,1,40522
3014260289287,false,סכיני בלו 2 נשים חמי,פרוקטר אנד גמבל,PL,Gillette,יח',5.00,יח',false,,12.90,2.5800,true,1,40541
3046920010801,false,לינדט אקסלנס הזלנט 1,לינדט,FR,לינדט,גרמים,100.00,100 גרם,false,,14.90,0.1490,true,1,32698
3046920027281,false,לינדט אקסלנס שוקולד,לינדט,FR,לינדט,גרמים,100.00,100 גרם,false,,14.90,0.1490,true,1,32705
3046920028004,false,לינדט אקסלנס שוקולד,לינדט,FR,לינדט,גרמים,100.00,100 גרם,false,,14.90,0.1490,true,1,32707
3046920028363,false,לינדט אקסלנס שוקולד,לינדט,FR,לינדט,גרמים,100.00,100 גרם,false,,14.90,0.1490,true,1,32708
3046920028721,false,לינדט אקסלנס שוקולד,לינדט,FR,לינדט,גרמים,50.00,100 גרם,false,,14.90,0.2980,true,1,32710
3046920028752,false,לינדט אקסלנס שוקולד,לינדט,FR,לינדט,גרמים,100.00,100 גרם,false,,14.90,0.1490,true,1,32711
3046920029674,false,לינדט אקסלנס שוקולד,לינדט,FR,לינדט,גרמים,100.00,100 גרם,false,,14.90,0.1490,true,1,32712
3046920029681,false,לינדט אקסלנס שוקולד,לינדט,FR,לינדט,גרמים,100.00,100 גרם,false,,14.90,0.1490,true,1,115033
3046920029759,false,לינדט אקסלנס שוקולד,לינדט,FR,לינדט,גרמים,100.00,100 גרם,false,,14.90,0.1490,true,1,32713
3059943015104,false,איירוויק נטול גז,RECKITT BENCKISER PR,PL,איירויק,מיליליטרים,345.00,"100 מ""ל",false,,12.90,0.0374,true,1,38255
3059943016569,false,איירוויק ספריי פריסי,RECKITT BENCKISER UK,GB,איירויק,מיליליטרים,240.00,"100 מ""ל",false,,9.90,0.0413,true,1,38263
3059944022415,false,*מבצע* ויט ארומטיק ר,RECKITT BENCKISER FR,FR,ויט,יח',10.00,יח',false,,19.90,1.9900,true,1,38268
3073781161663,false,גבינה מותכת לוואש קי,פרומאג'רי בל דום סאם,FR,לואש קירי,גרמים,128.00,100 גרם,false,,11.90,0.0930,true,1,118469
3073781161687,false,גבינה לוואש קירי 256,פרומאג'רי בל דום סאם,FR,לואש קירי,גרמים,256.00,100 גרם,false,,22.90,0.0895,true,1,118470
3073781161700,false,גבינה לוואש קירי 480,פרומאג'רי בל דום סאם,FR,לואש קירי,גרמים,480.00,100 גרם,false,,37.90,0.0790,true,1,118471
3073781177220,false,*מבצע* בייבי בל רול,בל,FR,*מבצע* בייבי בל רול,גרמים,102.00,100 גרם,false,,16.90,0.1657,true,1,125026
3141360054405,false,פיניש ציטרו,RECKITT BENCKISER HU,HU,פיניש,יח',1.00,יח',false,,14.90,14.9000,true,1,38272
3161911229199,false,*מבצע* חמאה רכה אלוו,אלוויר,FR,אלוויר,גרמים,250.00,100 גרם,false,,19.90,0.0796,true,1,74602
3161911366429,false,*מבצע* חמאה רכה מלוח,אלוויר,FR,אלוויר,גרמים,250.00,100 גרם,false,,19.90,0.0796,true,1,74606
3178530402278,false,עוגיות גאלט חמאה 150,סן מישל,FR,סן מישל,גרמים,150.00,100 גרם,false,,16.90,0.1127,true,1,74608
3178530402353,false,מדלן עוגיות רכות 175,סן מישל,FR,סן מישל,גרמים,175.00,100 גרם,false,,10.90,0.0623,true,1,74610
3178530407938,false,עוגיות מיני מדלן עם,סן מישל,FR,סן מישל,גרמים,175.00,100 גרם,false,,11.90,0.0680,true,1,87718
3246513243177,false,סלסלה,,,סלסלה,יח',1.00,יח',false,,7.90,7.9000,true,1,121848
3246513243184,false,קרש חיתוך,,,קרש חיתוך,יח',1.00,יח',false,,9.90,9.9000,true,1,121849
3254550033217,false,ברי איסיני 220ג,איסיני סנט מר,FR,איסיני סנט,גרמים,220.00,100 גרם,false,,28.90,0.1314,true,1,74614
3254550033279,false,קממבר איסיני 250ג,איסיני סנט מר,FR,איסיני סנט,גרמים,250.00,100 גרם,false,,28.90,0.1156,true,1,74616
3387390320244,false,פיטנס פירות 375 גרם,נסטלה צרפת איטנקורט,FR,FITNESS,גרמים,375.00,100 גרם,false,,19.90,0.0531,true,1,33674
3387390525960,false,דגני קראנץ 500 גרם,נסטלה צרפת רומילי,FR,CRUNCH,גרמים,500.00,100 גרם,false,,19.90,0.0398,true,1,33675
3387390730852,false,דגני פיטנס 375 גרם.,נסטלה צרפת איטנקורט,FR,FITNESS,גרמים,375.00,100 גרם,false,,19.90,0.0531,true,1,33676
3523230025638,false,בושה עיזים טבעי 125,אוריאל,FR,בושה עיזים טבעי 125,גרמים,125.00,100 גרם,false,,24.90,0.1992,true,1,95530
3523230025652,false,בושה עיזים שום 125 ג,אוריאל,FR,בושה עיזים שום 125 ג,גרמים,125.00,100 גרם,false,,24.90,0.1992,true,1,95531
3523230038959,false,בושה עיזים מפוחם 125,אוריאל,FR,בושה עיזים מפוחם 125,גרמים,125.00,100 גרם,false,,24.90,0.1992,true,1,113069
3523230045827,false,*מבצע* גבינת סנט מור,אוריאל,FR,סנט מור,גרמים,160.00,100 גרם,false,,23.90,0.1494,true,1,89328
3563490014898,false,חרדל דיזון לחיץ 265,REINE DE DIJON S.A,FR,ריין דיז'ון,גרמים,265.00,100 גרם,false,,9.90,0.0374,true,1,65725
3574660115154,false,*מבצע* אובה קלאסי סו,Johnson Toilet-IT,GR,אובה,יח',32.00,יח',false,,20.90,0.6531,true,1,60636
3574661003924,false,"מי פה ליסטרין 500 מ""",גונסון אנד גונסון,IT,ליסטרין,מיליליטרים,500.00,"100 מ""ל",false,,17.90,0.0358,true,1,106903
3574661363998,false,"מי פה ליסטרין 500 מ""",גונסון אנד גונסון,IT,ליסטרין,מיליליטרים,500.00,"100 מ""ל",false,,17.90,0.0358,true,1,106905
3574661419435,false,וניה תחבושות הגייניו,Johnson Vania - BL,BE,וניה,יח',12.00,יח',false,,23.90,1.9917,true,1,126214
3574661428031,false,סבון ידיים גונסון בי,גונסון אנד גונסון,IT,סבון ידיים גונסון בי,מיליליטרים,300.00,"100 מ""ל",false,,4.90,0.0163,true,1,123023
3574661487328,false,קרפרי מגן תחתון רגיל,Johnson Toilet-IT,GR,קרפרי,יח',56.00,יח',false,,15.90,0.2839,true,1,110091
3574661487618,false,קרפרי מגן תחתון מקסי,Johnson Toilet-IT,GR,קרפרי,יח',48.00,יח',false,,15.90,0.3313,true,1,110093
3574661487625,false,קרפרי מגן תחתון מקסי,Johnson Toilet-IT,GR,קרפרי,יח',48.00,יח',false,,15.90,0.3313,true,1,110094
3574661487632,false,קרפרי מגן תחתון לארג,Johnson Toilet-IT,GR,קרפרי,יח',64.00,יח',false,,22.90,0.3578,true,1,110095
3574661491806,false,"מי פה ליסטרין 500 מ""",גונסון אנד גונסון,IT,ליסטרין,מיליליטרים,500.00,"100 מ""ל",false,,17.90,0.0358,true,1,116803
3574661552576,false,קרפרי מגן תחתון רגיל,Johnson Toilet-IT,GR,קרפרי,יח',56.00,יח',false,,15.90,0.2839,true,1,113242
3574661552804,false,קרפרי מגן תחתון אלוו,Johnson Toilet-IT,GR,קרפרי,יח',56.00,יח',false,,15.90,0.2839,true,1,115470
3574661552811,false,קרפרי כותון אוורירי,Johnson Toilet-IT,GR,קרפרי,יח',56.00,יח',false,,15.90,0.2839,true,1,114985
3574661554877,false,קרפרי כותון מבושם 56,Johnson Toilet-IT,GR,קרפרי,יח',56.00,יח',false,,15.90,0.2839,true,1,113241
3574661554884,false,קרפרי רגיל טנגה ריחנ,Johnson Toilet-IT,GR,קרפרי,יח',56.00,יח',false,,15.90,0.2839,true,1,115088
3574661643359,false,"מי פה ליסטרין 500 מ""",גונסון אנד גונסון,IT,ליסטרין,מיליליטרים,500.00,"100 מ""ל",false,,17.90,0.0358,true,1,122424
3574661650029,false,"מי פה ליסטרין 500 מ""",גונסון אנד גונסון,IT,ליסטרין,מיליליטרים,500.00,"100 מ""ל",false,,17.90,0.0358,true,1,122425
3574669907729,false,גונסון בייבי שמפו גו,גונסון,IT,גונסונס בייבי,מיליליטרים,750.00,"100 מ""ל",false,,24.90,0.0332,true,1,123481
3600522236450,false,*מבצע* צבע לשיער אקס,ליברמו,,*מבצע* צבע לשיער אקס,יח',1.00,יח',false,,35.90,35.9000,true,1,125099
3600522550167,false,קרם לחות לילה לפנים,karlsruhe,DE,קרם לחות לילה לפנים,מיליליטרים,50.00,"100 מ""ל",false,,59.90,1.1980,true,1,105632
3600522632436,false,קרם לחות לילה לפנים,karlsruhe,DE,קרם לחות לילה לפנים,מיליליטרים,50.00,"100 מ""ל",false,,59.90,1.1980,true,1,88863
3600523651870,false,שמפו ארגנין לחיזוק ס,לוריאל,TR,שמפו ארגנין לחיזוק ס,מיליליטרים,550.00,"100 מ""ל",false,,15.90,0.0289,true,1,88918
3600523651887,false,שמפו משקם לשיער פגום,לוריאל,TR,שמפו משקם לשיער פגום,מיליליטרים,550.00,"100 מ""ל",false,,15.90,0.0289,true,1,88922
3600523651900,false,מרכך שיער לחיזוק סיב,לוריאל,TR,מרכך שיער לחיזוק סיב,מיליליטרים,550.00,"100 מ""ל",false,,15.90,0.0289,true,1,88919
3600523652228,false,מרכך שיער משקם לשיער,לוריאל,TR,מרכך שיער משקם לשיער,מיליליטרים,550.00,"100 מ""ל",false,,15.90,0.0289,true,1,88923
3600523652242,false,שמפו מטפח קולור פרוט,לוריאל,TR,שמפו מטפח קולור פרוט,מיליליטרים,550.00,"100 מ""ל",false,,15.90,0.0289,true,1,88925
3600523652259,false,מרכך שיער מטפח קולור,לוריאל,TR,מרכך שיער מטפח קולור,מיליליטרים,550.00,"100 מ""ל",false,,15.90,0.0289,true,1,88926
3600523652297,false,מרכך שיער 6 שמנים מו,לוריאל,TR,מרכך שיער 6 שמנים מו,מיליליטרים,550.00,"100 מ""ל",false,,15.90,0.0289,true,1,88921
3600523755806,false,שמפו שמן קוקוס להזנה,לוריאל,TR,שמפו שמן קוקוס להזנה,מיליליטרים,550.00,"100 מ""ל",false,,15.90,0.0289,true,1,110942
3600523756322,false,מרכך שיער שמן קוקוס,לוריאל,TR,מרכך שיער שמן קוקוס,מיליליטרים,550.00,"100 מ""ל",false,,15.90,0.0289,true,1,110943
3600523782567,false,שמפו משקם לשיער ארוך,לוריאל,TR,שמפו משקם לשיער ארוך,מיליליטרים,500.00,"100 מ""ל",false,,15.90,0.0318,true,1,108860
3600523782581,false,מרכך שיער מתיר קשרים,לוריאל,TR,מרכך שיער מתיר קשרים,מיליליטרים,500.00,"100 מ""ל",false,,15.90,0.0318,true,1,108861
3600541402270,false,*מבצע* דאודורנט ספרי,סופרוקוס,FR,גרנייה,מיליליטרים,150.00,"100 מ""ל",false,,11.90,0.0793,true,1,35407
3600541740006,false,*מבצע* דאודורנט ספרי,סופרוקוס,FR,גרנייה,מיליליטרים,150.00,"100 מ""ל",false,,11.90,0.0793,true,1,35424
3600541928169,false,פיור פחם ג'ל ניקוי פ,לוריאל,PL,גרנייה,מיליליטרים,150.00,"100 מ""ל",false,,29.90,0.1993,true,1,35427
3600541928275,false,מים מיסלריים דו-פאזי,גרנייה,,מים מיסלריים דו-פאזי,מיליליטרים,400.00,"100 מ""ל",false,,29.90,0.0747,true,1,121197
3600542309974,false,*מבצע* דאודורנט רול,סופרוקוס,FR,גרנייה,מיליליטרים,150.00,"100 מ""ל",false,,11.90,0.0793,true,1,125101
3600542375801,false,קרם פיוראקטיב פחם לנ,לוריאל,PL,גרנייה,מיליליטרים,150.00,"100 מ""ל",false,,29.90,0.1993,true,1,121199
3600542397926,false,*מבצע* דאודרנט ספריי,סופרוקוס,FR,גרנייה,מיליליטרים,150.00,"100 מ""ל",false,,11.90,0.0793,true,1,117451
3600542421638,false,*מבצע* שמפו פרוקטיס,אינטרביוטי קוסמטיק ב,IL,*מבצע* שמפו פרוקטיס,מיליליטרים,350.00,"100 מ""ל",false,,12.90,0.0369,true,1,118681
3600542421645,false,*מבצע* מרכך פרוקטיס,אינטרביוטי קוסמטיק ב,IL,*מבצע* מרכך פרוקטיס,מיליליטרים,350.00,"100 מ""ל",false,,12.90,0.0369,true,1,118682
3600542421676,false,*מבצע* מרכך פרוקטיס,אינטרביוטי קוסמטיק ב,IL,*מבצע* מרכך פרוקטיס,מיליליטרים,350.00,"100 מ""ל",false,,12.90,0.0369,true,1,118684
3600542421683,false,*מבצע* שמפו פרוקטיס,אינטרביוטי קוסמטיק ב,IL,*מבצע* שמפו פרוקטיס,מיליליטרים,350.00,"100 מ""ל",false,,12.90,0.0369,true,1,118685
3600542421706,false,*מבצע* שמפו פרוקטיס,אינטרביוטי קוסמטיק ב,IL,*מבצע* שמפו פרוקטיס,מיליליטרים,350.00,"100 מ""ל",false,,12.90,0.0369,true,1,118686
3600542431859,false,צבע לשיער חום טבעי מ,קוסמופול,PL,גרנייה,יח',1.00,יח',false,,19.90,19.9000,true,1,121214
3600542432085,false,צבע לשיער חום קרח 4.,קוסמופול,PL,גרנייה,יח',1.00,יח',false,,19.90,19.9000,true,1,121301
3607345264912,false,דאודורנט ספריי לגבר,,,פיוזן ספריי גוף,מיליליטרים,150.00,"100 מ""ל",false,,16.90,0.1127,true,1,39880
3665468301723,false,מבשם אוויר איירוויק,רקיט בנקיזר,PL,מבשם אוויר איירוויק,מיליליטרים,237.00,"100 מ""ל",false,,14.90,0.0629,true,1,126011
3800020423578,false,קיט קאט צאנקי 40 גרם,נסטלה,BG,נסטלה,גרמים,40.00,100 גרם,false,,3.90,0.0975,true,1,47710
3838824127248,false,*מבצע* צבע לשיער פאל,שוורצקופף והנקל,DE,שוורצקוף,יח',1.00,יח',false,,16.90,16.9000,true,1,34504
3838824127262,false,*מבצע* צבע לשיער פאל,שוורצקופף והנקל,DE,שוורצקוף,יח',1.00,יח',false,,16.90,16.9000,true,1,34505
3838824127286,false,*מבצע* צבע לשיער פאל,שוורצקופף והנקל,DE,שוורצקוף,יח',1.00,יח',false,,16.90,16.9000,true,1,34506
3838824127583,false,*מבצע* צבע לשיער פאל,שוורצקופף והנקל,DE,שוורצקוף,יח',1.00,יח',false,,16.90,16.9000,true,1,34512
3838824127644,false,*מבצע* צבע לשיער פאל,שוורצקופף והנקל,DE,שוורצקוף,יח',1.00,יח',false,,16.90,16.9000,true,1,34513
3838824240275,false,*מבצע* צבע לשיער פאל,שוורצקופף והנקל,DE,פלטה,יח',1.00,יח',false,,16.90,16.9000,true,1,34523
3838824380988,false,*מבצע* צבע שיער פלטה,שוורצקופף והנקל,DE,שוורצקוף,יח',1.00,יח',false,,16.90,16.9000,true,1,121593
3838824381022,false,*מבצע* צבע לשיער פלט,שוורצקופף והנקל,DE,שוורצקוף,יח',1.00,יח',false,,16.90,16.9000,true,1,121594
4000415004408,false,שוקולד שוגטן מריר אג,לודוויג שוקולד,DE,שוגטן,גרמים,100.00,100 גרם,false,,5.90,0.0590,true,1,111448
4000415039707,false,שוקולד שוגטן בלאק אנ,לודוויג שוקולד,DE,שוגטן,גרמים,100.00,100 גרם,false,,5.90,0.0590,true,1,61772
4000415040109,false,שוקולד שוגטן קרמל בר,לודוויג שוקולד,DE,שוגטן,גרמים,100.00,100 גרם,false,,5.90,0.0590,true,1,61774
4000415065904,false,שוקולד סאלוט אגוזים,,,שוקולד סאלוט אגוזים 100 ג,גרמים,100.00,100 גרם,false,,3.90,0.0390,true,1,124802
4000415143800,false,שוקולד שוגטן טרילוגי,לודוויג שוקולד,DE,שוגטן,גרמים,100.00,100 גרם,false,,5.90,0.0590,true,1,61794
4000415358501,false,שוקו פאן קוקוס שביעי,,,שוקו פאן קוקוס שביעי,גרמים,175.00,100 גרם,false,,9.90,0.0566,true,1,124808
4000415440701,false,שוקו פאן שישיות בוטנ,,,שוקו פאן שישיות בוטנ,גרמים,216.00,100 גרם,false,,9.90,0.0458,true,1,124809
4000415730109,false,שוקולד שוגטן מריר אג,לודוויג שוקולד,DE,שוגטן,גרמים,100.00,100 גרם,false,,5.90,0.0590,true,1,122699
4000415749606,false,שוקולד שוגטן יום הול,לודוויג שוקולד,DE,שוגטן,גרמים,100.00,100 גרם,false,,5.90,0.0590,true,1,122700
4000415851705,false,שוקולד שוגטן נוגט 10,לודוויג שוקולד,DE,שוגטן,גרמים,100.00,100 גרם,false,,5.90,0.0590,true,1,61803
4000415856601,false,שוקולד שוגטן לבן,לודוויג שוקולד,DE,שוגטן,גרמים,100.00,100 גרם,false,,5.90,0.0590,true,1,61804
4000417022004,false,שוקולד ריטר צימוק אג,ריטר ספורט,DE,ריטר ספורט,גרמים,100.00,100 גרם,false,,7.90,0.0790,true,1,47724
4000417023001,false,*מבצע* שוקולד ריטר ח,ריטר ספורט,DE,ריטר ספורט,גרמים,100.00,100 גרם,false,,8.90,0.0890,true,1,47726
4000417025005,false,שוקולד ריטר מרציפן,ריטר ספורט,DE,ריטר ספורט,גרמים,100.00,100 גרם,false,,7.90,0.0790,true,1,47730
4000417026002,false,שוקולד ריטר פרלין,ריטר ספורט,DE,ריטר ספורט,גרמים,100.00,100 גרם,false,,7.90,0.0790,true,1,47733
4000417101211,false,גלילי וופל  אמיצ'לי,,,גלילי וופל  אמיצ'לי,גרמים,150.00,100 גרם,false,,17.90,0.1193,true,1,120093
4000417211002,false,שוקולד ריטר מוס קרמל,ריטר ספורט,DE,ריטר ספורט,גרמים,100.00,100 גרם,false,,7.90,0.0790,true,1,47737
4000417212009,false,שוקולד ריטר מריר תפו,ריטר ספורט,DE,ריטר ספורט,גרמים,100.00,100 גרם,false,,7.90,0.0790,true,1,107902
4000417294005,false,שוקולד ריטר 100 גרם,ריטר ספורט,DE,ריטר ספורט,גרמים,100.00,100 גרם,false,,7.90,0.0790,true,1,47754
4000417707000,false,*מבצע* שוקולד ריטר ס,ריטר ספורט,DE,ריטר ספורט,גרמים,100.00,100 גרם,false,,8.90,0.0890,true,1,117723
4000417708007,false,*מבצע* שוקולד ריטר ס,ריטר ספורט,DE,ריטר ספורט,גרמים,100.00,100 גרם,false,,8.90,0.0890,true,1,117724
4000539280726,false,לינדט אקסלנס שוקולד,לינדט,FR,לינדט,גרמים,100.00,100 גרם,false,,14.90,0.1490,true,1,124236
4000607850004,false,שוגטן חלב,לודוויג שוקולד,,שוגטן חלב,גרמים,100.00,100 גרם,false,,5.90,0.0590,true,1,61807
4000607851001,false,שוקולד שוגטן אגוזים,לודוויג שוקולד,DE,שוגטן,גרמים,100.00,100 גרם,false,,5.90,0.0590,true,1,61808
4000607852008,false,שוקולד שוגטן מריר,לודוויג שוקולד,DE,שוגטן,גרמים,100.00,100 גרם,false,,5.90,0.0590,true,1,61809
4000607854705,false,שוקולד שוגטן תות,לודוויג שוקולד,DE,שוגטן,גרמים,100.00,100 גרם,false,,5.90,0.0590,true,1,61813
4001432773230,false,*מבצע* בלו ווין מוסק,לנגוט טראבן,DE,בלו ווין,מיליליטרים,1000.00,"100 מ""ל",false,,44.90,0.0449,true,1,112267
4002448019480,false,סיליט באנג מסיר שומנ,RECKITT BENCKISER PR,PL,סיליט,מיליליטרים,750.00,"100 מ""ל",false,,12.90,0.0172,true,1,38276
4002590000022,false,סוכריות קלפני,קלפני,DE,קלפני,גרמים,150.00,100 גרם,false,,9.90,0.0660,true,1,47764
4005808229390,false,*מבצע* תחליב רחצה לג,ביירסדורף,DE,ניוואה,מיליליטרים,500.00,"100 מ""ל",false,,12.90,0.0258,true,1,74393
4005808698103,false,ניוואה קרם גוף סמוד,ביירסדורף,DE,ניוואה,מיליליטרים,500.00,"100 מ""ל",false,,24.90,0.0498,true,1,116229
4005900036445,false,ניוואה דאו רול און ל,ביירסדורף,DE,ניוואה,מיליליטרים,200.00,"100 מ""ל",false,,19.90,0.0995,true,1,106617
4005900036506,false,ניוואה דאו רול און ל,ביירסדורף,DE,ניוואה,מיליליטרים,50.00,"100 מ""ל",false,,19.90,0.3980,true,1,74444
4005900494924,false,ניוואה דאו ספריי דרי,ביירסדורף,DE,ניוואה,מיליליטרים,150.00,"100 מ""ל",false,,18.90,0.1260,true,1,109556
4005900513069,false,ניוואה דאו רול און,ביירסדורף,DE,ניוואה,מיליליטרים,50.00,"100 מ""ל",false,,19.90,0.3980,true,1,105520
4005900555915,false,*מבצע* קרם רחצה ניוו,ביירסדורף,DE,ניוואה,מיליליטרים,750.00,"100 מ""ל",false,,12.90,0.0172,true,1,116719
4005900648181,false,*מבצע* תחליב רחצה אל,ביירסדורף,DE,ניוואה,מיליליטרים,750.00,"100 מ""ל",false,,12.90,0.0172,true,1,118727
4005900845702,false,דאודורנט רול און קול,ביירסדורף,DE,ניוואה,מיליליטרים,50.00,"100 מ""ל",false,,19.90,0.3980,true,1,119036
4005900874962,false,ניוואה דאודורנט רול,ביירסדורף,DE,ניוואה,מיליליטרים,50.00,"100 מ""ל",false,,19.90,0.3980,true,1,123083
4005900978950,false,שפתון לובלו בטעם דוב,ביירסדורף,DE,לבלו,גרמים,4.80,100 גרם,false,,9.90,2.0625,true,1,126878
4006387085407,false,*מבצע* שלישיית פילטר,בריטה,,בריטה,יח',3.00,יח',false,,79.00,26.3333,true,1,89207
4006529002170,false,עוגיות גולד רינג 400,,,עוגיות גולד רינג 400,גרמים,400.00,100 גרם,false,,8.90,0.0223,true,1,122397
4008239313355,false,מעדן ויטקראפט סלמון,,,מעדן ויטקראפט סלמון,גרמים,85.00,100 גרם,false,,5.90,0.0694,true,1,126800
4008287058161,false,*מבצע* קרומבאכר פילס,קרומבכר בראורי,DE,*מבצע* קרומבאכר פילס,ליטרים,1.98,ליטר,false,,29.90,15.1010,true,1,117842
4008400290423,false,עוגת ספוג מצופה קינד,פררו,TR,עוגת ספוג מצופה קינד,גרמים,120.00,100 גרם,false,,12.90,0.1075,true,1,118096
4009300522935,false,*מבצע* פומפדור תה יר,TEEKANNE- POMPADOU,DE,פומפדור,גרמים,30.00,100 גרם,false,,14.90,0.4967,true,1,60735
4009300522966,false,*מבצע* פומפדור תה יר,TEEKANNE- POMPADOU,DE,פומפדור,גרמים,30.00,100 גרם,false,,14.90,0.4967,true,1,60737
4009300525684,false,*מבצע* פומפדור חליטת,,,*מבצע* פומפדור חליטת,גרמים,30.00,100 גרם,false,,10.90,0.3633,true,1,60745
4009300526438,false,*מבצע* פומפדור תה יר,TEEKANNE- POMPADOU,DE,פומפדור,גרמים,30.00,100 גרם,false,,14.90,0.4967,true,1,60747
4009300530145,false,*מבצע* פומפדור חליטה,פומפדור,DE,פומפדור,גרמים,45.00,100 גרם,false,,9.90,0.2200,true,1,123212
4009900402965,false,אורביט וויט פירות בק,ריגלי,PL,אורביט,יח',46.00,יח',false,,9.90,0.2152,true,1,72382
4009900403023,false,אורביט וויט קלאסי בק,ריגלי,PL,אורביט,יח',46.00,יח',false,,9.90,0.2152,true,1,72384
4009900420129,false,אורביט פרופשנל פפרמי,ריגלי,PL,אורביט,יח',46.00,יח',false,,9.90,0.2152,true,1,107025
4009900426039,false,אירוובס מנטה אקליפטו,מרס,PL,איירוויבז,יח',46.00,יח',false,,9.90,0.2152,true,1,72395
4009900426121,false,אירוובס אוכמניות בקב,מרס,PL,איירוויבז,יח',46.00,יח',false,,9.90,0.2152,true,1,72397
4009900455299,false,סקיטלס בטעם פירות 17,ריגלי,CZ,סקיטלס,גרמים,174.00,100 גרם,false,,8.90,0.0511,true,1,72399
4009900465304,false,סקיטלס בטעם חמוץ 174,ריגלי,CZ,סקיטלס,גרמים,174.00,100 גרם,false,,8.90,0.0511,true,1,72405
4009900479998,false,אורביט אוכמניות בקבו,ריגלי,PL,אורביט,יח',46.00,יח',false,,9.90,0.2152,true,1,72411
4009900482417,false,אורביט בקבוקון בבלמי,ריגלי,PL,אורביט,גרמים,14.00,100 גרם,false,,9.90,0.7071,true,1,72415
4009900483803,false,אירוובס מנטה אקליפטו,ריגלי,GB,אורביט,גרמים,84.00,100 גרם,false,,12.90,0.1536,true,1,108400
4009900484060,false,אורביט בקבוק פפרמינט,ריגלי,GB,אורביט,גרמים,84.00,100 גרם,false,,12.90,0.1536,true,1,72419
4009900484091,false,אורביט בקבוק ספירמינ,ריגלי,GB,אורביט,גרמים,84.00,100 גרם,false,,12.90,0.1536,true,1,72421
4009900484305,false,אורביט בקבוק סוויטמי,ריגלי,GB,אורביט,גרמים,64.00,100 גרם,false,,12.90,0.2016,true,1,72423
4009900491044,false,אירוובס בקבוק אוכמני,ריגלי,GB,אורביט,גרמים,84.00,100 גרם,false,,12.90,0.1536,true,1,108401
4009900496247,false,אורביט בקבוק בבלמינט,ריגלי,GB,אורביט,גרמים,84.00,100 גרם,false,,12.90,0.1536,true,1,72438
4009900509770,false,אורביט בקבוק תות 60,ריגלי,GB,אורביט,גרמים,84.00,100 גרם,false,,12.90,0.1536,true,1,72454
4009900521581,false,אורביט פרופשונל מינט,מרס,PL,אורביט,גרמים,77.00,100 גרם,false,,8.90,0.1156,true,1,72471
4009900521611,false,אורביט פרופשונל מינט,מרס,PL,אורביט,גרמים,77.00,100 גרם,false,,8.90,0.1156,true,1,72473
4009900531122,false,אורביט פרופשיונל ספי,ריגלי,PL,אורביט,יח',46.00,יח',false,,9.90,0.2152,true,1,107026
4009900531573,false,סקיטלס סמודיס 174ג',ריגלי,CZ,סקיטלס,גרמים,174.00,100 גרם,false,,8.90,0.0511,true,1,108402
4009900534918,false,סקיטלס בטעם פירות 17,ריגלי,CZ,סקיטלס,גרמים,174.00,100 גרם,false,,8.90,0.0511,true,1,120067
4009900536257,false,אורביט רפרשרס ספירמי,ריגלי,PL,מרס ריגלי,גרמים,67.00,100 גרם,false,,11.90,0.1776,true,1,117232
4009900536288,false,אורביט רפרשרס פפרמינ,ריגלי,PL,מרס ריגלי,גרמים,67.00,100 גרם,false,,11.90,0.1776,true,1,117233
4009900536486,false,אורביט רפרשרס באבלמי,ריגלי,PL,מרס ריגלי,גרמים,67.00,100 גרם,false,,11.90,0.1776,true,1,117234
4009900539340,false,סקיטלס ג'יינט סאוור,ריגלי,CZ,סקיטלס,גרמים,141.00,100 גרם,false,,8.90,0.0631,true,1,120510
4009900539685,false,מסטיק פייב באונס בטע,דרמרס,PL,מסטיק פייב באונס בטע,גרמים,61.80,100 גרם,false,,11.90,0.1926,true,1,121818
4009900539746,false,מסטיק פייב באונס בטע,דרמרס,PL,מסטיק פייב באונס בטע,גרמים,61.80,100 גרם,false,,11.90,0.1926,true,1,121819
4009900540551,false,אורביט רפרשרס טרופיק,ריגלי,PL,מרס ריגלי,גרמים,67.00,100 גרם,false,,11.90,0.1776,true,1,120511
4011800528416,false,קורני חטיפי דגנים בו,Schwartauer,DE,קורני,גרמים,150.00,100 גרם,false,,12.90,0.0860,true,1,112015
4011800567613,false,קורני חטיפי דגנים שח,Schwartauer,DE,קורני,גרמים,120.00,100 גרם,false,,12.90,0.1075,true,1,39967
4011800577810,false,קורני חטיפי  FREE נו,Schwartauer,DE,קורני,גרמים,120.00,100 גרם,false,,12.90,0.1075,true,1,120201
4011800628512,false,קורני חטיפי דגנים+שו,Schwartauer,DE,קורני,גרמים,150.00,100 גרם,false,,12.90,0.0860,true,1,39978
4011800630515,false,קורני חטיפי דגנים שו,Schwartauer,DE,קורני,גרמים,150.00,100 גרם,false,,12.90,0.0860,true,1,39982
4011800632519,false,קורני חטיפי דגנים קו,Schwartauer,DE,קורני,גרמים,150.00,100 גרם,false,,12.90,0.0860,true,1,39986
4011800633516,false,קורני חטיפי דגנים שו,Schwartauer,DE,קורני,גרמים,138.00,100 גרם,false,,12.90,0.0935,true,1,39989
4011800636517,false,קורני חטיפי  FREE שו,Schwartauer,DE,קורני,גרמים,120.00,100 גרם,false,,12.90,0.1075,true,1,39993
4013044100007,false,ליקר - אבקת אפייה או,,,ליקר - אבקת אפייה או,גרמים,84.00,100 גרם,false,,7.90,0.0940,true,1,123383
4013227013414,false,פינה קולדה 70 כשר,קוימנס,NL,פינה קולדה,מיליליטרים,700.00,"100 מ""ל",false,,39.90,0.0570,true,1,45323
4014400900217,false,מרסי 400 גרם,שטורק,DE,מרסי,גרמים,400.00,100 גרם,false,,39.90,0.0997,true,1,47786
4014400901191,false,מרסי 250 גרם,שטורק,DE,מרסי,גרמים,250.00,100 גרם,false,,24.90,0.0996,true,1,47790
4014400904277,false,סוכריות אייס פרש,שטורק,DE,שטורק,גרמים,425.00,100 גרם,false,,14.90,0.0351,true,1,47799
4014400904376,false,סוכריות שוקולד,שטורק,DE,שטורק,גרמים,325.00,100 גרם,false,,14.90,0.0458,true,1,47801
4014400904390,false,סוכריות וולמיש,שטורק,DE,שטורק,גרמים,325.00,100 גרם,false,,14.90,0.0458,true,1,47803
4014400907902,false,סוכריות וורטר בוקס,שטורק,DE,וורטרס אורגינל,גרמים,42.00,100 גרם,false,,5.90,0.1405,true,1,47805
4014400910063,false,סוכריות חמאה וורטר,שטורק,DE,וורטרס אורגינל,גרמים,135.00,100 גרם,false,,7.90,0.0585,true,1,47808
4014400913910,false,סוכריות חמאה וורטר ב,שטורק,DE,וורטרס אורגינל,גרמים,125.00,100 גרם,false,,7.90,0.0632,true,1,47809
4014400914696,false,סוכריות וורטר חמאה,שטורק,DE,וורטרס אורגינל,גרמים,80.00,100 גרם,false,,7.90,0.0988,true,1,47814
4014400914924,false,סוכריות וורטר קפה,שטורק,DE,וורטרס אורגינל,גרמים,80.00,100 גרם,false,,7.90,0.0988,true,1,47815
4014400920857,false,סוכריות וורטר שוקולד,שטורק,DE,וורטר,גרמים,70.00,100 גרם,false,,7.90,0.1129,true,1,47818
4014400923711,false,טופיפי 125 גרם,שטורק,DE,טופיפי,גרמים,125.00,100 גרם,false,,11.90,0.0952,true,1,47819
4014400925319,false,פופקורן קרמל וורטר 1,שטורק,DE,פופקורן קרמל וורטר 1,גרמים,140.00,100 גרם,false,,14.90,0.1064,true,1,116300
4014400929010,false,חטיף וופל מיני קנופר,אוגוסט שטורק,DE,חטיף וופל מיני קנופר,גרמים,200.00,100 גרם,false,,17.90,0.0895,true,1,121125
4015000031394,false,ספטיל משחה,הנקל סוד,IL,הנקל סוד,מיליליטרים,200.00,"100 מ""ל",false,,14.90,0.0745,true,1,66082
4015000280372,false,*מבצע* דאודורנט רול,שוורצקופף והנקל,DE,פה,מיליליטרים,50.00,"100 מ""ל",false,,9.90,0.1980,true,1,34537
4015000519915,false,*מבצע* דאודורנט ספרי,שוורצקופף והנקל,DE,פה,מיליליטרים,200.00,"100 מ""ל",false,,9.90,0.0495,true,1,34538
4015000615884,false,*מבצע* דאודורנט ספרי,שוורצקופף והנקל,DE,פה,מיליליטרים,200.00,"100 מ""ל",false,,9.90,0.0495,true,1,34550
4015000615921,false,*מבצע* דאודורנט ספרי,שוורצקופף והנקל,DE,פה,מיליליטרים,200.00,"100 מ""ל",false,,9.90,0.0495,true,1,34552
4015000995122,false,*מבצע* דאודורנט ספרי,שוורצקופף והנקל,DE,פה,מיליליטרים,200.00,"100 מ""ל",false,,9.90,0.0495,true,1,34570
4015000996204,false,"שמפו אלקסייר 400 מ""ל",שוורצקופף והנקל,DE,גליס,מיליליטרים,400.00,"100 מ""ל",false,,16.90,0.0422,true,1,34571
4015400564034,false,מגן תח.אולוויז +L מג,פרוקטר אנד גמבל,DE,אולוויז,יח',68.00,יח',false,,17.90,0.2632,true,1,40588
4015400564454,false,מגן תח.אולוויז L מגה,פרוקטר אנד גמבל,DE,אולוויז,יח',68.00,יח',false,,17.90,0.2632,true,1,40592
4015400681670,false,אולוויז לילה 18 יח,פרוקטר אנד גמבל,DE,אולוויז,יח',18.00,יח',false,,17.90,0.9944,true,1,40622
4015400690313,false,טמפונים טמפקס קומפאק,p&g,HU,טמפקס,יח',18.00,יח',false,,19.90,1.1056,true,1,40627
4015400690405,false,טמפונים טמפקס קומפאק,p&g,HU,טמפקס,יח',18.00,יח',false,,19.90,1.1056,true,1,40629
4015400690498,false,טמפונים טמפקס קומפאק,p&g,HU,טמפקס,יח',18.00,יח',false,,19.90,1.1056,true,1,40631
4015400731719,false,אולוויז דואו נייט 20,פרוקטר אנד גמבל,DE,Fem Care,יח',20.00,יח',false,,17.90,0.8950,true,1,40641
4015400746812,false,מגן תח.אולוויז N מגה,פרוקטר אנד גמבל,DE,אולוויז,יח',80.00,יח',false,,17.90,0.2237,true,1,40662
4015400755241,false,אולוויז דואו נורמל +,פרוקטר אנד גמבל,DE,Fem Care,יח',28.00,יח',false,,17.90,0.6393,true,1,40666
4015400755487,false,אולוויז דואו לונג +,פרוקטר אנד גמבל,DE,Fem Care,יח',24.00,יח',false,,17.90,0.7458,true,1,40670
4015600762742,false,"שמפו שולדרס 500 מ""ל",פרוקטר אנד גמבל,FR,H&S,מיליליטרים,500.00,"100 מ""ל",false,,18.90,0.0378,true,1,40697
4015600762780,false,"שמפו שולדרס 500 מ""ל",פרוקטר אנד גמבל,FR,H&S,מיליליטרים,500.00,"100 מ""ל",false,,18.90,0.0378,true,1,40699
4015600762902,false,"שמפו שולדרס 500 מ""ל",פרוקטר אנד גמבל,FR,H&S,מיליליטרים,500.00,"100 מ""ל",false,,18.90,0.0378,true,1,40706
4015600762940,false,"שמפו שולדרס 500 מ""ל",פרוקטר אנד גמבל,FR,Head&shoulders,מיליליטרים,500.00,"100 מ""ל",false,,18.90,0.0378,true,1,40708
4015600763022,false,"שמפו שולדרס 500 מ""ל",פרוקטר אנד גמבל,FR,Head&shoulders,מיליליטרים,500.00,"100 מ""ל",false,,18.90,0.0378,true,1,40712
4015600766900,false,"שמפו שולדרס 500 מ""ל",פרוקטר אנד גמבל,FR,Head&shoulders,מיליליטרים,500.00,"100 מ""ל",false,,18.90,0.0378,true,1,40720
4017100198151,false,עוגיות היט וניל 220,באלסן,PL,עוגיות היט וניל 220 גרם,גרמים,220.00,100 גרם,false,,7.90,0.0359,true,1,47824
4017100219900,false,גליליות וופלטון,,,גליליות וופלטון,גרמים,100.00,100 גרם,false,,10.90,0.1090,true,1,47830
4017100290008,false,בסקוויט בלזן מצופה ש,בלזן פולסקה,PL,בלזן,גרמים,125.00,100 גרם,false,,10.90,0.0872,true,1,47831
4017100366239,false,ליבניץ אנד קרים 190,,,גליליות וופלטון,גרמים,190.00,100 גרם,false,,10.90,0.0574,true,1,110249
4018722102656,false,אלב גולד - ספגטי כוס,,,אלב גולד - ספגטי כוס,גרמים,500.00,100 גרם,false,,15.90,0.0318,true,1,123386
4022025001905,false,*מבצע* בלו ווין מבעב,היי סישל סוהן טראבן,DE,*מבצע* בלו ווין מבעב,מיליליטרים,750.00,"100 מ""ל",false,,49.90,0.0665,true,1,107046
4022025001929,false,*מבצע* בלו ווין מבעב,היי סישל סוהן טראבן,DE,*מבצע* בלו ווין מבעב,מיליליטרים,750.00,"100 מ""ל",false,,49.90,0.0665,true,1,107044
4022025002100,false,*מבצע* בלו ווין מבעב,היי סישל סוהן טראבן,DE,*מבצע* בלו ווין מבעב,מיליליטרים,750.00,"100 מ""ל",false,,49.90,0.0665,true,1,110397
4022025261002,false,*מבצע* בלו ווין גוור,לנגוט טראבן,DE,בלו ווין,מיליליטרים,750.00,"100 מ""ל",false,,44.90,0.0599,true,1,72708
4023800122105,false,מרציפן לא מצופה 82 ג,,,מרציפן לא מצופה 82 ג,גרמים,82.00,100 גרם,false,,7.50,0.0915,true,1,126490
4025700001962,false,מילקה שוקולד לבן 100,מונדלייז,DE,מילקה,גרמים,100.00,100 גרם,false,,5.90,0.0590,true,1,113457
4045787068221,false,*מבצע* צבע לשיער פרו,שוורצקופף והנקל,DE,אינדולה,יח',1.00,יח',false,,13.90,13.9000,true,1,34587
4045787068238,false,*מבצע* צבע לשיער פרו,שוורצקופף והנקל,DE,אינדולה,יח',1.00,יח',false,,13.90,13.9000,true,1,34588
4045787068245,false,*מבצע* צבע לשיער פרו,שוורצקופף והנקל,DE,אינדולה,יח',1.00,יח',false,,13.90,13.9000,true,1,34589
4045787068290,false,*מבצע* צבע לשיער פרו,שוורצקופף והנקל,DE,אינדולה,יח',1.00,יח',false,,13.90,13.9000,true,1,34592
4045787068306,false,*מבצע* צבע לשיער פרו,שוורצקופף והנקל,DE,אינדולה,יח',1.00,יח',false,,13.90,13.9000,true,1,34593
4045787068320,false,*מבצע* צבע לשיער פרו,שוורצקופף והנקל,DE,אינדולה,יח',1.00,יח',false,,13.90,13.9000,true,1,34595
4045787068382,false,*מבצע* צבע לשיער פרו,שוורצקופף והנקל,DE,אינדולה,יח',1.00,יח',false,,13.90,13.9000,true,1,34601
4045787068467,false,*מבצע* צבע לשיער פרו,שוורצקופף והנקל,DE,אינדולה,יח',1.00,יח',false,,13.90,13.9000,true,1,34608
4045787068498,false,*מבצע* צבע לשיער פרו,שוורצקופף והנקל,DE,אינדולה,יח',1.00,יח',false,,13.90,13.9000,true,1,34610
4045787068542,false,*מבצע* צבע לשיער פרו,שוורצקופף והנקל,DE,אינדולה,יח',1.00,יח',false,,13.90,13.9000,true,1,34614
4052197000017,false,*מבצע* בירה חיטה בנד,ביטבורגר,DE,בנדקטינר,מיליליטרים,500.00,"100 מ""ל",false,,9.90,0.0198,true,1,39027
4052197000369,false,בירה בנדקטינר מארז 6,ביטבורגר,DE,בירה בנדקטינר מארז 6,מיליליטרים,1980.00,"100 מ""ל",false,,39.90,0.0202,true,1,39029
4052197000925,false,*מבצע* בירה בנדקטינר,ביטבורגר,DE,בנקטינר,מיליליטרים,500.00,"100 מ""ל",false,,9.90,0.0198,true,1,39031
4052197002806,false,בירה בנדקטינר פחית מ,ביטבורגר,DE,בנדקטינר,ליטרים,2.00,ליטר,false,,29.90,14.9500,true,1,39035
4052197003254,false,*מבצע* בירה בנדקטינר,ביטבורגר,DE,בנדקטינר,מיליליטרים,500.00,"100 מ""ל",false,,9.90,0.0198,true,1,39037
4053700292455,false,*מבצע* ויט רצועות שע,RECKITT BENCKISER FR,FR,ויט,יח',12.00,יח',false,,19.90,1.6583,true,1,38278
4056800943739,false,קרם חמצן 6% לצביעת ה,פרוקטר אנד גמבל,FR,Wella,מיליליטרים,60.00,"100 מ""ל",false,,3.90,0.0650,true,1,40775
4066600601920,false,"פאולנר פחית 500 מ""ל",,,"פאולנר פחית 500 מ""ל",מיליליטרים,500.00,"100 מ""ל",false,,9.90,0.0198,true,1,114335
4066600999614,false,"בירה פאולנר 500 מ""ל",פאולנר,DE,פאולנר,מיליליטרים,500.00,"100 מ""ל",false,,10.90,0.0218,true,1,45934
4067700014849,false,"יגרמייסטר 70 ס""ל",יגרמייסטר,DE,יגרמייסטר,מיליליטרים,700.00,"100 מ""ל",false,,79.90,0.1141,true,1,45325
4084500178137,false,טייד נוזל כביסה 4 לי,פרוקטר אנד גמבל,,טייד,ליטרים,4.00,ליטר,false,,31.90,7.9750,true,1,117440
4084500853836,false,פיירי ורדים ומשי 515,פרוקטר אנד גמבל,GB,פיירי,מיליליטרים,515.00,"100 מ""ל",false,,8.90,0.0173,true,1,40808
4084500853898,false,פיירי אלוורה ומלפפונ,פרוקטר אנד גמבל,GB,פיירי,מיליליטרים,515.00,"100 מ""ל",false,,8.90,0.0173,true,1,40810
4100130937163,false,*מבצע* בירה בקס שישי,Beck and Co,DE,Beck and Co,ליטרים,1.65,ליטר,false,,21.90,13.2727,true,1,46673
4105120623941,false,"בירה ויינשטפן 500 מ""",קרלסברג ישראל,DE,"בירה ויינשטפן 500 מ""",מיליליטרים,500.00,"100 מ""ל",false,,10.90,0.0218,true,1,41640
4600659010854,false,*מבצע* סטולי פרימיום,אס פי איי,RU,וודקה סטולי אדום,מיליליטרים,700.00,"100 מ""ל",false,,59.90,0.0856,true,1,45326
4603928000976,false,"וודקה בלוגה 700 מ""ל",מרינסקי ליקרו ונבאנצ,RU,בלוגה,מיליליטרים,700.00,"100 מ""ל",false,,124.90,0.1784,true,1,112489
4605561011975,false,חתיכות פילה הרינג בש,,,חתיכות פילה הרינג בש,גרמים,150.00,100 גרם,false,,7.90,0.0527,true,1,114661
4607002995752,false,מלפפונים ועגבניות מו,,RU,מלפפונים ועגבניות מו,גרמים,680.00,100 גרם,false,,11.90,0.0175,true,1,121017
4607012351005,false,גרעיני חמניות מרטין,מרטין,RU,מרטין,גרמים,200.00,100 גרם,false,,12.90,0.0645,true,1,109245
4607012352453,false,גרעיני חמניות מרטין,מרטין,RU,מרטין,גרמים,150.00,100 גרם,false,,9.90,0.0660,true,1,109248
4640018993343,false,*מבצע* טבליות פיניש,רקיט בנקיזר,PL,*מבצע* טבליות פיניש,יח',30.00,יח',false,,34.90,1.1633,true,1,113419
4640018993350,false,*מבצע* טבליות פיניש,רקיט בנקיזר,PL,*מבצע* טבליות פיניש,יח',30.00,יח',false,,34.90,1.1633,true,1,113421
4640018993398,false,פיניש קוואנטום 60 יח,רקיט בנקיזר,PL,פיניש קוואנטום 60 יח,יח',60.00,יח',false,,59.90,0.9983,true,1,114521
4710068001715,false,מאסטר קפה טרמיסו 240,L.S XILAGORA,TW,מאסטר קפה,מיליליטרים,240.00,"100 מ""ל",false,,5.90,0.0246,true,1,45938
4710068001739,false,מאסטר קפה קולומביאני,L.S XILAGORA,TW,מאסטר קפה,מיליליטרים,240.00,"100 מ""ל",false,,5.90,0.0246,true,1,45940
4710068002798,false,מאסטר קפה ווניל 240,L.S XILAGORA,TW,מאסטר קפה,מיליליטרים,240.00,"100 מ""ל",false,,5.90,0.0246,true,1,109277
4710964104916,false,*מבצע* שמן שומשום טה,flavor full foods,CN,מזרח ומערב,מיליליטרים,370.00,"100 מ""ל",false,,19.90,0.0538,true,1,72963
4710964170799,false,שומשום שחור קלוי 91,flavor full foods,CN,מזרח ומערב,גרמים,91.00,100 גרם,false,,16.90,0.1857,true,1,72964
4740098098355,false,קוקטייל מוחיטו 0.33,אה לי קוק,EE,אה לי קוק,מיליליטרים,330.00,"100 מ""ל",false,,9.90,0.0300,true,1,122122
4740098098379,false,קוקטייל מרגריטה 0.33,אה לי קוק,EE,אה לי קוק,מיליליטרים,330.00,"100 מ""ל",false,,9.90,0.0300,true,1,122123
4740098098393,false,קוקטייל סקס און דה ב,אה לי קוק,EE,אה לי קוק,מיליליטרים,330.00,"100 מ""ל",false,,9.90,0.0300,true,1,122124
4750142021505,false,בירה פילזנר פחית 0.5,צ'סו אלוס,LV,פילזנר,מיליליטרים,500.00,"100 מ""ל",false,,6.90,0.0138,true,1,109261
4751007738064,false,*מבצע* לרסן שפרוטים,ס.י.א קרבלה,LV,*מבצע* לרסן שפרוטים,גרמים,160.00,100 גרם,false,,9.90,0.0619,true,1,123256
4791021002789,false,תה ירוק 2 ג' 100 ש',,,תה ירוק 200 גרם,גרמים,200.00,100 גרם,false,,21.90,0.1095,true,1,32617
4791021003588,false,תה צהוב 1.5 ג' 100 ש,,,תה צהוב 150ג,גרמים,150.00,100 גרם,false,,12.90,0.0860,true,1,32618
4791021944720,false,תה ארלגרי ספשל 2 ג',,,תה ארל גריי ספיישל 200 גר,גרמים,200.00,100 גרם,false,,23.90,0.1195,true,1,93487
4792032060454,false,גרין קוקו - מי קוקוס,,,גרין קוקו - מי קוקוס,גרמים,330.00,100 גרם,false,,8.90,0.0270,true,1,123389
4796019790013,false,גרין קוקו - שמן קוקו,,,גרין קוקו - שמן קוקו,גרמים,300.00,100 גרם,false,,19.90,0.0663,true,1,123390
4796019790020,false,גרין קוקו - שמן קוקו,,,גרין קוקו - שמן קוקו,גרמים,500.00,100 גרם,false,,27.90,0.0558,true,1,123391
4800888150080,false,דאב דאו רולאון,יוניליוור  פיליפינים,PH,DOVE,מיליליטרים,50.00,"100 מ""ל",false,,14.90,0.2980,true,1,57594
4800888214904,false,דאב סטיק קקאו,,,דאב דאו סטיק לאישה,גרמים,50.00,100 גרם,false,,14.90,0.2980,true,1,115718
4800888219510,false,דאב דאו סטיק מלפפוני,יונילוור מקסיקו - HP,MX,DOVE,גרמים,50.00,100 גרם,false,,14.90,0.2980,true,1,118595
4800888219534,false,דאב דאו סטיק אוריגינ,,,דאב דאו סטיק לאישה,גרמים,50.00,100 גרם,false,,14.90,0.2980,true,1,118239
4801234159856,false,גלייד מיני גל,SC Jonson,ID,גלייד,גרמים,75.00,100 גרם,false,,6.90,0.0920,true,1,40022
4810168000011,false,פילה דג הרינג מלוח מ,סנטה ברמור,BY,פילה דג הרינג מלוח מ,גרמים,250.00,100 גרם,false,,12.90,0.0516,true,1,107426
4810168000998,false,חתיכות פילה דג הרינג,סנטה ברמור,BY,חתיכות פילה דג הרינג,גרמים,260.00,100 גרם,false,,17.90,0.0688,true,1,107424
4810168001056,false,חתיכות פילה דג הרינג,סנטה ברמור,BY,חתיכות פילה דג הרינג,גרמים,260.00,100 גרם,false,,17.90,0.0688,true,1,107428
4810168018795,false,חתיכות פילה דג הרינג,סנטה ברמור,BY,חתיכות פילה דג הרינג,גרמים,200.00,100 גרם,false,,12.90,0.0645,true,1,107429
4810168019051,false,חתיכות פילה דג הרינג,סנטה ברמור,BY,חתיכות פילה דג הרינג,גרמים,200.00,100 גרם,false,,12.90,0.0645,true,1,107430
4810168024512,false,חתיכות פילה דג הרינג,סנטה ברמור,BY,חתיכות פילה דג הרינג,גרמים,260.00,100 גרם,false,,17.90,0.0688,true,1,107425
4810168058975,false,חתיכות פילה דג הרינג,סנטה ברמור,BY,חתיכות פילה דג הרינג,גרמים,260.00,100 גרם,false,,17.90,0.0688,true,1,124447
4820217240114,false,חמאה פרמה 200 גרם,רז שה צ'ים פקטורי,UA,חמאה פרמה 200 גרם,גרמים,200.00,100 גרם,false,,7.80,0.0390,true,1,110239
4860019001414,false,מים בורזומי 750 מל,,,מים בורזומי 750 מל,מיליליטרים,750.00,"100 מ""ל",false,,7.90,0.0105,true,1,37432
4903001904192,false,"רוטב סויה 500 מ""ל יא",יאמאסה,JP,"רוטב סויה 500 מ""ל",מיליליטרים,500.00,"100 מ""ל",false,,17.90,0.0358,true,1,47840
4903001925784,false,רוטב סויה פרימיום דל,,,רוטב סויה פרימיום דל,מיליליטרים,500.00,"100 מ""ל",false,,17.90,0.0358,true,1,47841
4903001930993,false,"רוטב טריאקי 500 מ""ל",יאמאסה,JP,"רוטב סויה 500 מ""ל",מיליליטרים,500.00,"100 מ""ל",false,,17.90,0.0358,true,1,109632
5000054351900,false,פריסקיז פטה דג אוקיי,,,פריסקיז פטה דג אוקיי,גרמים,156.00,100 גרם,false,,6.90,0.0442,true,1,124168
5000054353300,false,פריסקיז פטה סלמון 15,,,פריסקיז פטה סלמון 15,גרמים,156.00,100 גרם,false,,6.90,0.0442,true,1,124169
5000054357100,false,פריסקיז פטה מיקס גרי,,,פריסקיז פטה מיקס גרי,גרמים,156.00,100 גרם,false,,6.90,0.0442,true,1,124171
5000054359500,false,פריסקיז פטה כבד ועוף,,,פריסקיז פטה כבד ועוף,גרמים,156.00,100 גרם,false,,6.90,0.0442,true,1,124172
5000157143365,false,היינץ מיוקטשופ 425 ג,HEINZ,PL,היינץ,מיליליטרים,425.00,"100 מ""ל",false,,14.90,0.0351,true,1,112071
5000159407236,false,מרס חטיף בודד 51 גרם,מרס,NL,מרס,גרמים,51.00,100 גרם,false,,3.90,0.0765,true,1,72491
5000159452540,false,מארז סניקרס חמישייה,מרס,NL,מארז סניקרס חמישייה,גרמים,250.00,100 גרם,false,,9.90,0.0396,true,1,114342
5000159452663,false,מארז מרס חמישייה 250,מרס,NL,מארז מרס חמישייה 250,גרמים,250.00,100 גרם,false,,9.90,0.0396,true,1,118344
5000159452977,false,מיקס מיני 400 גרם,מרס,NL,מרס,גרמים,400.00,100 גרם,false,,19.90,0.0497,true,1,72494
5000159459228,false,טוויקס חטיף בודד 50,מרס,NL,מרס,גרמים,50.00,100 גרם,false,,3.90,0.0780,true,1,72496
5000159461122,false,סניקרס חטיף בודד 50,מרס,NL,מרס,גרמים,50.00,100 גרם,false,,3.90,0.0780,true,1,72497
5000159536400,false,טוויקס סטיקס 99 קלור,מרס,IL,מרס,גרמים,200.00,100 גרם,false,,16.90,0.0845,true,1,118251
5000159538626,false,מארז טוויקס חמישייה,מרס,NL,מארז טוויקס חמישייה,גרמים,250.00,100 גרם,false,,9.90,0.0396,true,1,118345
5000159538640,false,מארז באונטי חמישייה,מרס,NL,מארז באונטי חמישייה,גרמים,250.00,100 גרם,false,,9.90,0.0396,true,1,118346
5000168199245,false,שוקולד גודייבה פיור,גודייבה,TR,גודייבה,גרמים,90.00,100 גרם,false,,14.90,0.1656,true,1,106736
5000189974579,false,קיט קט מיני 200 גרם,נסטלה,DE,סמרטיס,גרמים,200.00,100 גרם,false,,13.90,0.0695,true,1,88055
5000204115048,false,*מבצע* גלייד אורסול,coster aerosol vail,TR,גלייד,מיליליטרים,300.00,"100 מ""ל",false,,7.90,0.0263,true,1,111661
5000204133509,false,שקיות זיפלוק גדולות,אס.סי.גונסון ובניו,US,שקיות זיפלוק גדולות,יחי,19.00,יחי,false,,12.90,0.6789,true,1,116477
5000204153842,false,גלייד וניל מילוי ספר,coster aerosol vail,TR,גלייד,מיליליטרים,269.00,"100 מ""ל",false,,17.90,0.0665,true,1,115440
5000204153903,false,גלייד מילוי ספריי או,coster aerosol vail,TR,גלייד,מיליליטרים,269.00,"100 מ""ל",false,,17.90,0.0665,true,1,115441
5000204155723,false,גלייד מכשיר + מילוי,coster aerosol vail,TR,גלייד,מיליליטרים,269.00,"100 מ""ל",false,,39.90,0.1483,true,1,115442
5000204167856,false,גלייד מילוי ספריי או,coster aerosol vail,TR,גלייד,מיליליטרים,269.00,"100 מ""ל",false,,17.90,0.0665,true,1,120095
5000204658064,false,קיווי אקספרס ספוג הב,אס סי ג'ונסון,ID,קיווי אקספרס ספוג הב,יח',1.00,יח',false,,13.90,13.9000,true,1,40026
5000394137486,false,דורסל אופטימום רביעי,דורסל,BE,דורסל,יח,4.00,יח,false,,21.90,5.4750,true,1,119991
5000394140820,false,דורסל שישיות AA פלוס,דורסל,BE,דורסל,יח,6.00,יח,false,,21.90,3.6500,true,1,119987
5000394141209,false,דורסל שישיות AA פלוס,דורסל,BE,דורסל,יח,6.00,יח,false,,21.90,3.6500,true,1,119988
5000396037531,false,מקוויטיס ביסקוויט מצ,mcvities digestive,GB,MCVITIES DIGESTIVE,גרמים,200.00,100 גרם,false,,10.90,0.0545,true,1,76092
5000396037548,false,מקוויטיס ביסקוויט מצ,mcvities digestive,GB,MCVITIES DIGESTIVE,גרמים,200.00,100 גרם,false,,10.90,0.0545,true,1,76093
5010026515919,false,מוזלי מורנפלייק קריס,,GB,מוזלי מורנפלייק קריס,גרמים,650.00,100 גרם,false,,23.90,0.0368,true,1,124065
5010029221091,false,דגני וויטביקס פרוטאי,וויטביקס,GB,weetabix,גרמים,450.00,100 גרם,false,,24.90,0.0553,true,1,89520
5010038454831,false,בקבוק בירה בלומון 33,בירה מלכה,IL,מלכה,מיליליטרים,330.00,"100 מ""ל",false,,12.90,0.0391,true,1,109926
5010123703585,false,"ליסטרין מי פה 500 מ""",גונסון אנד גונסון,IT,ליסטרין,מיליליטרים,500.00,"100 מ""ל",false,,14.90,0.0298,true,1,71070
5010182996799,false,דאק ג'ל אסלה פרחי בר,DEOFLOR,IT,דאק,מיליליטרים,55.00,"100 מ""ל",false,,9.90,0.1800,true,1,40034
5010182997253,false,רייד מקס,SC Jonson,NL,רייד,מיליליטרים,300.00,"100 מ""ל",false,,14.90,0.0497,true,1,40036
5010182997338,false,דאק ג'ל אסלה רענן יר,DEOFLOR,IT,דאק,מיליליטרים,55.00,"100 מ""ל",false,,9.90,0.1800,true,1,40037
5010182997680,false,רייד קוטל זוחלים,SC Jonson,NL,רייד,מיליליטרים,300.00,"100 מ""ל",false,,14.90,0.0497,true,1,40039
5010182997918,false,דאק ג'ל אסלה ים כחול,DEOFLOR,IT,דאק,גרמים,55.00,100 גרם,false,,9.90,0.1800,true,1,40040
5010182998861,false,"דאק נוזל רענן 750 מ""",,,"דאק נוזל רענן 750 מ""",מיליליטרים,750.00,"100 מ""ל",false,,8.90,0.0119,true,1,40042
5010265002911,false,רייויטה - פת פריכה מ,,,רייויטה - פת פריכה מ,גרמים,250.00,100 גרם,false,,12.90,0.0516,true,1,123392
5010327000046,false,"וויסקי גרנטס 700 מ""ל",גרנט'ס,,וויסקי גרנטס,מיליליטרים,700.00,"100 מ""ל",false,,69.90,0.0999,true,1,45328
5010677551281,false,בקרדי בריזר לימון,טמפו,DE,בקרדי,מיליליטרים,275.00,"100 מ""ל",false,,13.90,0.0505,true,1,45952
5010677551397,false,בקרדי בריזר לימון לי,"בקרדי בע""מ",DE,בקרדי בריזר לימון ליים,מיליליטרים,275.00,"100 מ""ל",false,,13.90,0.0505,true,1,45953
5010677552387,false,בקרדי בריזר אננס,טמפו,DE,בקרדי,מיליליטרים,275.00,"100 מ""ל",false,,13.90,0.0505,true,1,45954
5010677554398,false,בקרדי בריזר אבטיח,טמפו,DE,בקרדי,מיליליטרים,275.00,"100 מ""ל",false,,13.90,0.0505,true,1,45955
5010677714006,false,ג'ין בומביי ספייר 70,ג'ון דיואר ובניו,GB,ג'ין בומביי ספייר 70,מיליליטרים,700.00,"100 מ""ל",false,,109.90,0.1570,true,1,120029
5010677850100,false,*מבצע* וודקה גרייגוס,,,*מבצע* וודקה גרייגוס,מיליליטרים,700.00,"100 מ""ל",false,,104.90,0.1499,true,1,108541
5011157630281,false,"אורז טילדה 1 ק""ג",TILDA,GB,טילדה,קילוגרמים,1.00,"ק""ג",false,,19.90,19.9000,true,1,60799
5011417552247,false,איירוויק נטול גז,RECKITT BENCKISER PR,PL,איירויק,מיליליטרים,345.00,"100 מ""ל",false,,12.90,0.0374,true,1,38301
5013965948428,false,אורל בי משחה פרואקספ,,,אורל בי משחה פרואקספ,מיליליטרים,75.00,"100 מ""ל",false,,9.90,0.1320,true,1,117295
5014271002675,false,סאנט דלפור תפוח קינמ,סאנטדלפור,FR,סאנטדלפור,גרמים,284.00,100 גרם,false,,19.90,0.0701,true,1,107663
5014271300429,false,סאנט דלפור משמש 284,סאנטדלפור,FR,סאנטדלפור,גרמים,284.00,100 גרם,false,,19.90,0.0701,true,1,74653
5014271310428,false,סאנט דלפור דובדבן 28,סאנטדלפור,FR,סאנטדלפור,גרמים,284.00,100 גרם,false,,19.90,0.0701,true,1,74655
5014271330426,false,סאנט דלפור אוכמניות,סאנטדלפור,FR,סאנטדלפור,גרמים,284.00,100 גרם,false,,19.90,0.0701,true,1,74657
5014271350424,false,סאנט דלפור ארבע פירו,סאנטדלפור,FR,סאנטדלפור,גרמים,284.00,100 גרם,false,,19.90,0.0701,true,1,74660
5014271360423,false,סאנט דלפור תפוז 284,סאנטדלפור,FR,סאנטדלפור,גרמים,284.00,100 גרם,false,,19.90,0.0701,true,1,74662
5014271370422,false,סאנט דלפור אפרסק 284,סאנטדלפור,FR,סאנטדלפור,גרמים,284.00,100 גרם,false,,19.90,0.0701,true,1,74664
5014271400426,false,סאנט דלפור תות שדה 2,סאנטדלפור,FR,סאנטדלפור,גרמים,284.00,100 גרם,false,,19.90,0.0701,true,1,74668
5014379009972,false,פחית בירה באדוויזר 5,איי.בי. אינבוו,GB,פחית בירה באדוויזר 5,מיליליטרים,500.00,"100 מ""ל",false,,9.90,0.0198,true,1,110679
5024546366609,false,*מבצע* ויסקי לאודרס,,,וויסקי לאודרס,מיליליטרים,700.00,"100 מ""ל",false,,69.90,0.0999,true,1,39079
5026489483955,false,חטיף חומוס סיסולט 45,איט ריל,GB,חטיף חומוס סיסולט 45,גרמים,45.00,100 גרם,false,,6.90,0.1533,true,1,118234
5029053510811,false,תחבושות תחבושות קוטק,KC Turkey,TR,קוטקס,יח',28.00,יח',false,,15.90,0.5679,true,1,45038
5029053510828,false,תחבושות תחבושות קוטק,KC Turkey,TR,קוטקס,יח',24.00,יח',false,,15.90,0.6625,true,1,45040
5029053523446,false,תחבושות תחבושות קוטק,KC Turkey,TR,קוטקס,יח',20.00,יח',false,,15.90,0.7950,true,1,45042
5029053535234,false,טמפון+מוליך סופר קוט,KC Czech,CZ,קוטקס,יח',16.00,יח',false,,19.90,1.2437,true,1,45066
5035766044673,false,סיידר תפוחים סטרונגב,,,סיידר תפוחים סטרונגבאו 33,מיליליטרים,330.00,"100 מ""ל",false,,7.50,0.0227,true,1,45960
5060045590190,false,ג'ים בים דבש כשר,בים סנטורי,ES,וויסקי גלנפידיך 12 שנה,מיליליטרים,700.00,"100 מ""ל",false,,79.90,0.1141,true,1,118587
5060255492154,false,אברקלין 6 ליטר (תכלת,,,אברקלין 6 ליטר (תכלת,יחידה,0.00,יחידה,false,,69.90,0.0000,true,1,113793
5060255492277,false,אברקלין 6ל (אדום ),,,אברקלין 6ל (אדום ),יחידה,0.00,יחידה,false,,69.90,0.0000,true,1,113795
5060517886516,false,משקה אנרגיה מונסטר א,מונסטר אנרג'י לימטד,RS,משקה אנרגיה מונסטר א,מיליליטרים,500.00,"100 מ""ל",false,,6.50,0.0130,true,1,115227
5060639129102,false,משקה אנרגיה מונסטר מ,מונסטר אנרג'י לימטד,RS,משקה אנרגיה מונסטר מ,מיליליטרים,500.00,"100 מ""ל",false,,6.50,0.0130,true,1,117310
5060751218173,false,משקה אנרגיה מונסטר א,מונסטר אנרג'י לימטד,RS,משקה אנרגיה מונסטר א,מיליליטרים,500.00,"100 מ""ל",false,,6.50,0.0130,true,1,123125
5060751219033,false,משקה אנרגיה מונסטר א,מונסטר אנרג'י לימטד,RS,משקה אנרגיה מונסטר א,מיליליטרים,500.00,"100 מ""ל",false,,6.50,0.0130,true,1,123126
5099864006377,false,סימילאק מהדרין שלב 1,אבוט מעבדות רפואיות,ES,סימילאק,גרמים,900.00,100 גרם,false,,69.90,0.0777,true,1,75153
5099864006391,false,סימילאק מהדרין שלב 3,אבוט מעבדות רפואיות,ES,סימילאק,גרמים,900.00,100 גרם,false,,69.90,0.0777,true,1,75157
5200133120476,false,גליליות וופלים 400 ג,"ד.פ.מ בע""מ",GR,גולדן ברייק,גרמים,400.00,100 גרם,false,,15.90,0.0398,true,1,89242
5201004020338,false,גליליות עם קרם אגוזי,פפדופולוס,GR,גליליות עם קרם אגוזי,גרמים,400.00,100 גרם,false,,19.90,0.0497,true,1,118228
5201085540084,false,סוכריות ג'לי 700 גרם,פאלאס אס איי,GR,סוכריות ג'לי 700 גרם,גרמים,700.00,100 גרם,false,,14.90,0.0213,true,1,38919
5201178801047,false,*מבצע* ניוואה קרם רב,ביירסדורף,DE,ניוואה,מיליליטרים,150.00,"100 מ""ל",false,,16.90,0.1127,true,1,74469
5201340003385,false,*מבצע* טונה מעושנת ש,נורט אגיאוסי קנריס,GR,*מבצע* טונה מעושנת ש,גרמים,160.00,100 גרם,false,,11.90,0.0744,true,1,119769
5201340003392,false,*מבצע* טונה מעושנת ב,נורט אגיאוסי קנריס,GR,*מבצע* טונה מעושנת ב,גרמים,160.00,100 גרם,false,,11.90,0.0744,true,1,119770
5201340026704,false,*מבצע* טונה מעושנת פ,נורט אגיאוסי קנריס,GR,*מבצע* טונה מעושנת פ,גרמים,160.00,100 גרם,false,,11.90,0.0744,true,1,119771
5201347160326,false,"קלגון גל 750 מ""ל",RECKITT BENCKISER It,IT,קלגון,מיליליטרים,750.00,"100 מ""ל",false,,29.90,0.0399,true,1,38368
5201347400545,false,*מבצע* ויט ארומטיק ר,RECKITT BENCKISER FR,FR,ויט,יח',20.00,יח',false,,19.90,0.9950,true,1,38370
5202300043014,false,קולסטון חום שוקולד,פרוקטר אנד גמבל,DE,Wella,מיליליטרים,60.00,"100 מ""ל",false,,16.90,0.2817,true,1,40880
5202300043175,false,צבע לשיער קולסטון קר,פרוקטר אנד גמבל,DE,Wella,מיליליטרים,60.00,"100 מ""ל",false,,16.90,0.2817,true,1,40894
5202300043199,false,צבע לשיער קולסטון קר,פרוקטר אנד גמבל,DE,Wella,מיליליטרים,60.00,"100 מ""ל",false,,16.90,0.2817,true,1,40898
5202302020020,false,ליליה - ממרח זיתי קל,,,ליליה - ממרח זיתי קל,גרמים,200.00,100 גרם,false,,17.90,0.0895,true,1,123397
5202390014239,false,צהובה טבעונית עשבי ת,,GR,צהובה טבעונית עשבי ת,גרמים,200.00,100 גרם,false,,21.90,0.1095,true,1,88362
5202390015618,false,צהובה טבעונית אורגינ,,GR,צהובה טבעונית אורגינ,גרמים,200.00,100 גרם,false,,21.90,0.1095,true,1,75097
5202795080709,false,אוזו מטקסה,רמי קואנטרו,GR,אוטום,מיליליטרים,700.00,"100 מ""ל",false,,74.90,0.1070,true,1,89065
5391523057929,false,סימילאק גולד שלב 1 7,אבוט מעבדות רפואיות,ES,סימילאק,גרמים,700.00,100 גרם,false,,69.90,0.0999,true,1,88857
5391523057936,false,סימילאק גולד שלב 2 7,אבוט מעבדות רפואיות,ES,סימילאק,גרמים,700.00,100 גרם,false,,69.90,0.0999,true,1,88858
5391523057943,false,סימילאק גולד שלב 3 7,אבוט מעבדות רפואיות,ES,סימילאק,גרמים,700.00,100 גרם,false,,69.90,0.0999,true,1,88859
5391523058070,false,סימילאק אדבנס שלב  3,אבוט מעבדות רפואיות,IE,סימילאק,גרמים,700.00,100 גרם,false,,64.90,0.0927,true,1,89755
5391523058087,false,סימילאק אדבנס שלב  2,אבוט מעבדות רפואיות,IE,סימילאק,גרמים,700.00,100 גרם,false,,64.90,0.0927,true,1,89756
5410103161518,false,*מבצע* קרם לחות יום,karlsruhe,DE,לוריאל דרמו,מיליליטרים,50.00,"100 מ""ל",false,,46.90,0.9380,true,1,35439
5410103161617,false,*מבצע* קרם לחות יום,karlsruhe,DE,לוריאל דרמו,מיליליטרים,50.00,"100 מ""ל",false,,46.90,0.9380,true,1,35440
5410126006087,false,עוגיות לוטוס 700 גרם,לוטוס ביקרי נ.וי.,BE,לוטוס,גרמים,700.00,100 גרם,false,,23.90,0.0341,true,1,65759
5410126116953,false,ממרח עוגיות לוטוס קר,לוטוס ביקרי נ.וי.,BE,לוטוס,גרמים,400.00,100 גרם,false,,19.90,0.0497,true,1,65767
5410126716016,false,ביסקויט בטעם קרמל לו,לוטוס ביקרי נ.וי.,BE,לוטוס,גרמים,250.00,100 גרם,false,,10.90,0.0436,true,1,65769
5410126726947,false,ממרח עוגיות לוטוס קר,לוטוס ביקרי נ.וי.,BE,לוטוס,גרמים,380.00,100 גרם,false,,19.90,0.0524,true,1,65771
5410173210055,false,קפה טחון לפילטר,קופי רומבוטס,BE,רומבוטס,גרמים,70.00,100 גרם,false,,14.90,0.2129,true,1,47843
5410228142089,false,"לף בלונד 330 מ""ל",קרלסברג יבוא יצוא,BE,לף,מיליליטרים,330.00,"100 מ""ל",false,,9.90,0.0300,true,1,41643
5410228267515,false,*מבצע* שישיית בקבוקי,איי.בי. אינבוו,GB,*מבצע* שישיית בקבוקי,מיליליטרים,1980.00,"100 מ""ל",false,,27.90,0.0141,true,1,110680
5410291022011,false,ממרח אגוזי לוז צוקטה,נאטרא מאלה,BE,צוקטה,גרמים,350.00,100 גרם,false,,11.90,0.0340,true,1,47845
5410316983693,false,סמירנוף אייס,IBBLS,IT,סמירנוף אייס,מיליליטרים,250.00,"100 מ""ל",false,,12.90,0.0516,true,1,41649
5410769800097,false,בקבוק צ'רי שוף 330 מ,דובל,BE,דובל,מיליליטרים,330.00,"100 מ""ל",false,,14.90,0.0452,true,1,45334
5411188081852,false,אלפרו סויה וניל 1 לי,ALPRO,BE,אלפרו,ליטרים,1.00,ליטר,false,,14.90,14.9000,true,1,60803
5411188094173,false,אלפרו מעדן סויה בטעם,ALPRO,BE,אלפרו,מיליליטרים,500.00,"100 מ""ל",false,,16.90,0.0338,true,1,60807
5411188096108,false,*מבצע* אלפרו סויה לב,ALPRO,BE,אלפרו,מיליליטרים,250.00,"100 מ""ל",false,,7.90,0.0316,true,1,60809
5411188110835,false,אלפרו משקה שקדים 1 ל,ALPRO,BE,אלפרו,ליטרים,1.00,ליטר,false,,13.90,13.9000,true,1,60813
5411188112709,false,אלפרו משקה שקדים ללא,ALPRO,BE,אלפרו,ליטרים,1.00,ליטר,false,,13.90,13.9000,true,1,60821
5411188115366,false,אלפרו משקה שיבולת שו,ALPRO,BE,אלפרו,ליטרים,1.00,ליטר,false,,13.90,13.9000,true,1,60828
5411188115472,false,אלפרו סויה 1 ליטר,ALPRO,BE,אלפרו,ליטרים,1.00,ליטר,false,,13.90,13.9000,true,1,115177
5411188118732,false,אלפרו משקה קוקוס ושק,ALPRO,BE,אלפרו,ליטרים,1.00,ליטר,false,,13.90,13.9000,true,1,60836
5411188120742,false,אלפרו משקה שקדים בטע,ALPRO,BE,אלפרו,ליטרים,1.00,ליטר,false,,13.90,13.9000,true,1,60842
5411188120957,false,*מבצע* אלפרו תערובת,ALPRO,BE,אלפרו,מיליליטרים,250.00,"100 מ""ל",false,,7.90,0.0316,true,1,60844
5411188121923,false,אלפרו סויה סידן שליש,ALPRO,BE,אלפרו,מיליליטרים,750.00,"100 מ""ל",false,,14.90,0.0199,true,1,87970
5411188121978,false,אלפרו סויה סידן שליש,ALPRO,BE,אלפרו,מיליליטרים,750.00,"100 מ""ל",false,,14.90,0.0199,true,1,87308
5411188124689,false,אלפרו משקה שיבולת שו,ALPRO,BE,אלפרו,ליטרים,1.00,ליטר,false,,13.90,13.9000,true,1,115889
5411188126195,false,אלפרו משקה שקדים אור,ALPRO,BE,אלפרו,ליטרים,1.00,ליטר,false,,13.90,13.9000,true,1,89649
5411188127697,false,אלפרו בריסטה שיבולת,ALPRO,BE,אלפרו,ליטרים,1.00,ליטר,false,,13.90,13.9000,true,1,115172
5411188129899,false,אלפרו בריסטה שקדים 1,ALPRO,BE,אלפרו,ליטרים,1.00,ליטר,false,,13.90,13.9000,true,1,115175
5411188134985,false,אלפרו 3.5% שומן שבול,אלפרו,BE,אלפרו 3.5% שומן שבול,ליטרים,1.00,ליטר,false,,13.90,13.9000,true,1,118858
5411188135005,false,אלפרו 1.8% שומן שבול,אלפרו,BE,אלפרו 1.8% שומן שבול,ליטרים,1.00,ליטר,false,,13.90,13.9000,true,1,118859
5411188300328,false,אלפרו סויה שוקו 1 לי,ALPRO,BE,אלפרו,ליטרים,1.00,ליטר,false,,11.90,11.9000,true,1,60856
5411188513483,false,אלפרו סויה לבישול 14,אלפרו,BE,אלפרו סויה לבישול 14,מיליליטרים,250.00,"100 מ""ל",false,,9.90,0.0396,true,1,121139
5411188543398,false,אלפרו סויה ללס 1 ליט,ALPRO,BE,אלפרו,ליטרים,1.00,ליטר,false,,13.90,13.9000,true,1,115178
5411681014005,false,"בקבוק דובל 330 מ""ל",דובל,BE,דובל,מיליליטרים,330.00,"100 מ""ל",false,,12.90,0.0391,true,1,45338
5413149655522,false,אריאל 1.25 קג,פרוקטר אנד גמבל,TR,Ariel,קילוגרמים,1.25,"ק""ג",false,,17.90,14.3200,true,1,40950
5413149922907,false,"אריאל קולור 5 ק""ג",,,"אריאל קולור 5 ק""ג",קילוגרמים,5.00,"ק""ג",false,,34.90,6.9800,true,1,40958
5413149922938,false,"אריאל 5 ק""ג",פרוקטר אנד גמבל,TR,Ariel,קילוגרמים,5.00,"ק""ג",false,,34.90,6.9800,true,1,40960
5600286004072,false,תפוחונים אורגניים -,,,תפוחונים אורגניים -,גרמים,40.00,100 גרם,false,,7.90,0.1975,true,1,123398
5601036205534,false,*מבצע* צבע לשיער אקס,ליברמו,BE,לוריאל אקסלנס,יח',1.00,יח',false,,35.90,35.9000,true,1,35441
5601036205589,false,*מבצע* צבע לשיער אקס,ליברמו,BE,לוריאל אקסלנס,יח',1.00,יח',false,,35.90,35.9000,true,1,35446
5601036205596,false,*מבצע* צבע לשיער אקס,ליברמו,BE,לוריאל אקסלנס,יח',1.00,יח',false,,35.90,35.9000,true,1,35447
5601036205602,false,*מבצע* צבע לשיער אקס,ליברמו,BE,לוריאל אקסלנס,יח',1.00,יח',false,,35.90,35.9000,true,1,35448
5601036205626,false,*מבצע* צבע לשיער אקס,ליברמו,BE,לוריאל אקסלנס,יח',1.00,יח',false,,35.90,35.9000,true,1,35450
5601036205671,false,*מבצע* צבע לשיער אקס,ליברמו,BE,לוריאל אקסלנס,יח',1.00,יח',false,,35.90,35.9000,true,1,35453
5601036205688,false,*מבצע* צבע לשיער אקס,ליברמו,BE,לוריאל אקסלנס,יח',1.00,יח',false,,35.90,35.9000,true,1,35454
5701932026964,false,פופקורן הוטפופ מלח,פופז,US,הוטפופ,גרמים,600.00,100 גרם,false,,14.90,0.0248,true,1,47862
5701932026971,false,פופקורן הוטפופ חמאה,פופז,US,הוטפופ,גרמים,600.00,100 גרם,false,,14.90,0.0248,true,1,47865
5711953105807,false,בלוז בסגנון דנאבלו,ארלה,DK,בלוז,קילוגרמים,1.00,"ק""ג",true,,69.00,69.0000,true,1,109700
5711953106583,false,ארלה גבינת שמנת טבעי,ארלה,DK,ארלה,גרמים,200.00,100 גרם,false,,14.90,0.0745,true,1,110626
5711953106590,false,ארלה גבינת שמנת שום,ארלה,DK,ארלה,גרמים,200.00,100 גרם,false,,14.90,0.0745,true,1,110627
5711953106606,false,ארלה גבינת שמנת עשבי,ארלה,DK,ארלה,גרמים,200.00,100 גרם,false,,14.90,0.0745,true,1,110628
5740900108264,false,ממרח לורפק ללא מלח,ארלה,DK,חמאה,קילוגרמים,1.00,"ק""ג",true,,39.00,39.0000,true,1,115528
5740900403215,false,ממרח לורפק עם מלח 25,ארלה,DK,ארלה,גרמים,250.00,100 גרם,false,,16.90,0.0676,true,1,106163
5740900403222,false,ממרח לורפק עם מלח מו,ארלה,DK,ארלה,גרמים,250.00,100 גרם,false,,16.90,0.0676,true,1,106164
5740900403239,false,ממרח לורפק בלי מלח 2,ארלה,DK,ארלה,גרמים,250.00,100 גרם,false,,16.90,0.0676,true,1,106165
5740900403246,false,ממרח לורפק בלי מלח 5,ארלה,DK,ארלה,גרמים,500.00,100 גרם,false,,27.90,0.0558,true,1,106166
5740900403253,false,ממרח לורפק עם מלח 50,ארלה,DK,ארלה,גרמים,500.00,100 גרם,false,,27.90,0.0558,true,1,106162
5740900403260,false,ממרח לורפק ללא מלח מ,ארלה,DK,ארלה,גרמים,250.00,100 גרם,false,,16.90,0.0676,true,1,106167
5740900403284,false,חמאת לורפק ללא מלח 2,ארלה,DK,?????,גרמים,200.00,100 גרם,false,,11.50,0.0575,true,1,115199
5740900403864,false,חמאת לורפק עם מלח 20,ארלה,DK,?????,גרמים,200.00,100 גרם,false,,11.50,0.0575,true,1,118861
5900020012814,false,נסקוויק 500 גרם,נסטלה פולין דגני בוק,PL,NESQUIK,גרמים,500.00,100 גרם,false,,19.90,0.0398,true,1,33677
5900020015174,false,חטיפי דגנים פיטנס דג,נסטלה פולין ברים,PL,FITNESS,גרמים,141.00,100 גרם,false,,14.90,0.1057,true,1,33678
5900020018908,false,חטיפי דגנים פיטנס דג,נסטלה פולין ברים,PL,FITNESS,גרמים,141.00,100 גרם,false,,14.90,0.1057,true,1,33683
5900020020710,false,חטיף דגנים שוקו וניל,נסטלה פולין ברים,PL,CRUNCH,גרמים,150.00,100 גרם,false,,14.90,0.0993,true,1,33684
5900020020741,false,נסקויק בר דגנים שוקו,נסטלה פולין ברים,PL,NESQUIK,גרמים,150.00,100 גרם,false,,14.90,0.0993,true,1,33685
5900020022325,false,חטיף דגנים סיני מיני,נסטלה פולין דגני בוק,PL,CINI-MINIS,גרמים,150.00,100 גרם,false,,14.90,0.0993,true,1,33687
5900020024770,false,חטיפי דגנים פיטנס דג,סי.פי.פולין,PL,FITNESS,גרמים,135.00,100 גרם,false,,14.90,0.1104,true,1,33688
5900020024817,false,פיטנס חטיף דגנים 22.,סי.פי.פולין,PL,FITNESS,גרמים,135.00,100 גרם,false,,14.90,0.1104,true,1,33689
5900020026552,false,צ'ריוס האני נאט 625,ג.נרל מילס,US,CHEERIOS,גרמים,625.00,100 גרם,false,,19.90,0.0318,true,1,33698
5900020029669,false,חטיפי דגנים פיטנס דג,נסטלה פולין ברים,PL,FITNESS,גרמים,141.00,100 גרם,false,,14.90,0.1057,true,1,33699
5900020031877,false,חטיף דגנים צ'יריוס 2,נסטלה פולין דגני בוק,PL,CINI-MINIS,גרמים,132.00,100 גרם,false,,14.90,0.1129,true,1,89552
5900020032454,false,חטיפי דגנים פיטנס עו,נסטלה פולין ברים,PL,FITNESS,גרמים,188.00,100 גרם,false,,14.90,0.0793,true,1,117959
5900020032539,false,חטיפי דגנים פיטנס שו,נסטלה פולין ברים,PL,FITNESS,גרמים,188.00,100 גרם,false,,14.90,0.0793,true,1,117960
5900020033314,false,חטיף דגנים ליון 25*6,נסטלה פולין דגני בוק,PL,CINI-MINIS,גרמים,150.00,100 גרם,false,,14.90,0.0993,true,1,105867
5900020034021,false,פיטנס חטיף דגנים שוק,סי.פי.פולין,PL,FITNESS,גרמים,141.00,100 גרם,false,,14.90,0.1057,true,1,107784
5900020034991,false,קראנץ' צדפים 450 גרם,אסם,IL,CRUNCH,גרמים,450.00,100 גרם,false,,19.90,0.0442,true,1,111797
5900020036407,false,דגני שוקולד וקרמל לי,ג.נרל מילס,US,CHEERIOS,גרמים,480.00,100 גרם,false,,19.90,0.0415,true,1,113427
5900020037916,false,ציריוס שבולת שועל 37,ג.נרל מילס,US,CHEERIOS,גרמים,375.00,100 גרם,false,,14.90,0.0397,true,1,116502
5900020039590,false,חטיפי דגנים פיטנס קל,סי.פי.פולין,PL,FITNESS,גרמים,141.00,100 גרם,false,,14.90,0.1057,true,1,119049
5900020039620,false,חטיפי דגנים פיטנס שק,סי.פי.פולין,PL,FITNESS,גרמים,141.00,100 גרם,false,,14.90,0.1057,true,1,119050
5900627063233,false,טבליות פיניש 50 יח A,RECKITT BENCKISER PR,PL,?????,יח',50.00,יח',false,,39.90,0.7980,true,1,88932
5900907000583,false,מלפפון בחומץ 920 ג',סגל דברים טובים,PL,מלפפון בחוצץ 430ג,גרמים,430.00,100 גרם,false,,15.50,0.0360,true,1,32636
5900951283963,false,סניקרס קרימי ח.בוטני,מרס,NL,מרס,גרמים,50.00,100 גרם,false,,3.90,0.0780,true,1,118252
5901414200411,false,עוגיות היט מיניס 130,בלזן פולסקה,PL,בלזן,גרמים,130.00,100 גרם,false,,5.90,0.0454,true,1,47872
5901483060022,false,תה מרווה 2 ג'  20 ש',,,חליטת תה מרווה 40ג,גרמים,40.00,100 גרם,false,,8.90,0.2225,true,1,32650
5901483060060,false,תה שומר 2.0 ג' 20 ש',ביופלוייד,PL,חליטות תה,גרמים,50.00,100 גרם,false,,8.90,0.1780,true,1,32651
5901483060206,false,תה מנטה 2 ג' 20 ש',,,חליטת תה מנטה 40ג,גרמים,40.00,100 גרם,false,,8.90,0.2225,true,1,32653
5901483060305,false,תה מליסה 2 ג' 20 ש',,,חליטת תה מליסה 40ג,גרמים,40.00,100 גרם,false,,8.90,0.2225,true,1,32654
5901483060404,false,תה בבונג 1.75 ג' 20,,,חליטת תה בבונג 35ג,גרמים,35.00,100 גרם,false,,8.90,0.2543,true,1,32655
5902198160403,false,אקס אל משקה אנרגיה,טמפו,IL,XL,מיליליטרים,250.00,"100 מ""ל",false,,3.80,0.0152,true,1,45972
5904941751302,false,משקה אנרגיה בלו,אקוביט,PL,בלו,מיליליטרים,250.00,"100 מ""ל",false,,3.90,0.0156,true,1,38923
5906485301012,false,אקס אל משקה אנרגיה,טמפו,IL,XL,מיליליטרים,250.00,"100 מ""ל",false,,4.00,0.0160,true,1,45973
5949152110821,false,מבשם אוויר איירוויק,רקיט בנקיזר,PL,מבשם אוויר איירוויק,מיליליטרים,237.00,"100 מ""ל",false,,14.90,0.0629,true,1,126012
5949152110838,false,מבשם אוויר איירוויק,רקיט בנקיזר,PL,מבשם אוויר איירוויק,מיליליטרים,237.00,"100 מ""ל",false,,14.90,0.0629,true,1,126013
5997321770307,false,*מבצע* ויט רצועות שע,RECKITT BENCKISER FR,FR,ויט,יח',12.00,יח',false,,19.90,1.6583,true,1,38400
5998623526739,false,*מבצע* גוורצטרמינר 7,דנוביאנה,HU,*מבצע* גוורצטרמינר 7,מיליליטרים,750.00,"100 מ""ל",false,,29.90,0.0399,true,1,108543
5998749108550,false,1X8X60Gויסקס טמפציקן,,,1X8X60Gויסקס טמפציקן,יחידה,0.00,יחידה,false,,9.90,0.0000,true,1,113810
5998749108574,false,1X8X60G ויסקס טמפביף,,,1X8X60G ויסקס טמפביף,יחידה,0.00,יחידה,false,,9.90,0.0000,true,1,113811
6001067017523,false,קולגייט מברשת ילדים,CP- China-SH,CN,קולגייט,יח',1.00,יח',false,,9.90,9.9000,true,1,60862
6001067017530,false,קולגייט מברשת ילדים,CP- China-SH,CN,קולגייט,יח',1.00,יח',false,,9.90,9.9000,true,1,60864
6001067027324,false,*מבצע* קולגייט מברשת,קולגייט פלמוליב,IL,קולגייט מברשת ילדים,יח',1.00,יח',false,,29.90,29.9000,true,1,60881
6009188004828,false,קיט קאט צ'אנקי לבן 4,נסטלה,DE,נסטלה,גרמים,40.00,100 גרם,false,,3.90,0.0975,true,1,126350
6086142556654,false,פטרוזיליה אורגנית,,,פטרוזיליה אורגנית,יח,1.00,יח,false,,9.90,9.9000,true,1,115355
6086142556722,false,כוסברה אורגנית,,,כוסברה אורגנית,יח,1.00,יח,false,,9.90,9.9000,true,1,115356
6086142556890,false,בזיליקום אורגני,,,בזיליקום אורגני,יח,1.00,יח,false,,9.90,9.9000,true,1,115357
6086142557194,false,עלי חסה אורגנית,,,עלי חסה אורגנית,יח,1.00,יח,false,,12.90,12.9000,true,1,120527
6111094000013,false,קוסקוס בינוני 1 קג,Marchesi srl,MA,תומר,קילוגרמים,1.00,"ק""ג",false,,17.90,17.9000,true,1,59768
6111094000198,false,קוסקוס דארי דק 350 ג,קרמה מן,MA,דארי,גרמים,350.00,100 גרם,false,,6.90,0.0197,true,1,59770
6111094000228,false,"קוסקוס דארי 1ק""ג",,,"קוסקוס 1ק""ג+10%",קילוגרמים,1.00,"ק""ג",false,,17.90,17.9000,true,1,59772
6111094000709,false,קוסקוס חיטה מלאה דאר,דארי,MA,קוסקוס חיטה מלאה דאר,גרמים,500.00,100 גרם,false,,8.90,0.0178,true,1,119772
6111094002123,false,דארי אט' מרוקאיות 50,דארי,MA,דארי אט' מרוקאיות 50,גרמים,550.00,100 גרם,false,,8.90,0.0162,true,1,126547
6112012100358,false,שישיית קולבי פלסטיק,,,שישיית קולבי פלסטיק,יח',6.00,יח',false,,9.90,1.6500,true,1,66872
6112012100389,false,תחתית לכיסא+מסמר,,,תחתית לכיסא+מסמר,יח',20.00,יח',false,,14.90,0.7450,true,1,66874
6112012100440,false,מגשית לקרח,,,מגשית לקרח,יח',1.00,יח',false,,8.90,8.9000,true,1,66878
6112012100600,false,שלישיית קולבי קטיפה,,,שלישיית קולבי קטיפה,יח',3.00,יח',false,,11.90,3.9667,true,1,66889
6112012100655,false,מגב לשיש מהודר,,,מגב לשיש מהודר,יח',1.00,יח',false,,7.90,7.9000,true,1,66895
6112012100709,false,קולפן נירוסטה יקר,,,קולפן נירוסטה יקר,יח',1.00,יח',false,,11.90,11.9000,true,1,66901
6112012100808,false,פינג'ן גדול,,,פינג'ן גדול,יח',1.00,יח',false,,19.90,19.9000,true,1,66915
6112012100846,false,פומפיה מרובעת,,,פומפיה מרובעת,יח',1.00,יח',false,,19.90,19.9000,true,1,66920
6112012100853,false,מלקחיים גדולות,,,מלקחיים גדולות,יח',1.00,יח',false,,9.90,9.9000,true,1,66922
6112012100976,false,כפות גדולות,,,כפות גדולות,יח',6.00,יח',false,,9.90,1.6500,true,1,66934
6112012100983,false,מזלגות גדולות,,,מזלגות גדולות,יח',6.00,יח',false,,9.90,1.6500,true,1,66936
6112012100990,false,כפיות קטנות,,,כפיות קטנות,יח',6.00,יח',false,,8.90,1.4833,true,1,66938
6112013100128,false,קולפן נירוסטה פשוט,,,קולפן נירוסטה פשוט,יח',1.00,יח',false,,7.90,7.9000,true,1,66950
6112013100159,false,מטרף ידני ברזל,,,מטרף ידני ברזל,יח',1.00,יח',false,,9.90,9.9000,true,1,66954
6112013100180,false,סכין לפיצה,,,סכין לפיצה,יח',1.00,יח',false,,9.90,9.9000,true,1,66960
6112013100715,false,שלישיית מסננות,,,שלישיית מסננות,יח',1.00,יח',false,,18.90,18.9000,true,1,66992
6112013100777,false,שלישיית פקקי אמבטיה,,,שלישיית פקקי אמבטיה,יח',3.00,יח',false,,8.90,2.9667,true,1,66996
6112014100561,false,דבק דו צדדי,,,דבק דו צדדי,יח',1.00,יח',false,,9.90,9.9000,true,1,67054
6112015100157,false,זוג מתלים,,,זוג מתלים,יח',1.00,יח',false,,9.90,9.9000,true,1,67128
6112015100294,false,מגב מתכת,,,מגב מתכת,יח',1.00,יח',false,,21.90,21.9000,true,1,86567
6112015100508,false,מברשת לאסלה,,,מברשת לאסלה,יח',1.00,יח',false,,3.90,3.9000,true,1,67159
6112015100867,false,שלישיית מברשות,,,שלישיית מברשות,יח',3.00,יח',false,,9.90,3.3000,true,1,86568
6112015100928,false,מטאטא/מגב סיליקון,,,מטאטא/מגב סיליקון,יח',1.00,יח',false,,24.90,24.9000,true,1,67184
6112015100959,false,מגב,,,מגב,יח',1.00,יח',false,,16.90,16.9000,true,1,67190
6112016100088,false,מטאטא,,,מטאטא,יח',1.00,יח',false,,14.90,14.9000,true,1,67212
6112016100101,false,מברשת לניקוי אבק,,,מברשת לניקוי אבק,יח',1.00,יח',false,,11.90,11.9000,true,1,67214
6112016100682,false,מסנן רשת לכיור,,,מסנן רשת לכיור,יח',1.00,יח',false,,10.90,10.9000,true,1,67224
6112016100712,false,סוגרים לשקיות,,,סוגרים לשקיות,יח',12.00,יח',false,,11.90,0.9917,true,1,67225
6112017100056,false,מברשת לניקוי כלים,,,מברשת לניקוי כלים,יח',1.00,יח',false,,7.90,7.9000,true,1,67232
6112017101350,false,מצע לירקות,,,מצע לירקות,יח',1.00,יח',false,,9.90,9.9000,true,1,67242
6112017101510,false,סלסלה קטנה,,,סלסלה קטנה,יח',1.00,יח',false,,8.90,8.9000,true,1,67243
6112017101534,false,מברשת לאסלה,,,מברשת לאסלה,יח',1.00,יח',false,,19.90,19.9000,true,1,67245
6112017101565,false,מתקן לסכום מנירוסטה,,,מתקן לסכום מנירוסטה,יח',1.00,יח',false,,19.90,19.9000,true,1,86570
6112017102487,false,סלסלת עלים 5.5 ליטר,,,סלסלת עלים 5.5 ליטר,יח',1.00,יח',false,,7.90,7.9000,true,1,88207
6112017102784,false,מברשת ניקוי,,,מברשת ניקוי,יח',1.00,יח',false,,5.90,5.9000,true,1,89222
6112017102838,false,מברשת לאסלה,,,מברשת לאסלה,יח',1.00,יח',false,,16.90,16.9000,true,1,89227
6112017103644,false,כף הגשה ישרה,,,כף הגשה ישרה,יח',1.00,יח',false,,9.90,9.9000,true,1,106190
6112017103897,false,סכין שלישייה צבעוני,,,סכין שלישייה צבעוני,יח',1.00,יח',false,,9.90,9.9000,true,1,109824
6112017104153,false,ספוג מסאז',,,ספוג מסאז',יח',1.00,יח',false,,7.90,7.9000,true,1,106648
6112017104573,false,מטאטא שחור לבן,,,מטאטא שחור לבן,יח',1.00,יח',false,,23.90,23.9000,true,1,109827
6112017105327,false,משטח קריסטל,,,משטח קריסטל,יח',1.00,יח',false,,9.90,9.9000,true,1,110646
6112017105853,false,מגב מתכת,,,מגב מתכת,יח,1.00,יח,false,,26.90,26.9000,true,1,111822
6112017105914,false,מפה לפיקניק,,,מפה לפיקניק,יח,1.00,יח,false,,19.90,19.9000,true,1,112468
6112017106034,false,כף מסננת,,,כף מסננת,יח,1.00,יח,false,,13.90,13.9000,true,1,111969
6112017106096,false,מסנן כיור אמריקאי,,,מסנן כיור אמריקאי,יח,1.00,יח,false,,14.90,14.9000,true,1,112008
6112017106133,false,כפפת סיליקון בשילוב,,,כפפת סיליקון בשילוב,יחידה,0.00,יחידה,false,,29.90,0.0000,true,1,112701
6112017106140,false,מגן למזרן זוגי,,,מגן למזרן זוגי,יח,1.00,יח,false,,49.90,49.9000,true,1,111971
6112017106232,false,מתלה קיר למטאטא/מגב,,,מתלה קיר למטאטא/מגב,יחידה,0.00,יחידה,false,,19.90,0.0000,true,1,112702
6112017106331,false,סט קופסאות איחסון,,,סט קופסאות איחסון,יח',1.00,יח',false,,14.90,14.9000,true,1,112585
6112017106416,false,סט צנצנות סמארט 1 לי,,,סט צנצנות סמארט 1 לי,יח',2.00,יח',false,,9.90,4.9500,true,1,112856
6112017106478,false,מתקן לסקוטש מחולק עם,,,מתקן לסקוטש מחולק עם,יח,1.00,יח,false,,11.90,11.9000,true,1,114472
6112017106492,false,מתקן לסקוטש מחולק לש,,,מתקן לסקוטש מחולק לש,יח,1.00,יח,false,,11.90,11.9000,true,1,114473
6112017106614,false,מקל מטאטא,,,מקל מטאטא,יח',1.00,יח',false,,5.90,5.9000,true,1,115480
6112017106676,false,מברשת לניקוי גב עץ,,,מברשת לניקוי גב עץ,יח,1.00,יח,false,,12.90,12.9000,true,1,114474
6185238870916,false,מתלה כביסה,,,מתלה כביסה,יח',1.00,יח',false,,59.90,59.9000,true,1,37060
6235605573411,false,רכב משטרה,,,רכב משטרה,100 יח,1.00,100 יח,false,,24.90,24.9000,true,1,123723
6254879302985,false,קרש חיתוך 230*300,,,קרש חיתוך 230*300,יח',1.00,יח',false,,14.90,14.9000,true,1,121988
6254879302992,false,קרש חיתוך מעץ במבוק,,,קרש חיתוך מעץ במבוק,יח',1.00,יח',false,,19.90,19.9000,true,1,121989
6254879303012,false,בוצ'ר מעץ במבוק 300*,,,בוצ'ר מעץ במבוק 300*,יח',1.00,יח',false,,49.90,49.9000,true,1,121991
6322211596474,false,רכבי שלט,,,רכבי שלט,יח',1.00,יח',false,,39.90,39.9000,true,1,127033
6322218979096,false,מסוק רחף,,,מסוק רחף,יח',1.00,יח',false,,39.90,39.9000,true,1,127035
6322218982096,false,כדור אורות,,,כדור אורות,יח',1.00,יח',false,,39.90,39.9000,true,1,127036
6387216886494,false,מסכות צבעוניות חד פע,,,מסכות צבעוניות חד פע,יח',50.00,יח',false,,7.90,0.1580,true,1,116030
6901022100409,false,ג'ינג'ר כתוש - לירון,,,ג'ינג'ר כתוש - לירון,יח',1.00,יח',false,,4.90,4.9000,true,1,126575
6910191800287,false,אצות נורי בלו,nantong haida aquati,CN,מזרח ומערב,יח',10.00,יח',false,,11.90,1.1900,true,1,72965
6912977000140,false,אטריות שעועית 250ג,,,אטריות שעועית 250ג,גרמים,250.00,100 גרם,false,,8.90,0.0356,true,1,72966
6913245100685,false,מנורת לילה קטנה שקופ,,,מנורת לילה קטנה שקופ,יח',1.00,יח',false,,19.90,19.9000,true,1,67258
6913245102030,false,נורת לד 10 וואט לבן,,,נורת לד 10 וואט לבן,יח',1.00,יח',false,,9.90,9.9000,true,1,67260
6920354822223,false,קולגייט נטורל ג'ינג',קולגייט פלמוליב,BR,קולגייט,מיליליטרים,68.00,"100 מ""ל",false,,29.90,0.4397,true,1,118556
6921052701001,false,אצות וואקמה 40 גרם,qingdao sun growing,CN,אצות וואקמה 40 גרם,גרמים,40.00,100 גרם,false,,8.90,0.2225,true,1,109761
6921850614695,false,נורת לד 10 וואט שליש,,,נורת לד 10 וואט שליש,יח',3.00,יח',false,,24.90,8.3000,true,1,110230
6921850614718,false,נורת לד 15 וואט שליש,,,נורת לד 15 וואט שליש,יח',1.00,יח',false,,35.90,35.9000,true,1,110231
6922276100083,false,מחית וואסבי חזרת,qingdao sun growing,CN,wasabi,גרמים,43.00,100 גרם,false,,8.90,0.2070,true,1,72967
6922822407697,false,מגנטים בייסיק 110 יח,,,מגנטים בייסיק 110 יח,יח',110.00,יח',false,,89.90,0.8173,true,1,127025
6922822407703,false,מגנטים לונה פארק 100,,,מגנטים לונה פארק 100,יח',100.00,יח',false,,89.90,0.8990,true,1,127026
6925454151662,false,טיימר שקע תקע 24 שעו,,,טיימר שקע תקע 24 שעו,יח',1.00,יח',false,,22.90,22.9000,true,1,67280
6931191500076,false,מספריים לבשר,,,מספריים לבשר,יח',1.00,יח',false,,11.90,11.9000,true,1,67286
6931191500434,false,מועך תפוחי אדמה,,,מועך תפוחי אדמה,יח',1.00,יח',false,,9.90,9.9000,true,1,67305
6931191500571,false,קרש חיתוך פלסטיק,,,קרש חיתוך פלסטיק,יח',1.00,יח',false,,14.90,14.9000,true,1,67311
6931191500649,false,דבק סופר גלו רביעייה,,,דבק סופר גלו רביעייה,יח',4.00,יח',false,,9.90,2.4750,true,1,67317
6933960500089,false,קנפיו רצועות דלעת כב,qingdao sun growing,CN,qingdao,גרמים,100.00,100 גרם,false,,12.90,0.1290,true,1,72980
6934731200078,false,אטריות טריות דקות 20,,,אטריות טריות דקות 20,גרמים,200.00,100 גרם,false,,6.90,0.0345,true,1,108376
6934931267246,false,מצית גז,,,מצית גז,יח,1.00,יח,false,,9.90,9.9000,true,1,118040
6934931268618,false,סט 5 קופסאות+מכסה 0.,,,סט 5 קופסאות+מכסה 0.,יח,5.00,יח,false,,9.90,1.9800,true,1,117461
6934931270666,false,שלט נהג חדש,,,שלט נהג חדש,יח',1.00,יח',false,,8.90,8.9000,true,1,119848
6934931271038,false,מגן שמש קדמי קטן לרכ,,,מגן שמש קדמי קטן לרכ,יח',1.00,יח',false,,14.90,14.9000,true,1,119963
6934931272028,false,כף אשפה מתקפל,,,כף אשפה מתקפל,יח',1.00,יח',false,,19.90,19.9000,true,1,118747
6934931272332,false,מטאטא ויטני,,,מטאטא ויטני,יח',1.00,יח',false,,22.90,22.9000,true,1,118745
6934931273704,false,מגב עם להב מסיליקון,,,מגב עם להב מסיליקון,יח',1.00,יח',false,,34.90,34.9000,true,1,119665
6935487561246,false,מסכות שחורות חד פעמי,,,מסכות שחורות חד פעמי,יח',50.00,יח',false,,7.90,0.1580,true,1,116806
6936065430442,false,כבל USB אורך 2 מטר,,,כבל USB אורך 2 מטר,1,1.00,1,false,,12.90,12.9000,true,1,123761
6936065431036,false,כבל מולטי,,,כבל מולטי,1,1.00,1,false,,24.90,24.9000,true,1,126274
6936065498749,false,כבל USB אורך 2 מטר,,,כבל USB אורך 2 מטר,1,1.00,1,false,,12.90,12.9000,true,1,123766
6936745600462,false,"*מבצע* מירין 500 מ""ל",qingdao sun growing,CN,daniyan,מיליליטרים,500.00,"100 מ""ל",false,,17.90,0.0358,true,1,72982
6936745600783,false,חומץ אורז,qingdao sun growing,CN,daniyan,מיליליטרים,500.00,"100 מ""ל",false,,15.90,0.0318,true,1,72984
6942021102988,false,גביע לקידוש,,,גביע לקידוש,יח',1.00,יח',false,,11.90,11.9000,true,1,121744
6945305614047,false,רביעיית מתלים ניקל,,,רביעיית מתלים ניקל,יח',4.00,יח',false,,9.90,2.4750,true,1,67344
6952415521486,false,כבל מאריך 3 מ' OMEGA,,,כבל מאריך 3 מ' OMEGA,יח',1.00,יח',false,,25.90,25.9000,true,1,67350
6955107669206,false,דבק סופר גלו אפור,,,דבק סופר גלו אפור,גרמים,20.00,100 גרם,false,,9.90,0.4950,true,1,67374
6974640730167,false,פטריות שיטאקה 100 גר,ZHEJIANG FOREST INDU,CN,dried shitake,גרמים,100.00,100 גרם,false,,13.90,0.1390,true,1,123581
6985425120011,false,זוג מסנן פרפר,,,זוג מסנן פרפר,יח',2.00,יח',false,,8.90,4.4500,true,1,67376
6985425120035,false,פקק פטנט לאמבטיה,,,פקק פטנט לאמבטיה,יח',1.00,יח',false,,5.90,5.9000,true,1,67380
6985425120066,false,חבל כביסה מבד,,,חבל כביסה מבד,מטרים,10.00,מטר,false,,11.90,1.1900,true,1,67382
6985425120103,false,דבק סלוטייפ,,,דבק סלוטייפ,יח',1.00,יח',false,,9.90,9.9000,true,1,67386
6985425120295,false,אטבי כביסה 24 יחידות,,,אטבי כביסה 30 יחידות,יח',24.00,יח',false,,7.90,0.3292,true,1,87891
6985425120301,false,אטבי כביסה 30 יחידות,,,אטבי כביסה 30 יחידות,יח',30.00,יח',false,,8.90,0.2967,true,1,67396
6985425120394,false,דבק בד שחור,,,דבק בד שחור,יח',1.00,יח',false,,21.90,21.9000,true,1,67402
6985425120684,false,מסננת גדולה,,,מסננת גדולה,יח',1.00,יח',false,,13.90,13.9000,true,1,67417
6985425120851,false,רביעיית כפות עץ,,,רביעיית כפות עץ,יח',4.00,יח',false,,11.90,2.9750,true,1,67429
7162108012026,false,סט מצעים דגם טנריף ז,,,סט מצעים דגם טנריף ז,יח,1.00,יח,false,,59.90,59.9000,true,1,125322
7162110048020,false,סט מצעים דגם קניה זו,,,סט מצעים דגם קניה זו,יח',1.00,יח',false,,59.90,59.9000,true,1,125359
7162203034008,false,פוך חורף מסה יחיד,,,פוך חורף מסה יחיד,יח',1.00,יח',false,,69.90,69.9000,true,1,126910
7162203034015,false,פוך חורף מסה זוגי,,,פוך חורף מסה זוגי,יח',1.00,יח',false,,79.90,79.9000,true,1,126911
7180589856540,false,מוצרי נייס,,,מוצרי נייס,יח',1.00,יח',false,,3.90,3.9000,true,1,62241
7270137700194,false,מדליק פחם מוצק,,,מדליק פחם מוצק,יח',1.00,יח',false,,4.90,4.9000,true,1,105605
7271730901261,false,מקרוני אנד צ'יז אדום,,,פסטה עם גבינה,גרמים,156.00,100 גרם,false,,10.90,0.0699,true,1,52898
7290000000002,false,לחם אחיד כהה 750 גרם,אנג'ל,IL,אנג'ל,גרמים,750.00,100 גרם,false,,3.90,0.0052,true,1,35127
7290000000005,false,חלה רגילה,,IL,חלה רגילה,יח',1.00,יח',false,,3.90,3.9000,true,1,35128
7290000000015,false,עיתון ידיעות שבת,,,עיתון ידיעות שבת,יח',1.00,יח',false,,16.50,16.5000,true,1,46692
7290000000056,false,משלוח בתוך העיר,,,משלוח בתוך העיר,יח',1.00,יח',false,,30.00,30.0000,true,1,66457
7290000000079,false,מים 1.5 ליטר קר,,,מים 1.5 ליטר קר,ליטרים,1.50,ליטר,false,,5.00,3.3333,true,1,66463
7290000000090,false,עיתון לאשה,,,עיתון לאשה,יח',1.00,יח',false,,21.90,21.9000,true,1,46694
7290000000220,false,קרעה,,,קרעה,קילוגרמים,1.00,"ק""ג",true,,12.90,12.9000,true,1,63968
7290000000245,false,עגבניות שרי - ארוז,,,עגבניות שרי - ארוז,יח',1.00,יח',false,,8.90,8.9000,true,1,110299
7290000000251,false,ערמונים,,,ערמונים,קילוגרמים,1.00,"ק""ג",true,,14.90,14.9000,true,1,29446
7290000000311,false,"תפו""א אדום אפייה",,,"תפו""א אדום אפייה",קילוגרמים,1.00,"ק""ג",true,,3.90,3.9000,true,1,109698
7290000000343,false,גזר בתפזורת,משתנה,IL,גזר בתפזורת,קילוגרמים,1.00,"ק""ג",true,,4.90,4.9000,true,1,29448
7290000000344,false,"תפו""א אדום בתפזורת",משתנה,IL,"תפו""א אדום בתפזורת",קילוגרמים,1.00,"ק""ג",true,,5.90,5.9000,true,1,29449
7290000000345,false,"תפו""א לבן בתפזורת",משתנה,IL,"תפו""א לבן בתפזורת",קילוגרמים,1.00,"ק""ג",true,,4.90,4.9000,true,1,29450
7290000000374,false,פטריות שמפניון,משתנה,IL,פטריות שמפניון,יח',1.00,יח',false,,8.90,8.9000,true,1,39192
7290000000473,false,קישוא זוקיני,משתנה,IL,קישוא זוקיני,קילוגרמים,1.00,"ק""ג",true,,9.90,9.9000,true,1,29451
7290000000503,false,"תפו""א אדום אפייה",,,"תפו""א אדום אפייה",קילוגרמים,1.00,"ק""ג",true,,3.90,3.9000,true,1,119546
7290000000594,false,"תפ""ע נאשי",,,"תפ""ע נאשי",קילוגרמים,1.00,"ק""ג",true,,13.90,13.9000,true,1,29452
7290000000599,false,אגס אדום,משתנה,IL,אגס,קילוגרמים,1.00,"ק""ג",true,,15.90,15.9000,true,1,105877
7290000000602,false,אגס,משתנה,IL,אגס,קילוגרמים,1.00,"ק""ג",true,,12.90,12.9000,true,1,29453
7290000000606,false,אבוקדו,משתנה,IL,אבוקדו,קילוגרמים,1.00,"ק""ג",true,,9.90,9.9000,true,1,29454
7290000000608,false,אפרסמון,,,אפרסמון,קילוגרמים,1.00,"ק""ג",true,,9.90,9.9000,true,1,29455
7290000000612,false,"תפו""א ירושלמי",משתנה,IL,"תפו""א ירושלמי",קילוגרמים,1.00,"ק""ג",true,,12.90,12.9000,true,1,29456
7290000000613,false,רימון,,,רימון,קילוגרמים,1.00,"ק""ג",true,,6.90,6.9000,true,1,29457
7290000000619,false,בצל אדום,משתנה,IL,בצל אדום,קילוגרמים,1.00,"ק""ג",true,,6.90,6.9000,true,1,29458
7290000000620,false,בצל יבש,משתנה,IL,בצל יבש,קילוגרמים,1.00,"ק""ג",true,,3.90,3.9000,true,1,29459
7290000000622,false,בטטה,משתנה,IL,בטטה,קילוגרמים,1.00,"ק""ג",true,,7.90,7.9000,true,1,29460
7290000000623,false,בננה,משתנה,IL,בננה,קילוגרמים,1.00,"ק""ג",true,,6.90,6.9000,true,1,29461
7290000000624,false,ברוקולי יח',משתנה,IL,ברוקולי ארוז,יח',1.00,יח',false,,8.90,8.9000,true,1,29462
7290000000625,false,דלורית,משתנה,IL,דלורית,קילוגרמים,1.00,"ק""ג",true,,4.90,4.9000,true,1,29463
7290000000635,false,גזר ארוז,משתנה,IL,גזר ארוז,קילוגרמים,1.00,"ק""ג",true,,3.90,3.9000,true,1,29464
7290000000644,false,דלעת ערמונים,משתנה,IL,דלעת ערמונים,קילוגרמים,1.00,"ק""ג",true,,12.90,12.9000,true,1,29467
7290000000646,false,פומלית,,,פומלית,קילוגרמים,1.00,"ק""ג",true,,5.90,5.9000,true,1,29468
7290000000648,false,פלפל כתום,משתנה,IL,פלפל כתום,קילוגרמים,1.00,"ק""ג",true,,9.90,9.9000,true,1,29469
7290000000652,false,דלעת יפנית,נורגר מאג'רי,IL,דלעת יפנית,קילוגרמים,1.00,"ק""ג",true,,9.90,9.9000,true,1,89760
7290000000660,false,חסה ערבית,משתנה,IL,חסה,יח',1.00,יח',false,,3.90,3.9000,true,1,29470
7290000000661,false,חציל,משתנה,IL,חציל,קילוגרמים,1.00,"ק""ג",true,,5.90,5.9000,true,1,29471
7290000000662,false,חסה עגולה,משתנה,IL,חסה עגולה,יח',1.00,יח',false,,5.90,5.9000,true,1,29472
7290000000665,false,חציל בלאדי,משתנה,IL,חציל בלאדי,קילוגרמים,1.00,"ק""ג",true,,7.90,7.9000,true,1,116373
7290000000666,false,פטריות בתפזורת,משתנה,IL,פטריות בתפזורת,קילוגרמים,1.00,"ק""ג",true,,31.90,31.9000,true,1,39195
7290000000681,false,כרוב לבן,משתנה,IL,כרוב לבן,קילוגרמים,1.00,"ק""ג",true,,3.90,3.9000,true,1,29474
7290000000682,false,כרוב אדום,משתנה,IL,כרוב אדום,קילוגרמים,1.00,"ק""ג",true,,3.90,3.9000,true,1,29475
7290000000691,false,לימון,משתנה,IL,לימון,קילוגרמים,1.00,"ק""ג",true,,6.90,6.9000,true,1,29476
7290000000695,false,מלפפון,משתנה,IL,מלפפון,קילוגרמים,1.00,"ק""ג",true,,5.90,5.9000,true,1,107451
7290000000696,false,מלון,משתנה,IL,מלון,קילוגרמים,1.00,"ק""ג",true,,6.90,6.9000,true,1,29477
7290000000701,false,מנגו,נטרה,IL,מנגו,קילוגרמים,1.00,"ק""ג",true,,8.90,8.9000,true,1,61741
7290000000702,false,לימון ארוז אוצר בית,משתנה,IL,לימון,קילוגרמים,1.00,"ק""ג",true,,6.90,6.9000,true,1,126427
7290000000705,false,נקטרינה,משתנה,IL,נקטרינה,קילוגרמים,1.00,"ק""ג",true,,8.90,8.9000,true,1,88464
7290000000715,false,סלק,משתנה,IL,סלק,קילוגרמים,1.00,"ק""ג",true,,4.90,4.9000,true,1,29478
7290000000720,false,תמר צהוב,,,תמר צהוב,קילוגרמים,1.00,"ק""ג",true,,9.90,9.9000,true,1,93320
7290000000722,false,אפרסמון  קרמבו,,,אפרסמון  קרמבו,קילוגרמים,1.00,"ק""ג",true,,10.90,10.9000,true,1,116033
7290000000725,false,עגבניה,משתנה,IL,עגבניה,קילוגרמים,1.00,"ק""ג",true,,5.90,5.9000,true,1,29479
7290000000728,false,עגבניות שרי שקיל,משתנה,IL,עגבניה שרי במשקל,קילוגרמים,1.00,"ק""ג",true,,12.90,12.9000,true,1,29480
7290000000731,false,סברס,משתנה,IL,סברס,קילוגרמים,1.00,"ק""ג",true,,24.90,24.9000,true,1,89671
7290000000734,false,פלפל צהוב,משתנה,IL,פלפל צהוב,קילוגרמים,1.00,"ק""ג",true,,9.90,9.9000,true,1,29481
7290000000735,false,פלפל ירוק,משתנה,IL,פלפל ירוק,קילוגרמים,1.00,"ק""ג",true,,8.90,8.9000,true,1,29482
7290000000737,false,פלפל בהיר,משתנה,IL,פלפל בהיר,קילוגרמים,1.00,"ק""ג",true,,8.90,8.9000,true,1,29483
7290000000739,false,פלפל חריף,משתנה,IL,פלפל חריף,קילוגרמים,1.00,"ק""ג",true,,9.90,9.9000,true,1,29484
7290000000740,false,ענבים לבנים במשקל,משתנה,IL,ענבים לבנים,קילוגרמים,1.00,"ק""ג",true,,24.90,24.9000,true,1,29485
7290000000741,false,ענבים שחורים במשקל,משתנה,IL,ענבים שחורים,קילוגרמים,1.00,"ק""ג",true,,19.90,19.9000,true,1,29486
7290000000742,false,פלפל אדום,משתנה,IL,פלפל אדום,קילוגרמים,1.00,"ק""ג",true,,9.90,9.9000,true,1,29487
7290000000744,false,פומלה,,,פומלה,קילוגרמים,1.00,"ק""ג",true,,5.90,5.9000,true,1,29488
7290000000745,false,גויאבה,,,גויאבה,קילוגרמים,1.00,"ק""ג",true,,14.90,14.9000,true,1,86550
7290000000748,false,פטאיה,,,פטאיה,קילוגרמים,1.00,"ק""ג",true,,19.90,19.9000,true,1,105878
7290000000750,false,צנונית ארוזה,משתנה,IL,צנונית חבילה,יח',1.00,יח',false,,4.90,4.9000,true,1,29489
7290000000753,false,קישוא עגול,משתנה,IL,קישוא עגול,קילוגרמים,1.00,"ק""ג",true,,9.90,9.9000,true,1,86561
7290000000754,false,קלמנטינה,משתנה,IL,קלמנטינה,קילוגרמים,1.00,"ק""ג",true,,5.90,5.9000,true,1,29490
7290000000755,false,קישואים,משתנה,IL,קישואים,קילוגרמים,1.00,"ק""ג",true,,7.90,7.9000,true,1,29491
7290000000756,false,קולורבי,משתנה,IL,קולורבי,קילוגרמים,1.00,"ק""ג",true,,7.90,7.9000,true,1,29492
7290000000757,false,קיווי,משתנה,IL,קיווי,קילוגרמים,1.00,"ק""ג",true,,12.90,12.9000,true,1,29493
7290000000758,false,קיווי ארוז,,,קיווי ארוז,גרמים,100.00,100 גרם,false,,16.90,0.1690,true,1,118459
7290000000764,false,אשכולית אדומה,משתנה,IL,אשכולית אדומה,קילוגרמים,1.00,"ק""ג",true,,5.90,5.9000,true,1,29494
7290000000775,false,שומר,משתנה,IL,שומר,קילוגרמים,1.00,"ק""ג",true,,5.90,5.9000,true,1,29496
7290000000783,false,"תפו""א אדום ארוז",משתנה,IL,"תפו""א אדום ארוז",קילוגרמים,1.00,"ק""ג",true,,4.90,4.9000,true,1,29498
7290000000785,false,"תפו""א לבן ארוז",משתנה,IL,"תפו""א לבן ארוז",קילוגרמים,1.00,"ק""ג",true,,3.90,3.9000,true,1,29499
7290000000787,false,"תפ""ע חרמון",משתנה,IL,"תפו""ע חרמון",קילוגרמים,1.00,"ק""ג",true,,9.90,9.9000,true,1,29500
7290000000788,false,"תפ""ע סמיט",משתנה,IL,"תפו""ע סמיט",קילוגרמים,1.00,"ק""ג",true,,9.90,9.9000,true,1,29501
7290000000789,false,תירס.,משתנה,IL,תירס,קילוגרמים,1.00,"ק""ג",true,,8.90,8.9000,true,1,29502
7290000000792,false,"תפ""ע זהוב",משתנה,IL,"תפו""ע מוזהב",קילוגרמים,1.00,"ק""ג",true,,9.90,9.9000,true,1,29505
7290000000797,false,תפוז,משתנה,IL,תפוז גדול,קילוגרמים,1.00,"ק""ג",true,,5.90,5.9000,true,1,29506
7290000000803,false,אנונה,משתנה,IL,אנונה,קילוגרמים,1.00,"ק""ג",true,,17.90,17.9000,true,1,66816
7290000000890,false,ראש קוקוס,,,ראש קוקוס,יח',1.00,יח',false,,4.90,4.9000,true,1,29508
7290000000897,false,"תפ""ע פינק ליידי",משתנה,IL,"תפו""ע פינק ליידי",קילוגרמים,1.00,"ק""ג",true,,15.90,15.9000,true,1,29509
7290000000947,false,דלעת ספגטי,משתנה,IL,דלעת ספגטי,קילוגרמים,1.00,"ק""ג",true,,9.90,9.9000,true,1,87758
7290000002217,false,מים מינרלים קטן,,,מים מינרלים קטן,יח',1.00,יח',false,,2.50,2.5000,true,1,66473
7290000002220,false,מים מינרלים גדול,,,מים מינרלים גדול,יח',1.00,יח',false,,2.50,2.5000,true,1,66475
7290000006550,false,שקית גופיה יוחננוף,,,שקית גופיה יוחננוף,יח',1.00,יח',false,,0.10,0.1000,true,1,32569
7290000006888,false,שום יבש יחידה,משתנה,IL,שום יבש יחידה,יח',1.00,יח',false,,3.90,3.9000,true,1,29512
7290000022376,false,אגוזי מלך יבוא במשקל,,,אגוזי מלך יבוא במשקל,קילוגרמים,1.00,"ק""ג",true,,39.90,39.9000,true,1,123919
7290000022420,false,רצועות תפוז בשוקולד,ניצני הדר,,רצועות תפוז בשוקולד,קילוגרמים,1.00,"ק""ג",true,,69.00,69.0000,true,1,125054
7290000022437,false,תותית בשוקולד במשקל,ניצני הדר,,תותית בשוקולד במשקל,קילוגרמים,1.00,"ק""ג",true,,59.00,59.0000,true,1,125056
7290000022444,false,בננית בשוקולד במשקל,ניצני הדר,,בננית בשוקולד במשקל,קילוגרמים,1.00,"ק""ג",true,,59.00,59.0000,true,1,125057
7290000022451,false,בוטנים בשוקולד במשקל,ניצני הדר,,בוטנים בשוקולד במשקל,קילוגרמים,1.00,"ק""ג",true,,59.00,59.0000,true,1,125058
7290000022468,false,לוז אשכולות בשוקולד,ניצני הדר,,לוז אשכולות בשוקולד,קילוגרמים,1.00,"ק""ג",true,,79.00,79.0000,true,1,125059
7290000023007,false,ברנדי שטוק 84,ברקן סגל,IL,שטוק,מיליליטרים,750.00,"100 מ""ל",false,,64.90,0.0865,true,1,91191
7290000023083,false,"עארק אשקלון 700 מ""ל",ברקן סגל,IL,ערק אשקלון,מיליליטרים,700.00,"100 מ""ל",false,,49.90,0.0713,true,1,91192
7290000023809,false,קברנה סובניון קלאסיק,ברקן סגל,IL,קלאסיק,מיליליטרים,750.00,"100 מ""ל",false,,32.90,0.0439,true,1,91193
7290000023816,false,אמרלד ריזלינג קלאסיק,ברקן סגל,IL,קלאסיק,מיליליטרים,750.00,"100 מ""ל",false,,32.90,0.0439,true,1,91194
7290000023830,false,שיראז רוזה קלאסיק.,ברקן סגל,IL,קלאסיק,מיליליטרים,750.00,"100 מ""ל",false,,32.90,0.0439,true,1,108984
7290000023847,false,יין קלאסיק שרדונה,,,יין קלאסיק שרדונה,מיליליטרים,750.00,"100 מ""ל",false,,32.90,0.0439,true,1,108994
7290000023977,false,מרלו קלאסיק,ברקן סגל,IL,קלאסיק,מיליליטרים,750.00,"100 מ""ל",false,,32.90,0.0439,true,1,91196
7290000024202,false,יין רזרב קברנה,ברקן סגל,IL,ספיישל רזרב,מיליליטרים,750.00,"100 מ""ל",false,,39.90,0.0532,true,1,91197
7290000024264,false,יין רזרב מרלו,ברקן סגל,IL,ספיישל רזרב,מיליליטרים,750.00,"100 מ""ל",false,,39.90,0.0532,true,1,91198
7290000024523,false,מיץ ענבים תירוש סגל,ברקן סגל,IL,מיץ ענבים תירוש סגל,ליטרים,1.00,ליטר,false,,12.90,12.9000,true,1,95440
7290000024530,false,יין אדום מתוק לקידוש,ברקן סגל,IL,סגל,מיליליטרים,750.00,"100 מ""ל",false,,12.90,0.0172,true,1,91199
7290000024561,false,יין אסמבלאז' איתן 20,ברקן סגל,IL,יין אסמבלאז' איתן 20,מיליליטרים,750.00,"100 מ""ל",false,,54.90,0.0732,true,1,109030
7290000032825,false,תירס מתוק פרי זה 550,,IL,תירס מתוק פרי זה 550,גרמים,550.00,100 גרם,false,,8.50,0.0155,true,1,120407
7290000034560,false,שקית גופיה יוחננוף,,,שקית גופיה יוחננוף,יח',1.00,יח',false,,0.10,0.1000,true,1,32570
7290000036144,false,קורפלור 200 גר גלעם,גלעם,IL,גלעם,גרמים,200.00,100 גרם,false,,3.50,0.0175,true,1,92546
7290000036151,false,קורנפלור 500 גרם,גלעם,IL,גלעם,גרמים,500.00,100 גרם,false,,6.90,0.0138,true,1,92547
7290000040035,false,פרגית עם עצם לתנור,משתנה,IL,פרגית לתנור גורמה,קילוגרמים,1.00,"ק""ג",true,,59.90,59.9000,true,1,68659
7290000040042,false,יופלה יוגורט תות %3,תנובה,IL,יופלה,גרמים,150.00,100 גרם,false,,4.80,0.0320,true,1,92314
7290000040066,false,יופלה יוגורט דובדבן,תנובה,IL,יופלה,גרמים,150.00,100 גרם,false,,4.80,0.0320,true,1,92315
7290000040080,false,יופלה יוגורט אפרסק %,תנובה,IL,יופלה,גרמים,150.00,100 גרם,false,,4.80,0.0320,true,1,92316
7290000040301,false,קממבר עין גדי חפיסה,תנובה,IL,קולאז,גרמים,125.00,100 גרם,false,,17.90,0.1432,true,1,92317
7290000040318,false,ברי עדי חפיסה 24%  1,תנובה,IL,קולאז,גרמים,125.00,100 גרם,false,,18.90,0.1512,true,1,92318
7290000040974,false,חלב טרי דל לקטוז 1 ל,תנובה,IL,תנובה,ליטרים,1.00,ליטר,false,,6.80,6.8000,true,1,92320
7290000041407,false,גיל גביע 125 מל 3% ב,תנובה,IL,תנובה,מיליליטרים,125.00,"100 מ""ל",false,,0.94,0.0075,true,1,92321
7290000041452,false,קוטג תנובה גביע 250,תנובה,IL,תנובה,גרמים,250.00,100 גרם,false,,5.50,0.0220,true,1,94600
7290000041858,false,שמנת חמוצה 15% מועשר,שטראוס גרופ,IL,יטבתה,מיליליטרים,200.00,"100 מ""ל",false,,2.40,0.0120,true,1,91990
7290000041865,false,לבן 4.5% שומן- מהדרי,שטראוס גרופ,IL,יטבתה,גרמים,207.00,100 גרם,false,,2.00,0.0097,true,1,91991
7290000041872,false,לבן 3% שומן- מהדרין,שטראוס גרופ,IL,יטבתה,גרמים,206.00,100 גרם,false,,2.00,0.0097,true,1,91992
7290000042435,false,חלב תנובה טרי קרט+ פ,תנובה,IL,תנובה,ליטרים,1.00,ליטר,false,,5.80,5.8000,true,1,92329
7290000042640,false,חלב עמיד קרטון 250 מ,תנובה,IL,תנובה,מיליליטרים,250.00,"100 מ""ל",false,,2.50,0.0100,true,1,92333
7290000042855,false,שוקו יטבתה שקית,שטראוס גרופ,IL,יטבתה,מיליליטרים,225.00,"100 מ""ל",false,,2.50,0.0111,true,1,91994
7290000043012,false,שוק.שוקו עמיד 2% בקר,תנובה,IL,תנובה,מיליליטרים,250.00,"100 מ""ל",false,,4.50,0.0180,true,1,92335
7290000043463,false,קשיו ברביקיו במשקל,,,קשיו ברביקיו במשקל,קילוגרמים,1.00,"ק""ג",true,,99.00,99.0000,true,1,121967
7290000043814,false,שמנת להקצפה  38% 250,תנובה,IL,השף הלבן,מיליליטרים,250.00,"100 מ""ל",false,,6.40,0.0256,true,1,92338
7290000043890,false,רוויון קרטון 1 ליטר,תנובה,IL,רוויון,ליטרים,1.00,ליטר,false,,10.90,10.9000,true,1,92339
7290000044446,false,גבינת עמק 28%,תנובה,IL,עמק,קילוגרמים,1.00,"ק""ג",true,,41.30,41.3000,true,1,58469
7290000044712,false,פרילי תות גביע 500 ג,תנובה,IL,פרילי,גרמים,500.00,100 גרם,false,,9.90,0.0198,true,1,92342
7290000044880,false,באדי יוגורט תות גביע,תנובה,IL,באדי,גרמים,500.00,100 גרם,false,,8.90,0.0178,true,1,92344
7290000045573,false,נעמה משולשים 200 גרם,תנובה,IL,נעמה,גרמים,200.00,100 גרם,false,,13.90,0.0695,true,1,92345
7290000046006,false,גבינת עמק 28%.,תנובה,IL,עמק,קילוגרמים,1.00,"ק""ג",true,,44.79,44.7900,true,1,77112
7290000046020,false,גבינה גלבוע חריץ %22,תנובה,IL,גלבוע,קילוגרמים,1.00,"ק""ג",true,,42.50,42.5000,true,1,104154
7290000046327,false,גלבוע פרוס 200 גרם %,תנובה,IL,גלבוע,גרמים,200.00,100 גרם,false,,12.90,0.0645,true,1,92350
7290000046549,false,מוצרלה חריץ מהדרין 2,תנובה,IL,קולאז,קילוגרמים,1.00,"ק""ג",true,,79.00,79.0000,true,1,104155
7290000046563,false,קולאז פרמזן 23%,תנובה,IL,קולאז,קילוגרמים,1.00,"ק""ג",true,,110.00,110.0000,true,1,77121
7290000046662,false,סקנדינבי 31%,תנובה,IL,עמק,קילוגרמים,1.00,"ק""ג",true,,79.00,79.0000,true,1,77122
7290000047027,false,קולאז קשקבל 27%,תנובה,IL,קולאז,קילוגרמים,1.00,"ק""ג",true,,119.00,119.0000,true,1,77123
7290000047034,false,קולאז רוקפור 25%,תנובה,IL,קולאז,קילוגרמים,1.00,"ק""ג",true,,120.00,120.0000,true,1,77124
7290000047485,false,בולגרית 24%,תנובה,IL,פיראוס,קילוגרמים,1.00,"ק""ג",true,,57.00,57.0000,true,1,104156
7290000047546,false,כנען גבינה לבנה 5% 5,תנובה,IL,השף הלבן,גרמים,500.00,100 גרם,false,,22.90,0.0458,true,1,92353
7290000048185,false,גבינה לבנה  5% 250 ג,תנובה,IL,תנובה,גרמים,250.00,100 גרם,false,,4.95,0.0198,true,1,92356
7290000048192,false,גבינה לבנה  9% 250 ג,תנובה,IL,תנובה,גרמים,250.00,100 גרם,false,,4.70,0.0188,true,1,92357
7290000048413,false,פיראוס חמד שקית 250,תנובה,IL,פיראוס,גרמים,250.00,100 גרם,false,,17.90,0.0716,true,1,92359
7290000048437,false,פיראוס צפתית גביע 20,תנובה,IL,פיראוס,גרמים,200.00,100 גרם,false,,13.90,0.0695,true,1,92360
7290000049458,false,פיראוס פטה עזים 16%,תנובה,IL,פיראוס,גרמים,250.00,100 גרם,false,,26.90,0.1076,true,1,92362
7290000050447,false,יופלה תות 3% גביע 50,תנובה,IL,יופלה,גרמים,500.00,100 גרם,false,,12.90,0.0258,true,1,92365
7290000050454,false,יופלה אפרסק 3% גביע,תנובה,IL,יופלה,גרמים,500.00,100 גרם,false,,12.90,0.0258,true,1,92366
7290000051307,false,הפסקת אוכל דגני עוגי,תנובה,IL,תנובה,קילוגרמים,1.00,"ק""ג",false,,8.90,8.9000,true,1,92368
7290000051376,false,יופלה דיאט אננס גביע,תנובה,IL,יופלה,גרמים,150.00,100 גרם,false,,4.80,0.0320,true,1,92370
7290000051710,false,פיראוס לאבנה9% עם שמ,תנובה,IL,פיראוס,גרמים,263.00,100 גרם,false,,12.90,0.0490,true,1,92371
7290000052311,false,עמק לייט פרוס 200 גר,תנובה,IL,תנובה,גרמים,200.00,100 גרם,false,,15.90,0.0795,true,1,92377
7290000053219,false,טל העמק 32%,תנובה,IL,עמק,קילוגרמים,1.00,"ק""ג",true,,55.00,55.0000,true,1,107475
7290000054285,false,שעועית ירוקה ברוטב,,,שעועית ירוקה ברוטב,קילוגרמים,1.00,"ק""ג",true,,45.00,45.0000,true,1,105839
7290000055015,false,פיראוס פטה כבשים 5%,תנובה,IL,פיראוס,גרמים,250.00,100 גרם,false,,25.90,0.1036,true,1,92386
7290000055329,false,יופלה משקה יוגורט תו,תנובה,IL,יופלה,גרמים,250.00,100 גרם,false,,4.90,0.0196,true,1,92388
7290000055336,false,יופלה משקה יוגורט בנ,תנובה,IL,יופלה,גרמים,250.00,100 גרם,false,,4.90,0.0196,true,1,92389
7290000055350,false,גבינת עמק 28%,תנובה,IL,עמק,קילוגרמים,1.00,"ק""ג",true,,41.30,41.3000,true,1,58580
7290000055893,false,חמאה משמנת מפוסטרת 2,תנובה,IL,תנובה,גרמים,200.00,100 גרם,false,,7.80,0.0390,true,1,94615
7290000056845,false,חלב טרי 1.5 ליטר 3%,תנובה,IL,תנובה,ליטרים,1.50,ליטר,false,,9.30,6.2000,true,1,92395
7290000056890,false,מאג 8*150ג דיאט יופל,תנובה,IL,יופלה,ליטרים,1.20,ליטר,false,,28.90,24.0833,true,1,92397
7290000056906,false,מאג 8*150ג יופלה לבן,תנובה,IL,יופלה,ליטרים,1.20,ליטר,false,,16.90,14.0833,true,1,92398
7290000056951,false,שמנת לבישול 15% 500,תנובה,IL,השף הלבן,מיליליטרים,500.00,"100 מ""ל",false,,15.90,0.0318,true,1,92399
7290000057088,false,עמק פרוס דק דק 200 ג,תנובה,IL,תנובה,גרמים,200.00,100 גרם,false,,15.90,0.0795,true,1,92401
7290000057118,false,עמק פרוס סמי מעדנייה,תנובה,IL,תנובה,גרמים,400.00,100 גרם,false,,20.90,0.0522,true,1,92402
7290000057132,false,יוגורט תנובה טבעי 1.,תנובה,IL,תנובה,גרמים,200.00,100 גרם,false,,3.00,0.0150,true,1,92403
7290000057453,false,"עמק בד""צ 28%.",תנובה,IL,תנובה,קילוגרמים,1.00,"ק""ג",true,,44.79,44.7900,true,1,77208
7290000057552,false,יופלה דיאט עוגת גבינ,תנובה,IL,יופלה,גרמים,150.00,100 גרם,false,,4.80,0.0320,true,1,92406
7290000058030,false,יופלה משקה יוגורט תו,תנובה,IL,יופלה,מיליליטרים,800.00,"100 מ""ל",false,,19.90,0.0249,true,1,92407
7290000058047,false,שמנת להקצפה 38% 500,תנובה,IL,השף הלבן,מיליליטרים,500.00,"100 מ""ל",false,,12.80,0.0256,true,1,94621
7290000058467,false,רול שווארמה,,,רול שווארמה,קילוגרמים,1.00,"ק""ג",true,,69.00,69.0000,true,1,45129
7290000058979,false,גיל בטעם תות 3% 125,תנובה,IL,תנובה,גרמים,125.00,100 גרם,false,,1.30,0.0104,true,1,94625
7290000059624,false,חזה בריסקט מעושן,,,חזה בריסקט מעושן,קילוגרמים,1.00,"ק""ג",true,,119.90,119.9000,true,1,121884
7290000060071,false,אסם חטיפי פריכונים ט,פרח תעשיות,IL,אסם,גרמים,80.00,100 גרם,false,,7.50,0.0938,true,1,90045
7290000060088,false,בייגלה מקלות מלוחים,אסם,IL,אסם,גרמים,400.00,100 גרם,false,,9.90,0.0248,true,1,90046
7290000060200,false,פתיתים אפויים קוסקוס,אסם,IL,אסם,גרמים,500.00,100 גרם,false,,6.90,0.0138,true,1,90049
7290000060217,false,מקרוני 500 גרם,זארה,IT,אסם,גרמים,500.00,100 גרם,false,,5.40,0.0108,true,1,90050
7290000060316,false,פרפקטו ספגטי 3 500 ג,זארה,IT,פרפקטו,גרמים,500.00,100 גרם,false,,6.90,0.0138,true,1,90052
7290000060330,false,פרפקטו ספירלי 500 גר,זארה,IT,פרפקטו,גרמים,500.00,100 גרם,false,,6.90,0.0138,true,1,90054
7290000060408,false,פתיתים אפויים טבעות,אסם,IL,אסם,גרמים,500.00,100 גרם,false,,6.90,0.0138,true,1,90055
7290000060415,false,פרפקטו לזאניה 500 גר,פסטה לנסי,IT,פרפקטו,גרמים,500.00,100 גרם,false,,12.90,0.0258,true,1,90056
7290000060576,false,פתיתים אפויים כוכבים,אסם,IL,אסם,גרמים,500.00,100 גרם,false,,6.90,0.0138,true,1,90059
7290000060781,false,פסטה מסולסלים 500 גר,זארה,IT,אסם,גרמים,500.00,100 גרם,false,,5.40,0.0108,true,1,90060
7290000060828,false,פסטה קרניים בינוניות,זארה,IT,אסם,גרמים,500.00,100 גרם,false,,5.40,0.0108,true,1,90061
7290000060880,false,ספגטי 500 גרם,זארה,IT,אסם,גרמים,500.00,100 גרם,false,,5.40,0.0108,true,1,90064
7290000060903,false,פתיתים אורז 500 גרם,אסם,IL,אסם,גרמים,500.00,100 גרם,false,,6.90,0.0138,true,1,90065
7290000060958,false,אטריות בינוניות 400,אסם,IL,אסם,גרמים,400.00,100 גרם,false,,5.90,0.0148,true,1,90066
7290000060965,false,אטריות רחבות 400 גרם,אסם,IL,אסם,גרמים,400.00,100 גרם,false,,5.90,0.0148,true,1,90067
7290000061061,false,קרקר בצל 250 גרם,אסם,IL,אסם,גרמים,250.00,100 גרם,false,,9.90,0.0396,true,1,90069
7290000061108,false,רוטב טריאקי 290 מל',אסם,IL,אסם,מיליליטרים,290.00,"100 מ""ל",false,,8.90,0.0307,true,1,90071
7290000061214,false,פתיתים קוסקוס עם בצל,אסם,IL,אסם,גרמים,500.00,100 גרם,false,,6.90,0.0138,true,1,90072
7290000061450,false,פתיתים קוסקוס 3 צבעי,אסם,IL,אסם,גרמים,500.00,100 גרם,false,,6.90,0.0138,true,1,90074
7290000061764,false,נס קפה רד מאג 200 גר,נסטלה ספרד קפה,ES,NESCAFE,גרמים,200.00,100 גרם,false,,19.90,0.0995,true,1,90075
7290000062129,false,אסם פודינג אינסטנט ו,אסם,IL,אסם,קילוגרמים,1.00,"ק""ג",false,,23.90,23.9000,true,1,90077
7290000062952,false,מיני קרוטונים למרק ו,עינת תעשיות מזון אגו,IL,אסם,גרמים,250.00,100 גרם,false,,14.90,0.0596,true,1,90080
7290000063102,false,קמח עוגה תופח מאליו,אסם,IL,אסם,גרמים,350.00,100 גרם,false,,4.90,0.0140,true,1,90083
7290000063133,false,שקדי מרק רכיבים טבעי,אסם,IL,אסם,גרמים,100.00,100 גרם,false,,4.90,0.0490,true,1,90084
7290000063140,false,שקדי מרק רכיבים טבעי,אסם,IL,אסם,גרמים,400.00,100 גרם,false,,9.90,0.0248,true,1,90085
7290000063157,false,קמח עוגה תופח מאליו,אסם,IL,אסם,קילוגרמים,1.00,"ק""ג",false,,8.90,8.9000,true,1,90086
7290000064758,false,קוסקוס אמיתי 350 גרם,קוסקוס,IL,אסם,גרמים,350.00,100 גרם,false,,7.50,0.0214,true,1,90092
7290000064871,false,"מנה חמה פירה תפו""א ו",אסם,IL,מנה חמה,גרמים,87.00,100 גרם,false,,4.90,0.0563,true,1,90093
7290000065335,false,מנה חמה פירה וירקות,אסם,IL,מנה חמה,גרמים,55.00,100 גרם,false,,4.90,0.0891,true,1,90095
7290000065557,false,מנה חמה קוסקוס רכיבי,אסם,IL,מנה חמה,גרמים,84.00,100 גרם,false,,4.90,0.0583,true,1,90097
7290000065977,false,אסם חטיפי פריכונים ת,פרח תעשיות,IL,אסם,גרמים,80.00,100 גרם,false,,7.50,0.0938,true,1,90102
7290000066141,false,ביסלי גריל 70 גרם,אסם,IL,ביסלי,גרמים,70.00,100 גרם,false,,3.90,0.0557,true,1,90104
7290000066196,false,ביסלי גריל 200 גרם,אסם,IL,ביסלי,גרמים,200.00,100 גרם,false,,6.90,0.0345,true,1,90109
7290000066295,false,במבה מתוקה מחומרים ט,אסם,IL,במבה,גרמים,30.00,100 גרם,false,,2.50,0.0833,true,1,90114
7290000066318,false,במבה קלאסי 80 גרם,אסם,IL,במבה,גרמים,80.00,100 גרם,false,,3.90,0.0487,true,1,90115
7290000066332,false,אפרופו 50 גרם,אסם,IL,אפרופו,גרמים,50.00,100 גרם,false,,3.90,0.0780,true,1,90116
7290000066349,false,אפרופו 100 גרם,אסם,IL,אפרופו,גרמים,100.00,100 גרם,false,,7.90,0.0790,true,1,90117
7290000066431,false,פופקו חמאה ודבש 80 ג,אסם,IL,פופקו,גרמים,80.00,100 גרם,false,,4.50,0.0563,true,1,90118
7290000067544,false,פירורית פירורי לחם ז,עינת תעשיות מזון אגו,IL,אסם,גרמים,200.00,100 גרם,false,,5.90,0.0295,true,1,90124
7290000067599,false,מנה חמה ספגטי בולונז,אסם,IL,מנה חמה,גרמים,55.00,100 גרם,false,,4.90,0.0891,true,1,90126
7290000067735,false,פרפקטו ניוקי בצקיות,איטלניוקי,IT,פרפקטו,גרמים,500.00,100 גרם,false,,10.90,0.0218,true,1,90127
7290000068138,false,אינסטנט פודינג וניל,אסם,IL,אסם,גרמים,80.00,100 גרם,false,,4.90,0.0613,true,1,90131
7290000068190,false,ג'לי תות שדה צבעים ט,אסם,IL,אסם,גרמים,85.00,100 גרם,false,,5.90,0.0694,true,1,90134
7290000068206,false,ג'לי משמש צבעים טבעי,אסם,IL,אסם,גרמים,85.00,100 גרם,false,,5.90,0.0694,true,1,90135
7290000068237,false,ג'לי פטל צבעים טבעיי,אסם,IL,אסם,גרמים,85.00,100 גרם,false,,5.90,0.0694,true,1,90136
7290000068770,false,במבה יום הולדת 80 גר,אסם,IL,במבה,גרמים,80.00,100 גרם,false,,3.90,0.0487,true,1,90142
7290000068787,false,במבה יום הולדת 25 גר,אסם,IL,במבה,גרמים,25.00,100 גרם,false,,2.00,0.0800,true,1,90143
7290000069258,false,פרפקטו פנה ריגאטה 50,זארה,IT,פרפקטו,גרמים,500.00,100 גרם,false,,6.90,0.0138,true,1,90145
7290000069364,false,אסם פריכונים עגול או,פרח תעשיות,IL,אסם,גרמים,140.00,100 גרם,false,,6.90,0.0493,true,1,90146
7290000069609,false,חטיפי קרקר זעתר 300,אסם,IL,אסם,גרמים,300.00,100 גרם,false,,10.90,0.0363,true,1,90148
7290000069715,false,חטיפי קרקר מלוח 300,אסם,IL,אסם,גרמים,300.00,100 גרם,false,,10.90,0.0363,true,1,90150
7290000070308,false,מרק עוף אמיתי 400 גר,אסם,IL,אסם,גרמים,400.00,100 גרם,false,,16.90,0.0422,true,1,90154
7290000070322,false,אבקת מרק פטריות רכיב,אסם,IL,אסם,גרמים,400.00,100 גרם,false,,23.90,0.0597,true,1,90155
7290000070353,false,אבקת מרק בצל רכיבים,אסם,IL,אסם,גרמים,400.00,100 גרם,false,,23.90,0.0597,true,1,90156
7290000070919,false,בייגלה רשתות מלח 400,אסם,IL,אסם,גרמים,400.00,100 גרם,false,,11.90,0.0298,true,1,90158
7290000071008,false,בייגלה שטוחים מלח 60,אסם,IL,אסם,גרמים,60.00,100 גרם,false,,2.90,0.0483,true,1,90159
7290000072067,false,במבה במילוי קרם חלבה,אסם,IL,במבה,גרמים,60.00,100 גרם,false,,4.90,0.0817,true,1,90160
7290000072241,false,רוטב פיצה 290 מל,אסם,IL,אסם,מיליליטרים,290.00,"100 מ""ל",false,,8.90,0.0307,true,1,90163
7290000072623,false,קטשופ אסם 750 גרם,אסם,IL,אסם,גרמים,750.00,100 גרם,false,,9.90,0.0132,true,1,90165
7290000072630,false,קטשופ חריף 750 גרם,אסם,IL,אסם,גרמים,750.00,100 גרם,false,,12.90,0.0172,true,1,90166
7290000072753,false,טסטר צויס 200 גר',נסטלה קוריאה - קפה,KR,TASTER'S CHOICE,גרמים,200.00,100 גרם,false,,29.90,0.1495,true,1,90168
7290000072777,false,טסטרס צויס נטול קופא,,,טסטרס צויס נטול קופאין 20,גרמים,200.00,100 גרם,false,,35.90,0.1795,true,1,90169
7290000072968,false,סיני מיניס 500 גרם,נסטלה פולין דגני בוק,PL,CINI-MINIS,גרמים,500.00,100 גרם,false,,19.90,0.0398,true,1,90172
7290000073125,false,מ.חמה פסטה עם עגב חר,אסם,IL,מנה חמה,גרמים,62.00,100 גרם,false,,4.90,0.0790,true,1,90173
7290000073415,false,מ.חמה פסטה ברוטב פיצ,אסם,IL,מנה חמה,גרמים,61.00,100 גרם,false,,4.90,0.0803,true,1,90174
7290000073750,false,מ.חמה נודלס טעם עוף,טאי רזידנט,TH,מנה חמה,גרמים,70.00,100 גרם,false,,4.90,0.0700,true,1,90175
7290000073767,false,מ.חמה נודלס טעם בקר,טאי רזידנט,TH,מנה חמה,גרמים,76.00,100 גרם,false,,4.90,0.0645,true,1,90176
7290000073774,false,מ.חמה נודלס טעם צילי,טאי רזידנט,TH,מנה חמה,גרמים,70.00,100 גרם,false,,4.90,0.0700,true,1,90177
7290000074153,false,פתי בר שוקו 500 גרם,אסם,IL,אסם,גרמים,500.00,100 גרם,false,,9.90,0.0198,true,1,90179
7290000074184,false,פתי בר 500 גרם,אסם,IL,אסם,גרמים,500.00,100 גרם,false,,9.90,0.0198,true,1,90180
7290000074245,false,קרם קרקר 250 גרם,אסם,IL,אסם,גרמים,250.00,100 גרם,false,,8.90,0.0356,true,1,90181
7290000074252,false,קרקר שומשום 250 גרם,אסם,IL,אסם,גרמים,250.00,100 גרם,false,,8.90,0.0356,true,1,90182
7290000074276,false,קרקר קלאסי 250 גרם,אסם,IL,אסם,גרמים,250.00,100 גרם,false,,9.90,0.0396,true,1,90183
7290000074375,false,קרקר זהב 150 גרם,אסם,IL,אסם,גרמים,150.00,100 גרם,false,,6.90,0.0460,true,1,90186
7290000074481,false,לחמית אגוזים 160 גרם,אסם,IL,לחמית,גרמים,160.00,100 גרם,false,,9.90,0.0619,true,1,90187
7290000074764,false,קרקר זהב 900 גרם,אסם,IL,אסם,גרמים,900.00,100 גרם,false,,26.90,0.0299,true,1,90192
7290000075204,false,לחמית חיטה מלאה 250,אסם,IL,לחמית,גרמים,250.00,100 גרם,false,,7.90,0.0316,true,1,90195
7290000075693,false,עוגת הבית שמרים בריו,אסם,IL,הבית,גרמים,350.00,100 גרם,false,,14.90,0.0426,true,1,90196
7290000076126,false,בייגלה שמיניות קטנות,אסם,IL,אסם,גרמים,80.00,100 גרם,false,,2.90,0.0362,true,1,90197
7290000076133,false,בייגלה שמיניות קטנות,אסם,IL,אסם,גרמים,400.00,100 גרם,false,,9.90,0.0248,true,1,90198
7290000076645,false,אסם טוסטעים חיטה מלא,ון-דר-מולן,NL,אסם,גרמים,100.00,100 גרם,false,,9.90,0.0990,true,1,90200
7290000077253,false,לחמית כפרית 190 גרם,אסם,IL,לחמית,גרמים,190.00,100 גרם,false,,9.90,0.0521,true,1,90202
7290000077925,false,אסם טוסטעים צנימים ע,ון-דר-מולן,NL,אסם,גרמים,125.00,100 גרם,false,,9.90,0.0792,true,1,90203
7290000078212,false,קרוטונים מתובלים 250,עינת תעשיות מזון אגו,IL,אסם,גרמים,250.00,100 גרם,false,,13.90,0.0556,true,1,90204
7290000078762,false,חטיפי פריכונים אורז,הרטו בלגיה,BE,אסם,גרמים,80.00,100 גרם,false,,7.50,0.0938,true,1,90205
7290000079233,false,קרם קרקר דל נתרן 250,אסם,IL,אסם,גרמים,250.00,100 גרם,false,,9.90,0.0396,true,1,90206
7290000080758,false,אסם טוסטעים 14*100גר,ון-דר-מולן,NL,אסם,גרמים,100.00,100 גרם,false,,9.90,0.0990,true,1,90211
7290000080765,false,אסם טוסטעים עם שומשו,ון-דר-מולן,NL,אסם,גרמים,100.00,100 גרם,false,,9.90,0.0990,true,1,90212
7290000081663,false,בייגלה טבעות שומשום,אסם,IL,אסם,גרמים,300.00,100 גרם,false,,9.90,0.0330,true,1,90214
7290000085159,false,פרורי בסקוויט וניל 2,גטניו אם החיטה,IL,גטניו,גרמים,250.00,100 גרם,false,,5.90,0.0236,true,1,118162
7290000085654,false,לחמניה מאפית 4 יח,,,לחמניה מאפית 4 יח,יח',4.00,יח',false,,13.90,3.4750,true,1,89786
7290000089188,false,פומפידיתא יין אדום מ,אליעז בנימינה,IL,בנימינה,ליטרים,1.00,ליטר,false,,17.90,17.9000,true,1,91819
7290000090580,false,תירס ברביקיו במשקל,,,תירס ברביקיו במשקל,קילוגרמים,1.00,"ק""ג",true,,49.00,49.0000,true,1,120651
7290000090597,false,בוטן קאטאצ'נג במשקל,,,בוטן קאטאצ'נג במשקל,קילוגרמים,1.00,"ק""ג",true,,55.00,55.0000,true,1,120652
7290000090825,false,מנגו טבעי ללא סוכר ב,,,מנגו טבעי ללא סוכר ב,קילוגרמים,1.00,"ק""ג",true,,99.00,99.0000,true,1,120656
7290000090832,false,דובדבן ללא סוכר ברכז,,,דובדבן ללא סוכר ברכז,קילוגרמים,1.00,"ק""ג",true,,110.00,110.0000,true,1,120657
7290000090849,false,בוטנים גרוסים במשקל,,,בוטנים גרוסים במשקל,קילוגרמים,1.00,"ק""ג",true,,35.00,35.0000,true,1,120658
7290000090986,false,לימון פרסי שחור ולבן,,,לימון פרסי שחור ולבן,קילוגרמים,1.00,"ק""ג",true,,70.00,70.0000,true,1,120662
7290000092003,false,גרעין שחור קלוי במלח,,,גרעין שחור קלוי במלח,קילוגרמים,1.00,"ק""ג",true,,29.00,29.0000,true,1,120664
7290000092010,false,גרעין לבן קלוי במשקל,,,גרעין לבן קלוי במשקל,קילוגרמים,1.00,"ק""ג",true,,59.00,59.0000,true,1,120665
7290000092027,false,פקאן קלוף קלוי במשקל,,,פקאן קלוף קלוי במשקל,קילוגרמים,1.00,"ק""ג",true,,110.00,110.0000,true,1,120666
7290000092034,false,קשיו קלוי במשקל,,,קשיו קלוי במשקל,קילוגרמים,1.00,"ק""ג",true,,89.00,89.0000,true,1,120667
7290000092041,false,פיסטוק קלוי במשקל,,,פיסטוק קלוי במשקל,קילוגרמים,1.00,"ק""ג",true,,89.00,89.0000,true,1,120668
7290000092058,false,פיסטוק אפגני קלוי במ,,,פיסטוק אפגני קלוי במ,קילוגרמים,1.00,"ק""ג",true,,89.00,89.0000,true,1,120669
7290000092065,false,גרעין אבטיח קלוי במש,,,גרעין אבטיח קלוי במש,קילוגרמים,1.00,"ק""ג",true,,59.00,59.0000,true,1,120670
7290000092072,false,בוטן קלוי במשקל,,,בוטן קלוי במשקל,קילוגרמים,1.00,"ק""ג",true,,39.00,39.0000,true,1,120671
7290000092089,false,בוטן קלוי ללא מלח במ,,,בוטן קלוי ללא מלח במ,קילוגרמים,1.00,"ק""ג",true,,39.00,39.0000,true,1,120672
7290000092096,false,בוטן קלוי בקליפה במש,,,בוטן קלוי בקליפה במש,קילוגרמים,1.00,"ק""ג",true,,35.00,35.0000,true,1,120673
7290000092102,false,שקד קלוי במשקל,,,שקד קלוי במשקל,קילוגרמים,1.00,"ק""ג",true,,89.00,89.0000,true,1,120674
7290000092133,false,בונדוק קלוי במשקל,,,בונדוק קלוי במשקל,קילוגרמים,1.00,"ק""ג",true,,89.00,89.0000,true,1,120676
7290000092140,false,חומוס קלוי במשקל,,,חומוס קלוי במשקל,קילוגרמים,1.00,"ק""ג",true,,39.00,39.0000,true,1,120677
7290000092157,false,אגוזי מלך קלופים פרי,,,אגוזי מלך קלופים פרי,קילוגרמים,1.00,"ק""ג",true,,64.90,64.9000,true,1,120678
7290000092164,false,שקד טבעי במשקל,,,שקד טבעי במשקל,קילוגרמים,1.00,"ק""ג",true,,69.00,69.0000,true,1,120679
7290000092171,false,פקאן טבעי במשקל,,,פקאן טבעי במשקל,קילוגרמים,1.00,"ק""ג",true,,95.00,95.0000,true,1,120680
7290000092188,false,קשיו טבעי במשקל,,,קשיו טבעי במשקל,קילוגרמים,1.00,"ק""ג",true,,79.00,79.0000,true,1,120681
7290000092195,false,אגוז ברזיל טבעי במשק,,,אגוז ברזיל טבעי במשק,קילוגרמים,1.00,"ק""ג",true,,89.00,89.0000,true,1,120682
7290000092201,false,מקדמיה טבעי במשקל,,,מקדמיה טבעי במשקל,קילוגרמים,1.00,"ק""ג",true,,150.00,150.0000,true,1,120683
7290000092218,false,משמש מיובש במשקל,,,משמש מיובש במשקל,קילוגרמים,1.00,"ק""ג",true,,53.00,53.0000,true,1,120930
7290000092225,false,שזיף מגולען מיובש במ,,,שזיף מגולען מיובש במ,קילוגרמים,1.00,"ק""ג",true,,45.00,45.0000,true,1,120934
7290000092232,false,צימוק בהיר גדול במשק,,,צימוק בהיר גדול במשק,קילוגרמים,1.00,"ק""ג",true,,39.00,39.0000,true,1,120684
7290000092249,false,צימוק כהה במשקל,,,צימוק כהה במשקל,קילוגרמים,1.00,"ק""ג",true,,29.00,29.0000,true,1,120685
7290000092256,false,אננס טבעי מיובש במשק,,,אננס טבעי מיובש במשק,קילוגרמים,1.00,"ק""ג",true,,89.00,89.0000,true,1,120686
7290000092263,false,חמוציות ללא סוכר במש,,,חמוציות ללא סוכר במש,קילוגרמים,1.00,"ק""ג",true,,49.00,49.0000,true,1,120687
7290000092270,false,צנובר טבעי במשקל,,,צנובר טבעי במשקל,קילוגרמים,1.00,"ק""ג",true,,180.00,180.0000,true,1,120688
7290000092287,false,תמר מג'הול ענק במשקל,,,תמר מג'הול ענק במשקל,קילוגרמים,1.00,"ק""ג",true,,54.90,54.9000,true,1,120689
7290000092294,false,שקד מולבן משובב במשק,,,שקד מולבן משובב במשק,קילוגרמים,1.00,"ק""ג",true,,79.00,79.0000,true,1,120690
7290000092300,false,שקד מולבן פרוס במשקל,,,שקד מולבן פרוס במשקל,קילוגרמים,1.00,"ק""ג",true,,79.00,79.0000,true,1,120691
7290000092317,false,שקד מולבן חצוי במשקל,,,שקד מולבן חצוי במשקל,קילוגרמים,1.00,"ק""ג",true,,79.00,79.0000,true,1,120692
7290000092324,false,שקד מולבן שלם במשקל,,,שקד מולבן שלם במשקל,קילוגרמים,1.00,"ק""ג",true,,79.00,79.0000,true,1,120693
7290000092331,false,גרעיני דלעת קלופים ב,,,גרעיני דלעת קלופים ב,קילוגרמים,1.00,"ק""ג",true,,39.00,39.0000,true,1,120694
7290000092355,false,פקאן סיני במשקל,,,פקאן סיני במשקל,קילוגרמים,1.00,"ק""ג",true,,99.00,99.0000,true,1,120695
7290000092362,false,קבוקים במשקל,,,קבוקים במשקל,קילוגרמים,1.00,"ק""ג",true,,25.00,25.0000,true,1,120696
7290000092379,false,בוטנים אמריקאיים במש,,,בוטנים אמריקאיים במש,קילוגרמים,1.00,"ק""ג",true,,28.00,28.0000,true,1,120697
7290000092386,false,רביולי במשקל,,,רביולי במשקל,קילוגרמים,1.00,"ק""ג",true,,65.00,65.0000,true,1,120698
7290000092393,false,מאנצס במשקל,,,מאנצס במשקל,קילוגרמים,1.00,"ק""ג",true,,59.00,59.0000,true,1,120699
7290000092409,false,תאילנדי סושי במשקל,,,תאילנדי סושי במשקל,קילוגרמים,1.00,"ק""ג",true,,65.00,65.0000,true,1,120700
7290000092423,false,חטיף אפונה במשקל,,,חטיף אפונה במשקל,קילוגרמים,1.00,"ק""ג",true,,39.00,39.0000,true,1,120701
7290000092447,false,חטיף פול במשקל,,,חטיף פול במשקל,קילוגרמים,1.00,"ק""ג",true,,49.00,49.0000,true,1,120702
7290000092454,false,תירס קלוי במשקל,,,תירס קלוי במשקל,קילוגרמים,1.00,"ק""ג",true,,49.00,49.0000,true,1,120703
7290000092461,false,פיצוחים מצופים במשקל,,,פיצוחים מצופים במשקל,קילוגרמים,1.00,"ק""ג",true,,99.00,99.0000,true,1,120704
7290000092478,false,קשיוקו במשקל,,,קשיוקו במשקל,קילוגרמים,1.00,"ק""ג",true,,89.00,89.0000,true,1,120705
7290000092515,false,פיסטוק טבעי קלוף במש,,,פיסטוק טבעי קלוף במש,קילוגרמים,1.00,"ק""ג",true,,130.00,130.0000,true,1,120706
7290000092553,false,פפריקה חריפה במשקל,,,פפריקה חריפה במשקל,קילוגרמים,1.00,"ק""ג",true,,40.00,40.0000,true,1,120708
7290000092560,false,פפריקה חריפה בשמן במ,,,פפריקה חריפה בשמן במ,קילוגרמים,1.00,"ק""ג",true,,40.00,40.0000,true,1,120709
7290000092577,false,פפריקה מתוקה במשקל,,,פפריקה מתוקה במשקל,קילוגרמים,1.00,"ק""ג",true,,40.00,40.0000,true,1,120710
7290000092584,false,פפריקה מתוקה בשמן במ,,,פפריקה מתוקה בשמן במ,קילוגרמים,1.00,"ק""ג",true,,40.00,40.0000,true,1,120711
7290000092591,false,פלפל חריף שלם במשקל,,,פלפל חריף שלם במשקל,קילוגרמים,1.00,"ק""ג",true,,50.00,50.0000,true,1,120712
7290000092607,false,פלפל מתוק שלם במשקל,,,פלפל מתוק שלם במשקל,קילוגרמים,1.00,"ק""ג",true,,50.00,50.0000,true,1,120713
7290000092645,false,כוסברה גרגירים במשקל,,,כוסברה גרגירים במשקל,קילוגרמים,1.00,"ק""ג",true,,50.00,50.0000,true,1,120717
7290000092652,false,כמון שלם במשקל,,,כמון שלם במשקל,קילוגרמים,1.00,"ק""ג",true,,50.00,50.0000,true,1,120718
7290000092690,false,פלפל אנגלי שלם במשקל,,,פלפל אנגלי שלם במשקל,קילוגרמים,1.00,"ק""ג",true,,60.00,60.0000,true,1,120722
7290000092706,false,פלפל חריף גרוס במשקל,,,פלפל חריף גרוס במשקל,קילוגרמים,1.00,"ק""ג",true,,60.00,60.0000,true,1,120723
7290000092720,false,פפריקה מעושנת במשקל,,,פפריקה מעושנת במשקל,קילוגרמים,1.00,"ק""ג",true,,50.00,50.0000,true,1,120725
7290000092737,false,קימל שלם במשקל,,,קימל שלם במשקל,קילוגרמים,1.00,"ק""ג",true,,50.00,50.0000,true,1,120726
7290000092744,false,קצח במשקל,,,קצח במשקל,קילוגרמים,1.00,"ק""ג",true,,50.00,50.0000,true,1,120727
7290000092768,false,בהרט עמבה במשקל,,,בהרט עמבה במשקל,קילוגרמים,1.00,"ק""ג",true,,60.00,60.0000,true,1,120729
7290000092782,false,גריל עוף במשקל,,,גריל עוף במשקל,קילוגרמים,1.00,"ק""ג",true,,70.00,70.0000,true,1,120731
7290000092812,false,כורכום טחון במשקל,,,כורכום טחון במשקל,קילוגרמים,1.00,"ק""ג",true,,60.00,60.0000,true,1,120734
7290000092829,false,כמון טחון במשקל,,,כמון טחון במשקל,קילוגרמים,1.00,"ק""ג",true,,60.00,60.0000,true,1,120735
7290000092843,false,קארי הודי במשקל,,,קארי הודי במשקל,קילוגרמים,1.00,"ק""ג",true,,60.00,60.0000,true,1,120737
7290000092867,false,קימל טחון במשקל,,,קימל טחון במשקל,קילוגרמים,1.00,"ק""ג",true,,60.00,60.0000,true,1,120739
7290000092874,false,תבלין לדג במשקל,,,תבלין לדג במשקל,קילוגרמים,1.00,"ק""ג",true,,60.00,60.0000,true,1,120740
7290000092881,false,תבלין לפיצה במשקל,,,תבלין לפיצה במשקל,קילוגרמים,1.00,"ק""ג",true,,60.00,60.0000,true,1,120741
7290000092898,false,זנגביל טחון במשקל,,,זנגביל טחון במשקל,קילוגרמים,1.00,"ק""ג",true,,70.00,70.0000,true,1,120742
7290000092911,false,תערובת למג'דרה במשקל,,,תערובת למג'דרה במשקל,קילוגרמים,1.00,"ק""ג",true,,70.00,70.0000,true,1,120743
7290000092935,false,פילדלפיה במשקל,,,פילדלפיה במשקל,קילוגרמים,1.00,"ק""ג",true,,70.00,70.0000,true,1,120745
7290000092966,false,תבלין לשווארמה במשקל,,,תבלין לשווארמה במשקל,קילוגרמים,1.00,"ק""ג",true,,70.00,70.0000,true,1,120748
7290000092980,false,אורגנו במשקל,,,אורגנו במשקל,קילוגרמים,1.00,"ק""ג",true,,40.00,40.0000,true,1,120750
7290000093024,false,פלפל שחור טחון במשקל,,,פלפל שחור טחון במשקל,קילוגרמים,1.00,"ק""ג",true,,80.00,80.0000,true,1,120754
7290000093109,false,פלפל שחור גרוס במשקל,,,פלפל שחור גרוס במשקל,קילוגרמים,1.00,"ק""ג",true,,80.00,80.0000,true,1,120762
7290000093116,false,קפה לבן במשקל,,,קפה לבן במשקל,קילוגרמים,1.00,"ק""ג",true,,100.00,100.0000,true,1,120763
7290000093123,false,בהרט לקובה במשקל,,,בהרט לקובה במשקל,קילוגרמים,1.00,"ק""ג",true,,100.00,100.0000,true,1,120764
7290000093147,false,ראס אל חנות במשקל,,,ראס אל חנות במשקל,קילוגרמים,1.00,"ק""ג",true,,100.00,100.0000,true,1,120766
7290000093154,false,פלפל לבן במשקל,,,פלפל לבן במשקל,קילוגרמים,1.00,"ק""ג",true,,100.00,100.0000,true,1,120767
7290000093185,false,ציפורן שלם במשקל,,,ציפורן שלם במשקל,קילוגרמים,1.00,"ק""ג",true,,130.00,130.0000,true,1,120770
7290000093192,false,מוסקט טחון במשקל,,,מוסקט טחון במשקל,קילוגרמים,1.00,"ק""ג",true,,190.00,190.0000,true,1,120771
7290000093253,false,בהרט לקציצות במשקל,,,בהרט לקציצות במשקל,קילוגרמים,1.00,"ק""ג",true,,100.00,100.0000,true,1,120773
7290000093277,false,הל טחון במשקל,,,הל טחון במשקל,קילוגרמים,1.00,"ק""ג",true,,199.00,199.0000,true,1,120775
7290000093284,false,הל שלם במשקל,,,הל שלם במשקל,קילוגרמים,1.00,"ק""ג",true,,199.00,199.0000,true,1,120776
7290000093314,false,חילבה טחונה במשקל,,,חילבה טחונה במשקל,קילוגרמים,1.00,"ק""ג",true,,30.00,30.0000,true,1,120778
7290000093338,false,בצל מטוגן במשקל,,,בצל מטוגן במשקל,קילוגרמים,1.00,"ק""ג",true,,50.00,50.0000,true,1,120780
7290000093352,false,סומק במשקל,,,סומק במשקל,קילוגרמים,1.00,"ק""ג",true,,55.00,55.0000,true,1,120782
7290000093369,false,קינמון טחון במשקל,,,קינמון טחון במשקל,קילוגרמים,1.00,"ק""ג",true,,60.00,60.0000,true,1,120783
7290000093383,false,תערובת לאורז אושפלו,,,תערובת לאורז אושפלו,קילוגרמים,1.00,"ק""ג",true,,90.00,90.0000,true,1,120785
7290000093406,false,זעתר מוכן במשקל,,,זעתר מוכן במשקל,קילוגרמים,1.00,"ק""ג",true,,90.00,90.0000,true,1,120787
7290000093413,false,תערובת לאורז פרסי יר,,,תערובת לאורז פרסי יר,קילוגרמים,1.00,"ק""ג",true,,90.00,90.0000,true,1,120788
7290000093444,false,תערובת לאורז עיראקי,,,תערובת לאורז עיראקי,קילוגרמים,1.00,"ק""ג",true,,90.00,90.0000,true,1,120791
7290000093468,false,תוספת לאורז במשקל,,,תוספת לאורז במשקל,קילוגרמים,1.00,"ק""ג",true,,90.00,90.0000,true,1,120793
7290000093475,false,חוויא'ג מרק במשקל,,,חוויא'ג מרק במשקל,קילוגרמים,1.00,"ק""ג",true,,90.00,90.0000,true,1,120794
7290000093499,false,שומשום לבן במשקל,,,שומשום לבן במשקל,קילוגרמים,1.00,"ק""ג",true,,25.00,25.0000,true,1,120796
7290000093505,false,גרעיני חמניה קלופים,,,גרעיני חמניה קלופים,קילוגרמים,1.00,"ק""ג",true,,25.00,25.0000,true,1,120797
7290000093512,false,פופקורן מוכן,,,פופקורן מוכן,יחידה,0.00,יחידה,false,,5.00,0.0000,true,1,120798
7290000093529,false,סוכריות גומי במשקל,,,סוכריות גומי במשקל,קילוגרמים,1.00,"ק""ג",true,,39.00,39.0000,true,1,120799
7290000093536,false,גרעין שחור קלוי ללא,,,גרעין שחור קלוי ללא,קילוגרמים,1.00,"ק""ג",true,,29.00,29.0000,true,1,120800
7290000093543,false,מעורב קלוי עם מלח,,,מעורב קלוי עם מלח,קילוגרמים,1.00,"ק""ג",true,,89.00,89.0000,true,1,120801
7290000093550,false,תאנים מיובשות במשקל,,,תאנים מיובשות במשקל,קילוגרמים,1.00,"ק""ג",true,,49.00,49.0000,true,1,120802
7290000093581,false,קוקוס רצועות מיובש ב,,,קוקוס רצועות מיובש ב,קילוגרמים,1.00,"ק""ג",true,,69.00,69.0000,true,1,120805
7290000093628,false,לקט ירקות,,,לקט ירקות,קילוגרמים,1.00,"ק""ג",true,,120.00,120.0000,true,1,120808
7290000093635,false,מנגו מיובש במשקל,,,מנגו מיובש במשקל,קילוגרמים,1.00,"ק""ג",true,,79.00,79.0000,true,1,120809
7290000093642,false,תערובת בריאות במשקל,,,תערובת בריאות במשקל,קילוגרמים,1.00,"ק""ג",true,,89.00,89.0000,true,1,120810
7290000093659,false,גרעיני מלון קלוי במש,,,גרעיני מלון קלוי במש,קילוגרמים,1.00,"ק""ג",true,,49.00,49.0000,true,1,120811
7290000093680,false,צימוק בהיר קטן במשקל,,,צימוק בהיר קטן במשקל,קילוגרמים,1.00,"ק""ג",true,,39.00,39.0000,true,1,120813
7290000093697,false,חמוציות עם סוכר במשק,,,חמוציות עם סוכר במשק,קילוגרמים,1.00,"ק""ג",true,,39.00,39.0000,true,1,120814
7290000093703,false,בוטנים טבעי במשקל,,,בוטנים טבעי במשקל,קילוגרמים,1.00,"ק""ג",true,,29.00,29.0000,true,1,120815
7290000093710,false,פישתן במשקל,,,פישתן במשקל,קילוגרמים,1.00,"ק""ג",true,,14.00,14.0000,true,1,120816
7290000093727,false,בונדוק טבעי במשקל,,,בונדוק טבעי במשקל,קילוגרמים,1.00,"ק""ג",true,,79.00,79.0000,true,1,120817
7290000093741,false,חטיף ריזוטו במשקל,,,חטיף ריזוטו במשקל,קילוגרמים,1.00,"ק""ג",true,,69.00,69.0000,true,1,120818
7290000093758,false,קשיו שקד מעושן,,,קשיו שקד מעושן,קילוגרמים,1.00,"ק""ג",true,,99.00,99.0000,true,1,120819
7290000093772,false,אפונה וואסבי במשקל,,,אפונה וואסבי במשקל,קילוגרמים,1.00,"ק""ג",true,,49.00,49.0000,true,1,120820
7290000093789,false,חטיף פפריקה טוויסט ב,,,חטיף פפריקה טוויסט ב,קילוגרמים,1.00,"ק""ג",true,,69.00,69.0000,true,1,120821
7290000093802,false,אננס מסוכר במשקל,,,אננס מסוכר במשקל,קילוגרמים,1.00,"ק""ג",true,,49.00,49.0000,true,1,120822
7290000093833,false,בוטנים מסוכרים במשקל,,,בוטנים מסוכרים במשקל,קילוגרמים,1.00,"ק""ג",true,,49.00,49.0000,true,1,120824
7290000093840,false,תמר עם אגוז במשקל,,,תמר עם אגוז במשקל,קילוגרמים,1.00,"ק""ג",true,,69.00,69.0000,true,1,120825
7290000093864,false,זרעי צ'יה במשקל,,,זרעי צ'יה במשקל,קילוגרמים,1.00,"ק""ג",true,,39.00,39.0000,true,1,120827
7290000093871,false,פרג במשקל,,,פרג במשקל,קילוגרמים,1.00,"ק""ג",true,,40.00,40.0000,true,1,120828
7290000093888,false,עלי דפנה 20 גרם,,,עלי דפנה 20 גרם,יחידה,0.00,יחידה,false,,3.00,0.0000,true,1,120829
7290000093895,false,"תפו""ע מיובש במשקל",,,"תפו""ע מיובש במשקל",קילוגרמים,1.00,"ק""ג",true,,49.00,49.0000,true,1,120830
7290000093901,false,מקדמיה קלוי במשקל,,,מקדמיה קלוי במשקל,קילוגרמים,1.00,"ק""ג",true,,159.00,159.0000,true,1,120831
7290000093956,false,ג'ינג'ר דל סוכר במשק,,,ג'ינג'ר דל סוכר במשק,קילוגרמים,1.00,"ק""ג",true,,49.00,49.0000,true,1,120836
7290000093963,false,בננה צ'יפס במשקל,,,בננה צ'יפס במשקל,קילוגרמים,1.00,"ק""ג",true,,39.00,39.0000,true,1,120837
7290000093994,false,זיתי קלמטה עם חרצן ג,,,זיתי קלמטה עם חרצן ג,קילוגרמים,1.00,"ק""ג",true,,49.00,49.0000,true,1,120891
7290000094014,false,מיקס זיתים ירוק  שחו,,,מיקס זיתים ירוק  שחו,קילוגרמים,1.00,"ק""ג",true,,49.00,49.0000,true,1,120893
7290000094021,false,זית ירוק מבוקע במשקל,,,זית ירוק מבוקע במשקל,קילוגרמים,1.00,"ק""ג",true,,45.00,45.0000,true,1,120894
7290000094038,false,זיתי טסוס במשקל,,,זיתי טסוס במשקל,קילוגרמים,1.00,"ק""ג",true,,49.00,49.0000,true,1,120895
7290000094052,false,מיאסי תירס במשקל,,,מיאסי תירס במשקל,קילוגרמים,1.00,"ק""ג",true,,69.00,69.0000,true,1,120839
7290000094069,false,קריספי סויה במשקל,,,קריספי סויה במשקל,קילוגרמים,1.00,"ק""ג",true,,89.00,89.0000,true,1,120840
7290000094076,false,אלמנדוס במשקל,,,אלמנדוס במשקל,קילוגרמים,1.00,"ק""ג",true,,59.00,59.0000,true,1,120841
7290000094106,false,מלח לימון במשקל,,,מלח לימון במשקל,קילוגרמים,1.00,"ק""ג",true,,29.00,29.0000,true,1,120842
7290000094113,false,סודה לשתיה במשקל,,,סודה לשתיה במשקל,קילוגרמים,1.00,"ק""ג",true,,25.00,25.0000,true,1,120843
7290000094427,false,חטיף פלפל שחור במשקל,,,חטיף פלפל שחור במשקל,קילוגרמים,1.00,"ק""ג",true,,65.00,65.0000,true,1,120844
7290000095509,false,זית ענק ירוק מגולען,,,זית ענק ירוק מגולען,קילוגרמים,1.00,"ק""ג",true,,49.00,49.0000,true,1,120898
7290000095516,false,זית ענק ירוק שלם במש,,,זית ענק ירוק שלם במש,קילוגרמים,1.00,"ק""ג",true,,45.00,45.0000,true,1,120899
7290000095653,false,שומשום מלא במשקל,,,שומשום מלא במשקל,קילוגרמים,1.00,"ק""ג",true,,29.00,29.0000,true,1,120860
7290000096209,false,גרעיני אבטיח מחבת במ,,,גרעיני אבטיח מחבת במ,קילוגרמים,1.00,"ק""ג",true,,59.00,59.0000,true,1,120863
7290000096292,false,אבקת שום במשקל,,,אבקת שום במשקל,קילוגרמים,1.00,"ק""ג",true,,50.00,50.0000,true,1,120867
7290000097961,false,חמוציות שלמות ללא סו,,,חמוציות שלמות ללא סו,קילוגרמים,1.00,"ק""ג",true,,79.00,79.0000,true,1,120870
7290000097992,false,קוקוס טחון במשקל,,,קוקוס טחון במשקל,קילוגרמים,1.00,"ק""ג",true,,29.00,29.0000,true,1,120872
7290000098098,false,תבלין לשקשוקה במשקל,,,תבלין לשקשוקה במשקל,קילוגרמים,1.00,"ק""ג",true,,80.00,80.0000,true,1,120875
7290000098104,false,שיפקונית במשקל,,,שיפקונית במשקל,קילוגרמים,1.00,"ק""ג",true,,45.00,45.0000,true,1,120901
7290000098241,false,מיקס אוסטרלי במשקל,,,מיקס אוסטרלי במשקל,קילוגרמים,1.00,"ק""ג",true,,85.00,85.0000,true,1,120881
7290000098289,false,צנצנת תבלינים מרובעת,,,צנצנת תבלינים מרובעת,יחידה,0.00,יחידה,false,,3.90,0.0000,true,1,120882
7290000100029,false,פתיתי כרובית 800 גרם,"סנפרוסט בע""מ",IL,סנפרוסט,גרמים,800.00,100 גרם,false,,19.90,0.0249,true,1,95048
7290000100036,false,פתיתי ברוקולי 800 גר,"סנפרוסט בע""מ",IL,סנפרוסט,גרמים,800.00,100 גרם,false,,19.90,0.0249,true,1,95049
7290000100128,false,תות מוקפא 300 גרם,"סנפרוסט בע""מ",IL,סנפרוסט,גרמים,300.00,100 גרם,false,,12.90,0.0430,true,1,95050
7290000100135,false,דובדבן מוקפא 300 גרם,"סנפרוסט בע""מ",IL,סנפרוסט,גרמים,300.00,100 גרם,false,,12.90,0.0430,true,1,95051
7290000100272,false,כרובית סנפרוסט 600 ג,"סנפרוסט בע""מ",IL,סנפרוסט,גרמים,600.00,100 גרם,false,,29.90,0.0498,true,1,106351
7290000100593,false,פרוסות אנטיפסטי לתנו,"סנפרוסט בע""מ",IL,סנפרוסט,גרמים,600.00,100 גרם,false,,22.90,0.0382,true,1,112256
7290000100609,false,קוביות אנטיפסטי להקפ,"סנפרוסט בע""מ",IL,סנפרוסט,גרמים,600.00,100 גרם,false,,22.90,0.0382,true,1,112257
7290000101043,false,פטריות שמפניון,סודות המזרח,IL,פטריות שמפניון,00000000000000000000,0.00,00000000000000000000,false,,8.90,0.0000,true,1,36573
7290000101114,false,תרומה לבית אלמוג שיל,,,תרומה לבית אלמוג שיל,יח',1.00,יח',false,,10.00,10.0000,true,1,66531
7290000101132,false,לקט לחמין 800 גרם,"סנפרוסט בע""מ",IL,סנפרוסט,גרמים,800.00,100 גרם,false,,21.90,0.0274,true,1,92880
7290000101927,false,אוכמניות כחולות מוקפ,"סנפרוסט בע""מ",IL,סנפרוסט,גרמים,300.00,100 גרם,false,,12.90,0.0430,true,1,92883
7290000101934,false,מיקס פירות יער מוקפא,"סנפרוסט בע""מ",IL,סנפרוסט,גרמים,300.00,100 גרם,false,,12.90,0.0430,true,1,92884
7290000101941,false,אננס מוקפא 300 גרם,"סנפרוסט בע""מ",IL,סנפרוסט,גרמים,300.00,100 גרם,false,,12.90,0.0430,true,1,92885
7290000101958,false,מנגו מוקפא 300 גרם,"סנפרוסט בע""מ",IL,סנפרוסט,גרמים,300.00,100 גרם,false,,12.90,0.0430,true,1,92886
7290000103433,false,*מבצע* לקט ירקות לתנ,"סנפרוסט בע""מ",IL,סנפרוסט,גרמים,800.00,100 גרם,false,,16.90,0.0211,true,1,92889
7290000103457,false,מיני כרובית,"סנפרוסט בע""מ",IL,סנפרוסט,גרמים,600.00,100 גרם,false,,15.90,0.0265,true,1,92890
7290000103471,false,מיני ברוקולי 600ג,"סנפרוסט בע""מ",IL,סנפרוסט,גרמים,600.00,100 גרם,false,,15.90,0.0265,true,1,92891
7290000103815,false,לקט להקפצה בסגנון,"סנפרוסט בע""מ",IL,סנפרוסט,גרמים,800.00,100 גרם,false,,22.90,0.0286,true,1,92896
7290000103877,false,מרק שעועית סנפרוסט 6,"סנפרוסט בע""מ",IL,סנפרוסט,גרמים,640.00,100 גרם,false,,16.90,0.0264,true,1,92899
7290000104072,false,עדשים ירוקות סנפרוסט,"סנפרוסט בע""מ",IL,סנפרוסט,גרמים,800.00,100 גרם,false,,19.90,0.0249,true,1,92900
7290000104188,false,שעועית אדומה סנפרוסט,"סנפרוסט בע""מ",IL,סנפרוסט,גרמים,800.00,100 גרם,false,,18.90,0.0236,true,1,95061
7290000104201,false,אפונה עדינה סנפרוסט,"סנפרוסט בע""מ",IL,סנפרוסט,גרמים,600.00,100 גרם,false,,16.90,0.0282,true,1,92901
7290000104218,false,במיה קפואה סנפרוסט,"סנפרוסט בע""מ",IL,סנפרוסט,גרמים,600.00,100 גרם,false,,15.90,0.0265,true,1,92902
7290000104676,false,אפונה סנפרוסט,"סנפרוסט בע""מ",IL,סנפרוסט,גרמים,800.00,100 גרם,false,,14.90,0.0186,true,1,92905
7290000104683,false,שעועית שלמה סנפרוסט,"סנפרוסט בע""מ",IL,סנפרוסט,גרמים,800.00,100 גרם,false,,19.90,0.0249,true,1,92906
7290000104690,false,תירס קפוא,"סנפרוסט בע""מ",IL,סנפרוסט,גרמים,800.00,100 גרם,false,,17.90,0.0224,true,1,92907
7290000104706,false,גזר גמדי 800 גרם,"סנפרוסט בע""מ",IL,סנפרוסט,גרמים,800.00,100 גרם,false,,16.90,0.0211,true,1,92908
7290000104713,false,*מבצע* פול ירוק 800,"סנפרוסט בע""מ",IL,סנפרוסט,גרמים,800.00,100 גרם,false,,20.90,0.0261,true,1,92909
7290000104720,false,שעועית ירוקה חתוכה ס,"סנפרוסט בע""מ",IL,סנפרוסט,גרמים,800.00,100 גרם,false,,17.90,0.0224,true,1,92910
7290000104737,false,שעועית צהובה חתוכה,"סנפרוסט בע""מ",IL,סנפרוסט,גרמים,800.00,100 גרם,false,,17.90,0.0224,true,1,92911
7290000104744,false,כרובית סנפרוסט,"סנפרוסט בע""מ",IL,סנפרוסט,גרמים,800.00,100 גרם,false,,23.90,0.0299,true,1,92912
7290000104751,false,*מבצע* כרוב ניצנים ס,"סנפרוסט בע""מ",IL,סנפרוסט,גרמים,800.00,100 גרם,false,,16.90,0.0211,true,1,92913
7290000104768,false,*מבצע* תרד עלים 800,"סנפרוסט בע""מ",IL,סנפרוסט,גרמים,800.00,100 גרם,false,,19.90,0.0249,true,1,92914
7290000104775,false,תרד מדליונים,"סנפרוסט בע""מ",IL,סנפרוסט,גרמים,800.00,100 גרם,false,,23.90,0.0299,true,1,92915
7290000104799,false,*מבצע* שעועית לבנה ס,"סנפרוסט בע""מ",IL,סנפרוסט,גרמים,800.00,100 גרם,false,,14.90,0.0186,true,1,92916
7290000104805,false,גרגירי חומוס,"סנפרוסט בע""מ",IL,סנפרוסט,גרמים,800.00,100 גרם,false,,18.90,0.0236,true,1,92917
7290000104829,false,תירס קלחונים,"סנפרוסט בע""מ",IL,סנפרוסט,קילוגרמים,1.00,"ק""ג",false,,19.90,19.9000,true,1,92918
7290000104836,false,שעועית עדינה ירוקה,"סנפרוסט בע""מ",IL,סנפרוסט,גרמים,600.00,100 גרם,false,,19.90,0.0332,true,1,92919
7290000104881,false,אפונה וגזר 800 גר,"סנפרוסט בע""מ",IL,סנפרוסט,גרמים,800.00,100 גרם,false,,14.90,0.0186,true,1,92921
7290000104911,false,*מבצע* לקט נורמנדי 8,"סנפרוסט בע""מ",IL,סנפרוסט,גרמים,800.00,100 גרם,false,,16.90,0.0211,true,1,92923
7290000107189,false,תחתיות ארטישוק 400 ג,"סנפרוסט בע""מ",IL,סנפרוסט,גרמים,400.00,100 גרם,false,,20.90,0.0522,true,1,92925
7290000107295,false,ברוקולי תפרחת 800 גר,"סנפרוסט בע""מ",IL,סנפרוסט,גרמים,800.00,100 גרם,false,,24.90,0.0311,true,1,92926
7290000111063,false,מיונז תלמה 250גר' 12,אתר חיפה ממרחים - Fo,IL,TELMA,גרמים,250.00,100 גרם,false,,6.50,0.0260,true,1,56932
7290000111186,false,מיונז תלמה 500גר ***,אתר חיפה ממרחים - Fo,IL,TELMA,גרמים,500.00,100 גרם,false,,8.90,0.0178,true,1,56938
7290000111224,false,פאל מאל כחול בודד,BAT,TR,פאל מאל,יח',20.00,יח',false,,29.60,1.4800,true,1,109038
7290000111229,false,נקסט אורגינל בודד,פיליפ מוריס,TR,NEXT,יח',20.00,יח',false,,29.60,1.4800,true,1,109043
7290000111230,false,נקסט פיין טייסט בודד,פיליפ מוריס,TR,NEXT,יח',20.00,יח',false,,29.60,1.4800,true,1,109044
7290000111231,false,נקסט פיין טייסט 100,פיליפ מוריס,TR,NEXT,יח',20.00,יח',false,,29.60,1.4800,true,1,109045
7290000111233,false,נקסט ריסס קצר בודד,פיליפ מוריס,TR,NEXT,יח',20.00,יח',false,,29.60,1.4800,true,1,109047
7290000111234,false,נקסט ריסס ארוך בודד,פיליפ מוריס,TR,NEXT,יח',20.00,יח',false,,29.60,1.4800,true,1,109048
7290000111235,false,מרלבורו גולד קצר בוד,פיליפ מוריס,TR,Marlboro,יח',20.00,יח',false,,35.10,1.7550,true,1,109049
7290000111236,false,מרלבורו רד קצר בודד,פיליפ מוריס,TR,Marlboro,יח',20.00,יח',false,,35.10,1.7550,true,1,109050
7290000111239,false,מרלבורו גולד 100 בוד,פיליפ מוריס,TR,Marlboro,יח',20.00,יח',false,,35.10,1.7550,true,1,109053
7290000111241,false,וינסטון כחול בודד,JTI,CH,winston,יח',20.00,יח',false,,32.90,1.6450,true,1,109055
7290000111244,false,וינסטון קוד בודד,JTI,CH,winston,יח',20.00,יח',false,,30.70,1.5350,true,1,109058
7290000111246,false,ל.מ בלו קצר,פיליפ מוריס,TR,l&m,יח',20.00,יח',false,,30.70,1.5350,true,1,109060
7290000111247,false,ל.מ רד קצר בודד,פיליפ מוריס,TR,l&m,יח',20.00,יח',false,,30.70,1.5350,true,1,109061
7290000111248,false,ל.מ בלו ארוך בודד,פיליפ מוריס,TR,l&m,יח',20.00,יח',false,,30.70,1.5350,true,1,109062
7290000111250,false,פרלמנט קצר בלו בודד,פיליפ מוריס,TR,Parliament,יח',20.00,יח',false,,40.60,2.0300,true,1,109064
7290000111251,false,פרלמנט בלו ארוך בודד,פיליפ מוריס,TR,Parliament,יח',20.00,יח',false,,40.60,2.0300,true,1,109065
7290000111252,false,פרלמנט קצר בודד,פיליפ מוריס,TR,Parliament,יח',20.00,יח',false,,40.60,2.0300,true,1,109066
7290000111253,false,פרלמנט 100 בודד,פיליפ מוריס,TR,Parliament,יח',20.00,יח',false,,40.60,2.0300,true,1,109067
7290000111255,false,פרלמנט סילבר קצר בוד,פיליפ מוריס,TR,Parliament,יח',20.00,יח',false,,40.60,2.0300,true,1,109068
7290000111259,false,סיגריות טיים בודד,דובק,IL,time,יח',20.00,יח',false,,29.60,1.4800,true,1,109072
7290000111265,false,גולף ארוך בודד,דובק,IL,גולף,יח',20.00,יח',false,,30.70,1.5350,true,1,109077
7290000111270,false,רוטמנס כחול בודד,JTI,TR,רוטמנס,יח',20.00,יח',false,,27.50,1.3750,true,1,109082
7290000111272,false,אל די אדום בודד,JTI,TR,אל די,יח',20.00,יח',false,,27.50,1.3750,true,1,109084
7290000111273,false,ל.מ קפסולה,פיליפ מוריס,TR,l&m,יח',20.00,יח',false,,30.70,1.5350,true,1,109085
7290000111275,false,סיגריות מוסטנג בודד,דובק,IL,מוסטנג,יח',20.00,יח',false,,25.30,1.2650,true,1,109087
7290000111279,false,"מרלבורו טאץ' 5 מ""ג",פיליפ מוריס,TR,Marlboro,גרמים,5.00,100 גרם,false,,30.70,6.1400,true,1,109090
7290000111353,false,מיונז 1קג ***,אתר חיפה ממרחים - Fo,IL,TELMA,קילוגרמים,1.00,"ק""ג",false,,16.90,16.9000,true,1,56940
7290000111360,false,חרדל תלמה 250גר' 12X,אתר חיפה ממרחים - Fo,IL,TELMA,גרמים,250.00,100 גרם,false,,5.90,0.0236,true,1,56942
7290000111384,false,חרדל תלמה 550גר' 12X,אתר חיפה ממרחים - Fo,IL,TELMA,גרמים,550.00,100 גרם,false,,7.50,0.0136,true,1,56944
7290000112220,false,טחינה בארכה 500 גרם,,,טחינה בארכה 500 גרם,גרמים,500.00,100 גרם,false,,13.90,0.0278,true,1,90215
7290000112237,false,"טחינה בארכה 1 ק""ג",,,"טחינה שומשום 1 ק""ג",קילוגרמים,1.00,"ק""ג",false,,19.90,19.9000,true,1,90216
7290000112497,false,מרק עשיר עוף עם אטרי,אתר חיפה אבקות - Foo,IL,KNORR,גרמים,68.00,100 גרם,false,,9.90,0.1456,true,1,56951
7290000112619,false,*מבצע* קנור עוף אמית,אתר חיפה אבקות - Foo,IL,KNORR,גרמים,400.00,100 גרם,false,,16.90,0.0422,true,1,56954
7290000114187,false,*מבצע* סיף לניקוי כל,אתר ליוור - HPC,IL,CIF,ליטרים,4.00,ליטר,false,,17.90,4.4750,true,1,56960
7290000116204,false,"*מבצע* דגש ט.עוף בד""",אתר חיפה אבקות - Foo,IL,KNORR,קילוגרמים,1.00,"ק""ג",false,,14.90,14.9000,true,1,56964
7290000116884,false,קנור ברביקיו מופחת נ,אתר חיפה  778 - Food,IL,KNORR,מיליליטרים,300.00,"100 מ""ל",false,,9.90,0.0330,true,1,56965
7290000117171,false,קנור מ.ט.עוף דל קל ב,יוניליוור,IL,KNORR,גרמים,48.00,100 גרם,false,,6.50,0.1354,true,1,56970
7290000117720,false,נמס בכוס פטריות 43ג,אתר חיפה אבקות - Foo,IL,KNORR,גרמים,43.00,100 גרם,false,,6.50,0.1512,true,1,56974
7290000118277,false,קנור קניידל 12*130גר,אתר חיפה אבקות - Foo,IL,KNORR,גרמים,130.00,100 גרם,false,,8.90,0.0685,true,1,56977
7290000120836,false,הלמנס מיונז אמיתי 39,"יונילוור ארה""ב - HPC",US,HELLMANNS,גרמים,394.00,100 גרם,false,,11.90,0.0302,true,1,56988
7290000120874,false,הלמנ'ס לייט 424גר',"יונילוור ארה""ב - HPC",US,HELLMANNS,גרמים,424.00,100 גרם,false,,11.90,0.0281,true,1,56990
7290000121031,false,גבינה מותכת למריחה ה,שלושת האופים,IL,מון בלאן,גרמים,120.00,100 גרם,false,,8.90,0.0742,true,1,91555
7290000121079,false,מון-בלאן שום ושמ,שלושת האופים,IL,מון בלאן,גרמים,120.00,100 גרם,false,,8.90,0.0742,true,1,91557
7290000121093,false,מון-בלאן שווצרית 120,שלושת האופים,IL,מון בלאן,גרמים,120.00,100 גרם,false,,8.90,0.0742,true,1,91558
7290000121109,false,מון-בלאן עם זיתי,שלושת האופים,IL,מון בלאן,גרמים,120.00,100 גרם,false,,8.90,0.0742,true,1,91559
7290000121154,false,מון בלאן סלומון,שלושת האופים,IL,מון בלאן,גרמים,120.00,100 גרם,false,,8.90,0.0742,true,1,91560
7290000122830,false,רוטב סצ'ואן בקבוק 37,אתר חיפה  778 - Food,IL,KNORR,מיליליטרים,300.00,"100 מ""ל",false,,9.90,0.0330,true,1,57015
7290000129457,false,קנור רוטב פטריות באב,אתר חיפה אבקות - Foo,IL,KNORR,גרמים,28.00,100 גרם,false,,3.90,0.1393,true,1,57053
7290000131023,false,"בצק עלים 1 ק""ג",,,"בצק עלים 1 ק""ג",קילוגרמים,1.00,"ק""ג",false,,11.90,11.9000,true,1,94417
7290000131122,false,"בצק עלים 1.5 ק""ג",,,"בצק עלים 1.5 ק""ג",קילוגרמים,1.50,"ק""ג",false,,16.90,11.2667,true,1,91675
7290000133645,false,אורביטול שלישיה,טרופיקל דגיל קוסמטיק,IL,אורביטול,גרמים,435.00,100 גרם,false,,15.90,0.0366,true,1,90669
7290000134147,false,מוסקט טחון 40 גרם מי,"תבליני טעם וריח בע""מ",IL,"תבליני טעם וריח בע""מ",גרמים,40.00,100 גרם,false,,12.90,0.3225,true,1,92697
7290000134307,false,קינמון טחון שקית 50,"תבליני טעם וריח בע""מ",IL,"תבליני טעם וריח בע""מ",גרמים,50.00,100 גרם,false,,5.90,0.1180,true,1,92698
7290000134314,false,תבלין לפיצה 120 גרם,"תבליני טעם וריח בע""מ",IL,"תבליני טעם וריח בע""מ",גרמים,120.00,100 גרם,false,,9.90,0.0825,true,1,92699
7290000134338,false,שום אבקה 90 גרם מיכל,"תבליני טעם וריח בע""מ",IL,"תבליני טעם וריח בע""מ",גרמים,90.00,100 גרם,false,,9.90,0.1100,true,1,92700
7290000134352,false,קינמון טחון 90 גרם מ,"תבליני טעם וריח בע""מ",IL,"תבליני טעם וריח בע""מ",גרמים,80.00,100 גרם,false,,9.90,0.1238,true,1,92701
7290000134376,false,פפריקה בשמן 90 גר מי,"תבליני טעם וריח בע""מ",IL,"תבליני טעם וריח בע""מ",גרמים,90.00,100 גרם,false,,9.90,0.1100,true,1,92702
7290000134673,false,ג'ינג'ר טחון (זנגביל,"תבליני טעם וריח בע""מ",IL,"תבליני טעם וריח בע""מ",גרמים,30.00,100 גרם,false,,6.90,0.2300,true,1,92705
7290000134758,false,תערובת תיבול לתפוחי,"תבליני טעם וריח בע""מ",IL,"תבליני טעם וריח בע""מ",גרמים,100.00,100 גרם,false,,9.90,0.0990,true,1,92707
7290000134826,false,זעתר 100 גרם מיכל גד,"תבליני טעם וריח בע""מ",IL,"תבליני טעם וריח בע""מ",גרמים,100.00,100 גרם,false,,9.90,0.0990,true,1,92708
7290000134833,false,כמון 100 גרם מיכל גד,"תבליני טעם וריח בע""מ",IL,"תבליני טעם וריח בע""מ",גרמים,100.00,100 גרם,false,,9.90,0.0990,true,1,92709
7290000134840,false,כורכום 100 גרם מיכל,"תבליני טעם וריח בע""מ",IL,"תבליני טעם וריח בע""מ",גרמים,100.00,100 גרם,false,,9.90,0.0990,true,1,92710
7290000134857,false,פפריקה מתוקה 100 גרם,"תבליני טעם וריח בע""מ",IL,"תבליני טעם וריח בע""מ",גרמים,100.00,100 גרם,false,,9.90,0.0990,true,1,92711
7290000134864,false,פפריקה חריפה 100 גרם,"תבליני טעם וריח בע""מ",IL,"תבליני טעם וריח בע""מ",גרמים,100.00,100 גרם,false,,9.90,0.0990,true,1,92712
7290000134871,false,פלפל שחור טחון 100 ג,"תבליני טעם וריח בע""מ",IL,"תבליני טעם וריח בע""מ",גרמים,90.00,100 גרם,false,,12.90,0.1433,true,1,92713
7290000134970,false,חוואיג' 100 גרם מיכל,"תבליני טעם וריח בע""מ",IL,"תבליני טעם וריח בע""מ",גרמים,100.00,100 גרם,false,,9.90,0.0990,true,1,92714
7290000134987,false,פלפל שחור גרוס 90גר,"תבליני טעם וריח בע""מ",IL,"תבליני טעם וריח בע""מ",גרמים,90.00,100 גרם,false,,12.90,0.1433,true,1,92715
7290000135045,false,אקס אל תפוח משקה אנר,טמפו,IL,XL,מיליליטרים,250.00,"100 מ""ל",false,,3.80,0.0152,true,1,108305
7290000135113,false,אקס אל משקה אנרגיה נ,טמפו,IL,XL,מיליליטרים,250.00,"100 מ""ל",false,,3.80,0.0152,true,1,111781
7290000135311,false,פפסי מקס ליים 1.5 לי,טמפו,IL,פפסי מקס,ליטרים,1.50,ליטר,false,,6.90,4.6000,true,1,114549
7290000135465,false,"*מבצע* סודה 500 מ""ל",טמפו,IL,"*מבצע* סודה 500 מ""ל",ליטרים,6.00,ליטר,false,,24.90,4.1500,true,1,118629
7290000135595,false,פפסי מקס דובדבן 1.5,טמפו,IL,פפסי מקס דובדבן 1.5,ליטרים,1.50,ליטר,false,,6.90,4.6000,true,1,125219
7290000136141,false,פפסי קולה 1.5 ליטר,טמפו,IL,פפסי קולה 1.5 ליטר,ליטרים,1.50,ליטר,false,,7.40,4.9333,true,1,120267
7290000136158,false,פפסי מקס 1.5 ליטר,טמפו,IL,פפסי מקס 1.5 ליטר,ליטרים,1.50,ליטר,false,,6.90,4.6000,true,1,120274
7290000136165,false,מירנדה  1.5 ליטר,טמפו,IL,מירנדה  1.5 ליטר,ליטרים,1.50,ליטר,false,,7.40,4.9333,true,1,120268
7290000136172,false,סבן אפ 1.5 ליטר,טמפו,IL,סבן אפ 1.5 ליטר,ליטרים,1.50,ליטר,false,,7.40,4.9333,true,1,120269
7290000136189,false,סבן אפ דיאט 1.5 ליטר,טמפו,IL,סבן אפ דיאט 1.5 ליטר,ליטרים,1.50,ליטר,false,,7.40,4.9333,true,1,120270
7290000136240,false,סודה 1.5 ליטר,טמפו,IL,סודה 1.5 ליטר,ליטרים,1.50,ליטר,false,,2.90,1.9333,true,1,120261
7290000136257,false,פאנק טוניק 1.5 ליטר,טמפו,IL,פאנק טוניק 1.5 ליטר,ליטרים,1.50,ליטר,false,,8.90,5.9333,true,1,120240
7290000136288,false,ג'ויסר סירופ בטעם תפ,טמפו,IL,סיידר,מיליליטרים,330.00,"100 מ""ל",false,,11.90,0.0361,true,1,126007
7290000136295,false,ג'ויסר סירופ בטעם פט,טמפו,IL,סיידר,מיליליטרים,330.00,"100 מ""ל",false,,11.90,0.0361,true,1,126008
7290000136301,false,ג'ויסר סירופ בטעם ענ,טמפו,IL,סיידר,מיליליטרים,330.00,"100 מ""ל",false,,11.90,0.0361,true,1,126009
7290000136455,false,ג'אמפ אשכוליות 1.5 ל,טמפו,IL,ג'אמפ,ליטרים,1.50,ליטר,false,,7.50,5.0000,true,1,120249
7290000136516,false,ג'אמפ מנגו 1.5 ליטר,טמפו,IL,ג'אמפ,ליטרים,1.50,ליטר,false,,7.50,5.0000,true,1,120251
7290000136561,false,ג'אמפ תות בננה 1.5 ל,טמפו,IL,ג'אמפ,ליטרים,1.50,ליטר,false,,7.50,5.0000,true,1,120253
7290000136585,false,ג'אמפ תפוזים 1.5 ליט,טמפו,IL,ג'אמפ,ליטרים,1.50,ליטר,false,,7.50,5.0000,true,1,120254
7290000136646,false,נשר מאלט 1.5 ליטר,טמפו,IL,נשר מאלט 1.5 ליטר,ליטרים,1.50,ליטר,false,,8.90,5.9333,true,1,120242
7290000136653,false,נשר מאלט  דיאט 1.5 ל,טמפו,IL,נשר מאלט  דיאט 1.5 ל,ליטרים,1.50,ליטר,false,,8.90,5.9333,true,1,120243
7290000136776,false,פפסי מקס שישייה 1.5,טמפו,IL,פפסי מקס שישייה 1.5,ליטרים,9.00,ליטר,false,,35.90,3.9889,true,1,120272
7290000136790,false,סודה 1.5 ליטר שישייה,טמפו,IL,סודה 1.5 ליטר שישייה,ליטרים,9.00,ליטר,false,,16.70,1.8556,true,1,120262
7290000136844,false,אקווה נובה שישייה 2,טמפו,IL,אקווה נובה,ליטרים,12.00,ליטר,false,,11.70,0.9750,true,1,120244
7290000136868,false,סאן בנדטו שישייה 1.5,טמפו,IL,סאן בנדטו,ליטרים,9.00,ליטר,false,,18.90,2.1000,true,1,120245
7290000136875,false,סאן בנדטו  מוגז שישי,טמפו,IL,סאן בנדטו,ליטרים,9.00,ליטר,false,,18.90,2.1000,true,1,120246
7290000137513,false,גלידונית בטעם וניל ב,גלידות שטראוס,IL,קרמיסימו,מיליליטרים,950.00,"100 מ""ל",false,,49.90,0.0525,true,1,90487
7290000137643,false,מאגדת טעמקור באריזה,גלידות שטראוס,IL,שטראוס,גרמים,400.00,100 גרם,false,,37.90,0.0947,true,1,90488
7290000144160,false,*מבצע* שמן זית כתית,שמן תעשיות,IL,עץ הזית,מיליליטרים,750.00,"100 מ""ל",false,,29.90,0.0399,true,1,92094
7290000144474,false,שמן קנולה בריאות מהט,שמן תעשיות,IL,עץ הזית,ליטרים,1.00,ליטר,false,,15.90,15.9000,true,1,92096
7290000146928,false,טום וג'רי משחת שיניי,טרופיקל דגיל קוסמטיק,IL,טום וגרי,מיליליטרים,50.00,"100 מ""ל",false,,9.90,0.1980,true,1,90362
7290000146997,false,טום וג'רי משחת שיניי,טרופיקל דגיל קוסמטיק,IL,טום וגרי,מיליליטרים,50.00,"100 מ""ל",false,,9.90,0.1980,true,1,90363
7290000148380,false,*מבצע* פיסטוק קלית ג,"ג'י אנד ג'י בע""מ",IL,קליית גת,גרמים,200.00,100 גרם,false,,15.90,0.0795,true,1,94238
7290000148489,false,גרעיני דלעת,"ג'י אנד ג'י בע""מ",IL,קליית גת,גרמים,200.00,100 גרם,false,,8.90,0.0445,true,1,91387
7290000148748,false,גרעיני חמניה,"ג'י אנד ג'י בע""מ",IL,קליית גת,גרמים,200.00,100 גרם,false,,5.90,0.0295,true,1,91389
7290000148939,false,שקד קלוי קליית גת,"ג'י אנד ג'י בע""מ",IL,קליית גת,גרמים,200.00,100 גרם,false,,16.90,0.0845,true,1,91390
7290000149615,false,סבון נקה מוצק רביעיה,"גליל כימיכלים בע""מ",IL,נקה 7,גרמים,400.00,100 גרם,false,,10.90,0.0273,true,1,90672
7290000149851,false,סינטבון כפול,סנו,IL,סינטבון,גרמים,460.00,100 גרם,false,,9.50,0.0207,true,1,90673
7290000149905,false,טקסטיל שמפו נוזל,סנו,IL,טקסטיל,ליטרים,1.00,ליטר,false,,13.90,13.9000,true,1,90674
7290000150352,false,פסטרמה איטלקית,עוף טוב,IL,עוף טוב,קילוגרמים,1.00,"ק""ג",true,,65.00,65.0000,true,1,33375
7290000150956,false,עוף טוב מקלוני קבנוס,,,עוף טוב מקלוני קבנוס,גרמים,160.00,100 גרם,false,,9.90,0.0619,true,1,33705
7290000151106,false,פסטרמה אמריקאית,עוף טוב,IL,עוף טוב,קילוגרמים,1.00,"ק""ג",true,,65.00,65.0000,true,1,33383
7290000152943,false,סלמי+פסטרמה 350 גרם,עוף טוב,IL,עוף טוב,גרמים,700.00,100 גרם,false,,22.90,0.0327,true,1,90222
7290000155524,false,פסטרמה פולנית,עוף טוב,IL,עוף טוב,קילוגרמים,1.00,"ק""ג",true,,65.00,65.0000,true,1,33404
7290000158150,false,צידנית מתקפלת יוחננו,,,צידנית מתקפלת יוחננו,יח',1.00,יח',false,,19.90,19.9000,true,1,95156
7290000161358,false,מיונז אמיתי משמן קנו,אתר חיפה ממרחים - Fo,IL,TELMA,גרמים,500.00,100 גרם,false,,12.90,0.0258,true,1,57091
7290000166605,false,*מבצע* סיף כללי 4 ל,אתר ליוור - HPC,IL,CIF,ליטרים,4.00,ליטר,false,,17.90,4.4750,true,1,57177
7290000169538,false,נמס בכוס עגבניות 62ג,אתר חיפה אבקות - Foo,IL,KNORR,גרמים,17.00,100 גרם,false,,6.50,0.3824,true,1,57233
7290000169798,false,עוגי מופחת סוכר 500,אתר שפע - Food,IL,TELMA,גרמים,500.00,100 גרם,false,,19.90,0.0398,true,1,57241
7290000174723,false,שוקולית בקופסא 500 ג,שטראוס גרופ,IL,עלית,גרמים,500.00,100 גרם,false,,11.90,0.0238,true,1,91718
7290000176062,false,קפה טורקי 100 גרם,שטראוס גרופ,IL,עלית,גרמים,100.00,100 גרם,false,,8.90,0.0890,true,1,91720
7290000176079,false,קפה עם הל,שטראוס גרופ,IL,עלית,גרמים,100.00,100 גרם,false,,8.90,0.0890,true,1,91721
7290000176116,false,"קפה טורקי 1 ק""ג",שטראוס גרופ,IL,עלית,קילוגרמים,1.00,"ק""ג",false,,76.90,76.9000,true,1,94461
7290000176147,false,מוקה פילטר בריק 500,ELITE CAFE SP. ZO.O,PL,עלית,גרמים,500.00,100 גרם,false,,49.90,0.0998,true,1,91723
7290000176413,false,קפה נמס 50 גרם,שטראוס גרופ,IL,עלית,גרמים,50.00,100 גרם,false,,8.90,0.1780,true,1,91725
7290000176420,false,קפה נמס עלית 200  גר,שטראוס גרופ,IL,עלית,גרמים,200.00,100 גרם,false,,19.90,0.0995,true,1,91726
7290000176468,false,קפה נמס האג,שטראוס גרופ,IL,האג,גרמים,50.00,100 גרם,false,,10.90,0.2180,true,1,91727
7290000176475,false,קפה האג נמס 200,שטראוס גרופ,IL,האג,גרמים,200.00,100 גרם,false,,34.90,0.1745,true,1,91728
7290000178707,false,תפוציפס 50 גר,שטראוס פריטו ליי (מל,IL,עלית,גרמים,50.00,100 גרם,false,,3.50,0.0700,true,1,91803
7290000178721,false,תפוציפס 200 גר,שטראוס פריטו ליי (מל,IL,עלית,גרמים,200.00,100 גרם,false,,9.90,0.0495,true,1,91804
7290000186535,false,לילי טריו לבן 32 גלי,חוגלה קימברלי,IL,לילי,מטרים,537.00,מטר,false,,38.90,0.0724,true,1,94030
7290000186931,false,סקוטש ניקול חתוך 12,UFO,US,ניקול,יח',12.00,יח',false,,9.90,0.8250,true,1,91048
7290000187860,false,לילי מגבונים לחים פי,על בד,IL,לילי,יח',1.00,יח',false,,7.90,7.9000,true,1,91049
7290000187952,false,לילי טריו 32 גלילים,חוגלה קימברלי,IL,לילי,מטרים,537.00,מטר,false,,38.90,0.0724,true,1,91053
7290000188355,false,מגבות נייר ניקול שיש,חוגלה קימברלי,IL,ניקול,מטרים,64.80,מטר,false,,10.90,0.1682,true,1,91055
7290000188553,false,מגן תחתון קוטקס נורמ,KC China,CN,קוטקס,יח',60.00,יח',false,,15.90,0.2650,true,1,91056
7290000188591,false,מגן תחתון קוטקס יאנג,KC China,CN,קוטקס,יח',60.00,יח',false,,15.90,0.2650,true,1,91058
7290000189079,false,תבניות אינגליש 6 יח,בראבו,CN,ניקול,יח',6.00,יח',false,,9.90,1.6500,true,1,91062
7290000189116,false,תבניות עגולות 5 יח נ,בראבו,CN,ניקול,יח',5.00,יח',false,,9.90,1.9800,true,1,91063
7290000189215,false,מטלית מיקרופייבר לרצ,סידורסקי,CN,מטלית מיקרופייבר לרצ,יח',1.00,יח',false,,9.90,9.9000,true,1,125532
7290000189260,false,תבניות מלבניות 5 יח,בראבו,CN,ניקול,יח',5.00,יח',false,,9.90,1.9800,true,1,91068
7290000189277,false,תבניות מלבניות גדולו,בראבו,CN,ניקול,יח',3.00,יח',false,,9.90,3.3000,true,1,91069
7290000189482,false,תבנית קרטון מרובעת.,דוקארט,IL,ניקול,יח',4.00,יח',false,,9.90,2.4750,true,1,91070
7290000189499,false,תבנית קרטון עגולה,דוקארט,IL,ניקול,יח',3.00,יח',false,,9.90,3.3000,true,1,91071
7290000189598,false,מטליות לחות לניקוי כ,על בד,IL,ניקול,יח',50.00,יח',false,,9.90,0.1980,true,1,91074
7290000189734,false,מטליות לחות לפרקט,על בד,IL,ניקול,יח',10.00,יח',false,,11.90,1.1900,true,1,91076
7290000190198,false,מטליות לחות לניקוי נ,על בד,IL,ניקול,יח',50.00,יח',false,,9.90,0.1980,true,1,91081
7290000191225,false,האגיס ליטל ביייביס ש,חוגלה קימברלי,IL,האגיס,יח',44.00,יח',false,,29.90,0.6795,true,1,91084
7290000193076,false,מטליות לרצפה ניקול ש,עופרטקס,IL,ניקול,יח',3.00,יח',false,,9.90,3.3000,true,1,91089
7290000193472,false,מגן תחתון לילי,,,מגן תחתון לילי,יח',62.00,יח',false,,15.90,0.2565,true,1,91092
7290000193540,false,לילי פדיות,,,לילי פדיות,יח',52.00,יח',false,,15.90,0.3058,true,1,91093
7290000193618,false,מגן תחתון לילי,,,מגן תחתון לילי,יח',62.00,יח',false,,15.90,0.2565,true,1,91094
7290000193649,false,לילי תחבושת בודד,,,לילי תחבושת בודד,יח',24.00,יח',false,,15.90,0.6625,true,1,91095
7290000193656,false,לילי תחבושת בודד,,,לילי תחבושת בודד,יח',24.00,יח',false,,15.90,0.6625,true,1,91096
7290000193793,false,לילי נטורל נורמל,Ontex,BE,לילי נטורל,יח',20.00,יח',false,,15.90,0.7950,true,1,110849
7290000194837,false,שקיות מזון עם קשירה,קילת,IL,ניקול,יח',200.00,יח',false,,9.90,0.0495,true,1,91098
7290000196039,false,מפות ניקול זוג,דיספובד,IL,ניקול,יח',2.00,יח',false,,9.90,4.9500,true,1,91103
7290000197012,false,שקיות ריץ רץ קטנות ע,קילת,IL,ניקול,יח',15.00,יח',false,,12.90,0.8600,true,1,86936
7290000197029,false,שקיות ריץ רץ לאחסון,קילת,IL,ניקול,יח',12.00,יח',false,,12.90,1.0750,true,1,91105
7290000197425,false,האגיס פרידום דריי של,,,האגיס פרידום דריי שלב 3,יח',52.00,יח',false,,41.90,0.8058,true,1,91114
7290000197463,false,האגיס פרידום דריי של,,,האגיס פרידום דריי שלב +4,יח',40.00,יח',false,,41.90,1.0475,true,1,91117
7290000197548,false,האגיס פרידום דריי של,,,האגיס פרידום דריי שלב 5,יח',36.00,יח',false,,41.90,1.1639,true,1,91119
7290000197678,false,האגיס פרידום דריי של,,,האגיס פרידום דריי שלב 6,יח',30.00,יח',false,,41.90,1.3967,true,1,91121
7290000197753,false,נילונית זוג,GTC,CN,ניקול,מטרים,30.00,מטר,false,,9.90,0.3300,true,1,91122
7290000197876,false,תבנית אלומיניום בינו,פאלאס,IL,ניקול,יח',4.00,יח',false,,8.90,2.2250,true,1,91123
7290000197883,false,תבניות אלומיניום מלב,פאלאס,IL,ניקול,יח',5.00,יח',false,,8.90,1.7800,true,1,91124
7290000197951,false,תבנית אלומיניום ענקי,פאלאס,IL,ניקול,יח',3.00,יח',false,,8.90,2.9667,true,1,91125
7290000197982,false,אלומיניום ארוך ניקול,אופל,IL,ניקול,מטרים,90.00,מטר,false,,19.90,0.2211,true,1,91126
7290000199313,false,תחבושות קוטקס יאנג ת,KC Turkey,TR,קוטקס,יח',28.00,יח',false,,15.90,0.5679,true,1,91128
7290000201856,false,טיטולים פרימיום שלב,,,טיטולים פרימיום שלב 4+ 40,יח',38.00,יח',false,,29.90,0.7868,true,1,91132
7290000201863,false,טיטולים פרימיום שלב,,,טיטולים פרימיום שלב 5 36,יח',34.00,יח',false,,29.90,0.8794,true,1,91133
7290000201870,false,טיטולים פרימיום שלב,,,טיטולים פרימיום שלב 6 34,יח',30.00,יח',false,,29.90,0.9967,true,1,91134
7290000204086,false,סקוטש ניקול שלישיה,UFO,US,ניקול,יח',3.00,יח',false,,9.90,3.3000,true,1,91136
7290000204147,false,כרית יפנית רביעיה,פלסטו פוליש,IL,ניקול,יח',4.00,יח',false,,9.90,2.4750,true,1,91137
7290000204253,false,מטליות ניקול תשיעיה,נועם אורים תעשיות בע,IL,ניקול,יח',9.00,יח',false,,9.90,1.1000,true,1,91140
7290000204512,false,מטליות לחות לרצפה בר,על בד,IL,ניקול,יח',10.00,יח',false,,9.90,0.9900,true,1,91142
7290000205069,false,לחמניות יאמיס 8 יח',,IL,לחמניות יאמיס 8 יח',יח',8.00,יח',false,,13.90,1.7375,true,1,125775
7290000205076,false,מבצע מאפים במשקל,,,מבצע מאפים במשקל,קילוגרמים,1.00,"ק""ג",true,,29.00,29.0000,true,1,125948
7290000207063,false,פריכוז יכין 240 גרם,זנלכל,IL,רסק עגבניות 260 גרם,גרמים,240.00,100 גרם,false,,4.90,0.0204,true,1,91039
7290000207162,false,רוטב עגבניות 22% יכי,זנלכל,IL,רסק עגבניות 100 גרם,גרמים,100.00,100 גרם,false,,2.50,0.0250,true,1,91040
7290000207438,false,עגבניות קוביות יכין,זנלכל,IL,עגבניות קוביות יכין 800 ג,גרמים,800.00,100 גרם,false,,9.90,0.0124,true,1,106074
7290000208008,false,חריסה יכין 570 גרם,זנלכל,IL,חריסה,גרמים,570.00,100 גרם,false,,9.50,0.0167,true,1,106068
7290000208022,false,עגבניות מרוסקות יכין,זנלכל,IL,עגבניות מרוסקות יכין,גרמים,800.00,100 גרם,false,,9.90,0.0124,true,1,106081
7290000208077,false,אפונה יכין 550 גרם,זנלכל,IL,אפונה גדולה 550 גרם,גרמים,550.00,100 גרם,false,,8.50,0.0155,true,1,106075
7290000208091,false,אפונה קטנה יכין 550,זנלכל,IL,אפונה קטנה יכין 550,גרמים,550.00,100 גרם,false,,9.90,0.0180,true,1,106076
7290000208114,false,אפונה וגזר יכין 550,זנלכל,IL,אפונה וגזר יכין 550 גרם,גרמים,550.00,100 גרם,false,,8.50,0.0155,true,1,106077
7290000208145,false,תירס לייט יכין 550 ג,זנלכל,IL,תירס לייט יכין 550 ג,גרמים,550.00,100 גרם,false,,9.90,0.0180,true,1,106069
7290000208176,false,"תפו""א יכין 550 גרם",זנלכל,IL,תפוא בקופסא 550 גרם יכין,גרמים,550.00,100 גרם,false,,9.90,0.0180,true,1,106086
7290000208213,false,שעועית ברוטב יכין 58,זנלכל,IL,שעועית אפויה יכין 580 גרם,גרמים,580.00,100 גרם,false,,8.90,0.0153,true,1,106087
7290000208220,false,שעועית צ'לי יכין 580,זנלכל,IL,שעועית צילי חריפה,גרמים,580.00,100 גרם,false,,9.90,0.0171,true,1,106088
7290000208312,false,תירס מתוק יכין 400 ג,זנלכל,IL,תירס מתוק יכין 400 ג,גרמים,400.00,100 גרם,false,,6.50,0.0163,true,1,106071
7290000208329,false,תירס  מתוק יכין 550,זנלכל,IL,תירס יכין 550 גרם,גרמים,550.00,100 גרם,false,,8.50,0.0155,true,1,91041
7290000208336,false,רוטב עגבניות 22% יכי,זנלכל,IL,רסק עגבניות 260 גרם,גרמים,240.00,100 גרם,false,,4.50,0.0188,true,1,91042
7290000208343,false,עגבניות מרוסקות עם ש,זנלכל,IL,עגבניות מרוסקות עם שום 80,גרמים,800.00,100 גרם,false,,9.90,0.0124,true,1,106082
7290000208367,false,עגבניות מרוסקות בזיל,זנלכל,IL,עגבניות מרוסקות 800 גרם,גרמים,800.00,100 גרם,false,,9.90,0.0124,true,1,106084
7290000208404,false,פול יכין 550 גרם,זנלכל,IL,פול 550 גרם,גרמים,550.00,100 גרם,false,,8.90,0.0162,true,1,106093
7290000208428,false,חומוס יכין 550 גרם,זנלכל,IL,חומוס 550 גרם,גרמים,550.00,100 גרם,false,,8.90,0.0162,true,1,91043
7290000208800,false,*מבצע* תירס ואקום קי,זנלכל,IL,*מבצע* תירס ואקום קי,גרמים,400.00,100 גרם,false,,5.90,0.0148,true,1,106078
7290000208855,false,רוטב עגבניות לפסטה י,זנלכל,IL,רוטב פסטה 260 גרם,גרמים,240.00,100 גרם,false,,5.50,0.0229,true,1,106099
7290000208893,false,תירס לייט יכין 400 ג,זנלכל,IL,תירס לייט יכין 400 ג,גרמים,400.00,100 גרם,false,,6.50,0.0163,true,1,106079
7290000208930,false,עגבניות קצוצות עם שו,זנלכל,IL,רוטב פסטה 260 גרם,גרמים,240.00,100 גרם,false,,5.50,0.0229,true,1,106100
7290000208947,false,עגבניות קצוצות יכין,זנלכל,IL,רוטב פסטה 260 גרם,גרמים,240.00,100 גרם,false,,5.50,0.0229,true,1,106101
7290000209043,false,רוטב לימון יכין 1 לי,זנלכל,IL,מיץ לימון משומר 1 ליטר,ליטרים,1.00,ליטר,false,,6.90,6.9000,true,1,91045
7290000209173,false,חומצה אצטית 5% יכין,זנלכל,IL,חומצה אצטית 5% יכין,מיליליטרים,1000.00,"100 מ""ל",false,,4.90,0.0049,true,1,106112
7290000209371,false,מארז שלישיית תירס מת,זנלכל,IL,מארז שלישיית תירס מת,גרמים,600.00,100 גרם,false,,14.90,0.0248,true,1,106126
7290000209388,false,תירס לייט יכין 200*3,זנלכל,IL,תירס לייט יכין 200*3,גרמים,600.00,100 גרם,false,,14.90,0.0248,true,1,106127
7290000209555,false,סירופ דיאט תפוחים  1,,,סירופ דיאט תפוחים  1,מיליליטרים,1000.00,"100 מ""ל",false,,16.90,0.0169,true,1,106156
7290000209708,false,עגבניות קצוצות עם בז,זנלכל,IL,רוטב פסטה 260 גרם,גרמים,240.00,100 גרם,false,,5.50,0.0229,true,1,106102
7290000209722,false,*מבצע* פריכוז עגבניו,זנלכל,IL,פריכוז עגבניות 580 גרם,גרמים,580.00,100 גרם,false,,9.90,0.0171,true,1,93000
7290000209906,false,עגבניות קצוצות עם בצ,זנלכל,IL,רוטב פסטה 260 גרם,גרמים,240.00,100 גרם,false,,5.50,0.0229,true,1,106103
7290000209913,false,קוביות עגבניות במיץ,זנלכל,IL,רוטב פסטה 260 גרם,גרמים,240.00,100 גרם,false,,5.50,0.0229,true,1,106104
7290000209944,false,רוטב שקשוקה יכין 240,זנלכל,IL,רוטב שקשוקה 260 גרם,גרמים,240.00,100 גרם,false,,5.50,0.0229,true,1,106105
7290000209951,false,רוטב פיצה יכין 240 ג,זנלכל,IL,רוטב פיצה 260 גרם,גרמים,240.00,100 גרם,false,,5.50,0.0229,true,1,106106
7290000209968,false,רוטב לזניה יכין 240,זנלכל,IL,רוטב לזניה 260 גרם,גרמים,240.00,100 גרם,false,,5.50,0.0229,true,1,106107
7290000210469,false,עגבניות שלמות יכין 8,זנלכל,IL,עגבניות שלמות 800 גרם,גרמים,800.00,100 גרם,false,,9.90,0.0124,true,1,91046
7290000210896,false,רוטב בולונז יכין  24,זנלכל,IL,רוטב פסטה בולונז 260 גרם,גרמים,240.00,100 גרם,false,,5.50,0.0229,true,1,91047
7290000211169,false,אורז תאילנדי 1 קג,סוגת תעשיות בעמ,IL,סוגת,קילוגרמים,1.00,"ק""ג",false,,6.90,6.9000,true,1,89863
7290000211312,false,"*מבצע* אורז מלא 1 ק""",סוגת תעשיות בעמ,IL,סוגת,קילוגרמים,1.00,"ק""ג",false,,6.90,6.9000,true,1,89864
7290000211374,false,"קמח מלא 1 ק""ג",טחנת קמח דגן-שטיבל,IL,סוגת,קילוגרמים,1.00,"ק""ג",false,,6.90,6.9000,true,1,89865
7290000211381,false,*מבצע* סוכר חום בשקי,"טונגט היולט שוגר בע""",ZA,סוגת,קילוגרמים,1.00,"ק""ג",false,,10.90,10.9000,true,1,89866
7290000211442,false,*מבצע* אורז פרסי 1 ק,סוגת תעשיות בעמ,IL,סוגת,קילוגרמים,1.00,"ק""ג",false,,9.90,9.9000,true,1,89867
7290000211503,false,"סוכר 1 ק""ג","סוגת תעשיות בע""מ",IL,סוגת,קילוגרמים,1.00,"ק""ג",false,,3.90,3.9000,true,1,89868
7290000211626,false,"אורז חיש 1 ק""ג",,,"אורז חיש 1 ק""ג",קילוגרמים,1.00,"ק""ג",false,,7.90,7.9000,true,1,89869
7290000211985,false,*מבצע* אורז עגול 1 ק,סוגת תעשיות בעמ,IL,סוגת,קילוגרמים,1.00,"ק""ג",false,,7.90,7.9000,true,1,89870
7290000212272,false,"ופלים בטעם שוקו 1 ק""",,,"ופלים בטעם שוקו 1 ק""",קילוגרמים,1.00,"ק""ג",false,,15.90,15.9000,true,1,123970
7290000212579,false,מנעמים מצופה שוקו 20,,,סטינג מצופה 40 יח,גרמים,800.00,100 גרם,false,,16.90,0.0211,true,1,113122
7290000231785,false,מארז פחיות קוקה קולה,,,מארז פחיות קוקה קולה,ליטרים,4.95,ליטר,false,,34.90,7.0505,true,1,121633
7290000235553,false,עוגת בריוש מאפית אסם,בונז'ור,IL,בונז'ור,גרמים,550.00,00000000000000000גרם,false,,24.90,0.0453,true,1,33424
7290000238029,false,בצק עלים מעדנות 1 קג,מעדנות,IL,מעדנות,קילוגרמים,1.00,"ק""ג",false,,15.90,15.9000,true,1,92852
7290000238036,false,*מבצע* מלאווח מעדנות,מעדנות,IL,מעדנות,גרמים,700.00,100 גרם,false,,12.90,0.0184,true,1,92853
7290000238173,false,בורקס גבינה 800 גרם,מעדנות,IL,מעדנות,גרמים,800.00,100 גרם,false,,16.90,0.0211,true,1,92854
7290000238180,false,"בורקס תפו""א 800 גרם",מעדנות,IL,מעדנות,גרמים,800.00,100 גרם,false,,16.90,0.0211,true,1,92855
7290000244761,false,*מבצע* קרם ידיים 100,טרופיקל דגיל קוסמטיק,IL,הוואי,מיליליטרים,100.00,"100 מ""ל",false,,6.90,0.0690,true,1,90367
7290000245072,false,*מבצע* מ. כביסה סוד,הנקל סוד,IL,הנקל סוד,ליטרים,4.00,ליטר,false,,16.90,4.2250,true,1,92793
7290000245089,false,*מבצע* מ. כביסה סוד,הנקל סוד,IL,הנקל סוד,ליטרים,4.00,ליטר,false,,16.90,4.2250,true,1,92794
7290000245157,false,*מבצע* מ. כביסה סוד,הנקל סוד,IL,הנקל סוד,ליטרים,4.00,ליטר,false,,16.90,4.2250,true,1,92795
7290000245270,false,פרסיל מילוי,הנקל סוד,IL,הנקל סוד,קילוגרמים,1.25,"ק""ג",false,,14.90,11.9200,true,1,92796
7290000245287,false,פרסיל מילוי,הנקל סוד,IL,הנקל סוד,קילוגרמים,1.25,"ק""ג",false,,14.90,11.9200,true,1,92797
7290000245478,false,קומפקט סוד בייבי 1.2,הנקל סוד,IL,הנקל סוד,קילוגרמים,1.25,"ק""ג",false,,12.90,10.3200,true,1,92798
7290000245508,false,קומפקט סוד 1.25,הנקל סוד,IL,הנקל סוד,קילוגרמים,1.25,"ק""ג",false,,12.90,10.3200,true,1,92799
7290000245515,false,קומפקט סוד 1.25,הנקל סוד,IL,הנקל סוד,קילוגרמים,1.25,"ק""ג",false,,12.90,10.3200,true,1,92800
7290000245539,false,קומפקט סוד 1.25,הנקל סוד,IL,הנקל סוד,קילוגרמים,1.25,"ק""ג",false,,12.90,10.3200,true,1,92801
7290000245782,false,*מבצע* מ. כביסה סוד,הנקל סוד,IL,הנקל סוד,ליטרים,4.00,ליטר,false,,16.90,4.2250,true,1,92802
7290000248875,false,קופון יוחננוף שעועית,,,קופון יוחננוף שעועית,יח',1.00,יח',false,,0.01,0.0100,true,1,127234
7290000253220,false,שוקולד ציפס 260 גר,אופנהיימר,IL,אופנהיימר,גרמים,300.00,100 גרם,false,,10.90,0.0363,true,1,90000
7290000253374,false,מיני שוקולד צ'יפס 66,אופנהיימר,IL,מיני שוקולד צ'יפס 66,גרמים,250.00,100 גרם,false,,14.90,0.0596,true,1,118013
7290000253459,false,שוקולד ציפס בטעם קרמ,אופנהיימר,IL,אופנהיימר,גרמים,250.00,100 גרם,false,,10.90,0.0436,true,1,115081
7290000258744,false,מאפים במשקל פרימיום,,,מאפים במשקל פרימיום,קילוגרמים,1.00,"ק""ג",true,,47.00,47.0000,true,1,124706
7290000262031,false,מולט לב אדום 32 גליל,חוגלה קימברלי,IL,מולט,מטרים,563.00,מטר,false,,29.90,0.0531,true,1,91146
7290000262239,false,נייר ט. מולט 48 גליל,חוגלה קימברלי,IL,מולט,מטרים,844.00,מטר,false,,39.90,0.0473,true,1,91148
7290000262413,false,האגיס אקסטרה קייר מי,חוגלה קימברלי,IL,האגיס,יח',34.00,יח',false,,46.90,1.3794,true,1,91149
7290000263359,false,חיתולים ליטל בייביז,KC Turkey,TR,האגיס,יח',1.00,יח',false,,29.90,29.9000,true,1,91153
7290000267029,false,שקד מולבן חצוי 100 ג,"דין שיווק וקלייה בע""",US,השף,גרמים,100.00,100 גרם,false,,9.90,0.0990,true,1,89971
7290000267036,false,שקד מולבן 100 גרם,"דין שיווק וקלייה בע""",US,השף,גרמים,100.00,100 גרם,false,,9.90,0.0990,true,1,89972
7290000267043,false,שקד פרוס 100 גרם,"דין שיווק וקלייה בע""",US,השף,גרמים,100.00,100 גרם,false,,9.90,0.0990,true,1,89973
7290000267050,false,שקדים טחונים 100 גרם,"דין שיווק וקלייה בע""",US,השף,גרמים,100.00,100 גרם,false,,9.90,0.0990,true,1,89974
7290000267500,false,קליפות הדר 200 גרם,"דין שיווק וקלייה בע""",IL,שקדיה,גרמים,200.00,100 גרם,false,,11.90,0.0595,true,1,89977
7290000267548,false,אגוז גרוס 100 גרם,"דין שיווק וקלייה בע""",US,השף,גרמים,100.00,100 גרם,false,,9.90,0.0990,true,1,89978
7290000272467,false,עסיס סירופ פטל דיאט,בית השיטה עסיס תעשיו,IL,עסיס,ליטרים,1.00,ליטר,false,,16.90,16.9000,true,1,90239
7290000272696,false,עסיס מיץ לימון משומר,בית השיטה עסיס תעשיו,IL,עסיס,ליטרים,1.00,ליטר,false,,8.90,8.9000,true,1,90240
7290000272726,false,עסיס חומץ טבעי 5% 1ל,בית השיטה עסיס תעשיו,IL,עסיס,ליטרים,1.00,ליטר,false,,5.90,5.9000,true,1,90241
7290000284316,false,קוקה קולה 1.5 ליטר,קוקה קולה ישראל,IL,קוקה קולה,ליטרים,1.50,ליטר,false,,8.60,5.7333,true,1,90610
7290000286228,false,סנו סושי כריות שישיה,סדובסקי,IL,סנו סושי,יח',6.00,יח',false,,9.90,1.6500,true,1,90678
7290000286297,false,אנטי קאלק מסיר אבן 7,סנו,IL,אנטי קאלק,מיליליטרים,700.00,"100 מ""ל",false,,9.90,0.0141,true,1,90679
7290000286549,false,מטליות תשיעייה,נועם אורים תעשיות בע,IL,סנו סושי,יח',9.00,יח',false,,9.90,1.1000,true,1,90681
7290000286631,false,מילוי X סנו,סנו,IL,סנו,גרמים,600.00,100 גרם,false,,6.90,0.0115,true,1,90683
7290000286761,false,ניילון נצמד סושי זוג,FV.HK,CN,סנו סושי,מטרים,60.00,מטר,false,,9.90,0.1650,true,1,90684
7290000286877,false,סנו רב מתכת,סנו,IL,סנו,מיליליטרים,300.00,"100 מ""ל",false,,24.90,0.0830,true,1,90685
7290000286907,false,סנו מסיר כתמים,סנו,IL,סנו,מיליליטרים,170.00,"100 מ""ל",false,,24.90,0.1465,true,1,90686
7290000286921,false,סנו רסס כבס,סנו,IL,סנו,מיליליטרים,750.00,"100 מ""ל",false,,11.90,0.0159,true,1,90687
7290000286945,false,סנו רהיט נוזל,סנו,IL,סנו,מיליליטרים,500.00,"100 מ""ל",false,,25.90,0.0518,true,1,90688
7290000287102,false,סנו שטיחים שמפו,סנו,IL,סנו,מיליליטרים,600.00,"100 מ""ל",false,,19.90,0.0332,true,1,90689
7290000287195,false,סנו רהיט ארוסול,סנו,IL,סנו,מיליליטרים,300.00,"100 מ""ל",false,,13.90,0.0463,true,1,90690
7290000287430,false,סנובון שלישיה,סנו,IL,סנובון,יח',3.00,יח',false,,10.90,3.6333,true,1,90693
7290000287485,false,סנובון שלישיה,סנו,IL,סנובון,גרמים,165.00,100 גרם,false,,10.90,0.0661,true,1,90694
7290000287492,false,סנובון נוזלי,סנו,IL,סנובון,מיליליטרים,750.00,"100 מ""ל",false,,8.90,0.0119,true,1,90695
7290000287621,false,אנטי קאלק לאסלות,סנו,IL,סנו,מיליליטרים,750.00,"100 מ""ל",false,,9.90,0.0132,true,1,90696
7290000288017,false,אקונומיקה זאוול 1 לי,סנו,IL,סנו ז'אוול,ליטרים,1.00,ליטר,false,,8.90,8.9000,true,1,90699
7290000288024,false,אקונומיקה זאוול 4 לי,סנו,IL,סנו ז'אוול,ליטרים,4.00,ליטר,false,,16.90,4.2250,true,1,90700
7290000288031,false,אקונומיקה סנו 4 ליטר,סנו,IL,סנו ז'אוול,ליטרים,4.00,ליטר,false,,10.90,2.7250,true,1,90701
7290000288048,false,זאוול מרסס 1 ליטר,סנו,IL,סנו ז'אוול,ליטרים,1.00,ליטר,false,,17.90,17.9000,true,1,90702
7290000288086,false,זאוול אבקת מילוי,סנו,IL,סנו,גרמים,600.00,100 גרם,false,,9.90,0.0165,true,1,90703
7290000288109,false,מקסימה אבקה 1.250,סנו,IL,מקסימה,קילוגרמים,1.25,"ק""ג",false,,13.90,11.1200,true,1,90704
7290000288291,false,סנומט דוחה יתושים,זובאלה,IT,סנומט,יח',30.00,יח',false,,11.90,0.3967,true,1,90706
7290000288352,false,קיי 300,סנו,IL,סנו,מיליליטרים,630.00,"100 מ""ל",false,,19.90,0.0316,true,1,90708
7290000288383,false,קיי 500,סנו,IL,סנו,מיליליטרים,400.00,"100 מ""ל",false,,19.90,0.0497,true,1,90709
7290000288390,false,קיי 600,סנו,IL,סנו,מיליליטרים,500.00,"100 מ""ל",false,,19.90,0.0398,true,1,90710
7290000288413,false,סנו די כדורית,קוסמופארם,IL,סנודי,מיליליטרים,50.00,"100 מ""ל",false,,19.90,0.3980,true,1,90711
7290000288642,false,מרכך מקסימה 4 ליטר,סנו,IL,מקסימה,ליטרים,4.00,ליטר,false,,21.90,5.4750,true,1,90714
7290000288727,false,מקסימה אבקה 1.250,סנו,IL,מקסימה,קילוגרמים,1.25,"ק""ג",false,,13.90,11.1200,true,1,90716
7290000288840,false,מים מזוקקים 2 ליטר,סנו,IL,סנו,ליטרים,2.00,ליטר,false,,11.90,5.9500,true,1,90717
7290000289472,false,שקיות אשפה סושי 50 י,"אשפלסט תעשיות בע""מ",IL,סנו סושי,יח',50.00,יח',false,,18.90,0.3780,true,1,90721
7290000289748,false,סנו פורטה פלוס 750 מ,סנו,IL,סנו,מיליליטרים,750.00,"100 מ""ל",false,,13.90,0.0185,true,1,90723
7290000289892,false,סנופרש יבש,סנו,IL,סנופרש,מיליליטרים,375.00,"100 מ""ל",false,,9.90,0.0264,true,1,90725
7290000291963,false,אקונומיקה זאוול 1 לי,סנו,IL,סנו ז'אוול,ליטרים,1.00,ליטר,false,,8.90,8.9000,true,1,90728
7290000292137,false,סנו עור 500 מיל,סנו,IL,סנו,מיליליטרים,500.00,"100 מ""ל",false,,29.90,0.0598,true,1,90729
7290000292311,false,*מבצע* סנו פוליוקס 2,סנו,IL,פוליויקס,ליטרים,2.00,ליטר,false,,19.90,9.9500,true,1,90730
7290000292434,false,סנו רהיט מילוי,סנו,IL,סנו,מיליליטרים,500.00,"100 מ""ל",false,,14.90,0.0298,true,1,90731
7290000292557,false,סנומט מילוי נוזל,זובאלה,IT,סנומט,יח',1.00,יח',false,,15.90,15.9000,true,1,90732
7290000292564,false,קי 2000 ללא ריח,סנו,IL,סנו,מיליליטרים,750.00,"100 מ""ל",false,,29.90,0.0399,true,1,90733
7290000292687,false,*מבצע* סנובון כחול ש,סנו,IL,סנובון,יח',3.00,יח',false,,12.90,4.3000,true,1,90734
7290000292694,false,מגן קריסטל 2 ליטר,סנו,IL,סנו,ליטרים,2.00,ליטר,false,,39.90,19.9500,true,1,93939
7290000292915,false,"סנו רסס ונגב 750 מ""ל",סנו,IL,סנו,מיליליטרים,750.00,"100 מ""ל",false,,10.90,0.0145,true,1,90735
7290000293073,false,מרכך מקסימה 4 ליטר,סנו,IL,מקסימה,ליטרים,4.00,ליטר,false,,21.90,5.4750,true,1,90737
7290000293530,false,סנו סופג לחות,סנו,IL,סנו,גרמים,340.00,100 גרם,false,,11.90,0.0350,true,1,90739
7290000293837,false,דאודרנט גל קרמה מן,קוסמופארם,IL,כיף,יח',1.00,יח',false,,13.90,13.9000,true,1,90742
7290000293943,false,אנטי קאלק מרסס 1 ליט,סנו,IL,אנטי קאלק,ליטרים,1.00,ליטר,false,,16.90,16.9000,true,1,90743
7290000294780,false,אקונומיקה זאוול סמיכ,סנו,IL,סנו ז'אוול,ליטרים,4.00,ליטר,false,,16.90,4.2250,true,1,90746
7290000295336,false,מקסימה אבקה 1.250,סנו,IL,מקסימה,קילוגרמים,1.25,"ק""ג",false,,13.90,11.1200,true,1,90748
7290000295367,false,"מקסימה 2.5 ק""ג",סנו,IL,מקסימה,קילוגרמים,2.50,"ק""ג",false,,23.90,9.5600,true,1,90750
7290000295404,false,*מבצע* שקיות אשפה סו,"אשפלסט תעשיות בע""מ",IL,סנו סושי,יח',60.00,יח',false,,17.90,0.2983,true,1,90751
7290000295503,false,שקיות מזון זוג סנו,"אשפלסט תעשיות בע""מ",IL,סנו סושי,יח',300.00,יח',false,,13.90,0.0463,true,1,90752
7290000295558,false,צמד נייר אלומניום קצ,בורסה פזרי,TR,סנו סושי,מטרים,15.00,מטר,false,,9.90,0.6600,true,1,90754
7290000295565,false,צמד נייר אלומניום אר,בורסה פזרי,TR,סנו סושי,מטרים,15.00,מטר,false,,15.90,1.0600,true,1,90755
7290000295589,false,טלק סנו 200 גרם,קוסמופארם,IL,בייבי כיף,גרמים,200.00,100 גרם,false,,14.90,0.0745,true,1,93942
7290000295824,false,רדיד אלומיניום צר עם,פרגמק,IL,סנו סושי,מטרים,100.00,מטר,false,,49.90,0.4990,true,1,90758
7290000300900,false,טבעול שניצל תירס 750,טבעול ישראל,IL,טבעול,גרמים,750.00,100 גרם,false,,24.90,0.0332,true,1,90247
7290000303581,false,פול מצרי,"פרי הגליל בע""""מ",IL,פרי הגליל,גרמים,340.00,100 גרם,false,,7.90,0.0232,true,1,91824
7290000303598,false,שעועית אפויה 580 גרם,"פרי הגליל בע""""מ",IL,פרי הגליל,גרמים,580.00,100 גרם,false,,7.90,0.0136,true,1,91825
7290000303604,false,גרגירי חומוס 550 גרם,"פרי הגליל בע""""מ",IL,פרי הגליל,גרמים,550.00,100 גרם,false,,7.90,0.0144,true,1,91826
7290000305882,false,קוליאס 120גרם,"סטארקיסט פודור בע""מ",IL,יונה,גרמים,120.00,100 גרם,false,,4.90,0.0408,true,1,92742
7290000307015,false,אפונה בקופסא 550 גרם,"פרי הגליל בע""""מ",IL,פרי הגליל,גרמים,550.00,100 גרם,false,,7.90,0.0144,true,1,91827
7290000307046,false,אפונה וגזר 550 גרם,"פרי הגליל בע""""מ",IL,פרי הגליל,גרמים,550.00,100 גרם,false,,7.90,0.0144,true,1,91828
7290000307220,false,תירס ואקום פרי הגליל,"פרי הגליל בע""""מ",IL,פרי הגליל,גרמים,340.00,100 גרם,false,,4.90,0.0144,true,1,91829
7290000307237,false,תירס פרי גליל 550 גר,"פרי הגליל בע""""מ",IL,פרי הגליל,גרמים,550.00,100 גרם,false,,7.90,0.0144,true,1,91830
7290000307343,false,שעועית ירוקה 550 גרם,"פרי הגליל בע""""מ",IL,פרי הגליל,גרמים,550.00,100 גרם,false,,6.90,0.0125,true,1,91834
7290000307800,false,פול קפוא 800 גרם,"פרי הגליל בע""""מ",IL,פרי הגליל,גרמים,800.00,100 גרם,false,,10.90,0.0136,true,1,91835
7290000311128,false,עוגיות מן חמאה 300 ג,"רוקחמן בע""מ",IL,מן,גרמים,300.00,100 גרם,false,,6.50,0.0217,true,1,90519
7290000311135,false,עוגיות שוקו סטיקס 30,"רוקחמן בע""מ",IL,מן,גרמים,300.00,100 גרם,false,,6.50,0.0217,true,1,115381
7290000311180,false,וופלית צבעונית 10 יח,"רוקחמן בע""מ",IL,מן,גרמים,250.00,100 גרם,false,,6.90,0.0276,true,1,93874
7290000311203,false,וופל מן שוקו 200 גרם,"רוקחמן בע""מ",IL,מן,גרמים,200.00,100 גרם,false,,4.30,0.0215,true,1,90520
7290000311210,false,וופל מן לימון 200 גר,"רוקחמן בע""מ",IL,מן,גרמים,200.00,100 גרם,false,,4.30,0.0215,true,1,90521
7290000311227,false,וופל מן 200 גרם קפה,"רוקחמן בע""מ",IL,מן,גרמים,200.00,100 גרם,false,,4.30,0.0215,true,1,115380
7290000311258,false,וופלים מצופים מן 250,"רוקחמן בע""מ",IL,מן,גרמים,250.00,100 גרם,false,,6.50,0.0260,true,1,106651
7290000311272,false,וופל מן חלבה 180 גרם,"רוקחמן בע""מ",IL,מן,גרמים,180.00,100 גרם,false,,4.30,0.0239,true,1,90523
7290000311425,false,וופל מצופה עשירייה מ,"רוקחמן בע""מ",IL,מן,גרמים,220.00,100 גרם,false,,6.90,0.0314,true,1,90527
7290000311463,false,עוגיות מן חיטה בטעם,"רוקחמן בע""מ",IL,מן,גרמים,200.00,100 גרם,false,,8.90,0.0445,true,1,118081
7290000311500,false,וופל מן שוקו 500 גרם,"רוקחמן בע""מ",IL,מן,גרמים,500.00,100 גרם,false,,8.90,0.0178,true,1,90528
7290000311708,false,עוגיות מן חיטה מלאה,"רוקחמן בע""מ",IL,מן,גרמים,300.00,100 גרם,false,,6.50,0.0217,true,1,90529
7290000311715,false,עוגיות מן שוקו 300 ג,"רוקחמן בע""מ",IL,מן,גרמים,500.00,100 גרם,false,,6.50,0.0130,true,1,90530
7290000311746,false,עוגיות מן קרמל 300 ג,"רוקחמן בע""מ",IL,מן,גרמים,300.00,100 גרם,false,,6.50,0.0217,true,1,90533
7290000311753,false,עוגיות מן חיטה מלאה,"רוקחמן בע""מ",IL,מן,גרמים,250.00,100 גרם,false,,6.50,0.0260,true,1,115382
7290000311869,false,וופל מן שוקולד ללא ס,"רוקחמן בע""מ",IL,מן,גרמים,180.00,100 גרם,false,,7.90,0.0439,true,1,93877
7290000311876,false,וופל מן וניל ללא סוכ,"רוקחמן בע""מ",IL,מן,גרמים,180.00,100 גרם,false,,7.90,0.0439,true,1,90535
7290000311890,false,וופל מן לימון ללא סו,"רוקחמן בע""מ",IL,מן,גרמים,180.00,100 גרם,false,,7.90,0.0439,true,1,116664
7290000313160,false,עוגיות שוקולד זהבה 2,אסם,IL,אסם,גרמים,250.00,100 גרם,false,,7.90,0.0316,true,1,90251
7290000313184,false,עוגיות גן חיות וניל,אסם,IL,אסם,גרמים,250.00,100 גרם,false,,7.90,0.0316,true,1,90252
7290000315126,false,קנור ציר עוף 300גר,אתר חיפה אבקות - Foo,IL,KNORR,גרמים,300.00,100 גרם,false,,24.90,0.0830,true,1,57250
7290000315133,false,קנור ציר בקר 300גר,אתר חיפה אבקות - Foo,IL,KNORR,גרמים,300.00,100 גרם,false,,24.90,0.0830,true,1,57252
7290000318127,false,נקניקיות ביס 380 גרם,מעדני יחיעם,IL,יחיעם,גרמים,380.00,100 גרם,false,,11.90,0.0313,true,1,89939
7290000318189,false,פסטרמה ברביקיו על הא,מעדני יחיעם,IL,יחיעם,גרמים,300.00,100 גרם,false,,24.90,0.0830,true,1,126571
7290000318479,false,פרשוטו עגל 100 גר,מעדני יחיעם,IL,יחיעם,יח',1.00,יח',false,,24.90,24.9000,true,1,89941
7290000318493,false,כתף בקר מפולפל,מעדני יחיעם,IL,יחיעם,קילוגרמים,1.00,"ק""ג",true,,99.00,99.0000,true,1,32008
7290000318530,false,רוסטביף יחיעם,מעדני יחיעם,IL,יחיעם,קילוגרמים,1.00,"ק""ג",true,,134.00,134.0000,true,1,32009
7290000318677,false,סלמי סרוולט 150גר,מעדני יחיעם,IL,יחיעם,גרמים,150.00,100 גרם,false,,22.90,0.1527,true,1,89942
7290000318707,false,נקניק סלמי מעושן 500,מעדני יחיעם,IL,יחיעם,גרמים,500.00,100 גרם,false,,29.90,0.0598,true,1,89944
7290000318806,false,נקניק סרוולד,מעדני יחיעם,IL,יחיעם,קילוגרמים,1.00,"ק""ג",true,,139.00,139.0000,true,1,32014
7290000318837,false,קורנדביף בקר,מעדני יחיעם,IL,יחיעם,קילוגרמים,1.00,"ק""ג",true,,99.00,99.0000,true,1,32015
7290000318929,false,סלמי בנוסח צרפתי,מעדני יחיעם,IL,יחיעם,קילוגרמים,1.00,"ק""ג",true,,139.00,139.0000,true,1,32020
7290000318943,false,פסטרמה של פעם 200 גר,מעדני יחיעם,IL,יחיעם,גרמים,200.00,100 גרם,false,,21.90,0.1095,true,1,112067
7290000319063,false,כתף בקר מפולפל 150 ג,מעדני יחיעם,,כתף בקר מפולפל 150 ג,גרמים,150.00,100 גרם,false,,22.90,0.1527,true,1,93427
7290000319124,false,סרוולד 250 גרם,מעדני יחיעם,IL,יחיעם,גרמים,250.00,100 גרם,false,,33.90,0.1356,true,1,89945
7290000319131,false,*מבצע* נקניקיות עוף,מעדני יחיעם,IL,יחיעם,גרמים,400.00,100 גרם,false,,9.90,0.0248,true,1,93428
7290000319339,false,סלמי פרח,מעדני יחיעם,IL,יחיעם,קילוגרמים,1.00,"ק""ג",true,,89.00,89.0000,true,1,32028
7290000319520,false,סלמי צרפתי 100 גר,מעדני יחיעם,IL,יחיעם,גרמים,100.00,100 גרם,false,,19.90,0.1990,true,1,89948
7290000319704,false,כתף בקר מעושן,מעדני יחיעם,IL,יחיעם,קילוגרמים,1.00,"ק""ג",true,,109.00,109.0000,true,1,32035
7290000319728,false,איטלקי מפולפל,מעדני יחיעם,IL,יחיעם,קילוגרמים,1.00,"ק""ג",true,,69.00,69.0000,true,1,32036
7290000319759,false,סלמי תה,מעדני יחיעם,IL,יחיעם,קילוגרמים,1.00,"ק""ג",true,,44.00,44.0000,true,1,32037
7290000319803,false,קבנוס קלאסי יחיעם 12,מעדני יחיעם,IL,יחיעם,גרמים,125.00,100 גרם,false,,12.90,0.1032,true,1,89950
7290000319834,false,קבנוס פפרוני קלאסי 1,מעדני יחיעם,IL,יחיעם,גרמים,125.00,100 גרם,false,,12.90,0.1032,true,1,89951
7290000334684,false,טבעות בצל 700 גרם,תפוגן,IL,תפוגן,גרמים,700.00,100 גרם,false,,16.90,0.0241,true,1,90257
7290000339191,false,רן אבקת הלבנה,זוהר דליה - 3P Local,IL,BADIN,גרמים,350.00,100 גרם,false,,17.90,0.0511,true,1,57282
7290000341071,false,בדין בייבי 2 ל,אתר ליוור - HPC,IL,BADIN,ליטרים,2.00,ליטר,false,,14.90,7.4500,true,1,57294
7290000342856,false,מרכך כביסה בדין כחול,אתר ליוור - HPC,IL,BADIN,ליטרים,4.00,ליטר,false,,19.90,4.9750,true,1,57299
7290000345048,false,"תה ""74"" 125 גרם",ויסוצקי,IL,ויסוצקי,גרמים,125.00,100 גרם,false,,12.90,0.1032,true,1,92109
7290000345260,false,תה קלאסי 25 יח,ויסוצקי,IL,ויסוצקי,גרמים,38.00,100 גרם,false,,6.90,0.1816,true,1,92114
7290000345284,false,תה קלאסיק 100/1.5 טע,ויסוצקי,IL,ויסוצקי,גרמים,150.00,100 גרם,false,,16.90,0.1127,true,1,92115
7290000345291,false,ארל גריי 25,ויסוצקי,IL,ויסוצקי,גרמים,38.00,100 גרם,false,,14.90,0.3921,true,1,92116
7290000345307,false,*מבצע* ארל גריי 50,ויסוצקי,IL,ויסוצקי,גרמים,75.00,100 גרם,false,,22.90,0.3053,true,1,92117
7290000345536,false,נענע 25,ויסוצקי,IL,ויסוצקי,גרמים,38.00,100 גרם,false,,17.90,0.4711,true,1,92118
7290000346021,false,*מבצע* קמומיל 50,ויסוצקי,IL,ויסוצקי,גרמים,70.00,100 גרם,false,,29.90,0.4271,true,1,92120
7290000346120,false,*מבצע* קסם הקינמון,ויסוצקי,IL,ויסוצקי,גרמים,75.00,100 גרם,false,,16.90,0.2253,true,1,92121
7290000346137,false,*מבצע* הילולי פירות,ויסוצקי,IL,ויסוצקי,גרמים,75.00,100 גרם,false,,16.90,0.2253,true,1,92122
7290000346168,false,*מבצע* שומר,ויסוצקי,IL,ויסוצקי,גרמים,50.00,100 גרם,false,,16.90,0.3380,true,1,92125
7290000346199,false,*מבצע* פירות יער,ויסוצקי,IL,ויסוצקי,גרמים,75.00,100 גרם,false,,16.90,0.2253,true,1,92126
7290000346205,false,*מבצע* קמומיל 25,ויסוצקי,IL,ויסוצקי,גרמים,38.00,100 גרם,false,,16.90,0.4447,true,1,92127
7290000346212,false,*מבצע* מנטה 25,ויסוצקי,IL,ויסוצקי,גרמים,50.00,100 גרם,false,,16.90,0.3380,true,1,92128
7290000347738,false,*מבצע* תה ירוק נענע,ויסוצקי,IL,ויסוצקי,גרמים,937.00,100 גרם,false,,17.90,0.0191,true,1,92132
7290000347752,false,*מבצע* תה ירוק לימונ,ויסוצקי,IL,ויסוצקי,גרמים,937.50,100 גרם,false,,17.90,0.0191,true,1,92133
7290000355382,false,עגבניות מרוסקות בזיל,"מילוז(1989)בע""""מ",IL,טל,גרמים,800.00,100 גרם,false,,6.90,0.0086,true,1,91837
7290000355757,false,עגבניות מרוסקות טל,"מילוז(1989)בע""""מ",IL,טל,גרמים,800.00,100 גרם,false,,6.90,0.0086,true,1,91844
7290000363011,false,סלמי קוניאק,טירת- צבי,IL,טירת- צבי,קילוגרמים,1.00,"ק""ג",true,,79.00,79.0000,true,1,69304
7290000363189,false,סרוולד,טירת- צבי,IL,טירת- צבי,קילוגרמים,1.00,"ק""ג",true,,145.00,145.0000,true,1,69307
7290000363462,false,סלמי איטלקי,טירת- צבי,IL,טירת- צבי,קילוגרמים,1.00,"ק""ג",true,,79.00,79.0000,true,1,69316
7290000363486,false,סלמי תה,טירת- צבי,IL,טירת- צבי,קילוגרמים,1.00,"ק""ג",true,,50.00,50.0000,true,1,69318
7290000364261,false,סלסולי כתף בקר 120 ג,טירת- צבי,IL,טירת- צבי,גרמים,120.00,100 גרם,false,,12.90,0.1075,true,1,92824
7290000364278,false,סלסולי סלמי איטלקי 1,טירת- צבי,IL,טירת- צבי,גרמים,120.00,100 גרם,false,,12.90,0.1075,true,1,92825
7290000364858,false,"נקניקיות עוף  1 ק""ג",טירת- צבי,IL,טירת- צבי,קילוגרמים,1.00,"ק""ג",false,,22.90,22.9000,true,1,92829
7290000364872,false,נקניקיות עוף 400 ג,טירת- צבי,IL,טירת- צבי,גרמים,400.00,100 גרם,false,,10.90,0.0273,true,1,92830
7290000364957,false,נקניקיות מינימיניעוף,טירת- צבי,IL,טירת- צבי,גרמים,700.00,100 גרם,false,,24.90,0.0356,true,1,95043
7290000365046,false,כתף בקר מעושן,טירת- צבי,IL,טירת- צבי,קילוגרמים,1.00,"ק""ג",true,,89.00,89.0000,true,1,69351
7290000365107,false,כתף בקר מפולפל,טירת- צבי,IL,טירת- צבי,קילוגרמים,1.00,"ק""ג",true,,89.00,89.0000,true,1,69355
7290000365398,false,פסטרמה הודו בדבש,טירת- צבי,IL,טירת- צבי,קילוגרמים,1.00,"ק""ג",true,,79.00,79.0000,true,1,69361
7290000365909,false,פסטרמה הודו מעושנת,טירת- צבי,IL,טירת- צבי,קילוגרמים,1.00,"ק""ג",true,,79.00,79.0000,true,1,69372
7290000365954,false,פסטרמה הודו גחלים,טירת- צבי,IL,טירת- צבי,קילוגרמים,1.00,"ק""ג",true,,79.00,79.0000,true,1,69374
7290000367590,false,צמד כפרי טירת צבי,טירת- צבי,IL,טירת- צבי,גרמים,800.00,100 גרם,false,,25.90,0.0324,true,1,92832
7290000369297,false,גבינת שמנת בטעמים 30,גבינות ניצן,IL,גבינות ניצן,קילוגרמים,1.00,"ק""ג",true,,45.00,45.0000,true,1,36046
7290000369341,false,לאבנה אבו גוש 12%,גבינות ניצן,IL,גבינות ניצן,קילוגרמים,1.00,"ק""ג",true,,50.00,50.0000,true,1,36048
7290000369365,false,בולגרית למריחה,גבינות ניצן,IL,גבינות ניצן,גרמים,200.00,100 גרם,false,,13.90,0.0695,true,1,90424
7290000369617,false,כדורי בולגרית בשמן,גבינות ניצן,IL,גבינות ניצן,גרמים,150.00,100 גרם,false,,16.90,0.1127,true,1,90425
7290000369709,false,חמאה מתובלת,גבינות ניצן,IL,גבינות ניצן,גרמים,100.00,100 גרם,false,,13.90,0.1390,true,1,93763
7290000377209,false,בוטן מטוגן 200 גרם,"ג'י אנד ג'י בע""מ",IL,קליית גת,גרמים,200.00,100 גרם,false,,6.90,0.0345,true,1,91391
7290000377445,false,מנצס 200 גרם,"ג'י אנד ג'י בע""מ",IL,קליית גת,גרמים,200.00,100 גרם,false,,7.90,0.0395,true,1,91392
7290000377452,false,גרעיני אבטיח קליית ג,"ששון ושות' בע""מ",IL,קליית גת,גרמים,200.00,100 גרם,false,,11.90,0.0595,true,1,91393
7290000379647,false,חלה רגילה,,IL,חלה רגילה,00000000000000000יח',1.00,00000000000000000יח',false,,3.90,3.9000,true,1,35131
7290000400013,false,עוף טרי שלם,משתנה,IL,עוף שלם גורמה,קילוגרמים,1.00,"ק""ג",true,,19.90,19.9000,true,1,68662
7290000400020,false,עוף טרי מפורק,משתנה,IL,עוף מפורק גורמה,קילוגרמים,1.00,"ק""ג",true,,21.90,21.9000,true,1,68663
7290000400037,false,כרעיים עוף טרי פרימי,משתנה,IL,כרעיים עוף גורמה,קילוגרמים,1.00,"ק""ג",true,,29.90,29.9000,true,1,68664
7290000400044,false,שוקיים עוף טרי פרימי,משתנה,IL,שוקיים עוף גורמה,קילוגרמים,1.00,"ק""ג",true,,39.90,39.9000,true,1,68666
7290000400051,false,ירכיים עוף טרי פרימי,משתנה,IL,ירכיים עוף גורמה,קילוגרמים,1.00,"ק""ג",true,,29.90,29.9000,true,1,68668
7290000400068,false,כנפיים עוף טרי פרימי,משתנה,IL,כנפיים עוף גורמה,קילוגרמים,1.00,"ק""ג",true,,16.90,16.9000,true,1,68671
7290000400075,false,חזה עוף חצוי טרי נקי,משתנה,IL,חזה עוף שלם גורמה,קילוגרמים,1.00,"ק""ג",true,,42.90,42.9000,true,1,68673
7290000400082,false,פילה עוף טרי פרימיום,משתנה,IL,פילה שניצל גורמה,קילוגרמים,1.00,"ק""ג",true,,49.90,49.9000,true,1,68675
7290000400099,false,שניצל עוף טרי דק דק,משתנה,IL,שניצל עוף גורמה,קילוגרמים,1.00,"ק""ג",true,,49.90,49.9000,true,1,68677
7290000400112,false,שיפודי פרגיות טרי,משתנה,IL,שיפודי פרגיות גורמה,קילוגרמים,1.00,"ק""ג",true,,69.90,69.9000,true,1,68679
7290000400129,false,סטייק פרגית טרי פרימ,משתנה,IL,סטייק פרגיות גורמה,קילוגרמים,1.00,"ק""ג",true,,69.90,69.9000,true,1,68681
7290000400228,false,טחון עוף טרי,משתנה,IL,טחון עוף גורמה,קילוגרמים,1.00,"ק""ג",true,,49.90,49.9000,true,1,68692
7290000400433,false,שישליק הודו טרי,משתנה,IL,שישליק הודו גורמה,קילוגרמים,1.00,"ק""ג",true,,39.90,39.9000,true,1,68702
7290000400440,false,פילה עוף טרי ארוז,,,פילה עוף טרי ארוז,קילוגרמים,1.00,"ק""ג",true,,34.90,34.9000,true,1,122706
7290000400679,false,לבבות עוף טרי,משתנה,IL,לבבות עוף גורמה,קילוגרמים,1.00,"ק""ג",true,,29.90,29.9000,true,1,68716
7290000400693,false,פרגיות טרי פרימיום,משתנה,IL,פרגיות גורמה,קילוגרמים,1.00,"ק""ג",true,,69.90,69.9000,true,1,68720
7290000400761,false,כבד עוף טרי,משתנה,IL,כבד עוף טרי גורמה,קילוגרמים,1.00,"ק""ג",true,,24.90,24.9000,true,1,68733
7290000400785,false,גרון עוף טרי,משתנה,IL,גרון עוף גורמה,קילוגרמים,1.00,"ק""ג",true,,12.90,12.9000,true,1,68737
7290000401027,false,חזה הודו טרי,משתנה,IL,חזה הודו נקבה גורמה,קילוגרמים,1.00,"ק""ג",true,,34.90,34.9000,true,1,68751
7290000401034,false,כנפיים הודו טרי,משתנה,IL,כנפיים הודו נקבה גורמה,קילוגרמים,1.00,"ק""ג",true,,15.90,15.9000,true,1,68753
7290000401041,false,גרון הודו טרי פרימיו,משתנה,IL,גרון הודו גורמה,קילוגרמים,1.00,"ק""ג",true,,29.90,29.9000,true,1,68755
7290000401058,false,הודו אדום טרי נקבה,משתנה,IL,הודו אדום נקבה גורמה,קילוגרמים,1.00,"ק""ג",true,,54.90,54.9000,true,1,68757
7290000401089,false,שווארמה הודו טרי,משתנה,IL,שווארמה הודו נקבה גורמה,קילוגרמים,1.00,"ק""ג",true,,69.90,69.9000,true,1,68761
7290000401096,false,רצועות שווארמה טרי,משתנה,IL,רצועות שווארמה גורמה,קילוגרמים,1.00,"ק""ג",true,,74.90,74.9000,true,1,68763
7290000401171,false,טחון הודו אדום טרי,משתנה,IL,טחון הודו אדום גורמה,קילוגרמים,1.00,"ק""ג",true,,59.90,59.9000,true,1,68767
7290000401225,false,שוקיים הודו טרי נקבה,משתנה,IL,שוקיים הודו נקבה גורמה,קילוגרמים,1.00,"ק""ג",true,,29.90,29.9000,true,1,68769
7290000405568,false,קוקטייל עוף מקוצב,משתנה,IL,מעורב ירושלמי גורמה,קילוגרמים,1.00,"ק""ג",true,,59.90,59.9000,true,1,68878
7290000405575,false,פילה עוף טרי גורמה,משתנה,IL,פילה שניצל גורמה,קילוגרמים,1.00,"ק""ג",true,,46.90,46.9000,true,1,68880
7290000405759,false,כבד הודו טרי,משתנה,IL,כבד הודו טרי גורמה,קילוגרמים,1.00,"ק""ג",true,,16.90,16.9000,true,1,68912
7290000405766,false,לב הודו טרי,משתנה,IL,לב הודו טרי גורמה,קילוגרמים,1.00,"ק""ג",true,,19.90,19.9000,true,1,68914
7290000406077,false,שניצל עגל טרי,משתנה,IL,שניצל עגל טרי,קילוגרמים,1.00,"ק""ג",true,,89.90,89.9000,true,1,68969
7290000406169,false,שוקיים מקוצר,משתנה,IL,גולש עוף טרי,קילוגרמים,1.00,"ק""ג",true,,39.90,39.9000,true,1,68988
7290000407074,false,צלי כתף טרי בדצ,משתנה,IL,צלי כתף טרי בדצ,קילוגרמים,1.00,"ק""ג",true,,98.90,98.9000,true,1,86741
7290000407081,false,פילה מדומה בדצ טרי,משתנה,IL,פילה מדומה בדצ טרי,קילוגרמים,1.00,"ק""ג",true,,79.90,79.9000,true,1,86742
7290000407098,false,כתף בקר טרי בדצ,משתנה,IL,כתף בקר טרי בדצ,קילוגרמים,1.00,"ק""ג",true,,79.90,79.9000,true,1,86743
7290000407111,false,אסאדו עם עצם בדצ טרי,משתנה,IL,אסאדו עם עצם בדצ טרי,קילוגרמים,1.00,"ק""ג",true,,69.90,69.9000,true,1,86745
7290000407135,false,אוסובוקו טרי בדצ,משתנה,IL,אוסובוקו טרי בדצ,קילוגרמים,1.00,"ק""ג",true,,69.90,69.9000,true,1,86747
7290000407142,false,שריר בקר טרי בדצ,משתנה,IL,שריר בקר טרי בדצ,קילוגרמים,1.00,"ק""ג",true,,69.90,69.9000,true,1,86748
7290000407166,false,אנטריקוט עם עצם בדצ,משתנה,IL,אנטריקוט עם עצם בדצ,קילוגרמים,1.00,"ק""ג",true,,119.90,119.9000,true,1,86750
7290000407173,false,צלעות בקר בדצ טרי,משתנה,IL,צלעות בקר בדצ טרי,קילוגרמים,1.00,"ק""ג",true,,79.90,79.9000,true,1,86751
7290000407180,false,אונטריב טרי בדצ,משתנה,IL,אונטריב טרי בדצ,קילוגרמים,1.00,"ק""ג",true,,79.90,79.9000,true,1,86752
7290000407267,false,צוואר טרי בדצ עם עצם,משתנה,IL,צוואר טרי בדצ עם עצם,קילוגרמים,1.00,"ק""ג",true,,59.90,59.9000,true,1,87110
7290000407302,false,חזה בקר בדצ טרי ללא,משתנה,,חזה בקר בדצ טרי ללא,קילוגרמים,1.00,"ק""ג",true,,59.90,59.9000,true,1,87998
7290000407517,false,כנפית עוף טרי,משתנה,IL,כנפית עוף טרי,קילוגרמים,1.00,"ק""ג",true,,19.90,19.9000,true,1,106518
7290000407524,false,שוקית כנף עוף טרי,משתנה,IL,שוקית כנף עוף טרי,קילוגרמים,1.00,"ק""ג",true,,19.90,19.9000,true,1,106519
7290000407562,false,אוסובוקו הודו,משתנה,,אוסובוקו הודו,קילוגרמים,1.00,"ק""ג",true,,39.90,39.9000,true,1,106799
7290000407692,false,כרעיים טרי ארוז,משתנה,,כרעיים טרי ארוז,קילוגרמים,1.00,"ק""ג",true,,22.90,22.9000,true,1,110303
7290000407708,false,חזה עוף ארוז טרי,משתנה,,חזה עוף ארוז טרי,קילוגרמים,1.00,"ק""ג",true,,26.90,26.9000,true,1,110304
7290000407791,false,בשר ראש טרי בדצ,משתנה,,בשר ראש טרי בדצ,קילוגרמים,1.00,"ק""ג",true,,69.90,69.9000,true,1,111383
7290000407807,false,דנוור סטייק טרי בדצ,משתנה,,דנוור סטייק טרי בדצ,קילוגרמים,1.00,"ק""ג",true,,119.90,119.9000,true,1,111384
7290000407838,false,חזה כבש טרי בדצ,משתנה,,חזה כבש טרי בדצ,קילוגרמים,1.00,"ק""ג",true,,59.90,59.9000,true,1,111387
7290000407869,false,טחון בקר פרימיום בדצ,משתנה,,טחון בקר פרימיום בדצ,קילוגרמים,1.00,"ק""ג",true,,59.90,59.9000,true,1,111389
7290000407883,false,כבד עגל טרי בדצ,משתנה,,כבד עגל טרי בדצ,קילוגרמים,1.00,"ק""ג",true,,29.90,29.9000,true,1,111391
7290000407890,false,כתף כבש טרי בדצ,משתנה,,כתף כבש טרי בדצ,קילוגרמים,1.00,"ק""ג",true,,119.90,119.9000,true,1,111392
7290000407920,false,לשון בקר טרי בדצ,משתנה,,לשון בקר טרי בדצ,קילוגרמים,1.00,"ק""ג",true,,69.90,69.9000,true,1,111395
7290000407975,false,עצמות בקר טרי בדצ,משתנה,,עצמות בקר טרי בדצ,קילוגרמים,1.00,"ק""ג",true,,19.90,19.9000,true,1,111400
7290000407982,false,עצמות מח טרי בדצ,משתנה,,עצמות מח טרי בדצ,קילוגרמים,1.00,"ק""ג",true,,34.90,34.9000,true,1,111401
7290000408019,false,צוואר כבש טרי בדצ,משתנה,,צוואר כבש טרי בדצ,קילוגרמים,1.00,"ק""ג",true,,84.90,84.9000,true,1,111404
7290000408040,false,צלעות כבש טרי בדצ,משתנה,,צלעות כבש טרי בדצ,קילוגרמים,1.00,"ק""ג",true,,189.90,189.9000,true,1,111407
7290000408071,false,רוסטביף לתנור טרי בד,משתנה,,רוסטביף לתנור טרי בד,קילוגרמים,1.00,"ק""ג",true,,84.90,84.9000,true,1,111410
7290000408095,false,שומן כבש טרי בדצ,משתנה,,שומן כבש טרי בדצ,קילוגרמים,1.00,"ק""ג",true,,119.00,119.0000,true,1,111412
7290000408125,false,שפיץ צ'אך טרי בדצ,משתנה,,שפיץ צ'אך טרי בדצ,קילוגרמים,1.00,"ק""ג",true,,139.90,139.9000,true,1,111415
7290000408156,false,רצועות חזה להקפצה,משתנה,,רצועות חזה להקפצה,קילוגרמים,1.00,"ק""ג",true,,49.90,49.9000,true,1,111596
7290000408316,false,דנונה ביו  3% 200 גר,שטראוס גרופ,IL,שטראוס,גרמים,200.00,100 גרם,false,,3.50,0.0175,true,1,91996
7290000408354,false,בר דנונה פצפוצים,שטראוס גרופ,IL,שטראוס,גרמים,175.00,100 גרם,false,,4.30,0.0246,true,1,91997
7290000409207,false,דואט למרק,,,דואט למרק,קילוגרמים,1.00,"ק""ג",true,,16.90,16.9000,true,1,116050
7290000409214,false,שווארמה פרגית חתוך ט,,,שווארמה פרגית חתוך ט,קילוגרמים,1.00,"ק""ג",true,,69.90,69.9000,true,1,116276
7290000409238,false,טחון עוף מוזל טרי,משתנה,,טחון עוף מוזל טרי,קילוגרמים,1.00,"ק""ג",true,,29.90,29.9000,true,1,116728
7290000409313,false,שוקיים טרי ארוז,משתנה,,שוקיים טרי ארוז,קילוגרמים,1.00,"ק""ג",true,,26.90,26.9000,true,1,117712
7290000409368,false,אנטריקוט טרי בדצ פרי,,,אנטריקוט טרי בדצ פרי,קילוגרמים,1.00,"ק""ג",true,,179.90,179.9000,true,1,118203
7290000409375,false,אנטריקוט טרי דק בדצ,,,אנטריקוט טרי דק בדצ,קילוגרמים,1.00,"ק""ג",true,,179.90,179.9000,true,1,118204
7290000409900,false,כבד עוף טרי ארוז,משתנה,IL,כבד עוף טרי גורמה,קילוגרמים,1.00,"ק""ג",true,,24.90,24.9000,true,1,124855
7290000412481,false,מנקה אסלות 1 ליטר,סנו,IL,OO,ליטרים,1.00,ליטר,false,,7.90,7.9000,true,1,90760
7290000416021,false,ממרח השחר 500 גרם,,,ממרח השחר 500 גרם,גרמים,500.00,100 גרם,false,,13.90,0.0278,true,1,90600
7290000416045,false,"ממרח השחר 1 ק""ג",השחר העולה תעשייות מ,IL,השחר העולה,קילוגרמים,1.00,"ק""ג",false,,23.90,23.9000,true,1,90601
7290000416076,false,צמקאו 400 גרם,השחר העולה תעשייות מ,IL,השחר העולה,גרמים,400.00,100 גרם,false,,10.90,0.0273,true,1,90602
7290000416618,false,ממרח השחר פרווה 400,השחר העולה תעשייות מ,IL,השחר העולה,גרמים,400.00,100 גרם,false,,11.90,0.0298,true,1,90604
7290000416632,false,"ממרח השחר פרווה 1 ק""",השחר העולה תעשייות מ,IL,השחר העולה,קילוגרמים,1.00,"ק""ג",false,,22.90,22.9000,true,1,90605
7290000416809,false,ממרח חלב חצי חצי 350,השחר העולה תעשייות מ,IL,ממרח חלב חצי חצי 350,גרמים,350.00,100 גרם,false,,10.90,0.0311,true,1,90606
7290000416854,false,קקאו השחר 150 ג,השחר העולה תעשייות מ,IL,השחר העולה,גרמים,150.00,100 גרם,false,,8.90,0.0593,true,1,90607
7290000416922,false,ממרח חלב  350 גרם,השחר העולה תעשייות מ,IL,ממרח חלב  350 גרם,גרמים,350.00,100 גרם,false,,10.90,0.0311,true,1,90608
7290000418155,false,טופ פד סופר 16,DPL,IL,DPL,יח',16.00,יח',false,,5.90,0.3688,true,1,94539
7290000419107,false,לנדוור כחול המקורי ט,קפה לנדוור,IL,לנדוור,גרמים,100.00,100 גרם,false,,7.90,0.0790,true,1,90258
7290000419114,false,*מבצע* לנדוור כחול ה,קפה לנדוור,IL,לנדוור,גרמים,200.00,100 גרם,false,,14.90,0.0745,true,1,90259
7290000419220,false,לנדוור לבוקר 3*100 ג,קפה לנדוור,IL,לנדוור,גרמים,300.00,100 גרם,false,,18.90,0.0630,true,1,90260
7290000419374,false,לנדוור טחון טורקי 3*,קפה לנדוור,IL,לנדוור,גרמים,300.00,100 גרם,false,,18.90,0.0630,true,1,90261
7290000419909,false,לנדוור אספרסו טחון ט,קפה לנדוור,IL,לנדוור,גרמים,100.00,100 גרם,false,,7.90,0.0790,true,1,90263
7290000420325,false,*מבצע* פופקורן בטעם,Preston farms,US,פופפסטאר,גרמים,500.00,100 גרם,false,,12.90,0.0258,true,1,90566
7290000420332,false,*מבצע* פופקורן בטעם,Preston farms,US,פופפסטאר,גרמים,500.00,100 גרם,false,,12.90,0.0258,true,1,90567
7290000420417,false,גלילונית,"אשפלסט תעשיות בע""מ",IL,גלילונית,יח',60.00,יח',false,,17.90,0.2983,true,1,90568
7290000430102,false,קוביות קרח,"אייס (קיובס) בע""מ -",IL,מיסטר אייס,קילוגרמים,2.00,"ק""ג",false,,8.90,4.4500,true,1,90392
7290000444401,false,פיקדון 0.30 אג',,,פיקדון 0.30 אג',יח',1.00,יח',false,,0.30,0.3000,true,1,66546
7290000444402,false,פיקדון חוזר 1.20,,,פיקדון חוזר 1.20,יח',1.00,יח',false,,1.20,1.2000,true,1,66547
7290000446127,false,פריכיות ללא מלח ללא,,,פריכיות ללא מלח ללא,גרמים,100.00,100 גרם,false,,3.90,0.0390,true,1,115277
7290000446547,false,חמאת בוטנים ממרח טבע,"בטר אנד דיפרנט בע""מ",IL,בטר אנד דיפרנט,גרמים,350.00,100 גרם,false,,13.90,0.0397,true,1,90005
7290000446752,false,ממרח שומשום מלא בטעם,"בטר אנד דיפרנט בע""מ",IL,בטר אנד דיפרנט,גרמים,350.00,100 גרם,false,,11.90,0.0340,true,1,90007
7290000446776,false,פיצפוצי אורז מלא ללא,"תירפז בע""מ",IL,בטר אנד דיפרנט,גרמים,500.00,100 גרם,false,,18.90,0.0378,true,1,90008
7290000449128,false,*מבצע* סיף כללי 4 ל,אתר ליוור - HPC,IL,CIF,ליטרים,4.00,ליטר,false,,17.90,4.4750,true,1,57303
7290000450209,false,טונה פוסידון בשמן 10,פוסידון,IL,פוסידון,גרמים,108.00,100 גרם,false,,5.50,0.0509,true,1,91561
7290000450308,false,טונה פוסידון מים 108,פוסידון,IL,פוסידון,גרמים,108.00,100 גרם,false,,5.50,0.0509,true,1,94332
7290000452159,false,קופון יוחננוף סרדיני,,,קופון יוחננוף סרדיני,יח',1.00,יח',false,,0.01,0.0100,true,1,125280
7290000453019,false,שימרית שמרים טריים ב,"פאקא תעשיות בע""מ",IL,תוצרת מסחרית,גרמים,50.00,100 גרם,false,,4.20,0.0840,true,1,91998
7290000453125,false,שימרית שמרים טרי שקי,"פאקא תעשיות בע""מ",IL,תוצרת מסחרית,גרמים,100.00,100 גרם,false,,7.40,0.0740,true,1,91999
7290000453408,false,בצק פיצה דק  מצונן ו,"פאקא תעשיות בע""מ",FR,שמרית,גרמים,415.00,100 גרם,false,,16.90,0.0407,true,1,110126
7290000453415,false,בצק עלים מצונן ומוכן,"פאקא תעשיות בע""מ",FR,שמרית,גרמים,300.00,100 גרם,false,,14.90,0.0497,true,1,110127
7290000453422,false,בצק פילו מוכן לאפייה,"פאקא תעשיות בע""מ",FR,שמרית,גרמים,300.00,100 גרם,false,,14.90,0.0497,true,1,110128
7290000453798,false,שמרים אקטיבים 500 גר,"פאקא תעשיות בע""מ",IL,פאקא,גרמים,500.00,100 גרם,false,,12.90,0.0258,true,1,91741
7290000453897,false,מרגרינה בטעם חמאה,"פאקא תעשיות בע""מ",IL,שמרית,גרמים,200.00,100 גרם,false,,4.90,0.0245,true,1,92003
7290000454641,false,סופגניה 4ב13,,,סופגניה 4ב13,יח',4.00,יח',false,,13.00,3.2500,true,1,127126
7290000461625,false,שמונה שמונה 400גר',אתר בייגל - Food,IL,B&B,גרמים,400.00,100 גרם,false,,9.90,0.0248,true,1,57305
7290000461656,false,בייגלה אחד אחד 400 ג,אתר בייגל - Food,IL,B&B,גרמים,400.00,100 גרם,false,,9.90,0.0248,true,1,57307
7290000461724,false,גדול גדול שומשום 400,אתר בייגל - Food,IL,B&B,גרמים,400.00,100 גרם,false,,11.90,0.0298,true,1,57311
7290000461793,false,ארוך ארוך 150גר' x16,אתר בייגל - Food,IL,B&B,גרמים,150.00,100 גרם,false,,5.90,0.0393,true,1,57315
7290000462141,false,זחוק תימני אדום חריף,"זהבי הכרם בועז בע""מ-",IL,תוצרת מסחרית,גרמים,150.00,100 גרם,false,,7.90,0.0527,true,1,92005
7290000462172,false,זחוק תימני ירוק חריף,"זהבי הכרם בועז בע""מ-",IL,תוצרת מסחרית,גרמים,150.00,100 גרם,false,,7.90,0.0527,true,1,92006
7290000467320,false,חומוס אבו מרוואן 400,צבר,IL,סלטי צבר,גרמים,400.00,100 גרם,false,,13.90,0.0348,true,1,90283
7290000469638,false,מריטו ספריי לגיהוץ ק,BOLTON GROUP - MER,IT,מריטו,מיליליטרים,500.00,"100 מ""ל",false,,19.90,0.0398,true,1,92591
7290000474090,false,חלב בקרטון 1%- 1 ליט,טרה,IL,חלב טרה,ליטרים,1.00,ליטר,false,,5.80,5.8000,true,1,91955
7290000474373,false,"שמנת חמוצה 200 מ""ל ב",טרה,IL,טרה,מיליליטרים,200.00,"100 מ""ל",false,,2.40,0.0120,true,1,91956
7290000474502,false,גבינה לבנה 250 גרם 5,טרה,IL,טרה,גרמים,250.00,100 גרם,false,,4.95,0.0198,true,1,91958
7290000474540,false,טוב טעם 3% - 250 גרם,טרה,IL,גבינות טרה,גרמים,250.00,100 גרם,false,,10.20,0.0408,true,1,91959
7290000474830,false,גבנצ מגורדת 28% 500,טרה,IL,גבינות קשות,גרמים,500.00,100 גרם,false,,32.90,0.0658,true,1,91960
7290000474908,false,ג.נעם 28% מהדרין,טרה,IL,טרה,קילוגרמים,1.00,"ק""ג",true,,44.70,44.7000,true,1,53239
7290000474960,false,ג.נעם 9% מהדרין,,,ג.נעם 9% מהדרין,קילוגרמים,1.00,"ק""ג",true,,70.00,70.0000,true,1,53243
7290000474977,false,ג.נעם 22% מהדרין,,,ג.נעם 22% מהדרין,קילוגרמים,1.00,"ק""ג",true,,42.50,42.5000,true,1,53245
7290000480107,false,*מבצע* קוואקר פח 500,FRITO-LAY TRADING CO,GB,קוואקר,גרמים,500.00,100 גרם,false,,9.90,0.0198,true,1,91805
7290000480442,false,קואקר שקית 500 גרם,FRITO-LAY TRADING CO,GB,קוואקר,גרמים,500.00,100 גרם,false,,11.90,0.0238,true,1,91806
7290000481029,false,פיתות מארז 10 יח,,,פיתות מארז 10 יח,יח,10.00,יח,false,,9.90,0.9900,true,1,112692
7290000481043,false,פיתות כוסמין 10 יח,,IL,דגנית,גרמים,700.00,100 גרם,false,,13.90,0.0199,true,1,119365
7290000481074,false,לחם משלושה קמחים מלא,דגנית עין בר,IL,דגנית עין בר,גרמים,750.00,100 גרם,false,,14.90,0.0199,true,1,123582
7290000481531,false,לחמניות חיטה מלאה 10,דגנית עין בר,IL,דגנית עין בר,גרמים,750.00,100 גרם,false,,10.90,0.0145,true,1,93026
7290000481883,false,לחמניות אצבע 10 יח,דגנית עין בר,IL,דגנית עין בר,גרמים,750.00,100 גרם,false,,10.90,0.0145,true,1,93027
7290000482019,false,קוקי רגיל שקיות צליה,קוקי,FI,קוקי,יח',10.00,יח',false,,9.90,0.9900,true,1,92592
7290000484747,false,"עראק עלית 700 מ""ל",,,עראק עלית,מיליליטרים,700.00,"100 מ""ל",false,,54.90,0.0784,true,1,91383
7290000485546,false,קופון יוחננוף פסטה ל,,,קופון יוחננוף פסטה ל,יח',1.00,יח',false,,0.01,0.0100,true,1,127231
7290000490601,false,גלידל וניל שמיניה,"פלקו בע""מ",IL,הגלידות של פלדמן,יח',8.00,יח',false,,29.90,3.7375,true,1,91300
7290000490762,false,גלידל שוקו שמיניה,"פלקו בע""מ",IL,הגלידות של פלדמן,יח',8.00,יח',false,,29.90,3.7375,true,1,91302
7290000493176,false,אבקת רוטב צלי לבשר 3,אסם,IL,אסם,גרמים,22.00,100 גרם,false,,3.90,0.1773,true,1,90286
7290000493183,false,אבקת רוטב פטריות 3 3,אסם,IL,אסם,גרמים,30.00,100 גרם,false,,3.90,0.1300,true,1,90287
7290000501253,false,בס טרי,משתנה,IL,בס טרי גורמה,קילוגרמים,1.00,"ק""ג",true,,49.90,49.9000,true,1,69037
7290000501291,false,קרפיון טרי,משתנה,IL,קרפיון טרי מנוקה,קילוגרמים,1.00,"ק""ג",true,,29.90,29.9000,true,1,69045
7290000501314,false,בורי טרי,משתנה,IL,בורי טרי גורמה,קילוגרמים,1.00,"ק""ג",true,,49.90,49.9000,true,1,69047
7290000501499,false,מוסר ים טרי,משתנה,IL,מוסר ים טרי גורמה,קילוגרמים,1.00,"ק""ג",true,,69.90,69.9000,true,1,69064
7290000501581,false,אמנון טרי במשקל,משתנה,IL,אמנון טרי גורמה,קילוגרמים,1.00,"ק""ג",true,,38.90,38.9000,true,1,88496
7290000501598,false,דניס טרי במשקל,משתנה,IL,דניס טרי גורמה,קילוגרמים,1.00,"ק""ג",true,,69.90,69.9000,true,1,88497
7290000501697,false,דג ברמונדי טרי,משתנה,,דג ברמונדי טרי,קילוגרמים,1.00,"ק""ג",true,,54.90,54.9000,true,1,69074
7290000501796,false,נתחי פילה סלמון טרי,,,נתחי פילה סלמון טרי,קילוגרמים,1.00,"ק""ג",true,,119.90,119.9000,true,1,122483
7290000501826,false,פילה נסיכת הנילוס טר,משתנה,IL,פילה נסיכת הנילוס טר,קילוגרמים,1.00,"ק""ג",true,,84.90,84.9000,true,1,69080
7290000501901,false,פילה דניס טרי יחידה,,,פילה דניס טרי יחידה,יח',1.00,יח',false,,17.90,17.9000,true,1,87617
7290000501925,false,פילה אמנון טרי יחידה,,IL,פילה אמנון טרי יחידה,יח',1.00,יח',false,,14.90,14.9000,true,1,89702
7290000501963,false,פילה לברק טרי יחידה,,,פילה לברק טרי יחידה,יח',1.00,יח',false,,17.90,17.9000,true,1,106495
7290000501987,false,דניס טרי יחידה,,,דניס טרי יחידה,גרמים,400.00,100 גרם,false,,29.90,0.0747,true,1,114523
7290000501994,false,לברק טרי יחידה כ-400,,,לברק טרי יחידה כ-400,גרמים,400.00,100 גרם,false,,34.90,0.0872,true,1,114524
7290000502182,false,פילה נסיכת הנילוס טח,,,פילה נסיכת הנילוס טח,קילוגרמים,1.00,"ק""ג",true,,84.90,84.9000,true,1,115681
7290000502311,false,פילה סלמון טרי,,,פילה סלמון טרי,קילוגרמים,1.00,"ק""ג",true,,119.90,119.9000,true,1,118149
7290000502601,false,פילה ברמונדי יחידה כ,,,פילה ברמונדי יחידה כ,גרמים,140.00,100 גרם,false,,21.90,0.1564,true,1,126342
7290000504049,false,סוכרזית קנקן,"סוכרזית בע""מ",IL,סוכרזית,גרמים,98.00,100 גרם,false,,17.90,0.1827,true,1,91747
7290000504278,false,סוכרזית,"סוכרזית בע""מ",IL,סוכרזית,גרמים,57.00,100 גרם,false,,13.90,0.2439,true,1,91750
7290000509247,false,עוגת קראנץ קינמון,בונז'ור,IL,בונז'ור,גרמים,650.00,00000000000000000גרם,false,,24.90,0.0383,true,1,33493
7290000509353,false,עוגת בריוש מאפית אסם,בונז'ור,IL,בונז'ור,גרמים,550.00,00000000000000000גרם,false,,24.90,0.0453,true,1,33494
7290000518169,false,מתוק וקל 1000 טבליות,מתוק וקל,IL,מתוק וקל,גרמים,80.00,100 גרם,false,,6.90,0.0863,true,1,89900
7290000518176,false,מתוק וקל 250 שקיות,מתוק וקל,IL,מתוק וקל,גרמים,250.00,100 גרם,false,,16.90,0.0676,true,1,89901
7290000518190,false,מתוק וקל סטיביה 100,מתוק וקל,IL,מתוק וקל,גרמים,200.00,100 גרם,false,,24.90,0.1245,true,1,89902
7290000518251,false,מתוק וקל זהב 100 שקי,מתוק וקל,IL,מתוק וקל,גרמים,100.00,100 גרם,false,,10.90,0.1090,true,1,89905
7290000518336,false,צמר גפן מתוק מוש,מתוק וקל,,צמר גפן מתוק מוש,גרמים,10.00,100 גרם,false,,4.90,0.4900,true,1,118679
7290000521008,false,*מבצע* יין אדום סגל,ברקן סגל,IL,סגל רגיל,מיליליטרים,750.00,"100 מ""ל",false,,19.90,0.0265,true,1,91219
7290000521015,false,*מבצע* יין לבן סגל,ברקן סגל,IL,סגל רגיל,מיליליטרים,750.00,"100 מ""ל",false,,19.90,0.0265,true,1,91220
7290000521152,false,*מבצע* שוק אווז קפוא,קווליטי פולטרי,HU,בלדי,קילוגרמים,1.00,"ק""ג",true,,44.90,44.9000,true,1,61872
7290000522166,false,חלב הרים טהור 3% ללא,"מחלבות רמה""ג",IL,חלב הרים,ליטרים,1.00,ליטר,false,,10.50,10.5000,true,1,53351
7290000522319,false,חלב טרי מהגולן 3%,מחלבות רמת הגולן,IL,רמת הגולן,ליטרים,1.00,ליטר,false,,6.00,6.0000,true,1,112625
7290000523125,false,מלח ים 250 גרם,מלח הארץ אילת,IL,מלח הארץ,גרמים,250.00,100 גרם,false,,5.40,0.0216,true,1,92135
7290000523224,false,מלח ים 500 גרם,מלח הארץ אילת,IL,מלח הארץ,גרמים,500.00,100 גרם,false,,7.90,0.0158,true,1,92136
7290000523514,false,מלח מופחת נתרן,מלח הארץ אילת,IL,מלח הארץ,גרמים,200.00,100 גרם,false,,9.90,0.0495,true,1,92137
7290000523521,false,מלח מועשר יוד 250 גר,מלח הארץ אילת,IL,מלח הארץ,גרמים,250.00,100 גרם,false,,5.90,0.0236,true,1,92138
7290000523804,false,"מלח עדין 1 ק""ג צנצנת",מלח הארץ אילת,IL,מלח הארץ,קילוגרמים,1.00,"ק""ג",false,,6.90,6.9000,true,1,92139
7290000523811,false,"מלח גס 1 ק""ג צנצנת",מלח הארץ אילת,IL,מלח הארץ,קילוגרמים,1.00,"ק""ג",false,,6.90,6.9000,true,1,92140
7290000525563,false,מארז פחיות ספרייט 15,,,מארז פחיות ספרייט 15,ליטרים,4.95,ליטר,false,,34.90,7.0505,true,1,121635
7290000525969,false,מיץ תפוזים סחוט 1 לי,"גניר (1992) בע""מ",IL,תוצרת מסחרית,ליטרים,1.00,ליטר,false,,15.90,15.9000,true,1,92010
7290000530024,false,סלמי תה מעושן,זוגלובק,IL,זוגלובק,קילוגרמים,1.00,"ק""ג",true,,46.00,46.0000,true,1,71238
7290000530062,false,סלמי מעושן איטלקי,זוגלובק,IL,זוגלובק,קילוגרמים,1.00,"ק""ג",true,,80.00,80.0000,true,1,71244
7290000530086,false,*מבצע* סלמי מעושן 70,זוגלובק,IL,זוגלובק,גרמים,600.00,100 גרם,false,,24.90,0.0415,true,1,92952
7290000530109,false,זוג קבאנוס וואקום,זוגלובק,IL,זוגלובק,גרמים,360.00,100 גרם,false,,24.90,0.0692,true,1,92953
7290000530116,false,סלמי בשן 470 גרם,זוגלובק,IL,זוגלובק,גרמים,470.00,100 גרם,false,,24.90,0.0530,true,1,92954
7290000530178,false,סלמי קוניאק,זוגלובק,IL,זוגלובק,קילוגרמים,1.00,"ק""ג",true,,83.00,83.0000,true,1,71255
7290000530192,false,סרבלד,זוגלובק,IL,זוגלובק,קילוגרמים,1.00,"ק""ג",true,,124.00,124.0000,true,1,71257
7290000530260,false,מרטדלה,זוגלובק,IL,זוגלובק,קילוגרמים,1.00,"ק""ג",true,,35.00,35.0000,true,1,71259
7290000530369,false,פסטרמה גולן,זוגלובק,IL,זוגלובק,קילוגרמים,1.00,"ק""ג",true,,79.00,79.0000,true,1,71263
7290000530413,false,המבורגר זהב 400 ג,זוגלובק,IL,זוגלובק,גרמים,400.00,100 גרם,false,,19.90,0.0497,true,1,92956
7290000530444,false,כתף בקר מעושן,זוגלובק,IL,זוגלובק,קילוגרמים,1.00,"ק""ג",true,,109.00,109.0000,true,1,71267
7290000530468,false,נקניקיות וינר 1 קג,זוגלובק,IL,זוגלובק,קילוגרמים,1.00,"ק""ג",false,,23.90,23.9000,true,1,92957
7290000530703,false,נקניק תה +חרמון 800,זוגלובק,IL,זוגלובק,גרמים,800.00,100 גרם,false,,25.90,0.0324,true,1,92960
7290000531410,false,פסטרמה בדבש טהור,זוגלובק,IL,זוגלובק,קילוגרמים,1.00,"ק""ג",true,,79.00,79.0000,true,1,71278
7290000531601,false,סטיק בורגר 400 גרם,זוגלובק,IL,זוגלובק,גרמים,400.00,100 גרם,false,,19.90,0.0497,true,1,92961
7290000532400,false,פסטרמה ברביקיו,זוגלובק,IL,זוגלובק,קילוגרמים,1.00,"ק""ג",true,,79.00,79.0000,true,1,71288
7290000532721,false,טורו כתף בקר פלפל,זוגלובק,IL,זוגלובק,קילוגרמים,1.00,"ק""ג",true,,99.00,99.0000,true,1,71292
7290000533353,false,בצק עלים 1 קג,זוגלובק,IL,זוגלובק,קילוגרמים,1.00,"ק""ג",false,,13.90,13.9000,true,1,92962
7290000533681,false,פסטרמה מעושנת הבית,זוגלובק,IL,זוגלובק,קילוגרמים,1.00,"ק""ג",true,,79.00,79.0000,true,1,71298
7290000534718,false,פסטרמה תבור דל שומן,זוגלובק,IL,זוגלובק,קילוגרמים,1.00,"ק""ג",true,,79.00,79.0000,true,1,71302
7290000534800,false,פסטרמה רומנית,זוגלובק,IL,זוגלובק,קילוגרמים,1.00,"ק""ג",true,,79.00,79.0000,true,1,71304
7290000536316,false,שניצל טבע 1 קג,זוגלובק,IL,זוגלובק,קילוגרמים,1.00,"ק""ג",false,,23.90,23.9000,true,1,92963
7290000536743,false,קריספי סטיקס תירס,זוגלובק,IL,זוגלובק,גרמים,500.00,100 גרם,false,,11.90,0.0238,true,1,92964
7290000537566,false,נקניקיות עוף 400 גרם,זוגלובק,IL,זוגלובק,גרמים,400.00,100 גרם,false,,9.90,0.0248,true,1,92966
7290000537603,false,נקניקיות עוף 1 קג,זוגלובק,IL,זוגלובק,קילוגרמים,1.00,"ק""ג",false,,23.90,23.9000,true,1,92967
7290000551234,false,שאריות נקניק,,,שאריות נקניק,קילוגרמים,1.00,"ק""ג",true,,25.00,25.0000,true,1,66553
7290000552569,false,סטייק בורגר 400 גרם,טיבון ויל,IL,טיבון ויל,גרמים,400.00,100 גרם,false,,17.90,0.0447,true,1,91563
7290000554006,false,קאשקבל משולשים 26%,מחלבות גד,IL,מחלבות גד,קילוגרמים,1.00,"ק""ג",true,,125.00,125.0000,true,1,103144
7290000554402,false,מלבי,מחלבות גד,IL,מחלבות גד,גרמים,160.00,100 גרם,false,,5.50,0.0344,true,1,91509
7290000554457,false,צפתית 5% 350 גר,מחלבות גד,IL,מחלבות גד,גרמים,350.00,100 גרם,false,,19.90,0.0569,true,1,91510
7290000554471,false,מוצרלה 180 גרם,מחלבות גד,IL,מחלבות גד,גרמים,180.00,100 גרם,false,,15.90,0.0883,true,1,91511
7290000554532,false,צפתית מעודנת 5% 200ג,מחלבות גד,IL,מחלבות גד,גרמים,200.00,100 גרם,false,,13.90,0.0695,true,1,91512
7290000554600,false,מוצרלה מגורדת,מחלבות גד,IL,מחלבות גד,גרמים,300.00,100 גרם,false,,24.90,0.0830,true,1,91513
7290000554624,false,ירח מתוק,מחלבות גד,IL,מחלבות גד,גרמים,150.00,100 גרם,false,,5.50,0.0367,true,1,91514
7290000554655,false,מוצרלה נקניק מעושן 2,מחלבות גד,IL,מחלבות גד,קילוגרמים,1.00,"ק""ג",true,,79.00,79.0000,true,1,103145
7290000554686,false,לבנה שמן זית זעתר,מחלבות גד,IL,מחלבות גד,גרמים,250.00,100 גרם,false,,13.90,0.0556,true,1,91516
7290000554792,false,בולגרית מעודנת 5%,דשן,IL,מחלבות גד,קילוגרמים,1.00,"ק""ג",true,,56.00,56.0000,true,1,48900
7290000554815,false,מוצרלה 22%,מחלבות גד,IL,מחלבות גד,קילוגרמים,1.00,"ק""ג",true,,80.00,80.0000,true,1,103147
7290000554822,false,ריקוטה,מחלבות גד,IL,מחלבות גד,גרמים,250.00,100 גרם,false,,13.90,0.0556,true,1,91519
7290000554839,false,מסקרפונה 250 גרם,מחלבות גד,IL,מחלבות גד,גרמים,250.00,100 גרם,false,,19.90,0.0796,true,1,91520
7290000554891,false,בולגרית מעודנת 16%,דשן,IL,מחלבות גד,קילוגרמים,1.00,"ק""ג",true,,56.00,56.0000,true,1,48908
7290000554921,false,ריקוטה 5%,מחלבות גד,IL,מחלבות גד,קילוגרמים,1.00,"ק""ג",true,,60.00,60.0000,true,1,48912
7290000554969,false,גבינת שמנת טבעית 30%,מחלבות גד,IL,מחלבות גד,קילוגרמים,1.00,"ק""ג",true,,45.00,45.0000,true,1,48917
7290000554976,false,גבינת שמנת זיתים 30%,מחלבות גד,IL,מחלבות גד,קילוגרמים,1.00,"ק""ג",true,,45.00,45.0000,true,1,48919
7290000554983,false,לאבנה 5%,מחלבות גד,IL,מחלבות גד,קילוגרמים,1.00,"ק""ג",true,,39.00,39.0000,true,1,48921
7290000554990,false,מוצרלה  פרסקה כדורים,מחלבות גד,IL,מחלבות גד,קילוגרמים,1.00,"ק""ג",true,,89.00,89.0000,true,1,48923
7290000560021,false,ג'ל גילוח סגול נגד ח,אנרג'ייזר,US,אדג',מיליליטרים,200.00,"100 מ""ל",false,,15.90,0.0795,true,1,90569
7290000560533,false,ג'ל גילוח ירוק לעור,אנרג'ייזר,US,אדג',מיליליטרים,200.00,"100 מ""ל",false,,15.90,0.0795,true,1,90570
7290000560540,false,ג'ל גילוח כתום לעור,אנרג'ייזר,US,אדג',מיליליטרים,200.00,"100 מ""ל",false,,15.90,0.0795,true,1,90571
7290000568324,false,מאפים במשקל בקופסא,,,מאפים במשקל בקופסא,קילוגרמים,1.00,"ק""ג",true,,42.00,42.0000,true,1,116249
7290000568621,false,מאפים במשקל בשקית,,,מאפים במשקל בשקית,קילוגרמים,1.00,"ק""ג",true,,42.00,42.0000,true,1,116250
7290000571119,false,גאודה בקר 30%,מחלבה בית יצחק,IL,בית יצחק,קילוגרמים,1.00,"ק""ג",true,,103.00,103.0000,true,1,77233
7290000571188,false,גאודה-תום עזים במשקל,מחלבה בית יצחק,IL,בית יצחק,קילוגרמים,1.00,"ק""ג",true,,139.00,139.0000,true,1,77235
7290000571232,false,גאודה טבעי פרוס 200,מחלבה בית יצחק,IL,בית יצחק,גרמים,150.00,100 גרם,false,,22.90,0.1527,true,1,92409
7290000571300,false,גאודה מעושנת פרוס 20,מחלבה בית יצחק,IL,בית יצחק,גרמים,200.00,100 גרם,false,,22.90,0.1145,true,1,92410
7290000571386,false,*מבצע* יוגורט כבשים,מחלבה בית יצחק,IL,בית יצחק,גרמים,850.00,100 גרם,false,,19.90,0.0234,true,1,92411
7290000571393,false,יוגורט כבשים 140 גרם,מחלבה בית יצחק,IL,בית יצחק,גרמים,140.00,100 גרם,false,,5.70,0.0407,true,1,92412
7290000571843,false,יוגורט עזים יוגומה 1,מחלבה בית יצחק,IL,בית יצחק,גרמים,140.00,100 גרם,false,,5.70,0.0407,true,1,92417
7290000571881,false,משקה יוגורט מחלב עזי,תנובה,IL,תנובה,מיליליטרים,500.00,"100 מ""ל",false,,11.90,0.0238,true,1,106582
7290000572208,false,חלוה 100 גרם אחוה,"אחדות ביח""ר לטחינה ח",IL,אחוה,גרמים,100.00,100 גרם,false,,2.90,0.0290,true,1,90038
7290000572222,false,חלוה בלוק 500 גרם אח,"אחדות ביח""ר לטחינה ח",IL,אחוה,גרמים,500.00,100 גרם,false,,10.90,0.0218,true,1,90039
7290000572628,false,חטיפי חלוה ללא תוספת,"אחדות ביח""ר לטחינה ח",IL,אחוה,גרמים,275.00,100 גרם,false,,12.90,0.0469,true,1,90040
7290000572673,false,"חלוה בקופסת שי ""חטיף","אחדות ביח""ר לטחינה ח",IL,אחוה,גרמים,300.00,100 גרם,false,,12.90,0.0430,true,1,90042
7290000572819,false,טחינה גולמית אחוה 1,"אחדות ביח""ר לטחינה ח",,טחינה גולמית אחוה 1,קילוגרמים,1.00,"ק""ג",false,,18.90,18.9000,true,1,125995
7290000574028,false,לחם שחור מעושר פלוס,,IL,דגנית עין בר,גרמים,750.00,100 גרם,false,,6.90,0.0092,true,1,111217
7290000574035,false,לחם אחיד פרוס 750 גר,דגנית עין בר,IL,לחם אחיד פרוס 750 גר,גרמים,750.00,100 גרם,false,,5.90,0.0079,true,1,95233
7290000574066,false,לחם מלא עם שיפון,דגנית עין בר,IL,לחם מלא עם שיפון,גרמים,750.00,100 גרם,false,,13.90,0.0185,true,1,93028
7290000574141,false,לחם חיטה מלא,דגנית עין בר,IL,לחם חיטה מלא,גרמים,750.00,100 גרם,false,,11.90,0.0159,true,1,93030
7290000574172,false,לחם קל מחיטה מלאה,דגנית עין בר,IL,לחם קל מחיטה מלאה,גרמים,750.00,100 גרם,false,,11.90,0.0159,true,1,93031
7290000574257,false,לחם אחיד פרוס- קל,דגנית עין בר,IL,לחם אחיד פרוס- קל,גרמים,750.00,100 גרם,false,,13.90,0.0185,true,1,93032
7290000574370,false,לחם שיפון אמיתי קל,דגנית עין בר,IL,לחם שיפון אמיתי קל,גרמים,750.00,100 גרם,false,,13.90,0.0185,true,1,95237
7290000574455,false,לחם  חיטה וכוסמין,דגנית עין בר,IL,לחם  חיטה וכוסמין,גרמים,750.00,100 גרם,false,,13.90,0.0185,true,1,93033
7290000584621,false,קופון יוחננוף ספרינג,,,קופון יוחננוף ספרינג,יח',1.00,יח',false,,0.01,0.0100,true,1,124781
7290000585659,false,עוגת קראנץ מאפית,,,עוגת קראנץ מאפית,יח',1.00,יח',false,,24.90,24.9000,true,1,95540
7290000588834,false,סופגניה מיוחדת,,,סופגניה מיוחדת,יח,1.00,יח,false,,4.50,4.5000,true,1,119589
7290000599434,false,3 סחבות לרצפה Shiny,נועם אורים תעשיות בע,IL,Shiny,יח',3.00,יח',false,,7.90,2.6333,true,1,93661
7290000599564,false,צמר פלדה Classic,,,צמר פלדה Classic,1,70.00,1,false,,2.90,0.0414,true,1,105600
7290000599946,false,6 ספוגי הפלא Shiny,מ.א ייצור ושיווק מטל,IL,Shiny,יח',6.00,יח',false,,4.90,0.8167,true,1,93665
7290000623559,false,צדר אנגלי כתום,שבינגטון,GB,שבינגטון,קילוגרמים,1.00,"ק""ג",true,,109.00,109.0000,true,1,74550
7290000632544,false,סופגניה מיני 6ב14,,,סופגניה מיני 6ב14,יח,6.00,יח,false,,14.00,2.3333,true,1,127120
7290000644783,false,סלמון מנות רביעיה תנ,טרוטל,NO,דגי תנובה,קילוגרמים,1.00,"ק""ג",true,,79.90,79.9000,true,1,104712
7290000646299,false,פילה נסיכת הנילוס תנ,,,פילה נסיכת הנילוס תנ,קילוגרמים,1.00,"ק""ג",true,,54.90,54.9000,true,1,112694
7290000654256,false,כנפיים קפוא מחפוד,,,כנפיים עוף מחפוד,קילוגרמים,1.00,"ק""ג",true,,9.90,9.9000,true,1,88580
7290000654270,false,חזה עוף קפוא מחפוד,,,חזה עוף קפוא מחפוד,קילוגרמים,1.00,"ק""ג",true,,24.90,24.9000,true,1,74047
7290000654294,false,שניצל עוף מחפוד קפוא,,,שניצל עוף מחפוד קפוא,קילוגרמים,1.00,"ק""ג",true,,29.90,29.9000,true,1,74049
7290000654324,false,שוקיים עוף קפוא מחפו,,,שוקיים עוף מחפוד,קילוגרמים,1.00,"ק""ג",true,,29.90,29.9000,true,1,88584
7290000659312,false,פילה סלמון תנובה קפו,,,תנובה,קילוגרמים,1.00,"ק""ג",true,,69.90,69.9000,true,1,104716
7290000663036,false,פילה אמנון ללא עור ת,,,פילה אמנון ללא עור ת,קילוגרמים,1.00,"ק""ג",true,,34.90,34.9000,true,1,124625
7290000666666,false,גניבה מוצרים מכלת,,,גניבה מוצרים מכלת,יח',1.00,יח',false,,1.00,1.0000,true,1,105858
7290000688374,false,מים מינרליים מי עדן,מי עדן,IL,מי עדן,ליטרים,1.98,ליטר,false,,14.90,7.5253,true,1,91314
7290000688381,false,מים מינרליים מי עדן,מי עדן,IL,מי עדן,ליטרים,3.00,ליטר,false,,12.90,4.3000,true,1,91315
7290000688503,false,מים מינרליים מי עדן,מי עדן,IL,מי עדן,ליטרים,4.50,ליטר,false,,14.90,3.3111,true,1,91316
7290000692203,false,*מבצע* אג'קס ניקוי ר,Colgate - Greece,GR,אג'קס,ליטרים,2.00,ליטר,false,,19.90,9.9500,true,1,92595
7290000692210,false,*מבצע* אג'קס ניקוי ר,Colgate - Greece,GR,אג'קס,ליטרים,2.00,ליטר,false,,19.90,9.9500,true,1,92596
7290000692227,false,פלמוליב צילינדר קלאס,Colgate - Greece,GR,פלמוליב  כלים,ליטרים,1.00,ליטר,false,,13.90,13.9000,true,1,92597
7290000692456,false,אג'קס חלונות זוג 750,,,אגקס חלונות זוג,ליטרים,1.50,ליטר,false,,24.90,16.6000,true,1,92599
7290000698571,false,שווארמה פרגית במשקל,יצור עצמי,IL,שווארמה פרגית,קילוגרמים,1.00,"ק""ג",true,,99.00,99.0000,true,1,29212
7290000749563,false,קופון יוחננוף פיניש,,,קופון יוחננוף פיניש,יח',1.00,יח',false,,0.01,0.0100,true,1,126734
7290000749853,false,מארז פחיות קוקה קולה,,,מארז פחיות קוקה קולה,ליטרים,4.95,ליטר,false,,34.90,7.0505,true,1,121636
7290000771175,false,*מבצע* פילה סלמון,יצור עצמי,IL,פילה סלומון,קילוגרמים,1.00,"ק""ג",true,,99.00,99.0000,true,1,29222
7290000777139,false,פול ירוק,יצור עצמי,IL,פול ירוק,קילוגרמים,1.00,"ק""ג",true,,45.00,45.0000,true,1,29226
7290000777887,false,מרק היום,יצור עצמי,IL,מרק היום,קילוגרמים,1.00,"ק""ג",true,,29.00,29.0000,true,1,29249
7290000777993,false,שעועית לבנה ברוטב,יצור עצמי,IL,שעועית לבנה,קילוגרמים,1.00,"ק""ג",true,,45.00,45.0000,true,1,29256
7290000784519,false,קופון יוחננוף נייר א,,,קופון יוחננוף נייר א,יח',1.00,יח',false,,0.01,0.0100,true,1,127232
7290000800127,false,מקרל בעישון קר,,,פלמידה בעישון קר,קילוגרמים,1.00,"ק""ג",true,,70.00,70.0000,true,1,60403
7290000803067,false,אלמקס ילדים משחת שינ,CP-Poland swidnica,PL,אלמקס,גרמים,75.00,100 גרם,false,,15.90,0.2120,true,1,92601
7290000803180,false,*מבצע* מרידול שטיפה,,,מרידול מי פה,מיליליטרים,400.00,"100 מ""ל",false,,24.90,0.0622,true,1,92602
7290000805597,false,בונזו סניור 7+ 3 קג,"ביופט בע""מ",IL,בונזו,קילוגרמים,3.00,"ק""ג",false,,49.90,16.6333,true,1,94954
7290000805924,false,לה-קט 2.85 קג דגים,"ביופט בע""מ",IL,לה קט,קילוגרמים,2.85,"ק""ג",false,,59.90,21.0175,true,1,92746
7290000811796,false,מרק גדול,יצור עצמי,IL,מרק גדול,יח',1.00,יח',false,,18.00,18.0000,true,1,29267
7290000814988,false,קבב מסעדות חלק,,,קבב מסעדות חלק,קילוגרמים,1.00,"ק""ג",true,,49.90,49.9000,true,1,105553
7290000848549,false,קופון יוחננוף פרסיל,,,קופון יוחננוף פרסיל,יח',1.00,יח',false,,0.01,0.0100,true,1,122591
7290000852171,false,אוזני פיל מאפית.,,,אוזני פיל מאפית.,קילוגרמים,1.00,"ק""ג",true,,29.00,29.0000,true,1,119368
7290000866208,false,מרגז,יצור עצמי,IL,נקניקיות מרגז,קילוגרמים,1.00,"ק""ג",true,,69.00,69.0000,true,1,29271
7290000866222,false,פלפל ממולא,יצור עצמי,IL,פלפל ממולא צמחוני,קילוגרמים,1.00,"ק""ג",true,,59.00,59.0000,true,1,29273
7290000881195,false,קרפלך במילוי,יצור עצמי,IL,קרפלך במילוי,קילוגרמים,1.00,"ק""ג",true,,59.00,59.0000,true,1,29278
7290000883373,false,קציצות עוף,יצור עצמי,IL,קציצות עוף,קילוגרמים,1.00,"ק""ג",true,,59.00,59.0000,true,1,29279
7290000884424,false,לביבות,יצור עצמי,IL,לביבות,קילוגרמים,1.00,"ק""ג",true,,59.00,59.0000,true,1,29280
7290000888019,false,*מבצע* אורז במבחר טע,יצור עצמי,IL,אורז במבחר טעמים,קילוגרמים,1.00,"ק""ג",true,,19.00,19.0000,true,1,29281
7290000888026,false,"*מבצע* תפו""א אפוי",יצור עצמי,IL,"תפו""א אפוי",קילוגרמים,1.00,"ק""ג",true,,19.00,19.0000,true,1,29282
7290000888040,false,*מבצע* שניצל,יצור עצמי,IL,שניצל,קילוגרמים,1.00,"ק""ג",true,,49.00,49.0000,true,1,29283
7290000888071,false,*מבצע* פילה אמנון בר,יצור עצמי,IL,דג מושט,קילוגרמים,1.00,"ק""ג",true,,45.00,45.0000,true,1,29285
7290000888095,false,נסיכת הנילוס ברוטב,יצור עצמי,IL,דג נסיכה,קילוגרמים,1.00,"ק""ג",true,,89.00,89.0000,true,1,29287
7290000888101,false,קציצות דגים,יצור עצמי,IL,קציצות דגים,קילוגרמים,1.00,"ק""ג",true,,59.00,59.0000,true,1,29288
7290000888125,false,קוסקוס,יצור עצמי,IL,קוסקוס,קילוגרמים,1.00,"ק""ג",true,,29.00,29.0000,true,1,29289
7290000888156,false,אפונה עם גזר,יצור עצמי,IL,אפונה עם גזר,קילוגרמים,1.00,"ק""ג",true,,45.00,45.0000,true,1,29290
7290000888194,false,מוסקה,יצור עצמי,IL,מוסקה,קילוגרמים,1.00,"ק""ג",true,,79.00,79.0000,true,1,29292
7290000888217,false,*מבצע* סיגרים/פסטלים,יצור עצמי,IL,סיגרים מטוגנים,קילוגרמים,1.00,"ק""ג",true,,39.00,39.0000,true,1,29293
7290000888248,false,קציצות בקר,יצור עצמי,IL,קציצות בקר,קילוגרמים,1.00,"ק""ג",true,,59.00,59.0000,true,1,29294
7290000888286,false,*מבצע* פרגיות על האש,יצור עצמי,IL,פרגיות על האש,קילוגרמים,1.00,"ק""ג",true,,79.00,79.0000,true,1,29296
7290000888385,false,פתיתים,יצור עצמי,IL,פתיתים סוגים,קילוגרמים,1.00,"ק""ג",true,,35.00,35.0000,true,1,29302
7290000888422,false,פירה,יצור עצמי,IL,פירה,קילוגרמים,1.00,"ק""ג",true,,35.00,35.0000,true,1,29305
7290000888446,false,*מבצע* חזה עוף בגריל,יצור עצמי,IL,חזה עוף בגריל,קילוגרמים,1.00,"ק""ג",true,,49.00,49.0000,true,1,29307
7290000888644,false,גבץ,יצור עצמי,IL,רטטוי צרפתי,קילוגרמים,1.00,"ק""ג",true,,45.00,45.0000,true,1,95507
7290000888668,false,*מבצע* עוף שלם בגריל,יצור עצמי,IL,עוף שלם בגריל,יח',1.00,יח',false,,35.00,35.0000,true,1,29311
7290000888859,false,אגרול מטוגן,יצור עצמי,IL,פסטלים/אגרול,קילוגרמים,1.00,"ק""ג",true,,59.00,59.0000,true,1,29317
7290000888866,false,*מבצע* קובה מטוגנת,יצור עצמי,IL,קובה מטוגנת,קילוגרמים,1.00,"ק""ג",true,,39.00,39.0000,true,1,29318
7290000888941,false,ציפס במשקל,יצור עצמי,IL,ציפס,קילוגרמים,1.00,"ק""ג",true,,29.00,29.0000,true,1,29325
7290000888972,false,בטטה אפויה,יצור עצמי,IL,בטטה בעשבי תיבול,קילוגרמים,1.00,"ק""ג",true,,35.00,35.0000,true,1,29326
7290000889054,false,קבב בקר,יצור עצמי,IL,קבב בקר,קילוגרמים,1.00,"ק""ג",true,,69.00,69.0000,true,1,29330
7290000889092,false,ארטישוק מבושל,יצור עצמי,IL,ארטישוק,קילוגרמים,1.00,"ק""ג",true,,59.00,59.0000,true,1,29334
7290000895413,false,קופון יוחננוף מטליות,,,קופון יוחננוף מטליות,יח',1.00,יח',false,,0.01,0.0100,true,1,125279
7290000911014,false,ארוחת עובד יוחננוף,יצור עצמי,IL,ארוחת עובד,יח',1.00,יח',false,,15.00,15.0000,true,1,29344
7290000911243,false,בורגול חם,יצור עצמי,IL,בורגול פקאן,קילוגרמים,1.00,"ק""ג",true,,45.00,45.0000,true,1,29347
7290000911250,false,*מבצע* מוקפץ נודלס ו,יצור עצמי,IL,מוקפץ נודלס וירקות,קילוגרמים,1.00,"ק""ג",true,,29.00,29.0000,true,1,29348
7290000911311,false,מרק קוסקוס,יצור עצמי,IL,מרק קוסקוס,קילוגרמים,1.00,"ק""ג",true,,39.00,39.0000,true,1,29351
7290000911342,false,זיתים ברוטב עגבניות,יצור עצמי,IL,זיתים ברוטב עגבניות,קילוגרמים,1.00,"ק""ג",true,,55.00,55.0000,true,1,29354
7290000911359,false,שעועית ירוקה מוקפצת,יצור עצמי,IL,שעועית ירוקה מוקפצת,קילוגרמים,1.00,"ק""ג",true,,45.00,45.0000,true,1,29355
7290000911366,false,במיה ברוטב עגבניות,יצור עצמי,IL,במיה ברוטב עגבניות,קילוגרמים,1.00,"ק""ג",true,,45.00,45.0000,true,1,29356
7290000911397,false,*מבצע* שניצלונים,יצור עצמי,IL,שניצלונים,קילוגרמים,1.00,"ק""ג",true,,49.00,49.0000,true,1,29359
7290000911564,false,*מבצע* צלי בקר,יצור עצמי,IL,צלי בקר ביין אדום,קילוגרמים,1.00,"ק""ג",true,,89.00,89.0000,true,1,29367
7290000911687,false,*מבצע* כרעיים,,,*מבצע* כרעיים,קילוגרמים,1.00,"ק""ג",true,,49.00,49.0000,true,1,29371
7290000911755,false,לשון בקר,יצור עצמי,IL,לשון בקר ברוטב סלרי,קילוגרמים,1.00,"ק""ג",true,,99.00,99.0000,true,1,29372
7290000912349,false,כדורי מוצרלה 22%,מחלבת פרי זה לי,IL,מחלבת פרי זה לי,קילוגרמים,1.00,"ק""ג",true,,69.00,69.0000,true,1,37280
7290000922997,false,גבינת חלומי 21%,מחלבת פרי זה לי,IL,מחלבת פרי זה לי,קילוגרמים,1.00,"ק""ג",true,,75.00,75.0000,true,1,37285
7290000930183,false,סלט מאשוויה במשקל,,,סלט מאשוויה במשקל,קילוגרמים,1.00,"ק""ג",true,,49.00,49.0000,true,1,118219
7290000930190,false,סלט פלפלים אש טוניסא,,,סלט פלפלים אש טוניסא,קילוגרמים,1.00,"ק""ג",true,,65.00,65.0000,true,1,118220
7290000946580,false,תיק רב פעמי יוחננוף,,,תיק רב פעמי יוחננוף,יח',1.00,יח',false,,3.90,3.9000,true,1,95157
7290000966151,false,קובה ברוטב,יצור עצמי,IL,קובה במיה,קילוגרמים,1.00,"ק""ג",true,,69.00,69.0000,true,1,29403
7290000971124,false,תבשיל גולש במשקל,יצור עצמי,IL,גולש הונגרי,קילוגרמים,1.00,"ק""ג",true,,89.00,89.0000,true,1,29411
7290000975269,false,אסאדו בתנור,,,אסאדו בתנור,קילוגרמים,1.00,"ק""ג",true,,119.00,119.0000,true,1,107936
7290000981109,false,עוגת בריוש גבינה חלב,בונז'ור,IL,בונז'ור,גרמים,550.00,00000000000000000גרם,false,,24.90,0.0453,true,1,33515
7290000995410,false,נבטים סיניים ארוז,נסטלה פורינה  USA קר,IL,נבטים סיניים,1,1.00,1,false,,5.90,5.9000,true,1,106988
7290000996608,false,גבינה גרוזינית/ערקית,מחלבת פרי זה לי,IL,מחלבת פרי זה לי,קילוגרמים,1.00,"ק""ג",true,,60.00,60.0000,true,1,37288
7290000996615,false,צפתית קשה 5%,מחלבת פרי זה לי,IL,מחלבת פרי זה לי,קילוגרמים,1.00,"ק""ג",true,,69.00,69.0000,true,1,37289
7290000997728,false,טבורוג 5%,מחלבת פרי זה לי,IL,מחלבת פרי זה לי,קילוגרמים,1.00,"ק""ג",true,,35.00,35.0000,true,1,37293
7290000999012,false,כרובית/ברוקולי מטוגנ,יצור עצמי,IL,כרובית מטוגנת,קילוגרמים,1.00,"ק""ג",true,,59.00,59.0000,true,1,29429
7290000999548,false,צפתית 5%,מחלבת פרי זה לי,IL,מחלבת פרי זה לי,קילוגרמים,1.00,"ק""ג",true,,40.00,40.0000,true,1,37298
7290000999845,false,כנפיים בגריל,יצור עצמי,IL,כנפיים בסויה דבש ושו,קילוגרמים,1.00,"ק""ג",true,,39.00,39.0000,true,1,29436
7290001009123,false,לחם 100% כוסמין 600,,,לחם 100% כוסמין 600,גרמים,600.00,100 גרם,false,,14.90,0.0248,true,1,94291
7290001009178,false,לחם 100% שיפון 900 ג,,,לחם 100% שיפון,גרמים,900.00,100 גרם,false,,14.90,0.0166,true,1,94292
7290001022085,false,פקורינו מחלב כבשים 3,היחוס דה סלבדור,ES,פקורינו מחלב כבשים 3,קילוגרמים,1.00,"ק""ג",true,,100.00,100.0000,true,1,126542
7290001022146,false,גבינת פרמזן 27%,זנטי,IT,וילי פוד,קילוגרמים,1.00,"ק""ג",true,,85.00,85.0000,true,1,126272
7290001041147,false,חומוס גדול 1 ק''ג,"מיה תעשיות מזון בע""מ",IL,מיה,קילוגרמים,1.00,"ק""ג",false,,10.90,10.9000,true,1,91452
7290001041185,false,פופקורן 1 ק''ג,"מיה תעשיות מזון בע""מ",IL,מיה,קילוגרמים,1.00,"ק""ג",false,,8.90,8.9000,true,1,91454
7290001041192,false,עדשים אדומות 1 ק''ג,"מיה תעשיות מזון בע""מ",IL,מיה,קילוגרמים,1.00,"ק""ג",false,,11.90,11.9000,true,1,91455
7290001041208,false,עדשים ירוקות 1 ק''ג,"מיה תעשיות מזון בע""מ",IL,מיה,קילוגרמים,1.00,"ק""ג",false,,11.90,11.9000,true,1,91456
7290001041215,false,חיטה 1 ק''ג,"מיה תעשיות מזון בע""מ",IL,מיה,קילוגרמים,1.00,"ק""ג",false,,5.90,5.9000,true,1,94309
7290001041260,false,שומשום 400 גר,"מיה תעשיות מזון בע""מ",IL,מיה,גרמים,400.00,100 גרם,false,,8.90,0.0223,true,1,94311
7290001041994,false,סוכר דמררה צנצנת 1 ק,מיה,IL,סוכר דמררה צנצנת 1 ק,קילוגרמים,1.00,"ק""ג",false,,9.90,9.9000,true,1,118881
7290001045688,false,מיץ תפוזים סחוט 400,פרימור,IL,מיץ תפוזים סחוט 400,מיליליטרים,400.00,"100 מ""ל",false,,7.90,0.0198,true,1,121651
7290001121054,false,*מבצע* נקניק צמד חמד,מעדני יחיעם,IL,יחיעם,גרמים,700.00,100 גרם,false,,24.90,0.0356,true,1,89952
7290001121238,false,נקניק קורנדביף 180 ג,מעדני יחיעם,IL,יחיעם,גרמים,180.00,100 גרם,false,,22.90,0.1272,true,1,89953
7290001121672,false,פסטרמה מעודנת בפפריק,מעדני יחיעם,IL,יחיעם,גרמים,300.00,100 גרם,false,,19.90,0.0663,true,1,89954
7290001121979,false,סלמי הרץ 150 גרם,מעדני יחיעם,IL,יחיעם,גרמים,150.00,100 גרם,false,,22.90,0.1527,true,1,89958
7290001123775,false,שווארמה פרגיות 500 ג,טיבון ויל,IL,טיבון ויל,גרמים,500.00,100 גרם,false,,19.90,0.0398,true,1,91566
7290001123782,false,שווארמה הודו 500 גרם,טיבון ויל,IL,טיבון ויל,גרמים,500.00,100 גרם,false,,19.90,0.0398,true,1,91567
7290001133484,false,פילה סלמון  נורבגי ק,סקרגרק,NO,בלדי,קילוגרמים,1.00,"ק""ג",true,,64.90,64.9000,true,1,105611
7290001135068,false,שניצל קפוא ארוז,"נטו מלינדה סחר בע""מ",IL,שניצל קפוא ארוז,קילוגרמים,1.00,"ק""ג",true,,34.90,34.9000,true,1,126273
7290001136287,false,נקה 7 שמפו,"אמיליה קוסמטיקס בע""מ",IL,נקה 7,מיליליטרים,750.00,"100 מ""ל",false,,10.90,0.0145,true,1,90761
7290001136294,false,נקה 7 שמפו,"אמיליה קוסמטיקס בע""מ",IL,נקה 7,מיליליטרים,750.00,"100 מ""ל",false,,10.90,0.0145,true,1,90762
7290001136683,false,נקה 7 מרכך,"אמיליה קוסמטיקס בע""מ",IL,נקה 7,מיליליטרים,750.00,"100 מ""ל",false,,10.90,0.0145,true,1,90764
7290001172827,false,מארז 10 יח' גביע עגו,בנדע,IL,אור שני,יח',1.00,יח',false,,6.90,6.9000,true,1,93687
7290001216231,false,טחינה מלאה 500 ג אל,,,טחינה מלאה 500 ג אל,גרמים,500.00,100 גרם,false,,16.90,0.0338,true,1,91184
7290001247082,false,ספרינג קרטוניות עגבנ,יפאורה תבורי,IL,ספרינג,ליטרים,1.00,ליטר,false,,6.40,6.4000,true,1,91324
7290001247099,false,ספרינג קרטוניות מנגו,יפאורה תבורי,IL,ספרינג,ליטרים,1.00,ליטר,false,,6.70,6.7000,true,1,91325
7290001247105,false,ספרינג קרטוניות אפרס,יפאורה תבורי,IL,ספרינג,ליטרים,1.00,ליטר,false,,6.70,6.7000,true,1,91326
7290001247129,false,ספרינג קרטוניות תפוז,יפאורה תבורי,IL,ספרינג,ליטרים,1.00,ליטר,false,,6.70,6.7000,true,1,91328
7290001247143,false,ספרינג קרטוניות תפוח,יפאורה תבורי,IL,ספרינג,ליטרים,1.00,ליטר,false,,6.70,6.7000,true,1,91329
7290001247891,false,ספרינג נקטר אפרסקים,יפאורה תבורי,IL,ספרינג נקטר אפרסקים,מיליליטרים,330.00,"100 מ""ל",false,,4.50,0.0136,true,1,117516
7290001258040,false,גבינת רוקפור 30%,,,גבינת רוקפור 32%,קילוגרמים,1.00,"ק""ג",true,,95.00,95.0000,true,1,109295
7290001258101,false,גבינת גאודה טבעי 28%,,,גבינת גאודה 30%,קילוגרמים,1.00,"ק""ג",true,,95.00,95.0000,true,1,52155
7290001258118,false,ג. קממברט 25%,,,ג. קממברט/אגוזים 28%,קילוגרמים,1.00,"ק""ג",true,,95.00,95.0000,true,1,52157
7290001258170,false,גבינת רוקפור 30%,,,גבינת רוקפור 32%,קילוגרמים,1.00,"ק""ג",true,,95.00,95.0000,true,1,52163
7290001258255,false,גבינת גאודה 28%,,,גבינת גאודה 30%,קילוגרמים,1.00,"ק""ג",true,,95.00,95.0000,true,1,109296
7290001258439,false,גבינת עז מה 5%,,,גבינת עז מה 5%,קילוגרמים,1.00,"ק""ג",true,,59.00,59.0000,true,1,52173
7290001258514,false,ריקוטה 5%,גבינות יעקבס,IL,משק יעקבס,קילוגרמים,1.00,"ק""ג",true,,39.00,39.0000,true,1,111603
7290001258552,false,לבנה בקר 5%  250 גרם,גבינות יעקבס,IL,משק יעקבס,גרמים,250.00,100 גרם,false,,9.90,0.0396,true,1,110614
7290001258620,false,מנצ'גו ואקום 30% 180,גבינות יעקבס,IL,מנצ'גו ואקום 30% 180,גרמים,180.00,100 גרם,false,,23.90,0.1328,true,1,117846
7290001258729,false,לבנה עיזים 5% 250 גר,גבינות יעקבס,IL,משק יעקבס,גרמים,250.00,100 גרם,false,,13.90,0.0556,true,1,110615
7290001258774,false,*מבצע* בייבי מוצרלה,גבינות יעקבס,IL,משק יעקבס,גרמים,150.00,100 גרם,false,,9.90,0.0660,true,1,110616
7290001258958,false,מוצרלה מגורדת 24% 20,גבינות יעקבס,IL,משק יעקבס,גרמים,200.00,100 גרם,false,,22.50,0.1125,true,1,94477
7290001274422,false,מצופים שוקו בננה 8 י,"פלקו בע""מ",IL,הגלידות של פלדמן,יח',8.00,יח',false,,21.90,2.7375,true,1,91303
7290001305058,false,פלמוליב חלב ודבש 500,CP - Turkey+60,TR,פלמוליב סבון,מיליליטרים,500.00,"100 מ""ל",false,,15.90,0.0318,true,1,92605
7290001305188,false,*מבצע* פלמוליב כלים,Colgate - Greece,GR,פלמוליב  כלים,מיליליטרים,750.00,"100 מ""ל",false,,8.90,0.0119,true,1,92606
7290001327791,false,קרמיסימו גלידה חלבית,גלידות שטראוס,IL,קרמיסימו,ליטרים,1.33,ליטר,false,,18.90,14.2105,true,1,90494
7290001343845,false,*מבצע* גרנולה פירות,"דין שיווק וקלייה בע""",IL,שקדיה,קילוגרמים,1.00,"ק""ג",false,,19.90,19.9000,true,1,89982
7290001407127,false,פרוסות חלבה וניל,,,פרוסות חלבה וניל,גרמים,400.00,100 גרם,false,,12.90,0.0323,true,1,90291
7290001407547,false,טחינה משומשום מלא 50,,,טחינה משומשום מלא 500 גר',גרמים,500.00,100 גרם,false,,13.90,0.0278,true,1,90293
7290001407592,false,טחינה בארכה מועשר בס,,,"טחינה שומשום 1 ק""ג",קילוגרמים,1.00,"ק""ג",false,,19.90,19.9000,true,1,118319
7290001407769,false,טחינה שומשום מלא באר,,,טחינה שומשום מלא 500,גרמים,500.00,100 גרם,false,,13.90,0.0278,true,1,90295
7290001407813,false,חלבה שאמית + פיסטוק,,,חלבה שאמית + פיסטוק בארכה,גרמים,350.00,100 גרם,false,,14.90,0.0426,true,1,90296
7290001407844,false,חלבה קלאסית וניל 350,,,חלבה קלאסית וניל 350,גרמים,350.00,100 גרם,false,,13.90,0.0397,true,1,90299
7290001407936,false,טחינה בארכה בקבוק לח,רושדי תעשיות מזון,IL,בארכה,גרמים,310.00,100 גרם,false,,10.90,0.0352,true,1,90300
7290001419618,false,וופל בלגי 200 גרם,"גילרו בע""מ",IL,גילרו,גרמים,200.00,100 גרם,false,,2.90,0.0145,true,1,90539
7290001419779,false,וופל עלמה 200 גרם,"גילרו בע""מ",IL,גילרו,גרמים,200.00,100 גרם,false,,2.90,0.0145,true,1,90540
7290001419793,false,גביעי גלידה 12 יח,"גילרו בע""מ",IL,גילרו,יח',12.00,יח',false,,9.90,0.8250,true,1,90541
7290001419892,false,וופל עלמה לימון 200,"גילרו בע""מ",IL,וופל עלמה לימון 200,גרמים,200.00,100 גרם,false,,2.90,0.0145,true,1,90542
7290001436790,false,מרגז מיני אקסטרה חרי,בלדי,IL,בלדי,גרמים,500.00,100 גרם,false,,27.90,0.0558,true,1,94712
7290001455418,false,סטייק טונה בוואקום א,היי וונג,VN,בלדי,קילוגרמים,1.00,"ק""ג",true,,39.90,39.9000,true,1,61944
7290001461105,false,לחם מחמצת,,,לחם רוסטיק לבן,יח',1.00,יח',false,,16.90,16.9000,true,1,87830
7290001476208,false,ברי פקאן משולשים צאן,גדישון,IL,מחלבות גד,קילוגרמים,1.00,"ק""ג",true,,129.00,129.0000,true,1,103148
7290001482094,false,פרמז'נו 200 גרם,זנטי,IT,וילי פוד,גרמים,200.00,100 גרם,false,,22.90,0.1145,true,1,91002
7290001482186,false,אננס חתוך 565 גרם,טקרנג,TH,אננס חתוך 565 גרם,גרמים,565.00,100 גרם,false,,5.90,0.0104,true,1,107674
7290001482384,false,אננס חתוך 227 גרם,טקרנג,TH,וילי פוד,גרמים,227.00,100 גרם,false,,3.90,0.0172,true,1,91003
7290001482490,false,פרמז'נו מגורד,זנטי,IT,וילי פוד,קילוגרמים,1.00,"ק""ג",true,,99.00,99.0000,true,1,122843
7290001485019,false,גבינת קרם שמנת טבעי,טרה,IL,טרה,גרמים,200.00,100 גרם,false,,10.90,0.0545,true,1,91961
7290001491010,false,*מבצע* תה ירוק יסמין,ויסוצקי,IL,ויסוצקי,גרמים,937.50,100 גרם,false,,17.90,0.0191,true,1,92141
7290001491096,false,*מבצע* תה ירוק לימונ,ויסוצקי,IL,ויסוצקי,גרמים,75.00,100 גרם,false,,37.90,0.5053,true,1,92142
7290001515310,false,כרית קרצוף יפנית סקו,,,כרית קרצוף יפנית סקו,יח',6.00,יח',false,,11.90,1.9833,true,1,90597
7290001515631,false,סקוטש ברייט שלישייה,M3,ES,סקוטש-ברייט,יח',3.00,יח',false,,10.90,3.6333,true,1,90599
7290001548011,false,טחינה ירוקה,סלטי מונטה קרלו,IL,טחינה ירוקה,קילוגרמים,1.00,"ק""ג",true,,33.00,33.0000,true,1,73207
7290001548028,false,חומוס,סלטי מונטה קרלו,IL,חומוס,קילוגרמים,1.00,"ק""ג",true,,33.00,33.0000,true,1,111491
7290001548042,false,סלט ביצים,משתנה,IL,סלט ביצים,קילוגרמים,1.00,"ק""ג",true,,55.00,55.0000,true,1,73211
7290001548134,false,כרוב לבן עם שמיר,סלטי מונטה קרלו,,כרוב לבן עם שמיר,קילוגרמים,1.00,"ק""ג",true,,39.00,39.0000,true,1,73225
7290001548141,false,גזר מרוקאי,משתנה,IL,גזר מרוקאי,קילוגרמים,1.00,"ק""ג",true,,39.00,39.0000,true,1,73227
7290001548165,false,פלפל חריף ירוק מקולף,משתנה,IL,פלפל חריף ירוק מקולף,קילוגרמים,1.00,"ק""ג",true,,59.00,59.0000,true,1,73232
7290001548202,false,סלק אדום רצועות,סלטי מונטה קרלו,,סלק אדום רצועות,קילוגרמים,1.00,"ק""ג",true,,39.00,39.0000,true,1,73236
7290001548233,false,חציל ברוטב אדום מחנה,סלטי מונטה קרלו,IL,חציל ברוטב אדום מחנה,קילוגרמים,1.00,"ק""ג",true,,49.00,49.0000,true,1,73242
7290001548271,false,כרוב לבן עם גזר,סלטי מונטה קרלו,,כרוב לבן עם גזר,קילוגרמים,1.00,"ק""ג",true,,39.00,39.0000,true,1,73250
7290001548295,false,מטבוחה,משתנה,IL,מטבוחה,קילוגרמים,1.00,"ק""ג",true,,39.00,39.0000,true,1,73252
7290001548325,false,סלט טונה וירקות,משתנה,IL,סלט טונה וירקות,קילוגרמים,1.00,"ק""ג",true,,75.00,75.0000,true,1,73256
7290001548349,false,"תפו""א במיונז ביתי",סלטי מונטה קרלו,,"תפו""א במיונז ביתי",קילוגרמים,1.00,"ק""ג",true,,39.00,39.0000,true,1,111492
7290001548356,false,חציל במיונז ביתי,סלטי מונטה קרלו,IL,חציל במיונז ביתי,קילוגרמים,1.00,"ק""ג",true,,49.00,49.0000,true,1,73260
7290001548363,false,חציל רומני,סלטי מונטה קרלו,IL,חציל רומני,קילוגרמים,1.00,"ק""ג",true,,49.00,49.0000,true,1,73262
7290001548370,false,טבולה,משתנה,IL,טבולה,קילוגרמים,1.00,"ק""ג",true,,55.00,55.0000,true,1,73264
7290001548424,false,כרוב קולסלאו,סלטי מונטה קרלו,,כרוב קולסלאו,קילוגרמים,1.00,"ק""ג",true,,39.00,39.0000,true,1,73270
7290001548462,false,פלפל רצועות מרוקאי,משתנה,IL,פלפל רצועות מרוקאי,קילוגרמים,1.00,"ק""ג",true,,65.00,65.0000,true,1,73276
7290001548509,false,פטריות שמפיניון עם ב,משתנה,IL,פטריות שמפיניון עם ב,קילוגרמים,1.00,"ק""ג",true,,65.00,65.0000,true,1,111495
7290001548523,false,חציל פרוסות בתחמיץ,סלטי מונטה קרלו,IL,חציל פרוסות בתחמיץ,קילוגרמים,1.00,"ק""ג",true,,49.00,49.0000,true,1,73281
7290001548561,false,גזר חריף בלימון,סלטי מונטה קרלו,IL,גזר חריף בלימון,קילוגרמים,1.00,"ק""ג",true,,39.00,39.0000,true,1,73287
7290001548615,false,חציל בטחינה,סלטי מונטה קרלו,IL,חציל בטחינה,קילוגרמים,1.00,"ק""ג",true,,49.00,49.0000,true,1,73293
7290001548653,false,טחינה זהב,סלטי מונטה קרלו,IL,טחינה זהב,קילוגרמים,1.00,"ק""ג",true,,33.00,33.0000,true,1,115682
7290001548691,false,כרוב אדום במיונז בית,סלטי מונטה קרלו,,כרוב אדום במיונז בית,קילוגרמים,1.00,"ק""ג",true,,39.00,39.0000,true,1,73305
7290001548738,false,חציל מרוקאי,סלטי מונטה קרלו,IL,חציל מרוקאי,קילוגרמים,1.00,"ק""ג",true,,49.00,49.0000,true,1,73309
7290001548806,false,מלפפון עם שמיר,משתנה,IL,מלפפון עם שמיר,קילוגרמים,1.00,"ק""ג",true,,39.00,39.0000,true,1,111498
7290001548868,false,מטבוחה,משתנה,IL,מטבוחה,קילוגרמים,1.00,"ק""ג",true,,39.00,39.0000,true,1,112033
7290001548967,false,חציל תאילנדי,סלטי מונטה קרלו,IL,חציל תאילנדי,קילוגרמים,1.00,"ק""ג",true,,49.00,49.0000,true,1,73330
7290001567708,false,*מבצע* נקניקיות עוף,מעדני יחיעם,IL,יחיעם,גרמים,400.00,100 גרם,false,,10.90,0.0273,true,1,89960
7290001567760,false,פסטרמה של פעם 300ג,מעדני יחיעם,IL,יחיעם,גרמים,300.00,100 גרם,false,,24.90,0.0830,true,1,89963
7290001567814,false,סלמי מעושן סגנון איט,מעדני יחיעם,IL,יחיעם,גרמים,300.00,100 גרם,false,,19.90,0.0663,true,1,89967
7290001567937,false,נקניק מפולפל 200 גרם,מעדני יחיעם,IL,יחיעם,גרמים,200.00,100 גרם,false,,12.90,0.0645,true,1,89969
7290001594377,false,"פריגת תפוזים 500 מ""ל",פריגת,IL,פריגת,מיליליטרים,500.00,"100 מ""ל",false,,5.00,0.0100,true,1,90619
7290001594384,false,פריגת אשכוליות 500 מ,פריגת,IL,פריגת,מיליליטרים,500.00,"100 מ""ל",false,,5.00,0.0100,true,1,93924
7290001594391,false,"פריגת ענבים 500 מ""ל",פריגת,IL,פריגת,מיליליטרים,500.00,"100 מ""ל",false,,5.00,0.0100,true,1,93925
7290001594568,false,בירה קרלסברג פחית,קרלסברג ישראל,IL,קרלסברג,מיליליטרים,500.00,"100 מ""ל",false,,8.90,0.0178,true,1,90620
7290001594575,false,בירה טובורג פחית 500,החברה המרכזית קולה,,בירה טובורג פחית 500,מיליליטרים,500.00,"100 מ""ל",false,,8.90,0.0178,true,1,124216
7290001594810,false,מאלטי בירה שחורה מאר,,,מאלטי בירה שחורה מאר,יחידה,0.00,יחידה,false,,24.90,0.0000,true,1,125307
7290001594858,false,*מבצע* טובורג שישיה,קרלסברג ישראל,IL,טובורג,ליטרים,1.98,ליטר,false,,29.90,15.1010,true,1,90621
7290001594865,false,*מבצע* קרלסברג שישיה,קרלסברג ישראל,IL,קרלסברג,ליטרים,1.98,ליטר,false,,29.90,15.1010,true,1,90622
7290001598085,false,לחם משפחתי עם דגנים,,IL,לחם משפחתי עם דגנים,קילוגרמים,1.10,"ק""ג",false,,14.90,13.5455,true,1,118533
7290001598276,false,לחם 7 דגנים קל מקמח,,IL,לחם 7 דגנים קל מקמח,קילוגרמים,1.10,"ק""ג",false,,14.90,13.5455,true,1,118534
7290001598580,false,פיתות כוסמין 100% 37,,,פיתות כוסמין 100% 37,גרמים,372.00,100 גרם,false,,14.90,0.0401,true,1,110345
7290001598597,false,פיתות כוסמין מלא 100,,,פיתות כוסמין מלא 100,גרמים,300.00,100 גרם,false,,14.90,0.0497,true,1,124208
7290001648995,false,קפה רגואן שלישיה,,,קפה רגואן שלישיה,גרמים,300.00,100 גרם,false,,12.90,0.0430,true,1,92688
7290001670057,false,כפיות לבן 100 יחידות,בי רייט,CN,הנמל,יח',100.00,יח',false,,9.90,0.0990,true,1,90912
7290001670064,false,סכינים  לבן 100 יחיד,בי רייט,CN,הנמל,יח',100.00,יח',false,,9.90,0.0990,true,1,90913
7290001670071,false,כפות לבן 100 יחידות,בי רייט,CN,הנמל,יח',100.00,יח',false,,9.90,0.0990,true,1,90914
7290001670255,false,כוסות קרטון 8B  50,,,כוסות קרטון 8B  50,יח',50.00,יח',false,,8.90,0.1780,true,1,109631
7290001670736,false,כפפות נילון שקוף 100,,,כפפות נילון שקוף 100,יח,100.00,יח,false,,4.90,0.0490,true,1,112768
7290001670842,false,מלית חלבה 400 גרם,"פוליבה בע""מ",IL,הנמל,גרמים,400.00,100 גרם,false,,9.90,0.0248,true,1,90919
7290001670873,false,צלחות 1 ק``ג,אריזות מדף - פלזית,IL,הנמל,יח',66.00,יח',false,,38.90,0.5894,true,1,90921
7290001710111,false,נקניקיות מרגז ארוז 5,מעדני הטלה,IL,מעדני הטלה,גרמים,500.00,100 גרם,false,,19.90,0.0398,true,1,90427
7290001713082,false,תרסיס מסיר שומנים קר,,IL,תרסיס מסיר שומנים קר,ליטרים,1.00,ליטר,false,,9.90,9.9000,true,1,122578
7290001713112,false,תרסיס מסיר אבנית יוח,,IL,תרסיס מסיר אבנית יוח,ליטרים,1.00,ליטר,false,,8.90,8.9000,true,1,122579
7290001713150,false,מתז אקונומיקה קצף 1,"קומפלקס כימיקלים בע""",IL,סנט מוריץ,ליטרים,1.00,ליטר,false,,9.90,9.9000,true,1,108875
7290001713167,false,מתז קצף ניקוי מסיר א,"קומפלקס כימיקלים בע""",IL,סנט מוריץ,ליטרים,1.00,ליטר,false,,9.90,9.9000,true,1,108876
7290001713310,false,קצף אקונומיקה בריח ל,,,קצף אקונומיקה בריח ל,ליטרים,1.00,ליטר,false,,8.90,8.9000,true,1,122002
7290001713440,false,תרסיס לניקוי חלונות,"קומפלקס בע""מ",IL,תרסיס לניקוי חלונות,ליטרים,1.00,ליטר,false,,5.90,5.9000,true,1,121817
7290001713457,false,סבון אסלה מרוכז כחול,"קומפלקס בע""מ",TR,סבון אסלה מרוכז כחול,יח',3.00,יח',false,,10.90,3.6333,true,1,123899
7290001713785,false,מרכך כביסה פיור בייב,"קומפלקס כימיקלים בע""",TR,מרכך כביסה פיור בייב,ליטרים,1.00,ליטר,false,,9.90,9.9000,true,1,121723
7290001713884,false,מטליות מיקרופייבר לר,קומפלקס ייבוא,CN,מטליות מיקרופייבר לר,יח',1.00,יח',false,,12.90,12.9000,true,1,120974
7290001713921,false,אקונומיקה מבושמת 4 ל,"קומפלקס כימיקלים בע""",IL,סנט מוריץ,ליטרים,4.00,ליטר,false,,8.90,2.2250,true,1,114589
7290001780428,false,לייט שוקולד 6 יח’,גלידות נסטלה,IL,גלידות נסטלה,יח',6.00,יח',false,,28.90,4.8167,true,1,91686
7290001791349,false,אקונומיקה פיסגה 4 לי,סנו,IL,פסגה,ליטרים,4.00,ליטר,false,,9.90,2.4750,true,1,90767
7290001855232,false,שמן למאור 1 ליטר,,,שמן למאור 1 ליטר,ליטרים,1.00,ליטר,false,,11.90,11.9000,true,1,93478
7290001865439,false,*מבצע* פמלי אל סבון,אינטרקוסמא,IL,פמלי,ליטרים,1.00,ליטר,false,,9.90,9.9000,true,1,90578
7290001865453,false,*מבצע* פמלי אל סבון,אינטרקוסמא,IL,פמלי,ליטרים,1.00,ליטר,false,,9.90,9.9000,true,1,90579
7290001865460,false,*מבצע* אל סבון משאבה,אינטרקוסמא,IL,פמלי,ליטרים,1.00,ליטר,false,,9.90,9.9000,true,1,90580
7290001873489,false,קרפצ'יו בלאק אנגוס 1,טיבון ויל,IL,black angus,גרמים,120.00,100 גרם,false,,14.90,0.1242,true,1,112618
7290001915011,false,שווארמה פרגית מתובלת,לאטי עזרא,IL,מעדני הטלה,גרמים,500.00,100 גרם,false,,39.90,0.0798,true,1,124071
7290001979082,false,קוקיס במשקל.,,,קוקיס במשקל.,קילוגרמים,1.00,"ק""ג",true,,47.00,47.0000,true,1,116086
7290001979099,false,מאפים במשקל.,,,מאפים במשקל.,קילוגרמים,1.00,"ק""ג",true,,42.00,42.0000,true,1,116087
7290001990261,false,"חומוס 1 ק""ג","סוגת תעשיות בע""מ",IL,סוגת,קילוגרמים,1.00,"ק""ג",false,,14.90,14.9000,true,1,89872
7290001990407,false,"עדשים ירוקים 1 ק""ג","סוגת תעשיות בע""מ",IL,סוגת,קילוגרמים,1.00,"ק""ג",false,,13.80,13.8000,true,1,89875
7290001990414,false,"עדשים אדומים 1 ק""ג","סוגת תעשיות בע""מ",IL,סוגת,קילוגרמים,1.00,"ק""ג",false,,13.80,13.8000,true,1,89876
7290001990421,false,פופקורן 1 קג,"סוגת תעשיות בע""מ",IL,סוגת,קילוגרמים,1.00,"ק""ג",false,,9.90,9.9000,true,1,89877
7290002000136,false,שעווה טבעית להסרת שי,ש.שוורץ,IL,מגע המשי,גרמים,500.00,100 גרם,false,,19.90,0.0398,true,1,90581
7290002000143,false,קרם ידיים קלאסיק 80,אינטרקוסמא,IL,פנג'ל,מיליליטרים,80.00,"100 מ""ל",false,,7.90,0.0988,true,1,90582
7290002000266,false,שעווה טבעית להסרת שי,ש.שוורץ,IL,מגע המשי,גרמים,500.00,100 גרם,false,,19.90,0.0398,true,1,90583
7290002002857,false,ניירות להסרת שיער בש,ALSOM BIGANDO,FR,מגע המשי,יח',50.00,יח',false,,19.90,0.3980,true,1,90584
7290002007234,false,אבקת סוכר 100 גרם,,,אבקת סוכר 100 גרם,גרמים,100.00,100 גרם,false,,1.60,0.0160,true,1,86803
7290002007371,false,פרורי לחם 500 גרם,הנמל,IL,הנמל,גרמים,500.00,100 גרם,false,,6.50,0.0130,true,1,90924
7290002007401,false,קליפות הדרים 100 גר`,הדרום תעשיות מזון בע,IL,הנמל,גרמים,100.00,100 גרם,false,,4.90,0.0490,true,1,93960
7290002007500,false,קסמים חבית 500 יחידו,הנג טונג,CN,הנמל,יח',500.00,יח',false,,2.90,0.0058,true,1,90927
7290002007821,false,"צבע מאכל אדום 50 מ""ל",הנמל,IL,הנמל,מיליליטרים,50.00,"100 מ""ל",false,,3.90,0.0780,true,1,114939
7290002007852,false,תמצית וניל 55 מל`,ממתקי עלה ייצור שווק,IL,עלה,מיליליטרים,55.00,"100 מ""ל",false,,2.90,0.0527,true,1,90929
7290002007890,false,כוסות 100 יח` 200  P,אריזות מדף - פלזית,IL,הנמל,יח',100.00,יח',false,,8.90,0.0890,true,1,90930
7290002007975,false,צלחות קטן 50 יחידות,אריזות מדף - פלזית,IL,הנמל,יח',50.00,יח',false,,8.90,0.1780,true,1,90931
7290002007982,false,מזלגות  לבן 100 יחיד,בי רייט,CN,הנמל,יח',100.00,יח',false,,9.90,0.0990,true,1,90932
7290002007999,false,צלחות גדול 50  יחידו,אריזות מדף - פלזית,IL,הנמל,יח',50.00,יח',false,,12.90,0.2580,true,1,90933
7290002008019,false,גמבו שוקו 200 גרם,ממתקי עלה ייצור שווק,IL,הנמל,גרמים,200.00,100 גרם,false,,7.90,0.0395,true,1,93963
7290002008040,false,שיפודים 30 ס``מ,"גרנג יוניברס , הונג",CN,הנמל,יח',100.00,יח',false,,2.90,0.0290,true,1,90935
7290002008071,false,עטרות חום  2 מספר הנ,הנמל,IL,הנמל,יח',1.00,יח',false,,3.90,3.9000,true,1,90937
7290002008170,false,עטרות חום  3 מספר הנ,הנמל,IL,הנמל,יח',1.00,יח',false,,5.90,5.9000,true,1,90939
7290002008309,false,עטרות חום  4 מספר  ה,הנמל,IL,הנמל,יח',1.00,יח',false,,5.90,5.9000,true,1,90941
7290002008460,false,עטרות חום 1.5  מספר,הנמל,IL,הנמל,יח',1.00,יח',false,,3.90,3.9000,true,1,90943
7290002008507,false,נייר אפיה 50 יח` 42*,הנמל,NO,הנמל,יח',50.00,יח',false,,7.90,0.1580,true,1,90944
7290002008651,false,קמח תפוח אדמה 500,בשקביץ,IL,הנמל,גרמים,500.00,100 גרם,false,,5.90,0.0118,true,1,90945
7290002008743,false,סוכר וניל 10 יחידות,,,סוכר וניל 10 יחידות,גרמים,100.00,100 גרם,false,,1.90,0.0190,true,1,43481
7290002008750,false,אבקת אפיה 10 יחידות,,,אבקת אפיה 10 יחידות,יח',10.00,יח',false,,1.90,0.1900,true,1,90946
7290002008828,false,גמבו שוקו לבן 200 גר,ממתקי עלה ייצור שווק,IL,הנמל,גרמים,200.00,100 גרם,false,,7.90,0.0395,true,1,93966
7290002008934,false,גמבו עגול 200 גרם,ממתקי עלה ייצור שווק,IL,הנמל,גרמים,200.00,100 גרם,false,,7.90,0.0395,true,1,90947
7290002008989,false,קישקשים 225 יחידות,,,קישקשים 225 יחידות,יח',225.00,יח',false,,6.90,0.0307,true,1,95436
7290002013006,false,פסטרמה מקסיקנית,זוגלובק,IL,זוגלובק,קילוגרמים,1.00,"ק""ג",true,,79.00,79.0000,true,1,71330
7290002013037,false,פסטרמה פרגיות על לבנ,זוגלובק,IL,זוגלובק,קילוגרמים,1.00,"ק""ג",true,,79.00,79.0000,true,1,71332
7290002013174,false,פסטרמה של פעם,זוגלובק,IL,זוגלובק,קילוגרמים,1.00,"ק""ג",true,,79.00,79.0000,true,1,71334
7290002019787,false,רוטב עגבניות פרי ניר,פריניר,IL,פריניר,גרמים,260.00,100 גרם,false,,3.90,0.0150,true,1,91757
7290002019794,false,רוטב עגבניות פרי ניר,פריניר,IL,פריניר,גרמים,100.00,100 גרם,false,,1.90,0.0190,true,1,91758
7290002026341,false,בטטה צ'יפס רגיל שקית,,,צ'יפס בטטה 500 גרם,גרמים,500.00,100 גרם,false,,19.90,0.0398,true,1,92679
7290002026365,false,טבעות בצל רשת 500 גר,,,טבעות בצל 500גרם,גרמים,500.00,100 גרם,false,,8.90,0.0178,true,1,92681
7290002026587,false,וופל בלגי פרווה בראנ,מוצרי איכות אמריקאיי,IL,בראנץ וקראנץ,גרמים,280.00,100 גרם,false,,10.90,0.0389,true,1,112042
7290002040019,false,קוסקוס רגיל  350 גרם,קוסקוס,IL,הנמל,גרמים,350.00,100 גרם,false,,5.50,0.0157,true,1,90948
7290002040064,false,קוסקוס דק   350 גרם,קוסקוס,IL,הנמל,גרמים,350.00,100 גרם,false,,5.50,0.0157,true,1,90949
7290002040071,false,קוסקוס עבה 350 גרם,קוסקוס,IL,הנמל,גרמים,350.00,100 גרם,false,,5.50,0.0157,true,1,90950
7290002043102,false,*מבצע* פריכיות אורז,מימונס אפיה,BG,פריכיות אורז חום מלא,גרמים,200.00,גרם,false,,12.90,0.0645,true,1,116036
7290002043188,false,ציפס אורז חום מלא  צ,מימונס אפיה,BG,ציפס פריכיות,גרמים,60.00,גרם,false,,6.90,0.1150,true,1,116037
7290002043218,false,ציפס אורז חום מלא מל,מימונס אפיה,BG,ציפס פריכיות,גרמים,60.00,גרם,false,,6.90,0.1150,true,1,116038
7290002043232,false,צ'יפס אורז חום מלא ט,מימונס אפיה,BG,ציפס אורז חום מלא,גרמים,120.00,גרם,false,,11.90,0.0992,true,1,116040
7290002043591,false,ציפס אורז חום מלא פפ,מימונס אפיה,BG,ציפס אורז חום מלא,גרמים,120.00,גרם,false,,11.90,0.0992,true,1,116041
7290002043782,false,ציפס אורז חום מלא טק,מימונס אפיה,BG,ציפס פריכיות,גרמים,60.00,גרם,false,,6.90,0.1150,true,1,116035
7290002043829,false,*מבצע* פריכיות מלח ה,מימונס אפיה,BG,פריכיות אורז חום מלא,גרמים,200.00,גרם,false,,12.90,0.0645,true,1,116042
7290002053088,false,8 אטריות ביצים 24,פ.פ.ח טאביט,PL,אוריינטל,גרמים,200.00,100 גרם,false,,7.90,0.0395,true,1,90442
7290002053095,false,10 אטריות ביצים 24,פ.פ.ח טאביט,PL,אוריינטל,גרמים,200.00,100 גרם,false,,7.90,0.0395,true,1,90443
7290002053354,false,נודלס סיני 300 גרם,פ.פ.ח טאביט,PL,אוריינטל,גרמים,300.00,100 גרם,false,,13.90,0.0463,true,1,90446
7290002057017,false,זיתים נובו ענק,קבוצת יבנה,IL,קבוצת יבנה,גרמים,330.00,100 גרם,false,,8.90,0.0270,true,1,91914
7290002057031,false,זיתים מבוקעים 540 גר,קבוצת יבנה,IL,קבוצת יבנה,גרמים,540.00,100 גרם,false,,8.90,0.0165,true,1,91915
7290002057048,false,סורי מבוקע 540 גרם,קבוצת יבנה,IL,קבוצת יבנה,גרמים,540.00,100 גרם,false,,10.50,0.0194,true,1,91916
7290002057062,false,זיתים ירוקים בינוני,קבוצת יבנה,IL,קבוצת יבנה,גרמים,540.00,100 גרם,false,,6.90,0.0128,true,1,91918
7290002057093,false,זיתים ירוקים גדול 54,קבוצת יבנה,IL,קבוצת יבנה,גרמים,540.00,100 גרם,false,,7.90,0.0146,true,1,91921
7290002057109,false,זיתים מונזלינו 540 ג,קבוצת יבנה,IL,קבוצת יבנה,גרמים,540.00,100 גרם,false,,8.90,0.0165,true,1,91922
7290002057123,false,חרוזית 540 גרם,קבוצת יבנה,IL,קבוצת יבנה,גרמים,540.00,100 גרם,false,,9.50,0.0176,true,1,91923
7290002057130,false,"חרוזית 1.25 ק""ג",קבוצת יבנה,IL,קבוצת יבנה,קילוגרמים,1.25,"ק""ג",false,,19.90,15.9200,true,1,91924
7290002057154,false,"חרוזית 3 ק""ג",קבוצת יבנה,IL,קבוצת יבנה,קילוגרמים,3.00,"ק""ג",false,,38.90,12.9667,true,1,91925
7290002057161,false,זיתים חתוכים מרינד ח,קבוצת יבנה,IL,קבוצת יבנה,גרמים,540.00,100 גרם,false,,8.90,0.0165,true,1,91926
7290002057185,false,טבעות זית ירוק 540 ג,קבוצת יבנה,IL,קבוצת יבנה,גרמים,540.00,100 גרם,false,,9.20,0.0170,true,1,91928
7290002057314,false,מלפפון במלח 15-20  1,קבוצת יבנה,IL,קבוצת יבנה,קילוגרמים,1.30,"ק""ג",false,,13.90,10.6923,true,1,94518
7290002057352,false,מלפפון במלח 7-9 540,קבוצת יבנה,IL,קבוצת יבנה,גרמים,540.00,100 גרם,false,,6.50,0.0120,true,1,91931
7290002057369,false,מלפפון 10-12 מלח 540,קבוצת יבנה,IL,קבוצת יבנה,גרמים,540.00,100 גרם,false,,7.50,0.0139,true,1,91932
7290002057376,false,מלפפון 13-17 מלח 540,קבוצת יבנה,IL,קבוצת יבנה,גרמים,540.00,100 גרם,false,,9.90,0.0183,true,1,91933
7290002057383,false,מלפפון 18-25 במלח 54,קבוצת יבנה,IL,קבוצת יבנה,גרמים,540.00,100 גרם,false,,12.90,0.0239,true,1,91934
7290002057406,false,מלפפון בחומץ 30-36 3,קבוצת יבנה,IL,קבוצת יבנה,קילוגרמים,3.00,"ק""ג",false,,19.90,6.6333,true,1,91935
7290002057413,false,מלפפון בחומץ  15-20,קבוצת יבנה,IL,קבוצת יבנה,קילוגרמים,1.30,"ק""ג",false,,13.90,10.6923,true,1,109633
7290002057437,false,שיפקונית 560 גרם,קבוצת יבנה,,שיפקונית 560 גרם,גרמים,560.00,100 גרם,false,,9.90,0.0177,true,1,116327
7290002057451,false,מלפפון בחומץ 7-9 540,קבוצת יבנה,IL,קבוצת יבנה,גרמים,540.00,100 גרם,false,,6.50,0.0120,true,1,91936
7290002057468,false,מלפפון בחומץ 10-12 5,קבוצת יבנה,IL,קבוצת יבנה,גרמים,540.00,100 גרם,false,,7.50,0.0139,true,1,91937
7290002057475,false,מלפפון בחומץ 13-17 5,קבוצת יבנה,IL,קבוצת יבנה,גרמים,540.00,100 גרם,false,,9.90,0.0183,true,1,91938
7290002057482,false,מלפפון בחומץ 18-25 5,קבוצת יבנה,IL,קבוצת יבנה,גרמים,540.00,100 גרם,false,,12.90,0.0239,true,1,91939
7290002057604,false,שיפקה 540 גרם,קבוצת יבנה,IL,קבוצת יבנה,גרמים,540.00,100 גרם,false,,5.50,0.0102,true,1,91940
7290002057628,false,טבעות זית שחור 560 ג,קבוצת יבנה,IL,קבוצת יבנה,גרמים,560.00,100 גרם,false,,8.90,0.0159,true,1,91941
7290002057703,false,חצילים 540 גרם,קבוצת יבנה,IL,קבוצת יבנה,גרמים,540.00,100 גרם,false,,6.90,0.0128,true,1,91942
7290002057734,false,חרוזית שחור 540 גרם,קבוצת יבנה,IL,קבוצת יבנה,גרמים,540.00,100 גרם,false,,8.90,0.0165,true,1,91943
7290002065555,false,לחמניות 6 ארוך,אנג'ל,IL,אנג'ל,גרמים,450.00,100 גרם,false,,10.90,0.0242,true,1,89929
7290002065616,false,לחם שיפון גרעינים 75,אורנים,IL,אנג'ל,גרמים,750.00,100 גרם,false,,12.90,0.0172,true,1,89930
7290002077725,false,סלמון מעושן 100 גרם,דלי דג,IL,דלידג,גרמים,100.00,100 גרם,false,,17.90,0.1790,true,1,94344
7290002105176,false,בשר מס 4 מחפוד  קפוא,,,כתף מס 4 מחפוד קפוא,קילוגרמים,1.00,"ק""ג",true,,44.90,44.9000,true,1,112392
7290002105183,false,בשר מס 5 מחפוד קפוא,,,בשר מס 5 מחפוד קפוא,קילוגרמים,1.00,"ק""ג",true,,99.90,99.9000,true,1,105084
7290002105190,false,בשר מס 6 מחפוד קפוא,,,בשר מס 6 מחפוד קפוא,קילוגרמים,1.00,"ק""ג",true,,59.90,59.9000,true,1,101234
7290002105503,false,המבורגר מחפוד 500 גר,,,המבורגר מחפוד 500 גרם,גרמים,500.00,100 גרם,false,,19.90,0.0398,true,1,95262
7290002105510,false,קבב מזרחי מחפוד 500,,,קבב מזרחי מחפוד 500 גרם,גרמים,500.00,100 גרם,false,,19.90,0.0398,true,1,93043
7290002107071,false,פטה עזים מעודנת 16%,מחלבת משק צוריאל,IL,משק צוריאל,גרמים,200.00,100 גרם,false,,23.90,0.1195,true,1,91965
7290002107385,false,מה עז - גליל גבינת ע,מחלבת משק צוריאל,IL,משק צוריאל,גרמים,180.00,100 גרם,false,,20.90,0.1161,true,1,91966
7290002107491,false,*מבצע* גבינת עיזים מ,מחלבת משק צוריאל,IL,משק צוריאל,גרמים,250.00,100 גרם,false,,10.90,0.0436,true,1,91967
7290002109372,false,בורקס פילו אצבעות בו,שגמור,IL,שגמור,גרמים,700.00,100 גרם,false,,16.90,0.0241,true,1,91574
7290002128014,false,נרות שבת מס 4 מנורה,"מנורה שי נר בע""מ",IL,מנורה,יח',4.00,יח',false,,3.90,0.9750,true,1,93100
7290002128236,false,נרות שבת מס 10 מנורה,"מנורה שי נר בע""מ",IL,מנורה,יח',10.00,יח',false,,3.90,0.3900,true,1,93104
7290002128267,false,נרות מס 20,,IL,מנורה,יח',1.00,יח',false,,3.90,3.9000,true,1,109908
7290002128311,false,נר נשמה שבועי,"מנורה שי נר בע""מ",IL,מנורה,יח',1.00,יח',false,,9.90,9.9000,true,1,93105
7290002128700,false,נרות חימום 50 מנורה,"מנורה שי נר בע""מ",IL,מנורה,יח',50.00,יח',false,,11.90,0.2380,true,1,93107
7290002128748,false,פתיל צף כ- 50 יח,"מנורה שי נר בע""מ",IL,מנורה,יח',50.00,יח',false,,2.90,0.0580,true,1,95352
7290002128786,false,כוסיות לנריות,"מנורה שי נר בע""מ",IL,מנורה,יח',2.00,יח',false,,3.90,1.9500,true,1,93109
7290002128946,false,נר 48 שעות,"מנורה שי נר בע""מ",IL,מנורה,יח',1.00,יח',false,,4.50,4.5000,true,1,93110
7290002130567,false,דבש 350 גרם,שטראוס גרופ,IL,יד מרדכי,גרמים,350.00,100 גרם,false,,16.90,0.0483,true,1,91759
7290002130581,false,"דבש יד מרדכי 1 ק""ג",שטראוס גרופ,IL,יד מרדכי,קילוגרמים,1.00,"ק""ג",false,,42.90,42.9000,true,1,91761
7290002132011,false,עוגיות עבאדי 400 גר,עבאדי,IL,עבאדי,גרמים,400.00,100 גרם,false,,17.90,0.0447,true,1,92143
7290002150077,false,"בד""צ פלאפל אמיתי 400","חמים וטעים בע""מ",IL,"חמים וטעים בע""מ",גרמים,400.00,100 גרם,false,,12.90,0.0323,true,1,91158
7290002150732,false,קרפלך בשר 400 גרם,"חמים וטעים בע""מ",IL,"חמים וטעים בע""מ",גרמים,400.00,100 גרם,false,,12.90,0.0323,true,1,91163
7290002150794,false,סיגר בשר 400 גרם,"חמים וטעים בע""מ",IL,"חמים וטעים בע""מ",גרמים,400.00,100 גרם,false,,12.90,0.0323,true,1,91164
7290002150848,false,אגרול 400 גרם,"חמים וטעים בע""מ",IL,"חמים וטעים בע""מ",גרמים,400.00,100 גרם,false,,12.90,0.0323,true,1,91167
7290002150862,false,קובה בשר מטוגן 400,"חמים וטעים בע""מ",IL,"חמים וטעים בע""מ",גרמים,400.00,100 גרם,false,,12.90,0.0323,true,1,91168
7290002157953,false,טונה ויליגר קנולה 4*,ויליגר,IL,ויליגר,גרמים,560.00,100 גרם,false,,19.90,0.0355,true,1,94349
7290002195054,false,המבורגר בלדי 400 גרם,בלדי,IL,בלדי,גרמים,400.00,100 גרם,false,,11.90,0.0298,true,1,94727
7290002195078,false,קבב כבש בלדי 400 גרם,בלדי,IL,בלדי,גרמים,400.00,100 גרם,false,,11.90,0.0298,true,1,94728
7290002195085,false,קבב מזרחי בלדי 400 ג,בלדי,IL,בלדי,גרמים,400.00,100 גרם,false,,11.90,0.0298,true,1,94729
7290002195092,false,קבב רומני בלדי 400 ג,בלדי,IL,בלדי,גרמים,400.00,100 גרם,false,,11.90,0.0298,true,1,94730
7290002198031,false,פסטרמה פרגיות ללחמני,זוגלובק,IL,זוגלובק,קילוגרמים,1.00,"ק""ג",true,,79.00,79.0000,true,1,117344
7290002198048,false,פסטרמנה הודו בתיבול,זוגלובק,IL,זוגלובק,קילוגרמים,1.00,"ק""ג",true,,79.00,79.0000,true,1,117398
7290002198109,false,צלעות אסאדו מעושנת מ,זוגלובק,IL,זוגלובק,קילוגרמים,1.00,"ק""ג",true,,124.00,124.0000,true,1,121375
7290002208280,false,תום כבשים,מחלבת משק דותן,IL,משק דותן,קילוגרמים,1.00,"ק""ג",true,,125.00,125.0000,true,1,106554
7290002239185,false,אפונה קפואה גליל,"פרי הגליל בע""""מ",IL,פרי הגליל,גרמים,800.00,100 גרם,false,,9.90,0.0124,true,1,91852
7290002239215,false,אפונה וגזר קפוא פרי,"פרי הגליל בע""""מ",IL,פרי הגליל,גרמים,800.00,100 גרם,false,,9.90,0.0124,true,1,91853
7290002239277,false,גזר גמדי גליל,"פרי הגליל בע""""מ",IL,פרי הגליל,גרמים,800.00,100 גרם,false,,8.90,0.0111,true,1,91854
7290002239307,false,שעועית צהובה חתוכה 8,"פרי הגליל בע""""מ",IL,פרי הגליל,גרמים,800.00,100 גרם,false,,9.90,0.0124,true,1,91855
7290002239338,false,שעועית ירוקה חתוכה 8,"פרי הגליל בע""""מ",IL,פרי הגליל,גרמים,800.00,100 גרם,false,,9.90,0.0124,true,1,91856
7290002239369,false,שעועית ירוקה שלמה,"פרי הגליל בע""""מ",IL,פרי הגליל,גרמים,800.00,100 גרם,false,,9.90,0.0124,true,1,91857
7290002239420,false,תירס קפוא 800 גר,"פרי הגליל בע""""מ",IL,פרי הגליל,גרמים,800.00,100 גרם,false,,9.90,0.0124,true,1,91858
7290002253006,false,דורות שום כתוש טרי 2,דורות,IL,דורות,גרמים,200.00,100 גרם,false,,16.90,0.0845,true,1,90301
7290002253105,false,דורות קוביות שום טרי,דורות,IL,דורות,גרמים,80.00,100 גרם,false,,10.90,0.1363,true,1,90302
7290002253150,false,דורות בזיליקום קצוץ,דורות,IL,דורות,גרמים,70.00,100 גרם,false,,9.90,0.1414,true,1,90303
7290002253167,false,דורות פטרוזיליה קצוצ,דורות,IL,דורות,גרמים,70.00,100 גרם,false,,9.90,0.1414,true,1,90304
7290002253181,false,דורות כוסברה קצוצה 7,דורות,IL,דורות,גרמים,70.00,100 גרם,false,,9.90,0.1414,true,1,90306
7290002253198,false,דורות ג'ינג'ר טרי כת,דורות,IL,דורות,גרמים,90.00,100 גרם,false,,9.90,0.1100,true,1,90307
7290002253235,false,רוטב פסטו דורות 160,דורות,IL,דורות,גרמים,160.00,100 גרם,false,,10.90,0.0681,true,1,90308
7290002259640,false,רדיד אלומיניום דיאמו,ריינולדס,US,דיימונד,מטרים,7.60,מטר,false,,11.90,1.5658,true,1,90961
7290002259664,false,רדיד אלומיניום ארוך,ריינולדס,US,דיימונד,מטרים,60.40,מטר,false,,54.90,0.9089,true,1,90963
7290002265153,false,פלמידה בעישון קר ווא,אס.פי.פיש האוס,IL,אס.פי.פיש האוס,קילוגרמים,1.00,"ק""ג",true,,80.00,80.0000,true,1,104208
7290002265160,false,פלמידה בשמן,אס.פי.פיש האוס,IL,אס.פי.פיש האוס,קילוגרמים,1.00,"ק""ג",true,,95.00,95.0000,true,1,60408
7290002265177,false,פיקלינג,אס.פי.פיש האוס,IL,אס.פי.פיש האוס,קילוגרמים,1.00,"ק""ג",true,,75.00,75.0000,true,1,60409
7290002265191,false,מקרוסקה בואקום,,,מקרוסקה בואקום,קילוגרמים,1.00,"ק""ג",true,,99.00,99.0000,true,1,104209
7290002265214,false,פילה הרינג לבן בשמן,אס.פי.פיש האוס,IL,אס.פי.פיש האוס,קילוגרמים,1.00,"ק""ג",true,,50.00,50.0000,true,1,60411
7290002265245,false,פילה הרינג כבוש,אס.פי.פיש האוס,IL,אס.פי.פיש האוס,קילוגרמים,1.00,"ק""ג",true,,50.00,50.0000,true,1,60414
7290002265436,false,הרינג מלוח בוואקום ב,אס.פי.פיש האוס,IL,אס.פי.פיש,קילוגרמים,1.00,"ק""ג",true,,35.00,35.0000,true,1,112986
7290002281498,false,צהובה מגורדת ריץ 500,שלושת האופים,PL,ריץ,גרמים,500.00,100 גרם,false,,17.90,0.0358,true,1,107431
7290002291046,false,המבורגר בלדי 480 גרם,בלדי,IL,בלדי,גרמים,480.00,100 גרם,false,,22.90,0.0477,true,1,94731
7290002319016,false,אבקת אפיה עשיריות,"מיה תעשיות מזון בע""מ",IL,מיה,גרמים,100.00,100 גרם,false,,1.90,0.0190,true,1,91457
7290002319023,false,סוכר וניל עשיריות,"מיה תעשיות מזון בע""מ",IL,מיה,גרמים,100.00,100 גרם,false,,1.90,0.0190,true,1,91458
7290002319061,false,קוקוס טחון 100 גרם,מיה,IL,קוקוס טחון 100 גרם,גרמים,100.00,100 גרם,false,,3.70,0.0370,true,1,118883
7290002319078,false,שומשום 100 גרם,"מיה תעשיות מזון בע""מ",IL,מיה,גרמים,100.00,100 גרם,false,,2.90,0.0290,true,1,91460
7290002319092,false,קמח תפוחי אדמה 500 ג,,,קמח תפוחי אדמה 500 ג,גרמים,500.00,100 גרם,false,,4.90,0.0098,true,1,106709
7290002319115,false,חומוס גדול 500 גרם,"מיה תעשיות מזון בע""מ",IL,מיה,גרמים,500.00,100 גרם,false,,6.90,0.0138,true,1,91461
7290002319139,false,שעועית לבנה 500 גרם,"מיה תעשיות מזון בע""מ",IL,מיה,גרמים,500.00,100 גרם,false,,7.90,0.0158,true,1,94312
7290002319146,false,שעועית אדומה 500 גרם,"מיה תעשיות מזון בע""מ",IL,מיה,גרמים,500.00,100 גרם,false,,7.90,0.0158,true,1,94313
7290002319160,false,אפונה 500 גרם,"מיה תעשיות מזון בע""מ",IL,מיה,גרמים,500.00,100 גרם,false,,4.90,0.0098,true,1,94314
7290002319177,false,פופקורן 500 גרם,"מיה תעשיות מזון בע""מ",IL,מיה,גרמים,500.00,100 גרם,false,,4.90,0.0098,true,1,91463
7290002319184,false,עדשים אדומות 500 גרם,"מיה תעשיות מזון בע""מ",IL,מיה,גרמים,500.00,100 גרם,false,,6.90,0.0138,true,1,91464
7290002319191,false,עדשים ירוקות 500 גרם,"מיה תעשיות מזון בע""מ",IL,מיה,גרמים,500.00,100 גרם,false,,6.90,0.0138,true,1,91465
7290002319207,false,כוסמת 500 גרם,"מיה תעשיות מזון בע""מ",IL,מיה,גרמים,500.00,100 גרם,false,,5.90,0.0118,true,1,91466
7290002319375,false,קורנפלור 200 גרם (חד,"מיה תעשיות מזון בע""מ",IL,מיה,גרמים,200.00,100 גרם,false,,2.90,0.0145,true,1,113300
7290002319610,false,שקדים טחונים 100 גרם,מיה,IL,שקדים טחונים 100 גרם,גרמים,100.00,100 גרם,false,,9.90,0.0990,true,1,118886
7290002319771,false,תמצית אפיה וניל,"מיה תעשיות מזון בע""מ",IL,מיה,מיליליטרים,50.00,"100 מ""ל",false,,2.90,0.0580,true,1,91469
7290002319788,false,תמצית אפיה רום,"מיה תעשיות מזון בע""מ",IL,מיה,מיליליטרים,50.00,"100 מ""ל",false,,2.90,0.0580,true,1,91470
7290002319795,false,תמצית אפיה שקדים 60,מיה,IL,תמצית אפיה שקדים 60,מיליליטרים,60.00,"100 מ""ל",false,,3.90,0.0650,true,1,118889
7290002319825,false,אבקת סוכר 100 גרם,"מיה תעשיות מזון בע""מ",IL,מיה,גרמים,100.00,100 גרם,false,,1.90,0.0190,true,1,91471
7290002327042,false,"בורקס תפו""א שלושת הא",אופרה,IL,אופרה,גרמים,800.00,100 גרם,false,,15.90,0.0199,true,1,91582
7290002327059,false,"בצק עלים 1 ק""ג",אופרה,IL,אופרה,קילוגרמים,1.00,"ק""ג",false,,16.90,16.9000,true,1,91583
7290002327073,false,בורקס גבינה שלושת,אופרה,IL,אופרה,גרמים,800.00,100 גרם,false,,16.90,0.0211,true,1,91585
7290002331360,false,*מבצע* נביעות ספורט,נביעות,IL,נביעות,ליטרים,3.00,ליטר,false,,12.90,4.3000,true,1,90629
7290002331421,false,נביעות שישיה 755,נביעות,IL,נביעות,ליטרים,4.53,ליטר,false,,16.90,3.7307,true,1,90630
7290002331483,false,נביעות בייבי 320 מל,נביעות,IL,נביעות,ליטרים,1.92,ליטר,false,,13.90,7.2396,true,1,90631
7290002331490,false,מים נביעות 1 ליטר,נביעות,IL,נביעות,ליטרים,1.00,ליטר,false,,2.90,2.9000,true,1,90632
7290002345015,false,סינטה דק דק אל גאוצו,טיבון ויל,IL,אל גאוצו,גרמים,250.00,100 גרם,false,,16.90,0.0676,true,1,94354
7290002345022,false,אנטריקוט דק דק 250 ג,טיבון ויל,IL,אל גאוצו,גרמים,250.00,100 גרם,false,,15.90,0.0636,true,1,94355
7290002345060,false,גבינת מאסדם הולנדי,ויזר,NL,גבינת מאסדם הולנדי,קילוגרמים,1.00,"ק""ג",true,,75.00,75.0000,true,1,88570
7290002345077,false,שניצל בקר דק 250 גרם,טיבון ויל,IL,טיבון ויל,גרמים,250.00,100 גרם,false,,14.90,0.0596,true,1,94356
7290002349921,false,מטליות מיקרופייבר לר,,IL,מטליות מיקרופייבר לר,יח',2.00,יח',false,,12.90,6.4500,true,1,125960
7290002349938,false,מטליות מיקרופייבר מק,,IL,מטליות מיקרופייבר מק,יח',5.00,יח',false,,11.90,2.3800,true,1,125964
7290002349945,false,כריות יפניות יוחננוף,,IL,כריות יפניות יוחננוף,יח',12.00,יח',false,,11.90,0.9917,true,1,125961
7290002349969,false,כריות קרצוף ללכלוך ק,,IL,כריות קרצוף ללכלוך ק,יח',3.00,יח',false,,6.90,2.3000,true,1,125965
7290002349983,false,מטליות רצפה מיקרופיי,,IL,מטליות רצפה מיקרופיי,יח',3.00,יח',false,,12.90,4.3000,true,1,125962
7290002353836,false,סרדין רוברט בשמן זית,רמירז,PT,סרדין רוברט,גרמים,140.00,100 גרם,false,,8.90,0.0636,true,1,91586
7290002360124,false,*מבצע* פומפדור חליטת,TEEKANNE- POMPADOU,DE,פומפדור,גרמים,30.00,100 גרם,false,,10.90,0.3633,true,1,92607
7290002360285,false,*מבצע* פומפדור חליטת,TEEKANNE- POMPADOU,DE,פומפדור,גרמים,30.00,100 גרם,false,,10.90,0.3633,true,1,92612
7290002370123,false,*מבצע* גבינת עיזים ר,פסטור,ES,וילי פוד,קילוגרמים,1.00,"ק""ג",true,,80.00,80.0000,true,1,87759
7290002370161,false,גבינת צ'דר בשלה  35%,ווייקי,GB,וילי פוד,קילוגרמים,1.00,"ק""ג",true,,95.00,95.0000,true,1,88254
7290002370420,false,גבינת גאודה - הולנד,אמלטי,NL,וילי פוד,קילוגרמים,1.00,"ק""ג",true,,69.00,69.0000,true,1,112041
7290002370475,false,*מבצע* גבינת דנהבלו,קסריאס,ES,יורו צ'יז,קילוגרמים,1.00,"ק""ג",true,,55.00,55.0000,true,1,114452
7290002370697,false,גבינת גאודה  חצי קשה,,,ג. גאודה חצי קשה 27%,קילוגרמים,1.00,"ק""ג",true,,30.00,30.0000,true,1,122372
7290002370789,false,*מבצע* גבינת כבשים ע,אל פסטור,ES,*מבצע* גבינת כבשים ע,קילוגרמים,1.00,"ק""ג",true,,120.00,120.0000,true,1,121415
7290002370901,false,גבינת עיזים משולש 32,אלמטאה,NL,וילי פוד,קילוגרמים,1.00,"ק""ג",true,,100.00,100.0000,true,1,122760
7290002370925,false,*מבצע* גבינת גאודה ע,רובין הולנד,NL,וילי פוד,קילוגרמים,1.00,"ק""ג",true,,90.00,90.0000,true,1,121416
7290002370970,false,גבינת איבריקו משולש,,,גבינת איבריקו 31%,קילוגרמים,1.00,"ק""ג",true,,94.00,94.0000,true,1,122762
7290002370994,false,*מבצע* גאודה עם פטרי,רובין הולנד,NL,*מבצע* גאודה עם פטרי,קילוגרמים,1.00,"ק""ג",true,,110.00,110.0000,true,1,121417
7290002371526,false,סלסולי פסטרמה שום וצ,טירת- צבי,IL,טירת- צבי,גרמים,120.00,100 גרם,false,,12.90,0.1075,true,1,92834
7290002371533,false,סלסולי פסטרמה דבש 12,טירת- צבי,IL,טירת- צבי,גרמים,120.00,100 גרם,false,,12.90,0.1075,true,1,92835
7290002371540,false,קורנדביף 120 גרם,טירת- צבי,IL,טירת- צבי,גרמים,120.00,100 גרם,false,,12.90,0.1075,true,1,92836
7290002371571,false,פסטרמה פרגית לבאגט,טירת- צבי,IL,טירת- צבי,קילוגרמים,1.00,"ק""ג",true,,79.00,79.0000,true,1,69394
7290002371854,false,נקניקיות חריפות טירת,טירת- צבי,IL,טירת- צבי,קילוגרמים,1.00,"ק""ג",false,,22.90,22.9000,true,1,92837
7290002371939,false,סרוולד צרפתי 120 ג,טירת- צבי,IL,טירת- צבי,גרמים,120.00,100 גרם,false,,23.90,0.1992,true,1,92838
7290002374268,false,שמן חמניות מילומור,סוגת,IL,שמן חמניות מילומור,ליטרים,1.00,ליטר,false,,10.90,10.9000,true,1,119823
7290002374312,true,"שמן קנולה ""מילומור""",שמן תעשיות,IL,עץ הזית,ליטרים,1.00,ליטר,false,,10.90,10.9000,true,1,92099
7290002374640,false,שמן קנולה בריאות מהט,שמן תעשיות,IL,עץ הזית,ליטרים,1.00,ליטר,false,,16.50,16.5000,true,1,92101
7290002385127,false,לאבנה שמן זית וזעתר,מחלבות גד,IL,מחלבות גד,קילוגרמים,1.00,"ק""ג",true,,41.00,41.0000,true,1,48936
7290002385431,false,בולגרית מסורתית 16%,דשן,IL,מחלבות גד,קילוגרמים,1.00,"ק""ג",true,,56.00,56.0000,true,1,48948
7290002385455,false,בולגרית מעודנת 24% מ,דשן,IL,מחלבות גד,קילוגרמים,1.00,"ק""ג",true,,61.00,61.0000,true,1,48953
7290002385486,false,גבינת שמנת טבעית 30%,מחלבות גד,IL,מחלבות גד,קילוגרמים,1.00,"ק""ג",true,,45.00,45.0000,true,1,48955
7290002385509,false,גבינת שמנת שום שמיר,מחלבות גד,IL,מחלבות גד,קילוגרמים,1.00,"ק""ג",true,,45.00,45.0000,true,1,48959
7290002385738,false,מנצ'גו משולשים 34%,גדישון,IL,מחלבות גד,קילוגרמים,1.00,"ק""ג",true,,135.00,135.0000,true,1,103150
7290002385745,false,פקורינו משולשים מהדר,גדישון,IL,מחלבות גד,קילוגרמים,1.00,"ק""ג",true,,130.00,130.0000,true,1,103151
7290002404590,false,*מבצע* יין מרלו בראש,יקבי ארזה,IL,ארזה,מיליליטרים,750.00,"100 מ""ל",false,,32.90,0.0439,true,1,94153
7290002404606,false,*מבצע* יין שיראז ברא,יקבי ארזה,IL,ארזה,מיליליטרים,750.00,"100 מ""ל",false,,32.90,0.0439,true,1,94154
7290002404613,false,*מבצע* יין וירטואוז,יקבי ארזה,IL,ארזה,מיליליטרים,750.00,"100 מ""ל",false,,42.90,0.0572,true,1,94155
7290002410348,false,רוסטביף עגל ברשת-ואק,מעדני הטלה,IL,מעדני הטלה,קילוגרמים,1.00,"ק""ג",true,,49.90,49.9000,true,1,102005
7290002410713,false,קישקע 500 גרם,מעדני הטלה,IL,מעדני הטלה,גרמים,500.00,100 גרם,false,,9.90,0.0198,true,1,93767
7290002461562,false,נקניקיות מיני מרגז 5,מעדני הטלה,IL,מעדני הטלה,גרמים,500.00,100 גרם,false,,24.90,0.0498,true,1,90431
7290002478157,false,רבעי פרגיות ממולאות,מעדני הטלה,IL,מעדני הטלה,קילוגרמים,1.00,"ק""ג",true,,49.90,49.9000,true,1,108210
7290002479109,false,"דבש 1 ק""ג עמק חפר",מכוורת עמק חפר,IL,"דבש 1 ק""ג עמק חפר",גרמים,1000.00,100 גרם,false,,39.90,0.0399,true,1,112073
7290002479352,false,דבש 350 גר עמק חפר,מכוורת עמק חפר,IL,דבש 350 גר עמק חפר,גרמים,350.00,100 גרם,false,,15.90,0.0454,true,1,112074
7290002479925,false,דבש לחיץ 350 גרם עמק,מכוורת עמק חפר,IL,דבש לחיץ 350 גרם עמק,גרמים,350.00,100 גרם,false,,16.90,0.0483,true,1,94424
7290002485025,false,חומוס מסעדות 500,"סלטי שמיר 2006 בע""מ",IL,סלטי שמיר,גרמים,500.00,100 גרם,false,,13.90,0.0278,true,1,92080
7290002485049,false,חומוס מסבחה 500,"סלטי שמיר 2006 בע""מ",IL,סלטי שמיר,גרמים,500.00,100 גרם,false,,13.90,0.0278,true,1,92082
7290002485063,false,חומוס אבו גוש 500,"סלטי שמיר 2006 בע""מ",IL,סלטי שמיר,גרמים,500.00,100 גרם,false,,13.90,0.0278,true,1,92084
7290002507390,false,בולגרית של בכר16%,פנחס,IL,פנחס,קילוגרמים,1.00,"ק""ג",true,,75.00,75.0000,true,1,49292
7290002507604,false,פיצת השף-שגב 320 גרם,שלושת האופים,IL,שלושת האופים,גרמים,320.00,100 גרם,false,,12.90,0.0403,true,1,91600
7290002511229,false,*מבצע* בולגרית מעודנ,"מחלבת המושבה בע""מ",IL,מחלבת המושבה,קילוגרמים,1.00,"ק""ג",true,,40.00,40.0000,true,1,104203
7290002511236,false,*מבצע* בולגרית מעודנ,"מחלבת המושבה בע""מ",IL,מחלבת המושבה,קילוגרמים,1.00,"ק""ג",true,,40.00,40.0000,true,1,104204
7290002511243,false,בולגרית 16%,"מחלבת המושבה בע""מ",IL,מחלבת המושבה,קילוגרמים,1.00,"ק""ג",true,,45.00,45.0000,true,1,60291
7290002511250,false,ג. שמנת שמיר 30%,"מחלבת המושבה בע""מ",IL,מחלבת המושבה,קילוגרמים,1.00,"ק""ג",true,,39.00,39.0000,true,1,60293
7290002511274,false,ג. שמנת זיתים 30%,"מחלבת המושבה בע""מ",IL,מחלבת המושבה,קילוגרמים,1.00,"ק""ג",true,,39.00,39.0000,true,1,60297
7290002511748,false,גאודה כמהין במשקל,"מחלבת המושבה בע""מ",IL,המושבה,קילוגרמים,1.00,"ק""ג",true,,130.00,130.0000,true,1,112386
7290002511786,false,*מבצע* בולגרית עיזים,"מחלבת המושבה בע""מ",IL,מחלבת המושבה,קילוגרמים,1.00,"ק""ג",true,,79.00,79.0000,true,1,116078
7290002512004,false,צנעני מלווח 16*900גר,צנעני מוצרי בצק,IL,צנעני,גרמים,900.00,100 גרם,false,,19.90,0.0221,true,1,90512
7290002512011,false,צנעני גחנון 15*900גר,צנעני מוצרי בצק,IL,צנעני,גרמים,900.00,100 גרם,false,,19.90,0.0221,true,1,90513
7290002512035,false,צנעני בצק עלים 1 קג,צנעני מוצרי בצק,IL,צנעני,קילוגרמים,1.00,"ק""ג",false,,17.90,17.9000,true,1,90514
7290002512509,false,מלוואח אלפא 700 גרם,,,מלוואח אלפא 700 גרם,גרמים,700.00,100 גרם,false,,9.90,0.0141,true,1,93870
7290002512547,false,בצק עלים אלפא,,,בצק עלים אלפא,גרמים,750.00,100 גרם,false,,9.90,0.0132,true,1,116281
7290002512554,false,גחנון אלפא 700 גרם,,,גחנון אלפא 700 גרם,גרמים,700.00,100 גרם,false,,9.90,0.0141,true,1,93871
7290002515371,false,*מבצע* קמיל בלו 1 לי,"ד""ר פישר",IL,קמיל בלו,ליטרים,1.00,ליטר,false,,21.90,21.9000,true,1,91478
7290002517290,false,קינמון טחון 40 גרם מ,"תבליני טעם וריח בע""מ",IL,"תבליני טעם וריח בע""מ",גרמים,40.00,100 גרם,false,,6.90,0.1725,true,1,92721
7290002517337,false,אורגנו שקית 20 גרם,"תבליני טעם וריח בע""מ",IL,"תבליני טעם וריח בע""מ",גרמים,20.00,100 גרם,false,,5.90,0.2950,true,1,92722
7290002517375,false,בזיליקום שקית 30 גרם,"תבליני טעם וריח בע""מ",IL,"תבליני טעם וריח בע""מ",גרמים,30.00,100 גרם,false,,5.90,0.1967,true,1,92723
7290002517801,false,צ'ילי גרוס חריף 30 ג,"תבליני טעם וריח בע""מ",IL,"תבליני טעם וריח בע""מ",גרמים,30.00,100 גרם,false,,6.90,0.2300,true,1,92734
7290002542780,false,שישיית בירה סטלה 330,,,שישיית בירה סטלה 330,ליטרים,1.98,ליטר,false,,34.90,17.6263,true,1,119167
7290002543237,false,קלוגס קורנפלקס 750 ג,חברת קלוגס גרמניה,DE,קלוגס,גרמים,750.00,100 גרם,false,,13.90,0.0185,true,1,92755
7290002560333,false,שקיות אוכל מארז שלשה,,,שקיות אוכל מארז שלשה,יח,3.00,יח,false,,7.90,2.6333,true,1,111856
7290002603689,false,מקלות פילו תפוא XL,שגמור,IL,שגמור,גרמים,450.00,100 גרם,false,,16.90,0.0376,true,1,91608
7290002608509,false,לחם מחמצת זיתי קלמטה,,,לחם רוסטיק לבן,יח',1.00,יח',false,,16.90,16.9000,true,1,87666
7290002608516,false,לחם מחמצת מקמח מלא,,,לחם רוסטיק לבן,יח',1.00,יח',false,,16.90,16.9000,true,1,87667
7290002627098,false,פיצה ביס שלושת האופי,שגמור,IL,פיצה ביס שלושת האופי,גרמים,350.00,100 גרם,false,,12.90,0.0369,true,1,120057
7290002627210,false,גפילטע פיש קציצות צד,דלידג,IL,דלידג,גרמים,560.00,100 גרם,false,,9.90,0.0177,true,1,110052
7290002627753,false,*מבצע* פיצה זוג יוחנ,סוילה אס.אר.אל ויטו,IT,יוחננוף,גרמים,640.00,100 גרם,false,,19.90,0.0311,true,1,115272
7290002628194,false,בשר מס 8  חלק קפוא,JBS S.A,BR,בשר מס 8  חלק קפוא,קילוגרמים,1.00,"ק""ג",true,,29.90,29.9000,true,1,125958
7290002628286,false,בשר ראש חלק קפוא,JBS S.A,BR,בשר ראש חלק קפוא,קילוגרמים,1.00,"ק""ג",true,,69.90,69.9000,true,1,125955
7290002651116,false,גחנון חמסי 1 קג לא א,חמסי,IL,חמסי,קילוגרמים,1.00,"ק""ג",false,,15.90,15.9000,true,1,90433
7290002651123,false,מלאווח חמסי 1 קג,חמסי,IL,חמסי,קילוגרמים,1.00,"ק""ג",false,,15.90,15.9000,true,1,90434
7290002651253,false,גחנון אפוי חמסי 600,חמסי,IL,חמסי,גרמים,600.00,100 גרם,false,,15.90,0.0265,true,1,90435
7290002674221,false,משחת שיניים אקווה פר,גלקסוסמיתקליין,GB,אקווה פרש,מיליליטרים,100.00,"100 מ""ל",false,,11.90,0.1190,true,1,90964
7290002692393,false,"שמן קנולה מועשר ""עץ",שמן תעשיות,IL,עץ הזית,ליטרים,1.00,ליטר,false,,15.90,15.9000,true,1,92102
7290002692478,false,*מבצע* שמן זית כתית,שמן תעשיות,IL,עץ הזית,מיליליטרים,750.00,"100 מ""ל",false,,29.90,0.0399,true,1,92104
7290002692782,false,תרסיס שמן זית ללא תו,שמן תעשיות,IL,עץ הזית,מיליליטרים,200.00,"100 מ""ל",false,,15.90,0.0795,true,1,92107
7290002695073,false,בשר מס' 6  מוכשר קפו,כל הבשר,AR,כל הבשר,קילוגרמים,1.00,"ק""ג",true,,39.90,39.9000,true,1,101084
7290002695103,false,בשר מס' 5 מוכשר קפוא,כל הבשר,AR,כל הבשר,קילוגרמים,1.00,"ק""ג",true,,39.90,39.9000,true,1,101224
7290002695127,false,טחון הודו זוגות,כל הבשר,IL,כל הבשר,קילוגרמים,1.00,"ק""ג",false,,14.90,14.9000,true,1,94208
7290002695295,false,זוג טחון בקר חלק 2*5,כל הבשר,IL,כל הבשר,קילוגרמים,1.00,"ק""ג",false,,29.90,29.9000,true,1,94216
7290002695448,false,סטייק אנטריקוט מעובד,כל הבשר,IL,כל הבשר,קילוגרמים,1.00,"ק""ג",true,,39.90,39.9000,true,1,102977
7290002695608,false,טחון בקר זוגות 2*500,כל הבשר,IL,כל הבשר,קילוגרמים,1.00,"ק""ג",false,,25.90,25.9000,true,1,94223
7290002695684,false,גולש בקר במגש .,כל הבשר,IL,כל הבשר,קילוגרמים,1.00,"ק""ג",true,,33.90,33.9000,true,1,101226
7290002695752,false,טחון עוף זוגות,כל הבשר,IL,כל השר,קילוגרמים,1.00,"ק""ג",false,,14.90,14.9000,true,1,94227
7290002695813,false,בשר מס 5 חלק קפוא מע,כל הבשר,IL,כל הבשר,קילוגרמים,1.00,"ק""ג",true,,39.90,39.9000,true,1,102983
7290002695851,false,בשר טחון בקר 100%.,כל הבשר,IL,כל הבשר,גרמים,500.00,100 גרם,false,,22.90,0.0458,true,1,94232
7290002715504,false,מגיק בכוס טעם עוף,ויינברג,SG,מג'יק,גרמים,70.00,100 גרם,false,,4.50,0.0643,true,1,91611
7290002715511,false,מגיק בכוס בשר,ויינברג,SG,מג'יק,גרמים,70.00,100 גרם,false,,4.50,0.0643,true,1,91612
7290002715528,false,מגיק בכוס ירקות,ויינברג,SG,מג'יק,גרמים,70.00,100 גרם,false,,4.50,0.0643,true,1,91613
7290002715580,false,מגיק בכוס סיני,ויינברג,SG,מג'יק,גרמים,70.00,100 גרם,false,,4.50,0.0643,true,1,91614
7290002730262,false,*מבצע* פלמוליב כלים,Colgate - Greece,GR,פלמוליב  כלים,מיליליטרים,750.00,"100 מ""ל",false,,8.90,0.0119,true,1,92616
7290002730521,false,בלונס מקלות אוזניים,SEPTONA,GR,בלונס,יח',200.00,יח',false,,6.90,0.0345,true,1,92618
7290002730538,false,בלונס מסיר איפור 80,SEPTONA,GR,בלונס,יח',80.00,יח',false,,8.90,0.1113,true,1,92619
7290002730811,false,קולגייט אדומה ג'ל פס,CP-Poland swidnica,PL,קולגייט,מיליליטרים,100.00,"100 מ""ל",false,,11.90,0.1190,true,1,92622
7290002730941,false,בלונס צמר גפן 100 גר,SEPTONA,GR,בלונס,גרמים,100.00,100 גרם,false,,6.90,0.0690,true,1,92624
7290002730958,false,*מבצע* פלמוליב סבון,CP - Turkey+60,TR,פלמוליב סבון,גרמים,400.00,100 גרם,false,,9.90,0.0248,true,1,92625
7290002735014,false,מלווח ארוז - יינון,יינון,IL,יינון,גרמים,750.00,100 גרם,false,,13.90,0.0185,true,1,93480
7290002735021,false,ג'חנון ארוז - יינון,יינון,IL,יינון,גרמים,750.00,100 גרם,false,,13.90,0.0185,true,1,93481
7290002735274,false,ג'חנון אפוי - יינון,יינון,IL,יינון,גרמים,600.00,100 גרם,false,,16.90,0.0282,true,1,93486
7290002750383,false,לחם מחמצת טוסקני כפר,,,לחם טוסקאני כפרי עגול,יח',1.00,יח',false,,16.90,16.9000,true,1,87834
7290002750963,false,באגט רוסטיק,,,בגט רוסטיק,יח',1.00,יח',false,,7.90,7.9000,true,1,64272
7290002752332,false,מנטוס פירות,פרפטי ואן מלה,NL,מנטוס,גרמים,37.50,100 גרם,false,,2.90,0.0773,true,1,91394
7290002752493,false,טיק טק  מנטה רביעייה,פררו,EC,פררו,גרמים,64.00,100 גרם,false,,9.90,0.1547,true,1,93008
7290002753223,false,טיק טק תפוז רביעיה,פררו,EC,פררו,גרמים,64.00,100 גרם,false,,9.90,0.1547,true,1,95172
7290002757139,false,מלאווח 700 גרם שלושת,אופרה,IL,אופרה,גרמים,700.00,100 גרם,false,,12.90,0.0184,true,1,91617
7290002757511,false,קציצות דג לבישול 750,דלידג,IL,דלידג,גרמים,750.00,100 גרם,false,,24.90,0.0332,true,1,91618
7290002757535,false,בורקס פילו אצבעות גב,שגמור,IL,שגמור,גרמים,700.00,100 גרם,false,,16.90,0.0241,true,1,91620
7290002768043,false,תיאדנט גדול,,,תיאדנט גדול,מיליליטרים,150.00,"100 מ""ל",false,,14.90,0.0993,true,1,90770
7290002768074,false,דרמפון גדול,"אמיליה קוסמטיקס בע""מ",IL,דרמפון,ליטרים,1.00,ליטר,false,,17.90,17.9000,true,1,90771
7290002768159,false,בת אורן סבון נוז,"אמיליה קוסמטיקס בע""מ",IL,בת אורן,מיליליטרים,500.00,"100 מ""ל",false,,17.90,0.0358,true,1,90772
7290002769514,false,עוגיות 350 גרם,ר.כ עוגיות הזהב,IL,הזהב,גרמים,350.00,100 גרם,false,,9.90,0.0283,true,1,121389
7290002769996,false,עוגת קראנץ 500 גרם,ר.כ עוגיות הזהב,IL,עוגת קראנץ 500 גרם,גרמים,500.00,100 גרם,false,,14.90,0.0298,true,1,92815
7290002771104,false,קפה קלוי וטחון עם הל,,,קפה אלנחלה הל 500 גרם,גרמים,500.00,100 גרם,false,,29.90,0.0598,true,1,89897
7290002771111,false,קפה קלוי וטחון עם הל,,,קפה אלנחלה הל 250 גרם,גרמים,250.00,100 גרם,false,,15.90,0.0636,true,1,89898
7290002771128,false,קפה קלוי וטחון בלי ה,,,קפה אלנחלה 250 גרם,גרמים,250.00,100 גרם,false,,15.90,0.0636,true,1,89899
7290002782735,false,דאודורנט ספריי לגבר,ביסקול,IL,פנינה רוזנבלום בע'מ,מיליליטרים,150.00,"100 מ""ל",false,,17.90,0.1193,true,1,91880
7290002782759,false,*מבצע* קרם גוף 340 מ,א.ל ארמן,IL,פנינה רוזנבלום בע'מ,מיליליטרים,340.00,"100 מ""ל",false,,19.90,0.0585,true,1,91882
7290002793304,false,*מבצע* ספייר צילינדר,סודה סטרים,IL,*מבצע* ספייר צילינדר,יח',1.00,יח',false,,99.00,99.0000,true,1,118403
7290002793311,false,שירות והחלפה מילוי ג,סודה סטרים,IL,סודה סטרים,יח',1.00,יח',false,,56.90,56.9000,true,1,91704
7290002800361,false,המבורגר מסעדות 500,מעדני הטלה,IL,מעדני הטלה,גרמים,500.00,100 גרם,false,,22.90,0.0458,true,1,90436
7290002805151,false,*מבצע* סיף רצפות 4 ל,אתר ליוור - HPC,IL,CIF,ליטרים,4.00,ליטר,false,,17.90,4.4750,true,1,57340
7290002814016,false,מסיר שומנים קר מתז 7,"קומפלקס כימיקלים בע""",IL,סנט מוריץ,מיליליטרים,750.00,"100 מ""ל",false,,12.90,0.0172,true,1,90988
7290002814078,false,אנטרטיק 1 ליטר צילינ,"קומפלקס כימיקלים בע""",IL,סנט מוריץ,ליטרים,1.00,ליטר,false,,4.90,4.9000,true,1,90991
7290002814528,false,אסלות 1 ליטר צילינדר,"קומפלקס כימיקלים בע""",IL,סנט מוריץ,ליטרים,1.00,ליטר,false,,4.90,4.9000,true,1,90995
7290002814580,false,טורנדו גרגירים לפתיח,"קומפלקס כימיקלים בע""",IL,טורנדו,גרמים,200.00,100 גרם,false,,9.90,0.0495,true,1,90996
7290002814603,false,מסיר שומנים קר מבושם,"קומפלקס כימיקלים בע""",IL,סנט מוריץ,מיליליטרים,750.00,"100 מ""ל",false,,9.90,0.0132,true,1,44139
7290002814795,false,כדוריות סבון אסלה לי,,TR,כדוריות סבון אסלה לי,יח',3.00,יח',false,,9.90,3.3000,true,1,127117
7290002814801,false,כדוריות סבון אסלה פר,,TR,כדוריות סבון אסלה פר,יח',3.00,יח',false,,9.90,3.3000,true,1,127118
7290002814818,false,כדוריות סבון אסלה עם,,TR,כדוריות סבון אסלה עם,יח',3.00,יח',false,,9.90,3.3000,true,1,127119
7290002814832,false,כדוריות לאסלה שלישיי,"קומפלקס כימיקלים בע""",TR,כדוריות לאסלה שלישיי,יח',3.00,יח',false,,9.90,3.3000,true,1,121725
7290002824183,false,סקי 500 גרם 5%,שטראוס גרופ,IL,שטראוס,גרמים,500.00,100 גרם,false,,9.30,0.0186,true,1,92015
7290002824466,false,דנונה ביו  0% 200 גר,שטראוס גרופ,IL,שטראוס,מיליליטרים,200.00,"100 מ""ל",false,,3.50,0.0175,true,1,92016
7290002824640,false,סקי 5% 250 גרם,שטראוס גרופ,IL,שטראוס,גרמים,250.00,100 גרם,false,,4.95,0.0198,true,1,92017
7290002825722,false,כרוב אדום 500,שטראוס גרופ,IL,שטראוס,גרמים,500.00,100 גרם,false,,13.90,0.0278,true,1,92018
7290002862222,false,פירורי לחם לבנים 1 ק,,,פירורי לחם לבנים 1 ק,יח',1.00,יח',false,,9.90,9.9000,true,1,95333
7290002862444,false,פירורי לחם מוזהבים 1,,,פירורי לחם מוזהב 800ג,קילוגרמים,1.00,"ק""ג",false,,9.90,9.9000,true,1,95337
7290002862482,false,פירורי לחם מתובלים ק,,,פירורי לחם מתובלים 500ג,גרמים,500.00,100 גרם,false,,7.90,0.0158,true,1,95338
7290002868996,false,קוטג' 5% 250 גרם נעם,טרה,IL,טרה,גרמים,250.00,100 גרם,false,,5.30,0.0212,true,1,91971
7290002871248,false,טובורג חוזר,קרלסברג ישראל,IL,טובורג,מיליליטרים,500.00,"100 מ""ל",false,,7.90,0.0158,true,1,90636
7290002871361,false,קרלסברג חוזר,קרלסברג ישראל,IL,קרלסברג,מיליליטרים,500.00,"100 מ""ל",false,,7.90,0.0158,true,1,90637
7290002879138,false,חומץ תפוחים 700מל מי,קרל קונה,DE,אנדלסים,מיליליטרים,750.00,"100 מ""ל",false,,15.90,0.0212,true,1,117471
7290002879633,false,וופל בלגי 550 גרם,אן.וי ביסקוויטרי טיז,BE,וופל בלגי 550 גרם,גרמים,550.00,100 גרם,false,,21.90,0.0398,true,1,118701
7290002881209,false,*מבצע* רסק תפוחי עץ,,,רסק תפוחי עץ,גרמים,720.00,100 גרם,false,,9.90,0.0138,true,1,92557
7290002881216,false,*מבצע* רסק תפוחי עץ,,,רסק תפוחי עץ,גרמים,700.00,100 גרם,false,,9.90,0.0141,true,1,92558
7290002881230,false,אננס חתוך 820 גרם,"אניס פארם בע""מ",VN,אננס חתוך 820 גרם,גרמים,820.00,100 גרם,false,,7.50,0.0091,true,1,115409
7290002881407,false,נודלס דק 400 ג,אופאל,CN,תומר,גרמים,400.00,100 גרם,false,,7.90,0.0198,true,1,92559
7290002881414,false,נודלס עבה 400 ג,אופאל,CN,תומר,גרמים,400.00,100 גרם,false,,7.90,0.0198,true,1,92560
7290002881742,false,לבבות דקל חתוך,Inaexpo,EC,תומר,גרמים,220.00,100 גרם,false,,7.90,0.0359,true,1,92565
7290002881803,false,שמן קנולה 1 ליטר תומ,,BE,????,ליטרים,1.00,ליטר,false,,8.90,8.9000,true,1,118836
7290002881940,false,סרדין מרוקאי בשמן 12,,,סרדין מרוקאי בשמן 125 גרם,גרמים,125.00,100 גרם,false,,4.90,0.0392,true,1,92568
7290002881957,false,סרדין מרוקאי חריף 12,,,סרדין מרוקאי חריף 125 גרם,גרמים,125.00,100 גרם,false,,4.90,0.0392,true,1,92569
7290002900313,false,פסטרמה בסגנון ספרדי,טירת- צבי,IL,טירת- צבי,קילוגרמים,1.00,"ק""ג",true,,79.00,79.0000,true,1,69408
7290002900436,false,פסטרמה בסגנון איטלקי,טירת- צבי,IL,טירת- צבי,קילוגרמים,1.00,"ק""ג",true,,79.00,79.0000,true,1,69410
7290002909569,false,פילה ברבוניה 400 גרם,טאנ-היי,,פילה ברבוניה 400 גרם,גרמים,400.00,100 גרם,false,,24.90,0.0622,true,1,94745
7290002909804,false,פילה מרלוזה ללא עור,אל מאריסקו,AR,בלדי,קילוגרמים,1.00,"ק""ג",true,,29.90,29.9000,true,1,104352
7290002909880,false,פולי סויה -אדממה 400,ZHEJIANG,CN,בלדי,גרמים,400.00,100 גרם,false,,6.90,0.0173,true,1,94749
7290002920311,false,ברי צאן 25%,טבע עז,IL,מחלבות גד,קילוגרמים,1.00,"ק""ג",true,,125.00,125.0000,true,1,103152
7290002921349,false,לוקטייט סופר גלו 3 -,הנקל סוד,TR,סופר,יח',1.00,יח',false,,15.90,15.9000,true,1,91372
7290002925729,false,מ.שיניים גם וגם,,,מ.שיניים גם וגם,מיליליטרים,120.00,"100 מ""ל",false,,14.90,0.1242,true,1,90774
7290002929642,false,טונה ויליגר בשמן 4*1,ויליגר,IL,ויליגר,גרמים,560.00,100 גרם,false,,19.90,0.0355,true,1,91626
7290002929734,false,"גפילטפיש 560 גרם בד""",דלידג,IL,דלידג,גרמים,560.00,100 גרם,false,,9.90,0.0177,true,1,91627
7290002954040,false,שמן תירס 1 ליטר,לסיור,FR,שוקחה,ליטרים,1.00,ליטר,false,,14.90,14.9000,true,1,89810
7290002954187,false,"אורז יסמין 5 ק""ג",,,"אורז יסמין 5 ק""ג",קילוגרמים,5.00,"ק""ג",false,,41.90,8.3800,true,1,92950
7290002971955,false,קמח שטיבל 650  ל.צ.נ,טחנת קמח דגן-שטיבל,IL,קמח שטיבל 650  ל.צ.נ,קילוגרמים,1.00,"ק""ג",false,,7.90,7.9000,true,1,94021
7290002971962,false,קמח חיטה מלא % 100 ל,טחנת קמח דגן-שטיבל,IL,קמח חיטה מלא % 100 ל,קילוגרמים,1.00,"ק""ג",false,,7.90,7.9000,true,1,94022
7290002971986,false,קמח שיפון מלא  ל.צ.נ,טחנת קמח דגן-שטיבל,IL,קמח שיפון מלא  ל.צ.נ,קילוגרמים,1.00,"ק""ג",false,,7.90,7.9000,true,1,94023
7290002971993,false,קמח כוסמין מלא שטיבל,טחנת קמח דגן-שטיבל,IL,קמח כוסמין מלא שטיבל,קילוגרמים,1.00,"ק""ג",false,,12.90,12.9000,true,1,94024
7290002972006,false,קמח שטיבל  405 ל.צ.נ,טחנת קמח דגן-שטיבל,IL,קמח שטיבל  405 ל.צ.נ,קילוגרמים,1.00,"ק""ג",false,,7.90,7.9000,true,1,94025
7290002972365,false,קמח שטיבל 13 תופחל.צ,טחנת קמח דגן-שטיבל,IL,קמח שטיבל 13 תופחל.צ,קילוגרמים,1.00,"ק""ג",false,,7.90,7.9000,true,1,94026
7290002972426,false,קמח  שטיבל 80% ל.צ.נ,טחנת קמח דגן-שטיבל,IL,קמח  שטיבל 80% ל.צ.נ,קילוגרמים,1.00,"ק""ג",false,,7.90,7.9000,true,1,94027
7290002972518,false,קמח רב תכליתי 2.27 ק,טחנת קמח דגן-שטיבל,IL,קמח רב תכליתי 2.27 ק,גרמים,2270.00,100 גרם,false,,14.90,0.0066,true,1,94028
7290002973669,false,שטיבל 2 קמח לחם  ל.צ,טחנת קמח דגן-שטיבל,IL,שטיבל,קילוגרמים,1.00,"ק""ג",false,,7.90,7.9000,true,1,106892
7290002973676,false,קמח שטיבל 18 - חלה ל,טחנת קמח דגן-שטיבל,IL,שטיבל,קילוגרמים,1.00,"ק""ג",false,,7.90,7.9000,true,1,106893
7290002973812,false,קמח כוסמין 80%,"שטיבל בע""מ",IL,שטיבל,קילוגרמים,1.00,"ק""ג",false,,13.90,13.9000,true,1,115093
7290002973829,false,קמח כוסמין לבן  ל.צ.,"שטיבל בע""מ",IL,שטיבל,קילוגרמים,1.00,"ק""ג",false,,13.90,13.9000,true,1,114421
7290002974116,false,קמח כפרי שטיבל 3 ל.צ,"שטיבל בע""מ",IL,שטיבל,קילוגרמים,1.00,"ק""ג",false,,8.90,8.9000,true,1,114692
7290002974222,false,קמח עוגיות שטיבל 4 ל,"שטיבל בע""מ",IL,שטיבל,קילוגרמים,1.00,"ק""ג",false,,7.90,7.9000,true,1,114696
7290002974239,false,קמח עוגות שטיבל 5 ל.,"שטיבל בע""מ",IL,שטיבל,קילוגרמים,1.00,"ק""ג",false,,7.90,7.9000,true,1,114697
7290002974314,false,קמח פיצה שטיבל 440 ל,טחנת קמח דגן-שטיבל,IL,שטיבל,קילוגרמים,1.00,"ק""ג",false,,9.90,9.9000,true,1,114848
7290002974338,false,קמח מניטובה 17.5% חל,טחנת קמח דגן-שטיבל,IL,קמח מניטובה 17.5% חל,קילוגרמים,1.00,"ק""ג",false,,11.90,11.9000,true,1,120432
7290002974352,false,קמח מלא חיטה ישראלית,טחנת קמח דגן-שטיבל,IL,קמח מלא חיטה ישראלית,קילוגרמים,1.00,"ק""ג",false,,8.50,8.5000,true,1,120433
7290002986294,false,פתיבר גמבו 600 גרם,,,פתיבר גמבו 600 גרם,גרמים,600.00,100 גרם,false,,10.90,0.0182,true,1,93493
7290002987963,false,חומוס אחלה 1 קג,שטראוס גרופ,IL,אחלה,קילוגרמים,1.00,"ק""ג",false,,13.90,13.9000,true,1,93160
7290003006021,false,קוביה פטה עם זיתים 2,גבינות ניצן,IL,גבינות ניצן,קילוגרמים,1.00,"ק""ג",true,,70.00,70.0000,true,1,36061
7290003009183,false,סירופ פריגת דיאט תפו,סירופ - גבעת חיים,IL,סירופ דיאט,מיליליטרים,750.00,"100 מ""ל",false,,21.90,0.0292,true,1,90645
7290003009329,false,בוטן אמריקאי 200 גרם,"ג'י אנד ג'י בע""מ",IL,קליית גת,גרמים,200.00,100 גרם,false,,5.90,0.0295,true,1,91398
7290003009336,false,קבוקים 200 גרם,"ג'י אנד ג'י בע""מ",IL,קליית גת,גרמים,200.00,100 גרם,false,,5.90,0.0295,true,1,91399
7290003009596,false,סירופ פריגת דיאט אשכ,סירופ - גבעת חיים,IL,סירופ דיאט,מיליליטרים,750.00,"100 מ""ל",false,,21.90,0.0292,true,1,90647
7290003009640,false,סחוט תפוז 1 ליטר,פריגת מצוננים,IL,סחוט טבעי,ליטרים,1.00,ליטר,false,,15.90,15.9000,true,1,91972
7290003015641,false,*מבצע* ריצפז פרש 2 ל,סנו,IL,ריצפז,ליטרים,2.00,ליטר,false,,14.90,7.4500,true,1,90780
7290003023196,false,מוקה יוטבתה,שטראוס גרופ,IL,יטבתה,מיליליטרים,225.00,"100 מ""ל",false,,2.90,0.0129,true,1,92020
7290003026029,false,קמיל בלו סנסיטיב 500,"ד""ר פישר",IL,קמיל בלו סנסיטיב,גרמים,500.00,100 גרם,false,,17.90,0.0358,true,1,91479
7290003026036,false,*מבצע* קמיל פלוס 1 ל,"ד""ר פישר",IL,קמיל בלו סנסיטיב,ליטרים,1.00,ליטר,false,,24.90,24.9000,true,1,91480
7290003026227,false,*מבצע* קמיל אלדמע 1,"ד""ר פישר",IL,קמיל בלו סנסיטיב,ליטרים,1.00,ליטר,false,,24.90,24.9000,true,1,91481
7290003026234,false,*מבצע* קמיל בלו תחלי,"ד""ר פישר",IL,קמיל בלו סנסיטיב,מיליליטרים,500.00,"100 מ""ל",false,,19.90,0.0398,true,1,91482
7290003029181,false,שוקו 1 ליטר,שטראוס גרופ,IL,יטבתה,ליטרים,1.00,ליטר,false,,11.90,11.9000,true,1,92022
7290003029372,false,בננה 1 ליטר,שטראוס גרופ,IL,יטבתה,ליטרים,1.00,ליטר,false,,11.90,11.9000,true,1,92024
7290003029389,false,"בננה פקק 250 מ""ל",שטראוס גרופ,IL,יטבתה,מיליליטרים,250.00,"100 מ""ל",false,,5.50,0.0220,true,1,92025
7290003029433,false,"שוקו פקק 250 מ""ל",שטראוס גרופ,IL,יטבתה,מיליליטרים,250.00,"100 מ""ל",false,,5.50,0.0220,true,1,92026
7290003029532,false,מוקה 1 ליטר,שטראוס גרופ,IL,יטבתה,ליטרים,1.00,ליטר,false,,11.90,11.9000,true,1,92027
7290003029792,false,מארז 8 שקיות שוקו,שטראוס גרופ,IL,יטבתה,ליטרים,1.80,ליטר,false,,18.90,10.5000,true,1,92029
7290003029815,false,חלב 3% בקבוק 2 ליטר,שטראוס גרופ,IL,יטבתה,ליטרים,2.00,ליטר,false,,14.90,7.4500,true,1,92030
7290003029907,false,אייס קפה 1 ליטר,שטראוס גרופ,IL,יטבתה,ליטרים,1.00,ליטר,false,,11.90,11.9000,true,1,92032
7290003054657,false,חרדל דיז'ון אקסטרא פ,REINE DE DIJON S.A,FR,ריין דיז'ון,גרמים,370.00,100 גרם,false,,9.90,0.0268,true,1,92759
7290003055081,false,טישו סיון נילון 100,חי,IL,סיון,יח',100.00,יח',false,,2.90,0.0290,true,1,94056
7290003055166,false,פנסי מעורב פסטל 100,חי,IL,פנסי,יח',100.00,יח',false,,4.90,0.0490,true,1,94058
7290003055197,false,מפיון דיספנסר 40X100,חי,IL,חי,יח',100.00,יח',false,,2.90,0.0290,true,1,94059
7290003055203,false,מפיות סיון קולקשיין,maki,PL,סיון,יח',20.00,יח',false,,6.90,0.3450,true,1,94060
7290003055227,false,הום קולקשיין 50 דו ש,חי,IL,חי,יח',50.00,יח',false,,9.90,0.1980,true,1,94061
7290003055524,false,"מפיות ""PARTY 85"" חד",חי,IL,פארטי,יח',85.00,יח',false,,3.90,0.0459,true,1,94063
7290003055548,false,טישו  פיור שביעיה,חי,IL,פיור,יח',7.00,יח',false,,13.90,1.9857,true,1,94064
7290003069682,false,בצק פילאס 500 גרם,שגמור,IL,שגמור,גרמים,500.00,100 גרם,false,,16.90,0.0338,true,1,91628
7290003072804,false,*מבצע* פסטרמה של פעם,טירת- צבי,IL,טירת צבי,גרמים,200.00,100 גרם,false,,17.90,0.0895,true,1,110161
7290003072859,false,רוסטביף 120 גרם,טירת- צבי,IL,טירת- צבי,גרמים,120.00,100 גרם,false,,23.90,0.1992,true,1,111619
7290003078608,false,פפריקה חריפה בשמן 12,תבליני הדור השלישי,IL,פפריקה חריפה בשמן 12,גרמים,120.00,100 גרם,false,,13.90,0.1158,true,1,106219
7290003102136,false,צמר גפן COTTON SOFT,A.P. Ltd,TR,כוטון סופט,גרמים,100.00,100 גרם,false,,4.50,0.0450,true,1,90374
7290003102280,false,צימרוני שסתום לתינוק,,,צמרוני אוזניים לתינוק 55,יח',55.00,יח',false,,3.50,0.0636,true,1,90375
7290003102587,false,מברשת לבקבוק+מברשת ל,N.L. Product,CN,טוליפס,יח',1.00,יח',false,,6.90,6.9000,true,1,90376
7290003102976,false,צימרוני אוז' פל' בקו,S.T.O Co Ltd,CN,כוטון סופט,יח',200.00,יח',false,,3.90,0.0195,true,1,90378
7290003107148,false,קמח לבן 1 קג,טחנות קמח דגן בעמ,IL,דגן,קילוגרמים,1.00,"ק""ג",false,,3.90,3.9000,true,1,94105
7290003107216,false,קמח לבן בהיר ארוז,טחנות קמח דגן בעמ,IL,דגן,קילוגרמים,1.00,"ק""ג",false,,5.90,5.9000,true,1,91275
7290003107223,false,"סולת לנדא ארוז 1 ק""ג",טחנות קמח דגן בעמ,IL,דגן,קילוגרמים,1.00,"ק""ג",false,,6.00,6.0000,true,1,91276
7290003107230,false,"קמח תופח דגן 1 ק""ג",טחנת קמח דגן-שטיבל,IL,דגן,קילוגרמים,1.00,"ק""ג",false,,5.90,5.9000,true,1,119875
7290003107353,false,משפר אפיה שלישיה,,,משפר אפיה שלישיה,גרמים,30.00,100 גרם,false,,5.90,0.1967,true,1,94107
7290003107360,false,"קמח בהיר1 ק""ג דגן מנ",טחנות קמח דגן בעמ,IL,"קמח בהיר1 ק""ג דגן מנ",קילוגרמים,1.00,"ק""ג",false,,7.90,7.9000,true,1,91277
7290003126712,false,יוגורט עיזים טבעי 15,מחלבת משק צוריאל,IL,משק צוריאל,גרמים,150.00,100 גרם,false,,5.80,0.0387,true,1,91973
7290003126958,false,*מבצע* טופו גולמי בו,מחלבת משק צוריאל,IL,משק צוריאל,גרמים,300.00,100 גרם,false,,9.90,0.0330,true,1,91974
7290003142422,false,גרעיני חמניה ללא מלח,"ג'י אנד ג'י בע""מ",IL,קליית גת,גרמים,180.00,100 גרם,false,,5.90,0.0328,true,1,91403
7290003143139,false,סילאן 900 גרם קליית,,,סילאן 900 גרם,גרמים,900.00,100 גרם,false,,12.90,0.0143,true,1,91406
7290003143146,false,ממרח תמרים 450 גרם,,,ממרח תמרים 450 גרם,גרמים,450.00,100 גרם,false,,4.90,0.0109,true,1,91407
7290003143276,false,יוגטה מרשמלו 180 גרם,תות ממתקי איכות,IL,יוגטה,גרמים,180.00,100 גרם,false,,6.90,0.0383,true,1,91408
7290003143337,false,סילאן טבעי לחיץ 350,,,סילאן 900 גרם,גרמים,350.00,100 גרם,false,,14.90,0.0426,true,1,95441
7290003144310,false,תערובת אגוזים וחמוצי,קליית גת,IL,קליית גת,גרמים,150.00,100 גרם,false,,15.90,0.1060,true,1,91415
7290003144419,false,סילאן טבעי 710 גרם ק,,,סילאן 900 גרם,גרמים,710.00,100 גרם,false,,19.90,0.0280,true,1,91416
7290003145751,false,*מבצע* קשיו קלוי 200,"ששון ושות' בע""מ",IL,קליית גת,גרמים,200.00,100 גרם,false,,15.90,0.0795,true,1,91435
7290003145782,false,צנובר טבעי 100 גרם,"ששון ושות' בע""מ",IL,קליית גת,גרמים,100.00,100 גרם,false,,22.90,0.2290,true,1,94281
7290003189076,false,פיצרלה מגורדת,צי תעשיות מזון יבנה,IL,כפיר,גרמים,500.00,100 גרם,false,,18.90,0.0378,true,1,91904
7290003189199,false,צהובה חריפה 24% א.ח.,צי תעשיות מזון יבנה,IL,כפיר,קילוגרמים,1.00,"ק""ג",true,,35.00,35.0000,true,1,53023
7290003189267,false,הצהובה הטובה 5% 200,צי תעשיות מזון יבנה,IL,כפיר,גרמים,200.00,100 גרם,false,,13.90,0.0695,true,1,91907
7290003189274,false,צהובה מעושנת 22% א.ח,צי תעשיות מזון יבנה,IL,כפיר,קילוגרמים,1.00,"ק""ג",true,,40.00,40.0000,true,1,103545
7290003208586,false,*מבצע* מרטיני ביאנקו,,,"מרטיני וורמוט לבן 750 מ""ל",מיליליטרים,750.00,"100 מ""ל",false,,44.90,0.0599,true,1,91501
7290003208609,false,*מבצע* מרטיני רוסו 7,,,"מרטיני וורמוט אדום 750 מ""",מיליליטרים,750.00,"100 מ""ל",false,,44.90,0.0599,true,1,91502
7290003220380,false,עוגיות סנדביץ שוקו,מגדנית הדר,IL,מעדני מלך,גרמים,150.00,100 גרם,false,,3.50,0.0233,true,1,93886
7290003220397,false,עוגיות סנדביץ וניל,מגדנית הדר,IL,מעדני מלך,גרמים,150.00,100 גרם,false,,3.50,0.0233,true,1,93887
7290003220403,false,קרקר מעדני המלך,מגדנית הדר,IL,מעדני מלך,גרמים,110.00,100 גרם,false,,2.90,0.0264,true,1,93888
7290003220410,false,קרקר מעדני המלך,מגדנית הדר,IL,מעדני מלך,גרמים,110.00,100 גרם,false,,2.90,0.0264,true,1,93889
7290003220434,false,פתיבר מעדני המלך וני,מגדנית הדר,IL,מעדני מלך,גרמים,110.00,100 גרם,false,,2.90,0.0264,true,1,93891
7290003220441,false,פתיבר מעדני המלך שוק,מגדנית הדר,IL,מעדני מלך,גרמים,110.00,100 גרם,false,,2.90,0.0264,true,1,93892
7290003220465,false,פתיבר 500 גרם מעדני,מגדנית הדר,IL,מעדני מלך,גרמים,500.00,100 גרם,false,,7.90,0.0158,true,1,93894
7290003220588,false,צילי מתוק ללא סוכר ו,תאי פרידה אינדסטרי ב,TH,WOK,מיליליטרים,700.00,"100 מ""ל",false,,13.90,0.0199,true,1,90554
7290003220595,false,אורז לסושי ווק 1 קג,"מיה תעשיות מזון בע""מ",IL,WOK,קילוגרמים,1.00,"ק""ג",false,,10.90,10.9000,true,1,90555
7290003220717,false,אצות נורי לסושי 10 י,ג'י וואן גלובול נאט,TH,WOK,יח',10.00,יח',false,,9.90,0.9900,true,1,90557
7290003220748,false,רוטב סויה ווק 640 מל,ליאנג סאנג האנד הואד,TH,WOK,מיליליטרים,640.00,"100 מ""ל",false,,10.90,0.0170,true,1,90559
7290003220786,false,"מקלות אורז 5 מ""מ",אסיאן סופירה פודס חב,TH,WOK,גרמים,400.00,100 גרם,false,,8.90,0.0223,true,1,93898
7290003220939,false,מקלוני אורז דקים,אסיאן סופירה פודס חב,TH,WOK,גרמים,400.00,100 גרם,false,,8.90,0.0223,true,1,93901
7290003220977,false,ביסקויט ירח חצי מצופ,מגדנית הדר,IL,הדר,גרמים,175.00,100 גרם,false,,5.90,0.0337,true,1,117835
7290003222070,false,פיתות 13 יח,מאפיית המכבים,,פיתה תימנית 3+10,יח',13.00,יח',false,,9.90,0.7615,true,1,91446
7290003222094,false,פיתה ביס 11 יח,מאפיית המכבים,IL,פיתה ביס 12 יח,יח',11.00,יח',false,,8.90,0.8091,true,1,91447
7290003229109,false,פסטרמה בפפריקה 400,טירת- צבי,IL,טירת- צבי,גרמים,400.00,100 גרם,false,,25.90,0.0647,true,1,92843
7290003229116,false,פסטרמה בדבש טירת צבי,טירת- צבי,IL,טירת- צבי,גרמים,400.00,100 גרם,false,,25.90,0.0647,true,1,92844
7290003229123,false,פסטרמה גחלים טירת צב,טירת- צבי,IL,טירת- צבי,גרמים,400.00,100 גרם,false,,25.90,0.0647,true,1,92845
7290003229147,false,נקניק סלמי טירת צבי,טירת- צבי,IL,טירת- צבי,גרמים,300.00,100 גרם,false,,25.90,0.0863,true,1,92846
7290003229154,false,נקניק קוניאק טירת צב,טירת- צבי,IL,טירת- צבי,גרמים,300.00,100 גרם,false,,25.90,0.0863,true,1,92847
7290003229192,false,כתף בקר טירת צבי 400,טירת- צבי,IL,טירת- צבי,גרמים,400.00,100 גרם,false,,25.90,0.0647,true,1,92848
7290003229208,false,פסטרמה ספרדית 360 ג,טירת- צבי,IL,טירת- צבי,גרמים,360.00,100 גרם,false,,25.90,0.0719,true,1,92849
7290003229215,false,פסטרמה איטלקית 360 ג,טירת- צבי,IL,טירת- צבי,גרמים,360.00,100 גרם,false,,25.90,0.0719,true,1,92850
7290003229222,false,סלמי תה 300 גרם,טירת- צבי,IL,טירת- צבי,גרמים,300.00,100 גרם,false,,21.90,0.0730,true,1,92851
7290003249138,false,כבד עוף קפוא,"נטו מלינדה סחר בע""מ",,כבד עוף קפוא,קילוגרמים,1.00,"ק""ג",true,,14.90,14.9000,true,1,126449
7290003258406,false,"ווקס לשיער 100 מ""ל",ארמן,IL,פנינה רוזנבלום בע'מ,מיליליטרים,100.00,"100 מ""ל",false,,16.90,0.1690,true,1,91883
7290003268252,false,לחם חיטה לילדים,דגנית עין בר,IL,לחם חיטה לילדים,גרמים,750.00,100 גרם,false,,12.90,0.0172,true,1,93034
7290003287055,false,שיפודי פרגית 500 גרם,בלדי,IL,בלדי,גרמים,500.00,100 גרם,false,,39.90,0.0798,true,1,94751
7290003287253,false,נקניקיות מרגז 500 גר,בלדי,IL,בלדי,גרמים,500.00,100 גרם,false,,27.90,0.0558,true,1,94753
7290003287260,false,צוריסוס 600 גרם,בלדי,IL,בלדי,גרמים,600.00,100 גרם,false,,27.90,0.0465,true,1,94754
7290003287284,false,קבב ביתי 600 גרם הקצ,בלדי,IL,בלדי,גרמים,600.00,100 גרם,false,,27.90,0.0465,true,1,94755
7290003318155,false,וופל לימון מנעמים 20,,,וופל מנעמים לימון 200 גרם,גרמים,200.00,100 גרם,false,,3.50,0.0175,true,1,92146
7290003321155,false,דנונה בר פקאן,שטראוס גרופ,IL,שטראוס,גרמים,183.00,100 גרם,false,,4.30,0.0235,true,1,92033
7290003387205,false,ספיד סטיק בסיסי ירוק,Colgate - USA,US,ספיד סטיק,גרמים,56.00,100 גרם,false,,16.90,0.3018,true,1,92626
7290003400500,false,חטיף קרמל נאטרייגס 4,,,חטיף קרמל נאטרייגס 4,גרמים,47.00,100 גרם,false,,4.90,0.1043,true,1,107897
7290003401369,false,קרם לחות נטורל קלאסי,"אמיליה קוסמטיקס בע""מ",IL,נטורל פורמולה,מיליליטרים,400.00,"100 מ""ל",false,,19.90,0.0497,true,1,90781
7290003401420,false,קרם לחות נטורל קלאסי,"אמיליה קוסמטיקס בע""מ",IL,נטורל פורמולה,מיליליטרים,400.00,"100 מ""ל",false,,19.90,0.0497,true,1,90783
7290003401642,false,קרם לחות ברגע נטורל,"אמיליה קוסמטיקס בע""מ",IL,נטורל פורמולה,מיליליטרים,400.00,"100 מ""ל",false,,20.90,0.0522,true,1,90785
7290003402809,false,חטיף ריזס שוקולד לבן,,,חטיף ריזס שוקולד לבן,גרמים,39.00,100 גרם,false,,3.90,0.1000,true,1,108028
7290003411573,false,צלחות עמוקות לבן  30,אריזות מדף - פלזית,IL,הנמל,יח',30.00,יח',false,,14.90,0.4967,true,1,90953
7290003411726,false,קסמים מלחיה 300 יחיד,הנג טונג,CN,הנמל,יח',300.00,יח',false,,3.50,0.0117,true,1,90956
7290003423909,false,חטיף הרשי שוקולד לבן,,,חטיף שוקולד לבן עם שברי ע,גרמים,43.00,100 גרם,false,,4.90,0.1140,true,1,91438
7290003427154,false,*מבצע* שמן זית כתית,זיתא - י.ט.ב תעשיות,IL,זיתא,מיליליטרים,750.00,"100 מ""ל",false,,27.90,0.0372,true,1,92147
7290003438006,false,אוליביה פסטו איטלקי,אוליביה,IL,אוליביה,גרמים,190.00,100 גרם,false,,12.90,0.0679,true,1,90448
7290003438013,false,אולביה זיתים ירוקים,אוליביה,IL,אוליביה,גרמים,190.00,100 גרם,false,,12.90,0.0679,true,1,90449
7290003438020,false,ממרח עגבניות אוליביה,אוליביה,IL,אוליביה,גרמים,190.00,100 גרם,false,,12.90,0.0679,true,1,90450
7290003438709,false,אוליביה זיתים שחורים,אוליביה,IL,אוליביה,גרמים,190.00,100 גרם,false,,12.90,0.0679,true,1,90451
7290003438853,false,אוליביה אריסה חריפה,,,אוליביה אריסה חריפה 180 ג,גרמים,180.00,100 גרם,false,,12.90,0.0717,true,1,90452
7290003444009,false,חטיף ריזס במילוי חמא,,,חטיף ריזס במילוי חמאת בוט,גרמים,42.00,100 גרם,false,,3.90,0.0929,true,1,91440
7290003450602,false,חרדל לחיץ 255 גרם,היינץ צפון אמריקה מק,US,היינץ,גרמים,255.00,100 גרם,false,,7.90,0.0310,true,1,92761
7290003456284,false,"להקט מיקס 7.2 ק""ג",,,"להקט מיקס 7.2 ק""ג",יחידה,0.00,יחידה,false,,119.90,0.0000,true,1,113945
7290003461677,false,*מבצע* חומוס אסלי 1,"סלטי שמיר 2006 בע""מ",IL,אסלי,קילוגרמים,1.00,"ק""ג",false,,11.90,11.9000,true,1,120392
7290003461868,false,*מבצע* חציל במיונז א,"סלטי שמיר 2006 בע""מ",IL,אסלי,קילוגרמים,1.00,"ק""ג",false,,11.90,11.9000,true,1,120393
7290003514007,false,מנה שקדי מרק מנה 400,Mana,IL,מנה,גרמים,400.00,100 גרם,false,,9.90,0.0248,true,1,92629
7290003521081,false,סרקל 1 ליטר,"ד""ר פישר",IL,סרקל,ליטרים,1.00,ליטר,false,,28.90,28.9000,true,1,91484
7290003521166,false,סרקל קרם רוזמרין,"ד""ר פישר",IL,סרקל,מיליליטרים,325.00,"100 מ""ל",false,,24.90,0.0766,true,1,91485
7290003521203,false,*מבצע* סרקל שמפו 2 ל,"ד""ר פישר",IL,סרקל,ליטרים,2.00,ליטר,false,,35.90,17.9500,true,1,91487
7290003521395,false,קמיל בלו 2 ליטר אל ס,"ד""ר פישר",IL,קמיל בלו סנסיטיב,ליטרים,2.00,ליטר,false,,37.90,18.9500,true,1,91489
7290003550753,false,טונה פוסידון רביעיה,פוסידון,IL,פוסידון,גרמים,432.00,100 גרם,false,,19.90,0.0461,true,1,91635
7290003570164,false,מינוט שווארמה פרגית,בלדי,IL,מינוט שווארמה פרגית,גרמים,300.00,100 גרם,false,,26.90,0.0897,true,1,92663
7290003570928,false,קבב בלדי 500 גרם הקצ,בלדי,IL,בלדי,גרמים,500.00,100 גרם,false,,27.90,0.0558,true,1,94773
7290003571550,false,סטייק טונה אלבקור,,,סטייק טונה אלבקור,קילוגרמים,1.00,"ק""ג",true,,44.90,44.9000,true,1,109613
7290003578108,false,אננס חתוך וילי פוד 8,טקרנג,TH,וילי פוד,גרמים,850.00,100 גרם,false,,8.90,0.0105,true,1,91005
7290003578177,false,תירס גמדי 410 גרם,מג'סטיק פוד,TH,וילי פוד,גרמים,410.00,100 גרם,false,,6.90,0.0168,true,1,91006
7290003578290,false,מקלוני אורז דקים,XIMAN ZHONGSHI,CN,וילי פוד,גרמים,300.00,100 גרם,false,,5.90,0.0197,true,1,91008
7290003578313,false,דובדבנים בסירופ 680,יורוביקה,HR,וילי פוד,גרמים,680.00,100 גרם,false,,9.90,0.0146,true,1,91009
7290003578672,false,שמן חמניות,בירני,TR,שמן חמניות,ליטרים,1.00,ליטר,false,,11.90,11.9000,true,1,119883
7290003598311,false,מינוט סטייק 300 גרם,בלדי,IL,בלדי,גרמים,300.00,100 גרם,false,,26.90,0.0897,true,1,92666
7290003598472,false,סלמון מנות נורבגי קפ,סאנסי,NO,בלדי,קילוגרמים,1.00,"ק""ג",true,,74.90,74.9000,true,1,104386
7290003643004,false,אורז בסמטי 1 קג,סוגת תעשיות בעמ,IL,סוגת,קילוגרמים,1.00,"ק""ג",false,,12.90,12.9000,true,1,89878
7290003643325,false,קוסקוס בינוני 350 ג,"אסיף תעשיות מזון בע""",IL,סוגת,גרמים,350.00,100 גרם,false,,4.90,0.0140,true,1,89885
7290003643387,false,"סוכר לבן בצנצנת 1ק""ג","סוגת תעשיות בע""מ",IL,סוגת,קילוגרמים,1.00,"ק""ג",false,,7.90,7.9000,true,1,89886
7290003643646,false,*מבצע* סוכר דמררה צנ,סוגת תעשיות בעמ,IL,סוגת,קילוגרמים,1.00,"ק""ג",false,,9.90,9.9000,true,1,89887
7290003643684,false,אפונה 500 גרם,"סוגת תעשיות בע""מ",IL,סוגת,גרמים,500.00,100 גרם,false,,5.90,0.0118,true,1,89888
7290003643707,false,גריסים סוגת 500 ג,"סוגת תעשיות בע""מ",IL,סוגת,גרמים,500.00,100 גרם,false,,4.90,0.0098,true,1,89889
7290003643714,false,חומוס 500 גרם,"סוגת תעשיות בע""מ",IL,סוגת,גרמים,500.00,100 גרם,false,,7.90,0.0158,true,1,89890
7290003643738,false,חיטה 500 גרם,"סוגת תעשיות בע""מ",IL,סוגת,גרמים,500.00,100 גרם,false,,4.90,0.0098,true,1,93342
7290003643745,false,כוסמת 500 גר,"סוגת תעשיות בע""מ",IL,סוגת,גרמים,500.00,100 גרם,false,,6.90,0.0138,true,1,89891
7290003643752,false,עדשים ירוקים 500 גרם,"סוגת תעשיות בע""מ",IL,סוגת,גרמים,500.00,100 גרם,false,,6.90,0.0138,true,1,89892
7290003643769,false,עדשים אדומים 500 גרם,"סוגת תעשיות בע""מ",IL,סוגת,גרמים,500.00,100 גרם,false,,6.90,0.0138,true,1,89893
7290003643776,false,פופקורן 500 גרם,"סוגת תעשיות בע""מ",IL,סוגת,גרמים,500.00,100 גרם,false,,5.50,0.0110,true,1,89894
7290003643783,false,קוקוס 100 גרם,"סוגת תעשיות בע""מ",IL,סוגת,גרמים,100.00,100 גרם,false,,3.90,0.0390,true,1,93343
7290003643806,false,שעועית לבנה 500 גרם,"סוגת תעשיות בע""מ",IL,סוגת,גרמים,500.00,100 גרם,false,,11.90,0.0238,true,1,89895
7290003643813,false,שעועית אדומה 500 גר,"סוגת תעשיות בע""מ",IL,סוגת,גרמים,500.00,100 גרם,false,,10.90,0.0218,true,1,89896
7290003681303,false,שעועית מעורבת 500 גר,"מיה תעשיות מזון בע""מ",IL,מיה,גרמים,500.00,100 גרם,false,,7.90,0.0158,true,1,94316
7290003681334,false,קוקוס טחון 400 גרם,מיה,IL,קוקוס טחון 400 גרם,גרמים,400.00,100 גרם,false,,9.90,0.0248,true,1,118892
7290003681365,false,קישוט לעוגה בצנצנת 7,"מיה תעשיות מזון בע""מ",IL,מיה,גרמים,70.00,100 גרם,false,,4.90,0.0700,true,1,91472
7290003681693,false,חומוס לבן ענק 500 גר,"מיה תעשיות מזון בע""מ",IL,מיה,גרמים,500.00,100 גרם,false,,9.90,0.0198,true,1,91473
7290003681716,false,גריסי פנינה 500 גרם,"מיה תעשיות מזון בע""מ",IL,מיה,גרמים,500.00,100 גרם,false,,4.50,0.0090,true,1,94317
7290003726141,false,טופו משק גאיה 300 גר,,,גבינת טופו טבעי 300 גרם,גרמים,300.00,100 גרם,false,,10.90,0.0363,true,1,91526
7290003726592,true,טופו ויילר 300 גרם ב,משק ויילר,IL,משק ויילר,גרמים,300.00,100 גרם,false,,10.90,0.0363,true,1,108660
7290003726615,true,טופו ויילר 300 גרם,משק ויילר,IL,משק ויילר,גרמים,300.00,100 גרם,false,,10.90,0.0363,true,1,108661
7290003726806,false,שניצל טופו עם ברוקול,קפוא זן,,שניצל טופו עם ברוקול,גרמים,420.00,100 גרם,false,,27.90,0.0664,true,1,123804
7290003726875,false,טופו חומוס בתוספת פס,משק ויילר,IL,ויילר,גרמים,300.00,100 גרם,false,,11.90,0.0397,true,1,121426
7290003779499,false,גינגר יח',נסטלה צרפת קפה,IL,גינגר טרי ארוז,גרמים,200.00,100 גרם,false,,7.90,0.0395,true,1,120623
7290003781065,false,מלפפונים בחומץ 680 ג,,,מלפפונים בסגנון צרפתי,גרמים,680.00,100 גרם,false,,9.90,0.0146,true,1,91011
7290003781850,false,קשקבל פרוסות 200 גרם,וילי פוד,IL,קשקבל פרוסות 200 גרם,גרמים,200.00,100 גרם,false,,19.90,0.0995,true,1,118085
7290003804252,false,תיבולית הודי בדצ 12x,אתר חיפה אבקות - Foo,IL,KNORR,גרמים,72.00,100 גרם,false,,7.90,0.1097,true,1,57375
7290003804320,false,תיבולית שום פטרוזליה,אתר חיפה אבקות - Foo,IL,KNORR,גרמים,72.00,100 גרם,false,,7.90,0.1097,true,1,57377
7290003804368,false,תיבולית בזיליקום בדצ,אתר חיפה אבקות - Foo,IL,KNORR,גרמים,72.00,100 גרם,false,,7.90,0.1097,true,1,57383
7290003804382,false,תיבולית פטריות בדצ 1,אתר חיפה אבקות - Foo,IL,KNORR,גרמים,72.00,100 גרם,false,,7.90,0.1097,true,1,57387
7290003805501,false,פתית שוודי 300 גרם,אתר שפע - Food,IL,PATIT,גרמים,300.00,100 גרם,false,,14.90,0.0497,true,1,57420
7290003805587,false,פתית חיטה מלאה 250 ג,אתר שפע - Food,IL,PATIT,גרמים,250.00,100 גרם,false,,14.90,0.0596,true,1,57426
7290003807482,false,קנור טריאקי 370גר,אתר חיפה  778 - Food,IL,KNORR,מיליליטרים,300.00,"100 מ""ל",false,,9.90,0.0330,true,1,57489
7290003864478,false,סרדין מרוקאי 110 גרם,גולדן פרייז,TH,וילי פוד,גרמים,110.00,100 גרם,false,,4.90,0.0445,true,1,91013
7290003864485,false,סרדין ברוטב עגבניות,גולדן פרייז,TH,וילי פוד,גרמים,110.00,100 גרם,false,,4.90,0.0445,true,1,91014
7290003864492,false,סרדין בשמן חריף 110,גולדן פרייז,TH,וילי פוד,גרמים,110.00,100 גרם,false,,4.90,0.0445,true,1,91015
7290003882922,false,עלי גפן ממולאים 400,,,עלי גפן ממולאים 400 גרם,גרמים,400.00,100 גרם,false,,8.90,0.0223,true,1,91017
7290003893027,false,מרלוזה ארגנטינאי במש,פארגיפקו דל סאדסטה,AR,ווינר פוד,קילוגרמים,1.00,"ק""ג",true,,29.90,29.9000,true,1,102065
7290003893843,false,פילה אמנון 5-7 ללא ע,איינן צ'דקסין,CN,וינר פוד,קילוגרמים,1.00,"ק""ג",true,,29.90,29.9000,true,1,102071
7290003989096,false,חציל פיקנטי 500,שטראוס גרופ,IL,שטראוס,גרמים,500.00,100 גרם,false,,15.90,0.0318,true,1,92035
7290003989539,false,רביולי גבינה 400 EAT,שטראוס גרופ,IL,שטראוס,גרמים,400.00,100 גרם,false,,19.90,0.0497,true,1,92036
7290003989553,false,טרטוליני פטריות 400,שטראוס גרופ,IL,שטראוס,גרמים,400.00,100 גרם,false,,19.90,0.0497,true,1,92037
7290003996049,false,פטרוזיליה חסלט,נסטלה שוויץ - רורשאך,IL,פטרוזיליה חסלט,יח',1.00,יח',false,,6.90,6.9000,true,1,46860
7290003996056,false,כוסברה חסלט,ס.ר.ל פוסטל,IL,כוסברה חסלט,יח',1.00,יח',false,,6.90,6.9000,true,1,46861
7290003996094,false,סלרי חסלט,עבאדי,IL,סלרי חסלט,יח',1.00,יח',false,,7.90,7.9000,true,1,46865
7290003996209,false,פטריות שמפניון,נסטלה קוריאה - קפה,IL,חסה ערבית חסלט,יח',1.00,יח',false,,9.90,9.9000,true,1,116075
7290003996513,false,כרוב אדום חסלט 400 ג,,,כרוב אדום חסלט 400 גרם,גרמים,400.00,100 גרם,false,,11.90,0.0298,true,1,94140
7290003996551,false,סלט קולסלאו חסלט 400,,,סלט קולסלאו חסלט 400 גרם,גרמים,400.00,100 גרם,false,,11.90,0.0298,true,1,94143
7290003996742,false,תרד שלם 200 גרם,סוגת תעשיות בעמ,IL,תרד שלם 200 גרם,גרמים,200.00,100 גרם,false,,13.90,0.0695,true,1,46879
7290004011277,false,ריץ בישול והקרמה 220,,,ריץ',מיליליטרים,220.00,"100 מ""ל",false,,7.90,0.0359,true,1,91637
7290004011284,false,ריץ בסיס להכנת קצפת,ריץ',US,ריץ',מיליליטרים,212.00,"100 מ""ל",false,,6.90,0.0325,true,1,91638
7290004011345,false,ריץ קצפת פרווה ארוסו,ריץ',US,ריץ',מיליליטרים,250.00,"100 מ""ל",false,,8.90,0.0356,true,1,91641
7290004011819,false,המבורגר ריב אנטריקוט,טיבון ויל,IL,טיבון ויל,גרמים,360.00,100 גרם,false,,21.90,0.0608,true,1,91642
7290004011826,false,מיני המבורגר ריב אל,טיבון ויל,IL,טיבון ויל,גרמים,320.00,100 גרם,false,,21.90,0.0684,true,1,91643
7290004014407,false,עדשי שוקולד אם אנד א,מרס,US,מ&מ'ס,גרמים,48.00,100 גרם,false,,4.90,0.1021,true,1,93001
7290004026776,false,לחם מחמצת אגוזים וצי,,,לחם רוסטיק,יח',1.00,יח',false,,16.90,16.9000,true,1,87836
7290004030100,false,מיץ תפוזים סחוט וולנ,פריניב,IL,פריניב,ליטרים,1.00,ליטר,false,,15.90,15.9000,true,1,112300
7290004030223,false,מיץ תפוח 1 ליטר,פריניב,IL,פרי ניב,ליטרים,1.00,ליטר,false,,16.90,16.9000,true,1,93083
7290004030445,false,תפוזים סחוט 1 ליטר,פריניב,IL,פרי ניב,ליטרים,1.00,ליטר,false,,13.90,13.9000,true,1,93086
7290004030612,false,*מבצע* מיץ קיווי אגס,פריניב,IL,פרי ניב,ליטרים,1.00,ליטר,false,,12.90,12.9000,true,1,93091
7290004030834,false,מיץ רימונים 1 ליטר,פריניב,IL,פרי ניב,ליטרים,1.00,ליטר,false,,22.90,22.9000,true,1,93097
7290004063016,false,מלח שולחן,,,מלח שולחן,קילוגרמים,1.00,"ק""ג",false,,1.70,1.7000,true,1,90440
7290004063115,false,מלח מטבח,,,מלח מטבח,קילוגרמים,1.00,"ק""ג",false,,1.70,1.7000,true,1,90441
7290004064082,false,מטחנה מלח ים טבעי,מלח הארץ אילת,IL,מלח הארץ,גרמים,250.00,100 גרם,false,,12.90,0.0516,true,1,92154
7290004064181,false,מלח ההימלאיה גס בצנצ,מלח הארץ אילת,IL,מלח ההימלאיה גס בצנצ,קילוגרמים,1.00,"ק""ג",false,,14.90,14.9000,true,1,107850
7290004064280,false,מלח מופחת נתרן בצנצנ,מלח הארץ אילת,IL,מלח הארץ,גרמים,600.00,100 גרם,false,,16.90,0.0282,true,1,109740
7290004064297,false,מלח מועשר ביוד בצנצנ,מלח הארץ אילת,IL,מלח הארץ,קילוגרמים,1.00,"ק""ג",false,,8.90,8.9000,true,1,109741
7290004064303,false,מלח אטלנטי בצנצנת 80,מלח הארץ אילת,IL,מלח הארץ,גרמים,800.00,100 גרם,false,,17.90,0.0224,true,1,109742
7290004064310,false,*מבצע* מלח פלוס בצל,מלח הארץ אילת,IL,*מבצע* מלח פלוס בצל,גרמים,175.00,100 גרם,false,,8.90,0.0509,true,1,118642
7290004064358,false,"מלח דק 1 ק""ג",,IL,מלח הארץ,קילוגרמים,1.00,"ק""ג",false,,4.90,4.9000,true,1,111743
7290004064365,false,מלח דק מועשר ביוד 1,,IL,מלח הארץ,קילוגרמים,1.00,"ק""ג",false,,5.90,5.9000,true,1,111744
7290004064372,false,*מבצע* מטחנת מלח אקס,מלח הארץ אילת,IL,מלח הארץ,גרמים,250.00,100 גרם,false,,13.90,0.0556,true,1,116395
7290004064389,false,מלח דק הימלאייה 250,מלח הארץ אילת,IL,מלח הארץ,גרמים,250.00,100 גרם,false,,9.90,0.0396,true,1,117366
7290004068011,false,יוגורט כבשים 600 גרם,גדישון,IL,מחלבות גד,גרמים,600.00,100 גרם,false,,16.90,0.0282,true,1,91527
7290004068028,false,"ציזיקי לשתיה 500 מ""ל",גדיה,IL,מחלבות גד,גרמים,500.00,100 גרם,false,,9.50,0.0190,true,1,91528
7290004068172,false,יוגורט עיזים בדלי,גדישון,IL,מחלבות גד,גרמים,600.00,100 גרם,false,,16.90,0.0282,true,1,91530
7290004068196,false,מוצרלה לפיצה,מחלבות גד,IL,מחלבות גד,גרמים,500.00,100 גרם,false,,29.90,0.0598,true,1,48981
7290004068912,false,גרנה פדנו צ'אנקים,מחלבות גד,IT,מחלבות גד,קילוגרמים,1.00,"ק""ג",true,,130.00,130.0000,true,1,112060
7290004078270,false,פלמוליב צילינדר לימו,Colgate - Greece,GR,פלמוליב  כלים,ליטרים,1.00,ליטר,false,,13.90,13.9000,true,1,92639
7290004078690,false,*מבצע* אגקס שירותים,Colgate - Belgium,FR,אג'קס,גרמים,750.00,100 גרם,false,,9.90,0.0132,true,1,92641
7290004078942,false,ליידי ספיד סטיק גל ב,Colgate - USA,US,ליידי ספיד סטיק,גרמים,85.00,100 גרם,false,,24.90,0.2929,true,1,92642
7290004119225,false,יופלה יוגורט אננס %3,תנובה,IL,יופלה,גרמים,150.00,100 גרם,false,,4.80,0.0320,true,1,92426
7290004119928,false,קרלו מעדן וניל רביעי,תנובה,IL,קרלו,גרמים,125.00,100 גרם,false,,2.90,0.0232,true,1,92428
7290004119973,false,קרלו מעדן שוקו רביעי,תנובה,IL,קרלו,גרמים,125.00,100 גרם,false,,2.90,0.0232,true,1,92429
7290004120061,false,קרלו שוניל 1.5% 125,תנובה,IL,קרלו,גרמים,125.00,100 גרם,false,,2.90,0.0232,true,1,92430
7290004120108,false,יופלה דיאט יוגורט דו,תנובה,IL,יופלה,גרמים,150.00,100 גרם,false,,4.80,0.0320,true,1,92431
7290004120566,false,*מבצע* פיראוס בולגרי,תנובה,IL,פיראוס,גרמים,250.00,100 גרם,false,,18.90,0.0756,true,1,92433
7290004120573,false,*מבצע* פיראוס בולגרי,תנובה,IL,פיראוס,גרמים,250.00,100 גרם,false,,18.90,0.0756,true,1,92434
7290004120634,false,*מבצע* פיראוס בולגרי,תנובה,IL,פיראוס,גרמים,250.00,100 גרם,false,,18.90,0.0756,true,1,92435
7290004121525,false,מאגדת שמיניה יופלה פ,תנובה,IL,יופלה,ליטרים,1.20,ליטר,false,,28.90,24.0833,true,1,92438
7290004121754,false,יופלה יוגורט עוגת גב,תנובה,IL,יופלה,גרמים,150.00,100 גרם,false,,4.80,0.0320,true,1,92439
7290004121839,false,פיראוס פטה כבשים 20%,תנובה,IL,פיראוס,גרמים,250.00,100 גרם,false,,25.90,0.1036,true,1,92440
7290004121853,false,פיראוס קוביות בולגרי,תנובה,IL,פיראוס,גרמים,200.00,100 גרם,false,,19.90,0.0995,true,1,92441
7290004122119,false,פתיתי פרמזן לפסטה 10,תנובה,IL,השף הלבן,גרמים,100.00,100 גרם,false,,10.90,0.1090,true,1,92443
7290004122195,false,גוש חלב פרוס 200 %28,תנובה,IL,תנובה,גרמים,200.00,100 גרם,false,,12.90,0.0645,true,1,92444
7290004122270,false,עמק פרוס בקופסא 200,תנובה,IL,תנובה,גרמים,200.00,100 גרם,false,,15.90,0.0795,true,1,92445
7290004122348,false,עמק לייט פרוס 200 גר,תנובה,IL,תנובה,גרמים,200.00,100 גרם,false,,16.90,0.0845,true,1,92446
7290004122676,false,פיראוס חמד לייט 5%,תנובה,IL,פיראוס,גרמים,250.00,100 גרם,false,,17.90,0.0716,true,1,92448
7290004122683,false,אצבעות 28% חטיף גבינ,תנובה,IL,תנובה,גרמים,172.00,100 גרם,false,,15.90,0.0924,true,1,92449
7290004124168,false,יופלה ביו 3%,,,יופלה ביו 3%,יח',1.00,יח',false,,2.00,2.0000,true,1,94634
7290004124205,false,יופלה דיאט יוגורט תו,תנובה,IL,יופלה,גרמים,150.00,100 גרם,false,,4.80,0.0320,true,1,92453
7290004124847,false,קצפת צמחית השף הלבן,תנובה,IL,השף הלבן,מיליליטרים,500.00,"100 מ""ל",false,,14.90,0.0298,true,1,92454
7290004125370,false,שמנת אורגינל 9% 200מ,תנובה,IL,תנובה,מיליליטרים,200.00,"100 מ""ל",false,,3.50,0.0175,true,1,92456
7290004125400,false,אשל 4.5% 200מל מהדרי,תנובה,IL,תנובה,מיליליטרים,206.00,"100 מ""ל",false,,1.65,0.0080,true,1,92457
7290004125417,false,גיל 3% 200מל מהדרין,תנובה,IL,תנובה,מיליליטרים,206.00,"100 מ""ל",false,,1.51,0.0073,true,1,92458
7290004125455,false,שמנת אורגינל 15% 200,תנובה,IL,תנובה,מיליליטרים,200.00,"100 מ""ל",false,,2.40,0.0120,true,1,92459
7290004125462,false,שמנת אורגינל 15% 500,תנובה,IL,תנובה,מיליליטרים,500.00,"100 מ""ל",false,,6.00,0.0120,true,1,92460
7290004125509,false,שמנת 100 גרם 15% חצי,תנובה,IL,תנובה,מיליליטרים,100.00,"100 מ""ל",false,,1.60,0.0160,true,1,92461
7290004125578,false,משקה סויה מועשר 1 לי,תנובה,IL,תנובה,ליטרים,1.00,ליטר,false,,9.90,9.9000,true,1,92462
7290004125585,false,משקה סויה וניל על הב,תנובה,IL,תנובה,ליטרים,1.00,ליטר,false,,9.90,9.9000,true,1,92463
7290004125721,false,שמנת לבישול 15% 250,תנובה,IL,השף הלבן,מיליליטרים,250.00,"100 מ""ל",false,,7.90,0.0316,true,1,92465
7290004125738,false,שמנת מתוקה להקצפה32%,תנובה,IL,השף הלבן,מיליליטרים,250.00,"100 מ""ל",false,,6.00,0.0240,true,1,92466
7290004125776,false,עמק פרוס 28% 400 גרם,תנובה,IL,תנובה,גרמים,400.00,100 גרם,false,,27.90,0.0697,true,1,92467
7290004126674,false,טל העמק לייט %9 200,תנובה,IL,תנובה,גרמים,200.00,100 גרם,false,,18.90,0.0945,true,1,92470
7290004127329,false,קוטג תנובה  גביע 250,תנובה,IL,תנובה,גרמים,250.00,100 גרם,false,,5.50,0.0220,true,1,92474
7290004127336,false,קוטג תנובה גביע 250,תנובה,IL,תנובה,גרמים,250.00,100 גרם,false,,5.50,0.0220,true,1,92475
7290004127800,false,גבינה לבנה 5% 500 גר,תנובה,IL,תנובה,גרמים,500.00,100 גרם,false,,9.90,0.0198,true,1,92476
7290004127817,false,גבינה לבנה 9% 500 גר,תנובה,IL,תנובה,גרמים,500.00,100 גרם,false,,9.30,0.0186,true,1,92477
7290004127862,false,גבינה לבנה 5% 750 גר,תנובה,IL,תנובה,גרמים,750.00,100 גרם,false,,14.70,0.0196,true,1,92478
7290004127916,false,גבינה לבנה 0.5% 500,תנובה,IL,תנובה,גרמים,500.00,100 גרם,false,,9.30,0.0186,true,1,92479
7290004128401,false,פטה כבשים 20%,תנובה,IL,פיראוס,קילוגרמים,1.00,"ק""ג",true,,100.00,100.0000,true,1,77356
7290004128432,false,פתיתים מיוחדים לפיצה,תנובה,IL,השף הלבן,גרמים,500.00,100 גרם,false,,21.90,0.0438,true,1,92484
7290004129101,false,נפוליאון טבעי גביע 2,תנובה,IL,נפוליאון,גרמים,225.00,100 גרם,false,,12.90,0.0573,true,1,92485
7290004129156,false,נפוליאון שום שמיר גב,תנובה,IL,נפוליאון,גרמים,225.00,100 גרם,false,,12.90,0.0573,true,1,92487
7290004130794,false,משקה סויה טבעי במתיק,תנובה,IL,תנובה,ליטרים,1.00,ליטר,false,,9.90,9.9000,true,1,92493
7290004130916,false,יופלה פירות יער בשמנ,תנובה,IL,יופלה,גרמים,150.00,100 גרם,false,,4.80,0.0320,true,1,92494
7290004131074,false,חלב תנובה טרי1ל קרטו,תנובה,IL,תנובה,ליטרים,1.00,ליטר,false,,6.20,6.2000,true,1,92496
7290004131456,false,יופלה לבן 1.5% גביע,תנובה,IL,יופלה,גרמים,200.00,100 גרם,false,,3.70,0.0185,true,1,92500
7290004131814,false,פיראוס צפתית 5% מעוד,תנובה,IL,פיראוס,גרמים,200.00,100 גרם,false,,13.90,0.0695,true,1,92502
7290004132552,false,משקה סויה לייט בטעם,תנובה,IL,תנובה,ליטרים,1.00,ליטר,false,,9.90,9.9000,true,1,92506
7290004132606,false,מאגדת קרלו מיני וניל,תנובה,IL,קרלו,גרמים,800.00,100 גרם,false,,13.20,0.0165,true,1,92507
7290004132712,false,חטיף אצבעות גבינת מו,תנובה,IL,תנובה,גרמים,172.00,100 גרם,false,,15.90,0.0924,true,1,92508
7290004133511,false,יופלה מאגדת שמיניה ל,תנובה,IL,יופלה,ליטרים,1.20,ליטר,false,,19.90,16.5833,true,1,92512
7290004135058,false,מאגדת קרלו מיני שוקו,תנובה,IL,קרלו,גרמים,800.00,100 גרם,false,,13.20,0.0165,true,1,92518
7290004135225,false,מעדן חלב דל קלוריות,תנובה,IL,תנובה,גרמים,150.00,100 גרם,false,,3.80,0.0253,true,1,92519
7290004135324,false,פיראוס בולגרית מעודנ,תנובה,IL,פיראוס,קילוגרמים,1.00,"ק""ג",true,,43.00,43.0000,true,1,104162
7290004135614,false,*מבצע* בולגרית פיראו,תנובה,IL,פיראוס,גרמים,250.00,100 גרם,false,,18.90,0.0756,true,1,92522
7290004136291,false,צפתית 5%.,תנובה,IL,פיראוס,קילוגרמים,1.00,"ק""ג",true,,50.00,50.0000,true,1,77421
7290004136598,false,מארז הפסקת אוכל חלב,תנובה,IL,תנובה,יח',1.00,יח',false,,8.90,8.9000,true,1,92528
7290004136857,false,ג'לי תנובה פטל,תנובה,IL,תנובה,גרמים,125.00,100 גרם,false,,2.20,0.0176,true,1,92529
7290004136864,false,ג'לי תנובה אננס עם ח,תנובה,IL,תנובה,גרמים,125.00,100 גרם,false,,2.60,0.0208,true,1,92530
7290004136871,false,ג'לי תנובה אפרסק עם,תנובה,IL,תנובה,גרמים,125.00,100 גרם,false,,2.60,0.0208,true,1,92531
7290004137311,false,עמק לייט פרוס 400 גר,תנובה,IL,תנובה,גרמים,400.00,100 גרם,false,,29.90,0.0747,true,1,92533
7290004147020,false,גיישנית מקורית/יפאני,,,גיישנית מקורית/יפאני,יח',1.00,יח',false,,19.90,19.9000,true,1,106377
7290004147051,false,קיסמי שיניים וולטרס,,,קיסמי שיניים וולטרס,יח',1.00,יח',false,,9.90,9.9000,true,1,106378
7290004147150,false,מגוון ספוגי רחצה,,,מגוון ספוגי רחצה,יח',1.00,יח',false,,9.90,9.9000,true,1,106379
7290004147280,false,כביסון 50/60,,,כביסון 50/60,יח',1.00,יח',false,,9.90,9.9000,true,1,106383
7290004147310,false,מראות חייל,,,מראות חייל,יח',1.00,יח',false,,9.90,9.9000,true,1,113244
7290004147839,false,מראות הגדלה פי 5,,,מראות הגדלה פי 5,יח',1.00,יח',false,,14.90,14.9000,true,1,113246
7290004150112,false,חומוס מזרחי פיקנטי פ,"סלטי שמיר 2006 בע""מ",IL,חומוס מזרחי פיקנטי פ,גרמים,300.00,100 גרם,false,,14.90,0.0497,true,1,125154
7290004150129,false,טחינה פיקנטי פרימיום,"סלטי שמיר 2006 בע""מ",IL,טחינה פיקנטי פרימיום,גרמים,300.00,100 גרם,false,,14.90,0.0497,true,1,125155
7290004150143,false,חציל במיונז פיקנטי פ,"סלטי שמיר 2006 בע""מ",IL,חציל במיונז פיקנטי פ,גרמים,300.00,100 גרם,false,,14.90,0.0497,true,1,125157
7290004150167,false,"תפו""א במיונז פיקנטי","סלטי שמיר 2006 בע""מ",IL,"תפו""א במיונז פיקנטי",גרמים,300.00,100 גרם,false,,14.90,0.0497,true,1,125159
7290004150174,false,קולסלאו פיקנטי פרימי,"סלטי שמיר 2006 בע""מ",IL,קולסלאו פיקנטי פרימי,גרמים,300.00,100 גרם,false,,14.90,0.0497,true,1,125160
7290004150181,false,חמוצים סיני פיקנטי פ,"סלטי שמיר 2006 בע""מ",IL,חמוצים סיני פיקנטי פ,גרמים,300.00,100 גרם,false,,14.90,0.0497,true,1,125161
7290004150198,false,סלק מגורד פיקנטי פרי,"סלטי שמיר 2006 בע""מ",IL,סלק מגורד פיקנטי פרי,גרמים,300.00,100 גרם,false,,14.90,0.0497,true,1,125162
7290004150204,false,מטבוחה פיקנטי פרימיו,"סלטי שמיר 2006 בע""מ",IL,מטבוחה פיקנטי פרימיו,גרמים,300.00,100 גרם,false,,14.90,0.0497,true,1,125163
7290004150211,false,תורכי איסטנבול פיקנט,"סלטי שמיר 2006 בע""מ",IL,תורכי איסטנבול פיקנט,גרמים,300.00,100 גרם,false,,14.90,0.0497,true,1,125164
7290004150228,false,כרוב אדום פיקנטי פרי,"סלטי שמיר 2006 בע""מ",IL,כרוב אדום פיקנטי פרי,גרמים,300.00,100 גרם,false,,14.90,0.0497,true,1,125165
7290004150235,false,חומוס עם חריף פיקנטי,"סלטי שמיר 2006 בע""מ",IL,חומוס עם חריף פיקנטי,גרמים,300.00,100 גרם,false,,14.90,0.0497,true,1,125166
7290004150273,false,חומוס גזר פיקנטי פרי,"סלטי שמיר 2006 בע""מ",IL,חומוס גזר פיקנטי פרי,גרמים,300.00,100 גרם,false,,14.90,0.0497,true,1,125170
7290004150280,false,חומוס עם לימון כבוש,"סלטי שמיר 2006 בע""מ",IL,חומוס עם לימון כבוש,גרמים,300.00,100 גרם,false,,14.90,0.0497,true,1,125175
7290004165000,false,"*מבצע* רסק תפו""ע מתו",זנלכל,IL,"*מבצע* רסק תפו""ע מתו",גרמים,560.00,100 גרם,false,,7.90,0.0141,true,1,106089
7290004194178,false,עוף קפוא מס 1 מחפוד,,,עוף קפוא מס 1 מחפוד,קילוגרמים,1.00,"ק""ג",true,,24.90,24.9000,true,1,105100
7290004194185,false,עוף קפוא מס 2 מחפוד,,,עוף מס 2 מחפוד,קילוגרמים,1.00,"ק""ג",true,,24.90,24.9000,true,1,101087
7290004194208,false,כרעיים קפוא מחפוד,,,כרעיים עוף מחפוד,קילוגרמים,1.00,"ק""ג",true,,29.90,29.9000,true,1,105102
7290004194239,false,חזה עוף קפוא מחפוד,,,חזה עוף קפוא מחפוד,קילוגרמים,1.00,"ק""ג",true,,29.90,29.9000,true,1,101088
7290004194253,false,כנפיים קפוא מחפוד,,,כנפיים עוף מחפוד,קילוגרמים,1.00,"ק""ג",true,,11.90,11.9000,true,1,105103
7290004194260,false,שוקיים עוף קפוא מחפו,,,שוקיים עוף מחפוד,קילוגרמים,1.00,"ק""ג",true,,31.90,31.9000,true,1,105104
7290004194345,false,שניצל עוף מחפוד קפוא,,,שניצל עוף מחפוד קפוא,קילוגרמים,1.00,"ק""ג",true,,32.90,32.9000,true,1,105107
7290004194529,false,עוף שלם טרי ארוז מחפ,עוף ירושלים מהדרין ב,IL,עוף מחפוד טרי ארוז,קילוגרמים,1.00,"ק""ג",true,,22.90,22.9000,true,1,105108
7290004194536,false,חזה עוף טרי ארוז מחפ,עוף ירושלים מהדרין ב,IL,חזה מחפוד טרי ארוז,קילוגרמים,1.00,"ק""ג",true,,29.90,29.9000,true,1,101090
7290004194543,false,כרעיים מחפוד טרי ארו,עוף ירושלים מהדרין ב,IL,כרעיים מחפוד טרי ארוז,קילוגרמים,1.00,"ק""ג",true,,29.90,29.9000,true,1,105109
7290004194550,false,כנפיים מחפוד טרי ארו,עוף ירושלים מהדרין ב,IL,כנפיים מחפוד טרי ארוז,קילוגרמים,1.00,"ק""ג",true,,12.90,12.9000,true,1,105110
7290004194567,false,ירכיים מחפוד טרי ארו,,,יריכיים עוף טרי ארוז מחפו,קילוגרמים,1.00,"ק""ג",true,,29.90,29.9000,true,1,105111
7290004194574,false,שוקיים מחפוד טרי ארו,עוף ירושלים מהדרין ב,IL,שוקיים מחפוד טרי ארוז,קילוגרמים,1.00,"ק""ג",true,,32.90,32.9000,true,1,105112
7290004194581,false,פרגיות מחפוד טרי ארו,עוף ירושלים מהדרין ב,IL,פרגיות מחפוד טרי ארוז,קילוגרמים,1.00,"ק""ג",true,,69.90,69.9000,true,1,105113
7290004194635,false,שניצל מחפוד טרי ארוז,עוף ירושלים מהדרין ב,IL,שניצל מחפוד טרי ארוז,קילוגרמים,1.00,"ק""ג",true,,34.90,34.9000,true,1,105116
7290004199203,false,קיסמי שיניים מבמבוק,H.G.W Produc,CN,הוסטס,יח',300.00,יח',false,,3.50,0.0117,true,1,90383
7290004199579,false,"פלסטר ""100 ""SUNNY PL",A.U. In,CN,סאני פלסטר,יח',100.00,יח',false,,9.90,0.0990,true,1,90385
7290004199784,false,*מבצע* כפפות לאטקס 1,T.G. Sdn,TH,סייף טאצ,יח',100.00,יח',false,,17.90,0.1790,true,1,115851
7290004199791,false,*מבצע* כפפות לאטקס 1,T.G. Sdn,TH,סייף טאצ,יח',100.00,יח',false,,17.90,0.1790,true,1,115852
7290004199807,false,*מבצע* כפפות לאטקס 1,T.G. Sdn,TH,סייף טאצ,יח',100.00,יח',false,,17.90,0.1790,true,1,115853
7290004219079,false,לבבות דקל חתוך 400 ג,פרוסקונסה,EC,וילי פוד,גרמים,400.00,100 גרם,false,,10.90,0.0273,true,1,91018
7290004255305,false,נר נשמה שבועי/פלסטיק,"מנורה שי נר בע""מ",IL,מנורה,יח',1.00,יח',false,,8.90,8.9000,true,1,111857
7290004255343,false,נרות מנורה 72 4 שעות,"מנורה שי נר בע""מ",IL,מנורה,יח',1.00,יח',false,,19.90,19.9000,true,1,93113
7290004255428,false,נר נשמה דוד,"מנורה שי נר בע""מ",IL,מנורה,יח',1.00,יח',false,,1.50,1.5000,true,1,112493
7290004255602,false,נרות חימום מנורה 8 ש,,,נרות חימום מנורה 8 ש,יח',50.00,יח',false,,24.90,0.4980,true,1,120567
7290004255619,false,נרות חימום 100 יח' מ,"מנורה שי נר בע""מ",IL,מנורה,יח',100.00,יח',false,,21.90,0.2190,true,1,93115
7290004255824,false,פתיל שמן מנורה,"מנורה שי נר בע""מ",,פתיל שמן מנורה,יח',1.00,יח',false,,2.90,2.9000,true,1,95354
7290004255879,false,נר הבדלה דקורטיבי,,IL,מנורה,יח',1.00,יח',false,,10.90,10.9000,true,1,109910
7290004256180,false,גבינת גאודה הולנדית,וויסר קאשנדל בי.וי נ,NL,גקס-ציס,קילוגרמים,1.00,"ק""ג",true,,75.00,75.0000,true,1,108749
7290004256197,false,גאודה עיזים הולנדית,וויסר קאשנדל בי.וי נ,NL,גקס-ציס,קילוגרמים,1.00,"ק""ג",true,,105.00,105.0000,true,1,114936
7290004263188,false,כתף כבש עטרה קפוא,עטרה,AR,עטרה,קילוגרמים,1.00,"ק""ג",true,,89.90,89.9000,true,1,126221
7290004324605,false,מון בלאן רוקפור 120,שבינגטון,GB,מון בלאן,גרמים,120.00,100 גרם,false,,8.90,0.0742,true,1,91648
7290004324858,false,קבב כבש 500 גרם,טיבון ויל,IL,טיבון ויל,גרמים,500.00,100 גרם,false,,17.90,0.0358,true,1,91649
7290004339630,false,סייטן מקורי 350גרם ט,,IL,סייטן מקורי 350גרם ט,גרמים,350.00,100 גרם,false,,19.90,0.0569,true,1,75122
7290004456351,false,שריר הזרוע מס' 8 קפו,סן אנטוניו,PY,שריר הזרוע מס' 8 קפו,קילוגרמים,1.00,"ק""ג",true,,47.90,47.9000,true,1,118148
7290004480332,false,גאודה בקר משולשים 30,גדישון,IL,מחלבות גד,קילוגרמים,1.00,"ק""ג",true,,110.00,110.0000,true,1,121341
7290004480349,false,גאודה עיזים משולשים,מחלבת אמלטי הולנד,NL,מחלבות גד,קילוגרמים,1.00,"ק""ג",true,,130.00,130.0000,true,1,121342
7290004492274,false,גל-גל 400גר' 12x,אתר בייגל - Food,IL,B&B,גרמים,400.00,100 גרם,false,,9.90,0.0248,true,1,57497
7290004492762,false,נשנושים תירס 325גר',אתר בייגל - Food,IL,B&B,גרמים,325.00,100 גרם,false,,11.90,0.0366,true,1,57506
7290004494131,false,גליל קברנה סוביניון,דלתון,IL,גליל קברנה סוביניון,מיליליטרים,750.00,"100 מ""ל",false,,54.90,0.0732,true,1,91171
7290004494148,false,גליל מרלו ( דלתון),דלתון,IL,גליל מרלו ( דלתון),מיליליטרים,750.00,"100 מ""ל",false,,54.90,0.0732,true,1,91172
7290004494919,false,כנען קברנה-שיראז (דל,,,יין יובלים דלתון שיראז,מיליליטרים,750.00,"100 מ""ל",false,,37.90,0.0505,true,1,91174
7290004536336,false,נוזל מילוי 45 לילות,,,נוזל מילוי 45 לילות,יח',1.00,יח',false,,12.90,12.9000,true,1,90966
7290004537241,false,אפונה 800 גרם,,,אפונה 800 גרם,גרמים,800.00,100 גרם,false,,8.90,0.0111,true,1,119075
7290004537258,false,אפונה וגזר 800 גרם,,,אפונה וגזר 800 גרם,גרמים,800.00,100 גרם,false,,8.90,0.0111,true,1,119078
7290004537326,false,לקט ירקות מעורבים קפ,,,לקט ירקות מעורבים קפ,גרמים,800.00,100 גרם,false,,8.90,0.0111,true,1,119080
7290004544539,false,לחמניות סנדביץ 6 יח,מאפיית אריאל,IL,אריאל,גרמים,450.00,100 גרם,false,,17.90,0.0398,true,1,126881
7290004544546,false,שליש בגט 4 יח 400 גר,מאפיית אריאל,IL,אריאל,גרמים,400.00,100 גרם,false,,17.90,0.0447,true,1,126882
7290004544553,false,לחמניה המבורגר 4 יח,מאפיית אריאל,IL,אריאל,גרמים,360.00,100 גרם,false,,17.90,0.0497,true,1,126883
7290004555122,false,גרנולה בלי תוספת סוכ,שוק הפיצוחים,,גרנולה בלי תוספת סוכ,יחידה,0.00,יחידה,false,,19.90,0.0000,true,1,125066
7290004584306,false,4 גמדים תות בננה,שטראוס גרופ,IL,שטראוס,גרמים,400.00,100 גרם,false,,10.90,0.0273,true,1,92038
7290004584351,false,סימפוניה החמישית,שטראוס גרופ,IL,שטראוס,גרמים,200.00,100 גרם,false,,10.90,0.0545,true,1,92039
7290004584528,false,דנונה ביו  1.7% 200,שטראוס גרופ,IL,שטראוס,גרמים,200.00,100 גרם,false,,3.50,0.0175,true,1,92040
7290004585907,false,דני וניל,שטראוס גרופ,IL,שטראוס,גרמים,125.00,100 גרם,false,,2.60,0.0208,true,1,92041
7290004603175,false,מלח ים גס 500 גרם,מלח הארץ אילת,IL,מלח הארץ,גרמים,500.00,100 גרם,false,,7.90,0.0158,true,1,92158
7290004639006,false,קוסקוס תוניסאי קפוא,מטעמי פאר,IL,מטעמי פאר,גרמים,800.00,100 גרם,false,,14.90,0.0186,true,1,91386
7290004645175,false,טונה פרוס כהה קפוא ר,,,טונה פרוס כהה קפוא ר,קילוגרמים,1.00,"ק""ג",true,,39.90,39.9000,true,1,117155
7290004645748,false,פילה אמנון ללא עור 9,,,פילה אמנון ללא עור 9,קילוגרמים,1.00,"ק""ג",true,,29.90,29.9000,true,1,119279
7290004645809,false,סלמון מנות עם עור רו,,,סלמון מנות עם עור רו,קילוגרמים,1.00,"ק""ג",true,,89.90,89.9000,true,1,119742
7290004645816,false,סלמון ללא עור מארז 4,,,סלמון ללא עור מארז 4,קילוגרמים,1.00,"ק""ג",true,,94.90,94.9000,true,1,119717
7290004645823,false,נילוס פרוס רוזנרס,,,נילוס פרוס רוזנרס,קילוגרמים,1.00,"ק""ג",true,,54.90,54.9000,true,1,119716
7290004652401,false,ג'חנון ללא מרגרינה ש,שגמור,IL,ג'חנון ללא מרגרינה ש,גרמים,650.00,100 גרם,false,,18.90,0.0291,true,1,120058
7290004658960,false,ריזלינג יבש פרייבט ק,יקבי כרמל,IL,Private collection,מיליליטרים,750.00,"100 מ""ל",false,,39.90,0.0532,true,1,90397
7290004725600,false,סקנדינבי 31%,תנובה,IL,עמק,קילוגרמים,1.00,"ק""ג",true,,75.00,75.0000,true,1,77437
7290004731410,false,סקוטש סושי ענק,סנו,IL,סנו סושי,יח',3.00,יח',false,,9.90,3.3000,true,1,90791
7290004731472,false,כיף אל סבון שלישייה,קוסמופארם,IL,כיף,ליטרים,1.50,ליטר,false,,18.90,12.6000,true,1,90792
7290004731519,false,*מבצע* מקסימה למייבש,סנו,IL,סנו,מיליליטרים,750.00,"100 מ""ל",false,,14.90,0.0199,true,1,90793
7290004731557,false,*מבצע* מקסימה למייבש,סנו,IL,סנו,מיליליטרים,750.00,"100 מ""ל",false,,14.90,0.0199,true,1,90794
7290004731670,false,דאופרש אפרסק מנדרינה,סנו,IL,דואופרש,מיליליטרים,300.00,"100 מ""ל",false,,10.90,0.0363,true,1,90796
7290004731687,false,דאופרש וניל,סנו,IL,דואופרש,מיליליטרים,300.00,"100 מ""ל",false,,10.90,0.0363,true,1,90797
7290004737719,false,אספרגוס שלם,heze sanqing food,CN,וילי פוד,גרמים,330.00,100 גרם,false,,9.90,0.0300,true,1,91023
7290004737900,false,חלב מרוכז,,,חלב ממותק,גרמים,397.00,100 גרם,false,,9.90,0.0249,true,1,91024
7290004861025,false,בולגרית 5%,"מחלבת המושבה בע""מ",IL,מחלבת המושבה,קילוגרמים,1.00,"ק""ג",true,,45.00,45.0000,true,1,104205
7290004861056,false,צפתית 5% - המושבה,"מחלבת המושבה בע""מ",IL,מחלבת המושבה,קילוגרמים,1.00,"ק""ג",true,,42.00,42.0000,true,1,104206
7290004861063,false,גבינת קש 9%,"מחלבת המושבה בע""מ",IL,מחלבת המושבה,קילוגרמים,1.00,"ק""ג",true,,45.00,45.0000,true,1,60326
7290004861278,false,ג. שמנת 30%,"מחלבת המושבה בע""מ",IL,מחלבת המושבה,קילוגרמים,1.00,"ק""ג",true,,39.00,39.0000,true,1,60333
7290004861315,false,לאבנה כפרית 5%,"מחלבת המושבה בע""מ",IL,מחלבת המושבה,קילוגרמים,1.00,"ק""ג",true,,42.00,42.0000,true,1,60338
7290004861421,false,גבינת חלומי 30%,"מחלבת המושבה בע""מ",IL,מחלבת המושבה,קילוגרמים,1.00,"ק""ג",true,,85.00,85.0000,true,1,60344
7290004861520,false,5% ג. שמנת טבעי,"מחלבת המושבה בע""מ",IL,מחלבת המושבה,קילוגרמים,1.00,"ק""ג",true,,30.00,30.0000,true,1,60346
7290004861551,false,ג. שמנת זיתים 5%,"מחלבת המושבה בע""מ",IL,מחלבת המושבה,קילוגרמים,1.00,"ק""ג",true,,30.00,30.0000,true,1,60348
7290004862589,false,ג. שמנת שמיר 5%,"מחלבת המושבה בע""מ",IL,מחלבת המושבה,קילוגרמים,1.00,"ק""ג",true,,30.00,30.0000,true,1,60350
7290004944049,false,טחינה אסלי 400 גרם,"סלטי שמיר 2006 בע""מ",IL,אסלי,גרמים,400.00,100 גרם,false,,9.90,0.0248,true,1,120395
7290004944056,false,חציל במיונז אסלי 400,"סלטי שמיר 2006 בע""מ",IL,אסלי,גרמים,400.00,100 גרם,false,,9.90,0.0248,true,1,120396
7290004944063,false,תורכי אסלי 400 גרם,"סלטי שמיר 2006 בע""מ",IL,אסלי,גרמים,400.00,100 גרם,false,,10.90,0.0273,true,1,120397
7290004982355,false,גבינת צ'דר טריפל 34%,שבינגטון,GB,גבינת צ'דר טריפל 34%,קילוגרמים,1.00,"ק""ג",true,,130.00,130.0000,true,1,74555
7290004982393,false,*מבצע* גבינת ברס בלו,בנוגראן,FR,ברס בלו,קילוגרמים,1.00,"ק""ג",true,,160.00,160.0000,true,1,74556
7290005008184,false,פלמוליב תחליב רחצה ש,CP - Turkey+60,TR,פלמוליב סבון,מיליליטרים,500.00,"100 מ""ל",false,,15.90,0.0318,true,1,92644
7290005008191,false,פלמוליב סנסיישן RELA,CP - Turkey+60,TR,פלמוליב סבון,מיליליטרים,500.00,"100 מ""ל",false,,15.90,0.0318,true,1,92645
7290005008481,false,ספיד סטיק גל בסיסי ס,Colgate - USA,US,ספיד סטיק,גרמים,85.00,100 גרם,false,,19.90,0.2341,true,1,92646
7290005011405,false,עמבה הודית 500 גר.,תבליני שמש,IL,תבליני שמש,גרמים,500.00,100 גרם,false,,9.90,0.0198,true,1,114588
7290005041198,false,קבב כבש ביתי 1 קג,מעדני הטלה,IL,מעדני הטלה,קילוגרמים,1.00,"ק""ג",false,,45.90,45.9000,true,1,90439
7290005068058,false,תירס קל פרי גליל 550,"פרי הגליל בע""""מ",IL,פרי הגליל,גרמים,550.00,100 גרם,false,,6.90,0.0125,true,1,91861
7290005079290,false,צהובה נעם 15% מהדרין,טרה,IL,טרה,קילוגרמים,1.00,"ק""ג",true,,64.00,64.0000,true,1,53312
7290005079412,false,אמנטל חריץ נעם,טרה,IL,נעם,קילוגרמים,1.00,"ק""ג",true,,57.00,57.0000,true,1,53320
7290005084355,false,סנסודיין דואל,גלקסוסמיתקליין,GB,סנסודיין,גרמים,75.00,100 גרם,false,,21.90,0.2920,true,1,90967
7290005168314,false,"יין אצילים 750 מ""ל",יקבי ציון,IL,"יין אצילים 750 מ""ל",מיליליטרים,750.00,"100 מ""ל",false,,14.90,0.0199,true,1,121570
7290005168475,false,תירוש מובחר 100% 1 ל,יקבי ציון,IL,תירוש מובחר 100% 1 ל,ליטרים,1.00,ליטר,false,,16.90,16.9000,true,1,121571
7290005174513,false,חצילים במיונז 500 ג,שטראוס גרופ,IL,שטראוס,גרמים,500.00,100 גרם,false,,14.90,0.0298,true,1,92042
7290005174551,false,חומוס יום-יום 125 גר,שטראוס גרופ,IL,שטראוס,גרמים,125.00,100 גרם,false,,4.70,0.0376,true,1,92043
7290005174568,false,חציל במיונז 125 גרם,שטראוס גרופ,IL,שטראוס,גרמים,125.00,100 גרם,false,,4.70,0.0376,true,1,92044
7290005174575,false,טחינה 125 משובחת,שטראוס גרופ,IL,שטראוס,גרמים,125.00,100 גרם,false,,4.70,0.0376,true,1,92045
7290005175428,false,קמח תירס פולנטה 500,ריבארה,AR,וילי פוד,גרמים,500.00,100 גרם,false,,5.90,0.0118,true,1,91025
7290005197758,false,עוגיות חיוכים 150 גר,אפיפית נצרת תעשיות ב,IL,עלית,גרמים,150.00,100 גרם,false,,4.90,0.0327,true,1,91770
7290005199578,false,פלטיניום נטול 200,שטראוס גרופ,IL,עלית,גרמים,200.00,100 גרם,false,,24.90,0.1245,true,1,91772
7290005200786,false,תפוציפס 50/65 גרם,שטראוס פריטו ליי (מל,IL,עלית,גרמים,50.00,100 גרם,false,,3.50,0.0700,true,1,91811
7290005201882,false,קפה טורקי שקית 200 ג,שטראוס גרופ,IL,עלית,גרמים,200.00,100 גרם,false,,15.90,0.0795,true,1,91777
7290005287206,false,ס.ק  טונה בשמן 160גר,"סטארקיסט פודור בע""מ",IL,סטארקיסט,גרמים,640.00,100 גרם,false,,24.90,0.0389,true,1,92764
7290005287251,false,ס.ק  טונה במים 160גר,"סטארקיסט פודור בע""מ",IL,סטארקיסט,גרמים,640.00,100 גרם,false,,24.90,0.0389,true,1,92765
7290005287657,false,ממרח טונה סטארקיסט 1,"סטארקיסט פודור בע""מ",,סטארקיסט,גרמים,160.00,100 גרם,false,,5.90,0.0369,true,1,119711
7290005296246,false,דריין אאוט פותח סתימ,סאמיט,US,Drain Out,מיליליטרים,946.00,"100 מ""ל",false,,27.90,0.0295,true,1,91374
7290005326387,false,אוליביה עגבניות מיוב,אוליביה,IL,אוליביה,גרמים,270.00,100 גרם,false,,15.90,0.0589,true,1,90456
7290005326523,false,אוליביה פסטו פטרוזיל,,,אוליביה פסטו פטרוזיליה ונ,גרמים,180.00,100 גרם,false,,12.90,0.0717,true,1,90458
7290005358852,false,בשר מס 5 חלק קפוא,ש.י.ל.ה סחר וקירור ב,PY,ש.י.ל.ה סחר,קילוגרמים,1.00,"ק""ג",true,,69.90,69.9000,true,1,107896
7290005358869,false,בשר מס 6 חלק קפוא,,,בשר מס 6 חלק קפוא,קילוגרמים,1.00,"ק""ג",true,,39.90,39.9000,true,1,108240
7290005358883,false,בשר מס 8 חלק קפוא.,,,בשר מס 8 חלק קפוא.,קילוגרמים,1.00,"ק""ג",true,,29.90,29.9000,true,1,105404
7290005384295,false,ג. גאודה חצי קשה 28%,,,ג. גאודה חצי קשה 27%,קילוגרמים,1.00,"ק""ג",true,,47.00,47.0000,true,1,44257
7290005384837,false,"מיץ לימון 500מ""ל",דריבדוס סיטרוס,ES,וילי פוד,מיליליטרים,500.00,"100 מ""ל",false,,6.90,0.0138,true,1,91027
7290005387043,false,בשר מס 2 חלק קפוא.,JBS S.A,BR,בלדי,קילוגרמים,1.00,"ק""ג",true,,39.90,39.9000,true,1,121720
7290005400032,false,קמח מלא 1קג'יפו,טחנת קמח יפו,IL,הקמח שלנו,קילוגרמים,1.00,"ק""ג",false,,5.90,5.9000,true,1,94510
7290005418709,false,קרם לחות ברגע נטורל,"אמיליה קוסמטיקס בע""מ",IL,נטורל פורמולה,מיליליטרים,400.00,"100 מ""ל",false,,20.90,0.0522,true,1,90800
7290005418716,false,קרם לחות ברגע נטורל,"אמיליה קוסמטיקס בע""מ",IL,נטורל פורמולה,מיליליטרים,400.00,"100 מ""ל",false,,20.90,0.0522,true,1,90801
7290005418723,false,קרם לחות ברגע נטורל,,,קרם לחות ברגע נטורל,מיליליטרים,400.00,"100 מ""ל",false,,20.90,0.0522,true,1,90802
7290005423055,false,סנו פורטה פלוס 1  לי,סנו,IL,סנו פורטה פלוס 1  לי,מיליליטרים,1000.00,"100 מ""ל",false,,17.90,0.0179,true,1,107766
7290005423253,false,*מבצע* מקסימה למייבש,סנו,IL,סנו,מיליליטרים,750.00,"100 מ""ל",false,,14.90,0.0199,true,1,90804
7290005423499,false,סנו נירוסטה,סנו,IL,סנו,מיליליטרים,500.00,"100 מ""ל",false,,19.90,0.0398,true,1,90809
7290005423505,false,*מבצע* אורביטול מי פ,קוסמופארם,IL,אורביטול,מיליליטרים,500.00,"100 מ""ל",false,,16.90,0.0338,true,1,90810
7290005423567,false,סושי מטליות 40,זינרגד,IL,סנו סושי,יח',40.00,יח',false,,18.90,0.4725,true,1,90812
7290005423635,false,ריצפז דוחה תיקנים 2,סנו,IL,ריצפז,ליטרים,2.00,ליטר,false,,20.90,10.4500,true,1,90813
7290005423734,false,מרכך מקסימה 4 ליטר,סנו,IL,מקסימה,ליטרים,4.00,ליטר,false,,21.90,5.4750,true,1,90814
7290005423871,false,אורביטול שלישיה,טרופיקל דגיל קוסמטיק,IL,אורביטול,גרמים,435.00,100 גרם,false,,15.90,0.0366,true,1,90816
7290005424021,false,ריפרש מנטרל ריחות פר,,IL,ריפרש מנטרל ריחות פר,מיליליטרים,350.00,"100 מ""ל",false,,15.90,0.0454,true,1,124056
7290005424311,false,רב קוטל,סנו,IL,סנו,מיליליטרים,500.00,"100 מ""ל",false,,19.90,0.0398,true,1,90821
7290005424700,false,סנו פורטה פלוס 1 ליט,סנו,IL,סנו פורטה פלוס 1 ליט,מיליליטרים,1000.00,"100 מ""ל",false,,17.90,0.0179,true,1,93179
7290005424762,false,ריצפז חרקים+ווקס,סנו,IL,ריצפז,ליטרים,2.00,ליטר,false,,25.90,12.9500,true,1,90825
7290005424847,false,מפיות 150,איפק,TR,סנו סושי,יח',150.00,יח',false,,6.90,0.0460,true,1,90829
7290005425073,false,דואופרש אפרסק,סנו,IL,דואופרש,מיליליטרים,300.00,"100 מ""ל",false,,10.90,0.0363,true,1,90831
7290005425110,false,*מבצע* מרסס חיטוי מש,סנו,,*מבצע* מרסס חיטוי מש,מיליליטרים,750.00,"100 מ""ל",false,,9.90,0.0132,true,1,107771
7290005425127,false,*מבצע* מרסס מנקה שומ,סנו,,*מבצע* מרסס מנקה שומ,מיליליטרים,750.00,"100 מ""ל",false,,9.90,0.0132,true,1,107772
7290005425196,false,מקסימה סנסיטיב 2.5 ק,סנו,IL,מקסימה,קילוגרמים,2.50,"ק""ג",false,,23.90,9.5600,true,1,90832
7290005425202,false,"מקסימה ביו 2.5 ק""ג",סנו,IL,מקסימה,קילוגרמים,2.50,"ק""ג",false,,23.90,9.5600,true,1,90833
7290005425646,false,סנוקליר 1 ליטר,סנו,IL,סנוקליר,ליטרים,1.00,ליטר,false,,10.90,10.9000,true,1,90834
7290005425714,false,שמפו שטיחים פלוס 600,סנו,IL,סנו,מיליליטרים,600.00,"100 מ""ל",false,,25.90,0.0432,true,1,90835
7290005426186,false,סקוטש שלישייה ענק,סנו,IL,סנו סושי,יח',3.00,יח',false,,17.90,5.9667,true,1,90839
7290005426193,false,ספוג הפלא,U.F.O.,US,סנו סושי,יח',6.00,יח',false,,9.90,1.6500,true,1,90840
7290005426230,false,מטלית הפלא לרצפה סנו,N.S.,CN,סנו סושי,יח',1.00,יח',false,,10.90,10.9000,true,1,90841
7290005426384,false,סנו מוד,סנו,IL,סנומוד,מיליליטרים,150.00,"100 מ""ל",false,,9.90,0.0660,true,1,90843
7290005426568,false,קרמה לחות רגיל,קוסמופארם,IL,קרמה,מיליליטרים,400.00,"100 מ""ל",false,,16.90,0.0422,true,1,90844
7290005426629,false,דואו פרש דובדבן,סנו,IL,דואופרש,מיליליטרים,300.00,"100 מ""ל",false,,10.90,0.0363,true,1,90846
7290005426964,false,*מבצע* סנובון כחול ש,סנו,IL,סנובון,גרמים,165.00,100 גרם,false,,12.90,0.0782,true,1,90849
7290005427107,false,סושי מגבות נייר שישי,סנו,IL,סנו סושי,מטרים,63.48,מטר,false,,10.90,0.1717,true,1,90851
7290005427725,false,מגבונים ליטופים חמיש,טרופיקל דגיל קוסמטיק,IL,ליטופים,יח',5.00,יח',false,,17.90,3.5800,true,1,90863
7290005429279,false,"מקסימה ז'אול 6 ק""ג",סנו,IL,מקסימה,קילוגרמים,6.00,"ק""ג",false,,44.90,7.4833,true,1,90872
7290005429286,false,"מקסימה ביו 6 ק""ג",סנו,IL,מקסימה,קילוגרמים,6.00,"ק""ג",false,,44.90,7.4833,true,1,90873
7290005430602,false,*מבצע* אוקסיגן מסיר,סנו,IL,אוקסיג'ן,מיליליטרים,750.00,"100 מ""ל",false,,14.90,0.0199,true,1,90875
7290005431883,false,מלבי חלבי 165 גרם,תנובה,IL,תנובה,גרמים,165.00,100 גרם,false,,5.90,0.0358,true,1,111210
7290005431906,false,קדאיף 82 גרם,תנובה,IL,תנובה,גרמים,82.00,100 גרם,false,,5.90,0.0720,true,1,111211
7290005431913,false,עוגת גבינה פירורים 9,תנובה,IL,תנובה,גרמים,92.00,100 גרם,false,,5.90,0.0641,true,1,111212
7290005431920,false,עוגת גבינה פירורים ל,תנובה,IL,תנובה,גרמים,78.00,100 גרם,false,,5.90,0.0756,true,1,111213
7290005431937,false,טירמיסו 82 גרם,תנובה,IL,תנובה,גרמים,82.00,100 גרם,false,,5.90,0.0720,true,1,111199
7290005431968,false,מלבי שמנת 150 גרם,תנובה,IL,תנובה,גרמים,150.00,100 גרם,false,,6.90,0.0460,true,1,115231
7290005477669,false,דרמפון סבון נוזלי,"אמיליה קוסמטיקס בע""מ",IL,דרמפון,ליטרים,1.00,ליטר,false,,17.90,17.9000,true,1,90878
7290005500688,false,*מבצע* מסכה לשיער 1,ארמן,IL,פנינה רוזנבלום בע'מ,קילוגרמים,1.00,"ק""ג",false,,26.90,26.9000,true,1,91885
7290005500978,false,"מסיר לק ריחני 200 מ""",,,פנינה,מיליליטרים,200.00,"100 מ""ל",false,,9.90,0.0495,true,1,115212
7290005543296,false,בשר מס 8 מחפוד קפוא,,,בשר מס 8 מחפוד קפוא,קילוגרמים,1.00,"ק""ג",true,,54.90,54.9000,true,1,118293
7290005559709,false,בורקס פיצה,מעדנות,IL,מעדנות,גרמים,700.00,100 גרם,false,,25.90,0.0370,true,1,92859
7290005559907,false,פיצה משפחתית גבינה,מעדנות,IL,מעדנות,גרמים,500.00,100 גרם,false,,19.90,0.0398,true,1,92861
7290005559914,false,פיצה משפחתית זיתים,מעדנות,IL,מעדנות,גרמים,550.00,100 גרם,false,,19.90,0.0362,true,1,92862
7290005559990,false,*מבצע* בצק פילאס טור,מעדנות,IL,מעדנות,גרמים,600.00,100 גרם,false,,19.90,0.0332,true,1,92864
7290005591761,false,דבש לחיץ 400 גרם,שטראוס גרופ,IL,יד מרדכי,גרמים,400.00,100 גרם,false,,19.90,0.0497,true,1,91778
7290005680052,false,*מבצע* אובה קלאסי סו,Johnson Toilet-IT,GR,אובה,יח',32.00,יח',false,,20.90,0.6531,true,1,92648
7290005838002,false,דניאלה וניל,שטראוס גרופ,IL,שטראוס,מיליליטרים,150.00,"100 מ""ל",false,,3.90,0.0260,true,1,92046
7290005838972,false,סקי יום יום 5%,שטראוס גרופ,IL,שטראוס,גרמים,125.00,100 גרם,false,,3.10,0.0248,true,1,92048
7290005839078,false,מארז 8 חסכון - ביו 3,שטראוס גרופ,IL,שטראוס,קילוגרמים,1.20,"ק""ג",false,,15.90,13.2500,true,1,92049
7290005839108,false,סימפוניה 5% עם זתים,שטראוס גרופ,IL,שטראוס,גרמים,200.00,100 גרם,false,,10.90,0.0545,true,1,92050
7290005839313,false,מילקי טופ מגולגלת,שטראוס גרופ,IL,שטראוס,גרמים,134.00,100 גרם,false,,4.50,0.0336,true,1,92051
7290005896439,false,מכבי בקבוק חוזר 500,טמפו,IL,מכבי,מיליליטרים,500.00,"100 מ""ל",false,,6.90,0.0138,true,1,91226
7290005896453,false,"מכבי 7.9 חוזר 500 מ""",טמפו,IL,מכבי,מיליליטרים,500.00,"100 מ""ל",false,,6.90,0.0138,true,1,91227
7290005896460,false,בירה איגל לארג 7.8%,טמפו,IL,טמפו,מיליליטרים,500.00,"100 מ""ל",false,,6.50,0.0130,true,1,86863
7290005938245,false,ממרח פסטו קלאסי 220,פרסקו חצבה,IL,פרסקו חצבה,גרמים,220.00,100 גרם,false,,17.90,0.0814,true,1,91652
7290005938603,false,פרסקו טפנד זיתים שחו,פרסקו חצבה,IL,פרסקו,גרמים,220.00,100 גרם,false,,17.90,0.0814,true,1,119938
7290005992018,false,יוגורט עיזים,גדיה,IL,מחלבות גד,גרמים,500.00,100 גרם,false,,12.90,0.0258,true,1,91535
7290005992247,false,גבינת חלומי  24%,מחלבות גד,IL,מחלבות גד,קילוגרמים,1.00,"ק""ג",true,,99.00,99.0000,true,1,49000
7290005992575,false,בולגרית למריחה,מחלבות גד,IL,מחלבות גד,גרמים,250.00,100 גרם,false,,15.90,0.0636,true,1,91537
7290005992667,false,בולגרית מסורתית 5%,דשן,IL,מחלבות גד,קילוגרמים,1.00,"ק""ג",true,,56.00,56.0000,true,1,49003
7290005992735,false,לבנה 250 גרם,מחלבות גד,IL,מחלבות גד,גרמים,250.00,100 גרם,false,,11.90,0.0476,true,1,91538
7290005992858,false,פטה עזים מעודנת  5%,דשן,IL,מחלבות גד,קילוגרמים,1.00,"ק""ג",true,,110.00,110.0000,true,1,49006
7290005992872,false,צפתית פרח במים  5%,מחלבות גד,IL,מחלבות גד,קילוגרמים,1.00,"ק""ג",true,,60.00,60.0000,true,1,103156
7290005992889,false,גבינת שמנת שום  שמיר,מחלבות גד,IL,מחלבות גד,קילוגרמים,1.00,"ק""ג",true,,45.00,45.0000,true,1,49008
7290005992957,false,פטה עיזים מסורתית 20,טבע עז,IL,מחלבות גד,קילוגרמים,1.00,"ק""ג",true,,110.00,110.0000,true,1,49012
7290005992964,false,פטה כבשים מסורתית 20,גדישון,IL,מחלבות גד,קילוגרמים,1.00,"ק""ג",true,,110.00,110.0000,true,1,49013
7290005996078,false,סרוולט הונגרי 125 גר,מעדני יחיעם,IL,יחיעם,גרמים,125.00,100 גרם,false,,25.90,0.2072,true,1,114641
7290005996153,false,נקניקיות צרפתיות פרי,מעדני יחיעם,IL,מעדני יחיעם,גרמים,280.00,100 גרם,false,,19.90,0.0711,true,1,112159
7290005996160,false,נקניקיות צוריסו פרימ,מעדני יחיעם,IL,מעדני יחיעם,גרמים,280.00,100 גרם,false,,19.90,0.0711,true,1,112160
7290005996221,false,פסטרמה של פעם דק דק,מעדני יחיעם,IL,יחיעם,גרמים,120.00,גרם,false,,12.90,0.1075,true,1,114637
7290005996238,false,פסטרמה בדבש דק דק 12,מעדני יחיעם,IL,יחיעם,גרמים,120.00,גרם,false,,12.90,0.1075,true,1,114638
7290005996276,false,פסטרמה ברביקיו דק דק,מעדני יחיעם,IL,יחיעם,גרמים,120.00,גרם,false,,12.90,0.1075,true,1,114639
7290006185501,false,*מבצע* סבון נוזלי 1,סאסא קוסמטיקס,IL,פנינה רוזנבלום בע'מ,ליטרים,1.00,ליטר,false,,8.90,8.9000,true,1,91886
7290006185518,false,*מבצע* סבון נוזלי 1,סאסא קוסמטיקס,IL,פנינה רוזנבלום בע'מ,ליטרים,1.00,ליטר,false,,8.90,8.9000,true,1,91887
7290006185952,false,מגבונים לחים להסרת א,דן מור חומרי טבע וכי,IL,מגבונים לחים להסרת א,יח',1.00,יח',false,,7.90,7.9000,true,1,107682
7290006199218,false,גלידל אייס מוקה שמינ,"פלקו בע""מ",IL,הגלידות של פלדמן,יח',8.00,יח',false,,29.90,3.7375,true,1,91307
7290006199942,false,גלידל דובדבן שמיניה,"פלקו בע""מ",IL,הגלידות של פלדמן,יח',8.00,יח',false,,24.90,3.1125,true,1,91308
7290006229588,false,"בירה איגל 500 מ""ל פח",טמפו,IL,טמפו,מיליליטרים,500.00,"100 מ""ל",false,,5.90,0.0118,true,1,86864
7290006241153,false,פקאן סיני 150 גרם,"ג'י אנד ג'י בע""מ",IL,גאשרס,גרמים,150.00,100 גרם,false,,17.90,0.1193,true,1,94285
7290006241191,false,אגוז מלך 150 גרם,"ששון ושות' בע""מ",IL,גאשרס,גרמים,150.00,100 גרם,false,,16.90,0.1127,true,1,91441
7290006241214,false,שקד טבעי 200 גרם,"ג'י אנד ג'י בע""מ",IL,קליית גת,גרמים,200.00,100 גרם,false,,16.90,0.0845,true,1,91442
7290006241511,false,קפוא לימון נענע 340,פריגת מצוננים,IL,פריז_א,גרמים,340.00,100 גרם,false,,9.90,0.0291,true,1,91982
7290006241535,false,קפוא מנגו 350,פריגת מצוננים,IL,פריז_א,גרמים,350.00,100 גרם,false,,9.90,0.0283,true,1,91983
7290006241689,false,קפוא לימון 340,פריגת מצוננים,IL,פריז_א,גרמים,340.00,100 גרם,false,,9.90,0.0291,true,1,91984
7290006243713,false,בורקס גבינה 800 גרם,,,בורקס גבינה,גרמים,800.00,100 גרם,false,,11.90,0.0149,true,1,94420
7290006251107,false,צ'אי מסאלה 25,ויסוצקי,IL,ויסוצקי,גרמים,50.00,100 גרם,false,,18.90,0.3780,true,1,92159
7290006251275,false,*מבצע* תה ירוק סיני,ויסוצקי,IL,ויסוצקי,גרמים,937.50,100 גרם,false,,17.90,0.0191,true,1,92160
7290006251343,false,*מבצע* מנגו פסיפלורה,ויסוצקי,IL,ויסוצקי,גרמים,38.00,100 גרם,false,,16.90,0.4447,true,1,92162
7290006251374,false,*מבצע* תה ירוק לימונ,ויסוצקי,IL,ויסוצקי,גרמים,937.50,100 גרם,false,,17.90,0.0191,true,1,92163
7290006251589,false,*מבצע* תה ירוק נענע,ויסוצקי,IL,ויסוצקי,גרמים,50.00,100 גרם,false,,37.90,0.7580,true,1,92164
7290006256089,false,גאטו נגרו קברנה סובי,,AR,גאטו נגרו קברנה סובי,מיליליטרים,750.00,"100 מ""ל",false,,39.90,0.0532,true,1,119788
7290006256102,false,גאטו נגרו מרלו,,AR,גאטו נגרו מרלו,מיליליטרים,750.00,"100 מ""ל",false,,39.90,0.0532,true,1,119789
7290006265500,false,פטריות שמפניון,סודות המזרח,IL,פטריות שמפניון,יח',1.00,יח',false,,8.90,8.9000,true,1,36578
7290006265548,false,נבטים סיניים,"סוכרזית בע""מ",IL,נבטים סיניים,יח',1.00,יח',false,,5.90,5.9000,true,1,36579
7290006265890,false,נבטי חמניה,סולימר,IL,נבטי חמניה,יח',1.00,יח',false,,8.90,8.9000,true,1,36580
7290006271174,false,גחנון מעדנות 700 גרם,מעדנות,IL,מעדנות,גרמים,700.00,100 גרם,false,,17.90,0.0256,true,1,92865
7290006271181,false,*מבצע* גחנון אפוי,מעדנות,IL,מעדנות,גרמים,750.00,100 גרם,false,,21.90,0.0292,true,1,92866
7290006271648,false,"בורקס תפו""א מיני",מעדנות,IL,מעדנות,גרמים,800.00,100 גרם,false,,22.90,0.0286,true,1,92868
7290006271655,false,בורקס גבינה מיני,מעדנות,IL,מעדנות,גרמים,800.00,100 גרם,false,,24.90,0.0311,true,1,92869
7290006272072,false,*מבצע* חטיפי פיצה מע,מעדנות,IL,מעדנות,גרמים,650.00,100 גרם,false,,27.90,0.0429,true,1,92871
7290006306302,false,רביולי במילוי גבינות,פסטה נונה,IL,פסטה נונה,גרמים,400.00,100 גרם,false,,23.90,0.0597,true,1,91542
7290006306319,false,רביולי במילוי בטטה 4,פסטה נונה,IL,פסטה נונה,גרמים,400.00,100 גרם,false,,23.90,0.0597,true,1,91543
7290006306326,false,רביולי במילוי פטריות,פסטה נונה,IL,פסטה נונה,גרמים,400.00,100 גרם,false,,23.90,0.0597,true,1,91544
7290006306333,false,רביולי במילוי תרד וג,פסטה נונה,IL,פסטה נונה,גרמים,400.00,100 גרם,false,,23.90,0.0597,true,1,91545
7290006306340,false,ניוקי תפוחי אדמה 400,פסטה נונה,IL,פסטה נונה,גרמים,400.00,100 גרם,false,,22.90,0.0572,true,1,91546
7290006306357,false,רביולי במילוי גבינת,פסטה נונה,IL,פסטה נונה,גרמים,400.00,100 גרם,false,,22.90,0.0572,true,1,91547
7290006342645,false,טורטיה גדולה 840 גרם,סיטוגלוגידה,TR,טורטיה גדולה 840 גרם,גרמים,840.00,100 גרם,false,,14.90,0.0177,true,1,89987
7290006346346,false,סלט עדשים שחורות,משתנה,IL,סלט עדשים שחורות,קילוגרמים,1.00,"ק""ג",true,,39.00,39.0000,true,1,111499
7290006346414,false,סלט אבוקדו,משתנה,IL,סלט אבוקדו,קילוגרמים,1.00,"ק""ג",true,,75.00,75.0000,true,1,111500
7290006374738,false,קונפיטורת תות יד מרד,"בית אל מזון בע""מ",IL,יד מרדכי,גרמים,340.00,100 גרם,false,,11.90,0.0350,true,1,91782
7290006376046,false,סוכר חום 1קג' שק' פר,ר.ס,IL,פרמיום,קילוגרמים,1.00,"ק""ג",false,,8.90,8.9000,true,1,94511
7290006439031,false,שמן קנולה 1 ליטר שוק,אליטה גידא סנאי וי,TR,שוקחה,ליטרים,1.00,ליטר,false,,8.90,8.9000,true,1,119713
7290006449849,false,"תמר מג'הול 1 ק""ג",,,"תמר מג'הול 1 ק""ג",קילוגרמים,1.00,"ק""ג",false,,16.90,16.9000,true,1,108116
7290006492432,false,מוצרלה ביבי,מחלבות גד,IL,מחלבות גד,גרמים,150.00,100 גרם,false,,12.90,0.0860,true,1,91548
7290006492616,false,בולגרית 5% פרוסות,דשן,IL,מחלבות גד,גרמים,250.00,100 גרם,false,,25.90,0.1036,true,1,91549
7290006492630,false,גבינת עיזים גליל,מחלבות גד,IL,מחלבות גד,גרמים,180.00,100 גרם,false,,21.90,0.1217,true,1,91550
7290006492647,false,גבינת עיזים מטבעות,טבע עז,IL,מחלבות גד,גרמים,150.00,100 גרם,false,,22.90,0.1527,true,1,91551
7290006492685,false,לבנה עיזים 250גר,מחלבות גד,IL,מחלבות גד,גרמים,250.00,100 גרם,false,,16.90,0.0676,true,1,91552
7290006492852,false,גבינת עיזים 5% למריח,מחלבות גד,IL,מחלבות גד,גרמים,250.00,100 גרם,false,,15.90,0.0636,true,1,91553
7290006492913,false,לבנה ציזיקי למריחה,מחלבות גד,IL,מחלבות גד,גרמים,250.00,100 גרם,false,,12.90,0.0516,true,1,91554
7290006494917,false,וופל בטעם שוקולד ללא,"גילרו בע""מ",IL,טוסו,גרמים,180.00,100 גרם,false,,7.90,0.0439,true,1,90594
7290006494924,false,וופל בטעם לימון ללא,"גילרו בע""מ",IL,וופל טוסו,גרמים,200.00,100 גרם,false,,9.90,0.0495,true,1,90595
7290006511157,false,פטריות שלמות 400 גרם,אוקוצמפ,PL,וילי פוד,גרמים,400.00,100 גרם,false,,7.90,0.0198,true,1,91031
7290006511683,false,פולי סויה קפוא 454 ג,קו.אל.טי.די.קיאוניונ,CN,וילי פוד,גרמים,454.00,100 גרם,false,,8.90,0.0196,true,1,91032
7290006511706,false,*מבצע* גאודה עם כמון,רובין הולנד,NL,בטעם גאודה כמון 30.4%,קילוגרמים,1.00,"ק""ג",true,,90.00,90.0000,true,1,121418
7290006511751,false,שלישיית פיטריות חתוך,לוטס,NL,וילי פוד,גרמים,290.00,100 גרם,false,,11.90,0.0410,true,1,91033
7290006546302,false,ציפס קיטרינג 1.5,"פרי הגליל בע""""מ",IL,פרי הגליל,קילוגרמים,2.00,"00000000000000000ק""ג",false,,15.90,7.9500,true,1,52368
7290006546395,false,לקט העונה 800 גר,"פרי הגליל בע""""מ",IL,פרי הגליל,גרמים,800.00,100 גרם,false,,8.90,0.0111,true,1,91869
7290006554017,false,עוגיות מרוקאיות,ארקד,IL,ארקד,גרמים,500.00,100 גרם,false,,17.90,0.0358,true,1,94822
7290006554024,false,עוגיות ביתיות תמרים,ארקד,IL,ארקד,גרמים,500.00,100 גרם,false,,17.90,0.0358,true,1,94823
7290006554031,false,עוגיות ביתיות אגוזים,ארקד,IL,ארקד,גרמים,500.00,100 גרם,false,,17.90,0.0358,true,1,94824
7290006554055,false,עוגיות בטעם טחינה,ארקד,IL,ארקד,גרמים,300.00,100 גרם,false,,17.90,0.0597,true,1,94826
7290006554062,false,עוגיות גרנולה,ארקד,IL,ארקד,גרמים,250.00,100 גרם,false,,17.90,0.0716,true,1,94827
7290006554093,false,סהרונים,ארקד,IL,ארקד,גרמים,300.00,100 גרם,false,,17.90,0.0597,true,1,94829
7290006554161,false,עוגיות משקפיים,ארקד,IL,ארקד,גרמים,250.00,100 גרם,false,,17.90,0.0716,true,1,94834
7290006554246,false,עוגיות משקפיים עם סו,ארקד,IL,ארקד,גרמים,250.00,100 גרם,false,,17.90,0.0716,true,1,94836
7290006554307,false,עוגיות מרוקאיות ללא,ארקד,IL,ארקד,גרמים,350.00,100 גרם,false,,17.90,0.0511,true,1,94838
7290006554314,false,עוגיות עם שקדים ללא,ארקד,IL,ארקד,גרמים,250.00,100 גרם,false,,17.90,0.0716,true,1,94839
7290006554345,false,עוגיות תמרים ללא סוכ,ארקד,IL,ארקד,גרמים,250.00,100 גרם,false,,17.90,0.0716,true,1,94841
7290006554413,false,עוגיות מרוקאיות ללא,ארקד,IL,ארקד,גרמים,500.00,100 גרם,false,,17.90,0.0358,true,1,94842
7290006567048,false,פתיתי קוסקוס ישראלי,קוסקוס,IL,אסם,גרמים,350.00,100 גרם,false,,7.50,0.0214,true,1,90314
7290006618085,false,אסטוניש מרסס לניקוי,אסטוניש,GB,אסטוניש,מיליליטרים,750.00,"100 מ""ל",false,,11.90,0.0159,true,1,91378
7290006644480,false,תפוזינה תפוזים 0.5 ל,יפאורה תבורי,IL,תפוזינה,מיליליטרים,500.00,"100 מ""ל",false,,5.00,0.0100,true,1,91353
7290006644510,false,תפוזינה ענבים 0.5 ל',יפאורה תבורי,IL,תפוזינה,מיליליטרים,500.00,"100 מ""ל",false,,5.00,0.0100,true,1,91354
7290006644527,false,תפוזינה תות בננה 0.5,יפאורה תבורי,IL,תפוזינה,מיליליטרים,500.00,"100 מ""ל",false,,5.00,0.0100,true,1,94129
7290006652027,false,במבה יום הולדת קדמ.מ,אסם,IL,במבה,גרמים,300.00,100 גרם,false,,23.90,0.0797,true,1,90316
7290006653765,false,פרפקטו פסטה פטוצ'יני,זארה,IT,פרפקטו,גרמים,500.00,100 גרם,false,,6.90,0.0138,true,1,90318
7290006653819,false,קוסקוס דק 350 גרם,קוסקוס,IL,אסם,גרמים,350.00,100 גרם,false,,7.50,0.0214,true,1,90319
7290006660596,false,דגש קמח עדשים אדומות,,,דגש קמח עדשים אדומות,גרמים,500.00,100 גרם,false,,17.90,0.0358,true,1,123399
7290006664037,false,גמדים תפוח בננה רביע,שטראוס גרופ,IL,שטראוס,גרמים,400.00,100 גרם,false,,10.90,0.0273,true,1,92052
7290006664051,false,אקטימל לבן 14,שטראוס גרופ,IL,שטראוס,ליטרים,1.40,ליטר,false,,29.90,21.3571,true,1,92053
7290006664402,false,סקי% 5 750 גרם,שטראוס גרופ,IL,שטראוס,גרמים,750.00,100 גרם,false,,13.90,0.0185,true,1,92055
7290006664532,false,דנונה תות 3%,שטראוס גרופ,IL,שטראוס,גרמים,150.00,100 גרם,false,,3.50,0.0233,true,1,92056
7290006664655,false,אקטימל לבן שמינייה,שטראוס גרופ,IL,שטראוס,מיליליטרים,864.00,"100 מ""ל",false,,19.90,0.0230,true,1,92058
7290006664693,false,דנונה אפרסק  3%,שטראוס גרופ,IL,שטראוס,גרמים,180.00,100 גרם,false,,3.50,0.0194,true,1,92059
7290006664990,false,מארז 8 חסכון - ביו 1,שטראוס גרופ,IL,שטראוס,קילוגרמים,1.20,"ק""ג",false,,15.90,13.2500,true,1,92061
7290006666307,false,סלט חומוס 300 גרם,,,סלט חומוס 300 גרם,גרמים,300.00,100 גרם,false,,11.90,0.0397,true,1,92667
7290006666314,false,סלט טחינה 300 גרם,,,סלט טחינה 300 גרם,גרמים,300.00,100 גרם,false,,11.90,0.0397,true,1,92668
7290006666338,false,טחינה ירוקה 300 גרם,,,טחינה ירוקה 300 גרם,גרמים,300.00,100 גרם,false,,12.90,0.0430,true,1,92669
7290006666345,false,חציל במיונז 300 גרם,,,חציל במיונז 300 גרם,גרמים,300.00,100 גרם,false,,17.90,0.0597,true,1,92670
7290006666352,false,חציל בטחינה 300 גרם,,,חציל בטחינה 300 גרם,גרמים,300.00,100 גרם,false,,17.90,0.0597,true,1,94849
7290006666420,false,כרוב קולסלו 300 גרם,,,כרוב קולסלו 300 גרם,גרמים,300.00,100 גרם,false,,13.90,0.0463,true,1,92672
7290006666437,false,סלט טורקי 300 גרם,,,סלט טורקי 300 גרם,גרמים,300.00,100 גרם,false,,14.90,0.0497,true,1,92673
7290006666444,false,סלט מטבוחה 300 גרם,,,סלט מטבוחה 300 גרם,גרמים,300.00,100 גרם,false,,17.90,0.0597,true,1,92674
7290006666451,false,סלט סלסה 300 גרם,,,סלט סלסה 300 גרם,גרמים,300.00,100 גרם,false,,17.90,0.0597,true,1,92675
7290006666468,false,גזר בלימון 300 גרם,,,גזר בלימון 300 גרם,גרמים,300.00,100 גרם,false,,17.90,0.0597,true,1,92676
7290006666529,false,פלפל מרוקאי,,,פלפל מרוקאי,גרמים,300.00,100 גרם,false,,17.90,0.0597,true,1,92677
7290006666543,false,סלט סלק 300 גרם,,,סלט סלק 300 גרם,גרמים,300.00,100 גרם,false,,14.90,0.0497,true,1,92678
7290006681553,false,קרמבו 1/8 וניל,גלידות שטראוס,IL,שטראוס,יח',8.00,יח',false,,13.90,1.7375,true,1,93836
7290006681560,false,קרמבו 1/8 מוקה,גלידות שטראוס,IL,שטראוס,יח',8.00,יח',false,,13.90,1.7375,true,1,93837
7290006681577,false,אסקימו לימון דובדבן,גלידות שטראוס,IL,אסקימו,גרמים,700.00,100 גרם,false,,14.90,0.0213,true,1,90502
7290006696717,false,תירוש אפרת לבן 1 ליט,,,תירוש אפרת לבן 1 ליטר,ליטרים,1.00,ליטר,false,,12.90,12.9000,true,1,91381
7290006704542,false,עלי תרד ניוזילנדי,"סנפרוסט בע""מ",IL,תרד שטוף,יח',1.00,יח',false,,8.90,8.9000,true,1,36598
7290006707123,false,כבד עוף קפוא,,,כבד עוף קפוא,קילוגרמים,1.00,"ק""ג",true,,14.90,14.9000,true,1,122587
7290006707512,false,שניצל קפוא ארוז,"נטו מלינדה סחר בע""מ",IL,שניצל קפוא ארוז,קילוגרמים,1.00,"ק""ג",true,,34.90,34.9000,true,1,126634
7290006712981,false,קולגייט משחת ילדים 6,CP-Poland swidnica,PL,קולגייט,מיליליטרים,50.00,"100 מ""ל",false,,11.90,0.2380,true,1,92650
7290006714428,false,רגל עגל פרוס.,מעדני הטלה,IL,מעדני הטלה,קילוגרמים,1.00,"ק""ג",true,,34.90,34.9000,true,1,106457
7290006739131,false,בצק פילו 500 גרם,זוגלובק,IL,זוגלובק,גרמים,500.00,100 גרם,false,,11.90,0.0238,true,1,92975
7290006739247,false,פסטרמה איטלקית,זוגלובק,IL,זוגלובק,קילוגרמים,1.00,"ק""ג",true,,79.00,79.0000,true,1,71354
7290006739346,false,נקניקיות פרגיות 400,זוגלובק,IL,זוגלובק,גרמים,400.00,100 גרם,false,,13.90,0.0348,true,1,92978
7290006739407,false,שניצל תירס לייט630 ג,זוגלובק,IL,זוגלובק,גרמים,630.00,100 גרם,false,,21.90,0.0348,true,1,92979
7290006739414,false,נקניק קוניאק 300 גרם,זוגלובק,IL,זוגלובק,גרמים,300.00,100 גרם,false,,25.90,0.0863,true,1,92980
7290006739421,false,מעושן איטלקי 300 גרם,זוגלובק,IL,זוגלובק,גרמים,300.00,100 גרם,false,,25.90,0.0863,true,1,92981
7290006739445,false,שניצל תירס 750 גרם,זוגלובק,IL,זוגלובק,גרמים,750.00,100 גרם,false,,21.90,0.0292,true,1,92982
7290006742278,false,פסטרממיה צלויה 330 ג,זוגלובק,IL,זוגלובק,גרמים,330.00,100 גרם,false,,25.90,0.0785,true,1,92991
7290006742292,false,פסטרמה בדבש 330 גרם,זוגלובק,IL,זוגלובק,גרמים,330.00,100 גרם,false,,25.90,0.0785,true,1,92992
7290006742315,false,חזה הודו ברביקיו 330,זוגלובק,IL,זוגלובק,גרמים,330.00,100 גרם,false,,25.90,0.0785,true,1,92994
7290006764065,false,"נשר מאלט חוזר 500 מ""",טמפו,IL,נ.מאלט,מיליליטרים,500.00,"100 מ""ל",false,,4.90,0.0098,true,1,91237
7290006764072,false,"גולדסטאר חוזר 500 מ""",טמפו,IL,גולדסטאר,מיליליטרים,500.00,"100 מ""ל",false,,6.90,0.0138,true,1,91238
7290006764096,false,בירה איגל חוזר 3.8%,טמפו,IL,איגל,מיליליטרים,500.00,"100 מ""ל",false,,4.90,0.0098,true,1,86909
7290006764157,false,גולדסטאר לא מסונן בק,טמפו,IL,גולדסטאר לא מסונן בק,מיליליטרים,500.00,"100 מ""ל",false,,7.90,0.0158,true,1,111445
7290006764485,false,נשר מאלט שישייה 330,טמפו,IL,נ.מאלט,ליטרים,1.98,ליטר,false,,26.90,13.5859,true,1,91241
7290006765000,false,טורטיה מקמח מלא 540ג,מוטלוקל,TR,טורטיה מקמח מלא 540ג,גרמים,540.00,100 גרם,false,,9.90,0.0183,true,1,89989
7290006775016,false,עוגת תפוז 450 גרם,"אחדות ביח""ר לטחינה ח",IL,אחוה,גרמים,450.00,100 גרם,false,,9.90,0.0220,true,1,93582
7290006775030,false,עוגת שוקו ציפס 450 ג,"אחדות ביח""ר לטחינה ח",IL,אחוה,גרמים,450.00,100 גרם,false,,9.90,0.0220,true,1,93583
7290006775047,false,עוגה בטעם שוקולד 450,"אחדות ביח""ר לטחינה ח",IL,אחוה,גרמים,450.00,100 גרם,false,,9.90,0.0220,true,1,93584
7290006775054,false,עוגת שיש 450 גרם,"אחדות ביח""ר לטחינה ח",IL,אחוה,גרמים,450.00,100 גרם,false,,9.90,0.0220,true,1,90044
7290006775085,false,עוגת שמרים במילוי קר,"אחדות ביח""ר לטחינה ח",IL,אחוה,גרמים,400.00,100 גרם,false,,9.90,0.0248,true,1,93586
7290006775344,false,עוגת שמרים במילוי קר,"אחדות ביח""ר לטחינה ח",IL,אחוה,גרמים,400.00,100 גרם,false,,9.90,0.0248,true,1,93590
7290006784360,false,חלונית 1 ליטר,"קומפלקס כימיקלים בע""",IL,חלונית,ליטרים,1.00,ליטר,false,,5.90,5.9000,true,1,91001
7290006788405,false,"דאו רולאון 75 מ""ל","אמיליה קוסמטיקס בע""מ",IL,קרליין,מיליליטרים,75.00,"100 מ""ל",false,,11.90,0.1587,true,1,90892
7290006788429,false,"דאו רולאון 75 מ""ל","אמיליה קוסמטיקס בע""מ",IL,קרליין,מיליליטרים,75.00,"100 מ""ל",false,,11.90,0.1587,true,1,90894
7290006788559,false,טיטניום דאו ספריי בל,,,טיטניום דאו ספריי בל,מיליליטרים,180.00,"100 מ""ל",false,,14.90,0.0828,true,1,90902
7290006789631,false,*מבצע* קרלין לחות לל,"אמיליה קוסמטיקס בע""מ",IL,קרליין,מיליליטרים,400.00,"100 מ""ל",false,,14.90,0.0373,true,1,90904
7290006805355,false,תערובת לכדורי שוקולד,ג'נרל מילס,IL,פילסברי,גרמים,500.00,100 גרם,false,,16.90,0.0338,true,1,91443
7290006822192,false,אושן ספריי דיאט 1 לי,פריגת,IL,אושן ספריי,ליטרים,1.00,ליטר,false,,11.90,11.9000,true,1,90660
7290006866363,false,%100 מיץ אשכוליות אד,"גניר (1992) בע""מ",IL,תוצרת מסחרית,ליטרים,1.00,ליטר,false,,15.90,15.9000,true,1,92062
7290006866967,false,*מבצע* נקטר חמוציות,גניר,IL,פרימור,ליטרים,1.00,ליטר,false,,7.90,7.9000,true,1,110102
7290006920829,false,צדר פרוסה 350 גרם,צי תעשיות מזון יבנה,IL,כפיר,גרמים,350.00,100 גרם,false,,14.90,0.0426,true,1,91909
7290006920836,false,מעושנת פרוסה 350 גרם,צי תעשיות מזון יבנה,IL,כפיר,גרמים,350.00,100 גרם,false,,14.90,0.0426,true,1,91910
7290006920843,false,מוצרלה פרוסה 350 גרם,צי תעשיות מזון יבנה,IL,כפיר,גרמים,350.00,100 גרם,false,,14.90,0.0426,true,1,91911
7290006920911,false,הולנדית פרוסה 350 גר,צי תעשיות מזון יבנה,IL,כפיר,גרמים,350.00,100 גרם,false,,14.90,0.0426,true,1,91912
7290006920942,false,צהובה טובה 350 גרם,צי תעשיות מזון יבנה,IL,כפיר,גרמים,350.00,100 גרם,false,,14.90,0.0426,true,1,91913
7290006983152,false,קרוטונים מתובלים 400,עינת תעשיות מזון אגו,IL,אסם,גרמים,400.00,100 גרם,false,,17.90,0.0447,true,1,90323
7290006983176,false,לחמית שיפון 230 גרם,אסם,IL,לחמית,גרמים,230.00,100 גרם,false,,7.90,0.0343,true,1,90324
7290006983206,false,פלאפל בקלי קלות 180,אסם,IL,אסם,גרמים,180.00,100 גרם,false,,9.50,0.0528,true,1,90325
7290006983527,false,"עוגת הבית תפו""ע עם פ",אסם,IL,הבית,גרמים,400.00,100 גרם,false,,14.90,0.0373,true,1,90326
7290006983763,false,עוגת הבית שוקולד 400,אסם,IL,הבית,גרמים,400.00,100 גרם,false,,10.90,0.0273,true,1,90327
7290006983770,false,עוגת הבית שיש 400 גר,אסם,IL,הבית,גרמים,400.00,100 גרם,false,,10.90,0.0273,true,1,90328
7290006983787,false,עוגת הבית שוקולד צ'י,אסם,IL,הבית,גרמים,400.00,100 גרם,false,,10.90,0.0273,true,1,90329
7290006983794,false,עוגת הבית תפוז 400 ג,אסם,IL,הבית,גרמים,400.00,100 גרם,false,,10.90,0.0273,true,1,90330
7290006992185,false,מטרנה דייסת אורז 200,מטרנה,IL,מטרנה,גרמים,200.00,100 גרם,false,,12.90,0.0645,true,1,90333
7290006992208,false,מטרנה דייסת דגנים 20,מטרנה,IL,מטרנה,גרמים,200.00,100 גרם,false,,12.90,0.0645,true,1,90335
7290006992390,false,מטרנה דייסת וניל 200,מטרנה,IL,מטרנה,גרמים,200.00,100 גרם,false,,12.90,0.0645,true,1,90336
7290008000826,false,משחה ברבי,כצט,IL,כצט,גרמים,50.00,100 גרם,false,,10.90,0.2180,true,1,90973
7290008023542,false,*מבצע* סיף רצפות 4 ל,אתר ליוור - HPC,IL,CIF,ליטרים,4.00,ליטר,false,,17.90,4.4750,true,1,57541
7290008104050,false,פמינה תחליב אינטימית,כצט,IL,כצט,מיליליטרים,220.00,"100 מ""ל",false,,21.90,0.0995,true,1,90976
7290008116862,false,שמן אמבט בלנאום 500,,IT,שמן אמבט בלנאום 500,מיליליטרים,500.00,"100 מ""ל",false,,64.90,0.1298,true,1,92075
7290008154222,false,*מבצע* שניצלונים עוף,עוף טוב,IL,עוף טוב,גרמים,700.00,100 גרם,false,,12.90,0.0184,true,1,90337
7290008175173,false,חמאה 200 גרם ללא מלח,,,חמאה ללא מלח,גרמים,200.00,100 גרם,false,,11.90,0.0595,true,1,94019
7290008175210,false,פרמז'נו מגורדת 90 גר,זנטי,IT,וילי פוד,גרמים,90.00,100 גרם,false,,14.90,0.1656,true,1,91034
7290008175692,false,איטריות נודלס 400גר,פוגי'אן,CN,וילי פוד,גרמים,400.00,100 גרם,false,,7.90,0.0198,true,1,91037
7290008175760,false,*מבצע* גבינת  מנצגו,אלפסטור,ES,וילי פוד,קילוגרמים,1.00,"ק""ג",true,,90.00,90.0000,true,1,44312
7290008175777,false,*מבצע* גבינת איבריקו,,,גבינת איבריקו 31%,קילוגרמים,1.00,"ק""ג",true,,80.00,80.0000,true,1,44314
7290008175814,false,פטריות חתוכות 400 גר,אוקוצמפ,PL,וילי פוד,גרמים,400.00,100 גרם,false,,4.90,0.0123,true,1,91038
7290008175906,false,גבינת עיזים  32%,אלמטאה,NL,וילי פוד,קילוגרמים,1.00,"ק""ג",true,,100.00,100.0000,true,1,44319
7290008333115,false,גלטין דגים טהור,ויינברג,IL,ויינברג,גרמים,28.00,100 גרם,false,,9.50,0.3393,true,1,91653
7290008343466,false,בצק פילו 500 גרם,שגמור,IL,שגמור,גרמים,500.00,100 גרם,false,,16.90,0.0338,true,1,91654
7290008343558,false,סיגרים בשר 1 קג,שלושת האופים,IL,שלושת האופים,קילוגרמים,1.00,"ק""ג",false,,17.90,17.9000,true,1,91656
7290008343565,false,סיגרים תפוא 1 קג,שלושת האופים,IL,שלושת האופים,קילוגרמים,1.00,"ק""ג",false,,17.90,17.9000,true,1,91657
7290008343602,false,קובה בשר 1 קג,שלושת האופים,IL,שלושת האופים,קילוגרמים,1.00,"ק""ג",false,,17.90,17.9000,true,1,91659
7290008343626,false,פלאפל 1 קג,שלושת האופים,IL,שלושת האופים,קילוגרמים,1.00,"ק""ג",false,,17.90,17.9000,true,1,91661
7290008344272,false,המבורגר 100% בשר 400,טיבון ויל,IL,טיבון ויל,גרמים,400.00,100 גרם,false,,17.90,0.0447,true,1,91663
7290008345576,false,איקרה לבנה 300 ג,דלי דג,IL,דלידג,גרמים,300.00,100 גרם,false,,18.90,0.0630,true,1,91666
7290008345583,false,איקרה ורודה 300 ג,דלי דג,IL,דלידג,גרמים,300.00,100 גרם,false,,18.90,0.0630,true,1,91667
7290008347211,false,אצבעות דג 700 גרם,דלידג,IL,דלידג,גרמים,700.00,100 גרם,false,,19.90,0.0284,true,1,91668
7290008403191,false,קשקבל,ברדי ביר,CH,ברדי ביר,קילוגרמים,1.00,"ק""ג",true,,115.00,115.0000,true,1,74557
7290008403498,false,גרנה פדנה,אמברוסי,IT,אמברוסי,קילוגרמים,1.00,"ק""ג",true,,145.00,145.0000,true,1,74575
7290008409049,false,שניצלונים מיני מיני,תנובה גליל,IL,מאמא עוף,גרמים,500.00,100 גרם,false,,25.90,0.0518,true,1,92929
7290008409100,false,אצבעות שניצל שומשום,תנובה גליל,IL,מאמא עוף,גרמים,700.00,100 גרם,false,,34.90,0.0499,true,1,92930
7290008409124,false,שניצל גונגל 700 גרם,תנובה גליל,IL,מאמא עוף,גרמים,700.00,100 גרם,false,,34.90,0.0499,true,1,92931
7290008409216,false,שניצל דק דק פריך,תנובה גליל,IL,מאמא עוף,גרמים,700.00,100 גרם,false,,39.90,0.0570,true,1,92932
7290008409223,false,שניצל דק מתובל,תנובה גליל,IL,מאמא עוף,גרמים,700.00,100 גרם,false,,39.90,0.0570,true,1,92933
7290008409315,false,שניצלונים מיני מיני,תנובה גליל,IL,מאמא עוף,גרמים,500.00,100 גרם,false,,25.90,0.0518,true,1,92934
7290008409407,false,שניצל דק דק ציפס,תנובה גליל,IL,מאמא עוף,גרמים,700.00,100 גרם,false,,39.90,0.0570,true,1,92936
7290008409551,false,מאמא עוף שניצל אמיתי,תנובה גליל,IL,מאמא עוף,גרמים,700.00,100 גרם,false,,39.90,0.0570,true,1,92941
7290008409582,false,שניצל אמיתי ביתי,תנובה גליל,IL,מאמא עוף,גרמים,700.00,100 גרם,false,,39.90,0.0570,true,1,92943
7290008409773,false,*מבצע* קציצות עוף,תנובה גליל,IL,מאמא עוף,גרמים,700.00,100 גרם,false,,27.90,0.0399,true,1,92946
7290008415071,false,צבר חומוס עם טחינה 1,צבר,IL,סלטי צבר,גרמים,150.00,100 גרם,false,,4.90,0.0327,true,1,90338
7290008415514,false,צבר חומוס עם חריף 15,צבר,IL,סלטי צבר,גרמים,150.00,100 גרם,false,,4.90,0.0327,true,1,90339
7290008443616,false,נקה 7 קונדישינר,"אמיליה קוסמטיקס בע""מ",IL,נקה 7,מיליליטרים,750.00,"100 מ""ל",false,,10.90,0.0145,true,1,90909
7290008443647,false,נקה 7 מרכך,"אמיליה קוסמטיקס בע""מ",IL,נקה 7,מיליליטרים,750.00,"100 מ""ל",false,,10.90,0.0145,true,1,90911
7290008461221,false,סרדין רוברט שמן חמני,רמירז,PT,סרדין רוברט שמן חמני,גרמים,140.00,100 גרם,false,,6.90,0.0493,true,1,91670
7290008461238,false,סרדין רוברט חריף 140,רמירז,PT,סרדין רוברט חריף,גרמים,140.00,100 גרם,false,,6.90,0.0493,true,1,94416
7290008461283,false,טריפל צ'דר 200 גרם,שבינגטון,AO,שבינגטון,גרמים,200.00,100 גרם,false,,23.90,0.1195,true,1,91671
7290008462204,false,*מבצע* חרדל דיזון 38,בונגראן,FR,בונגראן,גרמים,380.00,100 גרם,false,,11.90,0.0313,true,1,91672
7290008462259,false,*מבצע* חרדל דיזון גר,בונגראן,FR,בונגראן,גרמים,380.00,100 גרם,false,,13.90,0.0366,true,1,91673
7290008462310,false,*מבצע* סנט מור,אוריאל,FR,מרסי שף,קילוגרמים,1.00,"ק""ג",true,,160.00,160.0000,true,1,74594
7290008464024,false,פחית גולדסטאר לא מסו,טמפו,IL,גולדסטאר לא מסונן,מיליליטרים,500.00,"100 מ""ל",false,,8.90,0.0178,true,1,91246
7290008464222,false,פחית מכבי 7.9% 500 מ,טמפו,IL,מכבי,מיליליטרים,500.00,"100 מ""ל",false,,7.90,0.0158,true,1,91248
7290008464406,false,"פחית פפסי 330 מ""ל",טמפו,IL,פפסי מקס,מיליליטרים,330.00,"100 מ""ל",false,,4.00,0.0121,true,1,91255
7290008464468,false,"גולדסטאר פחית 500 מ""",טמפו,IL,גולדסטאר,מיליליטרים,500.00,"100 מ""ל",false,,7.90,0.0158,true,1,91256
7290008464475,false,"מכבי 500 מ""ל פחית",טמפו,IL,מכבי,מיליליטרים,500.00,"100 מ""ל",false,,6.90,0.0138,true,1,91257
7290008464604,false,"הייניקן פחית 500 מ""ל",טמפו,IL,היינקן,מיליליטרים,500.00,"100 מ""ל",false,,11.90,0.0238,true,1,91258
7290008464673,false,פחית בירה גולדסטאר ס,טמפו,IL,פחית בירה גולדסטאר ס,מיליליטרים,500.00,"100 מ""ל",false,,7.90,0.0158,true,1,108288
7290008464697,false,*מבצע* מכבי שישייה 7,טמפו,IL,מכבי,ליטרים,1.98,ליטר,false,,24.90,12.5758,true,1,91260
7290008464741,false,*מבצע* גולדסטאר שישי,טמפו,IL,גולדסטאר,ליטרים,1.98,ליטר,false,,24.90,12.5758,true,1,91263
7290008464796,false,*מבצע* הייניקן שישיי,טמפו,IL,היינקן,ליטרים,1.98,ליטר,false,,29.90,15.1010,true,1,91264
7290008466677,false,עוגיות פרימיום ללא ס,,,עוגיות פרימיום ללא ס,גרמים,250.00,100 גרם,false,,18.90,0.0756,true,1,126647
7290008466684,false,עוגיות פרימיום חלבי,,,עוגיות פרימיום חלבי,גרמים,250.00,100 גרם,false,,18.90,0.0756,true,1,120575
7290008466707,false,עוגיות פרימיום 250 ג,,,עוגיות פרימיום 250 ג,גרמים,250.00,100 גרם,false,,18.90,0.0756,true,1,112009
7290008493710,false,פירורי גריסיני זהב 2,מאיר בייגל,IL,מאיר בייגל,גרמים,200.00,100 גרם,false,,5.90,0.0295,true,1,92788
7290008611008,false,פילה נסיכת הנילוס 10,נטורס פיש לימיטד,TZ,פילה נסיכת הנילוס 10,קילוגרמים,1.00,"ק""ג",true,,49.90,49.9000,true,1,123312
7290008611091,false,סלמון מנות נורבגי קפ,סיבורן,NO,סלמון מנות נורבגי קפ,קילוגרמים,1.00,"ק""ג",true,,74.90,74.9000,true,1,120448
7290008634045,false,"פלסטר ""30 ""SUNNY PLA",A.U. In,CN,סאני פלסטר,יח',30.00,יח',false,,6.90,0.2300,true,1,90387
7290008634663,false,בקבוק גדול-שלישיה במ,R.B.P. Co Lt,TH,טוליפס,יח',3.00,יח',false,,14.90,4.9667,true,1,93657
7290008634700,false,*מבצע* כפפות לאטקס 1,T.G. Sdn,TH,סייף טאצ,יח',100.00,יח',false,,17.90,0.1790,true,1,115854
7290008636650,false,קמח מצה 500 גרם,מיה,IL,קמח מצה 500 גרם,גרמים,500.00,100 גרם,false,,5.90,0.0118,true,1,119965
7290008636919,false,קקאו הולנדי 200 גרם,מיה,IL,קקאו הולנדי 200 גרם,גרמים,200.00,100 גרם,false,,8.90,0.0445,true,1,118898
7290008636926,false,קקאו הולנדי 500 גרם,מיה,IL,קקאו הולנדי 500 גרם,גרמים,500.00,100 גרם,false,,13.90,0.0278,true,1,118906
7290008644112,false,מטבוחה יום יום 125 ג,שטראוס גרופ,IL,שטראוס,גרמים,125.00,100 גרם,false,,4.70,0.0376,true,1,92063
7290008644235,false,סלט עלי בייבי,שטראוס גרופ,IL,שטראוס,גרמים,120.00,100 גרם,false,,9.90,0.0825,true,1,53881
7290008644945,false,סלט המושבה משפחתי,שטראוס גרופ,IL,שטראוס,גרמים,450.00,100 גרם,false,,10.90,0.0242,true,1,92065
7290008670012,false,רקנאטי קברנה סוביניו,רקנאטי,IL,רקנאטי,מיליליטרים,750.00,"100 מ""ל",false,,49.90,0.0665,true,1,93020
7290008670029,false,רקנאטי מרלו,רקנאטי,IL,רקנאטי,מיליליטרים,750.00,"100 מ""ל",false,,49.90,0.0665,true,1,93021
7290008670159,false,יין יסמין רקאנטי יסמ,רקנאטי,IL,רקנאטי,מיליליטרים,750.00,"100 מ""ל",false,,34.90,0.0465,true,1,95175
7290008690713,false,מיץ חמוציות אושן ספר,פריגת,IL,אושן ספריי,ליטרים,1.00,ליטר,false,,11.90,11.9000,true,1,90662
7290008693134,false,דניאלה תות,שטראוס גרופ,IL,שטראוס,גרמים,88.00,100 גרם,false,,3.90,0.0443,true,1,92067
7290008713900,false,שיפון עגול 750 ג,אורנים,IL,אנג'ל,גרמים,750.00,100 גרם,false,,12.90,0.0172,true,1,89934
7290008713917,false,שיפון כהה 750 ג,אורנים,IL,אנג'ל,גרמים,750.00,100 גרם,false,,12.90,0.0172,true,1,89935
7290008745239,false,תפוציפס קראנצ',שטראוס פריטו ליי (מל,IL,עלית,גרמים,50.00,100 גרם,false,,3.50,0.0700,true,1,91812
7290008747547,false,תפוציפס קראנצ' טבעי,שטראוס פריטו ליי (מל,IL,עלית,גרמים,200.00,100 גרם,false,,9.90,0.0495,true,1,91814
7290008750264,false,מאסט מסטיק,שטראוס גרופ,IL,עלית,גרמים,28.00,100 גרם,false,,4.00,0.1429,true,1,91790
7290008752244,false,תפוציפס אקסטרא,שטראוס פריטו ליי (מל,IL,עלית,גרמים,50.00,100 גרם,false,,3.50,0.0700,true,1,91815
7290008753111,false,תפוציפס מקסיקני,שטראוס פריטו ליי (מל,IL,עלית,גרמים,50.00,100 גרם,false,,3.50,0.0700,true,1,91816
7290008754415,false,מאסט ללא סוכר,שטראוס גרופ,IL,עלית,גרמים,28.00,100 גרם,false,,4.00,0.1429,true,1,91797
7290008754422,false,מאסט חדש,שטראוס גרופ,IL,עלית,גרמים,28.00,100 גרם,false,,4.00,0.1429,true,1,91798
7290008757980,false,ספרינג קרטוניות רימו,יפאורה תבורי,IL,ספרינג,ליטרים,1.00,ליטר,false,,6.70,6.7000,true,1,91368
7290008775816,false,ערגליות שוקולד 300 ג,אסם,IL,ערגליות,גרמים,300.00,100 גרם,false,,9.90,0.0330,true,1,90342
7290008775823,false,ערגליות תות שדה 300,אסם,IL,ערגליות,גרמים,300.00,100 גרם,false,,9.90,0.0330,true,1,90343
7290008775892,false,פרפקטו פסטה לינגויני,זארה,IT,פרפקטו,גרמים,500.00,100 גרם,false,,6.90,0.0138,true,1,90344
7290008784542,false,סאקי מסג',,,סאקי מסג',יח',1.00,יח',false,,7.90,7.9000,true,1,106500
7290008801010,false,קברנה מרלו פרייבט קו,יקבי כרמל,IL,Private collection,מיליליטרים,750.00,"100 מ""ל",false,,39.90,0.0532,true,1,90398
7290008801119,false,סוביניון בלאן סלקטד,יקבי כרמל,IL,סלקטד,מיליליטרים,750.00,"100 מ""ל",false,,29.90,0.0399,true,1,90399
7290008801478,false,יין טופז,יקבי כרמל,IL,טופז זהב,מיליליטרים,750.00,"100 מ""ל",false,,18.90,0.0252,true,1,90402
7290008801522,false,יין קונקורד,יקבי כרמל,IL,קינג דויד,מיליליטרים,750.00,"100 מ""ל",false,,19.90,0.0265,true,1,90403
7290008801546,false,יין מוסקט קינג דייוי,יקבי כרמל,IL,קינג דויד,מיליליטרים,750.00,"100 מ""ל",false,,19.90,0.0265,true,1,90405
7290008801843,false,קברנה סובניון סלקטד,יקבי כרמל,IL,סלקטד,מיליליטרים,750.00,"100 מ""ל",false,,29.90,0.0399,true,1,90406
7290008801850,false,ריזלינג סלקטד,יקבי כרמל,IL,סלקטד,מיליליטרים,750.00,"100 מ""ל",false,,29.90,0.0399,true,1,90407
7290008802291,false,מרלו פרייבט קולקשיין,יקבי כרמל,IL,Private collection,מיליליטרים,750.00,"100 מ""ל",false,,39.90,0.0532,true,1,90408
7290008802512,false,יין וינו אדום,יקבי כרמל,IL,וינו,מיליליטרים,750.00,"100 מ""ל",false,,19.90,0.0265,true,1,90409
7290008802529,false,יין וינו לבן,יקבי כרמל,IL,וינו,מיליליטרים,750.00,"100 מ""ל",false,,19.90,0.0265,true,1,93668
7290008802895,false,קברנה סובניון פרייבט,יקבי כרמל,IL,Private collection,מיליליטרים,750.00,"100 מ""ל",false,,39.90,0.0532,true,1,90410
7290008804189,false,*מבצע* קברנה סדרה אז,יקבי כרמל,IL,גליל עליון,מיליליטרים,750.00,"100 מ""ל",false,,54.90,0.0732,true,1,90411
7290008804332,false,יין שיראז פרייבט קול,יקבי כרמל,IL,Private collection,מיליליטרים,750.00,"100 מ""ל",false,,39.90,0.0532,true,1,90412
7290008805049,false,יין רוזה סלקטד,יקבי כרמל,IL,סלקטד,מיליליטרים,750.00,"100 מ""ל",false,,29.90,0.0399,true,1,90414
7290008805384,false,יין מוסקט סלקטד,יקבי כרמל,IL,סלקטד,מיליליטרים,750.00,"100 מ""ל",false,,29.90,0.0399,true,1,90415
7290008805520,false,יין קברנה/מרלו סלקטד,יקבי כרמל,IL,סלקטד,מיליליטרים,750.00,"100 מ""ל",false,,29.90,0.0399,true,1,90416
7290008805964,false,*מבצע* קברנה שיראז ס,יקבי כרמל,IL,גליל עליון,מיליליטרים,750.00,"100 מ""ל",false,,54.90,0.0732,true,1,90417
7290008807029,false,יין אמרלד ריזלינג טב,יקבי בינימינה,IL,בנימינה,מיליליטרים,750.00,"100 מ""ל",false,,19.90,0.0265,true,1,91874
7290008835435,false,בשר מס 5 חלק קפוא,sociedad anonima car,AR,בלדי,קילוגרמים,1.00,"ק""ג",true,,69.90,69.9000,true,1,125954
7290008835954,false,פילה אמנון 5-7 קפוא.,היינאן קשינגטאי,CN,בלדי,קילוגרמים,1.00,"ק""ג",true,,24.90,24.9000,true,1,113454
7290008835961,false,פילה אמנון 7-9 קפוא,היינאן קשינגטאי,CN,בלדי,קילוגרמים,1.00,"ק""ג",true,,24.90,24.9000,true,1,113455
7290008836401,false,ישן נושן 1 ל,,,ישן נושן 1 ל,ליטרים,1.00,ליטר,false,,16.90,16.9000,true,1,94183
7290008836494,false,תירוש אפרת 1 ליטר,,,תירוש אפרת 1 ליטר,ליטרים,1.00,ליטר,false,,12.90,12.9000,true,1,91382
7290008866019,false,ברי עיזים בייבי 28%,גבינות יעקבס,,ברי עיזים בייבי 28%,קילוגרמים,1.00,"ק""ג",true,,139.00,139.0000,true,1,119798
7290008866033,false,גאודה עיזים 30%,גבינות יעקבס,,גאודה עיזים 30%,קילוגרמים,1.00,"ק""ג",true,,139.00,139.0000,true,1,119822
7290008909860,false,קוקה קולה זירו 1.5 ל,קוקה קולה ישראל,IL,קוקה קולה ZERO,ליטרים,1.50,ליטר,false,,8.10,5.4000,true,1,90667
7290008945202,false,*מבצע* גלילונית משרד,קילט ניהול פרוייקטים,IL,גלילונית,יח',50.00,יח',false,,12.90,0.2580,true,1,90596
7290008975551,false,מטרנה מהדרין חיסכון,מטרנה,IL,מטרנה,גרמים,700.00,100 גרם,false,,47.90,0.0684,true,1,90345
7290008989091,false,פריכיות אורז 310 גרם,"בטר אנד דיפרנט בע""מ",IL,בטר אנד דיפרנט,גרמים,310.00,100 גרם,false,,11.90,0.0384,true,1,90010
7290008989169,false,אורז תפוח 500 גרם בש,"תירפז בע""מ",IL,בטר אנד דיפרנט,גרמים,500.00,100 גרם,false,,18.90,0.0378,true,1,90011
7290009190991,false,עמלת משיכת מזמן,,,עמלת משיכת מזמן,יח',1.00,יח',false,,5.00,5.0000,true,1,81678
7290010045051,false,עוגיות לחמי מלבן שקד,קונדטוריות לחמי,IL,לחמי,גרמים,200.00,100 גרם,false,,18.90,0.0945,true,1,76102
7290010050109,false,עירית יח',,,עירית יח',יח',1.00,יח',false,,4.90,4.9000,true,1,109167
7290010051021,false,בזיליקום יח',,,בזיליקום יח',יח',1.00,יח',false,,4.90,4.9000,true,1,109168
7290010051045,false,עלי בייבי - ארוז,,,עלי בייבי - ארוז,יח',1.00,יח',false,,7.90,7.9000,true,1,109169
7290010051076,false,לבבות חסה ארוז,,,לבבות חסה ארוז,יח',1.00,יח',false,,10.90,10.9000,true,1,109171
7290010051113,false,טימין - קורנית יח',,,טימין - קורנית יח',יח',1.00,יח',false,,4.90,4.9000,true,1,109172
7290010051120,false,מרווה יח',,,מרווה יח',יח',1.00,יח',false,,4.90,4.9000,true,1,109173
7290010051144,false,תרד עלים - ארוז,,,תרד עלים - ארוז,יח',1.00,יח',false,,5.90,5.9000,true,1,109175
7290010051168,false,כוסברה יח',,,כוסברה יח',יח',1.00,יח',false,,3.90,3.9000,true,1,109176
7290010051182,false,נענע יח',,,נענע יח',יח',1.00,יח',false,,3.90,3.9000,true,1,109177
7290010051199,false,שורש פטרוזיליה יח',,,שורש פטרוזיליה יח',יח',1.00,יח',false,,5.90,5.9000,true,1,109178
7290010051250,false,אורגנו יח',,,אורגנו יח',יח',1.00,יח',false,,4.90,4.9000,true,1,109182
7290010051267,false,פרסה יח',,,פרסה יח',יח',1.00,יח',false,,7.90,7.9000,true,1,109591
7290010051281,false,רוקולה יח',,,רוקולה יח',יח',1.00,יח',false,,7.90,7.9000,true,1,109183
7290010051373,false,לבבות חסה שקית,,,לבבות חסה שקית,יח',1.00,יח',false,,10.90,10.9000,true,1,109185
7290010051434,false,חסה סלנובה,,,חסה סלנובה,יח',1.00,יח',false,,9.90,9.9000,true,1,109187
7290010051687,false,רוזמרין יח',,,רוזמרין יח',יח',1.00,יח',false,,4.90,4.9000,true,1,109190
7290010065318,false,מחית פרינוק גדול,פרוטה פודווין איי.אס,CZ,רנדי,גרמים,190.00,100 גרם,false,,5.90,0.0311,true,1,37783
7290010065332,false,מחית פרינוק גדול,פרוטה פודווין איי.אס,CZ,רנדי,גרמים,190.00,100 גרם,false,,5.90,0.0311,true,1,37784
7290010065349,false,מחית פרינוק גדול,פרוטה פודווין איי.אס,CZ,רנדי,גרמים,190.00,100 גרם,false,,5.90,0.0311,true,1,37785
7290010065745,false,מחית פרינוק גדול,פרוטה פודווין איי.אס,CZ,רנדי,גרמים,190.00,100 גרם,false,,5.90,0.0311,true,1,37789
7290010066513,false,*מבצע* פילטונה בשמן,תעשיות פילטונה,IL,פילטונה בשמן רביעיה 158 ג,גרמים,632.00,100 גרם,false,,19.90,0.0315,true,1,70899
7290010066575,false,*מבצע* פילטונה במים,תעשיות פילטונה,IL,פילטונה במים רביעיה 158 ג,גרמים,632.00,100 גרם,false,,19.90,0.0315,true,1,70900
7290010066582,false,*מבצע* פילטונה רביעי,תעשיות פילטונה,IL,פילטונה רביעיה בשמן קנולה,גרמים,632.00,100 גרם,false,,19.90,0.0315,true,1,70901
7290010066599,false,פילטונה רביעיה בשמן,תעשיות פילטונה,IL,פילטונה רביעיה בשמן זית 1,גרמים,632.00,100 גרם,false,,27.90,0.0441,true,1,70902
7290010116980,false,שוקולית 850 גרם,שטראוס גרופ,IL,עלית,גרמים,850.00,100 גרם,false,,14.90,0.0175,true,1,50764
7290010117864,false,דוריטוס חריף אש 70 ג,שטראוס פריטו ליי (מל,IL,עלית,גרמים,70.00,100 גרם,false,,3.20,0.0457,true,1,51874
7290010118328,false,מארז תפוציפס שישיה 6,שטראוס פריטו ליי (מל,IL,תפוציפס,גרמים,240.00,100 גרם,false,,11.90,0.0496,true,1,51880
7290010124107,false,סטייק בורגר 400 גרם,בלדי,IL,בלדי,גרמים,400.00,100 גרם,false,,15.90,0.0398,true,1,109327
7290010124190,false,שניצל בקר מלינסה 250,בלדי,IL,בלדי,גרמים,250.00,100 גרם,false,,12.90,0.0516,true,1,109328
7290010124213,false,סינטה בקר דק דק 250,בלדי,IL,בלדי,גרמים,250.00,100 גרם,false,,16.90,0.0676,true,1,109329
7290010124503,false,שומן כבש 200 גרם.,בלדי,IL,בלדי,גרמים,200.00,100 גרם,false,,10.90,0.0545,true,1,79198
7290010153503,false,שעועית בובס 400 גרם,"מיה תעשיות מזון בע""מ",IL,מיה,גרמים,400.00,100 גרם,false,,7.90,0.0198,true,1,48412
7290010153510,false,בורגול 500 גרם,"מיה תעשיות מזון בע""מ",IL,מיה,גרמים,500.00,100 גרם,false,,3.90,0.0078,true,1,48414
7290010153695,false,פול גדול 400 גרם,"מיה תעשיות מזון בע""מ",IL,מיה,גרמים,400.00,100 גרם,false,,7.90,0.0198,true,1,48421
7290010154012,false,לימון כבוש 250 גרם,תבליני יוחאי ביטון,IL,תבליני יוחאי ביטון,גרמים,250.00,100 גרם,false,,12.90,0.0516,true,1,49647
7290010154050,false,ממרח שיפקה כבוש ביטו,תבליני יוחאי ביטון,IL,תבליני יוחאי ביטון,גרמים,250.00,100 גרם,false,,12.90,0.0516,true,1,123620
7290010154241,false,חזרת ביתית 250 גר,תבליני יוחאי ביטון,IL,תבליני יוחאי ביטון,גרמים,250.00,100 גרם,false,,12.90,0.0516,true,1,49653
7290010154265,false,פלפל צומה 250 ביטון,תבליני יוחאי ביטון,IL,תבליני יוחאי ביטון,גרמים,250.00,100 גרם,false,,12.90,0.0516,true,1,49655
7290010154425,false,סחוג ירוק 130 גרם בי,תבליני יוחאי ביטון,IL,ביטון,גרמים,130.00,100 גרם,false,,7.90,0.0608,true,1,49659
7290010154548,false,ממרח שום טבעי 235 גר,תבליני יוחאי ביטון,IL,תבליני יוחאי ביטון,גרמים,235.00,100 גרם,false,,12.90,0.0549,true,1,49661
7290010154555,false,ממרח לימון כבוש 250,תבליני יוחאי ביטון,IL,תבליני יוחאי ביטון,גרמים,250.00,100 גרם,false,,12.90,0.0516,true,1,49663
7290010154678,false,אריסה מרוקאית 250 גר,תבליני יוחאי ביטון,IL,תבליני יוחאי ביטון,גרמים,250.00,100 גרם,false,,12.90,0.0516,true,1,88700
7290010154685,false,סלט שום כתוש 250 גרם,תבליני יוחאי ביטון,IL,תבליני יוחאי ביטון,גרמים,250.00,100 גרם,false,,12.90,0.0516,true,1,88701
7290010154692,false,סחוג אדום  250 גר,תבליני יוחאי ביטון,IL,תבליני יוחאי ביטון,גרמים,250.00,100 גרם,false,,12.90,0.0516,true,1,118336
7290010163069,false,צנובר 100 גרם,"דין שיווק וקלייה בע""",TR,ששון הקולה,גרמים,100.00,100 גרם,false,,19.90,0.1990,true,1,32166
7290010192120,false,צנונית ארוזה,,,צנונית ארוזה,יח',1.00,יח',false,,4.90,4.9000,true,1,109192
7290010195268,false,*מבצע* פופקורן מופחת,,,*מבצע* פופקורן מופחת,גרמים,425.00,100 גרם,false,,12.90,0.0304,true,1,40113
7290010237784,false,*מבצע* מכבי שנדי 330,טמפו,IL,שנדי,ליטרים,1.98,ליטר,false,,27.90,14.0909,true,1,45990
7290010259007,false,עוגיות ביצים בישקוטי,דן קיין,PT,וילי פוד,גרמים,200.00,100 גרם,false,,5.90,0.0295,true,1,44369
7290010259359,false,אטריות נודלס 200 ג,פוג'יאן לונגאי,CN,וילי פוד,גרמים,200.00,100 גרם,false,,4.90,0.0245,true,1,44372
7290010259366,false,אטריות מסולסלות נודל,פוג'יאן לונגאי,CN,וילי פוד,גרמים,200.00,100 גרם,false,,4.90,0.0245,true,1,44373
7290010259977,false,שמן קנולה 1 ליטר,בונגי פולין אס.פי.זד,PL,וילי פוד,ליטרים,1.00,ליטר,false,,8.90,8.9000,true,1,125139
7290010259991,false,*מבצע* צנימים 250 ג,דן קייק,PT,וילי פוד,גרמים,250.00,100 גרם,false,,6.90,0.0276,true,1,44382
7290010328093,false,ממרח חלוה 400 גרם,"אחדות ביח""ר לטחינה ח",IL,אחוה,גרמים,400.00,100 גרם,false,,10.70,0.0267,true,1,33102
7290010328246,false,טחינה משומשום מלא אח,"אחדות ביח""ר לטחינה ח",IL,אחוה,גרמים,500.00,100 גרם,false,,9.90,0.0198,true,1,33106
7290010328253,false,טחינה אחוה 500 גרם,"אחדות ביח""ר לטחינה ח",IL,אחוה,גרמים,500.00,100 גרם,false,,9.90,0.0198,true,1,33107
7290010328468,false,חטיפי מיני חלוה בטעמ,"אחדות ביח""ר לטחינה ח",IL,אחוה,גרמים,216.00,100 גרם,false,,9.90,0.0458,true,1,33110
7290010328680,false,עוגה בטעם שוקולד עם,"אחדות ביח""ר לטחינה ח",IL,אחוה,גרמים,450.00,100 גרם,false,,9.90,0.0220,true,1,33118
7290010328819,false,ממרח שומשום בטעם שוק,"אחדות ביח""ר לטחינה ח",IL,אחוה,גרמים,400.00,100 גרם,false,,10.70,0.0267,true,1,33129
7290010429554,false,שמן זית 2 קלאסי 750,שטראוס גרופ,IL,יד מרדכי,מיליליטרים,750.00,"100 מ""ל",false,,32.90,0.0439,true,1,50774
7290010471669,false,דנונה בר תות קורנפלק,שטראוס גרופ,IL,שטראוס,גרמים,175.00,100 גרם,false,,4.30,0.0246,true,1,53916
7290010472307,false,גמדים לשתיה שמינייה,שטראוס גרופ,IL,שטראוס,גרמים,864.00,100 גרם,false,,19.90,0.0230,true,1,53925
7290010513703,false,צ'ופסטיקס צפצפה,guilin fengzhu tradi,CN,מזרח ומערב,יח',20.00,יח',false,,6.90,0.3450,true,1,72986
7290010513727,false,פנקו פרורי לחם,qingdao sun growing,CN,מזרח ומערב,גרמים,200.00,100 גרם,false,,7.90,0.0395,true,1,72988
7290010589326,false,עוגת וופל במילוי קרם,וישם דברי מתיקה,IL,עוגת וופל במילוי קרם,גרמים,270.00,100 גרם,false,,29.90,0.1107,true,1,121156
7290010627004,false,טחינה ירושלים 500 גר,טחינה ירושלים בעמ,IL,טחינה ירושלים,גרמים,500.00,100 גרם,false,,15.90,0.0318,true,1,76104
7290010627844,false,טחינה ירושלים 500 גר,טחינה ירושלים בעמ,IL,טחינה ירושלים,גרמים,500.00,100 גרם,false,,15.90,0.0318,true,1,76105
7290010632787,false,צימרוני אוזניים עץ 3,L.Y.Q. Tradi,CN,כוטון סופט,יח',300.00,יח',false,,3.50,0.0117,true,1,34811
7290010650002,false,פטריות יער,,IL,פטריות יער,גרמים,170.00,100 גרם,false,,9.90,0.0582,true,1,37177
7290010650019,false,אנדיב/עולש,פמילי,IL,אנדיב/עולש,גרמים,220.00,100 גרם,false,,11.90,0.0541,true,1,37179
7290010650033,false,בצלי שלוט,פנחס,IL,בצלי שלוט,גרמים,350.00,100 גרם,false,,10.90,0.0311,true,1,37183
7290010650040,false,פטריות שיטאקי טרי,"פנטה אמפאק בע""מ",IL,פטריות שיטאקי טרי,גרמים,100.00,100 גרם,false,,9.90,0.0990,true,1,37185
7290010650088,false,פטריות שמפניון מיובש,,,פטריות שמפניון מיובש,גרמים,25.00,100 גרם,false,,7.90,0.3160,true,1,37189
7290010650194,false,גינגר יח',"פסח בא בע""מ",IL,גינגר מגשית 250 גרם,גרמים,250.00,100 גרם,false,,7.90,0.0316,true,1,37198
7290010650255,false,לקט פטריות למרק,,,לקט פטריות למרק,גרמים,25.00,100 גרם,false,,9.90,0.3960,true,1,37200
7290010650279,false,לקט פטריות לפסטה,,,לקט פטריות לפסטה,גרמים,25.00,100 גרם,false,,9.90,0.3960,true,1,37202
7290010650354,false,שורש כורכום טרי ארוז,פסטה לנסי,IL,שורש כורכום טרי ארוז,גרמים,120.00,100 גרם,false,,10.90,0.0908,true,1,37204
7290010650385,false,ליים ארוז 400 גרם,פסטה נונה,IL,ליים ארוז 400 גרם,גרמים,400.00,100 גרם,false,,10.90,0.0273,true,1,29547
7290010650576,false,פטריות שינוקי יחידה,"פנטה אמפאק בע""מ",IL,פטריות שיטאקי טרי,יח,1.00,יח,false,,9.90,9.9000,true,1,111369
7290010650590,false,ריזוטו פטריות מיובשו,,,ריזוטו פטריות מיובשות,גרמים,275.00,100 גרם,false,,10.90,0.0396,true,1,37210
7290010650668,false,גבעול למון גראס טרי,,,גבעול למון גראס טרי,גרמים,140.00,100 גרם,false,,9.90,0.0707,true,1,37212
7290010650767,false,אנדיב אדום 220 גרם,פמילי,IL,אנדיב/עולש,גרמים,220.00,100 גרם,false,,17.90,0.0814,true,1,111374
7290010650798,false,תבשיל בורגול ופטריות,,,תבשיל בורגול ופטריות,גרמים,140.00,100 גרם,false,,13.90,0.0993,true,1,111375
7290010650828,false,פטריות שי-מגי לבן,עינת תעשיות מזון אגו,IL,פטריות שי-מגי,גרמים,150.00,100 גרם,false,,11.90,0.0793,true,1,105834
7290010650996,false,פטריות שי-מגי חומות,עינת תעשיות מזון אגו,IL,פטריות שי-מגי,גרמים,150.00,100 גרם,false,,11.90,0.0793,true,1,118330
7290010656592,false,תירוש 100% טהור אפרת,,,תירוש 100% טהור אפרת,ליטרים,1.00,ליטר,false,,15.90,15.9000,true,1,47031
7290010656615,false,תירוש 1 ל לבן אפרת,,,תירוש 1 ל לבן אפרת,ליטרים,1.00,ליטר,false,,15.90,15.9000,true,1,47034
7290010711123,false,4 כריות מתכת Shiny,מ.א ייצור ושיווק מטל,CN,Shiny,יח',4.00,יח',false,,6.90,1.7250,true,1,34976
7290010711208,false,גליל מטליות צהוב 40,נועם אורים תעשיות בע,IL,Shiny,יח',40.00,יח',false,,16.90,0.4225,true,1,34977
7290010711932,false,9 מטליות רב שימושיות,נועם אורים תעשיות בע,IL,Shiny,יח',9.00,יח',false,,6.90,0.7667,true,1,34985
7290010718627,false,*מבצע* סבון נוזלי 1,סאסא קוסמטיקס,IL,פנינה רוזנבלום בע'מ,ליטרים,1.00,ליטר,false,,8.90,8.9000,true,1,52521
7290010718634,false,*מבצע* סבון נוזלי 1,סאסא קוסמטיקס,IL,פנינה רוזנבלום בע'מ,ליטרים,1.00,ליטר,false,,8.90,8.9000,true,1,52523
7290010719013,false,"שמן זית אחיה 750מ""ל",ארץ זית שמן מובחר -,IL,משק אחיה,מיליליטרים,750.00,"100 מ""ל",false,,38.90,0.0519,true,1,31045
7290010757893,false,"בורקס תפו""א ללא גלוט",מאפיית אריאל,IL,"בורקס תפו""א ללא גלוט",גרמים,500.00,100 גרם,false,,19.90,0.0398,true,1,120495
7290010757923,false,ריבועי בצק עלים ללא,מאפיית אריאל,IL,ריבועי בצק עלים ללא,גרמים,450.00,100 גרם,false,,17.90,0.0398,true,1,120499
7290010757930,false,מלאווח ללא גלוטן 500,מאפיית אריאל,IL,מלאווח ללא גלוטן 500,גרמים,500.00,100 גרם,false,,19.90,0.0398,true,1,120500
7290010757954,false,זיווה גבינה ללא גלוט,מאפיית אריאל,IL,זיווה גבינה ללא גלוט,גרמים,500.00,100 גרם,false,,19.90,0.0398,true,1,120501
7290010757961,false,ג'חנון ללא גלוטן 450,מאפיית אריאל,IL,ג'חנון ללא גלוטן 450,גרמים,450.00,100 גרם,false,,19.90,0.0442,true,1,120502
7290010766949,false,ממרח ארטישוק,אוליביה,IL,אוליביה,גרמים,180.00,100 גרם,false,,12.90,0.0717,true,1,37811
7290010777006,false,לחמניות כוסמין 6 יח',,,פיתות 10 יח,יח',6.00,יח',false,,14.90,2.4833,true,1,117442
7290010777082,false,פיתות עשיריה אופים,פיתה אקספרס,IL,פיתה אקספרס,יח',10.00,יח',false,,12.90,1.2900,true,1,37261
7290010777150,false,פיתות שאשא חיטה מלאה,פיתה אקספרס,IL,פיתה אקספרס,יח',6.00,יח',false,,13.90,2.3167,true,1,37265
7290010777242,false,פיתות 10 יח',,,פיתות 10 יח,יח',10.00,יח',false,,15.90,1.5900,true,1,37270
7290010777297,false,פיתות עשיריה אופים,פיתה אקספרס,IL,פיתה אקספרס,יח',10.00,יח',false,,12.90,1.2900,true,1,37274
7290010777358,false,פיתה 100% כוסמין מלא,פיתה אקספרס,IL,פיתה אקספרס,יח',8.00,יח',false,,15.90,1.9875,true,1,37278
7290010777488,false,פיתה מחמצת 100% קמח,,IL,שאשא,יח,10.00,יח,false,,15.90,1.5900,true,1,122125
7290010777525,false,פיתות 100% כוסמין מל,פיתה אקספרס,IL,פיתות 100% כוסמין מל,גרמים,300.00,100 גרם,false,,15.90,0.0530,true,1,121250
7290010814251,false,מאגדת שוקולד חלב 3X8,,,מאגדת שוקולד חלב 3X8,גרמים,255.00,100 גרם,false,,9.90,0.0388,true,1,45526
7290010814268,false,שלשות שוקולד לבן 85X,כרמית,,שוקולד לבן שלשות כרמית,גרמים,255.00,100 גרם,false,,9.90,0.0388,true,1,45529
7290010838219,false,ממתיק סטיביה 100 שקי,קיפל,IL,מרמולייט,יח',100.00,יח',false,,29.90,0.2990,true,1,40119
7290010838424,false,דאק נוזל רענון זוג 2,SC Jonson,NL,דאק,ליטרים,1.50,ליטר,false,,18.90,12.6000,true,1,40121
7290010849512,false,*מבצע* למברוסקו די ל,קאויקיולי,IT,די לואיג'י,מיליליטרים,750.00,"100 מ""ל",false,,24.90,0.0332,true,1,45346
7290010849529,false,*מבצע* למברוסקו די ל,קאויקיולי,IT,די לואיג'י,מיליליטרים,750.00,"100 מ""ל",false,,24.90,0.0332,true,1,45348
7290010883059,false,מברשת שיניים בוב ספו,סנו,IL,מברשת שיניים בוב ספו,יח',1.00,יח',false,,39.90,39.9000,true,1,42232
7290010883356,false,כפפות אלוורה,Z.H.RUBBER,CN,סנו סושי,יח',2.00,יח',false,,8.90,4.4500,true,1,42236
7290010883363,false,כפפות אלוורה,Z.H.RUBBER,CN,סנו סושי,יח',2.00,יח',false,,8.90,4.4500,true,1,42239
7290010883370,false,כפפות אלוורה,Z.H.RUBBER,CN,סנו סושי,יח',2.00,יח',false,,8.90,4.4500,true,1,42241
7290010922864,false,גולש בקר 800 גרם אשפ,בלדי,IL,גולש בקר 800 גרם אשפ,גרמים,800.00,100 גרם,false,,39.90,0.0499,true,1,120476
7290010931330,false,מטבוחה 500,שטראוס גרופ,IL,שטראוס,גרמים,500.00,100 גרם,false,,13.90,0.0278,true,1,53933
7290010945146,false,קוטג' 3% 250 גרם-נעם,טרה,IL,טרה,גרמים,250.00,100 גרם,false,,5.30,0.0212,true,1,53354
7290010945306,false,חלב בקרטון 3% 2 ליטר,טרה,IL,טרה,ליטרים,2.00,ליטר,false,,12.40,6.2000,true,1,53356
7290010945450,false,גבינה לבנה 250 גרם 3,טרה,IL,טרה,גרמים,250.00,100 גרם,false,,4.70,0.0188,true,1,53358
7290010945481,false,גבינה לבנה 500 גרם 5,טרה,IL,טרה,גרמים,500.00,100 גרם,false,,9.90,0.0198,true,1,53360
7290011015862,false,סירופ פריגת דיאט לימ,סירופ - גבעת חיים,IL,סירופ דיאט,מיליליטרים,750.00,"100 מ""ל",false,,21.90,0.0292,true,1,41652
7290011015985,false,סירופ דיאט אננס פריג,סירופ - גבעת חיים,IL,סירופ דיאט,מיליליטרים,750.00,"100 מ""ל",false,,21.90,0.0292,true,1,41653
7290011017866,false,פחית קוקה קולה 330 מ,קוקה קולה ישראל,IL,קוקה קולה,מיליליטרים,330.00,"100 מ""ל",false,,5.00,0.0152,true,1,41658
7290011017873,false,פחית קולה זירו 330 מ,קוקה קולה ישראל,IL,קוקה קולה ZERO,מיליליטרים,330.00,"100 מ""ל",false,,5.00,0.0152,true,1,41659
7290011017880,false,פחית ד.קולה 330 מל,קוקה קולה ישראל,IL,DIET COKE,מיליליטרים,330.00,"100 מ""ל",false,,5.00,0.0152,true,1,41660
7290011018184,false,פיוזטי אפרסק 500 מל,FUZE TEA,IL,FUZE TEA,מיליליטרים,500.00,"100 מ""ל",false,,6.00,0.0120,true,1,41662
7290011018368,false,בירה ויינשטפיין שישי,קרלסברג ישראל,DE,ויינשטפן,ליטרים,1.98,ליטר,false,,59.90,30.2525,true,1,41668
7290011018474,false,"סיידר סומרסבי 330 מ""","מב""י",IL,סומרסבי,מיליליטרים,330.00,"100 מ""ל",false,,8.90,0.0270,true,1,41671
7290011018924,false,פחיות קולה דיאט שישי,קוקה קולה ישראל,IL,DIET COKE,ליטרים,1.98,ליטר,false,,22.00,11.1111,true,1,41679
7290011026066,false,סרקל 1 ליטר 2ב-1,"ד""ר פישר",IL,סרקל,ליטרים,1.00,ליטר,false,,28.90,28.9000,true,1,48560
7290011045357,false,חטיף UP תמר פיסטוק 5,ניצני הדר,,חטיף UP תמר פיסטוק 5,גרמים,50.00,100 גרם,false,,6.90,0.1380,true,1,125125
7290011045388,false,חטיף UP תמר צימוק קי,ניצני הדר,,חטיף UP תמר צימוק קי,גרמים,50.00,100 גרם,false,,6.90,0.1380,true,1,125127
7290011045395,false,חטיף UP תמר צ'יה 50,ניצני הדר,,חטיף UP תמר צ'יה 50,גרמים,50.00,100 גרם,false,,6.90,0.1380,true,1,125128
7290011045623,false,ג'עלה 350 גרם בקופסא,ניצני הדר,,ג'עלה 350 גרם בקופסא,גרמים,350.00,100 גרם,false,,24.90,0.0711,true,1,125990
7290011064020,false,בולגרית בעיר 200ג,גבינות ניצן,IL,גבינות עמיר ניצן,גרמים,200.00,100 גרם,false,,13.90,0.0695,true,1,36066
7290011064075,false,לבנה אבו גוש 200 גרם,גבינות ניצן,IL,גבינות עמיר ניצן,גרמים,200.00,100 גרם,false,,13.90,0.0695,true,1,36069
7290011064099,false,מעדן פלפל עם גבינה,גבינות ניצן,IL,גבינות ניצן,גרמים,125.00,100 גרם,false,,19.90,0.1592,true,1,36072
7290011091057,false,פפריקה מתוקה 500 גרם,"תבליני פרג בע""מ",IL,תבליני פרג,גרמים,500.00,100 גרם,false,,32.90,0.0658,true,1,111871
7290011091125,false,תבלין לסטייק 120 גרם,תבליני הדור השלישי,IL,תבלין לסטייק 120 גרם,גרמים,120.00,100 גרם,false,,13.90,0.1158,true,1,106238
7290011091149,false,קייטג'ון 150 גרם,תבליני הדור השלישי,IL,קייטג'ון 150 גרם,גרמים,150.00,100 גרם,false,,13.90,0.0927,true,1,106246
7290011091200,false,בזיליקום 40 גרם,תבליני הדור השלישי,IL,בזיליקום 40 גרם,גרמים,40.00,100 גרם,false,,13.90,0.3475,true,1,106254
7290011091231,false,עלי דפנה 40 גרם,תבליני הדור השלישי,IL,עלי דפנה 40 גרם,גרמים,40.00,100 גרם,false,,13.90,0.3475,true,1,106258
7290011091262,false,אורגנו 40 גרם,תבליני הדור השלישי,IL,אורגנו 40 גרם,גרמים,40.00,100 גרם,false,,13.90,0.3475,true,1,106256
7290011091323,false,זעתר בלאדי 120 גרם,תבליני הדור השלישי,IL,זעתר בלאדי 120 גרם,גרמים,120.00,100 גרם,false,,13.90,0.1158,true,1,106247
7290011091347,false,תערובת גריל עוף 120,תבליני הדור השלישי,IL,תערובת גריל עוף 120,גרמים,120.00,100 גרם,false,,13.90,0.1158,true,1,106239
7290011091354,false,תבלין לשווארמה 120 ג,תבליני הדור השלישי,IL,תבלין לשווארמה 120 ג,גרמים,120.00,100 גרם,false,,13.90,0.1158,true,1,106240
7290011091361,false,תבלין לדגים 120 גרם,תבליני הדור השלישי,IL,תבלין לדגים 120 גרם,גרמים,120.00,100 גרם,false,,13.90,0.1158,true,1,106248
7290011091392,false,בהרט לקובה 100 גרם,תבליני הדור השלישי,IL,בהרט לקובה 100 גרם,גרמים,100.00,100 גרם,false,,13.90,0.1390,true,1,106244
7290011091415,false,חוויג לקפה 100 גרם,תבליני הדור השלישי,IL,חוויג לקפה 100 גרם,גרמים,100.00,100 גרם,false,,13.90,0.1390,true,1,106249
7290011091460,false,כורכום 150 גרם,תבליני הדור השלישי,IL,כורכום 150 גרם,גרמים,150.00,100 גרם,false,,13.90,0.0927,true,1,106220
7290011091477,false,מלח לימון 200 גרם,תבליני הדור השלישי,IL,מלח לימון 200 גרם,גרמים,200.00,100 גרם,false,,13.90,0.0695,true,1,106232
7290011091491,false,קינמון טחון 120 גרם,תבליני הדור השלישי,IL,קינמון טחון 120 גרם,גרמים,120.00,100 גרם,false,,13.90,0.1158,true,1,106226
7290011091507,false,פלפל שחור טחון 100 ג,תבליני הדור השלישי,IL,פלפל שחור טחון,גרמים,100.00,100 גרם,false,,13.90,0.1390,true,1,106236
7290011091514,false,פפריקה מתוקה בשמן 12,תבליני הדור השלישי,IL,פפריקה מתוקה 120 גרם,גרמים,120.00,100 גרם,false,,13.90,0.1158,true,1,106221
7290011091521,false,כמון טחון 120 גרם,תבליני הדור השלישי,IL,כמון טחון,גרמים,120.00,100 גרם,false,,13.90,0.1158,true,1,106224
7290011091606,false,פפריקה מתוקה 150 גרם,תבליני הדור השלישי,IL,פפריקה מתוקה 150 גרם,גרמים,150.00,100 גרם,false,,13.90,0.0927,true,1,106223
7290011091651,false,שום גבישי 150 גרם,תבליני הדור השלישי,IL,שום גבישי 150 גרם,גרמים,150.00,100 גרם,false,,13.90,0.0927,true,1,106233
7290011091958,false,צילי מקסיקני 80 גרם,תבליני הדור השלישי,IL,צילי מקסיקני 80 גרם,גרמים,80.00,100 גרם,false,,13.90,0.1738,true,1,106234
7290011115203,false,סבון נקה מוצק רביעיה,"גליל כימיכלים בע""מ",IL,נקה 7,גרמים,400.00,100 גרם,false,,10.90,0.0273,true,1,42258
7290011115241,false,סבון נקה מוצק רביעיה,"גליל כימיכלים בע""מ",IL,נקה 7,גרמים,400.00,100 גרם,false,,10.90,0.0273,true,1,42260
7290011115258,false,סבון נקה מוצק רביעיה,"גליל כימיכלים בע""מ",IL,נקה 7,גרמים,400.00,100 גרם,false,,10.90,0.0273,true,1,42262
7290011115265,false,סבון נקה מוצק רביעיה,"גליל כימיכלים בע""מ",IL,נקה 7,גרמים,400.00,100 גרם,false,,10.90,0.0273,true,1,42264
7290011115289,false,סבון נקה מוצק רביעיה,"גליל כימיכלים בע""מ",IL,נקה 7,גרמים,400.00,100 גרם,false,,10.90,0.0273,true,1,42269
7290011115296,false,סבון נקה מוצק רביעיה,,,סבון נקה מוצק רביעיה,גרמים,400.00,100 גרם,false,,10.90,0.0273,true,1,42271
7290011126209,false,*מבצע* תפוח קינמון ס,ויסוצקי,IL,ויסוצקי,גרמים,115.00,100 גרם,false,,16.90,0.1470,true,1,76106
7290011126452,false,*מבצע* קמומיל ונענע,ויסוצקי,IL,ויסוצקי,גרמים,37.50,100 גרם,false,,16.90,0.4507,true,1,76111
7290011126957,false,*מבצע* תה ירוק ארל ג,ויסוצקי,IL,ויסוצקי,גרמים,937.50,100 גרם,false,,17.90,0.0191,true,1,76116
7290011131371,false,מוזלי קראנצ'י תפוח ד,וויטליה,MK,גרין,קילוגרמים,1.00,"ק""ג",false,,24.90,24.9000,true,1,32733
7290011131395,false,מוזלי קראנצ'י 30% פי,וויטליה,MK,גרין,קילוגרמים,1.00,"ק""ג",false,,24.90,24.9000,true,1,32735
7290011131654,false,מוזלי קראנצ'י ביג מי,וויטליה,MK,גרין,קילוגרמים,1.00,"ק""ג",false,,24.90,24.9000,true,1,32737
7290011133375,false,*מבצע* שנדי שישייה א,טמפו,IL,שנדי,ליטרים,1.98,ליטר,false,,27.90,14.0909,true,1,46008
7290011142001,false,לחם שיפון בורודינסקי,,,לחם דואט 550 גרם,גרמים,550.00,100 גרם,false,,11.90,0.0216,true,1,67653
7290011142049,false,לחם קל לבריאות 630 ג,,,לחם קל לבריאות 630 גרם,גרמים,630.00,100 גרם,false,,11.90,0.0189,true,1,67662
7290011142193,false,לחמניות עם צימוקים ר,,,לחמניות עם צימוקים רביעיה,גרמים,400.00,100 גרם,false,,11.90,0.0298,true,1,67678
7290011142315,false,לחם פרנה רביעייה 550,,,לחם פרנה רביעייה 550 גרם,גרמים,550.00,100 גרם,false,,13.90,0.0253,true,1,67680
7290011142407,false,"לחם 7 דגנים 1 ק""ג",,,"לחם שבעה דגנים 1.100 ק""ג",קילוגרמים,1.10,"ק""ג",false,,15.90,14.4545,true,1,67682
7290011142445,false,לחם כוסמין בריוש 600,אלון חברה ליצור שיוו,IL,לחם כוסמין בריוש 600,גרמים,620.00,100 גרם,false,,14.90,0.0240,true,1,93232
7290011142650,false,לחם 100% שיפון 900 ג,,IL,לחם 100% שיפון 900 ג,גרמים,900.00,100 גרם,false,,15.90,0.0177,true,1,87837
7290011154035,false,תרכיז תפוחיים סחוט 5,טעמי הגליל,IL,תרכיז תפוחיים סחוט 5,מיליליטרים,500.00,"100 מ""ל",false,,21.90,0.0438,true,1,112878
7290011154080,false,תרכיז תפוחיים צלול 5,טעמי הגליל,IL,תרכיז תפוחיים צלול 5,מיליליטרים,500.00,"100 מ""ל",false,,21.90,0.0438,true,1,112879
7290011194215,false,דניאלה בננה,שטראוס גרופ,IL,שטראוס,מיליליטרים,150.00,"100 מ""ל",false,,3.90,0.0260,true,1,53935
7290011194246,false,קוטג'  5% 250 גרם,שטראוס גרופ,IL,שטראוס,גרמים,250.00,100 גרם,false,,5.80,0.0232,true,1,53937
7290011223038,false,עלים לקרמשניט 300 גר,Bonomi,IT,וונט וונט,גרמים,300.00,100 גרם,false,,14.90,0.0497,true,1,40134
7290011223045,false,בישקוטים 200 גרם,Bonomi,IT,דנש,גרמים,200.00,100 גרם,false,,5.90,0.0295,true,1,40136
7290011223205,false,"ריבת חלב כשל""פ (אשבל",DULCOR,AR,דלוקור,גרמים,454.00,100 גרם,false,,14.90,0.0328,true,1,40147
7290011223229,false,דאק ג'ל אסלה טיפות ט,DEOFLOR,IT,דאק,מיליליטרים,55.00,"100 מ""ל",false,,9.90,0.1800,true,1,40149
7290011223243,false,דאק ג'ל אסלה לבנדר 5,DEOFLOR,IT,דאק,מיליליטרים,55.00,"100 מ""ל",false,,9.90,0.1800,true,1,40151
7290011239251,false,חטיפי חלביצה 330 גרם,"בני ריאד מחרום בע""מ",IL,חטיפי חלביצה 330 גרם,גרמים,330.00,100 גרם,false,,14.90,0.0452,true,1,126363
7290011239275,false,חטיפי קוקוס 330 גרם,"בני ריאד מחרום בע""מ",IL,חטיפי קוקוס 330 גרם,גרמים,330.00,100 גרם,false,,14.90,0.0452,true,1,126365
7290011239282,false,חטיפי בוטנים 330 גרם,"בני ריאד מחרום בע""מ",IL,חטיפי בוטנים 330 גרם,גרמים,330.00,100 גרם,false,,14.90,0.0452,true,1,126366
7290011239299,false,חטיפי בוטנים 330 גרם,"בני ריאד מחרום בע""מ",IL,חטיפי בוטנים 330 גרם,גרמים,330.00,100 גרם,false,,14.90,0.0452,true,1,126367
7290011239305,false,חטיפי שומשום 330 גרם,"בני ריאד מחרום בע""מ",IL,חטיפי שומשום 330 גרם,גרמים,330.00,100 גרם,false,,14.90,0.0452,true,1,126368
7290011239329,false,חטיפי מרמלדה 330 גרם,"בני ריאד מחרום בע""מ",IL,חטיפי מרמלדה 330 גרם,גרמים,330.00,100 גרם,false,,14.90,0.0452,true,1,126370
7290011239336,false,חטיף חמניות 330 גרם,"בני ריאד מחרום בע""מ",IL,חטיף חמניות 330 גרם,גרמים,330.00,100 גרם,false,,14.90,0.0452,true,1,126371
7290011239404,false,בקלאווה 330 גרם בקופ,"בני ריאד מחרום בע""מ",IL,בקלאווה 330 גרם בקופ,גרמים,330.00,100 גרם,false,,14.90,0.0452,true,1,120887
7290011240318,false,"שאטו דה למר 750 מ""ל",יקבי ציון,IL,"שאטו דה למר 750 מ""ל",מיליליטרים,750.00,"100 מ""ל",false,,18.90,0.0252,true,1,121572
7290011240608,false,יין שאטו דה למר לבן,יקבי ציון,IL,יין שאטו דה למר לבן,מיליליטרים,750.00,"100 מ""ל",false,,18.90,0.0252,true,1,121686
7290011240837,false,שאטו דה למר מרלו 750,יקבי ציון,IL,שאטו דה למר מרלו 750,מיליליטרים,750.00,"100 מ""ל",false,,18.90,0.0252,true,1,121573
7290011240868,false,"מוסקט אדום 750 מ""ל צ",יקבי ציון,IL,"מוסקט אדום 750 מ""ל צ",מיליליטרים,750.00,"100 מ""ל",false,,29.90,0.0399,true,1,121574
7290011240875,false,"תירוש ענבים 187 מ""ל",יקבי ציון,IL,"תירוש ענבים 187 מ""ל",מיליליטרים,187.00,"100 מ""ל",false,,4.90,0.0262,true,1,121583
7290011249212,false,וופל בלגי עלמה 200 ג,"גילרו בע""מ",IL,וופל בלגי עלמה 200 ג,גרמים,200.00,100 גרם,false,,2.90,0.0145,true,1,39476
7290011249748,false,רולים במילוי 100 גרם,"גילרו בע""מ",IL,גילרו,גרמים,100.00,100 גרם,false,,2.90,0.0290,true,1,39489
7290011249755,false,רולים במילוי 100 גרם,"גילרו בע""מ",IL,גילרו,גרמים,100.00,100 גרם,false,,2.90,0.0290,true,1,39491
7290011254018,false,שעועית מש 500 גרם,"מיה תעשיות מזון בע""מ",IL,מיה,גרמים,500.00,100 גרם,false,,7.90,0.0158,true,1,48439
7290011254025,false,דוחן 500 גרם,"מיה תעשיות מזון בע""מ",IL,מיה,גרמים,500.00,100 גרם,false,,6.90,0.0138,true,1,48441
7290011254032,false,קינואה 500 גרם,"מיה תעשיות מזון בע""מ",IL,מיה,גרמים,500.00,100 גרם,false,,9.90,0.0198,true,1,48444
7290011254254,false,שוקולד ציפס 300 גרם,"מיה תעשיות מזון בע""מ",IL,מיה,גרמים,300.00,100 גרם,false,,6.90,0.0230,true,1,48452
7290011254346,false,קינואה 1 ק''ג,"מיה תעשיות מזון בע""מ",IL,מיה,קילוגרמים,1.00,"ק""ג",false,,15.90,15.9000,true,1,48454
7290011254612,false,תערובת קדירה לקט ברי,"מיה תעשיות מזון בע""מ",IL,מיה,גרמים,600.00,100 גרם,false,,9.90,0.0165,true,1,48458
7290011254766,false,שעועית לוביה 400 גרם,"מיה תעשיות מזון בע""מ",IL,מיה,גרמים,500.00,100 גרם,false,,7.90,0.0158,true,1,48469
7290011254773,false,שעועית ארגנטינאית 50,"מיה תעשיות מזון בע""מ",IL,מיה,גרמים,500.00,100 גרם,false,,7.90,0.0158,true,1,48471
7290011254780,false,שעועית ארגנטינאית 1,"מיה תעשיות מזון בע""מ",IL,מיה,קילוגרמים,1.00,"ק""ג",false,,14.90,14.9000,true,1,48473
7290011300982,false,"סבון נוזלי 500 מ""ל",סאסא קוסמטיקס,IL,פנינה רוזנבלום בע'מ,מיליליטרים,500.00,"100 מ""ל",false,,5.90,0.0118,true,1,52527
7290011369224,false,קומלפט למקלחת לידר,,,קומלפט למקלחת לידר,יח',1.00,יח',false,,59.90,59.9000,true,1,67441
7290011369347,false,מקטין מושב אסלה בלי,,,מקטין מושב אסלה בלי,יח',1.00,יח',false,,29.90,29.9000,true,1,67447
7290011369460,false,מזלף למקלחת ענן,,,מזלף למקלחת ענן,יח',1.00,יח',false,,19.90,19.9000,true,1,67449
7290011378028,false,חלבה ללא סוכר 350 גר,רושדי תעשיות מזון,IL,חלבה ללא סוכר 350 גר,גרמים,350.00,100 גרם,false,,13.90,0.0397,true,1,33713
7290011378233,false,"לל""ס מאגדת 6 יחידות",רושדי תעשיות מזון,IL,"לל""ס מאגדת 6 יחידות חטיף",יח',6.00,יח',false,,10.90,1.8167,true,1,33714
7290011378769,false,מאגדת חטיף חלבה- וני,רושדי תעשיות מזון,IL,מאגדת חטיף חלבה- וניל,גרמים,126.00,100 גרם,false,,10.90,0.0865,true,1,33717
7290011378776,false,מאגדת חטיף חלבה - פי,רושדי תעשיות מזון,IL,מאגדת חטיף חלבה - פיסטוק,גרמים,126.00,100 גרם,false,,10.90,0.0865,true,1,33718
7290011379018,false,מארז פטריות זוג,,IL,מארז פטריות זוג,יח',1.00,יח',false,,15.90,15.9000,true,1,36608
7290011417284,false,שום ישראלי יחידה,,,שום ישראלי יחידה,יח,1.00,יח,false,,4.90,4.9000,true,1,114545
7290011435226,false,*מבצע* דבש לחיץ 650,שטראוס גרופ,IL,יד מרדכי,גרמים,650.00,100 גרם,false,,29.90,0.0460,true,1,50778
7290011438142,false,"אייס קפה 350 מ""ל",שטראוס גרופ,IL,יטבתה,מיליליטרים,350.00,"100 מ""ל",false,,6.20,0.0177,true,1,53949
7290011447281,false,מטרנה חלבי שלב 2 חיס,מטרנה,IL,מטרנה,גרמים,700.00,100 גרם,false,,47.90,0.0684,true,1,33724
7290011447304,false,מטרנה חלבי שלב 3 חיס,מטרנה,IL,מטרנה,גרמים,700.00,100 גרם,false,,47.90,0.0684,true,1,33725
7290011447373,false,מטרנה מהדרין שלב 2 ח,מטרנה,IL,מטרנה,גרמים,700.00,100 גרם,false,,47.90,0.0684,true,1,33727
7290011447908,false,"סופר קט עוף 3 ק""ג",מעברות,IL,סופר קט,קילוגרמים,3.00,"ק""ג",false,,49.90,16.6333,true,1,106927
7290011498160,false,שמן קוקוס אורגני 100,אלמנדוס,IL,שמן קוקוס אורגני 100,ליטרים,1.00,ליטר,false,,44.90,44.9000,true,1,122735
7290011498221,false,סילאן תמרים טבעי 900,אלמנדוס,IL,סילאן תמרים טבעי 900,גרמים,900.00,100 גרם,false,,16.90,0.0188,true,1,122737
7290011498870,false,חטיפי תמר במילוי חמא,אלמנדוס,IL,חטיפי תמר במילוי חמא,גרמים,150.00,100 גרם,false,,17.90,0.1193,true,1,122739
7290011498894,false,חטיפי תמר במילוי חמא,אלמנדוס,IL,חטיפי תמר במילוי חמא,גרמים,150.00,100 גרם,false,,17.90,0.1193,true,1,122741
7290011498948,false,חטיפי תמר מצופה שוקו,אלמנדוס,IL,חטיפי תמר מצופה שוקו,גרמים,150.00,100 גרם,false,,17.90,0.1193,true,1,122742
7290011498955,false,חמאת בוטנים 300 גרם,אלמנדוס,IL,חמאת בוטנים 300 גרם,גרמים,300.00,100 גרם,false,,12.90,0.0430,true,1,122743
7290011498962,false,ממרח שקד לבן 300 גרם,אלמנדוס,IL,ממרח שקד לבן 300 גרם,גרמים,300.00,100 גרם,false,,34.90,0.1163,true,1,122734
7290011499051,false,פטה כבשים 250גר,גדישון,IL,מחלבות גד,גרמים,250.00,100 גרם,false,,24.90,0.0996,true,1,49036
7290011499105,false,בולגרית 5% 250 גרם,דשן,IL,מחלבות גד,גרמים,250.00,100 גרם,false,,21.90,0.0876,true,1,49038
7290011499112,false,בולגרית גד 16% 250גר,דשן,IL,מחלבות גד,גרמים,250.00,100 גרם,false,,21.90,0.0876,true,1,49040
7290011499129,false,בולגרית קוביות,דשן,IL,מחלבות גד,גרמים,200.00,100 גרם,false,,19.90,0.0995,true,1,49042
7290011499303,false,פטה עיזים מעודנת 5%,דשן,IL,מחלבות גד,גרמים,250.00,100 גרם,false,,29.90,0.1196,true,1,49051
7290011499327,false,בולגרית מעודנת חלב ב,דשן,IL,מחלבות גד,גרמים,250.00,100 גרם,false,,21.90,0.0876,true,1,49055
7290011499341,false,גבינת קאשקבל 200 גרם,מחלבות גד,IL,מחלבות גד,גרמים,200.00,100 גרם,false,,25.90,0.1295,true,1,49059
7290011499358,false,פטה עיזים 200 גרם,טבע עז,IL,מחלבות גד,גרמים,200.00,100 גרם,false,,24.90,0.1245,true,1,49061
7290011499365,false,גבינת חלומי 200 גרם,מחלבות גד,IL,מחלבות גד,גרמים,200.00,100 גרם,false,,19.90,0.0995,true,1,49063
7290011499419,false,גבינה במרקם שמנת 5%,מחלבות גד,IL,מחלבות גד,גרמים,200.00,100 גרם,false,,11.90,0.0595,true,1,49066
7290011499525,false,לבנה 9% 500 גרם,מחלבות גד,IL,מחלבות גד,גרמים,500.00,100 גרם,false,,19.90,0.0398,true,1,49070
7290011499624,false,גבינת שמנת ניו יורק,מחלבות גד,IL,מחלבות גד,גרמים,200.00,100 גרם,false,,12.90,0.0645,true,1,49072
7290011499846,false,ריקוטה פרסקה 9% 300,מחלבות גד,IL,מחלבות גד,גרמים,300.00,100 גרם,false,,16.90,0.0563,true,1,49082
7290011502850,false,גרנולה 500 גרם,"דין שיווק וקלייה בע""",IL,ששון הקולה,גרמים,500.00,100 גרם,false,,12.90,0.0258,true,1,32172
7290011502867,false,גרנולה 500 גרם,"דין שיווק וקלייה בע""",IL,ששון הקולה,גרמים,500.00,100 גרם,false,,12.90,0.0258,true,1,32173
7290011502874,false,גרנולה 500 גרם,"דין שיווק וקלייה בע""",IL,שקדיה,גרמים,500.00,100 גרם,false,,12.90,0.0258,true,1,32174
7290011514105,false,מסנן סיליקון,,,מסנן סיליקון,יח',1.00,יח',false,,14.90,14.9000,true,1,67454
7290011514273,false,מתקן לסקוטש ואקום,,,מתקן לסקוטש ואקום,יח',1.00,יח',false,,9.90,9.9000,true,1,67458
7290011514280,false,וואקום סקוטש פתוח,,,וואקום סקוטש פתוח,יח',1.00,יח',false,,6.90,6.9000,true,1,67460
7290011514440,false,קולב על דלת,,,קולב על דלת,יח',1.00,יח',false,,29.90,29.9000,true,1,67464
7290011514464,false,גומיות צבעוניות,,,גומיות צבעוניות,יח',1.00,יח',false,,7.90,7.9000,true,1,67465
7290011514594,false,מסננים לכיור-זוג,,,מסננים לכיור-זוג,יח',2.00,יח',false,,7.90,3.9500,true,1,67470
7290011514617,false,גומי לרכב,,,גומי לרכב,יח',2.00,יח',false,,9.90,4.9500,true,1,67471
7290011514709,false,זוג מתלים וואקום,,,זוג מתלים וואקום,יח',2.00,יח',false,,9.90,4.9500,true,1,67474
7290011514716,false,סט גילוף,,,סט גילוף,יח',1.00,יח',false,,11.90,11.9000,true,1,67475
7290011514761,false,סיכות בטחון,,,סיכות בטחון,יח',1.00,יח',false,,5.90,5.9000,true,1,67476
7290011514877,false,תחתית לכסא מלבד,,,תחתית לכסא מלבד,יח',1.00,יח',false,,10.90,10.9000,true,1,67477
7290011514990,false,מספריים מקצועיות,,,מספריים מקצועיות,יח',1.00,יח',false,,10.90,10.9000,true,1,67481
7290011515683,false,אקסטרים וניל 6 יח',גלידות נסטלה,IL,אקסטרים,יח',6.00,יח',false,,32.90,5.4833,true,1,50021
7290011515911,false,לייט ריבת חלב 6 יח’,גלידות נסטלה,IL,גלידות נסטלה,יח',6.00,יח',false,,28.90,4.8167,true,1,50023
7290011518561,false,אקטימל 14 תות,שטראוס גרופ,IL,שטראוס,ליטרים,1.40,ליטר,false,,29.90,21.3571,true,1,53964
7290011524555,false,שעועית לבנה 800ג,"פרי הגליל בע""""מ",IL,פרי הגליל,גרמים,800.00,100 גרם,false,,11.90,0.0149,true,1,71843
7290011525712,false,*מבצע* קמיל בלו סנסט,"ד""ר פישר",IL,קמיל בלו סנסיטיב,ליטרים,1.00,ליטר,false,,24.90,24.9000,true,1,48563
7290011530358,false,שייק איט FRIDAY כתום,ELH,IL,שייק איט FRIDAY כתום,גרמים,450.00,100 גרם,false,,29.90,0.0664,true,1,118189
7290011530525,false,שייק איט TUESDAY צהו,ELH,IL,שייק איט TUESDAY צהו,גרמים,450.00,100 גרם,false,,29.90,0.0664,true,1,114506
7290011530532,false,שייק איט MONDAY ירוק,ELH,IL,שייק איט MONDAY ירוק,גרמים,450.00,100 גרם,false,,29.90,0.0664,true,1,114500
7290011530549,false,שייק איט SUNDAY ורוד,ELH,IL,שייק איט SUNDAY ורוד,גרמים,450.00,100 גרם,false,,29.90,0.0664,true,1,114501
7290011530730,false,שייק איט THURSDAY חו,ELH,IL,שייק איט THURSDAY חו,גרמים,450.00,100 גרם,false,,29.90,0.0664,true,1,114502
7290011530822,false,אורז בסמטי קשמיר יוח,,,אורז בסמטי קשמיר יוח,קילוגרמים,1.00,"ק""ג",false,,9.90,9.9000,true,1,113139
7290011530945,false,קרפציו עגל 210 גר',בלדי,IL,בלדי,גרמים,210.00,100 גרם,false,,39.90,0.1900,true,1,111735
7290011570507,false,קמח נטול גלוטן כרגיל,אשבל -מזון פונקציונל,IL,אשבל,גרמים,450.00,100 גרם,false,,15.90,0.0353,true,1,59782
7290011570644,false,קמח כרגיל ללחם ללא ג,אשבל מזון פונקציונאל,IL,אשבל,גרמים,500.00,100 גרם,false,,15.90,0.0318,true,1,59784
7290011570781,false,קמח עוגה בטעם וניל כ,אשבל -מזון פונקציונל,IL,אשבל,גרמים,450.00,100 גרם,false,,15.90,0.0353,true,1,59786
7290011570798,false,קמח עוגה בטעם שוקולד,אשבל -מזון פונקציונל,IL,אשבל,גרמים,450.00,100 גרם,false,,15.90,0.0353,true,1,59788
7290011570934,false,קמח כרגיל לפנקייק 40,אשבל מזון פונקציונאל,IL,כרגיל,גרמים,400.00,100 גרם,false,,15.90,0.0398,true,1,110075
7290011587307,false,תחתיות ארטישוק,Egyptian spanish co,EG,תומר,גרמים,400.00,100 גרם,false,,9.90,0.0248,true,1,59796
7290011587468,false,מוזלי עם אגוזים,Vitalia nikola ltd,MK,תומר,גרמים,600.00,100 גרם,false,,12.90,0.0215,true,1,59801
7290011587697,false,ממרח עגבניות פסטו 36,Sunto gida sun ve ti,TR,תומר,גרמים,360.00,100 גרם,false,,11.90,0.0331,true,1,59811
7290011587758,false,נודלס דק 200 גרם,אופאל,CN,תומר,גרמים,200.00,100 גרם,false,,4.90,0.0245,true,1,59815
7290011587765,false,נודלס עבה 200 גרם,,,נודלס עבה 200 גרם,גרמים,200.00,100 גרם,false,,4.90,0.0245,true,1,59817
7290011593087,false,שמן זית כתית מעולה ס,שמן זית סבא חביב,IL,סבא חביב,מיליליטרים,750.00,"100 מ""ל",false,,29.90,0.0399,true,1,29605
7290011598211,false,*מבצע* אנטי קאלק 700,סנו,IL,אנטי קאלק,מיליליטרים,700.00,"100 מ""ל",false,,14.90,0.0213,true,1,42283
7290011598372,false,סושי מטלית מיקרופייב,N.S.,CN,סנו סושי,יח',1.00,יח',false,,10.90,10.9000,true,1,42285
7290011598457,false,נייר טואלט סופט 48 ג,סנו,IL,סנו סופט,מטרים,883.00,מטר,false,,42.90,0.0486,true,1,42290
7290011607180,false,קולון 101 1.250,זוהר דליה,IL,קולון,קילוגרמים,1.25,"ק""ג",false,,12.90,10.3200,true,1,38418
7290011615260,false,*מבצע* טורטיה 540 גר,מוטלוקאל גידה סאן טי,TR,וילי פוד,גרמים,540.00,100 גרם,false,,7.90,0.0146,true,1,44395
7290011622442,false,טבעונים טבעות דגנים,אשבול,IL,גולדן הארט,גרמים,45.00,100 גרם,false,,5.90,0.1311,true,1,37884
7290011622664,false,כתמטמינים טחינה חטיף,אשבול,IL,גולדן הארט,גרמים,45.00,100 גרם,false,,5.90,0.1311,true,1,37890
7290011622701,false,טבעונים טבעות דגנים,אשבול,IL,גולדן הארט,גרמים,45.00,100 גרם,false,,5.90,0.1311,true,1,109007
7290011622763,false,ביסקוויטמינים פלוס ו,גולדן הארט,IL,ביסקוויטמינים פלוס ו,גרמים,150.00,100 גרם,false,,15.90,0.1060,true,1,113222
7290011622824,false,חטיף דגנים במילוי קר,אשבול,IL,חטיף דגנים במילוי קר,גרמים,70.00,100 גרם,false,,15.90,0.2271,true,1,126637
7290011666255,false,סוללות AA אלקליין אנ,,,סוללות AA אלקליין אנ,יח',8.00,יח',false,,10.80,1.3500,true,1,123975
7290011668143,false,*מבצע* מסכה משקמת לש,א.ל ארמן,IL,פנינה רוזנבלום בע'מ,קילוגרמים,1.00,"ק""ג",false,,26.90,26.9000,true,1,52534
7290011668297,false,מסכה לשיער אובלפיחה,א.ל ארמן,IL,פנינה רוזנבלום בע'מ,מיליליטרים,400.00,"100 מ""ל",false,,27.90,0.0697,true,1,52540
7290011668402,false,*מבצע* שמפו לגבר 750,א.ל ארמן,IL,פנינה רוזנבלום בע'מ,מיליליטרים,750.00,"100 מ""ל",false,,8.90,0.0119,true,1,52544
7290011668440,false,*מבצע* מרכך לשיער צב,א.ל ארמן,IL,פנינה רוזנבלום בע'מ,מיליליטרים,750.00,"100 מ""ל",false,,8.90,0.0119,true,1,52552
7290011668464,false,*מבצע* מרכך לשיער גל,א.ל ארמן,IL,פנינה רוזנבלום בע'מ,מיליליטרים,750.00,"100 מ""ל",false,,8.90,0.0119,true,1,52556
7290011668570,false,גרנולה בריא מהטבע פי,אפקט טבעי,IL,פנינה רוזנבלום בע'מ,גרמים,500.00,100 גרם,false,,24.90,0.0498,true,1,52563
7290011668587,false,גרנולה בריא מהטבע בט,אפקט טבעי,IL,פנינה רוזנבלום בע'מ,גרמים,500.00,100 גרם,false,,24.90,0.0498,true,1,52565
7290011725402,false,חסה ערבית מהדרין - א,קוסטר - תורכיה,IL,חסה מהדרין,יח',1.00,יח',false,,5.90,5.9000,true,1,119457
7290011725419,false,פטרוזיליה מהדרין - א,קונספסיון/ פניסקור/,IL,פטרוזיליה מהדרין,יח',1.00,יח',false,,4.90,4.9000,true,1,119456
7290011725426,false,כוסברה מהדרין - ארוז,קונסרבאס פרדו,IL,כוסברה מהדרין,יח',1.00,יח',false,,4.90,4.9000,true,1,119458
7290011725433,false,נענע מהדרין - ארוז,קונסרווס אל.ג'י. זאס,IL,נענע מהדרין,יח',1.00,יח',false,,4.90,4.9000,true,1,119459
7290011725440,false,שמיר מהדרין - ארוז,קונסרבס,IL,שמיר מהדרין,יח',1.00,יח',false,,4.90,4.9000,true,1,119460
7290011725457,false,בצל ירוק מהדרין - אר,קלדש הולמן,IL,בצל ירוק מהדרין,יח',1.00,יח',false,,5.90,5.9000,true,1,119461
7290011725464,false,סלרי עלים מהדרין - א,,IL,סלרי עלים מהדרין,יח',1.00,יח',false,,5.90,5.9000,true,1,119462
7290011725488,false,"כרוב לבן מהדרין ק""ג",קוסמופול,IL,כרוב לבן מהדרין,קילוגרמים,1.00,"ק""ג",true,,11.90,11.9000,true,1,119464
7290011725525,false,לבבות חסה,קילט ניהול פרוייקטים,IL,רוזמרין מהדרין,יח',1.00,יח',false,,10.90,10.9000,true,1,119468
7290011743833,false,סנסודיין פרונאמל 75,גלקסוסמיתקליין,GB,סנסודיין,גרמים,75.00,100 גרם,false,,25.90,0.3453,true,1,43667
7290011765088,false,קרמה ג'ל גילוח,קוסמופארם,TR,קרמה מן,מיליליטרים,200.00,"100 מ""ל",false,,13.90,0.0695,true,1,42294
7290011765095,false,קרמה גל גילוח,קוסמופארם,TR,קרמה מן,מיליליטרים,200.00,"100 מ""ל",false,,13.90,0.0695,true,1,42296
7290011765408,false,שמפו+מרכך בוב ספוג,קוסמופארם,IL,כיף,מיליליטרים,750.00,"100 מ""ל",false,,9.90,0.0132,true,1,42321
7290011765422,false,אלסבון בוב ספוג 750,קוסמופארם,IL,כיף,מיליליטרים,750.00,"100 מ""ל",false,,9.90,0.0132,true,1,42325
7290011765446,false,משחת שיניים בוב ספוג,טרופיקל דגיל קוסמטיק,IL,אורביטול,גרמים,70.00,100 גרם,false,,7.90,0.1129,true,1,42327
7290011765613,false,מסיר עובש בניחוח לימ,סנו,IL,מסיר עובש בניחוח לימ,מיליליטרים,1000.00,"100 מ""ל",false,,15.90,0.0159,true,1,107767
7290011800840,false,צבר טחינה בלאדי רפי,צבר,IL,סלטי צבר,גרמים,400.00,100 גרם,false,,14.90,0.0373,true,1,33731
7290011860271,false,ביס בול טבעי 700 גרם,תפוגן,IL,תפוגן,גרמים,700.00,100 גרם,false,,15.90,0.0227,true,1,33733
7290011876388,false,*מבצע* קציצות עוף בק,תנובה גליל,IL,מאמא עוף,גרמים,600.00,100 גרם,false,,27.90,0.0465,true,1,69777
7290011877088,false,צמד רדיד אלומניום קצ,,,צמד רדיד אלומניום 30,מטרים,15.00,מטר,false,,14.90,0.9933,true,1,42332
7290011877095,false,צמד רדיד אלומיניום א,בורסה פזרי,TR,סנו סושי,מטרים,15.00,מטר,false,,19.90,1.3267,true,1,42334
7290011877156,false,סנופרש יבש,סנו,IL,סנופרש,מיליליטרים,375.00,"100 מ""ל",false,,9.90,0.0264,true,1,42338
7290011877859,false,סנו אינסטלטור 200 ג,סנו,IL,סנו אינסטלטור,גרמים,200.00,100 גרם,false,,13.90,0.0695,true,1,42349
7290011877866,false,"מקסימה מאסק 6 ק""ג",סנו,IL,מקסימה,קילוגרמים,6.00,"ק""ג",false,,44.90,7.4833,true,1,42351
7290011923273,false,טופו אורגני 300גרם ל,,IL,טופו אורגני 300גרם ל,גרמים,300.00,100 גרם,false,,11.90,0.0397,true,1,75139
7290011923303,false,טופו טבעי 300גרם ליב,,IL,טופו טבעי 300גרם ליב,גרמים,300.00,100 גרם,false,,9.90,0.0330,true,1,75142
7290011931162,false,סוכרלייט נוזלי,"סוכרזית בע""מ",IL,סוכרזית,גרמים,220.00,100 גרם,false,,22.90,0.1041,true,1,50794
7290011947309,false,זית סורי מבוקע עם לי,זיתא - י.ט.ב תעשיות,IL,זיתא,גרמים,220.00,100 גרם,false,,13.50,0.0614,true,1,76121
7290011947316,false,זיתי קלמטה  215 גרם,זיתא - י.ט.ב תעשיות,IL,זיתא,גרמים,215.00,100 גרם,false,,13.50,0.0628,true,1,76122
7290011947521,false,*מבצע* שמן זית כתית,זיתא - י.ט.ב תעשיות,IL,זיתא,מיליליטרים,750.00,"100 מ""ל",false,,27.90,0.0372,true,1,76132
7290011947743,false,מיקס זית ירוק וזית ק,זיתא - י.ט.ב תעשיות,IL,זיתא,גרמים,215.00,100 גרם,false,,13.50,0.0628,true,1,111741
7290011947781,false,מיקס זית ירוק וזית ק,זיתא - י.ט.ב תעשיות,IL,זיתא,גרמים,190.00,100 גרם,false,,13.90,0.0732,true,1,116431
7290011947798,false,זית קלמטה ללא גלעין,זיתא - י.ט.ב תעשיות,IL,זיתא,גרמים,190.00,100 גרם,false,,13.90,0.0732,true,1,116432
7290011947903,false,מיקס זיתים יווני 232,זיתא - י.ט.ב תעשיות,IL,זיתא,גרמים,232.00,100 גרם,false,,13.50,0.0582,true,1,117722
7290011964344,false,שום גבישי 120 גרם מי,"תבליני טעם וריח בע""מ",IL,"תבליני טעם וריח בע""מ",גרמים,120.00,100 גרם,false,,9.90,0.0825,true,1,80511
7290011964542,false,פפריקה מתוקה מיכל 40,"תבליני טעם וריח בע""מ",IL,"תבליני טעם וריח בע""מ",גרמים,400.00,100 גרם,false,,22.90,0.0572,true,1,80512
7290011964566,false,גריל עוף מיכל 400 גר,"תבליני טעם וריח בע""מ",IL,"תבליני טעם וריח בע""מ",גרמים,400.00,100 גרם,false,,22.90,0.0572,true,1,80514
7290011964627,false,פפריקה מתוקה בשמן מי,"תבליני טעם וריח בע""מ",IL,"תבליני טעם וריח בע""מ",גרמים,400.00,100 גרם,false,,22.90,0.0572,true,1,80518
7290011964658,false,מלח לימון 170 גרם מי,"תבליני טעם וריח בע""מ",IL,"תבליני טעם וריח בע""מ",גרמים,170.00,100 גרם,false,,9.90,0.0582,true,1,80519
7290011964702,false,תערובת תיבול לשווארמ,"תבליני טעם וריח בע""מ",IL,"תבליני טעם וריח בע""מ",גרמים,100.00,100 גרם,false,,9.90,0.0990,true,1,80522
7290011987015,false,פילה הרינג בואקום 20,אס.פי.פיש האוס,IL,אס.פי.פיש האוס,גרמים,200.00,100 גרם,false,,10.90,0.0545,true,1,60435
7290011987466,false,סלמון מעושן פרוס 200,אס.פי.פיש האוס,IL,אס.פי.פיש האוס,גרמים,200.00,100 גרם,false,,38.90,0.1945,true,1,60439
7290012001994,false,חרדל דיז'ון גרעינים,REINE DE DIJON S.A,FR,ריין דיז'ון,גרמים,350.00,100 גרם,false,,9.90,0.0283,true,1,65785
7290012022203,false,קליליות חיטה מלאה,דילייט 2005,IL,קליליות,גרמים,100.00,100 גרם,false,,13.90,0.1390,true,1,66676
7290012022227,false,קליליות חיטה,דילייט 2005,IL,קליליות,גרמים,60.00,100 גרם,false,,11.90,0.1983,true,1,66680
7290012022272,false,קליליות קידס,דילייט 2005,IL,קליליות,גרמים,30.00,100 גרם,false,,10.50,0.3500,true,1,66682
7290012025495,false,*מבצע* טחינה אסלי 1,"סלטי שמיר 2006 בע""מ",IL,אסלי,קילוגרמים,1.00,"ק""ג",false,,11.90,11.9000,true,1,120398
7290012046193,false,סקושט ברייט ספוג קרצ,M3,ES,סקוטש-ברייט,יח',9.00,יח',false,,14.90,1.6556,true,1,121800
7290012116025,false,"שמפו פיות 750 מ""ל",קוסמופארם,IL,כיף,מיליליטרים,750.00,"100 מ""ל",false,,10.90,0.0145,true,1,42361
7290012116032,false,מרכך פיות 750 מיל,קוסמופארם,IL,כיף,מיליליטרים,750.00,"100 מ""ל",false,,10.90,0.0145,true,1,42364
7290012116063,false,"אל סבון פיות 750 מ""ל",קוסמופארם,IL,כיף,מיליליטרים,750.00,"100 מ""ל",false,,10.90,0.0145,true,1,42366
7290012116070,false,"אלסבון פיות 750 מ""ל",קוסמופארם,IL,כיף,מיליליטרים,750.00,"100 מ""ל",false,,10.90,0.0145,true,1,42368
7290012116360,false,*מבצע* פוליווקס 2 לי,סנו,IL,פוליויקס,ליטרים,2.00,ליטר,false,,14.90,7.4500,true,1,42374
7290012116537,false,"מקסימה מאסק 2.5 ק""ג",סנו,IL,מקסימה,קילוגרמים,2.50,"ק""ג",false,,23.90,9.5600,true,1,42375
7290012116551,false,אנטי קלאק 4ב1 2 ל,סנו,IL,אנטי קאלק,ליטרים,2.00,ליטר,false,,19.90,9.9500,true,1,42376
7290012116612,false,רביעיית מברשת שיניים,z.h. plastic,CN,אורביטול,יח',4.00,יח',false,,10.90,2.7250,true,1,42380
7290012116704,false,דאודרנט גל קרמה מן,קוסמופארם,IL,קרמה מן,יח',1.00,יח',false,,13.90,13.9000,true,1,42390
7290012117091,false,"מקסימה סנסטיב 6 ק""ג",סנו,IL,מקסימה,קילוגרמים,6.00,"ק""ג",false,,44.90,7.4833,true,1,42401
7290012117275,false,סנוקליר שקית מילוי 7,סנו,IL,סנוקליר,מיליליטרים,750.00,"100 מ""ל",false,,5.90,0.0079,true,1,42405
7290012117350,false,*מבצע* ריצפז פרש 2 ל,סנו,IL,ריצפז,ליטרים,2.00,ליטר,false,,14.90,7.4500,true,1,42407
7290012117428,false,*מבצע* גל רחצה לגבר,קוסמופארם,IL,קרמה מן,מיליליטרים,700.00,"100 מ""ל",false,,14.90,0.0213,true,1,42414
7290012117534,false,מרכך מקסימה מרוכז 1,סנו,IL,מקסימה,ליטרים,1.00,ליטר,false,,17.90,17.9000,true,1,42418
7290012117541,false,מרכך מקסימה מרוכז 1,,,מרכך מקסימה מרוכז 1,ליטרים,1.00,ליטר,false,,17.90,17.9000,true,1,42419
7290012117558,false,מרכך מקסימה מרוכז 1,סנו,IL,מקסימה,ליטרים,1.00,ליטר,false,,17.90,17.9000,true,1,42420
7290012117626,false,מי פה בוב ספוג 250 מ,קוסמופארם,IL,אורביטול,מיליליטרים,250.00,"100 מ""ל",false,,9.90,0.0396,true,1,42424
7290012117732,false,מרכך מקסימה 4 ליטר,סנו,IL,מקסימה,ליטרים,4.00,ליטר,false,,21.90,5.4750,true,1,42427
7290012117916,false,סנו אינסטלטור נוזלי,סנו,IL,סנו אינסטלטור,ליטרים,1.00,ליטר,false,,26.90,26.9000,true,1,42430
7290012139598,false,"חול קיטי 10 ק""ג",,,"חול קיטי 10 ק""ג",קילוגרמים,10.00,"ק""ג",false,,49.90,4.9900,true,1,120536
7290012191985,false,גפרורים,S.M.P.L,IN,S.M.P.L,יח',10.00,יח',false,,2.50,0.2500,true,1,86335
7290012191992,false,גפרורים ארוכים,S.M.P.L,IN,S.M.P.L,יח',45.00,יח',false,,4.90,0.1089,true,1,86336
7290012193163,false,*מבצע* פמלי אל סבון,אינטרקוסמא,IL,פמלי,ליטרים,1.00,ליטר,false,,9.90,9.9000,true,1,40206
7290012226021,false,סלמי מעושן פראג 400,זוגלובק,IL,זוגלובק,גרמים,400.00,100 גרם,false,,14.90,0.0373,true,1,71399
7290012226120,false,קבנוס 135 גרם,זוגלובק,IL,זוגלובק,גרמים,135.00,100 גרם,false,,9.90,0.0733,true,1,71401
7290012226342,false,נקניקיה טבעונית עשיר,זוגלובק,IL,זוגלובק,גרמים,460.00,100 גרם,false,,24.90,0.0541,true,1,88391
7290012226922,false,קבנוס בטעם שום 135 ג,זוגלובק,IL,זוגלובק,גרמים,135.00,100 גרם,false,,9.90,0.0733,true,1,71405
7290012226939,false,קבנוס בטעם צילי 135,זוגלובק,IL,זוגלובק,גרמים,135.00,100 גרם,false,,9.90,0.0733,true,1,71407
7290012227172,false,פסטרמה כפרית+ חרמון,זוגלובק,IL,זוגלובק,גרמים,600.00,100 גרם,false,,25.90,0.0432,true,1,84391
7290012227325,false,סלמי מעושן דק דק 120,זוגלובק,IL,זוגלובק,גרמים,120.00,100 גרם,false,,12.90,0.1075,true,1,87744
7290012227615,false,נקניקיות עוף 800 גרם,זוגלובק,IL,זוגלובק,גרמים,800.00,100 גרם,false,,23.90,0.0299,true,1,88149
7290012227776,false,פסטרמה הודו מחפוד 40,זוגלובק,IL,זוגלובק,גרמים,400.00,100 גרם,false,,19.90,0.0497,true,1,88153
7290012227783,false,תה מעושן מחפוד 400 ג,זוגלובק,IL,זוגלובק,גרמים,400.00,100 גרם,false,,17.90,0.0447,true,1,88154
7290012227912,false,קבנוס מעודן 135 גרם,זוגלובק,IL,זוגלובק,גרמים,135.00,100 גרם,false,,9.90,0.0733,true,1,84402
7290012227974,false,פסטרמה בדבש 120 גרם,זוגלובק,IL,זוגלובק,גרמים,120.00,100 גרם,false,,12.90,0.1075,true,1,87745
7290012227981,false,פסטרמה ברביקיו 120 ג,זוגלובק,IL,זוגלובק,גרמים,120.00,100 גרם,false,,12.90,0.1075,true,1,87746
7290012227998,false,חזה בקר 120 גרם,זוגלובק,IL,זוגלובק,גרמים,120.00,100 גרם,false,,12.90,0.1075,true,1,87747
7290012228766,false,קבנוס מחפוד 120 גרם,זוגלובק,,קבנוס מחפוד 120 גרם,גרמים,120.00,100 גרם,false,,9.90,0.0825,true,1,116252
7290012245275,false,גולד צ'יפס בטטה קריס,קפוא זן,IL,גולד צ'יפס בטטה קריס,קילוגרמים,1.00,"ק""ג",false,,25.90,25.9000,true,1,127100
7290012245336,false,גולד סטייק צ'יפס - ש,,,גולד סטייק צ'יפס - ש,גרמים,1500.00,100 גרם,false,,18.90,0.0126,true,1,112149
7290012247729,false,כנפיים עוף קפוא,"נטו מלינדה סחר בע""מ",,כנפיים עוף קפוא,קילוגרמים,1.00,"ק""ג",true,,8.90,8.9000,true,1,121947
7290012247750,false,פרגית קצר קפוא ארוז,"נטו מלינדה סחר בע""מ",,פרגית קצר קפוא ארוז,קילוגרמים,1.00,"ק""ג",true,,64.90,64.9000,true,1,126472
7290012247859,false,כבד עוף קפוא,"נטו מלינדה סחר בע""מ",,כבד עוף קפוא,קילוגרמים,1.00,"ק""ג",true,,14.90,14.9000,true,1,126635
7290012309878,false,חלבה פיסטוק 500 גרם,אחדות,IL,ששון הקולה,גרמים,500.00,100 גרם,false,,14.90,0.0298,true,1,32178
7290012313141,false,מלפפון במלח פרוסות,קבוצת יבנה,IL,קבוצת יבנה,גרמים,320.00,100 גרם,false,,6.50,0.0203,true,1,72772
7290012313240,false,מיקס זית ירוק וקמלטה,קבוצת יבנה,,מיקס זית ירוק וקמלטה,גרמים,560.00,100 גרם,false,,11.50,0.0205,true,1,116328
7290012313400,false,זית סורי מבוקע  215,קבוצת יבנה,IL,זית סורי מבוקע  215,גרמים,215.00,100 גרם,false,,11.90,0.0553,true,1,123195
7290012313424,false,זית קלמטה שלם 215 גר,קבוצת יבנה,IL,זית קלמטה שלם 215 גר,גרמים,215.00,100 גרם,false,,11.90,0.0553,true,1,123194
7290012313431,false,זית מרוקאי יבש 215 ג,קבוצת יבנה,IL,זית מרוקאי יבש 215 ג,גרמים,215.00,100 גרם,false,,11.90,0.0553,true,1,123197
7290012313448,false,זית מעדנייה מתובל 21,קבוצת יבנה,IL,זית מעדנייה מתובל 21,גרמים,215.00,100 גרם,false,,11.90,0.0553,true,1,123198
7290012367717,false,*מבצע* קרם ידים אפקט,"ד""ר פישר",IL,אפקטיב קר,מיליליטרים,150.00,"100 מ""ל",false,,11.90,0.0793,true,1,48573
7290012413643,false,*מבצע* תה ירוק קמומי,ויסוצקי,IL,ויסוצקי,גרמים,937.50,100 גרם,false,,17.90,0.0191,true,1,76139
7290012470493,false,כובע רחצה 2 שכבות ענ,,,כובע רחצה 2 שכבות ענ,יח',1.00,יח',false,,13.90,13.9000,true,1,106388
7290012483608,false,אורז בסמטי מובחר 5 ק,lt foods,IN,DAAWAT,קילוגרמים,5.00,"ק""ג",false,,49.90,9.9800,true,1,44403
7290012522581,false,טבעול שניצל תירס ללא,טבעול ישראל,IL,טבעול,גרמים,664.00,100 גרם,false,,19.90,0.0300,true,1,33738
7290012561405,false,דורות בצל חצי מטוגן,דורות,IL,דורות,גרמים,180.00,100 גרם,false,,9.90,0.0550,true,1,33741
7290012576607,false,יין פרימייר אדום,ברקן סגל,IL,פרמייר,מיליליטרים,750.00,"100 מ""ל",false,,26.90,0.0359,true,1,46031
7290012576614,false,יין פרימייר לבן,ברקן סגל,IL,פרמייר,מיליליטרים,750.00,"100 מ""ל",false,,26.90,0.0359,true,1,46033
7290012642586,false,ערמונים 100 גרם,Tangshan huiyuan foo,CN,תומר,גרמים,100.00,100 גרם,false,,4.90,0.0490,true,1,59860
7290012645020,false,*מבצע* יוגורט עיזים,חלב הארץ,IL,חלב הארץ,גרמים,500.00,100 גרם,false,,9.90,0.0198,true,1,53970
7290012645068,false,*מבצע* ישראלה גבינה,חלב הארץ,IL,*מבצע* ישראלה גבינה,גרמים,180.00,100 גרם,false,,19.90,0.1106,true,1,117971
7290012645075,false,*מבצע* יוגורט כבשים,חלב הארץ,IL,חלב הארץ,גרמים,350.00,100 גרם,false,,9.90,0.0283,true,1,117972
7290012645174,false,*מבצע* גבינת עיזים 5,חלב הארץ,IL,*מבצע* גבינת עיזים 5,גרמים,200.00,100 גרם,false,,9.90,0.0495,true,1,121923
7290012645280,false,יוגורט כבשים טבעי 15,חלב הארץ,IL,חלב הארץ,גרמים,150.00,100 גרם,false,,4.90,0.0327,true,1,53983
7290012645297,false,יוגורט עיזים טבעי בג,חלב הארץ,IL,חלב הארץ,גרמים,150.00,100 גרם,false,,4.90,0.0327,true,1,53985
7290012645389,false,יוגורט עיזים טבעי 1,חלב הארץ,IL,חלב הארץ,ליטרים,1.00,ליטר,false,,21.90,21.9000,true,1,53991
7290012665059,false,קובה מרק 400 גרם,"חמים וטעים בע""מ",IL,"חמים וטעים בע""מ",גרמים,400.00,100 גרם,false,,12.90,0.0323,true,1,45212
7290012803055,false,ממתיק על בסיס סוכרלו,קיפל,IL,מרמולייט,גרמים,100.00,100 גרם,false,,19.90,0.1990,true,1,40221
7290012803215,false,וופל בלגי ללא סוכר ב,"גילרו בע""מ",IL,טוסו,גרמים,200.00,100 גרם,false,,9.90,0.0495,true,1,40230
7290012803222,false,וופל בלגי בטעם לימון,"גילרו בע""מ",IL,טוסו,גרמים,200.00,100 גרם,false,,9.90,0.0495,true,1,40232
7290012803314,false,סוכרלוז 300 טבליות,קיפל,IL,מרמולייט,גרמים,22.00,100 גרם,false,,39.90,1.8136,true,1,40234
7290012803321,false,ממתיק על בסיס סוכרלו,קיפל,IL,מרמולייט,גרמים,200.00,100 גרם,false,,39.90,0.1995,true,1,40236
7290012803352,false,רייד מקס,SC Jonson,NL,רייד,מיליליטרים,300.00,"100 מ""ל",false,,14.90,0.0497,true,1,40239
7290012803451,false,שוקולד מריר 62% 100,ALTINMARKA,TR,טוסו,גרמים,100.00,100 גרם,false,,8.90,0.0890,true,1,40242
7290012803765,false,שוקולד מריר 100 גרם,ALTINMARKA,TR,טוסו,גרמים,100.00,100 גרם,false,,8.90,0.0890,true,1,40251
7290012803772,false,שוקולד חלב 100 גרם,ALTINMARKA,TR,טוסו,גרמים,100.00,100 גרם,false,,8.90,0.0890,true,1,40253
7290012803789,false,שוקולד מריר אגוזים 1,ALTINMARKA,TR,טוסו,גרמים,100.00,100 גרם,false,,8.90,0.0890,true,1,40255
7290012823251,false,אל סבון כיף 1 ליטר,קוסמופארם,IL,כיף,ליטרים,1.00,ליטר,false,,11.90,11.9000,true,1,42434
7290012823381,false,מרכך מקסימה מרוכז 1,סנו,IL,מקסימה,ליטרים,1.00,ליטר,false,,17.90,17.9000,true,1,42436
7290012823565,false,מטליות ענק לחות לפרק,דינאמיק תעשיות,IL,פוליויקס,יח',10.00,יח',false,,14.90,1.4900,true,1,42440
7290012823589,false,*מבצע* ריצפז פרש 2 ל,סנו,IL,ריצפז,ליטרים,2.00,ליטר,false,,14.90,7.4500,true,1,42441
7290012823923,false,מרכך כביסה מרוכז סנו,סנו,IL,מקסימה,מיליליטרים,750.00,"100 מ""ל",false,,16.90,0.0225,true,1,42454
7290012823947,false,מרכך כביסה מרוכז סנו,סנו,IL,מקסימה,מיליליטרים,750.00,"100 מ""ל",false,,16.90,0.0225,true,1,42455
7290012864001,false,נבטי חמניה ארוז,קרונוס,IL,נבטי חמניה,1,1.00,1,false,,8.90,8.9000,true,1,30876
7290012864025,false,מיקס אלפלפא חמניה,קרלסברג יבוא יצוא,IL,נבטים אלפלפא,1,1.00,1,false,,5.90,5.9000,true,1,30877
7290012884986,false,ציפס לתנור עד 4% שומ,תפוגן,IL,תפוגן,קילוגרמים,1.50,"ק""ג",false,,24.90,16.6000,true,1,33742
7290012921025,false,בקבוק בירה מלכה בהיר,בירה מלכה,IL,מלכה,מיליליטרים,330.00,"100 מ""ל",false,,12.90,0.0391,true,1,45361
7290012921032,false,בקבוק בירה מלכה אדמו,בירה מלכה,IL,מלכה,מיליליטרים,330.00,"100 מ""ל",false,,12.90,0.0391,true,1,45363
7290012921063,false,בקבוק בירה מלכה הינד,בירה מלכה,IL,מלכה,מיליליטרים,330.00,"100 מ""ל",false,,12.90,0.0391,true,1,106498
7290012931611,false,3 כריות ברזל לקרצוף,מ.א ייצור ושיווק מטל,CN,Shiny,יח',3.00,יח',false,,5.90,1.9667,true,1,34993
7290012938405,false,רדיד אלומיניום רחב ו,ריינולדס,US,דיימונד,מטרים,7.60,מטר,false,,16.90,2.2237,true,1,43680
7290012938580,false,סנסודיין הלבנה עדינה,,,סנסודיין הלבנה עדינה,גרמים,75.00,100 גרם,false,,21.90,0.2920,true,1,43684
7290012938597,false,"סנסודיין רליף 75 מ""ל","סמית קליין ביצ'ם בע""",SK,סנסודיין,מיליליטרים,75.00,"100 מ""ל",false,,25.90,0.3453,true,1,43686
7290012938740,false,"סנסודיין מנטה 75 מ""ל",גלקסוסמיתקליין,GB,סנסודיין,מיליליטרים,75.00,"100 מ""ל",false,,21.90,0.2920,true,1,43690
7290012962165,false,כפפות משק בית איזי ט,B.H.R. & P.P,CN,איזי טאצ',יח',2.00,יח',false,,3.90,1.9500,true,1,34846
7290012962578,false,צימרוני אוזניים עץ ב,S.T.O Co Ltd,CN,כוטון סופט,יח',300.00,יח',false,,6.90,0.0230,true,1,34855
7290012962684,false,שקיות צליה ג'מבו 50X,B.P. Ltd,TR,הוסטס,יח',5.00,יח',false,,3.50,0.7000,true,1,34858
7290012975875,false,כוסות יהלום 75 יח 22,,,כוסות יהלום 75 יח 22,יח,75.00,יח,false,,9.90,0.1320,true,1,124689
7290012982927,false,פילה לברק 5-7 קפוא.,"יאנגגינג סיפורט בע""מ",CN,פילה לברק 5-7 קפוא.,קילוגרמים,1.00,"ק""ג",true,,44.90,44.9000,true,1,38166
7290013027399,false,לחם אנגל 100% קל,אנג'ל,IL,אנג'ל,גרמים,750.00,100 גרם,false,,12.90,0.0172,true,1,31444
7290013068361,false,*מבצע* שמן זית אליעד,אליעד,IL,שמן זית אליעד 750 מל,מיליליטרים,750.00,"100 מ""ל",false,,31.90,0.0425,true,1,62538
7290013068682,false,*מבצע* שמן זית אליעד,אליעד,IL,שמן זית אליעד 750 מל,מיליליטרים,750.00,"100 מ""ל",false,,31.90,0.0425,true,1,62543
7290013068699,false,*מבצע* שמן זית אליעד,אליעד,IL,אליעד בית בד בגולן,מיליליטרים,750.00,"100 מ""ל",false,,31.90,0.0425,true,1,62545
7290013068705,false,*מבצע* שמן זית אליעד,אליעד,IL,שמן זית אליעד 750 מל,מיליליטרים,750.00,"100 מ""ל",false,,31.90,0.0425,true,1,62547
7290013083678,false,מטרנה אקסטרה קר שלב,מטרנה,IL,מטרנה,גרמים,700.00,100 גרם,false,,58.90,0.0841,true,1,33745
7290013083685,false,מטרנה אקסטרה קר שלב,מטרנה,IL,מטרנה,גרמים,700.00,100 גרם,false,,58.90,0.0841,true,1,33746
7290013117212,false,בורקס פילו גבינה,מעדנות,IL,מעדנות,גרמים,600.00,100 גרם,false,,19.90,0.0332,true,1,83314
7290013117229,false,"בורקס פילו תפו""א",מעדנות,IL,מעדנות,גרמים,600.00,100 גרם,false,,19.90,0.0332,true,1,83315
7290013117243,false,בורקס פילו בולגרית,מעדנות,IL,מעדנות,גרמים,600.00,100 גרם,false,,19.90,0.0332,true,1,83317
7290013117410,false,*מבצע* בצק פריך מתוק,מעדנות,IL,מעדנות,גרמים,900.00,100 גרם,false,,19.90,0.0221,true,1,83318
7290013117427,false,*מבצע* בצק פריך מלוח,מעדנות,IL,מעדנות,גרמים,900.00,100 גרם,false,,19.90,0.0221,true,1,83319
7290013117526,false,*מבצע* בצק שמרים למא,מעדנות,IL,מעדנות,גרמים,900.00,100 גרם,false,,19.90,0.0221,true,1,83321
7290013121028,false,לחם לבן 500 גרם,אביב קונדיטוריה מעול,IL,גרין לייט,גרמים,500.00,100 גרם,false,,17.90,0.0358,true,1,31208
7290013121035,false,לחם פשתן 500 גרם,אביב קונדיטוריה מעול,IL,גרין לייט,גרמים,500.00,100 גרם,false,,18.90,0.0378,true,1,31209
7290013121103,false,רביעיית שליש באגט 40,אביב קונדיטוריה מעול,IL,גרין לייט,גרמים,400.00,100 גרם,false,,17.90,0.0447,true,1,31213
7290013121127,false,לחמיני'ס 420 גרם,אביב קונדיטוריה מעול,IL,גרין לייט,גרמים,420.00,100 גרם,false,,17.90,0.0426,true,1,31215
7290013121158,false,רביעיית לחמניות סנדו,אביב קונדיטוריה מעול,IL,גרין לייט,גרמים,460.00,100 גרם,false,,17.90,0.0389,true,1,31218
7290013121165,false,שישיית לחמניות נקניק,אביב קונדיטוריה מעול,IL,גרין לייט,גרמים,460.00,100 גרם,false,,17.90,0.0389,true,1,31219
7290013121776,false,לחם כפרי ללס 700 גרם,אביב קונדיטוריה מעול,IL,גרין לייט,גרמים,700.00,100 גרם,false,,18.90,0.0270,true,1,31241
7290013144171,false,*מבצע* תערובת עוגת ש,מימונס אפיה,IL,א.ל ייצור ושיווק תבלינים,גרמים,560.00,100 גרם,false,,12.90,0.0230,true,1,80043
7290013144232,false,פודינג וניל 80 גרם,מימונס אפיה,IL,א.ל ייצור ושיווק תבלינים,גרמים,80.00,100 גרם,false,,4.90,0.0613,true,1,80049
7290013144249,false,פודינג שוקולד 95ג,מימונס אפיה,IL,א.ל ייצור ושיווק תבלינים,גרמים,95.00,100 גרם,false,,4.90,0.0516,true,1,80050
7290013144317,false,גלילית וופל למילוי 1,מימונס אפיה,IL,הגביע,יח',18.00,יח',false,,21.90,1.2167,true,1,80054
7290013144393,false,תמצית וניל 50 גרם,מימונס אפיה,IL,א.ל ייצור ושיווק תבלינים,גרמים,50.00,100 גרם,false,,4.90,0.0980,true,1,80061
7290013144409,false,תמצית רום 50 גרם,מימונס אפיה,IL,א.ל ייצור ושיווק תבלינים,גרמים,50.00,100 גרם,false,,4.90,0.0980,true,1,80062
7290013144539,false,"צבע מאכל 50 מ""ל",מימונס אפיה,IL,א.ל ייצור ושיווק תבלינים,מיליליטרים,50.00,"100 מ""ל",false,,4.30,0.0860,true,1,80070
7290013144560,false,"צבע מאכל 50 מ""ל",מימונס אפיה,IL,א.ל ייצור ושיווק תבלינים,מיליליטרים,50.00,"100 מ""ל",false,,4.30,0.0860,true,1,80071
7290013144614,false,סירופ מייפל 100% 236,מימונס אפיה,CA,LES INDUSRIES,מיליליטרים,236.00,"100 מ""ל",false,,29.90,0.1267,true,1,80072
7290013144768,false,*מבצע* סירופ שוקולד,מימונס אפיה,IL,א.ל ייצור ושיווק תבלינים,גרמים,500.00,100 גרם,false,,10.90,0.0218,true,1,80074
7290013145017,false,אגוז מלך קלוף 100 גר,מימונס אפיה,IL,א.ל ייצור ושיווק תבלינים,גרמים,100.00,100 גרם,false,,12.90,0.1290,true,1,80079
7290013145024,false,אגוז מלך טחון 100 גר,מימונס אפיה,IL,א.ל ייצור ושיווק תבלינים,גרמים,100.00,100 גרם,false,,13.80,0.1380,true,1,80080
7290013145055,false,פרג שלם 100 גרם,מימונס אפיה,IL,א.ל ייצור ושיווק תבלינים,גרמים,100.00,100 גרם,false,,6.90,0.0690,true,1,80083
7290013145093,false,שקד מולבן גרוס 100ג,מימונס אפיה,IL,א.ל ייצור ושיווק תבלינים,גרמים,100.00,100 גרם,false,,12.90,0.1290,true,1,80086
7290013145109,false,שקד טבעי מולבן 100 ג,מימונס אפיה,IL,א.ל ייצור ושיווק תבלינים,גרמים,100.00,100 גרם,false,,12.90,0.1290,true,1,80087
7290013145116,false,שקד מולבן מקלות 100,מימונס אפיה,IL,א.ל ייצור ושיווק תבלינים,גרמים,100.00,100 גרם,false,,12.90,0.1290,true,1,80088
7290013145161,false,פקאן מסוכר 100 גרם,מימונס אפיה,IL,א.ל ייצור ושיווק תבלינים,גרמים,100.00,100 גרם,false,,15.90,0.1590,true,1,80093
7290013145178,false,קוקוס טחון לבן 100ג,מימונס אפיה,IL,א.ל ייצור ושיווק תבלינים,גרמים,100.00,100 גרם,false,,4.50,0.0450,true,1,80094
7290013145192,false,שומשום 100 גרם,מימונס אפיה,IL,א.ל ייצור ושיווק תבלינים,גרמים,100.00,100 גרם,false,,4.60,0.0460,true,1,80095
7290013145215,false,שומשום 400 גרם,מימונס אפיה,IL,א.ל ייצור ושיווק תבלינים,גרמים,400.00,100 גרם,false,,14.90,0.0373,true,1,80096
7290013145390,false,שוקולד ציפס 250 גרם,מימונס אפיה,IL,אינטרגטה,גרמים,250.00,100 גרם,false,,8.90,0.0356,true,1,80100
7290013145437,false,שוקולד ציפס מריר 250,מימונס אפיה,IL,אינטרגטה,גרמים,250.00,100 גרם,false,,13.90,0.0556,true,1,80103
7290013145444,false,שוקולד צ'יפס 66%,מימונס אפיה,IL,אינטרגטה,גרמים,250.00,100 גרם,false,,15.90,0.0636,true,1,80104
7290013145529,false,סוכריות צבעוניות לקי,מימונס אפיה,IL,א.ל ייצור ושיווק תבלינים,גרמים,90.00,100 גרם,false,,5.90,0.0656,true,1,80107
7290013145567,false,מיני עדשים 90 גרם,מימונס אפיה,IL,א.ל ייצור ושיווק תבלינים,גרמים,90.00,100 גרם,false,,10.90,0.1211,true,1,80109
7290013145574,false,ערכת קישוט לעוגות 10,מימונס אפיה,IL,א.ל ייצור ושיווק תבלינים,גרמים,100.00,100 גרם,false,,12.50,0.1250,true,1,80110
7290013145628,false,סוכריות צבעוניות לקי,א.ל ייצור ושיווק תבל,IL,א.ל ייצור ושיווק תבלינים,גרמים,200.00,100 גרם,false,,8.90,0.0445,true,1,80112
7290013145710,false,דובדבנים מסוכרים 100,מימונס אפיה,IL,א.ל ייצור ושיווק תבלינים,גרמים,100.00,100 גרם,false,,9.90,0.0990,true,1,80118
7290013145826,false,פודינג וניל,מימונס אפיה,IL,א.ל ייצור ושיווק תבלינים,גרמים,80.00,100 גרם,false,,4.90,0.0613,true,1,80125
7290013145840,false,סוכר וניל 10יח,מימונס אפיה,IL,י. כהן,גרמים,100.00,100 גרם,false,,2.20,0.0220,true,1,80127
7290013145857,false,אבקת אפיה 10יח,מימונס אפיה,IL,י. כהן,גרמים,100.00,100 גרם,false,,2.20,0.0220,true,1,80128
7290013145864,false,גלטין טהור 28 גרם,מימונס אפיה,IL,א.ל ייצור ושיווק תבלינים,גרמים,28.00,100 גרם,false,,11.90,0.4250,true,1,80129
7290013145871,false,שמרים יבשים סטיק 5יח,מימונס אפיה,IL,א.ל ייצור ושיווק תבלינים,גרמים,55.00,100 גרם,false,,9.90,0.1800,true,1,80130
7290013145918,false,אבקת סוכר 100 גרם,מימונס אפיה,IL,א.ל ייצור ושיווק תבלינים,גרמים,100.00,100 גרם,false,,1.90,0.0190,true,1,80132
7290013145956,false,שמרים יבשים 500 גרם,מימונס אפיה,CN,ANGEL YEAST,גרמים,500.00,100 גרם,false,,13.90,0.0278,true,1,80136
7290013145970,false,קורנפלור 200 גרם,מימונס אפיה,IL,א.ל ייצור ושיווק תבלינים,גרמים,200.00,100 גרם,false,,3.90,0.0195,true,1,63853
7290013146199,false,*מבצע* קרם נוגט 350ג,מימונס אפיה,IL,אינטרגטה,גרמים,350.00,100 גרם,false,,13.90,0.0397,true,1,63870
7290013146274,false,מארז 8 יח תחתיות מרנ,מימונס אפיה,IL,מימוס,גרמים,100.00,100 גרם,false,,19.90,0.1990,true,1,111674
7290013146670,false,*מבצע* סוכריות לב לק,מימונס אפיה,,מימונס,גרמים,60.00,100 גרם,false,,9.90,0.1650,true,1,112546
7290013153593,false,פריגת 100% תפוזים מת,"גת,גבעת חיים",IL,פריגת,ליטרים,1.00,ליטר,false,,11.90,11.9000,true,1,89419
7290013267665,false,סולרו מיני קלאסי - פ,גלידות שטראוס,IL,סולרו,גרמים,354.00,100 גרם,false,,23.90,0.0675,true,1,38755
7290013268020,false,מרכך מקסימה מרוכז 1,סנו,IL,מקסימה,ליטרים,1.00,ליטר,false,,17.90,17.9000,true,1,42456
7290013268037,false,מרכך מקסימה מרוכז 1,סנו,IL,מקסימה,ליטרים,1.00,ליטר,false,,17.90,17.9000,true,1,42457
7290013268242,false,*מבצע* ריצפז פרש הום,סנו,IL,ריצפז,ליטרים,2.00,ליטר,false,,19.90,9.9500,true,1,111713
7290013268372,false,פוליווקס פרקט 2 ליטר,סנו,IL,פוליויקס,ליטרים,2.00,ליטר,false,,19.90,9.9500,true,1,113445
7290013268839,false,פוליווקס פרקט 2 ליטר,סנו,IL,פוליויקס,ליטרים,2.00,ליטר,false,,19.90,9.9500,true,1,89725
7290013268884,false,*מבצע* ריצפז פרש 2 ל,סנו,IL,ריצפז,ליטרים,2.00,ליטר,false,,14.90,7.4500,true,1,42514
7290013268891,false,אוקסיג'ן ג'ל 3 ליטר,סנו,IL,אוקסיג'ן,ליטרים,3.00,ליטר,false,,28.90,9.6333,true,1,42516
7290013268907,false,מקסימה גל 3 ליטר,סנו,IL,מקסימה,ליטרים,3.00,ליטר,false,,28.90,9.6333,true,1,42518
7290013268983,false,מרכך מקסימה מרוכז בב,סנו,IL,מקסימה,ליטרים,1.00,ליטר,false,,17.90,17.9000,true,1,118511
7290013268990,false,מרכך מקסימה מרוכז 1,סנו,IL,מקסימה,ליטרים,1.00,ליטר,false,,17.90,17.9000,true,1,42522
7290013269003,false,מרכך מקסימה בייבי מר,סנו,IL,מקסימה,ליטרים,1.00,ליטר,false,,17.90,17.9000,true,1,42524
7290013269157,false,*מבצע* מקסימה למייבש,,,מקסימה למייבש,מיליליטרים,750.00,"100 מ""ל",false,,14.90,0.0199,true,1,42529
7290013269263,false,מקסימה גל 3 ליטר,סנו,IL,מקסימה,ליטרים,3.00,ליטר,false,,28.90,9.6333,true,1,42533
7290013269621,false,*מבצע* ריצפז פרש הום,סנו,IL,ריצפז,ליטרים,2.00,ליטר,false,,19.90,9.9500,true,1,105880
7290013269638,false,ספוג הפלא סנו סושי,U.F.O.,US,סנו סושי,יח',6.00,יח',false,,9.90,1.6500,true,1,42542
7290013269645,false,*מבצע* מטליות סנו רי,דגיל,IL,ריצפז,יח',10.00,יח',false,,9.90,0.9900,true,1,42544
7290013269652,false,*מבצע* פוליווקס 2 לי,סנו,IL,פוליויקס,ליטרים,2.00,ליטר,false,,14.90,7.4500,true,1,42546
7290013269669,false,ריצפז פנטזיה 3 ליטר,סנו,IL,ריצפז,ליטרים,3.00,ליטר,false,,12.90,4.3000,true,1,42548
7290013269751,false,*מבצע* מטליות סנו רי,דגיל,IL,ריצפז,יח',10.00,יח',false,,9.90,0.9900,true,1,105881
7290013269850,false,נייר אפיה אקולוגי 50,טופלסט,IL,סנו סושי,יח',50.00,יח',false,,14.90,0.2980,true,1,42554
7290013269867,false,זוג מפות סנו,ווינפאק,IL,סנו סושי,יח',2.00,יח',false,,9.90,4.9500,true,1,42556
7290013269911,false,K333,סנו,IL,סנו,מיליליטרים,750.00,"100 מ""ל",false,,29.90,0.0399,true,1,42559
7290013276124,false,בקבוק בירה נגב אמבר,בירה מלכה,IL,מלכה,מיליליטרים,330.00,"100 מ""ל",false,,12.90,0.0391,true,1,45372
7290013284310,false,רוטב פסטה 240 ג פרי,פריניר,IL,פריניר,גרמים,240.00,100 גרם,false,,4.90,0.0204,true,1,50802
7290013284662,false,רוטב פיצה 240 ג פרי,פריניר,IL,פריניר,גרמים,240.00,100 גרם,false,,4.90,0.0204,true,1,50803
7290013310064,false,חוט דנטאלי רפואי עם,W.H.J.C. Co,CN,הוסטס,מטרים,50.00,מטר,false,,7.90,0.1580,true,1,34879
7290013310118,false,ממחטות כיס שישיה תלת,F. Srl,IT,פנטזיה,יח',6.00,יח',false,,3.90,0.6500,true,1,34880
7290013310163,false,מדליק פחם מוצק 40 יח,,DE,איזי לייט,יח',40.00,יח',false,,5.90,0.1475,true,1,34882
7290013310378,false,כפפות ניטריל 80 יח מ,G.G. Co Ltd,TH,איזי טאצ',יח',80.00,יח',false,,24.90,0.3112,true,1,34893
7290013310385,false,כפפות ניטריל 80 יח מ,G.G. Co Ltd,TH,איזי טאצ',יח',80.00,יח',false,,24.90,0.3112,true,1,34894
7290013310392,false,כפפות ניטריל 80 יח מ,G.G. Co Ltd,TH,איזי טאצ',יח',80.00,יח',false,,24.90,0.3112,true,1,34895
7290013310408,false,כפפות ניטריל 80 יח מ,G.G. Co Ltd,TH,איזי טאצ',יח',80.00,יח',false,,24.90,0.3112,true,1,34896
7290013358356,false,מאסטר שף פירורי לחם,EinatFood,IL,מנה,גרמים,320.00,100 גרם,false,,6.90,0.0216,true,1,60909
7290013358363,false,מאסטר שף  פירורי לחם,Mana,IL,מנה,גרמים,300.00,100 גרם,false,,9.90,0.0330,true,1,60911
7290013358417,false,מאסטר שף אסייאתי רוט,קי.אר.אס. ספייסי פוד,TH,מנה מאסטר שף,מיליליטרים,300.00,"100 מ""ל",false,,11.90,0.0397,true,1,60920
7290013358431,false,מאסטר שף קרוטונים לס,עינת תעשיות מזון אגו,IL,קרוטונים לסלט 200ג,גרמים,200.00,100 גרם,false,,11.90,0.0595,true,1,60924
7290013358448,false,מאסטר שף קרוטונים לס,עינת תעשיות מזון אגו,IL,קרוטונים לסלט 200ג,גרמים,200.00,100 גרם,false,,11.90,0.0595,true,1,60926
7290013358486,false,מאסטר שף פירורים  מו,Mana,IL,מנה,גרמים,300.00,100 גרם,false,,4.90,0.0163,true,1,60930
7290013358509,false,מיקסלט 200 גרם מאסטר,Effectiveat,IL,מנה,גרמים,200.00,100 גרם,false,,14.90,0.0745,true,1,60934
7290013358530,false,מאסטר שף אסייאתי רוט,קי.אר.אס. ספייסי פוד,TH,מנה מאסטר שף,מיליליטרים,700.00,"100 מ""ל",false,,12.90,0.0184,true,1,60940
7290013358578,false,מאסטר שף  אטריות אור,ליינג טונג רייס פלוו,TH,מנה מאסטר שף,גרמים,400.00,100 גרם,false,,7.90,0.0198,true,1,60944
7290013358585,false,מאסטר שף  נודלס ביצי,לינהאנג אינדסטריאל,CH,נודלס ביצים להקפצה מנה,גרמים,400.00,100 גרם,false,,7.90,0.0198,true,1,60946
7290013361981,false,"ציפס קיטרינג 2 ק""ג","פרי הגליל בע""""מ",IL,פרי הגליל,קילוגרמים,2.00,"ק""ג",false,,22.90,11.4500,true,1,71853
7290013361998,false,"סטייק ציפס 2 ק""ג","פרי הגליל בע""""מ",IL,פרי הגליל,קילוגרמים,2.00,"ק""ג",false,,22.90,11.4500,true,1,71854
7290013366085,false,תירס סופר סוויט ארוז,,,תירס סופר סוויט ארוז,יח',1.00,יח',false,,21.90,21.9000,true,1,89581
7290013366221,false,נבטי חמניה,שחף שיווק,IL,נבטי חמניה,יח',1.00,יח',false,,8.90,8.9000,true,1,30860
7290013366252,false,נבטוטים,שיפקה,IL,נבטי בזיל,יח',1.00,יח',false,,8.90,8.9000,true,1,111037
7290013366634,false,חסה סלנובה,שמיניית מעדן חלב שוק,IL,ראשי סלנובה,יח',1.00,יח',false,,11.90,11.9000,true,1,30866
7290013366641,false,עלי רוקולה,שמן שאן,IL,עלי רוקולה,יח',1.00,יח',false,,11.90,11.9000,true,1,30867
7290013366665,false,חסה גמביט קראנצ'ית ב,,,חסה גמביט קראנצ'ית ב,יח',1.00,יח',false,,13.90,13.9000,true,1,126861
7290013366719,false,באק צ'וי,,,באק צ'וי,יח',1.00,יח',false,,13.90,13.9000,true,1,30871
7290013389114,false,"ניוקי תפו""א",,,"ניוקי תפו""א",גרמים,500.00,100 גרם,false,,5.90,0.0118,true,1,59875
7290013389145,false,מיני ניוקי 500 גרם,,,מיני ניוקי 500 גרם,גרמים,500.00,100 גרם,false,,5.90,0.0118,true,1,59881
7290013389381,false,"קמח תירס פולנטה 1 ק""",מולינו פילה,IT,"קמח תירס פולנטה 1 ק""",קילוגרמים,1.00,"ק""ג",false,,9.90,9.9000,true,1,123255
7290013412409,false,טופ פד סופגנית מקסי,DPL,IL,די פי אל,יח,15.00,יח,false,,8.90,0.5933,true,1,114718
7290013412966,false,מגבוני תולי רביעיה ב,DPL,IL,תולי,יח',288.00,יח',false,,9.90,0.0344,true,1,75243
7290013424914,false,אפרסק פלחים 500 גרם,בינזו לונגשינטיאנרן,CN,אפרסק פלחים 500 גרם,גרמים,500.00,100 גרם,false,,11.90,0.0238,true,1,124831
7290013430090,false,בירה אלכסנדר אמברה 3,אלכסנדר,IL,אלכסנדר,מיליליטרים,330.00,"100 מ""ל",false,,12.90,0.0391,true,1,48816
7290013430304,false,בירה אלכסנדר גרין 33,אלכסנדר,IL,אלכסנדר,מיליליטרים,330.00,"100 מ""ל",false,,12.90,0.0391,true,1,117601
7290013433084,false,גרנולה פירות 46% 300,אפקט טבעי,IL,שקוף זה טבעי,גרמים,300.00,100 גרם,false,,19.90,0.0663,true,1,73867
7290013440648,false,אבטיח 5 יח׳,גלידות נסטלה,IL,גלידות נסטלה,גרמים,540.00,100 גרם,false,,25.90,0.0480,true,1,50037
7290013472199,false,ערמונים קלופים וקלוי,הבי ליקואן,CN,וילי פוד,גרמים,100.00,100 גרם,false,,4.90,0.0490,true,1,44408
7290013472205,false,פטריות חתוכות מהדרין,אוקוצמפ,PL,וילי פוד,גרמים,400.00,100 גרם,false,,4.90,0.0123,true,1,44410
7290013472908,false,בולגריה קוביות 400ג,קוליוס,GR,וילי פוד,גרמים,400.00,100 גרם,false,,19.90,0.0497,true,1,44429
7290013492005,false,"תפו""א למיקרו",שרווין ווליאמס,IL,"תפו""א אדום/לבן למיקרו",יח',1.00,יח',false,,6.90,6.9000,true,1,29578
7290013525253,false,טחינה מיוחדת,"סלטי שמיר 2006 בע""מ",IL,סלטי שמיר,גרמים,160.00,100 גרם,false,,5.90,0.0369,true,1,56272
7290013525260,false,חציל במיונז,"סלטי שמיר 2006 בע""מ",IL,סלטי שמיר,גרמים,160.00,100 גרם,false,,5.90,0.0369,true,1,56273
7290013525710,false,חומוס עם טחינה,"סלטי שמיר 2006 בע""מ",IL,סלטי שמיר,גרמים,160.00,100 גרם,false,,5.90,0.0369,true,1,56276
7290013525789,false,עריסה 150 גרם,"סלטי שמיר 2006 בע""מ",IL,סלטי שמיר,גרמים,150.00,100 גרם,false,,9.90,0.0660,true,1,56279
7290013525796,false,סחוג תימני 150גרם,"סלטי שמיר 2006 בע""מ",IL,סלטי שמיר,גרמים,150.00,100 גרם,false,,9.90,0.0660,true,1,56280
7290013525802,false,סחוג אדום 150 גרם,"סלטי שמיר 2006 בע""מ",IL,סלטי שמיר,גרמים,150.00,100 גרם,false,,9.90,0.0660,true,1,56281
7290013525819,false,שום כתוש 150 גרם,"סלטי שמיר 2006 בע""מ",IL,סלטי שמיר,גרמים,150.00,100 גרם,false,,9.90,0.0660,true,1,56282
7290013531117,false,רוטב  פסטה לילדים יכ,זנלכל,IL,רוטב פסטה בולונז 260 גרם,גרמים,240.00,100 גרם,false,,5.50,0.0229,true,1,106108
7290013531490,false,פול מתובל יכין 550 ג,זנלכל,IL,פול מתובל יכין 550 ג,גרמים,550.00,100 גרם,false,,9.90,0.0180,true,1,106097
7290013531612,false,רוטב  נפוליטנה יכין,זנלכל,IL,רוטב פסטה 260 גרם,גרמים,240.00,100 גרם,false,,5.50,0.0229,true,1,106109
7290013531759,false,*מבצע* שעועית במים י,זנלכל,IL,שעועית אפויה יכין 580 גרם,גרמים,550.00,100 גרם,false,,8.90,0.0162,true,1,106128
7290013540874,false,פילטונה בשמן קנולה 4,תעשיות פילטונה,IL,פילטונה בשמן 414 גרם,גרמים,414.00,100 גרם,false,,13.90,0.0336,true,1,107321
7290013558800,false,עלי תרד 250 גרם,ששון ציון,IL,עלי תרד 500 גרם,גרמים,250.00,100 גרם,false,,12.90,0.0516,true,1,67692
7290013558824,false,שורש בזיל\רוזמרין\רו,תאי,IL,בזיליקום,גרמים,100.00,100 גרם,false,,7.50,0.0750,true,1,67693
7290013558855,false,לבבות חסה,רימון,IL,עלי רומית,יח',1.00,יח',false,,10.90,10.9000,true,1,67694
7290013580009,false,המבורגר זהב 400 גרם,בלדי,IL,בלדי,גרמים,400.00,100 גרם,false,,15.90,0.0398,true,1,109330
7290013585233,false,פחית ספרייט זירו 330,קוקה קולה ישראל,IL,ספרייט,מיליליטרים,330.00,"100 מ""ל",false,,5.00,0.0152,true,1,41687
7290013585387,false,קוקה קולה זירו 1 ליט,קוקה קולה ישראל,IL,קוקה קולה,ליטרים,1.00,ליטר,false,,6.50,6.5000,true,1,41698
7290013585394,false,קוקה קולה 1 ליטר,קוקה קולה ישראל,IL,קוקה קולה,ליטרים,1.00,ליטר,false,,6.90,6.9000,true,1,41699
7290013585967,false,פחיות ספרייט זירו שי,קוקה קולה ישראל,IL,קוקה קולה,ליטרים,1.98,ליטר,false,,22.00,11.1111,true,1,41725
7290013608260,false,מיץ רימונים 100%מיץ,"גניר (1992) בע""מ",IL,תוצרת מסחרית,ליטרים,1.00,ליטר,false,,22.90,22.9000,true,1,53998
7290013608482,false,נקטר מנגו ‏1‏ל,גניר,IL,פרימור,ליטרים,1.00,ליטר,false,,7.90,7.9000,true,1,65809
7290013645364,false,עוגיות מזרחיות,"מוצרי הכט בע""מ",IL,GFREE,גרמים,200.00,100 גרם,false,,16.90,0.0845,true,1,37947
7290013652164,false,שלישית מגבונים להסרת,"ד""ר פישר",IL,נטורל קר,יח',90.00,יח',false,,24.90,0.2767,true,1,48617
7290013675194,false,שניצל אמיתי ביתי ללא,תנובה גליל,IL,מאמא עוף,גרמים,700.00,100 גרם,false,,29.90,0.0427,true,1,69798
7290013675545,false,שניצל כלי תחבורה 700,תנובה גליל,IL,מאמא עוף,גרמים,700.00,100 גרם,false,,34.90,0.0499,true,1,89089
7290013677822,false,גריסי פנינה 1 ק''ג,"מיה תעשיות מזון בע""מ",IL,מיה,קילוגרמים,1.00,"ק""ג",false,,6.90,6.9000,true,1,48490
7290013677839,false,בורגול 1 ק''ג,"מיה תעשיות מזון בע""מ",IL,מיה,קילוגרמים,1.00,"ק""ג",false,,6.90,6.9000,true,1,48492
7290013702036,false,שוופס Water אפרסק 0.,יפאורה תבורי,IL,שוופס,מיליליטרים,500.00,"100 מ""ל",false,,5.00,0.0100,true,1,46574
7290013702050,false,שוופס Water ענבים 0.,יפאורה תבורי,IL,שוופס,מיליליטרים,500.00,"100 מ""ל",false,,5.00,0.0100,true,1,46578
7290013702388,false,שוופס Water תפוח 0.5,יפאורה תבורי,IL,שוופס,מיליליטרים,500.00,"100 מ""ל",false,,5.00,0.0100,true,1,46584
7290013702883,false,שוופס מוגז פירות לימ,,,שוופס מוגז פירות לימ,מיליליטרים,500.00,"100 מ""ל",false,,5.00,0.0100,true,1,46601
7290013713025,false,בירה גיימס פילס 0.33,,IL,בירה גיימס פילס 0.33,מיליליטרים,330.00,"100 מ""ל",false,,12.90,0.0391,true,1,109527
7290013713032,false,בירה גיימס חיטה 0.33,,IL,בירה גיימס חיטה 0.33,מיליליטרים,330.00,"100 מ""ל",false,,12.90,0.0391,true,1,109528
7290013713049,false,בירה גיימס 0.33 ליטר,,IL,בירה גיימס 0.33 ליטר,מיליליטרים,330.00,"100 מ""ל",false,,12.90,0.0391,true,1,109529
7290013713094,false,בירה גיימס 0.33 ליטר,,IL,בירה גיימס 0.33 ליטר,מיליליטרים,330.00,"100 מ""ל",false,,12.90,0.0391,true,1,116599
7290013713124,false,בירה גיימס מונדי אל,,IL,בירה גיימס מונדי אל,מיליליטרים,330.00,"100 מ""ל",false,,12.90,0.0391,true,1,127109
7290013724939,false,חמוציות בשוקולד מריר,"דין שיווק וקלייה בע""",IL,שקדיה,גרמים,140.00,100 גרם,false,,10.90,0.0779,true,1,32185
7290013724946,false,שקדים בשוקולד מריר 1,"דין שיווק וקלייה בע""",IL,שקדיה,גרמים,140.00,100 גרם,false,,10.90,0.0779,true,1,32186
7290013724977,false,צימוקים בשוקולד מריר,"דין שיווק וקלייה בע""",IL,שקדיה,גרמים,140.00,100 גרם,false,,10.90,0.0779,true,1,32189
7290013725820,false,אגוזי לוז בשוקולד מר,"דין שיווק וקלייה בע""",IL,שקדיה,גרמים,140.00,100 גרם,false,,10.90,0.0779,true,1,32192
7290013787392,false,*מבצע* רביולי גבינות,תנובה,IL,פסטה ריקו,גרמים,330.00,100 גרם,false,,21.90,0.0664,true,1,116440
7290013787408,false,*מבצע* רביולי בטטה פ,תנובה,IL,פסטה ריקו,גרמים,330.00,100 גרם,false,,21.90,0.0664,true,1,116441
7290013787422,false,*מבצע* פלין פטריות ב,תנובה,IL,פסטה ריקו,גרמים,330.00,100 גרם,false,,22.90,0.0694,true,1,116443
7290013847454,false,טונה סטארקיסט בשמן ק,"סטארקיסט פודור בע""מ",IL,סטארקיסט,גרמים,640.00,100 גרם,false,,24.90,0.0389,true,1,108813
7290013847553,false,ס.ק  דל נתרן במים 16,"סטארקיסט פודור בע""מ",IL,סטארקיסט,גרמים,640.00,100 גרם,false,,24.90,0.0389,true,1,65841
7290013848017,false,סנו נירוסטה מתז 500,סנו,IL,סנו נירוסטה מתז 500,מיליליטרים,500.00,"100 מ""ל",false,,19.90,0.0398,true,1,89726
7290013848345,false,*מבצע* מטליות לחות ל,סנו,IL,*מבצע* מטליות לחות ל,יח',150.00,יח',false,,17.90,0.1193,true,1,107773
7290013848758,false,ג'ל כביסה מקסימה ביי,סנו,IL,מקסימה,ליטרים,3.00,ליטר,false,,34.90,11.6333,true,1,42591
7290013903327,false,*מבצע* טופו טבעי 500,משק ויילר,IL,*מבצע* טופו טבעי 500,גרמים,500.00,100 גרם,false,,14.90,0.0298,true,1,115337
7290013906205,false,פסטרמה שום וצילי 400,טירת- צבי,IL,טירת- צבי,גרמים,400.00,100 גרם,false,,25.90,0.0647,true,1,69457
7290013906212,false,"נקניקיות וינר 1 ק""ג",טירת- צבי,IL,טירת- צבי,קילוגרמים,1.00,"ק""ג",false,,22.90,22.9000,true,1,69459
7290013906694,false,*מבצע* נקניקיות עוף,טירת צבי,IL,*מבצע* נקניקיות עוף,קילוגרמים,1.50,"ק""ג",false,,29.90,19.9333,true,1,121270
7290013927200,false,עוגת שוקולד ציפס עשי,"אחדות ביח""ר לטחינה ח",IL,אחוה,גרמים,400.00,100 גרם,false,,10.90,0.0273,true,1,33143
7290013927804,false,טחינה גולמית מלא אחו,"אחדות ביח""ר לטחינה ח",,טחינה גולמית מלא אחו,קילוגרמים,1.00,"ק""ג",false,,18.90,18.9000,true,1,125996
7290014002203,false,*מבצע* חליטת לימונית,ויסוצקי,IL,ויסוצקי,גרמים,50.00,100 גרם,false,,16.90,0.3380,true,1,76148
7290014002944,false,*מבצע* חמדת שקד,ויסוצקי,IL,ויסוצקי,גרמים,75.00,100 גרם,false,,16.90,0.2253,true,1,76159
7290014002982,false,*מבצע* תה ירוק לימונ,ויסוצקי,IL,ויסוצקי,גרמים,937.50,100 גרם,false,,17.90,0.0191,true,1,76160
7290014046016,false,פסטרמה של פעם 100% 2,מעדני יחיעם,IL,יחיעם,גרמים,250.00,100 גרם,false,,24.90,0.0996,true,1,32079
7290014046047,false,*מבצע* צמד פסטרמות 6,מעדני יחיעם,IL,יחיעם,גרמים,600.00,100 גרם,false,,24.90,0.0415,true,1,32082
7290014046474,false,*מבצע* נקניקיות עוף,מעדני יחיעם,IL,יחיעם,קילוגרמים,1.50,"ק""ג",false,,26.90,17.9333,true,1,32085
7290014046757,false,סלמי תה 300 גרם,מעדני יחיעם,IL,יחיעם,גרמים,300.00,100 גרם,false,,19.90,0.0663,true,1,32095
7290014059085,false,סנסודיין שיקום והגנה,"סמית קליין ביצ'ם בע""",GB,סנסודיין,מיליליטרים,75.00,"100 מ""ל",false,,25.90,0.3453,true,1,43711
7290014059436,false,סנסודיין לשיקום והגנ,"סמית קליין ביצ'ם בע""",GB,סנסודיין,מיליליטרים,75.00,"100 מ""ל",false,,25.90,0.3453,true,1,43715
7290014066359,false,לנדוור קפסולות אספרס,קפה לנדוור,IL,לנדוור,גרמים,50.00,100 גרם,false,,16.90,0.3380,true,1,112843
7290014066373,false,לנדוור קפסולות אספרס,קפה לנדוור,IL,לנדוור,גרמים,50.00,100 גרם,false,,16.90,0.3380,true,1,112845
7290014066380,false,לנדוור קפסולות אספרס,קפה לנדוור,IL,לנדוור,גרמים,50.00,100 גרם,false,,16.90,0.3380,true,1,112846
7290014066526,false,לנדוור קפסולות אספרס,קפה לנדוור,IL,לנדוור,גרמים,50.00,100 גרם,false,,16.90,0.3380,true,1,112850
7290014079014,false,לבבות קיסר,תאי גרנלוקס,IL,לבבות קיסר,יח',1.00,יח',false,,9.90,9.9000,true,1,36611
7290014079847,false,צמד פטריות בייבי בלה,,,צמד פטריות בייבי בלה,יח',2.00,יח',false,,15.90,7.9500,true,1,36618
7290014079854,false,לבבות חסה ארוז,,,לבבות חסה ארוז,יח',1.00,יח',false,,10.90,10.9000,true,1,36619
7290014083813,false,שפרוטים מעושנים בשמן,Briavais Vilns,LV,וילי פוד,גרמים,190.00,100 גרם,false,,7.90,0.0416,true,1,44454
7290014094260,false,שום מקולף ארוז,תבליני יוחאי ביטון,IL,שום מקולף ארוז,גרמים,170.00,100 גרם,false,,9.90,0.0582,true,1,36623
7290014094529,false,"רוטב סויה 300 מ""ל אה",גוואנגזו,CN,אהרוני,מיליליטרים,300.00,"100 מ""ל",false,,9.90,0.0330,true,1,32222
7290014094536,false,"רוטב סויה 700 מ""ל אה",ליאן יו,TH,אהרוני,מיליליטרים,700.00,"100 מ""ל",false,,18.90,0.0270,true,1,32223
7290014095861,false,שיבולת שועל דקה 500,"דין שיווק וקלייה בע""",IL,"דין שיווק וקלייה בע""מ",גרמים,500.00,100 גרם,false,,5.90,0.0118,true,1,32243
7290014095946,false,פקאן בשוקולד מריר 14,"שקדיה גבע תעשיות בע""",IL,שקדיה,גרמים,140.00,100 גרם,false,,10.90,0.0779,true,1,32244
7290014095960,false,שיבולת שועל עבה 500,"דין שיווק וקלייה בע""",IL,"דין שיווק וקלייה בע""מ",גרמים,500.00,100 גרם,false,,5.90,0.0118,true,1,32246
7290014126343,false,עוגיות בישקוטים וניל,Bonomi,IT,דנש,גרמים,200.00,100 גרם,false,,5.90,0.0295,true,1,40286
7290014126428,false,סטיביה 150 טבליות,Surel,CN,מרמולייט,יח',150.00,יח',false,,24.90,0.1660,true,1,40289
7290014204003,false,*מבצע* שמפו לשיער צב,א.ל ארמן,IL,פנינה רוזנבלום בע'מ,מיליליטרים,750.00,"100 מ""ל",false,,8.90,0.0119,true,1,52569
7290014204010,false,*מבצע* מרכך לשיער צב,א.ל ארמן,IL,פנינה רוזנבלום בע'מ,מיליליטרים,750.00,"100 מ""ל",false,,8.90,0.0119,true,1,52571
7290014204027,false,*מבצע* שמפו יומי 750,א.ל ארמן,IL,פנינה רוזנבלום בע'מ,מיליליטרים,750.00,"100 מ""ל",false,,8.90,0.0119,true,1,52573
7290014204034,false,*מבצע* מרכך יומי 750,א.ל ארמן,IL,פנינה רוזנבלום בע'מ,מיליליטרים,750.00,"100 מ""ל",false,,8.90,0.0119,true,1,52575
7290014204560,false,*מבצע* שלישיית סבון,יהודה אריאל,IL,פנינה רוזנבלום,מיליליטרים,1500.00,"100 מ""ל",false,,10.90,0.0073,true,1,52579
7290014204614,false,גרנולה בריא מהטבע שו,אפקט טבעי,IL,פנינה רוזנבלום בע'מ,גרמים,400.00,100 גרם,false,,24.90,0.0622,true,1,52589
7290014204683,false,*מבצע* סבון משאבה 1,יהודה אריאל,IL,פנינה רוזנבלום בע'מ,ליטרים,1.00,ליטר,false,,8.90,8.9000,true,1,52604
7290014204690,false,*מבצע* סבון משאבה 1,יהודה אריאל,IL,פנינה רוזנבלום בע'מ,ליטרים,1.00,ליטר,false,,8.90,8.9000,true,1,52606
7290014204706,false,*מבצע* סבון משאבה 1,יהודה אריאל,IL,פנינה רוזנבלום בע'מ,ליטרים,1.00,ליטר,false,,8.90,8.9000,true,1,52608
7290014205000,false,צלחת גדולה לבן 50 יח,,,צלחת גדולה לבן 50 יח,יח',50.00,יח',false,,12.90,0.2580,true,1,71861
7290014205024,false,קעריות אובליות לבן 2,,,קעריות אובליות לבן 2,יח',25.00,יח',false,,5.90,0.2360,true,1,71865
7290014205031,false,לפתניות לבן 25 יח,,,לפתניות לבן 25 יח,יח',25.00,יח',false,,3.90,0.1560,true,1,71867
7290014205062,false,כוסות שקוף 100 יח',,,כוסות שקוף 100 יח',יח',100.00,יח',false,,7.90,0.0790,true,1,71873
7290014205130,false,צלחת גדולה צבעוני 25,,,צלחת גדולה צבעוני 25,יח',25.00,יח',false,,9.90,0.3960,true,1,71877
7290014205147,false,צלחת קטנה צבעוני 25,,,צלחת קטנה צבעוני 25,יח',25.00,יח',false,,5.90,0.2360,true,1,71879
7290014205154,false,קעריות אובלי צבעוני,,,קעריות אובלי צבעוני,יח',25.00,יח',false,,5.90,0.2360,true,1,71881
7290014205161,false,ליפתניות צבעוני 25 י,,,ליפתניות צבעוני 25 י,יח',25.00,יח',false,,3.90,0.1560,true,1,71883
7290014205178,false,מרקיה צבעוני 25 יח,,,מרקיה צבעוני 25 יח,יח',25.00,יח',false,,6.90,0.2760,true,1,71885
7290014205185,false,צלחת ענק צבעוני 25 י,,,צלחת ענק צבעוני 25 י,יח',25.00,יח',false,,16.90,0.6760,true,1,71887
7290014205598,false,"פחם 2 ק""ג",,,"פחם 2 ק""ג",קילוגרמים,2.00,"ק""ג",false,,13.90,6.9500,true,1,71912
7290014205642,false,נפנף למנגל,,,נפנף למנגל,יח',1.00,יח',false,,3.90,3.9000,true,1,88877
7290014205659,false,לבבות דקל שלם 400 גר,,,לבבות דקל שלם 400 גר,גרמים,400.00,100 גרם,false,,9.90,0.0248,true,1,126212
7290014206519,false,שקיות הקפאה 200 יח,,,שקיות הקפאה 200 יח,יח',1.00,יח',false,,6.90,6.9000,true,1,107564
7290014217003,false,פפריקה בטעם מעושן 90,"תבליני טעם וריח בע""מ",IL,"תבליני טעם וריח בע""מ",גרמים,90.00,100 גרם,false,,9.90,0.1100,true,1,80524
7290014217010,false,T-BUL לדגים   90 גרם,"תבליני טעם וריח בע""מ",IL,"תבליני טעם וריח בע""מ",גרמים,90.00,100 גרם,false,,9.90,0.1100,true,1,80525
7290014217027,false,T-BUL לעוף   120 גרם,"תבליני טעם וריח בע""מ",IL,"תבליני טעם וריח בע""מ",גרמים,120.00,100 גרם,false,,9.90,0.0825,true,1,80526
7290014217065,false,אורגנו 40 גרם מיכל ג,"תבליני טעם וריח בע""מ",IL,"תבליני טעם וריח בע""מ",גרמים,30.00,100 גרם,false,,9.90,0.3300,true,1,80528
7290014217119,false,תערובת תיבול לצ'יפס,"תבליני טעם וריח בע""מ",IL,"תבליני טעם וריח בע""מ",גרמים,100.00,100 גרם,false,,9.90,0.0990,true,1,80529
7290014217140,false,ראס אל חנות 100גרם מ,"תבליני טעם וריח בע""מ",IL,"תבליני טעם וריח בע""מ",גרמים,100.00,100 גרם,false,,9.90,0.0990,true,1,80532
7290014217157,false,תערובת תיבול טוסקנה,"תבליני טעם וריח בע""מ",IL,"תבליני טעם וריח בע""מ",גרמים,120.00,100 גרם,false,,9.90,0.0825,true,1,80533
7290014217164,false,פטרוזיליה 20 גרם מיכ,"תבליני טעם וריח בע""מ",IL,"תבליני טעם וריח בע""מ",גרמים,20.00,100 גרם,false,,9.90,0.4950,true,1,80534
7290014217171,false,תערובת תיבול גריל דג,"תבליני טעם וריח בע""מ",IL,"תבליני טעם וריח בע""מ",גרמים,100.00,100 גרם,false,,9.90,0.0990,true,1,80535
7290014217225,false,גריל עוף 120 גרם מיכ,"תבליני טעם וריח בע""מ",IL,"תבליני טעם וריח בע""מ",גרמים,120.00,100 גרם,false,,9.90,0.0825,true,1,80537
7290014217263,false,פרגית תיבול 100גרם מ,"תבליני טעם וריח בע""מ",IL,"תבליני טעם וריח בע""מ",גרמים,100.00,100 גרם,false,,9.90,0.0990,true,1,80538
7290014217348,false,צילי גרוס 70 גרם מיכ,"תבליני טעם וריח בע""מ",IL,"תבליני טעם וריח בע""מ",גרמים,70.00,100 גרם,false,,9.90,0.1414,true,1,80541
7290014217355,false,קרי אבקה 100 גרם מיכ,"תבליני טעם וריח בע""מ",IL,"תבליני טעם וריח בע""מ",גרמים,100.00,100 גרם,false,,9.90,0.0990,true,1,80542
7290014217362,false,קציצות תערובת תיבול,"תבליני טעם וריח בע""מ",IL,"תבליני טעם וריח בע""מ",גרמים,100.00,100 גרם,false,,9.90,0.0990,true,1,80543
7290014217409,false,תערובת עשבי תיבול הר,"תבליני טעם וריח בע""מ",IL,"תבליני טעם וריח בע""מ",גרמים,100.00,100 גרם,false,,9.90,0.0990,true,1,119302
7290014217478,false,עשבי תיבול תערובת 30,"תבליני טעם וריח בע""מ",IL,"תבליני טעם וריח בע""מ",גרמים,30.00,100 גרם,false,,9.90,0.3300,true,1,80545
7290014217485,false,קייג'ון תערובת 100גר,"תבליני טעם וריח בע""מ",IL,"תבליני טעם וריח בע""מ",גרמים,100.00,100 גרם,false,,9.90,0.0990,true,1,80546
7290014217492,false,פילדלפיה תערובת 100ג,"תבליני טעם וריח בע""מ",IL,"תבליני טעם וריח בע""מ",גרמים,100.00,100 גרם,false,,9.90,0.0990,true,1,80547
7290014217515,false,תערובת ציפוי מאפה מל,"תבליני טעם וריח בע""מ",IL,"תבליני טעם וריח בע""מ",גרמים,90.00,100 גרם,false,,9.90,0.1100,true,1,89734
7290014217522,false,לחם שום תערובת 100 ג,"תבליני טעם וריח בע""מ",IL,"תבליני טעם וריח בע""מ",גרמים,100.00,100 גרם,false,,9.90,0.0990,true,1,89735
7290014217911,false,פלפל אדום מתוק שקית,טייפונג פודס,CN,פלפל אדום מתוק שקית,גרמים,150.00,100 גרם,false,,12.90,0.0860,true,1,107978
7290014218321,false,בורקס יפו גבינה 600ג,מעדנות,IL,מעדנות,גרמים,600.00,100 גרם,false,,17.90,0.0298,true,1,83335
7290014220317,false,סט בקבוקים לטיול,,,סט בקבוקים לטיול,יח',1.00,יח',false,,9.90,9.9000,true,1,106389
7290014256637,false,*מבצע* מוסקטו באזז י,יקבי כרמל,IL,סלקטד,מיליליטרים,750.00,"100 מ""ל",false,,23.90,0.0319,true,1,35058
7290014258716,false,מטרנה צמחי 700 גרם,מטרנה,IL,מטרנה,גרמים,700.00,100 גרם,false,,49.90,0.0713,true,1,33755
7290014288584,false,נייר אפיה 50 יח 37*4,,,נייר אפיה 50 יח 37*4,יח',50.00,יח',false,,7.90,0.1580,true,1,87307
7290014288614,false,רדיד אלומיניום 30 מט,,,רדיד אלומיניום 30 מט,מטרים,30.00,מטר,false,,15.90,0.5300,true,1,107460
7290014288621,false,רדיד אלומיניום כוכבי,,,רדיד אלומיניום כוכבי,מטרים,30.00,מטר,false,,24.90,0.8300,true,1,120356
7290014288676,false,מגש אובלי בינוני צבע,,,מגש אובלי בינוני צבע,יח',20.00,יח',false,,12.90,0.6450,true,1,87017
7290014288706,false,קערה לסלט ענקית 10 י,,,קערה לסלט ענקית 10 י,יח',10.00,יח',false,,7.90,0.7900,true,1,87019
7290014288720,false,"כוסות 330 מ""ל 40 יח",,,"כוסות 330 מ""ל 40 יח",יח',40.00,יח',false,,7.90,0.1975,true,1,89835
7290014288737,false,כוסות מעוטרות 40 יח',,,כוסות מעוטרות 40 יח',יח',40.00,יח',false,,11.90,0.2975,true,1,71921
7290014288980,false,נייר טישו חמישייה 10,,,נייר טישו חמישייה 10,יח',5.00,יח',false,,9.90,1.9800,true,1,110158
7290014325050,false,קורנפלור 500 גרם,"מיה תעשיות מזון בע""מ",IL,מיה,גרמים,500.00,100 גרם,false,,3.90,0.0078,true,1,48498
7290014338593,false,שמן קנולה 1 ליטר יוח,ברוקלמן,DE,יוחננוף,ליטרים,1.00,ליטר,false,,8.90,8.9000,true,1,73709
7290014397163,false,סנו פרש מילוי,סנו,IL,סנו פרש מילוי,יח',1.00,יח',false,,12.90,12.9000,true,1,86603
7290014397200,false,שלישיית מברשות שיניי,z.h. plastic,CN,אורביטול,יח',3.00,יח',false,,10.90,3.6333,true,1,42631
7290014397279,false,שקיות מזון XL 300 יח,"אשפלסט תעשיות בע""מ",IL,סנו סושי,יח',300.00,יח',false,,11.90,0.0397,true,1,42641
7290014397286,false,מרכך מקסימה מרוכז 1,סנו,IL,מקסימה,ליטרים,1.00,ליטר,false,,17.90,17.9000,true,1,42644
7290014397514,false,סנופרש הום תרסיס,סנו,IL,סנופרש,מיליליטרים,350.00,"100 מ""ל",false,,10.90,0.0311,true,1,42652
7290014397521,false,סנופרש הום תרסיס,סנו,IL,סנופרש,מיליליטרים,350.00,"100 מ""ל",false,,10.90,0.0311,true,1,42653
7290014397705,false,פוליווקס פרקט 2 ליטר,סנו,IL,פוליוויקס,ליטרים,2.00,ליטר,false,,19.90,9.9500,true,1,42662
7290014397767,false,*מבצע* ריצפז פרש הום,סנו,IL,ריצפז,ליטרים,2.00,ליטר,false,,19.90,9.9500,true,1,42667
7290014397873,false,מרכך מקסימה 4 ליטר,סנו,IL,מקסימה,ליטרים,4.00,ליטר,false,,21.90,5.4750,true,1,110966
7290014435360,false,חומוס עם רוטב חריף,"סלטי שמיר 2006 בע""מ",IL,סלטי שמיר,גרמים,400.00,100 גרם,false,,10.90,0.0273,true,1,56284
7290014435391,false,חומוס אורגינל עם גרג,"סלטי שמיר 2006 בע""מ",IL,סלטי שמיר,גרמים,400.00,100 גרם,false,,10.90,0.0273,true,1,56287
7290014435704,false,סלמון מעושן 100 גרם,שמיר פל דגים,IL,שמיר,גרמים,100.00,100 גרם,false,,19.90,0.1990,true,1,56288
7290014435803,false,מטיאס הולנדי (פרובנצ,"סלטי שמיר 2006 בע""מ",IL,שמיר,גרמים,180.00,100 גרם,false,,18.90,0.1050,true,1,56290
7290014435810,false,הרינג כבוש במרינת חמ,שמיר פל דגים,IL,שמיר,גרמים,180.00,100 גרם,false,,18.90,0.1050,true,1,56291
7290014435827,false,פילה מקרל מעושן בשמן,שמיר פל דגים,IL,שמיר,גרמים,180.00,100 גרם,false,,24.90,0.1383,true,1,56292
7290014435834,false,מקרל מעושן פרוס בשמן,שמיר פל דגים,IL,שמיר,גרמים,180.00,100 גרם,false,,24.90,0.1383,true,1,56293
7290014435841,false,פילה מטיאס  הולנדי ב,שמיר פל דגים,IL,שמיר,גרמים,180.00,100 גרם,false,,18.90,0.1050,true,1,56294
7290014435889,false,סלט מטיאס עם מיונז 1,שמיר פל דגים,IL,שמיר,גרמים,200.00,100 גרם,false,,18.90,0.0945,true,1,56296
7290014455245,false,גרנה פדנו משולש 200ג,מחלבות גד,IT,גד,גרמים,200.00,100 גרם,false,,23.90,0.1195,true,1,49092
7290014455252,false,גרנה פדנו מגורד 100ג,מחלבות גד,IT,גד,גרמים,100.00,100 גרם,false,,10.90,0.1090,true,1,49094
7290014455320,false,מוצרלה פרסקה 100גרם,,,מוצרלה פרסקה 100גרם,גרמים,100.00,100 גרם,false,,8.90,0.0890,true,1,49109
7290014455467,false,מעדן שיבולת שועל וחל,מחלבות גד,IL,מעדני גד,גרמים,150.00,100 גרם,false,,5.50,0.0367,true,1,49121
7290014455610,false,יוגורט עיזים תות 125,מחלבות גד,IL,מחלבות גד,גרמים,125.00,100 גרם,false,,6.00,0.0480,true,1,49129
7290014455627,false,יוגורט עיזים דובדבן,מחלבות גד,IL,מחלבות גד,גרמים,125.00,100 גרם,false,,6.00,0.0480,true,1,49132
7290014459137,false,"סטייק ציפס 1.5 ק""ג",תפוגן,IL,תפוגן,קילוגרמים,1.50,"ק""ג",false,,23.90,15.9333,true,1,33763
7290014459373,false,תפוגן ציפס קראנצי לת,תפוגן,IL,תפוגן,קילוגרמים,1.50,"ק""ג",false,,24.90,16.6000,true,1,33766
7290014459632,false,"טוגן 1.5 ק""ג",תפוגן,IL,"טוגן 1.5 ק""ג",קילוגרמים,1.50,"ק""ג",false,,15.90,10.6000,true,1,106355
7290014466463,false,הר חרמון מוסקטו,יקב רמת הגולן,IL,חרמון,מיליליטרים,750.00,"100 מ""ל",false,,30.90,0.0412,true,1,72719
7290014471412,false,*מבצע* מיזלי בוטנים,"דין שיווק וקלייה בע""",IL,שקדיה,קילוגרמים,1.00,"ק""ג",false,,19.90,19.9000,true,1,32247
7290014471429,false,*מבצע* מיזלי פירות 1,"דין שיווק וקלייה בע""",IL,שקדיה,קילוגרמים,1.00,"ק""ג",false,,19.90,19.9000,true,1,32248
7290014471443,false,*מבצע* גרנולה צימוקי,"דין שיווק וקלייה בע""",IL,שקדיה,קילוגרמים,1.00,"ק""ג",false,,19.90,19.9000,true,1,32250
7290014472990,false,ממרח 100% שקדים 300,שקרצי,IL,שקדיה,גרמים,300.00,100 גרם,false,,29.90,0.0997,true,1,32264
7290014480230,false,"תפ""ע גלה ברשת",משתנה,IL,"תפו""ע גאלה",קילוגרמים,1.00,"ק""ג",true,,7.90,7.9000,true,1,116669
7290014501331,false,גוורצטרמינר גליל 750,הרי גליל,IL,גוורצטרמינר גליל 750,מיליליטרים,750.00,"100 מ""ל",false,,64.90,0.0865,true,1,121853
7290014501942,false,"מרלו גליל 750 מ""ל",הרי גליל,IL,"מרלו גליל 750 מ""ל",מיליליטרים,750.00,"100 מ""ל",false,,64.90,0.0865,true,1,122484
7290014503137,false,כנען אדום (דלתון),דלתון,IL,יובלים,מיליליטרים,750.00,"100 מ""ל",false,,37.90,0.0505,true,1,45374
7290014525290,false,מרבה סלים דליס קריספ,Biocentury,NL,מרבה,גרמים,125.00,100 גרם,false,,10.90,0.0872,true,1,61003
7290014525306,false,מרבה סלים דליס קריספ,Biocentury,NL,מרבה,גרמים,125.00,100 גרם,false,,10.90,0.0872,true,1,61005
7290014525313,false,מרבה סלים דליס קריספ,Biocentury,NL,מרבה,גרמים,125.00,100 גרם,false,,10.90,0.0872,true,1,61007
7290014525672,false,מרבה על חלל עוגיות ע,"מרבה בע""מ",NL,מרבה על חלל עוגיות ע,גרמים,140.00,100 גרם,false,,9.90,0.0707,true,1,118112
7290014534650,false,לה פסטה צינור,מוטלו,TR,לה פסטה,גרמים,400.00,100 גרם,false,,3.50,0.0088,true,1,59933
7290014534667,false,לה פסטה קונכיה,מוטלו,TR,לה פסטה,גרמים,400.00,100 גרם,false,,3.50,0.0088,true,1,59935
7290014534674,false,לה פסטה פרפר,מוטלו,TR,לה פסטה,גרמים,400.00,100 גרם,false,,3.50,0.0088,true,1,59937
7290014534681,false,לה פסטה בורג,מוטלו,TR,לה פסטה,גרמים,400.00,100 גרם,false,,3.50,0.0088,true,1,59939
7290014534698,false,לה פסטה תלתל,מוטלו,TR,לה פסטה,גרמים,400.00,100 גרם,false,,3.50,0.0088,true,1,59941
7290014534704,false,לה פסטה אטריות מרק,מוטלו,TR,לה פסטה,גרמים,400.00,100 גרם,false,,3.50,0.0088,true,1,59943
7290014674004,false,קריספ פירורי לחם שומ,א.ל ייצור ושיווק תבל,IL,קריספ פירורי לחם שומ,גרמים,300.00,100 גרם,false,,7.80,0.0260,true,1,122873
7290014692305,false,*מבצע* גבינת קממבר 1,ארלה,DK,CASTELLO,גרמים,125.00,100 גרם,false,,14.90,0.1192,true,1,44461
7290014692565,false,גרעיני תירס מתוק 320,מגסטיק פוד,TH,וילי פוד,גרמים,320.00,100 גרם,false,,4.90,0.0153,true,1,44478
7290014704602,false,מארז קפה טורקי יוחננ,רג'ואן,IL,מארז קפה טורקי יוחננ,גרמים,255.00,100 גרם,false,,13.90,0.0545,true,1,126409
7290014712379,false,יוגורט אפרסק בקבוק 5,מחלבת בת הרים,IL,יוגורט אפרסק בקבוק 5,מיליליטרים,500.00,"100 מ""ל",false,,15.90,0.0318,true,1,118134
7290014712539,false,יוגורט תות שדה בקבוק,מחלבת בת הרים,IL,יוגורט תות שדה בקבוק,מיליליטרים,500.00,"100 מ""ל",false,,15.90,0.0318,true,1,118135
7290014749078,false,מקלוני קבנוס עוף טוב,עוף טוב,IL,עוף טוב,גרמים,200.00,100 גרם,false,,15.90,0.0795,true,1,111185
7290014749245,false,*מבצע* ע.ט צונגו רצו,עוף טוב,IL,*מבצע* ע.ט צונגו רצו,גרמים,600.00,100 גרם,false,,29.90,0.0498,true,1,114779
7290014749764,false,עוף טוב שניצל עוף בי,עוף טוב,IL,עוף טוב,גרמים,700.00,100 גרם,false,,34.90,0.0499,true,1,114505
7290014749887,false,*מבצע* שניצל דק ענק,עוף טוב,IL,עוף טוב,גרמים,700.00,100 גרם,false,,27.90,0.0399,true,1,118020
7290014758100,false,מאגדת יוגורט ביו 3%,אוליביה,IL,תנובה,ליטרים,1.20,ליטר,false,,15.90,13.2500,true,1,77500
7290014758117,false,מאגדת יוגורט ביו  1.,תנובה,IL,תנובה,ליטרים,1.20,ליטר,false,,15.90,13.2500,true,1,77501
7290014758148,false,גלבוע פרוס סמי מעדני,תנובה,IL,תנובה,גרמים,400.00,100 גרם,false,,19.90,0.0497,true,1,77504
7290014758162,false,חלב עיזים קרטון 1 לי,תנובה,IL,תנובה,ליטרים,1.00,ליטר,false,,13.90,13.9000,true,1,77505
7290014759084,false,נפוליאון 16% גביע 22,תנובה,IL,נפוליאון,גרמים,225.00,100 גרם,false,,12.90,0.0573,true,1,77518
7290014759909,false,גבינת פטה 5% 250 גרם,תנובה,IL,פיראוס,גרמים,250.00,100 גרם,false,,26.90,0.1076,true,1,77525
7290014759978,false,קשקבל גלעד 27% פלח 2,תנובה,IL,קולאז,גרמים,200.00,100 גרם,false,,24.90,0.1245,true,1,77526
7290014759985,false,פלח פרמזן גבע 23% 20,תנובה,IL,קולאז,גרמים,200.00,100 גרם,false,,23.90,0.1195,true,1,77527
7290014759992,false,פלח רוקפור גליל 27%,תנובה,IL,קולאז,גרמים,140.00,100 גרם,false,,18.90,0.1350,true,1,77528
7290014760141,false,משקה שקדים טרי 1 ליט,תנובה,IL,משקה שקדים טרי 1 ליט,ליטרים,1.00,ליטר,false,,11.90,11.9000,true,1,77533
7290014760448,false,גלבוע 22%  400 גרם,תנובה,IL,תנובה,גרמים,400.00,100 גרם,false,,22.90,0.0572,true,1,77538
7290014760912,false,גוש חלב 28% 400 גרם,תנובה,IL,תנובה,גרמים,400.00,100 גרם,false,,24.90,0.0622,true,1,77558
7290014761018,false,גיל בטעם וניל 125 גר,תנובה,IL,תנובה,גרמים,125.00,100 גרם,false,,1.30,0.0104,true,1,111597
7290014761056,false,YOLO מעדן שוקולד חלב,תנובה,IL,YOLO,גרמים,123.00,100 גרם,false,,4.30,0.0350,true,1,77560
7290014761063,false,YOLO מעדן שוקולד מרי,תנובה,IL,YOLO,גרמים,123.00,100 גרם,false,,4.30,0.0350,true,1,77561
7290014761070,false,YOLO מעדן שוקולד לבן,תנובה,IL,YOLO,גרמים,123.00,100 גרם,false,,4.30,0.0350,true,1,77562
7290014761193,false,פרילי פירות יער 1.5%,תנובה,IL,פרילי,גרמים,125.00,100 גרם,false,,3.30,0.0264,true,1,77565
7290014762756,false,נפוליאון 16% עם בצל,תנובה,IL,נפוליאון,גרמים,225.00,100 גרם,false,,12.90,0.0573,true,1,77633
7290014762800,false,מעדן סויה שוקולד גבי,תנובה,IL,תנובה,מיליליטרים,125.00,"100 מ""ל",false,,3.70,0.0296,true,1,77638
7290014762831,false,נפוליאון זיתים עם חל,תנובה,IL,נפוליאון,גרמים,225.00,100 גרם,false,,12.90,0.0573,true,1,77639
7290014762909,false,מוצרלה פתיתים 20% שו,תנובה,IL,תנובה,גרמים,200.00,100 גרם,false,,15.90,0.0795,true,1,77646
7290014763272,false,יוגורט סויה לשתיה תו,תנובה,IL,משקה סויה,מיליליטרים,236.00,"100 מ""ל",false,,4.90,0.0208,true,1,77656
7290014763395,false,עמק סמי מעדניה  600,תנובה,IL,עמק,גרמים,600.00,100 גרם,false,,29.90,0.0498,true,1,77662
7290014791091,false,שוופס מוגז פירות למו,,,שוופס מוגז פירות למו,מיליליטרים,500.00,"100 מ""ל",false,,5.00,0.0100,true,1,46612
7290014791725,false,שוופס מוגז פירות תפו,,,שוופס מוגז פירות תפו,מיליליטרים,500.00,"100 מ""ל",false,,5.00,0.0100,true,1,46631
7290014855434,false,מגבוני בייביסיטר פרפ,DPL,IL,בייביסיטר פרופורמנס,יח',288.00,יח',false,,14.90,0.0517,true,1,75254
7290014855458,false,מגבוני בייביסיטר פרפ,DPL,IL,בייביסיטר פרופורמנס,יח',288.00,יח',false,,14.90,0.0517,true,1,75255
7290014860070,false,מקלוני אורז ללא גלוט,oriental food co.ltd,TH,oriental,גרמים,454.00,100 גרם,false,,10.90,0.0240,true,1,72992
7290014860094,false,מקלוני אורז ללא גלוט,oriental food co.ltd,TH,oriental,גרמים,454.00,100 גרם,false,,10.90,0.0240,true,1,72996
7290014860155,false,מחצלת במבו שטוחה 24*,GOILIN FENGZHU TRADI,CN,מזרח ומערב,יח',1.00,יח',false,,7.90,7.9000,true,1,73000
7290014890145,false,גבינת שמנת טבעי 25%,גבינות יעקבס,IL,משק יעקבס,גרמים,225.00,100 גרם,false,,9.90,0.0440,true,1,109856
7290014890152,false,גבינת שמנת זיתים 25%,גבינות יעקבס,IL,משק יעקבס,גרמים,225.00,100 גרם,false,,9.90,0.0440,true,1,109857
7290014890176,false,*מבצע* ריקוטה 5% 250,גבינות יעקבס,IL,משק יעקבס,גרמים,250.00,100 גרם,false,,9.90,0.0396,true,1,110617
7290014890206,false,קרם פרש 40% 250 גרם,גבינות יעקבס,IL,קרם פרש 40% 250 גרם,גרמים,250.00,100 גרם,false,,14.90,0.0596,true,1,117847
7290014901247,false,שמפו קרטין לאחר החלק,ארמן,IL,סטייל,מיליליטרים,750.00,"100 מ""ל",false,,24.90,0.0332,true,1,43740
7290014901254,false,מרכך קרטין לאחר החלק,ארמן,IL,סטייל,מיליליטרים,750.00,"100 מ""ל",false,,24.90,0.0332,true,1,43742
7290014901308,false,סנסודיין סדרת פרימיו,"סמית קליין ביצ'ם בע""",GB,סנסודיין,מיליליטרים,75.00,"100 מ""ל",false,,25.90,0.3453,true,1,43746
7290014901896,false,מי פה סנסודיין 500 מ,גלקסוסמיתקליין,GB,סנסודיין,מיליליטרים,500.00,"100 מ""ל",false,,25.90,0.0518,true,1,43759
7290014931008,false,פטרוזיליה עם שורש,תחנת קמח המפרץ,IL,פטרוזיליה,יח',1.00,יח',false,,6.90,6.9000,true,1,67698
7290014931015,false,כוסברה עם שורש,תיבולים,IL,כוסברה,יח',1.00,יח',false,,7.50,7.5000,true,1,67699
7290014931053,false,בזיליקום עם שורש,"תירפז בע""מ",IL,בזיליקום,יח',1.00,יח',false,,7.50,7.5000,true,1,67702
7290014931077,false,עירית עם שורש,תעשיות תמרוקים שיק 1,IL,עירית,יח',1.00,יח',false,,7.50,7.5000,true,1,67704
7290014931084,false,אורגנו עם שורש,תפוגן,IL,אורגנו,יח',1.00,יח',false,,7.50,7.5000,true,1,67705
7290014931107,false,נענע עם שורש,קלסיקלטת,IL,נענע,יח',1.00,יח',false,,7.50,7.5000,true,1,67707
7290014931190,false,שורש פאקצ'וי,לאונרדו ממתקים,IL,פאקצ'וי,יח',1.00,יח',false,,11.90,11.9000,true,1,67709
7290014931206,false,שורש גרגיר נחלים,"הקסטר בע""מ",IL,גרגיר נחלים,יח',1.00,יח',false,,8.90,8.9000,true,1,67710
7290014940901,false,לחם פשוט מלא 750 גרם,אנג'ל,IL,לחם פשוט מלא 750 גרם,גרמים,750.00,100 גרם,false,,13.90,0.0185,true,1,35151
7290014945203,false,שטיחון מיקרופייבר 50,,,שטיחון מיקרופייבר 50,יח',1.00,יח',false,,29.90,29.9000,true,1,126269
7290014949751,false,אוטן אקטיב דוחה יתוש,SC Jonson,IT,אוטן,מיליליטרים,100.00,"100 מ""ל",false,,19.90,0.1990,true,1,40342
7290014962521,false,משחת שיניים טפטפים ג,כצט,IL,כצט,מיליליטרים,50.00,"100 מ""ל",false,,10.90,0.2180,true,1,43770
7290014974562,false,גביעי גלידה 24 יח,"גילרו בע""מ",IL,גילרו,גרמים,120.00,100 גרם,false,,5.90,0.0492,true,1,39532
7290015005548,false,"ציפס זיג זג 2 ק""ג","פרי הגליל בע""""מ",IL,פרי הגליל,קילוגרמים,2.00,"ק""ג",false,,22.90,11.4500,true,1,71884
7290015009003,false,חומץ בן יין לבן 500,אקובינתל,ES,אקובינתל,מיליליטרים,500.00,"100 מ""ל",false,,13.90,0.0278,true,1,86765
7290015009010,false,חומץ בן יין אדום 500,אקובינתל,ES,אקובינתל,מיליליטרים,500.00,"100 מ""ל",false,,13.90,0.0278,true,1,86766
7290015025942,false,קרם ידיים קלאסי עם ש,אינטרקוסמא,IL,פנג'ל,מיליליטרים,80.00,"100 מ""ל",false,,7.90,0.0988,true,1,40374
7290015037204,false,כרוב לבן חסלט 400 גר,,,כרוב לבן חסלט 400 גרם,גרמים,400.00,100 גרם,false,,11.90,0.0298,true,1,46889
7290015037211,false,כרוב אדום חסלט 400 ג,,,כרוב אדום חסלט 400 גרם,גרמים,400.00,100 גרם,false,,11.90,0.0298,true,1,46890
7290015037228,false,סלט קולסלאו חסלט 400,,,סלט קולסלאו חסלט 400 גרם,גרמים,400.00,100 גרם,false,,11.90,0.0298,true,1,46891
7290015037235,false,חסה אייסברג,,,חסה אייסברג,גרמים,280.00,100 גרם,false,,12.90,0.0461,true,1,46892
7290015037242,false,לקט ים תיכוני,,,לקט ים תיכוני,גרמים,350.00,100 גרם,false,,12.90,0.0369,true,1,46893
7290015037273,false,פטרוזיליה חסלט,נסטלה שוויץ - רורשאך,IL,פטרוזיליה חסלט,יח',1.00,יח',false,,6.40,6.4000,true,1,46895
7290015037280,false,כוסברה חסלט,ס.ר.ל פוסטל,IL,כוסברה חסלט,יח',1.00,יח',false,,6.40,6.4000,true,1,46896
7290015037402,false,בצל ירוק חסלט,סאמיט,IL,בצל ירוק חסלט,יח',1.00,יח',false,,7.40,7.4000,true,1,46900
7290015037419,false,סלרי חסלט,עבאדי,IL,סלרי חסלט,יח',1.00,יח',false,,7.40,7.4000,true,1,46901
7290015037433,false,חסה ערבית חסלט,נסטלה קוריאה - קפה,IL,חסה ערבית חסלט,יח',1.00,יח',false,,7.40,7.4000,true,1,46903
7290015037440,false,כרוב לבן שלם חסלט,סאסאטק,IL,כרוב לבן שלם חסלט,קילוגרמים,1.00,"ק""ג",true,,14.90,14.9000,true,1,46904
7290015037457,false,כרוב אדום שלם חסלט,,,כרוב אדום שלם חסלט,קילוגרמים,1.00,"ק""ג",true,,15.60,15.6000,true,1,46905
7290015037662,false,ברוקולי קפוא 600 גרם,י.ש. ירקות עליים,IL,ברוקולי קפוא 600 גרם,גרמים,600.00,100 גרם,false,,29.90,0.0498,true,1,121625
7290015039246,false,טונה רביעייה בשמן,טרופיקל,TH,וילי פוד,גרמים,640.00,100 גרם,false,,19.90,0.0311,true,1,44515
7290015039338,false,טונה במים רביעיה 160,,,טונה במים רביעיה 160*4 גר,גרמים,640.00,100 גרם,false,,19.90,0.0311,true,1,44519
7290015129121,false,סקיני פסטה נודלס.,הוויזאי וונגיה,CN,סקיני פסטה,גרמים,270.00,100 גרם,false,,10.90,0.0404,true,1,31269
7290015129145,false,סקיני פסטה ספגטי.,הוויזאי וונגיה,CN,סקיני פסטה,גרמים,270.00,100 גרם,false,,10.90,0.0404,true,1,31271
7290015129220,false,סקיני פסטה קוסקוס.,הוויזאי וונגיה,CN,סקיני פסטה,גרמים,270.00,100 גרם,false,,10.90,0.0404,true,1,31277
7290015129251,false,סקיני פסטה פטוצ''יני,הוויזאי וונגיה,CN,סקיני פסטה,גרמים,270.00,100 גרם,false,,10.90,0.0404,true,1,31279
7290015129312,false,סקיני סופ - תבשיל מר,,,סקיני סופ - תבשיל מר,גרמים,234.00,100 גרם,false,,19.90,0.0850,true,1,123401
7290015129404,false,סקיני מארז חמישיה -,,,סקיני מארז חמישיה -,גרמים,121.00,100 גרם,false,,24.90,0.2058,true,1,123402
7290015129657,false,סקיני פסטה פנה,,,סקיני פסטה פנה,גרמים,270.00,100 גרם,false,,10.90,0.0404,true,1,123406
7290015129749,false,סקיני פסטה שיבולת שו,הוויזאי וונגיה,CN,סקיני פסטה,גרמים,270.00,100 גרם,false,,10.90,0.0404,true,1,107048
7290015129756,false,סקיני פסטה שיבולת שו,הוויזאי וונגיה,CN,סקיני פסטה,גרמים,270.00,100 גרם,false,,10.90,0.0404,true,1,95602
7290015139250,false,"שוקולד מריר לל""ס פצפ",כרמית,IL,כרמית,גרמים,85.00,100 גרם,false,,4.90,0.0576,true,1,45572
7290015150088,false,*מבצע* מחית עגבניות,,,מחית עגבניות,גרמים,700.00,100 גרם,false,,9.90,0.0141,true,1,76179
7290015150118,false,עגבניות חתוכות דק 3*,ויסוצקי,IL,עגבניות חתוכות דק,קילוגרמים,1.20,"ק""ג",false,,16.90,14.0833,true,1,76182
7290015155243,false,פרמיו כריות אנטי-היי,,,פרמיו כריות אנטי-היי,יחידה,0.00,יחידה,false,,9.90,0.0000,true,1,113979
7290015155250,false,פרמיו כריות סלמון לח,,,פרמיו כריות סלמון לח,יחידה,0.00,יחידה,false,,9.90,0.0000,true,1,113980
7290015155823,false,מחית פרינוק תפוח 120,פרוטה פודווין איי.אס,CZ,רנדי,גרמים,120.00,100 גרם,false,,5.90,0.0492,true,1,37987
7290015155830,false,מחית פרינוק תפוח בננ,פרוטה פודווין איי.אס,CZ,רנדי,גרמים,120.00,100 גרם,false,,5.90,0.0492,true,1,37989
7290015155847,false,מחית פרינוק סלט פירו,פרוטה פודווין איי.אס,CZ,רנדי,גרמים,120.00,100 גרם,false,,5.90,0.0492,true,1,37991
7290015156776,false,מחית פרינוק פירות טר,פרוטה פודווין איי.אס,CZ,רנדי,גרמים,120.00,100 גרם,false,,5.90,0.0492,true,1,88642
7290015156790,false,מחית פרינוק לפתן פיר,פרוטה פודווין איי.אס,CZ,רנדי,גרמים,120.00,100 גרם,false,,5.90,0.0492,true,1,88643
7290015164832,false,מחית קארי ירוקה,theppadungporn cocon,TH,mae ploy,גרמים,400.00,100 גרם,false,,19.90,0.0497,true,1,73007
7290015164856,false,מחית קארי אדומה,theppadungporn cocon,TH,mae ploy,גרמים,400.00,100 גרם,false,,19.90,0.0497,true,1,73009
7290015178273,false,מרינדה לעוף בגריל,אוליביה,IL,אוליביה,גרמים,530.00,100 גרם,false,,12.90,0.0243,true,1,125041
7290015193139,false,רוטב צ'ילי מתוק ללא,תאי פרידה אינדסטרי ב,TH,WOK,מיליליטרים,300.00,"100 מ""ל",false,,8.90,0.0297,true,1,39598
7290015193665,false,קמח מצה 500 גרם חמץ,,,קמח מצה 500 גרם,גרמים,500.00,100 גרם,false,,5.90,0.0118,true,1,87204
7290015282000,false,איקרה אדומה 200 גרם,"סלטי שמיר 2006 בע""מ",IL,שמיר,גרמים,200.00,100 גרם,false,,12.90,0.0645,true,1,115036
7290015282024,false,איקרה לבנה 200 גרם,"סלטי שמיר 2006 בע""מ",IL,שמיר,גרמים,200.00,100 גרם,false,,12.90,0.0645,true,1,115037
7290015282390,false,סלט תורכי 200 גרם,"סלטי שמיר 2006 בע""מ",IL,סלטי שמיר,גרמים,200.00,100 גרם,false,,11.90,0.0595,true,1,56325
7290015282581,false,חומוס עם חריף 200 גר,"סלטי שמיר 2006 בע""מ",IL,סלטי שמיר,גרמים,200.00,100 גרם,false,,9.90,0.0495,true,1,56329
7290015282598,false,חומוס מסעדות 200 גרם,"סלטי שמיר 2006 בע""מ",IL,סלטי שמיר,גרמים,200.00,100 גרם,false,,9.90,0.0495,true,1,56331
7290015282604,false,טחינה מיוחדת 200 גרם,"סלטי שמיר 2006 בע""מ",IL,סלטי שמיר,גרמים,200.00,100 גרם,false,,9.90,0.0495,true,1,56333
7290015282628,false,חציל בטעם כבד 200 גר,"סלטי שמיר 2006 בע""מ",IL,סלטי שמיר,גרמים,200.00,100 גרם,false,,11.90,0.0595,true,1,56337
7290015282635,false,חומוס מסבחה 200 גרם,"סלטי שמיר 2006 בע""מ",IL,סלטי שמיר,גרמים,200.00,100 גרם,false,,9.90,0.0495,true,1,56339
7290015282642,false,חומוס אבו גוש 200 גר,"סלטי שמיר 2006 בע""מ",IL,סלטי שמיר,גרמים,200.00,100 גרם,false,,9.90,0.0495,true,1,56341
7290015282666,false,סלט טונה בריאות 200,"סלטי שמיר 2006 בע""מ",IL,סלטי שמיר,גרמים,200.00,100 גרם,false,,16.90,0.0845,true,1,56343
7290015282673,false,חציל במיונז ביתי 200,"סלטי שמיר 2006 בע""מ",IL,סלטי שמיר,גרמים,200.00,100 גרם,false,,9.90,0.0495,true,1,56345
7290015282680,false,קישוא בטעם כבד 200 ג,"סלטי שמיר 2006 בע""מ",IL,סלטי שמיר,גרמים,200.00,100 גרם,false,,11.90,0.0595,true,1,56347
7290015282697,false,כרוב אדום 200 גרם,"סלטי שמיר 2006 בע""מ",IL,סלטי שמיר,גרמים,200.00,100 גרם,false,,11.90,0.0595,true,1,56349
7290015282710,false,קוביות סלק 200 גרם,"סלטי שמיר 2006 בע""מ",IL,סלטי שמיר,גרמים,200.00,100 גרם,false,,9.90,0.0495,true,1,56351
7290015282727,false,גזר מרוקאי  פיקנטי 2,"סלטי שמיר 2006 בע""מ",IL,סלטי שמיר,גרמים,200.00,100 גרם,false,,11.90,0.0595,true,1,56353
7290015282734,false,מטבוחה ביתית 200 גרם,"סלטי שמיר 2006 בע""מ",IL,סלטי שמיר,גרמים,200.00,100 גרם,false,,11.90,0.0595,true,1,56355
7290015282796,false,תפוחי אדמה 200 גרם,"סלטי שמיר 2006 בע""מ",IL,סלטי שמיר,גרמים,200.00,100 גרם,false,,11.90,0.0595,true,1,56368
7290015320481,false,שוקולד מריר 60% 100ג,,,שוקולד מריר 60% 100גר,גרמים,100.00,100 גרם,false,,3.90,0.0390,true,1,112917
7290015324007,false,פלפל שחור גרוס שקית,"תבליני טעם וריח בע""מ",IL,"תבליני טעם וריח בע""מ",גרמים,80.00,100 גרם,false,,9.90,0.1238,true,1,80548
7290015324014,false,פלפל שחור טחון שקית,"תבליני טעם וריח בע""מ",IL,"תבליני טעם וריח בע""מ",גרמים,80.00,100 גרם,false,,9.90,0.1238,true,1,80549
7290015324038,false,פפריקה בשמן שקית 80,"תבליני טעם וריח בע""מ",IL,"תבליני טעם וריח בע""מ",גרמים,80.00,100 גרם,false,,5.90,0.0738,true,1,80550
7290015324045,false,פפריקה חריפה שקית 80,"תבליני טעם וריח בע""מ",IL,"תבליני טעם וריח בע""מ",גרמים,80.00,100 גרם,false,,5.90,0.0738,true,1,80551
7290015324052,false,פפריקה מתוקה שקית 80,"תבליני טעם וריח בע""מ",IL,"תבליני טעם וריח בע""מ",גרמים,80.00,100 גרם,false,,5.90,0.0738,true,1,80552
7290015324069,false,גריל עוף שקית 80 גרם,"תבליני טעם וריח בע""מ",IL,"תבליני טעם וריח בע""מ",גרמים,80.00,100 גרם,false,,5.90,0.0738,true,1,80553
7290015324076,false,זעתר מעורב שקית 80 ג,"תבליני טעם וריח בע""מ",IL,"תבליני טעם וריח בע""מ",גרמים,80.00,100 גרם,false,,5.90,0.0738,true,1,80554
7290015324083,false,מלח לימון שקית 80 גר,"תבליני טעם וריח בע""מ",IL,"תבליני טעם וריח בע""מ",גרמים,80.00,100 גרם,false,,5.90,0.0738,true,1,80555
7290015324090,false,כמון טחון שקית 80 גר,"תבליני טעם וריח בע""מ",IL,"תבליני טעם וריח בע""מ",גרמים,80.00,100 גרם,false,,5.90,0.0738,true,1,80556
7290015324106,false,כורכום טחון שקית 80,"תבליני טעם וריח בע""מ",IL,"תבליני טעם וריח בע""מ",גרמים,80.00,100 גרם,false,,5.90,0.0738,true,1,80557
7290015324113,false,בהרט שקית 80 גרם,"תבליני טעם וריח בע""מ",IL,"תבליני טעם וריח בע""מ",גרמים,80.00,100 גרם,false,,5.90,0.0738,true,1,80558
7290015324120,false,שום גבישי שקית 80 גר,"תבליני טעם וריח בע""מ",IL,"תבליני טעם וריח בע""מ",גרמים,80.00,100 גרם,false,,7.90,0.0988,true,1,80559
7290015324151,false,חוואיג' למרק שקית 80,"תבליני טעם וריח בע""מ",IL,"תבליני טעם וריח בע""מ",גרמים,80.00,100 גרם,false,,5.90,0.0738,true,1,80560
7290015324168,false,על האש תיבול שקית 80,"תבליני טעם וריח בע""מ",IL,"תבליני טעם וריח בע""מ",גרמים,80.00,100 גרם,false,,5.90,0.0738,true,1,80561
7290015324175,false,שוארמה תיבול שקית 80,"תבליני טעם וריח בע""מ",IL,"תבליני טעם וריח בע""מ",גרמים,80.00,100 גרם,false,,5.90,0.0738,true,1,80562
7290015324281,false,בצל מטוגן שק.200 גר',שנידרס,NL,טעם וריח,גרמים,200.00,100 גרם,false,,7.90,0.0395,true,1,80572
7290015324427,false,סודה לשתיה שקית 80 ג,"תבליני טעם וריח בע""מ",IL,טעם וריח,גרמים,80.00,100 גרם,false,,3.90,0.0487,true,1,80573
7290015324519,false,פיצה שקית 80 גרם,"תבליני טעם וריח בע""מ",IL,טעם וריח,גרמים,80.00,100 גרם,false,,5.90,0.0738,true,1,110711
7290015324526,false,פרגיות שקית 80 גרם,"תבליני טעם וריח בע""מ",IL,טעם וריח,גרמים,80.00,100 גרם,false,,5.90,0.0738,true,1,110712
7290015324533,false,רוזמרין 55 גרם מיכל,"תבליני טעם וריח בע""מ",IL,טעם וריח,גרמים,55.00,100 גרם,false,,9.90,0.1800,true,1,110713
7290015324540,false,טימין 30 גרם מיכל גד,"תבליני טעם וריח בע""מ",IL,טעם וריח,גרמים,30.00,100 גרם,false,,9.90,0.3300,true,1,110714
7290015324557,false,בהרט לבישול 80 גרם מ,"תבליני טעם וריח בע""מ",IL,טעם וריח,גרמים,80.00,100 גרם,false,,9.90,0.1238,true,1,110721
7290015324564,false,כוזברה טחונה 70 גרם,"תבליני טעם וריח בע""מ",IL,טעם וריח,גרמים,70.00,100 גרם,false,,9.90,0.1414,true,1,110715
7290015324571,false,פפריקה מתוקה בשמן בס,"תבליני טעם וריח בע""מ",IL,טעם וריח,גרמים,400.00,100 גרם,false,,19.90,0.0497,true,1,112312
7290015324588,false,פלפל לבן טחון 100 גר,"תבליני טעם וריח בע""מ",IL,"תבליני טעם וריח בע""מ",גרמים,100.00,100 גרם,false,,12.90,0.1290,true,1,113311
7290015324663,false,צילי גרוס חריף אש 70,"תבליני טעם וריח בע""מ",IL,"תבליני טעם וריח בע""מ",גרמים,70.00,100 גרם,false,,9.90,0.1414,true,1,115997
7290015324670,false,*מבצע* מטחנת פלפל שח,קייפ הרב אנד ספייס,ZA,*מבצע* מטחנת פלפל שח,גרמים,50.00,100 גרם,false,,9.90,0.1980,true,1,125302
7290015324687,false,*מבצע* מטחנת לקט פלפ,קייפ הרב אנד ספייס,ZA,*מבצע* מטחנת לקט פלפ,גרמים,50.00,100 גרם,false,,9.90,0.1980,true,1,125303
7290015324694,false,*מבצע* מטחנת מלח ים,קייפ הרב אנד ספייס,ZA,*מבצע* מטחנת מלח ים,גרמים,100.00,100 גרם,false,,9.90,0.0990,true,1,125304
7290015324700,false,*מבצע* מטחנת מלח הימ,קייפ הרב אנד ספייס,ZA,*מבצע* מטחנת מלח הימ,גרמים,100.00,100 גרם,false,,9.90,0.0990,true,1,125305
7290015324717,false,*מבצע* מחית שום 210,ליני קאטייאמה פודסטא,CN,*מבצע* מחית שום 210,גרמים,210.00,100 גרם,false,,9.90,0.0471,true,1,123360
7290015324731,false,*מבצע* מחית גינגר 21,ליני קאטייאמה פודסטא,CN,*מבצע* מחית גינגר 21,גרמים,210.00,100 גרם,false,,9.90,0.0471,true,1,123368
7290015347273,false,נטיפי שוקולד אמיתי 2,מיה,IL,נטיפי שוקולד אמיתי 2,גרמים,250.00,100 גרם,false,,8.90,0.0356,true,1,118911
7290015347464,false,קינואה מעורבת 400 גר,"מיה תעשיות מזון בע""מ",IL,מיה,גרמים,400.00,100 גרם,false,,14.90,0.0373,true,1,48507
7290015347488,false,"סוכר דמררה שקית 1 ק""",מיה,IL,"סוכר דמררה שקית 1 ק""",קילוגרמים,1.00,"ק""ג",false,,8.90,8.9000,true,1,118916
7290015350150,false,*מבצע* יין אדום סגל,ברקן סגל,IL,סגל רגיל,מיליליטרים,750.00,"100 מ""ל",false,,19.90,0.0265,true,1,114336
7290015366373,false,ספירה אנתוש דוחה יתו,,,ספירה אנתוש דוחה יתו,מיליליטרים,50.00,"100 מ""ל",false,,11.90,0.2380,true,1,122452
7290015366663,false,"אקווה פרש 100 מ""ל",גלקסוסמיתקליין,SK,אקווה פרש,גרמים,100.00,100 גרם,false,,5.90,0.0590,true,1,43801
7290015395045,false,קינואה 400 גרם,"שקדיה גבע תעשיות בע""",IL,שקדיה,גרמים,400.00,100 גרם,false,,9.90,0.0248,true,1,32267
7290015470094,false,שוקולד מריר תפוז,ALTINMARKA,TR,טוסו,גרמים,100.00,100 גרם,false,,8.90,0.0890,true,1,40380
7290015514866,false,שקית גופיה בודד.,,,שקית גופיה בודד.,יח',1.00,יח',false,,0.10,0.1000,true,1,32590
7290015519502,false,ערכת קפה כולל בלון ג,,,ערכת קפה כולל בלון ג,יח',1.00,יח',false,,99.00,99.0000,true,1,119235
7290015519809,false,מחצלת 3*3,,,מחצלת 3*3,יח',1.00,יח',false,,99.00,99.0000,true,1,122097
7290015597326,false,אייס לייט (קלי קלות),גלידות שטראוס,IL,שטראוס,גרמים,204.00,100 גרם,false,,24.90,0.1221,true,1,38812
7290015603188,false,אטריות ביצים,xiamen zhongshi impo,CN,מזרח ומערב,גרמים,454.00,100 גרם,false,,10.90,0.0240,true,1,73011
7290015603195,false,אטריות עם תרד,xiamen zhongshi impo,CN,מזרח ומערב,גרמים,454.00,100 גרם,false,,10.90,0.0240,true,1,73013
7290015603201,false,אטריות מחיטה מלאה,xiamen zhongshi impo,CN,מזרח ומערב,גרמים,454.00,100 גרם,false,,10.90,0.0240,true,1,73015
7290015603218,false,אטריות עם עגבניה,xiamen zhongshi impo,CN,מזרח ומערב,גרמים,454.00,100 גרם,false,,10.90,0.0240,true,1,73017
7290015603522,false,נוזל אגוזי קוקוס 400,asiatic agro industr,TH,asiatic,מיליליטרים,400.00,"100 מ""ל",false,,6.90,0.0173,true,1,73023
7290015603546,false,"קרם קוקוס 400 מ""ל",theppadungporn cocon,TH,מזרח ומערב,מיליליטרים,400.00,"100 מ""ל",false,,8.90,0.0223,true,1,73025
7290015603560,false,שימורי קרם קוקוס,asiatic agro industr,TH,מזרח ומערב,מיליליטרים,400.00,"100 מ""ל",false,,9.90,0.0248,true,1,73027
7290015603584,false,ג'ינג'ר לבן כבוש ללא,Laiwu Taifeng,CN,ג'ינג'ר לבן כבוש ללא,גרמים,160.00,100 גרם,false,,7.90,0.0494,true,1,110040
7290015603591,false,ג'ינג'ר ורוד כבוש לל,,CN,ג'ינג'ר ורוד כבוש לל,גרמים,160.00,100 גרם,false,,7.90,0.0494,true,1,73029
7290015644426,false,לחם מחמצת חיטה מלאה,אנג'ל,IL,אנגל,גרמים,600.00,100 גרם,false,,16.90,0.0282,true,1,31450
7290015644433,false,לחם מחמצת 100% שיפון,אנג'ל,IL,אנגל,גרמים,650.00,100 גרם,false,,16.90,0.0260,true,1,31451
7290015652261,false,בוטנים קלויים 350 גר,"דין שיווק וקלייה בע""",IL,ששון הקולה,גרמים,350.00,100 גרם,false,,10.00,0.0286,true,1,32287
7290015652292,false,קבוקים עם שומשום 400,"דין שיווק וקלייה בע""",IL,ששון הקולה,גרמים,400.00,100 גרם,false,,10.00,0.0250,true,1,32290
7290015652315,false,חמוציות מסוכרות 300,"דין שיווק וקלייה בע""",IL,ששון  הקולה,גרמים,300.00,100 גרם,false,,10.00,0.0333,true,1,32292
7290015652322,false,בוטנים אמריקאים מצופ,"דין שיווק וקלייה בע""",IL,ששון הקולה,גרמים,400.00,100 גרם,false,,10.00,0.0250,true,1,32293
7290015652407,false,פיסטוק קלוי 250ג,ינגאון גידה סאנאבי,TR,פיצוחים,גרמים,250.00,100 גרם,false,,20.00,0.0800,true,1,32294
7290015695800,false,נבטי ברוקולי אורגני,,,נבטי ברוקולי אורגני,יח',1.00,יח',false,,10.90,10.9000,true,1,75034
7290015695855,false,נבטי חמניה אורגני,,,נבטי חמניה אורגני,יח',1.00,יח',false,,10.90,10.9000,true,1,86436
7290015695893,false,מיקס נבטוטים אורגני,,,מיקס נבטוטים אורגני,יח',1.00,יח',false,,10.90,10.9000,true,1,86439
7290015695923,false,נבטים סיניים אורגני,,,נבטים סיניים אורגני,יח',1.00,יח',false,,9.90,9.9000,true,1,86441
7290015733977,false,מטרנה HMO קומפורט 70,מטרנה,IL,מטרנה,גרמים,700.00,100 גרם,false,,67.90,0.0970,true,1,117418
7290015745178,false,מנגל נירוסטה ארוך,,,מנגל נירוסטה ארוך,יח',1.00,יח',false,,79.90,79.9000,true,1,113233
7290015766005,false,שרי תמר וויטני,,,שרי תמר וויטני,יח',1.00,יח',false,,8.90,8.9000,true,1,29583
7290015766012,false,שרי ליקופן,,,שרי ליקופן,יח',1.00,יח',false,,8.90,8.9000,true,1,108878
7290015766029,false,שרי כתום,,,שרי כתום,יח',1.00,יח',false,,8.90,8.9000,true,1,111040
7290015766043,false,עגבניות שרי מיקס,,,עגבניות שרי מיקס,יח',1.00,יח',false,,8.90,8.9000,true,1,116791
7290015781015,false,יין מלבק ויז'ן 750 מ,יקב טפרברג,IL,טפרברג,מיליליטרים,750.00,"100 מ""ל",false,,39.90,0.0532,true,1,47044
7290015781046,false,יין לבן חצי יבש ויז',יקב טפרברג,IL,טפרברג,מיליליטרים,750.00,"100 מ""ל",false,,39.90,0.0532,true,1,47046
7290015781091,false,קברנה סוביניון ויז'ן,יקב טפרברג,IL,טפרברג,מיליליטרים,750.00,"100 מ""ל",false,,39.90,0.0532,true,1,47050
7290015781107,false,יין סנג'ובזה אימפרשן,יקב טפרברג,IL,טפרברג,מיליליטרים,750.00,"100 מ""ל",false,,49.90,0.0665,true,1,47052
7290015781114,false,"מרלו אימפרשן 750 מ""ל",יקב טפרברג,IL,טפרברג,מיליליטרים,750.00,"100 מ""ל",false,,49.90,0.0665,true,1,47055
7290015781121,false,קברנה סוביניון אימפר,יקב טפרברג,IL,טפרברג,מיליליטרים,750.00,"100 מ""ל",false,,49.90,0.0665,true,1,47057
7290015781152,false,יין רוזה אימפרשן 750,יקב טפרברג,IL,טפרברג,מיליליטרים,750.00,"100 מ""ל",false,,49.90,0.0665,true,1,47063
7290015781169,false,יין אדום חצי יבש אימ,יקב טפרברג,IL,טפרברג,מיליליטרים,750.00,"100 מ""ל",false,,49.90,0.0665,true,1,47065
7290015781275,false,יין מוסקטו לבן 750 מ,יקב טפרברג,IL,טפרברג,מיליליטרים,750.00,"100 מ""ל",false,,39.90,0.0532,true,1,47069
7290015781282,false,יין גוורצטרמינר אימפ,יקב טפרברג,IL,טפרברג,מיליליטרים,750.00,"100 מ""ל",false,,49.90,0.0665,true,1,47072
7290015781299,false,"שיראז ויז'ן 750 מ""ל",יקב טפרברג,IL,טפרברג,מיליליטרים,750.00,"100 מ""ל",false,,39.90,0.0532,true,1,47074
7290015781305,false,יין סירה אימפרשן 750,יקב טפרברג,IL,טפרברג,מיליליטרים,750.00,"100 מ""ל",false,,49.90,0.0665,true,1,47076
7290015804400,false,עגבניות מרוסקות רגיל,טל וטרי,IL,טל וטרי,גרמים,250.00,100 גרם,false,,2.90,0.0116,true,1,71902
7290015804486,false,עגבניות מרוסקות לשקש,טל וטרי,IL,טל וטרי,גרמים,250.00,100 גרם,false,,2.90,0.0116,true,1,71909
7290015814980,false,קבב מסעדות חלק.,,,קבב מסעדות חלק.,קילוגרמים,1.00,"ק""ג",true,,52.90,52.9000,true,1,105555
7290015855013,false,פלפל טינקרבל ארוז,,,פלפל טינקרבל ארוז,יח',1.00,יח',false,,8.90,8.9000,true,1,107557
7290015855037,false,פלפל צילי יח',,,פלפל צילי יח',יח',1.00,יח',false,,5.90,5.9000,true,1,109196
7290015855051,false,מלפפון בייבי ארוז,,,מלפפון בייבי ארוז,יח',1.00,יח',false,,8.90,8.9000,true,1,107524
7290015855082,false,ברוקולי ארוז,,,ברוקולי ארוז,יח',1.00,יח',false,,8.90,8.9000,true,1,109198
7290015855143,false,שום קלוף יח',,,שום קלוף יח',יח',1.00,יח',false,,9.90,9.9000,true,1,109202
7290015855181,false,גינגר יח',,,גינגר יח',יח',1.00,יח',false,,7.90,7.9000,true,1,109203
7290015855228,false,אספרגוס יח',,,אספרגוס יח',יח',1.00,יח',false,,27.90,27.9000,true,1,109205
7290015855303,false,דלעת ארוז,,,דלעת ארוז,קילוגרמים,1.00,"ק""ג",true,,8.90,8.9000,true,1,109209
7290015855914,false,חסה ערבית,משתנה,IL,חסה,יח',1.00,יח',false,,3.90,3.9000,true,1,121037
7290015858106,false,פסטו ביתי עללחם 180,מדשא תעשיות מזון,IL,עללחם,גרמים,180.00,100 גרם,false,,15.90,0.0883,true,1,108582
7290015858113,false,ממרח עגבניות מיובשות,מדשא תעשיות מזון,IL,עללחם,גרמים,180.00,100 גרם,false,,15.90,0.0883,true,1,108583
7290015858144,false,ממרח ארטישוק עללחם 1,מדשא תעשיות מזון,IL,עללחם,גרמים,180.00,100 גרם,false,,15.90,0.0883,true,1,108584
7290015858175,false,ממרח פלפלים קלויים ע,מדשא תעשיות מזון,IL,עללחם,גרמים,180.00,100 גרם,false,,15.90,0.0883,true,1,108585
7290015858212,false,ממרח לימון כבוש עללח,מדשא תעשיות מזון,IL,עללחם,גרמים,180.00,100 גרם,false,,15.90,0.0883,true,1,108586
7290015858229,false,טפנד זיתי קלמטה עללח,מדשא תעשיות מזון,IL,עללחם,גרמים,180.00,100 גרם,false,,15.90,0.0883,true,1,108587
7290015858243,false,צימיצורי עללחם 180 ג,מדשא תעשיות מזון,IL,עללחם,גרמים,180.00,100 גרם,false,,15.90,0.0883,true,1,108588
7290015858328,false,איולי פסטו עללחם 295,מדשא תעשיות מזון,IL,איולי פסטו עללחם 295,גרמים,295.00,100 גרם,false,,14.90,0.0505,true,1,127004
7290015858441,false,איולי פלפלים עללחם 2,מדשא תעשיות מזון,IL,איולי פלפלים עללחם 2,גרמים,295.00,100 גרם,false,,14.90,0.0505,true,1,127005
7290015858687,false,איולי שום עללחם 295,מדשא תעשיות מזון,IL,איולי שום עללחם 295,גרמים,295.00,100 גרם,false,,14.90,0.0505,true,1,127006
7290015872096,false,*מבצע* חומוס אסלי 70,"סלטי שמיר 2006 בע""מ",IL,אסלי,גרמים,700.00,100 גרם,false,,7.90,0.0113,true,1,56378
7290015951227,false,יין גמלא סירה,יקב רמת הגולן,IL,יין גמלא סירה,מיליליטרים,750.00,"100 מ""ל",false,,59.90,0.0799,true,1,117467
7290015968102,false,*מבצע* קיסמי שיניים,W.H.J.C. Co,CN,הוסטס,יח',100.00,יח',false,,9.90,0.0990,true,1,34919
7290015968782,false,*מבצע* פדים להסרת אי,,CN,כוטון סופט,יח',3.00,יח',false,,12.90,4.3000,true,1,109326
7290016006148,false,שוופס מוגז פירות ענב,,,שוופס מוגז פירות ענב,מיליליטרים,500.00,"100 מ""ל",false,,5.00,0.0100,true,1,46642
7290016006339,false,מים מינרליים מי עדן,,,מים מינרליים מי עדן,ליטרים,4.00,ליטר,false,,9.90,2.4750,true,1,46647
7290016006346,false,שוופס סודה 0.5 ל' שי,יפאורה תבורי,IL,שוופס,מיליליטרים,500.00,"100 מ""ל",false,,13.90,0.0278,true,1,46648
7290016047301,false,קמח רב תכליתי 500 גר,אופק מן הטבע,IL,קמח רב תכליתי 500 גר,גרמים,500.00,100 גרם,false,,24.90,0.0498,true,1,118632
7290016083323,false,מעמול תמרים 500 גרם,,,מעמול תמרים 500 גרם,גרמים,500.00,100 גרם,false,,11.90,0.0238,true,1,114861
7290016083347,false,רולדה תמרים 500 גרם,,,רולדה תמרים 500 גרם,גרמים,500.00,100 גרם,false,,11.90,0.0238,true,1,114863
7290016083378,false,"עוגיות ""תמר"" במילוי",,,"עוגיות ""תמר"" במילוי",גרמים,500.00,100 גרם,false,,11.90,0.0238,true,1,114865
7290016087123,false,רוטב פסטה 240 ג פרי,פריניר,IL,פריניר,גרמים,240.00,100 גרם,false,,4.90,0.0204,true,1,50824
7290016096507,false,טונה בשמן קנולה שליש,תעשיות פילטונה,IL,פילטונה,גרמים,240.00,100 גרם,false,,11.90,0.0496,true,1,93211
7290016096934,false,סלט טונה זוג 2*160 ג,תעשיות פילטונה,IL,סלט טונה זוג 2*160 ג,גרמים,320.00,100 גרם,false,,11.90,0.0372,true,1,118090
7290016136722,false,פתיתים פנה ללא גלוטן,malino andriani,IT,GFREE,גרמים,340.00,100 גרם,false,,9.90,0.0291,true,1,38021
7290016136739,false,פתיתים פוזילי ללא גל,malino andriani,IT,GFREE,גרמים,340.00,100 גרם,false,,9.90,0.0291,true,1,38022
7290016144000,false,קמח חיטה 80% ללא צור,,,קמח חיטה 80% ללא צור,קילוגרמים,1.00,"ק""ג",false,,9.90,9.9000,true,1,112849
7290016144017,false,קמח חיטה מלא 100% לל,,,קמח חיטה מלא 100% לל,קילוגרמים,1.00,"ק""ג",false,,9.90,9.9000,true,1,112838
7290016144024,false,קמח כוסמין מלא 100%,,,קמח כוסמין מלא 100%,קילוגרמים,1.00,"ק""ג",false,,14.90,14.9000,true,1,112840
7290016144031,false,קמח חיטה לבן מנופה 1,,,קמח חיטה לבן מנופה 1,קילוגרמים,1.00,"ק""ג",false,,6.90,6.9000,true,1,112839
7290016144048,false,קמח כוסמין לבן ללא צ,,,קמח כוסמין לבן ללא צ,קילוגרמים,1.00,"ק""ג",false,,16.90,16.9000,true,1,112841
7290016144055,false,קמח כוסמין 80% ללא צ,,,קמח כוסמין 80% ללא צ,קילוגרמים,1.00,"ק""ג",false,,14.90,14.9000,true,1,112842
7290016146004,false,קמח שקד מולבן 300 גר,אלמנדוס,IL,קמח שקד מולבן 300 גר,גרמים,300.00,100 גרם,false,,27.90,0.0930,true,1,122744
7290016146141,false,סירופ מייפל אורגני 2,אלמנדוס,IL,סירופ מייפל אורגני 2,מיליליטרים,250.00,"100 מ""ל",false,,24.90,0.0996,true,1,122745
7290016150117,false,סלק וואקום 500 גרם,,,סלק וואקום 500 גרם,יח',1.00,יח',false,,5.90,5.9000,true,1,29585
7290016197488,false,שלישיית מטליות קסם ל,UFO,US,ניקול,יח',1.00,יח',false,,9.90,9.9000,true,1,45085
7290016197495,false,זוג מטלית מיקרופייבר,UFO,CN,ניקול,יח',1.00,יח',false,,15.90,15.9000,true,1,45086
7290016197839,false,השקית החזקה XL,,,השקית החזקה XL,יח',20.00,יח',false,,19.90,0.9950,true,1,45092
7290016217643,false,חמוצים סיני אסלי 400,"סלטי שמיר 2006 בע""מ",IL,אסלי,גרמים,400.00,100 גרם,false,,10.90,0.0273,true,1,120404
7290016217735,false,חציל על האש 200 גרם,"סלטי שמיר 2006 בע""מ",IL,סלטי שמיר,גרמים,200.00,100 גרם,false,,9.90,0.0495,true,1,56420
7290016217742,false,חציל בטחינה 200 גרם,"סלטי שמיר 2006 בע""מ",IL,סלטי שמיר,גרמים,200.00,100 גרם,false,,9.90,0.0495,true,1,56422
7290016217759,false,חציל מרוקאי 200 גרם,"סלטי שמיר 2006 בע""מ",IL,סלטי שמיר,גרמים,200.00,100 גרם,false,,11.90,0.0595,true,1,56424
7290016246018,false,חלבה מיקס פינוקיות ב,רושדי תעשיות מזון,IL,בארכה,גרמים,200.00,100 גרם,false,,11.90,0.0595,true,1,33814
7290016246025,false,חלבה מיקס פינוקיות ב,רושדי תעשיות מזון,IL,בארכה,גרמים,200.00,100 גרם,false,,11.90,0.0595,true,1,33815
7290016246445,false,טחינה בארכה שומשום מ,רושדי תעשיות מזון,IL,בארכה,גרמים,310.00,100 גרם,false,,10.90,0.0352,true,1,105868
7290016277470,false,שיבולת שועל דקה 350,"דין שיווק וקלייה בע""",IL,שיבולת שועל דקה 350,גרמים,350.00,100 גרם,false,,3.90,0.0111,true,1,32317
7290016277487,false,שיבולת שועל עבה 350,"דין שיווק וקלייה בע""",IL,שיבולת שועל עבה 350,גרמים,350.00,100 גרם,false,,3.90,0.0111,true,1,32318
7290016302042,false,סנדוויץ פרנה 4 יח,,,סנדוויץ פרנה 4 יח,יח',4.00,יח',false,,11.90,2.9750,true,1,121515
7290016302059,false,עשיריית ביס פרנה,,,עשיריית ביס פרנה,יח',4.00,יח',false,,11.90,2.9750,true,1,121516
7290016319187,false,עוגיות סנדוויץ' שוקו,אפיפית,IL,טוסו,גרמים,300.00,100 גרם,false,,16.90,0.0563,true,1,114699
7290016319309,false,*מבצע* פמלי אל סבון,אינטרקוסמא,IL,פמלי,ליטרים,1.00,ליטר,false,,9.90,9.9000,true,1,40412
7290016320343,false,דאק נוזל לניקוי מתקד,SC Jonson,NL,דאק,ליטרים,1.50,ליטר,false,,18.90,12.6000,true,1,40423
7290016321661,false,*מבצע* מארז מגבונים,על בד,IL,פרשוואנס,יח',288.00,יח',false,,14.90,0.0517,true,1,109577
7290016321883,false,מארז נייר טואלט לח ק,עלבד משואות יצחק,IL,פרשוואנס,יח',3.00,יח',false,,14.90,4.9667,true,1,107973
7290016321890,false,מארז נייר טואלט לח ש,עלבד משואות יצחק,IL,פרשוואנס,יח',3.00,יח',false,,14.90,4.9667,true,1,107974
7290016370096,false,זית מרוקאי יבש 340 ג,קבוצת יבנה,IL,זית מרוקאי יבש 340 ג,גרמים,340.00,100 גרם,false,,11.90,0.0350,true,1,121759
7290016370270,false,זית קלמטה ללא גלעין,קבוצת יבנה,,זית קלמטה ללא גלעין,גרמים,560.00,100 גרם,false,,11.90,0.0213,true,1,116329
7290016370959,false,חציל קלוי על האש 530,קבוצת יבנה,GR,קבוצת יבנה,גרמים,530.00,100 גרם,false,,9.90,0.0187,true,1,72798
7290016370973,false,פלפל קלוי על האש 540,קבוצת יבנה,GR,קבוצת יבנה,גרמים,540.00,100 גרם,false,,9.90,0.0183,true,1,72801
7290016372342,false,עגבניות שלישייה קובי,גרנד איטליה,IT,גרנד איטליה,קילוגרמים,1.20,"ק""ג",false,,16.90,14.0833,true,1,76212
7290016372373,false,רסק עגבניות 140*2,גרנד איטליה,IT,גרנד איטליה,גרמים,280.00,100 גרם,false,,6.90,0.0246,true,1,76214
7290016372458,false,*מבצע* לימונית לואיז,ויסוצקי,IL,ויסוצקי,גרמים,70.00,100 גרם,false,,29.90,0.4271,true,1,116658
7290016400243,false,מפיות נייר מעוטרות 2,,,מפיות נייר מעוטרות 2,יח',20.00,יח',false,,5.90,0.2950,true,1,106760
7290016400663,false,מלקחיים לסלט,,,מלקחיים לסלט,יח',1.00,יח',false,,4.90,4.9000,true,1,88879
7290016400670,false,מלקחיים למנגל,,,מלקחיים למנגל,יח',1.00,יח',false,,9.90,9.9000,true,1,88880
7290016400793,false,"מפיות נייר ""שווה"" 10",,IL,"מפיות נייר ""שווה"" 10",יח',100.00,יח',false,,4.90,0.0490,true,1,120472
7290016400960,false,מפת פלנל חלקה שווה,,,מפת פלנל חלקה שווה,יח',1.00,יח',false,,6.90,6.9000,true,1,118585
7290016400977,false,מפת פלנל עם ראנר,,,מפת פלנל עם ראנר,יח',1.00,יח',false,,4.90,4.9000,true,1,108003
7290016401820,false,תבניות רוסטר עבות 4,,,תבניות רוסטר עבות 4,יח',4.00,יח',false,,7.90,1.9750,true,1,106761
7290016401844,false,תבניות רוסטר גדול עב,,,תבניות רוסטר גדול עב,יח',2.00,יח',false,,7.90,3.9500,true,1,106762
7290016408157,false,טרליני כעכים עם קמח,אפוליה פוד,IT,טרליני כעכים,גרמים,225.00,100 גרם,false,,6.90,0.0307,true,1,45659
7290016408294,false,מרשמלו ורוד לבן וסטה,Carmit,IL,כרמית,גרמים,150.00,100 גרם,false,,4.50,0.0300,true,1,45668
7290016408393,false,קרקר עם שומשום 130 ג,דוויטה ג'יי אס,,קרקר עם שומשום 130 ג,גרמים,130.00,100 גרם,false,,5.90,0.0454,true,1,45674
7290016408423,false,קרקר עם זיתים שחורים,דוויטה ג'יי אס,,קרקר עם זיתים שחורים,גרמים,130.00,100 גרם,false,,5.90,0.0454,true,1,45681
7290016408447,false,קרקר עם עגבניות ובזי,דוויטה ג'יי אס,,קרקר עם עגבניות ובזי,גרמים,130.00,100 גרם,false,,5.90,0.0454,true,1,45685
7290016437621,false,האגיס פרידום דריי פנ,קימברלי קלארק צ'כיה,CZ,האגיס,יח',36.00,יח',false,,41.90,1.1639,true,1,45098
7290016437652,false,האגיס פרידום דריי פנ,קימברלי קלארק צ'כיה,CZ,האגיס,יח',26.00,יח',false,,41.90,1.6115,true,1,45100
7290016440218,false,עמבה 500 גרם,,,עמבה 500 גרם,גרמים,500.00,100 גרם,false,,12.90,0.0258,true,1,72252
7290016492422,false,מג'דרה 500גרם,תבליני הדור השלישי,IL,מג'דרה 500גרם,גרמים,500.00,100 גרם,false,,24.90,0.0498,true,1,106403
7290016509304,false,כדוריות לניקוי שירות,הנקל סוד,HU,הנקל סוד,מיליליטרים,50.00,"100 מ""ל",false,,7.90,0.1580,true,1,66097
7290016509809,false,*מבצע* פרסיל ג'ל קול,הנקל סוד,IL,פרסיל,ליטרים,2.50,ליטר,false,,29.90,11.9600,true,1,89607
7290016509816,false,פרסיל ג'ל קולור 4 לי,הנקל סוד,IL,פרסיל,ליטרים,4.00,ליטר,false,,44.90,11.2250,true,1,89608
7290016509847,false,*מבצע* פרסיל ג'ל בלא,הנקל סוד,IL,הנקל סוד,ליטרים,2.50,ליטר,false,,29.90,11.9600,true,1,105985
7290016523447,false,אטריות ביצים 300 גרם,פוג'יאן לונגאי,CN,מזרח ומערב,גרמים,300.00,100 גרם,false,,7.90,0.0263,true,1,73037
7290016584004,false,חטיפוני גזר 130 גר,,,חטיפוני גזר 130 גר,גרמים,130.00,100 גרם,false,,5.90,0.0454,true,1,36624
7290016584011,false,חטיפוני גזר 350 גר,,,חטיפוני גזר 350 גר,גרמים,350.00,100 גרם,false,,11.90,0.0340,true,1,36625
7290016584103,false,גזר צבעוני ארוז,,,גזר צבעוני ארוז,יח',1.00,יח',false,,10.90,10.9000,true,1,108438
7290016584219,false,שעועית ירוקה שלמה טר,,,שעועית ירוקה שלמה טר,יח',1.00,יח',false,,14.90,14.9000,true,1,115011
7290016621341,false,*מבצע* קמיל אל סבון,,IL,דר פישר,ליטרים,1.00,ליטר,false,,12.90,12.9000,true,1,48765
7290016621358,false,*מבצע* קמיל אל סבון,,IL,דר פישר,ליטרים,1.00,ליטר,false,,12.90,12.9000,true,1,48766
7290016651362,false,קיסם +חוט דנטאלי 100,,,קיסם +חוט דנטאלי 100,יח',1.00,יח',false,,9.90,9.9000,true,1,106382
7290016663426,false,עוגיות שומשום שוקולד,מורינגה עץ הפלא,IL,מורינגה,גרמים,200.00,100 גרם,false,,19.90,0.0995,true,1,108207
7290016663662,false,עוגיות מלוחות שומשום,מורינגה עץ הפלא,IL,מורינגה,גרמים,200.00,100 גרם,false,,19.90,0.0995,true,1,123052
7290016682182,false,*מבצע* שייק תמר בננה,פריניב,IL,פרי ניב,ליטרים,1.00,ליטר,false,,12.90,12.9000,true,1,86301
7290016682199,false,*מבצע* שייק תות בננה,פריניב,IL,פרי ניב,ליטרים,1.00,ליטר,false,,12.90,12.9000,true,1,86302
7290016682243,false,*מבצע* 100% מיץ אשכו,פריניב,IL,פרי ניב,ליטרים,1.00,ליטר,false,,12.90,12.9000,true,1,105478
7290016682335,false,מיץ תפוזים 2 ליטר,פריניב,IL,פרי ניב,ליטרים,2.00,ליטר,false,,24.90,12.4500,true,1,119973
7290016682342,false,*מבצע* 100% מיץ תפוז,פרי ניב,IL,פרי ניב,ליטרים,2.00,ליטר,false,,24.90,12.4500,true,1,119974
7290016682359,false,*מבצע* 100% מיץ תפוז,פרי ניב,IL,פרי ניב,ליטרים,2.00,ליטר,false,,24.90,12.4500,true,1,119975
7290016682366,false,תפוח צלול 2 ליטר,פריניב,IL,פרי ניב,ליטרים,2.00,ליטר,false,,19.50,9.7500,true,1,119976
7290016682373,false,לימונדה בלאדי 2 ליטר,פריניב,IL,פרי ניב,ליטרים,2.00,ליטר,false,,19.50,9.7500,true,1,119977
7290016682441,false,מיץ תפוזים 1 ליטר,פרי ניב,IL,מיץ תפוזים 1 ליטר,ליטרים,1.00,ליטר,false,,12.90,12.9000,true,1,120612
7290016693058,false,*מבצע* יין אמירים רז,יקבי ארזה,IL,אמירים,מיליליטרים,750.00,"100 מ""ל",false,,18.90,0.0252,true,1,46974
7290016693546,false,*מבצע* יין עונות קבר,יקבי ארזה,IL,עונות,מיליליטרים,750.00,"100 מ""ל",false,,22.90,0.0305,true,1,107918
7290016693577,false,*מבצע* יין עונות אמר,יקבי ארזה,IL,עונות,מיליליטרים,750.00,"100 מ""ל",false,,22.90,0.0305,true,1,107922
7290016693751,false,מיץ תירוש טללים 1 לי,יקבי ארזה,IL,מיץ תירוש טללים 1 לי,מיליליטרים,1000.00,"100 מ""ל",false,,10.90,0.0109,true,1,110057
7290016693799,false,*מבצע* יין מוסקטו רו,,,*מבצע* יין מוסקטו רו,מיליליטרים,750.00,"100 מ""ל",false,,32.90,0.0439,true,1,116603
7290016693898,false,*מבצע* יין בראשית פט,יקבי ארזה,IL,ארזה,מיליליטרים,750.00,"100 מ""ל",false,,32.90,0.0439,true,1,118613
7290016717044,false,*מבצע* באזז בטעם מנג,יקבי כרמל,IL,סלקטד,מיליליטרים,750.00,"100 מ""ל",false,,23.90,0.0319,true,1,107581
7290016717051,false,*מבצע* באזז רימון מב,יקבי כרמל,IL,סלקטד,מיליליטרים,750.00,"100 מ""ל",false,,23.90,0.0319,true,1,109932
7290016717099,false,סלקטד אדום חצי יבש,יקבי כרמל,IL,סלקטד,מיליליטרים,750.00,"100 מ""ל",false,,29.90,0.0399,true,1,35117
7290016717754,false,"ישן נושן 750 מ""ל",יקבי כרמל,IL,"ישן נושן 750 מ""ל",מיליליטרים,750.00,"100 מ""ל",false,,18.90,0.0252,true,1,95532
7290016823004,false,בזיליקום יח',"סורין בראן אויי בע""מ",IL,בזיליקום,יח',1.00,יח',false,,4.90,4.9000,true,1,36631
7290016823059,false,טימין - קורנית יח',,IL,בזיליקום,יח',1.00,יח',false,,4.90,4.9000,true,1,36642
7290016823066,false,רוזמרין יח',,IL,בזיליקום,יח',1.00,יח',false,,4.90,4.9000,true,1,36644
7290016865943,false,פטוצ'יני 400 גרם אור,פ.פ.ח טאביט,PL,פטוצ'יני 400 גרם אור,גרמים,400.00,100 גרם,false,,13.90,0.0348,true,1,86649
7290016866643,false,משחת שיניים פרודונטק,גלקסוסמיתקליין,SK,פרודונטקס,מיליליטרים,75.00,"100 מ""ל",false,,30.90,0.4120,true,1,89255
7290016866650,false,משחת שיניים פרודונטק,גלקסוסמיתקליין,SK,פרודונטקס,מיליליטרים,75.00,"100 מ""ל",false,,30.90,0.4120,true,1,89256
7290016866667,false,משחת שיניים פרודונטק,גלקסוסמיתקליין,SK,פרודונטקס,מיליליטרים,75.00,"100 מ""ל",false,,30.90,0.4120,true,1,89257
7290016866674,false,משחת שיניים פרודונטק,גלקסוסמיתקליין,SK,פרודונטקס,מיליליטרים,75.00,"100 מ""ל",false,,30.90,0.4120,true,1,89258
7290016866704,false,שמפו קרטין פלוס ויטמ,ארמן,IL,סטייל,מיליליטרים,750.00,"100 מ""ל",false,,24.90,0.0332,true,1,43871
7290016866711,false,מרכך קרטין פלוס ויטמ,ארמן,IL,סטייל,מיליליטרים,750.00,"100 מ""ל",false,,24.90,0.0332,true,1,43872
7290016883176,false,*מבצע* מיזלי פתיתי ש,"דין שיווק וקלייה בע""",IL,שקדיה,קילוגרמים,1.00,"ק""ג",false,,19.90,19.9000,true,1,86944
7290016967074,false,חיטה מלאה 750 גרם,אנג'ל,IL,אנגל,גרמים,750.00,100 גרם,false,,16.90,0.0225,true,1,35154
7290016967456,false,לחם מחמצת כוסמין,,IL,אנג'ל,גרמים,600.00,100 גרם,false,,16.90,0.0282,true,1,35155
7290016980103,false,בייבי בטטה,משתנה,IL,פטל אדום,יח',1.00,יח',false,,5.90,5.9000,true,1,109822
7290016998184,false,עלי חסה ערבית שטופים,נטורזה,,כרוב לבן חסלט 400 גרם,גרמים,250.00,100 גרם,false,,9.90,0.0396,true,1,116419
7290016998276,false,גזר חתוך דק 250 גרם,נטורזה,,כרוב לבן חסלט 400 גרם,גרמים,250.00,100 גרם,false,,6.90,0.0276,true,1,116412
7290017023182,false,שוופס מוגז פירות תפו,,,שוופס מוגז פירות תפו,מיליליטרים,330.00,"100 מ""ל",false,,5.00,0.0152,true,1,107059
7290017023205,false,שוופס מוגז פירות ענב,,,שוופס מוגז פירות ענב,מיליליטרים,330.00,"100 מ""ל",false,,5.00,0.0152,true,1,107061
7290017023212,false,שוופס מוגז פירות תפו,,,שוופס מוגז פירות תפו,מיליליטרים,1320.00,"100 מ""ל",false,,11.90,0.0090,true,1,88093
7290017023229,false,שוופס מוגז פירות תות,,,שוופס מוגז פירות תות,מיליליטרים,1320.00,"100 מ""ל",false,,11.90,0.0090,true,1,88094
7290017023236,false,שוופס מוגז פירות ענב,,,שוופס מוגז פירות ענב,מיליליטרים,1320.00,"100 מ""ל",false,,11.90,0.0090,true,1,88095
7290017023663,false,שוופס מוגז פירות למו,,,שוופס מוגז פירות למו,מיליליטרים,1320.00,"100 מ""ל",false,,11.90,0.0090,true,1,93168
7290017023670,false,שוופס מוגז פירות למו,,,שוופס מוגז פירות למו,מיליליטרים,330.00,"100 מ""ל",false,,5.00,0.0152,true,1,107062
7290017023854,false,"שוופס סודה 250 מ""ל ר",יפאורה תבורי,IL,"שוופס סודה 250 מ""ל ר",מיליליטרים,1000.00,"100 מ""ל",false,,11.90,0.0119,true,1,107214
7290017031477,false,סנסודיין רליף הלבנה,"סמית קליין ביצ'ם בע""",SK,סנסודיין,מיליליטרים,75.00,"100 מ""ל",false,,25.90,0.3453,true,1,108426
7290017058542,false,שמן קוקוס אורגני 414,,,שמן קוקוס אורגני 414,מיליליטרים,414.00,"100 מ""ל",false,,24.90,0.0601,true,1,89461
7290017058573,false,פרוסות פלפל חלפניו ב,אינדיה אגרו אקספורט,IN,תומר,גרמים,340.00,100 גרם,false,,6.50,0.0191,true,1,107756
7290017058689,false,*מבצע* זית שחור טבעי,מסנווי גידה,TR,*מבצע* זית שחור טבעי,גרמים,400.00,100 גרם,false,,12.90,0.0323,true,1,109939
7290017058733,false,מארז שלישייה חומוס ת,קשקמט,HU,תומר,גרמים,600.00,100 גרם,false,,7.90,0.0132,true,1,119257
7290017058795,false,תירס גמדי שלם במי מל,אינדיה אגרו אקספורט,IN,תומר,גרמים,340.00,100 גרם,false,,7.90,0.0232,true,1,107758
7290017065007,false,מוצרלה פרוסה גד 200,מחלבות גד,IL,מחלבות גד,גרמים,200.00,100 גרם,false,,16.90,0.0845,true,1,49144
7290017065137,false,ריקוטה למריחה 5% טבע,מחלבות גד,IL,מחלבות גד,גרמים,200.00,100 גרם,false,,9.90,0.0495,true,1,86723
7290017065144,false,ריקוטה למריחה 5% עם,מחלבות גד,IL,מחלבות גד,גרמים,200.00,100 גרם,false,,9.90,0.0495,true,1,86724
7290017065168,false,גבינה כחולה 100 גרם,מחלבות גד,DK,גבינות עובש,גרמים,100.00,100 גרם,false,,16.50,0.1650,true,1,88645
7290017065212,false,קרם מסקרפונה 250 גרם,מחלבות גד,IL,מחלבות גד,גרמים,250.00,100 גרם,false,,19.90,0.0796,true,1,88648
7290017065236,false,בולגרית מעודנת 24% 2,דשן,IL,מחלבות גד,גרמים,250.00,100 גרם,false,,21.90,0.0876,true,1,88649
7290017065380,false,גרנה פדנו שבבים 100ג,מחלבות גד,IT,גד,גרמים,100.00,100 גרם,false,,13.90,0.1390,true,1,107986
7290017065434,false,פרוסות גאודה בקר 200,מחלבות גד,IL,מחלבות גד,גרמים,200.00,100 גרם,false,,20.90,0.1045,true,1,108630
7290017065441,false,פרוסות גאודה עיזים 2,מחלבות גד,IL,מחלבות גד,גרמים,200.00,100 גרם,false,,31.90,0.1595,true,1,108631
7290017065526,false,קוואטרו פורמאג'י 300,מחלבות גד,IL,מחלבות גד,גרמים,300.00,100 גרם,false,,27.90,0.0930,true,1,108635
7290017065588,false,יוגורט יווני 600 גרם,מחלבות גד,IL,מחלבות גד,גרמים,600.00,100 גרם,false,,15.90,0.0265,true,1,113027
7290017065663,false,פטה עיזים מעודנת 16%,דשן,IL,מחלבות גד,גרמים,250.00,100 גרם,false,,29.90,0.1196,true,1,115573
7290017065731,false,גבינת שמנת כמהין ניו,מחלבות גד,IL,מחלבות גד,גרמים,200.00,100 גרם,false,,12.90,0.0645,true,1,117862
7290017065786,false,צ'דר,מחלבות גד,IL,צ'דר,גרמים,210.00,100 גרם,false,,20.90,0.0995,true,1,119244
7290017068367,false,שמרים יבשים 125 גרם,מיה,IL,שמרים יבשים 125 גרם,גרמים,125.00,100 גרם,false,,3.90,0.0312,true,1,118919
7290017068374,false,שמרים יבשים 500 גרם,מיה,IL,שמרים יבשים 500 גרם,גרמים,500.00,100 גרם,false,,11.90,0.0238,true,1,118920
7290017068848,false,קישוט לעוגה צבעוני 2,מיה,IL,קישוט לעוגה צבעוני 2,גרמים,200.00,100 גרם,false,,7.90,0.0395,true,1,118791
7290017068978,false,שיבולת שועל מלאה להכ,מיה,IL,שיבולת שועל מלאה להכ,גרמים,500.00,100 גרם,false,,8.90,0.0178,true,1,123141
7290017088068,false,חיתולי בייביסיטר מיד,די פי אל,IL,בייביסיטר,יח',42.00,יח',false,,32.90,0.7833,true,1,88541
7290017088075,false,חיתולי בייביסיטר מיד,די פי אל,IL,בייביסיטר,יח',40.00,יח',false,,32.90,0.8225,true,1,88542
7290017088082,false,חיתולי בייביסיטר מיד,די פי אל,IL,בייביסיטר,יח',36.00,יח',false,,32.90,0.9139,true,1,88543
7290017088099,false,חיתולי בייביסיטר מיד,די פי אל,IL,בייביסיטר,יח',34.00,יח',false,,32.90,0.9676,true,1,88544
7290017088327,false,מגבוני בייביסיטר אקס,DPL,IL,בייביסיטר פרופורמנס,יח',288.00,יח',false,,14.90,0.0517,true,1,114367
7290017088631,false,מגבוני תולי רביעיה ל,DPL,IL,תולי,יח',288.00,יח',false,,9.90,0.0344,true,1,114707
7290017088815,false,תחבושות בריז נורמל 1,EUROFIL,IT,BREEZE,יח',12.00,יח',false,,14.90,1.2417,true,1,118621
7290017088839,false,תחבושות בריז אקסטרה,EUROFIL,IT,BREEZE,יח',8.00,יח',false,,14.90,1.8625,true,1,118623
7290017088846,false,תחבושות בריז  מקסי 8,EUROFIL,IT,BREEZE,יח',8.00,יח',false,,14.90,1.8625,true,1,118624
7290017088853,false,תחתונים סופגים בריז,EUROFIL,IT,BREEZE,יח',14.00,יח',false,,64.90,4.6357,true,1,118625
7290017088877,false,תחתונים סופגים בריז,EUROFIL,IT,BREEZE,יח',14.00,יח',false,,64.90,4.6357,true,1,118627
7290017094199,false,סלט קוביות חציל ברוט,"סלטי שמיר 2006 בע""מ",IL,סלטי שמיר,גרמים,200.00,100 גרם,false,,9.90,0.0495,true,1,87310
7290017094830,false,סלט גזר ברוטב פיקנטי,"סלטי שמיר 2006 בע""מ",IL,אסלי,גרמים,400.00,100 גרם,false,,10.90,0.0273,true,1,120405
7290017094847,false,סלט תפוח אדמה אסלי 4,"סלטי שמיר 2006 בע""מ",IL,אסלי,גרמים,400.00,100 גרם,false,,10.90,0.0273,true,1,120401
7290017094854,false,סלט קולסלאו אסלי 400,"סלטי שמיר 2006 בע""מ",IL,אסלי,גרמים,400.00,100 גרם,false,,10.90,0.0273,true,1,120406
7290017094861,false,חומוס עם רוטב מסבחה,"סלטי שמיר 2006 בע""מ",IL,אסלי,גרמים,400.00,100 גרם,false,,9.90,0.0248,true,1,120402
7290017105062,false,חומוס יכין 200 גרם,זנלכל,IL,חומוס יכין 200 גרם,גרמים,200.00,100 גרם,false,,4.90,0.0245,true,1,106119
7290017105079,false,שעועית ברוטב יכין 20,זנלכל,IL,שעועית ברוטב יכין 20,גרמים,200.00,100 גרם,false,,4.90,0.0245,true,1,106120
7290017105086,false,שעועית צ'ילי יכין 20,זנלכל,IL,שעועית צ'ילי יכין 20,גרמים,200.00,100 גרם,false,,4.90,0.0245,true,1,106121
7290017105116,false,תורמוס יכין 200 גרם,זנלכל,IL,תורמוס יכין 200 גרם,גרמים,200.00,100 גרם,false,,4.90,0.0245,true,1,106124
7290017105123,false,פול יכין 200 גרם,זנלכל,IL,פול יכין 200 גרם,גרמים,200.00,100 גרם,false,,4.90,0.0245,true,1,106125
7290017105369,false,סירופ תה בטעם אפרסק,,,סירופ תה בטעם אפרסק,מיליליטרים,1000.00,"100 מ""ל",false,,16.90,0.0169,true,1,108561
7290017105468,false,שלישיית אפונה קטנה י,זנלכל,IL,שלישיית אפונה קטנה י,גרמים,600.00,100 גרם,false,,14.90,0.0248,true,1,111478
7290017105550,false,מאגדת רביעיית רסק עג,זנלכל,IL,יכין,גרמים,400.00,100 גרם,false,,11.90,0.0298,true,1,110722
7290017106069,false,סלק קוביות יכין 550,זנלכל,IL,יכין,גרמים,550.00,100 גרם,false,,9.90,0.0180,true,1,112048
7290017121086,false,אריסה ביתית מתוקה על,מדשא תעשיות מזון,IL,עללחם,גרמים,250.00,100 גרם,false,,12.90,0.0516,true,1,121140
7290017121093,false,אריסה חריפה עללחם 25,מדשא תעשיות מזון,IL,עללחם,גרמים,250.00,100 גרם,false,,12.90,0.0516,true,1,108590
7290017129884,false,מאגדת שוקולד מריר 44,כרמית,IL,מאגדת שוקולד מריר 44,גרמים,85.00,100 גרם,false,,14.90,0.1753,true,1,123614
7290017129983,false,שוקו צ'יפס לבן פרווה,Carmit,IL,כרמית,גרמים,250.00,100 גרם,false,,9.90,0.0396,true,1,106599
7290017139272,false,פמינה תחליב אינטימית,כצט,IL,כצט,מיליליטרים,220.00,"100 מ""ל",false,,21.90,0.0995,true,1,106010
7290017140650,false,תערובת לעוגת שוקולד,אופק מן הטבע,IL,תערובת לעוגת שוקולד,גרמים,500.00,100 גרם,false,,17.90,0.0358,true,1,121790
7290017142111,false,טונה TO GO בשמן זית,שמן תעשיות,IL,עץ הזית,גרמים,85.00,100 גרם,false,,9.90,0.1165,true,1,88993
7290017142128,false,*מבצע* שמן זית כתית,שמן תעשיות,IL,עץ הזית,מיליליטרים,750.00,"100 מ""ל",false,,29.90,0.0399,true,1,87866
7290017142159,false,*מבצע* נתחי טונה בהי,שמן תעשיות,IL,עץ הזית,גרמים,240.00,100 גרם,false,,19.90,0.0829,true,1,88994
7290017142203,false,פילה טונה בטעם מעושן,שמן תעשיות,IL,עץ הזית,גרמים,120.00,100 גרם,false,,14.90,0.1242,true,1,108596
7290017142234,false,טונה TO GO בשמן מעוש,שמן תעשיות,IL,עץ הזית,גרמים,85.00,100 גרם,false,,9.90,0.1165,true,1,109737
7290017142289,false,תרסיס שמן חמניות ללא,שמן תעשיות,IL,עץ הזית,מיליליטרים,200.00,"100 מ""ל",false,,15.90,0.0795,true,1,106542
7290017142395,false,פסטה עם טונה בשמן זי,,,עץ הזית,גרמים,160.00,100 גרם,false,,13.90,0.0869,true,1,111736
7290017142401,false,קינואה לבנה ואדומה ע,,,עץ הזית,גרמים,160.00,100 גרם,false,,13.90,0.0869,true,1,115654
7290017142418,false,אורז עם עדשים וטונה,,,עץ הזית,גרמים,160.00,100 גרם,false,,13.90,0.0869,true,1,111737
7290017142487,false,בורגול עם גרגירי חומ,,,עץ הזית,גרמים,160.00,100 גרם,false,,13.90,0.0869,true,1,118012
7290017252636,false,עוגת דבש 270 גרם,"אס.אף.אס מאפים בע""מ",IL,עוגת דבש 270 גרם,גרמים,270.00,100 גרם,false,,3.90,0.0144,true,1,126177
7290017266046,false,וופל קראנץ שוקולד 30,"גילרו בע""מ",IL,עלמה,גרמים,600.00,100 גרם,false,,14.90,0.0248,true,1,126705
7290017266725,false,חטיף מיני קראנצ' 40,"גילרו בע""מ",IL,עלמה,גרמים,480.00,100 גרם,false,,14.90,0.0310,true,1,126703
7290017266909,false,וופלים במילוי קרם בט,"גילרו בע""מ",IL,וופלים במילוי קרם בט,גרמים,200.00,100 גרם,false,,3.90,0.0195,true,1,123046
7290017275345,false,טחינה גולמית בקבוק ל,"אחדות ביח""ר לטחינה ח",IL,טחינה גולמית בקבוק ל,גרמים,350.00,100 גרם,false,,7.90,0.0226,true,1,121383
7290017275482,false,סירופ בטעם ענבים 900,"אחדות ביח""ר לטחינה ח",IL,סירופ בטעם ענבים 900,מיליליטרים,900.00,"100 מ""ל",false,,15.90,0.0177,true,1,121384
7290017275505,false,סירופ בטעם פטל 900 מ,"אחדות ביח""ר לטחינה ח",IL,סירופ בטעם פטל 900 מ,מיליליטרים,900.00,"100 מ""ל",false,,15.90,0.0177,true,1,121386
7290017289168,false,יין אדום יבש ישראלי,יקב טפרברג,IL,יין אדום יבש ישראלי,מיליליטרים,750.00,"100 מ""ל",false,,21.90,0.0292,true,1,106819
7290017289182,false,יין לבן חצי יבש ישרא,יקב טפרברג,IL,יין לבן חצי יבש ישרא,מיליליטרים,750.00,"100 מ""ל",false,,21.90,0.0292,true,1,106821
7290017289601,false,בלנד לבן 150 שנה IMP,יקב טפרברג,IL,טפרברג,מיליליטרים,750.00,"100 מ""ל",false,,49.90,0.0665,true,1,113380
7290017289618,false,פטיט סירה 150 שנה IM,יקב טפרברג,IL,טפרברג,מיליליטרים,750.00,"100 מ""ל",false,,49.90,0.0665,true,1,113381
7290017296142,false,גרנולה חלבה ושוקולד,אפקט טבעי,IL,פנינה רוזנבלום בע'מ,גרמים,500.00,100 גרם,false,,24.90,0.0498,true,1,114349
7290017296159,false,גרנולה תפוח וקינמון,אפקט טבעי,IL,פנינה רוזנבלום בע'מ,גרמים,500.00,100 גרם,false,,24.90,0.0498,true,1,114350
7290017297149,false,גרגירי חומוס להכנת ח,"פרי הגליל בע""""מ",IL,פרי הגליל,גרמים,550.00,100 גרם,false,,7.90,0.0144,true,1,115856
7290017297194,false,לקט ירקות לתנור 800,ויטה פרי גליל,IL,לקט ירקות לתנור 800,גרמים,800.00,100 גרם,false,,16.90,0.0211,true,1,116438
7290017297323,false,רוטב עגבניות מרוכז ט,"מילוז(1989)בע""""מ",IL,טל,גרמים,100.00,100 גרם,false,,1.50,0.0150,true,1,119179
7290017297330,false,רוטב עגבניות מרוכז B,טל וטרי,IL,טל וטרי,גרמים,240.00,100 גרם,false,,2.90,0.0121,true,1,121501
7290017297644,false,*מבצע* ברוקולי קפוא,"פרי הגליל בע""""מ",IL,פרי הגליל,גרמים,800.00,100 גרם,false,,13.90,0.0174,true,1,120151
7290017303567,false,"מלוחים קצח ""תמר"" 500",,,"מלוחים קצח ""תמר"" 500",גרמים,500.00,100 גרם,false,,11.90,0.0238,true,1,68468
7290017303574,false,"מלוחים שומשום ""תמר""",,,"מלוחים שומשום ""תמר""",גרמים,500.00,100 גרם,false,,11.90,0.0238,true,1,68470
7290017303604,false,"עוגיות גרנולה ""תמר""",,,"עוגיות גרנולה ""תמר""",גרמים,600.00,100 גרם,false,,11.90,0.0198,true,1,68476
7290017303611,false,"כעכים קקאו ""תמר"" 500",,,"כעכים קקאו ""תמר"" 500",גרמים,500.00,100 גרם,false,,11.90,0.0238,true,1,68478
7290017303628,false,"עוגיות כתר תות ""תמר""",,,"עוגיות כתר תות ""תמר""",גרמים,600.00,100 גרם,false,,11.90,0.0198,true,1,68480
7290017303659,false,עוגיות מרוקאיות מיני,,,עוגיות מרוקאיות מיני,גרמים,500.00,100 גרם,false,,11.90,0.0238,true,1,68486
7290017303666,false,"עוגיות שוקוציפס ""תמר",,,"עוגיות שוקוציפס ""תמר",גרמים,600.00,100 גרם,false,,11.90,0.0198,true,1,68488
7290017303673,false,עוגיות שוקוציפס לבן,,,עוגיות שוקוציפס לבן,גרמים,600.00,100 גרם,false,,11.90,0.0198,true,1,68490
7290017303680,false,"כעכים מרוקאי ""תמר"" 5",,,"כעכים מרוקאי ""תמר"" 5",גרמים,500.00,100 גרם,false,,11.90,0.0238,true,1,68492
7290017303802,false,מלוואח כשלפ 600 גרם,מאפיית אריאל,,"בורקס גבינה כשל""פ 600 גרם",גרמים,600.00,100 גרם,false,,21.90,0.0365,true,1,87969
7290017304885,false,שיפון וחיטה מלאה  75,אנג'ל,IL,אנגל,גרמים,750.00,100 גרם,false,,16.90,0.0225,true,1,109734
7290017373607,false,לשון חלק  קפוא,,,לשון חלק  קפוא,קילוגרמים,1.00,"ק""ג",true,,29.90,29.9000,true,1,95544
7290017386348,false,שקד מולבן טחון 250 ג,,,שקד מולבן טחון 250 ג,גרמים,250.00,100 גרם,false,,16.90,0.0676,true,1,124200
7290017406381,false,פירורי לחם מתובלים ג,,,פירורי לחם מתובלים 500ג,גרמים,500.00,100 גרם,false,,7.90,0.0158,true,1,106803
7290017406398,false,פירורי לחם מתובלים ש,,,פירורי לחם מתובלים 500ג,גרמים,500.00,100 גרם,false,,7.90,0.0158,true,1,106808
7290017440248,false,מרכך סרקל לשיער מתול,"ד""ר פישר",IL,סרקל,ליטרים,1.00,ליטר,false,,28.90,28.9000,true,1,106018
7290017440286,false,"מרכך קידס 750 מ""ל",,,"מרכך קידס 750 מ""ל",מיליליטרים,750.00,"100 מ""ל",false,,16.90,0.0225,true,1,109716
7290017440798,false,"ד""ר פישר מרכך SILVER",,IL,דר פישר,מיליליטרים,400.00,"100 מ""ל",false,,29.90,0.0747,true,1,109243
7290017457727,false,סוד מרכך מרוכז פרש ס,הנקל סוד,IL,סוד,מיליליטרים,900.00,"100 מ""ל",false,,11.90,0.0132,true,1,108795
7290017457734,false,סוד מרכך מרוכז רוז ו,הנקל סוד,IL,סוד,מיליליטרים,900.00,"100 מ""ל",false,,11.90,0.0132,true,1,108796
7290017457932,false,סוד מרכך מרוכז כחול,הנקל סוד,IL,סוד,מיליליטרים,900.00,"100 מ""ל",false,,11.90,0.0132,true,1,116007
7290017513485,false,*מבצע* מחית עגבניות,,,מחית עגבניות,גרמים,680.00,100 גרם,false,,9.90,0.0146,true,1,111440
7290017513775,false,בייגלה פליפז מצופה ש,אולקר מקבוצת פלאדיס,TR,פליפז,גרמים,140.00,100 גרם,false,,8.90,0.0636,true,1,113293
7290017513782,false,בייגלה פליפז מצופה ש,אולקר מקבוצת פלאדיס,TR,פליפז,גרמים,140.00,100 גרם,false,,8.90,0.0636,true,1,113294
7290017589565,false,יין גוורצטרמינר קלאס,ברקן סגל,IL,קלאסיק,מיליליטרים,750.00,"100 מ""ל",false,,32.90,0.0439,true,1,107753
7290017589633,false,*מבצע* יין רזרב קברנ,ברקן סגל,IL,ספיישל רזרב,מיליליטרים,750.00,"100 מ""ל",false,,39.90,0.0532,true,1,107754
7290017599229,false,סוכרזית סוכרלוז 200,ביסקול,IL,סוכרזית סוכרלוז 200,יח',200.00,יח',false,,19.90,0.0995,true,1,120633
7290017599236,false,סוכרזית סטיוויה 200,ביסקול,IL,סוכרזית סטיוויה 200,יח',200.00,יח',false,,22.90,0.1145,true,1,120634
7290017599267,false,סוכרזית סוכרלוז 120,ביסקול,IL,סוכרזית סוכרלוז 120,גרמים,120.00,100 גרם,false,,24.90,0.2075,true,1,124039
7290017616223,false,שעועית ירוקה שלמה יו,,,שעועית ירוקה שלמה יו,גרמים,800.00,100 גרם,false,,6.90,0.0086,true,1,121303
7290017616278,false,שעועית ירוקה חתוכה 8,,,שעועית ירוקה חתוכה 8,גרמים,800.00,100 גרם,false,,6.90,0.0086,true,1,121304
7290017616315,false,שעועית ירוקה שלמה עד,,,שעועית ירוקה שלמה עד,גרמים,600.00,100 גרם,false,,9.90,0.0165,true,1,121335
7290017616339,false,אפונה עדינה 600 גרם,,,אפונה עדינה 600 גרם,גרמים,600.00,100 גרם,false,,9.90,0.0165,true,1,121306
7290017616452,false,אפונה וגזר 800 גרם,,,אפונה וגזר 800 גרם,גרמים,800.00,100 גרם,false,,8.90,0.0111,true,1,121307
7290017616483,false,לקט ירקות מעורבים קפ,,,לקט ירקות מעורבים קפ,גרמים,800.00,100 גרם,false,,8.90,0.0111,true,1,121308
7290017616711,false,שיני שום קפואות 250,ג'קסיאן,CN,פרוסטי,יחידה,0.00,יחידה,false,,7.90,0.0000,true,1,116714
7290017616759,false,לקט לקוסקוס 800 גרם,,,לקט לקוסקוס 800 גרם,גרמים,800.00,100 גרם,false,,8.90,0.0111,true,1,121309
7290017616964,false,במיה 600 גרם,,,במיה 600 גרם,גרמים,600.00,100 גרם,false,,7.90,0.0132,true,1,121310
7290017616971,false,תחתיות ארטישוק 400 ג,,,תחתיות ארטישוק 400 ג,גרמים,400.00,100 גרם,false,,7.90,0.0198,true,1,121311
7290017616995,false,פולי סויה אדממה 600,,,פולי סויה אדממה 600,גרמים,600.00,100 גרם,false,,9.90,0.0165,true,1,121313
7290017617138,false,ס.ק  דל נתרן בשמן קנ,"סטארקיסט פודור בע""מ",TH,סטארקיסט,גרמים,640.00,100 גרם,false,,24.90,0.0389,true,1,116510
7290017618111,false,עוגיות מלבן שקדים עם,קונדטוריות לחמי,IL,לחמי,גרמים,180.00,100 גרם,false,,18.90,0.1050,true,1,106766
7290017641096,false,שוקולד פרימיום70% לל,,IL,שוקולד פרימיום70% לל,גרמים,100.00,100 גרם,false,,7.90,0.0790,true,1,123617
7290017641102,false,שוקולד פרימיום70% לל,,IL,שוקולד פרימיום70% לל,גרמים,100.00,100 גרם,false,,7.90,0.0790,true,1,123741
7290017641195,false,קרקר עם שיפון מלא וג,דוויטה ג'יי אס,,קרקר עם שיפון מלא וג,גרמים,130.00,100 גרם,false,,5.90,0.0454,true,1,108604
7290017641201,false,קרקר עם שיפון מלא וק,דוויטה ג'יי אס,,קרקר עם שיפון מלא וק,גרמים,130.00,100 גרם,false,,5.90,0.0454,true,1,108605
7290017641379,false,מאגדת שוקולד  חלב 44,כרמית,IL,מאגדת שוקולד  חלב 44,גרמים,85.00,100 גרם,false,,14.90,0.1753,true,1,123615
7290017677804,false,רוטב סויה קיקומן 444,קיקומן פודז אינק,US,קיקומן,מיליליטרים,444.00,"100 מ""ל",false,,19.90,0.0448,true,1,109401
7290017712239,false,פרמיו שימורי מזון מל,,,פרמיו שימורי מזון מל,יחידה,0.00,יחידה,false,,5.90,0.0000,true,1,114034
7290017712727,false,פרמיו גור בקר וכבד 1,,,פרמיו גור בקר וכבד 1,גרמים,100.00,100 גרם,false,,4.90,0.0490,true,1,116645
7290017712765,false,פרמיו סלמון ופורל 10,,,פרמיו סלמון ופורל 10,גרמים,100.00,100 גרם,false,,4.90,0.0490,true,1,116649
7290017712796,false,פרמיו סטריליז דג קוד,,,פרמיו סטריליז דג קוד,גרמים,100.00,100 גרם,false,,4.90,0.0490,true,1,116652
7290017715254,false,שלישיית תירס תבל 3*1,קשקמט,HU,תבל,גרמים,495.00,100 גרם,false,,7.90,0.0160,true,1,110803
7290017729275,false,סיון גליל נייר מודפס,,,סיון גליל נייר מודפס,יח',6.00,יח',false,,13.90,2.3167,true,1,108330
7290017729657,false,פנסי לבן 150 חד שכבת,חי,IL,פנסי,יח',150.00,יח',false,,5.90,0.0393,true,1,119750
7290017812052,false,אקסלנס שיראז קברנה ס,יקבי כרמל,IL,יקבי כרמל,מיליליטרים,750.00,"100 מ""ל",false,,24.90,0.0332,true,1,106421
7290017812571,false,תירוש אדום 1 ליטר 10,יקבי כרמל,IL,מיץ ענבים,ליטרים,1.00,ליטר,false,,19.90,19.9000,true,1,112135
7290017812588,false,תירוש לבן 1 ליטר 100,יקבי כרמל,IL,מיץ ענבים,ליטרים,1.00,ליטר,false,,19.90,19.9000,true,1,112136
7290017812663,false,תירוש מבעבע לבן 750,ג'אקובזי,IT,תירוש מבעבע לבן 750,מיליליטרים,750.00,"100 מ""ל",false,,19.90,0.0265,true,1,117603
7290017812830,false,רוזה פרייבט קולקשיין,יקבי כרמל,IL,Private collection,מיליליטרים,750.00,"100 מ""ל",false,,39.90,0.0532,true,1,118904
7290017812847,false,יין גוורצטרמינר סלקט,יקבי כרמל,IL,סלקטד,מיליליטרים,750.00,"100 מ""ל",false,,29.90,0.0399,true,1,116659
7290017812885,false,סוביניון בלאן גוורצט,יקבי כרמל,IL,Private collection,מיליליטרים,750.00,"100 מ""ל",false,,39.90,0.0532,true,1,117729
7290017841595,false,חושן קערה עגולה לסלט,,,חושן קערה עגולה לסלט,יח',1.00,יח',false,,5.90,5.9000,true,1,119958
7290017842127,false,נייר לעטיפת סנדוויץ',מ.ב.נייר,IL,אמנון ותמר,יח',100.00,יח',false,,8.90,0.0890,true,1,123797
7290017842806,false,צלחות ענקיות מעלי דק,,,צלחות ענקיות מעלי דק,יח',10.00,יח',false,,14.90,1.4900,true,1,120518
7290017842813,false,צלחות גדולות מעלי דק,,,צלחות גדולות מעלי דק,יח',10.00,יח',false,,12.90,1.2900,true,1,120519
7290017842820,false,צלחות קטנות מעלי דקל,,,צלחות קטנות מעלי דקל,יח',10.00,יח',false,,9.90,0.9900,true,1,120520
7290017842837,false,מרקיות מעלי דקל שווה,,,מרקיות מעלי דקל שווה,יח',10.00,יח',false,,9.90,0.9900,true,1,120521
7290017842851,false,מגשים עגולים ענקיים,,,מגשים עגולים ענקיים,יח',5.00,יח',false,,9.90,1.9800,true,1,120523
7290017842868,false,מגשים אובלים קטנים מ,,,מגשים אובלים קטנים מ,יח',5.00,יח',false,,7.90,1.5800,true,1,120524
7290017871363,false,פמלי סבון ידיים יהלו,,,פמילי,מיליליטרים,500.00,"100 מ""ל",false,,9.90,0.0198,true,1,112514
7290017871370,false,פמלי סבון ידיים יהלו,,,פמילי,מיליליטרים,500.00,"100 מ""ל",false,,9.90,0.0198,true,1,112515
7290017871424,false,חטיף תמרים ובוטנים ל,תות תעשיות מזון,IL,טוסו,גרמים,140.00,100 גרם,false,,16.90,0.1207,true,1,110936
7290017871554,false,חטיף תמרים ושברי קקא,תות תעשיות מזון,IL,טוסו,גרמים,140.00,100 גרם,false,,16.90,0.1207,true,1,110938
7290017871707,false,חטיף פצפוצי אורז וקו,תות תעשיות מזון,IL,טוסו,גרמים,105.00,100 גרם,false,,16.90,0.1610,true,1,110710
7290017872049,false,אל סבון פמלי בניחוח,אברנסל קוסמטיקס,TR,פמלי,ליטרים,1.50,ליטר,false,,13.90,9.2667,true,1,114989
7290017872063,false,אל סבון פמלי ארומתרפ,אברנסל קוסמטיקס,TR,פמלי,ליטרים,1.50,ליטר,false,,13.90,9.2667,true,1,114991
7290017872162,false,"עוגיות אגוזי לוז לל""","רוקחמן בע""מ",IL,טוסו,גרמים,200.00,100 גרם,false,,14.90,0.0745,true,1,114460
7290017872186,false,"עוגיות פקאן לל""ס 200","רוקחמן בע""מ",IL,טוסו,גרמים,200.00,100 גרם,false,,14.90,0.0745,true,1,114461
7290017872193,false,עוגיות שקדים וקינמון,"רוקחמן בע""מ",IL,טוסו,גרמים,200.00,100 גרם,false,,14.90,0.0745,true,1,114465
7290017872650,false,פמלי סבון ידיים יהלו,,,פמילי,מיליליטרים,500.00,"100 מ""ל",false,,9.90,0.0198,true,1,115107
7290017872667,false,פמלי סבון ידיים יהלו,,,פמילי,מיליליטרים,500.00,"100 מ""ל",false,,9.90,0.0198,true,1,115108
7290017872919,false,סטיביה ממתיק במרקם ס,"י. כהן בע""מ",IL,סטיביה ממתיק במרקם ס,גרמים,200.00,100 גרם,false,,28.90,0.1445,true,1,118645
7290017873008,false,גלילונית שקיות להקפא,"אשפלסט תעשיות בע""מ",IL,גלילונית,יח',275.00,יח',false,,11.90,0.0433,true,1,120037
7290017873039,false,גלילונית סנדוויץ' זו,"קינג באג בע""מ",TH,גלילונית,יח',320.00,יח',false,,9.90,0.0309,true,1,120038
7290017888019,false,פרוט & וג' תפוח רימו,יפאורה תבורי,IL,פרוט & וג' תפוח רימו,מיליליטרים,350.00,"100 מ""ל",false,,7.50,0.0214,true,1,108211
7290017888026,false,פרוט & וג' אננס תפוח,יפאורה תבורי,IL,פרוט & וג' אננס תפוח,מיליליטרים,350.00,"100 מ""ל",false,,7.50,0.0214,true,1,108212
7290017888095,false,שוופס מוגז עדין פירו,יפאורה תבורי,IL,שוופס,מיליליטרים,1320.00,"100 מ""ל",false,,11.90,0.0090,true,1,109126
7290017888729,false,שוופס סודה 1 ל',יפאורה תבורי,IL,יפאורה,ליטרים,1.00,ליטר,false,,3.90,3.9000,true,1,114470
7290017888972,false,מים מינרליים מי עדן,יפאורה תבורי,IL,מי עדן,ליטרים,1.00,ליטר,false,,3.90,3.9000,true,1,114636
7290017894041,false,דגש - פתיתי שיבולת ש,,,דגש - פתיתי שיבולת ש,גרמים,400.00,100 גרם,false,,18.90,0.0472,true,1,123410
7290017894089,false,דגש קמח שיבולת שועל,,,דגש קמח שיבולת שועל,יחידה,500.00,יחידה,false,,19.90,0.0398,true,1,123413
7290017894102,false,דגש - פנה אורז תירס,,,דגש - פנה אורז תירס,יחידה,400.00,יחידה,false,,9.90,0.0248,true,1,123414
7290017894119,false,דגש - פוזילי אורז תי,,,דגש - פוזילי אורז תי,יחידה,400.00,יחידה,false,,9.90,0.0248,true,1,123415
7290017894126,false,דגש - פוזילי טריקולו,,,דגש - פוזילי טריקולו,יחידה,400.00,יחידה,false,,9.90,0.0248,true,1,123416
7290017894256,false,דגש - פריכיות אורז מ,,,דגש - פריכיות אורז מ,יחידה,230.00,יחידה,false,,13.90,0.0604,true,1,123419
7290017917382,false,*מבצע* קמיל אל סבון,,IL,דר פישר,ליטרים,1.00,ליטר,false,,12.90,12.9000,true,1,109721
7290017924656,false,ממרח תמרים טבעי 300,משק צור מושב עין יהב,,ממרח תמרים טבעי 300,גרמים,300.00,100 גרם,false,,9.90,0.0330,true,1,121965
7290017925554,false,*מבצע* בירה באדוויזר,באדוויזר בודוואר צכי,,*מבצע* בירה באדוויזר,ליטרים,1.65,ליטר,false,,24.90,15.0909,true,1,121580
7290017925967,false,מארז בירה מלכה רביעי,בירה מלכה,IL,מארז בירה מלכה רביעי,ליטרים,1.32,ליטר,false,,41.90,31.7424,true,1,126699
7290017928036,false,מקלות גריסיני שומשום,מאיר בייגל,IL,מאיר בייגל,גרמים,175.00,100 גרם,false,,11.90,0.0680,true,1,111464
7290017928043,false,גריסיני קראנץ' עם מל,מאיר בייגל,IL,מאיר בייגל,גרמים,175.00,100 גרם,false,,11.90,0.0680,true,1,111479
7290017928463,false,*מבצע* שברי בייגלה ב,סבימקס,BG,*מבצע* שברי בייגלה ב,גרמים,300.00,100 גרם,false,,10.00,0.0333,true,1,116794
7290017928616,false,בייגלה שטוח'לה שומשו,מאיר בייגל,IL,מאיר בייגל,גרמים,300.00,100 גרם,false,,10.90,0.0363,true,1,111471
7290017928630,false,גריסיני קראנץ' פינוק,מאיר בייגל,IL,מאיר בייגל,גרמים,175.00,100 גרם,false,,11.90,0.0680,true,1,111483
7290017928661,false,*מבצע* שברי בייגלה ב,סבימקס,BG,*מבצע* שברי בייגלה ב,גרמים,300.00,100 גרם,false,,10.00,0.0333,true,1,116795
7290017928685,false,בייגלה שמיניות מלח 4,מאיר בייגל,IL,מאיר בייגל,גרמים,400.00,100 גרם,false,,10.90,0.0273,true,1,119818
7290017928821,false,מקלות גריסיני קלאסי,מאיר בייגל,IL,מאיר בייגל,גרמים,200.00,100 גרם,false,,11.90,0.0595,true,1,111475
7290017947105,false,לחם בסגנון אמריקה אנ,אנג'ל,IL,אנגל,גרמים,500.00,100 גרם,false,,14.90,0.0298,true,1,112108
7290017947464,false,פיתות כוסמין שמיניה,אנג'ל,IL,אנגל,8   יח,8.00,8   יח,false,,15.90,1.9875,true,1,115285
7290017947495,false,לחמניות כוסמין 6 יחי,אנג'ל,IL,לחמניות כוסמין,גרמים,450.00,100 גרם,false,,15.90,0.0353,true,1,116066
7290017947891,false,כוסמין וחיטה מלאה 75,אנג'ל,IL,אנגל,גרמים,750.00,100 גרם,false,,16.90,0.0225,true,1,112109
7290017947921,false,שישיית לחמניות המבור,אנג'ל,IL,אנגל,יח,6.00,יח,false,,14.90,2.4833,true,1,112613
7290017947938,false,לחמניות מיני המבורגר,אנג'ל,IL,לחמניות,גרמים,400.00,100 גרם,false,,14.90,0.0373,true,1,116064
7290017973043,false,ריבת דובדבנים 900 גר,"י.א.א עולם הפרי בע""מ",IL,רוסמן,גרמים,900.00,100 גרם,false,,19.90,0.0221,true,1,109900
7290018023495,false,טחינה סבא חביב 500 ג,מ.א ושות',IL,סבא חביב,גרמים,500.00,100 גרם,false,,14.90,0.0298,true,1,117221
7290018045084,false,*מבצע* דגנים במילוי,monday,DE,*מבצע* דגנים במילוי,גרמים,480.00,100 גרם,false,,15.90,0.0331,true,1,120966
7290018045497,false,*מבצע* דגנים במילוי,monday,DE,*מבצע* דגנים במילוי,גרמים,480.00,100 גרם,false,,15.90,0.0331,true,1,120967
7290018045695,false,*מבצע* דגנים במילוי,monday,DE,*מבצע* דגנים במילוי,גרמים,480.00,100 גרם,false,,15.90,0.0331,true,1,120968
7290018045893,false,*מבצע* דגנים במילוי,monday,DE,*מבצע* דגנים במילוי,גרמים,480.00,100 גרם,false,,15.90,0.0331,true,1,120969
7290018091029,false,מקלות פילו תפוא 450,מעדנות,IL,מעדנות,גרמים,450.00,100 גרם,false,,17.90,0.0398,true,1,112812
7290018091265,false,פיצה נפוליטנה,תנובה,IL,פיצה נפוליטנה,גרמים,330.00,100 גרם,false,,19.90,0.0603,true,1,119615
7290018091661,false,פיצה שוק,תנובה,IL,פיצה שוק,גרמים,380.00,100 גרם,false,,19.90,0.0524,true,1,119616
7290018091821,false,פיצה נפוליטנה מעדנות,מעדנות,IL,מעדנות,גרמים,200.00,100 גרם,false,,14.90,0.0745,true,1,115793
7290018108239,false,חסה לליק,סיסה ס.ר.ל,IL,חסה לליק,יח',1.00,יח',false,,12.90,12.9000,true,1,126909
7290018131855,false,אקסטרים בראוניז 6 יח,גלידות נסטלה,IL,אקסטרים,יח',6.00,יח',false,,32.90,5.4833,true,1,117823
7290018132388,false,מטרנה גולד 700 גרם ש,מטרנה,IL,מטרנה גולד 700 גרם ש,גרמים,700.00,100 גרם,false,,74.90,0.1070,true,1,125312
7290018156124,false,שלישיית אל סבון קמיל,"ד""ר פישר",IL,קמיל,גרמים,1.50,100 גרם,false,,19.90,13.2667,true,1,111673
7290018165447,false,*מבצע* יין רזרב מרלו,ברקן סגל,IL,ספיישל רזרב,מיליליטרים,750.00,"100 מ""ל",false,,39.90,0.0532,true,1,116593
7290018186008,false,שרי אשכולות ארוז,,,שרי אשכולות ארוז,גרמים,460.00,100 גרם,false,,8.90,0.0193,true,1,111017
7290018192023,false,סלרי חתוך יח',,,סלרי חתוך יח',יח',1.00,יח',false,,5.90,5.9000,true,1,111081
7290018192658,false,מארז פטריות זוג איטל,,IL,מארז פטריות זוג,יח',1.00,יח',false,,15.90,15.9000,true,1,115106
7290018194065,false,אורז בסמטי פרימו 1 ק,וינדו רייס מיילז פרי,IN,אורז בסמטי פרימו 1 ק,קילוגרמים,1.00,"ק""ג",false,,9.90,9.9000,true,1,121956
7290018194256,false,*מבצע* ערק ג'בלנא 16,,,*מבצע* ערק ג'בלנא 16,מיליליטרים,700.00,"100 מ""ל",false,,34.90,0.0499,true,1,119922
7290018198148,false,קריספי צ'יפס קלאסי ת,אסם,IL,קריספי צ'יפס קלאסי ת,קילוגרמים,1.25,"ק""ג",false,,22.90,18.3200,true,1,118769
7290018198209,false,צ'יפס בטטה קראנצי 50,"תעשיות תפוגן בע""מ",IL,צ'יפס בטטה קראנצי 50,גרמים,500.00,100 גרם,false,,17.90,0.0358,true,1,116464
7290018198254,false,קריספי צ'יפס פוטטוס,אסם,IL,קריספי צ'יפס פוטטוס,קילוגרמים,1.25,"ק""ג",false,,22.90,18.3200,true,1,118770
7290018208052,false,תמר לח חיאני 500 גרם,,,תמר לח חיאני 500 גרם,גרמים,500.00,100 גרם,false,,9.90,0.0198,true,1,126294
7290018236635,false,*מבצע* עוף טוב צ'ונג,עוף טוב,IL,*מבצע* עוף טוב צ'ונג,גרמים,600.00,100 גרם,false,,29.90,0.0498,true,1,116642
7290018237397,false,פסטרמה מקורמלת מנתח,"עוף טוב (שאן) בע""מ",IL,פסטרמה מקורמלת מנתח,גרמים,300.00,100 גרם,false,,26.90,0.0897,true,1,119241
7290018237410,false,פסטרמה במעשנה מנתח ש,"עוף טוב (שאן) בע""מ",IL,פסטרמה במעשנה מנתח ש,גרמים,300.00,100 גרם,false,,26.90,0.0897,true,1,119242
7290018237922,false,*מבצע* שניצלונים בצי,עוף טוב,IL,עוף טוב,גרמים,700.00,100 גרם,false,,12.90,0.0184,true,1,122409
7290018237960,false,כתף בקר עוף טוב 265,עוף טוב,IL,עוף טוב,גרמים,265.00,100 גרם,false,,24.90,0.0940,true,1,124290
7290018249123,false,אינסטנט פודינג וניל,,,אינסטנט פודינג וניל,גרמים,50.00,100 גרם,false,,11.90,0.2380,true,1,117260
7290018249154,false,סוויטאנגו ממרח קקאו,"אחדות ביח""ר לטחינה ח",,סוויטאנגו ממרח קקאו,גרמים,350.00,100 גרם,false,,32.90,0.0940,true,1,123891
7290018282038,false,מגבוני טואלט לחים של,,,מגבוני טואלט לחים של,יח,3.00,יח,false,,9.90,3.3000,true,1,119147
7290018282199,false,אל סבון משאבה יוחננו,,,אל סבון משאבה יוחננו,ליטרים,1.00,ליטר,false,,8.90,8.9000,true,1,119140
7290018282397,false,אל סבון משאבה יוחננו,,,אל סבון משאבה יוחננו,ליטרים,1.00,ליטר,false,,8.90,8.9000,true,1,119141
7290018282595,false,אל סבון משאבה יוחננו,,,אל סבון משאבה יוחננו,ליטרים,1.00,ליטר,false,,8.90,8.9000,true,1,119142
7290018282793,false,מטליות לניקוי רצפה י,,,מטליות לניקוי רצפה י,יח,1.00,יח,false,,7.90,7.9000,true,1,119143
7290018282847,false,אל סבון משאבה יוחננו,,,אל סבון משאבה יוחננו,ליטרים,1.00,ליטר,false,,8.90,8.9000,true,1,119144
7290018294192,false,בלנד היינן פרייבט קו,יקבי כרמל,IL,Private collection,מיליליטרים,750.00,"100 מ""ל",false,,39.90,0.0532,true,1,121050
7290018294208,false,סלקטד אדום ישראלי,יקבי כרמל,IL,סלקטד,מיליליטרים,750.00,"100 מ""ל",false,,29.90,0.0399,true,1,119107
7290018294352,false,*מבצע* ארק כרמל,יקבי כרמל,IL,*מבצע* ארק כרמל,מיליליטרים,700.00,"100 מ""ל",false,,49.90,0.0713,true,1,121705
7290018294895,false,מונלייט מוסקטו ורוד,יקבי כרמל,IL,מונלייט מוסקטו ורוד,מיליליטרים,750.00,"100 מ""ל",false,,34.90,0.0465,true,1,124062
7290018294901,false,מונלייט אדום יבש 750,יקבי כרמל,IL,מונלייט אדום יבש 750,מיליליטרים,750.00,"100 מ""ל",false,,34.90,0.0465,true,1,124063
7290018294918,false,מונלייט לבן חצי מתוק,יקבי כרמל,IL,מונלייט לבן חצי מתוק,מיליליטרים,750.00,"100 מ""ל",false,,34.90,0.0465,true,1,124064
7290018333006,false,שוקולד פרימיום70% לל,,IL,שוקולד פרימיום70% לל,גרמים,100.00,100 גרם,false,,7.90,0.0790,true,1,123619
7290018343296,false,*מבצע* אלכוג'ל 100 מ,"ד""ר פישר",IL,"ד""ר פישר",מיליליטרים,100.00,"100 מ""ל",false,,9.90,0.0990,true,1,124313
7290018343357,false,"ד""ר פישר מרכך לשיער","ד""ר פישר",IL,"ד""ר פישר מרכך לשיער",מיליליטרים,400.00,"100 מ""ל",false,,39.90,0.0997,true,1,115907
7290018359129,false,עגבניות פולפה יכין 6,אמיליאנה קונסרב,IT,עגבניות פולפה יכין 6,גרמים,690.00,100 גרם,false,,10.90,0.0158,true,1,119683
7290018359495,false,תירס מהשדה יכין 550,זנלכל,IL,תירס מהשדה יכין 550,גרמים,550.00,100 גרם,false,,9.90,0.0180,true,1,116045
7290018359518,false,שלישיית תירס מהשדה י,זנלכל,IL,שלישיית תירס מהשדה י,גרמים,600.00,100 גרם,false,,14.90,0.0248,true,1,116046
7290018359556,false,*מבצע* תירס מהשדה יכ,זנלכל,IL,*מבצע* תירס מהשדה יכ,גרמים,400.00,100 גרם,false,,6.90,0.0173,true,1,116047
7290018359662,false,מארז שלישייה קוביות,יכין,,מארז שלישייה קוביות,גרמים,600.00,100 גרם,false,,14.90,0.0248,true,1,119685
7290018359686,false,*מבצע* חומוס ענק יכי,יכין,IL,*מבצע* חומוס ענק יכי,גרמים,550.00,100 גרם,false,,8.90,0.0162,true,1,118777
7290018359716,false,רוטב פיצה טוסקנה יכי,זנלכל,IL,רוטב פיצה 260 גרם,גרמים,240.00,100 גרם,false,,5.50,0.0229,true,1,117961
7290018359860,false,*מבצע* רסק עגבניות ל,יכין,IL,*מבצע* רסק עגבניות ל,גרמים,400.00,100 גרם,false,,8.90,0.0223,true,1,121063
7290018359938,false,*מבצע* רוטב עגבניות,יכין,IL,*מבצע* רוטב עגבניות,גרמים,400.00,100 גרם,false,,9.90,0.0248,true,1,123071
7290018359945,false,*מבצע* חאריפה -רוטב,יכין,IL,*מבצע* חאריפה -רוטב,גרמים,400.00,100 גרם,false,,9.90,0.0248,true,1,123072
7290018359952,false,*מבצע* רוטב עגבניות,יכין,IL,*מבצע* רוטב עגבניות,גרמים,400.00,100 גרם,false,,9.90,0.0248,true,1,123073
7290018359969,false,*מבצע* רוטב עגבניות,יכין,IL,*מבצע* רוטב עגבניות,גרמים,400.00,100 גרם,false,,9.90,0.0248,true,1,123074
7290018380871,false,פטיסון 670 גרם,אי סי אס,MD,תומר,גרמים,670.00,100 גרם,false,,14.90,0.0222,true,1,120366
7290018394038,false,פטריות שיטאקי מיובשו,,,פטריות שיטאקי מיובשות,גרמים,25.00,100 גרם,false,,7.90,0.3160,true,1,116336
7290018394083,false,שום פנינה,,IL,פטריות יער,יח',1.00,יח',false,,13.90,13.9000,true,1,119031
7290018394113,false,פטריות שי מגי דואט,,IL,פטריות יער,גרמים,300.00,100 גרם,false,,17.90,0.0597,true,1,121411
7290018394151,false,מיקס פטריות אקזוטי י,"פנטה אמפאק בע""מ",IL,פטריות שיטאקי טרי,גרמים,400.00,100 גרם,false,,24.90,0.0622,true,1,122993
7290018440070,false,תרכיז עגבניות בשפורפ,אמיליאנה קונסרב,IT,תרכיז עגבניות בשפורפ,מיליליטרים,200.00,"100 מ""ל",false,,8.90,0.0445,true,1,117581
7290018440193,false,בייגלה פליפז בציפוי,אולקר מקבוצת פלאדיס,TR,פליפז,גרמים,140.00,100 גרם,false,,8.90,0.0636,true,1,116519
7290018440223,false,*מבצע* צ'אי מסאלה וי,ויסוצקי,,*מבצע* צ'אי מסאלה וי,יח',25.00,יח',false,,17.90,0.7160,true,1,119264
7290018440230,false,*מבצע* צ'אי ורדים וי,ויסוצקי,,*מבצע* צ'אי ורדים וי,יח',25.00,יח',false,,17.90,0.7160,true,1,119265
7290018440247,false,*מבצע* צ'אי שקדים וי,ויסוצקי,,*מבצע* צ'אי שקדים וי,יח',25.00,יח',false,,17.90,0.7160,true,1,119266
7290018440254,false,*מבצע* צ'אי קרמל מלו,ויסוצקי,,*מבצע* צ'אי קרמל מלו,יח',25.00,יח',false,,17.90,0.7160,true,1,119267
7290018440438,false,*מבצע* טונה EASY  בש,קאלבו קונסרבס ס.ל.ו,ES,*מבצע* טונה EASY  בש,גרמים,195.00,100 גרם,false,,22.90,0.1174,true,1,121732
7290018440445,false,*מבצע* טונה בשמן זית,קאלבו קונסרבס ס.ל.ו,ES,*מבצע* טונה בשמן זית,גרמים,160.00,100 גרם,false,,12.90,0.0806,true,1,121736
7290018440476,false,בייגלה פליפז מצופה ב,אולקר מקבוצת פלאדיס,TR,פליפז,גרמים,140.00,100 גרם,false,,8.90,0.0636,true,1,118656
7290018440490,false,*מבצע* סלט טונה עם ק,קאלבו קונסרבס ס.ל.ו,ES,*מבצע* סלט טונה עם ק,גרמים,150.00,100 גרם,false,,12.90,0.0860,true,1,121737
7290018440513,false,*מבצע* סלט קליפורניה,קאלבו קונסרבס ס.ל.ו,ES,*מבצע* סלט קליפורניה,גרמים,150.00,100 גרם,false,,12.90,0.0860,true,1,121735
7290018440520,false,*מבצע* סלט טונה מקסי,קאלבו קונסרבס ס.ל.ו,ES,*מבצע* סלט טונה מקסי,גרמים,150.00,100 גרם,false,,12.90,0.0860,true,1,121738
7290018440896,false,*מבצע* הגן הקסום ג'י,ויסוצקי,IL,ויסוצקי,גרמים,75.00,100 גרם,false,,16.90,0.2253,true,1,120919
7290018468401,false,פסטרמה צמחונית בטעם,טירת צבי,IL,פסטרמה צמחונית בטעם,גרמים,120.00,100 גרם,false,,17.90,0.1492,true,1,126587
7290018468418,false,פסטרמה צמחונית בטעם,טירת צבי,IL,פסטרמה צמחונית בטעם,גרמים,120.00,100 גרם,false,,17.90,0.1492,true,1,126588
7290018471043,false,ספרינג נקטר פירות טר,יפאורה תבורי,IL,ספרינג נקטר פירות טר,מיליליטרים,330.00,"100 מ""ל",false,,4.50,0.0136,true,1,117517
7290018471050,false,ספרינג נקטר אגס תפוח,יפאורה תבורי,IL,ספרינג נקטר אגס תפוח,מיליליטרים,330.00,"100 מ""ל",false,,4.50,0.0136,true,1,117518
7290018471180,false,*מבצע* פרוט & ווג' א,יפאורה תבורי,IL,*מבצע* פרוט & ווג' א,ליטרים,1.00,ליטר,false,,9.90,9.9000,true,1,117858
7290018471210,false,ספרינג קרטוניות אגס,יפאורה תבורי,IL,ספרינג,ליטרים,1.00,ליטר,false,,6.70,6.7000,true,1,117761
7290018471395,false,*מבצע* פרוט & ווג' ת,יפאורה תבורי,IL,*מבצע* פרוט & ווג' ת,ליטרים,1.00,ליטר,false,,9.90,9.9000,true,1,117860
7290018471401,false,*מבצע* פרוט & ווג' א,יפאורה תבורי,IL,*מבצע* פרוט & ווג' א,ליטרים,1.00,ליטר,false,,9.90,9.9000,true,1,117861
7290018471470,false,תפוזינה נקטר קרטונית,יפאורה תבורי,IL,תפוזינה נקטר קרטונית,ליטרים,1.00,ליטר,false,,6.80,6.8000,true,1,117914
7290018471487,false,תפוזינה נקטר קרטונית,יפאורה תבורי,IL,תפוזינה נקטר קרטונית,ליטרים,1.00,ליטר,false,,6.80,6.8000,true,1,117915
7290018471494,false,תפוזינה קרטונית תפוז,יפאורה תבורי,IL,תפוזינה קרטונית תפוז,ליטרים,1.00,ליטר,false,,6.80,6.8000,true,1,117916
7290018471548,true,"ספרינג ענבים 250 מ""ל",יפאורה תבורי,IL,ספרינג,ליטרים,1.00,ליטר,false,,11.20,11.2000,true,1,117762
7290018471623,false,שוופס טוניק אשכוליות,יפאורה תבורי,IL,שוופס טוניק אשכוליות,ליטרים,1.00,ליטר,false,,9.10,9.1000,true,1,118214
7290018471630,false,שוופס טוניק מלפפון ל,יפאורה תבורי,IL,שוופס טוניק מלפפון ל,ליטרים,1.00,ליטר,false,,9.10,9.1000,true,1,118215
7290018471746,false,משקה אלוורה קינג קיו,יפאורה תבורי,IL,משקה אלוורה קינג קיו,ליטרים,1.00,ליטר,false,,9.90,9.9000,true,1,119019
7290018471906,false,שוופס מוגז פירות לימ,יפאורה תבורי,IL,שוופס פרוטס,ליטרים,1.50,ליטר,false,,8.80,5.8667,true,1,120312
7290018471913,false,שוופס מוגז פירות תפו,יפאורה תבורי,IL,שוופס פרוטס,ליטרים,1.50,ליטר,false,,8.80,5.8667,true,1,120313
7290018471920,false,שוופס מוגז פירות ענב,יפאורה תבורי,IL,שוופס פרוטס,ליטרים,1.50,ליטר,false,,8.80,5.8667,true,1,120314
7290018471937,false,שוופס מוגז פירות תות,יפאורה תבורי,IL,שוופס פרוטס,ליטרים,1.50,ליטר,false,,8.80,5.8667,true,1,120315
7290018471944,false,שוופס מוגז פירות לימ,יפאורה תבורי,IL,שוופס פרוטס,ליטרים,1.50,ליטר,false,,8.80,5.8667,true,1,120316
7290018471951,false,שוופס מוגז פירות אשכ,יפאורה תבורי,IL,שוופס פרוטס,ליטרים,1.50,ליטר,false,,8.80,5.8667,true,1,120317
7290018493069,false,קרם ידיים אפקטיב קר,דר פישר,,אפקטיב קר,מיליליטרים,100.00,"100 מ""ל",false,,15.90,0.1590,true,1,117271
7290018493144,false,*מבצע* קמיל אל סבון,,IL,דר פישר,ליטרים,1.00,ליטר,false,,12.90,12.9000,true,1,116805
7290018493403,false,"קצף אמבט קידס 750 מ""",,,"קצף אמבט קידס 750 מ""",מיליליטרים,750.00,"100 מ""ל",false,,16.90,0.0225,true,1,118306
7290018493717,false,סבון ידיים  ורוד ויט,דר פישר,,סבון ידיים  ורוד ויט,מיליליטרים,500.00,"100 מ""ל",false,,12.90,0.0258,true,1,119604
7290018493878,false,שמפו סרקל משאבה 750,דר פישר,IL,שמפו סרקל משאבה 750,מיליליטרים,750.00,"100 מ""ל",false,,19.90,0.0265,true,1,118712
7290018493885,false,מרכך סרקל משאבה 750,דר פישר,IL,מרכך סרקל משאבה 750,מיליליטרים,750.00,"100 מ""ל",false,,19.90,0.0265,true,1,118713
7290018493892,false,אל סבון קמיל בלו סנס,דר פישר,IL,אל סבון קמיל בלו סנס,מיליליטרים,750.00,"100 מ""ל",false,,19.90,0.0265,true,1,118710
7290018493908,false,קמיל בלו סנסטיב  אל,דר פישר,IL,קמיל בלו סנסטיב  אל,מיליליטרים,750.00,"100 מ""ל",false,,19.90,0.0265,true,1,118711
7290018493977,false,*מבצע* אל סבון בתמצי,,IL,דר פישר,ליטרים,1.00,ליטר,false,,12.90,12.9000,true,1,119605
7290018500231,false,לחם וויקאנד 750 גרם,אנג'ל,IL,לחם וויקאנד 750 גרם,גרמים,750.00,100 גרם,false,,15.90,0.0212,true,1,122127
7290018500361,false,לחם אחיד פרוס אנגל 9,,,לחם אחיד פרוס אנגל 9,גרמים,900.00,100 גרם,false,,8.30,0.0092,true,1,124020
7290018500385,false,חלה רגילה אנג'ל 650,,,חלה רגילה אנג'ל 650,גרמים,650.00,100 גרם,false,,5.10,0.0078,true,1,124110
7290018516256,false,פרמיו גור עוף 150 גר,,FR,פרמיו גור עוף 150 גר,גרמים,150.00,100 גרם,false,,5.90,0.0393,true,1,118963
7290018516324,false,מחית פרינוק תפוח ושי,פרוטה פודווין איי.אס,CZ,רנדי,גרמים,120.00,100 גרם,false,,5.90,0.0492,true,1,119159
7290018516348,false,מחית פרינוק סלט פירו,פרוטה פודווין איי.אס,CZ,רנדי,גרמים,120.00,100 גרם,false,,5.90,0.0492,true,1,119161
7290018516393,false,פרמיו מיקס,,,פרמיו מיקס,קילוגרמים,3.00,"ק""ג",false,,59.90,19.9667,true,1,120001
7290018516607,false,הורייזן מחית בשר טונ,,,הורייזן מחית בשר טונ,גרמים,90.00,100 גרם,false,,9.90,0.1100,true,1,123805
7290018516744,false,פרימיו סופרים עוף וס,,,פרימיו סופרים עוף וס,קילוגרמים,3.00,"ק""ג",false,,59.90,19.9667,true,1,126818
7290018516751,false,פרימיו סופרים עוף לח,,,פרימיו סופרים עוף לח,קילוגרמים,3.00,"ק""ג",false,,59.90,19.9667,true,1,126819
7290018516942,false,פרימיו סופרים מועשר,,,פרימיו סופרים מועשר,קילוגרמים,3.00,"ק""ג",false,,49.90,16.6333,true,1,126820
7290018540817,false,לחם מחמצת כוסמין ארט,,IL,אנגל,גרמים,500.00,100 גרם,false,,18.90,0.0378,true,1,120143
7290018540824,false,לחם מחמצת כפרי 500 ג,אנג'ל,IL,אנגל,גרמים,500.00,100 גרם,false,,17.90,0.0358,true,1,120144
7290018540831,false,לחם מחמצת חיטה מלאה,אנג'ל,IL,אנגל,גרמים,500.00,100 גרם,false,,17.90,0.0358,true,1,120145
7290018571231,false,עדשי שוקולד 400 גרם,מיה,IL,עדשי שוקולד 400 גרם,גרמים,400.00,100 גרם,false,,19.90,0.0497,true,1,118933
7290018652039,false,*מבצע* לה קרמריה קרמ,גלידות נסטלה,IL,לה קרמריה,ליטרים,1.40,ליטר,false,,17.90,12.7857,true,1,117826
7290018652671,false,*מבצע* לה קרמריה שוק,גלידות נסטלה,IL,לה קרמריה,ליטרים,1.40,ליטר,false,,17.90,12.7857,true,1,121276
7290018652688,false,*מבצע* לה קרמריה טרו,גלידות נסטלה,IL,לה קרמריה,ליטרים,1.40,ליטר,false,,17.90,12.7857,true,1,121277
7290018652886,false,מצופים שוקו בננה 8 י,גלידות נסטלה,IL,גלידות נסטלה,יח',8.00,יח',false,,27.90,3.4875,true,1,124970
7290018652923,false,תות עוגת גבינה 6 יח’,גלידות נסטלה,IL,גלידות נסטלה,יח',6.00,יח',false,,28.90,4.8167,true,1,121265
7290018687567,false,נוזל רצפה 2 ליטר יוח,,,נוזל רצפה 2 ליטר יוח,ליטרים,2.00,ליטר,false,,9.90,4.9500,true,1,119137
7290018687574,false,נוזל רצפה 2 ליטר יוח,,,נוזל רצפה 2 ליטר יוח,ליטרים,2.00,ליטר,false,,9.90,4.9500,true,1,119138
7290018687581,false,נוזל רצפה 2 ליטר יוח,,,נוזל רצפה 2 ליטר יוח,ליטרים,2.00,ליטר,false,,9.90,4.9500,true,1,119139
7290018687598,false,ג'ל כביסה 3 ליטר יוח,,,ג'ל כביסה 3 ליטר יוח,ליטרים,3.00,ליטר,false,,17.90,5.9667,true,1,119132
7290018687604,false,ג'ל כביסה 3 ליטר יוח,,,ג'ל כביסה 3 ליטר יוח,ליטרים,3.00,ליטר,false,,17.90,5.9667,true,1,119133
7290018687611,false,מרכך כביסה מרוכז יוח,,,מרכך כביסה מרוכז יוח,ליטרים,1.00,ליטר,false,,8.90,8.9000,true,1,119134
7290018687628,false,מרכך כביסה מרוכז יוח,,,מרכך כביסה מרוכז יוח,ליטרים,1.00,ליטר,false,,8.90,8.9000,true,1,119135
7290018687635,false,מרכך כביסה מרוכז יוח,,,מרכך כביסה מרוכז יוח,ליטרים,1.00,ליטר,false,,8.90,8.9000,true,1,119136
7290018687840,false,ג'ל כביסה ירוק 5 ליט,,,ג'ל כביסה ירוק 5 ליט,ליטרים,5.00,ליטר,false,,26.90,5.3800,true,1,121039
7290018687857,false,ג'ל כביסה כחול 5 ליט,,,ג'ל כביסה כחול 5 ליט,ליטרים,5.00,ליטר,false,,26.90,5.3800,true,1,121040
7290018687895,false,קפסולות ג'ל מרוכזות,,,קפסולות ג'ל מרוכזות,יח',36.00,יח',false,,24.90,0.6917,true,1,121325
7290018687918,false,נוזל כלים יוחננוף לי,,,נוזל כלים יוחננוף לי,מיליליטרים,750.00,"100 מ""ל",false,,6.90,0.0092,true,1,121314
7290018687932,false,נוזל כלים יוחננוף לב,,,נוזל כלים יוחננוף לב,מיליליטרים,750.00,"100 מ""ל",false,,6.90,0.0092,true,1,121316
7290018687987,false,קפסולות ג'ל מרוכזות,,,קפסולות ג'ל מרוכזות,יח',36.00,יח',false,,24.90,0.6917,true,1,121326
7290018687994,false,ג'ל מרוכז לכביסה צבע,"גליל כימיכלים בע""מ",IL,ג'ל מרוכז לכביסה צבע,ליטרים,3.00,ליטר,false,,17.90,5.9667,true,1,121999
7290018704592,false,חמוצים יפניים,סלטי מונטה קרלו,IL,חמוצים יפניים,קילוגרמים,1.00,"ק""ג",true,,55.00,55.0000,true,1,123173
7290018708118,false,חלבה שאמית וניל פיסט,,,חלבה שאמית בארכה,גרמים,350.00,100 גרם,false,,14.90,0.0426,true,1,120941
7290018720011,false,ביסקוויט קרנבל חיות,הגביע,IL,ביסקוויט קרנבל חיות,גרמים,250.00,100 גרם,false,,5.90,0.0236,true,1,118699
7290018720028,false,ביסקוויט אותיות 250,הגביע,IL,ביסקוויט אותיות 250,גרמים,250.00,100 גרם,false,,5.90,0.0236,true,1,118700
7290018720103,false,וופל ללא סוכר,"גילרו בע""מ",IL,מעדני המלך,גרמים,250.00,100 גרם,false,,7.90,0.0316,true,1,119222
7290018720189,false,ביסקוויט קסטה בטעם ש,הגביע,IL,מעדני מלך,גרמים,200.00,100 גרם,false,,5.50,0.0275,true,1,124816
7290018757123,false,קוואקר דק ללא גלוטן,נוטרה זן,CZ,נוטרה זן,גרמים,400.00,100 גרם,false,,19.90,0.0497,true,1,118262
7290018757130,false,קוואקר עבה ללא גלוטן,נוטרה זן,CZ,נוטרה זן,גרמים,400.00,100 גרם,false,,19.90,0.0497,true,1,118263
7290018823002,false,מלפפון בייבי אורגני,,,מלפפון בייבי אורגני,גרמים,250.00,100 גרם,false,,9.90,0.0396,true,1,120450
7290018823408,false,פלפל סוויט בייט אורג,,,פלפל סוויט בייט אורג,גרמים,300.00,100 גרם,false,,9.90,0.0330,true,1,120451
7290018824016,false,מגבונים לחים יוחננוף,,IL,מגבונים לחים יוחננוף,יח,1.00,יח,false,,16.90,16.9000,true,1,125306
7290018824191,false,בדיקות קורונה אנטיגן,,,בדיקות קורונה אנטיגן,יח,20.00,יח,false,,135.00,6.7500,true,1,121032
7290018824887,false,"חמוציות 1 ק""ג",א.מ. שרון שיווק,CA,שייקי,קילוגרמים,1.00,"ק""ג",false,,32.90,32.9000,true,1,117605
7290018824894,false,"מנגו 1 ק""ג",א.מ. שרון שיווק,VN,שייקי,קילוגרמים,1.00,"ק""ג",false,,27.90,27.9000,true,1,118347
7290018824917,false,"תות שדה 1 ק""ג",א.מ. שרון שיווק,EG,שייקי,קילוגרמים,1.00,"ק""ג",false,,19.90,19.9000,true,1,118349
7290018824948,false,"מלון 1 ק""ג",א.מ. שרון שיווק,IL,שייקי,קילוגרמים,1.00,"ק""ג",false,,22.90,22.9000,true,1,118352
7290018824955,false,"אננס 1 ק""ג",א.מ. שרון שיווק,EC,שייקי,קילוגרמים,1.00,"ק""ג",false,,24.90,24.9000,true,1,118353
7290018824962,false,"אפרסק 1 ק""ג",א.מ. שרון שיווק,CN,שייקי,קילוגרמים,1.00,"ק""ג",false,,22.90,22.9000,true,1,118354
7290018824979,false,"דובדבן 1 ק""ג",א.מ. שרון שיווק,PL,שייקי,קילוגרמים,1.00,"ק""ג",false,,34.90,34.9000,true,1,118360
7290018824986,false,"אוכמניות כחולות 1 ק""",א.מ. שרון שיווק,PE,שייקי,קילוגרמים,1.00,"ק""ג",false,,34.90,34.9000,true,1,118361
7290018825020,false,"תפו""א גורמה",משתנה,IL,"תפו""א לבן ארוז",קילוגרמים,1.00,"ק""ג",true,,5.90,5.9000,true,1,119430
7290018825815,false,"תפו""א גורמה בייבי",משתנה,IL,"תפו""א לבן ארוז",קילוגרמים,1.00,"ק""ג",true,,4.90,4.9000,true,1,119593
7290018860717,false,אטריות אורז ללא גלוט,,,אטריות אורז ללא גלוט,גרמים,454.00,100 גרם,false,,10.90,0.0240,true,1,121059
7290018860724,false,אטריות אורז ללא גלוט,,,אטריות אורז ללא גלוט,גרמים,454.00,100 גרם,false,,10.90,0.0240,true,1,121060
7290018878118,false,מרשמלו לבבות ורוד 15,Carmit,IL,כרמית,גרמים,150.00,100 גרם,false,,4.50,0.0300,true,1,124695
7290018878224,false,מיני קוקיס בטעם שוקו,Carmit,IL,כרמית,גרמים,600.00,100 גרם,false,,15.90,0.0265,true,1,124024
7290018879658,false,שוקולד ציפס 60% מוצק,כרמית,IL,כרמית,גרמים,250.00,100 גרם,false,,9.90,0.0396,true,1,123616
7290018879979,false,מרשמלו לבן בטעם וניל,Carmit,IL,כרמית,גרמים,150.00,100 גרם,false,,4.50,0.0300,true,1,121029
7290018893005,false,בייגלה שטוח חרדל ודב,אלקה קו,RO,צוקטה,גרמים,160.00,100 גרם,false,,6.90,0.0431,true,1,119594
7290018893036,false,ביסקוויט סנדוויץ בטע,ארלוי,ES,צ'וקטה,גרמים,176.00,100 גרם,false,,6.90,0.0392,true,1,119521
7290018893081,false,עוגות אישיות מגולגלו,בלקוני,IT,צוקטה,גרמים,222.00,100 גרם,false,,9.90,0.0446,true,1,119280
7290018893098,false,*מבצע* צ'וקטה ביסקוו,ארלוי,ES,*מבצע* צ'וקטה ביסקוו,גרמים,100.00,100 גרם,false,,6.90,0.0690,true,1,120982
7290018893111,false,צ'וקטה שוקולד מריר ב,נטרה,BE,צ'וקטה שוקולד מריר ב,גרמים,100.00,100 גרם,false,,8.90,0.0890,true,1,120985
7290018893289,false,עוגות אישיות מגולגלו,בלקוני,IT,צוקטה,גרמים,222.00,100 גרם,false,,9.90,0.0446,true,1,119281
7290018893296,false,עוגיות חמאה מצופות ש,דסטרופר,BE,צ'וקטה,גרמים,100.00,100 גרם,false,,9.90,0.0990,true,1,120005
7290018893319,false,צ'וקטה שוקולד מריר ב,נטרה,BE,צ'וקטה שוקולד מריר ב,גרמים,100.00,100 גרם,false,,8.90,0.0890,true,1,120986
7290018893500,false,צ'וקטה עוגיות סנדווי,ארלוי,ES,צ'וקטה עוגיות סנדווי,גרמים,180.00,100 גרם,false,,4.90,0.0272,true,1,120979
7290018893647,false,עוגיות סנדוויץ שוקול,דסטרופר,BE,צוקטה,גרמים,150.00,100 גרם,false,,9.90,0.0660,true,1,119525
7290018893661,false,צ'וקטה עוגות אישיות,פרדי קונדטוריה אס פי,IT,יוגטה,גרמים,240.00,100 גרם,false,,10.90,0.0454,true,1,119068
7290018893708,false,צ'וקטה עוגיות סנדווי,ארלוי,ES,צ'וקטה עוגיות סנדווי,גרמים,250.00,100 גרם,false,,7.90,0.0316,true,1,120980
7290018893715,false,בייגלה שטוח מצופה שו,אלקה קו,RO,צוקטה,גרמים,80.00,100 גרם,false,,6.90,0.0863,true,1,120984
7290018893814,false,מארז טבלאות שוקולד מ,צ'וקטה,ES,מארז טבלאות שוקולד מ,גרמים,500.00,100 גרם,false,,17.90,0.0358,true,1,119529
7290018893913,false,מקלות בייגלה עם ממרח,נאטקו,IT,מקלות בייגלה עם ממרח,גרמים,52.00,100 גרם,false,,4.90,0.0942,true,1,127170
7290018893920,false,לוקיטוס סוכריות ג'לי,לאבדס,GR,לוקיטוס סוכריות ג'לי,גרמים,700.00,100 גרם,false,,17.90,0.0256,true,1,126788
7290018893937,false,לוקיטוס סוכריות ג'לי,לאבדס,GR,לוקיטוס סוכריות ג'לי,גרמים,300.00,100 גרם,false,,9.90,0.0330,true,1,126792
7290018894002,false,*מבצע* בלקוני וופל ק,בלקוני,IT,*מבצע* בלקוני וופל ק,גרמים,250.00,100 גרם,false,,9.90,0.0396,true,1,121116
7290018894019,false,*מבצע* בלקוני עוגות,בלקוני,IT,*מבצע* בלקוני עוגות,גרמים,350.00,100 גרם,false,,11.90,0.0340,true,1,121117
7290018894040,false,שוקולד חלב חמישייה צ,נטרה,FR,שוקולד חלב חמישייה צ,גרמים,500.00,100 גרם,false,,19.90,0.0398,true,1,126789
7290018894200,false,*מבצע* בלקוני וופל ק,בלקוני,IT,*מבצע* בלקוני וופל ק,גרמים,250.00,100 גרם,false,,9.90,0.0396,true,1,121111
7290018894248,false,שוקולד חלב שלישייה צ,נטרה,FR,שוקולד חלב שלישייה צ,גרמים,300.00,100 גרם,false,,12.90,0.0430,true,1,126790
7290018894408,false,*מבצע* בלקוני וופל ק,בלקוני,IT,*מבצע* בלקוני וופל ק,גרמים,250.00,100 גרם,false,,9.90,0.0396,true,1,121112
7290018921029,false,*מבצע* מארז מגבונים,דר פישר,,*מבצע* מארז מגבונים,יח',256.00,יח',false,,17.90,0.0699,true,1,119606
7290018921067,false,*מבצע* תחליב רחצה אפ,דר פישר,IL,*מבצע* תחליב רחצה אפ,מיליליטרים,700.00,"100 מ""ל",false,,12.90,0.0184,true,1,120490
7290018921166,false,*מבצע* אל סבון מועשר,,IL,דר פישר,ליטרים,1.00,ליטר,false,,12.90,12.9000,true,1,119607
7290018921203,false,*מבצע* קרם החתלה קמו,דר פישר,,*מבצע* קרם החתלה קמו,גרמים,120.00,100 גרם,false,,14.90,0.1242,true,1,125189
7290018921753,false,*מבצע* קמיל אל סבון,,IL,דר פישר,ליטרים,1.00,ליטר,false,,12.90,12.9000,true,1,123738
7290018925065,false,מיץ תפוזים סחוט 2 לי,"גניר (1992) בע""מ",IL,תוצרת מסחרית,ליטרים,2.00,ליטר,false,,25.90,12.9500,true,1,120048
7290018925096,false,משקה קל תפוזים,גניר,IL,משקה קל תפוזים,ליטרים,1.50,ליטר,false,,7.90,5.2667,true,1,119927
7290018925133,false,משקה קל מנגו,גניר,IL,משקה קל מנגו,ליטרים,1.50,ליטר,false,,7.90,5.2667,true,1,119932
7290018925164,false,משקה קל תות בננה,גניר,IL,משקה קל תות בננה,ליטרים,1.50,ליטר,false,,7.90,5.2667,true,1,119929
7290018989005,false,*מבצע* פולפה טבעית 3,יכין,IL,*מבצע* פולפה טבעית 3,גרמים,1200.00,100 גרם,false,,9.90,0.0083,true,1,121066
7290018989081,false,חומוס הבית להכנת חומ,יכין,IL,חומוס הבית להכנת חומ,גרמים,410.00,100 גרם,false,,7.90,0.0193,true,1,122845
7290018989128,false,סירופ בטעם ענבים יכי,יכין,IL,סירופ בטעם ענבים יכי,ליטרים,1.00,ליטר,false,,18.90,18.9000,true,1,123075
7290018989135,false,סירופ בטעם פטל יכין,יכין,IL,סירופ בטעם פטל יכין,ליטרים,1.00,ליטר,false,,18.90,18.9000,true,1,123076
7290019035329,false,מיקס פירות תות מלון,דה נייל אג'יפטיאן פו,RS,מיקס פירות תות מלון,גרמים,600.00,100 גרם,false,,29.90,0.0498,true,1,122724
7290019039198,false,נר זיכרון,,IL,מנורה,יח',1.00,יח',false,,9.90,9.9000,true,1,124228
7290019056027,false,שוופס מוגז פירות תפו,יפאורה תבורי,IL,שוופס פרוטס,ליטרים,1.50,ליטר,false,,7.90,5.2667,true,1,120318
7290019056034,false,שוופס מוגז פירות אננ,יפאורה תבורי,IL,שוופס פרוטס,ליטרים,1.50,ליטר,false,,7.90,5.2667,true,1,120319
7290019056041,false,שוופס מוגז פירות לימ,יפאורה תבורי,IL,שוופס פרוטס,ליטרים,1.50,ליטר,false,,7.90,5.2667,true,1,120320
7290019056058,false,שוופס מוגז עדין תפוח,יפאורה תבורי,IL,שוופס,ליטרים,1.50,ליטר,false,,8.30,5.5333,true,1,120321
7290019056065,false,שוופס מוגז עדין פירו,יפאורה תבורי,IL,שוופס,ליטרים,1.50,ליטר,false,,8.30,5.5333,true,1,120322
7290019056072,false,שוופס מוגז עדין אננס,יפאורה תבורי,IL,שוופס,ליטרים,1.50,ליטר,false,,8.30,5.5333,true,1,120323
7290019056089,false,שוופס מוגז עדין ענבי,יפאורה תבורי,IL,שוופס,ליטרים,1.50,ליטר,false,,8.30,5.5333,true,1,120324
7290019056096,false,שוופס מוגז עדין אפרס,יפאורה תבורי,IL,שוופס,ליטרים,1.50,ליטר,false,,8.30,5.5333,true,1,120325
7290019056164,false,שוופס סודה רביעייה 1,יפאורה תבורי,IL,שוופס,ליטרים,6.00,ליטר,false,,11.50,1.9167,true,1,120349
7290019056171,false,שוופס סודה לימון רבי,יפאורה תבורי,IL,שוופס,ליטרים,6.00,ליטר,false,,11.50,1.9167,true,1,120350
7290019056188,false,שוופס סודה נענע ליים,יפאורה תבורי,IL,שוופס,ליטרים,6.00,ליטר,false,,11.50,1.9167,true,1,120351
7290019056201,false,שוופס סודה פירות יער,יפאורה תבורי,IL,שוופס,ליטרים,6.00,ליטר,false,,11.50,1.9167,true,1,120353
7290019056232,false,שוופס מוגז עדין ליים,יפאורה תבורי,IL,שוופס,ליטרים,1.50,ליטר,false,,8.50,5.6667,true,1,120326
7290019056249,false,שוופס מים בטעמים ענב,יפאורה תבורי,IL,שוופס,ליטרים,1.50,ליטר,false,,7.90,5.2667,true,1,120307
7290019056263,false,שוופס מים בטעמים אפר,יפאורה תבורי,IL,שוופס,ליטרים,1.50,ליטר,false,,7.90,5.2667,true,1,120309
7290019056270,false,שוופס מים בטעמים פיר,יפאורה תבורי,IL,שוופס,ליטרים,1.50,ליטר,false,,7.90,5.2667,true,1,120310
7290019056287,false,שוופס מים בטעמים אפר,יפאורה תבורי,IL,שוופס,ליטרים,1.50,ליטר,false,,7.90,5.2667,true,1,120311
7290019056300,false,שוופס ביטר למון 1.5,יפאורה תבורי,IL,שוופס,ליטרים,1.50,ליטר,false,,12.00,8.0000,true,1,120327
7290019056317,false,שוופס ראשן 1.5 ליטר,יפאורה תבורי,IL,שוופס,ליטרים,1.50,ליטר,false,,12.00,8.0000,true,1,120328
7290019056324,false,שוופס טוניק 1.5 ליטר,יפאורה תבורי,IL,שוופס,ליטרים,1.50,ליטר,false,,12.00,8.0000,true,1,120329
7290019056331,false,שוופס טוניק ללא סוכר,יפאורה תבורי,IL,שוופס,ליטרים,1.50,ליטר,false,,11.50,7.6667,true,1,120330
7290019056355,false,תפוזינה לימונענע 1.5,יפאורה תבורי,IL,תפוזינה,ליטרים,1.50,ליטר,false,,8.30,5.5333,true,1,120289
7290019056362,false,תפוזינה ענבים 1.5 לי,יפאורה תבורי,IL,תפוזינה,ליטרים,1.50,ליטר,false,,8.30,5.5333,true,1,120290
7290019056379,false,תפוזינה תפוזים 1.5 ל,יפאורה תבורי,IL,תפוזינה,ליטרים,1.50,ליטר,false,,8.30,5.5333,true,1,120291
7290019056386,false,תפוזינה אשכוליות 1.5,יפאורה תבורי,IL,תפוזינה,ליטרים,1.50,ליטר,false,,8.30,5.5333,true,1,120292
7290019056393,false,תפוזינה תות בננה 1.5,יפאורה תבורי,IL,תפוזינה,ליטרים,1.50,ליטר,false,,8.30,5.5333,true,1,120293
7290019056409,false,תפוזינה מנגו 1.5 ליט,יפאורה תבורי,IL,תפוזינה,ליטרים,1.50,ליטר,false,,8.30,5.5333,true,1,120294
7290019056423,false,תפוזינה תפוחים 1.5 ל,יפאורה תבורי,IL,תפוזינה,ליטרים,1.50,ליטר,false,,8.30,5.5333,true,1,120296
7290019056430,false,תפוזינה תפוזים לייט,יפאורה תבורי,IL,תפוזינה,ליטרים,1.50,ליטר,false,,7.80,5.2000,true,1,120297
7290019056447,false,תפוזינה אשכוליות ליי,יפאורה תבורי,IL,תפוזינה,ליטרים,1.50,ליטר,false,,7.80,5.2000,true,1,120298
7290019056485,false,ספרינג תה תה ירוק לי,יפאורה תבורי,IL,ספרינג תה,ליטרים,1.50,ליטר,false,,7.50,5.0000,true,1,120300
7290019056492,false,ספרינג תה מנגו אפרסק,יפאורה תבורי,IL,ספרינג תה,ליטרים,1.50,ליטר,false,,7.50,5.0000,true,1,120301
7290019056508,false,פרוט ווטר ענבים 1.5,יפאורה תבורי,IL,פרוט ווטר,ליטרים,1.50,ליטר,false,,8.30,5.5333,true,1,120302
7290019056515,false,פרוט ווטר אננס 1.5 ל,יפאורה תבורי,IL,פרוט ווטר,ליטרים,1.50,ליטר,false,,8.30,5.5333,true,1,120303
7290019056522,false,פרוט ווטר תות 1.5 לי,יפאורה תבורי,IL,פרוט ווטר,ליטרים,1.50,ליטר,false,,8.30,5.5333,true,1,120304
7290019056539,false,פרוט ווטר אפרסק 1.5,יפאורה תבורי,IL,פרוט ווטר,ליטרים,1.50,ליטר,false,,8.30,5.5333,true,1,120305
7290019056546,false,פרוט ווטר אבטיח 1.5,יפאורה תבורי,IL,פרוט ווטר,ליטרים,1.50,ליטר,false,,8.30,5.5333,true,1,120306
7290019056553,false,מים מינרלים עין גדי,עין גדי,IL,עין גדי,ליטרים,12.00,ליטר,false,,12.70,1.0583,true,1,120342
7290019056577,false,ספרינג מנגו 1.5 ליטר,יפאורה תבורי,IL,ספרינג,ליטרים,1.50,ליטר,false,,8.30,5.5333,true,1,120278
7290019056584,false,ספרינג תפוזים 1.5 לי,יפאורה תבורי,IL,ספרינג,ליטרים,1.50,ליטר,false,,8.30,5.5333,true,1,120279
7290019056591,false,ספרינג ענבים 1.5 ליט,יפאורה תבורי,IL,ספרינג,ליטרים,1.50,ליטר,false,,8.30,5.5333,true,1,120280
7290019056607,false,ספרינג תפוחים 1.5 לי,יפאורה תבורי,IL,ספרינג,ליטרים,1.50,ליטר,false,,8.30,5.5333,true,1,120281
7290019056614,false,ספרינג אפרסק 1.5 ליט,יפאורה תבורי,IL,ספרינג,ליטרים,1.50,ליטר,false,,8.30,5.5333,true,1,120282
7290019056621,false,ספרינג פירות טרופיים,יפאורה תבורי,IL,ספרינג,ליטרים,1.50,ליטר,false,,8.30,5.5333,true,1,120283
7290019056638,false,ספרינג תות בננה 1.5,יפאורה תבורי,IL,ספרינג,ליטרים,1.50,ליטר,false,,8.30,5.5333,true,1,120284
7290019056645,false,ספרינג אגס תפוח סברס,יפאורה תבורי,IL,ספרינג,ליטרים,1.50,ליטר,false,,8.30,5.5333,true,1,120285
7290019056652,false,ספרינג אננס בננה 1.5,יפאורה תבורי,IL,ספרינג,ליטרים,1.50,ליטר,false,,8.30,5.5333,true,1,120286
7290019056676,false,ספרינג אשכוליות אננס,יפאורה תבורי,IL,ספרינג,ליטרים,1.50,ליטר,false,,7.80,5.2000,true,1,120288
7290019056720,false,קריסטל מיץ ענבים 2 ל,יפאורה תבורי,IL,קריסטל,ליטרים,2.00,ליטר,false,,6.90,3.4500,true,1,120333
7290019056744,false,קריסטל תפוזים 2 ליטר,יפאורה תבורי,IL,קריסטל,ליטרים,2.00,ליטר,false,,6.90,3.4500,true,1,120335
7290019056768,false,קריסטל מנגו 2 ליטר,יפאורה תבורי,IL,קריסטל,ליטרים,2.00,ליטר,false,,6.90,3.4500,true,1,120337
7290019056782,false,קריסטל מוגז למון ליי,יפאורה תבורי,IL,קריסטל,ליטרים,2.00,ליטר,false,,6.90,3.4500,true,1,120338
7290019056805,false,קריסטל מוגז תפוחים 2,יפאורה תבורי,IL,קריסטל,ליטרים,2.00,ליטר,false,,6.90,3.4500,true,1,120339
7290019056812,false,קריסטל מוגז מנטה 2 ל,יפאורה תבורי,IL,קריסטל,ליטרים,2.00,ליטר,false,,6.90,3.4500,true,1,120340
7290019056973,false,מים מינרלים מי עדן 1,יפאורה תבורי,IL,מי עדן,ליטרים,9.00,ליטר,false,,12.70,1.4111,true,1,120343
7290019074762,false,"ד""ר פישר אקטיב קר תח",,,"ד""ר פישר אקטיב קר תח",מיליליטרים,450.00,"100 מ""ל",false,,14.90,0.0331,true,1,124149
7290019074885,false,*מבצע* קמיל בלו אקסט,,,*מבצע* קמיל בלו אקסט,מיליליטרים,500.00,"100 מ""ל",false,,24.90,0.0498,true,1,126258
7290019074953,false,"ד""ר פישר אקטיב קר תח",,,"ד""ר פישר אקטיב קר תח",מיליליטרים,450.00,"100 מ""ל",false,,14.90,0.0331,true,1,124152
7290019075103,false,קמיל בלו אקסטרה סופט,,,קמיל בלו אקסטרה סופט,ליטרים,1.00,ליטר,false,,32.90,32.9000,true,1,126259
7290019075899,false,קמיל בלו אקסטרה סופט,,,קמיל בלו אקסטרה סופט,ליטרים,1.00,ליטר,false,,32.90,32.9000,true,1,126260
7290019105077,false,מארז מטליות לחות יוח,טרופיקל,,מארז מטליות לחות יוח,יח',3.00,יח',false,,14.90,4.9667,true,1,121673
7290019105084,false,אל סבון יוחננוף מרענ,טרופיקל,,אל סבון יוחננוף מרענ,ליטרים,1.50,ליטר,false,,10.90,7.2667,true,1,121478
7290019105145,false,מארז מטליות לחות יוח,טרופיקל,IL,מארז מטליות לחות יוח,יח',3.00,יח',false,,14.90,4.9667,true,1,126830
7290019105282,false,אל סבון יוחננוף מרענ,טרופיקל,,אל סבון יוחננוף מרענ,ליטרים,1.50,ליטר,false,,10.90,7.2667,true,1,121479
7290019105473,false,אל סבון יוחננוף מרענ,טרופיקל,,אל סבון יוחננוף מרענ,ליטרים,1.50,ליטר,false,,10.90,7.2667,true,1,121480
7290019105671,false,אל סבון יוחננוף מרענ,טרופיקל,,אל סבון יוחננוף מרענ,ליטרים,1.50,ליטר,false,,10.90,7.2667,true,1,121482
7290019105824,false,מטליות לניקוי רצפה י,,,מטליות לניקוי רצפה י,יח',10.00,יח',false,,7.90,0.7900,true,1,121320
7290019105862,false,מגבונים לחים מארז חמ,טרופיקל,,מגבונים לחים מארז חמ,יח',5.00,יח',false,,10.90,2.1800,true,1,121475
7290019105879,false,אל סבון יוחננוף מרענ,טרופיקל,,אל סבון יוחננוף מרענ,ליטרים,1.50,ליטר,false,,10.90,7.2667,true,1,121483
7290019153078,false,שוופס ביטר למון לייט,יפאורה תבורי,IL,שוופס,ליטרים,1.50,ליטר,false,,11.50,7.6667,true,1,121387
7290019153085,false,שוופס מוחיטו ללא סוכ,יפאורה תבורי,IL,שוופס,ליטרים,1.50,ליטר,false,,8.30,5.5333,true,1,121388
7290019153245,false,שוופס סודה לימון 0.5,יפאורה תבורי,IL,שוופס סודה לימון 0.5,מיליליטרים,500.00,"100 מ""ל",false,,4.50,0.0090,true,1,125984
7290019153252,false,שוופס סודה תפוח רביע,יפאורה תבורי,IL,שוופס,ליטרים,6.00,ליטר,false,,11.50,1.9167,true,1,122747
7290019153269,false,שוופס סודה אננס רביע,יפאורה תבורי,IL,שוופס,ליטרים,6.00,ליטר,false,,11.50,1.9167,true,1,122748
7290019153313,false,פרוט & וג' תפוח חמוצ,יפאורה תבורי,IL,פרוט & וג' תפוח חמוצ,מיליליטרים,350.00,"100 מ""ל",false,,7.50,0.0214,true,1,123366
7290019153344,false,תפוזינה סנגרייה 1.5,יפאורה תבורי,IL,תפוזינה,ליטרים,1.50,ליטר,false,,8.30,5.5333,true,1,123130
7290019153351,false,תפוזינה פינק אוזו 1.,יפאורה תבורי,IL,תפוזינה,ליטרים,1.50,ליטר,false,,8.30,5.5333,true,1,123131
7290019153375,false,תפוזינה מוחיטו 1.5 ל,יפאורה תבורי,IL,תפוזינה,ליטרים,1.50,ליטר,false,,8.30,5.5333,true,1,123132
7290019153535,false,שוופס מוגז פירות לימ,,,שוופס מוגז פירות לימ,מיליליטרים,1320.00,"100 מ""ל",false,,11.90,0.0090,true,1,125235
7290019153566,false,ספרינג רימון ואוכמני,יפאורה תבורי,IL,ספרינג,ליטרים,1.50,ליטר,false,,8.30,5.5333,true,1,125150
7290019167020,false,עוגת גבינה עם פירות,תנובה,IL,עוגת גבינה עם פירות,גרמים,82.00,100 גרם,false,,5.90,0.0720,true,1,127097
7290019167044,false,קצפת עם קרם בייגלה מ,תנובה,IL,קצפת עם קרם בייגלה מ,גרמים,82.00,100 גרם,false,,5.90,0.0720,true,1,127099
7290019204107,false,פסטרמה בטעם אווז 320,עוף טוב,IL,עוף טוב,גרמים,320.00,100 גרם,false,,24.90,0.0778,true,1,124293
7290019204206,false,פסטרמה בסגנון רומני,עוף טוב,IL,עוף טוב,גרמים,320.00,100 גרם,false,,24.90,0.0778,true,1,124294
7290019204305,false,פסטרמה ברביקיו 350 ג,עוף טוב,IL,עוף טוב,גרמים,350.00,100 גרם,false,,24.90,0.0711,true,1,124465
7290019229001,false,נוזל רצפה יוחננוף בנ,"גליל כימיכלים בע""מ",IL,נוזל רצפה יוחננוף בנ,ליטרים,2.00,ליטר,false,,9.90,4.9500,true,1,122000
7290019229025,false,נוזל לניקוי פרקט יוח,"גליל כימיכלים בע""מ",IL,נוזל לניקוי פרקט יוח,ליטרים,2.00,ליטר,false,,12.90,6.4500,true,1,122001
7290019229032,false,ג'ל OXY מסיר כתמים ל,"גליל כימיכלים בע""מ",IL,ג'ל OXY מסיר כתמים ל,ליטרים,3.00,ליטר,false,,22.90,7.6333,true,1,122003
7290019229049,false,ג'ל כביסה לתינוק יוח,"גליל כימיכלים בע""מ",IL,ג'ל כביסה לתינוק יוח,ליטרים,3.00,ליטר,false,,22.90,7.6333,true,1,126198
7290019229346,false,נוזל כלים יוחננוף לי,"גליל כימיכלים בע""מ",IL,נוזל כלים יוחננוף לי,ליטרים,1.00,ליטר,false,,7.90,7.9000,true,1,123178
7290019229353,false,מרכך כביסה מרוכז לתי,"גליל כימיכלים בע""מ",IL,מרכך כביסה מרוכז לתי,ליטרים,1.00,ליטר,false,,8.90,8.9000,true,1,126200
7290019229360,false,נוזל כלים לבנדר יוחנ,"גליל כימיכלים בע""מ",IL,נוזל כלים לבנדר יוחנ,ליטרים,1.00,ליטר,false,,7.90,7.9000,true,1,123179
7290019229377,false,נוזל כלים תפוח יוחננ,"גליל כימיכלים בע""מ",IL,נוזל כלים תפוח יוחננ,ליטרים,1.00,ליטר,false,,7.90,7.9000,true,1,123180
7290019229407,false,מטליות לחות יוחננוף,"גליל כימיכלים בע""מ",IL,מטליות לחות יוחננוף,יח',400.00,יח',false,,17.90,0.0447,true,1,125939
7290019232094,false,*מבצע* חליטת פירות ו,ויסוצקי,IL,ויסוצקי,יח',25.00,יח',false,,16.90,0.6760,true,1,122102
7290019232155,false,חליטת לילה טוב קמומי,ויסוצקי,,חליטת לילה טוב קמומי,יח',25.00,יח',false,,24.90,0.9960,true,1,126859
7290019232162,false,חליטת לילה טוב קמומי,ויסוצקי,,חליטת לילה טוב קמומי,יח',25.00,יח',false,,24.90,0.9960,true,1,126860
7290019232179,false,סטיי וול תה ירוק נענ,ויסוצקי,,סטיי וול תה ירוק נענ,יח',25.00,יח',false,,24.90,0.9960,true,1,126856
7290019232186,false,סטיי וול תה ירוק לימ,ויסוצקי,,סטיי וול תה ירוק לימ,יח',25.00,יח',false,,24.90,0.9960,true,1,126857
7290019232193,false,סטיי וול תה ירוק לימ,ויסוצקי,,סטיי וול תה ירוק לימ,יח',25.00,יח',false,,24.90,0.9960,true,1,126858
7290019232353,false,*מבצע* תה ירוק סיני,ויסוצקי,IL,ויסוצקי,גרמים,75.00,100 גרם,false,,37.90,0.5053,true,1,125042
7290019232827,false,הולגריין ביסקוויט במ,,,הולגריין ביסקוויט במ,גרמים,300.00,100 גרם,false,,10.90,0.0363,true,1,122111
7290019232834,false,בייגלה פליפז מצופה ק,אולקר מקבוצת פלאדיס,TR,פליפז,גרמים,140.00,100 גרם,false,,8.90,0.0636,true,1,122103
7290019233008,false,*מבצע* רוטב עגבניות,דליציה דורה אס.אר.אל,IT,*מבצע* רוטב עגבניות,גרמים,420.00,100 גרם,false,,9.90,0.0236,true,1,122104
7290019233022,false,*מבצע* רוטב עגבניות,דליציה דורה אס.אר.אל,IT,*מבצע* רוטב עגבניות,גרמים,420.00,100 גרם,false,,9.90,0.0236,true,1,122106
7290019233039,false,*מבצע* רוטב עגבניות,דליציה דורה אס.אר.אל,IT,*מבצע* רוטב עגבניות,גרמים,420.00,100 גרם,false,,9.90,0.0236,true,1,122112
7290019297383,false,מעדן משמש 284 גרם שק,לינוי סיטי,CN,שקדיה,גרמים,284.00,100 גרם,false,,7.90,0.0278,true,1,83863
7290019297406,false,מעדן דובדבן 284 גרם,לינוי סיטי,CN,שקדיה,גרמים,284.00,100 גרם,false,,7.90,0.0278,true,1,83865
7290019297413,false,מעדן אפרסק 284 גרם ש,לינוי סיטי,CN,שקדיה,גרמים,284.00,100 גרם,false,,7.90,0.0278,true,1,83866
7290019297420,false,מעדן תות שדה 284 גרם,לינוי סיטי,CN,שקדיה,גרמים,284.00,100 גרם,false,,7.90,0.0278,true,1,83867
7290019297437,false,מעדן אוכמניות 284 גר,לינוי סיטי,CN,שקדיה,גרמים,284.00,100 גרם,false,,7.90,0.0278,true,1,83868
7290019297512,false,רוטב רימונים 350 גרם,סיטוגלוגידה,TR,שקדיה,גרמים,350.00,100 גרם,false,,9.90,0.0283,true,1,32324
7290019297628,false,שקד טבעי 150 גרם,"דין שיווק וקלייה בע""",US,ששון הקולה,גרמים,150.00,100 גרם,false,,14.90,0.0993,true,1,32328
7290019308003,false,גרגירי חומוס 800 גרם,,,גרגירי חומוס 800 גרם,גרמים,800.00,100 גרם,false,,8.90,0.0111,true,1,121322
7290019428084,false,רולים שוקו רביעיה 4*,"גילרו בע""מ",IL,עלמה,גרמים,400.00,100 גרם,false,,9.90,0.0248,true,1,126900
7290019428091,false,רולים אגוז רביעיה 4*,"גילרו בע""מ",IL,עלמה,גרמים,400.00,100 גרם,false,,9.90,0.0248,true,1,126901
7290022005562,false,קריספ פירורי לחם שום,א.ל ייצור ושיווק תבל,IL,קריספ פירורי לחם שום,גרמים,300.00,100 גרם,false,,7.80,0.0260,true,1,122874
7290032147230,false,מיץ לימון משומר,סידג,CH,מיץ לימון משומר,מיליליטרים,200.00,"100 מ""ל",false,,6.90,0.0345,true,1,93916
7290042051921,false,כוסות יהלום 40 יח,,,כוסות יהלום 40 יח,יח',40.00,יח',false,,8.90,0.2225,true,1,107566
7290100240137,false,*מבצע* בדין תרסיס מי,זוהר דליה - 3P Local,IL,BADIN,מיליליטרים,500.00,"100 מ""ל",false,,14.90,0.0298,true,1,57643
7290100240144,false,*מבצע* בדין תרסיס מי,זוהר דליה - 3P Local,IL,BADIN,מיליליטרים,500.00,"100 מ""ל",false,,14.90,0.0298,true,1,57644
7290100240632,false,פתית 6 דגנים 250 גרם,אתר שפע - Food,IL,PATIT,גרמים,250.00,100 גרם,false,,14.90,0.0596,true,1,57645
7290100240656,false,פתית שיפון 300 גרם,אתר שפע - Food,IL,PATIT,גרמים,300.00,100 גרם,false,,14.90,0.0497,true,1,57646
7290100243671,false,בדין אקסטרא 960 מל,יונילוור - תורכיה,TR,BADIN,מיליליטרים,960.00,"100 מ""ל",false,,15.90,0.0166,true,1,57675
7290100245231,false,נמס בכוס+ט.עוף שקדי,אתר חיפה אבקות - Foo,IL,KNORR,גרמים,50.00,100 גרם,false,,6.50,0.1300,true,1,57694
7290100249659,false,רוטב לעוף צ'ילי מתוק,,IL,קנור,גרמים,320.00,100 גרם,false,,9.90,0.0309,true,1,57794
7290100411278,false,מחית אגס ותפוח 190 ג,NOVOFRUCHT SK S.R.O,SK,BELOVED,גרמים,190.00,100 גרם,false,,5.90,0.0311,true,1,75277
7290100412343,false,מגבוני קוויק לניקוי,DPL,IL,קוויק,יח',50.00,יח',false,,8.90,0.1780,true,1,75287
7290100412459,false,מגבוני קוויק לניקוי,DPL,IL,קוויק,יח',50.00,יח',false,,8.90,0.1780,true,1,75292
7290100412763,false,"ד""ר עור תחליב רחצה ל","אמיליה קוסמטיקס בע""מ",IL,"ד""ר עור",מיליליטרים,700.00,"100 מ""ל",false,,14.90,0.0213,true,1,75301
7290100412770,false,"ד""ר עור תחליב רחצה מ","אמיליה קוסמטיקס בע""מ",IL,"ד""ר עור",מיליליטרים,700.00,"100 מ""ל",false,,14.90,0.0213,true,1,75302
7290100412800,false,"ד""ר עור תחליב רחצה פ","אמיליה קוסמטיקס בע""מ",IL,"ד""ר עור",מיליליטרים,700.00,"100 מ""ל",false,,14.90,0.0213,true,1,75305
7290100412831,false,"ד""ר עור תחליב רחצה ו","אמיליה קוסמטיקס בע""מ",IL,"ד""ר עור",מיליליטרים,700.00,"100 מ""ל",false,,14.90,0.0213,true,1,75307
7290100653463,false,פלמוליב סנסיישן מסאז,קולגייט פלמוליב,IT,פלמוליב נוזלי,מיליליטרים,500.00,"100 מ""ל",false,,15.90,0.0318,true,1,61031
7290100653586,false,ליידי ספיד סטיק 24/7,Colgate - USA,US,ליידי ספיד סטיק,גרמים,65.00,100 גרם,false,,24.90,0.3831,true,1,61033
7290100680650,false,מ.חמה נודלס תאילנדי,טאי רזידנט,TH,מנה חמה,גרמים,76.00,100 גרם,false,,4.90,0.0645,true,1,33853
7290100680667,false,מ.חמה נודלס סצ'ואן 7,טאי רזידנט,TH,מנה חמה,גרמים,76.00,100 גרם,false,,4.90,0.0645,true,1,33854
7290100680711,false,פירורית זהב 350 גרם,עינת תעשיות מזון אגו,IL,אסם,גרמים,350.00,100 גרם,false,,7.90,0.0226,true,1,33855
7290100680728,false,פירורית 350 גרם,אסם,IL,אסם,גרמים,350.00,100 גרם,false,,6.90,0.0197,true,1,33856
7290100681503,false,עסיס לימונענע דיאט 1,בית השיטה עסיס תעשיו,IL,עסיס,ליטרים,1.00,ליטר,false,,16.90,16.9000,true,1,33862
7290100681510,false,עסיס אשכולית אדומה ד,בית השיטה עסיס תעשיו,IL,עסיס,ליטרים,1.00,ליטר,false,,16.90,16.9000,true,1,33863
7290100685136,false,מרק טעם עוף 1קג,אסם,IL,אסם,קילוגרמים,1.00,"ק""ג",false,,14.90,14.9000,true,1,33876
7290100685334,false,מרק עוף רכיבים טבעיי,אסם,IL,אסם,גרמים,400.00,100 גרם,false,,19.90,0.0497,true,1,33877
7290100685341,false,מרק זך טעם עוף רכיבי,אסם,IL,אסם,גרמים,400.00,100 גרם,false,,14.90,0.0373,true,1,33878
7290100685600,false,פירורית זהב חיטה מלא,עינת תעשיות מזון אגו,IL,אסם,גרמים,200.00,100 גרם,false,,6.90,0.0345,true,1,33880
7290100689301,false,עדיף זך טעם עוף 400,אסם,IL,אסם,גרמים,400.00,100 גרם,false,,13.90,0.0348,true,1,33893
7290100700006,false,"חיטה 1 ק""ג","סוגת תעשיות בע""מ",IL,סוגת,קילוגרמים,1.00,"ק""ג",false,,8.90,8.9000,true,1,28988
7290100700020,false,גריסי פנינה 500 גרם,"סוגת תעשיות בע""מ",IL,סוגת,גרמים,500.00,100 גרם,false,,4.90,0.0098,true,1,28989
7290100700068,false,שעועית צבעונית 500 ג,"סוגת תעשיות בע""מ",IL,סוגת,גרמים,500.00,100 גרם,false,,11.90,0.0238,true,1,28990
7290100700075,false,פירורי לחם מוזהבים ס,"סוגת תעשיות בע""מ",IL,סוגת,גרמים,200.00,100 גרם,false,,3.90,0.0195,true,1,28991
7290100700273,false,*מבצע* קינואה 500 גר,"סוגת תעשיות בע""מ",IL,סוגת,גרמים,500.00,100 גרם,false,,12.90,0.0258,true,1,28994
7290100700310,false,"כוסמת 1 ק""ג","סוגת תעשיות בע""מ",IL,סוגת,קילוגרמים,1.00,"ק""ג",false,,13.90,13.9000,true,1,28996
7290100700327,false,"גריסי פנינה 1 ק""ג","סוגת תעשיות בע""מ",IL,סוגת,קילוגרמים,1.00,"ק""ג",false,,7.90,7.9000,true,1,28997
7290100700334,false,קינואה 1קג,"סוגת תעשיות בע""מ",IL,סוגת,גרמים,500.00,100 גרם,false,,19.90,0.0398,true,1,28998
7290100700389,false,"*מבצע* אורז אדום 1ק""",סוגת תעשיות בעמ,IL,סוגת,קילוגרמים,1.00,"ק""ג",false,,9.90,9.9000,true,1,29000
7290100700396,false,"אורז יסמין 1 ק""ג",סוגת תעשיות בעמ,IL,סוגת,קילוגרמים,1.00,"ק""ג",false,,11.90,11.9000,true,1,29001
7290100700419,false,"בורגול 1 ק""ג","סוגת תעשיות בע""מ",IL,סוגת,קילוגרמים,1.00,"ק""ג",false,,7.50,7.5000,true,1,29002
7290100700563,false,*מבצע* אורז מיקס קלא,סוגת תעשיות בעמ,IL,סוגת,קילוגרמים,1.00,"ק""ג",false,,9.90,9.9000,true,1,29003
7290100700587,false,בורגול 500 גרם,"סוגת תעשיות בע""מ",IL,סוגת,גרמים,500.00,100 גרם,false,,4.90,0.0098,true,1,29004
7290100701126,false,שעועית מש 500 גר,,,שעועית מש 500 גר,יח',1.00,יח',false,,11.90,11.9000,true,1,29005
7290100701140,false,*מבצע* אורז ריזוטו א,סוגת תעשיות בעמ,IL,סוגת,קילוגרמים,1.00,"ק""ג",false,,8.90,8.9000,true,1,29006
7290100701157,false,"אורז סושי 1 ק""ג",סוגת תעשיות בעמ,IL,סוגת,קילוגרמים,1.00,"ק""ג",false,,11.90,11.9000,true,1,29007
7290100701300,false,*מבצע* קינואה אדומה,,,*מבצע* קינואה אדומה,גרמים,500.00,100 גרם,false,,12.90,0.0258,true,1,29008
7290100701348,false,קמח שיפון מלא מספר 7,"שטיבל בע""מ",IL,סוגת,קילוגרמים,1.00,"ק""ג",false,,6.90,6.9000,true,1,29011
7290100701454,false,גרישה 500 גר,"סוגת תעשיות בע""מ",IL,סוגת,גרמים,500.00,100 גרם,false,,4.90,0.0098,true,1,29017
7290100701577,false,קמח לחם מספר 2,"שטיבל בע""מ",IL,סוגת,קילוגרמים,1.00,"ק""ג",false,,6.90,6.9000,true,1,29018
7290100701881,false,קמח פיצה ופוקצה מספר,"שטיבל בע""מ",IL,סוגת,קילוגרמים,1.00,"ק""ג",false,,6.90,6.9000,true,1,29023
7290100702277,false,קוסקוס עבה 350 ג,"אסיף תעשיות מזון בע""",IL,סוגת,גרמים,350.00,100 גרם,false,,4.90,0.0140,true,1,29029
7290100702383,false,"קמח תופח 1 ק""ג","שטיבל בע""מ",IL,סוגת,קילוגרמים,1.00,"ק""ג",false,,6.90,6.9000,true,1,29034
7290100702611,false,פתיתים אפויים 500ג,"אסיף תעשיות מזון בע""",IL,סוגת,גרמים,500.00,100 גרם,false,,5.90,0.0118,true,1,29046
7290100702628,false,פתיתים אפויים 500 גר,"אסיף תעשיות מזון בע""",IL,סוגת,גרמים,500.00,100 גרם,false,,5.90,0.0118,true,1,29047
7290100702635,false,פתיתים אפויים 500 גר,"אסיף תעשיות מזון בע""",IL,סוגת,גרמים,500.00,100 גרם,false,,5.90,0.0118,true,1,29048
7290100702642,false,פתיתים אפויים 500 גר,"אסיף תעשיות מזון בע""",IL,סוגת,גרמים,500.00,100 גרם,false,,5.90,0.0118,true,1,29049
7290100702659,false,פתיתים מקמח מלא 400ג,,,פתיתים מקמח מלא 400ג,גרמים,400.00,100 גרם,false,,5.90,0.0148,true,1,29050
7290100702666,false,פתיתים עם בצל 400ג,,,פתיתים עם בצל 400ג,גרמים,400.00,100 גרם,false,,5.90,0.0148,true,1,29051
7290100702673,false,פתיתים 3 צבעים 400ג,,,פתיתים 3 צבעים 400ג,גרמים,400.00,100 גרם,false,,5.90,0.0148,true,1,29052
7290100703007,false,עדשים שחורות בלוגה 5,"סוגת תעשיות בע""מ",IL,סוגת,גרמים,500.00,100 גרם,false,,7.90,0.0158,true,1,29076
7290100703458,false,כוסמת 500 גרם,"שטיבל בע""מ",IL,סוגת,גרמים,500.00,100 גרם,false,,7.90,0.0158,true,1,29094
7290100703533,false,*מבצע* קמח קסם רב תכ,"שטיבל בע""מ",IL,שטיבל,קילוגרמים,1.00,"ק""ג",false,,7.90,7.9000,true,1,29095
7290100703908,false,סוכר דמררה בשקית 1קג,סוגת תעשיות בעמ,IL,סוגת,קילוגרמים,1.00,"ק""ג",false,,8.90,8.9000,true,1,29102
7290100704578,false,"קמח כוסמין לבן 1 ק""ג",טחנת קמח דגן-שטיבל,IL,"קמח כוסמין לבן 1 ק""ג",קילוגרמים,1.00,"ק""ג",false,,14.90,14.9000,true,1,117850
7290100704615,false,סוכר לבן דמררה דק דק,סוגת,IL,סוכר לבן דמררה דק דק,גרמים,500.00,100 גרם,false,,7.90,0.0158,true,1,119692
7290100704622,false,סוכר דמררה דק דק בצנ,סוגת,IL,סוכר דמררה דק דק בצנ,גרמים,500.00,100 גרם,false,,7.90,0.0158,true,1,119693
7290100704660,false,*מבצע* קינואה מיקס 5,"סוגת תעשיות בע""מ",IL,סוגת,גרמים,500.00,100 גרם,false,,12.90,0.0258,true,1,118142
7290100850909,false,דוריטוס נאצו 70 גרם,שטראוס פריטו ליי (מל,IL,עלית,גרמים,70.00,100 גרם,false,,3.20,0.0457,true,1,51886
7290100850916,false,דוריטוס חמוץ חריף 70,שטראוס פריטו ליי (מל,IL,עלית,גרמים,70.00,100 גרם,false,,3.20,0.0457,true,1,51888
7290100850923,false,דוריטוס גריל 70 גרם,שטראוס פריטו ליי (מל,IL,עלית,גרמים,70.00,100 גרם,false,,3.20,0.0457,true,1,51890
7290100850930,false,דוריטוס טבעי 70 גרם,שטראוס פריטו ליי (מל,IL,עלית,גרמים,70.00,100 גרם,false,,3.20,0.0457,true,1,51892
7290100851968,false,קפה נמס 200 גר זוג,שטראוס גרופ,IL,עלית,גרמים,400.00,100 גרם,false,,37.90,0.0947,true,1,50846
7290100858592,false,קקאו עלית 150 גרם,שטראוס גרופ,IL,עלית,גרמים,150.00,100 גרם,false,,9.90,0.0660,true,1,50865
7290100858608,false,קקאו עלית 500 גרם,שטראוס גרופ,IL,עלית,גרמים,500.00,100 גרם,false,,23.90,0.0478,true,1,50866
7290100921593,false,כדוריות לניקוי שירות,הנקל סוד,HU,הנקל סוד,מיליליטרים,50.00,"100 מ""ל",false,,7.90,0.1580,true,1,66118
7290100921609,false,כדוריות לניקוי שירות,הנקל סוד,HU,הנקל סוד,מיליליטרים,50.00,"100 מ""ל",false,,7.90,0.1580,true,1,66120
7290100921616,false,כדוריות לניקוי שירות,הנקל סוד,HU,הנקל סוד,מיליליטרים,50.00,"100 מ""ל",false,,7.90,0.1580,true,1,66122
7290100921623,false,כדוריות לניקוי שירות,הנקל סוד,HU,הנקל סוד,מיליליטרים,50.00,"100 מ""ל",false,,7.90,0.1580,true,1,66124
7290100924204,false,אבקת כביסה פרסיל 8 ק,הנקל סוד,IL,הנקל סוד,קילוגרמים,8.00,"ק""ג",false,,49.90,6.2375,true,1,66143
7290100924464,false,*מבצע* מארז כדוריות,הנקל סוד,HU,הנקל סוד,גרמים,150.00,100 גרם,false,,14.90,0.0993,true,1,66157
7290100924631,false,סוד מרכך כביסה מרוכז,הנקל סוד,IL,סוד,מיליליטרים,900.00,"100 מ""ל",false,,11.90,0.0132,true,1,66176
7290100925669,false,דפים למכונת כביסה 10,הנקל סוד,IE,דפים למכונת כביסה 10,יח',10.00,יח',false,,12.90,1.2900,true,1,66250
7290100925676,false,דפים למכונת כביסה 20,הנקל סוד,IE,דפים למכונת כביסה 20,יח',20.00,יח',false,,19.90,0.9950,true,1,81478
7290100928516,false,גל סוד לכביסה ביד 1,הנקל סוד,IL,הנקל סוד,ליטרים,1.00,ליטר,false,,13.90,13.9000,true,1,81503
7290101110811,false,גלידל פסיפלורה שמיני,"פלקו בע""מ",IL,הגלידות של פלדמן,גרמים,400.00,100 גרם,false,,29.90,0.0747,true,1,46404
7290101112921,false,גלידל פירות טרופיים,"פלקו בע""מ",IL,הגלידות של פלדמן,יח',8.00,יח',false,,24.90,3.1125,true,1,89148
7290101113157,false,שישייה גלידל וניל עו,"פלקו בע""מ",IL,שישייה גלידל וניל עו,קרטון,6.00,קרטון,false,,23.90,3.9833,true,1,123551
7290101113447,false,גלידל מיני סנדוויץ ב,"פלקו בע""מ",IL,הגלידות של פלדמן,100 1,10.00,100 1,false,,29.90,2.9900,true,1,123552
7290101113911,false,מנבו מוקה 12 יח',,,מנבו מוקה 12 יח',יח',12.00,יח',false,,20.90,1.7417,true,1,127144
7290101486688,false,*מבצע* פרי חטיפי ברי,FREE,IL,פרי,גרמים,90.00,100 גרם,false,,14.90,0.1656,true,1,61043
7290101488248,false,ליידי 24/7 רול און ו,Colgate -ITALY,IT,ליידי רול און,מיליליטרים,50.00,"100 מ""ל",false,,14.90,0.2980,true,1,61045
7290101501138,false,כרובית ארוזה יחידה,,,כרובית ארוזה יחידה,יחידה,0.00,יחידה,false,,9.90,0.0000,true,1,29592
7290101501237,false,עגבניה מגי,משתנה,IL,עגבניה,קילוגרמים,1.00,"ק""ג",true,,13.90,13.9000,true,1,117592
7290101551027,false,קפסולות למכונה 14,שטראוס גרופ,IL,עלית,גרמים,50.00,100 גרם,false,,15.90,0.3180,true,1,107250
7290101551263,false,*מבצע* סילאן טבעי 70,מכוורת יד מרדכי,IL,יד מרדכי,גרמים,700.00,100 גרם,false,,19.90,0.0284,true,1,105468
7290101551300,false,סילאן טבעי לחיץ 380,מכוורת יד מרדכי,IL,יד מרדכי,גרמים,380.00,100 גרם,false,,14.90,0.0392,true,1,105469
7290101551539,false,דנונה פרו 20 גר אפרס,שטראוס גרופ,IL,דנונה פרו,גרמים,200.00,100 גרם,false,,5.90,0.0295,true,1,105706
7290101551577,false,זוג קוואקר פחית 2*50,FRITO-LAY TRADING CO,GB,קוואקר,קילוגרמים,1.00,"ק""ג",false,,19.90,19.9000,true,1,105904
7290101551584,false,מארז תפוציפס קידס 10,שטראוס פריטו ליי (מל,IL,עלית,גרמים,200.00,100 גרם,false,,12.90,0.0645,true,1,105986
7290101551614,false,*מבצע* מארז ציטוס קר,שטראוס פריטו ליי (מל,IL,עלית,גרמים,240.00,100 גרם,false,,10.90,0.0454,true,1,105991
7290101551638,false,מארז ציטוס כאפה 20*1,שטראוס פריטו ליי (מל,IL,עלית,גרמים,200.00,100 גרם,false,,12.90,0.0645,true,1,105989
7290101582373,false,יין גרנאש בלאש רוזה,יקבי בינימינה,IL,יינות בנימינה המושבה,מיליליטרים,750.00,"100 מ""ל",false,,29.90,0.0399,true,1,107938
7290101821151,false,דבק מגע,,,דבק מגע,יח',1.00,יח',false,,4.90,4.9000,true,1,67509
7290101864127,false,קליה ספריי 750 מיל,RECKITT BENCKISER PR,PL,וניש,מיליליטרים,750.00,"100 מ""ל",false,,16.90,0.0225,true,1,38444
7290101865261,false,פיניש נוזל הברקה 800,RECKITT BENCKISER PR,PL,פיניש,מיליליטרים,800.00,"100 מ""ל",false,,19.90,0.0249,true,1,38451
7290101866633,false,קליה גל 3 ל,סאסאטק,IL,וניש,ליטרים,3.00,ליטר,false,,29.90,9.9667,true,1,38462
7290101866787,false,קליה גל להלבנה 3 ליט,סאסאטק,IL,וניש,ליטרים,3.00,ליטר,false,,29.90,9.9667,true,1,38466
7290101868958,false,פיניש נוזל הברקה 800,RECKITT BENCKISER PR,PL,פיניש,מיליליטרים,800.00,"100 מ""ל",false,,19.90,0.0249,true,1,38493
7290101869726,false,פיניש גל 1 ליטר,RECKITT BENCKISER PR,PL,פיניש,ליטרים,1.00,ליטר,false,,42.90,42.9000,true,1,38514
7290101869733,false,פיניש גל לימון 1 ליט,RECKITT BENCKISER PR,PL,פיניש,ליטרים,1.00,ליטר,false,,42.90,42.9000,true,1,38516
7290102030330,false,תפוציפס מקסיקני 200,שטראוס פריטו ליי (מל,IL,עלית,גרמים,200.00,100 גרם,false,,9.90,0.0495,true,1,51894
7290102031276,false,אקטימל 8 תות בננה,שטראוס גרופ,IL,שטראוס,מיליליטרים,864.00,"100 מ""ל",false,,19.90,0.0230,true,1,54012
7290102060764,false,*מבצע* מרידול מברשת,,,מברשת שיניים מרידול זוג,יח',2.00,יח',false,,24.90,12.4500,true,1,61050
7290102060979,false,*מבצע* אלמקס משחת שי,CP-Poland swidnica,PL,אלמקס,מיליליטרים,100.00,"100 מ""ל",false,,14.90,0.1490,true,1,61052
7290102062195,false,אלמקס ג'וניור משחת ש,CP-Poland swidnica,PE,אלמקס,מיליליטרים,75.00,"100 מ""ל",false,,15.90,0.2120,true,1,61054
7290102300822,false,צ'דר אנגלי כתום 200,שבינגטון,GB,שבינגטון,גרמים,200.00,100 גרם,false,,23.90,0.1195,true,1,74676
7290102300877,false,צדר אנגלי לבן.,שבינגטון,GB,שבינגטון,קילוגרמים,1.00,"ק""ג",true,,129.00,129.0000,true,1,74680
7290102302246,false,*מבצע* גבינת גאודה 2,הנרי בליך,NL,הנרי ויליך,גרמים,200.00,100 גרם,false,,17.90,0.0895,true,1,74684
7290102302253,false,*מבצע* גבינה גאודה ע,הנרי בליך,NL,הנרי ויליך,גרמים,200.00,100 גרם,false,,25.90,0.1295,true,1,74686
7290102302260,false,גרנה פדנה 200 גרם,אמברוסי,IT,אמברוסי,גרמים,200.00,100 גרם,false,,32.90,0.1645,true,1,74688
7290102302840,false,גאודה עיזים פרוסה 15,הנרי ויליך,NL,הגבינות של נני,יחידה,0.00,יחידה,false,,32.90,0.0000,true,1,112781
7290102302864,false,גאודה פסטו ירוק 200,הנרי ויליך,NL,הגבינות של נני,גרמים,200.00,100 גרם,false,,35.90,0.1795,true,1,111840
7290102390427,false,Muller Froop תות 150,,,Muller Froop תות 150,גרמים,150.00,100 גרם,false,,4.80,0.0320,true,1,53382
7290102390465,false,Muller Froop אפרסק פ,טרה,IL,MULLER,גרמים,150.00,100 גרם,false,,4.80,0.0320,true,1,53383
7290102390489,false,Muller Froop לימון 1,טרה,IL,MULLER,גרמים,150.00,100 גרם,false,,4.80,0.0320,true,1,53384
7290102391844,false,Muller Froop פירות י,טרה,IL,MULLER,גרמים,150.00,100 גרם,false,,4.80,0.0320,true,1,53387
7290102392049,false,תבור- גבינה לאפייה 5,מחלבת משק צוריאל,IL,משק צוריאל,גרמים,500.00,100 גרם,false,,22.90,0.0458,true,1,53388
7290102392094,false,חלב עיזים בקרטון 1 ל,מחלבת משק צוריאל,IL,משק צוריאל,ליטרים,1.00,ליטר,false,,14.90,14.9000,true,1,53389
7290102392254,false,חלב בקרטון 1% 2 ליטר,טרה,IL,טרה,ליטרים,2.00,ליטר,false,,11.60,5.8000,true,1,53390
7290102392728,false,מולר ביאנקו נטורל 2.,טרה,IL,MULLER,גרמים,200.00,100 גרם,false,,3.70,0.0185,true,1,53397
7290102393039,false,Muller mix פצפוצי שו,טרה,IL,MULLER,גרמים,170.00,100 גרם,false,,5.50,0.0324,true,1,53399
7290102393169,false,תות שדה Muller Simpl,טרה,IL,MULLER,גרמים,150.00,100 גרם,false,,4.80,0.0320,true,1,53410
7290102393176,false,אפרסק Muller Simply,טרה,IL,MULLER,גרמים,150.00,100 גרם,false,,4.80,0.0320,true,1,53412
7290102393190,false,פירות יער Muller Sim,טרה,IL,MULLER,גרמים,150.00,100 גרם,false,,4.80,0.0320,true,1,53414
7290102393268,false,גבינה לבנה 750 גרם 5,טרה,IL,טרה,גרמים,750.00,100 גרם,false,,14.70,0.0196,true,1,53416
7290102393299,false,יוגורט עיזים לשתייה,מחלבת משק צוריאל,IL,משק צוריאל,גרמים,500.00,100 גרם,false,,11.90,0.0238,true,1,53418
7290102393848,false,יוגורט עיזים עם תות,מחלבת משק צוריאל,IL,משק צוריאל,גרמים,150.00,100 גרם,false,,5.80,0.0387,true,1,53422
7290102393855,false,יוגורט עיזים עם אפרס,מחלבת משק צוריאל,IL,משק צוריאל,גרמים,150.00,100 גרם,false,,5.80,0.0387,true,1,53424
7290102393947,false,קיווי Muller Simply,טרה,IL,MULLER,גרמים,150.00,100 גרם,false,,4.80,0.0320,true,1,53426
7290102394081,false,Muller mix קורנפלקס,טרה,IL,MULLER,גרמים,170.00,100 גרם,false,,5.50,0.0324,true,1,53428
7290102394258,false,מה עז 9% 180 גרם,מחלבת משק צוריאל,IL,משק צוריאל,גרמים,180.00,100 גרם,false,,22.50,0.1250,true,1,53430
7290102394463,false,גבנצ 28% ואקום 500 ג,טרה,IL,טרה,גרמים,500.00,100 גרם,false,,23.90,0.0478,true,1,53436
7290102394821,false,גבנצ 28% דק דק 200 ג,טרה,IL,טרה,גרמים,200.00,100 גרם,false,,15.20,0.0760,true,1,53440
7290102394845,false,גבנצ 9% דק דק 200 ג',טרה,IL,טרה,גרמים,200.00,100 גרם,false,,16.90,0.0845,true,1,53442
7290102395217,false,מאגדת שמיניה מולר בי,טרה,IL,MULLER,קילוגרמים,1.20,"ק""ג",false,,18.20,15.1667,true,1,53456
7290102395224,false,מאגדת שמיניה מולר 1.,טרה,IL,MULLER,ליטרים,1.20,ליטר,false,,16.50,13.7500,true,1,53458
7290102395231,false,מאגדת שמינייה מולר נ,טרה,IL,MULLER,קילוגרמים,1.20,"ק""ג",false,,16.50,13.7500,true,1,53460
7290102395262,false,מאגדת שמינייה תות שד,טרה,IL,MULLER,קילוגרמים,1.20,"ק""ג",false,,29.90,24.9167,true,1,53462
7290102395378,false,גבנצ 28% ואקום 360 ג,טרה,IL,טרה,גרמים,360.00,100 גרם,false,,19.90,0.0553,true,1,53466
7290102395439,false,מאגדת שמינייה פירות,טרה,IL,MULLER,קילוגרמים,1.20,"ק""ג",false,,29.90,24.9167,true,1,53468
7290102395446,false,מוו וניל קצפת,טרה,IL,טרה,גרמים,123.00,100 גרם,false,,2.90,0.0236,true,1,53470
7290102395477,false,מוו שוקולד קצפת,טרה,IL,טרה,גרמים,123.00,100 גרם,false,,2.90,0.0236,true,1,53475
7290102395521,false,שמנת לבישול 15% 500,טרה,IL,טרה,מיליליטרים,500.00,"100 מ""ל",false,,15.90,0.0318,true,1,53477
7290102396399,false,מאגדת שמינייה - מעדן,טרה,IL,טרה,גרמים,800.00,100 גרם,false,,12.90,0.0161,true,1,53515
7290102396405,false,מאגדת שמינייה - מעדן,טרה,IL,טרה,גרמים,800.00,100 גרם,false,,12.90,0.0161,true,1,53517
7290102396436,false,מוו מעדן שוקולד 1.5%,טרה,IL,טרה,גרמים,125.00,100 גרם,false,,2.70,0.0216,true,1,53523
7290102396580,false,מוו שוקולד ומוס שוקו,טרה,IL,טרה,גרמים,123.00,100 גרם,false,,2.90,0.0236,true,1,53540
7290102396597,false,מוו וניל ומוס שוקולד,טרה,IL,טרה,גרמים,123.00,100 גרם,false,,2.90,0.0236,true,1,53542
7290102396665,false,גבנצ 15% דק דק 200 ג,טרה,IL,טרה,גרמים,200.00,100 גרם,false,,15.20,0.0760,true,1,53546
7290102396672,false,גבנצ 9% דק דק 360 ג',טרה,IL,טרה,גרמים,360.00,100 גרם,false,,25.90,0.0719,true,1,53548
7290102396719,false,תות 0% Muller Simply,טרה,IL,MULLER,גרמים,150.00,100 גרם,false,,4.80,0.0320,true,1,53552
7290102396740,false,מאגדת שמינייה מולר ס,טרה,IL,MULLER,קילוגרמים,1.20,"ק""ג",false,,29.90,24.9167,true,1,53559
7290102397204,false,גבנצ 22% דק דק 200 ג,טרה,IL,טרה,גרמים,200.00,100 גרם,false,,15.20,0.0760,true,1,53602
7290102397310,false,מאגדת שמינייה מיני מ,מילקו,,טרה,גרמים,560.00,100 גרם,false,,10.90,0.0195,true,1,53608
7290102397464,false,Natural + פקאן  גרעי,מילקו,IL,מולר נטורל,גרמים,170.00,100 גרם,false,,5.50,0.0324,true,1,53621
7290102397600,false,Muller mix שקדים ובו,טרה,IL,MULLER,גרמים,170.00,100 גרם,false,,5.50,0.0324,true,1,53643
7290102397617,false,Muller mix קליק,טרה,IL,MULLER,גרמים,170.00,100 גרם,false,,5.50,0.0324,true,1,53645
7290102397679,false,קוטג' וחצי 5% 375 גר,מילקו,IL,טרה,גרמים,375.00,100 גרם,false,,7.50,0.0200,true,1,53649
7290102397730,false,אמנטל פתיחה חוזרת 20,טרה,IL,נעם,גרמים,200.00,100 גרם,false,,16.90,0.0845,true,1,53660
7290102397747,false,מוצרלה נעם פתיחה חוז,טרה,IL,טרה,גרמים,200.00,100 גרם,false,,17.90,0.0895,true,1,86660
7290102397891,false,גבינה מותכת 100 גרם,מילקו,IL,גבינות קשות,גרמים,100.00,100 גרם,false,,6.90,0.0690,true,1,53676
7290102398065,false,חלב בקרטון 3% 2 ליטר,טרה,IL,טרה,ליטרים,2.00,ליטר,false,,12.40,6.2000,true,1,53695
7290102398331,false,חלב 1 ליטר מועשר דל,טרה,IL,חלב טרה,ליטרים,1.00,ליטר,false,,7.40,7.4000,true,1,87576
7290102398553,false,שוקו טרה בקבוק 1.5 ל,טרה,IL,טרה,ליטרים,1.50,ליטר,false,,16.50,11.0000,true,1,112361
7290102398560,false,שוקו טרה מועשר בבקבו,טרה,IL,טרה,ליטרים,1.00,ליטר,false,,11.00,11.0000,true,1,89705
7290102398577,false,שוקו מועשר בבקבוק 25,טרה,IL,טרה,מיליליטרים,250.00,"100 מ""ל",false,,5.30,0.0212,true,1,89859
7290102398614,false,משקה חלב בטעם בננה 1,טרה,IL,טרה,ליטרים,1.00,ליטר,false,,11.00,11.0000,true,1,89708
7290102398638,false,משקה חלב בטעם מוקה,טרה,IL,טרה,ליטרים,1.00,ליטר,false,,11.00,11.0000,true,1,89709
7290102398669,false,אייס קפוצ'ינו 1 ליטר,טרה,IL,טרה,ליטרים,1.00,ליטר,false,,11.00,11.0000,true,1,113182
7290102398782,false,משקה סויה קלאסי משק,ואל סויה,IT,משק,ליטרים,1.00,ליטר,false,,10.90,10.9000,true,1,112352
7290102398799,false,משקה סויה במתיקות מו,ואל סויה,IT,משק,ליטרים,1.00,ליטר,false,,10.90,10.9000,true,1,112353
7290102398805,false,משקה סויה בטעם וניל,ואל סויה,IT,משק,ליטרים,1.00,ליטר,false,,10.90,10.9000,true,1,112354
7290102398836,false,משקה שקדים קלאסי משק,ואל סויה,IT,משק,ליטרים,1.00,ליטר,false,,12.90,12.9000,true,1,112356
7290102399048,false,קשקבל נעם פתיחה חוזר,מילקו,IL,טרה,גרמים,200.00,100 גרם,false,,22.90,0.1145,true,1,108547
7290102399697,false,Muller simply fruit,טרה,IL,MULLER,גרמים,150.00,100 גרם,false,,4.80,0.0320,true,1,112362
7290102399772,false,*מבצע* ממרח חמאת מול,מילקו,DE,מולר,גרמים,250.00,100 גרם,false,,15.90,0.0636,true,1,113170
7290102399789,false,*מבצע* ממרח חמאת מול,מילקו,DE,מולר,גרמים,250.00,100 גרם,false,,15.90,0.0636,true,1,113171
7290102399802,false,Muller Active יוגורט,מילקו,IL,מולר,גרמים,20.00,100 גרם,false,,5.90,0.2950,true,1,113176
7290102399819,false,מולר אקטיב יוגורט חל,מילקו,IL,מולר,גרמים,20.00,100 גרם,false,,5.90,0.2950,true,1,113177
7290102399857,false,Muller Active לייט י,מילקו,IL,מולר,מיליליטרים,200.00,"100 מ""ל",false,,5.90,0.0295,true,1,113459
7290102586479,false,מפצל 3 מטר,,,מפצל 3 מטר,מטרים,3.00,מטר,false,,9.90,3.3000,true,1,89830
7290102840175,false,פודינג וניל 85 גרם,"מיה תעשיות מזון בע""מ",IL,מיה,גרמים,85.00,100 גרם,false,,2.90,0.0341,true,1,48509
7290103126797,false,*מבצע* קולגייט סנסיט,Colgate - Brazil,BR,קולגייט,מיליליטרים,75.00,"100 מ""ל",false,,17.90,0.2387,true,1,61067
7290103128739,false,בלונס מקלות אוזניים,SEPTONA,GR,בלונס,יח',50.00,יח',false,,6.90,0.1380,true,1,61070
7290103129378,false,ספיד סטיק X5 דאודורנ,Colgate - USA,US,ספיד סטיק,גרמים,85.00,100 גרם,false,,19.90,0.2341,true,1,61073
7290103129392,false,לסס פרש אסנס פרח הפר,Colgate - USA,US,לסס פרש,גרמים,65.00,100 גרם,false,,21.90,0.3369,true,1,61074
7290103129408,false,לסס פרש אסנס פריחת ה,Colgate - USA,US,לסס פרש,גרמים,65.00,100 גרם,false,,21.90,0.3369,true,1,61075
7290103129637,false,בלונס פדים אובאליים,SEPTONA,GR,בלונס,יח',40.00,יח',false,,8.90,0.2225,true,1,61076
7290103400194,false,כרוב לבן קצוץ 400 גר,שטראוס גרופ,IL,שטראוס,גרמים,400.00,100 גרם,false,,8.90,0.0223,true,1,54020
7290103400255,false,סלט קולסלאו 400 גרם,שטראוס גרופ,IL,שטראוס,גרמים,400.00,100 גרם,false,,8.90,0.0223,true,1,54024
7290103401429,false,פלטיניום קצב ברזילאי,שטראוס גרופ,IL,עלית,גרמים,200.00,100 גרם,false,,24.90,0.1245,true,1,50885
7290103404758,false,כרוב 120,שטראוס גרופ,IL,שטראוס,גרמים,125.00,100 גרם,false,,4.70,0.0376,true,1,54028
7290103408206,false,עלי חסה שטופים 250,שטראוס גרופ,IL,שטראוס,גרמים,250.00,100 גרם,false,,9.90,0.0396,true,1,54031
7290103681197,false,"יין הר שיראז 750 מ""ל",,,הר אדום,מיליליטרים,750.00,"100 מ""ל",false,,35.90,0.0479,true,1,115263
7290103681227,false,יין הר גוורצטרמינר 7,,,הר לבן,מיליליטרים,750.00,"100 מ""ל",false,,35.90,0.0479,true,1,115265
7290103681234,false,"יין הר רוזה 750 מ""ל",,,הר לבן,מיליליטרים,750.00,"100 מ""ל",false,,35.90,0.0479,true,1,115266
7290103681241,false,"יין הר מוסקטו 750 מ""",,,הר לבן,מיליליטרים,750.00,"100 מ""ל",false,,35.90,0.0479,true,1,115267
7290104061417,false,חומוס טחינה 400 גרם,שטראוס גרופ,IL,שטראוס,גרמים,400.00,100 גרם,false,,10.90,0.0273,true,1,54032
7290104061448,false,חומוס חריף 400 גרם,שטראוס גרופ,IL,שטראוס,גרמים,400.00,100 גרם,false,,10.90,0.0273,true,1,54035
7290104062599,false,גמדים בכפית 8 תות בנ,שטראוס גרופ,IL,שטראוס,גרמים,800.00,100 גרם,false,,17.90,0.0224,true,1,54036
7290104065934,false,עלי רוקט 150 גרם שטר,שטראוס גרופ,IL,שטראוס,גרמים,150.00,100 גרם,false,,9.90,0.0660,true,1,54038
7290104066566,false,טחינה 500 גרם,שטראוס גרופ,IL,שטראוס,גרמים,500.00,100 גרם,false,,13.90,0.0278,true,1,54041
7290104068539,false,מאסט מלון ואבטיח,שטראוס גרופ,IL,עלית,גרמים,28.00,100 גרם,false,,4.00,0.1429,true,1,50939
7290104068546,false,מאסט קולה קרח ולימון,שטראוס גרופ,IL,עלית,גרמים,28.00,100 גרם,false,,4.00,0.1429,true,1,50941
7290104500572,false,אפרופו איטליאנו 50 ג,אסם,IL,אפרופו,גרמים,50.00,100 גרם,false,,3.90,0.0780,true,1,33896
7290104501661,false,פודינג בטעם וניל צרפ,אסם,IL,אסם,גרמים,84.00,100 גרם,false,,4.90,0.0583,true,1,33897
7290104501784,false,מיני מאפינס שוקוציפס,תבואות בר,IL,בונז'ור,גרמים,200.00,100 גרם,false,,10.00,0.0500,true,1,33898
7290104501807,false,מיני מאפינס שוקו 32,ב- תבואות בר,IL,בונז'ור,גרמים,200.00,100 גרם,false,,10.00,0.0500,true,1,33899
7290104504228,false,דובונים קדמ.מארז אחי,אסם,IL,דובונים,גרמים,100.00,100 גרם,false,,12.90,0.1290,true,1,33903
7290104508189,false,24 גביעי גלידה ממותק,"גילרו בע""מ",IL,אסם,גרמים,95.00,100 גרם,false,,12.90,0.1358,true,1,33906
7290104508202,false,24 גביעי גלידה אמריק,"גילרו בע""מ",IL,אסם,גרמים,120.00,100 גרם,false,,12.90,0.1075,true,1,33907
7290104508943,false,במבה קלאסי 200 גרם,אסם,IL,במבה,גרמים,200.00,100 גרם,false,,8.90,0.0445,true,1,33910
7290104570162,false,תמר כבוש 500 גרם,"ששון ושות' בע""מ",IL,תמר כבוש 500 גרם,גרמים,500.00,100 גרם,false,,12.90,0.0258,true,1,70966
7290104721762,false,מארז טורקי 3*85 גרם,שטראוס גרופ,IL,עלית,גרמים,255.00,100 גרם,false,,18.90,0.0741,true,1,50949
7290104721953,false,לקט מסולסלים 350 גרם,שטראוס גרופ,IL,שטראוס,גרמים,350.00,100 גרם,false,,12.90,0.0369,true,1,54052
7290104722530,false,תפוציפס 200-180 גרם,שטראוס פריטו ליי (מל,IL,עלית,גרמים,200.00,100 גרם,false,,9.90,0.0495,true,1,51915
7290104726712,false,מארז 8 מילקי בטעם שו,שטראוס גרופ,IL,שטראוס,ליטרים,1.36,ליטר,false,,19.90,14.6324,true,1,54072
7290104728310,false,שמנת להקצפה 38% מהדר,שטראוס גרופ,IL,יטבתה,מיליליטרים,250.00,"100 מ""ל",false,,6.40,0.0256,true,1,54083
7290104729003,false,שמן זית כ.מעולה 750,שטראוס גרופ,IL,יד מרדכי,מיליליטרים,750.00,"100 מ""ל",false,,32.90,0.0439,true,1,50975
7290104960239,false,סבון ארומה 750 מל,"אמיליה קוסמטיקס בע""מ",IL,נקה 7,מיליליטרים,750.00,"100 מ""ל",false,,9.90,0.0132,true,1,42681
7290104960246,false,סבון ארומה 750 מל,"אמיליה קוסמטיקס בע""מ",IL,נקה 7,מיליליטרים,750.00,"100 מ""ל",false,,9.90,0.0132,true,1,42682
7290104960253,false,סבון ארומה 750 מל,"אמיליה קוסמטיקס בע""מ",IL,נקה 7,מיליליטרים,750.00,"100 מ""ל",false,,9.90,0.0132,true,1,42683
7290104960338,false,סבון ארומה 750 מל,"אמיליה קוסמטיקס בע""מ",IL,נקה 7,מיליליטרים,750.00,"100 מ""ל",false,,9.90,0.0132,true,1,42684
7290104960352,false,סבון ארומה 750 מל,"אמיליה קוסמטיקס בע""מ",IL,נקה 7,מיליליטרים,750.00,"100 מ""ל",false,,9.90,0.0132,true,1,42686
7290104961205,false,נקה 7 תחליב רחצה 750,"אמיליה קוסמטיקס בע""מ",IL,נקה 7,מיליליטרים,750.00,"100 מ""ל",false,,9.90,0.0132,true,1,42689
7290104961243,false,נקה 7 תחליב רחצה 750,"אמיליה קוסמטיקס בע""מ",IL,נקה 7,מיליליטרים,750.00,"100 מ""ל",false,,9.90,0.0132,true,1,42692
7290104961250,false,נקה 7 תחליב רחצה 750,"אמיליה קוסמטיקס בע""מ",IL,נקה 7,מיליליטרים,750.00,"100 מ""ל",false,,9.90,0.0132,true,1,42693
7290104961526,false,"ספריי טיטניום 150 מ""","אמיליה קוסמטיקס בע""מ",IL,טיטניום,מיליליטרים,150.00,"100 מ""ל",false,,10.90,0.0727,true,1,42698
7290104961557,false,"ספריי טיטניום 150 מ""","אמיליה קוסמטיקס בע""מ",IL,טיטניום,מיליליטרים,150.00,"100 מ""ל",false,,10.90,0.0727,true,1,42705
7290104961878,false,שמפו קרטין אינטנס 40,"אמיליה קוסמטיקס בע""מ",IL,נטורל פורמולה,מיליליטרים,400.00,"100 מ""ל",false,,29.90,0.0747,true,1,42707
7290104961885,false,מרכך קרטין אינטנס 40,"אמיליה קוסמטיקס בע""מ",IL,נטורל פורמולה,מיליליטרים,400.00,"100 מ""ל",false,,29.90,0.0747,true,1,42709
7290104961892,false,מסיכת קרטין אינטנס 3,"אמיליה קוסמטיקס בע""מ",IL,נטורל פורמולה,מיליליטרים,350.00,"100 מ""ל",false,,39.90,0.1140,true,1,42712
7290104962004,false,נקה 7 סבון נוזלי שלי,סנו,IL,נקה 7,ליטרים,1.50,ליטר,false,,19.90,13.2667,true,1,42719
7290104962080,false,"ספריי טיטניום 150 מ""","אמיליה קוסמטיקס בע""מ",IL,טיטניום,מיליליטרים,150.00,"100 מ""ל",false,,10.90,0.0727,true,1,42731
7290104963216,false,אלסבון עדין סופטקר 1,סנו,IL,סופטקר,ליטרים,1.00,ליטר,false,,15.90,15.9000,true,1,42793
7290104963223,false,אלסבון סופטקר 1 ליטר,סנו,IL,סופטקר,ליטרים,1.00,ליטר,false,,15.90,15.9000,true,1,42794
7290104963650,false,שמפו סופטקר 1 ליטר,סנו,IL,סופטקר,ליטרים,1.00,ליטר,false,,15.90,15.9000,true,1,42801
7290104964725,false,סקינגארד סטיק הגנה ל,"אמיליה קוסמטיקס בע""מ",IL,סקין גארד,גרמים,13.00,100 גרם,false,,39.90,3.0692,true,1,121964
7290104965647,false,דאודורנט רול און נוש,"אמיליה קוסמטיקס בע""מ",IL,קרליין,מיליליטרים,75.00,"100 מ""ל",false,,11.90,0.1587,true,1,118057
7290105100054,false,מטריה אוטומט,יושימין,CN,tomi,יח',1.00,יח',false,,15.90,15.9000,true,1,64735
7290105100108,false,מטריה גמבו ארוך,יושימין,CN,tomi,יח',1.00,יח',false,,19.90,19.9000,true,1,64736
7290105100160,false,מטריה שקוף ילדים,יושימין,CN,tomi,יח',1.00,יח',false,,19.90,19.9000,true,1,64740
7290105100221,false,מטריה גמבו אוטומט,יושימין,CN,tomi,יח',1.00,יח',false,,29.90,29.9000,true,1,64742
7290105105226,false,אביזרי שיער,יושימין,CN,tomi,יח',1.00,יח',false,,7.90,7.9000,true,1,64825
7290105105455,false,אביזרי שיער בחבילה,יושימין,CN,tomi,יח',1.00,יח',false,,9.90,9.9000,true,1,64840
7290105106018,false,אביזרי שיער,יושימין,CN,tomi,יח',1.00,יח',false,,4.90,4.9000,true,1,64912
7290105106025,false,מברשת שיער,יושימין,CN,tomi,יח',1.00,יח',false,,9.90,9.9000,true,1,64914
7290105107022,false,כדורסל,יושימין,CN,tomi,יח',1.00,יח',false,,29.90,29.9000,true,1,64926
7290105107527,false,מטריה רב צלעות,יושימין,CN,tomi,יח',1.00,יח',false,,29.90,29.9000,true,1,64972
7290105107534,false,מטריה רב צלעות,יושימין,CN,tomi,יח',1.00,יח',false,,29.90,29.9000,true,1,64975
7290105108944,false,מברשת שיער,,,מברשת שיער,יח',1.00,יח',false,,14.90,14.9000,true,1,80868
7290105360250,false,קפסולות 09 למכונות N,שטראוס גרופ,IL,עלית,גרמים,50.00,100 גרם,false,,15.90,0.3180,true,1,50984
7290105360328,false,קפסולות 10 למכונות N,שטראוס גרופ,IL,עלית,גרמים,50.00,100 גרם,false,,15.90,0.3180,true,1,50986
7290105360335,false,קפסולות 07 למכונות N,שטראוס גרופ,IL,עלית,גרמים,50.00,100 גרם,false,,15.90,0.3180,true,1,50988
7290105362339,false,שמנת לבישול 15% מהדר,שטראוס גרופ,IL,יטבתה,מיליליטרים,250.00,"100 מ""ל",false,,7.90,0.0316,true,1,54093
7290105363602,false,כיף כף מקלות 40 גרם,SOLEN CIKOLATA GIDA,TR,עלית,גרמים,40.00,100 גרם,false,,4.70,0.1175,true,1,51008
7290105364289,false,כיף כף מקלות 40 גרם,SOLEN CIKOLATA GIDA,TR,עלית,גרמים,40.00,100 גרם,false,,4.70,0.1175,true,1,51010
7290105364302,false,כיף כף מקלות 42 גרם,,,כיף כף מקלות 42 גרם,גרמים,42.00,100 גרם,false,,4.70,0.1119,true,1,51012
7290105364678,false,משקה אקטיביה אפרסק 1,שטראוס גרופ,IL,שטראוס,גרמים,265.00,100 גרם,false,,4.90,0.0185,true,1,54095
7290105366047,false,טחינה לבנה 400 גר,שטראוס גרופ,IL,שטראוס,גרמים,400.00,100 גרם,false,,14.90,0.0373,true,1,54105
7290105366993,false,סימפוניה פילפל שיפקה,שטראוס גרופ,IL,שטראוס,גרמים,200.00,100 גרם,false,,10.90,0.0545,true,1,54116
7290105368331,false,מילקי בטעם תות,שטראוס גרופ,IL,שטראוס,גרמים,133.00,100 גרם,false,,2.80,0.0211,true,1,54143
7290105368904,false,שמנת מתוקה להקצפה 32,שטראוס גרופ,IL,יטבתה,מיליליטרים,250.00,"100 מ""ל",false,,7.30,0.0292,true,1,54160
7290105368928,false,שמנת  9% 200 גר-מהדר,שטראוס גרופ,IL,יטבתה,מיליליטרים,200.00,"100 מ""ל",false,,2.90,0.0145,true,1,54162
7290105369130,false,סימפוניה בצל ירוק,שטראוס גרופ,IL,שטראוס,גרמים,200.00,100 גרם,false,,10.90,0.0545,true,1,54168
7290105430441,false,פלמוליב סחלב שחור 75,CP - Turkey+60,TR,פלמוליב סחלב שחור 75,מיליליטרים,750.00,"100 מ""ל",false,,19.90,0.0265,true,1,88398
7290105430458,false,פלמוליב שקדים 750 מל,CP - Turkey+60,TR,פלמוליב שקדים 750 מל,מיליליטרים,750.00,"100 מ""ל",false,,19.90,0.0265,true,1,88399
7290105431516,false,*מבצע* פרי  חטיפי בר,FREE,IL,פרי,גרמים,90.00,100 גרם,false,,14.90,0.1656,true,1,61086
7290105433985,false,ליידי ספיד סטיק דאו,Colgate - USA,US,ליידי ספיד סטיק,מיליליטרים,65.00,"100 מ""ל",false,,21.90,0.3369,true,1,61095
7290105434067,false,ספיד סטיק כחול אושיי,Colgate - USA,US,ספיד סטיק,גרמים,85.00,100 גרם,false,,21.90,0.2576,true,1,61100
7290105438539,false,קוקי נייר אפייה 40 י,קוקי,IL,קוקי,יח',40.00,יח',false,,9.90,0.2475,true,1,61109
7290105439499,false,מאסטר שף  מיונז 483,Remia,NL,מאסטר שף,גרמים,483.00,100 גרם,false,,11.90,0.0246,true,1,61112
7290105439505,false,מאסטר שף קרם בטעם מי,Remia,NL,מאסטר שף,גרמים,521.00,100 גרם,false,,11.90,0.0228,true,1,61114
7290105439581,false,מאסטר שף חרדל דיז'ון,Covinor sas,FR,מאסטר שף,גרמים,370.00,100 גרם,false,,9.90,0.0268,true,1,61116
7290105473950,false,יורוקיטי קופסה,,,יורוקיטי קופסה,קילוגרמים,5.00,"ק""ג",false,,34.90,6.9800,true,1,114073
7290105474124,false,בונזו 12 קג,"ביופט בע""מ",IL,בונזו,קילוגרמים,12.00,"ק""ג",false,,129.90,10.8250,true,1,81276
7290105500151,false,*מבצע* פינלנדיה 700,,,וודקה פינלנדיה,מיליליטרים,700.00,"100 מ""ל",false,,54.90,0.0784,true,1,48820
7290105500953,false,*מבצע* ג'ק דניאלס דב,,,וויסקי גק דניאלס דבש,מיליליטרים,700.00,"100 מ""ל",false,,99.90,0.1427,true,1,48824
7290105691224,false,חטיפי פריכונים טורטי,פרח תעשיות,IL,אסם,גרמים,60.00,100 גרם,false,,6.90,0.1150,true,1,33927
7290105691248,false,חטיפי פריכונים טורטי,פרח תעשיות,IL,אסם,גרמים,60.00,100 גרם,false,,6.90,0.1150,true,1,33928
7290105691712,false,עוגיות הפסקת קפה חיט,אסם,IL,אסם,גרמים,220.00,100 גרם,false,,10.90,0.0495,true,1,33931
7290105691897,false,קוסקוס עם חיטה מלאה,קוסקוס,IL,אסם,גרמים,350.00,100 גרם,false,,8.90,0.0254,true,1,33932
7290105691934,false,קמח שמרים 1קג,תחנת קמח המפרץ,IL,אסם,קילוגרמים,1.00,"ק""ג",false,,8.90,8.9000,true,1,33933
7290105693341,false,במבה מארז 10*25 גרם,אסם,IL,במבה,גרמים,250.00,100 גרם,false,,13.90,0.0556,true,1,33941
7290105693457,false,עוגת הבית דמקה שוקו,אסם,IL,הבית,גרמים,400.00,100 גרם,false,,10.90,0.0273,true,1,33942
7290105694614,false,ספגטי מהיר הכנה 500,זארה,IT,אסם,גרמים,500.00,100 גרם,false,,5.40,0.0108,true,1,33946
7290105694928,false,אב.מרק בצל ר.טבעי.מי,אסם,IL,אסם,גרמים,220.00,100 גרם,false,,15.90,0.0723,true,1,33950
7290105695024,false,פתיתים אפויים אורז ע,אסם,IL,אסם,גרמים,500.00,100 גרם,false,,6.90,0.0138,true,1,33952
7290105695321,false,עוגת בראוניס פאדג',אסם,IL,הבית,גרמים,350.00,100 גרם,false,,14.90,0.0426,true,1,33956
7290105695536,false,אבקת מרק ירקות שורש,אסם,IL,אסם,גרמים,220.00,100 גרם,false,,15.90,0.0723,true,1,33958
7290105962331,false,סחוג חריף מאד זהבי 2,"זהבי הכרם בועז בע""מ-",IL,תוצרת מסחרית,גרמים,220.00,100 גרם,false,,10.90,0.0495,true,1,54172
7290105964564,false,חומוס 400 אחלה,שטראוס גרופ,IL,שטראוס,גרמים,400.00,100 גרם,false,,8.90,0.0223,true,1,54181
7290105965738,false,דנונה לשתיה תות בננה,שטראוס גרופ,IL,שטראוס,גרמים,267.00,100 גרם,false,,4.80,0.0180,true,1,54200
7290105966469,false,חומץ בלסמי יד מרדכי,ACATAIA GIUSEPPE CRE,IT,יד מרדכי,מיליליטרים,250.00,"100 מ""ל",false,,13.90,0.0556,true,1,51077
7290105968098,false,קולסלאו 500 גרם,שטראוס גרופ סלטים,IL,שטראוס,גרמים,500.00,100 גרם,false,,14.90,0.0298,true,1,54219
7290105968654,false,רביולי בטטה פרווה 40,שטראוס גרופ,IL,שטראוס,גרמים,400.00,100 גרם,false,,19.90,0.0497,true,1,54221
7290105968777,false,פרכיות דגנים בשוקולד,שטראוס גרופ,IL,עלית,גרמים,80.00,100 גרם,false,,7.90,0.0988,true,1,51087
7290106520066,false,רבע לשבע גלילי ופל,הגביע מוצרי וופלים,IL,עלית,גרמים,120.00,100 גרם,false,,10.90,0.0908,true,1,51089
7290106520288,false,דנונה WOW תות 2.4% ש,שטראוס גרופ,IL,דנונה פרו,גרמים,150.00,100 גרם,false,,4.60,0.0307,true,1,54223
7290106520905,false,סלט טורקי  400 גרם,שטראוס גרופ,IL,שטראוס,גרמים,400.00,100 גרם,false,,14.90,0.0373,true,1,54244
7290106520912,false,שמנת לבישול 9% מהדרי,שטראוס גרופ,IL,יטבתה,מיליליטרים,250.00,"100 מ""ל",false,,7.90,0.0316,true,1,54245
7290106521926,false,קפה טורקי שקית 150 ג,שטראוס גרופ,IL,עלית,גרמים,150.00,100 גרם,false,,12.90,0.0860,true,1,88029
7290106524439,false,תפוציפס פופס 60 גרם,שטראוס פריטו ליי (מל,IL,עלית,גרמים,60.00,100 גרם,false,,3.50,0.0583,true,1,87439
7290106525320,false,שוקולית לאפיה 500 גר,שטראוס גרופ,IL,עלית,גרמים,500.00,100 גרם,false,,14.90,0.0298,true,1,51106
7290106525399,false,קפסולות 06 ברזיל למכ,שטראוס גרופ,IL,עלית,גרמים,50.00,100 גרם,false,,15.90,0.3180,true,1,51108
7290106525405,false,מארז קפסולות קפה נטו,שטראוס גרופ,IL,עלית,גרמים,50.00,100 גרם,false,,15.90,0.3180,true,1,51109
7290106526822,false,פריכיות מצופות אנרגי,שטראוס גרופ,IL,אנרג'י,גרמים,70.00,100 גרם,false,,7.90,0.1129,true,1,51125
7290106528567,false,דוריטוס גריל 185 גרם,שטראוס פריטו ליי (מל,IL,עלית,גרמים,185.00,100 גרם,false,,6.90,0.0373,true,1,51955
7290106528628,false,דוריטוס טבעי 185 גרם,שטראוס פריטו ליי (מל,IL,עלית,גרמים,185.00,100 גרם,false,,6.90,0.0373,true,1,51957
7290106528949,false,לקט ערוגות 450 גרם,שטראוס גרופ,IL,שטראוס,גרמים,450.00,100 גרם,false,,10.90,0.0242,true,1,54283
7290106571921,false,עוגיות פיטנס חמוציות,אסם,IL,FITNESS,גרמים,180.00,100 גרם,false,,10.90,0.0606,true,1,33971
7290106572065,false,אסם חטיפי פרכ.טורטיה,פרח תעשיות,IL,אסם,גרמים,60.00,100 גרם,false,,6.90,0.1150,true,1,33974
7290106573024,false,עסיס אננס דיאט 1 ליט,בית השיטה,IL,עסיס,ליטרים,1.00,ליטר,false,,16.90,16.9000,true,1,33980
7290106573277,false,קריספ טאפאס זיתים 15,אסם,IL,אסם,גרמים,150.00,100 גרם,false,,10.90,0.0727,true,1,33983
7290106573598,false,חומוס צבר לבנוני 400,צבר,IL,סלטי צבר,גרמים,400.00,100 גרם,false,,11.90,0.0298,true,1,33989
7290106574793,false,עוגת הבית שוקו שוקוצ,אסם,IL,הבית,גרמים,350.00,100 גרם,false,,10.90,0.0311,true,1,34009
7290106574953,false,בייגלה שטוחים שומשום,אסם,IL,אסם,גרמים,300.00,100 גרם,false,,10.90,0.0363,true,1,34010
7290106574977,false,בייגלה שטוחים מלח 30,אסם,IL,אסם,גרמים,300.00,100 גרם,false,,10.90,0.0363,true,1,34011
7290106575257,false,עוגת סופלה בטעם שוקו,אסם,IL,הבית,גרמים,340.00,100 גרם,false,,10.90,0.0321,true,1,34016
7290106575332,false,פתיתים 400 גרם,קוסקוס,IL,אסם,גרמים,400.00,100 גרם,false,,6.90,0.0173,true,1,34018
7290106575431,false,עוגת סופלה בטעם שוקו,אסם,IL,הבית,גרמים,340.00,100 גרם,false,,10.90,0.0321,true,1,34020
7290106576513,false,חומוס צבר 400 גרם,צבר,IL,סלטי צבר,גרמים,400.00,100 גרם,false,,8.90,0.0223,true,1,34028
7290106576537,false,חומוס מסעדות 700 גרם,צבר,IL,סלטי צבר,גרמים,700.00,100 גרם,false,,10.90,0.0156,true,1,34029
7290106576834,false,*מבצע* לה קרמריה פונ,גלידות נסטלה,IL,לה קרמריה,ליטרים,1.40,ליטר,false,,17.90,12.7857,true,1,50074
7290106576919,false,*מבצע* לה קרמריה סור,גלידות נסטלה,IL,לה קרמריה,ליטרים,1.40,ליטר,false,,17.90,12.7857,true,1,50080
7290106576971,false,*מבצע* לה קרמריה שוק,גלידות נסטלה,IL,לה קרמריה,ליטרים,1.40,ליטר,false,,17.90,12.7857,true,1,50086
7290106577039,false,*מבצע* לה קרמריה שוק,גלידות נסטלה,IL,לה קרמריה,ליטרים,1.40,ליטר,false,,17.90,12.7857,true,1,50090
7290106577282,false,סלט טחינה צבר 400 גר,צבר,IL,סלטי צבר,גרמים,400.00,100 גרם,false,,11.90,0.0298,true,1,34034
7290106577541,false,סלט כרוב אדום צבר 40,צבר,IL,סלטי צבר,גרמים,400.00,100 גרם,false,,11.90,0.0298,true,1,34039
7290106578692,false,במבה וביסלי מיקס 80,אסם,IL,ביסלי,גרמים,80.00,100 גרם,false,,3.90,0.0487,true,1,34050
7290106578821,false,עוגת הבית שמרים שוקו,אסם,IL,הבית,גרמים,350.00,100 גרם,false,,14.90,0.0426,true,1,34051
7290106652996,false,כיף כף מקלות קוקוס,סולן בעבור שטראוס,TR,עלית,גרמים,40.00,100 גרם,false,,4.70,0.1175,true,1,126991
7290106653689,false,לקט לסלט אסייתי 350,"שטראוס מזון טרי בע""מ",IL,שטראוס,גרמים,350.00,100 גרם,false,,10.90,0.0311,true,1,54289
7290106654099,false,מארז מילקי cake שמינ,אירו קייקס אס פי איי,IT,מאגדת מילקי cake,גרמים,272.00,100 גרם,false,,19.90,0.0732,true,1,54295
7290106656727,false,חיוכים שוקו 600 גרם,אפיפית נצרת תעשיות ב,IL,עלית,גרמים,600.00,100 גרם,false,,16.90,0.0282,true,1,51191
7290106656734,false,חיוכים וניל 600 גרם,אפיפית נצרת תעשיות ב,IL,עלית,גרמים,600.00,100 גרם,false,,16.90,0.0282,true,1,51193
7290106662025,false,תפוציפס מלח פלפל 50,שטראוס פריטו ליי (מל,IL,עלית,גרמים,50.00,100 גרם,false,,3.50,0.0700,true,1,51989
7290106663091,false,לאבנה 9% 500 גרם,בר תבור,IL,לאבנה,גרמים,500.00,100 גרם,false,,17.90,0.0358,true,1,54375
7290106663121,false,מילקי cake,TSC,IT,מאגדת מילקי cake,גרמים,34.00,100 גרם,false,,2.90,0.0853,true,1,54377
7290106663503,false,קונפיטורה לייט תות 2,"בית אל מזון בע""מ",IL,יד מרדכי,גרמים,230.00,100 גרם,false,,11.90,0.0517,true,1,51293
7290106663558,false,רוטב טריאקי רימון,"בית אל מזון בע""מ",IL,עלית,מיליליטרים,280.00,"100 מ""ל",false,,12.90,0.0461,true,1,51303
7290106664067,false,לאבנה שמן זית וזעתר,בר תבור,IL,לאבנה,גרמים,400.00,100 גרם,false,,14.90,0.0373,true,1,54390
7290106664555,false,רוטב שמנת עם עגבניות,שטראוס גרופ,IL,יטבתה,מיליליטרים,250.00,"100 מ""ל",false,,10.90,0.0436,true,1,54394
7290106664562,false,רוטב שמנת עם פטריות,שטראוס גרופ,IL,יטבתה,מיליליטרים,250.00,"100 מ""ל",false,,10.90,0.0436,true,1,54396
7290106667266,false,דוריטוס חמוץ חריף 18,שטראוס פריטו ליי (מל,IL,עלית,גרמים,185.00,100 גרם,false,,6.90,0.0373,true,1,52024
7290106668577,false,מיץ לימון טבעי,יורופוד,IT,מיץ לימון טבעי,מיליליטרים,250.00,"100 מ""ל",false,,7.90,0.0316,true,1,51338
7290106668713,false,דנונה פירות יער 3%,שטראוס גרופ,IL,שטראוס,גרמים,150.00,100 גרם,false,,3.50,0.0233,true,1,54440
7290106669857,false,קפסולות אספרסו בטעם,שטראוס גרופ,IL,עלית,גרמים,50.00,100 גרם,false,,15.90,0.3180,true,1,51356
7290106720626,false,ציטוס צדר גבינה 80 ג,שטראוס פריטו ליי (מל,IL,עלית,גרמים,80.00,100 גרם,false,,4.50,0.0563,true,1,52029
7290106721913,false,צנצנת מסטיק מאסט פפר,שטראוס גרופ,IL,עלית,גרמים,66.00,100 גרם,false,,9.90,0.1500,true,1,51403
7290106721920,false,צנצנת מסטיק מאסט ספי,שטראוס גרופ,IL,עלית,גרמים,66.00,100 גרם,false,,9.90,0.1500,true,1,51406
7290106723689,false,עלי תרד בייבי שטראוס,שטראוס גרופ,IL,שטראוס,גרמים,200.00,100 גרם,false,,10.90,0.0545,true,1,54468
7290106725867,false,סירופ מייפל טבעי 189,ציטדל,CA,סירופ מייפל טבעי 189,מיליליטרים,189.00,"100 מ""ל",false,,29.90,0.1582,true,1,123758
7290106725874,false,סירופ מייפל טבעי 236,ציטדל,CA,יד מרדכי,מיליליטרים,236.00,"100 מ""ל",false,,39.90,0.1691,true,1,51508
7290106726178,false,דנונה WOW פירות יער,שטראוס גרופ,IL,דנונה פרו,גרמים,150.00,100 גרם,false,,4.60,0.0307,true,1,54474
7290106727984,false,גביע פצפצים 135 גר,שולן צ'יקולטה,TR,גביע פצפצים 135 גר,גרמים,135.00,100 גרם,false,,9.90,0.0733,true,1,51514
7290106729650,false,מארז דנונה 8 תות 3%,שטראוס גרופ,IL,דנונה,קילוגרמים,1.20,"ק""ג",false,,23.90,19.9167,true,1,54503
7290106772472,false,ממרח בלגה פרווה 350,אלמנדוס,IL,ממרח בלגה פרווה 350,גרמים,350.00,100 גרם,false,,12.90,0.0369,true,1,122725
7290106774049,false,חמאת קקאו 300 גרם,אלמנדוס,IL,חמאת קקאו 300 גרם,גרמים,300.00,100 גרם,false,,34.90,0.1163,true,1,122726
7290106775091,false,מחית פיסטוק 200 גרם,אלמנדוס,IL,מחית פיסטוק 200 גרם,גרמים,200.00,100 גרם,false,,39.90,0.1995,true,1,122746
7290106922341,false,כסא דגם אלה,,,כסא דגם אלה,יח',1.00,יח',false,,19.90,19.9000,true,1,74539
7290107169646,false,ריוורד לחתול בטעם סל,,,ריוורד לחתול בטעם סל,יח',1.00,יח',false,,8.90,8.9000,true,1,122773
7290107280013,false,מגבונים ליטופים חמיש,טרופיקל דגיל קוסמטיק,IL,ליטופים,יח',5.00,יח',false,,17.90,3.5800,true,1,42839
7290107280020,false,שלישיית מטליות לחות,דינאמיק,IL,סנו סושי,יח',150.00,יח',false,,17.90,0.1193,true,1,42842
7290107280068,false,זוג תבניות אלומיניום,,,זוג תבניות אלומיניום לאפי,יח',2.00,יח',false,,8.90,4.4500,true,1,42848
7290107280075,false,תבנית אלומיניום סנו,,,תבנית אלומיניום סנו סושי,יח',4.00,יח',false,,8.90,2.2250,true,1,42850
7290107280082,false,תבנית אלומיניום סנו,,,תבנית אלומיניום סנו סושי,יח',7.00,יח',false,,8.90,1.2714,true,1,42852
7290107280099,false,מגבוני טואלט סנו סופ,דגיל,IL,סנו סופט,יח',144.00,יח',false,,14.90,0.1035,true,1,42854
7290107280341,false,*מבצע* מטליות סנו רי,דגיל,IL,ריצפז,יח',10.00,יח',false,,9.90,0.9900,true,1,111710
7290107280570,false,מקסימה ג'ל 3 ליטר,סנו,IL,מקסימה,ליטרים,3.00,ליטר,false,,28.90,9.6333,true,1,42890
7290107280709,false,*מבצע* סנו ספארק נוז,,,סנו ספארק נוזל הבקרה למדי,מיליליטרים,700.00,"100 מ""ל",false,,10.90,0.0156,true,1,42898
7290107280716,false,סנו ספארק מלח מדיח 2,סנו,IL,"סנו ספארק מלח מדיח 2 ק""ג",קילוגרמים,2.00,"ק""ג",false,,10.90,5.4500,true,1,42899
7290107280723,false,סנו ספארק לכלים 700,סנו,IL,ספארק,מיליליטרים,700.00,"100 מ""ל",false,,8.90,0.0127,true,1,42900
7290107280730,false,סנו ספארק לכלים 700,סנו,IL,ספארק,מיליליטרים,700.00,"100 מ""ל",false,,8.90,0.0127,true,1,42901
7290107280747,false,סנו ספארק לכלים 700,סנו,IL,ספארק,מיליליטרים,700.00,"100 מ""ל",false,,8.90,0.0127,true,1,42902
7290107280754,false,סנו ספארק לכלים 700,סנו,IL,ספארק,מיליליטרים,700.00,"100 מ""ל",false,,8.90,0.0127,true,1,42903
7290107280761,false,נוזל כלים סנו ספארק,סנו,IL,ספארק,ליטרים,1.00,ליטר,false,,10.90,10.9000,true,1,42904
7290107645584,false,*מבצע* קנור עוף אמית,יוניליוור,IL,*מבצע* קנור עוף אמית,גרמים,400.00,100 גרם,false,,19.90,0.0497,true,1,88370
7290107645591,false,קנור ט.עוף ר.טבעי 40,אתר חיפה אבקות - Foo,IL,KNORR,גרמים,400.00,100 גרם,false,,17.90,0.0447,true,1,88371
7290107646062,false,*מבצע* קנור בצל ר.טב,יוניליוור,IL,*מבצע* קנור בצל ר.טב,גרמים,400.00,100 גרם,false,,19.90,0.0497,true,1,88373
7290107646154,false,חטיף דגנים קוקומן שי,אתר צפת חטיפים - Foo,IL,תלמה,גרמים,126.00,100 גרם,false,,12.90,0.1024,true,1,88475
7290107646826,false,חטיף דגנים שוגי שוקו,אתר צפת חטיפים - Foo,IL,תלמה,גרמים,156.00,100 גרם,false,,12.90,0.0827,true,1,88476
7290107646918,false,קנור רוטב שקשוקה 415,יוניליוור,IL,קנור רוטב שקשוקה 415,גרמים,415.00,100 גרם,false,,9.90,0.0239,true,1,58119
7290107646970,false,ממרח איולי שום 250 ג,תלמה,IL,ממרח איולי שום 250 ג,גרמים,250.00,100 גרם,false,,7.90,0.0316,true,1,122428
7290107647366,false,דומסטוס סבון אסלה לי,,,דומסטוס סבון אסלה לי,גרמים,55.00,100 גרם,false,,14.90,0.2709,true,1,108504
7290107647656,false,סולרו פרוט בוסט - קו,גלידות שטראוס,IL,סולרו,גרמים,290.00,100 גרם,false,,23.90,0.0824,true,1,108262
7290107647731,false,קוקומן חום לבן 375 ג,אתר שפע - Food,IL,TELMA,גרמים,375.00,100 גרם,false,,19.90,0.0531,true,1,58148
7290107647823,false,ברנפלקס בדצ,אתר שפע - Food,IL,TELMA,גרמים,500.00,100 גרם,false,,19.90,0.0398,true,1,58161
7290107648981,false,קנור רוטב לפסטה פומו,יוניליוור,IL,קנור רוטב לפסטה פומו,גרמים,415.00,100 גרם,false,,9.90,0.0239,true,1,88336
7290107649100,false,טבעות שומשום 300ג,אתר בייגל - Food,IL,B&B,גרמים,300.00,100 גרם,false,,9.90,0.0330,true,1,108090
7290107698306,false,גופיות חורף לבן 0,,,גופיות חורף לבן 0,יח',1.00,יח',false,,22.90,22.9000,true,1,83985
7290107698313,false,גופית חורף לגבר לבן,,,גופית חורף לגבר לבן,יח',1.00,יח',false,,22.90,22.9000,true,1,83986
7290107698337,false,גופית חורף לגבר שחור,,,גופית חורף לגבר שחור,יח',1.00,יח',false,,22.90,22.9000,true,1,83988
7290107698344,false,גופית חורף וי שחור,,,גופית חורף וי שחור,יח',1.00,יח',false,,22.90,22.9000,true,1,83989
7290107871297,false,אסם פריכונים מיני עש,פרח תעשיות,IL,אסם,גרמים,25.00,100 גרם,false,,3.90,0.1560,true,1,34074
7290107871532,false,קרחונים דובדבן מלון,גלידות נסטלה,IL,גלידות נסטלה,יח',10.00,יח',false,,17.90,1.7900,true,1,50113
7290107871990,false,פסטה צינורות 500 גרם,זארה,IT,אסם,גרמים,500.00,100 גרם,false,,5.40,0.0108,true,1,34085
7290107874427,false,אסם פריכונים מיני זע,פרח תעשיות,IL,אסם,גרמים,25.00,100 גרם,false,,3.90,0.1560,true,1,34113
7290107874441,false,אסם פריכונים מיני בצ,פרח תעשיות,IL,אסם,גרמים,25.00,100 גרם,false,,3.90,0.1560,true,1,34114
7290107874502,false,מארז ביסלי גריל 4*55,אסם,IL,אסם,גרמים,220.00,100 גרם,false,,10.90,0.0495,true,1,34116
7290107875271,false,מארז ביסלי ברביקיו 4,אסם,IL,אסם,גרמים,220.00,100 גרם,false,,10.90,0.0495,true,1,34124
7290107875820,false,קרטונים אפויים 180 ג,קיבוץ עינת,IL,אסם,גרמים,180.00,100 גרם,false,,10.90,0.0606,true,1,34129
7290107877619,false,במבה במילוי נוגט מאר,אסם,IL,במבה,גרמים,150.00,100 גרם,false,,12.90,0.0860,true,1,34158
7290107879521,false,לה פרוטה תות 5 יח',גלידות נסטלה,IL,לה פרוטה,גרמים,350.00,100 גרם,false,,23.90,0.0683,true,1,50164
7290107930321,false,קונפיטורת דובדבן 340,"בית אל מזון בע""מ",IL,יד מרדכי,גרמים,340.00,100 גרם,false,,11.90,0.0350,true,1,51547
7290107931397,false,כיף כף פצפצים 40 גרם,SOLEN CIKOLATA GIDA,TR,עלית,גרמים,40.00,100 גרם,false,,4.70,0.1175,true,1,51559
7290107932080,false,חלב בבקבוק 3% מועשר-,מחלבת יטבתה,IL,יטבתה,ליטרים,1.00,ליטר,false,,7.30,7.3000,true,1,54528
7290107932134,false,חלב בבקבוק 1% מועשר-,מחלבת יטבתה,IL,יטבתה,ליטרים,1.00,ליטר,false,,7.30,7.3000,true,1,54532
7290107933155,false,לקט סלנובה 200ג,שטראוס גרופ,IL,שטראוס,גרמים,200.00,100 גרם,false,,12.90,0.0645,true,1,54536
7290107933193,false,סלק מבושל 500 ג,לס לגוסודה סנצונוניו,ES,ירקות שטראוס,גרמים,500.00,100 גרם,false,,7.90,0.0158,true,1,54538
7290107936309,false,דנונה יווני לבן,שטראוס,IL,דנונה,גרמים,130.00,100 גרם,false,,3.20,0.0246,true,1,54589
7290107936460,false,מארז 8 דנכול בטעם מע,שטראוס גרופ,IL,דנכול,גרמים,800.00,100 גרם,false,,29.00,0.0363,true,1,54595
7290107936958,false,עד חצות אצבעות 125 ג,עלית,IL,עד חצות,גרמים,125.00,100 גרם,false,,9.90,0.0792,true,1,51619
7290107937542,false,משקה אקטיביה תות 1.2,שטראוס גרופ,IL,שטראוס,גרמים,268.00,100 גרם,false,,4.90,0.0183,true,1,54603
7290107937627,false,צנצנת מסטיק מאסט קוב,שטראוס גרופ,IL,עלית,גרמים,58.00,100 גרם,false,,9.90,0.1707,true,1,51632
7290107937641,false,צנצנת מסטיק מאסט בזו,שטראוס גרופ,IL,עלית,גרמים,58.00,100 גרם,false,,9.90,0.1707,true,1,51636
7290107937856,false,קפסולות 11 גואטמלה ל,שטראוס גרופ,IL,עלית,גרמים,50.00,100 גרם,false,,15.90,0.3180,true,1,51642
7290107938396,false,אקטימל שמיניה תות,שטראוס גרופ,IL,שטראוס,גרמים,864.00,100 גרם,false,,19.90,0.0230,true,1,54616
7290107939027,false,גזר דקדק 250 גרם,שטראוס,IL,גזר דקדק 250 גרם,גרמים,250.00,100 גרם,false,,6.50,0.0260,true,1,54628
7290107940030,false,חומוס אחלה 650 גרם,שטראוס גרופ,IL,שטראוס,גרמים,650.00,100 גרם,false,,8.90,0.0137,true,1,54662
7290107940467,false,אקטיביה 200 גרם 1.5%,שטראוס גרופ,IL,אקטיביה,גרמים,200.00,100 גרם,false,,3.90,0.0195,true,1,54679
7290107941259,false,עדשים ירוקות מבושלות,הורקסה לס לגונס דה ס,ES,טעם הטבע,גרמים,475.00,100 גרם,false,,10.90,0.0229,true,1,54688
7290107941266,false,שעועית אדומה מבושלת,הורקסה לס לגונס דה ס,ES,טעם הטבע,גרמים,475.00,100 גרם,false,,12.90,0.0272,true,1,54689
7290107941273,false,חומוס מבושל 475 גרם,הורקסה לס לגונס דה ס,ES,טעם  הטבע,גרמים,475.00,100 גרם,false,,10.90,0.0229,true,1,54690
7290107943192,false,שמנת חמוצה מהערבה 27,מחלבת יטבתה,IL,יטבתה,מיליליטרים,200.00,"100 מ""ל",false,,4.10,0.0205,true,1,74730
7290107943369,false,*מבצע* שיבולת שועל ל,קוואקר אוטס קומפני,US,קוואקר,גרמים,511.00,100 גרם,false,,16.90,0.0331,true,1,52131
7290107944472,false,סימפוניה שום שמיר 5%,שטראוס גרופ,IL,שטראוס,גרמים,200.00,100 גרם,false,,10.90,0.0545,true,1,74742
7290107945165,false,קונפיטורת משמש יד מר,"בית אל מזון בע""מ",IL,יד מרדכי,גרמים,340.00,100 גרם,false,,11.90,0.0350,true,1,51738
7290107950190,false,מעדן שטראוס דיאט מרי,שטראוס גרופ,IL,שטראוס,גרמים,130.00,100 גרם,false,,3.20,0.0246,true,1,74852
7290107950206,false,מעדן שטראוס דיאט שוק,שטראוס גרופ,IL,שטראוס,גרמים,130.00,100 גרם,false,,3.20,0.0246,true,1,74854
7290107951104,false,בפלות שוקולד 200 גרם,שטראוס,IL,עלית,גרמים,200.00,100 גרם,false,,3.90,0.0195,true,1,51746
7290107951111,false,בפלות לימון 200 גרם,שטראוס,IL,עלית,גרמים,200.00,100 גרם,false,,3.90,0.0195,true,1,51749
7290107951715,false,צנצנת מסטיק מאסט קוב,שטראוס גרופ,IL,עלית,גרמים,58.00,100 גרם,false,,9.90,0.1707,true,1,51774
7290107953559,false,*מבצע* מארז קפה טורק,שטראוס קפה בי.וי,IL,עלית,גרמים,168.00,100 גרם,false,,16.90,0.1006,true,1,71003
7290107954976,false,יטבתה פרו קפה 350,מחלבת יטבתה,IL,יטבתה,מיליליטרים,350.00,"100 מ""ל",false,,6.50,0.0186,true,1,75043
7290107956642,false,*מבצע* תרסיס שמן זית,סובנה,ES,*מבצע* תרסיס שמן זית,מיליליטרים,150.00,"100 מ""ל",false,,15.90,0.1060,true,1,87438
7290107956895,false,קפסולות אספרסו בטעם,שטראוס גרופ,IL,עלית,גרמים,50.00,100 גרם,false,,15.90,0.3180,true,1,88524
7290107956901,false,קפסולות אספרסו למכונ,שטראוס גרופ,IL,עלית,גרמים,50.00,100 גרם,false,,15.90,0.3180,true,1,86826
7290107956925,false,קפסולות 13 אוגנדה למ,שטראוס גרופ,IL,עלית,גרמים,50.00,100 גרם,false,,15.90,0.3180,true,1,105950
7290107956932,false,קפסולות 12 אינדונזיה,שטראוס גרופ,IL,עלית,גרמים,50.00,100 גרם,false,,15.90,0.3180,true,1,71062
7290107957069,false,צנצנת מסטיק בזוקה,שטראוס גרופ,IL,עלית,גרמים,66.00,100 גרם,false,,9.90,0.1500,true,1,71064
7290107957076,false,צנצנת מסטיק בזוקה,שטראוס גרופ,IL,עלית,גרמים,66.00,100 גרם,false,,9.90,0.1500,true,1,71066
7290107957229,false,נטיפי שוקולד ציפס מר,"פוליבה בע""מ",IL,עלית,גרמים,250.00,100 גרם,false,,10.90,0.0436,true,1,88525
7290107957991,true,מילקי מינייס,TCS,IT,מילקי,גרמים,144.00,100 גרם,false,,13.90,0.0965,true,1,95578
7290107973014,false,פלמוליב סבון ידיים ח,CP - Turkey+60,TR,פלמוליב,מיליליטרים,300.00,"100 מ""ל",false,,10.90,0.0363,true,1,61199
7290107973311,false,קולגייט מברשת 360 פח,קולגייט פלמוליב,CH,קולגייט מברשת 360 סנסטיב,יח',2.00,יח',false,,26.90,13.4500,true,1,61209
7290107973861,false,מאסטר שף עגבניות קצו,קונסוריזיו קאסאלסקו,IT,מאסטר שף,גרמים,1200.00,100 גרם,false,,15.90,0.0133,true,1,61223
7290107974066,false,*מבצע* מאסטר שף עלי,אלקאטי קורביישיסי,TR,מאסטר שף,גרמים,320.00,100 גרם,false,,7.90,0.0247,true,1,61234
7290107974073,false,*מבצע* מאסטר שף עלי,אלקאטי קורביישיסי,TR,מאסטר שף,גרמים,320.00,100 גרם,false,,7.90,0.0247,true,1,61236
7290107974080,false,מאסטר שף עלי טורטיה,אלקאטי קורביישיסי,TR,מאסטר שף,יחידה,840.00,יחידה,false,,15.90,0.0189,true,1,61238
7290107975360,false,ליידי ספיד סטיק פיור,Colgate - USA,US,ליידי ספיד סטיק,גרמים,65.00,100 גרם,false,,24.90,0.3831,true,1,61283
7290107975544,false,קולגייט משחת ילדים 6,CP-Poland swidnica,PL,קולגייט,מיליליטרים,50.00,"100 מ""ל",false,,11.90,0.2380,true,1,61285
7290107977456,false,פלמוליב לגבר ג'ל רחצ,CP - Turkey+60,TR,פלמוליב לגבר ג'ל רחצ,מיליליטרים,750.00,"100 מ""ל",false,,19.90,0.0265,true,1,110773
7290107978323,false,מאסטר שף איטריות דקי,פי.פי.איג' ארטלקס ג',PL,מאסטר שף,גרמים,400.00,100 גרם,false,,3.90,0.0097,true,1,78711
7290107978330,false,מאסטר שף איטריות דקו,פי.פי.איג' ארטלקס ג',PL,מאסטר שף,גרמים,400.00,100 גרם,false,,3.90,0.0097,true,1,78712
7290107978347,false,מאסטר שף איטריות בינ,פי.פי.איג' ארטלקס ג',PL,מאסטר שף,גרמים,400.00,100 גרם,false,,3.90,0.0097,true,1,78713
7290107978453,false,קראנצוס גריל 55  גרם,מנה,IL,קראנצוס,גרמים,55.00,100 גרם,false,,2.00,0.0364,true,1,78716
7290107978637,false,*מבצע* מרידול משחת ש,GABA LOER GER,DE,מרידול,גרמים,75.00,100 גרם,false,,17.90,0.2387,true,1,78718
7290108201864,false,קולון קפסולות לכביסה,פרופייל,PL,קולון,יח',28.00,יח',false,,24.90,0.8893,true,1,38618
7290108350128,false,שקיות אשפה סנו סושי,"אשפלסט תעשיות בע""מ",IL,סנו סושי,יח',40.00,יח',false,,22.90,0.5725,true,1,42921
7290108350210,false,סנו סושי 30 שקיות אש,או או או יקה.דה.וא.ק,IL,סנו סושי,יח',30.00,יח',false,,24.90,0.8300,true,1,42930
7290108350531,false,נוזל כלים סנו ספארק,סנו,IL,ספארק,ליטרים,1.00,ליטר,false,,10.90,10.9000,true,1,42943
7290108350548,false,נוזל כלים סנו ספארק,סנו,IL,ספארק,ליטרים,1.00,ליטר,false,,10.90,10.9000,true,1,42945
7290108350555,false,נוזל כלים סנו ספארק,סנו,IL,ספארק,ליטרים,1.00,ליטר,false,,10.90,10.9000,true,1,42948
7290108350586,false,סנו ספארק לכלים 1.5,סנו,IL,ספארק,ליטרים,1.50,ליטר,false,,13.90,9.2667,true,1,42952
7290108350616,false,מרכך מקסימה מרוכז 1,סנו,IL,מקסימה,ליטרים,1.00,ליטר,false,,17.90,17.9000,true,1,42957
7290108350623,false,מרכך מקסימה מרוכז 1,סנו,IL,מקסימה,ליטרים,1.00,ליטר,false,,17.90,17.9000,true,1,42960
7290108350647,false,קרם להתרת קשרים כיף,קוסמופארם,IL,כיף,מיליליטרים,350.00,"100 מ""ל",false,,19.90,0.0569,true,1,42964
7290108350722,false,משחת שיניים אורביטול,טרופיקל דגיל קוסמטיק,IL,אורביטול,גרמים,70.00,100 גרם,false,,8.90,0.1271,true,1,117304
7290108351149,false,*מבצע* ג'ל סנו ג'ט ל,סנו,IL,*מבצע* ג'ל סנו ג'ט ל,ליטרים,1.50,ליטר,false,,9.90,6.6000,true,1,43014
7290108351507,false,מרכך מקסימה 4 ליטר,סנו,IL,מקסימה,ליטרים,4.00,ליטר,false,,21.90,5.4750,true,1,43021
7290108351514,false,מרכך מקסימה 4 ליטר,סנו,IL,מקסימה,ליטרים,4.00,ליטר,false,,21.90,5.4750,true,1,43023
7290108351552,false,*מבצע* מרסס סנו ג'ט,סנו,IL,*מבצע* מרסס סנו ג'ט,מיליליטרים,750.00,"100 מ""ל",false,,9.90,0.0132,true,1,86939
7290108351569,false,*מבצע* מקסימה למייבש,סנו,IL,סנו,מיליליטרים,750.00,"100 מ""ל",false,,14.90,0.0199,true,1,43027
7290108351583,false,סנו ג'ט פלוס לניקוי,סנו,IL,סנו ג'ט,מיליליטרים,750.00,"100 מ""ל",false,,9.90,0.0132,true,1,89250
7290108351613,false,*מבצע* ריצפז פרש הום,סנו,IL,ריצפז,ליטרים,2.00,ליטר,false,,19.90,9.9500,true,1,43033
7290108351699,false,*מבצע* מגבוני ניקוי,סנו,IL,*מבצע* מגבוני ניקוי,יח',3.00,יח',false,,17.90,5.9667,true,1,105829
7290108351781,false,סנו ג'ט פלוס לניקוי,סנו,IL,סנו ג'ט,מיליליטרים,750.00,"100 מ""ל",false,,9.90,0.0132,true,1,107042
7290108351804,false,מרכך מקסימה מרוכז 1,סנו,IL,מקסימה,ליטרים,1.00,ליטר,false,,17.90,17.9000,true,1,109914
7290108351811,false,מרכך מקסימה מרוכז 1,סנו,IL,מקסימה,ליטרים,1.00,ליטר,false,,17.90,17.9000,true,1,109915
7290108351835,false,מרכך מקסימה 4 ליטר,סנו,IL,מקסימה,ליטרים,4.00,ליטר,false,,21.90,5.4750,true,1,110967
7290108351842,false,מקסימה בושם כביסה כח,סנו,IL,מקסימה בושם כביסה כח,מיליליטרים,600.00,"100 מ""ל",false,,19.90,0.0332,true,1,107027
7290108351859,false,מקסימה בושם כביסה ור,סנו,IL,מקסימה בושם כביסה ור,מיליליטרים,600.00,"100 מ""ל",false,,19.90,0.0332,true,1,107028
7290108351866,false,מקסימה בושם כביסה בו,סנו,IL,מקסימה בושם כביסה בו,מיליליטרים,600.00,"100 מ""ל",false,,19.90,0.0332,true,1,107029
7290108351910,false,טבליות למדיח סנו ספא,גרופה אינקו,PL,ספארק,יח',30.00,יח',false,,19.90,0.6633,true,1,107045
7290108351934,false,סבון אסלה מוצק RINGS,סנו,IL,סנו,יח',3.00,יח',false,,12.90,4.3000,true,1,109806
7290108351941,false,סבון אסלה מוצק RINGS,סנו,IL,סנו,יח',3.00,יח',false,,12.90,4.3000,true,1,109807
7290108351996,false,*מבצע* מרסס חיטוי מש,סנו,,*מבצע* מרסס חיטוי מש,מיליליטרים,750.00,"100 מ""ל",false,,9.90,0.0132,true,1,109270
7290108352047,false,צמד מברשות שיניים או,סנו,IL,אורביטול,יח,2.00,יח,false,,19.90,9.9500,true,1,121763
7290108352054,false,צמד מברשות שיניים או,סנו,IL,אורביטול,יח,2.00,יח,false,,19.90,9.9500,true,1,121768
7290108352078,false,מי פה אורביטול 500 מ,סנו,IL,מי פה אורביטול 500 מ,מיליליטרים,500.00,"100 מ""ל",false,,24.90,0.0498,true,1,114766
7290108352146,false,סנובון נוזלי בניחוח,סנו,IL,סנובון,מיליליטרים,750.00,"100 מ""ל",false,,8.90,0.0119,true,1,114478
7290108352153,false,סנובון נוזלי בניחוח,סנו,IL,סנובון,מיליליטרים,750.00,"100 מ""ל",false,,8.90,0.0119,true,1,114479
7290108352207,false,*מבצע* קפסולות לכביס,סנו,IL,*מבצע* קפסולות לכביס,יחי,40.00,יחי,false,,29.90,0.7475,true,1,114567
7290108352214,false,*מבצע* קפסולות לכביס,סנו,IL,*מבצע* קפסולות לכביס,יחי,40.00,יחי,false,,29.90,0.7475,true,1,114568
7290108352252,false,נוזל כלים סנו ספארק,סנו,IL,ספארק,ליטרים,1.00,ליטר,false,,10.90,10.9000,true,1,115116
7290108352368,false,תוסף לחיטוי כביסה מק,סנו,IL,תוסף לחיטוי כביסה מק,ליטרים,3.00,ליטר,false,,29.90,9.9667,true,1,118620
7290108352399,false,*מבצע* ריצפז פרש הום,סנו,IL,ריצפז,ליטרים,2.00,ליטר,false,,19.90,9.9500,true,1,121080
7290108352436,false,*מבצע* סנובון כחול ש,סנו,IL,סנובון,יח',3.00,יח',false,,12.90,4.3000,true,1,115661
7290108352450,false,*מבצע* ריצפז פרש הום,סנו,IL,ריצפז,ליטרים,2.00,ליטר,false,,19.90,9.9500,true,1,116398
7290108352511,false,מקסימה לניקוי וחיטוי,סנו,IL,מקסימה לניקוי וחיטוי,מיליליטרים,500.00,"100 מ""ל",false,,11.90,0.0238,true,1,118059
7290108352535,false,דפי בישום לחים למייב,סנו,IL,דפי בישום לחים למייב,יח',20.00,יח',false,,12.90,0.6450,true,1,119541
7290108352566,false,מרכך מקסימה 4 ליטר,סנו,IL,מקסימה,ליטרים,4.00,ליטר,false,,21.90,5.4750,true,1,119825
7290108352573,false,מרכך מקסימה 4 ליטר,סנו,IL,מקסימה,ליטרים,4.00,ליטר,false,,21.90,5.4750,true,1,122008
7290108352634,false,נייר טואלט חתוך סנו,סנו,IL,נייר טואלט חתוך סנו,יח',1000.00,יח',false,,14.90,0.0149,true,1,43046
7290108352641,false,מטלית הפלא לניקוי כל,סנו,IL,מטלית הפלא לניקוי כל,יח',3.00,יח',false,,14.90,4.9667,true,1,43049
7290108352672,false,מטליות הפלא לריצפה ז,סנו,IL,מטליות הפלא לריצפה ז,יח',2.00,יח',false,,19.90,9.9500,true,1,43051
7290108352702,false,מגבוני טואלט לחים של,סנו,IL,מגבוני טואלט לחים של,יח',3.00,יח',false,,14.90,4.9667,true,1,43055
7290108352788,false,שקיות זיפר 20 יח סנו,סנו,IL,שקיות זיפר 20 יח סנו,יח',20.00,יח',false,,9.90,0.4950,true,1,107582
7290108352795,false,שקיות זיפר 50 יח סנו,סנו,IL,שקיות זיפר 50 יח סנו,יח',50.00,יח',false,,9.90,0.1980,true,1,107583
7290108352801,false,סנו סושי שקיות אשפה,סנו,IL,סנו סושי,יח',100.00,יח',false,,18.90,0.1890,true,1,89251
7290108352825,false,ספוג הפלא נירוסטה 3,סנו,IL,סנו,יח',3.00,יח',false,,9.90,3.3000,true,1,93218
7290108352849,false,מטלית הפלא לניקוי כל,סנו,IL,מטלית הפלא לניקוי כל,יח',3.00,יח',false,,14.90,4.9667,true,1,116279
7290108352863,false,שקיות צלייה L,סנו,IL,סנו סושי,יח',20.00,יח',false,,7.90,0.3950,true,1,106143
7290108352894,false,מפת שולחן חגיגית סנו,סנו,IL,מפת שולחן חגיגית סנו,יח',1.00,יח',false,,7.90,7.9000,true,1,107246
7290108353006,false,שקיות מזון עם ידית 2,"אשפלסט תעשיות בע""מ",IL,סנו סושי,יח',250.00,יח',false,,11.90,0.0476,true,1,109272
7290108353020,false,תבנית אפייה מלבנית,,,סנו סושי,יח',4.00,יח',false,,11.90,2.9750,true,1,110082
7290108353044,false,תבנית אפייה מנייר מא,,,סנו סושי,יח',24.00,יח',false,,11.90,0.4958,true,1,110084
7290108353068,false,זוג כריות קירצוף עם,סנו,IL,זוג כריות קירצוף עם,יח',2.00,יח',false,,9.90,4.9500,true,1,109916
7290108353099,false,טישו סופט חמישייה,ישרפייפר,IL,סנו סופט,יח',5.00,יח',false,,12.90,2.5800,true,1,109942
7290108353372,false,מארז זוג מברשות שיני,סנו,IL,מארז זוג מברשות שיני,יח',2.00,יח',false,,29.90,14.9500,true,1,124057
7290108353501,false,שקיות אשפה 25 יח' עם,סנו,IL,שקיות אשפה 25 יח' עם,יח',25.00,יח',false,,19.90,0.7960,true,1,111503
7290108353518,false,זוג תבניות עם ידיות,סנו,IL,זוג תבניות עם ידיות,יח',2.00,יח',false,,10.90,5.4500,true,1,111504
7290108353525,false,תבניות גדולות 4 יח ע,סנו,IL,תבניות גדולות 4 יח ע,יח',4.00,יח',false,,10.90,2.7250,true,1,111505
7290108353532,false,שקיות אשפה 100 יח' ב,סנו,IL,שקיות אשפה 100 יח' ב,יח',100.00,יח',false,,29.90,0.2990,true,1,111506
7290108353549,false,נייר אפייה סנו סושי,,,נייר אפייה סנו סושי,יח',100.00,יח',false,,19.90,0.1990,true,1,117834
7290108353648,false,שקיות מזון מנייר 70,"אשפלסט תעשיות בע""מ",IL,סנו סושי,יח',70.00,יח',false,,10.90,0.1557,true,1,114942
7290108353655,false,מפיות אירוח עבות לבנ,סנו,IL,מפיות אירוח עבות לבנ,יח',50.00,יח',false,,9.90,0.1980,true,1,113187
7290108353679,false,מפת ניילון שקופה 10,סנו,IL,סנו סושי,יח',1.00,יח',false,,14.90,14.9000,true,1,112890
7290108353686,false,מטלית חלומית לרצפה ס,N.S.,CN,סנו סושי,יח',1.00,יח',false,,10.90,10.9000,true,1,116280
7290108353730,false,*מבצע* תחליב רחצה קר,קרמה,,*מבצע* תחליב רחצה קר,מיליליטרים,500.00,"100 מ""ל",false,,9.90,0.0198,true,1,121766
7290108353747,false,*מבצע* תחליב רחצה אי,סנו,IL,*מבצע* תחליב רחצה אי,מיליליטרים,600.00,"100 מ""ל",false,,12.90,0.0215,true,1,125420
7290108353761,false,*מבצע* תחליב רחצה זן,סנו,IL,*מבצע* תחליב רחצה זן,מיליליטרים,600.00,"100 מ""ל",false,,12.90,0.0215,true,1,125421
7290108353778,false,נקה 7 תחליב רחצה בני,"אמיליה קוסמטיקס בע""מ",IL,נקה 7,מיליליטרים,750.00,"100 מ""ל",false,,9.90,0.0132,true,1,115944
7290108353785,false,נקה 7 תחליב רחצה בני,"אמיליה קוסמטיקס בע""מ",IL,נקה 7,מיליליטרים,750.00,"100 מ""ל",false,,9.90,0.0132,true,1,115945
7290108353792,false,נקה 7 תחליב רחצה בני,"אמיליה קוסמטיקס בע""מ",IL,נקה 7,מיליליטרים,750.00,"100 מ""ל",false,,9.90,0.0132,true,1,115943
7290108353808,false,נקה 7 תחליב רחצה בני,"אמיליה קוסמטיקס בע""מ",IL,נקה 7,מיליליטרים,750.00,"100 מ""ל",false,,9.90,0.0132,true,1,115946
7290108353846,false,כפפות ניטריל מידה L,סנו,IL,כפפות ניטריל מידה L,יח',80.00,יח',false,,28.90,0.3612,true,1,124069
7290108353891,false,דאודורנט רול און קרמ,,,קרמה,מיליליטרים,75.00,"100 מ""ל",false,,12.90,0.1720,true,1,115129
7290108353969,false,דאודורנט ספריי קרמה,"אמיליה קוסמטיקס בע""מ",IL,קרמה,מיליליטרים,150.00,"100 מ""ל",false,,12.90,0.0860,true,1,119192
7290108353983,false,*מבצע* קרם גוף קרמה,קוסמופארם,IL,קרמה,מיליליטרים,500.00,"100 מ""ל",false,,19.90,0.0398,true,1,115663
7290108353990,false,*מבצע* קרם גוף קרמה,קוסמופארם,IL,קרמה,מיליליטרים,500.00,"100 מ""ל",false,,19.90,0.0398,true,1,115664
7290108354034,false,*מבצע* סבון ידיים קר,קוסמופארם,IL,קרמה,גרמים,300.00,100 גרם,false,,7.90,0.0263,true,1,114937
7290108354164,false,סבון נוזלי כיף שלשה,סנו,IL,סבון נוזלי כיף שלשה,מיליליטרים,1500.00,"100 מ""ל",false,,19.90,0.0133,true,1,116399
7290108354225,false,ג'ל חיטוי סנו מדיק 1,קוסמופארם,IL,סנו מדיק,מיליליטרים,100.00,"100 מ""ל",false,,9.90,0.0990,true,1,115672
7290108354270,false,מרכך מקסימה מרוכז 1,סנו,IL,מקסימה,ליטרים,1.00,ליטר,false,,17.90,17.9000,true,1,119824
7290108354430,false,שמפו כיף שמן קוקוס ו,סנו,IL,שמפו כיף שמן קוקוס ו,מיליליטרים,700.00,"100 מ""ל",false,,11.90,0.0170,true,1,116798
7290108354447,false,מרכך כיף קוקוס וקרטי,סנו,IL,מרכך כיף קוקוס וקרטי,מיליליטרים,700.00,"100 מ""ל",false,,11.90,0.0170,true,1,116799
7290108354492,false,שמפו 10 שמן ארגן קרל,סנו,IL,שמפו 10 שמן ארגן קרל,מיליליטרים,700.00,"100 מ""ל",false,,12.90,0.0184,true,1,121770
7290108354577,false,דאודורנט רול און קרמ,,,קרמה,מיליליטרים,75.00,"100 מ""ל",false,,12.90,0.1720,true,1,119826
7290108354591,false,נקה 7 תחליב רחצה ביו,"אמיליה קוסמטיקס בע""מ",IL,נקה 7,מיליליטרים,750.00,"100 מ""ל",false,,9.90,0.0132,true,1,123716
7290108354607,false,נקה 7 שמפו ביו,"אמיליה קוסמטיקס בע""מ",IL,נקה 7,מיליליטרים,750.00,"100 מ""ל",false,,10.90,0.0145,true,1,123712
7290108354614,false,נקה 7 מרכך ביו,"אמיליה קוסמטיקס בע""מ",IL,נקה 7,מיליליטרים,750.00,"100 מ""ל",false,,10.90,0.0145,true,1,123713
7290108354621,false,מסיכה לשיער לחות מוג,,IL,מסיכה לשיער לחות מוג,מיליליטרים,500.00,"100 מ""ל",false,,24.90,0.0498,true,1,124058
7290108354706,false,*מבצע* תחליב רחצה קר,קרמה,,*מבצע* תחליב רחצה קר,מיליליטרים,500.00,"100 מ""ל",false,,9.90,0.0198,true,1,119827
7290108354751,false,*מבצע* מרסס סנו ג'ט,סנו,IL,*מבצע* מרסס סנו ג'ט,מיליליטרים,750.00,"100 מ""ל",false,,9.90,0.0132,true,1,107043
7290108354911,false,*מבצע* קרמה מן 3 ב-1,סנו,IL,*מבצע* קרמה מן 3 ב-1,מיליליטרים,700.00,"100 מ""ל",false,,14.90,0.0213,true,1,113104
7290108354973,false,*מבצע* סבון ידיים קר,קוסמופארם,IL,קרמה,גרמים,300.00,100 גרם,false,,7.90,0.0263,true,1,114935
7290108355000,false,שמפו נקה לילדים מיני,סנו,IL,נקה 7,מיליליטרים,750.00,"100 מ""ל",false,,10.90,0.0145,true,1,43070
7290108355062,false,לחות עם קרטין נטורל,קוסמופארם,IL,נטורל פורמולה,מיליליטרים,400.00,"100 מ""ל",false,,29.90,0.0747,true,1,43082
7290108355130,false,שמן גוף בייבי כיף 50,קוסמופארם,IL,כיף,מיליליטרים,500.00,"100 מ""ל",false,,24.90,0.0498,true,1,106278
7290108355147,false,סבון ארומה 750 מל,"אמיליה קוסמטיקס בע""מ",IL,נקה 7,מיליליטרים,750.00,"100 מ""ל",false,,9.90,0.0132,true,1,89252
7290108355154,false,נקה 7 שמפו,"אמיליה קוסמטיקס בע""מ",IL,נקה 7,מיליליטרים,750.00,"100 מ""ל",false,,10.90,0.0145,true,1,89253
7290108355161,false,נקה 7 קונדישינר,"אמיליה קוסמטיקס בע""מ",IL,נקה 7,מיליליטרים,750.00,"100 מ""ל",false,,10.90,0.0145,true,1,89254
7290108355192,false,מרכך קרטין אינטנס 40,"אמיליה קוסמטיקס בע""מ",IL,נטורל פורמולה,מיליליטרים,400.00,"100 מ""ל",false,,29.90,0.0747,true,1,87599
7290108355208,false,שמפו קרטין אינטנס 40,"אמיליה קוסמטיקס בע""מ",IL,נטורל פורמולה,מיליליטרים,400.00,"100 מ""ל",false,,29.90,0.0747,true,1,87600
7290108355253,false,נקה 7 ג'ל רחצה לגבר,"אמיליה קוסמטיקס בע""מ",IL,נקה 7,מיליליטרים,750.00,"100 מ""ל",false,,10.90,0.0145,true,1,105826
7290108355260,false,נקה 7 שמפו +ג'ל וסבו,"אמיליה קוסמטיקס בע""מ",IL,נקה 7,מיליליטרים,750.00,"100 מ""ל",false,,10.90,0.0145,true,1,105827
7290108355277,false,נקה 7 שמפו +מרכך לגב,"אמיליה קוסמטיקס בע""מ",IL,נקה 7,מיליליטרים,750.00,"100 מ""ל",false,,10.90,0.0145,true,1,105828
7290108355307,false,שמפו נקה 7 סירוק קל,סנו,IL,שמפו נקה 7 סירוק קל,מיליליטרים,750.00,"100 מ""ל",false,,12.90,0.0172,true,1,109275
7290108355314,false,מרכך קרם/תרסיס נקה 7,סנו,IL,מרכך קרם/תרסיס נקה 7,מיליליטרים,750.00,"100 מ""ל",false,,12.90,0.0172,true,1,109276
7290108355468,false,דאודורנט רול און קרמ,,,קרמה,מיליליטרים,75.00,"100 מ""ל",false,,12.90,0.1720,true,1,115133
7290108356106,false,כיף רחצה מילק שקד 70,קוסמופארם,IL,כיף,מיליליטרים,700.00,"100 מ""ל",false,,10.90,0.0156,true,1,106563
7290108356113,false,כיף רחצה מילק דבש 70,קוסמופארם,IL,כיף,מיליליטרים,700.00,"100 מ""ל",false,,10.90,0.0156,true,1,106562
7290108356120,false,כיף רחצה מילק קוקוס,קוסמופארם,IL,כיף,מיליליטרים,700.00,"100 מ""ל",false,,10.90,0.0156,true,1,106564
7290108356137,false,כיף רחצה מילק לבנדר,קוסמופארם,IL,כיף,מיליליטרים,700.00,"100 מ""ל",false,,10.90,0.0156,true,1,106565
7290108356151,false,כיף רחצה מילק מאסק י,קוסמופארם,IL,כיף,מיליליטרים,700.00,"100 מ""ל",false,,10.90,0.0156,true,1,106572
7290108356168,false,כיף רחצה מילק אוקיינ,קוסמופארם,IL,כיף,מיליליטרים,700.00,"100 מ""ל",false,,10.90,0.0156,true,1,106573
7290108356175,false,אל סבון כיף 1 ליטר א,קוסמופארם,IL,כיף,ליטרים,1.00,ליטר,false,,11.90,11.9000,true,1,114754
7290108356182,false,אל סבון כיף 1 ליטר ת,קוסמופארם,IL,כיף,ליטרים,1.00,ליטר,false,,11.90,11.9000,true,1,114755
7290108356199,false,אל סבון כיף 1 ליטר א,קוסמופארם,IL,כיף,ליטרים,1.00,ליטר,false,,11.90,11.9000,true,1,114756
7290108356229,false,קרמה ג'ל גילוח,קוסמופארם,TR,קרמה מן,מיליליטרים,200.00,"100 מ""ל",false,,13.90,0.0695,true,1,113450
7290108356298,false,*מבצע* כיף מוס רחצה,,IL,*מבצע* כיף מוס רחצה,מיליליטרים,150.00,"100 מ""ל",false,,9.90,0.0660,true,1,119516
7290108356359,false,*מבצע* קרם גוף קרמה,קוסמופארם,IL,קרמה,מיליליטרים,400.00,"100 מ""ל",false,,19.90,0.0497,true,1,113105
7290108356373,false,ג'ל ידיים סנו מדיק ד,סנו,IL,ג'ל ידיים סנו מדיק ד,מיליליטרים,29.00,"100 מ""ל",false,,9.90,0.3414,true,1,115493
7290108356489,false,תחליב רחצה אפרסק וחמ,קוסמופארם,IL,כיף,מיליליטרים,700.00,"100 מ""ל",false,,10.90,0.0156,true,1,121771
7290108356519,false,שמפו 10 לשיער רגיל ק,סנו,IL,שמפו 10 לשיער רגיל ק,מיליליטרים,700.00,"100 מ""ל",false,,12.90,0.0184,true,1,121069
7290108356526,false,שמפו 10 לשיער יבש קר,סנו,IL,שמפו 10 לשיער יבש קר,מיליליטרים,700.00,"100 מ""ל",false,,12.90,0.0184,true,1,121070
7290108356533,false,שמפו 10 לשיער מתולתל,סנו,IL,שמפו 10 לשיער מתולתל,מיליליטרים,700.00,"100 מ""ל",false,,12.90,0.0184,true,1,121071
7290108356540,false,שמפו 10 לשיער צבוע ק,סנו,IL,שמפו 10 לשיער צבוע ק,מיליליטרים,700.00,"100 מ""ל",false,,12.90,0.0184,true,1,121072
7290108356557,false,שמפו 10 למניעת קשקשי,סנו,IL,שמפו 10 למניעת קשקשי,מיליליטרים,700.00,"100 מ""ל",false,,12.90,0.0184,true,1,121073
7290108356564,false,מרכך 10 לשיער רגיל ק,סנו,IL,מרכך 10 לשיער רגיל ק,מיליליטרים,700.00,"100 מ""ל",false,,12.90,0.0184,true,1,121074
7290108356595,false,מרכך 10 לשיער צבוע ק,סנו,IL,מרכך 10 לשיער צבוע ק,מיליליטרים,700.00,"100 מ""ל",false,,12.90,0.0184,true,1,121077
7290108356809,false,כיף סבון בוטני ורד מ,,IL,כיף סבון בוטני ורד מ,ליטרים,1.00,ליטר,false,,14.90,14.9000,true,1,124059
7290108356816,false,כיף סבון גרניום ופטצ,,IL,כיף סבון גרניום ופטצ,ליטרים,1.00,ליטר,false,,14.90,14.9000,true,1,124060
7290108357004,false,שמפו כיף ושמן קוקוי,סנו,IL,שמפו כיף ושמן קוקוי,מיליליטרים,700.00,"100 מ""ל",false,,11.90,0.0170,true,1,111966
7290108357011,false,מרכך כיף ושמן קוקוי,סנו,IL,מרכך כיף ושמן קוקוי,מיליליטרים,700.00,"100 מ""ל",false,,11.90,0.0170,true,1,111967
7290108357028,false,כיף רחצה ושמן קוקוי,קוסמופארם,IL,כיף,מיליליטרים,700.00,"100 מ""ל",false,,10.90,0.0156,true,1,111968
7290108357042,false,קרליין נושם ביו דאוד,סנו,IL,קרליין נושם ביו דאוד,מיליליטרים,75.00,"100 מ""ל",false,,12.90,0.1720,true,1,121775
7290108357097,false,קרליין נושם ביו דאוד,סנו,IL,קרליין נושם ביו דאוד,מיליליטרים,150.00,"100 מ""ל",false,,12.90,0.0860,true,1,121779
7290108357110,false,קרליין נושם ביו דאוד,סנו,IL,קרליין נושם ביו דאוד,מיליליטרים,75.00,"100 מ""ל",false,,12.90,0.1720,true,1,121780
7290108357196,false,*מבצע* מרסס סנו ג'ט,סנו,IL,*מבצע* מרסס סנו ג'ט,מיליליטרים,750.00,"100 מ""ל",false,,9.90,0.0132,true,1,118512
7290108357202,false,סנוקליר בלו בלוסום,סנו,IL,סנוקליר,ליטרים,1.00,ליטר,false,,10.90,10.9000,true,1,116800
7290108357226,false,אבקה להלבנה עוצמתית,סנו,IL,אבקה להלבנה עוצמתית,קילוגרמים,1.40,"ק""ג",false,,29.90,21.3571,true,1,121081
7290108357240,false,אבקה עוצמתית להסרת כ,סנו,IL,אבקה עוצמתית להסרת כ,קילוגרמים,1.40,"ק""ג",false,,29.90,21.3571,true,1,121082
7290108357271,false,סנובון נוזלי עם חמצן,סנו,IL,סנובון,מיליליטרים,750.00,"100 מ""ל",false,,8.90,0.0119,true,1,122701
7290108357295,false,אוקסיג'ן מסיר כתמים,סנו,IL,אוקסיג'ן,מיליליטרים,750.00,"100 מ""ל",false,,17.90,0.0239,true,1,123710
7290108357301,false,מרסס K300 קוטל תיקני,,,מרסס K301,מיליליטרים,300.00,"100 מ""ל",false,,11.90,0.0397,true,1,122010
7290108357400,false,*מבצע* קרמה תחליב רח,,,קרמה,מיליליטרים,700.00,"100 מ""ל",false,,14.90,0.0213,true,1,115127
7290108357417,false,*מבצע* קרם גוף קרמה,קוסמופארם,IL,קרמה,מיליליטרים,500.00,"100 מ""ל",false,,19.90,0.0398,true,1,115665
7290108357653,false,סנובון באבלס בניחוח,,,סנובון באבלס בניחוח,יח',3.00,יח',false,,15.90,5.3000,true,1,126868
7290108357707,false,שמפו כיף תפוח זרעי צ,סנו,IL,שמפו כיף תפוח זרעי צ,מיליליטרים,700.00,"100 מ""ל",false,,11.90,0.0170,true,1,107118
7290108357714,false,שמפו כיף רימונים ושמ,סנו,IL,שמפו כיף רימונים ושמ,מיליליטרים,700.00,"100 מ""ל",false,,11.90,0.0170,true,1,107120
7290108357745,false,שמפו+מרכך כיף תאנה ו,סנו,IL,שמפו+מרכך כיף תאנה ו,מיליליטרים,700.00,"100 מ""ל",false,,11.90,0.0170,true,1,107122
7290108357769,false,מרכך כיף תפוח זרעי צ,סנו,IL,מרכך כיף תפוח זרעי צ,מיליליטרים,700.00,"100 מ""ל",false,,11.90,0.0170,true,1,107119
7290108357776,false,מרכך כיף רימונים ושמ,סנו,IL,מרכך כיף רימונים ושמ,מיליליטרים,700.00,"100 מ""ל",false,,11.90,0.0170,true,1,107124
7290108357875,false,שמפו לחות מוגברת עם,סנו,IL,שמפו לחות מוגברת עם,מיליליטרים,700.00,"100 מ""ל",false,,11.90,0.0170,true,1,121772
7290108357882,false,מרכך לחות מוגברת עם,סנו,IL,מרכך לחות מוגברת עם,מיליליטרים,700.00,"100 מ""ל",false,,11.90,0.0170,true,1,121773
7290108358070,false,*מבצע* קרמה תחליב רח,,,קרמה,מיליליטרים,700.00,"100 מ""ל",false,,14.90,0.0213,true,1,115667
7290108358087,false,*מבצע* קרמה תחליב רח,,,קרמה,מיליליטרים,700.00,"100 מ""ל",false,,14.90,0.0213,true,1,115668
7290108358094,false,*מבצע* תחליב רחצה קר,קרמה,,*מבצע* תחליב רחצה קר,מיליליטרים,500.00,"100 מ""ל",false,,9.90,0.0198,true,1,119830
7290108358117,false,מקלות ריחניים לבית F,סנו,IL,מקלות ריחניים לבית F,מיליליטרים,100.00,"100 מ""ל",false,,19.90,0.1990,true,1,121085
7290108358124,false,דפי בישום לחים למייב,סנו,IL,דפי בישום לחים למייב,יח',20.00,יח',false,,12.90,0.6450,true,1,126343
7290108359077,false,ממחטות אף 3 שכבות בת,סנו,IL,ממחטות אף 3 שכבות בת,יח',120.00,יח',false,,12.90,0.1075,true,1,121086
7290108359084,false,כיסוי ניילון עם גומי,סנו,IL,כיסוי ניילון עם גומי,יח',30.00,יח',false,,9.90,0.3300,true,1,125401
7290108359091,false,כיסוי ניילון עם גומי,סנו,IL,כיסוי ניילון עם גומי,יח',30.00,יח',false,,9.90,0.3300,true,1,125402
7290108359114,false,חמגשית אלומיניום עם,סנו,IL,חמגשית אלומיניום עם,יח',10.00,יח',false,,9.90,0.9900,true,1,121468
7290108359152,false,תבניות אלומיניום עגו,סנו,IL,תבניות אלומיניום עגו,יח',6.00,יח',false,,9.90,1.6500,true,1,125403
7290108359169,false,תבניות אלומיניום עגו,סנו,IL,תבניות אלומיניום עגו,יח',6.00,יח',false,,9.90,1.6500,true,1,125404
7290108359176,false,ממחטות אף 3 שכבות סו,,IL,ממחטות אף 3 שכבות סו,יח',200.00,יח',false,,12.90,0.0645,true,1,126870
7290108359183,false,שקיות אשפה עם ידיות,סנו,IL,סנו סושי,יח',60.00,יח',false,,21.90,0.3650,true,1,125395
7290108359824,false,קרם גוף בייבי כיף 50,קוסמופארם,IL,כיף,מיליליטרים,500.00,"100 מ""ל",false,,19.90,0.0398,true,1,106279
7290108359879,false,אל סבון בייבי כיף 75,קוסמופארם,IL,כיף,מיליליטרים,750.00,"100 מ""ל",false,,14.90,0.0199,true,1,106282
7290108359893,false,תחליב רחצה בייבי כיף,קוסמופארם,IL,כיף,מיליליטרים,750.00,"100 מ""ל",false,,14.90,0.0199,true,1,106283
7290108359985,false,זאוול קצף ניקוי בתוס,סנו,IL,סנו ז'אוול,ליטרים,1.00,ליטר,false,,17.90,17.9000,true,1,121087
7290108500677,false,*מבצע* כבד דג שיבוט,lcan Ehf,IS,וילי פוד,גרמים,115.00,100 גרם,false,,7.90,0.0687,true,1,44591
7290108501346,false,גבינת גאודה מגורדת 2,אמרלנד,DE,סיי צייז,גרמים,500.00,100 גרם,false,,24.90,0.0498,true,1,44609
7290108501353,false,פילה אנשובי אמיתי 45,קונסרבאס פרדו,ES,וילי פוד,גרמים,45.00,100 גרם,false,,6.90,0.1533,true,1,86670
7290108501490,false,גבינת מוצרלה פרוסות,ליטא,DE,גבינת מוצרלה פרוסות,גרמים,150.00,100 גרם,false,,12.90,0.0860,true,1,89686
7290108501827,false,שערות קדאיף 450 גרם,הלניק,TW,יאניס,גרמים,450.00,100 גרם,false,,19.90,0.0442,true,1,113250
7290108501988,false,*מבצע* חטיף שקדים וח,ואמראליס,GR,*מבצע* חטיף שקדים וח,גרמים,140.00,100 גרם,false,,9.90,0.0707,true,1,89106
7290108502305,false,*מבצע* גרנה פדנו משו,זאנטי,IT,וילי פוד,גרמים,150.00,100 גרם,false,,16.90,0.1127,true,1,106827
7290108502329,false,רביעית נתחי טונה בשמ,גולדן פרייז,TH,רביעית נתחי טונה בשמ,גרמים,640.00,100 גרם,false,,26.90,0.0420,true,1,105369
7290108502541,false,*מבצע* גבינת שמנת טב,אטלסר&אלפרי קאסורק,DE,*מבצע* גבינת שמנת טב,גרמים,200.00,100 גרם,false,,8.90,0.0445,true,1,105370
7290108502558,false,*מבצע* גבינת שמנת לי,אטלסר&אלפרי קאסורק,DE,*מבצע* גבינת שמנת לי,גרמים,200.00,100 גרם,false,,8.90,0.0445,true,1,105379
7290108502589,false,*מבצע* גבינת שמנת שו,אטלסר&אלפרי קאסורק,DE,*מבצע* גבינת שמנת שו,גרמים,200.00,100 גרם,false,,8.90,0.0445,true,1,105381
7290108502596,false,*מבצע* גבינת שמנת לי,אטלסר&אלפרי קאסורק,DE,*מבצע* גבינת שמנת לי,גרמים,200.00,100 גרם,false,,8.90,0.0445,true,1,105909
7290108502725,false,גבינת גאודה פרוסות 4,אמרלנד,DE,גבינת גאודה פרוסות 4,גרמים,400.00,100 גרם,false,,19.90,0.0497,true,1,105398
7290108502763,false,גבינת קממבר 200 גרם,פטוראז',FR,גבינת קממבר 200 גרם,גרמים,200.00,100 גרם,false,,19.90,0.0995,true,1,105389
7290108502862,false,*מבצע* מלפפונים במלח,אורהנזי,TR,*מבצע* מלפפונים במלח,גרמים,600.00,100 גרם,false,,8.90,0.0148,true,1,107082
7290108503043,false,מארז תפוחונים 88 גרם,ינטאי,CN,תפוחונים,גרמים,88.00,100 גרם,false,,14.90,0.1693,true,1,106621
7290108503067,false,*מבצע* פרמג'נו משולש,זאנטי,IT,וילי פוד,גרמים,150.00,100 גרם,false,,13.90,0.0927,true,1,106830
7290108503159,false,גבינה כחולה עם עובש,אל פסטור,ES,EURO CHEESE,גרמים,100.00,100 גרם,false,,9.90,0.0990,true,1,106354
7290108503791,false,ניוקי תפוחי אדמה 3 צ,סיימה אלימנטרי,IT,ניוקי תפוחי אדמה 3 צ,1,1.00,1,false,,11.90,11.9000,true,1,126904
7290108503999,false,*מבצע* פרוסות גבינת,סנטרל קסרה,ES,וילי פוד,גרמים,150.00,100 גרם,false,,8.90,0.0593,true,1,109487
7290108504002,false,*מבצע* פרוסות גבינת,סנטרל קסרה,ES,וילי פוד,גרמים,150.00,100 גרם,false,,8.90,0.0593,true,1,109488
7290108504378,false,*מבצע* גבינת שמנת עם,אטלסר&אלפרי קאסורק,DE,*מבצע* גבינת שמנת עם,גרמים,200.00,100 גרם,false,,8.90,0.0445,true,1,110989
7290108504385,false,*מבצע* גבינת שמנת עם,אטלסר&אלפרי קאסורק,DE,*מבצע* גבינת שמנת עם,גרמים,200.00,100 גרם,false,,8.90,0.0445,true,1,110990
7290108504408,false,*מבצע* גבינת שמנת לי,אטלסר&אלפרי קאסורק,DE,*מבצע* גבינת שמנת לי,גרמים,200.00,100 גרם,false,,8.90,0.0445,true,1,110992
7290108505160,false,יוגורט בטעם אגסים 4%,MEVGAL,GR,יורו,גרמים,150.00,100 גרם,false,,4.90,0.0327,true,1,112828
7290108505177,false,יוגורט בטעם אננס 0%,MEVGAL,GR,יורו,גרמים,150.00,100 גרם,false,,4.90,0.0327,true,1,112829
7290108505191,false,יוגורט עם פצפוצי שוק,MEVGAL,GR,יורו,גרמים,150.00,100 גרם,false,,4.90,0.0327,true,1,112831
7290108505689,false,גבינת גרנה פדנו מגור,זנאטי,IT,וילי פוד,גרמים,100.00,100 גרם,false,,9.90,0.0990,true,1,111355
7290108505740,false,*מבצע* קשקבל חצי קשה,איווק,TR,יורו,גרמים,200.00,100 גרם,false,,12.90,0.0645,true,1,114348
7290108506488,false,*מבצע* סופלה שוקולד,ארמה גרופ,TR,פינוקים,גרמים,200.00,100 גרם,false,,8.90,0.0445,true,1,113416
7290108506495,false,*מבצע* כנאפה קפוא,ארמה גרופ,TR,פינוקים,גרמים,192.50,100 גרם,false,,9.90,0.0514,true,1,113253
7290108506501,false,אצבעות בצק פילו ממול,סיהאן גידה,TR,אצבעות בצק פילו ממול,גרמים,500.00,100 גרם,false,,15.90,0.0318,true,1,120585
7290108506518,false,אצבעות בצק פילו ממול,סיהאן גידה,TR,אצבעות בצק פילו ממול,גרמים,500.00,100 גרם,false,,15.90,0.0318,true,1,120586
7290108506532,false,*מבצע* גליליות וופל,בן& אר.פי.סי,GR,פינוקים,גרמים,400.00,100 גרם,false,,9.90,0.0248,true,1,114747
7290108506624,false,*מבצע* עיזים צאנק 15,אל פסטור,ES,*מבצע* עיזים צאנק 15,גרמים,150.00,100 גרם,false,,15.90,0.1060,true,1,113458
7290108506662,false,רביולי פטריות 250 גר,ארמנדו,IT,פסטה איטליה,גרמים,250.00,100 גרם,false,,9.90,0.0396,true,1,113358
7290108506679,false,רביולי חצילים ומוצרל,ארמנדו,IT,פסטה איטליה,גרמים,250.00,100 גרם,false,,9.90,0.0396,true,1,113359
7290108506709,false,*מבצע* גבינת פרמג'אנ,זנטי,IT,וילי פוד,גרמים,150.00,100 גרם,false,,17.90,0.1193,true,1,113137
7290108506969,false,מאפה בורקס מים תורכי,גידה,TR,EURO,גרמים,300.00,100 גרם,false,,14.90,0.0497,true,1,114776
7290108507010,false,מאפה בורקס מים תורכי,גידה,TR,EURO,גרמים,300.00,100 גרם,false,,14.90,0.0497,true,1,114777
7290108507058,false,ביסקוויט פריך בשוקול,מודרן צ'יקולטה,TR,ביסקוויט פריך בשוקול,גרמים,100.00,100 גרם,false,,6.90,0.0690,true,1,120438
7290108507065,false,גבינת פרמג'יאנו רג'י,זאנטי,IT,גבינת פרמג'יאנו רג'י,גרמים,100.00,100 גרם,false,,13.90,0.1390,true,1,117319
7290108507188,false,*מבצע* כנאפה אריזה מ,גידה,TR,כנאפה אריזה משפחתית,גרמים,657.50,100 גרם,false,,19.90,0.0303,true,1,115546
7290108507645,false,ביסקוויט פריך בשוקול,מודרן צ'יקולטה,TR,ביסקוויט פריך בשוקול,גרמים,100.00,100 גרם,false,,6.90,0.0690,true,1,120439
7290108507652,false,ביסקוויט פריך בשוקול,מודרן צ'יקולטה,TR,ביסקוויט פריך בשוקול,גרמים,100.00,100 גרם,false,,6.90,0.0690,true,1,120440
7290108507942,false,ירקות גינה עם טונה 1,גידא,TR,ירקות גינה עם טונה 1,גרמים,160.00,100 גרם,false,,11.90,0.0744,true,1,118364
7290108508031,false,אננס שלם 830 גרם,נטריישן,TH,אננס שלם 830 גרם,גרמים,830.00,100 גרם,false,,10.90,0.0131,true,1,126204
7290108508963,false,*מבצע* גבינת קשקבל מ,איווק,TR,יורו,גרמים,200.00,100 גרם,false,,13.90,0.0695,true,1,117589
7290108509052,false,מאפה פילו ממולא גבינ,הלניק,GR,מאפה פילו ממולא גבינ,גרמים,400.00,100 גרם,false,,19.90,0.0497,true,1,118127
7290108509106,false,*מבצע* גבינה בולגרית,סוטאש,TR,יורו,גרמים,200.00,100 גרם,false,,9.90,0.0495,true,1,118395
7290108509113,false,*מבצע* גבינה בולגרית,סוטאש,TR,יורו,גרמים,250.00,100 גרם,false,,9.90,0.0396,true,1,118396
7290108509137,false,*מבצע* גבינה בולגרית,סוטאש,TR,יורו,גרמים,250.00,100 גרם,false,,9.90,0.0396,true,1,118398
7290108509359,false,פופקורן בציפוי בטעם,אלאלסי,UA,פופקורן בציפוי בטעם,גרמים,90.00,100 גרם,false,,7.90,0.0878,true,1,119884
7290108509700,false,"אורז פרסי דוואט 1 ק""",וילי פוד,IL,"אורז פרסי דוואט 1 ק""",קילוגרמים,1.00,"ק""ג",false,,9.90,9.9000,true,1,118877
7290108509908,false,מנת השף אטריות להכנה,נמצ'או,TH,מנת השף אטריות להכנה,גרמים,85.00,100 גרם,false,,3.90,0.0459,true,1,120459
7290108509915,false,מנת השף אטריות להכנה,נמצ'או,TH,מנת השף אטריות להכנה,גרמים,85.00,100 גרם,false,,3.90,0.0459,true,1,120460
7290108509922,false,מנת השף אטריות להכנה,נמצ'או,TH,מנת השף אטריות להכנה,גרמים,85.00,100 גרם,false,,3.90,0.0459,true,1,120461
7290108509946,false,טורטייה 250 גרם,גידה,TR,טורטייה 250 גרם,גרמים,250.00,100 גרם,false,,4.90,0.0196,true,1,119885
7290108620092,false,"אימפריאל רוזה 750 מ""",יקבי ציון,IL,"אימפריאל רוזה 750 מ""",מיליליטרים,750.00,"100 מ""ל",false,,29.90,0.0399,true,1,121575
7290108620108,false,אימפריאל קברנה סובני,יקבי ציון,IL,אימפריאל קברנה סובני,מיליליטרים,750.00,"100 מ""ל",false,,29.90,0.0399,true,1,121576
7290108620115,false,"אימפריאל מרלו 750 מ""",יקבי ציון,IL,"אימפריאל מרלו 750 מ""",מיליליטרים,750.00,"100 מ""ל",false,,29.90,0.0399,true,1,121577
7290108620245,false,תירוש לבן מובחר 100%,יקבי ציון,IL,תירוש לבן מובחר 100%,ליטרים,1.00,ליטר,false,,16.90,16.9000,true,1,121578
7290109351025,false,חומוסטחינה 400 גרם,צבר,IL,צבר,גרמים,400.00,100 גרם,false,,13.90,0.0348,true,1,34203
7290109354101,false,לחמית ללא גלוטן 200,אסם,IL,לחמית,גרמים,200.00,100 גרם,false,,9.90,0.0495,true,1,34258
7290109354972,false,פתי בר ללא גלוטן 200,אסם,IL,אסם,גרמים,200.00,100 גרם,false,,9.90,0.0495,true,1,34272
7290109354996,false,פתי בר ללא גלוטן שוק,אסם,IL,אסם,גרמים,200.00,100 גרם,false,,9.90,0.0495,true,1,34273
7290109358284,false,שניצל תירס טבעול עם,טבעול ישראל,IL,שניצל תירס טבעול עם,גרמים,664.00,100 גרם,false,,29.90,0.0450,true,1,34297
7290109358482,false,קרמוגית במילוי חלבה,אסם,IL,אסם,גרמים,200.00,100 גרם,false,,9.90,0.0495,true,1,107231
7290109580043,false,"שניצל תירס 1.75 ק""ג",זוגלובק,IL,זוגלובק,קילוגרמים,1.75,"ק""ג",false,,49.90,28.5143,true,1,115818
7290109580050,false,נקניקיות צ'וריסוס וו,זוגלובק,IL,נקניקיות צ'וריסוס וו,גרמים,226.00,100 גרם,false,,26.90,0.1190,true,1,117658
7290109580098,false,קבנוס בטעם סרירצה 13,זוגלובק,IL,זוגלובק,גרמים,135.00,100 גרם,false,,9.90,0.0733,true,1,121898
7290109580104,false,רוסטביף 150 גרם,זוגלובק,IL,זוגלובק,גרמים,150.00,100 גרם,false,,22.90,0.1527,true,1,117399
7290109580111,false,צלעות אסאדו מעושנות,זוגלובק,IL,זוגלובק,גרמים,120.00,100 גרם,false,,22.90,0.1908,true,1,121249
7290109580135,false,קורדנדביף 180 גרם זו,זוגלובק,IL,זוגלובק,גרמים,180.00,100 גרם,false,,22.90,0.1272,true,1,117401
7290109580166,false,סרוולד קלאסי 150 גרם,זוגלובק,IL,זוגלובק,גרמים,150.00,100 גרם,false,,22.90,0.1527,true,1,117403
7290109580210,false,נקניקיות ריינהולד'ס,זוגלובק,IL,זוגלובק,גרמים,300.00,100 גרם,false,,19.90,0.0663,true,1,121047
7290109580227,false,נקניקיות ריינהולד'ס,זוגלובק,IL,זוגלובק,גרמים,300.00,100 גרם,false,,19.90,0.0663,true,1,121048
7290109580319,false,בורגר וונדרס 280 גרם,זוגלובק,IL,בורגר וונדרס 280 גרם,גרמים,280.00,100 גרם,false,,26.90,0.0961,true,1,121324
7290109920597,false,אסטוניש מרסס לניקוי,אסטוניש,GB,אסטוניש,מיליליטרים,750.00,"100 מ""ל",false,,11.90,0.0159,true,1,86857
7290109920665,false,אסטוניש מרסס להסרת א,אסטוניש,GB,אסטוניש,מיליליטרים,750.00,"100 מ""ל",false,,11.90,0.0159,true,1,86859
7290109921372,false,אסטוניש משחה לניקוי,,,אסטוניש משחה לניקוי,מיליליטרים,250.00,"100 מ""ל",false,,17.90,0.0716,true,1,109236
7290109921853,false,אסטוניש משחת פרימיום,אסטוניש,GB,יעקבי,גרמים,150.00,100 גרם,false,,17.90,0.1193,true,1,117202
7290109923147,false,*מבצע* אסטוניש מרסס,אסטוניש,GB,*מבצע* אסטוניש מרסס,מיליליטרים,750.00,"100 מ""ל",false,,13.90,0.0185,true,1,124638
7290110002039,false,חיטה תפוחה עם קקאו 4,אורגניק אגרו פודס,PL,חיטה תפוחה עם קקאו 4,גרמים,400.00,100 גרם,false,,13.90,0.0348,true,1,126852
7290110058814,false,שלישיית ביצי שוקולד,זאיני,IT,דיסני,יח',3.00,יח',false,,12.90,4.3000,true,1,107925
7290110058821,false,שלישיית ביצי שוקולד,זאיני,IT,דיסני,יח',3.00,יח',false,,12.90,4.3000,true,1,87489
7290110110277,false,*מבצע* סיידר סומרסבי,"מב""י",IL,סומרסבי,מיליליטרים,1320.00,"100 מ""ל",false,,24.90,0.0189,true,1,89182
7290110110369,false,*מבצע* קרלסברג שישיי,קרלסברג ישראל,IL,*מבצע* קרלסברג שישיי,ליטרים,1.98,ליטר,false,,34.90,17.6263,true,1,114764
7290110110659,false,פחית ספרייט ליים 330,,,פחית פאנטה,מיליליטרים,330.00,"100 מ""ל",false,,5.00,0.0152,true,1,88430
7290110113261,false,מיץ חמוציות אושן ספר,פריגת,IL,אושן ספריי,ליטרים,1.00,ליטר,false,,11.90,11.9000,true,1,120134
7290110113377,false,מארז רביעיית קוקה קו,קוקה קולה,IL,מארז רביעיית קוקה קו,ליטרים,4.00,ליטר,false,,23.90,5.9750,true,1,125220
7290110113384,false,מארז רביעיית קוקה קו,קוקה קולה,IL,מארז רביעיית קוקה קו,ליטרים,4.00,ליטר,false,,23.90,5.9750,true,1,125221
7290110114787,false,נביעות+ תפוח 1.5 ליט,,IL,נביעות+ תפוח 1.5 ליט,ליטרים,1.50,ליטר,false,,8.00,5.3333,true,1,120173
7290110114794,false,נביעות+ אפרסק 1.5 לי,,IL,נביעות+ אפרסק 1.5 לי,ליטרים,1.50,ליטר,false,,8.00,5.3333,true,1,120174
7290110114800,false,נביעות+ ענבים 1.5 לי,,IL,נביעות+ ענבים 1.5 לי,ליטרים,1.50,ליטר,false,,8.00,5.3333,true,1,120175
7290110114855,false,*מבצע* נביעות שישייה,,IL,*מבצע* נביעות שישייה,ליטרים,9.00,ליטר,false,,12.90,1.4333,true,1,120180
7290110114954,false,פריגת 100% תפוזים מת,"גת,גבעת חיים",IL,פריגת,ליטרים,2.00,ליטר,false,,22.90,11.4500,true,1,119972
7290110114961,false,פריגת תפוזים 1.5 ליט,פריגת,IL,פריגת,ליטרים,1.50,ליטר,false,,8.80,5.8667,true,1,120181
7290110114985,false,פריגת אשכולית 1.5 לי,פריגת,IL,פריגת,ליטרים,1.50,ליטר,false,,8.80,5.8667,true,1,120183
7290110114992,false,פריגת לייט אשכוליות,פריגת,IL,פריגת,ליטרים,1.50,ליטר,false,,8.30,5.5333,true,1,120184
7290110115005,false,פריגת ענבים 1.5 ליטר,פריגת,IL,פריגת,ליטרים,1.50,ליטר,false,,8.80,5.8667,true,1,120185
7290110115036,false,פריגת מנגו 1.5 ליטר,פריגת,IL,פריגת,ליטרים,1.50,ליטר,false,,8.80,5.8667,true,1,120188
7290110115043,false,פריגת לימונענע 1.5 ל,פריגת,IL,פריגת,ליטרים,1.50,ליטר,false,,8.80,5.8667,true,1,120189
7290110115050,false,פריגת מיקס תות בננה,פריגת,IL,פריגת,ליטרים,1.50,ליטר,false,,8.80,5.8667,true,1,120190
7290110115081,false,פריגת צלול ענבים 1.5,פריגת,IL,פריגת צלול ענבים 1.5,ליטרים,1.50,ליטר,false,,8.30,5.5333,true,1,120192
7290110115104,false,פריגת צלול אפרסק 1.5,פריגת,IL,פריגת צלול אפרסק 1.5,ליטרים,1.50,ליטר,false,,8.30,5.5333,true,1,120194
7290110115111,false,פריגת צלול אננס 1.5,פריגת,IL,פריגת צלול אננס 1.5,ליטרים,1.50,ליטר,false,,8.30,5.5333,true,1,120195
7290110115128,false,פריגת צלול לימונענע,פריגת,IL,פריגת צלול לימונענע,ליטרים,1.50,ליטר,false,,8.30,5.5333,true,1,120196
7290110115203,false,קוקה קולה 1.5 ליטר,,IL,קוקה קולה 1.5 ליטר,ליטרים,1.50,ליטר,false,,8.60,5.7333,true,1,120207
7290110115210,false,קוקה קולה דיאט 1.5 ל,קוקה קולה,IL,DIET COKE,ליטרים,1.50,ליטר,false,,8.10,5.4000,true,1,120208
7290110115227,false,קוקה קולה זירו 1.5 ל,קוקה קולה,IL,DIET COKE,ליטרים,1.50,ליטר,false,,8.30,5.5333,true,1,120209
7290110115234,false,קוקה קולה זירו נטול,קוקה קולה,IL,קוקה קולה זירו נטול,ליטרים,1.50,ליטר,false,,8.30,5.5333,true,1,120210
7290110115241,false,קוקה קולה זירו לימון,קוקה קולה,IL,DIET COKE,ליטרים,1.50,ליטר,false,,8.30,5.5333,true,1,120211
7290110115265,false,ספרייט 1.5 ליטר,קוקה קולה,IL,ספרייט,ליטרים,1.50,ליטר,false,,8.80,5.8667,true,1,120219
7290110115272,false,ספרייט זירו 1.5 ליטר,קוקה קולה,IL,ספרייט,ליטרים,1.50,ליטר,false,,8.30,5.5333,true,1,120220
7290110115289,false,ספרייט 19 קל' לימון,קוקה קולה,IL,ספרייט,ליטרים,1.50,ליטר,false,,8.30,5.5333,true,1,120221
7290110115296,false,פאנטה אורנג' 1.5 ליט,קוקה קולה,IL,פאנטה,ליטרים,1.50,ליטר,false,,8.80,5.8667,true,1,120225
7290110115302,false,פאנטה זירו אורנג' 1.,קוקה קולה,IL,פאנטה,ליטרים,1.50,ליטר,false,,8.30,5.5333,true,1,120226
7290110115319,false,פאנטה אקזוטיק 1.5 לי,קוקה קולה,IL,פאנטה,ליטרים,1.50,ליטר,false,,8.80,5.8667,true,1,120227
7290110115333,false,פאנטה תות 1.5 ליטר,קוקה קולה,IL,פאנטה,ליטרים,1.50,ליטר,false,,8.80,5.8667,true,1,120229
7290110115340,false,פאנטה ענבים 1.5 ליטר,קוקה קולה,IL,פאנטה,ליטרים,1.50,ליטר,false,,8.80,5.8667,true,1,120231
7290110115357,false,סודה 1.5 ליטר,קוקה קולה,IL,סודה 1.5 ליטר,ליטרים,1.50,ליטר,false,,3.30,2.2000,true,1,121030
7290110115364,false,קוקה קולה שישייה 1.5,קוקה קולה,IL,קוקה קולה שישייה 1.5,ליטרים,9.00,ליטר,false,,49.30,5.4778,true,1,120213
7290110115371,false,דיאט קוקה קולה שישיי,קוקה קולה,IL,דיאט קוקה קולה שישיי,ליטרים,9.00,ליטר,false,,46.10,5.1222,true,1,120214
7290110115388,false,*מבצע* ספרייט ליים ש,קוקה קולה,IL,ספרייט,ליטרים,9.00,ליטר,false,,44.90,4.9889,true,1,120222
7290110115395,false,*מבצע* ספרייט זירו ש,קוקה קולה,IL,ספרייט,ליטרים,9.00,ליטר,false,,42.90,4.7667,true,1,120223
7290110115401,false,סודה קינלי שישייה 1.,קוקה קולה,IL,קינלי סודה,ליטרים,9.00,ליטר,false,,14.70,1.6333,true,1,120224
7290110115418,false,קוקה קולה זירו שישיי,קוקה קולה,IL,קוקה קולה זירו שישיי,ליטרים,9.00,ליטר,false,,46.10,5.1222,true,1,120215
7290110115425,false,פיוזטי לימון נענע גר,קוקה קולה,IL,פיוזטי,ליטרים,1.50,ליטר,false,,8.50,5.6667,true,1,120232
7290110115463,false,פיוזטי אפרסק 1.5 ליט,קוקה קולה,IL,פיוזטי,ליטרים,1.50,ליטר,false,,9.00,6.0000,true,1,120236
7290110115616,false,פיוז-טי זירו גרין אנ,FUZE TEA,IL,FUZE TEA,ליטרים,1.50,ליטר,false,,8.50,5.6667,true,1,120363
7290110115623,false,פיוז-טי זירו אפרסק,FUZE TEA,IL,FUZE TEA,ליטרים,1.50,ליטר,false,,8.50,5.6667,true,1,120364
7290110116064,false,פאנטה זירו פירות ירו,קוקה קולה,IL,פאנטה,ליטרים,1.50,ליטר,false,,8.30,5.5333,true,1,123719
7290110116125,false,סירופ בטעם פטל 750 מ,סירופ - גבעת חיים,IL,סירופ בטעם פטל 750 מ,מיליליטרים,750.00,"100 מ""ל",false,,22.90,0.0305,true,1,125228
7290110116132,false,סירופ בטעם לימון 750,סירופ - גבעת חיים,IL,סירופ בטעם לימון 750,מיליליטרים,750.00,"100 מ""ל",false,,22.90,0.0305,true,1,125229
7290110116149,false,סירופ בטעם ענבים 750,סירופ - גבעת חיים,IL,סירופ בטעם ענבים 750,מיליליטרים,750.00,"100 מ""ל",false,,22.90,0.0305,true,1,125230
7290110116194,false,נביעות + לימון ליים,,IL,נביעות + לימון ליים,ליטרים,1.50,ליטר,false,,8.60,5.7333,true,1,125224
7290110116217,false,נביעות + אשכולית 0 ק,,IL,נביעות + אשכולית 0 ק,ליטרים,1.50,ליטר,false,,8.60,5.7333,true,1,125225
7290110116316,false,קוקה קולה שישייה 1.5,החברה המרכזית קולה,,קוקה קולה שישייה 1.5,מיליליטרים,9000.00,"100 מ""ל",false,,49.30,0.0055,true,1,121960
7290110116323,false,קוקה קולה זירו שישיי,החברה המרכזית קולה,,קוקה קולה זירו שישיי,מיליליטרים,9000.00,"100 מ""ל",false,,46.10,0.0051,true,1,121961
7290110116385,false,פחית מרשמלו זירו 330,קוקה קולה ישראל,IL,קוקה קולה ZERO,מיליליטרים,330.00,"100 מ""ל",false,,5.00,0.0152,true,1,125482
7290110116552,false,ספרייט למון היט 1.5,קוקה קולה,IL,ספרייט,ליטרים,1.50,ליטר,false,,8.80,5.8667,true,1,126863
7290110116569,false,ספרייט למון היט 1.5,קוקה קולה,IL,ספרייט,ליטרים,1.50,ליטר,false,,8.30,5.5333,true,1,126864
7290110320591,false,*מבצע* בולגרית פיראו,תנובה,IL,פיראוס,גרמים,250.00,100 גרם,false,,18.90,0.0756,true,1,77724
7290110320850,false,פתיתי עמק 28% שומן,תנובה,IL,עמק,גרמים,200.00,100 גרם,false,,14.90,0.0745,true,1,77740
7290110320867,false,פתיתי עמק 28% שומן,תנובה,IL,עמק,גרמים,500.00,100 גרם,false,,28.90,0.0578,true,1,77741
7290110320935,false,פרוסות מוצרלה תנובה,תנובה,IL,מוצרלה,גרמים,150.00,100 גרם,false,,15.90,0.1060,true,1,77745
7290110321277,false,קוטג' בקטנה 100 גרם,תנובה,IL,תנובה,גרמים,100.00,100 גרם,false,,2.50,0.0250,true,1,86881
7290110321284,false,קוטג' בקטנה 100 גרם,תנובה,IL,תנובה,גרמים,100.00,100 גרם,false,,2.50,0.0250,true,1,86882
7290110321604,false,פיראוס בולגרית קוביו,תנובה,IL,פיראוס,גרמים,200.00,100 גרם,false,,19.90,0.0995,true,1,89711
7290110321680,false,יופלה GO יוגורט מועש,תנובה,IL,יופלה GO יוגורט מועש,גרמים,200.00,100 גרם,false,,5.50,0.0275,true,1,87661
7290110322014,false,טופו טבעי 300 גרם,תנובה,,טופו טבעי 300 גרם,גרמים,300.00,100 גרם,false,,11.90,0.0397,true,1,89093
7290110322021,false,טופו בזיליקום 300 גר,תנובה,,טופו בזיליקום 300 גר,גרמים,300.00,100 גרם,false,,11.90,0.0397,true,1,89094
7290110322038,false,טופו פיקנטי 300 גרם,תנובה,,טופו פיקנטי 300 גרם,גרמים,300.00,100 גרם,false,,11.90,0.0397,true,1,89095
7290110323301,false,טל העמק 32% 200 גר,תנובה,IL,תנובה,גרמים,200.00,100 גרם,false,,17.90,0.0895,true,1,107094
7290110323585,false,יופלה GO יוגורט לייט,תנובה,IL,יופלה GO יוגורט לייט,גרמים,200.00,100 גרם,false,,5.50,0.0275,true,1,106524
7290110324551,false,*מבצע* יופלה טיוב יו,תנובה,IL,יופלה,גרמים,348.00,100 גרם,false,,9.90,0.0284,true,1,108319
7290110324711,false,*מבצע* ממרח סויה בטע,תנובה,IL,תנובה,גרמים,250.00,100 גרם,false,,7.90,0.0316,true,1,109379
7290110324841,false,מעדן שקדים עם שוקולד,תנובה,IL,תנובה,גרמים,125.00,100 גרם,false,,3.90,0.0312,true,1,111202
7290110324872,false,גבינת גלבוע 5% 200 ג,תנובה,IL,גלבוע,גרמים,200.00,100 גרם,false,,17.90,0.0895,true,1,111712
7290110324926,false,משקה סויה ללא תוספת,תנובה,IL,תנובה,ליטרים,1.00,ליטר,false,,9.90,9.9000,true,1,110922
7290110325169,false,פרוסות גאודה 170 גר',תנובה,IL,תנובה,גרמים,170.00,100 גרם,false,,17.90,0.1053,true,1,112987
7290110325305,false,מעדן סויה GO 20 גרם,תנובה,IL,מעדן סויה GO 20 גרם,גרמים,200.00,100 גרם,false,,5.50,0.0275,true,1,111206
7290110325619,false,משקה שיבולת שועל 1 ל,תנובה,IL,משקה שיבולת שועל 1 ל,ליטרים,1.00,ליטר,false,,11.90,11.9000,true,1,111929
7290110325701,false,פיראוס ציזיקי יווני,תנובה,IL,פיראוס,גרמים,250.00,100 גרם,false,,11.90,0.0476,true,1,112254
7290110325893,false,תנובה גו אייס קפה 34,תנובה,IL,גו,מיליליטרים,340.00,"100 מ""ל",false,,7.50,0.0221,true,1,111931
7290110326210,false,יופלה און טופ פצפוצי,תנובה,IL,תנובה,גרמים,157.00,100 גרם,false,,4.90,0.0312,true,1,112989
7290110326227,false,יופלה און טופ קורנפל,תנובה,IL,תנובה,גרמים,157.00,100 גרם,false,,4.90,0.0312,true,1,113074
7290110326234,false,יופלה און טופ כוכבים,תנובה,IL,תנובה,גרמים,157.00,100 גרם,false,,4.90,0.0312,true,1,113075
7290110326241,false,יופלה און טופ גרנולה,תנובה,IL,תנובה,גרמים,157.00,100 גרם,false,,4.90,0.0312,true,1,113076
7290110326333,false,פרוסות גבינה סקנדינב,תנובה,IL,תנובה,גרמים,175.00,100 גרם,false,,17.90,0.1023,true,1,115784
7290110327514,false,משקה שיבולת שועל בטע,תנובה,IL,משקה שיבולת שועל בטע,ליטרים,1.00,ליטר,false,,11.90,11.9000,true,1,118784
7290110327545,false,יופלה און טופ בטעם ת,תנובה,IL,תנובה,גרמים,157.00,100 גרם,false,,4.90,0.0312,true,1,116379
7290110327811,false,חטיף חלבון GO בטעם ק,בלמונט קונפקציות,US,חטיף חלבון GO בטעם ק,גרמים,60.00,100 גרם,false,,11.90,0.1983,true,1,119448
7290110328474,false,פלח פרמג'יאנו רג'יאנ,תנובה,IL,פלח פרמג'יאנו רג'יאנ,גרמים,150.00,100 גרם,false,,26.90,0.1793,true,1,117693
7290110328504,false,טריו- מיקס מוצרלה סק,תנובה,IL,טריו- מיקס מוצרלה סק,גרמים,300.00,100 גרם,false,,24.90,0.0830,true,1,117662
7290110328627,false,יוגורט גו סמיך 0% בנ,תנובה,IL,יוגורט גו סמיך 0% בנ,גרמים,200.00,100 גרם,false,,5.90,0.0295,true,1,118274
7290110328641,false,טופו טבעי אלטרנטיב ז,תנובה,IL,טופו טבעי אלטרנטיב ז,גרמים,500.00,100 גרם,false,,17.90,0.0358,true,1,118639
7290110328764,false,יוגורט גו סמיך 0% תו,תנובה,IL,יוגורט גו סמיך 0% תו,גרמים,200.00,100 גרם,false,,5.90,0.0295,true,1,118276
7290110328771,false,יוגורט גו סמיך 0% פי,תנובה,IL,יוגורט גו סמיך 0% פי,גרמים,200.00,100 גרם,false,,5.90,0.0295,true,1,118277
7290110328788,false,יוגורט גו סמיך 0% אפ,תנובה,IL,יוגורט גו סמיך 0% אפ,גרמים,200.00,100 גרם,false,,5.90,0.0295,true,1,118275
7290110329136,false,מעדן חלב גו בטעם שוק,תנובה,IL,מעדן חלב גו בטעם שוק,גרמים,120.00,100 גרם,false,,4.50,0.0375,true,1,119608
7290110329143,false,מעדן חלב גו בטעם וני,תנובה,IL,מעדן חלב גו בטעם וני,גרמים,120.00,100 גרם,false,,4.50,0.0375,true,1,119609
7290110329266,false,יוגורט תנובה מחלב עי,תנובה,IL,יוגורט תנובה מחלב עי,גרמים,140.00,100 גרם,false,,5.50,0.0393,true,1,118785
7290110329273,false,יוגורט תנובה מחלב עי,תנובה,IL,יוגורט תנובה מחלב עי,גרמים,750.00,100 גרם,false,,19.90,0.0265,true,1,118786
7290110329303,false,פרוסות בטעם צהובה קל,תנובה,IL,פרוסות בטעם צהובה קל,גרמים,200.00,100 גרם,false,,21.90,0.1095,true,1,118787
7290110329426,false,טופו טבעי + רוטב קרם,תנובה,IL,טופו טבעי + רוטב קרם,גרמים,310.00,100 גרם,false,,12.90,0.0416,true,1,122188
7290110329433,false,טופו טבעי + רוטב סצ',תנובה,IL,טופו טבעי + רוטב סצ',גרמים,310.00,100 גרם,false,,12.90,0.0416,true,1,122189
7290110329686,false,משקה חלב גו בטעם עוג,תנובה,IL,גו,מיליליטרים,340.00,"100 מ""ל",false,,7.50,0.0221,true,1,119611
7290110329716,false,משקה קפה קר בטעם קפו,תנובה,IL,משקה קפה קר בטעם קפו,מיליליטרים,230.00,"100 מ""ל",false,,6.90,0.0300,true,1,122190
7290110329723,false,משקה קפה קר בטעם לאט,תנובה,IL,משקה קפה קר בטעם לאט,מיליליטרים,230.00,"100 מ""ל",false,,6.90,0.0300,true,1,122191
7290110329730,false,משקה חלב עם שוקולד ו,תנובה,IL,משקה חלב עם שוקולד ו,מיליליטרים,230.00,"100 מ""ל",false,,6.90,0.0300,true,1,122192
7290110329792,false,סויה BIO אפרסק גביע,תנובה,IL,סויה BIO אפרסק גביע,גרמים,150.00,100 גרם,false,,4.20,0.0280,true,1,120481
7290110329808,false,סויה BIO תות גביע אל,תנובה,IL,סויה BIO תות גביע אל,גרמים,150.00,100 גרם,false,,4.20,0.0280,true,1,120482
7290110329815,false,סויה BIO מתיקות מעוד,תנובה,IL,סויה BIO מתיקות מעוד,גרמים,150.00,100 גרם,false,,4.20,0.0280,true,1,120483
7290110329822,false,סויה BIO פירות יער ג,תנובה,IL,סויה BIO פירות יער ג,גרמים,150.00,100 גרם,false,,4.20,0.0280,true,1,120484
7290110329846,false,סויה BIO טבעי גביע א,תנובה,IL,סויה BIO טבעי גביע א,גרמים,150.00,100 גרם,false,,4.20,0.0280,true,1,120487
7290110476847,false,ציליית לייקרה משפחתי,,,ציליית לייקרה משפחתי,יח',1.00,יח',false,,249.00,249.0000,true,1,124165
7290110550370,false,פריכיות משולשות קינו,שטראוס גרופ,IL,פריכיות משולשות קינו,גרמים,65.00,100 גרם,false,,9.90,0.1523,true,1,125991
7290110551261,false,נשנושי תירס 500 גרם,או.וי אינטרנשיונל אי,TH,נשנושי תירס 500 גרם,גרמים,500.00,100 גרם,false,,11.90,0.0238,true,1,126983
7290110552121,false,היוגורט הראשון שלי 1,שטראוס,IL,היוגורט הראשון שלי 1,גרמים,100.00,100 גרם,false,,2.30,0.0230,true,1,121914
7290110552220,false,דנונה פרו 20 גר ללא,שטראוס גרופ,IL,דנונה פרו,גרמים,200.00,100 גרם,false,,5.90,0.0295,true,1,120410
7290110552237,false,דנונה פרו 20 גר ללא,שטראוס גרופ,IL,דנונה פרו,גרמים,200.00,100 גרם,false,,5.90,0.0295,true,1,120411
7290110553029,false,פריכיות חלבון קייל ח,שטראוס גרופ,IL,פריכיות חלבון קייל ח,גרמים,60.00,100 גרם,false,,9.90,0.1650,true,1,121170
7290110553098,false,*מבצע* אנרג'י מיקס צ,וויטוורטס,GB,*מבצע* אנרג'י מיקס צ,גרמים,100.00,100 גרם,false,,12.90,0.1290,true,1,124937
7290110553104,false,קפוצ'ינו סטיק קלאסי,שטראוס,IL,קפוצ'ינו סטיק קלאסי,גרמים,130.00,100 גרם,false,,16.90,0.1300,true,1,126995
7290110553135,false,קפוצ'ינו סטיק וניל 1,שטראוס,IL,קפוצ'ינו סטיק וניל 1,גרמים,130.00,100 גרם,false,,16.90,0.1300,true,1,126996
7290110553173,false,פריכיות אנרג'י בטעם,סנו רייס,BE,פריכיות אנרג'י בטעם,גרמים,40.00,100 גרם,false,,5.90,0.1475,true,1,125998
7290110553623,false,ציטוס קראנץ צ'דר חלפ,שטראוס פריטו ליי (מל,IL,עלית,גרמים,80.00,100 גרם,false,,4.50,0.0563,true,1,123359
7290110554101,false,*מבצע* מייפל בפאוץ',ציטדל,CA,*מבצע* מייפל בפאוץ',מיליליטרים,125.00,"100 מ""ל",false,,14.90,0.1192,true,1,124029
7290110554422,false,רוטב עגבניות ופלפלים,אמיליאנה קונסרב,IT,יד מרדכי,גרמים,350.00,100 גרם,false,,10.90,0.0311,true,1,121172
7290110554583,false,מארז ציטוס פאפס 20*1,שטראוס פריטו ליי (מל,IL,עלית,גרמים,200.00,100 גרם,false,,12.90,0.0645,true,1,120485
7290110554705,false,*מבצע* קפסולות קפה י,שטראוס קפה בי.וי,IL,*מבצע* קפסולות קפה י,גרמים,50.00,100 גרם,false,,14.90,0.2980,true,1,126002
7290110554712,false,*מבצע* קפסולות קפה נ,שטראוס קפה בי.וי,IL,*מבצע* קפסולות קפה נ,גרמים,50.00,100 גרם,false,,14.90,0.2980,true,1,126003
7290110555078,false,*מבצע* לאבנה עם שמן,בר בכפר,IL,*מבצע* לאבנה עם שמן,גרמים,250.00,100 גרם,false,,9.90,0.0396,true,1,121916
7290110555092,false,*מבצע* לאבנה עם שמן,בר בכפר,IL,*מבצע* לאבנה עם שמן,גרמים,250.00,100 גרם,false,,9.90,0.0396,true,1,121917
7290110555306,false,רבע לשבע טבעוני סינמ,שטראוס גרופ,IL,עלית,גרמים,125.00,100 גרם,false,,10.90,0.0872,true,1,123285
7290110555368,false,רבע לשבע טבעוני מרשמ,שטראוס גרופ,IL,עלית,גרמים,125.00,100 גרם,false,,10.90,0.0872,true,1,123286
7290110555603,false,שוקולוטה ספלנדיד 220,גיאלוסיס,GR,שוקולוטה ספלנדיד 220,גרמים,220.00,100 גרם,false,,21.90,0.0995,true,1,127001
7290110555665,false,קקאו דל שומן קופסא 2,גיאלוסיס,GR,קקאו דל שומן קופסא 2,גרמים,220.00,100 גרם,false,,17.90,0.0814,true,1,127002
7290110556242,false,שוקולד מריר פרווה בד,שטראוס גרופ,IL,עלית,גרמים,100.00,100 גרם,false,,4.90,0.0490,true,1,124941
7290110557027,false,חומוס  50% טחינה,שטראוס גרופ,IL,שטראוס,גרמים,400.00,100 גרם,false,,12.90,0.0323,true,1,120044
7290110557102,false,מעדן חלב עם שוקולד מ,שטראוס,IL,מעדן חלב עם שוקולד מ,גרמים,150.00,100 גרם,false,,5.00,0.0333,true,1,119205
7290110557133,false,מעדן הגולן וניל,שטראוס,IL,מעדן הגולן וניל,גרמים,125.00,100 גרם,false,,2.90,0.0232,true,1,119694
7290110557317,false,היוגורט הראשון שלי ש,שטראוס,IL,היוגורט הראשון שלי ש,גרמים,100.00,100 גרם,false,,2.30,0.0230,true,1,121918
7290110557478,false,חומוס גלילי 600 גרם,שטראוס גרופ,IL,חומוס גלילי 600 גרם,גרמים,600.00,100 גרם,false,,12.90,0.0215,true,1,121494
7290110557645,false,*מבצע* אנרג'י מיקס צ,וויטוורטס,GB,*מבצע* אנרג'י מיקס צ,גרמים,100.00,100 גרם,false,,12.90,0.1290,true,1,124938
7290110557720,false,קופון 30% הנחה על מש,,,קופון 30% הנחה על מש,יח',1.00,יח',false,,0.01,0.0100,true,1,121825
7290110558154,false,דנונה לייט אנד פרי ע,שטראוס גרופ,IL,דנונה,גרמים,150.00,100 גרם,false,,4.50,0.0300,true,1,124828
7290110558222,false,בנופי wow,שטראוס גרופ,IL,דנונה פרו,גרמים,150.00,100 גרם,false,,4.60,0.0307,true,1,124821
7290110558284,false,דנונה ביו מולטי 200,שטראוס,IL,דנונה ביו מולטי 200,גרמים,200.00,100 גרם,false,,4.20,0.0210,true,1,124131
7290110558307,false,דנונה פרו 20 גרם עם,שטראוס,,דנונה פרו 20 גרם עם,גרמים,200.00,100 גרם,false,,6.50,0.0325,true,1,121920
7290110558314,false,דנונה פרו ללא סוכר פ,שטראוס גרופ,IL,דנונה פרו,גרמים,200.00,100 גרם,false,,5.90,0.0295,true,1,124829
7290110558338,false,דנונה פרו 25 גרם חלב,שטראוס,,דנונה פרו 25 גרם חלב,גרמים,200.00,100 גרם,false,,5.90,0.0295,true,1,121921
7290110558666,false,דניאלה בטעם תפוח,שטראוס גרופ,IL,שטראוס,מיליליטרים,150.00,"100 מ""ל",false,,3.90,0.0260,true,1,126694
7290110558918,true,עלי חסה קראנצ שטופים,שטראוס בריאות ירקות,IL,עלי חסה קראנצ שטופים,גרמים,150.00,100 גרם,false,,9.90,0.0660,true,1,124850
7290110559007,false,שעועית חומה ט. הטבע,קונסרב איטליה,IT,טעם הטבע,גרמים,380.00,100 גרם,false,,6.90,0.0182,true,1,124946
7290110559014,false,שעועית שחורה ט. הטבע,קונסרב איטליה,IT,טעם הטבע,גרמים,380.00,100 גרם,false,,6.90,0.0182,true,1,124947
7290110559748,false,*מבצע* מאגדת אנרגי ש,ואמואליס פודס,GR,*מבצע* מאגדת אנרגי ש,100 1,105.00,100 1,false,,12.90,0.1229,true,1,123673
7290110559939,false,*מבצע* נתחי סויה בסג,ניר עציון,IL,*מבצע* נתחי סויה בסג,גרמים,350.00,100 גרם,false,,21.90,0.0626,true,1,122396
7290110560300,false,פריכיות משולשות פלפל,,,פריכיות משולשות פלפל,גרמים,30.00,100 גרם,false,,4.90,0.1633,true,1,106751
7290110560317,false,פריכיות משולשות מלח,,,פריכיות משולשות מלח,גרמים,30.00,100 גרם,false,,4.90,0.1633,true,1,106752
7290110560324,false,פריכיות משולשות אפונ,,,פריכיות משולשות אפונ,גרמים,30.00,100 גרם,false,,4.90,0.1633,true,1,106753
7290110561352,false,דנונה דל לקטוז 200 ג,שטראוס גרופ,IL,שטראוס,גרמים,200.00,100 גרם,false,,3.50,0.0175,true,1,89170
7290110561604,false,שמיניית גמדים תות בנ,שטראוס גרופ,IL,שטראוס,גרמים,800.00,100 גרם,false,,17.90,0.0224,true,1,87843
7290110563431,false,משקה קפה קר בסגנון ק,אנסטל מילק,AT,משקה קפה קר בסגנון ק,מיליליטרים,230.00,"100 מ""ל",false,,7.90,0.0343,true,1,107499
7290110563448,false,משקה קפה קר בסגנון מ,אנסטל מילק,AT,משקה קפה קר בסגנון מ,מיליליטרים,230.00,"100 מ""ל",false,,7.90,0.0343,true,1,107500
7290110563462,false,חלב בבקבוק נטול לקטו,מחלבת יטבתה,IL,יטבתה,ליטרים,1.00,ליטר,false,,7.90,7.9000,true,1,107997
7290110564339,false,חומוס הסדרה המובחרת,שטראוס גרופ,IL,שטראוס,גרמים,400.00,100 גרם,false,,12.90,0.0323,true,1,87845
7290110564360,false,חומוס הסדרה המובחרת,שטראוס גרופ,IL,שטראוס,גרמים,400.00,100 גרם,false,,12.90,0.0323,true,1,87846
7290110564414,false,חומוס הסדרה המובחרת,שטראוס גרופ,IL,שטראוס,גרמים,600.00,100 גרם,false,,14.90,0.0248,true,1,87849
7290110564742,false,משקה קפה קר בסגנון ח,אנסטל מילק,AT,משקה קפה קר בסגנון ח,מיליליטרים,230.00,"100 מ""ל",false,,7.90,0.0343,true,1,107501
7290110565435,false,לימבו פטל קו חלבי,שטראוס גרופ,IL,שטראוס,גרמים,125.00,100 גרם,false,,2.00,0.0160,true,1,87427
7290110565527,false,דנונה פרו 20 גר 1.5%,שטראוס גרופ,IL,דנונה פרו,גרמים,200.00,100 גרם,false,,5.90,0.0295,true,1,86696
7290110565572,false,*מבצע* מארז קפה טורק,שטראוס קפה בי.וי,IL,עלית,גרמים,168.00,100 גרם,false,,16.90,0.1006,true,1,109797
7290110566623,false,קפסולות 08 קולומביה,שטראוס גרופ,IL,עלית,גרמים,50.00,100 גרם,false,,15.90,0.3180,true,1,93316
7290110566975,false,דנונה פרו 20 גר תות,שטראוס גרופ,IL,דנונה פרו,גרמים,200.00,100 גרם,false,,5.90,0.0295,true,1,89176
7290110568276,false,יטבתה פרו וניל 350,מחלבת יטבתה,IL,יטבתה,מיליליטרים,350.00,"100 מ""ל",false,,6.50,0.0186,true,1,89383
7290110568559,false,*מבצע* מארז דוריטוס,שטראוס פריטו ליי (מל,IL,עלית,גרמים,250.00,100 גרם,false,,10.90,0.0436,true,1,89790
7290110570224,false,משקה קפה קר בטעם עוג,אנסטל מילק,AT,משקה קפה קר בטעם עוג,מיליליטרים,230.00,"100 מ""ל",false,,7.90,0.0343,true,1,124849
7290110570576,false,פולי אספרסו עשירים 1,שטראוס קפה בי.וי,IL,פולי אספרסו עשירים 1,גרמים,500.00,100 גרם,false,,39.90,0.0798,true,1,121702
7290110571184,false,עדשים חומות ט. הטבע,קונסרב איטליה,IT,טעם הטבע,גרמים,380.00,100 גרם,false,,6.90,0.0182,true,1,124948
7290110571375,false,*מבצע* אנרג'י מיקס צ,וויטוורטס,GB,*מבצע* אנרג'י מיקס צ,גרמים,100.00,100 גרם,false,,12.90,0.1290,true,1,124939
7290110571382,false,מעדן חלב בטעם וניל מ,שטראוס,IL,מעדן חלב בטעם וניל מ,גרמים,150.00,100 גרם,false,,5.00,0.0333,true,1,121498
7290110571405,false,מיני פינוקיות פסק זמ,הגביע,IL,עלית,גרמים,180.00,100 גרם,false,,9.90,0.0550,true,1,126998
7290110571412,false,מיני פינוקיות פאדג',הגביע,IL,עלית,גרמים,180.00,100 גרם,false,,9.90,0.0550,true,1,126999
7290110571474,false,רבע לשבע טבעוני פופק,הגביע מוצרי וופלים,IL,עלית,גרמים,125.00,100 גרם,false,,10.90,0.0872,true,1,124032
7290110572129,false,כיף כף מקלות שוקולד,סולן בעבור שטראוס,TR,עלית,גרמים,40.00,100 גרם,false,,4.70,0.1175,true,1,126992
7290110572969,false,כיף כף פצפצים קרם לב,SOLEN CIKOLATA GIDA,TR,עלית,גרמים,40.00,100 גרם,false,,4.70,0.1175,true,1,124940
7290110572976,false,כיף כף פצפצים קרם לב,שולן צ'יקולטה,TR,כיף כף פצפצים קרם לב,גרמים,135.00,100 גרם,false,,9.90,0.0733,true,1,124942
7290110576318,false,מארז שלישיית שוקולד,סמואה,FR,עלית,גרמים,300.00,100 גרם,false,,24.90,0.0830,true,1,125992
7290110576356,false,ספלנדיד שוקולד מריר,קימס,BE,ספלנדיד שוקולד מריר,גרמים,100.00,100 גרם,false,,7.90,0.0790,true,1,124025
7290110576370,false,מארז שלישיית שוקולד,סמואה,FR,עלית,גרמים,300.00,100 גרם,false,,24.90,0.0830,true,1,125993
7290110576387,false,מארז שלישיית שוקולד,סמואה,FR,עלית,גרמים,300.00,100 גרם,false,,24.90,0.0830,true,1,125994
7290110576752,false,שוקולד ספלנדיד מריר,קימס,BE,שוקולד ספלנדיד מריר,גרמים,100.00,100 גרם,false,,9.90,0.0990,true,1,126989
7290110576776,false,שוקולד ספלנדיד מריר,קימס,BE,שוקולד ספלנדיד מריר,גרמים,100.00,100 גרם,false,,9.90,0.0990,true,1,126990
7290110576868,false,4 גמדים סלט פירות,שטראוס גרופ,IL,שטראוס,גרמים,400.00,100 גרם,false,,10.90,0.0273,true,1,126674
7290111091520,false,"ד""ר עור תחליב רחצה ק","אמיליה קוסמטיקס בע""מ",IL,"ד""ר עור",מיליליטרים,700.00,"100 מ""ל",false,,14.90,0.0213,true,1,106031
7290111093005,false,מגבונים להסרת איפור,די.פי.אל תעשיות מוצר,IL,ICARE,יח',25.00,יח',false,,7.90,0.3160,true,1,107032
7290111093685,false,שלישיית מגבונים לניק,,,שלישיית מגבונים לניק,1,1.00,1,false,,15.90,15.9000,true,1,126226
7290111093982,false,"ד""ר עור תחליב רחצה פ","אמיליה קוסמטיקס בע""מ",IL,"ד""ר עור",מיליליטרים,700.00,"100 מ""ל",false,,14.90,0.0213,true,1,125952
7290111094392,false,"ד""ר עור תחליב רחצה ק","אמיליה קוסמטיקס בע""מ",IL,"ד""ר עור",מיליליטרים,700.00,"100 מ""ל",false,,14.90,0.0213,true,1,125953
7290111097041,false,מארז מגבונים בייביסי,קיבוץ עמיר dpl,IL,ביבי סיטר,יח',528.00,יח',false,,19.90,0.0377,true,1,118940
7290111340178,false,מטליות לחות לניקוי כ,על בד,IL,ניקול,יח',50.00,יח',false,,9.90,0.1980,true,1,45112
7290111340185,false,מטליות לחות לרצפה ני,על בד,IL,ניקול,יח',10.00,יח',false,,9.90,0.9900,true,1,45114
7290111341366,false,מפיות ניקול 150 יחיד,shp slavosovce,SI,ניקול,יח',150.00,יח',false,,7.90,0.0527,true,1,93298
7290111341984,false,מגבוני לילי לחים רבי,,,מגבוני לילי לחים רבי,יח,160.00,יח,false,,19.90,0.1244,true,1,112133
7290111342004,false,לילי מגבונים לחים קי,על בד,IL,לילי,יח',1.00,יח',false,,7.90,7.9000,true,1,109510
7290111342059,false,מטליות לחות אנטיבקטר,,,מטליות לחות אנטיבקטר,יח',50.00,יח',false,,9.90,0.1980,true,1,112130
7290111342073,false,מטליות מיקרובייבר אנ,,,מטליות מיקרובייבר אנ,יח',2.00,יח',false,,9.90,4.9500,true,1,112131
7290111343841,false,ספוגית הקסם נירוסטה,UFO,CN,ניקול,יח',3.00,יח',false,,9.90,3.3000,true,1,115281
7290111344503,false,האגיס אקסטרה קייר מי,חוגלה קימברלי,IL,האגיס,יח',36.00,יח',false,,46.90,1.3028,true,1,117921
7290111344824,false,מגן תחתון קוטקס אנטי,KC China,CN,קוטקס,יח',52.00,יח',false,,15.90,0.3058,true,1,120079
7290111344831,false,מגן תחתון קוטקס אקסט,KC Vietnam,VN,קוטקס,יח',60.00,יח',false,,15.90,0.2650,true,1,120080
7290111344855,false,מגן תחתון קוטקס אקסט,KC China,CN,קוטקס,יח',52.00,יח',false,,15.90,0.3058,true,1,120081
7290111344930,false,מטליות לחות לריצפה ב,,IL,ניקול,יח',10.00,יח',false,,9.90,0.9900,true,1,119680
7290111345753,false,תחבושות  קוטקס כותנה,KC Turkey,TR,קוטקס,יח',28.00,יח',false,,15.90,0.5679,true,1,121525
7290111345760,false,תחבושות כותנה סופר ק,KC Turkey,TR,קוטקס,יח',28.00,יח',false,,15.90,0.5679,true,1,121535
7290111345777,false,תחבושות כותנה נייט ק,KC Turkey,TR,קוטקס,יח',28.00,יח',false,,15.90,0.5679,true,1,121536
7290111345814,false,נייר טואלט לילי נטור,קימברלי קלארק,IL,לילי,מטרים,150.00,מטר,false,,32.90,0.2193,true,1,120462
7290111350030,false,רסק תפוחי עץ 670 גרם,"ג'י אנד ג'י בע""מ",IL,קליית גת,גרמים,670.00,100 גרם,false,,10.90,0.0163,true,1,47899
7290111350047,false,תמרים ללא חרצנים קלי,קליית גת,IL,תמרים ללא חרצנים קלי,גרמים,500.00,100 גרם,false,,12.90,0.0258,true,1,47901
7290111350726,false,נאצ'וס בסגנון מקסיקנ,מסטיזו פודס,US,נאצ'וס בסגנון מקסיקנ,גרמים,322.00,100 גרם,false,,16.90,0.0525,true,1,108392
7290111351747,false,טורטיה 320 גרם 8 יח,,DE,טורטיה 320 גרם 8 יח,גרמים,320.00,100 גרם,false,,7.90,0.0247,true,1,111978
7290111352430,false,ממרח תמרים טבעי 440,טעמי הגליל,IL,קליית גת,גרמים,440.00,100 גרם,false,,11.90,0.0270,true,1,112301
7290111352508,false,*מבצע* סילאן טבעי לח,"ששון ושות' בע""מ",IL,קלית גת,גרמים,840.00,100 גרם,false,,19.90,0.0237,true,1,112600
7290111352966,false,סוכריות גומי ממולאות,סאדאט,TR,יוגטה,גרמים,250.00,100 גרם,false,,5.90,0.0236,true,1,115353
7290111352973,false,קוביות חמוצות יוגטה,סאדאט,TR,יוגטה,גרמים,220.00,100 גרם,false,,5.90,0.0268,true,1,115354
7290111353055,false,סוכריות גומי דובונים,טופגם תעשיות ממתקים,IL,סוכריות גומי דובונים,גרמים,200.00,100 גרם,false,,7.90,0.0395,true,1,115843
7290111353109,false,סוכריות גומי נחשים 2,טופגם תעשיות ממתקים,IL,סוכריות גומי נחשים 2,גרמים,200.00,100 גרם,false,,7.90,0.0395,true,1,115845
7290111353123,false,סוכריות גומי נחשים מ,טופגם תעשיות ממתקים,IL,סוכריות גומי נחשים מ,גרמים,200.00,100 גרם,false,,7.90,0.0395,true,1,115847
7290111353239,false,סוכריות גומי בטעם  י,טופגם תעשיות ממתקים,IL,סוכריות גומי בטעם  י,גרמים,200.00,100 גרם,false,,7.90,0.0395,true,1,115849
7290111353437,false,הוט פופ חטיף בטטה ומ,איץ.סיי גרופ אס.דה א,HN,הוט פופ,גרמים,120.00,100 גרם,false,,13.90,0.1158,true,1,117199
7290111353451,false,הוט פופ חטיף ירקות ש,איץ.סיי גרופ אס.דה א,HN,הוט פופ,גרמים,120.00,100 גרם,false,,13.90,0.1158,true,1,117201
7290111353475,false,שטיחים חמוצים בטעם פ,סאדאט,TR,יוגטה,גרמים,200.00,100 גרם,false,,5.90,0.0295,true,1,117794
7290111353482,false,מקלות חמוצים ממולאים,סאדאט,TR,יוגטה,גרמים,200.00,100 גרם,false,,5.90,0.0295,true,1,117795
7290111354595,false,קופסת אוכל קנופרס,אוגוסט שטורק,DE,קופסת אוכל קנופרס,גרמים,125.00,100 גרם,false,,12.90,0.1032,true,1,125227
7290111564291,false,פיטנס פריכיות דקות ע,פרח תעשיות,IL,פיטנס פריכיות דקות ע,גרמים,120.00,100 גרם,false,,9.90,0.0825,true,1,34346
7290111564727,false,קרמוגית במילוי קרם א,אסם,IL,אסם,גרמים,200.00,100 גרם,false,,9.90,0.0495,true,1,86926
7290111566240,false,שניצל דק בטעם צ'ילי,טבעול ישראל,IL,שניצל דק בטעם צ'ילי,גרמים,564.00,100 גרם,false,,29.90,0.0530,true,1,87679
7290111566271,false,חטיפי תירס טבעול,טבעול ישראל,IL,חטיפי תירס טבעול,גרמים,657.00,100 גרם,false,,29.90,0.0455,true,1,87680
7290111566318,false,שניצל דק טבעול,טבעול ישראל,IL,שניצל דק טבעול,גרמים,564.00,100 גרם,false,,29.90,0.0530,true,1,87682
7290111566332,false,נקניקיות וינר טבעול,טבעול ישראל,IL,נקניקיות וינר טבעול,גרמים,680.00,100 גרם,false,,29.90,0.0440,true,1,87683
7290111566417,false,טחון טבעול,טבעול ישראל,IL,טחון טבעול,גרמים,500.00,100 גרם,false,,29.90,0.0598,true,1,87684
7290111566547,false,חזה בגריל טבעול,טבעול ישראל,IL,חזה בגריל טבעול,גרמים,560.00,100 גרם,false,,29.90,0.0534,true,1,87686
7290111566714,false,המבורגר 99 קלוריות ט,טבעול ישראל,IL,המבורגר 99 קלוריות ט,גרמים,600.00,100 גרם,false,,29.90,0.0498,true,1,87691
7290111566776,false,נקניקיות קוקטייל טבע,טבעול ישראל,IL,נקניקיות קוקטייל טבע,גרמים,680.00,100 גרם,false,,29.90,0.0440,true,1,87694
7290111568206,false,ביסלי פארטי מיקס 150,אסם,IL,ביסלי,גרמים,150.00,100 גרם,false,,6.90,0.0460,true,1,88520
7290111568299,false,נודלס אטריות עם תרד,,IT,נודלס אטריות עם תרד,גרמים,300.00,100 גרם,false,,8.90,0.0297,true,1,89070
7290111568466,false,רוטב אסייתי למוקפץ 3,אסם,IL,אסם,גרמים,360.00,100 גרם,false,,12.90,0.0358,true,1,89075
7290111568961,false,בייגלה טבעות מלוחים,אסם,IL,אסם,גרמים,400.00,100 גרם,false,,9.90,0.0248,true,1,89545
7290111703461,false,שולחן לבן מתקפל 1.8,,,שולחן לבן מתקפל 1.8,יח',1.00,יח',false,,169.00,169.0000,true,1,112672
7290111873164,false,נרות מטה לבבות,סודי,CN,דיסני,יח',10.00,יח',false,,4.90,0.4900,true,1,110215
7290111873386,false,נרות מטה כוכבים,סודי,CN,דיסני,יח',10.00,יח',false,,4.90,0.4900,true,1,110216
7290111930799,false,קראנצוס בצל  55 גרם,מנה,IL,קראנצוס,גרמים,55.00,100 גרם,false,,2.00,0.0364,true,1,78730
7290111930805,false,קראנצוס ברביקיו  55,מנה,IL,קראנצוס,גרמים,55.00,100 גרם,false,,2.00,0.0364,true,1,78731
7290111930850,false,קראנצוס פיצה 55 גרם,מנה,IL,קראנצוס,גרמים,55.00,100 גרם,false,,2.00,0.0364,true,1,78736
7290111930904,false,פוף כוכבים בצל 40 גר,מנה,IL,פוף כוכבים בצל 40 גר,גרמים,40.00,100 גרם,false,,3.90,0.0975,true,1,78741
7290111930911,false,פוף לבבות קלאסי 40 ג,מנה,IL,פוף לבבות קלאסי 40 ג,גרמים,40.00,100 גרם,false,,3.90,0.0975,true,1,78742
7290111931338,false,פלמוליב סבון לומינוס,CP - Turkey+60,TR,פלמוליב סבון,מיליליטרים,500.00,"100 מ""ל",false,,15.90,0.0318,true,1,88948
7290111932380,false,*מבצע* מרידול משחת ש,GABA LOER GER,DE,מרידול,גרמים,150.00,100 גרם,false,,24.90,0.1660,true,1,88014
7290111932502,false,*מבצע* קולגייט משחת,CP-Poland swidnica,PL,קולגייט,מיליליטרים,75.00,"100 מ""ל",false,,24.90,0.3320,true,1,105479
7290111933462,false,מאסטר שף רוטב צ'ילי,סיטי פוד,TH,מנה,מיליליטרים,300.00,"100 מ""ל",false,,7.90,0.0263,true,1,88661
7290111933561,false,מאסטר שף תערובת ציפו,טסט וסנט,TH,מאסטר שף,גרמים,250.00,100 גרם,false,,7.90,0.0316,true,1,108495
7290111934827,false,פלמוליב סבון ידיים ה,CP - Turkey+60,TR,פלמוליב,מיליליטרים,300.00,"100 מ""ל",false,,10.90,0.0363,true,1,108492
7290111935961,false,*מבצע* מאסטר שף מחית,קליספה,IT,מאסטר שף,גרמים,690.00,100 גרם,false,,9.90,0.0143,true,1,108678
7290111936296,false,פלמוליב ארומה סנסייש,CP - Turkey+60,TR,פלמוליב,מיליליטרים,750.00,"100 מ""ל",false,,19.90,0.0265,true,1,108675
7290111937248,false,פרי מארז חטיפי תמרים,טבעית מוצרים מן הטבע,IL,פרי מארז חטיפי תמרים,יח',5.00,יח',false,,14.90,2.9800,true,1,107794
7290111937255,false,פרי מארז 5 חטיפים תמ,טבעית מוצרים מן הטבע,IL,פרי מארז 5 חטיפים תמ,יח',5.00,יח',false,,14.90,2.9800,true,1,107795
7290111937262,false,פרי מארז חטיפי תמרים,טבעית מוצרים מן הטבע,IL,פרי מארז חטיפי תמרים,יח',5.00,יח',false,,14.90,2.9800,true,1,107800
7290111938481,false,מאסטר שף רוטב סויה ב,תאי,TH,מאסטר שף,מיליליטרים,300.00,"100 מ""ל",false,,8.90,0.0297,true,1,113112
7290111939181,false,קוקי ניילון נצמד עם,קוקי,CN,קוקי,יח,20.00,יח,false,,9.90,0.4950,true,1,112211
7290112000156,false,*מבצע* אירוויק מפיץ,רקיט בנקיזר,HU,אירוויק,יח',1.00,יח',false,,14.90,14.9000,true,1,89431
7290112000286,false,סיליט ג'ל אסלות לימו,RECKITT BENCKISER PR,PL,סיליט ג'ל אסלות לימו,מיליליטרים,750.00,"100 מ""ל",false,,9.90,0.0132,true,1,87460
7290112000293,false,סיליט ג'ל אסלות פרש,RECKITT BENCKISER PR,PL,סיליט ג'ל אסלות פרש,מיליליטרים,750.00,"100 מ""ל",false,,9.90,0.0132,true,1,87461
7290112000385,false,*מבצע* דטול תרסיס למ,רקיט בנקיזר,PL,דטול,מיליליטרים,750.00,"100 מ""ל",false,,9.90,0.0132,true,1,105589
7290112000392,false,*מבצע* דטול תרסיס לא,רקיט בנקיזר,PL,דטול,מיליליטרים,750.00,"100 מ""ל",false,,9.90,0.0132,true,1,105590
7290112000408,false,*מבצע* דטול תרסיס לנ,רקיט בנקיזר,PL,דטול,מיליליטרים,750.00,"100 מ""ל",false,,9.90,0.0132,true,1,105591
7290112000736,false,*מבצע* פיניש טבליות,רקיט בנקיזר,PL,פיניש,יח',80.00,יח',false,,54.90,0.6862,true,1,89485
7290112000798,false,*מבצע* דטול תרסיס חי,רקיט בנקיזר,GB,דטול,מיליליטרים,750.00,"100 מ""ל",false,,9.90,0.0132,true,1,105592
7290112001221,false,קולון מנקה מכונה 250,רקיט בנקיזר,ES,קולון,מיליליטרים,250.00,"100 מ""ל",false,,19.90,0.0796,true,1,106000
7290112001238,false,קולון מנקה מכונה לימ,רקיט בנקיזר,ES,קולון,מיליליטרים,250.00,"100 מ""ל",false,,19.90,0.0796,true,1,106001
7290112001436,false,פיניש מחדש מדיח לימו,RECKITT BENCKISER PR,PL,פיניש,מיליליטרים,250.00,"100 מ""ל",false,,14.90,0.0596,true,1,111326
7290112001870,false,סיליט באנג אמבטיות 7,RECKITT BENCKISER PR,PL,סיליט,מיליליטרים,750.00,"100 מ""ל",false,,12.90,0.0172,true,1,110732
7290112002105,true,*מבצע* קולון ג'ל כבי,זוהר,IL,קולון,ליטרים,2.50,ליטר,false,,21.90,8.7600,true,1,110742
7290112002112,true,*מבצע* קולון ג'ל כבי,זוהר,IL,קולון,ליטרים,2.50,ליטר,false,,21.90,8.7600,true,1,110743
7290112002129,true,*מבצע* קולון ג'ל כבי,זוהר,IL,קולון,ליטרים,2.50,ליטר,false,,21.90,8.7600,true,1,110744
7290112002136,false,קולון גל 4 ליטר,זוהר,IL,קולון,ליטרים,4.00,ליטר,false,,34.90,8.7250,true,1,110745
7290112002143,false,קולון גל 4 ליטר,זוהר,IL,קולון,ליטרים,4.00,ליטר,false,,34.90,8.7250,true,1,110746
7290112002150,false,קולון גל 4 ליטר,זוהר,IL,קולון,ליטרים,4.00,ליטר,false,,34.90,8.7250,true,1,110747
7290112002167,false,קולון גל 4 ליטר,זוהר,IL,קולון,ליטרים,4.00,ליטר,false,,34.90,8.7250,true,1,110748
7290112003188,false,קולון קפסולות לכביסה,רקיט בנקיזר,IT,ג'ל לכביסה,יח',60.00,יח',false,,54.90,0.9150,true,1,115932
7290112003256,false,קולון לבנדר 101 1.25,זוהר דליה,IL,קולון,קילוגרמים,1.25,"ק""ג",false,,12.90,10.3200,true,1,115201
7290112004109,false,*מבצע* דטול מגבונים,רקיט בנקיזר,PL,דטול,יח,1.00,יח,false,,21.90,21.9000,true,1,117258
7290112004208,false,טבליות פיניש למדיח ל,RECKITT BENCKISER PR,PL,?????,יח',50.00,יח',false,,39.90,0.7980,true,1,118835
7290112004413,false,קליה ספריי לבן 750 מ,RECKITT BENCKISER PR,PL,וניש,מיליליטרים,750.00,"100 מ""ל",false,,16.90,0.0225,true,1,121837
7290112004703,false,וניש גליסימו ורוד 75,רקיט בנקיזר,IT,וניש גליסימו ורוד 75,מיליליטרים,750.00,"100 מ""ל",false,,19.90,0.0265,true,1,126645
7290112004963,false,*מבצע* טבליות פיניש,רקיט בנקיזר,PL,*מבצע* טבליות פיניש,יח',25.00,יח',false,,34.90,1.3960,true,1,125037
7290112005045,false,*מבצע* וניש אבקה להס,רקיט בנקיזר,IT,*מבצע* וניש אבקה להס,גרמים,480.00,100 גרם,false,,14.90,0.0310,true,1,124120
7290112005052,false,וניש אבקה לכביסה לבנ,רקיט בנקיזר,IT,וניש אבקה לכביסה לבנ,גרמים,1500.00,100 גרם,false,,39.90,0.0266,true,1,124121
7290112005076,false,*מבצע* וניש אבקה לכב,רקיט בנקיזר,IT,*מבצע* וניש אבקה לכב,גרמים,480.00,100 גרם,false,,14.90,0.0310,true,1,124122
7290112005083,false,וניש אבקה לכביסה צבע,רקיט בנקיזר,IT,וניש אבקה לכביסה צבע,גרמים,1500.00,100 גרם,false,,39.90,0.0266,true,1,124123
7290112005168,false,פיניש קוואנטום לימון,רקיט בנקיזר,PL,פיניש קוואנטום לימון,יח',60.00,יח',false,,59.90,0.9983,true,1,125039
7290112190468,false,שמן זית ספרדי טבעי 7,,ES,אוליב אויל,מיליליטרים,750.00,"100 מ""ל",false,,24.90,0.0332,true,1,89178
7290112190529,false,שמן זית יוחננוף 750,אסאס דל סור,ES,אוליב אויל,מיליליטרים,750.00,"100 מ""ל",false,,24.90,0.0332,true,1,110051
7290112190642,false,מגבונים שישייה,,,מגבונים שישייה,יח',6.00,יח',false,,9.90,1.6500,true,1,106139
7290112192578,false,משחת שיניים פרודונטק,ג'י.אס.קיי קונסיומר,IE,פרודונטקס,מיליליטרים,75.00,"100 מ""ל",false,,35.90,0.4787,true,1,110846
7290112194916,false,סבון שלישיה,,,סבון שלישיה,ליטרים,1.50,ליטר,false,,8.90,5.9333,true,1,112246
7290112195579,false,שמן זית כתית מעולה 7,אסאס דל סור,ES,אוליב אויל,מיליליטרים,750.00,"100 מ""ל",false,,24.90,0.0332,true,1,121374
7290112195630,false,שמן זית יוחננוף 750,אסאס דל סור,ES,אוליב אויל,מיליליטרים,750.00,"100 מ""ל",false,,24.90,0.0332,true,1,120260
7290112195784,false,תות שדה 300 גר פרוסט,גרין האוס,EG,פרוסטי,גרמים,0.00,100 גרם,false,,6.90,0.0000,true,1,125945
7290112197177,false,*מבצע* דגני בוקר במי,נטורל קייקס,IL,*מבצע* דגני בוקר במי,גרמים,375.00,100 גרם,false,,16.90,0.0451,true,1,121792
7290112197702,false,פיצה משפחתית מרגריטה,נטורל קייקס,IL,GFREE,גרמים,330.00,100 גרם,false,,23.90,0.0724,true,1,126638
7290112330352,false,דנונה פרו 20 גר וניל,שטראוס גרופ,IL,דנונה פרו,גרמים,200.00,100 גרם,false,,5.90,0.0295,true,1,108650
7290112330390,false,דנונה פרו 20 גר פירו,שטראוס גרופ,IL,דנונה פרו,גרמים,200.00,100 גרם,false,,5.90,0.0295,true,1,108651
7290112330420,false,דנונה פרו לבן 12 גר,שטראוס גרופ,IL,דנונה פרו,גרמים,150.00,100 גרם,false,,4.60,0.0307,true,1,107488
7290112332585,false,"פריכיות משולשות תפו""",,,"פריכיות משולשות תפו""",גרמים,30.00,100 גרם,false,,4.90,0.1633,true,1,109559
7290112332691,false,עוגיות קרם פסק זמן 2,הגביע,IL,עלית,גרמים,200.00,100 גרם,false,,9.90,0.0495,true,1,109794
7290112332899,false,צנצנת מסטיק בזוקה פו,שטראוס גרופ,IL,עלית,גרמים,58.00,100 גרם,false,,9.90,0.1707,true,1,109561
7290112334596,false,שוקולית 850 גרם+ 10%,שטראוס גרופ,IL,עלית,גרמים,935.00,100 גרם,false,,14.90,0.0159,true,1,112575
7290112334749,false,קפה טורקי שקית 200+,שטראוס גרופ,IL,עלית,גרמים,200.00,100 גרם,false,,15.90,0.0795,true,1,110275
7290112335111,false,מסטיק מאסט קוביות בז,שטראוס עלית,DE,שטראוס עלית,גרמים,86.00,100 גרם,false,,12.90,0.1500,true,1,108692
7290112335487,false,פרכיות גדולות 3 דגני,עלית,IL,פרכיות גדולות 3 דגני,גרמים,135.00,100 גרם,false,,10.90,0.0807,true,1,109562
7290112335494,false,פרכיות גדולות פוטטוס,עלית,IL,פרכיות גדולות פוטטוס,גרמים,135.00,100 גרם,false,,10.90,0.0807,true,1,109563
7290112335500,false,פרכיות גדולות חלבון,עלית,IL,פרכיות גדולות חלבון,גרמים,135.00,100 גרם,false,,10.90,0.0807,true,1,109564
7290112336637,false,סוכריות מאסט ללא סוכ,שטראוס גרופ,PL,סוכריות מאסט ללא סוכר,גרמים,80.00,100 גרם,false,,6.90,0.0863,true,1,110811
7290112336644,false,סוכריות מאסט ללא סוכ,שטראוס גרופ,PL,סוכריות מאסט ללא סוכר,גרמים,80.00,100 גרם,false,,6.90,0.0863,true,1,110812
7290112336651,false,סוכריות מאסט ללא סוכ,שטראוס גרופ,PL,סוכריות מאסט ללא סוכר,גרמים,80.00,100 גרם,false,,6.90,0.0863,true,1,110813
7290112336712,false,דנונה פרו 21 גר 0% ש,שטראוס גרופ,IL,דנונה פרו,גרמים,200.00,100 גרם,false,,5.90,0.0295,true,1,107995
7290112337474,false,סוכריות מאסט ללא סוכ,שטראוס גרופ,PL,סוכריות מאסט ללא סוכר,גרמים,80.00,100 גרם,false,,6.90,0.0863,true,1,110814
7290112338877,false,סקי תות,שטראוס גרופ,IL,שטראוס,גרמים,125.00,100 גרם,false,,3.70,0.0296,true,1,107156
7290112339362,false,דנונה לייט אנד פריי,שטראוס,IL,דנונה,גרמים,150.00,100 גרם,false,,4.50,0.0300,true,1,111124
7290112339867,false,גמדים סקוויז בודד תו,שטראוס,IL,גמדים,גרמים,100.00,100 גרם,false,,5.90,0.0590,true,1,107487
7290112339874,false,גמדים סקוויז בודד תו,שטראוס,IL,גמדים,גרמים,100.00,100 גרם,false,,5.90,0.0590,true,1,107491
7290112340122,false,פרכיות גדולות 3 דגני,עלית,IL,פרכיות גדולות 3 דגני,גרמים,135.00,100 גרם,false,,10.90,0.0807,true,1,109569
7290112340245,false,צנצנת מסטיק מאסט דוב,שטראוס גרופ,IL,עלית,גרמים,66.00,100 גרם,false,,9.90,0.1500,true,1,108417
7290112340276,false,עוגיות קרם קפה נמס 2,הגביע,IL,עלית,גרמים,200.00,100 גרם,false,,9.90,0.0495,true,1,109796
7290112340900,false,קפה טורקי האג 200 גר,שטראוס גרופ,IL,האג,גרמים,200.00,100 גרם,false,,24.90,0.1245,true,1,109571
7290112341556,false,אקטיביה עם צ'יה ותות,שטראוס,IL,אקטיביה,גרמים,150.00,100 גרם,false,,4.60,0.0307,true,1,110622
7290112341679,false,אקטיביה  3% 200ג',שטראוס גרופ,IL,אקטיביה,גרמים,200.00,100 גרם,false,,3.90,0.0195,true,1,110623
7290112342102,false,סימפוניה בצל מקורמל,שטראוס גרופ,IL,שטראוס,גרמים,200.00,100 גרם,false,,10.90,0.0545,true,1,111913
7290112342270,false,קפה פלטינום אינטנס 1,שטראוס קפה בי.וי,IL,עלית,גרמים,125.00,100 גרם,false,,15.90,0.1272,true,1,110825
7290112343260,false,רוטב שמנת קלאסי 260,שטראוס גרופ,IL,יטבתה,מיליליטרים,260.00,"100 מ""ל",false,,10.90,0.0419,true,1,111579
7290112343420,false,יטבתה פרו ארוחת בוקר,מחלבת יטבתה,IL,יטבתה פרו ארוחת בוקר,מיליליטרים,350.00,"100 מ""ל",false,,7.50,0.0214,true,1,111581
7290112343499,false,ציטוס puffs,שטראוס פריטו ליי (מל,IL,עלית,גרמים,55.00,100 גרם,false,,3.10,0.0564,true,1,119164
7290112343512,false,ציטוס puffs,שטראוס פריטו ליי (מל,IL,עלית,גרמים,160.00,100 גרם,false,,6.90,0.0431,true,1,119165
7290112344564,false,רביולי גבינה 400 גר,שטראוס גרופ,IL,שטראוס,גרמים,400.00,100 גרם,false,,19.90,0.0497,true,1,110642
7290112344724,false,מילקי בטעם שוקולד בל,שטראוס גרופ,IL,שטראוס,גרמים,133.00,100 גרם,false,,3.30,0.0248,true,1,111565
7290112344755,false,מילקי עם 26% פחות סו,שטראוס גרופ,IL,שטראוס,גרמים,135.00,100 גרם,false,,2.80,0.0207,true,1,116524
7290112344786,false,פלטיניום קלאסי 200 ג,שטראוס גרופ,IL,עלית,גרמים,200.00,100 גרם,false,,24.90,0.1245,true,1,113070
7290112344953,false,סימפוניה חציל קלוי 2,שטראוס גרופ,IL,שטראוס,גרמים,200.00,100 גרם,false,,10.90,0.0545,true,1,116703
7290112344991,false,דנונה לייט אנד פריי,שטראוס,IL,דנונה,גרמים,150.00,100 גרם,false,,4.50,0.0300,true,1,111128
7290112346360,false,בפלות אחת אחת מצופה,טוטיז בינגו סיאי,GR,עלית,גרמים,180.00,100 גרם,false,,12.90,0.0717,true,1,111884
7290112346537,false,פינוקיות בטעם טורטית,הגביע,IL,עלית,גרמים,200.00,100 גרם,false,,9.90,0.0495,true,1,111700
7290112346773,false,דנונה לייט אד פריי ו,שטראוס גרופ,IL,דנונה,גרמים,150.00,100 גרם,false,,4.50,0.0300,true,1,116706
7290112346797,false,אקטיביה עם שיבולת שו,שטראוס,IL,אקטיביה,גרמים,150.00,100 גרם,false,,4.60,0.0307,true,1,113162
7290112347008,false,גמדים ארוחת בוקר תות,שטראוס,IL,גמדים,גרמים,100.00,100 גרם,false,,5.90,0.0590,true,1,111560
7290112347473,false,מארז לייט אנד פריי ת,שטראוס גרופ,IL,שטראוס,ליטרים,1.20,ליטר,false,,26.90,22.4167,true,1,111130
7290112348142,false,שעועית לבנה ט. הטבע,קונסרב איטליה,IT,טעם הטבע,גרמים,380.00,100 גרם,false,,6.90,0.0182,true,1,114427
7290112349316,false,מסטיק מאסט לארג' בזו,שטראוס עלית,DE,שטראוס עלית,גרמים,86.00,100 גרם,false,,12.90,0.1500,true,1,113063
7290112349606,false,דניאלה תות בננה,שטראוס גרופ,IL,שטראוס,גרמים,88.00,100 גרם,false,,3.90,0.0443,true,1,120415
7290112349705,false,רוטב עגבניות קלאסי ל,אמיליאנה קונסרב,IT,יד מרדכי,גרמים,350.00,100 גרם,false,,10.90,0.0311,true,1,111887
7290112349736,false,רוטב עגבניות בזיליקו,אמיליאנה קונסרב,IT,יד מרדכי,גרמים,350.00,100 גרם,false,,10.90,0.0311,true,1,111888
7290112349750,false,רוטב עגבניות לפיצה 3,אמיליאנה קונסרב,IT,יד מרדכי,גרמים,350.00,100 גרם,false,,10.90,0.0311,true,1,111890
7290112349897,false,מסטיק מאסט לארג' קוב,שטראוס עלית,DE,שטראוס עלית,גרמים,86.00,100 גרם,false,,12.90,0.1500,true,1,113064
7290112349903,false,רוטב שמנת עם גרגירי,מחלבת יטבתה,IL,יטבתה,מיליליטרים,260.00,"100 מ""ל",false,,10.90,0.0419,true,1,121932
7290112350275,false,קפסולות למכונת נספרס,שטראוס גרופ,IL,עלית,גרמים,50.00,100 גרם,false,,15.90,0.3180,true,1,112530
7290112350312,false,קפסולות למכונה 15,שטראוס גרופ,IL,עלית,גרמים,50.00,100 גרם,false,,15.90,0.3180,true,1,115659
7290112351067,false,סילאן טבעי לחיץ 630,,,סילאן טבעי לחיץ 630,גרמים,630.00,100 גרם,false,,24.90,0.0395,true,1,113077
7290112351258,false,פינוקיות שחור לבן,הגביע,IL,עלית,גרמים,200.00,100 גרם,false,,9.90,0.0495,true,1,115169
7290112351524,false,עלי סלנובה טעם הטבע,שטראוס בריאות ירקות,IL,טעם הטבע,גרמים,200.00,100 גרם,false,,12.90,0.0645,true,1,114902
7290112353887,false,משקה קפה קר בטעם אגו,אנסטל מילק,AT,משקה קפה קר בטעם אגו,מיליליטרים,230.00,"100 מ""ל",false,,7.90,0.0343,true,1,114943
7290112354204,false,*מבצע* ספגטי עגבניות,גסטרונומיה,IT,*מבצע* ספגטי עגבניות,גרמים,280.00,100 גרם,false,,16.90,0.0604,true,1,119942
7290112354211,false,פיצה מרגריטה דלישס ש,סקרלינפיצה אס.אר.אל,IT,פיצה מרגריטה דלישס ש,גרמים,400.00,100 גרם,false,,25.90,0.0647,true,1,119945
7290112355027,false,דנונה פרו 20 גר בטעם,שטראוס גרופ,IL,דנונה פרו,גרמים,200.00,100 גרם,false,,5.90,0.0295,true,1,116528
7290112355102,false,גמדים פאוץ סלט פירות,שטראוס,IL,?????,גרמים,100.00,100 גרם,false,,5.90,0.0590,true,1,116693
7290112355263,false,רוטב שמנת עם שוקולד,מחלבת יטבתה,IL,יטבתה,מיליליטרים,265.00,"100 מ""ל",false,,10.90,0.0411,true,1,121933
7290112355386,false,רוטב שמנת בטעם קרמל,מחלבת יטבתה,IL,יטבתה,מיליליטרים,260.00,"100 מ""ל",false,,10.90,0.0419,true,1,121934
7290112355775,false,סימפוניה עירית,שטראוס גרופ,IL,שטראוס,גרמים,200.00,100 גרם,false,,10.90,0.0545,true,1,124830
7290112357045,false,עגבניות איטלקיות מרו,קונסרב איטליה,IT,טעם הטבע,גרמים,390.00,100 גרם,false,,6.50,0.0167,true,1,114437
7290112357069,false,מחית עגבניות איטלקיו,קונסרב איטליה,IT,טעם הטבע,גרמים,500.00,100 גרם,false,,6.50,0.0130,true,1,114438
7290112357083,false,אפונת גינה ט. הטבע 3,קונסרב איטליה,IT,טעם הטבע,גרמים,380.00,100 גרם,false,,6.90,0.0182,true,1,114428
7290112357106,false,שעועית אדומה ט. הטבע,קונסרב איטליה,IT,טעם הטבע,גרמים,380.00,100 גרם,false,,6.90,0.0182,true,1,114429
7290112357113,false,גרגירי חומוס ט. הטבע,קונסרב איטליה,IT,טעם הטבע,גרמים,380.00,100 גרם,false,,6.90,0.0182,true,1,114430
7290112357892,false,שלשיית סוכריות מקס פ,הליקון גידה,TR,עלית,גרמים,45.00,100 גרם,false,,7.90,0.1756,true,1,114690
7290112358004,false,פסק זמן קראנץ',שטראוס גרופ,IL,עלית,גרמים,32.00,100 גרם,false,,4.90,0.1531,true,1,116556
7290112358127,false,דנונה פרו 20 גרם עם,שטראוס,,דנונה פרו 20 גרם עם,גרמים,20.00,100 גרם,false,,6.50,0.3250,true,1,116267
7290112358219,false,רוטב צ'ילי מתוק,"בית אל מזון בע""מ",IL,עלית,מיליליטרים,300.00,"100 מ""ל",false,,12.90,0.0430,true,1,115102
7290112358431,false,עד חצות דאבל 200 גרם,שטראוס גרופ,IL,עלית,גרמים,200.00,100 גרם,false,,11.90,0.0595,true,1,117997
7290112358554,false,מארז נמס לדרך עלית,שטראוס רומניה,RO,נמס לדרך,יח',26.00,יח',false,,10.90,0.4192,true,1,115660
7290112380296,false,אוזניה סטריאו שחור,,,אוזניה סטריאו שחור,יח',1.00,יח',false,,49.90,49.9000,true,1,88246
7290112490117,false,קליק טבלה וופל ואגוז,אתר צפת טבלאות ותעשי,IL,KLIK,גרמים,85.00,100 גרם,false,,4.90,0.0576,true,1,89233
7290112490209,false,נמס בכוס עגבניות קרו,אתר חיפה אבקות - Foo,IL,KNORR,גרמים,56.00,100 גרם,false,,6.50,0.1161,true,1,89802
7290112490216,false,נמס בכוס ט.עוף קרוטו,אתר חיפה אבקות - Foo,IL,KNORR,גרמים,48.00,100 גרם,false,,6.50,0.1354,true,1,89803
7290112490230,false,נמס בכוס אפונה ר.טבע,אתר חיפה אבקות - Foo,IL,KNORR,גרמים,50.00,100 גרם,false,,6.50,0.1300,true,1,89804
7290112490582,false,חרדל דיזון 350גר,יוניליוור,IL,הלמנס,גרמים,350.00,100 גרם,false,,12.90,0.0369,true,1,93133
7290112490650,false,778 קונפיטורת תותשדה,אתר חיפה  778 - Food,IL,778,גרמים,340.00,100 גרם,false,,11.90,0.0350,true,1,95421
7290112490667,false,778 קונפיטורת משמש 3,אתר חיפה  778 - Food,IL,778,גרמים,340.00,100 גרם,false,,11.90,0.0350,true,1,95422
7290112490674,false,778 קונפיטורת דובדבן,אתר חיפה  778 - Food,IL,778,גרמים,340.00,100 גרם,false,,11.90,0.0350,true,1,95423
7290112490728,false,מרק עשיר ירקות בורגו,יוניליוור,IL,קנור,גרמים,95.00,100 גרם,false,,11.90,0.1253,true,1,105574
7290112490735,false,מרק עשיר עגבניות פסט,יוניליוור,IL,קנור,גרמים,105.00,100 גרם,false,,11.90,0.1133,true,1,105575
7290112490742,false,מרק עשיר פטריות גריס,יוניליוור,IL,קנור,גרמים,104.00,100 גרם,false,,11.90,0.1144,true,1,105576
7290112490759,false,מרק עשיר עוף אטריות,יוניליוור,IL,קנור,גרמים,74.00,100 גרם,false,,11.90,0.1608,true,1,105577
7290112490827,false,*מבצע* בדין תרסיס מי,זוהר דליה - 3P Local,IL,BADIN,מיליליטרים,500.00,"100 מ""ל",false,,14.90,0.0298,true,1,105438
7290112491770,false,דקים דקים מלח 300 גר,אתר בייגל - Food,IL,B&B,גרמים,300.00,100 גרם,false,,9.90,0.0330,true,1,108093
7290112491787,false,דקים דקים שומשום 300,אתר בייגל - Food,IL,B&B,גרמים,300.00,100 גרם,false,,9.90,0.0330,true,1,108094
7290112491794,false,דקים דקים שמנת בצל 3,אתר בייגל - Food,IL,B&B,גרמים,300.00,100 גרם,false,,9.90,0.0330,true,1,113208
7290112492500,false,פינוק שמפו שמן קוקוס,אתר ליוור - HPC,IL,PINUK,מיליליטרים,700.00,"100 מ""ל",false,,11.90,0.0170,true,1,113213
7290112492579,false,פינוק מרכך שמן קוקוס,אתר ליוור - HPC,IL,PINUK,מיליליטרים,700.00,"100 מ""ל",false,,11.90,0.0170,true,1,111517
7290112492593,false,פינוק תחליב רחצה קלא,אתר ליוור - HPC,IL,PINUK,מיליליטרים,700.00,"100 מ""ל",false,,9.90,0.0141,true,1,111518
7290112492609,false,פינוק סבון נוזלי  לב,אתר ליוור - HPC,IL,PINUK,מיליליטרים,700.00,"100 מ""ל",false,,9.90,0.0141,true,1,111527
7290112492647,false,שמפו פינוק לגבר 3 ב-,אתר ליוור - HPC,IL,PINUK,מיליליטרים,700.00,"100 מ""ל",false,,11.90,0.0170,true,1,111531
7290112492722,false,שמפו פינוק ילדים 700,אתר ליוור - HPC,IL,פינוק,מיליליטרים,700.00,"100 מ""ל",false,,11.90,0.0170,true,1,114972
7290112492746,false,מרכך פינוק ילדים 700,אתר ליוור - HPC,IL,פינוק,מיליליטרים,700.00,"100 מ""ל",false,,11.90,0.0170,true,1,114973
7290112492982,false,*מבצע* קנור פטריות ר,יוניליוור,IL,*מבצע* קנור פטריות ר,גרמים,400.00,100 גרם,false,,19.90,0.0497,true,1,111511
7290112492999,false,*מבצע* קנור ט.עוף 40,אתר חיפה אבקות - Foo,IL,KNORR,גרמים,400.00,100 גרם,false,,12.90,0.0323,true,1,111647
7290112493088,false,נמס בכוס עדשים 100%,אתר חיפה אבקות - Foo,IL,KNORR,גרמים,54.00,100 גרם,false,,6.50,0.1204,true,1,109780
7290112493095,false,נמס בכוס מרק עגבניות,אתר חיפה אבקות - Foo,IL,KNORR,גרמים,48.00,100 גרם,false,,6.50,0.1354,true,1,109781
7290112493293,false,נמס ירקות וקרוטונים,אתר חיפה אבקות - Foo,IL,KNORR,גרמים,44.00,100 גרם,false,,6.50,0.1477,true,1,109782
7290112493316,false,עשיר אפונה רכיבים טב,יוניליוור,IL,קנור,גרמים,117.00,100 גרם,false,,11.90,0.1017,true,1,109783
7290112493934,false,קרמיסימו 1.33 ל' וני,גלידות שטראוס,IL,קרמיסימו,ליטרים,1.33,ליטר,false,,18.90,14.2105,true,1,111948
7290112494016,false,תלמה מיונז מופחת שומ,תלמה,IL,תלמה,גרמים,500.00,100 גרם,false,,9.90,0.0198,true,1,109748
7290112494153,false,קנור תיבולית בניחוח,אתר חיפה אבקות - Foo,IL,KNORR,גרמים,72.00,100 גרם,false,,7.90,0.1097,true,1,111306
7290112494221,false,קליק ביסקויט תפזורת,אתר צפת חטיפים - Foo,IL,KLIK,גרמים,65.00,100 גרם,false,,4.90,0.0754,true,1,111048
7290112494283,false,קליק מעורב חום לבן ת,אתר צפת חטיפים - Foo,IL,KLIK,גרמים,65.00,100 גרם,false,,4.90,0.0754,true,1,111052
7290112494313,false,קליק קורנפלקס תפזורת,אתר צפת חטיפים - Foo,IL,KLIK,גרמים,65.00,100 גרם,false,,4.90,0.0754,true,1,111054
7290112494351,false,"קורנפלקס צהוב בד""ץ 8",יוניליוור,IL,"קורנפלקס צהוב בד""ץ 8",גרמים,850.00,100 גרם,false,,16.90,0.0199,true,1,112661
7290112494382,false,פירה ביתי 260גר,אתר חיפה אבקות - Foo,IL,KNORR,גרמים,260.00,100 גרם,false,,10.90,0.0419,true,1,111055
7290112494795,false,*מבצע* ג'ל כביסה כחו,אתר ליוור - HPC,IL,בדין,ליטרים,2.50,ליטר,false,,24.90,9.9600,true,1,111075
7290112494801,false,*מבצע* ג'ל כביסה ורו,אתר ליוור - HPC,IL,בדין,ליטרים,2.50,ליטר,false,,24.90,9.9600,true,1,111076
7290112494825,false,תרחיץ פנים דאב לעור,אתר ליוור - HPC,IL,DOVE,מיליליטרים,180.00,"100 מ""ל",false,,16.90,0.0939,true,1,115467
7290112494832,false,תרחיץ פנים דאב לעור,אתר ליוור - HPC,IL,DOVE,מיליליטרים,180.00,"100 מ""ל",false,,16.90,0.0939,true,1,115468
7290112495006,false,כריות נוגט 686 גרם,אתר שפע - Food,IL,TELMA,גרמים,686.00,100 גרם,false,,24.90,0.0363,true,1,111007
7290112495037,false,קוקומן כדורים 375 גר,אתר שפע - Food,IL,TELMA,גרמים,375.00,100 גרם,false,,19.90,0.0531,true,1,111056
7290112495044,false,קוקומן פצפוצים 375 ג,אתר שפע - Food,IL,TELMA,גרמים,375.00,100 גרם,false,,19.90,0.0531,true,1,111057
7290112495105,false,נשנושים שמנת בצל 260,אתר בייגל - Food,IL,B&B,גרמים,260.00,100 גרם,false,,11.90,0.0458,true,1,111012
7290112495143,false,קוקטייל מלוח 300ג,אתר בייגל - Food,IL,B&B,גרמים,300.00,100 גרם,false,,11.90,0.0397,true,1,111009
7290112495174,false,קוקטייל שומשום 300ג,אתר בייגל - Food,IL,B&B,גרמים,300.00,100 גרם,false,,11.90,0.0397,true,1,111015
7290112495228,false,קורנפלקס דבש 448 גרם,אתר שפע - Food,IL,TELMA,גרמים,448.00,100 גרם,false,,17.90,0.0400,true,1,111058
7290112495280,false,ברנפלקס קינמון 400 ג,אתר שפע - Food,IL,TELMA,גרמים,400.00,100 גרם,false,,19.90,0.0497,true,1,112144
7290112495488,false,קורנפלקס ללא גלוטן 5,מולינו - 3P איטליה F,IT,TELMA,גרמים,500.00,100 גרם,false,,14.90,0.0298,true,1,112138
7290112495754,false,הלמנס לסלט אלף האיים,אתר חיפה ממרחים - Fo,IL,HELLMANNS,מיליליטרים,305.00,"100 מ""ל",false,,9.90,0.0325,true,1,112175
7290112495761,false,הלמנס לסלט אלף האיים,אתר חיפה ממרחים - Fo,IL,HELLMANNS,מיליליטרים,305.00,"100 מ""ל",false,,9.90,0.0325,true,1,112176
7290112495785,false,הלמנ'ס לסלט שום 300ג,אתר חיפה ממרחים - Fo,IL,HELLMANNS,מיליליטרים,300.00,"100 מ""ל",false,,9.90,0.0330,true,1,112178
7290112495792,false,הלמנס רוטב לסלט שום,,,הלמנס רוטב לסלט שום,גרמים,300.00,100 גרם,false,,9.90,0.0330,true,1,112179
7290112495808,false,הלמנס לסלט חרדל דבש,אתר חיפה ממרחים - Fo,IL,HELLMANNS,מיליליטרים,305.00,"100 מ""ל",false,,9.90,0.0325,true,1,112180
7290112495938,false,קרקר משפחתי 6 דגנים,אפיפית - 3P Local Fo,IL,B&B,גרמים,200.00,100 גרם,false,,8.90,0.0445,true,1,112194
7290112495976,false,פתית פריכיות שוקולד,"גוד פוד בע""מ",PL,פתית פריכיות שוקולד,גרמים,35.00,100 גרם,false,,3.90,0.1114,true,1,114419
7290112495983,false,פתית פריכיות שוקולד,"גוד פוד בע""מ",PL,פתית פריכיות שוקולד,גרמים,39.00,100 גרם,false,,3.90,0.1000,true,1,114420
7290112496270,false,פתית צ'יפס עגבניות ו,,,פתית צ'יפס עגבניות ו,גרמים,22.00,100 גרם,false,,4.90,0.2227,true,1,115316
7290112496287,false,פתית צ'יפס בטטה 21 ג,,,פתית צ'יפס בטטה 21 ג,גרמים,21.00,100 גרם,false,,4.90,0.2333,true,1,115328
7290112496294,false,פתית צ'יפס אפונה וצי,,,פתית צ'יפס אפונה וצי,גרמים,22.00,100 גרם,false,,4.90,0.2227,true,1,115329
7290112496331,false,קורנפלקס בננה 448 גר,אתר שפע - Food,IL,TELMA,גרמים,448.00,100 גרם,false,,17.90,0.0400,true,1,117901
7290112496430,false,נמס בכוס אקסטרה עגבנ,אתר חיפה אבקות - Foo,IL,KNORR,גרמים,37.00,100 גרם,false,,3.90,0.1054,true,1,116733
7290112496447,false,נמס בכוס אקסטרה טעם,אתר חיפה אבקות - Foo,IL,KNORR,גרמים,27.00,100 גרם,false,,3.90,0.1444,true,1,116725
7290112496461,false,נמס בכוס אקסטרה ירקו,אתר חיפה אבקות - Foo,IL,KNORR,גרמים,35.00,100 גרם,false,,3.90,0.1114,true,1,116400
7290112497031,false,קנור רוטב לקציצות 41,יוניליוור,IL,קנור רוטב לקציצות 41,גרמים,415.00,100 גרם,false,,9.90,0.0239,true,1,117902
7290112497123,false,*מבצע* סחלב,אתר חיפה אבקות - Foo,IL,KNORR,גרמים,112.00,100 גרם,false,,9.90,0.0884,true,1,116000
7290112497369,false,דאב דאו רולאון טלק 5,יוניליוור  פיליפינים,PH,DOVE,מיליליטרים,50.00,"100 מ""ל",false,,14.90,0.2980,true,1,116740
7290112497505,false,ווזלין תחליב גוף ירו,יוניליוור,US,יוניליוור,מיליליטרים,600.00,"100 מ""ל",false,,19.90,0.0332,true,1,114739
7290112497864,false,*מבצע* מרק טעם עוף ר,יוניליוור,IL,*מבצע* מרק טעם עוף ר,גרמים,400.00,100 גרם,false,,19.90,0.0497,true,1,116351
7290112497994,false,גרנולה פרוטאין בתוספ,תלמה,IL,גרנולה פרוטאין בתוספ,גרמים,300.00,100 גרם,false,,15.90,0.0530,true,1,118003
7290112498007,false,גרנולה פרוטאין בתוספ,תלמה,IL,גרנולה פרוטאין בתוספ,גרמים,300.00,100 גרם,false,,15.90,0.0530,true,1,118004
7290112498052,false,מארז פתית צ'יפס בטטה,יוניליוור,IL,מארז פתית צ'יפס בטטה,גרמים,84.00,100 גרם,false,,14.90,0.1774,true,1,119850
7290112498069,false,קוקומן ללא גלוטן 375,אתר שפע - Food,IL,TELMA,גרמים,375.00,100 גרם,false,,19.90,0.0531,true,1,116724
7290112498281,false,אל סבון ידיים פינוק,אתר ליוור - HPC,IL,אל סבון ידיים פינוק,מיליליטרים,950.00,"100 מ""ל",false,,11.90,0.0125,true,1,118244
7290112498526,false,פתית צ'יפס עם בטטה ס,,,פתית צ'יפס עם בטטה ס,גרמים,22.00,100 גרם,false,,4.90,0.2227,true,1,118659
7290112498533,false,פתית צ'יפס עם חומוס,,,פתית צ'יפס עם חומוס,גרמים,21.00,100 גרם,false,,4.90,0.2333,true,1,118660
7290112498748,false,מאגדת מיני סולרו תות,גלידות שטראוס,IL,סולרו,גרמים,325.00,100 גרם,false,,23.90,0.0735,true,1,117320
7290112498885,false,מאגדת גודיז תותים וש,גלידות שטראוס,IL,שטראוס,מיליליטרים,235.00,"100 מ""ל",false,,21.90,0.0932,true,1,117820
7290112498915,false,מיני מגנום שקדים מוב,גלידות שטראוס,IL,מגנום,גרמים,250.00,100 גרם,false,,26.90,0.1076,true,1,118412
7290112498922,false,מיני מגנום לבן,גלידות שטראוס,IL,מגנום,גרמים,250.00,100 גרם,false,,26.90,0.1076,true,1,118413
7290112499097,false,מיני מגנום מריר,גלידות שטראוס,IL,מגנום,גרמים,240.00,100 גרם,false,,26.90,0.1121,true,1,121423
7290112499196,false,גלידת קרמיסימו חלב ק,גלידות שטראוס,IL,קרמיסימו,ליטרים,1.33,ליטר,false,,18.90,14.2105,true,1,123665
7290112499219,false,לייט מיני גודיז- פיס,גלידות שטראוס,IL,שטראוס,גרמים,235.00,100 גרם,false,,21.90,0.0932,true,1,122602
7290112499462,false,תחליב רחצה ש. קוקוס,אתר ליוור - HPC,IL,PINUK,מיליליטרים,700.00,"100 מ""ל",false,,9.90,0.0141,true,1,120125
7290112499493,false,דאו רקסונה ספריי בני,יונילוור ארגנטינה -,AR,REXONA,מיליליטרים,150.00,"100 מ""ל",false,,11.90,0.0793,true,1,120620
7290112499509,false,דאו רקסונה ספריי בני,קוסטר - תורכיה,TR,REXONA,מיליליטרים,150.00,"100 מ""ל",false,,11.90,0.0793,true,1,125485
7290112499844,false,מיני מגנום דואט שוקו,גלידות שטראוס,IL,מגנום,גרמים,310.00,100 גרם,false,,26.90,0.0868,true,1,111954
7290112499868,false,מיני מגנום וניל- טבע,גלידות שטראוס,IL,מגנום,גרמים,270.00,100 גרם,false,,26.90,0.0996,true,1,113152
7290112499943,false,מיני מגנום קלאסיק חו,גלידות שטראוס,IL,מגנום,גרמים,250.00,100 גרם,false,,26.90,0.1076,true,1,111955
7290112707529,false,זיקוק 7 סמ 3 גרם - 5,,,זיקוק 7 סמ 3 גרם - 5,יח,5.00,יח,false,,5.90,1.1800,true,1,110463
7290112961266,false,בייגלה כפיות איטלקי,אסם,IL,אסם,גרמים,300.00,100 גרם,false,,10.90,0.0363,true,1,108620
7290112961372,false,חטיפי פריכיות דקות פ,אסם,IL,חטיפי פריכיות דקות פ,גרמים,60.00,100 גרם,false,,8.90,0.1483,true,1,106756
7290112961464,false,חטיפי פריכיות דקות פ,אסם,IL,חטיפי פריכיות דקות פ,גרמים,60.00,100 גרם,false,,8.90,0.1483,true,1,106757
7290112962287,false,שווארמה טבעונית טבעו,טבעול ישראל,IL,שווארמה טבעונית טבעו,גרמים,450.00,100 גרם,false,,29.90,0.0664,true,1,111897
7290112963918,false,קרקר דק רוזמרין פיטנ,,CO,קרקר דק רוזמרין פיטנ,גרמים,140.00,100 גרם,false,,11.90,0.0850,true,1,109458
7290112964052,false,פסטה פרפקטו וזוביוטו,זארה,IT,פרפקטו,גרמים,500.00,100 גרם,false,,9.90,0.0198,true,1,108255
7290112964410,false,רוטב אלף האיים לסלט,אסם,IL,אסם,מיליליטרים,290.00,"100 מ""ל",false,,8.90,0.0307,true,1,109460
7290112964434,false,רוטב לסלט קיסר 290 מ,אסם,IL,אסם,מיליליטרים,290.00,"100 מ""ל",false,,8.90,0.0307,true,1,109461
7290112964458,false,רוטב וינגרט 290 מל,אסם,IL,אסם,מיליליטרים,290.00,"100 מ""ל",false,,8.90,0.0307,true,1,109462
7290112964472,false,רוטב שום לסלט 290 מל,אסם,IL,אסם,מיליליטרים,290.00,"100 מ""ל",false,,8.90,0.0307,true,1,109463
7290112964564,false,רוטב אלף האיים לייט,אסם,IL,אסם,מיליליטרים,290.00,"100 מ""ל",false,,8.90,0.0307,true,1,109465
7290112964601,false,רוטב בנוסח סצ'ואן 36,אסם,IL,אסם,גרמים,360.00,100 גרם,false,,12.90,0.0358,true,1,108624
7290112965103,false,קוסקוס עם ירקות 146,אסם,IL,אסם,גרמים,146.00,100 גרם,false,,10.90,0.0747,true,1,111800
7290112965165,false,זוג מרק נמס סוף פטרי,אסם,IL,אסם,גרמים,34.00,100 גרם,false,,5.50,0.1618,true,1,110257
7290112965660,false,פיטנס חטיף מולטיגריי,,IL,פיטנס חטיף מולטיגריי,גרמים,25.00,100 גרם,false,,4.90,0.1960,true,1,116244
7290112965684,false,פיטנס חטיף מולטיגריי,,IL,פיטנס חטיף מולטיגריי,גרמים,25.00,100 גרם,false,,4.90,0.1960,true,1,116245
7290112965707,false,פיטנס חטיף מולטיגריי,,IL,פיטנס חטיף מולטיגריי,גרמים,25.00,100 גרם,false,,4.90,0.1960,true,1,116246
7290112965868,false,קרם קרקר במליחות מעו,אסם,IL,אסם,גרמים,250.00,100 גרם,false,,8.90,0.0356,true,1,111804
7290112965943,false,טבעול נאגטס ירקות יר,טבעול ישראל,IL,טבעול נאגטס ירקות יר,גרמים,500.00,100 גרם,false,,29.90,0.0598,true,1,116461
7290112965967,false,טבעול נאגטס ירקות כת,טבעול ישראל,IL,טבעול נאגטס ירקות כת,גרמים,500.00,100 גרם,false,,29.90,0.0598,true,1,116462
7290112965981,false,ארוחת דגנים טבעול גו,טבעול ישראל,IL,ארוחת דגנים טבעול גו,גרמים,450.00,100 גרם,false,,34.90,0.0776,true,1,121605
7290112966094,false,עוגת הבית תפוז מופחת,אסם,IL,הבית,גרמים,400.00,100 גרם,false,,10.90,0.0273,true,1,111818
7290112966247,false,לחמית כוסמין 200 גרם,אסם,IL,לחמית,גרמים,200.00,100 גרם,false,,9.90,0.0495,true,1,113228
7290112966766,false,טחינה בלאדי עם חציל,צבר,IL,טחינה בלאדי עם חציל,גרמים,350.00,100 גרם,false,,14.90,0.0426,true,1,110881
7290112966803,false,פודינג אינסטנט שוקול,אסם,IL,אסם,גרמים,88.00,100 גרם,false,,5.50,0.0625,true,1,111812
7290112967114,false,חטיפי פריכיות דקות פ,אסם,IL,חטיפי פריכיות דקות פ,גרמים,60.00,100 גרם,false,,8.90,0.1483,true,1,112484
7290112967381,false,חטיפי פריכיות דקות פ,אסם,IL,חטיפי פריכיות דקות פ,גרמים,60.00,100 גרם,false,,8.90,0.1483,true,1,112485
7290112968203,false,טחינה בלאדי צבר 250,צבר,IL,טחינה בלאדי צבר 250,גרמים,250.00,100 גרם,false,,9.90,0.0396,true,1,112104
7290112968449,false,כרוב אדום צבר 250 גר,צבר,IL,כרוב אדום צבר 250 גר,גרמים,250.00,100 גרם,false,,9.90,0.0396,true,1,112105
7290112968807,false,קרקר דק סלק פיטנס 14,,CO,קרקר דק סלק פיטנס 14,גרמים,140.00,100 גרם,false,,11.90,0.0850,true,1,115970
7290112968821,false,קרקר דק בטטה פיטנס 1,,CO,קרקר דק בטטה פיטנס 1,גרמים,140.00,100 גרם,false,,11.90,0.0850,true,1,115971
7290112969071,false,פסטה פרפקטו רדיאטורי,זארה,IT,פרפקטו,גרמים,500.00,100 גרם,false,,9.90,0.0198,true,1,113227
7290113192300,false,חרוזית מושחר 560 גרם,בית השיטה,IL,בית השיטה,גרמים,560.00,100 גרם,false,,9.90,0.0177,true,1,113326
7290113192331,false,זית ירוק גדול 340 גר,בית השיטה,IL,בית השיטה,גרמים,340.00,100 גרם,false,,9.90,0.0291,true,1,113183
7290113192348,false,זית מנזולינו טעם שום,בית השיטה,IL,בית השיטה,גרמים,560.00,100 גרם,false,,9.90,0.0177,true,1,113328
7290113192355,false,חרוזית ירוק 560 גרם,בית השיטה,IL,בית השיטה,גרמים,560.00,100 גרם,false,,9.90,0.0177,true,1,112859
7290113192362,false,טבעות זיתים ירוקים 5,בית השיטה,IL,בית השיטה,גרמים,560.00,100 גרם,false,,10.90,0.0195,true,1,112860
7290113192379,false,זיתים ירוקים מבוקעים,בית השיטה,IL,בית השיטה,גרמים,560.00,100 גרם,false,,10.90,0.0195,true,1,113340
7290113192386,false,זית סורי מבוקע 560 ג,בית השיטה,IL,בית השיטה,גרמים,560.00,100 גרם,false,,9.90,0.0177,true,1,112861
7290113192393,false,קוקטייל זיתים 560 גר,בית השיטה,IL,בית השיטה,גרמים,560.00,100 גרם,false,,10.90,0.0195,true,1,113329
7290113192478,false,מלפפון במלח 12-10 56,בית השיטה,IL,בית השיטה,גרמים,560.00,100 גרם,false,,7.50,0.0134,true,1,113330
7290113192485,false,מלפפון בחומץ 12-10 5,בית השיטה,IL,בית השיטה,גרמים,560.00,100 גרם,false,,7.50,0.0134,true,1,113331
7290113192492,false,מלפפון בחומץ 17-13 5,בית השיטה,IL,בית השיטה,גרמים,560.00,100 גרם,false,,10.90,0.0195,true,1,113332
7290113192508,false,מלפפון מלח 17-13 560,בית השיטה,IL,בית השיטה,גרמים,560.00,100 גרם,false,,10.90,0.0195,true,1,113333
7290113192515,false,מלפפון במלח 18-25 56,בית השיטה,IL,בית השיטה,גרמים,560.00,100 גרם,false,,11.90,0.0213,true,1,113334
7290113192522,false,מלפפון בחומץ 25-18 5,בית השיטה,IL,בית השיטה,גרמים,560.00,100 גרם,false,,11.90,0.0213,true,1,113335
7290113192539,false,מלפפון מלח 7-9 560 ג,בית השיטה,IL,בית השיטה,גרמים,560.00,100 גרם,false,,6.50,0.0116,true,1,113336
7290113192546,false,מלפפון בחומץ 9-7 560,בית השיטה,IL,בית השיטה,גרמים,560.00,100 גרם,false,,6.50,0.0116,true,1,113352
7290113192553,false,מלפפון במלח בלאדי 13,בית השיטה,IL,מלפפון במלח בלאדי 13,גרמים,560.00,100 גרם,false,,10.90,0.0195,true,1,113344
7290113192577,false,כרוב כבוש 560 גרם,בית השיטה,IL,בית השיטה,גרמים,560.00,100 גרם,false,,7.50,0.0134,true,1,113339
7290113192881,false,טורטיה חיטה מופחתת ק,,,טורטיה חיטה מופחתת ק,גרמים,270.00,100 גרם,false,,9.90,0.0367,true,1,114341
7290113192997,false,זית שחור יבש בית השי,בית השיטה,IL,זית שחור יבש בית השי,גרמים,340.00,100 גרם,false,,12.90,0.0379,true,1,112772
7290113193000,false,פלפל שיפקונית בית הש,בית השיטה,IL,פלפל שיפקונית בית הש,גרמים,560.00,100 גרם,false,,10.90,0.0195,true,1,112773
7290113193017,false,קוקטייל זיתים חרוזית,בית השיטה,IL,קוקטייל זיתים חרוזית,גרמים,560.00,100 גרם,false,,11.90,0.0213,true,1,112774
7290113193031,false,חרוזית קלמטה 560 גרם,בית השיטה,IL,חרוזית קלמטה 560 גרם,גרמים,560.00,100 גרם,false,,11.90,0.0213,true,1,112775
7290113193321,false,בית השיטה שמן זית כת,בית השיטה,IL,בית השיטה שמן זית כת,מיליליטרים,750.00,"100 מ""ל",false,,29.90,0.0399,true,1,114583
7290113193369,false,תרסיס שמן קנולה מזוכ,פוד אירוסולס ספיין,ES,תרסיס שמן קנולה מזוכ,מיליליטרים,150.00,"100 מ""ל",false,,13.90,0.0927,true,1,117704
7290113193406,false,קוקטייל טבעות זיתים,בית השיטה,IL,קוקטייל טבעות זיתים,גרמים,560.00,100 גרם,false,,12.90,0.0230,true,1,112797
7290113194090,false,טבעות קלמטה 626 גרם,בית השיטה,IL,טבעות קלמטה 626 גרם,גרמים,626.00,100 גרם,false,,12.90,0.0206,true,1,116008
7290113194649,false,מלפפון חמוץ במלח קוב,בית השיטה עסיס תעשיו,IL,מלפפון חמוץ במלח קוב,גרמים,320.00,100 גרם,false,,6.90,0.0216,true,1,117551
7290113195042,false,מלפפון בכבישה ביתית,בית השיטה עסיס תעשיו,IL,מלפפון בכבישה ביתית,גרמים,750.00,100 גרם,false,,25.90,0.0345,true,1,117552
7290113196056,false,עוגת קראנץ מאפית,,,עוגת קראנץ מאפית,יחידה,0.00,יחידה,false,,24.90,0.0000,true,1,116090
7290113196063,false,לחם מחמצת מאפית,,,לחם מחמצת מאפית,יח',1.00,יח',false,,16.90,16.9000,true,1,116091
7290113196070,false,חלה מאפית,,,חלה מאפית,יחידה,0.00,יחידה,false,,10.90,0.0000,true,1,116092
7290113196087,false,בגט רוסטיק,,,בגט רוסטיק,יח',1.00,יח',false,,7.90,7.9000,true,1,116093
7290113196094,false,לחם איטלקי,,,לחם איטלקי,יחידה,0.00,יחידה,false,,5.90,0.0000,true,1,116094
7290113196100,false,באגט מאפית,,,באגט מאפית,יחידה,0.00,יחידה,false,,4.50,0.0000,true,1,116095
7290113196117,false,בייגלה מאפית,,,בייגלה מאפית,יחידה,0.00,יחידה,false,,4.30,0.0000,true,1,116096
7290113196124,false,חצי באגט מאפית,,,חצי באגט מאפית,יחידה,0.00,יחידה,false,,3.30,0.0000,true,1,116097
7290113196131,false,לחמניית המבורגר מאפי,,,לחמניית המבורגר מאפי,יחידה,0.00,יחידה,false,,2.90,0.0000,true,1,116098
7290113196148,false,לחמניה מאפית,,,לחמניה מאפית,יחידה,0.00,יחידה,false,,3.70,0.0000,true,1,116099
7290113196179,false,סופגניה מאפית,,,סופגניה מאפית,יחידה,0.00,יחידה,false,,3.90,0.0000,true,1,116101
7290113196186,false,דונאטס א. חלב נוכרי,,,דונאטס א. חלב נוכרי,יחידה,0.00,יחידה,false,,7.90,0.0000,true,1,116217
7290113196254,false,פיתות מאפית עבודת יד,,,פיתות מאפית עבודת יד,יח,10.00,יח,false,,13.50,1.3500,true,1,116105
7290113196292,false,מבצע מאפית 5 שח,,,מבצע מאפית 5 שח,יחידה,0.00,יחידה,false,,5.00,0.0000,true,1,116108
7290113196308,false,מבצע מאפית 10 שח,,,מבצע מאפית 10 שח,יחידה,0.00,יחידה,false,,10.00,0.0000,true,1,116109
7290113196315,false,מבצע מאפית 15 שח,,,מבצע מאפית 15 שח,יחידה,0.00,יחידה,false,,15.00,0.0000,true,1,116110
7290113196322,false,מבצע מאפית 20 שח,,,מבצע מאפית 20 שח,יחידה,0.00,יחידה,false,,20.00,0.0000,true,1,116111
7290113196414,false,"אורז בסמטי 1 ק""ג שקד",דאבה סינג שאם סינג,IN,"אורז בסמטי 1 ק""ג שקד",קילוגרמים,1.00,"ק""ג",false,,9.90,9.9000,true,1,122886
7290113196759,false,ירקות מעורבים 750 גר,בית השיטה עסיס תעשיו,IL,ירקות מעורבים 750 גר,גרמים,750.00,100 גרם,false,,27.90,0.0372,true,1,121955
7290113196964,false,ג'בטה איטלקית ב5.90,,,ג'בטה איטלקית ב5.90,יח,1.00,יח,false,,5.90,5.9000,true,1,117378
7290113197800,false,פלפל קלוי 680 גרם בי,,,פלפל קלוי 680 גרם בי,גרמים,680.00,100 גרם,false,,11.90,0.0175,true,1,122415
7290113197817,false,חציל קלוי 670 גרם בי,,,חציל קלוי 670 גרם בי,גרמים,670.00,100 גרם,false,,11.90,0.0178,true,1,122416
7290113199392,false,פריכיות כוסמת דקות ב,זנבר המכללה לטבעונות,IL,פריכיות כוסמת דקות ב,גרמים,90.00,100 גרם,false,,9.90,0.1100,true,1,124231
7290113199408,false,פריכיות כוסמין דקות,זנבר המכללה לטבעונות,IL,פריכיות כוסמין דקות,גרמים,95.00,100 גרם,false,,9.90,0.1042,true,1,124232
7290113251397,false,חלווה ללס 400 גרם,אבו נור,,חלווה ללס 400 גרם,גרמים,400.00,100 גרם,false,,19.90,0.0497,true,1,121979
7290113251519,false,חלווה קוקוס קלוי 400,אבו נור,,חלווה קוקוס קלוי 400,גרמים,400.00,100 גרם,false,,19.90,0.0497,true,1,122752
7290113284517,false,נייר טואלט בליסימו,,,נייר טואלט בליסימו,מטרים,576.00,מטר,false,,24.90,0.0432,true,1,120548
7290113300354,false,לה קט סטיק עוף 30 ג,,,לה קט סטיק עוף 30 ג,גרמים,30.00,100 גרם,false,,9.90,0.3300,true,1,126768
7290113302259,false,חטיף בונזו נאגטס בקר,,,חטיף בונזו נאגטס בקר,גרמים,80.00,100 גרם,false,,12.90,0.1613,true,1,115429
7290113302266,false,חטיף בונזו סטריפים ב,,,חטיף בונזו סטריפים ב,גרמים,80.00,100 גרם,false,,12.90,0.1613,true,1,115430
7290113302273,false,חטיף בונזו עצם קלציו,,,חטיף בונזו עצם קלציו,גרמים,80.00,100 גרם,false,,12.90,0.1613,true,1,115431
7290113302297,false,חטיף אנרגיה בונזו עו,,,חטיף אנרגיה בונזו עו,גרמים,80.00,100 גרם,false,,12.90,0.1613,true,1,115433
7290113302303,false,חטיף בונזו סטיקים עם,,,חטיף בונזו סטיקים עם,גרמים,80.00,100 גרם,false,,12.90,0.1613,true,1,115434
7290113302341,false,חטיפי בונזו עוף ואור,,,חטיפי בונזו עוף ואור,גרמים,80.00,100 גרם,false,,12.90,0.1613,true,1,114958
7290113302358,false,חטיפי בונזו בצורת סו,,,חטיפי בונזו בצורת סו,גרמים,80.00,100 גרם,false,,12.90,0.1613,true,1,114959
7290113303607,false,חטיף בונזו נגיסי עוף,,,חטיף בונזו נגיסי עוף,גרמים,80.00,100 גרם,false,,12.90,0.1613,true,1,120102
7290113303614,false,חטיף בונזו ברווז,,,חטיף בונזו ברווז,גרמים,80.00,100 גרם,false,,12.90,0.1613,true,1,120103
7290113560109,false,משחת שיניים פרודונטק,גלקסוסמיתקליין,SK,פרודונטקס,מיליליטרים,75.00,"100 מ""ל",false,,30.90,0.4120,true,1,116343
7290113560277,false,זוג מברשות שיניים סנ,,,זוג מברשות שיניים סנ,יח',2.00,יח',false,,29.90,14.9500,true,1,126208
7290113631496,false,פירורי לחם 350 גרם ב,מעדני גורמה,IL,פירורי לחם 350 גרם ב,גרמים,350.00,100 גרם,false,,10.90,0.0311,true,1,111157
7290113634770,false,אנטריקוט בורגר 880גר,משתנה,IL,אנטריקוט בורגר 880גר' גור,גרמים,880.00,100 גרם,false,,59.90,0.0681,true,1,115599
7290113634794,false,נקנקיות מרגז 500גר',משתנה,IL,נקנקיות מרגז 500גר' גורמה,גרמים,500.00,100 גרם,false,,34.90,0.0698,true,1,115601
7290113634800,false,קציצות קבבוש 900 גרם,משתנה,IL,קציצות קבבוש 900גרם מעדני,גרמים,900.00,100 גרם,false,,66.90,0.0743,true,1,115602
7290113634848,false,קבב קציצות ביתי 800,משתנה,IL,קבב קציצות ביתי 800גר' גו,גרמים,800.00,100 גרם,false,,54.90,0.0686,true,1,115606
7290113660311,false,"פחם ד` אפריקאי 2 ק""ג",קרקול,ZA,גריל גריל,קילוגרמים,2.00,"ק""ג",false,,21.90,10.9500,true,1,107787
7290113660595,false,8 יח' מיכל מלבני 650,,,8 יח' מיכל מלבני 650,יח',1.00,יח',false,,14.90,14.9000,true,1,107512
7290113660601,false,7 יח' מיכל מלבני 1 ל,,,7 יח' מיכל מלבני 1 ל,יח',1.00,יח',false,,14.90,14.9000,true,1,107513
7290113660625,false,4 יח' מיכל מלבני 2.5,,,4 יח' מיכל מלבני 2.5,יח',1.00,יח',false,,14.90,14.9000,true,1,107515
7290113660779,false,תבנית נייר מאפינס גד,קורקנט,CN,מנגט,יח',12.00,יח',false,,6.90,0.5750,true,1,110557
7290113660786,false,תבנית נייר מאפינס קט,קורקנט,CN,מנגט,יח',12.00,יח',false,,6.90,0.5750,true,1,110558
7290113660984,false,נייר לעטיפת סנדוויץ',מ.ב.נייר,IL,אמנון ותמר,יח',100.00,יח',false,,8.90,0.0890,true,1,106476
7290113662896,false,"צלחות 9"" בייסיק 50 י",,,"צלחות 9"" בייסיק 50 י",יח',50.00,יח',false,,18.90,0.3780,true,1,121376
7290114310215,false,שמנת מתוקה 38% 250 מ,טרה,IL,טרה,מיליליטרים,250.00,"100 מ""ל",false,,6.40,0.0256,true,1,113347
7290114310222,false,חלב מועשר בסידן וויט,מילקו,IL,טרה,ליטרים,1.50,ליטר,false,,10.90,7.2667,true,1,114669
7290114310239,false,חלב נטול לקטוז מועשר,מילקו,IL,טרה,ליטרים,1.50,ליטר,false,,10.90,7.2667,true,1,114670
7290114310246,false,גרנדה פדנו צ'אנק 125,מחלבת משק צוריאל,IL,צוריאל,גרמים,125.00,100 גרם,false,,18.90,0.1512,true,1,117282
7290114310338,false,צפתית מעודנת 5% בגבי,מחלבת משק צוריאל,IL,משק צוריאל,גרמים,225.00,100 גרם,false,,16.30,0.0724,true,1,117385
7290114310345,false,מו מעדן בטעם תות,טרה,IL,טרה,גרמים,125.00,100 גרם,false,,2.70,0.0216,true,1,115802
7290114310536,false,מולר אקטיב לייט יוגו,מילקו,IL,מולר,מיליליטרים,200.00,"100 מ""ל",false,,5.90,0.0295,true,1,117485
7290114310550,false,פטה עיזים מעודנת 5%,מחלבת משק צוריאל,IL,פטה עיזים מעודנת 5%,גרמים,200.00,100 גרם,false,,23.90,0.1195,true,1,117810
7290114310567,false,*מבצע* לאבנה עיזים 5,מחלבת משק צוריאל,IL,*מבצע* לאבנה עיזים 5,גרמים,200.00,100 גרם,false,,10.90,0.0545,true,1,117811
7290114310611,false,משקה חלב בננה בבקבוק,טרה,IL,טרה,מיליליטרים,250.00,"100 מ""ל",false,,5.30,0.0212,true,1,117808
7290114310895,false,מאגדת שמינייה מנגו ו,טרה,IL,MULLER,קילוגרמים,1.20,"ק""ג",false,,29.90,24.9167,true,1,119057
7290114310963,false,יוגורט עיזים בדלי 3.,טרה,IL,יוגורט עיזים בדלי 3.,גרמים,500.00,100 גרם,false,,14.90,0.0298,true,1,120042
7290114311014,false,משקה אייס קפוצ'ינו 2,טרה,IL,טרה,מיליליטרים,250.00,"100 מ""ל",false,,5.30,0.0212,true,1,122072
7290114311021,false,משקה וניל עוגיות 250,טרה,IL,טרה,מיליליטרים,250.00,"100 מ""ל",false,,5.30,0.0212,true,1,122073
7290114311038,false,שמנת מתוקה להקצפה 32,טרה,IL,שמנת מתוקה להקצפה 32,מיליליטרים,250.00,"100 מ""ל",false,,6.90,0.0276,true,1,122085
7290114311069,false,Muller Active יוגורט,מילקו,IL,מולר,גרמים,200.00,100 גרם,false,,5.50,0.0275,true,1,121355
7290114311298,false,Muller Froop תות 150,טרה,IL,MULLER,גרמים,150.00,100 גרם,false,,4.80,0.0320,true,1,124136
7290114311359,false,Muller Froop תות 150,טרה,IL,MULLER,גרמים,150.00,100 גרם,false,,4.80,0.0320,true,1,124138
7290114311458,false,חלב3 ליטר מועשר ויטמ,טרה,IL,חלב טרה,ליטרים,1.00,ליטר,false,,7.40,7.4000,true,1,125078
7290114600927,false,*מבצע* מאסטר שף עלי,אלקאטי קורביישיסי,TR,מאסטר שף,גרמים,320.00,100 גרם,false,,7.90,0.0247,true,1,115857
7290114600941,false,מאסטר שף מיונז לחיץ,Remia,NL,מאסטר שף,מיליליטרים,435.00,"100 מ""ל",false,,12.90,0.0297,true,1,114736
7290114602778,false,פרי סלייסים צ'יפס יר,פלפר אפרטיבוס,ES,פרי סלייסים צ'יפס יר,גרמים,90.00,100 גרם,false,,12.90,0.1433,true,1,118296
7290114603508,false,מאסטר שף רוטב להקפצה,סיטי פוד,TH,מנה,מיליליטרים,300.00,"100 מ""ל",false,,7.90,0.0263,true,1,115858
7290114603768,false,אג'קס שירותים 750 מל,cp,FR,אג'קס,מיליליטרים,1500.00,"100 מ""ל",false,,24.90,0.0166,true,1,114737
7290114604895,false,מאסטר שף ממרח ספייסי,Remia,NL,מאסטר שף,גרמים,446.00,100 גרם,false,,12.90,0.0289,true,1,118118
7290114604901,false,מאסטר שף ממרח שום לח,Remia,NL,מאסטר שף,גרמים,444.00,100 גרם,false,,12.90,0.0291,true,1,118119
7290114604925,false,קרם קוקוס לייט מאסטר,תאי קוקנאט קו לטידי,TH,מנה מאסטר שף,מיליליטרים,400.00,"100 מ""ל",false,,8.90,0.0223,true,1,119246
7290114604932,false,*מבצע* רוטב ברביקיו,Remia,NL,*מבצע* רוטב ברביקיו,גרמים,520.00,100 גרם,false,,10.90,0.0210,true,1,119258
7290114604963,false,מאסטר שף פירורים מתו,EinatFood,IL,מנה,גרמים,230.00,100 גרם,false,,6.90,0.0300,true,1,117750
7290114606530,false,מאסטר שף רוטב בטעם מ,Remia,NL,מאסטר שף,גרמים,515.00,100 גרם,false,,12.90,0.0250,true,1,118120
7290114606547,false,מאסטר שף מיונז עם פט,Remia,NL,מאסטר שף,גרמים,242.00,100 גרם,false,,12.90,0.0533,true,1,118121
7290114606554,false,מאסטר שף מיונז לייט,Remia,NL,מאסטר שף,גרמים,470.00,100 גרם,false,,12.90,0.0274,true,1,118122
7290114606561,false,אטריות אורז דקות מאס,ליינג טונג רייס פלוו,TH,מנה מאסטר שף,גרמים,400.00,100 גרם,false,,7.90,0.0198,true,1,119247
7290114606578,false,שקדי מרק מאסטר שף 40,מנה,IL,שקדי מרק מאסטר שף 40,גרמים,400.00,100 גרם,false,,10.90,0.0273,true,1,119039
7290114651806,false,בקבוק טריטן עם צמידי,,,בקבוק טריטן עם צמידי,יח,1.00,יח,false,,24.90,24.9000,true,1,111120
7290114653183,false,קופסת אוכל מחולקת לו,,,קופסת אוכל מחולקת לו,יח',1.00,יח',false,,9.90,9.9000,true,1,125246
7290114821469,false,דג שיבוט מעושן במיץ,BORNHOLMS,DK,אופיסר,גרמים,120.00,100 גרם,false,,13.90,0.1158,true,1,117409
7290115073676,false,מסכות 50 יח',,,מסכות 50 יח',יח',50.00,יח',false,,7.90,0.1580,true,1,118749
7290115077131,false,מארז מסכה חד פעמית ל,,,מארז מסכה חד פעמית ל,יח',1.00,יח',false,,9.90,9.9000,true,1,119556
7290115077292,false,בקבוק טריטן עם צמידי,,,בקבוק טריטן עם צמידי,יח',1.00,יח',false,,24.90,24.9000,true,1,125749
7290115200003,false,פתי בר פינוקי וניל 2,אסם,PL,אסם,גרמים,220.00,100 גרם,false,,9.90,0.0450,true,1,115366
7290115200027,false,פתי בר פינוקי שוקו 2,אסם,PL,אסם,גרמים,220.00,100 גרם,false,,9.90,0.0450,true,1,115367
7290115200676,false,קרמוגית במילוי קרמל,אסם,IL,אסם,גרמים,200.00,100 גרם,false,,9.90,0.0495,true,1,115972
7290115200713,false,מארז במבה 5*50 גרם,,IL,מארז במבה 5*50 גרם,גרמים,250.00,100 גרם,false,,11.90,0.0476,true,1,115368
7290115200782,false,חמישיית פיתות מאפית,,,חמישיית פיתות מאפית,יח,5.00,יח,false,,6.90,1.3800,true,1,118175
7290115200881,false,בייגלה שטוחים שומשום,אסם,IL,אסם,גרמים,300.00,100 גרם,false,,10.90,0.0363,true,1,116504
7290115201031,false,פתי בר דובי שוקולד 1,אסם,PL,אסם,גרמים,175.00,100 גרם,false,,9.90,0.0566,true,1,117756
7290115201451,false,לביבות בטטה קארי טבע,טבעול ישראל,IL,לביבות בטטה קארי טבע,גרמים,455.00,100 גרם,false,,34.90,0.0767,true,1,122411
7290115201475,false,לביבות כרישה טבעול ג,טבעול ישראל,IL,לביבות כרישה טבעול ג,גרמים,434.00,100 גרם,false,,34.90,0.0804,true,1,122412
7290115201536,false,"לביבות כרובית ותפו""א",טבעול ישראל,IL,"לביבות כרובית ותפו""א",גרמים,442.00,100 גרם,false,,34.90,0.0790,true,1,122413
7290115201680,false,ביסלי ברביקיו 70 גרם,אסם,IL,ביסלי,גרמים,67.00,100 גרם,false,,3.90,0.0582,true,1,115935
7290115201703,false,ביסלי ברביקיו 200 גר,אסם,IL,ביסלי,גרמים,200.00,100 גרם,false,,6.90,0.0345,true,1,115936
7290115201727,false,ביסלי בצל 200 גרם,אסם,IL,ביסלי,גרמים,200.00,100 גרם,false,,6.90,0.0345,true,1,115937
7290115202212,false,לביבות סלק טבעול גור,טבעול ישראל,IL,לביבות סלק טבעול גור,גרמים,434.00,100 גרם,false,,34.90,0.0804,true,1,122414
7290115202236,false,טופו קראנצים טבעול 4,טבעול ישראל,IL,טופו קראנצים טבעול 4,גרמים,470.00,100 גרם,false,,29.90,0.0636,true,1,120010
7290115202434,false,חומוס צבר עם זעתר 37,צבר,IL,סלטי צבר,גרמים,375.00,100 גרם,false,,11.90,0.0317,true,1,117519
7290115202786,false,מנה חמה פאוצ' נודלס,אסם,IL,מנה חמה פאוצ' נודלס,גרמים,70.00,100 גרם,false,,3.90,0.0557,true,1,118078
7290115202816,false,מנה חמה פאוצ' נודלס,אסם,IL,מנה חמה פאוצ' נודלס,גרמים,70.00,100 גרם,false,,3.90,0.0557,true,1,118079
7290115202847,false,מנה חמה פאוצ' נודלס,אסם,IL,מנה חמה פאוצ' נודלס,גרמים,70.00,100 גרם,false,,3.90,0.0557,true,1,118080
7290115202939,false,מנה חמה רייס נודלס,תאי פרזידנט מזון,TH,מנה חמה רייס נודלס,גרמים,50.00,100 גרם,false,,6.90,0.1380,true,1,120140
7290115202977,false,מנה חמה רייס נודלס,תאי פרזידנט מזון,TH,מנה חמה רייס נודלס,גרמים,50.00,100 גרם,false,,6.90,0.1380,true,1,120142
7290115203134,false,פופקו במבה 80 גרם,אסם,IL,פופקו,גרמים,80.00,100 גרם,false,,4.50,0.0563,true,1,118324
7290115203295,false,פסטה פרפקטו ריציאולי,זארה,IT,פרפקטו,גרמים,500.00,100 גרם,false,,9.90,0.0198,true,1,118064
7290115203486,false,פירורית בטעם ביסלי ג,עינת תעשיות מזון אגו,IL,אסם,גרמים,200.00,100 גרם,false,,5.90,0.0295,true,1,117956
7290115203806,false,רוטב בסיסי לבישול 29,אסם,IL,אסם,מיליליטרים,290.00,"100 מ""ל",false,,12.90,0.0445,true,1,119597
7290115203905,false,עשריית פיתות כוסמין,,,עשריית פיתות כוסמין,יח,10.00,יח,false,,15.00,1.5000,true,1,121036
7290115204056,false,קטשופ מופחת סוכר 690,אסם,IL,אסם,גרמים,690.00,100 גרם,false,,9.90,0.0143,true,1,117545
7290115204131,false,סחוג ירוק צבר 190 גר,צבר,IL,סחוג ירוק צבר 190 גר,גרמים,190.00,100 גרם,false,,10.90,0.0574,true,1,121043
7290115204155,false,סחוג אדום צבר 190 גר,צבר,IL,סחוג אדום צבר 190 גר,גרמים,190.00,100 גרם,false,,10.90,0.0574,true,1,121044
7290115204186,false,פסטו 190 גרם,צבר,IL,פסטו 190 גרם,גרמים,190.00,100 גרם,false,,14.90,0.0784,true,1,121041
7290115205176,false,קרקר דק כפרי פיטנס 1,,CO,קרקר דק כפרי פיטנס 1,גרמים,140.00,100 גרם,false,,11.90,0.0850,true,1,119765
7290115205251,false,פיטנס בר פריכיות קרמ,,,פיטנס בר פריכיות קרמ,גרמים,84.00,100 גרם,false,,11.90,0.1417,true,1,126351
7290115205312,false,קרקר דק זיתים פיטנס,,CO,קרקר דק זיתים פיטנס,גרמים,140.00,100 גרם,false,,11.90,0.0850,true,1,122402
7290115205527,false,פיטנס חטיף מולטיגריי,,IL,פיטנס חטיף מולטיגריי,גרמים,25.00,100 גרם,false,,4.90,0.1960,true,1,123901
7290115205541,false,פיטנס חטיף מולטיגריי,,IL,פיטנס חטיף מולטיגריי,גרמים,25.00,100 גרם,false,,4.90,0.1960,true,1,123902
7290115205978,false,פתי בר אצבעות שוקולד,אסם,PL,אסם,גרמים,180.00,100 גרם,false,,9.90,0.0550,true,1,121252
7290115206135,false,ארוחת קינואה טבעול ג,טבעול ישראל,IL,ארוחת קינואה טבעול ג,גרמים,450.00,100 גרם,false,,34.90,0.0776,true,1,121613
7290115207484,false,צבר חציל על האש 360,צבר,IL,סלטי צבר,גרמים,360.00,100 גרם,false,,14.90,0.0414,true,1,120944
7290115207507,false,צבר סלט טורקי 360 גר,צבר,IL,סלטי צבר,גרמים,360.00,100 גרם,false,,14.90,0.0414,true,1,120945
7290115207620,false,רוטב סויה קלאסי 290,אסם,IL,אסם,מיליליטרים,290.00,"100 מ""ל",false,,12.90,0.0445,true,1,122405
7290115207682,false,רוטב סויה בסגנון סינ,אסם,IL,אסם,מיליליטרים,290.00,"100 מ""ל",false,,8.90,0.0307,true,1,122407
7290115207941,false,ויטמינציק אננס 1 ליט,אסם,IL,ויטמינציק אננס 1 ליט,ליטרים,1.00,ליטר,false,,21.90,21.9000,true,1,121053
7290115207989,false,ויטמינציק לימון 1 לי,אסם,IL,ויטמינציק לימון 1 לי,ליטרים,1.00,ליטר,false,,21.90,21.9000,true,1,121055
7290115208009,false,ויטמינציק ענבים 1 לי,אסם,IL,ויטמינציק ענבים 1 לי,ליטרים,1.00,ליטר,false,,21.90,21.9000,true,1,121056
7290115208047,false,ויטמינציק פטל  1 ליט,אסם,IL,ויטמינציק פטל  1 ליט,ליטרים,1.00,ליטר,false,,21.90,21.9000,true,1,121057
7290115208061,false,ויטמינציק תפוח 1 ליט,אסם,IL,ויטמינציק תפוח 1 ליט,ליטרים,1.00,ליטר,false,,21.90,21.9000,true,1,121058
7290115208344,false,בייגלה כפיות שמנת בצ,אסם,IL,אסם,גרמים,300.00,100 גרם,false,,10.90,0.0363,true,1,125289
7290115208566,false,קרמוגית מיניס קרם בי,אסם,IL,אסם,גרמים,200.00,100 גרם,false,,9.90,0.0495,true,1,124114
7290115208597,false,קרמוגית מיניס קרמל מ,אסם,IL,אסם,גרמים,200.00,100 גרם,false,,9.90,0.0495,true,1,124115
7290115208801,false,לחמית דבש ואגוזים 19,אסם,IL,לחמית,גרמים,190.00,100 גרם,false,,9.90,0.0521,true,1,125290
7290115209198,false,במבה אוורירית 80 גרם,אסם,IL,במבה,גרמים,80.00,100 גרם,false,,3.90,0.0487,true,1,123905
7290115209235,false,פתי בר קפה 500 גרם,אסם,IL,אסם,גרמים,500.00,100 גרם,false,,9.90,0.0198,true,1,126353
7290115480009,false,סוד מרכך מרוכז פרש ק,הנקל סוד,IL,סוד,מיליליטרים,900.00,"100 מ""ל",false,,11.90,0.0132,true,1,120562
7290115670684,false,גרנולה אגוזים 400 גר,אמקו ספול אס,CZ,גרנולה אגוזים 400 גר,גרמים,400.00,100 גרם,false,,13.90,0.0348,true,1,117998
7290115670707,false,גרנולה שוקולד ואגוזי,אמקו ספול אס,CZ,גרנולה שוקולד ואגוזי,גרמים,400.00,100 גרם,false,,13.90,0.0348,true,1,117999
7290115671155,false,שלשיית סוכריות פרש ע,הליקון גידה,TR,עלית,גרמים,45.00,100 גרם,false,,7.90,0.1756,true,1,120601
7290115671339,false,מיני פינוקיות בראוני,הגביע,IL,עלית,גרמים,180.00,100 גרם,false,,9.90,0.0550,true,1,120563
7290115671346,false,מיני פינוקיות טופי ק,הגביע,IL,עלית,גרמים,180.00,100 גרם,false,,9.90,0.0550,true,1,120564
7290115675559,false,קפה טורקי לדרך עלית,שטראוס קפה בי.וי,IL,קפה טורקי לדרך עלית,גרמים,70.00,100 גרם,false,,7.90,0.1129,true,1,121174
7290115675696,false,*מבצע* קוואקר אגוזים,BEVERAGES FOODS & SE,US,קוואקר,גרמים,375.00,100 גרם,false,,16.90,0.0451,true,1,118761
7290115675702,false,*מבצע* קוואקר פירות,BEVERAGES FOODS & SE,US,קוואקר,גרמים,375.00,100 גרם,false,,16.90,0.0451,true,1,118762
7290115675719,false,*מבצע* קוואקר שוקולד,BEVERAGES FOODS & SE,US,קוואקר,גרמים,375.00,100 גרם,false,,16.90,0.0451,true,1,118960
7290115675986,false,דנונה בר עם אגוזים מ,שטראוס גרופ,IL,שטראוס,גרמים,173.00,100 גרם,false,,4.30,0.0249,true,1,116690
7290115676037,false,דנונה ריפרש תות דומד,שטראוס,IL,דנונה ריפרש תות דומד,גרמים,250.00,100 גרם,false,,5.50,0.0220,true,1,118198
7290115676082,false,משקה דנונה פרו 20 תו,שטראוס,IL,משקה דנונה פרו 20 תו,גרמים,255.00,100 גרם,false,,6.90,0.0271,true,1,118200
7290115676273,false,קקאו עלית 500 גרם+10,שטראוס גרופ,IL,עלית,גרמים,550.00,100 גרם,false,,23.90,0.0435,true,1,118006
7290115676693,false,תפוציפס מלח חומץ 50,שטראוס פריטו ליי (מל,IL,עלית,גרמים,50.00,100 גרם,false,,3.50,0.0700,true,1,123876
7290115677089,false,קונפיטורת תפוח וקינמ,"בית אל מזון בע""מ",IL,יד מרדכי,גרמים,340.00,100 גרם,false,,11.90,0.0350,true,1,119008
7290115677362,false,*מבצע* נודלס טריאקי,ניר עציון,IL,*מבצע* נודלס טריאקי,גרמים,350.00,100 גרם,false,,21.90,0.0626,true,1,119948
7290115677423,false,*מבצע* אורז קארי ירו,ניר עציון,IL,*מבצע* אורז קארי ירו,גרמים,350.00,100 גרם,false,,21.90,0.0626,true,1,119950
7290115677966,false,ממרח אבוקדו,ג'י. אר. סימפלוט,MX,ממרח אבוקדו,גרמים,200.00,100 גרם,false,,14.90,0.0745,true,1,119275
7290115678222,false,מארז יוגורט יווני שמ,שטראוס,IL,מארז יוגורט יווני שמ,גרמים,1040.00,100 גרם,false,,24.90,0.0239,true,1,118202
7290115678376,false,מעדן הגולן שוקולד 12,שטראוס,IL,מעדן הגולן שוקולד 12,גרמים,125.00,100 גרם,false,,2.90,0.0232,true,1,118865
7290115678383,false,מעדן הגולן שוקולד מר,שטראוס,IL,מעדן הגולן שוקולד מר,גרמים,125.00,100 גרם,false,,2.90,0.0232,true,1,118869
7290115678598,false,חסה אייסברג חתוך גס,שטראוס גרופ,IL,שטראוס,גרמים,300.00,100 גרם,false,,9.90,0.0330,true,1,119708
7290115678970,false,שלישיית סוכריות בטעם,הליקון גידה,TR,שלישיית סוכריות בטעם,גרמים,45.00,100 גרם,false,,8.90,0.1978,true,1,119006
7290116071480,false,כבל אייפון,,,כבל אייפון,יחידה,0.00,יחידה,false,,14.90,0.0000,true,1,115735
7290116071497,false,כבל 1M TYPE C NEW VI,,,כבל 1M TYPE C NEW VI,יחידה,0.00,יחידה,false,,19.90,0.0000,true,1,115746
7290116071503,false,כבל 1M MICRO USB NEW,,,כבל 1M MICRO USB NEW,יחידה,0.00,יחידה,false,,14.90,0.0000,true,1,115747
7290116071510,false,כבל 1M AUX NEW VIMAX,,,כבל 1M AUX NEW VIMAX,יחידה,0.00,יחידה,false,,14.90,0.0000,true,1,115748
7290116071527,false,כבל 2M iPhone NEW VI,,,כבל 2M iPhone NEW VI,יחידה,0.00,יחידה,false,,29.90,0.0000,true,1,115749
7290116071534,false,כבל 2M TYPE C NEW VI,,,כבל 2M TYPE C NEW VI,יחידה,0.00,יחידה,false,,29.90,0.0000,true,1,115750
7290116071558,false,כבל USB 3IN1 NEW VIM,,,כבל USB 3IN1 NEW VIM,יחידה,0.00,יחידה,false,,19.90,0.0000,true,1,115752
7290116071565,false,אוזניה NEW VIMAX דגם,,,אוזניה NEW VIMAX דגם,יחידה,0.00,יחידה,false,,29.90,0.0000,true,1,115753
7290116071572,false,אוזניה NEW VIMAX דגם,,,אוזניה NEW VIMAX דגם,יחידה,0.00,יחידה,false,,19.90,0.0000,true,1,115754
7290116071596,false,אוזניה MUSIC NEW VIM,,,אוזניה MUSIC NEW VIM,יחידה,0.00,יחידה,false,,19.90,0.0000,true,1,115756
7290116071732,false,מטען קיר NEW VIMAX ר,,,מטען קיר NEW VIMAX ר,יחידה,0.00,יחידה,false,,49.90,0.0000,true,1,115770
7290116071749,false,מטען קיר NEW VIMAX ר,,,מטען קיר NEW VIMAX ר,יחידה,0.00,יחידה,false,,49.90,0.0000,true,1,115771
7290116071756,false,מטען רכב NEW VIMAX ר,,,מטען רכב NEW VIMAX ר,יחידה,0.00,יחידה,false,,24.90,0.0000,true,1,115772
7290116073064,false,מטען רכב NEW VIMAX ר,,,מטען רכב NEW VIMAX ר,יח',1.00,יח',false,,54.90,54.9000,true,1,121709
7290116073187,false,כבל 1.2M לבן,,,כבל 1.2M לבן,יחידה,0.00,יחידה,false,,19.90,0.0000,true,1,119472
7290116073194,false,כבל 1.2M לבן,,,כבל 1.2M לבן,יחידה,0.00,יחידה,false,,19.90,0.0000,true,1,119473
7290116513997,false,גרבי גבר חמישיה,,,גרבי גבר חמישיה,1,5.00,1,false,,9.90,1.9800,true,1,127276
7290116514000,false,גרבי נשים חמישיה,,,גרבי נשים חמישיה,1,5.00,1,false,,9.90,1.9800,true,1,127266
7290116514918,false,גרבי גבר חורף,,,גרבי גבר חורף,1,2.00,1,false,,19.90,9.9500,true,1,127267
7290116514963,false,גרבי נשים חורף,,,גרבי נשים חורף,1,2.00,1,false,,19.90,9.9500,true,1,127270
7290116514987,false,גרבי נשים חורף,,,גרבי נשים חורף,1,2.00,1,false,,19.90,9.9500,true,1,127271
7290116530000,false,תרחיץ פנים דאב מלפפו,אתר ליוור - HPC,IL,DOVE,מיליליטרים,180.00,"100 מ""ל",false,,16.90,0.0939,true,1,125483
7290116530062,false,הלמנ'ס רוטב ויניגרט,אתר חיפה ממרחים - Fo,IL,HELLMANNS,גרמים,295.00,100 גרם,false,,9.90,0.0336,true,1,118592
7290116530161,false,פינוק תחליב רחצה שיי,אתר ליוור - HPC,IL,PINUK,מיליליטרים,700.00,"100 מ""ל",false,,9.90,0.0141,true,1,117906
7290116530185,false,*מבצע* דלישקד תלמה 4,אתר שפע - Food,IL,TELMA,גרמים,400.00,100 גרם,false,,19.90,0.0497,true,1,119096
7290116530482,false,מארז קורנפלקס של אלו,תלמה,IL,מארז קורנפלקס של אלו,גרמים,150.00,100 גרם,false,,12.90,0.0860,true,1,119097
7290116530871,false,נשנושים מיקס 240 גרם,אתר בייגל - Food,IL,B&B,גרמים,240.00,100 גרם,false,,11.90,0.0496,true,1,117903
7290116531021,false,שוקולד חלב ורד הגליל,גלובל פודס - דרלינגט,GB,שוקולד חלב ורד הגליל,גרמים,100.00,100 גרם,false,,4.90,0.0490,true,1,119858
7290116531045,false,דליפקאן ללא גלוטן כש,מולינו ניקולי,IT,דליפקאן ללא גלוטן כש,גרמים,350.00,100 גרם,false,,21.90,0.0626,true,1,121599
7290116531069,false,*מבצע* מרק בצל קנור,יוניליוור,IL,*מבצע* מרק בצל קנור,גרמים,225.00,100 גרם,false,,14.90,0.0662,true,1,120512
7290116531076,false,*מבצע* מרק פטריות קנ,יוניליוור,IL,*מבצע* מרק פטריות קנ,גרמים,225.00,100 גרם,false,,14.90,0.0662,true,1,120513
7290116531083,false,ברנפלקס ללא תוספת סו,אתר שפע - Food,IL,TELMA,גרמים,500.00,100 גרם,false,,19.90,0.0398,true,1,119851
7290116531090,false,חטיף אפוי במליחות עד,בייגל את בייגל מזון,IL,חטיף אפוי במליחות עד,גרמים,250.00,100 גרם,false,,9.90,0.0396,true,1,120514
7290116531243,false,שמפו  ומרכך 2ב1  למנ,אתר ליוור - HPC,IL,פינוק,מיליליטרים,700.00,"100 מ""ל",false,,11.90,0.0170,true,1,120002
7290116531328,false,קליק בלאק&וויט שוקול,אתר צפת חטיפים - Foo,IL,KLIK,גרמים,35.00,100 גרם,false,,3.90,0.1114,true,1,122430
7290116531496,false,דגנים פריכים מצופים,נבסיז,LT,דגנים פריכים מצופים,גרמים,375.00,100 גרם,false,,19.90,0.0531,true,1,121654
7290116531557,false,מאגדת פתית פריכיות ת,גוד פוד פרודקטס,PL,מאגדת פתית פריכיות ת,גרמים,150.00,100 גרם,false,,11.90,0.0793,true,1,120920
7290116531762,false,*מבצע* בדין דפי מרכך,"קלינטסט - 3p ארה""ב",US,BADIN,יח',40.00,יח',false,,14.90,0.3725,true,1,120922
7290116531779,false,*מבצע* בדין דפי מרכך,"קלינטסט - 3p ארה""ב",US,BADIN,יח',40.00,יח',false,,14.90,0.3725,true,1,120923
7290116531854,false,תחליב רחצה שייק קיוו,אתר ליוור - HPC,IL,PINUK,מיליליטרים,700.00,"100 מ""ל",false,,9.90,0.0141,true,1,121889
7290116531885,false,מיונז טבעוני הלמנס 5,יוניליוור,IL,מיונז טבעוני הלמנס 5,גרמים,500.00,100 גרם,false,,12.90,0.0258,true,1,124857
7290116531939,false,קרמיסימו גלידונית 60,גלידות שטראוס,IL,קרמיסימו,מיליליטרים,955.00,"100 מ""ל",false,,49.90,0.0523,true,1,122603
7290116532264,false,מאגדת גודיז פרי אפרס,גלידות שטראוס,IL,שטראוס,גרמים,300.00,100 גרם,false,,21.90,0.0730,true,1,122604
7290116532400,false,בייגל בייגל כעכים מל,בייגל בייגל,IL,בייגל בייגל כעכים מל,גרמים,235.00,100 גרם,false,,5.90,0.0251,true,1,123598
7290116532462,false,גלידת פיינט קליק  שו,גלידות שטראוס,IL,גלידת פיינט קליק  שו,מיליליטרים,520.00,"100 מ""ל",false,,21.90,0.0421,true,1,123661
7290116532622,false,פינוק מרכך בתוספת תמ,אתר ליוור - HPC,IL,PINUK,מיליליטרים,700.00,"100 מ""ל",false,,11.90,0.0170,true,1,122704
7290116532721,false,הלמנס לסלט לימון וזע,אתר חיפה ממרחים - Fo,IL,HELLMANNS,גרמים,295.00,100 גרם,false,,9.90,0.0336,true,1,125486
7290116532738,false,הלמנס לסלט רוטב איטל,אתר חיפה ממרחים - Fo,IL,HELLMANNS,גרמים,295.00,100 גרם,false,,9.90,0.0336,true,1,125487
7290116532769,false,גרנולה פרוטאין תפוח,תלמה,IL,גרנולה פרוטאין תפוח,גרמים,300.00,100 גרם,false,,15.90,0.0530,true,1,124852
7290116532899,false,נשנושים איירביס פלאפ,אתר בייגל - Food,IL,B&B,גרמים,155.00,100 גרם,false,,11.90,0.0768,true,1,126845
7290116533063,false,שוגי קרטיב ענבים 400,אתר שפע - Food,IL,TELMA,גרמים,400.00,100 גרם,false,,19.90,0.0497,true,1,123200
7290116533216,false,*מבצע* מרק ירקות קנו,יוניליוור,IL,*מבצע* מרק ירקות קנו,גרמים,235.00,100 גרם,false,,14.90,0.0634,true,1,125488
7290116850061,false,מגב לשיש מתכת להב גו,,,מגב לשיש מתכת להב גו,יח',1.00,יח',false,,16.90,16.9000,true,1,119666
7290116850146,false,משחיז סכינים,,,משחיז סכינים,יח',1.00,יח',false,,24.90,24.9000,true,1,119668
7290116850245,false,מסננת סיליקון מרובעת,,,מסננת סיליקון מרובעת,יח',1.00,יח',false,,16.90,16.9000,true,1,118372
7290116850252,false,מסננת סיליקון עגולה,,,מסננת סיליקון עגולה,יח',1.00,יח',false,,16.90,16.9000,true,1,118373
7290116850269,false,מתלה קיר נדבק 5 ווים,,,מתלה קיר נדבק 5 ווים,יח',1.00,יח',false,,13.90,13.9000,true,1,119669
7290116850535,false,תבנית אפיה ממתכת 37X,,,תבנית אפיה ממתכת 37X,יח',1.00,יח',false,,27.90,27.9000,true,1,119674
7290116850573,false,מקלף פלסטיק,,,מקלף פלסטיק,יח',1.00,יח',false,,9.90,9.9000,true,1,119677
7290116850597,false,סכין שף קצר,,,סכין שף קצר,יח',1.00,יח',false,,9.90,9.9000,true,1,120027
7290116851310,false,נטלה נירוסטה אל חלד,,,נטלה נירוסטה אל חלד,יח',1.00,יח',false,,19.90,19.9000,true,1,123566
7290116851365,false,יעה+מקל,,,יעה+מקל,יח',1.00,יח',false,,13.90,13.9000,true,1,120540
7290116851372,false,כף אשפה קטן,,,כף אשפה קטן,יח',1.00,יח',false,,5.90,5.9000,true,1,120541
7290116851785,false,סוחט לימונים ידני,,,סוחט לימונים ידני,יח',1.00,יח',false,,24.90,24.9000,true,1,123568
7290116915807,false,בקבוק טריטן עם צמידי,,,בקבוק טריטן עם צמידי,יח,1.00,יח,false,,24.90,24.9000,true,1,125267
7290116930022,false,חטיף חלבון GO קרם עו,בלמונט קונפקציות,US,חטיף חלבון GO קרם עו,גרמים,60.00,100 גרם,false,,11.90,0.1983,true,1,123511
7290116930282,false,ארוחה בקטנה לאבנה עם,תנובה,IL,ארוחה בקטנה לאבנה עם,גרמים,150.00,100 גרם,false,,7.50,0.0500,true,1,124692
7290116930435,false,יוגורט גו סמיך 0% דו,תנובה,IL,יוגורט גו סמיך 0% דו,גרמים,200.00,100 גרם,false,,5.90,0.0295,true,1,122198
7290116930459,false,יופלה שייק מנגו בננה,קבוצת המזון אקטשלאר,IL,יופלה שייק מנגו בננה,מיליליטרים,230.00,"100 מ""ל",false,,7.90,0.0343,true,1,123057
7290116930466,false,יופלה שייק מנגו בננה,קבוצת המזון אקטשלאר,IL,יופלה שייק מנגו בננה,מיליליטרים,230.00,"100 מ""ל",false,,7.90,0.0343,true,1,123058
7290116930480,false,יופלה שייק בננה קיוו,קבוצת המזון אקטשלאר,IL,יופלה שייק בננה קיוו,מיליליטרים,230.00,"100 מ""ל",false,,7.90,0.0343,true,1,123059
7290116930558,false,משקה תה קר עם חלב בט,תנובה,IL,משקה תה קר עם חלב בט,מיליליטרים,230.00,"100 מ""ל",false,,6.90,0.0300,true,1,123065
7290116930565,false,משקה תה קר עם חלב בט,תנובה,IL,משקה תה קר עם חלב בט,מיליליטרים,230.00,"100 מ""ל",false,,6.90,0.0300,true,1,123066
7290116930626,false,ארוחה בקטנה ציזיקי ע,תנובה,IL,ארוחה בקטנה ציזיקי ע,גרמים,150.00,100 גרם,false,,7.50,0.0500,true,1,124693
7290116930701,false,מעדן חלב גו בטעם קרמ,תנובה,IL,מעדן חלב גו בטעם קרמ,גרמים,120.00,100 גרם,false,,4.50,0.0375,true,1,123053
7290116930725,false,סויה BIO קוקוס גביע,תנובה,IL,סויה BIO קוקוס גביע,גרמים,150.00,100 גרם,false,,4.20,0.0280,true,1,125373
7290116931081,false,מעדן סויה בטעם טופי,תנובה,IL,תנובה,מיליליטרים,125.00,"100 מ""ל",false,,3.70,0.0296,true,1,125149
7290116931104,false,יוגורט גו סמיך 0% אנ,תנובה,IL,יוגורט גו סמיך 0% אנ,גרמים,200.00,100 גרם,false,,5.90,0.0295,true,1,124694
7290117030752,false,מארז תבניות אלומיניו,,,מארז תבניות אלומיניו,יח',7.00,יח',false,,6.90,0.9857,true,1,124790
7290117030769,false,מארז תבניות אלומיניו,,,מארז תבניות אלומיניו,יח',7.00,יח',false,,6.90,0.9857,true,1,124791
7290117030776,false,מארז תבניות אלומיניו,,,מארז תבניות אלומיניו,יח',7.00,יח',false,,6.90,0.9857,true,1,124792
7290117030783,false,מארז תבניות אלומיניו,,,מארז תבניות אלומיניו,יח',4.00,יח',false,,6.90,1.7250,true,1,124795
7290117030790,false,מארז תבניות אלומיניו,,,מארז תבניות אלומיניו,יח',10.00,יח',false,,6.90,0.6900,true,1,124796
7290117030806,false,מארז תבניות אלומיניו,,,מארז תבניות אלומיניו,יח',10.00,יח',false,,6.90,0.6900,true,1,124797
7290117030813,false,מארז תבניות אלומיניו,,,מארז תבניות אלומיניו,יח',4.00,יח',false,,6.90,1.7250,true,1,124798
7290117030820,false,מארז תבניות אלומיניו,,,מארז תבניות אלומיניו,יח',4.00,יח',false,,6.90,1.7250,true,1,124799
7290117031506,false,כוסות נייר 40 יח' 8B,,,כוסות נייר 40 יח' 8B,יח',40.00,יח',false,,7.90,0.1975,true,1,126017
7290117031544,false,כוסות נייר גודל 4 40,,,כוסות נייר גודל 4 40,יח',40.00,יח',false,,6.90,0.1725,true,1,123041
7290117031704,false,מרקיה חושן שקוף 8 יח,,,מרקיה חושן שקוף 8 יח,יח',8.00,יח',false,,13.90,1.7375,true,1,125197
7290117031742,false,קערית אובלית חושן שק,,,קערית אובלית חושן שק,יח',8.00,יח',false,,7.90,0.9875,true,1,125238
7290117031780,false,צלחת בינוני חושן שקו,,,צלחת בינוני חושן שקו,יח',8.00,יח',false,,9.90,1.2375,true,1,125214
7290117031858,false,צלחת ענקית חושן לבן,,,צלחת ענקית חושן לבן,יח',8.00,יח',false,,18.90,2.3625,true,1,125194
7290117031865,false,צלחת ענקית חושן שקוף,,,צלחת ענקית חושן שקוף,יח',8.00,יח',false,,18.90,2.3625,true,1,125195
7290117032008,false,מזלגות איכותי 40 יח,,,מזלגות איכותי 40 יח,יח',40.00,יח',false,,5.90,0.1475,true,1,124870
7290117032039,false,סכינים איכותי 40 יח,,,סכינים איכותי 40 יח,יח',40.00,יח',false,,5.90,0.1475,true,1,124873
7290117032046,false,סכינים איכותי 40 יח,,,סכינים איכותי 40 יח,יח',40.00,יח',false,,5.90,0.1475,true,1,124874
7290117032060,false,כפות איכותי 40 יח קר,,,כפות איכותי 40 יח קר,יח',40.00,יח',false,,5.90,0.1475,true,1,124876
7290117032077,false,כפות איכותי 40 יח שק,,,כפות איכותי 40 יח שק,יח',40.00,יח',false,,5.90,0.1475,true,1,124877
7290117032091,false,כפיות איכותי 40 יח ק,,,כפיות איכותי 40 יח ק,יח',40.00,יח',false,,5.90,0.1475,true,1,124879
7290117032107,false,כפיות איכותי 40 יח ש,,,כפיות איכותי 40 יח ש,יח',40.00,יח',false,,5.90,0.1475,true,1,124880
7290117032589,false,צלחת גדולה 60 יח' לב,,,צלחת גדולה 60 יח' לב,יח',60.00,יח',false,,22.90,0.3817,true,1,126018
7290117032596,false,צלחת גדולה 60 יח' קר,,,צלחת גדולה 60 יח' קר,יח',60.00,יח',false,,22.90,0.3817,true,1,126225
7290117035009,false,גרעיני תירס לפופקורן,איי אס טי פופקורן,BG,גרעיני תירס לפופקורן,גרמים,500.00,100 גרם,false,,9.90,0.0198,true,1,123678
7290117035016,false,גרעיני תירס לפופקורן,איי אס טי פופקורן,BG,גרעיני תירס לפופקורן,גרמים,500.00,100 גרם,false,,9.90,0.0198,true,1,123679
7290117260005,false,קונפיטורה תות שדה 38,גסאס גנל גידה,TR,קונפיטורה תות שדה 38,גרמים,380.00,100 גרם,false,,7.90,0.0208,true,1,120587
7290117260111,false,חטיף גבינה לבנה בטעם,ז'ייאסבי,LT,חטיף גבינה לבנה בטעם,גרמים,120.00,100 גרם,false,,14.90,0.1242,true,1,124923
7290117260449,false,*מבצע* גבינה בולגרית,"חת""ס",IL,*מבצע* גבינה בולגרית,גרמים,200.00,100 גרם,false,,9.90,0.0495,true,1,122321
7290117260456,false,*מבצע* גבינה בולגרית,"חת""ס",IL,*מבצע* גבינה בולגרית,גרמים,200.00,100 גרם,false,,9.90,0.0495,true,1,122322
7290117260463,false,*מבצע* גבינה בולגרית,"חת""ס",IL,*מבצע* גבינה בולגרית,גרמים,200.00,100 גרם,false,,9.90,0.0495,true,1,122323
7290117260470,false,*מבצע* גבינה בולגרית,"חת""ס",IL,*מבצע* גבינה בולגרית,גרמים,200.00,100 גרם,false,,9.90,0.0495,true,1,122324
7290117260487,false,ניוקי תפוחי אדמה מצו,סיימה,IT,ניוקי תפוחי אדמה מצו,גרמים,500.00,100 גרם,false,,9.90,0.0198,true,1,126774
7290117260494,false,ניוקי תפוחי אדמה 3צב,סיימה,IT,ניוקי תפוחי אדמה 3צב,גרמים,500.00,100 גרם,false,,9.90,0.0198,true,1,126775
7290117260562,false,חמאה בגביע 225 ג,,TR,חמאה בגביע 225 ג,גרמים,225.00,100 גרם,false,,16.90,0.0751,true,1,126940
7290117260586,false,חטיף קראנצי על בסיס,נאוגסיס,LT,חטיף קראנצי על בסיס,גרמים,80.00,100 גרם,false,,7.90,0.0988,true,1,125950
7290117260685,false,תן בו בטעם וניל בציפ,אלויראסמינדה,DK,תן בו,גרמים,230.00,100 גרם,false,,19.90,0.0865,true,1,120468
7290117260920,false,*מבצע* קרקרים ללא גל,מודיאה אס.אר.אל,IT,*מבצע* קרקרים ללא גל,גרמים,125.00,100 גרם,false,,5.90,0.0472,true,1,122032
7290117260968,false,*מבצע* ביסקוויטים לל,מודיאה אס.אר.אל,IT,*מבצע* ביסקוויטים לל,גרמים,125.00,100 גרם,false,,5.90,0.0472,true,1,122034
7290117261354,false,*מבצע* גבינת ריקוטה,קאאנלאר גידה,TR,*מבצע* גבינת ריקוטה,גרמים,200.00,100 גרם,false,,7.90,0.0395,true,1,123907
7290117261378,false,*מבצע* גבינת קשקבל ל,קאאנלאר גידה,TR,*מבצע* גבינת קשקבל ל,גרמים,250.00,100 גרם,false,,12.90,0.0516,true,1,123270
7290117261415,false,יוגורט פרוביוטי 2.7%,סוטאש,TR,יוגורט פרוביוטי 2.7%,גרמים,125.00,100 גרם,false,,2.90,0.0232,true,1,126628
7290117261422,false,יוגורט פרוביוטי עם ת,סוטאש,TR,יוגורט פרוביוטי עם ת,גרמים,125.00,100 גרם,false,,2.90,0.0232,true,1,126629
7290117261439,false,יוגורט פרוביוטי עם פ,סוטאש,TR,יוגורט פרוביוטי עם פ,גרמים,125.00,100 גרם,false,,2.90,0.0232,true,1,126630
7290117261446,false,יוגורט פרוביוטי עם א,סוטאש,TR,יוגורט פרוביוטי עם א,גרמים,125.00,100 גרם,false,,2.90,0.0232,true,1,126631
7290117261576,false,סרדינים בריסלינג מעו,ליסיט,LV,סרדינים בריסלינג מעו,גרמים,185.00,100 גרם,false,,12.90,0.0697,true,1,126459
7290117261590,false,סרדינים בריסלינג מעו,ליסיט,LV,סרדינים בריסלינג מעו,גרמים,185.00,100 גרם,false,,12.90,0.0697,true,1,126461
7290117261606,false,פרוסות צהובה טבעונית,קוליוס,GR,פרוסות צהובה טבעונית,גרמים,140.00,100 גרם,false,,14.90,0.1064,true,1,122325
7290117261620,false,פרוסות צהובה טבעונית,קוליוס,GR,פרוסות צהובה טבעונית,גרמים,140.00,100 גרם,false,,14.90,0.1064,true,1,122327
7290117261644,false,פרוסות צהובה טבעונית,קוליוס,GR,פרוסות צהובה טבעונית,גרמים,140.00,100 גרם,false,,14.90,0.1064,true,1,122329
7290117261651,false,מגורדת טבעונית בטעם,קוליוס,GR,מגורדת טבעונית בטעם,גרמים,200.00,100 גרם,false,,14.90,0.0745,true,1,122330
7290117261668,false,לבנה טבעונית בסגנון,קוליוס,GR,לבנה טבעונית בסגנון,גרמים,200.00,100 גרם,false,,14.90,0.0745,true,1,122331
7290117261675,false,מגורדת טבעונית בטעם,קוליוס,GR,מגורדת טבעונית בטעם,גרמים,200.00,100 גרם,false,,14.90,0.0745,true,1,122332
7290117261705,false,חמאת עיזים יורו 200,באלטאלי,TR,חמאת עיזים יורו 200,גרמים,200.00,100 גרם,false,,13.90,0.0695,true,1,122333
7290117261774,false,כדורי גבינה בייבי מו,קסריה להפואנטה,ES,כדורי גבינה בייבי מו,גרמים,150.00,100 גרם,false,,14.90,0.0993,true,1,124918
7290117261927,false,גבינת פקורינו מחלב כ,אל פסטור,ES,גבינת פקורינו מחלב כ,גרמים,150.00,100 גרם,false,,19.90,0.1327,true,1,124927
7290117261989,false,גבינת מנורי רכה מחלב,קוליוס,GR,גבינת מנורי רכה מחלב,גרמים,170.00,100 גרם,false,,17.90,0.1053,true,1,123287
7290117262290,false,פרלינים אגוזים במילו,עלית צ'קולטה,TR,פרלינים אגוזים במילו,גרמים,50.00,100 גרם,false,,4.90,0.0980,true,1,127121
7290117262306,false,קורנפלקס מצופים שוקו,עלית צ'קולטה,TR,קורנפלקס מצופים שוקו,גרמים,50.00,100 גרם,false,,4.90,0.0980,true,1,127122
7290117262313,false,פצפוצי דגנים פריכים,עלית צ'קולטה,TR,פצפוצי דגנים פריכים,גרמים,50.00,100 גרם,false,,4.90,0.0980,true,1,127123
7290117262320,false,ביסקוויט מצופה שוקול,עלית צ'קולטה,TR,ביסקוויט מצופה שוקול,גרמים,40.00,100 גרם,false,,4.90,0.1225,true,1,127124
7290117380185,true,סוויט פוף שוקולד חלב,תחנת האבן,IL,סוויט פוף שוקולד חלב,גרמים,50.00,100 גרם,false,,4.90,0.0980,true,1,123641
7290117380192,false,פוף משולש אפוי בטעם,מנה,IL,פוף משולש אפוי בטעם,גרמים,60.00,100 גרם,false,,3.90,0.0650,true,1,120379
7290117380215,false,פוף משולש אפוי בטעם,מנה,IL,פוף משולש אפוי בטעם,גרמים,60.00,100 גרם,false,,3.90,0.0650,true,1,120381
7290117380857,false,מרבה סלים דליס בטעם,Biocentury,NL,מרבה,גרמים,120.00,100 גרם,false,,10.90,0.0908,true,1,123202
7290117380864,false,מרבה סלים דליס בטעם,Biocentury,NL,מרבה,גרמים,120.00,100 גרם,false,,10.90,0.0908,true,1,123203
7290117380871,false,מרבה סלים דליס בטעם,Biocentury,NL,מרבה,גרמים,120.00,100 גרם,false,,10.90,0.0908,true,1,123204
7290117381229,false,פוף פרכיות מצופות שו,בנליאן פודס,RS,פוף פרכיות מצופות שו,גרמים,70.00,100 גרם,false,,7.90,0.1129,true,1,125080
7290117381236,false,פוף פרכיות מצופות שו,בנליאן פודס,RS,פוף פרכיות מצופות שו,גרמים,70.00,100 גרם,false,,7.90,0.1129,true,1,125081
7290117383711,false,פלמוליב תחליב חלב וד,CP - Turkey+60,TR,פלמוליב תחליב חלב וד,ליטרים,1.50,ליטר,false,,29.90,19.9333,true,1,127093
7290117383728,false,פלמוליב תחליב לומינו,CP - Turkey+60,TR,פלמוליב תחליב לומינו,ליטרים,1.50,ליטר,false,,29.90,19.9333,true,1,127094
7290117383735,false,פלמוליב תחליב חימר ו,CP - Turkey+60,TR,פלמוליב תחליב חימר ו,ליטרים,1.50,ליטר,false,,29.90,19.9333,true,1,127095
7290117383742,false,פלמוליב תחליב מרענן,CP - Turkey+60,TR,פלמוליב תחליב מרענן,ליטרים,1.50,ליטר,false,,29.90,19.9333,true,1,127096
7290117822449,false,מסכות 50 יח',נ'יאנג יונג,CN,מסכות 50 יח',יח',50.00,יח',false,,7.90,0.1580,true,1,121906
7290117825662,false,כפפות ניטריל שחורות,,,כפפות ניטריל שחורות,יח',100.00,יח',false,,24.90,0.2490,true,1,124640
7290117860045,false,שמפו מטפח לשיער רגיל,"טרופיקל גליל בע""מ",IL,שמפו מטפח לשיער רגיל,מיליליטרים,700.00,"100 מ""ל",false,,14.90,0.0213,true,1,127054
7290117860090,false,מרכך מטפח לשיער רגיל,"טרופיקל גליל בע""מ",IL,מרכך מטפח לשיער רגיל,מיליליטרים,700.00,"100 מ""ל",false,,14.90,0.0213,true,1,127055
7290117860137,false,קרם רחצה בניחוח פרח,"טרופיקל גליל בע""מ",IL,קרם רחצה בניחוח פרח,מיליליטרים,700.00,"100 מ""ל",false,,14.90,0.0213,true,1,127083
7290117860182,false,תחליב רחצה בניחוח מג,"טרופיקל גליל בע""מ",IL,תחליב רחצה בניחוח מג,מיליליטרים,700.00,"100 מ""ל",false,,14.90,0.0213,true,1,127076
7290117860236,false,קרם רחצה בניחוח ויול,"טרופיקל גליל בע""מ",IL,קרם רחצה בניחוח ויול,מיליליטרים,700.00,"100 מ""ל",false,,14.90,0.0213,true,1,127077
7290117860281,false,ג'ל רחצה לגבר בניחוח,"טרופיקל גליל בע""מ",IL,ג'ל רחצה לגבר בניחוח,מיליליטרים,700.00,"100 מ""ל",false,,14.90,0.0213,true,1,127078
7290117860298,false,שמפו קרטין מחזק,"טרופיקל גליל בע""מ",IL,שמפו קרטין מחזק,מיליליטרים,700.00,"100 מ""ל",false,,14.90,0.0213,true,1,127059
7290117860335,false,ג'ל רחצה לגבר בניחוח,"טרופיקל גליל בע""מ",IL,ג'ל רחצה לגבר בניחוח,מיליליטרים,700.00,"100 מ""ל",false,,14.90,0.0213,true,1,127068
7290117860342,false,מרכך קרטין מחזק,"טרופיקל גליל בע""מ",IL,מרכך קרטין מחזק,מיליליטרים,700.00,"100 מ""ל",false,,14.90,0.0213,true,1,127069
7290117860380,false,תחליב רחצה יוגורט בנ,"טרופיקל גליל בע""מ",IL,תחליב רחצה יוגורט בנ,מיליליטרים,700.00,"100 מ""ל",false,,14.90,0.0213,true,1,127084
7290117860397,false,שמפו פריחת הדובדבן,"טרופיקל גליל בע""מ",IL,שמפו פריחת הדובדבן,מיליליטרים,700.00,"100 מ""ל",false,,14.90,0.0213,true,1,127060
7290117860496,false,שמפו + מרכך לגבר 2 ב,"טרופיקל גליל בע""מ",IL,שמפו + מרכך לגבר 2 ב,מיליליטרים,700.00,"100 מ""ל",false,,14.90,0.0213,true,1,127061
7290117860540,false,שמפו עדין לילדים,"טרופיקל גליל בע""מ",IL,שמפו עדין לילדים,מיליליטרים,700.00,"100 מ""ל",false,,14.90,0.0213,true,1,127062
7290117860595,false,מרכך מתיר קשרים לילד,"טרופיקל גליל בע""מ",IL,מרכך מתיר קשרים לילד,מיליליטרים,700.00,"100 מ""ל",false,,14.90,0.0213,true,1,127071
7290117860649,false,שמפו ללא סולפטים,"טרופיקל גליל בע""מ",IL,שמפו ללא סולפטים,מיליליטרים,700.00,"100 מ""ל",false,,14.90,0.0213,true,1,127063
7290117860748,false,שמפו מעניק נפח,"טרופיקל גליל בע""מ",IL,שמפו מעניק נפח,מיליליטרים,700.00,"100 מ""ל",false,,14.90,0.0213,true,1,127064
7290117860793,false,מרכך מעניק נפח,"טרופיקל גליל בע""מ",IL,מרכך מעניק נפח,מיליליטרים,700.00,"100 מ""ל",false,,14.90,0.0213,true,1,127073
7290117860847,false,שמפו לגבר רעננות קרי,"טרופיקל גליל בע""מ",IL,שמפו לגבר רעננות קרי,מיליליטרים,700.00,"100 מ""ל",false,,14.90,0.0213,true,1,127065
7290117860892,false,תחליב רחצה יוגורט בנ,"טרופיקל גליל בע""מ",IL,תחליב רחצה יוגורט בנ,מיליליטרים,700.00,"100 מ""ל",false,,14.90,0.0213,true,1,127079
7290117860991,false,תחליב רחצה יוגורט בנ,"טרופיקל גליל בע""מ",IL,תחליב רחצה יוגורט בנ,מיליליטרים,700.00,"100 מ""ל",false,,14.90,0.0213,true,1,127081
7290117901205,false,טורטיה דגנים 420 ג,מוטלוקל,TR,טורטיה דגנים 420 ג,גרמים,420.00,100 גרם,false,,9.90,0.0236,true,1,126271
7290589856775,false,מוצרי נייס,,,מוצרי נייס,יח',1.00,יח',false,,5.90,5.9000,true,1,62242
7291021299709,false,"צלחת אוריינטל 20 ס""מ",,,"צלחת אוריינטל 20 ס""מ",יח',1.00,יח',false,,4.90,4.9000,true,1,93136
7291044103632,false,קטלן חרקים לד 6W שחו,,,קטלן חרקים לד 6W שחו,יח,1.00,יח,false,,79.90,79.9000,true,1,122538
7291044103649,false,קטלן חרקים לד 6W שחו,,,קטלן חרקים לד 6W שחו,יח,1.00,יח,false,,79.90,79.9000,true,1,114487
7291044108019,false,קומקום זכוכית לבן יו,,,קומקום זכוכית לבן יו,יח',1.00,יח',false,,59.90,59.9000,true,1,126005
7291044126723,false,מפזר חום לאמבטיה 200,,,מפזר חום לאמבטיה 200,יח,1.00,יח,false,,119.90,119.9000,true,1,126984
7291044126730,false,מפזר חום שוכב/עומד 2,,,מפזר חום שוכב/עומד 2,יח,1.00,יח,false,,49.90,49.9000,true,1,126985
7291047032762,false,"צלחת אוריינטל 23 ס""מ",,,"צלחת אוריינטל 23 ס""מ",יח',1.00,יח',false,,5.90,5.9000,true,1,93137
7291062010554,false,"צלחת אוריינטל 25 ס""מ",,,"צלחת אוריינטל 25 ס""מ",יח',1.00,יח',false,,6.90,6.9000,true,1,93138
7296021004711,false,שקית זילוף לעוגה,,,שקית זילוף לעוגה,יח',1.00,יח',false,,12.90,12.9000,true,1,29817
7296021015229,false,כפות פריז שישיה,,,כפות פריז שישיה,יח',6.00,יח',false,,29.90,4.9833,true,1,29841
7296021040030,false,מברשת סיליקון,,,מברשת סיליקון,יח',1.00,יח',false,,24.90,24.9000,true,1,29943
7296021040047,false,מקצפת ביצים פרפקטו,,,מקצפת ביצים פרפקטו,יח',1.00,יח',false,,22.90,22.9000,true,1,29944
7296021040580,false,"קערת נירוסטה 26 ס""מ",,,"קערת נירוסטה 26 ס""מ",יח',1.00,יח',false,,27.90,27.9000,true,1,29964
7296021047053,false,מצית גז,,,מצית גז,יח',1.00,יח',false,,11.90,11.9000,true,1,30000
7296021105241,false,משחיז סכינים שני שלב,,,משחיז סכינים שני שלב,יח',1.00,יח',false,,44.90,44.9000,true,1,106487
7296021107719,false,מגרדת משולשת עומדת,ohc,CN,נעמן,יח',1.00,יח',false,,22.90,22.9000,true,1,30057
7296021108952,false,כד מידה פטיסרי,,,כד מידה פטיסרי,יח',1.00,יח',false,,17.90,17.9000,true,1,30066
7296021116322,false,ספל טרמי נירוסטה,,,ספל טרמי נירוסטה,יח',1.00,יח',false,,14.90,14.9000,true,1,30111
7296021122767,false,כפית סט 6 - תמר סכום,,,כפית סט 6 - תמר סכום,יח',1.00,יח',false,,10.90,10.9000,true,1,122041
7296021122774,false,סכין סט 3 - תמר סכום,,,סכין סט 3 - תמר סכום,יח',1.00,יח',false,,14.90,14.9000,true,1,122042
7296021124938,false,קרש חיתוך זוג,,,קרש חיתוך זוג,יח',2.00,יח',false,,39.90,19.9500,true,1,30150
7296021125713,false,מיכל אחסון 0.5 ליטר,,,מיכל אחסון 0.5 ליטר,יח,1.00,יח,false,,11.90,11.9000,true,1,30153
7296021131394,false,סכין רב שימושית,,,סכין רב שימושית,יח',1.00,יח',false,,10.90,10.9000,true,1,30188
7296021134487,false,"סוטז 30 ס""מ 5 ליטר",,,"סוטז 30 ס""מ 5 ליטר",יח,1.00,יח,false,,79.90,79.9000,true,1,115414
7296021137280,false,בוצ'ר בלוק 35*25*1.5,,,בוצ'ר בלוק 35*25*1.5,יח',1.00,יח',false,,39.90,39.9000,true,1,106497
7296021137846,false,קולפן Y נירוסטה,,,קולפן Y נירוסטה,יח,1.00,יח,false,,15.90,15.9000,true,1,115916
7296021137860,false,חותך רצועות כרוב,,,חותך רצועות כרוב,יח',1.00,יח',false,,17.90,17.9000,true,1,30230
7296021141843,false,פורס ביצים כפול,,,פורס ביצים כפול,יח',1.00,יח',false,,21.90,21.9000,true,1,30246
7296021146459,false,תבנית אינגליש,,,תבנית אינגליש,יח',1.00,יח',false,,24.90,24.9000,true,1,30257
7296021160875,false,מספריים למטבח עם מגנ,,,מספריים למטבח עם מגנ,יח',1.00,יח',false,,23.90,23.9000,true,1,87877
7296021161148,false,"צנצנת פטנט 900 מ""ל",נעמן,,"צנצנת פטנט 900 מ""ל",יח',1.00,יח',false,,14.90,14.9000,true,1,118604
7296021161186,false,צנצנת זכוכית מרובעת,,,צנצנת זכוכית מרובעת,יח',1.00,יח',false,,12.90,12.9000,true,1,89749
7296021161285,false,סט כף+תרווד+כף מחורצ,,,סט כף+תרווד+כף מחורצ,יח,1.00,יח,false,,17.90,17.9000,true,1,110592
7296021161537,false,קופסת אחסון זכוכית 8,,,קופסת אחסון זכוכית 8,יח,1.00,יח,false,,22.90,22.9000,true,1,111540
7296021161605,false,קופסאת אחסון זכוכית,,,קופסאת אחסון זכוכית,יח,1.00,יח,false,,16.90,16.9000,true,1,111545
7296021161612,false,קופסאת אחסון זכוכית,,,קופסאת אחסון זכוכית,יח,1.00,יח,false,,26.90,26.9000,true,1,111546
7296021170645,false,פותחן יין מלצרים,,,פותחן יין מלצרים,יח',1.00,יח',false,,14.90,14.9000,true,1,107399
7296021170652,false,פותחן שימורים,,,פותחן שימורים,יח',1.00,יח',false,,9.90,9.9000,true,1,109759
7296021170669,false,חולץ פקקים עם ידיות,,,חולץ פקקים עם ידיות,יח',1.00,יח',false,,29.90,29.9000,true,1,107400
7296021170997,false,מגן שמן בליסימו,,,מגן שמן בליסימו,יח',1.00,יח',false,,11.90,11.9000,true,1,107403
7296021171031,false,סט 3 קולפנים,,,סט 3 קולפנים,יח',1.00,יח',false,,14.90,14.9000,true,1,107404
7296021173653,false,סט סכום 24 חלקים סחל,,,סט סכום 24 חלקים סחל,יח',1.00,יח',false,,59.90,59.9000,true,1,107751
7296021187643,false,כלי מדידה - כפות מיד,,,כלי מדידה - כפות מיד,יח',1.00,יח',false,,11.90,11.9000,true,1,109848
7296021191367,false,תבנית לקוביות קרח עם,,,תבנית לקוביות קרח עם,יח',1.00,יח',false,,10.90,10.9000,true,1,109324
7296021191695,false,מארז סכיני שף מקצועי,,,מארז סכיני שף מקצועי,יח',1.00,יח',false,,199.00,199.0000,true,1,124779
7296021249488,false,"מיכל אחסון 700 מ""ל א",,,"מיכל אחסון 700 מ""ל א",יח,1.00,יח,false,,18.90,18.9000,true,1,115920
7296021256745,false,הופכן סיליקון אפור,,,הופכן סיליקון אפור,יח',1.00,יח',false,,17.90,17.9000,true,1,118053
7296021256776,false,כף לבישול סיליקון אפ,,,כף לבישול סיליקון אפ,יח',1.00,יח',false,,17.90,17.9000,true,1,118056
7296021256868,false,"מחבת לטיגון 30 ס""מ א",,,"מחבת לטיגון 30 ס""מ א",יח,1.00,יח,false,,59.90,59.9000,true,1,117380
7296021259821,false,"כוס מאג נעמן 355 מ""ל",,,"כוס מאג נעמן 355 מ""ל",יח,1.00,יח,false,,8.90,8.9000,true,1,117333
7296021265976,false,"מחבת 28 ס""מ",,,"מחבת 28 ס""מ",יח',1.00,יח',false,,59.90,59.9000,true,1,120949
7296021266683,false,מסננת ידית עץ פרפקטו,,,מסננת ידית עץ פרפקטו,יח',1.00,יח',false,,14.90,14.9000,true,1,119175
7296021266690,false,מסננת ידית עץ פרפקטו,,,מסננת ידית עץ פרפקטו,יח',1.00,יח',false,,16.90,16.9000,true,1,119176
7296021266720,false,מסננת ידית עץ פרפקטו,,,מסננת ידית עץ פרפקטו,יח',1.00,יח',false,,29.90,29.9000,true,1,119178
7296021266973,false,תרווד מחורץ ידית אפו,,,תרווד מחורץ ידית אפו,יח',1.00,יח',false,,14.90,14.9000,true,1,122056
7296021271564,false,"מאג 385 מ""ל 4 עיצובי",,,"מאג 385 מ""ל 4 עיצובי",יח',1.00,יח',false,,10.90,10.9000,true,1,122060
7296021273162,false,סכין סט 6 ירקות אדום,,,סכין סט 6 ירקות אדום,יח',1.00,יח',false,,13.90,13.9000,true,1,122062
7296021273636,false,סכין סט 6 ירקות כחול,,,סכין סט 6 ירקות כחול,יח',1.00,יח',false,,13.90,13.9000,true,1,122082
7296021273643,false,סכין סט 6 ירקות לבן,,,סכין סט 6 ירקות לבן,יח',1.00,יח',false,,13.90,13.9000,true,1,122083
7296021276590,false,כפית זהב סט שישייה,,,כפית זהב סט שישייה,יח',6.00,יח',false,,24.90,4.1500,true,1,125133
7296021276620,false,כף שחור סט שישייה,,,כף שחור סט שישייה,יח',6.00,יח',false,,34.90,5.8167,true,1,125136
7296021276637,false,כפית שחור סט שישייה,,,כפית שחור סט שישייה,יח',6.00,יח',false,,24.90,4.1500,true,1,125137
7296021276996,false,סיר+מכסה 4.57 ליטר 2,,,סיר+מכסה 4.57 ליטר 2,יח,1.00,יח,false,,79.90,79.9000,true,1,126586
7296021669507,false,מזרק לעוגה ואביזרים,,,מזרק לעוגה ואביזרים,יח',1.00,יח',false,,24.90,24.9000,true,1,30491
7296021669514,false,מגרדת 4 צדדים,,,מגרדת 4 צדדים,יח',1.00,יח',false,,29.90,29.9000,true,1,30492
7296049226973,false,לקיטשן מאג זכוכית די,,,לקיטשן מאג זכוכית די,יח,1.00,יח,false,,5.90,5.9000,true,1,127015
7296058110010,false,פריכיות אורז מלא 110,פרח תעשיות,IL,פריכיות אורז מלא 110,גרמים,110.00,100 גרם,false,,4.90,0.0445,true,1,125034
7296082000035,false,ביצה פלוס אומגה L 6,,,ביצה פלוס אומגה L 6,יח',6.00,יח',false,,13.90,2.3167,true,1,75071
7296082000080,false,ביצי חופש 12 יח,,,ביצי חופש 12 יח,יח',12.00,יח',false,,19.90,1.6583,true,1,75073
7296082000103,false,ביצים סופר טרי M 30,,,ביצים סופר טרי M 30,יח',30.00,יח',false,,27.80,0.9267,true,1,75075
7296082000110,false,בצים סופר טרי L 30,,,בצים סופר טרי L 30,יח',30.00,יח',false,,30.10,1.0033,true,1,75077
7296082000134,false,ביצים גדול L 12,,,ביצים גדול L 12,יח',12.00,יח',false,,12.05,1.0042,true,1,75079
7296082000141,false,ביצים בינוני M12,,,ביצים בינוני M12,יח',12.00,יח',false,,11.15,0.9292,true,1,75081
7296082000165,false,ביצים אורגניות 12 יח,,,ביצים אורגניות 12 יח,יח',12.00,יח',false,,22.90,1.9083,true,1,75083
7296082000172,false,ביצה פלוס אומגה M 30,,,ביצה פלוס אומגה M 30,יח',30.00,יח',false,,38.90,1.2967,true,1,75085
7296082000189,false,ביצה פלוס אומגה L 30,,,ביצה פלוס אומגה L 30,יח',30.00,יח',false,,42.90,1.4300,true,1,75087
7296082000202,false,ביצים סופר טרי L18,,,ביצים סופר טרי L18,יח',18.00,יח',false,,18.00,1.0000,true,1,75089
7296107000439,false,חרוזית ירוק 560 גרם,,IL,פרי חן,גרמים,560.00,100 גרם,false,,7.90,0.0141,true,1,115220
7296155150247,false,נטלה מהודרת,,,נטלה מהודרת,יח',1.00,יח',false,,4.90,4.9000,true,1,67574
7296155150698,false,דלי,,,דלי,יח',1.00,יח',false,,9.90,9.9000,true,1,67578
7297395000019,false,בדי בדיקה 20 יח',,,בדי בדיקה 20 יח',יח',20.00,יח',false,,7.90,0.3950,true,1,106649
7297461005191,false,שמיכת פלאנל זוגית 20,,,שמיכת פלאנל זוגית 20,יח,1.00,יח,false,,29.90,29.9000,true,1,116018
7297488098169,false,דגש קמח תירס,"תבליני העליון בע""מ",IL,דגש,גרמים,500.00,100 גרם,false,,11.90,0.0238,true,1,31307
7297488098176,false,דגש קמח סויה,"תבליני העליון בע""מ",IL,דגש,גרמים,500.00,100 גרם,false,,12.90,0.0258,true,1,31308
7297488098190,false,דגש קמח אורז מלא,"תבליני העליון בע""מ",IL,דגש,גרמים,500.00,100 גרם,false,,15.90,0.0318,true,1,31310
7297488098220,false,"דגש קמח תפו""א","תבליני העליון בע""מ",IL,דגש,גרמים,500.00,100 גרם,false,,13.90,0.0278,true,1,31312
7297488098299,false,דגש קמח טפיוקה,"תבליני העליון בע""מ",IL,דגש,גרמים,500.00,100 גרם,false,,10.90,0.0218,true,1,31319
7297488098305,false,דגש קמח שקדים,"תבליני העליון בע""מ",IL,דגש,גרמים,250.00,100 גרם,false,,26.90,0.1076,true,1,31320
7297488098688,false,דגש פצפוצי אורז מלא,"תירפז בע""מ",IL,דגש,גרמים,450.00,100 גרם,false,,20.90,0.0464,true,1,31324
7297488099753,false,דגש עוגיות בטעם שוקו,,,דגש עוגיות בטעם שוקו,יחידה,250.00,יחידה,false,,29.90,0.1196,true,1,123421
7297488099777,false,דגש עוגיות בטעם קאשי,,,דגש עוגיות בטעם קאשי,יחידה,250.00,יחידה,false,,29.90,0.1196,true,1,123423
7297488099821,false,דגש גרנולה ללא תוספת,,,דגש גרנולה ללא תוספת,גרמים,250.00,100 גרם,false,,16.90,0.0676,true,1,123424
7297488199590,false,דגש פצפוצי אורז,"תירפז בע""מ",IL,דגש,גרמים,450.00,100 גרם,false,,20.90,0.0464,true,1,31334
7297488199781,false,דגש קניידלך,"חיים טובים מזון בע""מ",IL,דגש,גרמים,140.00,100 גרם,false,,19.90,0.1421,true,1,31346
7297579011541,false,מגבת מטבח שלשה,,,מגבת מטבח שלשה,יח,3.00,יח,false,,9.90,3.3000,true,1,125987
7297579011565,false,מגבת מטבח שלשה,,,מגבת מטבח שלשה,יח,3.00,יח,false,,9.90,3.3000,true,1,125988
7297579011572,false,מגבת מטבח שלשה,,,מגבת מטבח שלשה,יח,3.00,יח,false,,9.90,3.3000,true,1,125989
7297623220196,false,נעלי בריאות נשים,,,נעלי בריאות נשים,יח',1.00,יח',false,,25.90,25.9000,true,1,126942
7297623220202,false,נעלי בריאות גברים,,,נעלי בריאות גברים,יח',1.00,יח',false,,25.90,25.9000,true,1,126943
7298171161139,false,מטריית חורף ילדים מו,,,מטריית חורף ילדים מו,יחידה,0.00,יחידה,false,,12.90,0.0000,true,1,110973
7312040017683,false,"וודקה אבסולוט 700 מ""",,,"וודקה אבסולוט 700 מ""ל",מיליליטרים,700.00,"100 מ""ל",false,,59.90,0.0856,true,1,46057
7380580005255,false,מוצרי נייס,,,מוצרי נייס,יח',1.00,יח',false,,7.90,7.9000,true,1,62243
7393714508102,false,בקבוק קופרברג סיידר,קופרברג,SE,קופרברג,מיליליטרים,330.00,"100 מ""ל",false,,8.90,0.0270,true,1,107764
7394376123337,false,אוטלי שיבולת שועל או,טרנסומס פוד,SE,אוטלי,ליטרים,1.00,ליטר,false,,13.90,13.9000,true,1,114724
7394376615825,false,אוטלי שיבולת שועל בת,טרנסומס פוד,SE,אוטלי,ליטרים,1.00,ליטר,false,,13.90,13.9000,true,1,114725
7394376615832,false,אוטלי משקה שיבולת שו,טרנסומס פוד,SE,אוטלי,ליטרים,1.00,ליטר,false,,15.90,15.9000,true,1,114729
7394376616778,false,אוטלי משקה שיבולת שו,טרנסומס פוד,SE,אוטלי,ליטרים,1.00,ליטר,false,,15.90,15.9000,true,1,114730
7394376620294,false,אוטלי משקה שיבולת שו,טרנסומס פוד,SE,אוטלי,ליטרים,1.00,ליטר,false,,15.90,15.9000,true,1,126698
7480588956563,false,מוצרי נייס,,,מוצרי נייס,יח',1.00,יח',false,,9.90,9.9000,true,1,62244
7501013122039,true,נקטר ג'ומקס קרטונית,תומקס קומרסאליזדורה,MX,ג'ומקס,ליטרים,1.00,ליטר,false,,9.50,9.5000,true,1,110867
7501013122114,true,נקטר ג'ומקס קרטונית,תומקס קומרסאליזדורה,MX,ג'ומקס,ליטרים,1.00,ליטר,false,,9.50,9.5000,true,1,110869
7501013122992,true,נקטר ג'ומקס קרטונית,תומקס קומרסאליזדורה,MX,ג'ומקס,ליטרים,1.00,ליטר,false,,9.50,9.5000,true,1,110871
7501013138184,false,משקה חמוציות יוניקו,תומקס קומרסאליזדורה,MX,משקה חמוציות יוניקו,מיליליטרים,1000.00,"100 מ""ל",false,,11.50,0.0115,true,1,111324
7501049936945,false,*מבצע* בירה סול שישי,,MX,*מבצע* בירה סול שישי,ליטרים,1.98,ליטר,false,,29.90,15.1010,true,1,114337
7501064191398,false,בירה קורונה שישיה,סרבסריה מודלו,MX,corona extra,ליטרים,2.13,ליטר,false,,34.90,16.3850,true,1,110883
7502231540896,false,שמרים פליישמן 500 גר,,,שמרים יבשים 500 ג,גרמים,500.00,100 גרם,false,,10.90,0.0218,true,1,46166
7509546061160,false,*מבצע* משחת ילדים מי,קולגייט פלמוליב,MX,*מבצע* משחת ילדים מי,מיליליטרים,75.00,"100 מ""ל",false,,12.90,0.1720,true,1,118993
7509546061665,false,ספיד סטיק אקסטרים אי,Colgate - USA,US,ספיד סטיק,גרמים,85.00,100 גרם,false,,19.90,0.2341,true,1,125967
7509546061672,false,ספיד סטיק אקסטרים סט,Colgate - USA,US,ספיד סטיק,גרמים,50.00,100 גרם,false,,16.90,0.3380,true,1,125968
7509546678702,false,קולגייט משחת שיניים,CP-Poland swidnica,PL,קולגייט,מיליליטרים,100.00,"100 מ""ל",false,,16.90,0.1690,true,1,124786
7610100034084,false,מיונז טומי 265 גרם,טומי,CH,טומי,גרמים,265.00,100 גרם,false,,9.90,0.0374,true,1,47914
7610113000175,false,"בקרדי מוחיטו 700 מ""ל",תאגיד בקרדי,IT,בקרדי,מיליליטרים,700.00,"100 מ""ל",false,,74.90,0.1070,true,1,111302
7610113011652,false,בקרדי בריזר תפוח,טמפו,DE,בקרדי,מיליליטרים,275.00,"100 מ""ל",false,,13.90,0.0505,true,1,114740
7610113013250,false,פחית בקרדי מוחיטו,בקרדי מרטיני,,פחית בקרדי מוחיטו,מיליליטרים,250.00,"100 מ""ל",false,,12.90,0.0516,true,1,120082
7610400010481,false,לינדט אקסלנס מילק 10,לינדט ושפרונגלי קילש,CH,שוקולד לינדט אקסלנס,גרמים,100.00,100 גרם,false,,14.90,0.1490,true,1,108856
7610400014649,false,לינדור שוקולד בודד ח,לינדט ושפרונגלי קילש,CH,שוקולד לינדור 100 גרם,גרמים,100.00,100 גרם,false,,14.90,0.1490,true,1,32742
7610400068505,false,לינדור בונבוניירה מי,לינדט ושפרונגלי קילש,CH,בונבוניירה לינדור 200 גרם,גרמים,200.00,100 גרם,false,,22.90,0.1145,true,1,32745
7610400074155,false,לינדור שוקולד בודד 6,לינדט ושפרונגלי קילש,CH,שוקולד לינדור 100 גרם,גרמים,100.00,100 גרם,false,,14.90,0.1490,true,1,32748
7610400075770,false,לינדט לה גרנד שוקולד,לינדט,FR,לינדט,גרמים,150.00,100 גרם,false,,24.90,0.1660,true,1,32749
7610400075787,false,לינדט לה גרנד שוקולד,לינדט,FR,לינדט,גרמים,150.00,100 גרם,false,,24.90,0.1660,true,1,32750
7610400085946,false,לינדט לה גרנד שוקולד,לינדט,,לינדט,גרמים,150.00,100 גרם,false,,24.90,0.1660,true,1,110142
7610400091060,false,לינדט אקסלנס שוקולד,לינדט ושפרונגלי קילש,CH,שוקולד לינדט תפוז,גרמים,100.00,100 גרם,false,,14.90,0.1490,true,1,114334
7610700607046,false,סוכריות ריקולה ללא ת,ריקולה,CH,ללא סוכר,גרמים,50.00,100 גרם,false,,12.90,0.2580,true,1,53204
7613030979647,false,טריקס 480 גרם,נסטלה,US,TRIX,גרמים,480.00,100 גרם,false,,19.90,0.0415,true,1,88522
7613031608850,false,פיטנס 625 גרם,נסטלה צרפת איטנקורט,FR,FITNESS,גרמים,625.00,100 גרם,false,,25.90,0.0414,true,1,34368
7613032045753,false,פיטנס שוקולד 375 גרם,נסטלה צרפת איטנקורט,FR,FITNESS,גרמים,375.00,100 גרם,false,,19.90,0.0531,true,1,34369
7613033548192,false,פיטנס שוקולד מריר 37,נסטלה צרפת איטנקורט,FR,FITNESS,גרמים,375.00,100 גרם,false,,19.90,0.0531,true,1,34387
7613034146656,false,פורינה ONE מיני בוגר,פורינה,IT,פורינה,קילוגרמים,1.50,"ק""ג",false,,59.90,39.9333,true,1,111252
7613035379794,false,דנטלייף גזע בינוני 1,,,דנטלייף גזע בינוני 1,גרמים,115.00,100 גרם,false,,14.90,0.1296,true,1,121177
7613035514560,false,פורינה ONE חתול סטרי,פורינה,IT,פורינה,קילוגרמים,3.00,"ק""ג",false,,119.90,39.9667,true,1,111257
7613035548374,false,גולדן מיניס 570 גרם,נסטלה פולין דגני בוק,PL,CINI-MINIS,גרמים,570.00,100 גרם,false,,19.90,0.0349,true,1,34402
7613035622623,false,גרנולה פיטנס דבש 300,CPW,BE,פיטנס,גרמים,300.00,100 גרם,false,,14.90,0.0497,true,1,34403
7613035635845,false,גרנולה פיטנס שוקולד,CPW,BE,פיטנס,גרמים,300.00,100 גרם,false,,14.90,0.0497,true,1,34404
7613035758834,false,פיטנס סופר גרנולה חמ,CPW,BE,פיטנס,גרמים,300.00,100 גרם,false,,14.90,0.0497,true,1,34406
7613035807778,false,פרפקטו רוטב עגבניות,נסטלה ספרד,ES,פרפקטו,גרמים,400.00,100 גרם,false,,8.90,0.0223,true,1,34407
7613035809109,false,פרפקטו רוטב עגבניות,נסטלה ספרד,ES,פרפקטו,גרמים,400.00,100 גרם,false,,8.90,0.0223,true,1,34408
7613035809857,false,פרפקטו רוטב עגבניות,נסטלה ספרד,ES,פרפקטו,גרמים,400.00,100 גרם,false,,8.90,0.0223,true,1,34410
7613036105576,false,דוגלי בוגר עוף 4*3 ק,נסטלה פורינה באק הונ,HU,דוגלי,קילוגרמים,3.00,"ק""ג",false,,49.90,16.6333,true,1,34415
7613036120395,false,פורינה ONE כלב מידמק,פורינה,IT,פורינה,קילוגרמים,2.50,"ק""ג",false,,89.90,35.9600,true,1,111261
7613036387798,false,פיטנס יוגורט 350 גרם,נסטלה צרפת איטנקורט,FR,FITNESS,גרמים,350.00,100 גרם,false,,19.90,0.0569,true,1,86932
7613036725286,false,דנטלייף חתול סלמון 4,,,דנטלייף חתול סלמון 4,גרמים,40.00,100 גרם,false,,9.90,0.2475,true,1,121186
7613036737623,false,קראנץ' מקס 410 גרם,אסם,IL,CRUNCH,גרמים,410.00,100 גרם,false,,19.90,0.0485,true,1,105499
7613036976657,false,פאוץ פריסקיז הודו 85,,,פאוץ פריסקיז הודו 85,גרמים,85.00,100 גרם,false,,5.90,0.0694,true,1,116765
7613036976671,false,פאוץ' פריסקיז עוף 85,,,פאוץ' פריסקיז עוף 85,גרמים,85.00,100 גרם,false,,5.90,0.0694,true,1,114967
7613036976732,false,פאוץ פריסקיז סלמון 8,,,פאוץ פריסקיז סלמון 8,גרמים,85.00,100 גרם,false,,5.90,0.0694,true,1,116783
7613037012095,false,גרנולה פיטנס שוקולד,CPW,BE,פיטנס,גרמים,300.00,100 גרם,false,,14.90,0.0497,true,1,108284
7613037686906,false,פיטנס דבש ושקדים 355,נסטלה צרפת איטנקורט,FR,FITNESS,גרמים,355.00,100 גרם,false,,19.90,0.0561,true,1,111363
7613037687132,false,פיטנס שקדים ודבש 585,נסטלה צרפת איטנקורט,FR,FITNESS,גרמים,585.00,100 גרם,false,,25.90,0.0443,true,1,111364
7613037811629,false,קורנפלקס גו פרי 500,,,קורנפלקס גו פרי 500,גרמים,500.00,100 גרם,false,,9.90,0.0198,true,1,112270
7613038268262,false,צ'ריוס האני נאט מופח,ג.נרל מילס,US,CHEERIOS,גרמים,410.00,100 גרם,false,,19.90,0.0485,true,1,111823
7613038451954,false,דגני קראנץ שוקולד מו,נסטלה צרפת רומילי,FR,CRUNCH,גרמים,410.00,100 גרם,false,,19.90,0.0485,true,1,111824
7613039547731,false,גרבר פאוצ' בטעם תפוח,נסטלה ספרד,ES,גרבר פאוצ' בטעם תפוח,גרמים,90.00,100 גרם,false,,5.90,0.0656,true,1,115304
7613039547922,false,גרבר פאוצ' בטעם תפוח,נסטלה ספרד,ES,גרבר פאוצ' בטעם תפוח,גרמים,90.00,100 גרם,false,,5.90,0.0656,true,1,115305
7613039770450,false,המבורגר טבעול סנסשיו,טבעול צ'כיה,,המבורגר טבעול סנסשיו,גרמים,226.00,100 גרם,false,,34.90,0.1544,true,1,115676
7613039880807,false,מחית תפוח גזר גרבר 1,ארג'זה - פולין,PL,מחית תפוח גזר גרבר 1,גרמים,190.00,100 גרם,false,,5.90,0.0311,true,1,116506
7613039881965,false,מחית תפוח גזר מנגו ג,ארג'זה - פולין,PL,מחית תפוח גזר מנגו ג,גרמים,190.00,100 גרם,false,,5.90,0.0311,true,1,116508
7613287121783,false,סמרטיס מיני 187 גרם,נסטלה,DE,סמרטיס,גרמים,187.00,100 גרם,false,,13.90,0.0743,true,1,121560
7613287155832,false,גרבר פאוצ' בטעם תפוח,נסטלה ספרד,ES,גרבר פאוצ' בטעם תפוח,גרמים,90.00,100 גרם,false,,5.90,0.0656,true,1,117575
7613287155863,false,גרבר פאוצ' בטעם אגס,נסטלה ספרד,ES,גרבר פאוצ' בטעם אגס,גרמים,90.00,100 גרם,false,,5.90,0.0656,true,1,117576
7613287182357,false,פאוצ' ויטמינצ'יק אגס,,IL,פאוצ' ויטמינצ'יק אגס,גרמים,110.00,100 גרם,false,,4.90,0.0445,true,1,119116
7613287182425,false,פאוצ' ויטמינצ'יק תפו,,IL,פאוצ' ויטמינצ'יק תפו,גרמים,110.00,100 גרם,false,,4.90,0.0445,true,1,119117
7613287182456,false,פאוצ' ויטמינצ'יק אגס,,IL,פאוצ' ויטמינצ'יק אגס,גרמים,110.00,100 גרם,false,,4.90,0.0445,true,1,119118
7613287186928,false,סטארבקס קפסולות ברקפ,נסטלה,CH,סטארבקס קפסולות ברקפ,גרמים,56.00,100 גרם,false,,21.90,0.3911,true,1,119053
7613287302373,false,סטארבקס קפסולות איטל,נסטלה,CH,סטארבקס קפסולות איטל,גרמים,56.00,100 גרם,false,,21.90,0.3911,true,1,117521
7613287325808,false,רוטב איולי שום לחיץ,אסם,PL,רוטב איולי שום לחיץ,גרמים,295.00,100 גרם,false,,14.90,0.0505,true,1,119618
7613287325822,false,רוטב מיקס לחיץ,אסם,PL,רוטב מיקס לחיץ,גרמים,295.00,100 גרם,false,,14.90,0.0505,true,1,119619
7613287325952,false,רוטב ברביקיו לחיץ,אסם,PL,רוטב ברביקיו לחיץ,גרמים,345.00,100 גרם,false,,14.90,0.0432,true,1,119625
7613287394323,false,מולטי ציריוס 600 גרם,CP UK,GB,CHEERIOS,גרמים,600.00,100 גרם,false,,19.90,0.0332,true,1,118774
7613287476678,false,סיני מיניס צ'ורוס 36,נסטלה,US,TRIX,גרמים,360.00,100 גרם,false,,19.90,0.0553,true,1,119051
7613287821348,false,נתחוני עוף טבעוני סנ,טבעול צ'כיה,,נתחוני עוף טבעוני סנ,גרמים,350.00,100 גרם,false,,34.90,0.0997,true,1,120009
7613287855640,false,סטארבקס קפסולות גווט,נסטלה,CH,סטארבקס קפסולות גווט,גרמים,52.00,100 גרם,false,,21.90,0.4212,true,1,125291
7622010001858,false,אוראו וניל 176 גרם ב,מונדלייז,ES,אוראו,גרמים,176.00,100 גרם,false,,8.90,0.0506,true,1,81287
7622201050757,false,מילקה-שוק' חלב עם קר,מונדלייז,DE,מילקה,גרמים,100.00,100 גרם,false,,5.90,0.0590,true,1,81288
7622201120931,false,מילקה אוראו לבן 100,מונדלייז,UA,מילקה,גרמים,100.00,100 גרם,false,,5.90,0.0590,true,1,121420
7622201127206,false,ממרח שוקולד מילקה 35,מונדלייז,BE,מילקה,גרמים,350.00,100 גרם,false,,17.90,0.0511,true,1,118697
7622201137052,false,מילקה מיני קוקיז 110,מונדלייז,ES,מילקה מיני קוקיז 110,גרמים,110.00,100 גרם,false,,7.90,0.0718,true,1,117657
7622201139278,false,גבינת פילדלפיה 27% ש,מונדלז,ES,פילדלפיה,גרמים,150.00,100 גרם,false,,11.90,0.0793,true,1,112265
7622201502515,false,מילקה קוקי לופ 132 ג,מונדלייז,PL,מילקה,גרמים,132.00,100 גרם,false,,10.90,0.0826,true,1,119492
7622201521493,false,פילדלפיה שום ועשבי ת,מונדלז,ES,פילדלפיה,גרמים,150.00,100 גרם,false,,11.90,0.0793,true,1,123599
7622201798154,false,פילדלפיה לייט 150 גר,מונדלז,ES,פילדלפיה,גרמים,150.00,100 גרם,false,,11.90,0.0793,true,1,119488
7622201801809,false,מילקה- שוק' חלב עם א,מונדלייז,DE,מילקה,גרמים,100.00,100 גרם,false,,5.90,0.0590,true,1,118760
7622201802363,false,מילקה -שוק' חלב עם צ,מונדלייז,DE,מילקה,גרמים,100.00,100 גרם,false,,5.90,0.0590,true,1,118757
7622201802394,false,מילקה - שוק' חלב 100,מונדלייז,DE,מילקה,גרמים,100.00,100 גרם,false,,5.90,0.0590,true,1,118758
7622201808631,false,אוראו מיני כוסות בטע,מונדלז,ID,אוראו,גרמים,67.00,100 גרם,false,,6.90,0.1030,true,1,118759
7622201813390,false,מילקה וואפל במילוי ק,מונדלייז,PL,מילקה,גרמים,150.00,100 גרם,false,,10.90,0.0727,true,1,118468
7622210078131,false,מילקה דיים 100 גרם ח,מונדלייז,DE,מילקה,גרמים,100.00,100 גרם,false,,5.90,0.0590,true,1,81289
7622210163899,false,מילקה שוקולד חלב עם,מונדלייז,DE,מילקה,גרמים,100.00,100 גרם,false,,5.90,0.0590,true,1,89196
7622210453327,false,עוגיות מילקה סנסיישן,מונדלייז,PL,מילקה,גרמים,156.00,100 גרם,false,,10.90,0.0699,true,1,86837
7622210637994,false,אוראו ביס קראנ'צי או,מונדלייז,ES,אוראו,גרמים,110.00,100 גרם,false,,7.90,0.0718,true,1,115706
7622210638021,false,אוראו ביס קראנ'צי בצ,מונדלייז,ES,אוראו,גרמים,110.00,100 גרם,false,,7.90,0.0718,true,1,115707
7622210664150,false,עוגיות אוראו וניל 39,,,אוראו,גרמים,396.00,100 גרם,false,,14.90,0.0376,true,1,125773
7622210826053,false,שוקולד מילקה אוראו ס,מונדלייז,HU,מילקה,גרמים,92.00,100 גרם,false,,5.90,0.0641,true,1,115648
7622300270506,false,מילקה גריינס - עוגיו,מונדלייז,PL,מילקה,גרמים,168.00,100 גרם,false,,10.90,0.0649,true,1,81298
7622300489427,false,עוגיות אוראו בציפוי,מונדלייז,ES,אוראו,גרמים,246.00,100 גרם,false,,14.90,0.0606,true,1,88438
7622300489434,false,עוגיות אוראו בציפוי,מונדלייז,ES,אוראו,גרמים,246.00,100 גרם,false,,14.90,0.0606,true,1,88439
7622300495046,false,מילקה אקסטרה קקאו 10,מונדלייז,DE,מילקה,גרמים,100.00,100 גרם,false,,5.90,0.0590,true,1,81302
7622300503079,false,מילקה מוו 200 גרם,מונדלייז,PL,מילקה,גרמים,168.00,100 גרם,false,,10.90,0.0649,true,1,81304
7622300617820,false,מילקה אוראו 100 גרם,מונדלייז,DE,מילקה,גרמים,100.00,100 גרם,false,,5.90,0.0590,true,1,81305
7622400005190,false,מילקה חום לבן חדש,מונדלייז,DE,מילקה,גרמים,100.00,100 גרם,false,,5.90,0.0590,true,1,81307
7630477891592,false,סטארבקס קפסולות האוס,נסטלה,CH,סטארבקס קפסולות האוס,גרמים,57.00,100 גרם,false,,21.90,0.3842,true,1,115306
7630477891639,false,סטארבקס קפסולות ורונ,נסטלה,CH,סטארבקס קפסולות ורונ,גרמים,55.00,100 גרם,false,,21.90,0.3982,true,1,115308
7630477891677,false,סטארבקס קפסולות פייק,נסטלה,CH,סטארבקס קפסולות פייק,גרמים,53.00,100 גרם,false,,21.90,0.4132,true,1,115310
7630477891691,false,סטארבקס קפסולות קולו,נסטלה,CH,סטארבקס קפסולות קולו,גרמים,57.00,100 גרם,false,,21.90,0.3842,true,1,115311
7630477891714,false,סטארבקס קפסולות אספר,נסטלה,CH,סטארבקס קפסולות אספר,גרמים,57.00,100 גרם,false,,21.90,0.3842,true,1,115313
7630477891738,false,סטארבקס קפסולות אספר,נסטלה,CH,סטארבקס קפסולות אספר,גרמים,53.00,100 גרם,false,,21.90,0.4132,true,1,115312
7638900083071,false,סוללות A76 זוג,אנרג'ייזר,CN,סוללות A76 זוג,יח',1.00,יח',false,,14.90,14.9000,true,1,106041
7638900248333,false,סוללות 2025 זוג,אנרג'ייזר,CN,סוללות 2025 זוג,יח',1.00,יח',false,,19.90,19.9000,true,1,106042
7690589856667,false,מוצרי נייס,,,מוצרי נייס,יח',1.00,יח',false,,12.90,12.9000,true,1,62245
7702018401147,false,רביעיית סכיני וונוס,,,רביעיית סכיני וונוס,יח,4.00,יח,false,,59.90,14.9750,true,1,114355
7702018610280,false,פרוגלייד ידית+4 סכינ,פרוקטר אנד גמבל,PL,גילט,יח,1.00,יח,false,,99.90,99.9000,true,1,123555
7702018610303,false,סקינגארד אלוורה ידית,פרוקטר אנד גמבל,PL,גילט,יח,1.00,יח,false,,99.90,99.9000,true,1,123556
7702024074625,false,חטיפי קרקר פיטנס חיט,,CO,חטיפי קרקר פיטנס חיט,גרמים,234.00,100 גרם,false,,11.90,0.0509,true,1,93262
7702024258322,false,חטיפי קרקר פיטנס צ'י,,CO,חטיפי קרקר פיטנס צ'י,גרמים,234.00,100 גרם,false,,11.90,0.0509,true,1,115415
7702174066631,false,לקקנים פין פופ 10 יח,אלדור,EC,יוגטה,יח',10.00,יח',false,,7.90,0.7900,true,1,47927
7702174068826,false,לקקן יוגטה 12 יח שקי,אלדור,EC,יוגטה,גרמים,300.00,100 גרם,false,,8.90,0.0297,true,1,47933
7702174068833,false,לקקן יוגטה 12 יח שקי,אלדור,EC,יוגטה,גרמים,216.00,100 גרם,false,,8.90,0.0412,true,1,47936
7702174070201,false,לקקן יוגטה 12 יח שקי,אלדור,EC,יוגטה,גרמים,216.00,100 גרם,false,,8.90,0.0412,true,1,47940
7702174073783,false,לקקן פין פופ טעם קול,אלדור,CO,יוגטה לקקנים,גרמים,180.00,100 גרם,false,,7.90,0.0439,true,1,47942
7754617030150,false,נורת לד 15 וואט,,,נורת לד 15 וואט,יח',1.00,יח',false,,12.90,12.9000,true,1,110232
7754617035551,false,ת.חרום ניידת ליתיום,,,ת.חרום ניידת ליתיום,יח',1.00,יח',false,,34.90,34.9000,true,1,116077
7791875005353,false,הוואנה דולצה דה לצה,פרימיום ברנד,ES,הוואנה דולצה דה לצה,גרמים,450.00,100 גרם,false,,18.90,0.0420,true,1,123034
7792860006218,false,בייבי דול לקקן רביעי,לרטייר,AR,בייבידול,גרמים,24.00,100 גרם,false,,2.50,0.1042,true,1,32755
7798150160066,false,אוכמניות,,,אוכמניות,יח,1.00,יח,false,,9.90,9.9000,true,1,126937
7804414000860,false,*מבצע* דון חוליו קבר,לואיס פליפה אדוארדס,CL,דון חוליו,מיליליטרים,750.00,"100 מ""ל",false,,24.90,0.0332,true,1,45388
7804414000877,false,*מבצע* דון חוליו מרל,לואיס פליפה אדוארדס,CL,דון חוליו,מיליליטרים,750.00,"100 מ""ל",false,,24.90,0.0332,true,1,45389
7804414000884,false,*מבצע* דון חוליו שרד,לואיס פליפה אדוארדס,CL,דון חוליו,מיליליטרים,750.00,"100 מ""ל",false,,24.90,0.0332,true,1,45390
7804414012351,false,*מבצע* דון חוליו מלב,לואיס פליפה אדוארדס,CL,דון חוליו,מיליליטרים,750.00,"100 מ""ל",false,,24.90,0.0332,true,1,45396
7804414012368,false,*מבצע* דון חוליו רוז,לואיס פליפה אדוארדס,CL,דון חוליו,מיליליטרים,750.00,"100 מ""ל",false,,24.90,0.0332,true,1,45397
7891024124826,false,קולגייט משחת אופטיק,Colgate - Brazil,BR,קולגייט,מיליליטרים,75.00,"100 מ""ל",false,,19.90,0.2653,true,1,78749
7900250001006,false,מברשת שיער,,,מברשת שיער,יח',1.00,יח',false,,15.90,15.9000,true,1,62246
8000070003798,false,קפסולות לוואצה אמודו,לואיג'י לוואצה,IT,קפסולות לוואצה אמודו,גרמים,120.00,100 גרם,false,,29.90,0.2492,true,1,126234
8000070003811,false,קפסולות לוואצה אמודו,לואיג'י לוואצה,IT,קפסולות לוואצה אמודו,גרמים,120.00,100 גרם,false,,29.90,0.2492,true,1,126235
8000070038868,false,קפה לוואצה גוסטו,לווצה טורינו,IT,LAVAZZA,גרמים,250.00,100 גרם,false,,29.90,0.1196,true,1,52980
8000070053472,false,קפסולות קפה לוואצה ק,לואיג'י לוואצה,IT,קפסולות קפה לוואצה ק,גרמים,57.00,100 גרם,false,,19.90,0.3491,true,1,126929
8000070055254,false,קפסולות קפה לוואצה ק,לואיג'י לוואצה,IT,קפסולות קפה לוואצה ק,גרמים,55.00,100 גרם,false,,19.90,0.3618,true,1,126926
8000070059832,false,קפסולות קפה לוואצה ק,לואיג'י לוואצה,IT,קפסולות קפה לוואצה ק,גרמים,55.00,100 גרם,false,,19.90,0.3618,true,1,126930
8000070064577,false,קפסולות לוואצה אמודו,לואיג'י לוואצה,IT,קפסולות לוואצה אמודו,גרמים,120.00,100 גרם,false,,29.90,0.2492,true,1,126236
8000215202413,false,Vitariz - מעדן אורז,,,Vitariz - מעדן אורז,יחידה,400.00,יחידה,false,,15.90,0.0398,true,1,123427
8000215204219,false,Vitariz - משקה אורז,,,משקה אורז אורגני,ליטרים,1.00,ליטר,false,,12.90,12.9000,true,1,52982
8000215204240,false,Vitariz - משקה שקדים,נטורפוד,IT,משקה שקדים אורגני,ליטרים,1.00,ליטר,false,,12.90,12.9000,true,1,52984
8000215204387,false,ויטריז לבישול - רוטב,,,ויטריז לבישול - רוטב,גרמים,500.00,100 גרם,false,,13.90,0.0278,true,1,123429
8000215204561,false,Vitasi - משקה שקדים,,,Vitasi - משקה שקדים,יחידה,0.00,יחידה,false,,15.90,0.0000,true,1,123431
8000215204653,false,Vitasi - משקה סויה א,,,Vitasi - משקה סויה א,יחידה,0.00,יחידה,false,,10.90,0.0000,true,1,123432
8000215204677,false,Vitariz - משקה שיבול,אלינור,IT,Vitariz - משקה שיבול,ליטרים,1.00,ליטר,false,,12.90,12.9000,true,1,121691
8000215204714,false,Primavena - משקה שיב,,,משקה שיבולת שועל אורגני,ליטרים,1.00,ליטר,false,,12.90,12.9000,true,1,52990
8000215204745,false,Primavena - משקה שיב,,,Primavena - משקה שיב,יחידה,0.00,יחידה,false,,12.90,0.0000,true,1,123433
8000380003723,false,לואקר אגוז גרנד פטיס,לואקר,IT,לואקר,גרמים,100.00,100 גרם,false,,11.90,0.1190,true,1,47959
8000380003761,false,לואקר קוקוס גרנד פטי,לואקר,IT,לואקר קוקוס,גרמים,100.00,100 גרם,false,,11.90,0.1190,true,1,47963
8000380004669,false,וופל לואקר קקאו 200,לואקר,AT,לואקר,גרמים,200.00,100 גרם,false,,11.90,0.0595,true,1,47969
8000380004676,false,וופל וניל 200 גרם,לואקר,AT,לואקר,גרמים,200.00,100 גרם,false,,11.90,0.0595,true,1,47971
8000380004911,false,וופל לואקר קודרטיני,לואקר,AT,לואקר,גרמים,250.00,100 גרם,false,,13.90,0.0556,true,1,47976
8000380004942,false,וופל לואקר קודרטיני,לואקר,AT,לואקר,גרמים,250.00,100 גרם,false,,13.90,0.0556,true,1,47980
8000380004966,false,וופל לואקר קודרטיני,לואקר,AT,לואקר,גרמים,250.00,100 גרם,false,,13.90,0.0556,true,1,47982
8000380005598,false,טורטינה שישייה מריר,לואקר,IT,לואקר,גרמים,125.00,100 גרם,false,,15.90,0.1272,true,1,47984
8000380007219,false,לואקר אגוז 175 גרם,לואקר,AT,לואקר,גרמים,175.00,100 גרם,false,,10.90,0.0623,true,1,47995
8000380007257,false,וופל גרדנה אגוז 200,לואקר,IT,לואקר,גרמים,200.00,100 גרם,false,,13.90,0.0695,true,1,47999
8000380007264,false,לואקר קקאו 175 גרם,לואקר,AT,לואקר,גרמים,175.00,100 גרם,false,,10.90,0.0623,true,1,48001
8000380007271,false,לואקר חלב 175 גרם,לואקר,AT,לואקר,גרמים,175.00,100 גרם,false,,10.90,0.0623,true,1,48003
8000380106028,false,טורטינה שישייה חלב,לואקר,IT,לואקר,גרמים,125.00,100 גרם,false,,15.90,0.1272,true,1,48007
8000380142484,false,וופל לואקר קודרטיני,לואקר,AT,לואקר,גרמים,250.00,100 גרם,false,,13.90,0.0556,true,1,48009
8000380144044,false,וופל גרדנה שוקולד 20,לואקר,AT,וופל גרדנה שוקולד 200גר,גרמים,200.00,100 גרם,false,,13.90,0.0695,true,1,48014
8000380148035,false,לואקר מריר אגוזים,לואקר,,לואקר מריר אגוזים,גרמים,100.00,100 גרם,false,,11.90,0.1190,true,1,48016
8000380153534,false,טורטינה שישייה לבן,לואקר,IT,לואקר,גרמים,125.00,100 גרם,false,,15.90,0.1272,true,1,48033
8000380156009,false,לואקר דולומיטים שוקו,,,בונבוניירה ורד הדולמיטים,גרמים,150.00,100 גרם,false,,21.90,0.1460,true,1,48040
8000380157440,false,שוקולד לואקר אגוזי ל,לואקר,IT,לואקר,גרמים,85.00,100 גרם,false,,6.90,0.0812,true,1,48046
8000380157570,false,לואקר אגוז 50% תוספת,לואקר,AT,לואקר,גרמים,262.50,100 גרם,false,,9.90,0.0377,true,1,48047
8000380157587,false,לואקר שוקולד 50% תוס,לואקר,AT,לואקר,גרמים,262.50,100 גרם,false,,9.90,0.0377,true,1,48048
8000380180721,false,לואקר אגוז 175 גרם ש,לואקר,AT,לואקר,גרמים,175.00,100 גרם,false,,10.90,0.0623,true,1,48051
8000380180745,false,וופל לואקר קודרטיני,לואקר,AT,לואקר,גרמים,250.00,100 גרם,false,,13.90,0.0556,true,1,48052
8000380180837,false,לואקר שוקולד לבן,לואקר,IT,לואקר,גרמים,100.00,100 גרם,false,,11.90,0.1190,true,1,48054
8000380187249,false,עוגיות שקדים לואקר 1,לואקר,IT,עוגיות לואקר,גרמים,100.00,100 גרם,false,,14.90,0.1490,true,1,115731
8000380187300,false,עוגיות פתיתי שלג לוא,לואקר,IT,עוגיות לואקר,גרמים,120.00,100 גרם,false,,14.90,0.1242,true,1,115803
8000380189281,false,מארז מיני מיקס לואקר,לואקר,AT,לואקר,גרמים,210.00,100 גרם,false,,19.90,0.0948,true,1,89496
8000380192151,false,טורטינה שישייה מריר,לואקר,IT,לואקר,גרמים,125.00,100 גרם,false,,15.90,0.1272,true,1,111158
8000380192199,false,לואקר אגוז 175 גרם ד,לואקר,AT,לואקר,גרמים,175.00,100 גרם,false,,10.90,0.0623,true,1,108610
8000380192243,false,לואקר מקסי בטעם אגוז,לואקר,IT,לואקר מקסי בטעם אגוז,גרמים,200.00,100 גרם,false,,12.90,0.0645,true,1,109602
8000380192588,false,וופל לואקר קודרטיני,לואקר,AT,לואקר,גרמים,250.00,100 גרם,false,,13.90,0.0556,true,1,108611
8000380201525,false,חטיפי גראנד פטיסרי,לואקר,IT,לואקר,גרמים,126.00,100 גרם,false,,15.90,0.1262,true,1,119983
8000380201549,false,חטיפי גראנד פטיסרי,לואקר,IT,לואקר,גרמים,126.00,100 גרם,false,,15.90,0.1262,true,1,119984
8000380205523,false,לואקר חמאת בוטנים 17,לואקר,AT,לואקר,גרמים,175.00,100 גרם,false,,10.90,0.0623,true,1,122388
8000380206896,false,וופל גרדנה חמאת בוטנ,לואקר,IT,לואקר,גרמים,200.00,100 גרם,false,,13.90,0.0695,true,1,122389
8000500009673,false,פררו רושה 300 גרם,פררו,IT,פררו,גרמים,300.00,100 גרם,false,,44.90,0.1497,true,1,72601
8000500023624,false,קינדר הפי-היפו חמישי,פררו,IT,פררו,גרמים,103.00,100 גרם,false,,11.90,0.1155,true,1,72603
8000500023976,false,רפאלו 150 גרם,פררו,IT,פררו,גרמים,150.00,100 גרם,false,,14.90,0.0993,true,1,72605
8000500026731,false,ביצת קינדר שלישייה,פררו,IT,פררו,יח',3.00,יח',false,,13.90,4.6333,true,1,72607
8000500029350,false,בואנו שלשות חלב,פררו,PL,פררו,גרמים,129.00,100 גרם,false,,9.90,0.0767,true,1,72610
8000500032237,false,פררו רושה 375 גרם,פררו,IT,פררו,גרמים,375.00,100 גרם,false,,39.90,0.1064,true,1,72611
8000500037874,false,פררו רושה 200 גרם,פררו,IT,פררו,גרמים,200.00,100 גרם,false,,22.90,0.1145,true,1,72614
8000500075708,false,קינדר ג'וי שלישיה כח,פררו,ZA,פררו,גרמים,60.00,100 גרם,false,,13.90,0.2317,true,1,72618
8000500121436,false,בואנו שלשות לבן,פררו,PL,פררו,גרמים,129.00,100 גרם,false,,9.90,0.0767,true,1,72622
8000500127728,false,קינדר מילק סלייס עוג,פררו,TR,קינדר מילק סלייס עוג,גרמים,112.00,100 גרם,false,,11.90,0.1063,true,1,118098
8000500167656,false,קינדר שוקולד עם דגני,פררו,IT,קינדר שוקולד עם דגני,גרמים,94.00,100 גרם,false,,7.90,0.0840,true,1,110443
8000500224281,false,נוטלה בי רדי 22 גרם,פררו,IT,נוטלה בי רדי 22 גרם,גרמים,22.00,100 גרם,false,,2.90,0.1318,true,1,121257
8000500227848,false,*מבצע* נוטלה בי רדי,פררו,IT,פררו,גרמים,132.00,100 גרם,false,,9.90,0.0750,true,1,89180
8000500249352,false,קינדר בואנו מיני מיק,פררו,PL,קינדר,גרמים,205.00,100 גרם,false,,18.90,0.0922,true,1,85076
8000500256213,false,שוקולד קינדר מיני 12,פררו,IT,שוקולד קינדר מיני 12,גרמים,120.00,100 גרם,false,,9.90,0.0825,true,1,107129
8000500267103,false,*מבצע* קינדר דליס 10,פררו,IT,*מבצע* קינדר דליס 10,יח',10.00,יח',false,,17.90,1.7900,true,1,95610
8000500269169,false,קינדר קארדס חמישייה,פררו,IT,קינדר קארדס חמישייה,גרמים,128.00,100 גרם,false,,12.90,0.1008,true,1,125480
8000500386941,false,נוטלה 900 גרם,פררו,IT,נוטלה 900 גרם,גרמים,900.00,100 גרם,false,,29.90,0.0332,true,1,122664
8001003100218,false,סוכריות ג'לי יוגטה 8,סרז'טו,IT,יוגטה,גרמים,800.00,100 גרם,false,,15.90,0.0199,true,1,48057
8001090184375,false,"פיירי אורגינל 900 מ""",פרוקטר אנד גמבל,GB,פיירי,מיליליטרים,900.00,"100 מ""ל",false,,11.90,0.0132,true,1,124636
8001090184412,false,"פיירי לימון 900 מ""ל",פרוקטר אנד גמבל,GB,פיירי,מיליליטרים,900.00,"100 מ""ל",false,,11.90,0.0132,true,1,124637
8001090222848,false,הרבל אסנסס שמפו 400,פרוקטר אנד גמבל,FR,הרבל אסנסס,מיליליטרים,400.00,"100 מ""ל",false,,14.90,0.0373,true,1,109923
8001090222879,false,הרבל אסנסס מרכך 400,פרוקטר אנד גמבל,FR,הרבל אסנסס,מיליליטרים,400.00,"100 מ""ל",false,,14.90,0.0373,true,1,109924
8001090336354,false,פמפרס בייבי דריי מיד,פרוקטר אנד גמבל,PL,פמפרס,יח,46.00,יח,false,,29.90,0.6500,true,1,111641
8001090336446,false,פמפרס בייבי דריי מיד,פרוקטר אנד גמבל,PL,פמפרס,יח,34.00,יח,false,,29.90,0.8794,true,1,111643
8001090336491,false,פמפרס בייבי דריי מיד,פרוקטר אנד גמבל,PL,פמפרס,יח,31.00,יח,false,,29.90,0.9645,true,1,111644
8001090336521,false,פמפרס בייבי דריי מיד,פרוקטר אנד גמבל,PL,פמפרס,יח,30.00,יח,false,,29.90,0.9967,true,1,111645
8001090336606,false,פמפרס בייבי דריי מיד,פרוקטר אנד גמבל,PL,פמפרס,יח,26.00,יח,false,,29.90,1.1500,true,1,111646
8001090375230,false,"פנטן מרכך 200 מ""ל",פרוקטר אנד גמבל,RO,Pantene,מיליליטרים,200.00,"100 מ""ל",false,,13.90,0.0695,true,1,88655
8001090375285,false,"פנטן מרכך 200 מ""ל",פרוקטר אנד גמבל,RO,Pantene,מיליליטרים,200.00,"100 מ""ל",false,,13.90,0.0695,true,1,88656
8001090379337,false,פמפרס פרימיום VP מיד,פרוקטר אנד גמבל,TR,Pampers,יח',40.00,יח',false,,29.90,0.7475,true,1,87046
8001090379368,false,פמפרס פרימיום VP מיד,פרוקטר אנד גמבל,TR,Pampers,יח',34.00,יח',false,,29.90,0.8794,true,1,87047
8001090379399,false,פמפרס פרימיום VP מיד,פרוקטר אנד גמבל,PL,Pampers,יח',30.00,יח',false,,29.90,0.9967,true,1,87031
8001090493637,false,שמפו שולדרס אולטרא 4,פרוקטר אנד גמבל,RO,H&S,מיליליטרים,450.00,"100 מ""ל",false,,18.90,0.0420,true,1,41055
8001090678195,false,מרכך שולדרס סופרים 2,פרוקטר אנד גמבל,FR,H&S,מיליליטרים,275.00,"100 מ""ל",false,,9.90,0.0360,true,1,107779
8001090678614,false,שמפו שולדרס סופרים,פרוקטר אנד גמבל,FR,H&S,מיליליטרים,400.00,"100 מ""ל",false,,18.90,0.0472,true,1,107782
8001090721099,false,אריאל קפסולות לכביסה,פרוקטר אנד גמבל,FR,Ariel,יח',27.00,יח',false,,29.90,1.1074,true,1,93201
8001090721129,false,אריאל קפסולות לכביסה,פרוקטר אנד גמבל,FR,Ariel,יח',27.00,יח',false,,29.90,1.1074,true,1,93202
8001090734044,false,מגן תחתון אולווייז מ,פרוקטר אנד גמבל,UA,אולוייז,יח',64.00,יח',false,,17.90,0.2797,true,1,88118
8001090740717,false,מגן תחתון אולדייז מג,פרוקטר אנד גמבל,DE,Fem Care,יח',76.00,יח',false,,17.90,0.2355,true,1,88119
8001090745903,false,"טייד 4 ק""ג",פרוקטר אנד גמבל,TR,טייד,קילוגרמים,4.00,"ק""ג",false,,24.90,6.2250,true,1,89394
8001090832450,false,פנטן שמפו נוסחה קלאס,פרוקטר אנד גמבל,RO,פנטן,מיליליטרים,660.00,"100 מ""ל",false,,19.90,0.0302,true,1,114404
8001090832535,false,פנטן שמפו שמן מרוקאי,פרוקטר אנד גמבל,RO,פנטן,מיליליטרים,660.00,"100 מ""ל",false,,19.90,0.0302,true,1,114405
8001090832573,false,פנטן שמפו לחות מוגבר,פרוקטר אנד גמבל,RO,פנטן,מיליליטרים,660.00,"100 מ""ל",false,,19.90,0.0302,true,1,114406
8001090832610,false,פנטן שמפו למגע רך כמ,פרוקטר אנד גמבל,RO,פנטן,מיליליטרים,660.00,"100 מ""ל",false,,19.90,0.0302,true,1,114407
8001090832696,false,פנטן שמפו לתלתלים מו,פרוקטר אנד גמבל,RO,פנטן,מיליליטרים,660.00,"100 מ""ל",false,,19.90,0.0302,true,1,114408
8001090832771,false,פנטן שמפו הזנת קרטין,פרוקטר אנד גמבל,RO,פנטן,מיליליטרים,660.00,"100 מ""ל",false,,19.90,0.0302,true,1,114409
8001090832818,false,פנטן קונדישנר נוסחה,פרוקטר אנד גמבל,RO,פנטן,מיליליטרים,660.00,"100 מ""ל",false,,19.90,0.0302,true,1,114410
8001090832856,false,פנטן קונדישנר מרוקאי,פרוקטר אנד גמבל,RO,פנטן,מיליליטרים,660.00,"100 מ""ל",false,,19.90,0.0302,true,1,114411
8001090832894,false,פנטן קונדישנר לחות מ,פרוקטר אנד גמבל,RO,פנטן,מיליליטרים,660.00,"100 מ""ל",false,,19.90,0.0302,true,1,114412
8001090832931,false,פנטן קונדישנר למגע ר,פרוקטר אנד גמבל,RO,פנטן,מיליליטרים,660.00,"100 מ""ל",false,,19.90,0.0302,true,1,114413
8001090832979,false,פנטן מרכך לתלתלים מו,פרוקטר אנד גמבל,RO,פנטן,מיליליטרים,660.00,"100 מ""ל",false,,19.90,0.0302,true,1,114414
8001090833051,false,פנטן מרכך הזנת קרטין,פרוקטר אנד גמבל,RO,פנטן,מיליליטרים,660.00,"100 מ""ל",false,,19.90,0.0302,true,1,114415
8001090833198,false,אריאל גל בניחוח רענן,פרוקטר אנד גמבל,FR,Ariel,ליטרים,2.37,ליטר,false,,27.90,11.7722,true,1,106711
8001090891273,false,לנור כדוריות 210 גרם,פרוקטר אנד גמבל,US,לנור,גרמים,210.00,100 גרם,false,,24.90,0.1186,true,1,117507
8001090899194,false,תחבושת אולוויז פלטינ,פרוקטר אנד גמבל,DE,אולוויז,יח,24.00,יח,false,,17.90,0.7458,true,1,111000
8001090899224,false,תחבושת אולוויז פלטינ,פרוקטר אנד גמבל,DE,אולוויז,יח,20.00,יח,false,,17.90,0.8950,true,1,111001
8001090899255,false,תחבושת אולוויז פלטינ,פרוקטר אנד גמבל,DE,אולוויז,יח,16.00,יח,false,,17.90,1.1187,true,1,111002
8001090899286,false,תחבושת אולוויז פלטינ,פרוקטר אנד גמבל,DE,אולוויז,יח,14.00,יח,false,,17.90,1.2786,true,1,111003
8001090992338,false,פיירי טבליות למדיח פ,פרוקטר אנד גמבל,BE,פיירי,יח',50.00,יח',false,,44.90,0.8980,true,1,112202
8001160001786,false,משקה גטורייד ספורט כ,ALOE VERA HEAVEN SRL,IT,גטורייד,מיליליטרים,500.00,"100 מ""ל",false,,9.90,0.0198,true,1,116833
8001620015629,false,פרוטה תפוז ותפוז אדו,סאן בנדטו,,פרוטה תפוז ותפוז אדו,מיליליטרים,400.00,"100 מ""ל",false,,6.50,0.0163,true,1,121438
8001620018408,false,פרוטה מנגו תפוח 400,סאן בנדטו,,פרוטה מנגו תפוח 400,מיליליטרים,400.00,"100 מ""ל",false,,6.50,0.0163,true,1,121440
8001841006710,false,לנור כדוריות בניחוח,פרוקטר אנד גמבל,GB,לנור,גרמים,210.00,100 גרם,false,,24.90,0.1186,true,1,117508
8001841053684,false,תחבושות אולוויז עבה,פרוקטר אנד גמבל,HU,אולוויז,יח',12.00,יח',false,,9.90,0.8250,true,1,108219
8001841096889,false,פיירי קלאסי לימון 90,פרוקטר אנד גמבל,TR,פיירי,מיליליטרים,900.00,"100 מ""ל",false,,6.90,0.0077,true,1,105616
8001841104751,false,פמפרס פרימיום VP מיד,פרוקטר אנד גמבל,TR,Pampers,יח',52.00,יח',false,,29.90,0.5750,true,1,111609
8001841137216,false,קונדישנר הד שולדרס 2,פרוקטר אנד גמבל,RO,הד שולדרס,מיליליטרים,275.00,"100 מ""ל",false,,10.90,0.0396,true,1,111027
8001841427126,false,מגן תח. אולוויז מגה,פרוקטר אנד גמבל,DE,אולוויז,יח',64.00,יח',false,,17.90,0.2797,true,1,115030
8001841566771,false,לנור כדוריות 210 גרם,פרוקטר אנד גמבל,US,לנור,גרמים,210.00,100 גרם,false,,24.90,0.1186,true,1,117509
8001841625188,false,פיירי לימון פלטיניום,פרוקטר אנד גמבל,GB,פיירי,מיליליטרים,515.00,"100 מ""ל",false,,8.90,0.0173,true,1,113234
8001841625362,false,פיירי פלטינום לימון,פרוקטר אנד גמבל,GB,פיירי,מיליליטרים,780.00,"100 מ""ל",false,,11.90,0.0153,true,1,124690
8001841625461,false,פיירי פלטיניום 515 מ,פרוקטר אנד גמבל,GB,פיירי,מיליליטרים,515.00,"100 מ""ל",false,,8.90,0.0173,true,1,113299
8001841625508,false,פיירי פלטיניום 1.015,,,פיירי פלטיניום 1.015,ליטרים,1.01,ליטר,false,,12.90,12.7723,true,1,115870
8001841669465,false,אריאל קפסולות לכביסה,פרוקטר אנד גמבל,FR,Ariel,יח',24.00,יח',false,,29.90,1.2458,true,1,117832
8001841680989,false,מגן תח. אולוויז מגה,פרוקטר אנד גמבל,DE,אולוויז,יח',60.00,יח',false,,17.90,0.2983,true,1,115031
8001841941929,false,אולוויז וליו פק לילי,פרוקטר אנד גמבל,DE,אולוויז,יח',16.00,יח',false,,17.90,1.1187,true,1,119802
8001841943961,false,לנור כדוריות 210 גרם,פרוקטר אנד גמבל,US,לנור,גרמים,210.00,100 גרם,false,,24.90,0.1186,true,1,117510
8002270015656,false,מים סאן פלגרינו 750,ברקן סגל,IL,ס.פלגרינו,מיליליטרים,750.00,"100 מ""ל",false,,9.50,0.0127,true,1,46082
8002270866524,false,מים סן פלגרינו 1 ליט,ברקן סגל,IL,ס.פלגרינו,ליטרים,1.00,ליטר,false,,8.90,8.9000,true,1,46086
8002450201008,false,*מבצע* ורדי רסברי,בוסקה,IT,ורדי,מיליליטרים,750.00,"100 מ""ל",false,,19.90,0.0265,true,1,45402
8002450203002,false,*מבצע* ורדי אבטיח,בוסקה,IT,ורדי,מיליליטרים,750.00,"100 מ""ל",false,,19.90,0.0265,true,1,107520
8002450204009,false,*מבצע* ורדי אפרסק,בוסקה,IT,ורדי,מיליליטרים,750.00,"100 מ""ל",false,,19.90,0.0265,true,1,45407
8002450205006,false,*מבצע* ורדי תות שדה,בוסקה,IT,ורדי,מיליליטרים,750.00,"100 מ""ל",false,,19.90,0.0265,true,1,45409
8002450206003,false,*מבצע* ורדי רימונים,בוסקה,IT,ורדי,מיליליטרים,750.00,"100 מ""ל",false,,19.90,0.0265,true,1,45417
8002450208007,false,*מבצע* ורדי גרין אפל,בוסקה,IT,ורדי,מיליליטרים,750.00,"100 מ""ל",false,,19.90,0.0265,true,1,45426
8003340091280,false,לינדור בונבוניירה 60,לינדט ושפרונגלי קילש,CH,בונבוניירה לינדור 200 גרם,גרמים,200.00,100 גרם,false,,22.90,0.1145,true,1,32756
8003653008258,false,"מגב לרצפה 44 ס""מ עם",TONKITA,IT,טונקיטה,יח',1.00,יח',false,,19.90,19.9000,true,1,41181
8003653008708,false,"מגב ריצפה 55 ס""מ",TONKITA,IT,טונקיטה,יח',1.00,יח',false,,29.90,29.9000,true,1,41183
8003653010305,false,מטאטא,TONKITA,IT,טונקיטה,יח',1.00,יח',false,,24.90,24.9000,true,1,41186
8004030022010,false,ריו מארה אינסלטיסימי,בולטון,IT,ריו מרה טונה ירקות גינה 1,גרמים,160.00,100 גרם,false,,16.90,0.1056,true,1,78756
8004030026018,false,ריו מרה אנסלטיסימי מ,בולטון,IT,ריו מרה טונה מקסיקני 160,גרמים,160.00,100 גרם,false,,16.90,0.1056,true,1,78757
8004030044005,false,ריו מרה טונה בשמן זי,BOLTON GROUP- RIO,IT,ריו מרה,גרמים,160.00,100 גרם,false,,18.90,0.1181,true,1,78758
8004030081024,false,ריו מרה טונה בשמן זי,BOLTON GROUP- RIO,IT,ריו מרה,גרמים,160.00,100 גרם,false,,18.90,0.1181,true,1,78759
8004030102033,false,ריו מרה טונה בשמן זי,BOLTON GROUP- RIO,IT,ריו מרה,גרמים,240.00,100 גרם,false,,27.90,0.1162,true,1,106544
8004030180000,false,ריו מרה בשמן זית 3*8,בולטון,IT,ריו מרה בשמן זית 3*8,גרמים,240.00,100 גרם,false,,25.90,0.1079,true,1,123914
8004030344938,false,ריו מרה טונה בשמן זי,BOLTON GROUP- RIO,IT,ריו מרה,גרמים,240.00,100 גרם,false,,27.90,0.1162,true,1,78762
8004030845046,false,ריו מארה אינסלטיסימי,בולטון,IT,ריו מרה טונה מקסיקני 160,גרמים,160.00,100 גרם,false,,16.90,0.1056,true,1,108493
8004030860001,false,ריו מרה אינסלטיסמי ק,בולטון,IT,ריו מרה טונה ירקות גינה 1,גרמים,160.00,100 גרם,false,,16.90,0.1056,true,1,78764
8004800005519,false,*מבצע* גלילי וופל לא,לאגו,IT,*מבצע* גלילי וופל לא,גרמים,125.00,100 גרם,false,,7.90,0.0632,true,1,125050
8004800005526,false,*מבצע* גלילי וופל לא,לאגו,IT,*מבצע* גלילי וופל לא,גרמים,125.00,100 גרם,false,,7.90,0.0632,true,1,125051
8005110170300,false,שלישיית עגבניות מרוס,mutti s.p.a,IT,MUTTI,גרמים,400.00,100 גרם,false,,17.90,0.0447,true,1,74333
8005110171215,false,עגבניות חתוכות 690 ג,mutti s.p.a,IT,עגבניות חתוכות 690 ג,גרמים,690.00,100 גרם,false,,13.90,0.0201,true,1,93210
8005110551253,false,רוטב לפיצה 400 גרם,mutti s.p.a,IT,MUTTI,גרמים,400.00,100 גרם,false,,7.90,0.0198,true,1,113232
8005200256587,false,נסטי בטעם אפרסק 1.5,סן-פלגרינו,IL,נסטי,ליטרים,1.50,ליטר,false,,8.30,5.5333,true,1,120275
8005200286584,false,נסטי בטעם מנגו אננס,סן-פלגרינו,IL,נסטי,ליטרים,1.50,ליטר,false,,8.30,5.5333,true,1,120276
8005200316588,false,נסטי בטעם אפרסק דיאט,סן-פלגרינו,IL,נסטי,ליטרים,1.50,ליטר,false,,7.90,5.2667,true,1,120277
8005803010357,false,גריסיני קלאסי 125 גר,הוסטה איטליה,IT,גריסיני קלאסי 125 גר,גרמים,125.00,100 גרם,false,,5.90,0.0472,true,1,48068
8005803010371,false,גריסיני רוזמרין 125,הוסטה איטליה,IT,גריסיני רוזמרין 125,גרמים,125.00,100 גרם,false,,5.90,0.0472,true,1,48069
8005803010586,false,גריסיני פיצה 125 גרם,הוסטה איטליה,IT,גריסיני פיצה 125 גרם,גרמים,125.00,100 גרם,false,,5.90,0.0472,true,1,48070
8005803010661,false,גריסיני שומשום 125 ג,הוסטה איטליה,IT,גריסיני שומשום 125 ג,גרמים,125.00,100 גרם,false,,5.90,0.0472,true,1,48071
8006540091937,false,לנור כדוריות בניחוח,פרוקטר אנד גמבל,GB,לנור,גרמים,210.00,100 גרם,false,,24.90,0.1186,true,1,119738
8006540112823,false,מרכך לנור מרוכז בניח,פרוקטר אנד גמבל,FR,לנור,מיליליטרים,900.00,"100 מ""ל",false,,14.90,0.0166,true,1,118229
8006540112854,false,מרכך לנור מרוכז בניח,פרוקטר אנד גמבל,FR,לנור,מיליליטרים,900.00,"100 מ""ל",false,,14.90,0.0166,true,1,118231
8006540352960,false,טמפונים טמפקס פרל רג,פרוקטר אנד גמבל,HU,Fem Care,יח',20.00,יח',false,,19.90,0.9950,true,1,120169
8006540353004,false,טמפונים טמפקס פרל סו,פרוקטר אנד גמבל,HU,Fem Care,יח',18.00,יח',false,,19.90,1.1056,true,1,120172
8006540358498,false,טמפונים טמפקס פרל סו,פרוקטר אנד גמבל,HU,Fem Care,יח',18.00,יח',false,,19.90,1.1056,true,1,120384
8006540383018,false,פיירי  פלטינום פלוס,פרוקטר אנד גמבל,BE,פיירי,יח',23.00,יח',false,,34.90,1.5174,true,1,122540
8006540383087,false,פיירי טבליות למדיח פ,פרוקטר אנד גמבל,BE,פיירי,יח',42.00,יח',false,,44.90,1.0690,true,1,122541
8006540404898,false,תחבושות אולוויז דיסק,p&g,DE,תחבושות אולוויז דיסק,יח',8.00,יח',false,,14.90,1.8625,true,1,125755
8006540404935,false,תחבושות אולוויז דיסק,p&g,DE,תחבושות אולוויז דיסק,יח',12.00,יח',false,,14.90,1.2417,true,1,125760
8006540405031,false,תחבושות אולוויז דיסק,p&g,DE,תחבושות אולוויז דיסק,יח',16.00,יח',false,,14.90,0.9313,true,1,125761
8006540425930,false,אריאל קפסולות לכביסה,פרוקטר אנד גמבל,FR,Ariel,יח',24.00,יח',false,,29.90,1.2458,true,1,120534
8006540429327,false,"פיירי לימון 440 מ""ל",,CZ,"פיירי לימון 440 מ""ל",מיליליטרים,440.00,"100 מ""ל",false,,8.90,0.0202,true,1,121321
8006540463550,false,פיירי טבליות למדיח פ,פרוקטר אנד גמבל,BE,פיירי,יח',63.00,יח',false,,44.90,0.7127,true,1,124207
8006540491539,false,פיירי פלטינום אורגינ,פרוקטר אנד גמבל,GB,פיירי,מיליליטרים,780.00,"100 מ""ל",false,,11.90,0.0153,true,1,124691
8006540495186,false,מרכך לנור מרוכז בייב,פרוקטר אנד גמבל,FR,לנור,מיליליטרים,900.00,"100 מ""ל",false,,14.90,0.0166,true,1,123666
8006540495216,false,מרכך לנור מרוכז בניו,פרוקטר אנד גמבל,FR,לנור,מיליליטרים,900.00,"100 מ""ל",false,,14.90,0.0166,true,1,123830
8006540495247,false,מרכך לנור מרוכז פרחי,פרוקטר אנד גמבל,FR,לנור,מיליליטרים,900.00,"100 מ""ל",false,,14.90,0.0166,true,1,126843
8007178120310,false,חומץ בלסמי גקובזי 50,FATTORIE GIACOBAZZI,IT,ז'קובזי,מיליליטרים,500.00,"100 מ""ל",false,,17.90,0.0358,true,1,81310
8007270126791,false,קוסטה דאורו - שמן זי,,,קוסטה דאורו - שמן זי,גרמים,750.00,100 גרם,false,,42.90,0.0572,true,1,123444
8007520024426,false,מור יוניקו מונופקטאי,,,מור יוניקו מונופקטאי,גרמים,150.00,100 גרם,false,,5.90,0.0393,true,1,126772
8007520096003,false,"מורנדו לכלב 4 ק""ג",,,"מורנדו לכלב 4 ק""ג",קילוגרמים,3.80,"ק""ג",false,,49.90,13.1316,true,1,115457
8008245004847,false,*מבצע* ממרח אגוזי לו,נאטקו,IT,*מבצע* ממרח אגוזי לו,גרמים,300.00,100 גרם,false,,12.90,0.0430,true,1,118286
8008245004861,false,*מבצע* ממרח אגוזי לו,נאטקו,IT,*מבצע* ממרח אגוזי לו,גרמים,300.00,100 גרם,false,,12.90,0.0430,true,1,118287
8008660210021,false,*מבצע* מעדן דובדבן מ,מנד אנד גאסר,IT,*מבצע* מעדן דובדבן מ,גרמים,300.00,100 גרם,false,,14.90,0.0497,true,1,76226
8008660210038,false,*מבצע* מעדן תות שדה,מנד אנד גאסר,IT,*מבצע* מעדן תות שדה,גרמים,300.00,100 גרם,false,,14.90,0.0497,true,1,76227
8008660210045,false,*מבצע* מעדן פירות יע,מנד אנד גאסר,IT,*מבצע* מעדן פירות יע,גרמים,300.00,100 גרם,false,,14.90,0.0497,true,1,76228
8008698003961,false,מקלות בציפוי שוקולד,schar,IT,מקלות בציפוי שוקולד,גרמים,110.00,100 גרם,false,,21.90,0.1991,true,1,120614
8008698004548,false,ביסקוויט בציפוי קרם,,IT,ביסקוויט בציפוי קרם,גרמים,150.00,100 גרם,false,,16.90,0.1127,true,1,75191
8008857114484,false,פסטה רג'יה ללא גלוטן,רגיה,IT,פסטה רג'יה ללא גלוטן,גרמים,400.00,100 גרם,false,,8.90,0.0223,true,1,123261
8008857200194,false,פסטה רג'יה ספגטי 500,רגיה,IT,תומר,גרמים,500.00,100 גרם,false,,4.90,0.0098,true,1,59993
8008857200200,false,פסטה רג'יה ספגטי דק,,,פסטה רג'יה איטלקית 500 גר,גרמים,500.00,100 גרם,false,,4.90,0.0098,true,1,59995
8008857300238,false,פסטה רג'יה גליל 500,רגיה,IT,תומר,גרמים,500.00,100 גרם,false,,4.90,0.0098,true,1,59997
8008857300344,false,פסטה רג'יה צינור 500,רגיה,IT,תומר,גרמים,500.00,100 גרם,false,,4.90,0.0098,true,1,60000
8008857300481,false,פסטה רג'יה בורג  500,רגיה,IT,תומר,גרמים,500.00,100 גרם,false,,4.90,0.0098,true,1,60001
8008857300580,false,פסטה רג'יה איטלקית 5,,,פסטה רג'יה איטלקית 5,גרמים,500.00,100 גרם,false,,4.90,0.0098,true,1,117876
8008857300603,false,פסטה רג'יה איטלקית 5,,,פסטה רג'יה איטלקית 5,גרמים,500.00,100 גרם,false,,4.90,0.0098,true,1,120066
8008857300634,false,פסטה רג'יה תלתל 500,רגיה,IT,תומר,גרמים,500.00,100 גרם,false,,4.90,0.0098,true,1,60006
8008857300641,false,פסטה רג'יה קונכיה 50,רגיה,IT,תומר,גרמים,500.00,100 גרם,false,,4.90,0.0098,true,1,60008
8008857300771,false,פסטה רג'יה אטריות מר,,,פסטה רג'יה אטריות מר,גרמים,500.00,100 גרם,false,,4.90,0.0098,true,1,110999
8008857406152,false,אטריות עגולות עבות 5,רגיה,IT,תומר,גרמים,500.00,100 גרם,false,,7.90,0.0158,true,1,60014
8008857500003,false,אטריות עגולות דקות ר,רגיה,IT,תומר,גרמים,500.00,100 גרם,false,,7.90,0.0158,true,1,60016
8008857601052,false,לזניה רג'יה 500 גרם,giglio specialite pa,IT,לזניה רג'יה 500 גרם,גרמים,500.00,100 גרם,false,,8.90,0.0178,true,1,105540
8008857704340,false,פסטה רג'יה ח.מלאה פנ,רגיה,IT,פסטה רג'יה ח.מלאה פנ,גרמים,500.00,100 גרם,false,,5.90,0.0118,true,1,123264
8008857704487,false,פסטה רג'יה ח.מלאה פו,רגיה,IT,פסטה רג'יה ח.מלאה פו,גרמים,500.00,100 גרם,false,,5.90,0.0118,true,1,123265
8008912010034,false,ספגטי ליגורי מספר 3,פסטה ליגורי,IT,ליגורי,גרמים,500.00,100 גרם,false,,7.90,0.0158,true,1,116388
8008912010072,false,פסטה ליגורי 500 גר מ,פסטה ליגורי,IT,ליגורי,גרמים,500.00,100 גרם,false,,7.90,0.0158,true,1,116389
8008912010270,false,פסטה ליגורי קסרצ'ה 5,פסטה ליגורי,IT,ליגורי,גרמים,500.00,100 גרם,false,,7.90,0.0158,true,1,116390
8008912010300,false,פסטה ליגורי פרפלה 50,פסטה ליגורי,IT,ליגורי,גרמים,500.00,100 גרם,false,,7.90,0.0158,true,1,116391
8008912010317,false,פסטה ליגורי פוזילי 5,פסטה ליגורי,IT,ליגורי,גרמים,500.00,100 גרם,false,,7.90,0.0158,true,1,116392
8008912010423,false,פסטה ליגורי פנה ריגט,פסטה ליגורי,IT,ליגורי,גרמים,500.00,100 גרם,false,,7.90,0.0158,true,1,116394
8008912016012,false,לזניה מספר 102 ליגור,פסטיפישיו פציון ס.פ.,IT,לזניה מספר 102 ליגור,גרמים,500.00,100 גרם,false,,15.90,0.0318,true,1,121653
8008940227008,false,גנדולה - עוגיות שש ד,,,גנדולה - עוגיות שש ד,גרמים,350.00,100 גרם,false,,18.90,0.0540,true,1,123446
8008990000040,false,מטאטא,TONKITA,IT,טונקיטה,יח',1.00,יח',false,,24.90,24.9000,true,1,41196
8008990000750,false,מברשת לניקוי אסלות,TONKITA,IT,טונקיטה,יח',1.00,יח',false,,7.90,7.9000,true,1,41209
8008990002167,false,יעה עם מקל מתכת,,,יעה עם מקל מתכת,יח',1.00,יח',false,,16.90,16.9000,true,1,41223
8008990008923,false,דלי אובלי 13 ל,,,דלי אובלי 13 ל,ליטרים,13.00,ליטר,false,,19.90,1.5308,true,1,41230
8008990061508,false,מטאטא,TONKITA,IT,טונקיטה,יח',1.00,יח',false,,24.90,24.9000,true,1,41232
8009470009041,false,"סימבה בקר לחתול 2 ק""",,,"סימבה בקר לחתול 2 ק""",קילוגרמים,2.00,"ק""ג",false,,34.90,17.4500,true,1,122777
8009470016063,false,"סימבה עוף לחתול 2 ק""",,,"סימבה עוף לחתול 2 ק""",קילוגרמים,2.00,"ק""ג",false,,34.90,17.4500,true,1,122778
8017938005122,false,חומץ תפוחים אורגני -,,,חומץ תפוחים אורגני -,גרמים,750.00,100 גרם,false,,20.90,0.0279,true,1,123447
8023678162360,false,*מבצע* משקה שקדים טב,אבא פודס אס. אר. אל,IT,ISOLA,ליטרים,1.00,ליטר,false,,13.90,13.9000,true,1,110876
8024985002783,false,נטורה נובה - סמוזי ג,,,נטורה נובה - סמוזי ג,גרמים,100.00,100 גרם,false,,4.90,0.0490,true,1,123457
8024985002912,false,נטורה נובה - סמוזי ת,נטורה נובה,IT,נטורה נובה - סמוזי ת,גרמים,100.00,100 גרם,false,,4.90,0.0490,true,1,112077
8024985002967,false,נטורה נובה - סמוזי ב,,,נטורה נובה - סמוזי ב,גרמים,100.00,100 גרם,false,,4.90,0.0490,true,1,123460
8024985004299,false,נטורה נובה - סמוזי פ,,,נטורה נובה - סמוזי פ,גרמים,400.00,100 גרם,false,,19.90,0.0497,true,1,123461
8024985005234,false,נטורה נובה - סמוזי מ,נטורה נובה,IT,נטורה נובה - סמוזי מ,גרמים,100.00,100 גרם,false,,4.90,0.0490,true,1,112079
8024985005296,false,נטורה נובה - סמוזי א,,,נטורה נובה - סמוזי א,גרמים,120.00,100 גרם,false,,6.90,0.0575,true,1,123463
8024985005302,false,נטורה נובה - סמוזי ת,,,נטורה נובה - סמוזי ת,גרמים,120.00,100 גרם,false,,6.90,0.0575,true,1,123464
8024985008051,false,נטורה נובה - סמוזי פ,נטורה נובה,IT,נטורה נובה - סמוזי פ,גרמים,100.00,100 גרם,false,,4.90,0.0490,true,1,112082
8032793342458,false,*מבצע* עגבניות מרוסק,קונסוריזיו דל פרומוד,IT,*מבצע* עגבניות מרוסק,גרמים,700.00,100 גרם,false,,8.90,0.0127,true,1,38054
8032793344292,false,*מבצע* עגבניות חתוכו,קונסוריזיו דל פרומוד,IT,*מבצע* עגבניות חתוכו,גרמים,700.00,100 גרם,false,,8.90,0.0127,true,1,114308
8032793344520,false,רסק עגבניות בשפורפרת,קונסוריזיו דל פרומוד,IT,רסק עגבניות בשפורפרת,גרמים,200.00,100 גרם,false,,7.90,0.0395,true,1,116259
8032804430471,false,פליסיה קופסא - סדנינ,,,פליסיה קופסא - סדנינ,גרמים,250.00,100 גרם,false,,12.90,0.0516,true,1,123470
8032804430914,false,פליסיה קופסא - פנה ש,,,פליסיה קופסא - פנה ש,גרמים,340.00,100 גרם,false,,16.90,0.0497,true,1,123473
8032804432000,false,פליסיה קופסא - פנה כ,,,פליסיה קופסא - פנה כ,גרמים,340.00,100 גרם,false,,16.90,0.0497,true,1,123477
8032804432017,false,פליסיה קופסא - פוזיל,,,פליסיה קופסא - פוזיל,גרמים,340.00,100 גרם,false,,14.90,0.0438,true,1,123478
8032880800243,false,פיקניק עם הפתעה,הוסטה,IT,פיקניק הפתעה,יח',1.00,יח',false,,6.90,6.9000,true,1,48077
8076800105056,false,"ספגטי ברילה 1 ק""ג",ברילה,IT,"ספגטי ברילה 1 ק""ג",קילוגרמים,1.00,"ק""ג",false,,12.90,12.9000,true,1,126195
8076800105735,false,"פנה ריגטה ברילה 1 ק""",ברילה,IT,"פנה ריגטה ברילה 1 ק""",קילוגרמים,1.00,"ק""ג",false,,12.90,12.9000,true,1,126196
8076800105988,false,"פוזילי ברילה 1 ק""ג",ברילה,IT,"פוזילי ברילה 1 ק""ג",קילוגרמים,1.00,"ק""ג",false,,12.90,12.9000,true,1,126197
8076800195019,false,ברילה צ.א ספגטי מס1,BARILLA,IT,ברילה,גרמים,500.00,100 גרם,false,,6.90,0.0138,true,1,78766
8076800195033,false,פסטה ברילה צורות צ.א,BARILLA,IT,ברילה,גרמים,500.00,100 גרם,false,,6.90,0.0138,true,1,78767
8076800195057,false,פסטה ברילה צורות צ.א,BARILLA,IT,ברילה,גרמים,500.00,100 גרם,false,,6.90,0.0138,true,1,78768
8076800195132,false,פסטה ברילה צורות צ.א,BARILLA,IT,ברילה,גרמים,500.00,100 גרם,false,,6.90,0.0138,true,1,78769
8076800315097,false,פסטה ברילה צורות צ.א,BARILLA,IT,ברילה,גרמים,500.00,100 גרם,false,,6.90,0.0138,true,1,78770
8076802085738,false,פסטה ברילה צורות צ.ק,BARILLA,IT,ברילה,גרמים,500.00,100 גרם,false,,6.90,0.0138,true,1,78773
8076802085837,false,פסטה ברילה צורות צ.ק,BARILLA,IT,ברילה,גרמים,500.00,100 גרם,false,,6.90,0.0138,true,1,78774
8076802085936,false,פסטה פסטה ברילה צורו,BARILLA,IT,ברילה,גרמים,500.00,100 גרם,false,,6.90,0.0138,true,1,78775
8076802085981,false,פסטה ברילה צורות צ.ק,BARILLA,IT,ברילה,גרמים,500.00,100 גרם,false,,6.90,0.0138,true,1,78776
8076808060654,false,פסטה ברילה צורות צ.ק,BARILLA,IT,ברילה,גרמים,500.00,100 גרם,false,,6.90,0.0138,true,1,78779
8076808070882,false,ברילה צ.מ קנלוני מס8,BARILLA,IT,ברילה,גרמים,500.00,100 גרם,false,,10.90,0.0218,true,1,78780
8076808150072,false,פסטה ברילה צורות צ.א,BARILLA,IT,ברילה,גרמים,500.00,100 גרם,false,,6.90,0.0138,true,1,78781
8076809512268,false,פסטה ברילה צורות צ.ק,BARILLA,IT,ברילה,גרמים,500.00,100 גרם,false,,6.90,0.0138,true,1,78782
8076809513388,false,ברילה רוטב ארביאטה 4,BARILLA,IT,ברילה,גרמים,400.00,100 גרם,false,,14.90,0.0373,true,1,78783
8076809513395,false,ברילה רוטב פומודורו,BARILLA,IT,ברילה,מיליליטרים,333.00,"100 מ""ל",false,,14.90,0.0447,true,1,78784
8076809513654,false,ברילה בסיס לבולונז 4,BARILLA,IT,ברילה,גרמים,400.00,100 גרם,false,,14.90,0.0373,true,1,78785
8076809513692,false,ברילה רוטב נפולטנה 4,BARILLA,IT,ברילה,מיליליטרים,333.00,"100 מ""ל",false,,14.90,0.0447,true,1,78786
8076809513739,false,ברילה רוטב בזיליקום,BARILLA,IT,ברילה,גרמים,400.00,100 גרם,false,,14.90,0.0373,true,1,78787
8076809523561,false,ברילה רוטב פסטה בטעם,BARILLA,IT,ברילה,גרמים,400.00,100 גרם,false,,14.90,0.0373,true,1,78789
8076809545440,false,ברילה ספגטי ללא גלוט,ברילה,IT,ברילה,גרמים,400.00,100 גרם,false,,14.90,0.0373,true,1,78795
8076809545457,false,ברילה צינורות ללא גל,ברילה,IT,ברילה,גרמים,400.00,100 גרם,false,,14.90,0.0373,true,1,78796
8076809545464,false,ברילה ספירלי ללא גלו,ברילה,IT,ברילה,גרמים,400.00,100 גרם,false,,14.90,0.0373,true,1,78797
8076809547956,false,פסטה ברילה צורות צ.ק,BARILLA,IT,ברילה,גרמים,500.00,100 גרם,false,,6.90,0.0138,true,1,113012
8076809580496,false,ברילה צ.מ פפירי,ברילה,IT,ברילה,גרמים,500.00,100 גרם,false,,12.90,0.0258,true,1,120577
8121300206946,false,*מבצע* טרוביה- סטיבי,cargil,US,טרוביה,גרמים,80.00,100 גרם,false,,9.90,0.1238,true,1,111762
8121300207004,false,*מבצע* טרוביה- סטיבי,cargil,US,טרוביה,גרמים,270.00,100 גרם,false,,24.90,0.0922,true,1,111763
8121300208780,false,טרוביה תחליף סוכר לכ,MSI EXPRESS,US,טרוביה תחליף סוכר לכ,גרמים,360.00,100 גרם,false,,34.90,0.0969,true,1,125308
8358110076302,false,כוסות לחיים 40 יחידו,בי רייט,CN,הנמל,יח',40.00,יח',false,,6.90,0.1725,true,1,43488
8410001135304,false,סקוטש ברייט כרית ניק,3M,US,סקוטש ברייט כרית ניק,יח',1.00,יח',false,,16.90,16.9000,true,1,126210
8410076600622,false,חטיפי קראנצי שבבי שו,ג'נרל מילס,ES,נייטשר ואלי,גרמים,210.00,100 גרם,false,,18.90,0.0900,true,1,48079
8410076610379,false,נייצר ואלי שוקולד פר,ג'נרל מילס,ES,נייצר ואלי,גרמים,160.00,100 גרם,false,,23.90,0.1494,true,1,48091
8410076610386,false,נייצר ואלי קרמל פרוט,ג'נרל מילס,ES,נייצר ואלי,גרמים,160.00,100 גרם,false,,23.90,0.1494,true,1,48093
8410076610492,false,חטיפי צ'ואי בוטנים ח,ג'נרל מילס,ES,נייטשר ואלי,גרמים,210.00,100 גרם,false,,14.90,0.0710,true,1,48095
8410076610508,false,חטיפי צ'ואי שוקולד ח,ג'נרל מילס,ES,נייטשר ואלי,גרמים,210.00,100 גרם,false,,14.90,0.0710,true,1,48097
8410076621009,false,*מבצע* חטיף פייבר 1,גורפו זירו,ES,פייבר,גרמים,120.00,100 גרם,false,,12.90,0.1075,true,1,115928
8410076621047,false,*מבצע* חטיף פייבר 1,גורפו זירו,ES,פייבר,גרמים,120.00,100 גרם,false,,12.90,0.1075,true,1,115929
8410104039134,false,פיניש מחדש מדיח 250,RECKITT BENCKISER PR,PL,פיניש,מיליליטרים,250.00,"100 מ""ל",false,,14.90,0.0596,true,1,38654
8410104045111,false,פיניש מלח 2 קג,חברת המלח,IL,פיניש,קילוגרמים,2.00,"ק""ג",false,,14.90,7.4500,true,1,113265
8410179100043,false,*מבצע* שמן זית כתית,PONTU BORGES ACEITES,ES,שמן זית כתית מעולה,מיליליטרים,750.00,"100 מ""ל",false,,31.90,0.0425,true,1,62551
8412168002529,false,*מבצע* ערק מחייה 13,דיסטילריאס לה הורטנה,ES,מחייה,מיליליטרים,700.00,"100 מ""ל",false,,49.90,0.0713,true,1,72133
8412168003106,false,*מבצע* ערק מחייה 13,דיסטילריאס לה הורטנה,ES,מחייה,מיליליטרים,700.00,"100 מ""ל",false,,49.90,0.0713,true,1,120959
8420708012822,false,קשקבל בשלה 200 גרם,סאן ויסנצ'אה,ES,סאן ויסנצ'אה,גרמים,200.00,100 גרם,false,,24.90,0.1245,true,1,74713
8420708018817,false,מנצ'גו 150 גרם,סאן ויסנצ'אה,ES,סאן ויסנצ'ה,גרמים,150.00,100 גרם,false,,26.90,0.1793,true,1,74718
8421002009969,false,ארקוס סכין שפיץ משונ,,,ארקוס סכין שפיץ משונ,1,1.00,1,false,,13.90,13.9000,true,1,126436
8421002292156,false,*מבצע* ארקוס סכין שף,,,*מבצע* ארקוס סכין שף,1,1.00,1,false,,79.90,79.9000,true,1,126415
8421401201209,false,פפריקה מתוקה מעושנת,לה צ'ינטה קרטה,ES,"תבליני טעם וריח בע""מ",גרמים,70.00,100 גרם,false,,14.90,0.2129,true,1,115607
8421401301206,false,פפריקה חריפה מעושנת,לה צ'ינטה קרטה,ES,"תבליני טעם וריח בע""מ",גרמים,70.00,100 גרם,false,,14.90,0.2129,true,1,115608
8423207206488,false,מרבה סלים דליס שוקול,Biocentury,ES,מרבה,גרמים,120.00,100 גרם,false,,10.90,0.0908,true,1,78806
8423207206495,false,מרבה סלים דליס שוקול,Biocentury,ES,מרבה,גרמים,120.00,100 גרם,false,,10.90,0.0908,true,1,78807
8423207206501,false,מרבה סלים דליס חצי מ,Biocentury,ES,מרבה,גרמים,120.00,100 גרם,false,,10.90,0.0908,true,1,78808
8423207207362,false,מרבה סלים דליס שוקול,Biocentury,ES,מרבה,גרמים,120.00,100 גרם,false,,10.90,0.0908,true,1,78810
8423207208260,false,מרבה סלים דליס שוקול,Merba BV,ES,מרבה,גרמים,120.00,100 גרם,false,,10.90,0.0908,true,1,78817
8423207208680,false,מרבה סלים דליס לילדי,Biocentury,ES,מרבה,גרמים,120.00,100 גרם,false,,10.90,0.0908,true,1,78818
8423207208697,false,מרבה סלים דליס לילדי,Biocentury,ES,מרבה,גרמים,120.00,100 גרם,false,,10.90,0.0908,true,1,78819
8423207210287,false,מרבה סלים דליס שוקול,Biocentury,ES,מרבה,גרמים,120.00,100 גרם,false,,10.90,0.0908,true,1,105921
8423207210928,false,מרבה סלים טופינג אגו,Vndmer,ES,מרבה,גרמים,90.00,100 גרם,false,,10.90,0.1211,true,1,115240
8423207210942,false,מרבה סלים טופינג פיר,Vndmer,ES,מרבה,גרמים,90.00,100 גרם,false,,10.90,0.1211,true,1,115241
8423207210966,false,מרבה סלים טופינג קוק,Vndmer,ES,מרבה,גרמים,90.00,100 גרם,false,,10.90,0.1211,true,1,115242
8423207210980,false,מרבה סלים טופינג קלי,Vndmer,ES,מרבה,גרמים,90.00,100 גרם,false,,10.90,0.1211,true,1,115243
8424842050016,false,צ'יפס בטעם כמהין 125,RUBIO,ES,צ'יפס בטעם כמהין 125,גרמים,125.00,100 גרם,false,,12.90,0.1032,true,1,126581
8424842050085,false,צ'יפס בטעם חרדל ודבש,RUBIO,ES,צ'יפס בטעם חרדל ודבש,גרמים,125.00,100 גרם,false,,12.90,0.1032,true,1,126583
8425206000081,false,ריבת חלב 450 גרם,MARDEL,ES,רנדי,גרמים,450.00,100 גרם,false,,19.90,0.0442,true,1,38065
8435495805199,false,תינוקלין 3 קג,פרוקטר אנד גמבל,TR,Tinokleen,קילוגרמים,3.00,"ק""ג",false,,39.90,13.3000,true,1,89292
8435495807605,false,מרכך תינוקלין לבן 1,סארוהאן,TR,מרכך תינוקלין לבן 1,מיליליטרים,1000.00,"100 מ""ל",false,,19.90,0.0199,true,1,106798
8435495807636,false,גל כביסה תינוקלין 2,,TR,תינוקלין,ליטרים,2.00,ליטר,false,,29.90,14.9500,true,1,112087
8435495819363,false,מרכך תינוקלין 1 ליטר,סארוהאן,TR,מרכך תינוקלין 1 ליטר,מיליליטרים,1000.00,"100 מ""ל",false,,19.90,0.0199,true,1,119470
8436575292205,false,*מבצע* חמשושים 15 יח,,,*מבצע* חמשושים 15 יח,גרמים,180.00,100 גרם,false,,17.90,0.0994,true,1,107187
8437008915456,false,טורטיה 5 דגנים,Azteca foods europe,ES,תומר,גרמים,320.00,100 גרם,false,,6.90,0.0216,true,1,60022
8445290341587,false,פנסי פטה דג לבן ועוף,,,פנסי פטה דג לבן ועוף,גרמים,85.00,100 גרם,false,,5.90,0.0694,true,1,124974
8445290341617,false,פנסי פטה עוף וסלמן 8,,,פנסי פטה עוף וסלמן 8,גרמים,85.00,100 גרם,false,,5.90,0.0694,true,1,123822
8445290427120,false,פיטנס שוקולד מריר וב,נסטלה צרפת איטנקורט,FR,FITNESS,גרמים,330.00,100 גרם,false,,19.90,0.0603,true,1,125292
8680530570062,false,"סודה קסטל 6*200 מ""ל",,,"סודה קסטל 6*200 מ""ל",ליטרים,1.20,ליטר,false,,9.90,8.2500,true,1,123145
8680659333746,false,חול קט אקספרט ריחני,,,חול קט אקספרט ריחני,יח',1.00,יח',false,,49.90,49.9000,true,1,121844
8680659333753,false,חול קט אקספרט נטורל,,,חול קט אקספרט נטורל,יח',1.00,יח',false,,49.90,49.9000,true,1,121842
8681692200033,false,מייפוד לחתול בקר 1 ק,,,מייפוד לחתול בקר 1 ק,קילוגרמים,1.00,"ק""ג",false,,22.90,22.9000,true,1,122783
8681692200057,false,מייפוד לחתול מסורס 1,,,מייפוד לחתול מסורס 1,קילוגרמים,1.00,"ק""ג",false,,22.90,22.9000,true,1,122784
8681692200095,false,מייפוד גורי חתול 1 ק,,,מייפוד גורי חתול 1 ק,קילוגרמים,1.00,"ק""ג",false,,22.90,22.9000,true,1,122785
8681863065362,false,*מבצע* מלח ים עם פלפ,שף סיזונס גידה סאן,TR,*מבצע* מלח ים עם פלפ,גרמים,350.00,100 גרם,false,,19.90,0.0569,true,1,122855
8682376710435,false,נייר טואלט בלינו 32,,,נייר טואלט בלינו 32,מטרים,512.00,מטר,false,,26.90,0.0525,true,1,127024
8683130008355,false,מיונז עם שום הלמנס ל,"בסטפוד - 3P ארה""ב Fo",US,HELLMANNS,גרמים,400.00,100 גרם,false,,14.90,0.0373,true,1,119158
8683130008935,false,קטשיונז 425 גר',"בסטפוד - 3P ארה""ב Fo",US,HELLMANNS,גרמים,425.00,100 גרם,false,,14.90,0.0351,true,1,120474
8683130025574,false,בדין אקסטרא לבנדר 96,יונילוור - תורכיה,TR,BADIN,מיליליטרים,960.00,"100 מ""ל",false,,15.90,0.0166,true,1,122433
8683130025581,false,בדין אקסטרא ענבר 960,יונילוור - תורכיה,TR,BADIN,מיליליטרים,960.00,"100 מ""ל",false,,15.90,0.0166,true,1,122434
8683323063024,false,חמצוצים בטעם תותי פר,סאדאט,TR,יוגטה,גרמים,220.00,100 גרם,false,,5.90,0.0268,true,1,48125
8690120060170,false,וופל מצופה שוקולד חל,טורקו,TR,וופל מצופה שוקולד חל,גרמים,35.00,100 גרם,false,,1.50,0.0429,true,1,122380
8690120060408,false,וופל מצופה שוקולד אג,טורקו,TR,וופל מצופה שוקולד אג,גרמים,32.00,100 גרם,false,,1.50,0.0469,true,1,122381
8690325106093,false,פסטה פוזילי 400 גרם,TAT MAKARNA,TR,פסטה פוזילי 400 גרם,גרמים,400.00,100 גרם,false,,3.50,0.0088,true,1,123011
8690325116092,false,פסטה 400 גרם סטריפד,TAT MAKARNA,TR,פסטה 400 גרם סטריפד,גרמים,400.00,100 גרם,false,,3.50,0.0088,true,1,123012
8690325118096,false,פסטה פנה 400 גרם,TAT MAKARNA,TR,פסטה פנה 400 גרם,גרמים,400.00,100 גרם,false,,3.50,0.0088,true,1,123013
8690325122093,false,פסטה ספגטי 400 גרם,TAT MAKARNA,TR,פסטה ספגטי 400 גרם,גרמים,400.00,100 גרם,false,,3.50,0.0088,true,1,123014
8690504081913,false,טינס מצופה שוקולד חל,ויסוצקי,IL,ויסוצקי,גרמים,150.00,100 גרם,false,,9.90,0.0660,true,1,88771
8690504081920,false,טינס מצופה שוקולד מר,ויסוצקי,IL,ויסוצקי,גרמים,150.00,100 גרם,false,,9.90,0.0660,true,1,88772
8690504081937,false,טינס מצופה שוקולד חל,ויסוצקי,IL,ויסוצקי,גרמים,150.00,100 גרם,false,,9.90,0.0660,true,1,88773
8690504153740,false,טבלת ש. מריר עם ש. מ,גודייבה,TR,טבלת ש. מריר עם ש. מ,גרמים,86.00,100 גרם,false,,13.90,0.1616,true,1,93288
8690504153849,false,טבלת ש. חלב ק. אגוזי,גודייבה,TR,טבלת ש. חלב ק. אגוזי,גרמים,83.00,100 גרם,false,,13.90,0.1675,true,1,93291
8690526035697,false,וופל ש.מריר112ג,eti gida sanayi,TR,ETI,גרמים,112.00,100 גרם,false,,7.90,0.0705,true,1,114394
8690572778326,false,*מבצע* דאודורנט ספרי,שוורצקופף והנקל,DE,פה,מיליליטרים,200.00,"100 מ""ל",false,,9.90,0.0495,true,1,34713
8690572783931,false,*מבצע* דאודורנט ספרי,שוורצקופף והנקל,DE,פה,מיליליטרים,200.00,"100 מ""ל",false,,9.90,0.0495,true,1,87990
8690572784303,false,שמפו לאורך שיער מושל,שוורצקופף והנקל,DE,גליס,מיליליטרים,400.00,"100 מ""ל",false,,16.90,0.0422,true,1,95580
8690572788851,false,"שמפו ביו -טק 400 מ""ל",שוורצקופף והנקל,DE,גליס,מיליליטרים,400.00,"100 מ""ל",false,,16.90,0.0422,true,1,112011
8690572794692,false,"שמפו להזנה 400 מ""ל",שוורצקופף והנקל,DE,גליס,מיליליטרים,400.00,"100 מ""ל",false,,16.90,0.0422,true,1,121595
8690572799482,false,מרכך קרטין לוטוס כחו,הנקל,TR,מרכך קרטין לוטוס כחו,מיליליטרים,500.00,"100 מ""ל",false,,12.90,0.0258,true,1,118265
8690572799499,false,מרכך שמן טמאנו 500 מ,הנקל,TR,מרכך שמן טמאנו 500 מ,מיליליטרים,500.00,"100 מ""ל",false,,12.90,0.0258,true,1,118266
8690572799529,false,שמפו קרטין לוטוס כחו,הנקל,TR,שמפו קרטין לוטוס כחו,מיליליטרים,500.00,"100 מ""ל",false,,12.90,0.0258,true,1,118253
8690637073373,false,ליפטון ארלגרי 25 מעט,יונילוור - תורכיה,TR,LIPTON TEA,גרמים,50.00,100 גרם,false,,7.90,0.1580,true,1,58186
8690637073434,false,*מבצע* ליפטון ארלגרי,,,תה ליפטון ארל גריי,גרמים,200.00,100 גרם,false,,19.90,0.0995,true,1,58188
8690637503856,false,ממרח הלמנס לחיץ 335,"בסטפוד - 3P ארה""ב Fo",US,HELLMANNS,גרמים,355.00,100 גרם,false,,14.90,0.0420,true,1,116001
8690637504426,false,סיף קרם לימון,יונילוור - תורכיה,TR,CIF,מיליליטרים,500.00,"100 מ""ל",false,,10.90,0.0218,true,1,119857
8690637505607,false,בדין אקסטרא פינוק כח,יונילוור - תורכיה,TR,BADIN,מיליליטרים,960.00,"100 מ""ל",false,,15.90,0.0166,true,1,118600
8690637505614,false,בדין אקסטרא פינוק קו,יונילוור - תורכיה,TR,BADIN,מיליליטרים,960.00,"100 מ""ל",false,,15.90,0.0166,true,1,118601
8690637506956,false,דאב שמפו למניעת קשקש,יונילוור - תורכיה,TR,DOVE,מיליליטרים,600.00,"100 מ""ל",false,,15.90,0.0265,true,1,125152
8690637555084,false,בדין אקסטרא פריחת הת,יונילוור - תורכיה,TR,BADIN,מיליליטרים,960.00,"100 מ""ל",false,,15.90,0.0166,true,1,58206
8690637688195,false,ליפטון בדצ תה ירוק מ,יונילוור - תורכיה,TR,LIPTON TEA,גרמים,32.00,100 גרם,false,,16.90,0.5281,true,1,58233
8690637704277,false,"דאב שמפו 600 מ""ל",יונילוור - תורכיה,TR,DOVE,מיליליטרים,600.00,"100 מ""ל",false,,15.90,0.0265,true,1,58241
8690637704291,false,"דאב שמפו 600 מ""ל",יונילוור - תורכיה,TR,DOVE,מיליליטרים,600.00,"100 מ""ל",false,,15.90,0.0265,true,1,58243
8690637704376,false,"דאב שמפו 600 מ""ל",יונילוור - תורכיה,TR,DOVE,מיליליטרים,600.00,"100 מ""ל",false,,15.90,0.0265,true,1,58245
8690637704390,false,"דאב מרכך 600 מ""ל",יונילוור - תורכיה,TR,DOVE,מיליליטרים,600.00,"100 מ""ל",false,,15.90,0.0265,true,1,58247
8690637704437,false,"דאב שמפו 600 מ""ל",יונילוור - תורכיה,TR,DOVE,מיליליטרים,600.00,"100 מ""ל",false,,15.90,0.0265,true,1,58251
8690637704451,false,"דאב מרכך 600 מ""ל",יונילוור - תורכיה,TR,DOVE,מיליליטרים,600.00,"100 מ""ל",false,,15.90,0.0265,true,1,58253
8690637799594,false,ליפטון ירוקנענעמרוקא,יוניליוור,TR,ליפטון,גרמים,30.00,100 גרם,false,,16.90,0.5633,true,1,58261
8690637858734,false,סיף גל אקונומיקה לימ,יונילוור - תורכיה,TR,CIF,מיליליטרים,750.00,"100 מ""ל",false,,10.90,0.0145,true,1,105457
8690637858741,false,סיף גל אקונומיקה רוח,יונילוור - תורכיה,TR,CIF,מיליליטרים,750.00,"100 מ""ל",false,,10.90,0.0145,true,1,105458
8690637858758,false,סיף גל אקונומיקה אור,יונילוור - תורכיה,TR,CIF,מיליליטרים,750.00,"100 מ""ל",false,,10.90,0.0145,true,1,105459
8690637865596,false,דאב תרחיץ ידיים 500,,,דאב,מיליליטרים,500.00,"100 מ""ל",false,,16.90,0.0338,true,1,108519
8690637866654,false,ליפטון תה ירוק קלאסי,,,ליפטון תה ירוק קלאסי,יח',50.00,יח',false,,24.90,0.4980,true,1,108506
8690637871047,false,דאב שמפו קוקוס 600 מ,יונילוור - תורכיה,TR,DOVE,מיליליטרים,600.00,"100 מ""ל",false,,15.90,0.0265,true,1,105440
8690637871061,false,"דאב שמפו 600 מ""ל",יונילוור - תורכיה,TR,DOVE,מיליליטרים,600.00,"100 מ""ל",false,,15.90,0.0265,true,1,105441
8690637871245,false,הלמנס מיונז לחיץ 395,"בסטפוד - 3P ארה""ב Fo",US,HELLMANNS,גרמים,395.00,100 גרם,false,,14.90,0.0377,true,1,108088
8690637890666,false,מיני מגנום פיסטוק שו,גלידות שטראוס,IL,מגנום,גרמים,329.00,100 גרם,false,,31.90,0.0970,true,1,108235
8690637916977,false,דאב מרכך קוקוס  600,יונילוור - תורכיה,TR,DOVE,מיליליטרים,600.00,"100 מ""ל",false,,15.90,0.0265,true,1,109749
8690637916991,false,"דאב מרכך 600 מ""ל",יונילוור - תורכיה,TR,DOVE,מיליליטרים,600.00,"100 מ""ל",false,,15.90,0.0265,true,1,109305
8690637946301,false,בדין אקסטרא בייבי מת,יונילוור - תורכיה,TR,BADIN,מיליליטרים,960.00,"100 מ""ל",false,,15.90,0.0166,true,1,112638
8690637946318,false,בדין אקסטרא בייבי טל,יונילוור - תורכיה,TR,BADIN,מיליליטרים,960.00,"100 מ""ל",false,,15.90,0.0166,true,1,112639
8690637971310,false,בדין אקסטרא בניחוח י,יונילוור - תורכיה,TR,BADIN,מיליליטרים,960.00,"100 מ""ל",false,,15.90,0.0166,true,1,115720
8690637976995,false,בדין אקסטרא ורוד בני,יונילוור - תורכיה,TR,BADIN,מיליליטרים,960.00,"100 מ""ל",false,,15.90,0.0166,true,1,115721
8690637977794,false,דאב תחליב רחצה לידיי,,,דאב,מיליליטרים,500.00,"100 מ""ל",false,,16.90,0.0338,true,1,116002
8690637989612,false,מיני מגנום דאבל דולצ,גלידות שטראוס,IL,מגנום,גרמים,246.00,100 גרם,false,,31.90,0.1297,true,1,117822
8690766156367,false,שוקולד גודייבה חלב פ,גודייבה,TR,גודייבה,גרמים,90.00,100 גרם,false,,14.90,0.1656,true,1,111726
8690766156374,false,שוקולד מריר מעולה 72,גודייבה,TR,גודייבה,גרמים,90.00,100 גרם,false,,14.90,0.1656,true,1,111727
8690766156381,false,שוקולד מריר מעולה 90,גודייבה,TR,גודייבה,גרמים,90.00,100 גרם,false,,14.90,0.1656,true,1,111728
8690766156404,false,שוקולד מריר מעולה בט,גודייבה,TR,גודייבה,גרמים,90.00,100 גרם,false,,14.90,0.1656,true,1,111730
8690777203012,false,פלפל ירוק כבוש לא חר,קורהאן,TR,SERA,גרמים,300.00,100 גרם,false,,10.90,0.0363,true,1,44625
8690777204071,false,פלפל חריף 640 גרם,קורהאן,TR,SERA,גרמים,640.00,100 גרם,false,,10.90,0.0170,true,1,44626
8691459106805,false,סט 3 קופסאות אחסון,,,סט 3 קופסאות אחסון,יח',3.00,יח',false,,24.90,8.3000,true,1,118041
8693323099107,false,יוגטה מרשמלו לבבות 1,סאאדת,TR,יוגטה,גרמים,150.00,100 גרם,false,,6.90,0.0460,true,1,48202
8693357092518,false,שישיית כוסות מים שופ,,,שישיית כוסות מים שופ,יח',6.00,יח',false,,9.90,1.6500,true,1,30542
8693357192904,false,זוג תבניות פאי 26+32,,,זוג תבניות פאי 26+32,יח',2.00,יח',false,,59.90,29.9500,true,1,30576
8693495052177,false,פלמוליב זיתים 750מל,CP - Turkey+60,TR,פלמוליב זיתים 750מל,מיליליטרים,750.00,"100 מ""ל",false,,19.90,0.0265,true,1,88378
8693495054034,false,פלמוליב סבון לומינוס,CP - Turkey+60,TR,פלמוליב סבון לומינוס,מיליליטרים,750.00,"100 מ""ל",false,,19.90,0.0265,true,1,119831
8694686405857,false,"מיטו מזון לחתול 1 ק""",,,"מיטו מזון לחתול 1 ק""",קילוגרמים,1.00,"ק""ג",false,,21.90,21.9000,true,1,114617
8696287302429,false,סט 3 קופסאות איחסון,,,סט 3 קופסאות איחסון,יח',3.00,יח',false,,14.90,4.9667,true,1,82252
8698996001150,false,ממחטות כיס עשיריה מי,לילה,TR,מיילו,יח',100.00,יח',false,,5.90,0.0590,true,1,45294
8699401094064,false,סלסלה אובלית,,,סלסלה אובלית,יח',1.00,יח',false,,6.90,6.9000,true,1,115482
8699401094156,false,סלסלת ראטן מרובע,,,סלסלת ראטן מרובע,יח',1.00,יח',false,,9.90,9.9000,true,1,115484
8699621150502,false,בלון למילוי מצתים,,,בלון למילוי מצתים,יחידה,0.00,יחידה,false,,11.90,0.0000,true,1,125124
8710428005762,false,סימילאק איזומיל 400,אבוט מעבדות רפואיות,ES,סימילאק,גרמים,400.00,100 גרם,false,,39.90,0.0997,true,1,75324
8710428016348,false,פאדישור וניל 400 גרם,אבוט מעבדות רפואיות,NL,פדיאשור,גרמים,400.00,100 גרם,false,,39.90,0.0997,true,1,115837
8710502064814,false,מרבה עוגיות שוקולד צ,"י.מרבה ישראל בע""מ",NL,עוגיות שוקולד ציפס,גרמים,225.00,100 גרם,false,,9.90,0.0440,true,1,78848
8710502139017,false,מרבה עוגיות  טריפל ש,Merba BV,NL,מרבה,גרמים,180.00,100 גרם,false,,9.90,0.0550,true,1,78849
8710502194801,false,מרבה עוגיות שוקולד צ,Merba BV,NL,מרבה,גרמים,225.00,100 גרם,false,,9.90,0.0440,true,1,78851
8710502279010,false,מרבה עוגיות שוקולד צ,"י.מרבה ישראל בע""מ",NL,עוגיות שוקולד ציפס,גרמים,225.00,100 גרם,false,,9.90,0.0440,true,1,116512
8710502285509,false,מרבה עוגיות  לימון ו,Merba BV,NL,מרבה,גרמים,175.00,100 גרם,false,,9.90,0.0566,true,1,119248
8710502405204,false,מרבה עוגיות  ממולאות,Merba BV,NL,מרבה,גרמים,225.00,100 גרם,false,,9.90,0.0440,true,1,78853
8710502470028,false,מרבה עוגיות  נוגטלי,Merba BV,NL,מרבה,גרמים,160.00,100 גרם,false,,9.90,0.0619,true,1,78855
8710800961310,false,מנטוס רביעייה,פרפטי ואן מלה,NL,מנטוס,גרמים,160.00,100 גרם,false,,10.90,0.0681,true,1,48228
8710847973970,false,תחליב דאב רחצה אלוור,יוניליוור גרמניה (בו,DE,DOVE,מיליליטרים,750.00,"100 מ""ל",false,,15.90,0.0212,true,1,116003
8710908326691,false,דאב תח. רחצה אדמונית,יוניליוור גרמניה (בו,DE,DOVE,מיליליטרים,750.00,"100 מ""ל",false,,15.90,0.0212,true,1,58289
8711000362570,false,לור קפסולות קפה אספר,JDE,FR,L'OR,גרמים,52.00,100 גרם,false,,16.90,0.3250,true,1,107267
8711000362679,false,לור קפסולות קפה אספר,JDE,FR,L'OR,גרמים,52.00,100 גרם,false,,16.90,0.3250,true,1,109893
8711000371176,false,ג'ייקובס קפסולות קפה,JDE,FR,גייקובס,גרמים,52.00,100 גרם,false,,14.90,0.2865,true,1,107271
8711000371183,false,ג'ייקובס קפסולות קפה,JDE,FR,גייקובס,גרמים,52.00,100 גרם,false,,14.90,0.2865,true,1,107272
8711000371206,false,ג'ייקובס קפסולות קפה,JDE,FR,גייקובס,גרמים,52.00,100 גרם,false,,14.90,0.2865,true,1,107273
8711000371244,false,ג'ייקובס קפסולות אספ,JDE,FR,גייקובס,גרמים,52.00,100 גרם,false,,14.90,0.2865,true,1,112365
8711000397466,false,לור קפסולות קפה אספר,JDE,FR,L'OR,גרמים,52.00,100 גרם,false,,16.90,0.3250,true,1,107274
8711000431108,false,לור קפסולות קפה אספר,JDE,FR,L'OR,גרמים,52.00,100 גרם,false,,16.90,0.3250,true,1,109895
8711327475663,false,גלידה מגנום פיינט שו,גלידות שטראוס,IL,פנטסיה,גרמים,260.00,100 גרם,false,,21.90,0.0842,true,1,116684
8711528211145,false,גבינת גאודה בקר,הנרי בליך,NL,הנרי וילך,קילוגרמים,1.00,"ק""ג",true,,105.00,105.0000,true,1,86244
8712000051099,false,*מבצע* הייניקן שישיי,הייניקן,NL,*מבצע* הייניקן שישיי,מיליליטרים,1980.00,"100 מ""ל",false,,29.90,0.0151,true,1,109033
8712400802499,false,נוטריליון שלב 1 800,נוטרישיה קאלק ב. ו.,NL,נוטרישה-נוטרילון,גרמים,800.00,100 גרם,false,,59.90,0.0749,true,1,81319
8712400802512,false,נוטרליון שלב 2 800 ג,נוטרישיה קאלק ב. ו.,NL,נוטרישה-נוטרילון,גרמים,800.00,100 גרם,false,,59.90,0.0749,true,1,81320
8712400802536,false,נוטריליון שלב 3 800,נוטרישיה קאלק ב. ו.,NL,נוטרישה-נוטרילון,גרמים,800.00,100 גרם,false,,59.90,0.0749,true,1,81321
8712561594608,false,דאב תח. רח' הזנה עמו,יוניליוור גרמניה (בו,DE,DOVE,מיליליטרים,750.00,"100 מ""ל",false,,15.90,0.0212,true,1,58332
8712561611411,false,דאב תח. רחצה ירוק 75,יוניליוור גרמניה (בו,DE,DOVE,מיליליטרים,750.00,"100 מ""ל",false,,15.90,0.0212,true,1,58333
8712561631570,false,דאב תח. רחצה קוקוס 7,יוניליוור גרמניה (בו,DE,DOVE,מיליליטרים,750.00,"100 מ""ל",false,,15.90,0.0212,true,1,58335
8712561646024,false,דאב תח. רחצה קרם פיס,יוניליוור גרמניה (בו,DE,DOVE,מיליליטרים,750.00,"100 מ""ל",false,,15.90,0.0212,true,1,121210
8714599513781,false,ג'ייקובס גולד מיובש,מונדלייז,DE,ג'ייקובס,גרמים,200.00,100 גרם,false,,24.90,0.1245,true,1,81322
8714599513835,false,ג'ייקובס נטול קפאין,JDE,RU,ג'ייקובס נטול קפאין,גרמים,200.00,100 גרם,false,,32.90,0.1645,true,1,81323
8714599513866,false,ג'ייקובס קרוננג מיוב,מונדלייז,DE,ג'ייקובס,גרמים,200.00,100 גרם,false,,24.90,0.1245,true,1,81324
8714789177229,false,קולגייט אקסטרה קלין,CP- China-SH,CN,קולגייט,יח',4.00,יח',false,,9.90,2.4750,true,1,78858
8714789218465,false,קולגייט מברשת 360 זו,CP- China-SH,CN,קולגייט,יח',2.00,יח',false,,26.90,13.4500,true,1,78861
8714789303925,false,קולגייט מברשת 360 סנ,קולגייט פלמוליב,CH,קולגייט מברשת 360 סנסטיב,יח',2.00,יח',false,,26.90,13.4500,true,1,78865
8714789402918,false,*מבצע* אגקס חגיגת הפ,Colgate - Greece,GR,אג'קס,ליטרים,1.50,ליטר,false,,15.90,10.6000,true,1,78866
8714789402932,false,*מבצע* אגקס חגיגת הפ,Colgate - Greece,GR,אג'קס,ליטרים,1.50,ליטר,false,,15.90,10.6000,true,1,78867
8714789529561,false,*מבצע* קולגייט סנסיט,Colgate - Brazil,BR,קולגייט,מיליליטרים,75.00,"100 מ""ל",false,,17.90,0.2387,true,1,78871
8714789831275,false,קולגייט מברשת 360 או,CP- China-SH,CN,קולגייט,יח',2.00,יח',false,,26.90,13.4500,true,1,78887
8714789930848,false,קולגייט משחת אופטיק,CP-Poland swidnica,PL,קולגייט,מיליליטרים,75.00,"100 מ""ל",false,,19.90,0.2653,true,1,78892
8714789966403,false,ליידי ספיד סטיק  ג'ל,Colgate - USA,US,ליידי ספיד סטיק,גרמים,65.00,100 גרם,false,,24.90,0.3831,true,1,118994
8715300238306,false,חמאה הולנדית ללא מלח,פריזלנד קמפינה,,חמאה הולנדית ללא מלח,גרמים,200.00,100 גרם,false,,12.90,0.0645,true,1,124812
8715700110141,false,SG מיונז צנצנת 460 ג,ה.י. היינץ,NL,היינץ,גרמים,460.00,100 גרם,false,,9.90,0.0215,true,1,87559
8715700110158,false,SG מיונז לייט צנצנת,ה.י. היינץ,NL,היינץ,גרמים,490.00,100 גרם,false,,9.90,0.0202,true,1,87560
8715700115641,false,היינץ ממרח לחיץ לייט,ה.י. היינץ,NL,היינץ,גרמים,420.00,100 גרם,false,,14.90,0.0355,true,1,81329
8715700117805,false,היינץ קטשופ ללא תוספ,HEINZ,NL,HEINZ,גרמים,425.00,100 גרם,false,,9.90,0.0233,true,1,114386
8715700419732,false,קטשופ היינץ 700 גרם,ה.י. היינץ,NL,היינץ,גרמים,700.00,100 גרם,false,,9.90,0.0141,true,1,81333
8715700422473,false,היינץ ממרח לחיץ ללא,ה.י. היינץ,NL,היינץ,גרמים,395.00,100 גרם,false,,14.90,0.0377,true,1,81338
8715700423906,false,היינץ מתבל עגבניות 5,ה.י. היינץ,NL,היינץ,גרמים,550.00,100 גרם,false,,9.90,0.0180,true,1,88453
8717163648667,false,אקס גל רחצה אייס צ'י,יוניליוור גרמניה (בו,DE,AXE,מיליליטרים,400.00,"100 מ""ל",false,,13.90,0.0348,true,1,108125
8717163655764,false,דאו רקסונה ספריי,קוסטר - תורכיה,TR,REXONA,מיליליטרים,150.00,"100 מ""ל",false,,11.90,0.0793,true,1,110764
8717163663493,false,דאו רקסונה ספריי,יוניליוור HPC,AR,REXONA,מיליליטרים,150.00,"100 מ""ל",false,,11.90,0.0793,true,1,110447
8717163714850,false,דאב ספריי,יונילוור ארגנטינה -,AR,DOVE,מיליליטרים,150.00,"100 מ""ל",false,,14.90,0.0993,true,1,109754
8717163947692,false,אקס ג'ל רחצה 400מל,יוניליוור גרמניה (בו,DE,AXE,מיליליטרים,400.00,"100 מ""ל",false,,13.90,0.0348,true,1,112507
8717677336593,false,טבלאות שוקולד חלב טו,טוניס/שוקולונלי,NL,טבלאות שוקולד חלב טו,גרמים,180.00,100 גרם,false,,17.90,0.0994,true,1,121148
8717677336616,false,טבלאות שוקולד מריר ע,טוניס/שוקולונלי,NL,טבלאות שוקולד מריר ע,גרמים,180.00,100 גרם,false,,17.90,0.0994,true,1,121149
8717677336630,false,טבלאות שוקולד חלב עם,טוניס/שוקולונלי,NL,טבלאות שוקולד חלב עם,גרמים,180.00,100 גרם,false,,17.90,0.0994,true,1,121150
8717677336661,false,טבלאות שוקולד מריר 7,טוניס/שוקולונלי,NL,טבלאות שוקולד מריר 7,גרמים,180.00,100 גרם,false,,17.90,0.0994,true,1,121151
8717677338436,false,טבלאות שוקולד חלב עם,טוניס/שוקולונלי,NL,טבלאות שוקולד חלב עם,גרמים,180.00,100 גרם,false,,17.90,0.0994,true,1,121152
8718114734484,false,*מבצע* מיונז מאיי 32,בונגראן,FR,בונגראן,גרמים,320.00,100 גרם,false,,11.90,0.0372,true,1,86250
8718951030206,false,קולגייט סנסיטיב מולט,CP-Poland swidnica,PL,קולגייט,מיליליטרים,75.00,"100 מ""ל",false,,17.90,0.2387,true,1,113013
8718951044913,false,מרידול משחת שיניים ה,קולגייט פלמוליב,PL,מרידול,מיליליטרים,75.00,"100 מ""ל",false,,21.90,0.2920,true,1,78901
8718951079205,false,*מבצע* קולגייט סנסטי,Colgate - Brazil,BR,קולגייט,מיליליטרים,75.00,"100 מ""ל",false,,17.90,0.2387,true,1,78904
8718951093331,false,*מבצע* מברשת שיניים,,,מברשת שיניים מרידול זוג,יח',2.00,יח',false,,24.90,12.4500,true,1,78905
8718951144064,false,*מבצע* מרידול מברשת,,,מברשת שיניים מרידול זוג,יח',2.00,יח',false,,24.90,12.4500,true,1,78910
8718951159808,false,*מבצע* קולגייט מברשת,קולגייט פלמוליב,CN,קולגייט,יח',3.00,יח',false,,24.90,8.3000,true,1,78911
8718951166288,false,קולגייט משחת מקס ויי,cp,PL,קולגייט,מיליליטרים,125.00,"100 מ""ל",false,,17.90,0.1432,true,1,106467
8718951166561,false,קולגייט משחת מקס פרש,cp,PL,קולגייט,מיליליטרים,125.00,"100 מ""ל",false,,17.90,0.1432,true,1,106468
8718951167094,false,פלמוליב צילינדר תפוז,Colgate - Greece,GR,פלמוליב  כלים,ליטרים,1.00,ליטר,false,,13.90,13.9000,true,1,86740
8718951236790,false,קולגייט משחת טוטל קל,CP-Poland swidnica,PL,קולגייט,מיליליטרים,100.00,"100 מ""ל",false,,16.90,0.1690,true,1,107101
8718951236806,false,קולגייט משחת טוטל הל,CP-Poland swidnica,PL,קולגייט,מיליליטרים,100.00,"100 מ""ל",false,,16.90,0.1690,true,1,107102
8718951236813,false,קולגייט משחת טוטל אד,CP-Poland swidnica,PL,קולגייט,מיליליטרים,100.00,"100 מ""ל",false,,16.90,0.1690,true,1,107103
8718951264618,false,קולגייט משחת אופטיק,CP-Poland swidnica,PL,קולגייט,מיליליטרים,75.00,"100 מ""ל",false,,29.90,0.3987,true,1,113014
8718951286733,false,*מבצע* קולגייט משחת,CP-Poland swidnica,PL,קולגייט,מיליליטרים,75.00,"100 מ""ל",false,,24.90,0.3320,true,1,119287
8718951288492,false,*מבצע* משחת שיניים מ,GABA LOER GER,DE,מרידול,גרמים,150.00,100 גרם,false,,24.90,0.1660,true,1,112238
8718951289833,false,*מבצע* פלמוליב סבון,CP - Turkey+60,TR,פלמוליב סבון,גרמים,400.00,100 גרם,false,,9.90,0.0248,true,1,111706
8718951313927,false,פלמוליב סבון ידיים ח,CP - Turkey+60,TR,פלמוליב,מיליליטרים,300.00,"100 מ""ל",false,,10.90,0.0363,true,1,115245
8718951315303,false,קולגייט אדומה 2*100,cp,PL,קולגייט,מיליליטרים,200.00,"100 מ""ל",false,,19.90,0.0995,true,1,114719
8718951333048,false,פלמוליב סבון ידיים ל,Colgate -ITALY,IT,פלמוליב,מיליליטרים,300.00,"100 מ""ל",false,,10.90,0.0363,true,1,117470
8718951338128,false,ליידי ספיד סטיק רול,Colgate - USA,US,ליידי ספיד סטיק רול,מיליליטרים,50.00,"100 מ""ל",false,,14.90,0.2980,true,1,123878
8718951350137,false,פלמוליב תחליב רחצה נ,CP - Turkey+60,TR,פלמוליב תחליב רחצה נ,מיליליטרים,750.00,"100 מ""ל",false,,19.90,0.0265,true,1,126787
8718951366015,false,*מבצע* משחת שיניים ל,cp,PL,*מבצע* משחת שיניים ל,מיליליטרים,75.00,"100 מ""ל",false,,39.90,0.5320,true,1,126791
8718951381292,false,קולגייט משחת מקס דיט,cp,PL,קולגייט,מיליליטרים,125.00,"100 מ""ל",false,,17.90,0.1432,true,1,116514
8718951382787,false,*מבצע* קולגייט משחת,CP-Poland swidnica,PL,קולגייט,מיליליטרים,75.00,"100 מ""ל",false,,24.90,0.3320,true,1,120572
8718951391284,false,*מבצע* אגקס אנטי בקט,Colgate - Greece,GR,אג'קס,ליטרים,1.50,ליטר,false,,15.90,10.6000,true,1,117853
8718951400474,false,פלמוליב תחליב רחצה ק,CP - Turkey+60,TR,פלמוליב תחליב רחצה ק,מיליליטרים,750.00,"100 מ""ל",false,,19.90,0.0265,true,1,124146
8718951400597,false,פלמוליב תחליב רחצה ק,CP - Turkey+60,TR,פלמוליב תחליב רחצה ק,מיליליטרים,750.00,"100 מ""ל",false,,19.90,0.0265,true,1,124147
8718951409798,false,קולגייט מברשת מקס וו,קולגייט פלמוליב,CN,קולגייט מברשת מקס וו,יח',2.00,יח',false,,24.90,12.4500,true,1,118299
8718951428522,false,סבון רחצה לגבר 4ב1פל,CP - Turkey+60,TR,סבון רחצה לגבר 4ב1פל,מיליליטרים,750.00,"100 מ""ל",false,,19.90,0.0265,true,1,119763
8718951431614,false,סבון רחצה סו פירם מי,CP - Turkey+60,TR,סבון רחצה סו פירם מי,מיליליטרים,750.00,"100 מ""ל",false,,19.90,0.0265,true,1,119254
8718951433120,false,קולגייט טוטאל ג'וניו,קולגייט פלמוליב,PL,קולגייט טוטאל ג'וניו,מיליליטרים,50.00,"100 מ""ל",false,,16.90,0.3380,true,1,124788
8718951466371,false,מרידול משחת שיניים 7,GABA LOER GER,DE,מרידול,גרמים,75.00,100 גרם,false,,19.90,0.2653,true,1,125147
8718951470538,false,*מבצע* קולגייט מקס פ,cp,PL,*מבצע* קולגייט מקס פ,מיליליטרים,250.00,"100 מ""ל",false,,19.90,0.0796,true,1,121489
8718951477384,false,משחת שיניים קולגייט,קולגייט פלמוליב,MX,משחת שיניים קולגייט,מיליליטרים,75.00,"100 מ""ל",false,,19.90,0.2653,true,1,120573
8718951509627,false,*מבצע* קולגייט משחת,קולגייט פלמוליב,PL,קולגייט,מיליליטרים,75.00,"100 מ""ל",false,,24.90,0.3320,true,1,121972
8719128110349,false,*מבצע* סירופ פטל פיר,סודה סטרים,IL,*מבצע* סירופ פטל פיר,מיליליטרים,500.00,"100 מ""ל",false,,19.90,0.0398,true,1,87704
8719128118734,false,מילוי מיכל CQC עד 60,,,מילוי מיכל CQC עד 60,יח',1.00,יח',false,,59.90,59.9000,true,1,123080
8719200997998,false,בלובנד עם מלח 200ג כ,אתר חיפה מרגרינה - F,IL,BLUE BAND,גרמים,200.00,100 גרם,false,,4.50,0.0225,true,1,111441
8719200998001,false,בלובנד בלי מלח 60*20,אתר חיפה מרגרינה - F,IL,BLUE BAND,גרמים,200.00,100 גרם,false,,4.50,0.0225,true,1,111442
8719200998018,false,מחמאה  60*200 ג,אתר חיפה מרגרינה - F,IL,BLUE BAND,גרמים,200.00,100 גרם,false,,4.60,0.0230,true,1,111443
8719200998032,false,מזולה בטעם חמאה 48*2,אתר חיפה מרגרינה - F,IL,MAZOLA,גרמים,250.00,100 גרם,false,,9.90,0.0396,true,1,111429
8719200998100,false,מזולה לאפיה בטעם חמא,אתר חיפה מרגרינה - F,IL,MAZOLA,גרמים,200.00,100 גרם,false,,6.50,0.0325,true,1,111427
8720181046605,false,דאב ספריי אינביזיבל,יונילוור ארגנטינה -,AR,DOVE,מיליליטרים,150.00,"100 מ""ל",false,,14.90,0.0993,true,1,116004
8720181046612,false,דאב רולאון אוריגינל,יוניליוור HPC,PH,DOVE,מיליליטרים,50.00,"100 מ""ל",false,,14.90,0.2980,true,1,117910
8720181090202,false,דאב תח. רחצה שמן זית,יוניליוור גרמניה (בו,DE,DOVE,מיליליטרים,750.00,"100 מ""ל",false,,15.90,0.0212,true,1,117416
8720181114465,false,דאו אקס ספריי כחול,,,דאו אקס ספריי כחול,מיליליטרים,150.00,"100 מ""ל",false,,9.90,0.0660,true,1,123246
8720181114472,false,דאו אקס ספריי טורקיז,,,דאו אקס ספריי טורקיז,מיליליטרים,150.00,"100 מ""ל",false,,9.90,0.0660,true,1,123247
8720181114489,false,דאו אקס ספריי שחור,,,דאו אקס ספריי שחור,מיליליטרים,150.00,"100 מ""ל",false,,9.90,0.0660,true,1,123248
8720181114496,false,דאו אקס ספריי חום,,,דאו אקס ספריי חום,מיליליטרים,150.00,"100 מ""ל",false,,9.90,0.0660,true,1,123249
8723400756552,false,מנטוס רביעייה,פרפטי ואן מלה,NL,מנטוס,גרמים,160.00,100 גרם,false,,10.90,0.0681,true,1,48230
8723400782544,false,סוכריות מנטוס בשקית,פרפטי ואן מלה,NL,סוכריות מנטוס בשקית,גרמים,160.00,100 גרם,false,,9.90,0.0619,true,1,86554
8801055706440,false,טסטר צוייס טו גו 20,,,טסטר צוייס טו גו 20 יח,גרמים,36.00,100 גרם,false,,9.90,0.2750,true,1,34431
8801055707010,false,נסקפה קפוצ'ינו קלאסי,נסטלה,,נסקפה קפוצ'ינו קלאסיק 10*,גרמים,170.00,100 גרם,false,,17.90,0.1053,true,1,34435
8801055707966,false,טסטר צוייס בריסטה 18,נסטלה קוריאה - קפה,KR,TASTER'S CHOICE,גרמים,180.00,100 גרם,false,,29.90,0.1661,true,1,34438
8801055709427,false,טסטר צ'ויס אלטה ריקה,נסטלה קוריאה - קפה,KR,טסטר צ'ויס אלטה ריקה,גרמים,100.00,100 גרם,false,,23.90,0.2390,true,1,119743
8801055709434,false,טסטר צ'ויס קולומביה,נסטלה קוריאה - קפה,KR,טסטר צ'ויס קולומביה,גרמים,100.00,100 גרם,false,,23.90,0.2390,true,1,119744
8801055709458,false,נסקפה קפוצ'ינו קרמל,נסטלה,KR,נסקפה קפוצ'ינו קרמל 10*17,גרמים,170.00,100 גרם,false,,17.90,0.1053,true,1,121253
8801055709465,false,נסקפה קפוצ'ינו וניל,נסטלה,KR,נסקפה קפוצ'ינו וניל 10*18,גרמים,185.00,100 גרם,false,,17.90,0.0968,true,1,121254
8801055709472,false,נסקפה קפוצ'ינו קלאסי,נסטלה,,נסקפה קפוצ'ינו קלאסיק 10*,גרמים,125.00,100 גרם,false,,17.90,0.1432,true,1,121255
8801055709489,false,נס קפה קפוצינו אגוזי,נסטלה,,נס קפה קפוצינו אגוזים,גרמים,180.00,100 גרם,false,,17.90,0.0994,true,1,121256
8801055709526,false,נס קפה קפוצינו שוקול,נסטלה,,נס קפה קפוצינו אגוזים,גרמים,180.00,100 גרם,false,,17.90,0.0994,true,1,122408
8809168840471,false,חטיף אצות מיובשות 9,ג'י וואן גלובול נאט,KR,חטיף אצות מיובשות,יח',9.00,יח',false,,24.90,2.7667,true,1,117391
8850180040028,false,טמפורה,malinee food product,TH,gogi,גרמים,500.00,100 גרם,false,,10.90,0.0218,true,1,73042
8850206250592,false,רוטב צ'ילי סיראצ'ה 5,קרמה,TH,רוטב צ'ילי סיראצ'ה 5,גרמים,530.00,100 גרם,false,,19.90,0.0375,true,1,73044
8850206280049,false,רוטב צ'ילי חריף,yan wal yun corpara,TH,רוטב צ'ילי חריף,גרמים,250.00,100 גרם,false,,16.90,0.0676,true,1,119864
8850367990443,false,רוטב לסלט אסייתי 285,theppadungporn cocon,TH,MAE POLY,מיליליטרים,285.00,"100 מ""ל",false,,12.90,0.0453,true,1,73046
8850367992164,false,"קרם קוקוס 250 מ""ל",theppadungporn cocon,TH,chaokkou,מיליליטרים,250.00,"100 מ""ל",false,,7.90,0.0316,true,1,73054
8850367992171,false,קרם קוקוס,theppadungporn cocon,TH,chaokkou,מיליליטרים,1000.00,"100 מ""ל",false,,24.90,0.0249,true,1,73056
8850367994021,false,רוטב צילי מתוק ללא ס,theppadungporn cocon,TH,רוטב צילי מתוק ללא ס,מיליליטרים,280.00,"100 מ""ל",false,,10.90,0.0389,true,1,110150
8850367994786,false,מחית קארי אדומה 50 ג,theppadungporn cocon,TH,מחית קארי אדומה 50 ג,גרמים,50.00,100 גרם,false,,5.90,0.1180,true,1,118510
8850389103128,false,משקה סאפה תפוח 300 מ,אדיר סחר,TH,משקה סאפה תפוח 300 מ,מיליליטרים,300.00,"100 מ""ל",false,,6.90,0.0230,true,1,46099
8850389105825,false,סאפה ענבים 1 ליטר,SAPPE PUBLIC COMPANY,TH,סאפה,ליטרים,1.00,ליטר,false,,12.70,12.7000,true,1,46103
8850389105832,false,סאפה תפוח 1 ליטר,SAPPE PUBLIC COMPANY,TH,סאפה,ליטרים,1.00,ליטר,false,,12.70,12.7000,true,1,46105
8850389105849,false,סאפה אפרסק 1 ליטר,SAPPE PUBLIC COMPANY,TH,סאפה,ליטרים,1.00,ליטר,false,,12.70,12.7000,true,1,46107
8850632604259,false,מקלות חמוצים טעם תות,סאאדת,TR,יוגטה,יח',24.00,יח',false,,3.90,0.1625,true,1,48243
8850632604266,false,מקלות חמוצים טעם קול,סאאדת,TR,יוגטה,יח',24.00,יח',false,,3.90,0.1625,true,1,48245
8850632604372,false,מקלות חמוצים טעם תות,סאאדת,TR,יוגטה,יח',24.00,יח',false,,3.90,0.1625,true,1,48247
8850632604402,false,מקלות חמוצים בטעמים,סאאדת,TR,יוגטה,יח',24.00,יח',false,,3.90,0.1625,true,1,48249
8850632605201,false,מקלות חמוצים מעורב,סאאדת,TR,יוגטה,יח',24.00,יח',false,,3.90,0.1625,true,1,48251
8851613101378,false,"חלב קוקוס 250 מ""ל",תאי וורלד,TH,רנדי,מיליליטרים,250.00,"100 מ""ל",false,,9.90,0.0396,true,1,38088
8851613101385,false,"חלב קוקוס 500 מ""ל",תאי וורלד,TH,רנדי,מיליליטרים,500.00,"100 מ""ל",false,,12.90,0.0258,true,1,38090
8852633020403,false,פניני טפיוקה 500 גרם,super j internationa,TH,פניני טפיוקה 500 גרם,גרמים,500.00,100 גרם,false,,11.90,0.0238,true,1,73080
8857101301008,false,"רוטב צילי 700 מ""ל",פאן אינטר,TH,וילי פוד,מיליליטרים,700.00,"100 מ""ל",false,,9.90,0.0141,true,1,44638
8858271002870,false,רוטב פאד תאי,yan wal yun corpara,TH,maxchup,מיליליטרים,250.00,"100 מ""ל",false,,10.90,0.0436,true,1,73082
8858271002887,false,"רוטב טרייאקי 250 מ""ל",yan wal yun corpara,TH,מזרח ומערב,מיליליטרים,250.00,"100 מ""ל",false,,9.90,0.0396,true,1,73084
8858271003020,false,רוטב סויה פורמולה 1,,TH,רוטב סויה פורמולה 1,מיליליטרים,700.00,"100 מ""ל",false,,15.90,0.0227,true,1,111863
8858271003075,false,רוטב סויה מתוקה,yan wal yun corpara,TH,maxchup,מיליליטרים,700.00,"100 מ""ל",false,,16.90,0.0241,true,1,85324
8858271003136,false,רוטב פטריות צמחוני 2,yan wal yun corpara,TH,MAXCHUP,מיליליטרים,250.00,"100 מ""ל",false,,10.90,0.0436,true,1,85325
8858271003921,false,רוטב קארי אדום,yan wal yun corpara,TH,maxchup,מיליליטרים,250.00,"100 מ""ל",false,,10.90,0.0436,true,1,85326
8858271003938,false,רוטב קארי ירוק 250 מ,yan wal yun corpara,TH,maxchup,מיליליטרים,250.00,"100 מ""ל",false,,10.90,0.0436,true,1,85327
8858271004126,false,רוטב חמוץ מתוק,yan wal yun corpara,TH,maxchup,מיליליטרים,700.00,"100 מ""ל",false,,15.90,0.0227,true,1,85329
8858271004300,false,רוטב טרייאקי,yan wal yun corpara,TH,maxchup,מיליליטרים,700.00,"100 מ""ל",false,,19.90,0.0284,true,1,85330
8858271005451,false,רוטב סויה פורמולה 1,yan wal yun corpara,TH,רוטב סויה מנה 500מל,מיליליטרים,250.00,"100 מ""ל",false,,10.90,0.0436,true,1,88970
8858671550063,false,טמפורה מתובלת בשום ו,m&r laboratory co,TH,טמפורה מתובלת בשום ו,גרמים,500.00,100 גרם,false,,10.90,0.0218,true,1,109768
8888021200256,false,סוללות אנרגייזר שמינ,אנרג'ייזר,US,אנרג'ייזר,יח',8.00,יח',false,,24.90,3.1125,true,1,40484
8888021200720,false,סוללות אנרגייזר שמינ,אנרג'ייזר,US,אנרג'ייזר,יח',8.00,יח',false,,24.90,3.1125,true,1,40486
8888757103005,false,300 שמן שומשום,אוך אייק גואן פוד אי,SG,רנדי,מיליליטרים,300.00,"100 מ""ל",false,,19.90,0.0663,true,1,38092
8901138500306,false,משחת שיניים 100 גרם,הימלאיה,IN,הימלאיה,גרמים,100.00,100 גרם,false,,14.90,0.1490,true,1,75327
8901138825591,false,הימלאיה משחת שיניים,הימלאיה,IN,הימלאיה,מיליליטרים,75.00,"100 מ""ל",false,,14.90,0.1987,true,1,75329
8901537024014,false,"אורז בסמטי 1 ק""ג",lt foods,IN,DAAWAT,קילוגרמים,1.00,"ק""ג",false,,11.90,11.9000,true,1,44640
8901571005833,false,מברשת שיניים סנסודיי,,,מברשת שיניים סנסודיי,יח',3.00,יח',false,,15.90,5.3000,true,1,121339
8901571011018,false,מברשת שיניים סנסודיי,,,מברשת שיניים סנסודיי,יח',3.00,יח',false,,15.90,5.3000,true,1,122086
8934878081811,false,"דף אורז 22 ס""מ",chanh khang company,VN,trav,גרמים,400.00,100 גרם,false,,11.90,0.0298,true,1,85342
8938535541366,false,דפי אורז צבעוניים לל,יאמאסה,JP,דפי אורז צבעוניים לל,גרמים,400.00,100 גרם,false,,14.90,0.0373,true,1,117432
9000100760591,false,*מבצע* דאודורנט רול,שוורצקופף והנקל,DE,פה,מיליליטרים,50.00,"100 מ""ל",false,,9.90,0.1980,true,1,87991
9000101329322,false,כדוריות לאסלה בניחוח,הנקל,RS,כדוריות לאסלה בניחוח,גרמים,50.00,100 גרם,false,,9.90,0.1980,true,1,119803
9000101418163,false,*מבצע* ברף בניחוח מת,הנקל,RS,*מבצע* ברף בניחוח מת,גרמים,193.00,100 גרם,false,,14.90,0.0772,true,1,121503
9000101511635,false,פרסיל קפסולות דיסקס,הנקל סוד,HU,פרסיל,יח',22.00,יח',false,,34.90,1.5864,true,1,126987
9000101520965,false,*מבצע* ברף בניחוח מת,הנקל,RS,*מבצע* ברף בניחוח מת,גרמים,193.00,100 גרם,false,,14.90,0.0772,true,1,121508
9000101537550,false,*מבצע* פרסיל פאוור ק,הנקל,IL,*מבצע* פרסיל פאוור ק,יח',52.00,יח',false,,49.90,0.9596,true,1,123942
9000101537581,false,*מבצע* פרסיל פאוור ק,הנקל,IL,*מבצע* פרסיל פאוור ק,יח',52.00,יח',false,,49.90,0.9596,true,1,123943
9001616202360,false,*מבצע* זוג מוצצי סיל,מאמ,AT,מאמ,יח',2.00,יח',false,,32.90,16.4500,true,1,86112
9001616202377,false,*מבצע* זוג מוצצי סיל,מאמ,AT,מאמ,יח',2.00,יח',false,,32.90,16.4500,true,1,86113
9001616203367,false,זוג פטמות לבקבוק תינ,מאמ,AT,מאמ,יח',1.00,יח',false,,24.90,24.9000,true,1,86119
9001616680991,false,*מבצע* בקבוק אנטי קו,מאמ,AT,מאמ,יח',1.00,יח',false,,32.90,32.9000,true,1,106426
9001616702686,false,*מבצע* זוג מוצצי סיל,מאמ,AT,מאמ,יח',2.00,יח',false,,32.90,16.4500,true,1,106425
9001616702693,false,*מבצע* זוג מוצצי סיל,מאמ,AT,מאמ,יח',2.00,יח',false,,32.90,16.4500,true,1,106049
9001616702969,false,*מבצע* בקבוק לתינוק,מאמ,AT,מאמ,יח',1.00,יח',false,,32.90,32.9000,true,1,106432
9001616813856,false,מארז שלישיית מוצצי ס,מאמ,AT,מארז שלישיית מוצצי ס,יח',3.00,יח',false,,34.90,11.6333,true,1,123288
9002975393812,false,סוכריות הריבו האפי צ,,,סוכריות הריבו האפי צ,גרמים,70.00,100 גרם,false,,6.90,0.0986,true,1,121974
9002975393829,false,סוכריות הריבו פיצ'ס,,,סוכריות הריבו פיצ'ס,גרמים,70.00,100 גרם,false,,6.90,0.0986,true,1,121975
9002975393843,false,סוכריות הריבו גולדבר,,,סוכריות הריבו גולדבר,גרמים,70.00,100 גרם,false,,6.90,0.0986,true,1,121977
9002975393850,false,סוכריות הריבו וורמס,,,סוכריות הריבו וורמס,גרמים,70.00,100 גרם,false,,6.90,0.0986,true,1,121978
9044400851672,false,סוכריות פז,פז פרודקשיין יורו,AT,סוכריות פז,גרמים,25.50,100 גרם,false,,10.90,0.4275,true,1,125276
9120025834723,false,חטיף אוראו מצונן 120,בובארד,IT,חטיף אוראו מצונן 120,גרמים,120.00,100 גרם,false,,14.90,0.1242,true,1,124919
9120025839896,false,חטיף מילקה מצונן 128,בובארד,IT,חטיף מילקה מצונן 128,גרמים,128.00,100 גרם,false,,14.90,0.1164,true,1,125491
9120097310583,false,חטיף שוקו בננה מיניו,בובארד,IT,חטיף שוקו בננה מיניו,גרמים,108.00,100 גרם,false,,14.90,0.1380,true,1,124924
9310072028743,false,ביסקוויט מצופה שוקול,ארנולטס,AU,טים טם,גרמים,200.00,100 גרם,false,,19.90,0.0995,true,1,32773
9310072028750,false,ביסקוויט מצופה שוקול,ארנולטס,AU,טים טם,גרמים,200.00,100 גרם,false,,19.90,0.0995,true,1,32774
9322969000046,false,פריכיות תירס עם שומש,ריל פוד,AU,פריכיות תירס עם שומש,גרמים,150.00,100 גרם,false,,11.90,0.0793,true,1,107297
9720188050109,false,טופוטי - ממרח טופו ב,מחלבת משק צוריאל,US,משק צוריאל,גרמים,225.00,100 גרם,false,,19.90,0.0884,true,1,73483
9720188060108,false,טופוטי - ממרח טופו ב,מחלבת משק צוריאל,US,משק צוריאל,גרמים,340.00,100 גרם,false,,19.90,0.0585,true,1,73485
9771565025005,false,עיתון מעריב שישי,,,עיתון מעריב שישי,יח',1.00,יח',false,,6.00,6.0000,true,1,74762
