code,internal_code,name,manufacturer_name,manufacture_country,manufacturer_item_description,unit_qty,quantity,unit_of_measure,weighted,qty_in_package,price,unit_of_measure_price,allow_discount,status,item_id
196,true,גודי פטור מעמ,ספקים שונים,,,יח`,1,,false,1,0.01,0.01,false,1,
319,true,תו סיבוס פטור מעמ,ספקים שונים,,,יח`,1,,false,1,0.01,0.01,false,1,
321,true,תן ביס פטור מעמ,ספקים שונים,,,יח`,1,,false,1,0.01,0.01,false,1,
501,true,ראש קוקוס,בכורי שדה דרום 2002 בעמ,,,יח`,1,,false,1,9.90,9.90,false,1,
600,true,סנדוויץ`עובד,קבוצת אסם סחר שות. מוגבלת,,,יח`,1,,false,1,3,3,false,1,
2001,true,אשכולית,פירות בני דרור בעמ,,,"ק""ג",1,,true,1,5.90,5.90,false,1,
2002,true,אשכולית אדומה,תעשיות תוצרת חקלאית אביטן בני,,,"ק""ג",1,,true,1,5.90,5.90,false,1,
2003,true,אבוקדו,גליל שוק מקומי אגשח*שיק ל60 יו,,,"ק""ג",1,,true,1,8.90,8.90,false,1,
2006,true,ארטישוק,אנונה שיווק בעמ*שיק 45 יום*,,,"ק""ג",1,,true,1,29.90,29.90,false,1,
2007,true,בטטה,משק כרמי ייצור ושיווק תוצרת*שי,,,"ק""ג",1,,true,1,8.90,8.90,false,1,
2009,true,בננות,גליל שוק מקומי אגשח*שיק ל60 יו,,,"ק""ג",1,,true,1,5.90,5.90,false,1,
2010,true,בצל יבש,רביבו יהודה חקלאות ונכסים בעמ,,,"ק""ג",1,,true,1,4.90,4.90,true,1,
2012,true,אננס,פירות הכרמל אגשח בעמ*שיק 45 יו,,,יח`,1,,false,1,40,40,false,1,
2013,true,גויאבה,אלדד קליימן שיווק בעמ*שיק 40 י,,,"ק""ג",1,,true,1,12.90,12.90,false,1,
2015,true,דלעת,שוסטר תעשיות מזון בעמ*שיק ל 60,,,"ק""ג",1,,true,1,9.90,9.90,false,1,
2016,true,דלורית,שוסטר תעשיות מזון בעמ*שיק ל 60,,,"ק""ג",1,,true,1,6.90,6.90,true,1,
2017,true,תפוח זהוב,בראשית - אגודה שיתופית*שיק 45,,,"ק""ג",1,,true,1,9.90,9.90,false,1,
2019,true,חסה עגולה,הירוקים של רצון בעמ,,,יח`,1,,false,1,5.90,5.90,false,1,
2020,true,חסה רגילה,הירוקים של רצון בעמ,,,יח`,1,,false,1,4.90,4.90,false,1,
2021,true,חצילים,שיווק העשור ירקות הזהב*שיק 30,,,"ק""ג",1,,true,1,7.90,7.90,false,1,
2022,true,ירק,א.אדמה (2007) בעמ,,,יח`,1,,false,1,3.90,3.90,false,1,
2023,true,תפוח יונתן,בראשית - אגודה שיתופית*שיק 45,,,"ק""ג",1,,true,1,14.90,14.90,false,1,
2024,true,כרוב לבן,תעשיות תוצרת חקלאית אביטן בני,,,"ק""ג",1,,true,1,4.90,4.90,false,1,
2025,true,כרובית,ד.ע. ימין גידול ושיווק ירקות*ש,,,"ק""ג",1,,true,1,8.90,8.90,false,1,
2027,true,לימון,גליל שוק מקומי אגשח*שיק ל60 יו,,,"ק""ג",1,,true,1,8.90,8.90,false,1,
2028,true,מלפפון,נסים מאיר חקלאי בעמ*שיק 30 יום,,,"ק""ג",1,,true,1,5.90,5.90,false,1,
2033,true,תפוח סמיט,בראשית - אגודה שיתופית*שיק 45,,,"ק""ג",1,,true,1,9.90,9.90,false,1,
2034,true,תפוח סטארקינג חרמון,בראשית - אגודה שיתופית*שיק 45,,,"ק""ג",1,,true,1,9.90,9.90,false,1,
2035,true,סלק,מלוא הסל שיווק ירקות בעמ*שיק 3,,,"ק""ג",1,,true,1,5.90,5.90,true,1,
2036,true,עגבניה,שיווק העשור ירקות הזהב*שיק 30,,,"ק""ג",1,,true,1,5.90,5.90,true,1,
2038,true,פטריות שמפיניון יחידה,מרינה פטריות הגליל בעמ,,,יח`,1,,false,1,9.90,9.90,true,1,
2039,true,פומלה,מהדרין תנופורט יצוא *שיק 30 יו,,,"ק""ג",1,,true,1,8.90,8.90,false,1,
2040,true,פלפל ירוק,ינאי - מרכז פרי והירק בעמ*שיק,,,"ק""ג",1,,true,1,8.90,8.90,false,1,
2041,true,פלפל חריף,שיווק העשור ירקות הזהב*שיק 30,,,"ק""ג",1,,true,1,8.90,8.90,false,1,
2043,true,צנונית,תוצרת הנגב אגודה שיתופית חקלאי,,,יח`,1,,false,1,6.90,6.90,true,1,
2044,true,צנון,עמית בראון שיווק עמ*שיק 40 יום,,,"ק""ג",1,,true,1,6.90,6.90,false,1,
2046,true,קולורבי,תעשיות תוצרת חקלאית אביטן בני,,,"ק""ג",1,,true,1,7.90,7.90,false,1,
2047,true,קלמנטינה,תעשיות תוצרת חקלאית אביטן בני,,,"ק""ג",1,,true,1,6.90,6.90,false,1,
2048,true,קישואים,אשר שי אלבז *שיק 30 יום*,,,"ק""ג",1,,true,1,8.90,8.90,false,1,
2049,true,קיווי,בראשית - אגודה שיתופית*שיק 45,,,"ק""ג",1,,true,1,8.90,8.90,false,1,
2050,true,פומלית,תעשיות תוצרת חקלאית אביטן בני,,,"ק""ג",1,,true,1,8.90,8.90,false,1,
2051,true,לפת,מלוא הסל שיווק ירקות בעמ*שיק 3,,,"ק""ג",1,,true,1,6.90,6.90,false,1,
2054,true,שומר,תעשיות תוצרת חקלאית אביטן בני,,,"ק""ג",1,,true,1,7.90,7.90,false,1,
2057,true,תותים,גידול ושיווק אדום ירוק בעמ,,,יח`,1,,false,1,10,10,false,1,
2058,true,תפוא לבן,עוגן שיווק ואריזות בעמ,,,"ק""ג",1,,true,1,3.90,3.90,true,1,
2059,true,תפוזים,הדרי קטיף אריזה ושיווק בעמ*שיק,,,"ק""ג",1,,true,1,4.90,4.90,false,1,
2060,true,תירס ארוז,צמח שיווק תוצרת חקלאית *שיק 30,,,"ק""ג",1,,true,1,12.90,12.90,false,1,
2061,true,פלפל אדום,י.ל. החקלאים שיווק והפצה בעמ*ש,,,"ק""ג",1,,true,1,8.90,8.90,false,1,
2063,true,אגס,טריפל סל בעמ,,,"ק""ג",1,,true,1,12.90,12.90,false,1,
2064,true,כרוב אדום,תעשיות תוצרת חקלאית אביטן בני,,,"ק""ג",1,,true,1,5.90,5.90,false,1,
2065,true,פלפל חריף אדום,דובדבן שיווק בעמ*שיק 60 יום*,,,"ק""ג",1,,true,1,9.90,9.90,false,1,
2066,true,פלפל בהיר,שיווק העשור ירקות הזהב*שיק 30,,,"ק""ג",1,,true,1,9.90,9.90,false,1,
2067,true,פלפל צהוב,ב.ד. גידול ירקות בעמ*שיק 30 יו,,,"ק""ג",1,,true,1,8.90,8.90,false,1,
2068,true,אפרסמון,מור פירות השרון בעמ* שיק 45 יו,,,"ק""ג",1,,true,1,14.90,14.90,false,1,
2072,true,בצל אדום,רביבו יהודה חקלאות ונכסים בעמ,,,"ק""ג",1,,true,1,6.90,6.90,false,1,
2074,true,שרי ארוז,צימן עגבניות שיווק רמת הנגב בע,,,יח`,1,,false,1,9.90,9.90,false,1,
2075,true,שעועית צהובה,נווה ירק בעמ,,,"ק""ג",1,,true,1,16.90,16.90,false,1,
2082,true,תפוח פינק,בראשית - אגודה שיתופית*שיק 45,,,"ק""ג",1,,true,1,12.90,12.90,false,1,
2091,true,אפרסק,מיטב פרי הרמה (1995) בעמ*שיק 3,,,"ק""ג",1,,true,1,9.90,9.90,false,1,
2092,true,פלפל שושקה,י.ל. החקלאים שיווק והפצה בעמ*ש,,,"ק""ג",1,,true,1,9.90,9.90,false,1,
2094,true,תפוח ענה,ח.ע בסד שיווק פירות בעמ,,,"ק""ג",1,,true,1,9.90,9.90,false,1,
2095,true,סברס,מהדרין תנופורט יצוא *שיק 30 יו,,,"ק""ג",1,,true,1,24.90,24.90,false,1,
2099,true,שזיף אדום,בועז את עמיר בעמ*שיק 40 יום*,,,"ק""ג",1,,true,1,19.90,19.90,false,1,
2100,true,דלעת יפנית,שוסטר תעשיות מזון בעמ*שיק ל 60,,,"ק""ג",1,,true,1,18.90,18.90,false,1,
2113,true,פלפל כתום,י.ל. החקלאים שיווק והפצה בעמ*ש,,,"ק""ג",1,,true,1,8.90,8.90,false,1,
2114,true,ערמונים תפזורת,בכורי שדה דרום 2002 בעמ,,,"ק""ג",1,,true,1,19.90,19.90,false,1,
2116,true,קישואים עגולים,עמית בראון שיווק עמ*שיק 40 יום,,,"ק""ג",1,,true,1,9.90,9.90,false,1,
2117,true,פול ירוק,דובדבן שיווק בעמ*שיק 60 יום*,,,"ק""ג",1,,true,1,8.90,8.90,false,1,
2120,true,תפוא אדום,עוגן שיווק ואריזות בעמ,,,"ק""ג",1,,true,1,4.90,4.90,false,1,
2122,true,רימון,אלדד קליימן שיווק בעמ*שיק 40 י,,,"ק""ג",1,,true,1,9.90,9.90,false,1,
2127,true,ענבים ירוקים טלי,לכיש מושב עובדים להתישבות*30 י,,,"ק""ג",1,,true,1,24.90,24.90,false,1,
2130,true,אנונה,גליל שוק מקומי אגשח*שיק ל60 יו,,,"ק""ג",1,,true,1,16.90,16.90,false,1,
2132,true,ברוקולי ארוז,בננות החוף אגשח בעמ,,,יח`,1,,false,1,10,10,false,1,
2144,true,קישוא זוקיני,שיווק העשור ירקות הזהב*שיק 30,,,"ק""ג",1,,true,1,9.90,9.90,false,1,
2165,true,פטריות תפזורת גדולות למילוי,חוות השמפיניון בעמ,,,"ק""ג",1,,true,1,39.90,39.90,false,1,
2171,true,פאפיה,עומר יבולים בעמ*שיק ל 60 יום*,,,"ק""ג",1,,true,1,19.90,19.90,false,1,
2186,true,תפוח גלה,בראשית - אגודה שיתופית*שיק 45,,,"ק""ג",1,,true,1,9.90,9.90,false,1,
2188,true,אגס אדום,בראשית - אגודה שיתופית*שיק 45,,,"ק""ג",1,,true,1,14.90,14.90,false,1,
2252,true,פטיה,טריג חברה ליבוא ומסחר בעמ,,,"ק""ג",1,,true,1,19.90,19.90,false,1,
2323,true,גבינה מגורדת מעדנייה,תנובה - חלב,,,"ק""ג",10,100 גרם,true,1,48,4.80,false,1,
10106,true,צוואר צלעות עגל עע חלק,אדום אדום - תנובה בקר,,,"ק""ג",1,,true,1,49.90,49.90,false,1,
11004,true,הולנדית+שויצרית+צ`דר,גבינות הכפר בעמ,,,"ק""ג",10,100 גרם,true,1,37,3.70,false,1,
12001,true,מעושנת,גבינות הכפר בעמ,,,"ק""ג",10,100 גרם,true,1,38,3.80,false,1,
12124,true,חזה עגל חלק מו,אדום אדום - תנובה בקר,,,"ק""ג",1,"ק""ג",true,1,49.90,49.90,true,1,
14005,true,מקסיקנית,גבינות הכפר בעמ,,,"ק""ג",10,100 גרם,true,1,36,3.60,false,1,
18218,true,שייטל עגל טרי חלק,אדום אדום - תנובה בקר,,,"ק""ג",1,,true,1,89.90,89.90,false,1,
46549,true,מוצרלה חריץ תנובה,תנובה - חלב,,,"ק""ג",10,100 גרם,true,1,76,7.60,false,1,
46662,true,סקנדינבית 31% תנובה,תנובה - חלב,,,"ק""ג",10,100 גרם,true,1,76,7.60,false,1,
47027,true,קשקבל (27% גלעד) תנובה,תנובה - חלב,,,"ק""ג",10,100 גרם,true,1,121,12.10,false,1,
47485,true,בולגרית פיראוס 24% פח 3  קג`תנובה,תנובה - חלב,,,"ק""ג",10,100 גרם,true,1,56,5.60,false,1,
47898,true,לאבנה 9% תנובה,תנובה - חלב,,,"ק""ג",10,100 גרם,true,1,37,3.70,false,1,
58214,true,גבינת עיזים הולנד מעדנייה,א. סיימן סחר בעמ,,,"ק""ג",10,100 גרם,true,1,169,16.90,false,1,
59297,true,גבינה לבנה 5% טעמים במשקל,מחלבות גד שיווק 1992 בעמ,,,"ק""ג",10,100 גרם,true,1,25,2.50,false,1,
71718,true,חזה אסאדו עע טרי חלק,אדום אדום - תנובה בקר,,,"ק""ג",1,"ק""ג",true,1,59.90,59.90,false,1,
81816,true,אוסובוקו עגל טרי חלק,אדום אדום - תנובה בקר,,,"ק""ג",1,"ק""ג",true,1,49.90,49.90,false,1,
89652,true,סטייק עם עצם חלק,אדום אדום - תנובה בקר,,,"ק""ג",1,"ק""ג",true,1,118,118,true,1,
254630,true,ויסברטן עגל טרי חלק,אדום אדום - תנובה בקר,,,"ק""ג",1,"ק""ג",true,1,79.90,79.90,true,1,
260876,true,חלבה קלאסית וילי פוד למעדנייה,ג.וילי-פוד אינטרנשיונל בעמ,,,"ק""ג",10,100 גרם,true,1,44,4.40,false,1,
269870,true,צ`אך עגל טרי חלק,אדום אדום - תנובה בקר,,,"ק""ג",1,,true,1,89.90,89.90,false,1,
328900,true,נפוליאון טבעי גבינת שמנת 25% מעדניה,תנובה - חלב,,,"ק""ג",10,100 גרם,true,1,46,4.60,false,1,
328917,true,נפוליאון זיתים גבינת שמנת 24% מעדניה,תנובה - חלב,,,"ק""ג",10,100 גרם,true,1,46,4.60,false,1,
365510,true,צלי כתף טרי חלק,אדום אדום - תנובה בקר,,,"ק""ג",1,,true,1,89.90,89.90,false,1,
370734,true,גבינת צמות במי מלח במשקל 25% שומן מעדנ,ג.וילי-פוד אינטרנשיונל **גבינו,,,"ק""ג",10,100 גרם,true,1,70,7,false,1,
370772,true,כדורי מוצרלה מעדנייה וילי פוד,ג.וילי-פוד אינטרנשיונל **גבינו,,,"ק""ג",10,100 גרם,true,1,85,8.50,false,1,
395408,true,גבנצ 28% נעם חריץ פיקוח מעדנייה,החב` המרכזית - טרה,,,"ק""ג",10,100 גרם,true,1,44.79,4.48,false,1,
395415,true,גבנצ 9% נעם חריץ מעדנייה,החב` המרכזית - טרה,,,"ק""ג",10,100 גרם,true,1,76,7.60,false,1,
395422,true,גבנצ 22% נעם חריץ פיקוח מעדנייה,החב` המרכזית - טרה,,,"ק""ג",10,100 גרם,true,1,42.58,4.26,false,1,
554792,true,בולגרית 5% 16%  מעודנת- גד מעדניה,מחלבות גד שיווק 1992 בעמ,,,"ק""ג",10,100 גרם,true,1,56,5.60,false,1,
554914,true,גבינה צפתית רכה 5% מעדנייה גד,מחלבות גד שיווק 1992 בעמ,,,"ק""ג",10,100 גרם,true,1,60,6,false,1,
554969,true,שמנות 30% גד,מחלבות גד שיווק 1992 בעמ,,,"ק""ג",10,100 גרם,true,1,45,4.50,false,1,
554983,true,לאבנה גד,מחלבות גד שיווק 1992 בעמ,,,"ק""ג",10,100 גרם,true,1,38,3.80,false,1,
554990,true,כדורי מוצרלה במים גד פרסקה מעדניה,מחלבות גד שיווק 1992 בעמ,,,"ק""ג",10,100 גרם,true,1,92,9.20,false,1,
571126,true,גאודה כמון 30%,מחלבות גד שיווק 1992 בעמ,,,"ק""ג",10,100 גרם,true,1,99,9.90,false,1,
657424,true,סופגניה אריאל במאפית,מאפיית אריאל בעמ,,,יח`,1,,false,1,3.50,3.50,false,1,
658926,true,פילה מרלוזה 100% דג קפוא תנובה,תנובה קפואים,,,"ק""ג",0,100 גרם,true,1,32.90,32.90,false,1,
659312,true,פילה סלמון תנובה בואקום קפוא,תנובה קפואים,,,"ק""ג",1,,true,1,74.90,74.90,false,1,
684123,true,כתף טרי חלק ללא עצם,אדום אדום - תנובה בקר,,,"ק""ג",1,,true,1,79.90,79.90,true,1,
821009,true,אצבעות אנטריקוט קפוא,נחמיה לחוביץ בעמ,,,"ק""ג",1,,true,1,54.90,54.90,false,1,
1121672,true,פסטרמה מעודנת בפפריקה 300 גר` יחיעם,מעדני יחיעם (1993) בעמ,,,יח`,3,100 גרם,false,1,21.90,7.30,true,1,
1230234,true,כאמל סופט,גלוברנדס בעמ - שיווק סיגריות,,,יח`,1,,false,1,34,34,true,1,
1230739,true,כאמל כחול,גלוברנדס בעמ - שיווק סיגריות,,,יח`,1,,false,1,34,34,true,1,
1231233,true,וינסטון בוקס,גלוברנדס בעמ - שיווק סיגריות,,,יח`,1,,false,1,33.50,33.50,true,1,
1231932,true,וינסטון כחול בוקס,גלוברנדס בעמ - שיווק סיגריות,,,יח`,1,,false,1,33.50,33.50,true,1,
1235938,true,וינסטון כחול ארוך,גלוברנדס בעמ - שיווק סיגריות,,,יח`,1,,false,1,33.50,33.50,true,1,
1319161,true,בשר  מס`3 חזה,נחמיה לחוביץ בעמ,,,"ק""ג",1,,true,1,29.90,29.90,false,1,
1415863,true,פילסברי חלה מתוקה (חת כדורים),קונסיגנציה ג`נרל מילס ישראל בע,,,יח`,1,,false,1,11.90,11.90,true,1,
1433521,true,טחון להמבורגר מאנטריקוט חלק,אדום אדום - תנובה בקר,,,"ק""ג",1,,true,1,59.90,59.90,true,1,
1461105,true,פילסברי לחם מחמצת לבן,קונסיגנציה ג`נרל מילס ישראל בע,,,יח`,1,,false,1,16.90,16.90,true,1,
1461112,true,פילסברי לחם מחמצת דגנים,קונסיגנציה ג`נרל מילס ישראל בע,,,יח`,1,,false,1,16.90,16.90,true,1,
1461860,true,פילסברי 10 פיתות,קונסיגנציה ג`נרל מילס ישראל בע,,,יח`,1,,false,1,13.90,13.90,false,1,
1516065,true,חזה עוף פרוס דק דק טרי ארוז,קורניש חן (1987) בעמ,,,"ק""ג",1,,true,1,37.90,37.90,true,1,
1664384,true,עצמות בקר טרי,אדום אדום - תנובה בקר,,,"ק""ג",1,,true,1,39.90,39.90,false,1,
1714898,true,בשר ראש עגל קפוא מוביל,נחמיה לחוביץ בעמ,,,"ק""ג",0,100 גרם,true,1,59.90,59.90,false,1,
1989364,true,מקרל פרוס בשמן מעדניה,סלטי שמיר 2006 בעמ,,,"ק""ג",10,100 גרם,true,1,119,11.90,false,1,
1989388,true,מעדן מטיאס הולנדי מעדניה,סלטי שמיר 2006 בעמ,,,"ק""ג",10,100 גרם,true,1,60,6,false,1,
1989395,true,הרינג כבוש עם בצל מעדניה,סלטי שמיר 2006 בעמ,,,"ק""ג",10,100 גרם,true,1,60,6,false,1,
2107743,true,צפתית מעודנת 5% צוריאל,החב` המרכזית - טרה,,,"ק""ג",10,100 גרם,true,1,44,4.40,false,1,
2129202,true,צלעות מס 2 טרי יבוא חלק ארגנטיני,בלדי בעמ,,,"ק""ג",1,,true,1,59.90,59.90,true,1,
2129219,true,כתף מרכזי טרי יבוא חלק ארגנטיני,בלדי בעמ,,,"ק""ג",1,,true,1,69.90,69.90,true,1,
2129257,true,צוואר טרי יבוא חלק ארגנטיני,בלדי בעמ,,,"ק""ג",1,,true,1,39.90,39.90,false,1,
2206019,true,כרעיים עוף טרי ארוז,קורניש חן (1987) בעמ,,,"ק""ג",1,,true,1,25.90,25.90,true,1,
2206033,true,שוקיים עוף טרי ארוז,קורניש חן (1987) בעמ,,,"ק""ג",1,,true,1,29.90,29.90,false,1,
2206040,true,כנפיים עוף טרי ארוז,קורניש חן (1987) בעמ,,,"ק""ג",1,,true,1,12.90,12.90,true,1,
2206057,true,חזה עוף טרי שלם ארוז,קורניש חן (1987) בעמ,,,"ק""ג",1,,true,1,32.90,32.90,true,1,
2206064,true,חזה עוף פרוס טרי ארוז שניצל,קורניש חן (1987) בעמ,,,"ק""ג",1,,true,1,34.90,34.90,true,1,
2206101,true,סטייק פרגית ללא עור,קורניש חן (1987) בעמ,,,"ק""ג",1,,true,1,54.90,54.90,true,1,
2206118,true,כבד עוף לצליה טרי ארוז,קורניש חן (1987) בעמ,,,"ק""ג",1,,true,1,15.90,15.90,false,1,
2206125,true,לבבות עוף טרי ארוז,קורניש חן (1987) בעמ,,,"ק""ג",1,,true,1,26.90,26.90,false,1,
2206408,true,חזה הודו נקבה טרי ארוז מוביל,קורניש חן (1987) בעמ,,,"ק""ג",1,,true,1,25.90,25.90,false,1,
2206415,true,שוקיים הודו נקבה טרי ארוז מוביל,קורניש חן (1987) בעמ,,,"ק""ג",1,,true,1,25.90,25.90,false,1,
2206484,true,שווארמה הודו נקבה טרי ארוז מוביל,קורניש חן (1987) בעמ,,,"ק""ג",1,,true,1,59.90,59.90,false,1,
2209071,true,פילה עוף טרי ארוז,קורניש חן (1987) בעמ,,,"ק""ג",1,,true,1,34.90,34.90,false,1,
2300878,true,גבינת צדר אנגלית במשקל,א. סיימן סחר בעמ,,,"ק""ג",10,100 גרם,true,1,125,12.50,false,1,
2300885,true,גבינת צ`דר אנגלי כתום משקל,א. סיימן סחר בעמ,,,"ק""ג",10,100 גרם,true,1,125,12.50,false,1,
2370017,true,גבינת גאודה בתוספת תערובת בזיליקום ושום,ג.וילי-פוד אינטרנשיונל **גבינו,,,"ק""ג",10,100 גרם,true,1,80,8,false,1,
2370024,true,גבינת גאודה בתוספת תערובת עגבניות זיתים,ג.וילי-פוד אינטרנשיונל **גבינו,,,"ק""ג",10,100 גרם,true,1,100,10,false,1,
2370031,true,מוצרלה,ג.וילי-פוד אינטרנשיונל **גבינו,,,"ק""ג",10,100 גרם,true,1,52,5.20,false,1,
2370123,true,גבינת עיזים רכה 29% שומן מעדניה,ג.וילי-פוד אינטרנשיונל **גבינו,,,"ק""ג",10,100 גרם,true,1,80,8,false,1,
2370130,true,גבינת ברי צרפתית מעדנייה וילי פוד,ג.וילי-פוד אינטרנשיונל **גבינו,,,"ק""ג",10,100 גרם,true,1,80,8,false,1,
2370475,true,גבינת דנהבלו בשלה עם עובש כחול 31% מעדנ,ג.וילי-פוד אינטרנשיונל **גבינו,,,"ק""ג",10,100 גרם,true,1,55,5.50,false,1,
2370789,true,גבינת כבשים עם פטריות כמהין במשקל 36% שו,ג.וילי-פוד אינטרנשיונל **גבינו,,,"ק""ג",10,100 גרם,true,1,120,12,false,1,
2370994,true,גבינת גאודה עם פטריות כמהין,ג.וילי-פוד אינטרנשיונל **גבינו,,,"ק""ג",10,100 גרם,true,1,110,11,false,1,
2385066,true,בולגרית קוביות 5% גד,מחלבות גד שיווק 1992 בעמ,,,"ק""ג",10,100 גרם,true,1,58,5.80,false,1,
2385158,true,בולגרית 24%  מעודנת- גד מעדניה,מחלבות גד שיווק 1992 בעמ,,,"ק""ג",10,100 גרם,true,1,59,5.90,false,1,
2385196,true,רוקפור גבינה כחולה מעדנייה גד,מחלבות גד שיווק 1992 בעמ,,,"ק""ג",10,100 גרם,true,1,132,13.20,false,1,
2385486,true,שמנות 30% טעמים מהדרין מעדנייה גד,מחלבות גד שיווק 1992 בעמ,,,"ק""ג",10,100 גרם,true,1,45,4.50,false,1,
2461098,true,נילוס פרוס,נ.ת.נ.ג.ב החזקות יעוץ וניהול ב,,,"ק""ג",1,,true,1,59.90,59.90,false,1,
2461494,true,טונה שלם גוש בלי,גול סחר בעמ,,,"ק""ג",1,,true,1,39.90,39.90,false,1,
2519409,true,צוואר ללא עצם חלק טרי מו,אדום אדום - תנובה בקר,,,"ק""ג",1,,true,1,59.90,59.90,true,1,
2519461,true,אסאדו טרי חלק,אדום אדום - תנובה בקר,,,"ק""ג",0,"ק""ג",true,1,59.90,59.90,false,1,
2519539,true,בשר ראש טרי חלק מ,אדום אדום - תנובה בקר,,,"ק""ג",1,,true,1,49.90,49.90,false,1,
2519607,true,קיט נתחים לקצב טחון חלק,אדום אדום - תנובה בקר,,,"ק""ג",1,,true,1,49.90,49.90,true,1,
2519980,true,צלעות ללא עצם חלק טרי מוב,אדום אדום - תנובה בקר,,,"ק""ג",1,,true,1,59.90,59.90,true,1,
2608363,true,פילסברי לחמניות המבורגר רביעייה,קונסיגנציה ג`נרל מילס ישראל בע,,,יח`,1,,false,1,13.90,13.90,false,1,
2608370,true,פילסברי לחמניית בגט (רבע בגט),קונסיגנציה ג`נרל מילס ישראל בע,,,יח`,1,,false,1,1.70,1.70,false,1,
2608509,true,פילסברי לחם מחמצת זיתי קלמנטה,קונסיגנציה ג`נרל מילס ישראל בע,,,יח`,1,,false,1,16.90,16.90,true,1,
2608516,true,פילסברי לחם מחמצת מקמח מלא,קונסיגנציה ג`נרל מילס ישראל בע,,,יח`,1,,false,1,16.90,16.90,true,1,
2608578,true,פילסברי מקל פילו קרם פטיסייר,קונסיגנציה ג`נרל מילס ישראל בע,,,"ק""ג",10,"ק""ג",true,1,42,4.20,false,1,
2612087,true,סטייק אנטריקוט טרי יבוא חלק ארגנטיני,בלדי בעמ,,,"ק""ג",1,,true,1,149,149,false,1,
2627111,true,שייטל טרי יבוא ארגנטיני חלק,בלדי בעמ,,,"ק""ג",0,100 גרם,true,1,89,89,false,1,
2750154,true,פילסברי לחמניות יאמיס שישייה,קונסיגנציה ג`נרל מילס ישראל בע,,,יח`,1,,false,1,13.90,13.90,false,1,
2750406,true,סופגניה פילסברי,קונסיגנציה ג`נרל מילס ישראל בע,,,יח`,1,,false,1,4.90,4.90,false,1,
2750925,true,חצי בגט כפרי פיל,קונסיגנציה ג`נרל מילס ישראל בע,,,יח`,1,,false,1,3.20,3.20,true,1,
2750963,true,פילסברי בגט רוסטיק,קונסיגנציה ג`נרל מילס ישראל בע,,,יח`,1,,false,1,7.90,7.90,false,1,
2757320,true,סטייק אנטריקוט חלק,עוף ירושלים שיווק בעמ,,,"ק""ג",1,,true,1,99,99,false,1,
2757535,true,בורקס פילו אצבעות גבינה 700 שלושת האופים,נטו מלינדה סחר בעמ,,,יח`,7,100 גרם,false,1,19.90,2.84,true,1,
2919612,true,אסאדו עגל קפוא 9 גלם מוביל קשתית,נחמיה לחוביץ בעמ,,,"ק""ג",1,,true,1,43.90,43.90,false,1,
3001620,true,בשר  מס`2 צלעות,נחמיה לחוביץ בעמ,,,"ק""ג",1,,true,1,29.90,29.90,false,1,
3163847,true,בשר  מס`4 כתף בקר .,נחמיה לחוביץ בעמ,,,"ק""ג",1,,true,1,29.90,29.90,false,1,
3578085,true,גבינת מוצרלה 21% מעדניה,ג.וילי-פוד אינטרנשיונל **גבינו,,,"ק""ג",10,100 גרם,true,1,52,5.20,false,1,
3632367,true,פילה ברבוניה,נ.ת.נ.ג.ב החזקות יעוץ וניהול ב,,,יח`,4,100 גרם,false,1,19.90,4.98,false,1,
3632404,true,פילה מרלוזה ארגנטיני ללא עור מוביל,בלדי בעמ,,,"ק""ג",1,,true,1,32.90,32.90,false,1,
3648207,true,מטיאס הולנדי בשמן,סלטי שמיר 2006 בעמ,,,"ק""ג",10,100 גרם,true,1,60,6,false,1,
3648306,true,מקרל מעושן מעדנייה סלטי שמיר,סלטי שמיר 2006 בעמ,,,"ק""ג",10,100 גרם,true,1,89,8.90,false,1,
3796021,true,רצועות לטחינה /בשר לחמין קפוא,נחמיה לחוביץ בעמ,,,"ק""ג",1,,true,1,19.90,19.90,false,1,
3893843,true,פילה מושט ללא עור,בלו פיש גורמה סולושנס בעמ,,,"ק""ג",1,,true,1,29.90,29.90,false,1,
4026448,true,פילסברי בורקיטס בולגרית,קונסיגנציה ג`נרל מילס ישראל בע,,,"ק""ג",10,"ק""ג",true,1,42,4.20,false,1,
4033705,true,הבורגריה לחמניות המבוגר ביג לוקס 6 יח`,י.את א. ברמן בעמ,,,יח`,6,100 גרם,false,1,13.50,2.25,false,1,
4033729,true,לחם עננים כוסמין 750 גרם,י.את א. ברמן בעמ,,,יח`,7.50,100 גרם,false,1,16.50,2.20,true,1,
4033736,true,לחם עננים בסגנון בריוש 500 גר`,י.את א. ברמן בעמ,,,יח`,5,100 גרם,false,1,13.90,2.78,true,1,
4043108,true,מ@מס שוקו 89 גר`,מרס ריגלי ישראל בעמ,,,יח`,0.89,100 גרם,false,1,5.90,6.63,false,1,
4068394,true,קממבר בקר גלגל גד מעדנייה,מחלבות גד שיווק 1992 בעמ,,,"ק""ג",10,100 גרם,true,1,92,9.20,false,1,
4128401,true,פטה פיראוס 20%,תנובה - חלב,,,"ק""ג",10,100 גרם,true,1,105,10.50,false,1,
4135324,true,פיראוס בולגרית 5% מעודנת,תנובה - חלב,,,"ק""ג",10,100 גרם,true,1,43,4.30,false,1,
4136291,true,צפתית/מעודנת 5%,תנובה - חלב,,,"ק""ג",10,100 גרם,true,1,51,5.10,false,1,
4136833,true,בולגרית פיראוס %16למעדניה,תנובה - חלב,,,"ק""ג",10,100 גרם,true,1,58,5.80,false,1,
4220310,true,ירכיים עוף טרי ארוז חבד,נטו מלינדה סחר - עטרה,,,"ק""ג",1,,true,1,35.90,35.90,false,1,
4227128,true,שייטל טרי יבוא חלק  צרפתי/ פולני,נטו בשרים,,,"ק""ג",0,100 גרם,true,1,79.90,79.90,false,1,
4256180,true,גבינת גאודה חצי קשה,נטו מלינדה סחר בעמ,,,"ק""ג",10,100 גרם,true,1,79,7.90,false,1,
4256685,true,סטייק אנטריקוט טרי יבוא מוכשר ארגנטיני,בלדי בעמ,,,"ק""ג",1,,true,1,149,149,false,1,
4480394,true,גבינת שמנת %30שומן עם עירית מעדנייה,מחלבות גד שיווק 1992 בעמ,,,"ק""ג",10,100 גרם,true,1,45,4.50,false,1,
4649159,true,בשר  מס`5 צלי כתף חלק מוביל,נחמיה לחוביץ בעמ,,,"ק""ג",1,,true,1,59.90,59.90,false,1,
4725426,true,עמק פיקוח 28% חריץ צהובה,תנובה - חלב,,,"ק""ג",10,100 גרם,true,1,44.79,4.48,false,1,
4859954,true,כנפיים עוף קפוא מוביל,קורניש חן (1987) בעמ,,,"ק""ג",1,,true,1,9.90,9.90,true,1,
5041129,true,קבב גמבו מזרחי קפוא מעדני הטלה (1 קג),לאטי עזרא בעמ,,,יח`,1,"ק""ג",false,1,45.90,45.90,false,1,
5041198,true,קבב ביתי קפוא מעדני הטלה (1 קג),לאטי עזרא בעמ,,,יח`,1,"ק""ג",false,1,44.90,44.90,false,1,
5079238,true,בולגרית עיזים מעודנת 16% צוריאל,החב` המרכזית - טרה,,,"ק""ג",10,100 גרם,true,1,105,10.50,false,1,
5719158,true,פילסברי בייגל סימיט,קונסיגנציה ג`נרל מילס ישראל בע,,,יח`,1,,false,1,4.50,4.50,true,1,
5719189,true,פילסברי מחמצת שיפון אגוזים,קונסיגנציה ג`נרל מילס ישראל בע,,,יח`,1,,false,1,16.90,16.90,true,1,
5992247,true,חלומי 24% מעדנייה גד,מחלבות גד שיווק 1992 בעמ,,,"ק""ג",10,100 גרם,true,1,95,9.50,false,1,
5992667,true,בולגרית מסורתית מעודנת 5%-16% מעדניה גד,מחלבות גד שיווק 1992 בעמ,,,"ק""ג",10,100 גרם,true,1,56,5.60,false,1,
6040619,true,גבינת טבורוג 5% יבנה,גבינות הכפר בעמ,,,"ק""ג",10,100 גרם,true,1,22,2.20,false,1,
6131188,true,פילה סלמון,נ.ת.נ.ג.ב החזקות יעוץ וניהול ב,,,"ק""ג",1,,true,1,69.90,69.90,false,1,
6131706,true,פילה  אמנון(מושט) קפוא,נחמיה לחוביץ בעמ,,,"ק""ג",1,,true,1,24.90,24.90,false,1,
6464811,true,בשר  מס`6 פילה מדומה,נחמיה לחוביץ בעמ,,,"ק""ג",1,,true,1,34.90,34.90,false,1,
6464828,true,בשר  מס`8 שריר,ישראל פלדמן בעמ,,,"ק""ג",1,,true,1,39.90,39.90,false,1,
6511904,true,כדורי גבינה אדם,ג.וילי-פוד אינטרנשיונל **גבינו,,,"ק""ג",10,100 גרם,true,1,59,5.90,false,1,
6707079,true,כרעיים עוף קפוא,עוף עוז שיווק בעמ,,,"ק""ג",1,,true,1,25.90,25.90,false,1,
6714213,true,בשר צלי כתף מס 5 מוכשר מוביל,נחמיה לחוביץ בעמ,,,"ק""ג",1,,true,1,59.90,59.90,false,1,
6748096,true,פרחים זר מפואר,פרחי ליידי דיאן בעמ,,,יח`,1,,false,1,50,50,false,1,
6748133,true,פרחים זר רגיל,פרחי ליידי דיאן בעמ,,,יח`,1,,false,1,25,25,false,1,
6748157,true,פרחים זר 30,פרחי ליידי דיאן בעמ,,,יח`,1,,false,1,30,30,false,1,
6804051,true,פילסברי בורקס גבינה,קונסיגנציה ג`נרל מילס ישראל בע,,,"ק""ג",10,"ק""ג",true,1,42,4.20,false,1,
6804068,true,פילסברי בורקס תפוא,קונסיגנציה ג`נרל מילס ישראל בע,,,"ק""ג",10,"ק""ג",true,1,42,4.20,false,1,
6804082,true,פילסברי ביס שוקולד,קונסיגנציה ג`נרל מילס ישראל בע,,,"ק""ג",10,"ק""ג",true,1,42,4.20,false,1,
6804099,true,פילסברי גביניות,קונסיגנציה ג`נרל מילס ישראל בע,,,"ק""ג",10,"ק""ג",true,1,42,4.20,false,1,
6804136,true,פילסברי קרואסון,קונסיגנציה ג`נרל מילס ישראל בע,,,"ק""ג",10,"ק""ג",true,1,42,4.20,false,1,
6804143,true,פילסברי רוגעלך,קונסיגנציה ג`נרל מילס ישראל בע,,,"ק""ג",10,"ק""ג",true,1,42,4.20,false,1,
6804174,true,פילסבורי שנק קינמון,קונסיגנציה ג`נרל מילס ישראל בע,,,"ק""ג",10,100 גרם,true,1,42,4.20,false,1,
6804457,true,פילסברי בורקס תורכי פיצה,קונסיגנציה ג`נרל מילס ישראל בע,,,"ק""ג",10,"ק""ג",true,1,42,4.20,false,1,
6804785,true,פילסברי עוגת שמרים גבינה,קונסיגנציה ג`נרל מילס ישראל בע,,,יח`,1,,false,1,21.90,21.90,true,1,
6805362,true,חצי בגט פילסברי,קונסיגנציה ג`נרל מילס ישראל בע,,,יח`,1,,false,1,3.20,3.20,true,1,
6805386,true,פילסברי שליש בגט כפרי,קונסיגנציה ג`נרל מילס ישראל בע,,,יח`,1,,false,1,2.50,2.50,true,1,
6805416,true,פילסברי ביס תפוע,קונסיגנציה ג`נרל מילס ישראל בע,,,"ק""ג",10,"ק""ג",true,1,42,4.20,false,1,
6805683,true,פילסברי לחמניית שמינייה דגנים,קונסיגנציה ג`נרל מילס ישראל בע,,,יח`,1,,false,1,4.50,4.50,false,1,
8175760,true,גבינת מנצ`גו(חלב  כבשים),ג.וילי-פוד אינטרנשיונל **גבינו,,,"ק""ג",10,100 גרם,true,1,89,8.90,false,1,
8175777,true,איבריקו ויליפוד,ג.וילי-פוד אינטרנשיונל **גבינו,,,"ק""ג",10,100 גרם,true,1,80,8,false,1,
8175906,true,גאודה מחלב עיזים חצי קשה 32%,ג.וילי-פוד אינטרנשיונל **גבינו,,,"ק""ג",10,100 גרם,true,1,99,9.90,false,1,
8211147,true,גבינת גאודה חצי קשה,א. סיימן סחר בעמ,,,"ק""ג",10,100 גרם,true,1,120,12,false,1,
8345170,true,מקרל  חצאים(מעדנייה),נטו מלינדה סחר בעמ,,,"ק""ג",10,100 גרם,true,1,125,12.50,false,1,
8348737,true,הרינג  שלם(מעדנייה),נטו מלינדה סחר בעמ,,,"ק""ג",10,100 גרם,true,1,44,4.40,false,1,
8403375,true,לנדנה פסטו ירוק,נטו מלינדה סחר בעמ,,,"ק""ג",10,100 גרם,true,1,129,12.90,false,1,
8403399,true,לנדנה עגבניות  וזיתים- מעדנייה,נטו מלינדה סחר בעמ,,,"ק""ג",10,100 גרם,true,1,115,11.50,false,1,
8403504,true,לנדנה כמון,נטו מלינדה סחר בעמ,,,"ק""ג",10,100 גרם,true,1,129,12.90,false,1,
8500128,true,פילסברי עוגות שמרים מאפית,קונסיגנציה ג`נרל מילס ישראל בע,,,יח`,1,,false,1,25.90,25.90,false,1,
8577267,true,עוף טרי שלם ארוז,קורניש חן (1987) בעמ,,,"ק""ג",1,,true,1,19.90,19.90,true,1,
8618007,true,דג פילה סלמון טרי פרוס מגש,מאסטרפוד בעמ,,,"ק""ג",1,,true,1,109,109,true,1,
8899055,true,פילסברי עוגיות אוזניים,קונסיגנציה ג`נרל מילס ישראל בע,,,"ק""ג",10,"ק""ג",true,1,42,4.20,false,1,
8899505,true,בגט לבן פילסברי,קונסיגנציה ג`נרל מילס ישראל בע,,,יח`,1,,false,1,4.90,4.90,false,1,
8899512,true,פילסברי בגט כפרי,קונסיגנציה ג`נרל מילס ישראל בע,,,יח`,1,,false,1,4.90,4.90,false,1,
32147230,true,מיץ לימון 200 מל,דנשר (1963) בעמ,,,יח`,2,"100 מ""ל",false,1,8.90,4.45,false,1,
40084107,true,קינדר ביצת הפתעה,פרימיום-חברה לדברי מתיקה ולמסח,,,יח`,1,,false,1,4.90,4.90,false,1,
40084725,true,קינדר מילק סלייס עוגת ספוג במילוי חלבי,תנובה - חלב,,,יח`,0.28,100 גרם,false,1,3.90,13.93,false,1,
40111216,true,באונטי חטיף שוקולד קוקוס 57 גרם,מרס ריגלי ישראל בעמ,,,יח`,0.57,100 גרם,false,1,3.90,6.84,true,1,
40345123,true,סמרטיז גליל סוכריות 38 גר`,קבוצת אסם סחר שות. מוגבלת,,,יח`,0.38,100 גרם,false,1,2.90,7.63,true,1,
42138105,true,וינסטון סופר סלימס כחול,גלוברנדס בעמ - שיווק סיגריות,,,יח`,1,,false,1,33.50,33.50,true,1,
59085645,true,דאודורנט רול און אסאי (50 מל),יוניליוור ישראל שיווק בעמ,,,יח`,0.50,100 גרם,false,1,14.90,29.80,true,1,
72940754,true,מילקי וניל,שטראוס גרופ בעמ/מצונן,,,יח`,1.30,"100 מ""ל",false,1,2.80,2.15,false,1,
72940761,true,מילקי שוקו,שטראוס גרופ בעמ/מצונן,,,יח`,1.30,"100 מ""ל",false,1,2.90,2.23,false,1,
72940952,true,מילקי פי 2 קצפת,שטראוס גרופ בעמ/מצונן,,,יח`,1.70,"100 מ""ל",false,1,3.90,2.29,false,1,
72940976,true,כרוב אדום 250,שטראוס גרופ בעמ/מצונן,,,יח`,2.50,100 גרם,false,1,8.90,3.56,false,1,
72940983,true,חומוס אחלה 250 גר,שטראוס גרופ בעמ/מצונן,,,יח`,2.50,100 גרם,false,1,6.90,2.76,false,1,
72941041,true,מילקי מיני שוקולד,שטראוס גרופ בעמ/מצונן,,,יח`,1.30,"100 מ""ל",false,1,2,1.54,false,1,
72945308,true,שמרים טריים קובייה שמרית (50 גרם),שטראוס גרופ בעמ/מצונן,,,יח`,0.50,100 גרם,false,1,3.50,7,false,1,
72961209,true,שמנית 15% 200 מל בדצ פיקוח,תנובה - חלב,,,יח`,2,"100 מ""ל",false,1,2.40,1.20,false,1,
72961216,true,אשל 4.5% 200 מל פיקוח,תנובה - חלב,,,יח`,2,"100 מ""ל",false,1,1.69,0.85,false,1,
72961223,true,גיל 3% 200 מל בדצ פיקוח,תנובה - חלב,,,יח`,2,"100 מ""ל",false,1,1.51,0.76,false,1,
72961506,true,יוגורט עם תות 1.5% פרילי (125 גרם),תנובה - חלב,,,יח`,1.25,"100 מ""ל",false,1,3.50,2.80,false,1,
72961520,true,יוגורט עם אננס 1.5% פרילי (125 גרם),תנובה - חלב,,,יח`,1.25,"100 מ""ל",false,1,3.50,2.80,false,1,
72961544,true,יוגורט בטעם תות שדה 3% באדי (125 גרם),תנובה - חלב,,,יח`,1.25,"100 מ""ל",false,1,3,2.40,false,1,
72963753,true,שמנת של פעם 27% תנובה (200 גרם),תנובה - חלב,,,יח`,2,"100 מ""ל",false,1,4.20,2.10,false,1,
72986240,true,מעדן חלב בטעם שוקולד באדי (125 גרם),תנובה - חלב,,,יח`,1.25,"100 מ""ל",false,1,2.90,2.32,false,1,
72986370,true,גלידת פיינטים וניל צרפתי בן אנד גריס,מוצרי איכות אמריקאיים בעמ,,,יח`,4.20,"100 מ""ל",false,1,19.90,4.74,true,1,
72986424,true,גלידת פיינטים קרם עוגיות,מוצרי איכות אמריקאיים בעמ,,,יח`,4.20,"100 מ""ל",false,1,19.90,4.74,true,1,
72986448,true,גלידת פיינטים טופי קרנץ,מוצרי איכות אמריקאיים בעמ,,,יח`,4.20,"100 מ""ל",false,1,19.90,4.74,true,1,
72986455,true,גלידת פיינטים ניו-יורק סופר,מוצרי איכות אמריקאיים בעמ,,,יח`,4.20,"100 מ""ל",false,1,19.90,4.74,true,1,
72986479,true,גלידת פיינטים צאנקי מנקי,מוצרי איכות אמריקאיים בעמ,,,יח`,4.20,"100 מ""ל",false,1,19.90,4.74,true,1,
72989425,true,גלידת פיינטים שוקולד בראוניס,מוצרי איכות אמריקאיים בעמ,,,יח`,4.20,"100 מ""ל",false,1,19.90,4.74,true,1,
72991886,true,גלידת פיינטים בן אנד גריס פיינט 500 מל,מוצרי איכות אמריקאיים בעמ,,,יח`,5,"100 מ""ל",false,1,19.90,3.98,true,1,
72993637,true,דני שוקולד בודד,שטראוס גרופ בעמ/מצונן,,,יח`,1.25,"100 מ""ל",false,1,2.60,2.08,false,1,
72994061,true,Good2 פסק זמן 36 גרם,שטראוס גרופ בעמ,,,יח`,0.36,100 גרם,false,1,4.90,13.61,false,1,
76136184,true,פאל מאל סופר סלים כחול,גלוברנדס בעמ - שיווק סיגריות,,,יח`,1,,false,1,30,30,true,1,
80042563,true,פאסטה עגבניות 700mutti גרם,רסטרטו יבוא ושיווק בעמ*אין החז,,,יח`,7,100 גרם,false,1,12.90,1.84,true,1,
80052760,true,בואנו קינדר בודד,פרימיום-חברה לדברי מתיקה ולמסח,,,יח`,1,,false,1,3.90,3.90,false,1,
80176800,true,ממרח אגוזי לוז נוטלה (750 גרם),פרימיום-חברה לדברי מתיקה ולמסח,,,יח`,7.50,100 גרם,false,1,24.90,3.32,false,1,
80177173,true,ממרח אגוזי לוז נוטלה (350 גרם),פרימיום-חברה לדברי מתיקה ולמסח,,,יח`,3.50,100 גרם,false,1,14.90,4.26,false,1,
80177609,true,קינדר שוקולד 50 גר,פרימיום-חברה לדברי מתיקה ולמסח,,,יח`,0.50,100 גרם,false,1,3.90,7.80,false,1,
80177616,true,אצבעות שוקולד קינדר (8  יח`- 100 גרם),פרימיום-חברה לדברי מתיקה ולמסח,,,יח`,1,,false,1,7.90,7.90,false,1,
80773429,true,מסטיק מנטוס פיור פרש בטעם תות ללס 60 גר,ליימן שליסל בעמ,,,יח`,0.60,100 גרם,false,1,9.90,16.50,true,1,
80773443,true,מסטיק מנטוס בטעם מנטה עדין ללס,ליימן שליסל בעמ,,,יח`,0.60,100 גרם,false,1,9.90,16.50,true,1,
80780595,true,מסטיק מנטוס ביג טעם מנטה עדינה ללס 90 ג,ליימן שליסל בעמ,,,יח`,1,,false,1,16.90,16.90,false,1,
80790990,true,מסטיק מנטוס טעם פירות מנטה ללס,ליימן שליסל בעמ,,,יח`,0.60,100 גרם,false,1,9.90,16.50,true,1,
80794233,true,מסטיק מנטוס ביג בטעם מנטה ללס 90 גר`,ליימן שליסל בעמ,,,יח`,1,,false,1,16.90,16.90,false,1,
80831402,true,סוכריות מנטוס מנטה עדינה ללס clean bera,ליימן שליסל בעמ,,,יח`,1,,false,1,6.90,6.90,true,1,
80843184,true,מסטיק מנטוס טעם ענבים ללס 60 גר,ליימן שליסל בעמ,,,יח`,0.60,100 גרם,false,1,9.90,16.50,true,1,
80864295,true,גומי לעיסה ללא סוכר בטעם מנטה עדינה 60 ג,ליימן שליסל בעמ,,,יח`,0.60,100 גרם,false,1,9.90,16.50,true,1,
80896081,true,מסטיק מנטוס פיור פרש טעם אבטיח ללס 60 ג,ליימן שליסל בעמ,,,יח`,0.60,100 גרם,false,1,9.90,16.50,true,1,
80913467,true,מסטיק מנטוס טעם מנטה ללס 60 גר,ליימן שליסל בעמ,,,יח`,0.60,100 גרם,false,1,9.90,16.50,true,1,
80945468,true,גומי לעיסה ללא סוכר בטעם מנטה מתוקה 60 ג,ליימן שליסל בעמ,,,יח`,0.60,100 גרם,false,1,9.90,16.50,true,1,
80974215,true,מסטיק מנטוס פיור ללס בבקבוק בטעם תות 90,ליימן שליסל בעמ,,,יח`,1,,false,1,17.90,17.90,false,1,
80979128,true,מסטיק מנטוס טעם דובדבן ללס 60 גר,ליימן שליסל בעמ,,,יח`,0.60,100 גרם,false,1,9.90,16.50,true,1,
87108651,true,מנטוס רביעיה,ליימן שליסל בעמ,,,יח`,1.50,100 גרם,false,1,13.90,9.27,false,1,
87108712,true,מנטוס רביעיה,ליימן שליסל בעמ,,,יח`,1.50,100 גרם,false,1,13.90,9.27,false,1,
87354041,true,מנטוס גליל בטעם דובדבן,ליימן שליסל בעמ,,,יח`,0.3750,100 גרם,false,1,3.90,10.40,false,1,
90162602,true,משקה אנרגיה רד בול (250 מל),דיפלומט היינץ,,,יח`,2.50,"100 מ""ל",false,1,5.90,2.24,true,1,
90448867,true,רד בול משקה אנרגיה ללא פחמימות 250 מל,דיפלומט היינץ,,,יח`,2.50,"100 מ""ל",false,1,5.90,2.24,true,1,
9800800056,true,נוטלה אנד גו 52 גרם,פרימיום-חברה לדברי מתיקה ולמסח,,,יח`,0.52,100 גרם,false,1,5.50,10.58,false,1,
12300119139,true,ווינסטון כחול בוקס פאקט) (200,גלוברנדס בעמ - שיווק סיגריות,,,יח`,1,,false,1,315,315,false,1,
16000423534,true,נייטשר וואלי 210  גר`שיבולת שועל ושוקולד,ליימן שליסל בעמ,,,יח`,2.10,100 גרם,false,1,14.90,7.10,false,1,
16000548404,true,נייטשר וואלי 210  גר`שיבולת שועל ודבש,ליימן שליסל בעמ,,,יח`,1.75,100 גרם,false,1,14.90,8.51,false,1,
16000548503,true,נייטשר וואלי 210  גר`מייפל וסוכר חום,ליימן שליסל בעמ,,,יח`,2.10,100 גרם,false,1,14.90,7.10,false,1,
16229924263,true,קרם קוקוס 250 מל Aroy D,גורי מוצרי צריכה (1991) בעמ,,,יח`,2.50,"100 מ""ל",false,1,9.80,3.92,false,1,
18000701223,true,פילסברי תערובת שוקולד,ליימן שליסל בעמ,,,יח`,5.17,100 גרם,false,1,16.90,3.27,false,1,
18000766413,true,תערובת לעוגת בראוניס פילסברי (550 גרם),ליימן שליסל בעמ,,,יח`,6.09,100 גרם,false,1,18.90,3.10,true,1,
22200956932,true,ספיד סטיק 24/7 ג`ל כחול,ש.שסטוביץ בעמ,,,יח`,0,100 גרם,false,1,16.90,16.90,false,1,
25675120020,true,מקלות חמוצות 100,גורי ע.ע.ע בעמ,,,יח`,1,100 גרם,false,1,8.90,8.90,false,1,
25675120037,true,מקלות חמוצות 100,גורי ע.ע.ע בעמ,,,יח`,1,100 גרם,false,1,8.90,8.90,false,1,
25675120068,true,מקלות חמוצות 100,גורי ע.ע.ע בעמ,,,יח`,1,100 גרם,false,1,8.90,8.90,false,1,
31200001597,true,חמוציות אושן ספריי,ליימן שליסל בעמ,,,יח`,1.70,100 גרם,false,1,13.90,8.18,true,1,
33617340610,true,ואזה מקמח שיפון 275 גר`,גורי מוצרי צריכה (1991) בעמ,,,יח`,2.75,100 גרם,false,1,13.90,5.05,true,1,
34000196173,true,טבלת קוקיס אנד קרים-XL,ליימן שליסל בעמ,,,יח`,1.13,100 גרם,false,1,9.90,8.76,false,1,
35000458476,true,מברשת שיניים ילדים 2+ מארז רביעייה קולגי,ש.שסטוביץ בעמ,,,יח`,1,,false,1,19.90,19.90,false,1,
37600207188,true,חמאת בוטנים קלאסי 462ג סקיפי,דיפלומט היינץ,,,יח`,4.62,100 גרם,false,1,19.90,4.31,false,1,
37600207256,true,חמאת בוטנים עם שברי בוטנים 462ג סקיפי,דיפלומט היינץ,,,יח`,4.62,100 גרם,false,1,19.90,4.31,false,1,
37600207287,true,חמאת בוטנים סקיפי עם דבש 462 גרם,דיפלומט היינץ,,,יח`,4.62,100 גרם,false,1,19.90,4.31,false,1,
38000138607,true,פרינגלס מלח וחומץ 158 גר`,דיפלומט היינץ,,,יח`,1.58,100 גרם,false,1,8.90,5.63,true,1,
38000138638,true,פרינגלס פיצה 158 גר`,דיפלומט היינץ,,,יח`,1.58,100 גרם,false,1,8.90,5.63,true,1,
38000138720,true,פרינגלס  קראנצ`158 גר`,דיפלומט היינץ,,,יח`,1.58,100 גרם,false,1,8.90,5.63,true,1,
38000183928,true,פרינגלס דבש וחרדל 158 גר`,דיפלומט היינץ,,,יח`,1.58,100 גרם,false,1,8.90,5.63,true,1,
38000197840,true,פרינגלס ברביקיוו 137  גר`Wavy,דיפלומט היינץ,,,יח`,1.37,100 גרם,false,1,8.90,6.50,true,1,
38000202278,true,פרינגלס אורגינל 130  גר`Wavy,דיפלומט היינץ,,,יח`,1.30,100 גרם,false,1,8.90,6.85,true,1,
38000232152,true,פרינגלס ברביקיו 158 גר`,דיפלומט היינץ,,,יח`,1.58,100 גרם,false,1,8.90,5.63,true,1,
38000232176,true,פרינגלס שמנת בצל 158 גר`,דיפלומט היינץ,,,יח`,1.58,100 גרם,false,1,8.90,5.63,true,1,
38000232183,true,פרינגלס אורגינל 149 גר`,דיפלומט היינץ,,,יח`,1.49,100 גרם,false,1,8.90,5.97,true,1,
38527591060,true,דגנים מרובעים קוואקר (411 גרם),שטראוס פריטו ליי בעמ,,,יח`,4.12,100 גרם,false,1,19.90,4.83,true,1,
40000513568,true,מ@מס 156 גר,מרס ריגלי ישראל בעמ,,,יח`,1.56,100 גרם,false,1,9.90,6.35,false,1,
41390001079,true,רוטב סויה דל נתרן קיקומן (444 מל),דיפלומט היינץ,,,יח`,4.44,"100 מ""ל",false,1,29.90,6.73,true,1,
41390010309,true,רוטב טריאקי קיקומן (444 מל),דיפלומט היינץ,,,יח`,4.44,"100 מ""ל",false,1,29.90,6.73,true,1,
42400108153,true,דגני בוקר מתוקים בטעם  פירות( 354  גר`)פ,ר.ב מוצרי דגנים בעמ,,,יח`,3.54,100 גרם,false,1,20,5.65,false,1,
44600300580,true,תרסיס ניקוי כללי קלין אפ  פרש( 946 מל),גורי מוצרי צריכה (1991) בעמ,,,יח`,9.46,"100 מ""ל",false,1,20.90,2.21,false,1,
46214372250,true,עוגיות שטרודל תפוח עץ מרבה (225 גרם),ש.שסטוביץ בעמ,,,יח`,2.25,100 גרם,false,1,9.90,4.40,true,1,
46214731552,true,עוגיות שוקולד צ`יפס מרבה (225 גרם),ש.שסטוביץ בעמ,,,יח`,2.25,100 גרם,false,1,9.90,4.40,true,1,
48256214758,true,אסטוניש אבקת הפלא,יעקב יעקבי ובניו בעמ,,,יח`,1,"ק""ג",false,1,27.90,27.90,false,1,
50000100347,true,פריסקיז מעדני חתול,שחורי אריה ואנסטסיה,,,יח`,1.40,"ק""ג",false,1,35.90,25.64,false,1,
50000168583,true,פריסקיז אקסטרא קראנץ 1.43קג,שחורי אריה ואנסטסיה,,,יח`,14.30,100 גרם,false,1,35.90,2.51,false,1,
50000238910,true,פריסקיז פארטי מיקס אוריגי`נל קראנץ 60 גר,שחורי אריה ואנסטסיה,,,יח`,6,100 גרם,false,1,14.90,2.48,false,1,
51500255162,true,חמאת בוטנים ג`יפ חלקה 454 גרם,גורי מוצרי צריכה (1991) בעמ,,,יח`,4.54,100 גרם,false,1,17.90,3.94,true,1,
70221011116,true,טובלרון-  שוק`חלבי 100 גרם) (20,דיפלומט היינץ,,,יח`,1,100 גרם,false,1,6.90,6.90,false,1,
76840002542,true,גלידת פיינטים חמאת בוטנים עם בראוניס,מוצרי איכות אמריקאיים בעמ,,,יח`,4.20,"100 מ""ל",false,1,19.90,4.74,true,1,
76840100583,true,גלידה וניל+בצק  עוגיות ושוקולד ציפס 473ג,מוצרי איכות אמריקאיים בעמ,,,יח`,4.73,"100 מ""ל",false,1,19.90,4.21,true,1,
77245110610,true,סוכריות ללס בטעם מנטה מאסט (80 גרם),שטראוס גרופ בעמ,,,יח`,0.80,100 גרם,false,1,8.90,11.13,false,1,
77343000233,true,נרות חימום מנורה שי נר) (50,אבאל יזמות בעמ,,,יח`,1,,false,1,9.90,9.90,true,1,
77975022757,true,סניידרס שברי בייגלה אמריקאי 382 גר`,ליימן שליסל בעמ,,,יח`,3.8270,100 גרם,false,1,14.90,3.89,true,1,
77975036976,true,מטבל עגבניות בחריפות עדינה,ליימן שליסל בעמ,,,יח`,4.39,100 גרם,false,1,17.90,4.08,false,1,
77975094624,true,סניידרס שברי בייגלה במילוי חמאת בוטנים 2,ליימן שליסל בעמ,,,יח`,2.8350,100 גרם,false,1,14.90,5.26,true,1,
77975094631,true,סניידרס בייגלה במילוי קרם  צ`דר( 226 גר`,ליימן שליסל בעמ,,,יח`,2.26,100 גרם,false,1,14.90,6.59,true,1,
77975094761,true,סניידרס שברי בייגל בטעם גבינת צ`אדר,ליימן שליסל בעמ,,,יח`,3.40,100 גרם,false,1,14.90,4.38,true,1,
77975094778,true,סניידרס שברי בייגל בטעם דבש וחרדל 340 גר,ליימן שליסל בעמ,,,יח`,3.40,100 גרם,false,1,14.90,4.38,true,1,
77975095157,true,סניידרס שברי בייגלה חלפינו 318 גר`,ליימן שליסל בעמ,,,יח`,3.18,100 גרם,false,1,14.90,4.69,true,1,
611745285685,true,אבוקדו בשל  ארוז- מור בריאות,קונסיגנציה-מור בריאות בעמ,,,יח`,1,,false,1,7.90,7.90,true,1,
613008742348,true,אריזונה ג`נסנג דבש ליטר,טמפו משקאות בעמ,,,יח`,1,1 ליטר,false,1,10.90,10.90,false,1,
613008742409,true,אריזונה אפרסק ליטר,טמפו משקאות בעמ,,,יח`,1,1 ליטר,false,1,10.90,10.90,false,1,
613008755461,true,אריזונה אוכמניות ליטר,טמפו משקאות בעמ,,,יח`,1,1 ליטר,false,1,10.90,10.90,false,1,
628154383659,true,פרוטי פבלס 311  גר`.,ר.ב מוצרי דגנים בעמ,,,יח`,3.11,100 גרם,false,1,21.90,7.04,false,1,
649660013281,true,היל ויו מימי שזיפים מיבשיום 946 מל כשר,מור-ים מרקטינג בעמ,,,יח`,9.46,"100 מ""ל",false,1,23.20,2.42,false,1,
649870165695,true,חטיף נייטיב לכלב 80 גר,שחורי אריה ואנסטסיה,,,יח`,1,,false,1,15.90,15.90,false,1,
649870166098,true,נייטיב עוף ברוטב לחתול 85 גר,שחורי אריה ואנסטסיה,,,יח`,1,,false,1,4.90,4.90,false,1,
649870166128,true,נייטיב סלמון ברוטב לחתול,שחורי אריה ואנסטסיה,,,יח`,1,,false,1,4.90,4.90,false,1,
649870166142,true,נייטיב פטה עוף גור חתולים,שחורי אריה ואנסטסיה,,,יח`,1,,false,1,4.90,4.90,false,1,
649870166173,true,נייטיב פטהברווז חתולים,שחורי אריה ואנסטסיה,,,יח`,1,,false,1,4.90,4.90,false,1,
693493065634,true,ניוקי תפוא 3 צבעים אבאל,אבאל יזמות בעמ,,,יח`,5,100 גרם,false,1,9.90,1.98,false,1,
693493065641,true,טחינה הר כנען 100% 500 גר,אבאל יזמות בעמ,,,יח`,5,100 גרם,false,1,14.90,2.98,true,1,
693493168786,true,תמר מג`הול גמבו 1קג,סהר ותמר בעמ,,,יח`,10,100 גרם,false,1,25,2.50,false,1,
693493168823,true,תמר דקל נור 400 גר`,סהר ותמר בעמ,,,יח`,4,100 גרם,false,1,14.90,3.73,false,1,
710535495539,true,אורז בסמטי  (96% 1  קג) AVEL,אבאל יזמות בעמ,,,יח`,1,"ק""ג",false,1,11.90,11.90,true,1,
728229123613,true,חטיף צ`יפס מתפוח אדמה כחול טרה (110 גרם),משה סידס ובנו בעמ,,,יח`,1.10,100 גרם,false,1,14.90,13.55,true,1,
728229123811,true,חטיף צ`יפס ים תיכוני טרה (110 גרם),משה סידס ובנו בעמ,,,יח`,1.10,100 גרם,false,1,14.90,13.55,true,1,
728229130444,true,חטיף טרה צ`יפס 110 גר`,משה סידס ובנו בעמ,,,יח`,1.10,100 גרם,false,1,14.90,13.55,true,1,
753182231761,true,בלו סיקס ללס 250 מל,בני פאוזי שמשום (2009) בעמ,,,יח`,2.50,"100 מ""ל",false,1,2.90,1.04,true,1,
768404001640,true,גלידת פיינטים בטעם קפה,מוצרי איכות אמריקאיים בעמ,,,יח`,4.20,"100 מ""ל",false,1,19.90,4.74,true,1,
769904000607,true,שקדי מרק 200  גר`ללא גלוטן,בטר אנד דיפרנט בעמ,,,יח`,2,100 גרם,false,1,9.90,4.95,false,1,
769904000669,true,קניידלך 150 גר`,בטר אנד דיפרנט בעמ,,,יח`,1.50,100 גרם,false,1,10.90,7.27,false,1,
833949000264,true,סירופ מייפל אורגני דרבל מייפל 250 מל,נטורפוד בעמ,,,יח`,1,,false,1,24.90,24.90,false,1,
835811000396,true,נייר אפייה לתבנית מוארכות 30 יח הנמל,הנמל אריזות ושיווק (1984) בעמ,,,יח`,1,,false,1,9.90,9.90,false,1,
835811000488,true,קערה תבור מלבן 2 ליטר הנמל,הנמל אריזות ושיווק (1984) בעמ,,,יח`,1,,false,1,9.90,9.90,false,1,
835811001607,true,גביעי איחסון 6 יח`+מכסה הנמל,הנמל אריזות ושיווק (1984) בעמ,,,יח`,1,,false,1,5.90,5.90,false,1,
835811001652,true,כוס לשתיה קרה 330 סמק 40  יח`הנמל,הנמל אריזות ושיווק (1984) בעמ,,,יח`,1,,false,1,9.90,9.90,false,1,
835811003427,true,צלחות גדול מקנה סוכר 1 קג הנמל,הנמל אריזות ושיווק (1984) בעמ,,,יח`,1,,false,1,36.90,36.90,true,1,
835811003472,true,כפות אלגנט שקוף 50 יח` הנמל,הנמל אריזות ושיווק (1984) בעמ,,,יח`,1,,false,1,9.90,9.90,true,1,
835811003588,true,צלחות קלאסי גדול לבן 65 יח` הנמל,הנמל אריזות ושיווק (1984) בעמ,,,יח`,1,,false,1,34.90,34.90,true,1,
835811003816,true,קופסת איחסון מלבן 2 ליטר הנמל 3 יח,הנמל אריזות ושיווק (1984) בעמ,,,יח`,1,,false,1,9.90,9.90,false,1,
835811003854,true,גביעי אחסון עגול 250 מל 10  יח`הנמל,הנמל אריזות ושיווק (1984) בעמ,,,יח`,1,,false,1,9.90,9.90,false,1,
835811004189,true,פירורי לחם הנמל (800גרם),הנמל אריזות ושיווק (1984) בעמ,,,יח`,8,100 גרם,false,1,9.90,1.24,false,1,
835811004219,true,מפה שולחן 8 יח עבה ניילון הנמל,הנמל אריזות ושיווק (1984) בעמ,,,יח`,0.45,100 גרם,false,1,9.90,22,false,1,
835811004417,true,ריבת חלב 340 גר הנמל,הנמל אריזות ושיווק (1984) בעמ,,,יח`,3.40,100 גרם,false,1,11.90,3.50,false,1,
835811004516,true,קערה פסים לסלט קטנה עגולה הנמל,הנמל אריזות ושיווק (1984) בעמ,,,יח`,1,,false,1,4.90,4.90,false,1,
835811005407,true,כוסות קפה לדרך 12  יח`הנמל,הנמל אריזות ושיווק (1984) בעמ,,,יח`,12,יח`,false,1,13.90,1.16,false,1,
835811005810,true,מגש הכסף תבנית מרובע קטן +מכסה 10 יח`,הנמל אריזות ושיווק (1984) בעמ,,,יח`,1,,false,1,9.90,9.90,false,1,
835811005933,true,מגש הכסף תבנית אלומ` ענק 5 יח`,הנמל אריזות ושיווק (1984) בעמ,,,יח`,1,,false,1,9.90,9.90,false,1,
835811005940,true,מגש הכסף תבנית אלומ` גדולה + מכסה 8 יח`,הנמל אריזות ושיווק (1984) בעמ,,,יח`,1,,false,1,9.90,9.90,false,1,
835811006770,true,מגש הכסף תבנית עגול 5 יח`,הנמל אריזות ושיווק (1984) בעמ,,,יח`,1,,false,1,9.90,9.90,false,1,
835811008699,true,כפות 50  יח`עבה הנמל,הנמל אריזות ושיווק (1984) בעמ,,,יח`,1,,false,1,15.90,15.90,false,1,
835811009016,true,כוסות קרטון 50  יח`OZ הנמל,הנמל אריזות ושיווק (1984) בעמ,,,יח`,1,,false,1,7.90,7.90,true,1,
835811009412,true,צלחות קטנות 25  יח`מעורב הנמל,הנמל אריזות ושיווק (1984) בעמ,,,יח`,1,,false,1,10.90,10.90,false,1,
835811009436,true,צלחות ענק צבע 25  יח`מעורב הנמל,הנמל אריזות ושיווק (1984) בעמ,,,יח`,1,,false,1,25.90,25.90,false,1,
835811009795,true,כוס מרובעת 20  יח`10 OZ פס כסף זהב הנמל,הנמל אריזות ושיווק (1984) בעמ,,,יח`,1,,false,1,18.90,18.90,false,1,
850006036028,true,מקלונים בטעם סלק בצל 400 גר` עבאדי,תה ויסוצקי (ישראל) בעמ,,,יח`,4,100 גרם,false,1,16.90,4.23,true,1,
856591000055,true,עוגיות מזרחיות קריספי עבאדי (400 גרם),תה ויסוצקי (ישראל) בעמ,,,יח`,4,100 גרם,false,1,16.90,4.23,false,1,
856591000062,true,עוגיות מזרחיות עם מלח עבאדי (400 גרם),תה ויסוצקי (ישראל) בעמ,,,יח`,4,100 גרם,false,1,16.90,4.23,true,1,
856591000109,true,עוגיות מזרחיות עבאדי 400 גר`,תה ויסוצקי (ישראל) בעמ,,,יח`,4,100 גרם,false,1,16.90,4.23,false,1,
884912117625,true,גולדן פבלס ללא גלוטן פוסט (311 גרם),ר.ב מוצרי דגנים בעמ,,,יח`,3.11,100 גרם,false,1,20,6.43,false,1,
884912359421,true,האני באנצס באנצס מייפל ופקאן 340 גר` .,ר.ב מוצרי דגנים בעמ,,,יח`,3.40,100 גרם,false,1,21.90,6.44,true,1,
884912365200,true,דגני בוקר אוראו 311 גר`,ר.ב מוצרי דגנים בעמ,,,יח`,3.11,100 גרם,false,1,22,7.07,false,1,
893594002051,true,פופקורנס צ`יפס בטעם גבינת צ`דר,שטראוס פריטו ליי בעמ,,,יח`,0.32,100 גרם,false,1,5.90,18.44,false,1,
893594002068,true,פופקורנס צ`יפס עם מלח ים .,שטראוס פריטו ליי בעמ,,,יח`,0.32,100 גרם,false,1,5.90,18.44,false,1,
1230000068314,false,בשר טחון ביונד מיט 300 גרם,דיפלומט היינץ,,,יח`,3,100 גרם,false,1,29.90,9.97,false,1,
3014260240226,false,קצף גילוח רגיש 200 מל`,דיפלומט מפיצים (1968) בעמ,,,יח`,2,"100 מ""ל",false,1,13.90,6.95,false,1,
3014260287030,false,ג`ילט סכיני גילוח חדפ לגבר יבוא מקביל,פארמה דיל (פ.א.ב.) שיווק והפצה,,,יח`,1,,false,1,9.90,9.90,false,1,
3014260289287,false,סכיני גילוח בלו 2 לאשה ג`ילט) (5,דיפלומט מפיצים (1968) בעמ,,,יח`,1,,false,1,12.90,12.90,false,1,
3046920028004,false,אקסלנס 70% קקאו לינדט (100 גרם),משה סידס ובנו בעמ,,,יח`,1,100 גרם,false,1,15.90,15.90,true,1,
3046920028363,false,אקסלנס 85% קקאו לינדט (100 גרם),משה סידס ובנו בעמ,,,יח`,1,100 גרם,false,1,15.90,15.90,true,1,
3059943015128,false,אירוויק נטול גז,רקיט בנקיזר (ניר איסט) בעמ,,,יח`,3.45,"100 מ""ל",false,1,14.90,4.32,false,1,
3068320014067,false,אוויאן מים מינרליים ספורט 750 מל,יורוסטנדרט בעמ,,,יח`,7.50,"100 מ""ל",false,1,9.90,1.28,false,1,
3073781162790,false,גבינה בייבי בל אדום 120 גר`,א. סיימן סחר בעמ,,,יח`,1.20,100 גרם,false,1,21.90,18.25,true,1,
3161911229199,false,ממרח חמאה רכה 250 גר,א. סיימן סחר בעמ,,,יח`,2.50,100 גרם,false,1,21.90,8.76,true,1,
3178530407938,false,מיני מדליין פצפוצי שוקולד 175 גר`,א. סיימן סחר בעמ,,,יח`,1.75,100 גרם,false,1,12.90,7.37,false,1,
3228022910023,false,חמאה צרפתית פריזידאן פרזידנט (200 גרם),נטו מלינדה סחר בעמ,,,יח`,2,100 גרם,false,1,14.90,7.45,false,1,
3387390320244,false,פיטנס פירות נסטלה (375 גרם),קבוצת אסם סחר שות. מוגבלת,,,יח`,3.75,100 גרם,false,1,19.90,5.31,true,1,
3387390525960,false,דגני  קראנץ`נסטלה (500 גרם),קבוצת אסם סחר שות. מוגבלת,,,יח`,5,100 גרם,false,1,19.90,3.98,true,1,
3387390730852,false,פיטנס 375  גר`דגני בוקר,קבוצת אסם סחר שות. מוגבלת,,,יח`,3.75,100 גרם,false,1,19.90,5.31,true,1,
3523230026826,false,פירמידה עיזים טבעי 140 גרם,א. סיימן סחר בעמ,,,יח`,1.40,100 גרם,false,1,21.90,15.64,true,1,
3574660464337,false,קרפרי מגה פק מגן תחתון אוורירי אלוורה 76,ש.שסטוביץ בעמ,,,יח`,1,,false,1,19.90,19.90,false,1,
3574660464368,false,קרפרי מגה פק מגן תחתון אוורירי מבושם 76,ש.שסטוביץ בעמ,,,יח`,1,,false,1,19.90,19.90,false,1,
3574660464429,false,קרפרי מגה פק מגן תחתון אווורירי 76 יח,ש.שסטוביץ בעמ,,,יח`,1,,false,1,19.90,19.90,false,1,
3574661203577,false,ליסטרין אדוונס וויט 500 מל-יבוא  מקביל,בית הצעצוע בעמ,,,יח`,5,"100 מ""ל",false,1,14.90,2.98,true,1,
3574661643359,false,ליסטרין נטורלס 500 מל,שקד תבל בעמ,,,יח`,5,"100 מ""ל",false,1,18.90,3.78,false,1,
3600523642489,false,אלביב מסכה 6 שמנים לוריאל (300 מל),לוריאל ישראל קוסמטיקס בעמ,,,יח`,3,"100 מ""ל",false,1,24.90,8.30,false,1,
3600523652242,false,שמפו קולור 550 מל אלביב,לוריאל ישראל קוסמטיקס בעמ,,,יח`,5.50,"100 מ""ל",false,1,14.90,2.71,true,1,
3600523652280,false,שמפו 6 שמנים 550 מל אלביב,לוריאל ישראל קוסמטיקס בעמ,,,יח`,5.50,"100 מ""ל",false,1,14.90,2.71,true,1,
3600542385275,false,דאו רול און פיור אקטיב גרניה,לוריאל ישראל קוסמטיקס בעמ,,,יח`,0.50,"100 מ""ל",false,1,11.90,23.80,false,1,
3607343817547,false,דאו ספריי לגבר קליימקול 150 מל אדידס,דנשר (1963) בעמ,,,יח`,1.50,"100 מ""ל",false,1,12.90,8.60,false,1,
3608580730255,false,ריבת משמש 370גר`,ר.ב מוצרי דגנים בעמ,,,יח`,3.70,100 גרם,false,1,19.90,5.38,false,1,
3608580730279,false,ריבת תפוז 370 גר`,ר.ב מוצרי דגנים בעמ,,,יח`,3.70,100 גרם,false,1,19.90,5.38,false,1,
3614223736003,false,דאו ספריי לגבר אדיפיור 150 מל אדידס,דנשר (1963) בעמ,,,יח`,1.50,"100 מ""ל",false,1,12.90,8.60,false,1,
3661163991146,false,אדידס דאו ספריי לאישה מקש פרש,דנשר (1963) בעמ,,,יח`,1.50,"100 מ""ל",false,1,19.90,13.27,true,1,
3800020472712,false,קיט קטצ`אנקי פופקורן 42 גר`,קבוצת אסם סחר שות. מוגבלת,,,יח`,1,,false,1,2.90,2.90,false,1,
4000351109380,false,שמן קנולה 1 ליטר BROLIO.,המותג-לא פעיל להקלדה,,,יח`,1,1 ליטר,false,1,8.90,8.90,false,1,
4000415004408,false,שוגטן מריר אגוזים 100 גר`,יעד ממתקים בעמ,,,יח`,1,100 גרם,false,1,5.90,5.90,true,1,
4000415358303,false,שוקו פאן ביסקוויט חמישיות 210 גר`,יעד ממתקים בעמ,,,יח`,2.10,100 גרם,false,1,8.90,4.24,true,1,
4000415358501,false,שוקו פאן שביעיות קוקוס 175 גר`,יעד ממתקים בעמ,,,יח`,1.75,100 גרם,false,1,8.90,5.09,true,1,
4000415440701,false,שוקו פאן שישיות בוטנים 216 גר`,יעד ממתקים בעמ,,,יח`,2.16,100 גרם,false,1,8.90,4.12,true,1,
4000415440909,false,שוקו פאן שישיות קרמל 216 גר`,יעד ממתקים בעמ,,,יח`,2.16,100 גרם,false,1,8.90,4.12,true,1,
4000417022004,false,שוקולד ריטר חלבי צימוקים/אגוזים100 גר`,ליימן שליסל בעמ,,,יח`,1,100 גרם,false,1,9.90,9.90,true,1,
4000417023001,false,שוקולד ריטר חלבי שקד 100 גר`,ליימן שליסל בעמ,,,יח`,1,100 גרם,false,1,9.90,9.90,true,1,
4000417025005,false,שוקולד ריטרמרציפן 100 גר`,ליימן שליסל בעמ,,,יח`,1,100 גרם,false,1,9.90,9.90,true,1,
4000417026002,false,שוקולד ריטרפרלין 100 גר`,ליימן שליסל בעמ,,,יח`,1,100 גרם,false,1,9.90,9.90,true,1,
4000417212009,false,שוקולד ריטר ספורטמריר תפוז ושקד 100 גר`,ליימן שליסל בעמ,,,יח`,1,100 גרם,false,1,9.90,9.90,true,1,
4000417222008,false,שוקולד ריטר חלביעם שברי אגוזים 100גר`,ליימן שליסל בעמ,,,יח`,1,100 גרם,false,1,9.90,9.90,true,1,
4000522009747,false,בייגלה צי`ו מקלות תפוא 80 גר`,ר.ב מוצרי דגנים בעמ,,,יח`,0.80,100 גרם,false,1,3.90,4.88,true,1,
4000522061752,false,צ`וי מקלות בייגלה מלוחים 100 גר,ר.ב מוצרי דגנים בעמ,,,יח`,1,100 גרם,false,1,3.90,3.90,true,1,
4000607850004,false,שוגטן 100 גר`,יעד ממתקים בעמ,,,יח`,1,100 גרם,false,1,5.90,5.90,true,1,
4000607852008,false,שוגטן 100 גר`,יעד ממתקים בעמ,,,יח`,1,100 גרם,false,1,5.90,5.90,true,1,
4002720005736,false,קפה פילטר מליטה פרימיום 250 גר,דנשר (1963) בעמ,,,יח`,2.50,100 גרם,false,1,17.90,7.16,false,1,
4005808515554,false,קרם רב שימושי סופר ניוואה 300 מל,אלפא- ב.ד.ף בעמ,,,יח`,3,"100 מ""ל",false,1,34.90,11.63,true,1,
4005808801053,false,ניוואה קרם רב שימושי 250 מל יבוא מקביל,פארמה דיל (פ.א.ב.) שיווק והפצה,,,יח`,2.50,"100 מ""ל",false,1,15.90,6.36,false,1,
4005808890507,false,ניוואה קרם סופט רב שימושי 200 מל יבוא,פארמה דיל (פ.א.ב.) שיווק והפצה,,,יח`,2,"100 מ""ל",false,1,15.90,7.95,false,1,
4005900036568,false,ספריי בלק אנד ווייט לאישה,אלפא- ב.ד.ף בעמ,,,יח`,1,,false,1,14.90,14.90,true,1,
4005900542557,false,דאודורנט רול-און לאישה בלק אנד וויט סילק,אלפא- ב.ד.ף בעמ,,,יח`,1,,false,1,12.90,12.90,false,1,
4008239313355,false,מעדן ויטקראפט סלמון ותרד 85 גרם,שחורי אריה ואנסטסיה,,,יח`,1,,false,1,5.90,5.90,false,1,
4008287051032,false,קרומבאכר פילס פחית בודד 500 מל,אגודת הכורמים,,,יח`,5,"100 מ""ל",false,1,9.90,1.92,true,1,
4009300522935,false,תה ירוק לימונית ולואיזה פומפדור) (20,ש.שסטוביץ בעמ,,,יח`,0.30,100 גרם,false,1,16.90,56.33,true,1,
4009300522966,false,תה ירוק עם נענע פומפדור) (20,ש.שסטוביץ בעמ,,,יח`,0.30,100 גרם,false,1,16.90,56.33,true,1,
4009900385824,false,מסטיק אורביט סטיקס מארז חמישייה ללס בטע,מרס ריגלי ישראל בעמ,,,יח`,1,,false,1,9.90,9.90,false,1,
4009900402965,false,מסטיק אורביט וויט בטעם פירות ללס,מרס ריגלי ישראל בעמ,,,יח`,1,,false,1,10.90,10.90,true,1,
4009900403023,false,מסטיק אורביט וויט בטעם מנטה ללס,מרס ריגלי ישראל בעמ,,,יח`,1,,false,1,10.90,10.90,true,1,
4009900420129,false,מסטיק אורביט פרופשיונל מנטה חזקה ללס,מרס ריגלי ישראל בעמ,,,יח`,1,,false,1,10.90,10.90,true,1,
4009900426039,false,מסטיק איירוויבז בטעם מנטה אקליפטוס ללס,מרס ריגלי ישראל בעמ,,,יח`,1,,false,1,10.90,10.90,true,1,
4009900426121,false,מסטיק איירוויבז בטעם אוכמניות ללס,מרס ריגלי ישראל בעמ,,,יח`,1,,false,1,10.90,10.90,true,1,
4009900479998,false,מסטיק אורביט בטעם אוכמניות ללס,מרס ריגלי ישראל בעמ,,,יח`,1,,false,1,10.90,10.90,true,1,
4009900482417,false,מסטיק אורביט בטעם פירות ומנטה ללס,מרס ריגלי ישראל בעמ,,,יח`,1,,false,1,10.90,10.90,true,1,
4009900483803,false,מסטיק אירויבז בטעם מנטה אקליפטוס ללס אר,מרס ריגלי ישראל בעמ,,,יח`,0.84,100 גרם,false,1,13,15.48,false,1,
4009900484060,false,מסטיק אורביט בטעם מנטה חזקה ללס אריזה מ,מרס ריגלי ישראל בעמ,,,יח`,0.84,100 גרם,false,1,13,15.48,false,1,
4009900484091,false,מסטיק אורביט בטעם מנטה עדינה ללס אריזה,מרס ריגלי ישראל בעמ,,,יח`,0.84,100 גרם,false,1,13,15.48,false,1,
4009900484305,false,מסטיק אורביט בטעם מנטה מתוקה ללס אריזה,מרס ריגלי ישראל בעמ,,,יח`,0.84,100 גרם,false,1,13,15.48,false,1,
4009900491044,false,מסטיק אירוויבז בטעם מנטה אוכמניות ללס,מרס ריגלי ישראל בעמ,,,יח`,0.84,100 גרם,false,1,13,15.48,false,1,
4009900509770,false,מסטיק אורביט בטעם תות ללס אריזה מוגדלת,מרס ריגלי ישראל בעמ,,,יח`,1,,false,1,13,13,false,1,
4009900531122,false,מסטיק אורביט פרופשיונל בטעם מנטה עדינה ל,מרס ריגלי ישראל בעמ,,,יח`,1,,false,1,10.90,10.90,true,1,
4009900539340,false,סוכריות ג`יינט פירות סקיטלס סאוור (141 ג,מרס ריגלי ישראל בעמ,,,יח`,1.41,100 גרם,false,1,8.90,6.31,true,1,
4009900539432,false,מסטיק פייב באונס בטעם אבטיח אישית,מרס ריגלי ישראל בעמ,,,יח`,0.1440,100 גרם,false,1,3.90,27.08,false,1,
4009900539685,false,מסטיק פייב באונס בטעם מנטה בקבוקון,מרס ריגלי ישראל בעמ,,,יח`,0.67,100 גרם,false,1,11.90,17.76,true,1,
4009900539746,false,מסטיק פייב באונס בטעם אבטיח בקבוקון,מרס ריגלי ישראל בעמ,,,יח`,0.67,100 גרם,false,1,11.90,17.76,true,1,
4009900540551,false,מסטיק אורביט רפרשרס טרופיקל,מרס ריגלי ישראל בעמ,,,יח`,0.67,100 גרם,false,1,11.90,17.76,true,1,
4010492052629,false,אתנה סטיק רך לחתול עם עופות וכבד 10יח,שחורי אריה ואנסטסיה,,,יח`,1,,false,1,18.90,18.90,false,1,
4011800528416,false,קורני בייס סויט סול 150 גר`,משה סידס ובנו בעמ,,,יח`,1.50,100 גרם,false,1,9.90,6.60,false,1,
4011800628512,false,חטיף קורני שישייה שוקולדה,משה סידס ובנו בעמ,,,יח`,1.50,100 גרם,false,1,9.90,6.60,false,1,
4011800630515,false,חטיף קורני שישייה שוקולד חלבי ובננה,משה סידס ובנו בעמ,,,יח`,1.50,100 גרם,false,1,9.90,6.60,false,1,
4011800632519,false,חטיף קורני שישייה שוקולד חלבי וקוקוס,משה סידס ובנו בעמ,,,יח`,1.50,100 גרם,false,1,9.90,6.60,false,1,
4011800636517,false,קורני פרי ללתס חטיף דגנים+שוקולד 6 יח`,משה סידס ובנו בעמ,,,יח`,1.20,100 גרם,false,1,9.90,8.25,false,1,
4014400904376,false,סוכריות שטורק שוקולדן 325 גר`,ליימן שליסל בעמ,,,יח`,3.25,100 גרם,false,1,14.90,4.58,false,1,
4014400904390,false,סוכריות שטורק וולמיש 325 גר`,ליימן שליסל בעמ,,,יח`,3.25,100 גרם,false,1,14.90,4.58,false,1,
4014400907902,false,וורטר ללס בקופסא 42 גרם,ליימן שליסל בעמ,,,יח`,0.42,100 גרם,false,1,7.90,18.81,false,1,
4014400910063,false,סוכריות חמאה וורטרס אורגינל (135 גרם),ליימן שליסל בעמ,,,יח`,1.35,100 גרם,false,1,8.90,6.59,true,1,
4014400913910,false,וורטרס אורגינל קרימי,ליימן שליסל בעמ,,,יח`,1.25,100 גרם,false,1,8.90,7.12,true,1,
4014400914696,false,וורטר שקית חמאה ללס 80 גר`,ליימן שליסל בעמ,,,יח`,0.80,100 גרם,false,1,8.90,11.13,true,1,
4014400914924,false,וורטר ללס קפה 80 גר`,ליימן שליסל בעמ,,,יח`,0.80,100 גרם,false,1,8.90,11.13,true,1,
4014400920857,false,וורטר ללס בטעם שוקולד 70גר`,ליימן שליסל בעמ,,,יח`,0.70,100 גרם,false,1,8.90,12.71,true,1,
4014400923711,false,חטיפי שוקולד טופיפי (125 גרם),ליימן שליסל בעמ,,,יח`,1.25,100 גרם,false,1,12.90,10.32,true,1,
4014400925319,false,פופקרן קרמל 140  גר`וורטר,ליימן שליסל בעמ,,,יח`,1.40,100 גרם,false,1,14.90,10.64,false,1,
4015400564034,false,מגן תחתון אולווייז מגה פק לונג פלוס 58 י,דיפלומט מפיצים (1968) בעמ,,,יח`,1,,false,1,19.90,19.90,true,1,
4015400564454,false,מגן תחתון אולוויז מגה פק  לארג`68 יח,דיפלומט מפיצים (1968) בעמ,,,יח`,1,,false,1,19.90,19.90,true,1,
4015400681670,false,תחבושות לילה בטוח אולווייז) (18,דיפלומט מפיצים (1968) בעמ,,,יח`,1,,false,1,19.90,19.90,true,1,
4015400731719,false,תחבושות לילה וליו פק אולווייז) (20,דיפלומט מפיצים (1968) בעמ,,,יח`,1,,false,1,19.90,19.90,true,1,
4015400746812,false,מגן תחתון אולווייז מגה פק נורמל 80 יח`,דיפלומט מפיצים (1968) בעמ,,,יח`,1,,false,1,19.90,19.90,true,1,
4015400755487,false,תחבושות אולטרה לונג פלוס אולווייז) (24,דיפלומט מפיצים (1968) בעמ,,,יח`,1,,false,1,19.90,19.90,true,1,
4015400759263,false,תחבושות אולוייז כפול נורמל 28 יח-יבוא מק,בית הצעצוע בעמ,,,יח`,1,,false,1,14.90,14.90,false,1,
4015400824749,false,טמפונים סופר פלוס עם מוליך טמפקס) (30,דיפלומט מפיצים (1968) בעמ,,,יח`,1,,false,1,34.90,34.90,true,1,
4015400990482,false,אבקת כביסה אריאל קולור 3 קג,דיפלומט מפיצים (1968) בעמ,,,יח`,30,100 גרם,false,1,34.90,1.16,false,1,
4015400990543,false,אבקת כביסה אריאל קולור 8 קג,דיפלומט מפיצים (1968) בעמ,,,יח`,8,"ק""ג",false,1,59.90,7.49,true,1,
4015600762742,false,הד אנד שולדרס שמפו 500 מל כחול,דיפלומט מפיצים (1968) בעמ,,,יח`,5,"100 מ""ל",false,1,19.90,3.98,true,1,
4015600762780,false,הד אנד שולדרס שמפו 500 מל,דיפלומט מפיצים (1968) בעמ,,,יח`,5,"100 מ""ל",false,1,19.90,3.98,true,1,
4015600763022,false,הד אנד שולדרס שמפו 500 מל ורוד,דיפלומט מפיצים (1968) בעמ,,,יח`,5,"100 מ""ל",false,1,19.90,3.98,true,1,
4015600807573,false,דאודורנט פאוור בידס 75 מל לגבר,פארמה דיל (פ.א.ב.) שיווק והפצה,,,יח`,0.75,"100 מ""ל",false,1,19.90,26.53,false,1,
4017100198151,false,היט עוגיות וניל בלזן (220 גרם),ליימן שליסל בעמ,,,יח`,2.20,100 גרם,false,1,9.90,4.50,true,1,
4017100364112,false,היט עוגיות  סנדוויץ`שוקו בלזן (220 גרם),ליימן שליסל בעמ,,,יח`,2.20,100 גרם,false,1,9.90,4.50,true,1,
4022025001905,false,בלו ווין מבעבע זהב 750 מל כשר,היכל היין שקד גולן בעמ,,,יח`,7.50,"100 מ""ל",false,1,54.90,7.28,true,1,
4022025002100,false,בלו ווין מבעבע רוזה 750 מל 24K,היכל היין שקד גולן בעמ,,,יח`,7.50,"100 מ""ל",false,1,54.90,7.28,true,1,
4022025261002,false,בלו ווין גוורצטאמניר 750 מל,היכל היין שקד גולן בעמ,,,יח`,7.50,"100 מ""ל",false,1,49.90,6.61,true,1,
4022025290408,false,בלו ווין רוזה 750 מל,היכל היין שקד גולן בעמ,,,יח`,7.50,"100 מ""ל",false,1,49.90,6.61,true,1,
4025700001962,false,שוקולד לבן מילקה (100 גרם),דיפלומט היינץ,,,יח`,1,100 גרם,false,1,6.50,6.50,true,1,
4028208000284,false,נייר פילטר מס 4,דנשר (1963) בעמ,,,יח`,1,,false,1,11.90,11.90,false,1,
4033100024146,false,סיגריות ווינסטון קוד בודד,גלוברנדס בעמ - שיווק סיגריות,,,יח`,1,,false,1,32,32,true,1,
4033100046490,false,סיגריות ווינסטון אקווה ארוך בודד,גלוברנדס בעמ - שיווק סיגריות,,,יח`,1,,false,1,32,32,true,1,
4053700292455,false,ויט רצועות שעווה,רקיט בנקיזר (ניר איסט) בעמ,,,יח`,1,יח`,false,1,24.90,24.90,false,1,
4066600601920,false,פאולנר פחית 500 מל,טמפו משקאות בעמ,,,יח`,5,"100 מ""ל",false,1,9.90,1.92,false,1,
4066600999614,false,פאולנר 500 מל,טמפו משקאות בעמ,,,יח`,5,"100 מ""ל",false,1,10.90,2.12,true,1,
4079400182742,false,בירה פילסנר 4.9% שישייה בקבוק 330 מל,אבאל יזמות בעמ,,,יח`,1.98,1 ליטר,false,1,29.90,14.19,true,1,
4079400330129,false,בירה וולטרס (500 מל),אבאל יזמות בעמ,,,יח`,5,"100 מ""ל",false,1,5.90,1.12,true,1,
4084500065536,false,פנטן קרם לחות מוגברת לעיצוב השיער 300 מ,דיפלומט מפיצים (1968) בעמ,,,יח`,3,"100 מ""ל",false,1,19.90,6.63,true,1,
4084500088917,false,נוזל לניקוי כלים לימון פיירי (650 מל),דיפלומט מפיצים (1968) בעמ,,,יח`,6.50,"100 מ""ל",false,1,10.90,1.68,true,1,
4084500371422,false,אריאל 8 קג שושן צחור,דיפלומט מפיצים (1968) בעמ,,,יח`,80,100 גרם,false,1,59.90,0.75,true,1,
4084500853836,false,פיירי ורדים ומשי 515 מל,דיפלומט מפיצים (1968) בעמ,,,יח`,5.15,"100 מ""ל",false,1,10.90,2.12,true,1,
4084500853898,false,פיירי אלוורה ומלפפונים 515 מל,דיפלומט מפיצים (1968) בעמ,,,יח`,5.15,"100 מ""ל",false,1,10.90,2.12,true,1,
4210201245193,false,אורל בי מברשת חשמלית נטענת פרוזן,דיפלומט מפיצים (1968) בעמ,,,יח`,1,,false,1,99.90,99.90,true,1,
4210201360742,false,אורל בי ראש חשמלי ניקוי יסודי רביעייה,דיפלומט מפיצים (1968) בעמ,,,יח`,1,,false,1,84.90,84.90,true,1,
4260147890513,false,איטריות ביצים דקות 500 גר`,דין שיווק וקליה 2021 בעמ,,,יח`,5,100 גרם,false,1,10.90,2.18,true,1,
4260147890551,false,איטריות ביצים רצועות 500 גר`,דין שיווק וקליה 2021 בעמ,,,יח`,5,100 גרם,false,1,10.90,2.18,true,1,
4603400000043,false,וודקה רוסקי יורוסטנדרט (700 מל),יורוסטנדרט בעמ,,,יח`,7,"100 מ""ל",false,1,59.90,8.51,false,1,
4603928000983,false,בלוגה וודקה 1 ליטר,טמפו פרנו,,,יח`,1,1 ליטר,false,1,149,149,false,1,
4796019790013,false,שמן קוקוס כבישה קרה אורגני גרין קוקו 300,נטורפוד בעמ,,,יח`,1,,false,1,19.90,19.90,false,1,
4800888219541,false,רקסונה נשים דאו סטיק פאודר דרי 50 מל,יוניליוור ישראל שיווק בעמ,,,יח`,0.50,"100 מ""ל",false,1,14.90,29.80,true,1,
4810168000998,false,פילה דג הרינג עם בצל 260 גר`,דילר בי.אמ.די פורמולה בעמ,,,יח`,2.60,100 גרם,false,1,17.90,6.88,false,1,
4810168001056,false,פילה דג הרינג מלוח מצונן 260 גר`,דילר בי.אמ.די פורמולה בעמ,,,יח`,2.60,100 גרם,false,1,17.90,6.88,false,1,
4810168024512,false,פילה דג הרינג עם תבלין 260 גר`,דילר בי.אמ.די פורמולה בעמ,,,יח`,2.60,100 גרם,false,1,17.90,6.88,false,1,
4810168057435,false,חתיכות פילה דג הרינג מלוח בשמן 400 גר`,דילר בי.אמ.די פורמולה בעמ,,,יח`,4,100 גרם,false,1,26.90,6.73,true,1,
4810168058975,false,פילה דג הרינג סקנדינבי מלוח מצונן 260 גר,דילר בי.אמ.די פורמולה בעמ,,,יח`,2.60,100 גרם,false,1,17.90,6.88,false,1,
4810168058982,false,חתיכות פילה דג הרינג סקנדינבי מלוח בשמן,דילר בי.אמ.די פורמולה בעמ,,,יח`,4,100 גרם,false,1,26.90,6.73,true,1,
4823077608513,false,סוכריות טופי חלב 205 גר`,דילר בי.אמ.די.אינטרנשויונל בעמ,,,יח`,2.05,100 גרם,false,1,6.90,3.37,false,1,
4823077612732,false,סוכריות בטעם פירות בים בום 200 גר`,דילר בי.אמ.די.אינטרנשויונל בעמ,,,יח`,2,100 גרם,false,1,4.90,2.45,false,1,
4823077613630,false,חטיף שוקולד רושן ממולה קרם בורלה 43 גר`,דילר בי.אמ.די.אינטרנשויונל בעמ,,,יח`,0.43,100 גרם,false,1,3.90,9.07,true,1,
4823077614675,false,ביסקוויט לקפה רושן בטעם חלב 185 גר`,דילר בי.אמ.די.אינטרנשויונל בעמ,,,יח`,1.85,100 גרם,false,1,3.90,2.11,true,1,
4823077614699,false,ביסקוויט לקפה רושן בטעם חמאה וניל 185 גר,דילר בי.אמ.די.אינטרנשויונל בעמ,,,יח`,1.85,100 גרם,false,1,3.90,2.11,true,1,
4823077614767,false,שוקולד רושן חלב נוגט בטעם אגוזי לוז 90 ג,דילר בי.אמ.די.אינטרנשויונל בעמ,,,יח`,0.90,100 גרם,false,1,4.90,5.44,true,1,
4823077624223,false,סוכריות ג`לי בוני פרוט בטעמי פירות 200,דילר בי.אמ.די.אינטרנשויונל בעמ,,,יח`,2,100 גרם,false,1,6.90,3.45,true,1,
4823077624247,false,סוכריות ג`לי בוני פרוט בטעם הדרים 200,דילר בי.אמ.די.אינטרנשויונל בעמ,,,יח`,2,100 גרם,false,1,6.90,3.45,true,1,
4823077625589,false,וופל רושן בטעם חלב 216 גר`,דילר בי.אמ.די.אינטרנשויונל בעמ,,,יח`,2.16,100 גרם,false,1,6.90,3.19,true,1,
4823077625602,false,וופל רושן בטעם שוקולד 216 גר`,דילר בי.אמ.די.אינטרנשויונל בעמ,,,יח`,2.16,100 גרם,false,1,6.90,3.19,true,1,
4823077625626,false,וופל רושן בטעם אגוז 216 גר`,דילר בי.אמ.די.אינטרנשויונל בעמ,,,יח`,2.16,100 גרם,false,1,6.90,3.19,true,1,
4823077626203,false,שוקולד רושן אורירי מריר 80 גר`,דילר בי.אמ.די.אינטרנשויונל בעמ,,,יח`,0.80,100 גרם,false,1,6.90,8.63,true,1,
4823077626227,false,שוקולד אורירי חלב 80 גר`,דילר בי.אמ.די.אינטרנשויונל בעמ,,,יח`,0.80,100 גרם,false,1,6.90,8.63,true,1,
4823077626241,false,שוקולד רושן אורירי לבן קרמל 80 גר`,דילר בי.אמ.די.אינטרנשויונל בעמ,,,יח`,0.80,100 גרם,false,1,6.90,8.63,true,1,
4823077626364,false,שוקולד רושן אורירי לבן 80 גר`,דילר בי.אמ.די.אינטרנשויונל בעמ,,,יח`,0.80,100 גרם,false,1,6.90,8.63,true,1,
4823077631474,false,קרקר קלאסי רושן 168 גר`,דילר בי.אמ.די.אינטרנשויונל בעמ,,,יח`,1.68,100 גרם,false,1,4.90,2.92,true,1,
4823077631863,false,גליליות רושן קונאפטו וניל 140 גר`,דילר בי.אמ.די.אינטרנשויונל בעמ,,,יח`,1.40,100 גרם,false,1,6.90,4.93,true,1,
4823077632112,false,וופל רושן בטעם קקאו חלב 216 גר`,דילר בי.אמ.די.אינטרנשויונל בעמ,,,יח`,2.16,100 גרם,false,1,6.90,3.19,true,1,
4823077633317,false,עוגיות שוקולד עם חתיכות שוקולד 150 גר`,דילר בי.אמ.די.אינטרנשויונל בעמ,,,יח`,1.50,100 גרם,false,1,6.90,4.60,true,1,
4823077633324,false,עוגיות שוקוצ`יפס 150 גר`,דילר בי.אמ.די.אינטרנשויונל בעמ,,,יח`,1.50,100 גרם,false,1,6.90,4.60,true,1,
4823077633348,false,עוגיות רושן עם חתיכות בוטנים 150 גר`,דילר בי.אמ.די.אינטרנשויונל בעמ,,,יח`,1.50,100 גרם,false,1,6.90,4.60,true,1,
4823077634222,false,עוגיות תפוז 135 גר`,דילר בי.אמ.די.אינטרנשויונל בעמ,,,יח`,1.35,100 גרם,false,1,6.90,5.11,true,1,
4823077634246,false,עוגיות פטל 135 גר` LOVITA,דילר בי.אמ.די.אינטרנשויונל בעמ,,,יח`,1.68,100 גרם,false,1,5.90,3.51,true,1,
4823077634277,false,עוגיות תות שדה 135 גר`,דילר בי.אמ.די.אינטרנשויונל בעמ,,,יח`,1.35,100 גרם,false,1,6.90,5.11,true,1,
4823077635533,false,וופל רושן קרם חלב 350 גר`,דילר בי.אמ.די.אינטרנשויונל בעמ,,,יח`,3.50,100 גרם,false,1,16.90,4.83,true,1,
4823077636004,false,עוגיות קקאו דובדבן 135 גר`,דילר בי.אמ.די.אינטרנשויונל בעמ,,,יח`,1.35,100 גרם,false,1,6.90,5.11,true,1,
4823077636172,false,וופל רושן בטעם לימון 216 גר,דילר בי.אמ.די.אינטרנשויונל בעמ,,,יח`,2.16,100 גרם,false,1,6.90,3.19,true,1,
4823077636592,false,סוכריות ג`לי רושן קרייזי פצ`ולקה 378 ג,דילר בי.אמ.די.אינטרנשויונל בעמ,,,יח`,3.78,100 גרם,false,1,11.90,3.15,false,1,
4860019001346,false,מים מינרלים 500 מל בקבוק בורזוימי,יורוסטנדרט בעמ,,,יח`,5,"100 מ""ל",false,1,6.90,1.32,false,1,
4903001904192,false,רוטב סויה יאמסה פרימיום 500 מל`,ליימן שליסל בעמ,,,יח`,5,"100 מ""ל",false,1,17.90,3.58,false,1,
5000054353300,false,פריסקיז פטה סלמון 156 גר,שחורי אריה ואנסטסיה,,,יח`,1.56,100 גרם,false,1,6,3.85,false,1,
5000054357100,false,פריסקיז פטה מיקס גריל 156 גר,שחורי אריה ואנסטסיה,,,יח`,1.56,100 גרם,false,1,6.90,4.42,false,1,
5000054359500,false,פריסקיז פטה כבד ועוף 156 גר,שחורי אריה ואנסטסיה,,,יח`,1.56,100 גרם,false,1,6.90,4.42,false,1,
5000157143365,false,מתבל בטעם מיונז וקטשופ 425 מל,דיפלומט היינץ,,,יח`,4.25,100 גרם,false,1,14.90,3.51,false,1,
5000159407236,false,מרס חטיף שוקולד עם קרמל 51 גרם,מרס ריגלי ישראל בעמ,,,יח`,0.50,100 גרם,false,1,3.90,7.80,true,1,
5000159452540,false,סניקרס חטיף שוקולד עם בוטנים חמישייה ברי,מרס ריגלי ישראל בעמ,,,יח`,2,100 גרם,false,1,9.90,4.95,false,1,
5000159459228,false,חטיף אצבעות קרמל ושוקולד טוויקס (50 גרם),מרס ריגלי ישראל בעמ,,,יח`,0.57,100 גרם,false,1,3.90,6.84,true,1,
5000159461122,false,סניקרס חטיף שוקולד עם בוטנים 50 גרם,מרס ריגלי ישראל בעמ,,,יח`,0.57,100 גרם,false,1,3.90,6.84,true,1,
5000159536400,false,טוויקס סטיקס 99 קלוריות ליחידה 10 יח,מרס ריגלי ישראל בעמ,,,יח`,2,100 גרם,false,1,16.90,8.45,false,1,
5000159538626,false,טוויקס חטיף שוקולד מארז,מרס ריגלי ישראל בעמ,,,יח`,2,100 גרם,false,1,9.90,4.95,false,1,
5000159541152,false,חטיף טויקס לבן,מרס ריגלי ישראל בעמ,,,יח`,0.46,100 גרם,false,1,3.90,8.48,true,1,
5000168199245,false,שוקולד חלב מעולה בתוספת חתיכות קרם קרמל,תה ויסוצקי (ישראל) בעמ,,,יח`,0.90,100 גרם,false,1,14.90,16.56,true,1,
5000204153903,false,גלייד ספריי מילוי אוטומטי בניחוח מרכך כב,דנשר (1963) בעמ,,,יח`,2.69,"100 מ""ל",false,1,17.90,6.65,false,1,
5000204155723,false,גלייד מארז אוטומטי מרכך כביסה 269 מל,דנשר (1963) בעמ,,,יח`,1,,false,1,44.90,44.90,true,1,
5000204182057,false,גלייד ג`ל ריחני בניחוח לבנדר 180 גרם,דנשר (1963) בעמ,,,יח`,1.80,100 גרם,false,1,14.90,8.28,true,1,
5000204243000,false,דאק נוזל אפרסק על חלל 750 מל,דנשר (1963) בעמ,,,יח`,7.50,"100 מ""ל",false,1,10.90,1.45,false,1,
5010123703547,false,ליסטרין פרש בורסט 500 מל-יבוא מקביל,בית הצעצוע בעמ,,,יח`,5,"100 מ""ל",false,1,14.90,2.98,true,1,
5010123730222,false,ליסטרין טוטאל קר 500 מל-יבוא מקביל,בית הצעצוע בעמ,,,יח`,5,"100 מ""ל",false,1,14.90,2.98,true,1,
5010182997680,false,קוטל נמלים רייד (300 מל),דנשר (1963) בעמ,,,יח`,3,"100 מ""ל",false,1,17.90,5.97,false,1,
5010182998861,false,דאק נוזל בודד 750מל ירוק,דנשר (1963) בעמ,,,יח`,7.50,"100 מ""ל",false,1,10.90,1.45,false,1,
5010327000046,false,וויסקי גרנטס (700 מל),הכרם - משקאות חריפים בעמ,,,יח`,7.50,"100 מ""ל",false,1,100,13.29,true,1,
5010677551281,false,בריזר לימון בבקבוק בקרדי (275 מל),טמפו משקאות בעמ,,,יח`,2.75,"100 מ""ל",false,1,14,4.98,true,1,
5010677554398,false,בריזר אבטיח בבקבוק בקרדי (275 מל),טמפו משקאות בעמ,,,יח`,2.75,"100 מ""ל",false,1,14,4.98,true,1,
5013931015741,false,ידית הפלא לשטיפת כלים דיש מטיק,דנשר (1963) בעמ,,,יח`,1,,false,1,19.90,19.90,true,1,
5013931015789,false,ידית הפלא עם כרית פלדה דיש מטיק,דנשר (1963) בעמ,,,יח`,1,,false,1,19.90,19.90,true,1,
5013965948428,false,אורל בי משחה פרואקספרט מנטה מעודן 75 מל,דיפלומט מפיצים (1968) בעמ,,,יח`,0.75,"100 מ""ל",false,1,11.90,15.87,false,1,
5014271300429,false,מעדן סנט דלפור משמש,א. סיימן סחר בעמ,,,יח`,2.84,100 גרם,false,1,19.90,7.01,false,1,
5014271310428,false,מעדן סנט דלפור דובדבן שחור,א. סיימן סחר בעמ,,,יח`,2.84,100 גרם,false,1,19.90,7.01,false,1,
5014271330426,false,מעדן סנט דלפור אוכמניות,א. סיימן סחר בעמ,,,יח`,2.84,100 גרם,false,1,19.90,7.01,false,1,
5014271400426,false,מעדן סנט דלפור תות שדה,א. סיימן סחר בעמ,,,יח`,2.84,100 גרם,false,1,19.90,7.01,false,1,
5014271560427,false,מעדן סנט דלפור תפוז ג`ינגי`ר 284 גר`,א. סיימן סחר בעמ,,,יח`,2.84,100 גרם,false,1,19.90,7.01,false,1,
5014271795980,false,מעדן סנט דלפור חמוציות ואוכמניות,א. סיימן סחר בעמ,,,יח`,2.84,100 גרם,false,1,19.90,7.01,false,1,
5029053002408,false,נייר טואלט קלינקס 9 לבן,קימברלי קלארק ישראל שיווק בעמ,,,יח`,1,,false,1,32.90,32.90,false,1,
5029053032658,false,טישו קלינקס שמינייה,קימברלי קלארק ישראל שיווק בעמ,,,יח`,2.40,100 גרם,false,1,8.90,3.71,false,1,
5029053039725,false,קלינקס טישו נטורל פרש קופסא,קימברלי קלארק ישראל שיווק בעמ,,,יח`,1,,false,1,10.90,10.90,false,1,
5029053510811,false,תחבושות נורמל פלוס עם כנפיים קוטקס) (28,קימברלי קלארק ישראל שיווק בעמ,,,יח`,1,,false,1,19.90,19.90,true,1,
5029053510828,false,תחבושות סופר פלוס עם כנפיים קוטקס) (24,קימברלי קלארק ישראל שיווק בעמ,,,יח`,1,,false,1,19.90,19.90,true,1,
5029053523446,false,תחבושות עם כנפיים ללילה קוטקס) (20,קימברלי קלארק ישראל שיווק בעמ,,,יח`,1,,false,1,19.90,19.90,true,1,
5029053534589,false,טמפונים מיני קוטקס) (32,קימברלי קלארק ישראל שיווק בעמ,,,יח`,1,יח`,false,1,26.90,26.90,false,1,
5029053578309,false,קלינקס טישו אולטרה סופט קוביה,קימברלי קלארק ישראל שיווק בעמ,,,יח`,1,,false,1,5.90,5.90,false,1,
5060517886486,false,משקה אנר`גי פח 500 מל מונסטר,החברה המרכזית להפצת משקאות בעמ,,,יח`,5,"100 מ""ל",false,1,6.90,1.32,true,1,
5060639129102,false,משקה אנר`גי Mango Loco מונסטר 500 nk,החברה המרכזית להפצת משקאות בעמ,,,יח`,5,"100 מ""ל",false,1,6.90,1.32,true,1,
5060751218173,false,משקה אנר`גי pipline punch מונסטר 500 מל,החברה המרכזית להפצת משקאות בעמ,,,יח`,5,"100 מ""ל",false,1,6.90,1.32,true,1,
5060751219033,false,משקה אולטרה פרדייס מונסטר 500 מל,החברה המרכזית להפצת משקאות בעמ,,,יח`,5,"100 מ""ל",false,1,6.90,1.32,true,1,
5200133120476,false,גליליות וופלים 400 גרם אגוזים  וקקאו גול,דיפלומט היינץ,,,יח`,4,100 גרם,false,1,16.90,4.23,false,1,
5200133120483,false,גליליות וופלים 400 גרם וניל גולדן ברייק,דיפלומט היינץ,,,יח`,4,100 גרם,false,1,16.90,4.23,false,1,
5201940010011,false,זיתים שחורים בפח,ג.וילי-פוד אינטרנשיונל בעמ,,,יח`,4.54,100 גרם,false,1,14.90,3.28,true,1,
5201940010110,false,זיתים שחורים קלמנטה בפח,ג.וילי-פוד אינטרנשיונל בעמ,,,יח`,4.54,100 גרם,false,1,14.90,3.28,true,1,
5202300014496,false,וולפלקס מוס חזק וולה (250 מל),דיפלומט מפיצים (1968) בעמ,,,יח`,2.50,"100 מ""ל",false,1,27.90,11.16,false,1,
5202390027826,false,ויולייפ תחליף קממבר 150 גר`,דיפלומט היינץ,,,יח`,1.50,100 גרם,false,1,22.90,15.27,false,1,
5202390027871,false,ויולייפ תחליף פרמזן מגורדת 100 גר,דיפלומט היינץ,,,יח`,1,100 גרם,false,1,19.90,19.90,false,1,
5208049006662,false,פאל מאל אקסטרה מנדרינה פאקט,גלוברנדס בעמ - שיווק סיגריות,,,יח`,1,,false,1,260,260,false,1,
5391523057936,false,סימילאק גולד שלב 2 700 גר`,שקד תבל בעמ-סימילק,,,יח`,7,100 גרם,false,1,69.90,9.99,true,1,
5391523057943,false,סימילאק גולד שלב 3 700 גר`,שקד תבל בעמ-סימילק,,,יח`,7,100 גרם,false,1,69.90,9.99,true,1,
5391523058070,false,סימילאק אדוונס פלוס שלב 3 700 גר,שקד תבל בעמ-סימילק,,,יח`,7,100 גרם,false,1,64.90,9.27,true,1,
5391523058087,false,סימילאק אדוונס פלוס שלב 2 700 גר,שקד תבל בעמ-סימילק,,,יח`,7,100 גרם,false,1,64.90,9.27,true,1,
5410076379378,false,טייד קולור 5 קג,דיפלומט מפיצים (1968) בעמ,,,יח`,5,"ק""ג",false,1,34.90,6.98,true,1,
5410076933129,false,אריאל 3 קג`,דיפלומט מפיצים (1968) בעמ,,,יח`,30,100 גרם,false,1,34.90,1.16,false,1,
5410126006087,false,ביסקוויט בטעם קרמל לוטוס (700 גרם),דיפלומט היינץ,,,יח`,7,100 גרם,false,1,27.90,3.99,false,1,
5410126006360,false,לוטוס עוגיות סנדוויץ במילוי לוטוס 150 גר,דיפלומט היינץ,,,יח`,1.50,100 גרם,false,1,8.90,5.93,false,1,
5410126106183,false,לוטוס קרמל 312 גר`,דיפלומט היינץ,,,יח`,3.12,100 גרם,false,1,16.80,5.38,true,1,
5410126116953,false,ממרח ביסקוויט קרמל לוטוס (400 גרם),דיפלומט היינץ,,,יח`,4,100 גרם,false,1,21.90,5.48,true,1,
5410126666038,false,עוגיות לוטוס 2*18 279 גר`,דיפלומט היינץ,,,יח`,2.79,100 גרם,false,1,12.90,4.62,true,1,
5410126726947,false,ממרח עוגיות לוטוס  קראנץ`380 גר`,דיפלומט היינץ,,,יח`,3.80,100 גרם,false,1,22.90,6.03,true,1,
5410228217732,false,בירה סטלה פחית 440 מל,תימקו בירה בעמ,,,יח`,4.40,"100 מ""ל",false,1,12.90,2.86,false,1,
5410658902413,false,קפסולות קפה דרגת חוזק 8 fortisimo Espres,אבאל יזמות בעמ,,,יח`,1,,false,1,11.90,11.90,true,1,
5410658902420,false,קפסולות קפה דרגת חוזק 10 fortisimo RISTR,אבאל יזמות בעמ,,,יח`,1,,false,1,11.90,11.90,true,1,
5410658902819,false,קפסולות קפה דרגת חוזק 12 fortisimo RISTR,אבאל יזמות בעמ,,,יח`,1,,false,1,11.90,11.90,true,1,
5410769800097,false,בקבוק צ`רי שוף 8% 330 מל,הכרם - משקאות חריפים בעמ,,,יח`,3.30,"100 מ""ל",false,1,14.90,4.42,true,1,
5411188081852,false,אלפרו סויה וניל 1 ליטר,שטראוס גרופ בעמ,,,יח`,1,1 ליטר,false,1,12.90,12.90,true,1,
5411188096108,false,אלפרו סויה  לבישול( 250 מל),שטראוס גרופ בעמ/מצונן,,,יח`,2.50,"100 מ""ל",false,1,8.90,3.56,true,1,
5411188110835,false,משקה שקדים אלפרו (1 ליטר),שטראוס גרופ בעמ,,,יח`,1,1 ליטר,false,1,12.90,12.90,true,1,
5411188112709,false,משקה שקדים ללס אלפרו (1 ליטר),שטראוס גרופ בעמ,,,יח`,1,1 ליטר,false,1,12.90,12.90,true,1,
5411188115366,false,משקה שיבולת שועל אלפרו (1 ליטר),שטראוס גרופ בעמ,,,יח`,1,1 ליטר,false,1,12.90,12.90,true,1,
5411188115472,false,משקה סויה 1 ליטר אלפרו,שטראוס גרופ בעמ,,,יח`,1,1 ליטר,false,1,12.90,12.90,true,1,
5411188118732,false,משקה קוקוס ושקדים אלפרו (1 ליטר),שטראוס גרופ בעמ,,,יח`,1,1 ליטר,false,1,12.90,12.90,true,1,
5411188120742,false,משקה שקדים בטעם וניל אלפרו (1 ליטר),שטראוס גרופ בעמ,,,יח`,1,1 ליטר,false,1,12.90,12.90,true,1,
5411188121923,false,משקה סויה בטעם טבעי אלפרו (250x3 מל),שטראוס גרופ בעמ,,,יח`,7.50,"100 מ""ל",false,1,15.90,2.12,false,1,
5411188124689,false,משקה שיבולת שועל ללתס 1 ליטר אלפרו,שטראוס גרופ בעמ,,,יח`,1,1 ליטר,false,1,12.90,12.90,true,1,
5411188124726,false,משקה שיבולת שועל שקדים 1 ליטר אלפרו,שטראוס גרופ בעמ,,,יח`,1,1 ליטר,false,1,12.90,12.90,true,1,
5411188127697,false,אלפרו בריסטה שיבולת שועל 1 ליטר,שטראוס גרופ בעמ,,,יח`,1,1 ליטר,false,1,12.90,12.90,true,1,
5411188129899,false,אלפרו בריסטה שקדים 1 ליטר,שטראוס גרופ בעמ,,,יח`,1,1 ליטר,false,1,12.90,12.90,true,1,
5411188133476,false,אלפרו משקה סויה שוקו עם חלבון 250 מל,שטראוס גרופ בעמ/מצונן,,,יח`,2.50,"100 מ""ל",false,1,6.90,2.76,false,1,
5411188134985,false,אלפרו NOT MILK שיבולת שועל 3.5% שומן 1 ל,שטראוס גרופ בעמ/מצונן,,,יח`,1,1 ליטר,false,1,13.90,13.90,false,1,
5411188135005,false,אלפרו NOT MILK שיבולת שועל 1.8% ליטר,שטראוס גרופ בעמ/מצונן,,,יח`,1,1 ליטר,false,1,13.90,13.90,false,1,
5411188543398,false,משקה סויה ללס אלפרו 1 ליטר,שטראוס גרופ בעמ,,,יח`,1,1 ליטר,false,1,12.90,12.90,true,1,
5411681038001,false,בירה טריפל מרדסו (330 מל),הכרם - משקאות חריפים בעמ,,,יח`,3.30,"100 מ""ל",false,1,14.90,4.42,true,1,
5413149655522,false,אבקת כביסה שושן אריאל 1.25 קג,דיפלומט מפיצים (1968) בעמ,,,יח`,0.0130,100 גרם,false,1,14.90,1146.15,false,1,
5413149922907,false,אריאל 5  קג`קולור,דיפלומט מפיצים (1968) בעמ,,,יח`,5,"ק""ג",false,1,44.90,8.98,true,1,
5413149922938,false,אריאל 5  קג`שושן צחור,דיפלומט מפיצים (1968) בעמ,,,יח`,5,"ק""ג",false,1,44.90,8.98,true,1,
5413149930025,false,טייד 5 קג`,דיפלומט מפיצים (1968) בעמ,,,יח`,5,"ק""ג",false,1,34.90,6.98,true,1,
5413548280189,false,שוקובון קינדר (125 גרם),פרימיום-חברה לדברי מתיקה ולמסח,,,יח`,1.25,100 גרם,false,1,12.90,10.32,false,1,
5701932026964,false,הוט פופ 600 גר`,ליימן שליסל בעמ,,,יח`,6,100 גרם,false,1,15.90,2.65,true,1,
5701932026971,false,הוט פופ חמאה 600 גר`,ליימן שליסל בעמ,,,יח`,6,100 גרם,false,1,15.90,2.65,true,1,
5701932026995,false,הוט פופ לייט 600גר`,ליימן שליסל בעמ,,,יח`,6,100 גרם,false,1,15.90,2.65,true,1,
5706516031358,false,הוט פופ 600 גר`,ליימן שליסל בעמ,,,יח`,6,100 גרם,false,1,15.90,2.65,true,1,
5711953106583,false,גבינת שמנת עשבי טבעי 200  גר`ארלה,שטראוס גרופ בעמ/מצונן,,,יח`,2,100 גרם,false,1,15.90,7.95,true,1,
5711953106590,false,ארלה גבינת שמנת שום 200 גר`,שטראוס גרופ בעמ/מצונן,,,יח`,2,100 גרם,false,1,15.90,7.95,true,1,
5711953106606,false,גבינת שמנת עשבי תיבול 200  גר`ארלה,שטראוס גרופ בעמ/מצונן,,,יח`,2,100 גרם,false,1,15.90,7.95,true,1,
5740900108264,false,ממרח לופרק ללא מלח מעדניה שטראוס,שטראוס גרופ בעמ/מצונן,,,"ק""ג",10,100 גרם,true,1,42,4.20,false,1,
5740900403215,false,ממרח לורפק עם מלח 250 גר`,שטראוס גרופ בעמ/מצונן,,,יח`,2.50,100 גרם,false,1,16.90,6.76,false,1,
5740900403222,false,ממרח לורפק עם מלח מופחת שומן 250 גר`,שטראוס גרופ בעמ/מצונן,,,יח`,2.50,100 גרם,false,1,16.90,6.76,false,1,
5740900403239,false,ממרח לורפק ללא מלח 250 גר`,שטראוס גרופ בעמ/מצונן,,,יח`,2.50,100 גרם,false,1,16.90,6.76,false,1,
5740900403246,false,ממרח לורפק ללא מלח 500 גר`,שטראוס גרופ בעמ/מצונן,,,יח`,5,100 גרם,false,1,27.90,5.58,false,1,
5740900403253,false,ממרח לורפק עם מלח 500 גר`,שטראוס גרופ בעמ/מצונן,,,יח`,5,100 גרם,false,1,27.90,5.58,false,1,
5740900403260,false,ממרח לורפק ללא מלח מופחת שומן 250 גר`,שטראוס גרופ בעמ/מצונן,,,יח`,2.50,100 גרם,false,1,16.90,6.76,false,1,
5740900403864,false,ממרח לורפק 200 גר` עם מלח,שטראוס גרופ בעמ/מצונן,,,יח`,2,100 גרם,false,1,11.90,5.95,true,1,
5740900806108,false,ממרח חמאה דנית מעדנייה שטראוס,שטראוס גרופ בעמ/מצונן,,,"ק""ג",10,100 גרם,true,1,42,4.20,false,1,
5900020012814,false,נסקוויק 500  גר`דגני בוקר,קבוצת אסם סחר שות. מוגבלת,,,יח`,5,100 גרם,false,1,19.90,3.98,true,1,
5900020015174,false,פיטנס חטיפי דגנים שוקולד מריר,קבוצת אסם סחר שות. מוגבלת,,,יח`,1.41,100 גרם,false,1,15.90,11.28,true,1,
5900020018908,false,פיטנס חטיפי דגנים קרם עוגיות,קבוצת אסם סחר שות. מוגבלת,,,יח`,1.41,100 גרם,false,1,15.90,11.28,true,1,
5900020022325,false,מארז סיני מיניס חטיף דגנים,קבוצת אסם סחר שות. מוגבלת,,,יח`,1.50,100 גרם,false,1,16.90,11.27,true,1,
5900020024770,false,פיטנס בר דליס שוקולד אגוז,קבוצת אסם סחר שות. מוגבלת,,,יח`,1.35,100 גרם,false,1,15.90,11.78,true,1,
5900020024817,false,פיטנס בר דליס שוקולד לבן,קבוצת אסם סחר שות. מוגבלת,,,יח`,1.35,100 גרם,false,1,15.90,11.78,true,1,
5900020025647,false,פיטנס בר דליס שוקולד חלבי,קבוצת אסם סחר שות. מוגבלת,,,יח`,1.35,100 גרם,false,1,15.90,11.78,true,1,
5900020026552,false,האני נאט צ`יריוס עידן הקרח 625 גרם,קבוצת אסם סחר שות. מוגבלת,,,יח`,6.25,100 גרם,false,1,19.90,3.18,false,1,
5900020033314,false,פיטנס חטיפי דגנים ליון 150 גר`,קבוצת אסם סחר שות. מוגבלת,,,יח`,1.50,100 גרם,false,1,15.90,10.60,true,1,
5900020036407,false,דגני בוקר שוקולד קרמל (480 גר`) ליון,קבוצת אסם סחר שות. מוגבלת,,,יח`,4.80,100 גרם,false,1,26.90,5.60,true,1,
5900020039620,false,פיטנס חטיף דגנים שקדים 6*23.5גר,קבוצת אסם סחר שות. מוגבלת,,,יח`,1.41,100 גרם,false,1,15.90,11.28,true,1,
5900352004044,false,יזיקי עוגיות קוקוס 140 גר,יעד ממתקים בעמ,,,יח`,1.40,100 גרם,false,1,5.90,4.21,true,1,
5900352006468,false,יזיקי עוגיות שרי 140 גר,יעד ממתקים בעמ,,,יח`,1.40,100 גרם,false,1,5.90,4.21,true,1,
5900352008509,false,יזיקי עוגיות אדווקט 140 גר`,יעד ממתקים בעמ,,,יח`,1.40,100 גרם,false,1,5.90,4.21,true,1,
5900352015125,false,יזיקי עוגיות קרמל מלוח 140 גר,יעד ממתקים בעמ,,,יח`,1.40,100 גרם,false,1,5.90,4.21,true,1,
5900951259180,false,מזון לחתולים 1.40 קג,שחורי אריה ואנסטסיה,,,יח`,1,,false,1,39.90,39.90,false,1,
5901414200411,false,היט מיניס קרם קקאו 130גר בלזן.,ליימן שליסל בעמ,,,יח`,1.30,100 גרם,false,1,7.90,6.08,true,1,
5902198160403,false,xl ten פחית 250 מל ללס,טמפו משקאות בעמ,,,יח`,2.50,"100 מ""ל",false,1,4.90,1.84,true,1,
5904941750312,false,בלו דיי משקה אנרגיה מוחיטו,בני פאוזי שמשום (2009) בעמ,,,יח`,2.50,"100 מ""ל",false,1,3.90,1.44,true,1,
5904941751302,false,משקה אנרגיה בפחית בלו (250 מל),בני פאוזי שמשום (2009) בעמ,,,יח`,2.50,"100 מ""ל",false,1,3.90,1.44,true,1,
5904941751371,false,בלו דייאקזוטי משקה אנרגיה,בני פאוזי שמשום (2009) בעמ,,,יח`,2.50,"100 מ""ל",false,1,3.90,1.44,true,1,
5904941751920,false,בלו דיי משקה אנרגיה,בני פאוזי שמשום (2009) בעמ,,,יח`,2.50,"100 מ""ל",false,1,3.90,1.44,true,1,
5904941752262,false,בלו לימון סיקס ללס 250 מל,בני פאוזי שמשום (2009) בעמ,,,יח`,2.50,"100 מ""ל",false,1,2.90,1.04,true,1,
5906485301012,false,משקה אנרגיה אקסל (250 מל),טמפו משקאות בעמ,,,יח`,2.50,"100 מ""ל",false,1,4.90,1.84,true,1,
5997010302017,false,מחית לגולש 70 גר` תבליני טעם וריח,תבליני טעם וריח בעמ,,,יח`,0.70,100 גרם,false,1,11.90,17,true,1,
5997321701806,false,קלגון 1  קג`- אבקת אבנית,רקיט בנקיזר (ניר איסט) בעמ,,,יח`,1,"ק""ג",false,1,29.90,29.90,false,1,
6008165271192,false,פאל מאל אדום ארוך בודד,גלוברנדס בעמ - שיווק סיגריות,,,יח`,1,,false,1,30,30,true,1,
6009188004828,false,קיט קאט צ`אנקי לבן 40 גר`,קבוצת אסם סחר שות. מוגבלת,,,יח`,0.40,100 גרם,false,1,2.90,7.25,false,1,
6901022100409,false,ג`ינג`ר כתוש טרי לירון,ביג פוד כחול לבן בעמ*שיק 30 יו,,,יח`,1,100 גרם,false,1,5,5,false,1,
6901022100416,false,שום כתוש טרי לירון,ביג פוד כחול לבן בעמ*שיק 30 יו,,,יח`,1,100 גרם,false,1,5,5,false,1,
7038513866311,false,גורדן מברשת שיניים לילדים 3-5 סטפ 2,דנשר (1963) בעמ,,,יח`,1,,false,1,10.90,10.90,true,1,
7038513866328,false,גורדן מברשת שיניים לילדים 6-8 סטפ 3,דנשר (1963) בעמ,,,יח`,1,,false,1,10.90,10.90,true,1,
7038516140357,false,מברשת שיניים ג`ורדן טוטאל רביעייה,דנשר (1963) בעמ,,,יח`,1,,false,1,19.90,19.90,true,1,
7038516140418,false,מברשת שיניים ג`ורדן טוטאל רביעייה,דנשר (1963) בעמ,,,יח`,1,,false,1,19.90,19.90,true,1,
7290000000374,false,פטריות שמפיניון א.א,חוות השמפיניון בעמ,,,יח`,1,,false,1,9.90,9.90,true,1,
7290000023083,false,ערק אשקלון (700 מל),טמפו משקאות בעמ,,,יח`,7,"100 מ""ל",false,1,49.90,7.09,false,1,
7290000023809,false,קלאסיק קברנה סובניון יקבי ברקן (750 מל),טמפו משקאות בעמ,,,יח`,7.50,"100 מ""ל",false,1,32.90,4.35,true,1,
7290000040042,false,יוגורט ביו 3% תות יופלה (150 גרם),תנובה - חלב,,,יח`,1.50,"100 מ""ל",false,1,4.90,3.27,false,1,
7290000040066,false,יופלה דובדבן 3%,תנובה - חלב,,,יח`,1.50,"100 מ""ל",false,1,4.90,3.27,false,1,
7290000040080,false,יוגורט ביו 3% אפרסק יופלה (150 גרם),תנובה - חלב,,,יח`,1.50,"100 מ""ל",false,1,4.90,3.27,false,1,
7290000040301,false,גבינת קממבר 24% עין גדי (125  גרם)קולקשי,תנובה - חלב,,,יח`,1.25,100 גרם,false,1,17.80,14.24,false,1,
7290000040462,false,גבינת טוסטי,תנובה - חלב,,,יח`,2,100 גרם,false,1,17.90,8.95,false,1,
7290000040974,false,חלב 2% דל לקטוז בקרטון תנובה (1 ליטר),תנובה - חלב,,,יח`,1,1 ליטר,false,1,7,7,false,1,
7290000041407,false,גיל 125 גרם,תנובה - חלב,,,יח`,1.25,"100 מ""ל",false,1,0.95,0.76,false,1,
7290000041858,false,שמנת חמוצה מעושר 15% יטבתה (200 מל),שטראוס גרופ בעמ/מצונן,,,יח`,2,"100 מ""ל",false,1,2.50,1.25,false,1,
7290000042015,false,חלב 3% בשקית בדצ תנובה (1  ליטר)פיקוח,תנובה - חלב,,,יח`,1,1 ליטר,false,1,5.43,5.43,false,1,
7290000042435,false,חלב דל שומן 1% בקרטון תנובה (1  ליטר)פיק,תנובה - חלב,,,יח`,10,"100 מ""ל",false,1,5.86,0.59,false,1,
7290000042442,false,חלב 3% בקרטון תנובה (1  ליטר)פיקוח,תנובה - חלב,,,יח`,10,"100 מ""ל",false,1,6.23,0.62,false,1,
7290000042855,false,שוקו שקית,שטראוס גרופ בעמ/מצונן,,,יח`,2.25,"100 מ""ל",false,1,2.50,1.11,false,1,
7290000043814,false,השף הלבן שמנת עמיד 38% קר 250,תנובה - חלב,,,יח`,2.50,"100 מ""ל",false,1,6.47,2.59,false,1,
7290000043890,false,רויון 1.5% תנובה (1 ליטר),תנובה - חלב,,,יח`,1,1 ליטר,false,1,11.50,11.50,false,1,
7290000044712,false,יוגורט עם תות 1.5% פרילי (500 גרם),תנובה - חלב,,,יח`,5,"100 מ""ל",false,1,10.90,2.18,false,1,
7290000045580,false,גבינת חורש,תנובה - חלב,,,יח`,2.40,100 גרם,false,1,17.90,7.46,false,1,
7290000046020,false,גבינת גלבוע 22% תנובה,תנובה - חלב,,,"ק""ג",10,100 גרם,true,1,42.58,4.26,false,1,
7290000046327,false,גבינה צהובה 22% גלבוע (200 גרם),תנובה - חלב,,,יח`,2,100 גרם,false,1,12.90,6.45,false,1,
7290000046563,false,קולאג 23% פרמזן חריץ תנובה,תנובה - חלב,,,"ק""ג",10,100 גרם,true,1,113,11.30,false,1,
7290000047034,false,רוקפור (26% גליל) חריץ תנובה,תנובה - חלב,,,"ק""ג",10,100 גרם,true,1,122,12.20,false,1,
7290000047546,false,גבינה כנען 500,תנובה - חלב,,,יח`,5,100 גרם,false,1,23.90,4.78,false,1,
7290000047942,false,גבינה לבנה 250 גר 9%,תנובה - חלב,,,יח`,2.50,100 גרם,false,1,4.70,1.88,false,1,
7290000048185,false,גבינה לבנה 5% תנובה (250  גרם)פיקוח,תנובה - חלב,,,יח`,2.50,100 גרם,false,1,4.98,1.99,false,1,
7290000048192,false,גבינה לבנה 9% תנובה (250 גרם),תנובה - חלב,,,יח`,2.50,100 גרם,false,1,4.70,1.88,false,1,
7290000048413,false,גבינה חמד  (25016%  גרם)פיראוס תנובה,תנובה - חלב,,,יח`,2.50,100 גרם,false,1,17.90,7.16,false,1,
7290000048437,false,גבינת צפתית  (2005%  גרם)פיראוס תנובה,תנובה - חלב,,,יח`,2,100 גרם,false,1,14.90,7.45,false,1,
7290000049458,false,גבינה בולגרית עיזים  (25016%  גרם)פיראוס,תנובה - חלב,,,יח`,2.50,100 גרם,false,1,28.50,11.40,false,1,
7290000050447,false,יוגורט ביו 3% תות יופלה (500 גרם),תנובה - חלב,,,יח`,1,1 ליטר,false,1,12.90,12.90,false,1,
7290000050454,false,יוגורט ביו 3% אפרסק יופלה (500 גרם),תנובה - חלב,,,יח`,5,"100 מ""ל",false,1,12.90,2.58,false,1,
7290000051352,false,חלב של פעם 3.8% בקרטון תנובה (1 ליטר),תנובה - חלב,,,יח`,1,1 ליטר,false,1,7.50,7.50,false,1,
7290000051376,false,יופלה דיאט אננס 0%,תנובה - חלב,,,יח`,1.50,"100 מ""ל",false,1,4.90,3.27,false,1,
7290000051710,false,לאבנה עם שמן זית וזעתר 9% פיראוס תנובה,תנובה - חלב,,,יח`,2.63,100 גרם,false,1,13.80,5.25,false,1,
7290000052311,false,עמק פרוס בקופסא 200  גר`15% שומן,תנובה - חלב,,,יח`,2,100 גרם,false,1,16.10,8.05,false,1,
7290000052649,false,לאבנה אסלית  (5005%  גרם)פיראוס תנובה,תנובה - חלב,,,יח`,5,100 גרם,false,1,19.50,3.90,false,1,
7290000053219,false,טל העמק 32% צהובה,תנובה - חלב,,,"ק""ג",10,100 גרם,true,1,55,5.50,false,1,
7290000053981,false,מאגדת 8 גביעים 4 תות 4 אפרסק,תנובה - חלב,,,יח`,1.20,1 ליטר,false,1,27.90,23.25,false,1,
7290000055015,false,גבינת פטה כבשים  (2505%  גרם)פיראוס בולג,תנובה - חלב,,,יח`,2.50,100 גרם,false,1,26.50,10.60,false,1,
7290000055206,false,גבינה לבנה בטעם בצל מטוגן 5%,תנובה - חלב,,,יח`,2.50,100 גרם,false,1,5.70,2.28,false,1,
7290000055329,false,יופלה משקה יוגורט 250 מל תות מלון,תנובה - חלב,,,יח`,2.50,100 גרם,false,1,5.50,2.20,false,1,
7290000055336,false,יופלה משקה יוגורט 250 מל בננה אפרסק,תנובה - חלב,,,יח`,2.50,100 גרם,false,1,5.50,2.20,false,1,
7290000055343,false,משקה יוגורט 1.5% טרופי יופלה (250 גרם),תנובה - חלב,,,יח`,2.50,100 גרם,false,1,5.50,2.20,false,1,
7290000055350,false,עמק פיקוח 28% צהובה מעדנייה,תנובה - חלב,,,"ק""ג",10,100 גרם,true,1,44.79,4.48,false,1,
7290000055893,false,חמאה מהדרין תנובה (200  גרם)פיקוח,תנובה - חלב,,,יח`,1,,false,1,7.80,7.80,false,1,
7290000056081,false,מאגדת 6 פרילי טבע,תנובה - חלב,,,יח`,12,100 גרם,false,1,22.50,1.88,false,1,
7290000056845,false,חלב טרי 3% תנובה (1.5  ליטר)פיקוח,תנובה - חלב,,,יח`,1500,1 ליטר,false,1,9.35,0.01,false,1,
7290000056890,false,יופלה דיאט טעמים שונים 6+2 8*150 מל,תנובה - חלב,,,יח`,12,"100 מ""ל",false,1,29.90,2.49,false,1,
7290000056906,false,יופלה לבן שמינייה 1.5%,תנובה - חלב,,,יח`,12,"100 מ""ל",false,1,17.50,1.46,false,1,
7290000056951,false,שמנת עמידה לבישול 15% השף הלבן (500 מל),תנובה - חלב,,,יח`,5,"100 מ""ל",false,1,15.90,3.18,false,1,
7290000057088,false,גבינת עמק דק 200 גר,תנובה - חלב,,,יח`,2,100 גרם,false,1,16.30,8.15,false,1,
7290000057118,false,סמי עמק 400 גר,תנובה - חלב,,,יח`,4,100 גרם,false,1,20.90,5.23,false,1,
7290000057132,false,יוגורט ביו 1.5% תנובה (200 גרם),תנובה - חלב,,,יח`,2,100 גרם,false,1,3.20,1.60,false,1,
7290000057552,false,דיאט יופלה עוגת גבינה ותות,תנובה - חלב,,,יח`,1.50,100 גרם,false,1,4.90,3.27,false,1,
7290000058030,false,שטוזים משקה יוגורט תות יופלה (100x8 מל),תנובה - חלב,,,יח`,1,,false,1,20.90,20.90,false,1,
7290000058047,false,שמנת 38% 500 מל עם פקק פיקוח,תנובה - חלב,,,יח`,5,"100 מ""ל",false,1,12.94,2.59,false,1,
7290000058979,false,גיל בטעם תות,תנובה - חלב,,,יח`,1.25,"100 מ""ל",false,1,1.60,1.28,false,1,
7290000060088,false,בייגלה מקלות עם מלח אסם (400 גרם),קבוצת אסם סחר שות. מוגבלת,,,יח`,4,100 גרם,false,1,10.90,2.73,true,1,
7290000060156,false,אטריות ביצים דקות אסם (200 גרם),קבוצת אסם סחר שות. מוגבלת,,,יח`,2,100 גרם,false,1,7.90,3.95,true,1,
7290000060163,false,אטריות דקות אסם (400 גרם),קבוצת אסם סחר שות. מוגבלת,,,יח`,4,100 גרם,false,1,7.90,1.98,true,1,
7290000060200,false,פתיתים אפויים קוסקוס אסם (500 גרם),קבוצת אסם סחר שות. מוגבלת,,,יח`,5,100 גרם,false,1,6.90,1.38,true,1,
7290000060217,false,פסטה מקרוני מספר 7 אסם (500 גרם),קבוצת אסם סחר שות. מוגבלת,,,יח`,5,100 גרם,false,1,5.90,1.18,true,1,
7290000060316,false,ספגטי אסם פרפקטו (500 גרם),קבוצת אסם סחר שות. מוגבלת,,,יח`,5,100 גרם,false,1,7.90,1.58,false,1,
7290000060408,false,פתיתים אפויים טבעות אסם (500 גרם),קבוצת אסם סחר שות. מוגבלת,,,יח`,5,100 גרם,false,1,6.90,1.38,true,1,
7290000060576,false,פתיתים אפויים כוכבים אסם (500 גרם),קבוצת אסם סחר שות. מוגבלת,,,יח`,5,100 גרם,false,1,6.90,1.38,true,1,
7290000060781,false,פסטה מסולסלים אסם (500 גרם),קבוצת אסם סחר שות. מוגבלת,,,יח`,5,100 גרם,false,1,5.90,1.18,true,1,
7290000060828,false,פסטה קרניים בינוניות אסם (500 גרם),קבוצת אסם סחר שות. מוגבלת,,,יח`,5,100 גרם,false,1,5.90,1.18,true,1,
7290000060842,false,פסטה צדפים גדולים אסם (500 גרם),קבוצת אסם סחר שות. מוגבלת,,,יח`,5,100 גרם,false,1,5.90,1.18,true,1,
7290000060880,false,ספגטי אסם (500 גרם),קבוצת אסם סחר שות. מוגבלת,,,יח`,5,100 גרם,false,1,5.90,1.18,true,1,
7290000060903,false,פתיתים אפויים אורז אסם (500 גרם),קבוצת אסם סחר שות. מוגבלת,,,יח`,5,100 גרם,false,1,6.90,1.38,true,1,
7290000060958,false,אטריות מובחרות בינוניות אסם (400 גרם),קבוצת אסם סחר שות. מוגבלת,,,יח`,4,100 גרם,false,1,7.90,1.98,true,1,
7290000060965,false,אטריות רחבות אסם (400 גרם),קבוצת אסם סחר שות. מוגבלת,,,יח`,4,100 גרם,false,1,7.90,1.98,true,1,
7290000061061,false,קרקר בצל אסם (250 גרם),קבוצת אסם סחר שות. מוגבלת,,,יח`,2.50,100 גרם,false,1,10.90,4.36,true,1,
7290000061085,false,רוטב צ`ילי מתוק אסם (290 מל),קבוצת אסם סחר שות. מוגבלת,,,יח`,2.90,"100 מ""ל",false,1,11.90,4.10,true,1,
7290000061108,false,רוטב טריאקי אסם (290 מל),קבוצת אסם סחר שות. מוגבלת,,,יח`,2.90,"100 מ""ל",false,1,11.90,4.10,true,1,
7290000061214,false,פתיתים אפויים 500  גר`קוסקוס+בצל אסם,קבוצת אסם סחר שות. מוגבלת,,,יח`,5,100 גרם,false,1,6.90,1.38,true,1,
7290000061245,false,עוגיות שוקוצ`יפס,קבוצת אסם סחר שות. מוגבלת,,,יח`,2.20,100 גרם,false,1,10.90,4.95,true,1,
7290000061764,false,קפה רד מאג נסקפה (200 גרם),קבוצת אסם סחר שות. מוגבלת,,,יח`,2,100 גרם,false,1,18.90,9.45,false,1,
7290000062952,false,מיני קרוטונים למרק,קבוצת אסם סחר שות. מוגבלת,,,יח`,2.50,100 גרם,false,1,15.90,6.36,true,1,
7290000063102,false,קמח תופח אסם (350 גרם),קבוצת אסם סחר שות. מוגבלת,,,יח`,3.50,100 גרם,false,1,5,1.43,false,1,
7290000063133,false,שקדי מרק אסם (100 גרם),קבוצת אסם סחר שות. מוגבלת,,,יח`,1,100 גרם,false,1,5.90,5.90,false,1,
7290000063140,false,שקדי מרק אסם (400 גרם),קבוצת אסם סחר שות. מוגבלת,,,יח`,4,100 גרם,false,1,10.90,2.73,true,1,
7290000063157,false,קמח תופח אסם (1 קג),קבוצת אסם סחר שות. מוגבלת,,,יח`,1,"ק""ג",false,1,9.90,9.90,false,1,
7290000064758,false,קוסקוס בינוני אסם (350 גרם),קבוצת אסם סחר שות. מוגבלת,,,יח`,3.50,100 גרם,false,1,8.90,2.54,false,1,
7290000064871,false,מנה חמה פירה עם בצל אסם (56 גרם),קבוצת אסם סחר שות. מוגבלת,,,יח`,0.56,100 גרם,false,1,6.90,12.32,true,1,
7290000065090,false,מיני קרוטונים למרק וסלט,קבוצת אסם סחר שות. מוגבלת,,,יח`,4,100 גרם,false,1,22.80,5.70,false,1,
7290000065335,false,מנה חמה פירה עם ירקות אסם (55 גרם),קבוצת אסם סחר שות. מוגבלת,,,יח`,0.55,100 גרם,false,1,6.90,12.55,true,1,
7290000065557,false,מנה חמה קוסקוס עם ירקות אסם (84 גרם),קבוצת אסם סחר שות. מוגבלת,,,יח`,0.62,100 גרם,false,1,6.90,11.13,true,1,
7290000066141,false,ביסלי חטיף בטעם גריל אסם (70 גרם),קבוצת אסם סחר שות. מוגבלת,,,יח`,0.70,100 גרם,false,1,3.90,5.57,true,1,
7290000066196,false,ביסלי חטיף בטעם גריל אסם (200 גרם),קבוצת אסם סחר שות. מוגבלת,,,יח`,2,100 גרם,false,1,7.90,3.95,true,1,
7290000066226,false,ביסלי חטיף בטעם פיצה אסם (200 גרם),קבוצת אסם סחר שות. מוגבלת,,,יח`,2,100 גרם,false,1,7.90,3.95,true,1,
7290000066264,false,דובונים חטיף תפוחי אדמה אסם (40 גרם),קבוצת אסם סחר שות. מוגבלת,,,יח`,0.40,100 גרם,false,1,5,12.50,true,1,
7290000066318,false,במבה אסם (80 גרם),קבוצת אסם סחר שות. מוגבלת,,,יח`,0.80,100 גרם,false,1,4.30,5.38,true,1,
7290000066332,false,אפרופו חטיף תירס אסם (50 גרם),קבוצת אסם סחר שות. מוגבלת,,,יח`,0.50,100 גרם,false,1,5,10,true,1,
7290000066349,false,אפרופו חטיף תירס אסם (100 גרם),קבוצת אסם סחר שות. מוגבלת,,,יח`,1,100 גרם,false,1,8.90,8.90,false,1,
7290000066431,false,חטיף פופקו חמאה ודבש אסם (80 גרם),קבוצת אסם סחר שות. מוגבלת,,,יח`,0.80,100 גרם,false,1,5.50,6.88,true,1,
7290000067544,false,פירורית זהב אסם (200 גרם),קבוצת אסם סחר שות. מוגבלת,,,יח`,2,100 גרם,false,1,6.90,3.45,false,1,
7290000067599,false,מנה חמה ספגטי בולונז אסם (65 גרם),קבוצת אסם סחר שות. מוגבלת,,,יח`,0.65,100 גרם,false,1,6.90,10.62,true,1,
7290000067735,false,ניוקי בצקיות מקמח אסם פרפקטו (500 גרם),קבוצת אסם סחר שות. מוגבלת,,,יח`,5,100 גרם,false,1,12.90,2.58,false,1,
7290000068138,false,פודינג בטעם וניל 80  גר`אסם,קבוצת אסם סחר שות. מוגבלת,,,יח`,0.80,100 גרם,false,1,5.90,7.38,false,1,
7290000068299,false,מנה חמה פירה תפוא ופטריות,קבוצת אסם סחר שות. מוגבלת,,,יח`,0.62,100 גרם,false,1,7.90,12.74,true,1,
7290000068343,false,פריכונים מאורז מלא אסם (140 גרם),קבוצת אסם סחר שות. מוגבלת,,,יח`,1.40,100 גרם,false,1,7.90,5.64,true,1,
7290000068770,false,במבה יום הולדת אסם (80 גרם),קבוצת אסם סחר שות. מוגבלת,,,יח`,0.80,100 גרם,false,1,4.30,5.38,true,1,
7290000069609,false,חטיפי קרקר בטעם זעתר אסם (300 גרם),קבוצת אסם סחר שות. מוגבלת,,,יח`,3,100 גרם,false,1,11.90,3.97,true,1,
7290000069715,false,חטיפי קרקר מלוח אסם (300 גרם),קבוצת אסם סחר שות. מוגבלת,,,יח`,3,100 גרם,false,1,11.90,3.97,true,1,
7290000070308,false,מרק עוף אמיתי בשרי אסם (400 גרם),קבוצת אסם סחר שות. מוגבלת,,,יח`,4,100 גרם,false,1,20,5,false,1,
7290000070353,false,מרק בצל רכיבים טבעיים אסם (400 גרם),קבוצת אסם סחר שות. מוגבלת,,,יח`,4,100 גרם,false,1,24.90,6.23,true,1,
7290000070919,false,בייגלה רשתות עם מלח אסם (400 גרם),קבוצת אסם סחר שות. מוגבלת,,,יח`,4,100 גרם,false,1,12.90,3.23,true,1,
7290000071008,false,בייגלה שטוחים טבעות עם מלח אסם (60 גרם),קבוצת אסם סחר שות. מוגבלת,,,יח`,0.60,100 גרם,false,1,2.90,4.83,false,1,
7290000072067,false,במבה במילוי קרם חלבה אסם (60 גרם),קבוצת אסם סחר שות. מוגבלת,,,יח`,0.60,100 גרם,false,1,4.30,7.17,true,1,
7290000072623,false,קטשופ אסם (750 גרם),קבוצת אסם סחר שות. מוגבלת,,,יח`,7.50,100 גרם,false,1,10.90,1.45,true,1,
7290000072630,false,קטשופ חריף אסם (750 גרם),קבוצת אסם סחר שות. מוגבלת,,,יח`,7.50,100 גרם,false,1,11.90,1.59,false,1,
7290000072753,false,קפה טייסטרס צ`ויס נסקפה (200 גרם),קבוצת אסם סחר שות. מוגבלת,,,יח`,2,100 גרם,false,1,29.90,14.95,false,1,
7290000072784,false,טייסטר צ`ויס נטול 100 גר`,קבוצת אסם סחר שות. מוגבלת,,,יח`,1,100 גרם,false,1,27.90,27.90,false,1,
7290000072968,false,סיני מיניס בטעם קינמון נסטלה (500 גרם),קבוצת אסם סחר שות. מוגבלת,,,יח`,3.75,100 גרם,false,1,19.90,5.31,true,1,
7290000073125,false,מנה חמה פסטה ברוטב עגבניות אסם (62 גרם),קבוצת אסם סחר שות. מוגבלת,,,יח`,0.62,100 גרם,false,1,6.90,11.13,true,1,
7290000073415,false,מנה חמה פסטה ברוטב פיצה אסם (61 גרם),קבוצת אסם סחר שות. מוגבלת,,,יח`,0.61,100 גרם,false,1,6.90,11.31,true,1,
7290000073699,false,צבר חומוס 150 גר`,קבוצת אסם סחר שות. מוגבלת,,,יח`,1.50,100 גרם,false,1,4.50,3,false,1,
7290000073750,false,מנה חמה נודלס בטעם עוף אסם (70 גרם),קבוצת אסם סחר שות. מוגבלת,,,יח`,0.70,100 גרם,false,1,7.90,11.29,true,1,
7290000073767,false,מנה חמה נודלס בטעם בקר אסם (70 גרם),קבוצת אסם סחר שות. מוגבלת,,,יח`,0.70,100 גרם,false,1,7.90,11.29,true,1,
7290000073774,false,מנה חמה נודלס בטעם פיקנטי אסם (70 גרם),קבוצת אסם סחר שות. מוגבלת,,,יח`,0.76,100 גרם,false,1,7.90,10.39,true,1,
7290000074153,false,ביסקוויט פתי בר שוקולד אסם (500 גרם),קבוצת אסם סחר שות. מוגבלת,,,יח`,5,100 גרם,false,1,11.90,2.38,false,1,
7290000074184,false,ביסקוויט פתי בר אסם (500 גרם),קבוצת אסם סחר שות. מוגבלת,,,יח`,5,100 גרם,false,1,11.90,2.38,true,1,
7290000074245,false,קרם קרקר אסם (250 גרם),קבוצת אסם סחר שות. מוגבלת,,,יח`,2.50,100 גרם,false,1,9.90,3.96,true,1,
7290000074276,false,קרקר פיקנטי אסם (250 גרם),קבוצת אסם סחר שות. מוגבלת,,,יח`,2.50,100 גרם,false,1,10.90,4.36,true,1,
7290000074375,false,קרקר זהב אסם (150 גרם),קבוצת אסם סחר שות. מוגבלת,,,יח`,1.50,100 גרם,false,1,7.90,5.27,true,1,
7290000074481,false,קרקר לחמית אגוזים אסם (160 גרם),קבוצת אסם סחר שות. מוגבלת,,,יח`,1.60,100 גרם,false,1,10.90,6.81,true,1,
7290000074696,false,קרם קרקר אסם (1 קג),קבוצת אסם סחר שות. מוגבלת,,,יח`,1,"ק""ג",false,1,27.90,27.90,true,1,
7290000074764,false,קרקר זהב אסם (900 גרם),קבוצת אסם סחר שות. מוגבלת,,,יח`,9,100 גרם,false,1,27.90,3.10,true,1,
7290000075204,false,קרקר לחמית חיטה מלאה אסם (250 גרם),קבוצת אסם סחר שות. מוגבלת,,,יח`,2.50,100 גרם,false,1,8.90,3.56,true,1,
7290000075693,false,עוגת הבית שמרים בריוש שוקולד 360 גר`,קבוצת אסם סחר שות. מוגבלת,,,יח`,3.60,100 גרם,false,1,17.90,4.97,true,1,
7290000076126,false,בייגלה שמיניות עם מלח אסם (80 גרם),קבוצת אסם סחר שות. מוגבלת,,,יח`,0.80,100 גרם,false,1,2.90,3.63,false,1,
7290000076133,false,בייגלה שמיניות עם מלח אסם (400 גרם),קבוצת אסם סחר שות. מוגבלת,,,יח`,4,100 גרם,false,1,9.90,2.48,true,1,
7290000076645,false,טוסטעים חיטה מלאה אסם (100 גרם),קבוצת אסם סחר שות. מוגבלת,,,יח`,1,100 גרם,false,1,9.90,9.90,false,1,
7290000077017,false,קרמוגית משהו שוקולוד,קבוצת אסם סחר שות. מוגבלת,,,יח`,2,100 גרם,false,1,11.90,5.95,true,1,
7290000077253,false,קרקר לחמית כפרית אסם (190 גרם),קבוצת אסם סחר שות. מוגבלת,,,יח`,1.90,100 גרם,false,1,10.90,5.74,true,1,
7290000077925,false,טוסטעים צנימים מחיטה מלאה 125 גר`,קבוצת אסם סחר שות. מוגבלת,,,יח`,1.25,100 גרם,false,1,9.90,7.92,false,1,
7290000078212,false,קרוטונים מתובלים למרק אסם (250 גרם),קבוצת אסם סחר שות. מוגבלת,,,יח`,2.50,100 גרם,false,1,15.90,6.36,true,1,
7290000078762,false,פריכונים בדבש מאורז מלא אסם (80 גרם),קבוצת אסם סחר שות. מוגבלת,,,יח`,0.80,100 גרם,false,1,7.90,9.88,true,1,
7290000079233,false,קרם קרקר דל נתרן אסם (250 גרם),קבוצת אסם סחר שות. מוגבלת,,,יח`,2.50,100 גרם,false,1,10.90,4.36,true,1,
7290000081663,false,בייגלה טבעות עם שומשום אסם (300 גרם),קבוצת אסם סחר שות. מוגבלת,,,יח`,3,100 גרם,false,1,9.90,3.30,true,1,
7290000100135,false,פירות קפואים דובדבן 300  גר`סנפרוסט,תנובה קפואים,,,יח`,3,100 גרם,false,1,15.90,5.30,true,1,
7290000101927,false,אוכמניות כחולות מקופאים 300 גר סנפרוסט,תנובה קפואים,,,יח`,3,100 גרם,false,1,15.90,5.30,true,1,
7290000101934,false,מיקס פירות יער מוקפאים 300 גר סנפרוסט,תנובה קפואים,,,יח`,3,100 גרם,false,1,15.90,5.30,true,1,
7290000101941,false,אננס חתוך מוקפא סנפרוסט (300 גרם),תנובה קפואים,,,יח`,3,100 גרם,false,1,15.90,5.30,true,1,
7290000101958,false,מנגו חתוך מוקפא סנפרוסט (300 גרם),תנובה קפואים,,,יח`,3,100 גרם,false,1,15.90,5.30,true,1,
7290000103518,false,שעועית ירוקה שלמה 700  גר`בדצ סנפרוסט,תנובה קפואים,,,יח`,7,100 גרם,false,1,18.90,2.70,true,1,
7290000103846,false,מרק אפונה עשיר בירקות סנפרוסט (572 גרם),תנובה קפואים,,,יח`,5.72,100 גרם,false,1,18,3.15,true,1,
7290000104201,false,אפונה עדינה מוקפאת סנפרוסט (600 גרם),תנובה קפואים,,,יח`,6,100 גרם,false,1,18.90,3.15,true,1,
7290000104676,false,אפונה 800  גר`סנפרוסט,תנובה קפואים,,,יח`,8,100 גרם,false,1,16.90,2.11,true,1,
7290000104683,false,שעועית ירוקה שלמה סנפרוסט (800 גרם),תנובה קפואים,,,יח`,8,100 גרם,false,1,19.90,2.49,true,1,
7290000104690,false,גרעיני תירס מוקפאים סנפרוסט (800 גרם),תנובה קפואים,,,יח`,8,100 גרם,false,1,17.90,2.24,true,1,
7290000104713,false,פול ירוק 800  גר`סנפרוסט,תנובה קפואים,,,יח`,8,100 גרם,false,1,24.90,3.11,true,1,
7290000104720,false,שעועית ירוקה חתוכה סנפרוסט (800 גרם),תנובה קפואים,,,יח`,8,100 גרם,false,1,19.90,2.49,true,1,
7290000104737,false,שעועית צהובה 800  גר`סנפרוסט,תנובה קפואים,,,יח`,8,100 גרם,false,1,19.90,2.49,true,1,
7290000104744,false,כרובית מוקפאת סנפרוסט (800 גרם),תנובה קפואים,,,יח`,8,100 גרם,false,1,25,3.13,true,1,
7290000104799,false,שעועית לבנה מבושלת סנפרוסט (800 גרם),תנובה קפואים,,,יח`,8,100 גרם,false,1,19.90,2.49,true,1,
7290000104805,false,גרגרי חומוס מבושלים סנפרוסט (800 גרם),תנובה קפואים,,,יח`,8,100 גרם,false,1,19.90,2.49,true,1,
7290000104881,false,לקט אפונה וגזר מוקפאים סנפרוסט (800 גרם),תנובה קפואים,,,יח`,8,100 גרם,false,1,16.90,2.11,true,1,
7290000104911,false,לקט נורמנדי מוקפא סנפרוסט (800 גרם),תנובה קפואים,,,יח`,8,100 גרם,false,1,16.90,2.11,true,1,
7290000107165,false,חטיף סויה אדממה סנפרוסט (400 גרם),תנובה קפואים,,,יח`,4,100 גרם,false,1,14,3.50,true,1,
7290000107189,false,תחתיות ארטישוק סנפרוסט (400 גרם),תנובה קפואים,,,יח`,4,100 גרם,false,1,22.90,5.73,true,1,
7290000107295,false,ברוקולי סנפרוסט (800 גרם),תנובה קפואים,,,יח`,8,100 גרם,false,1,24.90,3.11,true,1,
7290000107677,false,שעועית צהובה עדינה שלמה 600  גר`סנפרוסט,תנובה קפואים,,,יח`,6,100 גרם,false,1,23,3.83,true,1,
7290000110844,false,כיפלי 70  גר`גריל,יוניליוור ישראל שיווק בעמ,,,יח`,0.70,100 גרם,false,1,5.90,8.43,true,1,
7290000111063,false,מיונז אמיתי תלמה (250 גרם),יוניליוור ישראל שיווק בעמ,,,יח`,2.50,100 גרם,false,1,5.90,2.36,true,1,
7290000111117,false,מרכך כביסה לבן בדין (4 ליטר),יוניליוור ישראל שיווק בעמ,,,יח`,4,1 ליטר,false,1,19.90,4.98,false,1,
7290000111186,false,מיונז אמיתי תלמה (500 גרם),יוניליוור ישראל שיווק בעמ,,,יח`,5,100 גרם,false,1,9.90,1.98,false,1,
7290000111353,false,מיונז אמיתי תלמה (1 קג),יוניליוור ישראל שיווק בעמ,,,יח`,1,"ק""ג",false,1,17.90,17.90,false,1,
7290000111360,false,חרדל אמיתי תלמה (250 גרם),יוניליוור ישראל שיווק בעמ,,,יח`,2.50,100 גרם,false,1,6.90,2.76,false,1,
7290000112220,false,בארכה טחינה 100% שומשום,קבוצת אסם סחר שות. מוגבלת,,,יח`,5,100 גרם,false,1,13.90,2.78,true,1,
7290000112619,false,מרק עוף אמיתי בשרי קנור (400 גרם),יוניליוור ישראל שיווק בעמ,,,יח`,4,100 גרם,false,1,25.90,6.48,true,1,
7290000114187,false,ניקוי כללי אורנים פנטסטיק סיף (4 ליטר),יוניליוור ישראל שיווק בעמ,,,יח`,4,"ק""ג",false,1,24.90,6.23,true,1,
7290000116204,false,מרק דגש זך טעם עוף קנור (1 קג),יוניליוור ישראל שיווק בעמ,,,יח`,1,"ק""ג",false,1,17.90,17.90,false,1,
7290000116884,false,רוטב ברביקיו קנור (300 מל),יוניליוור ישראל שיווק בעמ,,,יח`,3,"100 מ""ל",false,1,12.90,4.30,true,1,
7290000116921,false,רוטב צ`ילי מתוק קנור (300 מל),יוניליוור ישראל שיווק בעמ,,,יח`,3.40,"100 מ""ל",false,1,12.90,3.79,true,1,
7290000117720,false,מרק נמס בכוס פטריות קנור (21.5x2 גרם),יוניליוור ישראל שיווק בעמ,,,יח`,0.43,100 גרם,false,1,6.90,16.05,true,1,
7290000120836,false,מיונז אמיתי הלמנס (394 גרם),יוניליוור ישראל שיווק בעמ,,,יח`,4.33,100 גרם,false,1,12.90,2.98,true,1,
7290000120874,false,מיונז לייט הלמנס (424 גרם),יוניליוור ישראל שיווק בעמ,,,יח`,4.76,100 גרם,false,1,12.90,2.71,true,1,
7290000121154,false,מון בלאן סלמון,נטו מלינדה סחר בעמ,,,יח`,1.20,100 גרם,false,1,13.90,11.58,true,1,
7290000129457,false,רוטב פטריות קנור (28 גרם),יוניליוור ישראל שיווק בעמ,,,יח`,0.28,100 גרם,false,1,4.90,17.50,true,1,
7290000129785,false,מרכך כביסה ירוק בדין (4 ליטר),יוניליוור ישראל שיווק בעמ,,,יח`,4,1 ליטר,false,1,19.90,4.98,false,1,
7290000134307,false,קינמון טחון 50 גר`,תבליני טעם וריח בעמ,,,יח`,0.50,100 גרם,false,1,6.90,13.80,false,1,
7290000134338,false,שום אבקה 90 גר`,תבליני טעם וריח בעמ,,,יח`,0.90,100 גרם,false,1,9.90,11,true,1,
7290000134666,false,רוזמרין 15 גר`,תבליני טעם וריח בעמ,,,יח`,0.15,100 גרם,false,1,6.90,46,false,1,
7290000134680,false,קימל שלם 40 גר`,תבליני טעם וריח בעמ,,,יח`,0.40,100 גרם,false,1,6.90,17.25,false,1,
7290000134758,false,תיבול לתפוא 100 גר`,תבליני טעם וריח בעמ,,,יח`,1,100 גרם,false,1,9.90,9.90,true,1,
7290000134826,false,זעתר מעורב 100 גר`,תבליני טעם וריח בעמ,,,יח`,1,100 גרם,false,1,9.90,9.90,true,1,
7290000134833,false,כמון טחון 100 גר`,תבליני טעם וריח בעמ,,,יח`,1,100 גרם,false,1,9.90,9.90,true,1,
7290000134840,false,כורכום טחון 100 גר`,תבליני טעם וריח בעמ,,,יח`,1,100 גרם,false,1,9.90,9.90,true,1,
7290000134857,false,פפריקה מתוקה 100 גר`,תבליני טעם וריח בעמ,,,יח`,1,100 גרם,false,1,9.90,9.90,true,1,
7290000134871,false,פלפל שחור טחון 100 גר`,תבליני טעם וריח בעמ,,,יח`,1,100 גרם,false,1,12.90,12.90,true,1,
7290000134987,false,פלפל שחור גרוס 90 גר`,תבליני טעם וריח בעמ,,,יח`,0.90,100 גרם,false,1,12.90,14.33,true,1,
7290000134994,false,טימין 20 גר`,תבליני טעם וריח בעמ,,,יח`,0.20,100 גרם,false,1,6.90,34.50,false,1,
7290000135052,false,משקה אנרגיה מנגו אקסל (250  מל)TEN,טמפו משקאות בעמ,,,יח`,2.50,"100 מ""ל",false,1,4.90,1.84,true,1,
7290000135595,false,פפסי מקס דובדבן 1.5 ליטר,טמפו משקאות בעמ,,,יח`,15,"100 מ""ל",false,1,8.20,0.55,false,1,
7290000136141,false,פפסי 1.5 ליטר,טמפו משקאות בעמ,,,יח`,1.50,1 ליטר,false,1,8.90,5.73,true,1,
7290000136158,false,פפסי מקס 1.5 ליטר,טמפו משקאות בעמ,,,יח`,1.50,1 ליטר,false,1,8.50,5.47,true,1,
7290000136165,false,מירנדה 1.5 ליטר,טמפו משקאות בעמ,,,יח`,1.50,1 ליטר,false,1,8.90,5.73,true,1,
7290000136172,false,סבן אפ 1.5 ליטר,טמפו משקאות בעמ,,,יח`,1.50,1 ליטר,false,1,8.90,5.73,true,1,
7290000136189,false,סבן אפ דיאט 1.5 ליטר,טמפו משקאות בעמ,,,יח`,1.50,1 ליטר,false,1,7.90,5.07,true,1,
7290000136240,false,סודה טמפו 1.5 ליטר,טמפו משקאות בעמ,,,יח`,1.50,1 ליטר,false,1,3,1.80,false,1,
7290000136455,false,ג`אמפ בטעם אשכוליות 1.5 ליטר,טמפו משקאות בעמ,,,יח`,1.50,1 ליטר,false,1,7.20,4.60,true,1,
7290000136523,false,ג`אמפ בטעם ענבים 1.5 ליטר,טמפו משקאות בעמ,,,יח`,1.50,1 ליטר,false,1,7.20,4.60,true,1,
7290000136646,false,בירה שחורה נשר מאלט (1.5 ליטר),טמפו משקאות בעמ,,,יח`,1.50,1 ליטר,false,1,8.90,5.73,true,1,
7290000136653,false,בירה שחורה דיאט נשר מאלט (1.5 ליטר),טמפו משקאות בעמ,,,יח`,15,"100 מ""ל",false,1,8.90,0.57,false,1,
7290000136776,false,פפסי מקס 1.5 ליטר שישיה,טמפו משקאות בעמ,,,יח`,9,1 ליטר,false,1,37.90,4.01,false,1,
7290000136783,false,מירנדה 1.5 ליטר שישייה,טמפו משקאות בעמ,,,יח`,9,1 ליטר,false,1,41.30,4.39,false,1,
7290000136790,false,סודה טמפו 1.5 ליטר שישייה,טמפו משקאות בעמ,,,יח`,9,1 ליטר,false,1,17.90,1.79,false,1,
7290000136844,false,אקווה נובה 2 ליטר שישיה,טמפו משקאות בעמ,,,יח`,12,1 ליטר,false,1,12.90,0.93,false,1,
7290000136868,false,סאן בנדטו 1.5 ליטר שישייה,טמפו משקאות בעמ,,,יח`,9,1 ליטר,false,1,18.90,1.90,true,1,
7290000137643,false,מאגדת-טעמקור 8 יח`,גלידות שטראוס בעמ,,,יח`,1,,false,1,37.90,37.90,false,1,
7290000143200,false,מרכך לשיער יבש הוואי (700 מל),הנקל סוד בעמ,,,יח`,7,"100 מ""ל",false,1,8.90,1.27,false,1,
7290000143217,false,הוואי שמפו לשיער יבש700 מל כחול,הנקל סוד בעמ,,,יח`,7,"100 מ""ל",false,1,8.90,1.27,false,1,
7290000143255,false,הוואי שמפו לשיער רגיל 700 מל ירוק,הנקל סוד בעמ,,,יח`,7,"100 מ""ל",false,1,8.90,1.27,false,1,
7290000143286,false,הוואי מרכך לשיער רגיל 700 מל ירוק,הנקל סוד בעמ,,,יח`,7,"100 מ""ל",false,1,8.90,1.27,false,1,
7290000143293,false,הוואי מרכך 700 מל ילדים,הנקל סוד בעמ,,,יח`,7,"100 מ""ל",false,1,8.90,1.27,false,1,
7290000144467,false,שמן חמניות מזוכך עץ הזית (1 ליטר),סוגת תעשיות בעמ,,,יח`,1,1 ליטר,false,1,16.90,16.90,true,1,
7290000144474,false,שמן קנולה מזוכך עץ הזית (1 ליטר),סוגת תעשיות בעמ,,,יח`,1,1 ליטר,false,1,15.90,15.90,true,1,
7290000146645,false,הוואי סבון מוצק שחור מסתורי 100  גר`רביע,הנקל סוד בעמ,,,יח`,4,100 גרם,false,1,11.90,2.98,false,1,
7290000146652,false,הוואי סבון מוצק ורוד 100  גר`רביעייה,הנקל סוד בעמ,,,יח`,4,100 גרם,false,1,11.90,2.98,false,1,
7290000146683,false,הוואי סבון מוצק 100  גר`רביעייה,הנקל סוד בעמ,,,יח`,4,100 גרם,false,1,11.90,2.98,false,1,
7290000148489,false,גרעיני דלעת שקית 200 גר`,ליימן שליסל בעמ,,,יח`,2,100 גרם,false,1,8.90,4.45,false,1,
7290000148618,false,קשיו מטוגן שקית 200 גר,ליימן שליסל בעמ,,,יח`,2,100 גרם,false,1,17.90,8.95,true,1,
7290000149615,false,סבון מוצק לתינוק נקה  (100x47 גרם),החברה הדרומית לשיווק בעמ,,,יח`,4,100 גרם,false,1,10.90,2.73,true,1,
7290000149905,false,טקסטיל שמפו נוזל,החברה הדרומית לשיווק בעמ,,,יח`,1,1 ליטר,false,1,12.90,12.90,false,1,
7290000158105,false,שניצל עוף מיני דיזוזאור 700  גר`עוף טוב,קבוצת אסם סחר שות. מוגבלת,,,יח`,7,100 גרם,false,1,34.90,4.99,true,1,
7290000169798,false,עוגי מופחת סוכר 500גר,יוניליוור ישראל שיווק בעמ,,,יח`,5,100 גרם,false,1,18.90,3.78,true,1,
7290000174723,false,שוקולית אבקת שוקו עלית (500 גרם),שטראוס גרופ בעמ,,,יח`,5,100 גרם,false,1,11.90,2.38,false,1,
7290000176062,false,קפה טורקי עלית (100 גרם),שטראוס גרופ בעמ,,,יח`,1,100 גרם,false,1,8.90,8.90,false,1,
7290000176079,false,קפה טורקי עם הל עלית (100 גרם),שטראוס גרופ בעמ,,,יח`,1,100 גרם,false,1,8.90,8.90,false,1,
7290000176116,false,קפה טורקי בוואקום עלית (1 קג),שטראוס גרופ בעמ,,,יח`,1,"ק""ג",false,1,74.90,74.90,false,1,
7290000176413,false,נס קפה קטן פח,שטראוס גרופ בעמ,,,יח`,0.50,100 גרם,false,1,9.90,19.80,false,1,
7290000176420,false,קפה נמס עלית (200 גרם),שטראוס גרופ בעמ,,,יח`,2,100 גרם,false,1,19.90,9.95,false,1,
7290000178707,false,חטיף צ`יפס בטעם טבעי תפוצ`יפס (50 גרם),שטראוס פריטו ליי בעמ,,,יח`,0.50,100 גרם,false,1,3.90,7.80,false,1,
7290000178721,false,חטיף צ`יפס בטעם טבעי תפוצ`יפס (200 גרם),שטראוס פריטו ליי בעמ,,,יח`,2,100 גרם,false,1,10.90,5.45,true,1,
7290000185224,false,סילאן לחיץ 650 גר,תה ויסוצקי (ישראל) בעמ,,,יח`,6.50,100 גרם,false,1,15.90,2.45,false,1,
7290000187921,false,נייר טואלט קלאסיק לבן לילי) (32,קימברלי קלארק ישראל שיווק בעמ,,,יח`,19.69,100 גרם,false,1,39.90,2.03,false,1,
7290000187938,false,נייר טואלט פסטל לילי 32 גלילים,קימברלי קלארק ישראל שיווק בעמ,,,יח`,1,,false,1,32.90,32.90,false,1,
7290000187952,false,נייר טואלט טריו לילי) (32,קימברלי קלארק ישראל שיווק בעמ,,,יח`,1,,false,1,44.90,44.90,false,1,
7290000188355,false,מגבת נייר ניקול) (6,קימברלי קלארק ישראל שיווק בעמ,,,יח`,1,,false,1,12.90,12.90,false,1,
7290000188553,false,מגן תחתון נורמל ביג קוטקס) (60,קימברלי קלארק ישראל שיווק בעמ,,,יח`,1,יח`,false,1,15.90,15.90,false,1,
7290000189192,false,מגבת רב שימושית ניקול,קימברלי קלארק ישראל שיווק בעמ,,,יח`,1,יח`,false,1,19.90,19.90,false,1,
7290000189598,false,מטליות לחות לניקוי כללי ניקול) (50,קימברלי קלארק ישראל שיווק בעמ,,,יח`,1,יח`,false,1,12.90,12.90,true,1,
7290000189734,false,מטליות לחות לניקוי פרקטים ניקול) (10,קימברלי קלארק ישראל שיווק בעמ,,,יח`,1,,false,1,22.90,22.90,true,1,
7290000190150,false,מפיות אירוח לילי סטייל ניקול) (20,קימברלי קלארק ישראל שיווק בעמ,,,יח`,1.02,100 גרם,false,1,9.90,9.71,false,1,
7290000190198,false,מטליות לניקוי וחיטוי ניקול,קימברלי קלארק ישראל שיווק בעמ,,,יח`,1,,false,1,11.90,11.90,true,1,
7290000191225,false,חיתולי ליטל בייביס שלב 2 האגיס) (44,קימברלי קלארק ישראל שיווק בעמ,,,יח`,1,,false,1,34.90,34.90,false,1,
7290000193014,false,מגן תחתון לילי) (50,קימברלי קלארק ישראל שיווק בעמ,,,יח`,1,,false,1,10.90,10.90,false,1,
7290000193083,false,תחבושות נובה-לי לילי) (28,קימברלי קלארק ישראל שיווק בעמ,,,יח`,1,,false,1,10.90,10.90,false,1,
7290000193205,false,תח`לילי נטורל לילה,קימברלי קלארק ישראל שיווק בעמ,,,יח`,1,יח`,false,1,15.90,15.90,false,1,
7290000193540,false,מגן תחתון נטורל לונג לילי) (52,קימברלי קלארק ישראל שיווק בעמ,,,יח`,1,יח`,false,1,15.90,15.90,false,1,
7290000193649,false,תחבושות נורמל עם כנפיים לילי) (24,קימברלי קלארק ישראל שיווק בעמ,,,יח`,1,יח`,false,1,15.90,15.90,false,1,
7290000193656,false,תחבושות נטורל סופר עם כנפיים לילי) (24,קימברלי קלארק ישראל שיווק בעמ,,,יח`,1,יח`,false,1,15.90,15.90,false,1,
7290000195216,false,ניקול נייר אפייה 50 דף בשקית,קימברלי קלארק ישראל שיווק בעמ,,,יח`,1,,false,1,9.90,9.90,false,1,
7290000195537,false,מגבוני האגיס דיילי קר ללא בישום 4*64,קימברלי קלארק ישראל שיווק בעמ,,,יח`,1,,false,1,19.90,19.90,false,1,
7290000196763,false,שקיות אשפה חזקות במיוחד 65x52 ניקול) (40,קימברלי קלארק ישראל שיווק בעמ,,,יח`,1,יח`,false,1,28.90,28.90,true,1,
7290000197081,false,ניילון נצמד ניקול 150 מטר סליידר,קימברלי קלארק ישראל שיווק בעמ,,,יח`,150,,false,1,36.90,0.25,true,1,
7290000197340,false,ניקול-רדיד אלומיניום זוג 45,קימברלי קלארק ישראל שיווק בעמ,,,יח`,1,יח`,false,1,19.90,19.90,true,1,
7290000197456,false,חיתולי פרידום דריי שלב 4 האגיס) (44,קימברלי קלארק ישראל שיווק בעמ,,,יח`,1,,false,1,41.90,41.90,false,1,
7290000197463,false,חיתולי פרידום דריי שלב +4 האגיס) (40,קימברלי קלארק ישראל שיווק בעמ,,,יח`,1,,false,1,41.90,41.90,false,1,
7290000197470,false,שקיות רב שימושיות ניקול) (250,קימברלי קלארק ישראל שיווק בעמ,,,יח`,200,יח`,false,1,14.90,0.07,false,1,
7290000197548,false,חיתולי פרידום דריי שלב 5 האגיס) (36,קימברלי קלארק ישראל שיווק בעמ,,,יח`,1,,false,1,41.90,41.90,false,1,
7290000197678,false,חיתולי פרידום דריי שלב 6 האגיס) (30,קימברלי קלארק ישראל שיווק בעמ,,,יח`,1,,false,1,41.90,41.90,false,1,
7290000197982,false,ניקול-רדיד עבה 7.5*45,קימברלי קלארק ישראל שיווק בעמ,,,יח`,2,יח`,false,1,24.90,12.45,true,1,
7290000199313,false,תחבושות קוטקס יאנג,קימברלי קלארק ישראל שיווק בעמ,,,יח`,1,,false,1,19.90,19.90,true,1,
7290000201818,false,טיטולי פרימיום שלב  (522יח),קימברלי קלארק ישראל שיווק בעמ,,,יח`,1,,false,1,39.90,39.90,true,1,
7290000201832,false,חיתולי פרימיום שלב 3 טיטולים) (50,קימברלי קלארק ישראל שיווק בעמ,,,יח`,1,,false,1,39.90,39.90,true,1,
7290000204086,false,כריות קרצוף סקוטש ניקול) (3,קימברלי קלארק ישראל שיווק בעמ,,,יח`,3,יח`,false,1,12.90,4.30,true,1,
7290000204147,false,כרית יפנית רביעייה ניקול,קימברלי קלארק ישראל שיווק בעמ,,,יח`,4,יח`,false,1,12.90,3.23,true,1,
7290000204215,false,כריות יפניות ניקול) (6,קימברלי קלארק ישראל שיווק בעמ,,,יח`,6,100 גרם,false,1,12.90,2.15,true,1,
7290000204239,false,ניקול מטליות רצפה רביעיה,קימברלי קלארק ישראל שיווק בעמ,,,יח`,4,יח`,false,1,13.90,3.48,true,1,
7290000204253,false,מטליות רב שימושיות לניקיון ניקול) (9,קימברלי קלארק ישראל שיווק בעמ,,,יח`,9,יח`,false,1,12.90,1.43,true,1,
7290000204512,false,מטליות לחות לרצפה בריח לימון 10 יח,קימברלי קלארק ישראל שיווק בעמ,,,יח`,1,,false,1,14.90,14.90,true,1,
7290000204611,false,ספוגית הקסם המקורית ניקול) (6,קימברלי קלארק ישראל שיווק בעמ,,,יח`,6,יח`,false,1,11.90,1.98,true,1,
7290000207063,false,רוטב עגבניות 240  גר`פריכוז יכין,זנלכל בעמ,,,יח`,2.40,100 גרם,false,1,4.90,2.04,false,1,
7290000207162,false,רוטב עגבניות 22% יכין (100 גרם),זנלכל בעמ,,,יח`,1,100 גרם,false,1,2.50,2.50,true,1,
7290000207438,false,עגבניות מקולפות חתוכות לקוביות,זנלכל בעמ,,,יח`,8,100 גרם,false,1,9.90,1.24,false,1,
7290000208022,false,עגבניות מרוסקות יכין (800 גרם),זנלכל בעמ,,,יח`,8,100 גרם,false,1,9.90,1.24,false,1,
7290000208077,false,אפונת גינה גדולה יכין (550 גרם),זנלכל בעמ,,,יח`,5.50,100 גרם,false,1,8.50,1.55,true,1,
7290000208114,false,אפונת גינה וגזר יכין (550 גרם),זנלכל בעמ,,,יח`,5.50,100 גרם,false,1,8.50,1.55,true,1,
7290000208138,false,סירופ דיאט בטעם ענבים יכין (1 ליטר),זנלכל בעמ,,,יח`,10,"100 מ""ל",false,1,16.90,1.69,false,1,
7290000208213,false,שעועית לבנה ברוטב עגבניות יכין (580 גרם),זנלכל בעמ,,,יח`,5.80,100 גרם,false,1,9.50,1.64,true,1,
7290000208312,false,גרעיני תירס מתוק יכין,זנלכל בעמ,,,יח`,4,100 גרם,false,1,6.50,1.63,true,1,
7290000208329,false,גרעיני תירס מתוק יכין (550 גרם),זנלכל בעמ,,,יח`,5.50,100 גרם,false,1,8.50,1.55,true,1,
7290000208336,false,רוטב עגבניות 22% יכין (240 גרם),זנלכל בעמ,,,יח`,2.40,100 גרם,false,1,4.50,1.88,true,1,
7290000208343,false,עגבניות מרוסקות עם שום יכין (800 גרם),זנלכל בעמ,,,יח`,8,100 גרם,false,1,9.90,1.24,false,1,
7290000208428,false,חומוס שלם יכין (550 גרם),זנלכל בעמ,,,יח`,5.50,100 גרם,false,1,9.50,1.73,true,1,
7290000208459,false,ירקות מעורבים יכין (550 גרם),זנלכל בעמ,,,יח`,5.50,100 גרם,false,1,9.90,1.80,false,1,
7290000208800,false,תירס קיד גרעיני תירס מתוק יכין (400 גרם),זנלכל בעמ,,,יח`,3.40,100 גרם,false,1,6.50,1.91,false,1,
7290000208893,false,תירס לייט יכין (400 גרם),זנלכל בעמ,,,יח`,3.40,100 גרם,false,1,6.50,1.91,true,1,
7290000208930,false,עגבניות מרוסקות עם שום יכין (240 גרם),זנלכל בעמ,,,יח`,2.40,100 גרם,false,1,5.50,2.29,false,1,
7290000209012,false,חומץ 5% יכין (1 ליטר),זנלכל בעמ,,,יח`,1,1 ליטר,false,1,6.90,6.90,true,1,
7290000209173,false,חומץ סינטטי 5% יכין (1 ליטר),זנלכל בעמ,,,יח`,10,100 גרם,false,1,4.90,0.49,false,1,
7290000209371,false,מארז גרעיני תירס מתוק יכין (200x3 גרם),זנלכל בעמ,,,יח`,6,100 גרם,false,1,14.90,2.48,false,1,
7290000209388,false,תירס לייט שלשות OZ6,זנלכל בעמ,,,יח`,1.65,100 גרם,false,1,14.90,9.03,false,1,
7290000209524,false,סירופ דיאט בטעם פטל יכין (1 ליטר),זנלכל בעמ,,,יח`,10,"100 מ""ל",false,1,16.90,1.69,false,1,
7290000209722,false,רוטב עגבניות 28% יכין (580  גרם)פריכוז,זנלכל בעמ,,,יח`,5.80,100 גרם,false,1,10.90,1.88,false,1,
7290000209906,false,עגבניות מרוסקות בצל 240  גר`יכין,זנלכל בעמ,,,יח`,2.40,100 גרם,false,1,5.50,2.29,false,1,
7290000209944,false,רוטב מתובל לשקשוקה יכין (240 גרם),זנלכל בעמ,,,יח`,2.40,100 גרם,false,1,5.50,2.29,false,1,
7290000209951,false,רוטב לפיצה יכין (240 גרם),זנלכל בעמ,,,יח`,2.40,100 גרם,false,1,5.50,2.29,false,1,
7290000209968,false,רוטב ללזניה יכין (240 גרם),זנלכל בעמ,,,יח`,2.40,100 גרם,false,1,5.50,2.29,false,1,
7290000211169,false,אורז בסגנון תאילנדי סוגת (1 קג),סוגת תעשיות בעמ,,,יח`,1,"ק""ג",false,1,6.90,6.90,true,1,
7290000211312,false,אורז מלא ארוך סוגת (1 קג),סוגת תעשיות בעמ,,,יח`,1,"ק""ג",false,1,7.90,7.90,false,1,
7290000211381,false,סוכר חום שקית 1 קג סוגת,סוגת תעשיות בעמ,,,יח`,1,"ק""ג",false,1,14.90,14.90,true,1,
7290000211442,false,אורז בסגנון פרסי קלאסי סוגת (1 קג),סוגת תעשיות בעמ,,,יח`,1,"ק""ג",false,1,10.90,10.90,false,1,
7290000211503,false,סוכר לבן סוגת (1 קג),סוגת תעשיות בעמ,,,יח`,1,"ק""ג",false,1,3.90,3.90,false,1,
7290000211985,false,אורז ריזוטו עגול סוגת (1 קג),סוגת תעשיות בעמ,,,יח`,1,"ק""ג",false,1,9.90,9.90,true,1,
7290000238029,false,בצק עלים מרודד מעדנות (1 קג),תנובה קפואים,,,יח`,10,100 גרם,false,1,21.90,2.19,true,1,
7290000238036,false,מלווח מעדנות (6  יח`- 700 גרם),תנובה קפואים,,,יח`,7,100 גרם,false,1,16.90,2.41,true,1,
7290000238173,false,בורקס גבינה מעדנות,תנובה קפואים,,,יח`,8,100 גרם,false,1,20.90,2.61,true,1,
7290000238180,false,בורקס תפוא מעדנות,תנובה קפואים,,,יח`,8,100 גרם,false,1,19.90,2.49,true,1,
7290000245072,false,מרכך כביסה בייבי סוד (4 ליטר),גורי שיווק בעמ,,,יח`,4,1 ליטר,false,1,16.90,4.23,false,1,
7290000245157,false,מרכך כביסה סוד סופט 4 ליטר לבן,גורי שיווק בעמ,,,יח`,4,1 ליטר,false,1,16.90,4.23,false,1,
7290000245287,false,אבקת כביסה פרסיל 1.250 קג`,גורי שיווק בעמ,,,יח`,1.25,"ק""ג",false,1,14.90,11.92,false,1,
7290000245294,false,פרסיל אבקת כביסה 2.5 קג`,גורי שיווק בעמ,,,יח`,2.50,"ק""ג",false,1,25.90,10.36,true,1,
7290000245782,false,מרכך כביסה ורוד סוד (4 ליטר),גורי שיווק בעמ,,,יח`,4,1 ליטר,false,1,16.90,4.23,false,1,
7290000245799,false,מרכך כביסה כחול סוד (4 ליטר),גורי שיווק בעמ,,,יח`,4,1 ליטר,false,1,16.90,4.23,false,1,
7290000253220,false,שוקולדצ`יפס לאפייה 260  גר`אופנהיימר,תה ויסוצקי (ישראל) בעמ,,,יח`,2.60,100 גרם,false,1,10.90,4.19,false,1,
7290000262239,false,נייר טואלט לב מולט) (48,קימברלי קלארק ישראל שיווק בעמ,,,יח`,27.70,100 גרם,false,1,39.90,1.44,false,1,
7290000263359,false,חיתולי ליטל בייביס שלב 1 האגיס) (40,קימברלי קלארק ישראל שיווק בעמ,,,יח`,1,,false,1,34.90,34.90,false,1,
7290000264752,false,זוג רדיד אלומניום בעיצוב מיוחד,קימברלי קלארק ישראל שיווק בעמ,,,יח`,1,,false,1,10.90,10.90,false,1,
7290000272696,false,מיץ לימון משומר עסיס (1 ליטר),קבוצת אסם סחר שות. מוגבלת,,,יח`,1,1 ליטר,false,1,9.90,9.90,false,1,
7290000272726,false,חומץ 5% עסיס (1 ליטר),קבוצת אסם סחר שות. מוגבלת,,,יח`,1,1 ליטר,false,1,7.90,7.90,false,1,
7290000284354,false,ספרייט 1.5 ליטר,החברה המרכזית להפצת משקאות בעמ,,,יח`,1.50,1 ליטר,false,1,6.90,4.60,false,1,
7290000286228,false,כרית יפנית סנו סושי) (6,החברה הדרומית לשיווק בעמ,,,יח`,6,יח`,false,1,11.90,1.98,true,1,
7290000286297,false,אנטי קאלק מסיר אבן מקומקום,החברה הדרומית לשיווק בעמ,,,יח`,7,"100 מ""ל",false,1,9.90,1.41,false,1,
7290000286549,false,מטלית לכל סנו סושי) (9,החברה הדרומית לשיווק בעמ,,,יח`,9,יח`,false,1,11.90,1.32,true,1,
7290000286761,false,ניילון נצמד סנו סושי (30x2 מטר),החברה הדרומית לשיווק בעמ,,,יח`,1,,false,1,11.90,11.90,true,1,
7290000287102,false,שמפו שטיחים ספריי סנו (600 מל),החברה הדרומית לשיווק בעמ,,,יח`,6,"100 מ""ל",false,1,19.90,3.32,false,1,
7290000287430,false,סנובון לאסלה לימון סנו (55x3 גרם),החברה הדרומית לשיווק בעמ,,,יח`,1.65,100 גרם,false,1,11.90,7.21,true,1,
7290000288024,false,אקונומיקה ז`אוול לימון סנו (4 ליטר),החברה הדרומית לשיווק בעמ,,,יח`,40,"100 מ""ל",false,1,16.90,0.42,false,1,
7290000288048,false,ז`אוול מרסס לניקוי כללי לבנדר סנו (1 ליט,החברה הדרומית לשיווק בעמ,,,יח`,1,1 ליטר,false,1,18.90,18.90,true,1,
7290000288079,false,לימון 2 ליטר JAVEL אקונומיקה,החברה הדרומית לשיווק בעמ,,,יח`,2,1 ליטר,false,1,9.90,4.95,false,1,
7290000288109,false,סנו מקסימה 1.25 קג`,החברה הדרומית לשיווק בעמ,,,יח`,1.25,"ק""ג",false,1,13.90,11.12,true,1,
7290000288390,false,קוטל זבובים יתושים קיי 600 סנו (500 מל),החברה הדרומית לשיווק בעמ,,,יח`,4.75,"100 מ""ל",false,1,21.90,4.61,false,1,
7290000288642,false,סנו מקסימה4 ליטר ורוד פסים,החברה הדרומית לשיווק בעמ,,,יח`,4,1 ליטר,false,1,19.90,4.98,false,1,
7290000288840,false,מים מזוקקים 2 ליטר לגיהוץ,החברה הדרומית לשיווק בעמ,,,יח`,2,1 ליטר,false,1,12.90,6.45,false,1,
7290000289069,false,סנו ז`אוול מרסס 1 ליטר,החברה הדרומית לשיווק בעמ,,,יח`,1,1 ליטר,false,1,18.90,18.90,true,1,
7290000289380,false,ז`אוול מונטבלאן ג`ל לאסלות סנו (750 מל),החברה הדרומית לשיווק בעמ,,,יח`,7.50,"100 מ""ל",false,1,10.90,1.45,false,1,
7290000289472,false,סושי שקיות אשפה גדולות 50 יח`,החברה הדרומית לשיווק בעמ,,,יח`,1,,false,1,17.90,17.90,false,1,
7290000289496,false,קרם לניקוי כללי לימון סנו (750 מל),החברה הדרומית לשיווק בעמ,,,יח`,7.50,"100 מ""ל",false,1,10.90,1.45,false,1,
7290000292311,false,פוליויקס 2 ליטר,החברה הדרומית לשיווק בעמ,,,יח`,2,1 ליטר,false,1,20.90,10.45,false,1,
7290000292687,false,סנובון לאסלה קלאסיק כחול סנו (55x3 גרם),החברה הדרומית לשיווק בעמ,,,יח`,1.65,100 גרם,false,1,17.90,10.85,true,1,
7290000292915,false,רסס ונגב לניקוי כללי תרסיס סנו (750 מל),החברה הדרומית לשיווק בעמ,,,יח`,7.50,"100 מ""ל",false,1,14.90,1.99,true,1,
7290000293073,false,סנו מקסימה4 ליטר לבן,החברה הדרומית לשיווק בעמ,,,יח`,4,1 ליטר,false,1,19.90,4.98,false,1,
7290000293516,false,סופג לחות בקופסא סנו,החברה הדרומית לשיווק בעמ,,,יח`,3.40,"100 מ""ל",false,1,26.90,7.91,true,1,
7290000294780,false,אקונומיקה ז`אוול סמיכה סנו (4 ליטר),החברה הדרומית לשיווק בעמ,,,יח`,40,"100 מ""ל",false,1,16.90,0.42,false,1,
7290000295121,false,מטלית ריצפה זיגזג סנו סושי) (3,החברה הדרומית לשיווק בעמ,,,יח`,1,,false,1,10.90,10.90,true,1,
7290000295299,false,כרית יפנית לכלים אקטיב סנו סושי) (4,החברה הדרומית לשיווק בעמ,,,יח`,1,,false,1,10.90,10.90,true,1,
7290000295336,false,סנו מקסימה 1.25 קג`,החברה הדרומית לשיווק בעמ,,,יח`,1.25,"ק""ג",false,1,13.90,11.12,true,1,
7290000295404,false,שקיות אשפה לפח 65x54 סנו סושי) (60,החברה הדרומית לשיווק בעמ,,,יח`,1,,false,1,22.90,22.90,true,1,
7290000295503,false,שקיות סנדביצ`ים סנו סושי) (150x2,החברה הדרומית לשיווק בעמ,,,יח`,1,,false,1,14.90,14.90,false,1,
7290000295541,false,רב מגבת ג`מבו סנו סושי,החברה הדרומית לשיווק בעמ,,,יח`,3.90,100 גרם,false,1,19.90,5.10,true,1,
7290000295558,false,סושי רדיד אלומיניום צמד,החברה הדרומית לשיווק בעמ,,,יח`,1,,false,1,11.90,11.90,true,1,
7290000295565,false,סנו  סושי- רדיד אלומיניום צמד 7.5*45,החברה הדרומית לשיווק בעמ,,,יח`,1,,false,1,17.90,17.90,true,1,
7290000295794,false,ספוגיות אל חלד סנו) (3,החברה הדרומית לשיווק בעמ,,,יח`,1,,false,1,9.90,9.90,true,1,
7290000295824,false,רדיד אלומיניום 100 מטר סושי,החברה הדרומית לשיווק בעמ,,,יח`,1,,false,1,49.90,49.90,false,1,
7290000300900,false,טבעול-שניצל תירס 750 גרם,קבוצת אסם סחר שות. מוגבלת,,,יח`,7.50,100 גרם,false,1,24.90,3.32,false,1,
7290000307015,false,אפונה גדולה 550  גר`A2 פרי גליל,ויטה -פרי גליל (החדשה) בעמ,,,יח`,5.50,100 גרם,false,1,6.90,1.25,false,1,
7290000311203,false,וופל שוקולד מן (200 גרם),רוקחמן בעמ,,,יח`,2,100 גרם,false,1,4.90,2.45,false,1,
7290000311210,false,וופלים לימון מן (200 גרם),רוקחמן בעמ,,,יח`,2,100 גרם,false,1,4.90,2.45,false,1,
7290000311234,false,וופל 200  גר`וניל מן,רוקחמן בעמ,,,יח`,2,100 גרם,false,1,4.90,2.45,false,1,
7290000311258,false,ופל מן מצופה 250 גר מן,רוקחמן בעמ,,,יח`,2.50,100 גרם,false,1,6.50,2.60,true,1,
7290000311272,false,וופל 180  גר`חלבה מן,רוקחמן בעמ,,,יח`,1.80,100 גרם,false,1,4.90,2.72,false,1,
7290000311319,false,וופלים מצופים מן (1 קג),רוקחמן בעמ,,,יח`,1,"ק""ג",false,1,25.90,25.90,false,1,
7290000311357,false,וופל אגוזית 10יח*28גר מן,רוקחמן בעמ,,,יח`,2.80,100 גרם,false,1,11.90,4.25,false,1,
7290000311425,false,ופלים מצופים מן (22x10 גרם),רוקחמן בעמ,,,יח`,2,100 גרם,false,1,8.90,4.45,false,1,
7290000311432,false,מן עוגיות גרנולה קינמון ללתס 200 גר`,רוקחמן בעמ,,,יח`,2,100 גרם,false,1,9.90,4.95,false,1,
7290000311463,false,מן עוגיות חיטה טעם חמאה ללתס 200 גר`,רוקחמן בעמ,,,יח`,2,100 גרם,false,1,9.90,4.95,false,1,
7290000311500,false,וופל שוקולד מן (500 גרם),רוקחמן בעמ,,,יח`,5,100 גרם,false,1,9.90,1.98,false,1,
7290000311517,false,וופלים 500 גר לימון מן,רוקחמן בעמ,,,יח`,5,100 גרם,false,1,9.90,1.98,false,1,
7290000311715,false,עוגיות כוכבים בטעם שוקולד מן (300 גרם),רוקחמן בעמ,,,יח`,3,100 גרם,false,1,7.90,2.63,true,1,
7290000311869,false,מן ופלים ללתס בטעם שוקולד,רוקחמן בעמ,,,יח`,1.80,100 גרם,false,1,8.90,4.94,false,1,
7290000311876,false,מן ופלים ללתס בטעם וניל,רוקחמן בעמ,,,יח`,1.80,100 גרם,false,1,8.90,4.94,false,1,
7290000313160,false,חברים זהבה 3 דובים שוקו,קבוצת אסם סחר שות. מוגבלת,,,יח`,2.50,100 גרם,false,1,7.90,3.16,false,1,
7290000313290,false,נודלס אטריות מסולסלות אסם (50x4 גרם),קבוצת אסם סחר שות. מוגבלת,,,יח`,2,100 גרם,false,1,9.90,4.95,false,1,
7290000315126,false,ציר עוף קנור (300 גרם),יוניליוור ישראל שיווק בעמ,,,יח`,3,100 גרם,false,1,25.90,8.63,true,1,
7290000318127,false,נקניקיות ביס יחיעם (380 גרם),מעדני יחיעם (1993) בעמ,,,יח`,3.80,100 גרם,false,1,10.90,2.87,false,1,
7290000318677,false,סלמי סרוולט יחיעם 150 גר`,מעדני יחיעם (1993) בעמ,,,יח`,1.50,100 גרם,false,1,24.90,16.60,false,1,
7290000318943,false,פסטרמה של פעם 200 גר.,מעדני יחיעם (1993) בעמ,,,יח`,2,100 גרם,false,1,24.90,12.45,false,1,
7290000319063,false,כתף בקר מפולפל 150  גר`יחיעם,מעדני יחיעם (1993) בעמ,,,יח`,1.50,100 גרם,false,1,24.90,16.60,false,1,
7290000319124,false,סלמי סרוולט יחיעם (250 גרם),מעדני יחיעם (1993) בעמ,,,יח`,2.50,100 גרם,false,1,34.90,13.96,false,1,
7290000319131,false,נקניקיות עוף 400 גר` יחיעם,מעדני יחיעם (1993) בעמ,,,יח`,4,100 גרם,false,1,10.90,2.73,true,1,
7290000319292,false,נקניקיות וינר 1 קג,מעדני יחיעם (1993) בעמ,,,יח`,10,100 גרם,false,1,19.90,1.99,false,1,
7290000319520,false,סלמי צרפתי יחיעם (100 גרם),מעדני יחיעם (1993) בעמ,,,יח`,1,100 גרם,false,1,19.90,19.90,false,1,
7290000319803,false,קבנוס קלאסי יחיעם (125 גרם),מעדני יחיעם (1993) בעמ,,,יח`,1.25,100 גרם,false,1,12.90,10.32,false,1,
7290000319834,false,קבנוס פפרוני יחיעם (125 גרם),מעדני יחיעם (1993) בעמ,,,יח`,1.25,100 גרם,false,1,12.90,10.32,false,1,
7290000339566,false,מרכך כביסה ורוד בדין (4 ליטר),יוניליוור ישראל שיווק בעמ,,,יח`,4,1 ליטר,false,1,19.90,4.98,false,1,
7290000342856,false,מרכך כביסה כחול בדין (4 ליטר),יוניליוור ישראל שיווק בעמ,,,יח`,4,1 ליטר,false,1,19.90,4.98,false,1,
7290000345055,false,תה ארל גריי ויסוצקי (100 גרם),תה ויסוצקי (ישראל) בעמ,,,יח`,1,100 גרם,false,1,13.90,13.90,false,1,
7290000345116,false,תה ירוק עלים ויסוצקי (125 גרם),תה ויסוצקי (ישראל) בעמ,,,יח`,1.25,100 גרם,false,1,14.90,11.92,false,1,
7290000345260,false,תה קלאסיק ויסוצקי) (25,תה ויסוצקי (ישראל) בעמ,,,יח`,0.3750,100 גרם,false,1,7.30,19.47,false,1,
7290000345307,false,תה ארל גריי ויסוצקי) (50,תה ויסוצקי (ישראל) בעמ,,,יח`,0.75,100 גרם,false,1,27.90,37.20,true,1,
7290000346120,false,תה קסם הקינמון ויסוצקי הגן הקסום) (25,תה ויסוצקי (ישראל) בעמ,,,יח`,0.6250,100 גרם,false,1,17.50,28,true,1,
7290000346137,false,תה הילולי פירות ויסוצקי הגן הקסום) (25,תה ויסוצקי (ישראל) בעמ,,,יח`,0.6250,100 גרם,false,1,17.50,28,true,1,
7290000346199,false,תה פירות היער ויסוצקי הגן הקסום) (25,תה ויסוצקי (ישראל) בעמ,,,יח`,0.6750,100 גרם,false,1,17.50,25.93,true,1,
7290000346205,false,תה קמומיל ויסוצקי הגן הקסום) (25,תה ויסוצקי (ישראל) בעמ,,,יח`,0.3750,100 גרם,false,1,17.50,46.67,true,1,
7290000347738,false,תה ירוק נענע ויסוצקי) (25,תה ויסוצקי (ישראל) בעמ,,,יח`,0.3750,100 גרם,false,1,24.90,66.40,true,1,
7290000347752,false,תה ירוק לימונית ולואיזה ויסוצקי) (25,תה ויסוצקי (ישראל) בעמ,,,יח`,1,,false,1,24.90,24.90,true,1,
7290000364261,false,סלסולי כתף בקר 120  גר`טירת צבי,תנובה קפואים,,,יח`,1.20,100 גרם,false,1,15.90,13.25,true,1,
7290000364278,false,סלסולי סלמי איטלקי 120  גר`טירת צבי,תנובה קפואים,,,יח`,1.20,100 גרם,false,1,15.90,13.25,true,1,
7290000364285,false,דקניקים סלסולי הודו טירת צבי (120 גרם),תנובה קפואים,,,יח`,1.20,100 גרם,false,1,15.90,13.25,true,1,
7290000364858,false,נקניקיות עוף טירת צבי (1 קג),תנובה קפואים,,,יח`,1,"ק""ג",false,1,23.90,23.90,true,1,
7290000364872,false,נקניקיות עוף טירת צבי (400 גרם),תנובה קפואים,,,יח`,4,100 גרם,false,1,13.90,3.48,true,1,
7290000367590,false,צמד כפרי 800  גר`טירת צבי,תנובה קפואים,,,יח`,8,100 גרם,false,1,34.90,4.36,true,1,
7290000377209,false,בוטנים מטוגנים קליית גת (200 גרם),ליימן שליסל בעמ,,,יח`,2,100 גרם,false,1,6.90,3.45,false,1,
7290000377445,false,נאש צ אנס שקית 200 גר,ליימן שליסל בעמ,,,יח`,2,100 גרם,false,1,7.90,3.95,false,1,
7290000408354,false,דנונה בר פיצפוצים,שטראוס גרופ בעמ/מצונן,,,יח`,1.73,"100 מ""ל",false,1,4.40,2.54,false,1,
7290000412481,false,נוזל לניקוי אסלות 00 סנו (1 ליטר),החברה הדרומית לשיווק בעמ,,,יח`,1,1 ליטר,false,1,7.90,7.90,true,1,
7290000416021,false,ממרח בטעם שוקולד השחר העולה (500 גרם),השחר העולה תעשית ממתקים בעמ,,,יח`,5,100 גרם,false,1,13.90,2.78,true,1,
7290000416045,false,ממרח בטעם שוקולד השחר העולה (1 קג),השחר העולה תעשית ממתקים בעמ,,,יח`,1,"ק""ג",false,1,24.90,24.90,true,1,
7290000416618,false,ממרח 400  גר`פרווה השחר,השחר העולה תעשית ממתקים בעמ,,,יח`,4,100 גרם,false,1,11.90,2.98,true,1,
7290000416632,false,ממרח פרווה 1  קג`השחר,השחר העולה תעשית ממתקים בעמ,,,יח`,1,"ק""ג",false,1,24.90,24.90,true,1,
7290000416809,false,ממרח חצי חצי 350  גר`השחר,השחר העולה תעשית ממתקים בעמ,,,יח`,3.50,100 גרם,false,1,11.90,3.40,true,1,
7290000416922,false,ממרח חלב 350  גר`השחר,השחר העולה תעשית ממתקים בעמ,,,יח`,3.50,100 גרם,false,1,11.90,3.40,true,1,
7290000419220,false,קפה שחור קפה לנדוור (100x3 גרם),ש.שסטוביץ בעמ,,,יח`,3,100 גרם,false,1,18.90,6.30,false,1,
7290000419374,false,קפה לנדוור לבוקר שלישיה,ש.שסטוביץ בעמ,,,יח`,3,100 גרם,false,1,18.90,6.30,false,1,
7290000419909,false,קפה לנדוור אספרסו קפה טחון 100,ש.שסטוביץ בעמ,,,יח`,1,100 גרם,false,1,7.90,7.90,false,1,
7290000420325,false,פופקורן פופסטאר חמישייה טבעי,דנשר (1963) בעמ,,,יח`,5,100 גרם,false,1,16.90,3.38,true,1,
7290000420332,false,פופקורן פופסטאר חמישייה חמאה,דנשר (1963) בעמ,,,יח`,5,100 גרם,false,1,16.90,3.38,true,1,
7290000420417,false,גלילונית לפח 60 יח`,דנשר (1963) בעמ,,,יח`,1,,false,1,19.90,19.90,true,1,
7290000432359,false,נר זכרון לשבוע נר ציון,פאלאס תעשיות נטו (2014) בעמ,,,יח`,1,,false,1,12.90,12.90,false,1,
7290000446523,false,חמאת בוטנים מתוקה בי   די (350 גרם),בטר אנד דיפרנט בעמ,,,יח`,3.50,100 גרם,false,1,13.90,3.97,false,1,
7290000446547,false,חמאת בוטנים טבעית בי   די (350 גרם),בטר אנד דיפרנט בעמ,,,יח`,3.50,100 גרם,false,1,13.90,3.97,false,1,
7290000446554,false,חמאת בוטנים טבעית בי   די (1 קג),בטר אנד דיפרנט בעמ,,,יח`,5.10,100 גרם,false,1,26.90,5.27,false,1,
7290000446776,false,אורז תפוח קל ללא סוכר בי   די (500 גרם),בטר אנד דיפרנט בעמ,,,יח`,5,100 גרם,false,1,18.90,3.78,false,1,
7290000450209,false,נתחי טונה בהירה בשמן פוסידון (108 גרם),נטו מלינדה סחר בעמ,,,יח`,1.08,100 גרם,false,1,6.50,6.02,false,1,
7290000453019,false,שמרים טריים שמרית (50 גרם),שטראוס גרופ בעמ/מצונן,,,יח`,0.50,100 גרם,false,1,4.50,9,false,1,
7290000453125,false,שמרים טריים ומשפר אפיה שמרית (50x2 גרם),שטראוס גרופ בעמ/מצונן,,,יח`,1,100 גרם,false,1,7.90,7.90,false,1,
7290000453415,false,בצק עלים מצונן ומוכן לאפייה 300 גר` שימר,שטראוס גרופ בעמ/מצונן,,,יח`,3,100 גרם,false,1,16.90,5.63,true,1,
7290000453422,false,בצק פילו מוכן לאפייה 300 גר` שימרית,שטראוס גרופ בעמ/מצונן,,,יח`,3,100 גרם,false,1,16.90,5.63,true,1,
7290000453798,false,שמרים אקטיבים שימרית 500 גר`,שטראוס גרופ בעמ,,,יח`,5,100 גרם,false,1,15.90,3.18,false,1,
7290000453866,false,נטורינה קוקוס 200  גר`שמרית,שטראוס גרופ בעמ/מצונן,,,יח`,2,100 גרם,false,1,7.40,3.70,false,1,
7290000461625,false,בייגלה שמונה שמונה 400 גר`,יוניליוור ישראל שיווק בעמ,,,יח`,4,100 גרם,false,1,10.90,2.73,true,1,
7290000461656,false,בייגלה אחד אחד 400 גר`,יוניליוור ישראל שיווק בעמ,,,יח`,4,100 גרם,false,1,10.90,2.73,true,1,
7290000462141,false,סחוג תימני,שטראוס גרופ בעמ/מצונן,,,יח`,1.50,100 גרם,false,1,7.90,5.27,false,1,
7290000462172,false,סחוג זחוק ירוק תימני חריף זהבי (150 גרם),שטראוס גרופ בעמ/מצונן,,,יח`,1.40,100 גרם,false,1,7.90,5.64,false,1,
7290000474090,false,חלב 1% בקרטון טרה (1  ליטר)פ,החב` המרכזית - טרה,,,יח`,1,1 ליטר,false,1,5.86,5.86,false,1,
7290000474373,false,שמנת חמוצה 15% טרה (200 מל),החב` המרכזית - טרה,,,יח`,2,"100 מ""ל",false,1,2.40,1.20,false,1,
7290000474502,false,גבינה לבנה 5% 250  גר`פיקוח,החב` המרכזית - טרה,,,יח`,2.50,100 גרם,false,1,4.98,1.99,false,1,
7290000474540,false,גבינת טוב טעם,החב` המרכזית - טרה,,,יח`,2.50,100 גרם,false,1,11.50,4.60,false,1,
7290000474830,false,גבינה צהובה מגורדת 28% נעם (500 גרם),החב` המרכזית - טרה,,,יח`,5,100 גרם,false,1,34.60,6.92,false,1,
7290000480107,false,שיבולת שועל קוואקר (500 גרם),שטראוס פריטו ליי בעמ,,,יח`,5,100 גרם,false,1,11.90,2.38,false,1,
7290000481029,false,10 פיתות בטעם ביתי דגנית עין בר,דגנית עין בר תעשיות מזון ואפיה,,,יח`,10,100 גרם,false,1,9.90,0.99,false,1,
7290000481074,false,לחם טריו 750  גר`דגנית עין בר,דגנית עין בר תעשיות מזון ואפיה,,,יח`,7.50,100 גרם,false,1,15.90,2.12,false,1,
7290000481531,false,לחמניות חיטה מלאה דגנית עין בר) (10,דגנית עין בר תעשיות מזון ואפיה,,,יח`,7.50,100 גרם,false,1,12.90,1.72,false,1,
7290000481883,false,לחמניות אצבע דגנית עין בר) (10,דגנית עין בר תעשיות מזון ואפיה,,,יח`,7.50,100 גרם,false,1,12.90,1.72,false,1,
7290000484716,false,אלוף הארק 50% 700 מל,יקב הגליל שיווק בעמ,,,יח`,7,"100 מ""ל",false,1,66.90,9.51,false,1,
7290000490601,false,מאגדת מצופה דיאט שמינייה,פלקו בעמ,,,יח`,4,100 גרם,false,1,29.90,7.48,false,1,
7290000490762,false,מאגדת מצופה דיאט שמינייה,פלקו בעמ,,,יח`,4,100 גרם,false,1,29.90,7.48,false,1,
7290000493176,false,רוטב צלי אסם (22 גרם),קבוצת אסם סחר שות. מוגבלת,,,יח`,0.22,100 גרם,false,1,4.90,22.27,false,1,
7290000493183,false,רוטב פטריות אסם (30 גרם),קבוצת אסם סחר שות. מוגבלת,,,יח`,0.30,100 גרם,false,1,4.90,16.33,false,1,
7290000497044,false,לחם אקטיב ברמן (750 גרם),י.את א. ברמן בעמ,,,יח`,7.50,100 גרם,false,1,15.90,2.12,false,1,
7290000497112,false,לחם אחיד כהה פרוס ברמן (750  גרם)פי,י.את א. ברמן בעמ,,,יח`,7.50,100 גרם,false,1,6.90,0.92,false,1,
7290000497136,false,חלה ארוזה .,י.את א. ברמן בעמ,,,יח`,5,100 גרם,false,1,9.90,1.98,false,1,
7290000497198,false,פיתות אסלי ברמן) (10,י.את א. ברמן בעמ,,,יח`,10,100 גרם,false,1,10.90,1.09,false,1,
7290000497228,false,לחמניות שישייה,י.את א. ברמן בעמ,,,יח`,4.50,100 גרם,false,1,10.90,2.42,false,1,
7290000497488,false,חלה פלוס  ברמן( 500 גרם),י.את א. ברמן בעמ,,,יח`,5,100 גרם,false,1,14.50,2.90,false,1,
7290000498393,false,חלה רגילה (500  גרם)פיקוח,י.את א. ברמן בעמ,,,יח`,5,100 גרם,false,1,4.90,0.98,false,1,
7290000498409,false,חלה מתוקה,י.את א. ברמן בעמ,,,יח`,5,100 גרם,false,1,9.90,1.98,false,1,
7290000504049,false,סוכרזית קלאסי) (1200,שטראוס גרופ בעמ,,,יח`,9.84,100 גרם,false,1,21.90,2.23,false,1,
7290000504278,false,סוכרזית פטנט) (700,שטראוס גרופ בעמ,,,יח`,5.74,100 גרם,false,1,13.90,2.42,false,1,
7290000521008,false,יין אדום יבש של סגל (750 מל),טמפו משקאות בעמ,,,יח`,7.50,"100 מ""ל",false,1,21.90,2.88,true,1,
7290000521015,false,יין לבן יבש של סגל (750 מל),טמפו משקאות בעמ,,,יח`,7.50,"100 מ""ל",false,1,21.90,2.88,true,1,
7290000523224,false,מלח ים יבש מלח הארץ (500 גרם),סוגת תעשיות בעמ,,,יח`,5,100 גרם,false,1,7.90,1.58,false,1,
7290000523514,false,מלח ים יבש מופחת נתרן מלח הארץ (250 גרם),סוגת תעשיות בעמ,,,יח`,2,100 גרם,false,1,10.50,5.25,false,1,
7290000523804,false,מלח עדין מלח הארץ (1 קג),סוגת תעשיות בעמ,,,יח`,1,"ק""ג",false,1,7.20,7.20,false,1,
7290000523811,false,מלח גס מלח הארץ (1 קג),סוגת תעשיות בעמ,,,יח`,1,"ק""ג",false,1,7.50,7.50,false,1,
7290000525969,false,מיץ תפוזים סחוט טבעי פרימור (1 ליטר),שטראוס גרופ בעמ/מצונן,,,יח`,1,1 ליטר,false,1,15.90,15.90,false,1,
7290000530109,false,קבנוס זוגלובק (180x2 גרם),זוגלובק שיווק בעמ,,,יח`,3.60,100 גרם,false,1,25.90,7.19,false,1,
7290000530116,false,נקניק סלמי בשן זוגלובק (470 גרם),זוגלובק שיווק בעמ,,,יח`,7,100 גרם,false,1,28.90,4.13,false,1,
7290000530413,false,המבורגר זהב,זוגלובק שיווק בעמ,,,יח`,4,100 גרם,false,1,19.90,4.98,false,1,
7290000530468,false,נקניקיות וניר 1  קג`זוגלובק,זוגלובק שיווק בעמ,,,יח`,1,"ק""ג",false,1,29.90,29.90,true,1,
7290000530598,false,נקניקיות וינר זוגלובק (500 גרם),זוגלובק שיווק בעמ,,,יח`,5,100 גרם,false,1,16.90,3.38,true,1,
7290000530604,false,גוליבר חריפות 400  גר`זוגלובק,זוגלובק שיווק בעמ,,,יח`,4,100 גרם,false,1,17.90,4.48,false,1,
7290000530703,false,מארז פסטרמה חרמון+תה,זוגלובק שיווק בעמ,,,יח`,8,100 גרם,false,1,33.90,4.24,true,1,
7290000531601,false,סטייק בורגר,זוגלובק שיווק בעמ,,,יח`,4,100 גרם,false,1,19.90,4.98,false,1,
7290000533353,false,בצק עלים זוגלובק 1 קג,זוגלובק שיווק בעמ,,,יח`,1,"ק""ג",false,1,19.90,19.90,false,1,
7290000536743,false,קריספי סטיקס תירס,זוגלובק שיווק בעמ,,,יח`,5,100 גרם,false,1,19.90,3.98,true,1,
7290000537566,false,נקניקיות עוף זוגלובק (400 גרם),זוגלובק שיווק בעמ,,,יח`,4,100 גרם,false,1,13.90,3.48,true,1,
7290000537603,false,נקניקיות עוף זוגלובק (1 קג),זוגלובק שיווק בעמ,,,יח`,1,"ק""ג",false,1,29.90,29.90,true,1,
7290000538709,false,תה מעושן 200,זוגלובק שיווק בעמ,,,יח`,2,100 גרם,false,1,14.90,7.45,false,1,
7290000552194,false,קישקע קפוא טיבון ויל (500 גרם),נטו מלינדה סחר בעמ,,,יח`,5,100 גרם,false,1,12.90,2.58,false,1,
7290000552569,false,סטייק בורגר 400  גר`טיבונוויל,נטו מלינדה סחר בעמ,,,יח`,4,100 גרם,false,1,20.90,5.23,true,1,
7290000554471,false,גבינה מוצרלה 22% גד (180 גרם),מחלבות גד שיווק 1992 בעמ,,,יח`,1.80,100 גרם,false,1,16.90,9.39,false,1,
7290000554532,false,גבינה צפתית מעודנת 5% גד (200 גרם),מחלבות גד שיווק 1992 בעמ,,,יח`,2,100 גרם,false,1,14.90,7.45,false,1,
7290000554600,false,מוצרלה מגורדת 22% גד (300 גרם),מחלבות גד שיווק 1992 בעמ,,,יח`,3,100 גרם,false,1,24.50,8.17,false,1,
7290000554686,false,לבנה בשמן  זית-גד- מדף,מחלבות גד שיווק 1992 בעמ,,,יח`,2.50,100 גרם,false,1,13.90,5.56,false,1,
7290000554815,false,גבינת מוצרלה נקניק מעדנייה גד,מחלבות גד שיווק 1992 בעמ,,,"ק""ג",10,100 גרם,true,1,80,8,false,1,
7290000554839,false,גבינת מסקרפונה 40% גד (250 גרם),מחלבות גד שיווק 1992 בעמ,,,יח`,2.50,100 גרם,false,1,21.90,8.76,false,1,
7290000560540,false,ג`ל גילוח לעור רגיש אדג` (198 גרם),דנשר (1963) בעמ,,,יח`,1.98,100 גרם,false,1,19.90,10.05,true,1,
7290000572208,false,חלבה וניל אחוה (100 גרם),אחדות בעמ,,,יח`,1,100 גרם,false,1,3.10,3.10,false,1,
7290000572222,false,חלבה וניל אחוה (500 גרם),אחדות בעמ,,,יח`,5,100 גרם,false,1,10.90,2.18,false,1,
7290000572819,false,טחינה גולמית אחוה (1 קג),אחדות בעמ,,,יח`,1,"ק""ג",false,1,20.90,20.90,true,1,
7290000574035,false,לחם אחיד פרוס דגנית עין בר (750 גרם),דגנית עין בר תעשיות מזון ואפיה,,,יח`,7.50,100 גרם,false,1,6.90,0.92,false,1,
7290000574141,false,לחם חיטה מלאה 750  גר`דגנית,דגנית עין בר תעשיות מזון ואפיה,,,יח`,7.50,100 גרם,false,1,14.90,1.99,false,1,
7290000574172,false,לחם קל חיטה מלאה 750  גר`דגנית,דגנית עין בר תעשיות מזון ואפיה,,,יח`,7.50,100 גרם,false,1,15.90,2.12,false,1,
7290000574455,false,לחם חיטה מלא+כוסמין  דגנית,דגנית עין בר תעשיות מזון ואפיה,,,יח`,7.50,100 גרם,false,1,14.50,1.93,false,1,
7290000599571,false,צמר פלדה 200  גר`shiny,מ.א.ייצור ויבוא מטליות בעמ,,,יח`,2,100 גרם,false,1,4.90,2.45,false,1,
7290000644783,false,פילה סלמון תנובה מנות,תנובה קפואים,,,"ק""ג",1,,true,1,89.90,89.90,false,1,
7290000652177,false,נתחי נסיכת הנילוס 100%  דג- תנובה,תנובה קפואים,,,"ק""ג",1,,true,1,59.90,59.90,false,1,
7290000654973,false,גזר ארוז,מפעלי יופי אגשח בעמ*שיק 45 יום,,,"ק""ג",1,,true,1,4.90,4.90,true,1,
7290000655376,false,פילה דניס קפוא בוואקום 100% דג תנובה,תנובה קפואים,,,"ק""ג",1,,true,1,89.90,89.90,false,1,
7290000662817,false,סלמון מעושן 100  גר`תנובה,תנובה - חלב,,,יח`,1,100 גרם,false,1,17.90,17.90,false,1,
7290000688084,false,מי עדן ספורט 1/2 ליטר,יפאורה,,,יח`,5,"100 מ""ל",false,1,2.50,0.44,false,1,
7290000688374,false,מים מינרלים סמיילי מי עדן (330X6מל),יפאורה,,,יח`,19.80,"100 מ""ל",false,1,13.90,0.61,false,1,
7290000688381,false,מים מינרלים פקק ספורט מי עדן (500x6 מל),יפאורה,,,יח`,3,1 ליטר,false,1,12.90,3.70,true,1,
7290000688466,false,מי עדן 0.75 ליטר ספורט בודד,יפאורה,,,יח`,7.50,"100 מ""ל",false,1,2.50,0.29,false,1,
7290000688503,false,מי עדן 0.75 ליטר ספורט שישייה,יפאורה,,,יח`,4.50,1 ליטר,false,1,14.90,2.91,false,1,
7290000803067,false,אלמקס משחת שיניים ילדים 75מל,ש.שסטוביץ בעמ,,,יח`,0.75,100 גרם,false,1,15.90,21.20,true,1,
7290000803180,false,שטיפת פה מרידול (400 מל),ש.שסטוביץ בעמ,,,יח`,4,"100 מ""ל",false,1,29.90,7.48,false,1,
7290000993461,false,עגבניות שרי צהוב פרמיום ארוז,צימן עגבניות *לא פעיל*,,,יח`,1,,false,1,9.90,9.90,false,1,
7290000993560,false,עגבניות שרי מנומר ארוז,צימן עגבניות *לא פעיל*,,,יח`,5,100 גרם,false,1,9.90,1.98,false,1,
7290000995410,false,נבטים סיני,א.אדמה (2007) בעמ,,,יח`,1,,false,1,7.90,7.90,false,1,
7290001041260,false,שומשום מיה (400 גרם),מיה תעשיות מזון מ.ת.מ. בעמ,,,יח`,4,100 גרם,false,1,11.90,2.98,false,1,
7290001045688,false,מיץ תפוזים סחוט 400 מל פרימור,שטראוס גרופ בעמ/מצונן,,,יח`,4,"100 מ""ל",false,1,7.90,1.90,false,1,
7290001121054,false,צמד חמד 700 גר` יחיעם,מעדני יחיעם (1993) בעמ,,,יח`,7,100 גרם,false,1,25.90,3.70,true,1,
7290001121238,false,קורנדביף 4% שומן יחיעם (180 גרם).,מעדני יחיעם (1993) בעמ,,,יח`,1.80,100 גרם,false,1,24.90,13.83,false,1,
7290001121849,false,פסטרמה 100% 250גר`,מעדני יחיעם (1993) בעמ,,,יח`,2.50,100 גרם,false,1,24.90,9.96,false,1,
7290001121979,false,סלמי הרץ יחיעם (150 גרם),מעדני יחיעם (1993) בעמ,,,יח`,1.50,100 גרם,false,1,24.90,16.60,false,1,
7290001123775,false,שווארמה פרגיות 500  גר`טיבון ויל,נטו מלינדה סחר בעמ,,,יח`,5,100 גרם,false,1,28.90,5.78,true,1,
7290001201510,false,ביצים ארוזות M מ. לסר) (30 פיקוח,מ לסר בעמ - חברה לשיווק ביצים,,,יח`,1,,false,1,27.87,27.87,false,1,
7290001201589,false,ביצים ארוזות L מ. לסר) (12 פיקוח,מ לסר בעמ - חברה לשיווק ביצים,,,יח`,1,,false,1,12.05,12.05,false,1,
7290001201596,false,ביצים 12 יחידות M פיקוח,מ לסר בעמ - חברה לשיווק ביצים,,,יח`,1,,false,1,11.15,11.15,false,1,
7290001201602,false,ביצים 18  יח`L פיקוח,מ לסר בעמ - חברה לשיווק ביצים,,,יח`,1,,false,1,18.07,18.07,false,1,
7290001201824,false,ביצים אורגני L 12 יח,מ לסר בעמ - חברה לשיווק ביצים,,,יח`,1,,false,1,18.90,18.90,false,1,
7290001201862,false,ביצי חופש 12 L,מ לסר בעמ - חברה לשיווק ביצים,,,יח`,1,,false,1,16.90,16.90,false,1,
7290001201893,false,ביצים אומגה 12 יח`M,מ לסר בעמ - חברה לשיווק ביצים,,,יח`,1,,false,1,16.90,16.90,false,1,
7290001216040,false,טחינה רגילה 500 גר` אל ארז,סוגת תעשיות בעמ,,,יח`,5,100 גרם,false,1,15.90,3.18,false,1,
7290001216231,false,טחינה משומשום מלא אל ארז (500 גרם),סוגת תעשיות בעמ,,,יח`,5,100 גרם,false,1,16.90,3.38,false,1,
7290001245705,false,אקונומיקה מבושמת 4 ליטר טאצ`,סאסאטק אגשח בעמ,,,יח`,4,1 ליטר,false,1,9.90,2.48,false,1,
7290001245729,false,ג`ל כביסה ירוק 3 ליטר טאצ`,סאסאטק אגשח בעמ,,,יח`,3,1 ליטר,false,1,17.90,5.97,false,1,
7290001245736,false,ג`ל כביסה כחול 3 ליטר טאצ`,סאסאטק אגשח בעמ,,,יח`,3,1 ליטר,false,1,17.90,5.97,false,1,
7290001245798,false,נוזל כלים לימון 1.6 ליטר טאצ,סאסאטק אגשח בעמ,,,יח`,16,"100 מ""ל",false,1,9.90,0.62,false,1,
7290001245828,false,נוזל כלים קלאסי 1.6 ליטר טאצ,סאסאטק אגשח בעמ,,,יח`,16,"100 מ""ל",false,1,9.90,0.62,false,1,
7290001245897,false,נוזל רצפות יסמין 4 ליטר טאצ`,סאסאטק אגשח בעמ,,,יח`,4,1 ליטר,false,1,13.90,3.48,false,1,
7290001245958,false,מרכך כביסה 4 ליטר ורוד,סאסאטק אגשח בעמ,,,יח`,4,1 ליטר,false,1,13.90,3.48,false,1,
7290001245972,false,מרכך כביסה 4 ליטר לבן,סאסאטק אגשח בעמ,,,יח`,4,1 ליטר,false,1,13.90,3.48,false,1,
7290001246078,false,מרכך מרוכך פרפיום  סנשואל( 1  ליטר)טאצ`,סאסאטק אגשח בעמ,,,יח`,1,1 ליטר,false,1,10.90,10.90,false,1,
7290001246351,false,נוזל רצפות לבנדר 4 ליטר טאצ,סאסאטק אגשח בעמ,,,יח`,4,1 ליטר,false,1,13.90,3.48,false,1,
7290001246528,false,מרכך כביסה מרוכז פרפיום  מיסטרי( 1 ליטר),סאסאטק אגשח בעמ,,,יח`,1,1 ליטר,false,1,10.90,10.90,false,1,
7290001247068,false,נקטר תות בננה ספרינג (1 ליטר),יפאורה,,,יח`,1,1 ליטר,false,1,6.90,6.90,false,1,
7290001247082,false,נקטר עגבניות  ספרינג( 1  ליטר),יפאורה,,,יח`,1,1 ליטר,false,1,6.90,6.90,false,1,
7290001247099,false,נקטר מנגו ספרינג (1 ליטר),יפאורה,,,יח`,1,1 ליטר,false,1,6.90,6.90,false,1,
7290001247112,false,נקטר לימונענע  ספרינג( 1 ליטר),יפאורה,,,יח`,1,1 ליטר,false,1,6.90,6.90,false,1,
7290001247129,false,נקטר תפוזים ספרינג (1 ליטר),יפאורה,,,יח`,1,1 ליטר,false,1,6.90,6.90,false,1,
7290001247143,false,נקטר תפוחים ספרינג (1 ליטר),יפאורה,,,יח`,1,1 ליטר,false,1,6.90,6.90,false,1,
7290001274934,false,מאגדת קרחונים דיאט שמינייה,פלקו בעמ,,,יח`,6.40,100 גרם,false,1,24.90,3.89,false,1,
7290001274941,false,מאגדת קרחונים דיאט שמינייה,פלקו בעמ,,,יח`,6.40,100 גרם,false,1,24.90,3.89,false,1,
7290001327180,false,שטראוס קרמיסימו,גלידות שטראוס בעמ,,,יח`,1.33,1 ליטר,false,1,18.90,14.21,false,1,
7290001407547,false,טחינה בארכה שומשום מלא פי 6 סידן,קבוצת אסם סחר שות. מוגבלת,,,יח`,5,100 גרם,false,1,12.90,2.58,false,1,
7290001482094,false,וילי פוד פרמז`נו 200 גר`,ג.וילי-פוד אינטרנשיונל **גבינו,,,יח`,2,100 גרם,false,1,17.90,8.95,false,1,
7290001482506,false,חומץ בלסמי ממודנה 500 גר`,ג.וילי-פוד אינטרנשיונל בעמ,,,יח`,5,"100 מ""ל",false,1,18.90,3.78,false,1,
7290001485019,false,גבינת שמנת 200  גר`9%,החב` המרכזית - טרה,,,יח`,2,100 גרם,false,1,11.90,5.95,false,1,
7290001491010,false,תה ירוק יסמין ויסוצקי) (25,תה ויסוצקי (ישראל) בעמ,,,יח`,0.3750,100 גרם,false,1,24.90,66.40,true,1,
7290001491096,false,תה ירוק לימונית ולואיזה ויסוצקי) (50,תה ויסוצקי (ישראל) בעמ,,,יח`,0.75,100 גרם,false,1,44.90,59.87,true,1,
7290001552025,false,קוסקוס של אמא (800גרם),מטעמי פאר (א.מ.נ) בעמ,,,יח`,8,100 גרם,false,1,14.90,1.86,false,1,
7290001567555,false,פסטרמה מעודנת על גחלים 300 גר,מעדני יחיעם (1993) בעמ,,,יח`,3,100 גרם,false,1,24.90,8.30,true,1,
7290001567708,false,נקניקיות וינר 400 גרם,מעדני יחיעם (1993) בעמ,,,יח`,4,100 גרם,false,1,12.90,3.23,false,1,
7290001567760,false,פסטרמה של פעם 300 גרם לחמ,מעדני יחיעם (1993) בעמ,,,יח`,3,100 גרם,false,1,26.90,8.97,true,1,
7290001567807,false,כתף בקר מעושן 250 גרם לחמ,מעדני יחיעם (1993) בעמ,,,יח`,2.50,100 גרם,false,1,29.90,11.96,true,1,
7290001567814,false,סלמי מעושן בסגנון איטלקי 300 גרם,מעדני יחיעם (1993) בעמ,,,יח`,3,100 גרם,false,1,21.90,7.30,true,1,
7290001588499,false,פפאיה אורגנית שקל ארוז,שדות תוצרת מזון אורגנית ש.ק.ד,,,"ק""ג",1,,true,1,22.90,22.90,false,1,
7290001594865,false,בירה קרלסברג (330x6 מל),החברה המרכזית להפצת משקאות בעמ,,,יח`,1.98,1 ליטר,false,1,36.90,17.73,true,1,
7290001670057,false,כפיות לבן 100  יח`הנמל,הנמל אריזות ושיווק (1984) בעמ,,,יח`,1,,false,1,11.90,11.90,true,1,
7290001670064,false,סכינים לבן 100  יח`הנמל,הנמל אריזות ושיווק (1984) בעמ,,,יח`,1,,false,1,11.90,11.90,true,1,
7290001670071,false,כפות לבן 100  יח`הנמל,הנמל אריזות ושיווק (1984) בעמ,,,יח`,1,,false,1,11.90,11.90,true,1,
7290001670255,false,כוסות קרטון 8B 50 יח` הנמל,הנמל אריזות ושיווק (1984) בעמ,,,יח`,1,,false,1,10.90,10.90,true,1,
7290001670514,false,מלית אוכמניות הנמל,הנמל אריזות ושיווק (1984) בעמ,,,יח`,4,100 גרם,false,1,13.90,3.48,true,1,
7290001670859,false,מלית דובדבנים הנמל,הנמל אריזות ושיווק (1984) בעמ,,,יח`,4,100 גרם,false,1,12.90,3.23,true,1,
7290001670873,false,צלחות 1  קג`הנמל,הנמל אריזות ושיווק (1984) בעמ,,,יח`,1,,false,1,39.90,39.90,false,1,
7290001690147,false,טעם טוב גבינה מותכת למריחה 6%,נטו מלינדה סחר בעמ,,,יח`,1.20,100 גרם,false,1,11.60,9.67,true,1,
7290001690512,false,תות שדה קפוא 250 גר`,נטו מלינדה סחר בעמ,,,יח`,2.50,100 גרם,false,1,9.90,3.96,false,1,
7290001690529,false,מיקס טרופי 250 גר`,נטו מלינדה סחר בעמ,,,יח`,2.50,100 גרם,false,1,9.90,3.96,false,1,
7290001690536,false,מיקס פירות יער 250 גר`,נטו מלינדה סחר בעמ,,,יח`,2.50,100 גרם,false,1,9.90,3.96,false,1,
7290001690543,false,חתיכות אננס קפואות 250 גר`,נטו מלינדה סחר בעמ,,,יח`,2.50,100 גרם,false,1,9.90,3.96,false,1,
7290001690550,false,מיקס תות בננה 250 גר`,נטו מלינדה סחר בעמ,,,יח`,2.50,100 גרם,false,1,9.90,3.96,false,1,
7290001690567,false,נתחי מנגו קפואים 250 גר`,נטו מלינדה סחר בעמ,,,יח`,2.50,100 גרם,false,1,9.90,3.96,false,1,
7290001710111,false,נקניקיות מרגז חריפות מעדני הטלה 500 גר`,לאטי עזרא בעמ,,,יח`,5,100 גרם,false,1,19.80,3.96,false,1,
7290001713150,false,אקונומיקה קצף ניקוי סנט מוריץ (1  ליטר),קומפלקס כימיקלים בעמ,,,יח`,10,"100 מ""ל",false,1,11.90,1.19,false,1,
7290001791349,false,אקונומיקה פיסגה ריחנית סנו (4 ליטר),החברה הדרומית לשיווק בעמ,,,יח`,4,1 ליטר,false,1,11.90,2.98,true,1,
7290001791363,false,פרש מטהר אויר וניל מילוי סנו (250 מל),החברה הדרומית לשיווק בעמ,,,יח`,1.65,100 גרם,false,1,13.90,8.42,false,1,
7290001817377,false,ציטוס איקס עיגול 60 גר,שטראוס פריטו ליי בעמ,,,יח`,0.60,100 גרם,false,1,3.50,5.83,true,1,
7290001817728,false,צ יטוס כאפה 55 גר,שטראוס פריטו ליי בעמ,,,יח`,0.55,100 גרם,false,1,3.50,6.36,true,1,
7290001855935,false,שמן חמניות מזוכך 900 מל,בני פאוזי שמשום (2009) בעמ,,,יח`,9,"100 מ""ל",false,1,9.90,1.10,false,1,
7290001917527,false,פדיות קוסמטיות,דנשר (1963) בעמ,,,יח`,1,,false,1,18.90,18.90,false,1,
7290001990148,false,סוכר גולדן קלאסי סוגת (1 קג),סוגת תעשיות בעמ,,,יח`,1,"ק""ג",false,1,13.90,13.90,true,1,
7290002007357,false,דליקטס שקיות צלייה קטן הנמל) (10,הנמל אריזות ושיווק (1984) בעמ,,,יח`,1,,false,1,5.90,5.90,false,1,
7290002007890,false,כוסות 100  יח`200 PP הנמל,הנמל אריזות ושיווק (1984) בעמ,,,יח`,100,יח`,false,1,9.90,0.10,false,1,
7290002007975,false,צלחות קטן 50  יח`הנמל,הנמל אריזות ושיווק (1984) בעמ,,,יח`,50,יח`,false,1,10.90,0.22,true,1,
7290002007982,false,מזלגות לבן 100 יח` הנמל,הנמל אריזות ושיווק (1984) בעמ,,,יח`,100,יח`,false,1,11.90,0.12,true,1,
7290002007999,false,צלחות גדול 50  יח`הנמל,הנמל אריזות ושיווק (1984) בעמ,,,יח`,1,,false,1,15.90,15.90,true,1,
7290002008071,false,עטרות נייר הנמל,הנמל אריזות ושיווק (1984) בעמ,,,יח`,1,,false,1,5.90,5.90,false,1,
7290002008170,false,מנג`טים מספר 3 הנמל) (130,הנמל אריזות ושיווק (1984) בעמ,,,יח`,1,,false,1,6.90,6.90,false,1,
7290002008507,false,נייר אפיה הנמל 50 יח`,הנמל אריזות ושיווק (1984) בעמ,,,יח`,1,,false,1,8.90,8.90,true,1,
7290002008989,false,קישקשים 225  יח`הנמל,הנמל אריזות ושיווק (1984) בעמ,,,יח`,1,,false,1,8.50,8.50,false,1,
7290002019114,false,רוטב עגבניות מרוכז 28 580  גר`פריניר,אבאל יזמות בעמ,,,יח`,5.80,100 גרם,false,1,7.90,1.36,true,1,
7290002019183,false,עגבניות שלמות 800  גר`פריניר,אבאל יזמות בעמ,,,יח`,8.50,100 גרם,false,1,6.90,0.81,true,1,
7290002019763,false,עגבניות מרוסקות 800  גר`פריניר,אבאל יזמות בעמ,,,יח`,8,100 גרם,false,1,6.90,0.86,true,1,
7290002019787,false,רוטב עגבניות מרוכז עגבניות 22% 260  גר`פ,אבאל יזמות בעמ,,,יח`,2.60,100 גרם,false,1,3.90,1.50,true,1,
7290002019794,false,רוטב עגבניות מרוכז 22% 100  גר`פריניר,אבאל יזמות בעמ,,,יח`,1,100 גרם,false,1,1.90,1.90,true,1,
7290002026402,false,בלינצ`ס גבינה 350 גר`,מוצרי איכות אמריקאיים בעמ,,,יח`,3.50,100 גרם,false,1,14.90,4.26,true,1,
7290002037309,false,לחמניות המבורגר מאפיית ודש 8),י.את א. ברמן בעמ,,,יח`,4,100 גרם,false,1,12.50,3.13,false,1,
7290002040019,false,קוסקוס רגיל מזון קוסקוס (350 גרם),הנמל אריזות ושיווק (1984) בעמ,,,יח`,3.50,100 גרם,false,1,5.90,1.69,false,1,
7290002040064,false,קוסקוס דק מזון קוסקוס (350 גרם),הנמל אריזות ושיווק (1984) בעמ,,,יח`,3.50,100 גרם,false,1,5.90,1.69,false,1,
7290002040071,false,קוסקוס עבה מזון קוסקוס (350 גרם),הנמל אריזות ושיווק (1984) בעמ,,,יח`,3.50,100 גרם,false,1,5.90,1.69,false,1,
7290002040095,false,קוסקוס מארז שלושיהשקיות 3*350גר,הנמל אריזות ושיווק (1984) בעמ,,,יח`,1,,false,1,13.90,13.90,false,1,
7290002043072,false,פרכוני אורז חום בציפוי שוקולד חלב בלגי 7,א.ל.ייצור ושיווק תבלינים בעמ,,,יח`,0.70,100 גרם,false,1,8.90,12.71,true,1,
7290002043188,false,ציפס אורז חום מלא צ`לי חריף 60 גר` אקסטר,א.ל.ייצור ושיווק תבלינים בעמ,,,יח`,0.60,100 גרם,false,1,6.90,11.50,true,1,
7290002043225,false,ציפס אורז חום מלא פפריקה 60 גר` אקסטרה,א.ל.ייצור ושיווק תבלינים בעמ,,,יח`,0.60,100 גרם,false,1,6.90,11.50,true,1,
7290002043348,false,ציפס אורז חום מלא צי`ה קינואה 60  גר`אקס,א.ל.ייצור ושיווק תבלינים בעמ,,,יח`,0.60,100 גרם,false,1,7.90,13.17,false,1,
7290002043782,false,ציפס אורז חום מלא טקסס בקביקין 60 גר` אק,א.ל.ייצור ושיווק תבלינים בעמ,,,יח`,0.60,100 גרם,false,1,6.90,11.50,true,1,
7290002043829,false,פרכיות אורז חום מלא מהרי ההימלאיה 200 גר,א.ל.ייצור ושיווק תבלינים בעמ,,,יח`,2,100 גרם,false,1,15.90,7.95,false,1,
7290002053088,false,איטריות ביצים  מס`8 200 גר`,גורי מוצרי צריכה (1991) בעמ,,,יח`,2,100 גרם,false,1,7.90,3.95,true,1,
7290002065555,false,לחמניות אנג`ל) (6,שלמה א. אנג`ל בעמ,,,יח`,4.50,100 גרם,false,1,10.90,2.42,false,1,
7290002065616,false,לחם שיפון גרעינים פרוס אחדות (750 גרם),שלמה א. אנג`ל בעמ,,,יח`,7.50,100 גרם,false,1,12.50,1.67,false,1,
7290002107385,false,דליקט עז 180 גרם צוריאל,החב` המרכזית - טרה,,,יח`,1.80,100 גרם,false,1,24.70,13.72,false,1,
7290002107491,false,גבינה עיזים 5% למריחה 250 גר`,החב` המרכזית - טרה,,,יח`,2.50,100 גרם,false,1,16.70,6.68,true,1,
7290002107798,false,בולגרית בקר 5% בגביע 250 גר`,החב` המרכזית - טרה,,,יח`,2.50,100 גרם,false,1,24.10,9.64,false,1,
7290002107965,false,טבורוג 5% 500גר צוריאל,החב` המרכזית - טרה,,,יח`,5,100 גרם,false,1,26.20,5.24,false,1,
7290002109372,false,בורקס פילו אצבעות בולגרית 700 גר`,נטו מלינדה סחר בעמ,,,יח`,7,100 גרם,false,1,19.90,2.84,true,1,
7290002128311,false,נר נשמה בכוס זכוכית שבועי מנורה שי נר,אבאל יזמות בעמ,,,יח`,1,,false,1,9.90,9.90,false,1,
7290002128410,false,נרות שבת שבת אורה  מס`6,אבאל יזמות בעמ,,,יח`,1,,false,1,2.90,2.90,false,1,
7290002128434,false,נרות שבת אורה  מס`10,אבאל יזמות בעמ,,,יח`,1,,false,1,2.90,2.90,false,1,
7290002128946,false,נר נשמה בכוס ל48 שעות מנורה שי נר,אבאל יזמות בעמ,,,יח`,1,,false,1,4.90,4.90,true,1,
7290002129479,false,פיצה איטלקית דקה שלושת האופים 320 גר,נטו מלינדה סחר בעמ,,,יח`,3.20,100 גרם,false,1,13.90,4.34,true,1,
7290002130567,false,דבש טהור מפרחי בר יד מרדכי (350 גרם),שטראוס גרופ בעמ,,,יח`,3.50,100 גרם,false,1,16.90,4.83,false,1,
7290002130574,false,דבש דבורים טהור 500גר,שטראוס גרופ בעמ,,,יח`,5,100 גרם,false,1,24.90,4.98,false,1,
7290002132011,false,עוגיות מזרחיות עם שומשום עבאדי (400 גר),תה ויסוצקי (ישראל) בעמ,,,יח`,4,100 גרם,false,1,16.90,4.23,true,1,
7290002195054,false,המבורגר קפוא בלדי (400 גרם),בלדי בעמ,,,יח`,4,100 גרם,false,1,11.90,2.98,false,1,
7290002239215,false,אפונה וגזר 800  גר`פרי גליל,ויטה -פרי גליל (החדשה) בעמ,,,יח`,8,100 גרם,false,1,9.90,1.24,false,1,
7290002239277,false,גזר גמדי 800  גר`פרי גליל,ויטה -פרי גליל (החדשה) בעמ,,,יח`,8,100 גרם,false,1,9.90,1.24,false,1,
7290002239420,false,תירס גרעינים 800 גר`פרי גליל,ויטה -פרי גליל (החדשה) בעמ,,,יח`,8,100 גרם,false,1,9.90,1.24,false,1,
7290002253006,false,שום כתוש דורות (200 גרם),קבוצת אסם סחר שות. מוגבלת,,,יח`,2,100 גרם,false,1,15.90,7.95,false,1,
7290002253105,false,קוביות שום כתוש דורות (80 גרם),קבוצת אסם סחר שות. מוגבלת,,,יח`,0.80,100 גרם,false,1,13.90,17.38,false,1,
7290002253150,false,בזיליקום קצוץ דורות (70 גרם),קבוצת אסם סחר שות. מוגבלת,,,יח`,0.70,100 גרם,false,1,10.90,15.57,false,1,
7290002281498,false,ריץ` מגורדת 500 גר על בסיס חלב,נטו מלינדה סחר בעמ,,,יח`,5,100 גרם,false,1,24.90,4.98,true,1,
7290002317005,false,טבעות זיתים מושחר מוטולה,אבאל יזמות בעמ,,,יח`,5.60,100 גרם,false,1,9.90,1.77,false,1,
7290002317081,false,זית חרוזית A2 מוטולה,אבאל יזמות בעמ,,,יח`,5.60,100 גרם,false,1,9.90,1.77,true,1,
7290002317135,false,מלפפון במלח 13-17 מוטולה,אבאל יזמות בעמ,,,יח`,5.60,100 גרם,false,1,9.90,1.77,false,1,
7290002317166,false,מלפפון בחומץ 10-12 מוטולה,אבאל יזמות בעמ,,,יח`,5.60,100 גרם,false,1,9.90,1.77,true,1,
7290002317173,false,מלפפונים בחומץ 13-17 מוטולה,אבאל יזמות בעמ,,,יח`,5.60,100 גרם,false,1,9.90,1.77,false,1,
7290002317265,false,מלפפון במלח 7-9 מוטולה,אבאל יזמות בעמ,,,יח`,5.60,100 גרם,false,1,7.90,1.41,true,1,
7290002317289,false,חצילים A2 מוטולה,אבאל יזמות בעמ,,,יח`,5.60,100 גרם,false,1,8.90,1.59,true,1,
7290002317296,false,פלפל שיפקה A2 מוטולה,אבאל יזמות בעמ,,,יח`,5.40,100 גרם,false,1,8.90,1.65,true,1,
7290002317319,false,מלפפון בחומץ 7-9 מוטולה,אבאל יזמות בעמ,,,יח`,3.48,100 גרם,false,1,7.90,2.27,true,1,
7290002317326,false,זיתים מנזלינו 12-15 מוטולה,אבאל יזמות בעמ,,,יח`,5.60,100 גרם,false,1,8.90,1.59,true,1,
7290002317371,false,חרוזית מושחר A2 מוטולה,אבאל יזמות בעמ,,,יח`,5.60,100 גרם,false,1,9.90,1.77,false,1,
7290002317579,false,טבעות זיתים ירוק מוטולה,אבאל יזמות בעמ,,,יח`,5.60,100 גרם,false,1,9.90,1.77,true,1,
7290002317609,false,כרוב כבוש מוטולה,אבאל יזמות בעמ,,,יח`,5.60,100 גרם,false,1,8.90,1.59,true,1,
7290002317616,false,זית מרינט 17-19 מוטולה,אבאל יזמות בעמ,,,יח`,5.60,100 גרם,false,1,9.90,1.77,false,1,
7290002319016,false,אבקת אפיה מיה (10x10 גרם),מיה תעשיות מזון מ.ת.מ. בעמ,,,יח`,1,100 גרם,false,1,2.90,2.90,true,1,
7290002319023,false,סוכר ווניל עשירייה,מיה תעשיות מזון מ.ת.מ. בעמ,,,יח`,1,100 גרם,false,1,2.90,2.90,true,1,
7290002319139,false,שעועית לבנה מיה (500 גרם),מיה תעשיות מזון מ.ת.מ. בעמ,,,יח`,5,100 גרם,false,1,9.90,1.98,true,1,
7290002319160,false,אפונה ירוקה מיה (500 גרם),מיה תעשיות מזון מ.ת.מ. בעמ,,,יח`,5,100 גרם,false,1,6.90,1.38,true,1,
7290002319177,false,פופקורן מיה (500 גרם),מיה תעשיות מזון מ.ת.מ. בעמ,,,יח`,5,100 גרם,false,1,6.90,1.38,false,1,
7290002319184,false,עדשים אדומות מיה (500 גרם),מיה תעשיות מזון מ.ת.מ. בעמ,,,יח`,5,100 גרם,false,1,9.90,1.98,true,1,
7290002319191,false,עדשים ירוקות מיה (500 גרם),מיה תעשיות מזון מ.ת.מ. בעמ,,,יח`,5,100 גרם,false,1,7.90,1.58,true,1,
7290002319207,false,כוסמת מיה (500 גרם),מיה תעשיות מזון מ.ת.מ. בעמ,,,יח`,5,100 גרם,false,1,8,1.60,true,1,
7290002319221,false,חיטה מיה (500 גרם),מיה תעשיות מזון מ.ת.מ. בעמ,,,יח`,5,100 גרם,false,1,5.90,1.18,true,1,
7290002319771,false,תמצית אפיה בטעם וניל מיה (50 מל),מיה תעשיות מזון מ.ת.מ. בעמ,,,יח`,0.50,"100 מ""ל",false,1,3.90,7.80,false,1,
7290002319788,false,תמצית אפיה בטעם רום כשלפ בדצ העדח,מיה תעשיות מזון מ.ת.מ. בעמ,,,יח`,0.60,"100 מ""ל",false,1,3.90,6.50,false,1,
7290002327028,false,ג`חנון 650  גר`שלושת האופים,נטו מלינדה סחר בעמ,,,יח`,6.50,100 גרם,false,1,15.90,2.45,true,1,
7290002327042,false,בורקס תפוא שלושת האופים,נטו מלינדה סחר בעמ,,,יח`,8,100 גרם,false,1,17.90,2.24,true,1,
7290002327059,false,בצק עלים מרודד שלושת האופים (1 קג),נטו מלינדה סחר בעמ,,,יח`,10,100 גרם,false,1,17.90,1.79,true,1,
7290002327066,false,קונכיות 625  גר`שלושת האופים,נטו מלינדה סחר בעמ,,,יח`,6.25,100 גרם,false,1,21.90,3.50,true,1,
7290002327073,false,בורקס גבינה שלושת האופים,נטו מלינדה סחר בעמ,,,יח`,8,100 גרם,false,1,19.90,2.49,true,1,
7290002329619,false,עוגת שוקו צ`יפס עוג`לה 350 גר`,בני פאוזי שמשום (2009) בעמ,,,יח`,3.50,100 גרם,false,1,6.90,1.97,true,1,
7290002329640,false,עוגת לימון עוג`לה 350 גר`,בני פאוזי שמשום (2009) בעמ,,,יח`,3.50,100 גרם,false,1,6.90,1.97,true,1,
7290002329695,false,עוגת וניל עוג`לה 350 גר`,בני פאוזי שמשום (2009) בעמ,,,יח`,3.50,100 גרם,false,1,6.90,1.97,true,1,
7290002331360,false,נביעות שישיה 0.500 טו גוווווו,החברה המרכזית להפצת משקאות בעמ,,,יח`,3,1 ליטר,false,1,15.70,4.63,true,1,
7290002331421,false,שישית נביעות תו-גוו 755,החברה המרכזית להפצת משקאות בעמ,,,יח`,4.53,1 ליטר,false,1,16.90,3.33,false,1,
7290002331490,false,מים מינרלים נביעות (1 ליטר),החברה המרכזית להפצת משקאות בעמ,,,יח`,1,1 ליטר,false,1,3.20,3.20,true,1,
7290002345015,false,דק דק סינטה אל גאוצו,נטו מלינדה סחר בעמ,,,יח`,2.50,100 גרם,false,1,24.90,9.96,true,1,
7290002345022,false,דק דק אנטריקוט אל גאוצו,נטו מלינדה סחר בעמ,,,יח`,2.50,100 גרם,false,1,24.90,9.96,true,1,
7290002348139,false,תחתיות ארטישוק ויליגר (390 גרם),נטו מלינדה סחר בעמ,,,יח`,4.25,100 גרם,false,1,10.90,2.56,true,1,
7290002348238,false,אננס חתוך ויליגר 820 גר`.,נטו מלינדה סחר בעמ,,,יח`,8.20,100 גרם,false,1,9.90,1.21,false,1,
7290002348306,false,קוקטיל פירות וילגר 850 גר`,נטו מלינדה סחר בעמ,,,יח`,8.50,100 גרם,false,1,9.90,1.16,false,1,
7290002353836,false,סרדין רוברט בשמן זית,א. סיימן סחר בעמ,,,יח`,1.15,100 גרם,false,1,7.90,6.87,true,1,
7290002371496,false,פרוסות שווארמה קצבים 120  גר`טירת צבי,תנובה קפואים,,,יח`,1.20,100 גרם,false,1,27.90,23.25,false,1,
7290002371526,false,סלסולי פסטרמה שום וצ`ילי 120  גר`טירת צב,תנובה קפואים,,,יח`,1.20,100 גרם,false,1,15.90,13.25,true,1,
7290002371748,false,צלעות אסאדו 120  גר`טירת צבי,תנובה קפואים,,,יח`,1.20,100 גרם,false,1,27.90,23.25,false,1,
7290002371939,false,סרוולד צרפתי 120  גר`טירת צבי,תנובה קפואים,,,יח`,1.20,100 גרם,false,1,27.90,23.25,true,1,
7290002374312,false,שמן קנולה מזוכך 6% מילומור (1 ליטר),סוגת תעשיות בעמ,,,יח`,1,1 ליטר,false,1,10.90,10.90,false,1,
7290002374640,false,שמן קנולה פלוס אומגה 3 עץ הזית (1 ליטר),סוגת תעשיות בעמ,,,יח`,1,1 ליטר,false,1,16.90,16.90,false,1,
7290002407034,false,זית סורי  ירוק( 800  גר`)גהשאן סורי,אבאל יזמות בעמ,,,יח`,8,100 גרם,false,1,21.90,2.74,true,1,
7290002407348,false,שמן זית ג`השאן כתית מעולה 750 מל`,אבאל יזמות בעמ,,,יח`,7.50,"100 מ""ל",false,1,34.90,4.65,true,1,
7290002407454,false,שמן זית סורי כתית מעולה 750 מל,אבאל יזמות בעמ,,,יח`,7.50,"100 מ""ל",false,1,44.90,5.99,false,1,
7290002407645,false,שמן זית כתית  מעולה( 750  מל)ארץ הגליל,אבאל יזמות בעמ,,,יח`,7.50,"100 מ""ל",false,1,29.90,3.99,true,1,
7290002407676,false,זית תערובת  אריזת( 800  גר`גהשאן,אבאל יזמות בעמ,,,יח`,8,100 גרם,false,1,21.90,2.74,true,1,
7290002409038,false,בורקס גבינה,ציפור השרון יהוד 1990 בעמ,,,יח`,8,100 גרם,false,1,14.90,1.86,false,1,
7290002448280,false,חטיף נקניקיות עוף 100גרם,שחורי אריה ואנסטסיה,,,יח`,1,,false,1,16.90,16.90,false,1,
7290002487364,false,בורקס פילו גבינה וזיתים 700  גר`שלושת הא,נטו מלינדה סחר בעמ,,,יח`,7,100 גרם,false,1,19.90,2.84,true,1,
7290002507604,false,פיצת השף-שגב מאיטליה 320 גר,נטו מלינדה סחר בעמ,,,יח`,3.20,100 גרם,false,1,15.90,4.97,true,1,
7290002512004,false,מלווח צנעני (900 גרם),צנעני מוצרי בצק בעמ,,,יח`,9,100 גרם,false,1,19.90,2.21,false,1,
7290002512011,false,ג`חנון צנעני (900 גרם),צנעני מוצרי בצק בעמ,,,יח`,9,100 גרם,false,1,19.90,2.21,false,1,
7290002512035,false,בצק עלים צנעני (1 קג),צנעני מוצרי בצק בעמ,,,יח`,1,"ק""ג",false,1,17.90,17.90,true,1,
7290002512257,false,מלווח מופחת שומן,צנעני מוצרי בצק בעמ,,,יח`,7,100 גרם,false,1,17.90,2.56,true,1,
7290002517337,false,אורגנו עלים 20 גר`,תבליני טעם וריח בעמ,,,יח`,0.20,100 גרם,false,1,6.90,34.50,false,1,
7290002517375,false,בזילקום עלים 30 גר`,תבליני טעם וריח בעמ,,,יח`,0.30,100 גרם,false,1,6.90,23,false,1,
7290002517603,false,בזיליקום 10 גר`,תבליני טעם וריח בעמ,,,יח`,0.10,100 גרם,false,1,6.90,69,false,1,
7290002517733,false,קצח 40 גר`,תבליני טעם וריח בעמ,,,יח`,0.40,100 גרם,false,1,6.90,17.25,false,1,
7290002517825,false,פלפל לבן טחון 40 גר`,תבליני טעם וריח בעמ,,,יח`,0.40,100 גרם,false,1,9.90,24.75,false,1,
7290002542773,false,בירה סטלה  ארטואה-  בק`330 מל,תימקו בירה בעמ,,,יח`,3.30,"100 מ""ל",false,1,6,1.73,false,1,
7290002542780,false,בירה סטלה ארטואה 330 מל בקבוק שישייה,תימקו בירה בעמ,,,יח`,1.98,1 ליטר,false,1,34.90,16.72,true,1,
7290002692393,false,שמן קנולה מזוכך מועשר עץ הזית (1 ליטר),סוגת תעשיות בעמ,,,יח`,1,1 ליטר,false,1,15.90,15.90,true,1,
7290002692768,false,תרסיס שמן קנולה מזוכך ללא תוספת גז 200 מ,סוגת תעשיות בעמ,,,יח`,2,"100 מ""ל",false,1,19.90,9.95,true,1,
7290002692775,false,תרסיס מופחת קלוריות בטעם חמאה,סוגת תעשיות בעמ,,,יח`,2,"100 מ""ל",false,1,19.90,9.95,true,1,
7290002692782,false,תרסיס שמן זית כתית מעולה ללא תוספת גז 15,סוגת תעשיות בעמ,,,יח`,1.50,"100 מ""ל",false,1,19.90,13.27,false,1,
7290002730521,false,מקלוני צמר גפן בלונס) (200,ש.שסטוביץ בעמ,,,יח`,1,100 גרם,false,1,6.90,6.90,false,1,
7290002730941,false,צמר גפן פרוס בלונס (100 גרם),ש.שסטוביץ בעמ,,,יח`,1,100 גרם,false,1,6.90,6.90,false,1,
7290002735021,false,ג`חנון ארוז 750  גר`יינון,קפוא-זן תעשיות מזון בעמ - תפוג,,,יח`,7.50,100 גרם,false,1,13.90,1.85,false,1,
7290002735113,false,בורקס גבינה ינון 800 גר`,קפוא-זן תעשיות מזון בעמ - תפוג,,,יח`,8,100 גרם,false,1,16.90,2.11,false,1,
7290002735120,false,בורקס תפוא ינון 800 גר`,קפוא-זן תעשיות מזון בעמ - תפוג,,,יח`,8,100 גרם,false,1,13.90,1.74,false,1,
7290002752332,false,מנטוס גליל פירות,ליימן שליסל בעמ,,,יח`,0.3750,100 גרם,false,1,3.90,10.40,false,1,
7290002752349,false,מנטוס גליל טעם מנטה (37.5 גרם),ליימן שליסל בעמ,,,יח`,0.3750,100 גרם,false,1,3.90,10.40,false,1,
7290002753223,false,סוכריות תפוז טיק טק (16x4 גרם),פרימיום-חברה לדברי מתיקה ולמסח,,,יח`,2.50,100 גרם,false,1,10.90,4.36,false,1,
7290002753995,false,ערכת קישוטי עוגה דקו 150 גר,ליימן שליסל בעמ,,,יח`,1.50,100 גרם,false,1,17.90,11.93,true,1,
7290002757139,false,מלוואח 700  גר`שלושת האופים,נטו מלינדה סחר בעמ,,,יח`,7,100 גרם,false,1,15.90,2.27,true,1,
7290002757665,false,קבב מיזרחי 400 גר`,נטו מלינדה סחר בעמ,,,יח`,4,100 גרם,false,1,9.90,2.48,false,1,
7290002757672,false,המבורגר 400 גר`,נטו מלינדה סחר בעמ,,,יח`,4,100 גרם,false,1,9.90,2.48,false,1,
7290002782759,false,קרם גוף מספר 2 פנינה רוזנבלום (340 מל),פנינה רוזנבלום בעמ,,,יח`,4,"100 מ""ל",false,1,23.90,5.98,false,1,
7290002805151,false,סיף פנטסטיק שמפו רצפות 4 ליטר,יוניליוור ישראל שיווק בעמ,,,יח`,4,1 ליטר,false,1,19.90,4.98,true,1,
7290002814016,false,מסיר שומנים קר סנט מוריץ (750 מל),קומפלקס כימיקלים בעמ,,,יח`,7.50,"100 מ""ל",false,1,13.90,1.85,false,1,
7290002814054,false,באנטרטיק במתז 1 ליטר סנט מוריץ,קומפלקס כימיקלים בעמ,,,יח`,10,"100 מ""ל",false,1,11.90,1.19,false,1,
7290002814078,false,אנטרטיק לניקוי,קומפלקס כימיקלים בעמ,,,יח`,1,1 ליטר,false,1,7.90,7.90,true,1,
7290002814290,false,קצף מרוכז 1 ליטר בלנקו בניחוח,קומפלקס כימיקלים בעמ,,,יח`,1,1 ליטר,false,1,12.90,12.90,true,1,
7290002814603,false,מסיר שומנים מבושם בניחוח לימון 750 מל,קומפלקס כימיקלים בעמ,,,יח`,7.50,"100 מ""ל",false,1,12.90,1.72,true,1,
7290002814719,false,נוזל רצפות 4 ליטר מאסק סנט מוריץ,קומפלקס כימיקלים בעמ,,,יח`,40,"100 מ""ל",false,1,11.90,0.30,false,1,
7290002814825,false,סבון אסלה כדוריות שלישייה אוקינוס כחול ס,קומפלקס כימיקלים בעמ,,,יח`,1.50,100 גרם,false,1,9.90,6.60,false,1,
7290002814870,false,מסיר שומנים קר מבושם 750 מל בניחוח פרחים,קומפלקס כימיקלים בעמ,,,יח`,7.50,"100 מ""ל",false,1,12.90,1.72,true,1,
7290002814900,false,סבון אסלה כדוריות שלישייה לימון סנט מורי,קומפלקס כימיקלים בעמ,,,יח`,1.50,100 גרם,false,1,9.90,6.60,false,1,
7290002814917,false,שמפו רצפות 4 ליטר לבנדר,קומפלקס כימיקלים בעמ,,,יח`,4,1 ליטר,false,1,11.90,2.98,false,1,
7290002814931,false,נוזל לניקוי רצפות סנט מוריץ (4 ליטר),קומפלקס כימיקלים בעמ,,,יח`,4,1 ליטר,false,1,11.90,2.98,false,1,
7290002814955,false,נוזל לניקוי כלים סנט מוריץ (4 ליטר),קומפלקס כימיקלים בעמ,,,יח`,4,1 ליטר,false,1,22.90,5.73,false,1,
7290002824183,false,קרם גבינה 5% סקי (500 גרם),שטראוס גרופ בעמ/מצונן,,,יח`,5,100 גרם,false,1,9.50,1.90,false,1,
7290002824466,false,יוגורט ביו 0% דנונה (200 גרם),שטראוס גרופ בעמ/מצונן,,,יח`,2,"100 מ""ל",false,1,3.50,1.75,false,1,
7290002824640,false,קרם גבינה 5% סקי (250 גרם),שטראוס גרופ בעמ/מצונן,,,יח`,2.50,100 גרם,false,1,4.97,1.99,false,1,
7290002825722,false,כרוב אדום במיונז אחלה (500 גרם),שטראוס גרופ בעמ/מצונן,,,יח`,5.75,100 גרם,false,1,14.90,2.59,true,1,
7290002830948,false,גבינת מון בלאן עיזים 120 גר`,נטו מלינדה סחר בעמ,,,יח`,1.20,100 גרם,false,1,12.90,10.75,true,1,
7290002842002,false,פתיתי שיבולת שועל 500  גר`מורנפלייק,ליימן שליסל בעמ,,,יח`,5,100 גרם,false,1,9.90,1.98,false,1,
7290002868996,false,קוטג`5% מועשר 250 גר`,החב` המרכזית - טרה,,,יח`,2.50,100 גרם,false,1,5.60,2.24,false,1,
7290002871248,false,בירה טובורג רד (500 מל),החברה המרכזית להפצת משקאות בעמ,,,יח`,5,"100 מ""ל",false,1,7.50,1.26,false,1,
7290002909880,false,פולי סויה אדממה בלדי (400 גרם),בלדי בעמ,,,יח`,4,100 גרם,false,1,6.90,1.73,false,1,
7290002929642,false,נתחי טונה בהירה בשמן ויליגר (140x4 גרם),נטו מלינדה סחר בעמ,,,יח`,4.60,100 גרם,false,1,19.90,4.33,false,1,
7290002954026,false,שמן תירס 3  ליטר- שוקחא,בני ג`ורג` שוקחה (חיפה) בעמ,,,יח`,3,1 ליטר,false,1,44.90,14.97,false,1,
7290002954040,false,שמן תירס 1 ליטרשוקחה,בני ג`ורג` שוקחה (חיפה) בעמ,,,יח`,10,"100 מ""ל",false,1,15.90,1.59,false,1,
7290002954187,false,אורז יסמין שוקחה (5 קג),בני ג`ורג` שוקחה (חיפה) בעמ,,,יח`,5,"ק""ג",false,1,42.90,8.58,false,1,
7290002954736,false,עדשים שחורות 1 קג שוקחה,בני ג`ורג` שוקחה (חיפה) בעמ,,,יח`,1,"ק""ג",false,1,13.90,13.90,false,1,
7290002971986,false,קמח שיפון ללא צורך בניפוי שטיבל,אבאל יזמות בעמ,,,יח`,1,"ק""ג",false,1,8.50,8.50,true,1,
7290002971993,false,קמח כוסמין מלא ללא צורך בניפוי 1 קג שטיב,אבאל יזמות בעמ,,,יח`,10,100 גרם,false,1,14.90,1.49,false,1,
7290002972006,false,קמח בהיר) (405ללא צורך  בניפוי( 1  קג),אבאל יזמות בעמ,,,יח`,1,"ק""ג",false,1,8.50,8.50,true,1,
7290002972365,false,קמח תופח ללא צורך בניפוי 1 קג שטיבל,אבאל יזמות בעמ,,,יח`,1,"ק""ג",false,1,8.50,8.50,true,1,
7290002972426,false,קמח  מלא% 80 ללא צורך בניפוי 1 קג,אבאל יזמות בעמ,,,יח`,1,"ק""ג",false,1,8.50,8.50,true,1,
7290002973669,false,קמח שטיבל 2,אבאל יזמות בעמ,,,יח`,1,"ק""ג",false,1,8.50,8.50,true,1,
7290002973812,false,קמח כוסמין  (80% 1  קג)ללא צורך בניפוי ש,אבאל יזמות בעמ,,,יח`,10,100 גרם,false,1,14.90,1.49,false,1,
7290002973829,false,קמח כוסמין  לבן( 1  קג) ללא צורך ניפוי ש,אבאל יזמות בעמ,,,יח`,10,100 גרם,false,1,14.90,1.49,false,1,
7290002974116,false,קמח כפרי 1 קג שטיבל,אבאל יזמות בעמ,,,יח`,1,"ק""ג",false,1,8.50,8.50,true,1,
7290002974222,false,קמח עוגיות ללא צורך בניפוי 1 קג שטיבל,אבאל יזמות בעמ,,,יח`,1,"ק""ג",false,1,8.50,8.50,true,1,
7290002974239,false,קמח עוגות 1 קג שטיבל,אבאל יזמות בעמ,,,יח`,1,"ק""ג",false,1,8.50,8.50,true,1,
7290002974314,false,קמח פיצה 1 קג שטיבל,אבאל יזמות בעמ,,,יח`,1,"ק""ג",false,1,10.90,10.90,false,1,
7290002987963,false,חומוס אחלה 1 קג,שטראוס גרופ בעמ/מצונן,,,יח`,100,100 גרם,false,1,13.90,0.14,false,1,
7290003009329,false,בוטנים אמריקאיים קליית גת (200 גרם),ליימן שליסל בעמ,,,יח`,2,100 גרם,false,1,5.90,2.95,true,1,
7290003015634,false,ריצפז פרש 2 ליטר פסיפלורה,החברה הדרומית לשיווק בעמ,,,יח`,2,1 ליטר,false,1,19.90,9.95,true,1,
7290003026036,false,קמיל בלו סנסטיב אל סבון,פישר תעשיות פרמצבטיות בעמ,,,יח`,1,1 ליטר,false,1,32.90,32.90,true,1,
7290003029181,false,שוקו 2% בבקבוק יטבתה (1 ליטר),שטראוס גרופ בעמ/מצונן,,,יח`,1,1 ליטר,false,1,11.90,11.90,false,1,
7290003029372,false,משקה חלב בטעם בננה 2% יטבתה (1 ליטר,שטראוס גרופ בעמ/מצונן,,,יח`,1,1 ליטר,false,1,11.90,11.90,false,1,
7290003029389,false,שוקו בננה בקבוק,שטראוס גרופ בעמ/מצונן,,,יח`,2.50,"100 מ""ל",false,1,5.50,2.20,false,1,
7290003029433,false,שוקו 2% עם פקק ספורט יטבתה (250 מל),שטראוס גרופ בעמ/מצונן,,,יח`,2.50,"100 מ""ל",false,1,5.50,2.20,false,1,
7290003029532,false,משקה מוקה 2% יטבתה (1 ליטר),שטראוס גרופ בעמ/מצונן,,,יח`,1,1 ליטר,false,1,11.90,11.90,false,1,
7290003029792,false,שוקו 2% יטבתה (225x8 מל),שטראוס גרופ בעמ/מצונן,,,יח`,1.80,1 ליטר,false,1,19.90,11.06,false,1,
7290003029815,false,חלב מועשר 3% בכד יטבתה 2 ליטר,שטראוס גרופ בעמ/מצונן,,,יח`,20,"100 מ""ל",false,1,14.90,0.75,false,1,
7290003029907,false,משקה חלב אייס קפה 2% יטבתה (1 ליטר,שטראוס גרופ בעמ/מצונן,,,יח`,1,1 ליטר,false,1,11.90,11.90,false,1,
7290003031702,false,נקניקיות הודו 1  קג`מחפוד טירת צבי,תנובה קפואים,,,יח`,1,"ק""ג",false,1,32.90,32.90,true,1,
7290003031788,false,צמד כפרי 800  גר`מחפוד טירת צבי,תנובה קפואים,,,יח`,8,100 גרם,false,1,24.90,3.11,false,1,
7290003054657,false,חרדל דיז`ון ריין דה דיז`ון (370 גרם),דיפלומט היינץ,,,יח`,3.70,100 גרם,false,1,11.90,3.22,false,1,
7290003102891,false,שקיות צליה הוסט 10  יח`בקופסא,אינטרסן 1996 בעמ,,,יח`,1,,false,1,4.90,4.90,false,1,
7290003107247,false,שמרים יבשים 33  גר`שטיבל,אבאל יזמות בעמ,,,יח`,0.33,100 גרם,false,1,6.90,20.91,true,1,
7290003107315,false,סולת בשקית טחנת קמח דגן (1 קג),טחנות קמח דגן (2006) בעמ,,,יח`,1,"ק""ג",false,1,4.40,4.40,false,1,
7290003107346,false,קמח חיטה לבן בדץ טחנת קמח דגן (1 קג),טחנות קמח דגן (2006) בעמ,,,יח`,1,"ק""ג",false,1,4.40,4.40,true,1,
7290003107353,false,משפר אפייה ביתי (10*3 גר`)שטיבל,אבאל יזמות בעמ,,,יח`,0.30,100 גרם,false,1,5.90,19.67,true,1,
7290003126712,false,יוגורט עיזים 3.9% משק צוריאל (150 גרם),החב` המרכזית - טרה,,,יח`,1.50,"100 מ""ל",false,1,6.70,4.47,false,1,
7290003143139,false,סילאן קליית גת (900 גרם),ליימן שליסל בעמ,,,יח`,9,100 גרם,false,1,14.90,1.66,true,1,
7290003143146,false,ממרח תמרים קליית גת (450 גרם),ליימן שליסל בעמ,,,יח`,4.50,100 גרם,false,1,6.90,1.53,true,1,
7290003145751,false,אגוזי קשיו קלויים קליית גת (200 גרם),ליימן שליסל בעמ,,,יח`,2,100 גרם,false,1,14.90,7.45,true,1,
7290003145959,false,פקאן טבעי 150 גר,ליימן שליסל בעמ,,,יח`,1.50,100 גרם,false,1,19.90,13.27,false,1,
7290003224128,false,כיסוני תפוא 800  גר`קפוא מאמא מרי,מאמא - מרי בעמ,,,יח`,8,100 גרם,false,1,16.90,2.11,false,1,
7290003224159,false,בלינצ`ס במילוי בשר 400  גר`מאמא מרי,מאמא - מרי בעמ,,,יח`,4,100 גרם,false,1,17.90,4.48,false,1,
7290003229147,false,סלמי בסגנון איטלקי טירת צבי (300 גרם),תנובה קפואים,,,יח`,3,100 גרם,false,1,28.90,9.63,true,1,
7290003229154,false,סלמי קוניאק טירת צבי (300 גרם),תנובה קפואים,,,יח`,3,100 גרם,false,1,28.90,9.63,true,1,
7290003229192,false,כתף בקר מעושן 400  גר`טירת צבי,תנובה קפואים,,,יח`,4,100 גרם,false,1,35.90,8.98,true,1,
7290003229208,false,פסטרמה ספרדית 360  גר`2% טירת צבי,תנובה קפואים,,,יח`,3.60,100 גרם,false,1,31.90,8.86,true,1,
7290003268252,false,לחם חיטה מלא לילדים דגנית,דגנית עין בר תעשיות מזון ואפיה,,,יח`,7.50,100 גרם,false,1,14.50,1.93,false,1,
7290003321155,false,דנונה פרי בר פקאן,שטראוס גרופ בעמ/מצונן,,,יח`,1.75,"100 מ""ל",false,1,4.40,2.51,false,1,
7290003321292,false,קרם גבינה 9% סקי (250 גרם,שטראוס גרופ בעמ/מצונן,,,יח`,2.50,100 גרם,false,1,4.70,1.88,false,1,
7290003332007,false,קפה שחור עם הל נח`לה אדום (250 גרם),סובחי נחלה ובניו בעמ,,,יח`,2.50,100 גרם,false,1,13.90,5.56,false,1,
7290003332045,false,קפה שחור בלי הל נח`לה אדום (250 גרם),סובחי נחלה ובניו בעמ,,,יח`,2.50,100 גרם,false,1,13.90,5.56,false,1,
7290003387410,false,פדים להסרת איפור בלונס) (80x3,ש.שסטוביץ בעמ,,,יח`,1,יח`,false,1,19.90,19.90,true,1,
7290003401369,false,נטורל פורמולה קרם לחות קלאסי,החברה הדרומית לשיווק בעמ,,,יח`,4,"100 מ""ל",false,1,21.90,5.48,true,1,
7290003411573,false,צלחות עמוקות לבן 30  יח`הנמל,הנמל אריזות ושיווק (1984) בעמ,,,יח`,1,,false,1,16.90,16.90,false,1,
7290003411696,false,מרקיות לבן 25  יח`הנמל,הנמל אריזות ושיווק (1984) בעמ,,,יח`,25,יח`,false,1,9.90,0.40,true,1,
7290003411726,false,קיסמים הנמל) (300,הנמל אריזות ושיווק (1984) בעמ,,,יח`,1,,false,1,4.90,4.90,false,1,
7290003411849,false,גרנולה תמרים 400 גר הנמל,הנמל אריזות ושיווק (1984) בעמ,,,יח`,4,100 גרם,false,1,10,2.50,false,1,
7290003411856,false,גרנולה תפוח עץ הנמל (400 גרם),הנמל אריזות ושיווק (1984) בעמ,,,יח`,4,100 גרם,false,1,10,2.50,false,1,
7290003427154,false,שמן זית כתית מעולה 750 מל זיתא,תה ויסוצקי (ישראל) בעמ,,,יח`,7.50,"100 מ""ל",false,1,27.90,3.72,false,1,
7290003438006,false,אוליביה ממרח פסטו איטלקי 180 גר`,תה ויסוצקי (ישראל) בעמ,,,יח`,1.90,100 גרם,false,1,13.90,7.32,false,1,
7290003438013,false,אוליביה ממרח זיתים ירוקים (190 גרם),תה ויסוצקי (ישראל) בעמ,,,יח`,1.90,100 גרם,false,1,13.90,7.32,false,1,
7290003438020,false,אוליביה ממרח עגבניות מיובשות (190 גרם),תה ויסוצקי (ישראל) בעמ,,,יח`,1.90,100 גרם,false,1,13.90,7.32,false,1,
7290003450602,false,חרדל היינץ (255 גרם),דיפלומט היינץ,,,יח`,2.55,100 גרם,false,1,11.90,4.67,false,1,
7290003457861,false,סולרו פרות טרופים.,גלידות שטראוס בעמ,,,יח`,1,,false,1,7.90,7.90,true,1,
7290003457991,false,מאגדת-קורנטו קלאסיק,גלידות שטראוס בעמ,,,יח`,3,100 גרם,false,1,32.90,10.97,false,1,
7290003514007,false,שקדי מרק מנה (400 גרם),ש.שסטוביץ בעמ,,,יח`,4,100 גרם,false,1,9.90,2.48,false,1,
7290003521074,false,סרקל מרכך שיער לילדים דר. פישר (1 ליטר),פישר תעשיות פרמצבטיות בעמ,,,יח`,1,1 ליטר,false,1,29.90,29.90,false,1,
7290003521203,false,סרקל שמפו 2 ליטר,פישר תעשיות פרמצבטיות בעמ,,,יח`,2,1 ליטר,false,1,39.90,19.95,false,1,
7290003521395,false,סרקל פלוס 2 ליטר,פישר תעשיות פרמצבטיות בעמ,,,יח`,2,1 ליטר,false,1,39.90,19.95,false,1,
7290003524297,false,אספרגוס לבן צינצנת 330 גר`,נטו מלינדה סחר בעמ,,,יח`,3.30,100 גרם,false,1,9.90,3,false,1,
7290003550753,false,נתחי טונה בהירה בשמן פוסידון (108x4 גרם),נטו מלינדה סחר בעמ,,,יח`,4.32,100 גרם,false,1,21.90,5.07,false,1,
7290003578061,false,לבבות דקל שלמים וילי פוד (400 גרם),ג.וילי-פוד אינטרנשיונל בעמ,,,יח`,4,100 גרם,false,1,12.90,3.23,false,1,
7290003578078,false,קוקטייל פירות 850 גר`,ג.וילי-פוד אינטרנשיונל בעמ,,,יח`,8.50,100 גרם,false,1,9.90,1.16,false,1,
7290003578177,false,תירס צעיר שלם וילי פוד (410 גרם),ג.וילי-פוד אינטרנשיונל בעמ,,,יח`,4.10,100 גרם,false,1,6.90,1.68,false,1,
7290003578313,false,דובדבן חמוץ ללא חרצן,ג.וילי-פוד אינטרנשיונל בעמ,,,יח`,7.20,100 גרם,false,1,8.90,1.24,true,1,
7290003578412,false,חצאי אפרסקים בסירופ קל תפארת (820 גרם),ג.וילי-פוד אינטרנשיונל בעמ,,,יח`,8.20,100 גרם,false,1,9.90,1.21,false,1,
7290003643004,false,אורז בסמטי קלאסי סוגת (1 קג),סוגת תעשיות בעמ,,,יח`,1,"ק""ג",false,1,13.90,13.90,true,1,
7290003643387,false,סוכר לבן בצנצנת סוגת (1 קג),סוגת תעשיות בעמ,,,יח`,1,"ק""ג",false,1,7.90,7.90,false,1,
7290003643646,false,סוכר דמררה סוגת 1 קג,סוגת תעשיות בעמ,,,יח`,10,100 גרם,false,1,12.90,1.29,false,1,
7290003643684,false,אפונה סוגת (500 גרם),סוגת תעשיות בעמ,,,יח`,5,100 גרם,false,1,6.90,1.38,true,1,
7290003643707,false,גריסים סוגת (500 גרם),סוגת תעשיות בעמ,,,יח`,5,100 גרם,false,1,5.90,1.18,true,1,
7290003643714,false,חומוס סוגת (500 גרם),סוגת תעשיות בעמ,,,יח`,5,100 גרם,false,1,7.90,1.58,true,1,
7290003643738,false,חיטה סוגת (500 גרם),סוגת תעשיות בעמ,,,יח`,5,100 גרם,false,1,5.90,1.18,true,1,
7290003643745,false,כוסמת סוגת (500 גרם),סוגת תעשיות בעמ,,,יח`,5,100 גרם,false,1,7.90,1.58,true,1,
7290003643752,false,עדשים ירוקות סוגת (500 גרם),סוגת תעשיות בעמ,,,יח`,5,100 גרם,false,1,7.90,1.58,true,1,
7290003643769,false,עדשים אדומות סוגת (500 גרם),סוגת תעשיות בעמ,,,יח`,5,100 גרם,false,1,7.90,1.58,true,1,
7290003643776,false,פופקורן סוגת (500 גרם),סוגת תעשיות בעמ,,,יח`,5,100 גרם,false,1,6.90,1.38,true,1,
7290003643806,false,שעועית לבנה יבשה סוגת (500 גרם),סוגת תעשיות בעמ,,,יח`,5,100 גרם,false,1,12.90,2.58,true,1,
7290003643813,false,שעועית אדומה סוגת (500 גרם),סוגת תעשיות בעמ,,,יח`,5,100 גרם,false,1,10.90,2.18,true,1,
7290003643820,false,חומוס ענק סוגת (500 גרם),סוגת תעשיות בעמ,,,יח`,5,100 גרם,false,1,12.90,2.58,true,1,
7290003681334,false,קוקוס מיה (400 גרם),מיה תעשיות מזון מ.ת.מ. בעמ,,,יח`,4,100 גרם,false,1,11.90,2.98,false,1,
7290003681365,false,קישוט לעוגה 70  גר`צבעוני,מיה תעשיות מזון מ.ת.מ. בעמ,,,יח`,2,100 גרם,false,1,6.90,3.45,false,1,
7290003681792,false,סוכריות טופי פירות מיה (850 גרם),מיה תעשיות מזון מ.ת.מ. בעמ,,,יח`,8.50,100 גרם,false,1,15.90,1.87,false,1,
7290003726615,false,טופו ויילר 300 גר`,שטראוס גרופ בעמ/מצונן,,,יח`,3,100 גרם,false,1,11.90,3.97,true,1,
7290003726684,false,טופו ויילר 300  גר`טבעי חומוס,שטראוס גרופ בעמ/מצונן,,,יח`,3,100 גרם,false,1,13.90,4.63,true,1,
7290003744831,false,אובלטים 300  גר`עם בצל,שוקוטרייד בעמ,,,יח`,3,100 גרם,false,1,11.90,3.97,false,1,
7290003744862,false,אובלטים מלוחים דקיקים זעתר ברט (300 גרם),שוקוטרייד בעמ,,,יח`,3,100 גרם,false,1,11.90,3.97,false,1,
7290003781065,false,קורנישונים כבושום בחומץ 680  גר`וילי פוד,ג.וילי-פוד אינטרנשיונל בעמ,,,יח`,6.90,100 גרם,false,1,9.90,1.43,false,1,
7290003781652,false,צלפים 350 גר`,ג.וילי-פוד אינטרנשיונל בעמ,,,יח`,3.50,100 גרם,false,1,8.90,2.54,false,1,
7290003805501,false,פתית בסגנון שוודי תלמה (300 גרם),יוניליוור ישראל שיווק בעמ,,,יח`,3,100 גרם,false,1,17.90,5.97,true,1,
7290003807178,false,רוטב סויה סגנון סיני קנור (300 מל),יוניליוור ישראל שיווק בעמ,,,יח`,3,"100 מ""ל",false,1,12.90,4.30,true,1,
7290003864478,false,סרדינים בשמן צמחי וילי פוד (110 גרם),ג.וילי-פוד אינטרנשיונל בעמ,,,יח`,1.10,100 גרם,false,1,5.90,5.36,true,1,
7290003864485,false,סרדינים ברוטב עגבניות וילי פוד (110 גרם),ג.וילי-פוד אינטרנשיונל בעמ,,,יח`,1.10,100 גרם,false,1,5.90,5.36,true,1,
7290003864492,false,סרדין בשמן צמחי 110 גר`,ג.וילי-פוד אינטרנשיונל בעמ,,,יח`,1.10,100 גרם,false,1,5.90,5.36,true,1,
7290003882922,false,עלי גפן ממולאים באורז 400 גר`.,ג.וילי-פוד אינטרנשיונל בעמ,,,יח`,4,100 גרם,false,1,8.90,2.23,false,1,
7290003896141,false,אלמנדוס חטיף ספרדי,ליימן שליסל בעמ,,,יח`,2,100 גרם,false,1,8.90,4.45,true,1,
7290003962020,false,עריסה תוניסאית 200 גר`,מטעמי אביטלי,,,יח`,2,100 גרם,false,1,11.90,5.95,false,1,
7290003962037,false,שום כתוש 200 גר`.,מטעמי אביטלי,,,יח`,2,100 גרם,false,1,11.90,5.95,false,1,
7290003962075,false,שום כתוש 1 קג,מטעמי אביטלי,,,יח`,1,,false,1,29.90,29.90,false,1,
7290003962112,false,שום כתוש 400 גר`,מטעמי אביטלי,,,יח`,4,100 גרם,false,1,17.90,4.48,false,1,
7290003962419,false,עמבה 250 גר`,מטעמי אביטלי,,,יח`,2.50,100 גרם,false,1,11.90,4.76,false,1,
7290003976614,false,אקונומיקה סמיכה פרחים 4 ליטר עם פקק ביטח,סאסאטק אגשח בעמ,,,יח`,40,"100 מ""ל",false,1,11.90,0.30,false,1,
7290003989096,false,חצילים פיקנטי אחלה (500 גרם),שטראוס גרופ בעמ/מצונן,,,יח`,5.75,100 גרם,false,1,15.90,2.77,true,1,
7290003989539,false,רביולי עם גבינה שטראוס (400 גרם),שטראוס גרופ בעמ/מצונן,,,יח`,4,100 גרם,false,1,20.90,5.23,true,1,
7290003989553,false,טורטליני פטריות 400  גר`שטראוס,שטראוס גרופ בעמ/מצונן,,,יח`,4,100 גרם,false,1,20.90,5.23,true,1,
7290004011284,false,בסיס להכנת קצפת צמחי ריץ` (212 מל),נטו מלינדה סחר בעמ,,,יח`,2.12,"100 מ""ל",false,1,8.90,4.20,true,1,
7290004011291,false,בסיס להכנת קצפת צמחי ריץ` (425 מל),נטו מלינדה סחר בעמ,,,יח`,4.25,"100 מ""ל",false,1,16.90,3.98,true,1,
7290004011345,false,קצפת 250 מל פרווה ארוסול,נטו מלינדה סחר בעמ,,,יח`,2.50,"100 מ""ל",false,1,15.90,6.36,true,1,
7290004030544,false,מיץ סחוט לימונענע 1 ליטר פרי ניב,תנובה - פריניב,,,יח`,1,1 ליטר,false,1,14.90,14.90,false,1,
7290004061487,false,טבעות עוף700  גר`טופ שף,קפוא-זן תעשיות מזון בעמ - תפוג,,,יח`,7,100 גרם,false,1,14.90,2.13,false,1,
7290004063016,false,מלח שולחן מעולה סלית (1  קג)פיקוח,סוגת תעשיות בעמ,,,יח`,1,"ק""ג",false,1,1.90,1.90,false,1,
7290004063115,false,מלח מטבח גס ארזינא (1  קג)פיקוח,סוגת תעשיות בעמ,,,יח`,1,"ק""ג",false,1,1.90,1.90,false,1,
7290004064099,false,מטחנה מלח מהרי ההימלאיה,סוגת תעשיות בעמ,,,יח`,2.50,100 גרם,false,1,16.90,6.76,true,1,
7290004064174,false,מלח ההימלאיה דק בצנצנת 1 קג`,סוגת תעשיות בעמ,,,יח`,1,"ק""ג",false,1,17.90,17.90,true,1,
7290004064181,false,מלח ההימלאיה גס בצנצנת 1 קג`,סוגת תעשיות בעמ,,,יח`,1,"ק""ג",false,1,15.90,15.90,false,1,
7290004078263,false,צימרונים בלונס) (200x2,ש.שסטוביץ בעמ,,,יח`,1,,false,1,9.90,9.90,false,1,
7290004078690,false,WC ג`ל ניקוי לאסלה אג`קס (750 מל),ש.שסטוביץ בעמ,,,יח`,7.50,"100 מ""ל",false,1,14.90,1.99,false,1,
7290004119225,false,יוגורט ביו 3% אננס יופלה (150 גרם),תנובה - חלב,,,יח`,1.50,"100 מ""ל",false,1,4.90,3.27,false,1,
7290004119928,false,מעדן חלב 3% בטעם וניל קרלו (125 גרם),תנובה - חלב,,,יח`,1.25,"100 מ""ל",false,1,2.90,2.32,false,1,
7290004119973,false,מעדן קרלו שוקו 125 גר`,תנובה - חלב,,,יח`,1.25,"100 מ""ל",false,1,2.90,2.32,false,1,
7290004120061,false,מעדן חלב 1.5% שוניל קרלו (125 גרם),תנובה - חלב,,,יח`,1.25,"100 מ""ל",false,1,3,2.40,false,1,
7290004120566,false,גבינה בולגרית  (25024%  גרם)פיראוס תנובה,תנובה - חלב,,,יח`,2.50,100 גרם,false,1,22.90,9.16,false,1,
7290004120573,false,גבינה בולגרית  (25016%  גרם)פיראוס תנובה,תנובה - חלב,,,יח`,2.50,100 גרם,false,1,22.90,9.16,false,1,
7290004120634,false,גבינה בולגרית  (2505%  גרם)פיראוס תנובה,תנובה - חלב,,,יח`,2.50,100 גרם,false,1,21.90,8.76,false,1,
7290004121525,false,מאגדת 8 יופלה 3%,תנובה - חלב,,,יח`,1.20,1 ליטר,false,1,29.90,24.92,false,1,
7290004121754,false,יופלה עוגת גבינה ותות 3%,תנובה - חלב,,,יח`,1.50,"100 מ""ל",false,1,4.90,3.27,false,1,
7290004121839,false,גבינת פטה כבשים  (25020%  גרם)פיראוס בול,תנובה - חלב,,,יח`,2.50,100 גרם,false,1,26.50,10.60,false,1,
7290004121853,false,גבינה בולגרית קוביות  (2005%  גרם)פיראוס,תנובה - חלב,,,יח`,2,100 גרם,false,1,21.90,10.95,false,1,
7290004122119,false,פתיתי פרמז`ן השף הלבן (100 גרם),תנובה - חלב,,,יח`,1,100 גרם,false,1,12.20,12.20,false,1,
7290004122195,false,גוש חלב פרוס,תנובה - חלב,,,יח`,2,100 גרם,false,1,13.80,6.90,false,1,
7290004122270,false,גבינה צהובה קלאסית 28% עמק (200 גרם),תנובה - חלב,,,יח`,2,100 גרם,false,1,16.10,8.05,false,1,
7290004122348,false,גבינה צהובה מופחתת שומן 9% עמק (200 גרם),תנובה - חלב,,,יח`,2,100 גרם,false,1,16.90,8.45,false,1,
7290004122676,false,גבינה חמד לייט  (2505%  גרם)פיראוס תנובה,תנובה - חלב,,,יח`,2.50,100 גרם,false,1,17.90,7.16,false,1,
7290004122683,false,אצבעות עמק,תנובה - חלב,,,יח`,1.72,100 גרם,false,1,16.20,9.42,false,1,
7290004124205,false,יוגורט ביו דיאט 0% תות יופלה (150 גרם),תנובה - חלב,,,יח`,1.50,"100 מ""ל",false,1,4.90,3.27,false,1,
7290004124847,false,קצפת צמחית השף הלבן 500,תנובה - חלב,,,יח`,5,"100 מ""ל",false,1,14.90,2.98,false,1,
7290004125370,false,שמנת 9%,תנובה - חלב,,,יח`,2,"100 מ""ל",false,1,3.70,1.85,false,1,
7290004125400,false,אשל 4.5% מהדרין תנובה (200  מל)פיקוח,תנובה - חלב,,,יח`,2,"100 מ""ל",false,1,1.69,0.85,false,1,
7290004125417,false,גיל 3% מהדרין תנובה (200  מל)פיקוח,תנובה - חלב,,,יח`,2,"100 מ""ל",false,1,1.51,0.76,false,1,
7290004125455,false,שמנת חמוצה 15% מהדרין תנובה (200 מל),תנובה - חלב,,,יח`,2,"100 מ""ל",false,1,2.40,1.20,false,1,
7290004125462,false,שמנת חמוצה 15% תנובה (500 מל),תנובה - חלב,,,יח`,5,"100 מ""ל",false,1,6,1.20,false,1,
7290004125509,false,שמנת חמוצה 15% תנובה (100 מל),תנובה - חלב,,,יח`,1,"100 מ""ל",false,1,1.60,1.60,false,1,
7290004125578,false,משקה סויה מועשר תנובה (1 ליטר),תנובה - חלב,,,יח`,1,1 ליטר,false,1,9.90,9.90,false,1,
7290004125585,false,משקה סויה 1 ליטר וניל על הבוקר,תנובה - חלב,,,יח`,1,1 ליטר,false,1,9.90,9.90,false,1,
7290004125721,false,שמנת עמידה לבישול 15% השף הלבן (250 מל),תנובה - חלב,,,יח`,2.50,"100 מ""ל",false,1,8.20,3.28,false,1,
7290004125738,false,השף הלבן שמנת להקצפה 250,תנובה - חלב,,,יח`,2.50,"100 מ""ל",false,1,6.40,2.56,false,1,
7290004125776,false,גבינה צהובה קלאסית 28% עמק (400 גרם),תנובה - חלב,,,יח`,4,100 גרם,false,1,27.80,6.95,false,1,
7290004126674,false,טל העמק לייט,תנובה - חלב,,,יח`,2,100 גרם,false,1,18.90,9.45,false,1,
7290004126872,false,משקה שוק שוקו 250 מל,תנובה - חלב,,,יח`,2.50,"100 מ""ל",false,1,5.90,2.36,false,1,
7290004127077,false,גבינת  קוטג`3% תנובה (250 גרם),תנובה - חלב,,,יח`,2.50,100 גרם,false,1,5.50,2.20,false,1,
7290004127329,false,גבינת  קוטג`5% תנובה (250 גרם),תנובה - חלב,,,יח`,2.50,100 גרם,false,1,5.50,2.20,false,1,
7290004127336,false,גבינת  קוטג`9% תנובה (250 גרם),תנובה - חלב,,,יח`,2.50,100 גרם,false,1,5.50,2.20,false,1,
7290004127800,false,גבינה לבנה 5% תנובה (500  גרם)פיק,תנובה - חלב,,,יח`,5,100 גרם,false,1,9.96,1.99,false,1,
7290004127817,false,גבינה לבנה 9% תנובה (500 גרם),תנובה - חלב,,,יח`,5,100 גרם,false,1,9.50,1.90,false,1,
7290004127862,false,גבינה לבנה 5% תנובה (750 גרם),תנובה - חלב,,,יח`,7.50,100 גרם,false,1,14.94,1.99,false,1,
7290004128432,false,פתיתים מיוחדים לפיצה,תנובה - חלב,,,יח`,5,100 גרם,false,1,21.80,4.36,false,1,
7290004129101,false,גבינת נפוליאון 225  גר`טבעי גביע,תנובה - חלב,,,יח`,2.25,100 גרם,false,1,13.90,6.18,false,1,
7290004129156,false,גבינת נפוליאון 225  גר`שום שמיר גביע,תנובה - חלב,,,יח`,2.25,100 גרם,false,1,13.90,6.18,false,1,
7290004129545,false,גבינה לבנה 3% תנובה (250 גרם),תנובה - חלב,,,יח`,2.50,100 גרם,false,1,4.70,1.88,false,1,
7290004129767,false,יופלה לבן שמינייה 3%,תנובה - חלב,,,יח`,12,"100 מ""ל",false,1,17.50,1.46,false,1,
7290004130794,false,משקה סויה במתיקות מופחתת תנובה (1 ליטר),תנובה - חלב,,,יח`,1,1 ליטר,false,1,9.90,9.90,false,1,
7290004130916,false,יופלה שמנת עם פירות יער,תנובה - חלב,,,יח`,1.50,"100 מ""ל",false,1,4.90,3.27,false,1,
7290004131074,false,חלב 3% מהדרין תנובה (1 ליטר),תנובה - חלב,,,יח`,1,1 ליטר,false,1,6.23,6.23,false,1,
7290004131456,false,יופלה-קרם יוגורט 1.5%,תנובה - חלב,,,יח`,2,"100 מ""ל",false,1,3.90,1.95,false,1,
7290004131531,false,שוקו 30% פחות תוספת סוכר תנובה (1 ליטר),תנובה - חלב,,,יח`,1,1 ליטר,false,1,12.50,12.50,false,1,
7290004131814,false,גבינת צפתית מעודנת  (2005%  גרם)פיראוס ת,תנובה - חלב,,,יח`,2,100 גרם,false,1,14.90,7.45,false,1,
7290004132552,false,משקה סויה 1 ליטר דיא,תנובה - חלב,,,יח`,1,1 ליטר,false,1,9.90,9.90,false,1,
7290004132606,false,קרלו מיני שמינייה וניל,תנובה - חלב,,,יח`,8,"100 מ""ל",false,1,13.90,1.74,false,1,
7290004132712,false,אצבעות עמק,תנובה - חלב,,,יח`,1.74,100 גרם,false,1,16.50,9.48,false,1,
7290004132903,false,גבינה לבנה 250  גר`3%,תנובה - חלב,,,יח`,2.50,100 גרם,false,1,4.70,1.88,false,1,
7290004133511,false,מאגדת שמינייה יופלה,תנובה - חלב,,,יח`,1.20,1 ליטר,false,1,20.90,17.42,false,1,
7290004135058,false,קרלו מיני שמינייה שוקולד,תנובה - חלב,,,יח`,8,"100 מ""ל",false,1,13.90,1.74,false,1,
7290004135614,false,גבינה בולגרית מעודנת  (2505%  גרם)פיראוס,תנובה - חלב,,,יח`,2.50,100 גרם,false,1,21.90,8.76,false,1,
7290004136598,false,מארז הפסקת אוכל  חלבי+ קורנפלקס,תנובה - חלב,,,יח`,1.50,"100 מ""ל",false,1,9.90,6.60,false,1,
7290004136857,false,מעדן ג`לי בטעם פטל תנובה (125 גרם),תנובה - חלב,,,יח`,1.25,"100 מ""ל",false,1,2.30,1.84,false,1,
7290004136864,false,ג`לי אננס+חתיכות,תנובה - חלב,,,יח`,1.25,"100 מ""ל",false,1,2.60,2.08,false,1,
7290004136871,false,ג`לי אפרסק+חתיכות,תנובה - חלב,,,יח`,1.25,"100 מ""ל",false,1,2.60,2.08,false,1,
7290004137021,false,שמנת עמידה לבישול 10% השף הלבן (250 מל),תנובה - חלב,,,יח`,2.50,"100 מ""ל",false,1,8.20,3.28,false,1,
7290004137311,false,גבינה צהובה מופחתת שומן 9% עמק (400 גרם),תנובה - חלב,,,יח`,4,100 גרם,false,1,30.80,7.70,false,1,
7290004225285,false,גבינה בסגנון דנאבלו 100 גר,נטו מלינדה סחר בעמ,,,יח`,1,100 גרם,false,1,13.90,13.90,true,1,
7290004255428,false,נר נשמה בפחית 24 שעות מנורה,אבאל יזמות בעמ,,,יח`,1,,false,1,1.90,1.90,false,1,
7290004494131,false,קברנה סוביניון 750 מל D דלתון,הכרם - משקאות חריפים בעמ,,,יח`,7.50,"100 מ""ל",false,1,64.90,8.61,true,1,
7290004494148,false,מרלו 750 מל D דלתון,הכרם - משקאות חריפים בעמ,,,יח`,7.50,"100 מ""ל",false,1,64.90,8.61,true,1,
7290004494377,false,יין אדום יבש שיראז יקב דלתון (750 מל),הכרם - משקאות חריפים בעמ,,,יח`,7.50,"100 מ""ל",false,1,64.90,8.61,true,1,
7290004544539,false,לחמניות סנדביץ ללא גלוטן 6 יח`,מאפיית אריאל בעמ,,,יח`,1,,false,1,17.90,17.90,false,1,
7290004544546,false,שליש בגט ללא גלוטן 4 יח,מאפיית אריאל בעמ,,,יח`,1,,false,1,17.90,17.90,false,1,
7290004554330,false,אסקימו דובדבן,גלידות שטראוס בעמ,,,יח`,0,100 גרם,false,1,1.90,1.90,true,1,
7290004554798,false,שלגון מטרה פטל ולימון,גלידות שטראוס בעמ,,,יח`,1,,false,1,4.90,4.90,true,1,
7290004575632,false,ריאו קרמבו י16ח וניל,ריאו נתניה ביחר לגלידה וממתקים,,,יח`,1,,false,1,21.90,21.90,false,1,
7290004584351,false,גבינת במרקם שמנת 5% סימפוניה 200 גר (200,שטראוס גרופ בעמ/מצונן,,,יח`,2,100 גרם,false,1,11.40,5.70,true,1,
7290004584528,false,יוגורט ביו 1.7% דנונה (200 גרם),שטראוס גרופ בעמ/מצונן,,,יח`,2,"100 מ""ל",false,1,3.50,1.75,false,1,
7290004585907,false,דני וניל בודד,שטראוס גרופ בעמ/מצונן,,,יח`,1.30,"100 מ""ל",false,1,2.60,2,false,1,
7290004658847,false,יין 187 תירוש אדום,אגודת הכורמים,,,יח`,1.87,"100 מ""ל",false,1,5.90,2.99,false,1,
7290004685010,false,שיפון פלוס לחם הארץ (500 גרם),י.את א. ברמן בעמ,,,יח`,5,100 גרם,false,1,16.20,3.24,false,1,
7290004685089,false,לחם חמניות ברמן,י.את א. ברמן בעמ,,,יח`,1,,false,1,16.20,16.20,false,1,
7290004685157,false,לחם שיפון 100% פרוס לחם הארץ (750 גרם),י.את א. ברמן בעמ,,,יח`,7.50,100 גרם,false,1,16.20,2.16,false,1,
7290004685430,false,100% לחם כומסין 500 גר לחם הארץ,י.את א. ברמן בעמ,,,יח`,5,100 גרם,false,1,16.20,3.24,false,1,
7290004685447,false,לחמניות כוסמין 6 יח בשקית מלא 450  גר`E,י.את א. ברמן בעמ,,,יח`,4.50,100 גרם,false,1,15.90,3.53,true,1,
7290004685454,false,לחם שיבולת שועל 500  גר`ברמן,י.את א. ברמן בעמ,,,יח`,5,100 גרם,false,1,16.90,3.38,false,1,
7290004731076,false,אל סבון נוזלי אלוורה כיף (1 ליטר),החברה הדרומית לשיווק בעמ,,,יח`,1,1 ליטר,false,1,13.90,13.90,true,1,
7290004731083,false,אל סבון נוזלי ג`ינסנג כיף (1 ליטר),החברה הדרומית לשיווק בעמ,,,יח`,1,1 ליטר,false,1,13.90,13.90,true,1,
7290004731519,false,סנו מקסימה למייבש 750 מל,החברה הדרומית לשיווק בעמ,,,יח`,7.50,"100 מ""ל",false,1,17.90,2.39,true,1,
7290004737900,false,חלב מרוכז הולנדי וילי פוד (397 גרם),ג.וילי-פוד אינטרנשיונל בעמ,,,יח`,3.97,100 גרם,false,1,9.90,2.49,false,1,
7290004944032,false,חומוס  אמיתי( 400  גר`)אסלי,סלטי שמיר 2006 בעמ,,,יח`,4,100 גרם,false,1,9.90,2.48,true,1,
7290004944049,false,סלט  טחינה( 400  גר`)אסלי,סלטי שמיר 2006 בעמ,,,יח`,4,100 גרם,false,1,9.90,2.48,true,1,
7290004944056,false,חציל במיונז  אסלי( 400  גר`)אסלי,סלטי שמיר 2006 בעמ,,,יח`,4,100 גרם,false,1,9.90,2.48,true,1,
7290004982355,false,צ`דר  טריפל- מעדנייה,א. סיימן סחר בעמ,,,"ק""ג",10,100 גרם,true,1,119,11.90,false,1,
7290005008481,false,ספיד סטיק גל בסיסי ספורט פאוור,ש.שסטוביץ בעמ,,,יח`,0.85,100 גרם,false,1,17.90,21.06,false,1,
7290005040702,false,חזרת,משק איזנבנד שניר,,,"ק""ג",1,,true,1,39.90,39.90,false,1,
7290005068492,false,לקט ירקות מעורבים 800  גר`פרי גליל,ויטה -פרי גליל (החדשה) בעמ,,,יח`,8,100 גרם,false,1,9.90,1.24,false,1,
7290005079290,false,גבנצ 15% נעם חריץ מעדנייה,החב` המרכזית - טרה,,,"ק""ג",10,100 גרם,true,1,68,6.80,false,1,
7290005084355,false,משחת שיניים דואל קר סנסודיין (75 מל),גורי ע.ע.ע בעמ,,,יח`,0.75,100 גרם,false,1,21.90,29.20,true,1,
7290005174513,false,חצילים במיונז אחלה (500 גרם),שטראוס גרופ בעמ/מצונן,,,יח`,5,100 גרם,false,1,15.50,3.10,true,1,
7290005174551,false,חומוס אחלה (125 גרם),שטראוס גרופ בעמ/מצונן,,,יח`,1.25,100 גרם,false,1,4.90,3.92,false,1,
7290005174568,false,חצילים אחלה יום יום 125 גר`,שטראוס גרופ בעמ/מצונן,,,יח`,1.25,100 גרם,false,1,4.90,3.92,false,1,
7290005175428,false,קמח תירס 500 ללא גלוטן,ג.וילי-פוד אינטרנשיונל בעמ,,,יח`,5,100 גרם,false,1,5.90,1.18,false,1,
7290005197758,false,חיוכים שוקו 150,שטראוס גרופ בעמ,,,יח`,1.50,100 גרם,false,1,4.90,3.27,false,1,
7290005199578,false,קפה PLATINUM נטול 200 גר,שטראוס גרופ בעמ,,,יח`,2,100 גרם,false,1,24.90,12.45,false,1,
7290005200786,false,תפוצ`יפס 50 גר שמנת בצל,שטראוס פריטו ליי בעמ,,,יח`,0.50,100 גרם,false,1,3.90,7.80,false,1,
7290005201882,false,קפה טורקי עלית (200 גרם),שטראוס גרופ בעמ,,,יח`,2,100 גרם,false,1,15.90,7.95,true,1,
7290005230059,false,צלחת מרק לבנה 25 יח פאלאס .,פאלאס תעשיות נטו (2014) בעמ,,,יח`,25,100 גרם,false,1,9.90,0.40,false,1,
7290005230066,false,ליפתניות לבן 25 יח פאלאס,פאלאס תעשיות נטו (2014) בעמ,,,יח`,1,,false,1,5.90,5.90,true,1,
7290005230455,false,צלחת מרכזית חד פעמי 30  יח`פאלאס,פאלאס תעשיות נטו (2014) בעמ,,,יח`,1,,false,1,16.90,16.90,false,1,
7290005230806,false,כוסות לשתיה קרה 100/180,פאלאס תעשיות נטו (2014) בעמ,,,יח`,1,,false,1,9.90,9.90,true,1,
7290005230813,false,קערית אובלית לבן 25 יח פאלאס,פאלאס תעשיות נטו (2014) בעמ,,,יח`,1,,false,1,9.20,9.20,true,1,
7290005287206,false,טונה סטאריקיסט בשמן 160  גר`רביעייה,סטארקיסט דיפלומט היינץ,,,יח`,6.40,100 גרם,false,1,24.90,3.89,false,1,
7290005287251,false,טונה סטארקיסט במים 160  גר`רביעייה,סטארקיסט דיפלומט היינץ,,,יח`,6.40,100 גרם,false,1,24.90,3.89,false,1,
7290005287510,false,ס.ק בשמן עם פלפל חריף 160 גרם בי,סטארקיסט דיפלומט היינץ,,,יח`,1.60,100 גרם,false,1,8.90,5.56,false,1,
7290005287527,false,ס.ק בשמן עם לימון פ.ק 160 גרם בי,סטארקיסט דיפלומט היינץ,,,יח`,1.60,100 גרם,false,1,8.90,5.56,false,1,
7290005287930,false,טונה במים בדץ סטארקיסט (160x4 גרם),סטארקיסט דיפלומט היינץ,,,יח`,6.40,100 גרם,false,1,24.90,3.89,false,1,
7290005326523,false,אוליביה פסטו פטרוזיליה ונענע (180 גרם),תה ויסוצקי (ישראל) בעמ,,,יח`,1.80,100 גרם,false,1,13.90,7.72,false,1,
7290005423253,false,סנו מקסימה למייבש 750 מל,החברה הדרומית לשיווק בעמ,,,יח`,7.50,"100 מ""ל",false,1,17.90,2.39,true,1,
7290005423567,false,מטליות לניקוי בגליל צהוב סנו סושי) (40,החברה הדרומית לשיווק בעמ,,,יח`,1,,false,1,19.90,19.90,true,1,
7290005423635,false,דוחה חרקים 2 ליטר,החברה הדרומית לשיווק בעמ,,,יח`,2,1 ליטר,false,1,22.90,11.45,true,1,
7290005423918,false,סנו מקסימה4 ליטר כחול,החברה הדרומית לשיווק בעמ,,,יח`,4,1 ליטר,false,1,19.90,4.98,false,1,
7290005424403,false,אל סבון נוזלי כיף (1 ליטר),החברה הדרומית לשיווק בעמ,,,יח`,1,1 ליטר,false,1,13.90,13.90,true,1,
7290005424700,false,מתז פורטה פלוס 1 ליטר XL סנו,החברה הדרומית לשיווק בעמ,,,יח`,10,"100 מ""ל",false,1,17.90,1.79,true,1,
7290005424755,false,ריזצפז פלוס מטליות לחות לניקוי רצפות-דו,החברה הדרומית לשיווק בעמ,,,יח`,1,,false,1,14.90,14.90,false,1,
7290005424762,false,ריצפז+דוחה חרקים+ווקס,החברה הדרומית לשיווק בעמ,,,יח`,2,1 ליטר,false,1,25.90,12.95,false,1,
7290005424847,false,מפיות נייר סנו סושי) (150,החברה הדרומית לשיווק בעמ,,,יח`,150,יח`,false,1,7.90,0.05,true,1,
7290005424915,false,סנומוד נטול גזפציולי 150 מל,החברה הדרומית לשיווק בעמ,,,יח`,1.50,"100 מ""ל",false,1,10.90,7.27,true,1,
7290005424991,false,פרש אוטומטיק בהתזה קצובה בניחוחח בייבי פ,החברה הדרומית לשיווק בעמ,,,יח`,2.50,"100 מ""ל",false,1,13.90,5.56,false,1,
7290005425110,false,מרסס לחיטוי משטחים 99.9% 750 מל סנו,החברה הדרומית לשיווק בעמ,,,יח`,7.50,"100 מ""ל",false,1,14.90,1.99,true,1,
7290005425196,false,א.כביסה סנו מקסימה 2.5 קג`,החברה הדרומית לשיווק בעמ,,,יח`,2.50,"ק""ג",false,1,24.90,9.96,false,1,
7290005426193,false,ספוגית הפלא סנו סושי) (6,החברה הדרומית לשיווק בעמ,,,יח`,1,,false,1,12.90,12.90,true,1,
7290005426803,false,סנו מקסימה4 ליטר סגול,החברה הדרומית לשיווק בעמ,,,יח`,4,1 ליטר,false,1,19.90,4.98,false,1,
7290005427107,false,מגבת הפלא סנו סושי) (6,החברה הדרומית לשיווק בעמ,,,יח`,5.70,100 גרם,false,1,12.90,2.26,true,1,
7290005428852,false,מגבוני טישו צבעוני סנו) (100x5,החברה הדרומית לשיווק בעמ,,,יח`,6.50,100 גרם,false,1,12.90,1.98,false,1,
7290005430602,false,סנו אוקסיג`ן מרסס מסיר כתמים,החברה הדרומית לשיווק בעמ,,,יח`,7.50,"100 מ""ל",false,1,18.90,2.52,true,1,
7290005430671,false,פוליויקס 2 ליטר,החברה הדרומית לשיווק בעמ,,,יח`,2,1 ליטר,false,1,20.90,10.45,false,1,
7290005431883,false,מלבי חלבי 165  גר`עדן קינוחים,תנובה - חלב,,,יח`,1.65,"100 מ""ל",false,1,6.90,4.18,false,1,
7290005431906,false,מארז קדאיף 82  גר`עדן קינוחים,תנובה - חלב,,,יח`,1.24,100 גרם,false,1,6.90,5.56,false,1,
7290005431913,false,עוגת גבינה פרורים 92  גר`עדן קינוחים,תנובה - חלב,,,יח`,0.92,100 גרם,false,1,6.90,7.50,false,1,
7290005431920,false,עוגת גבינה פרורים לייט 78  גר`עדן קינוחי,תנובה - חלב,,,יח`,1,,false,1,6.90,6.90,false,1,
7290005431937,false,מעדן טירמיסו 82  גר`עדן קינוחים,תנובה - חלב,,,יח`,0.82,100 גרם,false,1,6.90,8.41,false,1,
7290005431968,false,מלבי שמנת 150  גר`תנובה,תנובה - חלב,,,יח`,1.50,"100 מ""ל",false,1,6.90,4.60,false,1,
7290005559587,false,מאפה נקניקיה מעדנות,תנובה קפואים,,,יח`,8,100 גרם,false,1,30,3.75,false,1,
7290005559907,false,פיצה משפחתית גבינה מעדנות (500 גרם),תנובה קפואים,,,יח`,5,100 גרם,false,1,23.90,4.78,false,1,
7290005559914,false,פיצה משפחתית זיתים מעדנות (550 גרם),תנובה קפואים,,,יח`,5.50,100 גרם,false,1,25.90,4.71,false,1,
7290005559990,false,בצק פילאס תורכי מעדנות (600 גרם),תנובה קפואים,,,יח`,6,100 גרם,false,1,22.90,3.82,true,1,
7290005591761,false,דבש לחיץ 400  גר`יד מרדכי,שטראוס גרופ בעמ,,,יח`,4,100 גרם,false,1,20.90,5.23,false,1,
7290005610509,false,צנונית ארוזה,תוצרת הנגב אגודה שיתופית חקלאי,,,יח`,1,,false,1,6.90,6.90,true,1,
7290005651427,false,בונזו מולטי-פק  *3 410 גרם,שחורי אריה ואנסטסיה,,,יח`,1.24,"ק""ג",false,1,17.90,14.44,false,1,
7290005838002,false,דניאלה מעדן בטעם וניל שטראוס (88 גרם),שטראוס גרופ בעמ/מצונן,,,יח`,1.50,"100 מ""ל",false,1,4,2.67,false,1,
7290005838613,false,קרם גבינה 3% בטעם וניל סקי (125 גרם),שטראוס גרופ בעמ/מצונן,,,יח`,1.25,100 גרם,false,1,3.70,2.96,true,1,
7290005838972,false,קרם גבינה 5% סקי (125 גרם),שטראוס גרופ בעמ/מצונן,,,יח`,1.25,100 גרם,false,1,3.10,2.48,false,1,
7290005839078,false,יוגורט ביו 3% דנונה (150x8 גרם),שטראוס גרופ בעמ/מצונן,,,יח`,1.20,1 ליטר,false,1,16.80,14,false,1,
7290005839108,false,סימפוניה 200 גר +5%זיתים,שטראוס גרופ בעמ/מצונן,,,יח`,2,100 גרם,false,1,11.40,5.70,true,1,
7290005839313,false,מילקי טופ מגולגלת,שטראוס גרופ בעמ/מצונן,,,יח`,1.30,"100 מ""ל",false,1,4.90,3.77,false,1,
7290005896439,false,בירה בקבוק מכבי (500 מל),טמפו משקאות בעמ,,,יח`,5,"100 מ""ל",false,1,6.90,1.14,false,1,
7290005938245,false,ממרח פסטו קלאסי 220,נטו מלינדה סחר בעמ,,,יח`,1.90,100 גרם,false,1,19,10,false,1,
7290005992575,false,גבינה בולגרית למריחה 5% גד (250 גרם),מחלבות גד שיווק 1992 בעמ,,,יח`,2.50,100 גרם,false,1,16.90,6.76,false,1,
7290005992735,false,לאבנה 5% גד (250 גרם),מחלבות גד שיווק 1992 בעמ,,,יח`,2.50,100 גרם,false,1,11.90,4.76,false,1,
7290005996078,false,סרוולט הונגרי 125  גר`יחיעם,מעדני יחיעם (1993) בעמ,,,יח`,1.25,100 גרם,false,1,25.90,20.72,false,1,
7290005996238,false,פסטרמה בדבש דק דק (120  גר`)יחיעם,מעדני יחיעם (1993) בעמ,,,יח`,1.20,100 גרם,false,1,10.90,9.08,false,1,
7290005996276,false,פסטרמה ברביקין דק דק (120  גר`)יחיעם,מעדני יחיעם (1993) בעמ,,,יח`,1.20,100 גרם,false,1,10.90,9.08,false,1,
7290006185501,false,פנינה אל סבון 1 ליטר ורוד,פנינה רוזנבלום בעמ,,,יח`,1,1 ליטר,false,1,9.90,9.90,false,1,
7290006185518,false,פנינה אל סבון 1 ליטר כחול,פנינה רוזנבלום בעמ,,,יח`,1,1 ליטר,false,1,9.90,9.90,false,1,
7290006199027,false,מאגדת מצופה דיאט שמינייה,פלקו בעמ,,,יח`,6.40,100 גרם,false,1,29.90,4.67,false,1,
7290006229427,false,מים מינרלים סאן בנדטו (500x6 מל),טמפו משקאות בעמ,,,יח`,3,1 ליטר,false,1,13.70,3.97,true,1,
7290006241153,false,אגוזי פקאן סיניים קליית גת (150 גרם),ליימן שליסל בעמ,,,יח`,1.50,100 גרם,false,1,17.50,11.67,false,1,
7290006241191,false,אגוזי מלך טבעיים קליית גת (150 גרם),ליימן שליסל בעמ,,,יח`,1.50,100 גרם,false,1,16.90,11.27,false,1,
7290006251107,false,תה צ`אי מסאלה ויסוצקי) (25,תה ויסוצקי (ישראל) בעמ,,,יח`,0.50,100 גרם,false,1,17.50,35,false,1,
7290006251275,false,תה ירוק סיני ויסוצקי) (25,תה ויסוצקי (ישראל) בעמ,,,יח`,0.3750,100 גרם,false,1,24.90,66.40,true,1,
7290006265500,false,פטריות שמפניון ארוז,קונס`-מרינה פטריות הגליל בעמ*ש,,,יח`,2.50,1 ליטר,false,1,9.90,3.96,false,1,
7290006271174,false,מעדנות-ג חנון בצק,תנובה קפואים,,,יח`,7,100 גרם,false,1,18.90,2.70,true,1,
7290006271181,false,ג`חנון אפוי מעדנות (5 יח` - 750 גרם),תנובה קפואים,,,יח`,7.50,100 גרם,false,1,24.90,3.32,true,1,
7290006271648,false,מיני בורקס תפוח אדמה מעדנות (800 גרם),תנובה קפואים,,,יח`,6.50,100 גרם,false,1,24,3.69,true,1,
7290006271655,false,מיני בורקס במילוי גבינה מעדנות (800 גרם),תנובה קפואים,,,יח`,8,100 גרם,false,1,25.90,3.24,true,1,
7290006272072,false,מעדנות חטיפי פיצה 650 גר`,תנובה קפואים,,,יח`,6.50,100 גרם,false,1,33.90,5.22,true,1,
7290006342447,false,גרעין אבטיח 200 גרם ששון הקולה,דין שיווק וקליה 2021 בעמ,,,יח`,2,100 גרם,false,1,12.90,6.45,false,1,
7290006374738,false,קונפיטורת תות יד מרדכי 340 גר`,שטראוס גרופ בעמ,,,יח`,3.40,100 גרם,false,1,11.90,3.50,false,1,
7290006439444,false,גולדן אורז בסמטי מוזהב 1קג,בני ג`ורג` שוקחה (חיפה) בעמ,,,יח`,1,"ק""ג",false,1,10.90,10.90,false,1,
7290006439703,false,אפונה חצאים 1 קג שוקחה,בני ג`ורג` שוקחה (חיפה) בעמ,,,יח`,1,"ק""ג",false,1,8.90,8.90,false,1,
7290006439710,false,שעועית אדומה 1 קג שוקחה,בני ג`ורג` שוקחה (חיפה) בעמ,,,יח`,1,"ק""ג",false,1,15.90,15.90,false,1,
7290006492432,false,גבינה מוצרלה בייבי 18% גד (150 גרם),מחלבות גד שיווק 1992 בעמ,,,יח`,1.70,100 גרם,false,1,12.90,7.59,false,1,
7290006492616,false,בולגרית פרוסות  -2505%גד,מחלבות גד שיווק 1992 בעמ,,,יח`,2.50,100 גרם,false,1,25.90,10.36,false,1,
7290006492630,false,גבינה עיזים גדעז 20% גד (180 גרם),מחלבות גד שיווק 1992 בעמ,,,יח`,1.80,100 גרם,false,1,22.90,12.72,false,1,
7290006492685,false,גבינת לאבנה עיזים 5% גד (250 גרם),מחלבות גד שיווק 1992 בעמ,,,יח`,2.50,100 גרם,false,1,16.90,6.76,false,1,
7290006492852,false,גבינה לבנה עיזים 5% גד (250 גרם),מחלבות גד שיווק 1992 בעמ,,,יח`,2.50,100 גרם,false,1,16.90,6.76,true,1,
7290006511157,false,פטריות שמפניון שלמות וילי פוד (400 גרם),ג.וילי-פוד אינטרנשיונל בעמ,,,יח`,4,100 גרם,false,1,7.90,1.98,false,1,
7290006511751,false,שלישית פטריות חתוכות,ג.וילי-פוד אינטרנשיונל בעמ,,,יח`,8.70,100 גרם,false,1,11.90,1.37,false,1,
7290006546371,false,במיה 600  גר`פרי גליל,ויטה -פרי גליל (החדשה) בעמ,,,יח`,6,100 גרם,false,1,9.90,1.65,false,1,
7290006582539,false,חמוציות 250  גר`שקדיה,דין שיווק וקליה 2021 בעמ,,,יח`,2.50,100 גרם,false,1,9.90,3.96,false,1,
7290006644510,false,תפוזינה ענבים 0.5 ליטר,יפאורה,,,יח`,5,"100 מ""ל",false,1,5.90,1.12,true,1,
7290006652027,false,במבה אסם (15x20 גרם),קבוצת אסם סחר שות. מוגבלת,,,יח`,3,100 גרם,false,1,23.90,7.97,false,1,
7290006653819,false,קוסקוס דק אסם (350 גרם),קבוצת אסם סחר שות. מוגבלת,,,יח`,3.50,100 גרם,false,1,8.90,2.54,false,1,
7290006664037,false,גמדים רביעייה דגנים,שטראוס גרופ בעמ/מצונן,,,יח`,4,"100 מ""ל",false,1,11.40,2.85,true,1,
7290006664051,false,אקטימל 1.8% דנונה (100x14 מל),שטראוס גרופ בעמ/מצונן,,,יח`,1.40,1 ליטר,false,1,29.90,21.36,false,1,
7290006664310,false,קרם גבינה 3% סקי (250 גרם),שטראוס גרופ בעמ/מצונן,,,יח`,2.50,100 גרם,false,1,4.70,1.88,false,1,
7290006664532,false,יוגורט ביו 3% תות דנונה (150 גרם),שטראוס גרופ בעמ/מצונן,,,יח`,1.50,"100 מ""ל",false,1,3.90,2.60,false,1,
7290006664655,false,אקטימל דנונה (100x8 מל),שטראוס גרופ בעמ/מצונן,,,יח`,8,"100 מ""ל",false,1,19.90,2.49,false,1,
7290006664693,false,יוגורט ביו 3% אפרסק דנונה (150 גרם),שטראוס גרופ בעמ/מצונן,,,יח`,1.50,"100 מ""ל",false,1,3.90,2.60,false,1,
7290006664990,false,יוגורט ביו 1.7% דנונה (150x8 גרם),שטראוס גרופ בעמ/מצונן,,,יח`,1.20,1 ליטר,false,1,16.80,14,false,1,
7290006681065,false,טעמקור XL,גלידות שטראוס בעמ,,,יח`,1,100 גרם,false,1,6.60,6.60,true,1,
7290006681553,false,קרמבו שמינייה וניל,גלידות שטראוס בעמ,,,יח`,2,100 גרם,false,1,15.90,7.95,false,1,
7290006681560,false,קרמבו שמינייה מוקה,גלידות שטראוס בעמ,,,יח`,2,100 גרם,false,1,15.90,7.95,false,1,
7290006696595,false,יין אדום מתוק מסורת אפרת (1 ליטר),יקב טפרברג 1870 בעמ (יינות ומש,,,יח`,1,1 ליטר,false,1,21.90,21.90,true,1,
7290006704269,false,חסה עגולה,מרינה פטריות הגליל בעמ,,,יח`,1,,false,1,5,5,false,1,
7290006738615,false,קבב זהב קפוא זוגלובק (8  יח`- 400 גרם),זוגלובק שיווק בעמ,,,יח`,4,100 גרם,false,1,19.90,4.98,false,1,
7290006739131,false,זוגלובק בצק פילו,זוגלובק שיווק בעמ,,,יח`,5,100 גרם,false,1,18.90,3.78,false,1,
7290006739346,false,נקניקיות פרגיות זוגלובק (400 גרם),זוגלובק שיווק בעמ,,,יח`,4,100 גרם,false,1,17.90,4.48,false,1,
7290006739407,false,שניצל תירס לייט זוגלובק (630 גרם),זוגלובק שיווק בעמ,,,יח`,6,100 גרם,false,1,35.90,5.98,true,1,
7290006739414,false,סלמי קוניאק זוגלובק (300 גרם),זוגלובק שיווק בעמ,,,יח`,3.50,100 גרם,false,1,29.90,8.54,true,1,
7290006739421,false,סלמי איטלקי מעושן זוגלובק (300 גרם),זוגלובק שיווק בעמ,,,יח`,3,100 גרם,false,1,28.90,9.63,true,1,
7290006741387,false,מלוואח 700  גר`בדצ,זוגלובק שיווק בעמ,,,יח`,7,100 גרם,false,1,16.90,2.41,false,1,
7290006742162,false,המבורגר מיזרחי,זוגלובק שיווק בעמ,,,יח`,4,100 גרם,false,1,19.90,4.98,false,1,
7290006742278,false,פסטרמה צלויה 330 גר`,זוגלובק שיווק בעמ,,,יח`,3.30,100 גרם,false,1,28.90,8.76,true,1,
7290006742292,false,פסטרממיה בדבש 330 גר`,זוגלובק שיווק בעמ,,,יח`,3.30,100 גרם,false,1,28.90,8.76,true,1,
7290006742315,false,חזה הודו ברביקיו 330 גר`,זוגלובק שיווק בעמ,,,יח`,3.30,100 גרם,false,1,28.90,8.76,true,1,
7290006748119,false,פרחים זר גרברה,פרחי ליידי דיאן בעמ,,,יח`,1,,false,1,59,59,false,1,
7290006764065,false,בירה שחורה נשר מאלט חוזר (500 מל),טמפו משקאות בעמ,,,יח`,5,"100 מ""ל",false,1,4.90,0.74,true,1,
7290006764072,false,בירה גולדסטאר (500 מל),טמפו משקאות בעמ,,,יח`,5,"100 מ""ל",false,1,6.90,1.14,false,1,
7290006764478,false,בירה נשר מאלט 330,החברה המרכזית להפצת משקאות בעמ,,,יח`,3.30,"100 מ""ל",false,1,5.50,1.58,false,1,
7290006764485,false,בירה שחורה בבקבוק נשר מאלט (330x6 מל),טמפו משקאות בעמ,,,יח`,1.98,1 ליטר,false,1,27.90,13.18,false,1,
7290006765772,false,אננס מסוכר 200  גר`קופסא,דין שיווק וקליה 2021 בעמ,,,יח`,2,100 גרם,false,1,9.90,4.95,false,1,
7290006775016,false,עוגת תפוז אחוה (450  גרם)אחוה,אחדות בעמ,,,יח`,4.50,100 גרם,false,1,10.90,2.42,true,1,
7290006775030,false,עוגת שוקו צ`יפס אחוה (450  גרם)אחוה,אחדות בעמ,,,יח`,4.50,100 גרם,false,1,10.90,2.42,true,1,
7290006775047,false,עוגת שוקולד אחוה (450  גרם)אחוה,אחדות בעמ,,,יח`,4.50,100 גרם,false,1,10.90,2.42,true,1,
7290006775054,false,עוגת שיש אחוה (450  גרם)אחוה,אחדות בעמ,,,יח`,4.50,100 גרם,false,1,10.90,2.42,true,1,
7290006775306,false,מאפינס תות 50  גר`אחוה,אחדות בעמ,,,יח`,0.50,100 גרם,false,1,1.90,3.80,true,1,
7290006775337,false,עוגת שמרים פרג אחוה (400 גרם),אחדות בעמ,,,יח`,4,100 גרם,false,1,10.90,2.73,false,1,
7290006784360,false,חלונית 1 ליטר,קומפלקס כימיקלים בעמ,,,יח`,1,1 ליטר,false,1,6.90,6.90,true,1,
7290006788399,false,דאו נושם רול און קרליין ירוק,החברה הדרומית לשיווק בעמ,,,יח`,0.75,100 גרם,false,1,12.90,17.20,true,1,
7290006788405,false,דאו נושם רול און קרליין,החברה הדרומית לשיווק בעמ,,,יח`,0.75,100 גרם,false,1,12.90,17.20,true,1,
7290006788429,false,דאו נושם רול און קרליין כתום,החברה הדרומית לשיווק בעמ,,,יח`,0.75,100 גרם,false,1,12.90,17.20,true,1,
7290006788443,false,דאו נושם רול און קרליין סגול בהיר,החברה הדרומית לשיווק בעמ,,,יח`,0.75,100 גרם,false,1,12.90,17.20,true,1,
7290006804907,false,פילסברי 5 פיתות,קונסיגנציה ג`נרל מילס ישראל בע,,,יח`,1,,false,1,8.90,8.90,false,1,
7290006983176,false,קרקר לחמית שיפון אסם (230 גרם),קבוצת אסם סחר שות. מוגבלת,,,יח`,2.30,100 גרם,false,1,8.90,3.87,true,1,
7290006983763,false,עוגת הבית בטעם שוקולד אסם (400 גרם),קבוצת אסם סחר שות. מוגבלת,,,יח`,4,100 גרם,false,1,11.90,2.98,false,1,
7290006983770,false,עוגת הבית שיש אסם (400 גרם),קבוצת אסם סחר שות. מוגבלת,,,יח`,4,100 גרם,false,1,11.90,2.98,false,1,
7290006983787,false,עוגת הבית שוקוצ`יפס אסם (400 גרם),קבוצת אסם סחר שות. מוגבלת,,,יח`,4,100 גרם,false,1,11.90,2.98,false,1,
7290006983794,false,עוגת הבית תפוז אסם (400 גרם),קבוצת אסם סחר שות. מוגבלת,,,יח`,4,100 גרם,false,1,11.90,2.98,false,1,
7290006992192,false,דייסת סולת מטרנה (200 גרם),קבוצת אסם סחר שות. מוגבלת,,,יח`,2,100 גרם,false,1,12.90,6.45,false,1,
7290006992208,false,דייסת דגנים מעורבים מטרנה (200 גרם),קבוצת אסם סחר שות. מוגבלת,,,יח`,2,100 גרם,false,1,12.90,6.45,false,1,
7290008000239,false,פמינה 220 מל,גורי ע.ע.ע בעמ,,,יח`,2.20,"100 מ""ל",false,1,23.90,10.86,false,1,
7290008000246,false,שטיפה אינטימית אלוורה פמינה (220 מל),גורי ע.ע.ע בעמ,,,יח`,2.20,"100 מ""ל",false,1,23.90,10.86,false,1,
7290008000796,false,סופרמן משחת שיניים לילדים,גורי ע.ע.ע בעמ,,,יח`,0.50,100 גרם,false,1,10.90,21.80,false,1,
7290008000826,false,ברבי משחת שיניים לילדים,גורי ע.ע.ע בעמ,,,יח`,0.50,100 גרם,false,1,10.90,21.80,false,1,
7290008101318,false,קריספ זהוב 300 גר`,א.ל.ייצור ושיווק תבלינים בעמ,,,יח`,3,100 גרם,false,1,6.90,2.30,true,1,
7290008102469,false,קריספ פירורי לחם זהוב 800 גר`,א.ל.ייצור ושיווק תבלינים בעמ,,,יח`,8,100 גרם,false,1,12.90,1.61,true,1,
7290008104050,false,שטיפה אינטימית קלאסית פמינה (220 מל),גורי ע.ע.ע בעמ,,,יח`,2.20,"100 מ""ל",false,1,23.90,10.86,true,1,
7290008116862,false,בלנאום בייבי שמן אמבט ביסייק 500 מל,שקד תבל בעמ,,,יח`,5,"100 מ""ל",false,1,69.90,13.98,false,1,
7290008154222,false,שניצלונים 700  גר`עוף טוב,קבוצת אסם סחר שות. מוגבלת,,,יח`,7,100 גרם,false,1,13.90,1.99,false,1,
7290008175692,false,איטריות נודלס 400 גר`,ג.וילי-פוד אינטרנשיונל בעמ,,,יח`,4,100 גרם,false,1,7.90,1.98,false,1,
7290008175814,false,פטריות חתוך 400 גר`,ג.וילי-פוד אינטרנשיונל בעמ,,,יח`,4,100 גרם,false,1,4.90,1.23,false,1,
7290008268455,false,קיווי ארוז בראשית,בראשית - אגודה שיתופית*שיק 45,,,יח`,1,,false,1,12,12,false,1,
7290008343558,false,סיגרים בשר 1 קג שלושת האופים,נטו מלינדה סחר בעמ,,,יח`,1,"ק""ג",false,1,19.90,19.90,true,1,
7290008343565,false,סיגרים תפוא 1 קג שלושת האופים,נטו מלינדה סחר בעמ,,,יח`,1,"ק""ג",false,1,19.90,19.90,true,1,
7290008343572,false,אגרול סיני 1 קג-שלושת  האופים,נטו מלינדה סחר בעמ,,,יח`,1,"ק""ג",false,1,19.90,19.90,false,1,
7290008343619,false,פסטלים תפוא 1 קג שלושת האופים,נטו מלינדה סחר בעמ,,,יח`,1,"ק""ג",false,1,19.90,19.90,false,1,
7290008343626,false,כדורי פלאפל 1 קג-שלושת  האופים,נטו מלינדה סחר בעמ,,,יח`,1,"ק""ג",false,1,19.90,19.90,true,1,
7290008409124,false,שניצל ג`ונגל מאמא עוף (700 גרם),תנובה קפואים,,,יח`,7,100 גרם,false,1,36,5.14,true,1,
7290008409216,false,שניצל דק דק פריך מאמא עוף (700 גרם),תנובה קפואים,,,יח`,7,100 גרם,false,1,42.90,6.13,false,1,
7290008409315,false,מיני מינידק שניצלונים בציפוי פריך 500 גר,תנובה קפואים,,,יח`,5,100 גרם,false,1,26.90,5.38,false,1,
7290008409407,false,שניצל דק דק צ`יפס מאמא עוף (700 גרם),תנובה קפואים,,,יח`,0,100 גרם,false,1,42.90,42.90,false,1,
7290008409551,false,שניצל עוף ציפוי מעודן מאמא עוף,תנובה קפואים,,,יח`,7,100 גרם,false,1,42.90,6.13,true,1,
7290008415071,false,חומוס עם טחינה צבר (150 גרם),קבוצת אסם סחר שות. מוגבלת,,,יח`,1.50,100 גרם,false,1,4.90,3.27,false,1,
7290008415514,false,צבר חומוס+חריף 150,קבוצת אסם סחר שות. מוגבלת,,,יח`,1.50,100 גרם,false,1,4.90,3.27,false,1,
7290008443616,false,נקה 7 מרכך 750 מל ורוד,החברה הדרומית לשיווק בעמ,,,יח`,7.50,"100 מ""ל",false,1,10.90,1.45,true,1,
7290008443647,false,נקה 7 מרכך 750 מל,החברה הדרומית לשיווק בעמ,,,יח`,7.50,"100 מ""ל",false,1,10.90,1.45,true,1,
7290008453868,false,מארזפרנה,מגוון שיווק והפצת מאפים בעמ,,,יח`,1,,false,1,12,12,false,1,
7290008464222,false,בירה מכבי 7.9% 500 פחית.,טמפו משקאות בעמ,,,יח`,5,"100 מ""ל",false,1,7.50,1.44,false,1,
7290008464345,false,בקבוק גולדסטאר 330 מל,טמפו משקאות בעמ,,,יח`,3.30,"100 מ""ל",false,1,6.60,1.91,false,1,
7290008464604,false,הייניקן פחית 500 מל,טמפו משקאות בעמ,,,יח`,5,"100 מ""ל",false,1,11.90,2.32,false,1,
7290008464697,false,בירה 7.9% אלכוהול מכבי (330x6 מל),טמפו משקאות בעמ,,,יח`,1.98,1 ליטר,false,1,34.90,16.72,true,1,
7290008464734,false,בירה גולדסטאר סלו ברו 330 מל בקבוק שישי,טמפו משקאות בעמ,,,יח`,1.98,1 ליטר,false,1,40.90,19.75,true,1,
7290008464741,false,בירה גולדסטאר 330 מל בקבוק שישייה,טמפו משקאות בעמ,,,יח`,1.98,1 ליטר,false,1,37.90,18.23,true,1,
7290008464987,false,מי סודה טמפו (1.5x6 ליטר),טמפו משקאות בעמ,,,יח`,9,1 ליטר,false,1,15.90,1.77,false,1,
7290008470766,false,מארז שימינייה אורביט סטיקס ללס,מרס ריגלי ישראל בעמ,,,יח`,1,,false,1,14.90,14.90,false,1,
7290008493413,false,פירורי גריסיני מאיר בייגל (200 גרם),דנשר (1963) בעמ,,,יח`,2,100 גרם,false,1,5.90,2.95,false,1,
7290008493710,false,מאיר בייגל פרורי גרסיני זהב 200גר,דנשר (1963) בעמ,,,יח`,2,100 גרם,false,1,5.90,2.95,false,1,
7290008609531,false,נייר אפייה 50  יח`פאלאס,פאלאס תעשיות נטו (2014) בעמ,,,יח`,1,,false,1,9.90,9.90,true,1,
7290008636926,false,אבקת קקאו מיה (500 גרם),מיה תעשיות מזון מ.ת.מ. בעמ,,,יח`,5,100 גרם,false,1,14.90,2.98,false,1,
7290008644112,false,מטבוחה 125אחלה יום יום,שטראוס גרופ בעמ/מצונן,,,יח`,1.25,100 גרם,false,1,4.90,3.92,false,1,
7290008644945,false,סלט המושבה שטראוס 450 גר`-טעם הטבע,שטראוס גרופ בעמ/מצונן,,,יח`,4.50,100 גרם,false,1,10.90,2.42,false,1,
7290008645935,false,חומוס אחלה (750 גרם),שטראוס גרופ בעמ/מצונן,,,יח`,7.50,100 גרם,false,1,9.90,1.32,false,1,
7290008670142,false,יסמין אדום רקנאטי 750 מל,היכל היין שקד גולן בעמ,,,יח`,7.50,"100 מ""ל",false,1,37.90,5.01,true,1,
7290008670159,false,יין יסמין לבן 750 מל,היכל היין שקד גולן בעמ,,,יח`,7.50,"100 מ""ל",false,1,37.90,5.01,true,1,
7290008670210,false,שירז רקנאטי 750 מל,היכל היין שקד גולן בעמ,,,יח`,7.50,"100 מ""ל",false,1,54.90,7.28,true,1,
7290008693134,false,דניאלה מעדן בטעם תות שטראוס (88 גרם),שטראוס גרופ בעמ/מצונן,,,יח`,1.50,"100 מ""ל",false,1,4,2.67,false,1,
7290008713900,false,לחם שיפון עגול פרוס אחדות (750 גרם),שלמה א. אנג`ל בעמ,,,יח`,7.50,100 גרם,false,1,12.50,1.67,false,1,
7290008745239,false,תפוצ`יפס 50 גר קראנץ`,שטראוס פריטו ליי בעמ,,,יח`,0.55,100 גרם,false,1,3.90,7.09,false,1,
7290008747547,false,תפוצ`יפס 200  גר`קראנץ`,שטראוס פריטו ליי בעמ,,,יח`,2,100 גרם,false,1,10.90,5.45,true,1,
7290008753111,false,תפוצ`יפס 50 גר  קראנץ`מקסיקני,שטראוס פריטו ליי בעמ,,,יח`,0.50,100 גרם,false,1,3.90,7.80,false,1,
7290008757980,false,נקטר רימונים ספרינג (1 ליטר),יפאורה,,,יח`,1,1 ליטר,false,1,6.90,6.90,false,1,
7290008775816,false,ערגליות שוקו אסם (300 גרם),קבוצת אסם סחר שות. מוגבלת,,,יח`,3,100 גרם,false,1,10.90,3.63,true,1,
7290008775823,false,ערגליות תות אסם (300 גרם),קבוצת אסם סחר שות. מוגבלת,,,יח`,3,100 גרם,false,1,10.90,3.63,true,1,
7290008792264,false,מפיות  טאצ`100 יח,שניב תעשיות נייר בעמ,,,יח`,1,,false,1,4.90,4.90,false,1,
7290008801157,false,סלקטד מרלו יקבי כרמל (750 מל),אגודת הכורמים,,,יח`,7.50,"100 מ""ל",false,1,29.90,3.95,true,1,
7290008801478,false,טופז זהב אדום מתוק 750 מל,אגודת הכורמים,,,יח`,7.50,"100 מ""ל",false,1,21.20,2.79,true,1,
7290008801522,false,קונקורד אדום מתוק 750 מל קינג דיוויד,אגודת הכורמים,,,יח`,7.50,"100 מ""ל",false,1,21.90,2.88,true,1,
7290008801546,false,מוסקט מתוק 750 מל קינג דיוויד,אגודת הכורמים,,,יח`,7.50,"100 מ""ל",false,1,21.90,2.88,true,1,
7290008801843,false,סלקטד קברנה סובניון יקבי כרמל (750 מל),אגודת הכורמים,,,יח`,7.50,"100 מ""ל",false,1,29.90,3.95,true,1,
7290008801850,false,סלקטד אמרלד ריזלינג יקבי כרמל (750 מל),אגודת הכורמים,,,יח`,7.50,"100 מ""ל",false,1,29.90,3.95,true,1,
7290008802291,false,מרלו פי.סי אדום יבש 750 מל,אגודת הכורמים,,,יח`,7.50,"100 מ""ל",false,1,39.90,5.28,true,1,
7290008802512,false,וינו אדום 750 מל,אגודת הכורמים,,,יח`,7.50,"100 מ""ל",false,1,19.90,2.61,true,1,
7290008802529,false,וינו לבן 750 מל,אגודת הכורמים,,,יח`,7.50,"100 מ""ל",false,1,19.90,2.61,true,1,
7290008802895,false,קברנה סוביניון פי.סי אדום יבש 750 מל,אגודת הכורמים,,,יח`,7.50,"100 מ""ל",false,1,39.90,5.28,true,1,
7290008804332,false,שיראז פי.סי אדום יבש 750 מל,אגודת הכורמים,,,יח`,7.50,"100 מ""ל",false,1,39.90,5.28,true,1,
7290008804745,false,אזורית גוורצטרמינר יין לבן חצי יבש 750 מ,אגודת הכורמים,,,יח`,7.50,"100 מ""ל",false,1,54.90,7.28,true,1,
7290008805049,false,סלקטד זינפנדל סמוק יקבי כרמל (750 מל),אגודת הכורמים,,,יח`,7.50,"100 מ""ל",false,1,29.90,3.95,true,1,
7290008806305,false,פצפצים תות בננה,גלידות שטראוס בעמ,,,יח`,1,,false,1,6.60,6.60,true,1,
7290008806985,false,שטראוס גלידונית 60  יח`פרווה,גלידות שטראוס בעמ,,,יח`,6.30,100 גרם,false,1,47.90,7.60,false,1,
7290008989091,false,פריכיות אורז שלישיה,בטר אנד דיפרנט בעמ,,,יח`,3,100 גרם,false,1,12.90,4.30,false,1,
7290008989473,false,ממרח חרובים 350 גר`,בטר אנד דיפרנט בעמ,,,יח`,3.50,100 גרם,false,1,12.90,3.69,false,1,
7290008989602,false,בטר פצפוצי אורז מלא 450  גר`ללא גלוטן,בטר אנד דיפרנט בעמ,,,יח`,4.50,100 גרם,false,1,18.90,4.20,false,1,
7290010002023,false,כורכום תבליני מימון (100 גרם),א.ל.ייצור ושיווק תבלינים בעמ,,,יח`,1,100 גרם,false,1,11.90,11.90,false,1,
7290010002030,false,כמון טחון תבליני מימון (100 גרם),א.ל.ייצור ושיווק תבלינים בעמ,,,יח`,1,100 גרם,false,1,11.90,11.90,false,1,
7290010002078,false,פלפל שחור טחון תבליני מימון (100 גרם),א.ל.ייצור ושיווק תבלינים בעמ,,,יח`,1,100 גרם,false,1,15.90,15.90,false,1,
7290010002108,false,פלפל שחור גרוס גס תבליני מימון (90 גרם),א.ל.ייצור ושיווק תבלינים בעמ,,,יח`,0.90,100 גרם,false,1,15.90,17.67,false,1,
7290010002122,false,פפריקה הונגרית מתוקה 100 גר`,א.ל.ייצור ושיווק תבלינים בעמ,,,יח`,1,100 גרם,false,1,11.90,11.90,false,1,
7290010002146,false,פפריקה מרוקאית מתוקה 100 גר`,א.ל.ייצור ושיווק תבלינים בעמ,,,יח`,1,100 גרם,false,1,11.90,11.90,false,1,
7290010002214,false,צ`ילי גרוס תבליני מימון (70 גרם),א.ל.ייצור ושיווק תבלינים בעמ,,,יח`,0.70,100 גרם,false,1,11.90,17,false,1,
7290010002313,false,ראס אל חנות 100 גר`,א.ל.ייצור ושיווק תבלינים בעמ,,,יח`,1,100 גרם,false,1,11.90,11.90,false,1,
7290010002368,false,תערובת  חווג`למרק 100 גר`,א.ל.ייצור ושיווק תבלינים בעמ,,,יח`,1,100 גרם,false,1,11.90,11.90,false,1,
7290010002382,false,אורגנו תבליני מימון (40 גרם),א.ל.ייצור ושיווק תבלינים בעמ,,,יח`,0.40,100 גרם,false,1,10.90,27.25,false,1,
7290010002399,false,בזיליקום תבליני מימון (40 גרם),א.ל.ייצור ושיווק תבלינים בעמ,,,יח`,0.50,100 גרם,false,1,10.90,21.80,false,1,
7290010003075,false,פפריקה מרוקאית מתוקה 400 גר`,א.ל.ייצור ושיווק תבלינים בעמ,,,יח`,4,100 גרם,false,1,24.90,6.23,false,1,
7290010003686,false,עלי דפנה שקית תבליני מימון (20 גרם),א.ל.ייצור ושיווק תבלינים בעמ,,,יח`,0.20,100 גרם,false,1,5.90,29.50,false,1,
7290010003693,false,פפריקה מתוקה תבליני מימון (80 גרם),א.ל.ייצור ושיווק תבלינים בעמ,,,יח`,0.80,100 גרם,false,1,5.90,7.38,false,1,
7290010003709,false,פלפל שחור טחון תבליני מימון (50 גרם),א.ל.ייצור ושיווק תבלינים בעמ,,,יח`,0.50,100 גרם,false,1,7.90,15.80,false,1,
7290010003754,false,כמון טחון תבליני מימון (50 גרם),א.ל.ייצור ושיווק תבלינים בעמ,,,יח`,0.50,100 גרם,false,1,5.90,11.80,false,1,
7290010003761,false,כורכום טחון תבליני מימון (80 גרם),א.ל.ייצור ושיווק תבלינים בעמ,,,יח`,0.80,100 גרם,false,1,5.90,7.38,false,1,
7290010003778,false,תבלין לגריל עוף תבליני מימון (80 גרם),א.ל.ייצור ושיווק תבלינים בעמ,,,יח`,0.80,100 גרם,false,1,5.90,7.38,false,1,
7290010003822,false,פפריקה חריפה בשקית תבליני מימון (80 גרם),א.ל.ייצור ושיווק תבלינים בעמ,,,יח`,0.80,100 גרם,false,1,5.90,7.38,false,1,
7290010003839,false,קינמון טחון תבליני מימון (80 גרם),א.ל.ייצור ושיווק תבלינים בעמ,,,יח`,0.80,100 גרם,false,1,5.90,7.38,false,1,
7290010003846,false,אורגנו תבליני מימון (20 גרם),א.ל.ייצור ושיווק תבלינים בעמ,,,יח`,0.20,100 גרם,false,1,5.90,29.50,false,1,
7290010051021,false,בזיליקום א.אדמה,א.אדמה (2007) בעמ,,,יח`,1,,false,1,5.90,5.90,false,1,
7290010051045,false,סלט ביבי מיקס בנספק,א.אדמה (2007) בעמ,,,יח`,1,,false,1,9.90,9.90,false,1,
7290010051052,false,פטרוזליה א. אדמה,א.אדמה (2007) בעמ,,,יח`,1.20,100 גרם,false,1,3.90,3.25,false,1,
7290010051076,false,לבבות חסה קיסר,א.אדמה (2007) בעמ,,,יח`,1,,false,1,11.90,11.90,false,1,
7290010051113,false,טימין/ קורנית,א.אדמה (2007) בעמ,,,יח`,1,,false,1,5.90,5.90,false,1,
7290010051144,false,תרד עלים א.אדמה,א.אדמה (2007) בעמ,,,יח`,1.80,100 גרם,false,1,9.90,5.50,false,1,
7290010051168,false,כוסברה א. אדמה,א.אדמה (2007) בעמ,,,יח`,1,,false,1,3.90,3.90,false,1,
7290010051175,false,שמיר א. אדמה,א.אדמה (2007) בעמ,,,יח`,1,,false,1,3.90,3.90,false,1,
7290010051182,false,עלי נענע א. אדמה,א.אדמה (2007) בעמ,,,יח`,1,,false,1,3.90,3.90,false,1,
7290010051199,false,שורש פטרוזיליה א. אדמה,א.אדמה (2007) בעמ,,,יח`,1,,false,1,5.90,5.90,false,1,
7290010051205,false,עלי סלרי א. אדמה,א.אדמה (2007) בעמ,,,יח`,1,,false,1,5.90,5.90,false,1,
7290010051212,false,סלרי ראש.,א.אדמה (2007) בעמ,,,יח`,3,100 גרם,false,1,5.90,1.97,false,1,
7290010051243,false,תרד ניוזילנדי א. אדמה,א.אדמה (2007) בעמ,,,יח`,1,,false,1,11.90,11.90,false,1,
7290010051267,false,לוף  ארוז- א.אדמה,א.אדמה (2007) בעמ,,,יח`,1,,false,1,10.90,10.90,false,1,
7290010051281,false,עלה רוקולה 110 גר,א.אדמה (2007) בעמ,,,יח`,1.10,100 גרם,false,1,9.90,9,false,1,
7290010051298,false,סלק עלים ארוז מנגולד א.אד,א.אדמה (2007) בעמ,,,יח`,1,,false,1,5.90,5.90,false,1,
7290010051311,false,סלרי חתוך,א.אדמה (2007) בעמ,,,יח`,1,,false,1,6.90,6.90,false,1,
7290010051335,false,בצל ירוק,א.אדמה (2007) בעמ,,,יח`,1,,false,1,5.90,5.90,false,1,
7290010051373,false,לבבות חסה בשקית,א.אדמה (2007) בעמ,,,יח`,1,,false,1,10.90,10.90,false,1,
7290010051434,false,חסה סלנובה,א.אדמה (2007) בעמ,,,יח`,1,,false,1,11.90,11.90,false,1,
7290010051687,false,רוזמרין ארוז,א.אדמה (2007) בעמ,,,יח`,3,100 גרם,false,1,5.90,1.97,false,1,
7290010051724,false,מלפפון בייבי,א.אדמה (2007) בעמ,,,יח`,1,,false,1,9.90,9.90,false,1,
7290010065745,false,מחית לפתן פירות שלב 3 פרינוק (190 גרם),גורי מוצרי צריכה (1991) בעמ,,,יח`,1.90,100 גרם,false,1,6.60,3.47,true,1,
7290010066001,false,פילטונה טונה בשמן צמחי 960 גרם,פילטונה תעשיות בעמ,,,יח`,9.60,100 גרם,false,1,34.90,3.64,false,1,
7290010066056,false,טונה פילטונה במים-בודד,פילטונה תעשיות בעמ,,,יח`,1.70,100 גרם,false,1,5.90,3.47,false,1,
7290010066513,false,טונה בשמן צמחי 158  גר`רביעייה פילטונה,פילטונה תעשיות בעמ,,,יח`,6.32,100 גרם,false,1,22.90,3.62,false,1,
7290010066575,false,טונה במי מלח 158  גר`רביעייה פילטונה,פילטונה תעשיות בעמ,,,יח`,6.32,100 גרם,false,1,22.90,3.62,false,1,
7290010066582,false,טונה בשמן קנולה 158  גר`רביעייה פילטונה,פילטונה תעשיות בעמ,,,יח`,6.32,100 גרם,false,1,22.90,3.62,false,1,
7290010066599,false,פילטונה נתחי טונה בשמן זית רביעייה,פילטונה תעשיות בעמ,,,יח`,6.40,100 גרם,false,1,27.90,4.36,false,1,
7290010116980,false,שוקולית אבקת שוקו עלית (850 גרם),שטראוס גרופ בעמ,,,יח`,8.50,100 גרם,false,1,18.50,2.18,true,1,
7290010118328,false,חטיף צ`יפס בטעם טבעי תפוצ`יפס (40x6 גרם),שטראוס פריטו ליי בעמ,,,יח`,2.40,100 גרם,false,1,12.90,5.38,false,1,
7290010124503,false,שומן כבש 200,בלדי בעמ,,,יח`,2,100 גרם,false,1,9.90,4.95,false,1,
7290010129003,false,עוגיות אוזניים דולצ`ה ויטה 600 גר,שיבולים יצור ושיווק מוצרי מאפה,,,יח`,6,100 גרם,false,1,19.90,3.32,false,1,
7290010129027,false,עוגיות מרוקאיות דולצ`ה ויטה (600 גרם),שיבולים יצור ושיווק מוצרי מאפה,,,יח`,6,100 גרם,false,1,19.90,3.32,false,1,
7290010129300,false,עוגיות רייף 350  גר`אנג`ל,שיבולים יצור ושיווק מוצרי מאפה,,,יח`,3.50,100 גרם,false,1,15.90,4.54,false,1,
7290010129324,false,עוגיות מעמול דולצה ויטה 600 גר,שיבולים יצור ושיווק מוצרי מאפה,,,יח`,6,100 גרם,false,1,19.90,3.32,false,1,
7290010129553,false,עוגיות רולדה תמרים דולצ`ה ויטה (600 גרם),שיבולים יצור ושיווק מוצרי מאפה,,,יח`,6,100 גרם,false,1,19.90,3.32,false,1,
7290010129652,false,עוגיות לקפה 350  גר`אנג`ל,שיבולים יצור ושיווק מוצרי מאפה,,,יח`,3.50,100 גרם,false,1,15.90,4.54,false,1,
7290010129676,false,עוגיות מרוקאיות 350  גר`אנגל,שיבולים יצור ושיווק מוצרי מאפה,,,יח`,3.50,100 גרם,false,1,15.90,4.54,false,1,
7290010129720,false,עוגיות רוגלך קינמון 400 גר`,שיבולים יצור ושיווק מוצרי מאפה,,,יח`,4,100 גרם,false,1,11.90,2.98,false,1,
7290010153510,false,בורגול מיה (500 גרם),מיה תעשיות מזון מ.ת.מ. בעמ,,,יח`,5,100 גרם,false,1,5.90,1.18,true,1,
7290010153770,false,ציפוי לשניצל פיקנטי 500  גר`מיה,מיה תעשיות מזון מ.ת.מ. בעמ,,,יח`,5,100 גרם,false,1,11.90,2.38,true,1,
7290010153794,false,ציפוי לשניצל עם עשבי תיבול 500  גר`מיה,מיה תעשיות מזון מ.ת.מ. בעמ,,,יח`,5,100 גרם,false,1,11.90,2.38,true,1,
7290010153817,false,ריבת חלב מיה (400 גרם),מיה תעשיות מזון מ.ת.מ. בעמ,,,יח`,4,100 גרם,false,1,13.90,3.48,false,1,
7290010154005,false,סחוג תימני תבליני ביטון יוחאי (250 גרם),נטו מלינדה סחר בעמ,,,יח`,2.50,100 גרם,false,1,13.90,5.56,true,1,
7290010154012,false,לימון בלאדי תבליני ביטון יוחאי (250 גרם),נטו מלינדה סחר בעמ,,,יח`,2.50,100 גרם,false,1,15.90,6.36,true,1,
7290010154036,false,עמבה תבליני ביטון יוחאי (250 גרם),נטו מלינדה סחר בעמ,,,יח`,2.50,100 גרם,false,1,13.90,5.56,true,1,
7290010154265,false,פלפל צ`ומה תבליני ביטון יוחאי (250 גרם),נטו מלינדה סחר בעמ,,,יח`,2.50,100 גרם,false,1,14.90,5.96,true,1,
7290010154425,false,סחוג ירוק 130 גר ביטון,נטו מלינדה סחר בעמ,,,יח`,1.30,100 גרם,false,1,8.90,6.85,true,1,
7290010163069,false,צנובר 100 גרם שקית שקדיה,דין שיווק וקליה 2021 בעמ,,,יח`,1,100 גרם,false,1,24.90,24.90,true,1,
7290010192120,false,צנונית,א.אדמה (2007) בעמ,,,יח`,1,,false,1,6.90,6.90,true,1,
7290010237890,false,בירה היינקן (500 מל),טמפו משקאות בעמ,,,יח`,5,"100 מ""ל",false,1,8.50,1.46,false,1,
7290010259311,false,קרם קוקוס 400 גר`,ג.וילי-פוד אינטרנשיונל בעמ,,,יח`,4,100 גרם,false,1,6.90,1.73,false,1,
7290010259359,false,נודלס ביצים להקצפה וילי פוד (200 גרם),ג.וילי-פוד אינטרנשיונל בעמ,,,יח`,2,100 גרם,false,1,4.90,2.45,false,1,
7290010259823,false,מנת השף נודלס בטעם עוף וילי פוד (70 גרם),ג.וילי-פוד אינטרנשיונל בעמ,,,יח`,0.70,100 גרם,false,1,4.90,7,false,1,
7290010259847,false,מנת השף מרק+נודלס תירס,ג.וילי-פוד אינטרנשיונל בעמ,,,יח`,0.70,100 גרם,false,1,4.90,7,false,1,
7290010259854,false,מנת השף מרק+נודלס פטריות,ג.וילי-פוד אינטרנשיונל בעמ,,,יח`,0.70,100 גרם,false,1,4.90,7,false,1,
7290010259861,false,מנת השף מרק+נודלס ירקות,ג.וילי-פוד אינטרנשיונל בעמ,,,יח`,0.70,100 גרם,false,1,4.90,7,false,1,
7290010259991,false,צנימים וילי פוד (250 גרם),ג.וילי-פוד אינטרנשיונל בעמ,,,יח`,2.50,100 גרם,false,1,7.90,3.16,true,1,
7290010328246,false,טחינה משומשום מלא אחוה (500 גרם),אחדות בעמ,,,יח`,5,100 גרם,false,1,10.90,2.18,true,1,
7290010328253,false,טחינה משומשום טבעי אחוה (500 גרם),אחדות בעמ,,,יח`,5,100 גרם,false,1,10.90,2.18,true,1,
7290010328468,false,מיני חלווה ב 3 טעמים אחוה,אחדות בעמ,,,יח`,2.16,100 גרם,false,1,10.90,5.05,true,1,
7290010471669,false,דנונה פרי בר קורנפלקס,שטראוס גרופ בעמ/מצונן,,,יח`,1.75,"100 מ""ל",false,1,4.40,2.51,false,1,
7290010472031,false,אקטיביה בודד 150 גר 3%,שטראוס גרופ בעמ/מצונן,,,יח`,1.50,"100 מ""ל",false,1,3.70,2.47,false,1,
7290010472307,false,משקה יוגורט תות בננה גמדים (100x8 מל),שטראוס גרופ בעמ/מצונן,,,יח`,8,"100 מ""ל",false,1,20,2.50,false,1,
7290010472390,false,דני שמיניה,שטראוס גרופ בעמ/מצונן,,,יח`,1,1 ליטר,false,1,16.40,16.40,true,1,
7290010546152,false,גרנולה תמרים 400  גר`מנדל,גורי מוצרי צריכה (1991) בעמ,,,יח`,4,100 גרם,false,1,19.90,4.98,false,1,
7290010632114,false,מוצץ סיליקון-זוג,אינטרסן 1996 בעמ,,,יח`,1,,false,1,16.90,16.90,false,1,
7290010650286,false,בייבי ברוקלי ארוז 350 גר,חוות פטריות תקוע בעמ*קונסיגנצי,,,יח`,3.50,100 גרם,false,1,9,2.57,false,1,
7290010711253,false,4 מטליות מיקרו לניקוי כללי shiny,מ.א.ייצור ויבוא מטליות בעמ,,,יח`,1,,false,1,6.90,6.90,false,1,
7290010711451,false,שלישיית סבון אסלה,מ.א.ייצור ויבוא מטליות בעמ,,,יח`,1,,false,1,9.90,9.90,false,1,
7290010711543,false,כף אשפה עם גומי,מ.א.ייצור ויבוא מטליות בעמ,,,יח`,1,,false,1,5.90,5.90,false,1,
7290010711550,false,דלי איטלקי עם פיה יוגב,מ.א.ייצור ויבוא מטליות בעמ,,,יח`,1,,false,1,11.90,11.90,false,1,
7290010711901,false,מטליות מיקרו רצפה שלישייה shiny,מ.א.ייצור ויבוא מטליות בעמ,,,יח`,1,,false,1,13.90,13.90,false,1,
7290010711918,false,מטליות מיקרו לניקוי כללי מעוצבות shiny,מ.א.ייצור ויבוא מטליות בעמ,,,יח`,1,,false,1,7.90,7.90,false,1,
7290010711932,false,מטליות תשיעייה רב שימושיות פרימיום shiny,מ.א.ייצור ויבוא מטליות בעמ,,,יח`,1,,false,1,7.90,7.90,false,1,
7290010757909,false,בורקס גבינה ללא גלוטן 500  גר`אריאל,מאפיית אריאל בעמ,,,יח`,5,100 גרם,false,1,19.90,3.98,false,1,
7290010757947,false,בורקס פטריות ללא גלוטן 500 גר` אריאל,מאפיית אריאל בעמ,,,יח`,5,100 גרם,false,1,19.90,3.98,false,1,
7290010757961,false,ג`חנון ללא גלוטן 450 גר` אריאל,מאפיית אריאל בעמ,,,יח`,4.50,100 גרם,false,1,19.90,4.42,false,1,
7290010760893,false,בורקס תפוא 600  גר`אריאל,מאפיית אריאל בעמ,,,יח`,6,100 גרם,false,1,21.90,3.65,false,1,
7290010766307,false,אוליביה רוטב פסטה בולונז 420 גר`,תה ויסוצקי (ישראל) בעמ,,,יח`,4.20,100 גרם,false,1,13.90,3.31,true,1,
7290010766734,false,אוליביה רוטב פיצה (430 גרם),תה ויסוצקי (ישראל) בעמ,,,יח`,4.15,"100 מ""ל",false,1,13.90,3.35,true,1,
7290010777099,false,פיתות במרקם מיוחד פיתה אקספרס) (8,מגוון שיווק והפצת מאפים בעמ,,,יח`,8,100 גרם,false,1,11.30,1.41,false,1,
7290010777297,false,פיתות ביס פיתה אקספרס (10  יח`- 600 גרם),מגוון שיווק והפצת מאפים בעמ,,,יח`,0.01,1 ליטר,false,1,12.90,1290,false,1,
7290010777358,false,פיתות מכוסמין מלא פיתה אקספרס) (8,מגוון שיווק והפצת מאפים בעמ,,,יח`,1,,false,1,15.90,15.90,false,1,
7290010777488,false,ביס מקמח מלא מחמצת 99 קלוריות 10 יח`,מגוון שיווק והפצת מאפים בעמ,,,יח`,1,,false,1,15.90,15.90,false,1,
7290010777525,false,חוכמת הפיתה,מגוון שיווק והפצת מאפים בעמ,,,יח`,0,100 גרם,false,1,15.90,15.90,false,1,
7290010838219,false,סטיביה מרמולייט) (100,דנשר (1963) בעמ,,,יח`,100,יח`,false,1,27.90,0.28,false,1,
7290010838424,false,טואלט דאק 750 מל זוג,דנשר (1963) בעמ,,,יח`,1.50,1 ליטר,false,1,18.90,12.60,false,1,
7290010883356,false,כפפות אלוורה גדול סנו סושי,החברה הדרומית לשיווק בעמ,,,יח`,1,,false,1,10.90,10.90,true,1,
7290010883363,false,כפפות אלוורה קטן סנו סושי,החברה הדרומית לשיווק בעמ,,,יח`,1,,false,1,10.90,10.90,true,1,
7290010931330,false,מטבוחה אחלה (500 גרם),שטראוס גרופ בעמ/מצונן,,,יח`,5,100 גרם,false,1,14.90,2.98,true,1,
7290010945146,false,קוטג`3% מועשר 250 גר`,החב` המרכזית - טרה,,,יח`,2.50,100 גרם,false,1,5.60,2.24,false,1,
7290010945450,false,גבינה לבנה 3% 250  גר`פיקוח,החב` המרכזית - טרה,,,יח`,2.50,100 גרם,false,1,4.98,1.99,false,1,
7290011017866,false,פחית קולה סליק קוקה-קולה (330 מל),החברה המרכזית להפצת משקאות בעמ,,,יח`,3.30,"100 מ""ל",false,1,3.90,1.09,true,1,
7290011017873,false,פחית זירו סליק קוקה-קולה (330 מל),החברה המרכזית להפצת משקאות בעמ,,,יח`,3.30,"100 מ""ל",false,1,3.90,1.09,true,1,
7290011026066,false,סרקל שמפו+מרכך 1 ליטר,פישר תעשיות פרמצבטיות בעמ,,,יח`,1,1 ליטר,false,1,29.90,29.90,false,1,
7290011081690,false,שטראוס קרמיסימו,גלידות שטראוס בעמ,,,יח`,1.33,1 ליטר,false,1,18.90,14.21,false,1,
7290011108038,false,פטרוזיליה מהדרין א. אדמה,א.אדמה (2007) בעמ,,,יח`,1,,false,1,6.90,6.90,false,1,
7290011108113,false,חסה רגילה מהדרין,א.אדמה (2007) בעמ,,,יח`,1,,false,1,7.90,7.90,false,1,
7290011108823,false,פטרוזיליה מהדרין א. אדמה.,א.אדמה (2007) בעמ,,,יח`,1,,false,1,5.90,5.90,false,1,
7290011108878,false,סלרי עלים מהדרין א.אדמה,א.אדמה (2007) בעמ,,,יח`,1,,false,1,6,6,false,1,
7290011108892,false,כרוב לבן מהדרין .,א.אדמה (2007) בעמ,,,"ק""ג",1,,true,1,9.90,9.90,false,1,
7290011115159,false,סבון מוצק לחות נקה 7 רביעייה,החברה הדרומית לשיווק בעמ,,,יח`,4,100 גרם,false,1,10.90,2.73,true,1,
7290011132552,false,בירה פאולנר רביעיות,טמפו משקאות בעמ,,,יח`,1.32,1 ליטר,false,1,47.90,35.38,false,1,
7290011154035,false,תרכיז תפוחים סחוט 500 מל טעמי הגליל,ליימן שליסל בעמ,,,יח`,5,"100 מ""ל",false,1,19.90,3.98,false,1,
7290011154080,false,תרכיז תפוחים צלול 500 מל טעמי הגליל,ליימן שליסל בעמ,,,יח`,5,"100 מ""ל",false,1,19.90,3.98,false,1,
7290011194215,false,דניאלה מעדן בטעם בננה שטראוס (88 גרם),שטראוס גרופ בעמ/מצונן,,,יח`,1.50,"100 מ""ל",false,1,4,2.67,false,1,
7290011194246,false,גבינת  קוטג`5% שטראוס (250 גרם),שטראוס גרופ בעמ/מצונן,,,יח`,2.50,100 גרם,false,1,5.90,2.36,false,1,
7290011223038,false,עלים לקרמשניט 300 גר`,דנשר (1963) בעמ,,,יח`,3,100 גרם,false,1,17.90,5.97,true,1,
7290011254032,false,קינואה מיה (500 גרם),מיה תעשיות מזון מ.ת.מ. בעמ,,,יח`,5,100 גרם,false,1,19.90,3.98,true,1,
7290011254254,false,שוקו צ`יפס בטעם שוקולד מיה (300 גרם),מיה תעשיות מזון מ.ת.מ. בעמ,,,יח`,3,100 גרם,false,1,7.90,2.63,false,1,
7290011254728,false,ג`לטין טהור 25 גר`,מיה תעשיות מזון מ.ת.מ. בעמ,,,יח`,0.25,100 גרם,false,1,11.90,47.60,false,1,
7290011254841,false,סוכריות ג`לי 125 גר`,מיה תעשיות מזון מ.ת.מ. בעמ,,,יח`,1.25,100 גרם,false,1,6.90,5.52,false,1,
7290011254964,false,סוכריות ג`לי 25 גר`עשירייה,מיה תעשיות מזון מ.ת.מ. בעמ,,,יח`,2.50,100 גרם,false,1,12.90,5.16,false,1,
7290011276645,false,כוסברה מהדרין א. אדמה,א.אדמה (2007) בעמ,,,יח`,1,,false,1,6.90,6.90,false,1,
7290011332020,false,שמן אמול פורטה לתינוק 500 מל,פישר תעשיות פרמצבטיות בעמ,,,יח`,5,"100 מ""ל",false,1,59.90,11.98,true,1,
7290011378028,false,חלבה בארכה ללס 350 גר`,קבוצת אסם סחר שות. מוגבלת,,,יח`,3.50,100 גרם,false,1,14.90,4.26,false,1,
7290011378233,false,מאגת חלבה ללא סוכר ווניל,קבוצת אסם סחר שות. מוגבלת,,,יח`,1,,false,1,11.90,11.90,true,1,
7290011381059,false,מים מינרליים שישייה 1.5 ליטר,מי רוויה בעמ,,,יח`,9,1 ליטר,false,1,10,1.11,false,1,
7290011438142,false,משקה בטעם קפה בקבוק 350,שטראוס גרופ בעמ/מצונן,,,יח`,3.50,"100 מ""ל",false,1,6.30,1.80,false,1,
7290011447304,false,תחליף חלב שלב 3 חלבי מטרנה (700 גרם),קבוצת אסם סחר שות. מוגבלת,,,יח`,7,100 גרם,false,1,49.90,7.13,true,1,
7290011473006,false,קינואה 500 גרם אורגני,גורי מוצרי צריכה (1991) בעמ,,,יח`,5,100 גרם,false,1,16.90,3.38,false,1,
7290011474003,false,שמן קוקוס כבישה כתית 300 מל אורגני,גורי מוצרי צריכה (1991) בעמ,,,יח`,3,"100 מ""ל",false,1,17.50,5.83,false,1,
7290011474591,false,פנה כוסמין מלא תבואות אורגני 500 גרם,גורי מוצרי צריכה (1991) בעמ,,,יח`,5,100 גרם,false,1,19.50,3.90,false,1,
7290011499112,false,גבינה בולגרית 16% גד (250 גרם),מחלבות גד שיווק 1992 בעמ,,,יח`,2.50,100 גרם,false,1,22.90,9.16,false,1,
7290011499129,false,בולגרית לסלט 5% 200 גר`,מחלבות גד שיווק 1992 בעמ,,,יח`,2,100 גרם,false,1,21.90,10.95,false,1,
7290011499327,false,גבינה בולגרית מעודנת 5% גד (250 גרם),מחלבות גד שיווק 1992 בעמ,,,יח`,2.50,100 גרם,false,1,22.90,9.16,false,1,
7290011499365,false,גבינת חלומי 24% מחלב בקר גד (200 גרם),מחלבות גד שיווק 1992 בעמ,,,יח`,2,100 גרם,false,1,21.90,10.95,false,1,
7290011499419,false,גבינת במרקם שמנת 5% טבעי גד,מחלבות גד שיווק 1992 בעמ,,,יח`,2,100 גרם,false,1,11.90,5.95,false,1,
7290011499624,false,גבינת שמנת 30% 200  גר`גד,מחלבות גד שיווק 1992 בעמ,,,יח`,2,100 גרם,false,1,12.90,6.45,true,1,
7290011515683,false,מאגדת אקסטרים וניל 6 יח`,נגה גלידות שותפות מוגבלת,,,יח`,4.32,100 גרם,false,1,31.90,7.38,false,1,
7290011518561,false,אקטימל בטעם תות דנונה (100x14 מל),שטראוס גרופ בעמ/מצונן,,,יח`,1.40,1 ליטר,false,1,29.90,21.36,false,1,
7290011530358,false,שייק איט) (150*3,בלדי בעמ,,,יח`,4.50,100 גרם,false,1,29.90,6.64,true,1,
7290011530488,false,שייק איט) (150*3,בלדי בעמ,,,יח`,4.50,100 גרם,false,1,29.90,6.64,true,1,
7290011530747,false,שייק איט) (150*3,בלדי בעמ,,,יח`,4.50,100 גרם,false,1,29.90,6.64,true,1,
7290011575250,false,מברשת הפי מבריק וצובע נעליים שחור יעקבי,יעקב יעקבי ובניו בעמ,,,יח`,1,,false,1,9.90,9.90,false,1,
7290011593087,false,שמן זית סבא חביב כתית מעולה 750 מל,בני פאוזי שמשום (2009) בעמ,,,יח`,7.50,"100 מ""ל",false,1,29.90,3.99,false,1,
7290011598211,false,סנו אנטי קאלק 4ב1 700 מל,החברה הדרומית לשיווק בעמ,,,יח`,7,"100 מ""ל",false,1,15.90,2.27,true,1,
7290011598372,false,מטלית רצפה מיקרופייבר סנו סושי,החברה הדרומית לשיווק בעמ,,,יח`,1,יח`,false,1,11.90,11.90,false,1,
7290011598402,false,סנו מקסימה4 ליטר ורוד,החברה הדרומית לשיווק בעמ,,,יח`,4,1 ליטר,false,1,19.90,4.98,false,1,
7290011607197,false,קולון 5  קג`101 כתמים,רקיט בנקיזר (ניר איסט) בעמ,,,יח`,5,"ק""ג",false,1,39.90,7.98,false,1,
7290011618025,false,נגיסי אורז לתינוקות טעם טבעי,דנשר (1963) בעמ,,,יח`,1,,false,1,13.90,13.90,false,1,
7290011618131,false,בייבי ביס בטעם גזר,דנשר (1963) בעמ,,,יח`,0.50,100 גרם,false,1,13.90,27.80,false,1,
7290011622428,false,חטיף בריאות לילדים כתמטמינים (45 גרם),גורי מוצרי צריכה (1991) בעמ,,,יח`,0.46,100 גרם,false,1,6.50,14.13,false,1,
7290011622763,false,ביסקוויטמינים פלוס וניל 150 גר`,גורי מוצרי צריכה (1991) בעמ,,,יח`,1.50,100 גרם,false,1,16.50,11,false,1,
7290011622817,false,ביסקוויטמינים חטיף דגנים במילוי קרם בטעם,גורי מוצרי צריכה (1991) בעמ,,,יח`,0,100 גרם,false,1,16.50,16.50,false,1,
7290011668587,false,גרנולה טעם עשיר 500  גר`פנינה רוזנבלום,פנינה רוזנבלום בעמ,,,יח`,5,100 גרם,false,1,29.90,5.98,true,1,
7290011743833,false,משחת שיניים פרונאמל סנסודיין (75 מל),גורי ע.ע.ע בעמ,,,יח`,0.75,100 גרם,false,1,23.90,31.87,true,1,
7290011765392,false,בוב ספוג שמפו לילדים כיף (750 מל).,החברה הדרומית לשיווק בעמ,,,יח`,7.50,"100 מ""ל",false,1,10.90,1.45,true,1,
7290011765415,false,בוב ספוג מרכך שיער לילדים כיף (750 מל).,החברה הדרומית לשיווק בעמ,,,יח`,7.50,"100 מ""ל",false,1,10.90,1.45,true,1,
7290011765422,false,בוב ספוג אל סבון כיף (750 מל),החברה הדרומית לשיווק בעמ,,,יח`,7.50,"100 מ""ל",false,1,10.90,1.45,true,1,
7290011765446,false,משחת שיניים אורביטול בוב ספוג 70 גרם,החברה הדרומית לשיווק בעמ,,,יח`,0.70,100 גרם,false,1,8.90,12.71,true,1,
7290011772468,false,אקונומיקה אמה 4 ליטר,עיסא ערטול בעמ,,,יח`,40,"100 מ""ל",false,1,8.90,0.22,false,1,
7290011800840,false,טחינה בלאדי רפי כהן צבר (400 גרם),קבוצת אסם סחר שות. מוגבלת,,,יח`,4,100 גרם,false,1,15.90,3.98,false,1,
7290011830243,false,אטריות אורגניות מאורז תאילנדי 250 גר השד,השדה מוצרים אורגניים בעמ,,,יח`,2.50,100 גרם,false,1,12.90,5.16,false,1,
7290011860271,false,ביסבול כדורי פירה תפוגן (700 גרם),קבוצת אסם סחר שות. מוגבלת,,,יח`,7,100 גרם,false,1,12.90,1.84,false,1,
7290011876388,false,קציצות עוף ובקר מאמא עוף (600 גרם),תנובה קפואים,,,יח`,6,100 גרם,false,1,32,5.33,true,1,
7290011877088,false,סנו סושי רדיד אלומיניום,החברה הדרומית לשיווק בעמ,,,יח`,1,,false,1,14.90,14.90,false,1,
7290011877446,false,קרם נגד גירויים בייבי כיף,החברה הדרומית לשיווק בעמ,,,יח`,1,100 גרם,false,1,14.90,14.90,true,1,
7290011877859,false,אינסטלטור פותח סתימות סנו (200 גרם),החברה הדרומית לשיווק בעמ,,,יח`,2,"100 מ""ל",false,1,14.90,7.45,true,1,
7290011877866,false,סנו מקסימה 6 קג מאסק,החברה הדרומית לשיווק בעמ,,,יח`,6,"ק""ג",false,1,49.90,8.32,true,1,
7290011947316,false,זיתי קלמטה 215 גר,תה ויסוצקי (ישראל) בעמ,,,יח`,2.15,100 גרם,false,1,13.90,6.47,false,1,
7290011947521,false,זיתא בדץ כמ בטע 750 מל,תה ויסוצקי (ישראל) בעמ,,,יח`,7.50,"100 מ""ל",false,1,27.90,3.72,false,1,
7290011947743,false,זית ירוק מיקס זית ירוק וזית קלמטה  זיתא(,תה ויסוצקי (ישראל) בעמ,,,יח`,2.17,100 גרם,false,1,13.90,6.41,false,1,
7290011947781,false,מיקס זית ירוק וזית קלמטה ללא גלעין עם שמ,תה ויסוצקי (ישראל) בעמ,,,יח`,1.90,100 גרם,false,1,13.90,7.32,false,1,
7290011947798,false,זית קלמטה ללא גלעין עם שמן זית כתית מעול,תה ויסוצקי (ישראל) בעמ,,,יח`,1.90,100 גרם,false,1,13.90,7.32,false,1,
7290011947903,false,מיקס זיתים יווני,תה ויסוצקי (ישראל) בעמ,,,יח`,2.15,100 גרם,false,1,13.90,6.47,false,1,
7290011964542,false,פפריקה מתוקה 400 גר`,תבליני טעם וריח בעמ,,,יח`,4,100 גרם,false,1,22.90,5.73,false,1,
7290011964573,false,פלפל שחור טחון במיכל 400  גר`טעם וריח,תבליני טעם וריח בעמ,,,יח`,4,100 גרם,false,1,29.90,7.48,false,1,
7290011964603,false,כורכום 400 גר`,תבליני טעם וריח בעמ,,,יח`,4,100 גרם,false,1,22.90,5.73,false,1,
7290011969141,false,מגבונים לחים טייגר 72 יח,פאלאס תעשיות נטו (2014) בעמ,,,יח`,1,,false,1,3.90,3.90,true,1,
7290011996086,false,צ`ילי חריף 700,טחנת האבן קואופ בעמ,,,יח`,7,"100 מ""ל",false,1,9.90,1.41,false,1,
7290011996185,false,חומץ אורז לבן לסושי טעמי אסיה (250 מל),טחנת האבן קואופ בעמ,,,יח`,2.50,"100 מ""ל",false,1,10.90,4.36,true,1,
7290011996222,false,מי קוקוס טעמי אסיה (400 מל),טחנת האבן קואופ בעמ,,,יח`,4,"100 מ""ל",false,1,8.90,2.23,false,1,
7290011996529,false,אטריות אורז 5 סמ טעמי אסיה (400 גרם),טחנת האבן קואופ בעמ,,,יח`,4,100 גרם,false,1,10.90,2.73,false,1,
7290011996581,false,רוטב חמוץ מתוק 300 מל,טחנת האבן קואופ בעמ,,,יח`,3,"100 מ""ל",false,1,10.90,3.63,false,1,
7290011996789,false,פנקו טעמי אסיה (200 גרם),טחנת האבן קואופ בעמ,,,יח`,2,100 גרם,false,1,11.90,5.95,false,1,
7290012001994,false,חרדל דיגון גרעינים 350 גרם,דיפלומט היינץ,,,יח`,3.40,100 גרם,false,1,12.90,3.79,false,1,
7290012022005,false,קריספיות,דילייט 2005 בעמ,,,יח`,0.60,100 גרם,false,1,12.90,21.50,false,1,
7290012022050,false,קריספיות חיטה מלאה,דילייט 2005 בעמ,,,יח`,0.75,100 גרם,false,1,13.90,18.53,false,1,
7290012022067,false,קריספיות קידס 30 גרם,דילייט 2005 בעמ,,,יח`,0.30,100 גרם,false,1,10.90,36.33,false,1,
7290012071003,false,קמיל בלו משחה לתינוק דר. פישר (200 גרם),פישר תעשיות פרמצבטיות בעמ,,,יח`,1,100 גרם,false,1,19.90,19.90,false,1,
7290012116537,false,א.כביסה סנו מקסימה 2.5 קג`,החברה הדרומית לשיווק בעמ,,,יח`,2.50,"ק""ג",false,1,24.90,9.96,false,1,
7290012116551,false,אנטי קאלק מנקה כללי סנו (2 ליטר),החברה הדרומית לשיווק בעמ,,,יח`,2,1 ליטר,false,1,19.90,9.95,true,1,
7290012116735,false,נייר טואלטסנו סופט ג`מבו 24,החברה הדרומית לשיווק בעמ,,,יח`,1,,false,1,39.90,39.90,false,1,
7290012117091,false,סנו מקסימה 6 קג,החברה הדרומית לשיווק בעמ,,,יח`,6,"ק""ג",false,1,49.90,8.32,true,1,
7290012117275,false,סנוקליר שקית מילוי 750 מל,החברה הדרומית לשיווק בעמ,,,יח`,7.50,"100 מ""ל",false,1,5.90,0.79,false,1,
7290012117411,false,קרמה ג`ל רחצה לגבר 700 מל כתום,החברה הדרומית לשיווק בעמ,,,יח`,7,"100 מ""ל",false,1,15,2.14,true,1,
7290012117541,false,סנו מקסימה מרכך 1 ליטר צהוב,החברה הדרומית לשיווק בעמ,,,יח`,1,1 ליטר,false,1,17.90,17.90,true,1,
7290012117732,false,סנו מקסימה4 ליטר,החברה הדרומית לשיווק בעמ,,,יח`,4,1 ליטר,false,1,19.90,4.98,false,1,
7290012139598,false,חול לחתולים קיטי (10 קג),שחורי אריה ואנסטסיה,,,יח`,10,"ק""ג",false,1,49.90,4.99,false,1,
7290012191985,false,גפרורים 10 יח`,אבאל יזמות בעמ,,,יח`,1,,false,1,2.50,2.50,false,1,
7290012191992,false,גפרורים ארוכים,אבאל יזמות בעמ,,,יח`,1,,false,1,5.90,5.90,true,1,
7290012193163,false,אל סבון פרחי בר ורוד פמילי (1 ליטר),דנשר (1963) בעמ,,,יח`,1,1 ליטר,false,1,14.90,14.90,true,1,
7290012212154,false,מלפפון במלח קטן צנצנת זכוכית,אבאל יזמות בעמ,,,יח`,5.60,100 גרם,false,1,11.90,2.13,false,1,
7290012226021,false,נקניק סלמי מעושן פראג זוגלובק (400 גרם),זוגלובק שיווק בעמ,,,יח`,4,100 גרם,false,1,21.90,5.48,false,1,
7290012226120,false,קבנוס זוגלובק (45x3 גרם),זוגלובק שיווק בעמ,,,יח`,1.35,100 גרם,false,1,11.90,8.81,true,1,
7290012226342,false,נקניקיה טבעונית עשירה בחלבון 460 גר` זוג,זוגלובק שיווק בעמ,,,יח`,4.60,100 גרם,false,1,27.90,6.07,true,1,
7290012227172,false,חרמון כפרית 300 גר`+ברביקיו 300 גר`,זוגלובק שיווק בעמ,,,יח`,6,100 גרם,false,1,33.90,5.65,true,1,
7290012227325,false,סלמי מעושן דק דק 120 גר` זוגלובק,זוגלובק שיווק בעמ,,,יח`,1.20,100 גרם,false,1,13.50,11.25,true,1,
7290012227592,false,זוג חרמון כפרית  ותה- מחפוד,זוגלובק שיווק בעמ,,,יח`,6,100 גרם,false,1,34.90,5.82,false,1,
7290012227615,false,נקניקיות עוף 800 גר,זוגלובק שיווק בעמ,,,יח`,8,100 גרם,false,1,27.90,3.49,false,1,
7290012227622,false,חרמון כפרית דבש 400  גר- מחפוד,זוגלובק שיווק בעמ,,,יח`,4,100 גרם,false,1,19.90,4.98,false,1,
7290012227769,false,פסטרמה ברביקיו 400 גר`(מחפוד),זוגלובק שיווק בעמ,,,יח`,4,100 גרם,false,1,19.90,4.98,false,1,
7290012227783,false,תה מעושן 400 גר`(מחפוד),זוגלובק שיווק בעמ,,,יח`,4,100 גרם,false,1,19.90,4.98,false,1,
7290012227912,false,קבנוס מעודן 135 גרם,זוגלובק שיווק בעמ,,,יח`,1.35,100 גרם,false,1,10.90,8.07,true,1,
7290012227974,false,פסטרמה בדבש 120 גר` זוגלובק,זוגלובק שיווק בעמ,,,יח`,1.20,100 גרם,false,1,13.50,11.25,true,1,
7290012227981,false,פסטרמה ברביקין 120 גר` זוגלובק,זוגלובק שיווק בעמ,,,יח`,1.20,100 גרם,false,1,13.50,11.25,true,1,
7290012227998,false,חזה בקר 120 גר` זוגלובק,זוגלובק שיווק בעמ,,,יח`,1.20,100 גרם,false,1,13.50,11.25,true,1,
7290012228124,false,קבנוס סטיקס 50 גר` זוגלובק,זוגלובק שיווק בעמ,,,יח`,0.50,100 גרם,false,1,9.90,19.80,true,1,
7290012228261,false,נקנקיות בוקוורסט הודו 300 גר,זוגלובק שיווק בעמ,,,יח`,3,100 גרם,false,1,19.90,6.63,false,1,
7290012228407,false,נקנקיות ג`מבו מחפוד 1.5 קג זוגלובק,זוגלובק שיווק בעמ,,,יח`,15,100 גרם,false,1,37.90,2.53,false,1,
7290012275241,false,טונה בוניטו בודד בשמן,בני פאוזי שמשום (2009) בעמ,,,יח`,1,,false,1,4.80,4.80,false,1,
7290012309939,false,חלבה מסולסלת 500 גר`,דין שיווק וקליה 2021 בעמ,,,יח`,5,100 גרם,false,1,16.90,3.38,true,1,
7290012352010,false,קרם לחות+שמן לשיער יבש,החברה הדרומית לשיווק בעמ,,,יח`,4,"100 מ""ל",false,1,23.90,5.98,true,1,
7290012404955,false,נקטר חמוציות ספרינג קולקשן (1.25 ליטר),יפאורה,,,יח`,1.25,1 ליטר,false,1,14.90,11.68,true,1,
7290012522581,false,שניצל תירס ללא גלוטן טבעול (664 גרם),קבוצת אסם סחר שות. מוגבלת,,,יח`,7.50,100 גרם,false,1,19.90,2.65,false,1,
7290012561405,false,בצל קצוץ ומטוגן דורות (180 גרם),קבוצת אסם סחר שות. מוגבלת,,,יח`,1.80,100 גרם,false,1,11.90,6.61,false,1,
7290012576607,false,יין פרימייר אדום-קברנה  סובניון ומלבק,טמפו משקאות בעמ,,,יח`,7.50,"100 מ""ל",false,1,26.90,3.55,false,1,
7290012576614,false,פרמייר אמרלד ריזלינג יקבי ברקן (750 מל),טמפו משקאות בעמ,,,יח`,7.50,"100 מ""ל",false,1,26.90,3.55,false,1,
7290012645020,false,יוגורט 500 מל חלב הארץ,שטראוס גרופ בעמ/מצונן,,,יח`,5,"100 מ""ל",false,1,12.80,2.56,true,1,
7290012645075,false,יוגורט כבשים בגביע 350 גר` חלב הארץ,שטראוס גרופ בעמ/מצונן,,,יח`,3.50,100 גרם,false,1,11.90,3.40,true,1,
7290012645112,false,יוגורט עיזים 750 מל בדלי,שטראוס גרופ בעמ/מצונן,,,יח`,7.50,"100 מ""ל",false,1,19.90,2.65,true,1,
7290012645129,false,יוגורט כבשים 750 מל בדלי חלב הארץ,שטראוס גרופ בעמ/מצונן,,,יח`,7.50,"100 מ""ל",false,1,19.90,2.65,true,1,
7290012803215,false,טוסו וופל בלגי ללתס בטעם שוקולד 200 גר`,דנשר (1963) בעמ,,,יח`,2,100 גרם,false,1,10.90,5.45,true,1,
7290012803314,false,סוכרלוז טבליות מרמולייט) (300,דנשר (1963) בעמ,,,יח`,1,,false,1,45.90,45.90,false,1,
7290012803451,false,טוסו שוקולד מריר ללתס 100 גר` 62%,דנשר (1963) בעמ,,,יח`,1,100 גרם,false,1,12.90,12.90,true,1,
7290012803765,false,טוסו שוקולד מריר ללתס 100 גר`,דנשר (1963) בעמ,,,יח`,1,100 גרם,false,1,12.90,12.90,true,1,
7290012803772,false,טוסו שוקולד חלב ללתס 100 גר`,דנשר (1963) בעמ,,,יח`,1,100 גרם,false,1,12.90,12.90,true,1,
7290012803789,false,טוסו שוקולד מריר+אגוזים ללתס 100 גר`,דנשר (1963) בעמ,,,יח`,1,100 גרם,false,1,12.90,12.90,true,1,
7290012803796,false,טוסו שוקולד חלבי+אגזוים ללתס 100 גר`,דנשר (1963) בעמ,,,יח`,1,100 גרם,false,1,12.90,12.90,true,1,
7290012823381,false,סנו מקסימה מרכך 1 ליטר ורוד פסים,החברה הדרומית לשיווק בעמ,,,יח`,1,1 ליטר,false,1,17.90,17.90,true,1,
7290012823398,false,ריצפז פרש מטליות חד פעמיות 10 יח`,החברה הדרומית לשיווק בעמ,,,יח`,1,,false,1,11.90,11.90,true,1,
7290012823558,false,מטליות לחות לריצפה סנו סושי) (10,החברה הדרומית לשיווק בעמ,,,יח`,1,,false,1,11.90,11.90,true,1,
7290012823602,false,נייר טואלט סופט 32 גלילים,החברה הדרומית לשיווק בעמ,,,יח`,1,,false,1,34.90,34.90,true,1,
7290012823947,false,סנו מקסימה מרכך 750 מל שחור,החברה הדרומית לשיווק בעמ,,,יח`,7.50,"100 מ""ל",false,1,17.90,2.39,true,1,
7290012864025,false,אלפלפא,א.אדמה (2007) בעמ,,,יח`,1,,false,1,7.90,7.90,false,1,
7290012884986,false,צ`יפס לתנור עד 4% שומן תפוגן (1.5 קג),קבוצת אסם סחר שות. מוגבלת,,,יח`,15,100 גרם,false,1,24.90,1.66,false,1,
7290012911095,false,רוטב סויה כהה 500 מל טעמי אסיה,טחנת האבן קואופ בעמ,,,יח`,5,"100 מ""ל",false,1,11.90,2.38,false,1,
7290012911293,false,דפי אורז 22 סמ טעמי אסיה (300 גרם)-ללא,טחנת האבן קואופ בעמ,,,יח`,3,100 גרם,false,1,11.90,3.97,true,1,
7290012911675,false,פטריות שטאקה טעמי אסיה (85 גרם),טחנת האבן קואופ בעמ,,,יח`,0.85,100 גרם,false,1,21.90,25.76,false,1,
7290012911729,false,ג`ינג`ר לסושי ורוד 250 גר,טחנת האבן קואופ בעמ,,,יח`,2.50,100 גרם,false,1,9.90,3.96,false,1,
7290012911804,false,שמן שומשום טעמי אסיה (150 מל),טחנת האבן קואופ בעמ,,,יח`,1.50,"100 מ""ל",false,1,15.90,10.60,true,1,
7290012921032,false,בירה אדמונית בירה מלכה (330 מל),הכרם - משקאות חריפים בעמ,,,יח`,3.30,"100 מ""ל",false,1,13.90,4.12,true,1,
7290012931062,false,10 אטבי הדור החדש,מ.א.ייצור ויבוא מטליות בעמ,,,יח`,1,,false,1,5.90,5.90,false,1,
7290012931086,false,מטאטא מליציה שייני,מ.א.ייצור ויבוא מטליות בעמ,,,יח`,1,יח`,false,1,16.90,16.90,false,1,
7290012931116,false,מגב חד להב גומי,מ.א.ייצור ויבוא מטליות בעמ,,,יח`,1,,false,1,24,24,false,1,
7290012936944,false,אגוז מוסקט טחון תבליני מימון (40 גרם),א.ל.ייצור ושיווק תבלינים בעמ,,,יח`,0.40,100 גרם,false,1,14.90,37.25,false,1,
7290012938405,false,דיימונד עבה 087,גורי ע.ע.ע בעמ,,,יח`,1,,false,1,17.50,17.50,false,1,
7290012938597,false,משחת שיניים רפיד רליף סנסודיין (75 מל),גורי ע.ע.ע בעמ,,,יח`,0.75,100 גרם,false,1,23.90,31.87,true,1,
7290012938740,false,משחת שיניים בטעם מנטה סנסודיין (75 מל),גורי ע.ע.ע בעמ,,,יח`,0.75,100 גרם,false,1,21.90,29.20,true,1,
7290012938924,false,אקווה פרש מי פה 500 מל,גורי ע.ע.ע בעמ,,,יח`,5,"100 מ""ל",false,1,19.90,3.98,true,1,
7290012983276,false,סילאן 900 ג- חתם סופר,תה ויסוצקי (ישראל) בעמ,,,יח`,9,100 גרם,false,1,12.90,1.43,false,1,
7290012996672,false,סבון אסלה זוגי הפי,יעקב יעקבי ובניו בעמ,,,יח`,0.88,"100 מ""ל",false,1,9.90,11.25,false,1,
7290013027399,false,לחם אנג`ל 100 בתוספת שיפון-קל 750גר,שלמה א. אנג`ל בעמ,,,יח`,7.50,100 גרם,false,1,13.90,1.85,false,1,
7290013083661,false,מטרנה אקסטרא קייר 700  גר`שלב 1,קבוצת אסם סחר שות. מוגבלת,,,יח`,7,100 גרם,false,1,59.90,8.56,true,1,
7290013083685,false,מטרנה אקסטרא קייר 700  גר`שלב3,קבוצת אסם סחר שות. מוגבלת,,,יח`,7,100 גרם,false,1,59.90,8.56,true,1,
7290013117236,false,בורקס פילו פיצה מעדנות,תנובה קפואים,,,יח`,6,100 גרם,false,1,21.90,3.65,true,1,
7290013117243,false,בורקס פילו בולגרית מעדנות,תנובה קפואים,,,יח`,6,100 גרם,false,1,21.90,3.65,true,1,
7290013117427,false,בצק פריך מלוח 900  גר`מעדנות,תנובה קפואים,,,יח`,9,100 גרם,false,1,24,2.67,true,1,
7290013117526,false,בצק שמרים מתוק מעדנות,תנובה קפואים,,,יח`,9,100 גרם,false,1,22.90,2.54,true,1,
7290013121035,false,לחם פשתן 500  גר`ללא גלוטן,גורי ע.ע.ע בעמ,,,יח`,5,100 גרם,false,1,19.90,3.98,false,1,
7290013121103,false,שליש באגט ללא גלוטן,גורי ע.ע.ע בעמ,,,יח`,4,100 גרם,false,1,18.50,4.63,false,1,
7290013121110,false,לחמניות בורגר 350  גר`ללא גלוטן,גורי ע.ע.ע בעמ,,,יח`,3.50,100 גרם,false,1,14.90,4.26,false,1,
7290013121165,false,לחמניות נקנקיה ללא גלוטן,גורי ע.ע.ע בעמ,,,יח`,4.60,100 גרם,false,1,18.50,4.02,false,1,
7290013128324,false,ענבים שחורים,לכיש מושב עובדים להתישבות*30 י,,,"ק""ג",1,,true,1,14.90,14.90,false,1,
7290013144157,false,סחלב 130 גרם מימונס,א.ל.ייצור ושיווק תבלינים בעמ,,,יח`,1.30,100 גרם,false,1,10.90,8.38,true,1,
7290013144171,false,תערובת עוגת שוקולד 560 גר`,א.ל.ייצור ושיווק תבלינים בעמ,,,יח`,5.60,100 גרם,false,1,18.90,3.38,true,1,
7290013144232,false,פודינג בטעם וניל 85  גר`מימונס,א.ל.ייצור ושיווק תבלינים בעמ,,,יח`,0.85,100 גרם,false,1,5.90,6.94,true,1,
7290013144393,false,תמצית אפיה בטעם וניל מימונס (50 מל),א.ל.ייצור ושיווק תבלינים בעמ,,,יח`,0.50,100 גרם,false,1,4.90,9.80,false,1,
7290013144614,false,סירופ מייפל אמיתי מימונס (236 מל),א.ל.ייצור ושיווק תבלינים בעמ,,,יח`,2.36,"100 מ""ל",false,1,34.90,14.79,true,1,
7290013144768,false,סירופ שוקולד מימונס (500 גרם),א.ל.ייצור ושיווק תבלינים בעמ,,,יח`,5,"100 מ""ל",false,1,15.90,3.18,true,1,
7290013145017,false,אגוז מלך קלוף מימונס (100 גרם),א.ל.ייצור ושיווק תבלינים בעמ,,,יח`,1,100 גרם,false,1,12.90,12.90,false,1,
7290013145024,false,אגוז מלך טחון מימונס (100 גרם),א.ל.ייצור ושיווק תבלינים בעמ,,,יח`,1,100 גרם,false,1,12.90,12.90,false,1,
7290013145031,false,אגוז לוז מסוכר מימונס (100 גרם),א.ל.ייצור ושיווק תבלינים בעמ,,,יח`,1,100 גרם,false,1,12.90,12.90,false,1,
7290013145048,false,צנוברים מימונס (100 גרם),א.ל.ייצור ושיווק תבלינים בעמ,,,יח`,1,100 גרם,false,1,27.90,27.90,false,1,
7290013145109,false,שקד מולבן טחון מימונס (100 גרם),א.ל.ייצור ושיווק תבלינים בעמ,,,יח`,1,100 גרם,false,1,11.90,11.90,true,1,
7290013145116,false,שקד מולבן מקלות מימונס (100 גרם),א.ל.ייצור ושיווק תבלינים בעמ,,,יח`,1,100 גרם,false,1,11.90,11.90,true,1,
7290013145178,false,קוקוס לבן טחון מימונס (100 גרם),א.ל.ייצור ושיווק תבלינים בעמ,,,יח`,1,100 גרם,false,1,5.90,5.90,false,1,
7290013145192,false,שומשום מימונס (100 גרם),א.ל.ייצור ושיווק תבלינים בעמ,,,יח`,1,100 גרם,false,1,5.90,5.90,false,1,
7290013145215,false,שומשום מימונס (400 גרם),א.ל.ייצור ושיווק תבלינים בעמ,,,יח`,4,100 גרם,false,1,13.90,3.48,false,1,
7290013145406,false,שוקולד צ`יפס לבן מימונס (250 גרם),א.ל.ייצור ושיווק תבלינים בעמ,,,יח`,2.50,100 גרם,false,1,10.90,4.36,false,1,
7290013145437,false,שוקולד צ`יפס 45% מימונס (250 גרם),א.ל.ייצור ושיווק תבלינים בעמ,,,יח`,2.50,100 גרם,false,1,13.90,5.56,false,1,
7290013145529,false,סוכריות צבעוניות לקישוט 90 גר`,א.ל.ייצור ושיווק תבלינים בעמ,,,יח`,0.90,100 גרם,false,1,6.90,7.67,false,1,
7290013145567,false,מיני מיני עדשים מימונס (90 גרם),א.ל.ייצור ושיווק תבלינים בעמ,,,יח`,0.90,100 גרם,false,1,11.90,13.22,false,1,
7290013145628,false,סוכריות צבעוניות לקישוט 200 גר,א.ל.ייצור ושיווק תבלינים בעמ,,,יח`,2,100 גרם,false,1,9.90,4.95,false,1,
7290013145710,false,דובדבנים מסוכרים מימונס (100 גרם),א.ל.ייצור ושיווק תבלינים בעמ,,,יח`,1,100 גרם,false,1,9.90,9.90,false,1,
7290013145840,false,סוכר וניל מימונס (10x10 גרם),א.ל.ייצור ושיווק תבלינים בעמ,,,יח`,10,יח`,false,1,2.90,0.29,false,1,
7290013145857,false,אבקת אפיה מימונס (10x10 גרם),א.ל.ייצור ושיווק תבלינים בעמ,,,יח`,10,יח`,false,1,2.90,0.29,false,1,
7290013145901,false,סודה לשתיה מימונס (100 גרם),א.ל.ייצור ושיווק תבלינים בעמ,,,יח`,0.50,100 גרם,false,1,3.90,7.80,false,1,
7290013145918,false,אבקת סוכר מימונס (100 גרם),א.ל.ייצור ושיווק תבלינים בעמ,,,יח`,1,100 גרם,false,1,3.90,3.90,false,1,
7290013145956,false,שמרים יבשים בואקום מימונס (500 גרם),א.ל.ייצור ושיווק תבלינים בעמ,,,יח`,5,100 גרם,false,1,12.90,2.58,false,1,
7290013145963,false,שמרים יבשים בואקום מימונס (125 גרם),א.ל.ייצור ושיווק תבלינים בעמ,,,יח`,1.25,100 גרם,false,1,5.90,4.72,false,1,
7290013145970,false,קורנפלור מימונס (200 גרם),א.ל.ייצור ושיווק תבלינים בעמ,,,יח`,2,100 גרם,false,1,4.90,2.45,false,1,
7290013146304,false,קורנפלור 500  גר`מימונס,א.ל.ייצור ושיווק תבלינים בעמ,,,יח`,5,100 גרם,false,1,6.90,1.38,false,1,
7290013146663,false,אטריות צבעוניות לקישוט 55  גר`מימונס,א.ל.ייצור ושיווק תבלינים בעמ,,,יח`,0.55,100 גרם,false,1,11.90,21.64,true,1,
7290013146670,false,סוכריות לב סגול לבן לקישוט 60 מימונס,א.ל.ייצור ושיווק תבלינים בעמ,,,יח`,0.60,100 גרם,false,1,11.90,19.83,true,1,
7290013146816,false,אבקת סוכר שקית 500 מימונס,א.ל.ייצור ושיווק תבלינים בעמ,,,יח`,5,100 גרם,false,1,6.90,1.38,false,1,
7290013215017,false,דואט פטריות-יחידה,חוות השמפיניון בעמ,,,יח`,1,,false,1,18.90,18.90,false,1,
7290013268020,false,סנו מקסימה מרכך 1 ליטר כחול פסים,החברה הדרומית לשיווק בעמ,,,יח`,1,1 ליטר,false,1,17.90,17.90,true,1,
7290013268242,false,ריצפז פרש הום בניחוח מלון מפנק 2 ליטר,החברה הדרומית לשיווק בעמ,,,יח`,2,1 ליטר,false,1,21.90,10.95,true,1,
7290013268839,false,פוליוויקס פרקט סנו (2 ליטר),החברה הדרומית לשיווק בעמ,,,יח`,20,"100 מ""ל",false,1,19.90,1,false,1,
7290013268884,false,ריצפז פרש 2 ליטר מאסק,החברה הדרומית לשיווק בעמ,,,יח`,2,1 ליטר,false,1,19.90,9.95,true,1,
7290013268891,false,אוקסיג`ן ג`ל 3 ליטר,החברה הדרומית לשיווק בעמ,,,יח`,3,1 ליטר,false,1,29.90,9.97,true,1,
7290013268938,false,סנובון שלישיה מאסק,החברה הדרומית לשיווק בעמ,,,יח`,1.95,100 גרם,false,1,11.90,6.10,true,1,
7290013268990,false,מקסימה מרכך סופר מרוכז ביו סנו (1 ליטר),החברה הדרומית לשיווק בעמ,,,יח`,1,1 ליטר,false,1,17.90,17.90,true,1,
7290013269003,false,סנו מקסימה מרכך 1 ליטר כחול בייבי,החברה הדרומית לשיווק בעמ,,,יח`,10,"100 מ""ל",false,1,19.90,1.99,true,1,
7290013269263,false,מקסימה ג`ל כביסה 3 ליטר,החברה הדרומית לשיווק בעמ,,,יח`,3,1 ליטר,false,1,29.60,9.87,true,1,
7290013269287,false,מקסימה ג`ל כביסה 3 ליטר,החברה הדרומית לשיווק בעמ,,,יח`,3000,1 ליטר,false,1,29.60,0.01,true,1,
7290013269621,false,ריצפז פרש הום בניחוח מלון בוטיק 2 ליטר,החברה הדרומית לשיווק בעמ,,,יח`,2,1 ליטר,false,1,21.90,10.95,true,1,
7290013269645,false,ריצפז פרש מטליות חד פעמיות 10 יח`,החברה הדרומית לשיווק בעמ,,,יח`,1,,false,1,11.90,11.90,true,1,
7290013269911,false,קוטל חרקים קיי 333 סנו (750 מל),החברה הדרומית לשיווק בעמ,,,יח`,7.50,"100 מ""ל",false,1,29.90,3.99,false,1,
7290013284075,false,פריניר טבעות זיתים מושחרים 560ג.,אבאל יזמות בעמ,,,יח`,5.60,100 גרם,false,1,8.50,1.52,true,1,
7290013284082,false,פריניר זית מושחר ללא גלעין 560ג,אבאל יזמות בעמ,,,יח`,5.60,100 גרם,false,1,8.50,1.52,true,1,
7290013284105,false,פריניר זיתים טבעות ירוק a2,אבאל יזמות בעמ,,,יח`,5.60,100 גרם,false,1,8.50,1.52,true,1,
7290013284136,false,פריניר מלפפון במלח 7-9 560ג.,אבאל יזמות בעמ,,,יח`,5.60,100 גרם,false,1,6.50,1.16,true,1,
7290013284143,false,פריניר מלפפונים במלח 10-12 560ג.,אבאל יזמות בעמ,,,יח`,5.60,100 גרם,false,1,7.50,1.34,true,1,
7290013284150,false,פריניר מלפפונים במלח 13-17 560ג,אבאל יזמות בעמ,,,יח`,5.60,100 גרם,false,1,8.90,1.59,true,1,
7290013284167,false,פריניר מלפפון במלח 18-25,אבאל יזמות בעמ,,,יח`,5.60,100 גרם,false,1,8.90,1.59,false,1,
7290013284204,false,פריניר מלפפון חומץ 18-25,אבאל יזמות בעמ,,,יח`,5.60,100 גרם,false,1,8.90,1.59,false,1,
7290013284310,false,רוטב פסטה 240  גר`פריניר,אבאל יזמות בעמ,,,יח`,2.40,100 גרם,false,1,5.50,2.29,true,1,
7290013310101,false,שיפודי במבוק ג`מבו 50 יח,אינטרסן 1996 בעמ,,,יח`,1,,false,1,5.90,5.90,false,1,
7290013310163,false,מדליקי פחם מוצק איזי לייט) (40,אינטרסן 1996 בעמ,,,יח`,1,,false,1,7.90,7.90,false,1,
7290013358356,false,פירורי לחם מוזהבים מאסטר שף (320גרם),ש.שסטוביץ בעמ,,,יח`,3.20,100 גרם,false,1,6.90,2.16,false,1,
7290013358363,false,פירורי לחם פנקו מוזהבים 300  גר`מנה מאסט,ש.שסטוביץ בעמ,,,יח`,3,100 גרם,false,1,9.90,3.30,false,1,
7290013358417,false,רוטב טריאקי מאסטר שף (300 מל),ש.שסטוביץ בעמ,,,יח`,3,"100 מ""ל",false,1,11.90,3.97,false,1,
7290013358462,false,מיני קרוטונים שום בצל 350 גר` מנה מאסטר,ש.שסטוביץ בעמ,,,יח`,3.50,100 גרם,false,1,18.90,5.40,true,1,
7290013358493,false,מאסטר שף אסייאתי,ש.שסטוביץ בעמ,,,יח`,4,"100 מ""ל",false,1,9.90,2.48,false,1,
7290013358530,false,רוטב צ`ילי מתוק מאסטר שף (700 מל),ש.שסטוביץ בעמ,,,יח`,7,"100 מ""ל",false,1,13.90,1.99,true,1,
7290013358547,false,רוטב צ`ילי חריף מאסטר שף (700 מל),ש.שסטוביץ בעמ,,,יח`,7,"100 מ""ל",false,1,13.90,1.99,true,1,
7290013358585,false,נודלס ביצים 400 גר` מנה מאסטר שף,ש.שסטוביץ בעמ,,,יח`,4,100 גרם,false,1,9.90,2.48,true,1,
7290013358837,false,מארז פריכיות אורז מנה ללא מלח 264 גר,ש.שסטוביץ בעמ,,,יח`,2.64,100 גרם,false,1,13.90,5.27,true,1,
7290013412966,false,מגבוני טולי רביעייה,שקד תבל בעמ,,,יח`,1,,false,1,9.90,9.90,false,1,
7290013430083,false,אלכסנדר בלונד בירה 330 מל,אגודת הכורמים,,,יח`,3.30,"100 מ""ל",false,1,12.90,3.82,true,1,
7290013472199,false,ערמונים קלופים 100 גר`,ג.וילי-פוד אינטרנשיונל בעמ,,,יח`,1,100 גרם,false,1,4.90,4.90,false,1,
7290013492005,false,תפוא ננסי מיקרוגל,א.אדמה (2007) בעמ,,,יח`,1,,false,1,8.90,8.90,false,1,
7290013531117,false,רוטב פסטה לילדים יכין (240 גר`),זנלכל בעמ,,,יח`,2.40,100 גרם,false,1,5.90,2.46,false,1,
7290013531582,false,זיתים חרוזית יכין 200  גר`שלישייה,זנלכל בעמ,,,יח`,2,100 גרם,false,1,15.50,7.75,false,1,
7290013531612,false,רוטב נפוליטנה יכין (240 גרם),זנלכל בעמ,,,יח`,2.40,100 גרם,false,1,5.90,2.46,false,1,
7290013531759,false,שעועית לבנה מבושלת במים יכין (550 גרם),זנלכל בעמ,,,יח`,5.50,100 גרם,false,1,10.50,1.91,false,1,
7290013534057,false,צ`יפס בטטה 100 גרכשלפ,מיה תעשיות מזון מ.ת.מ. בעמ,,,יח`,1,100 גרם,false,1,9.90,9.90,true,1,
7290013586896,false,ספרייט שישיות 1.5 ליטר,החברה המרכזית להפצת משקאות בעמ,,,יח`,0.09,100 גרם,false,1,31.90,354.44,false,1,
7290013608260,false,מיץ רימונים סחוט פרימור (1 ליטר),שטראוס גרופ בעמ/מצונן,,,יח`,1,1 ליטר,false,1,20.90,20.90,false,1,
7290013645364,false,עוגיות מזרחיות ללא גלוטן GFREE 200 גר`,גורי מוצרי צריכה (1991) בעמ,,,יח`,2,100 גרם,false,1,19.70,9.85,false,1,
7290013645371,false,עוגיות שוקולד 200 גר כשלפ GFREE,גורי מוצרי צריכה (1991) בעמ,,,יח`,2,100 גרם,false,1,19.70,9.85,false,1,
7290013675545,false,שניצל כלי תחבורה מאמא עוף (700 גרם),תנובה קפואים,,,יח`,7,100 גרם,false,1,34.90,4.99,true,1,
7290013702036,false,שוופס ווטר אפרסק 500מל,יפאורה,,,יח`,5,"100 מ""ל",false,1,5.90,1.12,true,1,
7290013702050,false,שוופס ווטר ענבים 500מל,יפאורה,,,יח`,5,"100 מ""ל",false,1,5.90,1.12,true,1,
7290013725769,false,נודלס עבה 400 גר`,דין שיווק וקליה 2021 בעמ,,,יח`,4,100 גרם,false,1,7.90,1.98,false,1,
7290013787392,false,ריקו רבילוי גבינות קלאסי 330 גר`,תנובה - חלב,,,יח`,3.30,100 גרם,false,1,26.90,8.15,false,1,
7290013787408,false,ריקו רביולי בטטה 330 גר`,תנובה - חלב,,,יח`,3.30,100 גרם,false,1,26.90,8.15,false,1,
7290013787415,false,ריקו רביולי ריקוטה תרד 330 גר`,תנובה - חלב,,,יח`,3.30,100 גרם,false,1,26.90,8.15,false,1,
7290013847812,false,ס.ק טונה ילופין בשמן זית מעולה 140 גר`,סטארקיסט דיפלומט היינץ,,,יח`,1.40,100 גרם,false,1,9.90,7.07,false,1,
7290013847836,false,מארז זוגות טונה בשמן קנולה 280 גר`* (140,סטארקיסט דיפלומט היינץ,,,יח`,2.80,100 גרם,false,1,11.90,4.25,false,1,
7290013847980,false,סטארקיסט שפע משקל 425 גר`,סטארקיסט דיפלומט היינץ,,,יח`,4.25,100 גרם,false,1,17.90,4.21,false,1,
7290013848345,false,מטליות לניקוי לחיטוי ולניקוי 50 יח סנו,החברה הדרומית לשיווק בעמ,,,יח`,1,,false,1,19.90,19.90,true,1,
7290013848383,false,ג`ל רחצה לגבר אקטיב בלוק קרמה (700 מל),החברה הדרומית לשיווק בעמ,,,יח`,7,"100 מ""ל",false,1,15,2.14,true,1,
7290013848758,false,סנו מקסימה ג`ל מרוכז בייבי,החברה הדרומית לשיווק בעמ,,,יח`,3,1 ליטר,false,1,32.90,10.97,false,1,
7290013848833,false,כיף רביעייה אל סבון מוצק,החברה הדרומית לשיווק בעמ,,,יח`,4,100 גרם,false,1,9.90,2.48,false,1,
7290013906212,false,נקניקיות וינר 1  קג`טירת צבי,תנובה קפואים,,,יח`,1,1 ליטר,false,1,32.90,32.90,true,1,
7290013906441,false,קבנוס 120  גר`טירת צבי,תנובה קפואים,,,יח`,1.20,100 גרם,false,1,11.90,9.92,false,1,
7290013906694,false,נקניקיות עוף 1.5,תנובה קפואים,,,יח`,1.50,"ק""ג",false,1,39.90,26.60,false,1,
7290013927323,false,עוגת בראוניס 400 גרם אחדות,אחדות בעמ,,,יח`,4,100 גרם,false,1,11.90,2.98,false,1,
7290013927637,false,חלבה אחוה ללתס 400 גר`,אחדות בעמ,,,יח`,4,100 גרם,false,1,12.90,3.23,false,1,
7290014002135,false,תה ירוק מיקס 5 טעמים ויסוצקי (25),תה ויסוצקי (ישראל) בעמ,,,יח`,0.3750,100 גרם,false,1,24.90,66.40,true,1,
7290014002203,false,חליטת לימונית לואיזה ויסוצקי) (25,תה ויסוצקי (ישראל) בעמ,,,יח`,0.3750,100 גרם,false,1,17.50,46.67,true,1,
7290014002944,false,תה חמדת השקד ויסוצקי הגן הקסום) (25,תה ויסוצקי (ישראל) בעמ,,,יח`,1,,false,1,17.50,17.50,true,1,
7290014046016,false,פסטרמה של פעם 100% 250גר`,מעדני יחיעם (1993) בעמ,,,יח`,2.50,100 גרם,false,1,24.90,9.96,false,1,
7290014046047,false,צמד פסטרמות 600 גר` יחיעם,מעדני יחיעם (1993) בעמ,,,יח`,6,100 גרם,false,1,25.90,4.32,true,1,
7290014046474,false,נקניקיות עוף 1.5 קג,מעדני יחיעם (1993) בעמ,,,יח`,1.50,"ק""ג",false,1,29.90,19.93,true,1,
7290014046580,false,פסטרמה מעודנת על גחלים יחיעם (300 גרם),מעדני יחיעם (1993) בעמ,,,יח`,3,100 גרם,false,1,23.90,7.97,true,1,
7290014046757,false,סלמי תה יחיעם (300 גרם),מעדני יחיעם (1993) בעמ,,,יח`,3,100 גרם,false,1,25.90,8.63,true,1,
7290014046764,false,סלמי פפרוני 200  גר`יחיעם,מעדני יחיעם (1993) בעמ,,,יח`,2,100 גרם,false,1,14.90,7.45,false,1,
7290014059085,false,סנסודיין שיקום והגנה 75 מל,גורי ע.ע.ע בעמ,,,יח`,0.75,"100 מ""ל",false,1,23.90,31.87,true,1,
7290014059436,false,סנסודיין שיקום והגנה מלבינה 75 מל,גורי ע.ע.ע בעמ,,,יח`,0.75,"100 מ""ל",false,1,23.90,31.87,true,1,
7290014083813,false,שפורטים בשמן וילי פוד (190 גרם),ג.וילי-פוד אינטרנשיונל בעמ,,,יח`,1.90,100 גרם,false,1,7.90,4.16,false,1,
7290014094383,false,משמש בקופסא ששון הקולה 250 גר`,דין שיווק וקליה 2021 בעמ,,,יח`,2.50,100 גרם,false,1,24.90,9.96,false,1,
7290014094529,false,רוטב סויה 300  מל- אהרוני,דין שיווק וקליה 2021 בעמ,,,יח`,3,"100 מ""ל",false,1,10.90,3.63,false,1,
7290014094536,false,רוטב סויה 623  מל- אהרוני,דין שיווק וקליה 2021 בעמ,,,יח`,6.23,"100 מ""ל",false,1,19.90,3.19,false,1,
7290014094543,false,תרסיס שמן קנולה מזוכך 186 מל שקדיה,דין שיווק וקליה 2021 בעמ,,,יח`,1.86,"100 מ""ל",false,1,12.90,6.94,true,1,
7290014094796,false,משמש מיובש ומסוכר 300 גר` בשקית ששון הקו,דין שיווק וקליה 2021 בעמ,,,יח`,3,100 גרם,false,1,20.90,6.97,true,1,
7290014094826,false,שזיפים ללא גלעין 300 גר,דין שיווק וקליה 2021 בעמ,,,יח`,3,100 גרם,false,1,22.90,7.63,true,1,
7290014094833,false,צימוק לבן שקית 300 גר`,דין שיווק וקליה 2021 בעמ,,,יח`,3,100 גרם,false,1,14.90,4.97,false,1,
7290014094840,false,צימוק חום 300 גר ששון הקולה,דין שיווק וקליה 2021 בעמ,,,יח`,3,100 גרם,false,1,10.90,3.63,false,1,
7290014094895,false,אגוזי מלך קלופים ששון הקולה (150 גרם),דין שיווק וקליה 2021 בעמ,,,יח`,1.50,100 גרם,false,1,10.90,7.27,true,1,
7290014095861,false,שיבולת שועל דקה שקדיה (500 גרם),דין שיווק וקליה 2021 בעמ,,,יח`,5,100 גרם,false,1,5.90,1.18,true,1,
7290014095960,false,שיבולת שועל עבה שקדיה (500 גרם),דין שיווק וקליה 2021 בעמ,,,יח`,5,100 גרם,false,1,5.90,1.18,true,1,
7290014217010,false,דגים 90T-BUL גר`,תבליני טעם וריח בעמ,,,יח`,0.90,100 גרם,false,1,12.90,14.33,true,1,
7290014217027,false,עוף 120T-BUL גר`,תבליני טעם וריח בעמ,,,יח`,1.20,100 גרם,false,1,12.90,10.75,true,1,
7290014217065,false,אורגנו עלים 30 גר`,תבליני טעם וריח בעמ,,,יח`,0.30,100 גרם,false,1,9.90,33,true,1,
7290014217140,false,ראס אל חנות 100 גר`,תבליני טעם וריח בעמ,,,יח`,1,100 גרם,false,1,9.90,9.90,true,1,
7290014217164,false,פטרוזיליה 20 גר`,תבליני טעם וריח בעמ,,,יח`,0.20,100 גרם,false,1,9.90,49.50,true,1,
7290014217348,false,צ`ילי כתוש 70 גר`,תבליני טעם וריח בעמ,,,יח`,0.70,100 גרם,false,1,9.90,14.14,true,1,
7290014217355,false,קרי אבקה 100 גר`,תבליני טעם וריח בעמ,,,יח`,1,100 גרם,false,1,9.90,9.90,true,1,
7290014217522,false,לחם שום תערובת מיכל 100 גר` טעם וריח,תבליני טעם וריח בעמ,,,יח`,1,100 גרם,false,1,11.90,11.90,true,1,
7290014218932,false,חטיפי פיצה בתוספת זיתים 710 גר` מעדנות,תנובה קפואים,,,יח`,7.10,100 גרם,false,1,33.90,4.77,true,1,
7290014258730,false,מטרנה צמחי 700 גר מגיל שנה,קבוצת אסם סחר שות. מוגבלת,,,יח`,7,100 גרם,false,1,66.90,9.56,false,1,
7290014325036,false,סוכריות ג`לי שמחה 600 גרם,מיה תעשיות מזון מ.ת.מ. בעמ,,,יח`,1,,false,1,19.90,19.90,false,1,
7290014397163,false,סנו פרש אוטומטיק פלורל,החברה הדרומית לשיווק בעמ,,,יח`,2.50,"100 מ""ל",false,1,13.90,5.56,false,1,
7290014397514,false,סנופרש הום נטול גז 350 מל בניחוח כותנה,החברה הדרומית לשיווק בעמ,,,יח`,3.50,"100 מ""ל",false,1,11.90,3.40,true,1,
7290014397767,false,ריצפז פרש הום 2 ליטר,החברה הדרומית לשיווק בעמ,,,יח`,2,1 ליטר,false,1,21.90,10.95,true,1,
7290014397774,false,ריצפז פרש הום 2 ליטר,החברה הדרומית לשיווק בעמ,,,יח`,2,1 ליטר,false,1,21.90,10.95,true,1,
7290014397781,false,ריצפז פרש הום 2 ליטר,החברה הדרומית לשיווק בעמ,,,יח`,2,1 ליטר,false,1,21.90,10.95,true,1,
7290014397873,false,סנו מקסימה מרכך כביסה 4 ליטר gentle bree,החברה הדרומית לשיווק בעמ,,,יח`,40,"100 מ""ל",false,1,19.90,0.50,false,1,
7290014426061,false,משחת שיניים לילדים הלו קיטי כצט (50 מל),גורי ע.ע.ע בעמ,,,יח`,0.50,"100 מ""ל",false,1,11.90,23.80,true,1,
7290014435704,false,סלמון מעושן 100 גר,סלטי שמיר 2006 בעמ,,,יח`,1,100 גרם,false,1,21.90,21.90,false,1,
7290014435803,false,מטיאס הולנדי פרובנציאל עם בצל בשמן 200,סלטי שמיר 2006 בעמ,,,יח`,2,100 גרם,false,1,18.90,9.45,false,1,
7290014435810,false,הרינג כבוש עם בצל במרינת חמוץ מתוק 220 ג,סלטי שמיר 2006 בעמ,,,יח`,2.20,100 גרם,false,1,18.90,8.59,false,1,
7290014435827,false,פילה מקרל מעושן בשמן ויטהול 180 גר,סלטי שמיר 2006 בעמ,,,יח`,1.80,100 גרם,false,1,24.90,13.83,false,1,
7290014435834,false,מקרל מעושן פרוס בשמן 190 גר,סלטי שמיר 2006 בעמ,,,יח`,1.90,100 גרם,false,1,24.90,13.11,false,1,
7290014435841,false,פילה מטיאס  הולנדי בשמן 200 גר,סלטי שמיר 2006 בעמ,,,יח`,2,100 גרם,false,1,18.90,9.45,false,1,
7290014455184,false,קאשקבל משולש מעדנייה גד,מחלבות גד שיווק 1992 בעמ,,,"ק""ג",10,100 גרם,true,1,120,12,false,1,
7290014455252,false,גבינת גרנה פדנו מגורדת 29% גד (100 גרם),מחלבות גד שיווק 1992 בעמ,,,יח`,1,100 גרם,false,1,13.90,13.90,false,1,
7290014455320,false,כדורי מוצרלה פרסקה גד (100 גרם),מחלבות גד שיווק 1992 בעמ,,,יח`,1,100 גרם,false,1,8.90,8.90,false,1,
7290014459373,false,צ`יפס קראנצ`י לתנור תפוגן (1.5 קג),קבוצת אסם סחר שות. מוגבלת,,,יח`,15,100 גרם,false,1,24.90,1.66,false,1,
7290014459472,false,תפוגן אמריקאן צ`יפס 2 קג`,קבוצת אסם סחר שות. מוגבלת,,,יח`,2,"ק""ג",false,1,29.90,14.95,false,1,
7290014459632,false,צ`פיס טוגן 1.5 קג`,קבוצת אסם סחר שות. מוגבלת,,,יח`,1.50,"ק""ג",false,1,14.90,9.93,false,1,
7290014466128,false,הר חרמון אינדיגו 750 מל,היכל היין שקד גולן בעמ,,,יח`,7.50,"100 מ""ל",false,1,35.90,4.75,true,1,
7290014471436,false,מוזלי צימוקים תפוח קינומון 1קג - שקדיה,דין שיווק וקליה 2021 בעמ,,,יח`,1,"ק""ג",false,1,19.90,19.90,false,1,
7290014472136,false,גרעין שחור קלוי ששון הקולה (150 גרם),דין שיווק וקליה 2021 בעמ,,,יח`,1.50,100 גרם,false,1,4.90,3.27,true,1,
7290014472471,false,גרעינים שחור ענק 200  גר`פרימיום ששון הק,דין שיווק וקליה 2021 בעמ,,,יח`,2,100 גרם,false,1,5.90,2.95,false,1,
7290014472501,false,פיסטוק קלוי 250  גר`פרימיום ששון הקולה,דין שיווק וקליה 2021 בעמ,,,יח`,2.50,100 גרם,false,1,24.90,9.96,false,1,
7290014472990,false,ממרח 100% שקדים שקדיה (300 גרם),דין שיווק וקליה 2021 בעמ,,,יח`,3,100 גרם,false,1,34.90,11.63,true,1,
7290014581036,false,הלהבה פחם 2 קג,פחם קוואנגו סחר בעמ,,,יח`,20,100 גרם,false,1,11.90,0.60,false,1,
7290014603028,false,סולרו וניל ותות שדה,גלידות שטראוס בעמ,,,יח`,0.76,100 גרם,false,1,7.90,10.39,true,1,
7290014648142,false,LA BELLE סמק  -70% 100אלכוהול,פארמה דיל (פ.א.ב.) שיווק והפצה,,,יח`,1,,false,1,7.90,7.90,false,1,
7290014648692,false,כדורי צמר גפן 72 יח LA BELLE,פארמה דיל (פ.א.ב.) שיווק והפצה,,,יח`,1,,false,1,7.90,7.90,false,1,
7290014648906,false,LA BELLEמסיר לק מהציפורניים 100 מל,פארמה דיל (פ.א.ב.) שיווק והפצה,,,יח`,1,"100 מ""ל",false,1,3.90,3.90,false,1,
7290014648913,false,פדים קוסמטיים 80 יח LA BELLE מארז שליישי,פארמה דיל (פ.א.ב.) שיווק והפצה,,,יח`,1,,false,1,12.90,12.90,false,1,
7290014673021,false,פלפל שחור שלם תבליני מימון (100 גרם),א.ל.ייצור ושיווק תבלינים בעמ,,,יח`,1,100 גרם,false,1,15.90,15.90,false,1,
7290014673410,false,פלפל שחור גרוס דק 250 גר`,א.ל.ייצור ושיווק תבלינים בעמ,,,יח`,2.50,100 גרם,false,1,29.90,11.96,false,1,
7290014673434,false,פלפל שחור גרוס דק שקית 80 גר`,א.ל.ייצור ושיווק תבלינים בעמ,,,יח`,0.80,100 גרם,false,1,9.90,12.38,false,1,
7290014673557,false,זעפרן אמיתי תבליני מימון קופסא,א.ל.ייצור ושיווק תבלינים בעמ,,,יח`,5,100 גרם,false,1,21.90,4.38,false,1,
7290014674004,false,קריספ מלח ים ושומשום 300 גר` ה,א.ל.ייצור ושיווק תבלינים בעמ,,,יח`,3,100 גרם,false,1,7.90,2.63,true,1,
7290014692299,false,גבינת ברי 125 גר,ג.וילי-פוד אינטרנשיונל **גבינו,,,יח`,1.25,100 גרם,false,1,14.90,11.92,false,1,
7290014692305,false,גבינת קממבר 125 גר,ג.וילי-פוד אינטרנשיונל **גבינו,,,יח`,1.25,100 גרם,false,1,14.90,11.92,false,1,
7290014692541,false,פתיתים מגורדת וילי פוד (500  גרם)GOLDEN,ג.וילי-פוד אינטרנשיונל **גבינו,,,יח`,5,100 גרם,false,1,19.90,3.98,false,1,
7290014692565,false,גרעיני תירס מתוק וילי פוד (320 גרם),ג.וילי-פוד אינטרנשיונל בעמ,,,יח`,3.20,100 גרם,false,1,4.90,1.53,false,1,
7290014748613,false,עוף טוב מקלוני דגים בציפוי צ`יפס,קבוצת אסם סחר שות. מוגבלת,,,יח`,6,100 גרם,false,1,27.90,4.65,true,1,
7290014748651,false,עוף  טוב-פילה אמנון מצופה שלם,קבוצת אסם סחר שות. מוגבלת,,,יח`,3.60,100 גרם,false,1,31.90,8.86,true,1,
7290014748675,false,עוף טוב קציצות דגים,קבוצת אסם סחר שות. מוגבלת,,,יח`,6,100 גרם,false,1,29.90,4.98,true,1,
7290014749245,false,צונגו רצועות שניצל שומשום 600  גר`עוף טו,קבוצת אסם סחר שות. מוגבלת,,,יח`,6,100 גרם,false,1,32.90,5.48,true,1,
7290014749726,false,שניצל עוף ביתי קריספי 700  גר`עוף טוב,קבוצת אסם סחר שות. מוגבלת,,,יח`,7,100 גרם,false,1,43.90,6.27,true,1,
7290014749849,false,שניצל דק ענק קריספי שומשום 720 גר`,קבוצת אסם סחר שות. מוגבלת,,,יח`,7.20,100 גרם,false,1,35.90,4.99,true,1,
7290014749887,false,עוף טוב שניצל דקענק קריספי 720 גר`,קבוצת אסם סחר שות. מוגבלת,,,יח`,7.20,100 גרם,false,1,35.90,4.99,true,1,
7290014758100,false,יוגורט ביו 3% תנובה (150x8 גרם),תנובה - חלב,,,יח`,12,100 גרם,false,1,16.50,1.38,false,1,
7290014758117,false,יוגורט ביו 1.5% תנובה (150x8 גרם),תנובה - חלב,,,יח`,12,100 גרם,false,1,16.50,1.38,false,1,
7290014758162,false,חלב עיזים מלא 3.6% שומן תנובה (1 ליטר),תנובה - חלב,,,יח`,1,1 ליטר,false,1,15,15,false,1,
7290014759084,false,גבינת נפוליאון 225  גר`16% גביע,תנובה - חלב,,,יח`,2.25,100 גרם,false,1,13.90,6.18,false,1,
7290014759534,false,פיראוס בולגרית למריחה 5% 200  גר`פיראוס,תנובה - חלב,,,יח`,2,100 גרם,false,1,14.30,7.15,false,1,
7290014759978,false,קצ`קאבל פלח גלעד 200  גר`קולקשיין תנובה,תנובה - חלב,,,יח`,2,100 גרם,false,1,25.90,12.95,false,1,
7290014760134,false,מעדן סויה בטעם וניל 125  גר`תנובה,תנובה - חלב,,,יח`,1.25,100 גרם,false,1,4.20,3.36,false,1,
7290014760141,false,משקה שקדים טרי תנובה (1 ליטר),תנובה - חלב,,,יח`,10,"100 מ""ל",false,1,11.90,1.19,false,1,
7290014760448,false,גבינה צהובה 22% שומן גלבוע (400 גרם),תנובה - חלב,,,יח`,4,100 גרם,false,1,22.90,5.73,false,1,
7290014760912,false,גבינה צהובה 28% מהדרין גוש חלב (400 גרם),תנובה - חלב,,,יח`,4,100 גרם,false,1,25.90,6.48,false,1,
7290014761056,false,מעדן שוקולד חלב יולו (123 גרם),תנובה - חלב,,,יח`,1.23,"100 מ""ל",false,1,4.50,3.66,false,1,
7290014761063,false,מעדן שוקולד מריר יולו (123 גרם),תנובה - חלב,,,יח`,1.23,"100 מ""ל",false,1,4.50,3.66,false,1,
7290014761070,false,מעדן שוקולד לבן יולו (123 גרם),תנובה - חלב,,,יח`,1.23,"100 מ""ל",false,1,4.50,3.66,false,1,
7290014761193,false,יוגורט עם פירות יער 1.5% פרילי (125 גרם),תנובה - חלב,,,יח`,1.25,"100 מ""ל",false,1,3.50,2.80,false,1,
7290014761414,false,יולו מעדן שכבות שוקולד חלבי לבן,תנובה - חלב,,,יח`,1.23,"100 מ""ל",false,1,4.50,3.66,false,1,
7290014761438,false,פיראוס  בולגרית- 400 גר 24%,תנובה - חלב,,,יח`,4,100 גרם,false,1,28.50,7.13,false,1,
7290014761612,false,יולו מעדן שכבות שוקולד מריר לבן,תנובה - חלב,,,יח`,1.23,"100 מ""ל",false,1,4.50,3.66,false,1,
7290014761698,false,סמי עמק 28% 600 גר בדצ,תנובה - חלב,,,יח`,6,100 גרם,false,1,29.90,4.98,false,1,
7290014762756,false,גבינת שמנת 16% עם בצל נפוליאון (225 גרם),תנובה - חלב,,,יח`,2.25,100 גרם,false,1,13.90,6.18,false,1,
7290014762800,false,מעדן סויה טעם שוקולד 125,תנובה - חלב,,,יח`,1.25,100 גרם,false,1,4.20,3.36,false,1,
7290014762909,false,פתיתי מוצרלה 200 גרם,תנובה - חלב,,,יח`,2,100 גרם,false,1,15.90,7.95,false,1,
7290014763272,false,משקה סויה BIO עם תות בננה בתוספת חיידקי,תנובה - חלב,,,יח`,2.50,100 גרם,false,1,5.80,2.32,false,1,
7290014785007,false,גרגרי טפיוקה קטנים 400  גר`טעמי אסיה,טחנת האבן קואופ בעמ,,,יח`,4,100 גרם,false,1,8.90,2.23,false,1,
7290014785076,false,קרם קוקוס ללא חומר משמר 400מל כשר,טחנת האבן קואופ בעמ,,,יח`,4,"100 מ""ל",false,1,10.90,2.73,false,1,
7290014785113,false,רוטב טריאקי טעמי אסיה (500 מל),טחנת האבן קואופ בעמ,,,יח`,5,"100 מ""ל",false,1,15.90,3.18,false,1,
7290014785168,false,אטריות שירטאקה 200 גר דקות,טחנת האבן קואופ בעמ,,,יח`,2,100 גרם,false,1,10.90,5.45,false,1,
7290014785175,false,אטריות שירטאקה 200 גר עבות,טחנת האבן קואופ בעמ,,,יח`,2,100 גרם,false,1,10.90,5.45,false,1,
7290014785571,false,אטריות מוכנות להקפצה 200 גר`,טחנת האבן קואופ בעמ,,,יח`,2,100 גרם,false,1,4.90,2.45,true,1,
7290014901247,false,שמפו קרטין 750 מל סטייל,גורי ע.ע.ע בעמ,,,יח`,7.50,"100 מ""ל",false,1,24.90,3.32,false,1,
7290014901261,false,מסיכה קרטין 500 מל סטייל,גורי ע.ע.ע בעמ,,,יח`,5,"100 מ""ל",false,1,27.90,5.58,false,1,
7290014901308,false,משחת סנסודיין הגנה מלאה 75 מל,גורי ע.ע.ע בעמ,,,יח`,0.75,100 גרם,false,1,23.90,31.87,true,1,
7290014905498,false,הפי מטלית רב פעמית יעקבי) (20,יעקב יעקבי ובניו בעמ,,,יח`,1,,false,1,11.90,11.90,false,1,
7290014905733,false,נוזל לניקוי חלונות הפי (750 מל),יעקב יעקבי ובניו בעמ,,,יח`,7.50,"100 מ""ל",false,1,9.90,1.32,false,1,
7290014940901,false,לחם פשוט מלא לילדים פרוס אנג`ל (750 גרם),שלמה א. אנג`ל בעמ,,,יח`,5,100 גרם,false,1,14.50,2.90,false,1,
7290015039246,false,טונה בשמן רביעייה 160  גר- וילי פוד,ג.וילי-פוד אינטרנשיונל בעמ,,,יח`,6.40,100 גרם,false,1,21.90,3.42,true,1,
7290015039338,false,טונה במים רביעייה 160  גר- וילי פוד,ג.וילי-פוד אינטרנשיונל בעמ,,,יח`,6.40,100 גרם,false,1,21.90,3.42,true,1,
7290015039499,false,עוגיות איטלקיות מובחרות 1קג,ג.וילי-פוד אינטרנשיונל בעמ,,,יח`,1,"ק""ג",false,1,11.90,11.90,false,1,
7290015129121,false,אטריות גל קונג`אק נודלס ללא גלוטן סקיני,נטורפוד בעמ,,,יח`,2.70,100 גרם,false,1,9.90,3.67,false,1,
7290015129145,false,אטריות קונג`אק צורת ספגטי ללא גלוטן סקינ,נטורפוד בעמ,,,יח`,2.70,100 גרם,false,1,9.90,3.67,false,1,
7290015129220,false,איטריות גל קונג`אק בצורת קוסקוס סקיני פס,נטורפוד בעמ,,,יח`,2.70,100 גרם,false,1,9.90,3.67,false,1,
7290015150088,false,מחית עגבניות קלה בלה איטליה (700 גרם),תה ויסוצקי (ישראל) בעמ,,,יח`,7,100 גרם,false,1,13.90,1.99,true,1,
7290015150118,false,עגבניות חתוכות דק בלה איטליה 3*400,תה ויסוצקי (ישראל) בעמ,,,יח`,1.20,"ק""ג",false,1,16.90,14.08,false,1,
7290015155410,false,פרמיו חטיף כריות דנטל עם עוף 60 גר`,גורי מוצרי צריכה (1991) בעמ,,,יח`,0.60,100 גרם,false,1,9.90,16.50,false,1,
7290015155557,false,פרמיו מקלוני ברווז מובחרים 100ג,שחורי אריה ואנסטסיה,,,יח`,1,,false,1,16.90,16.90,false,1,
7290015155823,false,פאוץ`פרינוק תפוח 120 גר`,גורי מוצרי צריכה (1991) בעמ,,,יח`,1.20,100 גרם,false,1,5.90,4.92,true,1,
7290015155830,false,פאוץ`פרינוק תפוח בננה 120 גר`,גורי מוצרי צריכה (1991) בעמ,,,יח`,1.20,100 גרם,false,1,5.90,4.92,true,1,
7290015156769,false,פאוץ`פרינוק תפוח אכומניות 120 גר`,גורי מוצרי צריכה (1991) בעמ,,,יח`,1.20,100 גרם,false,1,5.90,4.92,true,1,
7290015156790,false,פאוץ`פרינוק לפתן פירות 120 גר`,גורי מוצרי צריכה (1991) בעמ,,,יח`,1.20,100 גרם,false,1,5.90,4.92,true,1,
7290015161978,false,פסטה עדשים אדומות חומוס ופשתן GF אורגנית,י.איטליאנו אחזקות בעמ,,,יח`,2.50,100 גרם,false,1,17.90,7.16,false,1,
7290015282000,false,איקרה אדומה 200גר,סלטי שמיר 2006 בעמ,,,יח`,2,100 גרם,false,1,12.90,6.45,false,1,
7290015282024,false,איקרה לבנה 200גר,סלטי שמיר 2006 בעמ,,,יח`,2,100 גרם,false,1,12.90,6.45,false,1,
7290015282581,false,חומוס אבו גוש עם חריף 200גר,סלטי שמיר 2006 בעמ,,,יח`,2,100 גרם,false,1,9.90,4.95,true,1,
7290015282604,false,טחינה מיוחדת 200גר,סלטי שמיר 2006 בעמ,,,יח`,2,100 גרם,false,1,9.90,4.95,true,1,
7290015282628,false,חציל בטעם כבד 200גר,סלטי שמיר 2006 בעמ,,,יח`,2,100 גרם,false,1,11.90,5.95,true,1,
7290015282635,false,חומוס מסבחה 200 גר,סלטי שמיר 2006 בעמ,,,יח`,2,100 גרם,false,1,9.90,4.95,true,1,
7290015282673,false,חציל במיונז ביתי 200גר,סלטי שמיר 2006 בעמ,,,יח`,2,100 גרם,false,1,9.90,4.95,true,1,
7290015282680,false,קישוא בטעם כבד 200גר,סלטי שמיר 2006 בעמ,,,יח`,2,100 גרם,false,1,9.90,4.95,true,1,
7290015282697,false,כרוב אדום 200גר,סלטי שמיר 2006 בעמ,,,יח`,2,100 גרם,false,1,9.90,4.95,true,1,
7290015282727,false,גזר מרוקאי ברוטב פיקנטי 200 גר,סלטי שמיר 2006 בעמ,,,יח`,2,100 גרם,false,1,11.90,5.95,true,1,
7290015282741,false,חציל תאילנדי 200 גר,סלטי שמיר 2006 בעמ,,,יח`,2,100 גרם,false,1,11.90,5.95,true,1,
7290015282796,false,סלט תפוח אדמה 200 גר,סלטי שמיר 2006 בעמ,,,יח`,2,100 גרם,false,1,11.90,5.95,true,1,
7290015320009,false,שוקולד מריר 3*100  גר`שקדיה,דין שיווק וקליה 2021 בעמ,,,יח`,3,100 גרם,false,1,8.90,2.97,false,1,
7290015324007,false,פלפל שחור גרוס 80 גר`,תבליני טעם וריח בעמ,,,יח`,0.80,100 גרם,false,1,9.90,12.38,false,1,
7290015324014,false,פלפל שחור טחון 80 גר`,תבליני טעם וריח בעמ,,,יח`,0.80,100 גרם,false,1,9.90,12.38,false,1,
7290015324038,false,פפריקה מתוקה בשמן 80 גר`,תבליני טעם וריח בעמ,,,יח`,0.80,100 גרם,false,1,5.90,7.38,false,1,
7290015324045,false,פפריקה חריפה 80 גר`,תבליני טעם וריח בעמ,,,יח`,0.80,100 גרם,false,1,5.90,7.38,false,1,
7290015324052,false,פפריקה מתוקה 80 גר`,תבליני טעם וריח בעמ,,,יח`,0.80,100 גרם,false,1,5.90,7.38,false,1,
7290015324069,false,גריל עוף 80 גר`,תבליני טעם וריח בעמ,,,יח`,0.80,100 גרם,false,1,5.90,7.38,false,1,
7290015324076,false,זעתר מעורב 80 גר`,תבליני טעם וריח בעמ,,,יח`,0.80,100 גרם,false,1,5.90,7.38,false,1,
7290015324083,false,מלח לימון 80 גר`,תבליני טעם וריח בעמ,,,יח`,0.80,100 גרם,false,1,5.90,7.38,false,1,
7290015324090,false,כמון טחון 80 גר`,תבליני טעם וריח בעמ,,,יח`,0.80,100 גרם,false,1,5.90,7.38,false,1,
7290015324106,false,כורכום טחון 80 גר`,תבליני טעם וריח בעמ,,,יח`,0.80,100 גרם,false,1,5.90,7.38,false,1,
7290015324113,false,בהרט 80 גר`,תבליני טעם וריח בעמ,,,יח`,0.80,100 גרם,false,1,6.90,8.63,false,1,
7290015324120,false,שום גבישי 80 גר`,תבליני טעם וריח בעמ,,,יח`,0.80,100 גרם,false,1,6.90,8.63,false,1,
7290015324151,false,חוואיג`למרק 80 גר`,תבליני טעם וריח בעמ,,,יח`,0.80,100 גרם,false,1,6.90,8.63,false,1,
7290015324168,false,תיבול על האש 80 גר`,תבליני טעם וריח בעמ,,,יח`,0.80,100 גרם,false,1,5.90,7.38,false,1,
7290015324175,false,תיבול לשווארמה 80 גר`,תבליני טעם וריח בעמ,,,יח`,0.80,100 גרם,false,1,5.90,7.38,false,1,
7290015324519,false,תערובת לפיצה 80 גר`,תבליני טעם וריח בעמ,,,יח`,0.80,100 גרם,false,1,5.90,7.38,false,1,
7290015324540,false,טימין מיכל גדול 30 גר`,תבליני טעם וריח בעמ,,,יח`,0.30,100 גרם,false,1,9.90,33,true,1,
7290015324571,false,פפריקה מתוקה בשמן בסגנון מרוקאי 400 גר`,תבליני טעם וריח בעמ,,,יח`,4,100 גרם,false,1,19.90,4.98,false,1,
7290015325752,false,מגבונים רביעייה אסותא,עיסא ערטול בעמ,,,יח`,1,,false,1,15.90,15.90,false,1,
7290015347273,false,נטיפי שוקולד לאפייה שוקולדמריר 250גר,מיה תעשיות מזון מ.ת.מ. בעמ,,,יח`,2.50,100 גרם,false,1,9.90,3.96,false,1,
7290015347525,false,צ`יפס בטטה עם שום ורוזמרין 80 גר מיה,מיה תעשיות מזון מ.ת.מ. בעמ,,,יח`,0.80,100 גרם,false,1,9.90,12.38,true,1,
7290015347532,false,צ`יפס בטטה עם שמן זית ועשבי טיבול 80 גר,מיה תעשיות מזון מ.ת.מ. בעמ,,,יח`,0.80,100 גרם,false,1,9.90,12.38,true,1,
7290015347990,false,עדשי שוקולד שמיניה 160  גר`מיה,מיה תעשיות מזון מ.ת.מ. בעמ,,,יח`,1.60,100 גרם,false,1,9.90,6.19,false,1,
7290015395939,false,חטיף יפני 150 גר` ששון הקולה,דין שיווק וקליה 2021 בעמ,,,יח`,1.50,100 גרם,false,1,14.90,9.93,true,1,
7290015437431,false,רכז רימונים 420 מל תומר,תומר יבוא ושיווק מוצרי מזון (1,,,יח`,4.20,"100 מ""ל",false,1,19.90,4.74,false,1,
7290015470094,false,טוסו שוקולד מריר תפוז ללא סוכר,דנשר (1963) בעמ,,,יח`,1,100 גרם,false,1,12.90,12.90,true,1,
7290015652124,false,רוטב סריראצ`ה אש ולהבה אהרוני (450 מל),דין שיווק וקליה 2021 בעמ,,,יח`,4.50,100 גרם,false,1,19.90,4.42,true,1,
7290015652254,false,גרעיני חמניה קלויים ששון הקולה (400 גרם),דין שיווק וקליה 2021 בעמ,,,יח`,4,100 גרם,false,1,10,2.50,false,1,
7290015652278,false,תערובת פיצוחים 250 גר`,דין שיווק וקליה 2021 בעמ,,,יח`,2.50,100 גרם,false,1,20,8,false,1,
7290015652292,false,קבוקים עם שומשום 400 גר`,דין שיווק וקליה 2021 בעמ,,,יח`,4,100 גרם,false,1,10,2.50,false,1,
7290015652308,false,מנצ`ס 300 גר`,דין שיווק וקליה 2021 בעמ,,,יח`,3,100 גרם,false,1,10,3.33,false,1,
7290015652322,false,בוטנים אמריקאים מצופים 400 גר`,דין שיווק וקליה 2021 בעמ,,,יח`,4,100 גרם,false,1,10,2.50,false,1,
7290015652407,false,פיסטוק קלוי ששון הקולה (250 גרם),דין שיווק וקליה 2021 בעמ,,,יח`,2.50,100 גרם,false,1,20,8,false,1,
7290015652612,false,קורנפלקס שקדיה 750 גר`,דין שיווק וקליה 2021 בעמ,,,יח`,7.50,100 גרם,false,1,12.90,1.72,false,1,
7290015699730,false,סבון דה מרסיי לרצפות 1.5 ליטר,יעקב יעקבי ובניו בעמ,,,יח`,15,"100 מ""ל",false,1,11.90,0.79,false,1,
7290015733427,false,מטרנה דייסת גם וגם 300  גר`וניל פרו,קבוצת אסם סחר שות. מוגבלת,,,יח`,3,100 גרם,false,1,18.90,6.30,true,1,
7290015733441,false,מטרנה דייסת גם וגם דגנים פרו 300 גר`,קבוצת אסם סחר שות. מוגבלת,,,יח`,3,100 גרם,false,1,18.90,6.30,true,1,
7290015733465,false,מטרנה דייסה גם וגם קורנפלור 300 גר`,קבוצת אסם סחר שות. מוגבלת,,,יח`,3,100 גרם,false,1,18.90,6.30,true,1,
7290015781008,false,יין מרלו ויז`יון טפרברג (750 מל),יקב טפרברג 1870 בעמ (יינות ומש,,,יח`,7.50,"100 מ""ל",false,1,39.90,5.28,true,1,
7290015781091,false,יין קברנה סובניון VISION,יקב טפרברג 1870 בעמ (יינות ומש,,,יח`,7.50,"100 מ""ל",false,1,39.90,5.28,true,1,
7290015781114,false,יין אדום אימפרשיין מרלו טפרברג (750 מל),יקב טפרברג 1870 בעמ (יינות ומש,,,יח`,7.50,"100 מ""ל",false,1,49.90,6.61,true,1,
7290015781268,false,יין אדום מוסקטו מתוק טפרברג (750 מל),יקב טפרברג 1870 בעמ (יינות ומש,,,יח`,7.50,"100 מ""ל",false,1,39.90,5.28,true,1,
7290015781275,false,יין לבן מוסקטו מתוק טפרברג (750 מל),יקב טפרברג 1870 בעמ (יינות ומש,,,יח`,7.50,"100 מ""ל",false,1,39.90,5.28,true,1,
7290015781657,false,אלגרו למברוסקו רוזה 750 מל טפרברג,יקב טפרברג 1870 בעמ (יינות ומש,,,יח`,7.50,"100 מ""ל",false,1,34.90,4.61,true,1,
7290015855013,false,פלפלונים-טינקרבל  א.אדמה,א.אדמה (2007) בעמ,,,יח`,1,,false,1,9.90,9.90,false,1,
7290015855037,false,פלפל צ`ילי בשקית,א.אדמה (2007) בעמ,,,יח`,1,,false,1,9.90,9.90,false,1,
7290015855143,false,שום קלוף 170 גרם,א.אדמה (2007) בעמ,,,יח`,1.70,100 גרם,false,1,12.90,7.59,false,1,
7290015855181,false,גינג`ר יחידה טרי,א.אדמה (2007) בעמ,,,יח`,1,,false,1,8.90,8.90,false,1,
7290015855228,false,אספרגוס ארוז,א.אדמה (2007) בעמ,,,יח`,1,,false,1,29.90,29.90,false,1,
7290015855273,false,בזיליקום מארז גדול א.אדמה,א.אדמה (2007) בעמ,,,יח`,1,,false,1,9.90,9.90,false,1,
7290015855310,false,עגבניות מיובשות,א.אדמה (2007) בעמ,,,יח`,1,,false,1,12.90,12.90,false,1,
7290015855495,false,חסה לאליק כ 150 גר,א.אדמה (2007) בעמ,,,יח`,1.50,100 גרם,false,1,12.90,8.60,false,1,
7290015855938,false,עלי בייבי א.אדמה,א.אדמה (2007) בעמ,,,יח`,2.50,100 גרם,false,1,14.90,5.96,false,1,
7290015858175,false,ממרח פלפלים קלויים 180 גר-על  לחם,שטראוס גרופ בעמ/מצונן,,,יח`,1.80,100 גרם,false,1,16.90,9.39,false,1,
7290015858328,false,איולי פסטו עללחם 295 גר`,שטראוס גרופ בעמ,,,יח`,2.95,100 גרם,false,1,12.90,4.37,false,1,
7290015858427,false,מארז עללחם 240 גר`,שטראוס גרופ בעמ/מצונן,,,יח`,2.40,100 גרם,false,1,23.90,9.96,false,1,
7290015858441,false,איולי פלפלים עללחם 295 גר`,שטראוס גרופ בעמ,,,יח`,2.95,100 גרם,false,1,12.90,4.37,false,1,
7290015858687,false,איולי שום עללחם 295 גר`,שטראוס גרופ בעמ,,,יח`,2.95,100 גרם,false,1,12.90,4.37,false,1,
7290015858694,false,איולי שום לימון עללחם 295 גר`,שטראוס גרופ בעמ,,,יח`,2.95,100 גרם,false,1,12.90,4.37,false,1,
7290015872096,false,חומוס  אסלי( 700 גר`),סלטי שמיר 2006 בעמ,,,יח`,7,100 גרם,false,1,9.90,1.41,false,1,
7290015888196,false,שמן חמניות 1 ליטר שוקחה,בני ג`ורג` שוקחה (חיפה) בעמ,,,יח`,10,"100 מ""ל",false,1,12.90,1.29,false,1,
7290015951227,false,גמלא סירה סוביניון 750 מל,היכל היין שקד גולן בעמ,,,יח`,7.50,"100 מ""ל",false,1,64.90,8.61,true,1,
7290015951869,false,הר חרמון רוזה 750 מל,היכל היין שקד גולן בעמ,,,יח`,7.50,"100 מ""ל",false,1,35.90,4.75,true,1,
7290015968973,false,כפפות ניטריל שחורות סייף טאץ M ללא אבקה,אינטרסן 1996 בעמ,,,יח`,1,,false,1,23.90,23.90,true,1,
7290015996983,false,סוכרלוז 100 שקית אפס קלוריות,שטראוס גרופ בעמ,,,יח`,1.30,100 גרם,false,1,25.90,19.92,false,1,
7290016006292,false,נקטר מנגו בננה ספרינג (1 ליטר),יפאורה,,,יח`,1,1 ליטר,false,1,6.90,6.90,false,1,
7290016006322,false,מי עדן 1  ל` בק`בודד,יפאורה,,,יח`,1,1 ליטר,false,1,2.90,2.90,false,1,
7290016006339,false,מים מינרלים מי עדן (1x4 ליטר),יפאורה,,,יח`,4,1 ליטר,false,1,10,2.20,false,1,
7290016006346,false,שוופס סודה 500 מל שישייה,יפאורה,,,יח`,30,"100 מ""ל",false,1,13.90,0.40,false,1,
7290016087475,false,עגבניות חתוכות דק 400  גר`פריניר,אבאל יזמות בעמ,,,יח`,4,100 גרם,false,1,3.90,0.98,false,1,
7290016087499,false,עגבניות חתוכות דק שליישיה 400  גר`פריניר,אבאל יזמות בעמ,,,יח`,1.20,"ק""ג",false,1,11.90,9.92,false,1,
7290016096491,false,שלישיית נתחי טונה בהירה בשמן צמחי 80 גר`,פילטונה תעשיות בעמ,,,יח`,2.40,100 גרם,false,1,9.90,4.13,false,1,
7290016150117,false,סלק אדום בוואקום 500 גרם,ביג פוד כחול לבן בעמ*שיק 30 יו,,,יח`,1,,false,1,8.90,8.90,true,1,
7290016150711,false,נוזל קוקוס פחית 400  גר`AVEL,אבאל יזמות בעמ,,,יח`,4,100 גרם,false,1,5.90,1.48,true,1,
7290016162219,false,כדורי שוקולד פרווה קפולסקי (280 גרם),קפולסקי אדל בעמ,,,יח`,1,,false,1,29.90,29.90,false,1,
7290016162233,false,עוגיות דיזרט פרמיום סוגים שונים,קפולסקי אדל בעמ,,,יח`,2.40,100 גרם,false,1,19.90,8.29,false,1,
7290016188608,false,למברוסקולבן חצי יבש 750 מל יקבי כרמל,אגודת הכורמים,,,יח`,7.50,"100 מ""ל",false,1,26.90,3.55,true,1,
7290016197488,false,מטליות מיקרופייבר למשטחים ניקול) (3,קימברלי קלארק ישראל שיווק בעמ,,,יח`,1,,false,1,15.90,15.90,true,1,
7290016197495,false,מטליות מיקרופייבר לרצפה ניקול) (2,קימברלי קלארק ישראל שיווק בעמ,,,יח`,1,,false,1,24.90,24.90,true,1,
7290016197600,false,תחבושת דיפנד נורמל NORMAL,קימברלי קלארק ישראל שיווק בעמ,,,יח`,1,,false,1,19.90,19.90,false,1,
7290016197839,false,השקית החזקה XL,קימברלי קלארק ישראל שיווק בעמ,,,יח`,1,,false,1,24.90,24.90,false,1,
7290016197877,false,שקית לפחי מטבח קטניםM,קימברלי קלארק ישראל שיווק בעמ,,,יח`,1,,false,1,21.90,21.90,false,1,
7290016217759,false,סלט חציל מרוקאי 200 גר,סלטי שמיר 2006 בעמ,,,יח`,2,100 גרם,false,1,11.90,5.95,true,1,
7290016246445,false,טחינה גולמית מעודנת שומשום מלא  גר`310,קבוצת אסם סחר שות. מוגבלת,,,יח`,3.10,100 גרם,false,1,10.90,3.52,false,1,
7290016276534,false,שמן קוקוס לא מזו,קונסיגנציה-דין שיווק וקליה 202,,,יח`,5,"100 מ""ל",false,1,34.90,6.98,false,1,
7290016276855,false,תבשיל איטריות בטעם ירקות 70 גרם,דין שיווק וקליה 2021 בעמ,,,יח`,0.70,100 גרם,false,1,5.90,8.43,true,1,
7290016277470,false,שיבולת שועל 350  גר`דקה,דין שיווק וקליה 2021 בעמ,,,יח`,3.50,100 גרם,false,1,3.90,1.11,true,1,
7290016277487,false,שיבולת שועל 350  גר`עבה,דין שיווק וקליה 2021 בעמ,,,יח`,3.50,100 גרם,false,1,3.90,1.11,true,1,
7290016302059,false,מארז עשיריית ביס פרנה,קונסיגנציה ג`נרל מילס ישראל בע,,,יח`,1,,false,1,11.90,11.90,false,1,
7290016321326,false,פמילי אל סבון מנדרינה ולואיזה+משאבה 1 לי,דנשר (1963) בעמ,,,יח`,1,1 ליטר,false,1,14.90,14.90,true,1,
7290016321661,false,פרש וואנס רביעייה מגבונים לחים ללא בישום,דנשר (1963) בעמ,,,יח`,1,,false,1,15.90,15.90,true,1,
7290016321678,false,פרש וואנס רביעייה מגבונים לחים קמומיל,דנשר (1963) בעמ,,,יח`,1,,false,1,15.90,15.90,true,1,
7290016321883,false,נייר טואלט לח לילדים מארז שלישייה פרש ו,דנשר (1963) בעמ,,,יח`,1,,false,1,14.90,14.90,false,1,
7290016321890,false,נייר טואלט לח למובגרים מארז שלישייה פרש,דנשר (1963) בעמ,,,יח`,1,,false,1,14.90,14.90,false,1,
7290016334296,false,ברוקולי,בכורי השדה צפון 1994 ג.ד. בעמ,,,יח`,1,,false,1,9.90,9.90,false,1,
7290016372342,false,עגבניות חתוכות לקוביות בלה איטליה 400 גר,תה ויסוצקי (ישראל) בעמ,,,יח`,1.20,"ק""ג",false,1,16.90,14.08,false,1,
7290016372373,false,רסק עגבניות בלה איטליה 140*2 גר`,תה ויסוצקי (ישראל) בעמ,,,יח`,2.80,100 גרם,false,1,8.90,3.18,false,1,
7290016387254,false,משטח לייבוש כלים דו צדדי,מ.א.ייצור ויבוא מטליות בעמ,,,יח`,1,,false,1,8.90,8.90,false,1,
7290016387339,false,מטליות מיקרופייבר ג`מבו לריצפה,מ.א.ייצור ויבוא מטליות בעמ,,,יח`,1,,false,1,16.90,16.90,false,1,
7290016387926,false,מפה נצמדת עם גומי היקפי 78*180,מ.א.ייצור ויבוא מטליות בעמ,,,יח`,1,,false,1,14.90,14.90,false,1,
7290016429992,false,אלכוג`ל במארז סיליקון עם דמות 30 מל,פישר תעשיות פרמצבטיות בעמ,,,יח`,0.30,"100 מ""ל",false,1,19.90,66.33,true,1,
7290016509342,false,סוד מארז שלשות כחול נתלה לאסלה,גורי שיווק בעמ,,,יח`,1,,false,1,16.90,16.90,true,1,
7290016509786,false,פרסיל ג`ל 2.5 ליטר ירוק,גורי שיווק בעמ,,,יח`,2.50,1 ליטר,false,1,34.90,13.96,true,1,
7290016509793,false,פרסיל ג`ל 4 ליטר ירוק,גורי שיווק בעמ,,,יח`,4,1 ליטר,false,1,44.90,11.23,false,1,
7290016509809,false,פרסיל ג`ל 2.5 ליטר קולור,גורי שיווק בעמ,,,יח`,2.50,1 ליטר,false,1,34.90,13.96,true,1,
7290016509816,false,פרסיל ג`ל 4 ליטר קולור,גורי שיווק בעמ,,,יח`,4,1 ליטר,false,1,44.90,11.23,false,1,
7290016510324,false,תחליב רחצה הוואילגבר700 מל,הנקל סוד בעמ,,,יח`,7,"100 מ""ל",false,1,9.90,1.41,false,1,
7290016510904,false,הוואי מרכך תמצית דובדבן 700 מל,הנקל סוד בעמ,,,יח`,7,"100 מ""ל",false,1,8.90,1.27,false,1,
7290016564006,false,מבריקל  הפלא- ספוג לכלים שלישייה,אבאל יזמות בעמ,,,יח`,1,,false,1,9.90,9.90,false,1,
7290016564204,false,מארז 6 כריות יפניות מבריקל,אבאל יזמות בעמ,,,יח`,1,,false,1,8.90,8.90,true,1,
7290016564235,false,זוג מטליות מיקרופייבר לרצפה גדולות מבריק,אבאל יזמות בעמ,,,יח`,1,,false,1,17.90,17.90,false,1,
7290016564273,false,שלישיית סחבות לרצפה מבריקל,אבאל יזמות בעמ,,,יח`,1,,false,1,14.90,14.90,false,1,
7290016564280,false,כריות קרצוף מבריקל הפלא,אבאל יזמות בעמ,,,יח`,1,,false,1,7.90,7.90,true,1,
7290016564297,false,מארז זוג שקיות סנדוויץ 300 גר מבריקל,אבאל יזמות בעמ,,,יח`,1,,false,1,11.90,11.90,true,1,
7290016564303,false,מטליות מייקרופייבר מארז 5  יח`מבריקל,אבאל יזמות בעמ,,,יח`,1,,false,1,8.90,8.90,true,1,
7290016564310,false,ניילון נצמד זוגות 60 מטר מבריקל,אבאל יזמות בעמ,,,יח`,1,,false,1,9.90,9.90,true,1,
7290016564327,false,אטבי כביסה  ארוז( 50  יח`)מבריקל,אלבגינו שיווק וסחר בעמ,,,יח`,1,,false,1,9.90,9.90,false,1,
7290016564341,false,מבריקלמסיר אבנית 750 גר,אבאל יזמות בעמ,,,יח`,7.50,"100 מ""ל",false,1,11.90,1.59,true,1,
7290016564358,false,מבריק קל נוזל חלונות ריח בית מלון 750 גר,אבאל יזמות בעמ,,,יח`,7.50,"100 מ""ל",false,1,11.90,1.59,true,1,
7290016564426,false,מבריקל שקיות אשפה ג`מבו XXL עם ידית 25,אבאל יזמות בעמ,,,יח`,1,,false,1,15.90,15.90,true,1,
7290016564433,false,מבריקל מארז רביעית כרית יפנית,אבאל יזמות בעמ,,,יח`,1,,false,1,9.90,9.90,true,1,
7290016682250,false,מיץ תפוגזר 1 ליטר פריניב,תנובה - פריניב,,,יח`,0.01,"100 מ""ל",false,1,16.90,1660,false,1,
7290016682328,false,מיץ תפוזים עשוי מרכז 2 ליטר,תנובה - פריניב,,,יח`,2,1 ליטר,false,1,20.90,10.30,true,1,
7290016682335,false,מיץ תפוזים סחוט 2 ליטר פרי ניב,תנובה - פריניב,,,יח`,2,1 ליטר,false,1,25.90,12.80,false,1,
7290016682342,false,מיץ תפוזים ולנסיה 2 ליטר פרי ניב,תנובה - פריניב,,,יח`,2,1 ליטר,false,1,27.90,13.80,true,1,
7290016717044,false,באזז מנגו 750 מל,אגודת הכורמים,,,יח`,7.50,"100 מ""ל",false,1,27.90,3.68,true,1,
7290016717051,false,יין ספארקלינג רימונים 750 מל BUZZ,אגודת הכורמים,,,יח`,7.50,"100 מ""ל",false,1,27.90,3.68,true,1,
7290016717099,false,סלקטד אדום חצי יבש 750 מל,אגודת הכורמים,,,יח`,7.50,"100 מ""ל",false,1,29.90,3.95,true,1,
7290016717631,false,יין לבן מבעבע מוסקטו 750 מל,אגודת הכורמים,,,יח`,7.50,"100 מ""ל",false,1,39.90,5.28,true,1,
7290016717754,false,יין היובל ישן נושן יקבי כרמל (750 מל),אגודת הכורמים,,,יח`,7.50,"100 מ""ל",false,1,19.90,2.61,true,1,
7290016866643,false,משחת שיניים פרודונטקס פרש 75 מל,גורי ע.ע.ע בעמ,,,יח`,0.75,"100 מ""ל",false,1,30.90,41.20,true,1,
7290016866667,false,משחת שיניים פרודונטקס פלאוריד 75 מל,גורי ע.ע.ע בעמ,,,יח`,0.75,"100 מ""ל",false,1,30.90,41.20,true,1,
7290016866674,false,משחת שיניים פרודונטקס מלבינה 75 מל,גורי ע.ע.ע בעמ,,,יח`,0.75,"100 מ""ל",false,1,30.90,41.20,true,1,
7290016867046,false,פיתות קלות כוסמין במתיקות מעודנת 6 יח`,המאפה של דר מרק בריאות באפייה,,,יח`,3.03,100 גרם,false,1,14.90,4.92,false,1,
7290016867114,false,לחם קל מכוסמין מלא 500  גר`דר מרק,המאפה של דר מרק בריאות באפייה,,,יח`,5,100 גרם,false,1,17.90,3.58,false,1,
7290016867152,false,פיתות קלות  כוסמין( 5  יח)292  גר`דר מר,המאפה של דר מרק בריאות באפייה,,,יח`,5,100 גרם,false,1,13.90,2.78,false,1,
7290016867176,false,לחמניות קלות שומשום במתיקות מעודנת 500 ג,המאפה של דר מרק בריאות באפייה,,,יח`,5,100 גרם,false,1,13.90,2.78,false,1,
7290016967074,false,לחם חיטה מלאה 750 גר אנג`ל,שלמה א. אנג`ל בעמ,,,יח`,7.50,100 גרם,false,1,15.90,2.12,false,1,
7290017023199,false,מוגז פירות 330 מל סליק תות ליים שוופס.,יפאורה,,,יח`,3.30,"100 מ""ל",false,1,3.90,1.09,false,1,
7290017023212,false,שוופס רביעיות מוגז פירות 330 מל סליק תפ,יפאורה,,,יח`,1.32,1 ליטר,false,1,12.90,8.86,false,1,
7290017023229,false,שרינק שוופס רביעיות מוגז פירות 330 מל ס,יפאורה,,,יח`,1.32,1 ליטר,false,1,12.90,8.86,false,1,
7290017023236,false,שרינק שוופס רביעיות מוגז פירות 330 מל ס,יפאורה,,,יח`,1.32,1 ליטר,false,1,12.90,8.86,false,1,
7290017023359,false,מים מינרלים עין גדי 500 מל שמינייה,יפאורה,,,יח`,40,"100 מ""ל",false,1,14.90,0.31,false,1,
7290017023861,false,שוופס סודה לימון 250 מל רביעייה,יפאורה,,,יח`,1,1 ליטר,false,1,13.90,13.90,true,1,
7290017023878,false,שוופס סודה נענע ליים 250 מל רביעייה,יפאורה,,,יח`,1,1 ליטר,false,1,13.90,13.90,true,1,
7290017031477,false,משחת שיניים רפיד רליף הלבנה רליף(75 מל),גורי ע.ע.ע בעמ,,,יח`,0.75,100 גרם,false,1,23.90,31.87,true,1,
7290017031705,false,משחת שיניים קלין פרש סנסודיין (75 מל),גורי ע.ע.ע בעמ,,,יח`,0.75,100 גרם,false,1,21.90,29.20,true,1,
7290017031859,false,משחת שיניים אולטקא קלין 75 מל פרודונטקס,גורי ע.ע.ע בעמ,,,יח`,0.75,"100 מ""ל",false,1,30.90,41.20,true,1,
7290017044019,false,מגבונים אסותא בדלי עיסא ערטול) (400,עיסא ערטול בעמ,,,יח`,1,,false,1,19.90,19.90,false,1,
7290017062686,false,מרכך מרוכז  בייבי( 1  ליטר)טאצ`,סאסאטק אגשח בעמ,,,יח`,1,1 ליטר,false,1,10.90,10.90,false,1,
7290017062730,false,נוזל כלים לבנדר  (36% 750 מל)+משאבה  טא,סאסאטק אגשח בעמ,,,יח`,7.50,"100 מ""ל",false,1,9.90,1.32,false,1,
7290017062747,false,נוזל כלים תפוח  (36% 750 מל)+משאבה  טאצ,סאסאטק אגשח בעמ,,,יח`,7.50,"100 מ""ל",false,1,9.90,1.32,false,1,
7290017065007,false,מוצרלה פרוסה 200 גר-מדף,מחלבות גד שיווק 1992 בעמ,,,יח`,2,100 גרם,false,1,17.90,8.95,false,1,
7290017065137,false,ריקוטה למריחה 5% טבעית 200  גר`מחלבות גד,מחלבות גד שיווק 1992 בעמ,,,יח`,2,100 גרם,false,1,9.90,4.95,false,1,
7290017065144,false,ריקוטה למריחה 5% עם בזיליקום 200  גר`גד,מחלבות גד שיווק 1992 בעמ,,,יח`,2,100 גרם,false,1,9.90,4.95,false,1,
7290017065212,false,גבינת קרם מסקרפונה 250  גר`גד,מחלבות גד שיווק 1992 בעמ,,,יח`,2.50,100 גרם,false,1,20.90,8.36,false,1,
7290017065236,false,גבינה בולגרית מעודנת 24% גד (250 גרם),מחלבות גד שיווק 1992 בעמ,,,יח`,2.50,100 גרם,false,1,23.90,9.56,false,1,
7290017065380,false,גרנה פדנו שבבים 100  גר`מחלבות גד,מחלבות גד שיווק 1992 בעמ,,,יח`,1,100 גרם,false,1,14.90,14.90,false,1,
7290017065434,false,פרוסות גאודה הולנדית 200  גר`גד,מחלבות גד שיווק 1992 בעמ,,,יח`,2,100 גרם,false,1,21.90,10.95,false,1,
7290017065731,false,גבינת שמנת ניו יורק 30% עם כמהין 200 גר`,מחלבות גד שיווק 1992 בעמ,,,יח`,2,100 גרם,false,1,12.90,6.45,true,1,
7290017065786,false,גבינה אנגלית קשה צ`דר 210  גר`גד,מחלבות גד שיווק 1992 בעמ,,,יח`,2.10,100 גרם,false,1,23.90,11.38,false,1,
7290017068374,false,שמרים בוואקום 500  גר`מיה,מיה תעשיות מזון מ.ת.מ. בעמ,,,יח`,5,100 גרם,false,1,12.50,2.50,false,1,
7290017068848,false,סוכריות קישוט לעוגה צבעוני 200  גר`` צנצ,מיה תעשיות מזון מ.ת.מ. בעמ,,,יח`,2,100 גרם,false,1,9.90,4.95,false,1,
7290017088051,false,חיתולים בייביסיטר מידה 3 (52 יח),שקד תבל בעמ,,,יח`,1,,false,1,32.90,32.90,true,1,
7290017088327,false,מגבונים בייביסיטר רביעייה ללא בישום,שקד תבל בעמ,,,יח`,1,,false,1,17.90,17.90,true,1,
7290017088983,false,חיתולי NB בייביסיטר מידה 2,שקד תבל בעמ,,,יח`,1,,false,1,25.90,25.90,false,1,
7290017094861,false,חומוס עם רוטב  מסבחה( 400  גר`)אסלי,סלטי שמיר 2006 בעמ,,,יח`,4,100 גרם,false,1,9.90,2.48,true,1,
7290017105468,false,אפונה גינה עדינה יכין (200x3 גרם),זנלכל בעמ,,,יח`,5.50,100 גרם,false,1,14.90,2.71,false,1,
7290017105895,false,גרגרי חומוס מסעדות 550  גר`יכין,זנלכל בעמ,,,יח`,5.50,100 גרם,false,1,9.90,1.80,true,1,
7290017121086,false,אריסה ביתית מתוקה 250 גר עללחם,שטראוס גרופ בעמ/מצונן,,,יח`,2.50,100 גרם,false,1,13.90,5.56,false,1,
7290017121093,false,אריסה חריפה250 גר עללחם,שטראוס גרופ בעמ/מצונן,,,יח`,2.50,100 גרם,false,1,13.90,5.56,false,1,
7290017140308,false,קמח שקדים 250 גרם ללא גלוטן,גורי מוצרי צריכה (1991) בעמ,,,יח`,2.50,100 גרם,false,1,24.90,9.96,false,1,
7290017140650,false,תערובת לעוגת שוקולד 500 גר`,גורי מוצרי צריכה (1991) בעמ,,,יח`,5,100 גרם,false,1,24.90,4.98,true,1,
7290017142012,false,שמן קוקוס אורגני כתית 500 מל עץ הזית,סוגת תעשיות בעמ,,,יח`,5,"100 מ""ל",false,1,39.90,7.98,true,1,
7290017142111,false,פתיתי טונה בהירה בשמן זית אריזת to go עץ,סוגת תעשיות בעמ,,,יח`,0.85,100 גרם,false,1,9.90,11.65,true,1,
7290017142159,false,נתחי טונה בהירה בשמן זית 80 גר` שלישייה,סוגת תעשיות בעמ,,,יח`,2.40,100 גרם,false,1,23.90,9.96,true,1,
7290017142166,false,פילה טונה פרוס עם שמן זית 120 גר` עץ הזי,סוגת תעשיות בעמ,,,יח`,1.20,100 גרם,false,1,14.90,12.42,true,1,
7290017142289,false,תרסיס שמן חמניות 200 מל ללא תוספת גז עץ,סוגת תעשיות בעמ,,,יח`,2,"100 מ""ל",false,1,19.90,9.95,true,1,
7290017142340,false,שמן זרעי ענבים מזוכך 1 ליטר עץ הזית,סוגת תעשיות בעמ,,,יח`,1,1 ליטר,false,1,29.90,29.90,true,1,
7290017142364,false,שמן דלעת לא מזוכך 250 מל עץ הזית,סוגת תעשיות בעמ,,,יח`,2.50,"100 מ""ל",false,1,39.90,15.96,true,1,
7290017142371,false,שמן שומשום לא מזוכך 250 מל עץ הזית,סוגת תעשיות בעמ,,,יח`,2.50,"100 מ""ל",false,1,29.90,11.96,false,1,
7290017142388,false,שמן חמניות פלוס 1 ליטר אומגה 3 עץ הזית,סוגת תעשיות בעמ,,,יח`,1,1 ליטר,false,1,15.90,15.90,true,1,
7290017142395,false,פסטה עם טונה בשמן זית 160 גר` עץ הזית,סוגת תעשיות בעמ,,,יח`,1.60,100 גרם,false,1,13.90,8.69,true,1,
7290017217710,false,שיפודי במבוק 15  סמ( 100  יח)אינטרסן,אינטרסן 1996 בעמ,,,יח`,1,,false,1,8.90,8.90,false,1,
7290017275154,false,עוגת שמרים אישית טעם שוקולד אחווה,אחדות בעמ,,,יח`,1.20,100 גרם,false,1,2.90,2.42,false,1,
7290017275482,false,סירופ בטעם ענבים 900 מל,אחדות בעמ,,,יח`,9,"100 מ""ל",false,1,14.90,1.66,false,1,
7290017275499,false,סירופ בטעם אננס 900 מל,אחדות בעמ,,,יח`,9,"100 מ""ל",false,1,14.90,1.66,false,1,
7290017275505,false,סירופ בטעם פטל 900 מל,אחדות בעמ,,,יח`,9,"100 מ""ל",false,1,14.90,1.66,false,1,
7290017291123,false,שום יבש,חברת יוסף אופנהימר 1986 בעמ,,,יח`,1,,false,1,5,5,false,1,
7290017297088,false,ציפס 2 קג,ויטה -פרי גליל (החדשה) בעמ,,,יח`,20,100 גרם,false,1,21.90,1.10,false,1,
7290017297095,false,סטייק ציפס 2 קג,ויטה -פרי גליל (החדשה) בעמ,,,יח`,20,100 גרם,false,1,21.90,1.10,false,1,
7290017297118,false,ציפס אמריקאי 2 קג,ויטה -פרי גליל (החדשה) בעמ,,,יח`,20,100 גרם,false,1,21.90,1.10,false,1,
7290017297187,false,לקט ירקות  להקפצה( 800  גר`)פרי הגליל,ויטה -פרי גליל (החדשה) בעמ,,,יח`,8,100 גרם,false,1,16.90,2.11,false,1,
7290017297644,false,ברוקלי 800  גר`פרי גליל,ויטה -פרי גליל (החדשה) בעמ,,,יח`,8,100 גרם,false,1,14.90,1.86,false,1,
7290017303802,false,מלוואח 600  גר`אריאל,מאפיית אריאל בעמ,,,יח`,6,100 גרם,false,1,21.90,3.65,false,1,
7290017304885,false,לחם שיפון וחיטה מלאה 750 גר אנג`ל,שלמה א. אנג`ל בעמ,,,יח`,7.50,100 גרם,false,1,16.90,2.25,false,1,
7290017374390,false,סט שירותים מיוחד,מ.א.ייצור ויבוא מטליות בעמ,,,יח`,1,,false,1,20.90,20.90,false,1,
7290017440309,false,שמפו קידס דר פישר 750 מל,פישר תעשיות פרמצבטיות בעמ,,,יח`,7.50,"100 מ""ל",false,1,16.90,2.25,false,1,
7290017457611,false,סוד ג`ל כביסה 2.5 ליטר TOTAL ירוק,גורי שיווק בעמ,,,יח`,2.50,1 ליטר,false,1,24.90,9.96,false,1,
7290017457710,false,סוד מרכך  מרוכז( 900  מל)20% בישום-ארו,גורי שיווק בעמ,,,יח`,9,"100 מ""ל",false,1,11.90,1.32,false,1,
7290017457727,false,סוד מרכך מרוכז (900 מל%+)20בישום -כחול,גורי שיווק בעמ,,,יח`,9,"100 מ""ל",false,1,11.90,1.32,false,1,
7290017457932,false,סוד מרכך  מרוכז( 900  מל)פרש קונטרול כח,גורי שיווק בעמ,,,יח`,9,"100 מ""ל",false,1,11.90,1.32,false,1,
7290017477169,false,אגוזי קשיו 250  גר`ששון הקולה,דין שיווק וקליה 2021 בעמ,,,יח`,2.50,100 גרם,false,1,20,8,false,1,
7290017477305,false,זרעי צ`יה 250  גר`שקדיה,דין שיווק וקליה 2021 בעמ,,,יח`,2.50,100 גרם,false,1,9.90,3.96,false,1,
7290017477374,false,מטבעות שוקולד חלב לאפייה 300  גר`שקדיה,דין שיווק וקליה 2021 בעמ,,,יח`,3,100 גרם,false,1,13.90,4.63,false,1,
7290017513775,false,בייגלהמצופים שוקולד חלב 140  גר`פליפז,תה ויסוצקי (ישראל) בעמ,,,יח`,1.40,100 גרם,false,1,8.90,6.36,true,1,
7290017589633,false,רזרב קברנה סובניון יקבי ברקן (750  מל)G,טמפו משקאות בעמ,,,יח`,7.50,"100 מ""ל",false,1,49.90,6.61,true,1,
7290017599267,false,סוכרזית סוכרלוז 120  גר`שקיות,שטראוס גרופ בעמ,,,יח`,1.20,100 גרם,false,1,24.90,20.75,false,1,
7290017599359,false,סוכרזית קלאסי כפית לכפית 400 גר`,שטראוס גרופ בעמ,,,יח`,4,100 גרם,false,1,24.90,6.23,false,1,
7290017616100,false,פולי סויה אדממה 1 קילו,נ.ת.נ.ג.ב החזקות יעוץ וניהול ב,,,יח`,10,100 גרם,false,1,14.90,1.49,false,1,
7290017617046,false,טונה בשמן זית כתית מעולה 140 גר` סטארקיס,סטארקיסט דיפלומט היינץ,,,יח`,5.60,100 גרם,false,1,26.90,4.80,false,1,
7290017617091,false,סטארקיסט מיקס טוגו טונה עם פתיתים 185 גר,סטארקיסט דיפלומט היינץ,,,יח`,1.85,100 גרם,false,1,12.90,6.97,false,1,
7290017617107,false,סטארקיסט מיקס טוגו טונה עם 4 דגנים 185 ג,סטארקיסט דיפלומט היינץ,,,יח`,1.85,100 גרם,false,1,12.90,6.97,false,1,
7290017617428,false,סטארקיסט מיקס סלמון עם עם פסטה ברוטב עגב,סטארקיסט דיפלומט היינץ,,,יח`,1.60,100 גרם,false,1,14.90,9.31,false,1,
7290017617435,false,סטארקיסט מיקס סלמון עם עדשים קינואה וירק,סטארקיסט דיפלומט היינץ,,,יח`,1.60,100 גרם,false,1,14.90,9.31,false,1,
7290017637426,false,שמפו ANTI DANDRUFF למניעת קשקשים מיקי בו,סאסטק מיקי בוגנים,,,יח`,5,"100 מ""ל",false,1,24.90,4.98,false,1,
7290017637563,false,שמפו CURLS לתלתלים מושלמים מיקי בוגנים 5,סאסטק מיקי בוגנים,,,יח`,5,"100 מ""ל",false,1,24.90,4.98,false,1,
7290017637570,false,מרכך CURLS לשיער מתולתל מיקי בוגנים 500,סאסטק מיקי בוגנים,,,יח`,5,"100 מ""ל",false,1,24.90,4.98,false,1,
7290017637631,false,מרכך לשיער רגיל מיקי בוגנים 500 מל,סאסטק מיקי בוגנים,,,יח`,5,"100 מ""ל",false,1,24.90,4.98,false,1,
7290017647425,false,גמלא קברנה סוביניון,היכל היין שקד גולן בעמ,,,יח`,7.50,"100 מ""ל",false,1,68.20,9.05,true,1,
7290017647708,false,גמלא גוורצטרמינר 750 מל,היכל היין שקד גולן בעמ,,,יח`,7.50,"100 מ""ל",false,1,64.90,8.61,true,1,
7290017647722,false,גמלא בלאנקו 750 מל,היכל היין שקד גולן בעמ,,,יח`,7.50,"100 מ""ל",false,1,64.90,8.61,true,1,
7290017677804,false,רוטב סויה (444  מל)קיקומן,דיפלומט היינץ,,,יח`,4.44,"100 מ""ל",false,1,29.90,6.73,true,1,
7290017677811,false,רוטב סויה קיקומן (296 מל),דיפלומט היינץ,,,יח`,2.96,"100 מ""ל",false,1,12.90,4.36,false,1,
7290017682617,false,מגב עם  תפסן+  מקל( 40  סמ) CLING,מ.א.ייצור ויבוא מטליות בעמ,,,יח`,1,,false,1,16.90,16.90,false,1,
7290017712192,false,פרמיו שימורי מזון מלא עם נתחי פילה עוף ו,שחורי אריה ואנסטסיה,,,יח`,1,100 גרם,false,1,4.90,4.90,false,1,
7290017712772,false,פרמיו בקר וכבד 100 גר`,שחורי אריה ואנסטסיה,,,יח`,1,100 גרם,false,1,4.90,4.90,false,1,
7290017712949,false,פרמיו כריות סטרילייז 60 גר`,שחורי אריה ואנסטסיה,,,יח`,1,,false,1,9.90,9.90,false,1,
7290017724164,false,עוגיות אוזניים ללתס 200 גרם,אקלר בעמ,,,יח`,2,100 גרם,false,1,21.90,10.95,false,1,
7290017812069,false,ריזלינג שרדונה 750 מל אקסלנס,אגודת הכורמים,,,יח`,7.50,"100 מ""ל",false,1,26.90,3.55,true,1,
7290017812571,false,תירוש אדום 1 ליטר 100% טבעי,אגודת הכורמים,,,יח`,1,1 ליטר,false,1,19.90,19.90,false,1,
7290017812588,false,תירוש לבן 1 ליטר 100% טבעי,אגודת הכורמים,,,יח`,1,1 ליטר,false,1,19.90,19.90,false,1,
7290017812847,false,יין לבן חצי  יבש( 750  מל)פרנ`ץ גוורצרמ,אגודת הכורמים,,,יח`,7.50,"100 מ""ל",false,1,29.90,3.95,true,1,
7290017812861,false,יין לבש  יבש( 750  מל)וינו,אגודת הכורמים,,,יח`,7.50,"100 מ""ל",false,1,19.90,2.61,true,1,
7290017812878,false,יין רוזה חצי יבש 750 מל אקסלנס,אגודת הכורמים,,,יח`,7.50,"100 מ""ל",false,1,26.90,3.55,true,1,
7290017816111,false,פתי בר הכוסמין המקורי 220 גר`,גורי מוצרי צריכה (1991) בעמ,,,יח`,2.20,100 גרם,false,1,10.90,4.95,false,1,
7290017871707,false,טוסו חטיף פצפוצי אורז וקוקוס ללתס ללא ג,דנשר (1963) בעמ,,,יח`,0,100 גרם,false,1,16.90,16.90,false,1,
7290017872056,false,אל סבון סדרה לבנה מארז שלישייה 500 מל פ,דנשר (1963) בעמ,,,יח`,1.50,1 ליטר,false,1,15.90,10.60,false,1,
7290017872063,false,אל סבון ארומתרפי מארז שלישייה 500 מל פמ,דנשר (1963) בעמ,,,יח`,1.50,1 ליטר,false,1,15.90,10.60,false,1,
7290017872070,false,פרש וואנס מגבונים מארז שלישייה,דנשר (1963) בעמ,,,יח`,1,,false,1,12.90,12.90,false,1,
7290017872193,false,עוגיות שקדים וקינמון 200 גר` טוסו,דנשר (1963) בעמ,,,יח`,2,100 גרם,false,1,18.90,9.45,true,1,
7290017888026,false,אננס תפוח גזר 350 מל fruit   veg,יפאורה,,,יח`,3.50,"100 מ""ל",false,1,6.90,1.89,true,1,
7290017888095,false,שוופס מוגז עדין פירות יער 330 מל פחיות,יפאורה,,,יח`,13.20,"100 מ""ל",false,1,12.90,0.89,false,1,
7290017888101,false,שוופס מוגז עדין אפרסק 330 מל פחיות רביע,יפאורה,,,יח`,1320,1 ליטר,false,1,12.90,0.01,false,1,
7290017888644,false,אננס בננה כוכרכום 350 מל fruit   veg,יפאורה,,,יח`,3.50,"100 מ""ל",false,1,6.90,1.89,true,1,
7290017888729,false,שוופס סודה 1 ליטר,יפאורה,,,יח`,1,1 ליטר,false,1,3.90,3.90,true,1,
7290017888972,false,מי עדן פקק ספורט 1 ליטר,יפאורה,,,יח`,1,1 ליטר,false,1,3.90,3.90,true,1,
7290017907253,false,פתיתים תמי 300 גר`,י.איטליאנו אחזקות בעמ,,,יח`,3,100 גרם,false,1,15.90,5.30,false,1,
7290017913100,false,אסותא נוזל רצפות ירוק 4 ליטר,עיסא ערטול בעמ,,,יח`,40,"100 מ""ל",false,1,14.90,0.37,false,1,
7290017913148,false,אסותא מרכך כביסה 4  ליטר(סגול),עיסא ערטול בעמ,,,יח`,40,"100 מ""ל",false,1,14.90,0.37,false,1,
7290017913179,false,אסותא מרכך כביסה 4  ליטר(ורוד),עיסא ערטול בעמ,,,יח`,40,"100 מ""ל",false,1,14.90,0.37,false,1,
7290017917450,false,קמיל בלו סנסיטיב אל סבון ושמפו צמחי מרפא,פישר תעשיות פרמצבטיות בעמ,,,יח`,1,1 ליטר,false,1,32.90,32.90,true,1,
7290017928036,false,מקלות גריסני שומשום 200  גר`מאיר בייגל,דנשר (1963) בעמ,,,יח`,2,100 גרם,false,1,11.90,5.95,true,1,
7290017928043,false,מקלות גריסני קראנץ מלח 175  גר`מאיר בייג,דנשר (1963) בעמ,,,יח`,1.75,100 גרם,false,1,11.90,6.80,true,1,
7290017928098,false,בייגלה שטוח מלח 330 גר` מאיר בייגל,דנשר (1963) בעמ,,,יח`,3.30,100 גרם,false,1,11.90,3.61,true,1,
7290017928616,false,בייגלה שטוחלה שומשום 300 גר` מאיר בייגל,דנשר (1963) בעמ,,,יח`,3,100 גרם,false,1,11.90,3.97,true,1,
7290017928630,false,מקלות גריסני קראנץ פינוקים 175  גר`מאיר,דנשר (1963) בעמ,,,יח`,1.75,100 גרם,false,1,11.90,6.80,true,1,
7290017928661,false,שברי בייגלה בטעם  צ`דר( 300  גר`)סמאש,דנשר (1963) בעמ,,,יח`,3,100 גרם,false,1,12.90,4.30,true,1,
7290017928821,false,מקלות גריסני קלאסי 200  גר`מאיר בייגל,דנשר (1963) בעמ,,,יח`,2,100 גרם,false,1,11.90,5.95,true,1,
7290017946399,false,סוד מרכך  מרוכז( 900  מל)ארומתרפי אדום,גורי שיווק בעמ,,,יח`,9,"100 מ""ל",false,1,11.90,1.32,false,1,
7290017946979,false,פרסיל ג`ל מנטרל ריחות 2.4 ליטר י,גורי שיווק בעמ,,,יח`,2.40,1 ליטר,false,1,34.90,14.54,true,1,
7290017947105,false,לחם בסגנון אמריקה 500  גר`אנג`ל,שלמה א. אנג`ל בעמ,,,יח`,5,100 גרם,false,1,14.90,2.98,false,1,
7290017947457,false,חלה קלועה כוסמין 500  גר`אנג`ל,שלמה א. אנג`ל בעמ,,,יח`,5,100 גרם,false,1,16.90,3.38,false,1,
7290017947464,false,פיתות כוסמין  שמינייה( 400  גר`)אנג`ל,שלמה א. אנג`ל בעמ,,,יח`,1,,false,1,16.90,16.90,false,1,
7290017947495,false,לחמניות כוסמין 6  יח(450  גר`)אנג`ל,שלמה א. אנג`ל בעמ,,,יח`,4.50,100 גרם,false,1,14.90,3.31,false,1,
7290017947891,false,לחם כוסמין וחיטה מלאה 750  גר`אנגל,שלמה א. אנג`ל בעמ,,,יח`,7.50,100 גרם,false,1,16.90,2.25,false,1,
7290017947921,false,לחמניות המבורגר שישייה,שלמה א. אנג`ל בעמ,,,יח`,4.50,100 גרם,false,1,14.90,3.31,false,1,
7290017947938,false,לחמניות מיני המבורגר אמריקה 400  גר`אנג`,שלמה א. אנג`ל בעמ,,,יח`,4,100 גרם,false,1,14.90,3.73,false,1,
7290017978215,false,ריאו קרמבו י16ח מוקה,ריאו נתניה ביחר לגלידה וממתקים,,,יח`,1,,false,1,21.90,21.90,false,1,
7290018043639,false,פראוד חטיף חלבון שוקולד קריספי 29 גר`,דיפלומט היינץ,,,יח`,0.29,100 גרם,false,1,8.90,30.69,false,1,
7290018045084,false,דגני בוקר בון בון במילוי קרם בטעם בראוני,ר.ב מוצרי דגנים בעמ,,,יח`,4.80,100 גרם,false,1,22.90,4.77,true,1,
7290018045497,false,דגני בוקר בון בון במילוי קרם שוקולד 480,ר.ב מוצרי דגנים בעמ,,,יח`,4.80,100 גרם,false,1,22.90,4.77,true,1,
7290018045695,false,דגני בוקר בון בון במילוי קרם בטעם קרמל מ,ר.ב מוצרי דגנים בעמ,,,יח`,4.80,100 גרם,false,1,22.90,4.77,true,1,
7290018045893,false,דגני בוקר בון בון במילוי קרם נוגט 480 גר,ר.ב מוצרי דגנים בעמ,,,יח`,4.80,100 גרם,false,1,22.90,4.77,true,1,
7290018071205,false,כפפות ניטרו -Vכחולות אלסטיות S ללא אבקה,אינטרסן 1996 בעמ,,,יח`,1,,false,1,18.90,18.90,true,1,
7290018071212,false,כפפות ניטרו -Vכחולות אלסטיות M ללא אבקה,אינטרסן 1996 בעמ,,,יח`,1,,false,1,18.90,18.90,true,1,
7290018071229,false,כפפות ניטרו -Vכחולות אלסטיות L ללא אבקה,אינטרסן 1996 בעמ,,,יח`,1,,false,1,18.90,18.90,true,1,
7290018071236,false,כפפות ניטרו -Vכחולות אלסטיות XL ללא אבקה,אינטרסן 1996 בעמ,,,יח`,1,,false,1,18.90,18.90,true,1,
7290018091074,false,מעדנות בצק עוגיות שוקולד ציפס 300גר,תנובה קפואים,,,יח`,3,100 גרם,false,1,14.90,4.97,false,1,
7290018091272,false,מעדנות בצק עוגיות קקאו טריפל שוקולד ציפס,תנובה קפואים,,,יח`,3,100 גרם,false,1,14.90,4.97,false,1,
7290018098493,false,פיצה מרגריטה בתוספת זיתים 350 גר` Milk f,גורי מוצרי צריכה (1991) בעמ,,,יח`,3.50,100 גרם,false,1,21.90,6.26,true,1,
7290018098592,false,שווארמה 300 גר` Beef free,גורי מוצרי צריכה (1991) בעמ,,,יח`,3,100 גרם,false,1,21.90,7.30,true,1,
7290018132388,false,מטרנה גולד שלב 2 700 גר`,קבוצת אסם סחר שות. מוגבלת,,,יח`,7,100 גרם,false,1,74.90,10.70,true,1,
7290018132425,false,מטרנה גולד שלב 3 700 גר`,קבוצת אסם סחר שות. מוגבלת,,,יח`,7,100 גרם,false,1,74.90,10.70,true,1,
7290018156124,false,קמיל אל סבון שלישייה צבעוני) (3*500,פישר תעשיות פרמצבטיות בעמ,,,יח`,15,"100 מ""ל",false,1,19.90,1.33,false,1,
7290018165010,false,רזרב גולד אדישיין 750 מל גוורצטאמינר,טמפו משקאות בעמ,,,יח`,7.50,"100 מ""ל",false,1,49.90,6.61,true,1,
7290018165447,false,רזרב גולד  מרלו( 750  מל)יקבי ברקן,טמפו משקאות בעמ,,,יח`,7.50,"100 מ""ל",false,1,49.90,6.61,true,1,
7290018198056,false,קוביות תפוח אדמה  תפוגן( 1.5 קג),קבוצת אסם סחר שות. מוגבלת,,,יח`,15,100 גרם,false,1,24.90,1.66,false,1,
7290018198148,false,תפוגן קריספי ציפס קלאסי 1.25קג,קבוצת אסם סחר שות. מוגבלת,,,יח`,1.25,"ק""ג",false,1,27.90,22.32,false,1,
7290018198209,false,תפוגן צ`יפס בטטה קראנצי 500 גר`,קבוצת אסם סחר שות. מוגבלת,,,יח`,5,100 גרם,false,1,21.90,4.38,false,1,
7290018198254,false,תפוגן קריספי ציפס פוטטוס 1.25קג,קבוצת אסם סחר שות. מוגבלת,,,יח`,1.25,"ק""ג",false,1,27.90,22.32,false,1,
7290018237922,false,שניצלונים ציפוי צ`יפס 700  גר`עוף טוב,קבוצת אסם סחר שות. מוגבלת,,,יח`,7,100 גרם,false,1,13.90,1.99,false,1,
7290018294192,false,בלנד היינן יקבי כרמל 750 מל,אגודת הכורמים,,,יח`,7.50,"100 מ""ל",false,1,39.90,5.28,true,1,
7290018294208,false,סלקטד אדום ישראלי 750 מל,אגודת הכורמים,,,יח`,7.50,"100 מ""ל",false,1,29.90,3.95,true,1,
7290018294383,false,קברנה סוביניון אזוריתפינו גריג`יו 750 מ,אגודת הכורמים,,,יח`,7.50,"100 מ""ל",false,1,54.90,7.28,true,1,
7290018294932,false,מיץ ענבים אדום 1 ליטר,אגודת הכורמים,,,יח`,1,1 ליטר,false,1,12.90,12.90,false,1,
7290018344194,false,חטיף חלווה משומשום מלא בתוספת נגיעות דבש,אבאל יזמות בעמ,,,יח`,0.70,100 גרם,false,1,7.90,11.29,false,1,
7290018359495,false,תירס מהשדה בלי תוספת  סוכר( 550  גר`)יכי,זנלכל בעמ,,,יח`,5.50,100 גרם,false,1,9.90,1.80,false,1,
7290018359518,false,תירס מהשדה בלי תוספת  סוכר( 200 גר *3יח),זנלכל בעמ,,,יח`,6,100 גרם,false,1,14.90,2.48,false,1,
7290018359556,false,תירס מהשדה בלי תוספת  סוכר( 400  גר)יכין,זנלכל בעמ,,,יח`,4,100 גרם,false,1,6.90,1.73,false,1,
7290018359587,false,חומוס שלם הקטניה הטובה יכין מארז 3*200,זנלכל בעמ,,,יח`,6,100 גרם,false,1,13.90,2.32,true,1,
7290018359938,false,רוטב עגבניות לשקשוקה 400  גר`יכין,זנלכל בעמ,,,יח`,4,100 גרם,false,1,11.50,2.88,false,1,
7290018359969,false,רוטב עגבניות לפיצה 400  גר`יכין,זנלכל בעמ,,,יח`,4,100 גרם,false,1,11.50,2.88,false,1,
7290018380352,false,דפי אורז עגולים 22  סמ( 400  גר`)תומר,תומר יבוא ושיווק מוצרי מזון (1,,,יח`,4,100 גרם,false,1,9.90,2.48,false,1,
7290018440209,false,בייגלה בציפוי  פאדג`לבן 140  גר`פליפז,תה ויסוצקי (ישראל) בעמ,,,יח`,1.40,100 גרם,false,1,8.90,6.36,true,1,
7290018440223,false,צ`אי מסאלה 25 שקיקים,תה ויסוצקי (ישראל) בעמ,,,יח`,1,,false,1,19.90,19.90,true,1,
7290018440254,false,צ`אי קרמל מלוח 25 שקיקים,תה ויסוצקי (ישראל) בעמ,,,יח`,1,,false,1,19.90,19.90,true,1,
7290018440391,false,תה ירוק מאטה נענע גוארנה ויסוצקי (25),תה ויסוצקי (ישראל) בעמ,,,יח`,1,,false,1,24.90,24.90,true,1,
7290018440438,false,טונה בשמן זית easy flip שלישייה 3*65 גר`,תה ויסוצקי (ישראל) בעמ,,,יח`,1.95,100 גרם,false,1,25.90,13.28,true,1,
7290018440483,false,בייגלה מצופה בקרמל מלוח ושוקולד 140 גר`,תה ויסוצקי (ישראל) בעמ,,,יח`,1.40,100 גרם,false,1,8.90,6.36,true,1,
7290018440490,false,סלט טונה עם קוסקוס 150 ג,תה ויסוצקי (ישראל) בעמ,,,יח`,1.50,100 גרם,false,1,14.90,9.93,true,1,
7290018440513,false,סלט קליפורניה עם טונה 150 גר`,תה ויסוצקי (ישראל) בעמ,,,יח`,1.50,100 גרם,false,1,14.90,9.93,true,1,
7290018441985,false,פרצלס עם הכל קפוא.,מוצרי איכות אמריקאיים בעמ,,,יח`,2.80,100 גרם,false,1,14.90,5.32,false,1,
7290018468302,false,נקניקיה צמחית בסגנון מרגז 400 גר`,תנובה קפואים,,,יח`,4,100 גרם,false,1,39.90,9.98,true,1,
7290018468425,false,נקניק טבעוני בטעם פיקנטי 100 גר טירת צבי,תנובה - חלב,,,יח`,1,100 גרם,false,1,17.90,17.90,true,1,
7290018468432,false,נקניק טבעוני בטעם מעושן 100 גר טירת צבי,תנובה - חלב,,,יח`,1,100 גרם,false,1,17.90,17.90,true,1,
7290018471029,false,שוופס סודה לימון 500 מל שישייה,יפאורה,,,יח`,30,"100 מ""ל",false,1,13.90,0.40,false,1,
7290018471180,false,פרוט אנד  ווג`אננס תפוח גזר 1 ליטר,יפאורה,,,יח`,10,"100 מ""ל",false,1,11.90,1.16,true,1,
7290018471197,false,פרוט אנד  ווג`תפוח בננה מלון נענע 1 ליטר,יפאורה,,,יח`,10,"100 מ""ל",false,1,11.90,1.16,true,1,
7290018471401,false,פרוט אנד  ווג`אננס בננה כורכום 1 ליטר,יפאורה,,,יח`,10,"100 מ""ל",false,1,11.90,1.16,true,1,
7290018471449,false,ספרינג שייק בננה תמר תפוז 1 ליטר,יפאורה,,,יח`,1,1 ליטר,false,1,11.90,11.90,true,1,
7290018471456,false,ספרינג שייק אננס מנגו פסיפלורה 1 ליטר,יפאורה,,,יח`,1,1 ליטר,false,1,11.90,11.90,true,1,
7290018471463,false,תפוזינה נקטר תפוז מנגו 1 ליטר,יפאורה,,,יח`,10,"100 מ""ל",false,1,6.90,0.69,false,1,
7290018471470,false,תפוזינה נקטר תפוז פסיפלורה 1 ליטר,יפאורה,,,יח`,10,"100 מ""ל",false,1,6.90,0.69,false,1,
7290018471487,false,תפוזינה נקטר תפוז אננס 1 ליטר,יפאורה,,,יח`,10,"100 מ""ל",false,1,6.90,0.69,false,1,
7290018471494,false,תפוזינה נקטר תפוז גזר 1 ליטר,יפאורה,,,יח`,10,"100 מ""ל",false,1,6.90,0.69,false,1,
7290018471616,false,שוופס אינדיאן טוניק 1 ליטר,יפאורה,,,יח`,1,1 ליטר,false,1,8.90,8.90,true,1,
7290018471630,false,שוופס טוניק מלפפון ליים 1 ליטר,יפאורה,,,יח`,1,1 ליטר,false,1,8.90,8.90,true,1,
7290018471906,false,משקה מוגז שוופס (1.5 ליטר) לימונדה ורוד,יפאורה,,,יח`,1.50,1 ליטר,false,1,8.90,5.73,true,1,
7290018471913,false,משקה מוגז שוופס (1.5 ליטר) תפוחים,יפאורה,,,יח`,1.50,1 ליטר,false,1,8.90,5.73,true,1,
7290018471920,false,משקה מוגז פירות שוופס (1.5 ליטר) ענבים,יפאורה,,,יח`,1.50,1 ליטר,false,1,8.90,5.73,true,1,
7290018471937,false,משקה מוגז פירות שוופס (1.5 ליטר) תות ל,יפאורה,,,יח`,1.50,1 ליטר,false,1,8.90,5.73,true,1,
7290018471944,false,משקה מוגז פירות שוופס (1.5 ליטר) לימונ,יפאורה,,,יח`,1.50,1 ליטר,false,1,8.90,5.73,true,1,
7290018471951,false,משקה מוגז פירות שוופס (1.5 ליטר) אשכול,יפאורה,,,יח`,1.50,1 ליטר,false,1,8.90,5.73,true,1,
7290018515020,false,חלבון סויה מיובש בצורת כנפי עוף 300 גרם,טחנת האבן קואופ בעמ,,,יח`,3,100 גרם,false,1,14.90,4.97,false,1,
7290018516324,false,פאוץ`פרינוק תפוח ושיבולת שועל 120 גר`,גורי מוצרי צריכה (1991) בעמ,,,יח`,1.20,100 גרם,false,1,5.90,4.92,true,1,
7290018516331,false,פאוץ`פרינוק תפוח בננה ושיבולת שועל 120,גורי מוצרי צריכה (1991) בעמ,,,יח`,1.20,100 גרם,false,1,5.90,4.92,true,1,
7290018516348,false,פאוץ`פרינוק סלט פירות ושיבולת שועל 120,גורי מוצרי צריכה (1991) בעמ,,,יח`,1.20,100 גרם,false,1,5.90,4.92,true,1,
7290018516393,false,פרמיו מיקס 3 קג,שחורי אריה ואנסטסיה,,,יח`,30,100 גרם,false,1,59.90,2,false,1,
7290018516591,false,הורייזן מחית בשר עוף 90 גר,שחורי אריה ואנסטסיה,,,יח`,0.90,100 גרם,false,1,9.90,11,false,1,
7290018516621,false,הורייזן מחית בשר דג זהבון לחתלתול 90 גר,שחורי אריה ואנסטסיה,,,יח`,0.90,100 גרם,false,1,9.90,11,false,1,
7290018516966,false,פרמיו סופרים עם בקר לכלב בוגר 3קג,שחורי אריה ואנסטסיה,,,יח`,1,,false,1,49.90,49.90,false,1,
7290018540817,false,לחם ארטיזנל מחמצת כוסמין 500  גר`אנג`ל,שלמה א. אנג`ל בעמ,,,יח`,5,100 גרם,false,1,18.90,3.78,false,1,
7290018540831,false,לחם ארטיזנל מחמצת חיטה מלאה ודגנים 500 ג,שלמה א. אנג`ל בעמ,,,יח`,5,100 גרם,false,1,17.90,3.58,false,1,
7290018571101,false,אגוזי מלך בנספק ( 200 גר`) מיה,מיה תעשיות מזון מ.ת.מ. בעמ,,,יח`,2,100 גרם,false,1,19.90,9.95,true,1,
7290018571118,false,שקדים טבעי בנספק ( 200 גר`) מיה,מיה תעשיות מזון מ.ת.מ. בעמ,,,יח`,2,100 גרם,false,1,19.90,9.95,true,1,
7290018571286,false,פיסטוקים קלויים 200 גרם בנספק,מיה תעשיות מזון מ.ת.מ. בעמ,,,יח`,2,100 גרם,false,1,14.90,7.45,false,1,
7290018571491,false,ריבת חלב אמיתי זכוכית 340 גר`,מיה תעשיות מזון מ.ת.מ. בעמ,,,יח`,3.40,100 גרם,false,1,14.90,4.38,false,1,
7290018571705,false,אורז יסמין 1 קג מיה,מיה תעשיות מזון מ.ת.מ. בעמ,,,יח`,1,"ק""ג",false,1,10.90,10.90,true,1,
7290018571712,false,אורז פרסי 1 קג מיה,מיה תעשיות מזון מ.ת.מ. בעמ,,,יח`,1,"ק""ג",false,1,9.90,9.90,true,1,
7290018571736,false,אורז בסמטי 1 קג מיה,מיה תעשיות מזון מ.ת.מ. בעמ,,,יח`,1,"ק""ג",false,1,10.90,10.90,true,1,
7290018652886,false,מאגדת שלגונים מצופים שוקו בננה 8 יח`,נגה גלידות שותפות מוגבלת,,,יח`,4.76,100 גרם,false,1,25.90,5.44,false,1,
7290018677131,false,גרנולה קראנצ`י אגוזים ושקדים 300  גר`איט,י.איטליאנו אחזקות בעמ,,,יח`,3,100 גרם,false,1,22.90,7.63,false,1,
7290018677209,false,סירופ מייפל אורגני 250 מל,י.איטליאנו אחזקות בעמ,,,יח`,2.50,"100 מ""ל",false,1,22.90,9.16,false,1,
7290018703052,false,פראוד חטיף חלבון עוגיות קראנץ גר`,דיפלומט היינץ,,,יח`,0.29,100 גרם,false,1,8.90,30.69,false,1,
7290018703182,false,פראוד חטיף חלבון שוקולד בוטנים קרמל 29 ג,דיפלומט היינץ,,,יח`,0.29,100 גרם,false,1,8.90,30.69,false,1,
7290018708118,false,חלבה בארכה וניל פיסטוק 350 גר`,קבוצת אסם סחר שות. מוגבלת,,,יח`,3.50,100 גרם,false,1,14.90,4.26,false,1,
7290018724552,false,קמח שקדים ללא גלוטן 250 גר`,י.איטליאנו אחזקות בעמ,,,יח`,2.50,100 גרם,false,1,22.90,9.16,false,1,
7290018770245,false,זית ירוק מגולען בטעם רוזמרין 190 גר`,אבאל יזמות בעמ,,,יח`,1.90,100 גרם,false,1,12.90,6.79,true,1,
7290018777190,false,חטיף ספירולינה בטעם קקאו קוקוס 40 גר`,אבאל יזמות בעמ,,,יח`,0.40,100 גרם,false,1,9.90,24.75,false,1,
7290018777268,false,חטיף חלבון VEG PROTEIN בננה קקאו 50 גר`,אבאל יזמות בעמ,,,יח`,0.50,100 גרם,false,1,9.90,19.80,false,1,
7290018825020,false,תפוא לבן לאפייה דוד משה גורמה,תוצרת הנגב אגודה שיתופית חקלאי,,,"ק""ג",1,,true,1,5.90,5.90,false,1,
7290018825228,false,תפוא אדום לטיגון דוד משה גורמה,תוצרת הנגב אגודה שיתופית חקלאי,,,"ק""ג",1,,true,1,5.90,5.90,false,1,
7290018825419,false,תפוא אפיה אדום,תוצרת הנגב אגודה שיתופית חקלאי,,,"ק""ג",1,,true,1,3.90,3.90,false,1,
7290018835005,false,ציפס אורז חום מלא מלח פלפל ושמן זית 60 ג,א.ל.ייצור ושיווק תבלינים בעמ,,,יח`,0.60,100 גרם,false,1,6.90,11.50,true,1,
7290018878743,false,חמישיות שוקולד מריר (5*100  גר`)כרמית,כרמית תעשיות ממתקים בעמ,,,יח`,5,100 גרם,false,1,17.90,3.58,false,1,
7290018893036,false,ביסקוויט סנדוויץ בטעם שוקולד במילוי קרם,ש.שסטוביץ בעמ,,,יח`,1.76,100 גרם,false,1,6.90,3.92,false,1,
7290018893647,false,ביסקוויט במילוי קרם בטעם וניל בציפוי שו,ש.שסטוביץ בעמ,,,יח`,1.50,100 גרם,false,1,9.90,6.60,true,1,
7290018893661,false,צ`וקטה עוגות אישיות בציפוי שוקולד מריר(,ש.שסטוביץ בעמ,,,יח`,2.40,100 גרם,false,1,12.90,5.38,true,1,
7290018893852,false,צ`וקטה בייגלה בתוספת שומשום 200 גר,ש.שסטוביץ בעמ,,,יח`,2,100 גרם,false,1,6.90,3.45,true,1,
7290018893876,false,צ`וקטה עוגות אישיות וניל 200 גרם,ש.שסטוביץ בעמ,,,יח`,2,100 גרם,false,1,12.90,6.45,true,1,
7290018894019,false,בלקוני עוגות מיקס מקס חלב 350 גר`,ש.שסטוביץ בעמ,,,יח`,3.50,100 גרם,false,1,14.90,4.26,true,1,
7290018894217,false,בלקוני עוגות מיקס מקס קקאו 350 גר`,ש.שסטוביץ בעמ,,,יח`,3.50,100 גרם,false,1,14.90,4.26,true,1,
7290018894590,false,צ`וקטה מארז סביבון 225 גר`,ש.שסטוביץ בעמ,,,יח`,2.25,100 גרם,false,1,14.90,6.62,false,1,
7290018921203,false,קמיל בלו קרם החתלה קמומיל דר פישר 120 ג,פישר תעשיות פרמצבטיות בעמ,,,יח`,1.20,100 גרם,false,1,18.90,15.75,true,1,
7290018921609,false,קמיל בלו קרם החתלה קלנדולה דר פישר 120,פישר תעשיות פרמצבטיות בעמ,,,יח`,1.20,100 גרם,false,1,21.90,18.25,true,1,
7290018925065,false,מיץ תפוזים סחוט פרימור (2 ליטר),שטראוס גרופ בעמ/מצונן,,,יח`,2,1 ליטר,false,1,26.90,13.30,false,1,
7290018925072,false,משקה קל לימונים ונענע (2  ליטר)פרימור,שטראוס גרופ בעמ/מצונן,,,יח`,2,1 ליטר,false,1,27.90,13.80,false,1,
7290018925416,false,משקה לימון פסיפלורה 400 מל פרימור,שטראוס גרופ בעמ/מצונן,,,יח`,4,"100 מ""ל",false,1,7.90,1.90,false,1,
7290018989005,false,פולפה טבעית) (3*400 יכין,זנלכל בעמ,,,יח`,0.0120,100 גרם,false,1,15.90,1325,true,1,
7290018989081,false,חומוס הבית 410  גר`יכין,זנלכל בעמ,,,יח`,4.10,100 גרם,false,1,7.90,1.93,false,1,
7290019036395,false,ארטישוק 400  גר`קפוא,א.ג בחירה חכמה בעמ,,,יח`,4,100 גרם,false,1,9.90,2.48,false,1,
7290019036425,false,במיה 400  גר`קפוא,א.ג בחירה חכמה בעמ,,,יח`,4,100 גרם,false,1,6.90,1.73,false,1,
7290019056027,false,משקה מוגז פירות שוופס (1.5 ליטר) תפוחי,יפאורה,,,יח`,1.50,1 ליטר,false,1,8.90,5.73,true,1,
7290019056034,false,משקה מוגז פירות שוופס (1.5 ליטר) אננס,יפאורה,,,יח`,1.50,1 ליטר,false,1,8.90,5.73,true,1,
7290019056058,false,שוופס מוגז עדין( 1.5 ליטר) תפוח ליים,יפאורה,,,יח`,1.50,1 ליטר,false,1,8.90,5.73,true,1,
7290019056065,false,שוופס מוגז עדין( 1.5 ליטר) פירות יער,יפאורה,,,יח`,1.50,1 ליטר,false,1,8.90,5.73,true,1,
7290019056072,false,שוופס מוגז עדין( 1.5 ליטר) אננס,יפאורה,,,יח`,1.50,1 ליטר,false,1,8.90,5.73,true,1,
7290019056096,false,שוופס מוגז עדין( 1.5 ליטר) אפרסק,יפאורה,,,יח`,1.50,1 ליטר,false,1,8.90,5.73,true,1,
7290019056119,false,מי סודה (1.5  ליטר)שוופס,יפאורה,,,יח`,1.50,1 ליטר,false,1,3.80,2.33,true,1,
7290019056164,false,מי סודה (1.5x4  ליטר)שוופס,יפאורה,,,יח`,6,1 ליטר,false,1,12.20,1.83,false,1,
7290019056188,false,רביעייה שוופס סודה 1.5 ליטרנענע ליים,יפאורה,,,יח`,6,1 ליטר,false,1,12.20,1.83,false,1,
7290019056201,false,רביעייה שוופס סודה 1.5 ליטר פירות יער,יפאורה,,,יח`,6,1 ליטר,false,1,12.20,1.83,false,1,
7290019056232,false,שוופס ליים 1.5 ליטר מוחיטו,יפאורה,,,יח`,1.50,1 ליטר,false,1,8.90,5.73,true,1,
7290019056249,false,שוופס מים 1.5 ליטר בטעם ענבים,יפאורה,,,יח`,1.50,1 ליטר,false,1,8.90,5.73,true,1,
7290019056256,false,שוופס מים 1.5 ליטר בטעם תפוחים,יפאורה,,,יח`,1.50,1 ליטר,false,1,8.90,5.73,true,1,
7290019056263,false,שוופס מים 1.5 ליטר בטעם אפרסק,יפאורה,,,יח`,1.50,1 ליטר,false,1,8.90,5.73,true,1,
7290019056270,false,שוופס מים 1.5 ליטר בטעם פירות יער,יפאורה,,,יח`,1.50,1 ליטר,false,1,8.90,5.73,true,1,
7290019056300,false,משקה שוופס (1.5  ליטר)ביטר למון,יפאורה,,,יח`,1.50,1 ליטר,false,1,11.90,7.73,false,1,
7290019056324,false,שוופס (1.5  ליטר)מי טוניק,יפאורה,,,יח`,1.50,1 ליטר,false,1,11.90,7.73,false,1,
7290019056331,false,שוופס מי טוניק (1.5  ליטר)ללס,יפאורה,,,יח`,0.0150,"100 מ""ל",false,1,11.90,773.33,false,1,
7290019056355,false,משקה תפוזינה 1.5 ליטר לימונענע,יפאורה,,,יח`,1.50,1 ליטר,false,1,8.90,5.73,true,1,
7290019056362,false,משקה קל תפוזינה 1.5 ליטר ענבים,יפאורה,,,יח`,1.50,1 ליטר,false,1,8.90,5.73,true,1,
7290019056379,false,משקה קל תפוזינה 1.5 ליטר תפוזים,יפאורה,,,יח`,1.50,1 ליטר,false,1,8.90,5.73,true,1,
7290019056386,false,משקה קל תפוזינה 1.5 ליטר אשכוליות,יפאורה,,,יח`,0.0150,"100 מ""ל",false,1,8.90,573.33,true,1,
7290019056393,false,משקה קל תפוזינה 1.5 ליטר תות בננה,יפאורה,,,יח`,1.50,1 ליטר,false,1,8.90,5.73,true,1,
7290019056416,false,משקה תפוזינה 1.5 ליטר לימונדה ורודה,יפאורה,,,יח`,1.50,1 ליטר,false,1,8.90,5.73,true,1,
7290019056423,false,משקה תפוזינה 1.5 ליטר תפוחים,יפאורה,,,יח`,1.50,1 ליטר,false,1,8.90,5.73,true,1,
7290019056461,false,קולה אר. סי (1.5x6.  ליטר).,יפאורה,,,יח`,90,"100 מ""ל",false,1,39.90,0.42,false,1,
7290019056478,false,ספרינג תה 1.5 ליטר בטעם אפרסק,יפאורה,,,יח`,1.50,1 ליטר,false,1,8.90,5.73,true,1,
7290019056485,false,ספרינג תה ירוק 1.5 ליטר בטעם לימון לואיז,יפאורה,,,יח`,1.50,1 ליטר,false,1,8.90,5.73,true,1,
7290019056508,false,פרוט ווטר 1.5 ליטר בטעם ענבים,יפאורה,,,יח`,1.50,1 ליטר,false,1,8.90,5.73,true,1,
7290019056515,false,פרוט ווטר 1.5 ליטר בטעם אננס,יפאורה,,,יח`,1.50,1 ליטר,false,1,8.90,5.73,true,1,
7290019056522,false,פרוט ווטר 1.5 ליטר בטעם תות,יפאורה,,,יח`,1.50,1 ליטר,false,1,8.90,5.73,true,1,
7290019056539,false,פרוט ווטר 1.5 ליטר בטעם אפרסק,יפאורה,,,יח`,1.50,1 ליטר,false,1,8.90,5.73,true,1,
7290019056546,false,פרוט ווטר 1.5 ליטר בטעם אבטיח,יפאורה,,,יח`,1.50,1 ליטר,false,1,8.90,5.73,true,1,
7290019056553,false,מים מינרלים עין גדי (2x6 ליטר),יפאורה,,,יח`,1.20,1 ליטר,false,1,13.70,9.92,false,1,
7290019056560,false,מים עין גדי בודד 2 ליטר,יפאורה,,,יח`,2,1 ליטר,false,1,2.90,1.45,false,1,
7290019056577,false,משקה קל ספרינג 1.5 ליטר מנגו,יפאורה,,,יח`,1.50,1 ליטר,false,1,8.90,5.73,true,1,
7290019056584,false,משקה קל ספרינג 1.5 ליטר תפוזים,יפאורה,,,יח`,1.50,1 ליטר,false,1,8.90,5.73,true,1,
7290019056591,false,משקה קל ספרינג 1.5 ליטר ענבים,יפאורה,,,יח`,1.50,1 ליטר,false,1,8.90,5.73,true,1,
7290019056607,false,משקה קל ספרינג 1.5 ליטר תפוחים,יפאורה,,,יח`,1.50,1 ליטר,false,1,8.90,5.73,true,1,
7290019056614,false,משקה קל ספרינג 1.5 ליטר אפרסק,יפאורה,,,יח`,1.50,1 ליטר,false,1,8.90,5.73,true,1,
7290019056621,false,משקה קל ספרינג 1.5 ליטר פירות טרופיים,יפאורה,,,יח`,1.50,1 ליטר,false,1,8.90,5.73,true,1,
7290019056638,false,משקה קל ספרינג 1.5 ליטר תות בננה,יפאורה,,,יח`,1.50,1 ליטר,false,1,8.90,5.73,true,1,
7290019056645,false,משקה קל ספרינג 1.5 ליטר אגס תפוח סברס,יפאורה,,,יח`,1.50,1 ליטר,false,1,8.90,5.73,true,1,
7290019056676,false,משקה קל ספרינג 1.5 ליטר אשכוליות אננס די,יפאורה,,,יח`,1.50,1 ליטר,false,1,8.90,5.73,true,1,
7290019056768,false,משקה קל קריסטל (2  ליטר)מנגו,יפאורה,,,יח`,2,1 ליטר,false,1,7.20,3.45,false,1,
7290019056782,false,משקה קל קריסטל (2  ליטר)מוגז למון ליים,יפאורה,,,יח`,2,1 ליטר,false,1,7.20,3.45,false,1,
7290019056829,false,משקה קל קריסטל (2  ליטר)מוגז תפוזים,יפאורה,,,יח`,2,1 ליטר,false,1,7.20,3.45,false,1,
7290019056843,false,משקה קל קריסטל (2  ליטר)מוגז קולה,יפאורה,,,יח`,2,1 ליטר,false,1,7.20,3.45,false,1,
7290019056959,false,מי עדן בודד 1.5 ליטר,יפאורה,,,יח`,1.50,1 ליטר,false,1,2.80,1.67,false,1,
7290019056966,false,מי עדן בקבוק פיקדון 1.5 ליטר,יפאורה,,,יח`,15,"100 מ""ל",false,1,4.20,0.26,false,1,
7290019056973,false,מים מינרלים (1.5x6  ליטר)מי עדן,יפאורה,,,יח`,9,1 ליטר,false,1,13.90,1.34,false,1,
7290019101833,false,כוסות נייר b8 פאלאס) (50,פאלאס תעשיות נטו (2014) בעמ,,,יח`,50,יח`,false,1,7.90,0.16,false,1,
7290019145080,false,מרקש ערק לימון 700 מל,אבאל יזמות בעמ,,,יח`,7,"100 מ""ל",false,1,39.90,5.66,true,1,
7290019145288,false,מרקש ערק לימונענע 700 מל,אבאל יזמות בעמ,,,יח`,7,"100 מ""ל",false,1,39.90,5.66,true,1,
7290019153085,false,שוופס מוחיטו ללא סוכר 1.5 ליטר,יפאורה,,,יח`,1.50,1 ליטר,false,1,8.90,5.73,true,1,
7290019153252,false,סודה תפוח (1.5*4  ליטר)שוופס,יפאורה,,,יח`,6,1 ליטר,false,1,12.20,1.83,false,1,
7290019153269,false,סודה אננס (1.5*4  ליטר)שוופס,יפאורה,,,יח`,6,1 ליטר,false,1,12.20,1.83,false,1,
7290019153344,false,משקה קל תפוזינה 1.5 ליטר סנגרייה,יפאורה,,,יח`,15,"100 מ""ל",false,1,8.90,0.57,true,1,
7290019153351,false,משקה קל תפוזינה 1.5 ליטר פינק אוזו,יפאורה,,,יח`,15,"100 מ""ל",false,1,8.90,0.57,true,1,
7290019167020,false,עוגת גבינה עם פירורים 82 גרם עדן קינוחים,תנובה - חלב,,,יח`,0.82,100 גרם,false,1,6.90,8.41,false,1,
7290019167037,false,תותים בקצפת 82 גרם עדן קינוחים,תנובה - חלב,,,יח`,0.82,100 גרם,false,1,6.90,8.41,false,1,
7290019167044,false,קצפת עם קרם בייגלה מתוק מלוח 82 גרם עדן,תנובה - חלב,,,יח`,0.82,100 גרם,false,1,6.90,8.41,false,1,
7290019232834,false,בייגלה מצופים בקרם עוגיות ושוקולד 140 גר,תה ויסוצקי (ישראל) בעמ,,,יח`,1.40,100 גרם,false,1,7.90,5.64,true,1,
7290019297161,false,טורטיה ראפ מקמח תירס 450 גר` (12 יח),דין שיווק וקליה 2021 בעמ,,,יח`,4.50,100 גרם,false,1,9.90,2.20,true,1,
7290019297420,false,מעדן פרי תות 284 גר` ללא תוספת סוכר- ש,דין שיווק וקליה 2021 בעמ,,,יח`,2.84,100 גרם,false,1,10.90,3.84,true,1,
7290019297543,false,חמאת בוטנים 510 גר` דין שיווק,דין שיווק וקליה 2021 בעמ,,,יח`,5.10,100 גרם,false,1,12.90,2.53,true,1,
7290019302315,false,יין ספארקלין אבטיח מלון 750 מל BUZZ,אגודת הכורמים,,,יח`,7.50,"100 מ""ל",false,1,27.90,3.68,false,1,
7290019308126,false,פולי סויה 400 גר` פרוסטי,נ.ת.נ.ג.ב החזקות יעוץ וניהול ב,,,יח`,4,100 גרם,false,1,6.90,1.73,true,1,
7290019393016,false,קמח חיטה לבן ללא צורך בניפוי 1 קג,אבאל יזמות בעמ,,,יח`,1,"ק""ג",false,1,6.90,6.90,true,1,
7290019393061,false,קמח כוסמין 100% ללא צורך בניפוי 1 קג,אבאל יזמות בעמ,,,יח`,1,"ק""ג",false,1,14.90,14.90,false,1,
7290019393085,false,האופה פתיתים בצורת קוסקוס מחיטת דורום 40,אבאל יזמות בעמ,,,יח`,4,100 גרם,false,1,4.90,1.23,true,1,
7290019462095,false,סלרי חתוך קוביות מרינה,קונס`-מרינה פטריות הגליל בעמ*ש,,,יח`,1,,false,1,11.90,11.90,false,1,
7290019462125,false,עלי תרד גוליבר,קונס`-מרינה פטריות הגליל בעמ*ש,,,יח`,1,,false,1,11.90,11.90,false,1,
7290019462149,false,נבטים צוות לענין מרינה,קונס`-מרינה פטריות הגליל בעמ*ש,,,יח`,1,,false,1,10.90,10.90,false,1,
7290100240656,false,פתית שיפון תלמה (300 גרם),יוניליוור ישראל שיווק בעמ,,,יח`,3,100 גרם,false,1,17.90,5.97,true,1,
7290100245231,false,נמס בכוס ועוד טעם עוף שקדי מרק,יוניליוור ישראל שיווק בעמ,,,יח`,0.50,100 גרם,false,1,6.90,13.80,true,1,
7290100653586,false,ליידי ספיד סטיק 24/7 ג`ל פרש פיוזן יבוא,בית הצעצוע בעמ,,,יח`,0.50,"100 מ""ל",false,1,14.90,29.80,false,1,
7290100680650,false,מנה חמה נודלס תאילנדי,קבוצת אסם סחר שות. מוגבלת,,,יח`,0.76,100 גרם,false,1,7.90,10.39,true,1,
7290100680667,false,מנה חמה נודלס בסגנון סצ`ואן אסם (76 גרם),קבוצת אסם סחר שות. מוגבלת,,,יח`,0.76,100 גרם,false,1,7.90,10.39,true,1,
7290100680711,false,פירורית זהב אסם (350 גרם),קבוצת אסם סחר שות. מוגבלת,,,יח`,3.50,100 גרם,false,1,8.90,2.54,false,1,
7290100680728,false,פירורית אסם (350 גרם),קבוצת אסם סחר שות. מוגבלת,,,יח`,3.50,100 גרם,false,1,7.90,2.26,false,1,
7290100681138,false,אפרופו מארז שלישיה,קבוצת אסם סחר שות. מוגבלת,,,יח`,1.50,100 גרם,false,1,13.90,9.27,true,1,
7290100684139,false,פסטה מיני מקרוני אסם (500 גרם),קבוצת אסם סחר שות. מוגבלת,,,יח`,5,100 גרם,false,1,5.90,1.18,true,1,
7290100684764,false,במבה יום הולדת אסם (25 גרם),קבוצת אסם סחר שות. מוגבלת,,,יח`,0.25,100 גרם,false,1,2.90,11.60,false,1,
7290100685136,false,אבקת מרק בטעם עוף אסם (1 קג),קבוצת אסם סחר שות. מוגבלת,,,יח`,1,"ק""ג",false,1,14.90,14.90,true,1,
7290100685242,false,במבה תות,קבוצת אסם סחר שות. מוגבלת,,,יח`,0.30,100 גרם,false,1,2.90,9.67,false,1,
7290100685334,false,אבקת מרק עוף אמיתי מרכיבים 400 גר`,קבוצת אסם סחר שות. מוגבלת,,,יח`,4,100 גרם,false,1,24.90,6.23,true,1,
7290100685341,false,אבקת מרק רכיבים 400 גר`,קבוצת אסם סחר שות. מוגבלת,,,יח`,4,100 גרם,false,1,16.90,4.23,true,1,
7290100687109,false,במבה במילוי נוגט אסם (60 גרם),קבוצת אסם סחר שות. מוגבלת,,,יח`,0.60,100 גרם,false,1,4.30,7.17,true,1,
7290100689301,false,מרק בטעם עוף זך אסם (400 גרם),קבוצת אסם סחר שות. מוגבלת,,,יח`,4,100 גרם,false,1,15.90,3.98,true,1,
7290100700020,false,גריסי פנינה סוגת (500 גרם),סוגת תעשיות בעמ,,,יח`,2,100 גרם,false,1,6.90,3.45,true,1,
7290100700075,false,פירורי לחם מוזהבים סוגת (200 גרם),סוגת תעשיות בעמ,,,יח`,2,100 גרם,false,1,4,2,true,1,
7290100700273,false,קינואה 500 גר`,סוגת תעשיות בעמ,,,יח`,5,100 גרם,false,1,15.90,3.18,true,1,
7290100700372,false,אורז בסמטי מלא סוגת (1 קג),סוגת תעשיות בעמ,,,יח`,1,"ק""ג",false,1,13.90,13.90,false,1,
7290100700396,false,אורז יסמין סוגת (1 קג),סוגת תעשיות בעמ,,,יח`,1,"ק""ג",false,1,12.90,12.90,true,1,
7290100700563,false,אורז מיקס קלאסי סוגת (1 קג),סוגת תעשיות בעמ,,,יח`,1,"ק""ג",false,1,12.90,12.90,false,1,
7290100700587,false,בורגול סוגת (500 גרם),סוגת תעשיות בעמ,,,יח`,5,100 גרם,false,1,5.90,1.18,true,1,
7290100701126,false,שעועית מש סוגת (500 גרם),סוגת תעשיות בעמ,,,יח`,5,100 גרם,false,1,12.90,2.58,true,1,
7290100701140,false,אורז ריזוטו ארבוריו סוגת (1 קג),סוגת תעשיות בעמ,,,יח`,1,"ק""ג",false,1,12.90,12.90,true,1,
7290100701157,false,אורז להכנת סושי סוגת (1 קג),סוגת תעשיות בעמ,,,יח`,1,"ק""ג",false,1,11.90,11.90,false,1,
7290100701300,false,קינואה אדומה סוגת (500 גרם),סוגת תעשיות בעמ,,,יח`,5,100 גרם,false,1,15.90,3.18,true,1,
7290100701454,false,בורגול דק גרישה סוגת (500 גרם),סוגת תעשיות בעמ,,,יח`,5,100 גרם,false,1,5.90,1.18,true,1,
7290100702284,false,קוסקוס מלא סוגת (350 גרם),סוגת תעשיות בעמ,,,יח`,3.50,100 גרם,false,1,4.90,1.40,false,1,
7290100702611,false,פתיתים אפויים אורז,סוגת תעשיות בעמ,,,יח`,5,100 גרם,false,1,5.90,1.18,true,1,
7290100702628,false,פתיתים אפויים קוסקוס,סוגת תעשיות בעמ,,,יח`,5,100 גרם,false,1,5.90,1.18,true,1,
7290100702994,false,סוכר דמררה בשקית סוגת (500 גרם),סוגת תעשיות בעמ,,,יח`,5,100 גרם,false,1,6.90,1.38,true,1,
7290100703007,false,עדשים שחורות בלוגה סוגת (500 גרם),סוגת תעשיות בעמ,,,יח`,5,100 גרם,false,1,7.90,1.58,true,1,
7290100703915,false,פופקורן למיקרוגל בטעם חמאה 6 יח`,סוגת תעשיות בעמ,,,יח`,5.40,100 גרם,false,1,12.90,2.39,true,1,
7290100703922,false,פופקורן למיקרוגל בטעם טבעי 6 יח`,סוגת תעשיות בעמ,,,יח`,5.40,100 גרם,false,1,12.90,2.39,true,1,
7290100704493,false,קמח שמרים פיצה ללא צורך בניפוי 1 קג סוגת,סוגת תעשיות בעמ,,,יח`,1,"ק""ג",false,1,7.90,7.90,false,1,
7290100704516,false,חומוס מיני סוגת (500 גרם),סוגת תעשיות בעמ,,,יח`,5,100 גרם,false,1,5.90,1.18,true,1,
7290100704608,false,שעועית לבנה עדינה סוגת (500 גרם),סוגת תעשיות בעמ,,,יח`,5,100 גרם,false,1,6.90,1.38,true,1,
7290100850909,false,חטיף תירס נאצ`ו מקסיקני דוריטוס (70 גרם),שטראוס פריטו ליי בעמ,,,יח`,0.70,100 גרם,false,1,3.90,5.57,true,1,
7290100850916,false,חטיף תירס חמוץ חריף דוריטוס (70 גרם),שטראוס פריטו ליי בעמ,,,יח`,0.70,100 גרם,false,1,3.90,5.57,true,1,
7290100850923,false,חטיף תירס גריל דוריטוס (70 גרם),שטראוס פריטו ליי בעמ,,,יח`,0.70,100 גרם,false,1,3.90,5.57,true,1,
7290100850930,false,חטיף תירס בטעם טבעי דוריטוס (70 גרם),שטראוס פריטו ליי בעמ,,,יח`,0.70,100 גרם,false,1,3.90,5.57,true,1,
7290100858592,false,אבקת קקאו עלית (150 גרם),שטראוס גרופ בעמ,,,יח`,1.50,100 גרם,false,1,8.90,5.93,false,1,
7290100858608,false,אבקת קקאו עלית (500 גרם),שטראוס גרופ בעמ,,,יח`,5,100 גרם,false,1,23.90,4.78,false,1,
7290100924464,false,כדוריות שלישייה אקנומיקה,גורי שיווק בעמ,,,יח`,1,,false,1,16.90,16.90,true,1,
7290100925751,false,נוזל כלים תפוח סוד (650 מל),גורי שיווק בעמ,,,יח`,6.50,"100 מ""ל",false,1,5.90,0.91,false,1,
7290100926109,false,מרכך כביסה סוד סופט 4 ליטר,גורי שיווק בעמ,,,יח`,4,1 ליטר,false,1,16.90,4.23,false,1,
7290100926147,false,פרסיל אבקת כביסה 2.5  קג`קולור,גורי שיווק בעמ,,,יח`,2.50,"ק""ג",false,1,25.90,10.36,true,1,
7290101110811,false,מאגדת מצופה דיאט שמינייה,פלקו בעמ,,,יח`,6.40,100 גרם,false,1,27,4.22,false,1,
7290101113454,false,מאגדת גלידל יוגורט אפרסק 8 יח,פלקו בעמ,,,יח`,1,,false,1,29.90,29.90,false,1,
7290101488323,false,ליידי ספיד סטיק ללא סימן ירוק חדש,ש.שסטוביץ בעמ,,,יח`,0.65,"100 מ""ל",false,1,21.90,33.69,true,1,
7290101551263,false,סילאן טבעי 700  גר`יד מרדכי,שטראוס גרופ בעמ,,,יח`,7,100 גרם,false,1,19.90,2.84,false,1,
7290101551300,false,סילאן טבעי לחיץ 380  גר`יד מרדכי .,שטראוס גרופ בעמ,,,יח`,3.80,100 גרם,false,1,14.90,3.92,false,1,
7290101551539,false,דנונה פרו 20  גר`אפרסק,שטראוס גרופ בעמ/מצונן,,,יח`,2,100 גרם,false,1,5.90,2.95,false,1,
7290101551584,false,חטיף צ`יפס קידס תפוצ`יפס) (10*20,שטראוס פריטו ליי בעמ,,,יח`,2,100 גרם,false,1,12.90,6.45,false,1,
7290101551638,false,מארז צ`יטוס כאפה עשירייה עלית,שטראוס פריטו ליי בעמ,,,יח`,2,100 גרם,false,1,12.90,6.45,true,1,
7290101551645,false,מארז צ`יטוס איקס עיגול,שטראוס פריטו ליי בעמ,,,יח`,2,100 גרם,false,1,12.90,6.45,true,1,
7290101863410,false,סיליט באנג אקונומיקה 750 מל,רקיט בנקיזר (ניר איסט) בעמ,,,יח`,7.50,"100 מ""ל",false,1,12.90,1.72,false,1,
7290101864127,false,ספריי להסרת כתמים וניש קליה (750 מל),רקיט בנקיזר (ניר איסט) בעמ,,,יח`,7.50,"100 מ""ל",false,1,18.90,2.52,true,1,
7290101865261,false,נוזל הברקה למדיח כלים פיניש (800 מל),רקיט בנקיזר (ניר איסט) בעמ,,,יח`,8,"100 מ""ל",false,1,19.90,2.49,false,1,
7290101866633,false,ג`ל להסרת כתמים וניש קליה (3 ליטר),רקיט בנקיזר (ניר איסט) בעמ,,,יח`,3,1 ליטר,false,1,29.90,9.97,true,1,
7290101866787,false,קליה ג`ל 3 ליטר,רקיט בנקיזר (ניר איסט) בעמ,,,יח`,3,1 ליטר,false,1,29.90,9.97,true,1,
7290101868958,false,פיניש נוזל הברקה 800 מל לימון,רקיט בנקיזר (ניר איסט) בעמ,,,יח`,8,"100 מ""ל",false,1,19.90,2.49,false,1,
7290101869733,false,פיניש ג`ל 1 ליטר AIO,רקיט בנקיזר (ניר איסט) בעמ,,,יח`,1,1 ליטר,false,1,42.90,42.90,false,1,
7290101869757,false,מבשם אויר אוטומטי חלום אואזיס,רקיט בנקיזר (ניר איסט) בעמ,,,יח`,1,,false,1,44.90,44.90,false,1,
7290102030330,false,תפוצ`יפס 200  גר` קראנץ`מקסיקני,שטראוס פריטו ליי בעמ,,,יח`,2,100 גרם,false,1,10.90,5.45,true,1,
7290102031276,false,שמיניית אקטימל תות בננה,שטראוס גרופ בעמ/מצונן,,,יח`,8,"100 מ""ל",false,1,19.90,2.49,false,1,
7290102032334,false,קפה נמס וניל עלית (200 גרם),שטראוס גרופ בעמ,,,יח`,2,100 גרם,false,1,19.90,9.95,false,1,
7290102060979,false,משחת שיניים אלמקס (100 מל),ש.שסטוביץ בעמ,,,יח`,1,100 גרם,false,1,19.90,19.90,true,1,
7290102300860,false,גבינת צ`דר אנגלית 200 גרם,א. סיימן סחר בעמ,,,יח`,2,100 גרם,false,1,22.90,11.45,true,1,
7290102390427,false,יוגורט ביו פרופ 3% תות מולר (150 גרם),החב` המרכזית - טרה,,,יח`,1.50,"100 מ""ל",false,1,5.30,3.53,false,1,
7290102390465,false,מולר מעדן אפרסק 150 מל,החב` המרכזית - טרה,,,יח`,1.50,"100 מ""ל",false,1,5.30,3.53,false,1,
7290102390489,false,יוגורט ביו פרופ 3% לימון מולר (150 גרם),החב` המרכזית - טרה,,,יח`,1.50,"100 מ""ל",false,1,5.30,3.53,false,1,
7290102391844,false,מולר יוגורט פרי פרופ יער 150 מל,החב` המרכזית - טרה,,,יח`,1.50,"100 מ""ל",false,1,5.30,3.53,false,1,
7290102392094,false,חלב עיזים מלא 4.1% משק צוריאל (1 ליטר),החב` המרכזית - טרה,,,יח`,1,1 ליטר,false,1,17.40,17.40,false,1,
7290102392728,false,יוגורט ביו ביאנקו 2.8% מולר (200 גרם),החב` המרכזית - טרה,,,יח`,2,100 גרם,false,1,4,2,false,1,
7290102392889,false,מולר ביאנקו במתיקות מעודנת 2% 150 גר`,החב` המרכזית - טרה,,,יח`,1.50,"100 מ""ל",false,1,2.20,1.47,false,1,
7290102393039,false,מולר מיקס יוגורט קרמי,החב` המרכזית - טרה,,,יח`,1.70,100 גרם,false,1,6.20,3.65,false,1,
7290102393169,false,מולר סימפלי פרויט תות שדה,החב` המרכזית - טרה,,,יח`,1.50,100 גרם,false,1,5.30,3.53,true,1,
7290102393176,false,מולר סימפלי פרויט אפרסק,החב` המרכזית - טרה,,,יח`,1.50,100 גרם,false,1,5.30,3.53,true,1,
7290102393268,false,גבינה לבנה 5% 750  גר`פיקוח,החב` המרכזית - טרה,,,יח`,7.50,100 גרם,false,1,14.94,1.99,false,1,
7290102393848,false,יוגורט עיזים תות 150 צוריאל,החב` המרכזית - טרה,,,יח`,1.50,100 גרם,false,1,6.70,4.47,false,1,
7290102394081,false,מולר מיקס קרמי בתוספת קורנפלקס,החב` המרכזית - טרה,,,יח`,1.50,"100 מ""ל",false,1,6.20,4.13,false,1,
7290102394463,false,גבינה צהובה ואקום 28%,החב` המרכזית - טרה,,,יח`,5,100 גרם,false,1,29.40,5.88,false,1,
7290102394821,false,גבינה צהובה 200  גר`דק דק 28% אדם נעם,החב` המרכזית - טרה,,,יח`,2,100 גרם,false,1,17.40,8.70,false,1,
7290102394845,false,גבינה צהובה 200  גר`דק דק 9% נעם,החב` המרכזית - טרה,,,יח`,2,100 גרם,false,1,17.80,8.90,false,1,
7290102395217,false,מאגדת שמיניי ה במתיקות מעודנת 2%,החב` המרכזית - טרה,,,יח`,1,,false,1,19.20,19.20,false,1,
7290102395224,false,יוגורט ביו נטורל 1.7% מולר (150x8 גרם),החב` המרכזית - טרה,,,יח`,12,100 גרם,false,1,18.80,1.57,false,1,
7290102395231,false,יוגורט ביו נטורל 2.8% מולר (150x8 גרם),החב` המרכזית - טרה,,,יח`,1,,false,1,18.80,18.80,false,1,
7290102395262,false,מאגדת שמינייה מולר סיפלי תות,החב` המרכזית - טרה,,,יח`,1,,false,1,31.40,31.40,false,1,
7290102395439,false,מאגדת שמינייה מולר סיפלי פרוט,החב` המרכזית - טרה,,,יח`,1,,false,1,31.40,31.40,false,1,
7290102395446,false,מעדן בטעם וניל עם קצפת מוו (123 גרם),החב` המרכזית - טרה,,,יח`,1.23,100 גרם,false,1,3,2.44,false,1,
7290102395477,false,מעדן בטעם שוקולד קצפת מוו (123 גרם),החב` המרכזית - טרה,,,יח`,1.23,100 גרם,false,1,3,2.44,false,1,
7290102396443,false,מעדן בטעם וניל 1.5% שומן מוו (125 גרם),החב` המרכזית - טרה,,,יח`,1.25,100 גרם,false,1,2.90,2.32,true,1,
7290102396597,false,מעדן מוו וניל ומוס שוקולד,החב` המרכזית - טרה,,,יח`,1.23,100 גרם,false,1,3,2.44,false,1,
7290102396665,false,גבינה צהובה דקה דקה 15% נעם (200 גרם),החב` המרכזית - טרה,,,יח`,2,100 גרם,false,1,17.80,8.90,false,1,
7290102396672,false,גבינה צהובה נעם דק דק 9% פתח סגור 360 ג,החב` המרכזית - טרה,,,יח`,3.60,100 גרם,false,1,27.20,7.56,false,1,
7290102396740,false,מאגדת שמינייה מולר סיפלי 0%,החב` המרכזית - טרה,,,יח`,1,,false,1,31.40,31.40,false,1,
7290102397204,false,גבינה צהובה נעם דק דק פתח סגור 200 גר,החב` המרכזית - טרה,,,יח`,2,100 גרם,false,1,17.80,8.90,false,1,
7290102397310,false,מאגדת שמינייה מיני מוו שוקולד קצפת,החב` המרכזית - טרה,,,יח`,1,,false,1,13.20,13.20,false,1,
7290102397464,false,מולר  נטורל+פקאן גרעינים וחמוציות 150,החב` המרכזית - טרה,,,יח`,1.50,100 גרם,false,1,6.20,4.13,false,1,
7290102397600,false,מולר מיקס שקדים ובוטנים בקרמל 170 גרם,החב` המרכזית - טרה,,,יח`,1.70,100 גרם,false,1,6.20,3.65,false,1,
7290102397617,false,מולר מיקס קליק 170 גרם,החב` המרכזית - טרה,,,יח`,1.70,100 גרם,false,1,6.20,3.65,false,1,
7290102397730,false,גבינה צהובה אמנטל 30% נעם (200 גרם),החב` המרכזית - טרה,,,יח`,2,100 גרם,false,1,17.80,8.90,false,1,
7290102397747,false,מוצרלה נעם פתיחה חוזרת 200 גר`,החב` המרכזית - טרה,,,יח`,2,100 גרם,false,1,19.90,9.95,false,1,
7290102397891,false,גבינה מותכת 100 גר צוריאל,החב` המרכזית - טרה,,,יח`,1,100 גרם,false,1,7.90,7.90,false,1,
7290102398065,false,חלב קרטון 2 ליטר 3% מהדרין וסט,החב` המרכזית - טרה,,,יח`,2,1 ליטר,false,1,12.46,6.23,false,1,
7290102398553,false,משקה שוקו בקבוק 1.5 ליטר בבקבוק,החב` המרכזית - טרה,,,יח`,15,"100 מ""ל",false,1,16.70,1.11,false,1,
7290102398560,false,משקה שוקו מועשר בבקבוק 1 ליטר טרה,החב` המרכזית - טרה,,,יח`,1,1 ליטר,false,1,12.10,12.10,false,1,
7290102398577,false,שוקו מעושר בבקבוק 250 מל טרה,החב` המרכזית - טרה,,,יח`,2.50,"100 מ""ל",false,1,5.20,2.08,false,1,
7290102398614,false,משקה חלב בטעם בננה 1 ליטר טרה,החב` המרכזית - טרה,,,יח`,1,1 ליטר,false,1,12.10,12.10,false,1,
7290102398638,false,משקה חלב בטעם מוקה 1 ליטר טרה,החב` המרכזית - טרה,,,יח`,1,1 ליטר,false,1,12.10,12.10,false,1,
7290102398669,false,משקה חלב אייס קפוצינו 1 ליטר טרה,החב` המרכזית - טרה,,,יח`,1,1 ליטר,false,1,12.10,12.10,false,1,
7290102398782,false,משקה סויה קלאסי 1 ליטר משק צוריאל,החב` המרכזית - טרה,,,יח`,1,1 ליטר,false,1,9.90,9.90,false,1,
7290102398805,false,משקה סויה בטעם וניל 1 ליטר משק צוריאל,החב` המרכזית - טרה,,,יח`,1,1 ליטר,false,1,9.90,9.90,false,1,
7290102399772,false,ממרח חמאה מולר במליחות עדינה 250 גר`,החב` המרכזית - טרה,,,יח`,2.50,100 גרם,false,1,17.80,7.12,false,1,
7290102399789,false,ממרח חמאה מולר ללא מלח 250 גר`,החב` המרכזית - טרה,,,יח`,2.50,100 גרם,false,1,17.80,7.12,false,1,
7290102399796,false,יוגורט מולר אקטיב לבן חלבון 25 גר,החב` המרכזית - טרה,,,יח`,2,100 גרם,false,1,6.20,3.10,true,1,
7290102399802,false,יוגורט מולר אקטיב תות חלבון 20גר,החב` המרכזית - טרה,,,יח`,2,100 גרם,false,1,6.20,3.10,true,1,
7290102399819,false,יוגורט מולר אקטיב פירות יער חלבון 20גר,החב` המרכזית - טרה,,,יח`,2,100 גרם,false,1,6.20,3.10,true,1,
7290102399857,false,מולר אקטיב לייט יוגורט 20 גר חלבון ( 200,החב` המרכזית - טרה,,,יח`,1,100 גרם,false,1,5.80,5.80,true,1,
7290102840175,false,אינסטנט פודינג בטעם וניל מיה (85 גרם),מיה תעשיות מזון מ.ת.מ. בעמ,,,יח`,0.85,100 גרם,false,1,3.90,4.59,false,1,
7290103150952,false,מפות שולחן עבה במיוחד 135/300 לפיד (6),פאלאס תעשיות נטו (2014) בעמ,,,יח`,1,,false,1,11.90,11.90,true,1,
7290103151508,false,מיכל אחסון 1 ליטר לפיד (5),פאלאס תעשיות נטו (2014) בעמ,,,יח`,1,,false,1,9.90,9.90,true,1,
7290103152949,false,תבניות אלומניום גדול 105,פאלאס תעשיות נטו (2014) בעמ,,,יח`,1,,false,1,1.50,1.50,true,1,
7290103152956,false,פאלאס תבנית גדולה/רחבה/עמוקה/עגולה,פאלאס תעשיות נטו (2014) בעמ,,,יח`,1,,false,1,1.50,1.50,true,1,
7290103152970,false,תבניות אלומניום קטן 29,פאלאס תעשיות נטו (2014) בעמ,,,יח`,1,,false,1,0.90,0.90,true,1,
7290103400194,false,כרוב לבן 400 ג בדצ ירקות שטראוס טעם הטבע,שטראוס גרופ בעמ/מצונן,,,יח`,4,100 גרם,false,1,8.50,2.13,false,1,
7290103400255,false,סלט קולסלאו 400 ג בדצ ירקות שטראוס טעם ה,שטראוס גרופ בעמ/מצונן,,,יח`,4,100 גרם,false,1,8.50,2.13,false,1,
7290103401429,false,קפה PLATINUM ברזילאי 200 גר,שטראוס גרופ בעמ,,,יח`,2,100 גרם,false,1,24.90,12.45,true,1,
7290103404758,false,כרוב אדום במיונז אחלה (120 גרם),שטראוס גרופ בעמ/מצונן,,,יח`,1.20,100 גרם,false,1,5,4.17,false,1,
7290103408206,false,עלי חסה ערבית שטופים 250 גר טעם הטבע,שטראוס גרופ בעמ/מצונן,,,יח`,2.50,100 גרם,false,1,9.90,3.96,false,1,
7290103702212,false,טאצ ממחטות כיס,שניב תעשיות נייר בעמ,,,יח`,1,,false,1,6.90,6.90,false,1,
7290103704155,false,מגבות  טאצ`6,שניב תעשיות נייר בעמ,,,יח`,1,,false,1,10.90,10.90,false,1,
7290103704575,false,טואלט  טאצ`48 פרמיום,שניב תעשיות נייר בעמ,,,יח`,1,,false,1,37.90,37.90,false,1,
7290104061417,false,חומוס עם טחינה אחלה (400 גרם),שטראוס גרופ בעמ/מצונן,,,יח`,4,100 גרם,false,1,11.50,2.88,true,1,
7290104061424,false,חומוס וזעתר אחלה (400 גרם),שטראוס גרופ בעמ/מצונן,,,יח`,4,100 גרם,false,1,11.50,2.88,true,1,
7290104061431,false,חומוס עם צנובר אחלה (400 גרם),שטראוס גרופ בעמ/מצונן,,,יח`,4,100 גרם,false,1,11.50,2.88,true,1,
7290104061448,false,חומוס וחריף אחלה (400 גרם),שטראוס גרופ בעמ/מצונן,,,יח`,4,100 גרם,false,1,11.50,2.88,true,1,
7290104062599,false,מעדן בטעם תות בננה גמדים (100x8 גרם),שטראוס גרופ בעמ/מצונן,,,יח`,8,"100 מ""ל",false,1,18.80,2.35,false,1,
7290104065934,false,עלי רוקט שטראוס 150 גר`-טעם הטבע,שטראוס גרופ בעמ/מצונן,,,יח`,1.50,100 גרם,false,1,9.90,6.60,false,1,
7290104066566,false,טחינה משומשום מלא אחלה (500 גרם),שטראוס גרופ בעמ/מצונן,,,יח`,5,100 גרם,false,1,14.90,2.98,true,1,
7290104067693,false,חומוס אחלה עם תוספת חריף 150 גר,שטראוס גרופ בעמ/מצונן,,,יח`,1.50,100 גרם,false,1,5.90,3.93,false,1,
7290104500572,false,אפרופו 50 גר` איטליאנו,קבוצת אסם סחר שות. מוגבלת,,,יח`,0.50,100 גרם,false,1,5,10,true,1,
7290104501661,false,פודינג בטעם וניל צרפתי 80  גר`אסם,קבוצת אסם סחר שות. מוגבלת,,,יח`,0.80,100 גרם,false,1,5.90,7.38,false,1,
7290104504228,false,דובונים חטיף תפוחי אדמה אסם (20x5 גרם),קבוצת אסם סחר שות. מוגבלת,,,יח`,1,100 גרם,false,1,13.90,13.90,true,1,
7290104508943,false,במבה אסם (200 גרם),קבוצת אסם סחר שות. מוגבלת,,,יח`,2,100 גרם,false,1,9.90,4.95,true,1,
7290104721762,false,קפה טורקי עלית (85x3 גרם),שטראוס גרופ בעמ,,,יח`,2.55,100 גרם,false,1,19.90,7.80,false,1,
7290104722530,false,תפוצ`יפס 200  גר`שמנת בצל,שטראוס פריטו ליי בעמ,,,יח`,2,100 גרם,false,1,10.90,5.45,true,1,
7290104728310,false,שמנת עמידה לקצפת 38% שומן 250 מל,שטראוס גרופ בעמ/מצונן,,,יח`,2.50,"100 מ""ל",false,1,6.47,2.59,false,1,
7290104729003,false,שמן זית כתית מעולה יד מרדכי (750 מל),שטראוס גרופ בעמ,,,יח`,7.50,"100 מ""ל",false,1,33.90,4.52,true,1,
7290104851230,false,צלחת מרק זהב 25 יח פאלאס,פאלאס תעשיות נטו (2014) בעמ,,,יח`,1,,false,1,11.90,11.90,true,1,
7290104851339,false,צלחת קטנה קרם 25 יח פאלאס,פאלאס תעשיות נטו (2014) בעמ,,,יח`,1,,false,1,9.90,9.90,true,1,
7290104851346,false,צלחת קטנה זהב 25 יח פאלאס,פאלאס תעשיות נטו (2014) בעמ,,,יח`,1,,false,1,10.90,10.90,true,1,
7290104851629,false,צלחת לפתן זהב 25 יח פאלאס,פאלאס תעשיות נטו (2014) בעמ,,,יח`,1,,false,1,7.90,7.90,true,1,
7290104856518,false,מפיות לבן 150  יח`לפיד,פאלאס תעשיות נטו (2014) בעמ,,,יח`,1,,false,1,4.90,4.90,false,1,
7290104856914,false,מפות  אלבד+ דוגמא 2יח 2.70*1.20,פאלאס תעשיות נטו (2014) בעמ,,,יח`,1,,false,1,11.90,11.90,false,1,
7290104858789,false,כוסיות  יין- 50 יח פאלאס,פאלאס תעשיות נטו (2014) בעמ,,,יח`,1,,false,1,12.90,12.90,false,1,
7290104859779,false,כוסות שתיה קרה 330 מל 40 יח,פאלאס תעשיות נטו (2014) בעמ,,,יח`,1,,false,1,10.90,10.90,true,1,
7290104960239,false,תחליב רחצה בניחוח קמומיל נקה  (7507 מל),החברה הדרומית לשיווק בעמ,,,יח`,7.50,"100 מ""ל",false,1,10.90,1.45,true,1,
7290104960246,false,תחליב רחצה נקה 7 ורוד ורד,החברה הדרומית לשיווק בעמ,,,יח`,7.50,"100 מ""ל",false,1,10.90,1.45,true,1,
7290104960338,false,תחליב רחצהנקה 7 ירוק אלוורה,החברה הדרומית לשיווק בעמ,,,יח`,7.50,"100 מ""ל",false,1,10.90,1.45,true,1,
7290104961533,false,טיטניום ספרי גוף בלק 150 מל,החברה הדרומית לשיווק בעמ,,,יח`,1.50,"100 מ""ל",false,1,9.90,6.60,true,1,
7290104961878,false,שמפו קרטין טהור נטורל פורמולה (400 מל),החברה הדרומית לשיווק בעמ,,,יח`,4,"100 מ""ל",false,1,29.90,7.48,false,1,
7290105100108,false,מטריה 28 ארוכה,טומי - קונסיגנציה,,,יח`,1,,false,1,19.90,19.90,false,1,
7290105100160,false,מטריות ילדים שקוף,טומי - קונסיגנציה,,,יח`,1,,false,1,19.90,19.90,false,1,
7290105108876,false,כובע קיץ,טומי - קונסיגנציה,,,יח`,1,,false,1,19.90,19.90,false,1,
7290105360250,false,קפסולות קפה עלית עשיר וארומטי)(10,שטראוס גרופ בעמ,,,יח`,1,,false,1,16.90,16.90,true,1,
7290105360328,false,קפסולות 10 חזק ועוצמתי עלית) (10,שטראוס גרופ בעמ,,,יח`,0.50,100 גרם,false,1,16.90,33.80,true,1,
7290105360335,false,קפסולות 7 עדין וקטיפתי עלית) (10,שטראוס גרופ בעמ,,,יח`,0.50,100 גרם,false,1,16.90,33.80,true,1,
7290105362339,false,שמנת לבישול 15% יטבתה (250 מל),שטראוס גרופ בעמ/מצונן,,,יח`,2.50,"100 מ""ל",false,1,8.40,3.36,true,1,
7290105363602,false,מקלות כיף כף קלאסי עלית (40 גרם),שטראוס גרופ בעמ,,,יח`,0.40,100 גרם,false,1,5,12.50,true,1,
7290105364302,false,מקלות כיף כף אגוזים עלית (42 גרם),שטראוס גרופ בעמ,,,יח`,0.42,100 גרם,false,1,5,11.90,true,1,
7290105366023,false,חצילים בטעם כבד אחלה (400 גרם),שטראוס גרופ בעמ/מצונן,,,יח`,4,100 גרם,false,1,15.50,3.88,true,1,
7290105366047,false,טחינה לבנה אחלה (400 גרם),שטראוס גרופ בעמ/מצונן,,,יח`,4,100 גרם,false,1,15.50,3.88,true,1,
7290105366993,false,סימפוניה 200 גר פלפל שיפקה חריף,שטראוס גרופ בעמ/מצונן,,,יח`,2,100 גרם,false,1,11.40,5.70,true,1,
7290105368331,false,מילקי תות פיקוח,שטראוס גרופ בעמ/מצונן,,,יח`,1.30,"100 מ""ל",false,1,2.80,2.15,false,1,
7290105368904,false,שמנת עמידה לקצפת 32% שומן,שטראוס גרופ בעמ/מצונן,,,יח`,2.50,"100 מ""ל",false,1,7.40,2.96,false,1,
7290105368928,false,שמנת חמוצה 9% יטבתה (200 מל),שטראוס גרופ בעמ/מצונן,,,יח`,2,"100 מ""ל",false,1,3.10,1.55,false,1,
7290105438539,false,נייר אפיה קוקי) (40,ש.שסטוביץ בעמ,,,יח`,1,,false,1,9.90,9.90,true,1,
7290105439499,false,מיונז הולנדי מאסטר שף (483 גר`),ש.שסטוביץ בעמ,,,יח`,4.83,100 גרם,false,1,11.90,2.46,false,1,
7290105439505,false,מיונז לייט 479 גר מנה מאסטר שף,ש.שסטוביץ בעמ,,,יח`,4.79,100 גרם,false,1,11.90,2.48,false,1,
7290105691224,false,חטיף טורטיה שום ובצל אסם (60 גרם),קבוצת אסם סחר שות. מוגבלת,,,יח`,0.60,100 גרם,false,1,7.90,13.17,true,1,
7290105691248,false,חטיף טורטיה תירס אסם (60 גרם),קבוצת אסם סחר שות. מוגבלת,,,יח`,0.60,100 גרם,false,1,7.90,13.17,true,1,
7290105691934,false,קמח שמרים אסם (1 קג),קבוצת אסם סחר שות. מוגבלת,,,יח`,1,"ק""ג",false,1,10.90,10.90,false,1,
7290105693341,false,במבה אסם (25x10 גרם),קבוצת אסם סחר שות. מוגבלת,,,יח`,2.50,100 גרם,false,1,16.90,6.76,true,1,
7290105694614,false,ספגטי מהיר הכנה אסם (500 גרם),קבוצת אסם סחר שות. מוגבלת,,,יח`,5,100 גרם,false,1,5.90,1.18,true,1,
7290105694928,false,מרק בצל רכיבים טבעיים אסם (220 גרם),קבוצת אסם סחר שות. מוגבלת,,,יח`,2.20,100 גרם,false,1,15.90,7.23,false,1,
7290105695024,false,פתיתים אפויים 500 גר` אורז עם אטריות אסם,קבוצת אסם סחר שות. מוגבלת,,,יח`,1,,false,1,6.90,6.90,true,1,
7290105695321,false,עוגת בראוניז פאדג`,קבוצת אסם סחר שות. מוגבלת,,,יח`,4,100 גרם,false,1,18.90,4.73,false,1,
7290105695536,false,אבקת מרק ירקות שורש 220 גר,קבוצת אסם סחר שות. מוגבלת,,,יח`,2.20,100 גרם,false,1,17.90,8.14,false,1,
7290105963864,false,חזרת 220  גר`שטראוס,שטראוס גרופ בעמ/מצונן,,,יח`,2.20,100 גרם,false,1,12.50,5.68,false,1,
7290105964564,false,חומוס אחלה (400 גרם),שטראוס גרופ בעמ/מצונן,,,יח`,4,100 גרם,false,1,8.90,2.23,false,1,
7290105965738,false,דנונה לשתיה תות בננה,שטראוס גרופ בעמ/מצונן,,,יח`,2.63,"100 מ""ל",false,1,4.90,1.86,false,1,
7290105966469,false,חומץ בלסמי ממודנה יד מרדכי (250 מל),שטראוס גרופ בעמ,,,יח`,2.50,100 גרם,false,1,13.90,5.56,false,1,
7290105968098,false,סלט קולסלאו אחלה (500 גרם),שטראוס גרופ בעמ/מצונן,,,יח`,5,100 גרם,false,1,15.40,3.08,true,1,
7290105968654,false,רביולי עם בטטה פרווה שטראוס (400 גרם),שטראוס גרופ בעמ/מצונן,,,יח`,4,100 גרם,false,1,20.90,5.23,true,1,
7290105968777,false,אנרג`י פריכיות תחתית שוקולד מריר,שטראוס גרופ בעמ,,,יח`,0.80,100 גרם,false,1,8.90,11.13,false,1,
7290106520066,false,רבע לשבע - רגיל,שטראוס גרופ בעמ,,,יח`,1.60,100 גרם,false,1,12.90,8.06,true,1,
7290106520288,false,דנונה WOW תות 150 גר`,שטראוס גרופ בעמ/מצונן,,,יח`,1.50,100 גרם,false,1,4.60,3.07,true,1,
7290106520905,false,סלט טורקי אחלה (400 גרם),שטראוס גרופ בעמ/מצונן,,,יח`,4,100 גרם,false,1,16.50,4.13,true,1,
7290106520912,false,שמנת לבישול 9% יטבתה (250 מל),שטראוס גרופ בעמ/מצונן,,,יח`,2.58,"100 מ""ל",false,1,8.40,3.26,true,1,
7290106524439,false,חטיף פופס תפוצ`יפס (60 גרם),שטראוס פריטו ליי בעמ,,,יח`,0.60,100 גרם,false,1,3.90,6.50,false,1,
7290106525368,false,רבע לשבע שחור לבן 160 גר`,שטראוס גרופ בעמ,,,יח`,1.25,100 גרם,false,1,12.90,10.32,true,1,
7290106525399,false,קפסולות קפה עליתברזיל)(10,שטראוס גרופ בעמ,,,יח`,0.50,100 גרם,false,1,16.90,33.80,true,1,
7290106526822,false,אנרג`י פריכיות תחתית שוקולד,שטראוס גרופ בעמ,,,יח`,0.70,100 גרם,false,1,8.90,12.71,false,1,
7290106528628,false,חטיף תירס בטעם טבעי דוריטוס (185 גרם),שטראוס פריטו ליי בעמ,,,יח`,1.85,100 גרם,false,1,7.50,4.05,false,1,
7290106528949,false,סלט ערוגות שטראוס 450 גר`-טעם הטבע,שטראוס גרופ בעמ/מצונן,,,יח`,4.50,100 גרם,false,1,11.50,2.56,false,1,
7290106572027,false,קרקר לחמית חמישה דגנים אסם (190 גרם),קבוצת אסם סחר שות. מוגבלת,,,יח`,1.90,100 גרם,false,1,8.90,4.68,true,1,
7290106572065,false,חטיפי טורטיה בטעם חמוץ מתוק אסם (60 גרם),קבוצת אסם סחר שות. מוגבלת,,,יח`,0.60,100 גרם,false,1,7.90,13.17,true,1,
7290106573277,false,קריספי טאפאס זיתים,קבוצת אסם סחר שות. מוגבלת,,,יח`,1.50,100 גרם,false,1,11.90,7.93,false,1,
7290106573598,false,חומוס לבנוני צבר (400 גרם),קבוצת אסם סחר שות. מוגבלת,,,יח`,4,100 גרם,false,1,12,3,false,1,
7290106574793,false,עוגת הבית שוקוצ`יפס אסם (350 גרם),קבוצת אסם סחר שות. מוגבלת,,,יח`,3.50,100 גרם,false,1,11.90,3.40,false,1,
7290106574953,false,בייגלה שטוחים עם שומשום,קבוצת אסם סחר שות. מוגבלת,,,יח`,3,100 גרם,false,1,9.90,3.30,true,1,
7290106574977,false,בייגלה שטוחים טבעות עם מלח אסם (300 גרם),קבוצת אסם סחר שות. מוגבלת,,,יח`,3,100 גרם,false,1,9.90,3.30,true,1,
7290106575257,false,עוגת הבית סופלה טעם שוקולד,קבוצת אסם סחר שות. מוגבלת,,,יח`,3.40,100 גרם,false,1,11.90,3.50,false,1,
7290106575431,false,עוגת הבית סופלה טעם שוקו וניל,קבוצת אסם סחר שות. מוגבלת,,,יח`,3.40,100 גרם,false,1,11.90,3.50,false,1,
7290106576513,false,חומוס צבר (400 גרם),קבוצת אסם סחר שות. מוגבלת,,,יח`,5,100 גרם,false,1,11.90,2.38,false,1,
7290106576537,false,חומוס מסעדה צבר (700 גרם),קבוצת אסם סחר שות. מוגבלת,,,יח`,7,100 גרם,false,1,10.90,1.56,false,1,
7290106577282,false,טחינה אמיתית צבר (400 גרם),קבוצת אסם סחר שות. מוגבלת,,,יח`,4,100 גרם,false,1,11.90,2.98,false,1,
7290106577527,false,צבר מרובע קולסלו 400 גר`,קבוצת אסם סחר שות. מוגבלת,,,יח`,4,100 גרם,false,1,11.90,2.98,false,1,
7290106577541,false,סלט כרוב אדום צבר (400 גרם),קבוצת אסם סחר שות. מוגבלת,,,יח`,4,100 גרם,false,1,10.90,2.73,false,1,
7290106578692,false,במבה ביסלי מיקס 80 גר`,קבוצת אסם סחר שות. מוגבלת,,,יח`,0.80,100 גרם,false,1,4.30,5.38,true,1,
7290106578821,false,עוגת הבית שמרים שוקולד קלאסית,קבוצת אסם סחר שות. מוגבלת,,,יח`,3.50,100 גרם,false,1,17.90,5.11,true,1,
7290106654099,false,מארז מילקי CAKE שמיניה,שטראוס גרופ בעמ/מצונן,,,יח`,2.72,100 גרם,false,1,19.90,7.32,false,1,
7290106656734,false,חיוכים וניל600 גר בדצ,שטראוס גרופ בעמ,,,יח`,6,100 גרם,false,1,17.90,2.98,false,1,
7290106662025,false,תפוציפס טבעי מלח  פלפל( 50 גר`),שטראוס פריטו ליי בעמ,,,יח`,0.50,100 גרם,false,1,3.90,7.80,false,1,
7290106663091,false,לאבנה 9% שטראוס (500 גרם),שטראוס גרופ בעמ/מצונן,,,יח`,5,100 גרם,false,1,17.90,3.58,false,1,
7290106663558,false,רוטב טריאקי יד מרדכי (320 גר` ),שטראוס גרופ בעמ,,,יח`,3.20,100 גרם,false,1,13.90,4.34,true,1,
7290106664067,false,לאבנה שמן זית וזעתר %10שומן,שטראוס גרופ בעמ/מצונן,,,יח`,4,100 גרם,false,1,14.90,3.73,false,1,
7290106664562,false,רוטב שמנת עם פטריות 9% יטבתה (250 מל),שטראוס גרופ בעמ/מצונן,,,יח`,2.50,"100 מ""ל",false,1,9.90,3.96,true,1,
7290106666788,false,סוכ`נוסטלגיה דבש ממולאות,שטראוס גרופ בעמ,,,יח`,0.80,100 גרם,false,1,5.90,7.38,false,1,
7290106667266,false,חטיף תירס חמוץ חריף דוריטוס (185 גרם),שטראוס פריטו ליי בעמ,,,יח`,1.85,100 גרם,false,1,7.50,4.05,false,1,
7290106668577,false,יד מרדכי מיץ לימון 250 מל,שטראוס גרופ בעמ,,,יח`,2.50,"100 מ""ל",false,1,7.90,3.16,true,1,
7290106668713,false,יוגורט 3% פירות יער דנונה (150 גרם),שטראוס גרופ בעמ/מצונן,,,יח`,1.50,100 גרם,false,1,3.90,2.60,false,1,
7290106669857,false,קפסולות קפה עלית בטעם וניל 50 גר,שטראוס גרופ בעמ,,,יח`,0.50,100 גרם,false,1,16.90,33.80,true,1,
7290106720626,false,חטיף תירס בטעם גבינה צ`יטוס (80 גרם),שטראוס פריטו ליי בעמ,,,יח`,0.80,100 גרם,false,1,4.50,5.63,false,1,
7290106721913,false,מאסט ללא סוכר צנצנת,שטראוס גרופ בעמ,,,יח`,0.66,100 גרם,false,1,9.90,15,true,1,
7290106723689,false,עלי תרד בייבי 200 גר`שטראוס טעם הטבע,שטראוס גרופ בעמ/מצונן,,,יח`,2,100 גרם,false,1,10.90,5.45,false,1,
7290106725867,false,סירופ מייפל טהור ללס יד מרדכי 189 גר,שטראוס גרופ בעמ,,,יח`,1.89,"100 מ""ל",false,1,29.90,15.82,false,1,
7290106726178,false,דנונה WOW פירות יער 150 גר`,שטראוס גרופ בעמ/מצונן,,,יח`,1.50,100 גרם,false,1,4.60,3.07,true,1,
7290106727984,false,כיף כף פצפצים עלית (135 גרם),שטראוס גרופ בעמ,,,יח`,1.35,100 גרם,false,1,9.90,7.33,false,1,
7290106729650,false,יוגורט תות 3% דנונה (150x8 גרם),שטראוס גרופ בעמ/מצונן,,,יח`,12,100 גרם,false,1,24.90,2.08,false,1,
7290107280013,false,מגבוני בד לחים ליטופים) (72x5,החברה הדרומית לשיווק בעמ,,,יח`,1,,false,1,19.90,19.90,true,1,
7290107280037,false,מטליות לחות לניקוי כללי סושי סנו) (50,החברה הדרומית לשיווק בעמ,,,יח`,1,,false,1,10.90,10.90,true,1,
7290107280075,false,סנו סושי-תבניות  אלומניום L,החברה הדרומית לשיווק בעמ,,,יח`,1,,false,1,9.90,9.90,true,1,
7290107280082,false,סנו סושי-תבניות  אלומניום אנגליש קייק,החברה הדרומית לשיווק בעמ,,,יח`,1,,false,1,9.90,9.90,true,1,
7290107280129,false,שקיות אשפה חזקות 90x78 סנו סושי) (20,החברה הדרומית לשיווק בעמ,,,יח`,1,,false,1,23.90,23.90,false,1,
7290107280563,false,ג`ל בייבי סנו אוקסיג`ן (3 ליטר),החברה הדרומית לשיווק בעמ,,,יח`,3,1 ליטר,false,1,29.90,9.97,true,1,
7290107280570,false,מקסימה ג`ל כביסהבלי להפריד,החברה הדרומית לשיווק בעמ,,,יח`,3,1 ליטר,false,1,29.60,9.87,true,1,
7290107280600,false,ספארק טבליות למדיח סנו) (100,החברה הדרומית לשיווק בעמ,,,יח`,1,,false,1,49.90,49.90,false,1,
7290107280709,false,ספארק נוזל הברקה למדיח סנו (700 מל),החברה הדרומית לשיווק בעמ,,,יח`,9,"100 מ""ל",false,1,14.90,1.66,true,1,
7290107280723,false,נוזל לניקוי כלים לימון 700 מל,החברה הדרומית לשיווק בעמ,,,יח`,7,"100 מ""ל",false,1,7.90,1.13,false,1,
7290107280747,false,נוזל לניקוי כלים קלאסי 700 מל,החברה הדרומית לשיווק בעמ,,,יח`,7,"100 מ""ל",false,1,7.90,1.13,false,1,
7290107280754,false,נוזל לניקוי כלים היפואלרגני,החברה הדרומית לשיווק בעמ,,,יח`,7,"100 מ""ל",false,1,7.90,1.13,false,1,
7290107280761,false,נוזל לניקוי כלים בניחוח לימון 1ליטר,החברה הדרומית לשיווק בעמ,,,יח`,1,1 ליטר,false,1,10.90,10.90,false,1,
7290107341356,false,כבל אייפון IMX,קונסיגנציה-איי.איקס.אם ישראל ב,,,יח`,1,,false,1,18.90,18.90,false,1,
7290107341370,false,כבל טייפסי imx,קונסיגנציה-איי.איקס.אם ישראל ב,,,יח`,1,,false,1,18.90,18.90,false,1,
7290107341394,false,אוזניות לבן imx,קונסיגנציה-איי.איקס.אם ישראל ב,,,יח`,1,,false,1,28.90,28.90,false,1,
7290107645584,false,מרק עוף רכיבים טבעיים 400  גר`קנור,יוניליוור ישראל שיווק בעמ,,,יח`,4,100 גרם,false,1,27.90,6.98,true,1,
7290107646062,false,מרק בצל רכיבים טבעיים 400  גר`קנור,יוניליוור ישראל שיווק בעמ,,,יח`,4,100 גרם,false,1,27.90,6.98,true,1,
7290107646154,false,מאגדת חטיפי ילדים קוקומן פצפוצים שישייה,יוניליוור ישראל שיווק בעמ,,,יח`,1.26,100 גרם,false,1,14.90,11.83,true,1,
7290107646826,false,מאגדת חטיפי ילדים שוגי שוקו שישייה,יוניליוור ישראל שיווק בעמ,,,יח`,1.56,100 גרם,false,1,14.90,9.55,true,1,
7290107646963,false,ממרח ספייסי מיו 250  גר`תלמה.,יוניליוור ישראל שיווק בעמ,,,יח`,2.50,100 גרם,false,1,7.50,3,true,1,
7290107647359,false,שלישיית סבון אסלה ל5 פעולות בניחוח אוקיי,יוניליוור ישראל שיווק בעמ,,,יח`,0,100 גרם,false,1,14.90,14.90,true,1,
7290107647366,false,שלישיית סבון אסלה ל5 פעולות בניחוח ים ד,יוניליוור ישראל שיווק בעמ,,,יח`,0,100 גרם,false,1,14.90,14.90,true,1,
7290107647656,false,מאגדת מיני סולרו קוקוס אננס,גלידות שטראוס בעמ,,,יח`,4.80,100 גרם,false,1,21.90,4.56,false,1,
7290107647816,false,ברנפלקס ללתס 500  גר`בדצ,יוניליוור ישראל שיווק בעמ,,,יח`,5,100 גרם,false,1,22.90,4.58,true,1,
7290107647854,false,שוגי 500 גר`,יוניליוור ישראל שיווק בעמ,,,יח`,5,100 גרם,false,1,18.90,3.78,true,1,
7290107649858,false,טילון מגנום לבן,גלידות שטראוס בעמ,,,יח`,1,,false,1,9.90,9.90,true,1,
7290107742849,false,שישיית קולבים פלסטיק,ש.עג`מי חשמל פלוס בעמ,,,יח`,1,,false,1,9.90,9.90,false,1,
7290107871297,false,פריכונים מיני עשבי תיבול אסם (25 גרם),קבוצת אסם סחר שות. מוגבלת,,,יח`,1,,false,1,3.90,3.90,false,1,
7290107871990,false,פסטה צינורות מהדרין אסם (500 גרם),קבוצת אסם סחר שות. מוגבלת,,,יח`,5,100 גרם,false,1,5.90,1.18,true,1,
7290107874427,false,מיני פריכונים בטעם זעתר אסם (25 גרם),קבוצת אסם סחר שות. מוגבלת,,,יח`,1,,false,1,3.90,3.90,false,1,
7290107874441,false,פריכונים מיני בצל מקורמל אסם (25 גרם),קבוצת אסם סחר שות. מוגבלת,,,יח`,1,,false,1,3.90,3.90,false,1,
7290107874502,false,ביסלי חטיף בטעם גריל אסם (55x4 גרם),קבוצת אסם סחר שות. מוגבלת,,,יח`,2.20,100 גרם,false,1,12.90,5.86,true,1,
7290107875004,false,פופקו חמאה ודבש מארז 12 יח,קבוצת אסם סחר שות. מוגבלת,,,יח`,1,,false,1,19.90,19.90,true,1,
7290107875271,false,ביסלי ברביקיו מארז 4יח*55גרם,קבוצת אסם סחר שות. מוגבלת,,,יח`,2.20,100 גרם,false,1,12.90,5.86,true,1,
7290107877619,false,במבה במילוי נוגט אסם (30x5 גרם),קבוצת אסם סחר שות. מוגבלת,,,יח`,1.50,100 גרם,false,1,14.90,9.93,true,1,
7290107879521,false,מאגדת לה פרוטה תות,נגה גלידות שותפות מוגבלת,,,יח`,3.50,100 גרם,false,1,25.90,7.40,false,1,
7290107879569,false,מאגדת לה פרוטה מנגו,נגה גלידות שותפות מוגבלת,,,יח`,3.50,100 גרם,false,1,25.90,7.40,false,1,
7290107930321,false,קונפיטורת דובדבן יד מרדכי (340 גרם),שטראוס גרופ בעמ,,,יח`,3.40,100 גרם,false,1,11.90,3.50,false,1,
7290107931397,false,כיף כף פצפצים עלית (40 גרם),שטראוס גרופ בעמ,,,יח`,0.40,100 גרם,false,1,4.90,12.25,true,1,
7290107932080,false,חלב 3% מועשר בבקבוק יטבתה (1 ליטר),שטראוס גרופ בעמ/מצונן,,,יח`,10,"100 מ""ל",false,1,7.60,0.76,false,1,
7290107932134,false,חלב מועשר 1% בבקבוק יטבתה (1 ליטר),שטראוס גרופ בעמ/מצונן,,,יח`,10,"100 מ""ל",false,1,7.60,0.76,false,1,
7290107933155,false,לקט סלנובה 200 גר ירקות שטראוס טעם הטבע,שטראוס גרופ בעמ/מצונן,,,יח`,2,100 גרם,false,1,12.90,6.45,false,1,
7290107933193,false,סלק בוואקום מבושל שטראוס (500 גרם),שטראוס גרופ בעמ/מצונן,,,יח`,5,100 גרם,false,1,7.90,1.58,false,1,
7290107936309,false,דנונה יווני לבן 7%,שטראוס גרופ בעמ/מצונן,,,יח`,1.30,100 גרם,false,1,3.50,2.69,false,1,
7290107937542,false,משקה אקטייביה תות 1.2%,שטראוס גרופ בעמ/מצונן,,,יח`,2.50,"100 מ""ל",false,1,4.90,1.96,false,1,
7290107937627,false,צנצנת קוביות ספירמינט גומי לעיסה 58גר,שטראוס גרופ בעמ,,,יח`,0.58,100 גרם,false,1,9.90,17.07,true,1,
7290107937856,false,קפסולות קפה עלית 100% גואטמלה) (10,שטראוס גרופ בעמ,,,יח`,0.50,100 גרם,false,1,16.90,33.80,true,1,
7290107938396,false,אקטימל תות שמינייה בנים,שטראוס גרופ בעמ/מצונן,,,יח`,8.64,100 גרם,false,1,19.90,2.30,false,1,
7290107939027,false,גזר דק דק 250 גר שטראוס ירקות טעם הטבע,שטראוס גרופ בעמ/מצונן,,,יח`,2.50,100 גרם,false,1,7.90,3.16,false,1,
7290107940467,false,אקטיביה יוגורט קרמי 1.5% דנונה (200 גרם),שטראוס גרופ בעמ/מצונן,,,יח`,2,100 גרם,false,1,3.90,1.95,false,1,
7290107941259,false,עדשים ירוקות מבושלות 475 גר ירקות שטראוס,שטראוס גרופ בעמ/מצונן,,,יח`,4.75,100 גרם,false,1,11.90,2.51,false,1,
7290107941273,false,טעם הטבע חומוס מבושל שטראוס (475 גרם),שטראוס גרופ בעמ/מצונן,,,יח`,4.75,100 גרם,false,1,11.90,2.51,false,1,
7290107942355,false,תפוצ`יפס מקלות בטעם טבעי 60 גרם,שטראוס פריטו ליי בעמ,,,יח`,0.60,100 גרם,false,1,3.90,6.50,false,1,
7290107943192,false,שמנת חמוצה מהערבה 27% שומן יטבתה,שטראוס גרופ בעמ/מצונן,,,יח`,2,"100 מ""ל",false,1,3.90,1.95,false,1,
7290107943369,false,קוואקר שיבולת שועל ללא גולטן 511 גר`,שטראוס פריטו ליי בעמ,,,יח`,5.11,100 גרם,false,1,19.90,3.89,false,1,
7290107944472,false,סימפוניה 200 גר שום שמיר 5%,שטראוס גרופ בעמ/מצונן,,,יח`,2,100 גרם,false,1,11.40,5.70,true,1,
7290107945165,false,קונפיטורת משמש 340 גר,שטראוס גרופ בעמ,,,יח`,3.40,100 גרם,false,1,11.90,3.50,false,1,
7290107950190,false,מעדן שטראוס דיאט שוקולד מריר,שטראוס גרופ בעמ/מצונן,,,יח`,1.30,100 גרם,false,1,3.20,2.46,false,1,
7290107950206,false,מעדן שטראוס דיאט שוקולד 0%,שטראוס גרופ בעמ/מצונן,,,יח`,1.30,100 גרם,false,1,3.20,2.46,false,1,
7290107954709,false,קונפיטורת פירות יער 340 גר יד מרדכי,שטראוס גרופ בעמ,,,יח`,3.40,100 גרם,false,1,11.90,3.50,false,1,
7290107954976,false,משקה יטבתה פרו קפה 350 מל,שטראוס גרופ בעמ/מצונן,,,יח`,3.50,"100 מ""ל",false,1,6.50,1.86,false,1,
7290107956642,false,תרסיס שמן זית 150 מל יד מרדכי,שטראוס גרופ בעמ,,,יח`,1.50,"100 מ""ל",false,1,17.90,11.93,false,1,
7290107956925,false,קפסולות קפה עלית אוגנדה 13 למכונות נספרו,שטראוס גרופ בעמ,,,יח`,0.50,100 גרם,false,1,16.90,33.80,true,1,
7290107956932,false,קפסולות קפה עלית אידונזיה  מס`12,שטראוס גרופ בעמ,,,יח`,0.50,100 גרם,false,1,16.90,33.80,true,1,
7290107957991,false,מילקי מיניייס cake,שטראוס גרופ בעמ/מצונן,,,יח`,1.44,100 גרם,false,1,13.90,9.65,false,1,
7290107958035,false,מארז 8 דנונה מתיקות מעודנת ללא סוכר וממת,שטראוס גרופ בעמ/מצונן,,,יח`,1.20,1 ליטר,false,1,18.50,15.42,false,1,
7290107973861,false,מארז עגבניות קצוצות דק שלישייה מנה מאסט,ש.שסטוביץ בעמ,,,יח`,12,100 גרם,false,1,15.90,1.33,false,1,
7290107974073,false,עלי טורטיה קמח לבן 320 גר` מנה מאסטר שף,ש.שסטוביץ בעמ,,,יח`,3.20,100 גרם,false,1,9.90,3.09,true,1,
7290107974080,false,עלי טורטיה קמח לבן 744  גר`מנה מאסטר שף,ש.שסטוביץ בעמ,,,יח`,7.44,100 גרם,false,1,15.90,2.14,false,1,
7290107974301,false,ליידי ספיד סטיק אלוורה ג`ל 65,ש.שסטוביץ בעמ,,,יח`,0.65,"100 מ""ל",false,1,16.90,26,false,1,
7290107974837,false,ממרח מתובל שום 253 גר מנה מאסטר שף,ש.שסטוביץ בעמ,,,יח`,2.53,100 גרם,false,1,7.90,3.12,true,1,
7290107975360,false,ליידי ספיד סטיק פיור פרש ג`ל 24/7,ש.שסטוביץ בעמ,,,יח`,0.65,"100 מ""ל",false,1,17.90,27.54,false,1,
7290107978323,false,מאסטר שף איטריות דקיקות 400 גר,ש.שסטוביץ בעמ,,,יח`,4,100 גרם,false,1,5.90,1.48,true,1,
7290107978330,false,מאסטר שף איטריות דקות 400 גר,ש.שסטוביץ בעמ,,,יח`,4,100 גרם,false,1,5.90,1.48,true,1,
7290107978637,false,מרידול משחת שיניים 75מל,ש.שסטוביץ בעמ,,,יח`,0.75,100 גרם,false,1,19.90,26.53,true,1,
7290108350128,false,סושי-שקיות אשפה חזקות במיוחד,החברה הדרומית לשיווק בעמ,,,יח`,1,,false,1,23.90,23.90,false,1,
7290108350142,false,סושי-שקיות רב שימושיותXXL,החברה הדרומית לשיווק בעמ,,,יח`,1,,false,1,11.90,11.90,false,1,
7290108350586,false,ספארק 1.5 ליטר נוזל כלים,החברה הדרומית לשיווק בעמ,,,יח`,1.50,1 ליטר,false,1,14.90,9.93,true,1,
7290108350616,false,סנו מקסימה מרכך 1 ליטר blue blossom,החברה הדרומית לשיווק בעמ,,,יח`,1,1 ליטר,false,1,17.90,17.90,true,1,
7290108350623,false,מקסימה מרכך כביסה סופט סילק סנו (1 ליטר),החברה הדרומית לשיווק בעמ,,,יח`,1,1 ליטר,false,1,17.90,17.90,true,1,
7290108351149,false,סנו ג`ט פלוס לניקוי כללי ורצפות בתוספת,החברה הדרומית לשיווק בעמ,,,יח`,1.50,1 ליטר,false,1,12.90,8.60,true,1,
7290108351156,false,סנו ג`ט לניקוי כללי ורצפות בתוספת חומץ 1,החברה הדרומית לשיווק בעמ,,,יח`,1.50,1 ליטר,false,1,12.90,8.60,true,1,
7290108351514,false,מרכך כביסה מקסימה 4 ליטר Blue Dlosson,החברה הדרומית לשיווק בעמ,,,יח`,40,"100 מ""ל",false,1,19.90,0.50,false,1,
7290108351552,false,ג`ט פלוס לניקוי כללי+חומץ 750 ל סנו,החברה הדרומית לשיווק בעמ,,,יח`,7.50,"100 מ""ל",false,1,13.90,1.85,true,1,
7290108351569,false,סנו מקסימה למייבש 750 מלבייבי,החברה הדרומית לשיווק בעמ,,,יח`,7.50,"100 מ""ל",false,1,17.90,2.39,true,1,
7290108351583,false,ג`ט פלוס לניקוי אסלות+חומץ  750 ל סנו,החברה הדרומית לשיווק בעמ,,,יח`,7.50,"100 מ""ל",false,1,9.90,1.32,true,1,
7290108351699,false,מגבונים  ג`ט+ חומץ מארז שלישייה,החברה הדרומית לשיווק בעמ,,,יח`,1,,false,1,20,20,true,1,
7290108351712,false,פניני בישום לכביסה275  גר`lovely,החברה הדרומית לשיווק בעמ,,,יח`,2.75,100 גרם,false,1,19.90,7.24,false,1,
7290108351804,false,סנו מקסימה סופר מרוכז (1 ליטר)- בריזה,החברה הדרומית לשיווק בעמ,,,יח`,1,1 ליטר,false,1,17.90,17.90,true,1,
7290108351811,false,סנו מקסימה סופר מרוכז (1 ליטר)- פרחוני,החברה הדרומית לשיווק בעמ,,,יח`,1,1 ליטר,false,1,17.90,17.90,true,1,
7290108351835,false,סנו מקסימהמרכך כביסה 4 ליטר floral touch,החברה הדרומית לשיווק בעמ,,,יח`,40,"100 מ""ל",false,1,19.90,0.50,false,1,
7290108352061,false,משחת שיניים 145 גר` Go white charcoal,החברה הדרומית לשיווק בעמ,,,יח`,1.45,100 גרם,false,1,14.90,10.28,true,1,
7290108352092,false,משחת שיניים protective salt  אורביטול(,החברה הדרומית לשיווק בעמ,,,יח`,1.45,100 גרם,false,1,17.90,12.34,true,1,
7290108352108,false,משחת שיניים shocking fresh  אורביטול( 14,החברה הדרומית לשיווק בעמ,,,יח`,1.45,100 גרם,false,1,14.90,10.28,false,1,
7290108352252,false,ספארק נוזל לניקוי כלים ללא צבע ובישום 1,החברה הדרומית לשיווק בעמ,,,יח`,1,1 ליטר,false,1,10.90,10.90,false,1,
7290108352269,false,400 מטליות בדלי לחיטוי ולניקוי סנו,החברה הדרומית לשיווק בעמ,,,יח`,1,,false,1,29.90,29.90,false,1,
7290108352276,false,מטליות לחיטוי ולניקוי רצפות 99.9% סנו,החברה הדרומית לשיווק בעמ,,,יח`,1,,false,1,14.90,14.90,true,1,
7290108352290,false,שלישיית מטליות לחיטוי ולניקוי לחדר אמבטי,החברה הדרומית לשיווק בעמ,,,יח`,1,,false,1,19.90,19.90,true,1,
7290108352337,false,סנו פרש אוטומטיק הום מלון מפנק,החברה הדרומית לשיווק בעמ,,,יח`,2.50,"100 מ""ל",false,1,13.90,5.56,false,1,
7290108352399,false,ריצפז פרש הום בניחוח פלורל  טאצ`2 ליטר,החברה הדרומית לשיווק בעמ,,,יח`,2,1 ליטר,false,1,21.90,10.95,true,1,
7290108352436,false,סנובון מוצק שלישייה מגנוליה סנו (55x3 גר,החברה הדרומית לשיווק בעמ,,,יח`,1.65,100 גרם,false,1,17.90,10.85,true,1,
7290108352450,false,ריצפז פרש הום בלו בוסום 2 ליטר,החברה הדרומית לשיווק בעמ,,,יח`,2,1 ליטר,false,1,21.90,10.95,true,1,
7290108352566,false,מקסימה מרכך כביסה 4 ליטר ג`וי,החברה הדרומית לשיווק בעמ,,,יח`,40,"100 מ""ל",false,1,19.90,0.50,false,1,
7290108352573,false,סנו מקסימה 4 ליטר CALM,החברה הדרומית לשיווק בעמ,,,יח`,4,1 ליטר,false,1,19.90,4.98,false,1,
7290108352641,false,מטלית הפלא לניקוי כללי במארז שליישיה סנו,החברה הדרומית לשיווק בעמ,,,יח`,1,,false,1,14.90,14.90,false,1,
7290108352801,false,סושי סנו שקיות אשפה לפחים קטנים 100 יח,החברה הדרומית לשיווק בעמ,,,יח`,1,,false,1,19.90,19.90,false,1,
7290108352863,false,10 שקיות צלייה L סנו סושי,החברה הדרומית לשיווק בעמ,,,יח`,1,,false,1,9.90,9.90,true,1,
7290108352870,false,10 שקיות צלייה XL סנו סושי,החברה הדרומית לשיווק בעמ,,,יח`,1,,false,1,8.90,8.90,false,1,
7290108352887,false,זוג מפות שולחן לבנות 120*180 סנו,החברה הדרומית לשיווק בעמ,,,יח`,1,,false,1,9.90,9.90,true,1,
7290108352900,false,סנו סושי מגבות נייר בגליל כפול,החברה הדרומית לשיווק בעמ,,,יח`,1,,false,1,24.90,24.90,true,1,
7290108353099,false,ממחטות אף סנו סופט חמישייה,החברה הדרומית לשיווק בעמ,,,יח`,1,,false,1,11.90,11.90,false,1,
7290108353389,false,אורביטול מי פה ג`וניור בטעם פירות 250 מ,החברה הדרומית לשיווק בעמ,,,יח`,2.50,"100 מ""ל",false,1,9.90,3.96,false,1,
7290108353440,false,מברשת שיניים אורביטול זוג 12 אלף סיבים,החברה הדרומית לשיווק בעמ,,,יח`,1,,false,1,29.90,29.90,true,1,
7290108353501,false,שקיות אשפה עם ידיות 25 יח סנו סושי,החברה הדרומית לשיווק בעמ,,,יח`,1,,false,1,19.90,19.90,false,1,
7290108353549,false,100 דפי נייר אפיה סנו סושי,החברה הדרומית לשיווק בעמ,,,יח`,1,,false,1,19.90,19.90,false,1,
7290108353655,false,מפיות אירוח איכותית סנו סושי,החברה הדרומית לשיווק בעמ,,,יח`,1.94,100 גרם,false,1,8.90,4.59,false,1,
7290108353709,false,כפפות ניטריל מידה S סנו סושי,החברה הדרומית לשיווק בעמ,,,יח`,1,,false,1,29.90,29.90,false,1,
7290108353846,false,כפפות ניטריל מידה L סנו סושי,החברה הדרומית לשיווק בעמ,,,יח`,1,,false,1,29.90,29.90,false,1,
7290108353945,false,דאודורנט ספריי קרמה אשכולית ולימון גראס,החברה הדרומית לשיווק בעמ,,,יח`,1.50,"100 מ""ל",false,1,12.90,8.60,true,1,
7290108354492,false,קרליין שמפו 10 שמן ארגן 700מל,החברה הדרומית לשיווק בעמ,,,יח`,7,"100 מ""ל",false,1,14.90,2.13,true,1,
7290108354614,false,נקה 7 מרכך ביו 750 מל ירוק,החברה הדרומית לשיווק בעמ,,,יח`,7.50,"100 מ""ל",false,1,10.90,1.45,true,1,
7290108354751,false,ג`ט פלוס לניקוי כללי+סודה 750 ל סנו,החברה הדרומית לשיווק בעמ,,,יח`,7.50,"100 מ""ל",false,1,12.90,1.72,true,1,
7290108356106,false,תחליב רחצה כיף ניחוח שקד700 מל,החברה הדרומית לשיווק בעמ,,,יח`,7,"100 מ""ל",false,1,11.90,1.70,true,1,
7290108356113,false,תחליב רחצה כיף ניחוח דבש 700 מל,החברה הדרומית לשיווק בעמ,,,יח`,7,"100 מ""ל",false,1,11.90,1.70,true,1,
7290108356120,false,תחליב רחצה כיף ניחוח קוקוס וניל700 מל,החברה הדרומית לשיווק בעמ,,,יח`,7,"100 מ""ל",false,1,11.90,1.70,true,1,
7290108356168,false,תחליב רחצה כיף ניחוח אוקיינס700 מל,החברה הדרומית לשיווק בעמ,,,יח`,7,"100 מ""ל",false,1,11.90,1.70,true,1,
7290108356373,false,סנו מדיק עם דמוניות ג`ל לניקוי ידיים 10,החברה הדרומית לשיווק בעמ,,,יח`,1,"100 מ""ל",false,1,9.90,9.90,false,1,
7290108356489,false,כיף תחליב רחצה אפרסק וחמאת מורומורו 700,החברה הדרומית לשיווק בעמ,,,יח`,7,"100 מ""ל",false,1,11.90,1.70,true,1,
7290108356519,false,קרליין שמפו 10 לשיער רגיל 700,החברה הדרומית לשיווק בעמ,,,יח`,7,"100 מ""ל",false,1,14.90,2.13,true,1,
7290108356533,false,קרליין שמפו 10 לשיער מתולתל 700,החברה הדרומית לשיווק בעמ,,,יח`,7,"100 מ""ל",false,1,14.90,2.13,true,1,
7290108356564,false,קרליין מרכך 10 לשיער רגיל 700,החברה הדרומית לשיווק בעמ,,,יח`,7,"100 מ""ל",false,1,14.90,2.13,true,1,
7290108356571,false,קרליין מרכך 10 לשיער יבש 700,החברה הדרומית לשיווק בעמ,,,יח`,7,"100 מ""ל",false,1,14.90,2.13,true,1,
7290108357028,false,כיף תחליב רחצה ורד ושמן קוקוי 700,החברה הדרומית לשיווק בעמ,,,יח`,7,"100 מ""ל",false,1,11.90,1.70,true,1,
7290108357196,false,ג`ט+ מתז לניקוי בתוספת תמצית עץ התה 750,החברה הדרומית לשיווק בעמ,,,יח`,7.50,"100 מ""ל",false,1,13.90,1.85,true,1,
7290108357202,false,סנו קליר 1 ליטר בלו בלוסום אקדח,החברה הדרומית לשיווק בעמ,,,יח`,10,"100 מ""ל",false,1,11.90,1.19,true,1,
7290108357226,false,סנו אוקסיג`ן להסרת כתמים 1.4 קג,החברה הדרומית לשיווק בעמ,,,יח`,14,100 גרם,false,1,29.90,2.14,false,1,
7290108357295,false,סנו אוקסיג`ן פאוור מרסס מסיר כתמים,החברה הדרומית לשיווק בעמ,,,יח`,7.50,"100 מ""ל",false,1,18.90,2.52,true,1,
7290108357493,false,תחליב רחצה קרמהוניל ופלפל ורוד 700מל,החברה הדרומית לשיווק בעמ,,,יח`,7,"100 מ""ל",false,1,17.90,2.56,true,1,
7290108357509,false,קרמה קרם גוף וניל ופלפל ורוד 500 מל,החברה הדרומית לשיווק בעמ,,,יח`,5,"100 מ""ל",false,1,23.90,4.78,true,1,
7290108357653,false,סנובון bubbles ג`ל בניחוח אוקיינוס שליש,החברה הדרומית לשיווק בעמ,,,יח`,1,,false,1,14.90,14.90,false,1,
7290108357660,false,סנובון bubbles ג`ל בניחוח לבנדר שלישייה,החברה הדרומית לשיווק בעמ,,,יח`,1,,false,1,14.90,14.90,false,1,
7290108357707,false,כיף שמפו לשיער רגיל תפוח זרעי צ`יה 700,החברה הדרומית לשיווק בעמ,,,יח`,7,"100 מ""ל",false,1,11.90,1.70,true,1,
7290108357714,false,כיף שמפו לשיער רגיל יבש רימונים ושמן ארג,החברה הדרומית לשיווק בעמ,,,יח`,7,"100 מ""ל",false,1,11.90,1.70,true,1,
7290108357769,false,כיף מרכךלשיער רגיל תפוח זרעי צ`יה 700,החברה הדרומית לשיווק בעמ,,,יח`,7,"100 מ""ל",false,1,11.90,1.70,true,1,
7290108357875,false,כיף שמפו לשיער רגיל אפרסק וחמאת מורומורו,החברה הדרומית לשיווק בעמ,,,יח`,7,"100 מ""ל",false,1,11.90,1.70,true,1,
7290108358087,false,תחליב רחצה קרמהמאסק 700 מל,החברה הדרומית לשיווק בעמ,,,יח`,7,"100 מ""ל",false,1,17.90,2.56,true,1,
7290108359060,false,סנו סושי כריות לניקוי כלים לשבת,החברה הדרומית לשיווק בעמ,,,יח`,1,,false,1,11.90,11.90,true,1,
7290108359091,false,כיסוי ניילון עם גומי 30  יח`מידה L,החברה הדרומית לשיווק בעמ,,,יח`,1,,false,1,9.90,9.90,true,1,
7290108359114,false,סנו סושי-חמגשית  אלומיניום עם מכסה,החברה הדרומית לשיווק בעמ,,,יח`,1,,false,1,9.90,9.90,true,1,
7290108359176,false,סנו סופט ממחטות אף לושן צמד,החברה הדרומית לשיווק בעמ,,,יח`,1,,false,1,12.90,12.90,false,1,
7290108359190,false,סנו סושי מגבות נייר בגליל כפול 4=12,החברה הדרומית לשיווק בעמ,,,יח`,1,,false,1,24.90,24.90,false,1,
7290108359824,false,בייבי קרם גוף כיף (500 מל),החברה הדרומית לשיווק בעמ,,,יח`,5,"100 מ""ל",false,1,19.90,3.98,true,1,
7290108359879,false,בייבי כיף אל סבון 750 מל,החברה הדרומית לשיווק בעמ,,,יח`,7.50,"100 מ""ל",false,1,14.90,1.99,true,1,
7290108359985,false,סנו ז`אוול מרסס ניחוח פריחה לבנה 1 ליטר,החברה הדרומית לשיווק בעמ,,,יח`,1,1 ליטר,false,1,18.90,18.90,true,1,
7290108501346,false,גבינת גאודה מגורדת 500  גר`28% שומן הולנ,ג.וילי-פוד אינטרנשיונל **גבינו,,,יח`,5,100 גרם,false,1,24.90,4.98,false,1,
7290108502305,false,גבינת גרדה פדנו משולש 150  גר`וילי פוד,ג.וילי-פוד אינטרנשיונל **גבינו,,,יח`,1.50,100 גרם,false,1,19.90,13.27,true,1,
7290108502381,false,4 יח תחתיות לפיצה 480 גר` וילי פוד,ג.וילי-פוד אינטרנשיונל בעמ,,,יח`,4.80,100 גרם,false,1,13.90,2.90,true,1,
7290108502541,false,גבינת שמנת טבעי 200  גר`EURO CHEESE,ג.וילי-פוד אינטרנשיונל **גבינו,,,יח`,2,100 גרם,false,1,12.90,6.45,true,1,
7290108502725,false,גבינת גאודה פרוסות 400  גר`וילי פוד,ג.וילי-פוד אינטרנשיונל **גבינו,,,יח`,4,100 גרם,false,1,19.90,4.98,false,1,
7290108503043,false,מארז תפוחונים (3 יח +1 ),ג.וילי-פוד אינטרנשיונל בעמ,,,יח`,0,100 גרם,false,1,14.90,14.90,false,1,
7290108503159,false,גבינה כחולה עם עובש 31% שומן (100 גר`),ג.וילי-פוד אינטרנשיונל **גבינו,,,יח`,1,100 גרם,false,1,15.90,15.90,true,1,
7290108504293,false,מנצ`גו צ`אנק 150  גר`וילי פוד,ג.וילי-פוד אינטרנשיונל **גבינו,,,יח`,1.50,100 גרם,false,1,16.90,11.27,true,1,
7290108505375,false,צהובה 400  גר`GOLDEN וילי פוד,ג.וילי-פוד אינטרנשיונל **גבינו,,,יח`,4,100 גרם,false,1,19.90,4.98,false,1,
7290108505726,false,אצבעות-גבינה חצי קשה 25%  שומן( 200 גר),ג.וילי-פוד אינטרנשיונל **גבינו,,,יח`,2,100 גרם,false,1,13.90,6.95,true,1,
7290108505733,false,צמות-גבינה  חצי קשה 25%  שומן( 200  גר)ו,ג.וילי-פוד אינטרנשיונל **גבינו,,,יח`,2,100 גרם,false,1,13.90,6.95,true,1,
7290108505740,false,גבינת קשקבל חצי קשה 25%  שומן( 200 גר`),ג.וילי-פוד אינטרנשיונל **גבינו,,,יח`,2,100 גרם,false,1,13.90,6.95,true,1,
7290108507065,false,גבינת פרמג`אנו רג`יאנו מגורדת 100 גר,ג.וילי-פוד אינטרנשיונל **גבינו,,,יח`,1,100 גרם,false,1,13.90,13.90,false,1,
7290108508031,false,אננס שלם 830 גר`,ג.וילי-פוד אינטרנשיונל בעמ,,,יח`,8.30,100 גרם,false,1,10.90,1.31,false,1,
7290108508178,false,פסטה פנה ללא גלוטן 400 גר,ג.וילי-פוד אינטרנשיונל בעמ,,,יח`,4,100 גרם,false,1,9.90,2.48,false,1,
7290108508703,false,טורטיה ללא גלוטן 270 גר כשלפ,ג.וילי-פוד אינטרנשיונל בעמ,,,יח`,2.70,100 גרם,false,1,7.90,2.93,false,1,
7290108508963,false,גבינת מוצרלה מגורדת 25%  שומן(200 גר`)יו,ג.וילי-פוד אינטרנשיונל **גבינו,,,יח`,2,100 גרם,false,1,13.90,6.95,true,1,
7290108509106,false,גבינה בולגרית מעודנת קוביות 200 גר 13%,ג.וילי-פוד אינטרנשיונל **גבינו,,,יח`,2,100 גרם,false,1,11.90,5.95,true,1,
7290108509113,false,גבינה בולגרית מעודנת 250 גר 18%,ג.וילי-פוד אינטרנשיונל **גבינו,,,יח`,2.50,100 גרם,false,1,11.90,4.76,false,1,
7290108509182,false,גבינת פטה 250 גר 17% EURO,ג.וילי-פוד אינטרנשיונל **גבינו,,,יח`,2.50,100 גרם,false,1,12.90,5.16,false,1,
7290108509199,false,גבינת פטה 500 גר 17% EURO,ג.וילי-פוד אינטרנשיונל **גבינו,,,יח`,5,100 גרם,false,1,22.90,4.58,true,1,
7290108509250,false,אנטיפסטי ארטישוק עגבניות מיובשות וצלפים,ג.וילי-פוד אינטרנשיונל בעמ,,,יח`,3.80,100 גרם,false,1,22.90,6.03,false,1,
7290108509267,false,ארוחת פסטה עם רוטב גבינה ויליפוד,ג.וילי-פוד אינטרנשיונל בעמ,,,יח`,2.06,100 גרם,false,1,7.90,3.83,true,1,
7290108509359,false,פופקורן בציפוי בטעם קרמל 90 גר`,ג.וילי-פוד אינטרנשיונל בעמ,,,יח`,0.90,100 גרם,false,1,5.90,6.56,true,1,
7290108509571,false,גבינת פטה עם צ`לי ופפריקה 153 גר`,ג.וילי-פוד אינטרנשיונל **גבינו,,,יח`,1.53,100 גרם,false,1,15.90,10.39,false,1,
7290108509588,false,גבינת פטה עם עשבי תיבול 153 גר`,ג.וילי-פוד אינטרנשיונל **גבינו,,,יח`,1.53,100 גרם,false,1,15.90,10.39,false,1,
7290108509595,false,גבינת פטה עם עגבניות מיובשות וריחן 153 ג,ג.וילי-פוד אינטרנשיונל **גבינו,,,יח`,1.53,100 גרם,false,1,15.90,10.39,false,1,
7290108509700,false,אורז פרסי 1  קג`DAAWAT וילי פוד,ג.וילי-פוד אינטרנשיונל בעמ,,,יח`,1,"ק""ג",false,1,9.90,9.90,false,1,
7290108509731,false,איירן יוגורט בסגנון טורקי 2.3% שומן 1 לי,ג.וילי-פוד אינטרנשיונל **גבינו,,,יח`,0.01,"100 מ""ל",false,1,14.90,1490,false,1,
7290108509786,false,חמאת בוטנים ללא ת.סוכר 340  גר`וילי פוד,ג.וילי-פוד אינטרנשיונל בעמ,,,יח`,3.40,100 גרם,false,1,9.90,2.91,true,1,
7290108509908,false,מנת השף אטריות להכנה מהירה בטעם ירקות,ג.וילי-פוד אינטרנשיונל בעמ,,,יח`,1,,false,1,3.90,3.90,true,1,
7290108509915,false,מנת השף אטריות להכנה מהירה בטעם סיני פ,ג.וילי-פוד אינטרנשיונל בעמ,,,יח`,1,,false,1,3.90,3.90,true,1,
7290108509922,false,מנת השף אטריות להכנה מהירה בטעם עוף 85,ג.וילי-פוד אינטרנשיונל בעמ,,,יח`,1,,false,1,3.90,3.90,true,1,
7290108509960,false,שלישיית נתחי טונה בשמן זית 80 גר,ג.וילי-פוד אינטרנשיונל בעמ,,,יח`,2.40,100 גרם,false,1,14.90,6.21,false,1,
7290108509984,false,רוטב סויה 300 מל וילי פוד,ג.וילי-פוד אינטרנשיונל בעמ,,,יח`,3,"100 מ""ל",false,1,8.90,2.97,false,1,
7290109351025,false,חומוסטחינה חלק צבר (400 גרם),קבוצת אסם סחר שות. מוגבלת,,,יח`,4,100 גרם,false,1,13.90,3.48,false,1,
7290109354057,false,מאגדת לה פרוטה  מיקס- תפוז אננס,נגה גלידות שותפות מוגבלת,,,יח`,3.50,100 גרם,false,1,25.90,7.40,false,1,
7290109354972,false,ביסקוויט פתי בר ללא גלוטן אסם (200 גרם),קבוצת אסם סחר שות. מוגבלת,,,יח`,2,100 גרם,false,1,9.90,4.95,true,1,
7290109358284,false,טבעול-שניצל תירס עם חלבון 664 גר`,קבוצת אסם סחר שות. מוגבלת,,,יח`,6.64,100 גרם,false,1,24.90,3.75,false,1,
7290109358765,false,קראנץ` רולס 450 גר דגני בוקר,קבוצת אסם סחר שות. מוגבלת,,,יח`,4.50,100 גרם,false,1,19.90,4.42,true,1,
7290109580043,false,שניצל תירס 1.75 קג בדצ זוגלובק,זוגלובק שיווק בעמ,,,יח`,0.0180,100 גרם,false,1,49.90,2772.22,false,1,
7290109580098,false,קבנוס בטעם סרירצ`ה 135 גר,זוגלובק שיווק בעמ,,,יח`,1.35,100 גרם,false,1,11.90,8.81,true,1,
7290109580104,false,רוסטביף פרימיום 150  גר`זוגלובק,זוגלובק שיווק בעמ,,,יח`,1.50,100 גרם,false,1,24.90,16.60,false,1,
7290109580111,false,צלעות אסאדו מעושנות פרימיום 120 גר`,זוגלובק שיווק בעמ,,,יח`,1.50,100 גרם,false,1,24.90,16.60,false,1,
7290109580135,false,קורנדביף פרימיום 180  גר`זוגלובק,זוגלובק שיווק בעמ,,,יח`,1.80,100 גרם,false,1,24.90,13.83,false,1,
7290109580166,false,סרוולד קלאסי פרימיום 150  גר`זוגלובק,זוגלובק שיווק בעמ,,,יח`,1.50,100 גרם,false,1,24.90,16.60,false,1,
7290109580210,false,נקנקיות ריינהולד`ס הצרפתייה 300  גר`זוגל,זוגלובק שיווק בעמ,,,יח`,3,100 גרם,false,1,19.90,6.63,false,1,
7290109580227,false,נקנקיות ריינהולד`ס קאריווסט 300  גר`זוגל,זוגלובק שיווק בעמ,,,יח`,3,100 גרם,false,1,19.90,6.63,false,1,
7290109580241,false,נאגטס מן הצומח 500 גר`,זוגלובק שיווק בעמ,,,יח`,5,100 גרם,false,1,21.90,4.38,false,1,
7290109580432,false,פסטרמה אקסטרה מעושנת 120 גר`,זוגלובק שיווק בעמ,,,יח`,1.20,100 גרם,false,1,13.50,11.25,true,1,
7290109580449,false,סלמי בטעם כמהין פרימיום 180  גר`זוגלובק,זוגלובק שיווק בעמ,,,יח`,1.80,100 גרם,false,1,24.90,13.83,false,1,
7290109920313,false,אסטוניש מרסס מבריק שמשות,יעקב יעקבי ובניו בעמ,,,יח`,7.50,"100 מ""ל",false,1,11.90,1.59,false,1,
7290109920603,false,אסטוניש קרם מטבח 500 מל,יעקב יעקבי ובניו בעמ,,,יח`,5,"100 מ""ל",false,1,17.90,3.58,false,1,
7290109920658,false,אסטוניש מרסס אנטי בקטריאלי למטבח,יעקב יעקבי ובניו בעמ,,,יח`,7.50,"100 מ""ל",false,1,11.90,1.59,false,1,
7290109922881,false,דורגול מרסס מרוכז למטבח 600 מל,יעקב יעקבי ובניו בעמ,,,יח`,6,"100 מ""ל",false,1,24.90,4.15,false,1,
7290109923093,false,אסטוניש קרם כיריים הלוגן ומיקרו 500 מל,יעקב יעקבי ובניו בעמ,,,יח`,5,"100 מ""ל",false,1,14.90,2.98,false,1,
7290109923147,false,אסטוניש מרסס פלא של אקונומיקה 750 מל,יעקב יעקבי ובניו בעמ,,,יח`,7.50,"100 מ""ל",false,1,14.90,1.99,false,1,
7290110000493,false,חמאת בוטנים טבעית קרנצ`י 350 גרם),בטר אנד דיפרנט בעמ,,,יח`,3.50,100 גרם,false,1,13.90,3.97,false,1,
7290110110369,false,קרלסברג לומה 6*330 מל,החברה המרכזית להפצת משקאות בעמ,,,יח`,19.80,"100 מ""ל",false,1,34.90,1.67,false,1,
7290110110574,false,פחית קוקה קולה סליק זירו לימון 330 מל,החברה המרכזית להפצת משקאות בעמ,,,יח`,3.30,"100 מ""ל",false,1,3.90,1.09,true,1,
7290110114787,false,נביעות פלוס 1.5 ליטר תפוח,החברה המרכזית להפצת משקאות בעמ,,,יח`,1.50,1 ליטר,false,1,8.90,5.73,false,1,
7290110114794,false,נביעות פלוס 1.5 ליטר אפרסק,החברה המרכזית להפצת משקאות בעמ,,,יח`,1.50,1 ליטר,false,1,8.90,5.73,false,1,
7290110114855,false,נביעות 1.5 ליטר שישייה,החברה המרכזית להפצת משקאות בעמ,,,יח`,9,1 ליטר,false,1,13.90,1.34,true,1,
7290110114893,false,פריגת סחוט תפוז 2 ליטר,החב` המרכזית - טרה,,,יח`,2,1 ליטר,false,1,29.90,14.80,true,1,
7290110114916,false,פריגת סחוט לימונענע 2 ליטר,החב` המרכזית - טרה,,,יח`,2,1 ליטר,false,1,29.90,14.80,true,1,
7290110114961,false,משקה קל בטעם תפוזים פריגת (1.5 ליטר),החברה המרכזית להפצת משקאות בעמ,,,יח`,15,"100 מ""ל",false,1,9.50,0.61,false,1,
7290110114985,false,משקה קל בטעם אשכוליות פריגת (1.5 ליטר),החברה המרכזית להפצת משקאות בעמ,,,יח`,15,"100 מ""ל",false,1,9.50,0.61,false,1,
7290110114992,false,משקה קל בטעם אשכוליות לייט פריגת (1.5 לי,החברה המרכזית להפצת משקאות בעמ,,,יח`,15,"100 מ""ל",false,1,9.50,0.61,false,1,
7290110115005,false,משקה קל בטעם ענבים פריגת (1.5 ליטר),החברה המרכזית להפצת משקאות בעמ,,,יח`,15,"100 מ""ל",false,1,9.50,0.61,false,1,
7290110115036,false,משקה קל בטעם מנגו פריגת (1.5 ליטר),החברה המרכזית להפצת משקאות בעמ,,,יח`,15,"100 מ""ל",false,1,9.50,0.61,false,1,
7290110115043,false,משקה קל בטעם לימונענע פריגת (1.5 ליטר),החברה המרכזית להפצת משקאות בעמ,,,יח`,15,"100 מ""ל",false,1,9.50,0.61,false,1,
7290110115050,false,משקה קל בטעם תות בננה פריגת (1.5 ליטר),החברה המרכזית להפצת משקאות בעמ,,,יח`,15,"100 מ""ל",false,1,9.50,0.61,false,1,
7290110115081,false,פריגת צלול בטעם ענבים 1.5 ליטר,החברה המרכזית להפצת משקאות בעמ,,,יח`,15,"100 מ""ל",false,1,9.50,0.61,false,1,
7290110115104,false,פריגת צלול בטעם אפרסק 1.5 ליטר,החברה המרכזית להפצת משקאות בעמ,,,יח`,15,"100 מ""ל",false,1,9.50,0.61,false,1,
7290110115128,false,פריגת צלול בטעם לימונענע 1.5 ליטר,החברה המרכזית להפצת משקאות בעמ,,,יח`,15,"100 מ""ל",false,1,9.50,0.61,false,1,
7290110115203,false,קוקה קולה 1.5 ליטר,החברה המרכזית להפצת משקאות בעמ,,,יח`,0,1 ליטר,false,1,8.90,8.90,false,1,
7290110115210,false,קוקה קולה דיאט 1.5 ליטר,החברה המרכזית להפצת משקאות בעמ,,,יח`,1.50,1 ליטר,false,1,8.90,5.73,false,1,
7290110115227,false,קוקה קולה זירו 1.5 ליטר,החברה המרכזית להפצת משקאות בעמ,,,יח`,1.50,1 ליטר,false,1,8.90,5.73,false,1,
7290110115234,false,קוקה קולה זירו נטול 1.5 ליטר,החברה המרכזית להפצת משקאות בעמ,,,יח`,15,"100 מ""ל",false,1,8.90,0.57,false,1,
7290110115241,false,קוקה קולה זירו לימון 1.5 ליטר,החברה המרכזית להפצת משקאות בעמ,,,יח`,15,"100 מ""ל",false,1,8.90,0.57,false,1,
7290110115265,false,ספרייט ליים 1.5 ליטר,החברה המרכזית להפצת משקאות בעמ,,,יח`,1.50,1 ליטר,false,1,8.90,5.73,true,1,
7290110115272,false,ספרייט זירו 1.5 ליטר,החברה המרכזית להפצת משקאות בעמ,,,יח`,1.50,1 ליטר,false,1,8.90,5.73,true,1,
7290110115289,false,ספרייט לימון-נענע 1.5 ליטר,החברה המרכזית להפצת משקאות בעמ,,,יח`,1.50,1 ליטר,false,1,8.50,5.47,true,1,
7290110115340,false,פאנטה ענבים 1.5 ליטר,החברה המרכזית להפצת משקאות בעמ,,,יח`,1.50,1 ליטר,false,1,9.50,6.13,false,1,
7290110115357,false,קינלי סודה 1.5 ליטר,החברה המרכזית להפצת משקאות בעמ,,,יח`,1.50,1 ליטר,false,1,4.60,2.87,false,1,
7290110115364,false,קוקה קולה 1.5 ליטר מארז שישייה,החברה המרכזית להפצת משקאות בעמ,,,יח`,9,1 ליטר,false,1,49.90,5.34,false,1,
7290110115371,false,קוקה קולה דיאט 1.5 ליטר מארז שישייה,החברה המרכזית להפצת משקאות בעמ,,,יח`,9,1 ליטר,false,1,49.90,5.34,false,1,
7290110115395,false,ספרייט זירו 1.5 ליטר מארז שישייה,החברה המרכזית להפצת משקאות בעמ,,,יח`,9,1 ליטר,false,1,49.90,5.34,true,1,
7290110115418,false,קוקה קולה זירו 1.5 ליטר מארז שישייה,החברה המרכזית להפצת משקאות בעמ,,,יח`,9,1 ליטר,false,1,49.90,5.34,false,1,
7290110115425,false,פיוז תה 1.5 ליטר בטעם גרין לימון-נענע,החברה המרכזית להפצת משקאות בעמ,,,יח`,1.50,1 ליטר,false,1,8.90,5.73,false,1,
7290110115449,false,פיוז תה 1.5 ליטר בטעם מנגו אננס,החברה המרכזית להפצת משקאות בעמ,,,יח`,1.50,1 ליטר,false,1,8.90,5.73,false,1,
7290110115456,false,פיוז תה 1.5 ליטר בטעם אפרסק 19 קל`,החברה המרכזית להפצת משקאות בעמ,,,יח`,1.50,1 ליטר,false,1,8.90,5.73,false,1,
7290110115463,false,פיוז תה 1.5 ליטר בטעם אפרסק,החברה המרכזית להפצת משקאות בעמ,,,יח`,1.50,1 ליטר,false,1,8.90,5.73,false,1,
7290110115494,false,פיוז תה 1.5 ליטר בטעם ענבים,החברה המרכזית להפצת משקאות בעמ,,,יח`,1.50,1 ליטר,false,1,8.90,5.73,false,1,
7290110115593,false,משקה קל בטעם אשכוליות 40% פחות סוכר פריג,החברה המרכזית להפצת משקאות בעמ,,,יח`,15,"100 מ""ל",false,1,9.50,0.61,false,1,
7290110115616,false,פיוז תה זירו 1.5 ליטר בטעם אננס,החברה המרכזית להפצת משקאות בעמ,,,יח`,1.50,1 ליטר,false,1,8.90,5.73,false,1,
7290110116064,false,פאנטה זירו פירות ירוק 1.5 ליטר,החברה המרכזית להפצת משקאות בעמ,,,יח`,1.50,1 ליטר,false,1,9.50,6.13,false,1,
7290110116552,false,ספרייט למןו היט 1.5 ליטר,החברה המרכזית להפצת משקאות בעמ,,,יח`,1.50,1 ליטר,false,1,8.90,5.73,false,1,
7290110116569,false,ספרייט למון היט זירו 1.5 ליטר,החברה המרכזית להפצת משקאות בעמ,,,יח`,1.50,1 ליטר,false,1,8.90,5.73,true,1,
7290110320683,false,משקה יופלה בטעם תות שמינייה תנובה,תנובה - חלב,,,יח`,0.0090,100 גרם,false,1,17.50,1944.44,false,1,
7290110320850,false,פתיתי עמק 200 גר,תנובה - חלב,,,יח`,2,100 גרם,false,1,14.90,7.45,false,1,
7290110320867,false,פתיתי עמק למאפים 28% 500 גר,תנובה - חלב,,,יח`,5,100 גרם,false,1,34.90,6.98,false,1,
7290110320935,false,פרוסות מוצרלה 150  גר`קולקשיין תנובה,תנובה - חלב,,,יח`,1.50,100 גרם,false,1,16.90,11.27,false,1,
7290110321031,false,יוגורט גו טבעי 200 מל .,תנובה - חלב,,,יח`,2,"100 מ""ל",false,1,5.50,2.75,false,1,
7290110321277,false,קוטג בקטנה 5% מהדרין 100  גר`תנובה,תנובה - חלב,,,יח`,1,100 גרם,false,1,2.50,2.50,false,1,
7290110321284,false,קוטג בקטנה 9% מהדרין 100  גר`תנובה,תנובה - חלב,,,יח`,1,100 גרם,false,1,2.50,2.50,false,1,
7290110321604,false,גבינה קוביות בולגרית מעודנת 5% 200  גר`פ,תנובה - חלב,,,יח`,2,100 גרם,false,1,21.90,10.95,false,1,
7290110321680,false,יוגורט גו תות 200 מל,תנובה - חלב,,,יח`,2,"100 מ""ל",false,1,5.60,2.80,false,1,
7290110321697,false,יוגורט גו אפרסק 200 מל,תנובה - חלב,,,יח`,2,"100 מ""ל",false,1,5.60,2.80,false,1,
7290110321703,false,יוגורט גו פירות יער 200 מל,תנובה - חלב,,,יח`,2,"100 מ""ל",false,1,5.60,2.80,false,1,
7290110322014,false,טופו בטעם טבעי 300  גר`תנובה,תנובה - חלב,,,יח`,3,100 גרם,false,1,11.90,3.97,false,1,
7290110322021,false,טופו בטעם בזיליקום 300  גר`תנובה,תנובה - חלב,,,יח`,3,100 גרם,false,1,11.90,3.97,false,1,
7290110323073,false,משקה גו תות פטל 250 מל,תנובה - חלב,,,יח`,2.50,"100 מ""ל",false,1,6.20,2.48,false,1,
7290110323301,false,גבינת טל עמק 32%  שומן(200  גר`)תנובה,תנובה - חלב,,,יח`,2,100 גרם,false,1,18.90,9.45,false,1,
7290110323585,false,יוגורט גו לייט דובדבן 200 מל,תנובה - חלב,,,יח`,2,100 גרם,false,1,5.50,2.75,false,1,
7290110323714,false,משקה קוקוס שקדים 1 ליטר תנובה,תנובה - חלב,,,יח`,10,"100 מ""ל",false,1,11.90,1.19,false,1,
7290110323998,false,מאגדת מיני קרלו קצפת 8*77 גרם,תנובה - חלב,,,יח`,6.16,100 גרם,false,1,11.90,1.93,false,1,
7290110324353,false,יוגורט גו לייט אננס 200 מל,תנובה - חלב,,,יח`,2,"100 מ""ל",false,1,5.60,2.80,false,1,
7290110324551,false,יופלה טיוב במרקם חלק בטעם תות 348  גר`מה,תנובה - חלב,,,יח`,3.48,100 גרם,false,1,11.90,3.42,false,1,
7290110324711,false,ממרח סויה 9% בטעם טבעי 250 גר` תנובה,תנובה - חלב,,,יח`,2.50,100 גרם,false,1,8.90,3.56,true,1,
7290110324841,false,מעדן שקדים עם שוקולד מריר 125 גר`,תנובה - חלב,,,יח`,1.25,100 גרם,false,1,3.90,3.12,false,1,
7290110324858,false,מעדן שקדים בטעם אגוזי 125 גר`,תנובה - חלב,,,יח`,1.25,100 גרם,false,1,3.90,3.12,false,1,
7290110324872,false,גבינה צהובה גלבוע  (5% 200  גר`)תנובה,תנובה - חלב,,,יח`,2,100 גרם,false,1,17.90,8.95,false,1,
7290110324926,false,משקה סויה ללתס 1 ליטר תנובה,תנובה - חלב,,,יח`,0.01,"100 מ""ל",false,1,9.90,990,false,1,
7290110325305,false,מעדן גו סויה מעודן 200 מל,תנובה - חלב,,,יח`,2,"100 מ""ל",false,1,5.60,2.80,false,1,
7290110325312,false,מעדן גו סויה תות 200 מל,תנובה - חלב,,,יח`,2,"100 מ""ל",false,1,5.60,2.80,false,1,
7290110325510,false,יופלה טיוב במרקם חלק בטעם וניל-יוניקור,תנובה - חלב,,,יח`,3.48,100 גרם,false,1,11.90,3.42,false,1,
7290110325619,false,משקה שיבולת שועל 1 ליטר תנובה,תנובה - חלב,,,יח`,10,"100 מ""ל",false,1,11.90,1.19,false,1,
7290110325879,false,פתיתי גאודה 200  גר`תנובה,תנובה - חלב,,,יח`,2,100 גרם,false,1,16.90,8.45,false,1,
7290110325893,false,משקה גו אייס קפה 340 מל,תנובה - חלב,,,יח`,3.40,100 גרם,false,1,7.90,2.32,false,1,
7290110326210,false,יופלה און טופ פצפוצים 157 גר`,תנובה - חלב,,,יח`,1.57,100 גרם,false,1,4.90,3.12,false,1,
7290110326227,false,יופלה און טופ קורנפלקס 157 גר`,תנובה - חלב,,,יח`,1.57,100 גרם,false,1,4.90,3.12,false,1,
7290110326234,false,יופלה און טופ כוכבים 157 גר`,תנובה - חלב,,,יח`,1.57,100 גרם,false,1,4.90,3.12,false,1,
7290110326241,false,יופלה און טופ גרנולה 157  גר`תנובה,תנובה - חלב,,,יח`,1.57,100 גרם,false,1,4.90,3.12,false,1,
7290110326333,false,פרוסות גבינה סקנדינבית 170  גר`קולקשיין,תנובה - חלב,,,יח`,1.70,100 גרם,false,1,17.90,10.53,false,1,
7290110327033,false,משקה גו סויה במתיקות מופחתת,תנובה - חלב,,,יח`,10,"100 מ""ל",false,1,11.90,1.19,false,1,
7290110327514,false,משקה שיבולת שועל בטעם אגוזי לוז 1 ליטר א,תנובה - חלב,,,יח`,10,"100 מ""ל",false,1,11.90,1.19,false,1,
7290110327545,false,יופלה און טופ בטעם תות בתופסת פצפוצים מ,תנובה - חלב,,,יח`,1.57,100 גרם,false,1,4.90,3.12,false,1,
7290110328474,false,פלח פרמג`יאנו רג`יאנו 150  גר`קולקשיין ת,תנובה - חלב,,,יח`,1.50,100 גרם,false,1,26.90,17.93,false,1,
7290110328504,false,טריו מיקס מוצרלה סקנדינבית וגאודה 300 גר,תנובה - חלב,,,יח`,3,100 גרם,false,1,24.90,8.30,false,1,
7290110328627,false,יוגורט גו סמיך בננה קרמל 0% שומן 200 גרם,תנובה - חלב,,,יח`,2,100 גרם,false,1,5.70,2.85,false,1,
7290110328641,false,טופו טבעי אלטרנטיב 2*250 תנובה,תנובה - חלב,,,יח`,5,100 גרם,false,1,17.90,3.58,false,1,
7290110328764,false,יוגורט גו סמיך תות 0% שומן 200 גרם,תנובה - חלב,,,יח`,2,100 גרם,false,1,5.70,2.85,false,1,
7290110328788,false,יוגורט גו סמיך אפרסק 0% שומן 200 גרם,תנובה - חלב,,,יח`,2,100 גרם,false,1,5.70,2.85,false,1,
7290110328887,false,חלב 3% בקבוק 1 ליטר תנובה פיקוח,תנובה - חלב,,,יח`,0.01,"100 מ""ל",false,1,6.23,623,false,1,
7290110329136,false,מעדן חלב גו בטעם שוקולד 12  גר`חלבון,תנובה - חלב,,,יח`,1.20,100 גרם,false,1,4.90,4.08,false,1,
7290110329143,false,מעדן חלב גו בטעם שוקולד 12  גר`חלבון,תנובה - חלב,,,יח`,1.20,100 גרם,false,1,4.90,4.08,false,1,
7290110329266,false,יוגורט מחלב עיזים מלא 140 גרם תנובה,תנובה - חלב,,,יח`,1.40,100 גרם,false,1,5.50,3.93,false,1,
7290110329273,false,יוגורט מחלב עיזים מלא 750 גרם תנובה,תנובה - חלב,,,יח`,7.50,"100 מ""ל",false,1,19.90,2.65,false,1,
7290110329426,false,טופו טבעי עם רוטב קרם קוקוס קארי פיקנטי,תנובה - חלב,,,יח`,3.10,100 גרם,false,1,11.90,3.84,false,1,
7290110329433,false,טופו טבעי עם רוטב סצ`ואן 310 גר`,תנובה - חלב,,,יח`,3.10,100 גרם,false,1,11.90,3.84,false,1,
7290110329686,false,משקה חלב גו בטעם עוגיות 340 מל,תנובה - חלב,,,יח`,3.40,100 גרם,false,1,7.90,2.32,false,1,
7290110329716,false,משקה קפה קר בטעם קפוצ`ינו 230 מל,תנובה - חלב,,,יח`,2.30,"100 מ""ל",false,1,6.90,3,false,1,
7290110329730,false,משקה חלב עם שוקולד וקפה בסגנון לאטה 230,תנובה - חלב,,,יח`,2.30,"100 מ""ל",false,1,6.90,3,false,1,
7290110329792,false,סויה BIO אפרסק גביע 150 גרם Alternative,תנובה - חלב,,,יח`,1.50,100 גרם,false,1,4.50,3,true,1,
7290110329808,false,סויה BIO תות גביע 150 גרם Alternative,תנובה - חלב,,,יח`,1.50,100 גרם,false,1,4.50,3,true,1,
7290110329822,false,סויה BIO פירות יער גביע 150 גרם Alternat,תנובה - חלב,,,יח`,1.50,100 גרם,false,1,4.50,3,true,1,
7290110329839,false,פרוסות צהובה בטעם זיתים 200 גרם alternat,תנובה - חלב,,,יח`,2,100 גרם,false,1,21.90,10.95,false,1,
7290110329846,false,סויה BIO טבעי גביע 150 גרם Alternative,תנובה - חלב,,,יח`,1.50,100 גרם,false,1,4.50,3,true,1,
7290110329914,false,ביו אלטרנטיב מאגדת משקה שיבולת שועל שקדי,תנובה - חלב,,,יח`,6,100 גרם,false,1,18.90,3.15,false,1,
7290110550363,false,משולשות קינואה ומלח ים 65  גר`עלית,שטראוס גרופ בעמ,,,יח`,0.65,100 גרם,false,1,9.90,15.23,true,1,
7290110551254,false,נשנושי תירס טעם הטבע שטראוס,שטראוס גרופ בעמ/מצונן,,,יח`,6,100 גרם,false,1,16.90,2.82,false,1,
7290110552220,false,דנונה פרו ללא סוכר בטעם תות 200 גר`,שטראוס גרופ בעמ/מצונן,,,יח`,2,"100 מ""ל",false,1,5.90,2.95,false,1,
7290110552237,false,דנונה פרו ללא סוכר בטעם אפרסק מנגו 200 ג,שטראוס גרופ בעמ/מצונן,,,יח`,2,"100 מ""ל",false,1,5.90,2.95,false,1,
7290110553623,false,צ`יטוס קראנץ צ`דר חלפיניו 80 גר`,שטראוס פריטו ליי בעמ,,,יח`,0.80,100 גרם,false,1,4.50,5.63,false,1,
7290110554118,false,דלישס שטראוס נודלס מלזי חריף,קפוא-זן תעשיות מזון בעמ - תפוג,,,יח`,3.50,100 גרם,false,1,27.90,7.97,true,1,
7290110554705,false,קפסולות קפה יוניקו למכונות נספרו עלית,שטראוס גרופ בעמ,,,יח`,1,,false,1,19.90,19.90,true,1,
7290110554712,false,קפסולות קפה נחת למכונות נספרו עלית,שטראוס גרופ בעמ,,,יח`,1,,false,1,19.90,19.90,true,1,
7290110555078,false,לאבנה עם שמן זית ועשבי תיבול 250 גר`,שטראוס גרופ בעמ/מצונן,,,יח`,2.50,100 גרם,false,1,10.90,4.36,true,1,
7290110555306,false,רבע לשבע טבעוני סינמון באן 120 גר`,שטראוס גרופ בעמ,,,יח`,1.20,100 גרם,false,1,12.90,10.75,false,1,
7290110556242,false,שוקולד פרה מריר פרווה עלית (100 גרם),שטראוס גרופ בעמ,,,יח`,1,100 גרם,false,1,5.50,5.50,false,1,
7290110557027,false,חומוס אחלה 50% טחינה 400 גרם,שטראוס גרופ בעמ/מצונן,,,יח`,4,100 גרם,false,1,13.90,3.48,false,1,
7290110557102,false,מעדן חלב עם שוקולד מעושר בחלבון,שטראוס גרופ בעמ/מצונן,,,יח`,1.50,100 גרם,false,1,5.20,3.47,true,1,
7290110557133,false,מעדן הגולן וניל 125 גרם,שטראוס גרופ בעמ/מצונן,,,יח`,1.25,"100 מ""ל",false,1,2.90,2.32,true,1,
7290110557317,false,היוגורט הראשון שלי עם שיבולת שועל 100 גר,שטראוס גרופ בעמ/מצונן,,,יח`,1,100 גרם,false,1,2.20,2.20,false,1,
7290110557478,false,חומוס אחלה גלילי 600 גר`,שטראוס גרופ בעמ/מצונן,,,יח`,6,100 גרם,false,1,12.90,2.15,false,1,
7290110558130,false,אקטיביה עם שיבולת שועל ודבש,שטראוס גרופ בעמ/מצונן,,,יח`,1.50,100 גרם,false,1,4.60,3.07,false,1,
7290110558154,false,דנונה לייט אנד פרי עוגת תפוחים 150 גר`,שטראוס גרופ בעמ/מצונן,,,יח`,1.50,100 גרם,false,1,4.60,3.07,true,1,
7290110558239,false,דנונה WOW קראק פאי 150 גר`,שטראוס גרופ בעמ/מצונן,,,יח`,1.50,100 גרם,false,1,4.60,3.07,true,1,
7290110558253,false,דנונה ריפרש בננה אננס וצ`יה,שטראוס גרופ בעמ/מצונן,,,יח`,2.50,100 גרם,false,1,5.50,2.20,false,1,
7290110558284,false,דנונה ביו מולטי 200 גר`,שטראוס גרופ בעמ/מצונן,,,יח`,2,100 גרם,false,1,3.90,1.95,false,1,
7290110558307,false,דנונה פרו 20  גר`עם שיבולת שועל (200גר`),שטראוס גרופ בעמ/מצונן,,,יח`,2,100 גרם,false,1,6.50,3.25,false,1,
7290110558314,false,דנונה פרו ללא סוכר בטעם פיסטוק 200 גר`,שטראוס גרופ בעמ/מצונן,,,יח`,2,"100 מ""ל",false,1,5.90,2.95,false,1,
7290110558338,false,דנונה פרו 25  גר`חלבון (200 גר`),שטראוס גרופ בעמ/מצונן,,,יח`,2,100 גרם,false,1,6.50,3.25,false,1,
7290110558420,false,אלפרו משקה ש.שועל 1 ליטר,שטראוס גרופ בעמ/מצונן,,,יח`,10,"100 מ""ל",false,1,12.90,1.29,false,1,
7290110558437,false,אלפרו משקה שקדים 1 ליטר,שטראוס גרופ בעמ/מצונן,,,יח`,10,"100 מ""ל",false,1,12.90,1.29,false,1,
7290110558666,false,דניאלה מעדן בטעם תפוח (88 גרם),שטראוס גרופ בעמ/מצונן,,,יח`,1.50,"100 מ""ל",false,1,4,2.67,false,1,
7290110558741,false,גמדים פאוץ תפוח בננה (100 גר`),שטראוס גרופ בעמ/מצונן,,,יח`,1,100 גרם,false,1,5.90,5.90,false,1,
7290110558918,false,עלי חסה  קראנצ`שטופים 150  גר`טעם הטבע ש,שטראוס גרופ בעמ/מצונן,,,יח`,1.50,100 גרם,false,1,9.90,6.60,false,1,
7290110559755,false,ריל מאגדת בוטנים פיסטוק וחמוציות שטראוס,שטראוס גרופ בעמ,,,יח`,1.05,100 גרם,false,1,14.90,14.19,true,1,
7290110560300,false,פריכיות משולשות-פלפל  שחור 30  גר`אנג`י,שטראוס גרופ בעמ,,,יח`,0.30,100 גרם,false,1,4.90,16.33,false,1,
7290110560324,false,פריכיות משולשות-אפונה  ירוקה 30  גר`אנרג,שטראוס גרופ בעמ,,,יח`,0.30,100 גרם,false,1,4.90,16.33,false,1,
7290110561352,false,דנונה דל לקטוז ביו 200 גר`,שטראוס גרופ בעמ/מצונן,,,יח`,2,"100 מ""ל",false,1,3.50,1.75,false,1,
7290110561604,false,מעדן בטעם תות בננה גמדים מעורבב (100x8 ג,שטראוס גרופ בעמ/מצונן,,,יח`,8,"100 מ""ל",false,1,18.80,2.35,false,1,
7290110563431,false,משקה קפה קר בסגנון קלאסי  (2301.6% גר`),שטראוס גרופ בעמ/מצונן,,,יח`,2.30,"100 מ""ל",false,1,7.90,3.43,true,1,
7290110563448,false,משקה קפה קר בסגנון מעודן  (2301.6% גר`),שטראוס גרופ בעמ/מצונן,,,יח`,2.30,"100 מ""ל",false,1,7.90,3.43,true,1,
7290110563462,false,חלב נטול לקטוז 2% יטבתה בקבוק,שטראוס גרופ בעמ/מצונן,,,יח`,1,1 ליטר,false,1,7.90,7.90,false,1,
7290110564339,false,חומוס הסדרה המובחרת עשיר 30% טחינה 400 ג,שטראוס גרופ בעמ/מצונן,,,יח`,4,100 גרם,false,1,13.90,3.48,false,1,
7290110564360,false,חומוס הסדרה המובחרת עשיר 40% טחינה 400 ג,שטראוס גרופ בעמ/מצונן,,,יח`,4,100 גרם,false,1,13.90,3.48,false,1,
7290110564414,false,חומוס הסדרה המובחרת 30% טחינה 600 גר`,שטראוס גרופ בעמ/מצונן,,,יח`,6,100 גרם,false,1,14.90,2.48,false,1,
7290110564742,false,משקה קפה קר בסגנון חזק  (2301.2%  גר`)י,שטראוס גרופ בעמ/מצונן,,,יח`,2.30,"100 מ""ל",false,1,7.90,3.43,true,1,
7290110565435,false,מעדן ג`לי בטעם פטל חלבי שטראוס (125 גרם,שטראוס גרופ בעמ/מצונן,,,יח`,1.25,100 גרם,false,1,2,1.60,true,1,
7290110565572,false,מארז טורקי לדרך עם הל 168 גר`,שטראוס גרופ בעמ,,,יח`,1.68,100 גרם,false,1,17.90,10.65,false,1,
7290110566975,false,דנונה פרו 200  גר`תות,שטראוס גרופ בעמ/מצונן,,,יח`,2,"100 מ""ל",false,1,5.90,2.95,false,1,
7290110568238,false,קצפת צמחית 21% שומן 250 מל יטבתה,שטראוס גרופ בעמ/מצונן,,,יח`,2.50,"100 מ""ל",false,1,7.90,3.16,false,1,
7290110568276,false,משקה יטבתה פרו וניל 350 מל,שטראוס גרופ בעמ/מצונן,,,יח`,3.50,"100 מ""ל",false,1,6.50,1.86,false,1,
7290110570224,false,משקה קפה קר בטעם עוגיות (230  גר`)יטבתה,שטראוס גרופ בעמ/מצונן,,,יח`,2.30,"100 מ""ל",false,1,7.90,3.43,true,1,
7290110570880,false,פולי אספרו עשירים וארומטיים עוצמה  (14 2,שטראוס גרופ בעמ,,,יח`,2.50,100 גרם,false,1,19.90,7.96,false,1,
7290110571184,false,עדשים חומות 380  גר`טעם הטבע שטראוס,שטראוס גרופ בעמ,,,יח`,3.80,100 גרם,false,1,6.90,1.82,true,1,
7290110571375,false,אנרג`י מיקס צימוקים תמרים טופי ופקאן שטר,שטראוס גרופ בעמ,,,יח`,1.05,100 גרם,false,1,14.90,14.19,true,1,
7290110571382,false,מעדן חלב בטעם וניל מועשר בחלבון,שטראוס גרופ בעמ/מצונן,,,יח`,1.50,100 גרם,false,1,5.20,3.47,true,1,
7290110572129,false,כיף כף מקלות שוקולד לבן,שטראוס גרופ בעמ,,,יח`,0.40,100 גרם,false,1,5,12.50,true,1,
7290110572884,false,קפסולות 20 למכונות נספרו עלית) (10,שטראוס גרופ בעמ,,,יח`,0.50,100 גרם,false,1,16.90,33.80,true,1,
7290110572969,false,כיף כף פצפצים עלית קרם לבן (40 גר`),שטראוס גרופ בעמ,,,יח`,0.40,100 גרם,false,1,4.90,12.25,true,1,
7290110574413,false,פופקורן בטעם טעמי 70 גר`,שטראוס גרופ בעמ,,,יח`,1,,false,1,6.90,6.90,false,1,
7290110574420,false,פופקורן בטעם פסק זמן 70 גר`,שטראוס גרופ בעמ,,,יח`,1,,false,1,6.90,6.90,false,1,
7290110574437,false,פופקורן בטעם טורטית 70 גר`,שטראוס גרופ בעמ,,,יח`,1,,false,1,6.90,6.90,false,1,
7290110576363,false,ספלנדיד שוקולד מריר אוגנדה 80% עלית,שטראוס גרופ בעמ,,,יח`,1,100 גרם,false,1,8.90,8.90,true,1,
7290110576370,false,מארז שלישיית אגוז מריר (3X100 ) עלית,שטראוס גרופ בעמ,,,יח`,3,100 גרם,false,1,24.90,8.30,true,1,
7290110576493,false,פופקורן בטעם בלונדי 70 גר`,שטראוס גרופ בעמ,,,יח`,1,,false,1,6.90,6.90,false,1,
7290110576776,false,שוקולד מריר 85% ספלנדיד (100 גרם),שטראוס גרופ בעמ,,,יח`,1,100 גרם,false,1,10.90,10.90,true,1,
7290110576868,false,גמדים רביעייה סלט פירות,שטראוס גרופ בעמ/מצונן,,,יח`,4,"100 מ""ל",false,1,11.40,2.85,true,1,
7290110577711,false,יטבתה שייק חלבון מי גבינה עם אפרסק ומנגו,שטראוס גרופ בעמ/מצונן,,,יח`,3.50,"100 מ""ל",false,1,6.90,1.97,false,1,
7290110577728,false,יטבתה שייק חלבון מי גבינה עם פירות יער,שטראוס גרופ בעמ/מצונן,,,יח`,3.50,"100 מ""ל",false,1,6.90,1.97,false,1,
7290111092985,false,מגבונים בייביסיטר ללא בישום רביעייה,שקד תבל בעמ,,,יח`,1,,false,1,17.90,17.90,true,1,
7290111340178,false,ניקול מטליות לחות לשיש ניחוח מרכך כביסה,קימברלי קלארק ישראל שיווק בעמ,,,יח`,1,,false,1,12.90,12.90,true,1,
7290111340185,false,ניקול מטליות לחות לריצפה ניחוח מרכך כביס,קימברלי קלארק ישראל שיווק בעמ,,,יח`,1,,false,1,14.90,14.90,true,1,
7290111341366,false,מפיות אירוח איכותיות ונעימות למגע ניקול,קימברלי קלארק ישראל שיווק בעמ,,,יח`,1,,false,1,8.90,8.90,false,1,
7290111342042,false,כריות יפניות אנטיבקטריאליות ניקול,קימברלי קלארק ישראל שיווק בעמ,,,יח`,1,,false,1,13.90,13.90,true,1,
7290111342059,false,מטליות לחות אנטיבקטריאלי,קימברלי קלארק ישראל שיווק בעמ,,,יח`,1,,false,1,13.90,13.90,false,1,
7290111343117,false,קלינקס לושן סופט פק זוגות 140 דף,קימברלי קלארק ישראל שיווק בעמ,,,יח`,1,,false,1,13.90,13.90,false,1,
7290111343858,false,מטליות לחות לרצפה אנטיבקטריאלי 10 יח ניק,קימברלי קלארק ישראל שיווק בעמ,,,יח`,1,,false,1,13.90,13.90,true,1,
7290111344206,false,מגבוני האגיס נטורל קייר מבושם 4*64,קימברלי קלארק ישראל שיווק בעמ,,,יח`,1,,false,1,19.90,19.90,false,1,
7290111344503,false,האגיס חיתולי אקסטרה קר מידה 4+ 36,קימברלי קלארק ישראל שיווק בעמ,,,יח`,1,,false,1,46.90,46.90,false,1,
7290111344824,false,מגן תחתון קוטקס אנטיבקטראלי 52 יח`,קימברלי קלארק ישראל שיווק בעמ,,,יח`,1,,false,1,15.90,15.90,false,1,
7290111345043,false,מטליות מיקרופייבר למשטחים דו צדדי,קימברלי קלארק ישראל שיווק בעמ,,,יח`,1,,false,1,15.90,15.90,true,1,
7290111345821,false,לילי נטורל קייר ג`מבו 16 גלילים,קימברלי קלארק ישראל שיווק בעמ,,,יח`,1,,false,1,34.90,34.90,false,1,
7290111346347,false,קלינקס טישו אוריגינל חמישייה,קימברלי קלארק ישראל שיווק בעמ,,,יח`,1,,false,1,14.90,14.90,true,1,
7290111350719,false,נאצוס בסגנון מסעדות 322 גר`היט הופ,ליימן שליסל בעמ,,,יח`,3.22,100 גרם,false,1,16.90,5.25,true,1,
7290111350726,false,נאצוס בסגנון מקסיקני 322 גר`היט הופ,ליימן שליסל בעמ,,,יח`,3.22,100 גרם,false,1,16.90,5.25,true,1,
7290111352508,false,סילאן טבעי 840  גר`קליית גת,ליימן שליסל בעמ,,,יח`,8.40,100 גרם,false,1,19.90,2.37,false,1,
7290111352966,false,יוגטה גומי מקלות ממולאות 250  גר`יוגטה,ליימן שליסל בעמ,,,יח`,2.50,100 גרם,false,1,7.90,3.16,false,1,
7290111352973,false,קוביות  חמוצות( 220 גר`)יוגטה,ליימן שליסל בעמ,,,יח`,2.20,100 גרם,false,1,7.90,3.59,false,1,
7290111353055,false,סוכריות גומי דובונים (200 גר`) יוגטה,ליימן שליסל בעמ,,,יח`,2,100 גרם,false,1,9.90,4.95,true,1,
7290111353109,false,סוכריות גומי נחשים (200 גר`) יוגטה,ליימן שליסל בעמ,,,יח`,2,100 גרם,false,1,9.90,4.95,true,1,
7290111353116,false,סוכריות גומי נחשים (800 גר` ) יוגטה,ליימן שליסל בעמ,,,יח`,8,100 גרם,false,1,19.90,2.49,true,1,
7290111353239,false,סוכריות גומי בטעם יין (200 גר`) יוגטה,ליימן שליסל בעמ,,,יח`,2,100 גרם,false,1,9.90,4.95,true,1,
7290111353482,false,מקלות חמוצים בטעם פירות 200 גר` יוגטה,ליימן שליסל בעמ,,,יח`,2,100 גרם,false,1,7.90,3.95,true,1,
7290111353680,false,גרעיני חמנייה 350 גרם קליית גת,ליימן שליסל בעמ,,,יח`,3.50,100 גרם,false,1,10,2.86,false,1,
7290111564291,false,פיטנס פריכיות דקות עם קינואה 120  גר`אסם,קבוצת אסם סחר שות. מוגבלת,,,יח`,1.20,100 גרם,false,1,11.90,9.92,true,1,
7290111564666,false,כדורי בשר מן הצומח 500 גר` טבעול,קבוצת אסם סחר שות. מוגבלת,,,יח`,5,100 גרם,false,1,29.90,5.98,true,1,
7290111564727,false,קרמוגית במילוי קרם אגוזים 200  גר`אסם,קבוצת אסם סחר שות. מוגבלת,,,יח`,2,100 גרם,false,1,11.90,5.95,false,1,
7290111566103,false,פלאפל מרכיבים ביתיים בלבד 590 גר` טבעול,קבוצת אסם סחר שות. מוגבלת,,,יח`,5.90,100 גרם,false,1,32.90,5.58,true,1,
7290111566240,false,שניצל דק בטעם צ`לי חריף 564 גר` טבעול,קבוצת אסם סחר שות. מוגבלת,,,יח`,5.64,100 גרם,false,1,32.90,5.83,true,1,
7290111566271,false,חטיפי תירס 657 גר` טבעול,קבוצת אסם סחר שות. מוגבלת,,,יח`,6.57,100 גרם,false,1,29.90,4.55,true,1,
7290111566318,false,שניצל דק מן הצומח 564 גר` טבעול,קבוצת אסם סחר שות. מוגבלת,,,יח`,5.64,100 גרם,false,1,32.90,5.83,true,1,
7290111566547,false,חזה בגריל צמחוני 99 קלוריות 560 גר` טבע,קבוצת אסם סחר שות. מוגבלת,,,יח`,5.60,100 גרם,false,1,29.90,5.34,true,1,
7290111566561,false,שניצל ברוקולי 99 קלוריות 560 גר` טבעול,קבוצת אסם סחר שות. מוגבלת,,,יח`,5.60,100 גרם,false,1,32.90,5.88,true,1,
7290111566691,false,שניצל תרד 99 קלוריות 560 גר` טבעול,קבוצת אסם סחר שות. מוגבלת,,,יח`,5.60,100 גרם,false,1,32.90,5.88,true,1,
7290111566752,false,שניצל תירס 99 קלוריות 693 גר` טבעול,קבוצת אסם סחר שות. מוגבלת,,,יח`,6.93,100 גרם,false,1,32.90,4.75,true,1,
7290111567759,false,עוגת הבית דבש קלאסית (400  גרם)אסם.,קבוצת אסם סחר שות. מוגבלת,,,יח`,4,100 גרם,false,1,11.90,2.98,false,1,
7290111568206,false,ביסלי פארטי מיקס 150  גר`אסם,קבוצת אסם סחר שות. מוגבלת,,,יח`,1.50,100 גרם,false,1,7.90,5.27,true,1,
7290111568251,false,נודלס אטריות להקפצה 350  גר`אסם,קבוצת אסם סחר שות. מוגבלת,,,יח`,3.50,100 גרם,false,1,9.90,2.83,false,1,
7290111568299,false,נודלס אטריות עם תרד 300  גר`אסם,קבוצת אסם סחר שות. מוגבלת,,,יח`,3,100 גרם,false,1,9.90,3.30,false,1,
7290111568961,false,בייגלה טבעות מלח 400 גר` אסם,קבוצת אסם סחר שות. מוגבלת,,,יח`,4,100 גרם,false,1,10.90,2.73,true,1,
7290111930898,false,פוף כוכבים גריל אמריקאי 40 גר`,ש.שסטוביץ בעמ,,,יח`,0.40,100 גרם,false,1,3.90,9.75,true,1,
7290111930904,false,פוף כוכבים בצל 40 גר`,ש.שסטוביץ בעמ,,,יח`,0.40,100 גרם,false,1,3.90,9.75,true,1,
7290111932502,false,קולגיט משחת שיינים אופטיק וייט אקספרט וי,ש.שסטוביץ בעמ,,,יח`,0.75,"100 מ""ל",false,1,29.90,39.87,false,1,
7290111933554,false,מארז עגבניות קוביות שלישייה מאסטר שף,ש.שסטוביץ בעמ,,,יח`,12,100 גרם,false,1,15.90,1.33,false,1,
7290111933561,false,תעורבת ציפוי נגטס 250  גר`מנה,ש.שסטוביץ בעמ,,,יח`,2.50,100 גרם,false,1,7.90,3.16,false,1,
7290111936784,false,פרי חטיפי בריאות מארז 5 תמרים ואגוזי לוז,ש.שסטוביץ בעמ,,,יח`,1.25,100 גרם,false,1,15.90,12.72,false,1,
7290111937231,false,פרי חטיפי בריאות מארז 5 תמרים וקוקוס כשר,ש.שסטוביץ בעמ,,,יח`,1.25,100 גרם,false,1,17.90,14.32,false,1,
7290111938481,false,רוטב סויה בהירה 300  ג`מאסטר שף,ש.שסטוביץ בעמ,,,יח`,3,"100 מ""ל",false,1,12.90,4.30,false,1,
7290111938498,false,רוטב סויה בהירה מאסטר שף (700 מל),ש.שסטוביץ בעמ,,,יח`,7,"100 מ""ל",false,1,13.90,1.99,true,1,
7290112000736,false,טבליות למדיח כלים All in 1 פיניש) (80,רקיט בנקיזר (ניר איסט) בעמ,,,יח`,1,,false,1,59.90,59.90,true,1,
7290112001221,false,קולון מנקה מכונות רגיל 250 מל,רקיט בנקיזר (ניר איסט) בעמ,,,יח`,2.50,"100 מ""ל",false,1,19.90,7.96,false,1,
7290112002112,false,קולון ג`ל 2.5 ליטר בניחוח ורדים ורוד,רקיט בנקיזר (ניר איסט) בעמ,,,יח`,2.50,1 ליטר,false,1,24.90,9.96,true,1,
7290112002136,false,קולון ג`ל 4 ליטר רגיל כחול,רקיט בנקיזר (ניר איסט) בעמ,,,יח`,4,1 ליטר,false,1,34.90,8.73,false,1,
7290112002167,false,קולון ג`ל 4 ליטר בניחוח פריחה מרענן ירוק,רקיט בנקיזר (ניר איסט) בעמ,,,יח`,4,1 ליטר,false,1,34.90,8.73,false,1,
7290112003188,false,קולון קפסולות לכביסה 60 יח קאפס,רקיט בנקיזר (ניר איסט) בעמ,,,יח`,1,,false,1,54.90,54.90,false,1,
7290112003249,false,אבקת כביסה מאסק 5 קג קולון,רקיט בנקיזר (ניר איסט) בעמ,,,יח`,5,"ק""ג",false,1,39.90,7.98,false,1,
7290112004031,false,וניש ג`ל ורוד מולטי פאואר 940מל,רקיט בנקיזר (ניר איסט) בעמ,,,יח`,9.40,"100 מ""ל",false,1,19.90,2.12,false,1,
7290112004208,false,פיניש 50 טבליות לימון AIO MAX,רקיט בנקיזר (ניר איסט) בעמ,,,יח`,1,,false,1,39.90,39.90,true,1,
7290112004703,false,וניש ג`ליסימו ורוד 750 מל,רקיט בנקיזר (ניר איסט) בעמ,,,יח`,7.50,"100 מ""ל",false,1,19.90,2.65,false,1,
7290112004963,false,פיניש אולטימייט 25 יח``,רקיט בנקיזר (ניר איסט) בעמ,,,יח`,1,,false,1,39.90,39.90,true,1,
7290112005045,false,וניש מסיר כתמים א.לכביסה לבנה 480 גר`,רקיט בנקיזר (ניר איסט) בעמ,,,יח`,4.80,100 גרם,false,1,16.90,3.52,true,1,
7290112005052,false,וניש אבקה לכביסה לבנה,רקיט בנקיזר (ניר איסט) בעמ,,,יח`,0.0150,100 גרם,false,1,39.90,2660,false,1,
7290112005168,false,פיניש קוואנטום לימון 60 קפסולות,רקיט בנקיזר (ניר איסט) בעמ,,,יח`,1,,false,1,59.90,59.90,true,1,
7290112192882,false,משחת שיניים רגישות וחניכיים מלבינה 75 מ,גורי ע.ע.ע בעמ,,,יח`,0.75,"100 מ""ל",false,1,34.90,46.53,true,1,
7290112197139,false,סבון ידיים אדום 500 מל,גורי ע.ע.ע בעמ,,,יח`,5,"100 מ""ל",false,1,7.90,1.58,false,1,
7290112330352,false,דנונה פרו 200  גר`וניל 0% שומן,שטראוס גרופ בעמ/מצונן,,,יח`,2,"100 מ""ל",false,1,5.90,2.95,false,1,
7290112330390,false,דנונה פרו 200  גר`פירות יער 0% שומן,שטראוס גרופ בעמ/מצונן,,,יח`,2,"100 מ""ל",false,1,5.90,2.95,false,1,
7290112332585,false,פריכיות משולשות-אורז  בתיבול סלק ומלח ים,שטראוס גרופ בעמ,,,יח`,0.30,100 גרם,false,1,4.90,16.33,false,1,
7290112332691,false,עוגיות קרם פסק זמן אגוזים 200 גר` עלית,שטראוס גרופ בעמ,,,יח`,2,100 גרם,false,1,10.90,5.45,true,1,
7290112334749,false,קפה טורקי עלית (200 גרם) 10% תוספת,שטראוס גרופ בעמ,,,יח`,2.20,100 גרם,false,1,15.90,7.23,true,1,
7290112335487,false,פריכיות הטעימות קצח ודגנים 135,שטראוס גרופ בעמ,,,יח`,1.35,100 גרם,false,1,12.90,9.56,true,1,
7290112335494,false,הפריכות הטעימות פוטטוס 135 גר`,שטראוס גרופ בעמ,,,יח`,1.35,100 גרם,false,1,12.90,9.56,true,1,
7290112335500,false,הפריכיות הטעימות חלבון 135 גר`,שטראוס גרופ בעמ,,,יח`,1.35,100 גרם,false,1,12.90,9.56,true,1,
7290112336613,false,עד חצות סנדוויץ 135  גר`עלית,שטראוס גרופ בעמ,,,יח`,1.35,100 גרם,false,1,10.90,8.07,false,1,
7290112336637,false,מאסט סוכריות יוגרוט תות אוכמניות 80 גר`,שטראוס גרופ בעמ,,,יח`,0.80,100 גרם,false,1,8.90,11.13,false,1,
7290112336644,false,מאסט סוכריות לימון 80 גר ללא סוכר,שטראוס גרופ בעמ,,,יח`,0.80,100 גרם,false,1,8.90,11.13,false,1,
7290112336712,false,דנונה פרו 21% חלבון 0,שטראוס גרופ בעמ/מצונן,,,יח`,2,"100 מ""ל",false,1,5.90,2.95,false,1,
7290112337474,false,מאסט סוכריות פטל לימון 80 גר ללא סוכר,שטראוס גרופ בעמ,,,יח`,0.80,100 גרם,false,1,8.90,11.13,false,1,
7290112339867,false,גמדים סקוויז בודד תות (100 גר`),שטראוס גרופ בעמ/מצונן,,,יח`,1,100 גרם,false,1,5.90,5.90,false,1,
7290112339874,false,גמדים סקוויז בודד תות בננה (100 גר`),שטראוס גרופ בעמ/מצונן,,,יח`,1,100 גרם,false,1,5.90,5.90,false,1,
7290112340122,false,פריכיות טעימות 3 דגנים 135 גר`,שטראוס גרופ בעמ,,,יח`,1.35,100 גרם,false,1,12.90,9.56,true,1,
7290112340245,false,מסטיק מאסט צנצנת בטעם דובדבן 66 גר` מגדי,שטראוס גרופ בעמ,,,יח`,0.66,100 גרם,false,1,9.90,15,true,1,
7290112341556,false,אקטיביה עם צ`יה ותות 150 גר`,שטראוס גרופ בעמ/מצונן,,,יח`,1.50,"100 מ""ל",false,1,4.50,3,false,1,
7290112341679,false,אקטיביה יוגורט 3% דנונה (200 גרם),שטראוס גרופ בעמ/מצונן,,,יח`,2,100 גרם,false,1,3.90,1.95,false,1,
7290112341686,false,אקטיביה יוגורט 3% דנונה (150x8 גרם),שטראוס גרופ בעמ/מצונן,,,יח`,0.0120,100 גרם,false,1,19.90,1658.33,false,1,
7290112342195,false,תפוצ`יפס מקלות טבעי 200 גרם כשלפ,שטראוס פריטו ליי בעמ,,,יח`,2,100 גרם,false,1,10.90,5.45,true,1,
7290112342270,false,קפה אינטנס 10% פלטינום,שטראוס גרופ בעמ,,,יח`,1.25,100 גרם,false,1,18.90,15.12,true,1,
7290112343420,false,יטבתה פרו ארוחת בוקר 350 מל,שטראוס גרופ בעמ/מצונן,,,יח`,3.50,"100 מ""ל",false,1,6.90,1.97,false,1,
7290112343499,false,צ`יטוס 55 גר` puffs,שטראוס פריטו ליי בעמ,,,יח`,0.60,100 גרם,false,1,3.50,5.83,true,1,
7290112343512,false,צ`יטוס 160  גר`puffs,שטראוס פריטו ליי בעמ,,,יח`,1.80,100 גרם,false,1,6.90,3.83,false,1,
7290112344564,false,רביולי גבינה 400  גר`kids שטראוס,שטראוס גרופ בעמ/מצונן,,,יח`,4,100 גרם,false,1,20.90,5.23,true,1,
7290112344724,false,מעדן מוס שוקולד בלונדי 133  גר`מילקי,שטראוס גרופ בעמ/מצונן,,,יח`,1.33,100 גרם,false,1,3.30,2.48,false,1,
7290112344786,false,קפה PLATINUMקלאסי 200 גר,שטראוס גרופ בעמ,,,יח`,2,100 גרם,false,1,24.90,12.45,true,1,
7290112346537,false,פינוקיות בטעם טורטית 200 גר` עלית,שטראוס גרופ בעמ,,,יח`,2,100 גרם,false,1,10.90,5.45,true,1,
7290112346629,false,דנונה בר קורנפלקס מצופה 172 גר`,שטראוס גרופ בעמ/מצונן,,,יח`,1.72,"100 מ""ל",false,1,4.40,2.56,false,1,
7290112346773,false,דנונה לייט אנד פריי וניל עם חלבון,שטראוס גרופ בעמ/מצונן,,,יח`,1.50,100 גרם,false,1,4.60,3.07,true,1,
7290112346797,false,אקטיביה שיבולת שועל ושזיף 150 גר`,שטראוס גרופ בעמ/מצונן,,,יח`,1.50,"100 מ""ל",false,1,4.60,3.07,false,1,
7290112347008,false,גמדים ארוחת בוקר תות סקוויז 100 גר,שטראוס גרופ בעמ/מצונן,,,יח`,1,100 גרם,false,1,5.90,5.90,false,1,
7290112348142,false,שעועית לבנה 380  גר`טעם הטבע קופסה,שטראוס גרופ בעמ,,,יח`,3.80,100 גרם,false,1,6.90,1.82,true,1,
7290112348616,false,קפה נמס אגוזי לוז (100  גר)עלית,שטראוס גרופ בעמ,,,יח`,1,100 גרם,false,1,16.90,16.90,false,1,
7290112349606,false,דניאלה מעדן בטעם תות בננה שטראוס (88 גרם,שטראוס גרופ בעמ/מצונן,,,יח`,1.50,"100 מ""ל",false,1,4,2.67,false,1,
7290112349736,false,רוטב עגבניות לפסטה 350  גר`בזיליקום,שטראוס גרופ בעמ,,,יח`,3.50,100 גרם,false,1,10.90,3.11,true,1,
7290112349750,false,רוטב עגבניות לפיצה 350 גר`,שטראוס גרופ בעמ,,,יח`,3.50,100 גרם,false,1,10.90,3.11,true,1,
7290112351067,false,סילאן טבעי לחיץ 630  גר`יד מרדכי,שטראוס גרופ בעמ,,,יח`,6.30,100 גרם,false,1,23.90,3.79,false,1,
7290112351524,false,עלי חסה סלנובה 200 גר טעם הטבע,שטראוס גרופ בעמ/מצונן,,,יח`,2,100 גרם,false,1,12.90,6.45,false,1,
7290112354211,false,דלישס שטראוס פיצה מרגריטה,קפוא-זן תעשיות מזון בעמ - תפוג,,,יח`,4,100 גרם,false,1,26.90,6.73,true,1,
7290112354235,false,דלישס שטראוס ברקטה פיצה,קפוא-זן תעשיות מזון בעמ - תפוג,,,יח`,3,100 גרם,false,1,26.90,8.97,true,1,
7290112354945,false,תפוצ`יפס (50  גרם)היתר מכירה,שטראוס פריטו ליי בעמ,,,יח`,0.50,100 גרם,false,1,3.90,7.80,false,1,
7290112355027,false,דנונה פרו 20  גר`חלבון בטעם קרמל  מלוח(,שטראוס גרופ בעמ/מצונן,,,יח`,2,"100 מ""ל",false,1,5.90,2.95,false,1,
7290112355263,false,רוטב שמנת עם שוקולד (260 מל ),שטראוס גרופ בעמ/מצונן,,,יח`,2.60,"100 מ""ל",false,1,9.90,3.81,true,1,
7290112355393,false,רוטב שמנת עם בטטה 9% יטבתה (250 מל),שטראוס גרופ בעמ/מצונן,,,יח`,2.50,"100 מ""ל",false,1,9.90,3.96,true,1,
7290112355775,false,סימפוניה 200 גר` עירית שטראוס,שטראוס גרופ בעמ/מצונן,,,יח`,2,100 גרם,false,1,11.40,5.70,true,1,
7290112357106,false,שעועית אדומה 380  גר`טעם הטבע קופסה,שטראוס גרופ בעמ,,,יח`,3.80,100 גרם,false,1,6.90,1.82,true,1,
7290112357113,false,גרגרי חומוס 380 גר טעם הטבע קופסה,שטראוס גרופ בעמ,,,יח`,3.80,100 גרם,false,1,6.90,1.82,true,1,
7290112358127,false,דנונה פרו 20  גר`חלבון עם  מגנזיום( 200,שטראוס גרופ בעמ/מצונן,,,יח`,2,100 גרם,false,1,6.50,3.25,false,1,
7290112358219,false,רוטב צ`ילי מתוק יד מרדכי (300 גר`),שטראוס גרופ בעמ,,,יח`,3,100 גרם,false,1,13.90,4.63,false,1,
7290112358240,false,רוטב גריל 300  גר`יד מרדכי,שטראוס גרופ בעמ,,,יח`,3,100 גרם,false,1,13.90,4.63,false,1,
7290112358431,false,ביסקוויט עד חצות דאבל 200 גר`,שטראוס גרופ בעמ,,,יח`,2,100 גרם,false,1,13.90,6.95,true,1,
7290112358561,false,קפה פלטינום קלאסיק 47  גר`עלית,שטראוס גרופ בעמ,,,יח`,0.47,100 גרם,false,1,5.90,12.55,false,1,
7290112480750,false,כפית רנסנס צבעוני 10 יח` לפיד,פאלאס תעשיות נטו (2014) בעמ,,,יח`,1,,false,1,6.90,6.90,true,1,
7290112482341,false,צלחת קטנה קיסר לבן-כסף  10 יח לפיד,פאלאס תעשיות נטו (2014) בעמ,,,יח`,1,,false,1,20.90,20.90,false,1,
7290112482372,false,צלחת מרק קיסר לבן-כסף  10 יח לפיד,פאלאס תעשיות נטו (2014) בעמ,,,יח`,1,,false,1,19.90,19.90,false,1,
7290112482402,false,צלחת גדולה קיסר שחור-כסף  10 יח לפיד,פאלאס תעשיות נטו (2014) בעמ,,,יח`,1,,false,1,26.90,26.90,false,1,
7290112482426,false,צלחת מרק קיסר שחור-כסף  10 יח לפיד,פאלאס תעשיות נטו (2014) בעמ,,,יח`,1,,false,1,19.90,19.90,false,1,
7290112482693,false,גביע איחסון אמריקאי 480 מל לפיד 6יח,פאלאס תעשיות נטו (2014) בעמ,,,יח`,1,,false,1,5.90,5.90,true,1,
7290112483430,false,כפות שקופות לפיד 50 יח,פאלאס תעשיות נטו (2014) בעמ,,,יח`,1,,false,1,7.90,7.90,true,1,
7290112483447,false,כפיות שקופות לפיד 50 יח,פאלאס תעשיות נטו (2014) בעמ,,,יח`,1,,false,1,7.90,7.90,true,1,
7290112483454,false,מזלגות שקופות לפיד 50 יח,פאלאס תעשיות נטו (2014) בעמ,,,יח`,1,,false,1,7.90,7.90,true,1,
7290112483461,false,סכינים שקופות לפיד 50 יח,פאלאס תעשיות נטו (2014) בעמ,,,יח`,1,,false,1,7.90,7.90,true,1,
7290112484314,false,צלחות לפתן שקוף 25 יח לפיד,פאלאס תעשיות נטו (2014) בעמ,,,יח`,1,,false,1,6.90,6.90,true,1,
7290112484345,false,קעריות אובלי שקוף25 יח לפיד,פאלאס תעשיות נטו (2014) בעמ,,,יח`,1,,false,1,6.90,6.90,true,1,
7290112490032,false,מרק נמס בכוס תירס קנור,יוניליוור ישראל שיווק בעמ,,,יח`,0.45,100 גרם,false,1,6.90,15.33,true,1,
7290112490117,false,קליק טבלאות שוקולד עם וופל ואגוזים 85 גר,יוניליוור ישראל שיווק בעמ,,,יח`,0.85,100 גרם,false,1,5.90,6.94,true,1,
7290112490209,false,מרק נמס בכוס עגבניות קנור) (2*28,יוניליוור ישראל שיווק בעמ,,,יח`,0.56,100 גרם,false,1,6.90,12.32,true,1,
7290112490230,false,מרק נמס בכוס אפונה קנור) (25*2,יוניליוור ישראל שיווק בעמ,,,יח`,0.50,100 גרם,false,1,6.90,13.80,true,1,
7290112490650,false,קונפיטורת תות שדה  (340788  גר`),יוניליוור ישראל שיווק בעמ,,,יח`,3.40,100 גרם,false,1,13.90,4.09,true,1,
7290112490667,false,קונפיטורת משמשים  (788 340  גר`),יוניליוור ישראל שיווק בעמ,,,יח`,3.40,100 גרם,false,1,13.90,4.09,true,1,
7290112490674,false,קונפיטורת דובדבנים  (788 340  גר`),יוניליוור ישראל שיווק בעמ,,,יח`,3.40,100 גרם,false,1,13.90,4.09,true,1,
7290112490742,false,מרק עשיר פטריות עם גריסים קנור רכיבים טב,יוניליוור ישראל שיווק בעמ,,,יח`,1.04,100 גרם,false,1,12.90,12.40,true,1,
7290112490759,false,מרק עשיר עוף עם אטריות קנור רכיבים טבעיי,יוניליוור ישראל שיווק בעמ,,,יח`,0.74,100 גרם,false,1,12.90,17.43,true,1,
7290112491558,false,שוקולד מריר פרווה ורד הגליל (100x6 גרם),יוניליוור ישראל שיווק בעמ,,,יח`,6,100 גרם,false,1,22.90,3.82,true,1,
7290112492449,false,שמפו פינוק שיער רגיל 700 מל,יוניליוור ישראל שיווק בעמ,,,יח`,7,100 גרם,false,1,12.90,1.84,true,1,
7290112492456,false,שמפו לשיער יבש פינוק (700 מל),יוניליוור ישראל שיווק בעמ,,,יח`,7,"100 מ""ל",false,1,12.90,1.84,true,1,
7290112492470,false,שמפו ומרכך פינוק 2ב (7001 מל),יוניליוור ישראל שיווק בעמ,,,יח`,7,"100 מ""ל",false,1,12.90,1.84,true,1,
7290112492487,false,שמפו פינוקשמן מרוקאי (700מל),יוניליוור ישראל שיווק בעמ,,,יח`,7,"100 מ""ל",false,1,12.90,1.84,true,1,
7290112492500,false,שמפו פינוקשמן קוקוס (700מל),יוניליוור ישראל שיווק בעמ,,,יח`,7,"100 מ""ל",false,1,12.90,1.84,true,1,
7290112492531,false,מרכך לשיער רגיל (700  מל)פינוק,יוניליוור ישראל שיווק בעמ,,,יח`,7,"100 מ""ל",false,1,12.90,1.84,true,1,
7290112492548,false,מרכך לשיער יבש (700  מל)פינוק,יוניליוור ישראל שיווק בעמ,,,יח`,7,"100 מ""ל",false,1,12.90,1.84,true,1,
7290112492593,false,תחליב רחצה רגיל 700 מל פינוק,יוניליוור ישראל שיווק בעמ,,,יח`,7,"100 מ""ל",false,1,12.90,1.84,true,1,
7290112492609,false,תחליב רחצה לבנדר ווניל (700  מל)פינוק,יוניליוור ישראל שיווק בעמ,,,יח`,7,"100 מ""ל",false,1,12.90,1.84,true,1,
7290112492647,false,פינוק לגבר 3ב1 ספורט (700 מל),יוניליוור ישראל שיווק בעמ,,,יח`,7,"100 מ""ל",false,1,12.90,1.84,true,1,
7290112492982,false,מרק פטריות רכיבים טבעיים 400  גר`קנור,יוניליוור ישראל שיווק בעמ,,,יח`,4,100 גרם,false,1,27.90,6.98,true,1,
7290112493088,false,נמס בכוס עדשים 100% רכיבים טביעיים קנור,יוניליוור ישראל שיווק בעמ,,,יח`,0.54,100 גרם,false,1,6.90,12.78,false,1,
7290112493293,false,נמס בכוס ירקות 100% רכיבים טביעיים קנור,יוניליוור ישראל שיווק בעמ,,,יח`,0.44,100 גרם,false,1,6.90,15.68,true,1,
7290112493927,false,שטראוס קרמיסימו בטעם ריבת חלב,גלידות שטראוס בעמ,,,יח`,1.33,1 ליטר,false,1,18.90,14.21,false,1,
7290112494276,false,חטיף קליק כריות 65 גר`,יוניליוור ישראל שיווק בעמ,,,יח`,0.65,100 גרם,false,1,5.90,9.08,true,1,
7290112494283,false,חטיף כדורים מעורב חום לבו 65  גר`קליק,יוניליוור ישראל שיווק בעמ,,,יח`,0.65,100 גרם,false,1,5.90,9.08,true,1,
7290112494313,false,חטיף קליק קורנפלקס 65 גר`,יוניליוור ישראל שיווק בעמ,,,יח`,0.65,100 גרם,false,1,5.90,9.08,true,1,
7290112494351,false,קורנפלקס של אלופים תלמה (850 גרם).בדצ,יוניליוור ישראל שיווק בעמ,,,יח`,8.50,100 גרם,false,1,18.90,2.22,false,1,
7290112494382,false,פירה בטעם ביתי 260  גר`קנור,יוניליוור ישראל שיווק בעמ,,,יח`,2.60,100 גרם,false,1,8.90,3.42,false,1,
7290112494825,false,תרחיץ פנים לעור רגיש (180 מל)דאב,יוניליוור ישראל שיווק בעמ,,,יח`,1.80,"100 מ""ל",false,1,17.90,9.94,true,1,
7290112495006,false,כריות נוגט 686  גר`תלמה,יוניליוור ישראל שיווק בעמ,,,יח`,6.86,100 גרם,false,1,24.90,3.63,false,1,
7290112495037,false,קוקומן כדורים 375  גר`תלמה,יוניליוור ישראל שיווק בעמ,,,יח`,3.75,100 גרם,false,1,21.90,5.84,true,1,
7290112495044,false,דגני קוקומן פצפוצים תלמה (375 גרם),יוניליוור ישראל שיווק בעמ,,,יח`,3.75,100 גרם,false,1,21.90,5.84,true,1,
7290112495150,false,נשנושי קרקר עיגולים מלוחים 300 גר`,יוניליוור ישראל שיווק בעמ,,,יח`,3,100 גרם,false,1,12.90,4.30,true,1,
7290112495167,false,נשנושי קרקר משולשי שומשום 300 גר,יוניליוור ישראל שיווק בעמ,,,יח`,3,100 גרם,false,1,12.90,4.30,true,1,
7290112495174,false,נשנושי קרקר קוקטייל שומשום 300 גר`,יוניליוור ישראל שיווק בעמ,,,יח`,3,100 גרם,false,1,12.90,4.30,true,1,
7290112495228,false,קורנפלקס דבש 448  גר`תלמה,יוניליוור ישראל שיווק בעמ,,,יח`,4.48,100 גרם,false,1,16.90,3.77,true,1,
7290112495433,false,דליפקאן תוספת אגוזי פקאן ושקדים תלמה (40,יוניליוור ישראל שיווק בעמ,,,יח`,4,100 גרם,false,1,22.90,5.73,true,1,
7290112495488,false,קורנפלקס ללא גלוטן תלמה 500 גרם,יוניליוור ישראל שיווק בעמ,,,יח`,5,100 גרם,false,1,15.90,3.18,true,1,
7290112495747,false,רוטב צ`ילי מתוק 340  מל( 70% מופחת סוכר),יוניליוור ישראל שיווק בעמ,,,יח`,3.40,"100 מ""ל",false,1,12.90,3.79,true,1,
7290112495754,false,רוטב לסלט אלף האיים הלמנס (305 מל),יוניליוור ישראל שיווק בעמ,,,יח`,3.05,"100 מ""ל",false,1,12.90,4.23,true,1,
7290112496034,false,סירופ בטעם מייפל אפיכל כשלפ 580 גרם,יוניליוור ישראל שיווק בעמ,,,יח`,5.80,100 גרם,false,1,11.90,2.05,false,1,
7290112496195,false,אקס בושם כיס בלאק,יוניליוור ישראל שיווק בעמ,,,יח`,1,,false,1,10,10,true,1,
7290112496201,false,אקס בושם כיס שוקולד,יוניליוור ישראל שיווק בעמ,,,יח`,1,,false,1,10,10,true,1,
7290112496430,false,נמס בכוס אקסטרה עגבניות,יוניליוור ישראל שיווק בעמ,,,יח`,0.37,100 גרם,false,1,4.90,13.24,false,1,
7290112496461,false,נמס בכוס אקסטרא ירקות 32 גר`,יוניליוור ישראל שיווק בעמ,,,יח`,0.32,100 גרם,false,1,4.90,15.31,false,1,
7290112497031,false,רוטב עגבניות לקציצות 415  גר`קנור,יוניליוור ישראל שיווק בעמ,,,יח`,4.15,100 גרם,false,1,12.90,3.11,true,1,
7290112497123,false,אבקת להכנת סחלב קנור (112 גר`),יוניליוור ישראל שיווק בעמ,,,יח`,1.12,100 גרם,false,1,13.90,12.41,true,1,
7290112498298,false,אל סבון ידיים פינוק בתוספת שמן מרוקאי 95,יוניליוור ישראל שיווק בעמ,,,יח`,9.50,"100 מ""ל",false,1,11.90,1.25,true,1,
7290112498885,false,מאגדת גודי`ז תותים ושוקולד לבן,גלידות שטראוס בעמ,,,יח`,3.42,100 גרם,false,1,30.90,9.04,false,1,
7290112498915,false,מאגדת-מיני מגנום שקדים מובחרים,גלידות שטראוס בעמ,,,יח`,2.50,100 גרם,false,1,27.90,11.16,false,1,
7290112498939,false,בומבה,גלידות שטראוס בעמ,,,יח`,1,,false,1,7.90,7.90,true,1,
7290112499097,false,מאגדת-מיני מגנום שוקולד מריר,גלידות שטראוס בעמ,,,יח`,1,,false,1,32.90,32.90,false,1,
7290112499110,false,קורנטו קלאסיק וניל,גלידות שטראוס בעמ,,,יח`,1,,false,1,6.60,6.60,true,1,
7290112499127,false,מגנום שוקולד לבן ותות 77 גר`,גלידות שטראוס בעמ,,,יח`,1,,false,1,9.90,9.90,true,1,
7290112499189,false,שטראוס קרמיסימו חד קרן,גלידות שטראוס בעמ,,,יח`,1.33,1 ליטר,false,1,18.90,14.21,false,1,
7290112499196,false,שטראוס קרמיסימו החלב של הקורנפלקס,גלידות שטראוס בעמ,,,יח`,1.33,1 ליטר,false,1,18.90,14.21,false,1,
7290112499219,false,מאגדת גודיז בטעמי פיסטוק ושוקולד שטראוס,גלידות שטראוס בעמ,,,יח`,2.35,100 גרם,false,1,30.90,13.15,false,1,
7290112499462,false,תחליב רחצה שמן קוקוס 700 מל פינוק,יוניליוור ישראל שיווק בעמ,,,יח`,7,"100 מ""ל",false,1,12.90,1.84,true,1,
7290112499479,false,פינוק שמפו בתוספת קרטין 700 מל,יוניליוור ישראל שיווק בעמ,,,יח`,7,"100 מ""ל",false,1,12.90,1.84,true,1,
7290112499639,false,טילון סופר מגנום וניל צ`פי ושוקולד,גלידות שטראוס בעמ,,,יח`,1,,false,1,9.90,9.90,true,1,
7290112499646,false,טילון קורנטו סופר פקאן שטראוס,גלידות שטראוס בעמ,,,יח`,1,,false,1,9.90,9.90,true,1,
7290112499837,false,מגנום דואט שוקו לד עם נוגט שטראוס,גלידות שטראוס בעמ,,,יח`,0.90,100 גרם,false,1,9.90,11,true,1,
7290112499929,false,מגנום שוקולד 85  גר`שטראוס,גלידות שטראוס בעמ,,,יח`,1,,false,1,9.90,9.90,true,1,
7290112499936,false,מגנום שקדים 85 גר`,גלידות שטראוס בעמ,,,יח`,1,,false,1,9.90,9.90,true,1,
7290112499981,false,שלגון פסק זמן חום,גלידות שטראוס בעמ,,,יח`,1,,false,1,9.90,9.90,true,1,
7290112961266,false,בייגלה כפיות פיזור איטלקי 300 גר` אסם,קבוצת אסם סחר שות. מוגבלת,,,יח`,3,100 גרם,false,1,9.90,3.30,true,1,
7290112961372,false,חטיפי פריכיות דקות קינמון 60 גר` פיטנס,קבוצת אסם סחר שות. מוגבלת,,,יח`,0.60,100 גרם,false,1,8.90,14.83,true,1,
7290112961440,false,פיטנס בר פריכיות שוקולד מריר 84 גר,קבוצת אסם סחר שות. מוגבלת,,,יח`,0.84,100 גרם,false,1,14.90,17.74,true,1,
7290112961464,false,חטיפי פריכיות דקות מתובלות 60 גר` פיטנס,קבוצת אסם סחר שות. מוגבלת,,,יח`,0.60,100 גרם,false,1,8.90,14.83,true,1,
7290112962287,false,שווארמה טבעונית 450 גר` טבעול,קבוצת אסם סחר שות. מוגבלת,,,יח`,4.50,100 גרם,false,1,32.90,7.31,true,1,
7290112963918,false,חטיפי קרקר דק רוזמרין 140 גר` פיטנס,קבוצת אסם סחר שות. מוגבלת,,,יח`,1.40,100 גרם,false,1,11.90,8.50,true,1,
7290112964410,false,רוטב אלף האיים לסלט ( 290 גר`) אסם,קבוצת אסם סחר שות. מוגבלת,,,יח`,2.90,"100 מ""ל",false,1,11.90,4.10,true,1,
7290112964434,false,רוטב לסלט קיסר אסם (295 מל),קבוצת אסם סחר שות. מוגבלת,,,יח`,2.90,"100 מ""ל",false,1,11.90,4.10,true,1,
7290112964458,false,רוטב לסלט וינגרט אסם (295 מל),קבוצת אסם סחר שות. מוגבלת,,,יח`,2.95,"100 מ""ל",false,1,11.90,4.03,true,1,
7290112964472,false,רוטב שום לסלט (290 גר`) אסם,קבוצת אסם סחר שות. מוגבלת,,,יח`,2.90,"100 מ""ל",false,1,11.90,4.10,true,1,
7290112964564,false,רוטב אלף האיים לייט לסלט אסם (295 מל),קבוצת אסם סחר שות. מוגבלת,,,יח`,2.95,"100 מ""ל",false,1,11.90,4.03,true,1,
7290112964601,false,רוטב בנוסח סצואן 290 מל אסם,קבוצת אסם סחר שות. מוגבלת,,,יח`,2.90,"100 מ""ל",false,1,14.90,5.14,true,1,
7290112964724,false,המבורגר טבעוני 580 גר` טבעול,קבוצת אסם סחר שות. מוגבלת,,,יח`,5.04,100 גרם,false,1,32.90,6.53,true,1,
7290112965165,false,מרק נמס בטעם פטריות אסם (24x2  גרם)בדצ,קבוצת אסם סחר שות. מוגבלת,,,יח`,0.48,100 גרם,false,1,5.90,12.29,false,1,
7290112965240,false,זוג מרק נמס עגבניות 60  גר`אסם בדצ,קבוצת אסם סחר שות. מוגבלת,,,יח`,0.60,100 גרם,false,1,5.90,9.83,false,1,
7290112965264,false,מרק נמס סוף זוג אפונה בדצ,קבוצת אסם סחר שות. מוגבלת,,,יח`,0.52,100 גרם,false,1,5.90,11.35,false,1,
7290112965288,false,מרק נמס בטעם ירקות אסם 52 גר`,קבוצת אסם סחר שות. מוגבלת,,,יח`,0.52,100 גרם,false,1,5.90,11.35,false,1,
7290112965325,false,אורז ספרדי 140  גר`אסם,קבוצת אסם סחר שות. מוגבלת,,,יח`,1.40,100 גרם,false,1,11.90,8.50,false,1,
7290112965585,false,פסטה קסרצה 500  גר`פרפקטו אסם,קבוצת אסם סחר שות. מוגבלת,,,יח`,5,100 גרם,false,1,7.90,1.58,false,1,
7290112965660,false,חטיף מולטיגריין מלח פלפל ( 25 גר`) פיטנס,קבוצת אסם סחר שות. מוגבלת,,,יח`,1,,false,1,5,5,true,1,
7290112965707,false,חטיף מולטיגריין צ`לי מעודן ( 25 גר`) פיט,קבוצת אסם סחר שות. מוגבלת,,,יח`,1,100 גרם,false,1,5,5,true,1,
7290112965868,false,קרם קרקר במליחות מעודנת 250  גר`אסם,קבוצת אסם סחר שות. מוגבלת,,,יח`,2.50,100 גרם,false,1,9.90,3.96,true,1,
7290112966001,false,ארוחת ירוקים 450 גר` טבעול גורמה,קבוצת אסם סחר שות. מוגבלת,,,יח`,4.50,100 גרם,false,1,34.90,7.76,true,1,
7290112966025,false,בייגלה כפיות כפרי טוגו 60  גר`אסם,קבוצת אסם סחר שות. מוגבלת,,,יח`,0.60,100 גרם,false,1,2.90,4.83,false,1,
7290112966094,false,עוגת הבית בטעם תפוז מופחת סוכראסם (400 ג,קבוצת אסם סחר שות. מוגבלת,,,יח`,4,100 גרם,false,1,11.90,2.98,false,1,
7290112966247,false,לחמית כוסמין 200  גר`אסם,קבוצת אסם סחר שות. מוגבלת,,,יח`,2,100 גרם,false,1,10.90,5.45,true,1,
7290112966445,false,במבה מתוקה אריזה גדולה 100  גר`אסם,קבוצת אסם סחר שות. מוגבלת,,,יח`,1,100 גרם,false,1,8.90,8.90,false,1,
7290112966803,false,אינסטנט פודינג בטעם שוקולד אסם (88 גרם),קבוצת אסם סחר שות. מוגבלת,,,יח`,0.88,100 גרם,false,1,5.90,6.70,false,1,
7290112966841,false,פודינג בטעם שוקולד מריר 90  גר`אסם,קבוצת אסם סחר שות. מוגבלת,,,יח`,0.90,100 גרם,false,1,5.90,6.56,false,1,
7290112967114,false,חטיפי פריכיות קטניות ופלפל 60 גר` פיטנס,קבוצת אסם סחר שות. מוגבלת,,,יח`,0.60,100 גרם,false,1,8.90,14.83,true,1,
7290112967381,false,חטיפי פריכיות קטניות ומלח ים 60 גר פיטנס,קבוצת אסם סחר שות. מוגבלת,,,יח`,0.60,100 גרם,false,1,8.90,14.83,true,1,
7290112968203,false,סלט טחינה בלאדי 250  גר`צבר,קבוצת אסם סחר שות. מוגבלת,,,יח`,2.50,100 גרם,false,1,9.90,3.96,false,1,
7290112968807,false,חטיפי קרקר דק סלק 140 גר` פיטנס,קבוצת אסם סחר שות. מוגבלת,,,יח`,1.40,100 גרם,false,1,11.90,8.50,true,1,
7290112968821,false,חטיפי קרקר דק בטטה 140 גר` פיטנס,קבוצת אסם סחר שות. מוגבלת,,,יח`,1.40,100 גרם,false,1,11.90,8.50,true,1,
7290113192102,false,דפי אורז עגולים250 גר,דין שיווק וקליה 2021 בעמ,,,יח`,2.50,100 גרם,false,1,8.90,3.56,true,1,
7290113192300,false,חרוזית מושחר 275 גר` בית השיטה,קבוצת אסם סחר שות. מוגבלת,,,יח`,2.75,100 גרם,false,1,10.90,3.96,false,1,
7290113192331,false,זיתים ירוקים שלמים גדולים 340 גר`,קבוצת אסם סחר שות. מוגבלת,,,יח`,3.40,100 גרם,false,1,9.90,2.91,false,1,
7290113192348,false,זית ירוק טעם שום  (34017-19 גר`),קבוצת אסם סחר שות. מוגבלת,,,יח`,3.40,100 גרם,false,1,10.90,3.21,true,1,
7290113192355,false,זיתים חרוזית ירוק A2 בית השיטה,קבוצת אסם סחר שות. מוגבלת,,,יח`,5.60,100 גרם,false,1,10.90,1.95,true,1,
7290113192362,false,זיתים ירוקים טבעות (560  גרם)בית השיטה,קבוצת אסם סחר שות. מוגבלת,,,יח`,5.60,100 גרם,false,1,10.90,1.95,false,1,
7290113192386,false,זיתים סורי מבוקע A2 בית השיטה,קבוצת אסם סחר שות. מוגבלת,,,יח`,5.60,100 גרם,false,1,9.90,1.77,false,1,
7290113192393,false,קוקטייל זיתים בית השיטה (336 גרם),קבוצת אסם סחר שות. מוגבלת,,,יח`,3.36,100 גרם,false,1,11.90,3.54,false,1,
7290113192478,false,מלפפון במלח 10-12 A2 בית השיטה,קבוצת אסם סחר שות. מוגבלת,,,יח`,3.20,100 גרם,false,1,7.90,2.47,true,1,
7290113192492,false,מלפפון בחומץ 13-17 A2 בית  השיטה( 290 ג,קבוצת אסם סחר שות. מוגבלת,,,יח`,3.20,100 גרם,false,1,10.90,3.41,false,1,
7290113192508,false,מלפפון במלח 13-17 A2 בית  השיטה( 320 גר`,קבוצת אסם סחר שות. מוגבלת,,,יח`,3.20,100 גרם,false,1,10.90,3.41,false,1,
7290113192515,false,מלפפון במלח 18-25 A2 בית  השיטה( 320 גר`,קבוצת אסם סחר שות. מוגבלת,,,יח`,3.20,100 גרם,false,1,12.90,4.03,false,1,
7290113192522,false,מלפפון בחומץ 18-25 A2 בית  השיטה( 320 גר,קבוצת אסם סחר שות. מוגבלת,,,יח`,3.20,100 גרם,false,1,12.90,4.03,false,1,
7290113192553,false,מלפפון במלח בלאדי 13-17 בית  השיטה( 320,קבוצת אסם סחר שות. מוגבלת,,,יח`,3.20,100 גרם,false,1,10.90,3.41,false,1,
7290113192560,false,פלפל חריף כבוש שיפקה בית השיטה (430 גר`),קבוצת אסם סחר שות. מוגבלת,,,יח`,4.30,100 גרם,false,1,7.90,1.84,true,1,
7290113192577,false,כרוב כבוש בית השיטה (430 גר`),קבוצת אסם סחר שות. מוגבלת,,,יח`,4.30,100 גרם,false,1,7.90,1.84,false,1,
7290113192881,false,טורטיה חיטה מופחת קלוריות 270 גר,דין שיווק וקליה 2021 בעמ,,,יח`,2.70,100 גרם,false,1,9.90,3.67,true,1,
7290113193000,false,פלפל שיפקונית 230  גר`בית השיטה,קבוצת אסם סחר שות. מוגבלת,,,יח`,2.30,100 גרם,false,1,10.90,4.74,false,1,
7290113193406,false,טבעות קוקטייל זיתים 280  גר`בית השיטה,קבוצת אסם סחר שות. מוגבלת,,,יח`,2.80,100 גרם,false,1,12.90,4.61,false,1,
7290113194090,false,טבעות קלמטה 280  גר`בית השיטה,קבוצת אסם סחר שות. מוגבלת,,,יח`,2.80,100 גרם,false,1,10.90,3.89,false,1,
7290113196001,false,פסטה ספגטי שקדיה 500 גר` .,דין שיווק וקליה 2021 בעמ,,,יח`,5,100 גרם,false,1,3.90,0.78,true,1,
7290113196018,false,פסטה ביסלי שקדיה 500 גר`.,דין שיווק וקליה 2021 בעמ,,,יח`,5,100 גרם,false,1,3.90,0.78,true,1,
7290113196025,false,פסטה צינורות שקדיה 500 גר` .,דין שיווק וקליה 2021 בעמ,,,יח`,5,100 גרם,false,1,3.90,0.78,true,1,
7290113196032,false,פסטה צדפים שקדיה 500 גר` .,דין שיווק וקליה 2021 בעמ,,,יח`,5,100 גרם,false,1,3.90,0.78,true,1,
7290113196414,false,אורז בסמטי 1 קג שקדיה,דין שיווק וקליה 2021 בעמ,,,יח`,1,"ק""ג",false,1,9.90,9.90,false,1,
7290113196490,false,פרכיות כוסמת צ`יה במליחות עדינה 150 גר`,דין שיווק וקליה 2021 בעמ,,,יח`,1.50,100 גרם,false,1,10.90,7.27,true,1,
7290113196513,false,פרכיות כוסמת שקדים במליחות עדינה 150 גר`,דין שיווק וקליה 2021 בעמ,,,יח`,1.50,100 גרם,false,1,10.90,7.27,true,1,
7290113196520,false,פרכיות כוסמין ללא מלח 150 גר`,דין שיווק וקליה 2021 בעמ,,,יח`,1.50,100 גרם,false,1,10.90,7.27,true,1,
7290113196896,false,תרסיס שמן זית 170 מל שקדיה,דין שיווק וקליה 2021 בעמ,,,יח`,1.70,"100 מ""ל",false,1,12.90,7.59,true,1,
7290113197169,false,שקדיה חמאת בוטנים עם שברי בוטנים 510 גר,דין שיווק וקליה 2021 בעמ,,,יח`,5.10,100 גרם,false,1,15.90,3.12,false,1,
7290113197176,false,שקדיה חמאת בוטנים 510 גר,דין שיווק וקליה 2021 בעמ,,,יח`,5.10,100 גרם,false,1,15.90,3.12,false,1,
7290113198562,false,סוכריות גומי בטעם תות שדה 200 גר`,דין שיווק וקליה 2021 בעמ,,,יח`,2,100 גרם,false,1,9.90,4.95,true,1,
7290113198579,false,סוכריות גומי דובונים בטעמי פירות 200 גר`,דין שיווק וקליה 2021 בעמ,,,יח`,2,100 גרם,false,1,9.90,4.95,true,1,
7290113198593,false,סוכריות גומי נחשים בטעם בננה 200 גר`,דין שיווק וקליה 2021 בעמ,,,יח`,2,100 גרם,false,1,9.90,4.95,true,1,
7290113198609,false,סוכריות גומי נחשים בטעמי פירות 200 גר`,דין שיווק וקליה 2021 בעמ,,,יח`,2,100 גרם,false,1,9.90,4.95,true,1,
7290113199323,false,טורטיה מיני 150 גר`,דין שיווק וקליה 2021 בעמ,,,יח`,1.50,100 גרם,false,1,4.90,3.27,false,1,
7290113199910,false,סוכריות חמצוצים בטעם קולה 180 גר`,דין שיווק וקליה 2021 בעמ,,,יח`,1.80,100 גרם,false,1,9.90,5.50,true,1,
7290113305854,false,סופרים בקר לחתול 400 גר,שחורי אריה ואנסטסיה,,,יח`,4,100 גרם,false,1,4,1,false,1,
7290113560055,false,מי פה פרודנטקס ( 500 מל ),גורי ע.ע.ע בעמ,,,יח`,5,"100 מ""ל",false,1,29.90,5.98,true,1,
7290114310215,false,טרה שמנת מתוקה עמידה בקבוק 38% 250 מל,החב` המרכזית - טרה,,,יח`,2.50,"100 מ""ל",false,1,6.47,2.59,false,1,
7290114310239,false,חלב נטול לקטוז  מעושר( 1.5  ליטר)בויטמין,החב` המרכזית - טרה,,,יח`,0.0150,"100 מ""ל",false,1,12.50,833.33,false,1,
7290114310536,false,יוגורט מולר אקטיב וניל חלבון 25 גר`,החב` המרכזית - טרה,,,יח`,2,100 גרם,false,1,6.20,3.10,true,1,
7290114310567,false,צוריאל לאבנה עיזים 5% 200 גר,החב` המרכזית - טרה,,,יח`,2,100 גרם,false,1,14.60,7.30,true,1,
7290114310611,false,משקה חלב בננה בבקבוק 250 מל טרה,החב` המרכזית - טרה,,,יח`,2.50,"100 מ""ל",false,1,5.20,2.08,false,1,
7290114310673,false,לאבנה מחלב בקר 9% שומן 250 גרם,החב` המרכזית - טרה,,,יח`,2.50,100 גרם,false,1,12.50,5,false,1,
7290114310895,false,מאגדת שמינייה מולר סיפלי מנגו ותות,החב` המרכזית - טרה,,,יח`,1,,false,1,31.40,31.40,false,1,
7290114311014,false,אייס קפוצ`ינו פקק ספורט 250 מל טרה,החב` המרכזית - טרה,,,יח`,2.50,"100 מ""ל",false,1,5.20,2.08,false,1,
7290114311038,false,שמנת מתוקה 32% בבקבוק 250 מל טרה,החב` המרכזית - טרה,,,יח`,2.50,"100 מ""ל",false,1,6.90,2.76,false,1,
7290114311069,false,יוגורט מולר אקטיב 0% לבן חלבון 25 גר,החב` המרכזית - טרה,,,יח`,2,100 גרם,false,1,6.20,3.10,true,1,
7290114311298,false,קציפת תות בננה מלון מולר פרופ 150 גר`,החב` המרכזית - טרה,,,יח`,1.50,"100 מ""ל",false,1,5.30,3.53,false,1,
7290114311328,false,חלב נטול לקטוז מועשר בוויטמין D טרה,החב` המרכזית - טרה,,,יח`,1,1 ליטר,false,1,7.50,7.50,false,1,
7290114311359,false,קציפת מנגו 3% שומן מולר פרופ 150 גר`,החב` המרכזית - טרה,,,יח`,1.50,"100 מ""ל",false,1,5.30,3.53,false,1,
7290114311458,false,חלב קרטון 3% מועשר ויטמין די 1 ליטר,החב` המרכזית - טרה,,,יח`,1,1 ליטר,false,1,7.10,7.10,false,1,
7290114600927,false,עלי טורטיה חיטה מלאה 320 גר` מאסטר שף,ש.שסטוביץ בעמ,,,יח`,3.20,100 גרם,false,1,9.90,3.09,true,1,
7290114600996,false,רוטב שום 250  גר`מאסטר שף,ש.שסטוביץ בעמ,,,יח`,2.50,"100 מ""ל",false,1,9.90,3.96,false,1,
7290114603508,false,רוטב להקפצה 300  גר`מאסטר שף,ש.שסטוביץ בעמ,,,יח`,3,"100 מ""ל",false,1,12.90,4.30,false,1,
7290114603539,false,קרוטונים למרק שום בצל 350  גר`מאסטר שף,ש.שסטוביץ בעמ,,,יח`,3.50,100 גרם,false,1,18.90,5.40,false,1,
7290114604901,false,ממרח שום לחיץ 444 גר` מאסטר שף,ש.שסטוביץ בעמ,,,יח`,4.44,100 גרם,false,1,14.90,3.36,true,1,
7290114605557,false,קוקי נייר עטיפה לסנדוויץ,ש.שסטוביץ בעמ,,,יח`,1,,false,1,12.90,12.90,true,1,
7290114605571,false,קוקי תבניות אפיה מתקפלות,ש.שסטוביץ בעמ,,,יח`,1,,false,1,10.90,10.90,true,1,
7290114606554,false,מיונז לייט לחיץ 470 גרם מאסטר שף,ש.שסטוביץ בעמ,,,יח`,4.70,100 גרם,false,1,14.90,3.17,true,1,
7290114659949,false,מארז מסכה לפנים 50  יח`כחולות,שמחה זה אנחנו בעמ,,,יח`,1,,false,1,9.90,9.90,false,1,
7290115190014,false,מרלבורו רד חפיסה) (20,פיליפ מוריס בעמ,,,יח`,1,,false,1,38.50,38.50,true,1,
7290115190038,false,מרלבורו רד קצר סופט בודד,פיליפ מוריס בעמ,,,יח`,1,,false,1,35.50,35.50,true,1,
7290115190076,false,מרלבורו גולד 100 חפיסה) (20,פיליפ מוריס בעמ,,,יח`,1,,false,1,38.50,38.50,true,1,
7290115190083,false,מרלבורו גולד פאקט) (10 חדש,פיליפ מוריס בעמ,,,יח`,1,,false,1,335,335,false,1,
7290115190090,false,מרלבורו גולד חפיסה) (20,פיליפ מוריס בעמ,,,יח`,1,,false,1,38.50,38.50,true,1,
7290115190120,false,מרלבורו פיין  טאצ`פאקט) (10,פיליפ מוריס בעמ,,,יח`,1,,false,1,295,295,false,1,
7290115190151,false,מרלבורו גולד  טאצ`בודד,פיליפ מוריס בעמ,,,יח`,1,,false,1,33.50,33.50,true,1,
7290115190199,false,פרלמנט נייט ארוך חפיסה) (20,פיליפ מוריס בעמ,,,יח`,1,,false,1,43.50,43.50,true,1,
7290115190212,false,פרלמנט ארוך בלו RCB בודד,פיליפ מוריס בעמ,,,יח`,1,,false,1,43.50,43.50,true,1,
7290115190250,false,פרלמנט קצר בודד,פיליפ מוריס בעמ,,,יח`,1,,false,1,43.50,43.50,true,1,
7290115190335,false,ל.מ. בלו לייבל ארוך בודד,פיליפ מוריס בעמ,,,יח`,1,,false,1,33,33,true,1,
7290115190342,false,ל.מ בלו פאקט) (10 חדש,פיליפ מוריס בעמ,,,יח`,1,,false,1,295,295,false,1,
7290115190359,false,אל.אמ בלו לייבל קצר חפיסה) (20,פיליפ מוריס בעמ,,,יח`,1,,false,1,33,33,true,1,
7290115190373,false,ל.מ.פורוורד בודד,פיליפ מוריס בעמ,,,יח`,1,,false,1,33,33,true,1,
7290115190397,false,אל.אמ קצר רד לייבל חפיסה) (20,פיליפ מוריס בעמ,,,יח`,1,,false,1,33,33,true,1,
7290115190434,false,אל.אמ וייב סלימס חפיסה) (20,פיליפ מוריס בעמ,,,יח`,1,,false,1,33,33,true,1,
7290115190458,false,נקסט  אדג`בודד,פיליפ מוריס בעמ,,,יח`,1,,false,1,29.50,29.50,true,1,
7290115190472,false,נקסט  אדג`בודד,פיליפ מוריס בעמ,,,יח`,1,,false,1,29.50,29.50,true,1,
7290115190496,false,נקסט 100 חפיסה) (20,פיליפ מוריס בעמ,,,יח`,1,,false,1,32,32,true,1,
7290115190502,false,נקסט פיין פאקט) (10 חדש,פיליפ מוריס בעמ,,,יח`,1,,false,1,285,285,true,1,
7290115190519,false,נקסט לייט חפיסה) (20,פיליפ מוריס בעמ,,,יח`,1,,false,1,32,32,true,1,
7290115190533,false,נקסט ריסס 100 בודד,פיליפ מוריס בעמ,,,יח`,1,,false,1,29.50,29.50,true,1,
7290115190557,false,חפיסת סיגריות ריסס פילטר נקסט) (20,פיליפ מוריס בעמ,,,יח`,1,,false,1,29.50,29.50,true,1,
7290115190571,false,נקסט לילך,פיליפ מוריס בעמ,,,יח`,1,,false,1,32,32,true,1,
7290115190595,false,נקסט FF בודד,פיליפ מוריס בעמ,,,יח`,1,,false,1,32,32,true,1,
7290115190632,false,טבק לגלגול מרלבורו גולד,פיליפ מוריס בעמ,,,יח`,1,,false,1,69,69,false,1,
7290115200003,false,פתי בר פינוקי וניל 200  גר`אסם,קבוצת אסם סחר שות. מוגבלת,,,יח`,2.20,100 גרם,false,1,10.90,4.95,true,1,
7290115200027,false,פתי בר פינוקי שוקו 200  גר`אסם,קבוצת אסם סחר שות. מוגבלת,,,יח`,2.20,100 גרם,false,1,10.90,4.95,true,1,
7290115200676,false,קרמוגית קרמל מלוח 200 גר` אסם,קבוצת אסם סחר שות. מוגבלת,,,יח`,2,100 גרם,false,1,11.90,5.95,true,1,
7290115200713,false,במבה קלאסי מארז אחיד 5*50  גר`אסם,קבוצת אסם סחר שות. מוגבלת,,,יח`,2.50,100 גרם,false,1,13.90,5.56,true,1,
7290115200881,false,בייגלה שטוחים שומשום במליחות מעודנת אסם,קבוצת אסם סחר שות. מוגבלת,,,יח`,3,100 גרם,false,1,9.90,3.30,true,1,
7290115201031,false,פתי בר דובי שוקולד 175  גר`אסם,קבוצת אסם סחר שות. מוגבלת,,,יח`,1.75,100 גרם,false,1,10.90,6.23,true,1,
7290115201451,false,לביבות בטטה וקארי 455 גר` טבעול גורמה,קבוצת אסם סחר שות. מוגבלת,,,יח`,4.55,100 גרם,false,1,34.90,7.67,true,1,
7290115201536,false,לביבות כרובית 442 גר` טבעול גורמה,קבוצת אסם סחר שות. מוגבלת,,,יח`,4.42,100 גרם,false,1,34.90,7.90,true,1,
7290115201680,false,ביסלי חטיף בטעם ברביקין אסם (70 גרם),קבוצת אסם סחר שות. מוגבלת,,,יח`,0.70,100 גרם,false,1,3.90,5.57,true,1,
7290115201703,false,ביסלי חטיף בטעם ברביקין אסם (200 גרם),קבוצת אסם סחר שות. מוגבלת,,,יח`,2,100 גרם,false,1,7.90,3.95,true,1,
7290115201727,false,ביסלי חטיף בטעם בצל אסם (200 גרם),קבוצת אסם סחר שות. מוגבלת,,,יח`,2,100 גרם,false,1,7.90,3.95,true,1,
7290115201741,false,ביסלי חטיף בטעם בצל אסם (70 גרם),קבוצת אסם סחר שות. מוגבלת,,,יח`,0.70,100 גרם,false,1,3.90,5.57,true,1,
7290115202212,false,לביבות סלק 434 גר` טבעול גורמה,קבוצת אסם סחר שות. מוגבלת,,,יח`,4.34,100 גרם,false,1,34.90,8.04,true,1,
7290115202434,false,חומוס עם זעתר 375  גר`צבר,קבוצת אסם סחר שות. מוגבלת,,,יח`,3.75,100 גרם,false,1,12,3.20,false,1,
7290115202786,false,מנה חמה  פאוצ`נודלס אטריות בקר,קבוצת אסם סחר שות. מוגבלת,,,יח`,0.70,100 גרם,false,1,3.90,5.57,false,1,
7290115202816,false,מנה חמה  פאוצ`נודלס אטריות טעם עוף,קבוצת אסם סחר שות. מוגבלת,,,יח`,0.70,100 גרם,false,1,3.90,5.57,false,1,
7290115202847,false,מנה חמה  פאוצ`נודלס ספייסי,קבוצת אסם סחר שות. מוגבלת,,,יח`,0.70,100 גרם,false,1,3.90,5.57,false,1,
7290115202939,false,רייס מנה חמה נודלס עוף פטריות 50 גר`,קבוצת אסם סחר שות. מוגבלת,,,יח`,0.50,100 גרם,false,1,7.90,15.80,true,1,
7290115203134,false,חטיף פופקו פופקורן במבה אסם (80 גרם),קבוצת אסם סחר שות. מוגבלת,,,יח`,0.80,100 גרם,false,1,5.50,6.88,true,1,
7290115203172,false,במבה פרו 80 גר`,קבוצת אסם סחר שות. מוגבלת,,,יח`,0.80,100 גרם,false,1,4.30,5.38,true,1,
7290115203486,false,פירורית טעם ביסלי גריל אסם (200 גרם),קבוצת אסם סחר שות. מוגבלת,,,יח`,2,100 גרם,false,1,6.90,3.45,false,1,
7290115203806,false,רוטב בסיס אסם (290 מל),קבוצת אסם סחר שות. מוגבלת,,,יח`,2.90,"100 מ""ל",false,1,17.90,6.17,true,1,
7290115204056,false,קטשופ 56% פחות סוכר 690 גרם אסם,קבוצת אסם סחר שות. מוגבלת,,,יח`,6.90,100 גרם,false,1,11.90,1.72,false,1,
7290115204186,false,צבר פסטו 190 גר`,קבוצת אסם סחר שות. מוגבלת,,,יח`,1.90,100 גרם,false,1,16.90,8.89,true,1,
7290115205176,false,חטיפי קרקר כפרי 140 גר` פיטנס,קבוצת אסם סחר שות. מוגבלת,,,יח`,1.40,100 גרם,false,1,11.90,8.50,true,1,
7290115205251,false,פיטנס בר פריכיות קרמל מלוח 84 גרם,קבוצת אסם סחר שות. מוגבלת,,,יח`,0.84,100 גרם,false,1,14.90,17.74,true,1,
7290115205312,false,חטיפי קרקר זיתים 140 גר` thin deli פיטנס,קבוצת אסם סחר שות. מוגבלת,,,יח`,1.40,100 גרם,false,1,11.90,8.50,true,1,
7290115205541,false,חטיף מולטיגריין עם חומוס ( 25 גר`) פיטנס,קבוצת אסם סחר שות. מוגבלת,,,יח`,0.25,100 גרם,false,1,5,20,true,1,
7290115205695,false,בצק לפיצה מצונן 460 גר` בונז`ור,קבוצת אסם סחר שות. מוגבלת,,,יח`,4.60,100 גרם,false,1,18.90,4.11,true,1,
7290115205718,false,בצק עלים מצונן 230  גר`בונז`ור,קבוצת אסם סחר שות. מוגבלת,,,יח`,2.30,100 גרם,false,1,14.90,6.48,false,1,
7290115205978,false,פתי בר אצבעות שוקולד 180  גר`אסם,קבוצת אסם סחר שות. מוגבלת,,,יח`,1.80,100 גרם,false,1,11.90,6.61,false,1,
7290115206173,false,פתי בר קרמל 500 גרם אסם,קבוצת אסם סחר שות. מוגבלת,,,יח`,5,100 גרם,false,1,10.90,2.18,false,1,
7290115207484,false,צבר חציל על האש 400 גר`,קבוצת אסם סחר שות. מוגבלת,,,יח`,4,100 גרם,false,1,15.90,3.98,false,1,
7290115207507,false,צבר סלט טורקי 360 גר`,קבוצת אסם סחר שות. מוגבלת,,,יח`,3.60,100 גרם,false,1,15.90,4.42,false,1,
7290115207620,false,רוטב סויה קלאסי אסם (290 מל),קבוצת אסם סחר שות. מוגבלת,,,יח`,2.90,"100 מ""ל",false,1,17.90,6.17,true,1,
7290115207682,false,רוטב סויה בסגנון סיני אסם (290 מל),קבוצת אסם סחר שות. מוגבלת,,,יח`,2.90,"100 מ""ל",false,1,11.90,4.10,true,1,
7290115207811,false,נקנקיות טבעוניות 418 גר` טבעול,קבוצת אסם סחר שות. מוגבלת,,,יח`,4.18,100 גרם,false,1,32.90,7.87,true,1,
7290115207941,false,ויטמינצ`יק אננס 1 ליטר,קבוצת אסם סחר שות. מוגבלת,,,יח`,10,"100 מ""ל",false,1,19.90,1.99,false,1,
7290115207989,false,ויטמינצ`יק לימון 1 ליטר,קבוצת אסם סחר שות. מוגבלת,,,יח`,10,"100 מ""ל",false,1,19.90,1.99,false,1,
7290115208009,false,ויטמינצ`יק ענבים 1 ליטר,קבוצת אסם סחר שות. מוגבלת,,,יח`,10,"100 מ""ל",false,1,19.90,1.99,false,1,
7290115208047,false,סירופ פטל ויטמינצ`יק (1 ליטר),קבוצת אסם סחר שות. מוגבלת,,,יח`,10,"100 מ""ל",false,1,19.90,1.99,false,1,
7290115208061,false,ויטמינצ`יק תפוח 1 ליטר,קבוצת אסם סחר שות. מוגבלת,,,יח`,10,"100 מ""ל",false,1,19.90,1.99,false,1,
7290115208597,false,קרמוגית מיניס קרמל מלוח 200 גר` אסם,קבוצת אסם סחר שות. מוגבלת,,,יח`,2,100 גרם,false,1,11.90,5.95,true,1,
7290115208801,false,קרקר לחמית דבש ואגוזים אסם (190 גרם),קבוצת אסם סחר שות. מוגבלת,,,יח`,1.90,100 גרם,false,1,10.90,5.74,true,1,
7290115209198,false,במבה אורירית 80 גר` אסם,קבוצת אסם סחר שות. מוגבלת,,,יח`,0.80,100 גרם,false,1,4.30,5.38,true,1,
7290115209235,false,ביסקוויט פתי בר קפה אסם (500 גרם),קבוצת אסם סחר שות. מוגבלת,,,יח`,5,100 גרם,false,1,11.90,2.38,false,1,
7290115400274,false,מיני דובשניות 400 גר,שיבולים יצור ושיווק מוצרי מאפה,,,יח`,4,100 גרם,false,1,9.90,2.48,false,1,
7290115403282,false,עוגיות פיצפוצי שוקו 500 גר`,שיבולים יצור ושיווק מוצרי מאפה,,,יח`,5,100 גרם,false,1,14.90,2.98,false,1,
7290115403299,false,עוגיות פרפריות 450 גר`,שיבולים יצור ושיווק מוצרי מאפה,,,יח`,4.50,100 גרם,false,1,14.90,3.31,false,1,
7290115403367,false,עוגיותקוואקר פריכות 500 גר,שיבולים יצור ושיווק מוצרי מאפה,,,יח`,5,100 גרם,false,1,14.90,2.98,false,1,
7290115403381,false,עוגיות פיצפוצים לבן 500 גר`,שיבולים יצור ושיווק מוצרי מאפה,,,יח`,5,100 גרם,false,1,14.90,2.98,false,1,
7290115403411,false,עוגיות עינוגים בטעם קרם אגוזים 500 גר`,שיבולים יצור ושיווק מוצרי מאפה,,,יח`,5,100 גרם,false,1,14.90,2.98,false,1,
7290115403565,false,עוגיות קיפל וניל 500 גר`,שיבולים יצור ושיווק מוצרי מאפה,,,יח`,5,100 גרם,false,1,14.90,2.98,false,1,
7290115480016,false,סוד קפסולות ג`ל 3+1,גורי שיווק בעמ,,,יח`,3.38,100 גרם,false,1,29.90,8.85,false,1,
7290115670684,false,אנרג`י גרנולה אגוזים 400 גרם,שטראוס גרופ בעמ,,,יח`,4,100 גרם,false,1,12.90,3.23,false,1,
7290115670691,false,אנרג`י גרנולה פירות יער 400 גר,שטראוס גרופ בעמ,,,יח`,4,100 גרם,false,1,12.90,3.23,false,1,
7290115671063,false,אצבעות שוקולד ארטיק מסטיק 96 גר`,שטראוס גרופ בעמ,,,יח`,0.96,100 גרם,false,1,7.90,8.23,false,1,
7290115671223,false,מסטיק מאסט פאן אבטיח מנגו (58 גרם),שטראוס גרופ בעמ,,,יח`,1,,false,1,9.90,9.90,true,1,
7290115671308,false,מסטיק מאסט פאן תות דובדבן (58 גרם),שטראוס גרופ בעמ,,,יח`,1,,false,1,9.90,9.90,true,1,
7290115671339,false,מיני פינוקיות בראוניז בייגל בוטן 180 גר`,שטראוס גרופ בעמ,,,יח`,1.80,100 גרם,false,1,10.90,6.06,true,1,
7290115676037,false,משקה דנונה ריפרש תות דומדמניות,שטראוס גרופ בעמ/מצונן,,,יח`,2.50,100 גרם,false,1,5.50,2.20,false,1,
7290115676051,false,אקטיביה משקה מתיקות מעודנת+ש. שועל 265מל,שטראוס גרופ בעמ/מצונן,,,יח`,2.65,"100 מ""ל",false,1,4.90,1.85,false,1,
7290115676082,false,משקה דנונה פרו תות,שטראוס גרופ בעמ/מצונן,,,יח`,2.25,100 גרם,false,1,6.90,3.07,false,1,
7290115676099,false,משקה דנונה פרו וניל,שטראוס גרופ בעמ/מצונן,,,יח`,2.25,100 גרם,false,1,6.90,3.07,false,1,
7290115676693,false,תפוצ`יפס 50  גר`מלח חומץ,שטראוס פריטו ליי בעמ,,,יח`,0.50,100 גרם,false,1,3.90,7.80,false,1,
7290115677089,false,קונפיטורת תפוח וקינמון יד מרדכי 340 גר`,שטראוס גרופ בעמ,,,יח`,3.40,100 גרם,false,1,11.90,3.50,false,1,
7290115677362,false,דלישס שטראוס נודלס טריאקי,קפוא-זן תעשיות מזון בעמ - תפוג,,,יח`,3.50,100 גרם,false,1,27.90,7.97,true,1,
7290115677966,false,ממרח אבוקדו 200  גר`טעם הטבע,שטראוס גרופ בעמ/מצונן,,,יח`,2,100 גרם,false,1,14.90,7.45,false,1,
7290115678376,false,מעדן הגולן שוקולד 125 גרם,שטראוס גרופ בעמ/מצונן,,,יח`,1,,false,1,2.90,2.90,true,1,
7290115678383,false,מעדן הגולן שוקולד מריר 125 גרם,שטראוס גרופ בעמ/מצונן,,,יח`,1,,false,1,2.90,2.90,true,1,
7290115678598,false,חסה אייסברג חיתוך גס 300 שטראוס טעם הטבע,שטראוס גרופ בעמ/מצונן,,,יח`,3,100 גרם,false,1,9.10,3.03,false,1,
7290116530895,false,בדין תרסיס למייבש כביסה ניחוח פינוק,יוניליוור ישראל שיווק בעמ,,,יח`,5,"100 מ""ל",false,1,19.90,3.98,true,1,
7290116531939,false,קרמיסימו גלידונית תות שדה 60 יח`,גלידות שטראוס בעמ,,,יח`,7,100 גרם,false,1,47.90,6.84,false,1,
7290116532219,false,קורנפלקס תות 448  גר`תלמה,יוניליוור ישראל שיווק בעמ,,,יח`,4.48,100 גרם,false,1,16.90,3.77,true,1,
7290116532240,false,קליק XL שוקולד חלב עוגיות ודגנים 85 גר`,יוניליוור ישראל שיווק בעמ,,,יח`,0.85,100 גרם,false,1,5.90,6.94,true,1,
7290116532271,false,גודיז סנדוויץ בטעמי שוקולד וניל עם ביסקו,גלידות שטראוס בעמ,,,יח`,2.70,100 גרם,false,1,29.90,11.07,false,1,
7290116532479,false,פיינט קליק וניל שוקולד לבן קרם עוגיות 52,גלידות שטראוס בעמ,,,יח`,5.20,"100 מ""ל",false,1,19.90,3.83,false,1,
7290116532486,false,פיינט קליק וניל קרמל מלוח 520 מל,גלידות שטראוס בעמ,,,יח`,5.20,"100 מ""ל",false,1,19.90,3.83,false,1,
7290116532738,false,רוטב איטלקי 295  גר`הלמנס,יוניליוור ישראל שיווק בעמ,,,יח`,2.95,"100 מ""ל",false,1,12.90,4.37,false,1,
7290116532882,false,נישנושים איירביס טעם בצל 155 גר`,יוניליוור ישראל שיווק בעמ,,,יח`,1.55,100 גרם,false,1,12.90,8.32,false,1,
7290116532899,false,נישנושים איירביס טעם פלאפל 155 גר`,יוניליוור ישראל שיווק בעמ,,,יח`,1.55,100 גרם,false,1,12.90,8.32,false,1,
7290116533063,false,שוגי בטעם קרטיב ענבים 400  גר`תלמה,יוניליוור ישראל שיווק בעמ,,,יח`,4,100 גרם,false,1,21.90,5.48,true,1,
7290116930015,false,חטיף חלבון GO קרמל בוטנים קריספי 20 גר`,שקד תבל בעמ,,,יח`,1,,false,1,11.90,11.90,true,1,
7290116930022,false,חטיף חלבון GO קרם עוגיות ציפוי קריספי 20,שקד תבל בעמ,,,יח`,1,,false,1,11.90,11.90,true,1,
7290116930282,false,ארוחה בקטנה לאבנה עם קרקרים 150 גר`,תנובה - חלב,,,יח`,1.50,100 גרם,false,1,7.90,5.27,false,1,
7290116930435,false,יוגורט גו סמיך דובדבן 0% שומן 200 גרם,תנובה - חלב,,,יח`,2,100 גרם,false,1,5.70,2.85,false,1,
7290116930459,false,יופלה שייק בננה אננס וקוקוס 230 מל,תנובה - חלב,,,יח`,2.30,"100 מ""ל",false,1,7.90,3.43,true,1,
7290116930466,false,יופלה שייק בננה פסיפלורה והל 230 מל,תנובה - חלב,,,יח`,2.30,"100 מ""ל",false,1,7.90,3.43,true,1,
7290116930480,false,יופלה שייק בננה קיווי תפוח 230 מל,תנובה - חלב,,,יח`,2.30,"100 מ""ל",false,1,7.90,3.43,true,1,
7290116930626,false,ארוחה בקטנה צזיקי עם קרקרים 150 גר`,תנובה - חלב,,,יח`,1.50,100 גרם,false,1,7.90,5.27,false,1,
7290116930701,false,מעדן חלב גו בטעם קרמל מלוח 120 גר`,תנובה - חלב,,,יח`,1.20,100 גרם,false,1,4.90,4.08,false,1,
7290116931074,false,צהובה פרוסות טל העמק 32% 300 גר,תנובה - חלב,,,יח`,3,100 גרם,false,1,25.90,8.63,false,1,
7290116931104,false,יוגורט גו סמיך אננס 0% שומן 200 גרם,תנובה - חלב,,,יח`,2,100 גרם,false,1,5.70,2.85,false,1,
7290116931241,false,גבינת קוטג% `12תנובה (250 גרם),תנובה - חלב,,,יח`,2.50,100 גרם,false,1,5.80,2.32,false,1,
7290116931289,false,יוגורט גו סמיךאלפחורס 200 גרם,תנובה - חלב,,,יח`,2,100 גרם,false,1,5.70,2.85,false,1,
7290117260449,false,גבינה בולגרית מעודנת 5% למריחה טבעי 200,ג.וילי-פוד אינטרנשיונל **גבינו,,,יח`,2,100 גרם,false,1,9.90,4.95,false,1,
7290117260456,false,גבינה בולגרית מעודנת 5% למריחה זיתים 200,ג.וילי-פוד אינטרנשיונל **גבינו,,,יח`,2,100 גרם,false,1,9.90,4.95,false,1,
7290117260463,false,גבינה בולגרית מעודנת 5% למריחה זיתים 200,ג.וילי-פוד אינטרנשיונל **גבינו,,,יח`,2,100 גרם,false,1,9.90,4.95,false,1,
7290117260470,false,גבינה בולגרית מעודנת 5% למריחה שום 200 ג,ג.וילי-פוד אינטרנשיונל **גבינו,,,יח`,2,100 גרם,false,1,9.90,4.95,false,1,
7290117260562,false,חמאה בגביע יורו 225 גר`,ג.וילי-פוד אינטרנשיונל **גבינו,,,יח`,2.50,100 גרם,false,1,16.90,6.76,false,1,
7290117260883,false,חלבה+קקאו וילי פוד למעדנייה,ג.וילי-פוד אינטרנשיונל בעמ,,,"ק""ג",10,100 גרם,true,1,44,4.40,false,1,
7290117260890,false,פופקורן בטעם קוקוס 90 גר`,ג.וילי-פוד אינטרנשיונל בעמ,,,יח`,0.90,100 גרם,false,1,5.90,6.56,true,1,
7290117260906,false,פופקורן בטעם פירות 90 גר`,ג.וילי-פוד אינטרנשיונל בעמ,,,יח`,0.90,100 גרם,false,1,5.90,6.56,true,1,
7290117260913,false,פופקורן בטעם שוקולד 90 גר`,ג.וילי-פוד אינטרנשיונל בעמ,,,יח`,0.90,100 גרם,false,1,5.90,6.56,true,1,
7290117261088,false,בוראטה גבינת מוצרלה רכה 18% שומן 125 גר`,ג.וילי-פוד אינטרנשיונל **גבינו,,,יח`,1.25,100 גרם,false,1,19.90,15.92,false,1,
7290117261583,false,סרדינים בריסלינג מעושנים בשמן קנולה(צנצ,ג.וילי-פוד אינטרנשיונל בעמ,,,יח`,1.85,100 גרם,false,1,13.90,7.51,false,1,
7290117261989,false,גבינת מנורי רכה מחלב צאן 43% שומן 170 גר,ג.וילי-פוד אינטרנשיונל **גבינו,,,יח`,1.70,100 גרם,false,1,15.90,9.35,false,1,
7290117262221,false,משקה יוגורט פרוביוטי עם אננס 200 מל 2.3,ג.וילי-פוד אינטרנשיונל **גבינו,,,יח`,2,"100 מ""ל",false,1,4.90,2.45,true,1,
7290117262238,false,משקה יוגורט פרוביוטי בטעם תות שדה 200 מ,ג.וילי-פוד אינטרנשיונל **גבינו,,,יח`,2,"100 מ""ל",false,1,4.90,2.45,true,1,
7290117262290,false,פרלינים אגוזים במילוי פצפוצי דגנים מצופי,ג.וילי-פוד אינטרנשיונל בעמ,,,יח`,1,,false,1,4.90,4.90,true,1,
7290117262306,false,קורנפלקס מצופה שוקולד 50 גר`,ג.וילי-פוד אינטרנשיונל בעמ,,,יח`,1,,false,1,4.90,4.90,true,1,
7290117262313,false,פצפוצי דגנים פריכים מצופים שוקולד 50 גר`,ג.וילי-פוד אינטרנשיונל בעמ,,,יח`,1,,false,1,4.90,4.90,true,1,
7290117262320,false,ביסקוויט מצופה שוקולד 50 גר`,ג.וילי-פוד אינטרנשיונל בעמ,,,יח`,1,,false,1,4.90,4.90,true,1,
7290117263020,false,משקה יוגורט פרוביוטי פירות יער 200 מל,ג.וילי-פוד אינטרנשיונל **גבינו,,,יח`,2,"100 מ""ל",false,1,4.90,2.45,false,1,
7290117263037,false,מאפה דונאטס ציפוי טעם שוקולד,ג.וילי-פוד אינטרנשיונל **גבינו,,,יח`,1,,false,1,4.90,4.90,false,1,
7290117263044,false,מאפה דונאטס ציפוי שוקולדופסי וניל,ג.וילי-פוד אינטרנשיונל **גבינו,,,יח`,1,,false,1,4.90,4.90,false,1,
7290117263051,false,מאפה דונאטס במילוי קרם קרמל,ג.וילי-פוד אינטרנשיונל **גבינו,,,יח`,1,,false,1,5.90,5.90,false,1,
7290117263068,false,מאפה דונאטס ציפוי טעם קרמל,ג.וילי-פוד אינטרנשיונל **גבינו,,,יח`,1,,false,1,4.90,4.90,false,1,
7290117263075,false,מאפה דונאטס במילוי קרם אגוזים וציפוי שוק,ג.וילי-פוד אינטרנשיונל **גבינו,,,יח`,1,,false,1,5.90,5.90,false,1,
7290117263082,false,מאפה דונאטס 45 גר`,ג.וילי-פוד אינטרנשיונל **גבינו,,,יח`,0.45,100 גרם,false,1,4.90,10.89,false,1,
7290117263112,false,מאפה דונאטס ציפוי סוכריות טעם מסטיק,ג.וילי-פוד אינטרנשיונל **גבינו,,,יח`,0.45,100 גרם,false,1,4.90,10.89,false,1,
7290117263129,false,מאפה דונאטס במילוי מנגו וציפוי שבבי תפוז,ג.וילי-פוד אינטרנשיונל **גבינו,,,יח`,1,,false,1,5.90,5.90,false,1,
7290117381250,false,פוף פרכיות מצופות שוקולד מריר ותפוז 70 ג,ש.שסטוביץ בעמ,,,יח`,0.70,100 גרם,false,1,7.90,11.29,true,1,
7290117382264,false,קולגייט משחת שיניים טוטאל פחם זוג,ש.שסטוביץ בעמ,,,יח`,1.50,"100 מ""ל",false,1,29.90,19.93,false,1,
7290117860038,false,הוואי תחליב רחצה יוגורט בניחוח אוכמניות,הנקל סוד בעמ,,,יח`,7,"100 מ""ל",false,1,14.90,2.13,false,1,
7290117860045,false,הוואי שמפו מטפח לשיער רגיל 700 מל,הנקל סוד בעמ,,,יח`,7,"100 מ""ל",false,1,14.90,2.13,true,1,
7290117860083,false,הוואי קרם רחצה בניחוח אירוס זהוב ודבש 70,הנקל סוד בעמ,,,יח`,7,"100 מ""ל",false,1,14.90,2.13,false,1,
7290117860090,false,הוואי מרכך מטפח לשיער רגיל 700 מל,הנקל סוד בעמ,,,יח`,7,"100 מ""ל",false,1,14.90,2.13,true,1,
7290117860137,false,הוואי קרם רחצה בניחוח פרח הקמליה 700 מל,הנקל סוד בעמ,,,יח`,7,"100 מ""ל",false,1,14.90,2.13,false,1,
7290117860144,false,הוואי שמפו למניעת קשקשים 700 מל,הנקל סוד בעמ,,,יח`,7,"100 מ""ל",false,1,14.90,2.13,true,1,
7290117860182,false,הוואי תחליב רחצה בניחוחמגנוליה ושמן שקדי,הנקל סוד בעמ,,,יח`,7,"100 מ""ל",false,1,14.90,2.13,false,1,
7290117860199,false,הוואי שמפו מעניק לחות לשיער יבש 700 מל,הנקל סוד בעמ,,,יח`,7,"100 מ""ל",false,1,14.90,2.13,true,1,
7290117860236,false,הוואי קרם רחצה בניחוח ויולה ורודה 700 מ,הנקל סוד בעמ,,,יח`,7,"100 מ""ל",false,1,14.90,2.13,false,1,
7290117860243,false,הוואי מרכך מעניק לחות לשיער יבש 700 מל,הנקל סוד בעמ,,,יח`,7,"100 מ""ל",false,1,14.90,2.13,true,1,
7290117860281,false,הוואי ג`ל רחצה לגבר בניחוח עוצמתי 700 מ,הנקל סוד בעמ,,,יח`,7,"100 מ""ל",false,1,14.90,2.13,false,1,
7290117860298,false,הוואי שמפו קרטין מחזק 700 מל,הנקל סוד בעמ,,,יח`,7,"100 מ""ל",false,1,14.90,2.13,true,1,
7290117860335,false,הוואי ג`ל רחצה לגבר בניחוח מעורר 700 מל,הנקל סוד בעמ,,,יח`,7,"100 מ""ל",false,1,14.90,2.13,false,1,
7290117860342,false,הוואי מרכך קרטין מחזק 700 מל,הנקל סוד בעמ,,,יח`,7,"100 מ""ל",false,1,14.90,2.13,true,1,
7290117860380,false,הוואי תחליב רחצה יוגורט בניחוח אלוורה 70,הנקל סוד בעמ,,,יח`,7,"100 מ""ל",false,1,14.90,2.13,false,1,
7290117860397,false,הוואי שמפו פריחת הדובדבן 700 מל,הנקל סוד בעמ,,,יח`,7,"100 מ""ל",false,1,14.90,2.13,true,1,
7290117860441,false,הוואי מרכך פריחת הדובדבן 700 מל,הנקל סוד בעמ,,,יח`,7,"100 מ""ל",false,1,14.90,2.13,true,1,
7290117860496,false,הוואי  שמפו+ מרכך 2ב1 700 מל,הנקל סוד בעמ,,,יח`,7,"100 מ""ל",false,1,14.90,2.13,true,1,
7290117860540,false,הוואי שמפו עדין לילדים 700 מל,הנקל סוד בעמ,,,יח`,7,"100 מ""ל",false,1,14.90,2.13,true,1,
7290117860595,false,הוואי מרכך מתיר קשרים לילדים 700 מל,הנקל סוד בעמ,,,יח`,7,"100 מ""ל",false,1,14.90,2.13,true,1,
7290117860649,false,הוואי שמפו ללא סולפטים 700 מל,הנקל סוד בעמ,,,יח`,7,"100 מ""ל",false,1,14.90,2.13,true,1,
7290117860694,false,הוואי מרכך ללא סולפטים 700 מל,הנקל סוד בעמ,,,יח`,7,"100 מ""ל",false,1,14.90,2.13,true,1,
7290117860748,false,הוואי שמפו מעניק נפח 700 מל,הנקל סוד בעמ,,,יח`,7,"100 מ""ל",false,1,14.90,2.13,true,1,
7290117860793,false,הוואי מרכך מעניק נפח 700 מל,הנקל סוד בעמ,,,יח`,7,"100 מ""ל",false,1,14.90,2.13,true,1,
7290117860847,false,הוואי שמפו 4ב1 לגבר רעננות קרירה 700 מל,הנקל סוד בעמ,,,יח`,7,"100 מ""ל",false,1,14.90,2.13,true,1,
7290117860892,false,הוואיתחליב רחצה יוגורט ניחוח וניל ודבש 7,הנקל סוד בעמ,,,יח`,7,"100 מ""ל",false,1,14.90,2.13,false,1,
7290117860946,false,הוואי תחליב רחצה יוגורט ניחוח קוקוס 700,הנקל סוד בעמ,,,יח`,7,"100 מ""ל",false,1,14.90,2.13,false,1,
7290117860991,false,הוואי תחליב רחצה יוגורט בניחוח שקדים 700,הנקל סוד בעמ,,,יח`,7,"100 מ""ל",false,1,14.90,2.13,false,1,
7290117900932,false,גרעיני אבטיח קלויים 130 גר,דין שיווק וקליה 2021 בעמ,,,יח`,1.30,100 גרם,false,1,10,7.69,false,1,
7290117900963,false,בוטנים קלויים 270גר ששון הקולה,דין שיווק וקליה 2021 בעמ,,,יח`,2.70,100 גרם,false,1,10,3.70,false,1,
7290117900970,false,שקדים קלויים 180 גר ששון הקולה,דין שיווק וקליה 2021 בעמ,,,יח`,1.80,100 גרם,false,1,15,8.33,false,1,
7290117900987,false,אגוז פקאן קלוף 140 גר ששון הקולה,דין שיווק וקליה 2021 בעמ,,,יח`,1.40,100 גרם,false,1,15,10.71,false,1,
7290117901014,false,אגוזי קשיו קלויים 160 גר ששון הקולה,דין שיווק וקליה 2021 בעמ,,,יח`,1.60,100 גרם,false,1,15,9.38,false,1,
7290117901052,false,שקדים קלופים 180 גר ששון הקולה,דין שיווק וקליה 2021 בעמ,,,יח`,1.80,100 גרם,false,1,15,8.33,false,1,
7290117901168,false,מיקס אגוזים וחמוציות 250  גר`שקדיה,דין שיווק וקליה 2021 בעמ,,,יח`,2.50,100 גרם,false,1,20,8,false,1,
7290117901175,false,שקדים קלופים 250  גר`שקדיה,דין שיווק וקליה 2021 בעמ,,,יח`,2.50,100 גרם,false,1,20,8,false,1,
7290117901182,false,בוטן קליפה קלוי 350  גר`שקדיה,דין שיווק וקליה 2021 בעמ,,,יח`,3.50,100 גרם,false,1,10,2.86,false,1,
7290119041367,false,עוגיות סהרונים מצופות-אדל,שיבולים יצור ושיווק מוצרי מאפה,,,יח`,3.50,100 גרם,false,1,14.90,4.26,false,1,
7290119041411,false,עוגיות נסיכה טעם תות מצופות-אדל,שיבולים יצור ושיווק מוצרי מאפה,,,יח`,3.50,100 גרם,false,1,14.90,4.26,false,1,
7290119041466,false,עוגיות בסגנון מרוקאי עגולות  מצופות- אדל,שיבולים יצור ושיווק מוצרי מאפה,,,יח`,3.50,100 גרם,false,1,14.90,4.26,false,1,
7290119041510,false,עוגיות בסגנון מרוקאי עבות  מצופות- אדל,שיבולים יצור ושיווק מוצרי מאפה,,,יח`,3.50,100 גרם,false,1,14.90,4.26,false,1,
7290119041565,false,עוגיות פיצפוצי שוקו  מצופות- אדל,שיבולים יצור ושיווק מוצרי מאפה,,,יח`,3.50,100 גרם,false,1,14.90,4.26,false,1,
7290119041619,false,עוגיות פסים עלים מסוכרות  מצופות- אדל,שיבולים יצור ושיווק מוצרי מאפה,,,יח`,3.50,100 גרם,false,1,14.90,4.26,false,1,
7290119041664,false,עוגיות רשת שוקו מסוכרות  מצופות- אדל,שיבולים יצור ושיווק מוצרי מאפה,,,יח`,3.50,100 גרם,false,1,14.90,4.26,false,1,
7290119041718,false,עוגיות קוואקר ופצפוצי שוקו  מצופות- אדל,שיבולים יצור ושיווק מוצרי מאפה,,,יח`,3.50,100 גרם,false,1,14.90,4.26,false,1,
7290900010367,false,טורטיה 360 גר AVEL,אבאל יזמות בעמ,,,יח`,3.60,100 גרם,false,1,8.90,2.47,true,1,
7394376616778,false,משקה שיבולת שועל להקפצה בריסטה 1 ליטר או,ש.שסטוביץ בעמ,,,יח`,1,1 ליטר,false,1,15.90,15.90,true,1,
7501013138184,false,משקה חמוציות קרטונית ליטר יוניקו פרסקו,טמפו משקאות בעמ,,,יח`,1,1 ליטר,false,1,11.60,11.60,false,1,
7501064191398,false,בירה קורונה 355 מל בקבוק שישייה,תימקו בירה בעמ,,,יח`,2.13,1 ליטר,false,1,34.90,15.54,true,1,
7509546061665,false,ספיד סטיק אקסטרים אינטנס ג`ל 85 גר`,ש.שסטוביץ בעמ,,,יח`,0.85,100 גרם,false,1,17.90,21.06,false,1,
7509546678702,false,קולגייט טוטאל משחת שיניים אנטי טרטר 100,ש.שסטוביץ בעמ,,,יח`,1,"100 מ""ל",false,1,16.90,16.90,false,1,
7610100034084,false,מיונז טומי שפורפרת 265 גר,ליימן שליסל בעמ,,,יח`,2.65,100 גרם,false,1,12.90,4.87,true,1,
7610243004463,false,דורגול מרסס מסיר אבנית יעקבי (600 מל),יעקב יעקבי ובניו בעמ,,,יח`,6,"100 מ""ל",false,1,19.90,3.32,false,1,
7610400075787,false,לינדט לה גרנד שוקולד חלב אגוז 150 גרם,משה סידס ובנו בעמ,,,יח`,1.50,100 גרם,false,1,23.90,15.93,true,1,
7610400091060,false,אקסלנס תפוז לינדט (100 גרם),משה סידס ובנו בעמ,,,יח`,1,100 גרם,false,1,15.90,15.90,true,1,
7613030979647,false,טריקס נסטלה (480 גרם),קבוצת אסם סחר שות. מוגבלת,,,יח`,4.80,100 גרם,false,1,19.90,4.15,true,1,
7613032045753,false,פיטנס שוקולד נסטלה (375 גרם),קבוצת אסם סחר שות. מוגבלת,,,יח`,3.75,100 גרם,false,1,19.90,5.31,true,1,
7613035807778,false,רוטב עגבניות לבולנז פרפקטו,קבוצת אסם סחר שות. מוגבלת,,,יח`,4,100 גרם,false,1,9.90,2.48,true,1,
7613035809123,false,רוטב עגבניות עם פלפלים פרפקטו,קבוצת אסם סחר שות. מוגבלת,,,יח`,4,100 גרם,false,1,9.90,2.48,true,1,
7613035809857,false,רוטב עגבניות לפסטה פרפקטו,קבוצת אסם סחר שות. מוגבלת,,,יח`,4,100 גרם,false,1,9.90,2.48,true,1,
7613036520492,false,רוטב עגבניות לפיצה 400  גר`פרפקטו,קבוצת אסם סחר שות. מוגבלת,,,יח`,4,100 גרם,false,1,9.90,2.48,true,1,
7613036737623,false,קראנץ` מקס 410 דגני בוקר,קבוצת אסם סחר שות. מוגבלת,,,יח`,4.10,100 גרם,false,1,19.90,4.85,true,1,
7613037012200,false,מחית תפוח מנגו גזר פאוץ 90  גר`גרבר,קבוצת אסם סחר שות. מוגבלת,,,יח`,0.90,100 גרם,false,1,6.90,7.67,false,1,
7613037686906,false,פיטנס שקדים ודבש (355 גרם) נסטלה,קבוצת אסם סחר שות. מוגבלת,,,יח`,3.55,100 גרם,false,1,19.90,5.61,true,1,
7613039547632,false,מחית תפוח בננה תות פאוץ 90  גר`גרבר,קבוצת אסם סחר שות. מוגבלת,,,יח`,0.90,100 גרם,false,1,6.90,7.67,false,1,
7613039770450,false,סנסשיונל בורגר 226 גר` טבעול,קבוצת אסם סחר שות. מוגבלת,,,יח`,2.26,100 גרם,false,1,29.90,13.23,true,1,
7613039879382,false,מחית תפוח עץ 190 גר` גרבר כשר לפסח,קבוצת אסם סחר שות. מוגבלת,,,יח`,1.90,100 גרם,false,1,6.90,3.63,true,1,
7613287121783,false,סמרטיס מיני 187 גר`,קבוצת אסם סחר שות. מוגבלת,,,יח`,1.87,100 גרם,false,1,9.90,5.29,false,1,
7613287155894,false,מחית אפרסק פאוץ 90  גר`גרבר כשל,קבוצת אסם סחר שות. מוגבלת,,,יח`,0.90,100 גרם,false,1,6.90,7.67,false,1,
7613287186928,false,קפסולות קפה סומטרה (10  יח)סטארבקס (56 ג,קבוצת אסם סחר שות. מוגבלת,,,יח`,0.56,100 גרם,false,1,21.90,39.11,true,1,
7613287302373,false,קפסולות קפה איטלאן סטייל סטארבקס,קבוצת אסם סחר שות. מוגבלת,,,יח`,0.56,100 גרם,false,1,21.90,39.11,true,1,
7613287325808,false,מטבל איולי שום 295 גר אסם,קבוצת אסם סחר שות. מוגבלת,,,יח`,2.95,100 גרם,false,1,14.90,5.05,true,1,
7613287325853,false,מטבל איולי ספייסי 295 גר אסם,קבוצת אסם סחר שות. מוגבלת,,,יח`,2.95,100 גרם,false,1,14.90,5.05,true,1,
7613287476494,false,מיונז בסגנון צרפתי 280 גר אסם,קבוצת אסם סחר שות. מוגבלת,,,יח`,2.80,100 גרם,false,1,14.90,5.32,true,1,
7613287821348,false,נתחי סויה SENSATIONAL,קבוצת אסם סחר שות. מוגבלת,,,יח`,3.50,100 גרם,false,1,32.90,9.40,true,1,
7622010001858,false,אוראו וניל 176 גר`,דיפלומט היינץ,,,יח`,1.76,100 גרם,false,1,8.90,5.06,true,1,
7622201050757,false,שוקולד חלב עם קרמל מילקה (100 גרם),דיפלומט היינץ,,,יח`,1,100 גרם,false,1,6.50,6.50,true,1,
7622201137052,false,מילקה מיני קוקיז 110 גרם,דיפלומט היינץ,,,יח`,1.10,100 גרם,false,1,7.90,7.18,true,1,
7622201139278,false,גבינת פילדלפיה שמנת 150 גר` (27% שומן),נטו מלינדה סחר בעמ,,,יח`,1.50,100 גרם,false,1,13.90,9.27,true,1,
7622201401900,false,עוגיות מילקה סנביישן אוראו 156 גר`,דיפלומט היינץ,,,יח`,1.56,100 גרם,false,1,12.90,8.27,true,1,
7622201502515,false,מילקה קוקי לופ 132 גר`,דיפלומט היינץ,,,יח`,1.32,100 גרם,false,1,12.90,9.77,true,1,
7622201521493,false,גבינת פילדלפיה שום ועשבי תיבול 150 גר` (,נטו מלינדה סחר בעמ,,,יח`,1.50,100 גרם,false,1,13.90,9.27,true,1,
7622201798154,false,פילדלפיה לייט 150 גר`,נטו מלינדה סחר בעמ,,,יח`,1.50,100 גרם,false,1,13.90,9.27,true,1,
7622201801809,false,שוקולד חלב עם אגוזים מילקה (100 גרם),דיפלומט היינץ,,,יח`,1,100 גרם,false,1,6.50,6.50,true,1,
7622201802363,false,מילקה-שוק` חלבי עם צימוקים ואגוזים 100,דיפלומט היינץ,,,יח`,1,100 גרם,false,1,6.50,6.50,true,1,
7622201802394,false,שוקולד חלב מילקה (100 גרם),דיפלומט היינץ,,,יח`,1,100 גרם,false,1,6.50,6.50,true,1,
7622201808631,false,אוראו מיני כוסות בטעם וניל 67 גר`,דיפלומט היינץ,,,יח`,0.67,100 גרם,false,1,6.90,10.30,false,1,
7622201813390,false,וופל במילוי קרם קקאו מילקה (150 גרם),דיפלומט היינץ,,,יח`,1.50,100 גרם,false,1,13.90,9.27,true,1,
7622201823733,false,עוגיות מילקה ת`ניס דקות 151 גר`,דיפלומט היינץ,,,יח`,1.51,100 גרם,false,1,12.90,8.54,false,1,
7622210078131,false,שוקולד חלב דיים מילקה (100 גרם),דיפלומט היינץ,,,יח`,1,100 גרם,false,1,6.50,6.50,true,1,
7622210137234,false,עוגיות אוראו עם דאבל קרם וניל 170גרם,דיפלומט היינץ,,,יח`,1.70,100 גרם,false,1,9.90,5.82,true,1,
7622210163899,false,שוקולד חלב עם עדשים 100  גר`מילקה,דיפלומט היינץ,,,יח`,1,100 גרם,false,1,6.50,6.50,true,1,
7622210453327,false,מילקה סנסייטן 156 גר`,דיפלומט היינץ,,,יח`,1.56,100 גרם,false,1,12.90,8.27,true,1,
7622210826053,false,שוקולד מילקה אוראו סנדביץ 92 גר`,דיפלומט היינץ,,,יח`,0.92,100 גרם,false,1,6.50,7.07,true,1,
7622210835338,false,אוראו בראוניז 176 גר`,דיפלומט היינץ,,,יח`,1.76,100 גרם,false,1,8.90,5.06,true,1,
7622300200237,false,מילקה שוקולד חלבי 250 גרם,דיפלומט היינץ,,,יח`,2.50,100 גרם,false,1,14.90,5.96,true,1,
7622300270506,false,עוגיות מילקה גריינס שיבולת שועל,דיפלומט היינץ,,,יח`,1.68,100 גרם,false,1,12.90,7.68,true,1,
7622300489427,false,אוראו פאדג שוקולד לבן 246גר,דיפלומט היינץ,,,יח`,2.46,100 גרם,false,1,19.90,8.09,true,1,
7622300489434,false,עוגיות אוראו בציפוי שוקולד חלבי 246 גרם,דיפלומט היינץ,,,יח`,2.46,100 גרם,false,1,19.90,8.09,true,1,
7622300495046,false,שוקולד עם אקסטרה קקאו מילקה (100 גרם),דיפלומט היינץ,,,יח`,1,100 גרם,false,1,6.50,6.50,true,1,
7622300503079,false,ביסקוויט מצופה שוקולד מילקה (200 גרם),דיפלומט היינץ,,,יח`,2,100 גרם,false,1,12.90,6.45,true,1,
7622300617820,false,שוקולד אוראו מילקה (100 גרם),דיפלומט היינץ,,,יח`,1,100 גרם,false,1,6.50,6.50,true,1,
7630477891639,false,קפסולות קפה סומטרה (10  יח) סטארבקס( 55,קבוצת אסם סחר שות. מוגבלת,,,יח`,0.55,100 גרם,false,1,21.90,39.82,true,1,
7630477891653,false,קפסולות קפה אספרסו נטול (10 יח)סטארבקס(,קבוצת אסם סחר שות. מוגבלת,,,יח`,0.57,100 גרם,false,1,21.90,38.42,true,1,
7630477891677,false,קפסולות קפה פייק פלייס (10  יח)סטארבקס(,קבוצת אסם סחר שות. מוגבלת,,,יח`,0.57,100 גרם,false,1,21.90,38.42,true,1,
7630477891714,false,קפסולות קפה אספרסו (10  יח) סטארבקס( 57,קבוצת אסם סחר שות. מוגבלת,,,יח`,0.57,100 גרם,false,1,21.90,38.42,true,1,
7702018263783,false,סכיני גילוח מאך  -3 שמינייה,דיפלומט מפיצים (1968) בעמ,,,יח`,1,,false,1,69.90,69.90,false,1,
7702018271788,false,דאודורנט קליר ג`ל 70  גר`SPORT,פארמה דיל (פ.א.ב.) שיווק והפצה,,,יח`,0.70,"100 מ""ל",false,1,14.90,21.29,false,1,
7702018321520,false,דאודורנט סטיק מתקדם 45 מל,דיפלומט מפיצים (1968) בעמ,,,יח`,0.50,100 גרם,false,1,21.90,43.80,false,1,
7702018321582,false,דאודורנט סטיק מתקדם ג`ילט (45 מל),דיפלומט מפיצים (1968) בעמ,,,יח`,0.50,100 גרם,false,1,17.90,35.80,false,1,
7702018978106,false,דאודורנט קליר ג`ל 70  גר`AI,פארמה דיל (פ.א.ב.) שיווק והפצה,,,יח`,0.70,"100 מ""ל",false,1,14.90,21.29,false,1,
7702018978120,false,דאודורנט קליר ג`ל 70  גר`CW,פארמה דיל (פ.א.ב.) שיווק והפצה,,,יח`,0.70,"100 מ""ל",false,1,14.90,21.29,false,1,
7702024074625,false,חטיפי קרקר חיטה מלאה 234  גר`פיטנס,קבוצת אסם סחר שות. מוגבלת,,,יח`,2.34,100 גרם,false,1,11.90,5.09,false,1,
7702174068833,false,לקקן יוגטה גלידה12 יח`,ליימן שליסל בעמ,,,יח`,2.16,100 גרם,false,1,10.90,5.05,true,1,
7791875005353,false,ריבת חלב הוואנה 450 גר`,משה סידס ובנו בעמ,,,יח`,4.50,100 גרם,false,1,18.90,4.20,true,1,
7792860006218,false,סוכריות לקקן בייבי דול לריטייר (24 גרם),משה סידס ובנו בעמ,,,יח`,0.24,100 גרם,false,1,2.90,12.08,true,1,
7798304600011,false,אוכמניות-טרי 125 גר,בראשית - אגודה שיתופית*שיק 45,,,יח`,1.25,100 גרם,false,1,10,8,false,1,
7804414000884,false,שרדונה BIN דון חוליו (750 מל),הכרם - משקאות חריפים בעמ,,,יח`,7.50,"100 מ""ל",false,1,29.90,3.95,true,1,
7804414012351,false,יין מלבק 750 מל דון חוליו,הכרם - משקאות חריפים בעמ,,,יח`,7.50,"100 מ""ל",false,1,29.90,3.95,true,1,
7861500002818,false,בירה לף בראון שישייה בקבוק) (6*330 מל,תימקו בירה בעמ,,,יח`,1.98,1 ליטר,false,1,49.90,24.29,false,1,
8000215204219,false,משקה אורז ביו אורגני ויטאריז 1 ליטר,נטורפוד בעמ,,,יח`,1,1 ליטר,false,1,12.90,12.90,true,1,
8000215204554,false,משקה קוקוס ויטאריז 1 ליטר,נטורפוד בעמ,,,יח`,1,1 ליטר,false,1,12.90,12.90,false,1,
8000215204653,false,משקה סויה ויטאסי 1 ליטר,נטורפוד בעמ,,,יח`,1,1 ליטר,false,1,11.90,11.90,false,1,
8000215204714,false,משקה שיבולת שועל אורגני פרימונה 1 ליטר,נטורפוד בעמ,,,יח`,1,1 ליטר,false,1,12.90,12.90,false,1,
8000320010095,false,פסאטה צ`יריו במרקם עדין 700 מל,דיפלומט היינץ,,,יח`,7,"100 מ""ל",false,1,10.90,1.56,false,1,
8000380003723,false,גרנד פטיסרי 100  גר`אגוז,ליימן שליסל בעמ,,,יח`,1,100 גרם,false,1,13.90,13.90,true,1,
8000380003761,false,גרנד פטיסרי 100  גר`קוקוס,ליימן שליסל בעמ,,,יח`,1,100 גרם,false,1,13.90,13.90,true,1,
8000380004669,false,וופל  סנדוויץ`בטעם קקאו לואקר (200 גרם),ליימן שליסל בעמ,,,יח`,2,100 גרם,false,1,13.90,6.95,true,1,
8000380004676,false,וופל  סנדוויץ`בטעם וניל לואקר (200 גרם),ליימן שליסל בעמ,,,יח`,2,100 גרם,false,1,13.90,6.95,true,1,
8000380004911,false,קוארדטיני 250  גר`אגוז,ליימן שליסל בעמ,,,יח`,2.50,100 גרם,false,1,14.90,5.96,true,1,
8000380004966,false,קוארדטיני 250  גר`קקאו,ליימן שליסל בעמ,,,יח`,2.50,100 גרם,false,1,14.90,5.96,true,1,
8000380005598,false,טורטינה שישיה מריר 125 גר,ליימן שליסל בעמ,,,יח`,1.25,100 גרם,false,1,17.90,14.32,true,1,
8000380007219,false,וופל בטעם אגוזים לואקר (175 גרם),ליימן שליסל בעמ,,,יח`,1.75,100 גרם,false,1,10.90,6.23,false,1,
8000380007257,false,וופל לואקר גרדנה 200 גר`,ליימן שליסל בעמ,,,יח`,2,100 גרם,false,1,14.40,7.20,true,1,
8000380007264,false,וופל קקאו לואקר (175 גרם),ליימן שליסל בעמ,,,יח`,1.75,100 גרם,false,1,10.90,6.23,false,1,
8000380007271,false,וופל במילוי קרם חלב לואקר (175 גרם),ליימן שליסל בעמ,,,יח`,1.75,100 גרם,false,1,10.90,6.23,false,1,
8000380106028,false,טורטינה שישיה אורגינל לואקר 125 גר,ליימן שליסל בעמ,,,יח`,1.25,100 גרם,false,1,17.90,14.32,true,1,
8000380180745,false,קוארדטיני 250  גר` שוקו-חלב,ליימן שליסל בעמ,,,יח`,2.50,100 גרם,false,1,14.90,5.96,false,1,
8000380189281,false,מארז מיני מיקס לואקר בשקית,ליימן שליסל בעמ,,,יח`,2.10,100 גרם,false,1,24.90,11.86,false,1,
8000380192151,false,טורטינה שישיה טריפל שוקולד מריר 125 גר`,ליימן שליסל בעמ,,,יח`,1.25,100 גרם,false,1,17.90,14.32,true,1,
8000380205523,false,וופל בטעם חמאת בוטנים לואקר (175 גרם),ליימן שליסל בעמ,,,יח`,1.75,100 גרם,false,1,10.90,6.23,false,1,
8000380206896,false,וופל לואקר גרדנה חמאת בוטנים 200 גר`,ליימן שליסל בעמ,,,יח`,2,100 גרם,false,1,14.40,7.20,true,1,
8000380207183,false,טורטינה שישיה חמאת בוטנים לואקר 126 גר`,ליימן שליסל בעמ,,,יח`,1.26,100 גרם,false,1,17.90,14.21,true,1,
8000500023624,false,חטיף הפי היפו קינדר (5  יח`- 103.5 גרם),פרימיום-חברה לדברי מתיקה ולמסח,,,יח`,0.90,100 גרם,false,1,11.90,13.22,false,1,
8000500026731,false,ביצת הפתעה קינדר (20x3 גרם),פרימיום-חברה לדברי מתיקה ולמסח,,,יח`,0.60,100 גרם,false,1,14.90,24.83,false,1,
8000500028124,false,קינדר ג`וי מארז שלישייה,פרימיום-חברה לדברי מתיקה ולמסח,,,יח`,0.60,100 גרם,false,1,14.90,24.83,false,1,
8000500029350,false,קינדר בואנו וופל שלישייה (43x3 גרם),פרימיום-חברה לדברי מתיקה ולמסח,,,יח`,1.29,100 גרם,false,1,9.90,7.67,false,1,
8000500032237,false,רושר 375 גר`,פרימיום-חברה לדברי מתיקה ולמסח,,,יח`,3.75,100 גרם,false,1,44.90,11.97,false,1,
8000500037874,false,רושר בוני 200 גר`,פרימיום-חברה לדברי מתיקה ולמסח,,,יח`,2,100 גרם,false,1,24.90,12.45,false,1,
8000500071083,false,אצבעות שוקולד קינדר (16  יח`- 200 גרם),פרימיום-חברה לדברי מתיקה ולמסח,,,יח`,2,100 גרם,false,1,11.90,5.95,false,1,
8000500121436,false,קינדר בואנו וופל לבן שלישייה (39x3גרם),פרימיום-חברה לדברי מתיקה ולמסח,,,יח`,1.17,100 גרם,false,1,9.90,8.46,false,1,
8000500127728,false,קינדר מילק סלייס עוגת ספוג במילוי חלבי מ,תנובה - חלב,,,יח`,1.12,100 גרם,false,1,11.90,10.63,false,1,
8000500167656,false,קינדר שוקולד עם דגנים,פרימיום-חברה לדברי מתיקה ולמסח,,,יח`,1,,false,1,7.90,7.90,false,1,
8000500172810,false,סוכריות תות שדה טיק טק (16x4 גרם),פרימיום-חברה לדברי מתיקה ולמסח,,,יח`,2.50,100 גרם,false,1,10.90,4.36,false,1,
8000500217740,false,קינדר בואנו מיני 86 גר`,פרימיום-חברה לדברי מתיקה ולמסח,,,יח`,1,,false,1,9.90,9.90,false,1,
8000500227848,false,נוטלה 132  גר`B ready,פרימיום-חברה לדברי מתיקה ולמסח,,,יח`,1.32,100 גרם,false,1,11.90,9.02,false,1,
8000500247150,false,פררו קולקשיון 172 גר`,פרימיום-חברה לדברי מתיקה ולמסח,,,יח`,1.72,100 גרם,false,1,24.90,14.48,false,1,
8000500256213,false,קינדר שוקולד מיני 120 גר`,פרימיום-חברה לדברי מתיקה ולמסח,,,יח`,1.20,100 גרם,false,1,9.90,8.25,false,1,
8000500267103,false,10 עוגות אישית בעטיפה אישית 39  גר`קינדר,פרימיום-חברה לדברי מתיקה ולמסח,,,יח`,3.90,100 גרם,false,1,19.90,5.10,true,1,
8000500269169,false,קינדר קארדס 5  יח`128 גר`,פרימיום-חברה לדברי מתיקה ולמסח,,,יח`,1.28,100 גרם,false,1,13.90,10.86,false,1,
8000500310397,false,נוטלה ביסקוויט T12,פרימיום-חברה לדברי מתיקה ולמסח,,,יח`,1.66,100 גרם,false,1,14.90,8.98,false,1,
8000500366073,false,נוטלה ביסקוויט T20,פרימיום-חברה לדברי מתיקה ולמסח,,,יח`,2.76,100 גרם,false,1,19.90,7.21,false,1,
8000500374429,false,גרנד פררו רושה 125 גר`,פרימיום-חברה לדברי מתיקה ולמסח,,,יח`,1.25,100 גרם,false,1,15.90,12.72,false,1,
8000798000307,false,מברשת מגהץ,מ.א.ייצור ויבוא מטליות בעמ,,,יח`,1,יח`,false,1,5.90,5.90,false,1,
8000798000925,false,מטאטא יהלום גב כסף,מ.א.ייצור ויבוא מטליות בעמ,,,יח`,1,יח`,false,1,21.90,21.90,false,1,
8001090016003,false,טבליות למדיח קלאסי הכל באחד פיירי,דיפלומט מפיצים (1968) בעמ,,,יח`,1,,false,1,44.90,44.90,false,1,
8001090184375,false,פיירי אורגינל 900 מל,דיפלומט מפיצים (1968) בעמ,,,יח`,9,"100 מ""ל",false,1,11.90,1.32,false,1,
8001090184412,false,פיירי אורגינל לימון 900 מל,דיפלומט מפיצים (1968) בעמ,,,יח`,9,"100 מ""ל",false,1,11.90,1.32,false,1,
8001090222541,false,הרבל אסנסס שמפו תות שדה ומנטה 400 מל,דיפלומט מפיצים (1968) בעמ,,,יח`,4,"100 מ""ל",false,1,19.90,4.98,true,1,
8001090222572,false,הרבל אסנסס מרכך תות שדה ומנטה 400 מל,דיפלומט מפיצים (1968) בעמ,,,יח`,4,"100 מ""ל",false,1,19.90,4.98,true,1,
8001090222725,false,הרבל אסנסס שמפו שמן מורינגה 400 מל,דיפלומט מפיצים (1968) בעמ,,,יח`,4,"100 מ""ל",false,1,19.90,4.98,true,1,
8001090290830,false,אורל בי משחת שיניים פנינה בוהקת,דיפלומט מפיצים (1968) בעמ,,,יח`,0.75,100 גרם,false,1,29.90,39.87,true,1,
8001090290939,false,אורל בי משחת שיניים לובן בוהק,דיפלומט מפיצים (1968) בעמ,,,יח`,0.75,100 גרם,false,1,29.90,39.87,true,1,
8001090336408,false,חיתולי ביביי דריי מידה  (3 38  יח)פמפרס,דיפלומט מפיצים (1968) בעמ,,,יח`,1,,false,1,30.90,30.90,true,1,
8001090336446,false,חיתולי ביביי דריי מידה  (4 34  יח)פמפרס,דיפלומט מפיצים (1968) בעמ,,,יח`,1,,false,1,30.90,30.90,true,1,
8001090336491,false,חיתולי ביביי דריי מידה  +(4 31  יח)פמפר,דיפלומט מפיצים (1968) בעמ,,,יח`,1,,false,1,30.90,30.90,true,1,
8001090336606,false,חיתולי ביביי דריי  מידה( 26  יח`)פמפרס,דיפלומט מפיצים (1968) בעמ,,,יח`,1,,false,1,30.90,30.90,true,1,
8001090364104,false,אורל בי משחה שיניים G E אורגינל,דיפלומט מפיצים (1968) בעמ,,,יח`,0.75,100 גרם,false,1,17.90,23.87,true,1,
8001090364258,false,אורל בי משחה שיניים G E לניקוי עדין,דיפלומט מפיצים (1968) בעמ,,,יח`,0.75,100 גרם,false,1,17.90,23.87,true,1,
8001090375230,false,פנטן מרכך הקסם 200 מל לחות מוגברת,דיפלומט מפיצים (1968) בעמ,,,יח`,2,"100 מ""ל",false,1,24.90,12.45,true,1,
8001090375285,false,פנטן מרכך הקסם 200 מל למגע רק כמשי,דיפלומט מפיצים (1968) בעמ,,,יח`,2,"100 מ""ל",false,1,24.90,12.45,true,1,
8001090379399,false,חיתולי פמפרס פרימיום vp מידה 5 30 יח`,דיפלומט מפיצים (1968) בעמ,,,יח`,1,,false,1,32.90,32.90,true,1,
8001090493637,false,הד שולדרסשמפו לגבראולטרא טוטאל קר 450 מ,דיפלומט מפיצים (1968) בעמ,,,יח`,4.50,"100 מ""ל",false,1,19.90,4.42,true,1,
8001090678195,false,שולדרס מרכך סופרים לחות 275 מל,דיפלומט מפיצים (1968) בעמ,,,יח`,2.75,"100 מ""ל",false,1,16.90,6.15,true,1,
8001090734044,false,מגן תחתון אולווייז מגה פק  לארג`פרש 64 י,דיפלומט מפיצים (1968) בעמ,,,יח`,1,,false,1,19.90,19.90,true,1,
8001090740717,false,מגן תחתון אולדייז נורמל אולווייז) (76,דיפלומט מפיצים (1968) בעמ,,,יח`,1,,false,1,19.90,19.90,true,1,
8001090832450,false,שמפו נוסחה קלאסית 660 מל פנטן,דיפלומט מפיצים (1968) בעמ,,,יח`,6.60,"100 מ""ל",false,1,19.90,3.02,true,1,
8001090832535,false,שמפו שמן מרוקאי משקם 660 מל פנטן,דיפלומט מפיצים (1968) בעמ,,,יח`,6.60,"100 מ""ל",false,1,19.90,3.02,true,1,
8001090832610,false,שמפו שמן למגע רך כמשי 660 מל פנטן,דיפלומט מפיצים (1968) בעמ,,,יח`,6.60,"100 מ""ל",false,1,19.90,3.02,true,1,
8001090832818,false,קונדישנר נוסחה קלאסית 660 מל פנטן,דיפלומט מפיצים (1968) בעמ,,,יח`,6.60,"100 מ""ל",false,1,19.90,3.02,true,1,
8001090832931,false,קונדישנר למגע רך כמשי 660 מל פנטן,דיפלומט מפיצים (1968) בעמ,,,יח`,6.60,"100 מ""ל",false,1,19.90,3.02,true,1,
8001090833136,false,אריאל ג`ל כביסה 2.255 ליטר בייבי,דיפלומט מפיצים (1968) בעמ,,,יח`,2.2550,1 ליטר,false,1,32.90,14.59,false,1,
8001090899224,false,תחבושות אולוויז פלטינום לונג 20 יח,דיפלומט מפיצים (1968) בעמ,,,יח`,1,,false,1,19.90,19.90,true,1,
8001090899286,false,תחבושות אולוויז פלטינום לילה בטוח 14 יח,דיפלומט מפיצים (1968) בעמ,,,יח`,1,,false,1,19.90,19.90,true,1,
8001100011769,false,וופל שכבות בטעם אגוזי לוז 175  גר`Balocc,אבאל יזמות בעמ,,,יח`,1.75,100 גרם,false,1,9.90,5.66,true,1,
8001100059259,false,וופל קוביות בטעם אגוזי לוז 250  גר`Baloc,אבאל יזמות בעמ,,,יח`,2.50,100 גרם,false,1,12.90,5.16,true,1,
8001160001892,false,גוטרייד ספורט תפוז אדום,טמפו משקאות בעמ,,,יח`,5,"100 מ""ל",false,1,9.90,1.92,true,1,
8001250152015,false,פסטה פפרדלה דורום 500 גר`,רסטרטו יבוא ושיווק בעמ*אין החז,,,יח`,5,100 גרם,false,1,15.90,3.18,false,1,
8001250152091,false,פסטה ד`אנג`לו דורום,רסטרטו יבוא ושיווק בעמ*אין החז,,,יח`,5,100 גרם,false,1,15.90,3.18,false,1,
8001841053806,false,תחבושת עבה ללילה אולווייז) (10,דיפלומט מפיצים (1968) בעמ,,,יח`,1,,false,1,9.90,9.90,false,1,
8001841104799,false,חיתולי פמפרס פרימיום vp מידה  (2 46 יח),דיפלומט מפיצים (1968) בעמ,,,יח`,1,,false,1,32.90,32.90,true,1,
8001841137179,false,הד אנד שולדרס הנוסחה הקלאסית 275 מל,דיפלומט מפיצים (1968) בעמ,,,יח`,2.75,"100 מ""ל",false,1,16.90,6.15,true,1,
8001841216584,false,תחבושות לילה בטוח אולווייז) (36,דיפלומט מפיצים (1968) בעמ,,,יח`,1,,false,1,35.90,35.90,true,1,
8001841427126,false,מגן תחתון אולווייז מגה פק פרש נורמל 64 י,דיפלומט מפיצים (1968) בעמ,,,יח`,1,,false,1,19.90,19.90,true,1,
8001841500942,false,הרבל אסנס שמפו ללא סולפטים אלוורה ובמב,דיפלומט מפיצים (1968) בעמ,,,יח`,3.80,"100 מ""ל",false,1,19.90,5.24,true,1,
8001841625188,false,נוזל כלים פלטינום לימון פיירי (515 מל),דיפלומט מפיצים (1968) בעמ,,,יח`,5.15,"100 מ""ל",false,1,10.90,2.12,true,1,
8001841625287,false,נוזל כלים פיירי פלטינום לימון 1.015 מל,דיפלומט מפיצים (1968) בעמ,,,יח`,1.0150,1 ליטר,false,1,17.90,17.64,true,1,
8001841625461,false,נוזל כלים פלטינום אורגינל פיירי (515 מל,דיפלומט מפיצים (1968) בעמ,,,יח`,5.15,"100 מ""ל",false,1,10.90,2.12,true,1,
8001841625508,false,נוזל כלים פיירי פלטינום 1.015 מל,דיפלומט מפיצים (1968) בעמ,,,יח`,1.0150,1 ליטר,false,1,17.90,17.64,true,1,
8001841664866,false,שמפו פנטן סופר פוד 400 מל יבוא מקביל,איינשטיין-צור יבוא-יצוא וסחר ב,,,יח`,4,"100 מ""ל",false,1,14.90,3.73,true,1,
8001841669465,false,אריאל טבליות לכביסה 24 יחידות,דיפלומט מפיצים (1968) בעמ,,,יח`,1,,false,1,32.90,32.90,true,1,
8001841669519,false,אריאל קפסולות לכביסה 55 יח,דיפלומט מפיצים (1968) בעמ,,,יח`,1.57,"ק""ג",false,1,59.90,38.15,true,1,
8001841715957,false,שולדרס ג`ל רחצה ושמפו ניקוי אינטנסיבי 36,דיפלומט מפיצים (1968) בעמ,,,יח`,3.60,"100 מ""ל",false,1,16.90,4.69,true,1,
8001841941929,false,תחבושות אולווייז וליו פק לילה בטוח אקסטר,דיפלומט מפיצים (1968) בעמ,,,יח`,1,,false,1,19.90,19.90,true,1,
8002450203002,false,ספרקלטיני אבטיח ורדי בוסקה (750 מל),הכרם - משקאות חריפים בעמ,,,יח`,7.50,"100 מ""ל",false,1,24.90,3.28,true,1,
8004030860001,false,ריו מארה אינסלטיסימיה קוסקוס עם טונה 160,ש.שסטוביץ בעמ,,,יח`,1.60,100 גרם,false,1,17.90,11.19,false,1,
8004800000064,false,גלילי ופל במילוי קרם קקאו בציפוי שוקולד,תה ויסוצקי (ישראל) בעמ,,,יח`,1,100 גרם,false,1,11.90,11.90,true,1,
8004800000071,false,גלילי ופל במילוי קרם אגוזי לוז בציפוי ש,תה ויסוצקי (ישראל) בעמ,,,יח`,1,100 גרם,false,1,11.90,11.90,true,1,
8005110002243,false,רכז עגבניות בשפרפרת 185  גר`mutti,רסטרטו יבוא ושיווק בעמ*אין החז,,,יח`,1.85,100 גרם,false,1,7.50,4.05,false,1,
8005110170300,false,עגבניות חתוכות דק 400 גר` שלישייה פולפה,רסטרטו יבוא ושיווק בעמ*אין החז,,,יח`,12,100 גרם,false,1,17.90,1.49,true,1,
8005110200014,false,רכז עגבניות 210  גר`motti,רסטרטו יבוא ושיווק בעמ*אין החז,,,יח`,2.10,100 גרם,false,1,7.50,3.57,false,1,
8005200256587,false,נסטי בטעם אפרסק 1.5 ליטר,טמפו משקאות בעמ,,,יח`,15,"100 מ""ל",false,1,8.90,0.57,true,1,
8005200286584,false,נסטי בטעם מנגו אננס 1.5 ליטר,טמפו משקאות בעמ,,,יח`,15,"100 מ""ל",false,1,8.90,0.57,true,1,
8005803010357,false,גריסיני קלאסי אמור די פאן (125 גרם),ליימן שליסל בעמ,,,יח`,1.25,100 גרם,false,1,7.90,6.32,true,1,
8005803010586,false,גריסיני בטעם פיצה אמור די פאן (125 גרם),ליימן שליסל בעמ,,,יח`,1.25,100 גרם,false,1,7.90,6.32,true,1,
8005803010661,false,גריסיני עם שומשום אמור די פאן (125 גרם),ליימן שליסל בעמ,,,יח`,1.25,100 גרם,false,1,7.90,6.32,true,1,
8006540110317,false,שמפו פנטן מיראקלס במבוק 400 מל,דיפלומט מפיצים (1968) בעמ,,,יח`,4,"100 מ""ל",false,1,19.90,4.98,true,1,
8006540352960,false,טמפונים טמפקס פרל רגולר) (20,דיפלומט מפיצים (1968) בעמ,,,יח`,1,,false,1,29.90,29.90,true,1,
8006540383087,false,פיירי טבליות פלטינום פלוס דיפ קלין 42 יח,דיפלומט מפיצים (1968) בעמ,,,יח`,1,,false,1,44.90,44.90,false,1,
8006540404850,false,תחבושות אולוויז דיסקרט לונג 10 יח`,דיפלומט מפיצים (1968) בעמ,,,יח`,1,,false,1,18.90,18.90,true,1,
8006540404898,false,תחבושות אולוויז דיסקרט לונג פלוס 8 יח,דיפלומט מפיצים (1968) בעמ,,,יח`,1,,false,1,18.90,18.90,true,1,
8006540425930,false,אריאל טבליות לכביסה 24 יחידות,דיפלומט מפיצים (1968) בעמ,,,יח`,1,,false,1,32.90,32.90,true,1,
8006540429327,false,נוזל לניקוי כלים לימון פיירי (440 מל),דיפלומט מפיצים (1968) בעמ,,,יח`,4.40,"100 מ""ל",false,1,10.90,2.48,true,1,
8006540463550,false,טבליות למדיח פלטינום פיירי 63 יח`,דיפלומט מפיצים (1968) בעמ,,,יח`,1,,false,1,46.90,46.90,false,1,
8006540491539,false,פיירי פלטינום אורגינל 780 מל,דיפלומט מפיצים (1968) בעמ,,,יח`,7.80,"100 מ""ל",false,1,11.90,1.53,false,1,
8006540495216,false,לנור מרכך מרוכז בניחוח אמאטיסט 900 מל,דיפלומט מפיצים (1968) בעמ,,,יח`,9,"100 מ""ל",false,1,14.90,1.66,true,1,
8006540495247,false,לנור מרכך מרוכז בניחוח פרחי בר 900 מל,דיפלומט מפיצים (1968) בעמ,,,יח`,9,"100 מ""ל",false,1,14.90,1.66,true,1,
8007178120310,false,חומץ בלסמי גקובזי 500 מל,דיפלומט היינץ,,,יח`,5,"100 מ""ל",false,1,25,5,false,1,
8008660210038,false,מעדן תות שדה מנז אנד גאסר (300 גרם),תה ויסוצקי (ישראל) בעמ,,,יח`,3,100 גרם,false,1,16.90,5.63,false,1,
8008660210045,false,מעדן פירות יער מנז אנד גאסר (300 גרם),תה ויסוצקי (ישראל) בעמ,,,יח`,3,100 גרם,false,1,16.90,5.63,false,1,
8009470016063,false,סימבה עוף מזון לחתולים 2קג,שחורי אריה ואנסטסיה,,,יח`,20,100 גרם,false,1,34.90,1.75,false,1,
8009915008714,false,לזניה מקמח תירס ואורז ללא גלוטן 250 גרם,אימפורט פור יו בעמ,,,יח`,2.50,100 גרם,false,1,15.90,6.36,false,1,
8010024006010,false,חמאת שקדים 100% השקד נטורפוד 350 גרם,נטורפוד בעמ,,,יח`,1,,false,1,38.90,38.90,false,1,
8024985002912,false,מחית סמוצ`י תפוח אגס בטטה אורגנית נטורה,נטורפוד בעמ,,,יח`,1,100 גרם,false,1,4.90,4.90,true,1,
8024985002943,false,מחית סמוצ`י תפוח אננס קוקוס אורגנית נטור,נטורפוד בעמ,,,יח`,1,100 גרם,false,1,4.90,4.90,true,1,
8024985002950,false,מחית פירות סמוצ`י שזיף אורגנית נטורה נוב,נטורפוד בעמ,,,יח`,1,100 גרם,false,1,4.90,4.90,true,1,
8024985005234,false,מחית פירות סמוצ`י תפוח עץ ומנגו אורגנית,נטורפוד בעמ,,,יח`,1,100 גרם,false,1,4.90,4.90,true,1,
8024985008037,false,מחית פירות סמוצ`י תפוח אורגנית ללא תוספת,נטורפוד בעמ,,,יח`,1,100 גרם,false,1,4.90,4.90,true,1,
8024985008044,false,מחית פירות סמוצ`י אגס אורגנית ללתס נטור,נטורפוד בעמ,,,יח`,1,100 גרם,false,1,4.90,4.90,true,1,
8024985008051,false,מחית פירות סמוצ`י פירות אדומים אורגנית ל,נטורפוד בעמ,,,יח`,1,100 גרם,false,1,4.90,4.90,true,1,
8032793342458,false,עגבניות מרוסקות דק ומסוננות בקבוק 700 גר,גורי מוצרי צריכה (1991) בעמ,,,יח`,7,100 גרם,false,1,12.90,1.84,true,1,
8032793344292,false,עגבניות מרוסקות דק בקבוק 700 גר` פולפה,גורי מוצרי צריכה (1991) בעמ,,,יח`,7,100 גרם,false,1,12.90,1.84,true,1,
8032793344520,false,תרכיז עגבניות פומי מרוכז מאוד 200 גרם,גורי מוצרי צריכה (1991) בעמ,,,יח`,2,100 גרם,false,1,6.90,3.45,true,1,
8076802085738,false,ברילה 500  גר`פנה רגטה צ.ק,ש.שסטוביץ בעמ,,,יח`,5,100 גרם,false,1,6.90,1.38,true,1,
8076802085981,false,ברילה 500  גר`פוזילי צ.ק,ש.שסטוביץ בעמ,,,יח`,5,100 גרם,false,1,6.90,1.38,true,1,
8076808060654,false,ברילה 500  גר`פרפלה  מס`65 צ.ק,ש.שסטוביץ בעמ,,,יח`,5,100 גרם,false,1,6.90,1.38,true,1,
8076808150072,false,ברילה 500  גר`ספגטוני  מס`7 צ.א,ש.שסטוביץ בעמ,,,יח`,5,100 גרם,false,1,6.90,1.38,true,1,
8076809514774,false,פרפנדלה ברילה (250 גרם),ש.שסטוביץ בעמ,,,יח`,2.50,100 גרם,false,1,17.90,7.16,false,1,
8076809523714,false,טליאטלה ברילה (500 גרם),ש.שסטוביץ בעמ,,,יח`,5,100 גרם,false,1,25.90,5.18,false,1,
8076809523738,false,לזניה ברילה (500 גרם),ש.שסטוביץ בעמ,,,יח`,5,100 גרם,false,1,23.90,4.78,true,1,
8076809529419,false,ספגטי חיטה מלאה ברילה (500 גרם),ש.שסטוביץ בעמ,,,יח`,5,100 גרם,false,1,14.90,2.98,true,1,
8076809545464,false,פסטה פוזילי ללא גלוטן ברילה (400 גרם),ש.שסטוביץ בעמ,,,יח`,4,100 גרם,false,1,14.90,3.73,false,1,
8121300208780,false,טרוביה תחליף סוכר לכל מטרה 360 גר`,גורי ע.ע.ע בעמ,,,יח`,3.60,100 גרם,false,1,34.90,9.69,true,1,
8410076600622,false,נייטשר וואלי 210  גר`שבבי שוקולד מריר,ליימן שליסל בעמ,,,יח`,2.10,100 גרם,false,1,14.90,7.10,false,1,
8410076610379,false,נייטשר וואלי פרוטאין בוטנים ושבבי שוקולד,ליימן שליסל בעמ,,,יח`,2.10,100 גרם,false,1,24.90,11.86,true,1,
8410076610508,false,נייטשר וואלי צ`ואי סוליט מריר,ליימן שליסל בעמ,,,יח`,1.50,100 גרם,false,1,14.90,9.93,false,1,
8410104045111,false,פינש מלח למדיח 2 קג`,רקיט בנקיזר (ניר איסט) בעמ,,,יח`,2,"ק""ג",false,1,14.90,7.45,false,1,
8410104437268,false,פיניש מפיץ ריח רגיל,רקיט בנקיזר (ניר איסט) בעמ,,,יח`,1,,false,1,14.90,14.90,false,1,
8423207206488,false,מרבה סלים דליס שוקולד חלב,ש.שסטוביץ בעמ,,,יח`,1.20,100 גרם,false,1,10.90,9.08,true,1,
8423207206495,false,מרבה סלים דליס שוקולד מריר,ש.שסטוביץ בעמ,,,יח`,1.20,100 גרם,false,1,10.90,9.08,true,1,
8423207206501,false,מרבה סלים דליס חצי מצופה,ש.שסטוביץ בעמ,,,יח`,0.78,100 גרם,false,1,10.90,13.97,true,1,
8423207207362,false,מרבה סלים דליס,ש.שסטוביץ בעמ,,,יח`,1.20,100 גרם,false,1,10.90,9.08,true,1,
8423207208680,false,סלים דליס לילדים עם שוקולד חלבי,ש.שסטוביץ בעמ,,,יח`,0.78,100 גרם,false,1,10.90,13.97,true,1,
8423207208697,false,סלים דליס לילדים עם שוקולד לבן,ש.שסטוביץ בעמ,,,יח`,0.78,100 גרם,false,1,10.90,13.97,true,1,
8423207208703,false,סלים דליס מהדורה מיוחדת עם שוקולד מריר,ש.שסטוביץ בעמ,,,יח`,0.78,100 גרם,false,1,10.90,13.97,true,1,
8423207208871,false,פריכיות תירס  טבעי- סלים דליס,גורי מוצרי צריכה (1991) בעמ,,,יח`,1.30,100 גרם,false,1,9.90,7.62,true,1,
8423207210287,false,מרבה סלים דליס שוקולד לבן בטעם יוגורט,ש.שסטוביץ בעמ,,,יח`,1.20,100 גרם,false,1,10.90,9.08,true,1,
8445290341617,false,פנסי פיסט פטה עוף וסלמון 85גר,שחורי אריה ואנסטסיה,,,יח`,0.85,100 גרם,false,1,5.90,6.94,false,1,
8683130008935,false,הלמנס קטשיונז 425 גרם,יוניליוור ישראל שיווק בעמ,,,יח`,4.25,100 גרם,false,1,14.90,3.51,true,1,
8683130012666,false,מגנום דאבל עוגיות,גלידות שטראוס בעמ,,,יח`,0.90,100 גרם,false,1,9.90,11,true,1,
8683130025581,false,בדין אקסטרא ענבר 960 מל .,יוניליוור ישראל שיווק בעמ,,,יח`,9.60,"100 מ""ל",false,1,16.90,1.76,true,1,
8686868600037,false,אביזרי שיער,אל האופק שיווק וסחר,,,יח`,1,,false,1,5.90,5.90,false,1,
8686868600068,false,אביזרי שיער סרטים וקשתות,אל האופק שיווק וסחר,,,יח`,1,,false,1,8.90,8.90,false,1,
8686868600075,false,אביזרי שיער סיכות פפיון גדולות,אל האופק שיווק וסחר,,,יח`,1,,false,1,9.90,9.90,false,1,
8686868600129,false,אביזרי שיער,אל האופק שיווק וסחר,,,יח`,1,,false,1,14.90,14.90,false,1,
8686868600150,false,אביזרי שיער,אל האופק שיווק וסחר,,,יח`,1,,false,1,17.90,17.90,false,1,
8690120129006,false,וופל שוקולד מריר,רויאל קנדיס בעמ,,,יח`,1,,false,1,1.90,1.90,true,1,
8690521017124,false,דאב מרכך רגיל 400 מל,יוניליוור ישראל שיווק בעמ,,,יח`,4,"100 מ""ל",false,1,15.90,3.98,true,1,
8690526009278,false,חטיף קרמל מצופה שוקולד וחלב כדורוני דגני,גורי ע.ע.ע בעמ,,,יח`,1.26,100 גרם,false,1,9.90,7.86,true,1,
8690526009353,false,מיני חטיף בוטנים נוגט קרמל מצופה שוקולד,גורי ע.ע.ע בעמ,,,יח`,1.40,100 גרם,false,1,9.90,7.07,true,1,
8690526016207,false,מיני עוגה קרמל 144 גר`,גורי ע.ע.ע בעמ,,,יח`,1.44,100 גרם,false,1,9.90,6.88,false,1,
8690526019147,false,וופל קקאו במילוי קרם אגוזי לוז 142 גר`,גורי ע.ע.ע בעמ,,,יח`,1.42,100 גרם,false,1,7.90,5.56,true,1,
8690526019178,false,וופל קקאו במילוי קרם קוקוס 142 גר`,גורי ע.ע.ע בעמ,,,יח`,1.42,100 גרם,false,1,7.90,5.56,true,1,
8690526029207,false,וופל במילוי קרם קקאו 5x29 ETI,גורי ע.ע.ע בעמ,,,יח`,1.45,100 גרם,false,1,9.90,6.83,true,1,
8690526035697,false,וופל מיני בצפוי עם שוקולד מריר ובמילוי ק,גורי ע.ע.ע בעמ,,,יח`,1.12,100 גרם,false,1,9.90,8.84,true,1,
8690526039190,false,וופל במילוי קרם אגוזים 5x29 ETI,גורי ע.ע.ע בעמ,,,יח`,1.45,100 גרם,false,1,9.90,6.83,true,1,
8690531032377,false,פלפלים צהובים חריפים 350 גר`,דין שיווק וקליה 2021 בעמ,,,יח`,3.50,100 גרם,false,1,7.90,2.26,false,1,
8690637506956,false,דאב שמפו למניעת קשקשים 600 גר`,יוניליוור ישראל שיווק בעמ,,,יח`,6,"100 מ""ל",false,1,14.90,2.48,false,1,
8690637555084,false,בדין אקסטרא פריחת התפוז 960 מל,יוניליוור ישראל שיווק בעמ,,,יח`,9.60,"100 מ""ל",false,1,16.90,1.76,true,1,
8690637561061,false,דאודורנט סטיק ללא סימן דאב (50 גרם),יוניליוור ישראל שיווק בעמ,,,יח`,0.50,100 גרם,false,1,14.90,29.80,false,1,
8690637835643,false,ליפטון תה ירוק לואיזה ולימונית,יוניליוור ישראל שיווק בעמ,,,יח`,0.30,100 גרם,false,1,16.90,56.33,true,1,
8690637871047,false,דאב שמפו עם שמן קוקוס 600 מל,יוניליוור ישראל שיווק בעמ,,,יח`,6,"100 מ""ל",false,1,14.90,2.48,true,1,
8690637871061,false,דאב שמפו עם שמן אבוקדו ותמצית קלנדולה,יוניליוור ישראל שיווק בעמ,,,יח`,6,"100 מ""ל",false,1,14.90,2.48,true,1,
8690637871245,false,מיונז אמיתי לחיץ הלמנס (395 גרם),יוניליוור ישראל שיווק בעמ,,,יח`,3.95,100 גרם,false,1,14.90,3.77,true,1,
8690637946318,false,בדין אקסטרא בייבי טלק960 מל,יוניליוור ישראל שיווק בעמ,,,יח`,9.60,"100 מ""ל",false,1,16.90,1.76,true,1,
8690758961009,false,אסותא צמרוני אוזנים כותנה לתינוקות,עיסא ערטול בעמ,,,יח`,1,,false,1,6.90,6.90,false,1,
8690766156367,false,טבלת שוקולד חלב מעולה 90  גר`גודייבה,תה ויסוצקי (ישראל) בעמ,,,יח`,0.90,100 גרם,false,1,14.90,16.56,true,1,
8690766156374,false,שוקולד מריר מעולה 72%  גודייבה( 90 גר`),תה ויסוצקי (ישראל) בעמ,,,יח`,0.90,100 גרם,false,1,14.90,16.56,true,1,
8690766156381,false,שוקולד מריר מעולה 90% גודייבה (90 גר`),תה ויסוצקי (ישראל) בעמ,,,יח`,0.90,100 גרם,false,1,14.90,16.56,true,1,
8690766156404,false,שוקולד מריר בטעם תפוז אדום 90 גר`,תה ויסוצקי (ישראל) בעמ,,,יח`,0.90,100 גרם,false,1,14.90,16.56,true,1,
8691058141238,false,ערמונים שלמים קלויים וקלופים 100  גר`Ave,אבאל יזמות בעמ,,,יח`,1,100 גרם,false,1,4.90,4.90,true,1,
8691707036014,false,אוזמו שוקולד בצורת ביצה,מוחמד נעמה (1994) בעמ,,,יח`,1,,false,1,3.90,3.90,true,1,
8691707066035,false,אוזמו בורגר ביסקוויט סנדוויץ ממולא,מוחמד נעמה (1994) בעמ,,,יח`,1,,false,1,2.90,2.90,true,1,
8691707087962,false,אוזמו סוכריה שוקולד על מקל,מוחמד נעמה (1994) בעמ,,,יח`,1,,false,1,2.90,2.90,true,1,
8691707590042,false,אוזמו וופל בצורת טילון ממולא שוקולד (4יח,מוחמד נעמה (1994) בעמ,,,יח`,1,,false,1,6.90,6.90,true,1,
8693323085100,false,ממתק חצוץ בצורת שטיח בטעם פירות 100 גר`,ליימן שליסל בעמ,,,יח`,1,100 גרם,false,1,5.90,5.90,false,1,
8693495051002,false,קולגייט מברשת ילדים מיניונים 6+,ש.שסטוביץ בעמ,,,יח`,1,,false,1,9.90,9.90,false,1,
8697530910750,false,פאל מאל כחול 100 ארוך,גלוברנדס בעמ - שיווק סיגריות,,,יח`,1,,false,1,30,30,true,1,
8697826469092,false,טורטיה קטנה 540 גר` 12יח,דין שיווק וקליה 2021 בעמ,,,יח`,5.40,100 גרם,false,1,9.90,1.83,true,1,
8699141054595,false,אוזמו האפי ביסקוויט במילוי,מוחמד נעמה (1994) בעמ,,,יח`,1,,false,1,1.90,1.90,true,1,
8699878422469,false,מים מינרלים 1.5 ליטר שישייה,עיסא ערטול בעמ,,,יח`,1.50,1 ליטר,false,1,7.90,5.27,false,1,
8699878422513,false,שישיית מים מינרלים פקק רגיל,עיסא ערטול בעמ,,,יח`,3,1 ליטר,false,1,7.90,2.03,false,1,
8710428005762,false,סימילאק איזומיל טף,שקד תבל בעמ-סימילק,,,יח`,4,100 גרם,false,1,44.90,11.23,false,1,
8710502100864,false,מרבה פטיסרי עוגיות דאבל שוקולד 200 גר`,ש.שסטוביץ בעמ,,,יח`,2,100 גרם,false,1,8.90,4.45,false,1,
8710502139017,false,עוגיות טריפל שוקולד צ`יפס מרבה (180 גרם),ש.שסטוביץ בעמ,,,יח`,2.25,100 גרם,false,1,9.90,4.40,true,1,
8710502405204,false,מרבה עוגיותממולאות קרם שוקולד,ש.שסטוביץ בעמ,,,יח`,1.75,100 גרם,false,1,9.90,5.66,true,1,
8710502470028,false,עוגיות נוגטלי מרבה (160 גרם),ש.שסטוביץ בעמ,,,יח`,1.60,100 גרם,false,1,9.90,6.19,true,1,
8710800961310,false,מנטוס רביעיה,ליימן שליסל בעמ,,,יח`,1.50,100 גרם,false,1,13.90,9.27,true,1,
8711000371176,false,קפסולות קפה אספרסו קלאסיקו ג`ייקבוס עוצמ,דיפלומט היינץ,,,יח`,1,,false,1,15.90,15.90,true,1,
8711000371183,false,קפסולות קפה אספרסו קלאסיקו אינטנסו עוצמה,דיפלומט היינץ,,,יח`,1,,false,1,15.90,15.90,true,1,
8711000371206,false,קפסולות קפה אספרסו ריסטרטו ג`ייקבוס(עוצ,דיפלומט היינץ,,,יח`,1,,false,1,15.90,15.90,true,1,
8711000371244,false,קפסולות קפה אספרסו לונגו גייקבוס,דיפלומט היינץ,,,יח`,1,,false,1,15.90,15.90,true,1,
8711327475618,false,מגנום פיינט וניל קלאסיק,גלידות שטראוס בעמ,,,יח`,2.60,"100 מ""ל",false,1,18.90,7.27,false,1,
8712000051099,false,בירה היינקן 0.0% 330 מל שישייה,טמפו משקאות בעמ,,,יח`,1.98,1 ליטר,false,1,30.40,14.44,true,1,
8712400802499,false,תחליף חלב שלב 1 נוטרילון (800 גרם),דיפלומט היינץ,,,יח`,8,100 גרם,false,1,62.90,7.86,true,1,
8712400802512,false,תחליף חלב שלב 2 נוטרילון (800 גרם),דיפלומט היינץ,,,יח`,8,100 גרם,false,1,62.90,7.86,true,1,
8712561594240,false,תחליב רחצה להזנה עמוקה דאב (500 מל),יוניליוור ישראל שיווק בעמ,,,יח`,5,"100 מ""ל",false,1,13.90,2.78,true,1,
8712561594608,false,תחליב רחצה להזנה עמוקה דאב (750 מל),יוניליוור ישראל שיווק בעמ,,,יח`,7.50,"100 מ""ל",false,1,16.90,2.25,true,1,
8712561626286,false,תחליב רחצה זוהר כמשי דאב (750 מל),יוניליוור ישראל שיווק בעמ,,,יח`,7.50,"100 מ""ל",false,1,16.90,2.25,true,1,
8714599513781,false,ג`יקובס גולד 200  גר`מיובש בהקפאה,דיפלומט היינץ,,,יח`,2,100 גרם,false,1,24.90,12.45,false,1,
8714599513835,false,ג`יקובס נטול קופאין 200  גר`מיובש בהקפאה,דיפלומט היינץ,,,יח`,2,100 גרם,false,1,32.90,16.45,false,1,
8714599513866,false,קפה נמס קרוננג ג`יקובס 200 גר`,דיפלומט היינץ,,,יח`,2,100 גרם,false,1,24.90,12.45,false,1,
8714789394534,false,משחת שיניים קולגייט הגנה מפני  עששת- יבו,איינשטיין-צור יבוא-יצוא וסחר ב,,,יח`,1,100 גרם,false,1,8.90,8.90,false,1,
8714789930848,false,קולגייט משחת אופטיק וייט הלבנה מיידית 75,איינשטיין-צור יבוא-יצוא וסחר ב,,,יח`,0.75,100 גרם,false,1,14.90,19.87,false,1,
8715035150300,false,רוטב סויה קיקומן ללא גלוטן 250 מל,דיפלומט היינץ,,,יח`,2.50,"100 מ""ל",false,1,19.90,7.96,false,1,
8715700110141,false,מיונז צנצנת 460  גר`היינץ,דיפלומט היינץ,,,יח`,4.60,100 גרם,false,1,11.90,2.59,true,1,
8715700117805,false,מתבל עגבניות ללתס ומלח 400 מל היינץ,דיפלומט היינץ,,,יח`,4,100 גרם,false,1,11.90,2.98,true,1,
8715700419732,false,מתבל עגבניות היינץ (700 גרם),דיפלומט היינץ,,,יח`,7,100 גרם,false,1,11.90,1.70,true,1,
8715700421322,false,רוטב ברביקין צ`ילי 490  גר`היינץ,דיפלומט היינץ,,,יח`,4.90,100 גרם,false,1,16.90,3.45,false,1,
8715700422473,false,ממרח לחיץ היינץ 395 גר ללא חומר משמר,דיפלומט היינץ,,,יח`,3.95,100 גרם,false,1,15.90,4.03,false,1,
8715700423906,false,היינץ מתבל עגבניות 555 גר,דיפלומט היינץ,,,יח`,5.55,100 גרם,false,1,11.90,2.14,true,1,
8717163628812,false,מסכה להחלקה וצבע 300 מל טרזמה,יוניליוור ישראל שיווק בעמ,,,יח`,3,"100 מ""ל",false,1,29.90,9.97,true,1,
8717163647233,false,אקס בלאק נייט ספריי 150 מל,יוניליוור ישראל שיווק בעמ,,,יח`,1.50,"100 מ""ל",false,1,9.90,6.60,true,1,
8717163647240,false,אקס בודי ספריי שוקולד 150 מל,יוניליוור ישראל שיווק בעמ,,,יח`,1.50,100 גרם,false,1,9.90,6.60,true,1,
8717163655764,false,רקסונה דאודורנט ספריי שאוור פרק 150 מל,יוניליוור ישראל שיווק בעמ,,,יח`,1.50,"100 מ""ל",false,1,14.90,9.93,true,1,
8717644390566,false,דאב סבון מוצק  רביעייה- מלפפונים ותה ירו,יוניליוור ישראל שיווק בעמ,,,יח`,4,100 גרם,false,1,12.90,3.23,true,1,
8717677336593,false,שוקולד חלב טוניס שוקולונלי 180 גר`,ליימן שליסל בעמ,,,יח`,1.80,100 גרם,false,1,19.90,11.06,false,1,
8717677336661,false,שוקולד מריר 70% טוניס שוקולונלי 180 גר`,ליימן שליסל בעמ,,,יח`,1.80,100 גרם,false,1,19.90,11.06,false,1,
8717677338436,false,שוקולד חלב עם אגוזי לוז קצוצים טוניס שוק,ליימן שליסל בעמ,,,יח`,1.80,100 גרם,false,1,19.90,11.06,false,1,
8718951048461,false,אג`קס חלונות 750 מל יבוא מקביל טריפל אק,אופאל יאצא בעמ,,,יח`,7.50,"100 מ""ל",false,1,11.90,1.59,true,1,
8718951048669,false,אג`קס ספריי לניקוי חלונות פרחים 750 מל,ש.שסטוביץ בעמ,,,יח`,7.50,"100 מ""ל",false,1,9.90,1.32,false,1,
8718951079205,false,קולגייט סנסיטיב פרו רליף רפיר אנד פריוונ,ש.שסטוביץ בעמ,,,יח`,0.75,"100 מ""ל",false,1,20,26.67,true,1,
8718951093331,false,מרידול מברשת שיניים אקסטרה סופט זוג,ש.שסטוביץ בעמ,,,יח`,1,,false,1,29.90,29.90,true,1,
8718951159402,false,קולגייט אופטיק הלבנה מתקדמת 75 מל,איינשטיין-צור יבוא-יצוא וסחר ב,,,יח`,0.75,"100 מ""ל",false,1,14.90,19.87,false,1,
8718951159808,false,קולגייט מברשת 360 שלישייה,ש.שסטוביץ בעמ,,,יח`,1,,false,1,24.90,24.90,false,1,
8718951170445,false,קולגייט סמיילס משחת שיינים ילדים גילאי 2,ש.שסטוביץ בעמ,,,יח`,0.50,"100 מ""ל",false,1,11.90,23.80,false,1,
8718951175280,false,קולגייט משחת שיניים,ש.שסטוביץ בעמ,,,יח`,0.75,"100 מ""ל",false,1,19.90,26.53,true,1,
8718951226715,false,קולגייט משחת שיניים טוטל אוריגינל 75 מל,איינשטיין-צור יבוא-יצוא וסחר ב,,,יח`,0.75,"100 מ""ל",false,1,12.90,17.20,false,1,
8718951226807,false,קולגייט משחת שיניים טוטל להלבנה 75 מל,איינשטיין-צור יבוא-יצוא וסחר ב,,,יח`,0.75,"100 מ""ל",false,1,12.90,17.20,false,1,
8718951236783,false,קולגייט משחת שיניים טוטל פרש סטריפ 100 מ,איינשטיין-צור יבוא-יצוא וסחר ב,,,יח`,1,"100 מ""ל",false,1,12.90,12.90,false,1,
8718951236790,false,קולגייט טוטאל משחת שיניים קלין מינט לפה,ש.שסטוביץ בעמ,,,יח`,1,"100 מ""ל",false,1,16.90,16.90,true,1,
8718951253827,false,קולגייט משחת שיניים אופטיק פחם 75 מל,איינשטיין-צור יבוא-יצוא וסחר ב,,,יח`,0.75,"100 מ""ל",false,1,14.90,19.87,true,1,
8718951254527,false,קולגייט סנסיטיב פרו ריליף 75 מל,ש.שסטוביץ בעמ,,,יח`,0.75,100 גרם,false,1,22.90,30.53,false,1,
8718951264618,false,קולגיט אופטיק וויט עם פחם פעיל 75 מל,איינשטיין-צור יבוא-יצוא וסחר ב,,,יח`,0.75,"100 מ""ל",false,1,14.90,19.87,false,1,
8718951312722,false,קולגייט מקס פרש ווייט קריסטל,איינשטיין-צור יבוא-יצוא וסחר ב,,,יח`,1,"100 מ""ל",false,1,14.90,14.90,false,1,
8718951313576,false,קולגייט מקס פרש קולינג קריסטל 100 מל,איינשטיין-צור יבוא-יצוא וסחר ב,,,יח`,1,"100 מ""ל",false,1,14.90,14.90,false,1,
8718951315303,false,משחת שיניים להגנה מפני עששת 100*2 קולגיי,ש.שסטוביץ בעמ,,,יח`,2,100 גרם,false,1,19.90,9.95,false,1,
8718951320093,false,קולגייט מברשות 360 אדוונס וויט 2יח,ש.שסטוביץ בעמ,,,יח`,1,,false,1,24.90,24.90,false,1,
8718951370135,false,פלמוליב ארומה סנסיישן גלואו 750 מל,ש.שסטוביץ בעמ,,,יח`,7.50,"100 מ""ל",false,1,19.90,2.65,true,1,
8718951382787,false,קולגיט אופטיק וויט חימר ומינרלים 75 מל,ש.שסטוביץ בעמ,,,יח`,0.75,"100 מ""ל",false,1,29.90,39.87,true,1,
8718951446588,false,פלמוליב מומנטס סחלב ופטל 500 מל,ש.שסטוביץ בעמ,,,יח`,5,"100 מ""ל",false,1,15.90,3.18,false,1,
8718951470538,false,קולגייט משחת שיניים מקס פרש 2*125 מל,ש.שסטוביץ בעמ,,,יח`,2.50,"100 מ""ל",false,1,29.90,11.96,true,1,
8718951477384,false,קולגייט טוטאל משחת שיניים ג`ל 75 מל,ש.שסטוביץ בעמ,,,יח`,1,,false,1,19.90,19.90,false,1,
8719200215092,false,ויובלוק תחליף חמאה 250 גר`,דיפלומט היינץ,,,יח`,2.50,100 גרם,false,1,13.90,5.56,false,1,
8719200997998,false,בלו בנד לבישול וטיגון 200 גר`,דיפלומט היינץ,,,יח`,2,100 גרם,false,1,4.50,2.25,false,1,
8719200998001,false,בלו בנד בלי מלח 250 גר`,דיפלומט היינץ,,,יח`,2,100 גרם,false,1,4.50,2.25,false,1,
8719200998018,false,מרגרינה מחמאה בטעם חמאה 200  גר`בלובנד,דיפלומט היינץ,,,יח`,2,100 גרם,false,1,4.80,2.40,false,1,
8719200998049,false,מרגרינה למריחה בטעם טבעי (250  גרם)מזולה,דיפלומט היינץ,,,יח`,2.50,100 גרם,false,1,9.90,3.96,false,1,
8719200998094,false,מזולה אפייה ללא מלח 200 גר,דיפלומט היינץ,,,יח`,2,100 גרם,false,1,6.90,3.45,false,1,
8719200998100,false,מרגרינה לאפייה בטעם חמאה מזולה (200 גרם),דיפלומט היינץ,,,יח`,2,100 גרם,false,1,6.90,3.45,false,1,
8720181114458,false,אקס דאו ספריי לאישה 150 מל(יבוא  מקביל,איינשטיין-צור יבוא-יצוא וסחר ב,,,יח`,1.50,"100 מ""ל",false,1,9.90,6.60,true,1,
8720181114489,false,אקס דאו ספרי י black 150 מל לגבר(יבו,איינשטיין-צור יבוא-יצוא וסחר ב,,,יח`,1.50,"100 מ""ל",false,1,9.90,6.60,true,1,
8720181114496,false,אקס דאו ספריי לגבר DARK TEMPTATION 150 מ,איינשטיין-צור יבוא-יצוא וסחר ב,,,יח`,1.50,"100 מ""ל",false,1,9.90,6.60,true,1,
8723400793922,false,מנטוס רביעייה דובדבן,ליימן שליסל בעמ,,,יח`,1.50,100 גרם,false,1,13.90,9.27,false,1,
8801055707966,false,קפה טייסטרס צ`ויס בריסטה נסקפה (180 גרם),קבוצת אסם סחר שות. מוגבלת,,,יח`,1.80,100 גרם,false,1,32.90,18.28,false,1,
8801055709472,false,נס קפה קפוצ`ינו קלאסיק 125 גר`,קבוצת אסם סחר שות. מוגבלת,,,יח`,1.25,100 גרם,false,1,18.90,15.12,false,1,
8801055709489,false,נס קפה קפוצ`ינו אגוזים 180 גר`,קבוצת אסם סחר שות. מוגבלת,,,יח`,1.80,100 גרם,false,1,18.90,10.50,false,1,
8850389105825,false,משקה אלוורה ענבים סאפה (1 ליטר),טמפו משקאות בעמ,,,יח`,1,1 ליטר,false,1,13.90,13.90,false,1,
8850389105849,false,משקה אלוורה אפרסק סאפה (1 ליטר),טמפו משקאות בעמ,,,יח`,1,1 ליטר,false,1,13.90,13.90,false,1,
8850632604259,false,יוגטה חמצוצים מקלות 50 גר`,ליימן שליסל בעמ,,,יח`,0.50,100 גרם,false,1,3.90,7.80,false,1,
8850632604266,false,חיספוסים מקלות בטעם קולה יוגטה (50 גרם),ליימן שליסל בעמ,,,יח`,0.50,100 גרם,false,1,3.90,7.80,false,1,
8850632604372,false,חמצוצים שטיח בטעם תות שדה יוגטה (50 גרם),ליימן שליסל בעמ,,,יח`,0.50,100 גרם,false,1,3.90,7.80,false,1,
8850632604402,false,יוגטה חמצוצים שטיח 50 גר`,ליימן שליסל בעמ,,,יח`,0.50,100 גרם,false,1,3.90,7.80,false,1,
8857101301008,false,רוטב צ`ילי מתוק וילי פוד (700 מל),ג.וילי-פוד אינטרנשיונל בעמ,,,יח`,7,"100 מ""ל",false,1,9.80,1.40,false,1,
8888021200256,false,סוללות אנרג ייזר-שמיניה,דנשר (1963) בעמ,,,יח`,1,,false,1,24.90,24.90,false,1,
8888021200720,false,סוללות אנרג ייזר-שמיניה,דנשר (1963) בעמ,,,יח`,1,,false,1,24.90,24.90,false,1,
8901314308436,false,מברשת שיניים קולגייט זיג זג מדיום שישייה,פארמה דיל (פ.א.ב.) שיווק והפצה,,,יח`,1,,false,1,12.90,12.90,false,1,
8901537024014,false,אורז בסמטי דאווט וילי פוד (1 קג),ג.וילי-פוד אינטרנשיונל בעמ,,,יח`,1,"ק""ג",false,1,11.90,11.90,false,1,
8938505846019,false,דפי אורז 250 גר`,דין שיווק וקליה 2021 בעמ,,,יח`,2.50,100 גרם,false,1,8.90,3.56,true,1,
9000101372878,false,דיסקס לכביסה לבנה וצבעונית 22 יח פרסיל,גורי שיווק בעמ,,,יח`,1,,false,1,34.90,34.90,false,1,
9000101520965,false,ברף סבון אסלה מוצק בניחוח לוטוס עדין-במב,גורי שיווק בעמ,,,יח`,1,,false,1,19.90,19.90,true,1,
9002975393843,false,הריבו גולדברס 70 גר`,משה סידס ובנו בעמ,,,יח`,0.70,100 גרם,false,1,6.90,9.86,true,1,
9002975393850,false,הריבו וורמס 70 גר`,משה סידס ובנו בעמ,,,יח`,0.70,100 גרם,false,1,6.90,9.86,true,1,
9044400851672,false,סוכריות פז פו הדוב +3 מילויים,ר.ב מוצרי דגנים בעמ,,,יח`,0.2550,100 גרם,false,1,11.90,46.67,false,1,
9120025834723,false,חטיף אוראו מצונן 120 גר`,ג.וילי-פוד אינטרנשיונל **גבינו,,,יח`,1.20,100 גרם,false,1,14.90,12.42,true,1,
9120025839896,false,חטיף מילקה מצונן 128 גר`,ג.וילי-פוד אינטרנשיונל **גבינו,,,יח`,1.28,100 גרם,false,1,14.90,11.64,false,1,
9120097310545,false,חטיף מיני מיניונים מצונן 102.5 גר`,ג.וילי-פוד אינטרנשיונל **גבינו,,,יח`,1.0250,100 גרם,false,1,14.90,14.54,false,1,
9310072028743,false,חטיף שוקולד אורגינל טים טם (200 גרם),משה סידס ובנו בעמ,,,יח`,2,100 גרם,false,1,20.90,10.45,true,1,
9322969000015,false,פריכיות תירס 150 גר`,דנשר (1963) בעמ,,,יח`,1.50,100 גרם,false,1,13.90,9.27,false,1,
9322969000022,false,פריכיות תירס בטעם סויה וזרעים 150 גר`,דנשר (1963) בעמ,,,יח`,1.50,100 גרם,false,1,13.90,9.27,false,1,
9711953105807,false,בלוז מעדנייה שטראוס,שטראוס גרופ בעמ/מצונן,,,"ק""ג",10,100 גרם,true,1,69,6.90,false,1,
9720188050109,false,גבינת טופו בטעמים צוריאל,החב` המרכזית - טרה,,,יח`,2.27,100 גרם,false,1,21.40,9.43,false,1,
9720188060108,false,שמנת טופו צוריאל,החב` המרכזית - טרה,,,יח`,3.40,100 גרם,false,1,21.40,6.29,false,1,
