code,internal_code,name,manufacturer_name,manufacture_country,manufacturer_item_description,unit_qty,quantity,unit_of_measure,weighted,qty_in_package,price,unit_of_measure_price,allow_discount,status,item_id
1,true,אבוקדו,ביכורי השדה הצפון בעמ` 1964,,,"ק""ג",1,,true,1,19.90,19.90,false,1,
3,true,קישוא זוקיני,ביכורי השדה הצפון בעמ` 1964,,,"ק""ג",1,,true,1,15.90,15.90,false,1,
6,true,קישואים,ביכורי השדה הצפון בעמ` 1964,,,"ק""ג",1,,true,1,15.90,15.90,false,1,
7,true,תירס ארוז,ביכורי השדה הצפון בעמ` 1964,,,"ק""ג",3.50,ארגז,true,1,19.90,5.69,false,1,
10,true,אגס,ביכורי השדה הצפון בעמ` 1964,,,"ק""ג",7.50,ארגז,true,1,19.90,2.65,false,1,
11,true,מנגו,ביכורי השדה הצפון בעמ` 1964,,,"ק""ג",1,,true,1,19.90,19.90,false,1,
14,true,אנונה,ביכורי השדה הצפון בעמ` 1964,,,"ק""ג",1,,true,1,19.90,19.90,false,1,
16,true,קובו,ביכורי השדה הצפון בעמ` 1964,,,"ק""ג",1,,true,1,39.90,39.90,false,1,
20,true,אננס,ביכורי השדה הצפון בעמ` 1964,,,יח`,1,,false,1,39.90,39.90,false,1,
21,true,פיטיה,ביכורי השדה הצפון בעמ` 1964,,,"ק""ג",1,,true,1,39.90,39.90,false,1,
30,true,אפרסמון,ביכורי השדה הצפון בעמ` 1964,,,"ק""ג",1,,true,1,19.90,19.90,false,1,
55,true,בננה,ביכורי השדה הצפון בעמ` 1964,,,"ק""ג",1,,true,1,14.90,14.90,false,1,
60,true,בצל יבש,ביכורי השדה הצפון בעמ` 1964,,,"ק""ג",1,,true,1,6.90,6.90,false,1,
61,true,בצל יבש סגול,ביכורי השדה הצפון בעמ` 1964,,,"ק""ג",1,,true,1,7.90,7.90,false,1,
62,true,ערמונים,ביכורי השדה הצפון בעמ` 1964,,,"ק""ג",1,,true,1,17.90,17.90,false,1,
75,true,בטטה,ביכורי השדה הצפון בעמ` 1964,,,"ק""ג",1,,true,1,14.90,14.90,false,1,
85,true,גזר ארוז,ביכורי השדה הצפון בעמ` 1964,,,"ק""ג",1,,true,1,7.90,7.90,false,1,
95,true,דלעת,ביכורי השדה הצפון בעמ` 1964,,,"ק""ג",1,,true,1,14.90,14.90,false,1,
111,true,פקדון בקבוק חוזר,טמפו משקאות בע`מ,,,יח`,1,,false,1,1.20,1.20,false,1,
112,true,חצילים,ביכורי השדה הצפון בעמ` 1964,,,"ק""ג",1,,true,1,11.90,11.90,false,1,
117,true,חסה עגולה,ביכורי השדה הצפון בעמ` 1964,,,יח`,1,,false,1,8.90,8.90,false,1,
121,true,כרוב לבן,ביכורי השדה הצפון בעמ` 1964,,,"ק""ג",1,,true,1,8.90,8.90,false,1,
130,true,כרובית,ביכורי השדה הצפון בעמ` 1964,,,"ק""ג",1,,true,1,14.90,14.90,false,1,
135,true,לימון,ביכורי השדה הצפון בעמ` 1964,,,"ק""ג",1,,true,1,15.90,15.90,false,1,
150,true,מלון,ביכורי השדה הצפון בעמ` 1964,,,"ק""ג",1,,true,1,12.90,12.90,false,1,
155,true,מלפפון,ביכורי השדה הצפון בעמ` 1964,,,"ק""ג",1,,true,1,12.90,12.90,false,1,
200,true,סברס,ביכורי השדה הצפון בעמ` 1964,,,"ק""ג",1,,true,1,29.90,29.90,false,1,
215,true,עגבניות,ביכורי השדה הצפון בעמ` 1964,,,"ק""ג",0,"ק""ג",true,1,12.90,12.90,false,1,
220,true,ענב לבן,ביכורי השדה הצפון בעמ` 1964,,,"ק""ג",1,,true,1,24.90,24.90,false,1,
222,true,פקדון בקבוק,החברה המרכזית להפצת משקאות בע`,,,יח`,1,,false,1,0.30,0.30,false,1,
224,true,פטאיה,ביכורי השדה הצפון בעמ` 1964,,,יח`,1,,true,1,24.90,24.90,false,1,
231,true,ענב שחור,ביכורי השדה הצפון בעמ` 1964,,,"ק""ג",10,ארגז,true,1,29.90,2.99,false,1,
269,true,עגבניה מגי,ביכורי השדה הצפון בעמ` 1964,,,יח`,1,,false,1,16.90,16.90,false,1,
285,true,פלפל אדום,ביכורי השדה הצפון בעמ` 1964,,,"ק""ג",1,,true,1,14.90,14.90,false,1,
310,true,פלפל חריף ירוק,ביכורי השדה הצפון בעמ` 1964,,,"ק""ג",1,,true,1,19.90,19.90,false,1,
333,true,פיקדון שישייה,יפאורה - שותפות מוגבלת לשיווק,,,יח`,0,יח`,false,1,1.80,1.80,false,1,
335,true,קולורבי,ביכורי השדה הצפון בעמ` 1964,,,"ק""ג",1,,true,1,14.90,14.90,false,1,
344,true,גזר בתפזורת,ביכורי השדה הצפון בעמ` 1964,,,"ק""ג",1,,true,1,5.90,5.90,false,1,
345,true,קיווי,ביכורי השדה הצפון בעמ` 1964,,,"ק""ג",1,,true,1,15.90,15.90,false,1,
360,true,קלמנטינה,ביכורי השדה הצפון בעמ` 1964,,,"ק""ג",1,,true,1,12.90,12.90,false,1,
375,true,שום יבש,ביכורי השדה הצפון בעמ` 1964,,,יח`,1,,false,1,8.90,8.90,false,1,
396,true,אוכמניות,ביכורי השדה הצפון בעמ` 1964,,,"ק""ג",1,,false,1,13.90,13.90,false,1,
415,true,שזיף אדום,ביכורי השדה הצפון בעמ` 1964,,,"ק""ג",1,,true,1,24.90,24.90,false,1,
430,true,עגבניה שרי תפזורת מנומר,ביכורי השדה הצפון בעמ` 1964,,,"ק""ג",1,,true,1,29.90,29.90,false,1,
431,true,עגבניות שרי תמר תפזורת,ביכורי השדה הצפון בעמ` 1964,,,"ק""ג",1,,true,1,29.90,29.90,false,1,
435,true,סלרי עלים,ביכורי השדה הצפון בעמ` 1964,,,יח`,1,,false,1,5.90,5.90,false,1,
450,true,תפוזים,ביכורי השדה הצפון בעמ` 1964,,,"ק""ג",1,,true,1,11.90,11.90,false,1,
451,true,ת. עץ פינק קריספי,ביכורי השדה הצפון בעמ` 1964,,,"ק""ג",1,,true,1,19.90,19.90,false,1,
455,true,תות שדה,ביכורי השדה הצפון בעמ` 1964,,,יח`,1,,false,1,9.90,9.90,false,1,
471,true,תפוח אדמה אדום ארוז,ביכורי השדה הצפון בעמ` 1964,,,"ק""ג",1,,true,1,8.90,8.90,false,1,
472,true,תפוח אדמה לבן,ביכורי השדה הצפון בעמ` 1964,,,"ק""ג",1,,true,1,8.90,8.90,false,1,
490,true,ת.עץ סמיט,ביכורי השדה הצפון בעמ` 1964,,,"ק""ג",1,,true,1,14.90,14.90,false,1,
491,true,ת.עץ זהוב,ביכורי השדה הצפון בעמ` 1964,,,"ק""ג",1,,true,1,14.90,14.90,false,1,
492,true,ת.עץ חרמון,ביכורי השדה הצפון בעמ` 1964,,,"ק""ג",1,,true,1,14.90,14.90,false,1,
503,true,אפרסמון קרמבו,ביכורי השדה הצפון בעמ` 1964,,,"ק""ג",10,ארגז,true,1,19.90,1.99,false,1,
555,true,פיקדון רביעייה,ברקת,,,יח`,1,,false,1,1.20,1.20,false,1,
580,true,חלה רגילה,מאפיית י.את א. ברמן בעמ,,,יח`,5,ארגז,false,1,4.90,0.98,false,1,
589,true,פריט כללי,ברקת,,,יח`,1,,false,1,39.90,39.90,false,1,
590,true,ברד קטן,ברקת,,,יח`,1,,false,1,3,3,false,1,
591,true,ברד גדול,ברקת,,,יח`,1,,false,1,6,6,false,1,
592,true,חמצוץ מיוחד,ברקת,,,יח`,1,ארגז,false,1,2,2,false,1,
595,true,סוכריות על מקל ומיוחדות,ברקת,,,יח`,1,,false,1,3,3,false,1,
811,true,קרמבולה,ביכורי השדה הצפון בעמ` 1964,,,"ק""ג",0.30,ארגז,true,1,39.90,133,false,1,
817,true,"שתיה קרה 500 מ""ל",סימה,,,יח`,5,"ל-100 מ""ל",false,1,7,1.34,false,1,
818,true,שתיה קרה 1.5 ליטר,סימה,,,יח`,15,"ל-100 מ""ל",false,1,12,0.78,false,1,
2587,true,מצית קליפר,ברקת,,,יח`,1,,false,1,8,8,false,1,
5485,true,סוכריות גומי במשקל,ברקת,,,"ק""ג",1,,true,1,90,90,false,1,
5891,true,בלון גדול עם כיתוב,ברקת,,,יח`,1,יח`,false,1,8,8,false,1,
5892,true,בלון קטן,ברקת,,,יח`,1,יח`,false,1,4.90,4.90,false,1,
28401,true,פטה כבשים 5% מעד`,תנובה חלב,,,"ק""ג",1,,true,1,119,119,false,1,
29903,true,גבינה שמנת נפוליאון מעד`,תנובה חלב,,,"ק""ג",10,ארגז,true,1,49.90,4.99,false,1,
40974,true,חלב מפוסטר דל לקטוז 2%,תנובה חלב,,,יח`,10,"ל-100 מ""ל",false,1,7.90,0.79,false,1,
41452,true,קוטג% `9מהדרין,תנובה חלב,,,יח`,2.50,ארגז,false,1,5.90,2.36,false,1,
43111,true,חמאה מפוסטרת 200 גרם,תנובה חלב,,,יח`,2,ארגז,false,1,8.90,4.45,false,1,
46327,true,גבינה צהובה גלבוע פרוס 200 גר`,תנובה חלב,,,יח`,2,ארגז,false,1,14.90,7.45,false,1,
47485,true,בולגרית 24% פיראוס,תנובה חלב,,,"ק""ג",10,ארגז,true,1,64.90,6.49,false,1,
47546,true,גבינת כנען 5% 500 גר`,תנובה חלב,,,יח`,5,ארגז,false,1,27.90,5.58,false,1,
50447,true,יופלה תות 3%,תנובה חלב,,,יח`,5,"ל-100 מ""ל",false,1,14.90,2.98,false,1,
51352,true,חלב של פעם ליטר,תנובה חלב,,,יח`,10,"ל-100 מ""ל",false,1,7.90,0.79,false,1,
55893,true,חמאה משמנת מפוסטרת 200 גרם,תנובה חלב,,,יח`,2,ארגז,false,1,8.90,4.45,false,1,
56883,true,יופלה דיאט מארז 6+2,תנובה חלב,,,יח`,8,"ל-100 מ""ל",false,1,33.90,4.24,false,1,
58580,true,גלידת קוקילידה 80 גר,נגה גלידות שותפות מוגבלת,,,יח`,0.80,ארגז,false,1,11,13.75,false,1,
60781,true,פסטה מסולסלים 500 גרם,קבוצת אסם סחר,,,יח`,5,ארגז,false,1,5.90,1.18,false,1,
60880,true,פסטה ספגטי 8 500 גרם,קבוצת אסם סחר,,,יח`,5,ארגז,false,1,6.90,1.38,false,1,
66431,true,פופקו חטיף תירס 80 גרם,קבוצת אסם סחר,,,יח`,0.80,ארגז,false,1,5,6.25,false,1,
68343,true,פרכיות אורז,קבוצת אסם סחר,,,יח`,1.40,ארגז,false,1,7.90,5.64,false,1,
72623,true,"קטשופ אסם 750 מ""ל",קבוצת אסם סחר,,,יח`,7.50,ארגז,false,1,12.90,1.72,false,1,
72753,true,טסטר ציויס 200 גרם,קבוצת אסם סחר,,,יח`,2,ארגז,false,1,32.90,16.45,false,1,
72968,true,סיני מיניס מפלצות 500 גר`,קבוצת אסם סחר,,,יח`,5,ארגז,false,1,19.90,3.98,false,1,
85166,true,גטניו פתי בר וניל 400 גר`,מ.ד אטיאס סוכנויות מזון בע`מ,,,יח`,4,ארגז,false,1,7.90,1.98,false,1,
100128,true,מיקס פירות קפואים,תנובה מרכז שיתופי לשיווק תוצרת,,,יח`,3,ארגז,false,1,16.90,5.63,false,1,
100135,true,מיקס פירות קפואים דובדבן 300 גר`,תנובה מרכז שיתופי לשיווק תוצרת,,,יח`,3,ארגז,false,1,17.90,5.97,false,1,
104201,true,אפונה עדינה קפואה 600 גרם,תנובה מרכז שיתופי לשיווק תוצרת,,,יח`,6,ארגז,false,1,17.90,2.98,false,1,
111353,true,מיונז צנצנת 1 קג`,יוניליוור ישראל שיווק בע`מ,,,יח`,10,ארגז,false,1,16.90,1.69,false,1,
113020,true,ערמונים,ביכורי השדה הצפון בעמ` 1964,,,"ק""ג",1,,true,1,19.90,19.90,false,1,
120836,true,מיונז הלמנס אמיתי צנצנת 394 גרם,יוניליוור ישראל שיווק בע`מ,,,יח`,3.94,ארגז,false,1,11.90,3.02,false,1,
120874,true,מיונז הלמנס מופחת קלוריות 424 גרם,יוניליוור ישראל שיווק בע`מ,,,יח`,4.24,ארגז,false,1,11.90,2.81,false,1,
124841,true,שוקולד חלב חלבי בד`צ 3*100 גר כשלפ,יוניליוור ישראל שיווק בע`מ,,,יח`,3,ארגז,false,1,14.90,4.97,false,1,
134352,true,קינמון טחון,תבליני טעם וריח,,,יח`,1,,false,1,9.90,9.90,false,1,
134758,true,תיבול לתפו`א,תבליני טעם וריח,,,יח`,1,,false,1,9.90,9.90,false,1,
134826,true,זעתר מעורב,תבליני טעם וריח,,,יח`,1,,false,1,9.90,9.90,false,1,
134833,true,כמון טחון,תבליני טעם וריח,,,יח`,1,,false,1,9.90,9.90,false,1,
134840,true,כורכום טחון,תבליני טעם וריח,,,יח`,1,,false,1,9.90,9.90,false,1,
134987,true,פלפל שחור גרוס,תבליני טעם וריח,,,יח`,1,,false,1,12.90,12.90,false,1,
135052,true,משקה אנרגיה XL מנגו מוגז פחית 250 מל,טמפו משקאות בע`מ,,,יח`,2.50,"ל-100 מ""ל",false,24,8,3.08,false,1,
144467,true,שמן חמניות בריאות 1 ליטר,סוגת,,,יח`,10,,false,1,17.90,1.79,false,1,
144474,true,שמן קנולה בריאות 1 ליטר,סוגת,,,יח`,10,"ל-100 מ""ל",false,1,16.90,1.69,false,1,
176062,true,קפה טורקי שקית 100 גרם,שטראוס גרופ בע`מ,,,יח`,1,,false,1,9.90,9.90,false,1,
185224,true,סילאן לחיץ 650 גר`,תה ויסוצקי בע`מ,,,יח`,6.50,ארגז,false,1,16.90,2.60,false,1,
187921,true,לילי נייר טואלט לבן קלאסי 32 גלילים,חוגלה קימברלי שיווק בע`מ,,,יח`,19.69,ארגז,false,1,39.90,2.03,false,1,
187938,true,לילי נייר טואלט פסטל 32 גלילים,חוגלה קימברלי שיווק בע`מ,,,יח`,19.69,ארגז,false,1,39.90,2.03,false,1,
187952,true,לילי נייר טואלט טריו 32 גלילים,חוגלה קימברלי שיווק בע`מ,,,יח`,17.88,ארגז,false,1,44.90,2.51,false,1,
189598,true,ניקול מטליות רב שימושיות 50 יח`,חוגלה קימברלי שיווק בע`מ,,,יח`,1,,false,12,10.90,10.90,false,1,
195216,true,נייר אפייה בשקית 50 יח`,חוגלה קימברלי שיווק בע`מ,,,יח`,1,,false,24,9.90,9.90,false,1,
204086,true,כריות קירצוף ארוך 3 יח,חוגלה קימברלי שיווק בע`מ,,,יח`,1,,false,24,10.90,10.90,false,1,
204215,true,ניקול כרית יפנית אריזת 6יח,חוגלה קימברלי שיווק בע`מ,,,יח`,1,,false,24,10.90,10.90,false,1,
204512,true,ניקול מטליות לחות לרצפה ריח לימון,חוגלה קימברלי שיווק בע`מ,,,יח`,1,,false,12,10.90,10.90,false,1,
208336,true,רסק עגבניות טרי 240 גרם,זנלכול יכין,,,יח`,2.60,ארגז,false,1,4.90,1.88,false,1,
209722,true,רסק עגבניות פריכוז 580 גרם,זנלכול יכין,,,יח`,5.80,ארגז,false,1,10.90,1.88,false,1,
211503,true,סוכר סוגת לבן 1 ק`ג בשקית,סוגת,,,יח`,10,ארגז,false,1,4.90,0.49,false,1,
226071,true,עמק לייט חריץ 9%,תנובה חלב,,,"ק""ג",10,ארגז,true,1,79,7.90,false,1,
238173,true,בורקס גבינה 800 גרם קפוא,תנובה מרכז שיתופי לשיווק תוצרת,,,יח`,8,ארגז,false,14,19.90,2.49,false,1,
272726,true,חומץ טבעי 1 ליטר עסיס 5% כל`פ,קבוצת אסם סחר,,,יח`,10,"ל-100 מ""ל",false,1,8.90,0.89,false,1,
286549,true,מטלית לכל 9 יח רב שימושית,החב. הדרומית לשיווק,,,יח`,1,,false,24,10.90,10.90,false,1,
288017,true,סנו JAVEL אקונומיקה בריח לימון 1 ליט,החב. הדרומית לשיווק,,,יח`,10,"ל-100 מ""ל",false,12,8.90,0.89,false,1,
288109,true,אבק.כביסה מקסימה 1.250 קומפקט,החב. הדרומית לשיווק,,,יח`,12.50,ארגז,false,1,14.90,1.19,false,1,
289069,true,סנו Javel קצף ניקוי לימון 1 ליטר,החב. הדרומית לשיווק,,,יח`,10,"ל-100 מ""ל",false,12,18.90,1.89,false,1,
293073,true,מרכך כביסה סנו מקסימה ביו לבן 4 ליטר,החב. הדרומית לשיווק,,,יח`,40,"ל-100 מ""ל",false,6,21.90,0.55,false,1,
295336,true,מקסימה 1.25 סנסטיב,החב. הדרומית לשיווק,,,יח`,12.50,ארגז,false,12,14.90,1.19,false,1,
295404,true,רב שקית סושי אשפה בנילון 60 יח 50*70,החב. הדרומית לשיווק,,,יח`,1,,false,12,24.90,24.90,false,1,
295558,true,סנו סושי רדיד אלומיניום צמד 0.30*7.5,החב. הדרומית לשיווק,,,יח`,1,,false,12,11.90,11.90,false,1,
318349,true,פסטרמה מעדן הודו מעדניה,מעדני יחיעם ( 1993 ) בע`מ,,,"ק""ג",10,ארגז,true,1,79,7.90,false,1,
319131,true,נקניקיות עוף 400 גרם,מעדני יחיעם ( 1993 ) בע`מ,,,יח`,4,ארגז,false,1,11.90,2.98,false,1,
353241,true,בולגרית 5% מעודנת,תנובה חלב,,,"ק""ג",10,ארגז,true,1,59.90,5.99,false,1,
364872,true,נקניקיות עוף 400 גרם,תנובה מרכז שיתופי לשיווק תוצרת,,,יח`,4,ארגז,false,1,12.90,3.23,false,1,
408316,true,דנונה טבעי 3%,שטראוס גרופ בע`מ,,,יח`,2,"ל-100 מ""ל",false,24,4.90,2.45,false,1,
416021,true,ממרח שוקולד השחר 500 גרם,השחר העולה בעמ,,,יח`,5,ארגז,false,1,13.90,2.78,false,1,
416618,true,ממרח שוקולד 400 גרם פרווה השחר,השחר העולה בעמ,,,יח`,4,ארגז,false,1,13.90,3.48,false,1,
419220,true,קפה לנדוור טורקי 3*100 גרם,ש. שסטוביץ בע`מ,,,יח`,3,ארגז,false,1,22.90,7.63,false,1,
430102,true,קוביות קרח,"אייס (קיובס) בע""מ",,,יח`,1,,false,1,9.90,9.90,false,1,
446523,true,חמאת בוטנים 350 גר`,מ.ד אטיאס סוכנויות מזון בע`מ,,,יח`,3.50,ארגז,false,1,13.90,3.97,false,1,
446547,true,חמאת בוטנים טבעית 350 גרם,מ.ד אטיאס סוכנויות מזון בע`מ,,,יח`,3.50,ארגז,false,1,15.90,4.54,false,1,
453408,true,בצק פיצה דק ומצונן מוכן לאפייה שמרית,שטראוס גרופ בע`מ,,,יח`,3,ארגז,false,1,15.90,5.30,false,1,
453415,true,בצק עלים מצונן ומוכן לאפייה שמרית300ג,שטראוס גרופ בע`מ,,,יח`,3,ארגז,false,1,14.90,4.97,false,1,
453422,true,בצק פילו מוכן לאפייה שמרית 300 גרם,שטראוס גרופ בע`מ,,,יח`,3,ארגז,false,1,16.90,5.63,false,1,
453866,true,נטורינה קוקוס 200 לאפייה ובישול גר`,שטראוס גרופ בע`מ,,,יח`,2,ארגז,false,40,7.90,3.95,false,1,
466620,true,סקנדינבית דליקטס 31%,תנובה חלב,,,"ק""ג",10,ארגז,true,1,81,8.10,false,1,
467511,true,"ביסלי ברביקיו 55 גרם כשל""פ",קבוצת אסם סחר,,,יח`,0.55,ארגז,false,1,5,9.09,false,1,
468747,true,ביסלי גריל 55 גר`,קבוצת אסם סחר,,,יח`,0.55,ארגז,false,1,5,9.09,false,1,
468877,true,ביסלי בצל 55 גר`,קבוצת אסם סחר,,,יח`,0.55,ארגז,false,1,5,9.09,false,1,
480107,true,קוואקר ש.שועל פחית 500 גרם,שטראוס פריטו ליי בע`מ,,,יח`,5,ארגז,false,1,14.90,2.98,false,1,
484747,true,ארק עלית 40% 700 מ`ל עם פקק ייחודי,מ.ד אטיאס סוכנויות מזון בע`מ,,,יח`,7,"ל-100 מ""ל",false,1,69.90,9.94,false,1,
493183,true,רוטב פטריות שקית 30 גרם כשלפ,קבוצת אסם סחר,,,יח`,0.30,ארגז,false,1,4.90,16.33,false,1,
497044,true,לחם ברמן אקטיב 750 גר`,מאפיית י.את א. ברמן בעמ,,,יח`,7.50,ארגז,false,1,16.90,2.25,false,1,
497112,true,לחם אחיד פרוס ברמן 750 גר`,מאפיית י.את א. ברמן בעמ,,,יח`,7.50,ארגז,false,1,7.11,0.95,false,1,
497198,true,ברמן פיתות אסלי 10יח`,מאפיית י.את א. ברמן בעמ,,,יח`,1,ארגז,false,1,11.90,11.90,false,1,
497204,true,ברמן פיתות אסלי 5יח`,מאפיית י.את א. ברמן בעמ,,,יח`,1,ארגז,false,1,6.90,6.90,false,1,
497228,true,לחמניות 6 בשקית,מאפיית י.את א. ברמן בעמ,,,יח`,1,ארגז,false,1,10.90,10.90,false,1,
497358,true,חלומית ארוזה ברמן 500 גר`,מאפיית י.את א. ברמן בעמ,,,יח`,5,ארגז,false,1,11.90,2.38,false,1,
497426,true,ברמן לענין פלוס 500 גר`,מאפיית י.את א. ברמן בעמ,,,יח`,5,ארגז,false,1,15.90,3.18,false,1,
497570,true,לחם דגנים פלוס ברמן 500 גר`,מאפיית י.את א. ברמן בעמ,,,יח`,5,ארגז,false,1,15.90,3.18,false,1,
498003,true,לחם מקמח מלא E-FREE,מאפיית י.את א. ברמן בעמ,,,יח`,1,ארגז,false,1,16.90,16.90,false,1,
498256,true,לחמניות מדברות 10 בשקית,מאפיית י.את א. ברמן בעמ,,,יח`,1,ארגז,false,1,12.90,12.90,false,1,
523125,true,מלח הארץ יבש 250 גרם,סוגת,,,יח`,2.50,ארגז,false,1,5.90,2.36,false,1,
523224,true,מלח הארץ שולחן מעולה 500 גרם,סוגת,,,יח`,5,ארגז,false,1,9.90,1.98,false,1,
537566,true,נקניקיות עוף טרי 400 גר`,נקניק זוגלובק נהריה,,,יח`,4,ארגז,false,1,13.90,3.48,false,1,
554402,true,מעדן מלבי חלבי 160 גרם,מחלבות גד בעמ`,,,יח`,1.60,"ל-100 מ""ל",false,1,6.90,4.31,false,1,
554457,true,גבינה צפתית %5 שומן 350 גרם,מחלבות גד בעמ`,,,יח`,3.50,ארגז,false,1,23.90,6.83,false,1,
554532,true,גבינה צפתית מעודנת 5% 200 גרם,מחלבות גד בעמ`,,,יח`,2,ארגז,false,1,16.90,8.45,false,1,
554600,true,גבינת מוצרלה מגורדת 22% 300 גרם,מחלבות גד בעמ`,,,יח`,3,ארגז,false,1,29.90,9.97,false,1,
554624,true,מעדן ירח מתוק %3 150 מל,מחלבות גד בעמ`,,,יח`,1.50,"ל-100 מ""ל",false,1,6.90,4.60,false,1,
554686,true,גבינה לאבנה עם זעתר ושמן זית 250 גרם,מחלבות גד בעמ`,,,יח`,2.50,ארגז,false,1,15.90,6.36,false,1,
554839,true,גבינה מוקצפת מסקרפונה %38 250 גרם,מחלבות גד בעמ`,,,יח`,2.50,ארגז,false,1,24.90,9.96,false,1,
572628,true,חלבה שומשום לייט 11*25 גרם בד`,אחדות ביתחרושת לטחינה חלבה,,,יח`,2.75,ארגז,false,1,11.90,4.33,false,1,
572673,true,חלבה וניל קקאו ואגוזים 12*25 ג`בד``,אחדות ביתחרושת לטחינה חלבה,,,יח`,3,ארגז,false,1,11.90,3.97,false,1,
599861,true,מגב+מקל,מ.א. יצור ויבוא מטליות בעמ`,,,יח`,1,,false,1,6.90,6.90,false,1,
644783,true,סלמון מנות קפוא,תנובה מרכז שיתופי לשיווק תוצרת,,,"ק""ג",1,ארגז,true,1,84.90,84.90,false,1,
662817,true,סלמון מעושן 100 גרם,תנובה מרכז שיתופי לשיווק תוצרת,,,יח`,1,ארגז,false,1,23.90,23.90,false,1,
688381,true,מי עדן שקט 0.5 ליטר *6 יח`להחזרה,יפאורה - שותפות מוגבלת לשיווק,,,יח`,30,"ל-100 מ""ל",false,1,17.10,0.51,false,1,
995410,true,נבטים סינים,ביכורי השדה הצפון בעמ` 1964,,,יח`,1,,false,1,7.90,7.90,false,1,
1001578,true,חזה עוף ארוז קפוא,עוף ירושלים מהדרין בע`מ,,,"ק""ג",0,"ק""ג",true,1,29.90,29.90,false,1,
1001608,true,שוקיים עוף ארוז קפוא,עוף ירושלים מהדרין בע`מ,,,"ק""ג",0,"ק""ג",true,1,27.90,27.90,false,1,
1121672,true,פסטרמה מעודנת בפפריקה 300 גרם,מעדני יחיעם ( 1993 ) בע`מ,,,יח`,0.30,ארגז,false,1,21.90,73,false,1,
1230331,true,סיגריות כאמל צהוב,גלוברנדס גרופ בעמ,,,יח`,1,,false,1,33,33,false,1,
1230739,true,סיגריות כאמל לייט כחול,גלוברנדס גרופ בעמ,,,יח`,1,,false,1,33,33,false,1,
1231932,true,סיגריות וינסטון כחול,גלוברנדס גרופ בעמ,,,יח`,1,,false,1,34,34,false,1,
1247099,true,ספרינג נקטר מנגו קרטון 1 ליטר,יפאורה - שותפות מוגבלת לשיווק,,,יח`,10,"ל-100 מ""ל",false,1,7.40,0.74,false,1,
1247747,true,פחית ספרינג תפוח 330 מל,יפאורה - שותפות מוגבלת לשיווק,,,יח`,3.30,"ל-100 מ""ל",false,1,7,2.03,false,1,
1247891,true,פחית ספרינג ארפרסק נ330 מל,יפאורה - שותפות מוגבלת לשיווק,,,יח`,3.30,"ל-100 מ""ל",false,1,7,2.03,false,1,
1302279,true,במבה קלאסי *60,קבוצת אסם סחר,,,יח`,0.60,ארגז,false,1,5,8.33,false,1,
1419779,true,וופל קלאסי 200 גר`,מ.ד אטיאס סוכנויות מזון בע`מ,,,יח`,2,ארגז,false,1,3.90,1.95,false,1,
1419892,true,וופל קלאסי לימון 200 גר`,מ.ד אטיאס סוכנויות מזון בע`מ,,,יח`,2,ארגז,false,1,3.90,1.95,false,1,
1567555,true,פסטרמה מעודנת עם דבש 300 גר`,מעדני יחיעם ( 1993 ) בע`מ,,,יח`,3,ארגז,false,1,21.90,7.30,false,1,
1594858,true,בירה טובורג בקבוק להחזרה 6*330 מל,החברה המרכזית להפצת משקאות בע`,,,יח`,19.80,"ל-100 מ""ל",false,4,34.90,1.67,false,1,
1646137,true,ביצים ארוזות L 12 יח`,ק.ס.ן שיווק ביצים בע`מ,,,יח`,1,,false,1,11.40,11.40,false,1,
1780800,true,קראנץ` שוקולד ליבת נוגט 100 גרם,נגה גלידות שותפות מוגבלת,,,יח`,1,ארגז,false,1,10,10,false,1,
1813478,true,עוגיות חיוכים וניל 6 יח `900גרם,שטראוס גרופ בע`מ,,,יח`,9,ארגז,false,6,21.90,2.43,false,1,
2019787,true,רסק עגבניות טבע טרי %22 260 גרם פרי ני,מ.ד אטיאס סוכנויות מזון בע`מ,,,יח`,2.60,ארגז,false,1,4,1.54,false,1,
2026587,true,וופל בלגי פרווה,מוצרי איכות אמריקאים,,,יח`,7,ארגז,false,1,14.90,2.13,false,1,
2057123,true,זיתים חרוזית A-2 יבנה 540 גר`,קבוצת יבנה,,,יח`,5.40,ארגז,false,1,9.90,1.83,false,1,
2057352,true,מלפפון במלח 7-9 A-2 יבנה 540 גר`,קבוצת יבנה,,,יח`,5.40,ארגז,false,1,7.60,1.41,false,1,
2057369,true,מלפפון במלח 10-12 A-2 ביבנה 540 גר`,קבוצת יבנה,,,יח`,5.40,ארגז,false,1,8.90,1.65,false,1,
2057376,true,מלפפון במלח 13-17 A-2 יבנה 540 גר`,קבוצת יבנה,,,יח`,5.40,ארגז,false,1,10.90,2.02,false,1,
2057475,true,מלפפון בחומץ 13-17 יבנה 540 גר`,קבוצת יבנה,,,יח`,5.40,ארגז,false,1,10.90,2.02,false,1,
2096009,true,דובשניות חפץ 450 גרם,מ.ד אטיאס סוכנויות מזון בע`מ,,,יח`,4.50,ארגז,false,1,10.90,2.42,false,1,
2331018,true,נביעות מים מינרלים בקבוק להחזרה 0.5ל,החברה המרכזית להפצת משקאות בע`,,,יח`,5,"ל-100 מ""ל",false,24,3.40,0.62,false,1,
2331322,true,נביעות שישייה מים מינרלים שקט 1.5 ל`,החברה המרכזית להפצת משקאות בע`,,,יח`,90,"ל-100 מ""ל",false,1,16.80,0.17,false,1,
2341499,true,לשון בקר מוכשר קפוא,עוף ירושלים מהדרין בע`מ,,,"ק""ג",0,"ק""ג",true,1,29.90,29.90,false,1,
2341505,true,ראש בקר מוכשר קפוא,עוף ירושלים מהדרין בע`מ,,,"ק""ג",0,"ק""ג",true,1,59.90,59.90,false,1,
2374640,true,שמן קנולה פלוס אומגה 3 עץ הזית,סוגת,,,יח`,10,"ל-100 מ""ל",false,1,17.90,1.79,false,1,
2542780,true,"בירה סטלה ארטואה שישייה 330 מ""ל",תימקו בירה בעמ`,,,יח`,19.80,"ל-100 מ""ל",false,1,34.90,1.67,false,1,
2610175,true,כרעיים עוף ארוז קפוא חתם,עוף ירושלים מהדרין בע`מ,,,"ק""ג",0,"ק""ג",true,1,27.90,27.90,false,1,
2610182,true,חזה עוף ארוז קפוא חתם,עוף ירושלים מהדרין בע`מ,,,"ק""ג",0,"ק""ג",true,1,29.90,29.90,false,1,
2610199,true,כנפיים עוף ארוז קפוא חתם,עוף ירושלים מהדרין בע`מ,,,"ק""ג",0,"ק""ג",true,1,9.90,9.90,false,1,
2610205,true,שוקיים עוף ארוז קפוא חתם,עוף ירושלים מהדרין בע`מ,,,"ק""ג",0,"ק""ג",true,1,27.90,27.90,false,1,
2610212,true,ירכיים עוף ארוז קפוא חתם,עוף ירושלים מהדרין בע`מ,,,"ק""ג",0,"ק""ג",true,1,27.90,27.90,false,1,
2610236,true,שניצל עוף פרוס ארוז קפוא חתם,עוף ירושלים מהדרין בע`מ,,,"ק""ג",0,"ק""ג",true,1,31.90,31.90,false,1,
2610250,true,כבד עוף קפוא ארוז חתם סופר,עוף ירושלים מהדרין בע`מ,,,"ק""ג",0,"ק""ג",true,1,12.90,12.90,false,1,
2610267,true,לב עוף קפוא חתם סופר,עוף ירושלים מהדרין בע`מ,,,"ק""ג",0,"ק""ג",true,1,25.90,25.90,false,1,
2610274,true,כנף עוף חצוי ארוז קפוא חתם,עוף ירושלים מהדרין בע`מ,,,"ק""ג",1,,true,1,9.90,9.90,false,1,
2661153,true,לחם דני קל ברמן 1 קג,מאפיית י.את א. ברמן בעמ,,,יח`,10,ארגז,false,1,18.50,1.85,false,1,
2661900,true,שמיניות שומשום 6 בשקית,מאפיית י.את א. ברמן בעמ,,,יח`,1,ארגז,false,1,12.90,12.90,false,1,
2661948,true,לחמניות כפריות ארוכות 6 בשקית,מאפיית י.את א. ברמן בעמ,,,יח`,1,ארגז,false,1,12.90,12.90,false,1,
2748229,true,כרעיים עוף ארוז קפוא,עוף ירושלים מהדרין בע`מ,,,"ק""ג",0,"ק""ג",true,1,27.90,27.90,false,1,
2748250,true,חזה עוף ארוז קפוא,עוף ירושלים מהדרין בע`מ,,,"ק""ג",0,"ק""ג",true,1,29.90,29.90,false,1,
2748274,true,כנפיים עוף ארוז קפוא,עוף ירושלים מהדרין בע`מ,,,"ק""ג",1,,true,1,9.90,9.90,false,1,
2748281,true,שוקיים עוף ארוז קפוא,עוף ירושלים מהדרין בע`מ,,,"ק""ג",0,"ק""ג",true,1,27.90,27.90,false,1,
2748298,true,ירכיים עוף ארוז קפוא,עוף ירושלים מהדרין בע`מ,,,"ק""ג",0,"ק""ג",true,1,27.90,27.90,false,1,
2748328,true,כבד עוף קפוא,עוף ירושלים מהדרין בע`מ,,,"ק""ג",0,"ק""ג",true,1,12.90,12.90,false,1,
2748335,true,לב עוף קפוא,עוף ירושלים מהדרין בע`מ,,,"ק""ג",0,"ק""ג",true,1,25.90,25.90,false,1,
2748366,true,שניצל עוף פרוס ארוז קפוא,עוף ירושלים מהדרין בע`מ,,,"ק""ג",0,"ק""ג",true,1,31.90,31.90,false,1,
2752332,true,סוכריות מנטוס פירות 37 גרם,ליימן שליסל בע`מ,,,יח`,0.3750,ארגז,false,40,4,10.67,false,1,
2752349,true,סוכריות מנטוס מנטה 37 גרם,ליימן שליסל בע`מ,,,יח`,0.3750,ארגז,false,40,4,10.67,false,1,
2824183,true,גבינת סקי %5 500 גרם,שטראוס גרופ בע`מ,,,יח`,5,ארגז,false,12,9.90,1.98,false,1,
2922117,true,עוגיות פרימיום אקלר,אקלר,,,יח`,3,ארגז,false,1,22.90,7.63,false,1,
2971191,true,"קמח חיטה 1 ק""ג",ח.כהן סוכנות מזון ומשקאות,,,יח`,10,ארגז,false,1,3.90,0.39,false,1,
2977001,true,סולת 1 קג`,הטחנות הגדולות של ארץ ישראל בע,,,יח`,10,ארגז,false,1,4.90,0.49,false,1,
2977032,true,סוכר 1 קג`,הטחנות הגדולות של ארץ ישראל בע,,,יח`,10,ארגז,false,1,4.90,0.49,false,1,
2996293,true,צלי כתף מס` 5 מוכשר קפוא,עוף ירושלים מהדרין בע`מ,,,"ק""ג",0,"ק""ג",true,1,69.90,69.90,false,1,
2996330,true,בשר מס 8 שריר הזרוע מוכשר,עוף ירושלים מהדרין בע`מ,,,"ק""ג",1,,true,1,24.90,24.90,false,1,
3141159,true,יוגטה מרשמלו 180 גרם,ליימן שליסל בע`מ,,,יח`,1.80,ארגז,false,18,8.90,4.94,false,1,
3402809,true,שוקולד ריסז לבן 39 גרם,ליימן שליסל בע`מ,,,יח`,0.39,ארגז,false,1,6,15.38,false,1,
3423909,true,קוקיז אנד קרים חטיף שוקולד לבן עם שברי,ליימן שליסל בע`מ,,,יח`,0,ארגז,false,36,6,6,false,1,
3427154,true,שמן זית זיתא כתית מעולה 750 מ``ל,תה ויסוצקי בע`מ,,,יח`,7.50,"ל-100 מ""ל",false,1,35.90,4.79,false,1,
3444009,true,ריזס שוקולד חלב במילוי חמאת בוטנים,ליימן שליסל בע`מ,,,יח`,0,ארגז,false,36,5,5,false,1,
3550753,true,טונה פוסידון בשמן 110 מארז *4,נטו מלינדה סחר בע`מ,,,יח`,4.40,ארגז,false,16,19.90,4.52,false,1,
3643004,true,אורז בסמטי הודי אחד אחד 1 קג,סוגת,,,יח`,10,ארגז,false,1,14.90,1.49,false,1,
3643134,true,סוגת סוכר וניל 10 יח *10גרם,סוגת,,,יח`,1,ארגז,false,1,2.50,2.50,false,1,
3643769,true,עדשים אדומים 500 גרם,סוגת,,,יח`,5,ארגז,false,1,8.90,1.78,false,1,
3726615,true,טופו ויילר 300 גרם,שטראוס גרופ בע`מ,,,יח`,3,"ל-100 מ""ל",false,1,14.90,4.97,false,1,
3744428,true,אובלטים מלוחים דקיקים 300 גרם,מ.ד אטיאס סוכנויות מזון בע`מ,,,יח`,3,ארגז,false,1,12.50,4.17,false,1,
4030216,true,מיץ חמוציות 1 ל`,תנובה חלב,,,יח`,10,"ל-100 מ""ל",false,9,15.90,1.56,false,1,
4033705,true,הבורגריה לחמניות המבורגר ביס לוקס 6 בש,מאפיית י.את א. ברמן בעמ,,,יח`,6,ארגז,false,1,14.90,2.48,false,1,
4033736,true,לחם עננים בסגנון בריוש,מאפיית י.את א. ברמן בעמ,,,יח`,1,ארגז,false,1,15.90,15.90,false,1,
4063016,true,.מלח שולחן מעולה 1 ק`ג,סוגת,,,יח`,10,ארגז,false,1,1.90,0.19,false,1,
4120566,true,גבינה מלוחה %24 בולגרית 250 גרם,תנובה חלב,,,יח`,2.50,ארגז,false,1,25.90,10.36,false,1,
4120634,true,גבינה מלוחה בולגרית %5 250 גרם,תנובה חלב,,,יח`,2.50,ארגז,false,1,24.90,9.96,false,1,
4125400,true,אשל מהדרין %4.5 200 מ``ל גביע,תנובה חלב,,,יח`,2,"ל-100 מ""ל",false,1,1.69,0.85,false,1,
4125417,true,גיל מהדרין %3 200 מ``ל גביע,תנובה חלב,,,יח`,2,"ל-100 מ""ל",false,1,1.51,0.76,false,1,
4125578,true,משקה סויה טרי מועשר קרטון 1 ליטר,תנובה חלב,,,יח`,10,"ל-100 מ""ל",false,1,11.90,1.19,false,1,
4125585,true,משקה סויה בטעם וניל 1 קרטון 1 ליטר,תנובה חלב,,,יח`,10,"ל-100 מ""ל",false,1,11.90,1.19,false,1,
4125738,true,"שמנת מתוקה להקצפה 32% 250 מ""ל",תנובה חלב,,,יח`,2.50,"ל-100 מ""ל",false,1,7.90,3.16,false,1,
4130794,true,משקה סויה מועשר מופחת מתיקות 1 ליטר,תנובה חלב,,,יח`,10,"ל-100 מ""ל",false,1,11.50,1.15,false,1,
4131074,true,חלב שתייה טרי בקרטון מהדרין 3% 1ליטר,תנובה חלב,,,יח`,10,"ל-100 מ""ל",false,1,6.23,0.62,false,1,
4131227,true,גבינה לבנה 3% 500 גרם,תנובה חלב,,,יח`,5,ארגז,false,1,10.50,2.10,false,1,
4132552,true,משקה סויה דיאט בטעם טבעי 1 ל`קרטון,תנובה חלב,,,יח`,10,"ל-100 מ""ל",false,1,11.90,1.19,false,1,
4554330,true,אסקימו דובדבן,שטראוס גלידות,,,יח`,1,ארגז,false,1,2.90,2.90,false,1,
4554798,true,גלידת מטריה,שטראוס גלידות,,,יח`,1,ארגז,false,1,5.90,5.90,false,1,
4685010,true,שיפון פלוס לחם הארץ 100% 500 גר`,מאפיית י.את א. ברמן בעמ,,,יח`,5,ארגז,false,1,16.90,3.38,false,1,
4685201,true,הארץ שיפון אגוזים 500 גר`,מאפיית י.את א. ברמן בעמ,,,יח`,5,ארגז,false,1,16.90,3.38,false,1,
4685430,true,הארץ כוסמין 100% ברמן 750 גר`,מאפיית י.את א. ברמן בעמ,,,יח`,7.50,ארגז,false,1,16.90,2.25,false,1,
5113222,true,מיקס זיתים+גמבה A-2,קבוצת יבנה,,,יח`,5.60,ארגז,false,1,11.60,2.07,false,1,
5201882,true,קפה טורקי שקית 200 גרם,שטראוס גרופ בע`מ,,,יח`,2.40,ארגז,false,24,17.90,7.46,false,1,
5271410,true,ביצים ארוזות L 12 יח`,גליקסמן שיווק ביצים [1994] בעמ,,,יח`,1,,false,1,12.05,12.05,false,1,
5325045,true,שקית הפתעה ענקית,*11505,,,יח`,1,יח`,false,1,19.90,19.90,false,1,
5325052,true,מארז חנוכה קטן,*11505,,,יח`,1,יח`,false,1,5.90,5.90,false,1,
5325403,true,מארז חנוכה גדול,*11505,,,יח`,1,יח`,false,1,9.90,9.90,false,1,
5325465,true,שקית הפתעה,*11505,,,יח`,1,יח`,false,1,5.90,5.90,false,1,
5325557,true,שקית הפתעה גדולה,*11505,,,יח`,1,יח`,false,1,14.90,14.90,false,1,
5326585,true,אוליביה פסטו בזילקום,תנובה חלב,,,יח`,1.80,ארגז,false,6,11.90,6.61,false,1,
5384851,true,מיץ לימון משומר 200 מ`ל,ג. וילי-פוד אינטרנשיונל בע`מ,,,יח`,2,"ל-100 מ""ל",false,24,4.80,2.40,false,1,
5423253,true,מרכך ומבשם כביסה אולטרא פרש 750 מל,החב. הדרומית לשיווק,,,יח`,7.50,"ל-100 מ""ל",false,12,17.90,2.39,false,1,
5423635,true,ריצפז פלוס נוזל לרצפה דוחה חרקים 2 ל,החב. הדרומית לשיווק,,,יח`,20,"ל-100 מ""ל",false,8,18.90,0.95,false,1,
5424755,true,ריצפז פלוס מטליות לחות לניקוי רצפות,החב. הדרומית לשיווק,,,יח`,1,,false,12,14.90,14.90,false,1,
5427107,true,סנו סושי מגבות נייר לבנות 6 יח`,החב. הדרומית לשיווק,,,יח`,5.70,ארגז,false,1,11.90,2.09,false,1,
5431883,true,מלבי חלבי 165 גר`,תנובה חלב,,,יח`,1.50,"ל-100 מ""ל",false,1,7.50,5,false,1,
5431920,true,עוגת גבינה פירורים לייט 78 גר`,תנובה חלב,,,יח`,1.50,"ל-100 מ""ל",false,1,7.50,5,false,1,
5431968,true,מלבי שמנת 150 גר`,תנובה חלב,,,יח`,1.50,ארגז,false,1,8.90,5.93,false,1,
5610509,true,צנונית,ביכורי השדה הצפון בעמ` 1964,,,יח`,1,,false,1,6.90,6.90,false,1,
5951022,true,דלעת חתוכה,ביכורי השדה הצפון בעמ` 1964,,,"ק""ג",1,,true,1,10.90,10.90,false,1,
5951039,true,כרובית,ביכורי השדה הצפון בעמ` 1964,,,"ק""ג",1,,true,1,10.90,10.90,false,1,
5992575,true,גבינה בולגרית למריחה 5% 250 גרם,מחלבות גד בעמ`,,,יח`,2.50,ארגז,false,1,18.90,7.56,false,1,
5992735,true,גבינה לאבנה טבעי 250 גרם,מחלבות גד בעמ`,,,יח`,2.50,ארגז,false,1,13.90,5.56,false,1,
6129345,true,אנטריקוט דק דק,אדום גרופ למזון שיווק והפצה בע,,,יח`,1,,false,1,24.90,24.90,false,1,
6265500,true,פטריות שמפניון ארוז,ביכורי השדה הצפון בעמ` 1964,,,יח`,1,,false,1,9.90,9.90,false,1,
6272072,true,חטיפי פיצה מרובעים אישי 24 יח 650 גר קפו,תנובה מרכז שיתופי לשיווק תוצרת,,,יח`,6.50,ארגז,false,8,36.90,5.68,false,1,
6492432,true,בייבי מוצרלה %18 150 גרם,מחלבות גד בעמ`,,,יח`,1.50,ארגז,false,1,15.90,10.60,false,1,
6492852,true,גבינת עזים למריחה 5% 250 גרם,מחלבות גד בעמ`,,,יח`,2.50,ארגז,false,1,18.90,7.56,false,1,
6492913,true,גבינת לאבנה צזיקי למריחה 5% 250 גרם,מחלבות גד בעמ`,,,יח`,2.50,ארגז,false,1,14.90,5.96,false,1,
6681065,true,טעמקור X.L,שטראוס גלידות,,,יח`,1,ארגז,false,1,6.90,6.90,false,1,
6739346,true,נקניקיות פרגיות 400 גרם,נקניק זוגלובק נהריה,,,יח`,4,ארגז,false,1,19.90,4.98,false,1,
6764065,true,בירה נשר מאלט שחורה בקבוק 500 מל,טמפו משקאות בע`מ,,,יח`,5,"ל-100 מ""ל",false,20,10.90,1.94,false,1,
6764072,true,בירה גולדסטאר בקבוק 500 מל,טמפו משקאות בע`מ,,,יח`,5,"ל-100 מ""ל",false,20,15,2.76,false,1,
6764157,true,בירה גולדסטאר בקבוק 500 מל,טמפו משקאות בע`מ,,,יח`,5,"ל-100 מ""ל",false,20,15,2.76,false,1,
6805850,true,תערובת להכנת פנקייק 500 גרם,ליימן שליסל בע`מ,,,יח`,5,ארגז,false,12,19.90,3.98,false,1,
6941466,true,"שמן קנולה 1 ליטר""שווה""",ח.כהן סוכנות מזון ומשקאות,,,יח`,10,"ל-100 מ""ל",false,1,9.90,0.99,false,1,
8021043,true,שמפו פינוק לשיער רגיל 700 גרם,יוניליוור ישראל שיווק בע`מ,,,יח`,7,"ל-100 מ""ל",false,1,10,1.43,false,1,
8175173,true,חמאה מפינלנד 200 גר` ללא מלח,ג. וילי-פוד אינטרנשיונל בע`מ,,,יח`,2,ארגז,false,1,11.90,5.95,false,1,
8175814,true,פטריות שמפיניון חתוכות 400 גרם,ג. וילי-פוד אינטרנשיונל בע`מ,,,יח`,4,ארגז,false,24,4.90,1.23,false,1,
8409100,true,אצבעות שניצל בציפוי שומשום 700 גרם קפוא,תנובה מרכז שיתופי לשיווק תוצרת,,,יח`,7,ארגז,false,10,37.90,5.41,false,1,
8464024,true,בירה גולדסטאר לא מסונן 500מ`ל,טמפו משקאות בע`מ,,,יח`,5,"ל-100 מ""ל",false,12,13.90,2.72,false,1,
8464222,true,בירה מכבי 7.9 פחית להחזרה 500 מל,טמפו משקאות בע`מ,,,יח`,5,"ל-100 מ""ל",false,24,13,2.54,false,1,
8464604,true,בירה היינקן פחית 500 מל,טמפו משקאות בע`מ,,,יח`,5,"ל-100 מ""ל",false,24,13.90,2.72,false,1,
8464703,true,בירה מכבי בקבוק 6*330 מל,טמפו משקאות בע`מ,,,יח`,19.80,"ל-100 מ""ל",false,4,34.70,1.66,false,1,
8464741,true,בירה גולדסטאר בקבוק 6*330 מ`ל,טמפו משקאות בע`מ,,,יח`,19.80,"ל-100 מ""ל",false,4,36.70,1.76,false,1,
8464796,true,.בירה היינקן בקבוק 6*330 מל,טמפו משקאות בע`מ,,,יח`,19.80,"ל-100 מ""ל",false,4,41.70,2.02,false,1,
8644235,true,ירקות צעירי הגן עלי בייבי 120 גר`,ביכורי השדה הצפון בעמ` 1964,,,יח`,1.20,ארגז,false,1,10.90,9.08,false,1,
8757034,true,שוופס סודה 250 מל,יפאורה - שותפות מוגבלת לשיווק,,,יח`,2.50,"ל-100 מ""ל",false,1,3.90,1.44,false,1,
8806305,true,קרחון שרבט פרווה עם תפוז בננה,שטראוס גלידות,,,יח`,1,ארגז,false,1,6.90,6.90,false,1,
10118328,true,תפוצ`יפס בטעם טבעי 6*40 גרם,שטראוס פריטו ליי בע`מ,,,יח`,2.40,ארגז,false,1,14.90,6.21,false,1,
10237685,true,בירה הייניקן צואר ארוך 330 מ`ל,טמפו משקאות בע`מ,,,יח`,3.30,"ל-100 מ""ל",false,1,12,3.55,false,1,
10582037,true,סוויט בייט פלפלונים,ביכורי השדה הצפון בעמ` 1964,,,יח`,1,,false,1,8.90,8.90,false,1,
10699155,true,נר עוגה אנגלית,שמחה זה אנחנו בע`מ,,,יח`,1,,false,1,10.70,10.70,false,1,
11017866,true,פחית ק`ק סילק 330 מ`ל,החברה המרכזית להפצת משקאות בע`,,,יח`,3.30,"ל-100 מ""ל",false,24,7,2.03,false,1,
11017873,true,פחית זירו סליק 330 מ`ל,החברה המרכזית להפצת משקאות בע`,,,יח`,3.30,"ל-100 מ""ל",false,24,7,2.03,false,1,
11017880,true,פחית דיאט קוק סליק 330 מ`ל,החברה המרכזית להפצת משקאות בע`,,,יח`,3.30,"ל-100 מ""ל",false,24,7,2.03,false,1,
11018443,true,פחית פנטה אורנג` סילק 330 מ`ל,החברה המרכזית להפצת משקאות בע`,,,יח`,3.30,"ל-100 מ""ל",false,24,4.20,1.18,false,1,
11128043,true,שורש פטרוזליה,ביכורי השדה הצפון בעמ` 1964,,,יח`,1,,false,1,4.90,4.90,false,1,
11133375,true,בירה מכבי שנדי אפרסק בקבוק 6*330מל,טמפו משקאות בע`מ,,,יח`,19.80,"ל-100 מ""ל",false,4,31.70,1.51,false,1,
11133634,true,מארז שישיית פחיות פפסי מקס,טמפו משקאות בע`מ,,,יח`,19.80,"ל-100 מ""ל",false,1,19.90,0.91,false,1,
11148898,true,ברוקלי יח`,ביכורי השדה הצפון בעמ` 1964,,,יח`,1,,false,1,8.90,8.90,false,1,
11148911,true,פלפל טינקרבל,ביכורי השדה הצפון בעמ` 1964,,,יח`,1,,false,1,9.90,9.90,false,1,
11235024,true,רוזמרין,ביכורי השדה הצפון בעמ` 1964,,,יח`,1,,false,1,5.90,5.90,false,1,
11235055,true,בזיליקום,ביכורי השדה הצפון בעמ` 1964,,,יח`,1,,false,1,5.90,5.90,false,1,
11235079,true,טימין,ביכורי השדה הצפון בעמ` 1964,,,יח`,1,,false,1,5.90,5.90,false,1,
11499105,true,גבינה בולגרית 5% 250 גרם,מחלבות גד בעמ`,,,יח`,2.50,ארגז,false,1,29.90,11.96,false,1,
11499129,true,גבינה בולגרית קוביות מעודנת 5% 250גר,מחלבות גד בעמ`,,,יח`,2,ארגז,false,1,26.90,13.45,false,1,
11499303,true,גבינה בולגרית עיזים מעודנת 5% 250 גר,מחלבות גד בעמ`,,,יח`,2.50,ארגז,false,1,34.90,13.96,false,1,
11499341,true,גבינת קשקבל 200 גרם,מחלבות גד בעמ`,,,יח`,2,ארגז,false,1,28.90,14.45,false,1,
11499365,true,גבינת חלומי 200 גרם,מחלבות גד בעמ`,,,יח`,2,ארגז,false,1,23.90,11.95,false,1,
11499525,true,לאבנה 500 גר דרוזית,מחלבות גד בעמ`,,,יח`,5,ארגז,false,1,22.90,4.58,false,1,
11499846,true,ריקוטה פרסקה 300 גר`,מחלבות גד בעמ`,,,יח`,2.50,ארגז,false,1,19,7.60,false,1,
11515683,true,אקסטרים וניל 6*72 גרם,נגה גלידות שותפות מוגבלת,,,יח`,0.72,ארגז,false,1,27.90,38.75,false,1,
11598457,true,סופט 48 גלילים פרש לבן,החב. הדרומית לשיווק,,,יח`,30.90,ארגז,false,1,44.90,1.45,false,1,
11964702,true,תיבול לשווארמה,תבליני טעם וריח,,,יח`,1,,false,1,9.90,9.90,false,1,
12116735,true,סופט ג`מבו פרש לבן 24 גלילים,החב. הדרומית לשיווק,,,יח`,25.50,ארגז,false,1,44.90,1.76,false,1,
12117558,true,מרכך סופר מרוכז מאסק 1 ל`,החב. הדרומית לשיווק,,,יח`,10,"ל-100 מ""ל",false,12,18.90,1.89,false,1,
12226120,true,קבנוס זוגלובק טבעי 135 גרם,נקניק זוגלובק נהריה,,,יח`,1.35,ארגז,false,1,12.90,9.56,false,1,
12227400,true,נקניקיות עוף 800 גר`,נקניק זוגלובק נהריה,,,יח`,8,ארגז,false,1,21.90,2.74,false,1,
12227974,true,פסטרמה בדבש 120 גר` דק דק,נקניק זוגלובק נהריה,,,יח`,1.20,ארגז,false,1,14.90,12.42,false,1,
12227981,true,פסטרמה ברביקיו 120 גר` דק דק,נקניק זוגלובק נהריה,,,יח`,1.20,ארגז,false,1,15.90,13.25,false,1,
12823947,true,מרכך מקסימה פרפיום קריסטל 750 מ`ל,החב. הדרומית לשיווק,,,יח`,7.50,"ל-100 מ""ל",false,12,18.90,2.52,false,1,
12982873,true,פילה אמנון מושט,ג.עופר יצור ושיווק בשר בעמ`,,,"ק""ג",1,,true,1,24.90,24.90,false,1,
13220110,true,פטל אדום,א.מ שרון שיווק [2014],,,יח`,4.50,ארגז,false,1,27.80,6.18,false,1,
13268020,true,מרכך סופר מרוכז אולטרא פרש 1 ל`,החב. הדרומית לשיווק,,,יח`,10,"ל-100 מ""ל",false,12,18.90,1.89,false,1,
13268983,true,מרכך סופר מרוכז JOY 1 ל`,החב. הדרומית לשיווק,,,יח`,10,"ל-100 מ""ל",false,12,19.90,1.99,false,1,
13268990,true,מרכך סופר מרוכז ביו 1 ל`,החב. הדרומית לשיווק,,,יח`,10,"ל-100 מ""ל",false,12,18.90,1.89,false,1,
13269621,true,סנו ריצפז פרש הום 2 ליטר,החב. הדרומית לשיווק,,,יח`,20,"ל-100 מ""ל",false,8,18.90,0.95,false,1,
13269751,true,מטליות לחות לרצפה בניחוח מלון בוטיק,החב. הדרומית לשיווק,,,יח`,1,,false,12,12.90,12.90,false,1,
13284662,true,רוטב פיצה פסטה 240 גר`,מ.ד אטיאס סוכנויות מזון בע`מ,,,יח`,2.40,ארגז,false,1,6.20,2.58,false,1,
13358585,true,מנה אסייאתי נודלס ביצים להקפצה,ש. שסטוביץ בע`מ,,,יח`,4,ארגז,false,1,8.90,2.23,false,1,
13366658,true,חסה סלנובה,ביכורי השדה הצפון בעמ` 1964,,,יח`,1,,false,1,9.90,9.90,false,1,
13787408,true,רביולי בטטה 330 גר`,תנובה חלב,,,יח`,0,ארגז,false,1,26.90,26.90,false,1,
13927514,true,רוגעלך קינמון 400 גר`,אחדות ביתחרושת לטחינה חלבה,,,יח`,4,ארגז,false,1,10.90,2.73,false,1,
13927583,true,רוגעלך בטעם וניל שוקוציפס 400 גר`,אחדות ביתחרושת לטחינה חלבה,,,יח`,4,ארגז,false,1,10.90,2.73,false,1,
13927613,true,רוגעלך בטעם שוקו וניל 400 גר`,אחדות ביתחרושת לטחינה חלבה,,,יח`,4,ארגז,false,1,10.90,2.73,false,1,
14046757,true,סלמי תה`שרולה` 300 גרם,מעדני יחיעם ( 1993 ) בע`מ,,,יח`,3,ארגז,false,1,21.90,7.30,false,1,
14079014,true,לבבות קיסר נספק,ביכורי השדה הצפון בעמ` 1964,,,יח`,1,,false,1,9.90,9.90,false,1,
14094895,true,אגוזי מלך קלופים 150 גרם,דין שיווק וקליה 2021 בעמ,,,יח`,1.50,ארגז,false,1,14.90,9.93,false,1,
14205000,true,צלחת גדולה לבן 50 יח,ח.כהן סוכנות מזון ומשקאות,,,יח`,50,יח`,false,1,14.90,0.30,false,1,
14205017,true,צלחת קטנה לבן 50 יח,ח.כהן סוכנות מזון ומשקאות,,,יח`,50,יח`,false,1,9.90,0.20,false,1,
14205062,true,כוסות שקוף 100 יח,ח.כהן סוכנות מזון ומשקאות,,,יח`,1,,false,1,7.90,7.90,false,1,
14205154,true,קערית אובלית צבעוני 25 יח,ח.כהן סוכנות מזון ומשקאות,,,יח`,1,,false,1,5.90,5.90,false,1,
14205161,true,לפתניה צבעוני 25 יח,ח.כהן סוכנות מזון ומשקאות,,,יח`,1,,false,1,4.90,4.90,false,1,
14205185,true,צלחות ענק צבעוני 25 יח`,ח.כהן סוכנות מזון ומשקאות,,,יח`,1,,false,1,16.90,16.90,false,1,
14205659,true,לבבות דקל שלם 400 גרם,ח.כהן סוכנות מזון ומשקאות,,,יח`,4,ארגז,false,1,10.90,2.73,false,1,
14206861,true,סרדינים בשמן זית 125 גרם,ח.כהן סוכנות מזון ומשקאות,,,יח`,1.25,ארגז,false,1,6.90,5.52,false,1,
14217157,true,תיבול טוסקנה,תבליני טעם וריח,,,יח`,1,,false,1,9.90,9.90,false,1,
14217225,true,גריל עוף,תבליני טעם וריח,,,יח`,1,,false,1,9.90,9.90,false,1,
14217263,true,תערובת תיבול לפרגיות,תבליני טעם וריח,,,יח`,1,,false,1,9.90,9.90,false,1,
14217348,true,צי`לי כתוש,תבליני טעם וריח,,,יח`,1,,false,1,9.90,9.90,false,1,
14288423,true,נר נשמה 48 ש`זכוכית,ח.כהן סוכנות מזון ומשקאות,,,יח`,1,,false,1,4.90,4.90,false,1,
14288454,true,"נרות חנוכה מיוחדים מהודרים ""שווה""",ח.כהן סוכנות מזון ומשקאות,,,יח`,1,,false,1,5.90,5.90,false,1,
14288461,true,נר נשמה פחית,ח.כהן סוכנות מזון ומשקאות,,,יח`,1,,false,1,2.50,2.50,false,1,
14288584,true,"נייר אפיה 50 יח` איכותי ""שווה""",ח.כהן סוכנות מזון ומשקאות,,,יח`,0,יח`,false,1,7.90,7.90,false,1,
14288720,true,כוסות וודקה 350CC,ח.כהן סוכנות מזון ומשקאות,,,יח`,1,,false,1,7.90,7.90,false,1,
14369351,true,שלגון מוגו`מנגו ופסיפלורה טבעי,פיקסל אם.גי.אם שיווק והפצה בע,,,יח`,1,ארגז,false,1,9.90,9.90,false,1,
14758544,true,חמאה מפוסטרת 200 גרם,תנובה חלב,,,יח`,2,ארגז,false,1,8.90,4.45,false,1,
14760141,true,משקה שקדים טרי 1 ליטר,תנובה חלב,,,יח`,10,"ל-100 מ""ל",false,1,14.80,1.48,false,1,
14761018,true,גיל טעם וניל 125 גר`,תנובה חלב,,,יח`,1.25,"ל-100 מ""ל",false,1,1.90,1.52,false,1,
14761056,true,מעדן YOLO שוקולד חלב מעולה,תנובה חלב,,,יח`,1.23,ארגז,false,1,5.90,4.80,false,1,
14761063,true,מעדן YOLO שוקולד מריר מעולה,תנובה חלב,,,יח`,1.23,ארגז,false,1,5.90,4.80,false,1,
14761070,true,מעדן YOLO שוקולד לבן מעולה,תנובה חלב,,,יח`,1.23,ארגז,false,1,5.90,4.80,false,1,
14761438,true,בולגרית 24% סמי 400 גר`,תנובה חלב,,,יח`,4,ארגז,false,1,29.90,7.48,false,1,
14761698,true,גבינה סמי עמק 28% 600 גר`,תנובה חלב,,,יח`,6,ארגז,false,1,34.90,5.82,false,1,
14761810,true,מאגדת גבינת שמנת נפוליאון טבעי 25%,תנובה חלב,,,יח`,5,ארגז,false,1,24.90,4.98,false,1,
14763098,true,קרם גבינת שמנת 5% טוסקנה,תנובה חלב,,,יח`,2,ארגז,false,1,12.90,6.45,false,1,
14763395,true,עמק פרוס 28% 600 גר`,תנובה חלב,,,יח`,6,ארגז,false,1,34.90,5.82,false,1,
15039246,true,רביעיית נתחי טונה בהירה בשמן 4*160 גרם,ג. וילי-פוד אינטרנשיונל בע`מ,,,יח`,6.40,ארגז,false,12,19.90,3.11,false,1,
15039338,true,רביעיית טונה במי מלח *4יח*160גר,ג. וילי-פוד אינטרנשיונל בע`מ,,,יח`,6.40,ארגז,false,12,19.90,3.11,false,1,
15282000,true,איקרה אדומה 200 גר`,סלטי שמיר,,,יח`,2,ארגז,false,8,13.90,6.95,false,1,
15324014,true,פלפל שחור טחון,תבליני טעם וריח,,,יח`,1,,false,1,11.90,11.90,false,1,
15324069,true,גריל עוף,תבליני טעם וריח,,,יח`,1,,false,1,5.90,5.90,false,1,
15324663,true,צילי גרוס חריף אש 70 גר`,תבליני טעם וריח,,,יח`,0.70,ארגז,false,1,9.90,14.14,false,1,
15597937,true,קורנטו קלאסיק וניל,שטראוס גלידות,,,יח`,1,ארגז,false,1,6.90,6.90,false,1,
15790000,true,גרגירי רימון מוכנים לאכילה,ביכורי השדה הצפון בעמ` 1964,,,יח`,1,,false,1,14.90,14.90,false,1,
15790017,true,פלחי פומלה מוכנים לאכילה,ביכורי השדה הצפון בעמ` 1964,,,יח`,1,,false,1,15.90,15.90,false,1,
15996983,true,סוכלוז 0 קלוריות 100 שק`,שטראוס גרופ בע`מ,,,יח`,0.13,"ל-100 מ""ל",false,12,25.90,199.23,false,1,
16006292,true,ספרינג מנגו בננה מלון 1 ליטר קרטון,יפאורה - שותפות מוגבלת לשיווק,,,יח`,10,"ל-100 מ""ל",false,1,6.90,0.69,false,1,
16144024,true,"קמח כוסמין 100% נפלאות 1 ק""ג",תה ויסוצקי בע`מ,,,יח`,10,ארגז,false,1,14.90,1.49,false,1,
16144031,true,"קמח חיטה לבן מנופה נפלאות 1 ק""ג",תה ויסוצקי בע`מ,,,יח`,10,ארגז,false,1,6.90,0.69,false,1,
16144055,true,קמח כוסמין 80% נפלאות 1 קג,תה ויסוצקי בע`מ,,,יח`,10,ארגז,false,1,14.90,1.49,false,1,
16197488,true,מטלית קסם לשיש מארז שלישייה,חוגלה קימברלי שיווק בע`מ,,,יח`,1,,false,24,11.90,11.90,false,1,
16246490,true,בארכה חלבה קלאסית 400 גר`,קבוצת אסם סחר,,,יח`,1,,false,1,10.90,10.90,false,1,
16270570,true,מלפפון מיני,ביכורי השדה הצפון בעמ` 1964,,,יח`,1,,false,1,9.90,9.90,false,1,
16334616,true,בצל ירוק,ביכורי השדה הצפון בעמ` 1964,,,יח`,1,,false,1,5.90,5.90,false,1,
16400793,true,"מפיות נייר 100 יח ""שווה""",ח.כהן סוכנות מזון ומשקאות,,,יח`,1,,false,1,5.90,5.90,false,1,
16408980,true,מטבעות שוקולד חלב 36 גר`,כרמית תעשיות ממתקים בעמ,,,יח`,0.36,ארגז,false,1,6.90,19.17,false,1,
16682052,true,מיץ לימונענע 400 מל`,תנובה חלב,,,יח`,4,"ל-100 מ""ל",false,8,10.90,2.65,false,1,
16682199,true,שייק תות בננה מופחת סוכר 1 ליטר,תנובה חלב,,,יח`,10,"ל-100 מ""ל",false,9,13.20,1.29,false,1,
17065137,true,גבינה ריקוטה למריחה 5% טבעית 200 גר`,מחלבות גד בעמ`,,,יח`,2,ארגז,false,1,10.90,5.45,false,1,
17065212,true,גבינת קרם מסקרפונה 250 גר`,מחלבות גד בעמ`,,,יח`,2.50,ארגז,false,1,21.90,8.76,false,1,
17065236,true,גבינה בולגרית מעודנת 24% 250 גרם,מחלבות גד בעמ`,,,יח`,2.50,ארגז,false,1,26.90,10.76,false,1,
17065380,true,גרנה פדנו שבבים 100 גר`,מחלבות גד בעמ`,,,יח`,1,ארגז,false,1,16.90,16.90,false,1,
17065731,true,גבינת שמנת ניו יורק עם כמהין 200 גר`,מחלבות גד בעמ`,,,יח`,2.50,ארגז,false,1,15.90,6.36,false,1,
17142128,true,"שמן זית קלאסי עץ הזית 750 מ""ל",סוגת,,,יח`,7.50,"ל-100 מ""ל",false,1,32.90,4.39,false,1,
17513775,true,פליפז בייגלה מצופה שוקולד חלב 140 גר`,תה ויסוצקי בע`מ,,,יח`,1.40,ארגז,false,1,8.90,6.36,false,1,
17617046,true,טונה בשמן זית כתית מעולה סטארקיסט 140,דיפלומט מפיצים (1968) בע`מ,,,יח`,1.40,ארגז,false,1,29.90,21.36,false,1,
17641744,true,שלוקים נשברים 8 יח`,כרמית תעשיות ממתקים בעמ,,,יח`,2.24,ל-100 גרם,false,1,5.90,2.63,false,1,
17675015,true,"טחינה היונה 500 מ""ל",מ.ד אטיאס סוכנויות מזון בע`מ,,,יח`,5,"ל-100 מ""ל",false,1,13.90,2.78,false,1,
17677811,true,רוטב סויה קיקומן 296 מל,דיפלומט מפיצים (1968) בע`מ,,,יח`,2.96,"ל-100 מ""ל",false,1,15.90,5.37,false,1,
17682099,true,מקל טיטניום 1.3 מ`,מ.א. יצור ויבוא מטליות בעמ`,,,יח`,1,,false,1,5.90,5.90,false,1,
17812571,true,תירוש מיץ ענבים טבעי 1 ליטר 100%,אגודת הכורמים,,,יח`,10,"ל-100 מ""ל",false,1,19.90,1.96,false,1,
17812885,true,יין סוביניון בלאן גוורצטרמינר P.C 750,אגודת הכורמים,,,יח`,7.50,"ל-100 מ""ל",false,1,39.90,5.28,false,1,
17888347,true,"בקבוק מים קטן ספורט 500 מ""ל",יפאורה - שותפות מוגבלת לשיווק,,,יח`,5,"ל-100 מ""ל",false,1,7,1.34,false,1,
18115039,true,אבוקדו מוכן לאכילה,ביכורי השדה הצפון בעמ` 1964,,,יח`,1,,false,1,9.90,9.90,false,1,
18131831,true,מאגדת שלגוני מילקה 4*65 גר`,נגה גלידות שותפות מוגבלת,,,יח`,0.65,ארגז,false,1,29.90,46,false,1,
18131954,true,גלידה לה פרוטה מאגדת תות שוקולד 8 יח`,נגה גלידות שותפות מוגבלת,,,יח`,6.80,ארגז,false,1,26.90,3.96,false,1,
18192658,true,פטריות זוג,ביכורי השדה הצפון בעמ` 1964,,,יח`,1,,false,1,19.90,19.90,false,1,
18294208,true,"סלקטד יין אדום ישראלי 750 מ""ל",אגודת הכורמים,,,יח`,7.50,"ל-100 מ""ל",false,1,29.90,3.95,false,1,
18652053,true,שלגון ביסקולידה אקסטרה 90 גרם,נגה גלידות שותפות מוגבלת,,,יח`,0.90,ארגז,false,1,8,8.89,false,1,
30107014,true,OCB ארוך+ פילטר,דובק בעמ,,,יח`,1,,false,1,10,10,false,1,
30112902,true,OCB שחור קטן+ פילטר,דובק בעמ,,,יח`,1,,false,1,10,10,false,1,
30112919,true,ריזלה OCB שחור בינוני+פילטר,גלוברנדס גרופ בעמ,,,יח`,1,,false,1,6,6,false,1,
30116849,true,ריזלה OCB שחור קטן,גלוברנדס גרופ בעמ,,,יח`,1,,false,1,3,3,false,1,
40084107,true,ביצת קינדר עם הפתעה 20 גרם,פרימיום חברה לדברי מתיקה ולמסח,,,יח`,0.20,ארגז,false,1,4.90,24.50,false,1,
40111216,true,חטיף באונטי 57 גרם,"מרס ריגלי ישראל בע""מ",,,יח`,0.57,ארגז,false,1,5,8.77,false,1,
40144061,true,וופל קריספי קנופרס,עולם הממתקים שיווק,,,יח`,1,יח`,false,1,4.90,4.90,false,1,
42138105,true,סיגריות וינסטון ס.ס כחול,גלוברנדס גרופ בעמ,,,יח`,1,,false,1,34,34,false,1,
42138129,true,סיגריות וינסטון סלים מנטול,גלוברנדס גרופ בעמ,,,יח`,1,,false,1,34,34,false,1,
52070082,true,סיגריות פאל מל סלימס ויולט,גלוברנדס גרופ בעמ,,,יח`,1,,false,1,31,31,false,1,
53265731,true,ביצת ממתקים,*11505,,,יח`,1,יח`,false,1,11.90,11.90,false,1,
59039549,true,סיגריות ווג מנטה,גלוברנדס גרופ בעמ,,,יח`,1,,false,1,39,39,false,1,
59068907,true,פאל מאל כחול דמי סלימס,גלוברנדס גרופ בעמ,,,יח`,1,,false,1,27,27,false,1,
59068914,true,פאל מאל סילבר דמי סלימס,גלוברנדס גרופ בעמ,,,יח`,1,,false,1,27,27,false,1,
59455233,true,סיגריות ווג כחול,גלוברנדס גרופ בעמ,,,יח`,1,,false,1,39,39,false,1,
59455240,true,סיגריות ווג סגול,גלוברנדס גרופ בעמ,,,יח`,1,,false,1,39,39,false,1,
72940761,true,מילקי טעם שוקולד,שטראוס גרופ בע`מ,,,יח`,1.30,"ל-100 מ""ל",false,24,4.90,3.77,false,1,
72940952,true,מילקי קצפת 2p מעדן שוקולד %10 170 מ`,שטראוס גרופ בע`מ,,,יח`,1.70,"ל-100 מ""ל",false,24,3.90,2.29,false,1,
72961506,true,פרילי תות %1.5 125 מל גביע,תנובה חלב,,,יח`,1.25,"ל-100 מ""ל",false,1,3.90,3.12,false,1,
72961520,true,פרילי אננס %1.5 125 מל גביע,תנובה חלב,,,יח`,1.25,"ל-100 מ""ל",false,1,3.90,3.12,false,1,
72961544,true,באדי תות,תנובה חלב,,,יח`,1.25,"ל-100 מ""ל",false,1,3.50,2.80,false,1,
72963104,true,חמאה מפוסטרת,תנובה חלב,,,יח`,2,ארגז,false,1,4.20,2.10,false,1,
72964132,true,פרילי טבע עם גרנולה 200 מל גביע,תנובה חלב,,,יח`,2,"ל-100 מ""ל",false,1,5.50,2.75,false,1,
72964422,true,שלי יוגורט %4.5 200 מל גביע,תנובה חלב,,,יח`,2,"ל-100 מ""ל",false,1,3.50,1.75,false,1,
72984000,true,גולף סילבר,דובק בעמ,,,יח`,1,,false,1,29,29,false,1,
72986233,true,באדי וניל %3 125 מ``ל מהדרין,תנובה חלב,,,יח`,1.25,"ל-100 מ""ל",false,1,3.50,2.80,false,1,
72986240,true,באדי שוקו %3 125 מ``ל מהדרין,תנובה חלב,,,יח`,1.25,"ל-100 מ""ל",false,1,3.50,2.80,false,1,
72986370,true,גלידת בן & ג`ריס 500 מל` וניל,מוצרי איכות אמריקאים,,,יח`,5,ארגז,false,1,24.90,4.98,false,1,
72986424,true,גלידת בן & ג`ריס 500 מל` קרם עוגיות,מוצרי איכות אמריקאים,,,יח`,5,"ל-100 מ""ל",false,1,24.90,4.98,false,1,
72986448,true,גלידת בן & ג`ריס 500 מל` טופי קראנץ,מוצרי איכות אמריקאים,,,יח`,5,"ל-100 מ""ל",false,1,24.90,4.98,false,1,
72986455,true,גלידת בן & ג`ריס 500 מל` ניו יורק,מוצרי איכות אמריקאים,,,יח`,5,"ל-100 מ""ל",false,1,24.90,4.98,false,1,
72986479,true,גלידת בן & ג`ריס 500 מל` מאנקי,מוצרי איכות אמריקאים,,,יח`,5,"ל-100 מ""ל",false,1,24.90,4.98,false,1,
72989425,true,גלידת בן & ג`ריס 500 מל` בראוניס,מוצרי איכות אמריקאים,,,יח`,5,"ל-100 מ""ל",false,1,24.90,4.98,false,1,
72991374,true,טיים רד,דובק בעמ,,,יח`,1,,false,1,29,29,false,1,
72994061,true,פסק זמן GOOD,שטראוס גרופ בע`מ,,,יח`,0,ארגז,false,20,6,6,false,1,
76136184,true,סיגריות פאל מל סלימס כחול טיוב,גלוברנדס גרופ בעמ,,,יח`,1,,false,1,31,31,false,1,
80001027,true,לואקר טורטינה 21 גרם,ליימן שליסל בע`מ,,,יח`,0.21,ארגז,false,1,3.90,18.57,false,1,
80001461,true,חטיף גרדנה שוקולד 38 גרם,ליימן שליסל בע`מ,,,יח`,0.38,ארגז,false,1,5,13.16,false,1,
80052883,true,טיק טק בטעם מנטה חזק 16 גר`,פרימיום חברה לדברי מתיקה ולמסח,,,יח`,0.16,ארגז,false,1,5,31.25,false,1,
80136194,true,קינדר Happy Hippo ופל במילוי קרם 5יח,פרימיום חברה לדברי מתיקה ולמסח,,,יח`,1.30,ארגז,false,1,12.90,9.92,false,1,
80176800,true,ממרח נוטלה קקאו אגוזים 750 גרם,פרימיום חברה לדברי מתיקה ולמסח,,,יח`,7.50,ארגז,false,1,30.90,4.12,false,1,
80177173,true,נוטלה קקאו ואגוזים 350 גרם,פרימיום חברה לדברי מתיקה ולמסח,,,יח`,3.50,ארגז,false,1,14.90,4.26,false,1,
80177616,true,אצבעות שוקולד קינדר 100 גרם,פרימיום חברה לדברי מתיקה ולמסח,,,יח`,1,ארגז,false,1,9.90,9.90,false,1,
80310167,true,קינד שוקולד מקסי מארז 6 יח`,פרימיום חברה לדברי מתיקה ולמסח,,,יח`,0,ארגז,false,1,9.90,9.90,false,1,
80310549,true,הפי היפו קינדר אגוזי לוז,פרימיום חברה לדברי מתיקה ולמסח,,,יח`,0.35,ארגז,false,1,4,11.43,false,1,
80761761,true,חטיף קינדר בואנו לבן 43 גרם,פרימיום חברה לדברי מתיקה ולמסח,,,יח`,0.43,ארגז,false,1,4.90,11.40,false,1,
80773429,true,מסטיק מנטוס טעם תות,ליימן שליסל בע`מ,,,יח`,0.24,ארגז,false,24,9.90,41.25,false,1,
80773443,true,מסטיק מנטוס טעם פירות,ליימן שליסל בע`מ,,,יח`,0.24,ארגז,false,24,9.90,41.25,false,1,
80790990,true,מסטיק מנטוס טעם מנטה עדינה,ליימן שליסל בע`מ,,,יח`,0.24,ארגז,false,24,9.90,41.25,false,1,
80832560,true,סוכריות מנטוס ללא סוכר בטעם פירות יער,ליימן שליסל בע`מ,,,יח`,0.21,ארגז,false,1,6.90,32.86,false,1,
80843184,true,מסטיק מנטוס טעם ענבים,ליימן שליסל בע`מ,,,יח`,0.24,ארגז,false,24,9.90,41.25,false,1,
80854753,true,סוכריות מנטוס ללא סוכר clean breath,ליימן שליסל בע`מ,,,יח`,0.21,ארגז,false,1,6.90,32.86,false,1,
80896081,true,מסטיק מנטוס טעם אבטיח,ליימן שליסל בע`מ,,,יח`,0.24,ארגז,false,24,9.90,41.25,false,1,
80979128,true,מסטיק מנטוס טעם דובדבן,ליימן שליסל בע`מ,,,יח`,0.24,ארגז,false,1,9.90,41.25,false,1,
80995128,true,מסטיק מנטוס טעם הדרים,ליימן שליסל בע`מ,,,יח`,0.24,ארגז,false,24,9.90,41.25,false,1,
87108538,true,מנטוס תות 38גר,ליימן שליסל בע`מ,,,יח`,0.37,ארגז,false,40,4,10.81,false,1,
90448867,true,משקה אנרגיה Red Bull מוגז 250 מל ללא פ,דיפלומט מפיצים (1968) בע`מ,,,יח`,2.50,"ל-100 מ""ל",false,1,5.90,2.24,false,1,
11210000094,true,רוטב טבסקו אדום 60 מל,מ.ד אטיאס סוכנויות מזון בע`מ,,,יח`,0.60,"ל-100 מ""ל",false,1,12.80,21.33,false,1,
16000423534,true,חטיף שיבולת שועל עם שוקולד מריר 5*42 גרם,ליימן שליסל בע`מ,,,יח`,2.10,ארגז,false,12,21.90,10.43,false,1,
34000196173,true,טבלת קוקיס אנד קרים XL,ליימן שליסל בע`מ,,,יח`,38,ארגז,false,12,8.90,0.23,false,1,
34000442652,true,טבלת ריזס XL,ליימן שליסל בע`מ,,,יח`,38,ארגז,false,12,8.90,0.23,false,1,
37600207256,true,ממרח חמאת בוטנים עם שברי בוטנים 462גר`,דיפלומט מפיצים (1968) בע`מ,,,יח`,4.62,ארגז,false,1,20.90,4.52,false,1,
37600207287,true,ממרח חמאת בוטנים עם דבש 462 גרם,דיפלומט מפיצים (1968) בע`מ,,,יח`,4.62,ארגז,false,12,19.90,4.31,false,1,
38000232176,true,פרינגלס ביג שמנת בצל 158 גר`,דיפלומט מפיצים (1968) בע`מ,,,יח`,1.58,ארגז,false,14,10.60,6.71,false,1,
38000232183,true,פרינגלס ביג אורגינל 149 גר`,דיפלומט מפיצים (1968) בע`מ,,,יח`,1.49,ארגז,false,14,10.60,7.11,false,1,
38527591053,true,קוואקר ריבועים קנמון,שטראוס פריטו ליי בע`מ,,,יח`,4.12,ארגז,false,1,22.40,5.44,false,1,
38527591060,true,קוואקר ריבועים סוכר חום,שטראוס פריטו ליי בע`מ,,,יח`,4.12,ארגז,false,1,22.70,5.51,false,1,
46214731552,true,עוגיות מרבה שוקולד צ`יפס 225 גרם,ש. שסטוביץ בע`מ,,,יח`,2.25,ארגז,false,1,10.90,4.84,false,1,
60861431046,true,אוכמניות,ביכורי השדה הצפון בעמ` 1964,,,"ק""ג",1,,false,1,13.90,13.90,false,1,
76840002351,true,גלידת בן ג`ריס 500 מל`gimme s`more,מוצרי איכות אמריקאים,,,יח`,5,"ל-100 מ""ל",false,1,19.90,3.98,false,1,
76840002542,true,גלידת בן ג`ריס 500 מל`פיינט נטפליקס צ,מוצרי איכות אמריקאים,,,יח`,5,"ל-100 מ""ל",false,1,23.90,4.78,false,1,
76840100583,true,גלידת בן & ג`ריס 500 מל`פיינט,מוצרי איכות אמריקאים,,,יח`,5,"ל-100 מ""ל",false,1,24.90,4.98,false,1,
76840400218,true,גלידת בן & ג`ריס 500 מל` עוגת גבינה ותות,מוצרי איכות אמריקאים,,,יח`,5,"ל-100 מ""ל",false,1,24.90,4.98,false,1,
77975093085,true,בייגלה סניידרס מצופה שוקולד חלב,ליימן שליסל בע`מ,,,יח`,6,ארגז,false,1,16.90,2.82,false,1,
77975094761,true,שברי בייגל בטעם גבינת צ`אדר 340 גר`,ליימן שליסל בע`מ,,,יח`,3.40,ארגז,false,12,17.70,5.21,false,1,
80518532859,true,שקית 100 פסטל,שמחה זה אנחנו בע`מ,,,יח`,1,,false,1,30,30,false,1,
670087842307,true,חסה סלנובה,ביכורי השדה הצפון בעמ` 1964,,,יח`,1,,false,1,9.90,9.90,false,1,
835811001133,true,קוקוס 400 גרם,הנמל אריזות ושיווק 1984 בע`מ,,,יח`,4,ארגז,false,1,10.90,2.73,false,1,
835811005667,true,נטיפי צ`יפס בטעם שוקולד 250 גר`,הנמל אריזות ושיווק 1984 בע`מ,,,יח`,2.50,ארגז,false,1,9.60,3.84,false,1,
856591000109,true,עוגיות מקלות לניגוב 400 גרם,תה ויסוצקי בע`מ,,,יח`,4,ארגז,false,1,19.70,4.93,false,1,
856591000918,true,מארז עוגיות מזרחיות בטעם טבעי 8*40 גר`,תה ויסוצקי בע`מ,,,יח`,0,ארגז,false,1,18.90,18.90,false,1,
3161911366429,false,חמאה צרפתית מלוחה רכה למריחה אלוויר 250 גר',א. סיימן סחר בעמ,,,יח`,2.50,ארגז,false,1,22.90,9.16,false,1,
3387390525960,false,קראנץ' דגני בוקר עם שוקולד חלב נסטלה 500 גרם,קבוצת אוסם סחר שותפות מוגבלת,,,יח`,5,ארגז,false,1,26.90,5.38,false,1,
3574661487328,false,קרפרי מגני תחתון אורגינל פלוס 56 יח',הדקלאים אגודת שיתופי,,,יח`,0,ארגז,false,1,17.90,17.90,false,1,
4000417022004,false,ריטר ספורט שוקולד חלב מעולה עם צימוקים ואגוזי לוז 100 גרם,ריטר ספורט Ritter sport,,,יח`,1,,false,12,11.90,11.90,false,1,
4000417025005,false,שוקולד מריר במילוי מרציפן ריטר ספורט 100 גרם,ריטר ספורט Ritter sport,,,יח`,1,,false,12,9.90,9.90,false,1,
4000417026002,false,שוקולד ריטר ספורט פרלין 100 גרם חלב נוכרי,ריטר ספורט Ritter sport,,,יח`,1,,false,1,11.90,11.90,false,1,
4000417298003,false,שוקולד ריטר ספורט קוקוס 100 גרם חלב נוכרי,ריטר ספורט Ritter sport,,,יח`,1,,false,1,9.90,9.90,false,1,
4000417707000,false,שוקולד חלב מעולה עם שברי קשיו קלוי ומומלח,ריטר ספורט Ritter sport,,,יח`,1,ארגז,false,1,11.90,11.90,false,1,
4001686372234,false,סוכריות גומי יין הריבו,ברקת,,,יח`,1,,false,1,3,3,false,1,
4002604111218,false,פילטר -6/22 גיזה,דובק בעמ,,,יח`,1,,false,1,10,10,false,1,
4014400901191,false,בונבונריית מרסי מבחר ממתקי שוקולד 250 גרם,ליימן שליסל בע`מ,,,יח`,2.50,ארגז,false,1,29.90,11.96,false,1,
4014400904376,false,סוכריות טופי בטעם שוקולד סטורק 325 גרם,קריניציה ויטמינה אס,,,יח`,3.25,ארגז,false,20,18.90,5.82,false,1,
4014400914696,false,וורטרס אורגינל סוכריות ללא סוכר 80 גרם,ליימן שליסל בע`מ,,,יח`,1,,false,18,9.50,9.50,false,1,
4015400564034,false,מגן תחתון אולוויז מגה פק לונג פלוס 58 יחידות,דיפלומט מפיצים (1986) בע`מ,,,יח`,0,ארגז,false,1,32.90,32.90,false,1,
4015400681670,false,תחבושות אולוויז וליו פק לילה בטוח 18 יחידות,דיפלומט מפיצים (1986) בע`מ,,,יח`,0,ארגז,false,1,18.90,18.90,false,1,
4015400731719,false,תחבושות היגייניות אולוויז יום ולילה Day & Night,דיפלומט מפיצים (1986) בע`מ,,,יח`,0,ארגז,false,1,22.90,22.90,false,1,
4015400746812,false,מגני תחתון אולוויז נורמל עם ניחוח מגה פק,דיפלומט מפיצים (1986) בע`מ,,,יח`,0,ארגז,false,1,18.90,18.90,false,1,
4015400755241,false,תחבושות היגייניות אולוויז אולטרה נורמל - 28 יח',דיפלומט מפיצים (1986) בע`מ,,,יח`,0,ארגז,false,1,18.90,18.90,false,1,
4015400755487,false,תחבושות היגייניות אולוויז אולטרה לונג - 24 יח',דיפלומט מפיצים (1986) בע`מ,,,יח`,0,ארגז,false,1,22.90,22.90,false,1,
4015600762742,false,שמפו יומיומי למניעת קשקשים הנוסחה הקלאסית,דיפלומט מפיצים (1986) בע`מ,,,יח`,5,"ל-100 מ""ל",false,6,18.90,3.78,false,1,
4022025290408,false,יין בלו ווין פינק רוזה כשר 750 מל,היכל היין שקד גולן בעמ,,,יח`,7.50,"ל-100 מ""ל",false,1,49.90,6.61,false,1,
4025700001962,false,מילקה טבלה 100 גר' לבן 1/22 (4248023),דיפלומט מפיצים (1968) בעמ**,,,יח`,1,,false,24,7.90,7.90,false,1,
4032900111292,false,סיגריות ווינסטון קומפקט כחול,גלוברנדס גרופ בעמ,,,יח`,1,,false,1,30,30,false,1,
4032900124254,false,ווינסטון קומפלקט ברי PP חפיסה,גלוברנדס גרופ בעמ,,,יח`,1,,false,1,30,30,false,1,
4033100014529,false,סיגריות אל די סלים בודד,גלוברנדס בעמ - שיווק סיגריות,,,יח`,1,,false,1,27,27,false,1,
4033100047350,false,טבק כאמל כחול + נייר גלגול 30ג',גלוברנדס בעמ - שיווק סיגריות,,,יח`,1,,false,1,80,80,false,1,
4033100064036,false,וינסטון כחול טבק לגלגול חפיסה,גלוברנדס בעמ - שיווק סיגריות,,,יח`,1,,false,1,85,85,false,1,
4050328191931,false,ענבים אדומים מארז.,ביכורי השדה צפון 1994 ג.ד. בעמ,,,"ק""ג",1,,true,1,19.90,19.90,false,1,
4066600612049,false,"בירה פאולנר אורטובר פאסט 500 מ""ל בקובק",טמפו משקאות בע`מ,,,יח`,5,"ל-100 מ""ל",false,20,10.90,2.12,false,1,
4084500088917,false,נוזל לניקוי כלים לימון פיירי (650 מל),דיפלומט מפיצים (1986) בע`מ,,,יח`,6.50,"ל-100 מ""ל",false,16,10.90,1.68,false,1,
4084500149526,false,טייד גל כביסה 2.48 ליטר אלפים רענן,דיפלומט מפיצים (1986) בע`מ,,,יח`,24.80,"ל-100 מ""ל",false,4,29.90,1.21,false,1,
4084500853898,false,"נוזל כלים פיירי אלוורה ומלפפונים 515 מ""ל בד""צ",דיפלומט מפיצים (1986) בע`מ,,,יח`,5.15,"ל-100 מ""ל",false,1,12.50,2.43,false,1,
4640018993343,false,פיניש קוואנטום קפסולות ג'ל למדיח כלים 30 יח',רקיט בנקיזר (ניר איסט) בעמ,,,יח`,0,יח`,false,1,44.90,44.90,false,1,
4640018993350,false,פיניש קוואנטום קפסולות ג'ל למדיח כלים לימון 30 יח',רקיט בנקיזר (ניר איסט) בעמ,,,יח`,0,יח`,false,1,41.90,41.90,false,1,
4903001904192,false,"רוטב סויה יאמאסה פרימיום 500מ""ל",הדקלאים אגודת שיתופי,,,יח`,5,"ל-100 מ""ל",false,12,17.90,3.58,false,1,
5000159461122,false,סניקרס חטיף שוקולד עם בוטנים 50 גרם,"מרס ריגלי ישראל בע""מ",,,יח`,0.50,ארגז,false,1,5,10,false,1,
5000159484695,false,גלידת טוויקס שמנת עם קרמל וביסקוויט מצופה 205 גרם,אייס דילר בי.אמ.די בעמ,,,יח`,1,ארגז,false,1,24.90,24.90,false,1,
5010677554398,false,בריזר אבטיח בבקבוק בקרדי (275 מל),בקרדי בריזר Bacardi Breezer,,,יח`,2.75,"ל-100 מ""ל",false,24,17.10,6.11,false,1,
5014271003979,false,מעדן פרי סופר פרוט אומניות ואסאי 170גרם,א. סיימן סחר בעמ,,,יח`,1.70,ארגז,false,1,15.90,9.35,false,1,
5014271003986,false,מעדן פרי סופר פרוט משמש וזרעי צ`יה170ג,א. סיימן סחר בעמ,,,יח`,1.70,ארגז,false,1,15.90,9.35,false,1,
5014271004228,false,מעדן פרי סופר פרוט דובדבן 170ג דלפור,א. סיימן סחר בעמ,,,יח`,1.70,ארגז,false,1,15.90,9.35,false,1,
5029053002439,false,קלינקס - נייר טואולט קליניקס צהוב 9 גלילים,קימברלי קלארק ישראל שיווק בעמ,,,יח`,11.84,ארגז,false,5,29.90,2.53,false,1,
5060517886486,false,"משקה אנרגיה מונסטר אנרג'י בפחית 500 מ""ל",החברה המרכזית להפצת משקאות בעמ,,,יח`,5,"ל-100 מ""ל",false,1,11.90,2.32,false,1,
5060639128051,false,"משקה אנרגיה מונסטר אולטרה בפחית 500 מ""ל",החברה המרכזית להפצת משקאות בעמ,,,יח`,5,"ל-100 מ""ל",false,1,11.90,2.32,false,1,
5208049001841,false,סיגריות פאל מאל דמי קפסולה,גלוברנדס גרופ בעמ,,,יח`,1,,false,1,27,27,false,1,
5208049002473,false,קנט ארוך קופסא בודדת,גלוברנדס גרופ בעמ,,,יח`,1,,false,1,38,38,false,1,
5410126106022,false,לוטוס ביסקויט מארז חג 2*250ג.,דיפלומט מפיצים (1968) בעמ**,,,יח`,5,ארגז,false,1,15.90,3.18,false,1,
5411188110835,false,אלפרו חלב סויה שקדים וניל 1ל',הנסיך- מפעל לייצור ט,,,יח`,10,"ל-100 מ""ל",false,1,16.80,1.68,false,1,
5411188115366,false,משקה קוקוס אלפרו 1 ליטר משקה שיבולת שועל 1 ליטר,הנסיך- מפעל לייצור ט,,,יח`,10,"ל-100 מ""ל",false,1,18.90,1.89,false,1,
5411188121978,false,אלפרו משקה סויה עמיד מועשר בסידן 3*250,"שטראוס גרופ בע""מ",,,יח`,10,"ל-100 מ""ל",false,1,15.90,1.59,false,1,
5411188134985,false,אלפרו 3.5% NOT M*LK שיבולת שועל 1 ליטר בית יוסף,שטראוס גרופ בעמ/מצונן,,,יח`,10,"ל-100 מ""ל",false,1,15.90,1.59,false,1,
5411188135005,false,אלפרו 1.8% NOT M*LK שיבולת שועל 1 ליטר בית יוסף,שטראוס גרופ בעמ/מצונן,,,יח`,10,"ל-100 מ""ל",false,1,15.90,1.59,false,1,
5413149655522,false,"אבקת כביסה שושן צחור 1.25 ק""ג אריאל",דיפלומט מפיצים (1986) בע`מ,,,יח`,15,ארגז,false,10,17.90,1.19,false,1,
5469874235904,false,שלישייה גרבי גבר,הום פרפקט ק.ד.מ בעמ,,,יח`,1,,false,1,14.90,14.90,false,1,
5489742354377,false,שלישייה גרבי גבר,הום פרפקט ק.ד.מ בעמ,,,יח`,1,,false,1,14.90,14.90,false,1,
5601008200444,false,עוגיות גודיס טבעות מצופות שוקולד חלב מרבה 150 גרם,הנסיך- מפעל לייצור ט,,,יח`,1.50,ארגז,false,1,7.90,5.27,false,1,
5601008200468,false,עוגיות גודיס טבעות מצופות שוקולד לבו מרבה 150 גרם,קריניציה ויטמינה אס,,,יח`,1.50,ארגז,false,1,7.90,5.27,false,1,
5701932026964,false,"הוטפופ גרעיני תירס להכנת פופקורן במיקרוגל בטעם טבעי, בתוספת מלח, 600 גרם",ליימן שליסל בע`מ,,,יח`,6,ארגז,false,12,16.90,2.82,false,1,
5701932026971,false,הוטפופ גרעיני תירס להכנת פופקורן במיקרוגל בטעם חמאה 600 גרם,ליימן שליסל בע`מ,,,יח`,6,ארגז,false,12,16.90,2.82,false,1,
5710840210013,false,בא לי שג לבן סופר עדין 40גר,סקמדינביין טובקו,,,יח`,1,,false,1,85,85,false,1,
5710840210044,false,באלישג סילבר אמריקן בלנד 40 גרם,פיליפ מוריס בעמ,,,יח`,1,,false,1,90,90,false,1,
5740900403215,false,ממרח חמאה דנית לורפק עם מלח 250 גרם,שטראוס גרופ בעמ/מצונן,,,יח`,2.50,ארגז,false,1,17.90,7.16,false,1,
5740900403864,false,חמאה +מלח 200 גרם לורפק כשרות או קיי,שטראוס גרופ בעמ/מצונן,,,יח`,2,ארגז,false,1,17.90,8.95,false,1,
5900020024770,false,פיטנס - דליס חטיף דגנים שוקולד אגוז 22.50 גרם * 6,קבוצת אוסם סחר שותפות מוגבלת,,,יח`,1.35,ארגז,false,1,14.90,11.04,false,1,
5900020037916,false,דגני בוקר שיבולת שועל צ'ריוס 375ג',קבוצת אוסם סחר שותפות מוגבלת,,,יח`,3.75,ארגז,false,1,16,4.27,false,1,
5900951283963,false,חטיף סניקרס עם חמאת בוטנים Creamy Peanut Butter,"מרס ריגלי ישראל בע""מ",,,יח`,0.50,ארגז,false,1,3.90,7.80,false,1,
5902198160403,false,XL משקה אנרגיה מוגז ללא סוכר עד 10 קלוריות לפחית 250 מל,"טמפו משקאות בע""\מ",,,יח`,2.50,"ל-100 מ""ל",false,24,8,3.08,false,1,
5903141082780,false,פאל מאל סילבר דמי סלימס עשיריה,גלוברנדס בעמ - שיווק סיגריות,,,יח`,1,,false,1,270,270,false,1,
5906485301012,false,משקה אנרגיה XL מוגז פחית 250 מל,"טמפו משקאות בע""מ",,,יח`,2.50,"ל-100 מ""ל",false,24,8,3.08,false,1,
5998623526739,false,יין גוורצטרמינר חצי מתוק סי גראס 750 מ,מ. אקרמן בעמ,,,יח`,7.50,"ל-100 מ""ל",false,1,39.90,5.28,false,1,
6008165003984,false,סיגריות פאל מאל כחול סטרים פילט בודד,גלוברנדס בעמ - שיווק סיגריות,,,יח`,1,,false,1,31,31,false,1,
6008165274629,false,פאל מאל כחול ארוך סטרים פילטר חפיסה,גלוברנדס בעמ - שיווק סיגריות,,,יח`,1,,false,1,30,30,false,1,
6009900363301,false,ענבים שחורים,ביכורי השדה הצפון בעמ` 1964,,,"ק""ג",1,,true,1,19.90,19.90,false,1,
6102017501939,false,מצת להבה לגז brico {במעמד},אוהב ציון בעמ (מבצעים),,,יח`,1,,false,1,9.90,9.90,false,1,
6935534979888,false,מצית גז קצר,הום פרפקט ק.ד.מ בעמ,,,יח`,1,,false,1,5.90,5.90,false,1,
7290000023083,false,ערק אשקלון בקבוק 700,טמפו משקאות בע`מ,,,יח`,7,"ל-100 מ""ל",false,1,54.90,7.80,false,1,
7290000040318,false,גבינת עדי ברי 24% קולאז` (125 גרם)קולקש,תנובה מרכז שיתופי לש,,,יח`,2,ארגז,false,1,21.90,10.95,false,1,
7290000040462,false,טוסטי גבינה בסגנון אמריקאי אדם 23% תנובה 200 גרם,תנובה מרכז שיתופי לש,,,יח`,2,ארגז,false,1,19.90,9.95,false,1,
7290000041445,false,קוטג תנובה גביע 250 גרם 5% בדצ,מיוצר עי קונדיטוריית,,,יח`,2.50,ארגז,false,1,5.90,2.36,false,1,
7290000042022,false,חלב על הבוקר1%קרט+.פקק1ל,תנובה מרכז שיתופי לש,,,יח`,10,"ל-100 מ""ל",false,1,8.90,0.89,false,1,
7290000042435,false,חלב דל שומן 1% בקרטון תנובה (1 ליטר)פיק,תנובה מרכז שיתופי לש,,,יח`,10,"ל-100 מ""ל",false,1,5.86,0.59,false,1,
7290000042503,false,חלב עמיד הומוגני 3% תנובה (1 ליטר),תנובה מרכז שיתופי לש,,,יח`,10,"ל-100 מ""ל",false,1,7.90,0.79,false,1,
7290000042541,false,חלב עמיד קרטון דל שומן 1 ל' %1,תנובה חלב,,,יח`,10,"ל-100 מ""ל",false,1,8.90,0.89,false,1,
7290000042640,false,"חלב תנובה עמיד 3% קרטון 250 מ""ל",תנובה מרכז שיתופי לש,,,יח`,2.50,"ל-100 מ""ל",false,1,2.90,1.16,false,1,
7290000042671,false,חלב עמיד %3 קרטון 1 ל בהכשר בדצ,תנובה מרכז שיתופי לש,,,יח`,10,"ל-100 מ""ל",false,1,7.90,0.79,false,1,
7290000042855,false,"שוקו בשקית 250 מ""ל ""יטבתה""",שטראוס גרופ בעמ/מצונן,,,יח`,2.25,"ל-100 מ""ל",false,1,2.50,1.11,false,1,
7290000043814,false,השף הלבן שמנת להקצפה 38% שומן 250 מל - מוצר בפיקוח,תנובה מרכז שיתופי לש,,,יח`,2.50,"ל-100 מ""ל",false,1,6.47,2.59,false,1,
7290000043890,false,תנובה רויון לבן מחלב מפסוטר 1.5%,תנובה מרכז שיתופי לש,,,יח`,10,"ל-100 מ""ל",false,1,12.90,1.29,false,1,
7290000043944,false,כד יוגורט תנובה 4% שומן 1.5 ליטר,מיוצר עי קונדיטוריית,,,יח`,1.50,"ל-100 מ""ל",false,1,18.90,12.60,false,1,
7290000044248,false,רויון בקרטון 1.5% 500 מל,תנובה חלב,,,יח`,5,"ל-100 מ""ל",false,1,7.90,1.58,false,1,
7290000044712,false,יוגורט עם תות 1.5% שומן 500 ג' פרילי,מיוצר עי קונדיטוריית,,,יח`,5,"ל-100 מ""ל",false,1,11.90,2.38,false,1,
7290000044880,false,יוגורט בטעם תות שדה 3% באדי (500 גרם),מיוצר עי קונדיטוריית,,,יח`,5,"ל-100 מ""ל",false,1,9.90,1.98,false,1,
7290000045573,false,גבינת מותכת משולשים 25% שומן 200 ג' נעמה,"תנובה בע""מ ***",,,יח`,2,ארגז,false,1,16.90,8.45,false,1,
7290000045580,false,גבינה מותכת נעמה חורש תנובה 240 גרם,תנובה מרכז שיתופי לש,,,יח`,2.40,ארגז,false,1,18.90,7.88,false,1,
7290000045917,false,תנובה פרומעז גבינה מותכת מחלב עיזים 23% שומן,תנובה בעמ ***,,,יח`,2,ארגז,false,1,27.90,13.95,false,1,
7290000046563,false,קולאג 23% פרמזן חריץ תנובה,תנובה מרכז שיתופי לש,,,"ק""ג",10,ארגז,true,1,139,13.90,false,1,
7290000047027,false,גב.קולאז' גלעד 27% במשקל,תנובה מרכז שיתופי לש,,,"ק""ג",10,ארגז,true,1,139,13.90,false,1,
7290000047621,false,גבינה לבנה רכה 5% תנובה 250ג' מהדרין,תנובה מרכז שיתופי לש,,,יח`,2.50,ארגז,false,1,4.98,1.99,false,1,
7290000047942,false,**תנובה גבינה לבנה מהדרין 9% 250ג,תנובה מרכז שיתופי לש,,,יח`,2.50,ארגז,false,1,5.20,2.08,false,1,
7290000048185,false,גבינה לבנה 5% תנובה 250 גרם מהדרין,מיוצר עי קונדיטוריית,,,יח`,2.50,ארגז,false,1,4.98,1.99,false,1,
7290000048192,false,גבינה לבנה 9% תנובה 250 גרם מהדרין,מחלבת אלון תבור,,,יח`,2.50,ארגז,false,1,5.20,2.08,false,1,
7290000048413,false,גבינה חמד (25016% גרם)פיראוס תנובה,תנובה מרכז שיתופי לש,,,יח`,2.50,ארגז,false,1,19.90,7.96,false,1,
7290000050454,false,יוגורט ביו 3% אפרסק יופלה (500 גרם),מיוצר עי קונדיטוריית,,,יח`,5,"ל-100 מ""ל",false,1,14.90,2.98,false,1,
7290000051307,false,"מארז הפסקת אוכל עם דגני עוגי ומשקה חלב עמיד בטעם וניל 150 מ""ל",תנובה מרכז שיתופי לש,,,יח`,1.50,ארגז,false,1,9.90,6.60,false,1,
7290000052311,false,גבינה צהובה עמק לייט 15% שומן 200 גרם,תנובה מרכז שיתופי לש,,,יח`,2,ארגז,false,1,18.90,9.45,false,1,
7290000052649,false,לאבנה אסלית (5005% גרם)פיראוס תנובה,תנובה מרכז שיתופי לש,,,יח`,5,ארגז,false,1,21.90,4.38,false,1,
7290000052946,false,מארז יוגורט יופלה לבן מעודן בדצ 8*150,תנובה מרכז שיתופי לש,,,יח`,12,"ל-100 מ""ל",false,1,22.90,1.91,false,1,
7290000053981,false,מאגדת יופלה 4*תות 150ג 4*אפרסק 150ג בדצ,תנובה מרכז שיתופי לש,,,יח`,8,"ל-100 מ""ל",false,1,29.90,3.74,false,1,
7290000055206,false,גבינה לבנה 5% בטעם בצל מטוגן 250 ג' תנובה,מחלבת אלון תבור,,,יח`,2.50,ארגז,false,1,6.50,2.60,false,1,
7290000055329,false,"משקה בוקר יוגורט 1.5% בטעם תות מלון יופלה 250 מ""ל",תנובה מרכז שיתופי לש,,,יח`,2.50,"ל-100 מ""ל",false,1,6.90,2.76,false,1,
7290000055336,false,"משקה יוגורט 1.5% בטעם בננה אפרסק יופלה 250 מ""ל",תנובה מרכז שיתופי לש,,,יח`,2.50,"ל-100 מ""ל",false,1,6.90,2.76,false,1,
7290000056272,false,גבינה לבנה 5% עם זיתים ירוקים 250 ג' תנובה,תנובה מרכז שיתופי לש,,,יח`,2.50,ארגז,false,1,6.50,2.60,false,1,
7290000056760,false,גבינה צהובה 28% מהדרין עמק (400 גרם),תנובה מרכז שיתופי לש,,,יח`,4,ארגז,false,1,33.90,8.48,false,1,
7290000056890,false,שמיניית דיאט יופלה 0% טעמים שונים 150 גרם,מיוצר עי קונדיטוריית,,,יח`,1.20,"ל-100 מ""ל",false,1,32.90,27.42,false,1,
7290000056906,false,מאגדת לבן טבעי 1.5% שומן 8 יח' * 150 ג' יופלה,מחלבת אלון תבור,,,יח`,8,"ל-100 מ""ל",false,1,18.90,2.36,false,1,
7290000056951,false,"תנובה, השף הלבן, שמנת לבישול 15% שומן 500 מל",תנובה מרכז שיתופי לש,,,יח`,5,"ל-100 מ""ל",false,1,17.90,3.58,false,1,
7290000057088,false,עמק גבינה צהובה פרוסה דק דק 28% תנובה 200 גרם,תנובה מרכז שיתופי לש,,,יח`,2,ארגז,false,1,19.90,9.95,false,1,
7290000057118,false,גבינה צהובה עמק 28% שומן ואקום 400 גרם,תנובה מרכז שיתופי לש,,,יח`,4,ארגז,false,1,24.90,6.23,false,1,
7290000057132,false,יוגורט תנובה טבעי 1.5% גביע 200 גרם,מחלבת אלון תבור,,,יח`,2,"ל-100 מ""ל",false,1,3.90,1.95,false,1,
7290000057149,false,יוגורט תנובה טבעי 3% גביע 200 גרם,מיוצר עי קונדיטוריית,,,יח`,2,"ל-100 מ""ל",false,1,5.90,2.95,false,1,
7290000057552,false,יופלה דיאט עוגת גבינה ותות 0% גביע 150ג',תנובה - חלב,,,יח`,1.50,"ל-100 מ""ל",false,1,5.90,3.93,false,1,
7290000057934,false,"שוקו בבקבוק תנובה 1 ליטר בד""ץ",תנובה מרכז שיתופי לש,,,יח`,1,,false,1,13.90,13.90,false,1,
7290000058030,false,"שמיניית יופלה שטוזים משקה יוגורט תות 100 מ""ל",מיוצר עי קונדיטוריית,,,יח`,8,"ל-100 מ""ל",false,1,24.90,3.11,false,1,
7290000060071,false,אוסם - חטיפי פריכונים מאורז מלא קלוי 80גר,קבוצת אוסם סחר שותפות מוגבלת,,,יח`,1,ארגז,false,1,6.90,6.90,false,1,
7290000060200,false,פסטה אסם פתיתים אפויים קוסקוס 500גר,קבוצת אוסם סחר שותפות מוגבלת,,,יח`,5,ארגז,false,1,6.90,1.38,false,1,
7290000060217,false,פסטה מקרוני מספר 7 אסם (500 גרם),קבוצת אוסם סחר שותפות מוגבלת,,,יח`,5,ארגז,false,1,5.90,1.18,false,1,
7290000060248,false,פסטה אסם פתיתים תלתלים 500 גר',קבוצת אוסם סחר שותפות מוגבלת,,,יח`,5,ארגז,false,1,6.90,1.38,false,1,
7290000060330,false,פרפקטו פרפקטו ספיראלי גירף 500 גר,קבוצת אוסם סחר שותפות מוגבלת,,,יח`,5,ארגז,false,1,6.90,1.38,false,1,
7290000060415,false,"פסטה פרפקטו לאזניה 500 ג' ""אסם""",קבוצת אוסם סחר שותפות מוגבלת,,,יח`,5,ארגז,false,1,14.90,2.98,false,1,
7290000060828,false,פסטה קרניים בינוניות אסם (500 גרם),קבוצת אוסם סחר שותפות מוגבלת,,,יח`,5,ארגז,false,1,5.90,1.18,false,1,
7290000060903,false,פסטה אסם פתיתים אפויים אורז 500גר,קבוצת אוסם סחר שותפות מוגבלת,,,יח`,5,ארגז,false,1,6.90,1.38,false,1,
7290000062952,false,אוסם - מיני קרוטונים למרק ולסלט 250 גרם,קבוצת אוסם סחר שותפות מוגבלת,,,יח`,2.50,ארגז,false,1,14.90,5.96,false,1,
7290000063102,false,קמח עוגה תופח מאליו אסם 350 גרם,קבוצת אוסם סחר שותפות מוגבלת,,,יח`,3.50,ארגז,false,1,4.20,1.20,false,1,
7290000063133,false,אסם שקדי מרק רכיבים טבעיים 24*100גרם,קבוצת אוסם סחר שותפות מוגבלת,,,יח`,1,,false,1,5.90,5.90,false,1,
7290000063140,false,שקדי מרק רכיבים טבעיים בשקית 400 ג' אסם,קבוצת אוסם סחר שותפות מוגבלת,,,יח`,4,ארגז,false,1,14.90,3.73,false,1,
7290000064758,false,קוסקוס בינוני אמיתי אסם 350 ג',קבוצת אוסם סחר שותפות מוגבלת,,,יח`,3.50,ארגז,false,1,7.90,2.26,false,1,
7290000065335,false,אוסם - מנה חמה פירה עם ירקות 55 גרם,קבוצת אוסם סחר שותפות מוגבלת,,,יח`,5.50,ארגז,false,1,6.90,1.25,false,1,
7290000065540,false,אוסם - מנה חמה פסטה מוקרמת בטעם עוף 55 גרם,קבוצת אוסם סחר שותפות מוגבלת,,,יח`,5.50,ארגז,false,1,6.90,1.25,false,1,
7290000066295,false,אסם במבה תות מחומרים טבעיים 30גר,קבוצת אוסם סחר שותפות מוגבלת,,,יח`,0.30,ארגז,false,1,2.70,9,false,1,
7290000067544,false,פירורית זהב פירורי לחם אסם 200 גרם,קבוצת אוסם סחר שותפות מוגבלת,,,יח`,2,ארגז,false,1,6.90,3.45,false,1,
7290000067735,false,פרפקטו ניוקי בצקיות תפוחי אדמה 500 ג' אסם,קבוצת אוסם סחר שותפות מוגבלת,,,יח`,5,ארגז,false,1,12.80,2.56,false,1,
7290000068138,false,אינסטנט פודינג בטעם וניל אסם 80 גרם,קבוצת אוסם סחר שותפות מוגבלת,,,יח`,8,ארגז,false,1,5.90,0.74,false,1,
7290000068787,false,במבה יום הולדת חטיף בוטנים אסם 25 גרם,קבוצת אוסם סחר שותפות מוגבלת,,,יח`,0.25,ארגז,false,1,3,12,false,1,
7290000073415,false,אוסם - מנה חמה פסטה ברוטב פיצה 61 גרם,קבוצת אוסם סחר שותפות מוגבלת,,,יח`,6.10,ארגז,false,1,6.90,1.13,false,1,
7290000074184,false,ביסקוויט פתי בר אסם (500 גרם),קבוצת אוסם סחר שותפות מוגבלת,,,יח`,5,ארגז,false,1,12.90,2.58,false,1,
7290000074245,false,אוסם - קרם קרקר אסם 250 גרם,קבוצת אוסם סחר שותפות מוגבלת,,,יח`,2.50,ארגז,false,1,9.90,3.96,false,1,
7290000074276,false,קרקר פיקנטי טבעון 250 ג' אסם,קבוצת אוסם סחר שותפות מוגבלת,,,יח`,2.50,ארגז,false,1,9.90,3.96,false,1,
7290000074375,false,אוסם - קרקר זהב 150 גרם,קבוצת אוסם סחר שותפות מוגבלת,,,יח`,1.50,ארגז,false,1,9.90,6.60,false,1,
7290000076133,false,בייגלה שמיניות קטנות עם מלח אסם 400 גרם,קבוצת אוסם סחר שותפות מוגבלת,,,יח`,4,ארגז,false,1,10.90,2.73,false,1,
7290000077017,false,עוגיות קרמוגית במילוי קרם שוקולד אסם 200 גרם,קבוצת אוסם סחר שותפות מוגבלת,,,יח`,2,ארגז,false,1,9.90,4.95,false,1,
7290000077253,false,אוסם - לחמית כפרית עם דגנים מלאים 190 גרם,קבוצת אסם סחר שות. מוגבלת,,,יח`,1.90,ארגז,false,1,9.90,5.21,false,1,
7290000080765,false,פת קלויה טוסטעים עם שומשום אסם (100 גרם),קבוצת אוסם סחר שותפות מוגבלת,,,יח`,1,ארגז,false,1,10.90,10.90,false,1,
7290000104676,false,אפונה קפואה סנפרוסט 800 גרם,תנובה מרכז שיתופי לשיווק תוצרת,,,יח`,8,ארגז,false,1,16.90,2.11,false,1,
7290000104683,false,שעועית ירוקה שלמה סנפרוסט (800 גרם),תנובה מרכז שיתופי לשיווק תוצרת,,,יח`,8,ארגז,false,1,19.90,2.49,false,1,
7290000104690,false,גרעיני תירס מוקפאים סנפרוסט (800 גרם),תנובה מרכז שיתופי לשיווק תוצרת,,,יח`,8,ארגז,false,1,19.90,2.49,false,1,
7290000104713,false,פול ירוק קפוא סנפורסט 800 גרם,תנובה מרכז שיתופי לשיווק תוצרת,,,יח`,8,ארגז,false,1,24.90,3.11,false,1,
7290000104737,false,שעועית צהובה חתוכה סנפרוסט 800 גרם,תנובה מרכז שיתופי לשיווק תוצרת,,,יח`,8,ארגז,false,1,18.90,2.36,false,1,
7290000104744,false,כרובית מוקפאת סנפרוסט (800 גרם),תנובה מרכז שיתופי לשיווק תוצרת,,,יח`,8,ארגז,false,1,24.90,3.11,false,1,
7290000104799,false,שעועית לבנה מבושלת סנפרוסט (800 גרם),תנובה מרכז שיתופי לשיווק תוצרת,,,יח`,8,ארגז,false,1,19.90,2.49,false,1,
7290000104805,false,גרגירי חומוס מבושלים סנפרוסט 800 גרם,תנובה מרכז שיתופי לשיווק תוצרת,,,יח`,8,ארגז,false,1,19.90,2.49,false,1,
7290000104836,false,שעועית ירוקה עדינה שלמה סנפרוסט 600 גרם,תנובה מרכז שיתופי לשיווק תוצרת,,,יח`,6,ארגז,false,1,21.90,3.65,false,1,
7290000107295,false,תפרחות ברוקולי סנפרוסט 800 גרם,תנובה מרכז שיתופי לשיווק תוצרת,,,יח`,8,ארגז,false,1,24.90,3.11,false,1,
7290000111063,false,מיונז אמיתי תלמה (250 גרם),"יוניליוור ישראל שיווק בע""מ",,,יח`,2.50,ארגז,false,1,6.40,2.56,false,1,
7290000134307,false,קינמון טחון 50 גרם טעם וריח,"תבליני טעם וריח בע""מ",,,יח`,1,,false,1,5.90,5.90,false,1,
7290000134338,false,אבקת שום בקופ' 90 גר' טעם וריח,"תבליני טעם וריח בע""מ",,,יח`,1,,false,1,9.90,9.90,false,1,
7290000134857,false,פפריקה מתוקה בקופ' 100 גר' טעם וריח,"תבליני טעם וריח בע""מ",,,יח`,1,,false,1,9.90,9.90,false,1,
7290000135663,false,"פפסי מקס דובדבן פחית צרה מארז שישייה 330 מ""ל",טמפו משקאות בע''מ,,,יח`,19.80,"ל-100 מ""ל",false,1,19.90,0.91,false,1,
7290000136240,false,סודה 1.5 ליטר שישייה בודד,"טמפו משקאות בע""\מ",,,יח`,15,"ל-100 מ""ל",false,1,4.10,0.25,false,1,
7290000136653,false,בירה שחורה נשר מאלט דיאט בקבוק 1.5ל`,"טמפו משקאות בע""\מ",,,יח`,15,"ל-100 מ""ל",false,12,9.80,0.63,false,1,
7290000136684,false,פפסי מקס משקה מוגז דל קלוריות בטעם קולה,טמפו משקאות בע`מ,,,יח`,15,"ל-100 מ""ל",false,12,7.80,0.50,false,1,
7290000136790,false,טמפו מי סודה 6*1.5 ליטר פיקדון,"טמפו משקאות בע""\מ",,,יח`,90,"ל-100 מ""ל",false,1,21.50,0.22,false,1,
7290000136806,false,סודה בטעם לימון ליים 1.5 רביעייה רביעייה,טמפו משקאות בע`מ,,,יח`,60,"ל-100 מ""ל",false,1,12.90,0.20,false,1,
7290000136868,false,סאן בנדטו - מים מינרלים - מארז שישיית 1.5 ליטר,אקווה מינרלה סאן בנדטו ב,,,יח`,90,"ל-100 מ""ל",false,1,21.50,0.22,false,1,
7290000137513,false,גלידונית גלידה וניל בציפוי שוקולד 60 יח' קרמיסימו,"גלידת שטראוס בע""\מ, רחוב",,,יח`,7,ארגז,false,1,49.90,7.13,false,1,
7290000137643,false,שלגוני טעמקור בטעם שוקו וניל שטראוס 8*50 גרם,"גלידת שטראוס בע""\מ, רחוב",,,יח`,1,יח`,false,1,31.90,31.90,false,1,
7290000174723,false,שוקולית אבקה להכנת משקה שוקו 500 גרם,הנסיך- מפעל לייצור ט,,,יח`,5,ארגז,false,1,14.90,2.98,false,1,
7290000176079,false,קפה טורקי עם הל עלית (100 גרם),הנסיך- מפעל לייצור ט,,,יח`,1,,false,50,10.90,10.90,false,1,
7290000176420,false,קפה נמס פחית עלית 200 גרם,פיקסל אם.גי.אם בעמ,,,יח`,2,ארגז,false,12,24.90,12.45,false,1,
7290000178707,false,חטיף צ`יפס בטעם טבעי תפוצ`יפס (50 גרם),"שטראוס פריטו ליי בע""\מ )",,,יח`,0.50,ארגז,false,1,5,10,false,1,
7290000178721,false,חטיף צ`יפס בטעם טבעי תפוצ`יפס (200 גרם),"שטראוס פריטו ליי בע""\מ )",,,יח`,2,ארגז,false,1,13,6.50,false,1,
7290000189550,false,"שקיות אשפה ענקיות עם שרוך 78 * 90 ס""מ ניקול 2 * 10 יחידות",קימברלי קלארק ישראל שיווק בעמ,,,יח`,1,,false,12,27.90,27.90,false,1,
7290000195537,false,האגיס - מגבוני האגיס דיילי קר לא מבושם 64 יח' * 4,קימברלי קלארק ישראל שיווק בעמ,,,יח`,1,יח`,false,6,23.90,23.90,false,1,
7290000196763,false,"שקיות אשפה חזקות במיוחד עם שרוך 52 * 65 ס""מ ניקול 40 יחידות",קימברלי קלארק ישראל שיווק בעמ,,,יח`,1,,false,12,27.90,27.90,false,1,
7290000197012,false,שקיות ריצ'רץ' אחסון למזון ניקול 15 יחידות,קימברלי קלארק ישראל שיווק בעמ,,,יח`,1,,false,12,12.90,12.90,false,1,
7290000197432,false,שקיות אוכל סנדביצ'ון ניקול מארז 150X2יח',קימברלי קלארק ישראל שיווק בעמ,,,יח`,1,,false,18,15.90,15.90,false,1,
7290000197678,false,חיתולי האגיס פרידום דריי שלב 6 30 יחידות,קימברלי קלארק ישראל שיווק בעמ,,,יח`,1,יח`,false,6,43.90,43.90,false,1,
7290000207162,false,רוטב עגבניות מרכיב טבעי 100 ג' יכין,זנלכול יכין,,,יח`,1,ארגז,false,1,2.90,2.90,false,1,
7290000208213,false,שעועית לבנה אפויה A2 ברוטב עגבניות יכין 560ג',היינץ צפון אמריקה מק,,,יח`,5.80,ארגז,false,1,8.90,1.53,false,1,
7290000208428,false,גרגרי חומוס שלם 550 גרם יכין,היינץ צפון אמריקה מק,,,יח`,5.60,ארגז,false,1,9.90,1.77,false,1,
7290000208855,false,רוטב לפסטה קלאסי יכין (240 גרם),זנלכול יכין,,,יח`,2.60,ארגז,false,1,5.90,2.27,false,1,
7290000209371,false,מארז גרעיני תירס מתוק יכין (200x3 גרם),היינץ צפון אמריקה מק,,,יח`,1.65,ארגז,false,1,14.90,9.03,false,1,
7290000211442,false,אורז בסגנון פרסי קלאסי סוגת (1 קג),האי נאם סי או אל.טי.,,,יח`,10,ארגז,false,1,11.90,1.19,false,1,
7290000211985,false,אורז עגול ריזוטו אחד אחד 1 קג,"סוגת תעשיות בע""\מ",,,יח`,10,ארגז,false,1,11.90,1.19,false,1,
7290000238029,false,"בצק עלים צרפתי מרודד מעדנות 1 ק""ג",תנובה מרכז שיתופי לשיווק תוצרת,,,יח`,10,ארגז,false,9,21.90,2.19,false,1,
7290000238036,false,מלאווח מעדנות 6 יח`700 גרם קפוא,תנובה מרכז שיתופי לשיווק תוצרת,,,יח`,7,ארגז,false,16,16.90,2.41,false,1,
7290000253220,false,שוקולדצ`יפס לאפייה 260 גר`אופנהיימר,תה ויסוצקי (ישראל) בעמ,,,יח`,2.60,ארגז,false,1,12.90,4.96,false,1,
7290000253251,false,נטיפי שוקולד צ`יפס לבן לאפיה 250 גרם,תה ויסוצקי (ישראל) בעמ,,,יח`,2.50,ארגז,false,1,12.90,5.16,false,1,
7290000286761,false,ניילון נצמד סנו סושי פלסטיק מארז 30X2 מ',החברה הדרומית לשיווק בעמ,,,יח`,1,,false,12,11.90,11.90,false,1,
7290000288024,false,סנו - ז'אוול אקונומיקה בריח לימון 4 ליטר,החברה הדרומית לשיווק בעמ,,,יח`,40,"ל-100 מ""ל",false,6,16.90,0.42,false,1,
7290000292687,false,סנובון מוצק לניקוי אסלה קלאסיק כחול סנו 3 יחידות,החברה הדרומית לשיווק בעמ,,,יח`,1.65,ארגז,false,12,14.90,9.03,false,1,
7290000300900,false,שניצל תירס מרכיבים טבעיים טבעול 750 גרם,קבוצת אוסם סחר שותפות מוגבלת,,,יח`,7.50,ארגז,false,1,29.90,3.99,false,1,
7290000307237,false,גרעיני תירס מתוק פרי הגליל 550 גרם,ויטה פרי גליל (החדשה) בע`מ,,,יח`,5.50,ארגז,false,1,6.90,1.25,false,1,
7290000311203,false,"וופלים בטעם שוקולד ""מן"" 200 גרם",רוקחמן בעמ מפעל לייצור ופלים ו,,,יח`,2,ארגז,false,1,4.90,2.45,false,1,
7290000313184,false,עוגיות חברים גן חיות וניל אסם 250 גר',קבוצת אוסם סחר שותפות מוגבלת,,,יח`,2.50,ארגז,false,1,7.90,3.16,false,1,
7290000318103,false,פסטרמה ברביקיו מעדניה,מעדני יחיעם ( 1993 ) בע`מ,,,"ק""ג",10,ארגז,true,1,69,6.90,false,1,
7290000318165,false,פסטרמה אמיתית צלויה על גחלים מעדניה,מעדני יחיעם ( 1993 ) בע`מ,,,"ק""ג",10,ארגז,true,1,69,6.90,false,1,
7290000318479,false,נקניק פרושוטו בקר יחיעם 100 גרם,מעדני יחיעם ( 1993 ) בע`מ,,,יח`,1,ארגז,false,1,24.90,24.90,false,1,
7290000318851,false,נקניק סלמי קוניאק מעדניה,מעדני יחיעם ( 1993 ) בע`מ,,,"ק""ג",1,,true,1,79,79,false,1,
7290000319728,false,נקניק איטלקי מפולפל מעדניה,מעדני יחיעם ( 1993 ) בע`מ,,,"ק""ג",10,ארגז,true,1,79,7.90,false,1,
7290000336053,false,תרכיז סיידר הגליל מיץ תפוחים מרוכז 330 מל,טמפו משקאות בע`מ,,,יח`,3.30,"ל-100 מ""ל",false,1,15.20,4.52,false,1,
7290000339566,false,מרכך כביסה ורוד בדין (4 ליטר),יוניליוור ישראל שיווק בע`מ,,,יח`,40,"ל-100 מ""ל",false,1,19.90,0.50,false,1,
7290000342856,false,מרכך כביסה כחול בדין (4 ליטר),"יוניליוור ישראל שיווק בע""מ",,,יח`,40,"ל-100 מ""ל",false,1,19.90,0.50,false,1,
7290000345260,false,תה קלאסיק מעטפות ויסוצקי 25 יחידות,תה ויסוצקי (ישראל) בעמ,,,יח`,0.3750,ארגז,false,1,7.40,19.73,false,1,
7290000345284,false,תה ויסוצקי קלאסי אריזה ירוקה מרובעת (100 שקיקים),תה ויסוצקי (ישראל) בעמ,,,יח`,1.50,ארגז,false,1,18.90,12.60,false,1,
7290000345291,false,תה ארל גרי 1.5/ 25 שקיקים ויסוצקי,תה ויסוצקי (ישראל) בעמ,,,יח`,0.3750,ארגז,false,1,16.90,45.07,false,1,
7290000346137,false,חליטת הילולי פירות הגן הקסום ויסוצקי 25 יחידות,תה ויסוצקי (ישראל) בעמ,,,יח`,0.6250,ארגז,false,1,19.90,31.84,false,1,
7290000346205,false,חליטת קמומיל הגן הקסום ויסוצקי 25 יחידות,תה ויסוצקי (ישראל) בעמ,,,יח`,0.3750,ארגז,false,1,19.90,53.07,false,1,
7290000346212,false,חליטת מנטה הגן הקסום ויסוצקי 25 יחידות,תה ויסוצקי (ישראל) בעמ,,,יח`,0.50,ארגז,false,1,19.90,39.80,false,1,
7290000347738,false,תה ירוק בתוספת עלי נענע 25 שקיקים,תה ויסוצקי (ישראל) בעמ,,,יח`,0.3750,ארגז,false,1,24.90,66.40,false,1,
7290000364278,false,דקניקים סלסולי סלמי איטלקי משובח טירת צבי 120 גרם,תנובה מרכז שיתופי לשיווק תוצרת,,,יח`,1.20,ארגז,false,1,15.90,13.25,false,1,
7290000364285,false,דקניקים סלסולי פסטרמה הודו טירת צבי 120 גרם,תנובה מרכז שיתופי לשיווק תוצרת,,,יח`,1.20,ארגז,false,1,14.90,12.42,false,1,
7290000364292,false,דקניקים סלסולי פסטרמה הודו על גחלים 1% טירת צבי 120 גרם,תנובה מרכז שיתופי לשיווק תוצרת,,,יח`,1.20,ארגז,false,1,15.90,13.25,false,1,
7290000408354,false,יוגורט עם אורז מצופה שוקולד קקאו 175 ג' דנונה,שטראוס גרופ בעמ/מצונן,,,יח`,1.75,"ל-100 מ""ל",false,24,6.90,3.94,false,1,
7290000412481,false,נוזל לניקוי אסלות 00 סנו (1 ליטר),החברה הדרומית לשיווק בעמ,,,יח`,10,"ל-100 מ""ל",false,12,7.90,0.79,false,1,
7290000420325,false,"פופסטאר פופקורן למקירוגל בטעם טבעי 5 שקיות,500 גרם","דנשר (1963) בע,מ",,,יח`,5,ארגז,false,1,14.90,2.98,false,1,
7290000449128,false,סיף פנטסטיק לימון ניקוי רב תכליתי 4ל',יוניליוור ישראל שיווק בע`מ,,,יח`,40,"ל-100 מ""ל",false,1,22.90,0.57,false,1,
7290000453019,false,שמרים טריים לאפייה שקית שמרית 50 ג',שטראוס גרופ בעמ/מצונן,,,יח`,5,ארגז,false,1,6.90,1.38,false,1,
7290000461625,false,בייגלה שמיניות מלח בייגל בייגל 400 ג',יוניליוור ישראל שיווק בע`מ,,,יח`,4,ארגז,false,1,9.90,2.48,false,1,
7290000474540,false,גבינה טוב טעם 3% טרה 250ג' מהדרין,החברה המרכזית טלהפצת משקאות בע,,,יח`,2.50,ארגז,false,1,12.90,5.16,false,1,
7290000480442,false,קוואקר שיבולת שועל בשקית 500 גרם,שטראוס פריטו ליי בע`מ,,,יח`,5,ארגז,false,1,12.90,2.58,false,1,
7290000493176,false,אסם אבקת רוטב צלי לבשר 22 ג',קבוצת אוסם סחר שותפות מוגבלת,,,יח`,0.22,ארגז,false,1,4.90,22.27,false,1,
7290000498058,false,חלה כוסמין חלומית כוסמין חלה מתוקה 500 ג,מאפיית י.את א. ברמן בעמ,,,יח`,1,ארגז,false,1,18.90,18.90,false,1,
7290000523514,false,מלח ים יבש מופחת נתרן מלח הארץ (250 גרם),"חברת מלח הארץ אילת בע""\מ",,,יח`,2.50,ארגז,false,1,11.90,4.76,false,1,
7290000525969,false,מיץ תפוזים סחוט רכיבים טבעיים פרימור 1 ליטר,שטראוס גרופ בעמ/מצונן,,,יח`,10,"ל-100 מ""ל",false,6,18.90,1.86,false,1,
7290000538709,false,נקניק סלמי תה מעושן זוגלובק 200 גרם,נקניק זוגלובק נהריה,,,יח`,2,ארגז,false,1,14.90,7.45,false,1,
7290000554471,false,נקניק מוצרלה 22 אחוז 180גרם גד מהדרין,מחלבות גד שיווק 1992 בעמ,,,יח`,1.80,ארגז,false,1,18.90,10.50,false,1,
7290000561714,false,צנובר פיצוחי חממה (100 גרם),בוטנת בעמ חברה לקלייה ואריזת פ,,,יח`,1,ארגז,false,1,26.90,26.90,false,1,
7290000561981,false,אגוז מלך קלוף פיצוחי חממה (200 גרם),בוטנת בעמ חברה לקלייה ואריזת פ,,,יח`,2,ארגז,false,1,14.90,7.45,false,1,
7290001045688,false,"מיץ תפוזים סחוט פרימור 400 מ""ל",שטראוס גרופ בעמ/מצונן,,,יח`,4,"ל-100 מ""ל",false,8,8.20,1.98,false,1,
7290001216040,false,טחינה גולמית שומשום טהור אל ארז 500 גרם,אגס ירוק מסחר ושירותים,,,יח`,1,יח`,false,1,15.90,15.90,false,1,
7290001216231,false,טחינה גולמית שומשום מלא אל ארז 500 גרם,אגס ירוק מסחר ושירותים,,,יח`,1,,false,1,16.90,16.90,false,1,
7290001407769,false,טחינה גולמית בארכה שומשום מלא 500 גרם,קבוצת אוסם סחר שותפות מוגבלת,,,יח`,5,ארגז,false,1,10,2,false,1,
7290001482094,false,גבינה פרמז'נו משולשים ויליפוד 200ג',ג.וילי-פוד אינטרנשיונל **גבינו,,,יח`,2,ארגז,false,1,19.90,9.95,false,1,
7290001594025,false,קוקה קולה בקבוק זכוכית,החברה המרכזית להפצת משקאות בעמ,,,יח`,3.50,"ל-100 מ""ל",false,24,8,2.20,false,1,
7290001594155,false,"קוקה-קולה בבקבוק אישי 500 מ""ל",החברה המרכזית להפצת משקאות בעמ,,,יח`,5,"ל-100 מ""ל",false,24,8,1.54,false,1,
7290001594230,false,קינלי סודה בבקבוק זכוכית,החברה המרכזית להפצת משקאות בעמ,,,יח`,2.50,"ל-100 מ""ל",false,24,5,1.88,false,1,
7290001780428,false,מאגדת גלידת לייט שוקולד נסטלה 6יח' 312ג',נגה גלידות שותפות מוגבלת,,,יח`,0.50,ארגז,false,1,32.90,65.80,false,1,
7290001817728,false,צ'יטוס אפוי כאפה בטעם קטשופ 55 גרם,"שטראוס פריטו ליי בע""\מ )",,,יח`,0.55,ארגז,false,1,5,9.09,false,1,
7290001990117,false,שומשום סוגת 100 גרם,האי נאם סי או אל.טי.,,,יח`,1,ארגז,false,1,3.90,3.90,false,1,
7290002007500,false,קיסמי שיניים הנמל במבוק 500 יחידות,הנמל אריזות ושיווק 1984 בע`מ,,,יח`,0,ארגז,false,30,4.90,4.90,false,1,
7290002008750,false,אבקת אפיה עשירייה הנמל 100 גרם,הנמל אריזות ושיווק 1984 בע`מ,,,יח`,1,ארגז,false,50,1.90,1.90,false,1,
7290002075035,false,אובלטים מלוחים דקיקים בשקיות 500 גרם,מ.ד אטיאס סוכנויות מזון בע`מ,,,יח`,5,ארגז,false,1,17.90,3.58,false,1,
7290002107491,false,גבינה לבנה מחלב עיזים למריחה 5% משק צוריאל 250 גרם,*החברה המרכזית להפצת משקאותבעמ,,,יח`,2.50,ארגז,false,1,15.90,6.36,false,1,
7290002130567,false,דבש דבורים טהור פרחי בר יד מרדכי 350 גרם,מכוורת יד מרדכי שטראוס ב,,,יח`,3.50,ארגז,false,12,19.90,5.69,false,1,
7290002259640,false,דיימונד רדיד אלומיניום צר 30 ס''מ 7.5 מ'-,ריינולדס מוצרי צריכה,,,יח`,0,יח`,false,24,11.90,11.90,false,1,
7290002331360,false,"נביעות מים מינרליים טו גו מארז 500X6מ""ל",החברה המרכזית להפצת משקאות בעמ,,,יח`,30,"ל-100 מ""ל",false,4,16.70,0.50,false,1,
7290002371496,false,פרוסות שווארמה קצבים 120 גרם טירת צבי,תנובה מרכז שיתופי לשיווק תוצרת,,,יח`,1.20,ארגז,false,1,27.90,23.25,false,1,
7290002371533,false,דקניקים סלסולי פסטרמה דבש טירת צבי 120 גרם,תנובה מרכז שיתופי לשיווק תוצרת,,,יח`,1.20,ארגז,false,1,17.90,14.92,false,1,
7290002371748,false,צלעות אסאדו 120 גרם טירת צבי,תנובה מרכז שיתופי לשיווק תוצרת,,,יח`,1.20,ארגז,false,1,28.90,24.08,false,1,
7290002371939,false,סרוולד בסגנון צרפתי דליקטיב 120 גרם,תנובה מרכז שיתופי לשיווק תוצרת,,,יח`,1.20,ארגז,false,1,26.90,22.42,false,1,
7290002730941,false,כדורי צמר גפן בלונס 100 יחידות,הנסיך- מפעל לייצור ט,,,יח`,1,ארגז,false,1,5.90,5.90,false,1,
7290002824466,false,יוגורט דנונה ביו לבן 0% שומן 200 גרם,שטראוס גרופ בעמ/מצונן,,,יח`,2,"ל-100 מ""ל",false,24,4.90,2.45,false,1,
7290002824640,false,"גבינת סקי 250 גרם 5% ""שטראוס"" -מוצר בפיקוח",שטראוס גרופ בעמ/מצונן,,,יח`,2.50,ארגז,false,12,4.98,1.99,false,1,
7290003029181,false,משקה יטבתה שוקו' בקבוק 1ל מהדרין,שטראוס גרופ בעמ/מצונן,,,יח`,10,"ל-100 מ""ל",false,12,14.90,1.49,false,1,
7290003029372,false,יטבתה משקה בטעם בננה %3 בקבוק 1 ליטר,שטראוס גרופ בעמ/מצונן,,,יח`,10,"ל-100 מ""ל",false,6,14.90,1.49,false,1,
7290003029389,false,"משקה חלב בננה פקק ספורט 250 מ""ל יוטבתה",שטראוס גרופ בעמ/מצונן,,,יח`,2.50,"ל-100 מ""ל",false,9,7.90,3.16,false,1,
7290003029433,false,"משקה יטבתה שוקו פקק 250 מ""ל מהדרין",שטראוס גרופ בעמ/מצונן,,,יח`,2.50,"ל-100 מ""ל",false,12,7.90,3.16,false,1,
7290003029792,false,"משקה יטבתה שוקו שקיות מהדרין מארז 225X8מ""ל",שטראוס גרופ בעמ/מצונן,,,יח`,2.25,ארגז,false,8,19.90,8.84,false,1,
7290003029815,false,חלב מועשר 3% בכד יטבתה 2 ליטר,שטראוס גרופ בעמ/מצונן,,,יח`,20,"ל-100 מ""ל",false,6,15.60,0.78,false,1,
7290003029907,false,משקה חלב אייס קפה 2% יטבתה (1 ליטר,שטראוס גרופ בעמ/מצונן,,,יח`,10,"ל-100 מ""ל",false,6,14.90,1.49,false,1,
7290003072996,false,נקנקיות כמהין ושמפניון 320 גרם,תנובה מרכז שיתופי לשיווק תוצרת,,,יח`,3.20,ארגז,false,1,25.90,8.09,false,1,
7290003229116,false,פסטרמה הודו בדבש שומן טירת צבי 400 גרם,תנובה מרכז שיתופי לשיווק תוצרת,,,יח`,4,ארגז,false,1,27.90,6.98,false,1,
7290003229147,false,נקניק סלמי איטלקי מעושן טירת צבי 300 גרם,תנובה מרכז שיתופי לשיווק תוצרת,,,יח`,3,ארגז,false,1,28.90,9.63,false,1,
7290003229154,false,נקניק סלמי קוניאק טירת צבי 300 גרם,תנובה מרכז שיתופי לשיווק תוצרת,,,יח`,3,ארגז,false,1,28.90,9.63,false,1,
7290003229215,false,פסטרמה איטלקית 3.5% טירת צבי 360 גרם,תנובה מרכז שיתופי לשיווק תוצרת,,,יח`,3.60,ארגז,false,1,26.90,7.47,false,1,
7290003321155,false,יוגורט בר עם פקאן מצופה שוקולד 183 ג' דנונה,שטראוס גרופ בעמ/מצונן,,,יח`,1.83,"ל-100 מ""ל",false,24,6.90,3.77,false,1,
7290003411726,false,קיסמי שיניים מלחיה הנמל 300יח',הנמל אריזות ושיווק (1984) בעמ,,,יח`,0,ארגז,false,30,3.90,3.90,false,1,
7290003438006,false,ממרח אולביה פסטו וצנובר איטלקי 190ג',תה ויסוצקי (ישראל) בעמ,,,יח`,1.80,ארגז,false,24,13.90,7.72,false,1,
7290003450602,false,חרדל אמיתי צהוב בקבוק לחיץ 255 גר,היינץ צפון אמריקה מקבוצת ה.י.היינץ,,,יח`,2.25,ארגז,false,1,10.90,4.84,false,1,
7290003643158,false,קורנפולר שקית 200 ג' סוגת,סוגת תעשיות בעמ,,,יח`,2,ארגז,false,1,3.90,1.95,false,1,
7290003643172,false,סוגת אבקת סוכר 100 גרם,א.ל ייצור ושיווק תבל,,,יח`,1,ארגז,false,1,2.50,2.50,false,1,
7290003643387,false,"סוכר אריזת פלסטיק 1 ק""ג סוגת",האי נאם סי או אל.טי.,,,יח`,10,ארגז,false,1,8.90,0.89,false,1,
7290003643646,false,"סוכר דמררה קלאסי בצנצנת סוגת 1 ק""ג",האי נאם סי או אל.טי.,,,יח`,10,ארגז,false,1,10,1,false,1,
7290003643684,false,אפונה יבשה סוגת 500 גר',האי נאם סי או אל.טי.,,,יח`,5,ארגז,false,1,6.80,1.36,false,1,
7290003643714,false,חומוס גרגירים 500 גרם סוגת,האי נאם סי או אל.טי.,,,יח`,5,ארגז,false,1,7.90,1.58,false,1,
7290003643738,false,חיטה סוגת (500 גרם),האי נאם סי או אל.טי.,,,יח`,5,ארגז,false,1,6.80,1.36,false,1,
7290003643752,false,עדשים ירוקים יבש סוגת 500 גר',האי נאם סי או אל.טי.,,,יח`,5,ארגז,false,1,8.50,1.70,false,1,
7290003643776,false,"פופקורן גרעינים סוגת 500 ג' כשל""פ",האי נאם סי או אל.טי.,,,יח`,5,ארגז,false,1,7.90,1.58,false,1,
7290003643813,false,שעועית אדומה יבשה סוגת 500 גר',האי נאם סי או אל.טי.,,,יח`,5,ארגז,false,1,10.90,2.18,false,1,
7290003672530,false,פילה סלמון קפוא,פאר הבשר והעוף בעמ,,,"ק""ג",1,"ק""ג",true,1,74.90,74.90,false,1,
7290003805587,false,"פתית חיטה מלאה בד""צ 250 גרם-קופסא",יוניליוור ישראל שיווק בע`מ,,,יח`,2.50,ארגז,false,1,18.70,7.48,false,1,
7290003882922,false,עלי גפן ממולאים באורז וילי פוד 360 גרם,ג. וילי-פוד אינטרנשיונל בע`מ,,,יח`,4,ארגז,false,24,9.90,2.48,false,1,
7290003903788,false,אבקת קפוצ`ינו וניל עלית (200 גרם),שטראוס גרופ בע`מ,,,יח`,2,ארגז,false,6,24.90,12.45,false,1,
7290004033903,false,חטיפי ברוסקטב אפויים בתיבול שום,מאפיית י.את א. ברמן בעמ,,,יח`,1.50,ארגז,false,1,13.90,9.27,false,1,
7290004033910,false,חטיפי ברוסקטב אפויים בתיבול עגבניות,מאפיית י.את א. ברמן בעמ,,,יח`,1.50,ארגז,false,1,13.90,9.27,false,1,
7290004033927,false,חטיפי פוקצה אפויים בתיבול שום,מאפיית י.את א. ברמן בעמ,,,יח`,2,ארגז,false,1,13.90,6.95,false,1,
7290004033934,false,חטיפי פוקצה אפויים בתיבול עגבניות,מאפיית י.את א. ברמן בעמ,,,יח`,2,ארגז,false,1,13.90,6.95,false,1,
7290004033972,false,חטיפי פוקצה אפויים בתיבול שום,מאפיית י.את א. ברמן בעמ,,,יח`,2,ארגז,false,1,13.90,6.95,false,1,
7290004119010,false,גבינת שדה מותכת 25% תנובה 500 גרם,תנובה בעמ ***,,,יח`,2,ארגז,false,1,15.90,7.95,false,1,
7290004119133,false,כד יוגורט תנובה 6.5% שומן 1.5 ליטר,מיוצר עי קונדיטוריית,,,יח`,15,"ל-100 מ""ל",false,1,17.80,1.19,false,1,
7290004119928,false,מעדן חלב בטעם וניל 2% קרלו תנובה 125 גרם,מחלבת אלון תבור,,,יח`,1.25,"ל-100 מ""ל",false,1,3.50,2.80,false,1,
7290004119973,false,קרלו מעדן שוקו רביעיה גביע 1.5% 125 גרם,תנובה מרכז שיתופי לש,,,יח`,1.25,"ל-100 מ""ל",false,1,3.50,2.80,false,1,
7290004120573,false,גבינה בולגרית (25016% גרם)פיראוס תנובה,תנובה מרכז שיתופי לש,,,יח`,2.50,ארגז,false,1,25.90,10.36,false,1,
7290004121488,false,יוגורט ביו דיאט 0% אפרסק יופלה (150 גרם),תנובה מרכז שיתופי לש,,,יח`,1.50,"ל-100 מ""ל",false,1,5.90,3.93,false,1,
7290004121754,false,יוגורט ביו עוגת גבינה ותות 3% יופלה 150 גרם,תנובה בעמ ***,,,יח`,1.50,"ל-100 מ""ל",false,1,5.90,3.93,false,1,
7290004121853,false,גבינה בולגרית קוביות (2005% גרם)פיראוס,תנובה מרכז שיתופי לש,,,יח`,2,ארגז,false,1,22.80,11.40,false,1,
7290004122195,false,גוש חלב גבינה צהובה פרוסה 28% תנובה 200 גרם,"תנובה בע""מ ***",,,יח`,2,ארגז,false,1,15.90,7.95,false,1,
7290004122270,false,עמק קלאסית פרוסות גבינה חצי קשה 28% 200 גרם,תנובה מרכז שיתופי לש,,,יח`,2,ארגז,false,1,17.90,8.95,false,1,
7290004122348,false,גבינה צהובה מופחתת שומן 9% עמק (200 גרם),תנובה מרכז שיתופי לש,,,יח`,2,ארגז,false,1,18.90,9.45,false,1,
7290004122676,false,גבינה חמד לייט (2505% גרם)פיראוס תנובה,תנובה מרכז שיתופי לש,,,יח`,2.50,ארגז,false,1,19.10,7.64,false,1,
7290004122683,false,עמק חטיף אצבעות גבינה חצי קשה 28% שומן,תנובה מרכז שיתופי לש,,,יח`,1.72,ארגז,false,1,19.90,11.57,false,1,
7290004124847,false,"קצפת צמחית השף הלבן 500 מ""ל תנובה",תנובה מרכז שיתופי לש,,,יח`,5,ארגז,false,1,17.60,3.52,false,1,
7290004125370,false,"שמנת חמוצה 9% מופחתת שומן תנובה 200 מ""ל מהדרין",תנובה מרכז שיתופי לש,,,יח`,2,"ל-100 מ""ל",false,1,4.90,2.45,false,1,
7290004125455,false,"שמנת חמוצה 200 מ""ל 15% ""תנובה"" -מוצר בפיקוח",תנובה מרכז שיתופי לש,,,יח`,2,"ל-100 מ""ל",false,1,2.40,1.20,false,1,
7290004125509,false,"שמנת חמוצה 15% מועשרת תנובה 100 מ""ל",תנובה מרכז שיתופי לש,,,יח`,1,ארגז,false,1,1.70,1.70,false,1,
7290004125721,false,"השף הלבן שמנת עמידה לבישול 15% תנובה 250 מ""ל",תנובה מרכז שיתופי לש,,,יח`,2.50,"ל-100 מ""ל",false,1,10.90,4.36,false,1,
7290004125776,false,גבינה צהובה קלאסית 28% עמק (400 גרם),"תנובה בע""מ ***",,,יח`,4,ארגז,false,1,34.90,8.73,false,1,
7290004126650,false,גבינה צפתית 5% תנובה,תנובה מרכז שיתופי לש,,,"ק""ג",1,,true,1,59.90,59.90,false,1,
7290004126674,false,טל העמק פרוסות גבינה חצי קשה לייט %9 200 גרם בקופסא,תנובה מרכז שיתופי לש,,,יח`,2,ארגז,false,1,18.80,9.40,false,1,
7290004127329,false,קוטג תנובה גביע 250 גרם %5 ו.מהדרין,מיוצר עי קונדיטוריית,,,יח`,2.50,ארגז,false,1,5.90,2.36,false,1,
7290004127336,false,קוטג תנובה גביע 250 גרם %9 ו.מהדרין,מיוצר עי קונדיטוריית,,,יח`,2.50,ארגז,false,1,5.90,2.36,false,1,
7290004127817,false,גבינה לבנה 9% שומן 500 ג' תנובה,מיוצר עי קונדיטוריית,,,יח`,5,ארגז,false,1,10.50,2.10,false,1,
7290004127916,false,גבינה לבנה 0.5% שומן 500 ג' תנובה,תנובה מרכז שיתופי לש,,,יח`,5,ארגז,false,1,10.50,2.10,false,1,
7290004128333,false,לאבנה על בסיס יוגורט %9 שומן 500 ג' פיראוס,תנובה בעמ ***,,,יח`,5,ארגז,false,1,21.90,4.38,false,1,
7290004128340,false,קרם גבינת שמנת %5 בטעם טבעי 200 ג' תנובה,תנובה בעמ ***,,,יח`,2,ארגז,false,1,12.90,6.45,false,1,
7290004128364,false,קרם גבינת שמנת 5% עם זיתים ירוקים 200 ג' תנובה,"תנובה, מחלבת תל יוסף",,,יח`,2,ארגז,false,1,12.90,6.45,false,1,
7290004129101,false,גבינת שמנת 25% בטעם טבעי 225 ג' נפוליאון,תנובה מרכז שיתופי לש,,,יח`,2.25,ארגז,false,1,15,6.67,false,1,
7290004129156,false,גבינת שמנת25% עם שום שמיר 225 ג' נפוליאון,תנובה מרכז שיתופי לש,,,יח`,2.25,ארגז,false,1,15.90,7.07,false,1,
7290004129545,false,גבינה למריחה 3% 250 גרם,מחלבת אלון תבור,,,יח`,2.50,ארגז,false,1,5.20,2.08,false,1,
7290004129767,false,"3% 'יופלה לבן מארז שמינייה 1.2 ק""ג",תנובה מרכז שיתופי לש,,,יח`,1.50,ארגז,false,1,18.90,12.60,false,1,
7290004130695,false,משקאות חלב תנובה אייס קפה בבקבוק 1ל,תנובה מרכז שיתופי לש,,,יח`,1,,false,1,13.90,13.90,false,1,
7290004130916,false,יוגורט יופלה פירות יער בשמנת 3% 150 גרם,תנובה מרכז שיתופי לש,,,יח`,1.50,"ל-100 מ""ל",false,1,5.90,3.93,false,1,
7290004131845,false,לאבנה גביע 9% 750 גר`פיראוס תנובה,תנובה מרכז שיתופי לש,,,יח`,7.50,ארגז,false,1,24.90,3.32,false,1,
7290004132606,false,"קרלו מעדן חלב בטעם וניל 2% תנובה 8*100 מ""ל",תנובה מרכז שיתופי לש,,,יח`,8,"ל-100 מ""ל",false,1,14.90,1.86,false,1,
7290004132712,false,חטיף אצבעות גבינת מוצרלה 20% 172 ג' עמק,תנובה מרכז שיתופי לש,,,יח`,1.74,ארגז,false,1,17.90,10.29,false,1,
7290004132903,false,גבינה לבנה 3% מהדרין תנובה 250 גרם,תנובה מרכז שיתופי לש,,,יח`,2.50,ארגז,false,1,5.20,2.08,false,1,
7290004135058,false,שמיניית קרלו מיני שוקולד 100 גרם מהדרין,תנובה מרכז שיתופי לש,,,יח`,8,"ל-100 מ""ל",false,1,14.90,1.86,false,1,
7290004135072,false,"מעדן חלב מיני שוקולדה 1.5% מהדרין קרלו 8*100 מ""ל",תנובה מרכז שיתופי לש,,,יח`,8,"ל-100 מ""ל",false,1,14.90,1.86,false,1,
7290004136291,false,צפתית 5% מעודנת תנוב,תנובה חלב,,,"ק""ג",10,ארגז,true,1,59.90,5.99,false,1,
7290004136598,false,מארז הפסקת אוכל עם קורנפלקס ומשקה חלב עמיד בטעם וניל,פארייפאבה אגרואינדוס,,,יח`,1.50,"ל-100 מ""ל",false,1,9.90,6.60,false,1,
7290004136857,false,מעדן ג`לי בטעם פטל תנובה (125 גרם),תנובה מרכז שיתופי לש,,,יח`,1.25,"ל-100 מ""ל",false,1,4.90,3.92,false,1,
7290004137021,false,"שמנת עמידה לבישול מופחת שומן 10% השף הלבן 250 מ""ל",תנובה מרכז שיתופי לש,,,יח`,2.50,"ל-100 מ""ל",false,1,8.30,3.32,false,1,
7290004456108,false,"סלמון פילה נורבגי 1.0-1.4 ק""ג בד""ץ עדה חרדית",בלדי בע`מ,,,"ק""ג",1,ארגז,true,1,79.90,79.90,false,1,
7290004544539,false,לחמניות סנדביץ ללא גלוטן 6 יח`,מאפית אריאל שיווק והפצה,,,יח`,1,יח`,false,1,17.90,17.90,false,1,
7290004544546,false,שליש בגט ללא גלוטן 4 יח,מאפית אריאל שיווק והפצה,,,יח`,1,יח`,false,1,17.90,17.90,false,1,
7290004544553,false,לחמניה המבורגר ללא גלוטן 4 יח`,מאפית אריאל שיווק והפצה,,,יח`,1,יח`,false,1,17.90,17.90,false,1,
7290004544560,false,לחמניה מיני ללא גלוטן 10 יח`,מאפית אריאל שיווק והפצה,,,יח`,1,יח`,false,1,17.90,17.90,false,1,
7290004544577,false,"בסיס אפוי לפיצה 2 יח`לל""ג",מאפית אריאל שיווק והפצה,,,יח`,1,יח`,false,1,21.90,21.90,false,1,
7290004584306,false,רבעיית גמדים בטעם תות בננה * 100 ג' שטראוס,שטראוס גרופ בעמ/מצונן,,,יח`,4,"ל-100 מ""ל",false,12,14.90,3.73,false,1,
7290004584351,false,גבינה לבנה סימפוניה עם תוספות 200 ג' חמישית 200,שטראוס גרופ בעמ/מצונן,,,יח`,2,ארגז,false,12,12.90,6.45,false,1,
7290004584528,false,יוגורט דנונה ביו לבן 1.7% שומן 200 גרם,שטראוס גרופ בעמ/מצונן,,,יח`,2,"ל-100 מ""ל",false,1,4.90,2.45,false,1,
7290004658960,false,יין אמרלד ריזלינג פרייבט קולקשן יקבי כרמל,אגודת הכורמים הקואופרטיב,,,יח`,7.50,"ל-100 מ""ל",false,1,39.90,5.28,false,1,
7290004685478,false,פיתות כוסמין 10 יח בשקית 550 גרם,מאפיית י.את א. ברמן בעמ,,,יח`,5.50,ארגז,false,1,16.90,3.07,false,1,
7290004731472,false,"אל סבון צבעוני כיף שלישיה* 500 מ""ל",החברה הדרומית לשיווק בעמ,,,יח`,1.50,ל-100 גרם,false,8,22.70,15.13,false,1,
7290004872250,false,שלגון שרבט אבטיח נסטלה 108 גרם,נגה גלידות שותפות מוגבלת,,,יח`,1.08,ארגז,false,1,7,6.48,false,1,
7290004872359,false,"קרחון דובדבן עם סוכריות כשל""פ",נגה גלידות שותפות מוגבלת,,,יח`,0.80,ארגז,false,1,3,3.75,false,1,
7290005197758,false,"עוגיות חיוכים שוקולד עלית 150 גרם בד""צ",אפיפית נצרת תעשיות ב,,,יח`,1.50,ארגז,false,12,4.90,3.27,false,1,
7290005199288,false,גומי מאסט בטעם פטל לימון 28 ג' עלית,שטראוס גרופ בע`מ,,,יח`,0.28,ארגז,false,16,4.60,16.43,false,1,
7290005200786,false,תפוצ'יפס בטעם שמנת בצל עלית 50 גרם,"שטראוס פריטו ליי בע""\מ )",,,יח`,0.50,ארגז,false,1,5,10,false,1,
7290005271458,false,ביצים אורגניות 12 יח`L,גליקסמן שיווק ביצים [1994] בעמ,,,יח`,1,,false,1,22.90,22.90,false,1,
7290005271465,false,ביצים מידיום אורגני 12 יח',גליקסמן שיווק ביצים [1994] בעמ,,,יח`,1,,false,1,21.90,21.90,false,1,
7290005271779,false,ביצה גדול 30 יח לארג,גליקסמן שיווק ביצים [1994] בעמ,,,יח`,1,,false,1,30.12,30.12,false,1,
7290005271786,false,ביצים ארוזות Mעטוף 3,גליקסמן שיווק ביצים [1994] בעמ,,,יח`,1,,false,1,27.87,27.87,false,1,
7290005287206,false,רביעיית טונה בשמן סטארקיסט 160 גרם,דיפלומט מפיצים (1968) בעמ**,,,יח`,6.40,ארגז,false,1,25.90,4.05,false,1,
7290005287251,false,רביעיית טונה במים סטארקיסט 160 גרם,דיפלומט מפיצים (1968) בעמ**,,,יח`,6.40,ארגז,false,12,25.90,4.05,false,1,
7290005287527,false,"סטארקיסט טונה בשמן עם לימון 160 גרם בד""צ",סטארקיסט דיפלומט היינץ,,,יח`,1.60,ארגז,false,24,7.90,4.94,false,1,
7290005287534,false,"סטארקיסט טונה בשמן עישון טבעי 160 גרם בד""צ",סטארקיסט דיפלומט היינץ,,,יח`,1.60,ארגז,false,1,7.90,4.94,false,1,
7290005424113,false,"רביעיית מטליות לרצפה ""סנו סושי""",החב. הדרומית לשיווק,,,יח`,1,,false,1,11.90,11.90,false,1,
7290005425646,false,קליר נוזל לניקוי חלונות רב תכליתי סנו 1 ליטר,החברה הדרומית לשיווק בעמ,,,יח`,10,"ל-100 מ""ל",false,12,11.10,1.11,false,1,
7290005427848,false,מטליות ניקוי רב שימושיות בגליל סנו סושי 40 יחידות,החברה הדרומית לשיווק בעמ,,,יח`,1,,false,15,23.90,23.90,false,1,
7290005428852,false,ממחטות טישו צבעוניים סנו סופט 5 יח' *100דף,החברה הדרומית לשיווק בעמ,,,יח`,6.50,ארגז,false,1,14.90,2.29,false,1,
7290005431159,false,תותים בקצפת לייט עדן קינוחים 80 גרם,עדן קינוחים,,,יח`,4,ארגז,false,1,7.50,1.88,false,1,
7290005559907,false,פיצה משפחתית 100% גבינה מעדנות 500 גרם,תנובה מרכז שיתופי לשיווק תוצרת,,,יח`,5,ארגז,false,10,24.90,4.98,false,1,
7290005591761,false,דבש טהור מפרחי בר בלחיץ 400 ג' יד מרדכי,מכוורת יד מרדכי שטרא,,,יח`,4,ארגז,false,12,29.90,7.48,false,1,
7290005838002,false,מעדן גבינה ויוגורט בטעם וניל 88 ג' דניאלה,שטראוס גרופ בעמ/מצונן,,,יח`,1.50,"ל-100 מ""ל",false,24,5.90,3.93,false,1,
7290005839313,false,מילקי Top עם שוקולדה מגולגלת 140 גרם,שטראוס גרופ בעמ/מצונן,,,יח`,1.30,"ל-100 מ""ל",false,20,5.90,4.54,false,1,
7290005992018,false,"יוגורט עיזים לשתיה 3% מחלבות גד 500 מ""ל",מחלבות גד שיווק 1992 בעמ,,,יח`,5,"ל-100 מ""ל",false,1,14.90,2.98,false,1,
7290006241504,false,"משקה תפוזים קפוא פריגת 340 מ""ל",החברה המרכזית טלהפצת משקאות בע,,,יח`,3.40,ארגז,false,1,12.90,3.79,false,1,
7290006241511,false,"משקה לימונענע מרוכז קפוא פריגת 280 מ""ל",היינץ צפון אמריקה מק,,,יח`,3.40,ארגז,false,1,13.90,4.09,false,1,
7290006251275,false,תה ירוק סיני קלאסי ויסוצקי 25 יחידות,תה ויסוצקי (ישראל) בעמ,,,יח`,0.3750,ארגז,false,1,26.90,71.73,false,1,
7290006251374,false,תה ירוק לימונית וג'ינג'ר ויסוצקי 25 יחידות,תה ויסוצקי (ישראל) בעמ,,,יח`,0.25,ארגז,false,1,26.90,107.60,false,1,
7290006271655,false,מיני בורקס במילוי גבינה מעדנות (800 גרם),תנובה מרכז שיתופי לשיווק תוצרת,,,יח`,8,ארגז,false,12,24.90,3.11,false,1,
7290006374653,false,דבש לייט מופחת קלוריות יד מרדכי 350 ג',מכוורת יד מרדכי שטראוס ב,,,יח`,3.50,ארגז,false,1,31,8.86,false,1,
7290006374738,false,קונפיטורה תות יד מרדכי בטעם תות,אף.סי תבליני בגליל ב,,,יח`,3.40,ארגז,false,6,14.90,4.38,false,1,
7290006653819,false,קוסקוס אמיתי דק בשקית 350 גרם,קבוצת אוסם סחר שותפות מוגבלת,,,יח`,3.50,ארגז,false,1,8.80,2.51,false,1,
7290006664655,false,דנונה Actimel יוגורט טבעי 8*100 מ``ל,שטראוס גרופ בעמ/מצונן,,,יח`,8,"ל-100 מ""ל",false,6,22.90,2.86,false,1,
7290006666307,false,חומוס אורגינל סלטי מ,כ.מ.מ שיווק סלטי משני בעמ,,,יח`,3,ארגז,false,1,13.90,4.63,false,1,
7290006666314,false,סלט טחינה משומשום טהור,כ.מ.מ שיווק סלטי משני בעמ,,,יח`,1.50,ארגז,false,1,13.90,9.27,false,1,
7290006666338,false,סלט טחינה ירוקה עם פטרוזיליה,כ.מ.מ שיווק סלטי משני בעמ,,,יח`,3,ארגז,false,1,15.90,5.30,false,1,
7290006666345,false,סלט חצילים במיונז על האש,כ.מ.מ שיווק סלטי משני בעמ,,,יח`,3,ארגז,false,1,21.70,7.23,false,1,
7290006666352,false,סלט חציל בטחינה 300 גרם,כ.מ.מ שיווק סלטי משני בעמ,,,יח`,3,ארגז,false,1,19.90,6.63,false,1,
7290006666413,false,סלט כרוב אדום במיונז,כ.מ.מ שיווק סלטי משני בעמ,,,יח`,3,ארגז,false,1,15.90,5.30,false,1,
7290006666420,false,סלט כרוב קולסלאו בסגנון אמריקאי,כ.מ.מ שיווק סלטי משני בעמ,,,יח`,3,ארגז,false,1,15.90,5.30,false,1,
7290006666437,false,סלט טורקי סלטי משני,כ.מ.מ שיווק סלטי משני בעמ,,,יח`,3,ארגז,false,1,18.90,6.30,false,1,
7290006666529,false,סלט פלפלים מרוקאי חריף 300 גרם,כ.מ.מ שיווק סלטי משני בעמ,,,יח`,3,ארגז,false,1,22.90,7.63,false,1,
7290006666826,false,סחוג ירוק סלט פלפלים,כ.מ.מ שיווק סלטי משני בעמ,,,יח`,3,ארגז,false,1,16.10,5.37,false,1,
7290006681553,false,קרמבו בטעם וניל שטראוס 8 יחידות,"גלידות שטראוס בע""מ",,,יח`,19.20,ארגז,false,1,17.90,0.93,false,1,
7290006681560,false,קרמבו בטעם מוקה שטראוס 8 יחידות,"גלידות שטראוס בע""מ",,,יח`,19.20,ארגז,false,1,16.90,0.88,false,1,
7290006742278,false,פסטרמה הודו צלויה על לבנים 330 ג' זוגלובק,נקניק נהריה כשר זוגל,,,יח`,3.30,ארגז,false,1,29.90,9.06,false,1,
7290006742292,false,פסטרמה הודו בדבש 330 ג' זוגלובק,נקניק נהריה כשר זוגל,,,יח`,3.30,ארגז,false,1,29.90,9.06,false,1,
7290006775801,false,עוגיות רוגלך שוקולד 400 גר' אחדות,אחדות ביתחרושת לטחינה חלבה,,,יח`,4,ארגז,false,1,10.90,2.73,false,1,
7290006908162,false,תערובת אגוזים קלויים ללא מלח 250 גרם,בוטנת בעמ חברה לקלייה ואריזת פ,,,יח`,2.50,ארגז,false,1,25.90,10.36,false,1,
7290006908223,false,רביולי גריל 250 גרם,בוטנת בעמ חברה לקלייה ואריזת פ,,,יח`,2.50,ארגז,false,1,20.90,8.36,false,1,
7290006908261,false,תערובת סוכריות גומי חמוצה 250 גרם,בוטנת בעמ חברה לקלייה ואריזת פ,,,יח`,2.50,ארגז,false,1,16.90,6.76,false,1,
7290006908285,false,שקדים ופקאן מטוגנים מתובלים 250 גרם,בוטנת בעמ חברה לקלייה ואריזת פ,,,יח`,2.50,ארגז,false,1,29.90,11.96,false,1,
7290006908438,false,גרעיני חמניה מלח עדין 250 גרם,בוטנת בעמ חברה לקלייה ואריזת פ,,,יח`,2.50,ארגז,false,1,12.90,5.16,false,1,
7290006908445,false,"גרעין שחור אמריקאי ענק מלח גס, 250 גרם",בוטנת בעמ חברה לקלייה ואריזת פ,,,יח`,2.50,ארגז,false,1,12.90,5.16,false,1,
7290006908698,false,קשיו קלוי ענק 250 גרם,בוטנת בעמ חברה לקלייה ואריזת פ,,,יח`,2.50,ארגז,false,1,25.90,10.36,false,1,
7290006908704,false,אגוז מלך צ`ילאני מובחר 250 גרם,בוטנת בעמ חברה לקלייה ואריזת פ,,,יח`,2.50,ארגז,false,1,20.90,8.36,false,1,
7290006908711,false,שקד טבעי 250 גרם,בוטנת בעמ חברה לקלייה ואריזת פ,,,יח`,2.50,ארגז,false,1,22.90,9.16,false,1,
7290006908728,false,בוטן קלוי ענק 250 גרם,בוטנת בעמ חברה לקלייה ואריזת פ,,,יח`,2.50,ארגז,false,1,17.90,7.16,false,1,
7290006908735,false,פיסטוק חלבי קלוי ענק 250 גרם,בוטנת בעמ חברה לקלייה ואריזת פ,,,יח`,2.50,ארגז,false,1,27.90,11.16,false,1,
7290006908759,false,קשיו טבעי 250 גרם,בוטנת בעמ חברה לקלייה ואריזת פ,,,יח`,2.50,ארגז,false,1,22.90,9.16,false,1,
7290006908773,false,פקאן טבעי 250 גרם,בוטנת בעמ חברה לקלייה ואריזת פ,,,יח`,2.50,ארגז,false,1,27.90,11.16,false,1,
7290006908780,false,שקד קלוי ענק 250 גרם,בוטנת בעמ חברה לקלייה ואריזת פ,,,יח`,2.50,ארגז,false,1,29.90,11.96,false,1,
7290006908797,false,תערובת מנצס 250 גרם,בוטנת בעמ חברה לקלייה ואריזת פ,,,יח`,2.50,ארגז,false,1,17.90,7.16,false,1,
7290006983763,false,עוגת הבית בטעם שוקולד אסם (400 גרם),קבוצת אוסם סחר שותפות מוגבלת,,,יח`,4,ארגז,false,1,12.90,3.23,false,1,
7290006983770,false,עוגת הבית שיש אסם (400 גרם),קבוצת אוסם סחר שותפות מוגבלת,,,יח`,4,ארגז,false,1,13.90,3.48,false,1,
7290008154222,false,עוף טוב שניצלונים 700 גרם,קבוצת אוסם סחר-שות.מוגבלת,,,יח`,7,ארגז,false,1,21.70,3.10,false,1,
7290008175210,false,גבינת פרמזן מגורדת 90ג' ויליפוד,ג.וילי-פוד אינטרנשיונל **גבינו,,,יח`,9,ארגז,false,1,14.90,1.66,false,1,
7290008407441,false,ריאות בקר,ג.ת שווק בן בקר בע`מ,,,"ק""ג",1,יח`,true,1,24.90,24.90,false,1,
7290008409124,false,מאמא עוף קפוא שניצל ג'ונגל פריך 700 גרם,תנובה מרכז שיתופי לשיווק תוצרת,,,יח`,7,ארגז,false,10,37.90,5.41,false,1,
7290008409315,false,שניצלונים בציפוי פריך מיני מיני דק מאמא עוף 500 גרם,תנובה מרכז שיתופי לשיווק תוצרת,,,יח`,5,ארגז,false,14,24.90,4.98,false,1,
7290008409551,false,שניצל עוף אמיתי בציפוי מעודן 700 ג' מאמא עוף,תנובה מרכז שיתופי לשיווק תוצרת,,,יח`,7,ארגז,false,10,44.50,6.36,false,1,
7290008496353,false,פילה סלמון קפוא נרווגי,עוף ירושלים מהדרין בע`מ,,,"ק""ג",1,ארגז,true,1,79.90,79.90,false,1,
7290008644839,false,ח.ערבית/איסברג-300שטראוס,ביכורי השדה הצפון בעמ` 1964,,,יח`,3,ארגז,false,1,9.90,3.30,false,1,
7290008645935,false,אחלה חומוס לניגוב 750 גרם,שטראוס גרופ בעמ/מצונן,,,יח`,7.50,ארגז,false,6,11.90,1.59,false,1,
7290008693134,false,מעדן גבינה ויוגורט בטעם תות 5% שומן 88 ג' דניאלה,שטראוס גרופ בעמ/מצונן,,,יח`,1.50,"ל-100 מ""ל",false,24,5.90,3.93,false,1,
7290008745239,false,תפוצ'יפס קראנצ' בטעם טבעי עלית 50 גרם,"שטראוס פריטו ליי בע""\מ )",,,יח`,0.55,ארגז,false,1,5,9.09,false,1,
7290008747547,false,תפוצ'יפס קראנץ' בטעם טבעי עלית 200 גרם,"שטראוס פריטו ליי בע""\מ )",,,יח`,2,ארגז,false,1,11,5.50,false,1,
7290008750264,false,"מסטיק מאסט ציקלס דובדבן 28 גרם לל""ס מגדים",שטראוס גרופ בע`מ,,,יח`,0.28,ארגז,false,16,4.60,16.43,false,1,
7290008753111,false,תפוצ'יפס קראנץ' בטעם מקסיקני עלית 50 גרם,"שטראוס פריטו ליי בע""\מ )",,,יח`,0.50,ארגז,false,1,5,10,false,1,
7290008754415,false,גומי מאסט בטעם ספירמינט עדין פליפטופ 28 ג' עלית,שטראוס גרופ בע`מ,,,יח`,0.28,ארגז,false,16,5,17.86,false,1,
7290008757386,false,"מיץ פז ענבים פחית 330 מ""ל",יפאורה - שותפות מוגבלת לשיווק,,,יח`,3.30,"ל-100 מ""ל",false,1,7,2.03,false,1,
7290008775823,false,ערגליות עוגיות תות שדה אסם 300 גרם,קבוצת אוסם סחר שותפות מוגבלת,,,יח`,3,ארגז,false,1,11.50,3.83,false,1,
7290008775892,false,פסטה פרפקטו לינגוויני (11) 500 גרם,קבוצת אוסם סחר-שות.מוגבלת,,,יח`,5,ארגז,false,1,6.90,1.38,false,1,
7290008909853,false,"קוקה קולה זירו בקבוק 500 מ""ל.",החברה המרכזית להפצת משקאות בעמ,,,יח`,5,"ל-100 מ""ל",false,24,8,1.54,false,1,
7290008909884,false,"קוקה קולה זירו 350 מ""ל בקבוק זכוכית",החברה המרכזית להפצת משקאות בעמ,,,יח`,3.50,"ל-100 מ""ל",false,24,8,2.20,false,1,
7290010023141,false,תה לימונענע הגן הקסום ויסוצקי 25 יחידות,תה ויסוצקי (ישראל) בעמ,,,יח`,0.50,ארגז,false,1,19.90,39.80,false,1,
7290010116980,false,שוקולית אבקה להכנת משקה שוקו שקית 850,הנסיך- מפעל לייצור ט,,,יח`,8.50,ארגז,false,6,19.50,2.29,false,1,
7290010117864,false,דוריטוס חטיף תירס בטעם חריף אש עלית 70 גרם,"שטראוס פריטו ליי בע""\מ )",,,יח`,0.70,ארגז,false,1,5,7.14,false,1,
7290010117970,false,סבבה בוטנים קלויים מצופים - אריזה אישית,"שטראוס פריטו ליי בע""מ",,,יח`,0.50,ארגז,false,1,1.90,3.80,false,1,
7290010259830,false,מנת השף נודלס בסגנון סיני פיקנטי וילי פוד 70 גרם,ג. וילי-פוד אינטרנשיונל בע`מ,,,יח`,7,ארגז,false,1,6.90,0.99,false,1,
7290010278916,false,שקית 10 מודפס נסיכות,שמחה זה אנחנו בע`מ,,,יח`,1,,false,1,10.60,10.60,false,1,
7290010328253,false,טחינה גולמית משומשום טבעי אחווה 500 גרם,אחדות ביתחרושת לטחינה חלבה,,,יח`,5,ארגז,false,1,10.90,2.18,false,1,
7290010814701,false,שוקולד חלב ללא תוספת סוכר וסטהיים,"כרמית תעשיות ממתקים בע""\",,,יח`,0.85,ארגז,false,1,6.90,8.12,false,1,
7290010945450,false,גבינה לבנה 3% 250 גר מועשר בסידן וויטמין,*החברה המרכזית להפצת משקאותבעמ,,,יח`,2.50,ארגז,false,1,4.80,1.92,false,1,
7290011018184,false,תה קר בטעם אפרסק פיוז-טי (500 מל),החברה המרכזית להפצת משקאות בעמ,,,יח`,5,"ל-100 מ""ל",false,24,8,1.54,false,1,
7290011051433,false,"שוופס מוגז עדין בטעם אפרסק 500 מ""ל",יפאורה - שותפות מוגבלת לשיווק,,,יח`,5,"ל-100 מ""ל",false,1,7,1.34,false,1,
7290011194215,false,מעדן גבינה ויוגורט בטעם בננה 5% שומן 88 ג' דניאלה,שטראוס גרופ בעמ/מצונן,,,יח`,1.50,"ל-100 מ""ל",false,24,5.90,3.93,false,1,
7290011194246,false,קוטג 5% 250 גרם עם סידן שטראוס,שטראוס גרופ בעמ/מצונן,,,יח`,2.50,ארגז,false,12,5.90,2.36,false,1,
7290011223045,false,בישקוטים ליידיפינגרז בונומי (200 גרם),דנשר (1963) בעמ,,,יח`,2,ארגז,false,1,6.90,3.45,false,1,
7290011249212,false,וופל עלמה בלגי לימון 200 גר' ללא סוכר,ח.כהן סוכנות מזון ומשקאות בע,,,יח`,2,ארגז,false,1,4.90,2.45,false,1,
7290011303570,false,מעדן רימון דודה ברטה,ברקת,,,יח`,2.84,ארגז,false,1,17.90,6.30,false,1,
7290011438142,false,"משקה יטבתה אייס קפה בבקבוק אישי 350 מ""ל",שטראוס גרופ בעמ/מצונן,,,יח`,3.50,"ל-100 מ""ל",false,6,6.40,1.83,false,1,
7290011499419,false,גבינה במרקם שמנת בטעם טבעי 5% ניו יורק,מחלבות גד שיווק 1992 בעמ,,,יח`,2,ארגז,false,1,13.90,6.95,false,1,
7290011515911,false,שלגוני לייט ריבת חלב עם סירופ 6*52 גרם,נגה גלידות שותפות מוגבלת,,,יח`,0.52,ארגז,false,1,32.90,63.27,false,1,
7290012001994,false,חרדל דיז'ון גרעינים 350 ג' ריין דיזון,דיפלומט מפיצים (1968) בעמ**,,,יח`,3.50,ארגז,false,12,10,2.86,false,1,
7290012117565,false,כפפות סנו סושי לטקס S אריזת 100יח',החב. הדרומית לשיווק,,,יח`,1,,false,10,29.90,29.90,false,1,
7290012117589,false,כפפות סנו סושי לטקס L אריזת 100יח',החב. הדרומית לשיווק,,,יח`,1,,false,10,29.90,29.90,false,1,
7290012227172,false,חרמן הודו בדבש וברביקיו זוג במארז 600 ג' זוגלובק,נקניק נהריה כשר זוגל,,,יח`,8,ארגז,false,1,29.90,3.74,false,1,
7290012245312,false,"גולד ציפס אמריקאי 1.5 ק""ג קפוא זן",קפוא-זן תעשיות מזון בעמ - תפוג,,,יח`,15,ארגז,false,1,19.90,1.33,false,1,
7290012245329,false,"גולד צ'יפס קלאסי 1.5 ק""ג קפוא זן",קפוא זן תעשיות מזון בעמ,,,יח`,15,ארגז,false,1,19.90,1.33,false,1,
7290012245343,false,"צ'יפס זיג זג 1.5 ק""ג גולד שארית",קפוא-זן תעשיות מזון בעמ - תפוג,,,יח`,15,ארגז,false,1,19.90,1.33,false,1,
7290012309939,false,חלווה מסולסלת בקופסא ששון הקולה 500 גרם,דין שיווק וקליה 2021 בעמ,,,יח`,5,יח`,false,1,16.90,3.38,false,1,
7290012823541,false,ריצפז פרש מטליות לחות לרצפה בניחוח לבנדר 10 יחידות,החברה הדרומית לשיווק בעמ,,,יח`,1,,false,12,12.90,12.90,false,1,
7290012823602,false,נייר טואלט סופט סילק לבן 32 גלילים סנו,החברה הדרומית לשיווק בעמ,,,יח`,25.50,ארגז,false,1,33.90,1.33,false,1,
7290012864001,false,נבטי חמנייה ארוז א.אדמה,ביכורי השדה צפון 1994 ג.ד. בעמ,,,יח`,1,,false,1,9.90,9.90,false,1,
7290013117410,false,בצק פריך מרודד למאפים מתוקים 900 ג' מעדנות,תנובה מרכז שיתופי לשיווק תוצרת,,,יח`,9,ארגז,false,10,27.90,3.10,false,1,
7290013144393,false,תמצית אפיה בטעם וניל מימונס (50 מל),א.ל. ייצור ושיווק תבלינים בע`מ,,,יח`,5,ארגז,false,1,5.50,1.10,false,1,
7290013145918,false,אבקת סוכר מיימונס 100 גרם,א.ל. ייצור ושיווק תבלינים בע`מ,,,יח`,1,ארגז,false,1,2.30,2.30,false,1,
7290013151285,false,"נוזל אגוזי קוקוס 400 מ""ל",סי אנד אי,,,יח`,4,"ל-100 מ""ל",false,1,9.90,2.48,false,1,
7290013358523,false,מאסטר שף שבבי בצל מטוגן 150 גרם,קריניציה ויטמינה אס,,,יח`,1.50,ארגז,false,1,14.90,9.93,false,1,
7290013492005,false,תפוח אדמה אדום למיקרו 600 ג',ביכורי השדה צפון 1994 ג.ד. בעמ,,,יח`,7,ארגז,false,1,7.90,1.13,false,1,
7290013585233,false,"ספרייט זירו פחית סליק 330 מ""ל",החברה המרכזית להפצת משקאות בעמ,,,יח`,3.30,"ל-100 מ""ל",false,24,7,2.03,false,1,
7290013585387,false,בקבוק זירו קוקה-קולה (1 ליטר),החברה המרכזית להפצת משקאות בעמ,,,יח`,10,"ל-100 מ""ל",false,12,7.40,0.71,false,1,
7290013906519,false,פרושוטו בקר טירת צבי 100 גרם,תנובה מרכז שיתופי לשיווק תוצרת,,,יח`,1,ארגז,false,1,28.80,28.80,false,1,
7290013906687,false,פסט' צמד כפרית ברביקיו ודבש 300X2ג' טירת צבי,תנובה מרכז שיתופי לשיווק תוצרת,,,יח`,6,ארגז,false,1,31.90,5.32,false,1,
7290014002203,false,חליטת לימונית ולואיזה הגן הקסום ויסוצקי 25 יחידות,תה ויסוצקי (ישראל) בעמ,,,יח`,0.75,ארגז,false,1,19.90,26.53,false,1,
7290014046474,false,"נקניקיות עוף 1.5 ק""ג יחיעם",מעדני יחיעם ( 1993 ) בע`מ,,,יח`,15,ארגז,false,1,29.90,1.99,false,1,
7290014369818,false,שלגון מוגו`מסקרפונה עם אפרסק,פיקסל אם.גי.אם שיווק והפצה בע,,,יח`,1,ארגז,false,1,9.90,9.90,false,1,
7290014369825,false,שלגון מוגו`תות עם חתיכות ליצ`י,פיקסל אם.גי.אם שיווק והפצה בע,,,יח`,1,ארגז,false,1,9.90,9.90,false,1,
7290014397279,false,שקיות מזון גדולות XL סנו סושי 300 יחידות,החברה הדרומית לשיווק בעמ,,,יח`,1,,false,24,12.50,12.50,false,1,
7290014455467,false,ירח מתוק מעדן חלב 2% ושיבולת שועל גד 150ג',מחלבות גד שיווק 1992 בעמ,,,יח`,1.60,"ל-100 מ""ל",false,1,6.90,4.31,false,1,
7290014525290,false,חטיפי סלים דליס קריספי תות מרבה 125 גרם,סלים דליס Slim Delis,,,יח`,1.25,ארגז,false,1,11.90,9.52,false,1,
7290014525306,false,חטיפי סלים דליס קריספי אוכמניות מרבה 125 גרם,סלים דליס Slim Delis,,,יח`,1.25,ארגז,false,1,11.90,9.52,false,1,
7290014758100,false,מאגדת יוגורט ביו 3% שומן 8 יח' *150ג' תנובה,מיוצר עי קונדיטוריית,,,יח`,10,ארגז,false,1,18.90,1.89,false,1,
7290014758117,false,מאגדת יוגורט ביו 1.5% שומן 8 יח' *150 ג' תנובה,מיוצר עי קונדיטוריית,,,יח`,10,ארגז,false,1,18.90,1.89,false,1,
7290014759084,false,גבינת שמנת נפוליאון 16% מופחת שומן תנובה 225 גרם,תנובה מרכז שיתופי לש,,,יח`,2.25,ארגז,false,1,15.90,7.07,false,1,
7290014759534,false,גבינה בולגרית למריחה טבעי 5% 200 ג' פיראוס,"תנובה, מחלבת תל יוסף",,,יח`,2,ארגז,false,1,14.90,7.45,false,1,
7290014759978,false,קצ`קאבל פלח גלעד 200 גר`קולקשיין תנובה,תנובה בעמ ***,,,יח`,2,ארגז,false,1,32,16,false,1,
7290014759992,false,פלח רוקפור גליל 26% 140 גר`קולקשיין תנו,"תנובה, מחלבת תל יוסף",,,יח`,1.40,ארגז,false,1,21.90,15.64,false,1,
7290014761193,false,יוגורט עם פירות יער 1.5% שומן 125 ג' פרילי,תנובה מרכז שיתופי לש,,,יח`,5,"ל-100 מ""ל",false,1,3.90,0.78,false,1,
7290014762756,false,גבינת שמנת נפוליאון 16% עם בצל תנובה 225 גרם,תנובה - חלב,,,יח`,2.25,ארגז,false,1,15.90,7.07,false,1,
7290014762831,false,גבינת שמנת נפוליאון 16% עם פלפל חלפיניו תנובה 225 גרם,תנובה מרכז שיתופי לש,,,יח`,2.25,ארגז,false,1,15.90,7.07,false,1,
7290015282598,false,חומוס מסעדות גורמה שמיר 200 גרם,"סלטי שמיר 2006 בע""מ",,,יח`,2,ארגז,false,1,10.90,5.45,false,1,
7290015282604,false,טחינה מיוחדת גורמה שמיר 200 גרם,"סלטי שמיר 2006 בע""מ",,,יח`,2,ארגז,false,1,10.90,5.45,false,1,
7290015282635,false,חומוס מסבחה גורמה שמיר 200 גרם,"סלטי שמיר 2006 בע""מ",,,יח`,2,ארגז,false,1,10.90,5.45,false,1,
7290015282697,false,כרוב אדום שמיר גורמה 200גר,"סלטי שמיר 2006 בע""מ",,,יח`,2,ארגז,false,1,10.90,5.45,false,1,
7290015324090,false,כמון טחון 80 גר' טעם וריח,"תבליני טעם וריח בע""מ",,,יח`,1,,false,1,5.90,5.90,false,1,
7290016132137,false,דלי שטיפה איכותי,ד.ג.ש ייבוא ושיווק בעמ,,,יח`,1,,false,1,12.90,12.90,false,1,
7290016197839,false,ניקול השקית החזקה 20 יח' XL,קימברלי קלארק ישראל שיווק בעמ,,,יח`,1,,false,12,19.90,19.90,false,1,
7290016440652,false,תערובת פרוסות ירקות חמוצים מעדני עופר 500 גרם,קפוא זן תעשיות מזון בעמ,,,יח`,2,ארגז,false,1,19.90,9.95,false,1,
7290016584011,false,חטיפוני גזר 350 גרם גיזרונים,קונס`-מרינה פטריות הגליל בעמ*ש,,,יח`,1,,false,1,8.90,8.90,false,1,
7290016682397,false,מיץ חמוציות פרי ניב 2 ליטר-,תנובה - פריניב,,,יח`,20,"ל-100 מ""ל",false,1,23.90,1.18,false,1,
7290017065786,false,גבינה אנגלית קשה צ`דר 210 גר`גד,מחלבות גד שיווק 1992 בעמ,,,יח`,2,ארגז,false,1,25.90,12.95,false,1,
7290017599229,false,ממתיק סוכרלוז 200 טבליות סוכרזית,שטראוס גרופ בע`מ,,,יח`,1,,false,1,19.90,19.90,false,1,
7290017724089,false,עוגיות ואן גוך אקלר 200 גרם,הלל בן הלל שיווק ומסחר בעמ,,,יח`,3,ארגז,false,1,22.90,7.63,false,1,
7290017724294,false,עוגיות גרנולה צ`יפס חמוציות ללס 200 גר`,אקלר בעמ,,,יח`,3,ארגז,false,1,22.90,7.63,false,1,
7290017841885,false,דלי מגבונים ניקוי כללי 400 יח שווה*,ח.כהן סוכנות מזון ומשקאות בע,,,יח`,1,יח`,false,1,19.90,19.90,false,1,
7290017842141,false,"נייר אפייה איכותי אקולוגי, 40 יח ""שווה",ח.כהן סוכנות מזון ומשקאות בע,,,יח`,0,יח`,false,1,8.90,8.90,false,1,
7290017842318,false,מארז 2 מטליות מיקרופייבר לרצפה שווה*,ח.כהן סוכנות מזון ומשקאות בע,,,יח`,1,יח`,false,1,15.90,15.90,false,1,
7290017918143,false,לבבות קיסר,ביכורי השדה הצפון בעמ` 1964,,,יח`,1,,false,1,8.90,8.90,false,1,
7290018091104,false,מאמאמיה פיצה שוק דקה 440 גרם,תנובה מרכז שיתופי לשיווק תוצרת,,,יח`,4.40,ארגז,false,1,25.90,5.89,false,1,
7290018091111,false,מאמאמיה פיצה זיתים עבה 510 גרם,תנובה מרכז שיתופי לשיווק תוצרת,,,יח`,5.10,ארגז,false,1,25.90,5.08,false,1,
7290018091302,false,מאמאמיה פיצה בלקנית דקה 440 גרם,תנובה מרכז שיתופי לשיווק תוצרת,,,יח`,4.40,ארגז,false,1,25.90,5.89,false,1,
7290018091470,false,גלילת ביסקוויטים בטעם שוקולד 300 גרם מעדנות,תנובה מרכז שיתופי לשיווק תוצרת,,,יח`,5,ארגז,false,10,19.90,3.98,false,1,
7290018091500,false,מאמאמיה פיצה חריפה דקה 410 גרם,תנובה מרכז שיתופי לשיווק תוצרת,,,יח`,4.10,ארגז,false,1,25.90,6.32,false,1,
7290018091708,false,מאמאמיה פיצה נפוליטנה דקה 470 גרם,תנובה מרכז שיתופי לשיווק תוצרת,,,יח`,4.70,ארגז,false,1,25.90,5.51,false,1,
7290018091906,false,מאמאמיה פיצה נפוליטנה דקה 470 גרם,תנובה מרכז שיתופי לשיווק תוצרת,,,יח`,4.70,ארגז,false,1,25.90,5.51,false,1,
7290018294901,false,"יין מונלייט אדום יבש 750 מ""ל כרמל",יקבי כרמל Carmel Winery,,,יח`,7.50,"ל-100 מ""ל",false,1,34.90,4.61,false,1,
7290018440247,false,תה צ'אי שקדים0 25 שקיקים ויסוצקי,תה ויסוצקי (ישראל) בעמ,,,יח`,0.50,ארגז,false,1,24.10,48.20,false,1,
7290018471050,false,"ספרינג נקטר אגס תפוח סברס פחית 330 מ""ל",יפאורה - שותפות מוגבלת לשיווק,,,יח`,3.30,"ל-100 מ""ל",false,1,5.90,1.70,false,1,
7290018652770,false,טילון אקסטרים בייגלה מתוק מלוח 115 גרם,נגה גלידות שותפות מוגבלת,,,יח`,1.15,ארגז,false,1,11,9.57,false,1,
7290018652909,false,מאגדת מאגנום קפה שוקולד ופקאן 5 *43 ג' נסטלה,נגה גלידות שותפות מוגבלת,,,יח`,0.43,ארגז,false,1,34.90,81.16,false,1,
7290018652923,false,מאגדת תות עוגת גבינה שוקולד 5 *43 ג' נסטלה,נגה גלידות שותפות מוגבלת,,,יח`,0.43,ארגז,false,1,34.90,81.16,false,1,
7290018703496,false,פראוד - חטיף חלבון בטעם בננה טופי 60 גרם,דיפלומט מפיצים (1968) בעמ**,,,יח`,0.60,ארגז,false,1,11.90,19.83,false,1,
7290018893111,false,צ'וקטה שוקולד מריר בלגי 70% 100 גרם,ש. שסטוביץ בע`מ,,,יח`,1,,false,1,9.90,9.90,false,1,
7290018893272,false,צוקטה בונבוניירה צדפות בלגי יוגטה 125 גרם,ש. שסטוביץ בע`מ,,,יח`,1.25,ארגז,false,1,14.90,11.92,false,1,
7290018893340,false,מקלות אפויים בתוספת שומשום Salty,ש. שסטוביץ בע`מ,,,יח`,1.20,ארגז,false,1,7.90,6.58,false,1,
7290018893494,false,עלי וופל דקים בטעם חמאה צ'וקטה 100 גרם,דיסטרופר אוליבייר,,,יח`,1,ארגז,false,12,9.90,9.90,false,1,
7290018893807,false,צוקטה בטעם שוקולד מריר 60% 3 יח' 300 גרם,אייברקקאו אס אי. יו,,,יח`,1,יח`,false,1,11.90,11.90,false,1,
7290018893852,false,חטיפי בייגלה דקיקים ופריכים שומשום צ'וקטה 200 ג',ש. שסטוביץ בע`מ,,,יח`,2,ארגז,false,1,7.50,3.75,false,1,
7290018893937,false,לוקיטוס סוכריות ג'לי בטעמי פירות 300 גרם,ש. שסטוביץ בע`מ,,,יח`,3,ארגז,false,1,9.90,3.30,false,1,
7290018894248,false,צ'וקטה - שוקולד חלב שלישייה 3 * 100 גרם,ש. שסטוביץ בע`מ,,,יח`,1,יח`,false,1,12.90,12.90,false,1,
7290019056065,false,שוופס מוגז עדין פירות יער 1.5 ליטר פיקדון,יפאורה - שותפות מוגבלת לשיווק,,,יח`,15,"ל-100 מ""ל",false,1,9,0.58,false,1,
7290019056096,false,שוופס מוגז עדין אפרסק 1.5 ליטר פיקדון,יפאורה - שותפות מוגבלת לשיווק,,,יח`,15,"ל-100 מ""ל",false,1,8.90,0.57,false,1,
7290019056164,false,שוופס סודה 1.5 ליטר רביעייה פיקדון,יפאורה - שותפות מוגבלת לשיווק,,,יח`,60,"ל-100 מ""ל",false,1,14.30,0.22,false,1,
7290019056355,false,תפוזינה לימונדה מיקס לימונענע 1.5 ליטר,יפאורה - שותפות מוגבלת לשיווק,,,יח`,15,"ל-100 מ""ל",false,1,9.30,0.60,false,1,
7290019056577,false,ספרינג קל מנגו 1.5 ליטר פיקדון,יפאורה - שותפות מוגבלת לשיווק,,,יח`,15,"ל-100 מ""ל",false,1,9.30,0.60,false,1,
7290019056645,false,משקה קל ספרינג 1.5 ליטר אגס תפוח סברס,יפאורה - שותפות מוגבלת לשיווק,,,יח`,15,"ל-100 מ""ל",false,1,9.30,0.60,false,1,
7290019056966,false,מי עדן בקבוק פיקדון 1.5 ליטר,תבורי-שותפות מוגבלת לשיווק,,,יח`,15,"ל-100 מ""ל",false,1,2.90,0.17,false,1,
7290019056973,false,מי עדן שישיה בק `1.5ליטר פיקדון,יפאורה - שותפות מוגבלת לשיווק,,,יח`,90,"ל-100 מ""ל",false,1,16.70,0.17,false,1,
7290019167020,false,עוגת גבינה עם פירות יער לייט עדן קינוחים 82 גרם,"תנובה בע""מ ***",,,יח`,8.20,ארגז,false,1,7.50,0.91,false,1,
7290019167037,false,תותים בקצפת 82 גרם עדן קינוחים,תנובה בעמ ***,,,יח`,8.20,ארגז,false,1,7.50,0.91,false,1,
7290019167044,false,קצפת עם קרם בייגלה מתוק מלוח עדן קינוחים 82 גרם,תנובה בעמ ***,,,יח`,8.20,ארגז,false,1,7.50,0.91,false,1,
7290100243671,false,"מרכך כביסה מרוכז אקסטרה כחול בדין 960 מ""ל",יוניליוור ישראל שיווק בע`מ,,,יח`,96,"ל-100 מ""ל",false,1,17.90,0.19,false,1,
7290100680728,false,פירורית רגילה שקית 350 גרם,קבוצת אוסם סחר שותפות מוגבלת,,,יח`,3.50,ארגז,false,1,8.10,2.31,false,1,
7290100681138,false,מארז אפרופו חטיף תירס 3 יחידות,קבוצת אוסם סחר שותפות מוגבלת,,,יח`,1.50,ארגז,false,1,15.90,10.60,false,1,
7290100684139,false,פסטה מיני מקרוני אסם (500 גרם),קבוצת אוסם סחר שותפות מוגבלת,,,יח`,5,ארגז,false,1,5.90,1.18,false,1,
7290100687109,false,במבה במילוי קרם נוגט 60ג' אסם,קבוצת אוסם סחר-שות.מוגבלת,,,יח`,0.60,ארגז,false,1,5,8.33,false,1,
7290100700020,false,גריסי פנינה סוגת (500 גרם),האי נאם סי או אל.טי.,,,יח`,5,ארגז,false,1,6.80,1.36,false,1,
7290100700075,false,פירורי לחם מוזהבים סוגת (200 גרם),"סוגת תעשיות בע""\מ",,,יח`,2,ארגז,false,1,4.60,2.30,false,1,
7290100700396,false,"אורז יסמין קלאסי סוגת 1 ק""ג",האי נאם סי או אל.טי.,,,יח`,10,ארגז,false,1,13.90,1.39,false,1,
7290100700587,false,"בורגול ""סוגת"" 500 גרם",האי נאם סי או אל.טי.,,,יח`,5,ארגז,false,1,6.80,1.36,false,1,
7290100702741,false,"סוכר חום בהיר צנצנת 1ק""ג מהדורה מוגבלת",סוגת תעשיות בעמ,,,יח`,10,ארגז,false,1,9.90,0.99,false,1,
7290100850916,false,דוריטוס חמוץ חריף מעודן 70 גרם כשר לפסח,"שטראוס פריטו ליי בע""\מ )",,,יח`,0.70,ארגז,false,1,5,7.14,false,1,
7290100850923,false,חטיף תירס גריל דוריטוס (70 גרם),"שטראוס פריטו ליי בע""\מ )",,,יח`,0.70,ארגז,false,1,4.50,6.43,false,1,
7290100850930,false,חטיף תירס בטעם טבעי דוריטוס (70 גרם),"שטראוס פריטו ליי בע""\מ )",,,יח`,0.70,ארגז,false,1,5,7.14,false,1,
7290101500506,false,פטרוזיליה ארוזה,ביכורי השדה הצפון בעמ` 1964,,,יח`,0,יח`,false,1,4.90,4.90,false,1,
7290101500513,false,שמיר ארוז,ביכורי השדה צפון 1994 ג.ד. בעמ,,,יח`,1,,false,1,4.90,4.90,false,1,
7290101500520,false,כוסברה ארוזה,ביכורי השדה הצפון בעמ` 1964,,,יח`,1,,false,1,4.90,4.90,false,1,
7290101500537,false,נענע ארוזה,ביכורי השדה הצפון בעמ` 1964,,,יח`,1,,false,1,4.90,4.90,false,1,
7290101500551,false,סלרי אמריקאי ארוז,ביכורי השדה הצפון בעמ` 1964,,,יח`,1,,false,1,5.90,5.90,false,1,
7290101500568,false,שורש סלרי ארוז,ביכורי השדה הצפון בעמ` 1964,,,יח`,1,,false,1,5.90,5.90,false,1,
7290101501138,false,כרובית ארוזה יחידה,ביכורי השדה צפון 1994 ג.ד. בעמ,,,"ק""ג",1,,true,1,9.90,9.90,false,1,
7290101501176,false,פלפלונים רמי לוי,ביכורי השדה הצפון בעמ` 1964,,,יח`,1,,false,1,8.90,8.90,false,1,
7290101501305,false,מלפפונים קטנים ארוזי,ביכורי השדה הצפון בעמ` 1964,,,יח`,1,,false,1,9.90,9.90,false,1,
7290101501589,false,שורש ג'ינג'ר טרי יחידה ב,ביכורי השדה צפון 1994 ג.ד. בעמ,,,יח`,2,ארגז,false,1,9.90,4.95,false,1,
7290101864127,false,ספריי להסרת כתמים וניש קליה (750 מל),רקיט בנקיזר (ניר איסט) בעמ,,,יח`,7.50,"ל-100 מ""ל",false,1,15.90,2.12,false,1,
7290102030330,false,תפוצ`יפס אקסטרא מקסיקני 200 גרם +20 תו,"שטראוס פריטו ליי בע""\מ )",,,יח`,2,ארגז,false,1,12.90,6.45,false,1,
7290102031276,false,מארז 8 יחידות אקטימל משקה יוגורט בטעם תות בננה,שטראוס גרופ בעמ/מצונן,,,יח`,8,"ל-100 מ""ל",false,6,24.90,3.11,false,1,
7290102390427,false,יוגורט ביו עם קציפת תות 3% שומן 150 ג' מולר,החברה המרכזית טלהפצת משקאות בע,,,יח`,1.50,"ל-100 מ""ל",false,1,6.90,4.60,false,1,
7290102390465,false,יוגורט ביו עם קציפת אפרסק ופסיפלורה 3% שומן 150 ג' מולר,החברה המרכזית טלהפצת משקאות בע,,,יח`,1.50,"ל-100 מ""ל",false,1,6.90,4.60,false,1,
7290102390489,false,יוגורט ביו עם קציפת לימון 3% שומן 150 ג' מולר,*החברה המרכזית להפצת משקאותבעמ,,,יח`,1.50,"ל-100 מ""ל",false,1,6.90,4.60,false,1,
7290102392094,false,חלב עיזים 3.7% בקרטון משק צוריאל 1 ליטר,החברה המרכזית טלהפצת משקאות בע,,,יח`,10,"ל-100 מ""ל",false,1,16.60,1.66,false,1,
7290102393039,false,"יוגורט ביו קרמי מיקס פצפוצי שוקולד 7.6% מולר 170 מ""ל",*החברה המרכזית להפצת משקאותבעמ,,,יח`,1.50,"ל-100 מ""ל",false,1,6.90,4.60,false,1,
7290102393190,false,"יוגורט סימפלי פרוט בטעם פירות יער 3% מולר 150 מ""ל",*החברה המרכזית להפצת משקאותבעמ,,,יח`,1.50,ארגז,false,1,5,3.33,false,1,
7290102393299,false,יוגורט עיזים לשתייה 3% משק צוריאל 500 גרם,*החברה המרכזית להפצת משקאותבעמ,,,יח`,5,ארגז,false,1,13.90,2.78,false,1,
7290102394821,false,גבינה צהובה 28% דק דק לפתיחה חוזרת 200,החברה המרכזית טלהפצת משקאות בע,,,יח`,2,ארגז,false,1,15.90,7.95,false,1,
7290102394845,false,נעם גבינה צהובה לייט פרוסה דק דק 9% טרה 200 גרם,*החברה המרכזית להפצת משקאותבעמ,,,יח`,2,ארגז,false,1,19.90,9.95,false,1,
7290102396665,false,צהובה פרוסות דקדק פתח סגור 15% 200 גר`,*החברה המרכזית להפצת משקאותבעמ,,,יח`,2,ארגז,false,1,17.90,8.95,false,1,
7290102397204,false,גבינה צהובה נעם דק דק פתח סגור 200 גר,*החברה המרכזית להפצת משקאותבעמ,,,יח`,2.20,ארגז,false,1,17.90,8.14,false,1,
7290102397464,false,יוגורט ביו בתוספת גרעינים אגוזים וחמוציות 170 ג' מולר,החברה המרכזית טלהפצת משקאות בע,,,יח`,1.50,"ל-100 מ""ל",false,1,6.90,4.60,false,1,
7290102397600,false,מיקס יוגורט בתוספת שקדים ובוטנים מקורמלים 170 ג' מולר,החברה המרכזית טלהפצת משקאות בע,,,יח`,1.50,"ל-100 מ""ל",false,1,6.90,4.60,false,1,
7290102397730,false,פרוסות גבינה אמנטל חצי קשה 30% שומן 200 ג' נעם,*החברה המרכזית להפצת משקאותבעמ,,,יח`,2,ארגז,false,1,19.90,9.95,false,1,
7290102397747,false,פרוסות גבינת מוצרלה נעם מחלב בקר 22%,*החברה המרכזית להפצת משקאותבעמ,,,יח`,2,ארגז,false,1,19.90,9.95,false,1,
7290102398065,false,חלב טרה בקרטון 2 ליטר מהדרין 3% - מוצר בפיקוח,*החברה המרכזית להפצת משקאותבעמ,,,יח`,2,"ל-100 מ""ל",false,1,11.88,5.94,false,1,
7290102398577,false,משקה חלב בטעם שוקו 2% בבקבוק אישי,החברה המרכזית טלהפצת משקאות בע,,,יח`,2.50,"ל-100 מ""ל",false,1,7.90,3.16,false,1,
7290102399772,false,מולר ספרדבל-ממרח חמאת מולר במליחות עדינה 250 גרם,החברה המרכזית טלהפצת משקאות בע,,,יח`,2.50,ארגז,false,1,18.90,7.56,false,1,
7290102399796,false,מעדן יוגורט לבן מועשר בחלבון 200 ג' מולר אקטיב,*החברה המרכזית להפצת משקאותבעמ,,,יח`,2,ארגז,false,1,6.90,3.45,false,1,
7290103121600,false,ספיד סטיק 24/7 דאו ספריי קול פיוזן 150 מ,קולגייט פלמוליב,,,יח`,1.65,ארגז,false,1,14.90,9.03,false,1,
7290103401429,false,קפה קצב ברזילאי אוריגינס 200 גר,הנסיך- מפעל לייצור ט,,,יח`,2,ארגז,false,6,24.90,12.45,false,1,
7290103408206,false,עלי חסה ערבית שטופים 250 גר טעם הטבע,ביכורי השדה הצפון בעמ` 1964,,,יח`,1,,false,1,11.90,11.90,false,1,
7290104061417,false,סלט חומוס עם טחינה אחלה 400 גרם,שטראוס גרופ בעמ/מצונן,,,יח`,4,ארגז,false,6,11.90,2.98,false,1,
7290104064012,false,חטיף פסק זמן GOOD שוקולד לבן גוד 36 גרם,שולן צ'יקולטה גידה ס,,,יח`,0.36,ארגז,false,1,4.90,13.61,false,1,
7290104068539,false,מאסט פליפטופ מלון ואבטיח ללא גרעינים,שטראוס גרופ בע`מ,,,יח`,1,,false,16,4.60,4.60,false,1,
7290104500572,false,אפרופו חטיף תירס איטליאנו אסם 50 גרם,קבוצת אוסם סחר-שות.מוגבלת,,,יח`,0.50,ארגז,false,1,5,10,false,1,
7290104570629,false,ממרח גביע ירוק 450 ג' ירדן,מ.ד אטיאס סוכנויות מזון בע`מ,,,יח`,4.50,ארגז,false,1,6.40,1.42,false,1,
7290104721762,false,מארז שלשות קפה טורקי עלית 85 ג',"שטראוס גרופ בע""מ",,,יח`,1,,false,1,20.90,20.90,false,1,
7290104722530,false,תפוצ'יפס בטעם שמנת בצל עלית 200 גרם,"שטראוס פריטו ליי בע""\מ )",,,יח`,2,ארגז,false,1,12.90,6.45,false,1,
7290104729003,false,"יד מרדכי - שמן זית כתית מעולה 2 קלאסי 750 מ""ל",מכוורת יד מרדכי שטרא,,,יח`,7.50,"ל-100 מ""ל",false,1,34.90,4.65,false,1,
7290104960239,false,תחליב רחצה בניחוח קמומיל נקה (7507 מל),טרופיקל דגיל תעשיות קוסמ,,,יח`,7.50,ל-100 גרם,false,12,11.90,1.59,false,1,
7290105363602,false,מקלות כיף כף קלאסי עלית (40 גרם),שולן צ'\יקולטה גידה סאן.,,,יח`,0.40,ארגז,false,8,5.20,13,false,1,
7290105364302,false,"עלית חטיף שוקולד כיף כף מקלות אגוזים, 40 גרם",שולן צ'\יקולטה גידה סאן.,,,יח`,0.42,ארגז,false,8,5.50,13.10,false,1,
7290105369130,false,סימפוניה גבינת שמנת בצל ירוק 5% שטראוס 200 גרם,שטראוס גרופ בעמ/מצונן,,,יח`,2,ארגז,false,12,12.90,6.45,false,1,
7290105439598,false,מאסטר שף חרדל דיז'ון גרגירים 370 גר כשלפ,סאס קווינור צרפת,,,יח`,3.70,ארגז,false,1,13.90,3.76,false,1,
7290105693341,false,מארז עשיריית במבה אסם 25*10 גרם,קבוצת אוסם סחר שותפות מוגבלת,,,יח`,2.50,ארגז,false,1,17.90,7.16,false,1,
7290105693952,false,פירורית זהב אסם זהב שומשום 200 ג',קבוצת אוסם סחר שותפות מוגבלת,,,יח`,2,ארגז,false,1,6.90,3.45,false,1,
7290105964564,false,חומוס אחלה 400 גרם. שטראוס,שטראוס גרופ בעמ/מצונן,,,יח`,4,ארגז,false,6,9.50,2.38,false,1,
7290106520066,false,"רבע לשבע שוקולד חלב במילוי אגוזים עלית 160 גרם בד""צ","הגביע מוצרי וופלים בע""\מ",,,יח`,1.60,ארגז,false,1,12.90,8.06,false,1,
7290106520288,false,יוגורט פרו חלבון עם תות 2.4% שומן 150 ג' דנונה,שטראוס גרופ בעמ/מצונן,,,יח`,1.50,"ל-100 מ""ל",false,12,5.90,3.93,false,1,
7290106524439,false,חטיף פופס תפוצ`יפס (60 גרם),"שטראוס פריטו ליי בע""\מ )",,,יח`,0.60,ארגז,false,1,5,8.33,false,1,
7290106525399,false,קפסולות 06 ברזיל למכונות נספרסו עלית 10יח',הנסיך- מפעל לייצור ט,,,יח`,0.50,ארגז,false,12,18.90,37.80,false,1,
7290106528567,false,חטיף תירס גריל דוריטוס (185 גרם),"שטראוס פריטו ליי בע""\מ )",,,יח`,1.85,ארגז,false,1,10.90,5.89,false,1,
7290106528628,false,חטיף תירס בטעם טבעי דוריטוס (185 גרם),"שטראוס פריטו ליי בע""\מ )",,,יח`,1.85,ארגז,false,1,10.90,5.89,false,1,
7290106528949,false,סלט ערוגות שטראוס 450 גר`-טעם הטבע,ביכורי השדה הצפון בעמ` 1964,,,יח`,3,ארגז,false,1,13.90,4.63,false,1,
7290106572959,false,אפרופו חטיף קלאסי 5חי*25גר,קבוצת אוסם סחר שותפות מוגבלת,,,יח`,1.25,ארגז,false,1,16.90,13.52,false,1,
7290106574120,false,גומי גם קרחון שרבט עם סוכריות 90 גר`נסט,נגה גלידות שותפות מוגבלת,,,יח`,0.90,ארגז,false,1,7,7.78,false,1,
7290106574953,false,בייגלה שטוחים כעכים שטוחים עם שומשום,קבוצת אוסם סחר שותפות מוגבלת,,,יח`,3,ארגז,false,1,10.90,3.63,false,1,
7290106575431,false,עוגת הבית סופלה בטעם שוקולד וניל 340 ג',קבוצת אוסם סחר-שות.מוגבלת,,,יח`,3.40,ארגז,false,1,12.90,3.79,false,1,
7290106577541,false,צבר כרוב אדום מרובע 400גרם,קבוצת אוסם סחר-שות.מוגבלת,,,יח`,4,ארגז,false,1,13.40,3.35,false,1,
7290106578692,false,ביסלי במבה מיקס מהדורת אליפות אסם 80 גרם,קבוצת אוסם סחר שותפות מוגבלת,,,יח`,0.80,ארגז,false,1,5,6.25,false,1,
7290106653504,false,סבבה בוטנים אמריקאים ברביקיו 50 גרם,שטראוס פריטו ליי בע`מ,,,יח`,0.50,ארגז,false,1,2.10,4.20,false,1,
7290106653689,false,לקט לסלט אסייתי 350 גר`-טעם הטבע,ביכורי השדה הצפון בעמ` 1964,,,יח`,2.50,ארגז,false,1,10.90,4.36,false,1,
7290106656734,false,"עוגיות חיוכים וניל עלית 600 גרם בד""צ",אפיפית נצרת תעשיות ב,,,יח`,6,ארגז,false,1,19.20,3.20,false,1,
7290106663503,false,קונפיטורת תות לייט יד מרדכי (230 גרם),אף.סי תבליני בגליל ב,,,יח`,2.30,ארגז,false,6,14.90,6.48,false,1,
7290106666788,false,עלית - סוכריות נוסטלגיה דבש ממולאות 80 גרם,"שטראוס גרופ בע""מ",,,יח`,1,,false,1,5.90,5.90,false,1,
7290106667266,false,חטיף תירס חמוץ חריף דוריטוס (185 גרם),"שטראוס פריטו ליי בע""\מ )",,,יח`,1.85,ארגז,false,1,10.90,5.89,false,1,
7290106669857,false,קפסולות אספרסו בטעם וניל עלית 10 יחידות,הנסיך- מפעל לייצור ט,,,יח`,0.50,ארגז,false,12,18.90,37.80,false,1,
7290106720626,false,חטיף תירס בטעם גבינה צ`יטוס (80 גרם),"שטראוס פריטו ליי בע""\מ )",,,יח`,0.80,ארגז,false,1,5,6.25,false,1,
7290106721920,false,צנצנת מסטיק מאסט בטעם ספירמינט עדין 66 ג' עלית,"שטראוס גרופ בע""\מ.",,,יח`,1,,false,12,11.50,11.50,false,1,
7290106725867,false,סירופ מייפל טהור ללס יד מרדכי 189 גר,"שטראוס גרופ בע""מ",,,יח`,0.18,"ל-100 מ""ל",false,1,29.90,166.11,false,1,
7290106727984,false,"כיף כף פצפצים בגביע 135 גרם ""עלית""",שולן צ'\יקולטה גידה סאן.,,,יח`,1.35,ארגז,false,24,12.90,9.56,false,1,
7290107280570,false,סנו - מקסימה ג'ל כביסה מרוכז לכביסה צבעונית 3 ליטר,החברה הדרומית לשיווק בעמ,,,יח`,30,"ל-100 מ""ל",false,6,29.90,1,false,1,
7290107280761,false,נוזל לניקוי כלים בניחוח לימון רענן סנו ספארק Spark,החברה הדרומית לשיווק בעמ,,,יח`,10,"ל-100 מ""ל",false,1,12.90,1.29,false,1,
7290107646147,false,"חטיף שוגי קורנפלקס תלמה 156 גרם מארז 6 יחידות בד""צ",יוניליוור ישראל שיווק בע`מ,,,יח`,1.56,ארגז,false,1,14.90,9.55,false,1,
7290107646154,false,"חטיף קוקומן פצפוצים תלמה 126 גרם מארז 6 יחידות בד""צ","יוניליוור ישראל שיווק בע""מ",,,יח`,1.56,ארגז,false,1,14.90,9.55,false,1,
7290107646826,false,"חטיף שוגי שוקו תלמה 156 גרם מארז 6 יחידות בד""צ","יוניליוור ישראל שיווק בע""מ",,,יח`,1.56,ארגז,false,1,14.90,9.55,false,1,
7290107647816,false,"ברנפלקס ללא תוספת סוכר תלמה בד""ץ 500 גרם","יוניליוור ישראל שיווק בע""מ",,,יח`,5,ארגז,false,1,25.90,5.18,false,1,
7290107647854,false,"שוגי מופחת סוכר תלמה 500 ג' בד""צ",יוניליוור ישראל שיווק בע`מ,,,יח`,5,ארגז,false,1,22.90,4.58,false,1,
7290107649681,false,טילון פסק זמן - נוגט קראנץ',"מיוצר ע""\י גלידת שטראוס",,,יח`,0.64,ארגז,false,1,6.90,10.78,false,1,
7290107649780,false,שוקובו שוקולד 85 גרם,"מיוצר ע""\י גלידת שטראוס",,,יח`,0.85,ארגז,false,1,8.90,10.47,false,1,
7290107649858,false,טילון סופר מגנום וניל ושוקלד לבן,"מיוצר ע""\י גלידת שטראוס",,,יח`,1,ארגז,false,1,10.90,10.90,false,1,
7290107871990,false,פסטה צינורות מהדרין אסם (500 גרם),קבוצת אוסם סחר שותפות מוגבלת,,,יח`,5,ארגז,false,1,6.50,1.30,false,1,
7290107879132,false,פריכיות פיטנס מיני פריכיות שוקולד חלב 22 ג',קבוצת אוסם סחר שותפות מוגבלת,,,יח`,0.22,ארגז,false,40,4.90,22.27,false,1,
7290107879521,false,קרחון לה פרוטה שרבט תות מאגדת 5יח',נגה גלידות שותפות מוגבלת,,,יח`,3.50,ארגז,false,1,19.90,5.69,false,1,
7290107879668,false,קרחון שרבט תות לה פרוטה נסטלה 70 גרם,נגה גלידות שותפות מוגבלת,,,יח`,0.70,ארגז,false,1,7,10,false,1,
7290107932080,false,חלב 3% מועשר בבקבוק יטבתה (1 ליטר),שטראוס גרופ בעמ/מצונן,,,יח`,10,"ל-100 מ""ל",false,12,7.90,0.79,false,1,
7290107936309,false,דנונה יוגורט 7% יווני לבן 130 ג',שטראוס גרופ בעמ/מצונן,,,יח`,1.30,ארגז,false,24,3.90,3,false,1,
7290107936958,false,עד חצות ביסקוויט אצבעות שוקולד 125 גרם,ביסקוויטס טור ד'\אלבון,,,יח`,1.25,ארגז,false,12,13.90,11.12,false,1,
7290107937641,false,צנצנת קוביות בזוקה גומי לעיסה 58גר,אסקום קונפקשיין,,,יח`,1,,false,12,11.50,11.50,false,1,
7290107940467,false,אקטיביה יוגורט קרמי 1.5% דנונה (200 גרם),שטראוס גרופ בעמ/מצונן,,,יח`,2,"ל-100 מ""ל",false,24,5.90,2.95,false,1,
7290107951104,false,בפלות ופלים ארוכים בטעם שוקולד,"שטראוס גרופ בע""\מ",,,יח`,2,ארגז,false,27,5.90,2.95,false,1,
7290107954976,false,משקה חלב PRO עם קפה 1.5% 25 גרם חלבון בבקבוק,שטראוס גרופ בעמ/מצונן,,,יח`,3.50,"ל-100 מ""ל",false,6,6.90,1.97,false,1,
7290107956543,false,דבש טהור מפרחי בר 900 ג' יד מרדכי,שטראוס גרופ בע`מ,,,יח`,1,,false,6,49.90,49.90,false,1,
7290107957069,false,"מסטיק ע""למה ""בטעם אוכניות 66 גרם צנצנת ""עלית""","שטראוס גרופ בע""\מ",,,יח`,1,,false,12,11.50,11.50,false,1,
7290107957076,false,"מסטיק ""עלמה"" בטעם ספירמנט 66 גרם צנצנת ""עלית""","שטראוס גרופ בע""\מ",,,יח`,1,,false,12,11.50,11.50,false,1,
7290107958035,false,יוגורט במתיקות מעודנת 2% ללא תוספת סוכר- מארז 8 יח,שטראוס גרופ בעמ/מצונן,,,יח`,1.20,ארגז,false,1,19.30,16.08,false,1,
7290107973038,false,"סבון ידיים משאבה פלמוליב אקווריום 300 מ""ל",הנסיך- מפעל לייצור ט,,,יח`,3,ארגז,false,1,10.90,3.63,false,1,
7290107973861,false,מאסטר שף עגבניות קצוצות דק שלישיה 400ג*3 כשלפ,קונסרזיו קאסאלאסקו ד,,,יח`,1.20,ארגז,false,1,16.90,14.08,false,1,
7290107974073,false,מנה עלי טורטיה קמח לבן מ.שף 20 סמ 320 גר,אלקאטי קורביישיסי גי,,,יח`,3.20,ארגז,false,1,9.90,3.09,false,1,
7290107975346,false,ספיד סטיק - דאודורנט ג'ל לגבר כוח הטבע 85 גרם,קולגייט-פלמוליב,,,יח`,0.85,ארגז,false,1,25.90,30.47,false,1,
7290107976848,false,פלמוליב סבון מוצק קמומיל רביעייה 360 ג,קולגייט-פלמוליב,,,יח`,3.60,ארגז,false,1,17.90,4.97,false,1,
7290107978330,false,איטריות דקות מאסטר שף 400 גרם,הדקלאים אגודת שיתופי,,,יח`,4,ארגז,false,1,6.90,1.73,false,1,
7290108201437,false,"אבקת כביסה קולון 101 2.5 ק""ג",רקיט בנקיזר (ניר איסט) בעמ,,,יח`,25,ארגז,false,1,15.90,0.64,false,1,
7290108350128,false,סנו סושי שקיות אשפה חזקות במיוחד 40 יח',החברה הדרומית לשיווק בעמ,,,יח`,1,,false,12,23.90,23.90,false,1,
7290108350531,false,סנו ספארק נוזל כלים בניחוח קלאסי עם משאבה 1 ל',מיוצר עי קונדיטוריית,,,יח`,10,"ל-100 מ""ל",false,12,12.90,1.29,false,1,
7290108350555,false,נוזל כלים סנו ספארק Spark היפואלרגני פריחת השקד,החברה הדרומית לשיווק בעמ,,,יח`,10,"ל-100 מ""ל",false,1,12.90,1.29,false,1,
7290108350616,false,סנו - מקסימה מרכך כביסה מרוכז פריחה כחולה 1 ליטר,החברה הדרומית לשיווק בעמ,,,יח`,7.50,"ל-100 מ""ל",false,12,19.90,2.65,false,1,
7290108351613,false,סנו ריצפז פרש הום 2 ליטר בניחוח מלון חלומי,החברה הדרומית לשיווק בעמ,,,יח`,20,"ל-100 מ""ל",false,8,18.90,0.95,false,1,
7290108351811,false,מרכך כביסה סופר מרוכז Floral touch סנו מקסימה 1 ליטר,החברה הדרומית לשיווק בעמ,,,יח`,10,"ל-100 מ""ל",false,12,18.90,1.89,false,1,
7290108352207,false,מקסימה 40 קפסולות לכביסה בניחוח fresh burst,החברה הדרומית לשיווק בעמ,,,יח`,12,ארגז,false,1,34.90,2.91,false,1,
7290108352290,false,שלישיית מטליות לחיטוי ולניקוי יסודי לחדר האמבטיה סדרת 99.9%,החברה הדרומית לשיווק בעמ,,,יח`,1,,false,1,19.90,19.90,false,1,
7290108352900,false,מגבות נייר בגליל כפול סנו סושי 12=6 גלילים,החברה הדרומית לשיווק בעמ,,,יח`,25.50,ארגז,false,1,20.90,0.82,false,1,
7290108353686,false,מטלית חלומית לרצפה סנו סושי 1 יחידה,החברה הדרומית לשיווק בעמ,,,יח`,1,,false,12,11.90,11.90,false,1,
7290108353839,false,סושי כפפות ניטריל שחורות 80 יחידות M,החברה הדרומית לשיווק בעמ,,,יח`,1,,false,1,24.90,24.90,false,1,
7290108356106,false,כיף תחליב רחצה חלב שקדים 700 מל,החברה הדרומית לשיווק בעמ,,,יח`,7,"ל-100 מ""ל",false,12,12.90,1.84,false,1,
7290108356113,false,תחליב רחצה כיף ניחוח דבש 700 מל,החברה הדרומית לשיווק בעמ,,,יח`,7,"ל-100 מ""ל",false,12,10,1.43,false,1,
7290108359015,false,סושי שקיות זיפר עם סליידר 20 יח מדיום,החברה הדרומית לשיווק בעמ,,,יח`,1,יח`,false,1,14.90,14.90,false,1,
7290108359046,false,שקיות אשפה EXTRA חזקאות במיוחד XXL סנו סושי 20 יח',החברה הדרומית לשיווק בעמ,,,יח`,1,יח`,false,1,24.90,24.90,false,1,
7290108359176,false,סופט ממחטות אף צמד בשקית לושן 3 שכבות,החברה הדרומית לשיווק בעמ,,,יח`,1,יח`,false,1,12.90,12.90,false,1,
7290108420401,false,"תמר מג'הול 1 ק""ג",ביכורי השדה הצפון בעמ` 1964,,,יח`,1,יח`,false,1,19.90,19.90,false,1,
7290108507287,false,סלק מבושל בוואקום 500 גרם ויליפוד,ביכורי השדה הצפון בעמ` 1964,,,יח`,0.45,ארגז,false,1,9.90,22,false,1,
7290108509205,false,ויליפוד חטיף אורז אפוי בטעם טבעי לתינוקות 50 גר',ג. וילי-פוד אינטרנשיונל בע`מ,,,יח`,0.50,ארגז,false,1,11.90,23.80,false,1,
7290108509267,false,ארוחת פסטה עם רוטב גבינה ויליפוד 206 גרם,ג. וילי-פוד אינטרנשיונל בע`מ,,,יח`,2.06,ארגז,false,1,8.90,4.32,false,1,
7290108509571,false,גבינה פטה 24% עם צ'ילי ופפריקה 153 גרם ויליפוד,ג.וילי-פוד אינטרנשיונל **גבינו,,,יח`,1.53,ארגז,false,1,15.90,10.39,false,1,
7290108509588,false,גבינה פטה 24% עם עשבי תיבול 153 גרם ויליפוד,ג.וילי-פוד אינטרנשיונל **גבינו,,,יח`,1.53,ארגז,false,1,15.90,10.39,false,1,
7290108509595,false,גבינה פטה 24% עגבניות מיובשות וריחן 153 גרם ויליפוד,ג.וילי-פוד אינטרנשיונל **גבינו,,,יח`,1.53,ארגז,false,1,15.90,10.39,false,1,
7290108509755,false,EURO גבינת חלומי 23% שומן 250 גרם,ג.וילי-פוד אינטרנשיונל **גבינו,,,יח`,2.50,ארגז,false,1,23.90,9.56,false,1,
7290109351209,false,קרחון שרבט אננס תפוז לה פרוטה נסטלה 70 גרם,נגה גלידות שותפות מוגבלת,,,יח`,0.70,ארגז,false,1,7,10,false,1,
7290109353272,false,פסטה ספגטי עתירה בסיבים תזונתיים Perfecto,קבוצת אסם סחר שות. מוגבלת,,,יח`,5,ארגז,false,1,6.90,1.38,false,1,
7290109354972,false,אוסם - פתי בר וניל חלבי ללא גלוטן 200 גרם,קבוצת אוסם סחר שותפות מוגבלת,,,יח`,2,ארגז,false,1,11.50,5.75,false,1,
7290109354996,false,פתי בר ללא גלוטן שוקו 200 גרם אסם,קבוצת אוסם סחר שותפות מוגבלת,,,יח`,2,ארגז,false,1,11.90,5.95,false,1,
7290109355504,false,שלגון קראנץ וניל ליבת נוגט נסטלה 100 גרם,נגה גלידות שותפות מוגבלת,,,יח`,1,ארגז,false,1,10,10,false,1,
7290109358260,false,"נקניקיות עם חלבון 600 גר' ""טבעול""",קבוצת אוסם סחר-שות.מוגבלת,,,יח`,6,ארגז,false,1,31.90,5.32,false,1,
7290109580166,false,סרוולד קלאסי פרימיום 150 גרם זוגלובק,נקניק זוגלובק נהריה,,,יח`,1.50,ארגז,false,1,24.90,16.60,false,1,
7290109640372,false,ממרח עם זיתים על בסיס רכיבי קוקוס 9%,קפוא זן תעשיות מזון בעמ,,,יח`,2,ארגז,false,1,15.90,7.95,false,1,
7290109640402,false,ממרח על בסיס קוקוס 9% שומן 200 גרם - משומשו,קפוא זן תעשיות מזון בעמ,,,יח`,2,ארגז,false,1,15.90,7.95,false,1,
7290110110659,false,"ספרייט לימון ליים פחית 330מ""ל",החברה המרכזית להפצת משקאות בעמ,,,יח`,3.30,"ל-100 מ""ל",false,24,7,2.03,false,1,
7290110114855,false,"נביעות מים מינרליים, שישיה 6 * 1.5 ליטר פקדון",החברה המרכזית להפצת משקאות בעמ,,,יח`,90,"ל-100 מ""ל",false,1,15.50,0.15,false,1,
7290110114893,false,מיץ תפוזים מפוסטר סחוט 2 ליטר,*החברה המרכזית להפצת משקאותבעמ,,,יח`,20,"ל-100 מ""ל",false,1,32.90,1.63,false,1,
7290110114961,false,משקה קל בטעם תפוזים פריגת (1.5 ליטר),החברה המרכזית להפצת משקאות בעמ,,,יח`,15,"ל-100 מ""ל",false,12,10.20,0.66,false,1,
7290110115005,false,משקה קל בטעם ענבים פריגת (1.5 ליטר),החברה המרכזית להפצת משקאות בעמ,,,יח`,15,"ל-100 מ""ל",false,12,10.20,0.66,false,1,
7290110115029,false,משקה קל בטעם תפוחים פריגת (1.5 ליטר),החברה המרכזית להפצת משקאות בעמ,,,יח`,15,"ל-100 מ""ל",false,12,10.20,0.66,false,1,
7290110115036,false,משקה קל בטעם מנגו פריגת (1.5 ליטר),החברה המרכזית להפצת משקאות בעמ,,,יח`,15,"ל-100 מ""ל",false,12,10.20,0.66,false,1,
7290110115043,false,משקה קל בטעם לימונענע פריגת (1.5 ליטר),החברה המרכזית להפצת משקאות בעמ,,,יח`,15,"ל-100 מ""ל",false,12,10.20,0.66,false,1,
7290110115203,false,קוקה קולה 1.5 ליטר פיקדון,החברה המרכזית להפצת משקאות בעמ,,,יח`,15,"ל-100 מ""ל",false,12,9.30,0.60,false,1,
7290110115210,false,קוקה קולה דיאט 1.5 ליטר פיקדון,החברה המרכזית להפצת משקאות בעמ,,,יח`,10,"ל-100 מ""ל",false,12,8.80,0.85,false,1,
7290110115227,false,קוקה קולה Zero בקבוק 1.5 ליטר פיקדון,החברה המרכזית להפצת משקאות בעמ,,,יח`,15,"ל-100 מ""ל",false,1,9.80,0.63,false,1,
7290110115265,false,ספרייט לימון ליים 1.5 ליטר-,החברה המרכזית להפצת משקאות בעמ,,,יח`,15,"ל-100 מ""ל",false,12,9.30,0.60,false,1,
7290110115272,false,ZERO ספרייט 1.5 ליטר פיקדון,החברה המרכזית להפצת משקאות בעמ,,,יח`,15,"ל-100 מ""ל",false,12,8.80,0.57,false,1,
7290110115296,false,גזוז בטעם תפוז פאנטה 1.5 ליטר פיקדון,החברה המרכזית להפצת משקאות בעמ,,,יח`,15,"ל-100 מ""ל",false,12,10.30,0.67,false,1,
7290110115364,false,קוקה קולה שישיות 1.5 ליטר פיקדון,החברה המרכזית להפצת משקאות בעמ,,,יח`,90,"ל-100 מ""ל",false,1,54.10,0.58,false,1,
7290110115463,false,פיוז-טי תה אפרסק 1.5 ליטר פיקדון,החברה המרכזית להפצת משקאות בעמ,,,יח`,15,"ל-100 מ""ל",false,12,10.30,0.67,false,1,
7290110115623,false,פיוז-טי תה אפרסק זירו 1.5 ליטר פיקדון,החברה המרכזית להפצת משקאות בעמ,,,יח`,15,"ל-100 מ""ל",false,12,8.90,0.57,false,1,
7290110116200,false,מים 0 קלוריות בטעם לימון-ליים 0.5 ל נביעות,החברה המרכזית להפצת משקאות בעמ,,,יח`,15,"ל-100 מ""ל",false,12,6.90,0.44,false,1,
7290110116569,false,ספרייט זירו 1.5 ליטר LEMON HIT פיקדון,החברה המרכזית להפצת משקאות בעמ,,,יח`,15,"ל-100 מ""ל",false,12,8.80,0.57,false,1,
7290110320591,false,גבינה בולגרית במרקם מעודן 16% פיראוס,"תנובה בע""מ ***",,,יח`,2.50,ארגז,false,1,25.90,10.36,false,1,
7290110320850,false,פתיתים גבינה חצי קשה מגורדת 28% שומן,תנובה מרכז שיתופי לש,,,יח`,2,ארגז,false,1,15.90,7.95,false,1,
7290110321277,false,קוטג בקטנה 5%. 100 גרם מהדרין תנובה,פארייפאבה אגרואינדוס,,,יח`,0.80,ארגז,false,1,2.70,3.38,false,1,
7290110321604,false,קוביות פיראוס בולגרית מעודנת 5% 200 גרם - רבנות,"תנובה בע""מ ***",,,יח`,2,ארגז,false,1,22.90,11.45,false,1,
7290110321789,false,גבינת מסקרפונה 38% שומן 250 גר`השף הלבן,"תנובה בע""מ ***",,,יח`,2.50,ארגז,false,1,21.90,8.76,false,1,
7290110322014,false,טופו בטעם טבעי תנובה ALTERNATIVE,שוורצקוף& הנקל דיסלד,,,יח`,3,ארגז,false,1,12.90,4.30,false,1,
7290110322038,false,טופו בטעם פיקנטי 300 גר`תנובה,תנובה Alternative,,,יח`,3,ארגז,false,1,15.90,5.30,false,1,
7290110322946,false,יופלה טיוב יוגורט במרקם חלק בטעם תות בננה כשרות רבנות 348 ג',תנובה - חלב,,,יח`,3.48,ארגז,false,1,15.90,4.57,false,1,
7290110323073,false,"משקה יוגורט יופלה גו תות פטל 250 מ""ל - רבנות",מיוצר עי קונדיטוריית,,,יח`,2.50,"ל-100 מ""ל",false,1,9.90,3.96,false,1,
7290110323097,false,מעדן גבינה עם מחית תות-תאומים 80 גר`,תנובה בעמ ***,,,יח`,0.80,ארגז,false,1,2.90,3.63,false,1,
7290110323301,false,טל העמק בסגנון אמנטל 32% שומן 200 גרם,"תנובה בע""מ ***",,,יח`,2,ארגז,false,1,20.90,10.45,false,1,
7290110323592,false,יוגורט GO לייט בטעם אפרסק 20 גרם חלבון בגביע,תנובה בעמ ***,,,יח`,2,ארגז,false,1,5.90,2.95,false,1,
7290110323714,false,משקה קוקוס שקדים תנובה E אלטרנטיב,מיוצר עי קונדיטוריית,,,יח`,10,"ל-100 מ""ל",false,1,14.80,1.48,false,1,
7290110323998,false,מאגדת שמינייה מיני קרלו קצפת 8*77 ג',תנובה מרכז שיתופי לש,,,יח`,6.32,ארגז,false,1,13.90,2.20,false,1,
7290110324070,false,גבינת חלומי מחלב בקר (30% 200 גר`)פירא,תנובה - חלב,,,יח`,2,ארגז,false,1,21.90,10.95,false,1,
7290110324353,false,יוגורט GO לייט בטעם אננס 20 גרם חלבון בגביע,מיוצר עי קונדיטוריית,,,יח`,1.70,ארגז,false,1,5.90,3.47,false,1,
7290110324551,false,יופלה טיוב יוגורט במרקם חלק תות כשרות מהדרין,"תנובה בע""מ ***",,,יח`,3.48,"ל-100 מ""ל",false,1,15.90,4.57,false,1,
7290110324711,false,ממרח סויה 9% שומן בטעם טבעי תנובה 250 גרם,מיוצר עי קונדיטוריית,,,יח`,2.50,ארגז,false,1,10.90,4.36,false,1,
7290110324728,false,ממרח סויה 9% שומן עם שום שמיר תנובה 250 גרם,מיוצר עי קונדיטוריית,,,יח`,2.50,ארגז,false,1,9.90,3.96,false,1,
7290110324926,false,משקה סויה ללא תוספת סוכר E אלטרנטיב,תנובה מרכז שיתופי לש,,,יח`,10,"ל-100 מ""ל",false,1,11.90,1.19,false,1,
7290110325114,false,"משקה יוגורט יופלה גו לייט תות בננה 250 מ""ל - רבנות",מיוצר עי קונדיטוריית,,,יח`,2.50,"ל-100 מ""ל",false,1,6.90,2.76,false,1,
7290110325169,false,פרוסות גאודה 170 גר` קולקשיין תנובה,תנובה בעמ ***,,,יח`,1.70,ארגז,false,1,19.90,11.71,false,1,
7290110325305,false,יופלה GO סויה 20 גרם חלבון במתיקות מעודנת תנובה 200 גרם,מיוצר עי קונדיטוריית,,,יח`,2,ארגז,false,1,6.90,3.45,false,1,
7290110325312,false,יופלה GO סויה 20 גרם חלבון בטעם תות תנובה 200 גרם,תנובה בעמ ***,,,יח`,0.20,ארגז,false,1,6.90,34.50,false,1,
7290110325619,false,משקה שיבולת שועל תנובה E אלטרנטיב,מיוצר עי קונדיטוריית,,,יח`,10,"ל-100 מ""ל",false,1,14.80,1.48,false,1,
7290110325701,false,פיראוס צזיקי יווני 9% שומן בשיטת יצור מסורתית על בסיס יוגורט,גוד פוד פרודקטס S.p,,,יח`,2.50,ארגז,false,1,13.90,5.56,false,1,
7290110325893,false,משקה חלב GO מועשר בחלבון בטעם אייס קפה,מיוצר עי קונדיטוריית,,,יח`,3.50,"ל-100 מ""ל",false,1,9.90,2.83,false,1,
7290110326210,false,יופלה און טופ פצפוצים תנובה 157 גרם,מיוצר עי קונדיטוריית,,,יח`,1.57,"ל-100 מ""ל",false,1,5.90,3.76,false,1,
7290110326241,false,יופלה און טופ גרנולה תנובה 157 גרם,מיוצר עי קונדיטוריית,,,יח`,1.57,"ל-100 מ""ל",false,1,5.90,3.76,false,1,
7290110326784,false,פתיתי עמק 28% 600 גר,תנובה חלב,,,יח`,6,ארגז,false,1,44.90,7.48,false,1,
7290110326876,false,לאבנה עיזים 250 גרם,תנובה בעמ ***,,,יח`,2.50,ארגז,false,1,16.90,6.76,false,1,
7290110326982,false,משקה חלב עם שוקולד קלאסי יולו 1 ליטר,תנובה מרכז שיתופי לש,,,יח`,10,"ל-100 מ""ל",false,1,13.90,1.39,false,1,
7290110327279,false,גבינת שמנת נפוליאון טוסקנה 25%,"תנובה בע""\מ",,,יח`,2.25,ארגז,false,1,14.90,6.62,false,1,
7290110327514,false,alternative משקה שיבולת שועל בטעם אגוזי לוז תנובה 1 ליטר,תנובה מרכז שיתופי לש,,,יח`,10,"ל-100 מ""ל",false,1,14.80,1.48,false,1,
7290110327798,false,חטיף חלבון GO - שוקולד 60 ג' חלב נוכרי - רבנות,"בלמונט קונפקציות בע""\מ.",,,יח`,1,ארגז,false,1,11.90,11.90,false,1,
7290110327804,false,חטיף חלבון GO - עוגיות 60 ג' חלב נוכרי - רבנות,"בלמונט קונפקציות בע""\מ.",,,יח`,1,ארגז,false,1,11.90,11.90,false,1,
7290110327811,false,חטיף חלבון GO בטעם בצק קוקוס 20 גר`חלבו,"בלמונט קונפקציות בע""\מ.",,,יח`,1,ארגז,false,1,11.90,11.90,false,1,
7290110327828,false,חטיף חלבון GO - חמאת בוטנים 60 ג' חלב נוכרי - רבנות,"בלמונט קונפקציות בע""\מ.",,,יח`,1,ארגז,false,1,11.90,11.90,false,1,
7290110328436,false,פלח גאודה עיזים בטעם מועדן 29% 150 גר`,"תנובה בע""\מ",,,יח`,1.50,ארגז,false,1,22.90,15.27,false,1,
7290110328474,false,פלח פרמג`יאנו רג`יאנו 150 גר`קולקשיין ת,מנדלז סי.אר. פרודקשן,,,יח`,1.50,ארגז,false,1,29.90,19.93,false,1,
7290110328481,false,פתיתי פרמג'יאנו רג'יאנו מחלב בקר 30%,ברטינלי גיאני א.,,,יח`,1.50,ארגז,false,1,15.90,10.60,false,1,
7290110328627,false,יוגורט יופלה GO במרקם סמיך בטעם בננה קרמל 0%,מיוצר עי קונדיטוריית,,,יח`,2,ארגז,false,1,6.90,3.45,false,1,
7290110328764,false,יוגורט יופלה GO במרקם סמיך עם תות 0%,מיוצר עי קונדיטוריית,,,יח`,2,ארגז,false,1,6.90,3.45,false,1,
7290110328771,false,יוגורט יופלה GO במרקם סמיך עם פירות יער 0%,מיוצר עי קונדיטוריית,,,יח`,2,ארגז,false,1,6.90,3.45,false,1,
7290110328788,false,יוגורט יופלה GO במרקם סמיך בטעם אפרסק 0%,תנובה מרכז שיתופי לש,,,יח`,2,ארגז,false,1,6.90,3.45,false,1,
7290110329136,false,מעדן חלב מעושר בחלבון בטעם שוקולד 120 ג' GO,תנובה מרכז שיתופי לש,,,יח`,1.50,ארגז,false,1,6.90,4.60,false,1,
7290110329273,false,יוגורט מחלב עיזים מלא 750 גרם תנובה,תנובה בעמ ***,,,יח`,7.50,ארגז,false,1,22.90,3.05,false,1,
7290110329303,false,פרוסות בטעם צהובה קלאסית אלטרנטיב 200 גר,תנובה Alternative,,,יח`,2,ארגז,false,1,22.90,11.45,false,1,
7290110329686,false,משקה GO חלב בטעם עוגיות 27 גר`חלבון,מיוצר עי קונדיטוריית,,,יח`,3.50,"ל-100 מ""ל",false,1,9.90,2.83,false,1,
7290110329815,false,סויה BIO מתיקות מעודנת גביע 150 גרם אלטרנטיב,מיוצר עי קונדיטוריית,,,יח`,1.50,ארגז,false,1,6.90,4.60,false,1,
7290110552220,false,יוגורט PRO בטעם תות 0% סוכר לבן 20 גרם חלבון בגביע,שטראוס גרופ בעמ/מצונן,,,יח`,1.55,"ל-100 מ""ל",false,12,6.90,4.45,false,1,
7290110552237,false,יוגורט פרו בטעם אפרסק מנגו ללא סוכר 200 ג' דנונה,שטראוס גרופ בעמ/מצונן,,,יח`,1.55,"ל-100 מ""ל",false,12,6.90,4.45,false,1,
7290110553623,false,צ'יטוס קראנצ'י בטעם צ'דר חלפיניו - חלבי,"שטראוס פריטו ליי בע""\מ )",,,יח`,0.80,ארגז,false,1,5,6.25,false,1,
7290110554477,false,קפסולת אספרסו לאפוגטו טעם מייפל פקאן 50 ג' עלית,שטראוס קפה בי.וי.,,,יח`,0.50,ארגז,false,12,16.90,33.80,false,1,
7290110554507,false,עלית - קפה טורקי תימני 100 גרם,שטראוס קפה בי.וי.,,,יח`,1,,false,1,9.90,9.90,false,1,
7290110555368,false,רבע לשבע טבעוני מרשמלו עלית 125 גרם,"הגביע מוצרי וופלים בע""\מ",,,יח`,1.20,ארגז,false,1,11.90,9.92,false,1,
7290110556242,false,"שוקולד מריר פרווה 100 גר' בד""ץ תוצרת חוץ","שטראוס גרופ בע""מ.",,,יח`,1,ארגז,false,1,5.90,5.90,false,1,
7290110557102,false,מעדן חלב עם שוקולד מועשר בחלבון 150 ג' שטראוס,שטראוס גרופ בעמ/מצונן,,,יח`,1.50,ארגז,false,24,6.90,4.60,false,1,
7290110557133,false,מעדן הגולן וניל 125 ג' שטראוס,שטראוס גרופ בעמ/מצונן,,,יח`,1.25,ארגז,false,1,3.40,2.72,false,1,
7290110558130,false,יוגורט אקטיביה עם שיבולת שועל ודבש 150 גרם,שטראוס גרופ בעמ/מצונן,,,יח`,1,ארגז,false,24,5.10,5.10,false,1,
7290110558284,false,דנונה ביו מולטי שטראוס 200 גרם,שטראוס גרופ בעמ/מצונן,,,יח`,2,ארגז,false,3,4.90,2.45,false,1,
7290110558666,false,מעדן גבינה בטעם תפוח 88 ג' דניאלה,שטראוס גרופ בעמ/מצונן,,,יח`,1.50,"ל-100 מ""ל",false,24,4.30,2.87,false,1,
7290110558918,false,עלי חסה קראנצ`שטופים 150 גר`טעם הטבע ש,ביכורי השדה הצפון בעמ` 1964,,,יח`,1,,false,1,10.90,10.90,false,1,
7290110559755,false,ריל מאגדת בוטנים פיסטוק וחמוציות שטראוס 105 גרם,"ואמואליס פודס אס.איי,",,,יח`,0,ארגז,false,1,13.90,13.90,false,1,
7290110563431,false,"משקה קפה קר בסגנון קלאסי 230 מ""ל 1.6% יוטבתה",שטראוס גרופ בעמ/מצונן,,,יח`,2.30,"ל-100 מ""ל",false,1,7.90,3.43,false,1,
7290110563448,false,"משקה קפה קר בסגנון מעודן 230 מ""ל 1.6% יוטבתה",שטראוס גרופ בעמ/מצונן,,,יח`,2.30,"ל-100 מ""ל",false,1,7.90,3.43,false,1,
7290110563462,false,חלב 2% דל לקטוז בבקבוק יטבתה 1 ליטר.,שטראוס גרופ בעמ/מצונן,,,יח`,10,"ל-100 מ""ל",false,12,9.90,0.99,false,1,
7290110565527,false,יוגורט PRO פרו 1.5% 20 גרם חלבון בגביע,שטראוס גרופ בעמ/מצונן,,,יח`,1.50,"ל-100 מ""ל",false,12,6.90,4.60,false,1,
7290110566579,false,דבש לחיץ 200 גרם יד מרדכי,מכוורת יד מרדכי שטרא,,,יח`,2,ארגז,false,12,14.90,7.45,false,1,
7290110566623,false,קפסולות קולומביה עלית 08 למכונת נספרסו מארז 5X10ג',שטראוס קפה בי.וי.,,,יח`,0.50,ארגז,false,12,16.90,33.80,false,1,
7290110566975,false,דנונה פרו יוגורט 0% תות עשיר בחלבון 200ג',שטראוס גרופ בעמ/מצונן,,,יח`,1.55,"ל-100 מ""ל",false,12,6.90,4.45,false,1,
7290110571382,false,מעדן חלב בטעם וניל מעושר בחלבון 150 ג' שטראוס,שטראוס גרופ בעמ/מצונן,,,יח`,1.50,ארגז,false,24,6.90,4.60,false,1,
7290110571405,false,עלית - מיני פינוקיות בגביע פסק זמן 180 גרם,שטראוס גרופ בע`מ,,,יח`,1.80,ארגז,false,1,9.90,5.50,false,1,
7290110571412,false,מיני פינוקיות - פאדג' שוקולד בגביע 180 גרם,"שטראוס גרופ בע""מ",,,יח`,1.80,ארגז,false,1,9.90,5.50,false,1,
7290110571474,false,אצבעות רבע לשבע טבעוני פופקורן 125גר`,"הגביע מוצרי וופלים בע""\מ",,,יח`,1.20,ארגז,false,1,11.90,9.92,false,1,
7290110572129,false,כיף כף מקלות שוקולד לבן 40 ג' עלית,סולן בעבור שטראוס,,,יח`,0.40,ארגז,false,8,4.90,12.25,false,1,
7290110572969,false,כיף כף פצפצים עלית קרם לבן (40 גר`),שולן צ'\יקולטה גידה סאן.,,,יח`,0.40,ארגז,false,12,4.90,12.25,false,1,
7290110572976,false,כיף כף גביע פצפוצים קרם לבן 135 גרם,שולן צ'יקולטה גידה ס,,,יח`,1.35,ארגז,false,24,9.90,7.33,false,1,
7290110576356,false,"שוקולד ספלנדיד מריר 64% - חלבי , מפולי קקאו מפרו",שטראוס גרופ בע`מ,,,יח`,1,,false,1,8.90,8.90,false,1,
7290110576387,false,מאגדת שלישיית שוקולד אגוז חלב 300 ג' עלית,שטראוס גרופ בע`מ,,,יח`,3,ארגז,false,1,21.90,7.30,false,1,
7290111343117,false,קלינקס ממחטות לושן סופט פק זוגות 140דף,קימברלי קלארק ישראל שיווק בעמ,,,יח`,1,ארגז,false,1,13.90,13.90,false,1,
7290111344930,false,מטליות לחות לרצפה בניחוח כביסה ארומתרפיה ניקול 10 יח',קימברלי קלארק ישראל שיווק בעמ,,,יח`,1,,false,1,11.90,11.90,false,1,
7290111346088,false,נייר טואלט מולט דו שכבתי 30 גלילים,קימברלי קלארק ישראל שיווק בעמ,,,יח`,1,ארגז,false,1,29.90,29.90,false,1,
7290111352942,false,יוגטה סוכריות טופי ללא גלוטן 850 ג',ליימן שליסל בע`מ,,,יח`,8.50,ארגז,false,1,19.90,2.34,false,1,
7290111565502,false,ארטיק אוראו וניל ועוגיות סנדוויץ נסטלה 80 ג',נגה גלידות שותפות מוגבלת,,,יח`,0.80,ארגז,false,1,11,13.75,false,1,
7290111566240,false,שניצל דק מן הצומח בטעם צ'ילי חריף 700 גרם,קבוצת אוסם סחר שותפות מוגבלת,,,יח`,5.64,ארגז,false,1,34.90,6.19,false,1,
7290111566271,false,טבעול חטיפי תירס 657 גרם קפוא,קבוצת אוסם סחר שותפות מוגבלת,,,יח`,6.57,ארגז,false,1,31.90,4.86,false,1,
7290111566318,false,שניצל דק מן הצומח בטעם ביתי 700 גרם,קבוצת אוסם סחר שותפות מוגבלת,,,יח`,5.64,ארגז,false,1,34.90,6.19,false,1,
7290111566417,false,טבעול טחון מן הצומח משופר 400 גרם,קבוצת אוסם סחר שותפות מוגבלת,,,יח`,5,ארגז,false,1,34.90,6.98,false,1,
7290111566752,false,טבעול שניצל תירס 99 קלוריות 693 גרם,קבוצת אוסם סחר שותפות מוגבלת,,,יח`,6.93,ארגז,false,1,27.90,4.03,false,1,
7290111568206,false,ביסלי פארטי מיקס אסם 150 גר',קבוצת אוסם סחר שותפות מוגבלת,,,יח`,1.50,ארגז,false,1,9.90,6.60,false,1,
7290111568961,false,אסם בייגלה טבעות מלוח 400 גר`,קבוצת אוסם סחר שותפות מוגבלת,,,יח`,4,ארגז,false,1,10.90,2.73,false,1,
7290111930928,false,חטיף פוף לבבות גריל 40 גרם,ש. שסטוביץ בע`מ,,,יח`,0.40,ארגז,false,1,5,12.50,false,1,
7290111930935,false,חטיף פוף טבעות קלאסי 40 גרם,ש. שסטוביץ בע`מ,,,יח`,0.40,ארגז,false,1,5,12.50,false,1,
7290111933554,false,שלישייה עגבניות קוביות מאסטר שף 400 גרם,קונסוריזיו קאסאלסקו,,,יח`,1.20,ארגז,false,1,16.90,14.08,false,1,
7290112330352,false,"יוגורט PRO בטעם וניל 0% , 20 גרם חלבון בגביע",שטראוס גרופ בעמ/מצונן,,,יח`,2,"ל-100 מ""ל",false,12,6.90,3.45,false,1,
7290112330390,false,דנונה פרו פירות יער 20 גרם חלבון 0% שומן 200 גרם,שטראוס גרופ בעמ/מצונן,,,יח`,2,"ל-100 מ""ל",false,12,6.90,3.45,false,1,
7290112332875,false,מסטיק מאסט קוביות בטעם מנטה עדינה 86 ג' עלית,שטראוס גרופ בע`מ,,,יח`,0.80,ארגז,false,1,14.90,18.63,false,1,
7290112334749,false,קפה טורקי בצלופן עלית 200 גרם+ 10% תוספת,"שטראוס גרופ בע""מ",,,יח`,2.40,ארגז,false,24,17.90,7.46,false,1,
7290112335487,false,הפריכיות הטעימות קצח ודגנים אנרג'י 135 גרם,אנרג'י Energy - שטראוס,,,יח`,1.35,ארגז,false,1,13.90,10.30,false,1,
7290112335500,false,"פרכיות אנרג'י חומוס,אורז,עדשים שחורות וקינואה 135 גרם","פרח תעשיות מזון בע""\מ",,,יח`,1.35,ארגז,false,1,10,7.41,false,1,
7290112336613,false,עד חצות עוגיות סנדוויץ במילוי שוקולד חלב,שטראוס גרופ בע`מ,,,יח`,2,ארגז,false,1,11.90,5.95,false,1,
7290112336644,false,סוכריות מאסט ללא סוכר לימון 80 ג' עלית,"שטראוס גרופ בע""מ",,,יח`,0.80,ארגז,false,1,7.90,9.88,false,1,
7290112336651,false,סוכריות מאסט ללא סוכר ריבת חלב 80 ג' עלית,"שטראוס גרופ בע""מ",,,יח`,0.80,ארגז,false,12,7.90,9.88,false,1,
7290112339867,false,גמדים לדרך גבינה לבנה עם מחית תות,שטראוס גרופ בעמ/מצונן,,,יח`,1,ארגז,false,7,6.90,6.90,false,1,
7290112339874,false,גמדים לדרך גבינה לבנה עם מחיות תות ובננה,שטראוס גרופ בעמ/מצונן,,,יח`,2,ארגז,false,7,6.90,3.45,false,1,
7290112340245,false,מסטיק מאסט צנצנת בטעם דובדבן 66 גר` מגדי,"שטראוס גרופ בע""\מ",,,יח`,0.58,ארגז,false,1,11.50,19.83,false,1,
7290112340276,false,פינוקיות עוגיית קרם קפה נמס 200 גרם,"הגביע מוצרי וופלים בע""\מ",,,יח`,2,ארגז,false,1,11.90,5.95,false,1,
7290112341679,false,אקטיביה יוגורט 3% דנונה (200 גרם),שטראוס גרופ בעמ/מצונן,,,יח`,2,"ל-100 מ""ל",false,24,5.90,2.95,false,1,
7290112342508,false,חטיף דוריטוס צ`יזי טוויסט 70 גרם,"שטראוס פריטו ליי בע""\מ",,,יח`,0.70,ארגז,false,1,3.90,5.57,false,1,
7290112343420,false,"משקה חלב עם דגנים מלאים ובננה פרו יטבתה 350מ""ל",שטראוס גרופ בעמ/מצונן,,,יח`,3.50,"ל-100 מ""ל",false,6,6.90,1.97,false,1,
7290112343499,false,חטיף צ'יטוס פאפס אפוי בטעם גבינה,"שטראוס פריטו ליי בע""\מ )",,,יח`,0.55,ארגז,false,1,6,10.91,false,1,
7290112343512,false,צ'יטוס puffs בטעם גבינה 180 גרם,"שטראוס פריטו ליי בע""\מ )",,,יח`,1.60,ארגז,false,1,12.90,8.06,false,1,
7290112344755,false,מילקי עם 26% פחות סוכר 135 גר}שטראוס{,שטראוס גרופ בעמ/מצונן,,,יח`,1.30,"ל-100 מ""ל",false,24,2.90,2.23,false,1,
7290112344786,false,קפה פלטינום קלאסיק עלית 200 גרם,הנסיך- מפעל לייצור ט,,,יח`,2,ארגז,false,6,24.90,12.45,false,1,
7290112346537,false,עוגיות פינוקיות בטעם טורטית 200 ג' עלית,"הגביע מוצרי ופלים בע""\מ",,,יח`,2,ארגז,false,1,11.90,5.95,false,1,
7290112346797,false,יוגורט אקטיביה שיבולת שועל ושזיף 150 גרם,שטראוס גרופ בעמ/מצונן,,,יח`,1.50,"ל-100 מ""ל",false,24,4.70,3.13,false,1,
7290112347008,false,גמדים לדרך גבינה לבנה עם מחית תות ושיבולת שועל,שטראוס גרופ בעמ/מצונן,,,יח`,5,ארגז,false,7,6.90,1.38,false,1,
7290112349354,false,סוכריות פרש בטעם פטל לימון 15 גרם,שטראוס גרופ בע`מ,,,יח`,1.15,ארגז,false,1,3.90,3.39,false,1,
7290112349897,false,מסטיק מאסט Must קוביות בטעם מנטה ללא סוכר,אסקום קונפקשיין,,,יח`,0.80,ארגז,false,1,13.90,17.38,false,1,
7290112355102,false,גמדים סקוויז 100 גרם פאוץ סלט פירות 100 גרם,שטראוס גרופ בעמ/מצונן,,,יח`,2,ארגז,false,7,6.90,3.45,false,1,
7290112355812,false,מילקי טופ קורנפלקס 141 ג' שטראוס,שטראוס גרופ בעמ/מצונן,,,יח`,1.08,"ל-100 מ""ל",false,1,5.90,5.46,false,1,
7290112358004,false,פסק זמן חטיף קראנץ עלית( 32 גר`),שולן צ'\יקולטה גידה סאן.,,,יח`,0.32,ארגז,false,24,6,18.75,false,1,
7290112358431,false,עד חצות דאבל ביסקוויט עם שוקולד חלב -8 אריזות אישיות,ביסקוויטס טור ד'\אלבון,,,יח`,2,ארגז,false,1,14.90,7.45,false,1,
7290112491701,false,ברנפלקס בטעם וניל מעודן 20% חלבון Extra Protein,"יוניליוור ישראל שיווק בע""מ",,,יח`,3.75,ארגז,false,1,22.90,6.11,false,1,
7290112491787,false,בייגלה דקים דקים עם שומשום בייגל בייגל 300 גרם,יוניליוור ישראל שיווק בע`מ,,,יח`,3,ארגז,false,1,9.90,3.30,false,1,
7290112492609,false,"פינוק סבון נוזלי לבנדר ווניל 700 מ""ל","יוניליוור ישראל שיווק בע""מ",,,יח`,7,"ל-100 מ""ל",false,1,10,1.43,false,1,
7290112492968,false,"אבקת מרק בצל קנור כשל""פ 400 גר'",יוניליוור ישראל שיווק בע`מ,,,יח`,4,ארגז,false,1,24.90,6.23,false,1,
7290112493903,false,מעדן קפוא בטעמים תות לימון ענבים ומשמש,"מיוצר ע""\י גלידת שטראוס",,,יח`,1,ארגז,false,1,7.90,7.90,false,1,
7290112494221,false,חטיף ביסקויט שוקולד חלב קליק (65 גרם),יוניליוור ישראל שיווק בע`מ,,,יח`,0.65,ארגז,false,1,6.50,10,false,1,
7290112494238,false,חטיף כדורים שוקולד חלב קליק (65 גרם),יוניליוור ישראל שיווק בע`מ,,,יח`,0.65,ארגז,false,1,6.50,10,false,1,
7290112494351,false,קורנפלקס של אלופים תלמה (850 גרם).בדצ,יוניליוור ישראל שיווק בע`מ,,,יח`,8.50,ארגז,false,1,21.90,2.58,false,1,
7290112494832,false,תרחיץ פנים לכל סוגי העור מכיל 25% קרם לחות,יוניליוור ישראל שיווק בע`מ,,,יח`,1.80,"ל-100 מ""ל",false,1,17.90,9.94,false,1,
7290112494993,false,כריות דגנים במילוי וניל בדצ 686 גרם,"יוניליוור ישראל שיווק בע""מ",,,יח`,6.86,ארגז,false,1,28.90,4.21,false,1,
7290112495006,false,כריות דגנים במילוי נוגט בדצ 686 גרם,"יוניליוור ישראל שיווק בע""מ",,,יח`,6.86,ארגז,false,1,27.90,4.07,false,1,
7290112495105,false,נשנושים טעם שמנת בצל בייגל בייגל 260 גרם,"יוניליוור ישראל שיווק בע""מ",,,יח`,2.60,ארגז,false,1,13.90,5.35,false,1,
7290112495280,false,ברנפלקס ריבועי קינמון תלמה (400 גרם),יוניליוור ישראל שיווק בע`מ,,,יח`,4,ארגז,false,1,23.50,5.88,false,1,
7290112495921,false,"מרק דגש בטעם עוף 1 ק""ג כשל""פ",יוניליוור ישראל שיווק בע`מ,,,יח`,10,ארגז,false,1,19.90,1.99,false,1,
7290112496027,false,"סירופ שוקולד לחיץ 580 מ""ל כשל""פ אפיכל",יוניליוור ישראל שיווק בע`מ,,,יח`,6,"ל-100 מ""ל",false,1,15.90,2.65,false,1,
7290112496270,false,"פתית צ'יפס תפו""א בתוספת עגבניות ועשבי תיבול 22 גרם",יוניליוור ישראל שיווק בע`מ,,,יח`,1,ארגז,false,1,4.90,4.90,false,1,
7290112496331,false,קורנפלקס בננה תלמה אלופים 448 גרם,יוניליוור ישראל שיווק בע`מ,,,יח`,4.48,ארגז,false,1,17.90,4,false,1,
7290112498106,false,פינוק תחליב רחצה 700 בתוספת שמן חוחובה,יוניליוור ישראל שיווק בע`מ,,,יח`,7,"ל-100 מ""ל",false,1,10,1.43,false,1,
7290112498748,false,מאגדת מיני סולרו וניל תות שדה 350 גר`,"מיוצר ע""\י גלידת שטראוס",,,יח`,3.50,ארגז,false,1,31.90,9.11,false,1,
7290112499127,false,שלגון גלידה שוקולד לבן ותות 77 גרם,"מיוצר ע""\י גלידת שטראוס",,,יח`,1,ארגז,false,1,12.90,12.90,false,1,
7290112499226,false,גלידונית פיסטוק ובננהבקלקר 60 יח 700 גרם,"גלידת שטראוס בע""\מ, רחוב",,,יח`,7,ארגז,false,1,39.90,5.70,false,1,
7290112499455,false,פינוק תחליב רחצה 700 בתוספת שמן מרוקאי,"יוניליוור ישראל שיווק בע""מ",,,יח`,7,"ל-100 מ""ל",false,1,10,1.43,false,1,
7290112499639,false,טילון סופר מגנום וניל צ'יפ שוקולד 110 גרם,"מיוצר ע""\י גלידת שטראוס",,,יח`,1,ארגז,false,1,10.90,10.90,false,1,
7290112499646,false,"מעדן קפוא בטעם וניל עם וופל 108 גרם ""קורנטו""","מיוצר ע""\י גלידת שטראוס",,,יח`,1,ארגז,false,1,12.90,12.90,false,1,
7290112499677,false,מגנום וניל בציפוי שוקולד לבן,"מיוצר ע""\י גלידת שטראוס",,,יח`,0.85,ארגז,false,1,10.90,12.82,false,1,
7290112499837,false,מגנום דואט שוקו לד עם נוגט שטראוס,"מיוצר ע""\י גלידת שטראוס",,,יח`,0.90,ארגז,false,1,10.90,12.11,false,1,
7290112499905,false,טילון קורניטו קליק בטעם מרשמלו 72 גרם,"מיוצר ע""\י גלידת שטראוס",,,יח`,0.81,ארגז,false,1,7.90,9.75,false,1,
7290112499929,false,מגנום שוקולד אימפלס פסח 120מל,"מיוצר ע""\י גלידת שטראוס",,,יח`,0.85,ארגז,false,1,10.90,12.82,false,1,
7290112499936,false,מגנום שקדים אימפלס פסח 125מל,"מיוצר ע""\י גלידת שטראוס",,,יח`,0.85,ארגז,false,1,10.90,12.82,false,1,
7290112499943,false,מיני מאגדת מיני מגנום טעמים שונים וניל+שוקו,"מיוצר ע""\י גלידת שטראוס",,,יח`,2.50,ארגז,false,1,29.90,11.96,false,1,
7290112960856,false,טילון אקסטרים115-120 גרם מטבע שוקולד בטעם לוז נוגט נסטלה 115 גרם,נגה גלידות שותפות מוגבלת,,,יח`,1.15,ארגז,false,1,11,9.57,false,1,
7290112961372,false,פיטנס חטיפי פריכיות דקות קינמון 60 גרם,קבוצת אוסם סחר שותפות מוגבלת,,,יח`,0.60,ארגז,false,1,7.90,13.17,false,1,
7290112962003,false,שלגון קראנץ וניל עוגיות עם שוקולד נסטלה 90 גרם,נגה גלידות שותפות מוגבלת,,,יח`,0.90,ארגז,false,1,10,11.11,false,1,
7290112963321,false,גריסיני בייגלה שטוח ללא גלוטן אסם 300גרם,קבוצת אוסם סחר שותפות מוגבלת,,,יח`,3,ארגז,false,1,14.90,4.97,false,1,
7290112963918,false,פיטנס חטיפי קרקר דק רוזמרין 140 גרם,קבוצת אוסם סחר שותפות מוגבלת,,,יח`,1.40,ארגז,false,1,13.90,9.93,false,1,
7290112964410,false,אסם רוטב אלף האיים חדש לסלט 290 גרם,קבוצת אוסם סחר שותפות מוגבלת,,,יח`,2.90,"ל-100 מ""ל",false,1,12.90,4.45,false,1,
7290112965684,false,פיטנס - חטיף מולטיגריין עשבי תיבול 25 גרם,קבוצת אוסם סחר שותפות מוגבלת,,,יח`,0.25,ארגז,false,1,4.90,19.60,false,1,
7290112967749,false,פרפקטו פסטה נוציאולה 500 גר`אסם,קבוצת אוסם סחר-שות.מוגבלת,,,יח`,5,ארגז,false,1,7.90,1.58,false,1,
7290112968807,false,80018416694פיטנס חטיפי קרקר דק סלק 150גר,קבוצת אוסם סחר שותפות מוגבלת,,,יח`,1.40,ארגז,false,1,13.90,9.93,false,1,
7290112968821,false,חטיפי קרקר דק בטטה 140 גר` פיטנס,קבוצת אוסם סחר שותפות מוגבלת,,,יח`,1.40,ארגז,false,1,13.90,9.93,false,1,
7290113192324,false,זיתים ירוקים שלמים בינוניים בית השיטה,קבוצת אוסם סחר-שות.מוגבלת,,,יח`,5.60,ארגז,false,1,11.70,2.09,false,1,
7290113192355,false,חרוזית זיתים ירוקים ללא גלעין 275 ג' בית השיטה,קבוצת אוסם סחר שותפות מוגבלת,,,יח`,5.50,ארגז,false,1,11.90,2.16,false,1,
7290113192362,false,בית השיטה טבעות זיתים ירק.א2 12*280ג חדש,קבוצת אוסם סחר שותפות מוגבלת,,,יח`,5.60,ארגז,false,1,11.90,2.13,false,1,
7290113192393,false,בית השיטה קוקטייל זיתים א2 336 גרם,קבוצת אוסם סחר שותפות מוגבלת,,,יח`,5.40,ארגז,false,1,12.70,2.35,false,1,
7290113192478,false,בית השיטה מלפפונים במלח בינוני 10-12 320 גרם,קבוצת אוסם סחר שותפות מוגבלת,,,יח`,5.60,ארגז,false,1,8.60,1.54,false,1,
7290113192485,false,בית השיטה מלפפונים בחומץ בינוני 10-12 290 גרם,קבוצת אוסם סחר שותפות מוגבלת,,,יח`,5.60,ארגז,false,1,8.90,1.59,false,1,
7290113192492,false,בית השיטה מלפפונים בחומץ קטנים 1317 290 גרם,קבוצת אוסם סחר שותפות מוגבלת,,,יח`,5.60,ארגז,false,1,12.90,2.30,false,1,
7290113192508,false,ב.השיטה מלפפון במלח ר.טבע א2 17-13 320 גרם,קבוצת אוסם סחר שותפות מוגבלת,,,יח`,3.20,ארגז,false,1,12.90,4.03,false,1,
7290113192522,false,בית השיטה מלפפונים בחומץ קטן מאוד 1825 290 גרם,קבוצת אוסם סחר שותפות מוגבלת,,,יח`,5.60,ארגז,false,1,13.90,2.48,false,1,
7290113192546,false,"מלפפונים בחומץ רכיבים טבעיים 7-9 ""בית השיטה""",קבוצת אוסם סחר שותפות מוגבלת,,,יח`,5.60,ארגז,false,1,7.90,1.41,false,1,
7290113192560,false,פלפל חריף כבוש שיפקה בית השיטה (430 גר`),קבוצת אוסם סחר שותפות מוגבלת,,,יח`,5.60,ארגז,false,1,8.60,1.54,false,1,
7290113192577,false,בית השיטה כרוב כבוש א2 12*430גרם חדש,קבוצת אוסם סחר שותפות מוגבלת,,,יח`,5.60,ארגז,false,1,9.90,1.77,false,1,
7290113463646,false,גבינה צהובה גאודה 28% פרוסה 400 גרם,אדום גרופ למזון שיווק והפצה בע,,,יח`,4,ארגז,false,1,13.60,3.40,false,1,
7290113469952,false,גבינה צהובה גאודה 28% מגורדת 300 גרם,אדום גרופ למזון שיווק והפצה בע,,,יח`,3,ארגז,false,1,12.90,4.30,false,1,
7290114310215,false,"שמנת מתוקה 38% רמת הגולן 250 מ""ל ווסטהיים - מוצר בפיקוח",החברה המרכזית טלהפצת משקאות בע,,,יח`,2.50,"ל-100 מ""ל",false,1,6.40,2.56,false,1,
7290114310239,false,חלב נטול לקטוז מועשר בוויטמין D י 2% 1.5 ל' טרה,החברה המרכזית טלהפצת משקאות בע,,,יח`,15,"ל-100 מ""ל",false,1,12.90,0.86,false,1,
7290114310611,false,"משקה חלב בננה בבקבוק פקק ספורט טרה 250 מ""ל",החברה המרכזית טלהפצת משקאות בע,,,יח`,2.50,"ל-100 מ""ל",false,1,5.90,2.36,false,1,
7290114311069,false,יוגורט לבן מועשר בחלבון 0% שומן 200 גרם muller active,החברה המרכזית טלהפצת משקאות בע,,,יח`,2,ארגז,false,1,5.90,2.95,false,1,
7290114311328,false,חלב מועשר דל לקטוז מעושר בויטמין Dי 2% שומן טרה 1 ליטר,*החברה המרכזית להפצת משקאותבעמ,,,יח`,10,ארגז,false,1,7.90,0.79,false,1,
7290114311458,false,חלב קרטון 3% מועשר ויטמין די 1 ליטר,*החברה המרכזית להפצת משקאותבעמ,,,יח`,10,ארגז,false,1,7.90,0.79,false,1,
7290114600927,false,מאסטר שף עלי טורטייה חיטה מלאה 320 גרם,אלקאטי קורביישיסי גי,,,יח`,3.20,ארגז,false,1,9.90,3.09,false,1,
7290114600941,false,מאסטר שף מיונז הולנדי לחיץ 435 גרם,ש. שסטוביץ בע`מ,,,יח`,4.35,ארגז,false,1,13.90,3.20,false,1,
7290114604901,false,ממרח שום לחיץ מאסטר שף 444 גרם,ש. שסטוביץ בע`מ,,,יח`,4.35,ארגז,false,1,13.90,3.20,false,1,
7290114604925,false,מנה אסייאתי קרם קוקוס פחית לייט 400 מ`ל,"תאי קוקונאט חברה בע""",,,יח`,4,"ל-100 מ""ל",false,1,9.90,2.48,false,1,
7290114606554,false,מיונז מופחת קלוריות בקבוק לחיץ,ש. שסטוביץ בע`מ,,,יח`,4.35,ארגז,false,1,13.90,3.20,false,1,
7290115190014,false,סיגריות מרלבורו רד קצר בוקס,פיליפ מוריס בעמ,,,יח`,1,,false,1,35,35,false,1,
7290115190076,false,סיגריות מרלבורו גולד ארוך 100 בוקס,פיליפ מוריס בעמ,,,יח`,1,,false,1,38,38,false,1,
7290115190090,false,סיגריות מרלבורו קצר בוקס בודד,פיליפ מוריס בעמ,,,יח`,1,,false,1,38,38,false,1,
7290115190137,false,סיגריות מרלבורו טאצ סילבר יחידה,פיליפ מוריס בעמ,,,יח`,1,,false,1,35,35,false,1,
7290115190151,false,סיגריות מרלבורו טאצ גולד,פיליפ מוריס בעמ,,,יח`,1,,false,1,35,35,false,1,
7290115190175,false,פרלמנט סופר סלימס קופסא,פיליפ מוריס בעמ,,,יח`,1,,false,1,43,43,false,1,
7290115190250,false,סיגריות פרלמנט קצר בודד,פיליפ מוריס בעמ,,,יח`,1,,false,1,41,41,false,1,
7290115190359,false,אל.אמ בלו לייבל קצר חפיסה) (20,פיליפ מוריס בעמ,,,יח`,1,,false,1,34,34,false,1,
7290115190373,false,סיגריות ל.מ. קפסולהP,פיליפ מוריס בעמ,,,יח`,1,,false,1,34,34,false,1,
7290115190410,false,ל.מ. סילבר לייבל חפיסה,פיליפ מוריס בעמ,,,יח`,1,,false,1,34,34,false,1,
7290115190434,false,סיגריות L.M וייב סלימס בודד,פיליפ מוריס בעמ,,,יח`,1,,false,1,34,34,false,1,
7290115190458,false,סיגריות נקסט פיין אדג' בודד,פיליפ מוריס בעמ,,,יח`,1,,false,1,29,29,false,1,
7290115190472,false,סיגריות נקסט אדג' בודד,פיליפ מוריס בעמ,,,יח`,1,,false,1,29,29,false,1,
7290115190496,false,סיגריות נקסט ארוך בודד,פיליפ מוריס בעמ,,,יח`,1,,false,1,31,31,false,1,
7290115190519,false,סיגריות נקסט פיין חפ,פיליפ מוריס בעמ,,,יח`,1,,false,1,31,31,false,1,
7290115190533,false,סיגריות נקסט ריסס 100 בודד,פיליפ מוריס בעמ,,,יח`,1,,false,1,31,31,false,1,
7290115190571,false,סיגריות נקסט לילך בודד,פיליפ מוריס בעמ,,,יח`,1,,false,1,32,32,false,1,
7290115190595,false,סיגריות נקסט אוריגינ,פיליפ מוריס בעמ,,,יח`,1,,false,1,32,32,false,1,
7290115190632,false,מרלבורו גולד-טבק לגלגול סיגריות בודד,פיליפ מוריס בעמ,,,יח`,1,,false,1,85,85,false,1,
7290115190892,false,סיגריות מרלבורו פיוז'ן קפסולה בודד,פיליפ מוריס בעמ,,,יח`,1,,false,1,31,31,false,1,
7290115190939,false,אל.אם קפסולות קליק חפיסה,פיליפ מוריס בעמ,,,יח`,1,,false,1,28,28,false,1,
7290115201703,false,ביסלי חטיף בטעם ברביקין אסם (200 גרם),קבוצת אוסם סחר שותפות מוגבלת,,,יח`,2,ארגז,false,1,9.90,4.95,false,1,
7290115202816,false,מנה חמה פאוץ נודלס אטריות טעם עוף 70 גרם,קבוצת אוסם סחר שותפות מוגבלת,,,יח`,7,ארגז,false,1,4.90,0.70,false,1,
7290115203172,false,במבה PRO מכיל 18 גרם חלבון בשקית,קבוצת אוסם סחר שותפות מוגבלת,,,יח`,0.80,ארגז,false,1,4.50,5.63,false,1,
7290115203486,false,פירורית בטעם ביסלי גריל אסם 200 גרם,קבוצת אוסם סחר שותפות מוגבלת,,,יח`,2,ארגז,false,1,5.90,2.95,false,1,
7290115205527,false,חטיף מולטיגריין עם עדשים ( 25 גר`) פיטנס,קבוצת אוסם סחר שותפות מוגבלת,,,יח`,0.25,ארגז,false,1,4.90,19.60,false,1,
7290115207941,false,ויטמינצ'יק אננס סירופ 1 ליטר,קבוצת אוסם סחר שותפות מוגבלת,,,יח`,10,"ל-100 מ""ל",false,1,22.90,2.29,false,1,
7290115208009,false,ויטמינצ'יק ענבים סירופ 1 ליטר,קבוצת אוסם סחר שותפות מוגבלת,,,יח`,10,"ל-100 מ""ל",false,1,22.90,2.29,false,1,
7290115208047,false,סירופ פטל ויטמינצ`יק (1 ליטר),קבוצת אוסם סחר שותפות מוגבלת,,,יח`,10,"ל-100 מ""ל",false,1,22.90,2.29,false,1,
7290115208061,false,ויטמינצ'יק תפוח סירופ 1 ליטר,קבוצת אוסם סחר שותפות מוגבלת,,,יח`,10,"ל-100 מ""ל",false,1,22.90,2.29,false,1,
7290115209174,false,במבה אורירית קלאסי 60 גר',קבוצת אוסם סחר-שות.מוגבלת,,,יח`,6,ארגז,false,1,5,0.83,false,1,
7290115670707,false,גרנולה שיבולת שועל עם שוקולד ואגוזי לוז,אנרג'י Energy - שטראוס,,,יח`,4,ארגז,false,1,11.90,2.98,false,1,
7290115675696,false,דגני בוקר קראנצ'ים שיבולת שועל עם אגוזים ושקדים,שטראוס פריטו ליי בע`מ,,,יח`,3.75,ארגז,false,1,22.40,5.97,false,1,
7290115677089,false,קונפיטורת יד מרדכי תפוח וקינמון 340 גרם,שטראוס גרופ בע`מ,,,יח`,3.40,ארגז,false,1,14.90,4.38,false,1,
7290115678376,false,מעדן הגולן שוקולד 125 גרם,שטראוס גרופ בעמ/מצונן,,,יח`,1.25,ארגז,false,1,3.40,2.72,false,1,
7290116053868,false,רשת צלייה XL,ד.ג.ש ייבוא ושיווק בעמ,,,יח`,1,,false,1,19.90,19.90,false,1,
7290116278014,false,ריאות בקר,ג.ת שווק בן בקר בע`מ,,,"ק""ג",1,יח`,true,1,24.90,24.90,false,1,
7290116530482,false,תלמה מארז קורנפלקס אלופים 30 גרם*5 יחידו,יוניליוור ישראל שיווק בע`מ,,,יח`,1.50,ארגז,false,1,11.90,7.93,false,1,
7290116531090,false,בייגל בייגל דג דג במליחות עדינה 250 גרם,"יוניליוור ישראל שיווק בע""מ",,,יח`,2.50,ארגז,false,1,9.90,3.96,false,1,
7290116531281,false,קליק כריות דאבל בלאק לבן 65 גרם,יוניליוור ישראל שיווק בע`מ,,,יח`,0.65,ארגז,false,1,6.50,10,false,1,
7290116532264,false,גודיז פרי אפרסק – שלגון מופחת קלוריות עם יוגורט בציפוי בטעם אפרסק,"גלידת שטראוס בע""\מ, רחוב",,,יח`,3.30,ארגז,false,1,31.90,9.67,false,1,
7290116930022,false,GO חטיף חלבון עוגיות ציפוי קריספי 20 גרם חלבון,"בלמונט קונפקציות בע""\מ.",,,יח`,1,ארגז,false,1,11.90,11.90,false,1,
7290116930435,false,יופלה גו במרקם סמיך עם דובדבן 0% 200מל,תנובה מרכז שיתופי לש,,,יח`,2,ארגז,false,1,6.90,3.45,false,1,
7290116930497,false,פלח גבינה כחולה 100 גרם,"פיקוס דה אירופה ס.ל. , פ",,,יח`,1,ארגז,false,1,15.90,15.90,false,1,
7290116930626,false,ארוחה בקטנה ציזיקי עם קרקרים 150ג' תנובה,"תנובה בע""מ ***",,,יח`,2.10,"ל-100 מ""ל",false,1,7.90,3.76,false,1,
7290116930657,false,"משקה חלב גו בטעם בננה תמר בתוספת שיבולת שועל במרקם חלק 340 מ""ל",תנובה מרכז שיתופי לש,,,יח`,3.50,"ל-100 מ""ל",false,1,7.90,2.26,false,1,
7290116930718,false,מעדן תנובה דיאט בטעם שוקולד וקרמל מלוח 0% 150ג' תנובה,תנובה - חלב,,,יח`,1.50,"ל-100 מ""ל",false,1,4.50,3,false,1,
7290116930725,false,סויה BIO קוקוס גביע 150 גרם אלטרנטיב,תנובה בעמ ***,,,יח`,2,ארגז,false,1,4.90,2.45,false,1,
7290116930954,false,יוגורט טעם פאי תפוחים 3% 150 ג' יופלה,תנובה בעמ ***,,,יח`,1.50,"ל-100 מ""ל",false,1,5.50,3.67,false,1,
7290116931012,false,יופלה דיאט יוגורט תפוח וקינמו %0 150 ג,תנובה בעמ ***,,,יח`,1.50,"ל-100 מ""ל",false,1,5.50,3.67,false,1,
7290116931074,false,פרוסות טל העמק 32% שומן 300 גרם,"תנובה בע""מ ***",,,יח`,3,ארגז,false,1,29.90,9.97,false,1,
7290116931081,false,מעדן סויה - טופי קרמל 125 גרם אלטרנטיב,תנובה מרכז שיתופי לש,,,יח`,1.50,ארגז,false,1,3.90,2.60,false,1,
7290116931104,false,יופלה GO במרקם סמיך עם אננס 0% תנובה 200 גרם,תנובה בעמ ***,,,יח`,2,ארגז,false,1,6.90,3.45,false,1,
7290116931159,false,יופלה דיאט יוגורט תות בננה %0 150 גרם,תנובה בעמ ***,,,יח`,1.50,"ל-100 מ""ל",false,1,5.50,3.67,false,1,
7290116931241,false,קוטג תנובה 12% שומן,תנובה -חלב,,,יח`,2.50,ארגז,false,1,6.90,2.76,false,1,
7290116931289,false,יוגורט גו סמיך 0% אלפחורס 200 גרם,תנובה בעמ ***,,,יח`,2,ארגז,false,1,5.90,2.95,false,1,
7290116931463,false,מאגדת צפתית 2* 200 גרק,תנובה בעמ ***,,,יח`,4,ארגז,false,1,26.90,6.73,false,1,
7290116931517,false,מאגדת גבינת לבנה 5%,תנובה חלב,,,יח`,5,ארגז,false,1,14.90,2.98,false,1,
7290117030790,false,תבניות ארוז *10 R88 אינגליש שווה חדש,ח.כהן סוכנות מזון ומשקאות בע,,,יח`,1,יח`,false,1,8.90,8.90,false,1,
7290117030806,false,תבניות ארוז *10 טוסטר (R29 B8) שווה חד,ח.כהן סוכנות מזון ומשקאות בע,,,יח`,1,יח`,false,1,8.90,8.90,false,1,
7290117030820,false,תבניות ארוז *4 C10 עגול גדול שווה חדש,ח.כהן סוכנות מזון ומשקאות בע,,,יח`,1,יח`,false,1,8.90,8.90,false,1,
7290117031506,false,כוסות נייר 40 יחי` 8B שרול שקוף (25בק,ח.כהן סוכנות מזון ומשקאות בע,,,יח`,1,,false,1,8.90,8.90,false,1,
7290117032107,false,כפיות איכותיות 40יח שקוף שווה*,ח.כהן סוכנות מזון ומשקאות בע,,,יח`,1,יח`,false,1,5.90,5.90,false,1,
7290117260494,false,"ניוקי תפו""א מצונן 3 צבעים 500 גרם ויליפוד",ג.וילי-פוד אינטרנשיונל **גבינו,,,יח`,5,ארגז,false,1,9.90,1.98,false,1,
7290117261088,false,בוראטה גבינת מוצרלה רכה 18% שומן 125 גר`,ג.וילי-פוד אינטרנשיונל **גבינו,,,יח`,1.25,ארגז,false,1,19.90,15.92,false,1,
7290117261712,false,מלבי קינוח על בסיס חלב 154 גרם,ג. וילי-פוד אינטרנשיונל בע`מ,,,יח`,1,,false,1,5.90,5.90,false,1,
7290117262559,false,מאפה דונאטס מצופה סוכר 50ג פרווה,ג. וילי-פוד אינטרנשיונל בע`מ,,,יח`,5,ארגז,false,1,5.90,1.18,false,1,
7290117262597,false,מאפה דונאטס בציפוי עוגיות קרמל פרווה,ג.וילי-פוד אינטרנשיונל **גבינו,,,יח`,5.70,ארגז,false,1,5.90,1.04,false,1,
7290117262719,false,מאפה דונאטס בציפוי סוכר קינמון ותפוחים,ג. וילי-פוד אינטרנשיונל בע`מ,,,יח`,6.50,ארגז,false,1,5.90,0.91,false,1,
7290117380215,false,חטיף פוף קראנץ בטעם טאקו 60 גרם,ש. שסטוביץ בע`מ,,,יח`,0.60,ארגז,false,1,5,8.33,false,1,
7290117381236,false,פוף פריכיות מצופות שוקולד מריר 70 גרם,ש. שסטוביץ בע`מ,,,יח`,0.70,ארגז,false,1,7.90,11.29,false,1,
7290117381243,false,פוף פריכיות מצופות שוקולד חלב ותות 70 גר,ש. שסטוביץ בע`מ,,,יח`,0.70,ארגז,false,1,7.90,11.29,false,1,
7290117382318,false,סלים דליס פרו 33 חטיף חלבון שוקולד מריר 60 גרם,"י. מרבה ישראל בע""\מ",,,יח`,1,ארגז,false,1,12.90,12.90,false,1,
7290117382332,false,סלים דליס פרו 33 חטיף חלבון שוקולד בטעם עוגיות 60 גרם,"י. מרבה ישראל בע""\מ",,,יח`,1,ארגז,false,1,12.90,12.90,false,1,
7290118072959,false,חנוכייה ציון,ד.ג.ש ייבוא ושיווק בעמ,,,יח`,1,,false,1,69.90,69.90,false,1,
7290118072966,false,חנוכייה אורות,ד.ג.ש ייבוא ושיווק בעמ,,,יח`,1,,false,1,99.90,99.90,false,1,
7290118073802,false,חגורה נמתחת,ד.ג.ש ייבוא ושיווק בעמ,,,יח`,1,,false,1,24.90,24.90,false,1,
7290118074281,false,רשת צלייה M,ד.ג.ש ייבוא ושיווק בעמ,,,יח`,1,,false,1,19.90,19.90,false,1,
7290118074625,false,צינור אמבט מתכת 2 מטר,ד.ג.ש ייבוא ושיווק בעמ,,,יח`,1,,false,1,29.90,29.90,false,1,
7290118078722,false,נטלה מעוצבת - שחור,ד.ג.ש ייבוא ושיווק בעמ,,,יח`,1,,false,1,19.90,19.90,false,1,
7290128600067,false,ענב אדום ארוז,ביכורי השדה צפון 1994 ג.ד. בעמ,,,"ק""ג",1,,true,1,19.90,19.90,false,1,
7291008084816,false,"תמר מג'הול בד""צ 1 ק""ג",ביכורי השדה הצפון בעמ` 1964,,,יח`,1,,false,1,19.90,19.90,false,1,
7296102108260,false,מתקן כביסה מתכת,הום פרפקט ק.ד.מ בעמ,,,יח`,1,,false,1,59.90,59.90,false,1,
7296102256121,false,מתלה כביסה פלסטיק,הום פרפקט ק.ד.מ בעמ,,,יח`,1,,false,1,119,119,false,1,
7297478008857,false,שלישייה גרבי בובה ארוך לבנות,הום פרפקט ק.ד.מ בעמ,,,יח`,1,,false,1,14.90,14.90,false,1,
7298484166119,false,תאנים 300 גרם,פיצוחי ויטורי,,,יח`,2,ארגז,false,1,17.90,8.95,false,1,
7298484166144,false,שומשום 250 גרם,פיצוחי ויטורי,,,יח`,2.50,ארגז,false,1,8.90,3.56,false,1,
7298484166148,false,תערובת בריאות 250 גרם,פיצוחי ויטורי,,,יח`,2.50,ארגז,false,1,19.90,7.96,false,1,
7298484166175,false,ירקות מטוגנים 200 גר`,פיצוחי ויטורי,,,יח`,2,ארגז,false,1,24.90,12.45,false,1,
7298484166177,false,צנוברים 150 גרם,פיצוחי ויטורי,,,יח`,1.50,ארגז,false,1,34.90,23.27,false,1,
7298484166178,false,קוקוס טבעי 200 גר`,פיצוחי ויטורי,,,יח`,2,ארגז,false,1,15.90,7.95,false,1,
7298484166182,false,תמר מג`הול 500 גרם,פיצוחי ויטורי,,,יח`,2,ארגז,false,1,24.90,12.45,false,1,
7298484166192,false,בננה צ`יפס 200 גרם,פיצוחי ויטורי,,,יח`,2,ארגז,false,1,9.90,4.95,false,1,
7298484166337,false,גרעיני חמניה מקולף 200 גרם,פיצוחי ויטורי,,,יח`,2,ארגז,false,1,9.90,4.95,false,1,
7298484166558,false,גרעיני דלעת מקולף 200 גרם,פיצוחי ויטורי,,,יח`,2,ארגז,false,1,11.90,5.95,false,1,
7298484166784,false,מקדמיה טבעי 150 גרם,פיצוחי ויטורי,,,יח`,2,ארגז,false,1,26.90,13.45,false,1,
7298484166992,false,מקדמיה קלוי 200 גרם,פיצוחי ויטורי,,,יח`,0,יח`,false,1,34.90,34.90,false,1,
7298484167257,false,שקד מולבן פרוס 150 גרם,פיצוחי ויטורי,,,יח`,1.50,ארגז,false,1,17.90,11.93,false,1,
7298484167549,false,שקד מולבן משובב 200 גרם,פיצוחי ויטורי,,,יח`,2,ארגז,false,1,18.90,9.45,false,1,
7298484208149,false,חמוציות ברכז טבעי 200 גרם,פיצוחי ויטורי,,,יח`,2,ארגז,false,1,11.90,5.95,false,1,
7298484482117,false,משמש אוזבקי 300 גרם,פיצוחי ויטורי,,,יח`,2,ארגז,false,1,17.90,8.95,false,1,
7298484601649,false,אפונה וואסבי 180 גרם,פיצוחי ויטורי,,,יח`,2,ארגז,false,1,13.90,6.95,false,1,
7298484603361,false,בוטן אסיאתי 200 גרם,פיצוחי ויטורי,,,יח`,2,ארגז,false,1,13.90,6.95,false,1,
7298484603568,false,מיקס טקסס שקד פקאן מתובל 200 גרם,פיצוחי ויטורי,,,יח`,0,יח`,false,1,24.90,24.90,false,1,
7298484603772,false,קרנצ`י צ`ילי 180 גרם,פיצוחי ויטורי,,,יח`,1.80,ארגז,false,1,17.90,9.94,false,1,
7298484603846,false,תמר אגוז 250 גרם,פיצוחי ויטורי,,,יח`,2.50,ארגז,false,1,24.90,9.96,false,1,
7298484604178,false,פפריקס טוויסט 150 גרם,פיצוחי ויטורי,,,יח`,1.80,ארגז,false,1,13.90,7.72,false,1,
7298484604427,false,בוטנים מטוגנים 300 גרם,פיצוחי ויטורי,,,יח`,3,ארגז,false,1,16.90,5.63,false,1,
7298484605179,false,חטיף אורז פלפל שחור 120 גרם,פיצוחי ויטורי,,,יח`,1.20,ארגז,false,1,11.90,9.92,false,1,
7298484607027,false,פקאן סיני מסוכר 200 גר`,פיצוחי ויטורי,,,יח`,2,ארגז,false,1,19.90,9.95,false,1,
7298484607033,false,בוטנים קלויים 250 גר`,פיצוחי ויטורי,,,יח`,2.50,ארגז,false,1,13.90,5.56,false,1,
7298484607034,false,בונדוק אגוזי לוז 200 גר`,פיצוחי ויטורי,,,יח`,2,ארגז,false,1,17.90,8.95,false,1,
7298484607045,false,קבוקים 200 גרם,פיצוחי ויטורי,,,יח`,2,ארגז,false,1,7.90,3.95,false,1,
7298484607047,false,חומוס קלוי 200 גר`,פיצוחי ויטורי,,,יח`,2,ארגז,false,1,10.90,5.45,false,1,
7298484607049,false,גרעינים לבנים דלעת 180 גר`,פיצוחי ויטורי,,,יח`,1.80,ארגז,false,1,13.90,7.72,false,1,
7298484607055,false,אפונה ירוקה קלוי 200 גר`,פיצוחי ויטורי,,,יח`,2,ארגז,false,1,11.90,5.95,false,1,
7298484607056,false,גרעיני אבטיח מחבת 250 גר`,פיצוחי ויטורי,,,יח`,2.50,ארגז,false,1,16.90,6.76,false,1,
7298484607059,false,מיאסי תירס 200 גר`,פיצוחי ויטורי,,,יח`,2,ארגז,false,1,13.90,6.95,false,1,
7298484607063,false,מאנצ`ס אורז עגול 120 גר`,פיצוחי ויטורי,,,יח`,1.20,ארגז,false,1,11.90,9.92,false,1,
7298484607065,false,פיסטוק אפגני 180 גרם,פיצוחי ויטורי,,,יח`,1.80,ארגז,false,1,19.90,11.06,false,1,
7298484607067,false,רביולי 200 גרם,פיצוחי ויטורי,,,יח`,2,ארגז,false,1,17.90,8.95,false,1,
7298484607071,false,קשיו קלוי 200 גר`,פיצוחי ויטורי,,,יח`,2,ארגז,false,1,19.90,9.95,false,1,
7298484607072,false,בוטנים אמריקאים 300 גר`,פיצוחי ויטורי,,,יח`,3,ארגז,false,1,11.90,3.97,false,1,
7298484607082,false,מאנצ`ס 200 גר`,פיצוחי ויטורי,,,יח`,2,ארגז,false,1,13.90,6.95,false,1,
7298484607097,false,פול קלוי 200 גרם,פיצוחי ויטורי,,,יח`,2,ארגז,false,1,13.90,6.95,false,1,
7298484607117,false,חטיף סויה קריספי 180 גרם,פיצוחי ויטורי,,,יח`,1.80,ארגז,false,1,17.90,9.94,false,1,
7298484607122,false,צימוק בהיר 200 גרם,פיצוחי ויטורי,,,יח`,2,ארגז,false,1,10.90,5.45,false,1,
7298484607144,false,פיסטוק טבעי 200 גרם,פיצוחי ויטורי,,,יח`,2,ארגז,false,1,17.90,8.95,false,1,
7298484607149,false,משמש מיובש 200 גרם,פיצוחי ויטורי,,,יח`,2,ארגז,false,1,19.90,9.95,false,1,
7298484607172,false,צימוק כהה 200 גרם,פיצוחי ויטורי,,,יח`,2,ארגז,false,1,9.90,4.95,false,1,
7298484607197,false,שקד טבעי 200 גר`,פיצוחי ויטורי,,,יח`,2,ארגז,false,1,18.90,9.45,false,1,
7298484607265,false,גרעינים שחורים מלח 300 גר`בשקית,פיצוחי ויטורי,,,יח`,3,ארגז,false,1,11.90,3.97,false,1,
7298484607289,false,בוטן בקליפה שקית 200 גרם,פיצוחי ויטורי,,,יח`,2,ארגז,false,1,11.90,5.95,false,1,
7298484607489,false,פיסטוק מקולף 200 גר`,פיצוחי ויטורי,,,יח`,2,ארגז,false,1,27.90,13.95,false,1,
7298484607757,false,שזיף מגולען אמריקאי 300 גרם,פיצוחי ויטורי,,,יח`,2.50,ארגז,false,1,17.90,7.16,false,1,
7298484607898,false,מאנצ`ס ריזוטו 120 גרם,פיצוחי ויטורי,,,יח`,1.20,ארגז,false,1,11.90,9.92,false,1,
7298484978274,false,אגוזי ברזיל 250 גרם,פיצוחי ויטורי,,,יח`,2.50,ארגז,false,1,29.90,11.96,false,1,
7394376616778,false,אוטלי משקה שיבולת שועל להקצפה בריסטה 1 ליטר,ש. שסטוביץ בע`מ,,,יח`,10,"ל-100 מ""ל",false,1,16.90,1.69,false,1,
7501064191398,false,שישיית בירה קורונה אקסטרא *355 מל,קריניציה ויטמינה אס,,,יח`,19.80,"ל-100 מ""ל",false,1,38.70,1.86,false,1,
7509546666846,false,"משחת שיניים פחם טוטאל 75 מ""ל קולגייט",קולגייט פלמוליב,,,יח`,0.75,"ל-100 מ""ל",false,1,17.90,23.87,false,1,
7610113011652,false,בריזר - משקה כוהלי מוגז בטעם תפוח,בקרדי בריזר Bacardi Breezer,,,יח`,2.75,"ל-100 מ""ל",false,24,13.90,4.95,false,1,
7613032045753,false,פיטנס דגנים מחיטה מלאה שוקולד 375גרם,קבוצת אוסם סחר שותפות מוגבלת,,,יח`,3.75,ארגז,false,1,22.90,6.11,false,1,
7613033548192,false,פיטנס - דגני בוקר שוקולד מריר 375 גרם,קבוצת אוסם סחר שותפות מוגבלת,,,יח`,3.75,ארגז,false,1,22.90,6.11,false,1,
7613035809857,false,פרפקטו רוטב עגבניות לפסטה ולבישול אסם 400 גרם,קבוצת אוסם סחר שותפות מוגבלת,,,יח`,4,ארגז,false,1,12.90,3.23,false,1,
7613036520492,false,פרפקטו רוטב עגבניות לפיצה אסם 400 גרם,קבוצת אוסם סחר-שות.מוגבלת,,,יח`,4,ארגז,false,1,12.90,3.23,false,1,
7613037012200,false,גרבר מחית תפו`ע מנגו וגזר פאוץ 90 גר`,קבוצת אוסם סחר שותפות מוגבלת,,,יח`,1.30,ארגז,false,1,6.90,5.31,false,1,
7613037686906,false,פיטנס - דגני בוקר שקדים ודבש 355 גרם,קבוצת אוסם סחר שותפות מוגבלת,,,יח`,3.55,ארגז,false,1,22.90,6.45,false,1,
7613039879382,false,מחית תפוח עץ 190 גר` גרבר כשר לפסח,קבוצת אוסם סחר שותפות מוגבלת,,,יח`,1.90,ארגז,false,1,6.90,3.63,false,1,
7613287476678,false,דגני בוקר סינימיניס צ'ורוס נסטלה 360 ג',קבוצת אוסם סחר שותפות מוגבלת,,,יח`,3.60,ארגז,false,1,26.90,7.47,false,1,
7622010001858,false,עוגיות אוראו ממולאות קרם וניל 176 גרם.,דיפלומט מפיצים (1968) בעמ**,,,יח`,1.76,ארגז,false,1,10.90,6.19,false,1,
7622201050757,false,מילקה שוקולד חלב במילוי קרם קרמל 100 ג,דיפלומט מפיצים (1968) בעמ**,,,יח`,1,,false,23,7.90,7.90,false,1,
7622201139278,false,גבינת פילדלפיה שמנת 150 גר`% (27 שומן),מיודלז אספניה פרודוק,,,יח`,1.50,ארגז,false,1,15.90,10.60,false,1,
7622201401900,false,עוגיות מילקה סנסיישן אוראו 156 גרם,דיפלומט מפיצים (1968) בעמ**,,,יח`,2,ארגז,false,16,10,5,false,1,
7622201798154,false,גבינת שמנת לייט מופחתת שומן 13% שומן,מיודלז אספניה פרודוק,,,יח`,1.50,ארגז,false,1,15.90,10.60,false,1,
7622201801809,false,מילקה שוקולד חלב עם אגוזים 100 גרם חדש,מנדלז דויצ'\לנד סנקס פרו,,,יח`,1,יח`,false,22,7.90,7.90,false,1,
7622201802363,false,מילקה טבלת שוקולד חלב וצימוקים ואגוזים 100ג',דיפלומט מפיצים (1968) בעמ**,,,יח`,1,,false,22,7.90,7.90,false,1,
7622201802394,false,שוקולד מילקה חלב מסרונים 100 גרם,מנדלז דויצ'\לנד סנקס פרו,,,יח`,1,,false,24,7.90,7.90,false,1,
7622201813390,false,וופל במילוי קרם קקאו בציפוי שוקולד חלב,דיפלומט מפיצים (1968) בעמ**,,,יח`,2,ארגז,false,14,10,5,false,1,
7622210163899,false,שוקולד חלב במילוי סוכריות עדשים,דיפלומט מפיצים (1968) בעמ**,,,יח`,1,,false,22,7.90,7.90,false,1,
7622210637994,false,מיני עוגיות אוראו קראנצ'י בייטס אורגינל,דיפלומט מפיצים (1968) בעמ**,,,יח`,1.10,ארגז,false,1,7.90,7.18,false,1,
7622210826053,false,מילקה שוקולד אוראו סנדוויץ 100 גרם,דיפלומט מפיצים (1968) בעמ**,,,יח`,1,,false,22,7.90,7.90,false,1,
7622300489427,false,עוגיות אוראו בציפוי בטעם שוקולד לבן 246 גרם,דיפלומט מפיצים (1968) בעמ**,,,יח`,0.2460,ארגז,false,10,19.90,80.89,false,1,
7622300489434,false,"עוגיות אוראו פאדג' בציפוי שוקולד חלב, 246 גרם",דיפלומט מפיצים (1968) בעמ**,,,יח`,0.2460,ארגז,false,10,19.90,80.89,false,1,
7622300495046,false,מילקה שוקולד חלב עם אקסטרה קקאו 100 גרם,מנדלז דויצ'\לנד סנקס פרו,,,יח`,1,,false,23,7.90,7.90,false,1,
7622300617820,false,מילקה שוקולד חלב במילוי קרם חלב ווניל ושבבי עוגיות אוראו 100 גרם,מנדלז דויצ'\לנד סנקס פרו,,,יח`,1,,false,22,7.90,7.90,false,1,
7702174066631,false,לקקן יוגטה פין פופ במילוי מסטיק 170 גר,קומסטיבלס לה רוזה אס.איי,,,יח`,1.80,ארגז,false,20,10.90,6.06,false,1,
7702174068833,false,יוגטה סוכריות קשות על מקל ממולאות טופי בטעמי גלידת פירות 12 יח' 204 גרם,הדקלאים אגודת שיתופי,,,יח`,2.16,ארגז,false,1,10.90,5.05,false,1,
7798164800019,false,אוכמניות ברי בקופסא,ביכורי השדה הצפון בעמ` 1964,,,יח`,1,,false,1,17.90,17.90,false,1,
8000070053465,false,קפסולות לוואצה למכונת אספרסו חוזק 8,לאוג'י לוואצה אס.פי.אי,,,יח`,7,ארגז,false,1,19.90,2.84,false,1,
8000070053472,false,לוואצה קרמה גוסטו קלאסיקו מס' 12 קפסולות לקפה 55 גרם,לאוג'י לוואצה אס.פי.אי,,,יח`,7,ארגז,false,1,19.90,2.84,false,1,
8000070053526,false,קפסולות לוואצה למכונת אספרסו חוזק 10,לאוג'י לוואצה אס.פי.אי,,,יח`,7,ארגז,false,1,19.90,2.84,false,1,
8000070055254,false,לוואצה קרמה גוסטו פורטה מס' 13 קפסולות לקפה 55 גרם,ליימן שליסל בע`מ,,,יח`,7,ארגז,false,1,19.90,2.84,false,1,
8000380003723,false,וופלים גרנד פטיסרי במילוי קרם אגוזים 100,קריניציה ויטמינה אס,,,יח`,1,ארגז,false,18,13.90,13.90,false,1,
8000380004911,false,קוביות וופל קואדרטיני Quadratini קרם אגוזים,קריניציה ויטמינה אס,,,יח`,2.50,ארגז,false,18,15.90,6.36,false,1,
8000380004966,false,וופל קוארדטיני לואקר קוביות שוקולד 250ג',קריניציה ויטמינה אס,,,יח`,2.50,ארגז,false,1,15.90,6.36,false,1,
8000380007219,false,וופל לואקר ממולא קרם אגוזים 175 גרם,ליימן שליסל בע`מ,,,יח`,1.75,ארגז,false,18,12.70,7.26,false,1,
8000380007257,false,וופל גרדנה במילוי קרם אגוזים מצופה,קריניציה ויטמינה אס,,,יח`,2,ארגז,false,10,15.10,7.55,false,1,
8000380007264,false,וופל לואקר ממולא קרם קקאו 175 גרם,קריניציה ויטמינה אס,,,יח`,1.75,ארגז,false,18,10.90,6.23,false,1,
8000380007271,false,וופל במילוי קרם חלב לואקר (175 גרם),ליימן שליסל בע`מ,,,יח`,1.75,ארגז,false,1,10.90,6.23,false,1,
8000380144044,false,גרדנה וופל מצופה שוקולד חלב לואקר 200 גרם,ליימן שליסל בע`מ,,,יח`,2,ארגז,false,10,14.90,7.45,false,1,
8000380181032,false,"לואקר גרדנה חטיפי אצבעות אגוזים ושוקולד לבן, 125 גרם",ליימן שליסל בע`מ,,,יח`,1.25,ארגז,false,1,15.90,12.72,false,1,
8000380201396,false,שוקולד חלב ממולא קרם קרמל ועלי וופל פריכ,ליימן שליסל בע`מ,,,יח`,1.25,ארגז,false,24,16.90,13.52,false,1,
8000380205400,false,וופלים קואדרטיני חמאת בוטנים לואקר 250 גרם,ליימן שליסל בע`מ,,,יח`,2.50,ארגז,false,18,15.90,6.36,false,1,
8000500026731,false,ביצי שוקולד קינדר מארז 3 יח סופרייז,פרימיום-חברה לדברי מתיקה ולמסח,,,יח`,0.60,ארגז,false,1,16,26.67,false,1,
8000500071083,false,אצבעות שוקולד קינדר Kinder שש עשרה יחידות,פרימיום-חברה לדברי מתיקה ולמסח,,,יח`,2,ארגז,false,1,14.90,7.45,false,1,
8000500121436,false,מארז קינדר בואנו Kinder Bueno לבן שלוש יחידות,פרימיום חברה לדברי מתיקה ולמסח,,,יח`,1.29,ארגז,false,1,11.90,9.22,false,1,
8000500167656,false,קינדר שוקולד עם דגנים סיריאל 94 ג',פרימיום חברה לדברי מתיקה ולמסח,,,יח`,0,ארגז,false,1,9,9,false,1,
8000500249352,false,קינדר בואנו מיני מיקס שקית 205 ג',פרימיום-חברה לדברי מתיקה ולמסח,,,יח`,0,ארגז,false,1,19.90,19.90,false,1,
8000500386941,false,נוטלה ממרח קקאו עם אגוזי לוז 900 גר`,פרימיום חברה לדברי מתיקה ולמסח,,,יח`,10,ארגז,false,1,30.90,3.09,false,1,
8001090364319,false,טייד קפסולות כביסה אפקט פיירי 37 יחידות,דיפלומט מפיצים (1986) בע`מ,,,יח`,1,יח`,false,1,54.90,54.90,false,1,
8001090721099,false,טבליות ג'ל לכביסה 3 ב-1 בניחוח אביב הרים,דיפלומט מפיצים (1986) בע`מ,,,יח`,1,ארגז,false,1,36.90,36.90,false,1,
8001090832450,false,"שמפו פנטן הנוסחה הקלאסית 660 מ""ל",דיפלומט מפיצים (1986) בע`מ,,,יח`,6.60,"ל-100 מ""ל",false,6,18.90,2.86,false,1,
8001090832818,false,מרכך פנטן הנוסחה הקלאסית לשיער רגיל ומעורב,דיפלומט מפיצים (1986) בע`מ,,,יח`,6.60,"ל-100 מ""ל",false,6,18.90,2.86,false,1,
8001090832931,false,"פנטן 660 מ""ל קונדישינר למגע רך כמשי",דיפלומט מפיצים (1986) בע`מ,,,יח`,6.60,"ל-100 מ""ל",false,6,18.90,2.86,false,1,
8001090833167,false,גל כביסה אריאל בניחוח הרים 2.365 ליטר,דיפלומט מפיצים (1986) בע`מ,,,יח`,2.3650,"ל-100 מ""ל",false,4,36.90,15.60,false,1,
8001160000888,false,"גטורייד משקה ספורט תפוז 500 מ""ל",אקווה מינרלה סאן בנדטו,,,יח`,5,"ל-100 מ""ל",false,1,10.90,2.12,false,1,
8001160001786,false,"משקה אנרגיה גטורייד ספורט כחול 500מ""ל",אקווה מינרלה סאן בנדטו,,,יח`,5,"ל-100 מ""ל",false,1,10.90,2.12,false,1,
8001780499307,false,דובדבני אמרנה בסירופ 230 גרם,רסטרטו יבוא ושיווק בעמ,,,יח`,1,יח`,false,1,26.90,26.90,false,1,
8001841625461,false,סבון כלים פלטינום X3 פעולות להסרת שומנים,דיפלומט מפיצים (1986) בע`מ,,,יח`,5.15,"ל-100 מ""ל",false,1,12.50,2.43,false,1,
8001841941929,false,אולוויז וליו פק לילה בטוח אקסטרא 16 יחידות,דיפלומט מפיצים (1986) בע`מ,,,יח`,0,ארגז,false,1,22.90,22.90,false,1,
8004030022010,false,ירקות גינה עם טונה ריו מרה אינסלטיסימי 160 ג',"בולטון אלימנטרי בע""\מ",,,יח`,1.60,ארגז,false,1,16.90,10.56,false,1,
8004030026018,false,"מקסיקני עם טונה ריו מרה אינסלטיסימי, 160 ג'","בולטון אלימנטרי בע""\מ",,,יח`,1.60,ארגז,false,1,16.90,10.56,false,1,
8004030344938,false,"ריו מרה טונה בשמן זית 3X80 גרם מתכון חדש כשל""פ","בולטון אלימנטרי בע""\מ",,,יח`,2.40,ארגז,false,1,26.90,11.21,false,1,
8005110002243,false,רכז עגבניות Doppio Concentr בשפופרת 185 ג' MUTTI,רסטרטו יבוא ושיווק בעמ*אין החז,,,יח`,1.85,ארגז,false,1,8.50,4.59,false,1,
8005110060106,false,מארז זוג עגבניות מקולפות 400*2 גרם MUTTI,רסטרטו יבוא ושיווק בעמ,,,יח`,8,ארגז,false,1,13.90,1.74,false,1,
8006540620403,false,"טייד אבקת כביסה אפקט פיירי 7 ק""ג",דיפלומט מפיצים (1986) בע`מ,,,יח`,1,יח`,false,1,54.90,54.90,false,1,
8032880800243,false,פיקניק הפתעה - אגוזי לוז ומקלות אפויים,"הוסטה איטליה, ס.ר.ל.",,,יח`,0.50,ארגז,false,24,7.90,15.80,false,1,
8076800195033,false,ברילה - צ.א ספגטיני מס3 חדש 500 גרם,ברילה גי.אי.אר פרטלי ס.פ,,,יח`,5,ארגז,false,1,7.90,1.58,false,1,
8076800195057,false,ברילה - צ.א ספגטי מס5 חדש 500 גרם,ברילה גי.אי.אר פרטלי ס.פ,,,יח`,5,ארגז,false,1,7.90,1.58,false,1,
8076802085738,false,ברילה - צ.ק פנה רגטה חדש 500 גרם,ברילה גי.אי.אר פרטלי ס.פ,,,יח`,5,ארגז,false,1,7.90,1.58,false,1,
8076802085936,false,ברילה פסטה צ.ק. קונצילה ריגטה חדש,ברילה גי.אי.אר פרטלי ס.פ,,,יח`,5,ארגז,false,1,7.90,1.58,false,1,
8076802085981,false,ברילה - צ.ק פוזילי חדש 500 גרם,ברילה גי.אי.אר פרטלי ס.פ,,,יח`,5,ארגז,false,1,7.90,1.58,false,1,
8076808060654,false,פסטה פרפלה מספר 65 ברילה 500 גרם,ברילה גי.אי.אר פרטלי ס.פ,,,יח`,5,ארגז,false,1,7.90,1.58,false,1,
8076808150072,false,ברילה - צ.א ספגטוני מס7 חדש 500 גרם,ברילה גי.אי.אר פרטלי ס.פ,,,יח`,5,ארגז,false,1,7.90,1.58,false,1,
8076809513395,false,ברילה פומודורו רוטב עגבניות קלאסי 400 גר,ברילה גי.אי.אר פרטלי ס.פ,,,יח`,4,ארגז,false,1,16.90,4.23,false,1,
8076809513739,false,ברילה רוטב עגבניות עם בזיליקום 400 גרם,ברילה גי.אי.אר פרטלי ס.פ,,,יח`,4,ארגז,false,1,16.90,4.23,false,1,
8076809523738,false,דפי לזניה ברילה 500 גרם,ברילה גי.אי.אר פרטלי ס.פ,,,יח`,5,יח`,false,1,24.90,4.98,false,1,
8076809529433,false,פסטה פנה ריגטה חיטה מלאה ברילה (500 גרם),"ש. שסטוביץ בע""\מ",,,יח`,5,ארגז,false,1,14.90,2.98,false,1,
8076809545457,false,ברילה אטריות ללא גלוטן 400 ג' צינורות 400 ג',ברילה ג'.אי.אר פרטלי,,,יח`,4,ארגז,false,1,14.90,3.73,false,1,
8076809547956,false,פסטה ברילה קיפרי 500 גרם,ברילה ג'.אי.אר פרטלי,,,יח`,5,ארגז,false,1,7.90,1.58,false,1,
8410104045111,false,"פיניש מלח למדיח כלים 2ק""ג",רקיט בנקיזר (ניר איסט) בעמ,,,יח`,0,ארגז,false,1,14.90,14.90,false,1,
8423207206488,false,סלים דליס חטיף דגנים מצופה שוקולד חלב מרבה 6*20 גרם,אף.סי תבליני בגליל ב,,,יח`,1.20,ארגז,false,1,10,8.33,false,1,
8423207206495,false,סלים דליס חטיף דגנים מצופה שוקולד מריר מרבה 6*20 גרם,אף.סי תבליני בגליל ב,,,יח`,1.20,ארגז,false,1,10,8.33,false,1,
8423207207362,false,חטיפי סלים דליס שוקולד לבן מרבה 6 יחידות,ביסנצ'ורי אס.אל.יו,,,יח`,1.20,ארגז,false,1,11.90,9.92,false,1,
8423207208680,false,חטיף דגנים שוקולד סלים דליס לילדים מרבה 6 יחידות,ביסנצ'ורי אס.אל.יו,,,יח`,1.10,ארגז,false,1,10,9.09,false,1,
8423207208697,false,חטיפי סלים דליס לילדים שוקולד לבן מרבה 6 יחידות,ביסנצ'ורי אס.אל.יו,,,יח`,1.10,ארגז,false,1,11.90,10.82,false,1,
8423207209885,false,מרבה חטיפי סלים דליס מהדורה מיוחדת שוקולד חלב,סלים דליס Slim Delis,,,יח`,1.10,ארגז,false,1,10,9.09,false,1,
8423207210287,false,חטיפי סלים דליס שוקולד לבן יוגורט 6 יחידות,סלים דליס Slim Delis,,,יח`,1.20,ארגז,false,1,10,8.33,false,1,
8423207210928,false,חטיף דגנים מצופה שוקולד חלב ואגוזי לוז - 5 במארז,נוטרישן אנד סנטה קוב,,,יח`,1.10,ארגז,false,1,11.90,10.82,false,1,
8436575292205,false,ארטיק חמשושים מאגדת 15*12 גר',נגה גלידות שותפות מוגבלת,,,יח`,1.80,ארגז,false,1,24.90,13.83,false,1,
8683130012666,false,שלגון מגנום דאבל לבן עוגיות 72 גרם,"מיוצר ע""\י יונילוור סנאי",,,יח`,1,ארגז,false,1,12.90,12.90,false,1,
8683130025574,false,"מרכך כביסה מרוכז אקסטרה לבנדר בדין 960 מ""ל",יוניליוור ישראל שיווק בע`מ,,,יח`,9.60,"ל-100 מ""ל",false,1,15.90,1.66,false,1,
8690120060170,false,וופל נאמבר 1 שוקולד חלב 35 גרם,רויאל קנדיס בעמ,,,יח`,3.50,ארגז,false,1,2.90,0.83,false,1,
8690120060408,false,וופל נאמבר 1 שוקולד אגוזים 35 גרם,רויאל קנדיס בעמ,,,יח`,3.50,ארגז,false,1,2.90,0.83,false,1,
8690120139968,false,וופל נאמבר 1 שוקולד מריר 35 גרם,רויאל קנדיס בעמ,,,יח`,3.50,ארגז,false,1,2.90,0.83,false,1,
8690120160177,false,וופל נאמבר 1 שוקולד חלב 24*35,רויאל קנדיס בעמ,,,יח`,3.50,ארגז,false,1,34.90,9.97,false,1,
8690120160405,false,וופל נאמבר 1 שוקולד אגוזים 24*35,רויאל קנדיס בעמ,,,יח`,3.50,ארגז,false,1,34.90,9.97,false,1,
8690120566139,false,וופל נאמבר 1 שוקולד מריר 24*35,רויאל קנדיס בעמ,,,יח`,3.50,ארגז,false,1,34.90,9.97,false,1,
8690637007705,false,מסטיגם וניל מסטיק על מקל ללא סוכר,"מיוצר ע""י יוניליוור",,,יח`,0.80,ארגז,false,1,5.90,7.38,false,1,
8690637976995,false,"מרכך כביסה מרוכז אקסטרה ורוד סחלבים פראי בדין 960 מ""ל","יוניליוור ישראל שיווק בע""מ",,,יח`,96,"ל-100 מ""ל",false,1,17.90,0.19,false,1,
8690637989629,false,מגנום דאבל דולצ'ה גולד בטעם וניל עם ריפל בטעם שוקולד 246 גרם,יונילוור סנאיי וי טיג'\,,,יח`,1,ארגז,false,1,12.90,12.90,false,1,
8690637997914,false,גלידת מגנום וניל שקדים בכוס אישית 76 גרם,יונילוור סנאיי וי טיג'\,,,יח`,1,ארגז,false,1,8.90,8.90,false,1,
8690637997921,false,גלידת שמנת וניל קלאסיק בכוס אישית 63 גרם,יונילוור סנאיי וי טיג'\,,,יח`,1,ארגז,false,1,9.90,9.90,false,1,
8690766156381,false,גודייבה שוקולד מריר 90% מוצקי קקאו 90 גרם,תה ויסוצקי (ישראל) בעמ,,,יח`,0.90,ארגז,false,1,15.90,17.67,false,1,
8690777204071,false,פלפלים כבושים חריפים סרה 320 גרם,ג. וילי-פוד אינטרנשיונל בע`מ,,,יח`,6.40,ארגז,false,1,10,1.56,false,1,
8697530910750,false,סיגריות פאל מאל כחול ארוך האוס,גלוברנדס בעמ - שיווק סיגריות,,,יח`,1,,false,1,30,30,false,1,
8697530910767,false,פאל מאל כחול מנטול קופסה,גלוברנדס גרופ בעמ,,,יח`,1,,false,1,31,31,false,1,
8711327475717,false,מגנום פיינט וניל שקדים 260 גרם,"מפעל גלידות בווספרם, רחו",,,יח`,2.60,ארגז,false,1,23.90,9.19,false,1,
8715700117805,false,"קטשופ היינץ מתבל עגבניות ללא תוספת סוכר ומלח 425 מ""ל",דיפלומט מפיצים (1968) בעמ**,,,יח`,4.25,ארגז,false,1,11.90,2.80,false,1,
8715700118925,false,היינץ מתבל עגבניות חריף 460 גר`,דיפלומט מפיצים (1968) בע`מ,,,יח`,1,,false,1,12.90,12.90,false,1,
8715700419732,false,מתבל עגבניות היינץ (700 גרם),דיפלומט מפיצים (1968) בעמ**,,,יח`,7,ארגז,false,10,13.90,1.99,false,1,
8717677336593,false,טוניס שוקולד חלב 180 גרם רבנות - נוכרי,טוניס/שוקולונלי,,,יח`,1.80,ארגז,false,1,18.90,10.50,false,1,
8717677336661,false,טוניס שוקולד מריר מעולה 70% 180 גרם רבנות - נוכרי,ליימן שליסל בע`מ,,,יח`,1.80,ארגז,false,1,18.90,10.50,false,1,
8717677338436,false,שוקולד חלב עם אגוזי לוז טוניס' שוקולונלי 180 גרם,טוניס/שוקולונלי,,,יח`,1.80,ארגז,false,1,18.90,10.50,false,1,
8718951166561,false,משחת שיניים לרעננות מוגברת max fresh cooling crystals,הנסיך- מפעל לייצור ט,,,יח`,1.25,"ל-100 מ""ל",false,1,18.90,15.12,false,1,
8718951236806,false,"קולגייט טוטאל הלבנה משחת שיניים המסייעת בהסרת כתמים 100 מ""ל",ש. שסטוביץ בע`מ,,,יח`,1,ארגז,false,1,16.90,16.90,false,1,
8719200998018,false,מחמאה מרגרינה בטעם חמאה בלובנד 200 גרם,"מיוצר ע""\י יוניליוור ישר",,,יח`,2,ארגז,false,1,4.90,2.45,false,1,
8719200998032,false,"מרגרינה מזולה גלורי טעם חמאה 250גר 8 יחידות - כשל""פ","מיוצר ע""\י יוניליוור ישר",,,יח`,2.50,ארגז,false,1,10.90,4.36,false,1,
8801055709427,false,נס קפה טייסטרס צ'ויס אלטה ריקה 100גרם,קבוצת אוסם סחר שותפות מוגבלת,,,יח`,1,,false,1,26.90,26.90,false,1,
8850389103128,false,"משקה קל סאפה בטעם תפוח 300 מ""ל",פארייפאבה אגרואינדוס,,,יח`,3,"ל-100 מ""ל",false,24,10.90,3.53,false,1,
8850389104637,false,"משקה קל סאפה אלוורה אפרסק 300 מ""ל",פארייפאבה אגרואינדוס,,,יח`,3,"ל-100 מ""ל",false,24,10.90,3.53,false,1,
8900052762005,false,מכשיר לבישול ואפייה,ד.ש.ש אלקטרוניקה בעמ`,,,יח`,1,יח`,false,1,199,199,false,1,
8901537024014,false,"אורז בסמטי מובחר 1 ק""ג - דוואט) יורה דיעה",ג. וילי-פוד אינטרנשיונל בע`מ,,,יח`,10,ארגז,false,1,13.90,1.39,false,1,
8992741905718,false,גומי בקבוק קולה ענק,עולם הממתקים שיווק,,,יח`,1,יח`,false,1,5,5,false,1,
9001148803103,false,שיני שום קלופות 170,ביכורי השדה הצפון בעמ` 1964,,,יח`,1,,false,1,9.90,9.90,false,1,
9771565051066,false,עיתון ידיעות אחרונות,ידיעות אחרונות בעמ,,,יח`,1,,false,1,18,18,false,1,
72901108071952,true,חנוכייה מעוצבת חגיגית,ד.ג.ש ייבוא ושיווק בעמ,,,יח`,1,,false,1,59.90,59.90,false,1,
80010903641319,true,טייד קפסולות פיירי 37 יח`,דיפלומט מפיצים (1986) בע`מ,,,יח`,1,יח`,false,1,54.90,54.90,false,1,
